{"id":"gen9ou-1996702005","p1":"illinoids","p2":"PeterGriffinOnline","format":"[Gen 9] OU","log":"|j|\u2606illinoids\n|j|\u2606PeterGriffinOnline\n|t:|1700711698\n|gametype|singles\n|player|p1|illinoids|cheryl|1244\n|player|p2|PeterGriffinOnline|crasherwake|1223\n|teamsize|p1|6\n|teamsize|p2|6\n|gen|9\n|tier|[Gen 9] OU\n|rated|\n|rule|Sleep Clause Mod: Limit one foe put to sleep\n|rule|Species Clause: Limit one of each Pok\u00e9mon\n|rule|OHKO Clause: OHKO moves are banned\n|rule|Evasion Items Clause: Evasion items are banned\n|rule|Evasion Moves Clause: Evasion moves are banned\n|rule|Endless Battle Clause: Forcing endless battles is banned\n|rule|HP Percentage Mod: HP is shown in percentages\n|clearpoke\n|poke|p1|Flamigo, M|\n|poke|p1|Garganacl, F|\n|poke|p1|Great Tusk|\n|poke|p1|Heatran, M|\n|poke|p1|Zapdos|\n|poke|p1|Walking Wake|\n|poke|p2|Kingambit, M|\n|poke|p2|Cinderace, F|\n|poke|p2|Slowking-Galar, F|\n|poke|p2|Greninja-*, M|\n|poke|p2|Ribombee, M|\n|poke|p2|Garchomp, M|\n|teampreview\n|inactive|Battle timer is ON: inactive players will automatically lose when time's up. (requested by illinoids)\n|\n|t:|1700711712\n|start\n|switch|p1a: Flamigo|Flamigo, M|100\/100\n|switch|p2a: Ribombee|Ribombee, M|100\/100\n|turn|1\n|\n|t:|1700711724\n|switch|p1a: Heatran|Heatran, M|100\/100\n|move|p2a: Ribombee|Stun Spore|p1a: Heatran|[miss]\n|-miss|p2a: Ribombee|p1a: Heatran\n|\n|upkeep\n|turn|2\n|\n|t:|1700711737\n|move|p2a: Ribombee|Skill Swap|p1a: Heatran\n|-activate|p2a: Ribombee|move: Skill Swap|Flame Body|Shield Dust|[of] p1a: Heatran\n|move|p1a: Heatran|Magma Storm|p2a: Ribombee\n|-supereffective|p2a: Ribombee\n|-enditem|p2a: Ribombee|Focus Sash\n|-damage|p2a: Ribombee|1\/100\n|-activate|p2a: Ribombee|move: Magma Storm|[of] p1a: Heatran\n|\n|-damage|p2a: Ribombee|0 fnt|[from] move: Magma Storm|[partiallytrapped]\n|faint|p2a: Ribombee\n|upkeep\n|\n|t:|1700711745\n|switch|p2a: Greninja|Greninja, M|100\/100\n|turn|3\n|inactive|illinoids has 120 seconds left.\n|inactive|illinoids has 90 seconds left.\n|\n|t:|1700711826\n|move|p2a: Greninja|Surf|p1a: Heatran\n|-supereffective|p1a: Heatran\n|-damage|p1a: Heatran|31\/100\n|-damage|p2a: Greninja|91\/100|[from] item: Life Orb\n|move|p1a: Heatran|Stealth Rock|p2a: Greninja\n|-sidestart|p2: PeterGriffinOnline|move: Stealth Rock\n|\n|-heal|p1a: Heatran|38\/100|[from] item: Leftovers\n|upkeep\n|turn|4\n|\n|t:|1700711835\n|switch|p1a: Walking Wake|Walking Wake|100\/100\n|move|p2a: Greninja|Ice Beam|p1a: Walking Wake\n|-damage|p1a: Walking Wake|58\/100\n|-damage|p2a: Greninja|81\/100|[from] item: Life Orb\n|\n|upkeep\n|turn|5\n|\n|t:|1700711843\n|move|p2a: Greninja|Dark Pulse|p1a: Walking Wake\n|-damage|p1a: Walking Wake|4\/100\n|-damage|p2a: Greninja|71\/100|[from] item: Life Orb\n|cant|p1a: Walking Wake|flinch\n|\n|upkeep\n|turn|6\n|\n|t:|1700711852\n|move|p2a: Greninja|Dark Pulse|p1a: Walking Wake\n|-damage|p1a: Walking Wake|0 fnt\n|faint|p1a: Walking Wake\n|-end|p1a: Walking Wake|Protosynthesis|[silent]\n|-ability|p2a: Greninja|Battle Bond|boost\n|-boost|p2a: Greninja|atk|1\n|-boost|p2a: Greninja|spa|1\n|-boost|p2a: Greninja|spe|1\n|-activate|p2a: Greninja|ability: Battle Bond\n|-damage|p2a: Greninja|61\/100|[from] item: Life Orb\n|\n|upkeep\n|\n|t:|1700711854\n|switch|p1a: Flamigo|Flamigo, M|100\/100\n|turn|7\n|inactive|illinoids has 90 seconds left.\n|\n|t:|1700711871\n|move|p2a: Greninja|Surf|p1a: Flamigo\n|-damage|p1a: Flamigo|0 fnt\n|faint|p1a: Flamigo\n|-damage|p2a: Greninja|51\/100|[from] item: Life Orb\n|\n|upkeep\n|\n|t:|1700711892\n|switch|p1a: Garganacl|Garganacl, F|100\/100\n|turn|8\n|\n|t:|1700711911\n|-terastallize|p1a: Garganacl|Fairy\n|move|p2a: Greninja|Grass Knot|p1a: Garganacl\n|-damage|p1a: Garganacl|52\/100\n|-damage|p2a: Greninja|42\/100|[from] item: Life Orb\n|move|p1a: Garganacl|Body Press|p2a: Greninja\n|-supereffective|p2a: Greninja\n|-damage|p2a: Greninja|0 fnt\n|faint|p2a: Greninja\n|\n|-heal|p1a: Garganacl|58\/100|[from] item: Leftovers\n|upkeep\n|\n|t:|1700711939\n|switch|p2a: Garchomp|Garchomp, M|100\/100\n|-damage|p2a: Garchomp|94\/100|[from] Stealth Rock\n|turn|9\n|\n|t:|1700711949\n|-terastallize|p2a: Garchomp|Fire\n|move|p2a: Garchomp|Fire Blast|p1a: Garganacl\n|-damage|p1a: Garganacl|21\/100\n|-damage|p2a: Garchomp|85\/100|[from] item: Life Orb\n|move|p1a: Garganacl|Iron Defense|p1a: Garganacl\n|-boost|p1a: Garganacl|def|2\n|\n|-heal|p1a: Garganacl|27\/100|[from] item: Leftovers\n|upkeep\n|turn|10\n|\n|t:|1700711959\n|move|p2a: Garchomp|Fire Blast|p1a: Garganacl\n|-damage|p1a: Garganacl|0 fnt\n|faint|p1a: Garganacl\n|-damage|p2a: Garchomp|75\/100|[from] item: Life Orb\n|\n|upkeep\n|\n|t:|1700711970\n|switch|p1a: Great Tusk|Great Tusk|100\/100\n|turn|11\n|\n|t:|1700711973\n|move|p2a: Garchomp|Draco Meteor|p1a: Great Tusk\n|-damage|p1a: Great Tusk|14\/100\n|-unboost|p2a: Garchomp|spa|2\n|-damage|p2a: Garchomp|65\/100|[from] item: Life Orb\n|move|p1a: Great Tusk|Headlong Rush|p2a: Garchomp\n|-supereffective|p2a: Garchomp\n|-damage|p2a: Garchomp|0 fnt\n|-unboost|p1a: Great Tusk|def|1\n|-unboost|p1a: Great Tusk|spd|1\n|-damage|p1a: Great Tusk|1\/100|[from] ability: Rough Skin|[of] p2a: Garchomp\n|faint|p2a: Garchomp\n|\n|-heal|p1a: Great Tusk|8\/100|[from] item: Leftovers\n|upkeep\n|\n|t:|1700711978\n|switch|p2a: Cinderace|Cinderace, F|100\/100\n|turn|12\n|inactive|illinoids has 90 seconds left.\n|\n|t:|1700711984\n|move|p2a: Cinderace|Will-O-Wisp|p1a: Great Tusk\n|-status|p1a: Great Tusk|brn\n|move|p1a: Great Tusk|Rapid Spin|p2a: Cinderace\n|-damage|p2a: Cinderace|92\/100\n|-boost|p1a: Great Tusk|spe|1\n|\n|-heal|p1a: Great Tusk|14\/100 brn|[from] item: Leftovers\n|-damage|p1a: Great Tusk|8\/100 brn|[from] brn\n|upkeep\n|turn|13\n|\n|t:|1700711991\n|move|p1a: Great Tusk|Headlong Rush|p2a: Cinderace\n|-supereffective|p2a: Cinderace\n|-damage|p2a: Cinderace|33\/100\n|-unboost|p1a: Great Tusk|def|1\n|-unboost|p1a: Great Tusk|spd|1\n|move|p2a: Cinderace|Pyro Ball|p1a: Great Tusk\n|-damage|p1a: Great Tusk|0 fnt\n|faint|p1a: Great Tusk\n|-end|p1a: Great Tusk|Protosynthesis|[silent]\n|\n|upkeep\n|\n|t:|1700711998\n|switch|p1a: Zapdos|Zapdos|100\/100\n|turn|14\n|\n|t:|1700712004\n|move|p2a: Cinderace|Court Change|p2a: Cinderace\n|-swapsideconditions\n|-activate|p2a: Cinderace|move: Court Change\n|move|p1a: Zapdos|Thunder Wave|p2a: Cinderace\n|-status|p2a: Cinderace|par\n|\n|upkeep\n|turn|15\n|\n|t:|1700712008\n|move|p1a: Zapdos|Hurricane|p2a: Cinderace\n|-damage|p2a: Cinderace|0 fnt\n|faint|p2a: Cinderace\n|\n|upkeep\n|\n|t:|1700712011\n|switch|p2a: Slowking|Slowking-Galar, F|100\/100\n|turn|16\n|inactive|illinoids has 120 seconds left.\n|\n|t:|1700712022\n|move|p1a: Zapdos|Thunder Wave|p2a: Slowking|[miss]\n|-miss|p1a: Zapdos|p2a: Slowking\n|move|p2a: Slowking|Future Sight|p1a: Zapdos\n|-start|p2a: Slowking|move: Future Sight\n|\n|upkeep\n|turn|17\n|\n|t:|1700712032\n|move|p1a: Zapdos|Thunder Wave|p2a: Slowking\n|-status|p2a: Slowking|par\n|move|p2a: Slowking|Ice Beam|p1a: Zapdos\n|-supereffective|p1a: Zapdos\n|-damage|p1a: Zapdos|50\/100\n|\n|upkeep\n|turn|18\n|\n|t:|1700712037\n|move|p1a: Zapdos|Hurricane|p2a: Slowking\n|-damage|p2a: Slowking|80\/100 par\n|move|p2a: Slowking|Ice Beam|p1a: Zapdos\n|-supereffective|p1a: Zapdos\n|-damage|p1a: Zapdos|0 fnt\n|faint|p1a: Zapdos\n|\n|-hint|Future Sight did not hit because the target is fainted.\n|upkeep\n|-message|illinoids forfeited.\n|\n|win|PeterGriffinOnline\n|raw|illinoids's rating: 1244 &rarr; <strong>1217<\/strong><br \/>(-27 for losing)\n|raw|PeterGriffinOnline's rating: 1223 &rarr; <strong>1250<\/strong><br \/>(+27 for winning)\n|l|\u2606illinoids\n","uploadtime":1700712049,"views":2,"p1id":"illinoids","p2id":"petergriffinonline","formatid":"gen9ou","rating":1217,"private":0,"password":""}