{"id":"gen9ou-1991927995","p1":"jzhuc1841","p2":"Thibault56","format":"[Gen 9] OU","log":"|j|\u2606jzhuc1841\n|j|\u2606Thibault56\n|t:|1700139212\n|gametype|singles\n|player|p1|jzhuc1841|hilbert-wonderlauncher|1587\n|player|p2|Thibault56|102|1617\n|teamsize|p1|6\n|teamsize|p2|6\n|gen|9\n|tier|[Gen 9] OU\n|rated|\n|rule|Sleep Clause Mod: Limit one foe put to sleep\n|rule|Species Clause: Limit one of each Pok\u00e9mon\n|rule|OHKO Clause: OHKO moves are banned\n|rule|Evasion Items Clause: Evasion items are banned\n|rule|Evasion Moves Clause: Evasion moves are banned\n|rule|Endless Battle Clause: Forcing endless battles is banned\n|rule|HP Percentage Mod: HP is shown in percentages\n|clearpoke\n|poke|p1|Ogerpon-Wellspring, F|\n|poke|p1|Kingambit, M|\n|poke|p1|Iron Moth|\n|poke|p1|Iron Valiant|\n|poke|p1|Zamazenta-*|\n|poke|p1|Glimmora, F|\n|poke|p2|Cinderace, F|\n|poke|p2|Thundurus-Therian, M|\n|poke|p2|Sneasler, F|\n|poke|p2|Blissey, F|\n|poke|p2|Great Tusk|\n|poke|p2|Hatterene, F|\n|teampreview\n|inactive|Battle timer is ON: inactive players will automatically lose when time's up. (requested by Thibault56)\n|\n|t:|1700139220\n|start\n|switch|p1a: Glimmora|Glimmora, F|100\/100\n|switch|p2a: Thundurus|Thundurus-Therian, M|100\/100\n|-item|p1a: Glimmora|Air Balloon\n|turn|1\n|\n|t:|1700139228\n|move|p2a: Thundurus|Volt Switch|p1a: Glimmora\n|-damage|p1a: Glimmora|45\/100\n|-enditem|p1a: Glimmora|Air Balloon\n|\n|t:|1700139242\n|switch|p2a: Cinderace|Cinderace, F|100\/100|[from] Volt Switch\n|move|p1a: Glimmora|Sludge Wave|p2a: Cinderace\n|-damage|p2a: Cinderace|29\/100\n|\n|upkeep\n|turn|2\n|\n|t:|1700139249\n|move|p2a: Cinderace|High Jump Kick|p1a: Glimmora\n|-start|p2a: Cinderace|typechange|Fighting|[from] ability: Libero\n|-damage|p1a: Glimmora|0 fnt\n|-activate|p1a: Glimmora|ability: Toxic Debris\n|-sidestart|p2: Thibault56|move: Toxic Spikes\n|faint|p1a: Glimmora\n|\n|upkeep\n|\n|t:|1700139256\n|switch|p1a: Iron Moth|Iron Moth|100\/100\n|-enditem|p1a: Iron Moth|Booster Energy\n|-activate|p1a: Iron Moth|ability: Quark Drive|[fromitem]\n|-start|p1a: Iron Moth|quarkdrivespe\n|turn|3\n|\n|t:|1700139261\n|switch|p2a: Blissey|Blissey, F|100\/100\n|-status|p2a: Blissey|psn\n|move|p1a: Iron Moth|Fiery Dance|p2a: Blissey\n|-damage|p2a: Blissey|89\/100 psn\n|-boost|p1a: Iron Moth|spa|1\n|\n|-heal|p2a: Blissey|95\/100 psn|[from] item: Leftovers\n|-damage|p2a: Blissey|83\/100 psn|[from] psn\n|upkeep\n|turn|4\n|\n|t:|1700139270\n|move|p1a: Iron Moth|Substitute|p1a: Iron Moth\n|-start|p1a: Iron Moth|Substitute\n|-damage|p1a: Iron Moth|76\/100\n|move|p2a: Blissey|Seismic Toss|p1a: Iron Moth\n|-end|p1a: Iron Moth|Substitute\n|\n|-heal|p2a: Blissey|89\/100 psn|[from] item: Leftovers\n|-damage|p2a: Blissey|76\/100 psn|[from] psn\n|upkeep\n|turn|5\n|\n|t:|1700139278\n|move|p1a: Iron Moth|Fiery Dance|p2a: Blissey\n|-damage|p2a: Blissey|61\/100 psn\n|move|p2a: Blissey|Seismic Toss|p1a: Iron Moth\n|-damage|p1a: Iron Moth|43\/100\n|\n|-heal|p2a: Blissey|67\/100 psn|[from] item: Leftovers\n|-damage|p2a: Blissey|54\/100 psn|[from] psn\n|upkeep\n|turn|6\n|\n|t:|1700139286\n|move|p1a: Iron Moth|Fiery Dance|p2a: Blissey\n|-damage|p2a: Blissey|38\/100 psn\n|move|p2a: Blissey|Soft-Boiled|p2a: Blissey\n|-heal|p2a: Blissey|88\/100 psn\n|\n|-heal|p2a: Blissey|94\/100 psn|[from] item: Leftovers\n|-damage|p2a: Blissey|82\/100 psn|[from] psn\n|upkeep\n|turn|7\n|\n|t:|1700139294\n|move|p1a: Iron Moth|Fiery Dance|p2a: Blissey\n|-damage|p2a: Blissey|65\/100 psn\n|-boost|p1a: Iron Moth|spa|1\n|move|p2a: Blissey|Seismic Toss|p1a: Iron Moth\n|-damage|p1a: Iron Moth|9\/100\n|\n|-heal|p2a: Blissey|71\/100 psn|[from] item: Leftovers\n|-damage|p2a: Blissey|59\/100 psn|[from] psn\n|upkeep\n|turn|8\n|\n|t:|1700139303\n|move|p1a: Iron Moth|Sludge Wave|p2a: Blissey\n|-damage|p2a: Blissey|33\/100 psn\n|move|p2a: Blissey|Soft-Boiled|p2a: Blissey\n|-heal|p2a: Blissey|83\/100 psn\n|\n|-heal|p2a: Blissey|89\/100 psn|[from] item: Leftovers\n|-damage|p2a: Blissey|77\/100 psn|[from] psn\n|upkeep\n|turn|9\n|\n|t:|1700139307\n|move|p1a: Iron Moth|Fiery Dance|p2a: Blissey\n|-damage|p2a: Blissey|54\/100 psn\n|move|p2a: Blissey|Soft-Boiled|p2a: Blissey\n|-heal|p2a: Blissey|100\/100 psn\n|\n|-damage|p2a: Blissey|88\/100 psn|[from] psn\n|upkeep\n|turn|10\n|\n|t:|1700139314\n|move|p1a: Iron Moth|Fiery Dance|p2a: Blissey\n|-damage|p2a: Blissey|66\/100 psn\n|-boost|p1a: Iron Moth|spa|1\n|move|p2a: Blissey|Seismic Toss|p1a: Iron Moth\n|-damage|p1a: Iron Moth|0 fnt\n|faint|p1a: Iron Moth\n|-end|p1a: Iron Moth|Quark Drive|[silent]\n|\n|-heal|p2a: Blissey|72\/100 psn|[from] item: Leftovers\n|-damage|p2a: Blissey|59\/100 psn|[from] psn\n|upkeep\n|\n|t:|1700139320\n|switch|p1a: Zamazenta|Zamazenta|100\/100\n|-ability|p1a: Zamazenta|Dauntless Shield|boost\n|-boost|p1a: Zamazenta|def|1\n|turn|11\n|\n|t:|1700139335\n|-curestatus|p2a: Blissey|psn|[from] ability: Natural Cure\n|switch|p2a: Sneasler|Sneasler, F|100\/100\n|-sideend|p2: Thibault56|move: Toxic Spikes|[of] p2a: Sneasler\n|move|p1a: Zamazenta|Body Press|p2a: Sneasler\n|-resisted|p2a: Sneasler\n|-damage|p2a: Sneasler|43\/100\n|\n|upkeep\n|turn|12\n|\n|t:|1700139343\n|switch|p2a: Hatterene|Hatterene, F|100\/100\n|move|p1a: Zamazenta|Body Press|p2a: Hatterene\n|-resisted|p2a: Hatterene\n|-damage|p2a: Hatterene|88\/100\n|\n|-heal|p2a: Hatterene|94\/100|[from] item: Leftovers\n|upkeep\n|turn|13\n|\n|t:|1700139350\n|switch|p1a: Ogerpon|Ogerpon-Wellspring, F|100\/100\n|move|p2a: Hatterene|Mystical Fire|p1a: Ogerpon\n|-crit|p1a: Ogerpon\n|-damage|p1a: Ogerpon|61\/100\n|-unboost|p1a: Ogerpon|spa|1\n|\n|-heal|p2a: Hatterene|99\/100|[from] item: Leftovers\n|upkeep\n|turn|14\n|\n|t:|1700139367\n|switch|p2a: Blissey|Blissey, F|59\/100\n|-terastallize|p1a: Ogerpon|Water\n|detailschange|p1a: Ogerpon|Ogerpon-Wellspring-Tera, F, tera:Water\n|-ability|p1a: Ogerpon|Embody Aspect (Wellspring)|boost\n|-boost|p1a: Ogerpon|spd|1\n|move|p1a: Ogerpon|Trailblaze|p2a: Blissey\n|-crit|p2a: Blissey\n|-damage|p2a: Blissey|0 fnt\n|-boost|p1a: Ogerpon|spe|1\n|faint|p2a: Blissey\n|\n|upkeep\n|inactive|Thibault56 has 120 seconds left.\n|inactive|Thibault56 has 90 seconds left.\n|\n|t:|1700139417\n|switch|p2a: Thundurus|Thundurus-Therian, M|100\/100\n|turn|15\n|\n|t:|1700139420\n|move|p1a: Ogerpon|Ivy Cudgel|p2a: Thundurus|[anim] Ivy Cudgel Water\n|-crit|p2a: Thundurus\n|-damage|p2a: Thundurus|0 fnt\n|faint|p2a: Thundurus\n|\n|upkeep\n|inactive|Thibault56 has 90 seconds left.\n|\n|t:|1700139440\n|switch|p2a: Cinderace|Cinderace, F|29\/100\n|turn|16\n|\n|t:|1700139443\n|move|p2a: Cinderace|Sucker Punch|p1a: Ogerpon\n|-start|p2a: Cinderace|typechange|Dark|[from] ability: Libero\n|-damage|p1a: Ogerpon|15\/100\n|move|p1a: Ogerpon|Ivy Cudgel|p2a: Cinderace|[anim] Ivy Cudgel Water\n|-damage|p2a: Cinderace|0 fnt\n|faint|p2a: Cinderace\n|\n|upkeep\n|inactive|Thibault56 has 90 seconds left.\n|\n|t:|1700139470\n|switch|p2a: Hatterene|Hatterene, F|99\/100\n|turn|17\n|\n|t:|1700139473\n|move|p1a: Ogerpon|Ivy Cudgel|p2a: Hatterene|[anim] Ivy Cudgel Water\n|-crit|p2a: Hatterene\n|-damage|p2a: Hatterene|3\/100\n|move|p2a: Hatterene|Draining Kiss|p1a: Ogerpon\n|-damage|p1a: Ogerpon|0 fnt\n|-heal|p2a: Hatterene|13\/100|[from] drain|[of] p1a: Ogerpon\n|faint|p1a: Ogerpon\n|\n|-heal|p2a: Hatterene|19\/100|[from] item: Leftovers\n|upkeep\n|c|\u2606Thibault56|lo\n|\n|t:|1700139480\n|switch|p1a: Iron Valiant|Iron Valiant|100\/100\n|-enditem|p1a: Iron Valiant|Booster Energy\n|-activate|p1a: Iron Valiant|ability: Quark Drive|[fromitem]\n|-start|p1a: Iron Valiant|quarkdrivespe\n|turn|18\n|c|\u2606Thibault56|crit crit crit\n|\n|t:|1700139486\n|move|p1a: Iron Valiant|Moonblast|p2a: Hatterene\n|-damage|p2a: Hatterene|0 fnt\n|faint|p2a: Hatterene\n|\n|upkeep\n|l|\u2606Thibault56\n|inactive|Thibault56 disconnected and has a minute to reconnect!\n|player|p2|\n|inactive|Thibault56 has 30 seconds to reconnect!\n|c|\u2606jzhuc1841|that\u2018s the water mask\n|inactive|Thibault56 has 20 seconds to reconnect!\n|inactive|Thibault56 has 15 seconds to reconnect!\n|inactive|Thibault56 has 10 seconds to reconnect!\n|inactive|Thibault56 has 5 seconds to reconnect!\n|-message|Thibault56 lost due to inactivity.\n|\n|win|jzhuc1841\n|raw|jzhuc1841's rating: 1587 &rarr; <strong>1609<\/strong><br \/>(+22 for winning)\n|raw|Thibault56's rating: 1617 &rarr; <strong>1595<\/strong><br \/>(-22 for losing)\n|l|\u2606jzhuc1841\n|j|\u2606jzhuc1841\n|player|p1|jzhuc1841|hilbert-wonderlauncher\n|l|\u2606jzhuc1841\n|player|p1|\n|j|\u2606jzhuc1841\n|player|p1|jzhuc1841|hilbert-wonderlauncher\n|n|\u2606jzhuc1841|jzhuc1841\n|l|\u2606jzhuc1841\n|player|p1|\n|j|\u2606jzhuc1841\n|player|p1|jzhuc1841|hilbert-wonderlauncher\n|l|\u2606jzhuc1841\n|player|p1|\n|j|\u2606jzhuc1841\n|player|p1|jzhuc1841|hilbert-wonderlauncher\n","uploadtime":1700139838,"views":11,"p1id":"jzhuc1841","p2id":"thibault56","formatid":"gen9ou","rating":1595,"private":0,"password":""}