{"id":"gen9ou-1991775852","p1":"ColossalColloid","p2":"ratarang","format":"[Gen 9] OU","log":"|j|\u2606ColossalColloid\n|j|\u2606ratarang\n|t:|1700115163\n|gametype|singles\n|player|p1|ColossalColloid|cynthia-gen4|1052\n|player|p2|ratarang|striker|1000\n|teamsize|p1|6\n|teamsize|p2|6\n|gen|9\n|tier|[Gen 9] OU\n|rated|\n|rule|Sleep Clause Mod: Limit one foe put to sleep\n|rule|Species Clause: Limit one of each Pok\u00e9mon\n|rule|OHKO Clause: OHKO moves are banned\n|rule|Evasion Items Clause: Evasion items are banned\n|rule|Evasion Moves Clause: Evasion moves are banned\n|rule|Endless Battle Clause: Forcing endless battles is banned\n|rule|HP Percentage Mod: HP is shown in percentages\n|clearpoke\n|poke|p1|Great Tusk|\n|poke|p1|Heatran, M|\n|poke|p1|Greninja-*, M|\n|poke|p1|Dragonite, M|\n|poke|p1|Mimikyu, F|\n|poke|p1|Ribombee, M|\n|poke|p2|Greninja-*, M|\n|poke|p2|Ogerpon-Wellspring, F|\n|poke|p2|Walking Wake|\n|poke|p2|Floatzel, F|\n|poke|p2|Pelipper, M|\n|poke|p2|Gastrodon, F|\n|teampreview\n|inactive|Battle timer is ON: inactive players will automatically lose when time's up. (requested by ratarang)\n|\n|t:|1700115187\n|start\n|switch|p1a: ophelia|Ribombee, M, shiny|100\/100\n|switch|p2a: Gastrodon|Gastrodon, F|100\/100\n|turn|1\n|\n|t:|1700115197\n|move|p1a: ophelia|Sticky Web|p2a: Gastrodon\n|-sidestart|p2: ratarang|move: Sticky Web\n|move|p2a: Gastrodon|Stealth Rock|p1a: ophelia\n|-sidestart|p1: ColossalColloid|move: Stealth Rock\n|\n|upkeep\n|turn|2\n|\n|t:|1700115218\n|move|p1a: ophelia|U-turn|p2a: Gastrodon\n|-damage|p2a: Gastrodon|85\/100\n|inactive|ColossalColloid has 120 seconds left.\n|\n|t:|1700115250\n|switch|p1a: lava monkey|Heatran, M|100\/100|[from] U-turn\n|-damage|p1a: lava monkey|88\/100|[from] Stealth Rock\n|move|p2a: Gastrodon|Ice Beam|p1a: lava monkey\n|-resisted|p1a: lava monkey\n|-damage|p1a: lava monkey|85\/100\n|\n|-heal|p1a: lava monkey|91\/100|[from] item: Leftovers\n|upkeep\n|turn|3\n|inactive|ColossalColloid has 120 seconds left.\n|\n|t:|1700115266\n|-terastallize|p1a: lava monkey|Grass\n|move|p1a: lava monkey|Stealth Rock|p2a: Gastrodon\n|-sidestart|p2: ratarang|move: Stealth Rock\n|move|p2a: Gastrodon|Earth Power|p1a: lava monkey\n|-resisted|p1a: lava monkey\n|-damage|p1a: lava monkey|82\/100\n|\n|-heal|p1a: lava monkey|88\/100|[from] item: Leftovers\n|upkeep\n|turn|4\n|inactive|ColossalColloid has 120 seconds left.\n|\n|t:|1700115294\n|switch|p1a: spikeyosoarass|Great Tusk|100\/100\n|move|p2a: Gastrodon|Ice Beam|p1a: spikeyosoarass\n|-supereffective|p1a: spikeyosoarass\n|-damage|p1a: spikeyosoarass|45\/100\n|\n|upkeep\n|turn|5\n|inactive|ColossalColloid has 90 seconds left.\n|\n|t:|1700115317\n|move|p1a: spikeyosoarass|Rapid Spin|p2a: Gastrodon\n|-damage|p2a: Gastrodon|69\/100\n|-boost|p1a: spikeyosoarass|spe|1\n|-sideend|p1: ColossalColloid|Stealth Rock|[from] move: Rapid Spin|[of] p1a: spikeyosoarass\n|move|p2a: Gastrodon|Ice Beam|p1a: spikeyosoarass\n|-supereffective|p1a: spikeyosoarass\n|-damage|p1a: spikeyosoarass|0 fnt\n|faint|p1a: spikeyosoarass\n|-end|p1a: spikeyosoarass|Protosynthesis|[silent]\n|\n|upkeep\n|inactive|ColossalColloid has 90 seconds left.\n|\n|t:|1700115324\n|switch|p1a: freg|Greninja, M|100\/100\n|turn|6\n|\n|t:|1700115327\n|move|p1a: freg|Grass Knot|p2a: Gastrodon\n|-supereffective|p2a: Gastrodon\n|-enditem|p2a: Gastrodon|Rindo Berry|[eat]\n|-enditem|p2a: Gastrodon|Rindo Berry|[weaken]\n|-damage|p2a: Gastrodon|37\/100\n|-damage|p1a: freg|91\/100|[from] item: Life Orb\n|move|p2a: Gastrodon|Recover|p2a: Gastrodon\n|-heal|p2a: Gastrodon|87\/100\n|\n|upkeep\n|turn|7\n|\n|t:|1700115356\n|move|p1a: freg|Grass Knot|p2a: Gastrodon\n|-supereffective|p2a: Gastrodon\n|-damage|p2a: Gastrodon|26\/100\n|-damage|p1a: freg|81\/100|[from] item: Life Orb\n|move|p2a: Gastrodon|Stealth Rock|p1a: freg\n|-sidestart|p1: ColossalColloid|move: Stealth Rock\n|\n|upkeep\n|turn|8\n|\n|t:|1700115365\n|switch|p2a: Pelipper|Pelipper, M|100\/100\n|-damage|p2a: Pelipper|76\/100|[from] Stealth Rock\n|-weather|RainDance|[from] ability: Drizzle|[of] p2a: Pelipper\n|move|p1a: freg|Grass Knot|p2a: Pelipper\n|-damage|p2a: Pelipper|46\/100\n|-damage|p1a: freg|71\/100|[from] item: Life Orb\n|\n|-weather|RainDance|[upkeep]\n|upkeep\n|turn|9\n|inactive|ColossalColloid has 90 seconds left.\n|\n|t:|1700115413\n|move|p1a: freg|Dark Pulse|p2a: Pelipper\n|-damage|p2a: Pelipper|0 fnt\n|faint|p2a: Pelipper\n|-ability|p1a: freg|Battle Bond|boost\n|-boost|p1a: freg|atk|1\n|-boost|p1a: freg|spa|1\n|-boost|p1a: freg|spe|1\n|-activate|p1a: freg|ability: Battle Bond\n|-damage|p1a: freg|61\/100|[from] item: Life Orb\n|\n|-weather|RainDance|[upkeep]\n|upkeep\n|inactive|ratarang has 120 seconds left.\n|\n|t:|1700115448\n|switch|p2a: Ogerpon|Ogerpon-Wellspring, F|100\/100\n|-activate|p2a: Ogerpon|move: Sticky Web\n|-unboost|p2a: Ogerpon|spe|1\n|-damage|p2a: Ogerpon|88\/100|[from] Stealth Rock\n|turn|10\n|\n|t:|1700115465\n|move|p1a: freg|Ice Beam|p2a: Ogerpon\n|-damage|p2a: Ogerpon|32\/100\n|-damage|p1a: freg|51\/100|[from] item: Life Orb\n|move|p2a: Ogerpon|Horn Leech|p1a: freg\n|-supereffective|p1a: freg\n|-damage|p1a: freg|0 fnt\n|-heal|p2a: Ogerpon|57\/100|[from] drain|[of] p1a: freg\n|faint|p1a: freg\n|\n|-weather|RainDance|[upkeep]\n|upkeep\n|\n|t:|1700115485\n|switch|p1a: tenderloin|Dragonite, M|100\/100\n|turn|11\n|\n|t:|1700115496\n|move|p2a: Ogerpon|U-turn|p1a: tenderloin\n|-resisted|p1a: tenderloin\n|-damage|p1a: tenderloin|95\/100\n|inactive|ratarang has 90 seconds left.\n|\n|t:|1700115522\n|switch|p2a: Walking Wake|Walking Wake|100\/100|[from] U-turn\n|-activate|p2a: Walking Wake|move: Sticky Web\n|-unboost|p2a: Walking Wake|spe|1\n|-damage|p2a: Walking Wake|88\/100|[from] Stealth Rock\n|move|p1a: tenderloin|Dragon Dance|p1a: tenderloin\n|-boost|p1a: tenderloin|atk|1\n|-boost|p1a: tenderloin|spe|1\n|\n|-weather|RainDance|[upkeep]\n|upkeep\n|turn|12\n|inactive|ratarang has 90 seconds left.\n|inactive|ColossalColloid has 60 seconds left.\n|\n|t:|1700115545\n|-terastallize|p2a: Walking Wake|Water\n|move|p1a: tenderloin|Extreme Speed|p2a: Walking Wake\n|-damage|p2a: Walking Wake|37\/100\n|move|p2a: Walking Wake|Dragon Pulse|p1a: tenderloin\n|-supereffective|p1a: tenderloin\n|-crit|p1a: tenderloin\n|-damage|p1a: tenderloin|0 fnt\n|faint|p1a: tenderloin\n|\n|-weather|RainDance|[upkeep]\n|upkeep\n|inactive|ColossalColloid has 60 seconds left.\n|\n|t:|1700115558\n|switch|p1a: ophelia|Ribombee, M, shiny|100\/100\n|-damage|p1a: ophelia|76\/100|[from] Stealth Rock\n|turn|13\n|inactive|ColossalColloid has 60 seconds left.\n|\n|t:|1700115570\n|-end|p2a: Walking Wake|Protosynthesis|[silent]\n|switch|p2a: Gastrodon|Gastrodon, F|26\/100\n|-activate|p2a: Gastrodon|move: Sticky Web\n|-unboost|p2a: Gastrodon|spe|1\n|-damage|p2a: Gastrodon|20\/100|[from] Stealth Rock\n|move|p1a: ophelia|Moonblast|p2a: Gastrodon\n|-damage|p2a: Gastrodon|0 fnt\n|faint|p2a: Gastrodon\n|\n|-weather|RainDance|[upkeep]\n|upkeep\n|\n|t:|1700115579\n|switch|p2a: Floatzel|Floatzel, F|100\/100\n|-activate|p2a: Floatzel|move: Sticky Web\n|-unboost|p2a: Floatzel|spe|1\n|-damage|p2a: Floatzel|88\/100|[from] Stealth Rock\n|turn|14\n|inactive|ColossalColloid has 60 seconds left.\n|\n|t:|1700115591\n|move|p2a: Floatzel|Wave Crash|p1a: ophelia\n|-damage|p1a: ophelia|0 fnt\n|faint|p1a: ophelia\n|-damage|p2a: Floatzel|67\/100|[from] Recoil\n|-damage|p2a: Floatzel|57\/100|[from] item: Life Orb\n|\n|-weather|RainDance|[upkeep]\n|upkeep\n|inactive|ColossalColloid has 60 seconds left.\n|\n|t:|1700115606\n|switch|p1a: Mimi|Mimikyu, F, shiny|100\/100\n|-damage|p1a: Mimi|88\/100|[from] Stealth Rock\n|turn|15\n|inactive|ColossalColloid has 60 seconds left.\n|\n|t:|1700115623\n|move|p2a: Floatzel|Wave Crash|p1a: Mimi\n|-activate|p1a: Mimi|ability: Disguise\n|-damage|p1a: Mimi|88\/100\n|detailschange|p1a: Mimi|Mimikyu-Busted, F, shiny\n|-damage|p1a: Mimi|76\/100|[from] pokemon: Mimikyu-Busted\n|-damage|p2a: Floatzel|47\/100|[from] item: Life Orb\n|move|p1a: Mimi|Shadow Claw|p2a: Floatzel\n|-damage|p2a: Floatzel|0 fnt\n|faint|p2a: Floatzel\n|-damage|p1a: Mimi|66\/100|[from] item: Life Orb\n|\n|-weather|none\n|upkeep\n|inactive|ratarang has 120 seconds left.\n|\n|t:|1700115636\n|switch|p2a: Greninja|Greninja, M|100\/100\n|-activate|p2a: Greninja|move: Sticky Web\n|-unboost|p2a: Greninja|spe|1\n|-damage|p2a: Greninja|88\/100|[from] Stealth Rock\n|turn|16\n|inactive|ColossalColloid has 60 seconds left.\n|inactive|ratarang has 120 seconds left.\n|\n|t:|1700115648\n|move|p2a: Greninja|Water Shuriken|p1a: Mimi\n|-damage|p1a: Mimi|60\/100\n|-damage|p1a: Mimi|52\/100\n|-hitcount|p1a: Mimi|2\n|move|p1a: Mimi|Play Rough|p2a: Greninja\n|-supereffective|p2a: Greninja\n|-damage|p2a: Greninja|0 fnt\n|faint|p2a: Greninja\n|-damage|p1a: Mimi|43\/100|[from] item: Life Orb\n|\n|upkeep\n|inactive|ratarang has 120 seconds left.\n|\n|t:|1700115663\n|switch|p2a: Ogerpon|Ogerpon-Wellspring, F|57\/100\n|-activate|p2a: Ogerpon|move: Sticky Web\n|-unboost|p2a: Ogerpon|spe|1\n|-damage|p2a: Ogerpon|44\/100|[from] Stealth Rock\n|turn|17\n|\n|t:|1700115673\n|move|p1a: Mimi|Shadow Sneak|p2a: Ogerpon\n|-damage|p2a: Ogerpon|14\/100\n|-damage|p1a: Mimi|33\/100|[from] item: Life Orb\n|move|p2a: Ogerpon|Horn Leech|p1a: Mimi\n|-damage|p1a: Mimi|0 fnt\n|-heal|p2a: Ogerpon|28\/100|[from] drain|[of] p1a: Mimi\n|faint|p1a: Mimi\n|\n|upkeep\n|\n|t:|1700115681\n|switch|p1a: lava monkey|Heatran, M, tera:Grass|88\/100\n|-damage|p1a: lava monkey|76\/100|[from] Stealth Rock\n|turn|18\n|inactive|ColossalColloid has 60 seconds left.\n|\n|t:|1700115704\n|move|p2a: Ogerpon|Ivy Cudgel|p1a: lava monkey|[anim] Ivy Cudgel Water\n|-resisted|p1a: lava monkey\n|-damage|p1a: lava monkey|53\/100\n|move|p1a: lava monkey|Magma Storm|p2a: Ogerpon|[miss]\n|-miss|p1a: lava monkey|p2a: Ogerpon\n|\n|-heal|p1a: lava monkey|59\/100|[from] item: Leftovers\n|upkeep\n|turn|19\n|inactive|ColossalColloid has 60 seconds left.\n|\n|t:|1700115712\n|move|p2a: Ogerpon|Ivy Cudgel|p1a: lava monkey|[anim] Ivy Cudgel Water\n|-resisted|p1a: lava monkey\n|-damage|p1a: lava monkey|35\/100\n|move|p1a: lava monkey|Magma Storm|p2a: Ogerpon\n|-damage|p2a: Ogerpon|0 fnt\n|faint|p2a: Ogerpon\n|\n|-heal|p1a: lava monkey|41\/100|[from] item: Leftovers\n|upkeep\n|\n|t:|1700115720\n|switch|p2a: Walking Wake|Walking Wake, tera:Water|37\/100\n|-activate|p2a: Walking Wake|move: Sticky Web\n|-unboost|p2a: Walking Wake|spe|1\n|-damage|p2a: Walking Wake|25\/100|[from] Stealth Rock\n|turn|20\n|\n|t:|1700115727\n|move|p2a: Walking Wake|Flamethrower|p1a: lava monkey\n|-start|p1a: lava monkey|ability: Flash Fire\n|move|p1a: lava monkey|Earth Power|p2a: Walking Wake\n|-damage|p2a: Walking Wake|0 fnt\n|faint|p2a: Walking Wake\n|-end|p2a: Walking Wake|Protosynthesis|[silent]\n|\n|win|ColossalColloid\n|raw|ColossalColloid's rating: 1052 &rarr; <strong>1079<\/strong><br \/>(+27 for winning)\n|raw|ratarang's rating: 1000 &rarr; <strong>1000<\/strong><br \/>(+0 for losing)\n|l|\u2606ratarang\n","uploadtime":1700115745,"views":12,"p1id":"colossalcolloid","p2id":"ratarang","formatid":"gen9ou","rating":1000,"private":0,"password":""}