{"id":"gen9ou-1994041571","p1":"N-Zoroark stan","p2":"LogicaVietii","format":"[Gen 9] OU","log":"|j|\u2606N-Zoroark stan\n|j|\u2606LogicaVietii\n|t:|1700398544\n|gametype|singles\n|player|p1|N-Zoroark stan|riley|1667\n|player|p2|LogicaVietii|alder|1632\n|teamsize|p1|6\n|teamsize|p2|6\n|gen|9\n|tier|[Gen 9] OU\n|rated|\n|rule|Sleep Clause Mod: Limit one foe put to sleep\n|rule|Species Clause: Limit one of each Pok\u00e9mon\n|rule|OHKO Clause: OHKO moves are banned\n|rule|Evasion Items Clause: Evasion items are banned\n|rule|Evasion Moves Clause: Evasion moves are banned\n|rule|Endless Battle Clause: Forcing endless battles is banned\n|rule|HP Percentage Mod: HP is shown in percentages\n|clearpoke\n|poke|p1|Alomomola, M|\n|poke|p1|Slowking-Galar, F|\n|poke|p1|Zoroark-Hisui, F|\n|poke|p1|Corviknight, M|\n|poke|p1|Ting-Lu|\n|poke|p1|Dragonite, F|\n|poke|p2|Maushold|\n|poke|p2|Samurott-Hisui, M|\n|poke|p2|Kingambit, M|\n|poke|p2|Garganacl, F|\n|poke|p2|Amoonguss, M|\n|poke|p2|Weavile, F|\n|teampreview\n|inactive|Battle timer is ON: inactive players will automatically lose when time's up. (requested by LogicaVietii)\n|inactive|N-Zoroark stan also wants the timer to be on.\n|c|\u2606N-Zoroark stan|glhf\n|c|\u2606LogicaVietii|hf\n|inactive|N-Zoroark stan has 120 seconds left.\n|\n|t:|1700398591\n|start\n|switch|p1a: Corviknight|Corviknight, M|100\/100\n|switch|p2a: Samurott|Samurott-Hisui, M|100\/100\n|-ability|p1a: Corviknight|Pressure\n|turn|1\n|\n|t:|1700398595\n|move|p2a: Samurott|Ceaseless Edge|p1a: Corviknight\n|-damage|p1a: Corviknight|70\/100\n|-damage|p2a: Samurott|84\/100|[from] item: Rocky Helmet|[of] p1a: Corviknight\n|-sidestart|p1: N-Zoroark stan|Spikes\n|move|p1a: Corviknight|U-turn|p2a: Samurott\n|-supereffective|p2a: Samurott\n|-damage|p2a: Samurott|48\/100\n|\n|t:|1700398603\n|switch|p1a: Dragonite|Dragonite, F|100\/100|[from] U-turn\n|\n|upkeep\n|turn|2\n|\n|t:|1700398608\n|switch|p2a: Amoonguss|Amoonguss, M|100\/100\n|move|p1a: Dragonite|Extreme Speed|p2a: Amoonguss\n|-damage|p2a: Amoonguss|65\/100\n|-enditem|p2a: Amoonguss|Red Card|[of] p1a: Dragonite\n|drag|p1a: Slowking|Slowking-Galar, F|100\/100\n|\n|upkeep\n|turn|3\n|\n|t:|1700398613\n|move|p1a: Slowking|U-turn|p2a: Amoonguss\n|-damage|p2a: Amoonguss|55\/100\n|\n|t:|1700398621\n|switch|p1a: Ting-Lu|Ting-Lu|100\/100|[from] U-turn\n|-damage|p1a: Ting-Lu|88\/100|[from] Spikes\n|-ability|p1a: Ting-Lu|Vessel of Ruin\n|move|p2a: Amoonguss|Spore|p1a: Ting-Lu\n|-status|p1a: Ting-Lu|slp|[from] move: Spore\n|\n|-heal|p1a: Ting-Lu|94\/100 slp|[from] item: Leftovers\n|upkeep\n|turn|4\n|\n|t:|1700398627\n|switch|p1a: Corviknight|Corviknight, M|70\/100\n|-ability|p1a: Corviknight|Pressure\n|switch|p2a: Samurott|Samurott-Hisui, M|48\/100\n|\n|upkeep\n|turn|5\n|\n|t:|1700398632\n|move|p2a: Samurott|Aqua Cutter|p1a: Corviknight\n|-damage|p1a: Corviknight|34\/100\n|move|p1a: Corviknight|U-turn|p2a: Samurott\n|-supereffective|p2a: Samurott\n|-damage|p2a: Samurott|14\/100\n|j| MarburgCOVEbola\n|j| Ruinous Tusk\n|\n|t:|1700398642\n|switch|p1a: Alomomola|Alomomola, M|100\/100|[from] U-turn\n|-damage|p1a: Alomomola|88\/100|[from] Spikes\n|\n|upkeep\n|turn|6\n|\n|t:|1700398647\n|move|p2a: Samurott|Ceaseless Edge|p1a: Alomomola\n|-damage|p1a: Alomomola|63\/100\n|-sidestart|p1: N-Zoroark stan|Spikes\n|-enditem|p1a: Alomomola|Red Card|[of] p2a: Samurott\n|drag|p2a: Weavile|Weavile, F|100\/100\n|-ability|p2a: Weavile|Pressure\n|move|p1a: Alomomola|Flip Turn|p2a: Weavile\n|-damage|p2a: Weavile|71\/100\n|\n|t:|1700398653\n|switch|p1a: Dragonite|Dragonite, F|100\/100|[from] Flip Turn\n|\n|upkeep\n|turn|7\n|j| gosuBX\n|\n|t:|1700398661\n|move|p1a: Dragonite|Extreme Speed|p2a: Weavile\n|-damage|p2a: Weavile|0 fnt\n|faint|p2a: Weavile\n|\n|upkeep\n|\n|t:|1700398667\n|switch|p2a: Maushold|Maushold|100\/100\n|turn|8\n|\n|t:|1700398674\n|switch|p1a: Alomomola|Alomomola, M|97\/100\n|-damage|p1a: Alomomola|80\/100|[from] Spikes\n|-terastallize|p2a: Maushold|Ghost\n|move|p2a: Maushold|Encore||[still]\n|-fail|p2a: Maushold\n|\n|upkeep\n|turn|9\n|\n|t:|1700398684\n|move|p2a: Maushold|Tidy Up|p2a: Maushold\n|-sideend|p1: N-Zoroark stan|Spikes\n|-activate|p2a: Maushold|move: Tidy Up\n|-boost|p2a: Maushold|atk|1\n|-boost|p2a: Maushold|spe|1\n|move|p1a: Alomomola|Flip Turn|p2a: Maushold\n|-damage|p2a: Maushold|73\/100\n|\n|t:|1700398687\n|switch|p1a: Corviknight|Corviknight, M|34\/100|[from] Flip Turn\n|-ability|p1a: Corviknight|Pressure\n|\n|upkeep\n|turn|10\n|\n|t:|1700398692\n|move|p2a: Maushold|Population Bomb|p1a: Corviknight\n|-resisted|p1a: Corviknight\n|-damage|p1a: Corviknight|29\/100\n|-damage|p2a: Maushold|57\/100|[from] item: Rocky Helmet|[of] p1a: Corviknight\n|-resisted|p1a: Corviknight\n|-damage|p1a: Corviknight|24\/100\n|-damage|p2a: Maushold|40\/100|[from] item: Rocky Helmet|[of] p1a: Corviknight\n|-resisted|p1a: Corviknight\n|-damage|p1a: Corviknight|19\/100\n|-damage|p2a: Maushold|23\/100|[from] item: Rocky Helmet|[of] p1a: Corviknight\n|-resisted|p1a: Corviknight\n|-damage|p1a: Corviknight|14\/100\n|-damage|p2a: Maushold|7\/100|[from] item: Rocky Helmet|[of] p1a: Corviknight\n|-resisted|p1a: Corviknight\n|-damage|p1a: Corviknight|9\/100\n|-damage|p2a: Maushold|0 fnt|[from] item: Rocky Helmet|[of] p1a: Corviknight\n|faint|p2a: Maushold\n|-hitcount|p1a: Corviknight|5\n|move|p1a: Corviknight|Roost|p1a: Corviknight\n|-heal|p1a: Corviknight|59\/100\n|-singleturn|p1a: Corviknight|move: Roost\n|\n|upkeep\n|\n|t:|1700398701\n|switch|p2a: Kingambit|Kingambit, M|100\/100\n|-activate|p2a: Kingambit|ability: Supreme Overlord\n|-start|p2a: Kingambit|fallen2|[silent]\n|turn|11\n|\n|t:|1700398705\n|move|p2a: Kingambit|Kowtow Cleave|p1a: Corviknight\n|-damage|p1a: Corviknight|22\/100\n|-damage|p2a: Kingambit|84\/100|[from] item: Rocky Helmet|[of] p1a: Corviknight\n|move|p1a: Corviknight|Body Press|p2a: Kingambit\n|-supereffective|p2a: Kingambit\n|-damage|p2a: Kingambit|0 fnt\n|faint|p2a: Kingambit\n|-end|p2a: Kingambit|fallen2|[silent]\n|\n|upkeep\n|\n|t:|1700398709\n|switch|p2a: Samurott|Samurott-Hisui, M|14\/100\n|turn|12\n|\n|t:|1700398712\n|move|p2a: Samurott|Aqua Cutter|p1a: Corviknight\n|-damage|p1a: Corviknight|0 fnt\n|faint|p1a: Corviknight\n|\n|upkeep\n|\n|t:|1700398716\n|switch|p1a: Slowking|Slowking-Galar, F|100\/100\n|turn|13\n|\n|t:|1700398721\n|switch|p2a: Garganacl|Garganacl, F|100\/100\n|move|p1a: Slowking|U-turn|p2a: Garganacl\n|-damage|p2a: Garganacl|91\/100\n|c| gosuBX|LOL\n|\n|t:|1700398724\n|switch|p1a: Dragonite|Dragonite, F|100\/100|[from] U-turn\n|\n|-heal|p2a: Garganacl|97\/100|[from] item: Leftovers\n|upkeep\n|turn|14\n|\n|t:|1700398727\n|move|p1a: Dragonite|Outrage|p2a: Garganacl\n|-damage|p2a: Garganacl|29\/100\n|move|p2a: Garganacl|Iron Defense|p2a: Garganacl\n|-boost|p2a: Garganacl|def|2\n|\n|-heal|p2a: Garganacl|36\/100|[from] item: Leftovers\n|upkeep\n|turn|15\n|\n|t:|1700398731\n|move|p1a: Dragonite|Outrage|p2a: Garganacl|[from]lockedmove\n|-damage|p2a: Garganacl|2\/100\n|-start|p1a: Dragonite|confusion|[fatigue]\n|move|p2a: Garganacl|Recover|p2a: Garganacl\n|-heal|p2a: Garganacl|52\/100\n|\n|-heal|p2a: Garganacl|58\/100|[from] item: Leftovers\n|upkeep\n|turn|16\n|\n|t:|1700398742\n|switch|p1a: Slowking|Slowking-Galar, F|100\/100\n|move|p2a: Garganacl|Recover|p2a: Garganacl\n|-heal|p2a: Garganacl|100\/100\n|\n|upkeep\n|turn|17\n|\n|t:|1700398744\n|move|p2a: Garganacl|Salt Cure|p1a: Slowking\n|-damage|p1a: Slowking|90\/100\n|-start|p1a: Slowking|Salt Cure\n|move|p1a: Slowking|Future Sight|p2a: Garganacl\n|-start|p1a: Slowking|move: Future Sight\n|\n|-heal|p1a: Slowking|96\/100|[from] item: Leftovers\n|-damage|p1a: Slowking|84\/100|[from] Salt Cure\n|upkeep\n|turn|18\n|\n|t:|1700398747\n|move|p2a: Garganacl|Iron Defense|p2a: Garganacl\n|-boost|p2a: Garganacl|def|2\n|move|p1a: Slowking|Chilly Reception|p1a: Slowking\n|-weather|Snow\n|\n|t:|1700398749\n|switch|p1a: Dragonite|Dragonite, F|100\/100|[from] Chilly Reception\n|\n|-weather|Snow|[upkeep]\n|upkeep\n|turn|19\n|\n|t:|1700398753\n|move|p1a: Dragonite|Grass Knot|p2a: Garganacl\n|-supereffective|p2a: Garganacl\n|-damage|p2a: Garganacl|44\/100\n|move|p2a: Garganacl|Salt Cure|p1a: Dragonite\n|-damage|p1a: Dragonite|69\/100\n|-start|p1a: Dragonite|Salt Cure\n|replace|p1a: Zoroark|Zoroark-Hisui, F, shiny\n|-end|p1a: Zoroark|Illusion\n|\n|-weather|Snow|[upkeep]\n|-end|p2a: Garganacl|move: Future Sight\n|-damage|p2a: Garganacl|15\/100\n|-heal|p2a: Garganacl|21\/100|[from] item: Leftovers\n|-damage|p1a: Zoroark|57\/100|[from] Salt Cure\n|upkeep\n|turn|20\n|\n|t:|1700398760\n|switch|p2a: Amoonguss|Amoonguss, M|89\/100\n|move|p1a: Zoroark|Grass Knot|p2a: Amoonguss\n|-resisted|p2a: Amoonguss\n|-damage|p2a: Amoonguss|85\/100\n|\n|-weather|Snow|[upkeep]\n|-damage|p1a: Zoroark|45\/100|[from] Salt Cure\n|upkeep\n|turn|21\n|\n|t:|1700398766\n|move|p1a: Zoroark|U-turn|p2a: Amoonguss\n|-damage|p2a: Amoonguss|75\/100\n|\n|t:|1700398769\n|switch|p1a: Slowking|Slowking-Galar, F|100\/100|[from] U-turn\n|move|p2a: Amoonguss|Grass Knot|p1a: Slowking\n|-resisted|p1a: Slowking\n|-damage|p1a: Slowking|91\/100\n|\n|-weather|Snow|[upkeep]\n|-heal|p1a: Slowking|97\/100|[from] item: Leftovers\n|upkeep\n|turn|22\n|\n|t:|1700398772\n|switch|p2a: Garganacl|Garganacl, F|21\/100\n|move|p1a: Slowking|Chilly Reception|p1a: Slowking\n|\n|t:|1700398774\n|switch|p1a: Dragonite|Dragonite, F|45\/100|[from] Chilly Reception\n|\n|-weather|none\n|-heal|p2a: Garganacl|27\/100|[from] item: Leftovers\n|upkeep\n|turn|23\n|\n|t:|1700398782\n|switch|p2a: Samurott|Samurott-Hisui, M|14\/100\n|move|p1a: Dragonite|Grass Knot|p2a: Samurott\n|-supereffective|p2a: Samurott\n|-damage|p2a: Samurott|0 fnt\n|faint|p2a: Samurott\n|\n|upkeep\n|\n|t:|1700398784\n|switch|p2a: Amoonguss|Amoonguss, M|100\/100\n|turn|24\n|\n|t:|1700398788\n|switch|p2a: Garganacl|Garganacl, F|27\/100\n|move|p1a: Dragonite|U-turn|p2a: Garganacl\n|-damage|p2a: Garganacl|18\/100\n|\n|t:|1700398790\n|switch|p1a: Dragonite|Dragonite, F|100\/100|[from] U-turn\n|\n|-heal|p2a: Garganacl|24\/100|[from] item: Leftovers\n|upkeep\n|turn|25\n|\n|t:|1700398794\n|move|p1a: Dragonite|Outrage|p2a: Garganacl\n|-damage|p2a: Garganacl|0 fnt\n|faint|p2a: Garganacl\n|\n|upkeep\n|-message|LogicaVietii forfeited.\n|\n|win|N-Zoroark stan\n|raw|N-Zoroark stan's rating: 1667 &rarr; <strong>1685<\/strong><br \/>(+18 for winning)\n|raw|LogicaVietii's rating: 1632 &rarr; <strong>1614<\/strong><br \/>(-18 for losing)\n|l|\u2606LogicaVietii\n","uploadtime":1700398800,"views":12,"p1id":"nzoroarkstan","p2id":"logicavietii","formatid":"gen9ou","rating":1614,"private":0,"password":""}