{"id":"gen9ou-1988868372","p1":"Folcard","p2":"mongwong","format":"[Gen 9] OU","log":"|j|\u2606Folcard\n|j|\u2606mongwong\n|t:|1699777361\n|gametype|singles\n|player|p1|Folcard|101|1391\n|player|p2|mongwong|eusine-gen2|1379\n|teamsize|p1|6\n|teamsize|p2|6\n|gen|9\n|tier|[Gen 9] OU\n|rated|\n|rule|Sleep Clause Mod: Limit one foe put to sleep\n|rule|Species Clause: Limit one of each Pok\u00e9mon\n|rule|OHKO Clause: OHKO moves are banned\n|rule|Evasion Items Clause: Evasion items are banned\n|rule|Evasion Moves Clause: Evasion moves are banned\n|rule|Endless Battle Clause: Forcing endless battles is banned\n|rule|HP Percentage Mod: HP is shown in percentages\n|clearpoke\n|poke|p1|Kingambit, M|\n|poke|p1|Glimmora, F|\n|poke|p1|Zamazenta-*|\n|poke|p1|Iron Valiant|\n|poke|p1|Iron Moth|\n|poke|p1|Ogerpon-Wellspring, F|\n|poke|p2|Pelipper, F|\n|poke|p2|Barraskewda, M|\n|poke|p2|Basculegion-F, F|\n|poke|p2|Zapdos|\n|poke|p2|Magnezone|\n|poke|p2|Tsareena, F|\n|teampreview\n|\n|t:|1699777372\n|start\n|switch|p1a: Glimmora|Glimmora, F|100\/100\n|switch|p2a: Zapdos|Zapdos|100\/100\n|turn|1\n|\n|t:|1699777377\n|move|p2a: Zapdos|Volt Switch|p1a: Glimmora\n|-damage|p1a: Glimmora|47\/100\n|\n|t:|1699777381\n|switch|p2a: Magnezone|Magnezone|100\/100|[from] Volt Switch\n|move|p1a: Glimmora|Stealth Rock|p2a: Magnezone\n|-sidestart|p2: mongwong|move: Stealth Rock\n|\n|upkeep\n|turn|2\n|\n|t:|1699777385\n|switch|p2a: Pelipper|Pelipper, F|100\/100\n|-damage|p2a: Pelipper|76\/100|[from] Stealth Rock\n|-weather|RainDance|[from] ability: Drizzle|[of] p2a: Pelipper\n|move|p1a: Glimmora|Earth Power|p2a: Pelipper\n|-immune|p2a: Pelipper\n|\n|-weather|RainDance|[upkeep]\n|upkeep\n|turn|3\n|\n|t:|1699777390\n|switch|p2a: Basculegion|Basculegion-F, F|100\/100\n|-damage|p2a: Basculegion|88\/100|[from] Stealth Rock\n|move|p1a: Glimmora|Power Gem|p2a: Basculegion\n|-damage|p2a: Basculegion|39\/100\n|\n|-weather|RainDance|[upkeep]\n|upkeep\n|turn|4\n|\n|t:|1699777395\n|switch|p1a: Ogerpon|Ogerpon-Wellspring, F|100\/100\n|move|p2a: Basculegion|Shadow Ball|p1a: Ogerpon\n|-damage|p1a: Ogerpon|35\/100\n|\n|-weather|RainDance|[upkeep]\n|upkeep\n|turn|5\n|\n|t:|1699777400\n|switch|p1a: Glimmora|Glimmora, F|47\/100\n|move|p2a: Basculegion|Shadow Ball|p1a: Glimmora\n|-damage|p1a: Glimmora|0 fnt\n|faint|p1a: Glimmora\n|\n|-weather|RainDance|[upkeep]\n|upkeep\n|\n|t:|1699777409\n|switch|p1a: Iron Valiant|Iron Valiant|100\/100\n|-enditem|p1a: Iron Valiant|Booster Energy\n|-activate|p1a: Iron Valiant|ability: Quark Drive|[fromitem]\n|-start|p1a: Iron Valiant|quarkdrivespe\n|turn|6\n|\n|t:|1699777413\n|switch|p2a: Tsareena|Tsareena, F|100\/100\n|-damage|p2a: Tsareena|88\/100|[from] Stealth Rock\n|move|p1a: Iron Valiant|Moonblast|p2a: Tsareena\n|-damage|p2a: Tsareena|60\/100\n|\n|-weather|RainDance|[upkeep]\n|upkeep\n|turn|7\n|\n|t:|1699777422\n|move|p1a: Iron Valiant|Calm Mind|p1a: Iron Valiant\n|-boost|p1a: Iron Valiant|spa|1\n|-boost|p1a: Iron Valiant|spd|1\n|move|p2a: Tsareena|Rapid Spin|p1a: Iron Valiant\n|-damage|p1a: Iron Valiant|83\/100\n|-boost|p2a: Tsareena|spe|1\n|-sideend|p2: mongwong|Stealth Rock|[from] move: Rapid Spin|[of] p2a: Tsareena\n|\n|-weather|RainDance|[upkeep]\n|upkeep\n|turn|8\n|\n|t:|1699777452\n|move|p1a: Iron Valiant|Moonblast|p2a: Tsareena\n|-damage|p2a: Tsareena|19\/100\n|move|p2a: Tsareena|U-turn|p1a: Iron Valiant\n|-resisted|p1a: Iron Valiant\n|-damage|p1a: Iron Valiant|77\/100\n|\n|t:|1699777457\n|switch|p2a: Barraskewda|Barraskewda, M|100\/100|[from] U-turn\n|\n|-weather|RainDance|[upkeep]\n|upkeep\n|turn|9\n|\n|t:|1699777464\n|-end|p1a: Iron Valiant|Quark Drive|[silent]\n|switch|p1a: Ogerpon|Ogerpon-Wellspring, F|35\/100\n|move|p2a: Barraskewda|Liquidation|p1a: Ogerpon\n|-heal|p1a: Ogerpon|60\/100|[from] ability: Water Absorb|[of] p2a: Barraskewda\n|\n|-weather|none\n|upkeep\n|turn|10\n|\n|t:|1699777471\n|switch|p2a: Zapdos|Zapdos|100\/100\n|move|p1a: Ogerpon|Power Whip|p2a: Zapdos\n|-resisted|p2a: Zapdos\n|-damage|p2a: Zapdos|60\/100\n|\n|upkeep\n|turn|11\n|\n|t:|1699777477\n|move|p1a: Ogerpon|Knock Off|p2a: Zapdos\n|-damage|p2a: Zapdos|14\/100\n|-status|p1a: Ogerpon|par|[from] ability: Static|[of] p2a: Zapdos\n|-enditem|p2a: Zapdos|Heavy-Duty Boots|[from] move: Knock Off|[of] p1a: Ogerpon\n|move|p2a: Zapdos|Hurricane|p1a: Ogerpon|[miss]\n|-miss|p2a: Zapdos|p1a: Ogerpon\n|\n|upkeep\n|turn|12\n|\n|t:|1699777483\n|move|p2a: Zapdos|Hurricane|p1a: Ogerpon\n|-supereffective|p1a: Ogerpon\n|-damage|p1a: Ogerpon|0 fnt\n|faint|p1a: Ogerpon\n|\n|upkeep\n|\n|t:|1699777486\n|switch|p1a: Iron Moth|Iron Moth|100\/100\n|-enditem|p1a: Iron Moth|Booster Energy\n|-activate|p1a: Iron Moth|ability: Quark Drive|[fromitem]\n|-start|p1a: Iron Moth|quarkdrivespe\n|turn|13\n|\n|t:|1699777499\n|switch|p2a: Pelipper|Pelipper, F|76\/100\n|-weather|RainDance|[from] ability: Drizzle|[of] p2a: Pelipper\n|move|p1a: Iron Moth|Fiery Dance|p2a: Pelipper\n|-resisted|p2a: Pelipper\n|-damage|p2a: Pelipper|61\/100\n|-boost|p1a: Iron Moth|spa|1\n|\n|-weather|RainDance|[upkeep]\n|upkeep\n|turn|14\n|\n|t:|1699777504\n|switch|p2a: Zapdos|Zapdos|14\/100\n|move|p1a: Iron Moth|Substitute|p1a: Iron Moth\n|-start|p1a: Iron Moth|Substitute\n|-damage|p1a: Iron Moth|76\/100\n|\n|-weather|RainDance|[upkeep]\n|upkeep\n|turn|15\n|\n|t:|1699777507\n|move|p1a: Iron Moth|Fiery Dance|p2a: Zapdos\n|-damage|p2a: Zapdos|0 fnt\n|-boost|p1a: Iron Moth|spa|1\n|faint|p2a: Zapdos\n|\n|-weather|RainDance|[upkeep]\n|upkeep\n|\n|t:|1699777512\n|switch|p2a: Barraskewda|Barraskewda, M|100\/100\n|turn|16\n|\n|t:|1699777515\n|move|p2a: Barraskewda|Flip Turn|p1a: Iron Moth\n|-supereffective|p1a: Iron Moth\n|-end|p1a: Iron Moth|Substitute\n|\n|t:|1699777518\n|switch|p2a: Tsareena|Tsareena, F|19\/100|[from] Flip Turn\n|move|p1a: Iron Moth|Sludge Wave|p2a: Tsareena\n|-supereffective|p2a: Tsareena\n|-damage|p2a: Tsareena|0 fnt\n|faint|p2a: Tsareena\n|\n|-weather|RainDance|[upkeep]\n|upkeep\n|\n|t:|1699777522\n|switch|p2a: Basculegion|Basculegion-F, F|39\/100\n|turn|17\n|\n|t:|1699777525\n|move|p1a: Iron Moth|Substitute|p1a: Iron Moth\n|-start|p1a: Iron Moth|Substitute\n|-damage|p1a: Iron Moth|51\/100\n|move|p2a: Basculegion|Surf|p1a: Iron Moth\n|-supereffective|p1a: Iron Moth\n|-end|p1a: Iron Moth|Substitute\n|\n|-weather|RainDance|[upkeep]\n|upkeep\n|turn|18\n|\n|t:|1699777530\n|switch|p2a: Magnezone|Magnezone|100\/100\n|move|p1a: Iron Moth|Substitute|p1a: Iron Moth\n|-start|p1a: Iron Moth|Substitute\n|-damage|p1a: Iron Moth|26\/100\n|\n|-weather|RainDance|[upkeep]\n|upkeep\n|turn|19\n|\n|t:|1699777535\n|switch|p2a: Pelipper|Pelipper, F|61\/100\n|move|p1a: Iron Moth|Fiery Dance|p2a: Pelipper\n|-resisted|p2a: Pelipper\n|-damage|p2a: Pelipper|32\/100\n|-boost|p1a: Iron Moth|spa|1\n|\n|-weather|RainDance|[upkeep]\n|upkeep\n|turn|20\n|\n|t:|1699777540\n|move|p1a: Iron Moth|Fiery Dance|p2a: Pelipper\n|-resisted|p2a: Pelipper\n|-damage|p2a: Pelipper|0 fnt\n|faint|p2a: Pelipper\n|\n|-weather|none\n|upkeep\n|-message|mongwong forfeited.\n|\n|win|Folcard\n|raw|Folcard's rating: 1391 &rarr; <strong>1410<\/strong><br \/>(+19 for winning)\n|raw|mongwong's rating: 1379 &rarr; <strong>1360<\/strong><br \/>(-19 for losing)\n|l|\u2606mongwong\n","uploadtime":1699777554,"views":9,"p1id":"folcard","p2id":"mongwong","formatid":"gen9ou","rating":1360,"private":0,"password":""}