{"id":"gen9ou-1995442567","p1":"sunkernvibe","p2":"prinplup fiction","format":"[Gen 9] OU","log":"|j|\u2606sunkernvibe\n|j|\u2606prinplup fiction\n|inactive|Battle timer is ON: inactive players will automatically lose when time's up.\n|t:|1700571308\n|gametype|singles\n|player|p1|sunkernvibe|102|\n|player|p2|prinplup fiction|lucas|\n|teamsize|p1|3\n|teamsize|p2|3\n|gen|9\n|tier|[Gen 9] OU\n|rated|Tournament battle\n|rule|Sleep Clause Mod: Limit one foe put to sleep\n|rule|Species Clause: Limit one of each Pok\u00e9mon\n|rule|OHKO Clause: OHKO moves are banned\n|rule|Evasion Items Clause: Evasion items are banned\n|rule|Evasion Moves Clause: Evasion moves are banned\n|rule|Endless Battle Clause: Forcing endless battles is banned\n|rule|HP Percentage Mod: HP is shown in percentages\n|clearpoke\n|poke|p1|Noivern, F|\n|poke|p1|Gumshoos, M|\n|poke|p1|Gurdurr, M|\n|poke|p2|Fletchinder, M|\n|poke|p2|Hattrem, F|\n|poke|p2|Ambipom, M|\n|teampreview\n|j|*Lady Monita \u2746\n|j| Yeet259\n|\n|t:|1700571316\n|start\n|switch|p1a: Noivern|Noivern, F|100\/100\n|switch|p2a: Ambipom|Ambipom, M|100\/100\n|turn|1\n|\n|t:|1700571326\n|switch|p1a: Gurdurr|Gurdurr, M|100\/100\n|move|p2a: Ambipom|Fake Out|p1a: Gurdurr\n|-damage|p1a: Gurdurr|75\/100\n|-damage|p2a: Ambipom|91\/100|[from] item: Life Orb\n|\n|upkeep\n|turn|2\n|\n|t:|1700571346\n|switch|p2a: Hattrem|Hattrem, F|100\/100\n|move|p1a: Gurdurr|Knock Off|p2a: Hattrem\n|-supereffective|p2a: Hattrem\n|-damage|p2a: Hattrem|34\/100\n|-enditem|p2a: Hattrem|Eviolite|[from] move: Knock Off|[of] p1a: Gurdurr\n|\n|upkeep\n|turn|3\n|\n|t:|1700571353\n|switch|p1a: Gumshoos|Gumshoos, M|100\/100\n|move|p2a: Hattrem|Draining Kiss|p1a: Gumshoos\n|-damage|p1a: Gumshoos|87\/100\n|-heal|p2a: Hattrem|47\/100|[from] drain|[of] p1a: Gumshoos\n|\n|upkeep\n|turn|4\n|\n|t:|1700571364\n|move|p1a: Gumshoos|U-turn|p2a: Hattrem\n|-supereffective|p2a: Hattrem\n|-damage|p2a: Hattrem|0 fnt\n|faint|p2a: Hattrem\n|\n|t:|1700571367\n|switch|p1a: Gurdurr|Gurdurr, M|75\/100|[from] U-turn\n|\n|upkeep\n|\n|t:|1700571370\n|switch|p2a: Fletchinder|Fletchinder, M|100\/100\n|turn|5\n|\n|t:|1700571378\n|switch|p1a: Gumshoos|Gumshoos, M|87\/100\n|move|p2a: Fletchinder|Swords Dance|p2a: Fletchinder\n|-boost|p2a: Fletchinder|atk|2\n|\n|upkeep\n|turn|6\n|\n|t:|1700571386\n|-terastallize|p2a: Fletchinder|Flying\n|move|p2a: Fletchinder|Acrobatics|p1a: Gumshoos\n|-damage|p1a: Gumshoos|0 fnt\n|faint|p1a: Gumshoos\n|\n|upkeep\n|\n|t:|1700571391\n|switch|p1a: Noivern|Noivern, F|100\/100\n|turn|7\n|\n|t:|1700571397\n|switch|p1a: Gurdurr|Gurdurr, M|75\/100\n|move|p2a: Fletchinder|Acrobatics|p1a: Gurdurr\n|-supereffective|p1a: Gurdurr\n|-damage|p1a: Gurdurr|0 fnt\n|faint|p1a: Gurdurr\n|\n|upkeep\n|\n|t:|1700571398\n|switch|p1a: Noivern|Noivern, F|100\/100\n|turn|8\n|\n|t:|1700571401\n|-terastallize|p1a: Noivern|Normal\n|move|p2a: Fletchinder|Acrobatics|p1a: Noivern\n|-crit|p1a: Noivern\n|-damage|p1a: Noivern|0 fnt\n|faint|p1a: Noivern\n|\n|win|prinplup fiction\n|n|\u2606sunkernvibe|sunkernvibe\n|n|\u2606prinplup fiction|prinplupfiction\n|n|*Lady Monita \u2746|ladymonita\n|n| Yeet259|yeet259\n","uploadtime":1700571404,"views":4,"p1id":"sunkernvibe","p2id":"prinplupfiction","formatid":"gen9ou","rating":0,"private":0,"password":""}