{"id":"gen9ou-1988823949","p1":"Samg004","p2":"Oshwottking","format":"[Gen 9] OU","log":"|j|\u2606Samg004\n|j|\u2606Oshwottking\n|t:|1699768636\n|gametype|singles\n|player|p1|Samg004|265|1156\n|player|p2|Oshwottking|silver|1092\n|teamsize|p1|6\n|teamsize|p2|6\n|gen|9\n|tier|[Gen 9] OU\n|rated|\n|rule|Sleep Clause Mod: Limit one foe put to sleep\n|rule|Species Clause: Limit one of each Pok\u00e9mon\n|rule|OHKO Clause: OHKO moves are banned\n|rule|Evasion Items Clause: Evasion items are banned\n|rule|Evasion Moves Clause: Evasion moves are banned\n|rule|Endless Battle Clause: Forcing endless battles is banned\n|rule|HP Percentage Mod: HP is shown in percentages\n|clearpoke\n|poke|p1|Ninetales-Alola, F|\n|poke|p1|Gholdengo|\n|poke|p1|Manaphy|\n|poke|p1|Rillaboom, M|\n|poke|p1|Iron Valiant|\n|poke|p1|Great Tusk|\n|poke|p2|Ogerpon, F|\n|poke|p2|Blissey, F|\n|poke|p2|Corviknight, M|\n|poke|p2|Volcanion|\n|poke|p2|Great Tusk|\n|poke|p2|Goodra-Hisui, F|\n|teampreview\n|inactive|Battle timer is ON: inactive players will automatically lose when time's up. (requested by Oshwottking)\n|inactive|Samg004 also wants the timer to be on.\n|inactive|Oshwottking has 120 seconds left.\n|\n|t:|1699768685\n|start\n|switch|p1a: Ninetales|Ninetales-Alola, F|100\/100\n|switch|p2a: Goodra|Goodra-Hisui, F|100\/100\n|-weather|Snow|[from] ability: Snow Warning|[of] p1a: Ninetales\n|turn|1\n|\n|t:|1699768693\n|move|p1a: Ninetales|Aurora Veil|p1a: Ninetales\n|-sidestart|p1: Samg004|move: Aurora Veil\n|move|p2a: Goodra|Flash Cannon|p1a: Ninetales\n|-supereffective|p1a: Ninetales\n|-damage|p1a: Ninetales|10\/100\n|\n|-weather|Snow|[upkeep]\n|upkeep\n|turn|2\n|\n|t:|1699768698\n|move|p1a: Ninetales|Blizzard|p2a: Goodra\n|-damage|p2a: Goodra|81\/100\n|move|p2a: Goodra|Ice Beam|p1a: Ninetales\n|-resisted|p1a: Ninetales\n|-damage|p1a: Ninetales|1\/100\n|\n|-weather|Snow|[upkeep]\n|upkeep\n|turn|3\n|\n|t:|1699768705\n|move|p1a: Ninetales|Blizzard|p2a: Goodra\n|-damage|p2a: Goodra|63\/100\n|move|p2a: Goodra|Flash Cannon|p1a: Ninetales\n|-supereffective|p1a: Ninetales\n|-damage|p1a: Ninetales|0 fnt\n|faint|p1a: Ninetales\n|\n|-weather|Snow|[upkeep]\n|upkeep\n|\n|t:|1699768711\n|switch|p1a: Great Tusk|Great Tusk|100\/100\n|turn|4\n|\n|t:|1699768723\n|switch|p2a: Corviknight|Corviknight, M|100\/100\n|-ability|p2a: Corviknight|Pressure\n|move|p1a: Great Tusk|Ice Spinner|p2a: Corviknight\n|-damage|p2a: Corviknight|82\/100\n|-damage|p1a: Great Tusk|84\/100|[from] item: Rocky Helmet|[of] p2a: Corviknight\n|\n|-weather|Snow|[upkeep]\n|upkeep\n|turn|5\n|\n|t:|1699768745\n|-end|p1a: Great Tusk|Protosynthesis|[silent]\n|switch|p1a: Gholdengo|Gholdengo|100\/100\n|-item|p1a: Gholdengo|Air Balloon\n|move|p2a: Corviknight|U-turn|p1a: Gholdengo\n|-resisted|p1a: Gholdengo\n|-damage|p1a: Gholdengo|99\/100\n|-enditem|p1a: Gholdengo|Air Balloon\n|\n|t:|1699768755\n|switch|p2a: Great Tusk|Great Tusk|100\/100|[from] U-turn\n|\n|-weather|none\n|upkeep\n|turn|6\n|\n|t:|1699768762\n|switch|p1a: Rillaboom|Rillaboom, M|100\/100\n|-fieldstart|move: Grassy Terrain|[from] ability: Grassy Surge|[of] p1a: Rillaboom\n|move|p2a: Great Tusk|Knock Off|p1a: Rillaboom\n|-damage|p1a: Rillaboom|86\/100\n|-enditem|p1a: Rillaboom|Choice Band|[from] move: Knock Off|[of] p2a: Great Tusk\n|\n|-heal|p1a: Rillaboom|92\/100|[from] Grassy Terrain\n|upkeep\n|turn|7\n|\n|t:|1699768773\n|-end|p2a: Great Tusk|Protosynthesis|[silent]\n|switch|p2a: Corviknight|Corviknight, M|82\/100\n|-ability|p2a: Corviknight|Pressure\n|move|p1a: Rillaboom|Wood Hammer|p2a: Corviknight\n|-resisted|p2a: Corviknight\n|-damage|p2a: Corviknight|69\/100\n|-damage|p1a: Rillaboom|75\/100|[from] item: Rocky Helmet|[of] p2a: Corviknight\n|-damage|p1a: Rillaboom|70\/100|[from] Recoil\n|\n|-heal|p1a: Rillaboom|76\/100|[from] Grassy Terrain\n|upkeep\n|turn|8\n|\n|t:|1699768780\n|move|p1a: Rillaboom|U-turn|p2a: Corviknight\n|-resisted|p2a: Corviknight\n|-damage|p2a: Corviknight|66\/100\n|-damage|p1a: Rillaboom|60\/100|[from] item: Rocky Helmet|[of] p2a: Corviknight\n|\n|t:|1699768784\n|switch|p1a: Gholdengo|Gholdengo|99\/100|[from] U-turn\n|move|p2a: Corviknight|Roost|p2a: Corviknight\n|-heal|p2a: Corviknight|100\/100\n|-singleturn|p2a: Corviknight|move: Roost\n|\n|-heal|p1a: Gholdengo|100\/100|[from] Grassy Terrain\n|-sideend|p1: Samg004|move: Aurora Veil\n|upkeep\n|turn|9\n|\n|t:|1699768789\n|switch|p2a: Blissey|Blissey, F|100\/100\n|move|p1a: Gholdengo|Thunder Wave|p2a: Blissey\n|-status|p2a: Blissey|par\n|\n|upkeep\n|turn|10\n|\n|t:|1699768801\n|switch|p1a: Great Tusk|Great Tusk|84\/100\n|move|p2a: Blissey|Thunder Wave|p1a: Great Tusk\n|-immune|p1a: Great Tusk\n|\n|-heal|p1a: Great Tusk|90\/100|[from] Grassy Terrain\n|-fieldend|move: Grassy Terrain\n|upkeep\n|turn|11\n|\n|t:|1699768809\n|-curestatus|p2a: Blissey|par|[from] ability: Natural Cure\n|switch|p2a: Corviknight|Corviknight, M|100\/100\n|-ability|p2a: Corviknight|Pressure\n|move|p1a: Great Tusk|Close Combat|p2a: Corviknight\n|-damage|p2a: Corviknight|58\/100\n|-unboost|p1a: Great Tusk|def|1\n|-unboost|p1a: Great Tusk|spd|1\n|-damage|p1a: Great Tusk|74\/100|[from] item: Rocky Helmet|[of] p2a: Corviknight\n|\n|upkeep\n|turn|12\n|\n|t:|1699768821\n|-end|p1a: Great Tusk|Protosynthesis|[silent]\n|switch|p1a: Rillaboom|Rillaboom, M|60\/100\n|-fieldstart|move: Grassy Terrain|[from] ability: Grassy Surge|[of] p1a: Rillaboom\n|move|p2a: Corviknight|Roost|p2a: Corviknight\n|-heal|p2a: Corviknight|100\/100\n|-singleturn|p2a: Corviknight|move: Roost\n|\n|-heal|p1a: Rillaboom|66\/100|[from] Grassy Terrain\n|upkeep\n|turn|13\n|\n|t:|1699768833\n|move|p1a: Rillaboom|Wood Hammer|p2a: Corviknight\n|-resisted|p2a: Corviknight\n|-damage|p2a: Corviknight|90\/100\n|-damage|p1a: Rillaboom|49\/100|[from] item: Rocky Helmet|[of] p2a: Corviknight\n|-damage|p1a: Rillaboom|45\/100|[from] Recoil\n|move|p2a: Corviknight|U-turn|p1a: Rillaboom\n|-supereffective|p1a: Rillaboom\n|-damage|p1a: Rillaboom|15\/100\n|-message|Samg004 forfeited.\n|\n|win|Oshwottking\n|raw|Samg004's rating: 1156 &rarr; <strong>1126<\/strong><br \/>(-30 for losing)\n|raw|Oshwottking's rating: 1092 &rarr; <strong>1123<\/strong><br \/>(+31 for winning)\n|l|\u2606Samg004\n","uploadtime":1699768842,"views":15,"p1id":"samg004","p2id":"oshwottking","formatid":"gen9ou","rating":1123,"private":0,"password":""}