{"id":"gen9ou-1991417525","p1":"Delth","p2":"skittymiaou","format":"[Gen 9] OU","log":"|j|\u2606Delth\n|j|\u2606skittymiaou\n|t:|1700075382\n|gametype|singles\n|player|p1|Delth|blue|1086\n|player|p2|skittymiaou|norman|1183\n|teamsize|p1|6\n|teamsize|p2|6\n|gen|9\n|tier|[Gen 9] OU\n|rated|\n|rule|Sleep Clause Mod: Limit one foe put to sleep\n|rule|Species Clause: Limit one of each Pok\u00e9mon\n|rule|OHKO Clause: OHKO moves are banned\n|rule|Evasion Items Clause: Evasion items are banned\n|rule|Evasion Moves Clause: Evasion moves are banned\n|rule|Endless Battle Clause: Forcing endless battles is banned\n|rule|HP Percentage Mod: HP is shown in percentages\n|clearpoke\n|poke|p1|Alomomola, F|\n|poke|p1|Goodra-Hisui, F|\n|poke|p1|Garchomp, F|\n|poke|p1|Dragonite, F|\n|poke|p1|Gyarados, F|\n|poke|p1|Gholdengo|\n|poke|p2|Chimecho, F|\n|poke|p2|Ursaluna, F|\n|poke|p2|Sneasler, F|\n|poke|p2|Iron Moth|\n|poke|p2|Ogerpon-Wellspring, F|\n|poke|p2|Cinderace, M|\n|teampreview\n|inactive|Battle timer is ON: inactive players will automatically lose when time's up. (requested by skittymiaou)\n|\n|t:|1700075397\n|start\n|switch|p1a: Garchomp|Garchomp, F|100\/100\n|switch|p2a: Chimecho|Chimecho, F, shiny|100\/100\n|turn|1\n|\n|t:|1700075404\n|move|p2a: Chimecho|Cosmic Power|p2a: Chimecho\n|-boost|p2a: Chimecho|def|1\n|-boost|p2a: Chimecho|spd|1\n|move|p1a: Garchomp|Dragon Tail|p2a: Chimecho\n|-damage|p2a: Chimecho|82\/100\n|drag|p2a: Sneasler|Sneasler, F, shiny|100\/100\n|\n|upkeep\n|turn|2\n|\n|t:|1700075412\n|move|p2a: Sneasler|Fake Out|p1a: Garchomp\n|-enditem|p2a: Sneasler|Normal Gem|[from] gem\n|-damage|p1a: Garchomp|88\/100\n|-damage|p2a: Sneasler|88\/100|[from] ability: Rough Skin|[of] p1a: Garchomp\n|-damage|p2a: Sneasler|72\/100|[from] item: Rocky Helmet|[of] p1a: Garchomp\n|cant|p1a: Garchomp|flinch\n|\n|upkeep\n|turn|3\n|\n|t:|1700075423\n|move|p2a: Sneasler|Dire Claw|p1a: Garchomp\n|-resisted|p1a: Garchomp\n|-damage|p1a: Garchomp|75\/100\n|-damage|p2a: Sneasler|59\/100|[from] ability: Rough Skin|[of] p1a: Garchomp\n|-damage|p2a: Sneasler|43\/100|[from] item: Rocky Helmet|[of] p1a: Garchomp\n|move|p1a: Garchomp|Spikes|p2a: Sneasler\n|-sidestart|p2: skittymiaou|Spikes\n|\n|upkeep\n|turn|4\n|\n|t:|1700075431\n|move|p2a: Sneasler|Dire Claw|p1a: Garchomp\n|-resisted|p1a: Garchomp\n|-damage|p1a: Garchomp|62\/100\n|-damage|p2a: Sneasler|30\/100|[from] ability: Rough Skin|[of] p1a: Garchomp\n|-damage|p2a: Sneasler|14\/100|[from] item: Rocky Helmet|[of] p1a: Garchomp\n|move|p1a: Garchomp|Dragon Tail|p2a: Sneasler\n|-damage|p2a: Sneasler|0 fnt\n|faint|p2a: Sneasler\n|\n|upkeep\n|\n|t:|1700075442\n|switch|p2a: Ursaluna|Ursaluna, F|100\/100\n|-damage|p2a: Ursaluna|88\/100|[from] Spikes\n|turn|5\n|\n|t:|1700075454\n|switch|p1a: Alomomola|Alomomola, F|100\/100\n|move|p2a: Ursaluna|Swords Dance|p2a: Ursaluna\n|-boost|p2a: Ursaluna|atk|2\n|\n|-status|p2a: Ursaluna|brn|[from] item: Flame Orb\n|upkeep\n|turn|6\n|\n|t:|1700075465\n|switch|p1a: Gyarados|Gyarados, F, shiny|100\/100\n|-ability|p1a: Gyarados|Intimidate|boost\n|-unboost|p2a: Ursaluna|atk|1\n|move|p2a: Ursaluna|Swords Dance|p2a: Ursaluna\n|-boost|p2a: Ursaluna|atk|2\n|\n|-damage|p2a: Ursaluna|82\/100 brn|[from] brn\n|upkeep\n|turn|7\n|\n|t:|1700075473\n|-terastallize|p2a: Ursaluna|Normal\n|move|p2a: Ursaluna|Facade|p1a: Gyarados\n|-damage|p1a: Gyarados|0 fnt\n|faint|p1a: Gyarados\n|\n|-damage|p2a: Ursaluna|76\/100 brn|[from] brn\n|upkeep\n|\n|t:|1700075495\n|switch|p1a: Gholdengo|Gholdengo|100\/100\n|turn|8\n|\n|t:|1700075498\n|move|p1a: Gholdengo|Make It Rain|p2a: Ursaluna\n|-damage|p2a: Ursaluna|11\/100 brn\n|-unboost|p1a: Gholdengo|spa|1\n|move|p2a: Ursaluna|Earthquake|p1a: Gholdengo\n|-supereffective|p1a: Gholdengo\n|-damage|p1a: Gholdengo|0 fnt\n|faint|p1a: Gholdengo\n|\n|-damage|p2a: Ursaluna|5\/100 brn|[from] brn\n|upkeep\n|\n|t:|1700075508\n|switch|p1a: Dragonite|Dragonite, F|100\/100\n|turn|9\n|\n|t:|1700075511\n|move|p1a: Dragonite|Extreme Speed|p2a: Ursaluna\n|-damage|p2a: Ursaluna|0 fnt\n|faint|p2a: Ursaluna\n|\n|upkeep\n|\n|t:|1700075515\n|switch|p2a: Iron Moth|Iron Moth|100\/100\n|-damage|p2a: Iron Moth|88\/100|[from] Spikes\n|-enditem|p2a: Iron Moth|Booster Energy\n|-activate|p2a: Iron Moth|ability: Quark Drive|[fromitem]\n|-start|p2a: Iron Moth|quarkdrivespe\n|turn|10\n|\n|t:|1700075526\n|move|p2a: Iron Moth|Dazzling Gleam|p1a: Dragonite\n|-supereffective|p1a: Dragonite\n|-damage|p1a: Dragonite|74\/100\n|move|p1a: Dragonite|Earthquake|p2a: Iron Moth\n|-supereffective|p2a: Iron Moth\n|-damage|p2a: Iron Moth|0 fnt\n|faint|p2a: Iron Moth\n|-end|p2a: Iron Moth|Quark Drive|[silent]\n|\n|upkeep\n|\n|t:|1700075531\n|switch|p2a: Chimecho|Chimecho, F, shiny|82\/100\n|turn|11\n|\n|t:|1700075549\n|move|p1a: Dragonite|Encore||[still]\n|-fail|p1a: Dragonite\n|move|p2a: Chimecho|Cosmic Power|p2a: Chimecho\n|-boost|p2a: Chimecho|def|1\n|-boost|p2a: Chimecho|spd|1\n|\n|-heal|p2a: Chimecho|88\/100|[from] item: Leftovers\n|upkeep\n|turn|12\n|\n|t:|1700075561\n|move|p1a: Dragonite|Encore|p2a: Chimecho\n|-start|p2a: Chimecho|Encore\n|move|p2a: Chimecho|Cosmic Power|p2a: Chimecho\n|-boost|p2a: Chimecho|def|1\n|-boost|p2a: Chimecho|spd|1\n|\n|-heal|p2a: Chimecho|94\/100|[from] item: Leftovers\n|upkeep\n|turn|13\n|\n|t:|1700075570\n|move|p1a: Dragonite|Extreme Speed|p2a: Chimecho\n|-damage|p2a: Chimecho|77\/100\n|move|p2a: Chimecho|Cosmic Power|p2a: Chimecho\n|-boost|p2a: Chimecho|def|1\n|-boost|p2a: Chimecho|spd|1\n|\n|-heal|p2a: Chimecho|83\/100|[from] item: Leftovers\n|upkeep\n|turn|14\n|\n|t:|1700075581\n|switch|p1a: Garchomp|Garchomp, F|62\/100\n|move|p2a: Chimecho|Cosmic Power|p2a: Chimecho\n|-boost|p2a: Chimecho|def|1\n|-boost|p2a: Chimecho|spd|1\n|\n|-heal|p2a: Chimecho|89\/100|[from] item: Leftovers\n|-end|p2a: Chimecho|Encore\n|upkeep\n|turn|15\n|\n|t:|1700075592\n|move|p2a: Chimecho|Cosmic Power|p2a: Chimecho\n|-boost|p2a: Chimecho|def|1\n|-boost|p2a: Chimecho|spd|1\n|move|p1a: Garchomp|Dragon Tail|p2a: Chimecho\n|-damage|p2a: Chimecho|80\/100\n|drag|p2a: Ogerpon|Ogerpon-Wellspring, F|100\/100\n|-damage|p2a: Ogerpon|88\/100|[from] Spikes\n|\n|upkeep\n|turn|16\n|\n|t:|1700075611\n|move|p2a: Ogerpon|Ivy Cudgel|p1a: Garchomp|[anim] Ivy Cudgel Water\n|-damage|p1a: Garchomp|23\/100\n|move|p1a: Garchomp|Earth Power|p2a: Ogerpon\n|-resisted|p2a: Ogerpon\n|-damage|p2a: Ogerpon|73\/100\n|\n|upkeep\n|turn|17\n|\n|t:|1700075619\n|switch|p1a: Alomomola|Alomomola, F|100\/100\n|move|p2a: Ogerpon|Horn Leech|p1a: Alomomola\n|-supereffective|p1a: Alomomola\n|-damage|p1a: Alomomola|54\/100\n|-heal|p2a: Ogerpon|100\/100|[from] drain|[of] p1a: Alomomola\n|\n|upkeep\n|turn|18\n|\n|t:|1700075631\n|move|p2a: Ogerpon|Horn Leech|p1a: Alomomola\n|-supereffective|p1a: Alomomola\n|-damage|p1a: Alomomola|1\/100\n|move|p1a: Alomomola|Whirlpool|p2a: Ogerpon\n|-immune|p2a: Ogerpon|[from] ability: Water Absorb\n|\n|upkeep\n|turn|19\n|\n|t:|1700075641\n|switch|p1a: Goodra|Goodra-Hisui, F|100\/100\n|move|p2a: Ogerpon|Horn Leech|p1a: Goodra\n|-ability|p1a: Goodra|Sap Sipper|boost\n|-boost|p1a: Goodra|atk|1\n|\n|upkeep\n|turn|20\n|\n|t:|1700075652\n|move|p2a: Ogerpon|U-turn|p1a: Goodra\n|-resisted|p1a: Goodra\n|-damage|p1a: Goodra|86\/100\n|\n|t:|1700075655\n|switch|p2a: Cinderace|Cinderace, M, shiny|100\/100|[from] U-turn\n|move|p1a: Goodra|Thunder|p2a: Cinderace|[miss]\n|-miss|p1a: Goodra|p2a: Cinderace\n|\n|upkeep\n|turn|21\n|\n|t:|1700075662\n|move|p2a: Cinderace|Pyro Ball|p1a: Goodra\n|-damage|p1a: Goodra|17\/100\n|move|p1a: Goodra|Hydro Pump|p2a: Cinderace|[miss]\n|-miss|p1a: Goodra|p2a: Cinderace\n|\n|upkeep\n|turn|22\n|\n|t:|1700075670\n|switch|p1a: Alomomola|Alomomola, F|34\/100\n|move|p2a: Cinderace|Pyro Ball|p1a: Alomomola\n|-resisted|p1a: Alomomola\n|-damage|p1a: Alomomola|17\/100\n|\n|upkeep\n|turn|23\n|\n|t:|1700075680\n|move|p1a: Alomomola|Protect|p1a: Alomomola\n|-singleturn|p1a: Alomomola|Protect\n|move|p2a: Cinderace|Court Change|p2a: Cinderace\n|-start|p2a: Cinderace|typechange|Normal|[from] ability: Libero\n|-swapsideconditions\n|-activate|p2a: Cinderace|move: Court Change\n|\n|upkeep\n|turn|24\n|\n|t:|1700075703\n|switch|p1a: Dragonite|Dragonite, F|74\/100\n|move|p2a: Cinderace|U-turn|p1a: Dragonite\n|-resisted|p1a: Dragonite\n|-damage|p1a: Dragonite|61\/100\n|\n|t:|1700075710\n|switch|p2a: Chimecho|Chimecho, F, shiny|80\/100|[from] U-turn\n|\n|-heal|p2a: Chimecho|86\/100|[from] item: Leftovers\n|upkeep\n|turn|25\n|\n|t:|1700075716\n|move|p1a: Dragonite|Roost|p1a: Dragonite\n|-heal|p1a: Dragonite|100\/100\n|-singleturn|p1a: Dragonite|move: Roost\n|move|p2a: Chimecho|Cosmic Power|p2a: Chimecho\n|-boost|p2a: Chimecho|def|1\n|-boost|p2a: Chimecho|spd|1\n|\n|-heal|p2a: Chimecho|93\/100|[from] item: Leftovers\n|upkeep\n|turn|26\n|\n|t:|1700075725\n|move|p1a: Dragonite|Encore|p2a: Chimecho\n|-start|p2a: Chimecho|Encore\n|move|p2a: Chimecho|Cosmic Power|p2a: Chimecho\n|-boost|p2a: Chimecho|def|1\n|-boost|p2a: Chimecho|spd|1\n|\n|-heal|p2a: Chimecho|99\/100|[from] item: Leftovers\n|upkeep\n|turn|27\n|\n|t:|1700075736\n|switch|p1a: Garchomp|Garchomp, F|23\/100\n|-damage|p1a: Garchomp|11\/100|[from] Spikes\n|move|p2a: Chimecho|Cosmic Power|p2a: Chimecho\n|-boost|p2a: Chimecho|def|1\n|-boost|p2a: Chimecho|spd|1\n|\n|-heal|p2a: Chimecho|100\/100|[from] item: Leftovers\n|upkeep\n|turn|28\n|\n|t:|1700075744\n|move|p2a: Chimecho|Cosmic Power|p2a: Chimecho\n|-boost|p2a: Chimecho|def|1\n|-boost|p2a: Chimecho|spd|1\n|move|p1a: Garchomp|Dragon Tail|p2a: Chimecho\n|-damage|p2a: Chimecho|89\/100\n|drag|p2a: Cinderace|Cinderace, M, shiny|100\/100\n|\n|upkeep\n|turn|29\n|\n|t:|1700075754\n|move|p2a: Cinderace|Sucker Punch|p1a: Garchomp\n|-start|p2a: Cinderace|typechange|Dark|[from] ability: Libero\n|-damage|p1a: Garchomp|0 fnt\n|-damage|p2a: Cinderace|88\/100|[from] ability: Rough Skin|[of] p1a: Garchomp\n|-damage|p2a: Cinderace|72\/100|[from] item: Rocky Helmet|[of] p1a: Garchomp\n|faint|p1a: Garchomp\n|\n|upkeep\n|\n|t:|1700075762\n|switch|p1a: Dragonite|Dragonite, F|100\/100\n|turn|30\n|\n|t:|1700075767\n|move|p1a: Dragonite|Extreme Speed|p2a: Cinderace\n|-damage|p2a: Cinderace|28\/100\n|move|p2a: Cinderace|U-turn|p1a: Dragonite\n|-resisted|p1a: Dragonite\n|-damage|p1a: Dragonite|95\/100\n|\n|t:|1700075773\n|switch|p2a: Chimecho|Chimecho, F, shiny|89\/100|[from] U-turn\n|\n|-heal|p2a: Chimecho|96\/100|[from] item: Leftovers\n|upkeep\n|turn|31\n|\n|t:|1700075784\n|-terastallize|p1a: Dragonite|Normal\n|move|p1a: Dragonite|Extreme Speed|p2a: Chimecho\n|-damage|p2a: Chimecho|43\/100\n|move|p2a: Chimecho|Cosmic Power|p2a: Chimecho\n|-boost|p2a: Chimecho|def|1\n|-boost|p2a: Chimecho|spd|1\n|\n|-heal|p2a: Chimecho|49\/100|[from] item: Leftovers\n|upkeep\n|turn|32\n|\n|t:|1700075795\n|move|p1a: Dragonite|Extreme Speed|p2a: Chimecho\n|-damage|p2a: Chimecho|13\/100\n|move|p2a: Chimecho|Cosmic Power|p2a: Chimecho\n|-boost|p2a: Chimecho|def|1\n|-boost|p2a: Chimecho|spd|1\n|\n|-heal|p2a: Chimecho|19\/100|[from] item: Leftovers\n|upkeep\n|turn|33\n|\n|t:|1700075802\n|move|p1a: Dragonite|Extreme Speed|p2a: Chimecho\n|-damage|p2a: Chimecho|0 fnt\n|faint|p2a: Chimecho\n|\n|upkeep\n|\n|t:|1700075806\n|switch|p2a: Ogerpon|Ogerpon-Wellspring, F|100\/100\n|turn|34\n|\n|t:|1700075816\n|move|p1a: Dragonite|Extreme Speed|p2a: Ogerpon\n|-damage|p2a: Ogerpon|40\/100\n|move|p2a: Ogerpon|Horn Leech|p1a: Dragonite\n|-damage|p1a: Dragonite|47\/100\n|-heal|p2a: Ogerpon|66\/100|[from] drain|[of] p1a: Dragonite\n|\n|upkeep\n|turn|35\n|\n|t:|1700075836\n|move|p1a: Dragonite|Extreme Speed|p2a: Ogerpon\n|-damage|p2a: Ogerpon|1\/100\n|move|p2a: Ogerpon|Horn Leech|p1a: Dragonite\n|-damage|p1a: Dragonite|0 fnt\n|-heal|p2a: Ogerpon|26\/100|[from] drain|[of] p1a: Dragonite\n|faint|p1a: Dragonite\n|\n|upkeep\n|\n|t:|1700075849\n|switch|p1a: Goodra|Goodra-Hisui, F|17\/100\n|-damage|p1a: Goodra|4\/100|[from] Spikes\n|turn|36\n|\n|t:|1700075857\n|move|p2a: Ogerpon|Ivy Cudgel|p1a: Goodra|[anim] Ivy Cudgel Water\n|-resisted|p1a: Goodra\n|-damage|p1a: Goodra|0 fnt\n|faint|p1a: Goodra\n|\n|upkeep\n|\n|t:|1700075862\n|switch|p1a: Alomomola|Alomomola, F|51\/100\n|turn|37\n|\n|t:|1700075867\n|move|p2a: Ogerpon|Horn Leech|p1a: Alomomola\n|-supereffective|p1a: Alomomola\n|-damage|p1a: Alomomola|3\/100\n|-heal|p2a: Ogerpon|66\/100|[from] drain|[of] p1a: Alomomola\n|move|p1a: Alomomola|Chilling Water|p2a: Ogerpon\n|-heal|p2a: Ogerpon|91\/100|[from] ability: Water Absorb|[of] p1a: Alomomola\n|\n|upkeep\n|turn|38\n|\n|t:|1700075876\n|move|p1a: Alomomola|Protect|p1a: Alomomola\n|-singleturn|p1a: Alomomola|Protect\n|move|p2a: Ogerpon|Horn Leech|p1a: Alomomola\n|-activate|p1a: Alomomola|move: Protect\n|\n|upkeep\n|turn|39\n|\n|t:|1700075885\n|move|p2a: Ogerpon|Horn Leech|p1a: Alomomola\n|-supereffective|p1a: Alomomola\n|-damage|p1a: Alomomola|0 fnt\n|-heal|p2a: Ogerpon|93\/100|[from] drain|[of] p1a: Alomomola\n|faint|p1a: Alomomola\n|\n|win|skittymiaou\n|raw|Delth's rating: 1086 &rarr; <strong>1069<\/strong><br \/>(-17 for losing)\n|raw|skittymiaou's rating: 1183 &rarr; <strong>1201<\/strong><br \/>(+18 for winning)\n","uploadtime":1700075889,"views":24,"p1id":"delth","p2id":"skittymiaou","formatid":"gen9ou","rating":1069,"private":0,"password":""}