{"id":"gen9ou-1994242156","p1":"brockpewtercitygym","p2":"mr.pickup","format":"[Gen 9] OU","log":"|j|\u2606brockpewtercitygym\n|j|\u2606mr.pickup\n|inactive|Battle timer is ON: inactive players will automatically lose when time's up.\n|t:|1700422600\n|gametype|singles\n|player|p1|brockpewtercitygym|brock|\n|player|p2|mr.pickup|skierf|\n|teamsize|p1|3\n|teamsize|p2|3\n|gen|9\n|tier|[Gen 9] OU\n|rated|Tournament battle\n|rule|Sleep Clause Mod: Limit one foe put to sleep\n|rule|Species Clause: Limit one of each Pok\u00e9mon\n|rule|OHKO Clause: OHKO moves are banned\n|rule|Evasion Items Clause: Evasion items are banned\n|rule|Evasion Moves Clause: Evasion moves are banned\n|rule|Endless Battle Clause: Forcing endless battles is banned\n|rule|HP Percentage Mod: HP is shown in percentages\n|clearpoke\n|poke|p1|Lokix, F|\n|poke|p1|Samurott-Hisui, F|\n|poke|p1|Dudunsparce-*, F|\n|poke|p2|Hariyama, M|\n|poke|p2|Kingambit, M|\n|poke|p2|Froslass, F|\n|teampreview\n|j|*Lady Monita \u2746\n|inactive|mr.pickup also wants the timer to be on.\n|c|\u2606mr.pickup|gl hf\n|c|\u2606brockpewtercitygym|you too\n|\n|t:|1700422608\n|start\n|switch|p1a: Lokix|Lokix, F|100\/100\n|switch|p2a: Hariyama|Hariyama, M|100\/100\n|turn|1\n|\n|t:|1700422612\n|move|p2a: Hariyama|Fake Out|p1a: Lokix\n|-damage|p1a: Lokix|79\/100\n|cant|p1a: Lokix|flinch\n|\n|upkeep\n|turn|2\n|\n|t:|1700422615\n|move|p1a: Lokix|U-turn|p2a: Hariyama\n|-resisted|p2a: Hariyama\n|-damage|p2a: Hariyama|56\/100\n|-damage|p1a: Lokix|69\/100|[from] item: Life Orb\n|\n|t:|1700422617\n|switch|p1a: Samurott|Samurott-Hisui, F|100\/100|[from] U-turn\n|move|p2a: Hariyama|Drain Punch|p1a: Samurott\n|-supereffective|p1a: Samurott\n|-damage|p1a: Samurott|1\/100\n|-heal|p2a: Hariyama|89\/100|[from] drain|[of] p1a: Samurott\n|\n|upkeep\n|turn|3\n|\n|t:|1700422621\n|switch|p1a: Lokix|Lokix, F|69\/100\n|move|p2a: Hariyama|Drain Punch|p1a: Lokix\n|-crit|p1a: Lokix\n|-damage|p1a: Lokix|0 fnt\n|-heal|p2a: Hariyama|100\/100|[from] drain|[of] p1a: Lokix\n|faint|p1a: Lokix\n|\n|upkeep\n|\n|t:|1700422624\n|switch|p1a: Dudunsparce|Dudunsparce, F|100\/100\n|turn|4\n|\n|t:|1700422628\n|move|p1a: Dudunsparce|Glare|p2a: Hariyama\n|-status|p2a: Hariyama|par\n|cant|p2a: Hariyama|par\n|\n|upkeep\n|turn|5\n|\n|t:|1700422632\n|-terastallize|p1a: Dudunsparce|Normal\n|move|p1a: Dudunsparce|Boomburst|p2a: Hariyama\n|-damage|p2a: Hariyama|44\/100 par\n|-enditem|p1a: Dudunsparce|Throat Spray\n|-boost|p1a: Dudunsparce|spa|1|[from] item: Throat Spray\n|cant|p2a: Hariyama|par\n|\n|upkeep\n|turn|6\n|j| DabBuster184\n|\n|t:|1700422638\n|move|p1a: Dudunsparce|Boomburst|p2a: Hariyama\n|-damage|p2a: Hariyama|0 fnt\n|faint|p2a: Hariyama\n|\n|upkeep\n|c|\u2606mr.pickup|oh\n|\n|t:|1700422641\n|switch|p2a: Froslass|Froslass, F|100\/100\n|turn|7\n|\n|t:|1700422649\n|-terastallize|p2a: Froslass|Fighting\n|move|p2a: Froslass|Tera Blast|p1a: Dudunsparce|[anim] Tera Blast Fighting\n|-supereffective|p1a: Dudunsparce\n|-damage|p1a: Dudunsparce|45\/100\n|move|p1a: Dudunsparce|Glare|p2a: Froslass\n|-status|p2a: Froslass|par\n|\n|upkeep\n|turn|8\n|j| ZacianBoi101\n|\n|t:|1700422654\n|move|p2a: Froslass|Tera Blast|p1a: Dudunsparce|[anim] Tera Blast Fighting\n|-supereffective|p1a: Dudunsparce\n|-damage|p1a: Dudunsparce|0 fnt\n|faint|p1a: Dudunsparce\n|\n|upkeep\n|\n|t:|1700422656\n|switch|p1a: Samurott|Samurott-Hisui, F|1\/100\n|turn|9\n|c|\u2606brockpewtercitygym|gg\n|\n|t:|1700422660\n|move|p1a: Samurott|Aqua Cutter|p2a: Froslass\n|-damage|p2a: Froslass|19\/100 par\n|-start|p1a: Samurott|Disable|Aqua Cutter|[from] ability: Cursed Body|[of] p2a: Froslass\n|move|p2a: Froslass|Tera Blast|p1a: Samurott|[anim] Tera Blast Fighting\n|-supereffective|p1a: Samurott\n|-damage|p1a: Samurott|0 fnt\n|faint|p1a: Samurott\n|\n|win|mr.pickup\n|n|\u2606brockpewtercitygym|brockpewtercitygym\n|n|\u2606mr.pickup|mrpickup\n|n|*Lady Monita \u2746|ladymonita\n|n| DabBuster184|dabbuster184\n|n| ZacianBoi101|zacianboi101\n","uploadtime":1700422661,"views":8,"p1id":"brockpewtercitygym","p2id":"mrpickup","formatid":"gen9ou","rating":0,"private":0,"password":""}