{"id":"gen9ou-1991643494","p1":"juanma519","p2":"CelestialEvolution","format":"[Gen 9] OU","log":"|j|\u2606juanma519\n|j|\u2606CelestialEvolution\n|inactive|Battle timer is ON: inactive players will automatically lose when time's up.\n|t:|1700097683\n|gametype|singles\n|player|p1|juanma519|1|\n|player|p2|CelestialEvolution|winona|\n|teamsize|p1|6\n|teamsize|p2|6\n|gen|9\n|tier|[Gen 9] OU\n|rated|Tournament battle\n|rule|Sleep Clause Mod: Limit one foe put to sleep\n|rule|Species Clause: Limit one of each Pok\u00e9mon\n|rule|OHKO Clause: OHKO moves are banned\n|rule|Evasion Items Clause: Evasion items are banned\n|rule|Evasion Moves Clause: Evasion moves are banned\n|rule|Endless Battle Clause: Forcing endless battles is banned\n|rule|HP Percentage Mod: HP is shown in percentages\n|clearpoke\n|poke|p1|Ninetales-Alola, F|\n|poke|p1|Mismagius, M|\n|poke|p1|Shaymin|\n|poke|p1|Iron Leaves|\n|poke|p1|Iron Valiant|\n|poke|p1|Indeedee, M|\n|poke|p2|Ninetales-Alola, F|\n|poke|p2|Mismagius, F|\n|poke|p2|Shaymin|\n|poke|p2|Iron Leaves|\n|poke|p2|Iron Valiant|\n|poke|p2|Indeedee, M|\n|teampreview\n|j|*Lady Monita \u2746\n|inactive|juanma519 also wants the timer to be on.\n|c|\u2606juanma519|gl hf\n|c|\u2606CelestialEvolution|U2\n|\n|t:|1700097709\n|start\n|switch|p1a: Ninetales|Ninetales-Alola, F|100\/100\n|switch|p2a: Mismagius|Mismagius, F|100\/100\n|-weather|Snow|[from] ability: Snow Warning|[of] p1a: Ninetales\n|turn|1\n|\n|t:|1700097720\n|switch|p1a: Indeedee|Indeedee, M|100\/100\n|-fieldstart|move: Psychic Terrain|[from] ability: Psychic Surge|[of] p1a: Indeedee\n|move|p2a: Mismagius|Mystical Fire|p1a: Indeedee\n|-damage|p1a: Indeedee|82\/100\n|-unboost|p1a: Indeedee|spa|1\n|\n|-weather|Snow|[upkeep]\n|upkeep\n|turn|2\n|\n|t:|1700097733\n|move|p2a: Mismagius|Mystical Fire|p1a: Indeedee\n|-damage|p1a: Indeedee|64\/100\n|-unboost|p1a: Indeedee|spa|1\n|move|p1a: Indeedee|Calm Mind|p1a: Indeedee\n|-boost|p1a: Indeedee|spa|1\n|-boost|p1a: Indeedee|spd|1\n|\n|-weather|Snow|[upkeep]\n|upkeep\n|turn|3\n|\n|t:|1700097742\n|move|p2a: Mismagius|Mystical Fire|p1a: Indeedee\n|-damage|p1a: Indeedee|52\/100\n|-unboost|p1a: Indeedee|spa|1\n|move|p1a: Indeedee|Psychic|p2a: Mismagius\n|-damage|p2a: Mismagius|73\/100\n|\n|-weather|Snow|[upkeep]\n|upkeep\n|turn|4\n|\n|t:|1700097755\n|move|p2a: Mismagius|Mystical Fire|p1a: Indeedee\n|-damage|p1a: Indeedee|38\/100\n|-unboost|p1a: Indeedee|spa|1\n|move|p1a: Indeedee|Calm Mind|p1a: Indeedee\n|-boost|p1a: Indeedee|spa|1\n|-boost|p1a: Indeedee|spd|1\n|\n|-weather|Snow|[upkeep]\n|upkeep\n|turn|5\n|\n|t:|1700097771\n|move|p2a: Mismagius|Mystical Fire|p1a: Indeedee\n|-damage|p1a: Indeedee|29\/100\n|-unboost|p1a: Indeedee|spa|1\n|move|p1a: Indeedee|Psychic|p2a: Mismagius\n|-damage|p2a: Mismagius|50\/100\n|\n|-weather|none\n|-fieldend|move: Psychic Terrain\n|upkeep\n|turn|6\n|\n|t:|1700097783\n|move|p2a: Mismagius|Mystical Fire|p1a: Indeedee\n|-damage|p1a: Indeedee|19\/100\n|-unboost|p1a: Indeedee|spa|1\n|-enditem|p1a: Indeedee|Aguav Berry|[eat]\n|-heal|p1a: Indeedee|52\/100|[from] item: Aguav Berry\n|move|p1a: Indeedee|Psychic|p2a: Mismagius\n|-damage|p2a: Mismagius|35\/100\n|\n|upkeep\n|turn|7\n|\n|t:|1700097810\n|switch|p2a: Iron Leaves|Iron Leaves|100\/100\n|-enditem|p2a: Iron Leaves|Booster Energy\n|-activate|p2a: Iron Leaves|ability: Quark Drive|[fromitem]\n|-start|p2a: Iron Leaves|quarkdriveatk\n|switch|p1a: Mismagius|Mismagius, M|100\/100\n|\n|upkeep\n|turn|8\n|inactive|juanma519 has 120 seconds left.\n|\n|t:|1700097829\n|move|p1a: Mismagius|Calm Mind|p1a: Mismagius\n|-boost|p1a: Mismagius|spa|1\n|-boost|p1a: Mismagius|spd|1\n|move|p2a: Iron Leaves|Trailblaze|p1a: Mismagius\n|-damage|p1a: Mismagius|48\/100\n|-boost|p2a: Iron Leaves|spe|1\n|\n|upkeep\n|turn|9\n|inactive|juanma519 has 120 seconds left.\n|\n|t:|1700097852\n|switch|p1a: Ninetales|Ninetales-Alola, F|100\/100\n|-weather|Snow|[from] ability: Snow Warning|[of] p1a: Ninetales\n|move|p2a: Iron Leaves|Leaf Blade|p1a: Ninetales\n|-damage|p1a: Ninetales|38\/100\n|\n|-weather|Snow|[upkeep]\n|upkeep\n|turn|10\n|\n|t:|1700097861\n|move|p2a: Iron Leaves|Leaf Blade|p1a: Ninetales\n|-damage|p1a: Ninetales|0 fnt\n|faint|p1a: Ninetales\n|\n|-weather|Snow|[upkeep]\n|upkeep\n|\n|t:|1700097868\n|switch|p1a: Iron Leaves|Iron Leaves|100\/100\n|turn|11\n|inactive|juanma519 has 120 seconds left.\n|\n|t:|1700097874\n|move|p2a: Iron Leaves|Iron Defense|p2a: Iron Leaves\n|-boost|p2a: Iron Leaves|def|2\n|move|p1a: Iron Leaves|Megahorn|p2a: Iron Leaves\n|-supereffective|p2a: Iron Leaves\n|-damage|p2a: Iron Leaves|15\/100\n|\n|-weather|Snow|[upkeep]\n|upkeep\n|turn|12\n|\n|t:|1700097881\n|move|p2a: Iron Leaves|Leaf Blade|p1a: Iron Leaves\n|-resisted|p1a: Iron Leaves\n|-damage|p1a: Iron Leaves|78\/100\n|move|p1a: Iron Leaves|Megahorn|p2a: Iron Leaves\n|-supereffective|p2a: Iron Leaves\n|-damage|p2a: Iron Leaves|0 fnt\n|faint|p2a: Iron Leaves\n|-end|p2a: Iron Leaves|Quark Drive|[silent]\n|\n|-weather|Snow|[upkeep]\n|-heal|p1a: Iron Leaves|84\/100|[from] item: Leftovers\n|upkeep\n|\n|t:|1700097887\n|switch|p2a: Ninetales|Ninetales-Alola, F|100\/100\n|turn|13\n|\n|t:|1700097893\n|move|p1a: Iron Leaves|Protect|p1a: Iron Leaves\n|-singleturn|p1a: Iron Leaves|Protect\n|move|p2a: Ninetales|Aurora Veil|p2a: Ninetales\n|-sidestart|p2: CelestialEvolution|move: Aurora Veil\n|\n|-weather|none\n|-heal|p1a: Iron Leaves|90\/100|[from] item: Leftovers\n|upkeep\n|turn|14\n|j| Im dumb srly\n|l| Im dumb srly\n|\n|t:|1700097906\n|-end|p1a: Iron Leaves|Quark Drive|[silent]\n|switch|p1a: Indeedee|Indeedee, M|52\/100\n|-fieldstart|move: Psychic Terrain|[from] ability: Psychic Surge|[of] p1a: Indeedee\n|move|p2a: Ninetales|Blizzard|p1a: Indeedee|[miss]\n|-miss|p2a: Ninetales|p1a: Indeedee\n|\n|upkeep\n|turn|15\n|\n|t:|1700097916\n|move|p2a: Ninetales|Blizzard|p1a: Indeedee\n|-damage|p1a: Indeedee|17\/100\n|move|p1a: Indeedee|Psychic|p2a: Ninetales\n|-damage|p2a: Ninetales|75\/100\n|\n|upkeep\n|turn|16\n|\n|t:|1700097921\n|move|p2a: Ninetales|Moonblast|p1a: Indeedee\n|-damage|p1a: Indeedee|0 fnt\n|faint|p1a: Indeedee\n|\n|upkeep\n|\n|t:|1700097929\n|switch|p1a: Mismagius|Mismagius, M|48\/100\n|turn|17\n|\n|t:|1700097935\n|move|p1a: Mismagius|Shadow Ball|p2a: Ninetales\n|-damage|p2a: Ninetales|59\/100\n|move|p2a: Ninetales|Blizzard|p1a: Mismagius|[miss]\n|-miss|p2a: Ninetales|p1a: Mismagius\n|\n|upkeep\n|turn|18\n|\n|t:|1700097945\n|switch|p1a: Iron Valiant|Iron Valiant|100\/100\n|-enditem|p1a: Iron Valiant|Booster Energy\n|-activate|p1a: Iron Valiant|ability: Quark Drive|[fromitem]\n|-start|p1a: Iron Valiant|quarkdriveatk\n|move|p2a: Ninetales|Moonblast|p1a: Iron Valiant\n|-supereffective|p1a: Iron Valiant\n|-damage|p1a: Iron Valiant|0 fnt\n|faint|p1a: Iron Valiant\n|-end|p1a: Iron Valiant|Quark Drive|[silent]\n|\n|-fieldend|move: Psychic Terrain\n|upkeep\n|\n|t:|1700097957\n|switch|p1a: Shaymin|Shaymin|100\/100\n|turn|19\n|\n|t:|1700097962\n|move|p2a: Ninetales|Blizzard|p1a: Shaymin\n|-supereffective|p1a: Shaymin\n|-crit|p1a: Shaymin\n|-damage|p1a: Shaymin|2\/100\n|move|p1a: Shaymin|Seed Flare|p2a: Ninetales\n|-damage|p2a: Ninetales|36\/100\n|\n|upkeep\n|turn|20\n|\n|t:|1700097969\n|move|p2a: Ninetales|Moonblast|p1a: Shaymin\n|-damage|p1a: Shaymin|0 fnt\n|faint|p1a: Shaymin\n|\n|-sideend|p2: CelestialEvolution|move: Aurora Veil\n|upkeep\n|\n|t:|1700097974\n|switch|p1a: Iron Leaves|Iron Leaves|90\/100\n|turn|21\n|c|\u2606juanma519|gg\n|\n|t:|1700097983\n|switch|p2a: Indeedee|Indeedee, M|100\/100\n|move|p1a: Iron Leaves|Sacred Sword|p2a: Indeedee\n|-damage|p2a: Indeedee|50\/100\n|\n|-heal|p1a: Iron Leaves|97\/100|[from] item: Leftovers\n|upkeep\n|turn|22\n|-message|juanma519 forfeited.\n|\n|win|CelestialEvolution\n|n|\u2606juanma519|juanma519\n|n|\u2606CelestialEvolution|celestialevolution\n|n|*Lady Monita \u2746|ladymonita\n","uploadtime":1700097984,"views":7,"p1id":"juanma519","p2id":"celestialevolution","formatid":"gen9ou","rating":0,"private":0,"password":""}