{"id":"gen9ou-1991938475","p1":"Ditto2Top","p2":"Smuggler123","format":"[Gen 9] OU","log":"|j|\u2606Ditto2Top\n|j|\u203dSmuggler123\n|t:|1700140426\n|gametype|singles\n|player|p1|Ditto2Top|koga|1077\n|player|p2|Smuggler123|1|1000\n|teamsize|p1|6\n|teamsize|p2|6\n|gen|9\n|tier|[Gen 9] OU\n|rated|\n|rule|Sleep Clause Mod: Limit one foe put to sleep\n|rule|Species Clause: Limit one of each Pok\u00e9mon\n|rule|OHKO Clause: OHKO moves are banned\n|rule|Evasion Items Clause: Evasion items are banned\n|rule|Evasion Moves Clause: Evasion moves are banned\n|rule|Endless Battle Clause: Forcing endless battles is banned\n|rule|HP Percentage Mod: HP is shown in percentages\n|clearpoke\n|poke|p1|Iron Valiant|\n|poke|p1|Ceruledge, F|\n|poke|p1|Ditto|\n|poke|p1|Cinderace, M|\n|poke|p1|Kingambit, F|\n|poke|p1|Slowking-Galar, F|\n|poke|p2|Samurott-Hisui, M|\n|poke|p2|Braviary-Hisui, M|\n|poke|p2|Arcanine-Hisui, M|\n|poke|p2|Ursaluna, M|\n|poke|p2|Goodra-Hisui, M|\n|poke|p2|Electrode-Hisui|\n|teampreview\n|\n|t:|1700140432\n|start\n|switch|p1a: Ronaldo|Cinderace, M, shiny|100\/100\n|switch|p2a: Electrode|Electrode-Hisui|100\/100\n|turn|1\n|inactive|Battle timer is ON: inactive players will automatically lose when time's up. (requested by Ditto2Top)\n|\n|t:|1700140439\n|move|p2a: Electrode|Thunder Wave|p1a: Ronaldo\n|-status|p1a: Ronaldo|par\n|move|p1a: Ronaldo|Pyro Ball|p2a: Electrode\n|-supereffective|p2a: Electrode\n|-enditem|p2a: Electrode|Focus Sash\n|-damage|p2a: Electrode|1\/100\n|\n|upkeep\n|turn|2\n|\n|t:|1700140446\n|move|p1a: Ronaldo|Sucker Punch|p2a: Electrode\n|-start|p1a: Ronaldo|typechange|Dark|[from] ability: Libero\n|-damage|p2a: Electrode|0 fnt\n|faint|p2a: Electrode\n|\n|upkeep\n|\n|t:|1700140453\n|switch|p2a: Samurott|Samurott-Hisui, M, shiny|100\/100\n|turn|3\n|\n|t:|1700140457\n|move|p2a: Samurott|Sacred Sword|p1a: Ronaldo\n|-supereffective|p1a: Ronaldo\n|-damage|p1a: Ronaldo|0 fnt\n|faint|p1a: Ronaldo\n|\n|upkeep\n|\n|t:|1700140463\n|switch|p1a: PowerRanger|Iron Valiant, shiny|100\/100\n|-enditem|p1a: PowerRanger|Booster Energy\n|-activate|p1a: PowerRanger|ability: Quark Drive|[fromitem]\n|-start|p1a: PowerRanger|quarkdrivespe\n|turn|4\n|\n|t:|1700140467\n|switch|p2a: Braviary|Braviary-Hisui, M, shiny|100\/100\n|move|p1a: PowerRanger|Moonblast|p2a: Braviary\n|-damage|p2a: Braviary|48\/100\n|-unboost|p2a: Braviary|spa|1\n|\n|upkeep\n|turn|5\n|\n|t:|1700140473\n|move|p1a: PowerRanger|Moonblast|p2a: Braviary\n|-damage|p2a: Braviary|0 fnt\n|faint|p2a: Braviary\n|\n|upkeep\n|\n|t:|1700140482\n|switch|p2a: Arcanine|Arcanine-Hisui, M, shiny|100\/100\n|turn|6\n|\n|t:|1700140486\n|move|p1a: PowerRanger|Shadow Ball|p2a: Arcanine\n|-damage|p2a: Arcanine|66\/100\n|move|p2a: Arcanine|Flare Blitz|p1a: PowerRanger\n|-damage|p1a: PowerRanger|0 fnt\n|faint|p1a: PowerRanger\n|-end|p1a: PowerRanger|Quark Drive|[silent]\n|\n|upkeep\n|\n|t:|1700140492\n|switch|p1a: DestinyBOND|Ceruledge, F|100\/100\n|turn|7\n|\n|t:|1700140496\n|switch|p2a: Samurott|Samurott-Hisui, M, shiny|100\/100\n|move|p1a: DestinyBOND|Swords Dance|p1a: DestinyBOND\n|-boost|p1a: DestinyBOND|atk|2\n|\n|upkeep\n|turn|8\n|\n|t:|1700140499\n|move|p1a: DestinyBOND|Close Combat|p2a: Samurott\n|-supereffective|p2a: Samurott\n|-damage|p2a: Samurott|0 fnt\n|-unboost|p1a: DestinyBOND|def|1\n|-unboost|p1a: DestinyBOND|spd|1\n|faint|p2a: Samurott\n|\n|upkeep\n|\n|t:|1700140512\n|switch|p2a: Arcanine|Arcanine-Hisui, M, shiny|66\/100\n|turn|9\n|\n|t:|1700140517\n|move|p2a: Arcanine|Head Smash|p1a: DestinyBOND\n|-supereffective|p1a: DestinyBOND\n|-enditem|p1a: DestinyBOND|Focus Sash\n|-damage|p1a: DestinyBOND|1\/100\n|-ability|p1a: DestinyBOND|Weak Armor|boost\n|-unboost|p1a: DestinyBOND|def|1\n|-boost|p1a: DestinyBOND|spe|2\n|move|p1a: DestinyBOND|Bitter Blade|p2a: Arcanine\n|-resisted|p2a: Arcanine\n|-damage|p2a: Arcanine|38\/100\n|-heal|p1a: DestinyBOND|17\/100|[from] drain|[of] p2a: Arcanine\n|\n|upkeep\n|turn|10\n|\n|t:|1700140527\n|move|p1a: DestinyBOND|Close Combat|p2a: Arcanine\n|-supereffective|p2a: Arcanine\n|-damage|p2a: Arcanine|0 fnt\n|-unboost|p1a: DestinyBOND|def|1\n|-unboost|p1a: DestinyBOND|spd|1\n|faint|p2a: Arcanine\n|\n|upkeep\n|\n|t:|1700140530\n|switch|p2a: Ursaluna|Ursaluna, M, shiny|100\/100\n|turn|11\n|\n|t:|1700140533\n|move|p2a: Ursaluna|Protect|p2a: Ursaluna\n|-singleturn|p2a: Ursaluna|Protect\n|move|p1a: DestinyBOND|Bitter Blade|p2a: Ursaluna\n|-activate|p2a: Ursaluna|move: Protect\n|\n|-status|p2a: Ursaluna|brn|[from] item: Flame Orb\n|upkeep\n|turn|12\n|\n|t:|1700140537\n|move|p1a: DestinyBOND|Close Combat|p2a: Ursaluna\n|-supereffective|p2a: Ursaluna\n|-damage|p2a: Ursaluna|0 fnt\n|-unboost|p1a: DestinyBOND|def|1\n|-unboost|p1a: DestinyBOND|spd|1\n|faint|p2a: Ursaluna\n|\n|upkeep\n|\n|t:|1700140543\n|switch|p2a: Goodra|Goodra-Hisui, M, shiny|100\/100\n|turn|13\n|\n|t:|1700140546\n|-terastallize|p2a: Goodra|Flying\n|move|p1a: DestinyBOND|Bitter Blade|p2a: Goodra\n|-damage|p2a: Goodra|8\/100\n|-heal|p1a: DestinyBOND|75\/100|[from] drain|[of] p2a: Goodra\n|move|p2a: Goodra|Shelter|p2a: Goodra\n|-boost|p2a: Goodra|def|2\n|\n|-heal|p2a: Goodra|14\/100|[from] item: Leftovers\n|upkeep\n|turn|14\n|\n|t:|1700140551\n|move|p1a: DestinyBOND|Bitter Blade|p2a: Goodra\n|-damage|p2a: Goodra|0 fnt\n|-heal|p1a: DestinyBOND|84\/100|[from] drain|[of] p2a: Goodra\n|faint|p2a: Goodra\n|\n|win|Ditto2Top\n|raw|Ditto2Top's rating: 1077 &rarr; <strong>1099<\/strong><br \/>(+22 for winning)\n|raw|Smuggler123's rating: 1000 &rarr; <strong>1000<\/strong><br \/>(+0 for losing)\n|l|\u203dSmuggler123\n","uploadtime":1700140559,"views":15,"p1id":"ditto2top","p2id":"smuggler123","formatid":"gen9ou","rating":1000,"private":0,"password":""}