{"id":"gen9ou-1993044086","p1":"LegacyShowden","p2":"Ben Baller Chain","format":"[Gen 9] OU","log":"|j|\u2606LegacyShowden\n|j|\u2606Ben Baller Chain\n|t:|1700258591\n|gametype|singles\n|player|p1|LegacyShowden|rosa|1521\n|player|p2|Ben Baller Chain|n|1520\n|teamsize|p1|6\n|teamsize|p2|6\n|gen|9\n|tier|[Gen 9] OU\n|rated|\n|rule|Sleep Clause Mod: Limit one foe put to sleep\n|rule|Species Clause: Limit one of each Pok\u00e9mon\n|rule|OHKO Clause: OHKO moves are banned\n|rule|Evasion Items Clause: Evasion items are banned\n|rule|Evasion Moves Clause: Evasion moves are banned\n|rule|Endless Battle Clause: Forcing endless battles is banned\n|rule|HP Percentage Mod: HP is shown in percentages\n|clearpoke\n|poke|p1|Great Tusk|\n|poke|p1|Samurott-Hisui, M|\n|poke|p1|Dragapult, M|\n|poke|p1|Gholdengo|\n|poke|p1|Heatran, M|\n|poke|p1|Ogerpon-Wellspring, F|\n|poke|p2|Clodsire, F|\n|poke|p2|Ogerpon-Wellspring, F|\n|poke|p2|Clefable, F|\n|poke|p2|Dragapult, F|\n|poke|p2|Milotic, F|\n|poke|p2|Mandibuzz, F|\n|teampreview\n|inactive|Battle timer is ON: inactive players will automatically lose when time's up. (requested by Ben Baller Chain)\n|inactive|LegacyShowden also wants the timer to be on.\n|\n|t:|1700258595\n|start\n|switch|p1a: Dragapult|Dragapult, M, shiny|100\/100\n|switch|p2a: Ogerpon|Ogerpon-Wellspring, F|100\/100\n|turn|1\n|\n|t:|1700258600\n|switch|p2a: Clodsire|Clodsire, F|100\/100\n|move|p1a: Dragapult|U-turn|p2a: Clodsire\n|-resisted|p2a: Clodsire\n|-damage|p2a: Clodsire|91\/100\n|\n|t:|1700258604\n|switch|p1a: Great Tusk|Great Tusk|100\/100|[from] U-turn\n|\n|-heal|p2a: Clodsire|97\/100|[from] item: Leftovers\n|upkeep\n|turn|2\n|\n|t:|1700258611\n|switch|p2a: Mandibuzz|Mandibuzz, F|100\/100\n|move|p1a: Great Tusk|Ice Spinner|p2a: Mandibuzz\n|-supereffective|p2a: Mandibuzz\n|-crit|p2a: Mandibuzz\n|-damage|p2a: Mandibuzz|57\/100\n|\n|upkeep\n|turn|3\n|\n|t:|1700258616\n|-end|p1a: Great Tusk|Protosynthesis|[silent]\n|switch|p1a: Heatran|Heatran, M, shiny|100\/100\n|move|p2a: Mandibuzz|Roost|p2a: Mandibuzz\n|-heal|p2a: Mandibuzz|100\/100\n|-singleturn|p2a: Mandibuzz|move: Roost\n|\n|upkeep\n|turn|4\n|\n|t:|1700258620\n|switch|p2a: Ogerpon|Ogerpon-Wellspring, F|100\/100\n|move|p1a: Heatran|Will-O-Wisp|p2a: Ogerpon\n|-status|p2a: Ogerpon|brn\n|\n|-damage|p2a: Ogerpon|95\/100 brn|[from] brn\n|upkeep\n|turn|5\n|\n|t:|1700258626\n|switch|p2a: Clodsire|Clodsire, F|97\/100\n|switch|p1a: Ogerpon|Ogerpon-Wellspring, F|100\/100\n|\n|-heal|p2a: Clodsire|100\/100|[from] item: Leftovers\n|upkeep\n|turn|6\n|\n|t:|1700258636\n|switch|p2a: Dragapult|Dragapult, F|100\/100\n|move|p1a: Ogerpon|U-turn|p2a: Dragapult\n|-resisted|p2a: Dragapult\n|-damage|p2a: Dragapult|80\/100\n|\n|t:|1700258638\n|switch|p1a: Heatran|Heatran, M, shiny|100\/100|[from] U-turn\n|\n|upkeep\n|turn|7\n|\n|t:|1700258661\n|move|p2a: Dragapult|Thunder Wave|p1a: Heatran\n|-status|p1a: Heatran|par\n|move|p1a: Heatran|Magma Storm|p2a: Dragapult\n|-resisted|p2a: Dragapult\n|-damage|p2a: Dragapult|52\/100\n|-activate|p2a: Dragapult|move: Magma Storm|[of] p1a: Heatran\n|\n|-damage|p2a: Dragapult|40\/100|[from] move: Magma Storm|[partiallytrapped]\n|upkeep\n|turn|8\n|\n|t:|1700258671\n|switch|p2a: Clefable|Clefable, F|100\/100\n|move|p1a: Heatran|Earth Power|p2a: Clefable\n|-damage|p2a: Clefable|82\/100\n|\n|-heal|p2a: Clefable|89\/100|[from] item: Leftovers\n|upkeep\n|turn|9\n|\n|t:|1700258677\n|move|p2a: Clefable|Stealth Rock|p1a: Heatran\n|-sidestart|p1: LegacyShowden|move: Stealth Rock\n|cant|p1a: Heatran|par\n|\n|-heal|p2a: Clefable|95\/100|[from] item: Leftovers\n|upkeep\n|turn|10\n|\n|t:|1700258686\n|move|p2a: Clefable|Wish|p2a: Clefable\n|move|p1a: Heatran|Stealth Rock|p2a: Clefable\n|-sidestart|p2: Ben Baller Chain|move: Stealth Rock\n|\n|-heal|p2a: Clefable|100\/100|[from] item: Leftovers\n|upkeep\n|turn|11\n|\n|t:|1700258695\n|switch|p2a: Dragapult|Dragapult, F|40\/100\n|switch|p1a: Ogerpon|Ogerpon-Wellspring, F|100\/100\n|-damage|p1a: Ogerpon|88\/100|[from] Stealth Rock\n|\n|-heal|p2a: Dragapult|100\/100|[from] move: Wish|[wisher] Clefable\n|upkeep\n|turn|12\n|\n|t:|1700258699\n|switch|p1a: Heatran|Heatran, M, shiny|100\/100 par\n|-damage|p1a: Heatran|88\/100 par|[from] Stealth Rock\n|move|p2a: Dragapult|Will-O-Wisp|p1a: Heatran\n|-start|p1a: Heatran|ability: Flash Fire\n|\n|-heal|p1a: Heatran|94\/100 par|[from] item: Leftovers\n|upkeep\n|turn|13\n|\n|t:|1700258702\n|move|p2a: Dragapult|Hex|p1a: Heatran\n|-damage|p1a: Heatran|62\/100 par\n|cant|p1a: Heatran|par\n|\n|-heal|p1a: Heatran|68\/100 par|[from] item: Leftovers\n|upkeep\n|turn|14\n|\n|t:|1700258707\n|switch|p2a: Clodsire|Clodsire, F|100\/100\n|-damage|p2a: Clodsire|94\/100|[from] Stealth Rock\n|cant|p1a: Heatran|par\n|\n|-heal|p1a: Heatran|74\/100 par|[from] item: Leftovers\n|-heal|p2a: Clodsire|100\/100|[from] item: Leftovers\n|upkeep\n|turn|15\n|\n|t:|1700258712\n|move|p1a: Heatran|Will-O-Wisp|p2a: Clodsire\n|-status|p2a: Clodsire|brn\n|move|p2a: Clodsire|Earthquake|p1a: Heatran\n|-supereffective|p1a: Heatran\n|-damage|p1a: Heatran|25\/100 par\n|\n|-heal|p1a: Heatran|31\/100 par|[from] item: Leftovers\n|-damage|p2a: Clodsire|94\/100 brn|[from] brn\n|upkeep\n|turn|16\n|\n|t:|1700258722\n|cant|p1a: Heatran|par\n|move|p2a: Clodsire|Earthquake|p1a: Heatran\n|-supereffective|p1a: Heatran\n|-damage|p1a: Heatran|0 fnt\n|faint|p1a: Heatran\n|\n|-heal|p2a: Clodsire|100\/100 brn|[from] item: Leftovers\n|-damage|p2a: Clodsire|94\/100 brn|[from] brn\n|upkeep\n|\n|t:|1700258736\n|switch|p1a: Samurott|Samurott-Hisui, M|100\/100\n|-damage|p1a: Samurott|88\/100|[from] Stealth Rock\n|turn|17\n|\n|t:|1700258744\n|switch|p2a: Mandibuzz|Mandibuzz, F|100\/100\n|move|p1a: Samurott|Ceaseless Edge|p2a: Mandibuzz\n|-resisted|p2a: Mandibuzz\n|-damage|p2a: Mandibuzz|80\/100\n|-sidestart|p2: Ben Baller Chain|Spikes\n|\n|upkeep\n|turn|18\n|\n|t:|1700258750\n|switch|p1a: Gholdengo|Gholdengo|100\/100\n|-damage|p1a: Gholdengo|94\/100|[from] Stealth Rock\n|-item|p1a: Gholdengo|Air Balloon\n|move|p2a: Mandibuzz|Brave Bird|p1a: Gholdengo\n|-resisted|p1a: Gholdengo\n|-damage|p1a: Gholdengo|84\/100\n|-enditem|p1a: Gholdengo|Air Balloon\n|-damage|p2a: Mandibuzz|77\/100|[from] Recoil\n|\n|upkeep\n|turn|19\n|\n|t:|1700258757\n|move|p1a: Gholdengo|Thunder Wave|p2a: Mandibuzz\n|-status|p2a: Mandibuzz|par\n|move|p2a: Mandibuzz|Foul Play|p1a: Gholdengo\n|-supereffective|p1a: Gholdengo\n|-damage|p1a: Gholdengo|62\/100\n|\n|upkeep\n|turn|20\n|\n|t:|1700258775\n|switch|p2a: Milotic|Milotic, F, shiny|100\/100\n|-damage|p2a: Milotic|88\/100|[from] Stealth Rock\n|-damage|p2a: Milotic|76\/100|[from] Spikes\n|move|p1a: Gholdengo|Recover|p1a: Gholdengo\n|-heal|p1a: Gholdengo|100\/100\n|\n|-heal|p2a: Milotic|82\/100|[from] item: Leftovers\n|upkeep\n|turn|21\n|\n|t:|1700258778\n|move|p1a: Gholdengo|Thunder Wave|p2a: Milotic\n|-status|p2a: Milotic|par\n|move|p2a: Milotic|Scald|p1a: Gholdengo\n|-damage|p1a: Gholdengo|76\/100\n|\n|-heal|p2a: Milotic|88\/100 par|[from] item: Leftovers\n|upkeep\n|turn|22\n|\n|t:|1700258782\n|move|p1a: Gholdengo|Hex|p2a: Milotic\n|-damage|p2a: Milotic|49\/100 par\n|move|p2a: Milotic|Scald|p1a: Gholdengo\n|-damage|p1a: Gholdengo|51\/100\n|\n|-heal|p2a: Milotic|56\/100 par|[from] item: Leftovers\n|upkeep\n|turn|23\n|\n|t:|1700258790\n|move|p1a: Gholdengo|Hex|p2a: Milotic\n|-damage|p2a: Milotic|14\/100 par\n|move|p2a: Milotic|Scald|p1a: Gholdengo\n|-damage|p1a: Gholdengo|22\/100\n|-status|p1a: Gholdengo|brn\n|\n|-heal|p2a: Milotic|21\/100 par|[from] item: Leftovers\n|-damage|p1a: Gholdengo|16\/100 brn|[from] brn\n|upkeep\n|turn|24\n|\n|t:|1700258798\n|move|p1a: Gholdengo|Recover|p1a: Gholdengo\n|-heal|p1a: Gholdengo|66\/100 brn\n|cant|p2a: Milotic|par\n|\n|-heal|p2a: Milotic|27\/100 par|[from] item: Leftovers\n|-damage|p1a: Gholdengo|60\/100 brn|[from] brn\n|upkeep\n|turn|25\n|\n|t:|1700258814\n|switch|p2a: Clodsire|Clodsire, F|94\/100 brn\n|-damage|p2a: Clodsire|88\/100 brn|[from] Stealth Rock\n|-damage|p2a: Clodsire|75\/100 brn|[from] Spikes\n|move|p1a: Gholdengo|Hex|p2a: Clodsire\n|-damage|p2a: Clodsire|47\/100 brn\n|\n|-heal|p2a: Clodsire|53\/100 brn|[from] item: Leftovers\n|-damage|p1a: Gholdengo|54\/100 brn|[from] brn\n|-damage|p2a: Clodsire|47\/100 brn|[from] brn\n|upkeep\n|turn|26\n|\n|t:|1700258821\n|move|p1a: Gholdengo|Hex|p2a: Clodsire\n|-damage|p2a: Clodsire|16\/100 brn\n|move|p2a: Clodsire|Recover|p2a: Clodsire\n|-heal|p2a: Clodsire|66\/100 brn\n|\n|-heal|p2a: Clodsire|72\/100 brn|[from] item: Leftovers\n|-damage|p1a: Gholdengo|48\/100 brn|[from] brn\n|-damage|p2a: Clodsire|66\/100 brn|[from] brn\n|upkeep\n|turn|27\n|\n|t:|1700258823\n|move|p1a: Gholdengo|Recover|p1a: Gholdengo\n|-heal|p1a: Gholdengo|98\/100 brn\n|move|p2a: Clodsire|Recover|p2a: Clodsire\n|-heal|p2a: Clodsire|100\/100 brn\n|\n|-damage|p1a: Gholdengo|92\/100 brn|[from] brn\n|-damage|p2a: Clodsire|94\/100 brn|[from] brn\n|upkeep\n|turn|28\n|\n|t:|1700258827\n|move|p1a: Gholdengo|Hex|p2a: Clodsire\n|-damage|p2a: Clodsire|63\/100 brn\n|move|p2a: Clodsire|Earthquake|p1a: Gholdengo\n|-supereffective|p1a: Gholdengo\n|-damage|p1a: Gholdengo|72\/100 brn\n|\n|-heal|p2a: Clodsire|69\/100 brn|[from] item: Leftovers\n|-damage|p1a: Gholdengo|66\/100 brn|[from] brn\n|-damage|p2a: Clodsire|63\/100 brn|[from] brn\n|upkeep\n|turn|29\n|\n|t:|1700258830\n|move|p1a: Gholdengo|Hex|p2a: Clodsire\n|-damage|p2a: Clodsire|34\/100 brn\n|move|p2a: Clodsire|Recover|p2a: Clodsire\n|-heal|p2a: Clodsire|84\/100 brn\n|\n|-heal|p2a: Clodsire|90\/100 brn|[from] item: Leftovers\n|-damage|p1a: Gholdengo|60\/100 brn|[from] brn\n|-damage|p2a: Clodsire|84\/100 brn|[from] brn\n|upkeep\n|turn|30\n|\n|t:|1700258833\n|switch|p1a: Great Tusk|Great Tusk|100\/100\n|-damage|p1a: Great Tusk|98\/100|[from] Stealth Rock\n|move|p2a: Clodsire|Spikes|p1a: Great Tusk\n|-sidestart|p1: LegacyShowden|Spikes\n|\n|-heal|p2a: Clodsire|90\/100 brn|[from] item: Leftovers\n|-damage|p2a: Clodsire|84\/100 brn|[from] brn\n|upkeep\n|turn|31\n|\n|t:|1700258839\n|switch|p2a: Mandibuzz|Mandibuzz, F|77\/100 par\n|move|p1a: Great Tusk|Rapid Spin|p2a: Mandibuzz\n|-crit|p2a: Mandibuzz\n|-damage|p2a: Mandibuzz|63\/100 par\n|-boost|p1a: Great Tusk|spe|1\n|-sideend|p1: LegacyShowden|Spikes|[from] move: Rapid Spin|[of] p1a: Great Tusk\n|-sideend|p1: LegacyShowden|Stealth Rock|[from] move: Rapid Spin|[of] p1a: Great Tusk\n|\n|upkeep\n|turn|32\n|\n|t:|1700258842\n|move|p1a: Great Tusk|Ice Spinner|p2a: Mandibuzz\n|-supereffective|p2a: Mandibuzz\n|-damage|p2a: Mandibuzz|31\/100 par\n|move|p2a: Mandibuzz|Defog|p1a: Great Tusk\n|-unboost|p1a: Great Tusk|evasion|1\n|-sideend|p2: Ben Baller Chain|Spikes|[from] move: Defog|[of] p2a: Mandibuzz\n|-sideend|p2: Ben Baller Chain|Stealth Rock|[from] move: Defog|[of] p2a: Mandibuzz\n|\n|upkeep\n|turn|33\n|\n|t:|1700258856\n|switch|p2a: Ogerpon|Ogerpon-Wellspring, F|95\/100 brn\n|move|p1a: Great Tusk|Close Combat|p2a: Ogerpon\n|-damage|p2a: Ogerpon|7\/100 brn\n|-unboost|p1a: Great Tusk|def|1\n|-unboost|p1a: Great Tusk|spd|1\n|\n|-damage|p2a: Ogerpon|1\/100 brn|[from] brn\n|upkeep\n|turn|34\n|\n|t:|1700258864\n|move|p1a: Great Tusk|Rapid Spin|p2a: Ogerpon\n|-damage|p2a: Ogerpon|0 fnt\n|-boost|p1a: Great Tusk|spe|1\n|faint|p2a: Ogerpon\n|\n|upkeep\n|\n|t:|1700258870\n|switch|p2a: Clefable|Clefable, F|100\/100\n|turn|35\n|\n|t:|1700258874\n|-end|p1a: Great Tusk|Protosynthesis|[silent]\n|switch|p1a: Gholdengo|Gholdengo|60\/100 brn\n|move|p2a: Clefable|Moonblast|p1a: Gholdengo\n|-resisted|p1a: Gholdengo\n|-damage|p1a: Gholdengo|46\/100 brn\n|\n|-damage|p1a: Gholdengo|39\/100 brn|[from] brn\n|upkeep\n|turn|36\n|\n|t:|1700258879\n|switch|p2a: Dragapult|Dragapult, F|100\/100\n|move|p1a: Gholdengo|Recover|p1a: Gholdengo\n|-heal|p1a: Gholdengo|90\/100 brn\n|\n|-damage|p1a: Gholdengo|84\/100 brn|[from] brn\n|upkeep\n|turn|37\n|\n|t:|1700258899\n|move|p2a: Dragapult|Hex|p1a: Gholdengo\n|-supereffective|p1a: Gholdengo\n|-damage|p1a: Gholdengo|0 fnt\n|faint|p1a: Gholdengo\n|\n|upkeep\n|\n|t:|1700258901\n|switch|p1a: Samurott|Samurott-Hisui, M|88\/100\n|turn|38\n|\n|t:|1700258919\n|move|p2a: Dragapult|Will-O-Wisp|p1a: Samurott\n|-status|p1a: Samurott|brn\n|move|p1a: Samurott|Ceaseless Edge|p2a: Dragapult\n|-supereffective|p2a: Dragapult\n|-damage|p2a: Dragapult|6\/100\n|-sidestart|p2: Ben Baller Chain|Spikes\n|\n|-damage|p1a: Samurott|82\/100 brn|[from] brn\n|upkeep\n|turn|39\n|\n|t:|1700258925\n|switch|p2a: Clefable|Clefable, F|100\/100\n|move|p1a: Samurott|Ceaseless Edge|p2a: Clefable\n|-resisted|p2a: Clefable\n|-damage|p2a: Clefable|80\/100\n|-sidestart|p2: Ben Baller Chain|Spikes\n|\n|-heal|p2a: Clefable|86\/100|[from] item: Leftovers\n|-damage|p1a: Samurott|76\/100 brn|[from] brn\n|upkeep\n|turn|40\n|\n|t:|1700258935\n|switch|p1a: Ogerpon|Ogerpon-Wellspring, F|88\/100\n|move|p2a: Clefable|Moonblast|p1a: Ogerpon\n|-damage|p1a: Ogerpon|54\/100\n|\n|-heal|p2a: Clefable|92\/100|[from] item: Leftovers\n|upkeep\n|turn|41\n|\n|t:|1700258962\n|-terastallize|p1a: Ogerpon|Water\n|detailschange|p1a: Ogerpon|Ogerpon-Wellspring-Tera, F, tera:Water\n|-ability|p1a: Ogerpon|Embody Aspect (Wellspring)|boost\n|-boost|p1a: Ogerpon|spd|1\n|move|p1a: Ogerpon|Swords Dance|p1a: Ogerpon\n|-boost|p1a: Ogerpon|atk|2\n|move|p2a: Clefable|Moonblast|p1a: Ogerpon\n|-damage|p1a: Ogerpon|29\/100\n|-unboost|p1a: Ogerpon|spa|1\n|\n|-heal|p2a: Clefable|98\/100|[from] item: Leftovers\n|upkeep\n|turn|42\n|inactive|Ben Baller Chain has 120 seconds left.\n|\n|t:|1700258994\n|switch|p2a: Milotic|Milotic, F, shiny|27\/100 par\n|-damage|p2a: Milotic|10\/100 par|[from] Spikes\n|move|p1a: Ogerpon|Horn Leech|p2a: Milotic\n|-supereffective|p2a: Milotic\n|-damage|p2a: Milotic|0 fnt\n|-heal|p1a: Ogerpon|36\/100|[from] drain|[of] p2a: Milotic\n|faint|p2a: Milotic\n|\n|upkeep\n|\n|t:|1700259002\n|switch|p2a: Dragapult|Dragapult, F|6\/100\n|turn|43\n|\n|t:|1700259006\n|move|p2a: Dragapult|Draco Meteor|p1a: Ogerpon\n|-damage|p1a: Ogerpon|0 fnt\n|-unboost|p2a: Dragapult|spa|2\n|faint|p1a: Ogerpon\n|\n|upkeep\n|\n|t:|1700259015\n|switch|p1a: Dragapult|Dragapult, M, shiny|100\/100\n|turn|44\n|\n|t:|1700259018\n|switch|p2a: Clefable|Clefable, F|98\/100\n|move|p1a: Dragapult|Shadow Ball|p2a: Clefable\n|-damage|p2a: Clefable|63\/100\n|-unboost|p2a: Clefable|spd|1\n|\n|-heal|p2a: Clefable|69\/100|[from] item: Leftovers\n|upkeep\n|turn|45\n|\n|t:|1700259031\n|switch|p2a: Clodsire|Clodsire, F|84\/100 brn\n|-damage|p2a: Clodsire|67\/100 brn|[from] Spikes\n|move|p1a: Dragapult|Shadow Ball|p2a: Clodsire\n|-crit|p2a: Clodsire\n|-damage|p2a: Clodsire|29\/100 brn\n|\n|-heal|p2a: Clodsire|35\/100 brn|[from] item: Leftovers\n|-damage|p2a: Clodsire|29\/100 brn|[from] brn\n|upkeep\n|turn|46\n|\n|t:|1700259036\n|move|p1a: Dragapult|Shadow Ball|p2a: Clodsire\n|-damage|p2a: Clodsire|1\/100 brn\n|-unboost|p2a: Clodsire|spd|1\n|move|p2a: Clodsire|Recover|p2a: Clodsire\n|-heal|p2a: Clodsire|51\/100 brn\n|\n|-heal|p2a: Clodsire|57\/100 brn|[from] item: Leftovers\n|-damage|p2a: Clodsire|51\/100 brn|[from] brn\n|upkeep\n|turn|47\n|\n|t:|1700259044\n|switch|p2a: Mandibuzz|Mandibuzz, F|31\/100 par\n|move|p1a: Dragapult|Shadow Ball|p2a: Mandibuzz\n|-resisted|p2a: Mandibuzz\n|-damage|p2a: Mandibuzz|11\/100 par\n|\n|upkeep\n|turn|48\n|\n|t:|1700259049\n|move|p1a: Dragapult|Shadow Ball|p2a: Mandibuzz\n|-resisted|p2a: Mandibuzz\n|-damage|p2a: Mandibuzz|0 fnt\n|faint|p2a: Mandibuzz\n|\n|upkeep\n|\n|t:|1700259050\n|switch|p2a: Clefable|Clefable, F|69\/100\n|turn|49\n|\n|t:|1700259051\n|move|p1a: Dragapult|Shadow Ball|p2a: Clefable\n|-damage|p2a: Clefable|31\/100\n|move|p2a: Clefable|Wish|p2a: Clefable\n|\n|-heal|p2a: Clefable|37\/100|[from] item: Leftovers\n|upkeep\n|turn|50\n|\n|t:|1700259054\n|move|p2a: Clefable|Protect|p2a: Clefable\n|-singleturn|p2a: Clefable|Protect\n|move|p1a: Dragapult|Shadow Ball|p2a: Clefable\n|-activate|p2a: Clefable|move: Protect\n|\n|-heal|p2a: Clefable|87\/100|[from] move: Wish|[wisher] Clefable\n|-heal|p2a: Clefable|93\/100|[from] item: Leftovers\n|upkeep\n|turn|51\n|\n|t:|1700259056\n|move|p1a: Dragapult|Shadow Ball|p2a: Clefable\n|-damage|p2a: Clefable|58\/100\n|move|p2a: Clefable|Moonblast|p1a: Dragapult\n|-supereffective|p1a: Dragapult\n|-crit|p1a: Dragapult\n|-damage|p1a: Dragapult|0 fnt\n|faint|p1a: Dragapult\n|\n|-heal|p2a: Clefable|64\/100|[from] item: Leftovers\n|upkeep\n|\n|t:|1700259060\n|switch|p1a: Great Tusk|Great Tusk|98\/100\n|turn|52\n|\n|t:|1700259063\n|move|p2a: Clefable|Protect|p2a: Clefable\n|-singleturn|p2a: Clefable|Protect\n|move|p1a: Great Tusk|Earthquake|p2a: Clefable\n|-activate|p2a: Clefable|move: Protect\n|\n|-heal|p2a: Clefable|70\/100|[from] item: Leftovers\n|upkeep\n|turn|53\n|\n|t:|1700259066\n|move|p1a: Great Tusk|Earthquake|p2a: Clefable\n|-damage|p2a: Clefable|14\/100\n|move|p2a: Clefable|Moonblast|p1a: Great Tusk\n|-supereffective|p1a: Great Tusk\n|-damage|p1a: Great Tusk|0 fnt\n|faint|p1a: Great Tusk\n|-end|p1a: Great Tusk|Protosynthesis|[silent]\n|\n|-heal|p2a: Clefable|21\/100|[from] item: Leftovers\n|upkeep\n|\n|t:|1700259070\n|switch|p1a: Samurott|Samurott-Hisui, M|76\/100 brn\n|turn|54\n|\n|t:|1700259079\n|move|p1a: Samurott|Aqua Cutter|p2a: Clefable\n|-damage|p2a: Clefable|0 fnt\n|faint|p2a: Clefable\n|\n|-damage|p1a: Samurott|70\/100 brn|[from] brn\n|upkeep\n|\n|t:|1700259087\n|switch|p2a: Clodsire|Clodsire, F|51\/100 brn\n|-damage|p2a: Clodsire|35\/100 brn|[from] Spikes\n|turn|55\n|\n|t:|1700259094\n|-terastallize|p2a: Clodsire|Fairy\n|move|p1a: Samurott|Aqua Cutter|p2a: Clodsire\n|-damage|p2a: Clodsire|0 fnt\n|faint|p2a: Clodsire\n|\n|-damage|p1a: Samurott|63\/100 brn|[from] brn\n|upkeep\n|\n|t:|1700259098\n|switch|p2a: Dragapult|Dragapult, F|6\/100\n|turn|56\n|\n|t:|1700259100\n|move|p2a: Dragapult|Draco Meteor|p1a: Samurott\n|-damage|p1a: Samurott|1\/100 brn\n|-unboost|p2a: Dragapult|spa|2\n|move|p1a: Samurott|Aqua Cutter|p2a: Dragapult\n|-resisted|p2a: Dragapult\n|-damage|p2a: Dragapult|0 fnt\n|faint|p2a: Dragapult\n|\n|win|LegacyShowden\n|raw|LegacyShowden's rating: 1521 &rarr; <strong>1541<\/strong><br \/>(+20 for winning)\n|raw|Ben Baller Chain's rating: 1520 &rarr; <strong>1500<\/strong><br \/>(-20 for losing)\n","uploadtime":1700259110,"views":35,"p1id":"legacyshowden","p2id":"benballerchain","formatid":"gen9ou","rating":1500,"private":0,"password":""}