{"id":"gen9ou-1996662921","p1":"Pls_help__me_god","p2":"juicepar","format":"[Gen 9] OU","log":"|j|\u2606Pls_help__me_god\n|j|\u2606juicepar\n|t:|1700706725\n|gametype|singles\n|player|p1|Pls_help__me_god|pokemonranger|1420\n|player|p2|juicepar|skyla|1331\n|teamsize|p1|6\n|teamsize|p2|6\n|gen|9\n|tier|[Gen 9] OU\n|rated|\n|rule|Sleep Clause Mod: Limit one foe put to sleep\n|rule|Species Clause: Limit one of each Pok\u00e9mon\n|rule|OHKO Clause: OHKO moves are banned\n|rule|Evasion Items Clause: Evasion items are banned\n|rule|Evasion Moves Clause: Evasion moves are banned\n|rule|Endless Battle Clause: Forcing endless battles is banned\n|rule|HP Percentage Mod: HP is shown in percentages\n|clearpoke\n|poke|p1|Maushold|\n|poke|p1|Samurott-Hisui, M|\n|poke|p1|Kingambit, M|\n|poke|p1|Garganacl, F|\n|poke|p1|Amoonguss, M|\n|poke|p1|Weavile, F|\n|poke|p2|Alomomola, F|\n|poke|p2|Slowking-Galar, F|\n|poke|p2|Kingambit, F|\n|poke|p2|Great Tusk|\n|poke|p2|Cinderace, F|\n|poke|p2|Thundurus-Therian, M|\n|teampreview\n|\n|t:|1700706743\n|start\n|switch|p1a: Amoonguss|Amoonguss, M, shiny|100\/100\n|switch|p2a: Thundurus|Thundurus-Therian, M|100\/100\n|turn|1\n|inactive|Battle timer is ON: inactive players will automatically lose when time's up. (requested by juicepar)\n|\n|t:|1700706749\n|switch|p1a: Garganacl|Garganacl, F|100\/100\n|-terastallize|p2a: Thundurus|Flying\n|move|p2a: Thundurus|Tera Blast|p1a: Garganacl|[anim] Tera Blast Flying\n|-resisted|p1a: Garganacl\n|-damage|p1a: Garganacl|73\/100\n|\n|-heal|p1a: Garganacl|79\/100|[from] item: Leftovers\n|upkeep\n|turn|2\n|\n|t:|1700706756\n|switch|p2a: Slowking|Slowking-Galar, F|100\/100\n|move|p1a: Garganacl|Salt Cure|p2a: Slowking\n|-damage|p2a: Slowking|87\/100\n|-start|p2a: Slowking|Salt Cure\n|\n|-heal|p1a: Garganacl|85\/100|[from] item: Leftovers\n|-damage|p2a: Slowking|74\/100|[from] Salt Cure\n|upkeep\n|turn|3\n|\n|t:|1700706777\n|move|p1a: Garganacl|Salt Cure|p2a: Slowking\n|-damage|p2a: Slowking|61\/100\n|move|p2a: Slowking|Chilly Reception|p2a: Slowking\n|-weather|Snow\n|\n|t:|1700706806\n|switch|p2a: Thundurus|Thundurus-Therian, M, tera:Flying|100\/100|[from] Chilly Reception\n|\n|-weather|Snow|[upkeep]\n|-heal|p1a: Garganacl|91\/100|[from] item: Leftovers\n|upkeep\n|turn|4\n|\n|t:|1700706820\n|-terastallize|p1a: Garganacl|Fairy\n|move|p2a: Thundurus|Grass Knot|p1a: Garganacl\n|-damage|p1a: Garganacl|48\/100\n|move|p1a: Garganacl|Salt Cure|p2a: Thundurus\n|-supereffective|p2a: Thundurus\n|-damage|p2a: Thundurus|58\/100\n|-start|p2a: Thundurus|Salt Cure\n|\n|-weather|Snow|[upkeep]\n|-heal|p1a: Garganacl|54\/100|[from] item: Leftovers\n|-damage|p2a: Thundurus|46\/100|[from] Salt Cure\n|upkeep\n|turn|5\n|\n|t:|1700706837\n|switch|p2a: Slowking|Slowking-Galar, F|94\/100\n|switch|p1a: Kingambit|Kingambit, M|100\/100\n|\n|-weather|Snow|[upkeep]\n|upkeep\n|turn|6\n|inactive|Pls_help__me_god has 120 seconds left.\n|\n|t:|1700706864\n|-end|p1a: Kingambit|fallenundefined|[silent]\n|switch|p1a: Amoonguss|Amoonguss, M, shiny|100\/100\n|switch|p2a: Great Tusk|Great Tusk|100\/100\n|\n|-weather|Snow|[upkeep]\n|upkeep\n|turn|7\n|inactive|juicepar has 120 seconds left.\n|\n|t:|1700706902\n|move|p2a: Great Tusk|Ice Spinner|p1a: Amoonguss\n|-supereffective|p1a: Amoonguss\n|-damage|p1a: Amoonguss|61\/100\n|-enditem|p1a: Amoonguss|Red Card|[of] p2a: Great Tusk\n|-end|p2a: Great Tusk|Protosynthesis|[silent]\n|drag|p2a: Cinderace|Cinderace, F|100\/100\n|move|p1a: Amoonguss|Spore|p2a: Cinderace\n|-status|p2a: Cinderace|slp|[from] move: Spore\n|\n|-weather|none\n|upkeep\n|turn|8\n|inactive|juicepar has 120 seconds left.\n|\n|t:|1700706914\n|switch|p1a: Samurott|Samurott-Hisui, M, shiny|100\/100\n|cant|p2a: Cinderace|slp\n|\n|upkeep\n|turn|9\n|\n|t:|1700706922\n|switch|p2a: Slowking|Slowking-Galar, F|100\/100\n|move|p1a: Samurott|Swords Dance|p1a: Samurott\n|-boost|p1a: Samurott|atk|2\n|\n|upkeep\n|turn|10\n|\n|t:|1700706934\n|switch|p2a: Alomomola|Alomomola, F|100\/100\n|move|p1a: Samurott|Ceaseless Edge|p2a: Alomomola\n|-damage|p2a: Alomomola|43\/100\n|-sidestart|p2: juicepar|Spikes\n|-enditem|p2a: Alomomola|Red Card|[of] p1a: Samurott\n|drag|p1a: Weavile|Weavile, F|100\/100\n|-ability|p1a: Weavile|Pressure\n|\n|upkeep\n|turn|11\n|inactive|Pls_help__me_god has 120 seconds left.\n|\n|t:|1700706969\n|switch|p1a: Samurott|Samurott-Hisui, M, shiny|100\/100\n|move|p2a: Alomomola|Flip Turn|p1a: Samurott\n|-resisted|p1a: Samurott\n|-damage|p1a: Samurott|92\/100\n|inactive|juicepar has 120 seconds left.\n|\n|t:|1700707000\n|switch|p2a: Thundurus|Thundurus-Therian, M, tera:Flying|46\/100|[from] Flip Turn\n|\n|upkeep\n|turn|12\n|inactive|Pls_help__me_god has 120 seconds left.\n|\n|t:|1700707013\n|switch|p1a: Garganacl|Garganacl, F, tera:Fairy|54\/100\n|move|p2a: Thundurus|Volt Switch|p1a: Garganacl\n|-damage|p1a: Garganacl|17\/100\n|inactive|juicepar has 120 seconds left.\n|\n|t:|1700707032\n|switch|p2a: Great Tusk|Great Tusk|100\/100|[from] Volt Switch\n|-damage|p2a: Great Tusk|88\/100|[from] Spikes\n|\n|-heal|p1a: Garganacl|23\/100|[from] item: Leftovers\n|upkeep\n|turn|13\n|inactive|Pls_help__me_god has 120 seconds left.\n|inactive|Pls_help__me_god has 90 seconds left.\n|\n|t:|1700707081\n|switch|p1a: Amoonguss|Amoonguss, M, shiny|94\/100\n|move|p2a: Great Tusk|Headlong Rush|p1a: Amoonguss\n|-damage|p1a: Amoonguss|50\/100\n|-unboost|p2a: Great Tusk|def|1\n|-unboost|p2a: Great Tusk|spd|1\n|\n|upkeep\n|turn|14\n|inactive|Pls_help__me_god has 90 seconds left.\n|inactive|juicepar has 120 seconds left.\n|\n|t:|1700707111\n|-end|p2a: Great Tusk|Protosynthesis|[silent]\n|switch|p2a: Cinderace|Cinderace, F|100\/100 slp\n|switch|p1a: Garganacl|Garganacl, F, tera:Fairy|23\/100\n|\n|-heal|p1a: Garganacl|29\/100|[from] item: Leftovers\n|upkeep\n|turn|15\n|\n|t:|1700707121\n|-curestatus|p2a: Cinderace|slp|[msg]\n|move|p2a: Cinderace|Pyro Ball|p1a: Garganacl\n|-damage|p1a: Garganacl|0 fnt\n|faint|p1a: Garganacl\n|\n|upkeep\n|\n|t:|1700707129\n|switch|p1a: Samurott|Samurott-Hisui, M, shiny|92\/100\n|turn|16\n|\n|t:|1700707134\n|move|p1a: Samurott|Aqua Jet|p2a: Cinderace\n|-supereffective|p2a: Cinderace\n|-damage|p2a: Cinderace|28\/100\n|move|p2a: Cinderace|U-turn|p1a: Samurott\n|-start|p2a: Cinderace|typechange|Bug|[from] ability: Libero\n|-supereffective|p1a: Samurott\n|-damage|p1a: Samurott|18\/100\n|inactive|juicepar has 120 seconds left.\n|\n|t:|1700707146\n|switch|p2a: Alomomola|Alomomola, F|76\/100|[from] U-turn\n|-damage|p2a: Alomomola|64\/100|[from] Spikes\n|\n|upkeep\n|turn|17\n|\n|t:|1700707159\n|switch|p1a: Amoonguss|Amoonguss, M, shiny|84\/100\n|move|p2a: Alomomola|Flip Turn|p1a: Amoonguss\n|-resisted|p1a: Amoonguss\n|-damage|p1a: Amoonguss|78\/100\n|\n|t:|1700707164\n|switch|p2a: Thundurus|Thundurus-Therian, M, tera:Flying|46\/100|[from] Flip Turn\n|\n|upkeep\n|turn|18\n|inactive|Pls_help__me_god has 90 seconds left.\n|\n|t:|1700707174\n|switch|p1a: Samurott|Samurott-Hisui, M, shiny|18\/100\n|move|p2a: Thundurus|Tera Blast|p1a: Samurott|[anim] Tera Blast Flying\n|-damage|p1a: Samurott|0 fnt\n|faint|p1a: Samurott\n|\n|upkeep\n|\n|t:|1700707193\n|switch|p1a: Weavile|Weavile, F|100\/100\n|-ability|p1a: Weavile|Pressure\n|turn|19\n|\n|t:|1700707206\n|switch|p2a: Alomomola|Alomomola, F|97\/100\n|-damage|p2a: Alomomola|85\/100|[from] Spikes\n|move|p1a: Weavile|Swords Dance|p1a: Weavile\n|-boost|p1a: Weavile|atk|2\n|\n|upkeep\n|turn|20\n|\n|t:|1700707222\n|move|p1a: Weavile|Swords Dance|p1a: Weavile\n|-boost|p1a: Weavile|atk|2\n|move|p2a: Alomomola|Scald|p1a: Weavile\n|-damage|p1a: Weavile|83\/100\n|\n|upkeep\n|turn|21\n|\n|t:|1700707227\n|move|p1a: Weavile|Knock Off|p2a: Alomomola\n|-damage|p2a: Alomomola|28\/100\n|move|p2a: Alomomola|Scald|p1a: Weavile\n|-damage|p1a: Weavile|66\/100\n|\n|upkeep\n|turn|22\n|\n|t:|1700707239\n|switch|p2a: Great Tusk|Great Tusk|88\/100\n|-damage|p2a: Great Tusk|76\/100|[from] Spikes\n|move|p1a: Weavile|Knock Off|p2a: Great Tusk\n|-resisted|p2a: Great Tusk\n|-damage|p2a: Great Tusk|20\/100\n|-damage|p1a: Weavile|49\/100|[from] item: Rocky Helmet|[of] p2a: Great Tusk\n|-enditem|p2a: Great Tusk|Rocky Helmet|[from] move: Knock Off|[of] p1a: Weavile\n|\n|upkeep\n|turn|23\n|\n|t:|1700707249\n|-end|p2a: Great Tusk|Protosynthesis|[silent]\n|switch|p2a: Alomomola|Alomomola, F|62\/100\n|-damage|p2a: Alomomola|49\/100|[from] Spikes\n|move|p1a: Weavile|Knock Off|p2a: Alomomola\n|-damage|p2a: Alomomola|0 fnt\n|faint|p2a: Alomomola\n|\n|upkeep\n|\n|t:|1700707261\n|switch|p2a: Kingambit|Kingambit, F|100\/100\n|-damage|p2a: Kingambit|88\/100|[from] Spikes\n|-activate|p2a: Kingambit|ability: Supreme Overlord\n|-start|p2a: Kingambit|fallen1|[silent]\n|turn|24\n|\n|t:|1700707265\n|-end|p2a: Kingambit|fallen1|[silent]\n|switch|p2a: Great Tusk|Great Tusk|20\/100\n|-damage|p2a: Great Tusk|8\/100|[from] Spikes\n|move|p1a: Weavile|Knock Off|p2a: Great Tusk\n|-resisted|p2a: Great Tusk\n|-damage|p2a: Great Tusk|0 fnt\n|faint|p2a: Great Tusk\n|-end|p2a: Great Tusk|Protosynthesis|[silent]\n|\n|upkeep\n|\n|t:|1700707267\n|switch|p2a: Kingambit|Kingambit, F|88\/100\n|-damage|p2a: Kingambit|76\/100|[from] Spikes\n|-activate|p2a: Kingambit|ability: Supreme Overlord\n|-start|p2a: Kingambit|fallen2|[silent]\n|turn|25\n|\n|t:|1700707274\n|move|p1a: Weavile|Ice Shard|p2a: Kingambit\n|-resisted|p2a: Kingambit\n|-damage|p2a: Kingambit|55\/100\n|move|p2a: Kingambit|Sucker Punch||[still]\n|-fail|p2a: Kingambit\n|\n|-heal|p2a: Kingambit|61\/100|[from] item: Leftovers\n|upkeep\n|turn|26\n|\n|t:|1700707282\n|move|p1a: Weavile|Knock Off|p2a: Kingambit\n|-resisted|p2a: Kingambit\n|-damage|p2a: Kingambit|12\/100\n|-enditem|p2a: Kingambit|Leftovers|[from] move: Knock Off|[of] p1a: Weavile\n|move|p2a: Kingambit|Iron Head|p1a: Weavile\n|-supereffective|p1a: Weavile\n|-damage|p1a: Weavile|0 fnt\n|faint|p1a: Weavile\n|\n|upkeep\n|inactive|Pls_help__me_god has 120 seconds left.\n|\n|t:|1700707302\n|switch|p1a: Amoonguss|Amoonguss, M, shiny|100\/100\n|turn|27\n|\n|t:|1700707319\n|move|p2a: Kingambit|Iron Head|p1a: Amoonguss\n|-damage|p1a: Amoonguss|61\/100\n|move|p1a: Amoonguss|Foul Play|p2a: Kingambit\n|-resisted|p2a: Kingambit\n|-damage|p2a: Kingambit|0 fnt\n|faint|p2a: Kingambit\n|-end|p2a: Kingambit|fallen2|[silent]\n|\n|upkeep\n|\n|t:|1700707326\n|switch|p2a: Thundurus|Thundurus-Therian, M, tera:Flying|46\/100\n|turn|28\n|inactive|Pls_help__me_god has 120 seconds left.\n|\n|t:|1700707364\n|move|p2a: Thundurus|Tera Blast|p1a: Amoonguss|[anim] Tera Blast Flying\n|-supereffective|p1a: Amoonguss\n|-damage|p1a: Amoonguss|0 fnt\n|faint|p1a: Amoonguss\n|\n|upkeep\n|\n|t:|1700707367\n|switch|p1a: Maushold|Maushold|100\/100\n|turn|29\n|\n|t:|1700707380\n|move|p1a: Maushold|Population Bomb|p2a: Thundurus\n|-damage|p2a: Thundurus|28\/100\n|-damage|p2a: Thundurus|9\/100\n|-damage|p2a: Thundurus|0 fnt\n|faint|p2a: Thundurus\n|-hitcount|p2: Thundurus|3\n|\n|upkeep\n|\n|t:|1700707387\n|switch|p2a: Cinderace|Cinderace, F|28\/100\n|turn|30\n|\n|t:|1700707398\n|move|p2a: Cinderace|U-turn|p1a: Maushold\n|-start|p2a: Cinderace|typechange|Bug|[from] ability: Libero\n|-damage|p1a: Maushold|48\/100\n|\n|t:|1700707402\n|switch|p2a: Slowking|Slowking-Galar, F|100\/100|[from] U-turn\n|move|p1a: Maushold|Population Bomb|p2a: Slowking\n|-damage|p2a: Slowking|88\/100\n|-damage|p2a: Slowking|77\/100\n|-damage|p2a: Slowking|66\/100\n|-damage|p2a: Slowking|55\/100\n|-damage|p2a: Slowking|45\/100\n|-damage|p2a: Slowking|34\/100\n|-damage|p2a: Slowking|22\/100\n|-damage|p2a: Slowking|11\/100\n|-damage|p2a: Slowking|0 fnt\n|faint|p2a: Slowking\n|-hitcount|p2: Slowking|9\n|\n|upkeep\n|\n|t:|1700707407\n|switch|p2a: Cinderace|Cinderace, F|28\/100\n|turn|31\n|\n|t:|1700707411\n|move|p2a: Cinderace|Pyro Ball|p1a: Maushold\n|-damage|p1a: Maushold|0 fnt\n|faint|p1a: Maushold\n|\n|upkeep\n|\n|t:|1700707416\n|switch|p1a: Kingambit|Kingambit, M|100\/100\n|-activate|p1a: Kingambit|ability: Supreme Overlord\n|-start|p1a: Kingambit|fallen5|[silent]\n|turn|32\n|inactive|juicepar has 120 seconds left.\n|l|\u2606Pls_help__me_god\n|inactive|Pls_help__me_god disconnected and has a minute to reconnect!\n|player|p1|\n|inactive|juicepar has 90 seconds left.\n|j|\u2606Pls_help__me_god\n|inactive|Pls_help__me_god reconnected.\n|player|p1|Pls_help__me_god|pokemonranger\n|inactive|juicepar has 60 seconds left.\n|inactive|juicepar has 30 seconds left.\n|inactive|juicepar has 20 seconds left.\n|inactive|juicepar has 15 seconds left.\n|inactive|juicepar has 10 seconds left.\n|\n|t:|1700707561\n|move|p1a: Kingambit|Sucker Punch|p2a: Cinderace\n|-damage|p2a: Cinderace|0 fnt\n|faint|p2a: Cinderace\n|\n|win|Pls_help__me_god\n|inactive|juicepar has 15 seconds left this turn.\n|raw|Pls_help__me_god's rating: 1420 &rarr; <strong>1435<\/strong><br \/>(+15 for winning)\n|raw|juicepar's rating: 1331 &rarr; <strong>1316<\/strong><br \/>(-15 for losing)\n|l|\u2606juicepar\n|c|\u2606Pls_help__me_god|Bro ur toxic\n","uploadtime":1700707584,"views":15,"p1id":"plshelpmegod","p2id":"juicepar","formatid":"gen9ou","rating":1316,"private":0,"password":""}