{"id":"gen9ou-1994464623","p1":"supermonst","p2":"ratatta17","format":"[Gen 9] OU","log":"|j|\u2606supermonst\n|j|\u2606ratatta17\n|t:|1700446972\n|gametype|singles\n|player|p1|supermonst|benga|1447\n|player|p2|ratatta17|170|1560\n|teamsize|p1|6\n|teamsize|p2|6\n|gen|9\n|tier|[Gen 9] OU\n|rated|\n|rule|Sleep Clause Mod: Limit one foe put to sleep\n|rule|Species Clause: Limit one of each Pok\u00e9mon\n|rule|OHKO Clause: OHKO moves are banned\n|rule|Evasion Items Clause: Evasion items are banned\n|rule|Evasion Moves Clause: Evasion moves are banned\n|rule|Endless Battle Clause: Forcing endless battles is banned\n|rule|HP Percentage Mod: HP is shown in percentages\n|clearpoke\n|poke|p1|Azelf|\n|poke|p1|Greninja-*, M|\n|poke|p1|Dragonite, F|\n|poke|p1|Enamorus, F|\n|poke|p1|Kingambit, M|\n|poke|p1|Iron Moth|\n|poke|p2|Azumarill, F|\n|poke|p2|Staraptor, M|\n|poke|p2|Toedscruel, M|\n|poke|p2|Skeledirge, M|\n|poke|p2|Ninetales-Alola, F|\n|poke|p2|Iron Valiant|\n|teampreview\n|\n|t:|1700446984\n|start\n|switch|p1a: gen 4 is back bb|Azelf|100\/100\n|switch|p2a: Toedscruel|Toedscruel, M|100\/100\n|turn|1\n|\n|t:|1700446987\n|move|p1a: gen 4 is back bb|Taunt|p2a: Toedscruel\n|-start|p2a: Toedscruel|move: Taunt\n|move|p2a: Toedscruel|Rapid Spin|p1a: gen 4 is back bb\n|-damage|p1a: gen 4 is back bb|86\/100\n|-boost|p2a: Toedscruel|spe|1\n|\n|upkeep\n|turn|2\n|\n|t:|1700446991\n|move|p1a: gen 4 is back bb|Explosion|p2a: Toedscruel\n|-damage|p2a: Toedscruel|42\/100\n|faint|p1a: gen 4 is back bb\n|move|p2a: Toedscruel|Knock Off|p1: gen 4 is back bb|[notarget]\n|-fail|p2a: Toedscruel\n|\n|-heal|p2a: Toedscruel|48\/100|[from] item: Leftovers\n|upkeep\n|inactive|Battle timer is ON: inactive players will automatically lose when time's up. (requested by ratatta17)\n|\n|t:|1700447017\n|switch|p1a: superman|Dragonite, F|100\/100\n|turn|3\n|\n|t:|1700447021\n|switch|p2a: Staraptor|Staraptor, M|100\/100\n|-ability|p2a: Staraptor|Intimidate|boost\n|-unboost|p1a: superman|atk|1\n|move|p1a: superman|Fire Punch|p2a: Staraptor\n|-damage|p2a: Staraptor|75\/100\n|\n|upkeep\n|turn|4\n|\n|t:|1700447024\n|switch|p1a: constipated|Kingambit, M|100\/100\n|-activate|p1a: constipated|ability: Supreme Overlord\n|-start|p1a: constipated|fallen1|[silent]\n|move|p2a: Staraptor|Final Gambit|p1a: constipated\n|-damage|p1a: constipated|25\/100\n|faint|p2a: Staraptor\n|\n|upkeep\n|\n|t:|1700447031\n|switch|p2a: Iron Valiant|Iron Valiant|100\/100\n|turn|5\n|\n|t:|1700447036\n|move|p2a: Iron Valiant|Moonblast|p1a: constipated\n|-damage|p1a: constipated|0 fnt\n|faint|p1a: constipated\n|-end|p1a: constipated|fallen1|[silent]\n|-damage|p2a: Iron Valiant|91\/100|[from] item: Life Orb\n|\n|upkeep\n|\n|t:|1700447043\n|switch|p1a: girls rule|Enamorus, F|100\/100\n|turn|6\n|\n|t:|1700447050\n|move|p2a: Iron Valiant|Thunderbolt|p1a: girls rule\n|-supereffective|p1a: girls rule\n|-damage|p1a: girls rule|0 fnt\n|faint|p1a: girls rule\n|-damage|p2a: Iron Valiant|81\/100|[from] item: Life Orb\n|\n|upkeep\n|\n|t:|1700447056\n|switch|p1a: superman|Dragonite, F|100\/100\n|turn|7\n|\n|t:|1700447067\n|-terastallize|p1a: superman|Normal\n|move|p2a: Iron Valiant|Knock Off|p1a: superman\n|-damage|p1a: superman|79\/100\n|-enditem|p1a: superman|Lum Berry|[from] move: Knock Off|[of] p2a: Iron Valiant\n|-damage|p2a: Iron Valiant|71\/100|[from] item: Life Orb\n|move|p1a: superman|Dragon Dance|p1a: superman\n|-boost|p1a: superman|atk|1\n|-boost|p1a: superman|spe|1\n|\n|upkeep\n|turn|8\n|\n|t:|1700447075\n|move|p1a: superman|Extreme Speed|p2a: Iron Valiant\n|-damage|p2a: Iron Valiant|0 fnt\n|faint|p2a: Iron Valiant\n|-end|p2a: Iron Valiant|Quark Drive|[silent]\n|\n|upkeep\n|\n|t:|1700447078\n|switch|p2a: Skeledirge|Skeledirge, M|100\/100\n|turn|9\n|\n|t:|1700447088\n|switch|p2a: Toedscruel|Toedscruel, M|48\/100\n|move|p1a: superman|Earthquake|p2a: Toedscruel\n|-resisted|p2a: Toedscruel\n|-damage|p2a: Toedscruel|23\/100\n|\n|-heal|p2a: Toedscruel|29\/100|[from] item: Leftovers\n|upkeep\n|turn|10\n|\n|t:|1700447096\n|move|p1a: superman|Fire Punch|p2a: Toedscruel\n|-supereffective|p2a: Toedscruel\n|-damage|p2a: Toedscruel|0 fnt\n|faint|p2a: Toedscruel\n|\n|upkeep\n|\n|t:|1700447098\n|switch|p2a: Ninetales|Ninetales-Alola, F|100\/100\n|-weather|Snow|[from] ability: Snow Warning|[of] p2a: Ninetales\n|turn|11\n|\n|t:|1700447100\n|move|p1a: superman|Fire Punch|p2a: Ninetales\n|-supereffective|p2a: Ninetales\n|-damage|p2a: Ninetales|31\/100\n|move|p2a: Ninetales|Aurora Veil|p2a: Ninetales\n|-sidestart|p2: ratatta17|move: Aurora Veil\n|\n|-weather|Snow|[upkeep]\n|upkeep\n|turn|12\n|\n|t:|1700447105\n|move|p1a: superman|Extreme Speed|p2a: Ninetales\n|-damage|p2a: Ninetales|1\/100\n|move|p2a: Ninetales|Encore|p1a: superman\n|-start|p1a: superman|Encore\n|\n|-weather|Snow|[upkeep]\n|upkeep\n|turn|13\n|\n|t:|1700447111\n|switch|p2a: Skeledirge|Skeledirge, M|100\/100\n|move|p1a: superman|Extreme Speed|p2a: Skeledirge\n|-immune|p2a: Skeledirge\n|\n|-weather|Snow|[upkeep]\n|upkeep\n|turn|14\n|\n|t:|1700447115\n|move|p1a: superman|Extreme Speed|p2a: Skeledirge\n|-immune|p2a: Skeledirge\n|move|p2a: Skeledirge|Will-O-Wisp|p1a: superman\n|-status|p1a: superman|brn\n|\n|-weather|Snow|[upkeep]\n|-damage|p1a: superman|73\/100 brn|[from] brn\n|upkeep\n|turn|15\n|\n|t:|1700447118\n|switch|p1a: volc replacment|Iron Moth|100\/100\n|-enditem|p1a: volc replacment|Booster Energy\n|-activate|p1a: volc replacment|ability: Quark Drive|[fromitem]\n|-start|p1a: volc replacment|quarkdrivespa\n|move|p2a: Skeledirge|Torch Song|p1a: volc replacment\n|-resisted|p1a: volc replacment\n|-damage|p1a: volc replacment|86\/100\n|-boost|p2a: Skeledirge|spa|1\n|\n|-weather|none\n|upkeep\n|turn|16\n|\n|t:|1700447126\n|move|p1a: volc replacment|Sludge Wave|p2a: Skeledirge\n|-resisted|p2a: Skeledirge\n|-damage|p2a: Skeledirge|89\/100\n|move|p2a: Skeledirge|Torch Song|p1a: volc replacment\n|-resisted|p1a: volc replacment\n|-damage|p1a: volc replacment|64\/100\n|-boost|p2a: Skeledirge|spa|1\n|\n|-heal|p2a: Skeledirge|95\/100|[from] item: Leftovers\n|upkeep\n|turn|17\n|\n|t:|1700447128\n|move|p1a: volc replacment|Sludge Wave|p2a: Skeledirge\n|-resisted|p2a: Skeledirge\n|-damage|p2a: Skeledirge|82\/100\n|move|p2a: Skeledirge|Torch Song|p1a: volc replacment\n|-resisted|p1a: volc replacment\n|-damage|p1a: volc replacment|32\/100\n|-boost|p2a: Skeledirge|spa|1\n|\n|-heal|p2a: Skeledirge|88\/100|[from] item: Leftovers\n|upkeep\n|turn|18\n|\n|t:|1700447129\n|move|p1a: volc replacment|Sludge Wave|p2a: Skeledirge\n|-resisted|p2a: Skeledirge\n|-damage|p2a: Skeledirge|76\/100\n|move|p2a: Skeledirge|Torch Song|p1a: volc replacment\n|-resisted|p1a: volc replacment\n|-damage|p1a: volc replacment|0 fnt\n|-boost|p2a: Skeledirge|spa|1\n|faint|p1a: volc replacment\n|-end|p1a: volc replacment|Quark Drive|[silent]\n|\n|-heal|p2a: Skeledirge|83\/100|[from] item: Leftovers\n|-sideend|p2: ratatta17|move: Aurora Veil\n|upkeep\n|\n|t:|1700447132\n|switch|p1a: superman|Dragonite, F, tera:Normal|73\/100 brn\n|turn|19\n|\n|t:|1700447137\n|move|p1a: superman|Earthquake|p2a: Skeledirge\n|-supereffective|p2a: Skeledirge\n|-damage|p2a: Skeledirge|48\/100\n|move|p2a: Skeledirge|Slack Off|p2a: Skeledirge\n|-heal|p2a: Skeledirge|98\/100\n|\n|-heal|p2a: Skeledirge|100\/100|[from] item: Leftovers\n|-damage|p1a: superman|67\/100 brn|[from] brn\n|upkeep\n|turn|20\n|\n|t:|1700447140\n|move|p1a: superman|Earthquake|p2a: Skeledirge\n|-supereffective|p2a: Skeledirge\n|-crit|p2a: Skeledirge\n|-damage|p2a: Skeledirge|51\/100\n|move|p2a: Skeledirge|Torch Song|p1a: superman\n|-damage|p1a: superman|0 fnt\n|-boost|p2a: Skeledirge|spa|1\n|faint|p1a: superman\n|\n|-heal|p2a: Skeledirge|57\/100|[from] item: Leftovers\n|upkeep\n|\n|t:|1700447141\n|switch|p1a: is trans|Greninja, M|100\/100\n|turn|21\n|\n|t:|1700447144\n|-terastallize|p2a: Skeledirge|Dragon\n|move|p1a: is trans|Hydro Pump|p2a: Skeledirge\n|-resisted|p2a: Skeledirge\n|-damage|p2a: Skeledirge|34\/100\n|-damage|p1a: is trans|91\/100|[from] item: Life Orb\n|move|p2a: Skeledirge|Hex|p1a: is trans\n|-resisted|p1a: is trans\n|-damage|p1a: is trans|24\/100\n|\n|-heal|p2a: Skeledirge|40\/100|[from] item: Leftovers\n|upkeep\n|turn|22\n|\n|t:|1700447151\n|move|p1a: is trans|Dark Pulse|p2a: Skeledirge\n|-damage|p2a: Skeledirge|5\/100\n|-damage|p1a: is trans|14\/100|[from] item: Life Orb\n|move|p2a: Skeledirge|Slack Off|p2a: Skeledirge\n|-heal|p2a: Skeledirge|55\/100\n|\n|-heal|p2a: Skeledirge|61\/100|[from] item: Leftovers\n|upkeep\n|turn|23\n|-message|supermonst forfeited.\n|\n|win|ratatta17\n|raw|supermonst's rating: 1447 &rarr; <strong>1433<\/strong><br \/>(-14 for losing)\n|raw|ratatta17's rating: 1560 &rarr; <strong>1574<\/strong><br \/>(+14 for winning)\n|l|\u2606supermonst\n","uploadtime":1700447160,"views":12,"p1id":"supermonst","p2id":"ratatta17","formatid":"gen9ou","rating":1433,"private":0,"password":""}