{"id":"gen9ou-1990103617","p1":"Renesme","p2":"Thefatguinea","format":"[Gen 9] OU","log":"|j|\u2606Renesme\n|j|\u2606Thefatguinea\n|t:|1699924899\n|gametype|singles\n|player|p1|Renesme|cogita|1320\n|player|p2|Thefatguinea|linebacker|1380\n|teamsize|p1|6\n|teamsize|p2|6\n|gen|9\n|tier|[Gen 9] OU\n|rated|\n|rule|Sleep Clause Mod: Limit one foe put to sleep\n|rule|Species Clause: Limit one of each Pok\u00e9mon\n|rule|OHKO Clause: OHKO moves are banned\n|rule|Evasion Items Clause: Evasion items are banned\n|rule|Evasion Moves Clause: Evasion moves are banned\n|rule|Endless Battle Clause: Forcing endless battles is banned\n|rule|HP Percentage Mod: HP is shown in percentages\n|clearpoke\n|poke|p1|Zamazenta-*|\n|poke|p1|Iron Moth|\n|poke|p1|Maushold-Four|\n|poke|p1|Walking Wake|\n|poke|p1|Dragonite, M|\n|poke|p1|Kingambit, F|\n|poke|p2|Zapdos-Galar|\n|poke|p2|Ceruledge, F|\n|poke|p2|Manaphy|\n|poke|p2|Lokix, F|\n|poke|p2|Weezing-Galar, F|\n|poke|p2|Clodsire, M|\n|teampreview\n|\n|t:|1699924914\n|start\n|switch|p1a: Dragonite|Dragonite, M, shiny|100\/100\n|switch|p2a: Weezing|Weezing-Galar, F|100\/100\n|turn|1\n|\n|t:|1699924924\n|switch|p1a: Kingambit|Kingambit, F, shiny|100\/100\n|move|p2a: Weezing|Strange Steam|p1a: Kingambit\n|-damage|p1a: Kingambit|66\/100\n|-start|p1a: Kingambit|confusion\n|\n|upkeep\n|turn|2\n|\n|t:|1699924931\n|-activate|p1a: Kingambit|confusion\n|-damage|p1a: Kingambit|52\/100|[from] confusion\n|move|p2a: Weezing|Will-O-Wisp|p1a: Kingambit\n|-status|p1a: Kingambit|brn\n|\n|-damage|p1a: Kingambit|46\/100 brn|[from] brn\n|upkeep\n|turn|3\n|\n|t:|1699924936\n|-activate|p1a: Kingambit|confusion\n|-damage|p1a: Kingambit|32\/100 brn|[from] confusion\n|move|p2a: Weezing|Strange Steam|p1a: Kingambit\n|-damage|p1a: Kingambit|0 fnt\n|faint|p1a: Kingambit\n|-end|p1a: Kingambit|fallenundefined|[silent]\n|\n|upkeep\n|\n|t:|1699924939\n|switch|p1a: Iron Moth|Iron Moth|100\/100\n|-enditem|p1a: Iron Moth|Booster Energy\n|-activate|p1a: Iron Moth|ability: Quark Drive|[fromitem]\n|-start|p1a: Iron Moth|quarkdrivespe\n|turn|4\n|\n|t:|1699924941\n|switch|p2a: Clodsire|Clodsire, M|100\/100\n|move|p1a: Iron Moth|Substitute|p1a: Iron Moth\n|-start|p1a: Iron Moth|Substitute\n|-damage|p1a: Iron Moth|76\/100\n|\n|upkeep\n|turn|5\n|\n|t:|1699924945\n|move|p1a: Iron Moth|Fiery Dance|p2a: Clodsire\n|-damage|p2a: Clodsire|80\/100\n|-boost|p1a: Iron Moth|spa|1\n|move|p2a: Clodsire|Earthquake|p1a: Iron Moth\n|-supereffective|p1a: Iron Moth\n|-end|p1a: Iron Moth|Substitute\n|\n|-heal|p2a: Clodsire|86\/100|[from] item: Leftovers\n|upkeep\n|turn|6\n|\n|t:|1699924954\n|-end|p1a: Iron Moth|Quark Drive|[silent]\n|switch|p1a: Dragonite|Dragonite, M, shiny|100\/100\n|move|p2a: Clodsire|Earthquake|p1a: Dragonite\n|-immune|p1a: Dragonite\n|\n|-heal|p2a: Clodsire|92\/100|[from] item: Leftovers\n|upkeep\n|turn|7\n|\n|t:|1699924958\n|switch|p2a: Weezing|Weezing-Galar, F|100\/100\n|move|p1a: Dragonite|Dragon Dance|p1a: Dragonite\n|-boost|p1a: Dragonite|atk|1\n|-boost|p1a: Dragonite|spe|1\n|\n|upkeep\n|turn|8\n|\n|t:|1699924965\n|-terastallize|p1a: Dragonite|Normal\n|move|p1a: Dragonite|Extreme Speed|p2a: Weezing\n|-damage|p2a: Weezing|48\/100\n|-damage|p1a: Dragonite|84\/100|[from] item: Rocky Helmet|[of] p2a: Weezing\n|move|p2a: Weezing|Strange Steam|p1a: Dragonite\n|-damage|p1a: Dragonite|53\/100\n|-start|p1a: Dragonite|confusion\n|\n|upkeep\n|turn|9\n|\n|t:|1699924972\n|-activate|p1a: Dragonite|confusion\n|-damage|p1a: Dragonite|27\/100|[from] confusion\n|move|p2a: Weezing|Will-O-Wisp|p1a: Dragonite\n|-status|p1a: Dragonite|brn\n|\n|-damage|p1a: Dragonite|21\/100 brn|[from] brn\n|upkeep\n|turn|10\n|\n|t:|1699924988\n|-activate|p1a: Dragonite|confusion\n|-damage|p1a: Dragonite|0 fnt|[from] confusion\n|faint|p1a: Dragonite\n|move|p2a: Weezing|Strange Steam|p1: Dragonite|[notarget]\n|-fail|p2a: Weezing\n|\n|upkeep\n|\n|t:|1699924995\n|switch|p1a: Iron Moth|Iron Moth|76\/100\n|turn|11\n|\n|t:|1699925001\n|switch|p2a: Clodsire|Clodsire, M|92\/100\n|move|p1a: Iron Moth|Sludge Wave|p2a: Clodsire\n|-resisted|p2a: Clodsire\n|-damage|p2a: Clodsire|85\/100\n|\n|-heal|p2a: Clodsire|91\/100|[from] item: Leftovers\n|upkeep\n|turn|12\n|\n|t:|1699925006\n|move|p1a: Iron Moth|Dazzling Gleam|p2a: Clodsire\n|-resisted|p2a: Clodsire\n|-damage|p2a: Clodsire|85\/100\n|move|p2a: Clodsire|Earthquake|p1a: Iron Moth\n|-supereffective|p1a: Iron Moth\n|-damage|p1a: Iron Moth|0 fnt\n|faint|p1a: Iron Moth\n|-end|p1a: Iron Moth|Quark Drive|[silent]\n|\n|-heal|p2a: Clodsire|91\/100|[from] item: Leftovers\n|upkeep\n|\n|t:|1699925010\n|switch|p1a: Zamazenta|Zamazenta|100\/100\n|-ability|p1a: Zamazenta|Dauntless Shield|boost\n|-boost|p1a: Zamazenta|def|1\n|turn|13\n|\n|t:|1699925014\n|move|p1a: Zamazenta|Substitute|p1a: Zamazenta\n|-start|p1a: Zamazenta|Substitute\n|-damage|p1a: Zamazenta|76\/100\n|move|p2a: Clodsire|Toxic||[still]\n|-fail|p2a: Clodsire\n|\n|-heal|p1a: Zamazenta|82\/100|[from] item: Leftovers\n|-heal|p2a: Clodsire|97\/100|[from] item: Leftovers\n|upkeep\n|turn|14\n|\n|t:|1699925018\n|move|p1a: Zamazenta|Iron Defense|p1a: Zamazenta\n|-boost|p1a: Zamazenta|def|2\n|move|p2a: Clodsire|Earthquake|p1a: Zamazenta\n|-activate|p1a: Zamazenta|move: Substitute|[damage]\n|\n|-heal|p1a: Zamazenta|88\/100|[from] item: Leftovers\n|-heal|p2a: Clodsire|100\/100|[from] item: Leftovers\n|upkeep\n|turn|15\n|\n|t:|1699925024\n|move|p1a: Zamazenta|Iron Defense|p1a: Zamazenta\n|-boost|p1a: Zamazenta|def|2\n|move|p2a: Clodsire|Earthquake|p1a: Zamazenta\n|-end|p1a: Zamazenta|Substitute\n|\n|-heal|p1a: Zamazenta|94\/100|[from] item: Leftovers\n|upkeep\n|turn|16\n|\n|t:|1699925028\n|switch|p2a: Manaphy|Manaphy, shiny|100\/100\n|move|p1a: Zamazenta|Substitute|p1a: Zamazenta\n|-start|p1a: Zamazenta|Substitute\n|-damage|p1a: Zamazenta|69\/100\n|\n|-heal|p1a: Zamazenta|75\/100|[from] item: Leftovers\n|upkeep\n|turn|17\n|\n|t:|1699925032\n|-terastallize|p2a: Manaphy|Psychic\n|move|p1a: Zamazenta|Body Press|p2a: Manaphy\n|-resisted|p2a: Manaphy\n|-crit|p2a: Manaphy\n|-damage|p2a: Manaphy|24\/100\n|move|p2a: Manaphy|Tail Glow|p2a: Manaphy\n|-boost|p2a: Manaphy|spa|3\n|\n|-heal|p1a: Zamazenta|81\/100|[from] item: Leftovers\n|-heal|p2a: Manaphy|31\/100|[from] item: Leftovers\n|upkeep\n|turn|18\n|\n|t:|1699925039\n|move|p1a: Zamazenta|Crunch|p2a: Manaphy\n|-supereffective|p2a: Manaphy\n|-damage|p2a: Manaphy|0 fnt\n|faint|p2a: Manaphy\n|\n|-heal|p1a: Zamazenta|87\/100|[from] item: Leftovers\n|upkeep\n|\n|t:|1699925045\n|switch|p2a: Weezing|Weezing-Galar, F|48\/100\n|turn|19\n|\n|t:|1699925047\n|move|p1a: Zamazenta|Body Press|p2a: Weezing\n|-resisted|p2a: Weezing\n|-damage|p2a: Weezing|26\/100\n|-damage|p1a: Zamazenta|70\/100|[from] item: Rocky Helmet|[of] p2a: Weezing\n|move|p2a: Weezing|Strange Steam|p1a: Zamazenta\n|-supereffective|p1a: Zamazenta\n|-end|p1a: Zamazenta|Substitute\n|\n|-heal|p1a: Zamazenta|76\/100|[from] item: Leftovers\n|upkeep\n|turn|20\n|\n|t:|1699925055\n|move|p1a: Zamazenta|Crunch|p2a: Weezing\n|-resisted|p2a: Weezing\n|-damage|p2a: Weezing|16\/100\n|-damage|p1a: Zamazenta|60\/100|[from] item: Rocky Helmet|[of] p2a: Weezing\n|move|p2a: Weezing|Strange Steam|p1a: Zamazenta\n|-supereffective|p1a: Zamazenta\n|-damage|p1a: Zamazenta|7\/100\n|-start|p1a: Zamazenta|confusion\n|\n|-heal|p1a: Zamazenta|13\/100|[from] item: Leftovers\n|upkeep\n|turn|21\n|\n|t:|1699925067\n|-activate|p1a: Zamazenta|confusion\n|move|p1a: Zamazenta|Body Press|p2a: Weezing\n|-resisted|p2a: Weezing\n|-damage|p2a: Weezing|0 fnt\n|-damage|p1a: Zamazenta|0 fnt|[from] item: Rocky Helmet|[of] p2a: Weezing\n|faint|p2a: Weezing\n|faint|p1a: Zamazenta\n|\n|upkeep\n|\n|t:|1699925076\n|switch|p1a: Walking Wake|Walking Wake|100\/100\n|switch|p2a: Zapdos|Zapdos-Galar|100\/100\n|-enditem|p1a: Walking Wake|Booster Energy\n|-activate|p1a: Walking Wake|ability: Protosynthesis|[fromitem]\n|-start|p1a: Walking Wake|protosynthesisspa\n|turn|22\n|\n|t:|1699925081\n|move|p2a: Zapdos|Thunderous Kick|p1a: Walking Wake\n|-damage|p1a: Walking Wake|51\/100\n|-unboost|p1a: Walking Wake|def|1\n|move|p1a: Walking Wake|Hydro Pump|p2a: Zapdos\n|-damage|p2a: Zapdos|14\/100\n|\n|-heal|p2a: Zapdos|20\/100|[from] item: Leftovers\n|upkeep\n|turn|23\n|\n|t:|1699925094\n|move|p2a: Zapdos|Thunderous Kick|p1a: Walking Wake\n|-damage|p1a: Walking Wake|0 fnt\n|faint|p1a: Walking Wake\n|-end|p1a: Walking Wake|Protosynthesis|[silent]\n|\n|-heal|p2a: Zapdos|27\/100|[from] item: Leftovers\n|upkeep\n|\n|t:|1699925096\n|switch|p1a: Maushold|Maushold-Four, shiny|100\/100\n|turn|24\n|\n|t:|1699925102\n|move|p2a: Zapdos|Protect|p2a: Zapdos\n|-singleturn|p2a: Zapdos|Protect\n|move|p1a: Maushold|Encore|p2a: Zapdos\n|-activate|p2a: Zapdos|move: Protect\n|\n|-heal|p2a: Zapdos|33\/100|[from] item: Leftovers\n|upkeep\n|turn|25\n|\n|t:|1699925108\n|switch|p2a: Lokix|Lokix, F|100\/100\n|move|p1a: Maushold|Encore||[still]\n|-fail|p1a: Maushold\n|\n|upkeep\n|turn|26\n|\n|t:|1699925113\n|move|p2a: Lokix|Sucker Punch|p1a: Maushold\n|-crit|p1a: Maushold\n|-damage|p1a: Maushold|27\/100\n|move|p1a: Maushold|Population Bomb|p2a: Lokix\n|-damage|p2a: Lokix|86\/100\n|-damage|p2a: Lokix|69\/100\n|-damage|p2a: Lokix|51\/100\n|-damage|p2a: Lokix|34\/100\n|-damage|p2a: Lokix|19\/100\n|-damage|p2a: Lokix|4\/100\n|-damage|p2a: Lokix|0 fnt\n|faint|p2a: Lokix\n|-hitcount|p2: Lokix|7\n|\n|upkeep\n|\n|t:|1699925117\n|switch|p2a: Zapdos|Zapdos-Galar|33\/100\n|turn|27\n|\n|t:|1699925123\n|move|p2a: Zapdos|Protect|p2a: Zapdos\n|-singleturn|p2a: Zapdos|Protect\n|move|p1a: Maushold|Population Bomb|p2a: Zapdos\n|-activate|p2a: Zapdos|move: Protect\n|\n|-heal|p2a: Zapdos|39\/100|[from] item: Leftovers\n|upkeep\n|turn|28\n|\n|t:|1699925127\n|switch|p2a: Ceruledge|Ceruledge, F|100\/100\n|move|p1a: Maushold|Encore||[still]\n|-fail|p1a: Maushold\n|\n|upkeep\n|turn|29\n|\n|t:|1699925129\n|move|p1a: Maushold|Shadow Claw|p2a: Ceruledge\n|-supereffective|p2a: Ceruledge\n|-damage|p2a: Ceruledge|63\/100\n|move|p2a: Ceruledge|Bitter Blade|p1a: Maushold\n|-damage|p1a: Maushold|0 fnt\n|-heal|p2a: Ceruledge|74\/100|[from] drain|[of] p1a: Maushold\n|faint|p1a: Maushold\n|\n|win|Thefatguinea\n|raw|Renesme's rating: 1320 &rarr; <strong>1303<\/strong><br \/>(-17 for losing)\n|raw|Thefatguinea's rating: 1380 &rarr; <strong>1397<\/strong><br \/>(+17 for winning)\n|l|\u2606Renesme\n|c|\u2606Thefatguinea|gg\n","uploadtime":1699925143,"views":16,"p1id":"renesme","p2id":"thefatguinea","formatid":"gen9ou","rating":1303,"private":0,"password":""}