{"id":"gen9ou-1997368035","p1":"HM.patata89","p2":"TY SM MY GUY","format":"[Gen 9] OU","log":"|j|\u2606HM.patata89\n|j|\u2606TY SM MY GUY\n|t:|1700795014\n|gametype|singles\n|player|p1|HM.patata89|rocketgrunt|1265\n|player|p2|TY SM MY GUY|hoopster|1295\n|teamsize|p1|6\n|teamsize|p2|6\n|gen|9\n|tier|[Gen 9] OU\n|rated|\n|rule|Sleep Clause Mod: Limit one foe put to sleep\n|rule|Species Clause: Limit one of each Pok\u00e9mon\n|rule|OHKO Clause: OHKO moves are banned\n|rule|Evasion Items Clause: Evasion items are banned\n|rule|Evasion Moves Clause: Evasion moves are banned\n|rule|Endless Battle Clause: Forcing endless battles is banned\n|rule|HP Percentage Mod: HP is shown in percentages\n|clearpoke\n|poke|p1|Greninja-*, M|\n|poke|p1|Ogerpon-Cornerstone, F|\n|poke|p1|Ursaluna, F|\n|poke|p1|Chansey, F|\n|poke|p1|Dragapult, F|\n|poke|p1|Heatran, F|\n|poke|p2|Glimmora, F|\n|poke|p2|Great Tusk|\n|poke|p2|Hatterene, F|\n|poke|p2|Greninja-*, M|\n|poke|p2|Brambleghast, M|\n|poke|p2|Zoroark-Hisui, M|\n|teampreview\n|\n|t:|1700795042\n|start\n|switch|p1a: Greninja|Greninja, M|100\/100\n|switch|p2a: Hatterene|Hatterene, F, shiny|100\/100\n|turn|1\n|\n|t:|1700795060\n|switch|p1a: Ursaluna|Ursaluna, F|100\/100\n|move|p2a: Hatterene|Trick|p1a: Ursaluna\n|-activate|p2a: Hatterene|move: Trick|[of] p1a: Ursaluna\n|-item|p1a: Ursaluna|Choice Scarf|[from] move: Trick\n|-item|p2a: Hatterene|Flame Orb|[from] move: Trick\n|\n|-status|p2a: Hatterene|brn|[from] item: Flame Orb\n|upkeep\n|turn|2\n|c|\u2606HM.patata89|XD\n|\n|t:|1700795076\n|switch|p2a: Glimmora|Glimmora, F, shiny|100\/100\n|-item|p2a: Glimmora|Air Balloon\n|move|p1a: Ursaluna|Facade|p2a: Glimmora\n|-resisted|p2a: Glimmora\n|-damage|p2a: Glimmora|79\/100\n|-activate|p2a: Glimmora|ability: Toxic Debris\n|-sidestart|p1: HM.patata89|move: Toxic Spikes\n|-enditem|p2a: Glimmora|Air Balloon\n|\n|upkeep\n|turn|3\n|c|\u2606TY SM MY GUY|Whats funny\n|c|\u2606TY SM MY GUY|thats good for me lol\n|c|\u2606HM.patata89|damn\n|\n|t:|1700795113\n|switch|p1a: Heatran|Heatran, F|100\/100\n|move|p2a: Glimmora|Stealth Rock|p1a: Heatran\n|-sidestart|p1: HM.patata89|move: Stealth Rock\n|\n|upkeep\n|turn|4\n|\n|t:|1700795118\n|move|p2a: Glimmora|Earth Power|p1a: Heatran\n|-supereffective|p1a: Heatran\n|-damage|p1a: Heatran|0 fnt\n|faint|p1a: Heatran\n|\n|upkeep\n|c|\u2606TY SM MY GUY|XD\n|c|\u2606HM.patata89|XD\n|c|\u2606TY SM MY GUY|whats funny?\n|c|\u2606HM.patata89|que tu oneshot my heatran\n|c|\u2606TY SM MY GUY|?\n|c|\u2606HM.patata89|?\n|c|\u2606TY SM MY GUY|4x super effective?\n|\n|t:|1700795175\n|switch|p1a: Greninja|Greninja, M|100\/100\n|-status|p1a: Greninja|psn\n|-damage|p1a: Greninja|88\/100 psn|[from] Stealth Rock\n|turn|5\n|\n|t:|1700795185\n|switch|p2a: Hatterene|Hatterene, F, shiny|100\/100\n|move|p1a: Greninja|Surf|p2a: Hatterene\n|-damage|p2a: Hatterene|48\/100\n|-enditem|p2a: Hatterene|Eject Button\n|\n|t:|1700795191\n|switch|p2a: Brambleghast|Brambleghast, M, shiny|100\/100\n|\n|-damage|p1a: Greninja|76\/100 psn|[from] psn\n|upkeep\n|turn|6\n|\n|t:|1700795199\n|switch|p1a: gordis|Chansey, F|100\/100\n|-status|p1a: gordis|psn\n|-damage|p1a: gordis|88\/100 psn|[from] Stealth Rock\n|move|p2a: Brambleghast|Rapid Spin|p1a: gordis\n|-damage|p1a: gordis|77\/100 psn\n|-boost|p2a: Brambleghast|spe|1\n|\n|-damage|p1a: gordis|64\/100 psn|[from] psn\n|upkeep\n|turn|7\n|\n|t:|1700795202\n|-terastallize|p2a: Brambleghast|Fighting\n|move|p2a: Brambleghast|Tera Blast|p1a: gordis|[anim] Tera Blast Fighting\n|-supereffective|p1a: gordis\n|-damage|p1a: gordis|15\/100 psn\n|move|p1a: gordis|Thunder Wave|p2a: Brambleghast\n|-status|p2a: Brambleghast|par\n|\n|-damage|p1a: gordis|2\/100 psn|[from] psn\n|upkeep\n|turn|8\n|c|\u2606TY SM MY GUY|XD\n|\n|t:|1700795220\n|cant|p2a: Brambleghast|par\n|move|p1a: gordis|Soft-Boiled|p1a: gordis\n|-heal|p1a: gordis|52\/100 psn\n|\n|-damage|p1a: gordis|40\/100 psn|[from] psn\n|upkeep\n|turn|9\n|\n|t:|1700795225\n|move|p2a: Brambleghast|Rapid Spin|p1a: gordis\n|-damage|p1a: gordis|29\/100 psn\n|-boost|p2a: Brambleghast|spe|1\n|move|p1a: gordis|Heal Bell|p1a: gordis\n|-activate|p1a: gordis|move: Heal Bell\n|-curestatus|p1a: gordis|psn|[msg]\n|-curestatus|p1: Greninja|psn|[msg]\n|\n|upkeep\n|turn|10\n|\n|t:|1700795229\n|move|p2a: Brambleghast|Tera Blast|p1a: gordis|[anim] Tera Blast Fighting\n|-supereffective|p1a: gordis\n|-damage|p1a: gordis|0 fnt\n|faint|p1a: gordis\n|\n|upkeep\n|\n|t:|1700795237\n|switch|p1a: Dragapult|Dragapult, F|100\/100\n|-status|p1a: Dragapult|psn\n|-damage|p1a: Dragapult|88\/100 psn|[from] Stealth Rock\n|turn|11\n|\n|t:|1700795239\n|move|p2a: Brambleghast|Shadow Sneak|p1a: Dragapult\n|-supereffective|p1a: Dragapult\n|-damage|p1a: Dragapult|35\/100 psn\n|move|p1a: Dragapult|Flamethrower|p2a: Brambleghast\n|-damage|p2a: Brambleghast|47\/100 par\n|\n|-damage|p1a: Dragapult|22\/100 psn|[from] psn\n|upkeep\n|turn|12\n|\n|t:|1700795276\n|switch|p1a: Ursaluna|Ursaluna, F|100\/100\n|-status|p1a: Ursaluna|psn\n|-damage|p1a: Ursaluna|94\/100 psn|[from] Stealth Rock\n|move|p2a: Brambleghast|Rapid Spin|p1a: Ursaluna\n|-crit|p1a: Ursaluna\n|-damage|p1a: Ursaluna|75\/100 psn\n|-boost|p2a: Brambleghast|spe|1\n|\n|-damage|p1a: Ursaluna|63\/100 psn|[from] psn\n|upkeep\n|turn|13\n|\n|t:|1700795283\n|move|p2a: Brambleghast|Tera Blast|p1a: Ursaluna|[anim] Tera Blast Fighting\n|-supereffective|p1a: Ursaluna\n|-damage|p1a: Ursaluna|0 fnt\n|faint|p1a: Ursaluna\n|\n|upkeep\n|c|\u2606TY SM MY GUY|Bruh\n|\n|t:|1700795288\n|switch|p1a: Greninja|Greninja, M|76\/100\n|-status|p1a: Greninja|psn\n|-damage|p1a: Greninja|64\/100 psn|[from] Stealth Rock\n|turn|14\n|c|\u2606TY SM MY GUY|you gettin cooked\n|\n|t:|1700795296\n|move|p2a: Brambleghast|Tera Blast|p1a: Greninja|[anim] Tera Blast Fighting\n|-supereffective|p1a: Greninja\n|-damage|p1a: Greninja|0 fnt\n|faint|p1a: Greninja\n|\n|upkeep\n|c|\u2606TY SM MY GUY|OOF\n|c|\u2606HM.patata89|oh\n|c|\u2606TY SM MY GUY|XD\n|\n|t:|1700795305\n|switch|p1a: Dragapult|Dragapult, F|22\/100 psn\n|-damage|p1a: Dragapult|10\/100 psn|[from] Stealth Rock\n|turn|15\n|c|\u2606TY SM MY GUY|lmfaooooo\n|\n|t:|1700795312\n|cant|p2a: Brambleghast|par\n|move|p1a: Dragapult|Flamethrower|p2a: Brambleghast\n|-crit|p2a: Brambleghast\n|-damage|p2a: Brambleghast|0 fnt\n|faint|p2a: Brambleghast\n|\n|-damage|p1a: Dragapult|0 fnt|[from] psn\n|faint|p1a: Dragapult\n|upkeep\n|\n|t:|1700795329\n|switch|p1a: Ogerpon|Ogerpon-Cornerstone, F|100\/100\n|switch|p2a: Glimmora|Glimmora, F, shiny|79\/100\n|-status|p1a: Ogerpon|psn\n|-damage|p1a: Ogerpon|88\/100 psn|[from] Stealth Rock\n|turn|16\n|c|\u2606HM.patata89|ogerpon solos\n|\n|t:|1700795346\n|move|p1a: Ogerpon|Horn Leech|p2a: Glimmora\n|-damage|p2a: Glimmora|25\/100\n|-heal|p1a: Ogerpon|100\/100 psn|[from] drain|[of] p2a: Glimmora\n|-activate|p2a: Glimmora|ability: Toxic Debris\n|-sidestart|p1: HM.patata89|move: Toxic Spikes\n|move|p2a: Glimmora|Earth Power|p1a: Ogerpon\n|-damage|p1a: Ogerpon|72\/100 psn\n|\n|-damage|p1a: Ogerpon|60\/100 psn|[from] psn\n|upkeep\n|turn|17\n|\n|t:|1700795351\n|move|p1a: Ogerpon|Horn Leech|p2a: Glimmora\n|-damage|p2a: Glimmora|0 fnt\n|-heal|p1a: Ogerpon|75\/100 psn|[from] drain|[of] p2a: Glimmora\n|faint|p2a: Glimmora\n|\n|-damage|p1a: Ogerpon|63\/100 psn|[from] psn\n|upkeep\n|\n|t:|1700795358\n|switch|p2a: Great Tusk|Great Tusk|100\/100\n|-enditem|p2a: Great Tusk|Booster Energy\n|-activate|p2a: Great Tusk|ability: Protosynthesis|[fromitem]\n|-start|p2a: Great Tusk|protosynthesisspe\n|turn|18\n|\n|t:|1700795361\n|move|p2a: Great Tusk|Body Press|p1a: Ogerpon\n|-supereffective|p1a: Ogerpon\n|-damage|p1a: Ogerpon|0 fnt\n|faint|p1a: Ogerpon\n|\n|win|TY SM MY GUY\n|raw|HM.patata89's rating: 1265 &rarr; <strong>1242<\/strong><br \/>(-23 for losing)\n|raw|TY SM MY GUY's rating: 1295 &rarr; <strong>1318<\/strong><br \/>(+23 for winning)\n|c|\u2606TY SM MY GUY|Yea ok\n|l|\u2606HM.patata89\n|c|\u2606TY SM MY GUY|solos\n|c|\u2606TY SM MY GUY|lmfaooooo\n","uploadtime":1700795373,"views":21,"p1id":"hmpatata89","p2id":"tysmmyguy","formatid":"gen9ou","rating":1242,"private":0,"password":""}