{"id":"gen9ou-1995754957","p1":"Irvantheboredone","p2":"Yasho1999","format":"[Gen 9] OU","log":"|j|\u2606Irvantheboredone\n|j|\u2606Yasho1999\n|t:|1700600084\n|gametype|singles\n|player|p1|Irvantheboredone|unknown|1188\n|player|p2|Yasho1999|lucas|1178\n|teamsize|p1|6\n|teamsize|p2|6\n|gen|9\n|tier|[Gen 9] OU\n|rated|\n|rule|Sleep Clause Mod: Limit one foe put to sleep\n|rule|Species Clause: Limit one of each Pok\u00e9mon\n|rule|OHKO Clause: OHKO moves are banned\n|rule|Evasion Items Clause: Evasion items are banned\n|rule|Evasion Moves Clause: Evasion moves are banned\n|rule|Endless Battle Clause: Forcing endless battles is banned\n|rule|HP Percentage Mod: HP is shown in percentages\n|clearpoke\n|poke|p1|Inteleon, M|\n|poke|p1|Gyarados, M|\n|poke|p1|Scizor, F|\n|poke|p1|Gallade, M|\n|poke|p1|Thundurus-Therian, M|\n|poke|p1|Kingambit, F|\n|poke|p2|Salamence, F|\n|poke|p2|Arboliva, M|\n|poke|p2|Gengar, M|\n|poke|p2|Slowbro, F|\n|poke|p2|Weavile, M|\n|poke|p2|Corviknight, M|\n|teampreview\n|\n|t:|1700600099\n|start\n|switch|p1a: V1|Inteleon, M|100\/100\n|switch|p2a: Corviknight|Corviknight, M|100\/100\n|-ability|p2a: Corviknight|Unnerve\n|turn|1\n|\n|t:|1700600105\n|-terastallize|p1a: V1|Electric\n|move|p1a: V1|Tera Blast|p2a: Corviknight|[anim] Tera Blast Electric\n|-supereffective|p2a: Corviknight\n|-damage|p2a: Corviknight|14\/100\n|move|p2a: Corviknight|Brave Bird|p1a: V1\n|-resisted|p1a: V1\n|-damage|p1a: V1|58\/100\n|-damage|p2a: Corviknight|3\/100|[from] Recoil\n|\n|-heal|p2a: Corviknight|9\/100|[from] item: Leftovers\n|upkeep\n|turn|2\n|\n|t:|1700600117\n|move|p1a: V1|Snipe Shot|p2a: Corviknight\n|-crit|p2a: Corviknight\n|-damage|p2a: Corviknight|0 fnt\n|faint|p2a: Corviknight\n|\n|upkeep\n|\n|t:|1700600123\n|switch|p2a: Arboliva|Arboliva, M|100\/100\n|turn|3\n|\n|t:|1700600127\n|switch|p1a: V2|Scizor, F|100\/100\n|move|p2a: Arboliva|Substitute|p2a: Arboliva\n|-start|p2a: Arboliva|Substitute\n|-damage|p2a: Arboliva|76\/100\n|\n|upkeep\n|turn|4\n|\n|t:|1700600131\n|move|p1a: V2|Dual Wingbeat|p2a: Arboliva\n|-supereffective|p2a: Arboliva\n|-end|p2a: Arboliva|Substitute\n|-supereffective|p2a: Arboliva\n|-damage|p2a: Arboliva|16\/100\n|-enditem|p2a: Arboliva|Sitrus Berry|[eat]\n|-heal|p2a: Arboliva|41\/100|[from] item: Sitrus Berry\n|-hitcount|p2a: Arboliva|2\n|move|p2a: Arboliva|Leech Seed|p1a: V2\n|-start|p1a: V2|move: Leech Seed\n|\n|-damage|p1a: V2|88\/100|[from] Leech Seed|[of] p2a: Arboliva\n|-heal|p2a: Arboliva|54\/100|[silent]\n|upkeep\n|turn|5\n|\n|t:|1700600140\n|move|p2a: Arboliva|Protect|p2a: Arboliva\n|-singleturn|p2a: Arboliva|Protect\n|move|p1a: V2|Dual Wingbeat|p2a: Arboliva\n|-activate|p2a: Arboliva|move: Protect\n|\n|-damage|p1a: V2|76\/100|[from] Leech Seed|[of] p2a: Arboliva\n|-heal|p2a: Arboliva|67\/100|[silent]\n|-item|p2a: Arboliva|Sitrus Berry|[from] ability: Harvest\n|upkeep\n|turn|6\n|\n|t:|1700600151\n|switch|p2a: Slowbro|Slowbro, F|100\/100\n|move|p1a: V2|Dual Wingbeat|p2a: Slowbro\n|-damage|p2a: Slowbro|80\/100\n|-damage|p2a: Slowbro|62\/100\n|-hitcount|p2a: Slowbro|2\n|\n|-heal|p2a: Slowbro|68\/100|[from] item: Leftovers\n|-damage|p1a: V2|63\/100|[from] Leech Seed|[of] p2a: Slowbro\n|-heal|p2a: Slowbro|78\/100|[silent]\n|upkeep\n|turn|7\n|\n|t:|1700600156\n|switch|p1a: Gabriel|Gallade, M|100\/100\n|move|p2a: Slowbro|Scald|p1a: Gabriel\n|-damage|p1a: Gabriel|79\/100\n|\n|-heal|p2a: Slowbro|84\/100|[from] item: Leftovers\n|upkeep\n|turn|8\n|\n|t:|1700600165\n|move|p1a: Gabriel|Night Slash|p2a: Slowbro\n|-supereffective|p2a: Slowbro\n|-damage|p2a: Slowbro|27\/100\n|move|p2a: Slowbro|Psychic|p1a: Gabriel\n|-damage|p1a: Gabriel|57\/100\n|-unboost|p1a: Gabriel|spd|1\n|\n|-heal|p2a: Slowbro|33\/100|[from] item: Leftovers\n|upkeep\n|turn|9\n|\n|t:|1700600176\n|switch|p2a: Weavile|Weavile, M|100\/100\n|-ability|p2a: Weavile|Pressure\n|move|p1a: Gabriel|Night Slash|p2a: Weavile\n|-resisted|p2a: Weavile\n|-damage|p2a: Weavile|69\/100\n|\n|upkeep\n|turn|10\n|\n|t:|1700600181\n|switch|p1a: V2|Scizor, F|63\/100\n|move|p2a: Weavile|X-Scissor|p1a: V2\n|-resisted|p1a: V2\n|-damage|p1a: V2|43\/100\n|-damage|p2a: Weavile|59\/100|[from] item: Life Orb\n|\n|upkeep\n|turn|11\n|\n|t:|1700600185\n|move|p1a: V2|Bullet Punch|p2a: Weavile\n|-supereffective|p2a: Weavile\n|-damage|p2a: Weavile|0 fnt\n|faint|p2a: Weavile\n|\n|upkeep\n|\n|t:|1700600189\n|switch|p2a: Salamence|Salamence, F|100\/100\n|turn|12\n|\n|t:|1700600193\n|switch|p1a: Ferryman|Kingambit, F, shiny|100\/100\n|-terastallize|p2a: Salamence|Ground\n|move|p2a: Salamence|Dragon Dance|p2a: Salamence\n|-boost|p2a: Salamence|atk|1\n|-boost|p2a: Salamence|spe|1\n|\n|upkeep\n|turn|13\n|\n|t:|1700600197\n|move|p1a: Ferryman|Sucker Punch|p2a: Salamence\n|-crit|p2a: Salamence\n|-damage|p2a: Salamence|11\/100\n|move|p2a: Salamence|Earthquake|p1a: Ferryman\n|-supereffective|p1a: Ferryman\n|-damage|p1a: Ferryman|0 fnt\n|faint|p1a: Ferryman\n|-end|p1a: Ferryman|fallenundefined|[silent]\n|-ability|p2a: Salamence|Moxie|boost\n|-boost|p2a: Salamence|atk|1\n|\n|upkeep\n|\n|t:|1700600199\n|switch|p1a: V2|Scizor, F|43\/100\n|turn|14\n|\n|t:|1700600204\n|move|p1a: V2|Bullet Punch|p2a: Salamence\n|-damage|p2a: Salamence|0 fnt\n|faint|p2a: Salamence\n|\n|upkeep\n|\n|t:|1700600206\n|switch|p2a: Gengar|Gengar, M|100\/100\n|turn|15\n|\n|t:|1700600219\n|switch|p1a: Leviathan|Gyarados, M, shiny|100\/100\n|move|p2a: Gengar|Focus Blast|p1a: Leviathan\n|-resisted|p1a: Leviathan\n|-damage|p1a: Leviathan|73\/100\n|-damage|p2a: Gengar|91\/100|[from] item: Life Orb\n|\n|upkeep\n|turn|16\n|\n|t:|1700600223\n|move|p2a: Gengar|Sludge Bomb|p1a: Leviathan\n|-damage|p1a: Leviathan|7\/100\n|-damage|p2a: Gengar|81\/100|[from] item: Life Orb\n|move|p1a: Leviathan|Dragon Dance|p1a: Leviathan\n|-boost|p1a: Leviathan|atk|1\n|-boost|p1a: Leviathan|spe|1\n|\n|upkeep\n|turn|17\n|\n|t:|1700600227\n|move|p1a: Leviathan|Earthquake|p2a: Gengar\n|-supereffective|p2a: Gengar\n|-damage|p2a: Gengar|0 fnt\n|faint|p2a: Gengar\n|-ability|p1a: Leviathan|Moxie|boost\n|-boost|p1a: Leviathan|atk|1\n|\n|upkeep\n|\n|t:|1700600229\n|switch|p2a: Arboliva|Arboliva, M|67\/100\n|turn|18\n|\n|t:|1700600232\n|move|p1a: Leviathan|Iron Head|p2a: Arboliva\n|-damage|p2a: Arboliva|3\/100\n|-enditem|p2a: Arboliva|Sitrus Berry|[eat]\n|-heal|p2a: Arboliva|27\/100|[from] item: Sitrus Berry\n|cant|p2a: Arboliva|flinch\n|\n|-item|p2a: Arboliva|Sitrus Berry|[from] ability: Harvest\n|upkeep\n|-enditem|p2a: Arboliva|Sitrus Berry|[eat]\n|-heal|p2a: Arboliva|52\/100|[from] item: Sitrus Berry\n|turn|19\n|\n|t:|1700600237\n|move|p2a: Arboliva|Protect|p2a: Arboliva\n|-singleturn|p2a: Arboliva|Protect\n|move|p1a: Leviathan|Iron Head|p2a: Arboliva\n|-activate|p2a: Arboliva|move: Protect\n|\n|upkeep\n|turn|20\n|\n|t:|1700600246\n|move|p1a: Leviathan|Iron Head|p2a: Arboliva\n|-damage|p2a: Arboliva|0 fnt\n|faint|p2a: Arboliva\n|-ability|p1a: Leviathan|Moxie|boost\n|-boost|p1a: Leviathan|atk|1\n|\n|upkeep\n|\n|t:|1700600248\n|switch|p2a: Slowbro|Slowbro, F|66\/100\n|turn|21\n|\n|t:|1700600251\n|move|p1a: Leviathan|Earthquake|p2a: Slowbro\n|-damage|p2a: Slowbro|0 fnt\n|faint|p2a: Slowbro\n|\n|win|Irvantheboredone\n|raw|Irvantheboredone's rating: 1188 &rarr; <strong>1212<\/strong><br \/>(+24 for winning)\n|raw|Yasho1999's rating: 1178 &rarr; <strong>1154<\/strong><br \/>(-24 for losing)\n","uploadtime":1700600255,"views":8,"p1id":"irvantheboredone","p2id":"yasho1999","formatid":"gen9ou","rating":1154,"private":0,"password":""}