{"id":"gen9ou-1989244936","p1":"gock glocker","p2":"mrkrabsgrindset","format":"[Gen 9] OU","log":"|j|\u2606gock glocker\n|j|\u2606mrkrabsgrindset\n|t:|1699827448\n|gametype|singles\n|player|p1|gock glocker|acerola-masters|1660\n|player|p2|mrkrabsgrindset|palmer|1660\n|teamsize|p1|6\n|teamsize|p2|6\n|gen|9\n|tier|[Gen 9] OU\n|rated|\n|rule|Sleep Clause Mod: Limit one foe put to sleep\n|rule|Species Clause: Limit one of each Pok\u00e9mon\n|rule|OHKO Clause: OHKO moves are banned\n|rule|Evasion Items Clause: Evasion items are banned\n|rule|Evasion Moves Clause: Evasion moves are banned\n|rule|Endless Battle Clause: Forcing endless battles is banned\n|rule|HP Percentage Mod: HP is shown in percentages\n|clearpoke\n|poke|p1|Iron Valiant|\n|poke|p1|Rillaboom, F|\n|poke|p1|Hatterene, F|\n|poke|p1|Ursaluna, M|\n|poke|p1|Sneasler, F|\n|poke|p1|Heatran, M|\n|poke|p2|Rillaboom, M|\n|poke|p2|Slowking-Galar, M|\n|poke|p2|Cinderace, F|\n|poke|p2|Kingambit, M|\n|poke|p2|Manaphy|\n|poke|p2|Sandy Shocks|\n|teampreview\n|inactive|Battle timer is ON: inactive players will automatically lose when time's up. (requested by gock glocker)\n|inactive|gock glocker has 120 seconds left.\n|inactive|gock glocker has 90 seconds left.\n|\n|t:|1699827538\n|start\n|switch|p1a: Heatran|Heatran, M|100\/100\n|switch|p2a: Cinderace|Cinderace, F|100\/100\n|-item|p1a: Heatran|Air Balloon\n|turn|1\n|\n|t:|1699827549\n|move|p2a: Cinderace|U-turn|p1a: Heatran\n|-resisted|p1a: Heatran\n|-damage|p1a: Heatran|96\/100\n|-enditem|p1a: Heatran|Air Balloon\n|\n|t:|1699827553\n|switch|p2a: Manaphy|Manaphy|100\/100|[from] U-turn\n|move|p1a: Heatran|Stealth Rock|p2a: Manaphy\n|-sidestart|p2: mrkrabsgrindset|move: Stealth Rock\n|\n|upkeep\n|turn|2\n|\n|t:|1699827561\n|move|p2a: Manaphy|Acid Armor|p2a: Manaphy\n|-boost|p2a: Manaphy|def|2\n|move|p1a: Heatran|Taunt|p2a: Manaphy\n|-start|p2a: Manaphy|move: Taunt\n|\n|upkeep\n|turn|3\n|\n|t:|1699827567\n|switch|p1a: Rillaboom|Rillaboom, F|100\/100\n|-fieldstart|move: Grassy Terrain|[from] ability: Grassy Surge|[of] p1a: Rillaboom\n|move|p2a: Manaphy|Scald|p1a: Rillaboom\n|-resisted|p1a: Rillaboom\n|-damage|p1a: Rillaboom|90\/100\n|-status|p1a: Rillaboom|brn\n|\n|-heal|p1a: Rillaboom|97\/100 brn|[from] Grassy Terrain\n|-damage|p1a: Rillaboom|90\/100 brn|[from] brn\n|upkeep\n|turn|4\n|j| encostoo\n|l| encostoo\n|inactive|mrkrabsgrindset has 120 seconds left.\n|\n|t:|1699827605\n|switch|p2a: Cinderace|Cinderace, F|100\/100\n|move|p1a: Rillaboom|Knock Off|p2a: Cinderace\n|-damage|p2a: Cinderace|80\/100\n|-enditem|p2a: Cinderace|Heavy-Duty Boots|[from] move: Knock Off|[of] p1a: Rillaboom\n|\n|-heal|p2a: Cinderace|86\/100|[from] Grassy Terrain\n|-heal|p1a: Rillaboom|97\/100 brn|[from] Grassy Terrain\n|-damage|p1a: Rillaboom|90\/100 brn|[from] brn\n|upkeep\n|turn|5\n|inactive|mrkrabsgrindset has 120 seconds left.\n|\n|t:|1699827613\n|move|p2a: Cinderace|Court Change|p2a: Cinderace\n|-swapsideconditions\n|-activate|p2a: Cinderace|move: Court Change\n|move|p1a: Rillaboom|U-turn|p2a: Cinderace\n|-resisted|p2a: Cinderace\n|-damage|p2a: Cinderace|78\/100\n|\n|t:|1699827617\n|switch|p1a: Heatran|Heatran, M|96\/100|[from] U-turn\n|-damage|p1a: Heatran|83\/100|[from] Stealth Rock\n|\n|-heal|p2a: Cinderace|85\/100|[from] Grassy Terrain\n|-heal|p1a: Heatran|89\/100|[from] Grassy Terrain\n|upkeep\n|turn|6\n|\n|t:|1699827625\n|move|p2a: Cinderace|U-turn|p1a: Heatran\n|-resisted|p1a: Heatran\n|-damage|p1a: Heatran|85\/100\n|\n|t:|1699827628\n|switch|p2a: Sandy Shocks|Sandy Shocks|100\/100|[from] U-turn\n|move|p1a: Heatran|Stealth Rock|p2a: Sandy Shocks\n|-sidestart|p2: mrkrabsgrindset|move: Stealth Rock\n|\n|-heal|p1a: Heatran|91\/100|[from] Grassy Terrain\n|upkeep\n|turn|7\n|\n|t:|1699827633\n|switch|p1a: Rillaboom|Rillaboom, F|90\/100 brn\n|-damage|p1a: Rillaboom|78\/100 brn|[from] Stealth Rock\n|move|p2a: Sandy Shocks|Volt Switch|p1a: Rillaboom\n|-resisted|p1a: Rillaboom\n|-damage|p1a: Rillaboom|64\/100 brn\n|\n|t:|1699827644\n|-end|p2a: Sandy Shocks|Protosynthesis|[silent]\n|switch|p2a: Cinderace|Cinderace, F|85\/100|[from] Volt Switch\n|-damage|p2a: Cinderace|60\/100|[from] Stealth Rock\n|\n|-heal|p2a: Cinderace|66\/100|[from] Grassy Terrain\n|-heal|p1a: Rillaboom|70\/100 brn|[from] Grassy Terrain\n|-damage|p1a: Rillaboom|64\/100 brn|[from] brn\n|-fieldend|move: Grassy Terrain\n|upkeep\n|turn|8\n|\n|t:|1699827651\n|switch|p1a: Heatran|Heatran, M|91\/100\n|-damage|p1a: Heatran|79\/100|[from] Stealth Rock\n|move|p2a: Cinderace|U-turn|p1a: Heatran\n|-resisted|p1a: Heatran\n|-damage|p1a: Heatran|74\/100\n|\n|t:|1699827658\n|switch|p2a: Sandy Shocks|Sandy Shocks|100\/100|[from] U-turn\n|-damage|p2a: Sandy Shocks|94\/100|[from] Stealth Rock\n|\n|-heal|p2a: Sandy Shocks|100\/100|[from] item: Leftovers\n|upkeep\n|turn|9\n|\n|t:|1699827663\n|switch|p1a: Rillaboom|Rillaboom, F|64\/100 brn\n|-damage|p1a: Rillaboom|51\/100 brn|[from] Stealth Rock\n|-fieldstart|move: Grassy Terrain|[from] ability: Grassy Surge|[of] p1a: Rillaboom\n|move|p2a: Sandy Shocks|Spikes|p1a: Rillaboom\n|-sidestart|p1: gock glocker|Spikes\n|\n|-heal|p1a: Rillaboom|58\/100 brn|[from] Grassy Terrain\n|-damage|p1a: Rillaboom|51\/100 brn|[from] brn\n|upkeep\n|turn|10\n|\n|t:|1699827669\n|-end|p2a: Sandy Shocks|Protosynthesis|[silent]\n|switch|p2a: Cinderace|Cinderace, F|66\/100\n|-damage|p2a: Cinderace|41\/100|[from] Stealth Rock\n|move|p1a: Rillaboom|U-turn|p2a: Cinderace\n|-resisted|p2a: Cinderace\n|-damage|p2a: Cinderace|32\/100\n|\n|t:|1699827679\n|switch|p1a: Heatran|Heatran, M|74\/100|[from] U-turn\n|-damage|p1a: Heatran|62\/100|[from] Stealth Rock\n|-damage|p1a: Heatran|49\/100|[from] Spikes\n|\n|-heal|p2a: Cinderace|39\/100|[from] Grassy Terrain\n|-heal|p1a: Heatran|56\/100|[from] Grassy Terrain\n|upkeep\n|turn|11\n|\n|t:|1699827684\n|move|p2a: Cinderace|U-turn|p1a: Heatran\n|-resisted|p1a: Heatran\n|-damage|p1a: Heatran|51\/100\n|\n|t:|1699827688\n|switch|p2a: Sandy Shocks|Sandy Shocks|100\/100|[from] U-turn\n|-damage|p2a: Sandy Shocks|94\/100|[from] Stealth Rock\n|move|p1a: Heatran|Magma Storm|p2a: Sandy Shocks\n|-damage|p2a: Sandy Shocks|35\/100\n|-activate|p2a: Sandy Shocks|move: Magma Storm|[of] p1a: Heatran\n|\n|-heal|p2a: Sandy Shocks|41\/100|[from] Grassy Terrain\n|-heal|p2a: Sandy Shocks|47\/100|[from] item: Leftovers\n|-heal|p1a: Heatran|57\/100|[from] Grassy Terrain\n|-damage|p2a: Sandy Shocks|35\/100|[from] move: Magma Storm|[partiallytrapped]\n|upkeep\n|turn|12\n|\n|t:|1699827694\n|move|p2a: Sandy Shocks|Earth Power|p1a: Heatran\n|-supereffective|p1a: Heatran\n|-damage|p1a: Heatran|0 fnt\n|faint|p1a: Heatran\n|\n|-heal|p2a: Sandy Shocks|41\/100|[from] Grassy Terrain\n|-heal|p2a: Sandy Shocks|47\/100|[from] item: Leftovers\n|-end|p2a: Sandy Shocks|Magma Storm|[partiallytrapped]|[silent]\n|upkeep\n|inactive|gock glocker has 120 seconds left.\n|\n|t:|1699827746\n|switch|p1a: Iron Valiant|Iron Valiant|100\/100\n|-damage|p1a: Iron Valiant|94\/100|[from] Stealth Rock\n|-damage|p1a: Iron Valiant|82\/100|[from] Spikes\n|-enditem|p1a: Iron Valiant|Booster Energy\n|-activate|p1a: Iron Valiant|ability: Quark Drive|[fromitem]\n|-start|p1a: Iron Valiant|quarkdrivespa\n|turn|13\n|\n|t:|1699827763\n|-end|p2a: Sandy Shocks|Protosynthesis|[silent]\n|switch|p2a: Slowking|Slowking-Galar, M|100\/100\n|-damage|p2a: Slowking|88\/100|[from] Stealth Rock\n|move|p1a: Iron Valiant|Moonblast|p2a: Slowking\n|-resisted|p2a: Slowking\n|-damage|p2a: Slowking|63\/100\n|\n|-heal|p1a: Iron Valiant|88\/100|[from] Grassy Terrain\n|-heal|p2a: Slowking|69\/100|[from] Grassy Terrain\n|-heal|p2a: Slowking|75\/100|[from] item: Black Sludge\n|-fieldend|move: Grassy Terrain\n|upkeep\n|turn|14\n|\n|t:|1699827774\n|move|p1a: Iron Valiant|Psyshock|p2a: Slowking\n|-damage|p2a: Slowking|46\/100\n|move|p2a: Slowking|Sludge Bomb|p1a: Iron Valiant\n|-supereffective|p1a: Iron Valiant\n|-damage|p1a: Iron Valiant|0 fnt\n|faint|p1a: Iron Valiant\n|-end|p1a: Iron Valiant|Quark Drive|[silent]\n|\n|-heal|p2a: Slowking|52\/100|[from] item: Black Sludge\n|upkeep\n|\n|t:|1699827786\n|switch|p1a: Ursaluna|Ursaluna, M|100\/100\n|-damage|p1a: Ursaluna|94\/100|[from] Stealth Rock\n|-damage|p1a: Ursaluna|82\/100|[from] Spikes\n|turn|15\n|\n|t:|1699827807\n|switch|p2a: Sandy Shocks|Sandy Shocks|47\/100\n|-damage|p2a: Sandy Shocks|41\/100|[from] Stealth Rock\n|move|p1a: Ursaluna|Ice Punch|p2a: Sandy Shocks\n|-supereffective|p2a: Sandy Shocks\n|-damage|p2a: Sandy Shocks|0 fnt\n|faint|p2a: Sandy Shocks\n|-end|p2a: Sandy Shocks|Protosynthesis|[silent]\n|\n|-status|p1a: Ursaluna|brn|[from] item: Flame Orb\n|upkeep\n|\n|t:|1699827813\n|switch|p2a: Rillaboom|Rillaboom, M|100\/100\n|-damage|p2a: Rillaboom|88\/100|[from] Stealth Rock\n|turn|16\n|\n|t:|1699827823\n|switch|p1a: Rillaboom|Rillaboom, F|51\/100 brn\n|-damage|p1a: Rillaboom|39\/100 brn|[from] Stealth Rock\n|-damage|p1a: Rillaboom|27\/100 brn|[from] Spikes\n|-fieldstart|move: Grassy Terrain|[from] ability: Grassy Surge|[of] p1a: Rillaboom\n|move|p2a: Rillaboom|U-turn|p1a: Rillaboom\n|-supereffective|p1a: Rillaboom\n|-damage|p1a: Rillaboom|0 fnt\n|faint|p1a: Rillaboom\n|\n|t:|1699827841\n|switch|p2a: Manaphy|Manaphy|100\/100|[from] U-turn\n|-damage|p2a: Manaphy|88\/100|[from] Stealth Rock\n|\n|-heal|p2a: Manaphy|94\/100|[from] Grassy Terrain\n|-heal|p2a: Manaphy|100\/100|[from] item: Leftovers\n|upkeep\n|\n|t:|1699827869\n|switch|p1a: Sneasler|Sneasler, F|100\/100\n|-damage|p1a: Sneasler|95\/100|[from] Stealth Rock\n|-damage|p1a: Sneasler|82\/100|[from] Spikes\n|-enditem|p1a: Sneasler|Grassy Seed\n|-boost|p1a: Sneasler|def|1|[from] item: Grassy Seed\n|turn|17\n|inactive|gock glocker has 90 seconds left.\n|\n|t:|1699827901\n|move|p1a: Sneasler|Swords Dance|p1a: Sneasler\n|-boost|p1a: Sneasler|atk|2\n|move|p2a: Manaphy|Acid Armor|p2a: Manaphy\n|-boost|p2a: Manaphy|def|2\n|\n|-heal|p1a: Sneasler|88\/100|[from] Grassy Terrain\n|upkeep\n|turn|18\n|inactive|mrkrabsgrindset has 120 seconds left.\n|\n|t:|1699827940\n|-terastallize|p1a: Sneasler|Dark\n|move|p1a: Sneasler|Dire Claw|p2a: Manaphy\n|-damage|p2a: Manaphy|59\/100\n|-status|p2a: Manaphy|slp\n|cant|p2a: Manaphy|slp\n|\n|-heal|p1a: Sneasler|94\/100|[from] Grassy Terrain\n|-heal|p2a: Manaphy|65\/100 slp|[from] Grassy Terrain\n|-heal|p2a: Manaphy|71\/100 slp|[from] item: Leftovers\n|upkeep\n|turn|19\n|inactive|mrkrabsgrindset has 120 seconds left.\n|\n|t:|1699827964\n|move|p1a: Sneasler|Dire Claw|p2a: Manaphy\n|-damage|p2a: Manaphy|32\/100 slp\n|cant|p2a: Manaphy|slp\n|\n|-heal|p1a: Sneasler|99\/100|[from] Grassy Terrain\n|-heal|p2a: Manaphy|38\/100 slp|[from] Grassy Terrain\n|-heal|p2a: Manaphy|44\/100 slp|[from] item: Leftovers\n|upkeep\n|turn|20\n|\n|t:|1699827973\n|move|p1a: Sneasler|Dire Claw|p2a: Manaphy\n|-damage|p2a: Manaphy|5\/100 slp\n|-curestatus|p2a: Manaphy|slp|[msg]\n|move|p2a: Manaphy|Scald|p1a: Sneasler\n|-damage|p1a: Sneasler|60\/100\n|\n|-heal|p1a: Sneasler|66\/100|[from] Grassy Terrain\n|-heal|p2a: Manaphy|11\/100|[from] Grassy Terrain\n|-heal|p2a: Manaphy|17\/100|[from] item: Leftovers\n|-fieldend|move: Grassy Terrain\n|upkeep\n|turn|21\n|\n|t:|1699827985\n|move|p1a: Sneasler|Dire Claw|p2a: Manaphy\n|-damage|p2a: Manaphy|0 fnt\n|faint|p2a: Manaphy\n|\n|upkeep\n|inactive|mrkrabsgrindset has 90 seconds left.\n|\n|t:|1699828033\n|switch|p2a: Kingambit|Kingambit, M|100\/100\n|-damage|p2a: Kingambit|94\/100|[from] Stealth Rock\n|-activate|p2a: Kingambit|ability: Supreme Overlord\n|-start|p2a: Kingambit|fallen2|[silent]\n|turn|22\n|inactive|mrkrabsgrindset has 60 seconds left.\n|\n|t:|1699828061\n|-terastallize|p2a: Kingambit|Fairy\n|move|p1a: Sneasler|Dire Claw|p2a: Kingambit\n|-supereffective|p2a: Kingambit\n|-damage|p2a: Kingambit|0 fnt\n|faint|p2a: Kingambit\n|-end|p2a: Kingambit|fallen2|[silent]\n|\n|upkeep\n|inactive|mrkrabsgrindset has 30 seconds left.\n|inactive|mrkrabsgrindset has 20 seconds left.\n|inactive|mrkrabsgrindset has 15 seconds left.\n|inactive|mrkrabsgrindset has 10 seconds left.\n|inactive|mrkrabsgrindset has 5 seconds left.\n|-message|mrkrabsgrindset lost due to inactivity.\n|\n|win|gock glocker\n|raw|gock glocker's rating: 1660 &rarr; <strong>1679<\/strong><br \/>(+19 for winning)\n|raw|mrkrabsgrindset's rating: 1644 &rarr; <strong>1625<\/strong><br \/>(-19 for losing)\n|c|\u2606gock glocker|get rolled\n","uploadtime":1699828149,"views":12,"p1id":"gockglocker","p2id":"mrkrabsgrindset","formatid":"gen9ou","rating":1625,"private":0,"password":""}