{"id":"gen9ou-1999382746","p1":"Blonking","p2":"Oofy hh","format":"[Gen 9] OU","log":"|j|\u2606Blonking\n|j|\u2606Oofy hh\n|inactive|Battle timer is ON: inactive players will automatically lose when time's up.\n|t:|1701070896\n|gametype|singles\n|player|p1|Blonking|169|\n|player|p2|Oofy hh|swimmerf-gen4|\n|teamsize|p1|3\n|teamsize|p2|3\n|gen|9\n|tier|[Gen 9] OU\n|rated|Tournament battle\n|rule|Sleep Clause Mod: Limit one foe put to sleep\n|rule|Species Clause: Limit one of each Pok\u00e9mon\n|rule|OHKO Clause: OHKO moves are banned\n|rule|Evasion Items Clause: Evasion items are banned\n|rule|Evasion Moves Clause: Evasion moves are banned\n|rule|Endless Battle Clause: Forcing endless battles is banned\n|rule|HP Percentage Mod: HP is shown in percentages\n|clearpoke\n|poke|p1|Deerling, M|\n|poke|p1|Pyroar, F|\n|poke|p1|Murkrow, M|\n|poke|p2|Floragato, F|\n|poke|p2|Morgrem, M|\n|poke|p2|Corviknight, M|\n|teampreview\n|j|*Lady Monita \u2746\n|inactive|Blonking also wants the timer to be on.\n|c|\u2606Oofy hh|Glhf\n|\n|t:|1701070902\n|start\n|switch|p1a: Murkrow|Murkrow, M|100\/100\n|switch|p2a: Floragato|Floragato, F, shiny|100\/100\n|turn|1\n|j| ladymonitaishere\n|\n|t:|1701070922\n|move|p1a: Murkrow|Sunny Day|p1a: Murkrow\n|-weather|SunnyDay\n|move|p2a: Floragato|Play Rough|p1a: Murkrow\n|-start|p2a: Floragato|typechange|Fairy|[from] ability: Protean\n|-supereffective|p1a: Murkrow\n|-damage|p1a: Murkrow|0 fnt\n|faint|p1a: Murkrow\n|\n|-weather|SunnyDay|[upkeep]\n|upkeep\n|\n|t:|1701070930\n|switch|p1a: Pyroar|Pyroar, F|100\/100\n|-ability|p1a: Pyroar|Unnerve\n|turn|2\n|\n|t:|1701070935\n|move|p2a: Floragato|Sucker Punch|p1a: Pyroar\n|-damage|p1a: Pyroar|79\/100\n|move|p1a: Pyroar|Fire Blast|p2a: Floragato\n|-damage|p2a: Floragato|29\/100\n|\n|-weather|SunnyDay|[upkeep]\n|upkeep\n|turn|3\n|\n|t:|1701070942\n|move|p2a: Floragato|Sucker Punch|p1a: Pyroar\n|-damage|p1a: Pyroar|60\/100\n|move|p1a: Pyroar|Fire Blast|p2a: Floragato\n|-damage|p2a: Floragato|0 fnt\n|faint|p2a: Floragato\n|\n|-weather|SunnyDay|[upkeep]\n|upkeep\n|\n|t:|1701070946\n|switch|p2a: Morgrem|Morgrem, M, shiny|100\/100\n|turn|4\n|\n|t:|1701070948\n|move|p2a: Morgrem|Fake Out|p1a: Pyroar\n|-damage|p1a: Pyroar|50\/100\n|cant|p1a: Pyroar|flinch\n|\n|-weather|SunnyDay|[upkeep]\n|upkeep\n|turn|5\n|\n|t:|1701070951\n|move|p2a: Morgrem|Thunder Wave|p1a: Pyroar\n|-status|p1a: Pyroar|par\n|cant|p1a: Pyroar|par\n|\n|-weather|SunnyDay|[upkeep]\n|upkeep\n|turn|6\n|\n|t:|1701070955\n|move|p1a: Pyroar|Fire Blast|p2a: Morgrem\n|-damage|p2a: Morgrem|0 fnt\n|faint|p2a: Morgrem\n|\n|-weather|SunnyDay|[upkeep]\n|upkeep\n|\n|t:|1701070959\n|switch|p2a: Corviknight|Corviknight, M, shiny|100\/100\n|turn|7\n|\n|t:|1701070965\n|-terastallize|p1a: Pyroar|Fairy\n|-terastallize|p2a: Corviknight|Steel\n|move|p1a: Pyroar|Fire Blast|p2a: Corviknight\n|-supereffective|p2a: Corviknight\n|-damage|p2a: Corviknight|0 fnt\n|faint|p2a: Corviknight\n|\n|win|Blonking\n|n|\u2606Blonking|blonking\n|n|\u2606Oofy hh|oofyhh\n|n|*Lady Monita \u2746|ladymonita\n|n| ladymonitaishere|ladymonitaishere\n","uploadtime":1701070966,"views":3,"p1id":"blonking","p2id":"oofyhh","formatid":"gen9ou","rating":0,"private":0,"password":""}