{"id":"gen9ou-1995874136","p1":"websbhjakk","p2":"Onte bad","format":"[Gen 9] OU","log":"|j|\u2606websbhjakk\n|j|\u2606Onte bad\n|t:|1700612221\n|gametype|singles\n|player|p1|websbhjakk|102|1255\n|player|p2|Onte bad|169|1225\n|teamsize|p1|6\n|teamsize|p2|6\n|gen|9\n|tier|[Gen 9] OU\n|rated|\n|rule|Sleep Clause Mod: Limit one foe put to sleep\n|rule|Species Clause: Limit one of each Pok\u00e9mon\n|rule|OHKO Clause: OHKO moves are banned\n|rule|Evasion Items Clause: Evasion items are banned\n|rule|Evasion Moves Clause: Evasion moves are banned\n|rule|Endless Battle Clause: Forcing endless battles is banned\n|rule|HP Percentage Mod: HP is shown in percentages\n|clearpoke\n|poke|p1|Mandibuzz, F|\n|poke|p1|Slowking-Galar, M|\n|poke|p1|Iron Hands|\n|poke|p1|Rillaboom, F|\n|poke|p1|Ogerpon-Wellspring, F|\n|poke|p1|Meowscarada, M|\n|poke|p2|Regidrago|\n|poke|p2|Ribombee, M|\n|poke|p2|Scizor, M|\n|poke|p2|Slowking-Galar, M|\n|poke|p2|Breloom, F|\n|poke|p2|Quaquaval, F|\n|teampreview\n|\n|t:|1700612229\n|start\n|switch|p1a: Slowking|Slowking-Galar, M|100\/100\n|switch|p2a: Scizor|Scizor, M|100\/100\n|turn|1\n|\n|t:|1700612233\n|move|p2a: Scizor|U-turn|p1a: Slowking\n|-damage|p1a: Slowking|37\/100\n|\n|t:|1700612238\n|switch|p2a: Slowking|Slowking-Galar, M|100\/100|[from] U-turn\n|move|p1a: Slowking|Chilly Reception|p1a: Slowking\n|-weather|Snow\n|\n|t:|1700612242\n|switch|p1a: Meowscarada|Meowscarada, M|100\/100|[from] Chilly Reception\n|\n|-weather|Snow|[upkeep]\n|upkeep\n|turn|2\n|\n|t:|1700612249\n|switch|p2a: Ribombee|Ribombee, M|100\/100\n|move|p1a: Meowscarada|Knock Off|p2a: Ribombee\n|-start|p1a: Meowscarada|typechange|Dark|[from] ability: Protean\n|-resisted|p2a: Ribombee\n|-damage|p2a: Ribombee|32\/100\n|-enditem|p2a: Ribombee|Focus Sash|[from] move: Knock Off|[of] p1a: Meowscarada\n|\n|-weather|Snow|[upkeep]\n|upkeep\n|turn|3\n|\n|t:|1700612257\n|switch|p1a: Slowking|Slowking-Galar, M|70\/100\n|move|p2a: Ribombee|Sticky Web|p1a: Slowking\n|-sidestart|p1: websbhjakk|move: Sticky Web\n|\n|-weather|Snow|[upkeep]\n|-heal|p1a: Slowking|76\/100|[from] item: Leftovers\n|upkeep\n|turn|4\n|\n|t:|1700612264\n|switch|p2a: Scizor|Scizor, M|100\/100\n|move|p1a: Slowking|Sludge Bomb|p2a: Scizor\n|-immune|p2a: Scizor\n|\n|-weather|Snow|[upkeep]\n|-heal|p1a: Slowking|82\/100|[from] item: Leftovers\n|upkeep\n|turn|5\n|\n|t:|1700612289\n|switch|p1a: Iron Hands|Iron Hands|100\/100\n|-activate|p1a: Iron Hands|move: Sticky Web\n|-unboost|p1a: Iron Hands|spe|1\n|move|p2a: Scizor|U-turn|p1a: Iron Hands\n|-resisted|p1a: Iron Hands\n|-damage|p1a: Iron Hands|81\/100\n|\n|t:|1700612294\n|switch|p2a: Ribombee|Ribombee, M|32\/100|[from] U-turn\n|\n|-weather|none\n|upkeep\n|turn|6\n|\n|t:|1700612299\n|move|p2a: Ribombee|Moonblast|p1a: Iron Hands\n|-supereffective|p1a: Iron Hands\n|-crit|p1a: Iron Hands\n|-damage|p1a: Iron Hands|1\/100\n|-unboost|p1a: Iron Hands|spa|1\n|move|p1a: Iron Hands|Thunder Punch|p2a: Ribombee\n|-damage|p2a: Ribombee|0 fnt\n|faint|p2a: Ribombee\n|\n|upkeep\n|\n|t:|1700612307\n|switch|p2a: Quaquaval|Quaquaval, F|100\/100\n|turn|7\n|\n|t:|1700612319\n|-end|p1a: Iron Hands|Quark Drive|[silent]\n|switch|p1a: Mandibuzz|Mandibuzz, F|100\/100\n|move|p2a: Quaquaval|Rapid Spin|p1a: Mandibuzz\n|-damage|p1a: Mandibuzz|91\/100\n|-boost|p2a: Quaquaval|spe|1\n|\n|upkeep\n|turn|8\n|\n|t:|1700612329\n|move|p2a: Quaquaval|Ice Spinner|p1a: Mandibuzz\n|-supereffective|p1a: Mandibuzz\n|-damage|p1a: Mandibuzz|61\/100\n|move|p1a: Mandibuzz|Defog|p2a: Quaquaval\n|-unboost|p2a: Quaquaval|evasion|1\n|-sideend|p1: websbhjakk|Sticky Web|[from] move: Defog|[of] p1a: Mandibuzz\n|\n|upkeep\n|turn|9\n|\n|t:|1700612336\n|move|p2a: Quaquaval|Ice Spinner|p1a: Mandibuzz\n|-supereffective|p1a: Mandibuzz\n|-damage|p1a: Mandibuzz|31\/100\n|move|p1a: Mandibuzz|Roost|p1a: Mandibuzz\n|-heal|p1a: Mandibuzz|81\/100\n|-singleturn|p1a: Mandibuzz|move: Roost\n|\n|upkeep\n|turn|10\n|\n|t:|1700612345\n|move|p2a: Quaquaval|Ice Spinner|p1a: Mandibuzz\n|-supereffective|p1a: Mandibuzz\n|-damage|p1a: Mandibuzz|49\/100\n|move|p1a: Mandibuzz|Foul Play|p2a: Quaquaval\n|-resisted|p2a: Quaquaval\n|-damage|p2a: Quaquaval|67\/100\n|\n|upkeep\n|turn|11\n|\n|t:|1700612356\n|-terastallize|p2a: Quaquaval|Fighting\n|move|p2a: Quaquaval|Close Combat|p1a: Mandibuzz\n|-damage|p1a: Mandibuzz|3\/100\n|-unboost|p2a: Quaquaval|def|1\n|-unboost|p2a: Quaquaval|spd|1\n|move|p1a: Mandibuzz|Roost|p1a: Mandibuzz\n|-heal|p1a: Mandibuzz|53\/100\n|-singleturn|p1a: Mandibuzz|move: Roost\n|\n|upkeep\n|turn|12\n|\n|t:|1700612366\n|switch|p2a: Regidrago|Regidrago|100\/100\n|move|p1a: Mandibuzz|Roost|p1a: Mandibuzz\n|-heal|p1a: Mandibuzz|100\/100\n|-singleturn|p1a: Mandibuzz|move: Roost\n|\n|upkeep\n|turn|13\n|\n|t:|1700612375\n|switch|p1a: Iron Hands|Iron Hands|1\/100\n|move|p2a: Regidrago|Dragon Energy|p1a: Iron Hands\n|-damage|p1a: Iron Hands|0 fnt\n|faint|p1a: Iron Hands\n|-end|p1a: Iron Hands|Quark Drive|[silent]\n|\n|upkeep\n|\n|t:|1700612379\n|switch|p1a: Rillaboom|Rillaboom, F|100\/100\n|-fieldstart|move: Grassy Terrain|[from] ability: Grassy Surge|[of] p1a: Rillaboom\n|turn|14\n|\n|t:|1700612382\n|switch|p2a: Scizor|Scizor, M|100\/100\n|move|p1a: Rillaboom|Grassy Glide|p2a: Scizor\n|-resisted|p2a: Scizor\n|-damage|p2a: Scizor|91\/100\n|\n|-heal|p2a: Scizor|97\/100|[from] Grassy Terrain\n|upkeep\n|turn|15\n|\n|t:|1700612391\n|move|p1a: Rillaboom|Knock Off|p2a: Scizor\n|-damage|p2a: Scizor|60\/100\n|-enditem|p2a: Scizor|Choice Band|[from] move: Knock Off|[of] p1a: Rillaboom\n|move|p2a: Scizor|U-turn|p1a: Rillaboom\n|-supereffective|p1a: Rillaboom\n|-damage|p1a: Rillaboom|12\/100\n|\n|t:|1700612399\n|switch|p2a: Breloom|Breloom, F|100\/100|[from] U-turn\n|\n|-heal|p1a: Rillaboom|18\/100|[from] Grassy Terrain\n|upkeep\n|turn|16\n|\n|t:|1700612407\n|switch|p1a: Mandibuzz|Mandibuzz, F|100\/100\n|move|p2a: Breloom|Mach Punch|p1a: Mandibuzz\n|-damage|p1a: Mandibuzz|83\/100\n|\n|upkeep\n|turn|17\n|\n|t:|1700612412\n|move|p2a: Breloom|Swords Dance|p2a: Breloom\n|-boost|p2a: Breloom|atk|2\n|move|p1a: Mandibuzz|U-turn|p2a: Breloom\n|-damage|p2a: Breloom|84\/100\n|\n|t:|1700612435\n|switch|p1a: Slowking|Slowking-Galar, M|100\/100|[from] U-turn\n|\n|-heal|p2a: Breloom|90\/100|[from] Grassy Terrain\n|upkeep\n|turn|18\n|\n|t:|1700612442\n|switch|p2a: Slowking|Slowking-Galar, M|100\/100\n|move|p1a: Slowking|Sludge Bomb|p2a: Slowking\n|-resisted|p2a: Slowking\n|-damage|p2a: Slowking|91\/100\n|\n|-heal|p2a: Slowking|97\/100|[from] Grassy Terrain\n|upkeep\n|turn|19\n|\n|t:|1700612447\n|move|p2a: Slowking|Ice Beam|p1a: Slowking\n|-damage|p1a: Slowking|81\/100\n|move|p1a: Slowking|Chilly Reception|p1a: Slowking\n|-weather|Snow\n|\n|t:|1700612452\n|switch|p1a: Meowscarada|Meowscarada, M|100\/100|[from] Chilly Reception\n|\n|-weather|Snow|[upkeep]\n|-heal|p2a: Slowking|100\/100|[from] Grassy Terrain\n|upkeep\n|turn|20\n|\n|t:|1700612468\n|switch|p2a: Scizor|Scizor, M|60\/100\n|move|p1a: Meowscarada|Knock Off|p2a: Scizor\n|-start|p1a: Meowscarada|typechange|Dark|[from] ability: Protean\n|-damage|p2a: Scizor|17\/100\n|\n|-weather|Snow|[upkeep]\n|-heal|p2a: Scizor|23\/100|[from] Grassy Terrain\n|upkeep\n|turn|21\n|\n|t:|1700612478\n|switch|p1a: Mandibuzz|Mandibuzz, F|83\/100\n|move|p2a: Scizor|Bullet Punch|p1a: Mandibuzz\n|-damage|p1a: Mandibuzz|63\/100\n|\n|-weather|Snow|[upkeep]\n|-heal|p2a: Scizor|29\/100|[from] Grassy Terrain\n|-fieldend|move: Grassy Terrain\n|upkeep\n|turn|22\n|\n|t:|1700612482\n|move|p1a: Mandibuzz|Roost|p1a: Mandibuzz\n|-heal|p1a: Mandibuzz|100\/100\n|-singleturn|p1a: Mandibuzz|move: Roost\n|move|p2a: Scizor|U-turn|p1a: Mandibuzz\n|-supereffective|p1a: Mandibuzz\n|-damage|p1a: Mandibuzz|52\/100\n|\n|t:|1700612501\n|switch|p2a: Regidrago|Regidrago|100\/100|[from] U-turn\n|\n|-weather|Snow|[upkeep]\n|upkeep\n|turn|23\n|\n|t:|1700612526\n|switch|p1a: Slowking|Slowking-Galar, M|100\/100\n|move|p2a: Regidrago|Dragon Energy|p1a: Slowking\n|-damage|p1a: Slowking|14\/100\n|\n|-weather|none\n|-heal|p1a: Slowking|21\/100|[from] item: Leftovers\n|upkeep\n|turn|24\n|\n|t:|1700612552\n|move|p2a: Regidrago|Dragon Energy|p1a: Slowking\n|-damage|p1a: Slowking|0 fnt\n|faint|p1a: Slowking\n|\n|upkeep\n|\n|t:|1700612557\n|switch|p1a: Meowscarada|Meowscarada, M|100\/100\n|turn|25\n|\n|t:|1700612580\n|switch|p2a: Scizor|Scizor, M|29\/100\n|move|p1a: Meowscarada|U-turn|p2a: Scizor\n|-start|p1a: Meowscarada|typechange|Bug|[from] ability: Protean\n|-resisted|p2a: Scizor\n|-damage|p2a: Scizor|5\/100\n|\n|t:|1700612591\n|switch|p1a: Rillaboom|Rillaboom, F|18\/100|[from] U-turn\n|-fieldstart|move: Grassy Terrain|[from] ability: Grassy Surge|[of] p1a: Rillaboom\n|\n|-heal|p1a: Rillaboom|24\/100|[from] Grassy Terrain\n|-heal|p2a: Scizor|11\/100|[from] Grassy Terrain\n|upkeep\n|turn|26\n|\n|t:|1700612595\n|move|p1a: Rillaboom|Grassy Glide|p2a: Scizor\n|-resisted|p2a: Scizor\n|-damage|p2a: Scizor|1\/100\n|move|p2a: Scizor|Bullet Punch|p1a: Rillaboom\n|-damage|p1a: Rillaboom|0 fnt\n|faint|p1a: Rillaboom\n|\n|-heal|p2a: Scizor|7\/100|[from] Grassy Terrain\n|upkeep\n|\n|t:|1700612600\n|switch|p1a: Ogerpon|Ogerpon-Wellspring, F|100\/100\n|turn|27\n|\n|t:|1700612616\n|move|p1a: Ogerpon|U-turn|p2a: Scizor\n|-resisted|p2a: Scizor\n|-damage|p2a: Scizor|0 fnt\n|faint|p2a: Scizor\n|\n|t:|1700612623\n|switch|p1a: Meowscarada|Meowscarada, M|100\/100|[from] U-turn\n|\n|upkeep\n|\n|t:|1700612628\n|switch|p2a: Breloom|Breloom, F|90\/100\n|turn|28\n|\n|t:|1700612634\n|switch|p1a: Mandibuzz|Mandibuzz, F|52\/100\n|move|p2a: Breloom|Rock Tomb|p1a: Mandibuzz\n|-supereffective|p1a: Mandibuzz\n|-damage|p1a: Mandibuzz|18\/100\n|-unboost|p1a: Mandibuzz|spe|1\n|\n|-heal|p2a: Breloom|96\/100|[from] Grassy Terrain\n|upkeep\n|turn|29\n|-message|websbhjakk forfeited.\n|\n|win|Onte bad\n|raw|websbhjakk's rating: 1255 &rarr; <strong>1228<\/strong><br \/>(-27 for losing)\n|raw|Onte bad's rating: 1225 &rarr; <strong>1252<\/strong><br \/>(+27 for winning)\n|l|\u2606websbhjakk\n","uploadtime":1700612641,"views":7,"p1id":"websbhjakk","p2id":"ontebad","formatid":"gen9ou","rating":1228,"private":0,"password":""}