{"id":"gen9ou-1995667927","p1":"Destrx","p2":"CHILImon2002","format":"[Gen 9] OU","log":"|j|\u2606Destrx\n|j|\u2606CHILImon2002\n|t:|1700592303\n|gametype|singles\n|player|p1|Destrx|lyra|1301\n|player|p2|CHILImon2002|pokekid|1304\n|teamsize|p1|6\n|teamsize|p2|6\n|gen|9\n|tier|[Gen 9] OU\n|rated|\n|rule|Sleep Clause Mod: Limit one foe put to sleep\n|rule|Species Clause: Limit one of each Pok\u00e9mon\n|rule|OHKO Clause: OHKO moves are banned\n|rule|Evasion Items Clause: Evasion items are banned\n|rule|Evasion Moves Clause: Evasion moves are banned\n|rule|Endless Battle Clause: Forcing endless battles is banned\n|rule|HP Percentage Mod: HP is shown in percentages\n|clearpoke\n|poke|p1|Moltres-Galar|\n|poke|p1|Dragapult, F|\n|poke|p1|Ogerpon-Wellspring, F|\n|poke|p1|Iron Moth|\n|poke|p1|Rotom-Wash|\n|poke|p1|Great Tusk|\n|poke|p2|Alomomola, F|\n|poke|p2|Slowking-Galar, F|\n|poke|p2|Kingambit, F|\n|poke|p2|Great Tusk|\n|poke|p2|Cinderace, F|\n|poke|p2|Thundurus-Therian, M|\n|teampreview\n|inactive|Battle timer is ON: inactive players will automatically lose when time's up. (requested by CHILImon2002)\n|\n|t:|1700592320\n|start\n|switch|p1a: Rotom|Rotom-Wash|100\/100\n|switch|p2a: Slowking|Slowking-Galar, F|100\/100\n|turn|1\n|\n|t:|1700592326\n|move|p1a: Rotom|Volt Switch|p2a: Slowking\n|-damage|p2a: Slowking|81\/100\n|\n|t:|1700592330\n|switch|p1a: Dragapult|Dragapult, F|100\/100|[from] Volt Switch\n|move|p2a: Slowking|Future Sight|p1a: Dragapult\n|-start|p2a: Slowking|move: Future Sight\n|\n|upkeep\n|turn|2\n|\n|t:|1700592338\n|move|p1a: Dragapult|Will-O-Wisp|p2a: Slowking\n|-status|p2a: Slowking|brn\n|move|p2a: Slowking|Ice Beam|p1a: Dragapult\n|-supereffective|p1a: Dragapult\n|-damage|p1a: Dragapult|43\/100\n|\n|-heal|p1a: Dragapult|49\/100|[from] item: Leftovers\n|-damage|p2a: Slowking|75\/100 brn|[from] brn\n|upkeep\n|turn|3\n|\n|t:|1700592347\n|switch|p1a: Moltres|Moltres-Galar|100\/100\n|move|p2a: Slowking|Chilly Reception|p2a: Slowking\n|-weather|Snow\n|\n|t:|1700592357\n|switch|p2a: Thundurus|Thundurus-Therian, M|100\/100|[from] Chilly Reception\n|\n|-weather|Snow|[upkeep]\n|-end|p1a: Moltres|move: Future Sight\n|-immune|p1a: Moltres\n|upkeep\n|turn|4\n|\n|t:|1700592368\n|switch|p1a: Ogerpon|Ogerpon-Wellspring, F|100\/100\n|move|p2a: Thundurus|Volt Switch|p1a: Ogerpon\n|-damage|p1a: Ogerpon|37\/100\n|\n|t:|1700592379\n|switch|p2a: Slowking|Slowking-Galar, F|100\/100 brn|[from] Volt Switch\n|\n|-weather|Snow|[upkeep]\n|-damage|p2a: Slowking|94\/100 brn|[from] brn\n|upkeep\n|turn|5\n|\n|t:|1700592386\n|move|p1a: Ogerpon|Ivy Cudgel|p2a: Slowking|[anim] Ivy Cudgel Water\n|-damage|p2a: Slowking|31\/100 brn\n|move|p2a: Slowking|Sludge Bomb|p1a: Ogerpon\n|-supereffective|p1a: Ogerpon\n|-damage|p1a: Ogerpon|0 fnt\n|faint|p1a: Ogerpon\n|\n|-weather|Snow|[upkeep]\n|-damage|p2a: Slowking|25\/100 brn|[from] brn\n|upkeep\n|\n|t:|1700592395\n|switch|p1a: Great Tusk|Great Tusk|100\/100\n|turn|6\n|\n|t:|1700592402\n|move|p1a: Great Tusk|Knock Off|p2a: Slowking\n|-supereffective|p2a: Slowking\n|-damage|p2a: Slowking|0 fnt\n|-enditem|p2a: Slowking|Heavy-Duty Boots|[from] move: Knock Off|[of] p1a: Great Tusk\n|faint|p2a: Slowking\n|\n|-weather|Snow|[upkeep]\n|upkeep\n|\n|t:|1700592432\n|switch|p2a: Thundurus|Thundurus-Therian, M|100\/100\n|turn|7\n|\n|t:|1700592441\n|-terastallize|p2a: Thundurus|Flying\n|move|p2a: Thundurus|Tera Blast|p1a: Great Tusk|[anim] Tera Blast Flying\n|-supereffective|p1a: Great Tusk\n|-damage|p1a: Great Tusk|0 fnt\n|faint|p1a: Great Tusk\n|-end|p1a: Great Tusk|Protosynthesis|[silent]\n|\n|-weather|none\n|upkeep\n|\n|t:|1700592448\n|switch|p1a: Rotom|Rotom-Wash|100\/100\n|turn|8\n|inactive|CHILImon2002 has 120 seconds left.\n|\n|t:|1700592475\n|switch|p2a: Kingambit|Kingambit, F|100\/100\n|-activate|p2a: Kingambit|ability: Supreme Overlord\n|-start|p2a: Kingambit|fallen1|[silent]\n|move|p1a: Rotom|Hydro Pump|p2a: Kingambit\n|-damage|p2a: Kingambit|51\/100\n|\n|-heal|p2a: Kingambit|57\/100|[from] item: Leftovers\n|upkeep\n|turn|9\n|\n|t:|1700592485\n|move|p1a: Rotom|Will-O-Wisp|p2a: Kingambit|[miss]\n|-miss|p1a: Rotom|p2a: Kingambit\n|move|p2a: Kingambit|Kowtow Cleave|p1a: Rotom\n|-damage|p1a: Rotom|22\/100\n|\n|-heal|p1a: Rotom|29\/100|[from] item: Leftovers\n|-heal|p2a: Kingambit|63\/100|[from] item: Leftovers\n|upkeep\n|turn|10\n|\n|t:|1700592494\n|move|p1a: Rotom|Will-O-Wisp|p2a: Kingambit\n|-status|p2a: Kingambit|brn\n|move|p2a: Kingambit|Kowtow Cleave|p1a: Rotom\n|-damage|p1a: Rotom|0 fnt\n|faint|p1a: Rotom\n|\n|-heal|p2a: Kingambit|70\/100 brn|[from] item: Leftovers\n|-damage|p2a: Kingambit|63\/100 brn|[from] brn\n|upkeep\n|\n|t:|1700592500\n|switch|p1a: Moltres|Moltres-Galar|100\/100\n|turn|11\n|\n|t:|1700592518\n|-end|p2a: Kingambit|fallen1|[silent]\n|switch|p2a: Thundurus|Thundurus-Therian, M, tera:Flying|100\/100\n|move|p1a: Moltres|Agility|p1a: Moltres\n|-boost|p1a: Moltres|spe|2\n|\n|upkeep\n|turn|12\n|\n|t:|1700592526\n|-terastallize|p1a: Moltres|Fairy\n|move|p1a: Moltres|Fiery Wrath|p2a: Thundurus\n|-damage|p2a: Thundurus|44\/100\n|move|p2a: Thundurus|Volt Switch|p1a: Moltres\n|-damage|p1a: Moltres|49\/100\n|-ability|p1a: Moltres|Berserk|boost\n|-boost|p1a: Moltres|spa|1\n|-enditem|p1a: Moltres|Sitrus Berry|[eat]\n|-heal|p1a: Moltres|74\/100|[from] item: Sitrus Berry\n|\n|t:|1700592536\n|switch|p2a: Alomomola|Alomomola, F|100\/100|[from] Volt Switch\n|\n|upkeep\n|turn|13\n|\n|t:|1700592543\n|move|p1a: Moltres|Air Slash|p2a: Alomomola\n|-damage|p2a: Alomomola|52\/100\n|-enditem|p2a: Alomomola|Red Card|[of] p1a: Moltres\n|drag|p1a: Iron Moth|Iron Moth|100\/100\n|-enditem|p1a: Iron Moth|Booster Energy\n|-activate|p1a: Iron Moth|ability: Quark Drive|[fromitem]\n|-start|p1a: Iron Moth|quarkdrivespe\n|cant|p2a: Alomomola|flinch\n|\n|upkeep\n|turn|14\n|\n|t:|1700592554\n|switch|p2a: Great Tusk|Great Tusk|100\/100\n|move|p1a: Iron Moth|Energy Ball|p2a: Great Tusk\n|-supereffective|p2a: Great Tusk\n|-damage|p2a: Great Tusk|6\/100\n|-unboost|p2a: Great Tusk|spd|1\n|\n|upkeep\n|turn|15\n|\n|t:|1700592562\n|move|p1a: Iron Moth|Fiery Dance|p2a: Great Tusk\n|-damage|p2a: Great Tusk|0 fnt\n|faint|p2a: Great Tusk\n|-end|p2a: Great Tusk|Protosynthesis|[silent]\n|\n|upkeep\n|inactive|CHILImon2002 has 120 seconds left.\n|\n|t:|1700592603\n|switch|p2a: Alomomola|Alomomola, F|85\/100\n|turn|16\n|\n|t:|1700592611\n|move|p1a: Iron Moth|Substitute|p1a: Iron Moth\n|-start|p1a: Iron Moth|Substitute\n|-damage|p1a: Iron Moth|76\/100\n|move|p2a: Alomomola|Wish|p2a: Alomomola\n|\n|upkeep\n|turn|17\n|\n|t:|1700592616\n|move|p1a: Iron Moth|Energy Ball|p2a: Alomomola\n|-supereffective|p2a: Alomomola\n|-damage|p2a: Alomomola|26\/100\n|move|p2a: Alomomola|Flip Turn|p1a: Iron Moth\n|-supereffective|p1a: Iron Moth\n|-end|p1a: Iron Moth|Substitute\n|inactive|CHILImon2002 has 120 seconds left.\n|\n|t:|1700592628\n|switch|p2a: Thundurus|Thundurus-Therian, M, tera:Flying|44\/100|[from] Flip Turn\n|\n|-heal|p2a: Thundurus|100\/100|[from] move: Wish|[wisher] Alomomola\n|upkeep\n|turn|18\n|inactive|CHILImon2002 has 120 seconds left.\n|\n|t:|1700592644\n|move|p1a: Iron Moth|Fiery Dance|p2a: Thundurus\n|-damage|p2a: Thundurus|40\/100\n|move|p2a: Thundurus|Tera Blast|p1a: Iron Moth|[anim] Tera Blast Flying\n|-damage|p1a: Iron Moth|0 fnt\n|faint|p1a: Iron Moth\n|-end|p1a: Iron Moth|Quark Drive|[silent]\n|\n|upkeep\n|\n|t:|1700592654\n|switch|p1a: Moltres|Moltres-Galar, tera:Fairy|74\/100\n|turn|19\n|\n|t:|1700592657\n|move|p2a: Thundurus|Tera Blast|p1a: Moltres|[anim] Tera Blast Flying\n|-damage|p1a: Moltres|0 fnt\n|faint|p1a: Moltres\n|\n|upkeep\n|\n|t:|1700592660\n|switch|p1a: Dragapult|Dragapult, F|49\/100\n|turn|20\n|\n|t:|1700592664\n|move|p1a: Dragapult|Dragon Darts|p2a: Thundurus\n|-damage|p2a: Thundurus|4\/100\n|-anim|p1a: Dragapult|Dragon Darts|p2a: Thundurus\n|-damage|p2a: Thundurus|0 fnt\n|faint|p2a: Thundurus\n|\n|-heal|p1a: Dragapult|55\/100|[from] item: Leftovers\n|upkeep\n|\n|t:|1700592675\n|switch|p2a: Kingambit|Kingambit, F|63\/100 brn\n|-activate|p2a: Kingambit|ability: Supreme Overlord\n|-start|p2a: Kingambit|fallen3|[silent]\n|turn|21\n|\n|t:|1700592680\n|move|p1a: Dragapult|Hex|p2a: Kingambit\n|-resisted|p2a: Kingambit\n|-damage|p2a: Kingambit|37\/100 brn\n|move|p2a: Kingambit|Kowtow Cleave|p1a: Dragapult\n|-supereffective|p1a: Dragapult\n|-damage|p1a: Dragapult|0 fnt\n|faint|p1a: Dragapult\n|\n|win|CHILImon2002\n|raw|Destrx's rating: 1301 &rarr; <strong>1281<\/strong><br \/>(-20 for losing)\n|raw|CHILImon2002's rating: 1304 &rarr; <strong>1324<\/strong><br \/>(+20 for winning)\n|l|\u2606Destrx\n","uploadtime":1700592698,"views":1,"p1id":"destrx","p2id":"chilimon2002","formatid":"gen9ou","rating":1281,"private":0,"password":""}