{"id":"gen9ou-1996881720","p1":"BelphyG","p2":"egersger","format":"[Gen 9] OU","log":"|j|\u2606BelphyG\n|j|\u2606egersger\n|t:|1700739735\n|gametype|singles\n|player|p1|BelphyG|hilda|1077\n|player|p2|egersger|2|1000\n|teamsize|p1|6\n|teamsize|p2|6\n|gen|9\n|tier|[Gen 9] OU\n|rated|\n|rule|Sleep Clause Mod: Limit one foe put to sleep\n|rule|Species Clause: Limit one of each Pok\u00e9mon\n|rule|OHKO Clause: OHKO moves are banned\n|rule|Evasion Items Clause: Evasion items are banned\n|rule|Evasion Moves Clause: Evasion moves are banned\n|rule|Endless Battle Clause: Forcing endless battles is banned\n|rule|HP Percentage Mod: HP is shown in percentages\n|clearpoke\n|poke|p1|Samurott-Hisui, M|\n|poke|p1|Gholdengo|\n|poke|p1|Iron Valiant|\n|poke|p1|Kommo-o, M|\n|poke|p1|Thundurus-Therian, M|\n|poke|p1|Grimmsnarl, M|\n|poke|p2|Ribombee, M|\n|poke|p2|Gholdengo|\n|poke|p2|Samurott-Hisui, M|\n|poke|p2|Thundurus-Therian, M|\n|poke|p2|Arcanine-Hisui, M|\n|poke|p2|Ceruledge, F|\n|teampreview\n|\n|t:|1700739747\n|start\n|switch|p1a: Grimmsnarl|Grimmsnarl, M|100\/100\n|switch|p2a: Ribombee|Ribombee, M|100\/100\n|turn|1\n|\n|t:|1700739758\n|move|p1a: Grimmsnarl|Taunt|p2a: Ribombee\n|-start|p2a: Ribombee|move: Taunt\n|cant|p2a: Ribombee|move: Taunt|Skill Swap\n|\n|upkeep\n|turn|2\n|\n|t:|1700739764\n|move|p1a: Grimmsnarl|Light Screen|p1a: Grimmsnarl\n|-sidestart|p1: BelphyG|move: Light Screen\n|move|p2a: Ribombee|Moonblast|p1a: Grimmsnarl\n|-supereffective|p1a: Grimmsnarl\n|-damage|p1a: Grimmsnarl|68\/100\n|\n|upkeep\n|turn|3\n|\n|t:|1700739770\n|move|p1a: Grimmsnarl|Reflect|p1a: Grimmsnarl\n|-sidestart|p1: BelphyG|Reflect\n|move|p2a: Ribombee|Moonblast|p1a: Grimmsnarl\n|-supereffective|p1a: Grimmsnarl\n|-damage|p1a: Grimmsnarl|37\/100\n|-unboost|p1a: Grimmsnarl|spa|1\n|\n|-end|p2a: Ribombee|move: Taunt\n|upkeep\n|turn|4\n|\n|t:|1700739777\n|move|p1a: Grimmsnarl|Parting Shot|p2a: Ribombee\n|-unboost|p2a: Ribombee|atk|1\n|-unboost|p2a: Ribombee|spa|1\n|\n|t:|1700739790\n|switch|p1a: Gholdengo|Gholdengo|100\/100|[from] Parting Shot\n|move|p2a: Ribombee|Moonblast|p1a: Gholdengo\n|-resisted|p1a: Gholdengo\n|-damage|p1a: Gholdengo|94\/100\n|\n|upkeep\n|turn|5\n|\n|t:|1700739796\n|move|p2a: Ribombee|Sticky Web|p1a: Gholdengo\n|-sidestart|p1: BelphyG|move: Sticky Web\n|move|p1a: Gholdengo|Nasty Plot|p1a: Gholdengo\n|-boost|p1a: Gholdengo|spa|2\n|\n|upkeep\n|turn|6\n|\n|t:|1700739810\n|move|p2a: Ribombee|Skill Swap|p1a: Gholdengo\n|-immune|p1a: Gholdengo|[from] ability: Good as Gold\n|move|p1a: Gholdengo|Make It Rain|p2a: Ribombee\n|-supereffective|p2a: Ribombee\n|-enditem|p2a: Ribombee|Focus Sash\n|-damage|p2a: Ribombee|1\/100\n|-unboost|p1a: Gholdengo|spa|1\n|\n|upkeep\n|turn|7\n|\n|t:|1700739830\n|move|p2a: Ribombee|Moonblast|p1a: Gholdengo\n|-resisted|p1a: Gholdengo\n|-damage|p1a: Gholdengo|88\/100\n|move|p1a: Gholdengo|Shadow Ball|p2a: Ribombee\n|-damage|p2a: Ribombee|0 fnt\n|faint|p2a: Ribombee\n|\n|upkeep\n|\n|t:|1700739837\n|switch|p2a: Arcanine|Arcanine-Hisui, M|100\/100\n|turn|8\n|\n|t:|1700739860\n|switch|p1a: Samurott|Samurott-Hisui, M|100\/100\n|-activate|p1a: Samurott|move: Sticky Web\n|-unboost|p1a: Samurott|spe|1\n|move|p2a: Arcanine|Flare Blitz|p1a: Samurott\n|-resisted|p1a: Samurott\n|-damage|p1a: Samurott|74\/100\n|\n|upkeep\n|turn|9\n|\n|t:|1700739874\n|switch|p2a: Samurott|Samurott-Hisui, M|100\/100\n|move|p1a: Samurott|Aqua Jet|p2a: Samurott\n|-resisted|p2a: Samurott\n|-damage|p2a: Samurott|89\/100\n|\n|-sideend|p1: BelphyG|move: Light Screen\n|upkeep\n|turn|10\n|\n|t:|1700739887\n|move|p2a: Samurott|Ceaseless Edge|p1a: Samurott\n|-resisted|p1a: Samurott\n|-damage|p1a: Samurott|62\/100\n|-sidestart|p1: BelphyG|Spikes\n|move|p1a: Samurott|Sacred Sword|p2a: Samurott\n|-supereffective|p2a: Samurott\n|-damage|p2a: Samurott|19\/100\n|\n|-sideend|p1: BelphyG|Reflect\n|upkeep\n|turn|11\n|\n|t:|1700739908\n|switch|p1a: Will Smith|Thundurus-Therian, M, shiny|100\/100\n|move|p2a: Samurott|Sacred Sword|p1a: Will Smith\n|-resisted|p1a: Will Smith\n|-damage|p1a: Will Smith|73\/100\n|\n|upkeep\n|turn|12\n|\n|t:|1700739920\n|move|p1a: Will Smith|Agility|p1a: Will Smith\n|-boost|p1a: Will Smith|spe|2\n|move|p2a: Samurott|Ceaseless Edge|p1a: Will Smith\n|-damage|p1a: Will Smith|7\/100\n|-sidestart|p1: BelphyG|Spikes\n|-enditem|p1a: Will Smith|Sitrus Berry|[eat]\n|-heal|p1a: Will Smith|32\/100|[from] item: Sitrus Berry\n|\n|upkeep\n|turn|13\n|\n|t:|1700739929\n|move|p1a: Will Smith|Thunderbolt|p2a: Samurott\n|-supereffective|p2a: Samurott\n|-damage|p2a: Samurott|0 fnt\n|faint|p2a: Samurott\n|\n|upkeep\n|\n|t:|1700739931\n|switch|p2a: Arcanine|Arcanine-Hisui, M|100\/100\n|turn|14\n|\n|t:|1700739939\n|move|p2a: Arcanine|Extreme Speed|p1a: Will Smith\n|-damage|p1a: Will Smith|0 fnt\n|faint|p1a: Will Smith\n|\n|upkeep\n|\n|t:|1700739947\n|switch|p1a: Samurott|Samurott-Hisui, M|62\/100\n|-activate|p1a: Samurott|move: Sticky Web\n|-unboost|p1a: Samurott|spe|1\n|-damage|p1a: Samurott|45\/100|[from] Spikes\n|turn|15\n|\n|t:|1700739973\n|switch|p2a: Gholdengo|Gholdengo|100\/100\n|-item|p2a: Gholdengo|Air Balloon\n|switch|p1a: Gholdengo|Gholdengo|88\/100\n|-activate|p1a: Gholdengo|move: Sticky Web\n|-unboost|p1a: Gholdengo|spe|1\n|-damage|p1a: Gholdengo|71\/100|[from] Spikes\n|\n|upkeep\n|turn|16\n|\n|t:|1700739990\n|-terastallize|p1a: Gholdengo|Fighting\n|move|p2a: Gholdengo|Shadow Ball|p1a: Gholdengo\n|-damage|p1a: Gholdengo|30\/100\n|move|p1a: Gholdengo|Nasty Plot|p1a: Gholdengo\n|-boost|p1a: Gholdengo|spa|2\n|\n|upkeep\n|turn|17\n|\n|t:|1700740002\n|switch|p1a: Kommo-o|Kommo-o, M|100\/100\n|-activate|p1a: Kommo-o|move: Sticky Web\n|-unboost|p1a: Kommo-o|spe|1\n|-damage|p1a: Kommo-o|84\/100|[from] Spikes\n|move|p2a: Gholdengo|Shadow Ball|p1a: Kommo-o\n|-immune|p1a: Kommo-o|[from] ability: Bulletproof\n|\n|upkeep\n|turn|18\n|\n|t:|1700740010\n|move|p2a: Gholdengo|Nasty Plot|p2a: Gholdengo\n|-boost|p2a: Gholdengo|spa|2\n|move|p1a: Kommo-o|Clangorous Soul|p1a: Kommo-o\n|-boost|p1a: Kommo-o|atk|1\n|-boost|p1a: Kommo-o|def|1\n|-boost|p1a: Kommo-o|spa|1\n|-boost|p1a: Kommo-o|spd|1\n|-boost|p1a: Kommo-o|spe|1\n|-damage|p1a: Kommo-o|51\/100\n|\n|upkeep\n|turn|19\n|\n|t:|1700740020\n|move|p1a: Kommo-o|Dragon Claw|p2a: Gholdengo\n|-resisted|p2a: Gholdengo\n|-damage|p2a: Gholdengo|69\/100\n|-enditem|p2a: Gholdengo|Air Balloon\n|move|p2a: Gholdengo|Make It Rain|p1a: Kommo-o\n|-damage|p1a: Kommo-o|0 fnt\n|-unboost|p2a: Gholdengo|spa|1\n|faint|p1a: Kommo-o\n|\n|upkeep\n|\n|t:|1700740036\n|switch|p1a: Grimmsnarl|Grimmsnarl, M|37\/100\n|-activate|p1a: Grimmsnarl|move: Sticky Web\n|-unboost|p1a: Grimmsnarl|spe|1\n|-damage|p1a: Grimmsnarl|20\/100|[from] Spikes\n|turn|20\n|\n|t:|1700740048\n|move|p1a: Grimmsnarl|Reflect|p1a: Grimmsnarl\n|-sidestart|p1: BelphyG|Reflect\n|move|p2a: Gholdengo|Shadow Ball|p1a: Grimmsnarl\n|-resisted|p1a: Grimmsnarl\n|-damage|p1a: Grimmsnarl|0 fnt\n|faint|p1a: Grimmsnarl\n|\n|upkeep\n|\n|t:|1700740060\n|switch|p1a: Samurott|Samurott-Hisui, M|45\/100\n|-activate|p1a: Samurott|move: Sticky Web\n|-unboost|p1a: Samurott|spe|1\n|-damage|p1a: Samurott|29\/100|[from] Spikes\n|turn|21\n|\n|t:|1700740065\n|move|p2a: Gholdengo|Shadow Ball|p1a: Samurott\n|-resisted|p1a: Samurott\n|-damage|p1a: Samurott|0 fnt\n|faint|p1a: Samurott\n|\n|upkeep\n|-message|BelphyG forfeited.\n|\n|win|egersger\n|raw|BelphyG's rating: 1077 &rarr; <strong>1051<\/strong><br \/>(-26 for losing)\n|raw|egersger's rating: 1000 &rarr; <strong>1049<\/strong><br \/>(+49 for winning)\n|l|\u2606BelphyG\n","uploadtime":1700740073,"views":2,"p1id":"belphyg","p2id":"egersger","formatid":"gen9ou","rating":1049,"private":0,"password":""}