{"id":"gen9ou-1998081416","p1":"BoundbyTheTusklow","p2":"kuiperfa","format":"[Gen 9] OU","log":"|j|\u2606BoundbyTheTusklow\n|j|\u2606kuiperfa\n|t:|1700888258\n|gametype|singles\n|player|p1|BoundbyTheTusklow|galacticgrunt|1230\n|player|p2|kuiperfa|hiker-gen4|1166\n|teamsize|p1|6\n|teamsize|p2|6\n|gen|9\n|tier|[Gen 9] OU\n|rated|\n|rule|Sleep Clause Mod: Limit one foe put to sleep\n|rule|Species Clause: Limit one of each Pok\u00e9mon\n|rule|OHKO Clause: OHKO moves are banned\n|rule|Evasion Items Clause: Evasion items are banned\n|rule|Evasion Moves Clause: Evasion moves are banned\n|rule|Endless Battle Clause: Forcing endless battles is banned\n|rule|HP Percentage Mod: HP is shown in percentages\n|clearpoke\n|poke|p1|Manaphy|\n|poke|p1|Landorus-Therian, M|\n|poke|p1|Rillaboom, M|\n|poke|p1|Chandelure, M|\n|poke|p1|Brambleghast, M|\n|poke|p1|Ting-Lu|\n|poke|p2|Ditto|\n|poke|p2|Corviknight, M|\n|poke|p2|Toxapex, M|\n|poke|p2|Clefable, M|\n|poke|p2|Hippowdon, M|\n|poke|p2|Blissey, F|\n|teampreview\n|inactive|Battle timer is ON: inactive players will automatically lose when time's up. (requested by kuiperfa)\n|inactive|kuiperfa has 120 seconds left.\n|inactive|kuiperfa has 90 seconds left.\n|\n|t:|1700888322\n|start\n|switch|p1a: Landorus|Landorus-Therian, M|100\/100\n|switch|p2a: Toxapex|Toxapex, M|100\/100\n|-ability|p1a: Landorus|Intimidate|boost\n|-unboost|p2a: Toxapex|atk|1\n|turn|1\n|\n|t:|1700888337\n|switch|p1a: Brambleghast|Brambleghast, M|100\/100\n|move|p2a: Toxapex|Toxic|p1a: Brambleghast\n|-status|p1a: Brambleghast|tox\n|\n|-damage|p1a: Brambleghast|94\/100 tox|[from] psn\n|upkeep\n|turn|2\n|inactive|kuiperfa has 120 seconds left.\n|inactive|kuiperfa has 90 seconds left.\n|\n|t:|1700888405\n|switch|p2a: Corviknight|Corviknight, M|100\/100\n|-ability|p2a: Corviknight|Pressure\n|move|p1a: Brambleghast|Spikes|p2a: Corviknight\n|-sidestart|p2: kuiperfa|Spikes\n|\n|-damage|p1a: Brambleghast|82\/100 tox|[from] psn\n|upkeep\n|turn|3\n|inactive|kuiperfa has 90 seconds left.\n|\n|t:|1700888417\n|switch|p1a: Chandelure|Chandelure, M|100\/100\n|move|p2a: Corviknight|Roost||[still]\n|-fail|p2a: Corviknight|heal\n|\n|upkeep\n|turn|4\n|inactive|kuiperfa has 90 seconds left.\n|\n|t:|1700888430\n|switch|p2a: Toxapex|Toxapex, M|100\/100\n|-damage|p2a: Toxapex|88\/100|[from] Spikes\n|move|p1a: Chandelure|Fire Blast|p2a: Toxapex|[miss]\n|-miss|p1a: Chandelure|p2a: Toxapex\n|\n|-heal|p2a: Toxapex|94\/100|[from] item: Leftovers\n|upkeep\n|turn|5\n|inactive|kuiperfa has 90 seconds left.\n|\n|t:|1700888436\n|switch|p1a: Brambleghast|Brambleghast, M|82\/100 tox\n|move|p2a: Toxapex|Toxic|p1a: Brambleghast\n|-fail|p1a: Brambleghast|tox\n|\n|-heal|p2a: Toxapex|100\/100|[from] item: Leftovers\n|-damage|p1a: Brambleghast|76\/100 tox|[from] psn\n|upkeep\n|turn|6\n|\n|t:|1700888440\n|switch|p2a: Corviknight|Corviknight, M|100\/100\n|-ability|p2a: Corviknight|Pressure\n|move|p1a: Brambleghast|Spikes|p2a: Corviknight\n|-sidestart|p2: kuiperfa|Spikes\n|\n|-damage|p1a: Brambleghast|64\/100 tox|[from] psn\n|upkeep\n|turn|7\n|\n|t:|1700888446\n|switch|p1a: Manaphy|Manaphy|100\/100\n|move|p2a: Corviknight|Defog|p1a: Manaphy\n|-unboost|p1a: Manaphy|evasion|1\n|-sideend|p2: kuiperfa|Spikes|[from] move: Defog|[of] p2a: Corviknight\n|\n|upkeep\n|turn|8\n|\n|t:|1700888452\n|switch|p2a: Toxapex|Toxapex, M|100\/100\n|move|p1a: Manaphy|Scald|p2a: Toxapex\n|-resisted|p2a: Toxapex\n|-damage|p2a: Toxapex|87\/100\n|-status|p2a: Toxapex|brn\n|\n|-heal|p2a: Toxapex|94\/100 brn|[from] item: Leftovers\n|-damage|p2a: Toxapex|87\/100 brn|[from] brn\n|upkeep\n|turn|9\n|\n|t:|1700888463\n|move|p1a: Manaphy|Substitute|p1a: Manaphy\n|-start|p1a: Manaphy|Substitute\n|-damage|p1a: Manaphy|76\/100\n|move|p2a: Toxapex|Toxic||[still]\n|-fail|p2a: Toxapex\n|\n|-heal|p2a: Toxapex|94\/100 brn|[from] item: Leftovers\n|-damage|p2a: Toxapex|87\/100 brn|[from] brn\n|upkeep\n|turn|10\n|\n|t:|1700888468\n|move|p1a: Manaphy|Tail Glow|p1a: Manaphy\n|-boost|p1a: Manaphy|spa|3\n|move|p2a: Toxapex|Infestation|p1a: Manaphy\n|-activate|p1a: Manaphy|move: Substitute|[damage]\n|\n|-heal|p2a: Toxapex|94\/100 brn|[from] item: Leftovers\n|-damage|p2a: Toxapex|87\/100 brn|[from] brn\n|upkeep\n|turn|11\n|\n|t:|1700888474\n|move|p1a: Manaphy|Tail Glow|p1a: Manaphy\n|-boost|p1a: Manaphy|spa|3\n|move|p2a: Toxapex|Haze|p2a: Toxapex\n|-clearallboost\n|\n|-heal|p2a: Toxapex|94\/100 brn|[from] item: Leftovers\n|-damage|p2a: Toxapex|87\/100 brn|[from] brn\n|upkeep\n|turn|12\n|\n|t:|1700888479\n|move|p1a: Manaphy|Scald|p2a: Toxapex\n|-resisted|p2a: Toxapex\n|-damage|p2a: Toxapex|73\/100 brn\n|move|p2a: Toxapex|Infestation|p1a: Manaphy\n|-activate|p1a: Manaphy|move: Substitute|[damage]\n|\n|-heal|p2a: Toxapex|79\/100 brn|[from] item: Leftovers\n|-damage|p2a: Toxapex|73\/100 brn|[from] brn\n|upkeep\n|turn|13\n|\n|t:|1700888484\n|move|p1a: Manaphy|Scald|p2a: Toxapex\n|-resisted|p2a: Toxapex\n|-damage|p2a: Toxapex|55\/100 brn\n|move|p2a: Toxapex|Infestation|p1a: Manaphy\n|-activate|p1a: Manaphy|move: Substitute|[damage]\n|\n|-heal|p2a: Toxapex|61\/100 brn|[from] item: Leftovers\n|-damage|p2a: Toxapex|55\/100 brn|[from] brn\n|upkeep\n|turn|14\n|\n|t:|1700888490\n|move|p1a: Manaphy|Tail Glow|p1a: Manaphy\n|-boost|p1a: Manaphy|spa|3\n|move|p2a: Toxapex|Recover|p2a: Toxapex\n|-heal|p2a: Toxapex|100\/100 brn\n|\n|-damage|p2a: Toxapex|94\/100 brn|[from] brn\n|upkeep\n|turn|15\n|\n|t:|1700888494\n|move|p1a: Manaphy|Scald|p2a: Toxapex\n|-resisted|p2a: Toxapex\n|-damage|p2a: Toxapex|57\/100 brn\n|move|p2a: Toxapex|Haze|p2a: Toxapex\n|-clearallboost\n|\n|-heal|p2a: Toxapex|63\/100 brn|[from] item: Leftovers\n|-damage|p2a: Toxapex|57\/100 brn|[from] brn\n|upkeep\n|turn|16\n|\n|t:|1700888500\n|move|p1a: Manaphy|Scald|p2a: Toxapex\n|-resisted|p2a: Toxapex\n|-damage|p2a: Toxapex|39\/100 brn\n|move|p2a: Toxapex|Recover|p2a: Toxapex\n|-heal|p2a: Toxapex|89\/100 brn\n|\n|-heal|p2a: Toxapex|96\/100 brn|[from] item: Leftovers\n|-damage|p2a: Toxapex|89\/100 brn|[from] brn\n|upkeep\n|turn|17\n|\n|t:|1700888505\n|move|p1a: Manaphy|Tail Glow|p1a: Manaphy\n|-boost|p1a: Manaphy|spa|3\n|move|p2a: Toxapex|Infestation|p1a: Manaphy\n|-activate|p1a: Manaphy|move: Substitute|[damage]\n|\n|-heal|p2a: Toxapex|96\/100 brn|[from] item: Leftovers\n|-damage|p2a: Toxapex|89\/100 brn|[from] brn\n|upkeep\n|turn|18\n|\n|t:|1700888507\n|move|p1a: Manaphy|Scald|p2a: Toxapex\n|-resisted|p2a: Toxapex\n|-crit|p2a: Toxapex\n|-damage|p2a: Toxapex|36\/100 brn\n|move|p2a: Toxapex|Haze|p2a: Toxapex\n|-clearallboost\n|\n|-heal|p2a: Toxapex|43\/100 brn|[from] item: Leftovers\n|-damage|p2a: Toxapex|36\/100 brn|[from] brn\n|upkeep\n|turn|19\n|\n|t:|1700888512\n|move|p1a: Manaphy|Scald|p2a: Toxapex\n|-resisted|p2a: Toxapex\n|-damage|p2a: Toxapex|20\/100 brn\n|move|p2a: Toxapex|Recover|p2a: Toxapex\n|-heal|p2a: Toxapex|70\/100 brn\n|\n|-heal|p2a: Toxapex|76\/100 brn|[from] item: Leftovers\n|-damage|p2a: Toxapex|70\/100 brn|[from] brn\n|upkeep\n|turn|20\n|\n|t:|1700888518\n|move|p1a: Manaphy|Tail Glow|p1a: Manaphy\n|-boost|p1a: Manaphy|spa|3\n|move|p2a: Toxapex|Infestation|p1a: Manaphy\n|-activate|p1a: Manaphy|move: Substitute|[damage]\n|\n|-heal|p2a: Toxapex|76\/100 brn|[from] item: Leftovers\n|-damage|p2a: Toxapex|70\/100 brn|[from] brn\n|upkeep\n|turn|21\n|\n|t:|1700888522\n|move|p1a: Manaphy|Ice Beam|p2a: Toxapex\n|-resisted|p2a: Toxapex\n|-damage|p2a: Toxapex|44\/100 brn\n|move|p2a: Toxapex|Haze|p2a: Toxapex\n|-clearallboost\n|\n|-heal|p2a: Toxapex|50\/100 brn|[from] item: Leftovers\n|-damage|p2a: Toxapex|44\/100 brn|[from] brn\n|upkeep\n|turn|22\n|\n|t:|1700888526\n|move|p1a: Manaphy|Tail Glow|p1a: Manaphy\n|-boost|p1a: Manaphy|spa|3\n|move|p2a: Toxapex|Recover|p2a: Toxapex\n|-heal|p2a: Toxapex|94\/100 brn\n|\n|-heal|p2a: Toxapex|99\/100 brn|[from] item: Leftovers\n|-damage|p2a: Toxapex|94\/100 brn|[from] brn\n|upkeep\n|turn|23\n|\n|t:|1700888529\n|move|p1a: Manaphy|Scald|p2a: Toxapex\n|-resisted|p2a: Toxapex\n|-damage|p2a: Toxapex|56\/100 brn\n|move|p2a: Toxapex|Haze|p2a: Toxapex\n|-clearallboost\n|\n|-heal|p2a: Toxapex|63\/100 brn|[from] item: Leftovers\n|-damage|p2a: Toxapex|56\/100 brn|[from] brn\n|upkeep\n|turn|24\n|\n|t:|1700888541\n|move|p1a: Manaphy|Tail Glow|p1a: Manaphy\n|-boost|p1a: Manaphy|spa|3\n|move|p2a: Toxapex|Infestation|p1a: Manaphy\n|-activate|p1a: Manaphy|move: Substitute|[damage]\n|\n|-heal|p2a: Toxapex|63\/100 brn|[from] item: Leftovers\n|-damage|p2a: Toxapex|56\/100 brn|[from] brn\n|upkeep\n|turn|25\n|\n|t:|1700888545\n|move|p1a: Manaphy|Scald|p2a: Toxapex\n|-resisted|p2a: Toxapex\n|-damage|p2a: Toxapex|21\/100 brn\n|move|p2a: Toxapex|Haze|p2a: Toxapex\n|-clearallboost\n|\n|-heal|p2a: Toxapex|27\/100 brn|[from] item: Leftovers\n|-damage|p2a: Toxapex|21\/100 brn|[from] brn\n|upkeep\n|turn|26\n|\n|t:|1700888557\n|switch|p2a: Blissey|Blissey, F|100\/100\n|move|p1a: Manaphy|Scald|p2a: Blissey\n|-damage|p2a: Blissey|86\/100\n|\n|-heal|p2a: Blissey|93\/100|[from] item: Leftovers\n|upkeep\n|turn|27\n|\n|t:|1700888565\n|move|p1a: Manaphy|Substitute|p1a: Manaphy\n|-fail|p1a: Manaphy|move: Substitute\n|move|p2a: Blissey|Seismic Toss|p1a: Manaphy\n|-end|p1a: Manaphy|Substitute\n|\n|-heal|p2a: Blissey|99\/100|[from] item: Leftovers\n|upkeep\n|turn|28\n|\n|t:|1700888571\n|switch|p1a: Brambleghast|Brambleghast, M|64\/100 tox\n|move|p2a: Blissey|Seismic Toss|p1a: Brambleghast\n|-immune|p1a: Brambleghast\n|\n|-heal|p2a: Blissey|100\/100|[from] item: Leftovers\n|-damage|p1a: Brambleghast|58\/100 tox|[from] psn\n|upkeep\n|turn|29\n|\n|t:|1700888584\n|move|p1a: Brambleghast|Strength Sap|p2a: Blissey\n|-unboost|p2a: Blissey|atk|1\n|-heal|p1a: Brambleghast|65\/100 tox\n|move|p2a: Blissey|Heal Bell|p2a: Blissey\n|-activate|p2a: Blissey|move: Heal Bell\n|-curestatus|p2: Toxapex|brn|[msg]\n|\n|-damage|p1a: Brambleghast|53\/100 tox|[from] psn\n|upkeep\n|turn|30\n|\n|t:|1700888596\n|switch|p1a: Manaphy|Manaphy|76\/100\n|switch|p2a: Toxapex|Toxapex, M|54\/100\n|\n|-heal|p2a: Toxapex|60\/100|[from] item: Leftovers\n|upkeep\n|turn|31\n|\n|t:|1700888606\n|switch|p1a: Rillaboom|Rillaboom, M|100\/100\n|-fieldstart|move: Grassy Terrain|[from] ability: Grassy Surge|[of] p1a: Rillaboom\n|move|p2a: Toxapex|Infestation|p1a: Rillaboom\n|-supereffective|p1a: Rillaboom\n|-damage|p1a: Rillaboom|92\/100\n|-activate|p1a: Rillaboom|move: Infestation|[of] p2a: Toxapex\n|\n|-heal|p1a: Rillaboom|98\/100|[from] Grassy Terrain\n|-heal|p2a: Toxapex|67\/100|[from] Grassy Terrain\n|-heal|p2a: Toxapex|73\/100|[from] item: Leftovers\n|-damage|p1a: Rillaboom|86\/100|[from] move: Infestation|[partiallytrapped]\n|upkeep\n|turn|32\n|\n|t:|1700888618\n|switch|p2a: Corviknight|Corviknight, M|100\/100\n|-ability|p2a: Corviknight|Pressure\n|move|p1a: Rillaboom|Knock Off|p2a: Corviknight\n|-damage|p2a: Corviknight|72\/100\n|-enditem|p2a: Corviknight|Leftovers|[from] move: Knock Off|[of] p1a: Rillaboom\n|\n|-heal|p1a: Rillaboom|92\/100|[from] Grassy Terrain\n|-end|p1a: Rillaboom|Infestation|[partiallytrapped]|[silent]\n|upkeep\n|turn|33\n|\n|t:|1700888626\n|switch|p1a: Landorus|Landorus-Therian, M|100\/100\n|-ability|p1a: Landorus|Intimidate|boost\n|-unboost|p2a: Corviknight|atk|1\n|move|p2a: Corviknight|Iron Head|p1a: Landorus\n|-damage|p1a: Landorus|88\/100\n|\n|-heal|p1a: Landorus|94\/100|[from] item: Leftovers\n|upkeep\n|turn|34\n|\n|t:|1700888641\n|switch|p2a: Blissey|Blissey, F|100\/100\n|move|p1a: Landorus|Stealth Rock|p2a: Blissey\n|-sidestart|p2: kuiperfa|move: Stealth Rock\n|\n|-heal|p1a: Landorus|100\/100|[from] item: Leftovers\n|upkeep\n|turn|35\n|\n|t:|1700888648\n|move|p1a: Landorus|U-turn|p2a: Blissey\n|-damage|p2a: Blissey|84\/100\n|\n|t:|1700888653\n|switch|p1a: Rillaboom|Rillaboom, M|92\/100|[from] U-turn\n|move|p2a: Blissey|Seismic Toss|p1a: Rillaboom\n|-damage|p1a: Rillaboom|62\/100\n|\n|-heal|p1a: Rillaboom|69\/100|[from] Grassy Terrain\n|-heal|p2a: Blissey|90\/100|[from] Grassy Terrain\n|-heal|p2a: Blissey|96\/100|[from] item: Leftovers\n|-fieldend|move: Grassy Terrain\n|upkeep\n|turn|36\n|\n|t:|1700888663\n|switch|p2a: Corviknight|Corviknight, M|72\/100\n|-damage|p2a: Corviknight|59\/100|[from] Stealth Rock\n|-ability|p2a: Corviknight|Pressure\n|move|p1a: Rillaboom|U-turn|p2a: Corviknight\n|-resisted|p2a: Corviknight\n|-damage|p2a: Corviknight|55\/100\n|\n|t:|1700888678\n|switch|p1a: Brambleghast|Brambleghast, M|53\/100 tox|[from] U-turn\n|\n|-damage|p1a: Brambleghast|47\/100 tox|[from] psn\n|upkeep\n|turn|37\n|\n|t:|1700888688\n|move|p1a: Brambleghast|Strength Sap|p2a: Corviknight\n|-unboost|p2a: Corviknight|atk|1\n|-heal|p1a: Brambleghast|100\/100 tox\n|move|p2a: Corviknight|Roost|p2a: Corviknight\n|-heal|p2a: Corviknight|100\/100\n|-singleturn|p2a: Corviknight|move: Roost\n|\n|-damage|p1a: Brambleghast|88\/100 tox|[from] psn\n|upkeep\n|turn|38\n|\n|t:|1700888696\n|switch|p1a: Chandelure|Chandelure, M|100\/100\n|move|p2a: Corviknight|Defog|p1a: Chandelure\n|-unboost|p1a: Chandelure|evasion|1\n|-sideend|p2: kuiperfa|Stealth Rock|[from] move: Defog|[of] p2a: Corviknight\n|\n|upkeep\n|turn|39\n|\n|t:|1700888705\n|switch|p1a: Rillaboom|Rillaboom, M|69\/100\n|-fieldstart|move: Grassy Terrain|[from] ability: Grassy Surge|[of] p1a: Rillaboom\n|switch|p2a: Blissey|Blissey, F|96\/100\n|\n|-heal|p1a: Rillaboom|75\/100|[from] Grassy Terrain\n|-heal|p2a: Blissey|100\/100|[from] Grassy Terrain\n|upkeep\n|turn|40\n|\n|t:|1700888710\n|move|p1a: Rillaboom|U-turn|p2a: Blissey\n|-damage|p2a: Blissey|68\/100\n|\n|t:|1700888712\n|switch|p1a: Brambleghast|Brambleghast, M|88\/100 tox|[from] U-turn\n|move|p2a: Blissey|Thunder Wave||[still]\n|-fail|p2a: Blissey\n|\n|-heal|p1a: Brambleghast|94\/100 tox|[from] Grassy Terrain\n|-heal|p2a: Blissey|74\/100|[from] Grassy Terrain\n|-heal|p2a: Blissey|80\/100|[from] item: Leftovers\n|-damage|p1a: Brambleghast|88\/100 tox|[from] psn\n|upkeep\n|turn|41\n|\n|t:|1700888727\n|switch|p1a: Chandelure|Chandelure, M|100\/100\n|switch|p2a: Corviknight|Corviknight, M|100\/100\n|-ability|p2a: Corviknight|Pressure\n|\n|upkeep\n|turn|42\n|\n|t:|1700888742\n|switch|p2a: Toxapex|Toxapex, M|100\/100\n|move|p1a: Chandelure|Fire Blast|p2a: Toxapex\n|-resisted|p2a: Toxapex\n|-damage|p2a: Toxapex|64\/100\n|-status|p2a: Toxapex|brn\n|\n|-heal|p2a: Toxapex|71\/100 brn|[from] Grassy Terrain\n|-heal|p2a: Toxapex|77\/100 brn|[from] item: Leftovers\n|-damage|p2a: Toxapex|71\/100 brn|[from] brn\n|upkeep\n|turn|43\n|\n|t:|1700888749\n|switch|p1a: Brambleghast|Brambleghast, M|88\/100 tox\n|switch|p2a: Blissey|Blissey, F|80\/100\n|\n|-heal|p1a: Brambleghast|94\/100 tox|[from] Grassy Terrain\n|-heal|p2a: Blissey|86\/100|[from] Grassy Terrain\n|-heal|p2a: Blissey|93\/100|[from] item: Leftovers\n|-damage|p1a: Brambleghast|88\/100 tox|[from] psn\n|-fieldend|move: Grassy Terrain\n|upkeep\n|turn|44\n|\n|t:|1700888755\n|move|p1a: Brambleghast|Power Whip|p2a: Blissey\n|-damage|p2a: Blissey|53\/100\n|move|p2a: Blissey|Heal Bell|p2a: Blissey\n|-activate|p2a: Blissey|move: Heal Bell\n|-curestatus|p2: Toxapex|brn|[msg]\n|\n|-heal|p2a: Blissey|60\/100|[from] item: Leftovers\n|-damage|p1a: Brambleghast|76\/100 tox|[from] psn\n|upkeep\n|turn|45\n|\n|t:|1700888772\n|switch|p1a: Rillaboom|Rillaboom, M|75\/100\n|-fieldstart|move: Grassy Terrain|[from] ability: Grassy Surge|[of] p1a: Rillaboom\n|switch|p2a: Corviknight|Corviknight, M|100\/100\n|-ability|p2a: Corviknight|Pressure\n|\n|-heal|p1a: Rillaboom|81\/100|[from] Grassy Terrain\n|upkeep\n|turn|46\n|\n|t:|1700888782\n|move|p1a: Rillaboom|U-turn|p2a: Corviknight\n|-resisted|p2a: Corviknight\n|-damage|p2a: Corviknight|95\/100\n|\n|t:|1700888785\n|switch|p1a: Landorus|Landorus-Therian, M|100\/100|[from] U-turn\n|-ability|p1a: Landorus|Intimidate|boost\n|-unboost|p2a: Corviknight|atk|1\n|move|p2a: Corviknight|Iron Head|p1a: Landorus\n|-damage|p1a: Landorus|90\/100\n|\n|-heal|p1a: Landorus|96\/100|[from] item: Leftovers\n|upkeep\n|turn|47\n|\n|t:|1700888796\n|move|p1a: Landorus|Stealth Rock|p2a: Corviknight\n|-sidestart|p2: kuiperfa|move: Stealth Rock\n|move|p2a: Corviknight|Iron Head|p1a: Landorus\n|-damage|p1a: Landorus|83\/100\n|\n|-heal|p1a: Landorus|90\/100|[from] item: Leftovers\n|upkeep\n|turn|48\n|\n|t:|1700888803\n|move|p1a: Landorus|U-turn|p2a: Corviknight\n|-resisted|p2a: Corviknight\n|-damage|p2a: Corviknight|93\/100\n|\n|t:|1700888810\n|switch|p1a: Manaphy|Manaphy|76\/100|[from] U-turn\n|move|p2a: Corviknight|Iron Head|p1a: Manaphy\n|-resisted|p1a: Manaphy\n|-damage|p1a: Manaphy|68\/100\n|\n|-heal|p1a: Manaphy|74\/100|[from] Grassy Terrain\n|upkeep\n|turn|49\n|\n|t:|1700888816\n|switch|p2a: Toxapex|Toxapex, M|100\/100\n|-damage|p2a: Toxapex|88\/100|[from] Stealth Rock\n|move|p1a: Manaphy|Substitute|p1a: Manaphy\n|-start|p1a: Manaphy|Substitute\n|-damage|p1a: Manaphy|49\/100\n|\n|-heal|p1a: Manaphy|55\/100|[from] Grassy Terrain\n|-heal|p2a: Toxapex|94\/100|[from] Grassy Terrain\n|-heal|p2a: Toxapex|100\/100|[from] item: Leftovers\n|-fieldend|move: Grassy Terrain\n|upkeep\n|turn|50\n|\n|t:|1700888823\n|move|p1a: Manaphy|Tail Glow|p1a: Manaphy\n|-boost|p1a: Manaphy|spa|3\n|move|p2a: Toxapex|Infestation|p1a: Manaphy\n|-activate|p1a: Manaphy|move: Substitute|[damage]\n|\n|upkeep\n|turn|51\n|\n|t:|1700888828\n|move|p1a: Manaphy|Scald|p2a: Toxapex\n|-resisted|p2a: Toxapex\n|-damage|p2a: Toxapex|67\/100\n|-status|p2a: Toxapex|brn\n|move|p2a: Toxapex|Haze|p2a: Toxapex\n|-clearallboost\n|\n|-heal|p2a: Toxapex|74\/100 brn|[from] item: Leftovers\n|-damage|p2a: Toxapex|67\/100 brn|[from] brn\n|upkeep\n|turn|52\n|\n|t:|1700888838\n|move|p1a: Manaphy|Tail Glow|p1a: Manaphy\n|-boost|p1a: Manaphy|spa|3\n|move|p2a: Toxapex|Infestation|p1a: Manaphy\n|-activate|p1a: Manaphy|move: Substitute|[damage]\n|\n|-heal|p2a: Toxapex|74\/100 brn|[from] item: Leftovers\n|-damage|p2a: Toxapex|67\/100 brn|[from] brn\n|upkeep\n|turn|53\n|\n|t:|1700888842\n|move|p1a: Manaphy|Scald|p2a: Toxapex\n|-resisted|p2a: Toxapex\n|-damage|p2a: Toxapex|30\/100 brn\n|move|p2a: Toxapex|Recover|p2a: Toxapex\n|-heal|p2a: Toxapex|80\/100 brn\n|\n|-heal|p2a: Toxapex|86\/100 brn|[from] item: Leftovers\n|-damage|p2a: Toxapex|80\/100 brn|[from] brn\n|upkeep\n|turn|54\n|\n|t:|1700888847\n|move|p1a: Manaphy|Scald|p2a: Toxapex\n|-resisted|p2a: Toxapex\n|-damage|p2a: Toxapex|34\/100 brn\n|move|p2a: Toxapex|Haze|p2a: Toxapex\n|-clearallboost\n|\n|-heal|p2a: Toxapex|40\/100 brn|[from] item: Leftovers\n|-damage|p2a: Toxapex|34\/100 brn|[from] brn\n|upkeep\n|turn|55\n|\n|t:|1700888853\n|move|p1a: Manaphy|Tail Glow|p1a: Manaphy\n|-boost|p1a: Manaphy|spa|3\n|move|p2a: Toxapex|Infestation|p1a: Manaphy\n|-activate|p1a: Manaphy|move: Substitute|[damage]\n|\n|-heal|p2a: Toxapex|40\/100 brn|[from] item: Leftovers\n|-damage|p2a: Toxapex|34\/100 brn|[from] brn\n|upkeep\n|turn|56\n|\n|t:|1700888855\n|move|p1a: Manaphy|Scald|p2a: Toxapex\n|-resisted|p2a: Toxapex\n|-damage|p2a: Toxapex|0 fnt\n|faint|p2a: Toxapex\n|\n|upkeep\n|\n|t:|1700888868\n|switch|p2a: Clefable|Clefable, M|100\/100\n|-damage|p2a: Clefable|88\/100|[from] Stealth Rock\n|turn|57\n|\n|t:|1700888870\n|move|p1a: Manaphy|Scald|p2a: Clefable\n|-damage|p2a: Clefable|59\/100\n|move|p2a: Clefable|Moonblast|p1a: Manaphy\n|-end|p1a: Manaphy|Substitute\n|\n|-heal|p2a: Clefable|65\/100|[from] item: Leftovers\n|upkeep\n|turn|58\n|\n|t:|1700888876\n|move|p1a: Manaphy|Substitute|p1a: Manaphy\n|-start|p1a: Manaphy|Substitute\n|-damage|p1a: Manaphy|30\/100\n|move|p2a: Clefable|Moonblast|p1a: Manaphy\n|-end|p1a: Manaphy|Substitute\n|\n|-heal|p2a: Clefable|71\/100|[from] item: Leftovers\n|upkeep\n|turn|59\n|\n|t:|1700888884\n|switch|p1a: Chandelure|Chandelure, M|100\/100\n|move|p2a: Clefable|Moonblast|p1a: Chandelure\n|-resisted|p1a: Chandelure\n|-damage|p1a: Chandelure|77\/100\n|\n|-heal|p2a: Clefable|77\/100|[from] item: Leftovers\n|upkeep\n|turn|60\n|\n|t:|1700888895\n|switch|p1a: Rillaboom|Rillaboom, M|81\/100\n|-fieldstart|move: Grassy Terrain|[from] ability: Grassy Surge|[of] p1a: Rillaboom\n|move|p2a: Clefable|Thunder Wave|p1a: Rillaboom\n|-status|p1a: Rillaboom|par\n|\n|-heal|p2a: Clefable|83\/100|[from] Grassy Terrain\n|-heal|p2a: Clefable|89\/100|[from] item: Leftovers\n|-heal|p1a: Rillaboom|87\/100 par|[from] Grassy Terrain\n|upkeep\n|turn|61\n|\n|t:|1700888898\n|move|p2a: Clefable|Wish|p2a: Clefable\n|move|p1a: Rillaboom|Wood Hammer|p2a: Clefable\n|-damage|p2a: Clefable|0 fnt\n|faint|p2a: Clefable\n|-damage|p1a: Rillaboom|53\/100 par|[from] Recoil\n|\n|-heal|p1a: Rillaboom|59\/100 par|[from] Grassy Terrain\n|upkeep\n|\n|t:|1700888902\n|switch|p2a: Blissey|Blissey, F|60\/100\n|-damage|p2a: Blissey|47\/100|[from] Stealth Rock\n|turn|62\n|\n|t:|1700888906\n|switch|p2a: Hippowdon|Hippowdon, M|100\/100\n|-damage|p2a: Hippowdon|94\/100|[from] Stealth Rock\n|-weather|Sandstorm|[from] ability: Sand Stream|[of] p2a: Hippowdon\n|move|p1a: Rillaboom|Wood Hammer|p2a: Hippowdon\n|-supereffective|p2a: Hippowdon\n|-damage|p2a: Hippowdon|0 fnt\n|faint|p2a: Hippowdon\n|-damage|p1a: Rillaboom|21\/100 par|[from] Recoil\n|\n|-weather|Sandstorm|[upkeep]\n|-damage|p1a: Rillaboom|15\/100 par|[from] Sandstorm\n|-heal|p1a: Rillaboom|21\/100 par|[from] Grassy Terrain\n|upkeep\n|-message|kuiperfa forfeited.\n|\n|win|BoundbyTheTusklow\n|raw|BoundbyTheTusklow's rating: 1230 &rarr; <strong>1250<\/strong><br \/>(+20 for winning)\n|raw|kuiperfa's rating: 1166 &rarr; <strong>1146<\/strong><br \/>(-20 for losing)\n|l|\u2606kuiperfa\n","uploadtime":1700888920,"views":18,"p1id":"boundbythetusklow","p2id":"kuiperfa","formatid":"gen9ou","rating":1146,"private":0,"password":""}