{"id":"gen9ou-1997432932","p1":"yukiriii","p2":"Smitty517","format":"[Gen 9] OU","log":"|j|\u2606yukiriii\n|j|\u2606Smitty517\n|inactive|Battle timer is ON: inactive players will automatically lose when time's up.\n|t:|1700804319\n|gametype|singles\n|player|p1|yukiriii|marley|\n|player|p2|Smitty517|wattson|\n|teamsize|p1|4\n|teamsize|p2|4\n|gen|9\n|tier|[Gen 9] OU\n|rated|Tournament battle\n|rule|Sleep Clause Mod: Limit one foe put to sleep\n|rule|Species Clause: Limit one of each Pok\u00e9mon\n|rule|OHKO Clause: OHKO moves are banned\n|rule|Evasion Items Clause: Evasion items are banned\n|rule|Evasion Moves Clause: Evasion moves are banned\n|rule|Endless Battle Clause: Forcing endless battles is banned\n|rule|HP Percentage Mod: HP is shown in percentages\n|clearpoke\n|poke|p1|Pelipper, F|\n|poke|p1|Cufant, M|\n|poke|p1|Persian-Alola, F|\n|poke|p1|Greavard, M|\n|poke|p2|Grotle, M|\n|poke|p2|Sandile, F|\n|poke|p2|Timburr, F|\n|poke|p2|Toxtricity, M|\n|teampreview\n|j|*Lady Monita \u2746\n|inactive|yukiriii has 120 seconds left.\n|\n|t:|1700804363\n|start\n|switch|p1a: Cufant|Cufant, M|100\/100\n|switch|p2a: Sandile|Sandile, F|100\/100\n|-ability|p2a: Sandile|Intimidate|boost\n|-unboost|p1a: Cufant|atk|1\n|turn|1\n|inactive|Smitty517 has 120 seconds left.\n|\n|t:|1700804395\n|move|p2a: Sandile|Earthquake|p1a: Cufant\n|-supereffective|p1a: Cufant\n|-damage|p1a: Cufant|0 fnt\n|faint|p1a: Cufant\n|\n|upkeep\n|\n|t:|1700804404\n|switch|p1a: Pelipper|Pelipper, F|100\/100\n|-weather|RainDance|[from] ability: Drizzle|[of] p1a: Pelipper\n|turn|2\n|\n|t:|1700804415\n|switch|p2a: Grotle|Grotle, M|100\/100\n|move|p1a: Pelipper|Weather Ball|p2a: Grotle\n|-resisted|p2a: Grotle\n|-damage|p2a: Grotle|79\/100\n|\n|-weather|RainDance|[upkeep]\n|upkeep\n|turn|3\n|\n|t:|1700804426\n|move|p1a: Pelipper|Hurricane|p2a: Grotle\n|-supereffective|p2a: Grotle\n|-damage|p2a: Grotle|11\/100\n|move|p2a: Grotle|Seed Bomb|p1a: Pelipper\n|-damage|p1a: Pelipper|75\/100\n|\n|-weather|RainDance|[upkeep]\n|upkeep\n|turn|4\n|\n|t:|1700804446\n|move|p1a: Pelipper|Weather Ball|p2a: Grotle\n|-resisted|p2a: Grotle\n|-damage|p2a: Grotle|0 fnt\n|faint|p2a: Grotle\n|\n|-weather|RainDance|[upkeep]\n|upkeep\n|\n|t:|1700804453\n|switch|p2a: Toxtricity|Toxtricity, M|100\/100\n|turn|5\n|\n|t:|1700804464\n|switch|p1a: Greavard|Greavard, M|100\/100\n|move|p2a: Toxtricity|Overdrive|p1a: Greavard\n|-damage|p1a: Greavard|31\/100\n|-enditem|p2a: Toxtricity|Throat Spray\n|-boost|p2a: Toxtricity|spa|1|[from] item: Throat Spray\n|\n|-weather|RainDance|[upkeep]\n|upkeep\n|turn|6\n|\n|t:|1700804483\n|move|p2a: Toxtricity|Overdrive|p1a: Greavard\n|-damage|p1a: Greavard|0 fnt\n|faint|p1a: Greavard\n|\n|-weather|RainDance|[upkeep]\n|upkeep\n|\n|t:|1700804486\n|switch|p1a: Pelipper|Pelipper, F|75\/100\n|turn|7\n|\n|t:|1700804492\n|-terastallize|p1a: Pelipper|Ground\n|move|p2a: Toxtricity|Overdrive|p1a: Pelipper\n|-immune|p1a: Pelipper\n|move|p1a: Pelipper|Weather Ball|p2a: Toxtricity\n|-damage|p2a: Toxtricity|35\/100\n|\n|-weather|RainDance|[upkeep]\n|upkeep\n|turn|8\n|j| cosmickyle13\n|\n|t:|1700804504\n|move|p2a: Toxtricity|Boomburst|p1a: Pelipper\n|-damage|p1a: Pelipper|0 fnt\n|faint|p1a: Pelipper\n|\n|-weather|RainDance|[upkeep]\n|upkeep\n|\n|t:|1700804507\n|switch|p1a: Persian|Persian-Alola, F|100\/100\n|turn|9\n|\n|t:|1700804517\n|move|p1a: Persian|Foul Play|p2a: Toxtricity\n|-damage|p2a: Toxtricity|0 fnt\n|faint|p2a: Toxtricity\n|\n|-weather|none\n|upkeep\n|\n|t:|1700804521\n|switch|p2a: Sandile|Sandile, F|100\/100\n|-ability|p2a: Sandile|Intimidate|boost\n|-unboost|p1a: Persian|atk|1\n|turn|10\n|\n|t:|1700804540\n|move|p1a: Persian|Nasty Plot|p1a: Persian\n|-boost|p1a: Persian|spa|2\n|move|p2a: Sandile|Earthquake|p1a: Persian\n|-damage|p1a: Persian|62\/100\n|\n|-heal|p1a: Persian|68\/100|[from] item: Leftovers\n|upkeep\n|turn|11\n|\n|t:|1700804549\n|move|p1a: Persian|Dark Pulse|p2a: Sandile\n|-resisted|p2a: Sandile\n|-damage|p2a: Sandile|57\/100\n|move|p2a: Sandile|Earthquake|p1a: Persian\n|-damage|p1a: Persian|31\/100\n|\n|-heal|p1a: Persian|37\/100|[from] item: Leftovers\n|upkeep\n|turn|12\n|\n|t:|1700804558\n|move|p1a: Persian|Dark Pulse|p2a: Sandile\n|-resisted|p2a: Sandile\n|-damage|p2a: Sandile|12\/100\n|move|p2a: Sandile|Earthquake|p1a: Persian\n|-damage|p1a: Persian|0 fnt\n|faint|p1a: Persian\n|\n|win|Smitty517\n|n|\u2606yukiriii|yukiriii\n|n|\u2606Smitty517|smitty517\n|n|*Lady Monita \u2746|ladymonita\n|n| cosmickyle13|cosmickyle13\n","uploadtime":1700804560,"views":3,"p1id":"yukiriii","p2id":"smitty517","formatid":"gen9ou","rating":0,"private":0,"password":""}