{"id":"gen9ou-1996894851","p1":"MR. REMORAIDD","p2":"zwei thee stallion","format":"[Gen 9] OU","log":"|j|\u2606MR. REMORAIDD\n|j|\u2606zwei thee stallion\n|t:|1700741572\n|gametype|singles\n|player|p1|MR. REMORAIDD|hiker-gen4|1087\n|player|p2|zwei thee stallion|2|1142\n|teamsize|p1|6\n|teamsize|p2|6\n|gen|9\n|tier|[Gen 9] OU\n|rated|\n|rule|Sleep Clause Mod: Limit one foe put to sleep\n|rule|Species Clause: Limit one of each Pok\u00e9mon\n|rule|OHKO Clause: OHKO moves are banned\n|rule|Evasion Items Clause: Evasion items are banned\n|rule|Evasion Moves Clause: Evasion moves are banned\n|rule|Endless Battle Clause: Forcing endless battles is banned\n|rule|HP Percentage Mod: HP is shown in percentages\n|clearpoke\n|poke|p1|Arcanine-Hisui, M|\n|poke|p1|Grimmsnarl, M|\n|poke|p1|Goodra-Hisui, F|\n|poke|p1|Ursaluna, F|\n|poke|p1|Quaquaval, M|\n|poke|p1|Braviary-Hisui, M|\n|poke|p2|Salamence, M|\n|poke|p2|Ogerpon-Cornerstone, F|\n|poke|p2|Great Tusk|\n|poke|p2|Toxapex, M|\n|poke|p2|Iron Valiant|\n|poke|p2|Gholdengo|\n|teampreview\n|inactive|Battle timer is ON: inactive players will automatically lose when time's up. (requested by MR. REMORAIDD)\n|\n|t:|1700741595\n|start\n|switch|p1a: Ryuk|Grimmsnarl, M, shiny|100\/100\n|switch|p2a: Ogerpon|Ogerpon-Cornerstone, F|100\/100\n|turn|1\n|\n|t:|1700741606\n|switch|p2a: Gholdengo|Gholdengo|100\/100\n|-item|p2a: Gholdengo|Air Balloon\n|move|p1a: Ryuk|Reflect|p1a: Ryuk\n|-sidestart|p1: MR. REMORAIDD|Reflect\n|\n|upkeep\n|turn|2\n|\n|t:|1700741617\n|move|p1a: Ryuk|Light Screen|p1a: Ryuk\n|-sidestart|p1: MR. REMORAIDD|move: Light Screen\n|move|p2a: Gholdengo|Make It Rain|p1a: Ryuk\n|-supereffective|p1a: Ryuk\n|-damage|p1a: Ryuk|55\/100\n|-unboost|p2a: Gholdengo|spa|1\n|\n|upkeep\n|turn|3\n|\n|t:|1700741629\n|move|p2a: Gholdengo|Make It Rain|p1a: Ryuk\n|-supereffective|p1a: Ryuk\n|-damage|p1a: Ryuk|25\/100\n|-unboost|p2a: Gholdengo|spa|1\n|move|p1a: Ryuk|Spirit Break|p2a: Gholdengo\n|-resisted|p2a: Gholdengo\n|-damage|p2a: Gholdengo|83\/100\n|-unboost|p2a: Gholdengo|spa|1\n|-enditem|p2a: Gholdengo|Air Balloon\n|\n|upkeep\n|turn|4\n|\n|t:|1700741644\n|move|p1a: Ryuk|Parting Shot|p2a: Gholdengo\n|-immune|p2a: Gholdengo|[from] ability: Good as Gold\n|move|p2a: Gholdengo|Make It Rain|p1a: Ryuk\n|-supereffective|p1a: Ryuk\n|-damage|p1a: Ryuk|7\/100\n|-unboost|p2a: Gholdengo|spa|1\n|\n|upkeep\n|turn|5\n|\n|t:|1700741664\n|switch|p1a: Signore|Quaquaval, M, shiny|100\/100\n|move|p2a: Gholdengo|Make It Rain|p1a: Signore\n|-resisted|p1a: Signore\n|-damage|p1a: Signore|93\/100\n|-unboost|p2a: Gholdengo|spa|1\n|\n|upkeep\n|turn|6\n|\n|t:|1700741678\n|switch|p2a: Toxapex|Toxapex, M|100\/100\n|move|p1a: Signore|Aqua Step|p2a: Toxapex\n|-resisted|p2a: Toxapex\n|-damage|p2a: Toxapex|83\/100\n|-boost|p1a: Signore|spe|1\n|\n|upkeep\n|turn|7\n|\n|t:|1700741689\n|switch|p1a: Braveheart|Braviary-Hisui, M|100\/100\n|move|p2a: Toxapex|Toxic|p1a: Braveheart\n|-status|p1a: Braveheart|tox\n|\n|-damage|p1a: Braveheart|94\/100 tox|[from] psn\n|upkeep\n|turn|8\n|\n|t:|1700741699\n|switch|p2a: Ogerpon|Ogerpon-Cornerstone, F|100\/100\n|move|p1a: Braveheart|Calm Mind|p1a: Braveheart\n|-boost|p1a: Braveheart|spa|1\n|-boost|p1a: Braveheart|spd|1\n|\n|-damage|p1a: Braveheart|82\/100 tox|[from] psn\n|-sideend|p1: MR. REMORAIDD|Reflect\n|upkeep\n|turn|9\n|\n|t:|1700741708\n|move|p2a: Ogerpon|Ivy Cudgel|p1a: Braveheart|[anim] Ivy Cudgel Rock\n|-supereffective|p1a: Braveheart\n|-damage|p1a: Braveheart|0 fnt\n|faint|p1a: Braveheart\n|\n|-sideend|p1: MR. REMORAIDD|move: Light Screen\n|upkeep\n|\n|t:|1700741722\n|switch|p1a: Signore|Quaquaval, M, shiny|93\/100\n|turn|10\n|\n|t:|1700741743\n|move|p2a: Ogerpon|Horn Leech|p1a: Signore\n|-supereffective|p1a: Signore\n|-damage|p1a: Signore|0 fnt\n|faint|p1a: Signore\n|\n|upkeep\n|inactive|MR. REMORAIDD has 120 seconds left.\n|\n|t:|1700741755\n|switch|p1a: Gold|Arcanine-Hisui, M, shiny|100\/100\n|turn|11\n|\n|t:|1700741763\n|-terastallize|p1a: Gold|Steel\n|move|p2a: Ogerpon|Ivy Cudgel|p1a: Gold|[anim] Ivy Cudgel Rock\n|-resisted|p1a: Gold\n|-crit|p1a: Gold\n|-damage|p1a: Gold|43\/100\n|move|p1a: Gold|Flare Blitz|p2a: Ogerpon\n|-damage|p2a: Ogerpon|2\/100\n|-damage|p1a: Gold|33\/100|[from] item: Life Orb\n|\n|upkeep\n|turn|12\n|\n|t:|1700741773\n|move|p1a: Gold|Extreme Speed|p2a: Ogerpon\n|-resisted|p2a: Ogerpon\n|-damage|p2a: Ogerpon|0 fnt\n|faint|p2a: Ogerpon\n|-damage|p1a: Gold|23\/100|[from] item: Life Orb\n|\n|upkeep\n|\n|t:|1700741792\n|switch|p2a: Toxapex|Toxapex, M|100\/100\n|turn|13\n|\n|t:|1700741796\n|move|p1a: Gold|Wild Charge|p2a: Toxapex\n|-supereffective|p2a: Toxapex\n|-damage|p2a: Toxapex|34\/100\n|-damage|p1a: Gold|13\/100|[from] item: Life Orb\n|move|p2a: Toxapex|Surf|p1a: Gold\n|-damage|p1a: Gold|0 fnt\n|faint|p1a: Gold\n|\n|upkeep\n|\n|t:|1700741811\n|switch|p1a: Yoga|Ursaluna, F, shiny|100\/100\n|turn|14\n|\n|t:|1700741820\n|switch|p2a: Salamence|Salamence, M|100\/100\n|move|p1a: Yoga|Earthquake|p2a: Salamence\n|-immune|p2a: Salamence\n|\n|-status|p1a: Yoga|brn|[from] item: Flame Orb\n|upkeep\n|turn|15\n|\n|t:|1700741832\n|move|p2a: Salamence|Dual Wingbeat|p1a: Yoga\n|-damage|p1a: Yoga|86\/100 brn\n|-crit|p1a: Yoga\n|-damage|p1a: Yoga|62\/100 brn\n|-hitcount|p1a: Yoga|2\n|move|p1a: Yoga|Bulk Up|p1a: Yoga\n|-boost|p1a: Yoga|atk|1\n|-boost|p1a: Yoga|def|1\n|\n|-damage|p1a: Yoga|56\/100 brn|[from] brn\n|upkeep\n|turn|16\n|\n|t:|1700741844\n|move|p2a: Salamence|Dragon Dance|p2a: Salamence\n|-boost|p2a: Salamence|atk|1\n|-boost|p2a: Salamence|spe|1\n|move|p1a: Yoga|Drain Punch|p2a: Salamence\n|-resisted|p2a: Salamence\n|-damage|p2a: Salamence|62\/100\n|-heal|p1a: Yoga|70\/100 brn|[from] drain|[of] p2a: Salamence\n|\n|-damage|p1a: Yoga|64\/100 brn|[from] brn\n|upkeep\n|turn|17\n|\n|t:|1700741853\n|move|p2a: Salamence|Dual Wingbeat|p1a: Yoga\n|-damage|p1a: Yoga|48\/100 brn\n|-damage|p1a: Yoga|31\/100 brn\n|-hitcount|p1a: Yoga|2\n|move|p1a: Yoga|Facade|p2a: Salamence\n|-damage|p2a: Salamence|0 fnt\n|faint|p2a: Salamence\n|\n|-damage|p1a: Yoga|25\/100 brn|[from] brn\n|upkeep\n|\n|t:|1700741862\n|switch|p2a: Iron Valiant|Iron Valiant|100\/100\n|-enditem|p2a: Iron Valiant|Booster Energy\n|-activate|p2a: Iron Valiant|ability: Quark Drive|[fromitem]\n|-start|p2a: Iron Valiant|quarkdrivespe\n|turn|18\n|\n|t:|1700741869\n|move|p2a: Iron Valiant|Aura Sphere|p1a: Yoga\n|-supereffective|p1a: Yoga\n|-damage|p1a: Yoga|0 fnt\n|faint|p1a: Yoga\n|\n|upkeep\n|\n|t:|1700741892\n|switch|p1a: Ryuk|Grimmsnarl, M, shiny|7\/100\n|turn|19\n|\n|t:|1700741905\n|move|p1a: Ryuk|Light Screen|p1a: Ryuk\n|-sidestart|p1: MR. REMORAIDD|move: Light Screen\n|move|p2a: Iron Valiant|Moonblast|p1a: Ryuk\n|-supereffective|p1a: Ryuk\n|-damage|p1a: Ryuk|0 fnt\n|faint|p1a: Ryuk\n|\n|upkeep\n|\n|t:|1700741911\n|switch|p1a: Gary|Goodra-Hisui, F|100\/100\n|turn|20\n|\n|t:|1700741920\n|move|p2a: Iron Valiant|Aura Sphere|p1a: Gary\n|-supereffective|p1a: Gary\n|-damage|p1a: Gary|84\/100\n|move|p1a: Gary|Flash Cannon|p2a: Iron Valiant\n|-supereffective|p2a: Iron Valiant\n|-damage|p2a: Iron Valiant|0 fnt\n|faint|p2a: Iron Valiant\n|-end|p2a: Iron Valiant|Quark Drive|[silent]\n|\n|upkeep\n|\n|t:|1700741931\n|switch|p2a: Gholdengo|Gholdengo|83\/100\n|turn|21\n|\n|t:|1700741936\n|move|p2a: Gholdengo|Shadow Ball|p1a: Gary\n|-damage|p1a: Gary|75\/100\n|move|p1a: Gary|Fire Blast|p2a: Gholdengo\n|-supereffective|p2a: Gholdengo\n|-damage|p2a: Gholdengo|0 fnt\n|faint|p2a: Gholdengo\n|\n|upkeep\n|\n|t:|1700741945\n|switch|p2a: Great Tusk|Great Tusk|100\/100\n|turn|22\n|\n|t:|1700741951\n|move|p2a: Great Tusk|Knock Off|p1a: Gary\n|-damage|p1a: Gary|43\/100\n|-enditem|p1a: Gary|Assault Vest|[from] move: Knock Off|[of] p2a: Great Tusk\n|move|p1a: Gary|Hydro Pump|p2a: Great Tusk\n|-supereffective|p2a: Great Tusk\n|-damage|p2a: Great Tusk|0 fnt\n|faint|p2a: Great Tusk\n|-end|p2a: Great Tusk|Protosynthesis|[silent]\n|\n|upkeep\n|\n|t:|1700741957\n|switch|p2a: Toxapex|Toxapex, M|67\/100\n|turn|23\n|\n|t:|1700741963\n|move|p2a: Toxapex|Baneful Bunker|p2a: Toxapex\n|-singleturn|p2a: Toxapex|move: Protect\n|move|p1a: Gary|Draco Meteor|p2a: Toxapex\n|-activate|p2a: Toxapex|move: Protect\n|\n|upkeep\n|turn|24\n|\n|t:|1700741970\n|move|p1a: Gary|Draco Meteor|p2a: Toxapex\n|-damage|p2a: Toxapex|15\/100\n|-unboost|p1a: Gary|spa|2\n|move|p2a: Toxapex|Surf|p1a: Gary\n|-resisted|p1a: Gary\n|-damage|p1a: Gary|40\/100\n|\n|upkeep\n|turn|25\n|\n|t:|1700741978\n|move|p1a: Gary|Flash Cannon|p2a: Toxapex\n|-resisted|p2a: Toxapex\n|-crit|p2a: Toxapex\n|-damage|p2a: Toxapex|0 fnt\n|faint|p2a: Toxapex\n|\n|win|MR. REMORAIDD\n|raw|MR. REMORAIDD's rating: 1087 &rarr; <strong>1118<\/strong><br \/>(+31 for winning)\n|raw|zwei thee stallion's rating: 1142 &rarr; <strong>1113<\/strong><br \/>(-29 for losing)\n|l|\u2606zwei thee stallion\n|c|\u2606MR. REMORAIDD|lets goooooo\n","uploadtime":1700742177,"views":1,"p1id":"mrremoraidd","p2id":"zweitheestallion","formatid":"gen9ou","rating":1113,"private":0,"password":""}