{"id":"gen9ou-1991866329","p1":"ThatIsThePerson","p2":"Cafecombolim","format":"[Gen 9] OU","log":"|j|\u2606ThatIsThePerson\n|j|\u2606Cafecombolim\n|t:|1700130744\n|gametype|singles\n|player|p1|ThatIsThePerson|169|1193\n|player|p2|Cafecombolim|baker|1234\n|teamsize|p1|6\n|teamsize|p2|6\n|gen|9\n|tier|[Gen 9] OU\n|rated|\n|rule|Sleep Clause Mod: Limit one foe put to sleep\n|rule|Species Clause: Limit one of each Pok\u00e9mon\n|rule|OHKO Clause: OHKO moves are banned\n|rule|Evasion Items Clause: Evasion items are banned\n|rule|Evasion Moves Clause: Evasion moves are banned\n|rule|Endless Battle Clause: Forcing endless battles is banned\n|rule|HP Percentage Mod: HP is shown in percentages\n|clearpoke\n|poke|p1|Moltres|\n|poke|p1|Clodsire, M|\n|poke|p1|Iron Valiant|\n|poke|p1|Crawdaunt, F|\n|poke|p1|Gholdengo|\n|poke|p1|Thundurus-Therian, M|\n|poke|p2|Iron Hands|\n|poke|p2|Ninetales-Alola, F|\n|poke|p2|Enamorus, F|\n|poke|p2|Corviknight, M|\n|poke|p2|Heatran, F|\n|poke|p2|Meowscarada, F|\n|teampreview\n|inactive|Battle timer is ON: inactive players will automatically lose when time's up. (requested by ThatIsThePerson)\n|\n|t:|1700130760\n|start\n|switch|p1a: Moltres|Moltres|100\/100\n|switch|p2a: Meowscarada|Meowscarada, F|100\/100\n|turn|1\n|\n|t:|1700130778\n|switch|p2a: Heatran|Heatran, F|100\/100\n|move|p1a: Moltres|Hurricane|p2a: Heatran\n|-resisted|p2a: Heatran\n|-damage|p2a: Heatran|88\/100\n|\n|-heal|p2a: Heatran|94\/100|[from] item: Leftovers\n|upkeep\n|turn|2\n|\n|t:|1700130791\n|switch|p1a: Clodsire|Clodsire, M|100\/100\n|move|p2a: Heatran|Stealth Rock|p1a: Clodsire\n|-sidestart|p1: ThatIsThePerson|move: Stealth Rock\n|\n|-heal|p2a: Heatran|99\/100|[from] item: Leftovers\n|upkeep\n|turn|3\n|\n|t:|1700130801\n|switch|p2a: Corviknight|Corviknight, M|100\/100\n|-ability|p2a: Corviknight|Pressure\n|move|p1a: Clodsire|Stealth Rock|p2a: Corviknight\n|-sidestart|p2: Cafecombolim|move: Stealth Rock\n|\n|upkeep\n|turn|4\n|\n|t:|1700130825\n|switch|p1a: Moltres|Moltres|100\/100\n|move|p2a: Corviknight|U-turn|p1a: Moltres\n|-resisted|p1a: Moltres\n|-damage|p1a: Moltres|98\/100\n|\n|t:|1700130839\n|switch|p2a: Ninetales|Ninetales-Alola, F|100\/100|[from] U-turn\n|-damage|p2a: Ninetales|76\/100|[from] Stealth Rock\n|-weather|Snow|[from] ability: Snow Warning|[of] p2a: Ninetales\n|\n|-weather|Snow|[upkeep]\n|upkeep\n|turn|5\n|\n|t:|1700130860\n|move|p2a: Ninetales|Aurora Veil|p2a: Ninetales\n|-sidestart|p2: Cafecombolim|move: Aurora Veil\n|move|p1a: Moltres|Flamethrower|p2a: Ninetales\n|-supereffective|p2a: Ninetales\n|-damage|p2a: Ninetales|39\/100\n|\n|-weather|Snow|[upkeep]\n|upkeep\n|turn|6\n|\n|t:|1700130868\n|switch|p2a: Heatran|Heatran, F|99\/100\n|-damage|p2a: Heatran|88\/100|[from] Stealth Rock\n|move|p1a: Moltres|U-turn|p2a: Heatran\n|-resisted|p2a: Heatran\n|-damage|p2a: Heatran|86\/100\n|inactive|ThatIsThePerson has 120 seconds left.\n|\n|t:|1700130888\n|switch|p1a: Crawdaunt|Crawdaunt, F|100\/100|[from] U-turn\n|-damage|p1a: Crawdaunt|88\/100|[from] Stealth Rock\n|\n|-weather|Snow|[upkeep]\n|-heal|p2a: Heatran|92\/100|[from] item: Leftovers\n|upkeep\n|turn|7\n|\n|t:|1700130897\n|move|p1a: Crawdaunt|Crabhammer|p2a: Heatran\n|-supereffective|p2a: Heatran\n|-damage|p2a: Heatran|1\/100\n|move|p2a: Heatran|Magma Storm|p1a: Crawdaunt\n|-resisted|p1a: Crawdaunt\n|-damage|p1a: Crawdaunt|43\/100\n|-activate|p1a: Crawdaunt|move: Magma Storm|[of] p2a: Heatran\n|\n|-weather|Snow|[upkeep]\n|-heal|p2a: Heatran|7\/100|[from] item: Leftovers\n|-damage|p1a: Crawdaunt|31\/100|[from] move: Magma Storm|[partiallytrapped]\n|upkeep\n|turn|8\n|\n|t:|1700130908\n|move|p2a: Heatran|Protect|p2a: Heatran\n|-singleturn|p2a: Heatran|Protect\n|move|p1a: Crawdaunt|Crabhammer|p2a: Heatran\n|-activate|p2a: Heatran|move: Protect\n|\n|-weather|none\n|-heal|p2a: Heatran|13\/100|[from] item: Leftovers\n|-damage|p1a: Crawdaunt|18\/100|[from] move: Magma Storm|[partiallytrapped]\n|upkeep\n|turn|9\n|\n|t:|1700130918\n|switch|p2a: Meowscarada|Meowscarada, F|100\/100\n|-damage|p2a: Meowscarada|88\/100|[from] Stealth Rock\n|move|p1a: Crawdaunt|Crabhammer|p2a: Meowscarada\n|-resisted|p2a: Meowscarada\n|-damage|p2a: Meowscarada|44\/100\n|\n|-end|p1a: Crawdaunt|Magma Storm|[partiallytrapped]|[silent]\n|upkeep\n|turn|10\n|\n|t:|1700130931\n|switch|p1a: Moltres|Moltres|98\/100\n|move|p2a: Meowscarada|U-turn|p1a: Moltres\n|-start|p2a: Meowscarada|typechange|Bug|[from] ability: Protean\n|-resisted|p1a: Moltres\n|-damage|p1a: Moltres|93\/100\n|\n|t:|1700130941\n|switch|p2a: Corviknight|Corviknight, M|100\/100|[from] U-turn\n|-damage|p2a: Corviknight|88\/100|[from] Stealth Rock\n|-ability|p2a: Corviknight|Pressure\n|\n|upkeep\n|turn|11\n|\n|t:|1700130951\n|move|p1a: Moltres|Flamethrower|p2a: Corviknight\n|-supereffective|p2a: Corviknight\n|-damage|p2a: Corviknight|50\/100\n|move|p2a: Corviknight|Defog|p1a: Moltres\n|-unboost|p1a: Moltres|evasion|1\n|-sideend|p1: ThatIsThePerson|Stealth Rock|[from] move: Defog|[of] p2a: Corviknight\n|-sideend|p2: Cafecombolim|Stealth Rock|[from] move: Defog|[of] p2a: Corviknight\n|\n|upkeep\n|turn|12\n|\n|t:|1700130958\n|move|p1a: Moltres|U-turn|p2a: Corviknight\n|-resisted|p2a: Corviknight\n|-damage|p2a: Corviknight|49\/100\n|-damage|p1a: Moltres|76\/100|[from] item: Rocky Helmet|[of] p2a: Corviknight\n|\n|t:|1700130969\n|switch|p1a: Crawdaunt|Crawdaunt, F|18\/100|[from] U-turn\n|move|p2a: Corviknight|Roost|p2a: Corviknight\n|-heal|p2a: Corviknight|99\/100\n|-singleturn|p2a: Corviknight|move: Roost\n|\n|-sideend|p2: Cafecombolim|move: Aurora Veil\n|upkeep\n|turn|13\n|\n|t:|1700130975\n|move|p1a: Crawdaunt|Knock Off|p2a: Corviknight\n|-damage|p2a: Corviknight|39\/100\n|-damage|p1a: Crawdaunt|2\/100|[from] item: Rocky Helmet|[of] p2a: Corviknight\n|-enditem|p2a: Corviknight|Rocky Helmet|[from] move: Knock Off|[of] p1a: Crawdaunt\n|move|p2a: Corviknight|U-turn|p1a: Crawdaunt\n|-supereffective|p1a: Crawdaunt\n|-crit|p1a: Crawdaunt\n|-damage|p1a: Crawdaunt|0 fnt\n|faint|p1a: Crawdaunt\n|\n|t:|1700131005\n|switch|p2a: Enamorus|Enamorus, F|100\/100|[from] U-turn\n|\n|upkeep\n|\n|t:|1700131015\n|switch|p1a: Clodsire|Clodsire, M|100\/100\n|turn|14\n|\n|t:|1700131023\n|move|p2a: Enamorus|Earth Power|p1a: Clodsire\n|-supereffective|p1a: Clodsire\n|-damage|p1a: Clodsire|52\/100\n|move|p1a: Clodsire|Stealth Rock|p2a: Enamorus\n|-sidestart|p2: Cafecombolim|move: Stealth Rock\n|\n|-heal|p1a: Clodsire|58\/100|[from] item: Leftovers\n|upkeep\n|turn|15\n|\n|t:|1700131034\n|switch|p2a: Corviknight|Corviknight, M|39\/100\n|-damage|p2a: Corviknight|27\/100|[from] Stealth Rock\n|-ability|p2a: Corviknight|Pressure\n|switch|p1a: Thundurus|Thundurus-Therian, M|100\/100\n|\n|upkeep\n|turn|16\n|\n|t:|1700131044\n|switch|p2a: Iron Hands|Iron Hands|100\/100\n|-damage|p2a: Iron Hands|94\/100|[from] Stealth Rock\n|move|p1a: Thundurus|Volt Switch|p2a: Iron Hands\n|-resisted|p2a: Iron Hands\n|-damage|p2a: Iron Hands|67\/100\n|\n|t:|1700131056\n|switch|p1a: Iron Valiant|Iron Valiant|100\/100|[from] Volt Switch\n|-enditem|p1a: Iron Valiant|Booster Energy\n|-activate|p1a: Iron Valiant|ability: Quark Drive|[fromitem]\n|-start|p1a: Iron Valiant|quarkdrivespe\n|\n|-heal|p2a: Iron Hands|73\/100|[from] item: Leftovers\n|upkeep\n|turn|17\n|\n|t:|1700131059\n|-terastallize|p2a: Iron Hands|Flying\n|move|p1a: Iron Valiant|Close Combat|p2a: Iron Hands\n|-resisted|p2a: Iron Hands\n|-damage|p2a: Iron Hands|53\/100\n|-unboost|p1a: Iron Valiant|def|1\n|-unboost|p1a: Iron Valiant|spd|1\n|move|p2a: Iron Hands|Heavy Slam|p1a: Iron Valiant\n|-supereffective|p1a: Iron Valiant\n|-damage|p1a: Iron Valiant|0 fnt\n|faint|p1a: Iron Valiant\n|-end|p1a: Iron Valiant|Quark Drive|[silent]\n|\n|-heal|p2a: Iron Hands|59\/100|[from] item: Leftovers\n|upkeep\n|\n|t:|1700131069\n|switch|p1a: Moltres|Moltres|76\/100\n|turn|18\n|\n|t:|1700131078\n|move|p1a: Moltres|Hurricane|p2a: Iron Hands\n|-crit|p2a: Iron Hands\n|-damage|p2a: Iron Hands|2\/100\n|move|p2a: Iron Hands|Thunder Punch|p1a: Moltres\n|-supereffective|p1a: Moltres\n|-damage|p1a: Moltres|9\/100\n|\n|-heal|p2a: Iron Hands|8\/100|[from] item: Leftovers\n|upkeep\n|turn|19\n|\n|t:|1700131089\n|move|p1a: Moltres|U-turn|p2a: Iron Hands\n|-resisted|p2a: Iron Hands\n|-damage|p2a: Iron Hands|4\/100\n|\n|t:|1700131093\n|switch|p1a: Clodsire|Clodsire, M|58\/100|[from] U-turn\n|move|p2a: Iron Hands|Thunder Punch|p1a: Clodsire\n|-immune|p1a: Clodsire\n|\n|-heal|p2a: Iron Hands|10\/100|[from] item: Leftovers\n|-heal|p1a: Clodsire|64\/100|[from] item: Leftovers\n|upkeep\n|turn|20\n|\n|t:|1700131101\n|move|p2a: Iron Hands|Drain Punch|p1a: Clodsire\n|-resisted|p1a: Clodsire\n|-damage|p1a: Clodsire|39\/100\n|-heal|p2a: Iron Hands|21\/100|[from] drain|[of] p1a: Clodsire\n|move|p1a: Clodsire|Recover|p1a: Clodsire\n|-heal|p1a: Clodsire|89\/100\n|\n|-heal|p2a: Iron Hands|28\/100|[from] item: Leftovers\n|-heal|p1a: Clodsire|96\/100|[from] item: Leftovers\n|upkeep\n|turn|21\n|\n|t:|1700131108\n|move|p2a: Iron Hands|Swords Dance|p2a: Iron Hands\n|-boost|p2a: Iron Hands|atk|2\n|move|p1a: Clodsire|Toxic|p2a: Iron Hands\n|-status|p2a: Iron Hands|tox\n|\n|-heal|p2a: Iron Hands|34\/100 tox|[from] item: Leftovers\n|-heal|p1a: Clodsire|100\/100|[from] item: Leftovers\n|-damage|p2a: Iron Hands|28\/100 tox|[from] psn\n|upkeep\n|turn|22\n|\n|t:|1700131116\n|switch|p1a: Gholdengo|Gholdengo|100\/100\n|move|p2a: Iron Hands|Drain Punch|p1a: Gholdengo\n|-immune|p1a: Gholdengo\n|\n|-heal|p2a: Iron Hands|34\/100 tox|[from] item: Leftovers\n|-damage|p2a: Iron Hands|21\/100 tox|[from] psn\n|upkeep\n|turn|23\n|\n|t:|1700131128\n|move|p1a: Gholdengo|Shadow Ball|p2a: Iron Hands\n|-damage|p2a: Iron Hands|0 fnt\n|faint|p2a: Iron Hands\n|-end|p2a: Iron Hands|Quark Drive|[silent]\n|\n|upkeep\n|\n|t:|1700131137\n|switch|p2a: Meowscarada|Meowscarada, F|44\/100\n|-damage|p2a: Meowscarada|32\/100|[from] Stealth Rock\n|turn|24\n|\n|t:|1700131160\n|-terastallize|p1a: Gholdengo|Fighting\n|move|p2a: Meowscarada|Knock Off|p1a: Gholdengo\n|-start|p2a: Meowscarada|typechange|Dark|[from] ability: Protean\n|-resisted|p1a: Gholdengo\n|-damage|p1a: Gholdengo|73\/100\n|-enditem|p1a: Gholdengo|Covert Cloak|[from] move: Knock Off|[of] p2a: Meowscarada\n|move|p1a: Gholdengo|Make It Rain|p2a: Meowscarada\n|-damage|p2a: Meowscarada|0 fnt\n|-unboost|p1a: Gholdengo|spa|1\n|faint|p2a: Meowscarada\n|\n|upkeep\n|\n|t:|1700131175\n|switch|p2a: Corviknight|Corviknight, M|27\/100\n|-damage|p2a: Corviknight|15\/100|[from] Stealth Rock\n|-ability|p2a: Corviknight|Pressure\n|turn|25\n|\n|t:|1700131184\n|move|p1a: Gholdengo|Shadow Ball|p2a: Corviknight\n|-damage|p2a: Corviknight|0 fnt\n|faint|p2a: Corviknight\n|\n|upkeep\n|\n|t:|1700131189\n|switch|p2a: Enamorus|Enamorus, F|100\/100\n|-damage|p2a: Enamorus|76\/100|[from] Stealth Rock\n|turn|26\n|\n|t:|1700131197\n|move|p2a: Enamorus|Moonblast|p1a: Gholdengo\n|-supereffective|p1a: Gholdengo\n|-damage|p1a: Gholdengo|0 fnt\n|faint|p1a: Gholdengo\n|\n|upkeep\n|\n|t:|1700131202\n|switch|p1a: Thundurus|Thundurus-Therian, M|100\/100\n|turn|27\n|\n|t:|1700131210\n|move|p2a: Enamorus|Moonblast|p1a: Thundurus\n|-damage|p1a: Thundurus|0 fnt\n|faint|p1a: Thundurus\n|\n|upkeep\n|\n|t:|1700131213\n|switch|p1a: Clodsire|Clodsire, M|100\/100\n|turn|28\n|\n|t:|1700131226\n|switch|p2a: Heatran|Heatran, F|13\/100\n|-damage|p2a: Heatran|1\/100|[from] Stealth Rock\n|switch|p1a: Moltres|Moltres|9\/100\n|\n|-heal|p2a: Heatran|7\/100|[from] item: Leftovers\n|upkeep\n|turn|29\n|\n|t:|1700131233\n|move|p2a: Heatran|Protect|p2a: Heatran\n|-singleturn|p2a: Heatran|Protect\n|move|p1a: Moltres|Hurricane|p2a: Heatran\n|-activate|p2a: Heatran|move: Protect\n|\n|-heal|p2a: Heatran|13\/100|[from] item: Leftovers\n|upkeep\n|turn|30\n|\n|t:|1700131242\n|move|p1a: Moltres|Hurricane|p2a: Heatran\n|-resisted|p2a: Heatran\n|-damage|p2a: Heatran|0 fnt\n|faint|p2a: Heatran\n|\n|upkeep\n|\n|t:|1700131249\n|switch|p2a: Ninetales|Ninetales-Alola, F|39\/100\n|-damage|p2a: Ninetales|15\/100|[from] Stealth Rock\n|-weather|Snow|[from] ability: Snow Warning|[of] p2a: Ninetales\n|turn|31\n|\n|t:|1700131263\n|move|p2a: Ninetales|Freeze-Dry|p1a: Moltres\n|-damage|p1a: Moltres|0 fnt\n|faint|p1a: Moltres\n|\n|-weather|Snow|[upkeep]\n|upkeep\n|\n|t:|1700131265\n|switch|p1a: Clodsire|Clodsire, M|100\/100\n|turn|32\n|\n|t:|1700131270\n|move|p2a: Ninetales|Aurora Veil|p2a: Ninetales\n|-sidestart|p2: Cafecombolim|move: Aurora Veil\n|move|p1a: Clodsire|Toxic|p2a: Ninetales\n|-status|p2a: Ninetales|tox\n|\n|-weather|Snow|[upkeep]\n|-damage|p2a: Ninetales|9\/100 tox|[from] psn\n|upkeep\n|turn|33\n|\n|t:|1700131277\n|move|p2a: Ninetales|Freeze-Dry|p1a: Clodsire\n|-supereffective|p1a: Clodsire\n|-damage|p1a: Clodsire|79\/100\n|move|p1a: Clodsire|Recover|p1a: Clodsire\n|-heal|p1a: Clodsire|100\/100\n|\n|-weather|Snow|[upkeep]\n|-damage|p2a: Ninetales|0 fnt|[from] psn\n|faint|p2a: Ninetales\n|upkeep\n|\n|t:|1700131284\n|switch|p2a: Enamorus|Enamorus, F|76\/100\n|-damage|p2a: Enamorus|51\/100|[from] Stealth Rock\n|turn|34\n|\n|t:|1700131287\n|move|p2a: Enamorus|Earth Power|p1a: Clodsire\n|-supereffective|p1a: Clodsire\n|-damage|p1a: Clodsire|52\/100\n|move|p1a: Clodsire|Toxic|p2a: Enamorus\n|-status|p2a: Enamorus|tox\n|\n|-weather|Snow|[upkeep]\n|-heal|p1a: Clodsire|58\/100|[from] item: Leftovers\n|-damage|p2a: Enamorus|44\/100 tox|[from] psn\n|upkeep\n|turn|35\n|\n|t:|1700131291\n|move|p2a: Enamorus|Earth Power|p1a: Clodsire\n|-supereffective|p1a: Clodsire\n|-damage|p1a: Clodsire|9\/100\n|move|p1a: Clodsire|Recover|p1a: Clodsire\n|-heal|p1a: Clodsire|59\/100\n|\n|-weather|none\n|-heal|p1a: Clodsire|66\/100|[from] item: Leftovers\n|-damage|p2a: Enamorus|32\/100 tox|[from] psn\n|upkeep\n|turn|36\n|\n|t:|1700131299\n|move|p2a: Enamorus|Earth Power|p1a: Clodsire\n|-supereffective|p1a: Clodsire\n|-damage|p1a: Clodsire|13\/100\n|move|p1a: Clodsire|Recover|p1a: Clodsire\n|-heal|p1a: Clodsire|63\/100\n|\n|-heal|p1a: Clodsire|69\/100|[from] item: Leftovers\n|-damage|p2a: Enamorus|13\/100 tox|[from] psn\n|upkeep\n|turn|37\n|\n|t:|1700131307\n|move|p2a: Enamorus|Earth Power|p1a: Clodsire\n|-supereffective|p1a: Clodsire\n|-damage|p1a: Clodsire|19\/100\n|-unboost|p1a: Clodsire|spd|1\n|move|p1a: Clodsire|Recover|p1a: Clodsire\n|-heal|p1a: Clodsire|69\/100\n|\n|-heal|p1a: Clodsire|75\/100|[from] item: Leftovers\n|-damage|p2a: Enamorus|0 fnt|[from] psn\n|faint|p2a: Enamorus\n|\n|win|ThatIsThePerson\n|upkeep\n|raw|ThatIsThePerson's rating: 1193 &rarr; <strong>1221<\/strong><br \/>(+28 for winning)\n|raw|Cafecombolim's rating: 1234 &rarr; <strong>1206<\/strong><br \/>(-28 for losing)\n|c|\u2606Cafecombolim|Gg\n|c|\u2606ThatIsThePerson|Gg\n|l|\u2606Cafecombolim\n","uploadtime":1700131335,"views":12,"p1id":"thatistheperson","p2id":"cafecombolim","formatid":"gen9ou","rating":1206,"private":0,"password":""}