{"id":"gen9ou-1996340262","p1":"Bryce James","p2":"minosprimeyaoi","format":"[Gen 9] OU","log":"|j|\u2606Bryce James\n|j|\u2606minosprimeyaoi\n|t:|1700672751\n|gametype|singles\n|player|p1|Bryce James|hoopster|1056\n|player|p2|minosprimeyaoi|swimmerf-gen4|1103\n|teamsize|p1|6\n|teamsize|p2|6\n|gen|9\n|tier|[Gen 9] OU\n|rated|\n|rule|Sleep Clause Mod: Limit one foe put to sleep\n|rule|Species Clause: Limit one of each Pok\u00e9mon\n|rule|OHKO Clause: OHKO moves are banned\n|rule|Evasion Items Clause: Evasion items are banned\n|rule|Evasion Moves Clause: Evasion moves are banned\n|rule|Endless Battle Clause: Forcing endless battles is banned\n|rule|HP Percentage Mod: HP is shown in percentages\n|clearpoke\n|poke|p1|Garganacl, M|\n|poke|p1|Ogerpon-Wellspring, F|\n|poke|p1|Ting-Lu|\n|poke|p1|Zamazenta-*|\n|poke|p1|Corviknight, M|\n|poke|p1|Iron Moth|\n|poke|p2|Tornadus-Therian, M|\n|poke|p2|Iron Leaves|\n|poke|p2|Iron Moth|\n|poke|p2|Kommo-o, F|\n|poke|p2|Morpeko, M|\n|poke|p2|Kingambit, F|\n|teampreview\n|inactive|Battle timer is ON: inactive players will automatically lose when time's up. (requested by minosprimeyaoi)\n|\n|t:|1700672762\n|start\n|switch|p1a: Zamazenta|Zamazenta|100\/100\n|switch|p2a: Snoop Dog Stopped|Iron Leaves|100\/100\n|-ability|p1a: Zamazenta|Dauntless Shield|boost\n|-boost|p1a: Zamazenta|def|1\n|turn|1\n|\n|t:|1700672766\n|move|p1a: Zamazenta|Crunch|p2a: Snoop Dog Stopped\n|-supereffective|p2a: Snoop Dog Stopped\n|-damage|p2a: Snoop Dog Stopped|14\/100\n|move|p2a: Snoop Dog Stopped|Electric Terrain|p2a: Snoop Dog Stopped\n|-fieldstart|move: Electric Terrain\n|-activate|p2a: Snoop Dog Stopped|ability: Quark Drive\n|-start|p2a: Snoop Dog Stopped|quarkdrivespe\n|\n|upkeep\n|turn|2\n|\n|t:|1700672771\n|move|p2a: Snoop Dog Stopped|Psyblade|p1a: Zamazenta\n|-supereffective|p1a: Zamazenta\n|-damage|p1a: Zamazenta|20\/100\n|move|p1a: Zamazenta|Crunch|p2a: Snoop Dog Stopped\n|-supereffective|p2a: Snoop Dog Stopped\n|-damage|p2a: Snoop Dog Stopped|0 fnt\n|faint|p2a: Snoop Dog Stopped\n|-end|p2a: Snoop Dog Stopped|Quark Drive|[silent]\n|\n|upkeep\n|\n|t:|1700672784\n|switch|p2a: i wish i could|Iron Moth|100\/100\n|-activate|p2a: i wish i could|ability: Quark Drive\n|-start|p2a: i wish i could|quarkdrivespa\n|turn|3\n|\n|t:|1700672793\n|move|p1a: Zamazenta|Crunch|p2a: i wish i could\n|-damage|p2a: i wish i could|30\/100\n|move|p2a: i wish i could|Sludge Wave|p1a: Zamazenta\n|-damage|p1a: Zamazenta|0 fnt\n|faint|p1a: Zamazenta\n|\n|upkeep\n|\n|t:|1700672805\n|switch|p1a: Ogerpon|Ogerpon-Wellspring, F|100\/100\n|turn|4\n|\n|t:|1700672812\n|move|p2a: i wish i could|Sludge Wave|p1a: Ogerpon\n|-supereffective|p1a: Ogerpon\n|-crit|p1a: Ogerpon\n|-damage|p1a: Ogerpon|0 fnt\n|faint|p1a: Ogerpon\n|\n|upkeep\n|\n|t:|1700672817\n|switch|p1a: Ting-Lu|Ting-Lu|100\/100\n|-ability|p1a: Ting-Lu|Vessel of Ruin\n|turn|5\n|\n|t:|1700672821\n|move|p2a: i wish i could|Morning Sun|p2a: i wish i could\n|-heal|p2a: i wish i could|80\/100\n|move|p1a: Ting-Lu|Spikes|p2a: i wish i could\n|-sidestart|p2: minosprimeyaoi|Spikes\n|\n|upkeep\n|turn|6\n|\n|t:|1700672826\n|move|p2a: i wish i could|Toxic Spikes|p1a: Ting-Lu\n|-sidestart|p1: Bryce James|move: Toxic Spikes\n|move|p1a: Ting-Lu|Earthquake|p2a: i wish i could\n|-supereffective|p2a: i wish i could\n|-damage|p2a: i wish i could|0 fnt\n|faint|p2a: i wish i could\n|-end|p2a: i wish i could|Quark Drive|[silent]\n|\n|upkeep\n|\n|t:|1700672837\n|switch|p2a: My Little Morepeko|Morpeko, M, shiny|100\/100\n|-damage|p2a: My Little Morepeko|88\/100|[from] Spikes\n|turn|7\n|\n|t:|1700672841\n|move|p2a: My Little Morepeko|Rapid Spin|p1a: Ting-Lu\n|-damage|p1a: Ting-Lu|90\/100\n|-boost|p2a: My Little Morepeko|spe|1\n|-sideend|p2: minosprimeyaoi|Spikes|[from] move: Rapid Spin|[of] p2a: My Little Morepeko\n|-damage|p2a: My Little Morepeko|78\/100|[from] item: Life Orb\n|move|p1a: Ting-Lu|Earthquake|p2a: My Little Morepeko\n|-supereffective|p2a: My Little Morepeko\n|-damage|p2a: My Little Morepeko|0 fnt\n|faint|p2a: My Little Morepeko\n|\n|upkeep\n|\n|t:|1700672845\n|switch|p2a: Kum Creature|Kommo-o, F|100\/100\n|turn|8\n|\n|t:|1700672847\n|move|p2a: Kum Creature|Clangorous Soul|p2a: Kum Creature\n|-boost|p2a: Kum Creature|atk|1\n|-boost|p2a: Kum Creature|def|1\n|-boost|p2a: Kum Creature|spa|1\n|-boost|p2a: Kum Creature|spd|1\n|-boost|p2a: Kum Creature|spe|1\n|-damage|p2a: Kum Creature|68\/100\n|-enditem|p2a: Kum Creature|Throat Spray\n|-boost|p2a: Kum Creature|spa|1|[from] item: Throat Spray\n|move|p1a: Ting-Lu|Whirlwind|p2a: Kum Creature\n|drag|p2a: Tornado Twister|Tornadus-Therian, M|100\/100\n|\n|-fieldend|move: Electric Terrain\n|upkeep\n|turn|9\n|\n|t:|1700672861\n|move|p2a: Tornado Twister|Focus Blast|p1a: Ting-Lu\n|-supereffective|p1a: Ting-Lu\n|-damage|p1a: Ting-Lu|38\/100\n|move|p1a: Ting-Lu|Ruination|p2a: Tornado Twister\n|-damage|p2a: Tornado Twister|51\/100\n|\n|upkeep\n|turn|10\n|\n|t:|1700672865\n|move|p2a: Tornado Twister|Focus Blast|p1a: Ting-Lu\n|-supereffective|p1a: Ting-Lu\n|-damage|p1a: Ting-Lu|0 fnt\n|faint|p1a: Ting-Lu\n|\n|upkeep\n|\n|t:|1700672867\n|switch|p1a: Corviknight|Corviknight, M|100\/100\n|turn|11\n|\n|t:|1700672871\n|move|p2a: Tornado Twister|Focus Blast|p1a: Corviknight|[miss]\n|-miss|p2a: Tornado Twister|p1a: Corviknight\n|move|p1a: Corviknight|Defog|p2a: Tornado Twister\n|-unboost|p2a: Tornado Twister|evasion|1\n|-sideend|p1: Bryce James|Toxic Spikes|[from] move: Defog|[of] p1a: Corviknight\n|\n|upkeep\n|turn|12\n|\n|t:|1700672874\n|move|p2a: Tornado Twister|Focus Blast|p1a: Corviknight|[miss]\n|-miss|p2a: Tornado Twister|p1a: Corviknight\n|move|p1a: Corviknight|Iron Defense|p1a: Corviknight\n|-boost|p1a: Corviknight|def|2\n|\n|upkeep\n|turn|13\n|\n|t:|1700672876\n|move|p2a: Tornado Twister|Focus Blast|p1a: Corviknight|[miss]\n|-miss|p2a: Tornado Twister|p1a: Corviknight\n|move|p1a: Corviknight|Iron Defense|p1a: Corviknight\n|-boost|p1a: Corviknight|def|2\n|\n|upkeep\n|turn|14\n|\n|t:|1700672879\n|move|p2a: Tornado Twister|Focus Blast|p1a: Corviknight\n|-damage|p1a: Corviknight|61\/100\n|move|p1a: Corviknight|Iron Defense|p1a: Corviknight\n|-boost|p1a: Corviknight|def|2\n|\n|-heal|p1a: Corviknight|67\/100|[from] item: Leftovers\n|upkeep\n|turn|15\n|\n|t:|1700672881\n|move|p2a: Tornado Twister|Focus Blast|p1a: Corviknight\n|-damage|p1a: Corviknight|28\/100\n|move|p1a: Corviknight|Body Press|p2a: Tornado Twister\n|-resisted|p2a: Tornado Twister\n|-damage|p2a: Tornado Twister|0 fnt\n|faint|p2a: Tornado Twister\n|\n|-heal|p1a: Corviknight|34\/100|[from] item: Leftovers\n|upkeep\n|\n|t:|1700672887\n|switch|p2a: Kum Creature|Kommo-o, F|68\/100\n|turn|16\n|\n|t:|1700672892\n|-terastallize|p1a: Corviknight|Flying\n|move|p2a: Kum Creature|Flamethrower|p1a: Corviknight\n|-damage|p1a: Corviknight|15\/100\n|move|p1a: Corviknight|Body Press|p2a: Kum Creature\n|-crit|p2a: Kum Creature\n|-damage|p2a: Kum Creature|0 fnt\n|faint|p2a: Kum Creature\n|\n|-heal|p1a: Corviknight|21\/100|[from] item: Leftovers\n|upkeep\n|\n|t:|1700672896\n|switch|p2a: yeaH.|Kingambit, F|100\/100\n|-activate|p2a: yeaH.|ability: Supreme Overlord\n|-start|p2a: yeaH.|fallen5|[silent]\n|turn|17\n|\n|t:|1700672900\n|move|p2a: yeaH.|Sucker Punch|p1a: Corviknight\n|-crit|p1a: Corviknight\n|-damage|p1a: Corviknight|0 fnt\n|faint|p1a: Corviknight\n|\n|upkeep\n|\n|t:|1700672905\n|switch|p1a: Garganacl|Garganacl, M|100\/100\n|turn|18\n|\n|t:|1700672909\n|move|p2a: yeaH.|Iron Head|p1a: Garganacl\n|-supereffective|p1a: Garganacl\n|-crit|p1a: Garganacl\n|-damage|p1a: Garganacl|0 fnt\n|faint|p1a: Garganacl\n|\n|upkeep\n|\n|t:|1700672911\n|switch|p1a: Iron Moth|Iron Moth|100\/100\n|-enditem|p1a: Iron Moth|Booster Energy\n|-activate|p1a: Iron Moth|ability: Quark Drive|[fromitem]\n|-start|p1a: Iron Moth|quarkdrivespa\n|turn|19\n|\n|t:|1700672915\n|-terastallize|p2a: yeaH.|Fairy\n|move|p1a: Iron Moth|Fiery Dance|p2a: yeaH.\n|-damage|p2a: yeaH.|48\/100\n|move|p2a: yeaH.|Kowtow Cleave|p1a: Iron Moth\n|-damage|p1a: Iron Moth|0 fnt\n|faint|p1a: Iron Moth\n|-end|p1a: Iron Moth|Quark Drive|[silent]\n|\n|win|minosprimeyaoi\n|raw|Bryce James's rating: 1056 &rarr; <strong>1040<\/strong><br \/>(-16 for losing)\n|raw|minosprimeyaoi's rating: 1103 &rarr; <strong>1125<\/strong><br \/>(+22 for winning)\n","uploadtime":1700672921,"views":1,"p1id":"brycejames","p2id":"minosprimeyaoi","formatid":"gen9ou","rating":1040,"private":0,"password":""}