{"id":"gen9ou-1991669200","p1":"RepeatUntilTired3","p2":"bd00","format":"[Gen 9] OU","log":"|j|\u2606RepeatUntilTired3\n|j|\u2606bd00\n|t:|1700100611\n|gametype|singles\n|player|p1|RepeatUntilTired3|marlon|1322\n|player|p2|bd00|aromalady|1321\n|teamsize|p1|6\n|teamsize|p2|6\n|gen|9\n|tier|[Gen 9] OU\n|rated|\n|rule|Sleep Clause Mod: Limit one foe put to sleep\n|rule|Species Clause: Limit one of each Pok\u00e9mon\n|rule|OHKO Clause: OHKO moves are banned\n|rule|Evasion Items Clause: Evasion items are banned\n|rule|Evasion Moves Clause: Evasion moves are banned\n|rule|Endless Battle Clause: Forcing endless battles is banned\n|rule|HP Percentage Mod: HP is shown in percentages\n|clearpoke\n|poke|p1|Basculegion-F, F|\n|poke|p1|Iron Treads|\n|poke|p1|Tornadus-Therian, M|\n|poke|p1|Pelipper, M|\n|poke|p1|Clodsire, M|\n|poke|p1|Samurott-Hisui, M|\n|poke|p2|Dragapult, F|\n|poke|p2|Zamazenta-*|\n|poke|p2|Corviknight, F|\n|poke|p2|Slowking-Galar, M|\n|poke|p2|Ting-Lu|\n|poke|p2|Cryogonal|\n|teampreview\n|inactive|Battle timer is ON: inactive players will automatically lose when time's up. (requested by RepeatUntilTired3)\n|\n|t:|1700100642\n|start\n|switch|p1a: Clodsire|Clodsire, M|100\/100\n|switch|p2a: Corviknight|Corviknight, F|100\/100\n|-ability|p2a: Corviknight|Pressure\n|turn|1\n|inactive|bd00 has 120 seconds left.\n|\n|t:|1700100676\n|move|p2a: Corviknight|U-turn|p1a: Clodsire\n|-resisted|p1a: Clodsire\n|-crit|p1a: Clodsire\n|-damage|p1a: Clodsire|93\/100\n|inactive|bd00 has 120 seconds left.\n|\n|t:|1700100683\n|switch|p2a: Slowking|Slowking-Galar, M|100\/100|[from] U-turn\n|move|p1a: Clodsire|Stealth Rock|p2a: Slowking\n|-sidestart|p2: bd00|move: Stealth Rock\n|\n|-heal|p1a: Clodsire|99\/100|[from] item: Leftovers\n|upkeep\n|turn|2\n|\n|t:|1700100689\n|move|p2a: Slowking|Future Sight|p1a: Clodsire\n|-start|p2a: Slowking|move: Future Sight\n|move|p1a: Clodsire|Spikes|p2a: Slowking\n|-sidestart|p2: bd00|Spikes\n|\n|-heal|p1a: Clodsire|100\/100|[from] item: Leftovers\n|upkeep\n|turn|3\n|\n|t:|1700100701\n|move|p2a: Slowking|Chilly Reception|p2a: Slowking\n|-weather|Snow\n|\n|t:|1700100704\n|switch|p2a: Cryogonal|Cryogonal|100\/100|[from] Chilly Reception\n|move|p1a: Clodsire|Toxic|p2a: Cryogonal\n|-status|p2a: Cryogonal|tox\n|\n|-weather|Snow|[upkeep]\n|-damage|p2a: Cryogonal|94\/100 tox|[from] psn\n|upkeep\n|turn|4\n|\n|t:|1700100714\n|switch|p1a: Iron Treads|Iron Treads|100\/100\n|move|p2a: Cryogonal|Rapid Spin|p1a: Iron Treads\n|-resisted|p1a: Iron Treads\n|-crit|p1a: Iron Treads\n|-damage|p1a: Iron Treads|97\/100\n|-boost|p2a: Cryogonal|spe|1\n|-sideend|p2: bd00|Spikes|[from] move: Rapid Spin|[of] p2a: Cryogonal\n|-sideend|p2: bd00|Stealth Rock|[from] move: Rapid Spin|[of] p2a: Cryogonal\n|\n|-weather|Snow|[upkeep]\n|-end|p1a: Iron Treads|move: Future Sight\n|-resisted|p1a: Iron Treads\n|-damage|p1a: Iron Treads|79\/100\n|-heal|p1a: Iron Treads|85\/100|[from] item: Leftovers\n|-damage|p2a: Cryogonal|82\/100 tox|[from] psn\n|upkeep\n|turn|5\n|\n|t:|1700100730\n|switch|p2a: Corviknight|Corviknight, F|100\/100\n|-ability|p2a: Corviknight|Pressure\n|-end|p1a: Iron Treads|Quark Drive|[silent]\n|switch|p1a: Clodsire|Clodsire, M|100\/100\n|\n|-weather|Snow|[upkeep]\n|upkeep\n|turn|6\n|\n|t:|1700100737\n|move|p2a: Corviknight|U-turn|p1a: Clodsire\n|-resisted|p1a: Clodsire\n|-damage|p1a: Clodsire|96\/100\n|\n|t:|1700100740\n|switch|p2a: Ting-Lu|Ting-Lu|100\/100|[from] U-turn\n|-ability|p2a: Ting-Lu|Vessel of Ruin\n|move|p1a: Clodsire|Stealth Rock|p2a: Ting-Lu\n|-sidestart|p2: bd00|move: Stealth Rock\n|\n|-weather|Snow|[upkeep]\n|-heal|p1a: Clodsire|100\/100|[from] item: Leftovers\n|upkeep\n|turn|7\n|\n|t:|1700100748\n|-terastallize|p2a: Ting-Lu|Poison\n|move|p2a: Ting-Lu|Earthquake|p1a: Clodsire\n|-supereffective|p1a: Clodsire\n|-damage|p1a: Clodsire|43\/100\n|move|p1a: Clodsire|Toxic|p2a: Ting-Lu\n|-immune|p2a: Ting-Lu\n|\n|-weather|none\n|-heal|p1a: Clodsire|49\/100|[from] item: Leftovers\n|upkeep\n|turn|8\n|\n|t:|1700100763\n|switch|p1a: Pelipper|Pelipper, M|100\/100\n|-weather|RainDance|[from] ability: Drizzle|[of] p1a: Pelipper\n|move|p2a: Ting-Lu|Earthquake|p1a: Pelipper\n|-immune|p1a: Pelipper\n|\n|-weather|RainDance|[upkeep]\n|upkeep\n|turn|9\n|\n|t:|1700100770\n|move|p1a: Pelipper|U-turn|p2a: Ting-Lu\n|-resisted|p2a: Ting-Lu\n|-damage|p2a: Ting-Lu|99\/100\n|\n|t:|1700100774\n|switch|p1a: Clodsire|Clodsire, M|49\/100|[from] U-turn\n|move|p2a: Ting-Lu|Stealth Rock|p1a: Clodsire\n|-sidestart|p1: RepeatUntilTired3|move: Stealth Rock\n|\n|-weather|RainDance|[upkeep]\n|-heal|p2a: Ting-Lu|100\/100|[from] item: Leftovers\n|-heal|p1a: Clodsire|56\/100|[from] item: Leftovers\n|upkeep\n|turn|10\n|\n|t:|1700100782\n|switch|p1a: Tornadus|Tornadus-Therian, M|100\/100\n|move|p2a: Ting-Lu|Earthquake|p1a: Tornadus\n|-immune|p1a: Tornadus\n|\n|-weather|RainDance|[upkeep]\n|upkeep\n|turn|11\n|\n|t:|1700100787\n|move|p1a: Tornadus|Taunt|p2a: Ting-Lu\n|-start|p2a: Ting-Lu|move: Taunt\n|cant|p2a: Ting-Lu|move: Taunt|Spikes\n|\n|-weather|RainDance|[upkeep]\n|upkeep\n|turn|12\n|\n|t:|1700100793\n|switch|p2a: Slowking|Slowking-Galar, M|100\/100\n|-damage|p2a: Slowking|88\/100|[from] Stealth Rock\n|move|p1a: Tornadus|Nasty Plot|p1a: Tornadus\n|-boost|p1a: Tornadus|spa|2\n|\n|-weather|RainDance|[upkeep]\n|-heal|p2a: Slowking|94\/100|[from] item: Leftovers\n|upkeep\n|turn|13\n|\n|t:|1700100801\n|move|p1a: Tornadus|Hurricane|p2a: Slowking\n|-damage|p2a: Slowking|47\/100\n|move|p2a: Slowking|Toxic|p1a: Tornadus\n|-status|p1a: Tornadus|tox\n|\n|-weather|RainDance|[upkeep]\n|-heal|p2a: Slowking|53\/100|[from] item: Leftovers\n|-damage|p1a: Tornadus|94\/100 tox|[from] psn\n|upkeep\n|turn|14\n|\n|t:|1700100817\n|move|p2a: Slowking|Protect|p2a: Slowking\n|-singleturn|p2a: Slowking|Protect\n|move|p1a: Tornadus|Weather Ball|p2a: Slowking\n|-activate|p2a: Slowking|move: Protect\n|\n|-weather|RainDance|[upkeep]\n|-heal|p2a: Slowking|59\/100|[from] item: Leftovers\n|-damage|p1a: Tornadus|82\/100 tox|[from] psn\n|upkeep\n|turn|15\n|\n|t:|1700100828\n|move|p1a: Tornadus|Hurricane|p2a: Slowking\n|-damage|p2a: Slowking|12\/100\n|move|p2a: Slowking|Chilly Reception|p2a: Slowking\n|-weather|Snow\n|\n|t:|1700100837\n|switch|p2a: Cryogonal|Cryogonal|82\/100 tox|[from] Chilly Reception\n|\n|-weather|Snow|[upkeep]\n|-damage|p1a: Tornadus|64\/100 tox|[from] psn\n|-damage|p2a: Cryogonal|76\/100 tox|[from] psn\n|upkeep\n|turn|16\n|\n|t:|1700100849\n|switch|p1a: Basculegion|Basculegion-F, F|100\/100\n|-damage|p1a: Basculegion|88\/100|[from] Stealth Rock\n|move|p2a: Cryogonal|Rapid Spin|p1a: Basculegion\n|-immune|p1a: Basculegion\n|\n|-weather|Snow|[upkeep]\n|-damage|p2a: Cryogonal|64\/100 tox|[from] psn\n|upkeep\n|turn|17\n|\n|t:|1700100862\n|move|p1a: Basculegion|Surf|p2a: Cryogonal\n|-damage|p2a: Cryogonal|33\/100 tox\n|move|p2a: Cryogonal|Freeze-Dry|p1a: Basculegion\n|-supereffective|p1a: Basculegion\n|-damage|p1a: Basculegion|33\/100\n|\n|-weather|Snow|[upkeep]\n|-damage|p2a: Cryogonal|15\/100 tox|[from] psn\n|upkeep\n|turn|18\n|\n|t:|1700100869\n|move|p1a: Basculegion|Surf|p2a: Cryogonal\n|-damage|p2a: Cryogonal|0 fnt\n|faint|p2a: Cryogonal\n|\n|-weather|Snow|[upkeep]\n|upkeep\n|\n|t:|1700100873\n|switch|p2a: Dragapult|Dragapult, F|100\/100\n|-damage|p2a: Dragapult|88\/100|[from] Stealth Rock\n|turn|19\n|\n|t:|1700100877\n|switch|p1a: Iron Treads|Iron Treads|85\/100\n|-damage|p1a: Iron Treads|82\/100|[from] Stealth Rock\n|move|p2a: Dragapult|Shadow Ball|p1a: Iron Treads\n|-damage|p1a: Iron Treads|43\/100\n|-unboost|p1a: Iron Treads|spd|1\n|\n|-weather|none\n|-heal|p1a: Iron Treads|49\/100|[from] item: Leftovers\n|upkeep\n|turn|20\n|\n|t:|1700100887\n|move|p2a: Dragapult|Shadow Ball|p1a: Iron Treads\n|-damage|p1a: Iron Treads|0 fnt\n|faint|p1a: Iron Treads\n|-end|p1a: Iron Treads|Quark Drive|[silent]\n|\n|upkeep\n|\n|t:|1700100893\n|switch|p1a: Samurott|Samurott-Hisui, M|100\/100\n|-damage|p1a: Samurott|88\/100|[from] Stealth Rock\n|turn|21\n|\n|t:|1700100897\n|switch|p2a: Corviknight|Corviknight, F|100\/100\n|-damage|p2a: Corviknight|88\/100|[from] Stealth Rock\n|-ability|p2a: Corviknight|Pressure\n|move|p1a: Samurott|Ceaseless Edge|p2a: Corviknight\n|-damage|p2a: Corviknight|42\/100\n|-damage|p1a: Samurott|72\/100|[from] item: Rocky Helmet|[of] p2a: Corviknight\n|-sidestart|p2: bd00|Spikes\n|\n|upkeep\n|turn|22\n|\n|t:|1700100907\n|move|p1a: Samurott|Ceaseless Edge|p2a: Corviknight\n|-damage|p2a: Corviknight|0 fnt\n|-damage|p1a: Samurott|55\/100|[from] item: Rocky Helmet|[of] p2a: Corviknight\n|-sidestart|p2: bd00|Spikes\n|faint|p2a: Corviknight\n|\n|upkeep\n|\n|t:|1700100911\n|switch|p2a: Ting-Lu|Ting-Lu, tera:Poison|100\/100\n|-damage|p2a: Ting-Lu|88\/100|[from] Stealth Rock\n|-damage|p2a: Ting-Lu|71\/100|[from] Spikes\n|-ability|p2a: Ting-Lu|Vessel of Ruin\n|turn|23\n|\n|t:|1700100918\n|switch|p1a: Pelipper|Pelipper, M|100\/100\n|-damage|p1a: Pelipper|76\/100|[from] Stealth Rock\n|-weather|RainDance|[from] ability: Drizzle|[of] p1a: Pelipper\n|move|p2a: Ting-Lu|Spikes|p1a: Pelipper\n|-sidestart|p1: RepeatUntilTired3|Spikes\n|\n|-weather|RainDance|[upkeep]\n|-heal|p2a: Ting-Lu|78\/100|[from] item: Leftovers\n|upkeep\n|turn|24\n|\n|t:|1700100930\n|move|p1a: Pelipper|Knock Off|p2a: Ting-Lu\n|-damage|p2a: Ting-Lu|72\/100\n|-enditem|p2a: Ting-Lu|Leftovers|[from] move: Knock Off|[of] p1a: Pelipper\n|move|p2a: Ting-Lu|Spikes|p1a: Pelipper\n|-sidestart|p1: RepeatUntilTired3|Spikes\n|\n|-weather|RainDance|[upkeep]\n|upkeep\n|turn|25\n|\n|t:|1700100939\n|move|p1a: Pelipper|U-turn|p2a: Ting-Lu\n|-resisted|p2a: Ting-Lu\n|-damage|p2a: Ting-Lu|70\/100\n|\n|t:|1700100943\n|switch|p1a: Tornadus|Tornadus-Therian, M|97\/100 tox|[from] U-turn\n|move|p2a: Ting-Lu|Ruination|p1a: Tornadus\n|-damage|p1a: Tornadus|49\/100 tox\n|\n|-weather|RainDance|[upkeep]\n|-damage|p1a: Tornadus|43\/100 tox|[from] psn\n|upkeep\n|turn|26\n|\n|t:|1700100952\n|switch|p2a: Dragapult|Dragapult, F|88\/100\n|-damage|p2a: Dragapult|76\/100|[from] Stealth Rock\n|-damage|p2a: Dragapult|59\/100|[from] Spikes\n|move|p1a: Tornadus|Hurricane|p2a: Dragapult\n|-damage|p2a: Dragapult|2\/100\n|\n|-weather|RainDance|[upkeep]\n|-damage|p1a: Tornadus|31\/100 tox|[from] psn\n|upkeep\n|turn|27\n|\n|t:|1700100980\n|switch|p1a: Clodsire|Clodsire, M|56\/100\n|-damage|p1a: Clodsire|49\/100|[from] Stealth Rock\n|-damage|p1a: Clodsire|33\/100|[from] Spikes\n|move|p2a: Dragapult|Shadow Ball|p1a: Clodsire\n|-damage|p1a: Clodsire|0 fnt\n|faint|p1a: Clodsire\n|\n|-weather|RainDance|[upkeep]\n|upkeep\n|inactive|RepeatUntilTired3 has 120 seconds left.\n|\n|t:|1700100998\n|switch|p1a: Samurott|Samurott-Hisui, M|55\/100\n|-damage|p1a: Samurott|43\/100|[from] Stealth Rock\n|-damage|p1a: Samurott|26\/100|[from] Spikes\n|turn|28\n|inactive|RepeatUntilTired3 has 120 seconds left.\n|\n|t:|1700101009\n|-terastallize|p1a: Samurott|Water\n|move|p1a: Samurott|Aqua Jet|p2a: Dragapult\n|-resisted|p2a: Dragapult\n|-damage|p2a: Dragapult|0 fnt\n|faint|p2a: Dragapult\n|\n|-weather|RainDance|[upkeep]\n|upkeep\n|\n|t:|1700101013\n|switch|p2a: Zamazenta|Zamazenta|100\/100\n|-damage|p2a: Zamazenta|94\/100|[from] Stealth Rock\n|-damage|p2a: Zamazenta|78\/100|[from] Spikes\n|-ability|p2a: Zamazenta|Dauntless Shield|boost\n|-boost|p2a: Zamazenta|def|1\n|turn|29\n|\n|t:|1700101020\n|move|p1a: Samurott|Aqua Jet|p2a: Zamazenta\n|-damage|p2a: Zamazenta|45\/100\n|move|p2a: Zamazenta|Substitute|p2a: Zamazenta\n|-start|p2a: Zamazenta|Substitute\n|-damage|p2a: Zamazenta|20\/100\n|\n|-weather|RainDance|[upkeep]\n|-heal|p2a: Zamazenta|26\/100|[from] item: Leftovers\n|upkeep\n|turn|30\n|\n|t:|1700101027\n|move|p1a: Samurott|Aqua Jet|p2a: Zamazenta\n|-end|p2a: Zamazenta|Substitute\n|move|p2a: Zamazenta|Iron Defense|p2a: Zamazenta\n|-boost|p2a: Zamazenta|def|2\n|\n|-weather|none\n|-heal|p2a: Zamazenta|32\/100|[from] item: Leftovers\n|upkeep\n|turn|31\n|\n|t:|1700101033\n|move|p1a: Samurott|Aqua Jet|p2a: Zamazenta\n|-damage|p2a: Zamazenta|18\/100\n|move|p2a: Zamazenta|Iron Defense|p2a: Zamazenta\n|-boost|p2a: Zamazenta|def|2\n|\n|-heal|p2a: Zamazenta|25\/100|[from] item: Leftovers\n|upkeep\n|turn|32\n|\n|t:|1700101050\n|switch|p1a: Pelipper|Pelipper, M|76\/100\n|-damage|p1a: Pelipper|51\/100|[from] Stealth Rock\n|-weather|RainDance|[from] ability: Drizzle|[of] p1a: Pelipper\n|move|p2a: Zamazenta|Iron Defense|p2a: Zamazenta\n|-boost|p2a: Zamazenta|def|1\n|\n|-weather|RainDance|[upkeep]\n|-heal|p2a: Zamazenta|31\/100|[from] item: Leftovers\n|upkeep\n|turn|33\n|\n|t:|1700101059\n|move|p2a: Zamazenta|Substitute|p2a: Zamazenta\n|-start|p2a: Zamazenta|Substitute\n|-damage|p2a: Zamazenta|6\/100\n|move|p1a: Pelipper|Hurricane|p2a: Zamazenta\n|-supereffective|p2a: Zamazenta\n|-end|p2a: Zamazenta|Substitute\n|\n|-weather|RainDance|[upkeep]\n|-heal|p2a: Zamazenta|12\/100|[from] item: Leftovers\n|upkeep\n|turn|34\n|\n|t:|1700101068\n|move|p2a: Zamazenta|Body Press|p1a: Pelipper\n|-resisted|p1a: Pelipper\n|-damage|p1a: Pelipper|2\/100\n|move|p1a: Pelipper|Hurricane|p2a: Zamazenta\n|-supereffective|p2a: Zamazenta\n|-damage|p2a: Zamazenta|0 fnt\n|faint|p2a: Zamazenta\n|\n|-weather|RainDance|[upkeep]\n|upkeep\n|\n|t:|1700101077\n|switch|p2a: Ting-Lu|Ting-Lu, tera:Poison|70\/100\n|-damage|p2a: Ting-Lu|57\/100|[from] Stealth Rock\n|-damage|p2a: Ting-Lu|41\/100|[from] Spikes\n|-ability|p2a: Ting-Lu|Vessel of Ruin\n|turn|35\n|-message|bd00 forfeited.\n|\n|win|RepeatUntilTired3\n|raw|RepeatUntilTired3's rating: 1322 &rarr; <strong>1342<\/strong><br \/>(+20 for winning)\n|raw|bd00's rating: 1321 &rarr; <strong>1301<\/strong><br \/>(-20 for losing)\n|l|\u2606bd00\n","uploadtime":1700101086,"views":12,"p1id":"repeatuntiltired3","p2id":"bd00","formatid":"gen9ou","rating":1301,"private":0,"password":""}