{"id":"gen9ou-1992384109","p1":"thedebatablereaper","p2":"Manjack","format":"[Gen 9] OU","log":"|j|\u2606thedebatablereaper\n|j|\u2606Manjack\n|t:|1700181327\n|gametype|singles\n|player|p1|thedebatablereaper|2|1675\n|player|p2|Manjack|preschooler|1688\n|teamsize|p1|6\n|teamsize|p2|6\n|gen|9\n|tier|[Gen 9] OU\n|rated|\n|rule|Sleep Clause Mod: Limit one foe put to sleep\n|rule|Species Clause: Limit one of each Pok\u00e9mon\n|rule|OHKO Clause: OHKO moves are banned\n|rule|Evasion Items Clause: Evasion items are banned\n|rule|Evasion Moves Clause: Evasion moves are banned\n|rule|Endless Battle Clause: Forcing endless battles is banned\n|rule|HP Percentage Mod: HP is shown in percentages\n|clearpoke\n|poke|p1|Rillaboom, F|\n|poke|p1|Sneasler, F|\n|poke|p1|Enamorus, F|\n|poke|p1|Cinderace, M|\n|poke|p1|Dragapult, M|\n|poke|p1|Great Tusk|\n|poke|p2|Ogerpon, F|\n|poke|p2|Corviknight, F|\n|poke|p2|Dachsbun, M|\n|poke|p2|Landorus-Therian, M|\n|poke|p2|Rotom-Wash|\n|poke|p2|Clodsire, M|\n|teampreview\n|c|\u2606Manjack|Glhf\n|\n|t:|1700181343\n|start\n|switch|p1a: Enamorus|Enamorus, F|100\/100\n|switch|p2a: Landorus|Landorus-Therian, M|100\/100\n|-ability|p2a: Landorus|Intimidate|boost\n|-boost|p1a: Enamorus|atk|1\n|turn|1\n|\n|t:|1700181349\n|switch|p2a: Clodsire|Clodsire, M|100\/100\n|move|p1a: Enamorus|Moonblast|p2a: Clodsire\n|-resisted|p2a: Clodsire\n|-damage|p2a: Clodsire|87\/100\n|-unboost|p2a: Clodsire|spa|1\n|\n|-heal|p2a: Clodsire|93\/100|[from] item: Leftovers\n|upkeep\n|turn|2\n|\n|t:|1700181358\n|switch|p1a: Great Tusk|Great Tusk|100\/100\n|move|p2a: Clodsire|Toxic|p1a: Great Tusk\n|-status|p1a: Great Tusk|tox\n|\n|-heal|p2a: Clodsire|99\/100|[from] item: Leftovers\n|-damage|p1a: Great Tusk|94\/100 tox|[from] psn\n|upkeep\n|turn|3\n|\n|t:|1700181365\n|switch|p2a: Corviknight|Corviknight, F|100\/100\n|-ability|p2a: Corviknight|Pressure\n|move|p1a: Great Tusk|Ice Spinner|p2a: Corviknight\n|-damage|p2a: Corviknight|85\/100\n|\n|-heal|p1a: Great Tusk|100\/100 tox|[from] item: Leftovers\n|-heal|p2a: Corviknight|91\/100|[from] item: Leftovers\n|-damage|p1a: Great Tusk|88\/100 tox|[from] psn\n|upkeep\n|turn|4\n|j| srtyjj\n|\n|t:|1700181378\n|-end|p1a: Great Tusk|Protosynthesis|[silent]\n|switch|p1a: Cinderace|Cinderace, M|100\/100\n|move|p2a: Corviknight|Brave Bird|p1a: Cinderace\n|-damage|p1a: Cinderace|49\/100\n|-damage|p2a: Corviknight|79\/100|[from] Recoil\n|\n|-heal|p2a: Corviknight|85\/100|[from] item: Leftovers\n|upkeep\n|turn|5\n|j| Pyrolimited\n|\n|t:|1700181387\n|switch|p2a: Dachsbun|Dachsbun, M|100\/100\n|move|p1a: Cinderace|U-turn|p2a: Dachsbun\n|-start|p1a: Cinderace|typechange|Bug|[from] ability: Libero\n|-resisted|p2a: Dachsbun\n|-damage|p2a: Dachsbun|84\/100\n|\n|t:|1700181401\n|switch|p1a: Rillaboom|Rillaboom, F|100\/100|[from] U-turn\n|-fieldstart|move: Grassy Terrain|[from] ability: Grassy Surge|[of] p1a: Rillaboom\n|\n|-heal|p2a: Dachsbun|90\/100|[from] Grassy Terrain\n|-heal|p2a: Dachsbun|96\/100|[from] item: Leftovers\n|upkeep\n|turn|6\n|\n|t:|1700181409\n|switch|p2a: Corviknight|Corviknight, F|85\/100\n|-ability|p2a: Corviknight|Pressure\n|move|p1a: Rillaboom|Wood Hammer|p2a: Corviknight\n|-resisted|p2a: Corviknight\n|-damage|p2a: Corviknight|67\/100\n|-damage|p1a: Rillaboom|93\/100|[from] Recoil\n|\n|-heal|p1a: Rillaboom|99\/100|[from] Grassy Terrain\n|-heal|p2a: Corviknight|73\/100|[from] item: Leftovers\n|upkeep\n|turn|7\n|\n|t:|1700181420\n|switch|p1a: Enamorus|Enamorus, F|100\/100\n|move|p2a: Corviknight|U-turn|p1a: Enamorus\n|-resisted|p1a: Enamorus\n|-damage|p1a: Enamorus|95\/100\n|\n|t:|1700181431\n|switch|p2a: Ogerpon|Ogerpon, F|100\/100|[from] U-turn\n|\n|upkeep\n|turn|8\n|\n|t:|1700181439\n|move|p1a: Enamorus|Superpower|p2a: Ogerpon\n|-damage|p2a: Ogerpon|66\/100\n|-boost|p1a: Enamorus|atk|1\n|-boost|p1a: Enamorus|def|1\n|move|p2a: Ogerpon|Horn Leech|p1a: Enamorus\n|-resisted|p1a: Enamorus\n|-damage|p1a: Enamorus|65\/100\n|-heal|p2a: Ogerpon|77\/100|[from] drain|[of] p1a: Enamorus\n|\n|-heal|p2a: Ogerpon|83\/100|[from] Grassy Terrain\n|-heal|p2a: Ogerpon|90\/100|[from] item: Leftovers\n|upkeep\n|turn|9\n|j| ddytyttycvcvhjhjh\n|\n|t:|1700181450\n|switch|p2a: Clodsire|Clodsire, M|99\/100\n|move|p1a: Enamorus|Superpower|p2a: Clodsire\n|-resisted|p2a: Clodsire\n|-damage|p2a: Clodsire|81\/100\n|-boost|p1a: Enamorus|atk|1\n|-boost|p1a: Enamorus|def|1\n|\n|-heal|p2a: Clodsire|87\/100|[from] Grassy Terrain\n|-heal|p2a: Clodsire|93\/100|[from] item: Leftovers\n|-fieldend|move: Grassy Terrain\n|upkeep\n|turn|10\n|\n|t:|1700181465\n|move|p1a: Enamorus|Superpower|p2a: Clodsire\n|-resisted|p2a: Clodsire\n|-damage|p2a: Clodsire|76\/100\n|-boost|p1a: Enamorus|atk|1\n|-boost|p1a: Enamorus|def|1\n|move|p2a: Clodsire|Iron Head|p1a: Enamorus\n|-supereffective|p1a: Enamorus\n|-damage|p1a: Enamorus|19\/100\n|\n|-heal|p2a: Clodsire|82\/100|[from] item: Leftovers\n|upkeep\n|turn|11\n|\n|t:|1700181474\n|switch|p1a: Great Tusk|Great Tusk|88\/100 tox\n|move|p2a: Clodsire|Iron Head|p1a: Great Tusk\n|-damage|p1a: Great Tusk|78\/100 tox\n|\n|-heal|p1a: Great Tusk|84\/100 tox|[from] item: Leftovers\n|-heal|p2a: Clodsire|88\/100|[from] item: Leftovers\n|-damage|p1a: Great Tusk|78\/100 tox|[from] psn\n|upkeep\n|turn|12\n|\n|t:|1700181490\n|switch|p2a: Corviknight|Corviknight, F|73\/100\n|-ability|p2a: Corviknight|Pressure\n|move|p1a: Great Tusk|Stealth Rock|p2a: Corviknight\n|-sidestart|p2: Manjack|move: Stealth Rock\n|\n|-heal|p1a: Great Tusk|84\/100 tox|[from] item: Leftovers\n|-heal|p2a: Corviknight|79\/100|[from] item: Leftovers\n|-damage|p1a: Great Tusk|72\/100 tox|[from] psn\n|upkeep\n|turn|13\n|\n|t:|1700181500\n|move|p1a: Great Tusk|Knock Off|p2a: Corviknight\n|-damage|p2a: Corviknight|62\/100\n|-enditem|p2a: Corviknight|Leftovers|[from] move: Knock Off|[of] p1a: Great Tusk\n|move|p2a: Corviknight|Defog|p1a: Great Tusk\n|-unboost|p1a: Great Tusk|evasion|1\n|-sideend|p2: Manjack|Stealth Rock|[from] move: Defog|[of] p2a: Corviknight\n|\n|-heal|p1a: Great Tusk|78\/100 tox|[from] item: Leftovers\n|-damage|p1a: Great Tusk|59\/100 tox|[from] psn\n|upkeep\n|turn|14\n|\n|t:|1700181510\n|-end|p1a: Great Tusk|Protosynthesis|[silent]\n|switch|p1a: Cinderace|Cinderace, M|49\/100\n|move|p2a: Corviknight|Roost|p2a: Corviknight\n|-heal|p2a: Corviknight|100\/100\n|-singleturn|p2a: Corviknight|move: Roost\n|\n|upkeep\n|turn|15\n|\n|t:|1700181519\n|switch|p2a: Dachsbun|Dachsbun, M|96\/100\n|move|p1a: Cinderace|U-turn|p2a: Dachsbun\n|-start|p1a: Cinderace|typechange|Bug|[from] ability: Libero\n|-resisted|p2a: Dachsbun\n|-damage|p2a: Dachsbun|80\/100\n|\n|t:|1700181533\n|switch|p1a: Rillaboom|Rillaboom, F|99\/100|[from] U-turn\n|-fieldstart|move: Grassy Terrain|[from] ability: Grassy Surge|[of] p1a: Rillaboom\n|\n|-heal|p1a: Rillaboom|100\/100|[from] Grassy Terrain\n|-heal|p2a: Dachsbun|86\/100|[from] Grassy Terrain\n|-heal|p2a: Dachsbun|92\/100|[from] item: Leftovers\n|upkeep\n|turn|16\n|\n|t:|1700181541\n|switch|p2a: Corviknight|Corviknight, F|100\/100\n|-ability|p2a: Corviknight|Pressure\n|move|p1a: Rillaboom|U-turn|p2a: Corviknight\n|-resisted|p2a: Corviknight\n|-damage|p2a: Corviknight|94\/100\n|\n|t:|1700181560\n|switch|p1a: Dragapult|Dragapult, M|100\/100|[from] U-turn\n|\n|upkeep\n|turn|17\n|\n|t:|1700181567\n|-terastallize|p1a: Dragapult|Ghost\n|move|p1a: Dragapult|Shadow Ball|p2a: Corviknight\n|-damage|p2a: Corviknight|21\/100\n|move|p2a: Corviknight|U-turn|p1a: Dragapult\n|-resisted|p1a: Dragapult\n|-damage|p1a: Dragapult|91\/100\n|\n|t:|1700181575\n|switch|p2a: Clodsire|Clodsire, M|88\/100|[from] U-turn\n|\n|-heal|p1a: Dragapult|97\/100|[from] Grassy Terrain\n|-heal|p2a: Clodsire|94\/100|[from] Grassy Terrain\n|-heal|p2a: Clodsire|99\/100|[from] item: Leftovers\n|upkeep\n|turn|18\n|\n|t:|1700181582\n|switch|p1a: Great Tusk|Great Tusk|59\/100 tox\n|move|p2a: Clodsire|Toxic|p1a: Great Tusk\n|-fail|p1a: Great Tusk|tox\n|\n|-heal|p1a: Great Tusk|66\/100 tox|[from] Grassy Terrain\n|-heal|p1a: Great Tusk|72\/100 tox|[from] item: Leftovers\n|-heal|p2a: Clodsire|100\/100|[from] Grassy Terrain\n|-damage|p1a: Great Tusk|66\/100 tox|[from] psn\n|upkeep\n|turn|19\n|\n|t:|1700181592\n|switch|p2a: Rotom|Rotom-Wash|100\/100\n|move|p1a: Great Tusk|Ice Spinner|p2a: Rotom\n|-resisted|p2a: Rotom\n|-damage|p2a: Rotom|91\/100\n|-fieldend|move: Grassy Terrain\n|\n|-heal|p1a: Great Tusk|72\/100 tox|[from] item: Leftovers\n|-heal|p2a: Rotom|97\/100|[from] item: Leftovers\n|-damage|p1a: Great Tusk|59\/100 tox|[from] psn\n|upkeep\n|turn|20\n|\n|t:|1700181602\n|move|p1a: Great Tusk|Knock Off|p2a: Rotom\n|-damage|p2a: Rotom|74\/100\n|-enditem|p2a: Rotom|Leftovers|[from] move: Knock Off|[of] p1a: Great Tusk\n|move|p2a: Rotom|Hydro Pump|p1a: Great Tusk\n|-supereffective|p1a: Great Tusk\n|-damage|p1a: Great Tusk|0 fnt\n|faint|p1a: Great Tusk\n|-end|p1a: Great Tusk|Protosynthesis|[silent]\n|\n|upkeep\n|\n|t:|1700181609\n|switch|p1a: Rillaboom|Rillaboom, F|100\/100\n|-fieldstart|move: Grassy Terrain|[from] ability: Grassy Surge|[of] p1a: Rillaboom\n|turn|21\n|\n|t:|1700181614\n|move|p2a: Rotom|Protect|p2a: Rotom\n|-singleturn|p2a: Rotom|Protect\n|move|p1a: Rillaboom|Wood Hammer|p2a: Rotom\n|-activate|p2a: Rotom|move: Protect\n|\n|upkeep\n|turn|22\n|\n|t:|1700181621\n|switch|p2a: Landorus|Landorus-Therian, M|100\/100\n|-ability|p2a: Landorus|Intimidate|boost\n|-unboost|p1a: Rillaboom|atk|1\n|move|p1a: Rillaboom|Wood Hammer|p2a: Landorus\n|-damage|p2a: Landorus|32\/100\n|-damage|p1a: Rillaboom|75\/100|[from] Recoil\n|\n|-heal|p1a: Rillaboom|81\/100|[from] Grassy Terrain\n|-heal|p2a: Landorus|38\/100|[from] item: Leftovers\n|upkeep\n|turn|23\n|\n|t:|1700181631\n|move|p1a: Rillaboom|Wood Hammer|p2a: Landorus\n|-damage|p2a: Landorus|0 fnt\n|faint|p2a: Landorus\n|-damage|p1a: Rillaboom|68\/100|[from] Recoil\n|\n|-heal|p1a: Rillaboom|74\/100|[from] Grassy Terrain\n|upkeep\n|\n|t:|1700181632\n|switch|p2a: Corviknight|Corviknight, F|21\/100\n|-ability|p2a: Corviknight|Pressure\n|turn|24\n|\n|t:|1700181644\n|switch|p1a: Sneasler|Sneasler, F|100\/100\n|-enditem|p1a: Sneasler|Grassy Seed\n|-boost|p1a: Sneasler|def|1|[from] item: Grassy Seed\n|move|p2a: Corviknight|Roost|p2a: Corviknight\n|-heal|p2a: Corviknight|71\/100\n|-singleturn|p2a: Corviknight|move: Roost\n|\n|-heal|p2a: Corviknight|77\/100|[from] Grassy Terrain\n|upkeep\n|turn|25\n|\n|t:|1700181658\n|move|p1a: Sneasler|Swords Dance|p1a: Sneasler\n|-boost|p1a: Sneasler|atk|2\n|move|p2a: Corviknight|Brave Bird|p1a: Sneasler\n|-supereffective|p1a: Sneasler\n|-damage|p1a: Sneasler|18\/100\n|-damage|p2a: Corviknight|57\/100|[from] Recoil\n|\n|-heal|p1a: Sneasler|24\/100|[from] Grassy Terrain\n|-fieldend|move: Grassy Terrain\n|upkeep\n|turn|26\n|\n|t:|1700181667\n|switch|p2a: Clodsire|Clodsire, M|100\/100\n|move|p1a: Sneasler|Close Combat|p2a: Clodsire\n|-resisted|p2a: Clodsire\n|-damage|p2a: Clodsire|61\/100\n|-unboost|p1a: Sneasler|def|1\n|-unboost|p1a: Sneasler|spd|1\n|\n|-heal|p2a: Clodsire|67\/100|[from] item: Leftovers\n|upkeep\n|turn|27\n|\n|t:|1700181676\n|move|p1a: Sneasler|Close Combat|p2a: Clodsire\n|-resisted|p2a: Clodsire\n|-damage|p2a: Clodsire|28\/100\n|-unboost|p1a: Sneasler|def|1\n|-unboost|p1a: Sneasler|spd|1\n|move|p2a: Clodsire|Recover|p2a: Clodsire\n|-heal|p2a: Clodsire|78\/100\n|\n|-heal|p2a: Clodsire|85\/100|[from] item: Leftovers\n|upkeep\n|turn|28\n|\n|t:|1700181686\n|move|p1a: Sneasler|Shadow Claw|p2a: Clodsire\n|-damage|p2a: Clodsire|55\/100\n|move|p2a: Clodsire|Earthquake|p1a: Sneasler\n|-supereffective|p1a: Sneasler\n|-damage|p1a: Sneasler|0 fnt\n|faint|p1a: Sneasler\n|\n|-heal|p2a: Clodsire|61\/100|[from] item: Leftovers\n|upkeep\n|\n|t:|1700181698\n|switch|p1a: Rillaboom|Rillaboom, F|74\/100\n|-fieldstart|move: Grassy Terrain|[from] ability: Grassy Surge|[of] p1a: Rillaboom\n|turn|29\n|\n|t:|1700181702\n|switch|p2a: Corviknight|Corviknight, F|57\/100\n|-ability|p2a: Corviknight|Pressure\n|move|p1a: Rillaboom|U-turn|p2a: Corviknight\n|-resisted|p2a: Corviknight\n|-damage|p2a: Corviknight|51\/100\n|\n|t:|1700181708\n|switch|p1a: Dragapult|Dragapult, M, tera:Ghost|97\/100|[from] U-turn\n|\n|-heal|p1a: Dragapult|100\/100|[from] Grassy Terrain\n|upkeep\n|turn|30\n|\n|t:|1700181722\n|switch|p2a: Rotom|Rotom-Wash|74\/100\n|move|p1a: Dragapult|Shadow Ball|p2a: Rotom\n|-damage|p2a: Rotom|4\/100\n|\n|upkeep\n|turn|31\n|\n|t:|1700181728\n|move|p1a: Dragapult|Shadow Ball|p2a: Rotom\n|-damage|p2a: Rotom|0 fnt\n|faint|p2a: Rotom\n|\n|upkeep\n|\n|t:|1700181731\n|switch|p2a: Clodsire|Clodsire, M|61\/100\n|turn|32\n|\n|t:|1700181734\n|move|p1a: Dragapult|Shadow Ball|p2a: Clodsire\n|-damage|p2a: Clodsire|21\/100\n|move|p2a: Clodsire|Recover|p2a: Clodsire\n|-heal|p2a: Clodsire|71\/100\n|\n|-heal|p2a: Clodsire|77\/100|[from] Grassy Terrain\n|-heal|p2a: Clodsire|83\/100|[from] item: Leftovers\n|upkeep\n|turn|33\n|\n|t:|1700181743\n|switch|p1a: Enamorus|Enamorus, F|19\/100\n|move|p2a: Clodsire|Toxic|p1a: Enamorus\n|-status|p1a: Enamorus|tox\n|\n|-heal|p2a: Clodsire|89\/100|[from] Grassy Terrain\n|-heal|p2a: Clodsire|95\/100|[from] item: Leftovers\n|-damage|p1a: Enamorus|13\/100 tox|[from] psn\n|-fieldend|move: Grassy Terrain\n|upkeep\n|turn|34\n|\n|t:|1700181753\n|switch|p2a: Dachsbun|Dachsbun, M|92\/100\n|move|p1a: Enamorus|Healing Wish|p1a: Enamorus\n|faint|p1a: Enamorus\n|\n|-heal|p2a: Dachsbun|98\/100|[from] item: Leftovers\n|upkeep\n|\n|t:|1700181761\n|switch|p1a: Dragapult|Dragapult, M, tera:Ghost|100\/100\n|turn|35\n|\n|t:|1700181766\n|move|p2a: Dachsbun|Protect|p2a: Dachsbun\n|-singleturn|p2a: Dachsbun|Protect\n|move|p1a: Dragapult|Shadow Ball|p2a: Dachsbun\n|-activate|p2a: Dachsbun|move: Protect\n|\n|-heal|p2a: Dachsbun|100\/100|[from] item: Leftovers\n|upkeep\n|turn|36\n|\n|t:|1700181773\n|switch|p2a: Clodsire|Clodsire, M|95\/100\n|move|p1a: Dragapult|Shadow Ball|p2a: Clodsire\n|-damage|p2a: Clodsire|58\/100\n|\n|-heal|p2a: Clodsire|64\/100|[from] item: Leftovers\n|upkeep\n|turn|37\n|\n|t:|1700181780\n|move|p1a: Dragapult|Shadow Ball|p2a: Clodsire\n|-damage|p2a: Clodsire|30\/100\n|move|p2a: Clodsire|Recover|p2a: Clodsire\n|-heal|p2a: Clodsire|80\/100\n|\n|-heal|p2a: Clodsire|86\/100|[from] item: Leftovers\n|upkeep\n|turn|38\n|\n|t:|1700181789\n|switch|p1a: Cinderace|Cinderace, M|49\/100\n|-heal|p1a: Cinderace|100\/100|[from] move: Healing Wish\n|move|p2a: Clodsire|Toxic|p1a: Cinderace\n|-status|p1a: Cinderace|tox\n|\n|-heal|p2a: Clodsire|93\/100|[from] item: Leftovers\n|-damage|p1a: Cinderace|95\/100 tox|[from] psn\n|upkeep\n|turn|39\n|\n|t:|1700181798\n|switch|p2a: Dachsbun|Dachsbun, M|100\/100\n|move|p1a: Cinderace|U-turn|p2a: Dachsbun\n|-start|p1a: Cinderace|typechange|Bug|[from] ability: Libero\n|-resisted|p2a: Dachsbun\n|-damage|p2a: Dachsbun|85\/100\n|\n|t:|1700181804\n|switch|p1a: Rillaboom|Rillaboom, F|74\/100|[from] U-turn\n|-fieldstart|move: Grassy Terrain|[from] ability: Grassy Surge|[of] p1a: Rillaboom\n|\n|-heal|p1a: Rillaboom|80\/100|[from] Grassy Terrain\n|-heal|p2a: Dachsbun|91\/100|[from] Grassy Terrain\n|-heal|p2a: Dachsbun|97\/100|[from] item: Leftovers\n|upkeep\n|turn|40\n|\n|t:|1700181817\n|move|p2a: Dachsbun|Protect|p2a: Dachsbun\n|-singleturn|p2a: Dachsbun|Protect\n|move|p1a: Rillaboom|U-turn|p2a: Dachsbun\n|-activate|p2a: Dachsbun|move: Protect\n|\n|-heal|p1a: Rillaboom|86\/100|[from] Grassy Terrain\n|-heal|p2a: Dachsbun|100\/100|[from] Grassy Terrain\n|upkeep\n|turn|41\n|\n|t:|1700181825\n|move|p1a: Rillaboom|U-turn|p2a: Dachsbun\n|-resisted|p2a: Dachsbun\n|-damage|p2a: Dachsbun|82\/100\n|\n|t:|1700181830\n|switch|p1a: Cinderace|Cinderace, M|95\/100 tox|[from] U-turn\n|move|p2a: Dachsbun|Copycat|p2a: Dachsbun\n|move|p2a: Dachsbun|U-turn|p1a: Cinderace|[from]move: Copycat\n|-resisted|p1a: Cinderace\n|-damage|p1a: Cinderace|85\/100 tox\n|\n|t:|1700181836\n|switch|p2a: Ogerpon|Ogerpon, F|90\/100|[from] U-turn\n|\n|-heal|p1a: Cinderace|91\/100 tox|[from] Grassy Terrain\n|-heal|p2a: Ogerpon|96\/100|[from] Grassy Terrain\n|-heal|p2a: Ogerpon|100\/100|[from] item: Leftovers\n|-damage|p1a: Cinderace|85\/100 tox|[from] psn\n|upkeep\n|turn|42\n|\n|t:|1700181844\n|switch|p2a: Dachsbun|Dachsbun, M|82\/100\n|move|p1a: Cinderace|U-turn|p2a: Dachsbun\n|-start|p1a: Cinderace|typechange|Bug|[from] ability: Libero\n|-resisted|p2a: Dachsbun\n|-damage|p2a: Dachsbun|65\/100\n|\n|t:|1700181850\n|switch|p1a: Dragapult|Dragapult, M, tera:Ghost|100\/100|[from] U-turn\n|\n|-heal|p2a: Dachsbun|71\/100|[from] Grassy Terrain\n|-heal|p2a: Dachsbun|77\/100|[from] item: Leftovers\n|upkeep\n|turn|43\n|\n|t:|1700181856\n|move|p2a: Dachsbun|Protect|p2a: Dachsbun\n|-singleturn|p2a: Dachsbun|Protect\n|move|p1a: Dragapult|Shadow Ball|p2a: Dachsbun\n|-activate|p2a: Dachsbun|move: Protect\n|\n|-heal|p2a: Dachsbun|83\/100|[from] Grassy Terrain\n|-heal|p2a: Dachsbun|89\/100|[from] item: Leftovers\n|-fieldend|move: Grassy Terrain\n|upkeep\n|turn|44\n|\n|t:|1700181864\n|switch|p2a: Clodsire|Clodsire, M|93\/100\n|move|p1a: Dragapult|Shadow Ball|p2a: Clodsire\n|-damage|p2a: Clodsire|56\/100\n|\n|-heal|p2a: Clodsire|62\/100|[from] item: Leftovers\n|upkeep\n|turn|45\n|\n|t:|1700181871\n|move|p1a: Dragapult|Shadow Ball|p2a: Clodsire\n|-damage|p2a: Clodsire|27\/100\n|move|p2a: Clodsire|Recover|p2a: Clodsire\n|-heal|p2a: Clodsire|77\/100\n|\n|-heal|p2a: Clodsire|83\/100|[from] item: Leftovers\n|upkeep\n|turn|46\n|\n|t:|1700181878\n|switch|p1a: Cinderace|Cinderace, M|85\/100 tox\n|move|p2a: Clodsire|Toxic|p1a: Cinderace\n|-fail|p1a: Cinderace|tox\n|\n|-heal|p2a: Clodsire|89\/100|[from] item: Leftovers\n|-damage|p1a: Cinderace|79\/100 tox|[from] psn\n|upkeep\n|turn|47\n|\n|t:|1700181886\n|switch|p2a: Dachsbun|Dachsbun, M|89\/100\n|move|p1a: Cinderace|U-turn|p2a: Dachsbun\n|-start|p1a: Cinderace|typechange|Bug|[from] ability: Libero\n|-resisted|p2a: Dachsbun\n|-damage|p2a: Dachsbun|71\/100\n|\n|t:|1700181892\n|switch|p1a: Dragapult|Dragapult, M, tera:Ghost|100\/100|[from] U-turn\n|\n|-heal|p2a: Dachsbun|77\/100|[from] item: Leftovers\n|upkeep\n|turn|48\n|\n|t:|1700181897\n|move|p2a: Dachsbun|Protect|p2a: Dachsbun\n|-singleturn|p2a: Dachsbun|Protect\n|move|p1a: Dragapult|Shadow Ball|p2a: Dachsbun\n|-activate|p2a: Dachsbun|move: Protect\n|\n|-heal|p2a: Dachsbun|83\/100|[from] item: Leftovers\n|upkeep\n|turn|49\n|\n|t:|1700181904\n|switch|p2a: Clodsire|Clodsire, M|89\/100\n|move|p1a: Dragapult|Shadow Ball|p2a: Clodsire\n|-damage|p2a: Clodsire|54\/100\n|\n|-heal|p2a: Clodsire|61\/100|[from] item: Leftovers\n|upkeep\n|turn|50\n|\n|t:|1700181911\n|move|p1a: Dragapult|Shadow Ball|p2a: Clodsire\n|-damage|p2a: Clodsire|23\/100\n|move|p2a: Clodsire|Recover|p2a: Clodsire\n|-heal|p2a: Clodsire|73\/100\n|\n|-heal|p2a: Clodsire|79\/100|[from] item: Leftovers\n|upkeep\n|turn|51\n|\n|t:|1700181920\n|move|p1a: Dragapult|Shadow Ball|p2a: Clodsire\n|-damage|p2a: Clodsire|41\/100\n|-unboost|p2a: Clodsire|spd|1\n|move|p2a: Clodsire|Earthquake|p1a: Dragapult\n|-damage|p1a: Dragapult|60\/100\n|\n|-heal|p2a: Clodsire|47\/100|[from] item: Leftovers\n|upkeep\n|turn|52\n|\n|t:|1700181936\n|switch|p2a: Corviknight|Corviknight, F|51\/100\n|-ability|p2a: Corviknight|Pressure\n|move|p1a: Dragapult|Shadow Ball|p2a: Corviknight\n|-damage|p2a: Corviknight|0 fnt\n|faint|p2a: Corviknight\n|\n|upkeep\n|\n|t:|1700181938\n|switch|p2a: Ogerpon|Ogerpon, F|100\/100\n|turn|53\n|\n|t:|1700181951\n|switch|p1a: Cinderace|Cinderace, M|79\/100 tox\n|-terastallize|p2a: Ogerpon|Grass\n|detailschange|p2a: Ogerpon|Ogerpon-Teal-Tera, F, tera:Grass\n|-ability|p2a: Ogerpon|Embody Aspect (Teal)|boost\n|-boost|p2a: Ogerpon|spe|1\n|move|p2a: Ogerpon|Horn Leech|p1a: Cinderace\n|-resisted|p1a: Cinderace\n|-damage|p1a: Cinderace|42\/100 tox\n|\n|-damage|p1a: Cinderace|36\/100 tox|[from] psn\n|upkeep\n|turn|54\n|\n|t:|1700181962\n|move|p2a: Ogerpon|Knock Off|p1a: Cinderace\n|-damage|p1a: Cinderace|0 fnt\n|-enditem|p1a: Cinderace|Heavy-Duty Boots|[from] move: Knock Off|[of] p2a: Ogerpon\n|faint|p1a: Cinderace\n|\n|upkeep\n|\n|t:|1700181966\n|switch|p1a: Rillaboom|Rillaboom, F|86\/100\n|-fieldstart|move: Grassy Terrain|[from] ability: Grassy Surge|[of] p1a: Rillaboom\n|turn|55\n|\n|t:|1700182019\n|switch|p2a: Clodsire|Clodsire, M|47\/100\n|move|p1a: Rillaboom|U-turn|p2a: Clodsire\n|-resisted|p2a: Clodsire\n|-damage|p2a: Clodsire|24\/100\n|\n|t:|1700182024\n|switch|p1a: Dragapult|Dragapult, M, tera:Ghost|60\/100|[from] U-turn\n|\n|-heal|p1a: Dragapult|66\/100|[from] Grassy Terrain\n|-heal|p2a: Clodsire|30\/100|[from] Grassy Terrain\n|-heal|p2a: Clodsire|36\/100|[from] item: Leftovers\n|upkeep\n|turn|56\n|\n|t:|1700182033\n|move|p1a: Dragapult|Draco Meteor|p2a: Clodsire\n|-damage|p2a: Clodsire|0 fnt\n|-unboost|p1a: Dragapult|spa|2\n|faint|p2a: Clodsire\n|\n|-heal|p1a: Dragapult|72\/100|[from] Grassy Terrain\n|upkeep\n|\n|t:|1700182037\n|switch|p2a: Ogerpon|Ogerpon-Teal-Tera, F, tera:Grass|100\/100\n|-ability|p2a: Ogerpon|Embody Aspect (Teal)|boost\n|-boost|p2a: Ogerpon|spe|1\n|turn|57\n|\n|t:|1700182045\n|switch|p1a: Rillaboom|Rillaboom, F|86\/100\n|move|p2a: Ogerpon|Swords Dance|p2a: Ogerpon\n|-boost|p2a: Ogerpon|atk|2\n|\n|-heal|p1a: Rillaboom|92\/100|[from] Grassy Terrain\n|upkeep\n|turn|58\n|\n|t:|1700182052\n|move|p2a: Ogerpon|Knock Off|p1a: Rillaboom\n|-damage|p1a: Rillaboom|12\/100\n|-enditem|p1a: Rillaboom|Choice Band|[from] move: Knock Off|[of] p2a: Ogerpon\n|move|p1a: Rillaboom|U-turn|p2a: Ogerpon\n|-supereffective|p2a: Ogerpon\n|-damage|p2a: Ogerpon|47\/100\n|\n|t:|1700182058\n|switch|p1a: Dragapult|Dragapult, M, tera:Ghost|72\/100|[from] U-turn\n|\n|-heal|p1a: Dragapult|78\/100|[from] Grassy Terrain\n|-heal|p2a: Ogerpon|53\/100|[from] Grassy Terrain\n|-heal|p2a: Ogerpon|59\/100|[from] item: Leftovers\n|upkeep\n|turn|59\n|\n|t:|1700182065\n|move|p1a: Dragapult|Shadow Ball|p2a: Ogerpon\n|-damage|p2a: Ogerpon|0 fnt\n|faint|p2a: Ogerpon\n|\n|-heal|p1a: Dragapult|84\/100|[from] Grassy Terrain\n|-fieldend|move: Grassy Terrain\n|upkeep\n|\n|t:|1700182067\n|switch|p2a: Dachsbun|Dachsbun, M|83\/100\n|turn|60\n|\n|t:|1700182072\n|move|p2a: Dachsbun|Protect|p2a: Dachsbun\n|-singleturn|p2a: Dachsbun|Protect\n|move|p1a: Dragapult|Shadow Ball|p2a: Dachsbun\n|-activate|p2a: Dachsbun|move: Protect\n|\n|-heal|p2a: Dachsbun|89\/100|[from] item: Leftovers\n|upkeep\n|turn|61\n|\n|t:|1700182081\n|move|p1a: Dragapult|Shadow Ball|p2a: Dachsbun\n|-damage|p2a: Dachsbun|26\/100\n|move|p2a: Dachsbun|Wish|p2a: Dachsbun\n|\n|-heal|p2a: Dachsbun|32\/100|[from] item: Leftovers\n|upkeep\n|turn|62\n|\n|t:|1700182099\n|move|p1a: Dragapult|Shadow Ball|p2a: Dachsbun\n|-damage|p2a: Dachsbun|0 fnt\n|faint|p2a: Dachsbun\n|\n|win|thedebatablereaper\n|raw|thedebatablereaper's rating: 1675 &rarr; <strong>1696<\/strong><br \/>(+21 for winning)\n|raw|Manjack's rating: 1688 &rarr; <strong>1667<\/strong><br \/>(-21 for losing)\n|c|\u2606Manjack|Ah\n|c|\u2606Manjack|Gg\n|c|\u2606thedebatablereaper|gg\n","uploadtime":1700182110,"views":7,"p1id":"thedebatablereaper","p2id":"manjack","formatid":"gen9ou","rating":1667,"private":0,"password":""}