{"id":"gen9ou-1989860895","p1":"Dryosaurus","p2":"Tokisaki Dalet","format":"[Gen 9] OU","log":"|j|\u203dDryosaurus\n|j|\u2606Tokisaki Dalet\n|t:|1699901824\n|gametype|singles\n|player|p1|Dryosaurus|guzma-masters|1483\n|player|p2|Tokisaki Dalet|cynthia|1409\n|teamsize|p1|6\n|teamsize|p2|6\n|gen|9\n|tier|[Gen 9] OU\n|rated|\n|rule|Sleep Clause Mod: Limit one foe put to sleep\n|rule|Species Clause: Limit one of each Pok\u00e9mon\n|rule|OHKO Clause: OHKO moves are banned\n|rule|Evasion Items Clause: Evasion items are banned\n|rule|Evasion Moves Clause: Evasion moves are banned\n|rule|Endless Battle Clause: Forcing endless battles is banned\n|rule|HP Percentage Mod: HP is shown in percentages\n|clearpoke\n|poke|p1|Landorus-Therian, M|\n|poke|p1|Samurott-Hisui, M|\n|poke|p1|Gholdengo|\n|poke|p1|Zamazenta-*|\n|poke|p1|Slowking-Galar, M|\n|poke|p1|Dragonite, F|\n|poke|p2|Ting-Lu|\n|poke|p2|Cinderace, F|\n|poke|p2|Dragapult, F|\n|poke|p2|Rotom-Wash|\n|poke|p2|Corviknight, F|\n|poke|p2|Ogerpon-Wellspring, F|\n|teampreview\n|inactive|Battle timer is ON: inactive players will automatically lose when time's up. (requested by Tokisaki Dalet)\n|\n|t:|1699901841\n|start\n|switch|p1a: Samurott|Samurott-Hisui, M|100\/100\n|switch|p2a: Rotom|Rotom-Wash|100\/100\n|turn|1\n|\n|t:|1699901851\n|move|p1a: Samurott|Flip Turn|p2a: Rotom\n|-resisted|p2a: Rotom\n|-damage|p2a: Rotom|89\/100\n|\n|t:|1699901854\n|switch|p1a: Slowking|Slowking-Galar, M, shiny|100\/100|[from] Flip Turn\n|move|p2a: Rotom|Volt Switch|p1a: Slowking\n|-damage|p1a: Slowking|84\/100\n|\n|t:|1699901861\n|switch|p2a: Ogerpon|Ogerpon-Wellspring, F|100\/100|[from] Volt Switch\n|\n|upkeep\n|turn|2\n|\n|t:|1699901869\n|move|p2a: Ogerpon|Ivy Cudgel|p1a: Slowking\n|-damage|p1a: Slowking|24\/100\n|move|p1a: Slowking|Sludge Bomb|p2a: Ogerpon\n|-supereffective|p2a: Ogerpon\n|-damage|p2a: Ogerpon|19\/100\n|-status|p2a: Ogerpon|psn\n|\n|-damage|p2a: Ogerpon|6\/100 psn|[from] psn\n|upkeep\n|turn|3\n|\n|t:|1699901878\n|switch|p1a: Dragonite|Dragonite, F|100\/100\n|move|p2a: Ogerpon|Ivy Cudgel|p1a: Dragonite\n|-resisted|p1a: Dragonite\n|-crit|p1a: Dragonite\n|-damage|p1a: Dragonite|77\/100\n|\n|-damage|p2a: Ogerpon|0 fnt|[from] psn\n|faint|p2a: Ogerpon\n|upkeep\n|\n|t:|1699901883\n|switch|p2a: Dragapult|Dragapult, F|100\/100\n|turn|4\n|\n|t:|1699901899\n|switch|p1a: Slowking|Slowking-Galar, M, shiny|57\/100\n|move|p2a: Dragapult|Draco Meteor|p1a: Slowking\n|-damage|p1a: Slowking|5\/100\n|-unboost|p2a: Dragapult|spa|2\n|\n|upkeep\n|turn|5\n|\n|t:|1699901913\n|-terastallize|p1a: Slowking|Fairy\n|move|p2a: Dragapult|Draco Meteor|p1a: Slowking\n|-immune|p1a: Slowking\n|move|p1a: Slowking|Slack Off|p1a: Slowking\n|-heal|p1a: Slowking|55\/100\n|\n|upkeep\n|turn|6\n|\n|t:|1699901921\n|switch|p2a: Ting-Lu|Ting-Lu|100\/100\n|-ability|p2a: Ting-Lu|Vessel of Ruin\n|move|p1a: Slowking|Chilly Reception|p1a: Slowking\n|-weather|Snow\n|\n|t:|1699901933\n|switch|p1a: Samurott|Samurott-Hisui, M|100\/100|[from] Chilly Reception\n|\n|-weather|Snow|[upkeep]\n|upkeep\n|turn|7\n|\n|t:|1699901939\n|switch|p2a: Rotom|Rotom-Wash|89\/100\n|move|p1a: Samurott|Razor Shell|p2a: Rotom\n|-resisted|p2a: Rotom\n|-damage|p2a: Rotom|69\/100\n|-unboost|p2a: Rotom|def|1\n|\n|-weather|Snow|[upkeep]\n|-heal|p2a: Rotom|75\/100|[from] item: Leftovers\n|upkeep\n|turn|8\n|\n|t:|1699901951\n|move|p1a: Samurott|Flip Turn|p2a: Rotom\n|-resisted|p2a: Rotom\n|-damage|p2a: Rotom|59\/100\n|\n|t:|1699901955\n|switch|p1a: Slowking|Slowking-Galar, M, shiny, tera:Fairy|88\/100|[from] Flip Turn\n|move|p2a: Rotom|Hydro Pump|p1a: Slowking\n|-damage|p1a: Slowking|65\/100\n|\n|-weather|Snow|[upkeep]\n|-heal|p2a: Rotom|65\/100|[from] item: Leftovers\n|upkeep\n|turn|9\n|\n|t:|1699901964\n|move|p2a: Rotom|Volt Switch|p1a: Slowking\n|-damage|p1a: Slowking|51\/100\n|\n|t:|1699901969\n|switch|p2a: Ting-Lu|Ting-Lu|100\/100|[from] Volt Switch\n|-ability|p2a: Ting-Lu|Vessel of Ruin\n|move|p1a: Slowking|Chilly Reception|p1a: Slowking\n|\n|t:|1699901977\n|switch|p1a: Samurott|Samurott-Hisui, M|100\/100|[from] Chilly Reception\n|\n|-weather|Snow|[upkeep]\n|upkeep\n|turn|10\n|\n|t:|1699901982\n|switch|p2a: Corviknight|Corviknight, F|100\/100\n|-ability|p2a: Corviknight|Pressure\n|move|p1a: Samurott|Knock Off|p2a: Corviknight\n|-damage|p2a: Corviknight|76\/100\n|-enditem|p2a: Corviknight|Leftovers|[from] move: Knock Off|[of] p1a: Samurott\n|\n|-weather|none\n|upkeep\n|turn|11\n|\n|t:|1699901992\n|move|p1a: Samurott|Ceaseless Edge|p2a: Corviknight\n|-damage|p2a: Corviknight|48\/100\n|-sidestart|p2: Tokisaki Dalet|Spikes\n|move|p2a: Corviknight|U-turn|p1a: Samurott\n|-supereffective|p1a: Samurott\n|-damage|p1a: Samurott|66\/100\n|\n|t:|1699901995\n|switch|p2a: Cinderace|Cinderace, F|100\/100|[from] U-turn\n|\n|upkeep\n|turn|12\n|\n|t:|1699902001\n|move|p2a: Cinderace|U-turn|p1a: Samurott\n|-start|p2a: Cinderace|typechange|Bug|[from] ability: Libero\n|-supereffective|p1a: Samurott\n|-damage|p1a: Samurott|0 fnt\n|faint|p1a: Samurott\n|\n|t:|1699902007\n|switch|p2a: Rotom|Rotom-Wash|65\/100|[from] U-turn\n|\n|-heal|p2a: Rotom|71\/100|[from] item: Leftovers\n|upkeep\n|\n|t:|1699902013\n|switch|p1a: Slowking|Slowking-Galar, M, shiny, tera:Fairy|85\/100\n|turn|13\n|\n|t:|1699902022\n|move|p2a: Rotom|Volt Switch|p1a: Slowking\n|-damage|p1a: Slowking|68\/100\n|\n|t:|1699902025\n|switch|p2a: Corviknight|Corviknight, F|48\/100|[from] Volt Switch\n|-ability|p2a: Corviknight|Pressure\n|move|p1a: Slowking|Chilly Reception|p1a: Slowking\n|-weather|Snow\n|\n|t:|1699902033\n|switch|p1a: Gholdengo|Gholdengo|100\/100|[from] Chilly Reception\n|-item|p1a: Gholdengo|Air Balloon\n|\n|-weather|Snow|[upkeep]\n|upkeep\n|turn|14\n|\n|t:|1699902040\n|switch|p2a: Ting-Lu|Ting-Lu|100\/100\n|-damage|p2a: Ting-Lu|88\/100|[from] Spikes\n|-ability|p2a: Ting-Lu|Vessel of Ruin\n|move|p1a: Gholdengo|Nasty Plot|p1a: Gholdengo\n|-boost|p1a: Gholdengo|spa|2\n|\n|-weather|Snow|[upkeep]\n|-heal|p2a: Ting-Lu|94\/100|[from] item: Leftovers\n|upkeep\n|turn|15\n|\n|t:|1699902051\n|move|p1a: Gholdengo|Nasty Plot|p1a: Gholdengo\n|-boost|p1a: Gholdengo|spa|2\n|move|p2a: Ting-Lu|Ruination|p1a: Gholdengo\n|-damage|p1a: Gholdengo|50\/100\n|-enditem|p1a: Gholdengo|Air Balloon\n|\n|-weather|Snow|[upkeep]\n|-heal|p2a: Ting-Lu|100\/100|[from] item: Leftovers\n|upkeep\n|turn|16\n|\n|t:|1699902061\n|move|p1a: Gholdengo|Make It Rain|p2a: Ting-Lu\n|-damage|p2a: Ting-Lu|26\/100\n|-unboost|p1a: Gholdengo|spa|1\n|move|p2a: Ting-Lu|Earthquake|p1a: Gholdengo\n|-supereffective|p1a: Gholdengo\n|-damage|p1a: Gholdengo|0 fnt\n|faint|p1a: Gholdengo\n|\n|-weather|Snow|[upkeep]\n|-heal|p2a: Ting-Lu|33\/100|[from] item: Leftovers\n|upkeep\n|\n|t:|1699902073\n|switch|p1a: Zamazenta|Zamazenta|100\/100\n|-ability|p1a: Zamazenta|Dauntless Shield|boost\n|-boost|p1a: Zamazenta|def|1\n|turn|17\n|\n|t:|1699902078\n|move|p1a: Zamazenta|Close Combat|p2a: Ting-Lu\n|-supereffective|p2a: Ting-Lu\n|-damage|p2a: Ting-Lu|0 fnt\n|-unboost|p1a: Zamazenta|def|1\n|-unboost|p1a: Zamazenta|spd|1\n|faint|p2a: Ting-Lu\n|\n|-weather|none\n|upkeep\n|\n|t:|1699902085\n|switch|p2a: Rotom|Rotom-Wash|71\/100\n|turn|18\n|\n|t:|1699902089\n|switch|p1a: Slowking|Slowking-Galar, M, shiny, tera:Fairy|100\/100\n|move|p2a: Rotom|Hydro Pump|p1a: Slowking\n|-damage|p1a: Slowking|78\/100\n|\n|-heal|p2a: Rotom|77\/100|[from] item: Leftovers\n|upkeep\n|turn|19\n|\n|t:|1699902102\n|move|p2a: Rotom|Volt Switch|p1a: Slowking\n|-damage|p1a: Slowking|62\/100\n|\n|t:|1699902105\n|switch|p2a: Dragapult|Dragapult, F|100\/100|[from] Volt Switch\n|-damage|p2a: Dragapult|88\/100|[from] Spikes\n|move|p1a: Slowking|Future Sight|p2a: Dragapult\n|-start|p1a: Slowking|move: Future Sight\n|\n|upkeep\n|turn|20\n|\n|t:|1699902112\n|-terastallize|p2a: Dragapult|Ghost\n|move|p2a: Dragapult|Shadow Ball|p1a: Slowking\n|-damage|p1a: Slowking|20\/100\n|-unboost|p1a: Slowking|spd|1\n|move|p1a: Slowking|Chilly Reception|p1a: Slowking\n|-weather|Snow\n|\n|t:|1699902139\n|switch|p1a: Zamazenta|Zamazenta|100\/100|[from] Chilly Reception\n|\n|-weather|Snow|[upkeep]\n|upkeep\n|turn|21\n|\n|t:|1699902148\n|switch|p2a: Corviknight|Corviknight, F|48\/100\n|-ability|p2a: Corviknight|Pressure\n|move|p1a: Zamazenta|Crunch|p2a: Corviknight\n|-damage|p2a: Corviknight|32\/100\n|\n|-weather|Snow|[upkeep]\n|-end|p2a: Corviknight|move: Future Sight\n|-resisted|p2a: Corviknight\n|-damage|p2a: Corviknight|12\/100\n|upkeep\n|turn|22\n|\n|t:|1699902158\n|move|p1a: Zamazenta|Crunch|p2a: Corviknight\n|-damage|p2a: Corviknight|0 fnt\n|faint|p2a: Corviknight\n|\n|-weather|Snow|[upkeep]\n|upkeep\n|\n|t:|1699902160\n|switch|p2a: Rotom|Rotom-Wash|77\/100\n|turn|23\n|\n|t:|1699902167\n|switch|p1a: Slowking|Slowking-Galar, M, shiny, tera:Fairy|53\/100\n|move|p2a: Rotom|Volt Switch|p1a: Slowking\n|-damage|p1a: Slowking|38\/100\n|\n|t:|1699902171\n|switch|p2a: Cinderace|Cinderace, F|100\/100|[from] Volt Switch\n|\n|-weather|Snow|[upkeep]\n|upkeep\n|turn|24\n|\n|t:|1699902177\n|switch|p1a: Landorus|Landorus-Therian, M, shiny|100\/100\n|-ability|p1a: Landorus|Intimidate|boost\n|-unboost|p2a: Cinderace|atk|1\n|move|p2a: Cinderace|Pyro Ball|p1a: Landorus\n|-damage|p1a: Landorus|75\/100\n|\n|-weather|none\n|upkeep\n|turn|25\n|\n|t:|1699902187\n|switch|p2a: Rotom|Rotom-Wash|77\/100\n|move|p1a: Landorus|Stealth Rock|p2a: Rotom\n|-sidestart|p2: Tokisaki Dalet|move: Stealth Rock\n|\n|-heal|p2a: Rotom|84\/100|[from] item: Leftovers\n|upkeep\n|turn|26\n|\n|t:|1699902194\n|move|p2a: Rotom|Volt Switch|p1a: Landorus\n|-immune|p1a: Landorus\n|move|p1a: Landorus|U-turn|p2a: Rotom\n|-damage|p2a: Rotom|64\/100\n|\n|t:|1699902202\n|switch|p1a: Slowking|Slowking-Galar, M, shiny, tera:Fairy|71\/100|[from] U-turn\n|\n|-heal|p2a: Rotom|70\/100|[from] item: Leftovers\n|upkeep\n|turn|27\n|\n|t:|1699902210\n|move|p2a: Rotom|Volt Switch|p1a: Slowking\n|-damage|p1a: Slowking|56\/100\n|\n|t:|1699902211\n|switch|p2a: Cinderace|Cinderace, F|100\/100|[from] Volt Switch\n|move|p1a: Slowking|Sludge Bomb|p2a: Cinderace\n|-damage|p2a: Cinderace|52\/100\n|\n|upkeep\n|turn|28\n|\n|t:|1699902219\n|move|p2a: Cinderace|Court Change|p2a: Cinderace\n|-start|p2a: Cinderace|typechange|Normal|[from] ability: Libero\n|-swapsideconditions\n|-activate|p2a: Cinderace|move: Court Change\n|move|p1a: Slowking|Future Sight|p2a: Cinderace\n|-start|p1a: Slowking|move: Future Sight\n|\n|upkeep\n|turn|29\n|\n|t:|1699902225\n|switch|p1a: Landorus|Landorus-Therian, M, shiny|75\/100\n|-damage|p1a: Landorus|63\/100|[from] Stealth Rock\n|-ability|p1a: Landorus|Intimidate|boost\n|-unboost|p2a: Cinderace|atk|1\n|move|p2a: Cinderace|Pyro Ball|p1a: Landorus\n|-damage|p1a: Landorus|44\/100\n|\n|upkeep\n|turn|30\n|\n|t:|1699902233\n|move|p2a: Cinderace|U-turn|p1a: Landorus\n|-resisted|p1a: Landorus\n|-damage|p1a: Landorus|39\/100\n|-damage|p2a: Cinderace|36\/100|[from] item: Rocky Helmet|[of] p1a: Landorus\n|\n|t:|1699902235\n|switch|p2a: Dragapult|Dragapult, F, tera:Ghost|88\/100|[from] U-turn\n|move|p1a: Landorus|Stealth Rock|p2a: Dragapult\n|-sidestart|p2: Tokisaki Dalet|move: Stealth Rock\n|\n|-end|p2a: Dragapult|move: Future Sight\n|-damage|p2a: Dragapult|27\/100\n|upkeep\n|turn|31\n|\n|t:|1699902250\n|move|p2a: Dragapult|Shadow Ball|p1a: Landorus\n|-damage|p1a: Landorus|0 fnt\n|faint|p1a: Landorus\n|\n|upkeep\n|\n|t:|1699902255\n|switch|p1a: Slowking|Slowking-Galar, M, shiny, tera:Fairy|90\/100\n|turn|32\n|\n|t:|1699902260\n|switch|p2a: Rotom|Rotom-Wash|70\/100\n|-damage|p2a: Rotom|58\/100|[from] Stealth Rock\n|move|p1a: Slowking|Sludge Bomb|p2a: Rotom\n|-damage|p2a: Rotom|21\/100\n|\n|-heal|p2a: Rotom|27\/100|[from] item: Leftovers\n|upkeep\n|turn|33\n|-message|Tokisaki Dalet forfeited.\n|\n|win|Dryosaurus\n|raw|Dryosaurus's rating: 1483 &rarr; <strong>1499<\/strong><br \/>(+16 for winning)\n|raw|Tokisaki Dalet's rating: 1409 &rarr; <strong>1393<\/strong><br \/>(-16 for losing)\n|l|\u2606Tokisaki Dalet\n","uploadtime":1699902279,"views":28,"p1id":"dryosaurus","p2id":"tokisakidalet","formatid":"gen9ou","rating":1393,"private":0,"password":""}