{"id":"gen9ou-1990706005","p1":"Droid17","p2":"Gardiku","format":"[Gen 9] OU","log":"|j|\u2606Droid17\n|j|\u2606Gardiku\n|t:|1699993421\n|gametype|singles\n|player|p1|Droid17|169|1183\n|player|p2|Gardiku|101|1205\n|teamsize|p1|6\n|teamsize|p2|6\n|gen|9\n|tier|[Gen 9] OU\n|rated|\n|rule|Sleep Clause Mod: Limit one foe put to sleep\n|rule|Species Clause: Limit one of each Pok\u00e9mon\n|rule|OHKO Clause: OHKO moves are banned\n|rule|Evasion Items Clause: Evasion items are banned\n|rule|Evasion Moves Clause: Evasion moves are banned\n|rule|Endless Battle Clause: Forcing endless battles is banned\n|rule|HP Percentage Mod: HP is shown in percentages\n|clearpoke\n|poke|p1|Conkeldurr, F|\n|poke|p1|Samurott-Hisui, M|\n|poke|p1|Clefable, M|\n|poke|p1|Moltres|\n|poke|p1|Amoonguss, F|\n|poke|p1|Kingambit, M|\n|poke|p2|Mienshao, F|\n|poke|p2|Slowking-Galar, M|\n|poke|p2|Glimmora, F|\n|poke|p2|Ogerpon-Wellspring, F|\n|poke|p2|Iron Treads|\n|poke|p2|Zapdos|\n|teampreview\n|\n|t:|1699993439\n|start\n|switch|p1a: Samurott|Samurott-Hisui, M|100\/100\n|switch|p2a: Glimmora|Glimmora, F|100\/100\n|turn|1\n|inactive|Battle timer is ON: inactive players will automatically lose when time's up. (requested by Droid17)\n|\n|t:|1699993446\n|move|p1a: Samurott|Flip Turn|p2a: Glimmora\n|-supereffective|p2a: Glimmora\n|-damage|p2a: Glimmora|39\/100\n|-activate|p2a: Glimmora|ability: Toxic Debris\n|-sidestart|p1: Droid17|move: Toxic Spikes\n|\n|t:|1699993465\n|switch|p1a: Amoonguss|Amoonguss, F|100\/100|[from] Flip Turn\n|-sideend|p1: Droid17|move: Toxic Spikes|[of] p1a: Amoonguss\n|move|p2a: Glimmora|Energy Ball|p1a: Amoonguss\n|-resisted|p1a: Amoonguss\n|-damage|p1a: Amoonguss|95\/100\n|\n|upkeep\n|turn|2\n|\n|t:|1699993480\n|switch|p2a: Zapdos|Zapdos|100\/100\n|switch|p1a: Samurott|Samurott-Hisui, M|100\/100\n|\n|upkeep\n|turn|3\n|inactive|Droid17 has 120 seconds left.\n|\n|t:|1699993512\n|switch|p1a: Amoonguss|Amoonguss, F|100\/100\n|move|p2a: Zapdos|Hurricane|p1a: Amoonguss\n|-supereffective|p1a: Amoonguss\n|-damage|p1a: Amoonguss|36\/100\n|\n|upkeep\n|turn|4\n|inactive|Droid17 has 120 seconds left.\n|\n|t:|1699993522\n|switch|p1a: Kingambit|Kingambit, M|100\/100\n|move|p2a: Zapdos|Hurricane|p1a: Kingambit\n|-resisted|p1a: Kingambit\n|-crit|p1a: Kingambit\n|-damage|p1a: Kingambit|74\/100\n|-start|p1a: Kingambit|confusion\n|-enditem|p1a: Kingambit|Lum Berry|[eat]\n|-end|p1a: Kingambit|confusion\n|\n|upkeep\n|turn|5\n|inactive|Droid17 has 120 seconds left.\n|\n|t:|1699993543\n|move|p2a: Zapdos|Heat Wave|p1a: Kingambit|[miss]\n|-miss|p2a: Zapdos|p1a: Kingambit\n|move|p1a: Kingambit|Swords Dance|p1a: Kingambit\n|-boost|p1a: Kingambit|atk|2\n|\n|upkeep\n|turn|6\n|\n|t:|1699993548\n|move|p2a: Zapdos|Volt Switch|p1a: Kingambit\n|-damage|p1a: Kingambit|50\/100\n|\n|t:|1699993554\n|switch|p2a: Iron Treads|Iron Treads|100\/100|[from] Volt Switch\n|-enditem|p2a: Iron Treads|Booster Energy\n|-activate|p2a: Iron Treads|ability: Quark Drive|[fromitem]\n|-start|p2a: Iron Treads|quarkdrivespe\n|move|p1a: Kingambit|Iron Head|p2a: Iron Treads\n|-resisted|p2a: Iron Treads\n|-damage|p2a: Iron Treads|62\/100\n|\n|upkeep\n|turn|7\n|inactive|Droid17 has 120 seconds left.\n|\n|t:|1699993570\n|switch|p1a: Moltres|Moltres|100\/100\n|move|p2a: Iron Treads|Earthquake|p1a: Moltres\n|-immune|p1a: Moltres\n|\n|upkeep\n|turn|8\n|\n|t:|1699993578\n|-end|p2a: Iron Treads|Quark Drive|[silent]\n|switch|p2a: Slowking|Slowking-Galar, M|100\/100\n|move|p1a: Moltres|Will-O-Wisp|p2a: Slowking\n|-status|p2a: Slowking|brn\n|\n|-damage|p2a: Slowking|94\/100 brn|[from] brn\n|upkeep\n|turn|9\n|\n|t:|1699993580\n|move|p1a: Moltres|U-turn|p2a: Slowking\n|-damage|p2a: Slowking|83\/100 brn\n|\n|t:|1699993584\n|switch|p1a: Samurott|Samurott-Hisui, M|100\/100|[from] U-turn\n|move|p2a: Slowking|Thunder Wave|p1a: Samurott\n|-status|p1a: Samurott|par\n|\n|-damage|p2a: Slowking|77\/100 brn|[from] brn\n|upkeep\n|turn|10\n|\n|t:|1699993589\n|switch|p2a: Glimmora|Glimmora, F|39\/100\n|move|p1a: Samurott|Ceaseless Edge|p2a: Glimmora\n|-damage|p2a: Glimmora|0 fnt\n|-activate|p2a: Glimmora|ability: Toxic Debris\n|-sidestart|p1: Droid17|move: Toxic Spikes\n|-sidestart|p2: Gardiku|Spikes\n|faint|p2a: Glimmora\n|\n|upkeep\n|\n|t:|1699993594\n|switch|p2a: Zapdos|Zapdos|100\/100\n|turn|11\n|\n|t:|1699993598\n|move|p2a: Zapdos|Hurricane|p1a: Samurott|[miss]\n|-miss|p2a: Zapdos|p1a: Samurott\n|move|p1a: Samurott|Ceaseless Edge|p2a: Zapdos\n|-damage|p2a: Zapdos|63\/100\n|-sidestart|p2: Gardiku|Spikes\n|\n|upkeep\n|turn|12\n|\n|t:|1699993602\n|move|p2a: Zapdos|Hurricane|p1a: Samurott\n|-damage|p1a: Samurott|35\/100 par\n|-start|p1a: Samurott|confusion\n|-activate|p1a: Samurott|confusion\n|-damage|p1a: Samurott|19\/100 par|[from] confusion\n|\n|upkeep\n|turn|13\n|\n|t:|1699993617\n|move|p2a: Zapdos|Volt Switch|p1a: Samurott\n|-supereffective|p1a: Samurott\n|-damage|p1a: Samurott|0 fnt\n|faint|p1a: Samurott\n|\n|t:|1699993619\n|switch|p2a: Mienshao|Mienshao, F|100\/100|[from] Volt Switch\n|-damage|p2a: Mienshao|84\/100|[from] Spikes\n|\n|upkeep\n|\n|t:|1699993625\n|switch|p1a: Amoonguss|Amoonguss, F|69\/100\n|-sideend|p1: Droid17|move: Toxic Spikes|[of] p1a: Amoonguss\n|turn|14\n|\n|t:|1699993628\n|-terastallize|p2a: Mienshao|Ice\n|move|p2a: Mienshao|Ice Spinner|p1a: Amoonguss\n|-supereffective|p1a: Amoonguss\n|-damage|p1a: Amoonguss|0 fnt\n|faint|p1a: Amoonguss\n|-damage|p2a: Mienshao|74\/100|[from] item: Life Orb\n|\n|upkeep\n|\n|t:|1699993639\n|switch|p1a: Moltres|Moltres|100\/100\n|turn|15\n|\n|t:|1699993650\n|switch|p2a: Slowking|Slowking-Galar, M|100\/100 brn\n|-damage|p2a: Slowking|84\/100 brn|[from] Spikes\n|move|p1a: Moltres|Flamethrower|p2a: Slowking\n|-damage|p2a: Slowking|50\/100 brn\n|\n|-damage|p2a: Slowking|44\/100 brn|[from] brn\n|upkeep\n|turn|16\n|\n|t:|1699993656\n|move|p1a: Moltres|Flamethrower|p2a: Slowking\n|-damage|p2a: Slowking|12\/100 brn\n|move|p2a: Slowking|Thunder Wave|p1a: Moltres\n|-status|p1a: Moltres|par\n|\n|-damage|p2a: Slowking|6\/100 brn|[from] brn\n|upkeep\n|turn|17\n|\n|t:|1699993662\n|switch|p2a: Ogerpon|Ogerpon-Wellspring, F|100\/100\n|-damage|p2a: Ogerpon|84\/100|[from] Spikes\n|move|p1a: Moltres|U-turn|p2a: Ogerpon\n|-supereffective|p2a: Ogerpon\n|-damage|p2a: Ogerpon|46\/100\n|\n|t:|1699993667\n|switch|p1a: Conkeldurr|Conkeldurr, F|100\/100|[from] U-turn\n|\n|-status|p1a: Conkeldurr|brn|[from] item: Flame Orb\n|upkeep\n|turn|18\n|\n|t:|1699993688\n|-terastallize|p1a: Conkeldurr|Fighting\n|move|p1a: Conkeldurr|Mach Punch|p2a: Ogerpon\n|-damage|p2a: Ogerpon|0 fnt\n|faint|p2a: Ogerpon\n|\n|-damage|p1a: Conkeldurr|95\/100 brn|[from] brn\n|upkeep\n|\n|t:|1699993692\n|switch|p2a: Zapdos|Zapdos|63\/100\n|turn|19\n|inactive|Droid17 has 120 seconds left.\n|inactive|Droid17 has 90 seconds left.\n|\n|t:|1699993775\n|switch|p1a: Moltres|Moltres|100\/100 par\n|move|p2a: Zapdos|Hurricane|p1a: Moltres\n|-damage|p1a: Moltres|49\/100 par\n|\n|upkeep\n|turn|20\n|\n|t:|1699993790\n|switch|p1a: Clefable|Clefable, M|100\/100\n|move|p2a: Zapdos|Hurricane|p1a: Clefable\n|-damage|p1a: Clefable|61\/100\n|\n|upkeep\n|turn|21\n|\n|t:|1699993794\n|move|p2a: Zapdos|Volt Switch|p1a: Clefable\n|-damage|p1a: Clefable|38\/100\n|\n|t:|1699993797\n|switch|p2a: Iron Treads|Iron Treads|62\/100|[from] Volt Switch\n|-damage|p2a: Iron Treads|46\/100|[from] Spikes\n|move|p1a: Clefable|Wish|p1a: Clefable\n|\n|upkeep\n|turn|22\n|\n|t:|1699993808\n|move|p1a: Clefable|Protect|p1a: Clefable\n|-singleturn|p1a: Clefable|Protect\n|move|p2a: Iron Treads|Rapid Spin|p1a: Clefable\n|-activate|p1a: Clefable|move: Protect\n|\n|-heal|p1a: Clefable|88\/100|[from] move: Wish|[wisher] Clefable\n|upkeep\n|turn|23\n|\n|t:|1699993812\n|switch|p1a: Moltres|Moltres|49\/100 par\n|move|p2a: Iron Treads|Rapid Spin|p1a: Moltres\n|-damage|p1a: Moltres|32\/100 par\n|-boost|p2a: Iron Treads|spe|1\n|-sideend|p2: Gardiku|Spikes|[from] move: Rapid Spin|[of] p2a: Iron Treads\n|\n|upkeep\n|turn|24\n|\n|t:|1699993816\n|move|p2a: Iron Treads|Knock Off|p1a: Moltres\n|-crit|p1a: Moltres\n|-damage|p1a: Moltres|0 fnt\n|-enditem|p1a: Moltres|Heavy-Duty Boots|[from] move: Knock Off|[of] p2a: Iron Treads\n|faint|p1a: Moltres\n|\n|upkeep\n|\n|t:|1699993819\n|switch|p1a: Conkeldurr|Conkeldurr, F, tera:Fighting|95\/100 brn\n|turn|25\n|\n|t:|1699993822\n|-end|p2a: Iron Treads|Quark Drive|[silent]\n|switch|p2a: Zapdos|Zapdos|63\/100\n|move|p1a: Conkeldurr|Mach Punch|p2a: Zapdos\n|-resisted|p2a: Zapdos\n|-damage|p2a: Zapdos|39\/100\n|\n|-damage|p1a: Conkeldurr|89\/100 brn|[from] brn\n|upkeep\n|turn|26\n|inactive|Droid17 has 120 seconds left.\n|\n|t:|1699993837\n|switch|p1a: Clefable|Clefable, M|88\/100\n|move|p2a: Zapdos|Roost|p2a: Zapdos\n|-heal|p2a: Zapdos|89\/100\n|-singleturn|p2a: Zapdos|move: Roost\n|\n|upkeep\n|turn|27\n|\n|t:|1699993863\n|move|p2a: Zapdos|Volt Switch|p1a: Clefable\n|-damage|p1a: Clefable|64\/100\n|\n|t:|1699993866\n|switch|p2a: Iron Treads|Iron Treads|46\/100|[from] Volt Switch\n|move|p1a: Clefable|Wish|p1a: Clefable\n|\n|upkeep\n|turn|28\n|\n|t:|1699993872\n|-end|p2a: Iron Treads|Quark Drive|[silent]\n|switch|p2a: Slowking|Slowking-Galar, M|39\/100 brn\n|move|p1a: Clefable|Moonblast|p2a: Slowking\n|-resisted|p2a: Slowking\n|-damage|p2a: Slowking|25\/100 brn\n|\n|-heal|p1a: Clefable|100\/100|[from] move: Wish|[wisher] Clefable\n|-damage|p2a: Slowking|19\/100 brn|[from] brn\n|upkeep\n|turn|29\n|\n|t:|1699993878\n|move|p1a: Clefable|Wish|p1a: Clefable\n|move|p2a: Slowking|Chilly Reception|p2a: Slowking\n|-weather|Snow\n|\n|t:|1699993880\n|switch|p2a: Iron Treads|Iron Treads|46\/100|[from] Chilly Reception\n|\n|-weather|Snow|[upkeep]\n|upkeep\n|turn|30\n|\n|t:|1699993887\n|switch|p1a: Kingambit|Kingambit, M|50\/100\n|move|p2a: Iron Treads|Iron Head|p1a: Kingambit\n|-resisted|p1a: Kingambit\n|-damage|p1a: Kingambit|35\/100\n|\n|-weather|Snow|[upkeep]\n|-heal|p1a: Kingambit|82\/100|[from] move: Wish|[wisher] Clefable\n|upkeep\n|turn|31\n|inactive|Droid17 has 120 seconds left.\n|\n|t:|1699993924\n|switch|p1a: Clefable|Clefable, M|100\/100\n|move|p2a: Iron Treads|Earthquake|p1a: Clefable\n|-damage|p1a: Clefable|59\/100\n|\n|-weather|Snow|[upkeep]\n|upkeep\n|turn|32\n|inactive|Droid17 has 120 seconds left.\n|\n|t:|1699993937\n|switch|p1a: Conkeldurr|Conkeldurr, F, tera:Fighting|89\/100 brn\n|move|p2a: Iron Treads|Iron Head|p1a: Conkeldurr\n|-damage|p1a: Conkeldurr|50\/100 brn\n|\n|-weather|Snow|[upkeep]\n|-damage|p1a: Conkeldurr|44\/100 brn|[from] brn\n|upkeep\n|turn|33\n|inactive|Droid17 has 120 seconds left.\n|\n|t:|1699993946\n|-end|p2a: Iron Treads|Quark Drive|[silent]\n|switch|p2a: Zapdos|Zapdos|89\/100\n|move|p1a: Conkeldurr|Mach Punch|p2a: Zapdos\n|-resisted|p2a: Zapdos\n|-damage|p2a: Zapdos|67\/100\n|\n|-weather|none\n|-damage|p1a: Conkeldurr|38\/100 brn|[from] brn\n|upkeep\n|turn|34\n|\n|t:|1699993953\n|switch|p1a: Kingambit|Kingambit, M|82\/100\n|move|p2a: Zapdos|Hurricane|p1a: Kingambit\n|-resisted|p1a: Kingambit\n|-damage|p1a: Kingambit|64\/100\n|\n|upkeep\n|turn|35\n|\n|t:|1699993963\n|move|p1a: Kingambit|Sucker Punch|p2a: Zapdos\n|-damage|p2a: Zapdos|32\/100\n|move|p2a: Zapdos|Heat Wave|p1a: Kingambit\n|-supereffective|p1a: Kingambit\n|-damage|p1a: Kingambit|25\/100\n|\n|upkeep\n|turn|36\n|\n|t:|1699993968\n|move|p2a: Zapdos|Roost|p2a: Zapdos\n|-heal|p2a: Zapdos|82\/100\n|-singleturn|p2a: Zapdos|move: Roost\n|move|p1a: Kingambit|Iron Head|p2a: Zapdos\n|-resisted|p2a: Zapdos\n|-damage|p2a: Zapdos|63\/100\n|\n|upkeep\n|turn|37\n|\n|t:|1699993990\n|move|p1a: Kingambit|Sucker Punch||[still]\n|-fail|p1a: Kingambit\n|move|p2a: Zapdos|Roost|p2a: Zapdos\n|-heal|p2a: Zapdos|100\/100\n|-singleturn|p2a: Zapdos|move: Roost\n|\n|upkeep\n|turn|38\n|\n|t:|1699993992\n|move|p1a: Kingambit|Sucker Punch|p2a: Zapdos\n|-damage|p2a: Zapdos|69\/100\n|move|p2a: Zapdos|Heat Wave|p1a: Kingambit\n|-supereffective|p1a: Kingambit\n|-damage|p1a: Kingambit|0 fnt\n|faint|p1a: Kingambit\n|\n|upkeep\n|\n|t:|1699993996\n|switch|p1a: Clefable|Clefable, M|59\/100\n|turn|39\n|\n|t:|1699993998\n|move|p2a: Zapdos|Volt Switch|p1a: Clefable\n|-damage|p1a: Clefable|33\/100\n|\n|t:|1699994000\n|switch|p2a: Iron Treads|Iron Treads|46\/100|[from] Volt Switch\n|move|p1a: Clefable|Wish|p1a: Clefable\n|\n|upkeep\n|turn|40\n|\n|t:|1699994018\n|move|p1a: Clefable|Protect|p1a: Clefable\n|-singleturn|p1a: Clefable|Protect\n|move|p2a: Iron Treads|Iron Head|p1a: Clefable\n|-activate|p1a: Clefable|move: Protect\n|\n|-heal|p1a: Clefable|83\/100|[from] move: Wish|[wisher] Clefable\n|upkeep\n|turn|41\n|\n|t:|1699994023\n|move|p2a: Iron Treads|Iron Head|p1a: Clefable\n|-supereffective|p1a: Clefable\n|-damage|p1a: Clefable|7\/100\n|move|p1a: Clefable|Wish|p1a: Clefable\n|\n|upkeep\n|turn|42\n|\n|t:|1699994027\n|switch|p1a: Conkeldurr|Conkeldurr, F, tera:Fighting|38\/100 brn\n|move|p2a: Iron Treads|Rapid Spin|p1a: Conkeldurr\n|-damage|p1a: Conkeldurr|23\/100 brn\n|-boost|p2a: Iron Treads|spe|1\n|\n|-heal|p1a: Conkeldurr|77\/100 brn|[from] move: Wish|[wisher] Clefable\n|-damage|p1a: Conkeldurr|71\/100 brn|[from] brn\n|upkeep\n|turn|43\n|\n|t:|1699994031\n|-end|p2a: Iron Treads|Quark Drive|[silent]\n|switch|p2a: Slowking|Slowking-Galar, M|52\/100 brn\n|move|p1a: Conkeldurr|Ice Punch|p2a: Slowking\n|-damage|p2a: Slowking|20\/100 brn\n|\n|-damage|p1a: Conkeldurr|65\/100 brn|[from] brn\n|-damage|p2a: Slowking|14\/100 brn|[from] brn\n|upkeep\n|turn|44\n|\n|t:|1699994035\n|move|p1a: Conkeldurr|Knock Off|p2a: Slowking\n|-supereffective|p2a: Slowking\n|-enditem|p2a: Slowking|Colbur Berry|[eat]\n|-enditem|p2a: Slowking|Colbur Berry|[weaken]\n|-damage|p2a: Slowking|0 fnt\n|faint|p2a: Slowking\n|\n|-damage|p1a: Conkeldurr|59\/100 brn|[from] brn\n|upkeep\n|\n|t:|1699994038\n|switch|p2a: Zapdos|Zapdos|69\/100\n|turn|45\n|\n|t:|1699994055\n|move|p2a: Zapdos|Hurricane|p1a: Conkeldurr|[miss]\n|-miss|p2a: Zapdos|p1a: Conkeldurr\n|move|p1a: Conkeldurr|Ice Punch|p2a: Zapdos\n|-supereffective|p2a: Zapdos\n|-damage|p2a: Zapdos|0 fnt\n|faint|p2a: Zapdos\n|\n|-damage|p1a: Conkeldurr|53\/100 brn|[from] brn\n|upkeep\n|\n|t:|1699994057\n|switch|p2a: Mienshao|Mienshao, F, tera:Ice|100\/100\n|turn|46\n|\n|t:|1699994059\n|move|p1a: Conkeldurr|Mach Punch|p2a: Mienshao\n|-supereffective|p2a: Mienshao\n|-damage|p2a: Mienshao|0 fnt\n|faint|p2a: Mienshao\n|\n|-damage|p1a: Conkeldurr|47\/100 brn|[from] brn\n|upkeep\n|\n|t:|1699994062\n|switch|p2a: Iron Treads|Iron Treads|46\/100\n|turn|47\n|-message|Gardiku forfeited.\n|\n|win|Droid17\n|raw|Droid17's rating: 1183 &rarr; <strong>1210<\/strong><br \/>(+27 for winning)\n|raw|Gardiku's rating: 1205 &rarr; <strong>1178<\/strong><br \/>(-27 for losing)\n|l|\u2606Gardiku\n","uploadtime":1699994077,"views":5,"p1id":"droid17","p2id":"gardiku","formatid":"gen9ou","rating":1178,"private":0,"password":""}