{"id":"gen9ou-1993405888","p1":"raizel1802","p2":"QuackBarz","format":"[Gen 9] OU","log":"|j|\u2606raizel1802\n|j|\u2606QuackBarz\n|t:|1700313462\n|gametype|singles\n|player|p1|raizel1802|1|1102\n|player|p2|QuackBarz|1|1153\n|teamsize|p1|6\n|teamsize|p2|6\n|gen|9\n|tier|[Gen 9] OU\n|rated|\n|rule|Sleep Clause Mod: Limit one foe put to sleep\n|rule|Species Clause: Limit one of each Pok\u00e9mon\n|rule|OHKO Clause: OHKO moves are banned\n|rule|Evasion Items Clause: Evasion items are banned\n|rule|Evasion Moves Clause: Evasion moves are banned\n|rule|Endless Battle Clause: Forcing endless battles is banned\n|rule|HP Percentage Mod: HP is shown in percentages\n|clearpoke\n|poke|p1|Slowking-Galar, M|\n|poke|p1|Ting-Lu|\n|poke|p1|Corviknight, M|\n|poke|p1|Rotom-Wash|\n|poke|p1|Cinderace, F|\n|poke|p1|Iron Valiant|\n|poke|p2|Zapdos-Galar|\n|poke|p2|Jirachi|\n|poke|p2|Magnezone|\n|poke|p2|Hydreigon, F|\n|poke|p2|Landorus-Therian, M|\n|poke|p2|Gastrodon, F|\n|teampreview\n|\n|t:|1700313469\n|start\n|switch|p1a: Rotom|Rotom-Wash|100\/100\n|switch|p2a: Landorus|Landorus-Therian, M|100\/100\n|-ability|p2a: Landorus|Intimidate|boost\n|-unboost|p1a: Rotom|atk|1\n|turn|1\n|\n|t:|1700313476\n|move|p1a: Rotom|Hydro Pump|p2a: Landorus\n|-supereffective|p2a: Landorus\n|-damage|p2a: Landorus|1\/100\n|move|p2a: Landorus|Gravity|p2a: Landorus\n|-fieldstart|move: Gravity\n|\n|-heal|p2a: Landorus|7\/100|[from] item: Leftovers\n|upkeep\n|turn|2\n|\n|t:|1700313490\n|switch|p2a: Gastrodon|Gastrodon, F|100\/100\n|move|p1a: Rotom|Hydro Pump|p2a: Gastrodon\n|-ability|p2a: Gastrodon|Storm Drain|boost\n|-boost|p2a: Gastrodon|spa|1\n|\n|upkeep\n|turn|3\n|\n|t:|1700313507\n|switch|p1a: Corviknight|Corviknight, M|100\/100\n|-ability|p1a: Corviknight|Pressure\n|move|p2a: Gastrodon|Chilling Water|p1a: Corviknight\n|-damage|p1a: Corviknight|70\/100\n|-unboost|p1a: Corviknight|atk|1\n|\n|upkeep\n|turn|4\n|\n|t:|1700313515\n|move|p1a: Corviknight|U-turn|p2a: Gastrodon\n|-damage|p2a: Gastrodon|90\/100\n|\n|t:|1700313518\n|switch|p1a: Ting-Lu|Ting-Lu|100\/100|[from] U-turn\n|-ability|p1a: Ting-Lu|Vessel of Ruin\n|move|p2a: Gastrodon|Earth Power|p1a: Ting-Lu\n|-damage|p1a: Ting-Lu|75\/100\n|\n|-heal|p1a: Ting-Lu|82\/100|[from] item: Leftovers\n|-heal|p2a: Gastrodon|97\/100|[from] item: Leftovers\n|upkeep\n|turn|5\n|c|\u2606raizel1802|!dt Gravity\n|raw|<ul class=\"utilichart\"><li class=\"result\"><span class=\"col movenamecol\"><a href=\"https:\/\/dex.pokemonshowdown.com\/moves\/gravity\">Gravity<\/a><\/span> <span class=\"col typecol\"><img src=\"\/\/play.pokemonshowdown.com\/sprites\/types\/Psychic.png\" alt=\"Psychic\" width=\"32\" height=\"14\"><img src=\"\/\/play.pokemonshowdown.com\/sprites\/categories\/Status.png\" alt=\"Status\" width=\"32\" height=\"14\"><\/span> <span class=\"col widelabelcol\"><em>Accuracy<\/em><br>\u2014<\/span> <span class=\"col pplabelcol\"><em>PP<\/em><br>8<\/span> <span class=\"col movedesccol\">5 turns: no Ground immunities, 1.67x accuracy.<\/span> <\/li><li style=\"clear:both\"><\/li><\/ul>\n|raw|<font size=\"1\"><font color=\"#686868\">Priority:<\/font> 0&nbsp;|&ThickSpace;<font color=\"#686868\">Gen:<\/font> 4&nbsp;|&ThickSpace;&#10003; Bypasses Protect&nbsp;|&ThickSpace;<font color=\"#686868\">Z-Effect:<\/font>  Sp. Atk +1&nbsp;|&ThickSpace;<font color=\"#686868\">Target:<\/font> All Pok\u00e9mon<\/font>\n\n|\n|t:|1700313543\n|move|p2a: Gastrodon|Chilling Water|p1a: Ting-Lu\n|-supereffective|p1a: Ting-Lu\n|-damage|p1a: Ting-Lu|56\/100\n|-unboost|p1a: Ting-Lu|atk|1\n|move|p1a: Ting-Lu|Whirlwind|p2a: Gastrodon\n|drag|p2a: Landorus|Landorus-Therian, M|7\/100\n|-ability|p2a: Landorus|Intimidate|boost\n|-unboost|p1a: Ting-Lu|atk|1\n|\n|-heal|p2a: Landorus|13\/100|[from] item: Leftovers\n|-heal|p1a: Ting-Lu|62\/100|[from] item: Leftovers\n|-fieldend|move: Gravity\n|upkeep\n|turn|6\n|\n|t:|1700313555\n|move|p2a: Landorus|Gravity|p2a: Landorus\n|-fieldstart|move: Gravity\n|move|p1a: Ting-Lu|Stealth Rock|p2a: Landorus\n|-sidestart|p2: QuackBarz|move: Stealth Rock\n|\n|-heal|p2a: Landorus|19\/100|[from] item: Leftovers\n|-heal|p1a: Ting-Lu|68\/100|[from] item: Leftovers\n|upkeep\n|turn|7\n|\n|t:|1700313569\n|move|p2a: Landorus|Swords Dance|p2a: Landorus\n|-boost|p2a: Landorus|atk|2\n|move|p1a: Ting-Lu|Whirlwind|p2a: Landorus\n|drag|p2a: Jirachi|Jirachi|100\/100\n|-damage|p2a: Jirachi|94\/100|[from] Stealth Rock\n|\n|-heal|p1a: Ting-Lu|74\/100|[from] item: Leftovers\n|upkeep\n|turn|8\n|\n|t:|1700313578\n|move|p2a: Jirachi|Doom Desire|p1a: Ting-Lu\n|-start|p2a: Jirachi|Doom Desire\n|move|p1a: Ting-Lu|Ruination|p2a: Jirachi\n|-damage|p2a: Jirachi|47\/100\n|\n|-heal|p1a: Ting-Lu|80\/100|[from] item: Leftovers\n|upkeep\n|turn|9\n|\n|t:|1700313594\n|move|p2a: Jirachi|U-turn|p1a: Ting-Lu\n|-supereffective|p1a: Ting-Lu\n|-damage|p1a: Ting-Lu|64\/100\n|\n|t:|1700313598\n|switch|p2a: Landorus|Landorus-Therian, M|19\/100|[from] U-turn\n|-damage|p2a: Landorus|6\/100|[from] Stealth Rock\n|-ability|p2a: Landorus|Intimidate|boost\n|-unboost|p1a: Ting-Lu|atk|1\n|move|p1a: Ting-Lu|Earthquake|p2a: Landorus\n|-damage|p2a: Landorus|0 fnt\n|faint|p2a: Landorus\n|\n|-heal|p1a: Ting-Lu|70\/100|[from] item: Leftovers\n|upkeep\n|\n|t:|1700313609\n|switch|p2a: Zapdos|Zapdos-Galar|100\/100\n|-damage|p2a: Zapdos|88\/100|[from] Stealth Rock\n|turn|10\n|\n|t:|1700313616\n|move|p2a: Zapdos|Thunderous Kick|p1a: Ting-Lu\n|-supereffective|p1a: Ting-Lu\n|-damage|p1a: Ting-Lu|17\/100\n|-unboost|p1a: Ting-Lu|def|1\n|move|p1a: Ting-Lu|Earthquake|p2a: Zapdos\n|-damage|p2a: Zapdos|71\/100\n|\n|-end|p1a: Ting-Lu|move: Doom Desire\n|-damage|p1a: Ting-Lu|0 fnt\n|faint|p1a: Ting-Lu\n|-heal|p2a: Zapdos|77\/100|[from] item: Leftovers\n|-fieldend|move: Gravity\n|upkeep\n|\n|t:|1700313628\n|switch|p1a: Iron Valiant|Iron Valiant|100\/100\n|turn|11\n|\n|t:|1700313643\n|switch|p2a: Jirachi|Jirachi|47\/100\n|-damage|p2a: Jirachi|41\/100|[from] Stealth Rock\n|move|p1a: Iron Valiant|Moonblast|p2a: Jirachi\n|-resisted|p2a: Jirachi\n|-damage|p2a: Jirachi|20\/100\n|\n|upkeep\n|turn|12\n|\n|t:|1700313655\n|-end|p1a: Iron Valiant|Quark Drive|[silent]\n|switch|p1a: Cinderace|Cinderace, F|100\/100\n|move|p2a: Jirachi|Doom Desire|p1a: Cinderace\n|-start|p2a: Jirachi|Doom Desire\n|\n|upkeep\n|turn|13\n|c|\u2606raizel1802|!dt doom desire\n|raw|<ul class=\"utilichart\"><li class=\"result\"><span class=\"col movenamecol\"><a href=\"https:\/\/dex.pokemonshowdown.com\/moves\/doomdesire\">Doom Desire<\/a><\/span> <span class=\"col typecol\"><img src=\"\/\/play.pokemonshowdown.com\/sprites\/types\/Steel.png\" alt=\"Steel\" width=\"32\" height=\"14\"><img src=\"\/\/play.pokemonshowdown.com\/sprites\/categories\/Special.png\" alt=\"Special\" width=\"32\" height=\"14\"><\/span> <span class=\"col labelcol\"><em>Power<\/em><br>140<\/span> <span class=\"col widelabelcol\"><em>Accuracy<\/em><br>100%<\/span> <span class=\"col pplabelcol\"><em>PP<\/em><br>8<\/span> <span class=\"col movedesccol\">Hits two turns after being used.<\/span> <\/li><li style=\"clear:both\"><\/li><\/ul>\n|raw|<font size=\"1\"><font color=\"#686868\">Priority:<\/font> 0&nbsp;|&ThickSpace;<font color=\"#686868\">Gen:<\/font> 3&nbsp;|&ThickSpace;&#10003; Bypasses Protect&nbsp;|&ThickSpace;<font color=\"#686868\">Z-Power:<\/font> 200&nbsp;|&ThickSpace;<font color=\"#686868\">Dynamax Power:<\/font> 140&nbsp;|&ThickSpace;<font color=\"#686868\">Target:<\/font> One Adjacent Pok\u00e9mon<\/font>\n\n|\n|t:|1700313670\n|move|p1a: Cinderace|Pyro Ball|p2a: Jirachi|[miss]\n|-miss|p1a: Cinderace|p2a: Jirachi\n|move|p2a: Jirachi|Thunder|p1a: Cinderace\n|-damage|p1a: Cinderace|59\/100\n|-status|p1a: Cinderace|par\n|\n|upkeep\n|turn|14\n|\n|t:|1700313678\n|move|p2a: Jirachi|U-turn|p1a: Cinderace\n|-resisted|p1a: Cinderace\n|-damage|p1a: Cinderace|50\/100 par\n|\n|t:|1700313690\n|switch|p2a: Gastrodon|Gastrodon, F|97\/100|[from] U-turn\n|-damage|p2a: Gastrodon|90\/100|[from] Stealth Rock\n|move|p1a: Cinderace|Pyro Ball|p2a: Gastrodon\n|-resisted|p2a: Gastrodon\n|-damage|p2a: Gastrodon|64\/100\n|\n|-end|p1a: Cinderace|move: Doom Desire\n|-resisted|p1a: Cinderace\n|-damage|p1a: Cinderace|13\/100 par\n|-heal|p2a: Gastrodon|70\/100|[from] item: Leftovers\n|upkeep\n|turn|15\n|\n|t:|1700313713\n|switch|p2a: Magnezone|Magnezone|100\/100\n|-damage|p2a: Magnezone|94\/100|[from] Stealth Rock\n|move|p1a: Cinderace|Will-O-Wisp|p2a: Magnezone\n|-status|p2a: Magnezone|brn\n|\n|-heal|p2a: Magnezone|100\/100 brn|[from] item: Leftovers\n|-damage|p2a: Magnezone|94\/100 brn|[from] brn\n|upkeep\n|turn|16\n|\n|t:|1700313725\n|move|p2a: Magnezone|Volt Switch|p1a: Cinderace\n|-crit|p1a: Cinderace\n|-damage|p1a: Cinderace|0 fnt\n|faint|p1a: Cinderace\n|\n|t:|1700313750\n|switch|p2a: Jirachi|Jirachi|20\/100|[from] Volt Switch\n|-damage|p2a: Jirachi|14\/100|[from] Stealth Rock\n|\n|upkeep\n|\n|t:|1700313769\n|switch|p1a: Corviknight|Corviknight, M|70\/100\n|-ability|p1a: Corviknight|Pressure\n|turn|17\n|\n|t:|1700313793\n|move|p2a: Jirachi|Thunder|p1a: Corviknight\n|-supereffective|p1a: Corviknight\n|-damage|p1a: Corviknight|7\/100\n|-status|p1a: Corviknight|par\n|move|p1a: Corviknight|Body Press|p2a: Jirachi\n|-damage|p2a: Jirachi|0 fnt\n|faint|p2a: Jirachi\n|\n|upkeep\n|\n|t:|1700313798\n|switch|p2a: Zapdos|Zapdos-Galar|77\/100\n|-damage|p2a: Zapdos|65\/100|[from] Stealth Rock\n|turn|18\n|\n|t:|1700313805\n|move|p2a: Zapdos|Trailblaze|p1a: Corviknight\n|-resisted|p1a: Corviknight\n|-damage|p1a: Corviknight|4\/100 par\n|-boost|p2a: Zapdos|spe|1\n|-damage|p2a: Zapdos|48\/100|[from] item: Rocky Helmet|[of] p1a: Corviknight\n|cant|p1a: Corviknight|par\n|\n|-heal|p2a: Zapdos|54\/100|[from] item: Leftovers\n|upkeep\n|turn|19\n|\n|t:|1700313819\n|move|p2a: Zapdos|Thunderous Kick|p1a: Corviknight\n|-damage|p1a: Corviknight|0 fnt\n|-damage|p2a: Zapdos|38\/100|[from] item: Rocky Helmet|[of] p1a: Corviknight\n|faint|p1a: Corviknight\n|\n|-heal|p2a: Zapdos|44\/100|[from] item: Leftovers\n|upkeep\n|\n|t:|1700313825\n|switch|p1a: Slowking|Slowking-Galar, M|100\/100\n|turn|20\n|\n|t:|1700313834\n|move|p2a: Zapdos|Stomping Tantrum|p1a: Slowking\n|-supereffective|p1a: Slowking\n|-damage|p1a: Slowking|52\/100\n|move|p1a: Slowking|Thunder Wave|p2a: Zapdos\n|-status|p2a: Zapdos|par\n|\n|-heal|p2a: Zapdos|50\/100 par|[from] item: Leftovers\n|upkeep\n|turn|21\n|\n|t:|1700313845\n|switch|p1a: Rotom|Rotom-Wash|100\/100\n|move|p2a: Zapdos|Trailblaze|p1a: Rotom\n|-supereffective|p1a: Rotom\n|-damage|p1a: Rotom|73\/100\n|-boost|p2a: Zapdos|spe|1\n|\n|-heal|p2a: Zapdos|57\/100 par|[from] item: Leftovers\n|upkeep\n|turn|22\n|\n|t:|1700313855\n|switch|p2a: Gastrodon|Gastrodon, F|70\/100\n|-damage|p2a: Gastrodon|64\/100|[from] Stealth Rock\n|move|p1a: Rotom|Trick|p2a: Gastrodon\n|-activate|p1a: Rotom|move: Trick|[of] p2a: Gastrodon\n|-item|p2a: Gastrodon|Choice Scarf|[from] move: Trick\n|-item|p1a: Rotom|Leftovers|[from] move: Trick\n|\n|-heal|p1a: Rotom|79\/100|[from] item: Leftovers\n|upkeep\n|turn|23\n|\n|t:|1700313872\n|switch|p1a: Slowking|Slowking-Galar, M|86\/100\n|move|p2a: Gastrodon|Earth Power|p1a: Slowking\n|-supereffective|p1a: Slowking\n|-damage|p1a: Slowking|33\/100\n|\n|upkeep\n|turn|24\n|\n|t:|1700313894\n|switch|p2a: Zapdos|Zapdos-Galar|57\/100 par\n|-damage|p2a: Zapdos|44\/100 par|[from] Stealth Rock\n|move|p1a: Slowking|Chilly Reception|p1a: Slowking\n|-weather|Snow\n|\n|t:|1700313900\n|switch|p1a: Iron Valiant|Iron Valiant|100\/100|[from] Chilly Reception\n|\n|-weather|Snow|[upkeep]\n|-heal|p2a: Zapdos|50\/100 par|[from] item: Leftovers\n|upkeep\n|turn|25\n|\n|t:|1700313938\n|move|p1a: Iron Valiant|Psyshock|p2a: Zapdos\n|-supereffective|p2a: Zapdos\n|-damage|p2a: Zapdos|0 fnt\n|faint|p2a: Zapdos\n|\n|-weather|Snow|[upkeep]\n|upkeep\n|\n|t:|1700313944\n|switch|p2a: Magnezone|Magnezone|94\/100 brn\n|-damage|p2a: Magnezone|88\/100 brn|[from] Stealth Rock\n|turn|26\n|\n|t:|1700313948\n|move|p1a: Iron Valiant|Psyshock|p2a: Magnezone\n|-resisted|p2a: Magnezone\n|-damage|p2a: Magnezone|67\/100 brn\n|move|p2a: Magnezone|Zap Cannon|p1a: Iron Valiant|[miss]\n|-miss|p2a: Magnezone|p1a: Iron Valiant\n|\n|-weather|Snow|[upkeep]\n|-heal|p2a: Magnezone|73\/100 brn|[from] item: Leftovers\n|-damage|p2a: Magnezone|67\/100 brn|[from] brn\n|upkeep\n|turn|27\n|\n|t:|1700313973\n|-end|p1a: Iron Valiant|Quark Drive|[silent]\n|switch|p1a: Slowking|Slowking-Galar, M|66\/100\n|move|p2a: Magnezone|Flash Cannon|p1a: Slowking\n|-damage|p1a: Slowking|36\/100\n|\n|-weather|Snow|[upkeep]\n|-heal|p2a: Magnezone|73\/100 brn|[from] item: Leftovers\n|-damage|p2a: Magnezone|67\/100 brn|[from] brn\n|upkeep\n|turn|28\n|\n|t:|1700313982\n|move|p2a: Magnezone|Volt Switch|p1a: Slowking\n|-damage|p1a: Slowking|8\/100\n|\n|t:|1700313985\n|switch|p2a: Gastrodon|Gastrodon, F|64\/100|[from] Volt Switch\n|-damage|p2a: Gastrodon|58\/100|[from] Stealth Rock\n|move|p1a: Slowking|Chilly Reception|p1a: Slowking\n|\n|t:|1700313992\n|switch|p1a: Iron Valiant|Iron Valiant|100\/100|[from] Chilly Reception\n|\n|-weather|none\n|upkeep\n|turn|29\n|inactive|Battle timer is ON: inactive players will automatically lose when time's up. (requested by QuackBarz)\n|\n|t:|1700314020\n|move|p1a: Iron Valiant|Shadow Ball|p2a: Gastrodon\n|-damage|p2a: Gastrodon|24\/100\n|move|p2a: Gastrodon|Earth Power|p1a: Iron Valiant\n|-damage|p1a: Iron Valiant|35\/100\n|\n|upkeep\n|turn|30\n|\n|t:|1700314030\n|switch|p2a: Hydreigon|Hydreigon, F|100\/100\n|-damage|p2a: Hydreigon|88\/100|[from] Stealth Rock\n|move|p1a: Iron Valiant|Shadow Ball|p2a: Hydreigon\n|-resisted|p2a: Hydreigon\n|-damage|p2a: Hydreigon|67\/100\n|\n|upkeep\n|turn|31\n|\n|t:|1700314041\n|-end|p1a: Iron Valiant|Quark Drive|[silent]\n|switch|p1a: Slowking|Slowking-Galar, M|41\/100\n|move|p2a: Hydreigon|Fire Blast|p1a: Slowking\n|-damage|p1a: Slowking|11\/100\n|\n|upkeep\n|turn|32\n|\n|t:|1700314049\n|switch|p1a: Rotom|Rotom-Wash|79\/100\n|move|p2a: Hydreigon|Fire Blast|p1a: Rotom\n|-resisted|p1a: Rotom\n|-damage|p1a: Rotom|57\/100\n|\n|-heal|p1a: Rotom|63\/100|[from] item: Leftovers\n|upkeep\n|turn|33\n|\n|t:|1700314059\n|move|p1a: Rotom|Protect|p1a: Rotom\n|-singleturn|p1a: Rotom|Protect\n|move|p2a: Hydreigon|Draco Meteor|p1a: Rotom\n|-activate|p1a: Rotom|move: Protect\n|\n|-heal|p1a: Rotom|69\/100|[from] item: Leftovers\n|upkeep\n|turn|34\n|\n|t:|1700314069\n|move|p2a: Hydreigon|Fire Blast|p1a: Rotom|[miss]\n|-miss|p2a: Hydreigon|p1a: Rotom\n|-enditem|p2a: Hydreigon|Blunder Policy\n|-boost|p2a: Hydreigon|spe|2\n|move|p1a: Rotom|Hydro Pump|p2a: Hydreigon\n|-resisted|p2a: Hydreigon\n|-damage|p2a: Hydreigon|43\/100\n|\n|-heal|p1a: Rotom|75\/100|[from] item: Leftovers\n|upkeep\n|turn|35\n|\n|t:|1700314082\n|move|p2a: Hydreigon|Nasty Plot|p2a: Hydreigon\n|-boost|p2a: Hydreigon|spa|2\n|move|p1a: Rotom|Volt Switch|p2a: Hydreigon\n|-resisted|p2a: Hydreigon\n|-damage|p2a: Hydreigon|29\/100\n|\n|t:|1700314087\n|switch|p1a: Slowking|Slowking-Galar, M|44\/100|[from] Volt Switch\n|\n|upkeep\n|turn|36\n|\n|t:|1700314092\n|switch|p1a: Rotom|Rotom-Wash|75\/100\n|move|p2a: Hydreigon|Nasty Plot|p2a: Hydreigon\n|-boost|p2a: Hydreigon|spa|2\n|\n|-heal|p1a: Rotom|82\/100|[from] item: Leftovers\n|upkeep\n|turn|37\n|\n|t:|1700314109\n|move|p2a: Hydreigon|Draco Meteor|p1a: Rotom\n|-damage|p1a: Rotom|0 fnt\n|-unboost|p2a: Hydreigon|spa|2\n|faint|p1a: Rotom\n|\n|upkeep\n|\n|t:|1700314117\n|switch|p1a: Slowking|Slowking-Galar, M|77\/100\n|turn|38\n|\n|t:|1700314123\n|move|p2a: Hydreigon|Draco Meteor|p1a: Slowking\n|-damage|p1a: Slowking|0 fnt\n|-unboost|p2a: Hydreigon|spa|2\n|faint|p1a: Slowking\n|\n|upkeep\n|\n|t:|1700314129\n|switch|p1a: Iron Valiant|Iron Valiant|35\/100\n|turn|39\n|\n|t:|1700314134\n|move|p2a: Hydreigon|Hydro Pump|p1a: Iron Valiant\n|-damage|p1a: Iron Valiant|0 fnt\n|faint|p1a: Iron Valiant\n|-end|p1a: Iron Valiant|Quark Drive|[silent]\n|\n|win|QuackBarz\n|raw|raizel1802's rating: 1102 &rarr; <strong>1082<\/strong><br \/>(-20 for losing)\n|raw|QuackBarz's rating: 1176 &rarr; <strong>1196<\/strong><br \/>(+20 for winning)\n|l|\u2606raizel1802\n|l|\u2606QuackBarz\n|j|\u2606QuackBarz\n|player|p2|QuackBarz|1\n","uploadtime":1700314138,"views":11,"p1id":"raizel1802","p2id":"quackbarz","formatid":"gen9ou","rating":1082,"private":0,"password":""}