{"id":"gen9ou-1998319455","p1":"jorgeps_9","p2":"NicoRMA71","format":"[Gen 9] OU","log":"|j|\u2606jorgeps_9\n|j|\u2606NicoRMA71\n|t:|1700928956\n|gametype|singles\n|player|p1|jorgeps_9|n|\n|player|p2|NicoRMA71|alder|\n|teamsize|p1|6\n|teamsize|p2|6\n|gen|9\n|tier|[Gen 9] OU\n|rule|Sleep Clause Mod: Limit one foe put to sleep\n|rule|Species Clause: Limit one of each Pok\u00e9mon\n|rule|OHKO Clause: OHKO moves are banned\n|rule|Evasion Items Clause: Evasion items are banned\n|rule|Evasion Moves Clause: Evasion moves are banned\n|rule|Endless Battle Clause: Forcing endless battles is banned\n|rule|HP Percentage Mod: HP is shown in percentages\n|clearpoke\n|poke|p1|Kingambit, F|\n|poke|p1|Cresselia, F|\n|poke|p1|Garganacl, F|\n|poke|p1|Iron Hands|\n|poke|p1|Manaphy|\n|poke|p1|Sinistcha-Masterpiece|\n|poke|p2|Iron Hands|\n|poke|p2|Ting-Lu|\n|poke|p2|Corviknight, M|\n|poke|p2|Garganacl, M|\n|poke|p2|Manaphy|\n|poke|p2|Dragapult, M|\n|teampreview\n|\n|t:|1700928991\n|start\n|switch|p1a: Manaphy|Manaphy|100\/100\n|switch|p2a: Ting-Lu|Ting-Lu|100\/100\n|-ability|p2a: Ting-Lu|Vessel of Ruin\n|turn|1\n|\n|t:|1700929013\n|move|p1a: Manaphy|Tail Glow|p1a: Manaphy\n|-boost|p1a: Manaphy|spa|3\n|move|p2a: Ting-Lu|Earthquake|p1a: Manaphy\n|-damage|p1a: Manaphy|61\/100\n|\n|-heal|p1a: Manaphy|68\/100|[from] item: Leftovers\n|upkeep\n|turn|2\n|\n|t:|1700929025\n|switch|p2a: Manaphy|Manaphy|100\/100\n|move|p1a: Manaphy|Surf|p2a: Manaphy\n|-resisted|p2a: Manaphy\n|-damage|p2a: Manaphy|50\/100\n|\n|-heal|p1a: Manaphy|74\/100|[from] item: Leftovers\n|upkeep\n|turn|3\n|\n|t:|1700929044\n|move|p2a: Manaphy|Energy Ball|p1a: Manaphy\n|-supereffective|p1a: Manaphy\n|-damage|p1a: Manaphy|18\/100\n|move|p1a: Manaphy|Dazzling Gleam|p2a: Manaphy\n|-crit|p2a: Manaphy\n|-damage|p2a: Manaphy|0 fnt\n|faint|p2a: Manaphy\n|\n|-heal|p1a: Manaphy|24\/100|[from] item: Leftovers\n|upkeep\n|\n|t:|1700929054\n|switch|p2a: Dragapult|Dragapult, M|100\/100\n|turn|4\n|\n|t:|1700929066\n|switch|p1a: Kingambit|Kingambit, F|100\/100\n|move|p2a: Dragapult|Dragon Darts|p1a: Kingambit\n|-resisted|p1a: Kingambit\n|-crit|p1a: Kingambit\n|-damage|p1a: Kingambit|79\/100\n|-anim|p2a: Dragapult|Dragon Darts|p1a: Kingambit\n|-resisted|p1a: Kingambit\n|-damage|p1a: Kingambit|67\/100\n|-damage|p2a: Dragapult|91\/100|[from] item: Life Orb\n|\n|-heal|p1a: Kingambit|73\/100|[from] item: Leftovers\n|upkeep\n|turn|5\n|\n|t:|1700929086\n|switch|p2a: Iron Hands|Iron Hands|100\/100\n|-end|p1a: Kingambit|fallenundefined|[silent]\n|switch|p1a: Iron Hands|Iron Hands|100\/100\n|\n|upkeep\n|turn|6\n|\n|t:|1700929101\n|-end|p1a: Iron Hands|Quark Drive|[silent]\n|switch|p1a: Sinistcha|Sinistcha-Masterpiece, shiny|100\/100\n|move|p2a: Iron Hands|Play Rough|p1a: Sinistcha\n|-damage|p1a: Sinistcha|78\/100\n|\n|-heal|p1a: Sinistcha|84\/100|[from] item: Leftovers\n|upkeep\n|turn|7\n|\n|t:|1700929122\n|-end|p2a: Iron Hands|Quark Drive|[silent]\n|switch|p2a: Corviknight|Corviknight, M|100\/100\n|-ability|p2a: Corviknight|Pressure\n|move|p1a: Sinistcha|Strength Sap|p2a: Corviknight\n|-unboost|p2a: Corviknight|atk|1\n|-heal|p1a: Sinistcha|100\/100\n|\n|upkeep\n|turn|8\n|\n|t:|1700929139\n|move|p1a: Sinistcha|Shadow Ball|p2a: Corviknight\n|-damage|p2a: Corviknight|74\/100\n|move|p2a: Corviknight|U-turn|p1a: Sinistcha\n|-damage|p1a: Sinistcha|93\/100\n|\n|t:|1700929147\n|switch|p2a: Dragapult|Dragapult, M|91\/100|[from] U-turn\n|\n|-heal|p1a: Sinistcha|99\/100|[from] item: Leftovers\n|upkeep\n|turn|9\n|\n|t:|1700929169\n|switch|p2a: Garganacl|Garganacl, M|100\/100\n|move|p1a: Sinistcha|Strength Sap|p2a: Garganacl\n|-unboost|p2a: Garganacl|atk|1\n|-heal|p1a: Sinistcha|100\/100\n|\n|upkeep\n|turn|10\n|\n|t:|1700929179\n|move|p1a: Sinistcha|Matcha Gotcha|p2a: Garganacl\n|-supereffective|p2a: Garganacl\n|-damage|p2a: Garganacl|44\/100\n|move|p2a: Garganacl|Salt Cure|p1a: Sinistcha\n|-damage|p1a: Sinistcha|94\/100\n|-start|p1a: Sinistcha|Salt Cure\n|\n|-heal|p1a: Sinistcha|99\/100|[from] item: Leftovers\n|-heal|p2a: Garganacl|50\/100|[from] item: Leftovers\n|-damage|p1a: Sinistcha|87\/100|[from] Salt Cure\n|upkeep\n|turn|11\n|\n|t:|1700929192\n|switch|p2a: Corviknight|Corviknight, M|74\/100\n|-ability|p2a: Corviknight|Pressure\n|move|p1a: Sinistcha|Matcha Gotcha|p2a: Corviknight\n|-resisted|p2a: Corviknight\n|-damage|p2a: Corviknight|67\/100\n|-heal|p1a: Sinistcha|91\/100|[from] drain|[of] p2a: Corviknight\n|\n|-heal|p1a: Sinistcha|97\/100|[from] item: Leftovers\n|-damage|p1a: Sinistcha|85\/100|[from] Salt Cure\n|upkeep\n|turn|12\n|\n|t:|1700929207\n|move|p1a: Sinistcha|Calm Mind|p1a: Sinistcha\n|-boost|p1a: Sinistcha|spa|1\n|-boost|p1a: Sinistcha|spd|1\n|move|p2a: Corviknight|Roost|p2a: Corviknight\n|-heal|p2a: Corviknight|100\/100\n|-singleturn|p2a: Corviknight|move: Roost\n|\n|-heal|p1a: Sinistcha|91\/100|[from] item: Leftovers\n|-damage|p1a: Sinistcha|78\/100|[from] Salt Cure\n|upkeep\n|turn|13\n|\n|t:|1700929218\n|move|p1a: Sinistcha|Strength Sap|p2a: Corviknight\n|-unboost|p2a: Corviknight|atk|1\n|-heal|p1a: Sinistcha|100\/100\n|move|p2a: Corviknight|Brave Bird|p1a: Sinistcha\n|-supereffective|p1a: Sinistcha\n|-damage|p1a: Sinistcha|67\/100\n|-damage|p2a: Corviknight|91\/100|[from] Recoil\n|\n|-heal|p1a: Sinistcha|73\/100|[from] item: Leftovers\n|-damage|p1a: Sinistcha|61\/100|[from] Salt Cure\n|upkeep\n|turn|14\n|\n|t:|1700929232\n|move|p1a: Sinistcha|Strength Sap|p2a: Corviknight\n|-unboost|p2a: Corviknight|atk|1\n|-heal|p1a: Sinistcha|100\/100\n|move|p2a: Corviknight|Brave Bird|p1a: Sinistcha\n|-supereffective|p1a: Sinistcha\n|-damage|p1a: Sinistcha|76\/100\n|-damage|p2a: Corviknight|84\/100|[from] Recoil\n|\n|-heal|p1a: Sinistcha|82\/100|[from] item: Leftovers\n|-damage|p1a: Sinistcha|69\/100|[from] Salt Cure\n|upkeep\n|turn|15\n|\n|t:|1700929253\n|move|p1a: Sinistcha|Strength Sap|p2a: Corviknight\n|-unboost|p2a: Corviknight|atk|1\n|-heal|p1a: Sinistcha|99\/100\n|move|p2a: Corviknight|Brave Bird|p1a: Sinistcha\n|-supereffective|p1a: Sinistcha\n|-damage|p1a: Sinistcha|80\/100\n|-damage|p2a: Corviknight|78\/100|[from] Recoil\n|\n|-heal|p1a: Sinistcha|86\/100|[from] item: Leftovers\n|-damage|p1a: Sinistcha|74\/100|[from] Salt Cure\n|upkeep\n|turn|16\n|\n|t:|1700929270\n|move|p1a: Sinistcha|Shadow Ball|p2a: Corviknight\n|-damage|p2a: Corviknight|34\/100\n|move|p2a: Corviknight|Brave Bird|p1a: Sinistcha\n|-supereffective|p1a: Sinistcha\n|-damage|p1a: Sinistcha|54\/100\n|-damage|p2a: Corviknight|29\/100|[from] Recoil\n|\n|-heal|p1a: Sinistcha|60\/100|[from] item: Leftovers\n|-damage|p1a: Sinistcha|48\/100|[from] Salt Cure\n|upkeep\n|turn|17\n|\n|t:|1700929289\n|switch|p2a: Ting-Lu|Ting-Lu|100\/100\n|-ability|p2a: Ting-Lu|Vessel of Ruin\n|move|p1a: Sinistcha|Shadow Ball|p2a: Ting-Lu\n|-resisted|p2a: Ting-Lu\n|-damage|p2a: Ting-Lu|90\/100\n|\n|-heal|p1a: Sinistcha|54\/100|[from] item: Leftovers\n|-heal|p2a: Ting-Lu|96\/100|[from] item: Leftovers\n|-damage|p1a: Sinistcha|41\/100|[from] Salt Cure\n|upkeep\n|turn|18\n|\n|t:|1700929303\n|move|p1a: Sinistcha|Matcha Gotcha|p2a: Ting-Lu\n|-supereffective|p2a: Ting-Lu\n|-damage|p2a: Ting-Lu|50\/100\n|-heal|p1a: Sinistcha|75\/100|[from] drain|[of] p2a: Ting-Lu\n|-status|p2a: Ting-Lu|brn\n|move|p2a: Ting-Lu|Stealth Rock|p1a: Sinistcha\n|-sidestart|p1: jorgeps_9|move: Stealth Rock\n|\n|-heal|p1a: Sinistcha|81\/100|[from] item: Leftovers\n|-heal|p2a: Ting-Lu|57\/100 brn|[from] item: Leftovers\n|-damage|p2a: Ting-Lu|50\/100 brn|[from] brn\n|-damage|p1a: Sinistcha|69\/100|[from] Salt Cure\n|upkeep\n|turn|19\n|\n|t:|1700929323\n|switch|p2a: Corviknight|Corviknight, M|29\/100\n|-ability|p2a: Corviknight|Pressure\n|move|p1a: Sinistcha|Matcha Gotcha|p2a: Corviknight\n|-resisted|p2a: Corviknight\n|-damage|p2a: Corviknight|19\/100\n|-heal|p1a: Sinistcha|74\/100|[from] drain|[of] p2a: Corviknight\n|\n|-heal|p1a: Sinistcha|81\/100|[from] item: Leftovers\n|-damage|p1a: Sinistcha|68\/100|[from] Salt Cure\n|upkeep\n|turn|20\n|\n|t:|1700929345\n|move|p1a: Sinistcha|Shadow Ball|p2a: Corviknight\n|-damage|p2a: Corviknight|0 fnt\n|faint|p2a: Corviknight\n|\n|-heal|p1a: Sinistcha|74\/100|[from] item: Leftovers\n|-damage|p1a: Sinistcha|62\/100|[from] Salt Cure\n|upkeep\n|\n|t:|1700929357\n|switch|p2a: Iron Hands|Iron Hands|100\/100\n|turn|21\n|\n|t:|1700929362\n|move|p1a: Sinistcha|Strength Sap|p2a: Iron Hands\n|-unboost|p2a: Iron Hands|atk|1\n|-heal|p1a: Sinistcha|100\/100\n|move|p2a: Iron Hands|Ice Punch|p1a: Sinistcha\n|-supereffective|p1a: Sinistcha\n|-damage|p1a: Sinistcha|72\/100\n|\n|-heal|p1a: Sinistcha|78\/100|[from] item: Leftovers\n|-damage|p1a: Sinistcha|65\/100|[from] Salt Cure\n|upkeep\n|turn|22\n|\n|t:|1700929372\n|move|p1a: Sinistcha|Matcha Gotcha|p2a: Iron Hands\n|-damage|p2a: Iron Hands|70\/100\n|-heal|p1a: Sinistcha|88\/100|[from] drain|[of] p2a: Iron Hands\n|move|p2a: Iron Hands|Ice Punch|p1a: Sinistcha\n|-supereffective|p1a: Sinistcha\n|-damage|p1a: Sinistcha|57\/100\n|\n|-heal|p1a: Sinistcha|64\/100|[from] item: Leftovers\n|-damage|p1a: Sinistcha|51\/100|[from] Salt Cure\n|upkeep\n|turn|23\n|\n|t:|1700929384\n|move|p1a: Sinistcha|Matcha Gotcha|p2a: Iron Hands\n|-crit|p2a: Iron Hands\n|-damage|p2a: Iron Hands|26\/100\n|-heal|p1a: Sinistcha|84\/100|[from] drain|[of] p2a: Iron Hands\n|-status|p2a: Iron Hands|brn\n|move|p2a: Iron Hands|Ice Punch|p1a: Sinistcha\n|-supereffective|p1a: Sinistcha\n|-damage|p1a: Sinistcha|69\/100\n|\n|-heal|p1a: Sinistcha|75\/100|[from] item: Leftovers\n|-damage|p2a: Iron Hands|19\/100 brn|[from] brn\n|-damage|p1a: Sinistcha|62\/100|[from] Salt Cure\n|upkeep\n|turn|24\n|\n|t:|1700929400\n|-end|p2a: Iron Hands|Quark Drive|[silent]\n|switch|p2a: Ting-Lu|Ting-Lu|50\/100 brn\n|-ability|p2a: Ting-Lu|Vessel of Ruin\n|move|p1a: Sinistcha|Strength Sap|p2a: Ting-Lu\n|-unboost|p2a: Ting-Lu|atk|1\n|-heal|p1a: Sinistcha|100\/100\n|\n|-heal|p2a: Ting-Lu|57\/100 brn|[from] item: Leftovers\n|-damage|p2a: Ting-Lu|50\/100 brn|[from] brn\n|-damage|p1a: Sinistcha|88\/100|[from] Salt Cure\n|upkeep\n|turn|25\n|\n|t:|1700929413\n|move|p1a: Sinistcha|Matcha Gotcha|p2a: Ting-Lu|[miss]\n|-miss|p1a: Sinistcha|p2a: Ting-Lu\n|move|p2a: Ting-Lu|Ruination|p1a: Sinistcha\n|-damage|p1a: Sinistcha|44\/100\n|\n|-heal|p1a: Sinistcha|50\/100|[from] item: Leftovers\n|-heal|p2a: Ting-Lu|57\/100 brn|[from] item: Leftovers\n|-damage|p2a: Ting-Lu|50\/100 brn|[from] brn\n|-damage|p1a: Sinistcha|38\/100|[from] Salt Cure\n|upkeep\n|turn|26\n|\n|t:|1700929432\n|move|p1a: Sinistcha|Matcha Gotcha|p2a: Ting-Lu\n|-supereffective|p2a: Ting-Lu\n|-damage|p2a: Ting-Lu|4\/100 brn\n|-heal|p1a: Sinistcha|73\/100|[from] drain|[of] p2a: Ting-Lu\n|move|p2a: Ting-Lu|Ruination|p1a: Sinistcha\n|-damage|p1a: Sinistcha|37\/100\n|\n|-heal|p1a: Sinistcha|43\/100|[from] item: Leftovers\n|-heal|p2a: Ting-Lu|10\/100 brn|[from] item: Leftovers\n|-damage|p2a: Ting-Lu|4\/100 brn|[from] brn\n|-damage|p1a: Sinistcha|30\/100|[from] Salt Cure\n|upkeep\n|turn|27\n|\n|t:|1700929455\n|move|p1a: Sinistcha|Shadow Ball|p2a: Ting-Lu\n|-resisted|p2a: Ting-Lu\n|-damage|p2a: Ting-Lu|0 fnt\n|faint|p2a: Ting-Lu\n|\n|-heal|p1a: Sinistcha|36\/100|[from] item: Leftovers\n|-damage|p1a: Sinistcha|24\/100|[from] Salt Cure\n|upkeep\n|\n|t:|1700929463\n|switch|p2a: Dragapult|Dragapult, M|91\/100\n|turn|28\n|\n|t:|1700929469\n|move|p2a: Dragapult|Dragon Darts|p1a: Sinistcha\n|-damage|p1a: Sinistcha|0 fnt\n|faint|p1a: Sinistcha\n|-damage|p2a: Dragapult|81\/100|[from] item: Life Orb\n|\n|upkeep\n|\n|t:|1700929490\n|switch|p1a: Kingambit|Kingambit, F|73\/100\n|-damage|p1a: Kingambit|67\/100|[from] Stealth Rock\n|-activate|p1a: Kingambit|ability: Supreme Overlord\n|-start|p1a: Kingambit|fallen1|[silent]\n|turn|29\n|\n|t:|1700929502\n|switch|p2a: Iron Hands|Iron Hands|19\/100 brn\n|move|p1a: Kingambit|Kowtow Cleave|p2a: Iron Hands\n|-resisted|p2a: Iron Hands\n|-damage|p2a: Iron Hands|1\/100 brn\n|\n|-heal|p1a: Kingambit|73\/100|[from] item: Leftovers\n|-damage|p2a: Iron Hands|0 fnt|[from] brn\n|faint|p2a: Iron Hands\n|-end|p2a: Iron Hands|Quark Drive|[silent]\n|upkeep\n|\n|t:|1700929513\n|switch|p2a: Garganacl|Garganacl, M|50\/100\n|turn|30\n|\n|t:|1700929545\n|-terastallize|p1a: Kingambit|Dark\n|move|p1a: Kingambit|Kowtow Cleave|p2a: Garganacl\n|-damage|p2a: Garganacl|12\/100\n|move|p2a: Garganacl|Body Press|p1a: Kingambit\n|-supereffective|p1a: Kingambit\n|-damage|p1a: Kingambit|32\/100\n|\n|-heal|p1a: Kingambit|38\/100|[from] item: Leftovers\n|-heal|p2a: Garganacl|18\/100|[from] item: Leftovers\n|upkeep\n|turn|31\n|\n|t:|1700929561\n|move|p1a: Kingambit|Kowtow Cleave|p2a: Garganacl\n|-damage|p2a: Garganacl|0 fnt\n|faint|p2a: Garganacl\n|\n|-heal|p1a: Kingambit|44\/100|[from] item: Leftovers\n|upkeep\n|\n|t:|1700929568\n|switch|p2a: Dragapult|Dragapult, M|81\/100\n|turn|32\n|\n|t:|1700929580\n|-terastallize|p2a: Dragapult|Ghost\n|move|p1a: Kingambit|Sucker Punch|p2a: Dragapult\n|-supereffective|p2a: Dragapult\n|-damage|p2a: Dragapult|0 fnt\n|faint|p2a: Dragapult\n|\n|win|jorgeps_9\n|c|\u2606NicoRMA71|gg\n|c|\u2606jorgeps_9|gg\n|c|\u2606NicoRMA71|\u00bfPasas t\u00fa o yo?\n|c|\u2606jorgeps_9|paso yo\n|c|\u2606NicoRMA71|Vale gracias\n","uploadtime":1700929615,"views":2,"p1id":"jorgeps9","p2id":"nicorma71","formatid":"gen9ou","rating":0,"private":0,"password":""}