{"id":"gen9ou-1989894072","p1":"SickestPlaya","p2":"Auburn Hills","format":"[Gen 9] OU","log":"|j|\u2606SickestPlaya\n|j|\u2606Auburn Hills\n|t:|1699904577\n|gametype|singles\n|player|p1|SickestPlaya|benga|1707\n|player|p2|Auburn Hills|alder|1768\n|teamsize|p1|6\n|teamsize|p2|6\n|gen|9\n|tier|[Gen 9] OU\n|rated|\n|rule|Sleep Clause Mod: Limit one foe put to sleep\n|rule|Species Clause: Limit one of each Pok\u00e9mon\n|rule|OHKO Clause: OHKO moves are banned\n|rule|Evasion Items Clause: Evasion items are banned\n|rule|Evasion Moves Clause: Evasion moves are banned\n|rule|Endless Battle Clause: Forcing endless battles is banned\n|rule|HP Percentage Mod: HP is shown in percentages\n|clearpoke\n|poke|p1|Zamazenta-*|\n|poke|p1|Ting-Lu|\n|poke|p1|Moltres|\n|poke|p1|Gholdengo|\n|poke|p1|Clefable, M|\n|poke|p1|Ogerpon-Wellspring, F|\n|poke|p2|Iron Moth|\n|poke|p2|Umbreon, F|\n|poke|p2|Garchomp, M|\n|poke|p2|Glimmora, M|\n|poke|p2|Gholdengo|\n|poke|p2|Dragonite, F|\n|teampreview\n|inactive|Battle timer is ON: inactive players will automatically lose when time's up. (requested by SickestPlaya)\n|j| Narusegawa Nagi\n|j| Monday999\n|inactive|SickestPlaya has 120 seconds left.\n|inactive|Auburn Hills has 120 seconds left.\n|\n|t:|1699904629\n|start\n|switch|p1a: Gholdengo|Gholdengo|100\/100\n|switch|p2a: Julia Jacklin|Glimmora, M|100\/100\n|turn|1\n|\n|t:|1699904635\n|move|p2a: Julia Jacklin|Earth Power|p1a: Gholdengo\n|-supereffective|p1a: Gholdengo\n|-damage|p1a: Gholdengo|24\/100\n|move|p1a: Gholdengo|Shadow Ball|p2a: Julia Jacklin\n|-enditem|p2a: Julia Jacklin|Focus Sash\n|-damage|p2a: Julia Jacklin|1\/100\n|-unboost|p2a: Julia Jacklin|spd|1\n|\n|upkeep\n|turn|2\n|\n|t:|1699904645\n|switch|p1a: Ogerpon|Ogerpon-Wellspring, F|100\/100\n|move|p2a: Julia Jacklin|Mortal Spin|p1a: Ogerpon\n|-supereffective|p1a: Ogerpon\n|-damage|p1a: Ogerpon|83\/100\n|-status|p1a: Ogerpon|psn\n|\n|-damage|p1a: Ogerpon|70\/100 psn|[from] psn\n|upkeep\n|turn|3\n|\n|t:|1699904651\n|move|p1a: Ogerpon|U-turn|p2a: Julia Jacklin\n|-resisted|p2a: Julia Jacklin\n|-damage|p2a: Julia Jacklin|0 fnt\n|-activate|p2a: Julia Jacklin|ability: Toxic Debris\n|-sidestart|p1: SickestPlaya|move: Toxic Spikes\n|faint|p2a: Julia Jacklin\n|inactive|SickestPlaya has 120 seconds left.\n|\n|t:|1699904683\n|switch|p1a: Ting-Lu|Ting-Lu|100\/100|[from] U-turn\n|-status|p1a: Ting-Lu|psn\n|-ability|p1a: Ting-Lu|Vessel of Ruin\n|\n|-damage|p1a: Ting-Lu|88\/100 psn|[from] psn\n|upkeep\n|inactive|Auburn Hills has 120 seconds left.\n|\n|t:|1699904716\n|switch|p2a: Elucid|Dragonite, F|100\/100\n|turn|4\n|j| boywap\n|\n|t:|1699904728\n|move|p2a: Elucid|Ice Spinner|p1a: Ting-Lu\n|-supereffective|p1a: Ting-Lu\n|-damage|p1a: Ting-Lu|51\/100 psn\n|move|p1a: Ting-Lu|Ruination|p2a: Elucid\n|-damage|p2a: Elucid|51\/100\n|\n|-heal|p1a: Ting-Lu|58\/100 psn|[from] item: Leftovers\n|-damage|p1a: Ting-Lu|45\/100 psn|[from] psn\n|upkeep\n|turn|5\n|j| Loculaa\n|\n|t:|1699904737\n|move|p2a: Elucid|Ice Spinner|p1a: Ting-Lu\n|-supereffective|p1a: Ting-Lu\n|-damage|p1a: Ting-Lu|10\/100 psn\n|move|p1a: Ting-Lu|Spikes|p2a: Elucid\n|-sidestart|p2: Auburn Hills|Spikes\n|\n|-heal|p1a: Ting-Lu|16\/100 psn|[from] item: Leftovers\n|-damage|p1a: Ting-Lu|4\/100 psn|[from] psn\n|upkeep\n|turn|6\n|\n|t:|1699904741\n|move|p2a: Elucid|Dragon Dance|p2a: Elucid\n|-boost|p2a: Elucid|atk|1\n|-boost|p2a: Elucid|spe|1\n|move|p1a: Ting-Lu|Whirlwind|p2a: Elucid\n|drag|p2a: Alvvays|Umbreon, F|100\/100\n|-damage|p2a: Alvvays|88\/100|[from] Spikes\n|\n|-heal|p2a: Alvvays|94\/100|[from] item: Leftovers\n|-heal|p1a: Ting-Lu|10\/100 psn|[from] item: Leftovers\n|-damage|p1a: Ting-Lu|0 fnt|[from] psn\n|faint|p1a: Ting-Lu\n|upkeep\n|\n|t:|1699904759\n|switch|p1a: Clefable|Clefable, M|100\/100\n|-status|p1a: Clefable|psn\n|turn|7\n|\n|t:|1699904765\n|move|p2a: Alvvays|Wish|p2a: Alvvays\n|move|p1a: Clefable|Stealth Rock|p2a: Alvvays\n|-sidestart|p2: Auburn Hills|move: Stealth Rock\n|\n|-heal|p2a: Alvvays|99\/100|[from] item: Leftovers\n|upkeep\n|turn|8\n|\n|t:|1699904774\n|switch|p2a: Smino|Gholdengo|100\/100\n|-damage|p2a: Smino|88\/100|[from] Spikes\n|-damage|p2a: Smino|82\/100|[from] Stealth Rock\n|move|p1a: Clefable|Knock Off|p2a: Smino\n|-supereffective|p2a: Smino\n|-damage|p2a: Smino|50\/100\n|-enditem|p2a: Smino|Covert Cloak|[from] move: Knock Off|[of] p1a: Clefable\n|\n|-heal|p2a: Smino|100\/100|[from] move: Wish|[wisher] Alvvays\n|upkeep\n|turn|9\n|\n|t:|1699904786\n|switch|p1a: Gholdengo|Gholdengo|24\/100\n|move|p2a: Smino|Shadow Ball|p1a: Gholdengo\n|-supereffective|p1a: Gholdengo\n|-damage|p1a: Gholdengo|0 fnt\n|faint|p1a: Gholdengo\n|\n|upkeep\n|\n|t:|1699904799\n|switch|p1a: Zamazenta|Zamazenta|100\/100\n|-ability|p1a: Zamazenta|Dauntless Shield|boost\n|-boost|p1a: Zamazenta|def|1\n|turn|10\n|\n|t:|1699904807\n|move|p1a: Zamazenta|Crunch|p2a: Smino\n|-supereffective|p2a: Smino\n|-damage|p2a: Smino|47\/100\n|move|p2a: Smino|Shadow Ball|p1a: Zamazenta\n|-damage|p1a: Zamazenta|60\/100\n|\n|upkeep\n|turn|11\n|\n|t:|1699904813\n|move|p1a: Zamazenta|Crunch|p2a: Smino\n|-supereffective|p2a: Smino\n|-damage|p2a: Smino|0 fnt\n|faint|p2a: Smino\n|\n|upkeep\n|\n|t:|1699904818\n|switch|p2a: Carly Rae|Iron Moth|100\/100\n|-damage|p2a: Carly Rae|88\/100|[from] Spikes\n|-damage|p2a: Carly Rae|63\/100|[from] Stealth Rock\n|-enditem|p2a: Carly Rae|Booster Energy\n|-activate|p2a: Carly Rae|ability: Quark Drive|[fromitem]\n|-start|p2a: Carly Rae|quarkdrivespe\n|turn|12\n|\n|t:|1699904834\n|move|p2a: Carly Rae|Dazzling Gleam|p1a: Zamazenta\n|-supereffective|p1a: Zamazenta\n|-damage|p1a: Zamazenta|9\/100\n|move|p1a: Zamazenta|Stone Edge|p2a: Carly Rae\n|-supereffective|p2a: Carly Rae\n|-crit|p2a: Carly Rae\n|-damage|p2a: Carly Rae|0 fnt\n|faint|p2a: Carly Rae\n|-end|p2a: Carly Rae|Quark Drive|[silent]\n|\n|upkeep\n|j| wsfwdcwfec\n|\n|t:|1699904841\n|switch|p2a: Elucid|Dragonite, F|51\/100\n|turn|13\n|\n|t:|1699904848\n|switch|p1a: Moltres|Moltres|100\/100\n|move|p2a: Elucid|Extreme Speed|p1a: Moltres\n|-damage|p1a: Moltres|77\/100\n|\n|upkeep\n|turn|14\n|j| kuhihuihihhuhi\n|\n|t:|1699904851\n|switch|p2a: Alvvays|Umbreon, F|99\/100\n|-damage|p2a: Alvvays|88\/100|[from] Spikes\n|-damage|p2a: Alvvays|75\/100|[from] Stealth Rock\n|move|p1a: Moltres|Will-O-Wisp|p2a: Alvvays\n|-status|p2a: Alvvays|brn\n|-activate|p2a: Alvvays|ability: Synchronize\n|-immune|p1a: Moltres\n|\n|-heal|p2a: Alvvays|81\/100 brn|[from] item: Leftovers\n|-damage|p2a: Alvvays|75\/100 brn|[from] brn\n|upkeep\n|turn|15\n|\n|t:|1699904856\n|move|p1a: Moltres|Roost|p1a: Moltres\n|-heal|p1a: Moltres|100\/100\n|-singleturn|p1a: Moltres|move: Roost\n|move|p2a: Alvvays|Thunder Wave|p1a: Moltres\n|-status|p1a: Moltres|par\n|\n|-heal|p2a: Alvvays|81\/100 brn|[from] item: Leftovers\n|-damage|p2a: Alvvays|75\/100 brn|[from] brn\n|upkeep\n|turn|16\n|\n|t:|1699904860\n|move|p2a: Alvvays|Wish|p2a: Alvvays\n|move|p1a: Moltres|U-turn|p2a: Alvvays\n|-supereffective|p2a: Alvvays\n|-damage|p2a: Alvvays|50\/100 brn\n|j| ThatJebshuckle\n|\n|t:|1699904868\n|switch|p1a: Clefable|Clefable, M|100\/100 psn|[from] U-turn\n|\n|-heal|p2a: Alvvays|57\/100 brn|[from] item: Leftovers\n|-damage|p2a: Alvvays|50\/100 brn|[from] brn\n|upkeep\n|turn|17\n|\n|t:|1699904871\n|move|p2a: Alvvays|Foul Play|p1a: Clefable\n|-resisted|p1a: Clefable\n|-damage|p1a: Clefable|97\/100 psn\n|move|p1a: Clefable|Moonblast|p2a: Alvvays\n|-supereffective|p2a: Alvvays\n|-damage|p2a: Alvvays|21\/100 brn\n|\n|-heal|p2a: Alvvays|71\/100 brn|[from] move: Wish|[wisher] Alvvays\n|-heal|p2a: Alvvays|77\/100 brn|[from] item: Leftovers\n|-heal|p1a: Clefable|100\/100 psn|[from] item: Leftovers\n|-damage|p2a: Alvvays|71\/100 brn|[from] brn\n|upkeep\n|turn|18\n|\n|t:|1699904877\n|move|p2a: Alvvays|Wish|p2a: Alvvays\n|move|p1a: Clefable|Knock Off|p2a: Alvvays\n|-resisted|p2a: Alvvays\n|-damage|p2a: Alvvays|65\/100 brn\n|-enditem|p2a: Alvvays|Leftovers|[from] move: Knock Off|[of] p1a: Clefable\n|\n|-damage|p2a: Alvvays|59\/100 brn|[from] brn\n|upkeep\n|turn|19\n|\n|t:|1699904882\n|switch|p2a: Rat Tally|Garchomp, M|100\/100\n|-damage|p2a: Rat Tally|88\/100|[from] Spikes\n|-damage|p2a: Rat Tally|82\/100|[from] Stealth Rock\n|move|p1a: Clefable|Moonblast|p2a: Rat Tally\n|-supereffective|p2a: Rat Tally\n|-damage|p2a: Rat Tally|15\/100\n|\n|-heal|p2a: Rat Tally|70\/100|[from] move: Wish|[wisher] Alvvays\n|-heal|p2a: Rat Tally|76\/100|[from] item: Leftovers\n|upkeep\n|turn|20\n|\n|t:|1699904889\n|-terastallize|p2a: Rat Tally|Electric\n|move|p2a: Rat Tally|Swords Dance|p2a: Rat Tally\n|-boost|p2a: Rat Tally|atk|2\n|move|p1a: Clefable|Moonblast|p2a: Rat Tally\n|-damage|p2a: Rat Tally|42\/100\n|-unboost|p2a: Rat Tally|spa|1\n|\n|-heal|p2a: Rat Tally|48\/100|[from] item: Leftovers\n|upkeep\n|turn|21\n|\n|t:|1699904905\n|move|p2a: Rat Tally|Earthquake|p1a: Clefable\n|-damage|p1a: Clefable|27\/100 psn\n|move|p1a: Clefable|Moonblast|p2a: Rat Tally\n|-damage|p2a: Rat Tally|16\/100\n|\n|-heal|p2a: Rat Tally|22\/100|[from] item: Leftovers\n|-heal|p1a: Clefable|33\/100 psn|[from] item: Leftovers\n|upkeep\n|turn|22\n|j| SPEBSQSA\n|\n|t:|1699904912\n|move|p2a: Rat Tally|Earthquake|p1a: Clefable\n|-damage|p1a: Clefable|0 fnt\n|faint|p1a: Clefable\n|\n|-heal|p2a: Rat Tally|28\/100|[from] item: Leftovers\n|upkeep\n|\n|t:|1699904913\n|switch|p1a: Zamazenta|Zamazenta|9\/100\n|turn|23\n|\n|t:|1699904918\n|move|p1a: Zamazenta|Close Combat|p2a: Rat Tally\n|-damage|p2a: Rat Tally|0 fnt\n|-unboost|p1a: Zamazenta|def|1\n|-unboost|p1a: Zamazenta|spd|1\n|-damage|p1a: Zamazenta|0 fnt|[from] ability: Rough Skin|[of] p2a: Rat Tally\n|faint|p2a: Rat Tally\n|faint|p1a: Zamazenta\n|\n|upkeep\n|\n|t:|1699904927\n|switch|p1a: Ogerpon|Ogerpon-Wellspring, F|70\/100 psn\n|switch|p2a: Alvvays|Umbreon, F|59\/100 brn\n|-damage|p2a: Alvvays|46\/100 brn|[from] Spikes\n|-damage|p2a: Alvvays|34\/100 brn|[from] Stealth Rock\n|turn|24\n|\n|t:|1699904948\n|-terastallize|p1a: Ogerpon|Water\n|detailschange|p1a: Ogerpon|Ogerpon-Wellspring-Tera, F, tera:Water\n|-ability|p1a: Ogerpon|Embody Aspect (Wellspring)|boost\n|-boost|p1a: Ogerpon|spd|1\n|move|p2a: Alvvays|Protect|p2a: Alvvays\n|-singleturn|p2a: Alvvays|Protect\n|move|p1a: Ogerpon|U-turn|p2a: Alvvays\n|-activate|p2a: Alvvays|move: Protect\n|\n|-damage|p1a: Ogerpon|58\/100 psn|[from] psn\n|-damage|p2a: Alvvays|28\/100 brn|[from] brn\n|upkeep\n|turn|25\n|\n|t:|1699904960\n|move|p1a: Ogerpon|Ivy Cudgel|p2a: Alvvays\n|-damage|p2a: Alvvays|0 fnt\n|faint|p2a: Alvvays\n|\n|-damage|p1a: Ogerpon|46\/100 psn|[from] psn\n|upkeep\n|\n|t:|1699904963\n|switch|p2a: Elucid|Dragonite, F|51\/100\n|turn|26\n|\n|t:|1699904969\n|move|p2a: Elucid|Extreme Speed|p1a: Ogerpon\n|-crit|p1a: Ogerpon\n|-damage|p1a: Ogerpon|0 fnt\n|faint|p1a: Ogerpon\n|\n|upkeep\n|j| MiniLarry\n|j| amogusroxyrrrr\n|\n|t:|1699904971\n|switch|p1a: Moltres|Moltres|100\/100 par\n|turn|27\n|\n|t:|1699904974\n|move|p2a: Elucid|Dragon Dance|p2a: Elucid\n|-boost|p2a: Elucid|atk|1\n|-boost|p2a: Elucid|spe|1\n|move|p1a: Moltres|Will-O-Wisp|p2a: Elucid\n|-status|p2a: Elucid|brn\n|\n|-damage|p2a: Elucid|44\/100 brn|[from] brn\n|upkeep\n|turn|28\n|\n|t:|1699904977\n|move|p2a: Elucid|Dragon Dance|p2a: Elucid\n|-boost|p2a: Elucid|atk|1\n|-boost|p2a: Elucid|spe|1\n|move|p1a: Moltres|Flamethrower|p2a: Elucid\n|-resisted|p2a: Elucid\n|-damage|p2a: Elucid|24\/100 brn\n|\n|-damage|p2a: Elucid|18\/100 brn|[from] brn\n|upkeep\n|turn|29\n|\n|t:|1699904981\n|move|p2a: Elucid|Ice Spinner|p1a: Moltres\n|-damage|p1a: Moltres|78\/100 par\n|move|p1a: Moltres|Flamethrower|p2a: Elucid\n|-resisted|p2a: Elucid\n|-damage|p2a: Elucid|0 fnt\n|faint|p2a: Elucid\n|\n|win|SickestPlaya\n|raw|SickestPlaya's rating: 1707 &rarr; <strong>1730<\/strong><br \/>(+23 for winning)\n|raw|Auburn Hills's rating: 1768 &rarr; <strong>1745<\/strong><br \/>(-23 for losing)\n|c|\u2606SickestPlaya|gg\n|l|\u2606Auburn Hills\n|l| MiniLarry\n|l| Monday999\n|l| Loculaa\n|l| ThatJebshuckle\n|l| amogusroxyrrrr\n","uploadtime":1699905009,"views":17,"p1id":"sickestplaya","p2id":"auburnhills","formatid":"gen9ou","rating":1730,"private":0,"password":""}