{"id":"gen9ou-1996486549","p1":"Coeli","p2":"mikelrada98","format":"[Gen 9] OU","log":"|j|\u2606Coeli\n|j|\u2606mikelrada98\n|t:|1700686709\n|gametype|singles\n|player|p1|Coeli|swimmer-gen7|1289\n|player|p2|mikelrada98|170|1204\n|teamsize|p1|6\n|teamsize|p2|6\n|gen|9\n|tier|[Gen 9] OU\n|rated|\n|rule|Sleep Clause Mod: Limit one foe put to sleep\n|rule|Species Clause: Limit one of each Pok\u00e9mon\n|rule|OHKO Clause: OHKO moves are banned\n|rule|Evasion Items Clause: Evasion items are banned\n|rule|Evasion Moves Clause: Evasion moves are banned\n|rule|Endless Battle Clause: Forcing endless battles is banned\n|rule|HP Percentage Mod: HP is shown in percentages\n|clearpoke\n|poke|p1|Glimmora, F|\n|poke|p1|Ribombee, M|\n|poke|p1|Ogerpon, F|\n|poke|p1|Manaphy|\n|poke|p1|Ceruledge, F|\n|poke|p1|Iron Valiant|\n|poke|p2|Toxapex, M|\n|poke|p2|Goodra, M|\n|poke|p2|Corviknight, M|\n|poke|p2|Graveler, M|\n|poke|p2|Dragapult, F|\n|poke|p2|Greninja-*, M|\n|teampreview\n|inactive|Battle timer is ON: inactive players will automatically lose when time's up. (requested by mikelrada98)\n|\n|t:|1700686779\n|start\n|switch|p1a: Ogerpon|Ogerpon, F|100\/100\n|switch|p2a: Graveler|Graveler, M|100\/100\n|turn|1\n|\n|t:|1700686798\n|switch|p1a: Ceruledge|Ceruledge, F|100\/100\n|switch|p2a: Corviknight|Corviknight, M|100\/100\n|-ability|p2a: Corviknight|Unnerve\n|\n|upkeep\n|turn|2\n|\n|t:|1700686806\n|switch|p2a: Graveler|Graveler, M|100\/100\n|move|p1a: Ceruledge|Bitter Blade|p2a: Graveler\n|-resisted|p2a: Graveler\n|-damage|p2a: Graveler|89\/100\n|\n|upkeep\n|turn|3\n|\n|t:|1700686814\n|move|p1a: Ceruledge|Swords Dance|p1a: Ceruledge\n|-boost|p1a: Ceruledge|atk|2\n|move|p2a: Graveler|Stealth Rock|p1a: Ceruledge\n|-sidestart|p1: Coeli|move: Stealth Rock\n|\n|upkeep\n|turn|4\n|\n|t:|1700686820\n|move|p1a: Ceruledge|Poltergeist|p2a: Graveler\n|-activate|p2a: Graveler|move: Poltergeist|Eviolite\n|-damage|p2a: Graveler|36\/100\n|move|p2a: Graveler|Rock Blast|p1a: Ceruledge\n|-supereffective|p1a: Ceruledge\n|-damage|p1a: Ceruledge|78\/100\n|-ability|p1a: Ceruledge|Weak Armor|boost\n|-unboost|p1a: Ceruledge|def|1\n|-boost|p1a: Ceruledge|spe|2\n|-enditem|p1a: Ceruledge|Weakness Policy\n|-boost|p1a: Ceruledge|atk|2|[from] item: Weakness Policy\n|-boost|p1a: Ceruledge|spa|2|[from] item: Weakness Policy\n|-supereffective|p1a: Ceruledge\n|-damage|p1a: Ceruledge|44\/100\n|-ability|p1a: Ceruledge|Weak Armor|boost\n|-unboost|p1a: Ceruledge|def|1\n|-boost|p1a: Ceruledge|spe|2\n|-supereffective|p1a: Ceruledge\n|-damage|p1a: Ceruledge|0 fnt\n|faint|p1a: Ceruledge\n|-hitcount|p1: Ceruledge|3\n|\n|upkeep\n|\n|t:|1700686849\n|switch|p1a: Glimmora|Glimmora, F|100\/100\n|-damage|p1a: Glimmora|88\/100|[from] Stealth Rock\n|-item|p1a: Glimmora|Air Balloon\n|turn|5\n|\n|t:|1700686866\n|move|p1a: Glimmora|Mortal Spin|p2a: Graveler\n|-resisted|p2a: Graveler\n|-damage|p2a: Graveler|36\/100\n|-status|p2a: Graveler|psn\n|-sideend|p1: Coeli|Stealth Rock|[from] move: Mortal Spin|[of] p1a: Glimmora\n|move|p2a: Graveler|Rock Blast|p1a: Glimmora\n|-damage|p1a: Glimmora|79\/100\n|-enditem|p1a: Glimmora|Air Balloon\n|-crit|p1a: Glimmora\n|-damage|p1a: Glimmora|68\/100\n|-damage|p1a: Glimmora|59\/100\n|-hitcount|p1a: Glimmora|3\n|\n|-damage|p2a: Graveler|23\/100 psn|[from] psn\n|upkeep\n|turn|6\n|\n|t:|1700686880\n|move|p1a: Glimmora|Stealth Rock|p2a: Graveler\n|-sidestart|p2: mikelrada98|move: Stealth Rock\n|move|p2a: Graveler|Stealth Rock|p1a: Glimmora\n|-sidestart|p1: Coeli|move: Stealth Rock\n|\n|-damage|p2a: Graveler|11\/100 psn|[from] psn\n|upkeep\n|turn|7\n|\n|t:|1700686886\n|move|p1a: Glimmora|Mortal Spin|p2a: Graveler\n|-resisted|p2a: Graveler\n|-damage|p2a: Graveler|10\/100 psn\n|-sideend|p1: Coeli|Stealth Rock|[from] move: Mortal Spin|[of] p1a: Glimmora\n|move|p2a: Graveler|Earthquake|p1a: Glimmora\n|-supereffective|p1a: Glimmora\n|-damage|p1a: Glimmora|0 fnt\n|faint|p1a: Glimmora\n|\n|-damage|p2a: Graveler|0 fnt|[from] psn\n|faint|p2a: Graveler\n|upkeep\n|\n|t:|1700686901\n|switch|p1a: Iron Valiant|Iron Valiant|100\/100\n|switch|p2a: Corviknight|Corviknight, M|100\/100\n|-ability|p2a: Corviknight|Unnerve\n|-damage|p2a: Corviknight|88\/100|[from] Stealth Rock\n|turn|8\n|\n|t:|1700686910\n|-terastallize|p2a: Corviknight|Ground\n|move|p1a: Iron Valiant|Thunderbolt|p2a: Corviknight\n|-immune|p2a: Corviknight\n|move|p2a: Corviknight|Defog|p1a: Iron Valiant\n|-unboost|p1a: Iron Valiant|evasion|1\n|-sideend|p2: mikelrada98|Stealth Rock|[from] move: Defog|[of] p2a: Corviknight\n|\n|upkeep\n|turn|9\n|\n|t:|1700686935\n|-end|p1a: Iron Valiant|Quark Drive|[silent]\n|switch|p1a: Manaphy|Manaphy|100\/100\n|switch|p2a: Toxapex|Toxapex, M|100\/100\n|\n|upkeep\n|turn|10\n|\n|t:|1700686943\n|move|p1a: Manaphy|Skill Swap|p2a: Toxapex\n|-activate|p1a: Manaphy|move: Skill Swap|Regenerator|Hydration|[of] p2a: Toxapex\n|move|p2a: Toxapex|Toxic|p1a: Manaphy\n|-status|p1a: Manaphy|tox\n|\n|-damage|p1a: Manaphy|94\/100 tox|[from] psn\n|upkeep\n|turn|11\n|\n|t:|1700686964\n|switch|p1a: Iron Valiant|Iron Valiant|100\/100\n|move|p2a: Toxapex|Liquidation|p1a: Iron Valiant\n|-damage|p1a: Iron Valiant|74\/100\n|\n|upkeep\n|turn|12\n|\n|t:|1700686972\n|move|p1a: Iron Valiant|Thunderbolt|p2a: Toxapex\n|-supereffective|p2a: Toxapex\n|-damage|p2a: Toxapex|64\/100\n|move|p2a: Toxapex|Toxic|p1a: Iron Valiant\n|-status|p1a: Iron Valiant|tox\n|\n|-heal|p2a: Toxapex|71\/100|[from] item: Black Sludge\n|-damage|p1a: Iron Valiant|67\/100 tox|[from] psn\n|upkeep\n|turn|13\n|\n|t:|1700686983\n|-end|p1a: Iron Valiant|Quark Drive|[silent]\n|switch|p1a: Manaphy|Manaphy|100\/100 tox\n|move|p2a: Toxapex|Liquidation|p1a: Manaphy\n|-resisted|p1a: Manaphy\n|-damage|p1a: Manaphy|90\/100 tox\n|\n|-heal|p1a: Manaphy|96\/100 tox|[from] item: Leftovers\n|-heal|p2a: Toxapex|77\/100|[from] item: Black Sludge\n|-damage|p1a: Manaphy|90\/100 tox|[from] psn\n|upkeep\n|turn|14\n|\n|t:|1700686992\n|move|p1a: Manaphy|Tail Glow|p1a: Manaphy\n|-boost|p1a: Manaphy|spa|3\n|move|p2a: Toxapex|Liquidation|p1a: Manaphy\n|-resisted|p1a: Manaphy\n|-damage|p1a: Manaphy|80\/100 tox\n|\n|-heal|p1a: Manaphy|86\/100 tox|[from] item: Leftovers\n|-heal|p2a: Toxapex|83\/100|[from] item: Black Sludge\n|-damage|p1a: Manaphy|74\/100 tox|[from] psn\n|upkeep\n|turn|15\n|\n|t:|1700687007\n|move|p1a: Manaphy|Surf|p2a: Toxapex\n|-resisted|p2a: Toxapex\n|-damage|p2a: Toxapex|51\/100\n|move|p2a: Toxapex|Haze|p2a: Toxapex\n|-clearallboost\n|\n|-heal|p1a: Manaphy|80\/100 tox|[from] item: Leftovers\n|-heal|p2a: Toxapex|58\/100|[from] item: Black Sludge\n|-damage|p1a: Manaphy|62\/100 tox|[from] psn\n|upkeep\n|turn|16\n|\n|t:|1700687018\n|switch|p1a: Ribombee|Ribombee, M|100\/100\n|move|p2a: Toxapex|Liquidation|p1a: Ribombee\n|-damage|p1a: Ribombee|58\/100\n|\n|-heal|p2a: Toxapex|64\/100|[from] item: Black Sludge\n|upkeep\n|turn|17\n|\n|t:|1700687027\n|move|p1a: Ribombee|Quiver Dance|p1a: Ribombee\n|-boost|p1a: Ribombee|spa|1\n|-boost|p1a: Ribombee|spd|1\n|-boost|p1a: Ribombee|spe|1\n|move|p2a: Toxapex|Toxic|p1a: Ribombee\n|-status|p1a: Ribombee|tox\n|\n|-heal|p2a: Toxapex|70\/100|[from] item: Black Sludge\n|-damage|p1a: Ribombee|51\/100 tox|[from] psn\n|upkeep\n|turn|18\n|\n|t:|1700687037\n|move|p1a: Ribombee|Stored Power|p2a: Toxapex\n|-supereffective|p2a: Toxapex\n|-damage|p2a: Toxapex|24\/100\n|move|p2a: Toxapex|Liquidation|p1a: Ribombee\n|-damage|p1a: Ribombee|13\/100 tox\n|\n|-heal|p2a: Toxapex|30\/100|[from] item: Black Sludge\n|-damage|p1a: Ribombee|1\/100 tox|[from] psn\n|upkeep\n|turn|19\n|\n|t:|1700687051\n|switch|p2a: Goodra|Goodra, M|100\/100\n|move|p1a: Ribombee|Sticky Web|p2a: Goodra\n|-sidestart|p2: mikelrada98|move: Sticky Web\n|\n|-damage|p1a: Ribombee|0 fnt|[from] psn\n|faint|p1a: Ribombee\n|upkeep\n|\n|t:|1700687065\n|switch|p1a: Manaphy|Manaphy|62\/100 tox\n|turn|20\n|\n|t:|1700687076\n|move|p1a: Manaphy|Tail Glow|p1a: Manaphy\n|-boost|p1a: Manaphy|spa|3\n|move|p2a: Goodra|Thunderbolt|p1a: Manaphy\n|-supereffective|p1a: Manaphy\n|-damage|p1a: Manaphy|0 fnt\n|faint|p1a: Manaphy\n|\n|upkeep\n|\n|t:|1700687082\n|switch|p1a: Iron Valiant|Iron Valiant|67\/100 tox\n|turn|21\n|l|\u2606mikelrada98\n|inactive|mikelrada98 disconnected and has a minute to reconnect!\n|player|p2|\n|j|\u2606mikelrada98\n|inactive|mikelrada98 reconnected and has 135 seconds left.\n|player|p2|mikelrada98|170\n|\n|t:|1700687106\n|move|p1a: Iron Valiant|Moonblast|p2a: Goodra\n|-supereffective|p2a: Goodra\n|-damage|p2a: Goodra|61\/100\n|move|p2a: Goodra|Flamethrower|p1a: Iron Valiant\n|-damage|p1a: Iron Valiant|12\/100 tox\n|\n|-damage|p1a: Iron Valiant|5\/100 tox|[from] psn\n|upkeep\n|turn|22\n|\n|t:|1700687117\n|move|p1a: Iron Valiant|Moonblast|p2a: Goodra\n|-supereffective|p2a: Goodra\n|-damage|p2a: Goodra|19\/100\n|-unboost|p2a: Goodra|spa|1\n|move|p2a: Goodra|Ice Beam|p1a: Iron Valiant\n|-damage|p1a: Iron Valiant|0 fnt\n|faint|p1a: Iron Valiant\n|-end|p1a: Iron Valiant|Quark Drive|[silent]\n|\n|upkeep\n|\n|t:|1700687121\n|switch|p1a: Ogerpon|Ogerpon, F|100\/100\n|turn|23\n|\n|t:|1700687128\n|move|p1a: Ogerpon|Swords Dance|p1a: Ogerpon\n|-boost|p1a: Ogerpon|atk|2\n|move|p2a: Goodra|Ice Beam|p1a: Ogerpon\n|-supereffective|p1a: Ogerpon\n|-damage|p1a: Ogerpon|52\/100\n|\n|upkeep\n|turn|24\n|\n|t:|1700687136\n|move|p1a: Ogerpon|Stomping Tantrum|p2a: Goodra\n|-damage|p2a: Goodra|0 fnt\n|-ability|p2a: Goodra|Gooey\n|-unboost|p1a: Ogerpon|spe|1\n|-ability|p1a: Ogerpon|Defiant|boost\n|-boost|p1a: Ogerpon|atk|2\n|-enditem|p1a: Ogerpon|White Herb\n|-clearnegativeboost|p1a: Ogerpon|[silent]\n|faint|p2a: Goodra\n|\n|upkeep\n|\n|t:|1700687152\n|switch|p2a: Corviknight|Corviknight, M, tera:Ground|88\/100\n|-ability|p2a: Corviknight|Unnerve\n|-activate|p2a: Corviknight|move: Sticky Web\n|-unboost|p2a: Corviknight|spe|1\n|turn|25\n|\n|t:|1700687161\n|-terastallize|p1a: Ogerpon|Grass\n|detailschange|p1a: Ogerpon|Ogerpon-Teal-Tera, F, tera:Grass\n|-ability|p1a: Ogerpon|Embody Aspect (Teal)|boost\n|-boost|p1a: Ogerpon|spe|1\n|move|p1a: Ogerpon|Ivy Cudgel|p2a: Corviknight\n|-supereffective|p2a: Corviknight\n|-damage|p2a: Corviknight|0 fnt\n|faint|p2a: Corviknight\n|\n|upkeep\n|\n|t:|1700687170\n|switch|p2a: Dragapult|Dragapult, F|100\/100\n|-activate|p2a: Dragapult|move: Sticky Web\n|-unboost|p2a: Dragapult|spe|1\n|turn|26\n|\n|t:|1700687186\n|move|p1a: Ogerpon|Spiky Shield|p1a: Ogerpon\n|-singleturn|p1a: Ogerpon|move: Protect\n|move|p2a: Dragapult|Dragon Darts|p1a: Ogerpon\n|-activate|p1a: Ogerpon|move: Protect\n|\n|upkeep\n|turn|27\n|\n|t:|1700687198\n|move|p1a: Ogerpon|Stomping Tantrum|p2a: Dragapult\n|-damage|p2a: Dragapult|0 fnt\n|faint|p2a: Dragapult\n|\n|upkeep\n|-message|mikelrada98 forfeited.\n|\n|win|Coeli\n|raw|Coeli's rating: 1289 &rarr; <strong>1308<\/strong><br \/>(+19 for winning)\n|raw|mikelrada98's rating: 1204 &rarr; <strong>1185<\/strong><br \/>(-19 for losing)\n|l|\u2606mikelrada98\n","uploadtime":1700687209,"views":5,"p1id":"coeli","p2id":"mikelrada98","formatid":"gen9ou","rating":1185,"private":0,"password":""}