{"id":"gen9ou-1998246319","p1":"arielk","p2":"cash999","format":"[Gen 9] OU","log":"|j|\u2606arielk\n|j|\u2606cash999\n|t:|1700919243\n|gametype|singles\n|player|p1|arielk|rika|\n|player|p2|cash999|cynthia-masters|\n|teamsize|p1|6\n|teamsize|p2|6\n|gen|9\n|tier|[Gen 9] OU\n|rule|Sleep Clause Mod: Limit one foe put to sleep\n|rule|Species Clause: Limit one of each Pok\u00e9mon\n|rule|OHKO Clause: OHKO moves are banned\n|rule|Evasion Items Clause: Evasion items are banned\n|rule|Evasion Moves Clause: Evasion moves are banned\n|rule|Endless Battle Clause: Forcing endless battles is banned\n|rule|HP Percentage Mod: HP is shown in percentages\n|clearpoke\n|poke|p1|Rillaboom, F|\n|poke|p1|Sneasler, M|\n|poke|p1|Zamazenta-*|\n|poke|p1|Manaphy|\n|poke|p1|Heatran, M|\n|poke|p1|Hatterene, F|\n|poke|p2|Ogerpon-Cornerstone, F|\n|poke|p2|Hatterene, F|\n|poke|p2|Heatran, M|\n|poke|p2|Rillaboom, M|\n|poke|p2|Sneasler, M|\n|poke|p2|Clodsire, F|\n|teampreview\n|c|\u2606cash999|glhf\n|c|\u2606arielk|u2\n|c|\u2606cash999|i think we had the same team idea lmao\n|c|\u2606arielk|lol\n|j| Hallowed_Hazel\n|\n|t:|1700919355\n|start\n|switch|p1a: Hatterene|Hatterene, F|100\/100\n|switch|p2a: Ogerpon|Ogerpon-Cornerstone, F|100\/100\n|turn|1\n|\n|t:|1700919416\n|move|p2a: Ogerpon|Ivy Cudgel|p1a: Hatterene|[anim] Ivy Cudgel Rock\n|-damage|p1a: Hatterene|54\/100\n|move|p1a: Hatterene|Nuzzle|p2a: Ogerpon\n|-resisted|p2a: Ogerpon\n|-damage|p2a: Ogerpon|98\/100\n|-status|p2a: Ogerpon|par\n|\n|upkeep\n|turn|2\n|\n|t:|1700919454\n|switch|p1a: Rillaboom|Rillaboom, F|100\/100\n|-fieldstart|move: Grassy Terrain|[from] ability: Grassy Surge|[of] p1a: Rillaboom\n|move|p2a: Ogerpon|Ivy Cudgel|p1a: Rillaboom|[anim] Ivy Cudgel Rock\n|-crit|p1a: Rillaboom\n|-damage|p1a: Rillaboom|18\/100\n|\n|-heal|p1a: Rillaboom|24\/100|[from] Grassy Terrain\n|-heal|p2a: Ogerpon|100\/100 par|[from] Grassy Terrain\n|upkeep\n|turn|3\n|\n|t:|1700919505\n|switch|p2a: Heatran|Heatran, M|100\/100\n|move|p1a: Rillaboom|U-turn|p2a: Heatran\n|-resisted|p2a: Heatran\n|-damage|p2a: Heatran|92\/100\n|\n|t:|1700919513\n|switch|p1a: Manaphy|Manaphy|100\/100|[from] U-turn\n|\n|-heal|p2a: Heatran|98\/100|[from] Grassy Terrain\n|-heal|p2a: Heatran|100\/100|[from] item: Leftovers\n|upkeep\n|turn|4\n|\n|t:|1700919540\n|switch|p2a: Clodsire|Clodsire, F|100\/100\n|move|p1a: Manaphy|Tail Glow|p1a: Manaphy\n|-boost|p1a: Manaphy|spa|3\n|\n|upkeep\n|turn|5\n|\n|t:|1700919568\n|move|p1a: Manaphy|Surf|p2a: Clodsire\n|-immune|p2a: Clodsire|[from] ability: Water Absorb\n|move|p2a: Clodsire|Toxic|p1a: Manaphy\n|-status|p1a: Manaphy|tox\n|\n|-damage|p1a: Manaphy|94\/100 tox|[from] psn\n|upkeep\n|turn|6\n|\n|t:|1700919584\n|move|p1a: Manaphy|Ice Beam|p2a: Clodsire\n|-supereffective|p2a: Clodsire\n|-damage|p2a: Clodsire|49\/100\n|move|p2a: Clodsire|Recover|p2a: Clodsire\n|-heal|p2a: Clodsire|99\/100\n|\n|-heal|p1a: Manaphy|100\/100 tox|[from] Grassy Terrain\n|-heal|p2a: Clodsire|100\/100|[from] Grassy Terrain\n|-damage|p1a: Manaphy|88\/100 tox|[from] psn\n|-fieldend|move: Grassy Terrain\n|upkeep\n|turn|7\n|\n|t:|1700919600\n|switch|p2a: Heatran|Heatran, M|100\/100\n|move|p1a: Manaphy|Tail Glow|p1a: Manaphy\n|-boost|p1a: Manaphy|spa|3\n|\n|-damage|p1a: Manaphy|69\/100 tox|[from] psn\n|upkeep\n|turn|8\n|\n|t:|1700919625\n|move|p2a: Heatran|Protect|p2a: Heatran\n|-singleturn|p2a: Heatran|Protect\n|move|p1a: Manaphy|Ice Beam|p2a: Heatran\n|-activate|p2a: Heatran|move: Protect\n|\n|-damage|p1a: Manaphy|44\/100 tox|[from] psn\n|upkeep\n|-enditem|p1a: Manaphy|Sitrus Berry|[eat]\n|-heal|p1a: Manaphy|69\/100 tox|[from] item: Sitrus Berry\n|turn|9\n|\n|t:|1700919637\n|switch|p2a: Clodsire|Clodsire, F|100\/100\n|move|p1a: Manaphy|Surf|p2a: Clodsire\n|-immune|p2a: Clodsire|[from] ability: Water Absorb\n|\n|-damage|p1a: Manaphy|38\/100 tox|[from] psn\n|upkeep\n|turn|10\n|\n|t:|1700919655\n|move|p1a: Manaphy|Surf|p2a: Clodsire\n|-immune|p2a: Clodsire|[from] ability: Water Absorb\n|move|p2a: Clodsire|High Horsepower|p1a: Manaphy\n|-damage|p1a: Manaphy|16\/100 tox\n|\n|-damage|p1a: Manaphy|0 fnt|[from] psn\n|faint|p1a: Manaphy\n|upkeep\n|\n|t:|1700919666\n|switch|p1a: Rillaboom|Rillaboom, F|24\/100\n|-fieldstart|move: Grassy Terrain|[from] ability: Grassy Surge|[of] p1a: Rillaboom\n|turn|11\n|\n|t:|1700919683\n|move|p1a: Rillaboom|Knock Off|p2a: Clodsire\n|-damage|p2a: Clodsire|44\/100\n|-enditem|p2a: Clodsire|Heavy-Duty Boots|[from] move: Knock Off|[of] p1a: Rillaboom\n|move|p2a: Clodsire|Poison Jab|p1a: Rillaboom\n|-supereffective|p1a: Rillaboom\n|-damage|p1a: Rillaboom|0 fnt\n|faint|p1a: Rillaboom\n|\n|-heal|p2a: Clodsire|51\/100|[from] Grassy Terrain\n|upkeep\n|\n|t:|1700919698\n|switch|p1a: Zamazenta|Zamazenta|100\/100\n|-ability|p1a: Zamazenta|Dauntless Shield|boost\n|-boost|p1a: Zamazenta|def|1\n|turn|12\n|\n|t:|1700919715\n|switch|p2a: Hatterene|Hatterene, F|100\/100\n|-enditem|p2a: Hatterene|Grassy Seed\n|-boost|p2a: Hatterene|def|1|[from] item: Grassy Seed\n|-terastallize|p1a: Zamazenta|Steel\n|move|p1a: Zamazenta|Iron Defense|p1a: Zamazenta\n|-boost|p1a: Zamazenta|def|2\n|\n|upkeep\n|turn|13\n|\n|t:|1700919806\n|move|p1a: Zamazenta|Heavy Slam|p2a: Hatterene\n|-supereffective|p2a: Hatterene\n|-damage|p2a: Hatterene|39\/100\n|move|p2a: Hatterene|Mystical Fire|p1a: Zamazenta\n|-supereffective|p1a: Zamazenta\n|-damage|p1a: Zamazenta|57\/100\n|-unboost|p1a: Zamazenta|spa|1\n|\n|-heal|p1a: Zamazenta|63\/100|[from] Grassy Terrain\n|-heal|p1a: Zamazenta|70\/100|[from] item: Leftovers\n|-heal|p2a: Hatterene|45\/100|[from] Grassy Terrain\n|upkeep\n|turn|14\n|\n|t:|1700919833\n|move|p1a: Zamazenta|Body Press|p2a: Hatterene\n|-resisted|p2a: Hatterene\n|-damage|p2a: Hatterene|31\/100\n|move|p2a: Hatterene|Mystical Fire|p1a: Zamazenta\n|-supereffective|p1a: Zamazenta\n|-damage|p1a: Zamazenta|29\/100\n|-unboost|p1a: Zamazenta|spa|1\n|\n|-heal|p1a: Zamazenta|35\/100|[from] Grassy Terrain\n|-heal|p1a: Zamazenta|42\/100|[from] item: Leftovers\n|-heal|p2a: Hatterene|37\/100|[from] Grassy Terrain\n|upkeep\n|turn|15\n|\n|t:|1700919838\n|move|p1a: Zamazenta|Iron Defense|p1a: Zamazenta\n|-boost|p1a: Zamazenta|def|2\n|move|p2a: Hatterene|Mystical Fire|p1a: Zamazenta\n|-supereffective|p1a: Zamazenta\n|-damage|p1a: Zamazenta|2\/100\n|-unboost|p1a: Zamazenta|spa|1\n|\n|-heal|p1a: Zamazenta|8\/100|[from] Grassy Terrain\n|-heal|p1a: Zamazenta|14\/100|[from] item: Leftovers\n|-heal|p2a: Hatterene|43\/100|[from] Grassy Terrain\n|-fieldend|move: Grassy Terrain\n|upkeep\n|turn|16\n|c|\u2606arielk|that was a misclick oops\n|c|\u2606cash999|oh rip\n|c|\u2606arielk|just pressed the steel move\n|\n|t:|1700919869\n|move|p1a: Zamazenta|Heavy Slam|p2a: Hatterene\n|-supereffective|p2a: Hatterene\n|-damage|p2a: Hatterene|0 fnt\n|faint|p2a: Hatterene\n|\n|-heal|p1a: Zamazenta|20\/100|[from] item: Leftovers\n|upkeep\n|\n|t:|1700919874\n|switch|p2a: Heatran|Heatran, M|100\/100\n|turn|17\n|\n|t:|1700919878\n|-terastallize|p2a: Heatran|Bug\n|move|p1a: Zamazenta|Body Press|p2a: Heatran\n|-resisted|p2a: Heatran\n|-damage|p2a: Heatran|48\/100\n|move|p2a: Heatran|Earth Power|p1a: Zamazenta\n|-supereffective|p1a: Zamazenta\n|-damage|p1a: Zamazenta|0 fnt\n|faint|p1a: Zamazenta\n|\n|-heal|p2a: Heatran|55\/100|[from] item: Leftovers\n|upkeep\n|\n|t:|1700919892\n|switch|p1a: Hatterene|Hatterene, F|54\/100\n|turn|18\n|c|\u2606arielk|bug\n|\n|t:|1700919909\n|switch|p2a: Clodsire|Clodsire, F|51\/100\n|move|p1a: Hatterene|Psyshock|p2a: Clodsire\n|-supereffective|p2a: Clodsire\n|-damage|p2a: Clodsire|0 fnt\n|faint|p2a: Clodsire\n|\n|upkeep\n|\n|t:|1700919941\n|switch|p2a: Ogerpon|Ogerpon-Cornerstone, F|100\/100 par\n|turn|19\n|\n|t:|1700919951\n|move|p2a: Ogerpon|Swords Dance|p2a: Ogerpon\n|-boost|p2a: Ogerpon|atk|2\n|move|p1a: Hatterene|Draining Kiss|p2a: Ogerpon\n|-crit|p2a: Ogerpon\n|-damage|p2a: Ogerpon|60\/100 par\n|-heal|p1a: Hatterene|83\/100|[from] drain|[of] p2a: Ogerpon\n|\n|upkeep\n|turn|20\n|\n|t:|1700919956\n|cant|p2a: Ogerpon|par\n|move|p1a: Hatterene|Psyshock|p2a: Ogerpon\n|-damage|p2a: Ogerpon|15\/100 par\n|\n|upkeep\n|turn|21\n|\n|t:|1700919961\n|cant|p2a: Ogerpon|par\n|move|p1a: Hatterene|Draining Kiss|p2a: Ogerpon\n|-damage|p2a: Ogerpon|0 fnt\n|-heal|p1a: Hatterene|93\/100|[from] drain|[of] p2a: Ogerpon\n|faint|p2a: Ogerpon\n|\n|upkeep\n|\n|t:|1700919974\n|switch|p2a: touch grass|Rillaboom, M|100\/100\n|-fieldstart|move: Grassy Terrain|[from] ability: Grassy Surge|[of] p2a: touch grass\n|-enditem|p1a: Hatterene|Grassy Seed\n|-boost|p1a: Hatterene|def|1|[from] item: Grassy Seed\n|turn|22\n|\n|t:|1700919986\n|switch|p1a: Heatran|Heatran, M|100\/100\n|-item|p1a: Heatran|Air Balloon\n|move|p2a: touch grass|Wood Hammer|p1a: Heatran\n|-resisted|p1a: Heatran\n|-damage|p1a: Heatran|82\/100\n|-enditem|p1a: Heatran|Air Balloon\n|-damage|p2a: touch grass|94\/100|[from] Recoil\n|\n|-heal|p2a: touch grass|100\/100|[from] Grassy Terrain\n|-heal|p1a: Heatran|88\/100|[from] Grassy Terrain\n|upkeep\n|turn|23\n|\n|t:|1700920046\n|switch|p1a: Hatterene|Hatterene, F|93\/100\n|move|p2a: touch grass|U-turn|p1a: Hatterene\n|-damage|p1a: Hatterene|69\/100\n|\n|t:|1700920060\n|switch|p2a: Sneasler|Sneasler, M|100\/100|[from] U-turn\n|-enditem|p2a: Sneasler|Grassy Seed\n|-boost|p2a: Sneasler|def|1|[from] item: Grassy Seed\n|\n|-heal|p1a: Hatterene|75\/100|[from] Grassy Terrain\n|upkeep\n|turn|24\n|\n|t:|1700920081\n|move|p2a: Sneasler|Dire Claw|p1a: Hatterene\n|-supereffective|p1a: Hatterene\n|-damage|p1a: Hatterene|1\/100\n|-status|p1a: Hatterene|slp\n|cant|p1a: Hatterene|slp\n|\n|-heal|p1a: Hatterene|7\/100 slp|[from] Grassy Terrain\n|upkeep\n|turn|25\n|c|\u2606cash999|OOf that worked out\n|c|\u2606arielk|wish we waited an extra 2 days lol\n|c|\u2606cash999|yeah lol sorry about that\n|c|\u2606cash999|tho i think 74 was a lowish roll\n|c|\u2606arielk|yeah no its cool im joking\n|\n|t:|1700920121\n|move|p2a: Sneasler|Shadow Claw|p1a: Hatterene\n|-supereffective|p1a: Hatterene\n|-damage|p1a: Hatterene|0 fnt\n|faint|p1a: Hatterene\n|\n|upkeep\n|\n|t:|1700920126\n|switch|p1a: Sneasler|Sneasler, M|100\/100\n|-enditem|p1a: Sneasler|Grassy Seed\n|-boost|p1a: Sneasler|def|1|[from] item: Grassy Seed\n|turn|26\n|\n|t:|1700920139\n|move|p2a: Sneasler|Dire Claw|p1a: Sneasler\n|-resisted|p1a: Sneasler\n|-damage|p1a: Sneasler|77\/100\n|move|p1a: Sneasler|Dire Claw|p2a: Sneasler\n|-resisted|p2a: Sneasler\n|-damage|p2a: Sneasler|76\/100\n|\n|-heal|p2a: Sneasler|82\/100|[from] Grassy Terrain\n|-heal|p1a: Sneasler|83\/100|[from] Grassy Terrain\n|upkeep\n|turn|27\n|\n|t:|1700920149\n|move|p2a: Sneasler|Dire Claw|p1a: Sneasler\n|-resisted|p1a: Sneasler\n|-damage|p1a: Sneasler|59\/100\n|move|p1a: Sneasler|Dire Claw|p2a: Sneasler\n|-resisted|p2a: Sneasler\n|-damage|p2a: Sneasler|57\/100\n|-status|p2a: Sneasler|par\n|\n|-heal|p1a: Sneasler|66\/100|[from] Grassy Terrain\n|-heal|p2a: Sneasler|63\/100 par|[from] Grassy Terrain\n|upkeep\n|turn|28\n|\n|t:|1700920156\n|move|p1a: Sneasler|Swords Dance|p1a: Sneasler\n|-boost|p1a: Sneasler|atk|2\n|move|p2a: Sneasler|Dire Claw|p1a: Sneasler\n|-resisted|p1a: Sneasler\n|-damage|p1a: Sneasler|43\/100\n|\n|-heal|p1a: Sneasler|49\/100|[from] Grassy Terrain\n|-heal|p2a: Sneasler|69\/100 par|[from] Grassy Terrain\n|upkeep\n|turn|29\n|\n|t:|1700920166\n|move|p1a: Sneasler|Dire Claw|p2a: Sneasler\n|-resisted|p2a: Sneasler\n|-crit|p2a: Sneasler\n|-damage|p2a: Sneasler|0 fnt\n|faint|p2a: Sneasler\n|\n|-heal|p1a: Sneasler|55\/100|[from] Grassy Terrain\n|-fieldend|move: Grassy Terrain\n|upkeep\n|\n|t:|1700920190\n|switch|p2a: touch grass|Rillaboom, M|100\/100\n|-fieldstart|move: Grassy Terrain|[from] ability: Grassy Surge|[of] p2a: touch grass\n|turn|30\n|c|\u2606arielk|yeah no i really cant complain this pokemon is so stupid\n|c|\u2606cash999|yeah lol\n|c|\u2606cash999|i think you win now\n|\n|t:|1700920203\n|move|p2a: touch grass|Grassy Glide|p1a: Sneasler\n|-resisted|p1a: Sneasler\n|-damage|p1a: Sneasler|34\/100\n|move|p1a: Sneasler|Dire Claw|p2a: touch grass\n|-supereffective|p2a: touch grass\n|-damage|p2a: touch grass|0 fnt\n|faint|p2a: touch grass\n|\n|-heal|p1a: Sneasler|40\/100|[from] Grassy Terrain\n|upkeep\n|\n|t:|1700920209\n|switch|p2a: Heatran|Heatran, M, tera:Bug|55\/100\n|turn|31\n|c|\u2606arielk|yeah you had to crit there\n|\n|t:|1700920213\n|move|p2a: Heatran|Protect|p2a: Heatran\n|-singleturn|p2a: Heatran|Protect\n|move|p1a: Sneasler|Dire Claw|p2a: Heatran\n|-activate|p2a: Heatran|move: Protect\n|\n|-heal|p1a: Sneasler|46\/100|[from] Grassy Terrain\n|-heal|p2a: Heatran|61\/100|[from] Grassy Terrain\n|-heal|p2a: Heatran|67\/100|[from] item: Leftovers\n|upkeep\n|turn|32\n|c|\u2606cash999|yeah\n|\n|t:|1700920219\n|move|p1a: Sneasler|Dire Claw|p2a: Heatran\n|-damage|p2a: Heatran|0 fnt\n|faint|p2a: Heatran\n|\n|win|arielk\n|c|\u2606cash999|ggs\n|c|\u2606arielk|gg lol\n","uploadtime":1700920227,"views":1,"p1id":"arielk","p2id":"cash999","formatid":"gen9ou","rating":0,"private":0,"password":""}