{"id":"gen9ou-1992487928","p1":"Men Hugging","p2":"liaoya","format":"[Gen 9] OU","log":"|j|\u2606Men Hugging\n|j|\u2606liaoya\n|t:|1700193859\n|gametype|singles\n|player|p1|Men Hugging|swimmer-gen4|1493\n|player|p2|liaoya|petrel|1587\n|teamsize|p1|6\n|teamsize|p2|6\n|gen|9\n|tier|[Gen 9] OU\n|rated|\n|rule|Sleep Clause Mod: Limit one foe put to sleep\n|rule|Species Clause: Limit one of each Pok\u00e9mon\n|rule|OHKO Clause: OHKO moves are banned\n|rule|Evasion Items Clause: Evasion items are banned\n|rule|Evasion Moves Clause: Evasion moves are banned\n|rule|Endless Battle Clause: Forcing endless battles is banned\n|rule|HP Percentage Mod: HP is shown in percentages\n|clearpoke\n|poke|p1|Ogerpon, F|\n|poke|p1|Moltres|\n|poke|p1|Great Tusk|\n|poke|p1|Kingambit, F|\n|poke|p1|Greninja-*, M|\n|poke|p1|Dragapult, F|\n|poke|p2|Drifblim, F|\n|poke|p2|Garganacl, F|\n|poke|p2|Umbreon, F|\n|poke|p2|Rotom-Wash|\n|poke|p2|Glimmora, M|\n|poke|p2|Espeon, F|\n|teampreview\n|inactive|Battle timer is ON: inactive players will automatically lose when time's up. (requested by Men Hugging)\n|\n|t:|1700193871\n|start\n|switch|p1a: Dragapult|Dragapult, F|100\/100\n|switch|p2a: Rotom|Rotom-Wash|100\/100\n|turn|1\n|\n|t:|1700193877\n|move|p1a: Dragapult|Draco Meteor|p2a: Rotom\n|-damage|p2a: Rotom|7\/100\n|-unboost|p1a: Dragapult|spa|2\n|move|p2a: Rotom|Trick|p1a: Dragapult\n|-activate|p2a: Rotom|move: Trick|[of] p1a: Dragapult\n|-item|p1a: Dragapult|Choice Scarf|[from] move: Trick\n|-item|p2a: Rotom|Choice Specs|[from] move: Trick\n|\n|upkeep\n|turn|2\n|j| xxx102\n|\n|t:|1700193887\n|switch|p2a: Glimmora|Glimmora, M|100\/100\n|move|p1a: Dragapult|U-turn|p2a: Glimmora\n|-resisted|p2a: Glimmora\n|-damage|p2a: Glimmora|94\/100\n|-activate|p2a: Glimmora|ability: Toxic Debris\n|-sidestart|p1: Men Hugging|move: Toxic Spikes\n|\n|t:|1700193909\n|switch|p1a: Moltres|Moltres|100\/100|[from] U-turn\n|\n|upkeep\n|turn|3\n|inactive|Men Hugging has 120 seconds left.\n|l| xxx102\n|\n|t:|1700193934\n|switch|p2a: Espeon|Espeon, F|100\/100\n|move|p1a: Moltres|Flamethrower|p2a: Espeon\n|-damage|p2a: Espeon|62\/100\n|\n|upkeep\n|turn|4\n|inactive|Men Hugging has 120 seconds left.\n|\n|t:|1700193956\n|move|p2a: Espeon|Trick|p1a: Moltres\n|-activate|p2a: Espeon|move: Trick|[of] p1a: Moltres\n|-item|p1a: Moltres|Choice Scarf|[from] move: Trick\n|-item|p2a: Espeon|Heavy-Duty Boots|[from] move: Trick\n|move|p1a: Moltres|U-turn|p2a: Espeon\n|-supereffective|p2a: Espeon\n|-damage|p2a: Espeon|28\/100\n|\n|t:|1700193973\n|switch|p1a: Great Tusk|Great Tusk|100\/100|[from] U-turn\n|-status|p1a: Great Tusk|psn\n|\n|-damage|p1a: Great Tusk|88\/100 psn|[from] psn\n|upkeep\n|turn|5\n|\n|t:|1700193979\n|move|p1a: Great Tusk|Ice Spinner|p2a: Espeon\n|-damage|p2a: Espeon|0 fnt\n|faint|p2a: Espeon\n|\n|-heal|p1a: Great Tusk|94\/100 psn|[from] item: Leftovers\n|-damage|p1a: Great Tusk|82\/100 psn|[from] psn\n|upkeep\n|\n|t:|1700193987\n|switch|p2a: Garganacl|Garganacl, F, shiny|100\/100\n|turn|6\n|inactive|Men Hugging has 120 seconds left.\n|\n|t:|1700193994\n|-terastallize|p2a: Garganacl|Ghost\n|move|p1a: Great Tusk|Rapid Spin|p2a: Garganacl\n|-immune|p2a: Garganacl\n|move|p2a: Garganacl|Iron Defense|p2a: Garganacl\n|-boost|p2a: Garganacl|def|2\n|\n|-heal|p1a: Great Tusk|88\/100 psn|[from] item: Leftovers\n|-damage|p1a: Great Tusk|76\/100 psn|[from] psn\n|upkeep\n|turn|7\n|\n|t:|1700194001\n|move|p1a: Great Tusk|Stealth Rock|p2a: Garganacl\n|-sidestart|p2: liaoya|move: Stealth Rock\n|move|p2a: Garganacl|Salt Cure|p1a: Great Tusk\n|-resisted|p1a: Great Tusk\n|-damage|p1a: Great Tusk|73\/100 psn\n|-start|p1a: Great Tusk|Salt Cure\n|\n|-heal|p1a: Great Tusk|79\/100 psn|[from] item: Leftovers\n|-damage|p1a: Great Tusk|67\/100 psn|[from] psn\n|-damage|p1a: Great Tusk|55\/100 psn|[from] Salt Cure\n|upkeep\n|turn|8\n|inactive|Men Hugging has 120 seconds left.\n|\n|t:|1700194030\n|move|p1a: Great Tusk|Earthquake|p2a: Garganacl\n|-damage|p2a: Garganacl|83\/100\n|move|p2a: Garganacl|Salt Cure|p1a: Great Tusk\n|-resisted|p1a: Great Tusk\n|-damage|p1a: Great Tusk|52\/100 psn\n|\n|-heal|p1a: Great Tusk|58\/100 psn|[from] item: Leftovers\n|-heal|p2a: Garganacl|89\/100|[from] item: Leftovers\n|-damage|p1a: Great Tusk|46\/100 psn|[from] psn\n|-damage|p1a: Great Tusk|34\/100 psn|[from] Salt Cure\n|upkeep\n|turn|9\n|\n|t:|1700194037\n|move|p1a: Great Tusk|Earthquake|p2a: Garganacl\n|-damage|p2a: Garganacl|73\/100\n|move|p2a: Garganacl|Iron Defense|p2a: Garganacl\n|-boost|p2a: Garganacl|def|2\n|\n|-heal|p1a: Great Tusk|40\/100 psn|[from] item: Leftovers\n|-heal|p2a: Garganacl|79\/100|[from] item: Leftovers\n|-damage|p1a: Great Tusk|27\/100 psn|[from] psn\n|-damage|p1a: Great Tusk|15\/100 psn|[from] Salt Cure\n|upkeep\n|turn|10\n|\n|t:|1700194039\n|move|p1a: Great Tusk|Earthquake|p2a: Garganacl\n|-damage|p2a: Garganacl|68\/100\n|move|p2a: Garganacl|Recover|p2a: Garganacl\n|-heal|p2a: Garganacl|100\/100\n|\n|-heal|p1a: Great Tusk|21\/100 psn|[from] item: Leftovers\n|-damage|p1a: Great Tusk|9\/100 psn|[from] psn\n|-damage|p1a: Great Tusk|0 fnt|[from] Salt Cure\n|faint|p1a: Great Tusk\n|-end|p1a: Great Tusk|Protosynthesis|[silent]\n|upkeep\n|\n|t:|1700194042\n|switch|p1a: Dragapult|Dragapult, F|100\/100\n|-status|p1a: Dragapult|psn\n|turn|11\n|\n|t:|1700194045\n|move|p1a: Dragapult|Draco Meteor|p2a: Garganacl\n|-damage|p2a: Garganacl|64\/100\n|-unboost|p1a: Dragapult|spa|2\n|move|p2a: Garganacl|Salt Cure|p1a: Dragapult\n|-damage|p1a: Dragapult|80\/100 psn\n|-start|p1a: Dragapult|Salt Cure\n|\n|-heal|p2a: Garganacl|70\/100|[from] item: Leftovers\n|-damage|p1a: Dragapult|68\/100 psn|[from] psn\n|-damage|p1a: Dragapult|56\/100 psn|[from] Salt Cure\n|upkeep\n|turn|12\n|\n|t:|1700194069\n|switch|p1a: Moltres|Moltres|100\/100\n|move|p2a: Garganacl|Salt Cure|p1a: Moltres\n|-supereffective|p1a: Moltres\n|-damage|p1a: Moltres|63\/100\n|-start|p1a: Moltres|Salt Cure\n|\n|-heal|p2a: Garganacl|76\/100|[from] item: Leftovers\n|-damage|p1a: Moltres|51\/100|[from] Salt Cure\n|upkeep\n|turn|13\n|\n|t:|1700194079\n|move|p1a: Moltres|Flamethrower|p2a: Garganacl\n|-damage|p2a: Garganacl|53\/100\n|move|p2a: Garganacl|Recover|p2a: Garganacl\n|-heal|p2a: Garganacl|100\/100\n|\n|-damage|p1a: Moltres|38\/100|[from] Salt Cure\n|upkeep\n|turn|14\n|\n|t:|1700194086\n|switch|p2a: Glimmora|Glimmora, M|94\/100\n|-damage|p2a: Glimmora|81\/100|[from] Stealth Rock\n|move|p1a: Moltres|Flamethrower|p2a: Glimmora\n|-resisted|p2a: Glimmora\n|-damage|p2a: Glimmora|62\/100\n|\n|-damage|p1a: Moltres|26\/100|[from] Salt Cure\n|upkeep\n|turn|15\n|\n|t:|1700194091\n|move|p1a: Moltres|Flamethrower|p2a: Glimmora\n|-resisted|p2a: Glimmora\n|-damage|p2a: Glimmora|41\/100\n|move|p2a: Glimmora|Mortal Spin|p1a: Moltres\n|-damage|p1a: Moltres|22\/100\n|-status|p1a: Moltres|psn\n|-sideend|p2: liaoya|Stealth Rock|[from] move: Mortal Spin|[of] p2a: Glimmora\n|\n|-damage|p1a: Moltres|10\/100 psn|[from] psn\n|-damage|p1a: Moltres|0 fnt|[from] Salt Cure\n|faint|p1a: Moltres\n|upkeep\n|inactive|Men Hugging has 120 seconds left.\n|inactive|Men Hugging has 90 seconds left.\n|\n|t:|1700194163\n|switch|p1a: Greninja|Greninja, M|100\/100\n|-status|p1a: Greninja|psn\n|turn|16\n|\n|t:|1700194172\n|switch|p2a: Umbreon|Umbreon, F, shiny|100\/100\n|move|p1a: Greninja|Surf|p2a: Umbreon\n|-damage|p2a: Umbreon|70\/100\n|-damage|p1a: Greninja|91\/100 psn|[from] item: Life Orb\n|\n|-heal|p2a: Umbreon|76\/100|[from] item: Leftovers\n|-damage|p1a: Greninja|78\/100 psn|[from] psn\n|upkeep\n|turn|17\n|inactive|Men Hugging has 90 seconds left.\n|\n|t:|1700194185\n|switch|p1a: Kingambit|Kingambit, F|100\/100\n|-activate|p1a: Kingambit|ability: Supreme Overlord\n|-start|p1a: Kingambit|fallen2|[silent]\n|move|p2a: Umbreon|Wish|p2a: Umbreon\n|\n|-heal|p2a: Umbreon|82\/100|[from] item: Leftovers\n|upkeep\n|turn|18\n|\n|t:|1700194189\n|move|p1a: Kingambit|Swords Dance|p1a: Kingambit\n|-boost|p1a: Kingambit|atk|2\n|move|p2a: Umbreon|Yawn|p1a: Kingambit\n|-start|p1a: Kingambit|move: Yawn|[of] p2a: Umbreon\n|\n|-heal|p2a: Umbreon|100\/100|[from] move: Wish|[wisher] Umbreon\n|upkeep\n|turn|19\n|\n|t:|1700194196\n|move|p1a: Kingambit|Iron Head|p2a: Umbreon\n|-damage|p2a: Umbreon|31\/100\n|move|p2a: Umbreon|Wish|p2a: Umbreon\n|\n|-heal|p2a: Umbreon|37\/100|[from] item: Leftovers\n|-end|p1a: Kingambit|move: Yawn|[silent]\n|-status|p1a: Kingambit|slp\n|upkeep\n|turn|20\n|\n|t:|1700194200\n|cant|p1a: Kingambit|slp\n|move|p2a: Umbreon|Foul Play|p1a: Kingambit\n|-resisted|p1a: Kingambit\n|-damage|p1a: Kingambit|56\/100 slp\n|\n|-heal|p2a: Umbreon|87\/100|[from] move: Wish|[wisher] Umbreon\n|-heal|p1a: Kingambit|62\/100 slp|[from] item: Leftovers\n|-heal|p2a: Umbreon|93\/100|[from] item: Leftovers\n|upkeep\n|turn|21\n|\n|t:|1700194204\n|-curestatus|p1a: Kingambit|slp|[msg]\n|move|p1a: Kingambit|Iron Head|p2a: Umbreon\n|-damage|p2a: Umbreon|16\/100\n|move|p2a: Umbreon|Foul Play|p1a: Kingambit\n|-resisted|p1a: Kingambit\n|-damage|p1a: Kingambit|14\/100\n|\n|-heal|p1a: Kingambit|20\/100|[from] item: Leftovers\n|-heal|p2a: Umbreon|22\/100|[from] item: Leftovers\n|upkeep\n|turn|22\n|\n|t:|1700194210\n|switch|p2a: Glimmora|Glimmora, M|41\/100\n|move|p1a: Kingambit|Iron Head|p2a: Glimmora\n|-supereffective|p2a: Glimmora\n|-damage|p2a: Glimmora|0 fnt\n|-activate|p2a: Glimmora|ability: Toxic Debris\n|-sidestart|p1: Men Hugging|move: Toxic Spikes\n|faint|p2a: Glimmora\n|\n|-heal|p1a: Kingambit|26\/100|[from] item: Leftovers\n|upkeep\n|\n|t:|1700194216\n|switch|p2a: Rotom|Rotom-Wash|7\/100\n|turn|23\n|\n|t:|1700194227\n|-end|p1a: Kingambit|fallen2|[silent]\n|switch|p1a: Dragapult|Dragapult, F|56\/100 psn\n|move|p2a: Rotom|Will-O-Wisp||[still]\n|-fail|p2a: Rotom\n|\n|-damage|p1a: Dragapult|43\/100 psn|[from] psn\n|upkeep\n|turn|24\n|\n|t:|1700194234\n|switch|p2a: Garganacl|Garganacl, F, shiny, tera:Ghost|100\/100\n|move|p1a: Dragapult|U-turn|p2a: Garganacl\n|-resisted|p2a: Garganacl\n|-damage|p2a: Garganacl|95\/100\n|\n|t:|1700194243\n|switch|p1a: Greninja|Greninja, M|78\/100 psn|[from] U-turn\n|\n|-heal|p2a: Garganacl|100\/100|[from] item: Leftovers\n|-damage|p1a: Greninja|66\/100 psn|[from] psn\n|upkeep\n|turn|25\n|\n|t:|1700194260\n|move|p1a: Greninja|Dark Pulse|p2a: Garganacl\n|-supereffective|p2a: Garganacl\n|-damage|p2a: Garganacl|38\/100\n|-damage|p1a: Greninja|56\/100 psn|[from] item: Life Orb\n|move|p2a: Garganacl|Recover|p2a: Garganacl\n|-heal|p2a: Garganacl|88\/100\n|\n|-heal|p2a: Garganacl|94\/100|[from] item: Leftovers\n|-damage|p1a: Greninja|44\/100 psn|[from] psn\n|upkeep\n|turn|26\n|\n|t:|1700194270\n|switch|p2a: Rotom|Rotom-Wash|7\/100\n|move|p1a: Greninja|Dark Pulse|p2a: Rotom\n|-damage|p2a: Rotom|0 fnt\n|faint|p2a: Rotom\n|-ability|p1a: Greninja|Battle Bond|boost\n|-boost|p1a: Greninja|atk|1\n|-boost|p1a: Greninja|spa|1\n|-boost|p1a: Greninja|spe|1\n|-activate|p1a: Greninja|ability: Battle Bond\n|-damage|p1a: Greninja|34\/100 psn|[from] item: Life Orb\n|\n|-damage|p1a: Greninja|22\/100 psn|[from] psn\n|upkeep\n|\n|t:|1700194276\n|switch|p2a: Umbreon|Umbreon, F, shiny|22\/100\n|turn|27\n|\n|t:|1700194280\n|move|p2a: Umbreon|Protect|p2a: Umbreon\n|-singleturn|p2a: Umbreon|Protect\n|move|p1a: Greninja|Water Shuriken|p2a: Umbreon\n|-activate|p2a: Umbreon|move: Protect\n|\n|-heal|p2a: Umbreon|28\/100|[from] item: Leftovers\n|-damage|p1a: Greninja|10\/100 psn|[from] psn\n|upkeep\n|turn|28\n|\n|t:|1700194292\n|move|p1a: Greninja|Water Shuriken|p2a: Umbreon\n|-damage|p2a: Umbreon|20\/100\n|-damage|p2a: Umbreon|12\/100\n|-damage|p2a: Umbreon|4\/100\n|-hitcount|p2a: Umbreon|3\n|-damage|p1a: Greninja|0 fnt|[from] item: Life Orb\n|faint|p1a: Greninja\n|move|p2a: Umbreon|Wish|p2a: Umbreon\n|\n|-heal|p2a: Umbreon|10\/100|[from] item: Leftovers\n|upkeep\n|\n|t:|1700194308\n|switch|p1a: Dragapult|Dragapult, F|43\/100 psn\n|turn|29\n|\n|t:|1700194311\n|move|p2a: Umbreon|Protect|p2a: Umbreon\n|-singleturn|p2a: Umbreon|Protect\n|move|p1a: Dragapult|U-turn|p2a: Umbreon\n|-activate|p2a: Umbreon|move: Protect\n|\n|-heal|p2a: Umbreon|60\/100|[from] move: Wish|[wisher] Umbreon\n|-heal|p2a: Umbreon|66\/100|[from] item: Leftovers\n|-damage|p1a: Dragapult|31\/100 psn|[from] psn\n|upkeep\n|turn|30\n|\n|t:|1700194317\n|move|p1a: Dragapult|U-turn|p2a: Umbreon\n|-supereffective|p2a: Umbreon\n|-damage|p2a: Umbreon|44\/100\n|\n|t:|1700194319\n|switch|p1a: Gooberpon|Ogerpon, F|100\/100|[from] U-turn\n|-status|p1a: Gooberpon|tox\n|move|p2a: Umbreon|Wish|p2a: Umbreon\n|\n|-heal|p2a: Umbreon|50\/100|[from] item: Leftovers\n|-damage|p1a: Gooberpon|95\/100 tox|[from] psn\n|upkeep\n|turn|31\n|\n|t:|1700194326\n|move|p1a: Gooberpon|Swords Dance|p1a: Gooberpon\n|-boost|p1a: Gooberpon|atk|2\n|move|p2a: Umbreon|Foul Play|p1a: Gooberpon\n|-damage|p1a: Gooberpon|0 fnt\n|faint|p1a: Gooberpon\n|\n|-heal|p2a: Umbreon|99\/100|[from] move: Wish|[wisher] Umbreon\n|-heal|p2a: Umbreon|100\/100|[from] item: Leftovers\n|upkeep\n|c|\u2606liaoya|gg\n|inactive|Men Hugging has 120 seconds left.\n|\n|t:|1700194357\n|switch|p1a: Dragapult|Dragapult, F|31\/100 psn\n|turn|32\n|\n|t:|1700194362\n|move|p1a: Dragapult|Draco Meteor|p2a: Umbreon\n|-damage|p2a: Umbreon|67\/100\n|-unboost|p1a: Dragapult|spa|2\n|move|p2a: Umbreon|Wish|p2a: Umbreon\n|\n|-heal|p2a: Umbreon|73\/100|[from] item: Leftovers\n|-damage|p1a: Dragapult|19\/100 psn|[from] psn\n|upkeep\n|turn|33\n|\n|t:|1700194367\n|move|p1a: Dragapult|Draco Meteor|p2a: Umbreon\n|-damage|p2a: Umbreon|56\/100\n|-unboost|p1a: Dragapult|spa|2\n|move|p2a: Umbreon|Foul Play|p1a: Dragapult\n|-supereffective|p1a: Dragapult\n|-damage|p1a: Dragapult|0 fnt\n|faint|p1a: Dragapult\n|\n|-heal|p2a: Umbreon|100\/100|[from] move: Wish|[wisher] Umbreon\n|upkeep\n|\n|t:|1700194369\n|switch|p1a: Kingambit|Kingambit, F|26\/100\n|-activate|p1a: Kingambit|ability: Supreme Overlord\n|-start|p1a: Kingambit|fallen5|[silent]\n|turn|34\n|\n|t:|1700194373\n|move|p1a: Kingambit|Iron Head|p2a: Umbreon\n|-damage|p2a: Umbreon|58\/100\n|move|p2a: Umbreon|Yawn|p1a: Kingambit\n|-start|p1a: Kingambit|move: Yawn|[of] p2a: Umbreon\n|\n|-heal|p1a: Kingambit|32\/100|[from] item: Leftovers\n|-heal|p2a: Umbreon|64\/100|[from] item: Leftovers\n|upkeep\n|turn|35\n|\n|t:|1700194377\n|move|p1a: Kingambit|Iron Head|p2a: Umbreon\n|-damage|p2a: Umbreon|20\/100\n|move|p2a: Umbreon|Wish|p2a: Umbreon\n|\n|-heal|p1a: Kingambit|39\/100|[from] item: Leftovers\n|-heal|p2a: Umbreon|26\/100|[from] item: Leftovers\n|-end|p1a: Kingambit|move: Yawn|[silent]\n|-status|p1a: Kingambit|slp\n|upkeep\n|turn|36\n|\n|t:|1700194381\n|cant|p1a: Kingambit|slp\n|move|p2a: Umbreon|Foul Play|p1a: Kingambit\n|-resisted|p1a: Kingambit\n|-damage|p1a: Kingambit|14\/100 slp\n|\n|-heal|p2a: Umbreon|76\/100|[from] move: Wish|[wisher] Umbreon\n|-heal|p1a: Kingambit|20\/100 slp|[from] item: Leftovers\n|-heal|p2a: Umbreon|82\/100|[from] item: Leftovers\n|upkeep\n|turn|37\n|\n|t:|1700194383\n|cant|p1a: Kingambit|slp\n|move|p2a: Umbreon|Foul Play|p1a: Kingambit\n|-resisted|p1a: Kingambit\n|-damage|p1a: Kingambit|0 fnt\n|faint|p1a: Kingambit\n|-end|p1a: Kingambit|fallen5|[silent]\n|\n|win|liaoya\n|raw|Men Hugging's rating: 1493 &rarr; <strong>1478<\/strong><br \/>(-15 for losing)\n|raw|liaoya's rating: 1587 &rarr; <strong>1602<\/strong><br \/>(+15 for winning)\n","uploadtime":1700194386,"views":10,"p1id":"menhugging","p2id":"liaoya","formatid":"gen9ou","rating":1478,"private":0,"password":""}