{"id":"gen9ou-1995669738","p1":"eebgm","p2":"headcannontester","format":"[Gen 9] OU","log":"|j|\u2606eebgm\n|j|\u203dheadcannontester\n|t:|1700592457\n|gametype|singles\n|player|p1|eebgm|lady|1299\n|player|p2|headcannontester|265|1321\n|teamsize|p1|6\n|teamsize|p2|6\n|gen|9\n|tier|[Gen 9] OU\n|rated|\n|rule|Sleep Clause Mod: Limit one foe put to sleep\n|rule|Species Clause: Limit one of each Pok\u00e9mon\n|rule|OHKO Clause: OHKO moves are banned\n|rule|Evasion Items Clause: Evasion items are banned\n|rule|Evasion Moves Clause: Evasion moves are banned\n|rule|Endless Battle Clause: Forcing endless battles is banned\n|rule|HP Percentage Mod: HP is shown in percentages\n|clearpoke\n|poke|p1|Pelipper, F|\n|poke|p1|Greninja-*, M|\n|poke|p1|Basculegion, M|\n|poke|p1|Zapdos|\n|poke|p1|Sandy Shocks|\n|poke|p1|Scizor, F|\n|poke|p2|Rillaboom, M|\n|poke|p2|Hawlucha, F|\n|poke|p2|Toxapex, F|\n|poke|p2|Dragapult, M|\n|poke|p2|Iron Treads|\n|poke|p2|Tinkaton, F|\n|teampreview\n|inactive|Battle timer is ON: inactive players will automatically lose when time's up. (requested by eebgm)\n|\n|t:|1700592476\n|start\n|switch|p1a: Sandy Shocks|Sandy Shocks|100\/100\n|switch|p2a: Dragapult|Dragapult, M|100\/100\n|-enditem|p1a: Sandy Shocks|Booster Energy\n|-activate|p1a: Sandy Shocks|ability: Protosynthesis|[fromitem]\n|-start|p1a: Sandy Shocks|protosynthesisspe\n|turn|1\n|\n|t:|1700592488\n|-terastallize|p1a: Sandy Shocks|Ice\n|move|p1a: Sandy Shocks|Tera Blast|p2a: Dragapult|[anim] Tera Blast Ice\n|-supereffective|p2a: Dragapult\n|-damage|p2a: Dragapult|0 fnt\n|faint|p2a: Dragapult\n|\n|upkeep\n|\n|t:|1700592497\n|switch|p2a: Tinkaton|Tinkaton, F|100\/100\n|-item|p2a: Tinkaton|Air Balloon\n|turn|2\n|\n|t:|1700592507\n|-end|p1a: Sandy Shocks|Protosynthesis|[silent]\n|switch|p1a: Pelipper|Pelipper, F|100\/100\n|-weather|RainDance|[from] ability: Drizzle|[of] p1a: Pelipper\n|move|p2a: Tinkaton|Gigaton Hammer|p1a: Pelipper\n|-resisted|p1a: Pelipper\n|-damage|p1a: Pelipper|78\/100\n|\n|-weather|RainDance|[upkeep]\n|upkeep\n|turn|3\n|\n|t:|1700592514\n|move|p2a: Tinkaton|Thunder Wave|p1a: Pelipper|[miss]\n|-miss|p2a: Tinkaton|p1a: Pelipper\n|move|p1a: Pelipper|U-turn|p2a: Tinkaton\n|-resisted|p2a: Tinkaton\n|-damage|p2a: Tinkaton|98\/100\n|-enditem|p2a: Tinkaton|Air Balloon\n|-enditem|p1a: Pelipper|Damp Rock|[silent]|[from] ability: Pickpocket|[of] p1a: Pelipper\n|-item|p2a: Tinkaton|Damp Rock|[from] ability: Pickpocket|[of] p1a: Pelipper\n|\n|t:|1700592517\n|switch|p1a: Basculegion|Basculegion, M|100\/100|[from] U-turn\n|\n|-weather|RainDance|[upkeep]\n|upkeep\n|turn|4\n|\n|t:|1700592540\n|switch|p1a: Sandy Shocks|Sandy Shocks, tera:Ice|100\/100\n|switch|p2a: Toxapex|Toxapex, F|100\/100\n|\n|-weather|RainDance|[upkeep]\n|upkeep\n|turn|5\n|\n|t:|1700592548\n|move|p1a: Sandy Shocks|Stealth Rock|p2a: Toxapex\n|-sidestart|p2: headcannontester|move: Stealth Rock\n|move|p2a: Toxapex|Surf|p1a: Sandy Shocks\n|-damage|p1a: Sandy Shocks|65\/100\n|\n|-weather|RainDance|[upkeep]\n|upkeep\n|turn|6\n|\n|t:|1700592555\n|switch|p2a: Rillaboom|Rillaboom, M|100\/100\n|-damage|p2a: Rillaboom|88\/100|[from] Stealth Rock\n|-fieldstart|move: Grassy Terrain|[from] ability: Grassy Surge|[of] p2a: Rillaboom\n|move|p1a: Sandy Shocks|Thunderbolt|p2a: Rillaboom\n|-resisted|p2a: Rillaboom\n|-damage|p2a: Rillaboom|58\/100\n|-status|p2a: Rillaboom|par\n|\n|-weather|RainDance|[upkeep]\n|-heal|p1a: Sandy Shocks|71\/100|[from] Grassy Terrain\n|-heal|p2a: Rillaboom|64\/100 par|[from] Grassy Terrain\n|upkeep\n|turn|7\n|\n|t:|1700592567\n|move|p2a: Rillaboom|Grassy Glide|p1a: Sandy Shocks\n|-damage|p1a: Sandy Shocks|31\/100\n|move|p1a: Sandy Shocks|Tera Blast|p2a: Rillaboom|[anim] Tera Blast Ice\n|-supereffective|p2a: Rillaboom\n|-damage|p2a: Rillaboom|0 fnt\n|faint|p2a: Rillaboom\n|\n|-weather|RainDance|[upkeep]\n|-heal|p1a: Sandy Shocks|37\/100|[from] Grassy Terrain\n|upkeep\n|\n|t:|1700592574\n|switch|p2a: Hawlucha|Hawlucha, F|100\/100\n|-damage|p2a: Hawlucha|88\/100|[from] Stealth Rock\n|-enditem|p2a: Hawlucha|Grassy Seed\n|-boost|p2a: Hawlucha|def|1|[from] item: Grassy Seed\n|turn|8\n|\n|t:|1700592593\n|-end|p1a: Sandy Shocks|Protosynthesis|[silent]\n|switch|p1a: Zapdos|Zapdos|100\/100\n|move|p2a: Hawlucha|Acrobatics|p1a: Zapdos\n|-resisted|p1a: Zapdos\n|-crit|p1a: Zapdos\n|-damage|p1a: Zapdos|64\/100\n|\n|-weather|RainDance|[upkeep]\n|upkeep\n|turn|9\n|inactive|headcannontester has 120 seconds left.\n|\n|t:|1700592643\n|-terastallize|p2a: Hawlucha|Fire\n|move|p2a: Hawlucha|Swords Dance|p2a: Hawlucha\n|-boost|p2a: Hawlucha|atk|2\n|move|p1a: Zapdos|Roost|p1a: Zapdos\n|-heal|p1a: Zapdos|100\/100\n|-singleturn|p1a: Zapdos|move: Roost\n|\n|-weather|none\n|-heal|p2a: Hawlucha|94\/100|[from] Grassy Terrain\n|upkeep\n|turn|10\n|\n|t:|1700592653\n|switch|p1a: Pelipper|Pelipper, F|78\/100\n|-weather|RainDance|[from] ability: Drizzle|[of] p1a: Pelipper\n|move|p2a: Hawlucha|Fire Punch|p1a: Pelipper\n|-resisted|p1a: Pelipper\n|-damage|p1a: Pelipper|60\/100\n|\n|-weather|RainDance|[upkeep]\n|-heal|p2a: Hawlucha|99\/100|[from] Grassy Terrain\n|upkeep\n|turn|11\n|\n|t:|1700592659\n|switch|p1a: Sandy Shocks|Sandy Shocks, tera:Ice|37\/100\n|move|p2a: Hawlucha|Acrobatics|p1a: Sandy Shocks\n|-damage|p1a: Sandy Shocks|0 fnt\n|faint|p1a: Sandy Shocks\n|-end|p1a: Sandy Shocks|Protosynthesis|[silent]\n|\n|-weather|RainDance|[upkeep]\n|-heal|p2a: Hawlucha|100\/100|[from] Grassy Terrain\n|upkeep\n|\n|t:|1700592662\n|switch|p1a: Basculegion|Basculegion, M|100\/100\n|turn|12\n|\n|t:|1700592668\n|move|p1a: Basculegion|Aqua Jet|p2a: Hawlucha\n|-supereffective|p2a: Hawlucha\n|-damage|p2a: Hawlucha|5\/100\n|move|p2a: Hawlucha|Acrobatics|p1a: Basculegion\n|-damage|p1a: Basculegion|0 fnt\n|faint|p1a: Basculegion\n|\n|-weather|RainDance|[upkeep]\n|-heal|p2a: Hawlucha|11\/100|[from] Grassy Terrain\n|upkeep\n|\n|t:|1700592672\n|switch|p1a: Greninja|Greninja, M|100\/100\n|turn|13\n|\n|t:|1700592678\n|switch|p2a: Toxapex|Toxapex, F|100\/100\n|move|p1a: Greninja|Water Shuriken|p2a: Toxapex\n|-resisted|p2a: Toxapex\n|-damage|p2a: Toxapex|95\/100\n|-resisted|p2a: Toxapex\n|-damage|p2a: Toxapex|89\/100\n|-hitcount|p2a: Toxapex|2\n|-damage|p1a: Greninja|91\/100|[from] item: Life Orb\n|\n|-weather|RainDance|[upkeep]\n|-heal|p1a: Greninja|97\/100|[from] Grassy Terrain\n|-heal|p2a: Toxapex|95\/100|[from] Grassy Terrain\n|-fieldend|move: Grassy Terrain\n|upkeep\n|turn|14\n|\n|t:|1700592686\n|switch|p1a: Zapdos|Zapdos|100\/100\n|move|p2a: Toxapex|Toxic|p1a: Zapdos\n|-status|p1a: Zapdos|tox\n|\n|-weather|none\n|-damage|p1a: Zapdos|94\/100 tox|[from] psn\n|upkeep\n|turn|15\n|\n|t:|1700592696\n|switch|p2a: Iron Treads|Iron Treads|100\/100\n|move|p1a: Zapdos|U-turn|p2a: Iron Treads\n|-resisted|p2a: Iron Treads\n|-damage|p2a: Iron Treads|95\/100\n|\n|t:|1700592699\n|switch|p1a: Pelipper|Pelipper, F|60\/100|[from] U-turn\n|-weather|RainDance|[from] ability: Drizzle|[of] p1a: Pelipper\n|\n|-weather|RainDance|[upkeep]\n|upkeep\n|turn|16\n|\n|t:|1700592706\n|move|p2a: Iron Treads|Volt Switch|p1a: Pelipper\n|-supereffective|p1a: Pelipper\n|-damage|p1a: Pelipper|0 fnt\n|faint|p1a: Pelipper\n|\n|t:|1700592711\n|-end|p2a: Iron Treads|Quark Drive|[silent]\n|switch|p2a: Toxapex|Toxapex, F|100\/100|[from] Volt Switch\n|\n|-weather|RainDance|[upkeep]\n|upkeep\n|\n|t:|1700592715\n|switch|p1a: Zapdos|Zapdos|94\/100 tox\n|turn|17\n|inactive|headcannontester has 120 seconds left.\n|\n|t:|1700592762\n|move|p1a: Zapdos|U-turn|p2a: Toxapex\n|-resisted|p2a: Toxapex\n|-damage|p2a: Toxapex|97\/100\n|\n|t:|1700592766\n|switch|p1a: Scizor|Scizor, F|100\/100|[from] U-turn\n|move|p2a: Toxapex|Surf|p1a: Scizor\n|-damage|p1a: Scizor|65\/100\n|\n|-weather|RainDance|[upkeep]\n|upkeep\n|turn|18\n|\n|t:|1700592778\n|move|p1a: Scizor|U-turn|p2a: Toxapex\n|-resisted|p2a: Toxapex\n|-damage|p2a: Toxapex|84\/100\n|\n|t:|1700592780\n|switch|p1a: Zapdos|Zapdos|94\/100 tox|[from] U-turn\n|move|p2a: Toxapex|Surf|p1a: Zapdos\n|-damage|p1a: Zapdos|65\/100 tox\n|\n|-weather|RainDance|[upkeep]\n|-damage|p1a: Zapdos|59\/100 tox|[from] psn\n|upkeep\n|turn|19\n|inactive|headcannontester has 120 seconds left.\n|\n|t:|1700592788\n|switch|p2a: Iron Treads|Iron Treads|95\/100\n|move|p1a: Zapdos|Roost|p1a: Zapdos\n|-heal|p1a: Zapdos|100\/100 tox\n|-singleturn|p1a: Zapdos|move: Roost\n|\n|-weather|none\n|-damage|p1a: Zapdos|88\/100 tox|[from] psn\n|upkeep\n|turn|20\n|inactive|headcannontester has 120 seconds left.\n|\n|t:|1700592805\n|move|p2a: Iron Treads|Rapid Spin|p1a: Zapdos\n|-damage|p1a: Zapdos|78\/100 tox\n|-boost|p2a: Iron Treads|spe|1\n|-sideend|p2: headcannontester|Stealth Rock|[from] move: Rapid Spin|[of] p2a: Iron Treads\n|move|p1a: Zapdos|Hurricane|p2a: Iron Treads|[miss]\n|-miss|p1a: Zapdos|p2a: Iron Treads\n|\n|-damage|p1a: Zapdos|60\/100 tox|[from] psn\n|upkeep\n|turn|21\n|inactive|headcannontester has 120 seconds left.\n|\n|t:|1700592815\n|switch|p1a: Greninja|Greninja, M|97\/100\n|move|p2a: Iron Treads|Stealth Rock|p1a: Greninja\n|-sidestart|p1: eebgm|move: Stealth Rock\n|\n|upkeep\n|turn|22\n|\n|t:|1700592820\n|move|p2a: Iron Treads|Volt Switch|p1a: Greninja\n|-supereffective|p1a: Greninja\n|-damage|p1a: Greninja|59\/100\n|\n|t:|1700592825\n|-end|p2a: Iron Treads|Quark Drive|[silent]\n|switch|p2a: Toxapex|Toxapex, F|100\/100|[from] Volt Switch\n|move|p1a: Greninja|Dark Pulse|p2a: Toxapex\n|-damage|p2a: Toxapex|58\/100\n|-damage|p1a: Greninja|49\/100|[from] item: Life Orb\n|\n|upkeep\n|turn|23\n|\n|t:|1700592844\n|switch|p2a: Tinkaton|Tinkaton, F|98\/100\n|move|p1a: Greninja|Dark Pulse|p2a: Tinkaton\n|-resisted|p2a: Tinkaton\n|-damage|p2a: Tinkaton|83\/100\n|-damage|p1a: Greninja|39\/100|[from] item: Life Orb\n|\n|upkeep\n|turn|24\n|\n|t:|1700592860\n|move|p1a: Greninja|Surf|p2a: Tinkaton\n|-damage|p2a: Tinkaton|48\/100\n|-damage|p1a: Greninja|29\/100|[from] item: Life Orb\n|move|p2a: Tinkaton|Thunder Wave|p1a: Greninja\n|-status|p1a: Greninja|par\n|\n|upkeep\n|turn|25\n|-message|eebgm forfeited.\n|\n|win|headcannontester\n|raw|eebgm's rating: 1299 &rarr; <strong>1276<\/strong><br \/>(-23 for losing)\n|raw|headcannontester's rating: 1321 &rarr; <strong>1340<\/strong><br \/>(+19 for winning)\n|l|\u2606eebgm\n","uploadtime":1700592877,"views":1,"p1id":"eebgm","p2id":"headcannontester","formatid":"gen9ou","rating":1276,"private":0,"password":""}