{"id":"gen9ou-1991765663","p1":"Lppc2","p2":"FEEDS111","format":"[Gen 9] OU","log":"|j|\u2606Lppc2\n|j|\u2606FEEDS111\n|t:|1700113362\n|gametype|singles\n|player|p1|Lppc2|psychicf|1381\n|player|p2|FEEDS111|266|1357\n|teamsize|p1|6\n|teamsize|p2|6\n|gen|9\n|tier|[Gen 9] OU\n|rated|\n|rule|Sleep Clause Mod: Limit one foe put to sleep\n|rule|Species Clause: Limit one of each Pok\u00e9mon\n|rule|OHKO Clause: OHKO moves are banned\n|rule|Evasion Items Clause: Evasion items are banned\n|rule|Evasion Moves Clause: Evasion moves are banned\n|rule|Endless Battle Clause: Forcing endless battles is banned\n|rule|HP Percentage Mod: HP is shown in percentages\n|clearpoke\n|poke|p1|Sneasler, M|\n|poke|p1|Articuno-Galar|\n|poke|p1|Sandy Shocks|\n|poke|p1|Dragonite, F|\n|poke|p1|Quaquaval, F|\n|poke|p1|Gholdengo|\n|poke|p2|Corviknight, M|\n|poke|p2|Gholdengo|\n|poke|p2|Great Tusk|\n|poke|p2|Zapdos|\n|poke|p2|Cinderace, M|\n|poke|p2|Iron Valiant|\n|teampreview\n|\n|t:|1700113372\n|start\n|switch|p1a: Dragonite|Dragonite, F|100\/100\n|switch|p2a: Great Tusk|Great Tusk|100\/100\n|-enditem|p2a: Great Tusk|Booster Energy\n|-activate|p2a: Great Tusk|ability: Protosynthesis|[fromitem]\n|-start|p2a: Great Tusk|protosynthesisspe\n|turn|1\n|\n|t:|1700113378\n|move|p2a: Great Tusk|Ice Spinner|p1a: Dragonite\n|-supereffective|p1a: Dragonite\n|-damage|p1a: Dragonite|56\/100\n|move|p1a: Dragonite|Dragon Dance|p1a: Dragonite\n|-boost|p1a: Dragonite|atk|1\n|-boost|p1a: Dragonite|spe|1\n|\n|upkeep\n|turn|2\n|\n|t:|1700113390\n|move|p1a: Dragonite|Extreme Speed|p2a: Great Tusk\n|-damage|p2a: Great Tusk|70\/100\n|move|p2a: Great Tusk|Ice Spinner|p1a: Dragonite\n|-supereffective|p1a: Dragonite\n|-damage|p1a: Dragonite|0 fnt\n|faint|p1a: Dragonite\n|\n|upkeep\n|\n|t:|1700113399\n|switch|p1a: Quaquaval|Quaquaval, F|100\/100\n|turn|3\n|\n|t:|1700113407\n|-end|p2a: Great Tusk|Protosynthesis|[silent]\n|switch|p2a: Zapdos|Zapdos|100\/100\n|move|p1a: Quaquaval|Aqua Step|p2a: Zapdos\n|-damage|p2a: Zapdos|57\/100\n|-boost|p1a: Quaquaval|spe|1\n|\n|upkeep\n|turn|4\n|\n|t:|1700113419\n|move|p1a: Quaquaval|Ice Spinner|p2a: Zapdos\n|-supereffective|p2a: Zapdos\n|-damage|p2a: Zapdos|0 fnt\n|faint|p2a: Zapdos\n|-ability|p1a: Quaquaval|Moxie|boost\n|-boost|p1a: Quaquaval|atk|1\n|\n|upkeep\n|\n|t:|1700113425\n|switch|p2a: Iron Valiant|Iron Valiant|100\/100\n|-enditem|p2a: Iron Valiant|Booster Energy\n|-activate|p2a: Iron Valiant|ability: Quark Drive|[fromitem]\n|-start|p2a: Iron Valiant|quarkdrivespe\n|turn|5\n|\n|t:|1700113435\n|-terastallize|p1a: Quaquaval|Steel\n|move|p2a: Iron Valiant|Moonblast|p1a: Quaquaval\n|-resisted|p1a: Quaquaval\n|-damage|p1a: Quaquaval|69\/100\n|move|p1a: Quaquaval|Aqua Step|p2a: Iron Valiant\n|-damage|p2a: Iron Valiant|18\/100\n|-boost|p1a: Quaquaval|spe|1\n|\n|upkeep\n|turn|6\n|\n|t:|1700113446\n|move|p1a: Quaquaval|Aqua Step|p2a: Iron Valiant\n|-damage|p2a: Iron Valiant|0 fnt\n|-boost|p1a: Quaquaval|spe|1\n|faint|p2a: Iron Valiant\n|-end|p2a: Iron Valiant|Quark Drive|[silent]\n|-ability|p1a: Quaquaval|Moxie|boost\n|-boost|p1a: Quaquaval|atk|1\n|\n|upkeep\n|\n|t:|1700113453\n|switch|p2a: Gholdengo|Gholdengo|100\/100\n|turn|7\n|\n|t:|1700113461\n|move|p1a: Quaquaval|Aqua Step|p2a: Gholdengo\n|-damage|p2a: Gholdengo|25\/100\n|-boost|p1a: Quaquaval|spe|1\n|move|p2a: Gholdengo|Focus Blast|p1a: Quaquaval|[miss]\n|-miss|p2a: Gholdengo|p1a: Quaquaval\n|\n|-heal|p2a: Gholdengo|31\/100|[from] item: Leftovers\n|upkeep\n|turn|8\n|\n|t:|1700113467\n|move|p1a: Quaquaval|Aqua Step|p2a: Gholdengo\n|-damage|p2a: Gholdengo|0 fnt\n|-boost|p1a: Quaquaval|spe|1\n|faint|p2a: Gholdengo\n|-ability|p1a: Quaquaval|Moxie|boost\n|-boost|p1a: Quaquaval|atk|1\n|\n|upkeep\n|\n|t:|1700113469\n|switch|p2a: Cinderace|Cinderace, M|100\/100\n|turn|9\n|\n|t:|1700113474\n|move|p2a: Cinderace|Sucker Punch|p1a: Quaquaval\n|-damage|p1a: Quaquaval|37\/100\n|move|p1a: Quaquaval|Close Combat|p2a: Cinderace\n|-damage|p2a: Cinderace|0 fnt\n|-unboost|p1a: Quaquaval|def|1\n|-unboost|p1a: Quaquaval|spd|1\n|faint|p2a: Cinderace\n|-ability|p1a: Quaquaval|Moxie|boost\n|-boost|p1a: Quaquaval|atk|1\n|\n|upkeep\n|\n|t:|1700113480\n|switch|p2a: Corviknight|Corviknight, M|100\/100\n|-ability|p2a: Corviknight|Pressure\n|turn|10\n|\n|t:|1700113483\n|move|p1a: Quaquaval|Aqua Step|p2a: Corviknight\n|-damage|p2a: Corviknight|1\/100\n|-boost|p1a: Quaquaval|spe|1\n|move|p2a: Corviknight|Bulk Up|p2a: Corviknight\n|-boost|p2a: Corviknight|atk|1\n|-boost|p2a: Corviknight|def|1\n|\n|-heal|p2a: Corviknight|7\/100|[from] item: Leftovers\n|upkeep\n|turn|11\n|\n|t:|1700113488\n|move|p1a: Quaquaval|Ice Spinner|p2a: Corviknight\n|-damage|p2a: Corviknight|0 fnt\n|faint|p2a: Corviknight\n|-ability|p1a: Quaquaval|Moxie|boost\n|-boost|p1a: Quaquaval|atk|1\n|\n|upkeep\n|\n|t:|1700113490\n|switch|p2a: Great Tusk|Great Tusk|70\/100\n|turn|12\n|\n|t:|1700113493\n|move|p1a: Quaquaval|Close Combat|p2a: Great Tusk\n|-damage|p2a: Great Tusk|0 fnt\n|-unboost|p1a: Quaquaval|def|1\n|-unboost|p1a: Quaquaval|spd|1\n|faint|p2a: Great Tusk\n|-end|p2a: Great Tusk|Protosynthesis|[silent]\n|\n|win|Lppc2\n|raw|Lppc2's rating: 1381 &rarr; <strong>1400<\/strong><br \/>(+19 for winning)\n|raw|FEEDS111's rating: 1357 &rarr; <strong>1338<\/strong><br \/>(-19 for losing)\n|l|\u2606FEEDS111\n","uploadtime":1700113501,"views":12,"p1id":"lppc2","p2id":"feeds111","formatid":"gen9ou","rating":1338,"private":0,"password":""}