{"id":"gen9ou-1997312979","p1":"Peregrine_ST","p2":"daazai","format":"[Gen 9] OU","log":"|j|\u2606Peregrine_ST\n|j|\u2606daazai\n|t:|1700788091\n|gametype|singles\n|player|p1|Peregrine_ST|richboy-gen4|1352\n|player|p2|daazai|petrel|1284\n|teamsize|p1|6\n|teamsize|p2|6\n|gen|9\n|tier|[Gen 9] OU\n|rated|\n|rule|Sleep Clause Mod: Limit one foe put to sleep\n|rule|Species Clause: Limit one of each Pok\u00e9mon\n|rule|OHKO Clause: OHKO moves are banned\n|rule|Evasion Items Clause: Evasion items are banned\n|rule|Evasion Moves Clause: Evasion moves are banned\n|rule|Endless Battle Clause: Forcing endless battles is banned\n|rule|HP Percentage Mod: HP is shown in percentages\n|clearpoke\n|poke|p1|Kingambit, F|\n|poke|p1|Dragapult, F|\n|poke|p1|Corviknight, F|\n|poke|p1|Iron Moth|\n|poke|p1|Great Tusk|\n|poke|p1|Alomomola, F|\n|poke|p2|Ceruledge, M|\n|poke|p2|Ribombee, F|\n|poke|p2|Thundurus-Therian, M|\n|poke|p2|Quaquaval, F|\n|poke|p2|Dragonite, M|\n|poke|p2|Iron Treads|\n|teampreview\n|inactive|Battle timer is ON: inactive players will automatically lose when time's up. (requested by daazai)\n|\n|t:|1700788108\n|start\n|switch|p1a: Great Tusk|Great Tusk, shiny|100\/100\n|switch|p2a: butt beads|Thundurus-Therian, M|100\/100\n|turn|1\n|\n|t:|1700788112\n|move|p2a: butt beads|Grass Knot|p1a: Great Tusk\n|-supereffective|p1a: Great Tusk\n|-damage|p1a: Great Tusk|0 fnt\n|faint|p1a: Great Tusk\n|-end|p1a: Great Tusk|Protosynthesis|[silent]\n|\n|upkeep\n|\n|t:|1700788119\n|switch|p1a: Dragapult|Dragapult, F|100\/100\n|turn|2\n|\n|t:|1700788122\n|move|p1a: Dragapult|Draco Meteor|p2a: butt beads\n|-damage|p2a: butt beads|19\/100\n|-unboost|p1a: Dragapult|spa|2\n|move|p2a: butt beads|Volt Switch|p1a: Dragapult\n|-resisted|p1a: Dragapult\n|-damage|p1a: Dragapult|76\/100\n|\n|t:|1700788127\n|switch|p2a: bzz|Ribombee, F|100\/100|[from] Volt Switch\n|\n|upkeep\n|turn|3\n|\n|t:|1700788130\n|switch|p1a: Corviknight|Corviknight, F, shiny|100\/100\n|move|p2a: bzz|Sticky Web|p1a: Corviknight\n|-sidestart|p1: Peregrine_ST|move: Sticky Web\n|\n|upkeep\n|turn|4\n|\n|t:|1700788136\n|switch|p2a: butt beads|Thundurus-Therian, M|19\/100\n|move|p1a: Corviknight|Defog|p2a: butt beads\n|-unboost|p2a: butt beads|evasion|1\n|-sideend|p1: Peregrine_ST|Sticky Web|[from] move: Defog|[of] p1a: Corviknight\n|\n|upkeep\n|turn|5\n|\n|t:|1700788162\n|switch|p1a: Kingambit|Kingambit, F|100\/100\n|-activate|p1a: Kingambit|ability: Supreme Overlord\n|-start|p1a: Kingambit|fallen1|[silent]\n|move|p2a: butt beads|Volt Switch|p1a: Kingambit\n|-damage|p1a: Kingambit|60\/100\n|\n|t:|1700788169\n|switch|p2a: pimp|Dragonite, M|100\/100|[from] Volt Switch\n|\n|-heal|p1a: Kingambit|66\/100|[from] item: Leftovers\n|upkeep\n|turn|6\n|\n|t:|1700788178\n|move|p2a: pimp|Dragon Dance|p2a: pimp\n|-boost|p2a: pimp|atk|1\n|-boost|p2a: pimp|spe|1\n|move|p1a: Kingambit|Kowtow Cleave|p2a: pimp\n|-damage|p2a: pimp|73\/100\n|\n|-heal|p1a: Kingambit|73\/100|[from] item: Leftovers\n|upkeep\n|turn|7\n|\n|t:|1700788181\n|move|p2a: pimp|Earthquake|p1a: Kingambit\n|-supereffective|p1a: Kingambit\n|-damage|p1a: Kingambit|0 fnt\n|faint|p1a: Kingambit\n|-end|p1a: Kingambit|fallen1|[silent]\n|\n|upkeep\n|\n|t:|1700788188\n|switch|p1a: Iron Moth|Iron Moth|100\/100\n|-enditem|p1a: Iron Moth|Booster Energy\n|-activate|p1a: Iron Moth|ability: Quark Drive|[fromitem]\n|-start|p1a: Iron Moth|quarkdrivespe\n|turn|8\n|\n|t:|1700788190\n|move|p1a: Iron Moth|Dazzling Gleam|p2a: pimp\n|-supereffective|p2a: pimp\n|-damage|p2a: pimp|11\/100\n|move|p2a: pimp|Earthquake|p1a: Iron Moth\n|-supereffective|p1a: Iron Moth\n|-damage|p1a: Iron Moth|0 fnt\n|faint|p1a: Iron Moth\n|-end|p1a: Iron Moth|Quark Drive|[silent]\n|\n|upkeep\n|\n|t:|1700788197\n|switch|p1a: Corviknight|Corviknight, F, shiny|100\/100\n|turn|9\n|\n|t:|1700788200\n|move|p2a: pimp|Extreme Speed|p1a: Corviknight\n|-enditem|p2a: pimp|Normal Gem|[from] gem\n|-resisted|p1a: Corviknight\n|-damage|p1a: Corviknight|85\/100\n|-damage|p2a: pimp|0 fnt|[from] item: Rocky Helmet|[of] p1a: Corviknight\n|faint|p2a: pimp\n|move|p1a: Corviknight|Brave Bird|p2: pimp|[notarget]\n|-fail|p1a: Corviknight\n|\n|upkeep\n|\n|t:|1700788207\n|switch|p2a: shinji|Ceruledge, M|100\/100\n|turn|10\n|\n|t:|1700788210\n|switch|p1a: Alomomola|Alomomola, F|100\/100\n|move|p2a: shinji|Bitter Blade|p1a: Alomomola\n|-resisted|p1a: Alomomola\n|-damage|p1a: Alomomola|84\/100\n|\n|-heal|p1a: Alomomola|90\/100|[from] item: Leftovers\n|upkeep\n|turn|11\n|\n|t:|1700788216\n|switch|p2a: bzz|Ribombee, F|100\/100\n|move|p1a: Alomomola|Scald|p2a: bzz\n|-damage|p2a: bzz|75\/100\n|\n|-heal|p1a: Alomomola|96\/100|[from] item: Leftovers\n|upkeep\n|turn|12\n|\n|t:|1700788218\n|move|p2a: bzz|Sticky Web|p1a: Alomomola\n|-sidestart|p1: Peregrine_ST|move: Sticky Web\n|move|p1a: Alomomola|Scald|p2a: bzz\n|-damage|p2a: bzz|51\/100\n|\n|-heal|p1a: Alomomola|100\/100|[from] item: Leftovers\n|upkeep\n|turn|13\n|\n|t:|1700788223\n|move|p2a: bzz|Moonblast|p1a: Alomomola\n|-damage|p1a: Alomomola|73\/100\n|move|p1a: Alomomola|Scald|p2a: bzz\n|-crit|p2a: bzz\n|-damage|p2a: bzz|14\/100\n|\n|-heal|p1a: Alomomola|80\/100|[from] item: Leftovers\n|upkeep\n|turn|14\n|\n|t:|1700788226\n|move|p2a: bzz|Moonblast|p1a: Alomomola\n|-damage|p1a: Alomomola|51\/100\n|move|p1a: Alomomola|Scald|p2a: bzz\n|-damage|p2a: bzz|0 fnt\n|faint|p2a: bzz\n|\n|-heal|p1a: Alomomola|57\/100|[from] item: Leftovers\n|upkeep\n|\n|t:|1700788229\n|switch|p2a: butt beads|Thundurus-Therian, M|19\/100\n|turn|15\n|\n|t:|1700788232\n|-terastallize|p1a: Alomomola|Steel\n|move|p2a: butt beads|Volt Switch|p1a: Alomomola\n|-damage|p1a: Alomomola|28\/100\n|\n|t:|1700788238\n|switch|p2a: quixote|Quaquaval, F|100\/100|[from] Volt Switch\n|move|p1a: Alomomola|Wish|p1a: Alomomola\n|\n|-heal|p1a: Alomomola|34\/100|[from] item: Leftovers\n|upkeep\n|turn|16\n|\n|t:|1700788242\n|move|p1a: Alomomola|Protect|p1a: Alomomola\n|-singleturn|p1a: Alomomola|Protect\n|move|p2a: quixote|Aqua Step|p1a: Alomomola\n|-activate|p1a: Alomomola|move: Protect\n|\n|-heal|p1a: Alomomola|84\/100|[from] move: Wish|[wisher] Alomomola\n|-heal|p1a: Alomomola|90\/100|[from] item: Leftovers\n|upkeep\n|turn|17\n|\n|t:|1700788247\n|switch|p1a: Corviknight|Corviknight, F, shiny|85\/100\n|move|p2a: quixote|Close Combat|p1a: Corviknight\n|-damage|p1a: Corviknight|50\/100\n|-unboost|p2a: quixote|def|1\n|-unboost|p2a: quixote|spd|1\n|-damage|p2a: quixote|84\/100|[from] item: Rocky Helmet|[of] p1a: Corviknight\n|\n|upkeep\n|turn|18\n|\n|t:|1700788252\n|switch|p2a: dumbo 2|Iron Treads|100\/100\n|move|p1a: Corviknight|Roost|p1a: Corviknight\n|-heal|p1a: Corviknight|99\/100\n|-singleturn|p1a: Corviknight|move: Roost\n|\n|upkeep\n|turn|19\n|\n|t:|1700788256\n|move|p2a: dumbo 2|Iron Head|p1a: Corviknight\n|-resisted|p1a: Corviknight\n|-damage|p1a: Corviknight|89\/100\n|-damage|p2a: dumbo 2|84\/100|[from] item: Rocky Helmet|[of] p1a: Corviknight\n|move|p1a: Corviknight|Body Press|p2a: dumbo 2\n|-supereffective|p2a: dumbo 2\n|-damage|p2a: dumbo 2|38\/100\n|\n|upkeep\n|turn|20\n|\n|t:|1700788259\n|move|p2a: dumbo 2|Iron Head|p1a: Corviknight\n|-resisted|p1a: Corviknight\n|-damage|p1a: Corviknight|78\/100\n|-damage|p2a: dumbo 2|21\/100|[from] item: Rocky Helmet|[of] p1a: Corviknight\n|cant|p1a: Corviknight|flinch\n|\n|upkeep\n|turn|21\n|\n|t:|1700788262\n|move|p2a: dumbo 2|Iron Head|p1a: Corviknight\n|-resisted|p1a: Corviknight\n|-damage|p1a: Corviknight|67\/100\n|-damage|p2a: dumbo 2|5\/100|[from] item: Rocky Helmet|[of] p1a: Corviknight\n|move|p1a: Corviknight|Defog|p2a: dumbo 2\n|-unboost|p2a: dumbo 2|evasion|1\n|-sideend|p1: Peregrine_ST|Sticky Web|[from] move: Defog|[of] p1a: Corviknight\n|\n|upkeep\n|turn|22\n|\n|t:|1700788266\n|move|p2a: dumbo 2|Iron Head|p1a: Corviknight\n|-resisted|p1a: Corviknight\n|-damage|p1a: Corviknight|55\/100\n|-damage|p2a: dumbo 2|0 fnt|[from] item: Rocky Helmet|[of] p1a: Corviknight\n|faint|p2a: dumbo 2\n|-end|p2a: dumbo 2|Quark Drive|[silent]\n|move|p1a: Corviknight|Roost|p1a: Corviknight\n|-heal|p1a: Corviknight|100\/100\n|-singleturn|p1a: Corviknight|move: Roost\n|\n|upkeep\n|\n|t:|1700788269\n|switch|p2a: shinji|Ceruledge, M|100\/100\n|turn|23\n|\n|t:|1700788273\n|switch|p1a: Alomomola|Alomomola, F, tera:Steel|100\/100\n|move|p2a: shinji|Bitter Blade|p1a: Alomomola\n|-supereffective|p1a: Alomomola\n|-damage|p1a: Alomomola|32\/100\n|\n|-heal|p1a: Alomomola|38\/100|[from] item: Leftovers\n|upkeep\n|turn|24\n|\n|t:|1700788278\n|move|p2a: shinji|Endure|p2a: shinji\n|-singleturn|p2a: shinji|move: Endure\n|move|p1a: Alomomola|Protect||[still]\n|-fail|p1a: Alomomola\n|\n|-heal|p1a: Alomomola|44\/100|[from] item: Leftovers\n|upkeep\n|turn|25\n|\n|t:|1700788286\n|move|p2a: shinji|Bitter Blade|p1a: Alomomola\n|-supereffective|p1a: Alomomola\n|-damage|p1a: Alomomola|0 fnt\n|faint|p1a: Alomomola\n|\n|upkeep\n|\n|t:|1700788289\n|switch|p1a: Dragapult|Dragapult, F|76\/100\n|turn|26\n|\n|t:|1700788297\n|move|p2a: shinji|Endure|p2a: shinji\n|-singleturn|p2a: shinji|move: Endure\n|move|p1a: Dragapult|Shadow Ball|p2a: shinji\n|-supereffective|p2a: shinji\n|-activate|p2a: shinji|move: Endure\n|-damage|p2a: shinji|1\/100\n|-unboost|p2a: shinji|spd|1\n|-enditem|p2a: shinji|Weakness Policy\n|-boost|p2a: shinji|atk|2|[from] item: Weakness Policy\n|-boost|p2a: shinji|spa|2|[from] item: Weakness Policy\n|\n|upkeep\n|turn|27\n|\n|t:|1700788301\n|switch|p1a: Corviknight|Corviknight, F, shiny|100\/100\n|move|p2a: shinji|Shadow Claw|p1a: Corviknight\n|-damage|p1a: Corviknight|60\/100\n|-damage|p2a: shinji|0 fnt|[from] item: Rocky Helmet|[of] p1a: Corviknight\n|faint|p2a: shinji\n|\n|upkeep\n|\n|t:|1700788306\n|switch|p2a: butt beads|Thundurus-Therian, M|19\/100\n|turn|28\n|\n|t:|1700788318\n|switch|p1a: Dragapult|Dragapult, F|76\/100\n|move|p2a: butt beads|Volt Switch|p1a: Dragapult\n|-resisted|p1a: Dragapult\n|-damage|p1a: Dragapult|47\/100\n|\n|t:|1700788320\n|switch|p2a: quixote|Quaquaval, F|84\/100|[from] Volt Switch\n|\n|upkeep\n|turn|29\n|\n|t:|1700788324\n|move|p1a: Dragapult|Draco Meteor|p2a: quixote\n|-damage|p2a: quixote|0 fnt\n|-unboost|p1a: Dragapult|spa|2\n|faint|p2a: quixote\n|\n|upkeep\n|\n|t:|1700788327\n|switch|p2a: butt beads|Thundurus-Therian, M|19\/100\n|turn|30\n|\n|t:|1700788329\n|-terastallize|p2a: butt beads|Ice\n|move|p1a: Dragapult|Draco Meteor|p2a: butt beads\n|-crit|p2a: butt beads\n|-damage|p2a: butt beads|0 fnt\n|-unboost|p1a: Dragapult|spa|2\n|faint|p2a: butt beads\n|\n|win|Peregrine_ST\n|raw|Peregrine_ST's rating: 1352 &rarr; <strong>1368<\/strong><br \/>(+16 for winning)\n|raw|daazai's rating: 1284 &rarr; <strong>1264<\/strong><br \/>(-20 for losing)\n|c|\u2606Peregrine_ST|gg\n|l|\u2606daazai\n","uploadtime":1700788349,"views":5,"p1id":"peregrinest","p2id":"daazai","formatid":"gen9ou","rating":1264,"private":0,"password":""}