{"id":"gen9ou-1995889159","p1":"mcdab","p2":"Username momento","format":"[Gen 9] OU","log":"|j|\u2606mcdab\n|j|\u2606Username momento\n|t:|1700613948\n|gametype|singles\n|player|p1|mcdab|2|1515\n|player|p2|Username momento|ninjaboy|1658\n|teamsize|p1|6\n|teamsize|p2|6\n|gen|9\n|tier|[Gen 9] OU\n|rated|\n|rule|Sleep Clause Mod: Limit one foe put to sleep\n|rule|Species Clause: Limit one of each Pok\u00e9mon\n|rule|OHKO Clause: OHKO moves are banned\n|rule|Evasion Items Clause: Evasion items are banned\n|rule|Evasion Moves Clause: Evasion moves are banned\n|rule|Endless Battle Clause: Forcing endless battles is banned\n|rule|HP Percentage Mod: HP is shown in percentages\n|clearpoke\n|poke|p1|Cinderace, M|\n|poke|p1|Iron Moth|\n|poke|p1|Gastrodon, F|\n|poke|p1|Gholdengo|\n|poke|p1|Landorus-Therian, M|\n|poke|p1|Breloom, F|\n|poke|p2|Meowscarada, M|\n|poke|p2|Kingambit, F|\n|poke|p2|Zapdos|\n|poke|p2|Zamazenta-*|\n|poke|p2|Great Tusk|\n|poke|p2|Iron Moth|\n|teampreview\n|\n|t:|1700613967\n|start\n|switch|p1a: Cinderace|Cinderace, M|100\/100\n|switch|p2a: Meowscarada|Meowscarada, M|100\/100\n|turn|1\n|\n|t:|1700613977\n|move|p2a: Meowscarada|U-turn|p1a: Cinderace\n|-start|p2a: Meowscarada|typechange|Bug|[from] ability: Protean\n|-resisted|p1a: Cinderace\n|-damage|p1a: Cinderace|63\/100\n|\n|t:|1700613982\n|switch|p2a: Zapdos|Zapdos|100\/100|[from] U-turn\n|move|p1a: Cinderace|U-turn|p2a: Zapdos\n|-start|p1a: Cinderace|typechange|Bug|[from] ability: Libero\n|-resisted|p2a: Zapdos\n|-damage|p2a: Zapdos|84\/100\n|-status|p1a: Cinderace|par|[from] ability: Static|[of] p2a: Zapdos\n|-damage|p1a: Cinderace|53\/100 par|[from] item: Life Orb\n|\n|t:|1700613991\n|switch|p1a: Gastrodon|Gastrodon, F|100\/100|[from] U-turn\n|\n|-heal|p2a: Zapdos|90\/100|[from] item: Leftovers\n|upkeep\n|turn|2\n|\n|t:|1700613995\n|move|p2a: Zapdos|Hurricane|p1a: Gastrodon\n|-damage|p1a: Gastrodon|63\/100\n|-start|p1a: Gastrodon|confusion\n|-activate|p1a: Gastrodon|confusion\n|-damage|p1a: Gastrodon|56\/100|[from] confusion\n|\n|-heal|p2a: Zapdos|96\/100|[from] item: Leftovers\n|-heal|p1a: Gastrodon|62\/100|[from] item: Leftovers\n|upkeep\n|turn|3\n|\n|t:|1700614001\n|move|p2a: Zapdos|Hurricane|p1a: Gastrodon\n|-damage|p1a: Gastrodon|23\/100\n|-activate|p1a: Gastrodon|confusion\n|move|p1a: Gastrodon|Recover|p1a: Gastrodon\n|-heal|p1a: Gastrodon|73\/100\n|\n|-heal|p2a: Zapdos|100\/100|[from] item: Leftovers\n|-heal|p1a: Gastrodon|79\/100|[from] item: Leftovers\n|upkeep\n|turn|4\n|\n|t:|1700614007\n|move|p2a: Zapdos|Hurricane|p1a: Gastrodon\n|-damage|p1a: Gastrodon|43\/100\n|-end|p1a: Gastrodon|confusion\n|move|p1a: Gastrodon|Stealth Rock|p2a: Zapdos\n|-sidestart|p2: Username momento|move: Stealth Rock\n|\n|-heal|p1a: Gastrodon|49\/100|[from] item: Leftovers\n|upkeep\n|turn|5\n|\n|t:|1700614012\n|move|p2a: Zapdos|Hurricane|p1a: Gastrodon\n|-damage|p1a: Gastrodon|9\/100\n|move|p1a: Gastrodon|Recover|p1a: Gastrodon\n|-heal|p1a: Gastrodon|59\/100\n|\n|-heal|p1a: Gastrodon|65\/100|[from] item: Leftovers\n|upkeep\n|turn|6\n|\n|t:|1700614018\n|move|p2a: Zapdos|Hurricane|p1a: Gastrodon|[miss]\n|-miss|p2a: Zapdos|p1a: Gastrodon\n|move|p1a: Gastrodon|Recover|p1a: Gastrodon\n|-heal|p1a: Gastrodon|100\/100\n|\n|upkeep\n|turn|7\n|\n|t:|1700614021\n|move|p2a: Zapdos|Hurricane|p1a: Gastrodon\n|-damage|p1a: Gastrodon|63\/100\n|move|p1a: Gastrodon|Ice Beam|p2a: Zapdos\n|-supereffective|p2a: Zapdos\n|-crit|p2a: Zapdos\n|-damage|p2a: Zapdos|31\/100\n|\n|-heal|p2a: Zapdos|37\/100|[from] item: Leftovers\n|-heal|p1a: Gastrodon|69\/100|[from] item: Leftovers\n|upkeep\n|turn|8\n|\n|t:|1700614027\n|move|p2a: Zapdos|Roost|p2a: Zapdos\n|-heal|p2a: Zapdos|87\/100\n|-singleturn|p2a: Zapdos|move: Roost\n|move|p1a: Gastrodon|Earth Power|p2a: Zapdos\n|-supereffective|p2a: Zapdos\n|-damage|p2a: Zapdos|15\/100\n|\n|-heal|p2a: Zapdos|21\/100|[from] item: Leftovers\n|-heal|p1a: Gastrodon|75\/100|[from] item: Leftovers\n|upkeep\n|turn|9\n|\n|t:|1700614034\n|move|p2a: Zapdos|Roost|p2a: Zapdos\n|-heal|p2a: Zapdos|71\/100\n|-singleturn|p2a: Zapdos|move: Roost\n|move|p1a: Gastrodon|Ice Beam|p2a: Zapdos\n|-damage|p2a: Zapdos|49\/100\n|\n|-heal|p2a: Zapdos|55\/100|[from] item: Leftovers\n|-heal|p1a: Gastrodon|81\/100|[from] item: Leftovers\n|upkeep\n|turn|10\n|\n|t:|1700614041\n|switch|p2a: Meowscarada|Meowscarada, M|100\/100\n|-damage|p2a: Meowscarada|88\/100|[from] Stealth Rock\n|move|p1a: Gastrodon|Ice Beam|p2a: Meowscarada\n|-supereffective|p2a: Meowscarada\n|-damage|p2a: Meowscarada|10\/100\n|\n|-heal|p1a: Gastrodon|88\/100|[from] item: Leftovers\n|upkeep\n|turn|11\n|\n|t:|1700614050\n|switch|p1a: Cinderace|Cinderace, M|53\/100 par\n|move|p2a: Meowscarada|U-turn|p1a: Cinderace\n|-start|p2a: Meowscarada|typechange|Bug|[from] ability: Protean\n|-resisted|p1a: Cinderace\n|-damage|p1a: Cinderace|19\/100 par\n|\n|t:|1700614055\n|switch|p2a: Iron Moth|Iron Moth|100\/100|[from] U-turn\n|-damage|p2a: Iron Moth|76\/100|[from] Stealth Rock\n|-enditem|p2a: Iron Moth|Booster Energy\n|-activate|p2a: Iron Moth|ability: Quark Drive|[fromitem]\n|-start|p2a: Iron Moth|quarkdrivespe\n|\n|upkeep\n|turn|12\n|\n|t:|1700614060\n|move|p2a: Iron Moth|Fiery Dance|p1a: Cinderace\n|-resisted|p1a: Cinderace\n|-damage|p1a: Cinderace|0 fnt\n|faint|p1a: Cinderace\n|\n|upkeep\n|\n|t:|1700614074\n|switch|p1a: Gholdengo|Gholdengo|100\/100\n|turn|13\n|\n|t:|1700614077\n|move|p2a: Iron Moth|Fiery Dance|p1a: Gholdengo\n|-supereffective|p1a: Gholdengo\n|-damage|p1a: Gholdengo|5\/100\n|move|p1a: Gholdengo|Shadow Ball|p2a: Iron Moth\n|-damage|p2a: Iron Moth|31\/100\n|-unboost|p2a: Iron Moth|spd|1\n|\n|upkeep\n|turn|14\n|inactive|Battle timer is ON: inactive players will automatically lose when time's up. (requested by Username momento)\n|\n|t:|1700614105\n|move|p2a: Iron Moth|Fiery Dance|p1a: Gholdengo\n|-supereffective|p1a: Gholdengo\n|-damage|p1a: Gholdengo|0 fnt\n|-boost|p2a: Iron Moth|spa|1\n|faint|p1a: Gholdengo\n|\n|upkeep\n|\n|t:|1700614111\n|switch|p1a: Gastrodon|Gastrodon, F|88\/100\n|turn|15\n|\n|t:|1700614121\n|-terastallize|p1a: Gastrodon|Flying\n|move|p2a: Iron Moth|Dazzling Gleam|p1a: Gastrodon\n|-damage|p1a: Gastrodon|52\/100\n|move|p1a: Gastrodon|Earth Power|p2a: Iron Moth\n|-supereffective|p2a: Iron Moth\n|-damage|p2a: Iron Moth|0 fnt\n|faint|p2a: Iron Moth\n|-end|p2a: Iron Moth|Quark Drive|[silent]\n|\n|-heal|p1a: Gastrodon|58\/100|[from] item: Leftovers\n|upkeep\n|\n|t:|1700614131\n|switch|p2a: Zapdos|Zapdos|55\/100\n|-damage|p2a: Zapdos|30\/100|[from] Stealth Rock\n|turn|16\n|j| Spiderking3261\n|l| Spiderking3261\n|\n|t:|1700614137\n|switch|p1a: Landorus|Landorus-Therian, M|100\/100\n|-ability|p1a: Landorus|Intimidate|boost\n|-unboost|p2a: Zapdos|atk|1\n|move|p2a: Zapdos|Roost|p2a: Zapdos\n|-heal|p2a: Zapdos|80\/100\n|-singleturn|p2a: Zapdos|move: Roost\n|\n|-heal|p2a: Zapdos|87\/100|[from] item: Leftovers\n|upkeep\n|turn|17\n|\n|t:|1700614148\n|switch|p2a: Zamazenta|Zamazenta|100\/100\n|-damage|p2a: Zamazenta|94\/100|[from] Stealth Rock\n|-ability|p2a: Zamazenta|Dauntless Shield|boost\n|-boost|p2a: Zamazenta|def|1\n|move|p1a: Landorus|Stone Edge|p2a: Zamazenta\n|-resisted|p2a: Zamazenta\n|-crit|p2a: Zamazenta\n|-damage|p2a: Zamazenta|73\/100\n|\n|-heal|p2a: Zamazenta|79\/100|[from] item: Leftovers\n|upkeep\n|turn|18\n|\n|t:|1700614156\n|move|p2a: Zamazenta|Iron Defense|p2a: Zamazenta\n|-boost|p2a: Zamazenta|def|2\n|move|p1a: Landorus|Swords Dance|p1a: Landorus\n|-boost|p1a: Landorus|atk|2\n|\n|-heal|p2a: Zamazenta|85\/100|[from] item: Leftovers\n|upkeep\n|turn|19\n|\n|t:|1700614163\n|move|p2a: Zamazenta|Iron Defense|p2a: Zamazenta\n|-boost|p2a: Zamazenta|def|2\n|move|p1a: Landorus|Earthquake|p2a: Zamazenta\n|-damage|p2a: Zamazenta|61\/100\n|\n|-heal|p2a: Zamazenta|67\/100|[from] item: Leftovers\n|upkeep\n|turn|20\n|\n|t:|1700614169\n|move|p2a: Zamazenta|Iron Defense|p2a: Zamazenta\n|-boost|p2a: Zamazenta|def|1\n|move|p1a: Landorus|Swords Dance|p1a: Landorus\n|-boost|p1a: Landorus|atk|2\n|\n|-heal|p2a: Zamazenta|73\/100|[from] item: Leftovers\n|upkeep\n|turn|21\n|\n|t:|1700614173\n|move|p2a: Zamazenta|Body Press|p1a: Landorus\n|-resisted|p1a: Landorus\n|-damage|p1a: Landorus|6\/100\n|move|p1a: Landorus|Earthquake|p2a: Zamazenta\n|-damage|p2a: Zamazenta|38\/100\n|\n|-heal|p2a: Zamazenta|44\/100|[from] item: Leftovers\n|-heal|p1a: Landorus|12\/100|[from] item: Leftovers\n|upkeep\n|turn|22\n|\n|t:|1700614181\n|move|p2a: Zamazenta|Body Press|p1a: Landorus\n|-resisted|p1a: Landorus\n|-damage|p1a: Landorus|0 fnt\n|faint|p1a: Landorus\n|\n|-heal|p2a: Zamazenta|50\/100|[from] item: Leftovers\n|upkeep\n|\n|t:|1700614185\n|switch|p1a: Iron Moth|Iron Moth|100\/100\n|-enditem|p1a: Iron Moth|Booster Energy\n|-activate|p1a: Iron Moth|ability: Quark Drive|[fromitem]\n|-start|p1a: Iron Moth|quarkdrivespa\n|turn|23\n|\n|t:|1700614188\n|move|p2a: Zamazenta|Body Press|p1a: Iron Moth\n|-resisted|p1a: Iron Moth\n|-damage|p1a: Iron Moth|0 fnt\n|faint|p1a: Iron Moth\n|-end|p1a: Iron Moth|Quark Drive|[silent]\n|\n|-heal|p2a: Zamazenta|57\/100|[from] item: Leftovers\n|upkeep\n|-message|mcdab forfeited.\n|\n|win|Username momento\n|raw|mcdab's rating: 1515 &rarr; <strong>1503<\/strong><br \/>(-12 for losing)\n|raw|Username momento's rating: 1658 &rarr; <strong>1670<\/strong><br \/>(+12 for winning)\n|l|\u2606mcdab\n","uploadtime":1700614204,"views":7,"p1id":"mcdab","p2id":"usernamemomento","formatid":"gen9ou","rating":1503,"private":0,"password":""}