{"id":"gen9ou-1999804502","p1":"claviculacarvinc","p2":"Legendary crybaby","format":"[Gen 9] OU","log":"|j|\u2606claviculacarvinc\n|j|\u2606Legendary crybaby\n|t:|1701118245\n|gametype|singles\n|player|p1|claviculacarvinc|cress|1139\n|player|p2|Legendary crybaby|266|1097\n|teamsize|p1|6\n|teamsize|p2|6\n|gen|9\n|tier|[Gen 9] OU\n|rated|\n|rule|Sleep Clause Mod: Limit one foe put to sleep\n|rule|Species Clause: Limit one of each Pok\u00e9mon\n|rule|OHKO Clause: OHKO moves are banned\n|rule|Evasion Items Clause: Evasion items are banned\n|rule|Evasion Moves Clause: Evasion moves are banned\n|rule|Endless Battle Clause: Forcing endless battles is banned\n|rule|HP Percentage Mod: HP is shown in percentages\n|clearpoke\n|poke|p1|Gholdengo|\n|poke|p1|Ribombee, F|\n|poke|p1|Hatterene, F|\n|poke|p1|Kingambit, M|\n|poke|p1|Manaphy|\n|poke|p1|Landorus-Therian, M|\n|poke|p2|Grimmsnarl, M|\n|poke|p2|Grafaiai, M|\n|poke|p2|Quaquaval, M|\n|poke|p2|Scizor, M|\n|poke|p2|Drifblim, M|\n|poke|p2|Pawmot, M|\n|teampreview\n|\n|t:|1701118252\n|start\n|switch|p1a: Ribombee|Ribombee, F, shiny|100\/100\n|switch|p2a: Straight Trollin|Grimmsnarl, M|100\/100\n|turn|1\n|\n|t:|1701118260\n|move|p2a: Straight Trollin|Parting Shot|p1a: Ribombee\n|-unboost|p1a: Ribombee|atk|1\n|-unboost|p1a: Ribombee|spa|1\n|\n|t:|1701118263\n|switch|p2a: Obviously Trollin|Grafaiai, M|100\/100|[from] Parting Shot\n|move|p1a: Ribombee|Moonblast|p2a: Obviously Trollin\n|-resisted|p2a: Obviously Trollin\n|-damage|p2a: Obviously Trollin|87\/100\n|\n|-heal|p2a: Obviously Trollin|93\/100|[from] item: Leftovers\n|upkeep\n|turn|2\n|\n|t:|1701118272\n|move|p1a: Ribombee|Sticky Web|p2a: Obviously Trollin\n|-sidestart|p2: Legendary crybaby|move: Sticky Web\n|move|p2a: Obviously Trollin|Knock Off|p1a: Ribombee\n|-resisted|p1a: Ribombee\n|-damage|p1a: Ribombee|80\/100\n|-enditem|p1a: Ribombee|Focus Sash|[from] move: Knock Off|[of] p2a: Obviously Trollin\n|\n|-heal|p2a: Obviously Trollin|99\/100|[from] item: Leftovers\n|upkeep\n|turn|3\n|\n|t:|1701118282\n|move|p2a: Obviously Trollin|Parting Shot|p1a: Ribombee\n|-unboost|p1a: Ribombee|atk|1\n|-unboost|p1a: Ribombee|spa|1\n|\n|t:|1701118290\n|switch|p2a: Trolldier|Quaquaval, M|100\/100|[from] Parting Shot\n|-activate|p2a: Trolldier|move: Sticky Web\n|-unboost|p2a: Trolldier|spe|1\n|move|p1a: Ribombee|Stun Spore|p2a: Trolldier\n|-status|p2a: Trolldier|par\n|\n|upkeep\n|turn|4\n|\n|t:|1701118299\n|move|p1a: Ribombee|Moonblast|p2a: Trolldier\n|-supereffective|p2a: Trolldier\n|-damage|p2a: Trolldier|45\/100 par\n|cant|p2a: Trolldier|par\n|\n|-heal|p2a: Trolldier|51\/100 par|[from] item: Leftovers\n|upkeep\n|turn|5\n|\n|t:|1701118309\n|move|p1a: Ribombee|Moonblast|p2a: Trolldier\n|-supereffective|p2a: Trolldier\n|-damage|p2a: Trolldier|0 fnt\n|faint|p2a: Trolldier\n|\n|upkeep\n|\n|t:|1701118317\n|switch|p2a: Troll and tell.|Pawmot, M|100\/100\n|-activate|p2a: Troll and tell.|move: Sticky Web\n|-unboost|p2a: Troll and tell.|spe|1\n|turn|6\n|\n|t:|1701118322\n|move|p1a: Ribombee|Moonblast|p2a: Troll and tell.\n|-supereffective|p2a: Troll and tell.\n|-damage|p2a: Troll and tell.|53\/100\n|move|p2a: Troll and tell.|Substitute|p2a: Troll and tell.\n|-start|p2a: Troll and tell.|Substitute\n|-damage|p2a: Troll and tell.|28\/100\n|\n|upkeep\n|turn|7\n|\n|t:|1701118328\n|-singleturn|p2a: Troll and tell.|move: Focus Punch\n|move|p1a: Ribombee|Moonblast|p2a: Troll and tell.\n|-supereffective|p2a: Troll and tell.\n|-crit|p2a: Troll and tell.\n|-end|p2a: Troll and tell.|Substitute\n|move|p2a: Troll and tell.|Focus Punch|p1a: Ribombee\n|-resisted|p1a: Ribombee\n|-damage|p1a: Ribombee|43\/100\n|\n|upkeep\n|turn|8\n|\n|t:|1701118337\n|move|p1a: Ribombee|Moonblast|p2a: Troll and tell.\n|-supereffective|p2a: Troll and tell.\n|-damage|p2a: Troll and tell.|0 fnt\n|faint|p2a: Troll and tell.\n|\n|upkeep\n|\n|t:|1701118342\n|switch|p2a: Don't trust it...|Drifblim, M|100\/100\n|turn|9\n|\n|t:|1701118348\n|switch|p2a: Straight Trollin|Grimmsnarl, M|100\/100\n|-activate|p2a: Straight Trollin|move: Sticky Web\n|-unboost|p2a: Straight Trollin|spe|1\n|move|p1a: Ribombee|Stun Spore|p2a: Straight Trollin\n|-status|p2a: Straight Trollin|par\n|\n|upkeep\n|turn|10\n|\n|t:|1701118355\n|cant|p2a: Straight Trollin|par\n|move|p1a: Ribombee|Moonblast|p2a: Straight Trollin\n|-supereffective|p2a: Straight Trollin\n|-damage|p2a: Straight Trollin|63\/100 par\n|-unboost|p2a: Straight Trollin|spa|1\n|\n|upkeep\n|turn|11\n|inactive|Battle timer is ON: inactive players will automatically lose when time's up. (requested by claviculacarvinc)\n|\n|t:|1701118372\n|move|p2a: Straight Trollin|Parting Shot|p1a: Ribombee\n|-unboost|p1a: Ribombee|atk|1\n|-unboost|p1a: Ribombee|spa|1\n|\n|t:|1701118388\n|switch|p2a: Obviously Trollin|Grafaiai, M|99\/100|[from] Parting Shot\n|-activate|p2a: Obviously Trollin|move: Sticky Web\n|-unboost|p2a: Obviously Trollin|spe|1\n|move|p1a: Ribombee|Moonblast|p2a: Obviously Trollin\n|-resisted|p2a: Obviously Trollin\n|-damage|p2a: Obviously Trollin|91\/100\n|-unboost|p2a: Obviously Trollin|spa|1\n|\n|-heal|p2a: Obviously Trollin|97\/100|[from] item: Leftovers\n|upkeep\n|turn|12\n|\n|t:|1701118406\n|move|p2a: Obviously Trollin|Parting Shot|p1a: Ribombee\n|-unboost|p1a: Ribombee|atk|1\n|-unboost|p1a: Ribombee|spa|1\n|\n|t:|1701118412\n|switch|p2a: Straight Trollin|Grimmsnarl, M|63\/100 par|[from] Parting Shot\n|-activate|p2a: Straight Trollin|move: Sticky Web\n|-unboost|p2a: Straight Trollin|spe|1\n|move|p1a: Ribombee|Stun Spore|p2a: Straight Trollin\n|-fail|p2a: Straight Trollin|par\n|\n|upkeep\n|turn|13\n|\n|t:|1701118421\n|switch|p1a: Hatterene|Hatterene, F, shiny|100\/100\n|move|p2a: Straight Trollin|Reflect|p2a: Straight Trollin\n|-sidestart|p2: Legendary crybaby|Reflect\n|\n|upkeep\n|turn|14\n|\n|t:|1701118427\n|move|p1a: Hatterene|Calm Mind|p1a: Hatterene\n|-boost|p1a: Hatterene|spa|1\n|-boost|p1a: Hatterene|spd|1\n|cant|p2a: Straight Trollin|par\n|\n|upkeep\n|turn|15\n|\n|t:|1701118436\n|move|p1a: Hatterene|Draining Kiss|p2a: Straight Trollin\n|-supereffective|p2a: Straight Trollin\n|-damage|p2a: Straight Trollin|0 fnt\n|faint|p2a: Straight Trollin\n|\n|upkeep\n|\n|t:|1701118439\n|switch|p2a: Obviously Trollin|Grafaiai, M|97\/100\n|-activate|p2a: Obviously Trollin|move: Sticky Web\n|-unboost|p2a: Obviously Trollin|spe|1\n|turn|16\n|\n|t:|1701118447\n|-terastallize|p1a: Hatterene|Psychic\n|move|p2a: Obviously Trollin|Parting Shot|p1a: Hatterene\n|move|p1a: Hatterene|Parting Shot|p2a: Obviously Trollin|[from]ability: Magic Bounce\n|-unboost|p2a: Obviously Trollin|atk|1\n|-unboost|p2a: Obviously Trollin|spa|1\n|\n|t:|1701118462\n|switch|p1a: Kingambit|Kingambit, M|100\/100|[from] Parting Shot\n|\n|-heal|p2a: Obviously Trollin|100\/100|[from] item: Leftovers\n|upkeep\n|turn|17\n|\n|t:|1701118469\n|move|p2a: Obviously Trollin|Low Kick|p1a: Kingambit\n|-supereffective|p1a: Kingambit\n|-damage|p1a: Kingambit|59\/100\n|move|p1a: Kingambit|Swords Dance|p1a: Kingambit\n|-boost|p1a: Kingambit|atk|2\n|\n|-heal|p1a: Kingambit|65\/100|[from] item: Leftovers\n|upkeep\n|turn|18\n|\n|t:|1701118482\n|move|p2a: Obviously Trollin|Copycat|p2a: Obviously Trollin\n|move|p2a: Obviously Trollin|Swords Dance|p2a: Obviously Trollin|[from]move: Copycat\n|-boost|p2a: Obviously Trollin|atk|2\n|move|p1a: Kingambit|Sucker Punch||[still]\n|-fail|p1a: Kingambit\n|\n|-heal|p1a: Kingambit|71\/100|[from] item: Leftovers\n|upkeep\n|turn|19\n|\n|t:|1701118493\n|-end|p1a: Kingambit|fallenundefined|[silent]\n|switch|p1a: Hatterene|Hatterene, F, shiny, tera:Psychic|100\/100\n|move|p2a: Obviously Trollin|Copycat|p2a: Obviously Trollin\n|move|p2a: Obviously Trollin|Sucker Punch||[from]move: Copycat|[still]\n|-fail|p2a: Obviously Trollin\n|\n|upkeep\n|turn|20\n|\n|t:|1701118508\n|move|p2a: Obviously Trollin|Parting Shot|p1a: Hatterene\n|move|p1a: Hatterene|Parting Shot|p2a: Obviously Trollin|[from]ability: Magic Bounce\n|-unboost|p2a: Obviously Trollin|atk|1\n|-unboost|p2a: Obviously Trollin|spa|1\n|\n|t:|1701118516\n|switch|p1a: Gholdengo|Gholdengo|100\/100|[from] Parting Shot\n|\n|-sideend|p2: Legendary crybaby|Reflect\n|upkeep\n|turn|21\n|\n|t:|1701118525\n|move|p1a: Gholdengo|Make It Rain|p2a: Obviously Trollin\n|-damage|p2a: Obviously Trollin|28\/100\n|-unboost|p1a: Gholdengo|spa|1\n|move|p2a: Obviously Trollin|Knock Off|p1a: Gholdengo\n|-supereffective|p1a: Gholdengo\n|-damage|p1a: Gholdengo|54\/100\n|-enditem|p1a: Gholdengo|Choice Scarf|[from] move: Knock Off|[of] p2a: Obviously Trollin\n|\n|-heal|p2a: Obviously Trollin|34\/100|[from] item: Leftovers\n|upkeep\n|turn|22\n|\n|t:|1701118542\n|switch|p1a: Hatterene|Hatterene, F, shiny, tera:Psychic|100\/100\n|move|p2a: Obviously Trollin|Copycat|p2a: Obviously Trollin\n|move|p2a: Obviously Trollin|Knock Off|p1a: Hatterene|[from]move: Copycat\n|-supereffective|p1a: Hatterene\n|-damage|p1a: Hatterene|51\/100\n|-enditem|p1a: Hatterene|Leftovers|[from] move: Knock Off|[of] p2a: Obviously Trollin\n|\n|-heal|p2a: Obviously Trollin|40\/100|[from] item: Leftovers\n|upkeep\n|turn|23\n|\n|t:|1701118558\n|move|p2a: Obviously Trollin|Copycat|p2a: Obviously Trollin\n|move|p2a: Obviously Trollin|Knock Off|p1a: Hatterene|[from]move: Copycat\n|-supereffective|p1a: Hatterene\n|-damage|p1a: Hatterene|17\/100\n|move|p1a: Hatterene|Psyshock|p2a: Obviously Trollin\n|-supereffective|p2a: Obviously Trollin\n|-damage|p2a: Obviously Trollin|0 fnt\n|faint|p2a: Obviously Trollin\n|\n|upkeep\n|\n|t:|1701118567\n|switch|p2a: Don't trust it...|Drifblim, M|100\/100\n|turn|24\n|\n|t:|1701118571\n|move|p2a: Don't trust it...|Substitute|p2a: Don't trust it...\n|-start|p2a: Don't trust it...|Substitute\n|-damage|p2a: Don't trust it...|76\/100\n|move|p1a: Hatterene|Draining Kiss|p2a: Don't trust it...\n|-end|p2a: Don't trust it...|Substitute\n|-heal|p1a: Hatterene|45\/100|[from] drain|[of] p2a: Don't trust it...\n|\n|upkeep\n|turn|25\n|\n|t:|1701118578\n|move|p2a: Don't trust it...|Calm Mind|p2a: Don't trust it...\n|-boost|p2a: Don't trust it...|spa|1\n|-boost|p2a: Don't trust it...|spd|1\n|move|p1a: Hatterene|Draining Kiss|p2a: Don't trust it...\n|-damage|p2a: Don't trust it...|54\/100\n|-heal|p1a: Hatterene|70\/100|[from] drain|[of] p2a: Don't trust it...\n|-enditem|p2a: Don't trust it...|Red Card|[of] p1a: Hatterene\n|drag|p1a: Kingambit|Kingambit, M|71\/100\n|\n|-heal|p1a: Kingambit|77\/100|[from] item: Leftovers\n|upkeep\n|turn|26\n|\n|t:|1701118600\n|-terastallize|p2a: Don't trust it...|Flying\n|move|p2a: Don't trust it...|Strength Sap|p1a: Kingambit\n|-unboost|p1a: Kingambit|atk|1\n|-heal|p2a: Don't trust it...|100\/100\n|move|p1a: Kingambit|Kowtow Cleave|p2a: Don't trust it...\n|-damage|p2a: Don't trust it...|52\/100\n|\n|-heal|p1a: Kingambit|84\/100|[from] item: Leftovers\n|upkeep\n|turn|27\n|\n|t:|1701118613\n|move|p2a: Don't trust it...|Strength Sap|p1a: Kingambit\n|-unboost|p1a: Kingambit|atk|1\n|-heal|p2a: Don't trust it...|100\/100\n|move|p1a: Kingambit|Kowtow Cleave|p2a: Don't trust it...\n|-damage|p2a: Don't trust it...|68\/100\n|\n|-heal|p1a: Kingambit|90\/100|[from] item: Leftovers\n|upkeep\n|turn|28\n|\n|t:|1701118635\n|-end|p1a: Kingambit|fallenundefined|[silent]\n|switch|p1a: Ribombee|Ribombee, F, shiny|43\/100\n|move|p2a: Don't trust it...|Calm Mind|p2a: Don't trust it...\n|-boost|p2a: Don't trust it...|spa|1\n|-boost|p2a: Don't trust it...|spd|1\n|\n|upkeep\n|turn|29\n|\n|t:|1701118645\n|move|p2a: Don't trust it...|Substitute|p2a: Don't trust it...\n|-start|p2a: Don't trust it...|Substitute\n|-damage|p2a: Don't trust it...|43\/100\n|move|p1a: Ribombee|Stun Spore|p2a: Don't trust it...|[miss]\n|-miss|p1a: Ribombee|p2a: Don't trust it...\n|\n|upkeep\n|turn|30\n|\n|t:|1701118652\n|move|p2a: Don't trust it...|Air Slash|p1a: Ribombee\n|-supereffective|p1a: Ribombee\n|-damage|p1a: Ribombee|0 fnt\n|faint|p1a: Ribombee\n|\n|upkeep\n|\n|t:|1701118669\n|switch|p1a: Manaphy|Manaphy|100\/100\n|turn|31\n|\n|t:|1701118675\n|move|p2a: Don't trust it...|Air Slash|p1a: Manaphy\n|-damage|p1a: Manaphy|30\/100\n|move|p1a: Manaphy|Take Heart|p1a: Manaphy\n|-boost|p1a: Manaphy|spa|1\n|-boost|p1a: Manaphy|spd|1\n|\n|-heal|p1a: Manaphy|36\/100|[from] item: Leftovers\n|upkeep\n|turn|32\n|\n|t:|1701118685\n|move|p2a: Don't trust it...|Air Slash|p1a: Manaphy\n|-damage|p1a: Manaphy|0 fnt\n|faint|p1a: Manaphy\n|\n|upkeep\n|\n|t:|1701118690\n|switch|p1a: Landorus|Landorus-Therian, M|100\/100\n|-ability|p1a: Landorus|Intimidate|boost\n|-immune|p2a: Don't trust it...\n|turn|33\n|\n|t:|1701118698\n|move|p2a: Don't trust it...|Air Slash|p1a: Landorus\n|-damage|p1a: Landorus|0 fnt\n|faint|p1a: Landorus\n|\n|upkeep\n|\n|t:|1701118703\n|switch|p1a: Kingambit|Kingambit, M|90\/100\n|-activate|p1a: Kingambit|ability: Supreme Overlord\n|-start|p1a: Kingambit|fallen3|[silent]\n|turn|34\n|-message|claviculacarvinc forfeited.\n|\n|win|Legendary crybaby\n|raw|claviculacarvinc's rating: 1139 &rarr; <strong>1111<\/strong><br \/>(-28 for losing)\n|raw|Legendary crybaby's rating: 1097 &rarr; <strong>1126<\/strong><br \/>(+29 for winning)\n|l|\u2606claviculacarvinc\n","uploadtime":1701118737,"views":20,"p1id":"claviculacarvinc","p2id":"legendarycrybaby","formatid":"gen9ou","rating":1111,"private":0,"password":""}