{"id":"gen9ou-1993136821","p1":"Broadledge","p2":"JimCF","format":"[Gen 9] OU","log":"|j|\u2606Broadledge\n|j|\u2606JimCF\n|t:|1700269126\n|gametype|singles\n|player|p1|Broadledge|169|\n|player|p2|JimCF|biker-gen4|\n|teamsize|p1|6\n|teamsize|p2|6\n|gen|9\n|tier|[Gen 9] OU\n|rule|Sleep Clause Mod: Limit one foe put to sleep\n|rule|Species Clause: Limit one of each Pok\u00e9mon\n|rule|OHKO Clause: OHKO moves are banned\n|rule|Evasion Items Clause: Evasion items are banned\n|rule|Evasion Moves Clause: Evasion moves are banned\n|rule|Endless Battle Clause: Forcing endless battles is banned\n|rule|HP Percentage Mod: HP is shown in percentages\n|clearpoke\n|poke|p1|Dragapult, F|\n|poke|p1|Gengar, M|\n|poke|p1|Grimmsnarl, M|\n|poke|p1|Hatterene, F|\n|poke|p1|Mimikyu, M|\n|poke|p1|Trevenant, M|\n|poke|p2|Ceruledge, F|\n|poke|p2|Dragapult, M|\n|poke|p2|Zapdos|\n|poke|p2|Samurott-Hisui, F|\n|poke|p2|Sneasler, M|\n|poke|p2|Sinistcha-Masterpiece|\n|teampreview\n|\n|t:|1700269153\n|start\n|switch|p1a: Grimmsnarl|Grimmsnarl, M|100\/100\n|switch|p2a: F\u00e9e|Sinistcha-Masterpiece|100\/100\n|turn|1\n|\n|t:|1700269166\n|move|p1a: Grimmsnarl|Light Screen|p1a: Grimmsnarl\n|-sidestart|p1: Broadledge|move: Light Screen\n|move|p2a: F\u00e9e|Calm Mind|p2a: F\u00e9e\n|-boost|p2a: F\u00e9e|spa|1\n|-boost|p2a: F\u00e9e|spd|1\n|\n|upkeep\n|turn|2\n|\n|t:|1700269173\n|-terastallize|p2a: F\u00e9e|Fairy\n|move|p2a: F\u00e9e|Calm Mind|p2a: F\u00e9e\n|-boost|p2a: F\u00e9e|spa|1\n|-boost|p2a: F\u00e9e|spd|1\n|move|p1a: Grimmsnarl|False Surrender|p2a: F\u00e9e\n|-resisted|p2a: F\u00e9e\n|-damage|p2a: F\u00e9e|88\/100\n|\n|-heal|p2a: F\u00e9e|94\/100|[from] item: Leftovers\n|upkeep\n|turn|3\n|\n|t:|1700269201\n|move|p2a: F\u00e9e|Calm Mind|p2a: F\u00e9e\n|-boost|p2a: F\u00e9e|spa|1\n|-boost|p2a: F\u00e9e|spd|1\n|move|p1a: Grimmsnarl|False Surrender|p2a: F\u00e9e\n|-resisted|p2a: F\u00e9e\n|-damage|p2a: F\u00e9e|81\/100\n|\n|-heal|p2a: F\u00e9e|87\/100|[from] item: Leftovers\n|upkeep\n|turn|4\n|\n|t:|1700269215\n|switch|p1a: Hatterene|Hatterene, F|100\/100\n|move|p2a: F\u00e9e|Calm Mind|p2a: F\u00e9e\n|-boost|p2a: F\u00e9e|spa|1\n|-boost|p2a: F\u00e9e|spd|1\n|\n|-heal|p2a: F\u00e9e|93\/100|[from] item: Leftovers\n|upkeep\n|turn|5\n|\n|t:|1700269232\n|move|p2a: F\u00e9e|Shadow Ball|p1a: Hatterene\n|-supereffective|p1a: Hatterene\n|-crit|p1a: Hatterene\n|-damage|p1a: Hatterene|0 fnt\n|faint|p1a: Hatterene\n|\n|-heal|p2a: F\u00e9e|99\/100|[from] item: Leftovers\n|upkeep\n|\n|t:|1700269240\n|switch|p1a: Trevenant|Trevenant, M|100\/100\n|turn|6\n|\n|t:|1700269254\n|move|p2a: F\u00e9e|Shadow Ball|p1a: Trevenant\n|-supereffective|p1a: Trevenant\n|-damage|p1a: Trevenant|23\/100\n|move|p1a: Trevenant|Earthquake|p2a: F\u00e9e\n|-damage|p2a: F\u00e9e|77\/100\n|\n|-heal|p2a: F\u00e9e|83\/100|[from] item: Leftovers\n|upkeep\n|turn|7\n|\n|t:|1700269271\n|move|p2a: F\u00e9e|Shadow Ball|p1a: Trevenant\n|-supereffective|p1a: Trevenant\n|-damage|p1a: Trevenant|0 fnt\n|faint|p1a: Trevenant\n|\n|-heal|p2a: F\u00e9e|89\/100|[from] item: Leftovers\n|upkeep\n|\n|t:|1700269279\n|switch|p1a: Mimikyu|Mimikyu, M|100\/100\n|turn|8\n|\n|t:|1700269285\n|move|p1a: Mimikyu|Swords Dance|p1a: Mimikyu\n|-boost|p1a: Mimikyu|atk|2\n|move|p2a: F\u00e9e|Shadow Ball|p1a: Mimikyu\n|-activate|p1a: Mimikyu|ability: Disguise\n|-damage|p1a: Mimikyu|100\/100\n|detailschange|p1a: Mimikyu|Mimikyu-Busted, M\n|-damage|p1a: Mimikyu|88\/100|[from] pokemon: Mimikyu-Busted\n|\n|-heal|p2a: F\u00e9e|95\/100|[from] item: Leftovers\n|-sideend|p1: Broadledge|move: Light Screen\n|upkeep\n|turn|9\n|\n|t:|1700269304\n|move|p1a: Mimikyu|Shadow Sneak|p2a: F\u00e9e\n|-damage|p2a: F\u00e9e|76\/100\n|move|p2a: F\u00e9e|Matcha Gotcha|p1a: Mimikyu\n|-damage|p1a: Mimikyu|0 fnt\n|-heal|p2a: F\u00e9e|100\/100|[from] drain|[of] p1a: Mimikyu\n|faint|p1a: Mimikyu\n|\n|upkeep\n|\n|t:|1700269314\n|switch|p1a: Grimmsnarl|Grimmsnarl, M|100\/100\n|turn|10\n|\n|t:|1700269319\n|move|p1a: Grimmsnarl|Light Screen|p1a: Grimmsnarl\n|-sidestart|p1: Broadledge|move: Light Screen\n|move|p2a: F\u00e9e|Shadow Ball|p1a: Grimmsnarl\n|-resisted|p1a: Grimmsnarl\n|-damage|p1a: Grimmsnarl|70\/100\n|\n|upkeep\n|turn|11\n|\n|t:|1700269330\n|switch|p1a: Gengar|Gengar, M|100\/100\n|move|p2a: F\u00e9e|Matcha Gotcha|p1a: Gengar\n|-resisted|p1a: Gengar\n|-crit|p1a: Gengar\n|-damage|p1a: Gengar|0 fnt\n|faint|p1a: Gengar\n|\n|upkeep\n|\n|t:|1700269339\n|switch|p1a: Dragapult|Dragapult, F|100\/100\n|turn|12\n|\n|t:|1700269345\n|move|p1a: Dragapult|Phantom Force||[still]\n|-prepare|p1a: Dragapult|Phantom Force\n|move|p2a: F\u00e9e|Shadow Ball|p1a: Dragapult|[miss]\n|-miss|p2a: F\u00e9e|p1a: Dragapult\n|\n|upkeep\n|turn|13\n|\n|t:|1700269351\n|move|p1a: Dragapult|Phantom Force|p2a: F\u00e9e|[from]lockedmove\n|-damage|p2a: F\u00e9e|71\/100\n|move|p2a: F\u00e9e|Shadow Ball|p1a: Dragapult\n|-supereffective|p1a: Dragapult\n|-damage|p1a: Dragapult|0 fnt\n|faint|p1a: Dragapult\n|\n|-heal|p2a: F\u00e9e|77\/100|[from] item: Leftovers\n|upkeep\n|\n|t:|1700269362\n|switch|p1a: Grimmsnarl|Grimmsnarl, M|70\/100\n|turn|14\n|\n|t:|1700269369\n|move|p2a: F\u00e9e|Shadow Ball|p1a: Grimmsnarl\n|-resisted|p1a: Grimmsnarl\n|-damage|p1a: Grimmsnarl|42\/100\n|move|p1a: Grimmsnarl|Play Rough|p2a: F\u00e9e\n|-damage|p2a: F\u00e9e|48\/100\n|\n|-heal|p2a: F\u00e9e|54\/100|[from] item: Leftovers\n|upkeep\n|turn|15\n|\n|t:|1700269379\n|move|p2a: F\u00e9e|Matcha Gotcha|p1a: Grimmsnarl\n|-damage|p1a: Grimmsnarl|0 fnt\n|-heal|p2a: F\u00e9e|75\/100|[from] drain|[of] p1a: Grimmsnarl\n|faint|p1a: Grimmsnarl\n|\n|win|JimCF\n","uploadtime":1700269392,"views":16,"p1id":"broadledge","p2id":"jimcf","formatid":"gen9ou","rating":0,"private":0,"password":""}