{"id":"gen9ou-1992462364","p1":"Hi fren hf","p2":"OkJuice42069","format":"[Gen 9] OU","log":"|j|\u2606Hi fren hf\n|j|\u2606OkJuice42069\n|t:|1700190533\n|gametype|singles\n|player|p1|Hi fren hf|265|1433\n|player|p2|OkJuice42069|policeman|1385\n|teamsize|p1|6\n|teamsize|p2|6\n|gen|9\n|tier|[Gen 9] OU\n|rated|\n|rule|Sleep Clause Mod: Limit one foe put to sleep\n|rule|Species Clause: Limit one of each Pok\u00e9mon\n|rule|OHKO Clause: OHKO moves are banned\n|rule|Evasion Items Clause: Evasion items are banned\n|rule|Evasion Moves Clause: Evasion moves are banned\n|rule|Endless Battle Clause: Forcing endless battles is banned\n|rule|HP Percentage Mod: HP is shown in percentages\n|clearpoke\n|poke|p1|Gholdengo|\n|poke|p1|Great Tusk|\n|poke|p1|Kingambit, F|\n|poke|p1|Ribombee, F|\n|poke|p1|Iron Moth|\n|poke|p1|Greninja-*, M|\n|poke|p2|Cinderace, M|\n|poke|p2|Ting-Lu|\n|poke|p2|Slowking-Galar, M|\n|poke|p2|Pelipper, F|\n|poke|p2|Barraskewda, M|\n|poke|p2|Rillaboom, M|\n|teampreview\n|inactive|Battle timer is ON: inactive players will automatically lose when time's up. (requested by Hi fren hf)\n|\n|t:|1700190559\n|start\n|switch|p1a: Ribombee|Ribombee, F|100\/100\n|switch|p2a: Ballin|Cinderace, M|100\/100\n|turn|1\n|\n|t:|1700190563\n|move|p1a: Ribombee|Stun Spore|p2a: Ballin\n|-status|p2a: Ballin|par\n|move|p2a: Ballin|U-turn|p1a: Ribombee\n|-start|p2a: Ballin|typechange|Bug|[from] ability: Libero\n|-resisted|p1a: Ribombee\n|-damage|p1a: Ribombee|75\/100\n|\n|t:|1700190570\n|switch|p2a: I like a moose|Ting-Lu|100\/100|[from] U-turn\n|-ability|p2a: I like a moose|Vessel of Ruin\n|\n|upkeep\n|turn|2\n|\n|t:|1700190576\n|switch|p2a: Ballin|Cinderace, M|100\/100 par\n|move|p1a: Ribombee|Stun Spore|p2a: Ballin\n|-fail|p2a: Ballin|par\n|\n|upkeep\n|turn|3\n|\n|t:|1700190584\n|move|p1a: Ribombee|U-turn|p2a: Ballin\n|-resisted|p2a: Ballin\n|-damage|p2a: Ballin|92\/100 par\n|j| llvm\n|\n|t:|1700190593\n|switch|p1a: Great Tusk|Great Tusk|100\/100|[from] U-turn\n|move|p2a: Ballin|Court Change||[still]\n|-start|p2a: Ballin|typechange|Normal|[from] ability: Libero\n|-swapsideconditions\n|-fail|p2a: Ballin\n|\n|upkeep\n|turn|4\n|\n|t:|1700190605\n|switch|p2a: Smash Mouth|Pelipper, F|100\/100\n|-weather|RainDance|[from] ability: Drizzle|[of] p2a: Smash Mouth\n|move|p1a: Great Tusk|Ice Spinner|p2a: Smash Mouth\n|-damage|p2a: Smash Mouth|79\/100\n|\n|-weather|RainDance|[upkeep]\n|upkeep\n|turn|5\n|l| llvm\n|\n|t:|1700190624\n|-end|p1a: Great Tusk|Protosynthesis|[silent]\n|switch|p1a: Ribombee|Ribombee, F|75\/100\n|move|p2a: Smash Mouth|U-turn|p1a: Ribombee\n|-resisted|p1a: Ribombee\n|-damage|p1a: Ribombee|65\/100\n|\n|t:|1700190627\n|switch|p2a: Fishe|Barraskewda, M|100\/100|[from] U-turn\n|\n|-weather|RainDance|[upkeep]\n|upkeep\n|turn|6\n|\n|t:|1700190630\n|move|p2a: Fishe|Flip Turn|p1a: Ribombee\n|-crit|p1a: Ribombee\n|-damage|p1a: Ribombee|0 fnt\n|faint|p1a: Ribombee\n|\n|t:|1700190635\n|switch|p2a: I like a moose|Ting-Lu|100\/100|[from] Flip Turn\n|-ability|p2a: I like a moose|Vessel of Ruin\n|\n|-weather|RainDance|[upkeep]\n|upkeep\n|\n|t:|1700190650\n|switch|p1a: Greninja|Greninja, M|100\/100\n|turn|7\n|\n|t:|1700190662\n|switch|p2a: Monker|Rillaboom, M|100\/100\n|-fieldstart|move: Grassy Terrain|[from] ability: Grassy Surge|[of] p2a: Monker\n|move|p1a: Greninja|Surf|p2a: Monker\n|-resisted|p2a: Monker\n|-damage|p2a: Monker|55\/100\n|-damage|p1a: Greninja|91\/100|[from] item: Life Orb\n|\n|-weather|RainDance|[upkeep]\n|-heal|p1a: Greninja|97\/100|[from] Grassy Terrain\n|-heal|p2a: Monker|62\/100|[from] Grassy Terrain\n|-heal|p2a: Monker|68\/100|[from] item: Leftovers\n|upkeep\n|turn|8\n|\n|t:|1700190668\n|-terastallize|p1a: Greninja|Poison\n|move|p1a: Greninja|Gunk Shot|p2a: Monker\n|-supereffective|p2a: Monker\n|-damage|p2a: Monker|0 fnt\n|faint|p2a: Monker\n|-ability|p1a: Greninja|Battle Bond|boost\n|-boost|p1a: Greninja|atk|1\n|-boost|p1a: Greninja|spa|1\n|-boost|p1a: Greninja|spe|1\n|-activate|p1a: Greninja|ability: Battle Bond\n|-damage|p1a: Greninja|87\/100|[from] item: Life Orb\n|\n|-weather|RainDance|[upkeep]\n|-heal|p1a: Greninja|93\/100|[from] Grassy Terrain\n|upkeep\n|\n|t:|1700190674\n|switch|p2a: Fishe|Barraskewda, M|100\/100\n|turn|9\n|\n|t:|1700190696\n|switch|p1a: Iron Moth|Iron Moth|100\/100\n|-enditem|p1a: Iron Moth|Booster Energy\n|-activate|p1a: Iron Moth|ability: Quark Drive|[fromitem]\n|-start|p1a: Iron Moth|quarkdrivespa\n|move|p2a: Fishe|Liquidation|p1a: Iron Moth\n|-supereffective|p1a: Iron Moth\n|-damage|p1a: Iron Moth|0 fnt\n|faint|p1a: Iron Moth\n|-end|p1a: Iron Moth|Quark Drive|[silent]\n|\n|-weather|RainDance|[upkeep]\n|upkeep\n|c|\u2606OkJuice42069|very cool greninja\n|c|\u2606OkJuice42069|now go back\n|\n|t:|1700190709\n|switch|p1a: Kingambit|Kingambit, F|100\/100\n|-activate|p1a: Kingambit|ability: Supreme Overlord\n|-start|p1a: Kingambit|fallen2|[silent]\n|turn|10\n|\n|t:|1700190713\n|switch|p2a: I like a moose|Ting-Lu|100\/100\n|-ability|p2a: I like a moose|Vessel of Ruin\n|move|p1a: Kingambit|Swords Dance|p1a: Kingambit\n|-boost|p1a: Kingambit|atk|2\n|\n|-weather|RainDance|[upkeep]\n|upkeep\n|turn|11\n|\n|t:|1700190721\n|move|p1a: Kingambit|Iron Head|p2a: I like a moose\n|-damage|p2a: I like a moose|54\/100\n|move|p2a: I like a moose|Whirlwind|p1a: Kingambit\n|-end|p1a: Kingambit|fallen2|[silent]\n|drag|p1a: Great Tusk|Great Tusk|100\/100\n|\n|-weather|none\n|-heal|p2a: I like a moose|60\/100|[from] Grassy Terrain\n|-heal|p2a: I like a moose|67\/100|[from] item: Leftovers\n|-fieldend|move: Grassy Terrain\n|upkeep\n|turn|12\n|\n|t:|1700190737\n|switch|p2a: Smash Mouth|Pelipper, F|79\/100\n|-weather|RainDance|[from] ability: Drizzle|[of] p2a: Smash Mouth\n|move|p1a: Great Tusk|Close Combat|p2a: Smash Mouth\n|-resisted|p2a: Smash Mouth\n|-damage|p2a: Smash Mouth|57\/100\n|-unboost|p1a: Great Tusk|def|1\n|-unboost|p1a: Great Tusk|spd|1\n|\n|-weather|RainDance|[upkeep]\n|upkeep\n|turn|13\n|\n|t:|1700190747\n|move|p1a: Great Tusk|Ice Spinner|p2a: Smash Mouth\n|-damage|p2a: Smash Mouth|35\/100\n|move|p2a: Smash Mouth|Weather Ball|p1a: Great Tusk\n|-supereffective|p1a: Great Tusk\n|-damage|p1a: Great Tusk|0 fnt\n|faint|p1a: Great Tusk\n|-end|p1a: Great Tusk|Protosynthesis|[silent]\n|\n|-weather|RainDance|[upkeep]\n|upkeep\n|\n|t:|1700190752\n|switch|p1a: Gholdengo|Gholdengo|100\/100\n|-item|p1a: Gholdengo|Air Balloon\n|turn|14\n|\n|t:|1700190758\n|move|p1a: Gholdengo|Shadow Ball|p2a: Smash Mouth\n|-damage|p2a: Smash Mouth|0 fnt\n|faint|p2a: Smash Mouth\n|\n|-weather|RainDance|[upkeep]\n|upkeep\n|\n|t:|1700190760\n|switch|p2a: Fishe|Barraskewda, M|100\/100\n|turn|15\n|\n|t:|1700190763\n|move|p2a: Fishe|Flip Turn|p1a: Gholdengo\n|-damage|p1a: Gholdengo|21\/100\n|-enditem|p1a: Gholdengo|Air Balloon\n|\n|t:|1700190770\n|switch|p2a: Ballin|Cinderace, M|92\/100 par|[from] Flip Turn\n|move|p1a: Gholdengo|Shadow Ball|p2a: Ballin\n|-damage|p2a: Ballin|33\/100 par\n|\n|-weather|RainDance|[upkeep]\n|upkeep\n|turn|16\n|\n|t:|1700190775\n|move|p1a: Gholdengo|Shadow Ball|p2a: Ballin\n|-damage|p2a: Ballin|0 fnt\n|faint|p2a: Ballin\n|\n|-weather|RainDance|[upkeep]\n|upkeep\n|\n|t:|1700190777\n|switch|p2a: Fishe|Barraskewda, M|100\/100\n|turn|17\n|\n|t:|1700190780\n|move|p2a: Fishe|Liquidation|p1a: Gholdengo\n|-damage|p1a: Gholdengo|0 fnt\n|faint|p1a: Gholdengo\n|\n|-weather|RainDance|[upkeep]\n|upkeep\n|\n|t:|1700190792\n|switch|p1a: Greninja|Greninja, M, tera:Poison|93\/100\n|turn|18\n|\n|t:|1700190797\n|move|p1a: Greninja|Water Shuriken|p2a: Fishe\n|-resisted|p2a: Fishe\n|-damage|p2a: Fishe|86\/100\n|-resisted|p2a: Fishe\n|-damage|p2a: Fishe|70\/100\n|-resisted|p2a: Fishe\n|-damage|p2a: Fishe|53\/100\n|-hitcount|p2a: Fishe|3\n|-damage|p1a: Greninja|83\/100|[from] item: Life Orb\n|move|p2a: Fishe|Liquidation|p1a: Greninja\n|-damage|p1a: Greninja|0 fnt\n|faint|p1a: Greninja\n|\n|-weather|RainDance|[upkeep]\n|upkeep\n|\n|t:|1700190801\n|switch|p1a: Kingambit|Kingambit, F|100\/100\n|-activate|p1a: Kingambit|ability: Supreme Overlord\n|-start|p1a: Kingambit|fallen5|[silent]\n|turn|19\n|\n|t:|1700190804\n|move|p2a: Fishe|Liquidation|p1a: Kingambit\n|-damage|p1a: Kingambit|29\/100\n|move|p1a: Kingambit|Swords Dance|p1a: Kingambit\n|-boost|p1a: Kingambit|atk|2\n|\n|-weather|none\n|-heal|p1a: Kingambit|35\/100|[from] item: Leftovers\n|upkeep\n|turn|20\n|\n|t:|1700190812\n|move|p2a: Fishe|Liquidation|p1a: Kingambit\n|-damage|p1a: Kingambit|0 fnt\n|faint|p1a: Kingambit\n|-end|p1a: Kingambit|fallen5|[silent]\n|\n|win|OkJuice42069\n|raw|Hi fren hf's rating: 1433 &rarr; <strong>1410<\/strong><br \/>(-23 for losing)\n|raw|OkJuice42069's rating: 1385 &rarr; <strong>1408<\/strong><br \/>(+23 for winning)\n|c|\u2606OkJuice42069|gg\n|l|\u2606Hi fren hf\n","uploadtime":1700190828,"views":8,"p1id":"hifrenhf","p2id":"okjuice42069","formatid":"gen9ou","rating":1408,"private":0,"password":""}