{"id":"gen9ou-1995892683","p1":"Neystha","p2":"HawthorneSouthside","format":"[Gen 9] OU","log":"|j|\u2606Neystha\n|j|\u2606HawthorneSouthside\n|t:|1700614361\n|gametype|singles\n|player|p1|Neystha|cynthia|1173\n|player|p2|HawthorneSouthside|janitor|1265\n|teamsize|p1|6\n|teamsize|p2|6\n|gen|9\n|tier|[Gen 9] OU\n|rated|\n|rule|Sleep Clause Mod: Limit one foe put to sleep\n|rule|Species Clause: Limit one of each Pok\u00e9mon\n|rule|OHKO Clause: OHKO moves are banned\n|rule|Evasion Items Clause: Evasion items are banned\n|rule|Evasion Moves Clause: Evasion moves are banned\n|rule|Endless Battle Clause: Forcing endless battles is banned\n|rule|HP Percentage Mod: HP is shown in percentages\n|clearpoke\n|poke|p1|Torkoal, F|\n|poke|p1|Walking Wake|\n|poke|p1|Hatterene, F|\n|poke|p1|Zamazenta-*|\n|poke|p1|Ting-Lu|\n|poke|p1|Iron Valiant|\n|poke|p2|Rillaboom, F|\n|poke|p2|Ogerpon-Wellspring, F|\n|poke|p2|Zarude|\n|poke|p2|Ceruledge, M|\n|poke|p2|Hawlucha, M|\n|poke|p2|Gholdengo|\n|teampreview\n|j| MrPr1ce\n|inactive|Battle timer is ON: inactive players will automatically lose when time's up. (requested by HawthorneSouthside)\n|\n|t:|1700614400\n|start\n|switch|p1a: Geekosaur|Torkoal, F, shiny|100\/100\n|switch|p2a: Gholdengo|Gholdengo|100\/100\n|-weather|SunnyDay|[from] ability: Drought|[of] p1a: Geekosaur\n|turn|1\n|inactive|HawthorneSouthside has 120 seconds left.\n|\n|t:|1700614435\n|move|p2a: Gholdengo|Shadow Ball|p1a: Geekosaur\n|-damage|p1a: Geekosaur|51\/100\n|move|p1a: Geekosaur|Stealth Rock|p2a: Gholdengo\n|-sidestart|p2: HawthorneSouthside|move: Stealth Rock\n|\n|-weather|SunnyDay|[upkeep]\n|upkeep\n|turn|2\n|\n|t:|1700614451\n|move|p2a: Gholdengo|Shadow Ball|p1a: Geekosaur\n|-damage|p1a: Geekosaur|7\/100\n|-unboost|p1a: Geekosaur|spd|1\n|move|p1a: Geekosaur|Lava Plume|p2a: Gholdengo\n|-supereffective|p2a: Gholdengo\n|-damage|p2a: Gholdengo|30\/100\n|\n|-weather|SunnyDay|[upkeep]\n|upkeep\n|turn|3\n|inactive|HawthorneSouthside has 120 seconds left.\n|\n|t:|1700614469\n|switch|p1a: Atomisataur|Walking Wake|100\/100\n|-activate|p1a: Atomisataur|ability: Protosynthesis\n|-start|p1a: Atomisataur|protosynthesisspa\n|move|p2a: Gholdengo|Shadow Ball|p1a: Atomisataur\n|-damage|p1a: Atomisataur|58\/100\n|\n|-weather|SunnyDay|[upkeep]\n|upkeep\n|turn|4\n|inactive|HawthorneSouthside has 120 seconds left.\n|\n|t:|1700614487\n|move|p1a: Atomisataur|Hydro Steam|p2a: Gholdengo\n|-damage|p2a: Gholdengo|0 fnt\n|faint|p2a: Gholdengo\n|\n|-weather|SunnyDay|[upkeep]\n|upkeep\n|\n|t:|1700614489\n|switch|p2a: Rillaboom|Rillaboom, F|100\/100\n|-damage|p2a: Rillaboom|88\/100|[from] Stealth Rock\n|-fieldstart|move: Grassy Terrain|[from] ability: Grassy Surge|[of] p2a: Rillaboom\n|turn|5\n|\n|t:|1700614505\n|move|p1a: Atomisataur|Hydro Steam|p2a: Rillaboom\n|-resisted|p2a: Rillaboom\n|-damage|p2a: Rillaboom|37\/100\n|move|p2a: Rillaboom|U-turn|p1a: Atomisataur\n|-damage|p1a: Atomisataur|12\/100\n|\n|t:|1700614514\n|switch|p2a: Hawlucha|Hawlucha, M|100\/100|[from] U-turn\n|-damage|p2a: Hawlucha|88\/100|[from] Stealth Rock\n|-enditem|p2a: Hawlucha|Grassy Seed\n|-boost|p2a: Hawlucha|def|1|[from] item: Grassy Seed\n|\n|-weather|SunnyDay|[upkeep]\n|-heal|p1a: Atomisataur|18\/100|[from] Grassy Terrain\n|upkeep\n|turn|6\n|\n|t:|1700614525\n|move|p2a: Hawlucha|Drain Punch|p1a: Atomisataur\n|-damage|p1a: Atomisataur|0 fnt\n|-heal|p2a: Hawlucha|97\/100|[from] drain|[of] p1a: Atomisataur\n|faint|p1a: Atomisataur\n|-end|p1a: Atomisataur|Protosynthesis|[silent]\n|\n|-weather|SunnyDay|[upkeep]\n|upkeep\n|inactive|Neystha has 120 seconds left.\n|\n|t:|1700614555\n|switch|p1a: Shieldausaur|Zamazenta|100\/100\n|-ability|p1a: Shieldausaur|Dauntless Shield|boost\n|-boost|p1a: Shieldausaur|def|1\n|turn|7\n|\n|t:|1700614574\n|move|p2a: Hawlucha|Acrobatics|p1a: Shieldausaur\n|-supereffective|p1a: Shieldausaur\n|-damage|p1a: Shieldausaur|57\/100\n|move|p1a: Shieldausaur|Iron Defense|p1a: Shieldausaur\n|-boost|p1a: Shieldausaur|def|2\n|\n|-weather|SunnyDay|[upkeep]\n|-heal|p1a: Shieldausaur|63\/100|[from] Grassy Terrain\n|-heal|p1a: Shieldausaur|69\/100|[from] item: Leftovers\n|upkeep\n|turn|8\n|\n|t:|1700614588\n|move|p2a: Hawlucha|Swords Dance|p2a: Hawlucha\n|-boost|p2a: Hawlucha|atk|2\n|move|p1a: Shieldausaur|Body Press|p2a: Hawlucha\n|-resisted|p2a: Hawlucha\n|-damage|p2a: Hawlucha|57\/100\n|\n|-weather|none\n|-heal|p1a: Shieldausaur|75\/100|[from] Grassy Terrain\n|-heal|p1a: Shieldausaur|81\/100|[from] item: Leftovers\n|upkeep\n|turn|9\n|\n|t:|1700614610\n|move|p2a: Hawlucha|Swords Dance|p2a: Hawlucha\n|-boost|p2a: Hawlucha|atk|2\n|move|p1a: Shieldausaur|Body Press|p2a: Hawlucha\n|-resisted|p2a: Hawlucha\n|-damage|p2a: Hawlucha|19\/100\n|\n|-heal|p1a: Shieldausaur|88\/100|[from] Grassy Terrain\n|-heal|p1a: Shieldausaur|94\/100|[from] item: Leftovers\n|-fieldend|move: Grassy Terrain\n|upkeep\n|turn|10\n|inactive|HawthorneSouthside has 120 seconds left.\n|\n|t:|1700614638\n|move|p2a: Hawlucha|Acrobatics|p1a: Shieldausaur\n|-supereffective|p1a: Shieldausaur\n|-damage|p1a: Shieldausaur|13\/100\n|move|p1a: Shieldausaur|Body Press|p2a: Hawlucha\n|-resisted|p2a: Hawlucha\n|-damage|p2a: Hawlucha|0 fnt\n|faint|p2a: Hawlucha\n|\n|-heal|p1a: Shieldausaur|19\/100|[from] item: Leftovers\n|upkeep\n|inactive|HawthorneSouthside has 120 seconds left.\n|\n|t:|1700614653\n|switch|p2a: Ceruledge|Ceruledge, M|100\/100\n|turn|11\n|\n|t:|1700614669\n|move|p1a: Shieldausaur|Crunch|p2a: Ceruledge\n|-supereffective|p2a: Ceruledge\n|-damage|p2a: Ceruledge|52\/100\n|-unboost|p2a: Ceruledge|def|1\n|move|p2a: Ceruledge|Bulk Up|p2a: Ceruledge\n|-boost|p2a: Ceruledge|atk|1\n|-boost|p2a: Ceruledge|def|1\n|\n|-heal|p1a: Shieldausaur|25\/100|[from] item: Leftovers\n|upkeep\n|turn|12\n|inactive|HawthorneSouthside has 120 seconds left.\n|inactive|Neystha has 90 seconds left.\n|\n|t:|1700614694\n|move|p1a: Shieldausaur|Crunch|p2a: Ceruledge\n|-supereffective|p2a: Ceruledge\n|-damage|p2a: Ceruledge|1\/100\n|-unboost|p2a: Ceruledge|def|1\n|move|p2a: Ceruledge|Bitter Blade|p1a: Shieldausaur\n|-damage|p1a: Shieldausaur|5\/100\n|-heal|p2a: Ceruledge|11\/100|[from] drain|[of] p1a: Shieldausaur\n|\n|-heal|p1a: Shieldausaur|11\/100|[from] item: Leftovers\n|upkeep\n|turn|13\n|inactive|Neystha has 90 seconds left.\n|\n|t:|1700614706\n|move|p2a: Ceruledge|Shadow Sneak|p1a: Shieldausaur\n|-damage|p1a: Shieldausaur|3\/100\n|move|p1a: Shieldausaur|Crunch|p2a: Ceruledge\n|-supereffective|p2a: Ceruledge\n|-damage|p2a: Ceruledge|0 fnt\n|faint|p2a: Ceruledge\n|\n|-heal|p1a: Shieldausaur|9\/100|[from] item: Leftovers\n|upkeep\n|\n|t:|1700614711\n|switch|p2a: Rillaboom|Rillaboom, F|37\/100\n|-damage|p2a: Rillaboom|25\/100|[from] Stealth Rock\n|-fieldstart|move: Grassy Terrain|[from] ability: Grassy Surge|[of] p2a: Rillaboom\n|turn|14\n|inactive|Neystha has 90 seconds left.\n|\n|t:|1700614725\n|move|p2a: Rillaboom|Grassy Glide|p1a: Shieldausaur\n|-damage|p1a: Shieldausaur|0 fnt\n|faint|p1a: Shieldausaur\n|\n|-heal|p2a: Rillaboom|31\/100|[from] Grassy Terrain\n|upkeep\n|inactive|Neystha has 90 seconds left.\n|\n|t:|1700614744\n|switch|p1a: Punchosaur|Iron Valiant|100\/100\n|-enditem|p1a: Punchosaur|Booster Energy\n|-activate|p1a: Punchosaur|ability: Quark Drive|[fromitem]\n|-start|p1a: Punchosaur|quarkdrivespe\n|turn|15\n|inactive|HawthorneSouthside has 120 seconds left.\n|\n|t:|1700614773\n|move|p2a: Rillaboom|Grassy Glide|p1a: Punchosaur\n|-damage|p1a: Punchosaur|21\/100\n|move|p1a: Punchosaur|Spirit Break|p2a: Rillaboom\n|-damage|p2a: Rillaboom|0 fnt\n|faint|p2a: Rillaboom\n|\n|-heal|p1a: Punchosaur|27\/100|[from] Grassy Terrain\n|upkeep\n|\n|t:|1700614788\n|switch|p2a: Zarude|Zarude|100\/100\n|-damage|p2a: Zarude|88\/100|[from] Stealth Rock\n|turn|16\n|\n|t:|1700614801\n|-terastallize|p2a: Zarude|Fire\n|move|p1a: Punchosaur|Close Combat|p2a: Zarude\n|-damage|p2a: Zarude|27\/100\n|-unboost|p1a: Punchosaur|def|1\n|-unboost|p1a: Punchosaur|spd|1\n|move|p2a: Zarude|Trailblaze|p1a: Punchosaur\n|-damage|p1a: Punchosaur|0 fnt\n|-boost|p2a: Zarude|spe|1\n|faint|p1a: Punchosaur\n|-end|p1a: Punchosaur|Quark Drive|[silent]\n|-damage|p2a: Zarude|17\/100|[from] item: Life Orb\n|\n|-heal|p2a: Zarude|23\/100|[from] Grassy Terrain\n|upkeep\n|inactive|Neystha has 90 seconds left.\n|\n|t:|1700614825\n|switch|p1a: Staticosaur|Ting-Lu|100\/100\n|-ability|p1a: Staticosaur|Vessel of Ruin\n|turn|17\n|\n|t:|1700614837\n|move|p2a: Zarude|Drain Punch|p1a: Staticosaur\n|-supereffective|p1a: Staticosaur\n|-damage|p1a: Staticosaur|63\/100\n|-heal|p2a: Zarude|50\/100|[from] drain|[of] p1a: Staticosaur\n|-damage|p2a: Zarude|40\/100|[from] item: Life Orb\n|move|p1a: Staticosaur|Whirlwind|p2a: Zarude\n|drag|p2a: Ogerpon|Ogerpon-Wellspring, F|100\/100\n|-damage|p2a: Ogerpon|88\/100|[from] Stealth Rock\n|\n|-heal|p2a: Ogerpon|94\/100|[from] Grassy Terrain\n|-heal|p1a: Staticosaur|69\/100|[from] Grassy Terrain\n|-heal|p1a: Staticosaur|76\/100|[from] item: Leftovers\n|upkeep\n|turn|18\n|\n|t:|1700614852\n|move|p2a: Ogerpon|Swords Dance|p2a: Ogerpon\n|-boost|p2a: Ogerpon|atk|2\n|move|p1a: Staticosaur|Whirlwind|p2a: Ogerpon\n|drag|p2a: Zarude|Zarude, tera:Fire|40\/100\n|-damage|p2a: Zarude|15\/100|[from] Stealth Rock\n|\n|-heal|p2a: Zarude|21\/100|[from] Grassy Terrain\n|-heal|p1a: Staticosaur|82\/100|[from] Grassy Terrain\n|-heal|p1a: Staticosaur|88\/100|[from] item: Leftovers\n|-fieldend|move: Grassy Terrain\n|upkeep\n|turn|19\n|\n|t:|1700614864\n|move|p2a: Zarude|Knock Off|p1a: Staticosaur\n|-resisted|p1a: Staticosaur\n|-damage|p1a: Staticosaur|71\/100\n|-enditem|p1a: Staticosaur|Leftovers|[from] move: Knock Off|[of] p2a: Zarude\n|-damage|p2a: Zarude|11\/100|[from] item: Life Orb\n|move|p1a: Staticosaur|Whirlwind|p2a: Zarude\n|drag|p2a: Ogerpon|Ogerpon-Wellspring, F|94\/100\n|-damage|p2a: Ogerpon|82\/100|[from] Stealth Rock\n|\n|upkeep\n|turn|20\n|\n|t:|1700614879\n|move|p2a: Ogerpon|Horn Leech|p1a: Staticosaur\n|-supereffective|p1a: Staticosaur\n|-damage|p1a: Staticosaur|25\/100\n|-heal|p2a: Ogerpon|100\/100|[from] drain|[of] p1a: Staticosaur\n|move|p1a: Staticosaur|Earthquake|p2a: Ogerpon\n|-resisted|p2a: Ogerpon\n|-damage|p2a: Ogerpon|75\/100\n|\n|upkeep\n|turn|21\n|\n|t:|1700614897\n|move|p2a: Ogerpon|Swords Dance|p2a: Ogerpon\n|-boost|p2a: Ogerpon|atk|2\n|move|p1a: Staticosaur|Ruination|p2a: Ogerpon\n|-damage|p2a: Ogerpon|38\/100\n|\n|upkeep\n|turn|22\n|\n|t:|1700614911\n|move|p2a: Ogerpon|Horn Leech|p1a: Staticosaur\n|-supereffective|p1a: Staticosaur\n|-damage|p1a: Staticosaur|0 fnt\n|-heal|p2a: Ogerpon|59\/100|[from] drain|[of] p1a: Staticosaur\n|faint|p1a: Staticosaur\n|\n|upkeep\n|\n|t:|1700614923\n|switch|p1a: Absorbataur|Hatterene, F|100\/100\n|turn|23\n|\n|t:|1700614934\n|move|p2a: Ogerpon|Substitute|p2a: Ogerpon\n|-start|p2a: Ogerpon|Substitute\n|-damage|p2a: Ogerpon|34\/100\n|move|p1a: Absorbataur|Draining Kiss|p2a: Ogerpon\n|-end|p2a: Ogerpon|Substitute\n|\n|upkeep\n|turn|24\n|\n|t:|1700614941\n|move|p2a: Ogerpon|Horn Leech|p1a: Absorbataur\n|-damage|p1a: Absorbataur|0 fnt\n|-heal|p2a: Ogerpon|87\/100|[from] drain|[of] p1a: Absorbataur\n|faint|p1a: Absorbataur\n|\n|upkeep\n|\n|t:|1700614948\n|switch|p1a: Geekosaur|Torkoal, F, shiny|7\/100\n|-weather|SunnyDay|[from] ability: Drought|[of] p1a: Geekosaur\n|turn|25\n|\n|t:|1700614965\n|move|p2a: Ogerpon|Ivy Cudgel|p1a: Geekosaur|[anim] Ivy Cudgel Water\n|-supereffective|p1a: Geekosaur\n|-damage|p1a: Geekosaur|0 fnt\n|faint|p1a: Geekosaur\n|\n|win|HawthorneSouthside\n|raw|Neystha's rating: 1173 &rarr; <strong>1154<\/strong><br \/>(-19 for losing)\n|raw|HawthorneSouthside's rating: 1265 &rarr; <strong>1284<\/strong><br \/>(+19 for winning)\n|c|\u2606HawthorneSouthside|gg\n","uploadtime":1700614971,"views":7,"p1id":"neystha","p2id":"hawthornesouthside","formatid":"gen9ou","rating":1154,"private":0,"password":""}