{"id":"gen9ou-1993452232","p1":"DrowzeeChaperone","p2":"It's classified","format":"[Gen 9] OU","log":"|j|\u2606DrowzeeChaperone\n|j|\u2606It's classified\n|t:|1700319658\n|gametype|singles\n|player|p1|DrowzeeChaperone|workerice|1541\n|player|p2|It's classified|pokemonranger-gen4|1542\n|teamsize|p1|6\n|teamsize|p2|6\n|gen|9\n|tier|[Gen 9] OU\n|rated|\n|rule|Sleep Clause Mod: Limit one foe put to sleep\n|rule|Species Clause: Limit one of each Pok\u00e9mon\n|rule|OHKO Clause: OHKO moves are banned\n|rule|Evasion Items Clause: Evasion items are banned\n|rule|Evasion Moves Clause: Evasion moves are banned\n|rule|Endless Battle Clause: Forcing endless battles is banned\n|rule|HP Percentage Mod: HP is shown in percentages\n|clearpoke\n|poke|p1|Munkidori, M|\n|poke|p1|Kingambit, M|\n|poke|p1|Ogerpon-Wellspring, F|\n|poke|p1|Donphan, M|\n|poke|p1|Rotom-Wash|\n|poke|p1|Chandelure, F|\n|poke|p2|Ceruledge, M|\n|poke|p2|Ninetales-Alola, M|\n|poke|p2|Iron Valiant|\n|poke|p2|Great Tusk|\n|poke|p2|Manaphy|\n|poke|p2|Kingambit, M|\n|teampreview\n|inactive|Battle timer is ON: inactive players will automatically lose when time's up. (requested by It's classified)\n|\n|t:|1700319665\n|start\n|switch|p1a: Munkidori|Munkidori, M|100\/100\n|switch|p2a: Ninetales|Ninetales-Alola, M|100\/100\n|-weather|Snow|[from] ability: Snow Warning|[of] p2a: Ninetales\n|turn|1\n|\n|t:|1700319673\n|move|p1a: Munkidori|Sludge Wave|p2a: Ninetales\n|-supereffective|p2a: Ninetales\n|-damage|p2a: Ninetales|1\/100\n|-status|p2a: Ninetales|tox|[from] ability: Toxic Chain|[of] p1a: Munkidori\n|move|p2a: Ninetales|Aurora Veil|p2a: Ninetales\n|-sidestart|p2: It's classified|move: Aurora Veil\n|\n|-weather|Snow|[upkeep]\n|-damage|p2a: Ninetales|0 fnt|[from] psn\n|faint|p2a: Ninetales\n|upkeep\n|\n|t:|1700319684\n|switch|p2a: Kingambit|Kingambit, M|100\/100\n|-activate|p2a: Kingambit|ability: Supreme Overlord\n|-start|p2a: Kingambit|fallen1|[silent]\n|turn|2\n|\n|t:|1700319690\n|switch|p1a: Rotom|Rotom-Wash|100\/100\n|move|p2a: Kingambit|Swords Dance|p2a: Kingambit\n|-boost|p2a: Kingambit|atk|2\n|\n|-weather|Snow|[upkeep]\n|upkeep\n|turn|3\n|\n|t:|1700319694\n|move|p1a: Rotom|Thunder Wave|p2a: Kingambit\n|-status|p2a: Kingambit|par\n|-enditem|p2a: Kingambit|Lum Berry|[eat]\n|-curestatus|p2a: Kingambit|par|[msg]\n|move|p2a: Kingambit|Kowtow Cleave|p1a: Rotom\n|-damage|p1a: Rotom|0 fnt\n|faint|p1a: Rotom\n|\n|-weather|Snow|[upkeep]\n|upkeep\n|\n|t:|1700319712\n|switch|p1a: Donphan|Donphan, M, shiny|100\/100\n|turn|4\n|\n|t:|1700319721\n|move|p2a: Kingambit|Kowtow Cleave|p1a: Donphan\n|-damage|p1a: Donphan|16\/100\n|move|p1a: Donphan|Earthquake|p2a: Kingambit\n|-supereffective|p2a: Kingambit\n|-damage|p2a: Kingambit|63\/100\n|\n|-weather|Snow|[upkeep]\n|upkeep\n|turn|5\n|\n|t:|1700319730\n|move|p1a: Donphan|Ice Shard|p2a: Kingambit\n|-resisted|p2a: Kingambit\n|-damage|p2a: Kingambit|61\/100\n|move|p2a: Kingambit|Kowtow Cleave|p1a: Donphan\n|-damage|p1a: Donphan|0 fnt\n|faint|p1a: Donphan\n|\n|-weather|none\n|upkeep\n|inactive|DrowzeeChaperone has 120 seconds left.\n|\n|t:|1700319772\n|switch|p1a: Munkidori|Munkidori, M|100\/100\n|turn|6\n|\n|t:|1700319774\n|-terastallize|p1a: Munkidori|Fighting\n|move|p2a: Kingambit|Sucker Punch|p1a: Munkidori\n|-resisted|p1a: Munkidori\n|-damage|p1a: Munkidori|32\/100\n|move|p1a: Munkidori|Focus Blast|p2a: Kingambit\n|-supereffective|p2a: Kingambit\n|-crit|p2a: Kingambit\n|-damage|p2a: Kingambit|0 fnt\n|faint|p2a: Kingambit\n|-end|p2a: Kingambit|fallen1|[silent]\n|\n|upkeep\n|\n|t:|1700319784\n|switch|p2a: Ceruledge|Ceruledge, M|100\/100\n|-item|p2a: Ceruledge|Air Balloon\n|turn|7\n|\n|t:|1700319789\n|switch|p1a: Chandelure|Chandelure, F|100\/100\n|move|p2a: Ceruledge|Swords Dance|p2a: Ceruledge\n|-boost|p2a: Ceruledge|atk|2\n|\n|upkeep\n|turn|8\n|\n|t:|1700319795\n|move|p1a: Chandelure|Shadow Ball|p2a: Ceruledge\n|-supereffective|p2a: Ceruledge\n|-damage|p2a: Ceruledge|0 fnt\n|-enditem|p2a: Ceruledge|Air Balloon\n|faint|p2a: Ceruledge\n|\n|-sideend|p2: It's classified|move: Aurora Veil\n|upkeep\n|\n|t:|1700319806\n|switch|p2a: Manaphy|Manaphy, shiny|100\/100\n|turn|9\n|\n|t:|1700319812\n|move|p1a: Chandelure|Shadow Ball|p2a: Manaphy\n|-damage|p2a: Manaphy|58\/100\n|move|p2a: Manaphy|Take Heart|p2a: Manaphy\n|-boost|p2a: Manaphy|spa|1\n|-boost|p2a: Manaphy|spd|1\n|\n|-heal|p2a: Manaphy|64\/100|[from] item: Leftovers\n|upkeep\n|turn|10\n|\n|t:|1700319817\n|move|p1a: Chandelure|Shadow Ball|p2a: Manaphy\n|-damage|p2a: Manaphy|38\/100\n|move|p2a: Manaphy|Scald|p1a: Chandelure\n|-supereffective|p1a: Chandelure\n|-damage|p1a: Chandelure|0 fnt\n|faint|p1a: Chandelure\n|\n|-heal|p2a: Manaphy|45\/100|[from] item: Leftovers\n|upkeep\n|\n|t:|1700319821\n|switch|p1a: Ogerpon|Ogerpon-Wellspring, F|100\/100\n|turn|11\n|\n|t:|1700319825\n|-terastallize|p2a: Manaphy|Poison\n|move|p1a: Ogerpon|Horn Leech|p2a: Manaphy\n|-resisted|p2a: Manaphy\n|-damage|p2a: Manaphy|30\/100\n|move|p2a: Manaphy|Acid Armor|p2a: Manaphy\n|-boost|p2a: Manaphy|def|2\n|\n|-heal|p2a: Manaphy|36\/100|[from] item: Leftovers\n|upkeep\n|turn|12\n|\n|t:|1700319830\n|move|p1a: Ogerpon|Ivy Cudgel|p2a: Manaphy|[anim] Ivy Cudgel Water\n|-damage|p2a: Manaphy|16\/100\n|move|p2a: Manaphy|Stored Power|p1a: Ogerpon\n|-damage|p1a: Ogerpon|57\/100\n|\n|-heal|p2a: Manaphy|22\/100|[from] item: Leftovers\n|upkeep\n|turn|13\n|\n|t:|1700319834\n|move|p1a: Ogerpon|Ivy Cudgel|p2a: Manaphy|[anim] Ivy Cudgel Water\n|-damage|p2a: Manaphy|1\/100\n|move|p2a: Manaphy|Stored Power|p1a: Ogerpon\n|-damage|p1a: Ogerpon|14\/100\n|\n|-heal|p2a: Manaphy|7\/100|[from] item: Leftovers\n|upkeep\n|turn|14\n|\n|t:|1700319837\n|move|p1a: Ogerpon|Ivy Cudgel|p2a: Manaphy|[anim] Ivy Cudgel Water\n|-damage|p2a: Manaphy|0 fnt\n|faint|p2a: Manaphy\n|\n|upkeep\n|\n|t:|1700319839\n|switch|p2a: Iron Valiant|Iron Valiant|100\/100\n|-enditem|p2a: Iron Valiant|Booster Energy\n|-activate|p2a: Iron Valiant|ability: Quark Drive|[fromitem]\n|-start|p2a: Iron Valiant|quarkdrivespe\n|turn|15\n|\n|t:|1700319847\n|switch|p1a: Munkidori|Munkidori, M, tera:Fighting|32\/100\n|move|p2a: Iron Valiant|Thunderbolt|p1a: Munkidori\n|-damage|p1a: Munkidori|0 fnt\n|faint|p1a: Munkidori\n|\n|upkeep\n|\n|t:|1700319850\n|switch|p1a: Kingambit|Kingambit, M|100\/100\n|-activate|p1a: Kingambit|ability: Supreme Overlord\n|-start|p1a: Kingambit|fallen4|[silent]\n|turn|16\n|\n|t:|1700319862\n|move|p2a: Iron Valiant|Calm Mind|p2a: Iron Valiant\n|-boost|p2a: Iron Valiant|spa|1\n|-boost|p2a: Iron Valiant|spd|1\n|move|p1a: Kingambit|Iron Head|p2a: Iron Valiant\n|-supereffective|p2a: Iron Valiant\n|-damage|p2a: Iron Valiant|0 fnt\n|faint|p2a: Iron Valiant\n|-end|p2a: Iron Valiant|Quark Drive|[silent]\n|\n|upkeep\n|\n|t:|1700319864\n|switch|p2a: Great Tusk|Great Tusk|100\/100\n|-enditem|p2a: Great Tusk|Booster Energy\n|-activate|p2a: Great Tusk|ability: Protosynthesis|[fromitem]\n|-start|p2a: Great Tusk|protosynthesisspe\n|turn|17\n|\n|t:|1700319875\n|move|p2a: Great Tusk|Bulk Up|p2a: Great Tusk\n|-boost|p2a: Great Tusk|atk|1\n|-boost|p2a: Great Tusk|def|1\n|move|p1a: Kingambit|Low Kick|p2a: Great Tusk\n|-damage|p2a: Great Tusk|74\/100\n|\n|upkeep\n|turn|18\n|\n|t:|1700319880\n|move|p2a: Great Tusk|Headlong Rush|p1a: Kingambit\n|-supereffective|p1a: Kingambit\n|-damage|p1a: Kingambit|0 fnt\n|-unboost|p2a: Great Tusk|def|1\n|-unboost|p2a: Great Tusk|spd|1\n|faint|p1a: Kingambit\n|-end|p1a: Kingambit|fallen4|[silent]\n|\n|upkeep\n|\n|t:|1700319883\n|switch|p1a: Ogerpon|Ogerpon-Wellspring, F|14\/100\n|turn|19\n|\n|t:|1700319886\n|move|p2a: Great Tusk|Ice Spinner|p1a: Ogerpon\n|-damage|p1a: Ogerpon|0 fnt\n|faint|p1a: Ogerpon\n|\n|win|It's classified\n|raw|DrowzeeChaperone's rating: 1541 &rarr; <strong>1521<\/strong><br \/>(-20 for losing)\n|raw|It&apos;s classified's rating: 1542 &rarr; <strong>1562<\/strong><br \/>(+20 for winning)\n|l|\u2606DrowzeeChaperone\n","uploadtime":1700319895,"views":23,"p1id":"drowzeechaperone","p2id":"itsclassified","formatid":"gen9ou","rating":1521,"private":0,"password":""}