{"id":"gen9ou-1990021758","p1":"ratatta17","p2":"Oomaester1234","format":"[Gen 9] OU","log":"|j|\u2606ratatta17\n|j|\u2606Oomaester1234\n|t:|1699916224\n|gametype|singles\n|player|p1|ratatta17|102|1372\n|player|p2|Oomaester1234|teamrocket|1347\n|teamsize|p1|6\n|teamsize|p2|6\n|gen|9\n|tier|[Gen 9] OU\n|rated|\n|rule|Sleep Clause Mod: Limit one foe put to sleep\n|rule|Species Clause: Limit one of each Pok\u00e9mon\n|rule|OHKO Clause: OHKO moves are banned\n|rule|Evasion Items Clause: Evasion items are banned\n|rule|Evasion Moves Clause: Evasion moves are banned\n|rule|Endless Battle Clause: Forcing endless battles is banned\n|rule|HP Percentage Mod: HP is shown in percentages\n|clearpoke\n|poke|p1|Azumarill, M|\n|poke|p1|Staraptor, F|\n|poke|p1|Toedscruel, F|\n|poke|p1|Skeledirge, F|\n|poke|p1|Ninetales-Alola, F|\n|poke|p1|Iron Valiant|\n|poke|p2|Sneasler, F|\n|poke|p2|Dragapult, M|\n|poke|p2|Rillaboom, F|\n|poke|p2|Iron Treads|\n|poke|p2|Zoroark-Hisui, M|\n|poke|p2|Heatran, F|\n|teampreview\n|\n|t:|1699916234\n|start\n|switch|p1a: Staraptor|Staraptor, F|100\/100\n|switch|p2a: Sneasler|Sneasler, F, shiny|100\/100\n|-ability|p1a: Staraptor|Intimidate|boost\n|-unboost|p2a: Sneasler|atk|1\n|turn|1\n|\n|t:|1699916239\n|switch|p1a: Skeledirge|Skeledirge, F|100\/100\n|move|p2a: Sneasler|Flamethrower|p1a: Skeledirge\n|-resisted|p1a: Skeledirge\n|-damage|p1a: Skeledirge|84\/100\n|\n|-heal|p1a: Skeledirge|90\/100|[from] item: Leftovers\n|upkeep\n|turn|2\n|\n|t:|1699916246\n|switch|p2a: Heatran|Heatran, F|100\/100\n|-item|p2a: Heatran|Air Balloon\n|move|p1a: Skeledirge|Hex|p2a: Heatran\n|-damage|p2a: Heatran|86\/100\n|-enditem|p2a: Heatran|Air Balloon\n|\n|-heal|p1a: Skeledirge|96\/100|[from] item: Leftovers\n|upkeep\n|turn|3\n|\n|t:|1699916249\n|switch|p1a: Staraptor|Staraptor, F|100\/100\n|-ability|p1a: Staraptor|Intimidate|boost\n|-unboost|p2a: Heatran|atk|1\n|move|p2a: Heatran|Magma Storm|p1a: Staraptor\n|-crit|p1a: Staraptor\n|-damage|p1a: Staraptor|19\/100\n|-activate|p1a: Staraptor|move: Magma Storm|[of] p2a: Heatran\n|\n|-damage|p1a: Staraptor|6\/100|[from] move: Magma Storm|[partiallytrapped]\n|upkeep\n|turn|4\n|\n|t:|1699916263\n|switch|p2a: Dragapult|Dragapult, M|100\/100\n|move|p1a: Staraptor|Tailwind|p1a: Staraptor\n|-sidestart|p1: ratatta17|move: Tailwind\n|\n|-end|p1a: Staraptor|Magma Storm|[partiallytrapped]|[silent]\n|upkeep\n|turn|5\n|\n|t:|1699916268\n|switch|p1a: Skeledirge|Skeledirge, F|96\/100\n|move|p2a: Dragapult|U-turn|p1a: Skeledirge\n|-resisted|p1a: Skeledirge\n|-damage|p1a: Skeledirge|93\/100\n|\n|t:|1699916273\n|switch|p2a: Sneasler|Sneasler, F, shiny|100\/100|[from] U-turn\n|\n|-heal|p1a: Skeledirge|99\/100|[from] item: Leftovers\n|upkeep\n|turn|6\n|\n|t:|1699916279\n|switch|p1a: Staraptor|Staraptor, F|6\/100\n|-ability|p1a: Staraptor|Intimidate|boost\n|-unboost|p2a: Sneasler|atk|1\n|move|p2a: Sneasler|Shadow Ball|p1a: Staraptor\n|-immune|p1a: Staraptor\n|\n|upkeep\n|turn|7\n|\n|t:|1699916289\n|switch|p2a: Dragapult|Dragapult, M|100\/100\n|move|p1a: Staraptor|Brave Bird|p2a: Dragapult\n|-damage|p2a: Dragapult|32\/100\n|-damage|p1a: Staraptor|0 fnt|[from] Recoil\n|faint|p1a: Staraptor\n|\n|-sideend|p1: ratatta17|move: Tailwind\n|upkeep\n|\n|t:|1699916300\n|switch|p1a: Ninetales|Ninetales-Alola, F|100\/100\n|-weather|Snow|[from] ability: Snow Warning|[of] p1a: Ninetales\n|turn|8\n|\n|t:|1699916307\n|move|p2a: Dragapult|Flamethrower|p1a: Ninetales\n|-supereffective|p1a: Ninetales\n|-damage|p1a: Ninetales|40\/100\n|move|p1a: Ninetales|Aurora Veil|p1a: Ninetales\n|-sidestart|p1: ratatta17|move: Aurora Veil\n|\n|-weather|Snow|[upkeep]\n|upkeep\n|turn|9\n|\n|t:|1699916311\n|move|p1a: Ninetales|Ice Shard|p2a: Dragapult\n|-supereffective|p2a: Dragapult\n|-damage|p2a: Dragapult|7\/100\n|move|p2a: Dragapult|Flamethrower|p1a: Ninetales\n|-supereffective|p1a: Ninetales\n|-damage|p1a: Ninetales|0 fnt\n|faint|p1a: Ninetales\n|\n|-weather|Snow|[upkeep]\n|upkeep\n|\n|t:|1699916314\n|switch|p1a: Azumarill|Azumarill, M|100\/100\n|turn|10\n|\n|t:|1699916317\n|switch|p2a: Rillaboom|Rillaboom, F|100\/100\n|-fieldstart|move: Grassy Terrain|[from] ability: Grassy Surge|[of] p2a: Rillaboom\n|move|p1a: Azumarill|Aqua Jet|p2a: Rillaboom\n|-resisted|p2a: Rillaboom\n|-damage|p2a: Rillaboom|88\/100\n|\n|-weather|Snow|[upkeep]\n|-heal|p2a: Rillaboom|94\/100|[from] Grassy Terrain\n|upkeep\n|turn|11\n|\n|t:|1699916323\n|switch|p1a: Toedscruel|Toedscruel, F|100\/100\n|move|p2a: Rillaboom|Grassy Glide|p1a: Toedscruel\n|-damage|p1a: Toedscruel|78\/100\n|-damage|p2a: Rillaboom|84\/100|[from] item: Life Orb\n|\n|-weather|Snow|[upkeep]\n|-heal|p1a: Toedscruel|84\/100|[from] Grassy Terrain\n|-heal|p1a: Toedscruel|90\/100|[from] item: Leftovers\n|-heal|p2a: Rillaboom|91\/100|[from] Grassy Terrain\n|upkeep\n|turn|12\n|\n|t:|1699916327\n|move|p1a: Toedscruel|Knock Off|p2a: Rillaboom\n|-damage|p2a: Rillaboom|74\/100\n|-enditem|p2a: Rillaboom|Life Orb|[from] move: Knock Off|[of] p1a: Toedscruel\n|move|p2a: Rillaboom|U-turn|p1a: Toedscruel\n|-supereffective|p1a: Toedscruel\n|-damage|p1a: Toedscruel|69\/100\n|\n|t:|1699916338\n|switch|p2a: Heatran|Heatran, F|86\/100|[from] U-turn\n|\n|-weather|none\n|-heal|p1a: Toedscruel|75\/100|[from] Grassy Terrain\n|-heal|p1a: Toedscruel|81\/100|[from] item: Leftovers\n|-heal|p2a: Heatran|92\/100|[from] Grassy Terrain\n|upkeep\n|turn|13\n|\n|t:|1699916342\n|move|p2a: Heatran|Will-O-Wisp|p1a: Toedscruel\n|-status|p1a: Toedscruel|brn\n|move|p1a: Toedscruel|Spore|p2a: Heatran\n|-status|p2a: Heatran|slp|[from] move: Spore\n|\n|-heal|p1a: Toedscruel|87\/100 brn|[from] Grassy Terrain\n|-heal|p1a: Toedscruel|93\/100 brn|[from] item: Leftovers\n|-heal|p2a: Heatran|98\/100 slp|[from] Grassy Terrain\n|-damage|p1a: Toedscruel|87\/100 brn|[from] brn\n|upkeep\n|turn|14\n|\n|t:|1699916351\n|cant|p2a: Heatran|slp\n|move|p1a: Toedscruel|Leech Seed|p2a: Heatran\n|-start|p2a: Heatran|move: Leech Seed\n|\n|-heal|p1a: Toedscruel|93\/100 brn|[from] Grassy Terrain\n|-heal|p1a: Toedscruel|99\/100 brn|[from] item: Leftovers\n|-heal|p2a: Heatran|100\/100 slp|[from] Grassy Terrain\n|-damage|p2a: Heatran|88\/100 slp|[from] Leech Seed|[of] p1a: Toedscruel\n|-heal|p1a: Toedscruel|100\/100 brn|[silent]\n|-damage|p1a: Toedscruel|94\/100 brn|[from] brn\n|-fieldend|move: Grassy Terrain\n|upkeep\n|turn|15\n|\n|t:|1699916356\n|switch|p1a: Iron Valiant|Iron Valiant|100\/100\n|-curestatus|p2a: Heatran|slp|[msg]\n|move|p2a: Heatran|Stealth Rock|p1a: Iron Valiant\n|-sidestart|p1: ratatta17|move: Stealth Rock\n|\n|-damage|p2a: Heatran|76\/100|[from] Leech Seed|[of] p1a: Iron Valiant\n|-sideend|p1: ratatta17|move: Aurora Veil\n|upkeep\n|turn|16\n|\n|t:|1699916363\n|switch|p2a: Rillaboom|Rillaboom, F|74\/100\n|-fieldstart|move: Grassy Terrain|[from] ability: Grassy Surge|[of] p2a: Rillaboom\n|move|p1a: Iron Valiant|Knock Off|p2a: Rillaboom\n|-damage|p2a: Rillaboom|53\/100\n|-damage|p1a: Iron Valiant|91\/100|[from] item: Life Orb\n|\n|-heal|p1a: Iron Valiant|97\/100|[from] Grassy Terrain\n|-heal|p2a: Rillaboom|59\/100|[from] Grassy Terrain\n|upkeep\n|turn|17\n|\n|t:|1699916368\n|move|p2a: Rillaboom|Grassy Glide|p1a: Iron Valiant\n|-damage|p1a: Iron Valiant|48\/100\n|move|p1a: Iron Valiant|Moonblast|p2a: Rillaboom\n|-damage|p2a: Rillaboom|0 fnt\n|faint|p2a: Rillaboom\n|-damage|p1a: Iron Valiant|38\/100|[from] item: Life Orb\n|\n|-heal|p1a: Iron Valiant|44\/100|[from] Grassy Terrain\n|upkeep\n|\n|t:|1699916378\n|switch|p2a: Sneasler|Sneasler, F, shiny|100\/100\n|turn|18\n|\n|t:|1699916382\n|move|p1a: Iron Valiant|Knock Off|p2a: Sneasler\n|-supereffective|p2a: Sneasler\n|-damage|p2a: Sneasler|0 fnt\n|replace|p2a: Zoroark|Zoroark-Hisui, M\n|-end|p2a: Zoroark|Illusion\n|-enditem|p2a: Zoroark|Choice Specs|[from] move: Knock Off|[of] p1a: Iron Valiant\n|faint|p2a: Zoroark\n|-damage|p1a: Iron Valiant|35\/100|[from] item: Life Orb\n|\n|-heal|p1a: Iron Valiant|41\/100|[from] Grassy Terrain\n|upkeep\n|\n|t:|1699916385\n|switch|p2a: Sneasler|Sneasler, F, shiny|100\/100\n|-enditem|p2a: Sneasler|Grassy Seed\n|-boost|p2a: Sneasler|def|1|[from] item: Grassy Seed\n|turn|19\n|\n|t:|1699916405\n|-end|p1a: Iron Valiant|Quark Drive|[silent]\n|switch|p1a: Skeledirge|Skeledirge, F|99\/100\n|-damage|p1a: Skeledirge|74\/100|[from] Stealth Rock\n|move|p2a: Sneasler|Dire Claw|p1a: Skeledirge\n|-resisted|p1a: Skeledirge\n|-damage|p1a: Skeledirge|56\/100\n|\n|-heal|p1a: Skeledirge|62\/100|[from] Grassy Terrain\n|-heal|p1a: Skeledirge|68\/100|[from] item: Leftovers\n|upkeep\n|turn|20\n|\n|t:|1699916413\n|switch|p2a: Heatran|Heatran, F|76\/100\n|move|p1a: Skeledirge|Hex|p2a: Heatran\n|-damage|p2a: Heatran|61\/100\n|\n|-heal|p2a: Heatran|67\/100|[from] Grassy Terrain\n|-heal|p1a: Skeledirge|74\/100|[from] Grassy Terrain\n|-heal|p1a: Skeledirge|80\/100|[from] item: Leftovers\n|-fieldend|move: Grassy Terrain\n|upkeep\n|turn|21\n|\n|t:|1699916415\n|move|p2a: Heatran|Magma Storm|p1a: Skeledirge\n|-resisted|p1a: Skeledirge\n|-damage|p1a: Skeledirge|64\/100\n|-activate|p1a: Skeledirge|move: Magma Storm|[of] p2a: Heatran\n|move|p1a: Skeledirge|Hex|p2a: Heatran\n|-damage|p2a: Heatran|53\/100\n|\n|-heal|p1a: Skeledirge|70\/100|[from] item: Leftovers\n|-damage|p1a: Skeledirge|57\/100|[from] move: Magma Storm|[partiallytrapped]\n|upkeep\n|turn|22\n|\n|t:|1699916421\n|move|p2a: Heatran|Magma Storm|p1a: Skeledirge\n|-resisted|p1a: Skeledirge\n|-damage|p1a: Skeledirge|43\/100\n|move|p1a: Skeledirge|Hex|p2a: Heatran\n|-damage|p2a: Heatran|38\/100\n|\n|-heal|p1a: Skeledirge|49\/100|[from] item: Leftovers\n|-damage|p1a: Skeledirge|37\/100|[from] move: Magma Storm|[partiallytrapped]\n|upkeep\n|turn|23\n|\n|t:|1699916433\n|move|p2a: Heatran|Magma Storm|p1a: Skeledirge\n|-resisted|p1a: Skeledirge\n|-damage|p1a: Skeledirge|21\/100\n|move|p1a: Skeledirge|Slack Off|p1a: Skeledirge\n|-heal|p1a: Skeledirge|71\/100\n|\n|-heal|p1a: Skeledirge|77\/100|[from] item: Leftovers\n|-damage|p1a: Skeledirge|64\/100|[from] move: Magma Storm|[partiallytrapped]\n|upkeep\n|turn|24\n|\n|t:|1699916438\n|move|p2a: Heatran|Taunt|p1a: Skeledirge\n|-start|p1a: Skeledirge|move: Taunt\n|cant|p1a: Skeledirge|move: Taunt|Slack Off\n|\n|-heal|p1a: Skeledirge|70\/100|[from] item: Leftovers\n|-damage|p1a: Skeledirge|58\/100|[from] move: Magma Storm|[partiallytrapped]\n|upkeep\n|turn|25\n|\n|t:|1699916440\n|move|p2a: Heatran|Magma Storm|p1a: Skeledirge|[miss]\n|-miss|p2a: Heatran|p1a: Skeledirge\n|move|p1a: Skeledirge|Hex|p2a: Heatran\n|-damage|p2a: Heatran|24\/100\n|\n|-heal|p1a: Skeledirge|64\/100|[from] item: Leftovers\n|-end|p1a: Skeledirge|Magma Storm|[partiallytrapped]\n|upkeep\n|turn|26\n|\n|t:|1699916442\n|move|p2a: Heatran|Magma Storm|p1a: Skeledirge\n|-resisted|p1a: Skeledirge\n|-damage|p1a: Skeledirge|48\/100\n|-activate|p1a: Skeledirge|move: Magma Storm|[of] p2a: Heatran\n|move|p1a: Skeledirge|Hex|p2a: Heatran\n|-damage|p2a: Heatran|10\/100\n|\n|-heal|p1a: Skeledirge|54\/100|[from] item: Leftovers\n|-damage|p1a: Skeledirge|42\/100|[from] move: Magma Storm|[partiallytrapped]\n|-end|p1a: Skeledirge|move: Taunt\n|upkeep\n|turn|27\n|\n|t:|1699916448\n|move|p2a: Heatran|Taunt|p1a: Skeledirge\n|-start|p1a: Skeledirge|move: Taunt\n|move|p1a: Skeledirge|Hex|p2a: Heatran\n|-crit|p2a: Heatran\n|-damage|p2a: Heatran|0 fnt\n|faint|p2a: Heatran\n|\n|-heal|p1a: Skeledirge|48\/100|[from] item: Leftovers\n|-end|p1a: Skeledirge|Magma Storm|[partiallytrapped]|[silent]\n|upkeep\n|\n|t:|1699916455\n|switch|p2a: Dragapult|Dragapult, M|7\/100\n|turn|28\n|\n|t:|1699916460\n|move|p2a: Dragapult|Shadow Ball|p1a: Skeledirge\n|-supereffective|p1a: Skeledirge\n|-damage|p1a: Skeledirge|0 fnt\n|faint|p1a: Skeledirge\n|\n|upkeep\n|\n|t:|1699916473\n|switch|p1a: Toedscruel|Toedscruel, F|94\/100 brn\n|-damage|p1a: Toedscruel|88\/100 brn|[from] Stealth Rock\n|turn|29\n|\n|t:|1699916480\n|move|p2a: Dragapult|Shadow Ball|p1a: Toedscruel\n|-damage|p1a: Toedscruel|50\/100 brn\n|-unboost|p1a: Toedscruel|spd|1\n|move|p1a: Toedscruel|Spore|p2a: Dragapult\n|-status|p2a: Dragapult|slp|[from] move: Spore\n|\n|-heal|p1a: Toedscruel|56\/100 brn|[from] item: Leftovers\n|-damage|p1a: Toedscruel|50\/100 brn|[from] brn\n|upkeep\n|turn|30\n|\n|t:|1699916485\n|switch|p2a: Iron Treads|Iron Treads|100\/100\n|move|p1a: Toedscruel|Leech Seed|p2a: Iron Treads\n|-start|p2a: Iron Treads|move: Leech Seed\n|\n|-heal|p1a: Toedscruel|56\/100 brn|[from] item: Leftovers\n|-damage|p2a: Iron Treads|88\/100|[from] Leech Seed|[of] p1a: Toedscruel\n|-heal|p1a: Toedscruel|69\/100 brn|[silent]\n|-damage|p1a: Toedscruel|63\/100 brn|[from] brn\n|upkeep\n|turn|31\n|\n|t:|1699916489\n|move|p2a: Iron Treads|Rapid Spin|p1a: Toedscruel\n|-damage|p1a: Toedscruel|52\/100 brn\n|-boost|p2a: Iron Treads|spe|1\n|-end|p2a: Iron Treads|Leech Seed|[from] move: Rapid Spin|[of] p2a: Iron Treads\n|move|p1a: Toedscruel|Rapid Spin|p2a: Iron Treads\n|-resisted|p2a: Iron Treads\n|-damage|p2a: Iron Treads|86\/100\n|-boost|p1a: Toedscruel|spe|1\n|-sideend|p1: ratatta17|Stealth Rock|[from] move: Rapid Spin|[of] p1a: Toedscruel\n|\n|-heal|p1a: Toedscruel|58\/100 brn|[from] item: Leftovers\n|-damage|p1a: Toedscruel|52\/100 brn|[from] brn\n|upkeep\n|turn|32\n|\n|t:|1699916497\n|move|p2a: Iron Treads|Ice Spinner|p1a: Toedscruel\n|-supereffective|p1a: Toedscruel\n|-damage|p1a: Toedscruel|0 fnt\n|faint|p1a: Toedscruel\n|\n|upkeep\n|\n|t:|1699916507\n|switch|p1a: Azumarill|Azumarill, M|100\/100\n|turn|33\n|\n|t:|1699916511\n|-terastallize|p1a: Azumarill|Steel\n|move|p2a: Iron Treads|Volt Switch|p1a: Azumarill\n|-damage|p1a: Azumarill|89\/100\n|\n|t:|1699916514\n|-end|p2a: Iron Treads|Quark Drive|[silent]\n|switch|p2a: Dragapult|Dragapult, M|7\/100 slp|[from] Volt Switch\n|move|p1a: Azumarill|Belly Drum|p1a: Azumarill\n|-damage|p1a: Azumarill|39\/100\n|-setboost|p1a: Azumarill|atk|6|[from] move: Belly Drum\n|-enditem|p1a: Azumarill|Sitrus Berry|[eat]\n|-heal|p1a: Azumarill|64\/100|[from] item: Sitrus Berry\n|\n|upkeep\n|turn|34\n|\n|t:|1699916520\n|move|p1a: Azumarill|Aqua Jet|p2a: Dragapult\n|-resisted|p2a: Dragapult\n|-damage|p2a: Dragapult|0 fnt\n|faint|p2a: Dragapult\n|\n|upkeep\n|\n|t:|1699916521\n|switch|p2a: Sneasler|Sneasler, F, shiny|100\/100\n|turn|35\n|\n|t:|1699916523\n|move|p1a: Azumarill|Aqua Jet|p2a: Sneasler\n|-damage|p2a: Sneasler|0 fnt\n|faint|p2a: Sneasler\n|\n|upkeep\n|\n|t:|1699916525\n|switch|p2a: Iron Treads|Iron Treads|86\/100\n|turn|36\n|\n|t:|1699916527\n|-terastallize|p2a: Iron Treads|Flying\n|move|p1a: Azumarill|Aqua Jet|p2a: Iron Treads\n|-damage|p2a: Iron Treads|14\/100\n|move|p2a: Iron Treads|High Horsepower|p1a: Azumarill\n|-supereffective|p1a: Azumarill\n|-damage|p1a: Azumarill|0 fnt\n|faint|p1a: Azumarill\n|\n|upkeep\n|\n|t:|1699916533\n|switch|p1a: Iron Valiant|Iron Valiant|41\/100\n|turn|37\n|-message|Oomaester1234 forfeited.\n|\n|win|ratatta17\n|raw|ratatta17's rating: 1372 &rarr; <strong>1391<\/strong><br \/>(+19 for winning)\n|raw|Oomaester1234's rating: 1347 &rarr; <strong>1328<\/strong><br \/>(-19 for losing)\n|l|\u2606Oomaester1234\n","uploadtime":1699916538,"views":14,"p1id":"ratatta17","p2id":"oomaester1234","formatid":"gen9ou","rating":1328,"private":0,"password":""}