{"id":"gen9ou-1997157387","p1":"SpasDeUzi","p2":"Wooly14","format":"[Gen 9] OU","log":"|j|\u2606SpasDeUzi\n|j|\u2606Wooly14\n|t:|1700770343\n|gametype|singles\n|player|p1|SpasDeUzi|170|1050\n|player|p2|Wooly14|hilda|1078\n|teamsize|p1|6\n|teamsize|p2|6\n|gen|9\n|tier|[Gen 9] OU\n|rated|\n|rule|Sleep Clause Mod: Limit one foe put to sleep\n|rule|Species Clause: Limit one of each Pok\u00e9mon\n|rule|OHKO Clause: OHKO moves are banned\n|rule|Evasion Items Clause: Evasion items are banned\n|rule|Evasion Moves Clause: Evasion moves are banned\n|rule|Endless Battle Clause: Forcing endless battles is banned\n|rule|HP Percentage Mod: HP is shown in percentages\n|clearpoke\n|poke|p1|Torterra, F|\n|poke|p1|Ribombee, M|\n|poke|p1|Grimmsnarl, M|\n|poke|p1|Manaphy|\n|poke|p1|Dragonite, F|\n|poke|p1|Gholdengo|\n|poke|p2|Great Tusk|\n|poke|p2|Lycanroc-Dusk, F|\n|poke|p2|Eelektross, F|\n|poke|p2|Greninja-*, M|\n|poke|p2|Delphox, F|\n|poke|p2|Klefki, F|\n|teampreview\n|inactive|Battle timer is ON: inactive players will automatically lose when time's up. (requested by Wooly14)\n|\n|t:|1700770357\n|start\n|switch|p1a: Ribombee|Ribombee, M, shiny|100\/100\n|switch|p2a: Rusty|Lycanroc-Dusk, F|100\/100\n|turn|1\n|\n|t:|1700770361\n|move|p2a: Rusty|Accelerock|p1a: Ribombee\n|-supereffective|p1a: Ribombee\n|-damage|p1a: Ribombee|9\/100\n|move|p1a: Ribombee|Sticky Web|p2a: Rusty\n|-sidestart|p2: Wooly14|move: Sticky Web\n|\n|upkeep\n|turn|2\n|\n|t:|1700770366\n|move|p2a: Rusty|Accelerock|p1a: Ribombee\n|-supereffective|p1a: Ribombee\n|-damage|p1a: Ribombee|0 fnt\n|faint|p1a: Ribombee\n|\n|upkeep\n|\n|t:|1700770368\n|switch|p1a: Grimmsnarl|Grimmsnarl, M, shiny|100\/100\n|turn|3\n|\n|t:|1700770371\n|move|p1a: Grimmsnarl|Reflect|p1a: Grimmsnarl\n|-sidestart|p1: SpasDeUzi|Reflect\n|move|p2a: Rusty|Iron Head|p1a: Grimmsnarl\n|-supereffective|p1a: Grimmsnarl\n|-damage|p1a: Grimmsnarl|61\/100\n|\n|upkeep\n|turn|4\n|\n|t:|1700770375\n|move|p1a: Grimmsnarl|Light Screen|p1a: Grimmsnarl\n|-sidestart|p1: SpasDeUzi|move: Light Screen\n|move|p2a: Rusty|Iron Head|p1a: Grimmsnarl\n|-supereffective|p1a: Grimmsnarl\n|-damage|p1a: Grimmsnarl|21\/100\n|\n|upkeep\n|turn|5\n|\n|t:|1700770384\n|switch|p2a: Catalyst|Klefki, F|100\/100\n|-activate|p2a: Catalyst|move: Sticky Web\n|-unboost|p2a: Catalyst|spe|1\n|move|p1a: Grimmsnarl|Parting Shot|p2a: Catalyst\n|-unboost|p2a: Catalyst|atk|1\n|-unboost|p2a: Catalyst|spa|1\n|\n|t:|1700770387\n|switch|p1a: Torterra|Torterra, F, shiny|100\/100|[from] Parting Shot\n|\n|upkeep\n|turn|6\n|\n|t:|1700770394\n|move|p2a: Catalyst|Reflect|p2a: Catalyst\n|-sidestart|p2: Wooly14|Reflect\n|move|p1a: Torterra|Shell Smash|p1a: Torterra\n|-unboost|p1a: Torterra|def|1\n|-unboost|p1a: Torterra|spd|1\n|-boost|p1a: Torterra|atk|2\n|-boost|p1a: Torterra|spa|2\n|-boost|p1a: Torterra|spe|2\n|\n|upkeep\n|turn|7\n|\n|t:|1700770399\n|switch|p2a: Kurogren|Greninja, M|100\/100\n|-activate|p2a: Kurogren|move: Sticky Web\n|-unboost|p2a: Kurogren|spe|1\n|move|p1a: Torterra|Headlong Rush|p2a: Kurogren\n|-damage|p2a: Kurogren|0 fnt\n|-unboost|p1a: Torterra|def|1\n|-unboost|p1a: Torterra|spd|1\n|faint|p2a: Kurogren\n|\n|upkeep\n|\n|t:|1700770413\n|switch|p2a: Unagi|Eelektross, F|100\/100\n|turn|8\n|\n|t:|1700770417\n|move|p1a: Torterra|Bullet Seed|p2a: Unagi\n|-damage|p2a: Unagi|86\/100\n|-damage|p2a: Unagi|71\/100\n|-damage|p2a: Unagi|58\/100\n|-damage|p2a: Unagi|44\/100\n|-hitcount|p2a: Unagi|4\n|move|p2a: Unagi|Flamethrower|p1a: Torterra\n|-supereffective|p1a: Torterra\n|-damage|p1a: Torterra|34\/100\n|\n|upkeep\n|turn|9\n|\n|t:|1700770427\n|-terastallize|p1a: Torterra|Rock\n|move|p1a: Torterra|Shell Smash|p1a: Torterra\n|-unboost|p1a: Torterra|def|1\n|-unboost|p1a: Torterra|spd|1\n|-boost|p1a: Torterra|atk|2\n|-boost|p1a: Torterra|spa|2\n|-boost|p1a: Torterra|spe|2\n|move|p2a: Unagi|Flamethrower|p1a: Torterra\n|-resisted|p1a: Torterra\n|-damage|p1a: Torterra|12\/100\n|-status|p1a: Torterra|brn\n|\n|-damage|p1a: Torterra|6\/100 brn|[from] brn\n|upkeep\n|turn|10\n|\n|t:|1700770432\n|move|p1a: Torterra|Bullet Seed|p2a: Unagi\n|-damage|p2a: Unagi|34\/100\n|-damage|p2a: Unagi|24\/100\n|-damage|p2a: Unagi|14\/100\n|-damage|p2a: Unagi|4\/100\n|-damage|p2a: Unagi|0 fnt\n|faint|p2a: Unagi\n|-hitcount|p2: Unagi|5\n|\n|-damage|p1a: Torterra|0 fnt|[from] brn\n|faint|p1a: Torterra\n|-sideend|p1: SpasDeUzi|Reflect\n|upkeep\n|\n|t:|1700770441\n|switch|p1a: Grimmsnarl|Grimmsnarl, M, shiny|21\/100\n|switch|p2a: Rusty|Lycanroc-Dusk, F|100\/100\n|-activate|p2a: Rusty|move: Sticky Web\n|-unboost|p2a: Rusty|spe|1\n|turn|11\n|\n|t:|1700770447\n|move|p2a: Rusty|Accelerock|p1a: Grimmsnarl\n|-damage|p1a: Grimmsnarl|0 fnt\n|faint|p1a: Grimmsnarl\n|\n|-sideend|p1: SpasDeUzi|move: Light Screen\n|upkeep\n|\n|t:|1700770451\n|switch|p1a: Manaphy|Manaphy, shiny|100\/100\n|turn|12\n|\n|t:|1700770456\n|switch|p2a: Catalyst|Klefki, F|100\/100\n|-activate|p2a: Catalyst|move: Sticky Web\n|-unboost|p2a: Catalyst|spe|1\n|move|p1a: Manaphy|Scald|p2a: Catalyst\n|-damage|p2a: Catalyst|56\/100\n|\n|upkeep\n|turn|13\n|\n|t:|1700770460\n|move|p2a: Catalyst|Light Screen|p2a: Catalyst\n|-sidestart|p2: Wooly14|move: Light Screen\n|move|p1a: Manaphy|Tail Glow|p1a: Manaphy\n|-boost|p1a: Manaphy|spa|3\n|\n|-sideend|p2: Wooly14|Reflect\n|upkeep\n|turn|14\n|\n|t:|1700770462\n|move|p2a: Catalyst|Thunder Wave|p1a: Manaphy\n|-status|p1a: Manaphy|par\n|move|p1a: Manaphy|Tail Glow|p1a: Manaphy\n|-boost|p1a: Manaphy|spa|3\n|\n|upkeep\n|turn|15\n|\n|t:|1700770467\n|move|p2a: Catalyst|Reflect|p2a: Catalyst\n|-sidestart|p2: Wooly14|Reflect\n|move|p1a: Manaphy|Scald|p2a: Catalyst\n|-damage|p2a: Catalyst|0 fnt\n|faint|p2a: Catalyst\n|\n|upkeep\n|\n|t:|1700770472\n|switch|p2a: Phoenix|Delphox, F|100\/100\n|-activate|p2a: Phoenix|move: Sticky Web\n|-unboost|p2a: Phoenix|spe|1\n|turn|16\n|\n|t:|1700770479\n|-terastallize|p2a: Phoenix|Grass\n|move|p2a: Phoenix|Tera Blast|p1a: Manaphy|[anim] Tera Blast Grass\n|-supereffective|p1a: Manaphy\n|-damage|p1a: Manaphy|31\/100 par\n|move|p1a: Manaphy|Rest|p1a: Manaphy\n|-status|p1a: Manaphy|slp|[from] move: Rest\n|-heal|p1a: Manaphy|100\/100 slp|[silent]\n|-enditem|p1a: Manaphy|Chesto Berry|[eat]\n|-curestatus|p1a: Manaphy|slp|[msg]\n|\n|upkeep\n|turn|17\n|\n|t:|1700770487\n|move|p1a: Manaphy|Ice Beam|p2a: Phoenix\n|-supereffective|p2a: Phoenix\n|-damage|p2a: Phoenix|0 fnt\n|faint|p2a: Phoenix\n|\n|upkeep\n|\n|t:|1700770499\n|switch|p2a: Manny|Great Tusk|100\/100\n|turn|18\n|\n|t:|1700770503\n|move|p2a: Manny|Rapid Spin|p1a: Manaphy\n|-damage|p1a: Manaphy|87\/100\n|-boost|p2a: Manny|spe|1\n|-sideend|p2: Wooly14|Sticky Web|[from] move: Rapid Spin|[of] p2a: Manny\n|move|p1a: Manaphy|Scald|p2a: Manny\n|-supereffective|p2a: Manny\n|-damage|p2a: Manny|0 fnt\n|faint|p2a: Manny\n|-end|p2a: Manny|Protosynthesis|[silent]\n|\n|upkeep\n|\n|t:|1700770506\n|switch|p2a: Rusty|Lycanroc-Dusk, F|100\/100\n|turn|19\n|\n|t:|1700770508\n|move|p2a: Rusty|Play Rough|p1a: Manaphy\n|-damage|p1a: Manaphy|57\/100\n|move|p1a: Manaphy|Scald|p2a: Rusty\n|-supereffective|p2a: Rusty\n|-enditem|p2a: Rusty|Focus Sash\n|-damage|p2a: Rusty|1\/100\n|-status|p2a: Rusty|brn\n|\n|-damage|p2a: Rusty|0 fnt|[from] brn\n|faint|p2a: Rusty\n|\n|win|SpasDeUzi\n|upkeep\n|raw|SpasDeUzi's rating: 1050 &rarr; <strong>1085<\/strong><br \/>(+35 for winning)\n|raw|Wooly14's rating: 1078 &rarr; <strong>1055<\/strong><br \/>(-23 for losing)\n|l|\u2606Wooly14\n","uploadtime":1700770522,"views":15,"p1id":"spasdeuzi","p2id":"wooly14","formatid":"gen9ou","rating":1055,"private":0,"password":""}