{"id":"gen9ou-1995167303","p1":"m8gt34","p2":"henny inna cup","format":"[Gen 9] OU","log":"|j|\u2606m8gt34\n|j|\u2606henny inna cup\n|t:|1700530105\n|gametype|singles\n|player|p1|m8gt34|2|1043\n|player|p2|henny inna cup|hiker-gen4|1101\n|teamsize|p1|6\n|teamsize|p2|6\n|gen|9\n|tier|[Gen 9] OU\n|rated|\n|rule|Sleep Clause Mod: Limit one foe put to sleep\n|rule|Species Clause: Limit one of each Pok\u00e9mon\n|rule|OHKO Clause: OHKO moves are banned\n|rule|Evasion Items Clause: Evasion items are banned\n|rule|Evasion Moves Clause: Evasion moves are banned\n|rule|Endless Battle Clause: Forcing endless battles is banned\n|rule|HP Percentage Mod: HP is shown in percentages\n|clearpoke\n|poke|p1|Infernape, F|\n|poke|p1|Politoed, M|\n|poke|p1|Iron Moth|\n|poke|p1|Gyarados, M|\n|poke|p1|Great Tusk|\n|poke|p1|Enamorus, F|\n|poke|p2|Okidogi, M|\n|poke|p2|Ninetales-Alola, F|\n|poke|p2|Manaphy|\n|poke|p2|Kingambit, F|\n|poke|p2|Ditto|\n|poke|p2|Dragapult, M|\n|teampreview\n|inactive|Battle timer is ON: inactive players will automatically lose when time's up. (requested by m8gt34)\n|\n|t:|1700530124\n|start\n|switch|p1a: Iron Moth|Iron Moth|100\/100\n|switch|p2a: Ninetales|Ninetales-Alola, F|100\/100\n|-weather|Snow|[from] ability: Snow Warning|[of] p2a: Ninetales\n|turn|1\n|\n|t:|1700530139\n|move|p2a: Ninetales|Hypnosis|p1a: Iron Moth\n|-status|p1a: Iron Moth|slp|[from] move: Hypnosis\n|cant|p1a: Iron Moth|slp\n|\n|-weather|Snow|[upkeep]\n|upkeep\n|turn|2\n|\n|t:|1700530142\n|move|p2a: Ninetales|Aurora Veil|p2a: Ninetales\n|-sidestart|p2: henny inna cup|move: Aurora Veil\n|cant|p1a: Iron Moth|slp\n|\n|-weather|Snow|[upkeep]\n|upkeep\n|turn|3\n|\n|t:|1700530153\n|switch|p2a: Manaphy|Manaphy|100\/100\n|cant|p1a: Iron Moth|slp\n|\n|-weather|Snow|[upkeep]\n|upkeep\n|turn|4\n|\n|t:|1700530161\n|-curestatus|p1a: Iron Moth|slp|[msg]\n|move|p1a: Iron Moth|Discharge|p2a: Manaphy\n|-supereffective|p2a: Manaphy\n|-damage|p2a: Manaphy|75\/100\n|move|p2a: Manaphy|Take Heart|p2a: Manaphy\n|-boost|p2a: Manaphy|spa|1\n|-boost|p2a: Manaphy|spd|1\n|\n|-weather|Snow|[upkeep]\n|-heal|p2a: Manaphy|81\/100|[from] item: Leftovers\n|upkeep\n|turn|5\n|\n|t:|1700530169\n|move|p1a: Iron Moth|Discharge|p2a: Manaphy\n|-supereffective|p2a: Manaphy\n|-damage|p2a: Manaphy|64\/100\n|-status|p2a: Manaphy|par\n|cant|p2a: Manaphy|par\n|\n|-weather|none\n|-heal|p2a: Manaphy|70\/100 par|[from] item: Leftovers\n|upkeep\n|turn|6\n|\n|t:|1700530183\n|-end|p1a: Iron Moth|Quark Drive|[silent]\n|switch|p1a: Politoed|Politoed, M|100\/100\n|move|p2a: Manaphy|Take Heart|p2a: Manaphy\n|-boost|p2a: Manaphy|spa|1\n|-boost|p2a: Manaphy|spd|1\n|-curestatus|p2a: Manaphy|par|[msg]\n|\n|-heal|p2a: Manaphy|76\/100|[from] item: Leftovers\n|upkeep\n|turn|7\n|\n|t:|1700530195\n|move|p2a: Manaphy|Acid Armor|p2a: Manaphy\n|-boost|p2a: Manaphy|def|2\n|move|p1a: Politoed|Earth Power|p2a: Manaphy\n|-damage|p2a: Manaphy|71\/100\n|\n|-heal|p2a: Manaphy|77\/100|[from] item: Leftovers\n|upkeep\n|turn|8\n|\n|t:|1700530202\n|move|p2a: Manaphy|Take Heart|p2a: Manaphy\n|-boost|p2a: Manaphy|spa|1\n|-boost|p2a: Manaphy|spd|1\n|move|p1a: Politoed|Psychic|p2a: Manaphy\n|-damage|p2a: Manaphy|73\/100\n|\n|-heal|p2a: Manaphy|79\/100|[from] item: Leftovers\n|upkeep\n|turn|9\n|-message|m8gt34 forfeited.\n|\n|win|henny inna cup\n|raw|m8gt34's rating: 1043 &rarr; <strong>1029<\/strong><br \/>(-14 for losing)\n|raw|henny inna cup's rating: 1101 &rarr; <strong>1122<\/strong><br \/>(+21 for winning)\n|l|\u2606m8gt34\n|c|\u2606henny inna cup|gg\n","uploadtime":1700530218,"views":4,"p1id":"m8gt34","p2id":"hennyinnacup","formatid":"gen9ou","rating":1029,"private":0,"password":""}