{"id":"gen9ou-1990199200","p1":"Darth Sicko","p2":"pokeag","format":"[Gen 9] OU","log":"|j|\u2606Darth Sicko\n|j|\u2606pokeag\n|t:|1699936243\n|gametype|singles\n|player|p1|Darth Sicko|will|1544\n|player|p2|pokeag|266|1647\n|teamsize|p1|6\n|teamsize|p2|6\n|gen|9\n|tier|[Gen 9] OU\n|rated|\n|rule|Sleep Clause Mod: Limit one foe put to sleep\n|rule|Species Clause: Limit one of each Pok\u00e9mon\n|rule|OHKO Clause: OHKO moves are banned\n|rule|Evasion Items Clause: Evasion items are banned\n|rule|Evasion Moves Clause: Evasion moves are banned\n|rule|Endless Battle Clause: Forcing endless battles is banned\n|rule|HP Percentage Mod: HP is shown in percentages\n|clearpoke\n|poke|p1|Samurott-Hisui, M|\n|poke|p1|Great Tusk|\n|poke|p1|Sinistcha|\n|poke|p1|Cinderace, F|\n|poke|p1|Landorus-Therian, M|\n|poke|p1|Goodra-Hisui, M|\n|poke|p2|Kingambit, F|\n|poke|p2|Rillaboom, F|\n|poke|p2|Sneasler, F|\n|poke|p2|Ceruledge, F|\n|poke|p2|Glimmora, F|\n|poke|p2|Iron Valiant|\n|teampreview\n|\n|t:|1699936251\n|start\n|switch|p1a: Landorus|Landorus-Therian, M|100\/100\n|switch|p2a: Glimmora|Glimmora, F|100\/100\n|-ability|p1a: Landorus|Intimidate|boost\n|-unboost|p2a: Glimmora|atk|1\n|turn|1\n|\n|t:|1699936258\n|switch|p2a: Rillaboom|Rillaboom, F|100\/100\n|-fieldstart|move: Grassy Terrain|[from] ability: Grassy Surge|[of] p2a: Rillaboom\n|move|p1a: Landorus|Earthquake|p2a: Rillaboom\n|-resisted|p2a: Rillaboom\n|-damage|p2a: Rillaboom|87\/100\n|\n|-heal|p2a: Rillaboom|94\/100|[from] Grassy Terrain\n|upkeep\n|turn|2\n|\n|t:|1699936268\n|move|p2a: Rillaboom|Grassy Glide|p1a: Landorus\n|-damage|p1a: Landorus|61\/100\n|-damage|p2a: Rillaboom|77\/100|[from] item: Rocky Helmet|[of] p1a: Landorus\n|move|p1a: Landorus|U-turn|p2a: Rillaboom\n|-supereffective|p2a: Rillaboom\n|-crit|p2a: Rillaboom\n|-damage|p2a: Rillaboom|5\/100\n|\n|t:|1699936271\n|switch|p1a: Cinderace|Cinderace, F|100\/100|[from] U-turn\n|\n|-heal|p2a: Rillaboom|11\/100|[from] Grassy Terrain\n|upkeep\n|turn|3\n|\n|t:|1699936276\n|switch|p2a: Glimmora|Glimmora, F|100\/100\n|move|p1a: Cinderace|U-turn|p2a: Glimmora\n|-start|p1a: Cinderace|typechange|Bug|[from] ability: Libero\n|-resisted|p2a: Glimmora\n|-damage|p2a: Glimmora|84\/100\n|-activate|p2a: Glimmora|ability: Toxic Debris\n|-sidestart|p1: Darth Sicko|move: Toxic Spikes\n|\n|t:|1699936277\n|switch|p1a: Landorus|Landorus-Therian, M|61\/100|[from] U-turn\n|-ability|p1a: Landorus|Intimidate|boost\n|-unboost|p2a: Glimmora|atk|1\n|\n|-heal|p2a: Glimmora|90\/100|[from] Grassy Terrain\n|upkeep\n|turn|4\n|\n|t:|1699936284\n|-terastallize|p2a: Glimmora|Grass\n|move|p2a: Glimmora|Energy Ball|p1a: Landorus\n|-damage|p1a: Landorus|0 fnt\n|faint|p1a: Landorus\n|\n|-heal|p2a: Glimmora|96\/100|[from] Grassy Terrain\n|upkeep\n|\n|t:|1699936287\n|switch|p1a: Cinderace|Cinderace, F|100\/100\n|turn|5\n|\n|t:|1699936290\n|switch|p2a: Ceruledge|Ceruledge, F|100\/100\n|move|p1a: Cinderace|Pyro Ball|p2a: Ceruledge\n|-resisted|p2a: Ceruledge\n|-damage|p2a: Ceruledge|64\/100\n|-ability|p2a: Ceruledge|Weak Armor|boost\n|-unboost|p2a: Ceruledge|def|1\n|-boost|p2a: Ceruledge|spe|2\n|\n|-heal|p2a: Ceruledge|71\/100|[from] Grassy Terrain\n|-fieldend|move: Grassy Terrain\n|upkeep\n|turn|6\n|\n|t:|1699936295\n|move|p2a: Ceruledge|Swords Dance|p2a: Ceruledge\n|-boost|p2a: Ceruledge|atk|2\n|move|p1a: Cinderace|Pyro Ball|p2a: Ceruledge|[miss]\n|-miss|p1a: Cinderace|p2a: Ceruledge\n|\n|upkeep\n|turn|7\n|\n|t:|1699936303\n|move|p2a: Ceruledge|Poltergeist|p1a: Cinderace\n|-activate|p1a: Cinderace|move: Poltergeist|Heavy-Duty Boots\n|-damage|p1a: Cinderace|0 fnt\n|faint|p1a: Cinderace\n|\n|upkeep\n|\n|t:|1699936305\n|switch|p1a: Samurott|Samurott-Hisui, M|100\/100\n|-status|p1a: Samurott|psn\n|turn|8\n|\n|t:|1699936308\n|move|p2a: Ceruledge|Bitter Blade|p1a: Samurott\n|-resisted|p1a: Samurott\n|-damage|p1a: Samurott|35\/100 psn\n|-heal|p2a: Ceruledge|100\/100|[from] drain|[of] p1a: Samurott\n|move|p1a: Samurott|Ceaseless Edge|p2a: Ceruledge\n|-supereffective|p2a: Ceruledge\n|-enditem|p2a: Ceruledge|Focus Sash\n|-damage|p2a: Ceruledge|1\/100\n|-ability|p2a: Ceruledge|Weak Armor|boost\n|-unboost|p2a: Ceruledge|def|1\n|-boost|p2a: Ceruledge|spe|2\n|-sidestart|p2: pokeag|Spikes\n|\n|-damage|p1a: Samurott|23\/100 psn|[from] psn\n|upkeep\n|turn|9\n|\n|t:|1699936314\n|move|p2a: Ceruledge|Shadow Sneak|p1a: Samurott\n|-resisted|p1a: Samurott\n|-damage|p1a: Samurott|0 fnt\n|faint|p1a: Samurott\n|\n|upkeep\n|c|\u2606Darth Sicko|dude\n|c|\u2606Darth Sicko|youre like\n|n|!Darth Sicko|darthsicko\n|c|\u2606pokeag|haha\n|\n|t:|1699936337\n|switch|p1a: Great Tusk|Great Tusk|100\/100\n|-status|p1a: Great Tusk|psn\n|-enditem|p1a: Great Tusk|Booster Energy\n|-activate|p1a: Great Tusk|ability: Protosynthesis|[fromitem]\n|-start|p1a: Great Tusk|protosynthesisspe\n|turn|10\n|\n|t:|1699936343\n|move|p2a: Ceruledge|Bitter Blade|p1a: Great Tusk\n|-damage|p1a: Great Tusk|38\/100 psn\n|-heal|p2a: Ceruledge|47\/100|[from] drain|[of] p1a: Great Tusk\n|move|p1a: Great Tusk|Ice Spinner|p2a: Ceruledge\n|-resisted|p2a: Ceruledge\n|-damage|p2a: Ceruledge|15\/100\n|-ability|p2a: Ceruledge|Weak Armor|boost\n|-unboost|p2a: Ceruledge|def|1\n|-boost|p2a: Ceruledge|spe|2\n|\n|-damage|p1a: Great Tusk|26\/100 psn|[from] psn\n|upkeep\n|turn|11\n|-message|Darth Sicko forfeited.\n|\n|win|pokeag\n|raw|Darth Sicko's rating: 1544 &rarr; <strong>1530<\/strong><br \/>(-14 for losing)\n|raw|pokeag's rating: 1647 &rarr; <strong>1661<\/strong><br \/>(+14 for winning)\n|l|!Darth Sicko\n","uploadtime":1699936321,"views":5,"p1id":"darthsicko","p2id":"pokeag","formatid":"gen9ou","rating":1530,"private":0,"password":""}