{"id":"gen9ou-1991756533","p1":"Anonxx01","p2":"Apoiguespm","format":"[Gen 9] OU","log":"|j|\u2606Anonxx01\n|j|\u2606Apoiguespm\n|t:|1700111871\n|gametype|singles\n|player|p1|Anonxx01|bruno-gen1|1711\n|player|p2|Apoiguespm|blackbelt|1667\n|teamsize|p1|6\n|teamsize|p2|6\n|gen|9\n|tier|[Gen 9] OU\n|rated|\n|rule|Sleep Clause Mod: Limit one foe put to sleep\n|rule|Species Clause: Limit one of each Pok\u00e9mon\n|rule|OHKO Clause: OHKO moves are banned\n|rule|Evasion Items Clause: Evasion items are banned\n|rule|Evasion Moves Clause: Evasion moves are banned\n|rule|Endless Battle Clause: Forcing endless battles is banned\n|rule|HP Percentage Mod: HP is shown in percentages\n|clearpoke\n|poke|p1|Brambleghast, F|\n|poke|p1|Ting-Lu|\n|poke|p1|Crawdaunt, F|\n|poke|p1|Scizor, F|\n|poke|p1|Ninetales-Alola, F|\n|poke|p1|Enamorus, F|\n|poke|p2|Gholdengo|\n|poke|p2|Iron Valiant|\n|poke|p2|Great Tusk|\n|poke|p2|Kingambit, F|\n|poke|p2|Dragonite, M|\n|poke|p2|Samurott-Hisui, F|\n|teampreview\n|inactive|Battle timer is ON: inactive players will automatically lose when time's up. (requested by Anonxx01)\n|inactive|Apoiguespm also wants the timer to be on.\n|j| ohugyft\n|\n|t:|1700111882\n|start\n|switch|p1a: Enamorus|Enamorus, F|100\/100\n|switch|p2a: Gholdengo|Gholdengo, shiny|100\/100\n|turn|1\n|\n|t:|1700111894\n|switch|p1a: Ting-Lu|Ting-Lu|100\/100\n|-ability|p1a: Ting-Lu|Vessel of Ruin\n|switch|p2a: Samurott|Samurott-Hisui, F, shiny|100\/100\n|\n|upkeep\n|turn|2\n|\n|t:|1700111902\n|switch|p1a: Ninetales|Ninetales-Alola, F, shiny|100\/100\n|-weather|Snow|[from] ability: Snow Warning|[of] p1a: Ninetales\n|move|p2a: Samurott|Ceaseless Edge|p1a: Ninetales\n|-resisted|p1a: Ninetales\n|-damage|p1a: Ninetales|82\/100\n|-sidestart|p1: Anonxx01|Spikes\n|\n|-weather|Snow|[upkeep]\n|upkeep\n|turn|3\n|\n|t:|1700111908\n|move|p2a: Samurott|Ceaseless Edge|p1a: Ninetales\n|-resisted|p1a: Ninetales\n|-damage|p1a: Ninetales|65\/100\n|-sidestart|p1: Anonxx01|Spikes\n|move|p1a: Ninetales|Aurora Veil|p1a: Ninetales\n|-sidestart|p1: Anonxx01|move: Aurora Veil\n|\n|-weather|Snow|[upkeep]\n|upkeep\n|turn|4\n|\n|t:|1700111914\n|move|p2a: Samurott|Ceaseless Edge|p1a: Ninetales\n|-resisted|p1a: Ninetales\n|-damage|p1a: Ninetales|56\/100\n|-sidestart|p1: Anonxx01|Spikes\n|move|p1a: Ninetales|Freeze-Dry|p2a: Samurott\n|-supereffective|p2a: Samurott\n|-damage|p2a: Samurott|37\/100\n|\n|-weather|Snow|[upkeep]\n|upkeep\n|turn|5\n|\n|t:|1700111922\n|switch|p2a: Gholdengo|Gholdengo, shiny|100\/100\n|switch|p1a: Scizor|Scizor, F|100\/100\n|-damage|p1a: Scizor|76\/100|[from] Spikes\n|\n|-weather|Snow|[upkeep]\n|upkeep\n|turn|6\n|\n|t:|1700111926\n|move|p2a: Gholdengo|Shadow Ball|p1a: Scizor\n|-damage|p1a: Scizor|38\/100\n|move|p1a: Scizor|Knock Off|p2a: Gholdengo\n|-supereffective|p2a: Gholdengo\n|-damage|p2a: Gholdengo|0 fnt\n|-enditem|p2a: Gholdengo|Choice Specs|[from] move: Knock Off|[of] p1a: Scizor\n|faint|p2a: Gholdengo\n|-damage|p1a: Scizor|28\/100|[from] item: Life Orb\n|\n|-weather|none\n|upkeep\n|\n|t:|1700111933\n|switch|p2a: Samurott|Samurott-Hisui, F, shiny|37\/100\n|turn|7\n|inactive|Anonxx01 has 120 seconds left.\n|\n|t:|1700111971\n|move|p1a: Scizor|Quick Attack|p2a: Samurott\n|-damage|p2a: Samurott|1\/100\n|-damage|p1a: Scizor|18\/100|[from] item: Life Orb\n|move|p2a: Samurott|Knock Off|p1a: Scizor\n|-damage|p1a: Scizor|0 fnt\n|-enditem|p1a: Scizor|Life Orb|[from] move: Knock Off|[of] p2a: Samurott\n|faint|p1a: Scizor\n|\n|upkeep\n|\n|t:|1700111985\n|switch|p1a: Brambleghast|Brambleghast, F|100\/100\n|turn|8\n|\n|t:|1700111996\n|-terastallize|p1a: Brambleghast|Normal\n|move|p2a: Samurott|Knock Off|p1a: Brambleghast\n|-damage|p1a: Brambleghast|66\/100\n|-enditem|p1a: Brambleghast|Heavy-Duty Boots|[from] move: Knock Off|[of] p2a: Samurott\n|move|p1a: Brambleghast|Rapid Spin|p2a: Samurott\n|-damage|p2a: Samurott|0 fnt\n|-boost|p1a: Brambleghast|spe|1\n|-sideend|p1: Anonxx01|Spikes|[from] move: Rapid Spin|[of] p1a: Brambleghast\n|faint|p2a: Samurott\n|\n|upkeep\n|\n|t:|1700112001\n|switch|p2a: Iron Valiant|Iron Valiant, shiny|100\/100\n|-enditem|p2a: Iron Valiant|Booster Energy\n|-activate|p2a: Iron Valiant|ability: Quark Drive|[fromitem]\n|-start|p2a: Iron Valiant|quarkdrivespe\n|turn|9\n|\n|t:|1700112007\n|move|p2a: Iron Valiant|Close Combat|p1a: Brambleghast\n|-supereffective|p1a: Brambleghast\n|-damage|p1a: Brambleghast|0 fnt\n|-unboost|p2a: Iron Valiant|def|1\n|-unboost|p2a: Iron Valiant|spd|1\n|faint|p1a: Brambleghast\n|\n|upkeep\n|\n|t:|1700112013\n|switch|p1a: Enamorus|Enamorus, F|100\/100\n|turn|10\n|\n|t:|1700112015\n|move|p2a: Iron Valiant|Thunderbolt|p1a: Enamorus\n|-supereffective|p1a: Enamorus\n|-damage|p1a: Enamorus|56\/100\n|move|p1a: Enamorus|Moonblast|p2a: Iron Valiant\n|-supereffective|p2a: Iron Valiant\n|-damage|p2a: Iron Valiant|0 fnt\n|faint|p2a: Iron Valiant\n|-end|p2a: Iron Valiant|Quark Drive|[silent]\n|\n|-sideend|p1: Anonxx01|move: Aurora Veil\n|upkeep\n|\n|t:|1700112019\n|switch|p2a: Dragonite|Dragonite, M, shiny|100\/100\n|turn|11\n|\n|t:|1700112027\n|move|p2a: Dragonite|Extreme Speed|p1a: Enamorus\n|-damage|p1a: Enamorus|7\/100\n|move|p1a: Enamorus|Moonblast|p2a: Dragonite\n|-supereffective|p2a: Dragonite\n|-damage|p2a: Dragonite|37\/100\n|\n|upkeep\n|turn|12\n|\n|t:|1700112031\n|switch|p1a: Ninetales|Ninetales-Alola, F, shiny|56\/100\n|-weather|Snow|[from] ability: Snow Warning|[of] p1a: Ninetales\n|move|p2a: Dragonite|Extreme Speed|p1a: Ninetales\n|-damage|p1a: Ninetales|31\/100\n|\n|-weather|Snow|[upkeep]\n|upkeep\n|turn|13\n|\n|t:|1700112037\n|-terastallize|p2a: Dragonite|Normal\n|move|p2a: Dragonite|Extreme Speed|p1a: Ninetales\n|-damage|p1a: Ninetales|0 fnt\n|faint|p1a: Ninetales\n|\n|-weather|Snow|[upkeep]\n|upkeep\n|\n|t:|1700112041\n|switch|p1a: Ting-Lu|Ting-Lu|100\/100\n|-ability|p1a: Ting-Lu|Vessel of Ruin\n|turn|14\n|\n|t:|1700112043\n|switch|p2a: Great Tusk|Great Tusk, shiny|100\/100\n|move|p1a: Ting-Lu|Earthquake|p2a: Great Tusk\n|-damage|p2a: Great Tusk|72\/100\n|\n|-weather|Snow|[upkeep]\n|upkeep\n|turn|15\n|j| youngkd354life\n|\n|t:|1700112049\n|move|p2a: Great Tusk|Ice Spinner|p1a: Ting-Lu\n|-supereffective|p1a: Ting-Lu\n|-damage|p1a: Ting-Lu|69\/100\n|move|p1a: Ting-Lu|Earthquake|p2a: Great Tusk\n|-damage|p2a: Great Tusk|47\/100\n|\n|-weather|Snow|[upkeep]\n|-heal|p1a: Ting-Lu|75\/100|[from] item: Leftovers\n|upkeep\n|turn|16\n|j| Scrulp\n|\n|t:|1700112055\n|move|p2a: Great Tusk|Ice Spinner|p1a: Ting-Lu\n|-supereffective|p1a: Ting-Lu\n|-damage|p1a: Ting-Lu|43\/100\n|move|p1a: Ting-Lu|Earthquake|p2a: Great Tusk\n|-damage|p2a: Great Tusk|19\/100\n|\n|-weather|none\n|-heal|p1a: Ting-Lu|49\/100|[from] item: Leftovers\n|upkeep\n|turn|17\n|l| Scrulp\n|\n|t:|1700112062\n|move|p2a: Great Tusk|Ice Spinner|p1a: Ting-Lu\n|-supereffective|p1a: Ting-Lu\n|-damage|p1a: Ting-Lu|21\/100\n|move|p1a: Ting-Lu|Earthquake|p2a: Great Tusk\n|-damage|p2a: Great Tusk|0 fnt\n|faint|p2a: Great Tusk\n|-end|p2a: Great Tusk|Protosynthesis|[silent]\n|\n|-heal|p1a: Ting-Lu|27\/100|[from] item: Leftovers\n|upkeep\n|\n|t:|1700112067\n|switch|p2a: Kingambit|Kingambit, F, shiny|100\/100\n|-activate|p2a: Kingambit|ability: Supreme Overlord\n|-start|p2a: Kingambit|fallen4|[silent]\n|turn|18\n|\n|t:|1700112075\n|move|p2a: Kingambit|Iron Head|p1a: Ting-Lu\n|-damage|p1a: Ting-Lu|0 fnt\n|faint|p1a: Ting-Lu\n|\n|upkeep\n|\n|t:|1700112079\n|switch|p1a: Crawdaunt|Crawdaunt, F|100\/100\n|turn|19\n|\n|t:|1700112082\n|move|p1a: Crawdaunt|Crabhammer|p2a: Kingambit\n|-damage|p2a: Kingambit|22\/100\n|move|p2a: Kingambit|Kowtow Cleave|p1a: Crawdaunt\n|-resisted|p1a: Crawdaunt\n|-damage|p1a: Crawdaunt|56\/100\n|\n|-heal|p2a: Kingambit|28\/100|[from] item: Leftovers\n|upkeep\n|turn|20\n|\n|t:|1700112087\n|switch|p1a: Enamorus|Enamorus, F|7\/100\n|move|p2a: Kingambit|Sucker Punch||[still]\n|-fail|p2a: Kingambit\n|\n|-heal|p2a: Kingambit|34\/100|[from] item: Leftovers\n|upkeep\n|turn|21\n|j| Roshino\n|\n|t:|1700112091\n|move|p2a: Kingambit|Sucker Punch||[still]\n|-fail|p2a: Kingambit\n|move|p1a: Enamorus|Healing Wish|p1a: Enamorus\n|faint|p1a: Enamorus\n|\n|-heal|p2a: Kingambit|40\/100|[from] item: Leftovers\n|upkeep\n|\n|t:|1700112093\n|switch|p1a: Crawdaunt|Crawdaunt, F|56\/100\n|-heal|p1a: Crawdaunt|100\/100|[from] move: Healing Wish\n|turn|22\n|\n|t:|1700112096\n|move|p1a: Crawdaunt|Aqua Jet|p2a: Kingambit\n|-damage|p2a: Kingambit|6\/100\n|move|p2a: Kingambit|Sucker Punch||[still]\n|-fail|p2a: Kingambit\n|\n|-heal|p2a: Kingambit|12\/100|[from] item: Leftovers\n|upkeep\n|turn|23\n|\n|t:|1700112098\n|move|p1a: Crawdaunt|Aqua Jet|p2a: Kingambit\n|-damage|p2a: Kingambit|0 fnt\n|faint|p2a: Kingambit\n|-end|p2a: Kingambit|fallen4|[silent]\n|\n|upkeep\n|\n|t:|1700112099\n|switch|p2a: Dragonite|Dragonite, M, shiny, tera:Normal|37\/100\n|turn|24\n|\n|t:|1700112101\n|move|p2a: Dragonite|Extreme Speed|p1a: Crawdaunt\n|-damage|p1a: Crawdaunt|42\/100\n|move|p1a: Crawdaunt|Aqua Jet|p2a: Dragonite\n|-damage|p2a: Dragonite|0 fnt\n|faint|p2a: Dragonite\n|\n|win|Anonxx01\n|raw|Anonxx01's rating: 1711 &rarr; <strong>1728<\/strong><br \/>(+17 for winning)\n|raw|Apoiguespm's rating: 1667 &rarr; <strong>1650<\/strong><br \/>(-17 for losing)\n|l|\u2606Apoiguespm\n|l| youngkd354life\n|l|\u2606Anonxx01\n|l| Roshino\n","uploadtime":1700112293,"views":8,"p1id":"anonxx01","p2id":"apoiguespm","formatid":"gen9ou","rating":1650,"private":0,"password":""}