{"id":"gen9ou-1991164944","p1":"camo13","p2":"Jeanmilapipe","format":"[Gen 9] OU","log":"|j|\u2606camo13\n|j|\u2606Jeanmilapipe\n|t:|1700052401\n|gametype|singles\n|player|p1|camo13|2|1642\n|player|p2|Jeanmilapipe|n|1743\n|teamsize|p1|6\n|teamsize|p2|6\n|gen|9\n|tier|[Gen 9] OU\n|rated|\n|rule|Sleep Clause Mod: Limit one foe put to sleep\n|rule|Species Clause: Limit one of each Pok\u00e9mon\n|rule|OHKO Clause: OHKO moves are banned\n|rule|Evasion Items Clause: Evasion items are banned\n|rule|Evasion Moves Clause: Evasion moves are banned\n|rule|Endless Battle Clause: Forcing endless battles is banned\n|rule|HP Percentage Mod: HP is shown in percentages\n|clearpoke\n|poke|p1|Clodsire, F|\n|poke|p1|Dragonite, M|\n|poke|p1|Corviknight, F|\n|poke|p1|Arcanine-Hisui, M|\n|poke|p1|Dondozo, M|\n|poke|p1|Iron Valiant|\n|poke|p2|Ceruledge, F|\n|poke|p2|Ogerpon-Wellspring, F|\n|poke|p2|Haxorus, F|\n|poke|p2|Zapdos|\n|poke|p2|Cinderace, F|\n|poke|p2|Iron Valiant|\n|teampreview\n|inactive|Battle timer is ON: inactive players will automatically lose when time's up. (requested by camo13)\n|\n|t:|1700052417\n|start\n|switch|p1a: Iron Valiant|Iron Valiant|100\/100\n|switch|p2a: Iron Valiant|Iron Valiant|100\/100\n|turn|1\n|\n|t:|1700052424\n|-end|p2a: Iron Valiant|Quark Drive|[silent]\n|switch|p2a: Cinderace|Cinderace, F|100\/100\n|-end|p1a: Iron Valiant|Quark Drive|[silent]\n|switch|p1a: Clodsire|Clodsire, F|100\/100\n|\n|upkeep\n|turn|2\n|\n|t:|1700052430\n|switch|p1a: Dondozo|Dondozo, M|100\/100\n|move|p2a: Cinderace|Pyro Ball|p1a: Dondozo\n|-resisted|p1a: Dondozo\n|-damage|p1a: Dondozo|88\/100\n|-status|p1a: Dondozo|brn\n|\n|-damage|p1a: Dondozo|82\/100 brn|[from] brn\n|upkeep\n|turn|3\n|j| sleepcooling\n|\n|t:|1700052443\n|switch|p1a: Corviknight|Corviknight, F|100\/100\n|move|p2a: Cinderace|U-turn|p1a: Corviknight\n|-resisted|p1a: Corviknight\n|-damage|p1a: Corviknight|97\/100\n|-damage|p2a: Cinderace|84\/100|[from] item: Rocky Helmet|[of] p1a: Corviknight\n|\n|t:|1700052451\n|switch|p2a: Zapdos|Zapdos|100\/100|[from] U-turn\n|\n|upkeep\n|turn|4\n|\n|t:|1700052455\n|switch|p1a: Clodsire|Clodsire, F|100\/100\n|move|p2a: Zapdos|U-turn|p1a: Clodsire\n|-resisted|p1a: Clodsire\n|-damage|p1a: Clodsire|94\/100\n|\n|t:|1700052473\n|switch|p2a: Cinderace|Cinderace, F|84\/100|[from] U-turn\n|\n|-heal|p1a: Clodsire|99\/100|[from] item: Leftovers\n|upkeep\n|turn|5\n|\n|t:|1700052480\n|switch|p1a: Dondozo|Dondozo, M|82\/100 brn\n|move|p2a: Cinderace|U-turn|p1a: Dondozo\n|-damage|p1a: Dondozo|71\/100 brn\n|-damage|p2a: Cinderace|67\/100|[from] item: Rocky Helmet|[of] p1a: Dondozo\n|\n|t:|1700052486\n|switch|p2a: Haxorus|Haxorus, F|100\/100|[from] U-turn\n|-ability|p2a: Haxorus|Mold Breaker\n|\n|-damage|p1a: Dondozo|65\/100 brn|[from] brn\n|upkeep\n|turn|6\n|\n|t:|1700052511\n|move|p2a: Haxorus|Dragon Dance|p2a: Haxorus\n|-boost|p2a: Haxorus|atk|1\n|-boost|p2a: Haxorus|spe|1\n|move|p1a: Dondozo|Rest|p1a: Dondozo\n|-status|p1a: Dondozo|slp|[from] move: Rest\n|-heal|p1a: Dondozo|100\/100 slp|[silent]\n|\n|upkeep\n|turn|7\n|\n|t:|1700052520\n|move|p2a: Haxorus|Dragon Dance|p2a: Haxorus\n|-boost|p2a: Haxorus|atk|1\n|-boost|p2a: Haxorus|spe|1\n|cant|p1a: Dondozo|slp\n|move|p1a: Dondozo|Sleep Talk|p1a: Dondozo\n|move|p1a: Dondozo|Waterfall|p2a: Haxorus|[from]move: Sleep Talk\n|-resisted|p2a: Haxorus\n|-damage|p2a: Haxorus|83\/100\n|\n|upkeep\n|turn|8\n|\n|t:|1700052532\n|move|p2a: Haxorus|Swords Dance|p2a: Haxorus\n|-boost|p2a: Haxorus|atk|2\n|cant|p1a: Dondozo|slp\n|move|p1a: Dondozo|Sleep Talk|p1a: Dondozo\n|move|p1a: Dondozo|Curse|p1a: Dondozo|[from]move: Sleep Talk\n|-unboost|p1a: Dondozo|spe|1\n|-boost|p1a: Dondozo|atk|1\n|-boost|p1a: Dondozo|def|1\n|\n|upkeep\n|turn|9\n|\n|t:|1700052543\n|move|p2a: Haxorus|Scale Shot|p1a: Dondozo\n|-damage|p1a: Dondozo|87\/100 slp\n|-damage|p1a: Dondozo|75\/100 slp\n|-damage|p1a: Dondozo|62\/100 slp\n|-damage|p1a: Dondozo|49\/100 slp\n|-hitcount|p1a: Dondozo|4\n|-unboost|p2a: Haxorus|def|1\n|-boost|p2a: Haxorus|spe|1\n|-curestatus|p1a: Dondozo|slp|[msg]\n|move|p1a: Dondozo|Curse|p1a: Dondozo\n|-unboost|p1a: Dondozo|spe|1\n|-boost|p1a: Dondozo|atk|1\n|-boost|p1a: Dondozo|def|1\n|\n|upkeep\n|turn|10\n|l|\u2606Jeanmilapipe\n|inactive|Jeanmilapipe disconnected and has a minute to reconnect!\n|player|p2|\n|inactive|camo13 has 120 seconds left.\n|\n|t:|1700052574\n|move|p2a: Haxorus|Scale Shot|p1a: Dondozo\n|-damage|p1a: Dondozo|39\/100\n|-damage|p1a: Dondozo|29\/100\n|-damage|p1a: Dondozo|19\/100\n|-damage|p1a: Dondozo|9\/100\n|-hitcount|p1a: Dondozo|4\n|-unboost|p2a: Haxorus|def|1\n|-boost|p2a: Haxorus|spe|1\n|move|p1a: Dondozo|Rest|p1a: Dondozo\n|-status|p1a: Dondozo|slp|[from] move: Rest\n|-heal|p1a: Dondozo|100\/100 slp|[silent]\n|\n|upkeep\n|turn|11\n|inactive|camo13 has 120 seconds left.\n|j|\u2606Jeanmilapipe\n|inactive|Jeanmilapipe reconnected and has 130 seconds left.\n|player|p2|Jeanmilapipe|n\n|\n|t:|1700052601\n|move|p2a: Haxorus|Scale Shot|p1a: Dondozo\n|-damage|p1a: Dondozo|91\/100 slp\n|-damage|p1a: Dondozo|81\/100 slp\n|-damage|p1a: Dondozo|70\/100 slp\n|-crit|p1a: Dondozo\n|-damage|p1a: Dondozo|41\/100 slp\n|-damage|p1a: Dondozo|31\/100 slp\n|-hitcount|p1a: Dondozo|5\n|-unboost|p2a: Haxorus|def|1\n|-boost|p2a: Haxorus|spe|1\n|cant|p1a: Dondozo|slp\n|move|p1a: Dondozo|Sleep Talk|p1a: Dondozo\n|move|p1a: Dondozo|Curse|p1a: Dondozo|[from]move: Sleep Talk\n|-unboost|p1a: Dondozo|spe|1\n|-boost|p1a: Dondozo|atk|1\n|-boost|p1a: Dondozo|def|1\n|\n|upkeep\n|turn|12\n|inactive|camo13 has 120 seconds left.\n|inactive|Jeanmilapipe has 120 seconds left.\n|\n|t:|1700052621\n|move|p2a: Haxorus|Scale Shot|p1a: Dondozo\n|-damage|p1a: Dondozo|22\/100 slp\n|-damage|p1a: Dondozo|14\/100 slp\n|-damage|p1a: Dondozo|6\/100 slp\n|-damage|p1a: Dondozo|0 fnt\n|faint|p1a: Dondozo\n|-hitcount|p1: Dondozo|4\n|-unboost|p2a: Haxorus|def|1\n|-boost|p2a: Haxorus|spe|1\n|\n|upkeep\n|\n|t:|1700052632\n|switch|p1a: Iron Valiant|Iron Valiant|100\/100\n|turn|13\n|\n|t:|1700052639\n|-terastallize|p2a: Haxorus|Ghost\n|move|p2a: Haxorus|Shadow Claw|p1a: Iron Valiant\n|-crit|p1a: Iron Valiant\n|-enditem|p1a: Iron Valiant|Focus Sash\n|-damage|p1a: Iron Valiant|1\/100\n|move|p1a: Iron Valiant|Drain Punch|p2a: Haxorus\n|-immune|p2a: Haxorus\n|\n|upkeep\n|turn|14\n|inactive|camo13 has 120 seconds left.\n|\n|t:|1700052649\n|move|p2a: Haxorus|Shadow Claw|p1a: Iron Valiant\n|-damage|p1a: Iron Valiant|0 fnt\n|faint|p1a: Iron Valiant\n|-end|p1a: Iron Valiant|Quark Drive|[silent]\n|\n|upkeep\n|inactive|camo13 has 120 seconds left.\n|inactive|camo13 has 90 seconds left.\n|\n|t:|1700052686\n|switch|p1a: Corviknight|Corviknight, F|97\/100\n|turn|15\n|\n|t:|1700052690\n|move|p2a: Haxorus|Shadow Claw|p1a: Corviknight\n|-crit|p1a: Corviknight\n|-damage|p1a: Corviknight|0 fnt\n|-damage|p2a: Haxorus|67\/100|[from] item: Rocky Helmet|[of] p1a: Corviknight\n|faint|p1a: Corviknight\n|\n|upkeep\n|\n|t:|1700052694\n|switch|p1a: Clodsire|Clodsire, F|99\/100\n|turn|16\n|\n|t:|1700052699\n|move|p2a: Haxorus|Scale Shot|p1a: Clodsire\n|-damage|p1a: Clodsire|48\/100\n|-damage|p1a: Clodsire|0 fnt\n|faint|p1a: Clodsire\n|-hitcount|p1: Clodsire|2\n|-unboost|p2a: Haxorus|def|1\n|\n|upkeep\n|-message|camo13 forfeited.\n|\n|win|Jeanmilapipe\n|raw|camo13's rating: 1642 &rarr; <strong>1628<\/strong><br \/>(-14 for losing)\n|raw|Jeanmilapipe's rating: 1743 &rarr; <strong>1757<\/strong><br \/>(+14 for winning)\n|l| sleepcooling\n|l|\u2606camo13\n|j| Wassup beijing\n","uploadtime":1700052712,"views":13,"p1id":"camo13","p2id":"jeanmilapipe","formatid":"gen9ou","rating":1628,"private":0,"password":""}