{"id":"gen9ou-1989742113","p1":"trialteam98","p2":"lavern2.","format":"[Gen 9] OU","log":"|j|\u2606trialteam98\n|j|\u2606lavern2.\n|t:|1699891865\n|gametype|singles\n|player|p1|trialteam98|lady-gen4|1241\n|player|p2|lavern2.|waiter|1221\n|teamsize|p1|6\n|teamsize|p2|6\n|gen|9\n|tier|[Gen 9] OU\n|rated|\n|rule|Sleep Clause Mod: Limit one foe put to sleep\n|rule|Species Clause: Limit one of each Pok\u00e9mon\n|rule|OHKO Clause: OHKO moves are banned\n|rule|Evasion Items Clause: Evasion items are banned\n|rule|Evasion Moves Clause: Evasion moves are banned\n|rule|Endless Battle Clause: Forcing endless battles is banned\n|rule|HP Percentage Mod: HP is shown in percentages\n|clearpoke\n|poke|p1|Skeledirge, F|\n|poke|p1|Hippowdon, M|\n|poke|p1|Hatterene, F|\n|poke|p1|Blissey, F|\n|poke|p1|Chansey, F|\n|poke|p1|Clefable, M|\n|poke|p2|Ninetales-Alola, M|\n|poke|p2|Landorus-Therian, M|\n|poke|p2|Kingambit, F|\n|poke|p2|Dragapult, F|\n|poke|p2|Iron Treads|\n|poke|p2|Iron Moth|\n|teampreview\n|\n|t:|1699891875\n|start\n|switch|p1a: Hippowdon|Hippowdon, M|100\/100\n|switch|p2a: Landorus|Landorus-Therian, M|100\/100\n|-ability|p2a: Landorus|Intimidate|boost\n|-unboost|p1a: Hippowdon|atk|1\n|-weather|Sandstorm|[from] ability: Sand Stream|[of] p1a: Hippowdon\n|turn|1\n|\n|t:|1699891885\n|move|p2a: Landorus|Taunt|p1a: Hippowdon\n|-start|p1a: Hippowdon|move: Taunt\n|cant|p1a: Hippowdon|move: Taunt|Stealth Rock\n|\n|-weather|Sandstorm|[upkeep]\n|upkeep\n|turn|2\n|\n|t:|1699891891\n|switch|p1a: Hatterene|Hatterene, F|100\/100\n|move|p2a: Landorus|Stealth Rock|p1a: Hatterene\n|move|p1a: Hatterene|Stealth Rock|p2a: Landorus|[from]ability: Magic Bounce\n|-sidestart|p2: lavern2.|move: Stealth Rock\n|\n|-weather|Sandstorm|[upkeep]\n|-damage|p1a: Hatterene|95\/100|[from] Sandstorm\n|upkeep\n|turn|3\n|\n|t:|1699891906\n|move|p2a: Landorus|Protect|p2a: Landorus\n|-singleturn|p2a: Landorus|Protect\n|move|p1a: Hatterene|Giga Drain|p2a: Landorus\n|-activate|p2a: Landorus|move: Protect\n|\n|-weather|Sandstorm|[upkeep]\n|-damage|p1a: Hatterene|89\/100|[from] Sandstorm\n|upkeep\n|turn|4\n|\n|t:|1699891927\n|switch|p2a: Iron Moth|Iron Moth|100\/100\n|-damage|p2a: Iron Moth|76\/100|[from] Stealth Rock\n|-item|p2a: Iron Moth|Air Balloon\n|move|p1a: Hatterene|Mystical Fire|p2a: Iron Moth\n|-resisted|p2a: Iron Moth\n|-damage|p2a: Iron Moth|60\/100\n|-unboost|p2a: Iron Moth|spa|1\n|-enditem|p2a: Iron Moth|Air Balloon\n|\n|-weather|Sandstorm|[upkeep]\n|-damage|p2a: Iron Moth|54\/100|[from] Sandstorm\n|-damage|p1a: Hatterene|83\/100|[from] Sandstorm\n|upkeep\n|turn|5\n|\n|t:|1699891941\n|switch|p1a: Hippowdon|Hippowdon, M|100\/100\n|move|p2a: Iron Moth|Sludge Wave|p1a: Hippowdon\n|-resisted|p1a: Hippowdon\n|-damage|p1a: Hippowdon|83\/100\n|\n|-weather|none\n|-heal|p1a: Hippowdon|89\/100|[from] item: Leftovers\n|upkeep\n|turn|6\n|\n|t:|1699891953\n|move|p2a: Iron Moth|Energy Ball|p1a: Hippowdon\n|-supereffective|p1a: Hippowdon\n|-damage|p1a: Hippowdon|45\/100\n|move|p1a: Hippowdon|Whirlwind|p2a: Iron Moth\n|-end|p2a: Iron Moth|Quark Drive|[silent]\n|drag|p2a: Ninetales|Ninetales-Alola, M|100\/100\n|-damage|p2a: Ninetales|76\/100|[from] Stealth Rock\n|-weather|Snow|[from] ability: Snow Warning|[of] p2a: Ninetales\n|\n|-weather|Snow|[upkeep]\n|-heal|p1a: Hippowdon|51\/100|[from] item: Leftovers\n|upkeep\n|turn|7\n|\n|t:|1699891963\n|switch|p1a: Blissey|Blissey, F|100\/100\n|move|p2a: Ninetales|Freeze-Dry|p1a: Blissey\n|-damage|p1a: Blissey|91\/100\n|\n|-weather|Snow|[upkeep]\n|-heal|p1a: Blissey|97\/100|[from] item: Leftovers\n|upkeep\n|turn|8\n|\n|t:|1699891968\n|switch|p1a: Hippowdon|Hippowdon, M|51\/100\n|-weather|Sandstorm|[from] ability: Sand Stream|[of] p1a: Hippowdon\n|move|p2a: Ninetales|Aurora Veil||[still]\n|-fail|p2a: Ninetales\n|\n|-weather|Sandstorm|[upkeep]\n|-damage|p2a: Ninetales|70\/100|[from] Sandstorm\n|-heal|p1a: Hippowdon|57\/100|[from] item: Leftovers\n|upkeep\n|turn|9\n|\n|t:|1699891978\n|switch|p2a: Iron Moth|Iron Moth|54\/100\n|-damage|p2a: Iron Moth|29\/100|[from] Stealth Rock\n|switch|p1a: Blissey|Blissey, F|97\/100\n|\n|-weather|Sandstorm|[upkeep]\n|-damage|p2a: Iron Moth|23\/100|[from] Sandstorm\n|-damage|p1a: Blissey|91\/100|[from] Sandstorm\n|-heal|p1a: Blissey|97\/100|[from] item: Leftovers\n|upkeep\n|turn|10\n|\n|t:|1699891988\n|move|p2a: Iron Moth|Fiery Dance|p1a: Blissey\n|-damage|p1a: Blissey|81\/100\n|move|p1a: Blissey|Thunder Wave|p2a: Iron Moth\n|-status|p2a: Iron Moth|par\n|\n|-weather|Sandstorm|[upkeep]\n|-damage|p2a: Iron Moth|17\/100 par|[from] Sandstorm\n|-damage|p1a: Blissey|75\/100|[from] Sandstorm\n|-heal|p1a: Blissey|81\/100|[from] item: Leftovers\n|upkeep\n|turn|11\n|\n|t:|1699891999\n|move|p2a: Iron Moth|Fiery Dance|p1a: Blissey\n|-damage|p1a: Blissey|63\/100\n|-boost|p2a: Iron Moth|spa|1\n|move|p1a: Blissey|Shadow Ball|p2a: Iron Moth\n|-damage|p2a: Iron Moth|1\/100 par\n|\n|-weather|Sandstorm|[upkeep]\n|-damage|p2a: Iron Moth|0 fnt|[from] Sandstorm\n|-damage|p1a: Blissey|57\/100|[from] Sandstorm\n|faint|p2a: Iron Moth\n|-end|p2a: Iron Moth|Quark Drive|[silent]\n|-heal|p1a: Blissey|63\/100|[from] item: Leftovers\n|upkeep\n|\n|t:|1699892016\n|switch|p2a: Landorus|Landorus-Therian, M|100\/100\n|-damage|p2a: Landorus|88\/100|[from] Stealth Rock\n|-ability|p2a: Landorus|Intimidate|boost\n|-unboost|p1a: Blissey|atk|1\n|turn|12\n|inactive|Battle timer is ON: inactive players will automatically lose when time's up. (requested by trialteam98)\n|\n|t:|1699892022\n|switch|p1a: Hatterene|Hatterene, F|83\/100\n|move|p2a: Landorus|Stealth Rock|p1a: Hatterene\n|move|p1a: Hatterene|Stealth Rock||[from]ability: Magic Bounce|[still]\n|-fail|p1a: Hatterene\n|\n|-weather|none\n|upkeep\n|turn|13\n|inactive|lavern2. has 120 seconds left.\n|\n|t:|1699892058\n|move|p2a: Landorus|Earthquake|p1a: Hatterene\n|-damage|p1a: Hatterene|28\/100\n|move|p1a: Hatterene|Mystical Fire|p2a: Landorus\n|-damage|p2a: Landorus|54\/100\n|-unboost|p2a: Landorus|spa|1\n|\n|upkeep\n|turn|14\n|\n|t:|1699892073\n|-terastallize|p1a: Hatterene|Grass\n|move|p2a: Landorus|Earthquake|p1a: Hatterene\n|-resisted|p1a: Hatterene\n|-damage|p1a: Hatterene|4\/100\n|move|p1a: Hatterene|Giga Drain|p2a: Landorus\n|-crit|p2a: Landorus\n|-damage|p2a: Landorus|0 fnt\n|-heal|p1a: Hatterene|46\/100|[from] drain|[of] p2a: Landorus\n|faint|p2a: Landorus\n|\n|upkeep\n|inactive|lavern2. has 120 seconds left.\n|\n|t:|1699892087\n|switch|p2a: Ninetales|Ninetales-Alola, M|70\/100\n|-damage|p2a: Ninetales|45\/100|[from] Stealth Rock\n|-weather|Snow|[from] ability: Snow Warning|[of] p2a: Ninetales\n|turn|15\n|\n|t:|1699892092\n|switch|p1a: Hippowdon|Hippowdon, M|57\/100\n|-weather|Sandstorm|[from] ability: Sand Stream|[of] p1a: Hippowdon\n|move|p2a: Ninetales|Freeze-Dry|p1a: Hippowdon\n|-supereffective|p1a: Hippowdon\n|-damage|p1a: Hippowdon|0 fnt\n|faint|p1a: Hippowdon\n|\n|-weather|Sandstorm|[upkeep]\n|-damage|p2a: Ninetales|39\/100|[from] Sandstorm\n|upkeep\n|\n|t:|1699892108\n|switch|p1a: Blissey|Blissey, F|63\/100\n|turn|16\n|\n|t:|1699892113\n|move|p2a: Ninetales|Draining Kiss|p1a: Blissey\n|-damage|p1a: Blissey|56\/100\n|-heal|p2a: Ninetales|53\/100|[from] drain|[of] p1a: Blissey\n|move|p1a: Blissey|Body Slam|p2a: Ninetales\n|-damage|p2a: Ninetales|42\/100\n|-status|p2a: Ninetales|par\n|\n|-weather|Sandstorm|[upkeep]\n|-damage|p2a: Ninetales|36\/100 par|[from] Sandstorm\n|-damage|p1a: Blissey|50\/100|[from] Sandstorm\n|-heal|p1a: Blissey|56\/100|[from] item: Leftovers\n|upkeep\n|turn|17\n|\n|t:|1699892124\n|switch|p2a: Iron Treads|Iron Treads|100\/100\n|move|p1a: Blissey|Soft-Boiled|p1a: Blissey\n|-heal|p1a: Blissey|100\/100\n|\n|-weather|Sandstorm|[upkeep]\n|-damage|p1a: Blissey|94\/100|[from] Sandstorm\n|-heal|p1a: Blissey|100\/100|[from] item: Leftovers\n|upkeep\n|turn|18\n|\n|t:|1699892129\n|switch|p1a: Skeledirge|Skeledirge, F|100\/100\n|move|p2a: Iron Treads|Rapid Spin|p1a: Skeledirge\n|-immune|p1a: Skeledirge\n|\n|-weather|Sandstorm|[upkeep]\n|-damage|p1a: Skeledirge|94\/100|[from] Sandstorm\n|-heal|p1a: Skeledirge|100\/100|[from] item: Leftovers\n|upkeep\n|turn|19\n|\n|t:|1699892137\n|move|p2a: Iron Treads|Earthquake|p1a: Skeledirge\n|-supereffective|p1a: Skeledirge\n|-damage|p1a: Skeledirge|35\/100\n|move|p1a: Skeledirge|Will-O-Wisp|p2a: Iron Treads\n|-status|p2a: Iron Treads|brn\n|\n|-weather|none\n|-heal|p1a: Skeledirge|41\/100|[from] item: Leftovers\n|-damage|p2a: Iron Treads|94\/100 brn|[from] brn\n|upkeep\n|turn|20\n|\n|t:|1699892153\n|move|p2a: Iron Treads|Earthquake|p1a: Skeledirge\n|-supereffective|p1a: Skeledirge\n|-damage|p1a: Skeledirge|9\/100\n|move|p1a: Skeledirge|Earth Power|p2a: Iron Treads\n|-supereffective|p2a: Iron Treads\n|-damage|p2a: Iron Treads|45\/100 brn\n|\n|-heal|p1a: Skeledirge|15\/100|[from] item: Leftovers\n|-damage|p2a: Iron Treads|39\/100 brn|[from] brn\n|upkeep\n|turn|21\n|\n|t:|1699892168\n|switch|p1a: Blissey|Blissey, F|100\/100\n|move|p2a: Iron Treads|Earthquake|p1a: Blissey\n|-damage|p1a: Blissey|84\/100\n|\n|-heal|p1a: Blissey|90\/100|[from] item: Leftovers\n|-damage|p2a: Iron Treads|33\/100 brn|[from] brn\n|upkeep\n|turn|22\n|\n|t:|1699892172\n|switch|p1a: Skeledirge|Skeledirge, F|15\/100\n|move|p2a: Iron Treads|Rapid Spin|p1a: Skeledirge\n|-immune|p1a: Skeledirge\n|\n|-heal|p1a: Skeledirge|21\/100|[from] item: Leftovers\n|-damage|p2a: Iron Treads|27\/100 brn|[from] brn\n|upkeep\n|turn|23\n|\n|t:|1699892186\n|switch|p1a: Blissey|Blissey, F|90\/100\n|move|p2a: Iron Treads|Earthquake|p1a: Blissey\n|-damage|p1a: Blissey|75\/100\n|\n|-heal|p1a: Blissey|81\/100|[from] item: Leftovers\n|-damage|p2a: Iron Treads|20\/100 brn|[from] brn\n|upkeep\n|turn|24\n|\n|t:|1699892195\n|switch|p1a: Skeledirge|Skeledirge, F|21\/100\n|move|p2a: Iron Treads|Earthquake|p1a: Skeledirge\n|-supereffective|p1a: Skeledirge\n|-damage|p1a: Skeledirge|0 fnt\n|faint|p1a: Skeledirge\n|\n|-damage|p2a: Iron Treads|14\/100 brn|[from] brn\n|upkeep\n|\n|t:|1699892218\n|switch|p1a: Clefable|Clefable, M|100\/100\n|turn|25\n|\n|t:|1699892221\n|move|p2a: Iron Treads|Rapid Spin|p1a: Clefable\n|-damage|p1a: Clefable|93\/100\n|-boost|p2a: Iron Treads|spe|1\n|-sideend|p2: lavern2.|Stealth Rock|[from] move: Rapid Spin|[of] p2a: Iron Treads\n|move|p1a: Clefable|Cosmic Power|p1a: Clefable\n|-boost|p1a: Clefable|def|1\n|-boost|p1a: Clefable|spd|1\n|\n|-heal|p1a: Clefable|99\/100|[from] item: Leftovers\n|-damage|p2a: Iron Treads|8\/100 brn|[from] brn\n|upkeep\n|turn|26\n|\n|t:|1699892227\n|move|p2a: Iron Treads|Body Press|p1a: Clefable\n|-resisted|p1a: Clefable\n|-damage|p1a: Clefable|95\/100\n|move|p1a: Clefable|Cosmic Power|p1a: Clefable\n|-boost|p1a: Clefable|def|1\n|-boost|p1a: Clefable|spd|1\n|\n|-heal|p1a: Clefable|100\/100|[from] item: Leftovers\n|-damage|p2a: Iron Treads|2\/100 brn|[from] brn\n|upkeep\n|turn|27\n|\n|t:|1699892233\n|move|p2a: Iron Treads|Earthquake|p1a: Clefable\n|-damage|p1a: Clefable|91\/100\n|move|p1a: Clefable|Cosmic Power|p1a: Clefable\n|-boost|p1a: Clefable|def|1\n|-boost|p1a: Clefable|spd|1\n|\n|-heal|p1a: Clefable|97\/100|[from] item: Leftovers\n|-damage|p2a: Iron Treads|0 fnt|[from] brn\n|faint|p2a: Iron Treads\n|-end|p2a: Iron Treads|Quark Drive|[silent]\n|upkeep\n|\n|t:|1699892244\n|switch|p2a: Kingambit|Kingambit, F|100\/100\n|-activate|p2a: Kingambit|ability: Supreme Overlord\n|-start|p2a: Kingambit|fallen3|[silent]\n|turn|28\n|\n|t:|1699892252\n|-terastallize|p2a: Kingambit|Water\n|move|p1a: Clefable|Cosmic Power|p1a: Clefable\n|-boost|p1a: Clefable|def|1\n|-boost|p1a: Clefable|spd|1\n|move|p2a: Kingambit|Iron Head|p1a: Clefable\n|-supereffective|p1a: Clefable\n|-damage|p1a: Clefable|54\/100\n|\n|-heal|p1a: Clefable|60\/100|[from] item: Leftovers\n|upkeep\n|turn|29\n|\n|t:|1699892261\n|move|p1a: Clefable|Moonlight|p1a: Clefable\n|-heal|p1a: Clefable|100\/100\n|move|p2a: Kingambit|Swords Dance|p2a: Kingambit\n|-boost|p2a: Kingambit|atk|2\n|\n|upkeep\n|turn|30\n|\n|t:|1699892266\n|move|p1a: Clefable|Cosmic Power|p1a: Clefable\n|-boost|p1a: Clefable|def|1\n|-boost|p1a: Clefable|spd|1\n|move|p2a: Kingambit|Iron Head|p1a: Clefable\n|-supereffective|p1a: Clefable\n|-damage|p1a: Clefable|62\/100\n|\n|-heal|p1a: Clefable|68\/100|[from] item: Leftovers\n|upkeep\n|turn|31\n|\n|t:|1699892274\n|move|p1a: Clefable|Cosmic Power|p1a: Clefable\n|-boost|p1a: Clefable|def|1\n|-boost|p1a: Clefable|spd|1\n|move|p2a: Kingambit|Swords Dance|p2a: Kingambit\n|-boost|p2a: Kingambit|atk|2\n|\n|-heal|p1a: Clefable|74\/100|[from] item: Leftovers\n|upkeep\n|turn|32\n|\n|t:|1699892284\n|move|p1a: Clefable|Stored Power|p2a: Kingambit\n|-damage|p2a: Kingambit|20\/100\n|move|p2a: Kingambit|Iron Head|p1a: Clefable\n|-supereffective|p1a: Clefable\n|-damage|p1a: Clefable|38\/100\n|\n|-heal|p1a: Clefable|44\/100|[from] item: Leftovers\n|-heal|p2a: Kingambit|26\/100|[from] item: Leftovers\n|upkeep\n|turn|33\n|\n|t:|1699892296\n|move|p1a: Clefable|Moonlight|p1a: Clefable\n|-heal|p1a: Clefable|94\/100\n|move|p2a: Kingambit|Iron Head|p1a: Clefable\n|-supereffective|p1a: Clefable\n|-damage|p1a: Clefable|60\/100\n|\n|-heal|p1a: Clefable|66\/100|[from] item: Leftovers\n|-heal|p2a: Kingambit|32\/100|[from] item: Leftovers\n|upkeep\n|turn|34\n|\n|t:|1699892303\n|move|p1a: Clefable|Stored Power|p2a: Kingambit\n|-damage|p2a: Kingambit|0 fnt\n|faint|p2a: Kingambit\n|-end|p2a: Kingambit|fallen3|[silent]\n|\n|-heal|p1a: Clefable|72\/100|[from] item: Leftovers\n|upkeep\n|\n|t:|1699892306\n|switch|p2a: Ninetales|Ninetales-Alola, M|36\/100 par\n|-weather|Snow|[from] ability: Snow Warning|[of] p2a: Ninetales\n|turn|35\n|\n|t:|1699892310\n|move|p2a: Ninetales|Aurora Veil|p2a: Ninetales\n|-sidestart|p2: lavern2.|move: Aurora Veil\n|move|p1a: Clefable|Stored Power|p2a: Ninetales\n|-damage|p2a: Ninetales|0 fnt\n|faint|p2a: Ninetales\n|\n|-weather|Snow|[upkeep]\n|-heal|p1a: Clefable|78\/100|[from] item: Leftovers\n|upkeep\n|\n|t:|1699892313\n|switch|p2a: Dragapult|Dragapult, F|100\/100\n|turn|36\n|\n|t:|1699892321\n|move|p2a: Dragapult|Thunderbolt|p1a: Clefable\n|-damage|p1a: Clefable|69\/100\n|move|p1a: Clefable|Moonblast|p2a: Dragapult\n|-supereffective|p2a: Dragapult\n|-damage|p2a: Dragapult|43\/100\n|\n|-weather|Snow|[upkeep]\n|-heal|p1a: Clefable|75\/100|[from] item: Leftovers\n|upkeep\n|turn|37\n|\n|t:|1699892329\n|move|p2a: Dragapult|Thunderbolt|p1a: Clefable\n|-damage|p1a: Clefable|65\/100\n|move|p1a: Clefable|Moonblast|p2a: Dragapult\n|-supereffective|p2a: Dragapult\n|-damage|p2a: Dragapult|0 fnt\n|faint|p2a: Dragapult\n|\n|win|trialteam98\n|raw|trialteam98's rating: 1241 &rarr; <strong>1265<\/strong><br \/>(+24 for winning)\n|raw|lavern2.'s rating: 1221 &rarr; <strong>1197<\/strong><br \/>(-24 for losing)\n|l|\u2606lavern2.\n","uploadtime":1699892334,"views":12,"p1id":"trialteam98","p2id":"lavern2","formatid":"gen9ou","rating":1197,"private":0,"password":""}