{"id":"gen9ou-2000255264","p1":"Josiah.green","p2":"Madness636","format":"[Gen 9] OU","log":"|j|\u2606Josiah.green\n|j|\u2606Madness636\n|t:|1701178122\n|gametype|singles\n|player|p1|Josiah.green|2|1051\n|player|p2|Madness636|265|1046\n|teamsize|p1|6\n|teamsize|p2|6\n|gen|9\n|tier|[Gen 9] OU\n|rated|\n|rule|Sleep Clause Mod: Limit one foe put to sleep\n|rule|Species Clause: Limit one of each Pok\u00e9mon\n|rule|OHKO Clause: OHKO moves are banned\n|rule|Evasion Items Clause: Evasion items are banned\n|rule|Evasion Moves Clause: Evasion moves are banned\n|rule|Endless Battle Clause: Forcing endless battles is banned\n|rule|HP Percentage Mod: HP is shown in percentages\n|clearpoke\n|poke|p1|Toxapex, F|\n|poke|p1|Infernape, M|\n|poke|p1|Ogerpon-Cornerstone, F|\n|poke|p1|Corviknight, M|\n|poke|p1|Hatterene, F|\n|poke|p1|Gengar, F|\n|poke|p2|Garchomp, F|\n|poke|p2|Corviknight, M|\n|poke|p2|Rillaboom, F|\n|poke|p2|Iron Moth|\n|poke|p2|Iron Valiant|\n|poke|p2|Rotom-Wash|\n|teampreview\n|\n|t:|1701178140\n|start\n|switch|p1a: Hatterene|Hatterene, F|100\/100\n|switch|p2a: Rotom|Rotom-Wash|100\/100\n|turn|1\n|\n|t:|1701178155\n|move|p2a: Rotom|Volt Switch|p1a: Hatterene\n|-damage|p1a: Hatterene|69\/100\n|\n|t:|1701178168\n|switch|p2a: Corviknight|Corviknight, M|100\/100|[from] Volt Switch\n|move|p1a: Hatterene|Trick Room|p1a: Hatterene\n|-fieldstart|move: Trick Room|[of] p1a: Hatterene\n|\n|upkeep\n|turn|2\n|\n|t:|1701178179\n|move|p1a: Hatterene|Shadow Ball|p2a: Corviknight\n|-damage|p2a: Corviknight|80\/100\n|move|p2a: Corviknight|Bulk Up|p2a: Corviknight\n|-boost|p2a: Corviknight|atk|1\n|-boost|p2a: Corviknight|def|1\n|\n|upkeep\n|turn|3\n|\n|t:|1701178193\n|move|p2a: Corviknight|Bulk Up|p2a: Corviknight\n|-boost|p2a: Corviknight|atk|1\n|-boost|p2a: Corviknight|def|1\n|move|p1a: Hatterene|Trick Room|p1a: Hatterene\n|-fieldend|move: Trick Room\n|\n|upkeep\n|turn|4\n|\n|t:|1701178204\n|move|p2a: Corviknight|Body Press|p1a: Hatterene\n|-resisted|p1a: Hatterene\n|-damage|p1a: Hatterene|58\/100\n|move|p1a: Hatterene|Shadow Ball|p2a: Corviknight\n|-damage|p2a: Corviknight|61\/100\n|\n|upkeep\n|turn|5\n|\n|t:|1701178228\n|switch|p2a: Iron Moth|Iron Moth|100\/100\n|-enditem|p2a: Iron Moth|Booster Energy\n|-activate|p2a: Iron Moth|ability: Quark Drive|[fromitem]\n|-start|p2a: Iron Moth|quarkdrivespa\n|move|p1a: Hatterene|Shadow Ball|p2a: Iron Moth\n|-damage|p2a: Iron Moth|67\/100\n|-unboost|p2a: Iron Moth|spd|1\n|\n|upkeep\n|turn|6\n|\n|t:|1701178243\n|move|p2a: Iron Moth|Fiery Dance|p1a: Hatterene\n|-damage|p1a: Hatterene|2\/100\n|move|p1a: Hatterene|Shadow Ball|p2a: Iron Moth\n|-damage|p2a: Iron Moth|21\/100\n|\n|upkeep\n|turn|7\n|\n|t:|1701178255\n|move|p2a: Iron Moth|U-turn|p1a: Hatterene\n|-damage|p1a: Hatterene|0 fnt\n|faint|p1a: Hatterene\n|\n|t:|1701178271\n|-end|p2a: Iron Moth|Quark Drive|[silent]\n|switch|p2a: Garchomp|Garchomp, F|100\/100|[from] U-turn\n|\n|upkeep\n|inactive|Battle timer is ON: inactive players will automatically lose when time's up. (requested by Madness636)\n|\n|t:|1701178330\n|switch|p1a: Corviknight|Corviknight, M|100\/100\n|turn|8\n|\n|t:|1701178340\n|move|p2a: Garchomp|Fire Fang|p1a: Corviknight\n|-supereffective|p1a: Corviknight\n|-damage|p1a: Corviknight|51\/100\n|-damage|p2a: Garchomp|91\/100|[from] item: Life Orb\n|move|p1a: Corviknight|Tailwind|p1a: Corviknight\n|-sidestart|p1: Josiah.green|move: Tailwind\n|\n|upkeep\n|turn|9\n|\n|t:|1701178352\n|move|p1a: Corviknight|Iron Defense|p1a: Corviknight\n|-boost|p1a: Corviknight|def|2\n|move|p2a: Garchomp|Fire Fang|p1a: Corviknight\n|-supereffective|p1a: Corviknight\n|-damage|p1a: Corviknight|26\/100\n|-damage|p2a: Garchomp|81\/100|[from] item: Life Orb\n|\n|upkeep\n|turn|10\n|\n|t:|1701178361\n|move|p1a: Corviknight|Iron Defense|p1a: Corviknight\n|-boost|p1a: Corviknight|def|2\n|move|p2a: Garchomp|Fire Fang|p1a: Corviknight\n|-supereffective|p1a: Corviknight\n|-damage|p1a: Corviknight|9\/100\n|-enditem|p1a: Corviknight|Aguav Berry|[eat]\n|-heal|p1a: Corviknight|42\/100|[from] item: Aguav Berry\n|-damage|p2a: Garchomp|71\/100|[from] item: Life Orb\n|\n|upkeep\n|turn|11\n|\n|t:|1701178379\n|switch|p2a: Rotom|Rotom-Wash|100\/100\n|move|p1a: Corviknight|Body Press|p2a: Rotom\n|-damage|p2a: Rotom|22\/100\n|\n|-heal|p2a: Rotom|28\/100|[from] item: Leftovers\n|-sideend|p1: Josiah.green|move: Tailwind\n|upkeep\n|turn|12\n|\n|t:|1701178393\n|move|p2a: Rotom|Discharge|p1a: Corviknight\n|-supereffective|p1a: Corviknight\n|-damage|p1a: Corviknight|0 fnt\n|faint|p1a: Corviknight\n|\n|-heal|p2a: Rotom|34\/100|[from] item: Leftovers\n|upkeep\n|\n|t:|1701178396\n|switch|p1a: Gengar|Gengar, F|100\/100\n|turn|13\n|\n|t:|1701178416\n|switch|p2a: Rillaboom|Rillaboom, F|100\/100\n|move|p1a: Gengar|Shadow Ball|p2a: Rillaboom\n|-crit|p2a: Rillaboom\n|-damage|p2a: Rillaboom|0 fnt\n|faint|p2a: Rillaboom\n|\n|upkeep\n|inactive|Madness636 has 120 seconds left.\n|\n|t:|1701178447\n|switch|p2a: Corviknight|Corviknight, M|61\/100\n|turn|14\n|\n|t:|1701178453\n|-terastallize|p1a: Gengar|Ghost\n|move|p1a: Gengar|Shadow Ball|p2a: Corviknight\n|-damage|p2a: Corviknight|2\/100\n|move|p2a: Corviknight|Roost|p2a: Corviknight\n|-heal|p2a: Corviknight|52\/100\n|-singleturn|p2a: Corviknight|move: Roost\n|\n|upkeep\n|turn|15\n|inactive|Madness636 has 120 seconds left.\n|\n|t:|1701178481\n|move|p1a: Gengar|Shadow Ball|p2a: Corviknight\n|-damage|p2a: Corviknight|0 fnt\n|faint|p2a: Corviknight\n|\n|upkeep\n|inactive|Madness636 has 90 seconds left.\n|\n|t:|1701178497\n|switch|p2a: Iron Moth|Iron Moth|21\/100\n|turn|16\n|\n|t:|1701178507\n|-terastallize|p2a: Iron Moth|Fire\n|move|p1a: Gengar|Shadow Ball|p2a: Iron Moth\n|-crit|p2a: Iron Moth\n|-damage|p2a: Iron Moth|0 fnt\n|faint|p2a: Iron Moth\n|-end|p2a: Iron Moth|Quark Drive|[silent]\n|\n|upkeep\n|inactive|Madness636 has 90 seconds left.\n|\n|t:|1701178519\n|switch|p2a: Garchomp|Garchomp, F|71\/100\n|turn|17\n|\n|t:|1701178524\n|move|p1a: Gengar|Shadow Ball|p2a: Garchomp\n|-damage|p2a: Garchomp|0 fnt\n|faint|p2a: Garchomp\n|\n|upkeep\n|\n|t:|1701178529\n|switch|p2a: Iron Valiant|Iron Valiant|100\/100\n|turn|18\n|\n|t:|1701178537\n|move|p2a: Iron Valiant|Moonblast|p1a: Gengar\n|-damage|p1a: Gengar|0 fnt\n|faint|p1a: Gengar\n|\n|upkeep\n|\n|t:|1701178546\n|switch|p1a: Toxapex|Toxapex, F|100\/100\n|turn|19\n|inactive|Madness636 has 120 seconds left.\n|\n|t:|1701178552\n|-end|p2a: Iron Valiant|Quark Drive|[silent]\n|switch|p2a: Rotom|Rotom-Wash|34\/100\n|move|p1a: Toxapex|Toxic|p2a: Rotom\n|-status|p2a: Rotom|tox\n|\n|-heal|p2a: Rotom|40\/100 tox|[from] item: Leftovers\n|-damage|p2a: Rotom|34\/100 tox|[from] psn\n|upkeep\n|turn|20\n|inactive|Madness636 has 120 seconds left.\n|\n|t:|1701178563\n|move|p2a: Rotom|Discharge|p1a: Toxapex\n|-supereffective|p1a: Toxapex\n|-damage|p1a: Toxapex|43\/100\n|move|p1a: Toxapex|Toxic Spikes|p2a: Rotom\n|-sidestart|p2: Madness636|move: Toxic Spikes\n|\n|-heal|p2a: Rotom|40\/100 tox|[from] item: Leftovers\n|-heal|p1a: Toxapex|50\/100|[from] item: Leftovers\n|-damage|p2a: Rotom|28\/100 tox|[from] psn\n|upkeep\n|turn|21\n|inactive|Madness636 has 120 seconds left.\n|\n|t:|1701178583\n|move|p1a: Toxapex|Baneful Bunker|p1a: Toxapex\n|-singleturn|p1a: Toxapex|move: Protect\n|move|p2a: Rotom|Discharge|p1a: Toxapex\n|-activate|p1a: Toxapex|move: Protect\n|\n|-heal|p2a: Rotom|34\/100 tox|[from] item: Leftovers\n|-heal|p1a: Toxapex|56\/100|[from] item: Leftovers\n|-damage|p2a: Rotom|15\/100 tox|[from] psn\n|upkeep\n|turn|22\n|inactive|Madness636 has 120 seconds left.\n|inactive|Josiah.green has 120 seconds left.\n|\n|t:|1701178608\n|switch|p1a: Ogerpon|Ogerpon-Cornerstone, F|100\/100\n|move|p2a: Rotom|Discharge|p1a: Ogerpon\n|-resisted|p1a: Ogerpon\n|-damage|p1a: Ogerpon|80\/100\n|\n|-heal|p2a: Rotom|22\/100 tox|[from] item: Leftovers\n|-damage|p2a: Rotom|0 fnt|[from] psn\n|faint|p2a: Rotom\n|upkeep\n|inactive|Madness636 has 120 seconds left.\n|\n|t:|1701178617\n|switch|p2a: Iron Valiant|Iron Valiant|100\/100\n|-status|p2a: Iron Valiant|psn\n|turn|23\n|inactive|Madness636 has 120 seconds left.\n|\n|t:|1701178634\n|move|p2a: Iron Valiant|Moonblast|p1a: Ogerpon\n|-damage|p1a: Ogerpon|0 fnt\n|faint|p1a: Ogerpon\n|\n|-damage|p2a: Iron Valiant|88\/100 psn|[from] psn\n|upkeep\n|\n|t:|1701178637\n|switch|p1a: Toxapex|Toxapex, F|56\/100\n|turn|24\n|\n|t:|1701178644\n|move|p1a: Toxapex|Baneful Bunker|p1a: Toxapex\n|-singleturn|p1a: Toxapex|move: Protect\n|move|p2a: Iron Valiant|Moonblast|p1a: Toxapex\n|-activate|p1a: Toxapex|move: Protect\n|\n|-heal|p1a: Toxapex|62\/100|[from] item: Leftovers\n|-damage|p2a: Iron Valiant|76\/100 psn|[from] psn\n|upkeep\n|turn|25\n|\n|t:|1701178653\n|move|p2a: Iron Valiant|Moonblast|p1a: Toxapex\n|-resisted|p1a: Toxapex\n|-damage|p1a: Toxapex|30\/100\n|-unboost|p1a: Toxapex|spa|1\n|move|p1a: Toxapex|Venoshock|p2a: Iron Valiant\n|-supereffective|p2a: Iron Valiant\n|-crit|p2a: Iron Valiant\n|-damage|p2a: Iron Valiant|0 fnt\n|faint|p2a: Iron Valiant\n|-end|p2a: Iron Valiant|Quark Drive|[silent]\n|\n|win|Josiah.green\n|raw|Josiah.green's rating: 1051 &rarr; <strong>1083<\/strong><br \/>(+32 for winning)\n|raw|Madness636's rating: 1046 &rarr; <strong>1029<\/strong><br \/>(-17 for losing)\n|l|\u2606Madness636\n|c|\u2606Josiah.green|i love gengar\n","uploadtime":1701178669,"views":3,"p1id":"josiahgreen","p2id":"madness636","formatid":"gen9ou","rating":1029,"private":0,"password":""}