{"id":"gen9ou-1994942414","p1":"Nah Nah64","p2":"ScViNewbee","format":"[Gen 9] OU","log":"|j|\u2606Nah Nah64\n|j|\u2606ScViNewbee\n|t:|1700506713\n|gametype|singles\n|player|p1|Nah Nah64|dancer|1383\n|player|p2|ScViNewbee|misty-masters|1340\n|teamsize|p1|6\n|teamsize|p2|6\n|gen|9\n|tier|[Gen 9] OU\n|rated|\n|rule|Sleep Clause Mod: Limit one foe put to sleep\n|rule|Species Clause: Limit one of each Pok\u00e9mon\n|rule|OHKO Clause: OHKO moves are banned\n|rule|Evasion Items Clause: Evasion items are banned\n|rule|Evasion Moves Clause: Evasion moves are banned\n|rule|Endless Battle Clause: Forcing endless battles is banned\n|rule|HP Percentage Mod: HP is shown in percentages\n|clearpoke\n|poke|p1|Scizor, M|\n|poke|p1|Zoroark-Hisui, M|\n|poke|p1|Samurott-Hisui, M|\n|poke|p1|Ceruledge, F|\n|poke|p1|Skeledirge, M|\n|poke|p1|Corviknight, M|\n|poke|p2|Mandibuzz, F|\n|poke|p2|Jirachi|\n|poke|p2|Garchomp, F|\n|poke|p2|Slowking-Galar, M|\n|poke|p2|Ogerpon, F|\n|poke|p2|Dragapult, M|\n|teampreview\n|inactive|Battle timer is ON: inactive players will automatically lose when time's up. (requested by ScViNewbee)\n|c|\u2606ScViNewbee|glhf\n|\n|t:|1700506744\n|start\n|switch|p1a: Mint Metal|Scizor, M, shiny|100\/100\n|switch|p2a: Jirachi|Jirachi|100\/100\n|turn|1\n|\n|t:|1700506751\n|move|p2a: Jirachi|U-turn|p1a: Mint Metal\n|-resisted|p1a: Mint Metal\n|-damage|p1a: Mint Metal|93\/100\n|\n|t:|1700506754\n|switch|p2a: Garchomp|Garchomp, F|100\/100|[from] U-turn\n|move|p1a: Mint Metal|Thief|p2a: Garchomp\n|-damage|p2a: Garchomp|59\/100\n|-damage|p1a: Mint Metal|81\/100|[from] ability: Rough Skin|[of] p2a: Garchomp\n|\n|-heal|p2a: Garchomp|65\/100|[from] item: Leftovers\n|upkeep\n|turn|2\n|\n|t:|1700506763\n|switch|p1a: Knight Kazer|Corviknight, M, shiny|100\/100\n|-ability|p1a: Knight Kazer|Unnerve\n|move|p2a: Garchomp|Stealth Rock|p1a: Knight Kazer\n|-sidestart|p1: Nah Nah64|move: Stealth Rock\n|\n|-heal|p2a: Garchomp|71\/100|[from] item: Leftovers\n|upkeep\n|turn|3\n|\n|t:|1700506772\n|switch|p2a: Slowking|Slowking-Galar, M|100\/100\n|move|p1a: Knight Kazer|Defog|p2a: Slowking\n|-unboost|p2a: Slowking|evasion|1\n|-sideend|p1: Nah Nah64|Stealth Rock|[from] move: Defog|[of] p1a: Knight Kazer\n|\n|upkeep\n|turn|4\n|\n|t:|1700506777\n|move|p1a: Knight Kazer|U-turn|p2a: Slowking\n|-damage|p2a: Slowking|89\/100\n|\n|t:|1700506780\n|switch|p1a: Mazka|Samurott-Hisui, M, shiny|100\/100|[from] U-turn\n|move|p2a: Slowking|Trick|p1a: Mazka\n|-activate|p2a: Slowking|move: Trick|[of] p1a: Mazka\n|-item|p1a: Mazka|Black Sludge|[from] move: Trick\n|-item|p2a: Slowking|Assault Vest|[from] move: Trick\n|\n|-damage|p1a: Mazka|88\/100|[from] item: Black Sludge\n|upkeep\n|turn|5\n|\n|t:|1700506793\n|switch|p2a: Mandibuzz|Mandibuzz, F|100\/100\n|move|p1a: Mazka|Ceaseless Edge|p2a: Mandibuzz\n|-resisted|p2a: Mandibuzz\n|-damage|p2a: Mandibuzz|88\/100\n|-sidestart|p2: ScViNewbee|Spikes\n|\n|-damage|p1a: Mazka|76\/100|[from] item: Black Sludge\n|upkeep\n|turn|6\n|\n|t:|1700506800\n|switch|p1a: Mint Metal|Scizor, M, shiny|81\/100\n|move|p2a: Mandibuzz|Foul Play|p1a: Mint Metal\n|-damage|p1a: Mint Metal|31\/100\n|\n|upkeep\n|turn|7\n|\n|t:|1700506805\n|move|p2a: Mandibuzz|Foul Play|p1a: Mint Metal\n|-damage|p1a: Mint Metal|0 fnt\n|faint|p1a: Mint Metal\n|\n|upkeep\n|\n|t:|1700506810\n|switch|p1a: Crocogetor|Skeledirge, M|100\/100\n|turn|8\n|\n|t:|1700506820\n|-terastallize|p1a: Crocogetor|Normal\n|move|p1a: Crocogetor|Hyper Voice|p2a: Mandibuzz\n|-damage|p2a: Mandibuzz|5\/100\n|move|p2a: Mandibuzz|Whirlwind|p1a: Crocogetor\n|drag|p1a: Knight Kazer|Corviknight, M, shiny|100\/100\n|-ability|p1a: Knight Kazer|Unnerve\n|\n|upkeep\n|turn|9\n|\n|t:|1700506829\n|move|p2a: Mandibuzz|Roost|p2a: Mandibuzz\n|-heal|p2a: Mandibuzz|55\/100\n|-singleturn|p2a: Mandibuzz|move: Roost\n|move|p1a: Knight Kazer|U-turn|p2a: Mandibuzz\n|-supereffective|p2a: Mandibuzz\n|-damage|p2a: Mandibuzz|38\/100\n|\n|t:|1700506833\n|switch|p1a: Crocogetor|Skeledirge, M, tera:Normal|100\/100|[from] U-turn\n|\n|upkeep\n|turn|10\n|\n|t:|1700506842\n|switch|p2a: Slowking|Slowking-Galar, M|100\/100\n|-damage|p2a: Slowking|88\/100|[from] Spikes\n|move|p1a: Crocogetor|Flamethrower|p2a: Slowking\n|-damage|p2a: Slowking|65\/100\n|\n|upkeep\n|turn|11\n|\n|t:|1700506850\n|switch|p1a: Knight Kazer|Corviknight, M, shiny|100\/100\n|-ability|p1a: Knight Kazer|Unnerve\n|move|p2a: Slowking|Future Sight|p1a: Knight Kazer\n|-start|p2a: Slowking|move: Future Sight\n|\n|upkeep\n|turn|12\n|\n|t:|1700506859\n|switch|p1a: Mazka|Samurott-Hisui, M, shiny|76\/100\n|move|p2a: Slowking|Ice Beam|p1a: Mazka\n|-resisted|p1a: Mazka\n|-damage|p1a: Mazka|59\/100\n|\n|-damage|p1a: Mazka|47\/100|[from] item: Black Sludge\n|upkeep\n|turn|13\n|\n|t:|1700506868\n|switch|p2a: Mandibuzz|Mandibuzz, F|38\/100\n|move|p1a: Mazka|Ceaseless Edge|p2a: Mandibuzz\n|-resisted|p2a: Mandibuzz\n|-damage|p2a: Mandibuzz|25\/100\n|-sidestart|p2: ScViNewbee|Spikes\n|\n|-end|p1a: Mazka|move: Future Sight\n|-immune|p1a: Mazka\n|-damage|p1a: Mazka|34\/100|[from] item: Black Sludge\n|upkeep\n|turn|14\n|\n|t:|1700506874\n|move|p1a: Mazka|Aqua Cutter|p2a: Mandibuzz\n|-damage|p2a: Mandibuzz|0 fnt\n|faint|p2a: Mandibuzz\n|\n|-damage|p1a: Mazka|22\/100|[from] item: Black Sludge\n|upkeep\n|\n|t:|1700506899\n|switch|p2a: Dragapult|Dragapult, M|100\/100\n|-damage|p2a: Dragapult|84\/100|[from] Spikes\n|turn|15\n|\n|t:|1700506906\n|move|p1a: Mazka|Sucker Punch|p2a: Dragapult\n|-supereffective|p2a: Dragapult\n|-damage|p2a: Dragapult|0 fnt\n|faint|p2a: Dragapult\n|\n|-damage|p1a: Mazka|9\/100|[from] item: Black Sludge\n|upkeep\n|\n|t:|1700506916\n|switch|p2a: Garchomp|Garchomp, F|71\/100\n|-damage|p2a: Garchomp|54\/100|[from] Spikes\n|turn|16\n|\n|t:|1700506931\n|move|p1a: Mazka|Aqua Cutter|p2a: Garchomp\n|-damage|p2a: Garchomp|16\/100\n|move|p2a: Garchomp|Stealth Rock|p1a: Mazka\n|-sidestart|p1: Nah Nah64|move: Stealth Rock\n|\n|-damage|p1a: Mazka|0 fnt|[from] item: Black Sludge\n|faint|p1a: Mazka\n|-heal|p2a: Garchomp|23\/100|[from] item: Leftovers\n|upkeep\n|\n|t:|1700506941\n|switch|p1a: Crocogetor|Skeledirge, M, tera:Normal|100\/100\n|-damage|p1a: Crocogetor|88\/100|[from] Stealth Rock\n|turn|17\n|\n|t:|1700506946\n|move|p1a: Crocogetor|Hyper Voice|p2a: Garchomp\n|-damage|p2a: Garchomp|0 fnt\n|faint|p2a: Garchomp\n|\n|upkeep\n|\n|t:|1700506955\n|switch|p2a: Ogerpon|Ogerpon, F|100\/100\n|turn|18\n|\n|t:|1700506961\n|-terastallize|p2a: Ogerpon|Grass\n|detailschange|p2a: Ogerpon|Ogerpon-Teal-Tera, F, tera:Grass\n|-ability|p2a: Ogerpon|Embody Aspect (Teal)|boost\n|-boost|p2a: Ogerpon|spe|1\n|move|p2a: Ogerpon|Ivy Cudgel|p1a: Crocogetor\n|-damage|p1a: Crocogetor|0 fnt\n|replace|p1a: Button|Zoroark-Hisui, M, shiny\n|-end|p1a: Button|Illusion\n|faint|p1a: Button\n|\n|upkeep\n|\n|t:|1700506974\n|switch|p1a: Neo Dusted|Ceruledge, F, shiny|100\/100\n|-damage|p1a: Neo Dusted|76\/100|[from] Stealth Rock\n|turn|19\n|\n|t:|1700506980\n|move|p1a: Neo Dusted|Shadow Sneak|p2a: Ogerpon\n|-damage|p2a: Ogerpon|76\/100\n|move|p2a: Ogerpon|Knock Off|p1a: Neo Dusted\n|-supereffective|p1a: Neo Dusted\n|-damage|p1a: Neo Dusted|0 fnt\n|-enditem|p1a: Neo Dusted|Focus Sash|[from] move: Knock Off|[of] p2a: Ogerpon\n|faint|p1a: Neo Dusted\n|\n|upkeep\n|\n|t:|1700506984\n|switch|p1a: Knight Kazer|Corviknight, M, shiny|100\/100\n|-ability|p1a: Knight Kazer|Unnerve\n|-damage|p1a: Knight Kazer|88\/100|[from] Stealth Rock\n|turn|20\n|\n|t:|1700506991\n|move|p2a: Ogerpon|Knock Off|p1a: Knight Kazer\n|-damage|p1a: Knight Kazer|69\/100\n|-damage|p2a: Ogerpon|59\/100|[from] item: Rocky Helmet|[of] p1a: Knight Kazer\n|-enditem|p1a: Knight Kazer|Rocky Helmet|[from] move: Knock Off|[of] p2a: Ogerpon\n|move|p1a: Knight Kazer|Brave Bird|p2a: Ogerpon\n|-supereffective|p2a: Ogerpon\n|-damage|p2a: Ogerpon|0 fnt\n|faint|p2a: Ogerpon\n|-damage|p1a: Knight Kazer|55\/100|[from] Recoil\n|\n|upkeep\n|\n|t:|1700507003\n|switch|p2a: Jirachi|Jirachi|100\/100\n|-damage|p2a: Jirachi|84\/100|[from] Spikes\n|turn|21\n|\n|t:|1700507007\n|move|p2a: Jirachi|Doom Desire|p1a: Knight Kazer\n|-start|p2a: Jirachi|Doom Desire\n|move|p1a: Knight Kazer|Defog|p2a: Jirachi\n|-unboost|p2a: Jirachi|evasion|1\n|-sideend|p2: ScViNewbee|Spikes|[from] move: Defog|[of] p1a: Knight Kazer\n|-sideend|p1: Nah Nah64|Stealth Rock|[from] move: Defog|[of] p1a: Knight Kazer\n|\n|-heal|p2a: Jirachi|90\/100|[from] item: Leftovers\n|upkeep\n|turn|22\n|\n|t:|1700507015\n|move|p2a: Jirachi|Aura Sphere|p1a: Knight Kazer\n|-damage|p1a: Knight Kazer|32\/100\n|move|p1a: Knight Kazer|Roost|p1a: Knight Kazer\n|-heal|p1a: Knight Kazer|82\/100\n|-singleturn|p1a: Knight Kazer|move: Roost\n|\n|-heal|p2a: Jirachi|96\/100|[from] item: Leftovers\n|upkeep\n|turn|23\n|\n|t:|1700507023\n|move|p2a: Jirachi|Aura Sphere|p1a: Knight Kazer\n|-damage|p1a: Knight Kazer|58\/100\n|move|p1a: Knight Kazer|U-turn|p2a: Jirachi\n|-damage|p2a: Jirachi|82\/100\n|\n|t:|1700507026\n|switch|p1a: Crocogetor|Skeledirge, M|100\/100|[from] U-turn\n|\n|-end|p1a: Crocogetor|move: Doom Desire\n|-resisted|p1a: Crocogetor\n|-damage|p1a: Crocogetor|77\/100\n|-heal|p2a: Jirachi|88\/100|[from] item: Leftovers\n|-heal|p1a: Crocogetor|84\/100|[from] item: Leftovers\n|upkeep\n|turn|24\n|\n|t:|1700507033\n|move|p2a: Jirachi|U-turn|p1a: Crocogetor\n|-resisted|p1a: Crocogetor\n|-damage|p1a: Crocogetor|81\/100\n|\n|t:|1700507036\n|switch|p2a: Slowking|Slowking-Galar, M|98\/100|[from] U-turn\n|move|p1a: Crocogetor|Torch Song|p2a: Slowking\n|-damage|p2a: Slowking|84\/100\n|-boost|p1a: Crocogetor|spa|1\n|\n|-heal|p1a: Crocogetor|87\/100|[from] item: Leftovers\n|upkeep\n|turn|25\n|\n|t:|1700507040\n|move|p1a: Crocogetor|Earth Power|p2a: Slowking\n|-supereffective|p2a: Slowking\n|-damage|p2a: Slowking|49\/100\n|move|p2a: Slowking|Future Sight|p1a: Crocogetor\n|-start|p2a: Slowking|move: Future Sight\n|\n|-heal|p1a: Crocogetor|93\/100|[from] item: Leftovers\n|upkeep\n|turn|26\n|\n|t:|1700507048\n|move|p1a: Crocogetor|Torch Song|p2a: Slowking\n|-damage|p2a: Slowking|26\/100\n|-boost|p1a: Crocogetor|spa|1\n|move|p2a: Slowking|Ice Beam|p1a: Crocogetor\n|-resisted|p1a: Crocogetor\n|-damage|p1a: Crocogetor|84\/100\n|\n|-heal|p1a: Crocogetor|90\/100|[from] item: Leftovers\n|upkeep\n|turn|27\n|\n|t:|1700507056\n|move|p1a: Crocogetor|Earth Power|p2a: Slowking\n|-supereffective|p2a: Slowking\n|-damage|p2a: Slowking|0 fnt\n|faint|p2a: Slowking\n|\n|-end|p1a: Crocogetor|move: Future Sight\n|-damage|p1a: Crocogetor|59\/100\n|-heal|p1a: Crocogetor|65\/100|[from] item: Leftovers\n|upkeep\n|-message|ScViNewbee forfeited.\n|\n|win|Nah Nah64\n|raw|Nah Nah64's rating: 1383 &rarr; <strong>1401<\/strong><br \/>(+18 for winning)\n|raw|ScViNewbee's rating: 1340 &rarr; <strong>1322<\/strong><br \/>(-18 for losing)\n|l|\u2606ScViNewbee\n","uploadtime":1700507073,"views":5,"p1id":"nahnah64","p2id":"scvinewbee","formatid":"gen9ou","rating":1322,"private":0,"password":""}