{"id":"gen9ou-1995708014","p1":"ThuileCup","p2":"TheZalmancer","format":"[Gen 9] OU","log":"|j|\u2606ThuileCup\n|j|\u2606TheZalmancer\n|t:|1700595795\n|gametype|singles\n|player|p1|ThuileCup|kahili|1289\n|player|p2|TheZalmancer|skyla|1370\n|teamsize|p1|6\n|teamsize|p2|6\n|gen|9\n|tier|[Gen 9] OU\n|rated|\n|rule|Sleep Clause Mod: Limit one foe put to sleep\n|rule|Species Clause: Limit one of each Pok\u00e9mon\n|rule|OHKO Clause: OHKO moves are banned\n|rule|Evasion Items Clause: Evasion items are banned\n|rule|Evasion Moves Clause: Evasion moves are banned\n|rule|Endless Battle Clause: Forcing endless battles is banned\n|rule|HP Percentage Mod: HP is shown in percentages\n|clearpoke\n|poke|p1|Clefable, M|\n|poke|p1|Cinderace, M|\n|poke|p1|Great Tusk|\n|poke|p1|Ogerpon-Cornerstone, F|\n|poke|p1|Walking Wake|\n|poke|p1|Greninja-*, M|\n|poke|p2|Ogerpon-Wellspring, F|\n|poke|p2|Ninetales-Alola, F|\n|poke|p2|Corviknight, M|\n|poke|p2|Slowking-Galar, F|\n|poke|p2|Dragapult, M|\n|poke|p2|Zamazenta-*|\n|teampreview\n|inactive|Battle timer is ON: inactive players will automatically lose when time's up. (requested by ThuileCup)\n|inactive|ThuileCup has 120 seconds left.\n|\n|t:|1700595827\n|start\n|switch|p1a: Ogerpon|Ogerpon-Cornerstone, F|100\/100\n|switch|p2a: Dragapult|Dragapult, M|100\/100\n|turn|1\n|\n|t:|1700595837\n|move|p2a: Dragapult|U-turn|p1a: Ogerpon\n|-supereffective|p1a: Ogerpon\n|-damage|p1a: Ogerpon|43\/100\n|\n|t:|1700595840\n|switch|p2a: Corviknight|Corviknight, M, shiny|100\/100|[from] U-turn\n|-ability|p2a: Corviknight|Pressure\n|move|p1a: Ogerpon|Taunt|p2a: Corviknight\n|-start|p2a: Corviknight|move: Taunt\n|\n|upkeep\n|turn|2\n|\n|t:|1700595848\n|move|p1a: Ogerpon|Spikes|p2a: Corviknight\n|-sidestart|p2: TheZalmancer|Spikes\n|move|p2a: Corviknight|U-turn|p1a: Ogerpon\n|-supereffective|p1a: Ogerpon\n|-damage|p1a: Ogerpon|5\/100\n|\n|t:|1700595861\n|switch|p2a: Dragapult|Dragapult, M|100\/100|[from] U-turn\n|-damage|p2a: Dragapult|88\/100|[from] Spikes\n|\n|upkeep\n|turn|3\n|\n|t:|1700595869\n|switch|p1a: Clefable|Clefable, M|100\/100\n|move|p2a: Dragapult|U-turn|p1a: Clefable\n|-resisted|p1a: Clefable\n|-damage|p1a: Clefable|91\/100\n|\n|t:|1700595874\n|switch|p2a: Corviknight|Corviknight, M, shiny|100\/100|[from] U-turn\n|-ability|p2a: Corviknight|Pressure\n|\n|-heal|p1a: Clefable|97\/100|[from] item: Leftovers\n|upkeep\n|turn|4\n|\n|t:|1700595882\n|move|p2a: Corviknight|Defog|p1a: Clefable\n|-unboost|p1a: Clefable|evasion|1\n|-sideend|p2: TheZalmancer|Spikes|[from] move: Defog|[of] p2a: Corviknight\n|move|p1a: Clefable|Thunder Wave|p2a: Corviknight\n|-status|p2a: Corviknight|par\n|\n|-heal|p1a: Clefable|100\/100|[from] item: Leftovers\n|upkeep\n|turn|5\n|\n|t:|1700595890\n|switch|p1a: Cinderace|Cinderace, M|100\/100\n|move|p2a: Corviknight|Iron Head|p1a: Cinderace\n|-resisted|p1a: Cinderace\n|-damage|p1a: Cinderace|82\/100\n|\n|upkeep\n|turn|6\n|\n|t:|1700595897\n|move|p1a: Cinderace|Pyro Ball|p2a: Corviknight\n|-supereffective|p2a: Corviknight\n|-damage|p2a: Corviknight|31\/100 par\n|move|p2a: Corviknight|U-turn|p1a: Cinderace\n|-resisted|p1a: Cinderace\n|-damage|p1a: Cinderace|72\/100\n|\n|t:|1700595915\n|switch|p2a: Zamazenta|Zamazenta|100\/100|[from] U-turn\n|-ability|p2a: Zamazenta|Dauntless Shield|boost\n|-boost|p2a: Zamazenta|def|1\n|\n|upkeep\n|turn|7\n|\n|t:|1700595926\n|switch|p1a: Ogerpon|Ogerpon-Cornerstone, F|5\/100\n|move|p2a: Zamazenta|Iron Head|p1a: Ogerpon\n|-supereffective|p1a: Ogerpon\n|-damage|p1a: Ogerpon|0 fnt\n|faint|p1a: Ogerpon\n|\n|upkeep\n|\n|t:|1700595929\n|switch|p1a: Great Tusk|Great Tusk|100\/100\n|turn|8\n|\n|t:|1700595939\n|switch|p2a: Corviknight|Corviknight, M, shiny|31\/100 par\n|-ability|p2a: Corviknight|Pressure\n|move|p1a: Great Tusk|Knock Off|p2a: Corviknight\n|-damage|p2a: Corviknight|16\/100 par\n|-enditem|p2a: Corviknight|Leftovers|[from] move: Knock Off|[of] p1a: Great Tusk\n|\n|upkeep\n|turn|9\n|\n|t:|1700595948\n|-end|p1a: Great Tusk|Protosynthesis|[silent]\n|switch|p1a: Cinderace|Cinderace, M|72\/100\n|move|p2a: Corviknight|Iron Head|p1a: Cinderace\n|-resisted|p1a: Cinderace\n|-damage|p1a: Cinderace|54\/100\n|\n|upkeep\n|turn|10\n|\n|t:|1700595954\n|move|p1a: Cinderace|Pyro Ball|p2a: Corviknight\n|-supereffective|p2a: Corviknight\n|-damage|p2a: Corviknight|0 fnt\n|faint|p2a: Corviknight\n|\n|upkeep\n|\n|t:|1700595979\n|switch|p2a: Dragapult|Dragapult, M|88\/100\n|turn|11\n|\n|t:|1700595982\n|move|p1a: Cinderace|Sucker Punch||[still]\n|-fail|p1a: Cinderace\n|move|p2a: Dragapult|Thunder Wave|p1a: Cinderace\n|-status|p1a: Cinderace|par\n|\n|upkeep\n|turn|12\n|\n|t:|1700595992\n|switch|p2a: Zamazenta|Zamazenta|100\/100\n|cant|p1a: Cinderace|par\n|\n|upkeep\n|turn|13\n|\n|t:|1700595997\n|switch|p1a: Clefable|Clefable, M|100\/100\n|move|p2a: Zamazenta|Iron Head|p1a: Clefable\n|-supereffective|p1a: Clefable\n|-damage|p1a: Clefable|37\/100\n|\n|-heal|p1a: Clefable|43\/100|[from] item: Leftovers\n|upkeep\n|turn|14\n|\n|t:|1700596005\n|switch|p1a: Great Tusk|Great Tusk|100\/100\n|move|p2a: Zamazenta|Iron Head|p1a: Great Tusk\n|-damage|p1a: Great Tusk|82\/100\n|\n|-heal|p1a: Great Tusk|89\/100|[from] item: Leftovers\n|upkeep\n|turn|15\n|\n|t:|1700596015\n|switch|p2a: Ogerpon|Ogerpon-Wellspring, F|100\/100\n|move|p1a: Great Tusk|Stealth Rock|p2a: Ogerpon\n|-sidestart|p2: TheZalmancer|move: Stealth Rock\n|\n|-heal|p1a: Great Tusk|95\/100|[from] item: Leftovers\n|upkeep\n|turn|16\n|\n|t:|1700596022\n|-end|p1a: Great Tusk|Protosynthesis|[silent]\n|switch|p1a: Cinderace|Cinderace, M|54\/100 par\n|move|p2a: Ogerpon|Swords Dance|p2a: Ogerpon\n|-boost|p2a: Ogerpon|atk|2\n|\n|upkeep\n|turn|17\n|\n|t:|1700596028\n|move|p2a: Ogerpon|Ivy Cudgel|p1a: Cinderace|[anim] Ivy Cudgel Water\n|-supereffective|p1a: Cinderace\n|-damage|p1a: Cinderace|0 fnt\n|faint|p1a: Cinderace\n|\n|upkeep\n|\n|t:|1700596031\n|switch|p1a: Walking Wake|Walking Wake|100\/100\n|turn|18\n|\n|t:|1700596041\n|move|p2a: Ogerpon|Brick Break|p1a: Walking Wake\n|-crit|p1a: Walking Wake\n|-damage|p1a: Walking Wake|10\/100\n|move|p1a: Walking Wake|Flip Turn|p2a: Ogerpon\n|-immune|p2a: Ogerpon|[from] ability: Water Absorb\n|\n|upkeep\n|turn|19\n|\n|t:|1700596052\n|-end|p1a: Walking Wake|Protosynthesis|[silent]\n|switch|p1a: Clefable|Clefable, M|43\/100\n|move|p2a: Ogerpon|Brick Break|p1a: Clefable\n|-resisted|p1a: Clefable\n|-damage|p1a: Clefable|22\/100\n|\n|-heal|p1a: Clefable|28\/100|[from] item: Leftovers\n|upkeep\n|turn|20\n|\n|t:|1700596060\n|move|p2a: Ogerpon|Ivy Cudgel|p1a: Clefable|[anim] Ivy Cudgel Water\n|-damage|p1a: Clefable|0 fnt\n|faint|p1a: Clefable\n|\n|upkeep\n|\n|t:|1700596062\n|switch|p1a: Great Tusk|Great Tusk|95\/100\n|turn|21\n|\n|t:|1700596066\n|-terastallize|p1a: Great Tusk|Water\n|move|p2a: Ogerpon|Ivy Cudgel|p1a: Great Tusk|[anim] Ivy Cudgel Water\n|-resisted|p1a: Great Tusk\n|-damage|p1a: Great Tusk|68\/100\n|move|p1a: Great Tusk|Knock Off|p2a: Ogerpon\n|-damage|p2a: Ogerpon|77\/100\n|\n|-heal|p1a: Great Tusk|74\/100|[from] item: Leftovers\n|upkeep\n|turn|22\n|\n|t:|1700596074\n|move|p2a: Ogerpon|Horn Leech|p1a: Great Tusk\n|-supereffective|p1a: Great Tusk\n|-crit|p1a: Great Tusk\n|-damage|p1a: Great Tusk|0 fnt\n|-heal|p2a: Ogerpon|100\/100|[from] drain|[of] p1a: Great Tusk\n|faint|p1a: Great Tusk\n|-end|p1a: Great Tusk|Protosynthesis|[silent]\n|\n|upkeep\n|\n|t:|1700596079\n|switch|p1a: Greninja|Greninja, M|100\/100\n|turn|23\n|-message|ThuileCup forfeited.\n|\n|win|TheZalmancer\n|raw|ThuileCup's rating: 1289 &rarr; <strong>1270<\/strong><br \/>(-19 for losing)\n|raw|TheZalmancer's rating: 1370 &rarr; <strong>1385<\/strong><br \/>(+15 for winning)\n|l|\u2606ThuileCup\n|c|\u2606TheZalmancer|ggs\n","uploadtime":1700596094,"views":1,"p1id":"thuilecup","p2id":"thezalmancer","formatid":"gen9ou","rating":1270,"private":0,"password":""}