{"id":"gen9ou-1990491336","p1":"Bi11 Russell","p2":"PenguinODoom","format":"[Gen 9] OU","log":"|j|\u2606Bi11 Russell\n|j|\u2606PenguinODoom\n|t:|1699975767\n|gametype|singles\n|player|p1|Bi11 Russell|hoopster|1151\n|player|p2|PenguinODoom|101|1075\n|teamsize|p1|6\n|teamsize|p2|6\n|gen|9\n|tier|[Gen 9] OU\n|rated|\n|rule|Sleep Clause Mod: Limit one foe put to sleep\n|rule|Species Clause: Limit one of each Pok\u00e9mon\n|rule|OHKO Clause: OHKO moves are banned\n|rule|Evasion Items Clause: Evasion items are banned\n|rule|Evasion Moves Clause: Evasion moves are banned\n|rule|Endless Battle Clause: Forcing endless battles is banned\n|rule|HP Percentage Mod: HP is shown in percentages\n|clearpoke\n|poke|p1|Gholdengo|\n|poke|p1|Kingambit, F|\n|poke|p1|Sneasler, F|\n|poke|p1|Rillaboom, M|\n|poke|p1|Ribombee, M|\n|poke|p1|Heatran, F|\n|poke|p2|Gholdengo|\n|poke|p2|Cinderace, M|\n|poke|p2|Electrode-Hisui|\n|poke|p2|Alomomola, F|\n|poke|p2|Ting-Lu|\n|poke|p2|Glimmora, M|\n|teampreview\n|\n|t:|1699975773\n|start\n|switch|p1a: Ribombee|Ribombee, M|100\/100\n|switch|p2a: Electrode|Electrode-Hisui|100\/100\n|turn|1\n|\n|t:|1699975784\n|move|p2a: Electrode|Volt Switch|p1a: Ribombee\n|-damage|p1a: Ribombee|35\/100\n|\n|t:|1699975794\n|switch|p2a: Cinderace|Cinderace, M|100\/100|[from] Volt Switch\n|move|p1a: Ribombee|Sticky Web|p2a: Cinderace\n|-sidestart|p2: PenguinODoom|move: Sticky Web\n|\n|upkeep\n|turn|2\n|\n|t:|1699975815\n|move|p1a: Ribombee|Stun Spore|p2a: Cinderace\n|-status|p2a: Cinderace|par\n|move|p2a: Cinderace|U-turn|p1a: Ribombee\n|-start|p2a: Cinderace|typechange|Bug|[from] ability: Libero\n|-resisted|p1a: Ribombee\n|-damage|p1a: Ribombee|4\/100\n|\n|t:|1699975822\n|switch|p2a: Glimmora|Glimmora, M, shiny|100\/100|[from] U-turn\n|-activate|p2a: Glimmora|move: Sticky Web\n|-unboost|p2a: Glimmora|spe|1\n|\n|upkeep\n|turn|3\n|\n|t:|1699975832\n|move|p1a: Ribombee|Moonblast|p2a: Glimmora\n|-resisted|p2a: Glimmora\n|-damage|p2a: Glimmora|75\/100\n|-unboost|p2a: Glimmora|spa|1\n|move|p2a: Glimmora|Mortal Spin|p1a: Ribombee\n|-supereffective|p1a: Ribombee\n|-damage|p1a: Ribombee|0 fnt\n|-sideend|p2: PenguinODoom|Sticky Web|[from] move: Mortal Spin|[of] p2a: Glimmora\n|faint|p1a: Ribombee\n|\n|-heal|p2a: Glimmora|82\/100|[from] item: Black Sludge\n|upkeep\n|\n|t:|1699975856\n|switch|p1a: Kingambit|Kingambit, F|100\/100\n|-activate|p1a: Kingambit|ability: Supreme Overlord\n|-start|p1a: Kingambit|fallen1|[silent]\n|turn|4\n|\n|t:|1699975865\n|switch|p2a: Ting-Lu|Ting-Lu|100\/100\n|-ability|p2a: Ting-Lu|Vessel of Ruin\n|move|p1a: Kingambit|Swords Dance|p1a: Kingambit\n|-boost|p1a: Kingambit|atk|2\n|\n|upkeep\n|turn|5\n|\n|t:|1699975875\n|move|p1a: Kingambit|Iron Head|p2a: Ting-Lu\n|-damage|p2a: Ting-Lu|52\/100\n|move|p2a: Ting-Lu|Earth Power|p1a: Kingambit\n|-supereffective|p1a: Kingambit\n|-damage|p1a: Kingambit|59\/100\n|\n|-heal|p2a: Ting-Lu|58\/100|[from] item: Leftovers\n|upkeep\n|turn|6\n|\n|t:|1699975890\n|move|p1a: Kingambit|Swords Dance|p1a: Kingambit\n|-boost|p1a: Kingambit|atk|2\n|move|p2a: Ting-Lu|Earth Power|p1a: Kingambit\n|-supereffective|p1a: Kingambit\n|-damage|p1a: Kingambit|11\/100\n|\n|-heal|p2a: Ting-Lu|64\/100|[from] item: Leftovers\n|upkeep\n|turn|7\n|\n|t:|1699975903\n|switch|p2a: Alomomola|Alomomola, F|100\/100\n|move|p1a: Kingambit|Iron Head|p2a: Alomomola\n|-resisted|p2a: Alomomola\n|-damage|p2a: Alomomola|37\/100\n|\n|-heal|p2a: Alomomola|43\/100|[from] item: Leftovers\n|upkeep\n|turn|8\n|\n|t:|1699975917\n|move|p2a: Alomomola|Flip Turn|p1a: Kingambit\n|-damage|p1a: Kingambit|0 fnt\n|faint|p1a: Kingambit\n|-end|p1a: Kingambit|fallen1|[silent]\n|\n|t:|1699975922\n|switch|p2a: Electrode|Electrode-Hisui|100\/100|[from] Flip Turn\n|\n|upkeep\n|\n|t:|1699975924\n|switch|p1a: Heatran|Heatran, F|100\/100\n|turn|9\n|\n|t:|1699975937\n|move|p2a: Electrode|Volt Switch|p1a: Heatran\n|-damage|p1a: Heatran|76\/100\n|\n|t:|1699975944\n|switch|p2a: Ting-Lu|Ting-Lu|64\/100|[from] Volt Switch\n|-ability|p2a: Ting-Lu|Vessel of Ruin\n|move|p1a: Heatran|Magma Storm|p2a: Ting-Lu\n|-damage|p2a: Ting-Lu|40\/100\n|-activate|p2a: Ting-Lu|move: Magma Storm|[of] p1a: Heatran\n|\n|-heal|p1a: Heatran|82\/100|[from] item: Leftovers\n|-heal|p2a: Ting-Lu|47\/100|[from] item: Leftovers\n|-damage|p2a: Ting-Lu|34\/100|[from] move: Magma Storm|[partiallytrapped]\n|upkeep\n|turn|10\n|\n|t:|1699975957\n|move|p1a: Heatran|Protect|p1a: Heatran\n|-singleturn|p1a: Heatran|Protect\n|move|p2a: Ting-Lu|Earth Power|p1a: Heatran\n|-activate|p1a: Heatran|move: Protect\n|\n|-heal|p1a: Heatran|89\/100|[from] item: Leftovers\n|-heal|p2a: Ting-Lu|40\/100|[from] item: Leftovers\n|-damage|p2a: Ting-Lu|28\/100|[from] move: Magma Storm|[partiallytrapped]\n|upkeep\n|turn|11\n|\n|t:|1699975972\n|switch|p1a: Rillaboom|Rillaboom, M|100\/100\n|-fieldstart|move: Grassy Terrain|[from] ability: Grassy Surge|[of] p1a: Rillaboom\n|move|p2a: Ting-Lu|Earth Power|p1a: Rillaboom\n|-resisted|p1a: Rillaboom\n|-damage|p1a: Rillaboom|90\/100\n|\n|-heal|p1a: Rillaboom|96\/100|[from] Grassy Terrain\n|-heal|p2a: Ting-Lu|34\/100|[from] Grassy Terrain\n|-heal|p2a: Ting-Lu|40\/100|[from] item: Leftovers\n|-end|p2a: Ting-Lu|Magma Storm|[partiallytrapped]|[silent]\n|upkeep\n|turn|12\n|\n|t:|1699975993\n|switch|p2a: Cinderace|Cinderace, M|100\/100 par\n|move|p1a: Rillaboom|Drum Beating|p2a: Cinderace\n|-resisted|p2a: Cinderace\n|-damage|p2a: Cinderace|65\/100 par\n|-unboost|p2a: Cinderace|spe|1\n|\n|-heal|p1a: Rillaboom|100\/100|[from] Grassy Terrain\n|-heal|p2a: Cinderace|71\/100 par|[from] Grassy Terrain\n|upkeep\n|turn|13\n|\n|t:|1699976006\n|move|p1a: Rillaboom|U-turn|p2a: Cinderace\n|-resisted|p2a: Cinderace\n|-damage|p2a: Cinderace|54\/100 par\n|\n|t:|1699976008\n|switch|p1a: Heatran|Heatran, F|89\/100|[from] U-turn\n|move|p2a: Cinderace|Pyro Ball|p1a: Heatran\n|-start|p1a: Heatran|ability: Flash Fire\n|\n|-heal|p1a: Heatran|95\/100|[from] Grassy Terrain\n|-heal|p1a: Heatran|100\/100|[from] item: Leftovers\n|-heal|p2a: Cinderace|60\/100 par|[from] Grassy Terrain\n|upkeep\n|turn|14\n|\n|t:|1699976020\n|switch|p2a: Alomomola|Alomomola, F|77\/100\n|move|p1a: Heatran|Magma Storm|p2a: Alomomola|[miss]\n|-miss|p1a: Heatran|p2a: Alomomola\n|\n|-heal|p2a: Alomomola|83\/100|[from] Grassy Terrain\n|-heal|p2a: Alomomola|89\/100|[from] item: Leftovers\n|upkeep\n|turn|15\n|\n|t:|1699976032\n|move|p2a: Alomomola|Wish|p2a: Alomomola\n|move|p1a: Heatran|Will-O-Wisp|p2a: Alomomola\n|-status|p2a: Alomomola|brn\n|\n|-heal|p2a: Alomomola|95\/100 brn|[from] Grassy Terrain\n|-heal|p2a: Alomomola|100\/100 brn|[from] item: Leftovers\n|-damage|p2a: Alomomola|94\/100 brn|[from] brn\n|upkeep\n|turn|16\n|\n|t:|1699976043\n|switch|p2a: Ting-Lu|Ting-Lu|40\/100\n|-ability|p2a: Ting-Lu|Vessel of Ruin\n|move|p1a: Heatran|Magma Storm|p2a: Ting-Lu\n|-damage|p2a: Ting-Lu|8\/100\n|-activate|p2a: Ting-Lu|move: Magma Storm|[of] p1a: Heatran\n|\n|-heal|p2a: Ting-Lu|60\/100|[from] move: Wish|[wisher] Alomomola\n|-heal|p2a: Ting-Lu|66\/100|[from] Grassy Terrain\n|-heal|p2a: Ting-Lu|72\/100|[from] item: Leftovers\n|-damage|p2a: Ting-Lu|60\/100|[from] move: Magma Storm|[partiallytrapped]\n|upkeep\n|turn|17\n|\n|t:|1699976066\n|-end|p1a: Heatran|ability: Flash Fire|[silent]\n|switch|p1a: Rillaboom|Rillaboom, M|100\/100\n|move|p2a: Ting-Lu|Ruination|p1a: Rillaboom\n|-damage|p1a: Rillaboom|50\/100\n|\n|-heal|p1a: Rillaboom|57\/100|[from] Grassy Terrain\n|-heal|p2a: Ting-Lu|66\/100|[from] Grassy Terrain\n|-heal|p2a: Ting-Lu|72\/100|[from] item: Leftovers\n|-end|p2a: Ting-Lu|Magma Storm|[partiallytrapped]|[silent]\n|upkeep\n|turn|18\n|\n|t:|1699976078\n|switch|p2a: Glimmora|Glimmora, M, shiny|82\/100\n|move|p1a: Rillaboom|Drum Beating|p2a: Glimmora\n|-damage|p2a: Glimmora|25\/100\n|-unboost|p2a: Glimmora|spe|1\n|-activate|p2a: Glimmora|ability: Toxic Debris\n|-sidestart|p1: Bi11 Russell|move: Toxic Spikes\n|\n|-heal|p1a: Rillaboom|63\/100|[from] Grassy Terrain\n|-heal|p2a: Glimmora|31\/100|[from] Grassy Terrain\n|-heal|p2a: Glimmora|37\/100|[from] item: Black Sludge\n|-fieldend|move: Grassy Terrain\n|upkeep\n|turn|19\n|inactive|Battle timer is ON: inactive players will automatically lose when time's up. (requested by Bi11 Russell)\n|\n|t:|1699976094\n|move|p2a: Glimmora|Spiky Shield|p2a: Glimmora\n|-singleturn|p2a: Glimmora|move: Protect\n|move|p1a: Rillaboom|Drum Beating|p2a: Glimmora\n|-activate|p2a: Glimmora|move: Protect\n|\n|-heal|p2a: Glimmora|43\/100|[from] item: Black Sludge\n|upkeep\n|turn|20\n|\n|t:|1699976103\n|move|p1a: Rillaboom|Drum Beating|p2a: Glimmora\n|-damage|p2a: Glimmora|0 fnt\n|-activate|p2a: Glimmora|ability: Toxic Debris\n|-sidestart|p1: Bi11 Russell|move: Toxic Spikes\n|faint|p2a: Glimmora\n|\n|upkeep\n|\n|t:|1699976117\n|switch|p2a: Gholdengo|Gholdengo|100\/100\n|turn|21\n|\n|t:|1699976129\n|switch|p1a: Heatran|Heatran, F|100\/100\n|move|p2a: Gholdengo|Thunder Wave|p1a: Heatran\n|-status|p1a: Heatran|par\n|\n|upkeep\n|turn|22\n|\n|t:|1699976138\n|switch|p2a: Alomomola|Alomomola, F|100\/100 brn\n|cant|p1a: Heatran|par\n|\n|-damage|p2a: Alomomola|94\/100 brn|[from] brn\n|upkeep\n|turn|23\n|\n|t:|1699976151\n|switch|p1a: Gholdengo|Gholdengo|100\/100\n|move|p2a: Alomomola|Wish|p2a: Alomomola\n|\n|-heal|p2a: Alomomola|100\/100 brn|[from] item: Leftovers\n|-damage|p2a: Alomomola|94\/100 brn|[from] brn\n|upkeep\n|turn|24\n|\n|t:|1699976161\n|switch|p2a: Cinderace|Cinderace, M|60\/100 par\n|move|p1a: Gholdengo|Nasty Plot|p1a: Gholdengo\n|-boost|p1a: Gholdengo|spa|2\n|\n|-heal|p2a: Cinderace|100\/100 par|[from] move: Wish|[wisher] Alomomola\n|upkeep\n|turn|25\n|\n|t:|1699976172\n|move|p1a: Gholdengo|Shadow Ball|p2a: Cinderace\n|-crit|p2a: Cinderace\n|-damage|p2a: Cinderace|0 fnt\n|faint|p2a: Cinderace\n|\n|upkeep\n|\n|t:|1699976186\n|switch|p2a: Ting-Lu|Ting-Lu|72\/100\n|-ability|p2a: Ting-Lu|Vessel of Ruin\n|turn|26\n|\n|t:|1699976194\n|move|p1a: Gholdengo|Make It Rain|p2a: Ting-Lu\n|-damage|p2a: Ting-Lu|12\/100\n|-unboost|p1a: Gholdengo|spa|1\n|move|p2a: Ting-Lu|Earth Power|p1a: Gholdengo\n|-supereffective|p1a: Gholdengo\n|-damage|p1a: Gholdengo|55\/100\n|\n|-heal|p2a: Ting-Lu|18\/100|[from] item: Leftovers\n|upkeep\n|turn|27\n|\n|t:|1699976208\n|move|p1a: Gholdengo|Make It Rain|p2a: Ting-Lu\n|-damage|p2a: Ting-Lu|0 fnt\n|-unboost|p1a: Gholdengo|spa|1\n|faint|p2a: Ting-Lu\n|\n|upkeep\n|\n|t:|1699976216\n|switch|p2a: Electrode|Electrode-Hisui|100\/100\n|turn|28\n|\n|t:|1699976221\n|switch|p1a: Rillaboom|Rillaboom, M|63\/100\n|-status|p1a: Rillaboom|tox\n|-fieldstart|move: Grassy Terrain|[from] ability: Grassy Surge|[of] p1a: Rillaboom\n|-terastallize|p2a: Electrode|Electric\n|move|p2a: Electrode|Volt Switch|p1a: Rillaboom\n|-resisted|p1a: Rillaboom\n|-damage|p1a: Rillaboom|30\/100 tox\n|\n|t:|1699976232\n|switch|p2a: Alomomola|Alomomola, F|100\/100 brn|[from] Volt Switch\n|\n|-heal|p1a: Rillaboom|36\/100 tox|[from] Grassy Terrain\n|-damage|p1a: Rillaboom|30\/100 tox|[from] psn\n|-damage|p2a: Alomomola|94\/100 brn|[from] brn\n|upkeep\n|turn|29\n|\n|t:|1699976242\n|move|p2a: Alomomola|Flip Turn|p1a: Rillaboom\n|-resisted|p1a: Rillaboom\n|-damage|p1a: Rillaboom|26\/100 tox\n|\n|t:|1699976247\n|switch|p2a: Gholdengo|Gholdengo|100\/100|[from] Flip Turn\n|move|p1a: Rillaboom|Drum Beating|p2a: Gholdengo\n|-resisted|p2a: Gholdengo\n|-damage|p2a: Gholdengo|66\/100\n|-unboost|p2a: Gholdengo|spe|1\n|-enditem|p2a: Gholdengo|White Herb\n|-clearnegativeboost|p2a: Gholdengo|[silent]\n|\n|-heal|p2a: Gholdengo|72\/100|[from] Grassy Terrain\n|-heal|p1a: Rillaboom|32\/100 tox|[from] Grassy Terrain\n|-damage|p1a: Rillaboom|20\/100 tox|[from] psn\n|upkeep\n|turn|30\n|\n|t:|1699976264\n|move|p2a: Gholdengo|Shadow Ball|p1a: Rillaboom\n|-damage|p1a: Rillaboom|0 fnt\n|faint|p1a: Rillaboom\n|\n|-heal|p2a: Gholdengo|78\/100|[from] Grassy Terrain\n|upkeep\n|\n|t:|1699976287\n|switch|p1a: Heatran|Heatran, F|100\/100 par\n|turn|31\n|\n|t:|1699976296\n|switch|p2a: Alomomola|Alomomola, F|100\/100 brn\n|switch|p1a: Gholdengo|Gholdengo|55\/100\n|\n|-heal|p1a: Gholdengo|61\/100|[from] Grassy Terrain\n|-damage|p2a: Alomomola|94\/100 brn|[from] brn\n|upkeep\n|turn|32\n|\n|t:|1699976312\n|move|p1a: Gholdengo|Nasty Plot|p1a: Gholdengo\n|-boost|p1a: Gholdengo|spa|2\n|move|p2a: Alomomola|Wish|p2a: Alomomola\n|\n|-heal|p1a: Gholdengo|67\/100|[from] Grassy Terrain\n|-heal|p2a: Alomomola|100\/100 brn|[from] Grassy Terrain\n|-damage|p2a: Alomomola|94\/100 brn|[from] brn\n|upkeep\n|turn|33\n|\n|t:|1699976323\n|move|p1a: Gholdengo|Thunderbolt|p2a: Alomomola\n|-supereffective|p2a: Alomomola\n|-damage|p2a: Alomomola|0 fnt\n|faint|p2a: Alomomola\n|\n|-heal|p1a: Gholdengo|73\/100|[from] Grassy Terrain\n|upkeep\n|\n|t:|1699976331\n|switch|p2a: Gholdengo|Gholdengo|78\/100\n|turn|34\n|\n|t:|1699976337\n|-terastallize|p1a: Gholdengo|Steel\n|move|p1a: Gholdengo|Shadow Ball|p2a: Gholdengo\n|-supereffective|p2a: Gholdengo\n|-damage|p2a: Gholdengo|0 fnt\n|faint|p2a: Gholdengo\n|\n|-heal|p1a: Gholdengo|79\/100|[from] Grassy Terrain\n|upkeep\n|\n|t:|1699976346\n|switch|p2a: Electrode|Electrode-Hisui, tera:Electric|100\/100\n|turn|35\n|\n|t:|1699976356\n|move|p2a: Electrode|Volt Switch|p1a: Gholdengo\n|-damage|p1a: Gholdengo|16\/100\n|move|p1a: Gholdengo|Shadow Ball|p2a: Electrode\n|-damage|p2a: Electrode|0 fnt\n|faint|p2a: Electrode\n|\n|win|Bi11 Russell\n|raw|Bi11 Russell's rating: 1151 &rarr; <strong>1171<\/strong><br \/>(+20 for winning)\n|raw|PenguinODoom's rating: 1075 &rarr; <strong>1058<\/strong><br \/>(-17 for losing)\n|c|\u2606Bi11 Russell|gg\n","uploadtime":1699976362,"views":5,"p1id":"bi11russell","p2id":"penguinodoom","formatid":"gen9ou","rating":1058,"private":0,"password":""}