{"id":"gen9ou-1993660223","p1":"Skoomabangbang","p2":"yayou","format":"[Gen 9] OU","log":"|j|\u2606Skoomabangbang\n|j|\u2606yayou\n|t:|1700342653\n|gametype|singles\n|player|p1|Skoomabangbang|shadowtriad|\n|player|p2|yayou|volkner|\n|teamsize|p1|6\n|teamsize|p2|6\n|gen|9\n|tier|[Gen 9] OU\n|rule|Sleep Clause Mod: Limit one foe put to sleep\n|rule|Species Clause: Limit one of each Pok\u00e9mon\n|rule|OHKO Clause: OHKO moves are banned\n|rule|Evasion Items Clause: Evasion items are banned\n|rule|Evasion Moves Clause: Evasion moves are banned\n|rule|Endless Battle Clause: Forcing endless battles is banned\n|rule|HP Percentage Mod: HP is shown in percentages\n|clearpoke\n|poke|p1|Sandy Shocks|\n|poke|p1|Thundurus-Therian, M|\n|poke|p1|Kilowattrel, M|\n|poke|p1|Rotom-Frost|\n|poke|p1|Electrode-Hisui|\n|poke|p1|Iron Thorns|\n|poke|p2|Sandy Shocks|\n|poke|p2|Rotom-Mow|\n|poke|p2|Iron Hands|\n|poke|p2|Toxtricity, M|\n|poke|p2|Thundurus-Therian, M|\n|poke|p2|Pawmot, M|\n|teampreview\n|\n|t:|1700342683\n|start\n|switch|p1a: Kilowattrel|Kilowattrel, M, shiny|100\/100\n|switch|p2a: Rotom|Rotom-Mow|100\/100\n|turn|1\n|\n|t:|1700342707\n|move|p1a: Kilowattrel|Air Slash|p2a: Rotom\n|-damage|p2a: Rotom|53\/100\n|move|p2a: Rotom|Nasty Plot|p2a: Rotom\n|-boost|p2a: Rotom|spa|2\n|\n|-heal|p2a: Rotom|59\/100|[from] item: Leftovers\n|upkeep\n|turn|2\n|\n|t:|1700342723\n|move|p1a: Kilowattrel|Air Slash|p2a: Rotom\n|-damage|p2a: Rotom|15\/100\n|move|p2a: Rotom|Leaf Storm|p1a: Kilowattrel\n|-resisted|p1a: Kilowattrel\n|-damage|p1a: Kilowattrel|0 fnt\n|-unboost|p2a: Rotom|spa|2\n|faint|p1a: Kilowattrel\n|\n|-heal|p2a: Rotom|22\/100|[from] item: Leftovers\n|upkeep\n|\n|t:|1700342752\n|switch|p1a: Thundurus|Thundurus-Therian, M, shiny|100\/100\n|turn|3\n|\n|t:|1700342772\n|move|p1a: Thundurus|Sludge Bomb|p2a: Rotom\n|-supereffective|p2a: Rotom\n|-damage|p2a: Rotom|0 fnt\n|faint|p2a: Rotom\n|\n|upkeep\n|\n|t:|1700342781\n|switch|p2a: Toxtricity|Toxtricity, M, shiny|100\/100\n|turn|4\n|\n|t:|1700342807\n|move|p1a: Thundurus|Discharge|p2a: Toxtricity\n|-resisted|p2a: Toxtricity\n|-damage|p2a: Toxtricity|68\/100\n|move|p2a: Toxtricity|Shift Gear|p2a: Toxtricity\n|-boost|p2a: Toxtricity|spe|2\n|-boost|p2a: Toxtricity|atk|1\n|\n|upkeep\n|turn|5\n|\n|t:|1700342834\n|move|p2a: Toxtricity|Shift Gear|p2a: Toxtricity\n|-boost|p2a: Toxtricity|spe|2\n|-boost|p2a: Toxtricity|atk|1\n|move|p1a: Thundurus|Discharge|p2a: Toxtricity\n|-resisted|p2a: Toxtricity\n|-damage|p2a: Toxtricity|32\/100\n|\n|upkeep\n|turn|6\n|\n|t:|1700342848\n|-terastallize|p2a: Toxtricity|Normal\n|move|p2a: Toxtricity|Boomburst|p1a: Thundurus\n|-damage|p1a: Thundurus|20\/100\n|-enditem|p2a: Toxtricity|Throat Spray\n|-boost|p2a: Toxtricity|spa|1|[from] item: Throat Spray\n|move|p1a: Thundurus|Focus Blast|p2a: Toxtricity\n|-supereffective|p2a: Toxtricity\n|-damage|p2a: Toxtricity|0 fnt\n|faint|p2a: Toxtricity\n|\n|upkeep\n|\n|t:|1700342858\n|switch|p2a: Pawmot|Pawmot, M, shiny|100\/100\n|turn|7\n|\n|t:|1700342868\n|move|p2a: Pawmot|Ice Punch|p1a: Thundurus\n|-supereffective|p1a: Thundurus\n|-damage|p1a: Thundurus|0 fnt\n|faint|p1a: Thundurus\n|-damage|p2a: Pawmot|91\/100|[from] item: Life Orb\n|\n|upkeep\n|\n|t:|1700342930\n|switch|p1a: Rotom|Rotom-Frost, shiny|100\/100\n|turn|8\n|\n|t:|1700342944\n|move|p2a: Pawmot|Close Combat|p1a: Rotom\n|-supereffective|p1a: Rotom\n|-damage|p1a: Rotom|0 fnt\n|-unboost|p2a: Pawmot|def|1\n|-unboost|p2a: Pawmot|spd|1\n|faint|p1a: Rotom\n|-damage|p2a: Pawmot|81\/100|[from] item: Life Orb\n|\n|upkeep\n|\n|t:|1700342956\n|switch|p1a: Electrode|Electrode-Hisui, shiny|100\/100\n|turn|9\n|\n|t:|1700342981\n|switch|p2a: Thundurus|Thundurus-Therian, M|100\/100\n|move|p1a: Electrode|Giga Drain|p2a: Thundurus\n|-resisted|p2a: Thundurus\n|-damage|p2a: Thundurus|71\/100\n|\n|upkeep\n|turn|10\n|\n|t:|1700342995\n|switch|p1a: Iron Thorns|Iron Thorns|100\/100\n|move|p2a: Thundurus|Psychic|p1a: Iron Thorns\n|-damage|p1a: Iron Thorns|40\/100\n|\n|-heal|p1a: Iron Thorns|46\/100|[from] item: Leftovers\n|upkeep\n|turn|11\n|\n|t:|1700343027\n|move|p2a: Thundurus|Psychic|p1a: Iron Thorns\n|-damage|p1a: Iron Thorns|0 fnt\n|faint|p1a: Iron Thorns\n|-end|p1a: Iron Thorns|Quark Drive|[silent]\n|\n|upkeep\n|\n|t:|1700343037\n|switch|p1a: Sandy Shocks|Sandy Shocks|100\/100\n|turn|12\n|\n|t:|1700343056\n|move|p1a: Sandy Shocks|Power Gem|p2a: Thundurus\n|-supereffective|p2a: Thundurus\n|-damage|p2a: Thundurus|0 fnt\n|faint|p2a: Thundurus\n|\n|upkeep\n|\n|t:|1700343062\n|switch|p2a: Pawmot|Pawmot, M, shiny|81\/100\n|turn|13\n|\n|t:|1700343069\n|-end|p1a: Sandy Shocks|Protosynthesis|[silent]\n|switch|p1a: Electrode|Electrode-Hisui, shiny|100\/100\n|move|p2a: Pawmot|Ice Punch|p1a: Electrode\n|-supereffective|p1a: Electrode\n|-damage|p1a: Electrode|0 fnt\n|faint|p1a: Electrode\n|-damage|p2a: Pawmot|71\/100|[from] item: Life Orb\n|\n|upkeep\n|\n|t:|1700343082\n|switch|p1a: Sandy Shocks|Sandy Shocks|100\/100\n|turn|14\n|\n|t:|1700343089\n|move|p1a: Sandy Shocks|Earth Power|p2a: Pawmot\n|-supereffective|p2a: Pawmot\n|-damage|p2a: Pawmot|0 fnt\n|faint|p2a: Pawmot\n|\n|upkeep\n|\n|t:|1700343092\n|switch|p2a: Iron Hands|Iron Hands|100\/100\n|turn|15\n|\n|t:|1700343102\n|-terastallize|p1a: Sandy Shocks|Fire\n|move|p1a: Sandy Shocks|Earth Power|p2a: Iron Hands\n|-supereffective|p2a: Iron Hands\n|-damage|p2a: Iron Hands|48\/100\n|move|p2a: Iron Hands|Drain Punch|p1a: Sandy Shocks\n|-damage|p1a: Sandy Shocks|47\/100\n|-heal|p2a: Iron Hands|65\/100|[from] drain|[of] p1a: Sandy Shocks\n|\n|upkeep\n|turn|16\n|\n|t:|1700343113\n|move|p1a: Sandy Shocks|Earth Power|p2a: Iron Hands\n|-supereffective|p2a: Iron Hands\n|-damage|p2a: Iron Hands|10\/100\n|move|p2a: Iron Hands|Earthquake|p1a: Sandy Shocks\n|-supereffective|p1a: Sandy Shocks\n|-damage|p1a: Sandy Shocks|0 fnt\n|faint|p1a: Sandy Shocks\n|-end|p1a: Sandy Shocks|Protosynthesis|[silent]\n|\n|win|yayou\n|l|\u2606Skoomabangbang\n","uploadtime":1700343355,"views":8,"p1id":"skoomabangbang","p2id":"yayou","formatid":"gen9ou","rating":0,"private":0,"password":""}