{"id":"gen9ou-1994051107","p1":"Ankxcity","p2":"shuuro","format":"[Gen 9] OU","log":"|j|\u2606Ankxcity\n|j|\u2606shuuro\n|t:|1700400066\n|gametype|singles\n|player|p1|Ankxcity|n-masters3|1260\n|player|p2|shuuro|266|1353\n|teamsize|p1|6\n|teamsize|p2|6\n|gen|9\n|tier|[Gen 9] OU\n|rated|\n|rule|Sleep Clause Mod: Limit one foe put to sleep\n|rule|Species Clause: Limit one of each Pok\u00e9mon\n|rule|OHKO Clause: OHKO moves are banned\n|rule|Evasion Items Clause: Evasion items are banned\n|rule|Evasion Moves Clause: Evasion moves are banned\n|rule|Endless Battle Clause: Forcing endless battles is banned\n|rule|HP Percentage Mod: HP is shown in percentages\n|clearpoke\n|poke|p1|Pincurchin, M|\n|poke|p1|Iron Moth|\n|poke|p1|Iron Valiant|\n|poke|p1|Hydreigon, M|\n|poke|p1|Landorus-Therian, M|\n|poke|p1|Sneasler, M|\n|poke|p2|Dondozo, M|\n|poke|p2|Thundurus-Therian, M|\n|poke|p2|Dragonite, F|\n|poke|p2|Slowking-Galar, F|\n|poke|p2|Weavile, M|\n|poke|p2|Great Tusk|\n|teampreview\n|\n|t:|1700400075\n|start\n|switch|p1a: Landorus|Landorus-Therian, M, shiny|100\/100\n|switch|p2a: Thundurus|Thundurus-Therian, M|100\/100\n|-ability|p1a: Landorus|Intimidate|boost\n|-unboost|p2a: Thundurus|atk|1\n|turn|1\n|\n|t:|1700400082\n|-terastallize|p2a: Thundurus|Flying\n|move|p2a: Thundurus|Tera Blast|p1a: Landorus|[anim] Tera Blast Flying\n|-damage|p1a: Landorus|0 fnt\n|faint|p1a: Landorus\n|\n|upkeep\n|\n|t:|1700400091\n|switch|p1a: Pincurchin|Pincurchin, M, shiny|100\/100\n|-fieldstart|move: Electric Terrain|[from] ability: Electric Surge|[of] p1a: Pincurchin\n|turn|2\n|\n|t:|1700400104\n|move|p2a: Thundurus|Tera Blast|p1a: Pincurchin|[anim] Tera Blast Flying\n|-resisted|p1a: Pincurchin\n|-damage|p1a: Pincurchin|45\/100\n|move|p1a: Pincurchin|Liquidation|p2a: Thundurus\n|-damage|p2a: Thundurus|59\/100\n|\n|upkeep\n|turn|3\n|\n|t:|1700400113\n|switch|p1a: Iron Moth|Iron Moth, shiny|100\/100\n|-activate|p1a: Iron Moth|ability: Quark Drive\n|-start|p1a: Iron Moth|quarkdrivespe\n|move|p2a: Thundurus|Tera Blast|p1a: Iron Moth|[anim] Tera Blast Flying\n|-damage|p1a: Iron Moth|15\/100\n|\n|upkeep\n|turn|4\n|\n|t:|1700400124\n|switch|p2a: Slowking|Slowking-Galar, F|100\/100\n|move|p1a: Iron Moth|Sludge Wave|p2a: Slowking\n|-resisted|p2a: Slowking\n|-damage|p2a: Slowking|88\/100\n|\n|upkeep\n|turn|5\n|\n|t:|1700400134\n|-end|p1a: Iron Moth|Quark Drive|[silent]\n|switch|p1a: Hydreigon|Hydreigon, M, shiny|100\/100\n|move|p2a: Slowking|Future Sight|p1a: Hydreigon\n|-start|p2a: Slowking|move: Future Sight\n|\n|upkeep\n|turn|6\n|\n|t:|1700400139\n|move|p1a: Hydreigon|Dark Pulse|p2a: Slowking\n|-supereffective|p2a: Slowking\n|-damage|p2a: Slowking|42\/100\n|cant|p2a: Slowking|flinch\n|\n|upkeep\n|turn|7\n|\n|t:|1700400152\n|switch|p2a: Weavile|Weavile, M|100\/100\n|-ability|p2a: Weavile|Pressure\n|move|p1a: Hydreigon|Dark Pulse|p2a: Weavile\n|-resisted|p2a: Weavile\n|-damage|p2a: Weavile|71\/100\n|\n|-end|p1a: Hydreigon|move: Future Sight\n|-immune|p1a: Hydreigon\n|upkeep\n|turn|8\n|\n|t:|1700400158\n|switch|p1a: Iron Moth|Iron Moth, shiny|15\/100\n|-activate|p1a: Iron Moth|ability: Quark Drive\n|-start|p1a: Iron Moth|quarkdrivespe\n|move|p2a: Weavile|Ice Spinner|p1a: Iron Moth\n|-resisted|p1a: Iron Moth\n|-damage|p1a: Iron Moth|0 fnt\n|-fieldend|move: Electric Terrain\n|faint|p1a: Iron Moth\n|-end|p1a: Iron Moth|Quark Drive|[silent]\n|\n|upkeep\n|\n|t:|1700400168\n|switch|p1a: Iron Valiant|Iron Valiant, shiny|100\/100\n|turn|9\n|\n|t:|1700400177\n|switch|p2a: Dondozo|Dondozo, M|100\/100\n|move|p1a: Iron Valiant|Moonblast|p2a: Dondozo\n|-damage|p2a: Dondozo|44\/100\n|-damage|p1a: Iron Valiant|91\/100|[from] item: Life Orb\n|\n|upkeep\n|turn|10\n|\n|t:|1700400182\n|switch|p2a: Slowking|Slowking-Galar, F|75\/100\n|move|p1a: Iron Valiant|Thunderbolt|p2a: Slowking\n|-damage|p2a: Slowking|53\/100\n|-damage|p1a: Iron Valiant|81\/100|[from] item: Life Orb\n|\n|upkeep\n|turn|11\n|\n|t:|1700400188\n|move|p1a: Iron Valiant|Psyshock|p2a: Slowking\n|-damage|p2a: Slowking|19\/100\n|-damage|p1a: Iron Valiant|71\/100|[from] item: Life Orb\n|move|p2a: Slowking|Sludge Bomb|p1a: Iron Valiant\n|-supereffective|p1a: Iron Valiant\n|-damage|p1a: Iron Valiant|0 fnt\n|faint|p1a: Iron Valiant\n|-end|p1a: Iron Valiant|Quark Drive|[silent]\n|\n|upkeep\n|\n|t:|1700400196\n|switch|p1a: Pincurchin|Pincurchin, M, shiny|45\/100\n|-fieldstart|move: Electric Terrain|[from] ability: Electric Surge|[of] p1a: Pincurchin\n|turn|12\n|\n|t:|1700400202\n|move|p2a: Slowking|Sludge Bomb|p1a: Pincurchin\n|-damage|p1a: Pincurchin|2\/100\n|move|p1a: Pincurchin|Liquidation|p2a: Slowking\n|-damage|p2a: Slowking|0 fnt\n|faint|p2a: Slowking\n|\n|upkeep\n|\n|t:|1700400204\n|switch|p2a: Weavile|Weavile, M|71\/100\n|-ability|p2a: Weavile|Pressure\n|turn|13\n|\n|t:|1700400209\n|move|p1a: Pincurchin|Sucker Punch|p2a: Weavile\n|-resisted|p2a: Weavile\n|-damage|p2a: Weavile|51\/100\n|move|p2a: Weavile|Ice Spinner|p1a: Pincurchin\n|-damage|p1a: Pincurchin|0 fnt\n|-fieldend|move: Electric Terrain\n|faint|p1a: Pincurchin\n|\n|upkeep\n|\n|t:|1700400215\n|switch|p1a: Hydreigon|Hydreigon, M, shiny|100\/100\n|turn|14\n|\n|t:|1700400219\n|move|p1a: Hydreigon|Flamethrower|p2a: Weavile\n|-supereffective|p2a: Weavile\n|-damage|p2a: Weavile|0 fnt\n|faint|p2a: Weavile\n|\n|upkeep\n|\n|t:|1700400227\n|switch|p2a: Dragonite|Dragonite, F|100\/100\n|turn|15\n|\n|t:|1700400230\n|move|p1a: Hydreigon|Flamethrower|p2a: Dragonite\n|-resisted|p2a: Dragonite\n|-damage|p2a: Dragonite|92\/100\n|-status|p2a: Dragonite|brn\n|move|p2a: Dragonite|Dragon Dance|p2a: Dragonite\n|-boost|p2a: Dragonite|atk|1\n|-boost|p2a: Dragonite|spe|1\n|\n|-damage|p2a: Dragonite|86\/100 brn|[from] brn\n|upkeep\n|turn|16\n|\n|t:|1700400236\n|switch|p1a: Sneasler|Sneasler, M, shiny|100\/100\n|move|p2a: Dragonite|Dragon Dance|p2a: Dragonite\n|-boost|p2a: Dragonite|atk|1\n|-boost|p2a: Dragonite|spe|1\n|\n|-damage|p2a: Dragonite|80\/100 brn|[from] brn\n|upkeep\n|turn|17\n|\n|t:|1700400267\n|switch|p1a: Hydreigon|Hydreigon, M, shiny|100\/100\n|move|p2a: Dragonite|Extreme Speed|p1a: Hydreigon\n|-damage|p1a: Hydreigon|66\/100\n|\n|-damage|p2a: Dragonite|74\/100 brn|[from] brn\n|upkeep\n|turn|18\n|inactive|Battle timer is ON: inactive players will automatically lose when time's up. (requested by shuuro)\n|\n|t:|1700400309\n|switch|p2a: Dondozo|Dondozo, M|44\/100\n|-terastallize|p1a: Hydreigon|Steel\n|move|p1a: Hydreigon|Draco Meteor|p2a: Dondozo\n|-damage|p2a: Dondozo|0 fnt\n|-unboost|p1a: Hydreigon|spa|2\n|faint|p2a: Dondozo\n|\n|upkeep\n|inactive|shuuro has 120 seconds left.\n|\n|t:|1700400346\n|switch|p2a: Great Tusk|Great Tusk|100\/100\n|turn|19\n|\n|t:|1700400350\n|switch|p1a: Sneasler|Sneasler, M, shiny|100\/100\n|move|p2a: Great Tusk|Body Press|p1a: Sneasler\n|-resisted|p1a: Sneasler\n|-damage|p1a: Sneasler|64\/100\n|\n|upkeep\n|turn|20\n|\n|t:|1700400357\n|move|p1a: Sneasler|Dire Claw|p2a: Great Tusk\n|-resisted|p2a: Great Tusk\n|-damage|p2a: Great Tusk|89\/100\n|-status|p2a: Great Tusk|slp\n|cant|p2a: Great Tusk|slp\n|\n|-heal|p2a: Great Tusk|96\/100 slp|[from] item: Leftovers\n|upkeep\n|turn|21\n|\n|t:|1700400363\n|move|p1a: Sneasler|Swords Dance|p1a: Sneasler\n|-boost|p1a: Sneasler|atk|2\n|cant|p2a: Great Tusk|slp\n|\n|-heal|p2a: Great Tusk|100\/100 slp|[from] item: Leftovers\n|upkeep\n|turn|22\n|\n|t:|1700400369\n|move|p1a: Sneasler|Close Combat|p2a: Great Tusk\n|-damage|p2a: Great Tusk|36\/100 slp\n|-unboost|p1a: Sneasler|def|1\n|-unboost|p1a: Sneasler|spd|1\n|-curestatus|p2a: Great Tusk|slp|[msg]\n|move|p2a: Great Tusk|Ice Spinner|p1a: Sneasler\n|-damage|p1a: Sneasler|3\/100\n|\n|-heal|p2a: Great Tusk|42\/100|[from] item: Leftovers\n|upkeep\n|turn|23\n|\n|t:|1700400376\n|move|p1a: Sneasler|Close Combat|p2a: Great Tusk\n|-damage|p2a: Great Tusk|0 fnt\n|-unboost|p1a: Sneasler|def|1\n|-unboost|p1a: Sneasler|spd|1\n|faint|p2a: Great Tusk\n|-end|p2a: Great Tusk|Protosynthesis|[silent]\n|\n|upkeep\n|\n|t:|1700400378\n|switch|p2a: Dragonite|Dragonite, F|74\/100 brn\n|turn|24\n|\n|t:|1700400385\n|switch|p1a: Hydreigon|Hydreigon, M, shiny, tera:Steel|66\/100\n|move|p2a: Dragonite|Extreme Speed|p1a: Hydreigon\n|-resisted|p1a: Hydreigon\n|-crit|p1a: Hydreigon\n|-damage|p1a: Hydreigon|53\/100\n|\n|-damage|p2a: Dragonite|68\/100 brn|[from] brn\n|upkeep\n|turn|25\n|\n|t:|1700400399\n|move|p1a: Hydreigon|Draco Meteor|p2a: Dragonite\n|-supereffective|p2a: Dragonite\n|-damage|p2a: Dragonite|0 fnt\n|-unboost|p1a: Hydreigon|spa|2\n|faint|p2a: Dragonite\n|\n|upkeep\n|\n|t:|1700400401\n|switch|p2a: Thundurus|Thundurus-Therian, M, tera:Flying|59\/100\n|turn|26\n|\n|t:|1700400405\n|switch|p1a: Sneasler|Sneasler, M, shiny|3\/100\n|move|p2a: Thundurus|Tera Blast|p1a: Sneasler|[anim] Tera Blast Flying\n|-supereffective|p1a: Sneasler\n|-damage|p1a: Sneasler|0 fnt\n|faint|p1a: Sneasler\n|\n|upkeep\n|\n|t:|1700400411\n|switch|p1a: Hydreigon|Hydreigon, M, shiny, tera:Steel|53\/100\n|turn|27\n|\n|t:|1700400415\n|move|p1a: Hydreigon|Draco Meteor|p2a: Thundurus\n|-damage|p2a: Thundurus|0 fnt\n|-unboost|p1a: Hydreigon|spa|2\n|faint|p2a: Thundurus\n|\n|win|Ankxcity\n|raw|Ankxcity's rating: 1260 &rarr; <strong>1292<\/strong><br \/>(+32 for winning)\n|raw|shuuro's rating: 1353 &rarr; <strong>1328<\/strong><br \/>(-25 for losing)\n|l|\u2606shuuro\n","uploadtime":1700400436,"views":7,"p1id":"ankxcity","p2id":"shuuro","formatid":"gen9ou","rating":1292,"private":0,"password":""}