{"id":"gen9ou-1997284999","p1":"Drossito Pambisito","p2":"Adoptivecandy","format":"[Gen 9] OU","log":"|j|\u2606Drossito Pambisito\n|j|\u2606Adoptivecandy\n|t:|1700784617\n|gametype|singles\n|player|p1|Drossito Pambisito|1|1233\n|player|p2|Adoptivecandy|cynthia-gen4|1330\n|teamsize|p1|6\n|teamsize|p2|6\n|gen|9\n|tier|[Gen 9] OU\n|rated|\n|rule|Sleep Clause Mod: Limit one foe put to sleep\n|rule|Species Clause: Limit one of each Pok\u00e9mon\n|rule|OHKO Clause: OHKO moves are banned\n|rule|Evasion Items Clause: Evasion items are banned\n|rule|Evasion Moves Clause: Evasion moves are banned\n|rule|Endless Battle Clause: Forcing endless battles is banned\n|rule|HP Percentage Mod: HP is shown in percentages\n|clearpoke\n|poke|p1|Thundurus, M|\n|poke|p1|Dragonite, M|\n|poke|p1|Hawlucha, M|\n|poke|p1|Manaphy|\n|poke|p1|Iron Valiant|\n|poke|p1|Chandelure, M|\n|poke|p2|Iron Jugulis|\n|poke|p2|Ogerpon-Wellspring, F|\n|poke|p2|Tinkaton, F|\n|poke|p2|Iron Moth|\n|poke|p2|Great Tusk|\n|poke|p2|Dragapult, M|\n|teampreview\n|inactive|Battle timer is ON: inactive players will automatically lose when time's up. (requested by Adoptivecandy)\n|\n|t:|1700784623\n|start\n|switch|p1a: Thundurus|Thundurus, M|100\/100\n|switch|p2a: Poppy|Tinkaton, F|100\/100\n|-item|p2a: Poppy|Air Balloon\n|turn|1\n|inactive|Drossito Pambisito has 120 seconds left.\n|\n|t:|1700784657\n|move|p1a: Thundurus|Electric Terrain|p1a: Thundurus\n|-fieldstart|move: Electric Terrain\n|move|p2a: Poppy|Stealth Rock|p1a: Thundurus\n|-sidestart|p1: Drossito Pambisito|move: Stealth Rock\n|\n|upkeep\n|turn|2\n|inactive|Drossito Pambisito has 120 seconds left.\n|\n|t:|1700784669\n|-terastallize|p1a: Thundurus|Electric\n|move|p1a: Thundurus|Discharge|p2a: Poppy\n|-damage|p2a: Poppy|36\/100\n|-enditem|p2a: Poppy|Air Balloon\n|move|p2a: Poppy|Play Rough|p1a: Thundurus\n|-damage|p1a: Thundurus|64\/100\n|-unboost|p1a: Thundurus|atk|1\n|\n|upkeep\n|turn|3\n|\n|t:|1700784682\n|move|p1a: Thundurus|Discharge|p2a: Poppy\n|-damage|p2a: Poppy|0 fnt\n|faint|p2a: Poppy\n|\n|upkeep\n|\n|t:|1700784688\n|switch|p2a: Mega-donphan|Great Tusk, shiny|100\/100\n|-enditem|p2a: Mega-donphan|Booster Energy\n|-activate|p2a: Mega-donphan|ability: Protosynthesis|[fromitem]\n|-start|p2a: Mega-donphan|protosynthesisspe\n|turn|4\n|inactive|Drossito Pambisito has 120 seconds left.\n|\n|t:|1700784709\n|move|p2a: Mega-donphan|Headlong Rush|p1a: Thundurus\n|-supereffective|p1a: Thundurus\n|-damage|p1a: Thundurus|0 fnt\n|-unboost|p2a: Mega-donphan|def|1\n|-unboost|p2a: Mega-donphan|spd|1\n|faint|p1a: Thundurus\n|\n|upkeep\n|inactive|Drossito Pambisito has 120 seconds left.\n|\n|t:|1700784714\n|switch|p1a: Hawlucha|Hawlucha, M|100\/100\n|-damage|p1a: Hawlucha|88\/100|[from] Stealth Rock\n|-enditem|p1a: Hawlucha|Electric Seed\n|-boost|p1a: Hawlucha|def|1|[from] item: Electric Seed\n|turn|5\n|\n|t:|1700784724\n|move|p1a: Hawlucha|Swords Dance|p1a: Hawlucha\n|-boost|p1a: Hawlucha|atk|2\n|move|p2a: Mega-donphan|Ice Spinner|p1a: Hawlucha\n|-supereffective|p1a: Hawlucha\n|-damage|p1a: Hawlucha|43\/100\n|-fieldend|move: Electric Terrain\n|\n|upkeep\n|turn|6\n|\n|t:|1700784731\n|move|p1a: Hawlucha|Acrobatics|p2a: Mega-donphan\n|-supereffective|p2a: Mega-donphan\n|-damage|p2a: Mega-donphan|0 fnt\n|faint|p2a: Mega-donphan\n|-end|p2a: Mega-donphan|Protosynthesis|[silent]\n|\n|upkeep\n|\n|t:|1700784737\n|switch|p2a: Laziest desing|Iron Jugulis, shiny|100\/100\n|-enditem|p2a: Laziest desing|Booster Energy\n|-activate|p2a: Laziest desing|ability: Quark Drive|[fromitem]\n|-start|p2a: Laziest desing|quarkdrivespe\n|turn|7\n|\n|t:|1700784742\n|move|p1a: Hawlucha|Acrobatics|p2a: Laziest desing\n|-damage|p2a: Laziest desing|0 fnt\n|faint|p2a: Laziest desing\n|-end|p2a: Laziest desing|Quark Drive|[silent]\n|\n|upkeep\n|\n|t:|1700784753\n|switch|p2a: Homelander|Iron Moth|100\/100\n|-enditem|p2a: Homelander|Booster Energy\n|-activate|p2a: Homelander|ability: Quark Drive|[fromitem]\n|-start|p2a: Homelander|quarkdrivespe\n|turn|8\n|\n|t:|1700784761\n|-terastallize|p2a: Homelander|Fairy\n|move|p1a: Hawlucha|Acrobatics|p2a: Homelander\n|-damage|p2a: Homelander|0 fnt\n|faint|p2a: Homelander\n|-end|p2a: Homelander|Quark Drive|[silent]\n|\n|upkeep\n|-message|Adoptivecandy forfeited.\n|\n|win|Drossito Pambisito\n|raw|Drossito Pambisito's rating: 1233 &rarr; <strong>1265<\/strong><br \/>(+32 for winning)\n|raw|Adoptivecandy's rating: 1330 &rarr; <strong>1305<\/strong><br \/>(-25 for losing)\n|l|\u2606Adoptivecandy\n","uploadtime":1700784779,"views":3,"p1id":"drossitopambisito","p2id":"adoptivecandy","formatid":"gen9ou","rating":1265,"private":0,"password":""}