{"id":"gen9ou-1997420935","p1":"Lord Spink","p2":"PeterGriffinOnline","format":"[Gen 9] OU","log":"|j|\u2606Lord Spink\n|j|\u2606PeterGriffinOnline\n|t:|1700802409\n|gametype|singles\n|player|p1|Lord Spink|266|1195\n|player|p2|PeterGriffinOnline|crasherwake|1254\n|teamsize|p1|6\n|teamsize|p2|6\n|gen|9\n|tier|[Gen 9] OU\n|rated|\n|rule|Sleep Clause Mod: Limit one foe put to sleep\n|rule|Species Clause: Limit one of each Pok\u00e9mon\n|rule|OHKO Clause: OHKO moves are banned\n|rule|Evasion Items Clause: Evasion items are banned\n|rule|Evasion Moves Clause: Evasion moves are banned\n|rule|Endless Battle Clause: Forcing endless battles is banned\n|rule|HP Percentage Mod: HP is shown in percentages\n|clearpoke\n|poke|p1|Samurott-Hisui, M|\n|poke|p1|Dragonite, M|\n|poke|p1|Glimmora, F|\n|poke|p1|Chandelure, M|\n|poke|p1|Wo-Chien|\n|poke|p1|Forretress, M|\n|poke|p2|Ribombee, F|\n|poke|p2|Cinderace, F|\n|poke|p2|Gholdengo|\n|poke|p2|Iron Valiant|\n|poke|p2|Zapdos|\n|poke|p2|Garchomp, M|\n|teampreview\n|\n|t:|1700802417\n|start\n|switch|p1a: Forretress|Forretress, M|100\/100\n|switch|p2a: Ribombee|Ribombee, F|100\/100\n|turn|1\n|\n|t:|1700802424\n|move|p2a: Ribombee|Sticky Web|p1a: Forretress\n|-sidestart|p1: Lord Spink|move: Sticky Web\n|move|p1a: Forretress|Rapid Spin|p2a: Ribombee\n|-damage|p2a: Ribombee|81\/100\n|-boost|p1a: Forretress|spe|1\n|-sideend|p1: Lord Spink|Sticky Web|[from] move: Rapid Spin|[of] p1a: Forretress\n|\n|upkeep\n|turn|2\n|\n|t:|1700802430\n|move|p2a: Ribombee|Stun Spore|p1a: Forretress\n|-status|p1a: Forretress|par\n|move|p1a: Forretress|Thunder Wave|p2a: Ribombee|[miss]\n|-miss|p1a: Forretress|p2a: Ribombee\n|\n|upkeep\n|turn|3\n|\n|t:|1700802438\n|move|p2a: Ribombee|Sticky Web|p1a: Forretress\n|-sidestart|p1: Lord Spink|move: Sticky Web\n|cant|p1a: Forretress|par\n|\n|upkeep\n|turn|4\n|\n|t:|1700802446\n|move|p2a: Ribombee|Skill Swap|p1a: Forretress\n|-activate|p2a: Ribombee|move: Skill Swap|Sturdy|Shield Dust|[of] p1a: Forretress\n|move|p1a: Forretress|Stealth Rock|p2a: Ribombee\n|-sidestart|p2: PeterGriffinOnline|move: Stealth Rock\n|\n|upkeep\n|turn|5\n|\n|t:|1700802458\n|switch|p2a: Cinderace|Cinderace, F|100\/100\n|move|p1a: Forretress|Rapid Spin|p2a: Cinderace\n|-damage|p2a: Cinderace|89\/100\n|-boost|p1a: Forretress|spe|1\n|-sideend|p1: Lord Spink|Sticky Web|[from] move: Rapid Spin|[of] p1a: Forretress\n|\n|upkeep\n|turn|6\n|\n|t:|1700802466\n|move|p2a: Cinderace|Pyro Ball|p1a: Forretress\n|-supereffective|p1a: Forretress\n|-damage|p1a: Forretress|4\/100 par\n|cant|p1a: Forretress|par\n|\n|upkeep\n|turn|7\n|\n|t:|1700802473\n|move|p2a: Cinderace|Pyro Ball|p1a: Forretress|[miss]\n|-miss|p2a: Cinderace|p1a: Forretress\n|move|p1a: Forretress|Thunder Wave|p2a: Cinderace\n|-status|p2a: Cinderace|par\n|\n|upkeep\n|turn|8\n|\n|t:|1700802479\n|cant|p2a: Cinderace|par\n|move|p1a: Forretress|Spikes|p2a: Cinderace\n|-sidestart|p2: PeterGriffinOnline|Spikes\n|\n|upkeep\n|turn|9\n|\n|t:|1700802484\n|move|p2a: Cinderace|Court Change|p2a: Cinderace\n|-swapsideconditions\n|-activate|p2a: Cinderace|move: Court Change\n|move|p1a: Forretress|Rapid Spin|p2a: Cinderace\n|-damage|p2a: Cinderace|77\/100 par\n|-boost|p1a: Forretress|spe|1\n|-sideend|p1: Lord Spink|Spikes|[from] move: Rapid Spin|[of] p1a: Forretress\n|-sideend|p1: Lord Spink|Stealth Rock|[from] move: Rapid Spin|[of] p1a: Forretress\n|\n|upkeep\n|turn|10\n|\n|t:|1700802492\n|move|p2a: Cinderace|Pyro Ball|p1a: Forretress|[miss]\n|-miss|p2a: Cinderace|p1a: Forretress\n|move|p1a: Forretress|Rapid Spin|p2a: Cinderace\n|-damage|p2a: Cinderace|64\/100 par\n|-boost|p1a: Forretress|spe|1\n|\n|upkeep\n|turn|11\n|\n|t:|1700802498\n|cant|p2a: Cinderace|par\n|move|p1a: Forretress|Rapid Spin|p2a: Cinderace\n|-damage|p2a: Cinderace|53\/100 par\n|-boost|p1a: Forretress|spe|1\n|\n|upkeep\n|turn|12\n|\n|t:|1700802504\n|move|p1a: Forretress|Rapid Spin|p2a: Cinderace\n|-damage|p2a: Cinderace|42\/100 par\n|-boost|p1a: Forretress|spe|1\n|move|p2a: Cinderace|Pyro Ball|p1a: Forretress\n|-supereffective|p1a: Forretress\n|-damage|p1a: Forretress|0 fnt\n|faint|p1a: Forretress\n|\n|upkeep\n|\n|t:|1700802516\n|switch|p1a: Glimmora|Glimmora, F|100\/100\n|turn|13\n|\n|t:|1700802524\n|switch|p2a: Gholdengo|Gholdengo|100\/100\n|-item|p2a: Gholdengo|Air Balloon\n|move|p1a: Glimmora|Power Gem|p2a: Gholdengo\n|-resisted|p2a: Gholdengo\n|-crit|p2a: Gholdengo\n|-damage|p2a: Gholdengo|50\/100\n|-enditem|p2a: Gholdengo|Air Balloon\n|\n|upkeep\n|turn|14\n|\n|t:|1700802539\n|switch|p1a: Wo-Chien|Wo-Chien|100\/100\n|-ability|p1a: Wo-Chien|Tablets of Ruin\n|switch|p2a: Zapdos|Zapdos|100\/100\n|\n|upkeep\n|turn|15\n|l|\u2606Lord Spink\n|player|p1|\n|j|\u2606Lord Spink\n|player|p1|Lord Spink|266\n|\n|t:|1700802563\n|move|p2a: Zapdos|Heat Wave|p1a: Wo-Chien\n|-supereffective|p1a: Wo-Chien\n|-damage|p1a: Wo-Chien|73\/100\n|move|p1a: Wo-Chien|Leech Seed|p2a: Zapdos\n|-start|p2a: Zapdos|move: Leech Seed\n|\n|-heal|p1a: Wo-Chien|79\/100|[from] item: Leftovers\n|-damage|p2a: Zapdos|88\/100|[from] Leech Seed|[of] p1a: Wo-Chien\n|-heal|p1a: Wo-Chien|92\/100|[silent]\n|upkeep\n|turn|16\n|\n|t:|1700802571\n|move|p2a: Zapdos|Volt Switch|p1a: Wo-Chien\n|-resisted|p1a: Wo-Chien\n|-damage|p1a: Wo-Chien|84\/100\n|\n|t:|1700802578\n|switch|p2a: Ribombee|Ribombee, F|81\/100|[from] Volt Switch\n|move|p1a: Wo-Chien|Knock Off|p2a: Ribombee\n|-resisted|p2a: Ribombee\n|-damage|p2a: Ribombee|52\/100\n|-enditem|p2a: Ribombee|Focus Sash|[from] move: Knock Off|[of] p1a: Wo-Chien\n|\n|-heal|p1a: Wo-Chien|90\/100|[from] item: Leftovers\n|upkeep\n|turn|17\n|\n|t:|1700802590\n|switch|p1a: Samurott|Samurott-Hisui, M|100\/100\n|move|p2a: Ribombee|Skill Swap|p1a: Samurott\n|-activate|p2a: Ribombee|move: Skill Swap|Sharpness|Shield Dust|[of] p1a: Samurott\n|\n|upkeep\n|turn|18\n|\n|t:|1700802599\n|move|p2a: Ribombee|Moonblast|p1a: Samurott\n|-supereffective|p1a: Samurott\n|-damage|p1a: Samurott|0 fnt\n|faint|p1a: Samurott\n|\n|upkeep\n|\n|t:|1700802604\n|switch|p1a: Dragonite|Dragonite, M|100\/100\n|turn|19\n|\n|t:|1700802607\n|move|p2a: Ribombee|Stun Spore|p1a: Dragonite\n|-status|p1a: Dragonite|par\n|move|p1a: Dragonite|Earthquake|p2a: Ribombee\n|-resisted|p2a: Ribombee\n|-damage|p2a: Ribombee|0 fnt\n|faint|p2a: Ribombee\n|\n|upkeep\n|l|\u2606Lord Spink\n|player|p1|\n|\n|t:|1700802636\n|switch|p2a: Garchomp|Garchomp, M|100\/100\n|turn|20\n|j|\u2606Lord Spink\n|player|p1|Lord Spink|266\n|\n|t:|1700802648\n|switch|p1a: Wo-Chien|Wo-Chien|90\/100\n|-ability|p1a: Wo-Chien|Tablets of Ruin\n|move|p2a: Garchomp|Draco Meteor|p1a: Wo-Chien\n|-damage|p1a: Wo-Chien|56\/100\n|-unboost|p2a: Garchomp|spa|2\n|-damage|p2a: Garchomp|91\/100|[from] item: Life Orb\n|\n|-heal|p1a: Wo-Chien|62\/100|[from] item: Leftovers\n|upkeep\n|turn|21\n|\n|t:|1700802659\n|switch|p2a: Zapdos|Zapdos|88\/100\n|move|p1a: Wo-Chien|Leech Seed|p2a: Zapdos\n|-start|p2a: Zapdos|move: Leech Seed\n|\n|-heal|p1a: Wo-Chien|68\/100|[from] item: Leftovers\n|-damage|p2a: Zapdos|75\/100|[from] Leech Seed|[of] p1a: Wo-Chien\n|-heal|p1a: Wo-Chien|81\/100|[silent]\n|upkeep\n|turn|22\n|\n|t:|1700802666\n|move|p2a: Zapdos|Hurricane|p1a: Wo-Chien\n|-supereffective|p1a: Wo-Chien\n|-damage|p1a: Wo-Chien|30\/100\n|-start|p1a: Wo-Chien|confusion\n|-activate|p1a: Wo-Chien|confusion\n|move|p1a: Wo-Chien|Knock Off|p2a: Zapdos\n|-damage|p2a: Zapdos|50\/100\n|-status|p1a: Wo-Chien|par|[from] ability: Static|[of] p2a: Zapdos\n|-enditem|p2a: Zapdos|Heavy-Duty Boots|[from] move: Knock Off|[of] p1a: Wo-Chien\n|\n|-heal|p1a: Wo-Chien|36\/100 par|[from] item: Leftovers\n|-damage|p2a: Zapdos|37\/100|[from] Leech Seed|[of] p1a: Wo-Chien\n|-heal|p1a: Wo-Chien|49\/100 par|[silent]\n|upkeep\n|turn|23\n|\n|t:|1700802679\n|-end|p1a: Wo-Chien|confusion\n|cant|p1a: Wo-Chien|par\n|move|p2a: Zapdos|Roost|p2a: Zapdos\n|-heal|p2a: Zapdos|87\/100\n|-singleturn|p2a: Zapdos|move: Roost\n|\n|-heal|p1a: Wo-Chien|55\/100 par|[from] item: Leftovers\n|-damage|p2a: Zapdos|75\/100|[from] Leech Seed|[of] p1a: Wo-Chien\n|-heal|p1a: Wo-Chien|68\/100 par|[silent]\n|upkeep\n|turn|24\n|\n|t:|1700802697\n|cant|p1a: Wo-Chien|par\n|move|p2a: Zapdos|Hurricane|p1a: Wo-Chien\n|-supereffective|p1a: Wo-Chien\n|-crit|p1a: Wo-Chien\n|-damage|p1a: Wo-Chien|0 fnt\n|faint|p1a: Wo-Chien\n|\n|upkeep\n|\n|t:|1700802704\n|switch|p1a: Glimmora|Glimmora, F|100\/100\n|turn|25\n|\n|t:|1700802716\n|move|p2a: Zapdos|Volt Switch|p1a: Glimmora\n|-damage|p1a: Glimmora|62\/100\n|\n|t:|1700802721\n|switch|p2a: Garchomp|Garchomp, M|91\/100|[from] Volt Switch\n|move|p1a: Glimmora|Power Gem|p2a: Garchomp\n|-resisted|p2a: Garchomp\n|-damage|p2a: Garchomp|52\/100\n|\n|upkeep\n|turn|26\n|\n|t:|1700802732\n|switch|p1a: Chandelure|Chandelure, M, shiny|100\/100\n|move|p2a: Garchomp|Draco Meteor|p1a: Chandelure\n|-damage|p1a: Chandelure|6\/100\n|-unboost|p2a: Garchomp|spa|2\n|-damage|p2a: Garchomp|42\/100|[from] item: Life Orb\n|\n|upkeep\n|turn|27\n|\n|t:|1700802743\n|switch|p2a: Zapdos|Zapdos|75\/100\n|move|p1a: Chandelure|Shadow Ball|p2a: Zapdos\n|-damage|p2a: Zapdos|34\/100\n|\n|upkeep\n|turn|28\n|\n|t:|1700802749\n|move|p1a: Chandelure|Shadow Ball|p2a: Zapdos\n|-damage|p2a: Zapdos|0 fnt\n|faint|p2a: Zapdos\n|\n|upkeep\n|\n|t:|1700802758\n|switch|p2a: Iron Valiant|Iron Valiant|100\/100\n|-enditem|p2a: Iron Valiant|Booster Energy\n|-activate|p2a: Iron Valiant|ability: Quark Drive|[fromitem]\n|-start|p2a: Iron Valiant|quarkdrivespe\n|turn|29\n|\n|t:|1700802764\n|switch|p1a: Glimmora|Glimmora, F|62\/100\n|move|p2a: Iron Valiant|Shadow Ball|p1a: Glimmora\n|-damage|p1a: Glimmora|28\/100\n|\n|upkeep\n|turn|30\n|\n|t:|1700802775\n|move|p2a: Iron Valiant|Shadow Ball|p1a: Glimmora\n|-damage|p1a: Glimmora|0 fnt\n|faint|p1a: Glimmora\n|\n|upkeep\n|\n|t:|1700802779\n|switch|p1a: Dragonite|Dragonite, M|100\/100 par\n|turn|31\n|\n|t:|1700802784\n|-terastallize|p2a: Iron Valiant|Ghost\n|-terastallize|p1a: Dragonite|Normal\n|cant|p1a: Dragonite|par\n|move|p2a: Iron Valiant|Moonblast|p1a: Dragonite\n|-damage|p1a: Dragonite|81\/100 par\n|\n|upkeep\n|turn|32\n|\n|t:|1700802794\n|move|p2a: Iron Valiant|Calm Mind|p2a: Iron Valiant\n|-boost|p2a: Iron Valiant|spa|1\n|-boost|p2a: Iron Valiant|spd|1\n|move|p1a: Dragonite|Earthquake|p2a: Iron Valiant\n|-damage|p2a: Iron Valiant|28\/100\n|\n|upkeep\n|turn|33\n|\n|t:|1700802800\n|move|p2a: Iron Valiant|Moonblast|p1a: Dragonite\n|-crit|p1a: Dragonite\n|-damage|p1a: Dragonite|0 fnt\n|faint|p1a: Dragonite\n|\n|upkeep\n|\n|t:|1700802805\n|switch|p1a: Chandelure|Chandelure, M, shiny|6\/100\n|turn|34\n|\n|t:|1700802808\n|move|p2a: Iron Valiant|Shadow Ball|p1a: Chandelure\n|-supereffective|p1a: Chandelure\n|-damage|p1a: Chandelure|0 fnt\n|faint|p1a: Chandelure\n|\n|win|PeterGriffinOnline\n|raw|Lord Spink's rating: 1195 &rarr; <strong>1174<\/strong><br \/>(-21 for losing)\n|raw|PeterGriffinOnline's rating: 1254 &rarr; <strong>1275<\/strong><br \/>(+21 for winning)\n|c|\u2606PeterGriffinOnline|gg\n|l|\u2606Lord Spink\n","uploadtime":1700802814,"views":2,"p1id":"lordspink","p2id":"petergriffinonline","formatid":"gen9ou","rating":1174,"private":0,"password":""}