{"id":"gen9ou-1997741826","p1":"FRiolu","p2":"ACExDiscostu93","format":"[Gen 9] OU","log":"|j|\u2606FRiolu\n|j|\u2606ACExDiscostu93\n|t:|1700847793\n|gametype|singles\n|player|p1|FRiolu|pokemonranger-gen6xy|1322\n|player|p2|ACExDiscostu93|volkner|1270\n|teamsize|p1|6\n|teamsize|p2|6\n|gen|9\n|tier|[Gen 9] OU\n|rated|\n|rule|Sleep Clause Mod: Limit one foe put to sleep\n|rule|Species Clause: Limit one of each Pok\u00e9mon\n|rule|OHKO Clause: OHKO moves are banned\n|rule|Evasion Items Clause: Evasion items are banned\n|rule|Evasion Moves Clause: Evasion moves are banned\n|rule|Endless Battle Clause: Forcing endless battles is banned\n|rule|HP Percentage Mod: HP is shown in percentages\n|clearpoke\n|poke|p1|Iron Valiant|\n|poke|p1|Thundurus-Therian, M|\n|poke|p1|Garganacl, M|\n|poke|p1|Manaphy|\n|poke|p1|Rillaboom, M|\n|poke|p1|Heatran, M|\n|poke|p2|Dragonite, M|\n|poke|p2|Garchomp, F|\n|poke|p2|Manaphy|\n|poke|p2|Tyranitar, F|\n|poke|p2|Ogerpon-Wellspring, F|\n|poke|p2|Iron Valiant|\n|teampreview\n|\n|t:|1700847798\n|start\n|switch|p1a: Garganacl|Garganacl, M|100\/100\n|switch|p2a: Tyranitar|Tyranitar, F|100\/100\n|-weather|Sandstorm|[from] ability: Sand Stream|[of] p2a: Tyranitar\n|turn|1\n|\n|t:|1700847804\n|move|p2a: Tyranitar|Knock Off|p1a: Garganacl\n|-damage|p1a: Garganacl|57\/100\n|-enditem|p1a: Garganacl|Leftovers|[from] move: Knock Off|[of] p2a: Tyranitar\n|move|p1a: Garganacl|Earthquake|p2a: Tyranitar\n|-supereffective|p2a: Tyranitar\n|-damage|p2a: Tyranitar|59\/100\n|\n|-weather|Sandstorm|[upkeep]\n|upkeep\n|turn|2\n|\n|t:|1700847811\n|switch|p2a: Manaphy|Manaphy|100\/100\n|move|p1a: Garganacl|Recover|p1a: Garganacl\n|-heal|p1a: Garganacl|100\/100\n|\n|-weather|Sandstorm|[upkeep]\n|-damage|p2a: Manaphy|94\/100|[from] Sandstorm\n|-heal|p2a: Manaphy|100\/100|[from] item: Leftovers\n|upkeep\n|turn|3\n|\n|t:|1700847816\n|-terastallize|p1a: Garganacl|Ghost\n|move|p2a: Manaphy|Take Heart|p2a: Manaphy\n|-boost|p2a: Manaphy|spa|1\n|-boost|p2a: Manaphy|spd|1\n|move|p1a: Garganacl|Salt Cure|p2a: Manaphy\n|-damage|p2a: Manaphy|91\/100\n|-start|p2a: Manaphy|Salt Cure\n|\n|-weather|Sandstorm|[upkeep]\n|-damage|p2a: Manaphy|85\/100|[from] Sandstorm\n|-damage|p1a: Garganacl|94\/100|[from] Sandstorm\n|-heal|p2a: Manaphy|91\/100|[from] item: Leftovers\n|-damage|p2a: Manaphy|66\/100|[from] Salt Cure\n|upkeep\n|turn|4\n|\n|t:|1700847831\n|move|p1a: Garganacl|Protect|p1a: Garganacl\n|-singleturn|p1a: Garganacl|Protect\n|move|p2a: Manaphy|Scald|p1a: Garganacl\n|-activate|p1a: Garganacl|move: Protect\n|\n|-weather|Sandstorm|[upkeep]\n|-damage|p2a: Manaphy|60\/100|[from] Sandstorm\n|-damage|p1a: Garganacl|88\/100|[from] Sandstorm\n|-heal|p2a: Manaphy|66\/100|[from] item: Leftovers\n|-damage|p2a: Manaphy|41\/100|[from] Salt Cure\n|upkeep\n|turn|5\n|\n|t:|1700847842\n|switch|p2a: Tyranitar|Tyranitar, F|59\/100\n|switch|p1a: Manaphy|Manaphy|100\/100\n|\n|-weather|none\n|upkeep\n|turn|6\n|\n|t:|1700847848\n|switch|p1a: Rillaboom|Rillaboom, M|100\/100\n|-fieldstart|move: Grassy Terrain|[from] ability: Grassy Surge|[of] p1a: Rillaboom\n|switch|p2a: Ogerpon|Ogerpon-Wellspring, F|100\/100\n|\n|upkeep\n|turn|7\n|\n|t:|1700847862\n|switch|p2a: Dragonite|Dragonite, M|100\/100\n|move|p1a: Rillaboom|Grassy Glide|p2a: Dragonite\n|-resisted|p2a: Dragonite\n|-damage|p2a: Dragonite|96\/100\n|\n|upkeep\n|turn|8\n|\n|t:|1700847870\n|switch|p1a: Garganacl|Garganacl, M, tera:Ghost|88\/100\n|move|p2a: Dragonite|Dragon Dance|p2a: Dragonite\n|-boost|p2a: Dragonite|atk|1\n|-boost|p2a: Dragonite|spe|1\n|\n|-heal|p1a: Garganacl|94\/100|[from] Grassy Terrain\n|upkeep\n|turn|9\n|\n|t:|1700847881\n|move|p2a: Dragonite|Ice Spinner|p1a: Garganacl\n|-damage|p1a: Garganacl|72\/100\n|-fieldend|move: Grassy Terrain\n|move|p1a: Garganacl|Salt Cure|p2a: Dragonite\n|-supereffective|p2a: Dragonite\n|-damage|p2a: Dragonite|64\/100\n|-start|p2a: Dragonite|Salt Cure\n|\n|-damage|p2a: Dragonite|52\/100|[from] Salt Cure\n|upkeep\n|turn|10\n|\n|t:|1700847887\n|move|p2a: Dragonite|Earthquake|p1a: Garganacl\n|-damage|p1a: Garganacl|42\/100\n|move|p1a: Garganacl|Recover|p1a: Garganacl\n|-heal|p1a: Garganacl|92\/100\n|\n|-damage|p2a: Dragonite|40\/100|[from] Salt Cure\n|upkeep\n|turn|11\n|\n|t:|1700847895\n|switch|p2a: Tyranitar|Tyranitar, F|59\/100\n|-weather|Sandstorm|[from] ability: Sand Stream|[of] p2a: Tyranitar\n|move|p1a: Garganacl|Protect||[still]\n|-fail|p1a: Garganacl\n|\n|-weather|Sandstorm|[upkeep]\n|-damage|p1a: Garganacl|86\/100|[from] Sandstorm\n|upkeep\n|turn|12\n|\n|t:|1700847899\n|move|p1a: Garganacl|Protect|p1a: Garganacl\n|-singleturn|p1a: Garganacl|Protect\n|move|p2a: Tyranitar|Knock Off|p1a: Garganacl\n|-activate|p1a: Garganacl|move: Protect\n|\n|-weather|Sandstorm|[upkeep]\n|-damage|p1a: Garganacl|80\/100|[from] Sandstorm\n|upkeep\n|turn|13\n|\n|t:|1700847909\n|switch|p1a: Iron Valiant|Iron Valiant|100\/100\n|move|p2a: Tyranitar|Knock Off|p1a: Iron Valiant\n|-resisted|p1a: Iron Valiant\n|-damage|p1a: Iron Valiant|74\/100\n|-enditem|p1a: Iron Valiant|Heavy-Duty Boots|[from] move: Knock Off|[of] p2a: Tyranitar\n|\n|-weather|Sandstorm|[upkeep]\n|-damage|p1a: Iron Valiant|68\/100|[from] Sandstorm\n|upkeep\n|turn|14\n|\n|t:|1700847923\n|switch|p2a: Dragonite|Dragonite, M|40\/100\n|move|p1a: Iron Valiant|Moonblast|p2a: Dragonite\n|-supereffective|p2a: Dragonite\n|-damage|p2a: Dragonite|0 fnt\n|faint|p2a: Dragonite\n|\n|-weather|Sandstorm|[upkeep]\n|-damage|p1a: Iron Valiant|61\/100|[from] Sandstorm\n|upkeep\n|\n|t:|1700847928\n|switch|p2a: Garchomp|Garchomp, F|100\/100\n|turn|15\n|\n|t:|1700847933\n|-terastallize|p2a: Garchomp|Steel\n|move|p1a: Iron Valiant|Moonblast|p2a: Garchomp\n|-resisted|p2a: Garchomp\n|-damage|p2a: Garchomp|80\/100\n|move|p2a: Garchomp|Earthquake|p1a: Iron Valiant\n|-damage|p1a: Iron Valiant|7\/100\n|\n|-weather|none\n|upkeep\n|turn|16\n|\n|t:|1700847940\n|move|p1a: Iron Valiant|Close Combat|p2a: Garchomp\n|-supereffective|p2a: Garchomp\n|-damage|p2a: Garchomp|0 fnt\n|-unboost|p1a: Iron Valiant|def|1\n|-unboost|p1a: Iron Valiant|spd|1\n|-damage|p1a: Iron Valiant|0 fnt|[from] ability: Rough Skin|[of] p2a: Garchomp\n|faint|p2a: Garchomp\n|faint|p1a: Iron Valiant\n|-end|p1a: Iron Valiant|Quark Drive|[silent]\n|\n|upkeep\n|\n|t:|1700847950\n|switch|p1a: Rillaboom|Rillaboom, M|100\/100\n|switch|p2a: Tyranitar|Tyranitar, F|59\/100\n|-fieldstart|move: Grassy Terrain|[from] ability: Grassy Surge|[of] p1a: Rillaboom\n|-weather|Sandstorm|[from] ability: Sand Stream|[of] p2a: Tyranitar\n|turn|17\n|\n|t:|1700847955\n|move|p1a: Rillaboom|Grassy Glide|p2a: Tyranitar\n|-supereffective|p2a: Tyranitar\n|-damage|p2a: Tyranitar|0 fnt\n|faint|p2a: Tyranitar\n|\n|-weather|Sandstorm|[upkeep]\n|-damage|p1a: Rillaboom|94\/100|[from] Sandstorm\n|-heal|p1a: Rillaboom|100\/100|[from] Grassy Terrain\n|upkeep\n|\n|t:|1700847964\n|switch|p2a: Ogerpon|Ogerpon-Wellspring, F|100\/100\n|turn|18\n|\n|t:|1700847972\n|move|p1a: Rillaboom|Grassy Glide|p2a: Ogerpon\n|-damage|p2a: Ogerpon|51\/100\n|move|p2a: Ogerpon|Ivy Cudgel|p1a: Rillaboom|[anim] Ivy Cudgel Water\n|-resisted|p1a: Rillaboom\n|-damage|p1a: Rillaboom|67\/100\n|\n|-weather|Sandstorm|[upkeep]\n|-damage|p2a: Ogerpon|45\/100|[from] Sandstorm\n|-damage|p1a: Rillaboom|61\/100|[from] Sandstorm\n|-heal|p2a: Ogerpon|51\/100|[from] Grassy Terrain\n|-heal|p1a: Rillaboom|67\/100|[from] Grassy Terrain\n|upkeep\n|turn|19\n|\n|t:|1700847984\n|move|p1a: Rillaboom|Grassy Glide|p2a: Ogerpon\n|-damage|p2a: Ogerpon|0 fnt\n|faint|p2a: Ogerpon\n|\n|-weather|Sandstorm|[upkeep]\n|-damage|p1a: Rillaboom|61\/100|[from] Sandstorm\n|-heal|p1a: Rillaboom|67\/100|[from] Grassy Terrain\n|upkeep\n|\n|t:|1700847991\n|switch|p2a: Iron Valiant|Iron Valiant|100\/100\n|-enditem|p2a: Iron Valiant|Booster Energy\n|-activate|p2a: Iron Valiant|ability: Quark Drive|[fromitem]\n|-start|p2a: Iron Valiant|quarkdrivespe\n|turn|20\n|\n|t:|1700848001\n|switch|p1a: Garganacl|Garganacl, M, tera:Ghost|80\/100\n|move|p2a: Iron Valiant|Moonblast|p1a: Garganacl\n|-damage|p1a: Garganacl|48\/100\n|-unboost|p1a: Garganacl|spa|1\n|\n|-weather|Sandstorm|[upkeep]\n|-damage|p2a: Iron Valiant|94\/100|[from] Sandstorm\n|-damage|p1a: Garganacl|42\/100|[from] Sandstorm\n|-heal|p2a: Iron Valiant|100\/100|[from] Grassy Terrain\n|-heal|p1a: Garganacl|48\/100|[from] Grassy Terrain\n|upkeep\n|turn|21\n|\n|t:|1700848010\n|move|p2a: Iron Valiant|Calm Mind|p2a: Iron Valiant\n|-boost|p2a: Iron Valiant|spa|1\n|-boost|p2a: Iron Valiant|spd|1\n|move|p1a: Garganacl|Salt Cure|p2a: Iron Valiant\n|-resisted|p2a: Iron Valiant\n|-damage|p2a: Iron Valiant|94\/100\n|-start|p2a: Iron Valiant|Salt Cure\n|\n|-weather|none\n|-heal|p2a: Iron Valiant|99\/100|[from] Grassy Terrain\n|-heal|p1a: Garganacl|54\/100|[from] Grassy Terrain\n|-damage|p2a: Iron Valiant|87\/100|[from] Salt Cure\n|-fieldend|move: Grassy Terrain\n|upkeep\n|turn|22\n|\n|t:|1700848014\n|move|p2a: Iron Valiant|Calm Mind|p2a: Iron Valiant\n|-boost|p2a: Iron Valiant|spa|1\n|-boost|p2a: Iron Valiant|spd|1\n|move|p1a: Garganacl|Earthquake|p2a: Iron Valiant\n|-damage|p2a: Iron Valiant|67\/100\n|\n|-damage|p2a: Iron Valiant|54\/100|[from] Salt Cure\n|upkeep\n|turn|23\n|\n|t:|1700848017\n|move|p1a: Garganacl|Protect|p1a: Garganacl\n|-singleturn|p1a: Garganacl|Protect\n|move|p2a: Iron Valiant|Moonblast|p1a: Garganacl\n|-activate|p1a: Garganacl|move: Protect\n|\n|-damage|p2a: Iron Valiant|42\/100|[from] Salt Cure\n|upkeep\n|turn|24\n|\n|t:|1700848024\n|switch|p1a: Heatran|Heatran, M|100\/100\n|move|p2a: Iron Valiant|Moonblast|p1a: Heatran\n|-resisted|p1a: Heatran\n|-damage|p1a: Heatran|87\/100\n|-unboost|p1a: Heatran|spa|1\n|\n|-heal|p1a: Heatran|94\/100|[from] item: Leftovers\n|-damage|p2a: Iron Valiant|29\/100|[from] Salt Cure\n|upkeep\n|turn|25\n|\n|t:|1700848033\n|move|p2a: Iron Valiant|Aura Sphere|p1a: Heatran\n|-supereffective|p1a: Heatran\n|-damage|p1a: Heatran|3\/100\n|move|p1a: Heatran|Lava Plume|p2a: Iron Valiant\n|-damage|p2a: Iron Valiant|10\/100\n|-status|p2a: Iron Valiant|brn\n|\n|-heal|p1a: Heatran|9\/100|[from] item: Leftovers\n|-damage|p2a: Iron Valiant|3\/100 brn|[from] brn\n|-damage|p2a: Iron Valiant|0 fnt|[from] Salt Cure\n|faint|p2a: Iron Valiant\n|-end|p2a: Iron Valiant|Quark Drive|[silent]\n|upkeep\n|\n|t:|1700848037\n|switch|p2a: Manaphy|Manaphy|41\/100\n|turn|26\n|\n|t:|1700848044\n|move|p2a: Manaphy|Take Heart|p2a: Manaphy\n|-boost|p2a: Manaphy|spa|1\n|-boost|p2a: Manaphy|spd|1\n|move|p1a: Heatran|Taunt|p2a: Manaphy\n|-start|p2a: Manaphy|move: Taunt\n|\n|-heal|p2a: Manaphy|47\/100|[from] item: Leftovers\n|-heal|p1a: Heatran|15\/100|[from] item: Leftovers\n|upkeep\n|turn|27\n|\n|t:|1700848047\n|move|p2a: Manaphy|Scald|p1a: Heatran\n|-supereffective|p1a: Heatran\n|-damage|p1a: Heatran|0 fnt\n|faint|p1a: Heatran\n|\n|-heal|p2a: Manaphy|53\/100|[from] item: Leftovers\n|upkeep\n|\n|t:|1700848050\n|switch|p1a: Thundurus|Thundurus-Therian, M|100\/100\n|turn|28\n|\n|t:|1700848056\n|move|p1a: Thundurus|Thunderbolt|p2a: Manaphy\n|-supereffective|p2a: Manaphy\n|-damage|p2a: Manaphy|0 fnt\n|faint|p2a: Manaphy\n|\n|win|FRiolu\n|raw|FRiolu's rating: 1322 &rarr; <strong>1339<\/strong><br \/>(+17 for winning)\n|raw|ACExDiscostu93's rating: 1270 &rarr; <strong>1249<\/strong><br \/>(-21 for losing)\n|l|\u2606ACExDiscostu93\n","uploadtime":1700848068,"views":3,"p1id":"friolu","p2id":"acexdiscostu93","formatid":"gen9ou","rating":1249,"private":0,"password":""}