{"id":"gen9ou-1993454245","p1":"Zoroark_Fanboy","p2":"PogRamsey","format":"[Gen 9] OU","log":"|j|\u2606Zoroark_Fanboy\n|j|\u2606PogRamsey\n|inactive|Battle timer is ON: inactive players will automatically lose when time's up.\n|t:|1700319900\n|gametype|singles\n|player|p1|Zoroark_Fanboy|n|\n|player|p2|PogRamsey|chuck|\n|teamsize|p1|5\n|teamsize|p2|5\n|gen|9\n|tier|[Gen 9] OU\n|rated|Tournament battle\n|rule|Sleep Clause Mod: Limit one foe put to sleep\n|rule|Species Clause: Limit one of each Pok\u00e9mon\n|rule|OHKO Clause: OHKO moves are banned\n|rule|Evasion Items Clause: Evasion items are banned\n|rule|Evasion Moves Clause: Evasion moves are banned\n|rule|Endless Battle Clause: Forcing endless battles is banned\n|rule|HP Percentage Mod: HP is shown in percentages\n|clearpoke\n|poke|p1|Infernape, F|\n|poke|p1|Psyduck, F|\n|poke|p1|Sobble, F|\n|poke|p1|Dragapult, M|\n|poke|p1|Mienfoo, F|\n|poke|p2|Glimmet, M|\n|poke|p2|Duskull, M|\n|poke|p2|Surskit, F|\n|poke|p2|Snorlax, M|\n|poke|p2|Nuzleaf, M|\n|teampreview\n|j|*Lady Monita \u2746\n|inactive|PogRamsey also wants the timer to be on.\n|\n|t:|1700319918\n|start\n|switch|p1a: Mienfoo|Mienfoo, F, shiny|100\/100\n|switch|p2a: Surskit|Surskit, F|100\/100\n|turn|1\n|\n|t:|1700319940\n|switch|p2a: Duskull|Duskull, M|100\/100\n|move|p1a: Mienfoo|Knock Off|p2a: Duskull\n|-supereffective|p2a: Duskull\n|-damage|p2a: Duskull|44\/100\n|-enditem|p2a: Duskull|Eviolite|[from] move: Knock Off|[of] p1a: Mienfoo\n|\n|upkeep\n|turn|2\n|\n|t:|1700319951\n|move|p1a: Mienfoo|Knock Off|p2a: Duskull\n|-supereffective|p2a: Duskull\n|-damage|p2a: Duskull|0 fnt\n|faint|p2a: Duskull\n|\n|upkeep\n|\n|t:|1700319955\n|switch|p2a: Surskit|Surskit, F|100\/100\n|turn|3\n|\n|t:|1700319959\n|move|p1a: Mienfoo|Knock Off|p2a: Surskit\n|-damage|p2a: Surskit|6\/100\n|-enditem|p2a: Surskit|Focus Sash|[from] move: Knock Off|[of] p1a: Mienfoo\n|move|p2a: Surskit|Sticky Web|p1a: Mienfoo\n|-sidestart|p1: Zoroark_Fanboy|move: Sticky Web\n|\n|upkeep\n|turn|4\n|\n|t:|1700319967\n|move|p1a: Mienfoo|Knock Off|p2a: Surskit\n|-damage|p2a: Surskit|0 fnt\n|faint|p2a: Surskit\n|\n|upkeep\n|\n|t:|1700319972\n|switch|p2a: Glimmet|Glimmet, M|100\/100\n|turn|5\n|\n|t:|1700319985\n|move|p1a: Mienfoo|Knock Off|p2a: Glimmet\n|-damage|p2a: Glimmet|48\/100\n|-activate|p2a: Glimmet|ability: Toxic Debris\n|-sidestart|p1: Zoroark_Fanboy|move: Toxic Spikes\n|-enditem|p2a: Glimmet|Focus Sash|[from] move: Knock Off|[of] p1a: Mienfoo\n|move|p2a: Glimmet|Dazzling Gleam|p1a: Mienfoo\n|-supereffective|p1a: Mienfoo\n|-damage|p1a: Mienfoo|5\/100\n|\n|upkeep\n|turn|6\n|\n|t:|1700319996\n|move|p1a: Mienfoo|Knock Off|p2a: Glimmet\n|-damage|p2a: Glimmet|11\/100\n|-activate|p2a: Glimmet|ability: Toxic Debris\n|-sidestart|p1: Zoroark_Fanboy|move: Toxic Spikes\n|move|p2a: Glimmet|Dazzling Gleam|p1a: Mienfoo\n|-supereffective|p1a: Mienfoo\n|-damage|p1a: Mienfoo|0 fnt\n|faint|p1a: Mienfoo\n|\n|upkeep\n|\n|t:|1700319999\n|switch|p1a: Dragapult|Dragapult, M, shiny|100\/100\n|-activate|p1a: Dragapult|move: Sticky Web\n|-unboost|p1a: Dragapult|spe|1\n|-status|p1a: Dragapult|tox\n|turn|7\n|j| Bhaviswar 2\n|\n|t:|1700320014\n|-terastallize|p1a: Dragapult|Dragon\n|move|p2a: Glimmet|Protect|p2a: Glimmet\n|-singleturn|p2a: Glimmet|Protect\n|move|p1a: Dragapult|Dragon Darts|p2a: Glimmet\n|-activate|p2a: Glimmet|move: Protect\n|\n|-damage|p1a: Dragapult|95\/100 tox|[from] psn\n|upkeep\n|turn|8\n|\n|t:|1700320023\n|move|p1a: Dragapult|Dragon Darts|p2a: Glimmet\n|-damage|p2a: Glimmet|0 fnt\n|faint|p2a: Glimmet\n|\n|-damage|p1a: Dragapult|83\/100 tox|[from] psn\n|upkeep\n|\n|t:|1700320029\n|switch|p2a: Nuzleaf|Nuzleaf, M|100\/100\n|turn|9\n|\n|t:|1700320036\n|switch|p1a: Sobble|Sobble, F|100\/100\n|-activate|p1a: Sobble|move: Sticky Web\n|-unboost|p1a: Sobble|spe|1\n|-status|p1a: Sobble|tox\n|move|p2a: Nuzleaf|Fake Out|p1a: Sobble\n|-damage|p1a: Sobble|78\/100 tox\n|\n|-damage|p1a: Sobble|72\/100 tox|[from] psn\n|upkeep\n|turn|10\n|\n|t:|1700320050\n|move|p2a: Nuzleaf|Leaf Blade|p1a: Sobble\n|-supereffective|p1a: Sobble\n|-damage|p1a: Sobble|0 fnt\n|faint|p1a: Sobble\n|\n|upkeep\n|\n|t:|1700320054\n|switch|p1a: Dragapult|Dragapult, M, shiny, tera:Dragon|83\/100 tox\n|-activate|p1a: Dragapult|move: Sticky Web\n|-unboost|p1a: Dragapult|spe|1\n|turn|11\n|\n|t:|1700320062\n|move|p1a: Dragapult|U-turn|p2a: Nuzleaf\n|-supereffective|p2a: Nuzleaf\n|-damage|p2a: Nuzleaf|0 fnt\n|faint|p2a: Nuzleaf\n|\n|t:|1700320065\n|switch|p1a: Infernape|Infernape, F, shiny|100\/100|[from] U-turn\n|-activate|p1a: Infernape|move: Sticky Web\n|-unboost|p1a: Infernape|spe|1\n|-status|p1a: Infernape|tox\n|\n|-damage|p1a: Infernape|94\/100 tox|[from] psn\n|upkeep\n|\n|t:|1700320073\n|switch|p2a: Snorlax|Snorlax, M|100\/100\n|turn|12\n|j| Fatol\n|\n|t:|1700320088\n|-terastallize|p2a: Snorlax|Ghost\n|move|p1a: Infernape|Close Combat|p2a: Snorlax\n|-immune|p2a: Snorlax\n|move|p2a: Snorlax|Curse|p1a: Infernape\n|-start|p1a: Infernape|Curse|[of] p2a: Snorlax\n|-damage|p2a: Snorlax|50\/100\n|\n|-heal|p2a: Snorlax|57\/100|[from] item: Leftovers\n|-damage|p1a: Infernape|82\/100 tox|[from] psn\n|-damage|p1a: Infernape|57\/100 tox|[from] Curse\n|upkeep\n|turn|13\n|c|\u2606Zoroark_Fanboy|fair play\n|c|\u2606PogRamsey|lmao i effed up\n|inactive|PogRamsey has 120 seconds left.\n|\n|t:|1700320113\n|switch|p1a: Psyduck|Psyduck, F, shiny|100\/100\n|-activate|p1a: Psyduck|move: Sticky Web\n|-unboost|p1a: Psyduck|spe|1\n|-status|p1a: Psyduck|tox\n|move|p2a: Snorlax|Earthquake|p1a: Psyduck\n|-damage|p1a: Psyduck|48\/100 tox\n|\n|-heal|p2a: Snorlax|63\/100|[from] item: Leftovers\n|-damage|p1a: Psyduck|42\/100 tox|[from] psn\n|upkeep\n|turn|14\n|c|\u2606Zoroark_Fanboy|lol the curse mistake\n|inactive|PogRamsey has 120 seconds left.\n|\n|t:|1700320126\n|move|p1a: Psyduck|Surf|p2a: Snorlax\n|-damage|p2a: Snorlax|45\/100\n|move|p2a: Snorlax|Body Slam|p1a: Psyduck\n|-damage|p1a: Psyduck|0 fnt\n|faint|p1a: Psyduck\n|\n|-heal|p2a: Snorlax|51\/100|[from] item: Leftovers\n|upkeep\n|\n|t:|1700320132\n|switch|p1a: Infernape|Infernape, F, shiny|57\/100 tox\n|-activate|p1a: Infernape|move: Sticky Web\n|-unboost|p1a: Infernape|spe|1\n|turn|15\n|\n|t:|1700320137\n|move|p1a: Infernape|Knock Off|p2a: Snorlax\n|-supereffective|p2a: Snorlax\n|-damage|p2a: Snorlax|0 fnt\n|-enditem|p2a: Snorlax|Leftovers|[from] move: Knock Off|[of] p1a: Infernape\n|faint|p2a: Snorlax\n|\n|win|Zoroark_Fanboy\n|n|\u2606Zoroark_Fanboy|zoroarkfanboy\n|n|\u2606PogRamsey|pogramsey\n|n|*Lady Monita \u2746|ladymonita\n|n| Bhaviswar 2|bhaviswar2\n|n| Fatol|fatol\n","uploadtime":1700320138,"views":10,"p1id":"zoroarkfanboy","p2id":"pogramsey","formatid":"gen9ou","rating":0,"private":0,"password":""}