{"id":"gen9ou-1992663179","p1":"CalaMarie","p2":"SpitOnMyChest","format":"[Gen 9] OU","log":"|j|\u2606CalaMarie\n|j|\u2606SpitOnMyChest\n|t:|1700222185\n|gametype|singles\n|player|p1|CalaMarie|2|1191\n|player|p2|SpitOnMyChest|swimmer|1304\n|teamsize|p1|6\n|teamsize|p2|6\n|gen|9\n|tier|[Gen 9] OU\n|rated|\n|rule|Sleep Clause Mod: Limit one foe put to sleep\n|rule|Species Clause: Limit one of each Pok\u00e9mon\n|rule|OHKO Clause: OHKO moves are banned\n|rule|Evasion Items Clause: Evasion items are banned\n|rule|Evasion Moves Clause: Evasion moves are banned\n|rule|Endless Battle Clause: Forcing endless battles is banned\n|rule|HP Percentage Mod: HP is shown in percentages\n|clearpoke\n|poke|p1|Ribombee, F|\n|poke|p1|Gholdengo|\n|poke|p1|Iron Valiant|\n|poke|p1|Cinderace, F|\n|poke|p1|Dragonite, M|\n|poke|p1|Ogerpon-Wellspring, F|\n|poke|p2|Victreebel, F|\n|poke|p2|Klefki, M|\n|poke|p2|Cinderace, M|\n|poke|p2|Slowking, M|\n|poke|p2|Dragapult, M|\n|poke|p2|Clefable, F|\n|teampreview\n|inactive|Battle timer is ON: inactive players will automatically lose when time's up. (requested by SpitOnMyChest)\n|\n|t:|1700222196\n|start\n|switch|p1a: Ribombee|Ribombee, F|100\/100\n|switch|p2a: Dragapult|Dragapult, M|100\/100\n|turn|1\n|\n|t:|1700222203\n|move|p2a: Dragapult|Substitute|p2a: Dragapult\n|-start|p2a: Dragapult|Substitute\n|-damage|p2a: Dragapult|76\/100\n|move|p1a: Ribombee|Stun Spore||[still]\n|-fail|p1a: Ribombee\n|\n|-heal|p2a: Dragapult|82\/100|[from] item: Leftovers\n|upkeep\n|turn|2\n|\n|t:|1700222218\n|move|p2a: Dragapult|Will-O-Wisp|p1a: Ribombee\n|-status|p1a: Ribombee|brn\n|move|p1a: Ribombee|Sticky Web|p2a: Dragapult\n|-sidestart|p2: SpitOnMyChest|move: Sticky Web\n|\n|-heal|p2a: Dragapult|88\/100|[from] item: Leftovers\n|-damage|p1a: Ribombee|94\/100 brn|[from] brn\n|upkeep\n|turn|3\n|\n|t:|1700222224\n|move|p2a: Dragapult|Hex|p1a: Ribombee\n|-damage|p1a: Ribombee|15\/100 brn\n|move|p1a: Ribombee|Moonblast|p2a: Dragapult\n|-supereffective|p2a: Dragapult\n|-end|p2a: Dragapult|Substitute\n|\n|-heal|p2a: Dragapult|94\/100|[from] item: Leftovers\n|-damage|p1a: Ribombee|9\/100 brn|[from] brn\n|upkeep\n|turn|4\n|\n|t:|1700222231\n|move|p2a: Dragapult|Substitute|p2a: Dragapult\n|-start|p2a: Dragapult|Substitute\n|-damage|p2a: Dragapult|69\/100\n|move|p1a: Ribombee|Moonblast|p2a: Dragapult\n|-supereffective|p2a: Dragapult\n|-end|p2a: Dragapult|Substitute\n|\n|-heal|p2a: Dragapult|75\/100|[from] item: Leftovers\n|-damage|p1a: Ribombee|3\/100 brn|[from] brn\n|upkeep\n|turn|5\n|\n|t:|1700222237\n|move|p2a: Dragapult|Substitute|p2a: Dragapult\n|-start|p2a: Dragapult|Substitute\n|-damage|p2a: Dragapult|50\/100\n|move|p1a: Ribombee|Moonblast|p2a: Dragapult\n|-supereffective|p2a: Dragapult\n|-end|p2a: Dragapult|Substitute\n|\n|-heal|p2a: Dragapult|56\/100|[from] item: Leftovers\n|-damage|p1a: Ribombee|0 fnt|[from] brn\n|faint|p1a: Ribombee\n|upkeep\n|inactive|CalaMarie has 120 seconds left.\n|\n|t:|1700222275\n|switch|p1a: Ogerpon|Ogerpon-Wellspring, F|100\/100\n|turn|6\n|inactive|CalaMarie has 120 seconds left.\n|\n|t:|1700222286\n|switch|p1a: Gholdengo|Gholdengo|100\/100\n|-item|p1a: Gholdengo|Air Balloon\n|move|p2a: Dragapult|Will-O-Wisp|p1a: Gholdengo\n|-immune|p1a: Gholdengo|[from] ability: Good as Gold\n|\n|-heal|p2a: Dragapult|63\/100|[from] item: Leftovers\n|upkeep\n|turn|7\n|inactive|CalaMarie has 120 seconds left.\n|\n|t:|1700222297\n|switch|p2a: Klefki|Klefki, M|100\/100\n|-activate|p2a: Klefki|move: Sticky Web\n|-unboost|p2a: Klefki|spe|1\n|-terastallize|p1a: Gholdengo|Fairy\n|move|p1a: Gholdengo|Nasty Plot|p1a: Gholdengo\n|-boost|p1a: Gholdengo|spa|2\n|\n|upkeep\n|turn|8\n|inactive|CalaMarie has 120 seconds left.\n|\n|t:|1700222308\n|move|p2a: Klefki|Light Screen|p2a: Klefki\n|-sidestart|p2: SpitOnMyChest|move: Light Screen\n|move|p1a: Gholdengo|Nasty Plot|p1a: Gholdengo\n|-boost|p1a: Gholdengo|spa|2\n|\n|upkeep\n|turn|9\n|\n|t:|1700222335\n|move|p2a: Klefki|Reflect|p2a: Klefki\n|-sidestart|p2: SpitOnMyChest|Reflect\n|move|p1a: Gholdengo|Make It Rain|p2a: Klefki\n|-damage|p2a: Klefki|0 fnt\n|-unboost|p1a: Gholdengo|spa|1\n|faint|p2a: Klefki\n|\n|upkeep\n|inactive|SpitOnMyChest has 120 seconds left.\n|\n|t:|1700222346\n|switch|p2a: Cinderace|Cinderace, M|100\/100\n|turn|10\n|\n|t:|1700222359\n|-terastallize|p2a: Cinderace|Fire\n|move|p2a: Cinderace|Pyro Ball|p1a: Gholdengo\n|-damage|p1a: Gholdengo|1\/100\n|-enditem|p1a: Gholdengo|Air Balloon\n|move|p1a: Gholdengo|Shadow Ball|p2a: Cinderace\n|-damage|p2a: Cinderace|29\/100\n|-unboost|p2a: Cinderace|spd|1\n|\n|upkeep\n|turn|11\n|\n|t:|1700222369\n|move|p2a: Cinderace|Pyro Ball|p1a: Gholdengo\n|-damage|p1a: Gholdengo|0 fnt\n|faint|p1a: Gholdengo\n|\n|upkeep\n|\n|t:|1700222376\n|switch|p1a: Dragonite|Dragonite, M|100\/100\n|turn|12\n|\n|t:|1700222383\n|move|p2a: Cinderace|U-turn|p1a: Dragonite\n|-resisted|p1a: Dragonite\n|-damage|p1a: Dragonite|94\/100\n|\n|t:|1700222387\n|switch|p2a: Dragapult|Dragapult, M|63\/100|[from] U-turn\n|-activate|p2a: Dragapult|move: Sticky Web\n|-unboost|p2a: Dragapult|spe|1\n|move|p1a: Dragonite|Dragon Dance|p1a: Dragonite\n|-boost|p1a: Dragonite|atk|1\n|-boost|p1a: Dragonite|spe|1\n|\n|-heal|p2a: Dragapult|69\/100|[from] item: Leftovers\n|upkeep\n|turn|13\n|\n|t:|1700222400\n|move|p1a: Dragonite|Ice Spinner|p2a: Dragapult\n|-supereffective|p2a: Dragapult\n|-damage|p2a: Dragapult|14\/100\n|-start|p1a: Dragonite|Disable|Ice Spinner|[from] ability: Cursed Body|[of] p2a: Dragapult\n|move|p2a: Dragapult|Dragon Darts|p1a: Dragonite\n|-supereffective|p1a: Dragonite\n|-damage|p1a: Dragonite|47\/100\n|-anim|p2a: Dragapult|Dragon Darts|p1a: Dragonite\n|-supereffective|p1a: Dragonite\n|-crit|p1a: Dragonite\n|-damage|p1a: Dragonite|0 fnt\n|faint|p1a: Dragonite\n|\n|-heal|p2a: Dragapult|20\/100|[from] item: Leftovers\n|upkeep\n|\n|t:|1700222418\n|switch|p1a: Ogerpon|Ogerpon-Wellspring, F|100\/100\n|turn|14\n|\n|t:|1700222425\n|switch|p2a: Slowking|Slowking, M, shiny|100\/100\n|-activate|p2a: Slowking|move: Sticky Web\n|-unboost|p2a: Slowking|spe|1\n|move|p1a: Ogerpon|Play Rough|p2a: Slowking\n|-damage|p2a: Slowking|89\/100\n|\n|-heal|p2a: Slowking|95\/100|[from] item: Leftovers\n|upkeep\n|turn|15\n|\n|t:|1700222442\n|move|p1a: Ogerpon|Swords Dance|p1a: Ogerpon\n|-boost|p1a: Ogerpon|atk|2\n|move|p2a: Slowking|Chilly Reception|p2a: Slowking\n|-weather|Snow\n|\n|t:|1700222454\n|switch|p2a: Clefable|Clefable, F|100\/100|[from] Chilly Reception\n|-activate|p2a: Clefable|move: Sticky Web\n|-unboost|p2a: Clefable|spe|1\n|\n|-weather|Snow|[upkeep]\n|-sideend|p2: SpitOnMyChest|move: Light Screen\n|upkeep\n|turn|16\n|\n|t:|1700222469\n|move|p1a: Ogerpon|Ivy Cudgel|p2a: Clefable|[anim] Ivy Cudgel Water\n|-damage|p2a: Clefable|35\/100\n|move|p2a: Clefable|Moonblast|p1a: Ogerpon\n|-damage|p1a: Ogerpon|35\/100\n|-unboost|p1a: Ogerpon|spa|1\n|\n|-weather|Snow|[upkeep]\n|-sideend|p2: SpitOnMyChest|Reflect\n|upkeep\n|turn|17\n|\n|t:|1700222477\n|move|p1a: Ogerpon|Ivy Cudgel|p2a: Clefable|[anim] Ivy Cudgel Water\n|-damage|p2a: Clefable|0 fnt\n|faint|p2a: Clefable\n|\n|-weather|Snow|[upkeep]\n|upkeep\n|\n|t:|1700222481\n|switch|p2a: Cinderace|Cinderace, M, tera:Fire|29\/100\n|turn|18\n|inactive|CalaMarie has 120 seconds left.\n|\n|t:|1700222512\n|move|p2a: Cinderace|Sucker Punch|p1a: Ogerpon\n|-damage|p1a: Ogerpon|1\/100\n|move|p1a: Ogerpon|Ivy Cudgel|p2a: Cinderace|[anim] Ivy Cudgel Water\n|-supereffective|p2a: Cinderace\n|-damage|p2a: Cinderace|0 fnt\n|faint|p2a: Cinderace\n|\n|-weather|Snow|[upkeep]\n|upkeep\n|\n|t:|1700222523\n|switch|p2a: Slowking|Slowking, M, shiny|100\/100\n|-activate|p2a: Slowking|move: Sticky Web\n|-unboost|p2a: Slowking|spe|1\n|turn|19\n|\n|t:|1700222529\n|move|p1a: Ogerpon|Power Whip|p2a: Slowking\n|-supereffective|p2a: Slowking\n|-damage|p2a: Slowking|0 fnt\n|faint|p2a: Slowking\n|\n|-weather|none\n|upkeep\n|-message|SpitOnMyChest forfeited.\n|\n|win|CalaMarie\n|raw|CalaMarie's rating: 1191 &rarr; <strong>1224<\/strong><br \/>(+33 for winning)\n|raw|SpitOnMyChest's rating: 1304 &rarr; <strong>1278<\/strong><br \/>(-26 for losing)\n|l|\u2606SpitOnMyChest\n|c|\u2606CalaMarie|gg\n","uploadtime":1700222544,"views":11,"p1id":"calamarie","p2id":"spitonmychest","formatid":"gen9ou","rating":1224,"private":0,"password":""}