{"id":"gen9ou-1988848421","p1":"Poketough","p2":"X3rn345","format":"[Gen 9] OU","log":"|j|\u2606Poketough\n|j|\u2606X3rn345\n|inactive|Battle timer is ON: inactive players will automatically lose when time's up.\n|t:|1699773198\n|gametype|singles\n|player|p1|Poketough|emmet|\n|player|p2|X3rn345|jasmine|\n|teamsize|p1|4\n|teamsize|p2|4\n|gen|9\n|tier|[Gen 9] OU\n|rated|Tournament battle\n|rule|Sleep Clause Mod: Limit one foe put to sleep\n|rule|Species Clause: Limit one of each Pok\u00e9mon\n|rule|OHKO Clause: OHKO moves are banned\n|rule|Evasion Items Clause: Evasion items are banned\n|rule|Evasion Moves Clause: Evasion moves are banned\n|rule|Endless Battle Clause: Forcing endless battles is banned\n|rule|HP Percentage Mod: HP is shown in percentages\n|clearpoke\n|poke|p1|Greninja-*, M|\n|poke|p1|Mabosstiff, F|\n|poke|p1|Cetitan, M|\n|poke|p1|Hydreigon, M|\n|poke|p2|Lokix, M|\n|poke|p2|Magcargo, F|\n|poke|p2|Pawmot, F|\n|poke|p2|Drifblim, F|\n|teampreview\n|j|*Lady Monita \u2746\n|c|\u2606X3rn345|glhf\n|c|\u2606X3rn345|3 dark types\n|j| Im dumb srly\n|c|\u2606Poketough|glhf\n|inactive|Poketough has 120 seconds left.\n|\n|t:|1699773229\n|start\n|switch|p1a: Cetitan|Cetitan, M|100\/100\n|switch|p2a: Pawmot|Pawmot, F|100\/100\n|turn|1\n|\n|t:|1699773236\n|move|p2a: Pawmot|Close Combat|p1a: Cetitan\n|-supereffective|p1a: Cetitan\n|-damage|p1a: Cetitan|0 fnt\n|-unboost|p2a: Pawmot|def|1\n|-unboost|p2a: Pawmot|spd|1\n|faint|p1a: Cetitan\n|-damage|p2a: Pawmot|91\/100|[from] item: Life Orb\n|\n|upkeep\n|\n|t:|1699773246\n|switch|p1a: Greninja|Greninja, M|100\/100\n|turn|2\n|\n|t:|1699773249\n|switch|p2a: Drifblim|Drifblim, F|100\/100\n|move|p1a: Greninja|Surf|p2a: Drifblim\n|-damage|p2a: Drifblim|40\/100\n|-enditem|p2a: Drifblim|Sitrus Berry|[eat]\n|-heal|p2a: Drifblim|64\/100|[from] item: Sitrus Berry\n|-damage|p1a: Greninja|91\/100|[from] item: Life Orb\n|\n|upkeep\n|turn|3\n|\n|t:|1699773256\n|move|p2a: Drifblim|Air Slash|p1a: Greninja\n|-damage|p1a: Greninja|33\/100\n|cant|p1a: Greninja|flinch\n|\n|upkeep\n|turn|4\n|\n|t:|1699773261\n|move|p2a: Drifblim|Air Slash|p1a: Greninja\n|-damage|p1a: Greninja|0 fnt\n|faint|p1a: Greninja\n|\n|upkeep\n|\n|t:|1699773263\n|switch|p1a: Hydreigon|Hydreigon, M|100\/100\n|turn|5\n|\n|t:|1699773265\n|move|p2a: Drifblim|Air Slash|p1a: Hydreigon\n|-damage|p1a: Hydreigon|64\/100\n|move|p1a: Hydreigon|Dark Pulse|p2a: Drifblim\n|-supereffective|p2a: Drifblim\n|-crit|p2a: Drifblim\n|-damage|p2a: Drifblim|0 fnt\n|faint|p2a: Drifblim\n|-damage|p1a: Hydreigon|54\/100|[from] item: Life Orb\n|\n|upkeep\n|\n|t:|1699773270\n|switch|p2a: Pawmot|Pawmot, F|91\/100\n|turn|6\n|\n|t:|1699773274\n|move|p2a: Pawmot|Close Combat|p1a: Hydreigon\n|-supereffective|p1a: Hydreigon\n|-damage|p1a: Hydreigon|0 fnt\n|-unboost|p2a: Pawmot|def|1\n|-unboost|p2a: Pawmot|spd|1\n|faint|p1a: Hydreigon\n|-damage|p2a: Pawmot|81\/100|[from] item: Life Orb\n|\n|upkeep\n|c|\u2606X3rn345|gg\n|\n|t:|1699773276\n|switch|p1a: Mabosstiff|Mabosstiff, F|100\/100\n|-ability|p1a: Mabosstiff|Intimidate|boost\n|-unboost|p2a: Pawmot|atk|1\n|turn|7\n|\n|t:|1699773281\n|move|p2a: Pawmot|Close Combat|p1a: Mabosstiff\n|-supereffective|p1a: Mabosstiff\n|-damage|p1a: Mabosstiff|0 fnt\n|-unboost|p2a: Pawmot|def|1\n|-unboost|p2a: Pawmot|spd|1\n|faint|p1a: Mabosstiff\n|-damage|p2a: Pawmot|71\/100|[from] item: Life Orb\n|\n|win|X3rn345\n|n|\u2606Poketough|poketough\n|n|\u2606X3rn345|x3rn345\n|n|*Lady Monita \u2746|ladymonita\n|n| Im dumb srly|imdumbsrly\n","uploadtime":1699773282,"views":9,"p1id":"poketough","p2id":"x3rn345","formatid":"gen9ou","rating":0,"private":0,"password":""}