{"id":"gen9ou-1996864574","p1":"csgoAFK","p2":"JustMichelangelo","format":"[Gen 9] OU","log":"|j|\u2606csgoAFK\n|j|\u2606JustMichelangelo\n|inactive|Battle timer is ON: inactive players will automatically lose when time's up.\n|t:|1700737319\n|gametype|singles\n|player|p1|csgoAFK|steven|\n|player|p2|JustMichelangelo|steven|\n|teamsize|p1|3\n|teamsize|p2|3\n|gen|9\n|tier|[Gen 9] OU\n|rated|Tournament battle\n|rule|Sleep Clause Mod: Limit one foe put to sleep\n|rule|Species Clause: Limit one of each Pok\u00e9mon\n|rule|OHKO Clause: OHKO moves are banned\n|rule|Evasion Items Clause: Evasion items are banned\n|rule|Evasion Moves Clause: Evasion moves are banned\n|rule|Endless Battle Clause: Forcing endless battles is banned\n|rule|HP Percentage Mod: HP is shown in percentages\n|clearpoke\n|poke|p1|Mienshao, M|\n|poke|p1|Lokix, F|\n|poke|p1|Lycanroc-Dusk, F|\n|poke|p2|Gholdengo|\n|poke|p2|Donphan, M|\n|poke|p2|Bisharp, M|\n|teampreview\n|j|*Lady Monita \u2746\n|\n|t:|1700737333\n|start\n|switch|p1a: Lokix|Lokix, F|100\/100\n|switch|p2a: Donphan|Donphan, M, shiny|100\/100\n|turn|1\n|\n|t:|1700737342\n|move|p1a: Lokix|U-turn|p2a: Donphan\n|-damage|p2a: Donphan|71\/100\n|\n|t:|1700737345\n|switch|p1a: Mienshao|Mienshao, M|100\/100|[from] U-turn\n|move|p2a: Donphan|Stone Edge|p1a: Mienshao|[miss]\n|-miss|p2a: Donphan|p1a: Mienshao\n|\n|-heal|p2a: Donphan|77\/100|[from] item: Leftovers\n|upkeep\n|turn|2\n|\n|t:|1700737353\n|move|p1a: Mienshao|U-turn|p2a: Donphan\n|-damage|p2a: Donphan|64\/100\n|\n|t:|1700737354\n|switch|p1a: Lokix|Lokix, F|100\/100|[from] U-turn\n|move|p2a: Donphan|Counter|p1a: Lokix\n|-damage|p1a: Lokix|66\/100\n|\n|-heal|p2a: Donphan|71\/100|[from] item: Leftovers\n|upkeep\n|turn|3\n|\n|t:|1700737365\n|move|p1a: Lokix|Leech Life|p2a: Donphan\n|-damage|p2a: Donphan|37\/100\n|-heal|p1a: Lokix|89\/100|[from] drain|[of] p2a: Donphan\n|move|p2a: Donphan|Counter|p1a: Lokix\n|-damage|p1a: Lokix|0 fnt\n|faint|p1a: Lokix\n|\n|-heal|p2a: Donphan|43\/100|[from] item: Leftovers\n|upkeep\n|\n|t:|1700737370\n|switch|p1a: Mienshao|Mienshao, M|100\/100\n|turn|4\n|j| liasher02\n|\n|t:|1700737373\n|move|p1a: Mienshao|High Jump Kick|p2a: Donphan\n|-damage|p2a: Donphan|9\/100\n|move|p2a: Donphan|Earthquake|p1a: Mienshao\n|-damage|p1a: Mienshao|22\/100\n|\n|-heal|p2a: Donphan|15\/100|[from] item: Leftovers\n|upkeep\n|turn|5\n|\n|t:|1700737379\n|switch|p2a: that one fry|Gholdengo, shiny|100\/100\n|move|p1a: Mienshao|High Jump Kick|p2a: that one fry\n|-immune|p2a: that one fry\n|-damage|p1a: Mienshao|0 fnt|[from] highjumpkick\n|faint|p1a: Mienshao\n|\n|upkeep\n|\n|t:|1700737381\n|switch|p1a: Lycanroc|Lycanroc-Dusk, F|100\/100\n|turn|6\n|\n|t:|1700737385\n|-terastallize|p1a: Lycanroc|Rock\n|move|p1a: Lycanroc|Stone Edge|p2a: that one fry|[miss]\n|-miss|p1a: Lycanroc|p2a: that one fry\n|move|p2a: that one fry|Make It Rain|p1a: Lycanroc\n|-supereffective|p1a: Lycanroc\n|-crit|p1a: Lycanroc\n|-enditem|p1a: Lycanroc|Focus Sash\n|-damage|p1a: Lycanroc|1\/100\n|-unboost|p2a: that one fry|spa|1\n|\n|upkeep\n|turn|7\n|\n|t:|1700737388\n|move|p1a: Lycanroc|Stone Edge|p2a: that one fry\n|-resisted|p2a: that one fry\n|-damage|p2a: that one fry|67\/100\n|move|p2a: that one fry|Shadow Ball|p1a: Lycanroc\n|-damage|p1a: Lycanroc|0 fnt\n|faint|p1a: Lycanroc\n|\n|win|JustMichelangelo\n|n|\u2606csgoAFK|csgoafk\n|n|\u2606JustMichelangelo|justmichelangelo\n|n|*Lady Monita \u2746|ladymonita\n|n| liasher02|liasher02\n","uploadtime":1700737390,"views":5,"p1id":"csgoafk","p2id":"justmichelangelo","formatid":"gen9ou","rating":0,"private":0,"password":""}