{"id":"gen9ou-1994586367","p1":"aabbcc554433","p2":"KimCheed","format":"[Gen 9] OU","log":"|j|\u2606aabbcc554433\n|j|\u2606KimCheed\n|t:|1700464668\n|gametype|singles\n|player|p1|aabbcc554433|skierf-gen4dp|1106\n|player|p2|KimCheed|266|1162\n|teamsize|p1|6\n|teamsize|p2|6\n|gen|9\n|tier|[Gen 9] OU\n|rated|\n|rule|Sleep Clause Mod: Limit one foe put to sleep\n|rule|Species Clause: Limit one of each Pok\u00e9mon\n|rule|OHKO Clause: OHKO moves are banned\n|rule|Evasion Items Clause: Evasion items are banned\n|rule|Evasion Moves Clause: Evasion moves are banned\n|rule|Endless Battle Clause: Forcing endless battles is banned\n|rule|HP Percentage Mod: HP is shown in percentages\n|clearpoke\n|poke|p1|Mandibuzz, F|\n|poke|p1|Skeledirge, M|\n|poke|p1|Amoonguss, F|\n|poke|p1|Alomomola, M|\n|poke|p1|Clefable, F|\n|poke|p1|Ursaluna, M|\n|poke|p2|Kingambit, M|\n|poke|p2|Glimmora, M|\n|poke|p2|Zamazenta-*|\n|poke|p2|Iron Valiant|\n|poke|p2|Iron Moth|\n|poke|p2|Ogerpon-Wellspring, F|\n|teampreview\n|inactive|Battle timer is ON: inactive players will automatically lose when time's up. (requested by aabbcc554433)\n|inactive|aabbcc554433 has 120 seconds left.\n|c|\u2606aabbcc554433|hf\n|inactive|aabbcc554433 has 90 seconds left.\n|\n|t:|1700464734\n|start\n|switch|p1a: Shh\u2026|Amoonguss, F|100\/100\n|switch|p2a: Glimmora|Glimmora, M|100\/100\n|turn|1\n|\n|t:|1700464745\n|move|p2a: Glimmora|Stealth Rock|p1a: Shh\u2026\n|-sidestart|p1: aabbcc554433|move: Stealth Rock\n|move|p1a: Shh\u2026|Spore|p2a: Glimmora\n|-status|p2a: Glimmora|slp|[from] move: Spore\n|\n|upkeep\n|turn|2\n|\n|t:|1700464777\n|switch|p2a: Iron Valiant|Iron Valiant|100\/100\n|-enditem|p2a: Iron Valiant|Booster Energy\n|-activate|p2a: Iron Valiant|ability: Quark Drive|[fromitem]\n|-start|p2a: Iron Valiant|quarkdrivespe\n|move|p1a: Shh\u2026|Giga Drain|p2a: Iron Valiant\n|-damage|p2a: Iron Valiant|60\/100\n|\n|upkeep\n|turn|3\n|\n|t:|1700464788\n|move|p2a: Iron Valiant|Moonblast|p1a: Shh\u2026\n|-resisted|p1a: Shh\u2026\n|-crit|p1a: Shh\u2026\n|-damage|p1a: Shh\u2026|70\/100\n|-unboost|p1a: Shh\u2026|spa|1\n|move|p1a: Shh\u2026|Clear Smog|p2a: Iron Valiant\n|-supereffective|p2a: Iron Valiant\n|-damage|p2a: Iron Valiant|22\/100\n|-clearboost|p2a: Iron Valiant\n|\n|upkeep\n|turn|4\n|\n|t:|1700464798\n|switch|p1a: Fishy|Alomomola, M|100\/100\n|move|p2a: Iron Valiant|Psyshock|p1a: Fishy\n|-damage|p1a: Fishy|82\/100\n|\n|upkeep\n|turn|5\n|\n|t:|1700464806\n|-end|p2a: Iron Valiant|Quark Drive|[silent]\n|switch|p2a: Ogerpon|Ogerpon-Wellspring, F|100\/100\n|move|p1a: Fishy|Flip Turn|p2a: Ogerpon\n|-immune|p2a: Ogerpon|[from] ability: Water Absorb\n|\n|upkeep\n|turn|6\n|\n|t:|1700464812\n|switch|p1a: Shh\u2026|Amoonguss, F|100\/100\n|move|p2a: Ogerpon|Swords Dance|p2a: Ogerpon\n|-boost|p2a: Ogerpon|atk|2\n|\n|upkeep\n|turn|7\n|\n|t:|1700464828\n|move|p2a: Ogerpon|Knock Off|p1a: Shh\u2026\n|-damage|p1a: Shh\u2026|42\/100\n|-enditem|p1a: Shh\u2026|Heavy-Duty Boots|[from] move: Knock Off|[of] p2a: Ogerpon\n|move|p1a: Shh\u2026|Foul Play|p2a: Ogerpon\n|-damage|p2a: Ogerpon|19\/100\n|\n|upkeep\n|turn|8\n|inactive|KimCheed has 120 seconds left.\n|inactive|aabbcc554433 has 120 seconds left.\n|inactive|aabbcc554433 has 90 seconds left.\n|\n|t:|1700464914\n|move|p2a: Ogerpon|Ivy Cudgel|p1a: Shh\u2026|[anim] Ivy Cudgel Water\n|-resisted|p1a: Shh\u2026\n|-damage|p1a: Shh\u2026|0 fnt\n|faint|p1a: Shh\u2026\n|\n|upkeep\n|inactive|aabbcc554433 has 90 seconds left.\n|\n|t:|1700464925\n|switch|p1a: Treble|Clefable, F|100\/100\n|turn|9\n|\n|t:|1700464938\n|move|p2a: Ogerpon|Knock Off|p1a: Treble\n|-resisted|p1a: Treble\n|-damage|p1a: Treble|86\/100\n|-enditem|p1a: Treble|Heavy-Duty Boots|[from] move: Knock Off|[of] p2a: Ogerpon\n|move|p1a: Treble|Moonblast|p2a: Ogerpon\n|-damage|p2a: Ogerpon|0 fnt\n|faint|p2a: Ogerpon\n|\n|upkeep\n|\n|t:|1700464951\n|switch|p2a: Kingambit|Kingambit, M|100\/100\n|-activate|p2a: Kingambit|ability: Supreme Overlord\n|-start|p2a: Kingambit|fallen1|[silent]\n|turn|10\n|\n|t:|1700464965\n|switch|p1a: Fishy|Alomomola, M|100\/100\n|move|p2a: Kingambit|Iron Head|p1a: Fishy\n|-resisted|p1a: Fishy\n|-crit|p1a: Fishy\n|-damage|p1a: Fishy|73\/100\n|\n|upkeep\n|turn|11\n|\n|t:|1700464980\n|-end|p2a: Kingambit|fallen1|[silent]\n|switch|p2a: Glimmora|Glimmora, M|100\/100 slp\n|move|p1a: Fishy|Flip Turn|p2a: Glimmora\n|-supereffective|p2a: Glimmora\n|-damage|p2a: Glimmora|58\/100 slp\n|-activate|p2a: Glimmora|ability: Toxic Debris\n|-sidestart|p1: aabbcc554433|move: Toxic Spikes\n|\n|t:|1700464997\n|switch|p1a: Vulture|Mandibuzz, F|100\/100|[from] Flip Turn\n|\n|upkeep\n|turn|12\n|\n|t:|1700465012\n|switch|p2a: Kingambit|Kingambit, M|100\/100\n|-activate|p2a: Kingambit|ability: Supreme Overlord\n|-start|p2a: Kingambit|fallen1|[silent]\n|move|p1a: Vulture|Defog|p2a: Kingambit\n|-unboost|p2a: Kingambit|evasion|1\n|-sideend|p1: aabbcc554433|Toxic Spikes|[from] move: Defog|[of] p1a: Vulture\n|-sideend|p1: aabbcc554433|Stealth Rock|[from] move: Defog|[of] p1a: Vulture\n|\n|upkeep\n|turn|13\n|\n|t:|1700465016\n|move|p1a: Vulture|Iron Defense|p1a: Vulture\n|-boost|p1a: Vulture|def|2\n|move|p2a: Kingambit|Swords Dance|p2a: Kingambit\n|-boost|p2a: Kingambit|atk|2\n|\n|upkeep\n|turn|14\n|inactive|KimCheed has 120 seconds left.\n|\n|t:|1700465025\n|move|p1a: Vulture|Iron Defense|p1a: Vulture\n|-boost|p1a: Vulture|def|2\n|move|p2a: Kingambit|Swords Dance|p2a: Kingambit\n|-boost|p2a: Kingambit|atk|2\n|\n|upkeep\n|turn|15\n|\n|t:|1700465031\n|move|p1a: Vulture|Foul Play|p2a: Kingambit\n|-resisted|p2a: Kingambit\n|-damage|p2a: Kingambit|34\/100\n|move|p2a: Kingambit|Swords Dance|p2a: Kingambit\n|-boost|p2a: Kingambit|atk|2\n|\n|upkeep\n|turn|16\n|\n|t:|1700465039\n|move|p1a: Vulture|Foul Play|p2a: Kingambit\n|-resisted|p2a: Kingambit\n|-damage|p2a: Kingambit|0 fnt\n|faint|p2a: Kingambit\n|-end|p2a: Kingambit|fallen1|[silent]\n|\n|upkeep\n|\n|t:|1700465043\n|switch|p2a: Zamazenta|Zamazenta, shiny|100\/100\n|-ability|p2a: Zamazenta|Dauntless Shield|boost\n|-boost|p2a: Zamazenta|def|1\n|turn|17\n|-message|KimCheed forfeited.\n|\n|win|aabbcc554433\n|raw|aabbcc554433's rating: 1106 &rarr; <strong>1135<\/strong><br \/>(+29 for winning)\n|raw|KimCheed's rating: 1162 &rarr; <strong>1133<\/strong><br \/>(-29 for losing)\n|l|\u2606KimCheed\n","uploadtime":1700465052,"views":23,"p1id":"aabbcc554433","p2id":"kimcheed","formatid":"gen9ou","rating":1133,"private":0,"password":""}