{"id":"gen9ou-1993731851","p1":"CherryClona","p2":"Mitsuakii","format":"[Gen 9] OU","log":"|j|\u2606CherryClona\n|j|\u2606Mitsuakii\n|inactive|Battle timer is ON: inactive players will automatically lose when time's up.\n|t:|1700350639\n|gametype|singles\n|player|p1|CherryClona|iris-gen5bw2|\n|player|p2|Mitsuakii|psychicf-gen4|\n|teamsize|p1|5\n|teamsize|p2|5\n|gen|9\n|tier|[Gen 9] OU\n|rated|Tournament battle\n|rule|Sleep Clause Mod: Limit one foe put to sleep\n|rule|Species Clause: Limit one of each Pok\u00e9mon\n|rule|OHKO Clause: OHKO moves are banned\n|rule|Evasion Items Clause: Evasion items are banned\n|rule|Evasion Moves Clause: Evasion moves are banned\n|rule|Endless Battle Clause: Forcing endless battles is banned\n|rule|HP Percentage Mod: HP is shown in percentages\n|clearpoke\n|poke|p1|Amoonguss, F|\n|poke|p1|Braviary-Hisui, M|\n|poke|p1|Cinderace, F|\n|poke|p1|Froslass, F|\n|poke|p1|Mamoswine, F|\n|poke|p2|Ninetales-Alola, F|\n|poke|p2|Probopass, F|\n|poke|p2|Toxtricity-Low-Key, M|\n|poke|p2|Slowbro, F|\n|poke|p2|Glimmora, M|\n|teampreview\n|j|*Lady Monita \u2746\n|c|\u2606CherryClona|gl hf\n|c|\u2606Mitsuakii|u too\n|\n|t:|1700350654\n|start\n|switch|p1a: Cinderace|Cinderace, F|100\/100\n|switch|p2a: Ninetales|Ninetales-Alola, F|100\/100\n|-weather|Snow|[from] ability: Snow Warning|[of] p2a: Ninetales\n|turn|1\n|\n|t:|1700350662\n|move|p1a: Cinderace|Pyro Ball|p2a: Ninetales\n|-supereffective|p2a: Ninetales\n|-damage|p2a: Ninetales|0 fnt\n|faint|p2a: Ninetales\n|\n|-weather|Snow|[upkeep]\n|upkeep\n|j| DabBuster184\n|\n|t:|1700350664\n|switch|p2a: Glimmora|Glimmora, M|100\/100\n|turn|2\n|\n|t:|1700350670\n|switch|p1a: Froslass|Froslass, F|100\/100\n|move|p2a: Glimmora|Power Gem|p1a: Froslass\n|-supereffective|p1a: Froslass\n|-enditem|p1a: Froslass|Focus Sash\n|-damage|p1a: Froslass|1\/100\n|\n|-weather|Snow|[upkeep]\n|upkeep\n|turn|3\n|\n|t:|1700350674\n|move|p1a: Froslass|Destiny Bond|p1a: Froslass\n|-singlemove|p1a: Froslass|Destiny Bond\n|move|p2a: Glimmora|Power Gem|p1a: Froslass\n|-supereffective|p1a: Froslass\n|-damage|p1a: Froslass|0 fnt\n|faint|p1a: Froslass\n|-activate|p1a: Froslass|move: Destiny Bond\n|faint|p2a: Glimmora\n|\n|-weather|Snow|[upkeep]\n|upkeep\n|\n|t:|1700350681\n|switch|p1a: Amoonguss|Amoonguss, F|100\/100\n|switch|p2a: Probopass|Probopass, F|100\/100\n|turn|4\n|\n|t:|1700350684\n|move|p2a: Probopass|Thunder Wave|p1a: Amoonguss\n|-status|p1a: Amoonguss|par\n|move|p1a: Amoonguss|Spore|p2a: Probopass\n|-status|p2a: Probopass|slp|[from] move: Spore\n|\n|-weather|Snow|[upkeep]\n|upkeep\n|turn|5\n|\n|t:|1700350691\n|switch|p1a: Mamoswine|Mamoswine, F|100\/100\n|cant|p2a: Probopass|slp\n|\n|-weather|none\n|upkeep\n|turn|6\n|\n|t:|1700350698\n|switch|p2a: Slowbro|Slowbro, F|100\/100\n|move|p1a: Mamoswine|Earthquake|p2a: Slowbro\n|-damage|p2a: Slowbro|72\/100\n|\n|upkeep\n|turn|7\n|\n|t:|1700350703\n|switch|p1a: Amoonguss|Amoonguss, F|100\/100 par\n|move|p2a: Slowbro|Future Sight|p1a: Amoonguss\n|-start|p2a: Slowbro|move: Future Sight\n|\n|upkeep\n|turn|8\n|\n|t:|1700350713\n|move|p2a: Slowbro|Surf|p1a: Amoonguss\n|-resisted|p1a: Amoonguss\n|-damage|p1a: Amoonguss|86\/100 par\n|cant|p1a: Amoonguss|par\n|\n|upkeep\n|turn|9\n|\n|t:|1700350716\n|move|p2a: Slowbro|Surf|p1a: Amoonguss\n|-resisted|p1a: Amoonguss\n|-damage|p1a: Amoonguss|71\/100 par\n|move|p1a: Amoonguss|Giga Drain|p2a: Slowbro\n|-supereffective|p2a: Slowbro\n|-damage|p2a: Slowbro|22\/100\n|-heal|p1a: Amoonguss|94\/100 par|[from] drain|[of] p2a: Slowbro\n|\n|-end|p1a: Amoonguss|move: Future Sight\n|-supereffective|p1a: Amoonguss\n|-damage|p1a: Amoonguss|15\/100 par\n|upkeep\n|turn|10\n|\n|t:|1700350722\n|move|p2a: Slowbro|Slack Off|p2a: Slowbro\n|-heal|p2a: Slowbro|72\/100\n|move|p1a: Amoonguss|Synthesis|p1a: Amoonguss\n|-heal|p1a: Amoonguss|65\/100 par\n|\n|upkeep\n|turn|11\n|\n|t:|1700350726\n|move|p2a: Slowbro|Future Sight|p1a: Amoonguss\n|-start|p2a: Slowbro|move: Future Sight\n|move|p1a: Amoonguss|Giga Drain|p2a: Slowbro\n|-supereffective|p2a: Slowbro\n|-damage|p2a: Slowbro|26\/100\n|-heal|p1a: Amoonguss|86\/100 par|[from] drain|[of] p2a: Slowbro\n|\n|upkeep\n|turn|12\n|\n|t:|1700350729\n|move|p2a: Slowbro|Slack Off|p2a: Slowbro\n|-heal|p2a: Slowbro|76\/100\n|move|p1a: Amoonguss|Giga Drain|p2a: Slowbro\n|-supereffective|p2a: Slowbro\n|-damage|p2a: Slowbro|33\/100\n|-heal|p1a: Amoonguss|100\/100 par|[from] drain|[of] p2a: Slowbro\n|\n|upkeep\n|turn|13\n|\n|t:|1700350744\n|move|p2a: Slowbro|Slack Off|p2a: Slowbro\n|-heal|p2a: Slowbro|83\/100\n|move|p1a: Amoonguss|Giga Drain|p2a: Slowbro\n|-supereffective|p2a: Slowbro\n|-damage|p2a: Slowbro|35\/100\n|\n|-end|p1a: Amoonguss|move: Future Sight\n|-supereffective|p1a: Amoonguss\n|-damage|p1a: Amoonguss|17\/100 par\n|upkeep\n|turn|14\n|\n|t:|1700350751\n|move|p2a: Slowbro|Future Sight|p1a: Amoonguss\n|-start|p2a: Slowbro|move: Future Sight\n|cant|p1a: Amoonguss|par\n|\n|upkeep\n|turn|15\n|\n|t:|1700350755\n|switch|p2a: Probopass|Probopass, F|100\/100 slp\n|move|p1a: Amoonguss|Giga Drain|p2a: Probopass\n|-damage|p2a: Probopass|88\/100 slp\n|-heal|p1a: Amoonguss|22\/100 par|[from] drain|[of] p2a: Probopass\n|\n|-heal|p2a: Probopass|95\/100 slp|[from] item: Leftovers\n|upkeep\n|turn|16\n|\n|t:|1700350761\n|cant|p2a: Probopass|slp\n|cant|p1a: Amoonguss|par\n|\n|-end|p1a: Amoonguss|move: Future Sight\n|-supereffective|p1a: Amoonguss\n|-damage|p1a: Amoonguss|0 fnt\n|faint|p1a: Amoonguss\n|-heal|p2a: Probopass|100\/100 slp|[from] item: Leftovers\n|upkeep\n|j| munchkinp\n|\n|t:|1700350765\n|switch|p1a: Mamoswine|Mamoswine, F|100\/100\n|turn|17\n|j| E4Everyone\n|\n|t:|1700350781\n|-terastallize|p2a: Probopass|Flying\n|move|p1a: Mamoswine|Knock Off|p2a: Probopass\n|-damage|p2a: Probopass|77\/100 slp\n|-enditem|p2a: Probopass|Leftovers|[from] move: Knock Off|[of] p1a: Mamoswine\n|cant|p2a: Probopass|slp\n|\n|upkeep\n|turn|18\n|\n|t:|1700350792\n|switch|p1a: Braviary|Braviary-Hisui, M|100\/100\n|-curestatus|p2a: Probopass|slp|[msg]\n|move|p2a: Probopass|Iron Defense|p2a: Probopass\n|-boost|p2a: Probopass|def|2\n|\n|upkeep\n|turn|19\n|\n|t:|1700350799\n|move|p1a: Braviary|Calm Mind|p1a: Braviary\n|-boost|p1a: Braviary|spa|1\n|-boost|p1a: Braviary|spd|1\n|move|p2a: Probopass|Iron Defense|p2a: Probopass\n|-boost|p2a: Probopass|def|2\n|\n|upkeep\n|turn|20\n|\n|t:|1700350804\n|move|p1a: Braviary|Hurricane|p2a: Probopass|[miss]\n|-miss|p1a: Braviary|p2a: Probopass\n|move|p2a: Probopass|Thunder Wave|p1a: Braviary\n|-status|p1a: Braviary|par\n|\n|upkeep\n|turn|21\n|\n|t:|1700350808\n|move|p2a: Probopass|Body Press|p1a: Braviary\n|-resisted|p1a: Braviary\n|-damage|p1a: Braviary|86\/100 par\n|move|p1a: Braviary|Hurricane|p2a: Probopass\n|-damage|p2a: Probopass|40\/100\n|-start|p2a: Probopass|confusion\n|\n|-heal|p1a: Braviary|92\/100 par|[from] item: Leftovers\n|upkeep\n|turn|22\n|\n|t:|1700350819\n|-activate|p2a: Probopass|confusion\n|-damage|p2a: Probopass|38\/100|[from] confusion\n|cant|p1a: Braviary|par\n|\n|-heal|p1a: Braviary|98\/100 par|[from] item: Leftovers\n|upkeep\n|turn|23\n|\n|t:|1700350822\n|-activate|p2a: Probopass|confusion\n|-damage|p2a: Probopass|37\/100|[from] confusion\n|move|p1a: Braviary|Esper Wing|p2a: Probopass\n|-damage|p2a: Probopass|12\/100\n|-boost|p1a: Braviary|spe|1\n|\n|-heal|p1a: Braviary|100\/100 par|[from] item: Leftovers\n|upkeep\n|turn|24\n|\n|t:|1700350828\n|move|p1a: Braviary|Esper Wing|p2a: Probopass\n|-crit|p2a: Probopass\n|-damage|p2a: Probopass|0 fnt\n|-boost|p1a: Braviary|spe|1\n|faint|p2a: Probopass\n|\n|upkeep\n|\n|t:|1700350834\n|switch|p2a: Toxtricity|Toxtricity-Low-Key, M|100\/100\n|-item|p2a: Toxtricity|Air Balloon\n|turn|25\n|\n|t:|1700350844\n|switch|p2a: Slowbro|Slowbro, F|69\/100\n|move|p1a: Braviary|Esper Wing|p2a: Slowbro\n|-resisted|p2a: Slowbro\n|-damage|p2a: Slowbro|20\/100\n|-boost|p1a: Braviary|spe|1\n|\n|upkeep\n|turn|26\n|\n|t:|1700350850\n|move|p1a: Braviary|Calm Mind|p1a: Braviary\n|-boost|p1a: Braviary|spa|1\n|-boost|p1a: Braviary|spd|1\n|move|p2a: Slowbro|Slack Off|p2a: Slowbro\n|-heal|p2a: Slowbro|70\/100\n|\n|upkeep\n|turn|27\n|c|\u2606Mitsuakii|gg\n|\n|t:|1700350855\n|move|p1a: Braviary|Hurricane|p2a: Slowbro|[miss]\n|-miss|p1a: Braviary|p2a: Slowbro\n|move|p2a: Slowbro|Future Sight|p1a: Braviary\n|-start|p2a: Slowbro|move: Future Sight\n|\n|upkeep\n|turn|28\n|\n|t:|1700350861\n|move|p1a: Braviary|Hurricane|p2a: Slowbro\n|-damage|p2a: Slowbro|0 fnt\n|faint|p2a: Slowbro\n|\n|upkeep\n|\n|t:|1700350865\n|switch|p2a: Toxtricity|Toxtricity-Low-Key, M|100\/100\n|-item|p2a: Toxtricity|Air Balloon\n|turn|29\n|\n|t:|1700350869\n|cant|p1a: Braviary|par\n|move|p2a: Toxtricity|Overdrive|p1a: Braviary\n|-supereffective|p1a: Braviary\n|-damage|p1a: Braviary|38\/100 par\n|\n|-end|p1a: Braviary|move: Future Sight\n|-resisted|p1a: Braviary\n|-damage|p1a: Braviary|28\/100 par\n|-heal|p1a: Braviary|34\/100 par|[from] item: Leftovers\n|upkeep\n|turn|30\n|\n|t:|1700350872\n|move|p1a: Braviary|Esper Wing|p2a: Toxtricity\n|-supereffective|p2a: Toxtricity\n|-damage|p2a: Toxtricity|0 fnt\n|-boost|p1a: Braviary|spe|1\n|-enditem|p2a: Toxtricity|Air Balloon\n|faint|p2a: Toxtricity\n|\n|win|CherryClona\n|n|\u2606CherryClona|cherryclona\n|n|\u2606Mitsuakii|mitsuakii\n|n|*Lady Monita \u2746|ladymonita\n|n| DabBuster184|dabbuster184\n|n| munchkinp|munchkinp\n|n| E4Everyone|e4everyone\n","uploadtime":1700350874,"views":8,"p1id":"cherryclona","p2id":"mitsuakii","formatid":"gen9ou","rating":0,"private":0,"password":""}