{"id":"gen9ou-1995095595","p1":"Mugiwara229","p2":"MisterFlynt","format":"[Gen 9] OU","log":"|j|\u2606Mugiwara229\n|j|\u2606MisterFlynt\n|t:|1700522041\n|gametype|singles\n|player|p1|Mugiwara229|101|\n|player|p2|MisterFlynt|hoopster|\n|teamsize|p1|6\n|teamsize|p2|6\n|gen|9\n|tier|[Gen 9] OU\n|rule|Sleep Clause Mod: Limit one foe put to sleep\n|rule|Species Clause: Limit one of each Pok\u00e9mon\n|rule|OHKO Clause: OHKO moves are banned\n|rule|Evasion Items Clause: Evasion items are banned\n|rule|Evasion Moves Clause: Evasion moves are banned\n|rule|Endless Battle Clause: Forcing endless battles is banned\n|rule|HP Percentage Mod: HP is shown in percentages\n|clearpoke\n|poke|p1|Landorus-Therian, M|\n|poke|p1|Meowscarada, F|\n|poke|p1|Grafaiai, M|\n|poke|p1|Zapdos|\n|poke|p1|Delphox, F|\n|poke|p1|Conkeldurr, M|\n|poke|p2|Manaphy|\n|poke|p2|Politoed, F|\n|poke|p2|Cresselia, F|\n|poke|p2|Overqwil, M|\n|poke|p2|Goodra-Hisui, F|\n|poke|p2|Diancie|\n|teampreview\n|\n|t:|1700522061\n|start\n|switch|p1a: Kiyooo Fooood|Meowscarada, F|100\/100\n|switch|p2a: Politoed|Politoed, F, shiny|100\/100\n|-weather|RainDance|[from] ability: Drizzle|[of] p2a: Politoed\n|turn|1\n|\n|t:|1700522111\n|switch|p2a: Cresselia|Cresselia, F, shiny|100\/100\n|move|p1a: Kiyooo Fooood|Flower Trick|p2a: Cresselia\n|-start|p1a: Kiyooo Fooood|typechange|Grass|[from] ability: Protean\n|-crit|p2a: Cresselia\n|-damage|p2a: Cresselia|61\/100\n|\n|-weather|RainDance|[upkeep]\n|-heal|p2a: Cresselia|67\/100|[from] item: Leftovers\n|upkeep\n|turn|2\n|\n|t:|1700522143\n|switch|p1a: Emperor of OU|Landorus-Therian, M|100\/100\n|-ability|p1a: Emperor of OU|Intimidate|boost\n|-unboost|p2a: Cresselia|atk|1\n|move|p2a: Cresselia|Calm Mind|p2a: Cresselia\n|-boost|p2a: Cresselia|spa|1\n|-boost|p2a: Cresselia|spd|1\n|\n|-weather|RainDance|[upkeep]\n|-heal|p2a: Cresselia|73\/100|[from] item: Leftovers\n|upkeep\n|turn|3\n|\n|t:|1700522224\n|move|p2a: Cresselia|Psychic|p1a: Emperor of OU\n|-damage|p1a: Emperor of OU|64\/100\n|move|p1a: Emperor of OU|U-turn|p2a: Cresselia\n|-supereffective|p2a: Cresselia\n|-damage|p2a: Cresselia|46\/100\n|\n|t:|1700522230\n|switch|p1a: Kiyooo Fooood|Meowscarada, F|100\/100|[from] U-turn\n|\n|-weather|RainDance|[upkeep]\n|-heal|p2a: Cresselia|52\/100|[from] item: Leftovers\n|upkeep\n|turn|4\n|\n|t:|1700522281\n|switch|p2a: Goodra|Goodra-Hisui, F, shiny|100\/100\n|move|p1a: Kiyooo Fooood|Knock Off|p2a: Goodra\n|-start|p1a: Kiyooo Fooood|typechange|Dark|[from] ability: Protean\n|-damage|p2a: Goodra|35\/100\n|-enditem|p2a: Goodra|Leftovers|[from] move: Knock Off|[of] p1a: Kiyooo Fooood\n|\n|-weather|RainDance|[upkeep]\n|upkeep\n|turn|5\n|\n|t:|1700522328\n|move|p1a: Kiyooo Fooood|Knock Off|p2a: Goodra\n|-damage|p2a: Goodra|0 fnt\n|faint|p2a: Goodra\n|\n|-weather|RainDance|[upkeep]\n|upkeep\n|\n|t:|1700522392\n|switch|p2a: Overqwil|Overqwil, M, shiny|100\/100\n|turn|6\n|\n|t:|1700522432\n|switch|p1a: Zoboomafoo|Grafaiai, M|100\/100\n|-terastallize|p2a: Overqwil|Water\n|move|p2a: Overqwil|Liquidation|p1a: Zoboomafoo\n|-damage|p1a: Zoboomafoo|0 fnt\n|faint|p1a: Zoboomafoo\n|\n|-weather|RainDance|[upkeep]\n|upkeep\n|c|\u2606Mugiwara229|gyadamn\n|\n|t:|1700522512\n|switch|p1a: Mami|Delphox, F|100\/100\n|turn|7\n|\n|t:|1700522518\n|-terastallize|p1a: Mami|Grass\n|move|p2a: Overqwil|Liquidation|p1a: Mami\n|-resisted|p1a: Mami\n|-damage|p1a: Mami|26\/100\n|move|p1a: Mami|Tera Blast|p2a: Overqwil|[anim] Tera Blast Grass\n|-supereffective|p2a: Overqwil\n|-damage|p2a: Overqwil|0 fnt\n|faint|p2a: Overqwil\n|\n|-weather|RainDance|[upkeep]\n|upkeep\n|\n|t:|1700522578\n|switch|p2a: Cresselia|Cresselia, F, shiny|52\/100\n|turn|8\n|\n|t:|1700522655\n|switch|p1a: 1957 Thunderbird|Zapdos|100\/100\n|move|p2a: Cresselia|Psychic|p1a: 1957 Thunderbird\n|-damage|p1a: 1957 Thunderbird|75\/100\n|\n|-weather|none\n|-heal|p2a: Cresselia|58\/100|[from] item: Leftovers\n|upkeep\n|turn|9\n|\n|t:|1700522675\n|move|p1a: 1957 Thunderbird|Volt Switch|p2a: Cresselia\n|-damage|p2a: Cresselia|30\/100\n|\n|t:|1700522689\n|switch|p1a: Emperor of OU|Landorus-Therian, M|64\/100|[from] Volt Switch\n|-ability|p1a: Emperor of OU|Intimidate|boost\n|-unboost|p2a: Cresselia|atk|1\n|move|p2a: Cresselia|Moonlight|p2a: Cresselia\n|-heal|p2a: Cresselia|80\/100\n|\n|-heal|p2a: Cresselia|87\/100|[from] item: Leftovers\n|-heal|p1a: Emperor of OU|70\/100|[from] item: Leftovers\n|upkeep\n|turn|10\n|\n|t:|1700522753\n|switch|p2a: Politoed|Politoed, F, shiny|100\/100\n|-weather|RainDance|[from] ability: Drizzle|[of] p2a: Politoed\n|move|p1a: Emperor of OU|U-turn|p2a: Politoed\n|-damage|p2a: Politoed|83\/100\n|\n|t:|1700522767\n|switch|p1a: Kiyooo Fooood|Meowscarada, F|100\/100|[from] U-turn\n|\n|-weather|RainDance|[upkeep]\n|upkeep\n|turn|11\n|\n|t:|1700522826\n|move|p1a: Kiyooo Fooood|Knock Off|p2a: Politoed\n|-start|p1a: Kiyooo Fooood|typechange|Dark|[from] ability: Protean\n|-damage|p2a: Politoed|35\/100\n|-enditem|p2a: Politoed|Damp Rock|[from] move: Knock Off|[of] p1a: Kiyooo Fooood\n|move|p2a: Politoed|Ice Beam|p1a: Kiyooo Fooood\n|-damage|p1a: Kiyooo Fooood|70\/100\n|\n|-weather|RainDance|[upkeep]\n|upkeep\n|turn|12\n|\n|t:|1700522868\n|switch|p1a: Buggy|Conkeldurr, M|100\/100\n|move|p2a: Politoed|Rest|p2a: Politoed\n|-status|p2a: Politoed|slp|[from] move: Rest\n|-heal|p2a: Politoed|100\/100 slp|[silent]\n|\n|-weather|RainDance|[upkeep]\n|-status|p1a: Buggy|brn|[from] item: Flame Orb\n|upkeep\n|turn|13\n|\n|t:|1700522906\n|switch|p2a: Diancie|Diancie|100\/100\n|move|p1a: Buggy|Facade|p2a: Diancie\n|-resisted|p2a: Diancie\n|-damage|p2a: Diancie|66\/100\n|\n|-weather|RainDance|[upkeep]\n|-heal|p2a: Diancie|72\/100|[from] item: Leftovers\n|-damage|p1a: Buggy|94\/100 brn|[from] brn\n|upkeep\n|turn|14\n|\n|t:|1700522925\n|move|p1a: Buggy|Drain Punch|p2a: Diancie\n|-damage|p2a: Diancie|19\/100\n|-heal|p1a: Buggy|100\/100 brn|[from] drain|[of] p2a: Diancie\n|move|p2a: Diancie|Calm Mind|p2a: Diancie\n|-boost|p2a: Diancie|spa|1\n|-boost|p2a: Diancie|spd|1\n|\n|-weather|RainDance|[upkeep]\n|-heal|p2a: Diancie|25\/100|[from] item: Leftovers\n|-damage|p1a: Buggy|94\/100 brn|[from] brn\n|upkeep\n|turn|15\n|\n|t:|1700522938\n|move|p1a: Buggy|Drain Punch|p2a: Diancie\n|-damage|p2a: Diancie|0 fnt\n|-heal|p1a: Buggy|100\/100 brn|[from] drain|[of] p2a: Diancie\n|faint|p2a: Diancie\n|\n|-weather|RainDance|[upkeep]\n|-damage|p1a: Buggy|94\/100 brn|[from] brn\n|upkeep\n|\n|t:|1700522950\n|switch|p2a: Cresselia|Cresselia, F, shiny|87\/100\n|turn|16\n|\n|t:|1700522969\n|move|p2a: Cresselia|Moonblast|p1a: Buggy\n|-supereffective|p1a: Buggy\n|-damage|p1a: Buggy|58\/100 brn\n|move|p1a: Buggy|Knock Off|p2a: Cresselia\n|-supereffective|p2a: Cresselia\n|-damage|p2a: Cresselia|19\/100\n|-enditem|p2a: Cresselia|Leftovers|[from] move: Knock Off|[of] p1a: Buggy\n|\n|-weather|RainDance|[upkeep]\n|-damage|p1a: Buggy|52\/100 brn|[from] brn\n|upkeep\n|turn|17\n|\n|t:|1700522999\n|move|p2a: Cresselia|Psychic|p1a: Buggy\n|-supereffective|p1a: Buggy\n|-damage|p1a: Buggy|1\/100 brn\n|move|p1a: Buggy|Facade|p2a: Cresselia\n|-damage|p2a: Cresselia|0 fnt\n|faint|p2a: Cresselia\n|\n|-weather|none\n|-damage|p1a: Buggy|0 fnt|[from] brn\n|faint|p1a: Buggy\n|upkeep\n|\n|t:|1700523020\n|switch|p2a: Politoed|Politoed, F, shiny|100\/100 slp\n|switch|p1a: Kiyooo Fooood|Meowscarada, F|70\/100\n|-weather|RainDance|[from] ability: Drizzle|[of] p2a: Politoed\n|turn|18\n|\n|t:|1700523029\n|move|p1a: Kiyooo Fooood|Flower Trick|p2a: Politoed\n|-start|p1a: Kiyooo Fooood|typechange|Grass|[from] ability: Protean\n|-supereffective|p2a: Politoed\n|-crit|p2a: Politoed\n|-damage|p2a: Politoed|0 fnt\n|faint|p2a: Politoed\n|\n|-weather|RainDance|[upkeep]\n|upkeep\n|\n|t:|1700523033\n|switch|p2a: Manaphy|Manaphy|100\/100\n|turn|19\n|\n|t:|1700523061\n|move|p1a: Kiyooo Fooood|Flower Trick|p2a: Manaphy\n|-supereffective|p2a: Manaphy\n|-crit|p2a: Manaphy\n|-damage|p2a: Manaphy|0 fnt\n|faint|p2a: Manaphy\n|\n|win|Mugiwara229\n|c|\u2606Mugiwara229|Good game\n|c|\u2606Mugiwara229|I can send it in the channel\n","uploadtime":1700523089,"views":5,"p1id":"mugiwara229","p2id":"misterflynt","formatid":"gen9ou","rating":0,"private":0,"password":""}