{"id":"gen9ou-1991061915","p1":"meliodono","p2":"GiveChompDD","format":"[Gen 9] OU","log":"|j|\u2606meliodono\n|j|\u2606GiveChompDD\n|t:|1700036711\n|gametype|singles\n|player|p1|meliodono|janine|1195\n|player|p2|GiveChompDD|roughneck-gen4|1260\n|teamsize|p1|6\n|teamsize|p2|6\n|gen|9\n|tier|[Gen 9] OU\n|rated|\n|rule|Sleep Clause Mod: Limit one foe put to sleep\n|rule|Species Clause: Limit one of each Pok\u00e9mon\n|rule|OHKO Clause: OHKO moves are banned\n|rule|Evasion Items Clause: Evasion items are banned\n|rule|Evasion Moves Clause: Evasion moves are banned\n|rule|Endless Battle Clause: Forcing endless battles is banned\n|rule|HP Percentage Mod: HP is shown in percentages\n|clearpoke\n|poke|p1|Zamazenta-*|\n|poke|p1|Chansey, F|\n|poke|p1|Corviknight, M|\n|poke|p1|Slowking, M|\n|poke|p1|Iron Treads|\n|poke|p1|Iron Moth|\n|poke|p2|Ogerpon-Wellspring, F|\n|poke|p2|Corviknight, F|\n|poke|p2|Dragapult, M|\n|poke|p2|Iron Moth|\n|poke|p2|Kleavor, F|\n|poke|p2|Dragonite, F|\n|teampreview\n|\n|t:|1700036725\n|start\n|switch|p1a: Zamazenta|Zamazenta|100\/100\n|switch|p2a: Kleavor|Kleavor, F|100\/100\n|-ability|p1a: Zamazenta|Dauntless Shield|boost\n|-boost|p1a: Zamazenta|def|1\n|turn|1\n|\n|t:|1700036733\n|move|p1a: Zamazenta|Stone Edge|p2a: Kleavor\n|-supereffective|p2a: Kleavor\n|-enditem|p2a: Kleavor|Focus Sash\n|-damage|p2a: Kleavor|1\/100\n|move|p2a: Kleavor|Stone Axe|p1a: Zamazenta\n|-resisted|p1a: Zamazenta\n|-damage|p1a: Zamazenta|85\/100\n|-sidestart|p1: meliodono|move: Stealth Rock\n|\n|upkeep\n|turn|2\n|\n|t:|1700036742\n|move|p1a: Zamazenta|Stone Edge|p2a: Kleavor\n|-supereffective|p2a: Kleavor\n|-damage|p2a: Kleavor|0 fnt\n|faint|p2a: Kleavor\n|\n|upkeep\n|\n|t:|1700036748\n|switch|p2a: Corviknight|Corviknight, F|100\/100\n|-ability|p2a: Corviknight|Pressure\n|turn|3\n|\n|t:|1700036757\n|switch|p1a: Corviknight|Corviknight, M|100\/100\n|-damage|p1a: Corviknight|88\/100|[from] Stealth Rock\n|-ability|p1a: Corviknight|Pressure\n|move|p2a: Corviknight|Brave Bird|p1a: Corviknight\n|-resisted|p1a: Corviknight\n|-damage|p1a: Corviknight|77\/100\n|-damage|p2a: Corviknight|84\/100|[from] item: Rocky Helmet|[of] p1a: Corviknight\n|-damage|p2a: Corviknight|80\/100|[from] Recoil\n|\n|upkeep\n|turn|4\n|\n|t:|1700036765\n|switch|p2a: Iron Moth|Iron Moth|100\/100\n|-enditem|p2a: Iron Moth|Booster Energy\n|-activate|p2a: Iron Moth|ability: Quark Drive|[fromitem]\n|-start|p2a: Iron Moth|quarkdrivespe\n|move|p1a: Corviknight|Defog|p2a: Iron Moth\n|-unboost|p2a: Iron Moth|evasion|1\n|-sideend|p1: meliodono|Stealth Rock|[from] move: Defog|[of] p1a: Corviknight\n|\n|upkeep\n|turn|5\n|\n|t:|1700036774\n|switch|p1a: Chansey|Chansey, F|100\/100\n|move|p2a: Iron Moth|Fiery Dance|p1a: Chansey\n|-damage|p1a: Chansey|87\/100\n|\n|upkeep\n|turn|6\n|\n|t:|1700036786\n|move|p2a: Iron Moth|Fiery Dance|p1a: Chansey\n|-damage|p1a: Chansey|74\/100\n|-boost|p2a: Iron Moth|spa|1\n|move|p1a: Chansey|Stealth Rock|p2a: Iron Moth\n|-sidestart|p2: GiveChompDD|move: Stealth Rock\n|\n|upkeep\n|turn|7\n|\n|t:|1700036789\n|move|p2a: Iron Moth|Fiery Dance|p1a: Chansey\n|-damage|p1a: Chansey|57\/100\n|-boost|p2a: Iron Moth|spa|1\n|move|p1a: Chansey|Seismic Toss|p2a: Iron Moth\n|-damage|p2a: Iron Moth|67\/100\n|\n|upkeep\n|turn|8\n|\n|t:|1700036795\n|move|p2a: Iron Moth|Fiery Dance|p1a: Chansey\n|-damage|p1a: Chansey|30\/100\n|-boost|p2a: Iron Moth|spa|1\n|move|p1a: Chansey|Soft-Boiled|p1a: Chansey\n|-heal|p1a: Chansey|80\/100\n|\n|upkeep\n|turn|9\n|\n|t:|1700036800\n|move|p2a: Iron Moth|Fiery Dance|p1a: Chansey\n|-damage|p1a: Chansey|47\/100\n|-boost|p2a: Iron Moth|spa|1\n|move|p1a: Chansey|Seismic Toss|p2a: Iron Moth\n|-damage|p2a: Iron Moth|34\/100\n|\n|upkeep\n|turn|10\n|\n|t:|1700036808\n|move|p2a: Iron Moth|Fiery Dance|p1a: Chansey\n|-damage|p1a: Chansey|8\/100\n|move|p1a: Chansey|Soft-Boiled|p1a: Chansey\n|-heal|p1a: Chansey|58\/100\n|\n|upkeep\n|turn|11\n|\n|t:|1700036812\n|move|p2a: Iron Moth|Fiery Dance|p1a: Chansey\n|-damage|p1a: Chansey|21\/100\n|-boost|p2a: Iron Moth|spa|1\n|move|p1a: Chansey|Soft-Boiled|p1a: Chansey\n|-heal|p1a: Chansey|71\/100\n|\n|upkeep\n|turn|12\n|\n|t:|1700036820\n|move|p2a: Iron Moth|Fiery Dance|p1a: Chansey\n|-damage|p1a: Chansey|25\/100\n|move|p1a: Chansey|Seismic Toss|p2a: Iron Moth\n|-damage|p2a: Iron Moth|1\/100\n|\n|upkeep\n|turn|13\n|\n|t:|1700036834\n|switch|p1a: Slowking|Slowking, M|100\/100\n|move|p2a: Iron Moth|Fiery Dance|p1a: Slowking\n|-resisted|p1a: Slowking\n|-damage|p1a: Slowking|62\/100\n|-boost|p2a: Iron Moth|spa|1\n|\n|upkeep\n|turn|14\n|\n|t:|1700036840\n|move|p2a: Iron Moth|Energy Ball|p1a: Slowking\n|-supereffective|p1a: Slowking\n|-damage|p1a: Slowking|0 fnt\n|faint|p1a: Slowking\n|\n|upkeep\n|\n|t:|1700036844\n|switch|p1a: Zamazenta|Zamazenta|85\/100\n|turn|15\n|\n|t:|1700036853\n|move|p2a: Iron Moth|Psychic|p1a: Zamazenta\n|-supereffective|p1a: Zamazenta\n|-damage|p1a: Zamazenta|0 fnt\n|faint|p1a: Zamazenta\n|\n|upkeep\n|\n|t:|1700036865\n|switch|p1a: Iron Moth|Iron Moth|100\/100\n|turn|16\n|\n|t:|1700036873\n|move|p2a: Iron Moth|Psychic|p1a: Iron Moth\n|-supereffective|p1a: Iron Moth\n|-damage|p1a: Iron Moth|0 fnt\n|faint|p1a: Iron Moth\n|-end|p1a: Iron Moth|Quark Drive|[silent]\n|\n|upkeep\n|\n|t:|1700036875\n|switch|p1a: Corviknight|Corviknight, M|77\/100\n|-ability|p1a: Corviknight|Pressure\n|turn|17\n|\n|t:|1700036877\n|move|p2a: Iron Moth|Fiery Dance|p1a: Corviknight\n|-supereffective|p1a: Corviknight\n|-damage|p1a: Corviknight|0 fnt\n|faint|p1a: Corviknight\n|\n|upkeep\n|-message|meliodono forfeited.\n|\n|win|GiveChompDD\n|raw|meliodono's rating: 1195 &rarr; <strong>1175<\/strong><br \/>(-20 for losing)\n|raw|GiveChompDD's rating: 1260 &rarr; <strong>1280<\/strong><br \/>(+20 for winning)\n|l|\u2606meliodono\n","uploadtime":1700036886,"views":25,"p1id":"meliodono","p2id":"givechompdd","formatid":"gen9ou","rating":1175,"private":0,"password":""}