{"id":"gen9ou-1990058681","p1":"Gyan99","p2":"ShinyPending","format":"[Gen 9] OU","log":"|j|\u2606Gyan99\n|j|\u2606ShinyPending\n|t:|1699920081\n|gametype|singles\n|player|p1|Gyan99|2|1223\n|player|p2|ShinyPending|shauntal|1246\n|teamsize|p1|6\n|teamsize|p2|6\n|gen|9\n|tier|[Gen 9] OU\n|rated|\n|rule|Sleep Clause Mod: Limit one foe put to sleep\n|rule|Species Clause: Limit one of each Pok\u00e9mon\n|rule|OHKO Clause: OHKO moves are banned\n|rule|Evasion Items Clause: Evasion items are banned\n|rule|Evasion Moves Clause: Evasion moves are banned\n|rule|Endless Battle Clause: Forcing endless battles is banned\n|rule|HP Percentage Mod: HP is shown in percentages\n|clearpoke\n|poke|p1|Jolteon, F|\n|poke|p1|Cresselia, F|\n|poke|p1|Rillaboom, M|\n|poke|p1|Okidogi, M|\n|poke|p1|Mandibuzz, F|\n|poke|p1|Gastrodon-East, M|\n|poke|p2|Iron Moth|\n|poke|p2|Rillaboom, M|\n|poke|p2|Sneasler, F|\n|poke|p2|Corviknight, F|\n|poke|p2|Dragonite, M|\n|poke|p2|Dondozo, M|\n|teampreview\n|\n|t:|1699920104\n|start\n|switch|p1a: Okidogi|Okidogi, M|100\/100\n|switch|p2a: Iron Moth|Iron Moth|100\/100\n|-enditem|p2a: Iron Moth|Booster Energy\n|-activate|p2a: Iron Moth|ability: Quark Drive|[fromitem]\n|-start|p2a: Iron Moth|quarkdrivespe\n|turn|1\n|\n|t:|1699920122\n|switch|p1a: Cresselia|Cresselia, F|100\/100\n|move|p2a: Iron Moth|Psychic|p1a: Cresselia\n|-resisted|p1a: Cresselia\n|-damage|p1a: Cresselia|90\/100\n|\n|upkeep\n|turn|2\n|\n|t:|1699920131\n|move|p2a: Iron Moth|Fiery Dance|p1a: Cresselia\n|-damage|p1a: Cresselia|61\/100\n|move|p1a: Cresselia|Thunder Wave|p2a: Iron Moth\n|-status|p2a: Iron Moth|par\n|\n|upkeep\n|turn|3\n|inactive|Battle timer is ON: inactive players will automatically lose when time's up. (requested by ShinyPending)\n|\n|t:|1699920140\n|switch|p1a: Gastrodon|Gastrodon-East, M|100\/100\n|move|p2a: Iron Moth|Fiery Dance|p1a: Gastrodon\n|-resisted|p1a: Gastrodon\n|-damage|p1a: Gastrodon|81\/100\n|-boost|p2a: Iron Moth|spa|1\n|\n|-heal|p1a: Gastrodon|88\/100|[from] item: Leftovers\n|upkeep\n|turn|4\n|\n|t:|1699920144\n|move|p2a: Iron Moth|Energy Ball|p1a: Gastrodon\n|-supereffective|p1a: Gastrodon\n|-damage|p1a: Gastrodon|0 fnt\n|faint|p1a: Gastrodon\n|\n|upkeep\n|\n|t:|1699920155\n|switch|p1a: Okidogi|Okidogi, M|100\/100\n|turn|5\n|\n|t:|1699920165\n|move|p1a: Okidogi|Psychic Fangs|p2a: Iron Moth\n|-supereffective|p2a: Iron Moth\n|-damage|p2a: Iron Moth|0 fnt\n|faint|p2a: Iron Moth\n|-end|p2a: Iron Moth|Quark Drive|[silent]\n|\n|upkeep\n|\n|t:|1699920176\n|switch|p2a: Corviknight|Corviknight, F|100\/100\n|-ability|p2a: Corviknight|Pressure\n|turn|6\n|\n|t:|1699920183\n|switch|p1a: Cresselia|Cresselia, F|61\/100\n|move|p2a: Corviknight|U-turn|p1a: Cresselia\n|-supereffective|p1a: Cresselia\n|-damage|p1a: Cresselia|45\/100\n|\n|t:|1699920191\n|switch|p2a: Dragonite|Dragonite, M|100\/100|[from] U-turn\n|\n|upkeep\n|turn|7\n|\n|t:|1699920214\n|-terastallize|p2a: Dragonite|Normal\n|move|p2a: Dragonite|Extreme Speed|p1a: Cresselia\n|-damage|p1a: Cresselia|6\/100\n|move|p1a: Cresselia|Trick|p2a: Dragonite\n|-activate|p1a: Cresselia|move: Trick|[of] p2a: Dragonite\n|-item|p2a: Dragonite|Choice Scarf|[from] move: Trick\n|-item|p1a: Cresselia|Choice Band|[from] move: Trick\n|\n|upkeep\n|turn|8\n|inactive|Gyan99 has 120 seconds left.\n|\n|t:|1699920256\n|switch|p1a: Rillaboom|Rillaboom, M|100\/100\n|-fieldstart|move: Grassy Terrain|[from] ability: Grassy Surge|[of] p1a: Rillaboom\n|move|p2a: Dragonite|Extreme Speed|p1a: Rillaboom\n|-damage|p1a: Rillaboom|55\/100\n|\n|-heal|p1a: Rillaboom|61\/100|[from] Grassy Terrain\n|upkeep\n|turn|9\n|\n|t:|1699920266\n|move|p1a: Rillaboom|Fake Out|p2a: Dragonite\n|-damage|p2a: Dragonite|92\/100\n|cant|p2a: Dragonite|flinch\n|\n|-heal|p2a: Dragonite|98\/100|[from] Grassy Terrain\n|-heal|p1a: Rillaboom|67\/100|[from] Grassy Terrain\n|upkeep\n|turn|10\n|\n|t:|1699920268\n|move|p2a: Dragonite|Extreme Speed|p1a: Rillaboom\n|-damage|p1a: Rillaboom|26\/100\n|move|p1a: Rillaboom|Drain Punch|p2a: Dragonite\n|-supereffective|p2a: Dragonite\n|-damage|p2a: Dragonite|38\/100\n|-heal|p1a: Rillaboom|50\/100|[from] drain|[of] p2a: Dragonite\n|\n|-heal|p2a: Dragonite|44\/100|[from] Grassy Terrain\n|-heal|p1a: Rillaboom|56\/100|[from] Grassy Terrain\n|upkeep\n|turn|11\n|\n|t:|1699920274\n|move|p2a: Dragonite|Extreme Speed|p1a: Rillaboom\n|-crit|p1a: Rillaboom\n|-damage|p1a: Rillaboom|0 fnt\n|faint|p1a: Rillaboom\n|\n|-heal|p2a: Dragonite|51\/100|[from] Grassy Terrain\n|upkeep\n|\n|t:|1699920281\n|switch|p1a: Okidogi|Okidogi, M|100\/100\n|turn|12\n|\n|t:|1699920287\n|move|p2a: Dragonite|Extreme Speed|p1a: Okidogi\n|-damage|p1a: Okidogi|56\/100\n|move|p1a: Okidogi|Close Combat|p2a: Dragonite\n|-supereffective|p2a: Dragonite\n|-damage|p2a: Dragonite|0 fnt\n|-unboost|p1a: Okidogi|def|1\n|-unboost|p1a: Okidogi|spd|1\n|faint|p2a: Dragonite\n|\n|-heal|p1a: Okidogi|62\/100|[from] Grassy Terrain\n|-fieldend|move: Grassy Terrain\n|upkeep\n|\n|t:|1699920298\n|switch|p2a: Corviknight|Corviknight, F|100\/100\n|-ability|p2a: Corviknight|Pressure\n|turn|13\n|\n|t:|1699920306\n|switch|p1a: Mandibuzz|Mandibuzz, F|100\/100\n|move|p2a: Corviknight|Brave Bird|p1a: Mandibuzz\n|-damage|p1a: Mandibuzz|69\/100\n|-damage|p2a: Corviknight|89\/100|[from] Recoil\n|\n|upkeep\n|turn|14\n|\n|t:|1699920315\n|move|p1a: Mandibuzz|Roost|p1a: Mandibuzz\n|-heal|p1a: Mandibuzz|100\/100\n|-singleturn|p1a: Mandibuzz|move: Roost\n|move|p2a: Corviknight|U-turn|p1a: Mandibuzz\n|-supereffective|p1a: Mandibuzz\n|-damage|p1a: Mandibuzz|80\/100\n|\n|t:|1699920318\n|switch|p2a: Rillaboom|Rillaboom, M|100\/100|[from] U-turn\n|-fieldstart|move: Grassy Terrain|[from] ability: Grassy Surge|[of] p2a: Rillaboom\n|\n|-heal|p1a: Mandibuzz|86\/100|[from] Grassy Terrain\n|upkeep\n|turn|15\n|l|\u2606Gyan99\n|inactive|Gyan99 disconnected and has a minute to reconnect!\n|player|p1|\n|j|\u2606Gyan99\n|inactive|Gyan99 reconnected and has 130 seconds left.\n|player|p1|Gyan99|2\n|inactive|Gyan99 has 120 seconds left.\n|\n|t:|1699920356\n|move|p2a: Rillaboom|U-turn|p1a: Mandibuzz\n|-damage|p1a: Mandibuzz|54\/100\n|\n|t:|1699920359\n|switch|p2a: Sneasler|Sneasler, F|100\/100|[from] U-turn\n|-enditem|p2a: Sneasler|Grassy Seed\n|-boost|p2a: Sneasler|def|1|[from] item: Grassy Seed\n|move|p1a: Mandibuzz|Foul Play|p2a: Sneasler\n|-resisted|p2a: Sneasler\n|-damage|p2a: Sneasler|70\/100\n|\n|-heal|p2a: Sneasler|76\/100|[from] Grassy Terrain\n|upkeep\n|turn|16\n|inactive|Gyan99 has 120 seconds left.\n|\n|t:|1699920380\n|move|p2a: Sneasler|Swords Dance|p2a: Sneasler\n|-boost|p2a: Sneasler|atk|2\n|move|p1a: Mandibuzz|Foul Play|p2a: Sneasler\n|-resisted|p2a: Sneasler\n|-damage|p2a: Sneasler|15\/100\n|\n|-heal|p2a: Sneasler|21\/100|[from] Grassy Terrain\n|upkeep\n|turn|17\n|\n|t:|1699920397\n|switch|p1a: Cresselia|Cresselia, F|6\/100\n|move|p2a: Sneasler|Dire Claw|p1a: Cresselia\n|-damage|p1a: Cresselia|0 fnt\n|faint|p1a: Cresselia\n|\n|-heal|p2a: Sneasler|27\/100|[from] Grassy Terrain\n|upkeep\n|\n|t:|1699920406\n|switch|p1a: Jolteon|Jolteon, F|100\/100\n|turn|18\n|\n|t:|1699920414\n|move|p2a: Sneasler|Dire Claw|p1a: Jolteon\n|-damage|p1a: Jolteon|0 fnt\n|faint|p1a: Jolteon\n|\n|-heal|p2a: Sneasler|33\/100|[from] Grassy Terrain\n|-fieldend|move: Grassy Terrain\n|upkeep\n|-message|Gyan99 forfeited.\n|\n|win|ShinyPending\n|raw|Gyan99's rating: 1191 &rarr; <strong>1170<\/strong><br \/>(-21 for losing)\n|raw|ShinyPending's rating: 1246 &rarr; <strong>1267<\/strong><br \/>(+21 for winning)\n|l|\u2606Gyan99\n","uploadtime":1699920425,"views":9,"p1id":"gyan99","p2id":"shinypending","formatid":"gen9ou","rating":1170,"private":0,"password":""}