{"id":"gen9ou-1996742062","p1":"Moriatry","p2":"gcy9","format":"[Gen 9] OU","log":"|j|\u2606Moriatry\n|j|\u2606gcy9\n|t:|1700717554\n|gametype|singles\n|player|p1|Moriatry|rancher|1532\n|player|p2|gcy9|2|1615\n|teamsize|p1|6\n|teamsize|p2|6\n|gen|9\n|tier|[Gen 9] OU\n|rated|\n|rule|Sleep Clause Mod: Limit one foe put to sleep\n|rule|Species Clause: Limit one of each Pok\u00e9mon\n|rule|OHKO Clause: OHKO moves are banned\n|rule|Evasion Items Clause: Evasion items are banned\n|rule|Evasion Moves Clause: Evasion moves are banned\n|rule|Endless Battle Clause: Forcing endless battles is banned\n|rule|HP Percentage Mod: HP is shown in percentages\n|clearpoke\n|poke|p1|Enamorus, F|\n|poke|p1|Dragapult, F|\n|poke|p1|Iron Valiant|\n|poke|p1|Gholdengo|\n|poke|p1|Iron Treads|\n|poke|p1|Dragonite, F|\n|poke|p2|Heatran, M|\n|poke|p2|Tornadus-Therian, M|\n|poke|p2|Ogerpon-Cornerstone, F|\n|poke|p2|Great Tusk|\n|poke|p2|Hatterene, F|\n|poke|p2|Toxapex, F|\n|teampreview\n|c|\u2606Moriatry|good luck\n|inactive|Battle timer is ON: inactive players will automatically lose when time's up. (requested by Moriatry)\n|j| Ineednewtestacc\n|inactive|gcy9 has 120 seconds left.\n|inactive|gcy9 has 90 seconds left.\n|\n|t:|1700717637\n|start\n|switch|p1a: Iron Treads|Iron Treads|100\/100\n|switch|p2a: Aaron|Great Tusk, shiny|100\/100\n|-enditem|p1a: Iron Treads|Booster Energy\n|-activate|p1a: Iron Treads|ability: Quark Drive|[fromitem]\n|-start|p1a: Iron Treads|quarkdrivespe\n|turn|1\n|\n|t:|1700717654\n|move|p1a: Iron Treads|Knock Off|p2a: Aaron\n|-resisted|p2a: Aaron\n|-damage|p2a: Aaron|94\/100\n|-enditem|p2a: Aaron|Leftovers|[from] move: Knock Off|[of] p1a: Iron Treads\n|move|p2a: Aaron|Rapid Spin|p1a: Iron Treads\n|-resisted|p1a: Iron Treads\n|-damage|p1a: Iron Treads|95\/100\n|-boost|p2a: Aaron|spe|1\n|\n|upkeep\n|turn|2\n|\n|t:|1700717661\n|move|p1a: Iron Treads|Stealth Rock|p2a: Aaron\n|-sidestart|p2: gcy9|move: Stealth Rock\n|move|p2a: Aaron|Earthquake|p1a: Iron Treads\n|-supereffective|p1a: Iron Treads\n|-damage|p1a: Iron Treads|33\/100\n|\n|upkeep\n|turn|3\n|\n|t:|1700717672\n|-end|p1a: Iron Treads|Quark Drive|[silent]\n|switch|p1a: Gholdengo|Gholdengo|100\/100\n|move|p2a: Aaron|Rapid Spin|p1a: Gholdengo\n|-immune|p1a: Gholdengo\n|\n|upkeep\n|turn|4\n|\n|t:|1700717687\n|move|p2a: Aaron|Earthquake|p1a: Gholdengo\n|-supereffective|p1a: Gholdengo\n|-damage|p1a: Gholdengo|39\/100\n|move|p1a: Gholdengo|Make It Rain|p2a: Aaron\n|-damage|p2a: Aaron|22\/100\n|-unboost|p1a: Gholdengo|spa|1\n|\n|-heal|p1a: Gholdengo|46\/100|[from] item: Leftovers\n|upkeep\n|turn|5\n|\n|t:|1700717704\n|switch|p1a: Dragonite|Dragonite, F|100\/100\n|move|p2a: Aaron|Earthquake|p1a: Dragonite\n|-immune|p1a: Dragonite\n|\n|upkeep\n|turn|6\n|\n|t:|1700717712\n|move|p2a: Aaron|Rapid Spin|p1a: Dragonite\n|-damage|p1a: Dragonite|93\/100\n|-boost|p2a: Aaron|spe|1\n|-sideend|p2: gcy9|Stealth Rock|[from] move: Rapid Spin|[of] p2a: Aaron\n|move|p1a: Dragonite|Dragon Dance|p1a: Dragonite\n|-boost|p1a: Dragonite|atk|1\n|-boost|p1a: Dragonite|spe|1\n|\n|upkeep\n|turn|7\n|\n|t:|1700717717\n|move|p1a: Dragonite|Extreme Speed|p2a: Aaron\n|-damage|p2a: Aaron|1\/100\n|move|p2a: Aaron|Ice Spinner|p1a: Dragonite\n|-supereffective|p1a: Dragonite\n|-damage|p1a: Dragonite|0 fnt\n|faint|p1a: Dragonite\n|\n|upkeep\n|c|\u2606Moriatry|....\n|\n|t:|1700717732\n|switch|p1a: Iron Valiant|Iron Valiant|100\/100\n|-enditem|p1a: Iron Valiant|Booster Energy\n|-activate|p1a: Iron Valiant|ability: Quark Drive|[fromitem]\n|-start|p1a: Iron Valiant|quarkdrivespe\n|turn|8\n|\n|t:|1700717753\n|-end|p2a: Aaron|Protosynthesis|[silent]\n|switch|p2a: Brownies|Toxapex, F|100\/100\n|move|p1a: Iron Valiant|Moonblast|p2a: Brownies\n|-resisted|p2a: Brownies\n|-damage|p2a: Brownies|85\/100\n|-unboost|p2a: Brownies|spa|1\n|\n|-heal|p2a: Brownies|91\/100|[from] item: Leftovers\n|upkeep\n|turn|9\n|\n|t:|1700717760\n|move|p1a: Iron Valiant|Psyshock|p2a: Brownies\n|-supereffective|p2a: Brownies\n|-damage|p2a: Brownies|54\/100\n|move|p2a: Brownies|Toxic Spikes|p1a: Iron Valiant\n|-sidestart|p1: Moriatry|move: Toxic Spikes\n|\n|-heal|p2a: Brownies|60\/100|[from] item: Leftovers\n|upkeep\n|turn|10\n|\n|t:|1700717780\n|switch|p2a: Best Tiger|Tornadus-Therian, M|100\/100\n|move|p1a: Iron Valiant|Encore||[still]\n|-fail|p1a: Iron Valiant\n|\n|upkeep\n|turn|11\n|\n|t:|1700717790\n|move|p1a: Iron Valiant|Moonblast|p2a: Best Tiger\n|-damage|p2a: Best Tiger|69\/100\n|move|p2a: Best Tiger|Bleakwind Storm|p1a: Iron Valiant\n|-supereffective|p1a: Iron Valiant\n|-damage|p1a: Iron Valiant|0 fnt\n|faint|p1a: Iron Valiant\n|-end|p1a: Iron Valiant|Quark Drive|[silent]\n|\n|upkeep\n|\n|t:|1700717797\n|switch|p1a: Iron Treads|Iron Treads|33\/100\n|turn|12\n|\n|t:|1700717811\n|move|p2a: Best Tiger|Heat Wave|p1a: Iron Treads|[miss]\n|-miss|p2a: Best Tiger|p1a: Iron Treads\n|move|p1a: Iron Treads|Rapid Spin|p2a: Best Tiger\n|-damage|p2a: Best Tiger|56\/100\n|-boost|p1a: Iron Treads|spe|1\n|-sideend|p1: Moriatry|Toxic Spikes|[from] move: Rapid Spin|[of] p1a: Iron Treads\n|\n|upkeep\n|turn|13\n|\n|t:|1700717817\n|move|p1a: Iron Treads|Stealth Rock|p2a: Best Tiger\n|-sidestart|p2: gcy9|move: Stealth Rock\n|move|p2a: Best Tiger|Heat Wave|p1a: Iron Treads\n|-supereffective|p1a: Iron Treads\n|-damage|p1a: Iron Treads|0 fnt\n|faint|p1a: Iron Treads\n|-end|p1a: Iron Treads|Quark Drive|[silent]\n|\n|upkeep\n|\n|t:|1700717829\n|switch|p1a: Dragapult|Dragapult, F|100\/100\n|turn|14\n|\n|t:|1700717834\n|move|p1a: Dragapult|Dragon Darts|p2a: Best Tiger\n|-damage|p2a: Best Tiger|26\/100\n|-anim|p1a: Dragapult|Dragon Darts|p2a: Best Tiger\n|-damage|p2a: Best Tiger|0 fnt\n|faint|p2a: Best Tiger\n|\n|upkeep\n|inactive|gcy9 has 120 seconds left.\n|\n|t:|1700717866\n|switch|p2a: Lady Gaga|Hatterene, F|100\/100\n|-damage|p2a: Lady Gaga|88\/100|[from] Stealth Rock\n|turn|15\n|\n|t:|1700717870\n|move|p1a: Dragapult|Phantom Force||[still]\n|-prepare|p1a: Dragapult|Phantom Force\n|move|p2a: Lady Gaga|Nuzzle|p1a: Dragapult|[miss]\n|-miss|p2a: Lady Gaga|p1a: Dragapult\n|\n|-heal|p2a: Lady Gaga|94\/100|[from] item: Leftovers\n|upkeep\n|turn|16\n|\n|t:|1700717879\n|-terastallize|p2a: Lady Gaga|Flying\n|move|p1a: Dragapult|Phantom Force|p2a: Lady Gaga|[from]lockedmove\n|-damage|p2a: Lady Gaga|52\/100\n|move|p2a: Lady Gaga|Nuzzle|p1a: Dragapult\n|-resisted|p1a: Dragapult\n|-damage|p1a: Dragapult|98\/100\n|-status|p1a: Dragapult|par\n|\n|-heal|p2a: Lady Gaga|58\/100|[from] item: Leftovers\n|upkeep\n|turn|17\n|\n|t:|1700717884\n|move|p1a: Dragapult|Dragon Darts|p2a: Lady Gaga\n|-crit|p2a: Lady Gaga\n|-damage|p2a: Lady Gaga|26\/100\n|-anim|p1a: Dragapult|Dragon Darts|p2a: Lady Gaga\n|-damage|p2a: Lady Gaga|3\/100\n|move|p2a: Lady Gaga|Draining Kiss|p1a: Dragapult\n|-supereffective|p1a: Dragapult\n|-damage|p1a: Dragapult|37\/100 par\n|-heal|p2a: Lady Gaga|48\/100|[from] drain|[of] p1a: Dragapult\n|\n|-heal|p2a: Lady Gaga|54\/100|[from] item: Leftovers\n|upkeep\n|turn|18\n|\n|t:|1700717892\n|move|p1a: Dragapult|Dragon Darts|p2a: Lady Gaga\n|-damage|p2a: Lady Gaga|33\/100\n|-anim|p1a: Dragapult|Dragon Darts|p2a: Lady Gaga\n|-damage|p2a: Lady Gaga|11\/100\n|move|p2a: Lady Gaga|Draining Kiss|p1a: Dragapult\n|-supereffective|p1a: Dragapult\n|-damage|p1a: Dragapult|0 fnt\n|-heal|p2a: Lady Gaga|38\/100|[from] drain|[of] p1a: Dragapult\n|faint|p1a: Dragapult\n|\n|-heal|p2a: Lady Gaga|44\/100|[from] item: Leftovers\n|upkeep\n|\n|t:|1700717904\n|switch|p1a: Gholdengo|Gholdengo|46\/100\n|turn|19\n|\n|t:|1700717908\n|switch|p2a: Aaron|Great Tusk, shiny|1\/100\n|-damage|p2a: Aaron|0 fnt|[from] Stealth Rock\n|faint|p2a: Aaron\n|-end|p2a: Aaron|Protosynthesis|[silent]\n|move|p1a: Gholdengo|Recover|p1a: Gholdengo\n|-heal|p1a: Gholdengo|96\/100\n|\n|-heal|p1a: Gholdengo|100\/100|[from] item: Leftovers\n|upkeep\n|\n|t:|1700717911\n|switch|p2a: Faking|Heatran, M|100\/100\n|-damage|p2a: Faking|88\/100|[from] Stealth Rock\n|turn|20\n|\n|t:|1700717923\n|move|p1a: Gholdengo|Shadow Ball|p2a: Faking\n|-damage|p2a: Faking|64\/100\n|move|p2a: Faking|Magma Storm|p1a: Gholdengo\n|-supereffective|p1a: Gholdengo\n|-damage|p1a: Gholdengo|6\/100\n|-activate|p1a: Gholdengo|move: Magma Storm|[of] p2a: Faking\n|\n|-heal|p1a: Gholdengo|12\/100|[from] item: Leftovers\n|-heal|p2a: Faking|71\/100|[from] item: Leftovers\n|-damage|p1a: Gholdengo|0 fnt|[from] move: Magma Storm|[partiallytrapped]\n|faint|p1a: Gholdengo\n|upkeep\n|\n|t:|1700717928\n|switch|p1a: Enamorus|Enamorus, F|100\/100\n|turn|21\n|\n|t:|1700717933\n|move|p1a: Enamorus|Earth Power|p2a: Faking\n|-supereffective|p2a: Faking\n|-damage|p2a: Faking|0 fnt\n|faint|p2a: Faking\n|\n|upkeep\n|\n|t:|1700717940\n|switch|p2a: GC|Ogerpon-Cornerstone, F|100\/100\n|-damage|p2a: GC|88\/100|[from] Stealth Rock\n|turn|22\n|\n|t:|1700717954\n|-terastallize|p1a: Enamorus|Steel\n|move|p2a: GC|Ivy Cudgel|p1a: Enamorus|[anim] Ivy Cudgel Rock\n|-resisted|p1a: Enamorus\n|-damage|p1a: Enamorus|54\/100\n|move|p1a: Enamorus|Moonblast|p2a: GC\n|-damage|p2a: GC|29\/100\n|\n|-heal|p1a: Enamorus|60\/100|[from] item: Leftovers\n|upkeep\n|turn|23\n|\n|t:|1700717973\n|move|p2a: GC|Ivy Cudgel|p1a: Enamorus|[anim] Ivy Cudgel Rock\n|-resisted|p1a: Enamorus\n|-damage|p1a: Enamorus|10\/100\n|move|p1a: Enamorus|Moonblast|p2a: GC\n|-damage|p2a: GC|0 fnt\n|faint|p2a: GC\n|\n|-heal|p1a: Enamorus|16\/100|[from] item: Leftovers\n|upkeep\n|\n|t:|1700717978\n|switch|p2a: Brownies|Toxapex, F|94\/100\n|-damage|p2a: Brownies|81\/100|[from] Stealth Rock\n|turn|24\n|j| jellorain_\n|\n|t:|1700717981\n|move|p1a: Enamorus|Earth Power|p2a: Brownies\n|-supereffective|p2a: Brownies\n|-damage|p2a: Brownies|37\/100\n|move|p2a: Brownies|Surf|p1a: Enamorus\n|-damage|p1a: Enamorus|0 fnt\n|faint|p1a: Enamorus\n|\n|win|gcy9\n|raw|Moriatry's rating: 1532 &rarr; <strong>1517<\/strong><br \/>(-15 for losing)\n|raw|gcy9's rating: 1615 &rarr; <strong>1630<\/strong><br \/>(+15 for winning)\n|l|\u2606Moriatry\n|l| jellorain_\n","uploadtime":1700717992,"views":3,"p1id":"moriatry","p2id":"gcy9","formatid":"gen9ou","rating":1517,"private":0,"password":""}