{"id":"gen9ou-1992245987","p1":"yokashi tokotetas","p2":"Icefanngs","format":"[Gen 9] OU","log":"|j|\u2606yokashi tokotetas\n|j|\u2606Icefanngs\n|t:|1700167307\n|gametype|singles\n|player|p1|yokashi tokotetas|blue|1040\n|player|p2|Icefanngs|102|1139\n|teamsize|p1|6\n|teamsize|p2|6\n|gen|9\n|tier|[Gen 9] OU\n|rated|\n|rule|Sleep Clause Mod: Limit one foe put to sleep\n|rule|Species Clause: Limit one of each Pok\u00e9mon\n|rule|OHKO Clause: OHKO moves are banned\n|rule|Evasion Items Clause: Evasion items are banned\n|rule|Evasion Moves Clause: Evasion moves are banned\n|rule|Endless Battle Clause: Forcing endless battles is banned\n|rule|HP Percentage Mod: HP is shown in percentages\n|clearpoke\n|poke|p1|Dragonite, F|\n|poke|p1|Gyarados, M|\n|poke|p1|Weezing, F|\n|poke|p1|Clefable, M|\n|poke|p1|Snorlax, F|\n|poke|p1|Golem, F|\n|poke|p2|Gardevoir, F|\n|poke|p2|Froslass, F|\n|poke|p2|Infernape, M|\n|poke|p2|Altaria, F|\n|poke|p2|Empoleon, M|\n|poke|p2|Umbreon, M|\n|teampreview\n|j| guanamino777\n|l| guanamino777\n|\n|t:|1700167319\n|start\n|switch|p1a: Golem|Golem, F|100\/100\n|switch|p2a: Zelda|Gardevoir, F|100\/100\n|-ability|p2a: Zelda|Rock Head|[from] ability: Trace|[of] p1a: Golem\n|turn|1\n|\n|t:|1700167333\n|switch|p2a: King|Empoleon, M|100\/100\n|move|p1a: Golem|Substitute|p1a: Golem\n|-start|p1a: Golem|Substitute\n|-damage|p1a: Golem|75\/100\n|\n|-heal|p1a: Golem|82\/100|[from] item: Leftovers\n|upkeep\n|turn|2\n|\n|t:|1700167344\n|move|p2a: King|Hydro Pump|p1a: Golem\n|-supereffective|p1a: Golem\n|-end|p1a: Golem|Substitute\n|move|p1a: Golem|Earthquake|p2a: King\n|-supereffective|p2a: King\n|-damage|p2a: King|16\/100\n|\n|-heal|p1a: Golem|88\/100|[from] item: Leftovers\n|upkeep\n|turn|3\n|\n|t:|1700167360\n|switch|p1a: Gyarados|Gyarados, M|100\/100\n|-ability|p1a: Gyarados|Intimidate|boost\n|-unboost|p2a: King|atk|1\n|-ability|p2a: King|Competitive|boost\n|-boost|p2a: King|spa|2\n|move|p2a: King|Hydro Pump|p1a: Gyarados\n|-resisted|p1a: Gyarados\n|-damage|p1a: Gyarados|48\/100\n|\n|-heal|p1a: Gyarados|54\/100|[from] item: Leftovers\n|upkeep\n|turn|4\n|\n|t:|1700167372\n|move|p1a: Gyarados|Earthquake|p2a: King\n|-supereffective|p2a: King\n|-damage|p2a: King|0 fnt\n|faint|p2a: King\n|\n|-heal|p1a: Gyarados|60\/100|[from] item: Leftovers\n|upkeep\n|\n|t:|1700167377\n|switch|p2a: Zelda|Gardevoir, F|100\/100\n|-ability|p2a: Zelda|Intimidate|boost\n|-unboost|p1a: Gyarados|atk|1\n|-ability|p2a: Zelda|Intimidate|[from] ability: Trace|[of] p1a: Gyarados\n|turn|5\n|\n|t:|1700167387\n|move|p2a: Zelda|Moonblast|p1a: Gyarados\n|-damage|p1a: Gyarados|11\/100\n|move|p1a: Gyarados|Dragon Dance|p1a: Gyarados\n|-boost|p1a: Gyarados|atk|1\n|-boost|p1a: Gyarados|spe|1\n|\n|-heal|p1a: Gyarados|17\/100|[from] item: Leftovers\n|upkeep\n|turn|6\n|\n|t:|1700167396\n|move|p2a: Zelda|Moonblast|p1a: Gyarados\n|-damage|p1a: Gyarados|0 fnt\n|faint|p1a: Gyarados\n|\n|upkeep\n|\n|t:|1700167402\n|switch|p1a: Clefable|Clefable, M|100\/100\n|turn|7\n|\n|t:|1700167412\n|switch|p2a: Yuki|Froslass, F|100\/100\n|move|p1a: Clefable|Calm Mind|p1a: Clefable\n|-boost|p1a: Clefable|spa|1\n|-boost|p1a: Clefable|spd|1\n|\n|upkeep\n|turn|8\n|\n|t:|1700167420\n|move|p2a: Yuki|Thunder Wave|p1a: Clefable\n|-status|p1a: Clefable|par\n|move|p1a: Clefable|Flamethrower|p2a: Yuki\n|-supereffective|p2a: Yuki\n|-damage|p2a: Yuki|0 fnt\n|-start|p1a: Clefable|Disable|Flamethrower|[from] ability: Cursed Body|[of] p2a: Yuki\n|faint|p2a: Yuki\n|\n|upkeep\n|\n|t:|1700167457\n|switch|p2a: Justin|Infernape, M|100\/100\n|turn|9\n|\n|t:|1700167470\n|move|p2a: Justin|Fire Punch|p1a: Clefable\n|-crit|p1a: Clefable\n|-damage|p1a: Clefable|38\/100 par\n|move|p1a: Clefable|Moonblast|p2a: Justin\n|-damage|p2a: Justin|8\/100\n|-unboost|p2a: Justin|spa|1\n|\n|-heal|p1a: Clefable|44\/100 par|[from] item: Leftovers\n|upkeep\n|turn|10\n|\n|t:|1700167483\n|move|p2a: Justin|Fire Punch|p1a: Clefable\n|-damage|p1a: Clefable|0 fnt\n|faint|p1a: Clefable\n|\n|upkeep\n|\n|t:|1700167490\n|switch|p1a: Dragonite|Dragonite, F|100\/100\n|turn|11\n|\n|t:|1700167494\n|move|p2a: Justin|U-turn|p1a: Dragonite\n|-resisted|p1a: Dragonite\n|-damage|p1a: Dragonite|94\/100\n|\n|t:|1700167498\n|switch|p2a: Zelda|Gardevoir, F|100\/100|[from] U-turn\n|-ability|p2a: Zelda|Multiscale|[from] ability: Trace|[of] p1a: Dragonite\n|move|p1a: Dragonite|Earthquake|p2a: Zelda\n|-damage|p2a: Zelda|68\/100\n|\n|-heal|p1a: Dragonite|100\/100|[from] item: Leftovers\n|upkeep\n|turn|12\n|\n|t:|1700167512\n|switch|p1a: Golem|Golem, F|88\/100\n|move|p2a: Zelda|Moonblast|p1a: Golem\n|-damage|p1a: Golem|27\/100\n|\n|-heal|p1a: Golem|33\/100|[from] item: Leftovers\n|upkeep\n|turn|13\n|\n|t:|1700167522\n|move|p2a: Zelda|Moonblast|p1a: Golem\n|-damage|p1a: Golem|0 fnt\n|faint|p1a: Golem\n|\n|upkeep\n|\n|t:|1700167527\n|switch|p1a: Snorlax|Snorlax, F|100\/100\n|turn|14\n|\n|t:|1700167541\n|switch|p2a: Mitsuki|Umbreon, M|100\/100\n|move|p1a: Snorlax|Body Slam|p2a: Mitsuki\n|-damage|p2a: Mitsuki|72\/100\n|\n|-heal|p2a: Mitsuki|78\/100|[from] item: Leftovers\n|upkeep\n|turn|15\n|\n|t:|1700167550\n|switch|p1a: Weezing|Weezing, F|100\/100\n|move|p2a: Mitsuki|Toxic|p1a: Weezing\n|-immune|p1a: Weezing\n|\n|-heal|p2a: Mitsuki|84\/100|[from] item: Leftovers\n|upkeep\n|turn|16\n|\n|t:|1700167562\n|switch|p2a: Sora|Altaria, F|100\/100\n|move|p1a: Weezing|Toxic|p2a: Sora\n|-status|p2a: Sora|tox\n|\n|-damage|p2a: Sora|94\/100 tox|[from] psn\n|upkeep\n|turn|17\n|\n|t:|1700167571\n|move|p2a: Sora|Draco Meteor|p1a: Weezing\n|-damage|p1a: Weezing|58\/100\n|-unboost|p2a: Sora|spa|2\n|move|p1a: Weezing|Stockpile|p1a: Weezing\n|-start|p1a: Weezing|stockpile1\n|-boost|p1a: Weezing|def|1\n|-boost|p1a: Weezing|spd|1\n|\n|-heal|p1a: Weezing|64\/100|[from] item: Black Sludge\n|-damage|p2a: Sora|82\/100 tox|[from] psn\n|upkeep\n|turn|18\n|\n|t:|1700167588\n|move|p1a: Weezing|Stockpile|p1a: Weezing\n|-start|p1a: Weezing|stockpile2\n|-boost|p1a: Weezing|def|1\n|-boost|p1a: Weezing|spd|1\n|move|p2a: Sora|Roar|p1a: Weezing\n|drag|p1a: Snorlax|Snorlax, F|100\/100\n|\n|-damage|p2a: Sora|63\/100 tox|[from] psn\n|upkeep\n|turn|19\n|\n|t:|1700167599\n|-curestatus|p2a: Sora|tox|[from] ability: Natural Cure\n|switch|p2a: Mitsuki|Umbreon, M|84\/100\n|move|p1a: Snorlax|Body Slam|p2a: Mitsuki\n|-damage|p2a: Mitsuki|54\/100\n|-status|p2a: Mitsuki|par\n|\n|-heal|p2a: Mitsuki|60\/100 par|[from] item: Leftovers\n|upkeep\n|turn|20\n|\n|t:|1700167610\n|move|p1a: Snorlax|Heat Crash|p2a: Mitsuki\n|-damage|p2a: Mitsuki|31\/100 par\n|move|p2a: Mitsuki|Foul Play|p1a: Snorlax\n|-crit|p1a: Snorlax\n|-damage|p1a: Snorlax|42\/100\n|\n|-heal|p1a: Snorlax|48\/100|[from] item: Leftovers\n|-heal|p2a: Mitsuki|37\/100 par|[from] item: Leftovers\n|upkeep\n|turn|21\n|\n|t:|1700167620\n|move|p1a: Snorlax|Body Slam|p2a: Mitsuki\n|-damage|p2a: Mitsuki|9\/100 par\n|move|p2a: Mitsuki|Wish|p2a: Mitsuki\n|\n|-heal|p1a: Snorlax|54\/100|[from] item: Leftovers\n|-heal|p2a: Mitsuki|15\/100 par|[from] item: Leftovers\n|upkeep\n|turn|22\n|\n|t:|1700167629\n|move|p2a: Mitsuki|Protect|p2a: Mitsuki\n|-singleturn|p2a: Mitsuki|Protect\n|move|p1a: Snorlax|Body Slam|p2a: Mitsuki\n|-activate|p2a: Mitsuki|move: Protect\n|\n|-heal|p2a: Mitsuki|65\/100 par|[from] move: Wish|[wisher] Mitsuki\n|-heal|p1a: Snorlax|60\/100|[from] item: Leftovers\n|-heal|p2a: Mitsuki|71\/100 par|[from] item: Leftovers\n|upkeep\n|turn|23\n|\n|t:|1700167640\n|move|p1a: Snorlax|Heat Crash|p2a: Mitsuki\n|-damage|p2a: Mitsuki|45\/100 par\n|cant|p2a: Mitsuki|par\n|\n|-heal|p1a: Snorlax|66\/100|[from] item: Leftovers\n|-heal|p2a: Mitsuki|52\/100 par|[from] item: Leftovers\n|upkeep\n|turn|24\n|\n|t:|1700167649\n|move|p1a: Snorlax|Body Slam|p2a: Mitsuki\n|-damage|p2a: Mitsuki|23\/100 par\n|move|p2a: Mitsuki|Wish|p2a: Mitsuki\n|\n|-heal|p1a: Snorlax|73\/100|[from] item: Leftovers\n|-heal|p2a: Mitsuki|29\/100 par|[from] item: Leftovers\n|upkeep\n|turn|25\n|\n|t:|1700167663\n|move|p2a: Mitsuki|Protect|p2a: Mitsuki\n|-singleturn|p2a: Mitsuki|Protect\n|move|p1a: Snorlax|Body Slam|p2a: Mitsuki\n|-activate|p2a: Mitsuki|move: Protect\n|\n|-heal|p2a: Mitsuki|79\/100 par|[from] move: Wish|[wisher] Mitsuki\n|-heal|p1a: Snorlax|79\/100|[from] item: Leftovers\n|-heal|p2a: Mitsuki|85\/100 par|[from] item: Leftovers\n|upkeep\n|turn|26\n|\n|t:|1700167674\n|move|p1a: Snorlax|Body Slam|p2a: Mitsuki\n|-damage|p2a: Mitsuki|55\/100 par\n|cant|p2a: Mitsuki|par\n|\n|-heal|p1a: Snorlax|85\/100|[from] item: Leftovers\n|-heal|p2a: Mitsuki|61\/100 par|[from] item: Leftovers\n|upkeep\n|turn|27\n|\n|t:|1700167684\n|move|p1a: Snorlax|Body Slam|p2a: Mitsuki\n|-damage|p2a: Mitsuki|34\/100 par\n|move|p2a: Mitsuki|Wish|p2a: Mitsuki\n|\n|-heal|p1a: Snorlax|91\/100|[from] item: Leftovers\n|-heal|p2a: Mitsuki|40\/100 par|[from] item: Leftovers\n|upkeep\n|turn|28\n|\n|t:|1700167692\n|move|p1a: Snorlax|Body Slam|p2a: Mitsuki\n|-damage|p2a: Mitsuki|10\/100 par\n|move|p2a: Mitsuki|Foul Play|p1a: Snorlax\n|-damage|p1a: Snorlax|52\/100\n|\n|-heal|p2a: Mitsuki|60\/100 par|[from] move: Wish|[wisher] Mitsuki\n|-heal|p1a: Snorlax|58\/100|[from] item: Leftovers\n|-heal|p2a: Mitsuki|66\/100 par|[from] item: Leftovers\n|upkeep\n|turn|29\n|\n|t:|1700167704\n|move|p1a: Snorlax|Body Slam|p2a: Mitsuki\n|-damage|p2a: Mitsuki|38\/100 par\n|move|p2a: Mitsuki|Wish|p2a: Mitsuki\n|\n|-heal|p1a: Snorlax|64\/100|[from] item: Leftovers\n|-heal|p2a: Mitsuki|44\/100 par|[from] item: Leftovers\n|upkeep\n|turn|30\n|\n|t:|1700167712\n|move|p1a: Snorlax|Body Slam|p2a: Mitsuki\n|-damage|p2a: Mitsuki|15\/100 par\n|move|p2a: Mitsuki|Foul Play|p1a: Snorlax\n|-damage|p1a: Snorlax|28\/100\n|\n|-heal|p2a: Mitsuki|65\/100 par|[from] move: Wish|[wisher] Mitsuki\n|-heal|p1a: Snorlax|34\/100|[from] item: Leftovers\n|-heal|p2a: Mitsuki|72\/100 par|[from] item: Leftovers\n|upkeep\n|turn|31\n|\n|t:|1700167724\n|move|p1a: Snorlax|Rest|p1a: Snorlax\n|-status|p1a: Snorlax|slp|[from] move: Rest\n|-heal|p1a: Snorlax|100\/100 slp|[silent]\n|cant|p2a: Mitsuki|par\n|\n|-heal|p2a: Mitsuki|78\/100 par|[from] item: Leftovers\n|upkeep\n|turn|32\n|\n|t:|1700167733\n|switch|p2a: Justin|Infernape, M|8\/100\n|cant|p1a: Snorlax|slp\n|move|p1a: Snorlax|Sleep Talk|p1a: Snorlax\n|move|p1a: Snorlax|Heat Crash|p2a: Justin|[from]move: Sleep Talk\n|-resisted|p2a: Justin\n|-damage|p2a: Justin|0 fnt\n|faint|p2a: Justin\n|\n|upkeep\n|\n|t:|1700167778\n|switch|p2a: Mitsuki|Umbreon, M|78\/100 par\n|turn|33\n|inactive|Battle timer is ON: inactive players will automatically lose when time's up. (requested by Icefanngs)\n|\n|t:|1700167844\n|cant|p1a: Snorlax|slp\n|move|p2a: Mitsuki|Foul Play|p1a: Snorlax\n|-damage|p1a: Snorlax|61\/100 slp\n|\n|-heal|p1a: Snorlax|67\/100 slp|[from] item: Leftovers\n|-heal|p2a: Mitsuki|84\/100 par|[from] item: Leftovers\n|upkeep\n|turn|34\n|\n|t:|1700167853\n|-curestatus|p1a: Snorlax|slp|[msg]\n|move|p1a: Snorlax|Body Slam|p2a: Mitsuki\n|-damage|p2a: Mitsuki|55\/100 par\n|move|p2a: Mitsuki|Foul Play|p1a: Snorlax\n|-damage|p1a: Snorlax|28\/100\n|\n|-heal|p1a: Snorlax|34\/100|[from] item: Leftovers\n|-heal|p2a: Mitsuki|61\/100 par|[from] item: Leftovers\n|upkeep\n|turn|35\n|\n|t:|1700167865\n|move|p1a: Snorlax|Rest|p1a: Snorlax\n|-status|p1a: Snorlax|slp|[from] move: Rest\n|-heal|p1a: Snorlax|100\/100 slp|[silent]\n|move|p2a: Mitsuki|Foul Play|p1a: Snorlax\n|-damage|p1a: Snorlax|62\/100 slp\n|\n|-heal|p1a: Snorlax|68\/100 slp|[from] item: Leftovers\n|-heal|p2a: Mitsuki|67\/100 par|[from] item: Leftovers\n|upkeep\n|turn|36\n|\n|t:|1700167877\n|cant|p1a: Snorlax|slp\n|move|p1a: Snorlax|Sleep Talk|p1a: Snorlax\n|move|p1a: Snorlax|Rest||[from]move: Sleep Talk|[still]\n|-fail|p1a: Snorlax\n|move|p2a: Mitsuki|Foul Play|p1a: Snorlax\n|-damage|p1a: Snorlax|31\/100 slp\n|\n|-heal|p1a: Snorlax|37\/100 slp|[from] item: Leftovers\n|-heal|p2a: Mitsuki|73\/100 par|[from] item: Leftovers\n|upkeep\n|turn|37\n|\n|t:|1700167891\n|cant|p1a: Snorlax|slp\n|move|p1a: Snorlax|Sleep Talk|p1a: Snorlax\n|move|p1a: Snorlax|Rest||[from]move: Sleep Talk|[still]\n|-fail|p1a: Snorlax\n|move|p2a: Mitsuki|Foul Play|p1a: Snorlax\n|-damage|p1a: Snorlax|0 fnt\n|faint|p1a: Snorlax\n|\n|-heal|p2a: Mitsuki|79\/100 par|[from] item: Leftovers\n|upkeep\n|\n|t:|1700167903\n|switch|p1a: Weezing|Weezing, F|64\/100\n|turn|38\n|\n|t:|1700167908\n|move|p1a: Weezing|Heat Wave|p2a: Mitsuki\n|-damage|p2a: Mitsuki|64\/100 par\n|move|p2a: Mitsuki|Foul Play|p1a: Weezing\n|-damage|p1a: Weezing|44\/100\n|\n|-heal|p1a: Weezing|50\/100|[from] item: Black Sludge\n|-heal|p2a: Mitsuki|70\/100 par|[from] item: Leftovers\n|upkeep\n|turn|39\n|\n|t:|1700167918\n|switch|p2a: Zelda|Gardevoir, F|68\/100\n|-ability|p2a: Zelda|Levitate|[from] ability: Trace|[of] p1a: Weezing\n|move|p1a: Weezing|Heat Wave|p2a: Zelda\n|-damage|p2a: Zelda|41\/100\n|\n|-heal|p1a: Weezing|56\/100|[from] item: Black Sludge\n|upkeep\n|turn|40\n|\n|t:|1700167929\n|move|p2a: Zelda|Psychic|p1a: Weezing\n|-supereffective|p1a: Weezing\n|-damage|p1a: Weezing|0 fnt\n|faint|p1a: Weezing\n|\n|upkeep\n|-message|yokashi tokotetas forfeited.\n|\n|win|Icefanngs\n|raw|yokashi tokotetas's rating: 1040 &rarr; <strong>1028<\/strong><br \/>(-12 for losing)\n|raw|Icefanngs's rating: 1139 &rarr; <strong>1157<\/strong><br \/>(+18 for winning)\n|l|\u2606yokashi tokotetas\n","uploadtime":1700167945,"views":18,"p1id":"yokashitokotetas","p2id":"icefanngs","formatid":"gen9ou","rating":1028,"private":0,"password":""}