{"id":"gen9ou-1992404998","p1":"ApostleMC","p2":"PLAYB0I R0BBIE B","format":"[Gen 9] OU","log":"|j|\u2606ApostleMC\n|j|\u2606PLAYB0I R0BBIE B\n|t:|1700183708\n|gametype|singles\n|player|p1|ApostleMC|cynthia|1318\n|player|p2|PLAYB0I R0BBIE B|eusine|1273\n|teamsize|p1|6\n|teamsize|p2|6\n|gen|9\n|tier|[Gen 9] OU\n|rated|\n|rule|Sleep Clause Mod: Limit one foe put to sleep\n|rule|Species Clause: Limit one of each Pok\u00e9mon\n|rule|OHKO Clause: OHKO moves are banned\n|rule|Evasion Items Clause: Evasion items are banned\n|rule|Evasion Moves Clause: Evasion moves are banned\n|rule|Endless Battle Clause: Forcing endless battles is banned\n|rule|HP Percentage Mod: HP is shown in percentages\n|clearpoke\n|poke|p1|Rillaboom, M|\n|poke|p1|Sneasler, F|\n|poke|p1|Enamorus, F|\n|poke|p1|Gholdengo|\n|poke|p1|Samurott-Hisui, M|\n|poke|p1|Zapdos|\n|poke|p2|Meowscarada, F|\n|poke|p2|Thundurus-Therian, M|\n|poke|p2|Dragapult, F|\n|poke|p2|Heatran, F|\n|poke|p2|Great Tusk|\n|poke|p2|Slowking-Galar, F|\n|teampreview\n|inactive|Battle timer is ON: inactive players will automatically lose when time's up. (requested by ApostleMC)\n|\n|t:|1700183733\n|start\n|switch|p1a: Zapdos|Zapdos|100\/100\n|switch|p2a: SICKO MODE|Meowscarada, F|100\/100\n|turn|1\n|\n|t:|1700183753\n|switch|p2a: WAKE UP|Slowking-Galar, F|100\/100\n|move|p1a: Zapdos|Volt Switch|p2a: WAKE UP\n|-damage|p2a: WAKE UP|87\/100\n|\n|t:|1700183759\n|switch|p1a: Samurott|Samurott-Hisui, M|100\/100|[from] Volt Switch\n|\n|upkeep\n|turn|2\n|\n|t:|1700183767\n|switch|p2a: SICKO MODE|Meowscarada, F|100\/100\n|move|p1a: Samurott|Ceaseless Edge|p2a: SICKO MODE\n|-resisted|p2a: SICKO MODE\n|-damage|p2a: SICKO MODE|69\/100\n|-sidestart|p2: PLAYB0I R0BBIE B|Spikes\n|\n|upkeep\n|turn|3\n|\n|t:|1700183778\n|switch|p1a: Zapdos|Zapdos|100\/100\n|move|p2a: SICKO MODE|U-turn|p1a: Zapdos\n|-start|p2a: SICKO MODE|typechange|Bug|[from] ability: Protean\n|-resisted|p1a: Zapdos\n|-damage|p1a: Zapdos|79\/100\n|\n|t:|1700183786\n|switch|p2a: ASTROTHUNDER|Thundurus-Therian, M|100\/100|[from] U-turn\n|\n|upkeep\n|turn|4\n|inactive|ApostleMC has 120 seconds left.\n|\n|t:|1700183828\n|move|p2a: ASTROTHUNDER|Tera Blast|p1a: Zapdos\n|-damage|p1a: Zapdos|34\/100\n|move|p1a: Zapdos|Roost|p1a: Zapdos\n|-heal|p1a: Zapdos|84\/100\n|-singleturn|p1a: Zapdos|move: Roost\n|\n|upkeep\n|turn|5\n|\n|t:|1700183845\n|move|p2a: ASTROTHUNDER|Tera Blast|p1a: Zapdos\n|-damage|p1a: Zapdos|41\/100\n|move|p1a: Zapdos|Heat Wave|p2a: ASTROTHUNDER|[miss]\n|-miss|p1a: Zapdos|p2a: ASTROTHUNDER\n|\n|upkeep\n|turn|6\n|inactive|ApostleMC has 90 seconds left.\n|\n|t:|1700183882\n|move|p2a: ASTROTHUNDER|Tera Blast|p1a: Zapdos\n|-damage|p1a: Zapdos|0 fnt\n|faint|p1a: Zapdos\n|\n|upkeep\n|\n|t:|1700183895\n|switch|p1a: Gholdengo|Gholdengo|100\/100\n|-item|p1a: Gholdengo|Air Balloon\n|turn|7\n|inactive|ApostleMC has 60 seconds left.\n|\n|t:|1700183925\n|-terastallize|p2a: ASTROTHUNDER|Flying\n|move|p2a: ASTROTHUNDER|Tera Blast|p1a: Gholdengo|[anim] Tera Blast Flying\n|-resisted|p1a: Gholdengo\n|-damage|p1a: Gholdengo|49\/100\n|-enditem|p1a: Gholdengo|Air Balloon\n|move|p1a: Gholdengo|Shadow Ball|p2a: ASTROTHUNDER\n|-damage|p2a: ASTROTHUNDER|41\/100\n|\n|upkeep\n|turn|8\n|inactive|ApostleMC has 60 seconds left.\n|\n|t:|1700183953\n|move|p2a: ASTROTHUNDER|Tera Blast|p1a: Gholdengo|[anim] Tera Blast Flying\n|-resisted|p1a: Gholdengo\n|-damage|p1a: Gholdengo|0 fnt\n|faint|p1a: Gholdengo\n|\n|upkeep\n|\n|t:|1700183963\n|switch|p1a: Samurott|Samurott-Hisui, M|100\/100\n|turn|9\n|\n|t:|1700183971\n|move|p1a: Samurott|Aqua Jet|p2a: ASTROTHUNDER\n|-damage|p2a: ASTROTHUNDER|12\/100\n|move|p2a: ASTROTHUNDER|Tera Blast|p1a: Samurott|[anim] Tera Blast Flying\n|-enditem|p1a: Samurott|Focus Sash\n|-damage|p1a: Samurott|1\/100\n|\n|upkeep\n|turn|10\n|\n|t:|1700183980\n|switch|p2a: NO BYSTANDERS|Dragapult, F|100\/100\n|move|p1a: Samurott|Aqua Jet|p2a: NO BYSTANDERS\n|-resisted|p2a: NO BYSTANDERS\n|-damage|p2a: NO BYSTANDERS|86\/100\n|\n|upkeep\n|turn|11\n|\n|t:|1700183985\n|move|p1a: Samurott|Aqua Jet|p2a: NO BYSTANDERS\n|-resisted|p2a: NO BYSTANDERS\n|-damage|p2a: NO BYSTANDERS|73\/100\n|move|p2a: NO BYSTANDERS|U-turn|p1a: Samurott\n|-supereffective|p1a: Samurott\n|-damage|p1a: Samurott|0 fnt\n|faint|p1a: Samurott\n|\n|t:|1700183998\n|switch|p2a: 5% TINT|Heatran, F|100\/100|[from] U-turn\n|-item|p2a: 5% TINT|Air Balloon\n|\n|upkeep\n|\n|t:|1700184004\n|switch|p1a: Rillaboom|Rillaboom, M|100\/100\n|-fieldstart|move: Grassy Terrain|[from] ability: Grassy Surge|[of] p1a: Rillaboom\n|turn|12\n|\n|t:|1700184008\n|move|p1a: Rillaboom|U-turn|p2a: 5% TINT\n|-resisted|p2a: 5% TINT\n|-damage|p2a: 5% TINT|91\/100\n|-enditem|p2a: 5% TINT|Air Balloon\n|\n|t:|1700184012\n|switch|p1a: Sneasler|Sneasler, F|100\/100|[from] U-turn\n|-enditem|p1a: Sneasler|Grassy Seed\n|-boost|p1a: Sneasler|def|1|[from] item: Grassy Seed\n|move|p2a: 5% TINT|Magma Storm|p1a: Sneasler\n|-damage|p1a: Sneasler|25\/100\n|-activate|p1a: Sneasler|move: Magma Storm|[of] p2a: 5% TINT\n|\n|-heal|p1a: Sneasler|31\/100|[from] Grassy Terrain\n|-heal|p2a: 5% TINT|97\/100|[from] Grassy Terrain\n|-damage|p1a: Sneasler|18\/100|[from] move: Magma Storm|[partiallytrapped]\n|upkeep\n|turn|13\n|\n|t:|1700184025\n|switch|p2a: WAKE UP|Slowking-Galar, F|100\/100\n|-damage|p2a: WAKE UP|88\/100|[from] Spikes\n|move|p1a: Sneasler|Close Combat|p2a: WAKE UP\n|-resisted|p2a: WAKE UP\n|-damage|p2a: WAKE UP|71\/100\n|-unboost|p1a: Sneasler|def|1\n|-unboost|p1a: Sneasler|spd|1\n|\n|-heal|p1a: Sneasler|24\/100|[from] Grassy Terrain\n|-heal|p2a: WAKE UP|77\/100|[from] Grassy Terrain\n|-end|p1a: Sneasler|Magma Storm|[partiallytrapped]|[silent]\n|upkeep\n|turn|14\n|inactive|ApostleMC has 60 seconds left.\n|\n|t:|1700184049\n|move|p1a: Sneasler|Swords Dance|p1a: Sneasler\n|-boost|p1a: Sneasler|atk|2\n|move|p2a: WAKE UP|Sludge Bomb|p1a: Sneasler\n|-resisted|p1a: Sneasler\n|-damage|p1a: Sneasler|0 fnt\n|faint|p1a: Sneasler\n|\n|-heal|p2a: WAKE UP|83\/100|[from] Grassy Terrain\n|upkeep\n|inactive|ApostleMC has 60 seconds left.\n|\n|t:|1700184061\n|switch|p1a: Rillaboom|Rillaboom, M|100\/100\n|turn|15\n|inactive|ApostleMC has 60 seconds left.\n|\n|t:|1700184069\n|move|p1a: Rillaboom|Knock Off|p2a: WAKE UP\n|-supereffective|p2a: WAKE UP\n|-damage|p2a: WAKE UP|0 fnt\n|-enditem|p2a: WAKE UP|Assault Vest|[from] move: Knock Off|[of] p1a: Rillaboom\n|faint|p2a: WAKE UP\n|\n|upkeep\n|\n|t:|1700184073\n|switch|p2a: SICKO MODE|Meowscarada, F|69\/100\n|-damage|p2a: SICKO MODE|56\/100|[from] Spikes\n|turn|16\n|\n|t:|1700184079\n|switch|p1a: Enamorus|Enamorus, F|100\/100\n|move|p2a: SICKO MODE|U-turn|p1a: Enamorus\n|-start|p2a: SICKO MODE|typechange|Bug|[from] ability: Protean\n|-resisted|p1a: Enamorus\n|-damage|p1a: Enamorus|83\/100\n|\n|t:|1700184084\n|switch|p2a: ASTROTHUNDER|Thundurus-Therian, M, tera:Flying|12\/100|[from] U-turn\n|\n|-fieldend|move: Grassy Terrain\n|upkeep\n|turn|17\n|\n|t:|1700184099\n|-terastallize|p1a: Enamorus|Fairy\n|move|p1a: Enamorus|Moonblast|p2a: ASTROTHUNDER\n|-damage|p2a: ASTROTHUNDER|0 fnt\n|faint|p2a: ASTROTHUNDER\n|\n|upkeep\n|\n|t:|1700184106\n|switch|p2a: 5% TINT|Heatran, F|97\/100\n|-damage|p2a: 5% TINT|85\/100|[from] Spikes\n|turn|18\n|\n|t:|1700184111\n|move|p1a: Enamorus|Earth Power|p2a: 5% TINT\n|-supereffective|p2a: 5% TINT\n|-damage|p2a: 5% TINT|0 fnt\n|faint|p2a: 5% TINT\n|\n|upkeep\n|\n|t:|1700184117\n|switch|p2a: SICKO MODE|Meowscarada, F|56\/100\n|-damage|p2a: SICKO MODE|44\/100|[from] Spikes\n|turn|19\n|\n|t:|1700184121\n|move|p2a: SICKO MODE|Flower Trick|p1a: Enamorus\n|-start|p2a: SICKO MODE|typechange|Grass|[from] ability: Protean\n|-crit|p1a: Enamorus\n|-damage|p1a: Enamorus|0 fnt\n|faint|p1a: Enamorus\n|\n|upkeep\n|c|\u2606ApostleMC|cool\n|\n|t:|1700184130\n|switch|p1a: Rillaboom|Rillaboom, M|100\/100\n|-fieldstart|move: Grassy Terrain|[from] ability: Grassy Surge|[of] p1a: Rillaboom\n|turn|20\n|\n|t:|1700184135\n|switch|p2a: YOSEMITE|Great Tusk|100\/100\n|move|p1a: Rillaboom|U-turn|p2a: YOSEMITE\n|-resisted|p2a: YOSEMITE\n|-damage|p2a: YOSEMITE|87\/100\n|\n|-heal|p2a: YOSEMITE|93\/100|[from] Grassy Terrain\n|upkeep\n|turn|21\n|-message|ApostleMC forfeited.\n|\n|win|PLAYB0I R0BBIE B\n|raw|ApostleMC's rating: 1318 &rarr; <strong>1295<\/strong><br \/>(-23 for losing)\n|raw|PLAYB0I R0BBIE B's rating: 1273 &rarr; <strong>1301<\/strong><br \/>(+28 for winning)\n|l|\u2606ApostleMC\n","uploadtime":1700184147,"views":7,"p1id":"apostlemc","p2id":"playb0ir0bbieb","formatid":"gen9ou","rating":1295,"private":0,"password":""}