{"id":"gen9ou-1997534688","p1":"StinkyBinky609","p2":"Kloxin","format":"[Gen 9] OU","log":"|j|\u2606StinkyBinky609\n|j|\u2606Kloxin\n|t:|1700821654\n|gametype|singles\n|player|p1|StinkyBinky609|drayden|1156\n|player|p2|Kloxin|acetrainer-gen4|1068\n|teamsize|p1|6\n|teamsize|p2|6\n|gen|9\n|tier|[Gen 9] OU\n|rated|\n|rule|Sleep Clause Mod: Limit one foe put to sleep\n|rule|Species Clause: Limit one of each Pok\u00e9mon\n|rule|OHKO Clause: OHKO moves are banned\n|rule|Evasion Items Clause: Evasion items are banned\n|rule|Evasion Moves Clause: Evasion moves are banned\n|rule|Endless Battle Clause: Forcing endless battles is banned\n|rule|HP Percentage Mod: HP is shown in percentages\n|clearpoke\n|poke|p1|Great Tusk|\n|poke|p1|Chandelure, F|\n|poke|p1|Kilowattrel, M|\n|poke|p1|Iron Valiant|\n|poke|p1|Piloswine, M|\n|poke|p1|Dragapult, M|\n|poke|p2|Salazzle, F|\n|poke|p2|Sylveon, M|\n|poke|p2|Ninetales, M|\n|poke|p2|Scatterbug, F|\n|poke|p2|Grimmsnarl, M|\n|poke|p2|Trevenant, M|\n|teampreview\n|\n|t:|1700821664\n|start\n|switch|p1a: Small Tusk|Piloswine, M|100\/100\n|switch|p2a: Scatterbug|Scatterbug, F, shiny|100\/100\n|turn|1\n|\n|t:|1700821670\n|move|p1a: Small Tusk|Icicle Crash|p2a: Scatterbug\n|-damage|p2a: Scatterbug|41\/100\n|move|p2a: Scatterbug|Stun Spore|p1a: Small Tusk\n|-status|p1a: Small Tusk|par\n|\n|upkeep\n|turn|2\n|\n|t:|1700821678\n|move|p2a: Scatterbug|String Shot|p1a: Small Tusk\n|-unboost|p1a: Small Tusk|spe|2\n|move|p1a: Small Tusk|Icicle Crash|p2a: Scatterbug\n|-damage|p2a: Scatterbug|0 fnt\n|faint|p2a: Scatterbug\n|\n|upkeep\n|\n|t:|1700821686\n|switch|p2a: Ninetales|Ninetales, M, shiny|100\/100\n|-weather|SunnyDay|[from] ability: Drought|[of] p2a: Ninetales\n|turn|3\n|\n|t:|1700821692\n|move|p2a: Ninetales|Fire Blast|p1a: Small Tusk|[miss]\n|-miss|p2a: Ninetales|p1a: Small Tusk\n|move|p1a: Small Tusk|Earthquake|p2a: Ninetales\n|-supereffective|p2a: Ninetales\n|-damage|p2a: Ninetales|0 fnt\n|faint|p2a: Ninetales\n|\n|-weather|SunnyDay|[upkeep]\n|upkeep\n|\n|t:|1700821700\n|switch|p2a: Trevenant|Trevenant, M, shiny|100\/100\n|turn|4\n|\n|t:|1700821704\n|move|p2a: Trevenant|Substitute|p2a: Trevenant\n|-start|p2a: Trevenant|Substitute\n|-damage|p2a: Trevenant|75\/100\n|move|p1a: Small Tusk|Icicle Crash|p2a: Trevenant\n|-supereffective|p2a: Trevenant\n|-end|p2a: Trevenant|Substitute\n|\n|-weather|SunnyDay|[upkeep]\n|upkeep\n|turn|5\n|\n|t:|1700821710\n|move|p1a: Small Tusk|Ice Shard|p2a: Trevenant\n|-supereffective|p2a: Trevenant\n|-damage|p2a: Trevenant|33\/100\n|move|p2a: Trevenant|Leech Seed|p1a: Small Tusk\n|-start|p1a: Small Tusk|move: Leech Seed\n|\n|-weather|SunnyDay|[upkeep]\n|-damage|p1a: Small Tusk|88\/100 par|[from] Leech Seed|[of] p2a: Trevenant\n|-heal|p2a: Trevenant|46\/100|[silent]\n|upkeep\n|turn|6\n|\n|t:|1700821719\n|move|p1a: Small Tusk|Ice Shard|p2a: Trevenant\n|-supereffective|p2a: Trevenant\n|-damage|p2a: Trevenant|1\/100\n|-enditem|p2a: Trevenant|Aguav Berry|[eat]\n|-heal|p2a: Trevenant|34\/100|[from] item: Aguav Berry\n|move|p2a: Trevenant|Substitute|p2a: Trevenant\n|-start|p2a: Trevenant|Substitute\n|-damage|p2a: Trevenant|9\/100\n|\n|-weather|SunnyDay|[upkeep]\n|-damage|p1a: Small Tusk|76\/100 par|[from] Leech Seed|[of] p2a: Trevenant\n|-heal|p2a: Trevenant|23\/100|[silent]\n|-item|p2a: Trevenant|Aguav Berry|[from] ability: Harvest\n|upkeep\n|-enditem|p2a: Trevenant|Aguav Berry|[eat]\n|-heal|p2a: Trevenant|56\/100|[from] item: Aguav Berry\n|turn|7\n|\n|t:|1700821732\n|switch|p1a: Dre|Dragapult, M|100\/100\n|move|p2a: Trevenant|Drain Punch|p1a: Dre\n|-immune|p1a: Dre\n|\n|-weather|none\n|-item|p2a: Trevenant|Aguav Berry|[from] ability: Harvest\n|upkeep\n|turn|8\n|\n|t:|1700821740\n|move|p1a: Dre|Shadow Ball|p2a: Trevenant\n|-supereffective|p2a: Trevenant\n|-damage|p2a: Trevenant|2\/100\n|-enditem|p2a: Trevenant|Aguav Berry|[eat]\n|-heal|p2a: Trevenant|35\/100|[from] item: Aguav Berry\n|move|p2a: Trevenant|Leech Seed|p1a: Dre\n|-start|p1a: Dre|move: Leech Seed\n|\n|-damage|p1a: Dre|88\/100|[from] Leech Seed|[of] p2a: Trevenant\n|-heal|p2a: Trevenant|46\/100|[silent]\n|-item|p2a: Trevenant|Aguav Berry|[from] ability: Harvest\n|upkeep\n|turn|9\n|\n|t:|1700821752\n|move|p1a: Dre|Shadow Ball|p2a: Trevenant\n|-supereffective|p2a: Trevenant\n|-damage|p2a: Trevenant|0 fnt\n|faint|p2a: Trevenant\n|\n|upkeep\n|\n|t:|1700821758\n|switch|p2a: Grimmsnarl|Grimmsnarl, M, shiny|100\/100\n|turn|10\n|\n|t:|1700821761\n|switch|p1a: Small Tusk|Piloswine, M|76\/100 par\n|move|p2a: Grimmsnarl|Light Screen|p2a: Grimmsnarl\n|-sidestart|p2: Kloxin|move: Light Screen\n|\n|upkeep\n|turn|11\n|\n|t:|1700821765\n|move|p2a: Grimmsnarl|Reflect|p2a: Grimmsnarl\n|-sidestart|p2: Kloxin|Reflect\n|cant|p1a: Small Tusk|par\n|\n|upkeep\n|turn|12\n|\n|t:|1700821769\n|move|p2a: Grimmsnarl|Parting Shot|p1a: Small Tusk\n|-unboost|p1a: Small Tusk|atk|1\n|-unboost|p1a: Small Tusk|spa|1\n|\n|t:|1700821773\n|switch|p2a: Sylveon|Sylveon, M, shiny|100\/100|[from] Parting Shot\n|cant|p1a: Small Tusk|par\n|\n|upkeep\n|turn|13\n|\n|t:|1700821779\n|move|p2a: Sylveon|Calm Mind|p2a: Sylveon\n|-boost|p2a: Sylveon|spa|1\n|-boost|p2a: Sylveon|spd|1\n|move|p1a: Small Tusk|Scary Face|p2a: Sylveon\n|-unboost|p2a: Sylveon|spe|2\n|\n|upkeep\n|turn|14\n|\n|t:|1700821785\n|move|p2a: Sylveon|Calm Mind|p2a: Sylveon\n|-boost|p2a: Sylveon|spa|1\n|-boost|p2a: Sylveon|spd|1\n|cant|p1a: Small Tusk|par\n|\n|-sideend|p2: Kloxin|move: Light Screen\n|upkeep\n|turn|15\n|\n|t:|1700821790\n|switch|p1a: Chandy|Chandelure, F|100\/100\n|move|p2a: Sylveon|Calm Mind|p2a: Sylveon\n|-boost|p2a: Sylveon|spa|1\n|-boost|p2a: Sylveon|spd|1\n|\n|-sideend|p2: Kloxin|Reflect\n|upkeep\n|turn|16\n|\n|t:|1700821796\n|move|p1a: Chandy|Trick|p2a: Sylveon\n|-activate|p1a: Chandy|move: Trick|[of] p2a: Sylveon\n|-item|p2a: Sylveon|Choice Specs|[from] move: Trick\n|-enditem|p1a: Chandy|Choice Specs|[silent]|[from] move: Trick\n|move|p2a: Sylveon|Hyper Voice|p1a: Chandy\n|-resisted|p1a: Chandy\n|-damage|p1a: Chandy|0 fnt\n|faint|p1a: Chandy\n|\n|upkeep\n|\n|t:|1700821812\n|switch|p1a: Elon Musk|Great Tusk|100\/100\n|turn|17\n|\n|t:|1700821815\n|move|p1a: Elon Musk|Headlong Rush|p2a: Sylveon\n|-damage|p2a: Sylveon|20\/100\n|-unboost|p1a: Elon Musk|def|1\n|-unboost|p1a: Elon Musk|spd|1\n|move|p2a: Sylveon|Hyper Voice|p1a: Elon Musk\n|-supereffective|p1a: Elon Musk\n|-damage|p1a: Elon Musk|0 fnt\n|faint|p1a: Elon Musk\n|-end|p1a: Elon Musk|Protosynthesis|[silent]\n|\n|upkeep\n|\n|t:|1700821820\n|switch|p1a: Gigachaddrel|Kilowattrel, M|100\/100\n|turn|18\n|\n|t:|1700821825\n|move|p1a: Gigachaddrel|Volt Switch|p2a: Sylveon\n|-damage|p2a: Sylveon|11\/100\n|\n|t:|1700821827\n|switch|p1a: Small Tusk|Piloswine, M|76\/100 par|[from] Volt Switch\n|move|p2a: Sylveon|Hyper Voice|p1a: Small Tusk\n|-damage|p1a: Small Tusk|0 fnt\n|faint|p1a: Small Tusk\n|\n|upkeep\n|\n|t:|1700821829\n|switch|p1a: Gigachaddrel|Kilowattrel, M|100\/100\n|turn|19\n|\n|t:|1700821835\n|move|p1a: Gigachaddrel|Thunderbolt|p2a: Sylveon\n|-damage|p2a: Sylveon|0 fnt\n|faint|p2a: Sylveon\n|\n|upkeep\n|\n|t:|1700821839\n|switch|p2a: Grimmsnarl|Grimmsnarl, M, shiny|100\/100\n|turn|20\n|\n|t:|1700821842\n|move|p2a: Grimmsnarl|Light Screen|p2a: Grimmsnarl\n|-sidestart|p2: Kloxin|move: Light Screen\n|move|p1a: Gigachaddrel|Thunderbolt|p2a: Grimmsnarl\n|-damage|p2a: Grimmsnarl|87\/100\n|\n|-heal|p2a: Grimmsnarl|93\/100|[from] item: Leftovers\n|upkeep\n|turn|21\n|\n|t:|1700821847\n|move|p2a: Grimmsnarl|Reflect|p2a: Grimmsnarl\n|-sidestart|p2: Kloxin|Reflect\n|move|p1a: Gigachaddrel|Thunderbolt|p2a: Grimmsnarl\n|-damage|p2a: Grimmsnarl|78\/100\n|\n|-heal|p2a: Grimmsnarl|84\/100|[from] item: Leftovers\n|upkeep\n|turn|22\n|\n|t:|1700821852\n|move|p2a: Grimmsnarl|Parting Shot|p1a: Gigachaddrel\n|-unboost|p1a: Gigachaddrel|atk|1\n|-ability|p1a: Gigachaddrel|Competitive|boost\n|-boost|p1a: Gigachaddrel|spa|2\n|-unboost|p1a: Gigachaddrel|spa|1\n|-ability|p1a: Gigachaddrel|Competitive|boost\n|-boost|p1a: Gigachaddrel|spa|2\n|\n|t:|1700821859\n|switch|p2a: Salazzle|Salazzle, F, shiny|100\/100|[from] Parting Shot\n|move|p1a: Gigachaddrel|Volt Switch|p2a: Salazzle\n|-damage|p2a: Salazzle|25\/100\n|\n|t:|1700821864\n|switch|p1a: Dre|Dragapult, M|88\/100|[from] Volt Switch\n|\n|-heal|p2a: Salazzle|31\/100|[from] item: Leftovers\n|upkeep\n|turn|23\n|\n|t:|1700821871\n|move|p1a: Dre|Shadow Ball|p2a: Salazzle\n|-damage|p2a: Salazzle|0 fnt\n|faint|p2a: Salazzle\n|\n|upkeep\n|\n|t:|1700821875\n|switch|p2a: Grimmsnarl|Grimmsnarl, M, shiny|84\/100\n|turn|24\n|\n|t:|1700821878\n|switch|p1a: Trash|Iron Valiant|100\/100\n|move|p2a: Grimmsnarl|Sucker Punch||[still]\n|-fail|p2a: Grimmsnarl\n|\n|-heal|p2a: Grimmsnarl|90\/100|[from] item: Leftovers\n|-sideend|p2: Kloxin|move: Light Screen\n|upkeep\n|turn|25\n|\n|t:|1700821889\n|-end|p1a: Trash|Quark Drive|[silent]\n|switch|p1a: Gigachaddrel|Kilowattrel, M|100\/100\n|move|p2a: Grimmsnarl|Parting Shot|p1a: Gigachaddrel\n|-unboost|p1a: Gigachaddrel|atk|1\n|-ability|p1a: Gigachaddrel|Competitive|boost\n|-boost|p1a: Gigachaddrel|spa|2\n|-unboost|p1a: Gigachaddrel|spa|1\n|-ability|p1a: Gigachaddrel|Competitive|boost\n|-boost|p1a: Gigachaddrel|spa|2\n|\n|-heal|p2a: Grimmsnarl|96\/100|[from] item: Leftovers\n|-sideend|p2: Kloxin|Reflect\n|upkeep\n|turn|26\n|-message|Kloxin forfeited.\n|\n|win|StinkyBinky609\n|raw|StinkyBinky609's rating: 1156 &rarr; <strong>1175<\/strong><br \/>(+19 for winning)\n|raw|Kloxin's rating: 1068 &rarr; <strong>1053<\/strong><br \/>(-15 for losing)\n|l|\u2606Kloxin\n","uploadtime":1700821897,"views":7,"p1id":"stinkybinky609","p2id":"kloxin","formatid":"gen9ou","rating":1053,"private":0,"password":""}