{"id":"gen9ou-1993298950","p1":"Hxhfhfhuuf","p2":"Gooaah","format":"[Gen 9] OU","log":"|j|\u2606Hxhfhfhuuf\n|j|\u2606Gooaah\n|t:|1700293134\n|gametype|singles\n|player|p1|Hxhfhfhuuf|266|1324\n|player|p2|Gooaah|veteranf|1237\n|teamsize|p1|6\n|teamsize|p2|6\n|gen|9\n|tier|[Gen 9] OU\n|rated|\n|rule|Sleep Clause Mod: Limit one foe put to sleep\n|rule|Species Clause: Limit one of each Pok\u00e9mon\n|rule|OHKO Clause: OHKO moves are banned\n|rule|Evasion Items Clause: Evasion items are banned\n|rule|Evasion Moves Clause: Evasion moves are banned\n|rule|Endless Battle Clause: Forcing endless battles is banned\n|rule|HP Percentage Mod: HP is shown in percentages\n|clearpoke\n|poke|p1|Ninetales-Alola, F|\n|poke|p1|Iron Moth|\n|poke|p1|Iron Valiant|\n|poke|p1|Great Tusk|\n|poke|p1|Ogerpon-Wellspring, F|\n|poke|p1|Dragonite, M|\n|poke|p2|Iron Valiant|\n|poke|p2|Skeledirge, M|\n|poke|p2|Pincurchin, F|\n|poke|p2|Sneasler, M|\n|poke|p2|Gholdengo|\n|poke|p2|Great Tusk|\n|teampreview\n|inactive|Battle timer is ON: inactive players will automatically lose when time's up. (requested by Gooaah)\n|inactive|Hxhfhfhuuf also wants the timer to be on.\n|\n|t:|1700293138\n|start\n|switch|p1a: Ninetales|Ninetales-Alola, F, shiny|100\/100\n|switch|p2a: Pincurchin|Pincurchin, F|100\/100\n|-weather|Snow|[from] ability: Snow Warning|[of] p1a: Ninetales\n|-fieldstart|move: Electric Terrain|[from] ability: Electric Surge|[of] p2a: Pincurchin\n|turn|1\n|\n|t:|1700293144\n|move|p1a: Ninetales|Aurora Veil|p1a: Ninetales\n|-sidestart|p1: Hxhfhfhuuf|move: Aurora Veil\n|move|p2a: Pincurchin|Thunder Wave|p1a: Ninetales\n|-status|p1a: Ninetales|par\n|\n|-weather|Snow|[upkeep]\n|upkeep\n|turn|2\n|\n|t:|1700293149\n|move|p1a: Ninetales|Hypnosis|p2a: Pincurchin\n|-activate|p2a: Pincurchin|move: Electric Terrain\n|move|p2a: Pincurchin|Discharge|p1a: Ninetales\n|-damage|p1a: Ninetales|83\/100 par\n|\n|-weather|Snow|[upkeep]\n|upkeep\n|turn|3\n|\n|t:|1700293150\n|switch|p1a: Great Tusk|Great Tusk, shiny|100\/100\n|move|p2a: Pincurchin|Spikes|p1a: Great Tusk\n|-sidestart|p1: Hxhfhfhuuf|Spikes\n|\n|-weather|Snow|[upkeep]\n|upkeep\n|turn|4\n|\n|t:|1700293155\n|switch|p2a: Gholdengo|Gholdengo|100\/100\n|-item|p2a: Gholdengo|Air Balloon\n|move|p1a: Great Tusk|Headlong Rush|p2a: Gholdengo\n|-immune|p2a: Gholdengo\n|\n|-weather|Snow|[upkeep]\n|upkeep\n|turn|5\n|\n|t:|1700293163\n|switch|p2a: Great Tusk|Great Tusk|100\/100\n|-end|p1a: Great Tusk|Protosynthesis|[silent]\n|switch|p1a: Iron Moth|Iron Moth|100\/100\n|-activate|p1a: Iron Moth|ability: Quark Drive\n|-start|p1a: Iron Moth|quarkdrivespa\n|\n|-weather|none\n|upkeep\n|turn|6\n|\n|t:|1700293167\n|move|p1a: Iron Moth|Energy Ball|p2a: Great Tusk\n|-supereffective|p2a: Great Tusk\n|-damage|p2a: Great Tusk|0 fnt\n|faint|p2a: Great Tusk\n|-end|p2a: Great Tusk|Protosynthesis|[silent]\n|\n|upkeep\n|\n|t:|1700293172\n|switch|p2a: Sneasler|Sneasler, M|100\/100\n|-enditem|p2a: Sneasler|Electric Seed\n|-boost|p2a: Sneasler|def|1|[from] item: Electric Seed\n|turn|7\n|\n|t:|1700293178\n|-terastallize|p2a: Sneasler|Flying\n|move|p2a: Sneasler|Acrobatics|p1a: Iron Moth\n|-damage|p1a: Iron Moth|45\/100\n|move|p1a: Iron Moth|Fiery Dance|p2a: Sneasler\n|-damage|p2a: Sneasler|22\/100\n|-boost|p1a: Iron Moth|spa|1\n|\n|upkeep\n|turn|8\n|\n|t:|1700293185\n|move|p2a: Sneasler|Acrobatics|p1a: Iron Moth\n|-damage|p1a: Iron Moth|0 fnt\n|faint|p1a: Iron Moth\n|-end|p1a: Iron Moth|Quark Drive|[silent]\n|\n|-sideend|p1: Hxhfhfhuuf|move: Aurora Veil\n|-fieldend|move: Electric Terrain\n|upkeep\n|\n|t:|1700293187\n|switch|p1a: Dragonite|Dragonite, M, shiny|100\/100\n|turn|9\n|\n|t:|1700293189\n|move|p2a: Sneasler|Dire Claw|p1a: Dragonite\n|-damage|p1a: Dragonite|74\/100\n|-status|p1a: Dragonite|slp\n|cant|p1a: Dragonite|slp\n|\n|upkeep\n|turn|10\n|\n|t:|1700293193\n|cant|p1a: Dragonite|slp\n|move|p2a: Sneasler|Swords Dance|p2a: Sneasler\n|-boost|p2a: Sneasler|atk|2\n|\n|upkeep\n|turn|11\n|\n|t:|1700293195\n|cant|p1a: Dragonite|slp\n|move|p2a: Sneasler|Acrobatics|p1a: Dragonite\n|-damage|p1a: Dragonite|0 fnt\n|faint|p1a: Dragonite\n|\n|upkeep\n|\n|t:|1700293202\n|switch|p1a: Ogerpon|Ogerpon-Wellspring, F|100\/100\n|-damage|p1a: Ogerpon|88\/100|[from] Spikes\n|turn|12\n|\n|t:|1700293206\n|-terastallize|p1a: Ogerpon|Water\n|detailschange|p1a: Ogerpon|Ogerpon-Wellspring-Tera, F, tera:Water\n|-ability|p1a: Ogerpon|Embody Aspect (Wellspring)|boost\n|-boost|p1a: Ogerpon|spd|1\n|move|p2a: Sneasler|Dire Claw|p1a: Ogerpon\n|-damage|p1a: Ogerpon|0 fnt\n|faint|p1a: Ogerpon\n|\n|upkeep\n|-message|Hxhfhfhuuf forfeited.\n|\n|win|Gooaah\n|raw|Hxhfhfhuuf's rating: 1324 &rarr; <strong>1299<\/strong><br \/>(-25 for losing)\n|raw|Gooaah's rating: 1237 &rarr; <strong>1268<\/strong><br \/>(+31 for winning)\n|l|\u2606Hxhfhfhuuf\n","uploadtime":1700293219,"views":11,"p1id":"hxhfhfhuuf","p2id":"gooaah","formatid":"gen9ou","rating":1268,"private":0,"password":""}