{"id":"gen9ou-1996883138","p1":"Slimboy17","p2":"Gravi2y","format":"[Gen 9] OU","log":"|j|\u2606Slimboy17\n|j|\u2606Gravi2y\n|t:|1700739934\n|gametype|singles\n|player|p1|Slimboy17|265|\n|player|p2|Gravi2y|169|\n|teamsize|p1|6\n|teamsize|p2|6\n|gen|9\n|tier|[Gen 9] OU\n|rule|Sleep Clause Mod: Limit one foe put to sleep\n|rule|Species Clause: Limit one of each Pok\u00e9mon\n|rule|OHKO Clause: OHKO moves are banned\n|rule|Evasion Items Clause: Evasion items are banned\n|rule|Evasion Moves Clause: Evasion moves are banned\n|rule|Endless Battle Clause: Forcing endless battles is banned\n|rule|HP Percentage Mod: HP is shown in percentages\n|clearpoke\n|poke|p1|Dragapult, F|\n|poke|p1|Articuno-Galar|\n|poke|p1|Arcanine, F|\n|poke|p1|Brambleghast, F|\n|poke|p1|Dondozo, M|\n|poke|p1|Lokix, M|\n|poke|p2|Mandibuzz, F|\n|poke|p2|Garganacl, M|\n|poke|p2|Tyranitar, M|\n|poke|p2|Zoroark-Hisui, F|\n|poke|p2|Lycanroc, M|\n|poke|p2|Flapple, M|\n|teampreview\n|c|\u2606Gravi2y|Glhf\n|\n|t:|1700739980\n|start\n|switch|p1a: Dragapult|Dragapult, F|100\/100\n|switch|p2a: Flapple|Flapple, M|100\/100\n|turn|1\n|\n|t:|1700739997\n|move|p2a: Flapple|Sucker Punch|p1a: Dragapult\n|-supereffective|p1a: Dragapult\n|-damage|p1a: Dragapult|15\/100\n|move|p1a: Dragapult|Draco Meteor|p2a: Flapple\n|-supereffective|p2a: Flapple\n|-damage|p2a: Flapple|0 fnt\n|-unboost|p1a: Dragapult|spa|2\n|faint|p2a: Flapple\n|\n|upkeep\n|\n|t:|1700740017\n|switch|p2a: Mandibuzz|Mandibuzz, F|100\/100\n|turn|2\n|\n|t:|1700740038\n|switch|p1a: Dondozo|Dondozo, M|100\/100\n|move|p2a: Mandibuzz|U-turn|p1a: Dondozo\n|-damage|p1a: Dondozo|93\/100\n|\n|t:|1700740051\n|switch|p2a: Tyranitar|Tyranitar, M|100\/100|[from] U-turn\n|-weather|Sandstorm|[from] ability: Sand Stream|[of] p2a: Tyranitar\n|\n|-weather|Sandstorm|[upkeep]\n|-damage|p1a: Dondozo|87\/100|[from] Sandstorm\n|upkeep\n|turn|3\n|\n|t:|1700740064\n|move|p2a: Tyranitar|Knock Off|p1a: Dondozo\n|-damage|p1a: Dondozo|61\/100\n|-enditem|p1a: Dondozo|Heavy-Duty Boots|[from] move: Knock Off|[of] p2a: Tyranitar\n|move|p1a: Dondozo|Liquidation|p2a: Tyranitar\n|-supereffective|p2a: Tyranitar\n|-damage|p2a: Tyranitar|57\/100\n|\n|-weather|Sandstorm|[upkeep]\n|-damage|p1a: Dondozo|55\/100|[from] Sandstorm\n|upkeep\n|turn|4\n|\n|t:|1700740075\n|move|p2a: Tyranitar|Taunt|p1a: Dondozo\n|-start|p1a: Dondozo|move: Taunt\n|cant|p1a: Dondozo|move: Taunt|Rest\n|\n|-weather|Sandstorm|[upkeep]\n|-damage|p1a: Dondozo|49\/100|[from] Sandstorm\n|upkeep\n|turn|5\n|\n|t:|1700740095\n|switch|p2a: Lycanroc|Lycanroc, M|100\/100\n|switch|p1a: Arcanine|Arcanine, F|100\/100\n|-ability|p1a: Arcanine|Intimidate|boost\n|-unboost|p2a: Lycanroc|atk|1\n|\n|-weather|Sandstorm|[upkeep]\n|-damage|p1a: Arcanine|94\/100|[from] Sandstorm\n|upkeep\n|turn|6\n|\n|t:|1700740136\n|move|p2a: Lycanroc|Rock Slide|p1a: Arcanine|[miss]\n|-miss|p2a: Lycanroc|p1a: Arcanine\n|move|p1a: Arcanine|Will-O-Wisp|p2a: Lycanroc\n|-status|p2a: Lycanroc|brn\n|\n|-weather|Sandstorm|[upkeep]\n|-damage|p1a: Arcanine|88\/100|[from] Sandstorm\n|-damage|p2a: Lycanroc|94\/100 brn|[from] brn\n|upkeep\n|turn|7\n|\n|t:|1700740159\n|switch|p2a: Mandibuzz|Mandibuzz, F|100\/100\n|switch|p1a: Articuno|Articuno-Galar|100\/100\n|\n|-weather|Sandstorm|[upkeep]\n|-damage|p2a: Mandibuzz|95\/100|[from] Sandstorm\n|-damage|p1a: Articuno|94\/100|[from] Sandstorm\n|-heal|p1a: Articuno|100\/100|[from] item: Leftovers\n|upkeep\n|turn|8\n|\n|t:|1700740179\n|move|p2a: Mandibuzz|Bitter Malice|p1a: Articuno\n|-supereffective|p1a: Articuno\n|-damage|p1a: Articuno|12\/100\n|-unboost|p1a: Articuno|atk|1\n|-ability|p1a: Articuno|Competitive|boost\n|-boost|p1a: Articuno|spa|2\n|move|p1a: Articuno|Agility|p1a: Articuno\n|-boost|p1a: Articuno|spe|2\n|\n|-weather|Sandstorm|[upkeep]\n|-damage|p1a: Articuno|6\/100|[from] Sandstorm\n|-damage|p2a: Mandibuzz|89\/100|[from] Sandstorm\n|-heal|p1a: Articuno|12\/100|[from] item: Leftovers\n|upkeep\n|turn|9\n|\n|t:|1700740230\n|-terastallize|p2a: Mandibuzz|Steel\n|move|p1a: Articuno|Tera Blast|p2a: Mandibuzz\n|-resisted|p2a: Mandibuzz\n|-damage|p2a: Mandibuzz|24\/100\n|replace|p2a: Not Zoroark|Zoroark-Hisui, F, shiny\n|-end|p2a: Not Zoroark|Illusion\n|move|p2a: Not Zoroark|Bitter Malice|p1a: Articuno\n|-supereffective|p1a: Articuno\n|-damage|p1a: Articuno|0 fnt\n|faint|p1a: Articuno\n|\n|-weather|none\n|upkeep\n|\n|t:|1700740252\n|switch|p1a: Dragapult|Dragapult, F|15\/100\n|turn|10\n|\n|t:|1700740266\n|move|p1a: Dragapult|Shadow Ball|p2a: Not Zoroark\n|-damage|p2a: Not Zoroark|0 fnt\n|faint|p2a: Not Zoroark\n|\n|upkeep\n|\n|t:|1700740273\n|switch|p2a: Tyranitar|Tyranitar, M|57\/100\n|-weather|Sandstorm|[from] ability: Sand Stream|[of] p2a: Tyranitar\n|turn|11\n|\n|t:|1700740298\n|switch|p1a: Arcanine|Arcanine, F|88\/100\n|-ability|p1a: Arcanine|Intimidate|boost\n|-unboost|p2a: Tyranitar|atk|1\n|move|p2a: Tyranitar|Stealth Rock|p1a: Arcanine\n|-sidestart|p1: Slimboy17|move: Stealth Rock\n|\n|-weather|Sandstorm|[upkeep]\n|-damage|p1a: Arcanine|82\/100|[from] Sandstorm\n|upkeep\n|turn|12\n|\n|t:|1700740308\n|switch|p2a: Lycanroc|Lycanroc, M|94\/100 brn\n|move|p1a: Arcanine|Will-O-Wisp|p2a: Lycanroc\n|-fail|p2a: Lycanroc|brn\n|\n|-weather|Sandstorm|[upkeep]\n|-damage|p1a: Arcanine|75\/100|[from] Sandstorm\n|-damage|p2a: Lycanroc|88\/100 brn|[from] brn\n|upkeep\n|turn|13\n|\n|t:|1700740319\n|switch|p1a: Dondozo|Dondozo, M|49\/100\n|-damage|p1a: Dondozo|36\/100|[from] Stealth Rock\n|move|p2a: Lycanroc|Rock Slide|p1a: Dondozo\n|-damage|p1a: Dondozo|25\/100\n|-damage|p2a: Lycanroc|78\/100 brn|[from] item: Life Orb\n|\n|-weather|Sandstorm|[upkeep]\n|-damage|p1a: Dondozo|19\/100|[from] Sandstorm\n|-damage|p2a: Lycanroc|72\/100 brn|[from] brn\n|upkeep\n|turn|14\n|\n|t:|1700740333\n|move|p2a: Lycanroc|Rock Slide|p1a: Dondozo\n|-crit|p1a: Dondozo\n|-damage|p1a: Dondozo|0 fnt\n|faint|p1a: Dondozo\n|-damage|p2a: Lycanroc|62\/100 brn|[from] item: Life Orb\n|\n|-weather|Sandstorm|[upkeep]\n|-damage|p2a: Lycanroc|56\/100 brn|[from] brn\n|upkeep\n|\n|t:|1700740353\n|switch|p1a: Lokix|Lokix, M|100\/100\n|-damage|p1a: Lokix|76\/100|[from] Stealth Rock\n|turn|15\n|\n|t:|1700740359\n|move|p1a: Lokix|Sucker Punch|p2a: Lycanroc\n|-damage|p2a: Lycanroc|0 fnt\n|faint|p2a: Lycanroc\n|\n|-weather|Sandstorm|[upkeep]\n|-damage|p1a: Lokix|70\/100|[from] Sandstorm\n|upkeep\n|\n|t:|1700740378\n|switch|p2a: Garganacl|Garganacl, M|100\/100\n|turn|16\n|\n|t:|1700740394\n|switch|p1a: Brambleghast|Brambleghast, F|100\/100\n|-damage|p1a: Brambleghast|88\/100|[from] Stealth Rock\n|move|p2a: Garganacl|Avalanche|p1a: Brambleghast\n|-supereffective|p1a: Brambleghast\n|-damage|p1a: Brambleghast|23\/100\n|\n|-weather|Sandstorm|[upkeep]\n|-damage|p1a: Brambleghast|17\/100|[from] Sandstorm\n|upkeep\n|turn|17\n|\n|t:|1700740409\n|move|p1a: Brambleghast|Rapid Spin|p2a: Garganacl\n|-resisted|p2a: Garganacl\n|-damage|p2a: Garganacl|96\/100\n|-boost|p1a: Brambleghast|spe|1\n|-sideend|p1: Slimboy17|Stealth Rock|[from] move: Rapid Spin|[of] p1a: Brambleghast\n|move|p2a: Garganacl|Salt Cure|p1a: Brambleghast\n|-damage|p1a: Brambleghast|0 fnt\n|faint|p1a: Brambleghast\n|\n|-weather|Sandstorm|[upkeep]\n|upkeep\n|\n|t:|1700740426\n|switch|p1a: Lokix|Lokix, M|70\/100\n|turn|18\n|\n|t:|1700740452\n|switch|p2a: Mandibuzz|Mandibuzz, F|100\/100\n|move|p1a: Lokix|First Impression|p2a: Mandibuzz\n|-damage|p2a: Mandibuzz|66\/100\n|\n|-weather|none\n|upkeep\n|turn|19\n|\n|t:|1700740464\n|switch|p1a: Arcanine|Arcanine, F|75\/100\n|-ability|p1a: Arcanine|Intimidate|boost\n|-unboost|p2a: Mandibuzz|atk|1\n|move|p2a: Mandibuzz|Toxic|p1a: Arcanine\n|-status|p1a: Arcanine|tox\n|\n|-damage|p1a: Arcanine|69\/100 tox|[from] psn\n|upkeep\n|turn|20\n|\n|t:|1700740479\n|move|p1a: Arcanine|Will-O-Wisp|p2a: Mandibuzz\n|-status|p2a: Mandibuzz|brn\n|move|p2a: Mandibuzz|Roost|p2a: Mandibuzz\n|-heal|p2a: Mandibuzz|100\/100 brn\n|-singleturn|p2a: Mandibuzz|move: Roost\n|\n|-damage|p1a: Arcanine|57\/100 tox|[from] psn\n|-damage|p2a: Mandibuzz|94\/100 brn|[from] brn\n|upkeep\n|turn|21\n|\n|t:|1700740491\n|move|p1a: Arcanine|Morning Sun|p1a: Arcanine\n|-heal|p1a: Arcanine|100\/100 tox\n|move|p2a: Mandibuzz|Foul Play|p1a: Arcanine\n|-damage|p1a: Arcanine|87\/100 tox\n|\n|-damage|p1a: Arcanine|68\/100 tox|[from] psn\n|-damage|p2a: Mandibuzz|88\/100 brn|[from] brn\n|upkeep\n|turn|22\n|\n|t:|1700740511\n|move|p1a: Arcanine|Extreme Speed|p2a: Mandibuzz\n|-damage|p2a: Mandibuzz|77\/100 brn\n|move|p2a: Mandibuzz|Toxic|p1a: Arcanine\n|-fail|p1a: Arcanine|tox\n|\n|-damage|p1a: Arcanine|43\/100 tox|[from] psn\n|-damage|p2a: Mandibuzz|71\/100 brn|[from] brn\n|upkeep\n|turn|23\n|\n|t:|1700740522\n|switch|p2a: Tyranitar|Tyranitar, M|57\/100\n|-weather|Sandstorm|[from] ability: Sand Stream|[of] p2a: Tyranitar\n|move|p1a: Arcanine|Morning Sun|p1a: Arcanine\n|-heal|p1a: Arcanine|68\/100 tox\n|\n|-weather|Sandstorm|[upkeep]\n|-damage|p1a: Arcanine|62\/100 tox|[from] Sandstorm\n|-damage|p1a: Arcanine|31\/100 tox|[from] psn\n|upkeep\n|turn|24\n|\n|t:|1700740537\n|switch|p2a: Mandibuzz|Mandibuzz, F|71\/100 brn\n|move|p1a: Arcanine|Extreme Speed|p2a: Mandibuzz\n|-damage|p2a: Mandibuzz|59\/100 brn\n|\n|-weather|Sandstorm|[upkeep]\n|-damage|p1a: Arcanine|25\/100 tox|[from] Sandstorm\n|-damage|p1a: Arcanine|0 fnt|[from] psn\n|faint|p1a: Arcanine\n|-damage|p2a: Mandibuzz|53\/100 brn|[from] brn\n|upkeep\n|\n|t:|1700740551\n|switch|p1a: Dragapult|Dragapult, F|15\/100\n|turn|25\n|\n|t:|1700740556\n|switch|p2a: Garganacl|Garganacl, M|96\/100\n|move|p1a: Dragapult|U-turn|p2a: Garganacl\n|-damage|p2a: Garganacl|85\/100\n|\n|t:|1700740561\n|switch|p1a: Lokix|Lokix, M|70\/100|[from] U-turn\n|\n|-weather|Sandstorm|[upkeep]\n|-damage|p1a: Lokix|64\/100|[from] Sandstorm\n|upkeep\n|turn|26\n|\n|t:|1700740588\n|switch|p2a: Mandibuzz|Mandibuzz, F|53\/100 brn\n|-terastallize|p1a: Lokix|Bug\n|move|p1a: Lokix|First Impression|p2a: Mandibuzz\n|-damage|p2a: Mandibuzz|9\/100 brn\n|\n|-weather|Sandstorm|[upkeep]\n|-damage|p1a: Lokix|58\/100|[from] Sandstorm\n|-damage|p2a: Mandibuzz|2\/100 brn|[from] brn\n|upkeep\n|turn|27\n|\n|t:|1700740601\n|move|p1a: Lokix|First Impression||[still]\n|-hint|First Impression only works on your first turn out.\n|-fail|p1a: Lokix\n|move|p2a: Mandibuzz|Toxic|p1a: Lokix\n|-status|p1a: Lokix|tox\n|\n|-weather|Sandstorm|[upkeep]\n|-damage|p1a: Lokix|52\/100 tox|[from] Sandstorm\n|-damage|p1a: Lokix|46\/100 tox|[from] psn\n|-damage|p2a: Mandibuzz|0 fnt|[from] brn\n|faint|p2a: Mandibuzz\n|upkeep\n|\n|t:|1700740626\n|switch|p2a: Garganacl|Garganacl, M|85\/100\n|turn|28\n|\n|t:|1700740633\n|switch|p1a: Dragapult|Dragapult, F|15\/100\n|move|p2a: Garganacl|Salt Cure|p1a: Dragapult\n|-damage|p1a: Dragapult|0 fnt\n|faint|p1a: Dragapult\n|\n|-weather|Sandstorm|[upkeep]\n|upkeep\n|\n|t:|1700740639\n|switch|p1a: Lokix|Lokix, M, tera:Bug|46\/100 tox\n|turn|29\n|\n|t:|1700740650\n|move|p1a: Lokix|First Impression|p2a: Garganacl\n|-damage|p2a: Garganacl|34\/100\n|move|p2a: Garganacl|Salt Cure|p1a: Lokix\n|-supereffective|p1a: Lokix\n|-damage|p1a: Lokix|0 fnt\n|faint|p1a: Lokix\n|\n|win|Gravi2y\n|c|\u2606Gravi2y|Gg\n|c|\u2606Gravi2y|i\u2019ll Grav replay\n|c|\u2606Gravi2y|grab*\n","uploadtime":1700740700,"views":14,"p1id":"slimboy17","p2id":"gravi2y","formatid":"gen9ou","rating":0,"private":0,"password":""}