{"id":"gen9ou-1988892629","p1":"xlpizza","p2":"aldoloFR","format":"[Gen 9] OU","log":"|j|\u2606xlpizza\n|j|\u2606aldoloFR\n|t:|1699782505\n|gametype|singles\n|player|p1|xlpizza|170|1000\n|player|p2|aldoloFR|266|1024\n|teamsize|p1|6\n|teamsize|p2|6\n|gen|9\n|tier|[Gen 9] OU\n|rated|\n|rule|Sleep Clause Mod: Limit one foe put to sleep\n|rule|Species Clause: Limit one of each Pok\u00e9mon\n|rule|OHKO Clause: OHKO moves are banned\n|rule|Evasion Items Clause: Evasion items are banned\n|rule|Evasion Moves Clause: Evasion moves are banned\n|rule|Endless Battle Clause: Forcing endless battles is banned\n|rule|HP Percentage Mod: HP is shown in percentages\n|clearpoke\n|poke|p1|Cloyster, F|\n|poke|p1|Dragonite, F|\n|poke|p1|Weavile, M|\n|poke|p1|Breloom, F|\n|poke|p1|Maushold-Four|\n|poke|p1|Meloetta|\n|poke|p2|Glimmora, F|\n|poke|p2|Grafaiai, M|\n|poke|p2|Enamorus, F|\n|poke|p2|Noivern, M|\n|poke|p2|Gholdengo|\n|poke|p2|Rillaboom, F|\n|teampreview\n|\n|t:|1699782521\n|start\n|switch|p1a: Weavile|Weavile, M|100\/100\n|switch|p2a: Glimmora|Glimmora, F|100\/100\n|turn|1\n|\n|t:|1699782528\n|move|p1a: Weavile|Beat Up|p2a: Glimmora\n|-damage|p2a: Glimmora|91\/100\n|-activate|p2a: Glimmora|ability: Toxic Debris\n|-sidestart|p1: xlpizza|move: Toxic Spikes\n|-damage|p2a: Glimmora|82\/100\n|-activate|p2a: Glimmora|ability: Toxic Debris\n|-sidestart|p1: xlpizza|move: Toxic Spikes\n|-damage|p2a: Glimmora|75\/100\n|-damage|p2a: Glimmora|67\/100\n|-damage|p2a: Glimmora|61\/100\n|-damage|p2a: Glimmora|55\/100\n|-hitcount|p2a: Glimmora|6\n|move|p2a: Glimmora|Stealth Rock|p1a: Weavile\n|-sidestart|p1: xlpizza|move: Stealth Rock\n|\n|upkeep\n|turn|2\n|\n|t:|1699782544\n|move|p1a: Weavile|Beat Up|p2a: Glimmora\n|-damage|p2a: Glimmora|45\/100\n|-damage|p2a: Glimmora|36\/100\n|-damage|p2a: Glimmora|29\/100\n|-damage|p2a: Glimmora|20\/100\n|-damage|p2a: Glimmora|14\/100\n|-damage|p2a: Glimmora|8\/100\n|-hitcount|p2a: Glimmora|6\n|move|p2a: Glimmora|Toxic|p1a: Weavile\n|-status|p1a: Weavile|tox\n|\n|-damage|p1a: Weavile|94\/100 tox|[from] psn\n|upkeep\n|turn|3\n|\n|t:|1699782557\n|move|p2a: Glimmora|Spiky Shield|p2a: Glimmora\n|-singleturn|p2a: Glimmora|move: Protect\n|move|p1a: Weavile|Beat Up|p2a: Glimmora\n|-activate|p2a: Glimmora|move: Protect\n|\n|-damage|p1a: Weavile|82\/100 tox|[from] psn\n|upkeep\n|turn|4\n|\n|t:|1699782566\n|move|p2a: Glimmora|Spiky Shield|p2a: Glimmora\n|-singleturn|p2a: Glimmora|move: Protect\n|move|p1a: Weavile|Beat Up|p2a: Glimmora\n|-activate|p2a: Glimmora|move: Protect\n|\n|-damage|p1a: Weavile|64\/100 tox|[from] psn\n|upkeep\n|turn|5\n|\n|t:|1699782587\n|switch|p1a: Breloom|Breloom, F|100\/100\n|-status|p1a: Breloom|tox\n|-damage|p1a: Breloom|94\/100 tox|[from] Stealth Rock\n|move|p2a: Glimmora|Spiky Shield||[still]\n|-fail|p2a: Glimmora\n|\n|-damage|p1a: Breloom|88\/100 tox|[from] psn\n|upkeep\n|turn|6\n|\n|t:|1699782602\n|switch|p1a: Weavile|Weavile, M|64\/100 tox\n|-damage|p1a: Weavile|40\/100 tox|[from] Stealth Rock\n|move|p2a: Glimmora|Spiky Shield||[still]\n|-fail|p2a: Glimmora\n|\n|-damage|p1a: Weavile|33\/100 tox|[from] psn\n|upkeep\n|turn|7\n|\n|t:|1699782610\n|move|p2a: Glimmora|Spiky Shield|p2a: Glimmora\n|-singleturn|p2a: Glimmora|move: Protect\n|move|p1a: Weavile|Ice Spinner|p2a: Glimmora\n|-activate|p2a: Glimmora|move: Protect\n|-damage|p1a: Weavile|21\/100 tox|[from] Spiky Shield|[of] p2a: Glimmora\n|\n|-damage|p1a: Weavile|9\/100 tox|[from] psn\n|upkeep\n|turn|8\n|\n|t:|1699782619\n|switch|p1a: Maushold|Maushold-Four|100\/100\n|-status|p1a: Maushold|tox\n|-damage|p1a: Maushold|88\/100 tox|[from] Stealth Rock\n|move|p2a: Glimmora|Spiky Shield||[still]\n|-fail|p2a: Glimmora\n|\n|-damage|p1a: Maushold|82\/100 tox|[from] psn\n|upkeep\n|turn|9\n|\n|t:|1699782636\n|switch|p2a: nunu|Enamorus, F|100\/100\n|move|p1a: Maushold|Tidy Up|p1a: Maushold\n|-sideend|p1: xlpizza|Toxic Spikes\n|-sideend|p1: xlpizza|Stealth Rock\n|-activate|p1a: Maushold|move: Tidy Up\n|-boost|p1a: Maushold|atk|1\n|-boost|p1a: Maushold|spe|1\n|\n|-damage|p1a: Maushold|69\/100 tox|[from] psn\n|upkeep\n|turn|10\n|\n|t:|1699782647\n|move|p1a: Maushold|Thunder Wave|p2a: nunu\n|-status|p2a: nunu|par\n|move|p2a: nunu|Superpower|p1a: Maushold\n|-supereffective|p1a: Maushold\n|-damage|p1a: Maushold|0 fnt\n|-boost|p2a: nunu|atk|1\n|-boost|p2a: nunu|def|1\n|faint|p1a: Maushold\n|\n|upkeep\n|\n|t:|1699782653\n|switch|p1a: Weavile|Weavile, M|9\/100 tox\n|turn|11\n|\n|t:|1699782661\n|move|p1a: Weavile|Knock Off|p2a: nunu\n|-resisted|p2a: nunu\n|-damage|p2a: nunu|73\/100 par\n|-enditem|p2a: nunu|Black Belt|[from] move: Knock Off|[of] p1a: Weavile\n|move|p2a: nunu|Superpower|p1a: Weavile\n|-supereffective|p1a: Weavile\n|-damage|p1a: Weavile|0 fnt\n|-boost|p2a: nunu|atk|1\n|-boost|p2a: nunu|def|1\n|faint|p1a: Weavile\n|\n|upkeep\n|\n|t:|1699782666\n|switch|p1a: Breloom|Breloom, F|88\/100 tox\n|turn|12\n|\n|t:|1699782677\n|move|p1a: Breloom|Swords Dance|p1a: Breloom\n|-boost|p1a: Breloom|atk|2\n|move|p2a: nunu|Superpower|p1a: Breloom\n|-damage|p1a: Breloom|0 fnt\n|-boost|p2a: nunu|atk|1\n|-boost|p2a: nunu|def|1\n|faint|p1a: Breloom\n|\n|upkeep\n|\n|t:|1699782681\n|switch|p1a: Meloetta|Meloetta|100\/100\n|turn|13\n|\n|t:|1699782693\n|move|p1a: Meloetta|Relic Song|p2a: nunu\n|-damage|p2a: nunu|21\/100 par\n|-formechange|p1a: Meloetta|Meloetta-Pirouette|[msg]\n|cant|p2a: nunu|par\n|\n|upkeep\n|turn|14\n|\n|t:|1699782700\n|move|p1a: Meloetta|Focus Blast|p2a: nunu\n|-resisted|p2a: nunu\n|-damage|p2a: nunu|7\/100 par\n|move|p2a: nunu|Superpower|p1a: Meloetta\n|-supereffective|p1a: Meloetta\n|-damage|p1a: Meloetta|0 fnt\n|-boost|p2a: nunu|atk|1\n|-boost|p2a: nunu|def|1\n|faint|p1a: Meloetta\n|\n|upkeep\n|\n|t:|1699782703\n|switch|p1a: Cloyster|Cloyster, F|100\/100\n|turn|15\n|\n|t:|1699782714\n|move|p1a: Cloyster|Shell Smash|p1a: Cloyster\n|-unboost|p1a: Cloyster|def|1\n|-unboost|p1a: Cloyster|spd|1\n|-boost|p1a: Cloyster|atk|2\n|-boost|p1a: Cloyster|spa|2\n|-boost|p1a: Cloyster|spe|2\n|-enditem|p1a: Cloyster|White Herb\n|-clearnegativeboost|p1a: Cloyster|[silent]\n|cant|p2a: nunu|par\n|\n|upkeep\n|turn|16\n|\n|t:|1699782722\n|move|p1a: Cloyster|Icicle Crash|p2a: nunu\n|-supereffective|p2a: nunu\n|-damage|p2a: nunu|0 fnt\n|faint|p2a: nunu\n|\n|upkeep\n|\n|t:|1699782731\n|switch|p2a: Glimmora|Glimmora, F|8\/100\n|turn|17\n|\n|t:|1699782738\n|move|p1a: Cloyster|Ice Shard|p2a: Glimmora\n|-damage|p2a: Glimmora|0 fnt\n|-activate|p2a: Glimmora|ability: Toxic Debris\n|-sidestart|p1: xlpizza|move: Toxic Spikes\n|faint|p2a: Glimmora\n|\n|upkeep\n|\n|t:|1699782745\n|switch|p2a: momo|Rillaboom, F, shiny|100\/100\n|-fieldstart|move: Grassy Terrain|[from] ability: Grassy Surge|[of] p2a: momo\n|turn|18\n|\n|t:|1699782759\n|move|p1a: Cloyster|Icicle Crash|p2a: momo\n|-supereffective|p2a: momo\n|-damage|p2a: momo|0 fnt\n|faint|p2a: momo\n|\n|upkeep\n|\n|t:|1699782764\n|switch|p2a: ficello dor\u00e9|Gholdengo|100\/100\n|turn|19\n|\n|t:|1699782775\n|move|p1a: Cloyster|Rock Blast|p2a: ficello dor\u00e9\n|-resisted|p2a: ficello dor\u00e9\n|-damage|p2a: ficello dor\u00e9|92\/100\n|-resisted|p2a: ficello dor\u00e9\n|-damage|p2a: ficello dor\u00e9|84\/100\n|-resisted|p2a: ficello dor\u00e9\n|-crit|p2a: ficello dor\u00e9\n|-damage|p2a: ficello dor\u00e9|74\/100\n|-resisted|p2a: ficello dor\u00e9\n|-damage|p2a: ficello dor\u00e9|66\/100\n|-resisted|p2a: ficello dor\u00e9\n|-damage|p2a: ficello dor\u00e9|58\/100\n|-hitcount|p2a: ficello dor\u00e9|5\n|move|p2a: ficello dor\u00e9|Shadow Ball|p1a: Cloyster\n|-damage|p1a: Cloyster|0 fnt\n|faint|p1a: Cloyster\n|\n|-heal|p2a: ficello dor\u00e9|64\/100|[from] Grassy Terrain\n|-heal|p2a: ficello dor\u00e9|70\/100|[from] item: Leftovers\n|upkeep\n|\n|t:|1699782778\n|switch|p1a: Dragonite|Dragonite, F|100\/100\n|turn|20\n|\n|t:|1699782795\n|-terastallize|p1a: Dragonite|Dragon\n|move|p2a: ficello dor\u00e9|Dazzling Gleam|p1a: Dragonite\n|-supereffective|p1a: Dragonite\n|-damage|p1a: Dragonite|68\/100\n|move|p1a: Dragonite|Dragon Dance|p1a: Dragonite\n|-boost|p1a: Dragonite|atk|1\n|-boost|p1a: Dragonite|spe|1\n|\n|-heal|p1a: Dragonite|74\/100|[from] Grassy Terrain\n|-heal|p2a: ficello dor\u00e9|76\/100|[from] Grassy Terrain\n|-heal|p2a: ficello dor\u00e9|82\/100|[from] item: Leftovers\n|upkeep\n|turn|21\n|\n|t:|1699782808\n|move|p1a: Dragonite|Earthquake|p2a: ficello dor\u00e9\n|-supereffective|p2a: ficello dor\u00e9\n|-damage|p2a: ficello dor\u00e9|4\/100\n|move|p2a: ficello dor\u00e9|Dazzling Gleam|p1a: Dragonite\n|-supereffective|p1a: Dragonite\n|-damage|p1a: Dragonite|17\/100\n|\n|-heal|p1a: Dragonite|23\/100|[from] Grassy Terrain\n|-heal|p2a: ficello dor\u00e9|10\/100|[from] Grassy Terrain\n|-heal|p2a: ficello dor\u00e9|16\/100|[from] item: Leftovers\n|upkeep\n|turn|22\n|\n|t:|1699782817\n|move|p1a: Dragonite|Earthquake|p2a: ficello dor\u00e9\n|-supereffective|p2a: ficello dor\u00e9\n|-crit|p2a: ficello dor\u00e9\n|-damage|p2a: ficello dor\u00e9|0 fnt\n|faint|p2a: ficello dor\u00e9\n|\n|-heal|p1a: Dragonite|29\/100|[from] Grassy Terrain\n|-fieldend|move: Grassy Terrain\n|upkeep\n|\n|t:|1699782826\n|switch|p2a: brrrr|Noivern, M|100\/100\n|turn|23\n|\n|t:|1699782833\n|-terastallize|p2a: brrrr|Dragon\n|move|p1a: Dragonite|Outrage|p2a: brrrr\n|-supereffective|p2a: brrrr\n|-damage|p2a: brrrr|0 fnt\n|faint|p2a: brrrr\n|\n|upkeep\n|\n|t:|1699782840\n|switch|p2a: popo|Grafaiai, M|100\/100\n|turn|24\n|\n|t:|1699782847\n|move|p1a: Dragonite|Outrage|p2a: popo|[from]lockedmove\n|-damage|p2a: popo|0 fnt\n|faint|p2a: popo\n|\n|win|xlpizza\n|raw|xlpizza's rating: 1000 &rarr; <strong>1043<\/strong><br \/>(+43 for winning)\n|raw|aldoloFR's rating: 1024 &rarr; <strong>1009<\/strong><br \/>(-15 for losing)\n|c|\u2606xlpizza|ggwp\n|l|\u2606aldoloFR\n","uploadtime":1699782862,"views":9,"p1id":"xlpizza","p2id":"aldolofr","formatid":"gen9ou","rating":1009,"private":0,"password":""}