{"id":"gen9ou-1997281004","p1":"coolbluekid","p2":"Drossito Pambisito","format":"[Gen 9] OU","log":"|j|\u2606coolbluekid\n|j|\u2606Drossito Pambisito\n|t:|1700784119\n|gametype|singles\n|player|p1|coolbluekid|1|1261\n|player|p2|Drossito Pambisito|1|1228\n|teamsize|p1|6\n|teamsize|p2|6\n|gen|9\n|tier|[Gen 9] OU\n|rated|\n|rule|Sleep Clause Mod: Limit one foe put to sleep\n|rule|Species Clause: Limit one of each Pok\u00e9mon\n|rule|OHKO Clause: OHKO moves are banned\n|rule|Evasion Items Clause: Evasion items are banned\n|rule|Evasion Moves Clause: Evasion moves are banned\n|rule|Endless Battle Clause: Forcing endless battles is banned\n|rule|HP Percentage Mod: HP is shown in percentages\n|clearpoke\n|poke|p1|Ursaluna, M|\n|poke|p1|Zoroark-Hisui, F|\n|poke|p1|Maushold-Four|\n|poke|p1|Ditto|\n|poke|p1|Indeedee, M|\n|poke|p1|Arboliva, F|\n|poke|p2|Thundurus, M|\n|poke|p2|Dragonite, M|\n|poke|p2|Hawlucha, M|\n|poke|p2|Manaphy|\n|poke|p2|Iron Valiant|\n|poke|p2|Chandelure, F|\n|teampreview\n|inactive|Battle timer is ON: inactive players will automatically lose when time's up. (requested by coolbluekid)\n|\n|t:|1700784151\n|start\n|switch|p1a: Indeedee|Indeedee, M|100\/100\n|switch|p2a: Chandelure|Chandelure, F|100\/100\n|-fieldstart|move: Psychic Terrain|[from] ability: Psychic Surge|[of] p1a: Indeedee\n|turn|1\n|\n|t:|1700784167\n|move|p2a: Chandelure|Overheat|p1a: Indeedee\n|-damage|p1a: Indeedee|0 fnt\n|-unboost|p2a: Chandelure|spa|2\n|faint|p1a: Indeedee\n|\n|upkeep\n|\n|t:|1700784178\n|switch|p1a: Ursaluna|Ursaluna, M|100\/100\n|turn|2\n|\n|t:|1700784186\n|move|p2a: Chandelure|Overheat|p1a: Ursaluna\n|-damage|p1a: Ursaluna|70\/100\n|-unboost|p2a: Chandelure|spa|2\n|move|p1a: Ursaluna|Swords Dance|p1a: Ursaluna\n|-boost|p1a: Ursaluna|atk|2\n|\n|-status|p1a: Ursaluna|brn|[from] item: Flame Orb\n|upkeep\n|turn|3\n|inactive|Drossito Pambisito has 120 seconds left.\n|inactive|Drossito Pambisito has 90 seconds left.\n|\n|t:|1700784254\n|switch|p2a: Manaphy|Manaphy|100\/100\n|move|p1a: Ursaluna|Facade|p2a: Manaphy\n|-damage|p2a: Manaphy|0 fnt\n|faint|p2a: Manaphy\n|\n|-damage|p1a: Ursaluna|64\/100 brn|[from] brn\n|upkeep\n|inactive|Drossito Pambisito has 60 seconds left.\n|\n|t:|1700784295\n|switch|p2a: Iron Valiant|Iron Valiant|100\/100\n|-enditem|p2a: Iron Valiant|Booster Energy\n|-activate|p2a: Iron Valiant|ability: Quark Drive|[fromitem]\n|-start|p2a: Iron Valiant|quarkdrivespe\n|turn|4\n|\n|t:|1700784302\n|-terastallize|p1a: Ursaluna|Ground\n|move|p2a: Iron Valiant|Drain Punch|p1a: Ursaluna\n|-damage|p1a: Ursaluna|37\/100 brn\n|move|p1a: Ursaluna|Earthquake|p2a: Iron Valiant\n|-damage|p2a: Iron Valiant|0 fnt\n|faint|p2a: Iron Valiant\n|-end|p2a: Iron Valiant|Quark Drive|[silent]\n|\n|-damage|p1a: Ursaluna|31\/100 brn|[from] brn\n|upkeep\n|inactive|Drossito Pambisito has 60 seconds left.\n|\n|t:|1700784312\n|switch|p2a: Thundurus|Thundurus, M|100\/100\n|turn|5\n|\n|t:|1700784315\n|move|p2a: Thundurus|Grass Knot|p1a: Ursaluna\n|-supereffective|p1a: Ursaluna\n|-damage|p1a: Ursaluna|0 fnt\n|faint|p1a: Ursaluna\n|-damage|p2a: Thundurus|91\/100|[from] item: Life Orb\n|\n|upkeep\n|\n|t:|1700784333\n|switch|p1a: Arboliva|Arboliva, F|100\/100\n|turn|6\n|\n|t:|1700784339\n|move|p2a: Thundurus|Discharge|p1a: Arboliva\n|-resisted|p1a: Arboliva\n|-damage|p1a: Arboliva|83\/100\n|-fieldstart|move: Grassy Terrain|[from] ability: Seed Sower|[of] p1a: Arboliva\n|-damage|p2a: Thundurus|81\/100|[from] item: Life Orb\n|move|p1a: Arboliva|Leech Seed|p2a: Thundurus\n|-start|p2a: Thundurus|move: Leech Seed\n|\n|-heal|p1a: Arboliva|89\/100|[from] Grassy Terrain\n|-heal|p1a: Arboliva|95\/100|[from] item: Leftovers\n|-damage|p2a: Thundurus|69\/100|[from] Leech Seed|[of] p1a: Arboliva\n|-heal|p1a: Arboliva|100\/100|[silent]\n|upkeep\n|turn|7\n|inactive|Drossito Pambisito has 60 seconds left.\n|\n|t:|1700784364\n|switch|p2a: Chandelure|Chandelure, F|100\/100\n|move|p1a: Arboliva|Leech Seed|p2a: Chandelure\n|-start|p2a: Chandelure|move: Leech Seed\n|\n|-damage|p2a: Chandelure|88\/100|[from] Leech Seed|[of] p1a: Arboliva\n|upkeep\n|turn|8\n|inactive|Drossito Pambisito has 60 seconds left.\n|\n|t:|1700784379\n|switch|p1a: Ditto|Ditto|100\/100\n|-transform|p1a: Ditto|p2a: Chandelure|[from] ability: Imposter\n|move|p2a: Chandelure|Flamethrower|p1a: Ditto\n|-resisted|p1a: Ditto\n|-damage|p1a: Ditto|69\/100\n|\n|-heal|p1a: Ditto|75\/100|[from] Grassy Terrain\n|-heal|p2a: Chandelure|94\/100|[from] Grassy Terrain\n|-damage|p2a: Chandelure|82\/100|[from] Leech Seed|[of] p1a: Ditto\n|-heal|p1a: Ditto|86\/100|[silent]\n|upkeep\n|turn|9\n|\n|t:|1700784396\n|switch|p2a: Thundurus|Thundurus, M|69\/100\n|move|p1a: Ditto|Shadow Ball|p2a: Thundurus\n|-damage|p2a: Thundurus|7\/100\n|-unboost|p2a: Thundurus|spd|1\n|\n|-heal|p1a: Ditto|92\/100|[from] Grassy Terrain\n|upkeep\n|turn|10\n|\n|t:|1700784415\n|switch|p1a: Arboliva|Arboliva, F|100\/100\n|move|p2a: Thundurus|Discharge|p1a: Arboliva\n|-resisted|p1a: Arboliva\n|-damage|p1a: Arboliva|83\/100\n|-damage|p2a: Thundurus|0 fnt|[from] item: Life Orb\n|faint|p2a: Thundurus\n|\n|-heal|p1a: Arboliva|89\/100|[from] Grassy Terrain\n|-heal|p1a: Arboliva|95\/100|[from] item: Leftovers\n|-fieldend|move: Grassy Terrain\n|upkeep\n|\n|t:|1700784421\n|switch|p2a: Hawlucha|Hawlucha, M|100\/100\n|-item|p2a: Hawlucha|Air Balloon\n|turn|11\n|inactive|coolbluekid has 120 seconds left.\n|\n|t:|1700784445\n|switch|p1a: Maushold|Maushold-Four|100\/100\n|move|p2a: Hawlucha|Swords Dance|p2a: Hawlucha\n|-boost|p2a: Hawlucha|atk|2\n|\n|upkeep\n|turn|12\n|\n|t:|1700784454\n|move|p1a: Maushold|Population Bomb|p2a: Hawlucha\n|-damage|p2a: Hawlucha|85\/100\n|-enditem|p2a: Hawlucha|Air Balloon\n|-damage|p2a: Hawlucha|69\/100\n|-damage|p2a: Hawlucha|52\/100\n|-damage|p2a: Hawlucha|35\/100\n|-damage|p2a: Hawlucha|19\/100\n|-damage|p2a: Hawlucha|2\/100\n|-damage|p2a: Hawlucha|0 fnt\n|faint|p2a: Hawlucha\n|-hitcount|p2: Hawlucha|7\n|\n|upkeep\n|\n|t:|1700784459\n|switch|p2a: Chandelure|Chandelure, F|82\/100\n|turn|13\n|\n|t:|1700784476\n|switch|p1a: Arboliva|Arboliva, F|95\/100\n|move|p2a: Chandelure|Energy Ball|p1a: Arboliva\n|-resisted|p1a: Arboliva\n|-damage|p1a: Arboliva|84\/100\n|-fieldstart|move: Grassy Terrain|[from] ability: Seed Sower|[of] p1a: Arboliva\n|\n|-heal|p2a: Chandelure|88\/100|[from] Grassy Terrain\n|-heal|p1a: Arboliva|90\/100|[from] Grassy Terrain\n|-heal|p1a: Arboliva|97\/100|[from] item: Leftovers\n|upkeep\n|turn|14\n|inactive|Drossito Pambisito has 90 seconds left.\n|-message|Drossito Pambisito forfeited.\n|\n|win|coolbluekid\n|raw|coolbluekid's rating: 1261 &rarr; <strong>1284<\/strong><br \/>(+23 for winning)\n|raw|Drossito Pambisito's rating: 1228 &rarr; <strong>1205<\/strong><br \/>(-23 for losing)\n|l|\u2606Drossito Pambisito\n","uploadtime":1700784521,"views":6,"p1id":"coolbluekid","p2id":"drossitopambisito","formatid":"gen9ou","rating":1205,"private":0,"password":""}