{"id":"gen9ou-1989371673","p1":"Charmalane","p2":"skulljester29","format":"[Gen 9] OU","log":"|j|\u2606Charmalane\n|j|\u2606skulljester29\n|t:|1699841958\n|gametype|singles\n|player|p1|Charmalane|brawly|1607\n|player|p2|skulljester29|firebreather|1774\n|teamsize|p1|6\n|teamsize|p2|6\n|gen|9\n|tier|[Gen 9] OU\n|rated|\n|rule|Sleep Clause Mod: Limit one foe put to sleep\n|rule|Species Clause: Limit one of each Pok\u00e9mon\n|rule|OHKO Clause: OHKO moves are banned\n|rule|Evasion Items Clause: Evasion items are banned\n|rule|Evasion Moves Clause: Evasion moves are banned\n|rule|Endless Battle Clause: Forcing endless battles is banned\n|rule|HP Percentage Mod: HP is shown in percentages\n|clearpoke\n|poke|p1|Dragapult, M|\n|poke|p1|Weavile, M|\n|poke|p1|Ursaluna, M|\n|poke|p1|Alomomola, F|\n|poke|p1|Weezing-Galar, M|\n|poke|p1|Landorus-Therian, M|\n|poke|p2|Amoonguss, M|\n|poke|p2|Iron Valiant|\n|poke|p2|Sandy Shocks|\n|poke|p2|Rotom-Wash|\n|poke|p2|Hydreigon, M|\n|poke|p2|Cinderace, M|\n|teampreview\n|\n|t:|1699841972\n|start\n|switch|p1a: Shadow|Weavile, M|100\/100\n|switch|p2a: Rotom|Rotom-Wash|100\/100\n|-ability|p1a: Shadow|Pressure\n|turn|1\n|\n|t:|1699841991\n|switch|p1a: Jasper|Landorus-Therian, M|100\/100\n|-ability|p1a: Jasper|Intimidate|boost\n|-unboost|p2a: Rotom|atk|1\n|move|p2a: Rotom|Thunder Wave|p1a: Jasper\n|-immune|p1a: Jasper\n|\n|upkeep\n|turn|2\n|\n|t:|1699842000\n|move|p1a: Jasper|Stealth Rock|p2a: Rotom\n|-sidestart|p2: skulljester29|move: Stealth Rock\n|move|p2a: Rotom|Hydro Pump|p1a: Jasper\n|-supereffective|p1a: Jasper\n|-damage|p1a: Jasper|40\/100\n|\n|-heal|p1a: Jasper|46\/100|[from] item: Leftovers\n|upkeep\n|turn|3\n|\n|t:|1699842012\n|move|p1a: Jasper|Stone Edge|p2a: Rotom\n|-damage|p2a: Rotom|68\/100\n|move|p2a: Rotom|Hydro Pump|p1a: Jasper\n|-supereffective|p1a: Jasper\n|-damage|p1a: Jasper|0 fnt\n|faint|p1a: Jasper\n|\n|-heal|p2a: Rotom|74\/100|[from] item: Leftovers\n|upkeep\n|\n|t:|1699842026\n|switch|p1a: Diplo|Dragapult, M|100\/100\n|turn|4\n|\n|t:|1699842031\n|move|p1a: Diplo|Draco Meteor|p2a: Rotom\n|-damage|p2a: Rotom|3\/100\n|-unboost|p1a: Diplo|spa|2\n|move|p2a: Rotom|Thunder Wave|p1a: Diplo\n|-status|p1a: Diplo|par\n|\n|-heal|p2a: Rotom|9\/100|[from] item: Leftovers\n|upkeep\n|turn|5\n|\n|t:|1699842044\n|switch|p1a: Ponyo|Alomomola, F|100\/100\n|move|p2a: Rotom|Protect||[still]\n|-fail|p2a: Rotom\n|\n|-heal|p2a: Rotom|15\/100|[from] item: Leftovers\n|upkeep\n|turn|6\n|\n|t:|1699842050\n|move|p2a: Rotom|Protect|p2a: Rotom\n|-singleturn|p2a: Rotom|Protect\n|move|p1a: Ponyo|Flip Turn|p2a: Rotom\n|-activate|p2a: Rotom|move: Protect\n|\n|-heal|p2a: Rotom|22\/100|[from] item: Leftovers\n|upkeep\n|turn|7\n|\n|t:|1699842058\n|move|p2a: Rotom|Volt Switch|p1a: Ponyo\n|-supereffective|p1a: Ponyo\n|-damage|p1a: Ponyo|43\/100\n|\n|t:|1699842066\n|switch|p2a: Hydreigon|Hydreigon, M|100\/100|[from] Volt Switch\n|-damage|p2a: Hydreigon|88\/100|[from] Stealth Rock\n|move|p1a: Ponyo|Flip Turn|p2a: Hydreigon\n|-resisted|p2a: Hydreigon\n|-damage|p2a: Hydreigon|79\/100\n|\n|t:|1699842079\n|switch|p1a: Shadow|Weavile, M|100\/100|[from] Flip Turn\n|-ability|p1a: Shadow|Pressure\n|\n|upkeep\n|turn|8\n|\n|t:|1699842091\n|-terastallize|p2a: Hydreigon|Fairy\n|move|p1a: Shadow|Icicle Crash|p2a: Hydreigon\n|-damage|p2a: Hydreigon|33\/100\n|move|p2a: Hydreigon|Draco Meteor|p1a: Shadow\n|-damage|p1a: Shadow|0 fnt\n|-unboost|p2a: Hydreigon|spa|2\n|faint|p1a: Shadow\n|-damage|p2a: Hydreigon|23\/100|[from] item: Life Orb\n|\n|upkeep\n|\n|t:|1699842110\n|switch|p1a: Banjo|Ursaluna, M|100\/100\n|turn|9\n|\n|t:|1699842115\n|move|p2a: Hydreigon|Draco Meteor|p1a: Banjo|[miss]\n|-miss|p2a: Hydreigon|p1a: Banjo\n|move|p1a: Banjo|Facade|p2a: Hydreigon\n|-damage|p2a: Hydreigon|0 fnt\n|faint|p2a: Hydreigon\n|\n|-status|p1a: Banjo|brn|[from] item: Flame Orb\n|upkeep\n|\n|t:|1699842128\n|switch|p2a: Iron Valiant|Iron Valiant|100\/100\n|-damage|p2a: Iron Valiant|94\/100|[from] Stealth Rock\n|-enditem|p2a: Iron Valiant|Booster Energy\n|-activate|p2a: Iron Valiant|ability: Quark Drive|[fromitem]\n|-start|p2a: Iron Valiant|quarkdrivespe\n|turn|10\n|\n|t:|1699842145\n|-terastallize|p1a: Banjo|Ghost\n|move|p2a: Iron Valiant|Close Combat|p1a: Banjo\n|-immune|p1a: Banjo\n|move|p1a: Banjo|Facade|p2a: Iron Valiant\n|-damage|p2a: Iron Valiant|0 fnt\n|faint|p2a: Iron Valiant\n|-end|p2a: Iron Valiant|Quark Drive|[silent]\n|\n|-damage|p1a: Banjo|94\/100 brn|[from] brn\n|upkeep\n|\n|t:|1699842158\n|switch|p2a: Sandy Shocks|Sandy Shocks|100\/100\n|-damage|p2a: Sandy Shocks|94\/100|[from] Stealth Rock\n|turn|11\n|\n|t:|1699842164\n|move|p2a: Sandy Shocks|Volt Switch|p1a: Banjo\n|-damage|p1a: Banjo|62\/100 brn\n|\n|t:|1699842167\n|-end|p2a: Sandy Shocks|Protosynthesis|[silent]\n|switch|p2a: Rotom|Rotom-Wash|22\/100|[from] Volt Switch\n|-damage|p2a: Rotom|9\/100|[from] Stealth Rock\n|move|p1a: Banjo|Facade|p2a: Rotom\n|-damage|p2a: Rotom|0 fnt\n|faint|p2a: Rotom\n|\n|-damage|p1a: Banjo|56\/100 brn|[from] brn\n|upkeep\n|\n|t:|1699842175\n|switch|p2a: Cinderace|Cinderace, M|100\/100\n|turn|12\n|\n|t:|1699842183\n|switch|p1a: Ponyo|Alomomola, F|76\/100\n|move|p2a: Cinderace|Sucker Punch||[still]\n|-fail|p2a: Cinderace\n|\n|upkeep\n|turn|13\n|\n|t:|1699842188\n|move|p2a: Cinderace|U-turn|p1a: Ponyo\n|-start|p2a: Cinderace|typechange|Bug|[from] ability: Libero\n|-damage|p1a: Ponyo|60\/100\n|-damage|p2a: Cinderace|84\/100|[from] item: Rocky Helmet|[of] p1a: Ponyo\n|\n|t:|1699842194\n|switch|p2a: Amoonguss|Amoonguss, M|100\/100|[from] U-turn\n|-damage|p2a: Amoonguss|88\/100|[from] Stealth Rock\n|move|p1a: Ponyo|Wish|p1a: Ponyo\n|\n|upkeep\n|turn|14\n|\n|t:|1699842211\n|switch|p1a: Diplo|Dragapult, M|100\/100 par\n|move|p2a: Amoonguss|Giga Drain|p1a: Diplo\n|-resisted|p1a: Diplo\n|-damage|p1a: Diplo|86\/100 par\n|-heal|p2a: Amoonguss|93\/100|[from] drain|[of] p1a: Diplo\n|\n|-heal|p1a: Diplo|100\/100 par|[from] move: Wish|[wisher] Ponyo\n|upkeep\n|turn|15\n|\n|t:|1699842232\n|cant|p1a: Diplo|par\n|move|p2a: Amoonguss|Sludge Bomb|p1a: Diplo\n|-resisted|p1a: Diplo\n|-damage|p1a: Diplo|83\/100 par\n|\n|upkeep\n|turn|16\n|\n|t:|1699842245\n|switch|p2a: Cinderace|Cinderace, M|84\/100\n|cant|p1a: Diplo|par\n|\n|upkeep\n|turn|17\n|\n|t:|1699842250\n|switch|p1a: Ponyo|Alomomola, F|93\/100\n|move|p2a: Cinderace|Sucker Punch||[still]\n|-fail|p2a: Cinderace\n|\n|upkeep\n|turn|18\n|\n|t:|1699842255\n|move|p2a: Cinderace|Court Change|p2a: Cinderace\n|-start|p2a: Cinderace|typechange|Normal|[from] ability: Libero\n|-swapsideconditions\n|-activate|p2a: Cinderace|move: Court Change\n|move|p1a: Ponyo|Wish|p1a: Ponyo\n|\n|upkeep\n|turn|19\n|\n|t:|1699842260\n|move|p2a: Cinderace|U-turn|p1a: Ponyo\n|-damage|p1a: Ponyo|82\/100\n|-damage|p2a: Cinderace|67\/100|[from] item: Rocky Helmet|[of] p1a: Ponyo\n|\n|t:|1699842264\n|switch|p2a: Sandy Shocks|Sandy Shocks|94\/100|[from] U-turn\n|move|p1a: Ponyo|Flip Turn|p2a: Sandy Shocks\n|-supereffective|p2a: Sandy Shocks\n|-damage|p2a: Sandy Shocks|55\/100\n|\n|t:|1699842275\n|switch|p1a: Banjo|Ursaluna, M, tera:Ghost|56\/100 brn|[from] Flip Turn\n|-damage|p1a: Banjo|44\/100 brn|[from] Stealth Rock\n|\n|-heal|p1a: Banjo|100\/100 brn|[from] move: Wish|[wisher] Ponyo\n|-damage|p1a: Banjo|94\/100 brn|[from] brn\n|upkeep\n|turn|20\n|\n|t:|1699842285\n|move|p2a: Sandy Shocks|Volt Switch|p1a: Banjo\n|-damage|p1a: Banjo|59\/100 brn\n|\n|t:|1699842287\n|-end|p2a: Sandy Shocks|Protosynthesis|[silent]\n|switch|p2a: Amoonguss|Amoonguss, M|100\/100|[from] Volt Switch\n|move|p1a: Banjo|Facade|p2a: Amoonguss\n|-damage|p2a: Amoonguss|8\/100\n|\n|-damage|p1a: Banjo|53\/100 brn|[from] brn\n|upkeep\n|turn|21\n|\n|t:|1699842297\n|move|p1a: Banjo|Facade|p2a: Amoonguss\n|-damage|p2a: Amoonguss|0 fnt\n|faint|p2a: Amoonguss\n|\n|-damage|p1a: Banjo|47\/100 brn|[from] brn\n|upkeep\n|\n|t:|1699842303\n|switch|p2a: Sandy Shocks|Sandy Shocks|55\/100\n|turn|22\n|\n|t:|1699842345\n|move|p2a: Sandy Shocks|Volt Switch|p1a: Banjo\n|-damage|p1a: Banjo|15\/100 brn\n|\n|t:|1699842348\n|-end|p2a: Sandy Shocks|Protosynthesis|[silent]\n|switch|p2a: Cinderace|Cinderace, M|67\/100|[from] Volt Switch\n|move|p1a: Banjo|Facade|p2a: Cinderace\n|-damage|p2a: Cinderace|0 fnt\n|faint|p2a: Cinderace\n|\n|-damage|p1a: Banjo|9\/100 brn|[from] brn\n|upkeep\n|\n|t:|1699842356\n|switch|p2a: Sandy Shocks|Sandy Shocks|55\/100\n|turn|23\n|\n|t:|1699842361\n|move|p2a: Sandy Shocks|Earth Power|p1a: Banjo\n|-damage|p1a: Banjo|0 fnt\n|faint|p1a: Banjo\n|\n|upkeep\n|\n|t:|1699842376\n|switch|p1a: Diplo|Dragapult, M|83\/100 par\n|-damage|p1a: Diplo|70\/100 par|[from] Stealth Rock\n|turn|24\n|\n|t:|1699842379\n|move|p2a: Sandy Shocks|Earth Power|p1a: Diplo\n|-damage|p1a: Diplo|9\/100 par\n|move|p1a: Diplo|Shadow Ball|p2a: Sandy Shocks\n|-damage|p2a: Sandy Shocks|0 fnt\n|faint|p2a: Sandy Shocks\n|-end|p2a: Sandy Shocks|Protosynthesis|[silent]\n|\n|win|Charmalane\n|raw|Charmalane's rating: 1607 &rarr; <strong>1636<\/strong><br \/>(+29 for winning)\n|raw|skulljester29's rating: 1774 &rarr; <strong>1745<\/strong><br \/>(-29 for losing)\n","uploadtime":1699842385,"views":15,"p1id":"charmalane","p2id":"skulljester29","formatid":"gen9ou","rating":1636,"private":0,"password":""}