{"id":"gen9ou-1994390337","p1":"JogadorCaro","p2":"Anriot","format":"[Gen 9] OU","log":"|j|\u2606JogadorCaro\n|j|\u2606Anriot\n|t:|1700438450\n|gametype|singles\n|player|p1|JogadorCaro|tate|1245\n|player|p2|Anriot|riley|1301\n|teamsize|p1|6\n|teamsize|p2|6\n|gen|9\n|tier|[Gen 9] OU\n|rated|\n|rule|Sleep Clause Mod: Limit one foe put to sleep\n|rule|Species Clause: Limit one of each Pok\u00e9mon\n|rule|OHKO Clause: OHKO moves are banned\n|rule|Evasion Items Clause: Evasion items are banned\n|rule|Evasion Moves Clause: Evasion moves are banned\n|rule|Endless Battle Clause: Forcing endless battles is banned\n|rule|HP Percentage Mod: HP is shown in percentages\n|clearpoke\n|poke|p1|Quaquaval, M|\n|poke|p1|Skeledirge, M|\n|poke|p1|Meowscarada, F|\n|poke|p1|Great Tusk|\n|poke|p1|Garganacl, M|\n|poke|p1|Dragonite, F|\n|poke|p2|Empoleon, F|\n|poke|p2|Kingambit, F|\n|poke|p2|Heatran, M|\n|poke|p2|Iron Valiant|\n|poke|p2|Zapdos|\n|poke|p2|Dondozo, F|\n|teampreview\n|\n|t:|1700438467\n|start\n|switch|p1a: Jose Aldo|Great Tusk|100\/100\n|switch|p2a: Empoleon|Empoleon, F|100\/100\n|turn|1\n|\n|t:|1700438487\n|-end|p1a: Jose Aldo|Protosynthesis|[silent]\n|switch|p1a: Cleiton|Dragonite, F|100\/100\n|switch|p2a: Dondozo|Dondozo, F|100\/100\n|\n|upkeep\n|turn|2\n|\n|t:|1700438508\n|switch|p2a: Zapdos|Zapdos|100\/100\n|move|p1a: Cleiton|Extreme Speed|p2a: Zapdos\n|-damage|p2a: Zapdos|60\/100\n|-status|p1a: Cleiton|par|[from] ability: Static|[of] p2a: Zapdos\n|\n|upkeep\n|turn|3\n|inactive|Battle timer is ON: inactive players will automatically lose when time's up. (requested by Anriot)\n|\n|t:|1700438515\n|move|p2a: Zapdos|Thunderbolt|p1a: Cleiton\n|-damage|p1a: Cleiton|78\/100 par\n|cant|p1a: Cleiton|par\n|\n|upkeep\n|turn|4\n|\n|t:|1700438519\n|move|p2a: Zapdos|Volt Switch|p1a: Cleiton\n|-damage|p1a: Cleiton|42\/100 par\n|\n|t:|1700438523\n|switch|p2a: Empoleon|Empoleon, F|100\/100|[from] Volt Switch\n|move|p1a: Cleiton|Dragon Dance|p1a: Cleiton\n|-boost|p1a: Cleiton|atk|1\n|-boost|p1a: Cleiton|spe|1\n|\n|upkeep\n|turn|5\n|\n|t:|1700438530\n|move|p1a: Cleiton|Earthquake|p2a: Empoleon\n|-supereffective|p2a: Empoleon\n|-damage|p2a: Empoleon|0 fnt\n|faint|p2a: Empoleon\n|\n|upkeep\n|\n|t:|1700438535\n|switch|p2a: Iron Valiant|Iron Valiant|100\/100\n|-enditem|p2a: Iron Valiant|Booster Energy\n|-activate|p2a: Iron Valiant|ability: Quark Drive|[fromitem]\n|-start|p2a: Iron Valiant|quarkdrivespe\n|turn|6\n|\n|t:|1700438540\n|move|p1a: Cleiton|Extreme Speed|p2a: Iron Valiant\n|-damage|p2a: Iron Valiant|38\/100\n|move|p2a: Iron Valiant|Moonblast|p1a: Cleiton\n|-supereffective|p1a: Cleiton\n|-damage|p1a: Cleiton|0 fnt\n|faint|p1a: Cleiton\n|\n|upkeep\n|\n|t:|1700438549\n|switch|p1a: Nitrogenio|Skeledirge, M|100\/100\n|turn|7\n|\n|t:|1700438561\n|-end|p2a: Iron Valiant|Quark Drive|[silent]\n|switch|p2a: Heatran|Heatran, M|100\/100\n|-item|p2a: Heatran|Air Balloon\n|move|p1a: Nitrogenio|Shadow Ball|p2a: Heatran\n|-damage|p2a: Heatran|68\/100\n|-enditem|p2a: Heatran|Air Balloon\n|\n|upkeep\n|turn|8\n|\n|t:|1700438570\n|move|p2a: Heatran|Earth Power|p1a: Nitrogenio\n|-supereffective|p1a: Nitrogenio\n|-damage|p1a: Nitrogenio|51\/100\n|move|p1a: Nitrogenio|Shadow Ball|p2a: Heatran\n|-damage|p2a: Heatran|37\/100\n|\n|upkeep\n|turn|9\n|\n|t:|1700438579\n|switch|p1a: Dicro|Quaquaval, M|100\/100\n|move|p2a: Heatran|Earth Power|p1a: Dicro\n|-damage|p1a: Dicro|55\/100\n|\n|-heal|p1a: Dicro|62\/100|[from] item: Leftovers\n|upkeep\n|turn|10\n|\n|t:|1700438593\n|switch|p2a: Zapdos|Zapdos|60\/100\n|-terastallize|p1a: Dicro|Electric\n|move|p1a: Dicro|Aqua Step|p2a: Zapdos\n|-crit|p2a: Zapdos\n|-damage|p2a: Zapdos|0 fnt\n|-boost|p1a: Dicro|spe|1\n|faint|p2a: Zapdos\n|-ability|p1a: Dicro|Moxie|boost\n|-boost|p1a: Dicro|atk|1\n|\n|-heal|p1a: Dicro|68\/100|[from] item: Leftovers\n|upkeep\n|\n|t:|1700438600\n|switch|p2a: Dondozo|Dondozo, F|100\/100\n|turn|11\n|\n|t:|1700438604\n|switch|p1a: Julinha|Meowscarada, F|100\/100\n|move|p2a: Dondozo|Earthquake|p1a: Julinha\n|-resisted|p1a: Julinha\n|-damage|p1a: Julinha|83\/100\n|\n|upkeep\n|turn|12\n|\n|t:|1700438609\n|-terastallize|p2a: Dondozo|Fighting\n|move|p1a: Julinha|Flower Trick|p2a: Dondozo\n|-start|p1a: Julinha|typechange|Grass|[from] ability: Protean\n|-crit|p2a: Dondozo\n|-damage|p2a: Dondozo|69\/100\n|move|p2a: Dondozo|Body Press|p1a: Julinha\n|-damage|p1a: Julinha|12\/100\n|\n|-heal|p2a: Dondozo|75\/100|[from] item: Leftovers\n|upkeep\n|turn|13\n|\n|t:|1700438618\n|move|p1a: Julinha|Flower Trick|p2a: Dondozo\n|-crit|p2a: Dondozo\n|-damage|p2a: Dondozo|42\/100\n|move|p2a: Dondozo|Body Press|p1a: Julinha\n|-damage|p1a: Julinha|0 fnt\n|faint|p1a: Julinha\n|\n|-heal|p2a: Dondozo|48\/100|[from] item: Leftovers\n|upkeep\n|\n|t:|1700438642\n|switch|p1a: Dicro|Quaquaval, M, tera:Electric|68\/100\n|turn|14\n|\n|t:|1700438647\n|move|p1a: Dicro|Aqua Step|p2a: Dondozo\n|-damage|p2a: Dondozo|29\/100\n|-boost|p1a: Dicro|spe|1\n|move|p2a: Dondozo|Earthquake|p1a: Dicro\n|-supereffective|p1a: Dicro\n|-damage|p1a: Dicro|7\/100\n|\n|-heal|p1a: Dicro|13\/100|[from] item: Leftovers\n|-heal|p2a: Dondozo|35\/100|[from] item: Leftovers\n|upkeep\n|turn|15\n|\n|t:|1700438654\n|move|p1a: Dicro|Close Combat|p2a: Dondozo\n|-damage|p2a: Dondozo|8\/100\n|-unboost|p1a: Dicro|def|1\n|-unboost|p1a: Dicro|spd|1\n|move|p2a: Dondozo|Earthquake|p1a: Dicro\n|-supereffective|p1a: Dicro\n|-damage|p1a: Dicro|0 fnt\n|faint|p1a: Dicro\n|\n|-heal|p2a: Dondozo|14\/100|[from] item: Leftovers\n|upkeep\n|\n|t:|1700438660\n|switch|p1a: Jose Aldo|Great Tusk|100\/100\n|turn|16\n|\n|t:|1700438666\n|move|p1a: Jose Aldo|Earthquake|p2a: Dondozo\n|-damage|p2a: Dondozo|0 fnt\n|faint|p2a: Dondozo\n|\n|upkeep\n|\n|t:|1700438673\n|switch|p2a: Iron Valiant|Iron Valiant|38\/100\n|turn|17\n|\n|t:|1700438675\n|-end|p1a: Jose Aldo|Protosynthesis|[silent]\n|switch|p1a: Barba Branca|Garganacl, M|100\/100\n|move|p2a: Iron Valiant|Moonblast|p1a: Barba Branca\n|-damage|p1a: Barba Branca|55\/100\n|\n|-heal|p1a: Barba Branca|61\/100|[from] item: Leftovers\n|upkeep\n|turn|18\n|\n|t:|1700438681\n|move|p2a: Iron Valiant|Aura Sphere|p1a: Barba Branca\n|-supereffective|p1a: Barba Branca\n|-damage|p1a: Barba Branca|0 fnt\n|faint|p1a: Barba Branca\n|\n|upkeep\n|\n|t:|1700438684\n|switch|p1a: Nitrogenio|Skeledirge, M|51\/100\n|turn|19\n|\n|t:|1700438691\n|move|p2a: Iron Valiant|Shadow Ball|p1a: Nitrogenio\n|-supereffective|p1a: Nitrogenio\n|-damage|p1a: Nitrogenio|10\/100\n|move|p1a: Nitrogenio|Slack Off|p1a: Nitrogenio\n|-heal|p1a: Nitrogenio|61\/100\n|\n|upkeep\n|turn|20\n|\n|t:|1700438699\n|-end|p2a: Iron Valiant|Quark Drive|[silent]\n|switch|p2a: Heatran|Heatran, M|37\/100\n|move|p1a: Nitrogenio|Slack Off|p1a: Nitrogenio\n|-heal|p1a: Nitrogenio|100\/100\n|\n|upkeep\n|turn|21\n|\n|t:|1700438704\n|move|p2a: Heatran|Taunt|p1a: Nitrogenio\n|-start|p1a: Nitrogenio|move: Taunt\n|move|p1a: Nitrogenio|Shadow Ball|p2a: Heatran\n|-damage|p2a: Heatran|8\/100\n|\n|upkeep\n|turn|22\n|\n|t:|1700438709\n|move|p2a: Heatran|Earth Power|p1a: Nitrogenio\n|-supereffective|p1a: Nitrogenio\n|-damage|p1a: Nitrogenio|50\/100\n|move|p1a: Nitrogenio|Shadow Ball|p2a: Heatran\n|-damage|p2a: Heatran|0 fnt\n|faint|p2a: Heatran\n|\n|upkeep\n|\n|t:|1700438715\n|switch|p2a: Iron Valiant|Iron Valiant|38\/100\n|turn|23\n|\n|t:|1700438721\n|move|p2a: Iron Valiant|Shadow Ball|p1a: Nitrogenio\n|-supereffective|p1a: Nitrogenio\n|-damage|p1a: Nitrogenio|11\/100\n|move|p1a: Nitrogenio|Torch Song|p2a: Iron Valiant\n|-damage|p2a: Iron Valiant|0 fnt\n|-boost|p1a: Nitrogenio|spa|1\n|faint|p2a: Iron Valiant\n|-end|p2a: Iron Valiant|Quark Drive|[silent]\n|\n|-end|p1a: Nitrogenio|move: Taunt\n|upkeep\n|\n|t:|1700438727\n|switch|p2a: Kingambit|Kingambit, F|100\/100\n|-activate|p2a: Kingambit|ability: Supreme Overlord\n|-start|p2a: Kingambit|fallen5|[silent]\n|turn|24\n|\n|t:|1700438730\n|move|p2a: Kingambit|Kowtow Cleave|p1a: Nitrogenio\n|-supereffective|p1a: Nitrogenio\n|-damage|p1a: Nitrogenio|0 fnt\n|faint|p1a: Nitrogenio\n|\n|upkeep\n|\n|t:|1700438733\n|switch|p1a: Jose Aldo|Great Tusk|100\/100\n|turn|25\n|\n|t:|1700438739\n|move|p2a: Kingambit|Iron Head|p1a: Jose Aldo\n|-damage|p1a: Jose Aldo|73\/100\n|cant|p1a: Jose Aldo|flinch\n|\n|upkeep\n|turn|26\n|\n|t:|1700438748\n|move|p2a: Kingambit|Iron Head|p1a: Jose Aldo\n|-damage|p1a: Jose Aldo|43\/100\n|move|p1a: Jose Aldo|Body Press|p2a: Kingambit\n|-supereffective|p2a: Kingambit\n|-damage|p2a: Kingambit|0 fnt\n|faint|p2a: Kingambit\n|-end|p2a: Kingambit|fallen5|[silent]\n|\n|win|JogadorCaro\n|raw|JogadorCaro's rating: 1245 &rarr; <strong>1274<\/strong><br \/>(+29 for winning)\n|raw|Anriot's rating: 1301 &rarr; <strong>1278<\/strong><br \/>(-23 for losing)\n|l|\u2606Anriot\n","uploadtime":1700438757,"views":7,"p1id":"jogadorcaro","p2id":"anriot","formatid":"gen9ou","rating":1274,"private":0,"password":""}