{"id":"gen9ou-1990876129","p1":"OUFC Test1","p2":"Dog mendigoso","format":"[Gen 9] OU","log":"|j|\u2606OUFC Test1\n|j|\u2606Dog mendigoso\n|t:|1700010291\n|gametype|singles\n|player|p1|OUFC Test1|iono|1629\n|player|p2|Dog mendigoso|giovanni|1810\n|teamsize|p1|6\n|teamsize|p2|6\n|gen|9\n|tier|[Gen 9] OU\n|rated|\n|rule|Sleep Clause Mod: Limit one foe put to sleep\n|rule|Species Clause: Limit one of each Pok\u00e9mon\n|rule|OHKO Clause: OHKO moves are banned\n|rule|Evasion Items Clause: Evasion items are banned\n|rule|Evasion Moves Clause: Evasion moves are banned\n|rule|Endless Battle Clause: Forcing endless battles is banned\n|rule|HP Percentage Mod: HP is shown in percentages\n|clearpoke\n|poke|p1|Zamazenta-*|\n|poke|p1|Ting-Lu|\n|poke|p1|Moltres|\n|poke|p1|Gholdengo|\n|poke|p1|Clefable, M|\n|poke|p1|Ogerpon-Wellspring, F|\n|poke|p2|Iron Valiant|\n|poke|p2|Dragonite, F|\n|poke|p2|Heatran, M|\n|poke|p2|Alomomola, F|\n|poke|p2|Zamazenta-*|\n|poke|p2|Corviknight, M|\n|teampreview\n|inactive|Battle timer is ON: inactive players will automatically lose when time's up. (requested by Dog mendigoso)\n|c|\u2606OUFC Test1|gl\n|\n|t:|1700010319\n|start\n|switch|p1a: Ting-Lu|Ting-Lu|100\/100\n|switch|p2a: Iron Valiant|Iron Valiant|100\/100\n|-ability|p1a: Ting-Lu|Vessel of Ruin\n|turn|1\n|\n|t:|1700010324\n|switch|p1a: Moltres|Moltres|100\/100\n|move|p2a: Iron Valiant|Moonblast|p1a: Moltres\n|-resisted|p1a: Moltres\n|-damage|p1a: Moltres|64\/100\n|\n|upkeep\n|turn|2\n|\n|t:|1700010333\n|-end|p2a: Iron Valiant|Quark Drive|[silent]\n|switch|p2a: Heatran|Heatran, M|100\/100\n|move|p1a: Moltres|Roost|p1a: Moltres\n|-heal|p1a: Moltres|100\/100\n|-singleturn|p1a: Moltres|move: Roost\n|\n|upkeep\n|turn|3\n|\n|t:|1700010336\n|move|p1a: Moltres|U-turn|p2a: Heatran\n|-resisted|p2a: Heatran\n|-damage|p2a: Heatran|98\/100\n|\n|t:|1700010338\n|switch|p1a: Ting-Lu|Ting-Lu|100\/100|[from] U-turn\n|-ability|p1a: Ting-Lu|Vessel of Ruin\n|move|p2a: Heatran|Stealth Rock|p1a: Ting-Lu\n|-sidestart|p1: OUFC Test1|move: Stealth Rock\n|\n|-heal|p2a: Heatran|100\/100|[from] item: Leftovers\n|upkeep\n|turn|4\n|j| gfhsfgdfgsd\n|\n|t:|1700010342\n|switch|p2a: Iron Valiant|Iron Valiant|100\/100\n|move|p1a: Ting-Lu|Spikes|p2a: Iron Valiant\n|-sidestart|p2: Dog mendigoso|Spikes\n|\n|upkeep\n|turn|5\n|\n|t:|1700010349\n|move|p2a: Iron Valiant|Thunderbolt|p1a: Ting-Lu\n|-immune|p1a: Ting-Lu\n|move|p1a: Ting-Lu|Ruination|p2a: Iron Valiant\n|-damage|p2a: Iron Valiant|51\/100\n|\n|upkeep\n|turn|6\n|\n|t:|1700010353\n|-end|p2a: Iron Valiant|Quark Drive|[silent]\n|switch|p2a: Alomomola|Alomomola, F|100\/100\n|-damage|p2a: Alomomola|88\/100|[from] Spikes\n|move|p1a: Ting-Lu|Spikes|p2a: Alomomola\n|-sidestart|p2: Dog mendigoso|Spikes\n|\n|upkeep\n|turn|7\n|\n|t:|1700010357\n|move|p2a: Alomomola|Wish|p2a: Alomomola\n|move|p1a: Ting-Lu|Spikes|p2a: Alomomola\n|-sidestart|p2: Dog mendigoso|Spikes\n|\n|upkeep\n|turn|8\n|\n|t:|1700010364\n|move|p2a: Alomomola|Scald|p1a: Ting-Lu\n|-supereffective|p1a: Ting-Lu\n|-damage|p1a: Ting-Lu|90\/100\n|move|p1a: Ting-Lu|Earthquake|p2a: Alomomola\n|-damage|p2a: Alomomola|69\/100\n|-enditem|p2a: Alomomola|Red Card|[of] p1a: Ting-Lu\n|drag|p1a: Ogerpon|Ogerpon-Wellspring, F|100\/100\n|-damage|p1a: Ogerpon|88\/100|[from] Stealth Rock\n|\n|-heal|p2a: Alomomola|100\/100|[from] move: Wish|[wisher] Alomomola\n|upkeep\n|turn|9\n|\n|t:|1700010379\n|switch|p2a: Corviknight|Corviknight, M|100\/100\n|-ability|p2a: Corviknight|Pressure\n|move|p1a: Ogerpon|Ivy Cudgel|p2a: Corviknight|[anim] Ivy Cudgel Water\n|-damage|p2a: Corviknight|59\/100\n|\n|-heal|p2a: Corviknight|65\/100|[from] item: Leftovers\n|upkeep\n|turn|10\n|\n|t:|1700010386\n|move|p1a: Ogerpon|U-turn|p2a: Corviknight\n|-resisted|p2a: Corviknight\n|-damage|p2a: Corviknight|60\/100\n|\n|t:|1700010388\n|switch|p1a: Gholdengo|Gholdengo|100\/100|[from] U-turn\n|-damage|p1a: Gholdengo|94\/100|[from] Stealth Rock\n|move|p2a: Corviknight|Defog|p1a: Gholdengo\n|-immune|p1a: Gholdengo|[from] ability: Good as Gold\n|\n|-heal|p2a: Corviknight|66\/100|[from] item: Leftovers\n|upkeep\n|turn|11\n|\n|t:|1700010394\n|move|p1a: Gholdengo|Shadow Ball|p2a: Corviknight\n|-damage|p2a: Corviknight|17\/100\n|move|p2a: Corviknight|Roost|p2a: Corviknight\n|-heal|p2a: Corviknight|67\/100\n|-singleturn|p2a: Corviknight|move: Roost\n|\n|-heal|p2a: Corviknight|73\/100|[from] item: Leftovers\n|upkeep\n|turn|12\n|\n|t:|1700010403\n|switch|p2a: Dragonite|Dragonite, F|100\/100\n|move|p1a: Gholdengo|Shadow Ball|p2a: Dragonite\n|-damage|p2a: Dragonite|68\/100\n|\n|upkeep\n|turn|13\n|\n|t:|1700010407\n|switch|p1a: Moltres|Moltres|100\/100\n|-terastallize|p2a: Dragonite|Normal\n|move|p2a: Dragonite|Roost|p2a: Dragonite\n|-heal|p2a: Dragonite|100\/100\n|\n|upkeep\n|turn|14\n|\n|t:|1700010414\n|switch|p2a: Alomomola|Alomomola, F|100\/100\n|-damage|p2a: Alomomola|76\/100|[from] Spikes\n|move|p1a: Moltres|U-turn|p2a: Alomomola\n|-damage|p2a: Alomomola|68\/100\n|\n|t:|1700010419\n|switch|p1a: Ogerpon|Ogerpon-Wellspring, F|88\/100|[from] U-turn\n|-damage|p1a: Ogerpon|76\/100|[from] Stealth Rock\n|\n|upkeep\n|turn|15\n|\n|t:|1700010424\n|switch|p2a: Corviknight|Corviknight, M|73\/100\n|-ability|p2a: Corviknight|Pressure\n|move|p1a: Ogerpon|Horn Leech|p2a: Corviknight\n|-resisted|p2a: Corviknight\n|-damage|p2a: Corviknight|65\/100\n|-heal|p1a: Ogerpon|81\/100|[from] drain|[of] p2a: Corviknight\n|\n|-heal|p2a: Corviknight|72\/100|[from] item: Leftovers\n|upkeep\n|turn|16\n|\n|t:|1700010428\n|move|p1a: Ogerpon|U-turn|p2a: Corviknight\n|-resisted|p2a: Corviknight\n|-damage|p2a: Corviknight|66\/100\n|\n|t:|1700010431\n|switch|p1a: Gholdengo|Gholdengo|94\/100|[from] U-turn\n|-damage|p1a: Gholdengo|88\/100|[from] Stealth Rock\n|move|p2a: Corviknight|U-turn|p1a: Gholdengo\n|-resisted|p1a: Gholdengo\n|-damage|p1a: Gholdengo|85\/100\n|\n|t:|1700010439\n|switch|p2a: Heatran|Heatran, M|100\/100|[from] U-turn\n|-damage|p2a: Heatran|76\/100|[from] Spikes\n|\n|-heal|p2a: Heatran|82\/100|[from] item: Leftovers\n|upkeep\n|turn|17\n|\n|t:|1700010454\n|move|p1a: Gholdengo|Focus Blast|p2a: Heatran\n|-supereffective|p2a: Heatran\n|-crit|p2a: Heatran\n|-damage|p2a: Heatran|0 fnt\n|faint|p2a: Heatran\n|\n|upkeep\n|\n|t:|1700010463\n|switch|p2a: Corviknight|Corviknight, M|66\/100\n|-ability|p2a: Corviknight|Pressure\n|turn|18\n|\n|t:|1700010470\n|move|p1a: Gholdengo|Focus Blast|p2a: Corviknight\n|-damage|p2a: Corviknight|15\/100\n|move|p2a: Corviknight|Roost|p2a: Corviknight\n|-heal|p2a: Corviknight|65\/100\n|-singleturn|p2a: Corviknight|move: Roost\n|\n|-heal|p2a: Corviknight|71\/100|[from] item: Leftovers\n|upkeep\n|turn|19\n|\n|t:|1700010481\n|switch|p1a: Moltres|Moltres|100\/100\n|move|p2a: Corviknight|Defog|p1a: Moltres\n|-unboost|p1a: Moltres|evasion|1\n|-sideend|p1: OUFC Test1|Stealth Rock|[from] move: Defog|[of] p2a: Corviknight\n|-sideend|p2: Dog mendigoso|Spikes|[from] move: Defog|[of] p2a: Corviknight\n|\n|-heal|p2a: Corviknight|77\/100|[from] item: Leftovers\n|upkeep\n|turn|20\n|\n|t:|1700010488\n|move|p1a: Moltres|Will-O-Wisp|p2a: Corviknight\n|-status|p2a: Corviknight|brn\n|move|p2a: Corviknight|U-turn|p1a: Moltres\n|-resisted|p1a: Moltres\n|-crit|p1a: Moltres\n|-damage|p1a: Moltres|99\/100\n|\n|t:|1700010492\n|switch|p2a: Iron Valiant|Iron Valiant|51\/100|[from] U-turn\n|\n|upkeep\n|turn|21\n|\n|t:|1700010500\n|move|p2a: Iron Valiant|Trick|p1a: Moltres\n|-activate|p2a: Iron Valiant|move: Trick|[of] p1a: Moltres\n|-item|p1a: Moltres|Choice Specs|[from] move: Trick\n|-item|p2a: Iron Valiant|Heavy-Duty Boots|[from] move: Trick\n|move|p1a: Moltres|Roost|p1a: Moltres\n|-heal|p1a: Moltres|100\/100\n|-singleturn|p1a: Moltres|move: Roost\n|\n|upkeep\n|turn|22\n|\n|t:|1700010505\n|switch|p1a: Clefable|Clefable, M|100\/100\n|move|p2a: Iron Valiant|Moonblast|p1a: Clefable\n|-damage|p1a: Clefable|59\/100\n|-unboost|p1a: Clefable|spa|1\n|\n|-heal|p1a: Clefable|65\/100|[from] item: Leftovers\n|upkeep\n|turn|23\n|\n|t:|1700010511\n|-end|p2a: Iron Valiant|Quark Drive|[silent]\n|switch|p2a: Corviknight|Corviknight, M|77\/100 brn\n|-ability|p2a: Corviknight|Pressure\n|move|p1a: Clefable|Moonlight|p1a: Clefable\n|-heal|p1a: Clefable|100\/100\n|\n|-heal|p2a: Corviknight|83\/100 brn|[from] item: Leftovers\n|-damage|p2a: Corviknight|77\/100 brn|[from] brn\n|upkeep\n|turn|24\n|\n|t:|1700010515\n|move|p2a: Corviknight|U-turn|p1a: Clefable\n|-resisted|p1a: Clefable\n|-damage|p1a: Clefable|98\/100\n|\n|t:|1700010519\n|switch|p2a: Iron Valiant|Iron Valiant|51\/100|[from] U-turn\n|move|p1a: Clefable|Stealth Rock|p2a: Iron Valiant\n|-sidestart|p2: Dog mendigoso|move: Stealth Rock\n|\n|-heal|p1a: Clefable|100\/100|[from] item: Leftovers\n|upkeep\n|turn|25\n|\n|t:|1700010527\n|-end|p2a: Iron Valiant|Quark Drive|[silent]\n|switch|p2a: Corviknight|Corviknight, M|77\/100 brn\n|-damage|p2a: Corviknight|65\/100 brn|[from] Stealth Rock\n|-ability|p2a: Corviknight|Pressure\n|move|p1a: Clefable|Moonblast|p2a: Corviknight\n|-resisted|p2a: Corviknight\n|-damage|p2a: Corviknight|57\/100 brn\n|-unboost|p2a: Corviknight|spa|1\n|\n|-heal|p2a: Corviknight|64\/100 brn|[from] item: Leftovers\n|-damage|p2a: Corviknight|57\/100 brn|[from] brn\n|upkeep\n|turn|26\n|\n|t:|1700010529\n|switch|p1a: Gholdengo|Gholdengo|85\/100\n|move|p2a: Corviknight|Roost|p2a: Corviknight\n|-heal|p2a: Corviknight|100\/100 brn\n|-singleturn|p2a: Corviknight|move: Roost\n|\n|-damage|p2a: Corviknight|94\/100 brn|[from] brn\n|upkeep\n|turn|27\n|\n|t:|1700010535\n|move|p1a: Gholdengo|Shadow Ball|p2a: Corviknight\n|-damage|p2a: Corviknight|38\/100 brn\n|move|p2a: Corviknight|U-turn|p1a: Gholdengo\n|-resisted|p1a: Gholdengo\n|-damage|p1a: Gholdengo|83\/100\n|\n|t:|1700010540\n|switch|p2a: Dragonite|Dragonite, F, tera:Normal|100\/100|[from] U-turn\n|\n|upkeep\n|turn|28\n|\n|t:|1700010545\n|switch|p1a: Moltres|Moltres|100\/100\n|switch|p2a: Alomomola|Alomomola, F|100\/100\n|-damage|p2a: Alomomola|88\/100|[from] Stealth Rock\n|\n|upkeep\n|turn|29\n|\n|t:|1700010548\n|move|p1a: Moltres|U-turn|p2a: Alomomola\n|-damage|p2a: Alomomola|80\/100\n|\n|t:|1700010556\n|switch|p1a: Ogerpon|Ogerpon-Wellspring, F|81\/100|[from] U-turn\n|move|p2a: Alomomola|Scald|p1a: Ogerpon\n|-heal|p1a: Ogerpon|100\/100|[from] ability: Water Absorb|[of] p2a: Alomomola\n|\n|upkeep\n|turn|30\n|\n|t:|1700010565\n|switch|p2a: Corviknight|Corviknight, M|38\/100 brn\n|-damage|p2a: Corviknight|25\/100 brn|[from] Stealth Rock\n|-ability|p2a: Corviknight|Pressure\n|move|p1a: Ogerpon|Ivy Cudgel|p2a: Corviknight|[anim] Ivy Cudgel Water\n|-damage|p2a: Corviknight|0 fnt\n|faint|p2a: Corviknight\n|\n|upkeep\n|\n|t:|1700010568\n|switch|p2a: Zamazenta|Zamazenta|100\/100\n|-damage|p2a: Zamazenta|94\/100|[from] Stealth Rock\n|-ability|p2a: Zamazenta|Dauntless Shield|boost\n|-boost|p2a: Zamazenta|def|1\n|turn|31\n|\n|t:|1700010574\n|switch|p1a: Clefable|Clefable, M|100\/100\n|move|p2a: Zamazenta|Iron Defense|p2a: Zamazenta\n|-boost|p2a: Zamazenta|def|2\n|\n|-heal|p2a: Zamazenta|100\/100|[from] item: Leftovers\n|upkeep\n|turn|32\n|\n|t:|1700010579\n|switch|p1a: Gholdengo|Gholdengo|83\/100\n|move|p2a: Zamazenta|Body Press|p1a: Gholdengo\n|-immune|p1a: Gholdengo\n|\n|upkeep\n|turn|33\n|\n|t:|1700010586\n|move|p2a: Zamazenta|Substitute|p2a: Zamazenta\n|-start|p2a: Zamazenta|Substitute\n|-damage|p2a: Zamazenta|76\/100\n|move|p1a: Gholdengo|Make It Rain|p2a: Zamazenta\n|-end|p2a: Zamazenta|Substitute\n|-unboost|p1a: Gholdengo|spa|1\n|\n|-heal|p2a: Zamazenta|82\/100|[from] item: Leftovers\n|upkeep\n|turn|34\n|\n|t:|1700010593\n|move|p2a: Zamazenta|Substitute|p2a: Zamazenta\n|-start|p2a: Zamazenta|Substitute\n|-damage|p2a: Zamazenta|57\/100\n|move|p1a: Gholdengo|Make It Rain|p2a: Zamazenta\n|-end|p2a: Zamazenta|Substitute\n|-unboost|p1a: Gholdengo|spa|1\n|\n|-heal|p2a: Zamazenta|63\/100|[from] item: Leftovers\n|upkeep\n|turn|35\n|\n|t:|1700010596\n|switch|p1a: Ting-Lu|Ting-Lu|90\/100\n|-ability|p1a: Ting-Lu|Vessel of Ruin\n|move|p2a: Zamazenta|Substitute|p2a: Zamazenta\n|-start|p2a: Zamazenta|Substitute\n|-damage|p2a: Zamazenta|38\/100\n|\n|-heal|p2a: Zamazenta|45\/100|[from] item: Leftovers\n|-heal|p1a: Ting-Lu|96\/100|[from] item: Leftovers\n|upkeep\n|turn|36\n|\n|t:|1700010599\n|-terastallize|p1a: Ting-Lu|Poison\n|move|p2a: Zamazenta|Body Press|p1a: Ting-Lu\n|-resisted|p1a: Ting-Lu\n|-damage|p1a: Ting-Lu|74\/100\n|move|p1a: Ting-Lu|Spikes|p2a: Zamazenta\n|-sidestart|p2: Dog mendigoso|Spikes\n|\n|-heal|p2a: Zamazenta|51\/100|[from] item: Leftovers\n|-heal|p1a: Ting-Lu|80\/100|[from] item: Leftovers\n|upkeep\n|turn|37\n|\n|t:|1700010603\n|move|p2a: Zamazenta|Crunch|p1a: Ting-Lu\n|-damage|p1a: Ting-Lu|69\/100\n|move|p1a: Ting-Lu|Whirlwind|p2a: Zamazenta\n|drag|p2a: Alomomola|Alomomola, F|100\/100\n|-damage|p2a: Alomomola|88\/100|[from] Stealth Rock\n|-damage|p2a: Alomomola|76\/100|[from] Spikes\n|\n|-heal|p1a: Ting-Lu|75\/100|[from] item: Leftovers\n|upkeep\n|turn|38\n|\n|t:|1700010608\n|move|p2a: Alomomola|Wish|p2a: Alomomola\n|move|p1a: Ting-Lu|Spikes|p2a: Alomomola\n|-sidestart|p2: Dog mendigoso|Spikes\n|\n|-heal|p1a: Ting-Lu|81\/100|[from] item: Leftovers\n|upkeep\n|turn|39\n|\n|t:|1700010615\n|move|p2a: Alomomola|Flip Turn|p1a: Ting-Lu\n|-damage|p1a: Ting-Lu|74\/100\n|\n|t:|1700010618\n|switch|p2a: Zamazenta|Zamazenta|51\/100|[from] Flip Turn\n|-damage|p2a: Zamazenta|45\/100|[from] Stealth Rock\n|-damage|p2a: Zamazenta|28\/100|[from] Spikes\n|move|p1a: Ting-Lu|Whirlwind|p2a: Zamazenta\n|drag|p2a: Alomomola|Alomomola, F|100\/100\n|-damage|p2a: Alomomola|88\/100|[from] Stealth Rock\n|-damage|p2a: Alomomola|71\/100|[from] Spikes\n|\n|-heal|p2a: Alomomola|100\/100|[from] move: Wish|[wisher] Alomomola\n|-heal|p1a: Ting-Lu|80\/100|[from] item: Leftovers\n|upkeep\n|turn|40\n|\n|t:|1700010629\n|move|p2a: Alomomola|Wish|p2a: Alomomola\n|move|p1a: Ting-Lu|Spikes|p2a: Alomomola\n|-sidestart|p2: Dog mendigoso|Spikes\n|\n|-heal|p1a: Ting-Lu|86\/100|[from] item: Leftovers\n|upkeep\n|turn|41\n|\n|t:|1700010633\n|move|p2a: Alomomola|Scald|p1a: Ting-Lu\n|-crit|p1a: Ting-Lu\n|-damage|p1a: Ting-Lu|78\/100\n|move|p1a: Ting-Lu|Earthquake|p2a: Alomomola\n|-damage|p2a: Alomomola|82\/100\n|\n|-heal|p2a: Alomomola|100\/100|[from] move: Wish|[wisher] Alomomola\n|-heal|p1a: Ting-Lu|84\/100|[from] item: Leftovers\n|upkeep\n|turn|42\n|\n|t:|1700010639\n|switch|p1a: Ogerpon|Ogerpon-Wellspring, F|100\/100\n|move|p2a: Alomomola|Wish|p2a: Alomomola\n|\n|upkeep\n|turn|43\n|\n|t:|1700010643\n|switch|p2a: Dragonite|Dragonite, F, tera:Normal|100\/100\n|move|p1a: Ogerpon|Horn Leech|p2a: Dragonite\n|-damage|p2a: Dragonite|77\/100\n|\n|-heal|p2a: Dragonite|100\/100|[from] move: Wish|[wisher] Alomomola\n|upkeep\n|turn|44\n|\n|t:|1700010649\n|move|p1a: Ogerpon|U-turn|p2a: Dragonite\n|-damage|p2a: Dragonite|87\/100\n|\n|t:|1700010651\n|switch|p1a: Moltres|Moltres|100\/100|[from] U-turn\n|move|p2a: Dragonite|Dragon Dance|p2a: Dragonite\n|-boost|p2a: Dragonite|atk|1\n|-boost|p2a: Dragonite|spe|1\n|\n|upkeep\n|turn|45\n|\n|t:|1700010658\n|switch|p2a: Alomomola|Alomomola, F|100\/100\n|-damage|p2a: Alomomola|88\/100|[from] Stealth Rock\n|-damage|p2a: Alomomola|63\/100|[from] Spikes\n|move|p1a: Moltres|Will-O-Wisp|p2a: Alomomola\n|-status|p2a: Alomomola|brn\n|\n|-damage|p2a: Alomomola|57\/100 brn|[from] brn\n|upkeep\n|turn|46\n|\n|t:|1700010660\n|switch|p1a: Ogerpon|Ogerpon-Wellspring, F|100\/100\n|move|p2a: Alomomola|Flip Turn|p1a: Ogerpon\n|-immune|p1a: Ogerpon|[from] ability: Water Absorb\n|\n|-damage|p2a: Alomomola|51\/100 brn|[from] brn\n|upkeep\n|turn|47\n|\n|t:|1700010664\n|move|p1a: Ogerpon|Encore|p2a: Alomomola\n|-start|p2a: Alomomola|Encore\n|move|p2a: Alomomola|Flip Turn|p1a: Ogerpon\n|-immune|p1a: Ogerpon|[from] ability: Water Absorb\n|\n|-damage|p2a: Alomomola|45\/100 brn|[from] brn\n|upkeep\n|turn|48\n|\n|t:|1700010672\n|switch|p2a: Zamazenta|Zamazenta|28\/100\n|-damage|p2a: Zamazenta|22\/100|[from] Stealth Rock\n|-damage|p2a: Zamazenta|0 fnt|[from] Spikes\n|faint|p2a: Zamazenta\n|move|p1a: Ogerpon|Ivy Cudgel|p2: Zamazenta|[notarget]\n|-fail|p1a: Ogerpon\n|\n|upkeep\n|\n|t:|1700010677\n|switch|p2a: Dragonite|Dragonite, F, tera:Normal|87\/100\n|turn|49\n|\n|t:|1700010681\n|move|p1a: Ogerpon|U-turn|p2a: Dragonite\n|-damage|p2a: Dragonite|57\/100\n|\n|t:|1700010683\n|switch|p1a: Moltres|Moltres|100\/100|[from] U-turn\n|move|p2a: Dragonite|Roost|p2a: Dragonite\n|-heal|p2a: Dragonite|100\/100\n|\n|upkeep\n|turn|50\n|\n|t:|1700010690\n|switch|p2a: Iron Valiant|Iron Valiant|51\/100\n|move|p1a: Moltres|Will-O-Wisp|p2a: Iron Valiant\n|-status|p2a: Iron Valiant|brn\n|\n|-damage|p2a: Iron Valiant|44\/100 brn|[from] brn\n|upkeep\n|turn|51\n|\n|t:|1700010696\n|switch|p1a: Clefable|Clefable, M|100\/100\n|move|p2a: Iron Valiant|Moonblast|p1a: Clefable\n|-damage|p1a: Clefable|59\/100\n|\n|-heal|p1a: Clefable|65\/100|[from] item: Leftovers\n|-damage|p2a: Iron Valiant|38\/100 brn|[from] brn\n|upkeep\n|turn|52\n|\n|t:|1700010700\n|move|p2a: Iron Valiant|Trick|p1a: Clefable\n|-activate|p2a: Iron Valiant|move: Trick|[of] p1a: Clefable\n|-item|p1a: Clefable|Heavy-Duty Boots|[from] move: Trick\n|-item|p2a: Iron Valiant|Leftovers|[from] move: Trick\n|move|p1a: Clefable|Moonblast|p2a: Iron Valiant\n|-supereffective|p2a: Iron Valiant\n|-crit|p2a: Iron Valiant\n|-damage|p2a: Iron Valiant|0 fnt\n|faint|p2a: Iron Valiant\n|-end|p2a: Iron Valiant|Quark Drive|[silent]\n|\n|upkeep\n|\n|t:|1700010703\n|switch|p2a: Dragonite|Dragonite, F, tera:Normal|100\/100\n|turn|53\n|\n|t:|1700010708\n|switch|p1a: Moltres|Moltres|100\/100\n|move|p2a: Dragonite|Dragon Dance|p2a: Dragonite\n|-boost|p2a: Dragonite|atk|1\n|-boost|p2a: Dragonite|spe|1\n|\n|upkeep\n|turn|54\n|\n|t:|1700010713\n|switch|p2a: Alomomola|Alomomola, F|78\/100 brn\n|-damage|p2a: Alomomola|66\/100 brn|[from] Stealth Rock\n|-damage|p2a: Alomomola|41\/100 brn|[from] Spikes\n|move|p1a: Moltres|Will-O-Wisp|p2a: Alomomola\n|-fail|p2a: Alomomola|brn\n|\n|-damage|p2a: Alomomola|35\/100 brn|[from] brn\n|upkeep\n|turn|55\n|\n|t:|1700010718\n|switch|p1a: Ogerpon|Ogerpon-Wellspring, F|100\/100\n|switch|p2a: Dragonite|Dragonite, F, tera:Normal|100\/100\n|\n|upkeep\n|turn|56\n|\n|t:|1700010722\n|move|p2a: Dragonite|Extreme Speed|p1a: Ogerpon\n|-damage|p1a: Ogerpon|43\/100\n|move|p1a: Ogerpon|U-turn|p2a: Dragonite\n|-damage|p2a: Dragonite|87\/100\n|\n|t:|1700010725\n|switch|p1a: Clefable|Clefable, M|65\/100|[from] U-turn\n|\n|upkeep\n|turn|57\n|\n|t:|1700010729\n|move|p2a: Dragonite|Extreme Speed|p1a: Clefable\n|-damage|p1a: Clefable|32\/100\n|move|p1a: Clefable|Knock Off|p2a: Dragonite\n|-damage|p2a: Dragonite|70\/100\n|-enditem|p2a: Dragonite|Heavy-Duty Boots|[from] move: Knock Off|[of] p1a: Clefable\n|\n|upkeep\n|turn|58\n|\n|t:|1700010738\n|switch|p1a: Moltres|Moltres|100\/100\n|move|p2a: Dragonite|Dragon Dance|p2a: Dragonite\n|-boost|p2a: Dragonite|atk|1\n|-boost|p2a: Dragonite|spe|1\n|\n|upkeep\n|turn|59\n|\n|t:|1700010744\n|switch|p2a: Alomomola|Alomomola, F|68\/100 brn\n|-damage|p2a: Alomomola|56\/100 brn|[from] Stealth Rock\n|-damage|p2a: Alomomola|31\/100 brn|[from] Spikes\n|move|p1a: Moltres|Will-O-Wisp|p2a: Alomomola\n|-fail|p2a: Alomomola|brn\n|\n|-damage|p2a: Alomomola|24\/100 brn|[from] brn\n|upkeep\n|turn|60\n|\n|t:|1700010747\n|switch|p1a: Ogerpon|Ogerpon-Wellspring, F|43\/100\n|switch|p2a: Dragonite|Dragonite, F, tera:Normal|70\/100\n|-damage|p2a: Dragonite|58\/100|[from] Stealth Rock\n|-damage|p2a: Dragonite|33\/100|[from] Spikes\n|\n|upkeep\n|turn|61\n|\n|t:|1700010754\n|switch|p1a: Moltres|Moltres|100\/100\n|move|p2a: Dragonite|Extreme Speed|p1a: Moltres\n|-damage|p1a: Moltres|67\/100\n|\n|upkeep\n|turn|62\n|\n|t:|1700010758\n|move|p2a: Dragonite|Roost|p2a: Dragonite\n|-heal|p2a: Dragonite|83\/100\n|move|p1a: Moltres|U-turn|p2a: Dragonite\n|-damage|p2a: Dragonite|67\/100\n|\n|t:|1700010767\n|switch|p1a: Zamazenta|Zamazenta|100\/100|[from] U-turn\n|-ability|p1a: Zamazenta|Dauntless Shield|boost\n|-boost|p1a: Zamazenta|def|1\n|\n|upkeep\n|turn|63\n|\n|t:|1700010770\n|switch|p2a: Alomomola|Alomomola, F|58\/100 brn\n|-damage|p2a: Alomomola|45\/100 brn|[from] Stealth Rock\n|-damage|p2a: Alomomola|21\/100 brn|[from] Spikes\n|move|p1a: Zamazenta|Close Combat|p2a: Alomomola\n|-damage|p2a: Alomomola|0 fnt\n|-unboost|p1a: Zamazenta|def|1\n|-unboost|p1a: Zamazenta|spd|1\n|faint|p2a: Alomomola\n|\n|upkeep\n|\n|t:|1700010773\n|switch|p2a: Dragonite|Dragonite, F, tera:Normal|67\/100\n|-damage|p2a: Dragonite|55\/100|[from] Stealth Rock\n|-damage|p2a: Dragonite|30\/100|[from] Spikes\n|turn|64\n|c|\u2606OUFC Test1|gg\n|\n|t:|1700010775\n|move|p1a: Zamazenta|Close Combat|p2a: Dragonite\n|-supereffective|p2a: Dragonite\n|-damage|p2a: Dragonite|0 fnt\n|-unboost|p1a: Zamazenta|def|1\n|-unboost|p1a: Zamazenta|spd|1\n|faint|p2a: Dragonite\n|\n|win|OUFC Test1\n|raw|OUFC Test1's rating: 1629 &rarr; <strong>1659<\/strong><br \/>(+30 for winning)\n|raw|Dog mendigoso's rating: 1810 &rarr; <strong>1780<\/strong><br \/>(-30 for losing)\n|l|\u2606Dog mendigoso\n|l| gfhsfgdfgsd\n","uploadtime":1700010783,"views":16,"p1id":"oufctest1","p2id":"dogmendigoso","formatid":"gen9ou","rating":1659,"private":0,"password":""}