{"id":"gen9ou-1995951452","p1":"Kakashihatake101","p2":"MtyMiltanks","format":"[Gen 9] OU","log":"|j|\u2606Kakashihatake101\n|j|\u2606MtyMiltanks\n|t:|1700621201\n|gametype|singles\n|player|p1|Kakashihatake101|265|\n|player|p2|MtyMiltanks|lillie|\n|teamsize|p1|5\n|teamsize|p2|5\n|gen|9\n|tier|[Gen 9] OU\n|rule|Sleep Clause Mod: Limit one foe put to sleep\n|rule|Species Clause: Limit one of each Pok\u00e9mon\n|rule|OHKO Clause: OHKO moves are banned\n|rule|Evasion Items Clause: Evasion items are banned\n|rule|Evasion Moves Clause: Evasion moves are banned\n|rule|Endless Battle Clause: Forcing endless battles is banned\n|rule|HP Percentage Mod: HP is shown in percentages\n|clearpoke\n|poke|p1|Corviknight, F|\n|poke|p1|Pelipper, M|\n|poke|p1|Basculegion-F, F|\n|poke|p1|Dragapult, F|\n|poke|p1|Gholdengo|\n|poke|p2|Iron Valiant|\n|poke|p2|Sandy Shocks|\n|poke|p2|Ting-Lu|\n|poke|p2|Clefable, F|\n|poke|p2|Goodra-Hisui, F|\n|teampreview\n|\n|t:|1700621221\n|start\n|switch|p1a: Pelipper|Pelipper, M, shiny|100\/100\n|switch|p2a: Sandy Shocks|Sandy Shocks|100\/100\n|-weather|RainDance|[from] ability: Drizzle|[of] p1a: Pelipper\n|turn|1\n|\n|t:|1700621232\n|move|p2a: Sandy Shocks|Volt Switch|p1a: Pelipper\n|-supereffective|p1a: Pelipper\n|-damage|p1a: Pelipper|0 fnt\n|faint|p1a: Pelipper\n|\n|t:|1700621248\n|-end|p2a: Sandy Shocks|Protosynthesis|[silent]\n|switch|p2a: Goodra|Goodra-Hisui, F|100\/100|[from] Volt Switch\n|\n|-weather|RainDance|[upkeep]\n|upkeep\n|\n|t:|1700621261\n|switch|p1a: Corviknight|Corviknight, F, shiny|100\/100\n|turn|2\n|\n|t:|1700621267\n|move|p1a: Corviknight|Iron Defense|p1a: Corviknight\n|-boost|p1a: Corviknight|def|2\n|move|p2a: Goodra|Thunderbolt|p1a: Corviknight\n|-supereffective|p1a: Corviknight\n|-damage|p1a: Corviknight|56\/100\n|\n|-weather|RainDance|[upkeep]\n|upkeep\n|turn|3\n|\n|t:|1700621278\n|move|p1a: Corviknight|Body Press|p2a: Goodra\n|-supereffective|p2a: Goodra\n|-damage|p2a: Goodra|24\/100\n|move|p2a: Goodra|Thunderbolt|p1a: Corviknight\n|-supereffective|p1a: Corviknight\n|-damage|p1a: Corviknight|13\/100\n|\n|-weather|RainDance|[upkeep]\n|-heal|p2a: Goodra|30\/100|[from] item: Leftovers\n|upkeep\n|turn|4\n|\n|t:|1700621287\n|switch|p2a: Clefable|Clefable, F|100\/100\n|move|p1a: Corviknight|Body Press|p2a: Clefable\n|-resisted|p2a: Clefable\n|-damage|p2a: Clefable|89\/100\n|\n|-weather|RainDance|[upkeep]\n|upkeep\n|turn|5\n|\n|t:|1700621296\n|switch|p1a: Gholdengo|Gholdengo|100\/100\n|move|p2a: Clefable|Cosmic Power|p2a: Clefable\n|-boost|p2a: Clefable|def|1\n|-boost|p2a: Clefable|spd|1\n|\n|-weather|RainDance|[upkeep]\n|upkeep\n|turn|6\n|\n|t:|1700621304\n|move|p1a: Gholdengo|Trick|p2a: Clefable\n|-activate|p1a: Gholdengo|move: Trick|[of] p2a: Clefable\n|-item|p2a: Clefable|Choice Scarf|[from] move: Trick\n|-item|p1a: Gholdengo|Light Clay|[from] move: Trick\n|move|p2a: Clefable|Thunder Wave|p1a: Gholdengo\n|-immune|p1a: Gholdengo|[from] ability: Good as Gold\n|\n|-weather|RainDance|[upkeep]\n|upkeep\n|turn|7\n|\n|t:|1700621324\n|switch|p2a: Ting-Lu|Ting-Lu|100\/100\n|-ability|p2a: Ting-Lu|Vessel of Ruin\n|move|p1a: Gholdengo|Make It Rain|p2a: Ting-Lu\n|-damage|p2a: Ting-Lu|64\/100\n|-unboost|p1a: Gholdengo|spa|1\n|\n|-weather|RainDance|[upkeep]\n|-heal|p2a: Ting-Lu|70\/100|[from] item: Leftovers\n|upkeep\n|turn|8\n|\n|t:|1700621340\n|switch|p1a: Basculegion|Basculegion-F, F, shiny|100\/100\n|move|p2a: Ting-Lu|Spikes|p1a: Basculegion\n|-sidestart|p1: Kakashihatake101|Spikes\n|\n|-weather|none\n|-heal|p2a: Ting-Lu|76\/100|[from] item: Leftovers\n|upkeep\n|turn|9\n|\n|t:|1700621358\n|-terastallize|p1a: Basculegion|Water\n|move|p1a: Basculegion|Surf|p2a: Ting-Lu\n|-supereffective|p2a: Ting-Lu\n|-damage|p2a: Ting-Lu|0 fnt\n|faint|p2a: Ting-Lu\n|\n|upkeep\n|\n|t:|1700621365\n|switch|p2a: Sandy Shocks|Sandy Shocks|100\/100\n|turn|10\n|\n|t:|1700621372\n|move|p2a: Sandy Shocks|Volt Switch|p1a: Basculegion\n|-supereffective|p1a: Basculegion\n|-damage|p1a: Basculegion|24\/100\n|\n|t:|1700621376\n|-end|p2a: Sandy Shocks|Protosynthesis|[silent]\n|switch|p2a: Goodra|Goodra-Hisui, F|30\/100|[from] Volt Switch\n|move|p1a: Basculegion|Surf|p2a: Goodra\n|-resisted|p2a: Goodra\n|-damage|p2a: Goodra|4\/100\n|\n|-heal|p2a: Goodra|10\/100|[from] item: Leftovers\n|upkeep\n|turn|11\n|\n|t:|1700621385\n|move|p1a: Basculegion|Surf|p2a: Goodra\n|-resisted|p2a: Goodra\n|-damage|p2a: Goodra|0 fnt\n|faint|p2a: Goodra\n|\n|upkeep\n|\n|t:|1700621397\n|switch|p2a: Sandy Shocks|Sandy Shocks|100\/100\n|turn|12\n|\n|t:|1700621404\n|move|p2a: Sandy Shocks|Volt Switch|p1a: Basculegion\n|-supereffective|p1a: Basculegion\n|-damage|p1a: Basculegion|0 fnt\n|faint|p1a: Basculegion\n|\n|t:|1700621406\n|-end|p2a: Sandy Shocks|Protosynthesis|[silent]\n|switch|p2a: Iron Valiant|Iron Valiant|100\/100|[from] Volt Switch\n|-enditem|p2a: Iron Valiant|Booster Energy\n|-activate|p2a: Iron Valiant|ability: Quark Drive|[fromitem]\n|-start|p2a: Iron Valiant|quarkdrivespe\n|\n|upkeep\n|\n|t:|1700621422\n|switch|p1a: Gholdengo|Gholdengo|100\/100\n|-damage|p1a: Gholdengo|88\/100|[from] Spikes\n|turn|13\n|\n|t:|1700621480\n|-end|p2a: Iron Valiant|Quark Drive|[silent]\n|switch|p2a: Clefable|Clefable, F|89\/100\n|move|p1a: Gholdengo|Make It Rain|p2a: Clefable\n|-supereffective|p2a: Clefable\n|-damage|p2a: Clefable|0 fnt\n|-unboost|p1a: Gholdengo|spa|1\n|faint|p2a: Clefable\n|\n|upkeep\n|\n|t:|1700621483\n|switch|p2a: Sandy Shocks|Sandy Shocks|100\/100\n|turn|14\n|\n|t:|1700621492\n|switch|p1a: Corviknight|Corviknight, F, shiny|13\/100\n|move|p2a: Sandy Shocks|Earth Power|p1a: Corviknight\n|-immune|p1a: Corviknight\n|\n|upkeep\n|turn|15\n|j| Horse95\n|\n|t:|1700621528\n|move|p2a: Sandy Shocks|Power Gem|p1a: Corviknight\n|-damage|p1a: Corviknight|0 fnt\n|faint|p1a: Corviknight\n|\n|upkeep\n|\n|t:|1700621534\n|switch|p1a: Dragapult|Dragapult, F, shiny|100\/100\n|-damage|p1a: Dragapult|88\/100|[from] Spikes\n|turn|16\n|\n|t:|1700621549\n|-terastallize|p2a: Sandy Shocks|Fairy\n|move|p1a: Dragapult|Dragon Dance|p1a: Dragapult\n|-boost|p1a: Dragapult|atk|1\n|-boost|p1a: Dragapult|spe|1\n|move|p2a: Sandy Shocks|Earth Power|p1a: Dragapult\n|-damage|p1a: Dragapult|27\/100\n|\n|upkeep\n|turn|17\n|\n|t:|1700621560\n|move|p1a: Dragapult|Acrobatics|p2a: Sandy Shocks\n|-damage|p2a: Sandy Shocks|68\/100\n|move|p2a: Sandy Shocks|Earth Power|p1a: Dragapult\n|-damage|p1a: Dragapult|0 fnt\n|faint|p1a: Dragapult\n|\n|upkeep\n|\n|t:|1700621568\n|switch|p1a: Gholdengo|Gholdengo|88\/100\n|-damage|p1a: Gholdengo|76\/100|[from] Spikes\n|turn|18\n|\n|t:|1700621573\n|move|p2a: Sandy Shocks|Earth Power|p1a: Gholdengo\n|-supereffective|p1a: Gholdengo\n|-damage|p1a: Gholdengo|0 fnt\n|faint|p1a: Gholdengo\n|\n|win|MtyMiltanks\n|c|\u2606MtyMiltanks|gg!\n","uploadtime":1700621579,"views":40,"p1id":"kakashihatake101","p2id":"mtymiltanks","formatid":"gen9ou","rating":0,"private":0,"password":""}