{"id":"gen9ou-1992131135","p1":"duuuuuuy","p2":"Taka mamoru","format":"[Gen 9] OU","log":"|j|\u2606duuuuuuy\n|j|\u2606Taka mamoru\n|t:|1700157618\n|gametype|singles\n|player|p1|duuuuuuy|cynthia-gen4|1040\n|player|p2|Taka mamoru|266|1000\n|teamsize|p1|6\n|teamsize|p2|6\n|gen|9\n|tier|[Gen 9] OU\n|rated|\n|rule|Sleep Clause Mod: Limit one foe put to sleep\n|rule|Species Clause: Limit one of each Pok\u00e9mon\n|rule|OHKO Clause: OHKO moves are banned\n|rule|Evasion Items Clause: Evasion items are banned\n|rule|Evasion Moves Clause: Evasion moves are banned\n|rule|Endless Battle Clause: Forcing endless battles is banned\n|rule|HP Percentage Mod: HP is shown in percentages\n|clearpoke\n|poke|p1|Enamorus, F|\n|poke|p1|Hatterene, F|\n|poke|p1|Slowking-Galar, F|\n|poke|p1|Gengar, M|\n|poke|p1|Furret, F|\n|poke|p1|Zoroark, M|\n|poke|p2|Kingambit, M|\n|poke|p2|Landorus-Therian, M|\n|poke|p2|Blissey, F|\n|poke|p2|Walking Wake|\n|poke|p2|Hatterene, F|\n|poke|p2|Toxapex, F|\n|teampreview\n|inactive|Battle timer is ON: inactive players will automatically lose when time's up. (requested by Taka mamoru)\n|\n|t:|1700157641\n|start\n|switch|p1a: Hatterene|Hatterene, F|100\/100\n|switch|p2a: Walking Wake|Walking Wake|100\/100\n|turn|1\n|\n|t:|1700157655\n|-terastallize|p2a: Walking Wake|Water\n|move|p2a: Walking Wake|Hydro Steam|p1a: Hatterene\n|-damage|p1a: Hatterene|14\/100\n|move|p1a: Hatterene|Nuzzle|p2a: Walking Wake\n|-supereffective|p2a: Walking Wake\n|-damage|p2a: Walking Wake|93\/100\n|-status|p2a: Walking Wake|par\n|\n|-heal|p1a: Hatterene|20\/100|[from] item: Leftovers\n|upkeep\n|turn|2\n|\n|t:|1700157673\n|move|p1a: Hatterene|Protect|p1a: Hatterene\n|-singleturn|p1a: Hatterene|Protect\n|move|p2a: Walking Wake|Hydro Steam|p1a: Hatterene\n|-activate|p1a: Hatterene|move: Protect\n|\n|-heal|p1a: Hatterene|26\/100|[from] item: Leftovers\n|upkeep\n|turn|3\n|\n|t:|1700157680\n|move|p2a: Walking Wake|Hydro Steam|p1a: Hatterene\n|-damage|p1a: Hatterene|0 fnt\n|faint|p1a: Hatterene\n|\n|upkeep\n|\n|t:|1700157688\n|switch|p1a: Slowking|Slowking-Galar, F|100\/100\n|turn|4\n|\n|t:|1700157705\n|-terastallize|p1a: Slowking|Grass\n|move|p2a: Walking Wake|Hydro Steam|p1a: Slowking\n|-resisted|p1a: Slowking\n|-damage|p1a: Slowking|70\/100\n|move|p1a: Slowking|Grass Knot|p2a: Walking Wake\n|-supereffective|p2a: Walking Wake\n|-damage|p2a: Walking Wake|0 fnt\n|faint|p2a: Walking Wake\n|-end|p2a: Walking Wake|Protosynthesis|[silent]\n|\n|upkeep\n|inactive|Taka mamoru has 120 seconds left.\n|\n|t:|1700157740\n|switch|p2a: Landorus|Landorus-Therian, M|100\/100\n|-ability|p2a: Landorus|Intimidate|boost\n|-unboost|p1a: Slowking|atk|1\n|turn|5\n|\n|t:|1700157744\n|move|p2a: Landorus|U-turn|p1a: Slowking\n|-supereffective|p1a: Slowking\n|-damage|p1a: Slowking|10\/100\n|inactive|Taka mamoru has 120 seconds left.\n|\n|t:|1700157752\n|switch|p2a: Blissey|Blissey, F|100\/100|[from] U-turn\n|move|p1a: Slowking|Ice Beam|p2a: Blissey\n|-damage|p2a: Blissey|88\/100\n|\n|upkeep\n|turn|6\n|\n|t:|1700157768\n|switch|p1a: Furret|Furret, F|100\/100\n|-item|p2a: Blissey|Heavy-Duty Boots|[from] ability: Frisk|[of] p1a: Furret|[identify]\n|move|p2a: Blissey|Dazzling Gleam|p1a: Furret\n|-damage|p1a: Furret|69\/100\n|\n|upkeep\n|turn|7\n|\n|t:|1700157781\n|move|p2a: Blissey|Protect|p2a: Blissey\n|-singleturn|p2a: Blissey|Protect\n|move|p1a: Furret|Brick Break|p2a: Blissey\n|-activate|p2a: Blissey|move: Protect\n|\n|upkeep\n|turn|8\n|\n|t:|1700157791\n|switch|p2a: Hatterene|Hatterene, F, shiny|100\/100\n|move|p1a: Furret|Tidy Up|p1a: Furret\n|-boost|p1a: Furret|atk|1\n|-boost|p1a: Furret|spe|1\n|\n|upkeep\n|turn|9\n|\n|t:|1700157807\n|move|p1a: Furret|Double-Edge|p2a: Hatterene\n|-damage|p2a: Hatterene|1\/100\n|-damage|p1a: Furret|36\/100|[from] Recoil\n|-damage|p1a: Furret|26\/100|[from] item: Life Orb\n|move|p2a: Hatterene|Calm Mind|p2a: Hatterene\n|-boost|p2a: Hatterene|spa|1\n|-boost|p2a: Hatterene|spd|1\n|\n|-heal|p2a: Hatterene|7\/100|[from] item: Leftovers\n|upkeep\n|turn|10\n|inactive|Taka mamoru has 120 seconds left.\n|\n|t:|1700157826\n|switch|p2a: Toxapex|Toxapex, F|100\/100\n|move|p1a: Furret|Knock Off|p2a: Toxapex\n|-damage|p2a: Toxapex|72\/100\n|-enditem|p2a: Toxapex|Leftovers|[from] move: Knock Off|[of] p1a: Furret\n|-damage|p1a: Furret|16\/100|[from] item: Life Orb\n|\n|upkeep\n|turn|11\n|\n|t:|1700157836\n|move|p1a: Furret|Double-Edge|p2a: Toxapex\n|-crit|p2a: Toxapex\n|-damage|p2a: Toxapex|0 fnt\n|faint|p2a: Toxapex\n|-damage|p1a: Furret|0 fnt|[from] Recoil\n|faint|p1a: Furret\n|\n|upkeep\n|inactive|Taka mamoru has 120 seconds left.\n|\n|t:|1700157852\n|switch|p1a: Slowking|Slowking-Galar, F, tera:Grass|43\/100\n|switch|p2a: Landorus|Landorus-Therian, M|100\/100\n|-ability|p2a: Landorus|Intimidate|boost\n|-unboost|p1a: Slowking|atk|1\n|turn|12\n|\n|t:|1700157858\n|switch|p1a: Enamorus|Enamorus, F|100\/100\n|move|p2a: Landorus|U-turn|p1a: Enamorus\n|-resisted|p1a: Enamorus\n|-damage|p1a: Enamorus|90\/100\n|inactive|Taka mamoru has 120 seconds left.\n|\n|t:|1700157874\n|switch|p2a: Blissey|Blissey, F|88\/100|[from] U-turn\n|\n|upkeep\n|turn|13\n|inactive|Taka mamoru has 120 seconds left.\n|\n|t:|1700157880\n|move|p1a: Enamorus|Superpower|p2a: Blissey\n|-supereffective|p2a: Blissey\n|-damage|p2a: Blissey|13\/100\n|-boost|p1a: Enamorus|atk|1\n|-boost|p1a: Enamorus|def|1\n|move|p2a: Blissey|Dazzling Gleam|p1a: Enamorus\n|-damage|p1a: Enamorus|58\/100\n|\n|upkeep\n|turn|14\n|inactive|Taka mamoru has 120 seconds left.\n|\n|t:|1700157895\n|switch|p2a: Landorus|Landorus-Therian, M|100\/100\n|-ability|p2a: Landorus|Intimidate|boost\n|-boost|p1a: Enamorus|atk|1\n|move|p1a: Enamorus|Superpower|p2a: Landorus\n|-resisted|p2a: Landorus\n|-damage|p2a: Landorus|56\/100\n|-boost|p1a: Enamorus|atk|1\n|-boost|p1a: Enamorus|def|1\n|\n|-heal|p2a: Landorus|62\/100|[from] item: Leftovers\n|upkeep\n|turn|15\n|inactive|Taka mamoru has 120 seconds left.\n|\n|t:|1700157906\n|move|p1a: Enamorus|Superpower|p2a: Landorus\n|-resisted|p2a: Landorus\n|-damage|p2a: Landorus|2\/100\n|-boost|p1a: Enamorus|atk|1\n|-boost|p1a: Enamorus|def|1\n|move|p2a: Landorus|Stone Edge|p1a: Enamorus\n|-supereffective|p1a: Enamorus\n|-damage|p1a: Enamorus|9\/100\n|\n|-heal|p2a: Landorus|8\/100|[from] item: Leftovers\n|upkeep\n|turn|16\n|inactive|Taka mamoru has 120 seconds left.\n|\n|t:|1700157920\n|move|p1a: Enamorus|Superpower|p2a: Landorus\n|-resisted|p2a: Landorus\n|-damage|p2a: Landorus|0 fnt\n|-boost|p1a: Enamorus|atk|1\n|-boost|p1a: Enamorus|def|1\n|faint|p2a: Landorus\n|\n|upkeep\n|inactive|Taka mamoru has 120 seconds left.\n|\n|t:|1700157931\n|switch|p2a: Kingambit|Kingambit, M, shiny|100\/100\n|-activate|p2a: Kingambit|ability: Supreme Overlord\n|-start|p2a: Kingambit|fallen3|[silent]\n|turn|17\n|inactive|Taka mamoru has 120 seconds left.\n|\n|t:|1700157936\n|move|p2a: Kingambit|Sucker Punch|p1a: Enamorus\n|-resisted|p1a: Enamorus\n|-damage|p1a: Enamorus|0 fnt\n|faint|p1a: Enamorus\n|-damage|p2a: Kingambit|91\/100|[from] item: Life Orb\n|\n|upkeep\n|\n|t:|1700157943\n|switch|p1a: Slowking|Slowking-Galar, F|100\/100\n|-start|p1a: Slowking|typechange|Grass|[silent]\n|turn|18\n|\n|t:|1700157955\n|move|p1a: Slowking|Encore|p2a: Kingambit\n|-start|p2a: Kingambit|Encore\n|move|p2a: Kingambit|Sucker Punch||[still]\n|-fail|p2a: Kingambit\n|\n|upkeep\n|turn|19\n|\n|t:|1700157966\n|switch|p1a: Slowking|Slowking-Galar, F, tera:Grass|77\/100\n|-end|p2a: Kingambit|fallen3|[silent]\n|switch|p2a: Blissey|Blissey, F|13\/100\n|\n|upkeep\n|turn|20\n|\n|t:|1700157973\n|move|p2a: Blissey|Soft-Boiled|p2a: Blissey\n|-heal|p2a: Blissey|63\/100\n|move|p1a: Slowking|Sludge Bomb|p2a: Blissey\n|-damage|p2a: Blissey|43\/100\n|\n|upkeep\n|turn|21\n|\n|t:|1700157982\n|switch|p1a: Slowking|Slowking-Galar, F|100\/100\n|move|p2a: Blissey|Soft-Boiled|p2a: Blissey\n|-heal|p2a: Blissey|93\/100\n|\n|upkeep\n|-start|p1a: Slowking|typechange|Grass|[silent]\n|turn|22\n|\n|t:|1700157997\n|switch|p2a: Hatterene|Hatterene, F, shiny|7\/100\n|move|p1a: Slowking|Encore|p2a: Hatterene\n|move|p2a: Hatterene|Encore||[from]ability: Magic Bounce|[still]\n|-fail|p2a: Hatterene\n|\n|-heal|p2a: Hatterene|13\/100|[from] item: Leftovers\n|upkeep\n|turn|23\n|\n|t:|1700158013\n|move|p1a: Slowking|Flamethrower|p2a: Hatterene\n|-damage|p2a: Hatterene|0 fnt\n|faint|p2a: Hatterene\n|-damage|p1a: Slowking|91\/100|[from] item: Life Orb\n|\n|upkeep\n|\n|t:|1700158022\n|switch|p2a: Kingambit|Kingambit, M, shiny|91\/100\n|-activate|p2a: Kingambit|ability: Supreme Overlord\n|-start|p2a: Kingambit|fallen4|[silent]\n|turn|24\n|\n|t:|1700158027\n|move|p2a: Kingambit|Sucker Punch|p1a: Slowking\n|-resisted|p1a: Slowking\n|-damage|p1a: Slowking|19\/100\n|replace|p1a: Zoroark|Zoroark, M\n|-end|p1a: Zoroark|Illusion\n|-damage|p2a: Kingambit|81\/100|[from] item: Life Orb\n|move|p1a: Zoroark|Flamethrower|p2a: Kingambit\n|-supereffective|p2a: Kingambit\n|-damage|p2a: Kingambit|9\/100\n|-damage|p1a: Zoroark|9\/100|[from] item: Life Orb\n|\n|upkeep\n|turn|25\n|\n|t:|1700158036\n|move|p2a: Kingambit|Sucker Punch||[still]\n|-fail|p2a: Kingambit\n|move|p1a: Zoroark|Encore|p2a: Kingambit\n|-start|p2a: Kingambit|Encore\n|\n|upkeep\n|turn|26\n|\n|t:|1700158045\n|switch|p1a: Slowking|Slowking-Galar, F, tera:Grass|100\/100\n|-end|p2a: Kingambit|fallen4|[silent]\n|switch|p2a: Blissey|Blissey, F|93\/100\n|\n|upkeep\n|turn|27\n|\n|t:|1700158055\n|move|p2a: Blissey|Dazzling Gleam|p1a: Slowking\n|-crit|p1a: Slowking\n|-damage|p1a: Slowking|79\/100\n|move|p1a: Slowking|Sludge Bomb|p2a: Blissey\n|-damage|p2a: Blissey|73\/100\n|\n|upkeep\n|turn|28\n|\n|t:|1700158072\n|move|p2a: Blissey|Dazzling Gleam|p1a: Slowking\n|-damage|p1a: Slowking|63\/100\n|move|p1a: Slowking|Eerie Spell|p2a: Blissey\n|-damage|p2a: Blissey|55\/100\n|-activate|p2a: Blissey|move: Eerie Spell|Dazzling Gleam|3\n|\n|upkeep\n|turn|29\n|\n|t:|1700158082\n|move|p2a: Blissey|Dazzling Gleam|p1a: Slowking\n|-damage|p1a: Slowking|48\/100\n|move|p1a: Slowking|Ice Beam|p2a: Blissey\n|-damage|p2a: Blissey|42\/100\n|\n|upkeep\n|turn|30\n|\n|t:|1700158088\n|move|p2a: Blissey|Dazzling Gleam|p1a: Slowking\n|-damage|p1a: Slowking|33\/100\n|move|p1a: Slowking|Eerie Spell|p2a: Blissey\n|-damage|p2a: Blissey|25\/100\n|-activate|p2a: Blissey|move: Eerie Spell|Dazzling Gleam|3\n|\n|upkeep\n|turn|31\n|\n|t:|1700158095\n|move|p2a: Blissey|Soft-Boiled|p2a: Blissey\n|-heal|p2a: Blissey|75\/100\n|move|p1a: Slowking|Eerie Spell|p2a: Blissey\n|-damage|p2a: Blissey|58\/100\n|-activate|p2a: Blissey|move: Eerie Spell|Soft-Boiled|3\n|\n|upkeep\n|turn|32\n|\n|t:|1700158102\n|move|p2a: Blissey|Soft-Boiled|p2a: Blissey\n|-heal|p2a: Blissey|100\/100\n|move|p1a: Slowking|Sludge Bomb|p2a: Blissey\n|-damage|p2a: Blissey|82\/100\n|\n|upkeep\n|turn|33\n|\n|t:|1700158108\n|switch|p1a: Gengar|Gengar, M|100\/100\n|move|p2a: Blissey|Dazzling Gleam|p1a: Gengar\n|-resisted|p1a: Gengar\n|-damage|p1a: Gengar|85\/100\n|\n|upkeep\n|turn|34\n|\n|t:|1700158116\n|move|p2a: Blissey|Protect|p2a: Blissey\n|-singleturn|p2a: Blissey|Protect\n|move|p1a: Gengar|Focus Blast|p2a: Blissey\n|-activate|p2a: Blissey|move: Protect\n|\n|upkeep\n|turn|35\n|\n|t:|1700158125\n|move|p1a: Gengar|Focus Blast|p2a: Blissey|[miss]\n|-miss|p1a: Gengar|p2a: Blissey\n|move|p2a: Blissey|Dazzling Gleam|p1a: Gengar\n|-resisted|p1a: Gengar\n|-damage|p1a: Gengar|70\/100\n|\n|upkeep\n|turn|36\n|\n|t:|1700158132\n|move|p2a: Blissey|Protect|p2a: Blissey\n|-singleturn|p2a: Blissey|Protect\n|move|p1a: Gengar|Focus Blast|p2a: Blissey\n|-activate|p2a: Blissey|move: Protect\n|\n|upkeep\n|turn|37\n|\n|t:|1700158137\n|move|p1a: Gengar|Dazzling Gleam|p2a: Blissey\n|-damage|p2a: Blissey|66\/100\n|-damage|p1a: Gengar|60\/100|[from] item: Life Orb\n|move|p2a: Blissey|Dazzling Gleam|p1a: Gengar\n|-resisted|p1a: Gengar\n|-damage|p1a: Gengar|45\/100\n|\n|upkeep\n|turn|38\n|\n|t:|1700158145\n|move|p2a: Blissey|Protect|p2a: Blissey\n|-singleturn|p2a: Blissey|Protect\n|move|p1a: Gengar|Dazzling Gleam|p2a: Blissey\n|-activate|p2a: Blissey|move: Protect\n|\n|upkeep\n|turn|39\n|\n|t:|1700158150\n|move|p1a: Gengar|Focus Blast|p2a: Blissey\n|-supereffective|p2a: Blissey\n|-damage|p2a: Blissey|19\/100\n|-damage|p1a: Gengar|35\/100|[from] item: Life Orb\n|move|p2a: Blissey|Dazzling Gleam|p1a: Gengar\n|-resisted|p1a: Gengar\n|-damage|p1a: Gengar|20\/100\n|\n|upkeep\n|turn|40\n|\n|t:|1700158160\n|move|p2a: Blissey|Protect|p2a: Blissey\n|-singleturn|p2a: Blissey|Protect\n|move|p1a: Gengar|Dazzling Gleam|p2a: Blissey\n|-activate|p2a: Blissey|move: Protect\n|\n|upkeep\n|turn|41\n|\n|t:|1700158167\n|move|p1a: Gengar|Focus Blast|p2a: Blissey|[miss]\n|-miss|p1a: Gengar|p2a: Blissey\n|move|p2a: Blissey|Soft-Boiled|p2a: Blissey\n|-heal|p2a: Blissey|69\/100\n|\n|upkeep\n|turn|42\n|\n|t:|1700158181\n|move|p2a: Blissey|Protect|p2a: Blissey\n|-singleturn|p2a: Blissey|Protect\n|move|p1a: Gengar|Shadow Ball|p2a: Blissey\n|-activate|p2a: Blissey|move: Protect\n|\n|upkeep\n|turn|43\n|\n|t:|1700158195\n|move|p1a: Gengar|Shadow Ball|p2a: Blissey\n|-immune|p2a: Blissey\n|move|p2a: Blissey|Heal Bell||[still]\n|-activate|p2a: Blissey|move: Heal Bell\n|-fail|p2a: Blissey\n|\n|upkeep\n|turn|44\n|\n|t:|1700158202\n|move|p2a: Blissey|Protect|p2a: Blissey\n|-singleturn|p2a: Blissey|Protect\n|move|p1a: Gengar|Focus Blast|p2a: Blissey\n|-activate|p2a: Blissey|move: Protect\n|\n|upkeep\n|turn|45\n|\n|t:|1700158210\n|move|p1a: Gengar|Shadow Ball|p2a: Blissey\n|-immune|p2a: Blissey\n|move|p2a: Blissey|Heal Bell||[still]\n|-activate|p2a: Blissey|move: Heal Bell\n|-fail|p2a: Blissey\n|\n|upkeep\n|turn|46\n|\n|t:|1700158217\n|move|p2a: Blissey|Protect|p2a: Blissey\n|-singleturn|p2a: Blissey|Protect\n|move|p1a: Gengar|Dazzling Gleam|p2a: Blissey\n|-activate|p2a: Blissey|move: Protect\n|\n|upkeep\n|turn|47\n|\n|t:|1700158229\n|move|p1a: Gengar|Focus Blast|p2a: Blissey|[miss]\n|-miss|p1a: Gengar|p2a: Blissey\n|move|p2a: Blissey|Heal Bell||[still]\n|-activate|p2a: Blissey|move: Heal Bell\n|-fail|p2a: Blissey\n|\n|upkeep\n|turn|48\n|\n|t:|1700158236\n|move|p2a: Blissey|Protect|p2a: Blissey\n|-singleturn|p2a: Blissey|Protect\n|move|p1a: Gengar|Dazzling Gleam|p2a: Blissey\n|-activate|p2a: Blissey|move: Protect\n|\n|upkeep\n|turn|49\n|\n|t:|1700158242\n|switch|p2a: Kingambit|Kingambit, M, shiny|9\/100\n|-activate|p2a: Kingambit|ability: Supreme Overlord\n|-start|p2a: Kingambit|fallen4|[silent]\n|move|p1a: Gengar|Dazzling Gleam|p2a: Kingambit\n|-damage|p2a: Kingambit|0 fnt\n|faint|p2a: Kingambit\n|-end|p2a: Kingambit|fallen4|[silent]\n|-damage|p1a: Gengar|10\/100|[from] item: Life Orb\n|\n|upkeep\n|\n|t:|1700158251\n|switch|p2a: Blissey|Blissey, F|69\/100\n|turn|50\n|\n|t:|1700158261\n|move|p2a: Blissey|Protect|p2a: Blissey\n|-singleturn|p2a: Blissey|Protect\n|move|p1a: Gengar|Shadow Ball|p2a: Blissey\n|-activate|p2a: Blissey|move: Protect\n|\n|upkeep\n|turn|51\n|\n|t:|1700158268\n|move|p2a: Blissey|Protect||[still]\n|-fail|p2a: Blissey\n|move|p1a: Gengar|Dazzling Gleam|p2a: Blissey\n|-damage|p2a: Blissey|53\/100\n|-damage|p1a: Gengar|0 fnt|[from] item: Life Orb\n|faint|p1a: Gengar\n|\n|upkeep\n|\n|t:|1700158277\n|switch|p1a: Slowking|Slowking-Galar, F|9\/100\n|-start|p1a: Slowking|typechange|Grass|[silent]\n|turn|52\n|\n|t:|1700158287\n|move|p2a: Blissey|Protect|p2a: Blissey\n|-singleturn|p2a: Blissey|Protect\n|move|p1a: Slowking|Encore|p2a: Blissey\n|-activate|p2a: Blissey|move: Protect\n|\n|upkeep\n|turn|53\n|\n|t:|1700158296\n|move|p1a: Slowking|Encore|p2a: Blissey\n|-start|p2a: Blissey|Encore\n|move|p2a: Blissey|Protect||[still]\n|-fail|p2a: Blissey\n|\n|upkeep\n|turn|54\n|\n|t:|1700158301\n|switch|p1a: Slowking|Slowking-Galar, F, tera:Grass|66\/100\n|move|p2a: Blissey|Protect||[still]\n|-fail|p2a: Blissey\n|\n|upkeep\n|turn|55\n|\n|t:|1700158306\n|move|p2a: Blissey|Protect|p2a: Blissey\n|-singleturn|p2a: Blissey|Protect\n|move|p1a: Slowking|Eerie Spell|p2a: Blissey\n|-activate|p2a: Blissey|move: Protect\n|\n|-end|p2a: Blissey|Encore\n|upkeep\n|turn|56\n|\n|t:|1700158314\n|move|p2a: Blissey|Heal Bell||[still]\n|-activate|p2a: Blissey|move: Heal Bell\n|-fail|p2a: Blissey\n|move|p1a: Slowking|Eerie Spell|p2a: Blissey\n|-damage|p2a: Blissey|37\/100\n|-activate|p2a: Blissey|move: Eerie Spell|Heal Bell|3\n|\n|upkeep\n|turn|57\n|\n|t:|1700158321\n|move|p2a: Blissey|Heal Bell||[still]\n|-activate|p2a: Blissey|move: Heal Bell\n|-fail|p2a: Blissey\n|move|p1a: Slowking|Grass Knot|p2a: Blissey\n|-damage|p2a: Blissey|25\/100\n|\n|upkeep\n|turn|58\n|\n|t:|1700158327\n|move|p2a: Blissey|Protect|p2a: Blissey\n|-singleturn|p2a: Blissey|Protect\n|move|p1a: Slowking|Grass Knot|p2a: Blissey\n|-activate|p2a: Blissey|move: Protect\n|\n|upkeep\n|turn|59\n|\n|t:|1700158333\n|-activate|p2a: Blissey|move: Struggle\n|move|p2a: Blissey|Struggle|p1a: Slowking\n|-damage|p1a: Slowking|65\/100\n|-damage|p2a: Blissey|0 fnt|[from] recoil\n|faint|p2a: Blissey\n|\n|win|duuuuuuy\n|raw|duuuuuuy's rating: 1040 &rarr; <strong>1070<\/strong><br \/>(+30 for winning)\n|raw|Taka mamoru's rating: 1000 &rarr; <strong>1000<\/strong><br \/>(+0 for losing)\n","uploadtime":1700158340,"views":6,"p1id":"duuuuuuy","p2id":"takamamoru","formatid":"gen9ou","rating":1000,"private":0,"password":""}