{"id":"gen9ou-1988379223","p1":"simonKK","p2":"OzzerYunarei","format":"[Gen 9] OU","log":"|j|\u2606simonKK\n|j|\u2606OzzerYunarei\n|t:|1699716215\n|gametype|singles\n|player|p1|simonKK|1|1302\n|player|p2|OzzerYunarei|marley|1269\n|teamsize|p1|6\n|teamsize|p2|6\n|gen|9\n|tier|[Gen 9] OU\n|rated|\n|rule|Sleep Clause Mod: Limit one foe put to sleep\n|rule|Species Clause: Limit one of each Pok\u00e9mon\n|rule|OHKO Clause: OHKO moves are banned\n|rule|Evasion Items Clause: Evasion items are banned\n|rule|Evasion Moves Clause: Evasion moves are banned\n|rule|Endless Battle Clause: Forcing endless battles is banned\n|rule|HP Percentage Mod: HP is shown in percentages\n|clearpoke\n|poke|p1|Iron Valiant|\n|poke|p1|Hatterene, F|\n|poke|p1|Alomomola, F|\n|poke|p1|Gholdengo|\n|poke|p1|Dragonite, M|\n|poke|p1|Cinderace, M|\n|poke|p2|Ribombee, F|\n|poke|p2|Gholdengo|\n|poke|p2|Spiritomb, F|\n|poke|p2|Jirachi|\n|poke|p2|Dudunsparce-*, M|\n|poke|p2|Zapdos|\n|teampreview\n|\n|t:|1699716225\n|start\n|switch|p1a: Gholdengo|Gholdengo|100\/100\n|switch|p2a: Gholdengo|Gholdengo|100\/100\n|-item|p2a: Gholdengo|Air Balloon\n|turn|1\n|\n|t:|1699716232\n|move|p1a: Gholdengo|Shadow Ball|p2a: Gholdengo\n|-supereffective|p2a: Gholdengo\n|-damage|p2a: Gholdengo|15\/100\n|-unboost|p2a: Gholdengo|spd|1\n|-enditem|p2a: Gholdengo|Air Balloon\n|move|p2a: Gholdengo|Hex|p1a: Gholdengo\n|-supereffective|p1a: Gholdengo\n|-damage|p1a: Gholdengo|10\/100\n|\n|upkeep\n|turn|2\n|\n|t:|1699716242\n|switch|p2a: Dudunsparce|Dudunsparce, M|100\/100\n|move|p1a: Gholdengo|Shadow Ball|p2a: Dudunsparce\n|-immune|p2a: Dudunsparce\n|\n|upkeep\n|turn|3\n|\n|t:|1699716251\n|switch|p1a: Hatterene|Hatterene, F|100\/100\n|move|p2a: Dudunsparce|Bite|p1a: Hatterene\n|-damage|p1a: Hatterene|84\/100\n|\n|upkeep\n|turn|4\n|\n|t:|1699716259\n|switch|p2a: Jirachi|Jirachi|100\/100\n|move|p1a: Hatterene|Nuzzle|p2a: Jirachi\n|-damage|p2a: Jirachi|96\/100\n|-status|p2a: Jirachi|par\n|\n|-heal|p2a: Jirachi|100\/100 par|[from] item: Leftovers\n|upkeep\n|turn|5\n|\n|t:|1699716272\n|switch|p1a: Alomomola|Alomomola, F|100\/100\n|move|p2a: Jirachi|Thunder Wave|p1a: Alomomola\n|-status|p1a: Alomomola|par\n|\n|upkeep\n|turn|6\n|\n|t:|1699716279\n|move|p2a: Jirachi|Zen Headbutt|p1a: Alomomola|[miss]\n|-miss|p2a: Jirachi|p1a: Alomomola\n|move|p1a: Alomomola|Flip Turn|p2a: Jirachi\n|-damage|p2a: Jirachi|83\/100 par\n|\n|t:|1699716286\n|switch|p1a: Cinderace|Cinderace, M|100\/100|[from] Flip Turn\n|\n|-heal|p2a: Jirachi|89\/100 par|[from] item: Leftovers\n|upkeep\n|turn|7\n|\n|t:|1699716302\n|switch|p2a: Dudunsparce|Dudunsparce, M|100\/100\n|move|p1a: Cinderace|Pyro Ball|p2a: Dudunsparce\n|-damage|p2a: Dudunsparce|67\/100\n|\n|-heal|p2a: Dudunsparce|73\/100|[from] item: Leftovers\n|upkeep\n|turn|8\n|\n|t:|1699716309\n|move|p1a: Cinderace|U-turn|p2a: Dudunsparce\n|-start|p1a: Cinderace|typechange|Bug|[from] ability: Libero\n|-damage|p2a: Dudunsparce|53\/100\n|\n|t:|1699716313\n|switch|p1a: Hatterene|Hatterene, F|84\/100|[from] U-turn\n|move|p2a: Dudunsparce|Glare|p1a: Hatterene\n|move|p1a: Hatterene|Glare|p2a: Dudunsparce|[from]ability: Magic Bounce\n|-status|p2a: Dudunsparce|par\n|\n|-heal|p2a: Dudunsparce|59\/100 par|[from] item: Leftovers\n|upkeep\n|turn|9\n|\n|t:|1699716324\n|move|p1a: Hatterene|Draining Kiss|p2a: Dudunsparce\n|-damage|p2a: Dudunsparce|38\/100 par\n|-heal|p1a: Hatterene|100\/100|[from] drain|[of] p2a: Dudunsparce\n|cant|p2a: Dudunsparce|par\n|\n|-heal|p2a: Dudunsparce|44\/100 par|[from] item: Leftovers\n|upkeep\n|turn|10\n|\n|t:|1699716331\n|move|p1a: Hatterene|Psychic|p2a: Dudunsparce\n|-damage|p2a: Dudunsparce|1\/100 par\n|move|p2a: Dudunsparce|Roost|p2a: Dudunsparce\n|-heal|p2a: Dudunsparce|51\/100 par\n|-singleturn|p2a: Dudunsparce|move: Roost\n|\n|-heal|p2a: Dudunsparce|57\/100 par|[from] item: Leftovers\n|upkeep\n|turn|11\n|\n|t:|1699716338\n|move|p1a: Hatterene|Psychic|p2a: Dudunsparce\n|-damage|p2a: Dudunsparce|17\/100 par\n|move|p2a: Dudunsparce|Roost|p2a: Dudunsparce\n|-heal|p2a: Dudunsparce|67\/100 par\n|-singleturn|p2a: Dudunsparce|move: Roost\n|\n|-heal|p2a: Dudunsparce|73\/100 par|[from] item: Leftovers\n|upkeep\n|turn|12\n|\n|t:|1699716344\n|move|p1a: Hatterene|Psychic|p2a: Dudunsparce\n|-damage|p2a: Dudunsparce|34\/100 par\n|move|p2a: Dudunsparce|Headbutt|p1a: Hatterene\n|-damage|p1a: Hatterene|75\/100\n|\n|-heal|p2a: Dudunsparce|41\/100 par|[from] item: Leftovers\n|upkeep\n|turn|13\n|\n|t:|1699716350\n|move|p1a: Hatterene|Psychic|p2a: Dudunsparce\n|-damage|p2a: Dudunsparce|1\/100 par\n|move|p2a: Dudunsparce|Headbutt|p1a: Hatterene\n|-damage|p1a: Hatterene|48\/100\n|\n|-heal|p2a: Dudunsparce|7\/100 par|[from] item: Leftovers\n|upkeep\n|turn|14\n|\n|t:|1699716357\n|move|p1a: Hatterene|Draining Kiss|p2a: Dudunsparce\n|-damage|p2a: Dudunsparce|0 fnt\n|-heal|p1a: Hatterene|55\/100|[from] drain|[of] p2a: Dudunsparce\n|faint|p2a: Dudunsparce\n|\n|upkeep\n|\n|t:|1699716370\n|switch|p2a: Gholdengo|Gholdengo|15\/100\n|turn|15\n|\n|t:|1699716378\n|move|p2a: Gholdengo|Make It Rain|p1a: Hatterene\n|-supereffective|p1a: Hatterene\n|-damage|p1a: Hatterene|0 fnt\n|-unboost|p2a: Gholdengo|spa|1\n|faint|p1a: Hatterene\n|\n|upkeep\n|\n|t:|1699716389\n|switch|p1a: Gholdengo|Gholdengo|10\/100\n|turn|16\n|\n|t:|1699716407\n|switch|p2a: Jirachi|Jirachi|89\/100 par\n|move|p1a: Gholdengo|Shadow Ball|p2a: Jirachi\n|-supereffective|p2a: Jirachi\n|-damage|p2a: Jirachi|4\/100 par\n|-unboost|p2a: Jirachi|spd|1\n|\n|-heal|p2a: Jirachi|10\/100 par|[from] item: Leftovers\n|upkeep\n|turn|17\n|\n|t:|1699716417\n|move|p1a: Gholdengo|Shadow Ball|p2a: Jirachi\n|-supereffective|p2a: Jirachi\n|-damage|p2a: Jirachi|0 fnt\n|faint|p2a: Jirachi\n|\n|upkeep\n|\n|t:|1699716422\n|switch|p2a: Zapdos|Zapdos|100\/100\n|turn|18\n|\n|t:|1699716429\n|move|p1a: Gholdengo|Shadow Ball|p2a: Zapdos\n|-damage|p2a: Zapdos|59\/100\n|move|p2a: Zapdos|Volt Switch|p1a: Gholdengo\n|-damage|p1a: Gholdengo|0 fnt\n|faint|p1a: Gholdengo\n|\n|t:|1699716435\n|switch|p2a: Ribombee|Ribombee, F|100\/100|[from] Volt Switch\n|\n|upkeep\n|\n|t:|1699716440\n|switch|p1a: Dragonite|Dragonite, M|100\/100\n|turn|19\n|\n|t:|1699716443\n|move|p2a: Ribombee|Stun Spore|p1a: Dragonite|[miss]\n|-miss|p2a: Ribombee|p1a: Dragonite\n|move|p1a: Dragonite|Dragon Dance|p1a: Dragonite\n|-boost|p1a: Dragonite|atk|1\n|-boost|p1a: Dragonite|spe|1\n|\n|upkeep\n|turn|20\n|\n|t:|1699716450\n|move|p1a: Dragonite|Air Slash|p2a: Ribombee\n|-supereffective|p2a: Ribombee\n|-damage|p2a: Ribombee|17\/100\n|move|p2a: Ribombee|Stun Spore|p1a: Dragonite\n|-status|p1a: Dragonite|par\n|\n|upkeep\n|turn|21\n|\n|t:|1699716456\n|move|p1a: Dragonite|Extreme Speed|p2a: Ribombee\n|-damage|p2a: Ribombee|0 fnt\n|faint|p2a: Ribombee\n|\n|upkeep\n|\n|t:|1699716479\n|switch|p2a: Gholdengo|Gholdengo|15\/100\n|turn|22\n|\n|t:|1699716486\n|move|p2a: Gholdengo|Recover|p2a: Gholdengo\n|-heal|p2a: Gholdengo|65\/100\n|cant|p1a: Dragonite|par\n|\n|upkeep\n|turn|23\n|\n|t:|1699716491\n|switch|p1a: Alomomola|Alomomola, F|100\/100 par\n|move|p2a: Gholdengo|Hex|p1a: Alomomola\n|-damage|p1a: Alomomola|8\/100 par\n|-enditem|p1a: Alomomola|Red Card|[of] p2a: Gholdengo\n|drag|p2a: Zapdos|Zapdos|59\/100\n|\n|upkeep\n|turn|24\n|\n|t:|1699716498\n|move|p2a: Zapdos|Volt Switch|p1a: Alomomola\n|-supereffective|p1a: Alomomola\n|-damage|p1a: Alomomola|0 fnt\n|faint|p1a: Alomomola\n|\n|t:|1699716513\n|switch|p2a: Spiritomb|Spiritomb, F|100\/100|[from] Volt Switch\n|\n|upkeep\n|\n|t:|1699716520\n|switch|p1a: Iron Valiant|Iron Valiant|100\/100\n|-enditem|p1a: Iron Valiant|Booster Energy\n|-activate|p1a: Iron Valiant|ability: Quark Drive|[fromitem]\n|-start|p1a: Iron Valiant|quarkdrivespe\n|turn|25\n|\n|t:|1699716528\n|-terastallize|p2a: Spiritomb|Poison\n|move|p1a: Iron Valiant|Moonblast|p2a: Spiritomb\n|-resisted|p2a: Spiritomb\n|-damage|p2a: Spiritomb|80\/100\n|move|p2a: Spiritomb|Hypnosis|p1a: Iron Valiant|[miss]\n|-miss|p2a: Spiritomb|p1a: Iron Valiant\n|\n|-heal|p2a: Spiritomb|86\/100|[from] item: Leftovers\n|upkeep\n|turn|26\n|\n|t:|1699716537\n|-end|p1a: Iron Valiant|Quark Drive|[silent]\n|switch|p1a: Dragonite|Dragonite, M|100\/100 par\n|move|p2a: Spiritomb|Nasty Plot|p2a: Spiritomb\n|-boost|p2a: Spiritomb|spa|2\n|\n|-heal|p2a: Spiritomb|92\/100|[from] item: Leftovers\n|upkeep\n|turn|27\n|\n|t:|1699716545\n|move|p1a: Dragonite|Dragon Dance|p1a: Dragonite\n|-boost|p1a: Dragonite|atk|1\n|-boost|p1a: Dragonite|spe|1\n|move|p2a: Spiritomb|Hex|p1a: Dragonite\n|-damage|p1a: Dragonite|56\/100 par\n|\n|-heal|p2a: Spiritomb|98\/100|[from] item: Leftovers\n|upkeep\n|turn|28\n|\n|t:|1699716548\n|move|p1a: Dragonite|Extreme Speed|p2a: Spiritomb\n|-crit|p2a: Spiritomb\n|-damage|p2a: Spiritomb|27\/100\n|move|p2a: Spiritomb|Hex|p1a: Dragonite\n|-damage|p1a: Dragonite|0 fnt\n|faint|p1a: Dragonite\n|\n|-heal|p2a: Spiritomb|33\/100|[from] item: Leftovers\n|upkeep\n|c|\u2606OzzerYunarei|Today is not my day\n|\n|t:|1699716562\n|switch|p1a: Cinderace|Cinderace, M|100\/100\n|turn|29\n|\n|t:|1699716570\n|move|p1a: Cinderace|Pyro Ball|p2a: Spiritomb\n|-damage|p2a: Spiritomb|0 fnt\n|faint|p2a: Spiritomb\n|\n|upkeep\n|\n|t:|1699716573\n|switch|p2a: Zapdos|Zapdos|59\/100\n|turn|30\n|\n|t:|1699716578\n|move|p1a: Cinderace|Pyro Ball|p2a: Zapdos\n|-damage|p2a: Zapdos|0 fnt\n|faint|p2a: Zapdos\n|\n|upkeep\n|\n|t:|1699716580\n|switch|p2a: Gholdengo|Gholdengo|65\/100\n|turn|31\n|\n|t:|1699716584\n|move|p1a: Cinderace|Pyro Ball|p2a: Gholdengo|[miss]\n|-miss|p1a: Cinderace|p2a: Gholdengo\n|move|p2a: Gholdengo|Thunder Wave|p1a: Cinderace\n|-status|p1a: Cinderace|par\n|\n|upkeep\n|turn|32\n|\n|t:|1699716590\n|move|p1a: Cinderace|Sucker Punch|p2a: Gholdengo\n|-start|p1a: Cinderace|typechange|Dark|[from] ability: Libero\n|-supereffective|p2a: Gholdengo\n|-damage|p2a: Gholdengo|6\/100\n|move|p2a: Gholdengo|Hex|p1a: Cinderace\n|-resisted|p1a: Cinderace\n|-damage|p1a: Cinderace|43\/100 par\n|\n|upkeep\n|turn|33\n|\n|t:|1699716600\n|move|p1a: Cinderace|Sucker Punch||[still]\n|-fail|p1a: Cinderace\n|move|p2a: Gholdengo|Recover|p2a: Gholdengo\n|-heal|p2a: Gholdengo|56\/100\n|\n|upkeep\n|turn|34\n|\n|t:|1699716607\n|move|p2a: Gholdengo|Make It Rain|p1a: Cinderace\n|-damage|p1a: Cinderace|0 fnt\n|-unboost|p2a: Gholdengo|spa|1\n|faint|p1a: Cinderace\n|\n|upkeep\n|c|\u2606simonKK|bruh\n|\n|t:|1699716613\n|switch|p1a: Iron Valiant|Iron Valiant|100\/100\n|turn|35\n|\n|t:|1699716618\n|move|p1a: Iron Valiant|Encore|p2a: Gholdengo\n|-immune|p2a: Gholdengo|[from] ability: Good as Gold\n|move|p2a: Gholdengo|Make It Rain|p1a: Iron Valiant\n|-supereffective|p1a: Iron Valiant\n|-damage|p1a: Iron Valiant|0 fnt\n|-unboost|p2a: Gholdengo|spa|1\n|faint|p1a: Iron Valiant\n|-end|p1a: Iron Valiant|Quark Drive|[silent]\n|\n|win|OzzerYunarei\n|raw|simonKK's rating: 1302 &rarr; <strong>1280<\/strong><br \/>(-22 for losing)\n|raw|OzzerYunarei's rating: 1269 &rarr; <strong>1296<\/strong><br \/>(+27 for winning)\n|l|\u2606simonKK\n|c|\u2606OzzerYunarei|gg\n","uploadtime":1699716632,"views":16,"p1id":"simonkk","p2id":"ozzeryunarei","formatid":"gen9ou","rating":1280,"private":0,"password":""}