{"id":"gen9ou-1997136050","p1":"Lilicykrie","p2":"Saint1","format":"[Gen 9] OU","log":"|j|\u2606Lilicykrie\n|j|\u2606Saint1\n|t:|1700768133\n|gametype|singles\n|player|p1|Lilicykrie|skierf|1013\n|player|p2|Saint1|169|1095\n|teamsize|p1|6\n|teamsize|p2|6\n|gen|9\n|tier|[Gen 9] OU\n|rated|\n|rule|Sleep Clause Mod: Limit one foe put to sleep\n|rule|Species Clause: Limit one of each Pok\u00e9mon\n|rule|OHKO Clause: OHKO moves are banned\n|rule|Evasion Items Clause: Evasion items are banned\n|rule|Evasion Moves Clause: Evasion moves are banned\n|rule|Endless Battle Clause: Forcing endless battles is banned\n|rule|HP Percentage Mod: HP is shown in percentages\n|clearpoke\n|poke|p1|Delibird, M|\n|poke|p1|Sunflora, M|\n|poke|p1|Pyroar, F|\n|poke|p1|Golem-Alola, F|\n|poke|p1|Crabominable, F|\n|poke|p1|Sudowoodo, F|\n|poke|p2|Iron Treads|\n|poke|p2|Samurott-Hisui, M|\n|poke|p2|Iron Moth|\n|poke|p2|Iron Valiant|\n|poke|p2|Ninetales-Alola, F|\n|poke|p2|Salamence, F|\n|teampreview\n|l|\u2606Lilicykrie\n|player|p1|\n|j|\u2606Lilicykrie\n|player|p1|Lilicykrie|skierf\n|\n|t:|1700768145\n|start\n|switch|p1a: Golem|Golem-Alola, F|100\/100\n|switch|p2a: Iron Treads|Iron Treads|100\/100\n|turn|1\n|\n|t:|1700768150\n|-terastallize|p1a: Golem|Flying\n|move|p2a: Iron Treads|Earth Power|p1a: Golem\n|-immune|p1a: Golem\n|move|p1a: Golem|Stealth Rock|p2a: Iron Treads\n|-sidestart|p2: Saint1|move: Stealth Rock\n|\n|upkeep\n|turn|2\n|\n|t:|1700768157\n|move|p2a: Iron Treads|Volt Switch|p1a: Golem\n|-supereffective|p1a: Golem\n|-damage|p1a: Golem|43\/100\n|\n|t:|1700768162\n|-end|p2a: Iron Treads|Quark Drive|[silent]\n|switch|p2a: Ninetales|Ninetales-Alola, F|100\/100|[from] Volt Switch\n|-damage|p2a: Ninetales|76\/100|[from] Stealth Rock\n|-weather|Snow|[from] ability: Snow Warning|[of] p2a: Ninetales\n|move|p1a: Golem|Earthquake|p2a: Ninetales\n|-damage|p2a: Ninetales|30\/100\n|-damage|p1a: Golem|33\/100|[from] item: Life Orb\n|\n|-weather|Snow|[upkeep]\n|-heal|p2a: Ninetales|36\/100|[from] item: Leftovers\n|upkeep\n|turn|3\n|\n|t:|1700768172\n|move|p2a: Ninetales|Aurora Veil|p2a: Ninetales\n|-sidestart|p2: Saint1|move: Aurora Veil\n|move|p1a: Golem|Body Slam|p2a: Ninetales\n|-damage|p2a: Ninetales|2\/100\n|-damage|p1a: Golem|23\/100|[from] item: Life Orb\n|\n|-weather|Snow|[upkeep]\n|-heal|p2a: Ninetales|8\/100|[from] item: Leftovers\n|upkeep\n|turn|4\n|\n|t:|1700768177\n|move|p2a: Ninetales|Freeze-Dry|p1a: Golem\n|-supereffective|p1a: Golem\n|-damage|p1a: Golem|0 fnt\n|faint|p1a: Golem\n|\n|-weather|Snow|[upkeep]\n|-heal|p2a: Ninetales|14\/100|[from] item: Leftovers\n|upkeep\n|\n|t:|1700768188\n|switch|p1a: Pyroar|Pyroar, F|100\/100\n|-ability|p1a: Pyroar|Unnerve\n|turn|5\n|\n|t:|1700768199\n|move|p2a: Ninetales|Moonblast|p1a: Pyroar\n|-resisted|p1a: Pyroar\n|-damage|p1a: Pyroar|82\/100\n|move|p1a: Pyroar|Hyper Voice|p2a: Ninetales\n|-damage|p2a: Ninetales|0 fnt\n|faint|p2a: Ninetales\n|\n|-weather|Snow|[upkeep]\n|upkeep\n|\n|t:|1700768210\n|switch|p2a: Iron Treads|Iron Treads|100\/100\n|-damage|p2a: Iron Treads|97\/100|[from] Stealth Rock\n|turn|6\n|\n|t:|1700768216\n|switch|p1a: Sunflora|Sunflora, M|100\/100\n|move|p2a: Iron Treads|Rapid Spin|p1a: Sunflora\n|-damage|p1a: Sunflora|78\/100\n|-boost|p2a: Iron Treads|spe|1\n|-sideend|p2: Saint1|Stealth Rock|[from] move: Rapid Spin|[of] p2a: Iron Treads\n|\n|-weather|none\n|upkeep\n|turn|7\n|\n|t:|1700768223\n|move|p2a: Iron Treads|Volt Switch|p1a: Sunflora\n|-resisted|p1a: Sunflora\n|-damage|p1a: Sunflora|68\/100\n|\n|t:|1700768226\n|-end|p2a: Iron Treads|Quark Drive|[silent]\n|switch|p2a: Iron Moth|Iron Moth|100\/100|[from] Volt Switch\n|-enditem|p2a: Iron Moth|Booster Energy\n|-activate|p2a: Iron Moth|ability: Quark Drive|[fromitem]\n|-start|p2a: Iron Moth|quarkdrivespa\n|move|p1a: Sunflora|Earth Power|p2a: Iron Moth\n|-supereffective|p2a: Iron Moth\n|-crit|p2a: Iron Moth\n|-damage|p2a: Iron Moth|0 fnt\n|faint|p2a: Iron Moth\n|-end|p2a: Iron Moth|Quark Drive|[silent]\n|\n|-sideend|p2: Saint1|move: Aurora Veil\n|upkeep\n|\n|t:|1700768236\n|switch|p2a: Iron Valiant|Iron Valiant|100\/100\n|-enditem|p2a: Iron Valiant|Booster Energy\n|-activate|p2a: Iron Valiant|ability: Quark Drive|[fromitem]\n|-start|p2a: Iron Valiant|quarkdrivespe\n|turn|8\n|\n|t:|1700768240\n|move|p2a: Iron Valiant|Swords Dance|p2a: Iron Valiant\n|-boost|p2a: Iron Valiant|atk|2\n|move|p1a: Sunflora|Earth Power|p2a: Iron Valiant\n|-damage|p2a: Iron Valiant|7\/100\n|\n|upkeep\n|turn|9\n|\n|t:|1700768246\n|move|p2a: Iron Valiant|Moonblast|p1a: Sunflora\n|-damage|p1a: Sunflora|21\/100\n|move|p1a: Sunflora|Earth Power|p2a: Iron Valiant\n|-damage|p2a: Iron Valiant|0 fnt\n|faint|p2a: Iron Valiant\n|-end|p2a: Iron Valiant|Quark Drive|[silent]\n|\n|upkeep\n|\n|t:|1700768250\n|switch|p2a: Salamence|Salamence, F|100\/100\n|turn|10\n|\n|t:|1700768255\n|switch|p1a: Delibird|Delibird, M|100\/100\n|move|p2a: Salamence|Dragon Dance|p2a: Salamence\n|-boost|p2a: Salamence|atk|1\n|-boost|p2a: Salamence|spe|1\n|\n|upkeep\n|turn|11\n|\n|t:|1700768262\n|-terastallize|p2a: Salamence|Dragon\n|move|p1a: Delibird|Ice Shard|p2a: Salamence\n|-supereffective|p2a: Salamence\n|-damage|p2a: Salamence|77\/100\n|move|p2a: Salamence|Iron Head|p1a: Delibird\n|-supereffective|p1a: Delibird\n|-damage|p1a: Delibird|0 fnt\n|faint|p1a: Delibird\n|-ability|p2a: Salamence|Moxie|boost\n|-boost|p2a: Salamence|atk|1\n|\n|upkeep\n|\n|t:|1700768268\n|switch|p1a: Sudowoodo|Sudowoodo, F|100\/100\n|turn|12\n|\n|t:|1700768271\n|move|p2a: Salamence|Earthquake|p1a: Sudowoodo\n|-supereffective|p1a: Sudowoodo\n|-damage|p1a: Sudowoodo|0 fnt\n|faint|p1a: Sudowoodo\n|-ability|p2a: Salamence|Moxie|boost\n|-boost|p2a: Salamence|atk|1\n|\n|upkeep\n|\n|t:|1700768277\n|switch|p1a: Crabominable|Crabominable, F|100\/100\n|turn|13\n|\n|t:|1700768282\n|move|p2a: Salamence|Earthquake|p1a: Crabominable\n|-damage|p1a: Crabominable|1\/100\n|move|p1a: Crabominable|Ice Spinner|p2a: Salamence\n|-supereffective|p2a: Salamence\n|-damage|p2a: Salamence|0 fnt\n|faint|p2a: Salamence\n|\n|-heal|p1a: Crabominable|7\/100|[from] item: Leftovers\n|upkeep\n|\n|t:|1700768288\n|switch|p2a: Samurott|Samurott-Hisui, M|100\/100\n|turn|14\n|\n|t:|1700768291\n|move|p2a: Samurott|Aqua Jet|p1a: Crabominable\n|-damage|p1a: Crabominable|0 fnt\n|faint|p1a: Crabominable\n|\n|upkeep\n|\n|t:|1700768294\n|switch|p1a: Pyroar|Pyroar, F|82\/100\n|-ability|p1a: Pyroar|Unnerve\n|turn|15\n|\n|t:|1700768298\n|move|p1a: Pyroar|Hyper Voice|p2a: Samurott\n|-damage|p2a: Samurott|58\/100\n|move|p2a: Samurott|Razor Shell|p1a: Pyroar\n|-supereffective|p1a: Pyroar\n|-damage|p1a: Pyroar|0 fnt\n|faint|p1a: Pyroar\n|\n|upkeep\n|\n|t:|1700768300\n|switch|p1a: Sunflora|Sunflora, M|21\/100\n|turn|16\n|\n|t:|1700768305\n|move|p2a: Samurott|Aqua Jet|p1a: Sunflora\n|-resisted|p1a: Sunflora\n|-damage|p1a: Sunflora|2\/100\n|move|p1a: Sunflora|Giga Drain|p2a: Samurott\n|-supereffective|p2a: Samurott\n|-damage|p2a: Samurott|0 fnt\n|-heal|p1a: Sunflora|33\/100|[from] drain|[of] p2a: Samurott\n|faint|p2a: Samurott\n|\n|upkeep\n|\n|t:|1700768308\n|switch|p2a: Iron Treads|Iron Treads|97\/100\n|turn|17\n|\n|t:|1700768312\n|move|p2a: Iron Treads|Earth Power|p1a: Sunflora\n|-resisted|p1a: Sunflora\n|-damage|p1a: Sunflora|16\/100\n|move|p1a: Sunflora|Giga Drain|p2a: Iron Treads\n|-damage|p2a: Iron Treads|17\/100\n|-heal|p1a: Sunflora|61\/100|[from] drain|[of] p2a: Iron Treads\n|\n|upkeep\n|turn|18\n|\n|t:|1700768320\n|move|p2a: Iron Treads|Flash Cannon|p1a: Sunflora\n|-damage|p1a: Sunflora|31\/100\n|move|p1a: Sunflora|Giga Drain|p2a: Iron Treads\n|-damage|p2a: Iron Treads|0 fnt\n|-heal|p1a: Sunflora|40\/100|[from] drain|[of] p2a: Iron Treads\n|faint|p2a: Iron Treads\n|-end|p2a: Iron Treads|Quark Drive|[silent]\n|\n|win|Lilicykrie\n|raw|Lilicykrie's rating: 1013 &rarr; <strong>1060<\/strong><br \/>(+47 for winning)\n|raw|Saint1's rating: 1095 &rarr; <strong>1065<\/strong><br \/>(-30 for losing)\n|l|\u2606Saint1\n|c|\u2606Lilicykrie|Sunflora carry\n","uploadtime":1700768344,"views":7,"p1id":"lilicykrie","p2id":"saint1","formatid":"gen9ou","rating":1060,"private":0,"password":""}