{"id":"gen9ou-1988711390","p1":"THEESEFF","p2":"alviverde torcedor","format":"[Gen 9] OU","log":"|j|\u2606THEESEFF\n|j|\u2606alviverde torcedor\n|t:|1699753596\n|gametype|singles\n|player|p1|THEESEFF|pokemonbreeder-gen4|1294\n|player|p2|alviverde torcedor|pokemonbreederf-gen4|1247\n|teamsize|p1|6\n|teamsize|p2|6\n|gen|9\n|tier|[Gen 9] OU\n|rated|\n|rule|Sleep Clause Mod: Limit one foe put to sleep\n|rule|Species Clause: Limit one of each Pok\u00e9mon\n|rule|OHKO Clause: OHKO moves are banned\n|rule|Evasion Items Clause: Evasion items are banned\n|rule|Evasion Moves Clause: Evasion moves are banned\n|rule|Endless Battle Clause: Forcing endless battles is banned\n|rule|HP Percentage Mod: HP is shown in percentages\n|clearpoke\n|poke|p1|Ribombee, F|\n|poke|p1|Ogerpon-Wellspring, F|\n|poke|p1|Tinkaton, F|\n|poke|p1|Iron Moth|\n|poke|p1|Great Tusk|\n|poke|p1|Dragapult, F|\n|poke|p2|Hatterene, F|\n|poke|p2|Dragonite, M|\n|poke|p2|Greninja-*, M|\n|poke|p2|Sneasler, M|\n|poke|p2|Kingambit, M|\n|poke|p2|Corviknight, F|\n|teampreview\n|inactive|Battle timer is ON: inactive players will automatically lose when time's up. (requested by alviverde torcedor)\n|\n|t:|1699753605\n|start\n|switch|p1a: Tinkaton|Tinkaton, F|100\/100\n|switch|p2a: Sneasler|Sneasler, M|100\/100\n|-item|p1a: Tinkaton|Air Balloon\n|turn|1\n|\n|t:|1699753610\n|move|p2a: Sneasler|U-turn|p1a: Tinkaton\n|-resisted|p1a: Tinkaton\n|-damage|p1a: Tinkaton|94\/100\n|-enditem|p1a: Tinkaton|Air Balloon\n|-enditem|p2a: Sneasler|Choice Scarf|[silent]|[from] ability: Pickpocket|[of] p2a: Sneasler\n|-item|p1a: Tinkaton|Choice Scarf|[from] ability: Pickpocket|[of] p2a: Sneasler\n|\n|t:|1699753618\n|switch|p2a: Kingambit|Kingambit, M|100\/100|[from] U-turn\n|move|p1a: Tinkaton|Thunder Wave|p2a: Kingambit\n|-status|p2a: Kingambit|par\n|\n|upkeep\n|turn|2\n|\n|t:|1699753627\n|switch|p1a: Ribombee|Ribombee, F|100\/100\n|-end|p2a: Kingambit|fallenundefined|[silent]\n|switch|p2a: Sneasler|Sneasler, M|100\/100\n|\n|upkeep\n|turn|3\n|\n|t:|1699753632\n|move|p1a: Ribombee|Stun Spore|p2a: Sneasler\n|-status|p2a: Sneasler|par\n|cant|p2a: Sneasler|par\n|\n|upkeep\n|turn|4\n|\n|t:|1699753636\n|switch|p2a: Hatterene|Hatterene, F|100\/100\n|move|p1a: Ribombee|Sticky Web|p2a: Hatterene\n|move|p2a: Hatterene|Sticky Web|p1a: Ribombee|[from]ability: Magic Bounce\n|-sidestart|p1: THEESEFF|move: Sticky Web\n|\n|upkeep\n|turn|5\n|\n|t:|1699753648\n|switch|p1a: Tinkaton|Tinkaton, F|94\/100\n|-activate|p1a: Tinkaton|move: Sticky Web\n|-unboost|p1a: Tinkaton|spe|1\n|move|p2a: Hatterene|Calm Mind|p2a: Hatterene\n|-boost|p2a: Hatterene|spa|1\n|-boost|p2a: Hatterene|spd|1\n|\n|upkeep\n|turn|6\n|\n|t:|1699753656\n|-terastallize|p2a: Hatterene|Water\n|move|p1a: Tinkaton|Encore|p2a: Hatterene\n|move|p2a: Hatterene|Encore||[from]ability: Magic Bounce|[still]\n|-fail|p2a: Hatterene\n|move|p2a: Hatterene|Mystical Fire|p1a: Tinkaton\n|-supereffective|p1a: Tinkaton\n|-damage|p1a: Tinkaton|31\/100\n|-unboost|p1a: Tinkaton|spa|1\n|\n|upkeep\n|turn|7\n|\n|t:|1699753665\n|move|p1a: Tinkaton|Encore|p2a: Hatterene\n|move|p2a: Hatterene|Encore||[from]ability: Magic Bounce|[still]\n|-fail|p2a: Hatterene\n|move|p2a: Hatterene|Calm Mind|p2a: Hatterene\n|-boost|p2a: Hatterene|spa|1\n|-boost|p2a: Hatterene|spd|1\n|\n|upkeep\n|turn|8\n|\n|t:|1699753672\n|switch|p1a: Iron Moth|Iron Moth|100\/100\n|-activate|p1a: Iron Moth|move: Sticky Web\n|-unboost|p1a: Iron Moth|spe|1\n|-enditem|p1a: Iron Moth|Booster Energy\n|-activate|p1a: Iron Moth|ability: Quark Drive|[fromitem]\n|-start|p1a: Iron Moth|quarkdrivespa\n|move|p2a: Hatterene|Calm Mind|p2a: Hatterene\n|-boost|p2a: Hatterene|spa|1\n|-boost|p2a: Hatterene|spd|1\n|\n|upkeep\n|turn|9\n|c|\u2606THEESEFF|I actually kinda fucked myself here\n|\n|t:|1699753689\n|move|p1a: Iron Moth|Sludge Wave|p2a: Hatterene\n|-damage|p2a: Hatterene|76\/100\n|move|p2a: Hatterene|Psychic|p1a: Iron Moth\n|-supereffective|p1a: Iron Moth\n|-damage|p1a: Iron Moth|0 fnt\n|faint|p1a: Iron Moth\n|-end|p1a: Iron Moth|Quark Drive|[silent]\n|\n|-heal|p2a: Hatterene|82\/100|[from] item: Leftovers\n|upkeep\n|c|\u2606alviverde torcedor|yeah unfortunately\n|\n|t:|1699753695\n|switch|p1a: Ogerpon|Ogerpon-Wellspring, F|100\/100\n|-activate|p1a: Ogerpon|move: Sticky Web\n|-unboost|p1a: Ogerpon|spe|1\n|turn|10\n|\n|t:|1699753699\n|-terastallize|p1a: Ogerpon|Water\n|detailschange|p1a: Ogerpon|Ogerpon-Wellspring-Tera, F, tera:Water\n|-ability|p1a: Ogerpon|Embody Aspect (Wellspring)|boost\n|-boost|p1a: Ogerpon|spd|1\n|move|p1a: Ogerpon|Horn Leech|p2a: Hatterene\n|-supereffective|p2a: Hatterene\n|-damage|p2a: Hatterene|16\/100\n|move|p2a: Hatterene|Draining Kiss|p1a: Ogerpon\n|-damage|p1a: Ogerpon|59\/100\n|-heal|p2a: Hatterene|46\/100|[from] drain|[of] p1a: Ogerpon\n|\n|-heal|p2a: Hatterene|52\/100|[from] item: Leftovers\n|upkeep\n|turn|11\n|\n|t:|1699753719\n|move|p1a: Ogerpon|Horn Leech|p2a: Hatterene\n|-supereffective|p2a: Hatterene\n|-damage|p2a: Hatterene|0 fnt\n|-heal|p1a: Ogerpon|86\/100|[from] drain|[of] p2a: Hatterene\n|faint|p2a: Hatterene\n|\n|upkeep\n|c|\u2606alviverde torcedor|wtf\n|c|\u2606alviverde torcedor|how\n|c|\u2606alviverde torcedor|so much sp def\n|inactive|alviverde torcedor has 120 seconds left.\n|c|\u2606alviverde torcedor|assault vest shouldnt help that much\n|\n|t:|1699753753\n|switch|p2a: Dragonite|Dragonite, M|100\/100\n|turn|12\n|\n|t:|1699753758\n|switch|p1a: Tinkaton|Tinkaton, F|31\/100\n|-activate|p1a: Tinkaton|move: Sticky Web\n|-unboost|p1a: Tinkaton|spe|1\n|move|p2a: Dragonite|Dragon Dance|p2a: Dragonite\n|-boost|p2a: Dragonite|atk|1\n|-boost|p2a: Dragonite|spe|1\n|\n|upkeep\n|turn|13\n|\n|t:|1699753765\n|move|p2a: Dragonite|Earthquake|p1a: Tinkaton\n|-supereffective|p1a: Tinkaton\n|-damage|p1a: Tinkaton|0 fnt\n|faint|p1a: Tinkaton\n|\n|upkeep\n|\n|t:|1699753767\n|switch|p1a: Ribombee|Ribombee, F|100\/100\n|-activate|p1a: Ribombee|move: Sticky Web\n|-unboost|p1a: Ribombee|spe|1\n|turn|14\n|\n|t:|1699753774\n|move|p2a: Dragonite|Earthquake|p1a: Ribombee\n|-resisted|p1a: Ribombee\n|-damage|p1a: Ribombee|38\/100\n|move|p1a: Ribombee|Stun Spore|p2a: Dragonite\n|-status|p2a: Dragonite|par\n|-enditem|p2a: Dragonite|Lum Berry|[eat]\n|-curestatus|p2a: Dragonite|par|[msg]\n|\n|upkeep\n|turn|15\n|\n|t:|1699753786\n|move|p2a: Dragonite|Earthquake|p1a: Ribombee\n|-resisted|p1a: Ribombee\n|-damage|p1a: Ribombee|0 fnt\n|faint|p1a: Ribombee\n|\n|upkeep\n|\n|t:|1699753792\n|switch|p1a: Great Tusk|Great Tusk|100\/100\n|-activate|p1a: Great Tusk|move: Sticky Web\n|-unboost|p1a: Great Tusk|spe|1\n|-enditem|p1a: Great Tusk|Booster Energy\n|-activate|p1a: Great Tusk|ability: Protosynthesis|[fromitem]\n|-start|p1a: Great Tusk|protosynthesisdef\n|turn|16\n|\n|t:|1699753800\n|switch|p2a: Greninja|Greninja, M|100\/100\n|move|p1a: Great Tusk|Rapid Spin|p2a: Greninja\n|-damage|p2a: Greninja|78\/100\n|-boost|p1a: Great Tusk|spe|1\n|-sideend|p1: THEESEFF|Sticky Web|[from] move: Rapid Spin|[of] p1a: Great Tusk\n|\n|upkeep\n|turn|17\n|\n|t:|1699753809\n|-end|p1a: Great Tusk|Protosynthesis|[silent]\n|switch|p1a: Ogerpon|Ogerpon-Wellspring-Tera, F, tera:Water|86\/100\n|-ability|p1a: Ogerpon|Embody Aspect (Wellspring)|boost\n|-boost|p1a: Ogerpon|spd|1\n|move|p2a: Greninja|Dark Pulse|p1a: Ogerpon\n|-damage|p1a: Ogerpon|60\/100\n|\n|upkeep\n|turn|18\n|\n|t:|1699753816\n|move|p1a: Ogerpon|Horn Leech|p2a: Greninja\n|-supereffective|p2a: Greninja\n|-damage|p2a: Greninja|0 fnt\n|-heal|p1a: Ogerpon|97\/100|[from] drain|[of] p2a: Greninja\n|faint|p2a: Greninja\n|\n|upkeep\n|\n|t:|1699753819\n|switch|p2a: Corviknight|Corviknight, F|100\/100\n|-ability|p2a: Corviknight|Pressure\n|turn|19\n|\n|t:|1699753827\n|move|p1a: Ogerpon|Swords Dance|p1a: Ogerpon\n|-boost|p1a: Ogerpon|atk|2\n|move|p2a: Corviknight|Iron Defense|p2a: Corviknight\n|-boost|p2a: Corviknight|def|2\n|\n|upkeep\n|turn|20\n|\n|t:|1699753832\n|move|p1a: Ogerpon|Superpower|p2a: Corviknight\n|-damage|p2a: Corviknight|59\/100\n|-unboost|p1a: Ogerpon|atk|1\n|-unboost|p1a: Ogerpon|def|1\n|-damage|p1a: Ogerpon|80\/100|[from] item: Rocky Helmet|[of] p2a: Corviknight\n|move|p2a: Corviknight|Iron Defense|p2a: Corviknight\n|-boost|p2a: Corviknight|def|2\n|\n|upkeep\n|turn|21\n|\n|t:|1699753837\n|move|p1a: Ogerpon|Ivy Cudgel|p2a: Corviknight\n|-crit|p2a: Corviknight\n|-damage|p2a: Corviknight|0 fnt\n|faint|p2a: Corviknight\n|\n|upkeep\n|c|\u2606alviverde torcedor|fuckkk\n|c|\u2606alviverde torcedor|i hate that little beo\n|c|\u2606alviverde torcedor|bro\n|\n|t:|1699753859\n|switch|p2a: Dragonite|Dragonite, M|100\/100\n|turn|22\n|\n|t:|1699753868\n|switch|p1a: Great Tusk|Great Tusk|100\/100\n|move|p2a: Dragonite|Earthquake|p1a: Great Tusk\n|-damage|p1a: Great Tusk|77\/100\n|\n|upkeep\n|turn|23\n|\n|t:|1699753874\n|move|p1a: Great Tusk|Bulk Up|p1a: Great Tusk\n|-boost|p1a: Great Tusk|atk|1\n|-boost|p1a: Great Tusk|def|1\n|move|p2a: Dragonite|Dragon Dance|p2a: Dragonite\n|-boost|p2a: Dragonite|atk|1\n|-boost|p2a: Dragonite|spe|1\n|\n|upkeep\n|turn|24\n|\n|t:|1699753878\n|switch|p2a: Sneasler|Sneasler, M|100\/100 par\n|move|p1a: Great Tusk|Ice Spinner|p2a: Sneasler\n|-damage|p2a: Sneasler|45\/100 par\n|\n|upkeep\n|turn|25\n|\n|t:|1699753884\n|move|p1a: Great Tusk|Ice Spinner|p2a: Sneasler\n|-damage|p2a: Sneasler|0 fnt\n|faint|p2a: Sneasler\n|\n|upkeep\n|-message|alviverde torcedor forfeited.\n|\n|win|THEESEFF\n|raw|THEESEFF's rating: 1294 &rarr; <strong>1316<\/strong><br \/>(+22 for winning)\n|raw|alviverde torcedor's rating: 1247 &rarr; <strong>1225<\/strong><br \/>(-22 for losing)\n|l|\u2606alviverde torcedor\n","uploadtime":1699753907,"views":17,"p1id":"theeseff","p2id":"alviverdetorcedor","formatid":"gen9ou","rating":1225,"private":0,"password":""}