{"id":"gen9ou-1988474152","p1":"FigurativeIQ","p2":"ArchBaka","format":"[Gen 9] OU","log":"|j|\u2606FigurativeIQ\n|j|\u2606ArchBaka\n|t:|1699726792\n|gametype|singles\n|player|p1|FigurativeIQ|ballguy|\n|player|p2|ArchBaka|misty|\n|teamsize|p1|6\n|teamsize|p2|6\n|gen|9\n|tier|[Gen 9] OU\n|rule|Sleep Clause Mod: Limit one foe put to sleep\n|rule|Species Clause: Limit one of each Pok\u00e9mon\n|rule|OHKO Clause: OHKO moves are banned\n|rule|Evasion Items Clause: Evasion items are banned\n|rule|Evasion Moves Clause: Evasion moves are banned\n|rule|Endless Battle Clause: Forcing endless battles is banned\n|rule|HP Percentage Mod: HP is shown in percentages\n|clearpoke\n|poke|p1|Clodsire, M|\n|poke|p1|Quaquaval, M|\n|poke|p1|Kleavor, F|\n|poke|p1|Klefki, F|\n|poke|p1|Quagsire, F|\n|poke|p1|Brute Bonnet|\n|poke|p2|Braviary-Hisui, M|\n|poke|p2|Zarude-Dada|\n|poke|p2|Blissey, F|\n|poke|p2|Greninja-*, M|\n|poke|p2|Gallade, M|\n|poke|p2|Cinderace, F|\n|teampreview\n|j| Karpsy\n|\n|t:|1699726813\n|start\n|switch|p1a: Axe Body Spray|Kleavor, F|100\/100\n|switch|p2a: Madoka|Blissey, F, shiny|100\/100\n|turn|1\n|\n|t:|1699726829\n|move|p1a: Axe Body Spray|Stone Axe|p2a: Madoka|[miss]\n|-miss|p1a: Axe Body Spray|p2a: Madoka\n|move|p2a: Madoka|Stealth Rock|p1a: Axe Body Spray\n|-sidestart|p1: FigurativeIQ|move: Stealth Rock\n|\n|upkeep\n|turn|2\n|\n|t:|1699726845\n|move|p1a: Axe Body Spray|Stone Axe|p2a: Madoka\n|-damage|p2a: Madoka|40\/100\n|-sidestart|p2: ArchBaka|move: Stealth Rock\n|move|p2a: Madoka|Seismic Toss|p1a: Axe Body Spray\n|-damage|p1a: Axe Body Spray|65\/100\n|\n|upkeep\n|turn|3\n|\n|t:|1699726857\n|move|p1a: Axe Body Spray|Agility|p1a: Axe Body Spray\n|-boost|p1a: Axe Body Spray|spe|2\n|move|p2a: Madoka|Soft-Boiled|p2a: Madoka\n|-heal|p2a: Madoka|90\/100\n|\n|upkeep\n|turn|4\n|\n|t:|1699726864\n|move|p1a: Axe Body Spray|X-Scissor|p2a: Madoka\n|-damage|p2a: Madoka|21\/100\n|move|p2a: Madoka|Light Screen|p2a: Madoka\n|-sidestart|p2: ArchBaka|move: Light Screen\n|\n|upkeep\n|turn|5\n|\n|t:|1699726876\n|move|p1a: Axe Body Spray|X-Scissor|p2a: Madoka\n|-crit|p2a: Madoka\n|-damage|p2a: Madoka|0 fnt\n|faint|p2a: Madoka\n|\n|upkeep\n|j| Col Spiffington\n|\n|t:|1699726887\n|switch|p2a: Mikasa Ackerman|Greninja, M|100\/100\n|-damage|p2a: Mikasa Ackerman|88\/100|[from] Stealth Rock\n|turn|6\n|\n|t:|1699726904\n|switch|p1a: brain?|Quagsire, F|100\/100\n|-damage|p1a: brain?|94\/100|[from] Stealth Rock\n|move|p2a: Mikasa Ackerman|Ice Beam|p1a: brain?\n|-crit|p1a: brain?\n|-damage|p1a: brain?|44\/100\n|\n|-heal|p1a: brain?|50\/100|[from] item: Leftovers\n|upkeep\n|turn|7\n|\n|t:|1699726917\n|move|p2a: Mikasa Ackerman|Grass Knot|p1a: brain?\n|-supereffective|p1a: brain?\n|-damage|p1a: brain?|0 fnt\n|faint|p1a: brain?\n|-ability|p2a: Mikasa Ackerman|Battle Bond|boost\n|-boost|p2a: Mikasa Ackerman|atk|1\n|-boost|p2a: Mikasa Ackerman|spa|1\n|-boost|p2a: Mikasa Ackerman|spe|1\n|-activate|p2a: Mikasa Ackerman|ability: Battle Bond\n|\n|upkeep\n|\n|t:|1699726940\n|switch|p1a: Bruno Tonioli|Quaquaval, M|100\/100\n|-damage|p1a: Bruno Tonioli|94\/100|[from] Stealth Rock\n|turn|8\n|\n|t:|1699726961\n|move|p2a: Mikasa Ackerman|Grass Knot|p1a: Bruno Tonioli\n|-supereffective|p1a: Bruno Tonioli\n|-damage|p1a: Bruno Tonioli|0 fnt\n|faint|p1a: Bruno Tonioli\n|\n|-sideend|p2: ArchBaka|move: Light Screen\n|upkeep\n|\n|t:|1699726970\n|switch|p1a: Keys Yourself|Klefki, F|100\/100\n|-damage|p1a: Keys Yourself|95\/100|[from] Stealth Rock\n|turn|9\n|\n|t:|1699726983\n|-terastallize|p2a: Mikasa Ackerman|Water\n|move|p2a: Mikasa Ackerman|Water Shuriken|p1a: Keys Yourself\n|-damage|p1a: Keys Yourself|79\/100\n|-damage|p1a: Keys Yourself|64\/100\n|-damage|p1a: Keys Yourself|49\/100\n|-damage|p1a: Keys Yourself|30\/100\n|-damage|p1a: Keys Yourself|14\/100\n|-hitcount|p1a: Keys Yourself|5\n|move|p1a: Keys Yourself|Thunder Wave|p2a: Mikasa Ackerman\n|-status|p2a: Mikasa Ackerman|par\n|\n|upkeep\n|turn|10\n|\n|t:|1699727012\n|move|p2a: Mikasa Ackerman|Water Shuriken|p1a: Keys Yourself\n|-damage|p1a: Keys Yourself|0 fnt\n|faint|p1a: Keys Yourself\n|-hitcount|p1: Keys Yourself|1\n|\n|upkeep\n|\n|t:|1699727024\n|switch|p1a: Old Sussy Baka|Brute Bonnet|100\/100\n|-damage|p1a: Old Sussy Baka|88\/100|[from] Stealth Rock\n|-enditem|p1a: Old Sussy Baka|Booster Energy\n|-activate|p1a: Old Sussy Baka|ability: Protosynthesis|[fromitem]\n|-start|p1a: Old Sussy Baka|protosynthesisdef\n|turn|11\n|\n|t:|1699727036\n|-terastallize|p1a: Old Sussy Baka|Dark\n|cant|p2a: Mikasa Ackerman|par\n|move|p1a: Old Sussy Baka|Seed Bomb|p2a: Mikasa Ackerman\n|-supereffective|p2a: Mikasa Ackerman\n|-damage|p2a: Mikasa Ackerman|0 fnt\n|faint|p2a: Mikasa Ackerman\n|\n|upkeep\n|\n|t:|1699727064\n|switch|p2a: Soccer Player|Cinderace, F, shiny|100\/100\n|turn|12\n|\n|t:|1699727071\n|move|p2a: Soccer Player|High Jump Kick|p1a: Old Sussy Baka\n|-start|p2a: Soccer Player|typechange|Fighting|[from] ability: Libero\n|-supereffective|p1a: Old Sussy Baka\n|-damage|p1a: Old Sussy Baka|35\/100\n|move|p1a: Old Sussy Baka|Spore|p2a: Soccer Player\n|-status|p2a: Soccer Player|slp|[from] move: Spore\n|\n|upkeep\n|turn|13\n|\n|t:|1699727111\n|switch|p2a: Dadadadada|Zarude-Dada|100\/100\n|-damage|p2a: Dadadadada|88\/100|[from] Stealth Rock\n|move|p1a: Old Sussy Baka|Seed Bomb|p2a: Dadadadada\n|-resisted|p2a: Dadadadada\n|-damage|p2a: Dadadadada|74\/100\n|\n|upkeep\n|turn|14\n|\n|t:|1699727125\n|move|p2a: Dadadadada|Drain Punch|p1a: Old Sussy Baka\n|-supereffective|p1a: Old Sussy Baka\n|-crit|p1a: Old Sussy Baka\n|-damage|p1a: Old Sussy Baka|0 fnt\n|-heal|p2a: Dadadadada|95\/100|[from] drain|[of] p1a: Old Sussy Baka\n|faint|p1a: Old Sussy Baka\n|-end|p1a: Old Sussy Baka|Protosynthesis|[silent]\n|-damage|p2a: Dadadadada|85\/100|[from] item: Life Orb\n|\n|upkeep\n|\n|t:|1699727136\n|switch|p1a: Axe Body Spray|Kleavor, F|65\/100\n|-damage|p1a: Axe Body Spray|40\/100|[from] Stealth Rock\n|turn|15\n|\n|t:|1699727158\n|move|p2a: Dadadadada|Power Whip|p1a: Axe Body Spray\n|-damage|p1a: Axe Body Spray|0 fnt\n|faint|p1a: Axe Body Spray\n|-damage|p2a: Dadadadada|75\/100|[from] item: Life Orb\n|\n|upkeep\n|\n|t:|1699727163\n|switch|p1a: HIM|Clodsire, M|100\/100\n|-damage|p1a: HIM|94\/100|[from] Stealth Rock\n|turn|16\n|\n|t:|1699727187\n|move|p2a: Dadadadada|Power Whip|p1a: HIM\n|-damage|p1a: HIM|16\/100\n|-damage|p2a: Dadadadada|65\/100|[from] item: Life Orb\n|move|p1a: HIM|Toxic|p2a: Dadadadada\n|-status|p2a: Dadadadada|tox\n|\n|-heal|p1a: HIM|22\/100|[from] item: Leftovers\n|-damage|p2a: Dadadadada|59\/100 tox|[from] psn\n|upkeep\n|turn|17\n|\n|t:|1699727202\n|move|p2a: Dadadadada|Crunch|p1a: HIM\n|-damage|p1a: HIM|0 fnt\n|faint|p1a: HIM\n|-damage|p2a: Dadadadada|49\/100 tox|[from] item: Life Orb\n|\n|win|ArchBaka\n","uploadtime":1699727214,"views":23,"p1id":"figurativeiq","p2id":"archbaka","formatid":"gen9ou","rating":0,"private":0,"password":""}