{"id":"gen9ou-1992165797","p1":"Traviee","p2":"Swizzlle","format":"[Gen 9] OU","log":"|j|\u2606Traviee\n|j|\u2606Swizzlle\n|t:|1700160463\n|gametype|singles\n|player|p1|Traviee|shauntal|1361\n|player|p2|Swizzlle|ingo|1361\n|teamsize|p1|6\n|teamsize|p2|6\n|gen|9\n|tier|[Gen 9] OU\n|rated|\n|rule|Sleep Clause Mod: Limit one foe put to sleep\n|rule|Species Clause: Limit one of each Pok\u00e9mon\n|rule|OHKO Clause: OHKO moves are banned\n|rule|Evasion Items Clause: Evasion items are banned\n|rule|Evasion Moves Clause: Evasion moves are banned\n|rule|Endless Battle Clause: Forcing endless battles is banned\n|rule|HP Percentage Mod: HP is shown in percentages\n|clearpoke\n|poke|p1|Ursaluna, F|\n|poke|p1|Ogerpon-Wellspring, F|\n|poke|p1|Ting-Lu|\n|poke|p1|Gholdengo|\n|poke|p1|Zapdos|\n|poke|p1|Great Tusk|\n|poke|p2|Mudsdale, F|\n|poke|p2|Bellibolt, M|\n|poke|p2|Brambleghast, M|\n|poke|p2|Conkeldurr, M|\n|poke|p2|Umbreon, F|\n|poke|p2|Ursaring, F|\n|teampreview\n|inactive|Battle timer is ON: inactive players will automatically lose when time's up. (requested by Traviee)\n|\n|t:|1700160480\n|start\n|switch|p1a: Big Bro|Ting-Lu|100\/100\n|switch|p2a: Mudsdale|Mudsdale, F|100\/100\n|-ability|p1a: Big Bro|Vessel of Ruin\n|turn|1\n|\n|t:|1700160494\n|move|p1a: Big Bro|Spikes|p2a: Mudsdale\n|-sidestart|p2: Swizzlle|Spikes\n|move|p2a: Mudsdale|Stealth Rock|p1a: Big Bro\n|-sidestart|p1: Traviee|move: Stealth Rock\n|\n|upkeep\n|turn|2\n|\n|t:|1700160500\n|move|p1a: Big Bro|Spikes|p2a: Mudsdale\n|-sidestart|p2: Swizzlle|Spikes\n|move|p2a: Mudsdale|Body Press|p1a: Big Bro\n|-supereffective|p1a: Big Bro\n|-damage|p1a: Big Bro|70\/100\n|\n|-heal|p1a: Big Bro|76\/100|[from] item: Leftovers\n|upkeep\n|turn|3\n|\n|t:|1700160514\n|move|p1a: Big Bro|Spikes|p2a: Mudsdale\n|-sidestart|p2: Swizzlle|Spikes\n|move|p2a: Mudsdale|Body Press|p1a: Big Bro\n|-supereffective|p1a: Big Bro\n|-damage|p1a: Big Bro|50\/100\n|\n|-heal|p1a: Big Bro|57\/100|[from] item: Leftovers\n|upkeep\n|turn|4\n|\n|t:|1700160522\n|switch|p1a: Great Beast|Great Tusk|100\/100\n|-damage|p1a: Great Beast|98\/100|[from] Stealth Rock\n|-enditem|p1a: Great Beast|Booster Energy\n|-activate|p1a: Great Beast|ability: Protosynthesis|[fromitem]\n|-start|p1a: Great Beast|protosynthesisspe\n|move|p2a: Mudsdale|Body Press|p1a: Great Beast\n|-damage|p1a: Great Beast|81\/100\n|\n|upkeep\n|turn|5\n|\n|t:|1700160531\n|move|p1a: Great Beast|Rapid Spin|p2a: Mudsdale\n|-damage|p2a: Mudsdale|92\/100\n|-boost|p1a: Great Beast|spe|1\n|-ability|p2a: Mudsdale|Stamina|boost\n|-boost|p2a: Mudsdale|def|1\n|-sideend|p1: Traviee|Stealth Rock|[from] move: Rapid Spin|[of] p1a: Great Beast\n|move|p2a: Mudsdale|Roar|p1a: Great Beast\n|-end|p1a: Great Beast|Protosynthesis|[silent]\n|drag|p1a: Astalos|Zapdos|100\/100\n|\n|-heal|p2a: Mudsdale|98\/100|[from] item: Leftovers\n|upkeep\n|turn|6\n|\n|t:|1700160543\n|switch|p2a: Brambleghast|Brambleghast, M|100\/100\n|move|p1a: Astalos|Hurricane|p2a: Brambleghast\n|-ability|p2a: Brambleghast|Wind Rider|boost\n|-boost|p2a: Brambleghast|atk|1\n|\n|upkeep\n|turn|7\n|\n|t:|1700160550\n|move|p2a: Brambleghast|Rapid Spin|p1a: Astalos\n|-damage|p1a: Astalos|78\/100\n|-boost|p2a: Brambleghast|spe|1\n|-sideend|p2: Swizzlle|Spikes|[from] move: Rapid Spin|[of] p2a: Brambleghast\n|move|p1a: Astalos|Volt Switch|p2a: Brambleghast\n|-resisted|p2a: Brambleghast\n|-damage|p2a: Brambleghast|73\/100\n|\n|t:|1700160571\n|switch|p1a: Goldylocks|Gholdengo|100\/100|[from] Volt Switch\n|\n|upkeep\n|turn|8\n|\n|t:|1700160576\n|move|p2a: Brambleghast|Poltergeist|p1a: Goldylocks\n|-activate|p1a: Goldylocks|move: Poltergeist|Leftovers\n|-supereffective|p1a: Goldylocks\n|-damage|p1a: Goldylocks|0 fnt\n|faint|p1a: Goldylocks\n|\n|upkeep\n|\n|t:|1700160582\n|switch|p1a: Maneater|Ursaluna, F|100\/100\n|turn|9\n|\n|t:|1700160586\n|move|p2a: Brambleghast|Power Whip|p1a: Maneater\n|-supereffective|p1a: Maneater\n|-damage|p1a: Maneater|0 fnt\n|faint|p1a: Maneater\n|\n|upkeep\n|-message|Traviee forfeited.\n|\n|win|Swizzlle\n|raw|Traviee's rating: 1361 &rarr; <strong>1341<\/strong><br \/>(-20 for losing)\n|raw|Swizzlle's rating: 1361 &rarr; <strong>1381<\/strong><br \/>(+20 for winning)\n|l|\u2606Traviee\n","uploadtime":1700160604,"views":7,"p1id":"traviee","p2id":"swizzlle","formatid":"gen9ou","rating":1341,"private":0,"password":""}