{"id":"gen9ou-1995273645","p1":"heboomedme","p2":"liaoya","format":"[Gen 9] OU","log":"|j|\u2606heboomedme\n|j|\u2606liaoya\n|t:|1700544940\n|gametype|singles\n|player|p1|heboomedme|wallace|1521\n|player|p2|liaoya|petrel|1529\n|teamsize|p1|6\n|teamsize|p2|6\n|gen|9\n|tier|[Gen 9] OU\n|rated|\n|rule|Sleep Clause Mod: Limit one foe put to sleep\n|rule|Species Clause: Limit one of each Pok\u00e9mon\n|rule|OHKO Clause: OHKO moves are banned\n|rule|Evasion Items Clause: Evasion items are banned\n|rule|Evasion Moves Clause: Evasion moves are banned\n|rule|Endless Battle Clause: Forcing endless battles is banned\n|rule|HP Percentage Mod: HP is shown in percentages\n|clearpoke\n|poke|p1|Weavile, M|\n|poke|p1|Greninja-*, M|\n|poke|p1|Clefable, M|\n|poke|p1|Hoopa-Unbound|\n|poke|p1|Iron Treads|\n|poke|p1|Dragonite, F|\n|poke|p2|Drifblim, F|\n|poke|p2|Garganacl, F|\n|poke|p2|Umbreon, F|\n|poke|p2|Rotom-Wash|\n|poke|p2|Glimmora, F|\n|poke|p2|Espeon, F|\n|teampreview\n|\n|t:|1700544946\n|start\n|switch|p1a: Weavile|Weavile, M|100\/100\n|switch|p2a: Rotom|Rotom-Wash|100\/100\n|-ability|p1a: Weavile|Pressure\n|turn|1\n|inactive|Battle timer is ON: inactive players will automatically lose when time's up. (requested by liaoya)\n|\n|t:|1700544950\n|move|p1a: Weavile|Fake Out|p2a: Rotom\n|-damage|p2a: Rotom|87\/100\n|cant|p2a: Rotom|flinch\n|\n|upkeep\n|turn|2\n|\n|t:|1700544955\n|move|p1a: Weavile|Knock Off|p2a: Rotom\n|-crit|p2a: Rotom\n|-damage|p2a: Rotom|10\/100\n|-enditem|p2a: Rotom|Choice Scarf|[from] move: Knock Off|[of] p1a: Weavile\n|move|p2a: Rotom|Will-O-Wisp|p1a: Weavile\n|-status|p1a: Weavile|brn\n|\n|-damage|p1a: Weavile|94\/100 brn|[from] brn\n|upkeep\n|turn|3\n|\n|t:|1700544964\n|switch|p2a: Glimmora|Glimmora, F|100\/100\n|move|p1a: Weavile|Knock Off|p2a: Glimmora\n|-damage|p2a: Glimmora|82\/100\n|-activate|p2a: Glimmora|ability: Toxic Debris\n|-sidestart|p1: heboomedme|move: Toxic Spikes\n|-enditem|p2a: Glimmora|Focus Sash|[from] move: Knock Off|[of] p1a: Weavile\n|\n|-damage|p1a: Weavile|88\/100 brn|[from] brn\n|upkeep\n|turn|4\n|\n|t:|1700544974\n|move|p1a: Weavile|Icicle Crash|p2a: Glimmora\n|-damage|p2a: Glimmora|66\/100\n|-activate|p2a: Glimmora|ability: Toxic Debris\n|-sidestart|p1: heboomedme|move: Toxic Spikes\n|move|p2a: Glimmora|Light Screen|p2a: Glimmora\n|-sidestart|p2: liaoya|move: Light Screen\n|\n|-damage|p1a: Weavile|82\/100 brn|[from] brn\n|upkeep\n|turn|5\n|\n|t:|1700544991\n|switch|p1a: Hoopa|Hoopa-Unbound|100\/100\n|-status|p1a: Hoopa|tox\n|switch|p2a: Umbreon|Umbreon, F, shiny|100\/100\n|\n|-damage|p1a: Hoopa|94\/100 tox|[from] psn\n|upkeep\n|turn|6\n|\n|t:|1700545001\n|move|p2a: Umbreon|Protect|p2a: Umbreon\n|-singleturn|p2a: Umbreon|Protect\n|move|p1a: Hoopa|Knock Off|p2a: Umbreon\n|-activate|p2a: Umbreon|move: Protect\n|\n|-damage|p1a: Hoopa|82\/100 tox|[from] psn\n|upkeep\n|turn|7\n|\n|t:|1700545007\n|move|p1a: Hoopa|Drain Punch|p2a: Umbreon\n|-supereffective|p2a: Umbreon\n|-damage|p2a: Umbreon|68\/100\n|-heal|p1a: Hoopa|99\/100 tox|[from] drain|[of] p2a: Umbreon\n|move|p2a: Umbreon|Foul Play|p1a: Hoopa\n|-damage|p1a: Hoopa|53\/100 tox\n|\n|-heal|p2a: Umbreon|74\/100|[from] item: Leftovers\n|-damage|p1a: Hoopa|35\/100 tox|[from] psn\n|upkeep\n|turn|8\n|\n|t:|1700545018\n|switch|p1a: Weavile|Weavile, M|82\/100 brn\n|-ability|p1a: Weavile|Pressure\n|move|p2a: Umbreon|Wish|p2a: Umbreon\n|\n|-heal|p2a: Umbreon|80\/100|[from] item: Leftovers\n|-damage|p1a: Weavile|76\/100 brn|[from] brn\n|-sideend|p2: liaoya|move: Light Screen\n|upkeep\n|turn|9\n|\n|t:|1700545027\n|switch|p2a: Garganacl|Garganacl, F, shiny|100\/100\n|move|p1a: Weavile|Knock Off|p2a: Garganacl\n|-damage|p2a: Garganacl|85\/100\n|-enditem|p2a: Garganacl|Leftovers|[from] move: Knock Off|[of] p1a: Weavile\n|\n|-heal|p2a: Garganacl|100\/100|[from] move: Wish|[wisher] Umbreon\n|-damage|p1a: Weavile|70\/100 brn|[from] brn\n|upkeep\n|turn|10\n|\n|t:|1700545037\n|switch|p1a: Iron Treads|Iron Treads|100\/100\n|-enditem|p1a: Iron Treads|Booster Energy\n|-activate|p1a: Iron Treads|ability: Quark Drive|[fromitem]\n|-start|p1a: Iron Treads|quarkdrivespe\n|move|p2a: Garganacl|Iron Defense|p2a: Garganacl\n|-boost|p2a: Garganacl|def|2\n|\n|upkeep\n|turn|11\n|\n|t:|1700545050\n|-terastallize|p2a: Garganacl|Ghost\n|move|p1a: Iron Treads|Ice Spinner|p2a: Garganacl\n|-damage|p2a: Garganacl|91\/100\n|move|p2a: Garganacl|Salt Cure|p1a: Iron Treads\n|-resisted|p1a: Iron Treads\n|-damage|p1a: Iron Treads|97\/100\n|-start|p1a: Iron Treads|Salt Cure\n|\n|-damage|p1a: Iron Treads|72\/100|[from] Salt Cure\n|upkeep\n|turn|12\n|\n|t:|1700545056\n|move|p1a: Iron Treads|Stealth Rock|p2a: Garganacl\n|-sidestart|p2: liaoya|move: Stealth Rock\n|move|p2a: Garganacl|Salt Cure|p1a: Iron Treads\n|-resisted|p1a: Iron Treads\n|-damage|p1a: Iron Treads|70\/100\n|\n|-damage|p1a: Iron Treads|45\/100|[from] Salt Cure\n|upkeep\n|turn|13\n|\n|t:|1700545067\n|-end|p1a: Iron Treads|Quark Drive|[silent]\n|switch|p1a: Hoopa|Hoopa-Unbound|35\/100 tox\n|move|p2a: Garganacl|Salt Cure|p1a: Hoopa\n|-damage|p1a: Hoopa|22\/100 tox\n|-start|p1a: Hoopa|Salt Cure\n|\n|-damage|p1a: Hoopa|16\/100 tox|[from] psn\n|-damage|p1a: Hoopa|4\/100 tox|[from] Salt Cure\n|upkeep\n|turn|14\n|\n|t:|1700545074\n|switch|p2a: Rotom|Rotom-Wash|10\/100\n|-damage|p2a: Rotom|0 fnt|[from] Stealth Rock\n|faint|p2a: Rotom\n|move|p1a: Hoopa|Psychic|p2: Rotom|[notarget]\n|-fail|p1a: Hoopa\n|\n|-damage|p1a: Hoopa|0 fnt|[from] psn\n|faint|p1a: Hoopa\n|upkeep\n|\n|t:|1700545084\n|switch|p2a: Garganacl|Garganacl, F, shiny, tera:Ghost|91\/100\n|switch|p1a: Iron Treads|Iron Treads|45\/100\n|-damage|p2a: Garganacl|79\/100|[from] Stealth Rock\n|turn|15\n|\n|t:|1700545096\n|move|p1a: Iron Treads|Earthquake|p2a: Garganacl\n|-damage|p2a: Garganacl|49\/100\n|move|p2a: Garganacl|Iron Defense|p2a: Garganacl\n|-boost|p2a: Garganacl|def|2\n|\n|upkeep\n|turn|16\n|\n|t:|1700545103\n|-end|p1a: Iron Treads|Quark Drive|[silent]\n|switch|p1a: Greninja|Greninja, M|100\/100\n|-status|p1a: Greninja|tox\n|move|p2a: Garganacl|Recover|p2a: Garganacl\n|-heal|p2a: Garganacl|99\/100\n|\n|-damage|p1a: Greninja|95\/100 tox|[from] psn\n|upkeep\n|turn|17\n|\n|t:|1700545111\n|switch|p2a: Umbreon|Umbreon, F, shiny|80\/100\n|-damage|p2a: Umbreon|68\/100|[from] Stealth Rock\n|move|p1a: Greninja|Dark Pulse|p2a: Umbreon\n|-resisted|p2a: Umbreon\n|-damage|p2a: Umbreon|53\/100\n|-damage|p1a: Greninja|85\/100 tox|[from] item: Life Orb\n|\n|-heal|p2a: Umbreon|59\/100|[from] item: Leftovers\n|-damage|p1a: Greninja|73\/100 tox|[from] psn\n|upkeep\n|turn|18\n|\n|t:|1700545116\n|-terastallize|p1a: Greninja|Water\n|move|p1a: Greninja|Hydro Pump|p2a: Umbreon|[miss]\n|-miss|p1a: Greninja|p2a: Umbreon\n|move|p2a: Umbreon|Wish|p2a: Umbreon\n|\n|-heal|p2a: Umbreon|65\/100|[from] item: Leftovers\n|-damage|p1a: Greninja|55\/100 tox|[from] psn\n|upkeep\n|turn|19\n|\n|t:|1700545122\n|move|p2a: Umbreon|Protect|p2a: Umbreon\n|-singleturn|p2a: Umbreon|Protect\n|move|p1a: Greninja|Hydro Pump|p2a: Umbreon\n|-activate|p2a: Umbreon|move: Protect\n|\n|-heal|p2a: Umbreon|100\/100|[from] move: Wish|[wisher] Umbreon\n|-damage|p1a: Greninja|31\/100 tox|[from] psn\n|upkeep\n|turn|20\n|\n|t:|1700545125\n|move|p1a: Greninja|Hydro Pump|p2a: Umbreon\n|-damage|p2a: Umbreon|47\/100\n|-damage|p1a: Greninja|21\/100 tox|[from] item: Life Orb\n|move|p2a: Umbreon|Wish|p2a: Umbreon\n|\n|-heal|p2a: Umbreon|53\/100|[from] item: Leftovers\n|-damage|p1a: Greninja|0 fnt|[from] psn\n|faint|p1a: Greninja\n|upkeep\n|\n|t:|1700545138\n|switch|p1a: Clefable|Clefable, M|100\/100\n|turn|21\n|\n|t:|1700545145\n|switch|p2a: Espeon|Espeon, F|100\/100\n|-damage|p2a: Espeon|88\/100|[from] Stealth Rock\n|move|p1a: Clefable|Calm Mind|p1a: Clefable\n|-boost|p1a: Clefable|spa|1\n|-boost|p1a: Clefable|spd|1\n|\n|-heal|p2a: Espeon|100\/100|[from] move: Wish|[wisher] Umbreon\n|upkeep\n|turn|22\n|\n|t:|1700545156\n|move|p2a: Espeon|Trick|p1a: Clefable\n|-activate|p2a: Espeon|move: Trick|[of] p1a: Clefable\n|-item|p1a: Clefable|Choice Scarf|[from] move: Trick\n|-item|p2a: Espeon|Heavy-Duty Boots|[from] move: Trick\n|move|p1a: Clefable|Calm Mind|p1a: Clefable\n|-boost|p1a: Clefable|spa|1\n|-boost|p1a: Clefable|spd|1\n|\n|upkeep\n|turn|23\n|\n|t:|1700545168\n|switch|p2a: Drifblim|Drifblim, F|100\/100\n|-damage|p2a: Drifblim|76\/100|[from] Stealth Rock\n|switch|p1a: Iron Treads|Iron Treads|45\/100\n|\n|upkeep\n|turn|24\n|\n|t:|1700545176\n|move|p2a: Drifblim|Trick|p1a: Iron Treads\n|-activate|p2a: Drifblim|move: Trick|[of] p1a: Iron Treads\n|-item|p1a: Iron Treads|Choice Scarf|[from] move: Trick\n|-enditem|p2a: Drifblim|Choice Scarf|[silent]|[from] move: Trick\n|move|p1a: Iron Treads|Ice Spinner|p2a: Drifblim\n|-supereffective|p2a: Drifblim\n|-damage|p2a: Drifblim|7\/100\n|\n|upkeep\n|turn|25\n|\n|t:|1700545182\n|move|p1a: Iron Treads|Ice Spinner|p2a: Drifblim\n|-supereffective|p2a: Drifblim\n|-damage|p2a: Drifblim|0 fnt\n|-damage|p1a: Iron Treads|20\/100|[from] ability: Aftermath|[of] p2a: Drifblim\n|faint|p2a: Drifblim\n|\n|upkeep\n|\n|t:|1700545188\n|switch|p2a: Garganacl|Garganacl, F, shiny, tera:Ghost|99\/100\n|-damage|p2a: Garganacl|87\/100|[from] Stealth Rock\n|turn|26\n|\n|t:|1700545209\n|-end|p1a: Iron Treads|Quark Drive|[silent]\n|switch|p1a: Clefable|Clefable, M|100\/100\n|-status|p1a: Clefable|tox\n|move|p2a: Garganacl|Iron Defense|p2a: Garganacl\n|-boost|p2a: Garganacl|def|2\n|\n|-damage|p1a: Clefable|94\/100 tox|[from] psn\n|upkeep\n|turn|27\n|\n|t:|1700545216\n|move|p1a: Clefable|Moonblast|p2a: Garganacl\n|-damage|p2a: Garganacl|67\/100\n|move|p2a: Garganacl|Salt Cure|p1a: Clefable\n|-damage|p1a: Clefable|84\/100 tox\n|-start|p1a: Clefable|Salt Cure\n|\n|-damage|p1a: Clefable|72\/100 tox|[from] psn\n|-damage|p1a: Clefable|59\/100 tox|[from] Salt Cure\n|upkeep\n|turn|28\n|\n|t:|1700545224\n|move|p1a: Clefable|Moonblast|p2a: Garganacl\n|-damage|p2a: Garganacl|46\/100\n|move|p2a: Garganacl|Recover|p2a: Garganacl\n|-heal|p2a: Garganacl|96\/100\n|\n|-damage|p1a: Clefable|41\/100 tox|[from] psn\n|-damage|p1a: Clefable|28\/100 tox|[from] Salt Cure\n|upkeep\n|turn|29\n|\n|t:|1700545229\n|move|p1a: Clefable|Moonblast|p2a: Garganacl\n|-damage|p2a: Garganacl|75\/100\n|move|p2a: Garganacl|Iron Defense|p2a: Garganacl\n|-boost|p2a: Garganacl|def|2\n|\n|-damage|p1a: Clefable|4\/100 tox|[from] psn\n|-damage|p1a: Clefable|0 fnt|[from] Salt Cure\n|faint|p1a: Clefable\n|upkeep\n|c|\u2606liaoya|gg\n|\n|t:|1700545240\n|switch|p1a: Weavile|Weavile, M|70\/100 brn\n|-ability|p1a: Weavile|Pressure\n|turn|30\n|\n|t:|1700545244\n|move|p1a: Weavile|Knock Off|p2a: Garganacl\n|-supereffective|p2a: Garganacl\n|-damage|p2a: Garganacl|68\/100\n|move|p2a: Garganacl|Salt Cure|p1a: Weavile\n|-supereffective|p1a: Weavile\n|-damage|p1a: Weavile|25\/100 brn\n|-start|p1a: Weavile|Salt Cure\n|\n|-damage|p1a: Weavile|19\/100 brn|[from] brn\n|-damage|p1a: Weavile|6\/100 brn|[from] Salt Cure\n|upkeep\n|turn|31\n|\n|t:|1700545248\n|move|p1a: Weavile|Knock Off|p2a: Garganacl\n|-supereffective|p2a: Garganacl\n|-damage|p2a: Garganacl|60\/100\n|move|p2a: Garganacl|Recover|p2a: Garganacl\n|-heal|p2a: Garganacl|100\/100\n|\n|-damage|p1a: Weavile|0 fnt|[from] brn\n|faint|p1a: Weavile\n|upkeep\n|\n|t:|1700545256\n|switch|p1a: Iron Treads|Iron Treads|20\/100\n|turn|32\n|\n|t:|1700545259\n|move|p1a: Iron Treads|Earthquake|p2a: Garganacl\n|-damage|p2a: Garganacl|90\/100\n|move|p2a: Garganacl|Salt Cure|p1a: Iron Treads\n|-resisted|p1a: Iron Treads\n|-damage|p1a: Iron Treads|16\/100\n|-start|p1a: Iron Treads|Salt Cure\n|\n|-damage|p1a: Iron Treads|0 fnt|[from] Salt Cure\n|faint|p1a: Iron Treads\n|-end|p1a: Iron Treads|Quark Drive|[silent]\n|upkeep\n|\n|t:|1700545263\n|switch|p1a: Dragonite|Dragonite, F|100\/100\n|turn|33\n|\n|t:|1700545267\n|move|p1a: Dragonite|Dragon Dance|p1a: Dragonite\n|-boost|p1a: Dragonite|atk|1\n|-boost|p1a: Dragonite|spe|1\n|move|p2a: Garganacl|Salt Cure|p1a: Dragonite\n|-supereffective|p1a: Dragonite\n|-damage|p1a: Dragonite|85\/100\n|-start|p1a: Dragonite|Salt Cure\n|\n|-damage|p1a: Dragonite|73\/100|[from] Salt Cure\n|upkeep\n|turn|34\n|\n|t:|1700545274\n|move|p1a: Dragonite|Dragon Dance|p1a: Dragonite\n|-boost|p1a: Dragonite|atk|1\n|-boost|p1a: Dragonite|spe|1\n|move|p2a: Garganacl|Body Press|p1a: Dragonite\n|-resisted|p1a: Dragonite\n|-damage|p1a: Dragonite|32\/100\n|\n|-damage|p1a: Dragonite|19\/100|[from] Salt Cure\n|upkeep\n|turn|35\n|\n|t:|1700545282\n|move|p1a: Dragonite|Earthquake|p2a: Garganacl\n|-damage|p2a: Garganacl|72\/100\n|move|p2a: Garganacl|Recover|p2a: Garganacl\n|-heal|p2a: Garganacl|100\/100\n|\n|-damage|p1a: Dragonite|7\/100|[from] Salt Cure\n|upkeep\n|turn|36\n|\n|t:|1700545288\n|move|p1a: Dragonite|Earthquake|p2a: Garganacl\n|-damage|p2a: Garganacl|83\/100\n|move|p2a: Garganacl|Iron Defense|p2a: Garganacl\n|-boost|p2a: Garganacl|def|2\n|\n|-damage|p1a: Dragonite|0 fnt|[from] Salt Cure\n|faint|p1a: Dragonite\n|\n|win|liaoya\n|upkeep\n|raw|heboomedme's rating: 1521 &rarr; <strong>1501<\/strong><br \/>(-20 for losing)\n|raw|liaoya's rating: 1529 &rarr; <strong>1549<\/strong><br \/>(+20 for winning)\n","uploadtime":1700545291,"views":2,"p1id":"heboomedme","p2id":"liaoya","formatid":"gen9ou","rating":1501,"private":0,"password":""}