{"id":"gen9ou-1993616199","p1":"Hugh's Jass","p2":"Rekka's Tails","format":"[Gen 9] OU","log":"|j|\u2606Hugh's Jass\n|j|\u2606Rekka's Tails\n|t:|1700337872\n|gametype|singles\n|player|p1|Hugh's Jass|hugh|1345\n|player|p2|Rekka's Tails|lady-gen4|1312\n|teamsize|p1|6\n|teamsize|p2|6\n|gen|9\n|tier|[Gen 9] OU\n|rated|\n|rule|Sleep Clause Mod: Limit one foe put to sleep\n|rule|Species Clause: Limit one of each Pok\u00e9mon\n|rule|OHKO Clause: OHKO moves are banned\n|rule|Evasion Items Clause: Evasion items are banned\n|rule|Evasion Moves Clause: Evasion moves are banned\n|rule|Endless Battle Clause: Forcing endless battles is banned\n|rule|HP Percentage Mod: HP is shown in percentages\n|clearpoke\n|poke|p1|Cyclizar, M|\n|poke|p1|Amoonguss, F|\n|poke|p1|Mienshao, F|\n|poke|p1|Slowking-Galar, M|\n|poke|p1|Slowbro, M|\n|poke|p1|Tornadus-Therian, M|\n|poke|p2|Maushold-Four|\n|poke|p2|Amoonguss, F|\n|poke|p2|Samurott-Hisui, M|\n|poke|p2|Weavile, F|\n|poke|p2|Hydreigon, M|\n|poke|p2|Heatran, F|\n|teampreview\n|inactive|Battle timer is ON: inactive players will automatically lose when time's up. (requested by Hugh's Jass)\n|\n|t:|1700337883\n|start\n|switch|p1a: Lo Mien|Mienshao, F|100\/100\n|switch|p2a: Hydreigon|Hydreigon, M|100\/100\n|turn|1\n|\n|t:|1700337892\n|move|p1a: Lo Mien|U-turn|p2a: Hydreigon\n|-supereffective|p2a: Hydreigon\n|-damage|p2a: Hydreigon|47\/100\n|\n|t:|1700337898\n|switch|p1a: Goth Blissey|Slowking-Galar, M|100\/100|[from] U-turn\n|move|p2a: Hydreigon|Draco Meteor|p1a: Goth Blissey\n|-damage|p1a: Goth Blissey|63\/100\n|-unboost|p2a: Hydreigon|spa|2\n|-damage|p2a: Hydreigon|37\/100|[from] item: Life Orb\n|\n|upkeep\n|turn|2\n|\n|t:|1700337908\n|move|p2a: Hydreigon|Stealth Rock|p1a: Goth Blissey\n|-sidestart|p1: Hugh's Jass|move: Stealth Rock\n|move|p1a: Goth Blissey|Future Sight|p2a: Hydreigon\n|-start|p1a: Goth Blissey|move: Future Sight\n|\n|upkeep\n|turn|3\n|\n|t:|1700337915\n|move|p2a: Hydreigon|Taunt|p1a: Goth Blissey\n|-start|p1a: Goth Blissey|move: Taunt\n|move|p1a: Goth Blissey|Surf|p2a: Hydreigon\n|-resisted|p2a: Hydreigon\n|-damage|p2a: Hydreigon|21\/100\n|\n|upkeep\n|turn|4\n|\n|t:|1700337922\n|switch|p2a: Samurott|Samurott-Hisui, M, shiny|100\/100\n|move|p1a: Goth Blissey|Sludge Bomb|p2a: Samurott\n|-damage|p2a: Samurott|45\/100\n|-status|p2a: Samurott|psn\n|\n|-end|p2a: Samurott|move: Future Sight\n|-immune|p2a: Samurott\n|-damage|p2a: Samurott|33\/100 psn|[from] psn\n|upkeep\n|turn|5\n|\n|t:|1700337933\n|switch|p1a: Lo Mien|Mienshao, F|100\/100\n|-damage|p1a: Lo Mien|95\/100|[from] Stealth Rock\n|move|p2a: Samurott|Ceaseless Edge|p1a: Lo Mien\n|-resisted|p1a: Lo Mien\n|-damage|p1a: Lo Mien|50\/100\n|-sidestart|p1: Hugh's Jass|Spikes\n|\n|-damage|p2a: Samurott|20\/100 psn|[from] psn\n|upkeep\n|turn|6\n|\n|t:|1700337940\n|move|p2a: Samurott|Aqua Jet|p1a: Lo Mien\n|-damage|p1a: Lo Mien|5\/100\n|move|p1a: Lo Mien|U-turn|p2a: Samurott\n|-supereffective|p2a: Samurott\n|-damage|p2a: Samurott|0 fnt\n|faint|p2a: Samurott\n|\n|t:|1700337947\n|switch|p1a: Elemental Wall|Cyclizar, M|100\/100|[from] U-turn\n|\n|upkeep\n|\n|t:|1700337956\n|switch|p2a: Hydreigon|Hydreigon, M|21\/100\n|turn|7\n|\n|t:|1700337967\n|move|p1a: Elemental Wall|U-turn|p2a: Hydreigon\n|-supereffective|p2a: Hydreigon\n|-crit|p2a: Hydreigon\n|-damage|p2a: Hydreigon|0 fnt\n|faint|p2a: Hydreigon\n|\n|t:|1700337985\n|switch|p1a: Let's Go Fish|Slowbro, M|100\/100|[from] U-turn\n|-damage|p1a: Let's Go Fish|88\/100|[from] Stealth Rock\n|-damage|p1a: Let's Go Fish|76\/100|[from] Spikes\n|\n|upkeep\n|\n|t:|1700337989\n|switch|p2a: Weavile|Weavile, F|100\/100\n|-ability|p2a: Weavile|Pressure\n|turn|8\n|\n|t:|1700337995\n|move|p2a: Weavile|Swords Dance|p2a: Weavile\n|-boost|p2a: Weavile|atk|2\n|move|p1a: Let's Go Fish|Body Press|p2a: Weavile\n|-supereffective|p2a: Weavile\n|-damage|p2a: Weavile|0 fnt\n|faint|p2a: Weavile\n|\n|upkeep\n|c|\u2606Hugh's Jass|LMAO\n|c|\u2606Rekka's Tails|well\n|\n|t:|1700338006\n|switch|p2a: Maushold|Maushold-Four|100\/100\n|turn|9\n|\n|t:|1700338011\n|move|p2a: Maushold|Tidy Up|p2a: Maushold\n|-sideend|p1: Hugh's Jass|Spikes\n|-sideend|p1: Hugh's Jass|Stealth Rock\n|-activate|p2a: Maushold|move: Tidy Up\n|-boost|p2a: Maushold|atk|1\n|-boost|p2a: Maushold|spe|1\n|move|p1a: Let's Go Fish|Scald|p2a: Maushold\n|-damage|p2a: Maushold|56\/100\n|\n|upkeep\n|turn|10\n|inactive|Hugh's Jass has 120 seconds left.\n|\n|t:|1700338042\n|move|p2a: Maushold|Population Bomb|p1a: Let's Go Fish\n|-damage|p1a: Let's Go Fish|66\/100\n|-damage|p1a: Let's Go Fish|57\/100\n|-damage|p1a: Let's Go Fish|46\/100\n|-damage|p1a: Let's Go Fish|37\/100\n|-damage|p1a: Let's Go Fish|28\/100\n|-damage|p1a: Let's Go Fish|19\/100\n|-damage|p1a: Let's Go Fish|10\/100\n|-damage|p1a: Let's Go Fish|0 fnt\n|faint|p1a: Let's Go Fish\n|-hitcount|p1: Let's Go Fish|8\n|\n|upkeep\n|inactive|Hugh's Jass has 120 seconds left.\n|\n|t:|1700338047\n|switch|p1a: Elemental Wall|Cyclizar, M|100\/100\n|turn|11\n|\n|t:|1700338053\n|-terastallize|p1a: Elemental Wall|Ghost\n|move|p2a: Maushold|Population Bomb|p1a: Elemental Wall\n|-immune|p1a: Elemental Wall\n|move|p1a: Elemental Wall|Dragon Tail|p2a: Maushold\n|-damage|p2a: Maushold|18\/100\n|drag|p2a: Heatran|Heatran, F, shiny|100\/100\n|\n|upkeep\n|turn|12\n|\n|t:|1700338063\n|move|p1a: Elemental Wall|U-turn|p2a: Heatran\n|-resisted|p2a: Heatran\n|-damage|p2a: Heatran|97\/100\n|\n|t:|1700338065\n|switch|p1a: Bird Up|Tornadus-Therian, M|100\/100|[from] U-turn\n|move|p2a: Heatran|Magma Storm|p1a: Bird Up|[miss]\n|-miss|p2a: Heatran|p1a: Bird Up\n|\n|-heal|p2a: Heatran|100\/100|[from] item: Leftovers\n|upkeep\n|turn|13\n|\n|t:|1700338070\n|move|p1a: Bird Up|Nasty Plot|p1a: Bird Up\n|-boost|p1a: Bird Up|spa|2\n|move|p2a: Heatran|Magma Storm|p1a: Bird Up\n|-damage|p1a: Bird Up|35\/100\n|-activate|p1a: Bird Up|move: Magma Storm|[of] p2a: Heatran\n|\n|-damage|p1a: Bird Up|23\/100|[from] move: Magma Storm|[partiallytrapped]\n|upkeep\n|turn|14\n|\n|t:|1700338072\n|move|p2a: Heatran|Protect|p2a: Heatran\n|-singleturn|p2a: Heatran|Protect\n|move|p1a: Bird Up|Focus Blast|p2a: Heatran\n|-activate|p2a: Heatran|move: Protect\n|\n|-damage|p1a: Bird Up|10\/100|[from] move: Magma Storm|[partiallytrapped]\n|upkeep\n|turn|15\n|\n|t:|1700338080\n|move|p2a: Heatran|Protect||[still]\n|-fail|p2a: Heatran\n|move|p1a: Bird Up|Focus Blast|p2a: Heatran\n|-supereffective|p2a: Heatran\n|-damage|p2a: Heatran|0 fnt\n|faint|p2a: Heatran\n|\n|-end|p1a: Bird Up|Magma Storm|[partiallytrapped]|[silent]\n|upkeep\n|\n|t:|1700338084\n|switch|p2a: Maushold|Maushold-Four|18\/100\n|turn|16\n|\n|t:|1700338091\n|switch|p2a: Amoonguss|Amoonguss, F, shiny|100\/100\n|move|p1a: Bird Up|Hurricane|p2a: Amoonguss|[miss]\n|-miss|p1a: Bird Up|p2a: Amoonguss\n|\n|upkeep\n|turn|17\n|\n|t:|1700338097\n|move|p1a: Bird Up|Hurricane|p2a: Amoonguss\n|-supereffective|p2a: Amoonguss\n|-damage|p2a: Amoonguss|0 fnt\n|faint|p2a: Amoonguss\n|\n|upkeep\n|\n|t:|1700338099\n|switch|p2a: Maushold|Maushold-Four|18\/100\n|turn|18\n|\n|t:|1700338104\n|move|p1a: Bird Up|Heat Wave|p2a: Maushold\n|-damage|p2a: Maushold|0 fnt\n|faint|p2a: Maushold\n|\n|win|Hugh's Jass\n|raw|Hugh&apos;s Jass's rating: 1345 &rarr; <strong>1363<\/strong><br \/>(+18 for winning)\n|raw|Rekka&apos;s Tails's rating: 1312 &rarr; <strong>1294<\/strong><br \/>(-18 for losing)\n|l|\u2606Rekka's Tails\n|c|\u2606Hugh's Jass|you play too scared\n","uploadtime":1700338116,"views":14,"p1id":"hughsjass","p2id":"rekkastails","formatid":"gen9ou","rating":1294,"private":0,"password":""}