{"id":"gen9ou-1988286311","p1":"Obling","p2":"President Obamna","format":"[Gen 9] OU","log":"|j|\u2606Obling\n|j|\u2606President Obamna\n|t:|1699701887\n|gametype|singles\n|player|p1|Obling|turo|1487\n|player|p2|President Obamna|dawn-gen4pt|1450\n|teamsize|p1|6\n|teamsize|p2|6\n|gen|9\n|tier|[Gen 9] OU\n|rated|\n|rule|Sleep Clause Mod: Limit one foe put to sleep\n|rule|Species Clause: Limit one of each Pok\u00e9mon\n|rule|OHKO Clause: OHKO moves are banned\n|rule|Evasion Items Clause: Evasion items are banned\n|rule|Evasion Moves Clause: Evasion moves are banned\n|rule|Endless Battle Clause: Forcing endless battles is banned\n|rule|HP Percentage Mod: HP is shown in percentages\n|clearpoke\n|poke|p1|Cloyster, F|\n|poke|p1|Mew|\n|poke|p1|Gengar, M|\n|poke|p1|Kingambit, F|\n|poke|p1|Rillaboom, F|\n|poke|p1|Hawlucha, M|\n|poke|p2|Rillaboom, F|\n|poke|p2|Cinderace, F|\n|poke|p2|Ogerpon-Cornerstone, F|\n|poke|p2|Kingambit, F|\n|poke|p2|Great Tusk|\n|poke|p2|Iron Valiant|\n|teampreview\n|inactive|Battle timer is ON: inactive players will automatically lose when time's up. (requested by Obling)\n|\n|t:|1699701913\n|start\n|switch|p1a: Mew|Mew|100\/100\n|switch|p2a: still wake up 2am|Cinderace, F|100\/100\n|turn|1\n|\n|t:|1699701921\n|move|p2a: still wake up 2am|U-turn|p1a: Mew\n|-supereffective|p1a: Mew\n|-damage|p1a: Mew|67\/100\n|-enditem|p1a: Mew|Red Card|[of] p2a: still wake up 2am\n|drag|p2a: cold sweat|Ogerpon-Cornerstone, F|100\/100\n|move|p1a: Mew|Taunt|p2a: cold sweat\n|-start|p2a: cold sweat|move: Taunt\n|\n|upkeep\n|turn|2\n|\n|t:|1699701938\n|move|p2a: cold sweat|Ivy Cudgel|p1a: Mew\n|-damage|p1a: Mew|21\/100\n|move|p1a: Mew|Stealth Rock|p2a: cold sweat\n|-sidestart|p2: President Obamna|move: Stealth Rock\n|\n|upkeep\n|turn|3\n|\n|t:|1699701941\n|move|p2a: cold sweat|Ivy Cudgel|p1a: Mew\n|-crit|p1a: Mew\n|-damage|p1a: Mew|0 fnt\n|faint|p1a: Mew\n|\n|-end|p2a: cold sweat|move: Taunt\n|upkeep\n|\n|t:|1699701945\n|switch|p1a: Rillaboom|Rillaboom, F|100\/100\n|-fieldstart|move: Grassy Terrain|[from] ability: Grassy Surge|[of] p1a: Rillaboom\n|turn|4\n|\n|t:|1699701961\n|move|p2a: cold sweat|Swords Dance|p2a: cold sweat\n|-boost|p2a: cold sweat|atk|2\n|move|p1a: Rillaboom|Swords Dance|p1a: Rillaboom\n|-boost|p1a: Rillaboom|atk|2\n|\n|upkeep\n|turn|5\n|\n|t:|1699701984\n|move|p1a: Rillaboom|Grassy Glide|p2a: cold sweat\n|-ability|p2a: cold sweat|Sturdy\n|-damage|p2a: cold sweat|1\/100\n|-damage|p1a: Rillaboom|91\/100|[from] item: Life Orb\n|move|p2a: cold sweat|Ivy Cudgel|p1a: Rillaboom\n|-crit|p1a: Rillaboom\n|-damage|p1a: Rillaboom|0 fnt\n|faint|p1a: Rillaboom\n|\n|-heal|p2a: cold sweat|7\/100|[from] Grassy Terrain\n|upkeep\n|\n|t:|1699701992\n|switch|p1a: Hawlucha|Hawlucha, M|100\/100\n|-enditem|p1a: Hawlucha|Grassy Seed\n|-boost|p1a: Hawlucha|def|1|[from] item: Grassy Seed\n|turn|6\n|\n|t:|1699701996\n|move|p1a: Hawlucha|Acrobatics|p2a: cold sweat\n|-damage|p2a: cold sweat|0 fnt\n|faint|p2a: cold sweat\n|\n|upkeep\n|\n|t:|1699702022\n|switch|p2a: why do i even try|Iron Valiant|100\/100\n|-damage|p2a: why do i even try|94\/100|[from] Stealth Rock\n|-enditem|p2a: why do i even try|Booster Energy\n|-activate|p2a: why do i even try|ability: Quark Drive|[fromitem]\n|-start|p2a: why do i even try|quarkdrivespe\n|turn|7\n|\n|t:|1699702031\n|-terastallize|p2a: why do i even try|Electric\n|move|p1a: Hawlucha|Acrobatics|p2a: why do i even try\n|-resisted|p2a: why do i even try\n|-damage|p2a: why do i even try|61\/100\n|move|p2a: why do i even try|Moonblast|p1a: Hawlucha\n|-supereffective|p1a: Hawlucha\n|-damage|p1a: Hawlucha|0 fnt\n|faint|p1a: Hawlucha\n|\n|-heal|p2a: why do i even try|67\/100|[from] Grassy Terrain\n|upkeep\n|\n|t:|1699702034\n|switch|p1a: Gengar|Gengar, M|100\/100\n|turn|8\n|\n|t:|1699702040\n|-end|p2a: why do i even try|Quark Drive|[silent]\n|switch|p2a: screaming yo name|Kingambit, F|100\/100\n|-damage|p2a: screaming yo name|94\/100|[from] Stealth Rock\n|-activate|p2a: screaming yo name|ability: Supreme Overlord\n|-start|p2a: screaming yo name|fallen1|[silent]\n|-item|p2a: screaming yo name|Air Balloon\n|move|p1a: Gengar|Shadow Ball|p2a: screaming yo name\n|-resisted|p2a: screaming yo name\n|-damage|p2a: screaming yo name|73\/100\n|-enditem|p2a: screaming yo name|Air Balloon\n|\n|-heal|p2a: screaming yo name|79\/100|[from] Grassy Terrain\n|-fieldend|move: Grassy Terrain\n|upkeep\n|turn|9\n|\n|t:|1699702043\n|move|p1a: Gengar|Focus Blast|p2a: screaming yo name\n|-supereffective|p2a: screaming yo name\n|-damage|p2a: screaming yo name|0 fnt\n|faint|p2a: screaming yo name\n|-end|p2a: screaming yo name|fallen1|[silent]\n|\n|upkeep\n|\n|t:|1699702047\n|switch|p2a: get drunk|Great Tusk|100\/100\n|-damage|p2a: get drunk|98\/100|[from] Stealth Rock\n|turn|10\n|\n|t:|1699702056\n|move|p1a: Gengar|Shadow Ball|p2a: get drunk\n|-damage|p2a: get drunk|42\/100\n|move|p2a: get drunk|Earthquake|p1a: Gengar\n|-supereffective|p1a: Gengar\n|-enditem|p1a: Gengar|Focus Sash\n|-damage|p1a: Gengar|1\/100\n|-start|p2a: get drunk|Disable|Earthquake|[from] ability: Cursed Body|[of] p1a: Gengar\n|\n|upkeep\n|turn|11\n|\n|t:|1699702065\n|move|p1a: Gengar|Shadow Ball|p2a: get drunk\n|-damage|p2a: get drunk|0 fnt\n|faint|p2a: get drunk\n|-end|p2a: get drunk|Protosynthesis|[silent]\n|\n|upkeep\n|\n|t:|1699702072\n|switch|p2a: why do i even try|Iron Valiant, tera:Electric|67\/100\n|-damage|p2a: why do i even try|55\/100|[from] Stealth Rock\n|turn|12\n|inactive|Obling has 120 seconds left.\n|\n|t:|1699702114\n|move|p2a: why do i even try|Calm Mind|p2a: why do i even try\n|-boost|p2a: why do i even try|spa|1\n|-boost|p2a: why do i even try|spd|1\n|move|p1a: Gengar|Shadow Ball|p2a: why do i even try\n|-damage|p2a: why do i even try|8\/100\n|-unboost|p2a: why do i even try|spd|1\n|\n|upkeep\n|turn|13\n|\n|t:|1699702118\n|move|p2a: why do i even try|Moonblast|p1a: Gengar\n|-resisted|p1a: Gengar\n|-damage|p1a: Gengar|0 fnt\n|-start|p2a: why do i even try|Disable|Moonblast|[from] ability: Cursed Body|[of] p1a: Gengar\n|faint|p1a: Gengar\n|\n|upkeep\n|inactive|Obling has 120 seconds left.\n|\n|t:|1699702129\n|switch|p1a: Cloyster|Cloyster, F|100\/100\n|turn|14\n|\n|t:|1699702132\n|move|p1a: Cloyster|Ice Shard|p2a: why do i even try\n|-crit|p2a: why do i even try\n|-damage|p2a: why do i even try|0 fnt\n|faint|p2a: why do i even try\n|-end|p2a: why do i even try|Quark Drive|[silent]\n|\n|upkeep\n|\n|t:|1699702136\n|switch|p2a: Why do I|Rillaboom, F|100\/100\n|-damage|p2a: Why do I|88\/100|[from] Stealth Rock\n|-fieldstart|move: Grassy Terrain|[from] ability: Grassy Surge|[of] p2a: Why do I\n|turn|15\n|\n|t:|1699702149\n|-terastallize|p1a: Cloyster|Ice\n|move|p2a: Why do I|Wood Hammer|p1a: Cloyster\n|-damage|p1a: Cloyster|0 fnt\n|faint|p1a: Cloyster\n|-damage|p2a: Why do I|65\/100|[from] Recoil\n|\n|-heal|p2a: Why do I|71\/100|[from] Grassy Terrain\n|upkeep\n|\n|t:|1699702154\n|switch|p1a: Kingambit|Kingambit, F|100\/100\n|turn|16\n|\n|t:|1699702159\n|move|p2a: Why do I|Wood Hammer|p1a: Kingambit\n|-resisted|p1a: Kingambit\n|-damage|p1a: Kingambit|52\/100\n|-damage|p2a: Why do I|54\/100|[from] Recoil\n|move|p1a: Kingambit|Swords Dance|p1a: Kingambit\n|-boost|p1a: Kingambit|atk|2\n|\n|-heal|p2a: Why do I|60\/100|[from] Grassy Terrain\n|-heal|p1a: Kingambit|58\/100|[from] Grassy Terrain\n|-heal|p1a: Kingambit|64\/100|[from] item: Leftovers\n|upkeep\n|turn|17\n|\n|t:|1699702163\n|move|p1a: Kingambit|Sucker Punch|p2a: Why do I\n|-damage|p2a: Why do I|0 fnt\n|faint|p2a: Why do I\n|\n|-heal|p1a: Kingambit|70\/100|[from] Grassy Terrain\n|-heal|p1a: Kingambit|77\/100|[from] item: Leftovers\n|upkeep\n|\n|t:|1699702166\n|switch|p2a: still wake up 2am|Cinderace, F|100\/100\n|turn|18\n|\n|t:|1699702169\n|move|p1a: Kingambit|Sucker Punch||[still]\n|-fail|p1a: Kingambit\n|move|p2a: still wake up 2am|Will-O-Wisp|p1a: Kingambit\n|-status|p1a: Kingambit|brn\n|\n|-heal|p1a: Kingambit|83\/100 brn|[from] Grassy Terrain\n|-heal|p1a: Kingambit|89\/100 brn|[from] item: Leftovers\n|-damage|p1a: Kingambit|83\/100 brn|[from] brn\n|upkeep\n|turn|19\n|\n|t:|1699702173\n|move|p1a: Kingambit|Sucker Punch|p2a: still wake up 2am\n|-damage|p2a: still wake up 2am|49\/100\n|move|p2a: still wake up 2am|Pyro Ball|p1a: Kingambit\n|-supereffective|p1a: Kingambit\n|-damage|p1a: Kingambit|12\/100 brn\n|\n|-heal|p2a: still wake up 2am|55\/100|[from] Grassy Terrain\n|-heal|p1a: Kingambit|19\/100 brn|[from] Grassy Terrain\n|-heal|p1a: Kingambit|25\/100 brn|[from] item: Leftovers\n|-damage|p1a: Kingambit|19\/100 brn|[from] brn\n|-fieldend|move: Grassy Terrain\n|upkeep\n|turn|20\n|\n|t:|1699702187\n|move|p1a: Kingambit|Sucker Punch|p2a: still wake up 2am\n|-damage|p2a: still wake up 2am|9\/100\n|move|p2a: still wake up 2am|Pyro Ball|p1a: Kingambit|[miss]\n|-miss|p2a: still wake up 2am|p1a: Kingambit\n|\n|-heal|p1a: Kingambit|25\/100 brn|[from] item: Leftovers\n|-damage|p1a: Kingambit|19\/100 brn|[from] brn\n|upkeep\n|turn|21\n|c|\u2606President Obamna|BRUH\n|\n|t:|1699702197\n|move|p2a: still wake up 2am|Will-O-Wisp|p1a: Kingambit\n|-fail|p1a: Kingambit|brn\n|move|p1a: Kingambit|Low Kick|p2a: still wake up 2am\n|-damage|p2a: still wake up 2am|0 fnt\n|faint|p2a: still wake up 2am\n|\n|win|Obling\n|raw|Obling's rating: 1487 &rarr; <strong>1505<\/strong><br \/>(+18 for winning)\n|raw|President Obamna's rating: 1450 &rarr; <strong>1432<\/strong><br \/>(-18 for losing)\n|l|\u2606Obling\n|c|\u2606President Obamna|i hate this game\n","uploadtime":1699702225,"views":18,"p1id":"obling","p2id":"presidentobamna","formatid":"gen9ou","rating":1432,"private":0,"password":""}