{"id":"gen9ou-1999812722","p1":"aimgaming","p2":"PKNrandom","format":"[Gen 9] OU","log":"|j|\u2606aimgaming\n|j|\u2606PKNrandom\n|t:|1701119030\n|gametype|singles\n|player|p1|aimgaming|gentleman-gen4|1281\n|player|p2|PKNrandom|palmer|1191\n|teamsize|p1|6\n|teamsize|p2|6\n|gen|9\n|tier|[Gen 9] OU\n|rated|\n|rule|Sleep Clause Mod: Limit one foe put to sleep\n|rule|Species Clause: Limit one of each Pok\u00e9mon\n|rule|OHKO Clause: OHKO moves are banned\n|rule|Evasion Items Clause: Evasion items are banned\n|rule|Evasion Moves Clause: Evasion moves are banned\n|rule|Endless Battle Clause: Forcing endless battles is banned\n|rule|HP Percentage Mod: HP is shown in percentages\n|clearpoke\n|poke|p1|Ninetales-Alola, F|\n|poke|p1|Weavile, F|\n|poke|p1|Avalugg, M|\n|poke|p1|Frosmoth, M|\n|poke|p1|Froslass, F|\n|poke|p1|Glastrier|\n|poke|p2|Kingambit, F|\n|poke|p2|Great Tusk|\n|poke|p2|Dragapult, M|\n|poke|p2|Ogerpon-Wellspring, F|\n|poke|p2|Blissey, F|\n|poke|p2|Zapdos|\n|teampreview\n|inactive|Battle timer is ON: inactive players will automatically lose when time's up. (requested by aimgaming)\n|c|\u2606aimgaming|glhf!\n|\n|t:|1701119049\n|start\n|switch|p1a: Ninetales|Ninetales-Alola, F|100\/100\n|switch|p2a: Zapdos|Zapdos|100\/100\n|-weather|Snow|[from] ability: Snow Warning|[of] p1a: Ninetales\n|turn|1\n|\n|t:|1701119060\n|move|p1a: Ninetales|Aurora Veil|p1a: Ninetales\n|-sidestart|p1: aimgaming|move: Aurora Veil\n|move|p2a: Zapdos|Heat Wave|p1a: Ninetales\n|-supereffective|p1a: Ninetales\n|-damage|p1a: Ninetales|68\/100\n|\n|-weather|Snow|[upkeep]\n|upkeep\n|turn|2\n|\n|t:|1701119066\n|move|p1a: Ninetales|Freeze-Dry|p2a: Zapdos\n|-supereffective|p2a: Zapdos\n|-damage|p2a: Zapdos|47\/100\n|move|p2a: Zapdos|Heat Wave|p1a: Ninetales\n|-supereffective|p1a: Ninetales\n|-damage|p1a: Ninetales|35\/100\n|\n|-weather|Snow|[upkeep]\n|upkeep\n|turn|3\n|\n|t:|1701119077\n|switch|p2a: Ogerpon|Ogerpon-Wellspring, F|100\/100\n|move|p1a: Ninetales|Freeze-Dry|p2a: Ogerpon\n|-supereffective|p2a: Ogerpon\n|-damage|p2a: Ogerpon|0 fnt\n|faint|p2a: Ogerpon\n|\n|-weather|Snow|[upkeep]\n|upkeep\n|\n|t:|1701119084\n|switch|p2a: Blissey|Blissey, F|100\/100\n|turn|4\n|\n|t:|1701119099\n|switch|p1a: Avalugg|Avalugg, M|100\/100\n|move|p2a: Blissey|Stealth Rock|p1a: Avalugg\n|-sidestart|p1: aimgaming|move: Stealth Rock\n|\n|-weather|Snow|[upkeep]\n|upkeep\n|turn|5\n|\n|t:|1701119105\n|move|p2a: Blissey|Seismic Toss|p1a: Avalugg\n|-damage|p1a: Avalugg|75\/100\n|move|p1a: Avalugg|Rapid Spin|p2a: Blissey\n|-damage|p2a: Blissey|88\/100\n|-boost|p1a: Avalugg|spe|1\n|-sideend|p1: aimgaming|Stealth Rock|[from] move: Rapid Spin|[of] p1a: Avalugg\n|\n|-weather|Snow|[upkeep]\n|-heal|p1a: Avalugg|81\/100|[from] ability: Ice Body\n|-heal|p1a: Avalugg|87\/100|[from] item: Leftovers\n|-sideend|p1: aimgaming|move: Aurora Veil\n|upkeep\n|turn|6\n|\n|t:|1701119118\n|move|p2a: Blissey|Stealth Rock|p1a: Avalugg\n|-sidestart|p1: aimgaming|move: Stealth Rock\n|move|p1a: Avalugg|Body Press|p2a: Blissey\n|-supereffective|p2a: Blissey\n|-damage|p2a: Blissey|20\/100\n|\n|-weather|Snow|[upkeep]\n|-heal|p1a: Avalugg|93\/100|[from] ability: Ice Body\n|-heal|p1a: Avalugg|99\/100|[from] item: Leftovers\n|upkeep\n|turn|7\n|\n|t:|1701119131\n|switch|p2a: Dragapult|Dragapult, M|100\/100\n|move|p1a: Avalugg|Rapid Spin|p2a: Dragapult\n|-immune|p2a: Dragapult\n|\n|-weather|Snow|[upkeep]\n|-heal|p1a: Avalugg|100\/100|[from] ability: Ice Body\n|upkeep\n|turn|8\n|\n|t:|1701119140\n|move|p2a: Dragapult|Flamethrower|p1a: Avalugg\n|-supereffective|p1a: Avalugg\n|-damage|p1a: Avalugg|0 fnt\n|faint|p1a: Avalugg\n|\n|-weather|none\n|upkeep\n|c|\u2606aimgaming|my ass\n|c|\u2606aimgaming|it needs to be sucked\n|c|\u2606aimgaming|can you do it for me\n|\n|t:|1701119162\n|switch|p1a: Frosmoth|Frosmoth, M|100\/100\n|turn|9\n|\n|t:|1701119165\n|-terastallize|p1a: Frosmoth|Water\n|move|p2a: Dragapult|Flamethrower|p1a: Frosmoth\n|-resisted|p1a: Frosmoth\n|-damage|p1a: Frosmoth|89\/100\n|move|p1a: Frosmoth|Quiver Dance|p1a: Frosmoth\n|-boost|p1a: Frosmoth|spa|1\n|-boost|p1a: Frosmoth|spd|1\n|-boost|p1a: Frosmoth|spe|1\n|\n|upkeep\n|turn|10\n|\n|t:|1701119172\n|switch|p2a: Blissey|Blissey, F|20\/100\n|move|p1a: Frosmoth|Quiver Dance|p1a: Frosmoth\n|-boost|p1a: Frosmoth|spa|1\n|-boost|p1a: Frosmoth|spd|1\n|-boost|p1a: Frosmoth|spe|1\n|\n|upkeep\n|turn|11\n|\n|t:|1701119178\n|move|p1a: Frosmoth|Bug Buzz|p2a: Blissey\n|-damage|p2a: Blissey|0 fnt\n|faint|p2a: Blissey\n|\n|upkeep\n|\n|t:|1701119182\n|switch|p2a: Great Tusk|Great Tusk|100\/100\n|turn|12\n|\n|t:|1701119187\n|move|p1a: Frosmoth|Ice Beam|p2a: Great Tusk\n|-supereffective|p2a: Great Tusk\n|-damage|p2a: Great Tusk|0 fnt\n|faint|p2a: Great Tusk\n|-end|p2a: Great Tusk|Protosynthesis|[silent]\n|\n|upkeep\n|\n|t:|1701119192\n|switch|p2a: Dragapult|Dragapult, M|100\/100\n|turn|13\n|\n|t:|1701119200\n|-terastallize|p2a: Dragapult|Ghost\n|move|p1a: Frosmoth|Ice Beam|p2a: Dragapult\n|-damage|p2a: Dragapult|0 fnt\n|faint|p2a: Dragapult\n|\n|upkeep\n|\n|t:|1701119204\n|switch|p2a: Zapdos|Zapdos|47\/100\n|turn|14\n|\n|t:|1701119208\n|move|p1a: Frosmoth|Ice Beam|p2a: Zapdos\n|-supereffective|p2a: Zapdos\n|-damage|p2a: Zapdos|0 fnt\n|faint|p2a: Zapdos\n|\n|upkeep\n|\n|t:|1701119210\n|switch|p2a: Kingambit|Kingambit, F|100\/100\n|-activate|p2a: Kingambit|ability: Supreme Overlord\n|-start|p2a: Kingambit|fallen5|[silent]\n|turn|15\n|\n|t:|1701119213\n|move|p2a: Kingambit|Sucker Punch||[still]\n|-fail|p2a: Kingambit\n|move|p1a: Frosmoth|Quiver Dance|p1a: Frosmoth\n|-boost|p1a: Frosmoth|spa|1\n|-boost|p1a: Frosmoth|spd|1\n|-boost|p1a: Frosmoth|spe|1\n|\n|upkeep\n|turn|16\n|\n|t:|1701119216\n|move|p2a: Kingambit|Sucker Punch||[still]\n|-fail|p2a: Kingambit\n|move|p1a: Frosmoth|Quiver Dance|p1a: Frosmoth\n|-boost|p1a: Frosmoth|spa|1\n|-boost|p1a: Frosmoth|spd|1\n|-boost|p1a: Frosmoth|spe|1\n|\n|upkeep\n|turn|17\n|\n|t:|1701119218\n|move|p2a: Kingambit|Sucker Punch||[still]\n|-fail|p2a: Kingambit\n|move|p1a: Frosmoth|Quiver Dance|p1a: Frosmoth\n|-boost|p1a: Frosmoth|spa|1\n|-boost|p1a: Frosmoth|spd|1\n|-boost|p1a: Frosmoth|spe|1\n|\n|upkeep\n|turn|18\n|\n|t:|1701119220\n|move|p2a: Kingambit|Sucker Punch|p1a: Frosmoth\n|-damage|p1a: Frosmoth|0 fnt\n|faint|p1a: Frosmoth\n|\n|upkeep\n|\n|t:|1701119224\n|switch|p1a: Glastrier|Glastrier|100\/100\n|turn|19\n|\n|t:|1701119228\n|move|p2a: Kingambit|Kowtow Cleave|p1a: Glastrier\n|-damage|p1a: Glastrier|51\/100\n|move|p1a: Glastrier|Close Combat|p2a: Kingambit\n|-supereffective|p2a: Kingambit\n|-damage|p2a: Kingambit|0 fnt\n|-unboost|p1a: Glastrier|def|1\n|-unboost|p1a: Glastrier|spd|1\n|faint|p2a: Kingambit\n|-end|p2a: Kingambit|fallen5|[silent]\n|\n|win|aimgaming\n|raw|aimgaming's rating: 1281 &rarr; <strong>1300<\/strong><br \/>(+19 for winning)\n|raw|PKNrandom's rating: 1191 &rarr; <strong>1172<\/strong><br \/>(-19 for losing)\n|l|\u2606PKNrandom\n|c|\u2606aimgaming|gg wp!\n","uploadtime":1701119404,"views":5,"p1id":"aimgaming","p2id":"pknrandom","formatid":"gen9ou","rating":1172,"private":0,"password":""}