{"id":"gen9ou-1995832050","p1":"llcoollino","p2":"aabbcc554433","format":"[Gen 9] OU","log":"|j|\u2606llcoollino\n|j|\u2606aabbcc554433\n|t:|1700607564\n|gametype|singles\n|player|p1|llcoollino|2|1496\n|player|p2|aabbcc554433|skierf-gen4dp|1548\n|teamsize|p1|6\n|teamsize|p2|6\n|gen|9\n|tier|[Gen 9] OU\n|rated|\n|rule|Sleep Clause Mod: Limit one foe put to sleep\n|rule|Species Clause: Limit one of each Pok\u00e9mon\n|rule|OHKO Clause: OHKO moves are banned\n|rule|Evasion Items Clause: Evasion items are banned\n|rule|Evasion Moves Clause: Evasion moves are banned\n|rule|Endless Battle Clause: Forcing endless battles is banned\n|rule|HP Percentage Mod: HP is shown in percentages\n|clearpoke\n|poke|p1|Dragapult, F|\n|poke|p1|Zamazenta-*|\n|poke|p1|Scizor, M|\n|poke|p1|Greninja-*, M|\n|poke|p1|Iron Moth|\n|poke|p1|Kingambit, F|\n|poke|p2|Mandibuzz, F|\n|poke|p2|Skeledirge, M|\n|poke|p2|Amoonguss, F|\n|poke|p2|Alomomola, M|\n|poke|p2|Clefable, F|\n|poke|p2|Ursaluna, M|\n|teampreview\n|inactive|Battle timer is ON: inactive players will automatically lose when time's up. (requested by aabbcc554433)\n|c|\u2606aabbcc554433|hf\n|\n|t:|1700607577\n|start\n|switch|p1a: Dragapult|Dragapult, F|100\/100\n|switch|p2a: Fishy|Alomomola, M|100\/100\n|turn|1\n|\n|t:|1700607593\n|move|p1a: Dragapult|Dragon Darts|p2a: Fishy\n|-damage|p2a: Fishy|84\/100\n|-anim|p1a: Dragapult|Dragon Darts|p2a: Fishy\n|-damage|p2a: Fishy|68\/100\n|-damage|p1a: Dragapult|91\/100|[from] item: Life Orb\n|move|p2a: Fishy|Flip Turn|p1a: Dragapult\n|-resisted|p1a: Dragapult\n|-damage|p1a: Dragapult|79\/100\n|\n|t:|1700607606\n|switch|p2a: Ursa Major|Ursaluna, M, shiny|100\/100|[from] Flip Turn\n|\n|-status|p2a: Ursa Major|brn|[from] item: Flame Orb\n|upkeep\n|turn|2\n|\n|t:|1700607631\n|move|p1a: Dragapult|Draco Meteor|p2a: Ursa Major\n|-damage|p2a: Ursa Major|25\/100 brn\n|-unboost|p1a: Dragapult|spa|2\n|-damage|p1a: Dragapult|69\/100|[from] item: Life Orb\n|move|p2a: Ursa Major|Headlong Rush|p1a: Dragapult\n|-damage|p1a: Dragapult|0 fnt\n|-unboost|p2a: Ursa Major|def|1\n|-unboost|p2a: Ursa Major|spd|1\n|faint|p1a: Dragapult\n|\n|-damage|p2a: Ursa Major|19\/100 brn|[from] brn\n|upkeep\n|\n|t:|1700607645\n|switch|p1a: Greninja|Greninja, M|100\/100\n|turn|3\n|\n|t:|1700607649\n|switch|p2a: Fishy|Alomomola, M|100\/100\n|move|p1a: Greninja|Ice Beam|p2a: Fishy\n|-resisted|p2a: Fishy\n|-damage|p2a: Fishy|86\/100\n|-damage|p1a: Greninja|91\/100|[from] item: Life Orb\n|\n|upkeep\n|turn|4\n|\n|t:|1700607670\n|move|p1a: Greninja|Dark Pulse|p2a: Fishy\n|-damage|p2a: Fishy|46\/100\n|-damage|p1a: Greninja|81\/100|[from] item: Life Orb\n|cant|p2a: Fishy|flinch\n|\n|upkeep\n|turn|5\n|\n|t:|1700607683\n|switch|p2a: Shh\u2026|Amoonguss, F|100\/100\n|move|p1a: Greninja|Dark Pulse|p2a: Shh\u2026\n|-damage|p2a: Shh\u2026|54\/100\n|-damage|p1a: Greninja|71\/100|[from] item: Life Orb\n|\n|upkeep\n|turn|6\n|\n|t:|1700607692\n|switch|p2a: Fishy|Alomomola, M|79\/100\n|move|p1a: Greninja|Ice Beam|p2a: Fishy\n|-resisted|p2a: Fishy\n|-damage|p2a: Fishy|64\/100\n|-status|p2a: Fishy|frz\n|-damage|p1a: Greninja|61\/100|[from] item: Life Orb\n|\n|upkeep\n|turn|7\n|\n|t:|1700607698\n|move|p1a: Greninja|Dark Pulse|p2a: Fishy\n|-damage|p2a: Fishy|26\/100 frz\n|-damage|p1a: Greninja|51\/100|[from] item: Life Orb\n|cant|p2a: Fishy|flinch\n|\n|upkeep\n|turn|8\n|\n|t:|1700607720\n|switch|p2a: Vulture|Mandibuzz, F, shiny|100\/100\n|move|p1a: Greninja|Dark Pulse|p2a: Vulture\n|-resisted|p2a: Vulture\n|-damage|p2a: Vulture|86\/100\n|-damage|p1a: Greninja|42\/100|[from] item: Life Orb\n|\n|upkeep\n|turn|9\n|\n|t:|1700607728\n|switch|p2a: Fishy|Alomomola, M|59\/100 frz\n|move|p1a: Greninja|Ice Beam|p2a: Fishy\n|-resisted|p2a: Fishy\n|-damage|p2a: Fishy|44\/100 frz\n|-damage|p1a: Greninja|32\/100|[from] item: Life Orb\n|\n|upkeep\n|turn|10\n|\n|t:|1700607735\n|switch|p2a: Shh\u2026|Amoonguss, F|88\/100\n|move|p1a: Greninja|Dark Pulse|p2a: Shh\u2026\n|-damage|p2a: Shh\u2026|42\/100\n|-damage|p1a: Greninja|22\/100|[from] item: Life Orb\n|\n|upkeep\n|turn|11\n|\n|t:|1700607746\n|switch|p2a: Fishy|Alomomola, M|77\/100 frz\n|move|p1a: Greninja|Ice Beam|p2a: Fishy\n|-resisted|p2a: Fishy\n|-damage|p2a: Fishy|64\/100 frz\n|-damage|p1a: Greninja|12\/100|[from] item: Life Orb\n|\n|upkeep\n|turn|12\n|\n|t:|1700607751\n|move|p1a: Greninja|Dark Pulse|p2a: Fishy\n|-damage|p2a: Fishy|28\/100 frz\n|-damage|p1a: Greninja|2\/100|[from] item: Life Orb\n|-curestatus|p2a: Fishy|frz|[from] move: Scald\n|move|p2a: Fishy|Scald|p1a: Greninja\n|-resisted|p1a: Greninja\n|-damage|p1a: Greninja|0 fnt\n|faint|p1a: Greninja\n|\n|upkeep\n|\n|t:|1700607761\n|switch|p1a: Zamazenta|Zamazenta|100\/100\n|-ability|p1a: Zamazenta|Dauntless Shield|boost\n|-boost|p1a: Zamazenta|def|1\n|turn|13\n|\n|t:|1700607766\n|switch|p2a: Treble|Clefable, F|100\/100\n|move|p1a: Zamazenta|Close Combat|p2a: Treble\n|-resisted|p2a: Treble\n|-damage|p2a: Treble|72\/100\n|-unboost|p1a: Zamazenta|def|1\n|-unboost|p1a: Zamazenta|spd|1\n|-damage|p1a: Zamazenta|91\/100|[from] item: Life Orb\n|\n|upkeep\n|turn|14\n|\n|t:|1700607783\n|switch|p1a: Kingambit|Kingambit, F|100\/100\n|-activate|p1a: Kingambit|ability: Supreme Overlord\n|-start|p1a: Kingambit|fallen2|[silent]\n|move|p2a: Treble|Moonlight|p2a: Treble\n|-heal|p2a: Treble|100\/100\n|\n|upkeep\n|turn|15\n|\n|t:|1700607805\n|move|p2a: Treble|Stealth Rock|p1a: Kingambit\n|-sidestart|p1: llcoollino|move: Stealth Rock\n|move|p1a: Kingambit|Kowtow Cleave|p2a: Treble\n|-resisted|p2a: Treble\n|-damage|p2a: Treble|77\/100\n|\n|upkeep\n|turn|16\n|inactive|aabbcc554433 has 120 seconds left.\n|inactive|llcoollino has 120 seconds left.\n|\n|t:|1700607852\n|switch|p2a: Fishy|Alomomola, M|61\/100\n|move|p1a: Kingambit|Iron Head|p2a: Fishy\n|-resisted|p2a: Fishy\n|-damage|p2a: Fishy|42\/100\n|\n|upkeep\n|turn|17\n|inactive|aabbcc554433 has 120 seconds left.\n|\n|t:|1700607868\n|switch|p2a: Vulture|Mandibuzz, F, shiny|86\/100\n|move|p1a: Kingambit|Kowtow Cleave|p2a: Vulture\n|-resisted|p2a: Vulture\n|-damage|p2a: Vulture|63\/100\n|\n|upkeep\n|turn|18\n|inactive|llcoollino has 120 seconds left.\n|inactive|llcoollino has 90 seconds left.\n|\n|t:|1700607905\n|-end|p1a: Kingambit|fallen2|[silent]\n|switch|p1a: Zamazenta|Zamazenta|91\/100\n|-damage|p1a: Zamazenta|84\/100|[from] Stealth Rock\n|move|p2a: Vulture|Iron Defense|p2a: Vulture\n|-boost|p2a: Vulture|def|2\n|\n|upkeep\n|turn|19\n|\n|t:|1700607911\n|move|p1a: Zamazenta|Ice Fang|p2a: Vulture\n|-supereffective|p2a: Vulture\n|-damage|p2a: Vulture|41\/100\n|-damage|p1a: Zamazenta|75\/100|[from] item: Life Orb\n|cant|p2a: Vulture|flinch\n|\n|upkeep\n|turn|20\n|\n|t:|1700607927\n|switch|p2a: Fishy|Alomomola, M|76\/100\n|move|p1a: Zamazenta|Close Combat|p2a: Fishy\n|-damage|p2a: Fishy|23\/100\n|-unboost|p1a: Zamazenta|def|1\n|-unboost|p1a: Zamazenta|spd|1\n|-damage|p1a: Zamazenta|65\/100|[from] item: Life Orb\n|\n|upkeep\n|turn|21\n|inactive|llcoollino has 90 seconds left.\n|\n|t:|1700607963\n|switch|p2a: Shh\u2026|Amoonguss, F|75\/100\n|move|p1a: Zamazenta|Close Combat|p2a: Shh\u2026\n|-resisted|p2a: Shh\u2026\n|-damage|p2a: Shh\u2026|50\/100\n|-unboost|p1a: Zamazenta|def|1\n|-unboost|p1a: Zamazenta|spd|1\n|-damage|p1a: Zamazenta|55\/100|[from] item: Life Orb\n|\n|upkeep\n|turn|22\n|\n|t:|1700607967\n|move|p1a: Zamazenta|Psychic Fangs|p2a: Shh\u2026\n|-supereffective|p2a: Shh\u2026\n|-damage|p2a: Shh\u2026|0 fnt\n|faint|p2a: Shh\u2026\n|-damage|p1a: Zamazenta|45\/100|[from] item: Life Orb\n|\n|upkeep\n|\n|t:|1700607971\n|switch|p2a: Fishy|Alomomola, M|57\/100\n|turn|23\n|inactive|llcoollino has 90 seconds left.\n|\n|t:|1700608003\n|switch|p2a: Ursa Major|Ursaluna, M, shiny|19\/100 brn\n|move|p1a: Zamazenta|Close Combat|p2a: Ursa Major\n|-supereffective|p2a: Ursa Major\n|-damage|p2a: Ursa Major|0 fnt\n|-unboost|p1a: Zamazenta|def|1\n|-unboost|p1a: Zamazenta|spd|1\n|faint|p2a: Ursa Major\n|-damage|p1a: Zamazenta|35\/100|[from] item: Life Orb\n|\n|upkeep\n|\n|t:|1700608006\n|switch|p2a: Fishy|Alomomola, M|90\/100\n|turn|24\n|\n|t:|1700608012\n|move|p1a: Zamazenta|Close Combat|p2a: Fishy\n|-damage|p2a: Fishy|39\/100\n|-unboost|p1a: Zamazenta|def|1\n|-unboost|p1a: Zamazenta|spd|1\n|-damage|p1a: Zamazenta|25\/100|[from] item: Life Orb\n|move|p2a: Fishy|Wish|p2a: Fishy\n|\n|upkeep\n|turn|25\n|\n|t:|1700608021\n|move|p2a: Fishy|Protect|p2a: Fishy\n|-singleturn|p2a: Fishy|Protect\n|move|p1a: Zamazenta|Crunch|p2a: Fishy\n|-activate|p2a: Fishy|move: Protect\n|\n|-heal|p2a: Fishy|88\/100|[from] move: Wish|[wisher] Fishy\n|upkeep\n|turn|26\n|\n|t:|1700608028\n|move|p1a: Zamazenta|Close Combat|p2a: Fishy\n|-damage|p2a: Fishy|37\/100\n|-unboost|p1a: Zamazenta|def|1\n|-unboost|p1a: Zamazenta|spd|1\n|-damage|p1a: Zamazenta|16\/100|[from] item: Life Orb\n|move|p2a: Fishy|Wish|p2a: Fishy\n|\n|upkeep\n|turn|27\n|\n|t:|1700608034\n|switch|p1a: Iron Moth|Iron Moth|100\/100\n|-damage|p1a: Iron Moth|76\/100|[from] Stealth Rock\n|-enditem|p1a: Iron Moth|Booster Energy\n|-activate|p1a: Iron Moth|ability: Quark Drive|[fromitem]\n|-start|p1a: Iron Moth|quarkdrivespe\n|move|p2a: Fishy|Protect||[still]\n|-fail|p2a: Fishy\n|\n|-heal|p2a: Fishy|87\/100|[from] move: Wish|[wisher] Fishy\n|upkeep\n|turn|28\n|\n|t:|1700608038\n|move|p1a: Iron Moth|Energy Ball|p2a: Fishy\n|-supereffective|p2a: Fishy\n|-damage|p2a: Fishy|37\/100\n|move|p2a: Fishy|Flip Turn|p1a: Iron Moth\n|-supereffective|p1a: Iron Moth\n|-damage|p1a: Iron Moth|23\/100\n|\n|t:|1700608044\n|switch|p2a: Enrique|Skeledirge, M|100\/100|[from] Flip Turn\n|\n|upkeep\n|turn|29\n|inactive|llcoollino has 120 seconds left.\n|\n|t:|1700608063\n|-end|p1a: Iron Moth|Quark Drive|[silent]\n|switch|p1a: Zamazenta|Zamazenta|16\/100\n|-damage|p1a: Zamazenta|9\/100|[from] Stealth Rock\n|move|p2a: Enrique|Torch Song|p1a: Zamazenta\n|-damage|p1a: Zamazenta|0 fnt\n|-boost|p2a: Enrique|spa|1\n|faint|p1a: Zamazenta\n|\n|upkeep\n|\n|t:|1700608066\n|switch|p1a: Kingambit|Kingambit, F|100\/100\n|-damage|p1a: Kingambit|94\/100|[from] Stealth Rock\n|-activate|p1a: Kingambit|ability: Supreme Overlord\n|-start|p1a: Kingambit|fallen3|[silent]\n|turn|30\n|\n|t:|1700608075\n|-terastallize|p1a: Kingambit|Dark\n|move|p2a: Enrique|Will-O-Wisp|p1a: Kingambit\n|-status|p1a: Kingambit|brn\n|move|p1a: Kingambit|Kowtow Cleave|p2a: Enrique\n|-supereffective|p2a: Enrique\n|-damage|p2a: Enrique|28\/100\n|\n|-heal|p1a: Kingambit|100\/100 brn|[from] item: Leftovers\n|-damage|p1a: Kingambit|94\/100 brn|[from] brn\n|upkeep\n|turn|31\n|\n|t:|1700608086\n|-terastallize|p2a: Enrique|Electric\n|move|p2a: Enrique|Slack Off|p2a: Enrique\n|-heal|p2a: Enrique|78\/100\n|move|p1a: Kingambit|Kowtow Cleave|p2a: Enrique\n|-damage|p2a: Enrique|39\/100\n|\n|-heal|p1a: Kingambit|100\/100 brn|[from] item: Leftovers\n|-damage|p1a: Kingambit|94\/100 brn|[from] brn\n|upkeep\n|turn|32\n|\n|t:|1700608092\n|move|p2a: Enrique|Slack Off|p2a: Enrique\n|-heal|p2a: Enrique|90\/100\n|move|p1a: Kingambit|Swords Dance|p1a: Kingambit\n|-boost|p1a: Kingambit|atk|2\n|\n|-heal|p1a: Kingambit|100\/100 brn|[from] item: Leftovers\n|-damage|p1a: Kingambit|94\/100 brn|[from] brn\n|upkeep\n|turn|33\n|\n|t:|1700608099\n|switch|p2a: Treble|Clefable, F|77\/100\n|move|p1a: Kingambit|Kowtow Cleave|p2a: Treble\n|-resisted|p2a: Treble\n|-damage|p2a: Treble|59\/100\n|\n|-heal|p1a: Kingambit|100\/100 brn|[from] item: Leftovers\n|-damage|p1a: Kingambit|94\/100 brn|[from] brn\n|upkeep\n|turn|34\n|\n|t:|1700608105\n|move|p2a: Treble|Moonlight|p2a: Treble\n|-heal|p2a: Treble|100\/100\n|move|p1a: Kingambit|Iron Head|p2a: Treble\n|-supereffective|p2a: Treble\n|-damage|p2a: Treble|49\/100\n|\n|-heal|p1a: Kingambit|100\/100 brn|[from] item: Leftovers\n|-damage|p1a: Kingambit|94\/100 brn|[from] brn\n|upkeep\n|turn|35\n|inactive|llcoollino has 120 seconds left.\n|\n|t:|1700608136\n|move|p2a: Treble|Moonlight|p2a: Treble\n|-heal|p2a: Treble|99\/100\n|move|p1a: Kingambit|Iron Head|p2a: Treble\n|-supereffective|p2a: Treble\n|-damage|p2a: Treble|48\/100\n|\n|-heal|p1a: Kingambit|100\/100 brn|[from] item: Leftovers\n|-damage|p1a: Kingambit|94\/100 brn|[from] brn\n|upkeep\n|turn|36\n|\n|t:|1700608151\n|move|p2a: Treble|Moonblast|p1a: Kingambit\n|-supereffective|p1a: Kingambit\n|-damage|p1a: Kingambit|33\/100 brn\n|-unboost|p1a: Kingambit|spa|1\n|move|p1a: Kingambit|Iron Head|p2a: Treble\n|-supereffective|p2a: Treble\n|-damage|p2a: Treble|0 fnt\n|faint|p2a: Treble\n|\n|-heal|p1a: Kingambit|39\/100 brn|[from] item: Leftovers\n|-damage|p1a: Kingambit|33\/100 brn|[from] brn\n|upkeep\n|\n|t:|1700608160\n|switch|p2a: Vulture|Mandibuzz, F, shiny|41\/100\n|turn|37\n|\n|t:|1700608176\n|move|p2a: Vulture|Foul Play|p1a: Kingambit\n|-resisted|p1a: Kingambit\n|-damage|p1a: Kingambit|0 fnt\n|faint|p1a: Kingambit\n|-end|p1a: Kingambit|fallen3|[silent]\n|\n|upkeep\n|\n|t:|1700608182\n|switch|p1a: Iron Moth|Iron Moth|23\/100\n|-damage|p1a: Iron Moth|0 fnt|[from] Stealth Rock\n|faint|p1a: Iron Moth\n|-end|p1a: Iron Moth|Quark Drive|[silent]\n|\n|t:|1700608184\n|switch|p1a: Scizor|Scizor, M|100\/100\n|-damage|p1a: Scizor|88\/100|[from] Stealth Rock\n|turn|38\n|\n|t:|1700608191\n|move|p2a: Vulture|Iron Defense|p2a: Vulture\n|-boost|p2a: Vulture|def|2\n|move|p1a: Scizor|Swords Dance|p1a: Scizor\n|-boost|p1a: Scizor|atk|2\n|\n|upkeep\n|turn|39\n|\n|t:|1700608196\n|move|p2a: Vulture|Foul Play|p1a: Scizor\n|-crit|p1a: Scizor\n|-damage|p1a: Scizor|0 fnt\n|faint|p1a: Scizor\n|\n|win|aabbcc554433\n|raw|llcoollino's rating: 1496 &rarr; <strong>1479<\/strong><br \/>(-17 for losing)\n|raw|aabbcc554433's rating: 1548 &rarr; <strong>1565<\/strong><br \/>(+17 for winning)\n","uploadtime":1700608203,"views":25,"p1id":"llcoollino","p2id":"aabbcc554433","formatid":"gen9ou","rating":1479,"private":0,"password":""}