{"id":"gen9ou-2000113584","p1":"hybdrunk","p2":"Shinyxk","format":"[Gen 9] OU","log":"|j|\u2606hybdrunk\n|j|\u2606Shinyxk\n|t:|1701157263\n|gametype|singles\n|player|p1|hybdrunk|1|1136\n|player|p2|Shinyxk|youngster-gen8|1000\n|teamsize|p1|6\n|teamsize|p2|1\n|gen|9\n|tier|[Gen 9] OU\n|rated|\n|rule|Sleep Clause Mod: Limit one foe put to sleep\n|rule|Species Clause: Limit one of each Pok\u00e9mon\n|rule|OHKO Clause: OHKO moves are banned\n|rule|Evasion Items Clause: Evasion items are banned\n|rule|Evasion Moves Clause: Evasion moves are banned\n|rule|Endless Battle Clause: Forcing endless battles is banned\n|rule|HP Percentage Mod: HP is shown in percentages\n|clearpoke\n|poke|p1|Bellibolt, M|\n|poke|p1|Clefable, M|\n|poke|p1|Corviknight, F|\n|poke|p1|Dragapult, F|\n|poke|p1|Great Tusk|\n|poke|p1|Manaphy|\n|poke|p2|Kommo-o, M|\n|teampreview\n|inactive|Battle timer is ON: inactive players will automatically lose when time's up. (requested by Shinyxk)\n|\n|t:|1701157278\n|start\n|switch|p1a: Clefable|Clefable, M|100\/100\n|switch|p2a: Kommo-o|Kommo-o, M|100\/100\n|turn|1\n|\n|t:|1701157280\n|-terastallize|p2a: Kommo-o|Normal\n|move|p2a: Kommo-o|Clangorous Soul|p2a: Kommo-o\n|-boost|p2a: Kommo-o|atk|1\n|-boost|p2a: Kommo-o|def|1\n|-boost|p2a: Kommo-o|spa|1\n|-boost|p2a: Kommo-o|spd|1\n|-boost|p2a: Kommo-o|spe|1\n|-damage|p2a: Kommo-o|68\/100\n|-enditem|p2a: Kommo-o|Throat Spray\n|-boost|p2a: Kommo-o|spa|1|[from] item: Throat Spray\n|move|p1a: Clefable|Moonblast|p2a: Kommo-o\n|-damage|p2a: Kommo-o|42\/100\n|\n|upkeep\n|turn|2\n|\n|t:|1701157287\n|move|p2a: Kommo-o|Boomburst|p1a: Clefable\n|-damage|p1a: Clefable|17\/100\n|move|p1a: Clefable|Thunder Wave|p2a: Kommo-o|[miss]\n|-miss|p1a: Clefable|p2a: Kommo-o\n|\n|-heal|p1a: Clefable|23\/100|[from] item: Leftovers\n|upkeep\n|turn|3\n|\n|t:|1701157291\n|move|p2a: Kommo-o|Boomburst|p1a: Clefable\n|-damage|p1a: Clefable|0 fnt\n|faint|p1a: Clefable\n|\n|upkeep\n|\n|t:|1701157295\n|switch|p1a: Great Tusk|Great Tusk|100\/100\n|turn|4\n|\n|t:|1701157299\n|move|p2a: Kommo-o|Boomburst|p1a: Great Tusk\n|-damage|p1a: Great Tusk|0 fnt\n|faint|p1a: Great Tusk\n|-end|p1a: Great Tusk|Protosynthesis|[silent]\n|\n|upkeep\n|\n|t:|1701157306\n|switch|p1a: Dragapult|Dragapult, F|100\/100\n|turn|5\n|\n|t:|1701157310\n|move|p2a: Kommo-o|Clanging Scales|p1a: Dragapult\n|-supereffective|p1a: Dragapult\n|-damage|p1a: Dragapult|0 fnt\n|faint|p1a: Dragapult\n|-unboost|p2a: Kommo-o|def|1\n|\n|upkeep\n|\n|t:|1701157316\n|switch|p1a: Bellibolt|Bellibolt, M|100\/100\n|turn|6\n|\n|t:|1701157321\n|move|p2a: Kommo-o|Boomburst|p1a: Bellibolt\n|-damage|p1a: Bellibolt|0 fnt\n|faint|p1a: Bellibolt\n|\n|upkeep\n|\n|t:|1701157323\n|switch|p1a: Corviknight|Corviknight, F|100\/100\n|-ability|p1a: Corviknight|Pressure\n|turn|7\n|\n|t:|1701157327\n|-terastallize|p1a: Corviknight|Dragon\n|move|p2a: Kommo-o|Flamethrower|p1a: Corviknight\n|-resisted|p1a: Corviknight\n|-damage|p1a: Corviknight|76\/100\n|-status|p1a: Corviknight|brn\n|move|p1a: Corviknight|Body Press|p2a: Kommo-o\n|-supereffective|p2a: Kommo-o\n|-damage|p2a: Kommo-o|15\/100\n|\n|-heal|p1a: Corviknight|82\/100 brn|[from] item: Leftovers\n|-damage|p1a: Corviknight|76\/100 brn|[from] brn\n|upkeep\n|turn|8\n|c|\u2606Shinyxk|bro\n|c|\u2606Shinyxk|what\n|c|\u2606Shinyxk|flame orb corviknight?\n|\n|t:|1701157348\n|move|p2a: Kommo-o|Clanging Scales|p1a: Corviknight\n|-supereffective|p1a: Corviknight\n|-damage|p1a: Corviknight|0 fnt\n|faint|p1a: Corviknight\n|-unboost|p2a: Kommo-o|def|1\n|\n|upkeep\n|inactive|hybdrunk has 120 seconds left.\n|\n|t:|1701157394\n|switch|p1a: Manaphy|Manaphy|100\/100\n|turn|9\n|\n|t:|1701157401\n|move|p2a: Kommo-o|Boomburst|p1a: Manaphy\n|-damage|p1a: Manaphy|0 fnt\n|faint|p1a: Manaphy\n|\n|win|Shinyxk\n|raw|hybdrunk's rating: 1136 &rarr; <strong>1102<\/strong><br \/>(-34 for losing)\n|raw|Shinyxk's rating: 1000 &rarr; <strong>1055<\/strong><br \/>(+55 for winning)\n|l|\u2606hybdrunk\n|c|\u2606Shinyxk|gg\n","uploadtime":1701157407,"views":5,"p1id":"hybdrunk","p2id":"shinyxk","formatid":"gen9ou","rating":1055,"private":0,"password":""}