{"id":"gen9ou-1994176352","p1":"Pikoow","p2":"mathismathin","format":"[Gen 9] OU","log":"|j|\u2606Pikoow\n|j|\u2606mathismathin\n|t:|1700415608\n|gametype|singles\n|player|p1|Pikoow|lucas|1635\n|player|p2|mathismathin|nate|1755\n|teamsize|p1|6\n|teamsize|p2|6\n|gen|9\n|tier|[Gen 9] OU\n|rated|\n|rule|Sleep Clause Mod: Limit one foe put to sleep\n|rule|Species Clause: Limit one of each Pok\u00e9mon\n|rule|OHKO Clause: OHKO moves are banned\n|rule|Evasion Items Clause: Evasion items are banned\n|rule|Evasion Moves Clause: Evasion moves are banned\n|rule|Endless Battle Clause: Forcing endless battles is banned\n|rule|HP Percentage Mod: HP is shown in percentages\n|clearpoke\n|poke|p1|Kingambit, F|\n|poke|p1|Glimmora, M|\n|poke|p1|Zamazenta-*|\n|poke|p1|Iron Valiant|\n|poke|p1|Iron Moth|\n|poke|p1|Ogerpon-Wellspring, F|\n|poke|p2|Wo-Chien|\n|poke|p2|Weezing-Galar, M|\n|poke|p2|Blissey, F|\n|poke|p2|Cyclizar, F|\n|poke|p2|Alomomola, F|\n|poke|p2|Corviknight, M|\n|teampreview\n|inactive|Battle timer is ON: inactive players will automatically lose when time's up. (requested by Pikoow)\n|\n|t:|1700415623\n|start\n|switch|p1a: Glimmora|Glimmora, M|100\/100\n|switch|p2a: Corviknight|Corviknight, M|100\/100\n|-ability|p2a: Corviknight|Pressure\n|turn|1\n|\n|t:|1700415644\n|move|p1a: Glimmora|Power Gem|p2a: Corviknight\n|-damage|p2a: Corviknight|58\/100\n|move|p2a: Corviknight|Iron Head|p1a: Glimmora\n|-supereffective|p1a: Glimmora\n|-damage|p1a: Glimmora|40\/100\n|-activate|p1a: Glimmora|ability: Toxic Debris\n|-sidestart|p2: mathismathin|move: Toxic Spikes\n|\n|-heal|p2a: Corviknight|64\/100|[from] item: Leftovers\n|upkeep\n|turn|2\n|\n|t:|1700415650\n|move|p1a: Glimmora|Stealth Rock|p2a: Corviknight\n|-sidestart|p2: mathismathin|move: Stealth Rock\n|move|p2a: Corviknight|Roost|p2a: Corviknight\n|-heal|p2a: Corviknight|100\/100\n|-singleturn|p2a: Corviknight|move: Roost\n|\n|upkeep\n|turn|3\n|\n|t:|1700415657\n|move|p1a: Glimmora|Power Gem|p2a: Corviknight\n|-damage|p2a: Corviknight|57\/100\n|move|p2a: Corviknight|Iron Head|p1a: Glimmora\n|-supereffective|p1a: Glimmora\n|-damage|p1a: Glimmora|0 fnt\n|-activate|p1a: Glimmora|ability: Toxic Debris\n|-sidestart|p2: mathismathin|move: Toxic Spikes\n|faint|p1a: Glimmora\n|\n|-heal|p2a: Corviknight|63\/100|[from] item: Leftovers\n|upkeep\n|\n|t:|1700415669\n|switch|p1a: Iron Moth|Iron Moth|100\/100\n|-enditem|p1a: Iron Moth|Booster Energy\n|-activate|p1a: Iron Moth|ability: Quark Drive|[fromitem]\n|-start|p1a: Iron Moth|quarkdrivespe\n|turn|4\n|\n|t:|1700415673\n|switch|p2a: Blissey|Blissey, F|100\/100\n|move|p1a: Iron Moth|Fiery Dance|p2a: Blissey\n|-damage|p2a: Blissey|89\/100\n|\n|upkeep\n|turn|5\n|\n|t:|1700415680\n|-end|p1a: Iron Moth|Quark Drive|[silent]\n|switch|p1a: Ogerpon|Ogerpon-Wellspring, F|100\/100\n|move|p2a: Blissey|Stealth Rock|p1a: Ogerpon\n|-sidestart|p1: Pikoow|move: Stealth Rock\n|\n|upkeep\n|turn|6\n|\n|t:|1700415682\n|switch|p2a: Weezing|Weezing-Galar, M|100\/100\n|-ability|p2a: Weezing|Neutralizing Gas\n|-sideend|p2: mathismathin|move: Toxic Spikes|[of] p2a: Weezing\n|move|p1a: Ogerpon|Knock Off|p2a: Weezing\n|-resisted|p2a: Weezing\n|-damage|p2a: Weezing|88\/100\n|-enditem|p2a: Weezing|Heavy-Duty Boots|[from] move: Knock Off|[of] p1a: Ogerpon\n|\n|upkeep\n|turn|7\n|\n|t:|1700415694\n|switch|p1a: Kingambit|Kingambit, F|100\/100\n|-damage|p1a: Kingambit|94\/100|[from] Stealth Rock\n|move|p2a: Weezing|Will-O-Wisp|p1a: Kingambit\n|-status|p1a: Kingambit|brn\n|\n|-damage|p1a: Kingambit|88\/100 brn|[from] brn\n|upkeep\n|turn|8\n|\n|t:|1700415702\n|-end|p2a: Weezing|ability: Neutralizing Gas\n|-activate|p1a: Kingambit|ability: Supreme Overlord\n|-start|p1a: Kingambit|fallen1|[silent]\n|switch|p2a: Corviknight|Corviknight, M|63\/100\n|-damage|p2a: Corviknight|50\/100|[from] Stealth Rock\n|-ability|p2a: Corviknight|Pressure\n|move|p1a: Kingambit|Swords Dance|p1a: Kingambit\n|-boost|p1a: Kingambit|atk|2\n|\n|-heal|p2a: Corviknight|57\/100|[from] item: Leftovers\n|-damage|p1a: Kingambit|82\/100 brn|[from] brn\n|upkeep\n|turn|9\n|\n|t:|1700415706\n|move|p2a: Corviknight|Roost|p2a: Corviknight\n|-heal|p2a: Corviknight|100\/100\n|-singleturn|p2a: Corviknight|move: Roost\n|move|p1a: Kingambit|Kowtow Cleave|p2a: Corviknight\n|-damage|p2a: Corviknight|58\/100\n|\n|-heal|p2a: Corviknight|65\/100|[from] item: Leftovers\n|-damage|p1a: Kingambit|76\/100 brn|[from] brn\n|upkeep\n|turn|10\n|\n|t:|1700415708\n|move|p2a: Corviknight|Iron Defense|p2a: Corviknight\n|-boost|p2a: Corviknight|def|2\n|move|p1a: Kingambit|Swords Dance|p1a: Kingambit\n|-boost|p1a: Kingambit|atk|2\n|\n|-heal|p2a: Corviknight|71\/100|[from] item: Leftovers\n|-damage|p1a: Kingambit|70\/100 brn|[from] brn\n|upkeep\n|turn|11\n|\n|t:|1700415712\n|move|p2a: Corviknight|Roost|p2a: Corviknight\n|-heal|p2a: Corviknight|100\/100\n|-singleturn|p2a: Corviknight|move: Roost\n|move|p1a: Kingambit|Kowtow Cleave|p2a: Corviknight\n|-damage|p2a: Corviknight|69\/100\n|\n|-heal|p2a: Corviknight|76\/100|[from] item: Leftovers\n|-damage|p1a: Kingambit|64\/100 brn|[from] brn\n|upkeep\n|turn|12\n|\n|t:|1700415717\n|-end|p1a: Kingambit|fallen1|[silent]\n|switch|p1a: Iron Moth|Iron Moth|100\/100\n|-damage|p1a: Iron Moth|76\/100|[from] Stealth Rock\n|move|p2a: Corviknight|Body Press|p1a: Iron Moth\n|-resisted|p1a: Iron Moth\n|-damage|p1a: Iron Moth|41\/100\n|\n|-heal|p2a: Corviknight|82\/100|[from] item: Leftovers\n|upkeep\n|turn|13\n|-message|Pikoow forfeited.\n|\n|win|mathismathin\n|raw|Pikoow's rating: 1635 &rarr; <strong>1621<\/strong><br \/>(-14 for losing)\n|raw|mathismathin's rating: 1739 &rarr; <strong>1753<\/strong><br \/>(+14 for winning)\n|l|\u2606Pikoow\n","uploadtime":1700415726,"views":8,"p1id":"pikoow","p2id":"mathismathin","formatid":"gen9ou","rating":1621,"private":0,"password":""}