{"id":"gen9ou-1999906713","p1":"RamPamPam888","p2":"Mr. Kessler","format":"[Gen 9] OU","log":"|j|\u2606RamPamPam888\n|j|\u2606Mr. Kessler\n|t:|1701128619\n|gametype|singles\n|player|p1|RamPamPam888|roughneck|\n|player|p2|Mr. Kessler|gambler|\n|teamsize|p1|6\n|teamsize|p2|6\n|gen|9\n|tier|[Gen 9] OU\n|rule|Sleep Clause Mod: Limit one foe put to sleep\n|rule|Species Clause: Limit one of each Pok\u00e9mon\n|rule|OHKO Clause: OHKO moves are banned\n|rule|Evasion Items Clause: Evasion items are banned\n|rule|Evasion Moves Clause: Evasion moves are banned\n|rule|Endless Battle Clause: Forcing endless battles is banned\n|rule|HP Percentage Mod: HP is shown in percentages\n|clearpoke\n|poke|p1|Masquerain, M|\n|poke|p1|Ogerpon-Cornerstone, F|\n|poke|p1|Iron Thorns|\n|poke|p1|Toxicroak, M|\n|poke|p1|Crawdaunt, F|\n|poke|p1|Ditto|\n|poke|p2|Samurott-Hisui, M|\n|poke|p2|Amoonguss, M|\n|poke|p2|Chandelure, F|\n|poke|p2|Eelektross, M|\n|poke|p2|Leavanny, F|\n|poke|p2|Fraxure, M|\n|teampreview\n|inactive|Battle timer is ON: inactive players will automatically lose when time's up. (requested by Mr. Kessler)\n|j| YOMI Draco\n|j| grunkleconn\n|j| 4R4CH1S\n|c| YOMI Draco|MR CRAW?!\n|inactive|RamPamPam888 has 270 seconds left.\n|j| woki mit deim koko\n|j| BoWs1rJr\n|c| BoWs1rJr|MR CRAW LETS GOOO\n|c| 4R4CH1S|let's gooooo\n|c| woki mit deim koko|WEEK 3 GAMING\n|c| YOMI Draco|A true agent\n|c| YOMI Draco|the syndicate is watching\n|\n|t:|1701128677\n|start\n|switch|p1a: \"El Nene\" Muslera|Masquerain, M|100\/100\n|switch|p2a: Leadvanny|Leavanny, F|100\/100\n|-ability|p1a: \"El Nene\" Muslera|Intimidate|boost\n|-unboost|p2a: Leadvanny|atk|1\n|turn|1\n|\n|t:|1701128681\n|move|p2a: Leadvanny|Sticky Web|p1a: \"El Nene\" Muslera\n|-sidestart|p1: RamPamPam888|move: Sticky Web\n|move|p1a: \"El Nene\" Muslera|Rain Dance|p1a: \"El Nene\" Muslera\n|-weather|RainDance\n|\n|-weather|RainDance|[upkeep]\n|upkeep\n|turn|2\n|\n|t:|1701128686\n|move|p2a: Leadvanny|Knock Off|p1a: \"El Nene\" Muslera\n|-damage|p1a: \"El Nene\" Muslera|69\/100\n|-enditem|p1a: \"El Nene\" Muslera|Damp Rock|[from] move: Knock Off|[of] p2a: Leadvanny\n|move|p1a: \"El Nene\" Muslera|Hurricane|p2a: Leadvanny\n|-supereffective|p2a: Leadvanny\n|-enditem|p2a: Leadvanny|Focus Sash\n|-damage|p2a: Leadvanny|1\/100\n|\n|-weather|RainDance|[upkeep]\n|upkeep\n|turn|3\n|c| woki mit deim koko|COOKING\n|\n|t:|1701128697\n|move|p2a: Leadvanny|Knock Off|p1a: \"El Nene\" Muslera\n|-damage|p1a: \"El Nene\" Muslera|45\/100\n|move|p1a: \"El Nene\" Muslera|U-turn|p2a: Leadvanny\n|-supereffective|p2a: Leadvanny\n|-crit|p2a: Leadvanny\n|-damage|p2a: Leadvanny|0 fnt\n|faint|p2a: Leadvanny\n|c| BoWs1rJr|I was hoping masq would be the wincon\n|\n|t:|1701128705\n|switch|p1a: Luis Su\u00e1rez|Crawdaunt, F|100\/100|[from] U-turn\n|-activate|p1a: Luis Su\u00e1rez|move: Sticky Web\n|-unboost|p1a: Luis Su\u00e1rez|spe|1\n|\n|-weather|RainDance|[upkeep]\n|upkeep\n|c| YOMI Draco|Crit mattered\n|\n|t:|1701128713\n|switch|p2a: Hammy|Samurott-Hisui, M, shiny|100\/100\n|turn|4\n|c| YOMI Draco|MR CRAW ON THE FIELD\n|\n|t:|1701128719\n|move|p2a: Hammy|Sacred Sword|p1a: Luis Su\u00e1rez\n|-supereffective|p1a: Luis Su\u00e1rez\n|-damage|p1a: Luis Su\u00e1rez|0 fnt\n|faint|p1a: Luis Su\u00e1rez\n|\n|-weather|RainDance|[upkeep]\n|upkeep\n|c| BoWs1rJr|damn\n|c| grunkleconn|big sadge\n|c| woki mit deim koko|im afraid mr craw is no longer operational\n|\n|t:|1701128730\n|switch|p1a: \"El Nene\" Muslera|Masquerain, M|45\/100\n|-ability|p1a: \"El Nene\" Muslera|Intimidate|boost\n|-unboost|p2a: Hammy|atk|1\n|turn|5\n|\n|t:|1701128734\n|move|p2a: Hammy|Ceaseless Edge|p1a: \"El Nene\" Muslera\n|-damage|p1a: \"El Nene\" Muslera|0 fnt\n|-sidestart|p1: RamPamPam888|Spikes\n|faint|p1a: \"El Nene\" Muslera\n|\n|-weather|RainDance|[upkeep]\n|upkeep\n|\n|t:|1701128754\n|switch|p1a: \"Palito\" Pereira|Toxicroak, M|100\/100\n|-activate|p1a: \"Palito\" Pereira|move: Sticky Web\n|-unboost|p1a: \"Palito\" Pereira|spe|1\n|-damage|p1a: \"Palito\" Pereira|88\/100|[from] Spikes\n|turn|6\n|\n|t:|1701128762\n|move|p2a: Hammy|Aerial Ace|p1a: \"Palito\" Pereira\n|-supereffective|p1a: \"Palito\" Pereira\n|-damage|p1a: \"Palito\" Pereira|26\/100\n|move|p1a: \"Palito\" Pereira|Nasty Plot|p1a: \"Palito\" Pereira\n|-boost|p1a: \"Palito\" Pereira|spa|2\n|\n|-weather|RainDance|[upkeep]\n|-heal|p1a: \"Palito\" Pereira|38\/100|[from] ability: Dry Skin\n|-heal|p1a: \"Palito\" Pereira|44\/100|[from] item: Leftovers\n|upkeep\n|turn|7\n|\n|t:|1701128770\n|-terastallize|p1a: \"Palito\" Pereira|Poison\n|move|p1a: \"Palito\" Pereira|Vacuum Wave|p2a: Hammy\n|-supereffective|p2a: Hammy\n|-damage|p2a: Hammy|0 fnt\n|faint|p2a: Hammy\n|\n|-weather|RainDance|[upkeep]\n|-heal|p1a: \"Palito\" Pereira|57\/100|[from] ability: Dry Skin\n|-heal|p1a: \"Palito\" Pereira|63\/100|[from] item: Leftovers\n|upkeep\n|c| grunkleconn|ohhh\n|c| 4R4CH1S|HEAT\n|c| YOMI Draco|HEAT\n|c| grunkleconn|coooking\n|c| YOMI Draco|FIRE\n|c| BoWs1rJr|I love toxicroak\n|c|\u2606RamPamPam888|Oh it was a speed tie anyway\n|c| BoWs1rJr|it's so sick\n|c| grunkleconn|no\n|c| grunkleconn|sticky web\n|c|\u2606Mr. Kessler|hmmmm\n|\n|t:|1701128799\n|switch|p2a: Eelly Excited|Eelektross, M|100\/100\n|turn|8\n|\n|t:|1701128822\n|move|p1a: \"Palito\" Pereira|Sludge Bomb|p2a: Eelly Excited\n|-damage|p2a: Eelly Excited|0 fnt\n|faint|p2a: Eelly Excited\n|\n|-weather|none\n|-heal|p1a: \"Palito\" Pereira|69\/100|[from] item: Leftovers\n|upkeep\n|\n|t:|1701128826\n|switch|p2a: Brrrr!|Chandelure, F, shiny|100\/100\n|turn|9\n|c| 4R4CH1S|YOOOOO\n|\n|t:|1701128829\n|move|p1a: \"Palito\" Pereira|Sucker Punch|p2a: Brrrr!\n|-supereffective|p2a: Brrrr!\n|-damage|p2a: Brrrr!|57\/100\n|move|p2a: Brrrr!|Flamethrower|p1a: \"Palito\" Pereira\n|-damage|p1a: \"Palito\" Pereira|0 fnt\n|faint|p1a: \"Palito\" Pereira\n|\n|upkeep\n|c|\u2606Mr. Kessler|wtf was that\n|\n|t:|1701128854\n|switch|p1a: \"Cachavacha\"|Iron Thorns|100\/100\n|-activate|p1a: \"Cachavacha\"|move: Sticky Web\n|-unboost|p1a: \"Cachavacha\"|spe|1\n|-damage|p1a: \"Cachavacha\"|88\/100|[from] Spikes\n|turn|10\n|\n|t:|1701128864\n|switch|p2a: Mr. Mushroom|Amoonguss, M, shiny|100\/100\n|move|p1a: \"Cachavacha\"|Stone Edge|p2a: Mr. Mushroom\n|-damage|p2a: Mr. Mushroom|60\/100\n|\n|upkeep\n|turn|11\n|\n|t:|1701128873\n|-end|p1a: \"Cachavacha\"|Quark Drive|[silent]\n|switch|p1a: Ar\u00e9valo R\u00edos|Ogerpon-Cornerstone, F|100\/100\n|-activate|p1a: Ar\u00e9valo R\u00edos|move: Sticky Web\n|-unboost|p1a: Ar\u00e9valo R\u00edos|spe|1\n|-damage|p1a: Ar\u00e9valo R\u00edos|88\/100|[from] Spikes\n|move|p2a: Mr. Mushroom|Synthesis|p2a: Mr. Mushroom\n|-heal|p2a: Mr. Mushroom|100\/100\n|\n|upkeep\n|turn|12\n|\n|t:|1701128880\n|move|p1a: Ar\u00e9valo R\u00edos|Knock Off|p2a: Mr. Mushroom\n|-damage|p2a: Mr. Mushroom|73\/100\n|-damage|p1a: Ar\u00e9valo R\u00edos|72\/100|[from] item: Rocky Helmet|[of] p2a: Mr. Mushroom\n|-enditem|p2a: Mr. Mushroom|Rocky Helmet|[from] move: Knock Off|[of] p1a: Ar\u00e9valo R\u00edos\n|move|p2a: Mr. Mushroom|Toxic|p1a: Ar\u00e9valo R\u00edos\n|-status|p1a: Ar\u00e9valo R\u00edos|tox\n|\n|-damage|p1a: Ar\u00e9valo R\u00edos|66\/100 tox|[from] psn\n|upkeep\n|turn|13\n|\n|t:|1701128886\n|move|p1a: Ar\u00e9valo R\u00edos|Ivy Cudgel|p2a: Mr. Mushroom|[anim] Ivy Cudgel Rock\n|-damage|p2a: Mr. Mushroom|32\/100\n|move|p2a: Mr. Mushroom|Synthesis|p2a: Mr. Mushroom\n|-heal|p2a: Mr. Mushroom|82\/100\n|\n|-damage|p1a: Ar\u00e9valo R\u00edos|54\/100 tox|[from] psn\n|upkeep\n|turn|14\n|\n|t:|1701128892\n|move|p1a: Ar\u00e9valo R\u00edos|Ivy Cudgel|p2a: Mr. Mushroom|[anim] Ivy Cudgel Rock\n|-damage|p2a: Mr. Mushroom|41\/100\n|move|p2a: Mr. Mushroom|Synthesis|p2a: Mr. Mushroom\n|-heal|p2a: Mr. Mushroom|91\/100\n|\n|-damage|p1a: Ar\u00e9valo R\u00edos|36\/100 tox|[from] psn\n|upkeep\n|turn|15\n|\n|t:|1701128895\n|move|p1a: Ar\u00e9valo R\u00edos|U-turn|p2a: Mr. Mushroom\n|-damage|p2a: Mr. Mushroom|69\/100\n|c| woki mit deim koko|big stall gaming\n|\n|t:|1701128901\n|switch|p1a: \"Cachavacha\"|Iron Thorns|88\/100|[from] U-turn\n|-activate|p1a: \"Cachavacha\"|move: Sticky Web\n|-unboost|p1a: \"Cachavacha\"|spe|1\n|-damage|p1a: \"Cachavacha\"|76\/100|[from] Spikes\n|move|p2a: Mr. Mushroom|Giga Drain|p1a: \"Cachavacha\"\n|-supereffective|p1a: \"Cachavacha\"\n|-damage|p1a: \"Cachavacha\"|38\/100\n|-heal|p2a: Mr. Mushroom|84\/100|[from] drain|[of] p1a: \"Cachavacha\"\n|\n|upkeep\n|turn|16\n|c| YOMI Draco|Amoongus sweep?\n|\n|t:|1701128909\n|move|p1a: \"Cachavacha\"|Fire Punch|p2a: Mr. Mushroom\n|-supereffective|p2a: Mr. Mushroom\n|-damage|p2a: Mr. Mushroom|49\/100\n|move|p2a: Mr. Mushroom|Giga Drain|p1a: \"Cachavacha\"\n|-supereffective|p1a: \"Cachavacha\"\n|-damage|p1a: \"Cachavacha\"|1\/100\n|-heal|p2a: Mr. Mushroom|63\/100|[from] drain|[of] p1a: \"Cachavacha\"\n|\n|upkeep\n|turn|17\n|\n|t:|1701128916\n|move|p1a: \"Cachavacha\"|Fire Punch|p2a: Mr. Mushroom\n|-supereffective|p2a: Mr. Mushroom\n|-damage|p2a: Mr. Mushroom|26\/100\n|move|p2a: Mr. Mushroom|Giga Drain|p1a: \"Cachavacha\"\n|-supereffective|p1a: \"Cachavacha\"\n|-damage|p1a: \"Cachavacha\"|0 fnt\n|-heal|p2a: Mr. Mushroom|26\/100|[from] drain|[of] p1a: \"Cachavacha\"\n|faint|p1a: \"Cachavacha\"\n|-end|p1a: \"Cachavacha\"|Quark Drive|[silent]\n|\n|upkeep\n|\n|t:|1701128919\n|switch|p1a: Ar\u00e9valo R\u00edos|Ogerpon-Cornerstone, F|36\/100 tox\n|-activate|p1a: Ar\u00e9valo R\u00edos|move: Sticky Web\n|-unboost|p1a: Ar\u00e9valo R\u00edos|spe|1\n|-damage|p1a: Ar\u00e9valo R\u00edos|23\/100 tox|[from] Spikes\n|turn|18\n|c| woki mit deim koko|iron thorns is kinda ass huh\n|c| BoWs1rJr|pmuch\n|\n|t:|1701128931\n|move|p1a: Ar\u00e9valo R\u00edos|U-turn|p2a: Mr. Mushroom\n|-damage|p2a: Mr. Mushroom|8\/100\n|\n|t:|1701128933\n|switch|p1a: \"Ruso\" P\u00e9rez|Ditto|100\/100|[from] U-turn\n|-activate|p1a: \"Ruso\" P\u00e9rez|move: Sticky Web\n|-unboost|p1a: \"Ruso\" P\u00e9rez|spe|1\n|-damage|p1a: \"Ruso\" P\u00e9rez|88\/100|[from] Spikes\n|-transform|p1a: \"Ruso\" P\u00e9rez|p2a: Mr. Mushroom|[from] ability: Imposter\n|move|p2a: Mr. Mushroom|Synthesis|p2a: Mr. Mushroom\n|-heal|p2a: Mr. Mushroom|58\/100\n|\n|upkeep\n|turn|19\n|\n|t:|1701128941\n|move|p1a: \"Ruso\" P\u00e9rez|Stomping Tantrum|p2a: Mr. Mushroom\n|-damage|p2a: Mr. Mushroom|47\/100\n|move|p2a: Mr. Mushroom|Synthesis|p2a: Mr. Mushroom\n|-heal|p2a: Mr. Mushroom|97\/100\n|\n|upkeep\n|turn|20\n|\n|t:|1701128946\n|move|p1a: \"Ruso\" P\u00e9rez|Stomping Tantrum|p2a: Mr. Mushroom\n|-damage|p2a: Mr. Mushroom|87\/100\n|move|p2a: Mr. Mushroom|Stomping Tantrum|p1a: \"Ruso\" P\u00e9rez\n|-damage|p1a: \"Ruso\" P\u00e9rez|70\/100\n|\n|upkeep\n|turn|21\n|\n|t:|1701128949\n|move|p1a: \"Ruso\" P\u00e9rez|Stomping Tantrum|p2a: Mr. Mushroom\n|-damage|p2a: Mr. Mushroom|77\/100\n|move|p2a: Mr. Mushroom|Stomping Tantrum|p1a: \"Ruso\" P\u00e9rez\n|-damage|p1a: \"Ruso\" P\u00e9rez|50\/100\n|\n|upkeep\n|turn|22\n|c| grunkleconn|stall ditto\n|\n|t:|1701128953\n|move|p1a: \"Ruso\" P\u00e9rez|Stomping Tantrum|p2a: Mr. Mushroom\n|-damage|p2a: Mr. Mushroom|66\/100\n|move|p2a: Mr. Mushroom|Stomping Tantrum|p1a: \"Ruso\" P\u00e9rez\n|-damage|p1a: \"Ruso\" P\u00e9rez|32\/100\n|\n|upkeep\n|turn|23\n|\n|t:|1701128957\n|move|p1a: \"Ruso\" P\u00e9rez|Stomping Tantrum|p2a: Mr. Mushroom\n|-damage|p2a: Mr. Mushroom|55\/100\n|move|p2a: Mr. Mushroom|Synthesis|p2a: Mr. Mushroom\n|-heal|p2a: Mr. Mushroom|100\/100\n|\n|upkeep\n|turn|24\n|c| woki mit deim koko|now this is gaming\n|c| BoWs1rJr|this is a banger match\n|\n|t:|1701128962\n|switch|p1a: Ar\u00e9valo R\u00edos|Ogerpon-Cornerstone, F|23\/100 tox\n|-activate|p1a: Ar\u00e9valo R\u00edos|move: Sticky Web\n|-unboost|p1a: Ar\u00e9valo R\u00edos|spe|1\n|-damage|p1a: Ar\u00e9valo R\u00edos|11\/100 tox|[from] Spikes\n|move|p2a: Mr. Mushroom|Stomping Tantrum|p1a: Ar\u00e9valo R\u00edos\n|-damage|p1a: Ar\u00e9valo R\u00edos|0 fnt\n|faint|p1a: Ar\u00e9valo R\u00edos\n|\n|upkeep\n|\n|t:|1701128964\n|switch|p1a: \"Ruso\" P\u00e9rez|Ditto|32\/100\n|-activate|p1a: \"Ruso\" P\u00e9rez|move: Sticky Web\n|-unboost|p1a: \"Ruso\" P\u00e9rez|spe|1\n|-damage|p1a: \"Ruso\" P\u00e9rez|20\/100|[from] Spikes\n|-transform|p1a: \"Ruso\" P\u00e9rez|p2a: Mr. Mushroom|[from] ability: Imposter\n|turn|25\n|c| grunkleconn|stomping tantrum amogus?\n|c|\u2606Mr. Kessler|it was for toxicroak lol\n|\n|t:|1701128982\n|move|p1a: \"Ruso\" P\u00e9rez|Synthesis|p1a: \"Ruso\" P\u00e9rez\n|-heal|p1a: \"Ruso\" P\u00e9rez|70\/100\n|move|p2a: Mr. Mushroom|Stomping Tantrum|p1a: \"Ruso\" P\u00e9rez\n|-damage|p1a: \"Ruso\" P\u00e9rez|49\/100\n|\n|upkeep\n|turn|26\n|c| BoWs1rJr|ah\n|\n|t:|1701128986\n|switch|p2a: F*ck it we ball|Fraxure, M, shiny|100\/100\n|-ability|p2a: F*ck it we ball|Mold Breaker\n|move|p1a: \"Ruso\" P\u00e9rez|Synthesis|p1a: \"Ruso\" P\u00e9rez\n|-heal|p1a: \"Ruso\" P\u00e9rez|99\/100\n|\n|upkeep\n|turn|27\n|c| grunkleconn|lmfao\n|\n|t:|1701128993\n|-terastallize|p2a: F*ck it we ball|Bug\n|move|p2a: F*ck it we ball|X-Scissor|p1a: \"Ruso\" P\u00e9rez\n|-damage|p1a: \"Ruso\" P\u00e9rez|19\/100\n|-status|p2a: F*ck it we ball|psn|[from] ability: Effect Spore|[of] p1a: \"Ruso\" P\u00e9rez\n|move|p1a: \"Ruso\" P\u00e9rez|Synthesis|p1a: \"Ruso\" P\u00e9rez\n|-heal|p1a: \"Ruso\" P\u00e9rez|69\/100\n|\n|-damage|p2a: F*ck it we ball|88\/100 psn|[from] psn\n|upkeep\n|turn|28\n|c| BoWs1rJr|frax gaming\n|c|\u2606Mr. Kessler|GRAHHHHHHHHH\n|c| BoWs1rJr|YOOOOOOO\n|\n|t:|1701128999\n|move|p2a: F*ck it we ball|X-Scissor|p1a: \"Ruso\" P\u00e9rez\n|-damage|p1a: \"Ruso\" P\u00e9rez|0 fnt\n|faint|p1a: \"Ruso\" P\u00e9rez\n|\n|win|Mr. Kessler\n|c| grunkleconn|lmfao\n|c| BoWs1rJr|TERA BUG\n|c| YOMI Draco|HEAT\n|c| 4R4CH1S|effect spore amoonguss\n|c|\u2606RamPamPam888|gg\n|l|\u2606RamPamPam888\n|c| YOMI Draco|TERA INSECT\n|c| grunkleconn|gg\n|c|\u2606Mr. Kessler|gg wp ram\n|c| 4R4CH1S|TERA INSECT\n|c| woki mit deim koko|TERA BICHO\n|l| YOMI Draco\n","uploadtime":1701129052,"views":12,"p1id":"rampampam888","p2id":"mrkessler","formatid":"gen9ou","rating":0,"private":0,"password":""}