{"id":"gen9ou-1995530494","p1":"Jpatters1000","p2":"wargle blargle","format":"[Gen 9] OU","log":"|j|\u2606Jpatters1000\n|j|\u2606wargle blargle\n|t:|1700580283\n|gametype|singles\n|player|p1|Jpatters1000|scientist-gen4|1627\n|player|p2|wargle blargle|cynthia|1774\n|teamsize|p1|6\n|teamsize|p2|6\n|gen|9\n|tier|[Gen 9] OU\n|rated|\n|rule|Sleep Clause Mod: Limit one foe put to sleep\n|rule|Species Clause: Limit one of each Pok\u00e9mon\n|rule|OHKO Clause: OHKO moves are banned\n|rule|Evasion Items Clause: Evasion items are banned\n|rule|Evasion Moves Clause: Evasion moves are banned\n|rule|Endless Battle Clause: Forcing endless battles is banned\n|rule|HP Percentage Mod: HP is shown in percentages\n|clearpoke\n|poke|p1|Slowking-Galar, M|\n|poke|p1|Alomomola, F|\n|poke|p1|Jolteon, F|\n|poke|p1|Talonflame, F|\n|poke|p1|Cinderace, M|\n|poke|p1|Hoopa-Unbound|\n|poke|p2|Ogerpon-Wellspring, F|\n|poke|p2|Kingambit, F|\n|poke|p2|Great Tusk|\n|poke|p2|Gholdengo|\n|poke|p2|Ting-Lu|\n|poke|p2|Iron Valiant|\n|teampreview\n|inactive|Battle timer is ON: inactive players will automatically lose when time's up. (requested by wargle blargle)\n|inactive|wargle blargle has 120 seconds left.\n|\n|t:|1700580322\n|start\n|switch|p1a: Cinderace|Cinderace, M|100\/100\n|switch|p2a: Ting-Lu|Ting-Lu|100\/100\n|-ability|p2a: Ting-Lu|Vessel of Ruin\n|turn|1\n|\n|t:|1700580328\n|move|p1a: Cinderace|U-turn|p2a: Ting-Lu\n|-start|p1a: Cinderace|typechange|Bug|[from] ability: Libero\n|-supereffective|p2a: Ting-Lu\n|-damage|p2a: Ting-Lu|62\/100\n|\n|t:|1700580331\n|switch|p1a: Hoopa|Hoopa-Unbound|100\/100|[from] U-turn\n|move|p2a: Ting-Lu|Earthquake|p1a: Hoopa\n|-damage|p1a: Hoopa|46\/100\n|\n|-heal|p2a: Ting-Lu|68\/100|[from] item: Leftovers\n|upkeep\n|turn|2\n|\n|t:|1700580346\n|switch|p2a: Iron Valiant|Iron Valiant|100\/100\n|move|p1a: Hoopa|Focus Blast|p2a: Iron Valiant|[miss]\n|-miss|p1a: Hoopa|p2a: Iron Valiant\n|\n|upkeep\n|turn|3\n|\n|t:|1700580355\n|switch|p1a: Slowking|Slowking-Galar, M|100\/100\n|move|p2a: Iron Valiant|Shadow Ball|p1a: Slowking\n|-supereffective|p1a: Slowking\n|-damage|p1a: Slowking|51\/100\n|\n|upkeep\n|turn|4\n|\n|t:|1700580365\n|-end|p2a: Iron Valiant|Quark Drive|[silent]\n|switch|p2a: Ting-Lu|Ting-Lu|68\/100\n|-ability|p2a: Ting-Lu|Vessel of Ruin\n|move|p1a: Slowking|Chilly Reception|p1a: Slowking\n|-weather|Snow\n|\n|t:|1700580370\n|switch|p1a: Cinderace|Cinderace, M|100\/100|[from] Chilly Reception\n|\n|-weather|Snow|[upkeep]\n|-heal|p2a: Ting-Lu|74\/100|[from] item: Leftovers\n|upkeep\n|turn|5\n|\n|t:|1700580374\n|move|p1a: Cinderace|U-turn|p2a: Ting-Lu\n|-start|p1a: Cinderace|typechange|Bug|[from] ability: Libero\n|-supereffective|p2a: Ting-Lu\n|-damage|p2a: Ting-Lu|34\/100\n|\n|t:|1700580377\n|switch|p1a: Talonflame|Talonflame, F|100\/100|[from] U-turn\n|move|p2a: Ting-Lu|Stealth Rock|p1a: Talonflame\n|-sidestart|p1: Jpatters1000|move: Stealth Rock\n|\n|-weather|Snow|[upkeep]\n|-heal|p2a: Ting-Lu|41\/100|[from] item: Leftovers\n|upkeep\n|turn|6\n|\n|t:|1700580383\n|move|p1a: Talonflame|Hurricane|p2a: Ting-Lu|[miss]\n|-miss|p1a: Talonflame|p2a: Ting-Lu\n|move|p2a: Ting-Lu|Spikes|p1a: Talonflame\n|-sidestart|p1: Jpatters1000|Spikes\n|\n|-weather|Snow|[upkeep]\n|-heal|p2a: Ting-Lu|47\/100|[from] item: Leftovers\n|upkeep\n|turn|7\n|\n|t:|1700580385\n|switch|p2a: Gholdengo|Gholdengo|100\/100\n|move|p1a: Talonflame|Hurricane|p2a: Gholdengo\n|-resisted|p2a: Gholdengo\n|-damage|p2a: Gholdengo|82\/100\n|\n|-weather|Snow|[upkeep]\n|-heal|p2a: Gholdengo|88\/100|[from] item: Leftovers\n|upkeep\n|turn|8\n|\n|t:|1700580390\n|move|p1a: Talonflame|Overheat|p2a: Gholdengo\n|-supereffective|p2a: Gholdengo\n|-damage|p2a: Gholdengo|0 fnt\n|-unboost|p1a: Talonflame|spa|2\n|faint|p2a: Gholdengo\n|\n|-weather|none\n|upkeep\n|\n|t:|1700580396\n|switch|p2a: Ogerpon|Ogerpon-Wellspring, F|100\/100\n|turn|9\n|\n|t:|1700580399\n|move|p1a: Talonflame|Dual Wingbeat|p2a: Ogerpon\n|-supereffective|p2a: Ogerpon\n|-damage|p2a: Ogerpon|68\/100\n|-supereffective|p2a: Ogerpon\n|-damage|p2a: Ogerpon|33\/100\n|-hitcount|p2a: Ogerpon|2\n|move|p2a: Ogerpon|Swords Dance|p2a: Ogerpon\n|-boost|p2a: Ogerpon|atk|2\n|\n|upkeep\n|turn|10\n|\n|t:|1700580406\n|move|p1a: Talonflame|Dual Wingbeat|p2a: Ogerpon\n|-supereffective|p2a: Ogerpon\n|-damage|p2a: Ogerpon|0 fnt\n|faint|p2a: Ogerpon\n|-hitcount|p2: Ogerpon|1\n|\n|upkeep\n|\n|t:|1700580410\n|switch|p2a: Kingambit|Kingambit, F|100\/100\n|-activate|p2a: Kingambit|ability: Supreme Overlord\n|-start|p2a: Kingambit|fallen2|[silent]\n|turn|11\n|\n|t:|1700580414\n|switch|p1a: Alomomola|Alomomola, F|100\/100\n|-damage|p1a: Alomomola|88\/100|[from] Stealth Rock\n|-damage|p1a: Alomomola|76\/100|[from] Spikes\n|move|p2a: Kingambit|Kowtow Cleave|p1a: Alomomola\n|-damage|p1a: Alomomola|45\/100\n|-damage|p2a: Kingambit|84\/100|[from] item: Rocky Helmet|[of] p1a: Alomomola\n|\n|-heal|p2a: Kingambit|90\/100|[from] item: Leftovers\n|upkeep\n|turn|12\n|\n|t:|1700580424\n|move|p2a: Kingambit|Kowtow Cleave|p1a: Alomomola\n|-damage|p1a: Alomomola|13\/100\n|-damage|p2a: Kingambit|74\/100|[from] item: Rocky Helmet|[of] p1a: Alomomola\n|move|p1a: Alomomola|Flip Turn|p2a: Kingambit\n|-damage|p2a: Kingambit|61\/100\n|\n|t:|1700580427\n|switch|p1a: Cinderace|Cinderace, M|100\/100|[from] Flip Turn\n|\n|-heal|p2a: Kingambit|67\/100|[from] item: Leftovers\n|upkeep\n|turn|13\n|\n|t:|1700580432\n|-end|p2a: Kingambit|fallen2|[silent]\n|switch|p2a: Great Tusk|Great Tusk|100\/100\n|move|p1a: Cinderace|Court Change|p1a: Cinderace\n|-start|p1a: Cinderace|typechange|Normal|[from] ability: Libero\n|-swapsideconditions\n|-activate|p1a: Cinderace|move: Court Change\n|\n|upkeep\n|turn|14\n|\n|t:|1700580442\n|switch|p1a: Alomomola|Alomomola, F|46\/100\n|move|p2a: Great Tusk|Rapid Spin|p1a: Alomomola\n|-damage|p1a: Alomomola|38\/100\n|-boost|p2a: Great Tusk|spe|1\n|-damage|p2a: Great Tusk|84\/100|[from] item: Rocky Helmet|[of] p1a: Alomomola\n|-sideend|p2: wargle blargle|Spikes|[from] move: Rapid Spin|[of] p2a: Great Tusk\n|-sideend|p2: wargle blargle|Stealth Rock|[from] move: Rapid Spin|[of] p2a: Great Tusk\n|\n|-heal|p2a: Great Tusk|90\/100|[from] item: Leftovers\n|upkeep\n|turn|15\n|\n|t:|1700580445\n|move|p2a: Great Tusk|Knock Off|p1a: Alomomola\n|-damage|p1a: Alomomola|22\/100\n|-damage|p2a: Great Tusk|74\/100|[from] item: Rocky Helmet|[of] p1a: Alomomola\n|-enditem|p1a: Alomomola|Rocky Helmet|[from] move: Knock Off|[of] p2a: Great Tusk\n|move|p1a: Alomomola|Flip Turn|p2a: Great Tusk\n|-supereffective|p2a: Great Tusk\n|-damage|p2a: Great Tusk|56\/100\n|\n|t:|1700580456\n|switch|p1a: Talonflame|Talonflame, F|100\/100|[from] Flip Turn\n|\n|-heal|p2a: Great Tusk|62\/100|[from] item: Leftovers\n|upkeep\n|turn|16\n|\n|t:|1700580458\n|move|p1a: Talonflame|Hurricane|p2a: Great Tusk|[miss]\n|-miss|p1a: Talonflame|p2a: Great Tusk\n|move|p2a: Great Tusk|Knock Off|p1a: Talonflame\n|-damage|p1a: Talonflame|56\/100\n|-enditem|p1a: Talonflame|Heavy-Duty Boots|[from] move: Knock Off|[of] p2a: Great Tusk\n|\n|-heal|p2a: Great Tusk|68\/100|[from] item: Leftovers\n|upkeep\n|turn|17\n|\n|t:|1700580462\n|-end|p2a: Great Tusk|Protosynthesis|[silent]\n|switch|p2a: Ting-Lu|Ting-Lu|47\/100\n|-ability|p2a: Ting-Lu|Vessel of Ruin\n|move|p1a: Talonflame|Overheat|p2a: Ting-Lu\n|-damage|p2a: Ting-Lu|26\/100\n|-unboost|p1a: Talonflame|spa|2\n|\n|-heal|p2a: Ting-Lu|32\/100|[from] item: Leftovers\n|upkeep\n|turn|18\n|\n|t:|1700580468\n|move|p1a: Talonflame|Roost|p1a: Talonflame\n|-heal|p1a: Talonflame|100\/100\n|-singleturn|p1a: Talonflame|move: Roost\n|move|p2a: Ting-Lu|Stealth Rock|p1a: Talonflame\n|-sidestart|p1: Jpatters1000|move: Stealth Rock\n|\n|-heal|p2a: Ting-Lu|38\/100|[from] item: Leftovers\n|upkeep\n|turn|19\n|\n|t:|1700580475\n|switch|p1a: Cinderace|Cinderace, M|100\/100\n|move|p2a: Ting-Lu|Whirlwind|p1a: Cinderace\n|drag|p1a: Talonflame|Talonflame, F|100\/100\n|-damage|p1a: Talonflame|51\/100|[from] Stealth Rock\n|\n|-heal|p2a: Ting-Lu|44\/100|[from] item: Leftovers\n|upkeep\n|turn|20\n|\n|t:|1700580481\n|move|p1a: Talonflame|Roost|p1a: Talonflame\n|-heal|p1a: Talonflame|100\/100\n|-singleturn|p1a: Talonflame|move: Roost\n|move|p2a: Ting-Lu|Earthquake|p1a: Talonflame\n|-supereffective|p1a: Talonflame\n|-damage|p1a: Talonflame|0 fnt\n|faint|p1a: Talonflame\n|\n|-heal|p2a: Ting-Lu|51\/100|[from] item: Leftovers\n|upkeep\n|\n|t:|1700580500\n|switch|p1a: Cinderace|Cinderace, M|100\/100\n|turn|21\n|\n|t:|1700580504\n|move|p1a: Cinderace|U-turn|p2a: Ting-Lu\n|-start|p1a: Cinderace|typechange|Bug|[from] ability: Libero\n|-supereffective|p2a: Ting-Lu\n|-damage|p2a: Ting-Lu|15\/100\n|\n|t:|1700580507\n|switch|p1a: Alomomola|Alomomola, F|56\/100|[from] U-turn\n|-damage|p1a: Alomomola|43\/100|[from] Stealth Rock\n|move|p2a: Ting-Lu|Earthquake|p1a: Alomomola\n|-damage|p1a: Alomomola|22\/100\n|\n|-heal|p2a: Ting-Lu|22\/100|[from] item: Leftovers\n|upkeep\n|turn|22\n|\n|t:|1700580525\n|move|p1a: Alomomola|Flip Turn|p2a: Ting-Lu\n|-supereffective|p2a: Ting-Lu\n|-damage|p2a: Ting-Lu|4\/100\n|\n|t:|1700580542\n|switch|p1a: Cinderace|Cinderace, M|100\/100|[from] Flip Turn\n|move|p2a: Ting-Lu|Earthquake|p1a: Cinderace\n|-supereffective|p1a: Cinderace\n|-damage|p1a: Cinderace|0 fnt\n|faint|p1a: Cinderace\n|\n|-heal|p2a: Ting-Lu|10\/100|[from] item: Leftovers\n|upkeep\n|inactive|Jpatters1000 has 120 seconds left.\n|\n|t:|1700580557\n|switch|p1a: Hoopa|Hoopa-Unbound|46\/100\n|-damage|p1a: Hoopa|34\/100|[from] Stealth Rock\n|turn|23\n|\n|t:|1700580572\n|switch|p2a: Iron Valiant|Iron Valiant|100\/100\n|move|p1a: Hoopa|Dark Pulse|p2a: Iron Valiant\n|-resisted|p2a: Iron Valiant\n|-damage|p2a: Iron Valiant|64\/100\n|\n|upkeep\n|turn|24\n|\n|t:|1700580578\n|switch|p1a: Jolteon|Jolteon, F|100\/100\n|-damage|p1a: Jolteon|88\/100|[from] Stealth Rock\n|move|p2a: Iron Valiant|Shadow Ball|p1a: Jolteon\n|-damage|p1a: Jolteon|41\/100\n|\n|-status|p1a: Jolteon|brn|[from] item: Flame Orb\n|upkeep\n|turn|25\n|\n|t:|1700580585\n|-end|p2a: Iron Valiant|Quark Drive|[silent]\n|switch|p2a: Great Tusk|Great Tusk|68\/100\n|move|p1a: Jolteon|Thunderbolt|p2a: Great Tusk\n|-immune|p2a: Great Tusk\n|\n|-heal|p2a: Great Tusk|74\/100|[from] item: Leftovers\n|-damage|p1a: Jolteon|35\/100 brn|[from] brn\n|upkeep\n|turn|26\n|\n|t:|1700580594\n|-terastallize|p1a: Jolteon|Ice\n|move|p1a: Jolteon|Tera Blast|p2a: Great Tusk|[anim] Tera Blast Ice\n|-supereffective|p2a: Great Tusk\n|-damage|p2a: Great Tusk|0 fnt\n|faint|p2a: Great Tusk\n|-end|p2a: Great Tusk|Protosynthesis|[silent]\n|\n|-damage|p1a: Jolteon|29\/100 brn|[from] brn\n|upkeep\n|\n|t:|1700580598\n|switch|p2a: Kingambit|Kingambit, F|67\/100\n|-activate|p2a: Kingambit|ability: Supreme Overlord\n|-start|p2a: Kingambit|fallen3|[silent]\n|turn|27\n|\n|t:|1700580606\n|move|p2a: Kingambit|Sucker Punch||[still]\n|-fail|p2a: Kingambit\n|move|p1a: Jolteon|Yawn|p2a: Kingambit\n|-start|p2a: Kingambit|move: Yawn|[of] p1a: Jolteon\n|\n|-heal|p2a: Kingambit|73\/100|[from] item: Leftovers\n|-damage|p1a: Jolteon|23\/100 brn|[from] brn\n|upkeep\n|turn|28\n|\n|t:|1700580610\n|-end|p2a: Kingambit|fallen3|[silent]\n|switch|p2a: Ting-Lu|Ting-Lu|10\/100\n|-ability|p2a: Ting-Lu|Vessel of Ruin\n|move|p1a: Jolteon|Tera Blast|p2a: Ting-Lu|[anim] Tera Blast Ice\n|-supereffective|p2a: Ting-Lu\n|-damage|p2a: Ting-Lu|0 fnt\n|faint|p2a: Ting-Lu\n|\n|-damage|p1a: Jolteon|17\/100 brn|[from] brn\n|upkeep\n|\n|t:|1700580616\n|switch|p2a: Kingambit|Kingambit, F|73\/100\n|-activate|p2a: Kingambit|ability: Supreme Overlord\n|-start|p2a: Kingambit|fallen4|[silent]\n|turn|29\n|\n|t:|1700580643\n|move|p2a: Kingambit|Sucker Punch|p1a: Jolteon\n|-damage|p1a: Jolteon|0 fnt\n|faint|p1a: Jolteon\n|\n|-heal|p2a: Kingambit|79\/100|[from] item: Leftovers\n|upkeep\n|inactive|Jpatters1000 has 120 seconds left.\n|\n|t:|1700580654\n|switch|p1a: Alomomola|Alomomola, F|55\/100\n|-damage|p1a: Alomomola|43\/100|[from] Stealth Rock\n|turn|30\n|\n|t:|1700580661\n|move|p2a: Kingambit|Swords Dance|p2a: Kingambit\n|-boost|p2a: Kingambit|atk|2\n|move|p1a: Alomomola|Flip Turn|p2a: Kingambit\n|-damage|p2a: Kingambit|67\/100\n|inactive|Jpatters1000 has 120 seconds left.\n|\n|t:|1700580677\n|switch|p1a: Slowking|Slowking-Galar, M|84\/100|[from] Flip Turn\n|-damage|p1a: Slowking|72\/100|[from] Stealth Rock\n|\n|-heal|p2a: Kingambit|73\/100|[from] item: Leftovers\n|upkeep\n|turn|31\n|\n|t:|1700580679\n|move|p2a: Kingambit|Kowtow Cleave|p1a: Slowking\n|-supereffective|p1a: Slowking\n|-enditem|p1a: Slowking|Colbur Berry|[eat]\n|-enditem|p1a: Slowking|Colbur Berry|[weaken]\n|-damage|p1a: Slowking|0 fnt\n|faint|p1a: Slowking\n|\n|-heal|p2a: Kingambit|79\/100|[from] item: Leftovers\n|upkeep\n|-message|Jpatters1000 forfeited.\n|\n|win|wargle blargle\n|raw|Jpatters1000's rating: 1627 &rarr; <strong>1615<\/strong><br \/>(-12 for losing)\n|raw|wargle blargle's rating: 1774 &rarr; <strong>1786<\/strong><br \/>(+12 for winning)\n|l|\u2606Jpatters1000\n","uploadtime":1700580701,"views":13,"p1id":"jpatters1000","p2id":"wargleblargle","formatid":"gen9ou","rating":1615,"private":0,"password":""}