{"id":"gen9ou-1997048489","p1":"teszting","p2":"chewisgloo","format":"[Gen 9] OU","log":"|j|\u2606teszting\n|j|\u2606chewisgloo\n|t:|1700759310\n|gametype|singles\n|player|p1|teszting|acetrainersnowf|1644\n|player|p2|chewisgloo|jasmine|1695\n|teamsize|p1|6\n|teamsize|p2|6\n|gen|9\n|tier|[Gen 9] OU\n|rated|\n|rule|Sleep Clause Mod: Limit one foe put to sleep\n|rule|Species Clause: Limit one of each Pok\u00e9mon\n|rule|OHKO Clause: OHKO moves are banned\n|rule|Evasion Items Clause: Evasion items are banned\n|rule|Evasion Moves Clause: Evasion moves are banned\n|rule|Endless Battle Clause: Forcing endless battles is banned\n|rule|HP Percentage Mod: HP is shown in percentages\n|clearpoke\n|poke|p1|Great Tusk|\n|poke|p1|Tornadus-Therian, M|\n|poke|p1|Heatran, F|\n|poke|p1|Iron Valiant|\n|poke|p1|Toxapex, M|\n|poke|p1|Samurott-Hisui, F|\n|poke|p2|Landorus-Therian, M|\n|poke|p2|Dragapult, M|\n|poke|p2|Kingambit, M|\n|poke|p2|Ting-Lu|\n|poke|p2|Glimmora, F|\n|poke|p2|Gholdengo|\n|teampreview\n|inactive|Battle timer is ON: inactive players will automatically lose when time's up. (requested by chewisgloo)\n|\n|t:|1700759325\n|start\n|switch|p1a: Tornadus|Tornadus-Therian, M|100\/100\n|switch|p2a: Glimmora|Glimmora, F|100\/100\n|turn|1\n|\n|t:|1700759327\n|move|p1a: Tornadus|Knock Off|p2a: Glimmora\n|-damage|p2a: Glimmora|76\/100\n|-activate|p2a: Glimmora|ability: Toxic Debris\n|-sidestart|p1: teszting|move: Toxic Spikes\n|-enditem|p2a: Glimmora|Focus Sash|[from] move: Knock Off|[of] p1a: Tornadus\n|move|p2a: Glimmora|Stealth Rock|p1a: Tornadus\n|-sidestart|p1: teszting|move: Stealth Rock\n|\n|upkeep\n|turn|2\n|\n|t:|1700759331\n|move|p1a: Tornadus|U-turn|p2a: Glimmora\n|-resisted|p2a: Glimmora\n|-damage|p2a: Glimmora|68\/100\n|-activate|p2a: Glimmora|ability: Toxic Debris\n|-sidestart|p1: teszting|move: Toxic Spikes\n|\n|t:|1700759333\n|switch|p1a: Toxapex|Toxapex, M|100\/100|[from] U-turn\n|-sideend|p1: teszting|move: Toxic Spikes|[of] p1a: Toxapex\n|-damage|p1a: Toxapex|88\/100|[from] Stealth Rock\n|move|p2a: Glimmora|Mortal Spin|p1a: Toxapex\n|-resisted|p1a: Toxapex\n|-damage|p1a: Toxapex|86\/100\n|\n|-heal|p1a: Toxapex|92\/100|[from] item: Leftovers\n|upkeep\n|turn|3\n|\n|t:|1700759340\n|move|p2a: Glimmora|Earth Power|p1a: Toxapex\n|-supereffective|p1a: Toxapex\n|-damage|p1a: Toxapex|48\/100\n|move|p1a: Toxapex|Surf|p2a: Glimmora\n|-supereffective|p2a: Glimmora\n|-damage|p2a: Glimmora|13\/100\n|\n|-heal|p1a: Toxapex|54\/100|[from] item: Leftovers\n|upkeep\n|turn|4\n|\n|t:|1700759345\n|switch|p1a: Tornadus|Tornadus-Therian, M|100\/100\n|-damage|p1a: Tornadus|75\/100|[from] Stealth Rock\n|move|p2a: Glimmora|Earth Power|p1a: Tornadus\n|-immune|p1a: Tornadus\n|\n|upkeep\n|turn|5\n|\n|t:|1700759359\n|move|p1a: Tornadus|Bleakwind Storm|p2a: Glimmora\n|-resisted|p2a: Glimmora\n|-damage|p2a: Glimmora|0 fnt\n|faint|p2a: Glimmora\n|\n|upkeep\n|\n|t:|1700759371\n|switch|p2a: Ting-Lu|Ting-Lu|100\/100\n|-ability|p2a: Ting-Lu|Vessel of Ruin\n|turn|6\n|\n|t:|1700759376\n|move|p1a: Tornadus|Knock Off|p2a: Ting-Lu\n|-resisted|p2a: Ting-Lu\n|-damage|p2a: Ting-Lu|96\/100\n|-enditem|p2a: Ting-Lu|Leftovers|[from] move: Knock Off|[of] p1a: Tornadus\n|move|p2a: Ting-Lu|Spikes|p1a: Tornadus\n|-sidestart|p1: teszting|Spikes\n|\n|upkeep\n|turn|7\n|\n|t:|1700759386\n|move|p1a: Tornadus|Bleakwind Storm|p2a: Ting-Lu\n|-damage|p2a: Ting-Lu|73\/100\n|move|p2a: Ting-Lu|Ruination|p1a: Tornadus\n|-damage|p1a: Tornadus|38\/100\n|\n|upkeep\n|turn|8\n|\n|t:|1700759395\n|move|p1a: Tornadus|U-turn|p2a: Ting-Lu\n|-supereffective|p2a: Ting-Lu\n|-damage|p2a: Ting-Lu|61\/100\n|\n|t:|1700759402\n|switch|p1a: Samurott|Samurott-Hisui, F|100\/100|[from] U-turn\n|move|p2a: Ting-Lu|Whirlwind|p1a: Samurott\n|drag|p1a: Heatran|Heatran, F|100\/100\n|-damage|p1a: Heatran|88\/100|[from] Stealth Rock\n|-damage|p1a: Heatran|76\/100|[from] Spikes\n|\n|-heal|p1a: Heatran|82\/100|[from] item: Leftovers\n|upkeep\n|turn|9\n|\n|t:|1700759410\n|move|p1a: Heatran|Protect|p1a: Heatran\n|-singleturn|p1a: Heatran|Protect\n|move|p2a: Ting-Lu|Earthquake|p1a: Heatran\n|-activate|p1a: Heatran|move: Protect\n|\n|-heal|p1a: Heatran|88\/100|[from] item: Leftovers\n|upkeep\n|turn|10\n|\n|t:|1700759416\n|switch|p1a: Tornadus|Tornadus-Therian, M|71\/100\n|-damage|p1a: Tornadus|46\/100|[from] Stealth Rock\n|move|p2a: Ting-Lu|Ruination|p1a: Tornadus\n|-damage|p1a: Tornadus|24\/100\n|\n|upkeep\n|turn|11\n|\n|t:|1700759425\n|switch|p2a: Landorus|Landorus-Therian, M|100\/100\n|-ability|p2a: Landorus|Intimidate|boost\n|-unboost|p1a: Tornadus|atk|1\n|move|p1a: Tornadus|Bleakwind Storm|p2a: Landorus\n|-damage|p2a: Landorus|52\/100\n|-unboost|p2a: Landorus|spe|1\n|\n|upkeep\n|turn|12\n|\n|t:|1700759440\n|switch|p1a: Great Tusk|Great Tusk|100\/100\n|-damage|p1a: Great Tusk|98\/100|[from] Stealth Rock\n|-damage|p1a: Great Tusk|85\/100|[from] Spikes\n|move|p2a: Landorus|Stone Edge|p1a: Great Tusk\n|-resisted|p1a: Great Tusk\n|-damage|p1a: Great Tusk|81\/100\n|\n|-heal|p1a: Great Tusk|87\/100|[from] item: Leftovers\n|upkeep\n|turn|13\n|\n|t:|1700759460\n|move|p1a: Great Tusk|Stealth Rock|p2a: Landorus\n|-sidestart|p2: chewisgloo|move: Stealth Rock\n|move|p2a: Landorus|Earthquake|p1a: Great Tusk\n|-damage|p1a: Great Tusk|60\/100\n|\n|-heal|p1a: Great Tusk|66\/100|[from] item: Leftovers\n|upkeep\n|turn|14\n|\n|t:|1700759472\n|switch|p2a: Gholdengo|Gholdengo|100\/100\n|-damage|p2a: Gholdengo|94\/100|[from] Stealth Rock\n|-item|p2a: Gholdengo|Air Balloon\n|move|p1a: Great Tusk|Ice Spinner|p2a: Gholdengo\n|-resisted|p2a: Gholdengo\n|-damage|p2a: Gholdengo|87\/100\n|-enditem|p2a: Gholdengo|Air Balloon\n|\n|-heal|p1a: Great Tusk|72\/100|[from] item: Leftovers\n|upkeep\n|turn|15\n|j| TeamTest3547\n|\n|t:|1700759485\n|-end|p1a: Great Tusk|Protosynthesis|[silent]\n|switch|p1a: Heatran|Heatran, F|88\/100\n|-damage|p1a: Heatran|76\/100|[from] Stealth Rock\n|-damage|p1a: Heatran|63\/100|[from] Spikes\n|move|p2a: Gholdengo|Make It Rain|p1a: Heatran\n|-resisted|p1a: Heatran\n|-damage|p1a: Heatran|55\/100\n|-unboost|p2a: Gholdengo|spa|1\n|\n|-heal|p1a: Heatran|61\/100|[from] item: Leftovers\n|upkeep\n|turn|16\n|j| williamkng123\n|\n|t:|1700759495\n|switch|p2a: Ting-Lu|Ting-Lu|61\/100\n|-damage|p2a: Ting-Lu|54\/100|[from] Stealth Rock\n|-ability|p2a: Ting-Lu|Vessel of Ruin\n|move|p1a: Heatran|Magma Storm|p2a: Ting-Lu\n|-damage|p2a: Ting-Lu|28\/100\n|-activate|p2a: Ting-Lu|move: Magma Storm|[of] p1a: Heatran\n|\n|-heal|p1a: Heatran|67\/100|[from] item: Leftovers\n|-damage|p2a: Ting-Lu|15\/100|[from] move: Magma Storm|[partiallytrapped]\n|upkeep\n|turn|17\n|j| andresmao\n|\n|t:|1700759503\n|move|p1a: Heatran|Magma Storm|p2a: Ting-Lu\n|-damage|p2a: Ting-Lu|0 fnt\n|faint|p2a: Ting-Lu\n|\n|-heal|p1a: Heatran|74\/100|[from] item: Leftovers\n|upkeep\n|\n|t:|1700759508\n|switch|p2a: Landorus|Landorus-Therian, M|52\/100\n|-damage|p2a: Landorus|39\/100|[from] Stealth Rock\n|-ability|p2a: Landorus|Intimidate|boost\n|-unboost|p1a: Heatran|atk|1\n|turn|18\n|\n|t:|1700759518\n|move|p1a: Heatran|Protect|p1a: Heatran\n|-singleturn|p1a: Heatran|Protect\n|move|p2a: Landorus|Stone Edge|p1a: Heatran\n|-activate|p1a: Heatran|move: Protect\n|\n|-heal|p1a: Heatran|80\/100|[from] item: Leftovers\n|upkeep\n|turn|19\n|\n|t:|1700759524\n|switch|p1a: Great Tusk|Great Tusk|72\/100\n|-damage|p1a: Great Tusk|69\/100|[from] Stealth Rock\n|-damage|p1a: Great Tusk|57\/100|[from] Spikes\n|move|p2a: Landorus|Earthquake|p1a: Great Tusk\n|-damage|p1a: Great Tusk|31\/100\n|\n|-heal|p1a: Great Tusk|37\/100|[from] item: Leftovers\n|upkeep\n|turn|20\n|\n|t:|1700759532\n|move|p2a: Landorus|Earthquake|p1a: Great Tusk\n|-damage|p1a: Great Tusk|10\/100\n|move|p1a: Great Tusk|Ice Spinner|p2a: Landorus\n|-supereffective|p2a: Landorus\n|-damage|p2a: Landorus|0 fnt\n|-damage|p1a: Great Tusk|0 fnt|[from] item: Rocky Helmet|[of] p2a: Landorus\n|faint|p2a: Landorus\n|faint|p1a: Great Tusk\n|-end|p1a: Great Tusk|Protosynthesis|[silent]\n|\n|upkeep\n|\n|t:|1700759552\n|switch|p2a: Dragapult|Dragapult, M|100\/100\n|switch|p1a: Heatran|Heatran, F|80\/100\n|-damage|p2a: Dragapult|88\/100|[from] Stealth Rock\n|-damage|p1a: Heatran|67\/100|[from] Stealth Rock\n|-damage|p1a: Heatran|55\/100|[from] Spikes\n|turn|21\n|\n|t:|1700759556\n|-terastallize|p2a: Dragapult|Ghost\n|move|p2a: Dragapult|Shadow Ball|p1a: Heatran\n|-damage|p1a: Heatran|8\/100\n|move|p1a: Heatran|Magma Storm|p2a: Dragapult|[miss]\n|-miss|p1a: Heatran|p2a: Dragapult\n|\n|-heal|p1a: Heatran|14\/100|[from] item: Leftovers\n|upkeep\n|turn|22\n|\n|t:|1700759564\n|move|p2a: Dragapult|Shadow Ball|p1a: Heatran\n|-damage|p1a: Heatran|0 fnt\n|faint|p1a: Heatran\n|\n|upkeep\n|\n|t:|1700759566\n|switch|p1a: Samurott|Samurott-Hisui, F|100\/100\n|turn|23\n|\n|t:|1700759571\n|switch|p2a: Kingambit|Kingambit, M|100\/100\n|-damage|p2a: Kingambit|94\/100|[from] Stealth Rock\n|-activate|p2a: Kingambit|ability: Supreme Overlord\n|-start|p2a: Kingambit|fallen3|[silent]\n|move|p1a: Samurott|Ceaseless Edge|p2a: Kingambit\n|-resisted|p2a: Kingambit\n|-damage|p2a: Kingambit|74\/100\n|-sidestart|p2: chewisgloo|Spikes\n|\n|-heal|p2a: Kingambit|80\/100|[from] item: Leftovers\n|upkeep\n|turn|24\n|\n|t:|1700759586\n|move|p1a: Samurott|Razor Shell|p2a: Kingambit\n|-damage|p2a: Kingambit|36\/100\n|-unboost|p2a: Kingambit|def|1\n|move|p2a: Kingambit|Low Kick|p1a: Samurott\n|-supereffective|p1a: Samurott\n|-damage|p1a: Samurott|12\/100\n|\n|-heal|p2a: Kingambit|42\/100|[from] item: Leftovers\n|upkeep\n|turn|25\n|\n|t:|1700759593\n|switch|p1a: Iron Valiant|Iron Valiant|100\/100\n|move|p2a: Kingambit|Sucker Punch||[still]\n|-fail|p2a: Kingambit\n|\n|-heal|p2a: Kingambit|48\/100|[from] item: Leftovers\n|upkeep\n|turn|26\n|\n|t:|1700759598\n|-end|p2a: Kingambit|fallen3|[silent]\n|switch|p2a: Gholdengo|Gholdengo|87\/100\n|-damage|p2a: Gholdengo|81\/100|[from] Stealth Rock\n|-damage|p2a: Gholdengo|69\/100|[from] Spikes\n|move|p1a: Iron Valiant|Moonblast|p2a: Gholdengo\n|-resisted|p2a: Gholdengo\n|-crit|p2a: Gholdengo\n|-damage|p2a: Gholdengo|35\/100\n|\n|upkeep\n|turn|27\n|\n|t:|1700759602\n|move|p1a: Iron Valiant|Knock Off|p2a: Gholdengo\n|-supereffective|p2a: Gholdengo\n|-damage|p2a: Gholdengo|8\/100\n|move|p2a: Gholdengo|Recover|p2a: Gholdengo\n|-heal|p2a: Gholdengo|58\/100\n|\n|upkeep\n|turn|28\n|\n|t:|1700759607\n|-end|p1a: Iron Valiant|Quark Drive|[silent]\n|switch|p1a: Tornadus|Tornadus-Therian, M|57\/100\n|-damage|p1a: Tornadus|32\/100|[from] Stealth Rock\n|move|p2a: Gholdengo|Recover|p2a: Gholdengo\n|-heal|p2a: Gholdengo|100\/100\n|\n|upkeep\n|turn|29\n|\n|t:|1700759619\n|move|p1a: Tornadus|Heat Wave|p2a: Gholdengo\n|-supereffective|p2a: Gholdengo\n|-damage|p2a: Gholdengo|55\/100\n|move|p2a: Gholdengo|Make It Rain|p1a: Tornadus\n|-damage|p1a: Tornadus|0 fnt\n|-unboost|p2a: Gholdengo|spa|1\n|faint|p1a: Tornadus\n|\n|upkeep\n|\n|t:|1700759622\n|switch|p1a: Samurott|Samurott-Hisui, F|12\/100\n|turn|30\n|\n|t:|1700759642\n|switch|p2a: Kingambit|Kingambit, M|48\/100\n|-damage|p2a: Kingambit|42\/100|[from] Stealth Rock\n|-damage|p2a: Kingambit|30\/100|[from] Spikes\n|-activate|p2a: Kingambit|ability: Supreme Overlord\n|-start|p2a: Kingambit|fallen3|[silent]\n|move|p1a: Samurott|Ceaseless Edge|p2a: Kingambit\n|-resisted|p2a: Kingambit\n|-damage|p2a: Kingambit|10\/100\n|-sidestart|p2: chewisgloo|Spikes\n|\n|-heal|p2a: Kingambit|17\/100|[from] item: Leftovers\n|upkeep\n|turn|31\n|\n|t:|1700759659\n|switch|p1a: Iron Valiant|Iron Valiant|100\/100\n|move|p2a: Kingambit|Sucker Punch||[still]\n|-fail|p2a: Kingambit\n|\n|-heal|p2a: Kingambit|23\/100|[from] item: Leftovers\n|upkeep\n|turn|32\n|\n|t:|1700759664\n|move|p2a: Kingambit|Sucker Punch|p1a: Iron Valiant\n|-resisted|p1a: Iron Valiant\n|-damage|p1a: Iron Valiant|85\/100\n|move|p1a: Iron Valiant|Moonblast|p2a: Kingambit\n|-crit|p2a: Kingambit\n|-damage|p2a: Kingambit|0 fnt\n|faint|p2a: Kingambit\n|-end|p2a: Kingambit|fallen3|[silent]\n|\n|upkeep\n|inactive|chewisgloo has 120 seconds left.\n|\n|t:|1700759688\n|switch|p2a: Dragapult|Dragapult, M, tera:Ghost|88\/100\n|-damage|p2a: Dragapult|76\/100|[from] Stealth Rock\n|-damage|p2a: Dragapult|59\/100|[from] Spikes\n|turn|33\n|l| TeamTest3547\n|j| TeamTest3547\n|\n|t:|1700759715\n|-end|p1a: Iron Valiant|Quark Drive|[silent]\n|switch|p1a: Toxapex|Toxapex, M|87\/100\n|-damage|p1a: Toxapex|75\/100|[from] Stealth Rock\n|-damage|p1a: Toxapex|62\/100|[from] Spikes\n|move|p2a: Dragapult|Shadow Ball|p1a: Toxapex\n|-damage|p1a: Toxapex|8\/100\n|\n|-heal|p1a: Toxapex|14\/100|[from] item: Leftovers\n|upkeep\n|turn|34\n|\n|t:|1700759722\n|move|p2a: Dragapult|Shadow Ball|p1a: Toxapex\n|-damage|p1a: Toxapex|0 fnt\n|faint|p1a: Toxapex\n|\n|upkeep\n|\n|t:|1700759724\n|switch|p1a: Samurott|Samurott-Hisui, F|12\/100\n|turn|35\n|\n|t:|1700759727\n|move|p1a: Samurott|Sucker Punch|p2a: Dragapult\n|-supereffective|p2a: Dragapult\n|-damage|p2a: Dragapult|0 fnt\n|faint|p2a: Dragapult\n|\n|upkeep\n|\n|t:|1700759729\n|switch|p2a: Gholdengo|Gholdengo|55\/100\n|-damage|p2a: Gholdengo|49\/100|[from] Stealth Rock\n|-damage|p2a: Gholdengo|32\/100|[from] Spikes\n|turn|36\n|\n|t:|1700759733\n|move|p1a: Samurott|Razor Shell|p2a: Gholdengo\n|-damage|p2a: Gholdengo|0 fnt\n|faint|p2a: Gholdengo\n|\n|win|teszting\n|raw|teszting's rating: 1644 &rarr; <strong>1667<\/strong><br \/>(+23 for winning)\n|raw|chewisgloo's rating: 1695 &rarr; <strong>1672<\/strong><br \/>(-23 for losing)\n|l|\u2606chewisgloo\n|l| williamkng123\n|l| andresmao\n|l| TeamTest3547\n","uploadtime":1700759887,"views":5,"p1id":"teszting","p2id":"chewisgloo","formatid":"gen9ou","rating":1667,"private":0,"password":""}