{"id":"gen9ou-1992023082","p1":"grass knot zygarde","p2":"Xy1n","format":"[Gen 9] OU","log":"|j|\u2606grass knot zygarde\n|j|\u2606Xy1n\n|t:|1700148567\n|gametype|singles\n|player|p1|grass knot zygarde|dawn|\n|player|p2|Xy1n|marlon|\n|teamsize|p1|6\n|teamsize|p2|6\n|gen|9\n|tier|[Gen 9] OU\n|rule|Sleep Clause Mod: Limit one foe put to sleep\n|rule|Species Clause: Limit one of each Pok\u00e9mon\n|rule|OHKO Clause: OHKO moves are banned\n|rule|Evasion Items Clause: Evasion items are banned\n|rule|Evasion Moves Clause: Evasion moves are banned\n|rule|Endless Battle Clause: Forcing endless battles is banned\n|rule|HP Percentage Mod: HP is shown in percentages\n|clearpoke\n|poke|p1|Ting-Lu|\n|poke|p1|Gholdengo|\n|poke|p1|Toxapex, F|\n|poke|p1|Dragonite, M|\n|poke|p1|Iron Valiant|\n|poke|p1|Great Tusk|\n|poke|p2|Gholdengo|\n|poke|p2|Tyranitar, M|\n|poke|p2|Quaquaval, M|\n|poke|p2|Amoonguss, M|\n|poke|p2|Iron Treads|\n|poke|p2|Iron Valiant|\n|teampreview\n|inactive|Battle timer is ON: inactive players will automatically lose when time's up. (requested by grass knot zygarde)\n|c|\u2606grass knot zygarde|this team is sigma\n|inactive|grass knot zygarde has 270 seconds left.\n|\n|t:|1700148601\n|start\n|switch|p1a: Iron Valiant|Iron Valiant, shiny|100\/100\n|switch|p2a: Quaquaval|Quaquaval, M|100\/100\n|turn|1\n|inactive|Xy1n has 270 seconds left.\n|\n|t:|1700148647\n|switch|p2a: Amoonguss|Amoonguss, M|100\/100\n|move|p1a: Iron Valiant|Moonblast|p2a: Amoonguss\n|-resisted|p2a: Amoonguss\n|-damage|p2a: Amoonguss|65\/100\n|\n|-heal|p2a: Amoonguss|71\/100|[from] item: Black Sludge\n|upkeep\n|turn|2\n|\n|t:|1700148653\n|-end|p1a: Iron Valiant|Quark Drive|[silent]\n|switch|p1a: Gholdengo|Gholdengo, shiny|100\/100\n|move|p2a: Amoonguss|Sludge Bomb|p1a: Gholdengo\n|-immune|p1a: Gholdengo\n|\n|-heal|p2a: Amoonguss|77\/100|[from] item: Black Sludge\n|upkeep\n|turn|3\n|inactive|Xy1n has 270 seconds left.\n|\n|t:|1700148672\n|switch|p2a: Iron Treads|Iron Treads|100\/100\n|move|p1a: Gholdengo|Make It Rain|p2a: Iron Treads\n|-resisted|p2a: Iron Treads\n|-damage|p2a: Iron Treads|68\/100\n|-unboost|p1a: Gholdengo|spa|1\n|\n|-heal|p2a: Iron Treads|75\/100|[from] item: Leftovers\n|upkeep\n|turn|4\n|inactive|Xy1n has 240 seconds left.\n|\n|t:|1700148716\n|switch|p1a: Great Tusk|Great Tusk, shiny|100\/100\n|-enditem|p1a: Great Tusk|Booster Energy\n|-activate|p1a: Great Tusk|ability: Protosynthesis|[fromitem]\n|-start|p1a: Great Tusk|protosynthesisspe\n|move|p2a: Iron Treads|Heavy Slam|p1a: Great Tusk\n|-damage|p1a: Great Tusk|91\/100\n|\n|-heal|p2a: Iron Treads|81\/100|[from] item: Leftovers\n|upkeep\n|turn|5\n|\n|t:|1700148729\n|move|p1a: Great Tusk|Bulk Up|p1a: Great Tusk\n|-boost|p1a: Great Tusk|atk|1\n|-boost|p1a: Great Tusk|def|1\n|move|p2a: Iron Treads|Earthquake|p1a: Great Tusk\n|-damage|p1a: Great Tusk|75\/100\n|\n|-heal|p2a: Iron Treads|87\/100|[from] item: Leftovers\n|upkeep\n|turn|6\n|\n|t:|1700148733\n|move|p1a: Great Tusk|Rapid Spin|p2a: Iron Treads\n|-resisted|p2a: Iron Treads\n|-damage|p2a: Iron Treads|81\/100\n|-boost|p1a: Great Tusk|spe|1\n|move|p2a: Iron Treads|Stealth Rock|p1a: Great Tusk\n|-sidestart|p1: grass knot zygarde|move: Stealth Rock\n|\n|-heal|p2a: Iron Treads|87\/100|[from] item: Leftovers\n|upkeep\n|turn|7\n|\n|t:|1700148737\n|move|p1a: Great Tusk|Bulk Up|p1a: Great Tusk\n|-boost|p1a: Great Tusk|atk|1\n|-boost|p1a: Great Tusk|def|1\n|move|p2a: Iron Treads|Rapid Spin|p1a: Great Tusk\n|-damage|p1a: Great Tusk|71\/100\n|-boost|p2a: Iron Treads|spe|1\n|\n|-heal|p2a: Iron Treads|93\/100|[from] item: Leftovers\n|upkeep\n|turn|8\n|\n|t:|1700148745\n|-terastallize|p2a: Iron Treads|Ground\n|move|p1a: Great Tusk|Bulk Up|p1a: Great Tusk\n|-boost|p1a: Great Tusk|atk|1\n|-boost|p1a: Great Tusk|def|1\n|move|p2a: Iron Treads|Earthquake|p1a: Great Tusk\n|-damage|p1a: Great Tusk|59\/100\n|\n|-heal|p2a: Iron Treads|99\/100|[from] item: Leftovers\n|upkeep\n|turn|9\n|\n|t:|1700148753\n|move|p1a: Great Tusk|Bulk Up|p1a: Great Tusk\n|-boost|p1a: Great Tusk|atk|1\n|-boost|p1a: Great Tusk|def|1\n|move|p2a: Iron Treads|Earthquake|p1a: Great Tusk\n|-damage|p1a: Great Tusk|48\/100\n|\n|-heal|p2a: Iron Treads|100\/100|[from] item: Leftovers\n|upkeep\n|turn|10\n|\n|t:|1700148760\n|-end|p2a: Iron Treads|Quark Drive|[silent]\n|switch|p2a: Quaquaval|Quaquaval, M|100\/100\n|move|p1a: Great Tusk|Ice Spinner|p2a: Quaquaval\n|-resisted|p2a: Quaquaval\n|-damage|p2a: Quaquaval|58\/100\n|\n|upkeep\n|turn|11\n|\n|t:|1700148766\n|move|p1a: Great Tusk|Headlong Rush|p2a: Quaquaval\n|-damage|p2a: Quaquaval|0 fnt\n|-unboost|p1a: Great Tusk|def|1\n|-unboost|p1a: Great Tusk|spd|1\n|faint|p2a: Quaquaval\n|\n|upkeep\n|\n|t:|1700148773\n|switch|p2a: Gholdengo|Gholdengo|100\/100\n|turn|12\n|\n|t:|1700148776\n|move|p1a: Great Tusk|Headlong Rush|p2a: Gholdengo\n|-supereffective|p2a: Gholdengo\n|-damage|p2a: Gholdengo|0 fnt\n|-unboost|p1a: Great Tusk|def|1\n|-unboost|p1a: Great Tusk|spd|1\n|faint|p2a: Gholdengo\n|\n|upkeep\n|\n|t:|1700148779\n|switch|p2a: Iron Valiant|Iron Valiant|100\/100\n|-enditem|p2a: Iron Valiant|Booster Energy\n|-activate|p2a: Iron Valiant|ability: Quark Drive|[fromitem]\n|-start|p2a: Iron Valiant|quarkdrivespe\n|turn|13\n|\n|t:|1700148784\n|move|p1a: Great Tusk|Headlong Rush|p2a: Iron Valiant\n|-damage|p2a: Iron Valiant|0 fnt\n|-unboost|p1a: Great Tusk|def|1\n|-unboost|p1a: Great Tusk|spd|1\n|faint|p2a: Iron Valiant\n|-end|p2a: Iron Valiant|Quark Drive|[silent]\n|\n|upkeep\n|\n|t:|1700148788\n|switch|p2a: Amoonguss|Amoonguss, M|100\/100\n|turn|14\n|\n|t:|1700148793\n|move|p1a: Great Tusk|Headlong Rush|p2a: Amoonguss\n|-damage|p2a: Amoonguss|0 fnt\n|-unboost|p1a: Great Tusk|def|1\n|-unboost|p1a: Great Tusk|spd|1\n|faint|p2a: Amoonguss\n|\n|upkeep\n|\n|t:|1700148796\n|switch|p2a: Tyranitar|Tyranitar, M|100\/100\n|-weather|Sandstorm|[from] ability: Sand Stream|[of] p2a: Tyranitar\n|turn|15\n|\n|t:|1700148799\n|move|p1a: Great Tusk|Headlong Rush|p2a: Tyranitar\n|-supereffective|p2a: Tyranitar\n|-damage|p2a: Tyranitar|0 fnt\n|-unboost|p1a: Great Tusk|def|1\n|-unboost|p1a: Great Tusk|spd|1\n|faint|p2a: Tyranitar\n|\n|-weather|Sandstorm|[upkeep]\n|upkeep\n|\n|t:|1700148801\n|switch|p2a: Iron Treads|Iron Treads, tera:Ground|100\/100\n|turn|16\n|\n|t:|1700148807\n|move|p1a: Great Tusk|Headlong Rush|p2a: Iron Treads\n|-damage|p2a: Iron Treads|9\/100\n|-unboost|p1a: Great Tusk|def|1\n|-unboost|p1a: Great Tusk|spd|1\n|move|p2a: Iron Treads|Heavy Slam|p1a: Great Tusk\n|-damage|p1a: Great Tusk|31\/100\n|\n|-weather|Sandstorm|[upkeep]\n|-heal|p2a: Iron Treads|15\/100|[from] item: Leftovers\n|upkeep\n|turn|17\n|c|\u2606grass knot zygarde|gg\n|c|\u2606Xy1n|gg\n|\n|t:|1700148822\n|move|p1a: Great Tusk|Rapid Spin|p2a: Iron Treads\n|-damage|p2a: Iron Treads|0 fnt\n|-boost|p1a: Great Tusk|spe|1\n|-sideend|p1: grass knot zygarde|Stealth Rock|[from] move: Rapid Spin|[of] p1a: Great Tusk\n|faint|p2a: Iron Treads\n|-end|p2a: Iron Treads|Quark Drive|[silent]\n|\n|win|grass knot zygarde\n|l|\u2606Xy1n\n","uploadtime":1700148832,"views":8,"p1id":"grassknotzygarde","p2id":"xy1n","formatid":"gen9ou","rating":0,"private":0,"password":""}