{"id":"gen9ou-1992332851","p1":"McD's Dollar Menu","p2":"coolepicman598","format":"[Gen 9] OU","log":"|j|\u2606McD's Dollar Menu\n|j|\u2606coolepicman598\n|t:|1700175652\n|gametype|singles\n|player|p1|McD's Dollar Menu|medium|1597\n|player|p2|coolepicman598|n|1635\n|teamsize|p1|6\n|teamsize|p2|6\n|gen|9\n|tier|[Gen 9] OU\n|rated|\n|rule|Sleep Clause Mod: Limit one foe put to sleep\n|rule|Species Clause: Limit one of each Pok\u00e9mon\n|rule|OHKO Clause: OHKO moves are banned\n|rule|Evasion Items Clause: Evasion items are banned\n|rule|Evasion Moves Clause: Evasion moves are banned\n|rule|Endless Battle Clause: Forcing endless battles is banned\n|rule|HP Percentage Mod: HP is shown in percentages\n|clearpoke\n|poke|p1|Dragapult, M|\n|poke|p1|Dondozo, M|\n|poke|p1|Great Tusk|\n|poke|p1|Milotic, M|\n|poke|p1|Mandibuzz, F|\n|poke|p1|Skeledirge, M|\n|poke|p2|Garganacl, F|\n|poke|p2|Great Tusk|\n|poke|p2|Gholdengo|\n|poke|p2|Iron Valiant|\n|poke|p2|Dragonite, F|\n|poke|p2|Zapdos|\n|teampreview\n|inactive|Battle timer is ON: inactive players will automatically lose when time's up. (requested by coolepicman598)\n|inactive|McD's Dollar Menu also wants the timer to be on.\n|\n|t:|1700175666\n|start\n|switch|p1a: Kendrick Lamar|Dragapult, M, shiny|100\/100\n|switch|p2a: Zapdos|Zapdos|100\/100\n|turn|1\n|\n|t:|1700175672\n|switch|p2a: Garganacl|Garganacl, F|100\/100\n|move|p1a: Kendrick Lamar|Draco Meteor|p2a: Garganacl\n|-damage|p2a: Garganacl|25\/100\n|-unboost|p1a: Kendrick Lamar|spa|2\n|\n|-heal|p2a: Garganacl|31\/100|[from] item: Leftovers\n|upkeep\n|turn|2\n|\n|t:|1700175688\n|switch|p1a: Dr. Dre|Milotic, M, shiny|100\/100\n|switch|p2a: Iron Valiant|Iron Valiant|100\/100\n|\n|upkeep\n|turn|3\n|\n|t:|1700175693\n|move|p2a: Iron Valiant|Thunderbolt|p1a: Dr. Dre\n|-supereffective|p1a: Dr. Dre\n|-damage|p1a: Dr. Dre|65\/100\n|-status|p1a: Dr. Dre|par\n|cant|p1a: Dr. Dre|par\n|\n|-heal|p1a: Dr. Dre|72\/100 par|[from] item: Leftovers\n|upkeep\n|turn|4\n|\n|t:|1700175698\n|move|p2a: Iron Valiant|Knock Off|p1a: Dr. Dre\n|-damage|p1a: Dr. Dre|53\/100 par\n|-enditem|p1a: Dr. Dre|Leftovers|[from] move: Knock Off|[of] p2a: Iron Valiant\n|cant|p1a: Dr. Dre|par\n|\n|upkeep\n|turn|5\n|\n|t:|1700175705\n|move|p2a: Iron Valiant|Thunderbolt|p1a: Dr. Dre\n|-supereffective|p1a: Dr. Dre\n|-damage|p1a: Dr. Dre|22\/100 par\n|move|p1a: Dr. Dre|Recover|p1a: Dr. Dre\n|-heal|p1a: Dr. Dre|72\/100 par\n|\n|upkeep\n|turn|6\n|\n|t:|1700175713\n|-end|p2a: Iron Valiant|Quark Drive|[silent]\n|switch|p2a: Garganacl|Garganacl, F|31\/100\n|move|p1a: Dr. Dre|Scald|p2a: Garganacl\n|-supereffective|p2a: Garganacl\n|-damage|p2a: Garganacl|0 fnt\n|faint|p2a: Garganacl\n|\n|upkeep\n|\n|t:|1700175718\n|switch|p2a: Gholdengo|Gholdengo|100\/100\n|-item|p2a: Gholdengo|Air Balloon\n|turn|7\n|\n|t:|1700175722\n|move|p2a: Gholdengo|Nasty Plot|p2a: Gholdengo\n|-boost|p2a: Gholdengo|spa|2\n|move|p1a: Dr. Dre|Scald|p2a: Gholdengo\n|-damage|p2a: Gholdengo|69\/100\n|-enditem|p2a: Gholdengo|Air Balloon\n|\n|upkeep\n|turn|8\n|\n|t:|1700175728\n|move|p2a: Gholdengo|Shadow Ball|p1a: Dr. Dre\n|-damage|p1a: Dr. Dre|32\/100 par\n|cant|p1a: Dr. Dre|par\n|\n|upkeep\n|turn|9\n|\n|t:|1700175734\n|move|p2a: Gholdengo|Shadow Ball|p1a: Dr. Dre\n|-damage|p1a: Dr. Dre|0 fnt\n|faint|p1a: Dr. Dre\n|\n|upkeep\n|\n|t:|1700175736\n|switch|p1a: Kendrick Lamar|Dragapult, M, shiny|100\/100\n|turn|10\n|\n|t:|1700175745\n|switch|p2a: Dragonite|Dragonite, F|100\/100\n|move|p1a: Kendrick Lamar|Shadow Ball|p2a: Dragonite\n|-damage|p2a: Dragonite|75\/100\n|\n|upkeep\n|turn|11\n|\n|t:|1700175754\n|-terastallize|p2a: Dragonite|Normal\n|move|p1a: Kendrick Lamar|Shadow Ball|p2a: Dragonite\n|-immune|p2a: Dragonite\n|move|p2a: Dragonite|Earthquake|p1a: Kendrick Lamar\n|-damage|p1a: Kendrick Lamar|47\/100\n|\n|upkeep\n|turn|12\n|\n|t:|1700175760\n|switch|p1a: Nicki Minaj|Mandibuzz, F, shiny|100\/100\n|switch|p2a: Zapdos|Zapdos|100\/100\n|\n|upkeep\n|turn|13\n|\n|t:|1700175765\n|switch|p1a: Slim Shady|Skeledirge, M, shiny|100\/100\n|move|p2a: Zapdos|Discharge|p1a: Slim Shady\n|-damage|p1a: Slim Shady|75\/100\n|-status|p1a: Slim Shady|par\n|\n|upkeep\n|turn|14\n|\n|t:|1700175776\n|move|p2a: Zapdos|Hurricane|p1a: Slim Shady\n|-damage|p1a: Slim Shady|41\/100 par\n|move|p1a: Slim Shady|Torch Song|p2a: Zapdos\n|-damage|p2a: Zapdos|81\/100\n|-boost|p1a: Slim Shady|spa|1\n|\n|upkeep\n|turn|15\n|\n|t:|1700175781\n|move|p2a: Zapdos|Hurricane|p1a: Slim Shady\n|-damage|p1a: Slim Shady|4\/100 par\n|cant|p1a: Slim Shady|par\n|\n|upkeep\n|turn|16\n|\n|t:|1700175786\n|move|p2a: Zapdos|Discharge|p1a: Slim Shady\n|-damage|p1a: Slim Shady|0 fnt\n|faint|p1a: Slim Shady\n|\n|upkeep\n|\n|t:|1700175788\n|switch|p1a: Kendrick Lamar|Dragapult, M, shiny|47\/100\n|turn|17\n|\n|t:|1700175795\n|switch|p2a: Iron Valiant|Iron Valiant|100\/100\n|move|p1a: Kendrick Lamar|Shadow Ball|p2a: Iron Valiant\n|-damage|p2a: Iron Valiant|0 fnt\n|faint|p2a: Iron Valiant\n|-end|p2a: Iron Valiant|Quark Drive|[silent]\n|\n|upkeep\n|\n|t:|1700175799\n|switch|p2a: Dragonite|Dragonite, F, tera:Normal|75\/100\n|turn|18\n|\n|t:|1700175804\n|switch|p1a: Nicki Minaj|Mandibuzz, F, shiny|100\/100\n|move|p2a: Dragonite|Earthquake|p1a: Nicki Minaj\n|-immune|p1a: Nicki Minaj\n|\n|upkeep\n|turn|19\n|\n|t:|1700175808\n|switch|p2a: Great Tusk|Great Tusk|100\/100\n|switch|p1a: Kendrick Lamar|Dragapult, M, shiny|47\/100\n|\n|upkeep\n|turn|20\n|\n|t:|1700175812\n|move|p1a: Kendrick Lamar|Draco Meteor|p2a: Great Tusk\n|-damage|p2a: Great Tusk|0 fnt\n|-unboost|p1a: Kendrick Lamar|spa|2\n|faint|p2a: Great Tusk\n|-end|p2a: Great Tusk|Protosynthesis|[silent]\n|\n|upkeep\n|\n|t:|1700175820\n|switch|p2a: Gholdengo|Gholdengo|69\/100\n|turn|21\n|\n|t:|1700175825\n|switch|p1a: 50 Cent|Great Tusk|100\/100\n|move|p2a: Gholdengo|Shadow Ball|p1a: 50 Cent\n|-damage|p1a: 50 Cent|69\/100\n|\n|-heal|p1a: 50 Cent|75\/100|[from] item: Leftovers\n|upkeep\n|turn|22\n|\n|t:|1700175831\n|switch|p2a: Zapdos|Zapdos|81\/100\n|-end|p1a: 50 Cent|Protosynthesis|[silent]\n|switch|p1a: Kendrick Lamar|Dragapult, M, shiny|47\/100\n|\n|upkeep\n|turn|23\n|\n|t:|1700175838\n|move|p1a: Kendrick Lamar|Draco Meteor|p2a: Zapdos\n|-damage|p2a: Zapdos|19\/100\n|-unboost|p1a: Kendrick Lamar|spa|2\n|move|p2a: Zapdos|Roost|p2a: Zapdos\n|-heal|p2a: Zapdos|69\/100\n|-singleturn|p2a: Zapdos|move: Roost\n|\n|upkeep\n|turn|24\n|\n|t:|1700175845\n|switch|p1a: 50 Cent|Great Tusk|75\/100\n|move|p2a: Zapdos|Hurricane|p1a: 50 Cent|[miss]\n|-miss|p2a: Zapdos|p1a: 50 Cent\n|\n|-heal|p1a: 50 Cent|82\/100|[from] item: Leftovers\n|upkeep\n|turn|25\n|\n|t:|1700175851\n|move|p2a: Zapdos|Hurricane|p1a: 50 Cent|[miss]\n|-miss|p2a: Zapdos|p1a: 50 Cent\n|move|p1a: 50 Cent|Ice Spinner|p2a: Zapdos\n|-supereffective|p2a: Zapdos\n|-damage|p2a: Zapdos|14\/100\n|\n|-heal|p1a: 50 Cent|88\/100|[from] item: Leftovers\n|upkeep\n|turn|26\n|\n|t:|1700175856\n|move|p2a: Zapdos|Hurricane|p1a: 50 Cent\n|-supereffective|p1a: 50 Cent\n|-damage|p1a: 50 Cent|10\/100\n|move|p1a: 50 Cent|Bulk Up|p1a: 50 Cent\n|-boost|p1a: 50 Cent|atk|1\n|-boost|p1a: 50 Cent|def|1\n|\n|-heal|p1a: 50 Cent|16\/100|[from] item: Leftovers\n|upkeep\n|turn|27\n|\n|t:|1700175860\n|move|p2a: Zapdos|Heat Wave|p1a: 50 Cent\n|-damage|p1a: 50 Cent|0 fnt\n|faint|p1a: 50 Cent\n|-end|p1a: 50 Cent|Protosynthesis|[silent]\n|\n|upkeep\n|\n|t:|1700175863\n|switch|p1a: Kendrick Lamar|Dragapult, M, shiny|47\/100\n|turn|28\n|\n|t:|1700175872\n|move|p1a: Kendrick Lamar|Draco Meteor|p2a: Zapdos\n|-crit|p2a: Zapdos\n|-damage|p2a: Zapdos|0 fnt\n|-unboost|p1a: Kendrick Lamar|spa|2\n|faint|p2a: Zapdos\n|\n|upkeep\n|\n|t:|1700175874\n|switch|p2a: Gholdengo|Gholdengo|69\/100\n|turn|29\n|\n|t:|1700175880\n|switch|p1a: Nicki Minaj|Mandibuzz, F, shiny|100\/100\n|move|p2a: Gholdengo|Nasty Plot|p2a: Gholdengo\n|-boost|p2a: Gholdengo|spa|2\n|\n|upkeep\n|turn|30\n|\n|t:|1700175883\n|move|p2a: Gholdengo|Recover|p2a: Gholdengo\n|-heal|p2a: Gholdengo|100\/100\n|move|p1a: Nicki Minaj|Foul Play|p2a: Gholdengo\n|-supereffective|p2a: Gholdengo\n|-damage|p2a: Gholdengo|78\/100\n|\n|upkeep\n|turn|31\n|\n|t:|1700175892\n|move|p2a: Gholdengo|Make It Rain|p1a: Nicki Minaj\n|-crit|p1a: Nicki Minaj\n|-damage|p1a: Nicki Minaj|0 fnt\n|-unboost|p2a: Gholdengo|spa|1\n|faint|p1a: Nicki Minaj\n|\n|upkeep\n|\n|t:|1700175894\n|switch|p1a: Kendrick Lamar|Dragapult, M, shiny|47\/100\n|turn|32\n|\n|t:|1700175898\n|switch|p2a: Dragonite|Dragonite, F, tera:Normal|75\/100\n|move|p1a: Kendrick Lamar|Flamethrower|p2a: Dragonite\n|-damage|p2a: Dragonite|35\/100\n|\n|upkeep\n|turn|33\n|j| danzaburo\n|c|\u2606McD's Dollar Menu|gg\n|c|\u2606coolepicman598|gg\n|-message|coolepicman598 forfeited.\n|\n|win|McD's Dollar Menu\n|raw|McD&apos;s Dollar Menu's rating: 1597 &rarr; <strong>1619<\/strong><br \/>(+22 for winning)\n|raw|coolepicman598's rating: 1635 &rarr; <strong>1613<\/strong><br \/>(-22 for losing)\n|l|\u2606coolepicman598\n","uploadtime":1700175926,"views":7,"p1id":"mcdsdollarmenu","p2id":"coolepicman598","formatid":"gen9ou","rating":1613,"private":0,"password":""}