{"id":"gen9ou-1993804374","p1":"adceirin","p2":"Gatrekd","format":"[Gen 9] OU","log":"|j|\u2606adceirin\n|j|\u2606Gatrekd\n|t:|1700359315\n|gametype|singles\n|player|p1|adceirin|1|1186\n|player|p2|Gatrekd|giovanni-masters|1117\n|teamsize|p1|6\n|teamsize|p2|6\n|gen|9\n|tier|[Gen 9] OU\n|rated|\n|rule|Sleep Clause Mod: Limit one foe put to sleep\n|rule|Species Clause: Limit one of each Pok\u00e9mon\n|rule|OHKO Clause: OHKO moves are banned\n|rule|Evasion Items Clause: Evasion items are banned\n|rule|Evasion Moves Clause: Evasion moves are banned\n|rule|Endless Battle Clause: Forcing endless battles is banned\n|rule|HP Percentage Mod: HP is shown in percentages\n|clearpoke\n|poke|p1|Iron Valiant|\n|poke|p1|Clefable, F|\n|poke|p1|Corviknight, M|\n|poke|p1|Cloyster, F|\n|poke|p1|Samurott-Hisui, F|\n|poke|p1|Dragonite, F|\n|poke|p2|Ribombee, F|\n|poke|p2|Gholdengo|\n|poke|p2|Great Tusk|\n|poke|p2|Walking Wake|\n|poke|p2|Ogerpon-Cornerstone, F|\n|poke|p2|Skeledirge, F|\n|teampreview\n|inactive|Battle timer is ON: inactive players will automatically lose when time's up. (requested by adceirin)\n|\n|t:|1700359340\n|start\n|switch|p1a: Iron Valiant|Iron Valiant|100\/100\n|switch|p2a: Suicune?|Walking Wake|100\/100\n|-enditem|p1a: Iron Valiant|Booster Energy\n|-activate|p1a: Iron Valiant|ability: Quark Drive|[fromitem]\n|-start|p1a: Iron Valiant|quarkdrivespe\n|turn|1\n|\n|t:|1700359369\n|-end|p2a: Suicune?|Protosynthesis|[silent]\n|switch|p2a: Kash Krabs|Gholdengo|100\/100\n|move|p1a: Iron Valiant|Spirit Break|p2a: Kash Krabs\n|-resisted|p2a: Kash Krabs\n|-damage|p2a: Kash Krabs|79\/100\n|-unboost|p2a: Kash Krabs|spa|1\n|\n|upkeep\n|turn|2\n|\n|t:|1700359390\n|move|p1a: Iron Valiant|Fire Punch|p2a: Kash Krabs\n|-supereffective|p2a: Kash Krabs\n|-damage|p2a: Kash Krabs|19\/100\n|move|p2a: Kash Krabs|Make It Rain|p1a: Iron Valiant\n|-supereffective|p1a: Iron Valiant\n|-damage|p1a: Iron Valiant|0 fnt\n|-unboost|p2a: Kash Krabs|spa|1\n|faint|p1a: Iron Valiant\n|-end|p1a: Iron Valiant|Quark Drive|[silent]\n|-damage|p2a: Kash Krabs|9\/100|[from] item: Life Orb\n|\n|upkeep\n|inactive|adceirin has 120 seconds left.\n|\n|t:|1700359407\n|switch|p1a: Samurott|Samurott-Hisui, F|100\/100\n|turn|3\n|\n|t:|1700359415\n|switch|p2a: Suicune?|Walking Wake|100\/100\n|move|p1a: Samurott|Ceaseless Edge|p2a: Suicune?\n|-damage|p2a: Suicune?|49\/100\n|-sidestart|p2: Gatrekd|Spikes\n|\n|upkeep\n|turn|4\n|\n|t:|1700359425\n|move|p2a: Suicune?|Draco Meteor|p1a: Samurott\n|-enditem|p1a: Samurott|Focus Sash\n|-damage|p1a: Samurott|1\/100\n|-unboost|p2a: Suicune?|spa|2\n|move|p1a: Samurott|Ceaseless Edge|p2a: Suicune?\n|-damage|p2a: Suicune?|0 fnt\n|-sidestart|p2: Gatrekd|Spikes\n|faint|p2a: Suicune?\n|-end|p2a: Suicune?|Protosynthesis|[silent]\n|\n|upkeep\n|\n|t:|1700359434\n|switch|p2a: House? Ok|Great Tusk|100\/100\n|-damage|p2a: House? Ok|84\/100|[from] Spikes\n|turn|5\n|\n|t:|1700359439\n|move|p2a: House? Ok|Rapid Spin|p1a: Samurott\n|-damage|p1a: Samurott|0 fnt\n|-boost|p2a: House? Ok|spe|1\n|-sideend|p2: Gatrekd|Spikes|[from] move: Rapid Spin|[of] p2a: House? Ok\n|faint|p1a: Samurott\n|\n|-heal|p2a: House? Ok|90\/100|[from] item: Leftovers\n|upkeep\n|\n|t:|1700359456\n|switch|p1a: Dragonite|Dragonite, F|100\/100\n|turn|6\n|\n|t:|1700359467\n|-terastallize|p1a: Dragonite|Fairy\n|move|p2a: House? Ok|Ice Spinner|p1a: Dragonite\n|-damage|p1a: Dragonite|85\/100\n|move|p1a: Dragonite|Dragon Dance|p1a: Dragonite\n|-boost|p1a: Dragonite|atk|1\n|-boost|p1a: Dragonite|spe|1\n|\n|-heal|p2a: House? Ok|96\/100|[from] item: Leftovers\n|upkeep\n|turn|7\n|\n|t:|1700359483\n|-end|p2a: House? Ok|Protosynthesis|[silent]\n|switch|p2a: Skeledirge|Skeledirge, F|100\/100\n|move|p1a: Dragonite|Dragon Dance|p1a: Dragonite\n|-boost|p1a: Dragonite|atk|1\n|-boost|p1a: Dragonite|spe|1\n|\n|upkeep\n|turn|8\n|\n|t:|1700359493\n|move|p1a: Dragonite|Earthquake|p2a: Skeledirge\n|-supereffective|p2a: Skeledirge\n|-damage|p2a: Skeledirge|56\/100\n|move|p2a: Skeledirge|Will-O-Wisp|p1a: Dragonite|[miss]\n|-miss|p2a: Skeledirge|p1a: Dragonite\n|\n|upkeep\n|turn|9\n|\n|t:|1700359500\n|move|p1a: Dragonite|Earthquake|p2a: Skeledirge\n|-supereffective|p2a: Skeledirge\n|-damage|p2a: Skeledirge|12\/100\n|move|p2a: Skeledirge|Will-O-Wisp|p1a: Dragonite\n|-status|p1a: Dragonite|brn\n|-enditem|p1a: Dragonite|Lum Berry|[eat]\n|-curestatus|p1a: Dragonite|brn|[msg]\n|\n|upkeep\n|turn|10\n|\n|t:|1700359516\n|move|p1a: Dragonite|Earthquake|p2a: Skeledirge\n|-supereffective|p2a: Skeledirge\n|-damage|p2a: Skeledirge|0 fnt\n|faint|p2a: Skeledirge\n|\n|upkeep\n|\n|t:|1700359527\n|switch|p2a: Buzz Buzz|Ribombee, F|100\/100\n|turn|11\n|\n|t:|1700359537\n|move|p1a: Dragonite|Extreme Speed|p2a: Buzz Buzz\n|-enditem|p2a: Buzz Buzz|Focus Sash\n|-damage|p2a: Buzz Buzz|1\/100\n|move|p2a: Buzz Buzz|Moonblast|p1a: Dragonite\n|-damage|p1a: Dragonite|39\/100\n|\n|upkeep\n|turn|12\n|\n|t:|1700359545\n|move|p1a: Dragonite|Extreme Speed|p2a: Buzz Buzz\n|-damage|p2a: Buzz Buzz|0 fnt\n|faint|p2a: Buzz Buzz\n|\n|upkeep\n|\n|t:|1700359553\n|switch|p2a: Shrek|Ogerpon-Cornerstone, F|100\/100\n|turn|13\n|\n|t:|1700359560\n|move|p1a: Dragonite|Extreme Speed|p2a: Shrek\n|-resisted|p2a: Shrek\n|-damage|p2a: Shrek|57\/100\n|move|p2a: Shrek|Horn Leech|p1a: Dragonite\n|-damage|p1a: Dragonite|0 fnt\n|-heal|p2a: Shrek|78\/100|[from] drain|[of] p1a: Dragonite\n|faint|p1a: Dragonite\n|\n|upkeep\n|\n|t:|1700359574\n|switch|p1a: Corviknight|Corviknight, M|100\/100\n|turn|14\n|inactive|Gatrekd has 120 seconds left.\n|\n|t:|1700359615\n|switch|p2a: Kash Krabs|Gholdengo|9\/100\n|move|p1a: Corviknight|Brave Bird|p2a: Kash Krabs\n|-resisted|p2a: Kash Krabs\n|-damage|p2a: Kash Krabs|0 fnt\n|faint|p2a: Kash Krabs\n|-damage|p1a: Corviknight|98\/100|[from] Recoil\n|\n|upkeep\n|\n|t:|1700359625\n|switch|p2a: Shrek|Ogerpon-Cornerstone, F|78\/100\n|turn|15\n|\n|t:|1700359637\n|-terastallize|p2a: Shrek|Rock\n|detailschange|p2a: Shrek|Ogerpon-Cornerstone-Tera, F, tera:Rock\n|-ability|p2a: Shrek|Embody Aspect (Cornerstone)|boost\n|-boost|p2a: Shrek|def|1\n|move|p2a: Shrek|Swords Dance|p2a: Shrek\n|-boost|p2a: Shrek|atk|2\n|move|p1a: Corviknight|Brave Bird|p2a: Shrek\n|-resisted|p2a: Shrek\n|-damage|p2a: Shrek|59\/100\n|-damage|p1a: Corviknight|93\/100|[from] Recoil\n|\n|upkeep\n|turn|16\n|inactive|adceirin has 120 seconds left.\n|\n|t:|1700359675\n|move|p2a: Shrek|Ivy Cudgel|p1a: Corviknight|[anim] Ivy Cudgel Rock\n|-damage|p1a: Corviknight|0 fnt\n|faint|p1a: Corviknight\n|\n|upkeep\n|\n|t:|1700359678\n|switch|p1a: Cloyster|Cloyster, F|100\/100\n|turn|17\n|\n|t:|1700359695\n|move|p2a: Shrek|Horn Leech|p1a: Cloyster\n|-supereffective|p1a: Cloyster\n|-damage|p1a: Cloyster|0 fnt\n|-heal|p2a: Shrek|100\/100|[from] drain|[of] p1a: Cloyster\n|faint|p1a: Cloyster\n|\n|upkeep\n|\n|t:|1700359699\n|switch|p1a: Clefable|Clefable, F|100\/100\n|turn|18\n|inactive|Gatrekd has 120 seconds left.\n|\n|t:|1700359706\n|move|p2a: Shrek|Ivy Cudgel|p1a: Clefable|[anim] Ivy Cudgel Rock\n|-damage|p1a: Clefable|0 fnt\n|faint|p1a: Clefable\n|\n|win|Gatrekd\n|raw|adceirin's rating: 1186 &rarr; <strong>1156<\/strong><br \/>(-30 for losing)\n|raw|Gatrekd's rating: 1117 &rarr; <strong>1147<\/strong><br \/>(+30 for winning)\n|l|\u2606adceirin\n","uploadtime":1700359715,"views":9,"p1id":"adceirin","p2id":"gatrekd","formatid":"gen9ou","rating":1147,"private":0,"password":""}