{"id":"gen9ou-1998352413","p1":"rectreemz","p2":"soccersniper","format":"[Gen 9] OU","log":"|j|\u2606rectreemz\n|j|\u2606soccersniper\n|t:|1700932747\n|gametype|singles\n|player|p1|rectreemz|1|1433\n|player|p2|soccersniper|101|1495\n|teamsize|p1|6\n|teamsize|p2|6\n|gen|9\n|tier|[Gen 9] OU\n|rated|\n|rule|Sleep Clause Mod: Limit one foe put to sleep\n|rule|Species Clause: Limit one of each Pok\u00e9mon\n|rule|OHKO Clause: OHKO moves are banned\n|rule|Evasion Items Clause: Evasion items are banned\n|rule|Evasion Moves Clause: Evasion moves are banned\n|rule|Endless Battle Clause: Forcing endless battles is banned\n|rule|HP Percentage Mod: HP is shown in percentages\n|clearpoke\n|poke|p1|Samurott-Hisui, M|\n|poke|p1|Garchomp, F|\n|poke|p1|Alomomola, M|\n|poke|p1|Okidogi, M|\n|poke|p1|Cinderace, M|\n|poke|p1|Clefable, M|\n|poke|p2|Zapdos|\n|poke|p2|Scizor, F|\n|poke|p2|Dragapult, F|\n|poke|p2|Empoleon, M|\n|poke|p2|Skeledirge, F|\n|poke|p2|Great Tusk|\n|teampreview\n|inactive|Battle timer is ON: inactive players will automatically lose when time's up. (requested by rectreemz)\n|\n|t:|1700932753\n|start\n|switch|p1a: Samurott|Samurott-Hisui, M|100\/100\n|switch|p2a: Dragapult|Dragapult, F|100\/100\n|turn|1\n|\n|t:|1700932755\n|move|p1a: Samurott|Ceaseless Edge|p2a: Dragapult\n|-supereffective|p2a: Dragapult\n|-damage|p2a: Dragapult|0 fnt\n|-sidestart|p2: soccersniper|Spikes\n|faint|p2a: Dragapult\n|\n|upkeep\n|\n|t:|1700932767\n|switch|p2a: Zapdos|Zapdos|100\/100\n|turn|2\n|\n|t:|1700932770\n|switch|p1a: Garchomp|Garchomp, F|100\/100\n|move|p2a: Zapdos|Volt Switch|p1a: Garchomp\n|-immune|p1a: Garchomp\n|\n|upkeep\n|turn|3\n|\n|t:|1700932776\n|move|p1a: Garchomp|Swords Dance|p1a: Garchomp\n|-boost|p1a: Garchomp|atk|2\n|move|p2a: Zapdos|Hurricane|p1a: Garchomp\n|-damage|p1a: Garchomp|48\/100\n|-start|p1a: Garchomp|confusion\n|\n|upkeep\n|turn|4\n|\n|t:|1700932784\n|-activate|p1a: Garchomp|confusion\n|move|p1a: Garchomp|Scale Shot|p2a: Zapdos\n|-damage|p2a: Zapdos|76\/100\n|-damage|p2a: Zapdos|51\/100\n|-damage|p2a: Zapdos|26\/100\n|-damage|p2a: Zapdos|3\/100\n|-hitcount|p2a: Zapdos|4\n|-unboost|p1a: Garchomp|def|1\n|-boost|p1a: Garchomp|spe|1\n|move|p2a: Zapdos|Hurricane|p1a: Garchomp\n|-damage|p1a: Garchomp|0 fnt\n|faint|p1a: Garchomp\n|\n|upkeep\n|\n|t:|1700932793\n|switch|p1a: Samurott|Samurott-Hisui, M|100\/100\n|turn|5\n|\n|t:|1700932809\n|switch|p2a: Great Tusk|Great Tusk|100\/100\n|move|p1a: Samurott|Flip Turn|p2a: Great Tusk\n|-supereffective|p2a: Great Tusk\n|-damage|p2a: Great Tusk|69\/100\n|\n|t:|1700932814\n|switch|p1a: Cinderace|Cinderace, M|100\/100|[from] Flip Turn\n|\n|upkeep\n|turn|6\n|\n|t:|1700932820\n|-terastallize|p1a: Cinderace|Ghost\n|move|p1a: Cinderace|Will-O-Wisp|p2a: Great Tusk\n|-status|p2a: Great Tusk|brn\n|move|p2a: Great Tusk|Rapid Spin|p1a: Cinderace\n|-immune|p1a: Cinderace\n|\n|-damage|p2a: Great Tusk|62\/100 brn|[from] brn\n|upkeep\n|turn|7\n|\n|t:|1700932831\n|move|p1a: Cinderace|Pyro Ball|p2a: Great Tusk\n|-damage|p2a: Great Tusk|25\/100 brn\n|move|p2a: Great Tusk|Stealth Rock|p1a: Cinderace\n|-sidestart|p1: rectreemz|move: Stealth Rock\n|\n|-damage|p2a: Great Tusk|19\/100 brn|[from] brn\n|upkeep\n|turn|8\n|\n|t:|1700932846\n|-end|p2a: Great Tusk|Protosynthesis|[silent]\n|switch|p2a: Skeledirge|Skeledirge, F|100\/100\n|move|p1a: Cinderace|U-turn|p2a: Skeledirge\n|-resisted|p2a: Skeledirge\n|-damage|p2a: Skeledirge|96\/100\n|\n|t:|1700932850\n|switch|p1a: Samurott|Samurott-Hisui, M|100\/100|[from] U-turn\n|-damage|p1a: Samurott|88\/100|[from] Stealth Rock\n|\n|upkeep\n|turn|9\n|\n|t:|1700932867\n|switch|p1a: Okidogi|Okidogi, M|100\/100\n|-damage|p1a: Okidogi|94\/100|[from] Stealth Rock\n|-terastallize|p2a: Skeledirge|Fairy\n|move|p2a: Skeledirge|Will-O-Wisp|p1a: Okidogi\n|-status|p1a: Okidogi|brn\n|\n|-damage|p1a: Okidogi|88\/100 brn|[from] brn\n|upkeep\n|turn|10\n|\n|t:|1700932879\n|switch|p2a: Empoleon|Empoleon, M|100\/100\n|-damage|p2a: Empoleon|88\/100|[from] Spikes\n|move|p1a: Okidogi|Gunk Shot|p2a: Empoleon\n|-immune|p2a: Empoleon\n|\n|-heal|p2a: Empoleon|94\/100|[from] item: Leftovers\n|-damage|p1a: Okidogi|82\/100 brn|[from] brn\n|upkeep\n|turn|11\n|\n|t:|1700932883\n|switch|p1a: Alomomola|Alomomola, M|100\/100\n|move|p2a: Empoleon|Flip Turn|p1a: Alomomola\n|-resisted|p1a: Alomomola\n|-damage|p1a: Alomomola|96\/100\n|\n|t:|1700932887\n|switch|p2a: Zapdos|Zapdos|3\/100|[from] Flip Turn\n|\n|upkeep\n|turn|12\n|\n|t:|1700932891\n|move|p2a: Zapdos|Roost|p2a: Zapdos\n|-heal|p2a: Zapdos|53\/100\n|-singleturn|p2a: Zapdos|move: Roost\n|move|p1a: Alomomola|Flip Turn|p2a: Zapdos\n|-damage|p2a: Zapdos|38\/100\n|-status|p1a: Alomomola|par|[from] ability: Static|[of] p2a: Zapdos\n|\n|t:|1700932893\n|switch|p1a: Samurott|Samurott-Hisui, M|88\/100|[from] Flip Turn\n|-damage|p1a: Samurott|76\/100|[from] Stealth Rock\n|\n|upkeep\n|turn|13\n|\n|t:|1700932918\n|switch|p2a: Empoleon|Empoleon, M|94\/100\n|-damage|p2a: Empoleon|82\/100|[from] Spikes\n|move|p1a: Samurott|Ceaseless Edge|p2a: Empoleon\n|-damage|p2a: Empoleon|34\/100\n|-sidestart|p2: soccersniper|Spikes\n|\n|-heal|p2a: Empoleon|40\/100|[from] item: Leftovers\n|upkeep\n|turn|14\n|\n|t:|1700932925\n|switch|p2a: Skeledirge|Skeledirge, F, tera:Fairy|96\/100\n|move|p1a: Samurott|Ceaseless Edge|p2a: Skeledirge\n|-resisted|p2a: Skeledirge\n|-damage|p2a: Skeledirge|76\/100\n|-sidestart|p2: soccersniper|Spikes\n|\n|upkeep\n|turn|15\n|\n|t:|1700932936\n|switch|p1a: Okidogi|Okidogi, M|82\/100 brn\n|-damage|p1a: Okidogi|76\/100 brn|[from] Stealth Rock\n|move|p2a: Skeledirge|Torch Song|p1a: Okidogi\n|-damage|p1a: Okidogi|59\/100 brn\n|-boost|p2a: Skeledirge|spa|1\n|\n|-damage|p1a: Okidogi|53\/100 brn|[from] brn\n|upkeep\n|turn|16\n|\n|t:|1700932946\n|move|p1a: Okidogi|Knock Off|p2a: Skeledirge\n|-resisted|p2a: Skeledirge\n|-damage|p2a: Skeledirge|70\/100\n|-enditem|p2a: Skeledirge|Heavy-Duty Boots|[from] move: Knock Off|[of] p1a: Okidogi\n|move|p2a: Skeledirge|Slack Off|p2a: Skeledirge\n|-heal|p2a: Skeledirge|100\/100\n|\n|-damage|p1a: Okidogi|47\/100 brn|[from] brn\n|upkeep\n|turn|17\n|\n|t:|1700932953\n|move|p1a: Okidogi|Gunk Shot|p2a: Skeledirge\n|-supereffective|p2a: Skeledirge\n|-damage|p2a: Skeledirge|55\/100\n|move|p2a: Skeledirge|Torch Song|p1a: Okidogi\n|-damage|p1a: Okidogi|18\/100 brn\n|-boost|p2a: Skeledirge|spa|1\n|\n|-damage|p1a: Okidogi|12\/100 brn|[from] brn\n|upkeep\n|turn|18\n|\n|t:|1700932957\n|move|p1a: Okidogi|Gunk Shot|p2a: Skeledirge\n|-supereffective|p2a: Skeledirge\n|-damage|p2a: Skeledirge|12\/100\n|move|p2a: Skeledirge|Slack Off|p2a: Skeledirge\n|-heal|p2a: Skeledirge|63\/100\n|\n|-damage|p1a: Okidogi|6\/100 brn|[from] brn\n|upkeep\n|turn|19\n|\n|t:|1700932961\n|move|p1a: Okidogi|Gunk Shot|p2a: Skeledirge\n|-supereffective|p2a: Skeledirge\n|-damage|p2a: Skeledirge|19\/100\n|move|p2a: Skeledirge|Slack Off|p2a: Skeledirge\n|-heal|p2a: Skeledirge|69\/100\n|\n|-damage|p1a: Okidogi|0 fnt|[from] brn\n|faint|p1a: Okidogi\n|upkeep\n|\n|t:|1700932965\n|switch|p1a: Clefable|Clefable, M|100\/100\n|turn|20\n|\n|t:|1700932973\n|move|p2a: Skeledirge|Torch Song|p1a: Clefable\n|-damage|p1a: Clefable|80\/100\n|-boost|p2a: Skeledirge|spa|1\n|move|p1a: Clefable|Wish|p1a: Clefable\n|\n|upkeep\n|turn|21\n|\n|t:|1700932989\n|switch|p2a: Zapdos|Zapdos|38\/100\n|move|p1a: Clefable|Stealth Rock|p2a: Zapdos\n|-sidestart|p2: soccersniper|move: Stealth Rock\n|\n|-heal|p1a: Clefable|100\/100|[from] move: Wish|[wisher] Clefable\n|upkeep\n|turn|22\n|\n|t:|1700932992\n|switch|p1a: Samurott|Samurott-Hisui, M|76\/100\n|-damage|p1a: Samurott|63\/100|[from] Stealth Rock\n|move|p2a: Zapdos|Roost|p2a: Zapdos\n|-heal|p2a: Zapdos|88\/100\n|-singleturn|p2a: Zapdos|move: Roost\n|\n|upkeep\n|turn|23\n|\n|t:|1700932997\n|move|p1a: Samurott|Ceaseless Edge|p2a: Zapdos|[miss]\n|-miss|p1a: Samurott|p2a: Zapdos\n|move|p2a: Zapdos|Volt Switch|p1a: Samurott\n|-supereffective|p1a: Samurott\n|-damage|p1a: Samurott|0 fnt\n|faint|p1a: Samurott\n|\n|t:|1700933019\n|switch|p2a: Empoleon|Empoleon, M|40\/100|[from] Volt Switch\n|-damage|p2a: Empoleon|15\/100|[from] Spikes\n|-damage|p2a: Empoleon|9\/100|[from] Stealth Rock\n|\n|-heal|p2a: Empoleon|15\/100|[from] item: Leftovers\n|upkeep\n|l|\u2606rectreemz\n|inactive|rectreemz disconnected and has a minute to reconnect!\n|player|p1|\n|j|\u2606rectreemz\n|inactive|rectreemz reconnected and has 140 seconds left.\n|player|p1|rectreemz|1\n|\n|t:|1700933035\n|switch|p1a: Cinderace|Cinderace, M, tera:Ghost|100\/100\n|turn|24\n|\n|t:|1700933041\n|move|p1a: Cinderace|Pyro Ball|p2a: Empoleon\n|-damage|p2a: Empoleon|0 fnt\n|faint|p2a: Empoleon\n|\n|upkeep\n|\n|t:|1700933051\n|switch|p2a: Zapdos|Zapdos|88\/100\n|turn|25\n|\n|t:|1700933062\n|move|p1a: Cinderace|Pyro Ball|p2a: Zapdos\n|-damage|p2a: Zapdos|40\/100\n|move|p2a: Zapdos|Volt Switch|p1a: Cinderace\n|-damage|p1a: Cinderace|62\/100\n|\n|t:|1700933066\n|switch|p2a: Scizor|Scizor, F|100\/100|[from] Volt Switch\n|-damage|p2a: Scizor|76\/100|[from] Spikes\n|-damage|p2a: Scizor|63\/100|[from] Stealth Rock\n|\n|upkeep\n|turn|26\n|\n|t:|1700933071\n|switch|p1a: Alomomola|Alomomola, M|100\/100 par\n|move|p2a: Scizor|Bullet Punch|p1a: Alomomola\n|-resisted|p1a: Alomomola\n|-damage|p1a: Alomomola|88\/100 par\n|\n|upkeep\n|turn|27\n|\n|t:|1700933076\n|switch|p2a: Zapdos|Zapdos|40\/100\n|move|p1a: Alomomola|Scald|p2a: Zapdos\n|-damage|p2a: Zapdos|25\/100\n|\n|upkeep\n|turn|28\n|\n|t:|1700933083\n|move|p2a: Zapdos|Roost|p2a: Zapdos\n|-heal|p2a: Zapdos|75\/100\n|-singleturn|p2a: Zapdos|move: Roost\n|cant|p1a: Alomomola|par\n|\n|upkeep\n|turn|29\n|\n|t:|1700933088\n|switch|p1a: Clefable|Clefable, M|100\/100\n|move|p2a: Zapdos|Volt Switch|p1a: Clefable\n|-damage|p1a: Clefable|82\/100\n|\n|t:|1700933090\n|switch|p2a: Great Tusk|Great Tusk|19\/100 brn|[from] Volt Switch\n|\n|-damage|p2a: Great Tusk|12\/100 brn|[from] brn\n|upkeep\n|turn|30\n|\n|t:|1700933097\n|move|p2a: Great Tusk|Headlong Rush|p1a: Clefable\n|-damage|p1a: Clefable|54\/100\n|-unboost|p2a: Great Tusk|def|1\n|-unboost|p2a: Great Tusk|spd|1\n|move|p1a: Clefable|Moonblast|p2a: Great Tusk\n|-supereffective|p2a: Great Tusk\n|-damage|p2a: Great Tusk|0 fnt\n|faint|p2a: Great Tusk\n|-end|p2a: Great Tusk|Protosynthesis|[silent]\n|\n|upkeep\n|\n|t:|1700933105\n|switch|p2a: Scizor|Scizor, F|63\/100\n|-damage|p2a: Scizor|39\/100|[from] Spikes\n|-damage|p2a: Scizor|26\/100|[from] Stealth Rock\n|turn|31\n|\n|t:|1700933112\n|move|p1a: Clefable|Protect|p1a: Clefable\n|-singleturn|p1a: Clefable|Protect\n|move|p2a: Scizor|Knock Off|p1a: Clefable\n|-activate|p1a: Clefable|move: Protect\n|\n|upkeep\n|turn|32\n|\n|t:|1700933119\n|switch|p2a: Zapdos|Zapdos|75\/100\n|move|p1a: Clefable|Wish|p1a: Clefable\n|\n|upkeep\n|turn|33\n|\n|t:|1700933123\n|move|p2a: Zapdos|Roost|p2a: Zapdos\n|-heal|p2a: Zapdos|100\/100\n|-singleturn|p2a: Zapdos|move: Roost\n|move|p1a: Clefable|Moonblast|p2a: Zapdos\n|-damage|p2a: Zapdos|69\/100\n|\n|-heal|p1a: Clefable|100\/100|[from] move: Wish|[wisher] Clefable\n|upkeep\n|turn|34\n|\n|t:|1700933126\n|move|p2a: Zapdos|Volt Switch|p1a: Clefable\n|-damage|p1a: Clefable|80\/100\n|\n|t:|1700933132\n|switch|p2a: Skeledirge|Skeledirge, F, tera:Fairy|69\/100|[from] Volt Switch\n|-damage|p2a: Skeledirge|44\/100|[from] Spikes\n|-damage|p2a: Skeledirge|32\/100|[from] Stealth Rock\n|move|p1a: Clefable|Moonblast|p2a: Skeledirge\n|-damage|p2a: Skeledirge|10\/100\n|\n|upkeep\n|turn|35\n|\n|t:|1700933137\n|move|p2a: Skeledirge|Slack Off|p2a: Skeledirge\n|-heal|p2a: Skeledirge|60\/100\n|move|p1a: Clefable|Moonblast|p2a: Skeledirge\n|-damage|p2a: Skeledirge|38\/100\n|\n|upkeep\n|turn|36\n|\n|t:|1700933140\n|switch|p1a: Cinderace|Cinderace, M, tera:Ghost|62\/100\n|move|p2a: Skeledirge|Slack Off|p2a: Skeledirge\n|-heal|p2a: Skeledirge|89\/100\n|\n|upkeep\n|turn|37\n|\n|t:|1700933148\n|move|p1a: Cinderace|Pyro Ball|p2a: Skeledirge\n|-damage|p2a: Skeledirge|36\/100\n|move|p2a: Skeledirge|Shadow Ball|p1a: Cinderace\n|-supereffective|p1a: Cinderace\n|-damage|p1a: Cinderace|0 fnt\n|faint|p1a: Cinderace\n|\n|upkeep\n|\n|t:|1700933158\n|switch|p1a: Alomomola|Alomomola, M|100\/100 par\n|turn|38\n|\n|t:|1700933161\n|move|p2a: Skeledirge|Slack Off|p2a: Skeledirge\n|-heal|p2a: Skeledirge|86\/100\n|move|p1a: Alomomola|Scald|p2a: Skeledirge\n|-damage|p2a: Skeledirge|77\/100\n|\n|upkeep\n|turn|39\n|\n|t:|1700933167\n|move|p2a: Skeledirge|Shadow Ball|p1a: Alomomola\n|-damage|p1a: Alomomola|67\/100 par\n|move|p1a: Alomomola|Flip Turn|p2a: Skeledirge\n|-damage|p2a: Skeledirge|64\/100\n|\n|t:|1700933172\n|switch|p1a: Clefable|Clefable, M|80\/100|[from] Flip Turn\n|\n|upkeep\n|turn|40\n|\n|t:|1700933174\n|move|p2a: Skeledirge|Shadow Ball|p1a: Clefable\n|-damage|p1a: Clefable|59\/100\n|move|p1a: Clefable|Wish|p1a: Clefable\n|\n|upkeep\n|turn|41\n|\n|t:|1700933186\n|move|p2a: Skeledirge|Slack Off|p2a: Skeledirge\n|-heal|p2a: Skeledirge|100\/100\n|move|p1a: Clefable|Moonblast|p2a: Skeledirge\n|-damage|p2a: Skeledirge|78\/100\n|\n|-heal|p1a: Clefable|100\/100|[from] move: Wish|[wisher] Clefable\n|upkeep\n|turn|42\n|\n|t:|1700933191\n|switch|p2a: Zapdos|Zapdos|69\/100\n|move|p1a: Clefable|Moonblast|p2a: Zapdos\n|-damage|p2a: Zapdos|36\/100\n|\n|upkeep\n|turn|43\n|\n|t:|1700933194\n|move|p2a: Zapdos|Roost|p2a: Zapdos\n|-heal|p2a: Zapdos|86\/100\n|-singleturn|p2a: Zapdos|move: Roost\n|move|p1a: Clefable|Moonblast|p2a: Zapdos\n|-damage|p2a: Zapdos|58\/100\n|-unboost|p2a: Zapdos|spa|1\n|\n|upkeep\n|turn|44\n|\n|t:|1700933196\n|move|p2a: Zapdos|Volt Switch|p1a: Clefable\n|-damage|p1a: Clefable|81\/100\n|\n|t:|1700933201\n|switch|p2a: Scizor|Scizor, F|26\/100|[from] Volt Switch\n|-damage|p2a: Scizor|1\/100|[from] Spikes\n|-damage|p2a: Scizor|0 fnt|[from] Stealth Rock\n|faint|p2a: Scizor\n|move|p1a: Clefable|Moonblast|p2: Scizor|[notarget]\n|-fail|p1a: Clefable\n|\n|upkeep\n|\n|t:|1700933206\n|switch|p2a: Zapdos|Zapdos|58\/100\n|turn|45\n|\n|t:|1700933208\n|move|p2a: Zapdos|Roost|p2a: Zapdos\n|-heal|p2a: Zapdos|100\/100\n|-singleturn|p2a: Zapdos|move: Roost\n|move|p1a: Clefable|Moonblast|p2a: Zapdos\n|-crit|p2a: Zapdos\n|-damage|p2a: Zapdos|54\/100\n|\n|upkeep\n|turn|46\n|\n|t:|1700933215\n|move|p2a: Zapdos|Hurricane|p1a: Clefable\n|-damage|p1a: Clefable|53\/100\n|move|p1a: Clefable|Wish|p1a: Clefable\n|\n|upkeep\n|turn|47\n|\n|t:|1700933220\n|move|p1a: Clefable|Protect|p1a: Clefable\n|-singleturn|p1a: Clefable|Protect\n|move|p2a: Zapdos|Roost|p2a: Zapdos\n|-heal|p2a: Zapdos|100\/100\n|-singleturn|p2a: Zapdos|move: Roost\n|\n|-heal|p1a: Clefable|100\/100|[from] move: Wish|[wisher] Clefable\n|upkeep\n|turn|48\n|\n|t:|1700933222\n|move|p2a: Zapdos|Hurricane|p1a: Clefable\n|-damage|p1a: Clefable|71\/100\n|-start|p1a: Clefable|confusion\n|-activate|p1a: Clefable|confusion\n|-damage|p1a: Clefable|66\/100|[from] confusion\n|\n|upkeep\n|turn|49\n|\n|t:|1700933228\n|-activate|p1a: Clefable|confusion\n|-damage|p1a: Clefable|60\/100|[from] confusion\n|move|p2a: Zapdos|Hurricane|p1a: Clefable\n|-damage|p1a: Clefable|31\/100\n|\n|upkeep\n|turn|50\n|\n|t:|1700933234\n|move|p2a: Zapdos|Hurricane|p1a: Clefable\n|-damage|p1a: Clefable|0 fnt\n|faint|p1a: Clefable\n|\n|upkeep\n|c|\u2606rectreemz|Hax ass mf lol u suck\n|-message|rectreemz forfeited.\n|\n|win|soccersniper\n|raw|rectreemz's rating: 1433 &rarr; <strong>1417<\/strong><br \/>(-16 for losing)\n|raw|soccersniper's rating: 1495 &rarr; <strong>1511<\/strong><br \/>(+16 for winning)\n|l|\u2606rectreemz\n","uploadtime":1700933248,"views":1,"p1id":"rectreemz","p2id":"soccersniper","formatid":"gen9ou","rating":1417,"private":0,"password":""}