{"id":"gen9ou-1995547128","p1":"Phrensoph","p2":"churrolite92","format":"[Gen 9] OU","log":"|j|\u2606Phrensoph\n|j|\u2606churrolite92\n|t:|1700581759\n|gametype|singles\n|player|p1|Phrensoph|harlequin|1117\n|player|p2|churrolite92|schoolkid-gen4|1228\n|teamsize|p1|6\n|teamsize|p2|6\n|gen|9\n|tier|[Gen 9] OU\n|rated|\n|rule|Sleep Clause Mod: Limit one foe put to sleep\n|rule|Species Clause: Limit one of each Pok\u00e9mon\n|rule|OHKO Clause: OHKO moves are banned\n|rule|Evasion Items Clause: Evasion items are banned\n|rule|Evasion Moves Clause: Evasion moves are banned\n|rule|Endless Battle Clause: Forcing endless battles is banned\n|rule|HP Percentage Mod: HP is shown in percentages\n|clearpoke\n|poke|p1|Thundurus-Therian, M|\n|poke|p1|Great Tusk|\n|poke|p1|Garchomp, M|\n|poke|p1|Ogerpon-Wellspring, F|\n|poke|p1|Meowscarada, M|\n|poke|p1|Heatran, M|\n|poke|p2|Maushold-Four|\n|poke|p2|Mew|\n|poke|p2|Garganacl, M|\n|poke|p2|Grimmsnarl, M|\n|poke|p2|Dondozo, F|\n|poke|p2|Cresselia, F|\n|teampreview\n|\n|t:|1700581767\n|start\n|switch|p1a: SPIKES|Meowscarada, M|100\/100\n|switch|p2a: Satellite|Cresselia, F|100\/100\n|turn|1\n|\n|t:|1700581771\n|move|p2a: Satellite|Trick|p1a: SPIKES\n|-activate|p2a: Satellite|move: Trick|[of] p1a: SPIKES\n|-item|p1a: SPIKES|Choice Scarf|[from] move: Trick\n|-item|p2a: Satellite|Focus Sash|[from] move: Trick\n|move|p1a: SPIKES|Taunt|p2a: Satellite\n|-start|p2a: Satellite|move: Taunt\n|\n|upkeep\n|turn|2\n|\n|t:|1700581798\n|switch|p1a: ROCKS|Heatran, M|100\/100\n|move|p2a: Satellite|Future Sight|p1a: ROCKS\n|-start|p2a: Satellite|move: Future Sight\n|\n|upkeep\n|turn|3\n|\n|t:|1700581808\n|move|p2a: Satellite|Charge Beam|p1a: ROCKS\n|-damage|p1a: ROCKS|91\/100\n|move|p1a: ROCKS|Magma Storm|p2a: Satellite\n|-crit|p2a: Satellite\n|-damage|p2a: Satellite|53\/100\n|-activate|p2a: Satellite|move: Magma Storm|[of] p1a: ROCKS\n|\n|-heal|p1a: ROCKS|97\/100|[from] item: Leftovers\n|-damage|p2a: Satellite|41\/100|[from] move: Magma Storm|[partiallytrapped]\n|upkeep\n|turn|4\n|\n|t:|1700581819\n|move|p2a: Satellite|Charge Beam|p1a: ROCKS\n|-damage|p1a: ROCKS|88\/100\n|-boost|p2a: Satellite|spa|1\n|move|p1a: ROCKS|Stealth Rock|p2a: Satellite\n|-sidestart|p2: churrolite92|move: Stealth Rock\n|\n|-end|p1a: ROCKS|move: Future Sight\n|-resisted|p1a: ROCKS\n|-damage|p1a: ROCKS|66\/100\n|-heal|p1a: ROCKS|73\/100|[from] item: Leftovers\n|-damage|p2a: Satellite|29\/100|[from] move: Magma Storm|[partiallytrapped]\n|-end|p2a: Satellite|move: Taunt\n|upkeep\n|turn|5\n|\n|t:|1700581851\n|move|p2a: Satellite|Future Sight|p1a: ROCKS\n|-start|p2a: Satellite|move: Future Sight\n|move|p1a: ROCKS|Magma Storm|p2a: Satellite\n|-crit|p2a: Satellite\n|-damage|p2a: Satellite|0 fnt\n|faint|p2a: Satellite\n|\n|-heal|p1a: ROCKS|79\/100|[from] item: Leftovers\n|upkeep\n|\n|t:|1700581854\n|switch|p2a: SLP PARA Demon|Grimmsnarl, M|100\/100\n|-damage|p2a: SLP PARA Demon|88\/100|[from] Stealth Rock\n|turn|6\n|\n|t:|1700581863\n|move|p2a: SLP PARA Demon|Light Screen|p2a: SLP PARA Demon\n|-sidestart|p2: churrolite92|move: Light Screen\n|move|p1a: ROCKS|Magma Storm|p2a: SLP PARA Demon\n|-damage|p2a: SLP PARA Demon|65\/100\n|-activate|p2a: SLP PARA Demon|move: Magma Storm|[of] p1a: ROCKS\n|\n|-heal|p1a: ROCKS|85\/100|[from] item: Leftovers\n|-damage|p2a: SLP PARA Demon|53\/100|[from] move: Magma Storm|[partiallytrapped]\n|upkeep\n|turn|7\n|\n|t:|1700581927\n|switch|p1a: SPIKES|Meowscarada, M|100\/100\n|move|p2a: SLP PARA Demon|Taunt|p1a: SPIKES\n|-hint|Since gen 7, Dark is immune to Prankster moves.\n|-immune|p1a: SPIKES\n|\n|-end|p1a: SPIKES|move: Future Sight\n|-immune|p1a: SPIKES\n|-end|p2a: SLP PARA Demon|Magma Storm|[partiallytrapped]|[silent]\n|upkeep\n|turn|8\n|\n|t:|1700581936\n|move|p1a: SPIKES|Leaf Storm|p2a: SLP PARA Demon\n|-damage|p2a: SLP PARA Demon|29\/100\n|-unboost|p1a: SPIKES|spa|2\n|move|p2a: SLP PARA Demon|Leech Life|p1a: SPIKES\n|-supereffective|p1a: SPIKES\n|-damage|p1a: SPIKES|0 fnt\n|-heal|p2a: SLP PARA Demon|69\/100|[from] drain|[of] p1a: SPIKES\n|faint|p1a: SPIKES\n|\n|upkeep\n|\n|t:|1700581965\n|switch|p1a: dRAgoN|Garchomp, M|100\/100\n|turn|9\n|\n|t:|1700582011\n|move|p2a: SLP PARA Demon|Taunt|p1a: dRAgoN\n|-start|p1a: dRAgoN|move: Taunt\n|move|p1a: dRAgoN|Poison Jab|p2a: SLP PARA Demon\n|-supereffective|p2a: SLP PARA Demon\n|-damage|p2a: SLP PARA Demon|7\/100\n|-damage|p1a: dRAgoN|91\/100|[from] item: Life Orb\n|\n|upkeep\n|turn|10\n|\n|t:|1700582021\n|move|p2a: SLP PARA Demon|Reflect|p2a: SLP PARA Demon\n|-sidestart|p2: churrolite92|Reflect\n|move|p1a: dRAgoN|Poison Jab|p2a: SLP PARA Demon\n|-supereffective|p2a: SLP PARA Demon\n|-damage|p2a: SLP PARA Demon|0 fnt\n|faint|p2a: SLP PARA Demon\n|-damage|p1a: dRAgoN|81\/100|[from] item: Life Orb\n|\n|upkeep\n|\n|t:|1700582031\n|switch|p2a: College Grads|Maushold-Four|100\/100\n|turn|11\n|\n|t:|1700582043\n|move|p2a: College Grads|Tidy Up|p2a: College Grads\n|-sideend|p2: churrolite92|Stealth Rock\n|-activate|p2a: College Grads|move: Tidy Up\n|-boost|p2a: College Grads|atk|1\n|-boost|p2a: College Grads|spe|1\n|move|p1a: dRAgoN|Draco Meteor|p2a: College Grads\n|-damage|p2a: College Grads|45\/100\n|-unboost|p1a: dRAgoN|spa|2\n|-damage|p1a: dRAgoN|71\/100|[from] item: Life Orb\n|\n|-end|p1a: dRAgoN|move: Taunt\n|upkeep\n|turn|12\n|\n|t:|1700582067\n|move|p2a: College Grads|Encore|p1a: dRAgoN\n|-start|p1a: dRAgoN|Encore\n|move|p1a: dRAgoN|Draco Meteor|p2a: College Grads\n|-damage|p2a: College Grads|20\/100\n|-unboost|p1a: dRAgoN|spa|2\n|-damage|p1a: dRAgoN|61\/100|[from] item: Life Orb\n|\n|upkeep\n|turn|13\n|\n|t:|1700582076\n|move|p2a: College Grads|Population Bomb|p1a: dRAgoN\n|-damage|p1a: dRAgoN|44\/100\n|-damage|p2a: College Grads|8\/100|[from] ability: Rough Skin|[of] p1a: dRAgoN\n|-damage|p1a: dRAgoN|29\/100\n|-damage|p2a: College Grads|0 fnt|[from] ability: Rough Skin|[of] p1a: dRAgoN\n|faint|p2a: College Grads\n|-hitcount|p1a: dRAgoN|2\n|move|p1a: dRAgoN|Draco Meteor|p2: College Grads|[notarget]\n|-fail|p1a: dRAgoN\n|\n|-sideend|p2: churrolite92|move: Light Screen\n|upkeep\n|\n|t:|1700582081\n|switch|p2a: Salt Lick|Garganacl, M|100\/100\n|turn|14\n|\n|t:|1700582089\n|move|p1a: dRAgoN|Draco Meteor|p2a: Salt Lick\n|-damage|p2a: Salt Lick|82\/100\n|-unboost|p1a: dRAgoN|spa|2\n|-damage|p1a: dRAgoN|19\/100|[from] item: Life Orb\n|move|p2a: Salt Lick|Salt Cure|p1a: dRAgoN\n|-resisted|p1a: dRAgoN\n|-damage|p1a: dRAgoN|12\/100\n|-start|p1a: dRAgoN|Salt Cure\n|\n|-heal|p2a: Salt Lick|88\/100|[from] item: Leftovers\n|-damage|p1a: dRAgoN|0 fnt|[from] Salt Cure\n|faint|p1a: dRAgoN\n|upkeep\n|\n|t:|1700582105\n|switch|p1a: ROCKS|Heatran, M|85\/100\n|turn|15\n|\n|t:|1700582131\n|move|p1a: ROCKS|Magma Storm|p2a: Salt Lick\n|-resisted|p2a: Salt Lick\n|-damage|p2a: Salt Lick|73\/100\n|-activate|p2a: Salt Lick|move: Magma Storm|[of] p1a: ROCKS\n|move|p2a: Salt Lick|Salt Cure|p1a: ROCKS\n|-damage|p1a: ROCKS|71\/100\n|-start|p1a: ROCKS|Salt Cure\n|\n|-heal|p1a: ROCKS|77\/100|[from] item: Leftovers\n|-heal|p2a: Salt Lick|79\/100|[from] item: Leftovers\n|-damage|p1a: ROCKS|52\/100|[from] Salt Cure\n|-damage|p2a: Salt Lick|67\/100|[from] move: Magma Storm|[partiallytrapped]\n|upkeep\n|turn|16\n|\n|t:|1700582142\n|move|p1a: ROCKS|Earth Power|p2a: Salt Lick\n|-supereffective|p2a: Salt Lick\n|-damage|p2a: Salt Lick|31\/100\n|move|p2a: Salt Lick|Recover|p2a: Salt Lick\n|-heal|p2a: Salt Lick|81\/100\n|\n|-heal|p1a: ROCKS|59\/100|[from] item: Leftovers\n|-heal|p2a: Salt Lick|88\/100|[from] item: Leftovers\n|-damage|p1a: ROCKS|34\/100|[from] Salt Cure\n|-damage|p2a: Salt Lick|75\/100|[from] move: Magma Storm|[partiallytrapped]\n|upkeep\n|turn|17\n|\n|t:|1700582152\n|move|p1a: ROCKS|Taunt|p2a: Salt Lick\n|-start|p2a: Salt Lick|move: Taunt\n|cant|p2a: Salt Lick|move: Taunt|Recover\n|\n|-heal|p1a: ROCKS|40\/100|[from] item: Leftovers\n|-heal|p2a: Salt Lick|81\/100|[from] item: Leftovers\n|-damage|p1a: ROCKS|15\/100|[from] Salt Cure\n|-damage|p2a: Salt Lick|69\/100|[from] move: Magma Storm|[partiallytrapped]\n|-sideend|p2: churrolite92|Reflect\n|upkeep\n|turn|18\n|\n|t:|1700582163\n|move|p1a: ROCKS|Earth Power|p2a: Salt Lick\n|-supereffective|p2a: Salt Lick\n|-damage|p2a: Salt Lick|28\/100\n|move|p2a: Salt Lick|Salt Cure|p1a: ROCKS\n|-damage|p1a: ROCKS|1\/100\n|\n|-heal|p1a: ROCKS|7\/100|[from] item: Leftovers\n|-heal|p2a: Salt Lick|35\/100|[from] item: Leftovers\n|-damage|p1a: ROCKS|0 fnt|[from] Salt Cure\n|faint|p1a: ROCKS\n|-end|p2a: Salt Lick|Magma Storm|[partiallytrapped]|[silent]\n|upkeep\n|\n|t:|1700582179\n|switch|p1a: Horton|Great Tusk|100\/100\n|turn|19\n|\n|t:|1700582194\n|switch|p2a: Waillord|Dondozo, F|100\/100\n|move|p1a: Horton|Headlong Rush|p2a: Waillord\n|-damage|p2a: Waillord|63\/100\n|-unboost|p1a: Horton|def|1\n|-unboost|p1a: Horton|spd|1\n|\n|upkeep\n|turn|20\n|\n|t:|1700582208\n|-end|p1a: Horton|Protosynthesis|[silent]\n|switch|p1a: Janitor|Ogerpon-Wellspring, F|100\/100\n|move|p2a: Waillord|Waterfall|p1a: Janitor\n|-immune|p1a: Janitor|[from] ability: Water Absorb\n|\n|upkeep\n|turn|21\n|\n|t:|1700582220\n|move|p1a: Janitor|Encore|p2a: Waillord\n|-start|p2a: Waillord|Encore\n|move|p2a: Waillord|Waterfall|p1a: Janitor\n|-immune|p1a: Janitor|[from] ability: Water Absorb\n|\n|upkeep\n|turn|22\n|\n|t:|1700582226\n|switch|p2a: Salt Lick|Garganacl, M|35\/100\n|move|p1a: Janitor|Swords Dance|p1a: Janitor\n|-boost|p1a: Janitor|atk|2\n|\n|-heal|p2a: Salt Lick|41\/100|[from] item: Leftovers\n|upkeep\n|turn|23\n|\n|t:|1700582233\n|-terastallize|p2a: Salt Lick|Ghost\n|move|p1a: Janitor|Ivy Cudgel|p2a: Salt Lick|[anim] Ivy Cudgel Water\n|-damage|p2a: Salt Lick|0 fnt\n|faint|p2a: Salt Lick\n|\n|upkeep\n|-message|churrolite92 forfeited.\n|\n|win|Phrensoph\n|raw|Phrensoph's rating: 1117 &rarr; <strong>1150<\/strong><br \/>(+33 for winning)\n|raw|churrolite92's rating: 1228 &rarr; <strong>1195<\/strong><br \/>(-33 for losing)\n|l|\u2606churrolite92\n","uploadtime":1700582243,"views":1,"p1id":"phrensoph","p2id":"churrolite92","formatid":"gen9ou","rating":1150,"private":0,"password":""}