{"id":"gen9ou-1997553544","p1":"Just Kamiru","p2":"StinkyBinky609","format":"[Gen 9] OU","log":"|j|\u2606Just Kamiru\n|j|\u2606StinkyBinky609\n|t:|1700824540\n|gametype|singles\n|player|p1|Just Kamiru|marnie-masters2|1104\n|player|p2|StinkyBinky609|drayden|1215\n|teamsize|p1|6\n|teamsize|p2|6\n|gen|9\n|tier|[Gen 9] OU\n|rated|\n|rule|Sleep Clause Mod: Limit one foe put to sleep\n|rule|Species Clause: Limit one of each Pok\u00e9mon\n|rule|OHKO Clause: OHKO moves are banned\n|rule|Evasion Items Clause: Evasion items are banned\n|rule|Evasion Moves Clause: Evasion moves are banned\n|rule|Endless Battle Clause: Forcing endless battles is banned\n|rule|HP Percentage Mod: HP is shown in percentages\n|clearpoke\n|poke|p1|Gholdengo|\n|poke|p1|Ting-Lu|\n|poke|p1|Dragonite, M|\n|poke|p1|Alomomola, F|\n|poke|p1|Iron Moth|\n|poke|p1|Great Tusk|\n|poke|p2|Great Tusk|\n|poke|p2|Chandelure, M|\n|poke|p2|Kilowattrel, M|\n|poke|p2|Iron Valiant|\n|poke|p2|Piloswine, M|\n|poke|p2|Ogerpon, F|\n|teampreview\n|inactive|Battle timer is ON: inactive players will automatically lose when time's up. (requested by Just Kamiru)\n|\n|t:|1700824548\n|start\n|switch|p1a: Cereal Head|Ting-Lu|100\/100\n|switch|p2a: Ogerpon-Shitspring|Ogerpon, F|100\/100\n|-ability|p1a: Cereal Head|Vessel of Ruin\n|turn|1\n|c|\u2606Just Kamiru|good lord\n|\n|t:|1700824560\n|switch|p1a: Shrek dragon|Dragonite, M, shiny|100\/100\n|move|p2a: Ogerpon-Shitspring|U-turn|p1a: Shrek dragon\n|-resisted|p1a: Shrek dragon\n|-damage|p1a: Shrek dragon|92\/100\n|\n|t:|1700824566\n|switch|p2a: Trash|Iron Valiant|100\/100|[from] U-turn\n|\n|-heal|p1a: Shrek dragon|98\/100|[from] item: Leftovers\n|upkeep\n|turn|2\n|\n|t:|1700824571\n|move|p2a: Trash|Moonblast|p1a: Shrek dragon\n|-supereffective|p1a: Shrek dragon\n|-damage|p1a: Shrek dragon|23\/100\n|move|p1a: Shrek dragon|Dragon Dance|p1a: Shrek dragon\n|-boost|p1a: Shrek dragon|atk|1\n|-boost|p1a: Shrek dragon|spe|1\n|\n|-heal|p1a: Shrek dragon|30\/100|[from] item: Leftovers\n|upkeep\n|turn|3\n|\n|t:|1700824578\n|move|p1a: Shrek dragon|Ice Spinner|p2a: Trash\n|-damage|p2a: Trash|53\/100\n|move|p2a: Trash|Moonblast|p1a: Shrek dragon\n|-supereffective|p1a: Shrek dragon\n|-damage|p1a: Shrek dragon|0 fnt\n|faint|p1a: Shrek dragon\n|\n|upkeep\n|\n|t:|1700824588\n|switch|p1a: V0lcarona|Iron Moth, shiny|100\/100\n|-enditem|p1a: V0lcarona|Booster Energy\n|-activate|p1a: V0lcarona|ability: Quark Drive|[fromitem]\n|-start|p1a: V0lcarona|quarkdrivespe\n|turn|4\n|c|\u2606StinkyBinky609|Cereal head \ud83d\ude02\n|\n|t:|1700824595\n|-end|p2a: Trash|Quark Drive|[silent]\n|switch|p2a: Chandy|Chandelure, M|100\/100\n|move|p1a: V0lcarona|Fiery Dance|p2a: Chandy\n|-start|p2a: Chandy|ability: Flash Fire\n|\n|upkeep\n|turn|5\n|\n|t:|1700824605\n|move|p1a: V0lcarona|Sludge Wave|p2a: Chandy\n|-resisted|p2a: Chandy\n|-damage|p2a: Chandy|68\/100\n|move|p2a: Chandy|Flamethrower|p1a: V0lcarona\n|-resisted|p1a: V0lcarona\n|-damage|p1a: V0lcarona|46\/100\n|\n|upkeep\n|turn|6\n|c|\u2606Just Kamiru|good lord\n|c|\u2606StinkyBinky609|Fr\n|c|\u2606Just Kamiru|im not winning this battle\n|c|\u2606StinkyBinky609|i thoight chi yu was banned\n|\n|t:|1700824630\n|move|p1a: V0lcarona|Sludge Wave|p2a: Chandy\n|-resisted|p2a: Chandy\n|-damage|p2a: Chandy|36\/100\n|move|p2a: Chandy|Flamethrower|p1a: V0lcarona\n|-resisted|p1a: V0lcarona\n|-damage|p1a: V0lcarona|0 fnt\n|faint|p1a: V0lcarona\n|-end|p1a: V0lcarona|Quark Drive|[silent]\n|\n|upkeep\n|\n|t:|1700824634\n|switch|p1a: gay fish|Alomomola, F, shiny|100\/100\n|turn|7\n|\n|t:|1700824636\n|-terastallize|p2a: Chandy|Fire\n|move|p2a: Chandy|Flamethrower|p1a: gay fish\n|-resisted|p1a: gay fish\n|-damage|p1a: gay fish|8\/100\n|move|p1a: gay fish|Scald|p2a: Chandy\n|-supereffective|p2a: Chandy\n|-damage|p2a: Chandy|0 fnt\n|faint|p2a: Chandy\n|\n|upkeep\n|c|\u2606StinkyBinky609|LOL\n|c|\u2606StinkyBinky609|THE DAMAGE\n|c|\u2606Just Kamiru|ALOMOMOLA SWEEP\n|c|\u2606StinkyBinky609|In your dreams maybe\n|\n|t:|1700824663\n|switch|p2a: Ogerpon-Shitspring|Ogerpon, F|100\/100\n|turn|8\n|\n|t:|1700824674\n|switch|p1a: Cheese Strings|Gholdengo, shiny|100\/100\n|-item|p1a: Cheese Strings|Air Balloon\n|move|p2a: Ogerpon-Shitspring|Knock Off|p1a: Cheese Strings\n|-supereffective|p1a: Cheese Strings\n|-damage|p1a: Cheese Strings|0 fnt\n|-enditem|p1a: Cheese Strings|Air Balloon\n|faint|p1a: Cheese Strings\n|\n|upkeep\n|\n|t:|1700824677\n|switch|p1a: koraidonphan|Great Tusk, shiny|100\/100\n|-enditem|p1a: koraidonphan|Booster Energy\n|-activate|p1a: koraidonphan|ability: Protosynthesis|[fromitem]\n|-start|p1a: koraidonphan|protosynthesisatk\n|turn|9\n|\n|t:|1700824688\n|switch|p2a: Small Tusk|Piloswine, M|100\/100\n|move|p1a: koraidonphan|Ice Spinner|p2a: Small Tusk\n|-damage|p2a: Small Tusk|89\/100\n|\n|upkeep\n|turn|10\n|c|\u2606Just Kamiru|small ahh tusk\n|\n|t:|1700824702\n|move|p1a: koraidonphan|Knock Off|p2a: Small Tusk\n|-damage|p2a: Small Tusk|59\/100\n|-enditem|p2a: Small Tusk|Eviolite|[from] move: Knock Off|[of] p1a: koraidonphan\n|move|p2a: Small Tusk|Scary Face|p1a: koraidonphan\n|-unboost|p1a: koraidonphan|spe|2\n|\n|upkeep\n|turn|11\n|c|\u2606Just Kamiru|jumpscare\n|\n|t:|1700824709\n|move|p2a: Small Tusk|Ice Shard|p1a: koraidonphan\n|-supereffective|p1a: koraidonphan\n|-crit|p1a: koraidonphan\n|-damage|p1a: koraidonphan|56\/100\n|move|p1a: koraidonphan|Rapid Spin|p2a: Small Tusk\n|-damage|p2a: Small Tusk|38\/100\n|-boost|p1a: koraidonphan|spe|1\n|\n|upkeep\n|turn|12\n|\n|t:|1700824715\n|move|p1a: koraidonphan|Rapid Spin|p2a: Small Tusk\n|-damage|p2a: Small Tusk|13\/100\n|-boost|p1a: koraidonphan|spe|1\n|move|p2a: Small Tusk|Scary Face|p1a: koraidonphan\n|-unboost|p1a: koraidonphan|spe|2\n|\n|upkeep\n|turn|13\n|\n|t:|1700824720\n|move|p1a: koraidonphan|Rapid Spin|p2a: Small Tusk\n|-damage|p2a: Small Tusk|0 fnt\n|-boost|p1a: koraidonphan|spe|1\n|faint|p2a: Small Tusk\n|\n|upkeep\n|\n|t:|1700824722\n|switch|p2a: Ogerpon-Shitspring|Ogerpon, F|100\/100\n|turn|14\n|\n|t:|1700824727\n|move|p2a: Ogerpon-Shitspring|Ivy Cudgel|p1a: koraidonphan\n|-supereffective|p1a: koraidonphan\n|-damage|p1a: koraidonphan|0 fnt\n|faint|p1a: koraidonphan\n|-end|p1a: koraidonphan|Protosynthesis|[silent]\n|\n|upkeep\n|\n|t:|1700824731\n|switch|p1a: Cereal Head|Ting-Lu|100\/100\n|-ability|p1a: Cereal Head|Vessel of Ruin\n|turn|15\n|\n|t:|1700824736\n|-terastallize|p1a: Cereal Head|Steel\n|move|p2a: Ogerpon-Shitspring|Ivy Cudgel|p1a: Cereal Head\n|-resisted|p1a: Cereal Head\n|-damage|p1a: Cereal Head|86\/100\n|move|p1a: Cereal Head|Stealth Rock|p2a: Ogerpon-Shitspring\n|-sidestart|p2: StinkyBinky609|move: Stealth Rock\n|\n|-heal|p1a: Cereal Head|92\/100|[from] item: Leftovers\n|upkeep\n|turn|16\n|\n|t:|1700824740\n|switch|p2a: Elon Musk|Great Tusk|100\/100\n|-damage|p2a: Elon Musk|98\/100|[from] Stealth Rock\n|move|p1a: Cereal Head|Spikes|p2a: Elon Musk\n|-sidestart|p2: StinkyBinky609|Spikes\n|\n|-heal|p1a: Cereal Head|98\/100|[from] item: Leftovers\n|upkeep\n|turn|17\n|\n|t:|1700824745\n|move|p2a: Elon Musk|Headlong Rush|p1a: Cereal Head\n|-supereffective|p1a: Cereal Head\n|-damage|p1a: Cereal Head|48\/100\n|-unboost|p2a: Elon Musk|def|1\n|-unboost|p2a: Elon Musk|spd|1\n|move|p1a: Cereal Head|Whirlwind|p2a: Elon Musk\n|-end|p2a: Elon Musk|Protosynthesis|[silent]\n|drag|p2a: Gigachaddrel|Kilowattrel, M|100\/100\n|\n|-heal|p1a: Cereal Head|54\/100|[from] item: Leftovers\n|upkeep\n|turn|18\n|\n|t:|1700824749\n|move|p2a: Gigachaddrel|Volt Switch|p1a: Cereal Head\n|-damage|p1a: Cereal Head|34\/100\n|\n|t:|1700824751\n|switch|p2a: Elon Musk|Great Tusk|98\/100|[from] Volt Switch\n|-damage|p2a: Elon Musk|95\/100|[from] Stealth Rock\n|-damage|p2a: Elon Musk|82\/100|[from] Spikes\n|move|p1a: Cereal Head|Spikes|p2a: Elon Musk\n|-sidestart|p2: StinkyBinky609|Spikes\n|\n|-heal|p1a: Cereal Head|40\/100|[from] item: Leftovers\n|upkeep\n|turn|19\n|\n|t:|1700824754\n|move|p2a: Elon Musk|Headlong Rush|p1a: Cereal Head\n|-supereffective|p1a: Cereal Head\n|-damage|p1a: Cereal Head|0 fnt\n|-unboost|p2a: Elon Musk|def|1\n|-unboost|p2a: Elon Musk|spd|1\n|faint|p1a: Cereal Head\n|\n|upkeep\n|\n|t:|1700824757\n|switch|p1a: gay fish|Alomomola, F, shiny|42\/100\n|turn|20\n|\n|t:|1700824762\n|move|p2a: Elon Musk|Rapid Spin|p1a: gay fish\n|-damage|p1a: gay fish|33\/100\n|-boost|p2a: Elon Musk|spe|1\n|-damage|p2a: Elon Musk|66\/100|[from] item: Rocky Helmet|[of] p1a: gay fish\n|-sideend|p2: StinkyBinky609|Spikes|[from] move: Rapid Spin|[of] p2a: Elon Musk\n|-sideend|p2: StinkyBinky609|Stealth Rock|[from] move: Rapid Spin|[of] p2a: Elon Musk\n|move|p1a: gay fish|Wish|p1a: gay fish\n|\n|upkeep\n|turn|21\n|\n|t:|1700824766\n|-end|p2a: Elon Musk|Protosynthesis|[silent]\n|switch|p2a: Ogerpon-Shitspring|Ogerpon, F|100\/100\n|move|p1a: gay fish|Protect||[still]\n|-fail|p1a: gay fish\n|\n|-heal|p1a: gay fish|83\/100|[from] move: Wish|[wisher] gay fish\n|upkeep\n|turn|22\n|\n|t:|1700824769\n|move|p2a: Ogerpon-Shitspring|Ivy Cudgel|p1a: gay fish\n|-supereffective|p1a: gay fish\n|-crit|p1a: gay fish\n|-damage|p1a: gay fish|0 fnt\n|faint|p1a: gay fish\n|\n|win|StinkyBinky609\n|raw|Just Kamiru's rating: 1104 &rarr; <strong>1087<\/strong><br \/>(-17 for losing)\n|raw|StinkyBinky609's rating: 1215 &rarr; <strong>1232<\/strong><br \/>(+17 for winning)\n|c|\u2606StinkyBinky609|Gg\n|c|\u2606Just Kamiru|gg\n|l|\u2606Just Kamiru\n","uploadtime":1700824776,"views":6,"p1id":"justkamiru","p2id":"stinkybinky609","formatid":"gen9ou","rating":1087,"private":0,"password":""}