{"id":"gen9ou-1993351124","p1":"draco9746","p2":"acvo1","format":"[Gen 9] OU","log":"|j|\u2606draco9746\n|j|\u2606acvo1\n|t:|1700303970\n|gametype|singles\n|player|p1|draco9746|cynthia|1283\n|player|p2|acvo1|harlequin|1208\n|teamsize|p1|6\n|teamsize|p2|6\n|gen|9\n|tier|[Gen 9] OU\n|rated|\n|rule|Sleep Clause Mod: Limit one foe put to sleep\n|rule|Species Clause: Limit one of each Pok\u00e9mon\n|rule|OHKO Clause: OHKO moves are banned\n|rule|Evasion Items Clause: Evasion items are banned\n|rule|Evasion Moves Clause: Evasion moves are banned\n|rule|Endless Battle Clause: Forcing endless battles is banned\n|rule|HP Percentage Mod: HP is shown in percentages\n|clearpoke\n|poke|p1|Hatterene, F|\n|poke|p1|Kingambit, F|\n|poke|p1|Ogerpon-Wellspring, F|\n|poke|p1|Dragapult, F|\n|poke|p1|Sneasler, F|\n|poke|p1|Rotom-Wash|\n|poke|p2|Dragapult, M|\n|poke|p2|Skeledirge, F|\n|poke|p2|Mandibuzz, F|\n|poke|p2|Weezing-Galar, M|\n|poke|p2|Milotic, F|\n|poke|p2|Clodsire, F|\n|teampreview\n|inactive|Battle timer is ON: inactive players will automatically lose when time's up. (requested by draco9746)\n|\n|t:|1700303997\n|start\n|switch|p1a: Rotom|Rotom-Wash|100\/100\n|switch|p2a: Dragapult|Dragapult, M|100\/100\n|turn|1\n|\n|t:|1700304003\n|move|p2a: Dragapult|U-turn|p1a: Rotom\n|-damage|p1a: Rotom|88\/100\n|\n|t:|1700304007\n|switch|p2a: Milotic|Milotic, F|100\/100|[from] U-turn\n|move|p1a: Rotom|Thunder Wave|p2a: Milotic\n|-status|p2a: Milotic|par\n|\n|-heal|p1a: Rotom|94\/100|[from] item: Leftovers\n|upkeep\n|turn|2\n|\n|t:|1700304018\n|move|p1a: Rotom|Volt Switch|p2a: Milotic\n|-supereffective|p2a: Milotic\n|-damage|p2a: Milotic|71\/100 par\n|\n|t:|1700304025\n|switch|p1a: Hatterene|Hatterene, F|100\/100|[from] Volt Switch\n|move|p2a: Milotic|Scald|p1a: Hatterene\n|-damage|p1a: Hatterene|73\/100\n|\n|-heal|p1a: Hatterene|79\/100|[from] item: Leftovers\n|upkeep\n|turn|3\n|\n|t:|1700304037\n|move|p2a: Milotic|Scald|p1a: Hatterene\n|-damage|p1a: Hatterene|48\/100\n|-status|p1a: Hatterene|brn\n|move|p1a: Hatterene|Calm Mind|p1a: Hatterene\n|-boost|p1a: Hatterene|spa|1\n|-boost|p1a: Hatterene|spd|1\n|\n|-heal|p1a: Hatterene|54\/100 brn|[from] item: Leftovers\n|-damage|p1a: Hatterene|48\/100 brn|[from] brn\n|upkeep\n|turn|4\n|\n|t:|1700304047\n|move|p2a: Milotic|Haze|p2a: Milotic\n|-clearallboost\n|move|p1a: Hatterene|Draining Kiss|p2a: Milotic\n|-damage|p2a: Milotic|59\/100 par\n|-heal|p1a: Hatterene|59\/100 brn|[from] drain|[of] p2a: Milotic\n|\n|-heal|p1a: Hatterene|65\/100 brn|[from] item: Leftovers\n|-damage|p1a: Hatterene|59\/100 brn|[from] brn\n|upkeep\n|turn|5\n|\n|t:|1700304059\n|move|p2a: Milotic|Recover|p2a: Milotic\n|-heal|p2a: Milotic|100\/100 par\n|move|p1a: Hatterene|Calm Mind|p1a: Hatterene\n|-boost|p1a: Hatterene|spa|1\n|-boost|p1a: Hatterene|spd|1\n|\n|-heal|p1a: Hatterene|65\/100 brn|[from] item: Leftovers\n|-damage|p1a: Hatterene|59\/100 brn|[from] brn\n|upkeep\n|turn|6\n|\n|t:|1700304071\n|switch|p2a: Weezing|Weezing-Galar, M|100\/100\n|-ability|p2a: Weezing|Neutralizing Gas\n|move|p1a: Hatterene|Draining Kiss|p2a: Weezing\n|-resisted|p2a: Weezing\n|-damage|p2a: Weezing|79\/100\n|-heal|p1a: Hatterene|76\/100 brn|[from] drain|[of] p2a: Weezing\n|\n|-heal|p2a: Weezing|85\/100|[from] item: Leftovers\n|-heal|p1a: Hatterene|82\/100 brn|[from] item: Leftovers\n|-damage|p1a: Hatterene|76\/100 brn|[from] brn\n|upkeep\n|turn|7\n|\n|t:|1700304095\n|switch|p1a: Kingambit|Kingambit, F|100\/100\n|move|p2a: Weezing|Sludge Bomb|p1a: Kingambit\n|-immune|p1a: Kingambit\n|\n|-heal|p2a: Weezing|91\/100|[from] item: Leftovers\n|upkeep\n|turn|8\n|\n|t:|1700304107\n|move|p1a: Kingambit|Swords Dance|p1a: Kingambit\n|-boost|p1a: Kingambit|atk|2\n|move|p2a: Weezing|Will-O-Wisp|p1a: Kingambit\n|-status|p1a: Kingambit|brn\n|-enditem|p1a: Kingambit|Lum Berry|[eat]\n|-curestatus|p1a: Kingambit|brn|[msg]\n|\n|-heal|p2a: Weezing|97\/100|[from] item: Leftovers\n|upkeep\n|turn|9\n|\n|t:|1700304118\n|-terastallize|p2a: Weezing|Flying\n|move|p1a: Kingambit|Iron Head|p2a: Weezing\n|-damage|p2a: Weezing|36\/100\n|move|p2a: Weezing|Will-O-Wisp|p1a: Kingambit\n|-status|p1a: Kingambit|brn\n|\n|-heal|p2a: Weezing|42\/100|[from] item: Leftovers\n|-damage|p1a: Kingambit|94\/100 brn|[from] brn\n|upkeep\n|turn|10\n|\n|t:|1700304129\n|-end|p2a: Weezing|ability: Neutralizing Gas\n|switch|p2a: Mandibuzz|Mandibuzz, F|100\/100\n|move|p1a: Kingambit|Swords Dance|p1a: Kingambit\n|-boost|p1a: Kingambit|atk|2\n|\n|-damage|p1a: Kingambit|88\/100 brn|[from] brn\n|upkeep\n|turn|11\n|\n|t:|1700304140\n|move|p1a: Kingambit|Sucker Punch||[still]\n|-fail|p1a: Kingambit\n|move|p2a: Mandibuzz|Iron Defense|p2a: Mandibuzz\n|-boost|p2a: Mandibuzz|def|2\n|\n|-damage|p1a: Kingambit|82\/100 brn|[from] brn\n|upkeep\n|turn|12\n|\n|t:|1700304147\n|move|p2a: Mandibuzz|Iron Defense|p2a: Mandibuzz\n|-boost|p2a: Mandibuzz|def|2\n|move|p1a: Kingambit|Iron Head|p2a: Mandibuzz\n|-damage|p2a: Mandibuzz|87\/100\n|\n|-damage|p1a: Kingambit|76\/100 brn|[from] brn\n|upkeep\n|turn|13\n|\n|t:|1700304154\n|move|p2a: Mandibuzz|Iron Defense|p2a: Mandibuzz\n|-boost|p2a: Mandibuzz|def|2\n|move|p1a: Kingambit|Kowtow Cleave|p2a: Mandibuzz\n|-resisted|p2a: Mandibuzz\n|-damage|p2a: Mandibuzz|81\/100\n|\n|-damage|p1a: Kingambit|70\/100 brn|[from] brn\n|upkeep\n|turn|14\n|\n|t:|1700304162\n|move|p2a: Mandibuzz|Foul Play|p1a: Kingambit\n|-resisted|p1a: Kingambit\n|-crit|p1a: Kingambit\n|-damage|p1a: Kingambit|0 fnt\n|faint|p1a: Kingambit\n|-end|p1a: Kingambit|fallenundefined|[silent]\n|\n|upkeep\n|\n|t:|1700304168\n|switch|p1a: Rotom|Rotom-Wash|94\/100\n|turn|15\n|\n|t:|1700304173\n|move|p1a: Rotom|Volt Switch|p2a: Mandibuzz\n|-supereffective|p2a: Mandibuzz\n|-damage|p2a: Mandibuzz|40\/100\n|\n|t:|1700304180\n|switch|p1a: Hatterene|Hatterene, F|76\/100 brn|[from] Volt Switch\n|move|p2a: Mandibuzz|Toxic|p1a: Hatterene\n|move|p1a: Hatterene|Toxic|p2a: Mandibuzz|[from]ability: Magic Bounce\n|-status|p2a: Mandibuzz|tox\n|\n|-heal|p1a: Hatterene|82\/100 brn|[from] item: Leftovers\n|-damage|p2a: Mandibuzz|34\/100 tox|[from] psn\n|-damage|p1a: Hatterene|76\/100 brn|[from] brn\n|upkeep\n|turn|16\n|\n|t:|1700304196\n|move|p2a: Mandibuzz|Roost|p2a: Mandibuzz\n|-heal|p2a: Mandibuzz|84\/100 tox\n|-singleturn|p2a: Mandibuzz|move: Roost\n|move|p1a: Hatterene|Draining Kiss|p2a: Mandibuzz\n|-supereffective|p2a: Mandibuzz\n|-damage|p2a: Mandibuzz|48\/100 tox\n|-heal|p1a: Hatterene|100\/100 brn|[from] drain|[of] p2a: Mandibuzz\n|\n|-damage|p2a: Mandibuzz|36\/100 tox|[from] psn\n|-damage|p1a: Hatterene|95\/100 brn|[from] brn\n|upkeep\n|turn|17\n|\n|t:|1700304206\n|move|p2a: Mandibuzz|Foul Play|p1a: Hatterene\n|-damage|p1a: Hatterene|76\/100 brn\n|move|p1a: Hatterene|Calm Mind|p1a: Hatterene\n|-boost|p1a: Hatterene|spa|1\n|-boost|p1a: Hatterene|spd|1\n|\n|-heal|p1a: Hatterene|82\/100 brn|[from] item: Leftovers\n|-damage|p2a: Mandibuzz|18\/100 tox|[from] psn\n|-damage|p1a: Hatterene|76\/100 brn|[from] brn\n|upkeep\n|turn|18\n|\n|t:|1700304220\n|switch|p2a: Clodsire|Clodsire, F|100\/100\n|move|p1a: Hatterene|Calm Mind|p1a: Hatterene\n|-boost|p1a: Hatterene|spa|1\n|-boost|p1a: Hatterene|spd|1\n|\n|-heal|p1a: Hatterene|82\/100 brn|[from] item: Leftovers\n|-damage|p1a: Hatterene|76\/100 brn|[from] brn\n|upkeep\n|turn|19\n|inactive|acvo1 has 120 seconds left.\n|\n|t:|1700304254\n|switch|p2a: Dragapult|Dragapult, M|100\/100\n|move|p1a: Hatterene|Psyshock|p2a: Dragapult\n|-crit|p2a: Dragapult\n|-damage|p2a: Dragapult|0 fnt\n|faint|p2a: Dragapult\n|\n|-heal|p1a: Hatterene|82\/100 brn|[from] item: Leftovers\n|-damage|p1a: Hatterene|76\/100 brn|[from] brn\n|upkeep\n|inactive|acvo1 has 120 seconds left.\n|\n|t:|1700304266\n|switch|p2a: Weezing|Weezing-Galar, M, tera:Flying|42\/100\n|-ability|p2a: Weezing|Neutralizing Gas\n|turn|20\n|\n|t:|1700304289\n|switch|p1a: Rotom|Rotom-Wash|94\/100\n|move|p2a: Weezing|Pain Split|p1a: Rotom\n|-sethp|p1a: Rotom|70\/100|[from] move: Pain Split|[silent]\n|-sethp|p2a: Weezing|64\/100|[from] move: Pain Split\n|\n|-heal|p1a: Rotom|76\/100|[from] item: Leftovers\n|-heal|p2a: Weezing|70\/100|[from] item: Leftovers\n|upkeep\n|turn|21\n|\n|t:|1700304302\n|move|p1a: Rotom|Thunder Wave|p2a: Weezing\n|-status|p2a: Weezing|par\n|move|p2a: Weezing|Sludge Bomb|p1a: Rotom\n|-damage|p1a: Rotom|47\/100\n|\n|-heal|p1a: Rotom|53\/100|[from] item: Leftovers\n|-heal|p2a: Weezing|76\/100 par|[from] item: Leftovers\n|upkeep\n|turn|22\n|\n|t:|1700304312\n|move|p1a: Rotom|Hydro Pump|p2a: Weezing\n|-damage|p2a: Weezing|18\/100 par\n|cant|p2a: Weezing|par\n|\n|-heal|p1a: Rotom|60\/100|[from] item: Leftovers\n|-heal|p2a: Weezing|24\/100 par|[from] item: Leftovers\n|upkeep\n|turn|23\n|\n|t:|1700304323\n|-end|p2a: Weezing|ability: Neutralizing Gas\n|switch|p2a: Milotic|Milotic, F|100\/100 par\n|move|p1a: Rotom|Protect||[still]\n|-fail|p1a: Rotom\n|\n|-heal|p1a: Rotom|66\/100|[from] item: Leftovers\n|upkeep\n|turn|24\n|\n|t:|1700304333\n|move|p1a: Rotom|Volt Switch|p2a: Milotic\n|-supereffective|p2a: Milotic\n|-damage|p2a: Milotic|73\/100 par\n|\n|t:|1700304337\n|switch|p1a: Ogerpon|Ogerpon-Wellspring, F|100\/100|[from] Volt Switch\n|move|p2a: Milotic|Scald|p1a: Ogerpon\n|-immune|p1a: Ogerpon|[from] ability: Water Absorb\n|\n|upkeep\n|turn|25\n|\n|t:|1700304348\n|switch|p2a: Clodsire|Clodsire, F|100\/100\n|move|p1a: Ogerpon|Horn Leech|p2a: Clodsire\n|-damage|p2a: Clodsire|66\/100\n|\n|-heal|p2a: Clodsire|72\/100|[from] item: Black Sludge\n|upkeep\n|turn|26\n|\n|t:|1700304359\n|move|p1a: Ogerpon|Taunt|p2a: Clodsire\n|-start|p2a: Clodsire|move: Taunt\n|move|p2a: Clodsire|Earthquake|p1a: Ogerpon\n|-resisted|p1a: Ogerpon\n|-damage|p1a: Ogerpon|85\/100\n|\n|-heal|p2a: Clodsire|78\/100|[from] item: Black Sludge\n|upkeep\n|turn|27\n|\n|t:|1700304367\n|switch|p2a: Skeledirge|Skeledirge, F|100\/100\n|move|p1a: Ogerpon|Horn Leech|p2a: Skeledirge\n|-resisted|p2a: Skeledirge\n|-damage|p2a: Skeledirge|81\/100\n|-heal|p1a: Ogerpon|98\/100|[from] drain|[of] p2a: Skeledirge\n|\n|upkeep\n|turn|28\n|\n|t:|1700304376\n|move|p1a: Ogerpon|Ivy Cudgel|p2a: Skeledirge|[anim] Ivy Cudgel Water\n|-supereffective|p2a: Skeledirge\n|-damage|p2a: Skeledirge|0 fnt\n|faint|p2a: Skeledirge\n|\n|upkeep\n|-message|acvo1 forfeited.\n|\n|win|draco9746\n|raw|draco9746's rating: 1283 &rarr; <strong>1303<\/strong><br \/>(+20 for winning)\n|raw|acvo1's rating: 1208 &rarr; <strong>1188<\/strong><br \/>(-20 for losing)\n|l|\u2606acvo1\n","uploadtime":1700304383,"views":9,"p1id":"draco9746","p2id":"acvo1","formatid":"gen9ou","rating":1188,"private":0,"password":""}