{"id":"gen9ou-1994477693","p1":"RepeatUntilTired3","p2":"CejTo10","format":"[Gen 9] OU","log":"|j|\u2606RepeatUntilTired3\n|j|\u2606CejTo10\n|t:|1700448509\n|gametype|singles\n|player|p1|RepeatUntilTired3|marlon|1551\n|player|p2|CejTo10|emmet|1680\n|teamsize|p1|6\n|teamsize|p2|6\n|gen|9\n|tier|[Gen 9] OU\n|rated|\n|rule|Sleep Clause Mod: Limit one foe put to sleep\n|rule|Species Clause: Limit one of each Pok\u00e9mon\n|rule|OHKO Clause: OHKO moves are banned\n|rule|Evasion Items Clause: Evasion items are banned\n|rule|Evasion Moves Clause: Evasion moves are banned\n|rule|Endless Battle Clause: Forcing endless battles is banned\n|rule|HP Percentage Mod: HP is shown in percentages\n|clearpoke\n|poke|p1|Basculegion-F, F|\n|poke|p1|Rillaboom, M|\n|poke|p1|Zapdos|\n|poke|p1|Pelipper, M|\n|poke|p1|Iron Treads|\n|poke|p1|Samurott-Hisui, M|\n|poke|p2|Grimmsnarl, M|\n|poke|p2|Iron Moth|\n|poke|p2|Ogerpon-Cornerstone, F|\n|poke|p2|Mew|\n|poke|p2|Great Tusk|\n|poke|p2|Dragonite, F|\n|teampreview\n|inactive|Battle timer is ON: inactive players will automatically lose when time's up. (requested by RepeatUntilTired3)\n|\n|t:|1700448521\n|start\n|switch|p1a: BidDaddyPel|Pelipper, M|100\/100\n|switch|p2a: Great Tusk|Great Tusk|100\/100\n|-weather|RainDance|[from] ability: Drizzle|[of] p1a: BidDaddyPel\n|-enditem|p2a: Great Tusk|Booster Energy\n|-activate|p2a: Great Tusk|ability: Protosynthesis|[fromitem]\n|-start|p2a: Great Tusk|protosynthesisspe\n|turn|1\n|\n|t:|1700448530\n|switch|p1a: BigBird|Zapdos|100\/100\n|move|p2a: Great Tusk|Stealth Rock|p1a: BigBird\n|-sidestart|p1: RepeatUntilTired3|move: Stealth Rock\n|\n|-weather|RainDance|[upkeep]\n|upkeep\n|turn|2\n|\n|t:|1700448536\n|move|p2a: Great Tusk|Knock Off|p1a: BigBird\n|-damage|p1a: BigBird|78\/100\n|-enditem|p1a: BigBird|Heavy-Duty Boots|[from] move: Knock Off|[of] p2a: Great Tusk\n|move|p1a: BigBird|Hurricane|p2a: Great Tusk\n|-supereffective|p2a: Great Tusk\n|-damage|p2a: Great Tusk|0 fnt\n|faint|p2a: Great Tusk\n|-end|p2a: Great Tusk|Protosynthesis|[silent]\n|\n|-weather|RainDance|[upkeep]\n|upkeep\n|\n|t:|1700448559\n|switch|p2a: Ogerpon|Ogerpon-Cornerstone, F|100\/100\n|turn|3\n|\n|t:|1700448562\n|switch|p1a: Droideka|Iron Treads|100\/100\n|-damage|p1a: Droideka|97\/100|[from] Stealth Rock\n|move|p2a: Ogerpon|Ivy Cudgel|p1a: Droideka|[anim] Ivy Cudgel Rock\n|-resisted|p1a: Droideka\n|-damage|p1a: Droideka|86\/100\n|\n|-weather|RainDance|[upkeep]\n|-heal|p1a: Droideka|93\/100|[from] item: Leftovers\n|upkeep\n|turn|4\n|\n|t:|1700448572\n|switch|p2a: Mew|Mew|100\/100\n|move|p1a: Droideka|Rapid Spin|p2a: Mew\n|-damage|p2a: Mew|92\/100\n|-boost|p1a: Droideka|spe|1\n|-sideend|p1: RepeatUntilTired3|Stealth Rock|[from] move: Rapid Spin|[of] p1a: Droideka\n|\n|-weather|RainDance|[upkeep]\n|-heal|p1a: Droideka|99\/100|[from] item: Leftovers\n|upkeep\n|turn|5\n|\n|t:|1700448580\n|move|p1a: Droideka|Volt Switch|p2a: Mew\n|-damage|p2a: Mew|80\/100\n|\n|t:|1700448583\n|-end|p1a: Droideka|Quark Drive|[silent]\n|switch|p1a: Samurott|Samurott-Hisui, M|100\/100|[from] Volt Switch\n|move|p2a: Mew|Agility|p2a: Mew\n|-boost|p2a: Mew|spe|2\n|\n|-weather|RainDance|[upkeep]\n|upkeep\n|turn|6\n|\n|t:|1700448592\n|move|p2a: Mew|Draining Kiss|p1a: Samurott\n|-supereffective|p1a: Samurott\n|-damage|p1a: Samurott|71\/100\n|-heal|p2a: Mew|100\/100|[from] drain|[of] p1a: Samurott\n|move|p1a: Samurott|Ceaseless Edge|p2a: Mew\n|-supereffective|p2a: Mew\n|-damage|p2a: Mew|0 fnt\n|-sidestart|p2: CejTo10|Spikes\n|faint|p2a: Mew\n|\n|-weather|RainDance|[upkeep]\n|upkeep\n|\n|t:|1700448604\n|switch|p2a: Grimmsnarl|Grimmsnarl, M|100\/100\n|-damage|p2a: Grimmsnarl|88\/100|[from] Spikes\n|turn|7\n|\n|t:|1700448626\n|switch|p1a: Him|Rillaboom, M|100\/100\n|-fieldstart|move: Grassy Terrain|[from] ability: Grassy Surge|[of] p1a: Him\n|move|p2a: Grimmsnarl|Reflect|p2a: Grimmsnarl\n|-sidestart|p2: CejTo10|Reflect\n|\n|-weather|RainDance|[upkeep]\n|-heal|p2a: Grimmsnarl|94\/100|[from] Grassy Terrain\n|upkeep\n|turn|8\n|\n|t:|1700448633\n|move|p2a: Grimmsnarl|Reflect||[still]\n|-fail|p2a: Grimmsnarl\n|move|p1a: Him|Swords Dance|p1a: Him\n|-boost|p1a: Him|atk|2\n|\n|-weather|none\n|-heal|p2a: Grimmsnarl|99\/100|[from] Grassy Terrain\n|upkeep\n|turn|9\n|\n|t:|1700448639\n|move|p1a: Him|Wood Hammer|p2a: Grimmsnarl\n|-damage|p2a: Grimmsnarl|5\/100\n|-damage|p1a: Him|69\/100|[from] Recoil\n|move|p2a: Grimmsnarl|Foul Play|p1a: Him\n|-damage|p1a: Him|0 fnt\n|faint|p1a: Him\n|\n|-heal|p2a: Grimmsnarl|11\/100|[from] Grassy Terrain\n|upkeep\n|\n|t:|1700448649\n|switch|p1a: BidDaddyPel|Pelipper, M|100\/100\n|-weather|RainDance|[from] ability: Drizzle|[of] p1a: BidDaddyPel\n|turn|10\n|\n|t:|1700448654\n|move|p2a: Grimmsnarl|Light Screen|p2a: Grimmsnarl\n|-sidestart|p2: CejTo10|move: Light Screen\n|move|p1a: BidDaddyPel|U-turn|p2a: Grimmsnarl\n|-damage|p2a: Grimmsnarl|7\/100\n|\n|t:|1700448663\n|switch|p1a: BigBird|Zapdos|78\/100|[from] U-turn\n|\n|-weather|RainDance|[upkeep]\n|-heal|p2a: Grimmsnarl|13\/100|[from] Grassy Terrain\n|upkeep\n|turn|11\n|\n|t:|1700448669\n|move|p2a: Grimmsnarl|Taunt|p1a: BigBird\n|-start|p1a: BigBird|move: Taunt\n|move|p1a: BigBird|Thunder|p2a: Grimmsnarl\n|-damage|p2a: Grimmsnarl|0 fnt\n|faint|p2a: Grimmsnarl\n|\n|-weather|RainDance|[upkeep]\n|-fieldend|move: Grassy Terrain\n|upkeep\n|\n|t:|1700448672\n|switch|p2a: Ogerpon|Ogerpon-Cornerstone, F|100\/100\n|-damage|p2a: Ogerpon|88\/100|[from] Spikes\n|turn|12\n|\n|t:|1700448680\n|switch|p1a: Droideka|Iron Treads|99\/100\n|move|p2a: Ogerpon|Swords Dance|p2a: Ogerpon\n|-boost|p2a: Ogerpon|atk|2\n|\n|-weather|RainDance|[upkeep]\n|-heal|p1a: Droideka|100\/100|[from] item: Leftovers\n|upkeep\n|turn|13\n|\n|t:|1700448689\n|move|p2a: Ogerpon|Trailblaze|p1a: Droideka\n|-crit|p1a: Droideka\n|-damage|p1a: Droideka|28\/100\n|-boost|p2a: Ogerpon|spe|1\n|move|p1a: Droideka|Volt Switch|p2a: Ogerpon\n|-resisted|p2a: Ogerpon\n|-damage|p2a: Ogerpon|84\/100\n|\n|t:|1700448696\n|-end|p1a: Droideka|Quark Drive|[silent]\n|switch|p1a: QueenSalmon|Basculegion-F, F|100\/100|[from] Volt Switch\n|\n|-weather|RainDance|[upkeep]\n|upkeep\n|turn|14\n|\n|t:|1700448715\n|-terastallize|p1a: QueenSalmon|Water\n|move|p1a: QueenSalmon|Surf|p2a: Ogerpon\n|-damage|p2a: Ogerpon|18\/100\n|move|p2a: Ogerpon|Trailblaze|p1a: QueenSalmon\n|-supereffective|p1a: QueenSalmon\n|-damage|p1a: QueenSalmon|0 fnt\n|-boost|p2a: Ogerpon|spe|1\n|faint|p1a: QueenSalmon\n|\n|-weather|RainDance|[upkeep]\n|-sideend|p2: CejTo10|Reflect\n|upkeep\n|\n|t:|1700448726\n|switch|p1a: Samurott|Samurott-Hisui, M|71\/100\n|turn|15\n|\n|t:|1700448728\n|move|p1a: Samurott|Aqua Jet|p2a: Ogerpon\n|-damage|p2a: Ogerpon|0 fnt\n|faint|p2a: Ogerpon\n|\n|-weather|RainDance|[upkeep]\n|upkeep\n|\n|t:|1700448733\n|switch|p2a: Dragonite|Dragonite, F|100\/100\n|turn|16\n|\n|t:|1700448736\n|switch|p1a: BigBird|Zapdos|78\/100\n|move|p2a: Dragonite|Dragon Dance|p2a: Dragonite\n|-boost|p2a: Dragonite|atk|1\n|-boost|p2a: Dragonite|spe|1\n|\n|-weather|RainDance|[upkeep]\n|upkeep\n|turn|17\n|\n|t:|1700448742\n|move|p2a: Dragonite|Ice Spinner|p1a: BigBird\n|-supereffective|p1a: BigBird\n|-crit|p1a: BigBird\n|-damage|p1a: BigBird|0 fnt\n|-status|p2a: Dragonite|par|[from] ability: Static|[of] p1a: BigBird\n|faint|p1a: BigBird\n|\n|-weather|none\n|-sideend|p2: CejTo10|move: Light Screen\n|upkeep\n|c|\u2606CejTo10|Ah yes\n|\n|t:|1700448749\n|switch|p1a: Samurott|Samurott-Hisui, M|71\/100\n|turn|18\n|c|\u2606CejTo10|The 100% static\n|c|\u2606CejTo10|As always\n|\n|t:|1700448754\n|-terastallize|p2a: Dragonite|Normal\n|move|p2a: Dragonite|Extreme Speed|p1a: Samurott\n|-damage|p1a: Samurott|0 fnt\n|faint|p1a: Samurott\n|\n|upkeep\n|c|\u2606RepeatUntilTired3|i mean what a great meta this is\n|c|\u2606RepeatUntilTired3|cheap ass tera fucking dragonite\n|\n|t:|1700448772\n|switch|p1a: BidDaddyPel|Pelipper, M|100\/100\n|-weather|RainDance|[from] ability: Drizzle|[of] p1a: BidDaddyPel\n|turn|19\n|c|\u2606CejTo10|Are you crying\n|\n|t:|1700448777\n|cant|p2a: Dragonite|par\n|move|p1a: BidDaddyPel|Surf|p2a: Dragonite\n|-damage|p2a: Dragonite|78\/100 par\n|\n|-weather|RainDance|[upkeep]\n|upkeep\n|turn|20\n|-message|RepeatUntilTired3 forfeited.\n|\n|win|CejTo10\n|raw|RepeatUntilTired3's rating: 1551 &rarr; <strong>1538<\/strong><br \/>(-13 for losing)\n|raw|CejTo10's rating: 1680 &rarr; <strong>1693<\/strong><br \/>(+13 for winning)\n","uploadtime":1700448769,"views":19,"p1id":"repeatuntiltired3","p2id":"cejto10","formatid":"gen9ou","rating":1538,"private":0,"password":""}