{"id":"gen9ou-1992615387","p1":"wyverbal","p2":"TommyJTC","format":"[Gen 9] OU","log":"|j|\u2606wyverbal\n|j|\u2606TommyJTC\n|t:|1700215129\n|gametype|singles\n|player|p1|wyverbal|266|1149\n|player|p2|TommyJTC|hilbert-wonderlauncher|1119\n|teamsize|p1|6\n|teamsize|p2|6\n|gen|9\n|tier|[Gen 9] OU\n|rated|\n|rule|Sleep Clause Mod: Limit one foe put to sleep\n|rule|Species Clause: Limit one of each Pok\u00e9mon\n|rule|OHKO Clause: OHKO moves are banned\n|rule|Evasion Items Clause: Evasion items are banned\n|rule|Evasion Moves Clause: Evasion moves are banned\n|rule|Endless Battle Clause: Forcing endless battles is banned\n|rule|HP Percentage Mod: HP is shown in percentages\n|clearpoke\n|poke|p1|Dipplin, F|\n|poke|p1|Enamorus-Therian, F|\n|poke|p1|Glimmora, F|\n|poke|p1|Alomomola, M|\n|poke|p1|Grimmsnarl, M|\n|poke|p1|Kommo-o, M|\n|poke|p2|Gholdengo|\n|poke|p2|Kingambit, F|\n|poke|p2|Rillaboom, F|\n|poke|p2|Manaphy|\n|poke|p2|Ogerpon, F|\n|poke|p2|Ribombee, F|\n|teampreview\n|inactive|Battle timer is ON: inactive players will automatically lose when time's up. (requested by wyverbal)\n|\n|t:|1700215135\n|start\n|switch|p1a: Enamorus|Enamorus-Therian, F, shiny|100\/100\n|switch|p2a: Ribombee|Ribombee, F|100\/100\n|turn|1\n|\n|t:|1700215142\n|move|p2a: Ribombee|Sticky Web|p1a: Enamorus\n|-sidestart|p1: wyverbal|move: Sticky Web\n|move|p1a: Enamorus|Agility|p1a: Enamorus\n|-boost|p1a: Enamorus|spe|2\n|\n|upkeep\n|turn|2\n|\n|t:|1700215150\n|move|p1a: Enamorus|Mystical Fire|p2a: Ribombee\n|-supereffective|p2a: Ribombee\n|-damage|p2a: Ribombee|4\/100\n|move|p2a: Ribombee|Stun Spore|p1a: Enamorus\n|-immune|p1a: Enamorus|[from] ability: Overcoat\n|\n|upkeep\n|turn|3\n|\n|t:|1700215161\n|move|p1a: Enamorus|Agility|p1a: Enamorus\n|-boost|p1a: Enamorus|spe|2\n|move|p2a: Ribombee|Skill Swap|p1a: Enamorus\n|-activate|p2a: Ribombee|move: Skill Swap|Overcoat|Shield Dust|[of] p1a: Enamorus\n|\n|upkeep\n|turn|4\n|\n|t:|1700215172\n|move|p1a: Enamorus|Moonblast|p2a: Ribombee\n|-damage|p2a: Ribombee|0 fnt\n|faint|p2a: Ribombee\n|\n|upkeep\n|\n|t:|1700215194\n|switch|p2a: Manaphy|Manaphy|100\/100\n|turn|5\n|\n|t:|1700215201\n|move|p1a: Enamorus|Mystical Fire|p2a: Manaphy\n|-resisted|p2a: Manaphy\n|-damage|p2a: Manaphy|87\/100\n|-unboost|p2a: Manaphy|spa|1\n|move|p2a: Manaphy|Ice Beam|p1a: Enamorus\n|-supereffective|p1a: Enamorus\n|-damage|p1a: Enamorus|42\/100\n|-enditem|p1a: Enamorus|Weakness Policy\n|-boost|p1a: Enamorus|atk|2|[from] item: Weakness Policy\n|-boost|p1a: Enamorus|spa|2|[from] item: Weakness Policy\n|\n|upkeep\n|turn|6\n|\n|t:|1700215216\n|move|p1a: Enamorus|Moonblast|p2a: Manaphy\n|-damage|p2a: Manaphy|0 fnt\n|faint|p2a: Manaphy\n|\n|upkeep\n|\n|t:|1700215227\n|switch|p2a: Ogerpon|Ogerpon, F|100\/100\n|turn|7\n|\n|t:|1700215234\n|-terastallize|p2a: Ogerpon|Grass\n|detailschange|p2a: Ogerpon|Ogerpon-Teal-Tera, F, tera:Grass\n|-ability|p2a: Ogerpon|Embody Aspect (Teal)|boost\n|-boost|p2a: Ogerpon|spe|1\n|move|p1a: Enamorus|Moonblast|p2a: Ogerpon\n|-crit|p2a: Ogerpon\n|-damage|p2a: Ogerpon|0 fnt\n|faint|p2a: Ogerpon\n|\n|upkeep\n|-message|TommyJTC forfeited.\n|\n|win|wyverbal\n|raw|wyverbal's rating: 1149 &rarr; <strong>1172<\/strong><br \/>(+23 for winning)\n|raw|TommyJTC's rating: 1119 &rarr; <strong>1096<\/strong><br \/>(-23 for losing)\n|l|\u2606TommyJTC\n","uploadtime":1700215245,"views":9,"p1id":"wyverbal","p2id":"tommyjtc","formatid":"gen9ou","rating":1096,"private":0,"password":""}