{"id":"gen9ou-1996217327","p1":"Perfecto for you","p2":"TheLargestOne","format":"[Gen 9] OU","log":"|j|\u2606Perfecto for you\n|j|\u2606TheLargestOne\n|t:|1700660359\n|gametype|singles\n|player|p1|Perfecto for you|lucian|1594\n|player|p2|TheLargestOne|benga|1698\n|teamsize|p1|6\n|teamsize|p2|6\n|gen|9\n|tier|[Gen 9] OU\n|rated|\n|rule|Sleep Clause Mod: Limit one foe put to sleep\n|rule|Species Clause: Limit one of each Pok\u00e9mon\n|rule|OHKO Clause: OHKO moves are banned\n|rule|Evasion Items Clause: Evasion items are banned\n|rule|Evasion Moves Clause: Evasion moves are banned\n|rule|Endless Battle Clause: Forcing endless battles is banned\n|rule|HP Percentage Mod: HP is shown in percentages\n|clearpoke\n|poke|p1|Masquerain, M|\n|poke|p1|Iron Moth|\n|poke|p1|Quaquaval, F|\n|poke|p1|Gyarados, M|\n|poke|p1|Skeledirge, F|\n|poke|p1|Hydreigon, M|\n|poke|p2|Cinderace, F|\n|poke|p2|Zapdos|\n|poke|p2|Ogerpon-Wellspring, F|\n|poke|p2|Slowking-Galar, F|\n|poke|p2|Ting-Lu|\n|poke|p2|Dondozo, F|\n|teampreview\n|inactive|Battle timer is ON: inactive players will automatically lose when time's up. (requested by TheLargestOne)\n|c|\u2606TheLargestOne|Bro that team is sick!\n|c|\u2606TheLargestOne|hf\n|inactive|Perfecto for you has 120 seconds left.\n|inactive|TheLargestOne has 120 seconds left.\n|inactive|Perfecto for you has 90 seconds left.\n|inactive|TheLargestOne has 90 seconds left.\n|\n|t:|1700660433\n|start\n|switch|p1a: Skeledirge|Skeledirge, F|100\/100\n|switch|p2a: Cinderace|Cinderace, F|100\/100\n|turn|1\n|\n|t:|1700660439\n|move|p2a: Cinderace|U-turn|p1a: Skeledirge\n|-resisted|p1a: Skeledirge\n|-damage|p1a: Skeledirge|96\/100\n|\n|t:|1700660447\n|switch|p2a: Ting-Lu|Ting-Lu|100\/100|[from] U-turn\n|-ability|p2a: Ting-Lu|Vessel of Ruin\n|move|p1a: Skeledirge|Torch Song|p2a: Ting-Lu\n|-damage|p2a: Ting-Lu|84\/100\n|-boost|p1a: Skeledirge|spa|1\n|\n|-heal|p1a: Skeledirge|100\/100|[from] item: Leftovers\n|-heal|p2a: Ting-Lu|90\/100|[from] item: Leftovers\n|upkeep\n|turn|2\n|\n|t:|1700660461\n|-terastallize|p1a: Skeledirge|Fairy\n|move|p1a: Skeledirge|Tera Blast|p2a: Ting-Lu|[anim] Tera Blast Fairy\n|-supereffective|p2a: Ting-Lu\n|-damage|p2a: Ting-Lu|36\/100\n|move|p2a: Ting-Lu|Stealth Rock|p1a: Skeledirge\n|-sidestart|p1: Perfecto for you|move: Stealth Rock\n|\n|-heal|p2a: Ting-Lu|42\/100|[from] item: Leftovers\n|upkeep\n|turn|3\n|\n|t:|1700660476\n|switch|p2a: Slowking|Slowking-Galar, F|100\/100\n|move|p1a: Skeledirge|Tera Blast|p2a: Slowking|[anim] Tera Blast Fairy\n|-resisted|p2a: Slowking\n|-damage|p2a: Slowking|77\/100\n|\n|upkeep\n|turn|4\n|\n|t:|1700660487\n|move|p1a: Skeledirge|Earth Power|p2a: Slowking\n|-supereffective|p2a: Slowking\n|-damage|p2a: Slowking|5\/100\n|move|p2a: Slowking|Sludge Bomb|p1a: Skeledirge\n|-supereffective|p1a: Skeledirge\n|-damage|p1a: Skeledirge|13\/100\n|-status|p1a: Skeledirge|psn\n|\n|-heal|p1a: Skeledirge|19\/100 psn|[from] item: Leftovers\n|-damage|p1a: Skeledirge|7\/100 psn|[from] psn\n|upkeep\n|turn|5\n|\n|t:|1700660498\n|switch|p2a: Cinderace|Cinderace, F|100\/100\n|move|p1a: Skeledirge|Slack Off|p1a: Skeledirge\n|-heal|p1a: Skeledirge|57\/100 psn\n|\n|-heal|p1a: Skeledirge|63\/100 psn|[from] item: Leftovers\n|-damage|p1a: Skeledirge|50\/100 psn|[from] psn\n|upkeep\n|turn|6\n|\n|t:|1700660507\n|move|p2a: Cinderace|Pyro Ball|p1a: Skeledirge\n|-damage|p1a: Skeledirge|3\/100 psn\n|move|p1a: Skeledirge|Earth Power|p2a: Cinderace\n|-supereffective|p2a: Cinderace\n|-damage|p2a: Cinderace|0 fnt\n|faint|p2a: Cinderace\n|\n|-heal|p1a: Skeledirge|9\/100 psn|[from] item: Leftovers\n|-damage|p1a: Skeledirge|0 fnt|[from] psn\n|faint|p1a: Skeledirge\n|upkeep\n|\n|t:|1700660521\n|switch|p2a: Slowking|Slowking-Galar, F|39\/100\n|switch|p1a: Hydreigon|Hydreigon, M|100\/100\n|-damage|p1a: Hydreigon|88\/100|[from] Stealth Rock\n|turn|7\n|\n|t:|1700660540\n|switch|p2a: Ting-Lu|Ting-Lu|42\/100\n|-ability|p2a: Ting-Lu|Vessel of Ruin\n|move|p1a: Hydreigon|Nasty Plot|p1a: Hydreigon\n|-boost|p1a: Hydreigon|spa|2\n|\n|-heal|p2a: Ting-Lu|48\/100|[from] item: Leftovers\n|upkeep\n|turn|8\n|\n|t:|1700660548\n|move|p1a: Hydreigon|Dragon Pulse|p2a: Ting-Lu\n|-damage|p2a: Ting-Lu|1\/100\n|-damage|p1a: Hydreigon|78\/100|[from] item: Life Orb\n|move|p2a: Ting-Lu|Spikes|p1a: Hydreigon\n|-sidestart|p1: Perfecto for you|Spikes\n|\n|-heal|p2a: Ting-Lu|7\/100|[from] item: Leftovers\n|upkeep\n|turn|9\n|\n|t:|1700660554\n|move|p1a: Hydreigon|Dark Pulse|p2a: Ting-Lu\n|-resisted|p2a: Ting-Lu\n|-damage|p2a: Ting-Lu|0 fnt\n|faint|p2a: Ting-Lu\n|-damage|p1a: Hydreigon|68\/100|[from] item: Life Orb\n|\n|upkeep\n|\n|t:|1700660582\n|switch|p2a: Dondozo|Dondozo, F|100\/100\n|turn|10\n|\n|t:|1700660592\n|-terastallize|p2a: Dondozo|Fairy\n|move|p1a: Hydreigon|Dark Pulse|p2a: Dondozo\n|-resisted|p2a: Dondozo\n|-damage|p2a: Dondozo|74\/100\n|-damage|p1a: Hydreigon|59\/100|[from] item: Life Orb\n|move|p2a: Dondozo|Avalanche|p1a: Hydreigon\n|-supereffective|p1a: Hydreigon\n|-damage|p1a: Hydreigon|0 fnt\n|faint|p1a: Hydreigon\n|\n|upkeep\n|\n|t:|1700660607\n|switch|p1a: Masquerain|Masquerain, M|100\/100\n|-damage|p1a: Masquerain|50\/100|[from] Stealth Rock\n|-ability|p1a: Masquerain|Intimidate|boost\n|-unboost|p2a: Dondozo|atk|1\n|turn|11\n|inactive|TheLargestOne has 120 seconds left.\n|\n|t:|1700660633\n|switch|p2a: Ogerpon|Ogerpon-Wellspring, F|100\/100\n|move|p1a: Masquerain|Sticky Web|p2a: Ogerpon\n|-sidestart|p2: TheLargestOne|move: Sticky Web\n|\n|upkeep\n|turn|12\n|inactive|TheLargestOne has 120 seconds left.\n|inactive|Perfecto for you has 120 seconds left.\n|\n|t:|1700660664\n|move|p2a: Ogerpon|Ivy Cudgel|p1a: Masquerain|[anim] Ivy Cudgel Water\n|-damage|p1a: Masquerain|0 fnt\n|faint|p1a: Masquerain\n|\n|upkeep\n|inactive|Perfecto for you has 120 seconds left.\n|\n|t:|1700660670\n|switch|p1a: Gyarados|Gyarados, M|100\/100\n|-damage|p1a: Gyarados|76\/100|[from] Stealth Rock\n|turn|13\n|\n|t:|1700660680\n|move|p2a: Ogerpon|Power Whip|p1a: Gyarados\n|-damage|p1a: Gyarados|0 fnt\n|faint|p1a: Gyarados\n|\n|upkeep\n|\n|t:|1700660689\n|switch|p1a: Quaquaval|Quaquaval, F|100\/100\n|-damage|p1a: Quaquaval|94\/100|[from] Stealth Rock\n|-damage|p1a: Quaquaval|82\/100|[from] Spikes\n|turn|14\n|\n|t:|1700660697\n|move|p2a: Ogerpon|Power Whip|p1a: Quaquaval\n|-supereffective|p1a: Quaquaval\n|-damage|p1a: Quaquaval|0 fnt\n|faint|p1a: Quaquaval\n|\n|upkeep\n|\n|t:|1700660702\n|switch|p1a: Iron Moth|Iron Moth|100\/100\n|-damage|p1a: Iron Moth|76\/100|[from] Stealth Rock\n|-damage|p1a: Iron Moth|63\/100|[from] Spikes\n|-enditem|p1a: Iron Moth|Booster Energy\n|-activate|p1a: Iron Moth|ability: Quark Drive|[fromitem]\n|-start|p1a: Iron Moth|quarkdrivespa\n|turn|15\n|c|\u2606TheLargestOne|gg\n|\n|t:|1700660710\n|move|p2a: Ogerpon|Ivy Cudgel|p1a: Iron Moth|[anim] Ivy Cudgel Water\n|-supereffective|p1a: Iron Moth\n|-damage|p1a: Iron Moth|0 fnt\n|faint|p1a: Iron Moth\n|-end|p1a: Iron Moth|Quark Drive|[silent]\n|\n|win|TheLargestOne\n|raw|Perfecto for you's rating: 1594 &rarr; <strong>1580<\/strong><br \/>(-14 for losing)\n|raw|TheLargestOne's rating: 1698 &rarr; <strong>1712<\/strong><br \/>(+14 for winning)\n|l|\u2606Perfecto for you\n","uploadtime":1700660721,"views":0,"p1id":"perfectoforyou","p2id":"thelargestone","formatid":"gen9ou","rating":1580,"private":0,"password":""}