{"id":"gen9ou-1993231551","p1":"lightoflights","p2":"CyberH3","format":"[Gen 9] OU","log":"|j|\u2606lightoflights\n|j|\u2606CyberH3\n|t:|1700281442\n|gametype|singles\n|player|p1|lightoflights|lucas|1410\n|player|p2|CyberH3|mars|1388\n|teamsize|p1|6\n|teamsize|p2|6\n|gen|9\n|tier|[Gen 9] OU\n|rated|\n|rule|Sleep Clause Mod: Limit one foe put to sleep\n|rule|Species Clause: Limit one of each Pok\u00e9mon\n|rule|OHKO Clause: OHKO moves are banned\n|rule|Evasion Items Clause: Evasion items are banned\n|rule|Evasion Moves Clause: Evasion moves are banned\n|rule|Endless Battle Clause: Forcing endless battles is banned\n|rule|HP Percentage Mod: HP is shown in percentages\n|clearpoke\n|poke|p1|Cinderace, M|\n|poke|p1|Corviknight, M|\n|poke|p1|Haxorus, M|\n|poke|p1|Enamorus-Therian, F|\n|poke|p1|Iron Moth|\n|poke|p1|Hatterene, F|\n|poke|p2|Goodra-Hisui, M|\n|poke|p2|Scizor, F|\n|poke|p2|Mimikyu, F|\n|poke|p2|Iron Valiant|\n|poke|p2|Talonflame, F|\n|poke|p2|Lokix, M|\n|teampreview\n|inactive|Battle timer is ON: inactive players will automatically lose when time's up. (requested by lightoflights)\n|\n|t:|1700281455\n|start\n|switch|p1a: Enamorus|Enamorus-Therian, F, shiny|100\/100\n|switch|p2a: The XO|Talonflame, F|100\/100\n|turn|1\n|\n|t:|1700281460\n|move|p2a: The XO|Taunt|p1a: Enamorus\n|-start|p1a: Enamorus|move: Taunt\n|cant|p1a: Enamorus|move: Taunt|Iron Defense\n|\n|upkeep\n|turn|2\n|\n|t:|1700281465\n|switch|p1a: Hatterene|Hatterene, F|100\/100\n|move|p2a: The XO|Flare Blitz|p1a: Hatterene\n|-damage|p1a: Hatterene|59\/100\n|-damage|p2a: The XO|87\/100|[from] Recoil\n|\n|-heal|p2a: The XO|93\/100|[from] item: Leftovers\n|-heal|p1a: Hatterene|65\/100|[from] item: Leftovers\n|upkeep\n|turn|3\n|\n|t:|1700281473\n|switch|p2a: Eat With Scissors|Scizor, F|100\/100\n|move|p1a: Hatterene|Draining Kiss|p2a: Eat With Scissors\n|-resisted|p2a: Eat With Scissors\n|-damage|p2a: Eat With Scissors|87\/100\n|-heal|p1a: Hatterene|77\/100|[from] drain|[of] p2a: Eat With Scissors\n|\n|-heal|p1a: Hatterene|83\/100|[from] item: Leftovers\n|upkeep\n|turn|4\n|\n|t:|1700281480\n|switch|p1a: Cinderace|Cinderace, M|100\/100\n|move|p2a: Eat With Scissors|Knock Off|p1a: Cinderace\n|-damage|p1a: Cinderace|29\/100\n|-enditem|p1a: Cinderace|Wide Lens|[from] move: Knock Off|[of] p2a: Eat With Scissors\n|-damage|p2a: Eat With Scissors|77\/100|[from] item: Life Orb\n|\n|upkeep\n|turn|5\n|\n|t:|1700281485\n|move|p2a: Eat With Scissors|Bullet Punch|p1a: Cinderace\n|-resisted|p1a: Cinderace\n|-damage|p1a: Cinderace|0 fnt\n|faint|p1a: Cinderace\n|-damage|p2a: Eat With Scissors|67\/100|[from] item: Life Orb\n|\n|upkeep\n|\n|t:|1700281487\n|switch|p1a: Iron Moth|Iron Moth|100\/100\n|-enditem|p1a: Iron Moth|Booster Energy\n|-activate|p1a: Iron Moth|ability: Quark Drive|[fromitem]\n|-start|p1a: Iron Moth|quarkdrivespa\n|turn|6\n|\n|t:|1700281494\n|switch|p2a: Snailtare|Goodra-Hisui, M|100\/100\n|move|p1a: Iron Moth|Agility|p1a: Iron Moth\n|-boost|p1a: Iron Moth|spe|2\n|\n|upkeep\n|turn|7\n|\n|t:|1700281499\n|move|p1a: Iron Moth|Fiery Dance|p2a: Snailtare\n|-damage|p2a: Snailtare|62\/100\n|move|p2a: Snailtare|Draco Meteor|p1a: Iron Moth\n|-damage|p1a: Iron Moth|34\/100\n|-unboost|p2a: Snailtare|spa|2\n|\n|-heal|p2a: Snailtare|68\/100|[from] item: Leftovers\n|upkeep\n|turn|8\n|\n|t:|1700281503\n|move|p1a: Iron Moth|Fiery Dance|p2a: Snailtare\n|-damage|p2a: Snailtare|29\/100\n|move|p2a: Snailtare|Draco Meteor|p1a: Iron Moth\n|-damage|p1a: Iron Moth|0 fnt\n|-unboost|p2a: Snailtare|spa|2\n|faint|p1a: Iron Moth\n|-end|p1a: Iron Moth|Quark Drive|[silent]\n|\n|-heal|p2a: Snailtare|35\/100|[from] item: Leftovers\n|upkeep\n|\n|t:|1700281515\n|switch|p1a: Enamorus|Enamorus-Therian, F, shiny|100\/100\n|turn|9\n|\n|t:|1700281519\n|switch|p2a: R-TRUS|Iron Valiant|100\/100\n|-enditem|p2a: R-TRUS|Booster Energy\n|-activate|p2a: R-TRUS|ability: Quark Drive|[fromitem]\n|-start|p2a: R-TRUS|quarkdrivespe\n|move|p1a: Enamorus|Iron Defense|p1a: Enamorus\n|-boost|p1a: Enamorus|def|2\n|\n|upkeep\n|turn|10\n|\n|t:|1700281522\n|move|p2a: R-TRUS|Encore|p1a: Enamorus\n|-start|p1a: Enamorus|Encore\n|move|p1a: Enamorus|Iron Defense|p1a: Enamorus\n|-boost|p1a: Enamorus|def|2\n|\n|upkeep\n|turn|11\n|\n|t:|1700281525\n|switch|p1a: Hatterene|Hatterene, F|83\/100\n|move|p2a: R-TRUS|Thunderbolt|p1a: Hatterene\n|-damage|p1a: Hatterene|53\/100\n|\n|-heal|p1a: Hatterene|59\/100|[from] item: Leftovers\n|upkeep\n|turn|12\n|\n|t:|1700281529\n|-end|p2a: R-TRUS|Quark Drive|[silent]\n|switch|p2a: Eat With Scissors|Scizor, F|67\/100\n|move|p1a: Hatterene|Draining Kiss|p2a: Eat With Scissors\n|-resisted|p2a: Eat With Scissors\n|-damage|p2a: Eat With Scissors|53\/100\n|-heal|p1a: Hatterene|72\/100|[from] drain|[of] p2a: Eat With Scissors\n|\n|-heal|p1a: Hatterene|78\/100|[from] item: Leftovers\n|upkeep\n|turn|13\n|\n|t:|1700281533\n|move|p2a: Eat With Scissors|Bullet Punch|p1a: Hatterene\n|-supereffective|p1a: Hatterene\n|-damage|p1a: Hatterene|8\/100\n|-damage|p2a: Eat With Scissors|43\/100|[from] item: Life Orb\n|move|p1a: Hatterene|Draining Kiss|p2a: Eat With Scissors\n|-resisted|p2a: Eat With Scissors\n|-crit|p2a: Eat With Scissors\n|-damage|p2a: Eat With Scissors|23\/100\n|-heal|p1a: Hatterene|25\/100|[from] drain|[of] p2a: Eat With Scissors\n|\n|-heal|p1a: Hatterene|31\/100|[from] item: Leftovers\n|upkeep\n|turn|14\n|\n|t:|1700281538\n|move|p2a: Eat With Scissors|Bullet Punch|p1a: Hatterene\n|-supereffective|p1a: Hatterene\n|-damage|p1a: Hatterene|0 fnt\n|faint|p1a: Hatterene\n|-damage|p2a: Eat With Scissors|13\/100|[from] item: Life Orb\n|\n|upkeep\n|\n|t:|1700281539\n|switch|p1a: Corviknight|Corviknight, M, shiny|100\/100\n|-ability|p1a: Corviknight|Pressure\n|turn|15\n|\n|t:|1700281541\n|move|p1a: Corviknight|Agility|p1a: Corviknight\n|-boost|p1a: Corviknight|spe|2\n|move|p2a: Eat With Scissors|Knock Off|p1a: Corviknight\n|-damage|p1a: Corviknight|62\/100\n|-enditem|p1a: Corviknight|Leftovers|[from] move: Knock Off|[of] p2a: Eat With Scissors\n|-damage|p2a: Eat With Scissors|3\/100|[from] item: Life Orb\n|\n|upkeep\n|turn|16\n|\n|t:|1700281545\n|move|p2a: Eat With Scissors|Bullet Punch|p1a: Corviknight\n|-resisted|p1a: Corviknight\n|-damage|p1a: Corviknight|44\/100\n|-damage|p2a: Eat With Scissors|0 fnt|[from] item: Life Orb\n|faint|p2a: Eat With Scissors\n|move|p1a: Corviknight|Bulk Up|p1a: Corviknight\n|-boost|p1a: Corviknight|atk|1\n|-boost|p1a: Corviknight|def|1\n|\n|upkeep\n|\n|t:|1700281549\n|switch|p2a: R-TRUS|Iron Valiant|100\/100\n|turn|17\n|\n|t:|1700281556\n|move|p1a: Corviknight|Roost|p1a: Corviknight\n|-heal|p1a: Corviknight|95\/100\n|-singleturn|p1a: Corviknight|move: Roost\n|move|p2a: R-TRUS|Thunderbolt|p1a: Corviknight\n|-damage|p1a: Corviknight|70\/100\n|\n|upkeep\n|turn|18\n|\n|t:|1700281561\n|move|p1a: Corviknight|Bulk Up|p1a: Corviknight\n|-boost|p1a: Corviknight|atk|1\n|-boost|p1a: Corviknight|def|1\n|move|p2a: R-TRUS|Thunderbolt|p1a: Corviknight\n|-supereffective|p1a: Corviknight\n|-damage|p1a: Corviknight|18\/100\n|-status|p1a: Corviknight|par\n|\n|upkeep\n|turn|19\n|-message|lightoflights forfeited.\n|\n|win|CyberH3\n|raw|lightoflights's rating: 1410 &rarr; <strong>1389<\/strong><br \/>(-21 for losing)\n|raw|CyberH3's rating: 1388 &rarr; <strong>1409<\/strong><br \/>(+21 for winning)\n|l|\u2606lightoflights\n","uploadtime":1700281567,"views":13,"p1id":"lightoflights","p2id":"cyberh3","formatid":"gen9ou","rating":1389,"private":0,"password":""}