{"id":"gen9ou-1990731036","p1":"Harry1258","p2":"TOBISIN","format":"[Gen 9] OU","log":"|j|\u2606Harry1258\n|j|\u2606TOBISIN\n|t:|1699995587\n|gametype|singles\n|player|p1|Harry1258|hilbert-wonderlauncher|1175\n|player|p2|TOBISIN|hilbert|1185\n|teamsize|p1|6\n|teamsize|p2|6\n|gen|9\n|tier|[Gen 9] OU\n|rated|\n|rule|Sleep Clause Mod: Limit one foe put to sleep\n|rule|Species Clause: Limit one of each Pok\u00e9mon\n|rule|OHKO Clause: OHKO moves are banned\n|rule|Evasion Items Clause: Evasion items are banned\n|rule|Evasion Moves Clause: Evasion moves are banned\n|rule|Endless Battle Clause: Forcing endless battles is banned\n|rule|HP Percentage Mod: HP is shown in percentages\n|clearpoke\n|poke|p1|Ogerpon-Wellspring, F|\n|poke|p1|Ribombee, M|\n|poke|p1|Kommo-o, M|\n|poke|p1|Corviknight, M|\n|poke|p1|Iron Treads|\n|poke|p1|Iron Moth|\n|poke|p2|Quaquaval, F|\n|poke|p2|Decidueye-Hisui, M|\n|poke|p2|Iron Valiant|\n|poke|p2|Great Tusk|\n|poke|p2|Arcanine-Hisui, M|\n|poke|p2|Goodra-Hisui, F|\n|teampreview\n|inactive|Battle timer is ON: inactive players will automatically lose when time's up. (requested by TOBISIN)\n|\n|t:|1699995619\n|start\n|switch|p1a: Ribombee|Ribombee, M, shiny|100\/100\n|switch|p2a: Arcanine|Arcanine-Hisui, M|100\/100\n|turn|1\n|\n|t:|1699995628\n|move|p1a: Ribombee|Sticky Web|p2a: Arcanine\n|-sidestart|p2: TOBISIN|move: Sticky Web\n|move|p2a: Arcanine|Flare Blitz|p1a: Ribombee\n|-supereffective|p1a: Ribombee\n|-damage|p1a: Ribombee|0 fnt\n|faint|p1a: Ribombee\n|\n|upkeep\n|\n|t:|1699995636\n|switch|p1a: Ogerpon|Ogerpon-Wellspring, F|100\/100\n|turn|2\n|\n|t:|1699995649\n|-terastallize|p1a: Ogerpon|Water\n|detailschange|p1a: Ogerpon|Ogerpon-Wellspring-Tera, F, tera:Water\n|-ability|p1a: Ogerpon|Embody Aspect (Wellspring)|boost\n|-boost|p1a: Ogerpon|spd|1\n|-terastallize|p2a: Arcanine|Water\n|move|p1a: Ogerpon|Power Whip|p2a: Arcanine\n|-supereffective|p2a: Arcanine\n|-damage|p2a: Arcanine|0 fnt\n|faint|p2a: Arcanine\n|\n|upkeep\n|\n|t:|1699995663\n|switch|p2a: Decidueye|Decidueye-Hisui, M, shiny|100\/100\n|-activate|p2a: Decidueye|move: Sticky Web\n|-unboost|p2a: Decidueye|spe|1\n|turn|3\n|\n|t:|1699995681\n|move|p1a: Ogerpon|U-turn|p2a: Decidueye\n|-damage|p2a: Decidueye|67\/100\n|inactive|Harry1258 has 120 seconds left.\n|\n|t:|1699995721\n|switch|p1a: Iron Moth|Iron Moth, shiny|100\/100|[from] U-turn\n|move|p2a: Decidueye|Leaf Blade|p1a: Iron Moth\n|-resisted|p1a: Iron Moth\n|-damage|p1a: Iron Moth|79\/100\n|\n|upkeep\n|turn|4\n|inactive|TOBISIN has 120 seconds left.\n|\n|t:|1699995757\n|switch|p2a: Great Tusk|Great Tusk|100\/100\n|-activate|p2a: Great Tusk|move: Sticky Web\n|-unboost|p2a: Great Tusk|spe|1\n|move|p1a: Iron Moth|Fiery Dance|p2a: Great Tusk\n|-damage|p2a: Great Tusk|39\/100\n|\n|-heal|p2a: Great Tusk|45\/100|[from] item: Leftovers\n|upkeep\n|turn|5\n|inactive|TOBISIN has 120 seconds left.\n|inactive|Harry1258 has 120 seconds left.\n|inactive|TOBISIN has 90 seconds left.\n|\n|t:|1699995804\n|-end|p2a: Great Tusk|Protosynthesis|[silent]\n|switch|p2a: Quaquaval|Quaquaval, F|100\/100\n|-activate|p2a: Quaquaval|move: Sticky Web\n|-unboost|p2a: Quaquaval|spe|1\n|move|p1a: Iron Moth|Fiery Dance|p2a: Quaquaval\n|-resisted|p2a: Quaquaval\n|-damage|p2a: Quaquaval|70\/100\n|-boost|p1a: Iron Moth|spa|1\n|\n|-heal|p2a: Quaquaval|76\/100|[from] item: Leftovers\n|upkeep\n|turn|6\n|inactive|Harry1258 has 90 seconds left.\n|inactive|Harry1258 has 60 seconds left.\n|\n|t:|1699995876\n|move|p1a: Iron Moth|Sludge Wave|p2a: Quaquaval\n|-damage|p2a: Quaquaval|0 fnt\n|faint|p2a: Quaquaval\n|\n|upkeep\n|inactive|TOBISIN has 60 seconds left.\n|\n|t:|1699995924\n|switch|p2a: Great Tusk|Great Tusk|45\/100\n|-activate|p2a: Great Tusk|move: Sticky Web\n|-unboost|p2a: Great Tusk|spe|1\n|turn|7\n|\n|t:|1699995944\n|move|p1a: Iron Moth|Fiery Dance|p2a: Great Tusk\n|-damage|p2a: Great Tusk|0 fnt\n|faint|p2a: Great Tusk\n|-end|p2a: Great Tusk|Protosynthesis|[silent]\n|\n|upkeep\n|-message|TOBISIN forfeited.\n|\n|win|Harry1258\n|raw|Harry1258's rating: 1175 &rarr; <strong>1201<\/strong><br \/>(+26 for winning)\n|raw|TOBISIN's rating: 1185 &rarr; <strong>1159<\/strong><br \/>(-26 for losing)\n|l|\u2606TOBISIN\n","uploadtime":1699995955,"views":7,"p1id":"harry1258","p2id":"tobisin","formatid":"gen9ou","rating":1159,"private":0,"password":""}