{"id":"gen9ou-1994393906","p1":"ghiteoff","p2":"Starly_LK1","format":"[Gen 9] OU","log":"|j|\u2606ghiteoff\n|j|\u2606Starly_LK1\n|inactive|Battle timer is ON: inactive players will automatically lose when time's up.\n|t:|1700438866\n|gametype|singles\n|player|p1|ghiteoff|calem-masters|\n|player|p2|Starly_LK1|cynthia-gen4|\n|teamsize|p1|6\n|teamsize|p2|6\n|gen|9\n|tier|[Gen 9] OU\n|rated|Tournament battle\n|rule|Sleep Clause Mod: Limit one foe put to sleep\n|rule|Species Clause: Limit one of each Pok\u00e9mon\n|rule|OHKO Clause: OHKO moves are banned\n|rule|Evasion Items Clause: Evasion items are banned\n|rule|Evasion Moves Clause: Evasion moves are banned\n|rule|Endless Battle Clause: Forcing endless battles is banned\n|rule|HP Percentage Mod: HP is shown in percentages\n|clearpoke\n|poke|p1|Rotom-Frost|\n|poke|p1|Ninetales-Alola, M|\n|poke|p1|Mudsdale, M|\n|poke|p1|Heatran, M|\n|poke|p1|Ogerpon-Wellspring, F|\n|poke|p1|Slowking, F|\n|poke|p2|Rotom-Frost|\n|poke|p2|Ninetales-Alola, F|\n|poke|p2|Mudsdale, F|\n|poke|p2|Heatran, F|\n|poke|p2|Ogerpon-Wellspring, F|\n|poke|p2|Slowking, M|\n|teampreview\n|j|@Scizor Boladao\n|\n|t:|1700438893\n|start\n|switch|p1a: Slowking|Slowking, F|100\/100\n|switch|p2a: Slowking|Slowking, M|100\/100\n|turn|1\n|inactive|Starly_LK1 has 120 seconds left.\n|\n|t:|1700438936\n|move|p1a: Slowking|Future Sight|p2a: Slowking\n|-start|p1a: Slowking|move: Future Sight\n|move|p2a: Slowking|Future Sight|p1a: Slowking\n|-start|p2a: Slowking|move: Future Sight\n|\n|upkeep\n|turn|2\n|\n|t:|1700438953\n|move|p2a: Slowking|Chilly Reception|p2a: Slowking\n|-weather|Snow\n|inactive|Starly_LK1 has 90 seconds left.\n|\n|t:|1700438975\n|switch|p2a: Heatran|Heatran, F|100\/100|[from] Chilly Reception\n|move|p1a: Slowking|Chilly Reception|p1a: Slowking\n|\n|t:|1700438984\n|switch|p1a: Ogerpon|Ogerpon-Wellspring, F|100\/100|[from] Chilly Reception\n|\n|-weather|Snow|[upkeep]\n|upkeep\n|turn|3\n|\n|t:|1700438995\n|-terastallize|p1a: Ogerpon|Water\n|detailschange|p1a: Ogerpon|Ogerpon-Wellspring-Tera, F, tera:Water\n|-ability|p1a: Ogerpon|Embody Aspect (Wellspring)|boost\n|-boost|p1a: Ogerpon|spd|1\n|move|p1a: Ogerpon|Swords Dance|p1a: Ogerpon\n|-boost|p1a: Ogerpon|atk|2\n|move|p2a: Heatran|Earth Power|p1a: Ogerpon\n|-damage|p1a: Ogerpon|79\/100\n|\n|-weather|Snow|[upkeep]\n|-end|p2a: Heatran|move: Future Sight\n|-resisted|p2a: Heatran\n|-damage|p2a: Heatran|87\/100\n|-end|p1a: Ogerpon|move: Future Sight\n|-damage|p1a: Ogerpon|45\/100\n|-heal|p2a: Heatran|93\/100|[from] item: Leftovers\n|upkeep\n|turn|4\n|inactive|Starly_LK1 has 90 seconds left.\n|\n|t:|1700439013\n|-terastallize|p2a: Heatran|Grass\n|move|p1a: Ogerpon|Trailblaze|p2a: Heatran\n|-resisted|p2a: Heatran\n|-damage|p2a: Heatran|68\/100\n|-boost|p1a: Ogerpon|spe|1\n|move|p2a: Heatran|Earth Power|p1a: Ogerpon\n|-damage|p1a: Ogerpon|26\/100\n|\n|-weather|Snow|[upkeep]\n|-heal|p2a: Heatran|74\/100|[from] item: Leftovers\n|upkeep\n|turn|5\n|inactive|Starly_LK1 has 90 seconds left.\n|\n|t:|1700439025\n|move|p1a: Ogerpon|Ivy Cudgel|p2a: Heatran|[anim] Ivy Cudgel Water\n|-resisted|p2a: Heatran\n|-damage|p2a: Heatran|4\/100\n|move|p2a: Heatran|Earth Power|p1a: Ogerpon\n|-damage|p1a: Ogerpon|5\/100\n|-unboost|p1a: Ogerpon|spd|1\n|\n|-weather|Snow|[upkeep]\n|-heal|p2a: Heatran|10\/100|[from] item: Leftovers\n|upkeep\n|turn|6\n|\n|t:|1700439033\n|move|p1a: Ogerpon|Ivy Cudgel|p2a: Heatran|[anim] Ivy Cudgel Water\n|-resisted|p2a: Heatran\n|-damage|p2a: Heatran|0 fnt\n|faint|p2a: Heatran\n|\n|-weather|none\n|upkeep\n|\n|t:|1700439037\n|switch|p2a: Ninetales|Ninetales-Alola, F|100\/100\n|-weather|Snow|[from] ability: Snow Warning|[of] p2a: Ninetales\n|turn|7\n|\n|t:|1700439050\n|switch|p2a: Slowking|Slowking, M|100\/100\n|move|p1a: Ogerpon|Power Whip|p2a: Slowking\n|-supereffective|p2a: Slowking\n|-damage|p2a: Slowking|0 fnt\n|faint|p2a: Slowking\n|\n|-weather|Snow|[upkeep]\n|upkeep\n|\n|t:|1700439060\n|switch|p2a: Ogerpon|Ogerpon-Wellspring, F|100\/100\n|turn|8\n|inactive|Starly_LK1 has 90 seconds left.\n|inactive|Starly_LK1 has 60 seconds left.\n|\n|t:|1700439117\n|move|p1a: Ogerpon|Power Whip|p2a: Ogerpon\n|-damage|p2a: Ogerpon|0 fnt\n|faint|p2a: Ogerpon\n|\n|-weather|Snow|[upkeep]\n|upkeep\n|\n|t:|1700439124\n|switch|p2a: Mudsdale|Mudsdale, F|100\/100\n|turn|9\n|\n|t:|1700439135\n|move|p1a: Ogerpon|Ivy Cudgel|p2a: Mudsdale|[anim] Ivy Cudgel Water\n|-supereffective|p2a: Mudsdale\n|-crit|p2a: Mudsdale\n|-damage|p2a: Mudsdale|0 fnt\n|faint|p2a: Mudsdale\n|\n|-weather|Snow|[upkeep]\n|upkeep\n|\n|t:|1700439140\n|switch|p2a: Ninetales|Ninetales-Alola, F|100\/100\n|turn|10\n|-message|Starly_LK1 forfeited.\n|\n|win|ghiteoff\n|n|\u2606ghiteoff|ghiteoff\n|n|\u2606Starly_LK1|starlylk1\n|n|+Scizor Boladao|scizorboladao\n|l|\u2606Starly_LK1\n|l|+Scizor Boladao\n","uploadtime":1700439149,"views":7,"p1id":"ghiteoff","p2id":"starlylk1","formatid":"gen9ou","rating":0,"private":0,"password":""}