{"id":"gen9ou-1994937639","p1":"Sprilux","p2":"Nah Nah64","format":"[Gen 9] OU","log":"|j|\u2606Sprilux\n|j|\u2606Nah Nah64\n|t:|1700506294\n|gametype|singles\n|player|p1|Sprilux|cynthia|1321\n|player|p2|Nah Nah64|dancer|1366\n|teamsize|p1|6\n|teamsize|p2|6\n|gen|9\n|tier|[Gen 9] OU\n|rated|\n|rule|Sleep Clause Mod: Limit one foe put to sleep\n|rule|Species Clause: Limit one of each Pok\u00e9mon\n|rule|OHKO Clause: OHKO moves are banned\n|rule|Evasion Items Clause: Evasion items are banned\n|rule|Evasion Moves Clause: Evasion moves are banned\n|rule|Endless Battle Clause: Forcing endless battles is banned\n|rule|HP Percentage Mod: HP is shown in percentages\n|clearpoke\n|poke|p1|Landorus-Therian, M|\n|poke|p1|Walking Wake|\n|poke|p1|Dragonite, F|\n|poke|p1|Breloom, F|\n|poke|p1|Clefable, F|\n|poke|p1|Zapdos|\n|poke|p2|Scizor, M|\n|poke|p2|Zoroark-Hisui, M|\n|poke|p2|Samurott-Hisui, F|\n|poke|p2|Ceruledge, M|\n|poke|p2|Skeledirge, F|\n|poke|p2|Corviknight, F|\n|teampreview\n|\n|t:|1700506333\n|start\n|switch|p1a: Zapdos|Zapdos|100\/100\n|switch|p2a: Knight Kazer|Corviknight, F, shiny|100\/100\n|-ability|p2a: Knight Kazer|Unnerve\n|turn|1\n|\n|t:|1700506342\n|move|p1a: Zapdos|Thunderbolt|p2a: Knight Kazer\n|-supereffective|p2a: Knight Kazer\n|-damage|p2a: Knight Kazer|0 fnt\n|faint|p2a: Knight Kazer\n|\n|upkeep\n|\n|t:|1700506347\n|switch|p2a: Crocogetor|Skeledirge, F|100\/100\n|turn|2\n|\n|t:|1700506351\n|-terastallize|p2a: Crocogetor|Normal\n|move|p2a: Crocogetor|Hyper Voice|p1a: Zapdos\n|-damage|p1a: Zapdos|0 fnt\n|faint|p1a: Zapdos\n|\n|upkeep\n|\n|t:|1700506376\n|switch|p1a: Breloom|Breloom, F, shiny|100\/100\n|turn|3\n|\n|t:|1700506396\n|move|p2a: Crocogetor|Hyper Voice|p1a: Breloom\n|-damage|p1a: Breloom|0 fnt\n|faint|p1a: Breloom\n|\n|upkeep\n|\n|t:|1700506405\n|switch|p1a: Dragonite|Dragonite, F|100\/100\n|turn|4\n|\n|t:|1700506410\n|switch|p2a: Mint Metal|Scizor, M, shiny|100\/100\n|move|p1a: Dragonite|Dragon Claw|p2a: Mint Metal\n|-resisted|p2a: Mint Metal\n|-damage|p2a: Mint Metal|78\/100\n|\n|upkeep\n|turn|5\n|\n|t:|1700506416\n|move|p2a: Mint Metal|Bullet Punch|p1a: Dragonite\n|-damage|p1a: Dragonite|73\/100\n|move|p1a: Dragonite|Dragon Dance|p1a: Dragonite\n|-boost|p1a: Dragonite|atk|1\n|-boost|p1a: Dragonite|spe|1\n|\n|-heal|p1a: Dragonite|79\/100|[from] item: Leftovers\n|upkeep\n|turn|6\n|\n|t:|1700506420\n|move|p2a: Mint Metal|Bullet Punch|p1a: Dragonite\n|-damage|p1a: Dragonite|18\/100\n|move|p1a: Dragonite|Earthquake|p2a: Mint Metal\n|-damage|p2a: Mint Metal|17\/100\n|\n|-heal|p1a: Dragonite|25\/100|[from] item: Leftovers\n|upkeep\n|turn|7\n|\n|t:|1700506425\n|move|p1a: Dragonite|Extreme Speed|p2a: Mint Metal\n|-resisted|p2a: Mint Metal\n|-crit|p2a: Mint Metal\n|-damage|p2a: Mint Metal|0 fnt\n|faint|p2a: Mint Metal\n|\n|-heal|p1a: Dragonite|31\/100|[from] item: Leftovers\n|upkeep\n|\n|t:|1700506428\n|switch|p2a: Neo Dusted|Ceruledge, M, shiny|100\/100\n|turn|8\n|\n|t:|1700506441\n|-terastallize|p1a: Dragonite|Normal\n|move|p1a: Dragonite|Earthquake|p2a: Neo Dusted\n|-supereffective|p2a: Neo Dusted\n|-enditem|p2a: Neo Dusted|Focus Sash\n|-damage|p2a: Neo Dusted|1\/100\n|-ability|p2a: Neo Dusted|Weak Armor|boost\n|-unboost|p2a: Neo Dusted|def|1\n|-boost|p2a: Neo Dusted|spe|2\n|move|p2a: Neo Dusted|Bitter Blade|p1a: Dragonite\n|-damage|p1a: Dragonite|0 fnt\n|-heal|p2a: Neo Dusted|18\/100|[from] drain|[of] p1a: Dragonite\n|faint|p1a: Dragonite\n|\n|upkeep\n|\n|t:|1700506448\n|switch|p1a: Landorus|Landorus-Therian, M|100\/100\n|-ability|p1a: Landorus|Intimidate|boost\n|-unboost|p2a: Neo Dusted|atk|1\n|turn|9\n|\n|t:|1700506458\n|move|p2a: Neo Dusted|Bitter Blade|p1a: Landorus\n|-damage|p1a: Landorus|80\/100\n|-heal|p2a: Neo Dusted|31\/100|[from] drain|[of] p1a: Landorus\n|move|p1a: Landorus|Earthquake|p2a: Neo Dusted\n|-supereffective|p2a: Neo Dusted\n|-damage|p2a: Neo Dusted|0 fnt\n|faint|p2a: Neo Dusted\n|\n|-heal|p1a: Landorus|86\/100|[from] item: Leftovers\n|upkeep\n|\n|t:|1700506465\n|switch|p2a: Crocogetor|Skeledirge, F, tera:Normal|100\/100\n|turn|10\n|\n|t:|1700506470\n|move|p1a: Landorus|Protect|p1a: Landorus\n|-singleturn|p1a: Landorus|Protect\n|move|p2a: Crocogetor|Hyper Voice|p1a: Landorus\n|-activate|p1a: Landorus|move: Protect\n|\n|-heal|p1a: Landorus|92\/100|[from] item: Leftovers\n|upkeep\n|turn|11\n|\n|t:|1700506479\n|move|p2a: Crocogetor|Hyper Voice|p1a: Landorus\n|-damage|p1a: Landorus|0 fnt\n|faint|p1a: Landorus\n|\n|upkeep\n|\n|t:|1700506482\n|switch|p1a: Walking Wake|Walking Wake|100\/100\n|-enditem|p1a: Walking Wake|Booster Energy\n|-activate|p1a: Walking Wake|ability: Protosynthesis|[fromitem]\n|-start|p1a: Walking Wake|protosynthesisspe\n|turn|12\n|\n|t:|1700506491\n|switch|p2a: Mazka|Samurott-Hisui, F, shiny|100\/100\n|move|p1a: Walking Wake|Draco Meteor|p2a: Mazka|[miss]\n|-miss|p1a: Walking Wake|p2a: Mazka\n|\n|upkeep\n|turn|13\n|\n|t:|1700506525\n|move|p1a: Walking Wake|Draco Meteor|p2a: Mazka\n|-damage|p2a: Mazka|40\/100\n|-unboost|p1a: Walking Wake|spa|2\n|move|p2a: Mazka|Sacred Sword|p1a: Walking Wake\n|-crit|p1a: Walking Wake\n|-damage|p1a: Walking Wake|34\/100\n|\n|upkeep\n|turn|14\n|\n|t:|1700506537\n|-end|p1a: Walking Wake|Protosynthesis|[silent]\n|switch|p1a: Clefable|Clefable, F|100\/100\n|move|p2a: Mazka|Sacred Sword|p1a: Clefable\n|-resisted|p1a: Clefable\n|-damage|p1a: Clefable|77\/100\n|\n|-heal|p1a: Clefable|83\/100|[from] item: Leftovers\n|upkeep\n|turn|15\n|\n|t:|1700506546\n|switch|p2a: Crocogetor|Skeledirge, F|100\/100\n|move|p1a: Clefable|Wish|p1a: Clefable\n|\n|-heal|p1a: Clefable|89\/100|[from] item: Leftovers\n|upkeep\n|turn|16\n|\n|t:|1700506570\n|switch|p1a: Walking Wake|Walking Wake|34\/100\n|move|p2a: Crocogetor|Torch Song|p1a: Walking Wake\n|-resisted|p1a: Walking Wake\n|-damage|p1a: Walking Wake|25\/100\n|-boost|p2a: Crocogetor|spa|1\n|\n|-heal|p1a: Walking Wake|83\/100|[from] move: Wish|[wisher] Clefable\n|upkeep\n|turn|17\n|\n|t:|1700506594\n|move|p1a: Walking Wake|Hydro Steam|p2a: Crocogetor\n|-supereffective|p2a: Crocogetor\n|-damage|p2a: Crocogetor|39\/100\n|move|p2a: Crocogetor|Shadow Ball|p1a: Walking Wake\n|-damage|p1a: Walking Wake|33\/100\n|-unboost|p1a: Walking Wake|spd|1\n|\n|-heal|p2a: Crocogetor|45\/100|[from] item: Leftovers\n|upkeep\n|turn|18\n|\n|t:|1700506602\n|move|p1a: Walking Wake|Hydro Steam|p2a: Crocogetor\n|-supereffective|p2a: Crocogetor\n|-damage|p2a: Crocogetor|0 fnt\n|faint|p2a: Crocogetor\n|\n|upkeep\n|\n|t:|1700506605\n|switch|p2a: Mazka|Samurott-Hisui, F, shiny, tera:Normal|100\/100\n|turn|19\n|\n|t:|1700506632\n|move|p2a: Mazka|Hyper Voice|p1a: Walking Wake\n|-damage|p1a: Walking Wake|0 fnt\n|faint|p1a: Walking Wake\n|-end|p1a: Walking Wake|Protosynthesis|[silent]\n|\n|upkeep\n|-message|Sprilux forfeited.\n|\n|win|Nah Nah64\n|raw|Sprilux's rating: 1321 &rarr; <strong>1304<\/strong><br \/>(-17 for losing)\n|raw|Nah Nah64's rating: 1366 &rarr; <strong>1383<\/strong><br \/>(+17 for winning)\n|l|\u2606Sprilux\n","uploadtime":1700506646,"views":4,"p1id":"sprilux","p2id":"nahnah64","formatid":"gen9ou","rating":1304,"private":0,"password":""}