{"id":"gen9ou-1992369541","p1":"Kaukauna","p2":"Lasagne Crustle","format":"[Gen 9] OU","log":"|j|\u2606Kaukauna\n|j|\u2606Lasagne Crustle\n|t:|1700179651\n|gametype|singles\n|player|p1|Kaukauna|ingo|1040\n|player|p2|Lasagne Crustle|aaron|1000\n|teamsize|p1|6\n|teamsize|p2|6\n|gen|9\n|tier|[Gen 9] OU\n|rated|\n|rule|Sleep Clause Mod: Limit one foe put to sleep\n|rule|Species Clause: Limit one of each Pok\u00e9mon\n|rule|OHKO Clause: OHKO moves are banned\n|rule|Evasion Items Clause: Evasion items are banned\n|rule|Evasion Moves Clause: Evasion moves are banned\n|rule|Endless Battle Clause: Forcing endless battles is banned\n|rule|HP Percentage Mod: HP is shown in percentages\n|clearpoke\n|poke|p1|Sableye, M|\n|poke|p1|Mimikyu, M|\n|poke|p1|Dragapult, M|\n|poke|p1|Gengar, M|\n|poke|p1|Skeledirge, M|\n|poke|p1|Ceruledge, F|\n|poke|p2|Garganacl, M|\n|poke|p2|Clefable, M|\n|poke|p2|Dondozo, F|\n|poke|p2|Tornadus-Therian, M|\n|poke|p2|Toxapex, M|\n|poke|p2|Blissey, F|\n|teampreview\n|inactive|Battle timer is ON: inactive players will automatically lose when time's up. (requested by Lasagne Crustle)\n|\n|t:|1700179660\n|start\n|switch|p1a: Azurite|Sableye, M|100\/100\n|switch|p2a: Dondozo|Dondozo, F|100\/100\n|turn|1\n|\n|t:|1700179667\n|move|p1a: Azurite|Taunt|p2a: Dondozo\n|-start|p2a: Dondozo|move: Taunt\n|move|p2a: Dondozo|Liquidation|p1a: Azurite\n|-damage|p1a: Azurite|8\/100\n|\n|-heal|p1a: Azurite|15\/100|[from] item: Leftovers\n|upkeep\n|turn|2\n|\n|t:|1700179676\n|move|p1a: Azurite|Recover|p1a: Azurite\n|-heal|p1a: Azurite|65\/100\n|move|p2a: Dondozo|Liquidation|p1a: Azurite\n|-damage|p1a: Azurite|0 fnt\n|faint|p1a: Azurite\n|\n|upkeep\n|\n|t:|1700179683\n|switch|p1a: Totem|Mimikyu, M|100\/100\n|turn|3\n|\n|t:|1700179688\n|move|p1a: Totem|Swords Dance|p1a: Totem\n|-boost|p1a: Totem|atk|2\n|move|p2a: Dondozo|Liquidation|p1a: Totem\n|-activate|p1a: Totem|ability: Disguise\n|-damage|p1a: Totem|100\/100\n|detailschange|p1a: Totem|Mimikyu-Busted, M\n|-damage|p1a: Totem|88\/100|[from] pokemon: Mimikyu-Busted\n|\n|-end|p2a: Dondozo|move: Taunt\n|upkeep\n|turn|4\n|\n|t:|1700179699\n|move|p1a: Totem|Play Rough|p2a: Dondozo\n|-damage|p2a: Dondozo|70\/100\n|-damage|p1a: Totem|78\/100|[from] item: Life Orb\n|move|p2a: Dondozo|Liquidation|p1a: Totem\n|-damage|p1a: Totem|0 fnt\n|faint|p1a: Totem\n|\n|upkeep\n|\n|t:|1700179709\n|switch|p1a: Soul|Ceruledge, F|100\/100\n|turn|5\n|\n|t:|1700179713\n|move|p1a: Soul|Swords Dance|p1a: Soul\n|-boost|p1a: Soul|atk|2\n|move|p2a: Dondozo|Liquidation|p1a: Soul\n|-supereffective|p1a: Soul\n|-crit|p1a: Soul\n|-enditem|p1a: Soul|Focus Sash\n|-damage|p1a: Soul|1\/100\n|-ability|p1a: Soul|Weak Armor|boost\n|-unboost|p1a: Soul|def|1\n|-boost|p1a: Soul|spe|2\n|\n|upkeep\n|turn|6\n|\n|t:|1700179724\n|move|p1a: Soul|Close Combat|p2a: Dondozo\n|-crit|p2a: Dondozo\n|-damage|p2a: Dondozo|31\/100\n|-unboost|p1a: Soul|def|1\n|-unboost|p1a: Soul|spd|1\n|move|p2a: Dondozo|Liquidation|p1a: Soul\n|-supereffective|p1a: Soul\n|-damage|p1a: Soul|0 fnt\n|faint|p1a: Soul\n|\n|upkeep\n|\n|t:|1700179734\n|switch|p1a: Shadow|Gengar, M|100\/100\n|turn|7\n|\n|t:|1700179743\n|move|p1a: Shadow|Shadow Ball|p2a: Dondozo\n|-damage|p2a: Dondozo|0 fnt\n|faint|p2a: Dondozo\n|\n|upkeep\n|\n|t:|1700179752\n|switch|p2a: Blissey|Blissey, F|100\/100\n|turn|8\n|\n|t:|1700179758\n|switch|p1a: Dread|Dragapult, M|100\/100\n|move|p2a: Blissey|Calm Mind|p2a: Blissey\n|-boost|p2a: Blissey|spa|1\n|-boost|p2a: Blissey|spd|1\n|\n|upkeep\n|turn|9\n|\n|t:|1700179775\n|move|p1a: Dread|Draco Meteor|p2a: Blissey\n|-damage|p2a: Blissey|76\/100\n|-unboost|p1a: Dread|spa|2\n|move|p2a: Blissey|Dazzling Gleam|p1a: Dread\n|-supereffective|p1a: Dread\n|-damage|p1a: Dread|0 fnt\n|faint|p1a: Dread\n|-damage|p2a: Blissey|66\/100|[from] item: Life Orb\n|\n|upkeep\n|\n|t:|1700179786\n|switch|p1a: Shadow|Gengar, M|100\/100\n|turn|10\n|\n|t:|1700179792\n|move|p1a: Shadow|Focus Blast|p2a: Blissey\n|-supereffective|p2a: Blissey\n|-damage|p2a: Blissey|44\/100\n|move|p2a: Blissey|Calm Mind|p2a: Blissey\n|-boost|p2a: Blissey|spa|1\n|-boost|p2a: Blissey|spd|1\n|\n|upkeep\n|turn|11\n|\n|t:|1700179799\n|move|p1a: Shadow|Focus Blast|p2a: Blissey|[miss]\n|-miss|p1a: Shadow|p2a: Blissey\n|move|p2a: Blissey|Dazzling Gleam|p1a: Shadow\n|-resisted|p1a: Shadow\n|-crit|p1a: Shadow\n|-damage|p1a: Shadow|39\/100\n|-damage|p2a: Blissey|34\/100|[from] item: Life Orb\n|\n|upkeep\n|turn|12\n|\n|t:|1700179809\n|move|p1a: Shadow|Focus Blast|p2a: Blissey|[miss]\n|-miss|p1a: Shadow|p2a: Blissey\n|move|p2a: Blissey|Dazzling Gleam|p1a: Shadow\n|-resisted|p1a: Shadow\n|-damage|p1a: Shadow|0 fnt\n|-start|p2a: Blissey|Disable|Dazzling Gleam|[from] ability: Cursed Body|[of] p1a: Shadow\n|faint|p1a: Shadow\n|-damage|p2a: Blissey|24\/100|[from] item: Life Orb\n|\n|upkeep\n|\n|t:|1700179820\n|switch|p1a: Sans|Skeledirge, M, shiny|100\/100\n|turn|13\n|\n|t:|1700179824\n|switch|p2a: Toxapex|Toxapex, M|100\/100\n|-terastallize|p1a: Sans|Water\n|move|p1a: Sans|Torch Song|p2a: Toxapex\n|-resisted|p2a: Toxapex\n|-damage|p2a: Toxapex|83\/100\n|-boost|p1a: Sans|spa|1\n|\n|upkeep\n|turn|14\n|\n|t:|1700179838\n|move|p2a: Toxapex|Gunk Shot|p1a: Sans\n|-damage|p1a: Sans|52\/100\n|-status|p1a: Sans|psn\n|move|p1a: Sans|Will-O-Wisp|p2a: Toxapex\n|-status|p2a: Toxapex|brn\n|\n|-damage|p1a: Sans|39\/100 psn|[from] psn\n|-damage|p2a: Toxapex|77\/100 brn|[from] brn\n|upkeep\n|turn|15\n|\n|t:|1700179850\n|switch|p2a: Garganacl|Garganacl, M|100\/100\n|move|p1a: Sans|Slack Off|p1a: Sans\n|-heal|p1a: Sans|89\/100 psn\n|\n|-damage|p1a: Sans|77\/100 psn|[from] psn\n|upkeep\n|turn|16\n|\n|t:|1700179861\n|move|p1a: Sans|Will-O-Wisp|p2a: Garganacl\n|-immune|p2a: Garganacl|[from] ability: Purifying Salt\n|move|p2a: Garganacl|Stone Edge|p1a: Sans|[miss]\n|-miss|p2a: Garganacl|p1a: Sans\n|\n|-damage|p1a: Sans|64\/100 psn|[from] psn\n|upkeep\n|turn|17\n|\n|t:|1700179873\n|move|p1a: Sans|Hex|p2a: Garganacl\n|-damage|p2a: Garganacl|79\/100\n|move|p2a: Garganacl|Stone Edge|p1a: Sans\n|-crit|p1a: Sans\n|-damage|p1a: Sans|0 fnt\n|faint|p1a: Sans\n|\n|win|Lasagne Crustle\n|raw|Kaukauna's rating: 1040 &rarr; <strong>1022<\/strong><br \/>(-18 for losing)\n|raw|Lasagne Crustle's rating: 1000 &rarr; <strong>1045<\/strong><br \/>(+45 for winning)\n","uploadtime":1700179878,"views":26,"p1id":"kaukauna","p2id":"lasagnecrustle","formatid":"gen9ou","rating":1022,"private":0,"password":""}