{"id":"gen9ou-1999476532","p1":"milkcoffee21","p2":"hanhsome m","format":"[Gen 9] OU","log":"|j|\u2606milkcoffee21\n|j|\u2606hanhsome m\n|t:|1701086374\n|gametype|singles\n|player|p1|milkcoffee21|169|1260\n|player|p2|hanhsome m|cynthia|1149\n|teamsize|p1|6\n|teamsize|p2|6\n|gen|9\n|tier|[Gen 9] OU\n|rated|\n|rule|Sleep Clause Mod: Limit one foe put to sleep\n|rule|Species Clause: Limit one of each Pok\u00e9mon\n|rule|OHKO Clause: OHKO moves are banned\n|rule|Evasion Items Clause: Evasion items are banned\n|rule|Evasion Moves Clause: Evasion moves are banned\n|rule|Endless Battle Clause: Forcing endless battles is banned\n|rule|HP Percentage Mod: HP is shown in percentages\n|clearpoke\n|poke|p1|Kingambit, M|\n|poke|p1|Cinderace, M|\n|poke|p1|Great Tusk|\n|poke|p1|Dragapult, M|\n|poke|p1|Toxapex, F|\n|poke|p1|Clodsire, F|\n|poke|p2|Ceruledge, M|\n|poke|p2|Walking Wake|\n|poke|p2|Torkoal, F|\n|poke|p2|Kingambit, M|\n|poke|p2|Brambleghast, M|\n|poke|p2|Landorus-Therian, M|\n|teampreview\n|inactive|Battle timer is ON: inactive players will automatically lose when time's up. (requested by hanhsome m)\n|\n|t:|1701086395\n|start\n|switch|p1a: Dragapult|Dragapult, M|100\/100\n|switch|p2a: Torkoal|Torkoal, F|100\/100\n|-weather|SunnyDay|[from] ability: Drought|[of] p2a: Torkoal\n|turn|1\n|\n|t:|1701086417\n|move|p1a: Dragapult|Dragon Darts|p2a: Torkoal\n|-damage|p2a: Torkoal|77\/100\n|-anim|p1a: Dragapult|Dragon Darts|p2a: Torkoal\n|-damage|p2a: Torkoal|56\/100\n|move|p2a: Torkoal|Will-O-Wisp|p1a: Dragapult\n|-status|p1a: Dragapult|brn\n|\n|-weather|SunnyDay|[upkeep]\n|-damage|p1a: Dragapult|95\/100 brn|[from] brn\n|upkeep\n|turn|2\n|\n|t:|1701086427\n|move|p1a: Dragapult|Dragon Darts|p2a: Torkoal\n|-damage|p2a: Torkoal|46\/100\n|-anim|p1a: Dragapult|Dragon Darts|p2a: Torkoal\n|-damage|p2a: Torkoal|35\/100\n|move|p2a: Torkoal|Stealth Rock|p1a: Dragapult\n|-sidestart|p1: milkcoffee21|move: Stealth Rock\n|\n|-weather|SunnyDay|[upkeep]\n|-damage|p1a: Dragapult|89\/100 brn|[from] brn\n|upkeep\n|turn|3\n|\n|t:|1701086435\n|switch|p2a: Ceruledge|Ceruledge, M|100\/100\n|move|p1a: Dragapult|Dragon Darts|p2a: Ceruledge\n|-damage|p2a: Ceruledge|74\/100\n|-ability|p2a: Ceruledge|Weak Armor|boost\n|-unboost|p2a: Ceruledge|def|1\n|-boost|p2a: Ceruledge|spe|2\n|-anim|p1a: Dragapult|Dragon Darts|p2a: Ceruledge\n|-damage|p2a: Ceruledge|34\/100\n|-ability|p2a: Ceruledge|Weak Armor|boost\n|-unboost|p2a: Ceruledge|def|1\n|-boost|p2a: Ceruledge|spe|2\n|\n|-weather|SunnyDay|[upkeep]\n|-damage|p1a: Dragapult|83\/100 brn|[from] brn\n|upkeep\n|turn|4\n|\n|t:|1701086445\n|move|p2a: Ceruledge|Poltergeist|p1a: Dragapult\n|-activate|p1a: Dragapult|move: Poltergeist|Choice Band\n|-supereffective|p1a: Dragapult\n|-damage|p1a: Dragapult|0 fnt\n|faint|p1a: Dragapult\n|\n|-weather|SunnyDay|[upkeep]\n|upkeep\n|\n|t:|1701086453\n|switch|p1a: Great Tusk|Great Tusk|100\/100\n|-damage|p1a: Great Tusk|98\/100|[from] Stealth Rock\n|-activate|p1a: Great Tusk|ability: Protosynthesis\n|-start|p1a: Great Tusk|protosynthesisdef\n|turn|5\n|\n|t:|1701086462\n|switch|p2a: Landorus|Landorus-Therian, M|100\/100\n|-ability|p2a: Landorus|Intimidate|boost\n|-unboost|p1a: Great Tusk|atk|1\n|move|p1a: Great Tusk|Earthquake|p2a: Landorus\n|-immune|p2a: Landorus\n|\n|-weather|SunnyDay|[upkeep]\n|-heal|p1a: Great Tusk|100\/100|[from] item: Leftovers\n|upkeep\n|turn|6\n|\n|t:|1701086472\n|move|p1a: Great Tusk|Knock Off|p2a: Landorus\n|-damage|p2a: Landorus|82\/100\n|-enditem|p2a: Landorus|Leftovers|[from] move: Knock Off|[of] p1a: Great Tusk\n|move|p2a: Landorus|U-turn|p1a: Great Tusk\n|-resisted|p1a: Great Tusk\n|-damage|p1a: Great Tusk|97\/100\n|\n|t:|1701086481\n|switch|p2a: Walking Wake|Walking Wake|100\/100|[from] U-turn\n|-activate|p2a: Walking Wake|ability: Protosynthesis\n|-start|p2a: Walking Wake|protosynthesisspe\n|\n|-weather|SunnyDay|[upkeep]\n|-heal|p1a: Great Tusk|100\/100|[from] item: Leftovers\n|upkeep\n|turn|7\n|\n|t:|1701086491\n|-end|p1a: Great Tusk|Protosynthesis|[silent]\n|switch|p1a: Toxapex|Toxapex, F|100\/100\n|-damage|p1a: Toxapex|88\/100|[from] Stealth Rock\n|move|p2a: Walking Wake|Hydro Steam|p1a: Toxapex\n|-resisted|p1a: Toxapex\n|-damage|p1a: Toxapex|54\/100\n|\n|-weather|SunnyDay|[upkeep]\n|-heal|p1a: Toxapex|60\/100|[from] item: Leftovers\n|upkeep\n|turn|8\n|\n|t:|1701086499\n|-terastallize|p2a: Walking Wake|Water\n|move|p2a: Walking Wake|Hydro Steam|p1a: Toxapex\n|-resisted|p1a: Toxapex\n|-damage|p1a: Toxapex|11\/100\n|move|p1a: Toxapex|Toxic|p2a: Walking Wake\n|-status|p2a: Walking Wake|tox\n|\n|-weather|none\n|-end|p2a: Walking Wake|Protosynthesis\n|-heal|p1a: Toxapex|18\/100|[from] item: Leftovers\n|-damage|p2a: Walking Wake|94\/100 tox|[from] psn\n|upkeep\n|turn|9\n|\n|t:|1701086511\n|switch|p1a: Clodsire|Clodsire, F|100\/100\n|-damage|p1a: Clodsire|94\/100|[from] Stealth Rock\n|move|p2a: Walking Wake|Hydro Steam|p1a: Clodsire\n|-supereffective|p1a: Clodsire\n|-damage|p1a: Clodsire|15\/100\n|\n|-heal|p1a: Clodsire|21\/100|[from] item: Leftovers\n|-damage|p2a: Walking Wake|82\/100 tox|[from] psn\n|upkeep\n|turn|10\n|\n|t:|1701086518\n|switch|p1a: Toxapex|Toxapex, F|51\/100\n|-damage|p1a: Toxapex|38\/100|[from] Stealth Rock\n|move|p2a: Walking Wake|Hydro Steam|p1a: Toxapex\n|-resisted|p1a: Toxapex\n|-damage|p1a: Toxapex|7\/100\n|\n|-heal|p1a: Toxapex|13\/100|[from] item: Leftovers\n|-damage|p2a: Walking Wake|63\/100 tox|[from] psn\n|upkeep\n|turn|11\n|\n|t:|1701086527\n|move|p2a: Walking Wake|Hydro Steam|p1a: Toxapex\n|-resisted|p1a: Toxapex\n|-damage|p1a: Toxapex|0 fnt\n|faint|p1a: Toxapex\n|\n|-damage|p2a: Walking Wake|39\/100 tox|[from] psn\n|upkeep\n|\n|t:|1701086528\n|switch|p1a: Kingambit|Kingambit, M|100\/100\n|-damage|p1a: Kingambit|94\/100|[from] Stealth Rock\n|-activate|p1a: Kingambit|ability: Supreme Overlord\n|-start|p1a: Kingambit|fallen2|[silent]\n|turn|12\n|\n|t:|1701086533\n|-end|p2a: Walking Wake|Protosynthesis|[silent]\n|switch|p2a: Torkoal|Torkoal, F|35\/100\n|-weather|SunnyDay|[from] ability: Drought|[of] p2a: Torkoal\n|move|p1a: Kingambit|Kowtow Cleave|p2a: Torkoal\n|-damage|p2a: Torkoal|0 fnt\n|faint|p2a: Torkoal\n|\n|-weather|SunnyDay|[upkeep]\n|-heal|p1a: Kingambit|100\/100|[from] item: Leftovers\n|upkeep\n|\n|t:|1701086546\n|switch|p2a: Landorus|Landorus-Therian, M|82\/100\n|-ability|p2a: Landorus|Intimidate|boost\n|-unboost|p1a: Kingambit|atk|1\n|turn|13\n|\n|t:|1701086551\n|-end|p1a: Kingambit|fallen2|[silent]\n|switch|p1a: Great Tusk|Great Tusk|100\/100\n|-damage|p1a: Great Tusk|98\/100|[from] Stealth Rock\n|-activate|p1a: Great Tusk|ability: Protosynthesis\n|-start|p1a: Great Tusk|protosynthesisdef\n|move|p2a: Landorus|Earthquake|p1a: Great Tusk\n|-damage|p1a: Great Tusk|81\/100\n|\n|-weather|SunnyDay|[upkeep]\n|-heal|p1a: Great Tusk|87\/100|[from] item: Leftovers\n|upkeep\n|turn|14\n|\n|t:|1701086561\n|move|p1a: Great Tusk|Rapid Spin|p2a: Landorus\n|-damage|p2a: Landorus|69\/100\n|-boost|p1a: Great Tusk|spe|1\n|-sideend|p1: milkcoffee21|Stealth Rock|[from] move: Rapid Spin|[of] p1a: Great Tusk\n|move|p2a: Landorus|U-turn|p1a: Great Tusk\n|-resisted|p1a: Great Tusk\n|-damage|p1a: Great Tusk|83\/100\n|\n|t:|1701086566\n|switch|p2a: Walking Wake|Walking Wake, tera:Water|39\/100 tox|[from] U-turn\n|-activate|p2a: Walking Wake|ability: Protosynthesis\n|-start|p2a: Walking Wake|protosynthesisspe\n|\n|-weather|SunnyDay|[upkeep]\n|-heal|p1a: Great Tusk|89\/100|[from] item: Leftovers\n|-damage|p2a: Walking Wake|32\/100 tox|[from] psn\n|upkeep\n|turn|15\n|\n|t:|1701086582\n|-end|p1a: Great Tusk|Protosynthesis|[silent]\n|switch|p1a: Clodsire|Clodsire, F|21\/100\n|move|p2a: Walking Wake|Hydro Steam|p1a: Clodsire\n|-supereffective|p1a: Clodsire\n|-damage|p1a: Clodsire|0 fnt\n|faint|p1a: Clodsire\n|\n|-weather|SunnyDay|[upkeep]\n|-damage|p2a: Walking Wake|20\/100 tox|[from] psn\n|upkeep\n|\n|t:|1701086585\n|switch|p1a: Kingambit|Kingambit, M|100\/100\n|-activate|p1a: Kingambit|ability: Supreme Overlord\n|-start|p1a: Kingambit|fallen3|[silent]\n|turn|16\n|\n|t:|1701086588\n|move|p1a: Kingambit|Sucker Punch|p2a: Walking Wake\n|-damage|p2a: Walking Wake|0 fnt\n|faint|p2a: Walking Wake\n|-end|p2a: Walking Wake|Protosynthesis|[silent]\n|\n|-weather|SunnyDay|[upkeep]\n|upkeep\n|\n|t:|1701086593\n|switch|p2a: Landorus|Landorus-Therian, M|69\/100\n|-ability|p2a: Landorus|Intimidate|boost\n|-unboost|p1a: Kingambit|atk|1\n|turn|17\n|\n|t:|1701086596\n|-end|p1a: Kingambit|fallen3|[silent]\n|switch|p1a: Great Tusk|Great Tusk|89\/100\n|-activate|p1a: Great Tusk|ability: Protosynthesis\n|-start|p1a: Great Tusk|protosynthesisdef\n|move|p2a: Landorus|U-turn|p1a: Great Tusk\n|-resisted|p1a: Great Tusk\n|-damage|p1a: Great Tusk|85\/100\n|\n|t:|1701086599\n|switch|p2a: Brambleghast|Brambleghast, M|100\/100|[from] U-turn\n|\n|-weather|SunnyDay|[upkeep]\n|-heal|p1a: Great Tusk|91\/100|[from] item: Leftovers\n|upkeep\n|turn|18\n|\n|t:|1701086604\n|move|p2a: Brambleghast|Substitute|p2a: Brambleghast\n|-start|p2a: Brambleghast|Substitute\n|-damage|p2a: Brambleghast|76\/100\n|move|p1a: Great Tusk|Knock Off|p2a: Brambleghast\n|-supereffective|p2a: Brambleghast\n|-end|p2a: Brambleghast|Substitute\n|\n|-weather|SunnyDay|[upkeep]\n|-heal|p2a: Brambleghast|82\/100|[from] item: Leftovers\n|-heal|p1a: Great Tusk|97\/100|[from] item: Leftovers\n|upkeep\n|turn|19\n|\n|t:|1701086609\n|move|p2a: Brambleghast|Disable|p1a: Great Tusk\n|-start|p1a: Great Tusk|Disable|Knock Off\n|cant|p1a: Great Tusk|Disable|Knock Off\n|\n|-weather|none\n|-end|p1a: Great Tusk|Protosynthesis\n|-heal|p2a: Brambleghast|88\/100|[from] item: Leftovers\n|-heal|p1a: Great Tusk|100\/100|[from] item: Leftovers\n|upkeep\n|turn|20\n|\n|t:|1701086615\n|move|p2a: Brambleghast|Substitute|p2a: Brambleghast\n|-start|p2a: Brambleghast|Substitute\n|-damage|p2a: Brambleghast|63\/100\n|move|p1a: Great Tusk|Earthquake|p2a: Brambleghast\n|-resisted|p2a: Brambleghast\n|-end|p2a: Brambleghast|Substitute\n|\n|-heal|p2a: Brambleghast|69\/100|[from] item: Leftovers\n|upkeep\n|turn|21\n|\n|t:|1701086621\n|move|p2a: Brambleghast|Strength Sap|p1a: Great Tusk\n|-unboost|p1a: Great Tusk|atk|1\n|-heal|p2a: Brambleghast|100\/100\n|move|p1a: Great Tusk|Earthquake|p2a: Brambleghast\n|-resisted|p2a: Brambleghast\n|-damage|p2a: Brambleghast|81\/100\n|\n|-heal|p2a: Brambleghast|87\/100|[from] item: Leftovers\n|upkeep\n|turn|22\n|\n|t:|1701086625\n|move|p2a: Brambleghast|Substitute|p2a: Brambleghast\n|-start|p2a: Brambleghast|Substitute\n|-damage|p2a: Brambleghast|62\/100\n|move|p1a: Great Tusk|Bulk Up|p1a: Great Tusk\n|-boost|p1a: Great Tusk|atk|1\n|-boost|p1a: Great Tusk|def|1\n|\n|-heal|p2a: Brambleghast|68\/100|[from] item: Leftovers\n|-end|p1a: Great Tusk|Disable\n|upkeep\n|turn|23\n|\n|t:|1701086634\n|move|p2a: Brambleghast|Infestation|p1a: Great Tusk\n|-resisted|p1a: Great Tusk\n|-damage|p1a: Great Tusk|98\/100\n|-activate|p1a: Great Tusk|move: Infestation|[of] p2a: Brambleghast\n|move|p1a: Great Tusk|Earthquake|p2a: Brambleghast\n|-resisted|p2a: Brambleghast\n|-end|p2a: Brambleghast|Substitute\n|\n|-heal|p2a: Brambleghast|74\/100|[from] item: Leftovers\n|-heal|p1a: Great Tusk|100\/100|[from] item: Leftovers\n|-damage|p1a: Great Tusk|88\/100|[from] move: Infestation|[partiallytrapped]\n|upkeep\n|turn|24\n|\n|t:|1701086644\n|move|p2a: Brambleghast|Substitute|p2a: Brambleghast\n|-start|p2a: Brambleghast|Substitute\n|-damage|p2a: Brambleghast|49\/100\n|move|p1a: Great Tusk|Bulk Up|p1a: Great Tusk\n|-boost|p1a: Great Tusk|atk|1\n|-boost|p1a: Great Tusk|def|1\n|\n|-heal|p2a: Brambleghast|55\/100|[from] item: Leftovers\n|-heal|p1a: Great Tusk|94\/100|[from] item: Leftovers\n|-damage|p1a: Great Tusk|82\/100|[from] move: Infestation|[partiallytrapped]\n|upkeep\n|turn|25\n|\n|t:|1701086662\n|move|p2a: Brambleghast|Strength Sap|p1a: Great Tusk\n|-unboost|p1a: Great Tusk|atk|1\n|-heal|p2a: Brambleghast|100\/100\n|move|p1a: Great Tusk|Knock Off|p2a: Brambleghast\n|-supereffective|p2a: Brambleghast\n|-end|p2a: Brambleghast|Substitute\n|\n|-heal|p1a: Great Tusk|88\/100|[from] item: Leftovers\n|-damage|p1a: Great Tusk|76\/100|[from] move: Infestation|[partiallytrapped]\n|upkeep\n|turn|26\n|\n|t:|1701086669\n|move|p2a: Brambleghast|Disable|p1a: Great Tusk\n|-start|p1a: Great Tusk|Disable|Knock Off\n|cant|p1a: Great Tusk|Disable|Knock Off\n|\n|-heal|p1a: Great Tusk|82\/100|[from] item: Leftovers\n|-damage|p1a: Great Tusk|69\/100|[from] move: Infestation|[partiallytrapped]\n|upkeep\n|turn|27\n|\n|t:|1701086674\n|move|p2a: Brambleghast|Substitute|p2a: Brambleghast\n|-start|p2a: Brambleghast|Substitute\n|-damage|p2a: Brambleghast|76\/100\n|move|p1a: Great Tusk|Bulk Up|p1a: Great Tusk\n|-boost|p1a: Great Tusk|atk|1\n|-boost|p1a: Great Tusk|def|1\n|\n|-heal|p2a: Brambleghast|82\/100|[from] item: Leftovers\n|-heal|p1a: Great Tusk|76\/100|[from] item: Leftovers\n|-damage|p1a: Great Tusk|63\/100|[from] move: Infestation|[partiallytrapped]\n|upkeep\n|turn|28\n|\n|t:|1701086680\n|move|p2a: Brambleghast|Strength Sap|p1a: Great Tusk\n|-unboost|p1a: Great Tusk|atk|1\n|-heal|p2a: Brambleghast|100\/100\n|move|p1a: Great Tusk|Earthquake|p2a: Brambleghast\n|-resisted|p2a: Brambleghast\n|-end|p2a: Brambleghast|Substitute\n|\n|-heal|p1a: Great Tusk|69\/100|[from] item: Leftovers\n|-end|p1a: Great Tusk|Infestation|[partiallytrapped]\n|upkeep\n|turn|29\n|\n|t:|1701086693\n|move|p2a: Brambleghast|Strength Sap|p1a: Great Tusk\n|-unboost|p1a: Great Tusk|atk|1\n|move|p1a: Great Tusk|Earthquake|p2a: Brambleghast\n|-resisted|p2a: Brambleghast\n|-damage|p2a: Brambleghast|79\/100\n|\n|-heal|p2a: Brambleghast|85\/100|[from] item: Leftovers\n|-heal|p1a: Great Tusk|76\/100|[from] item: Leftovers\n|-end|p1a: Great Tusk|Disable\n|upkeep\n|turn|30\n|\n|t:|1701086698\n|-end|p1a: Great Tusk|Protosynthesis|[silent]\n|switch|p1a: Cinderace|Cinderace, M|100\/100\n|move|p2a: Brambleghast|Infestation|p1a: Cinderace\n|-resisted|p1a: Cinderace\n|-damage|p1a: Cinderace|99\/100\n|-activate|p1a: Cinderace|move: Infestation|[of] p2a: Brambleghast\n|\n|-heal|p2a: Brambleghast|91\/100|[from] item: Leftovers\n|-damage|p1a: Cinderace|86\/100|[from] move: Infestation|[partiallytrapped]\n|upkeep\n|turn|31\n|\n|t:|1701086704\n|move|p1a: Cinderace|U-turn|p2a: Brambleghast\n|-damage|p2a: Brambleghast|65\/100\n|\n|t:|1701086707\n|switch|p1a: Great Tusk|Great Tusk|76\/100|[from] U-turn\n|move|p2a: Brambleghast|Substitute|p2a: Brambleghast\n|-start|p2a: Brambleghast|Substitute\n|-damage|p2a: Brambleghast|40\/100\n|\n|-heal|p2a: Brambleghast|46\/100|[from] item: Leftovers\n|-heal|p1a: Great Tusk|82\/100|[from] item: Leftovers\n|upkeep\n|turn|32\n|\n|t:|1701086715\n|move|p2a: Brambleghast|Infestation|p1a: Great Tusk\n|-resisted|p1a: Great Tusk\n|-damage|p1a: Great Tusk|80\/100\n|-activate|p1a: Great Tusk|move: Infestation|[of] p2a: Brambleghast\n|move|p1a: Great Tusk|Earthquake|p2a: Brambleghast\n|-resisted|p2a: Brambleghast\n|-end|p2a: Brambleghast|Substitute\n|\n|-heal|p2a: Brambleghast|52\/100|[from] item: Leftovers\n|-heal|p1a: Great Tusk|86\/100|[from] item: Leftovers\n|-damage|p1a: Great Tusk|73\/100|[from] move: Infestation|[partiallytrapped]\n|upkeep\n|turn|33\n|\n|t:|1701086721\n|move|p2a: Brambleghast|Strength Sap|p1a: Great Tusk\n|-unboost|p1a: Great Tusk|atk|1\n|-heal|p2a: Brambleghast|100\/100\n|move|p1a: Great Tusk|Knock Off|p2a: Brambleghast\n|-supereffective|p2a: Brambleghast\n|-damage|p2a: Brambleghast|46\/100\n|-enditem|p2a: Brambleghast|Leftovers|[from] move: Knock Off|[of] p1a: Great Tusk\n|\n|-heal|p1a: Great Tusk|80\/100|[from] item: Leftovers\n|-damage|p1a: Great Tusk|67\/100|[from] move: Infestation|[partiallytrapped]\n|upkeep\n|turn|34\n|\n|t:|1701086727\n|move|p2a: Brambleghast|Strength Sap|p1a: Great Tusk\n|-unboost|p1a: Great Tusk|atk|1\n|-heal|p2a: Brambleghast|100\/100\n|move|p1a: Great Tusk|Bulk Up|p1a: Great Tusk\n|-boost|p1a: Great Tusk|atk|1\n|-boost|p1a: Great Tusk|def|1\n|\n|-heal|p1a: Great Tusk|73\/100|[from] item: Leftovers\n|-damage|p1a: Great Tusk|61\/100|[from] move: Infestation|[partiallytrapped]\n|upkeep\n|turn|35\n|\n|t:|1701086734\n|move|p2a: Brambleghast|Substitute|p2a: Brambleghast\n|-start|p2a: Brambleghast|Substitute\n|-damage|p2a: Brambleghast|76\/100\n|move|p1a: Great Tusk|Bulk Up|p1a: Great Tusk\n|-boost|p1a: Great Tusk|atk|1\n|-boost|p1a: Great Tusk|def|1\n|\n|-heal|p1a: Great Tusk|67\/100|[from] item: Leftovers\n|-damage|p1a: Great Tusk|55\/100|[from] move: Infestation|[partiallytrapped]\n|upkeep\n|turn|36\n|\n|t:|1701086739\n|move|p2a: Brambleghast|Strength Sap|p1a: Great Tusk\n|-unboost|p1a: Great Tusk|atk|1\n|-heal|p2a: Brambleghast|100\/100\n|move|p1a: Great Tusk|Bulk Up|p1a: Great Tusk\n|-boost|p1a: Great Tusk|atk|1\n|-boost|p1a: Great Tusk|def|1\n|\n|-heal|p1a: Great Tusk|61\/100|[from] item: Leftovers\n|-end|p1a: Great Tusk|Infestation|[partiallytrapped]\n|upkeep\n|turn|37\n|\n|t:|1701086744\n|move|p2a: Brambleghast|Infestation|p1a: Great Tusk\n|-resisted|p1a: Great Tusk\n|-damage|p1a: Great Tusk|59\/100\n|-activate|p1a: Great Tusk|move: Infestation|[of] p2a: Brambleghast\n|move|p1a: Great Tusk|Knock Off|p2a: Brambleghast\n|-supereffective|p2a: Brambleghast\n|-end|p2a: Brambleghast|Substitute\n|\n|-heal|p1a: Great Tusk|65\/100|[from] item: Leftovers\n|-damage|p1a: Great Tusk|52\/100|[from] move: Infestation|[partiallytrapped]\n|upkeep\n|turn|38\n|\n|t:|1701086748\n|move|p2a: Brambleghast|Substitute|p2a: Brambleghast\n|-start|p2a: Brambleghast|Substitute\n|-damage|p2a: Brambleghast|76\/100\n|move|p1a: Great Tusk|Earthquake|p2a: Brambleghast\n|-resisted|p2a: Brambleghast\n|-end|p2a: Brambleghast|Substitute\n|\n|-heal|p1a: Great Tusk|59\/100|[from] item: Leftovers\n|-damage|p1a: Great Tusk|46\/100|[from] move: Infestation|[partiallytrapped]\n|upkeep\n|turn|39\n|\n|t:|1701086751\n|move|p2a: Brambleghast|Strength Sap|p1a: Great Tusk\n|-unboost|p1a: Great Tusk|atk|1\n|-heal|p2a: Brambleghast|100\/100\n|move|p1a: Great Tusk|Knock Off|p2a: Brambleghast\n|-supereffective|p2a: Brambleghast\n|-damage|p2a: Brambleghast|63\/100\n|\n|-heal|p1a: Great Tusk|52\/100|[from] item: Leftovers\n|-damage|p1a: Great Tusk|40\/100|[from] move: Infestation|[partiallytrapped]\n|upkeep\n|turn|40\n|\n|t:|1701086754\n|move|p2a: Brambleghast|Strength Sap|p1a: Great Tusk\n|-unboost|p1a: Great Tusk|atk|1\n|-heal|p2a: Brambleghast|100\/100\n|move|p1a: Great Tusk|Knock Off|p2a: Brambleghast\n|-supereffective|p2a: Brambleghast\n|-damage|p2a: Brambleghast|74\/100\n|\n|-heal|p1a: Great Tusk|46\/100|[from] item: Leftovers\n|-damage|p1a: Great Tusk|34\/100|[from] move: Infestation|[partiallytrapped]\n|upkeep\n|turn|41\n|\n|t:|1701086757\n|move|p2a: Brambleghast|Substitute|p2a: Brambleghast\n|-start|p2a: Brambleghast|Substitute\n|-damage|p2a: Brambleghast|49\/100\n|move|p1a: Great Tusk|Earthquake|p2a: Brambleghast\n|-resisted|p2a: Brambleghast\n|-activate|p2a: Brambleghast|move: Substitute|[damage]\n|\n|-heal|p1a: Great Tusk|40\/100|[from] item: Leftovers\n|-end|p1a: Great Tusk|Infestation|[partiallytrapped]\n|upkeep\n|turn|42\n|\n|t:|1701086761\n|-end|p1a: Great Tusk|Protosynthesis|[silent]\n|switch|p1a: Cinderace|Cinderace, M|86\/100\n|move|p2a: Brambleghast|Infestation|p1a: Cinderace\n|-resisted|p1a: Cinderace\n|-damage|p1a: Cinderace|84\/100\n|-activate|p1a: Cinderace|move: Infestation|[of] p2a: Brambleghast\n|\n|-damage|p1a: Cinderace|72\/100|[from] move: Infestation|[partiallytrapped]\n|upkeep\n|turn|43\n|\n|t:|1701086769\n|move|p1a: Cinderace|Pyro Ball|p2a: Brambleghast\n|-supereffective|p2a: Brambleghast\n|-end|p2a: Brambleghast|Substitute\n|move|p2a: Brambleghast|Strength Sap|p1a: Cinderace\n|-unboost|p1a: Cinderace|atk|1\n|-heal|p2a: Brambleghast|100\/100\n|\n|-damage|p1a: Cinderace|59\/100|[from] move: Infestation|[partiallytrapped]\n|upkeep\n|turn|44\n|\n|t:|1701086775\n|switch|p2a: Ceruledge|Ceruledge, M|34\/100\n|move|p1a: Cinderace|Pyro Ball|p2a: Ceruledge\n|-resisted|p2a: Ceruledge\n|-damage|p2a: Ceruledge|10\/100\n|-ability|p2a: Ceruledge|Weak Armor|boost\n|-unboost|p2a: Ceruledge|def|1\n|-boost|p2a: Ceruledge|spe|2\n|\n|-end|p1a: Cinderace|Infestation|[partiallytrapped]|[silent]\n|upkeep\n|turn|45\n|\n|t:|1701086782\n|move|p2a: Ceruledge|Poltergeist|p1a: Cinderace\n|-activate|p1a: Cinderace|move: Poltergeist|Heavy-Duty Boots\n|-damage|p1a: Cinderace|0 fnt\n|faint|p1a: Cinderace\n|\n|upkeep\n|\n|t:|1701086789\n|switch|p1a: Great Tusk|Great Tusk|40\/100\n|turn|46\n|\n|t:|1701086792\n|move|p2a: Ceruledge|Poltergeist|p1a: Great Tusk\n|-activate|p1a: Great Tusk|move: Poltergeist|Leftovers\n|-damage|p1a: Great Tusk|12\/100\n|move|p1a: Great Tusk|Knock Off|p2a: Ceruledge\n|-supereffective|p2a: Ceruledge\n|-damage|p2a: Ceruledge|0 fnt\n|-enditem|p2a: Ceruledge|Focus Sash|[from] move: Knock Off|[of] p1a: Great Tusk\n|faint|p2a: Ceruledge\n|\n|-heal|p1a: Great Tusk|18\/100|[from] item: Leftovers\n|upkeep\n|\n|t:|1701086800\n|switch|p2a: Landorus|Landorus-Therian, M|69\/100\n|-ability|p2a: Landorus|Intimidate|boost\n|-unboost|p1a: Great Tusk|atk|1\n|turn|47\n|\n|t:|1701086815\n|move|p1a: Great Tusk|Earthquake|p2a: Landorus\n|-immune|p2a: Landorus\n|move|p2a: Landorus|Earthquake|p1a: Great Tusk\n|-damage|p1a: Great Tusk|0 fnt\n|faint|p1a: Great Tusk\n|-end|p1a: Great Tusk|Protosynthesis|[silent]\n|\n|upkeep\n|\n|t:|1701086818\n|switch|p1a: Kingambit|Kingambit, M|100\/100\n|-activate|p1a: Kingambit|ability: Supreme Overlord\n|-start|p1a: Kingambit|fallen5|[silent]\n|turn|48\n|\n|t:|1701086824\n|move|p2a: Landorus|Earthquake|p1a: Kingambit\n|-supereffective|p1a: Kingambit\n|-damage|p1a: Kingambit|32\/100\n|move|p1a: Kingambit|Swords Dance|p1a: Kingambit\n|-boost|p1a: Kingambit|atk|2\n|\n|-heal|p1a: Kingambit|38\/100|[from] item: Leftovers\n|upkeep\n|turn|49\n|\n|t:|1701086828\n|move|p1a: Kingambit|Sucker Punch|p2a: Landorus\n|-damage|p2a: Landorus|0 fnt\n|faint|p2a: Landorus\n|\n|-heal|p1a: Kingambit|44\/100|[from] item: Leftovers\n|upkeep\n|\n|t:|1701086831\n|switch|p2a: Brambleghast|Brambleghast, M|100\/100\n|turn|50\n|\n|t:|1701086835\n|move|p2a: Brambleghast|Substitute|p2a: Brambleghast\n|-start|p2a: Brambleghast|Substitute\n|-damage|p2a: Brambleghast|76\/100\n|move|p1a: Kingambit|Kowtow Cleave|p2a: Brambleghast\n|-supereffective|p2a: Brambleghast\n|-crit|p2a: Brambleghast\n|-end|p2a: Brambleghast|Substitute\n|\n|-heal|p1a: Kingambit|50\/100|[from] item: Leftovers\n|upkeep\n|turn|51\n|\n|t:|1701086841\n|move|p2a: Brambleghast|Disable|p1a: Kingambit\n|-start|p1a: Kingambit|Disable|Kowtow Cleave\n|move|p1a: Kingambit|Iron Head|p2a: Brambleghast\n|-damage|p2a: Brambleghast|0 fnt\n|faint|p2a: Brambleghast\n|\n|-heal|p1a: Kingambit|56\/100|[from] item: Leftovers\n|upkeep\n|\n|t:|1701086845\n|switch|p2a: Kingambit|Kingambit, M|100\/100\n|-activate|p2a: Kingambit|ability: Supreme Overlord\n|-start|p2a: Kingambit|fallen5|[silent]\n|turn|52\n|\n|t:|1701086848\n|move|p2a: Kingambit|Low Kick|p1a: Kingambit\n|-supereffective|p1a: Kingambit\n|-damage|p1a: Kingambit|0 fnt\n|faint|p1a: Kingambit\n|-end|p1a: Kingambit|fallen5|[silent]\n|\n|win|hanhsome m\n|raw|milkcoffee21's rating: 1260 &rarr; <strong>1227<\/strong><br \/>(-33 for losing)\n|raw|hanhsome m's rating: 1149 &rarr; <strong>1182<\/strong><br \/>(+33 for winning)\n|l|\u2606milkcoffee21\n","uploadtime":1701086871,"views":5,"p1id":"milkcoffee21","p2id":"hanhsomem","formatid":"gen9ou","rating":1182,"private":0,"password":""}