{"id":"gen9ou-1995905122","p1":"WillDog859","p2":"Zuela","format":"[Gen 9] OU","log":"|j|\u2606WillDog859\n|j|\u2606Zuela\n|t:|1700615805\n|gametype|singles\n|player|p1|WillDog859|ethan|\n|player|p2|Zuela|steven|\n|teamsize|p1|4\n|teamsize|p2|4\n|gen|9\n|tier|[Gen 9] OU\n|rule|Sleep Clause Mod: Limit one foe put to sleep\n|rule|Species Clause: Limit one of each Pok\u00e9mon\n|rule|OHKO Clause: OHKO moves are banned\n|rule|Evasion Items Clause: Evasion items are banned\n|rule|Evasion Moves Clause: Evasion moves are banned\n|rule|Endless Battle Clause: Forcing endless battles is banned\n|rule|HP Percentage Mod: HP is shown in percentages\n|clearpoke\n|poke|p1|Arcanine-Hisui, M|\n|poke|p1|Gholdengo|\n|poke|p1|Empoleon, M|\n|poke|p1|Glimmora, M|\n|poke|p2|Cinderace, M|\n|poke|p2|Skeledirge, M|\n|poke|p2|Kommo-o, M|\n|poke|p2|Infernape, M|\n|teampreview\n|\n|t:|1700615826\n|start\n|switch|p1a: Glimmora|Glimmora, M, shiny|100\/100\n|switch|p2a: Kommo-o|Kommo-o, M, shiny|100\/100\n|turn|1\n|\n|t:|1700615844\n|move|p1a: Glimmora|Stealth Rock|p2a: Kommo-o\n|-sidestart|p2: Zuela|move: Stealth Rock\n|move|p2a: Kommo-o|Dragon Dance|p2a: Kommo-o\n|-boost|p2a: Kommo-o|atk|1\n|-boost|p2a: Kommo-o|spe|1\n|\n|upkeep\n|turn|2\n|\n|t:|1700615854\n|move|p2a: Kommo-o|Dragon Dance|p2a: Kommo-o\n|-boost|p2a: Kommo-o|atk|1\n|-boost|p2a: Kommo-o|spe|1\n|move|p1a: Glimmora|Spikes|p2a: Kommo-o\n|-sidestart|p2: Zuela|Spikes\n|\n|upkeep\n|turn|3\n|j| Horse95\n|\n|t:|1700615862\n|move|p2a: Kommo-o|Earthquake|p1a: Glimmora\n|-supereffective|p1a: Glimmora\n|-enditem|p1a: Glimmora|Focus Sash\n|-damage|p1a: Glimmora|1\/100\n|-activate|p1a: Glimmora|ability: Toxic Debris\n|-sidestart|p2: Zuela|move: Toxic Spikes\n|move|p1a: Glimmora|Earth Power|p2a: Kommo-o\n|-damage|p2a: Kommo-o|65\/100\n|\n|upkeep\n|turn|4\n|\n|t:|1700615875\n|move|p2a: Kommo-o|Earthquake|p1a: Glimmora\n|-supereffective|p1a: Glimmora\n|-damage|p1a: Glimmora|0 fnt\n|-activate|p1a: Glimmora|ability: Toxic Debris\n|-sidestart|p2: Zuela|move: Toxic Spikes\n|faint|p1a: Glimmora\n|\n|upkeep\n|\n|t:|1700615885\n|switch|p1a: Empoleon|Empoleon, M, shiny|100\/100\n|turn|5\n|\n|t:|1700615894\n|move|p2a: Kommo-o|Earthquake|p1a: Empoleon\n|-supereffective|p1a: Empoleon\n|-damage|p1a: Empoleon|0 fnt\n|faint|p1a: Empoleon\n|\n|upkeep\n|\n|t:|1700615906\n|switch|p1a: Arcanine|Arcanine-Hisui, M, shiny|100\/100\n|turn|6\n|j| Notgeeta101\n|\n|t:|1700615911\n|move|p1a: Arcanine|Extreme Speed|p2a: Kommo-o\n|-damage|p2a: Kommo-o|42\/100\n|-enditem|p2a: Kommo-o|Sitrus Berry|[eat]\n|-heal|p2a: Kommo-o|66\/100|[from] item: Sitrus Berry\n|move|p2a: Kommo-o|Earthquake|p1a: Arcanine\n|-supereffective|p1a: Arcanine\n|-damage|p1a: Arcanine|0 fnt\n|faint|p1a: Arcanine\n|\n|upkeep\n|\n|t:|1700615914\n|switch|p1a: Gholdengo|Gholdengo, shiny|100\/100\n|turn|7\n|\n|t:|1700615927\n|move|p2a: Kommo-o|Earthquake|p1a: Gholdengo\n|-supereffective|p1a: Gholdengo\n|-damage|p1a: Gholdengo|0 fnt\n|faint|p1a: Gholdengo\n|\n|win|Zuela\n|j| guzmfran\n","uploadtime":1700615936,"views":23,"p1id":"willdog859","p2id":"zuela","formatid":"gen9ou","rating":0,"private":0,"password":""}