{"id":"gen9ou-1991701261","p1":"RepeatUntilTired3","p2":"l3vics","format":"[Gen 9] OU","log":"|j|\u2606RepeatUntilTired3\n|j|\u2606l3vics\n|t:|1700104349\n|gametype|singles\n|player|p1|RepeatUntilTired3|marlon|1458\n|player|p2|l3vics|266|1360\n|teamsize|p1|6\n|teamsize|p2|6\n|gen|9\n|tier|[Gen 9] OU\n|rated|\n|rule|Sleep Clause Mod: Limit one foe put to sleep\n|rule|Species Clause: Limit one of each Pok\u00e9mon\n|rule|OHKO Clause: OHKO moves are banned\n|rule|Evasion Items Clause: Evasion items are banned\n|rule|Evasion Moves Clause: Evasion moves are banned\n|rule|Endless Battle Clause: Forcing endless battles is banned\n|rule|HP Percentage Mod: HP is shown in percentages\n|clearpoke\n|poke|p1|Basculegion, M|\n|poke|p1|Iron Treads|\n|poke|p1|Tornadus-Therian, M|\n|poke|p1|Pelipper, M|\n|poke|p1|Chesnaught, F|\n|poke|p1|Crawdaunt, F|\n|poke|p2|Hydreigon, M|\n|poke|p2|Sneasler, M|\n|poke|p2|Rotom-Wash|\n|poke|p2|Corviknight, F|\n|poke|p2|Skeledirge, M|\n|poke|p2|Ting-Lu|\n|teampreview\n|inactive|Battle timer is ON: inactive players will automatically lose when time's up. (requested by l3vics)\n|\n|t:|1700104363\n|start\n|switch|p1a: Chesnaught|Chesnaught, F|100\/100\n|switch|p2a: Sneasler|Sneasler, M, shiny|100\/100\n|turn|1\n|\n|t:|1700104382\n|move|p2a: Sneasler|Fake Out|p1a: Chesnaught\n|-damage|p1a: Chesnaught|92\/100\n|cant|p1a: Chesnaught|flinch\n|\n|-heal|p1a: Chesnaught|98\/100|[from] item: Leftovers\n|upkeep\n|turn|2\n|\n|t:|1700104389\n|move|p2a: Sneasler|U-turn|p1a: Chesnaught\n|-damage|p1a: Chesnaught|83\/100\n|\n|t:|1700104392\n|switch|p2a: Corviknight|Corviknight, F|100\/100|[from] U-turn\n|-ability|p2a: Corviknight|Pressure\n|move|p1a: Chesnaught|Spikes|p2a: Corviknight\n|-sidestart|p2: l3vics|Spikes\n|\n|-heal|p1a: Chesnaught|89\/100|[from] item: Leftovers\n|upkeep\n|turn|3\n|\n|t:|1700104407\n|move|p1a: Chesnaught|Iron Defense|p1a: Chesnaught\n|-boost|p1a: Chesnaught|def|2\n|move|p2a: Corviknight|Brave Bird|p1a: Chesnaught\n|-supereffective|p1a: Chesnaught\n|-damage|p1a: Chesnaught|40\/100\n|-damage|p2a: Corviknight|87\/100|[from] Recoil\n|\n|-heal|p1a: Chesnaught|46\/100|[from] item: Leftovers\n|upkeep\n|turn|4\n|\n|t:|1700104418\n|-terastallize|p1a: Chesnaught|Poison\n|move|p1a: Chesnaught|Body Press|p2a: Corviknight\n|-damage|p2a: Corviknight|36\/100\n|-damage|p1a: Chesnaught|29\/100|[from] item: Rocky Helmet|[of] p2a: Corviknight\n|move|p2a: Corviknight|Brave Bird|p1a: Chesnaught\n|-damage|p1a: Chesnaught|16\/100\n|-damage|p2a: Corviknight|33\/100|[from] Recoil\n|\n|-heal|p1a: Chesnaught|23\/100|[from] item: Leftovers\n|upkeep\n|turn|5\n|\n|t:|1700104429\n|switch|p2a: Skeledirge|Skeledirge, M|100\/100\n|move|p1a: Chesnaught|Body Press|p2a: Skeledirge\n|-immune|p2a: Skeledirge\n|\n|-heal|p1a: Chesnaught|29\/100|[from] item: Leftovers\n|upkeep\n|turn|6\n|\n|t:|1700104435\n|move|p1a: Chesnaught|Spikes|p2a: Skeledirge\n|-sidestart|p2: l3vics|Spikes\n|move|p2a: Skeledirge|Torch Song|p1a: Chesnaught\n|-damage|p1a: Chesnaught|0 fnt\n|-boost|p2a: Skeledirge|spa|1\n|faint|p1a: Chesnaught\n|\n|upkeep\n|\n|t:|1700104443\n|switch|p1a: Pelipper|Pelipper, M|100\/100\n|-weather|RainDance|[from] ability: Drizzle|[of] p1a: Pelipper\n|turn|7\n|\n|t:|1700104450\n|switch|p2a: Corviknight|Corviknight, F|33\/100\n|-ability|p2a: Corviknight|Pressure\n|move|p1a: Pelipper|U-turn|p2a: Corviknight\n|-resisted|p2a: Corviknight\n|-damage|p2a: Corviknight|31\/100\n|-damage|p1a: Pelipper|84\/100|[from] item: Rocky Helmet|[of] p2a: Corviknight\n|\n|t:|1700104458\n|switch|p1a: Tornadus|Tornadus-Therian, M|100\/100|[from] U-turn\n|\n|-weather|RainDance|[upkeep]\n|upkeep\n|turn|8\n|\n|t:|1700104466\n|switch|p2a: Rotom|Rotom-Wash, shiny|100\/100\n|move|p1a: Tornadus|Hurricane|p2a: Rotom\n|-resisted|p2a: Rotom\n|-damage|p2a: Rotom|71\/100\n|-start|p2a: Rotom|confusion\n|\n|-weather|RainDance|[upkeep]\n|-heal|p2a: Rotom|77\/100|[from] item: Leftovers\n|upkeep\n|turn|9\n|\n|t:|1700104483\n|switch|p1a: Basculegion|Basculegion, M|100\/100\n|-activate|p2a: Rotom|confusion\n|move|p2a: Rotom|Hydro Pump|p1a: Basculegion\n|-resisted|p1a: Basculegion\n|-damage|p1a: Basculegion|65\/100\n|\n|-weather|RainDance|[upkeep]\n|-heal|p2a: Rotom|84\/100|[from] item: Leftovers\n|upkeep\n|turn|10\n|\n|t:|1700104491\n|-activate|p2a: Rotom|confusion\n|move|p2a: Rotom|Protect|p2a: Rotom\n|-singleturn|p2a: Rotom|Protect\n|move|p1a: Basculegion|Wave Crash|p2a: Rotom\n|-activate|p2a: Rotom|move: Protect\n|\n|-weather|RainDance|[upkeep]\n|-heal|p2a: Rotom|90\/100|[from] item: Leftovers\n|upkeep\n|turn|11\n|\n|t:|1700104499\n|move|p1a: Basculegion|Wave Crash|p2a: Rotom\n|-resisted|p2a: Rotom\n|-damage|p2a: Rotom|21\/100\n|-damage|p1a: Basculegion|47\/100|[from] Recoil\n|-end|p2a: Rotom|confusion\n|move|p2a: Rotom|Volt Switch|p1a: Basculegion\n|-supereffective|p1a: Basculegion\n|-damage|p1a: Basculegion|0 fnt\n|faint|p1a: Basculegion\n|\n|t:|1700104516\n|switch|p2a: Sneasler|Sneasler, M, shiny|100\/100|[from] Volt Switch\n|-damage|p2a: Sneasler|84\/100|[from] Spikes\n|\n|-weather|RainDance|[upkeep]\n|upkeep\n|\n|t:|1700104524\n|switch|p1a: Tornadus|Tornadus-Therian, M|100\/100\n|turn|12\n|\n|t:|1700104527\n|move|p2a: Sneasler|Fake Out|p1a: Tornadus\n|-damage|p1a: Tornadus|80\/100\n|cant|p1a: Tornadus|flinch\n|\n|-weather|RainDance|[upkeep]\n|upkeep\n|turn|13\n|\n|t:|1700104542\n|switch|p2a: Rotom|Rotom-Wash, shiny|21\/100\n|move|p1a: Tornadus|Hurricane|p2a: Rotom\n|-resisted|p2a: Rotom\n|-damage|p2a: Rotom|0 fnt\n|faint|p2a: Rotom\n|\n|-weather|RainDance|[upkeep]\n|upkeep\n|\n|t:|1700104552\n|switch|p2a: Ting-Lu|Ting-Lu|100\/100\n|-damage|p2a: Ting-Lu|84\/100|[from] Spikes\n|-ability|p2a: Ting-Lu|Vessel of Ruin\n|turn|14\n|\n|t:|1700104556\n|move|p1a: Tornadus|Hurricane|p2a: Ting-Lu\n|-damage|p2a: Ting-Lu|52\/100\n|-start|p2a: Ting-Lu|confusion\n|-activate|p2a: Ting-Lu|confusion\n|move|p2a: Ting-Lu|Spikes|p1a: Tornadus\n|-sidestart|p1: RepeatUntilTired3|Spikes\n|\n|-weather|none\n|-heal|p2a: Ting-Lu|58\/100|[from] item: Leftovers\n|upkeep\n|turn|15\n|\n|t:|1700104565\n|switch|p1a: Pelipper|Pelipper, M|84\/100\n|-weather|RainDance|[from] ability: Drizzle|[of] p1a: Pelipper\n|-activate|p2a: Ting-Lu|confusion\n|-damage|p2a: Ting-Lu|52\/100|[from] confusion\n|\n|-weather|RainDance|[upkeep]\n|-heal|p2a: Ting-Lu|58\/100|[from] item: Leftovers\n|upkeep\n|turn|16\n|\n|t:|1700104576\n|switch|p2a: Corviknight|Corviknight, F|31\/100\n|-ability|p2a: Corviknight|Pressure\n|move|p1a: Pelipper|U-turn|p2a: Corviknight\n|-resisted|p2a: Corviknight\n|-damage|p2a: Corviknight|30\/100\n|-damage|p1a: Pelipper|68\/100|[from] item: Rocky Helmet|[of] p2a: Corviknight\n|\n|t:|1700104583\n|switch|p1a: Tornadus|Tornadus-Therian, M|100\/100|[from] U-turn\n|\n|-weather|RainDance|[upkeep]\n|upkeep\n|turn|17\n|inactive|l3vics has 120 seconds left.\n|\n|t:|1700104614\n|move|p1a: Tornadus|Hurricane|p2a: Corviknight\n|-resisted|p2a: Corviknight\n|-damage|p2a: Corviknight|0 fnt\n|faint|p2a: Corviknight\n|\n|-weather|RainDance|[upkeep]\n|upkeep\n|inactive|l3vics has 120 seconds left.\n|\n|t:|1700104620\n|switch|p2a: Sneasler|Sneasler, M, shiny|84\/100\n|-damage|p2a: Sneasler|67\/100|[from] Spikes\n|turn|18\n|\n|t:|1700104624\n|move|p2a: Sneasler|Fake Out|p1a: Tornadus\n|-crit|p1a: Tornadus\n|-damage|p1a: Tornadus|70\/100\n|cant|p1a: Tornadus|flinch\n|\n|-weather|RainDance|[upkeep]\n|upkeep\n|turn|19\n|\n|t:|1700104630\n|move|p1a: Tornadus|Hurricane|p2a: Sneasler\n|-supereffective|p2a: Sneasler\n|-damage|p2a: Sneasler|0 fnt\n|faint|p2a: Sneasler\n|\n|-weather|RainDance|[upkeep]\n|upkeep\n|\n|t:|1700104635\n|switch|p2a: Hydreigon|Hydreigon, M|100\/100\n|turn|20\n|\n|t:|1700104640\n|switch|p1a: Iron Treads|Iron Treads|100\/100\n|-terastallize|p2a: Hydreigon|Steel\n|move|p2a: Hydreigon|Nasty Plot|p2a: Hydreigon\n|-boost|p2a: Hydreigon|spa|2\n|\n|-weather|RainDance|[upkeep]\n|upkeep\n|turn|21\n|\n|t:|1700104649\n|move|p2a: Hydreigon|Earth Power|p1a: Iron Treads\n|-supereffective|p1a: Iron Treads\n|-crit|p1a: Iron Treads\n|-damage|p1a: Iron Treads|0 fnt\n|faint|p1a: Iron Treads\n|-end|p1a: Iron Treads|Quark Drive|[silent]\n|\n|-weather|RainDance|[upkeep]\n|upkeep\n|\n|t:|1700104655\n|switch|p1a: Tornadus|Tornadus-Therian, M|100\/100\n|turn|22\n|\n|t:|1700104664\n|switch|p2a: Skeledirge|Skeledirge, M|100\/100\n|move|p1a: Tornadus|Weather Ball|p2a: Skeledirge\n|-supereffective|p2a: Skeledirge\n|-damage|p2a: Skeledirge|0 fnt\n|faint|p2a: Skeledirge\n|\n|-weather|none\n|upkeep\n|\n|t:|1700104671\n|switch|p2a: Hydreigon|Hydreigon, M, tera:Steel|100\/100\n|turn|23\n|\n|t:|1700104674\n|switch|p1a: Pelipper|Pelipper, M|68\/100\n|-weather|RainDance|[from] ability: Drizzle|[of] p1a: Pelipper\n|move|p2a: Hydreigon|Substitute|p2a: Hydreigon\n|-start|p2a: Hydreigon|Substitute\n|-damage|p2a: Hydreigon|76\/100\n|\n|-weather|RainDance|[upkeep]\n|-heal|p2a: Hydreigon|82\/100|[from] item: Leftovers\n|upkeep\n|turn|24\n|\n|t:|1700104683\n|move|p2a: Hydreigon|Nasty Plot|p2a: Hydreigon\n|-boost|p2a: Hydreigon|spa|2\n|move|p1a: Pelipper|Surf|p2a: Hydreigon\n|-end|p2a: Hydreigon|Substitute\n|\n|-weather|RainDance|[upkeep]\n|-heal|p2a: Hydreigon|88\/100|[from] item: Leftovers\n|upkeep\n|turn|25\n|\n|t:|1700104691\n|move|p2a: Hydreigon|Dark Pulse|p1a: Pelipper\n|-damage|p1a: Pelipper|0 fnt\n|faint|p1a: Pelipper\n|\n|-weather|RainDance|[upkeep]\n|-heal|p2a: Hydreigon|94\/100|[from] item: Leftovers\n|upkeep\n|\n|t:|1700104697\n|switch|p1a: Tornadus|Tornadus-Therian, M|100\/100\n|turn|26\n|\n|t:|1700104700\n|move|p1a: Tornadus|Weather Ball|p2a: Hydreigon\n|-damage|p2a: Hydreigon|15\/100\n|move|p2a: Hydreigon|Dark Pulse|p1a: Tornadus\n|-damage|p1a: Tornadus|0 fnt\n|faint|p1a: Tornadus\n|\n|-weather|RainDance|[upkeep]\n|-heal|p2a: Hydreigon|21\/100|[from] item: Leftovers\n|upkeep\n|\n|t:|1700104708\n|switch|p1a: Crawdaunt|Crawdaunt, F|100\/100\n|turn|27\n|\n|t:|1700104719\n|move|p1a: Crawdaunt|Aqua Jet|p2a: Hydreigon\n|-damage|p2a: Hydreigon|0 fnt\n|faint|p2a: Hydreigon\n|\n|-weather|RainDance|[upkeep]\n|upkeep\n|\n|t:|1700104722\n|switch|p2a: Ting-Lu|Ting-Lu|58\/100\n|-damage|p2a: Ting-Lu|42\/100|[from] Spikes\n|-ability|p2a: Ting-Lu|Vessel of Ruin\n|turn|28\n|\n|t:|1700104729\n|move|p1a: Crawdaunt|Crabhammer|p2a: Ting-Lu\n|-supereffective|p2a: Ting-Lu\n|-damage|p2a: Ting-Lu|0 fnt\n|faint|p2a: Ting-Lu\n|\n|win|RepeatUntilTired3\n|raw|RepeatUntilTired3's rating: 1458 &rarr; <strong>1473<\/strong><br \/>(+15 for winning)\n|raw|l3vics's rating: 1360 &rarr; <strong>1345<\/strong><br \/>(-15 for losing)\n","uploadtime":1700104736,"views":47,"p1id":"repeatuntiltired3","p2id":"l3vics","formatid":"gen9ou","rating":1345,"private":0,"password":""}