{"id":"gen9ou-1991314314","p1":"Chat88","p2":"N-Zoroark stan","format":"[Gen 9] OU","log":"|j|\u2606Chat88\n|j|\u2606N-Zoroark stan\n|t:|1700066779\n|gametype|singles\n|player|p1|Chat88|burglar-gen1rb|1650\n|player|p2|N-Zoroark stan|riley|1855\n|teamsize|p1|6\n|teamsize|p2|6\n|gen|9\n|tier|[Gen 9] OU\n|rated|\n|rule|Sleep Clause Mod: Limit one foe put to sleep\n|rule|Species Clause: Limit one of each Pok\u00e9mon\n|rule|OHKO Clause: OHKO moves are banned\n|rule|Evasion Items Clause: Evasion items are banned\n|rule|Evasion Moves Clause: Evasion moves are banned\n|rule|Endless Battle Clause: Forcing endless battles is banned\n|rule|HP Percentage Mod: HP is shown in percentages\n|clearpoke\n|poke|p1|Kingambit, F|\n|poke|p1|Glimmora, M|\n|poke|p1|Dragonite, F|\n|poke|p1|Iron Valiant|\n|poke|p1|Gholdengo|\n|poke|p1|Great Tusk|\n|poke|p2|Zoroark-Hisui, M|\n|poke|p2|Corviknight, F|\n|poke|p2|Ogerpon-Wellspring, F|\n|poke|p2|Sandy Shocks|\n|poke|p2|Lokix, F|\n|poke|p2|Greninja-*, F|\n|teampreview\n|inactive|Battle timer is ON: inactive players will automatically lose when time's up. (requested by N-Zoroark stan)\n|c|\u2606N-Zoroark stan|glhf\n|c|\u2606Chat88|u2\n|\n|t:|1700066802\n|start\n|switch|p1a: Gulp Ttub|Glimmora, M|100\/100\n|switch|p2a: Sandy Shocks|Sandy Shocks|100\/100\n|turn|1\n|\n|t:|1700066816\n|move|p2a: Sandy Shocks|Earth Power|p1a: Gulp Ttub\n|-supereffective|p1a: Gulp Ttub\n|-crit|p1a: Gulp Ttub\n|-enditem|p1a: Gulp Ttub|Focus Sash\n|-damage|p1a: Gulp Ttub|1\/100\n|move|p1a: Gulp Ttub|Earth Power|p2a: Sandy Shocks\n|-supereffective|p2a: Sandy Shocks\n|-damage|p2a: Sandy Shocks|19\/100\n|\n|upkeep\n|turn|2\n|\n|t:|1700066826\n|move|p2a: Sandy Shocks|Volt Switch|p1a: Gulp Ttub\n|-damage|p1a: Gulp Ttub|0 fnt\n|faint|p1a: Gulp Ttub\n|\n|t:|1700066830\n|-end|p2a: Sandy Shocks|Protosynthesis|[silent]\n|switch|p2a: Greninja|Greninja, F|100\/100|[from] Volt Switch\n|\n|upkeep\n|\n|t:|1700066839\n|switch|p1a: D Dance Revolution|Dragonite, F|100\/100\n|turn|3\n|\n|t:|1700066842\n|move|p2a: Greninja|Switcheroo|p1a: D Dance Revolution\n|-start|p2a: Greninja|typechange|Dark|[from] ability: Protean\n|-activate|p2a: Greninja|move: Trick|[of] p1a: D Dance Revolution\n|-item|p1a: D Dance Revolution|Choice Scarf|[from] move: Switcheroo\n|-item|p2a: Greninja|Heavy-Duty Boots|[from] move: Switcheroo\n|move|p1a: D Dance Revolution|Earthquake|p2a: Greninja\n|-damage|p2a: Greninja|35\/100\n|\n|upkeep\n|turn|4\n|\n|t:|1700066855\n|switch|p1a: Lionel Eldlichie|Gholdengo|100\/100\n|switch|p2a: Ogerpon|Ogerpon-Wellspring, F|100\/100\n|\n|upkeep\n|turn|5\n|\n|t:|1700066859\n|move|p1a: Lionel Eldlichie|Shadow Ball|p2a: Ogerpon\n|-damage|p2a: Ogerpon|55\/100\n|move|p2a: Ogerpon|Ivy Cudgel|p1a: Lionel Eldlichie|[anim] Ivy Cudgel Water\n|-damage|p1a: Lionel Eldlichie|34\/100\n|\n|upkeep\n|turn|6\n|\n|t:|1700066884\n|switch|p1a: D Dance Revolution|Dragonite, F|100\/100\n|switch|p2a: Lokix|Lokix, F|100\/100\n|\n|upkeep\n|turn|7\n|\n|t:|1700066893\n|switch|p2a: Corviknight|Corviknight, F|100\/100\n|-ability|p2a: Corviknight|Pressure\n|move|p1a: D Dance Revolution|Earthquake|p2a: Corviknight\n|-immune|p2a: Corviknight\n|\n|upkeep\n|turn|8\n|\n|t:|1700066896\n|switch|p1a: Great Shmuck|Great Tusk|100\/100\n|move|p2a: Corviknight|U-turn|p1a: Great Shmuck\n|-resisted|p1a: Great Shmuck\n|-damage|p1a: Great Shmuck|97\/100\n|\n|t:|1700066900\n|switch|p2a: Lokix|Lokix, F|100\/100|[from] U-turn\n|\n|-heal|p1a: Great Shmuck|100\/100|[from] item: Leftovers\n|upkeep\n|turn|9\n|\n|t:|1700066909\n|move|p2a: Lokix|Grass Knot|p1a: Great Shmuck\n|-supereffective|p1a: Great Shmuck\n|-damage|p1a: Great Shmuck|0 fnt\n|faint|p1a: Great Shmuck\n|-end|p1a: Great Shmuck|Protosynthesis|[silent]\n|\n|upkeep\n|\n|t:|1700066920\n|switch|p1a: Bisharper|Kingambit, F|100\/100\n|-activate|p1a: Bisharper|ability: Supreme Overlord\n|-start|p1a: Bisharper|fallen2|[silent]\n|turn|10\n|\n|t:|1700066925\n|move|p2a: Lokix|Focus Blast|p1a: Bisharper\n|-supereffective|p1a: Bisharper\n|-damage|p1a: Bisharper|0 fnt\n|faint|p1a: Bisharper\n|-end|p1a: Bisharper|fallen2|[silent]\n|\n|upkeep\n|-message|Chat88 forfeited.\n|\n|win|N-Zoroark stan\n|raw|Chat88's rating: 1650 &rarr; <strong>1641<\/strong><br \/>(-9 for losing)\n|raw|N-Zoroark stan's rating: 1855 &rarr; <strong>1864<\/strong><br \/>(+9 for winning)\n|l|\u2606Chat88\n","uploadtime":1700066957,"views":28,"p1id":"chat88","p2id":"nzoroarkstan","formatid":"gen9ou","rating":1641,"private":0,"password":""}