{"id":"gen9ou-1991992119","p1":"MetaSeeker","p2":"mgunga","format":"[Gen 9] OU","log":"|j|\u2606MetaSeeker\n|j|\u2606mgunga\n|t:|1700145823\n|gametype|singles\n|player|p1|MetaSeeker|101|1501\n|player|p2|mgunga|169|1422\n|teamsize|p1|6\n|teamsize|p2|6\n|gen|9\n|tier|[Gen 9] OU\n|rated|\n|rule|Sleep Clause Mod: Limit one foe put to sleep\n|rule|Species Clause: Limit one of each Pok\u00e9mon\n|rule|OHKO Clause: OHKO moves are banned\n|rule|Evasion Items Clause: Evasion items are banned\n|rule|Evasion Moves Clause: Evasion moves are banned\n|rule|Endless Battle Clause: Forcing endless battles is banned\n|rule|HP Percentage Mod: HP is shown in percentages\n|clearpoke\n|poke|p1|Corviknight, F|\n|poke|p1|Garchomp, M|\n|poke|p1|Slowking-Galar, F|\n|poke|p1|Zamazenta-*|\n|poke|p1|Skeledirge, M|\n|poke|p1|Iron Valiant|\n|poke|p2|Kingambit, F|\n|poke|p2|Zamazenta-*|\n|poke|p2|Manaphy|\n|poke|p2|Cinderace, F|\n|poke|p2|Gholdengo|\n|poke|p2|Dragapult, M|\n|teampreview\n|inactive|Battle timer is ON: inactive players will automatically lose when time's up. (requested by mgunga)\n|\n|t:|1700145849\n|start\n|switch|p1a: Queen|Slowking-Galar, F, shiny|100\/100\n|switch|p2a: Dragapult|Dragapult, M|100\/100\n|turn|1\n|\n|t:|1700145854\n|move|p2a: Dragapult|Shadow Ball|p1a: Queen\n|-supereffective|p1a: Queen\n|-damage|p1a: Queen|56\/100\n|move|p1a: Queen|Ice Beam|p2a: Dragapult\n|-supereffective|p2a: Dragapult\n|-damage|p2a: Dragapult|41\/100\n|\n|upkeep\n|turn|2\n|\n|t:|1700145863\n|switch|p2a: Gholdengo|Gholdengo|100\/100\n|move|p1a: Queen|Ice Beam|p2a: Gholdengo\n|-resisted|p2a: Gholdengo\n|-damage|p2a: Gholdengo|93\/100\n|\n|upkeep\n|turn|3\n|\n|t:|1700145869\n|move|p2a: Gholdengo|Shadow Ball|p1a: Queen\n|-supereffective|p1a: Queen\n|-damage|p1a: Queen|22\/100\n|move|p1a: Queen|Fire Blast|p2a: Gholdengo\n|-supereffective|p2a: Gholdengo\n|-damage|p2a: Gholdengo|52\/100\n|\n|upkeep\n|turn|4\n|\n|t:|1700145883\n|switch|p1a: Wayward|Garchomp, M, shiny|100\/100\n|move|p2a: Gholdengo|Shadow Ball|p1a: Wayward\n|-damage|p1a: Wayward|48\/100\n|-unboost|p1a: Wayward|spd|1\n|\n|upkeep\n|turn|5\n|\n|t:|1700145893\n|switch|p2a: Zamazenta|Zamazenta|100\/100\n|-ability|p2a: Zamazenta|Dauntless Shield|boost\n|-boost|p2a: Zamazenta|def|1\n|move|p1a: Wayward|Earthquake|p2a: Zamazenta\n|-crit|p2a: Zamazenta\n|-damage|p2a: Zamazenta|50\/100\n|\n|-heal|p2a: Zamazenta|56\/100|[from] item: Leftovers\n|upkeep\n|turn|6\n|\n|t:|1700145900\n|switch|p1a: Munchie|Skeledirge, M|100\/100\n|move|p2a: Zamazenta|Iron Defense|p2a: Zamazenta\n|-boost|p2a: Zamazenta|def|2\n|\n|-heal|p2a: Zamazenta|62\/100|[from] item: Leftovers\n|upkeep\n|turn|7\n|\n|t:|1700145906\n|move|p2a: Zamazenta|Crunch|p1a: Munchie\n|-supereffective|p1a: Munchie\n|-damage|p1a: Munchie|75\/100\n|move|p1a: Munchie|Will-O-Wisp|p2a: Zamazenta|[miss]\n|-miss|p1a: Munchie|p2a: Zamazenta\n|\n|-heal|p2a: Zamazenta|68\/100|[from] item: Leftovers\n|upkeep\n|turn|8\n|\n|t:|1700145911\n|switch|p2a: Gholdengo|Gholdengo|52\/100\n|move|p1a: Munchie|Will-O-Wisp|p2a: Gholdengo\n|-immune|p2a: Gholdengo|[from] ability: Good as Gold\n|\n|upkeep\n|turn|9\n|\n|t:|1700145928\n|switch|p1a: Ari|Corviknight, F|100\/100\n|-ability|p1a: Ari|Pressure\n|-terastallize|p2a: Gholdengo|Water\n|move|p2a: Gholdengo|Tera Blast|p1a: Ari|[anim] Tera Blast Water\n|-damage|p1a: Ari|52\/100\n|\n|-heal|p1a: Ari|59\/100|[from] item: Leftovers\n|upkeep\n|turn|10\n|\n|t:|1700145936\n|move|p2a: Gholdengo|Tera Blast|p1a: Ari|[anim] Tera Blast Water\n|-damage|p1a: Ari|12\/100\n|move|p1a: Ari|U-turn|p2a: Gholdengo\n|-damage|p2a: Gholdengo|39\/100\n|\n|t:|1700145942\n|switch|p1a: Wayward|Garchomp, M, shiny|48\/100|[from] U-turn\n|\n|upkeep\n|turn|11\n|\n|t:|1700145946\n|switch|p2a: Zamazenta|Zamazenta|68\/100\n|move|p1a: Wayward|Earthquake|p2a: Zamazenta\n|-damage|p2a: Zamazenta|29\/100\n|\n|-heal|p2a: Zamazenta|35\/100|[from] item: Leftovers\n|upkeep\n|turn|12\n|\n|t:|1700145949\n|move|p1a: Wayward|Earthquake|p2a: Zamazenta\n|-damage|p2a: Zamazenta|0 fnt\n|faint|p2a: Zamazenta\n|\n|upkeep\n|\n|t:|1700145952\n|switch|p2a: Manaphy|Manaphy|100\/100\n|turn|13\n|\n|t:|1700145955\n|move|p1a: Wayward|Earthquake|p2a: Manaphy\n|-damage|p2a: Manaphy|53\/100\n|move|p2a: Manaphy|Acid Armor|p2a: Manaphy\n|-boost|p2a: Manaphy|def|2\n|\n|-heal|p2a: Manaphy|59\/100|[from] item: Leftovers\n|upkeep\n|turn|14\n|\n|t:|1700145964\n|move|p1a: Wayward|Earthquake|p2a: Manaphy\n|-damage|p2a: Manaphy|33\/100\n|move|p2a: Manaphy|Acid Armor|p2a: Manaphy\n|-boost|p2a: Manaphy|def|2\n|\n|-heal|p2a: Manaphy|39\/100|[from] item: Leftovers\n|upkeep\n|turn|15\n|\n|t:|1700145970\n|move|p1a: Wayward|Earthquake|p2a: Manaphy\n|-damage|p2a: Manaphy|21\/100\n|move|p2a: Manaphy|Surf|p1a: Wayward\n|-damage|p1a: Wayward|8\/100\n|\n|-heal|p2a: Manaphy|27\/100|[from] item: Leftovers\n|upkeep\n|turn|16\n|\n|t:|1700145977\n|move|p1a: Wayward|Earthquake|p2a: Manaphy\n|-damage|p2a: Manaphy|9\/100\n|move|p2a: Manaphy|Stored Power|p1a: Wayward\n|-damage|p1a: Wayward|0 fnt\n|faint|p1a: Wayward\n|\n|-heal|p2a: Manaphy|15\/100|[from] item: Leftovers\n|upkeep\n|\n|t:|1700145987\n|switch|p1a: Zama|Zamazenta, shiny|100\/100\n|-ability|p1a: Zama|Dauntless Shield|boost\n|-boost|p1a: Zama|def|1\n|turn|17\n|\n|t:|1700145991\n|move|p1a: Zama|Body Press|p2a: Manaphy\n|-damage|p2a: Manaphy|0 fnt\n|faint|p2a: Manaphy\n|\n|upkeep\n|\n|t:|1700146007\n|switch|p2a: Cinderace|Cinderace, F|100\/100\n|turn|18\n|\n|t:|1700146011\n|switch|p1a: Munchie|Skeledirge, M|75\/100\n|move|p2a: Cinderace|Will-O-Wisp|p1a: Munchie\n|-immune|p1a: Munchie\n|\n|upkeep\n|turn|19\n|\n|t:|1700146016\n|move|p2a: Cinderace|U-turn|p1a: Munchie\n|-start|p2a: Cinderace|typechange|Bug|[from] ability: Libero\n|-resisted|p1a: Munchie\n|-damage|p1a: Munchie|69\/100\n|\n|t:|1700146019\n|switch|p2a: Dragapult|Dragapult, M|41\/100|[from] U-turn\n|move|p1a: Munchie|Hex|p2a: Dragapult\n|-supereffective|p2a: Dragapult\n|-crit|p2a: Dragapult\n|-damage|p2a: Dragapult|0 fnt\n|faint|p2a: Dragapult\n|\n|upkeep\n|\n|t:|1700146025\n|switch|p2a: Kingambit|Kingambit, F|100\/100\n|-activate|p2a: Kingambit|ability: Supreme Overlord\n|-start|p2a: Kingambit|fallen3|[silent]\n|turn|20\n|\n|t:|1700146031\n|move|p2a: Kingambit|Kowtow Cleave|p1a: Munchie\n|-supereffective|p1a: Munchie\n|-damage|p1a: Munchie|0 fnt\n|faint|p1a: Munchie\n|\n|upkeep\n|\n|t:|1700146035\n|switch|p1a: Zama|Zamazenta, shiny|100\/100\n|turn|21\n|\n|t:|1700146048\n|move|p1a: Zama|Body Press|p2a: Kingambit\n|-supereffective|p2a: Kingambit\n|-damage|p2a: Kingambit|0 fnt\n|faint|p2a: Kingambit\n|-end|p2a: Kingambit|fallen3|[silent]\n|\n|upkeep\n|\n|t:|1700146050\n|switch|p2a: Cinderace|Cinderace, F|100\/100\n|turn|22\n|\n|t:|1700146054\n|move|p1a: Zama|Substitute|p1a: Zama\n|-start|p1a: Zama|Substitute\n|-damage|p1a: Zama|75\/100\n|move|p2a: Cinderace|Pyro Ball|p1a: Zama\n|-end|p1a: Zama|Substitute\n|\n|-heal|p1a: Zama|82\/100|[from] item: Leftovers\n|upkeep\n|turn|23\n|\n|t:|1700146060\n|switch|p1a: Ari|Corviknight, F|12\/100\n|-ability|p1a: Ari|Pressure\n|move|p2a: Cinderace|Pyro Ball|p1a: Ari\n|-supereffective|p1a: Ari\n|-damage|p1a: Ari|0 fnt\n|faint|p1a: Ari\n|\n|upkeep\n|\n|t:|1700146061\n|switch|p1a: Valykrie|Iron Valiant, shiny|100\/100\n|-enditem|p1a: Valykrie|Booster Energy\n|-activate|p1a: Valykrie|ability: Quark Drive|[fromitem]\n|-start|p1a: Valykrie|quarkdrivespe\n|turn|24\n|\n|t:|1700146065\n|move|p1a: Valykrie|Close Combat|p2a: Cinderace\n|-damage|p2a: Cinderace|15\/100\n|-unboost|p1a: Valykrie|def|1\n|-unboost|p1a: Valykrie|spd|1\n|move|p2a: Cinderace|Pyro Ball|p1a: Valykrie\n|-damage|p1a: Valykrie|0 fnt\n|faint|p1a: Valykrie\n|-end|p1a: Valykrie|Quark Drive|[silent]\n|\n|upkeep\n|\n|t:|1700146068\n|switch|p1a: Zama|Zamazenta, shiny|82\/100\n|turn|25\n|\n|t:|1700146072\n|move|p1a: Zama|Body Press|p2a: Cinderace\n|-damage|p2a: Cinderace|0 fnt\n|faint|p2a: Cinderace\n|\n|-heal|p1a: Zama|88\/100|[from] item: Leftovers\n|upkeep\n|c|\u2606MetaSeeker|gg\n|\n|t:|1700146074\n|switch|p2a: Gholdengo|Gholdengo, tera:Water|39\/100\n|turn|26\n|\n|t:|1700146077\n|move|p1a: Zama|Body Press|p2a: Gholdengo\n|-damage|p2a: Gholdengo|6\/100\n|move|p2a: Gholdengo|Shadow Ball|p1a: Zama\n|-damage|p1a: Zama|49\/100\n|\n|-heal|p1a: Zama|55\/100|[from] item: Leftovers\n|upkeep\n|turn|27\n|c|\u2606mgunga|idk why i tera water\n|-message|mgunga forfeited.\n|\n|win|MetaSeeker\n|raw|MetaSeeker's rating: 1501 &rarr; <strong>1517<\/strong><br \/>(+16 for winning)\n|raw|mgunga's rating: 1422 &rarr; <strong>1406<\/strong><br \/>(-16 for losing)\n|l|\u2606mgunga\n","uploadtime":1700146090,"views":7,"p1id":"metaseeker","p2id":"mgunga","formatid":"gen9ou","rating":1406,"private":0,"password":""}