{"id":"gen9ou-1988519846","p1":"punkmag","p2":"yokashi tokotetas","format":"[Gen 9] OU","log":"|j|\u2606punkmag\n|j|\u2606yokashi tokotetas\n|t:|1699731684\n|gametype|singles\n|player|p1|punkmag|waitress-gen4|1114\n|player|p2|yokashi tokotetas|blue|1093\n|teamsize|p1|6\n|teamsize|p2|6\n|gen|9\n|tier|[Gen 9] OU\n|rated|\n|rule|Sleep Clause Mod: Limit one foe put to sleep\n|rule|Species Clause: Limit one of each Pok\u00e9mon\n|rule|OHKO Clause: OHKO moves are banned\n|rule|Evasion Items Clause: Evasion items are banned\n|rule|Evasion Moves Clause: Evasion moves are banned\n|rule|Endless Battle Clause: Forcing endless battles is banned\n|rule|HP Percentage Mod: HP is shown in percentages\n|clearpoke\n|poke|p1|Hoopa-Unbound|\n|poke|p1|Dragapult, M|\n|poke|p1|Maushold|\n|poke|p1|Gliscor, F|\n|poke|p1|Fezandipiti, M|\n|poke|p1|Grafaiai, F|\n|poke|p2|Dragonite, M|\n|poke|p2|Gyarados, F|\n|poke|p2|Weezing, F|\n|poke|p2|Clefable, M|\n|poke|p2|Snorlax, M|\n|poke|p2|Cloyster, M|\n|teampreview\n|inactive|Battle timer is ON: inactive players will automatically lose when time's up. (requested by punkmag)\n|\n|t:|1699731691\n|start\n|switch|p1a: Grafaiai|Grafaiai, F|100\/100\n|switch|p2a: Cloyster|Cloyster, M|100\/100\n|turn|1\n|\n|t:|1699731701\n|move|p1a: Grafaiai|Knock Off|p2a: Cloyster\n|-damage|p2a: Cloyster|84\/100\n|-enditem|p2a: Cloyster|Leftovers|[from] move: Knock Off|[of] p1a: Grafaiai\n|move|p2a: Cloyster|Icicle Spear|p1a: Grafaiai\n|-damage|p1a: Grafaiai|84\/100\n|-damage|p1a: Grafaiai|68\/100\n|-damage|p1a: Grafaiai|53\/100\n|-damage|p1a: Grafaiai|36\/100\n|-damage|p1a: Grafaiai|21\/100\n|-hitcount|p1a: Grafaiai|5\n|\n|-heal|p1a: Grafaiai|27\/100|[from] item: Leftovers\n|upkeep\n|turn|2\n|\n|t:|1699731715\n|move|p1a: Grafaiai|Parting Shot|p2a: Cloyster\n|-unboost|p2a: Cloyster|atk|1\n|-unboost|p2a: Cloyster|spa|1\n|\n|t:|1699731729\n|switch|p1a: Fezandipiti|Fezandipiti, M|100\/100|[from] Parting Shot\n|-item|p1a: Fezandipiti|Air Balloon\n|move|p2a: Cloyster|Icicle Spear|p1a: Fezandipiti\n|-damage|p1a: Fezandipiti|92\/100\n|-enditem|p1a: Fezandipiti|Air Balloon\n|-damage|p1a: Fezandipiti|84\/100\n|-damage|p1a: Fezandipiti|76\/100\n|-damage|p1a: Fezandipiti|67\/100\n|-damage|p1a: Fezandipiti|59\/100\n|-hitcount|p1a: Fezandipiti|5\n|\n|upkeep\n|turn|3\n|\n|t:|1699731748\n|move|p1a: Fezandipiti|Play Rough|p2a: Cloyster\n|-damage|p2a: Cloyster|60\/100\n|-status|p2a: Cloyster|tox|[from] ability: Toxic Chain|[of] p1a: Fezandipiti\n|move|p2a: Cloyster|Toxic Spikes|p1a: Fezandipiti\n|-sidestart|p1: punkmag|move: Toxic Spikes\n|\n|-damage|p2a: Cloyster|54\/100 tox|[from] psn\n|upkeep\n|turn|4\n|\n|t:|1699731762\n|move|p1a: Fezandipiti|Taunt|p2a: Cloyster\n|-start|p2a: Cloyster|move: Taunt\n|cant|p2a: Cloyster|move: Taunt|Life Dew\n|\n|-damage|p2a: Cloyster|42\/100 tox|[from] psn\n|upkeep\n|turn|5\n|\n|t:|1699731774\n|switch|p2a: Gyarados|Gyarados, F|100\/100\n|-ability|p2a: Gyarados|Intimidate|boost\n|-unboost|p1a: Fezandipiti|atk|1\n|move|p1a: Fezandipiti|Tailwind|p1a: Fezandipiti\n|-sidestart|p1: punkmag|move: Tailwind\n|\n|upkeep\n|turn|6\n|\n|t:|1699731782\n|move|p1a: Fezandipiti|U-turn|p2a: Gyarados\n|-resisted|p2a: Gyarados\n|-damage|p2a: Gyarados|95\/100\n|\n|t:|1699731785\n|switch|p1a: Grafaiai|Grafaiai, F|27\/100|[from] U-turn\n|-sideend|p1: punkmag|move: Toxic Spikes|[of] p1a: Grafaiai\n|move|p2a: Gyarados|Dragon Dance|p2a: Gyarados\n|-boost|p2a: Gyarados|atk|1\n|-boost|p2a: Gyarados|spe|1\n|\n|-heal|p1a: Grafaiai|34\/100|[from] item: Leftovers\n|-heal|p2a: Gyarados|100\/100|[from] item: Leftovers\n|upkeep\n|turn|7\n|\n|t:|1699731796\n|move|p1a: Grafaiai|Encore|p2a: Gyarados\n|-start|p2a: Gyarados|Encore\n|move|p2a: Gyarados|Dragon Dance|p2a: Gyarados\n|-boost|p2a: Gyarados|atk|1\n|-boost|p2a: Gyarados|spe|1\n|\n|-heal|p1a: Grafaiai|40\/100|[from] item: Leftovers\n|upkeep\n|turn|8\n|\n|t:|1699731805\n|move|p1a: Grafaiai|Parting Shot|p2a: Gyarados\n|-unboost|p2a: Gyarados|atk|1\n|-unboost|p2a: Gyarados|spa|1\n|\n|t:|1699731817\n|switch|p1a: Dragapult|Dragapult, M|100\/100|[from] Parting Shot\n|move|p2a: Gyarados|Dragon Dance|p2a: Gyarados\n|-boost|p2a: Gyarados|atk|1\n|-boost|p2a: Gyarados|spe|1\n|\n|-sideend|p1: punkmag|move: Tailwind\n|upkeep\n|turn|9\n|\n|t:|1699731826\n|move|p2a: Gyarados|Dragon Dance|p2a: Gyarados\n|-boost|p2a: Gyarados|atk|1\n|-boost|p2a: Gyarados|spe|1\n|move|p1a: Dragapult|Thunderbolt|p2a: Gyarados\n|-supereffective|p2a: Gyarados\n|-damage|p2a: Gyarados|0 fnt\n|faint|p2a: Gyarados\n|\n|upkeep\n|-message|yokashi tokotetas forfeited.\n|\n|win|punkmag\n|raw|punkmag's rating: 1114 &rarr; <strong>1137<\/strong><br \/>(+23 for winning)\n|raw|yokashi tokotetas's rating: 1093 &rarr; <strong>1070<\/strong><br \/>(-23 for losing)\n|l|\u2606yokashi tokotetas\n","uploadtime":1699731838,"views":11,"p1id":"punkmag","p2id":"yokashitokotetas","formatid":"gen9ou","rating":1070,"private":0,"password":""}