{"id":"gen9ou-2000469221","p1":"noob98765","p2":"Adgio","format":"[Gen 9] OU","log":"|j|\u2606noob98765\n|j|\u2606Adgio\n|inactive|Battle timer is ON: inactive players will automatically lose when time's up.\n|t:|1701197415\n|gametype|singles\n|player|p1|noob98765|hilbert|\n|player|p2|Adgio|archer|\n|teamsize|p1|6\n|teamsize|p2|6\n|gen|9\n|tier|[Gen 9] OU\n|rated|Tournament battle\n|rule|Sleep Clause Mod: Limit one foe put to sleep\n|rule|Species Clause: Limit one of each Pok\u00e9mon\n|rule|OHKO Clause: OHKO moves are banned\n|rule|Evasion Items Clause: Evasion items are banned\n|rule|Evasion Moves Clause: Evasion moves are banned\n|rule|Endless Battle Clause: Forcing endless battles is banned\n|rule|HP Percentage Mod: HP is shown in percentages\n|clearpoke\n|poke|p1|Dragapult, M|\n|poke|p1|Cinderace, M|\n|poke|p1|Zapdos|\n|poke|p1|Amoonguss, F|\n|poke|p1|Kingambit, F|\n|poke|p1|Garganacl, F|\n|poke|p2|Goodra-Hisui, M|\n|poke|p2|Enamorus, F|\n|poke|p2|Iron Valiant|\n|poke|p2|Kingambit, F|\n|poke|p2|Dondozo, M|\n|poke|p2|Great Tusk|\n|teampreview\n|inactive|Adgio also wants the timer to be on.\n|j| UltraJoey\n|c|\u2606Adgio|gl\n|\n|t:|1701197429\n|start\n|switch|p1a: Zapdos|Zapdos|100\/100\n|switch|p2a: Iron Valiant|Iron Valiant|100\/100\n|-enditem|p2a: Iron Valiant|Booster Energy\n|-activate|p2a: Iron Valiant|ability: Quark Drive|[fromitem]\n|-start|p2a: Iron Valiant|quarkdrivespe\n|turn|1\n|c|\u2606noob98765|hf\n|j| apple_Juize\n|\n|t:|1701197437\n|move|p2a: Iron Valiant|Taunt|p1a: Zapdos\n|-start|p1a: Zapdos|move: Taunt\n|cant|p1a: Zapdos|move: Taunt|Thunder Wave\n|\n|upkeep\n|turn|2\n|\n|t:|1701197447\n|move|p2a: Iron Valiant|Destiny Bond|p2a: Iron Valiant\n|-singlemove|p2a: Iron Valiant|Destiny Bond\n|move|p1a: Zapdos|Hurricane|p2a: Iron Valiant\n|-supereffective|p2a: Iron Valiant\n|-damage|p2a: Iron Valiant|0 fnt\n|faint|p2a: Iron Valiant\n|-activate|p2a: Iron Valiant|move: Destiny Bond\n|-end|p2a: Iron Valiant|Quark Drive|[silent]\n|faint|p1a: Zapdos\n|\n|upkeep\n|\n|t:|1701197460\n|switch|p2a: Goodra|Goodra-Hisui, M|100\/100\n|switch|p1a: Cinderace|Cinderace, M|100\/100\n|turn|3\n|c| apple_Juize|was that really worth it\n|\n|t:|1701197471\n|switch|p2a: Dondozo|Dondozo, M|100\/100\n|move|p1a: Cinderace|Pyro Ball|p2a: Dondozo\n|-resisted|p2a: Dondozo\n|-damage|p2a: Dondozo|90\/100\n|\n|-heal|p2a: Dondozo|96\/100|[from] item: Leftovers\n|upkeep\n|turn|4\n|c| UltraJoey|Suicide lead incarnate\n|\n|t:|1701197478\n|move|p1a: Cinderace|Will-O-Wisp|p2a: Dondozo\n|-status|p2a: Dondozo|brn\n|move|p2a: Dondozo|Liquidation|p1a: Cinderace\n|-supereffective|p1a: Cinderace\n|-damage|p1a: Cinderace|63\/100\n|\n|-heal|p2a: Dondozo|100\/100 brn|[from] item: Leftovers\n|-damage|p2a: Dondozo|94\/100 brn|[from] brn\n|upkeep\n|turn|5\n|\n|t:|1701197483\n|move|p1a: Cinderace|U-turn|p2a: Dondozo\n|-damage|p2a: Dondozo|85\/100 brn\n|\n|t:|1701197486\n|switch|p1a: Dragapult|Dragapult, M|100\/100|[from] U-turn\n|move|p2a: Dondozo|Liquidation|p1a: Dragapult\n|-resisted|p1a: Dragapult\n|-damage|p1a: Dragapult|89\/100\n|-unboost|p1a: Dragapult|def|1\n|\n|-heal|p2a: Dondozo|92\/100 brn|[from] item: Leftovers\n|-damage|p2a: Dondozo|85\/100 brn|[from] brn\n|upkeep\n|turn|6\n|\n|t:|1701197496\n|switch|p2a: Goodra|Goodra-Hisui, M|100\/100\n|move|p1a: Dragapult|Thunder Wave|p2a: Goodra\n|-status|p2a: Goodra|par\n|\n|upkeep\n|turn|7\n|\n|t:|1701197506\n|move|p1a: Dragapult|U-turn|p2a: Goodra\n|-resisted|p2a: Goodra\n|-damage|p2a: Goodra|92\/100 par\n|\n|t:|1701197518\n|switch|p1a: Garganacl|Garganacl, F|100\/100|[from] U-turn\n|move|p2a: Goodra|Ice Beam|p1a: Garganacl\n|-damage|p1a: Garganacl|79\/100\n|\n|-heal|p1a: Garganacl|86\/100|[from] item: Leftovers\n|upkeep\n|turn|8\n|\n|t:|1701197524\n|move|p1a: Garganacl|Salt Cure|p2a: Goodra\n|-resisted|p2a: Goodra\n|-damage|p2a: Goodra|85\/100 par\n|-start|p2a: Goodra|Salt Cure\n|move|p2a: Goodra|Acid Spray|p1a: Garganacl\n|-resisted|p1a: Garganacl\n|-damage|p1a: Garganacl|81\/100\n|-unboost|p1a: Garganacl|spd|2\n|\n|-heal|p1a: Garganacl|88\/100|[from] item: Leftovers\n|-damage|p2a: Goodra|60\/100 par|[from] Salt Cure\n|upkeep\n|turn|9\n|\n|t:|1701197539\n|switch|p1a: Kingambit|Kingambit, F|100\/100\n|-activate|p1a: Kingambit|ability: Supreme Overlord\n|-start|p1a: Kingambit|fallen1|[silent]\n|move|p2a: Goodra|Ice Beam|p1a: Kingambit\n|-resisted|p1a: Kingambit\n|-damage|p1a: Kingambit|84\/100\n|\n|-damage|p2a: Goodra|35\/100 par|[from] Salt Cure\n|upkeep\n|turn|10\n|\n|t:|1701197551\n|move|p1a: Kingambit|Swords Dance|p1a: Kingambit\n|-boost|p1a: Kingambit|atk|2\n|move|p2a: Goodra|Flamethrower|p1a: Kingambit\n|-supereffective|p1a: Kingambit\n|-damage|p1a: Kingambit|13\/100\n|\n|-damage|p2a: Goodra|10\/100 par|[from] Salt Cure\n|upkeep\n|turn|11\n|\n|t:|1701197558\n|move|p1a: Kingambit|Kowtow Cleave|p2a: Goodra\n|-damage|p2a: Goodra|0 fnt\n|faint|p2a: Goodra\n|\n|upkeep\n|\n|t:|1701197561\n|switch|p2a: Dondozo|Dondozo, M|85\/100 brn\n|turn|12\n|\n|t:|1701197573\n|-end|p1a: Kingambit|fallen1|[silent]\n|switch|p1a: Dragapult|Dragapult, M|89\/100\n|move|p2a: Dondozo|Liquidation|p1a: Dragapult\n|-resisted|p1a: Dragapult\n|-damage|p1a: Dragapult|77\/100\n|-unboost|p1a: Dragapult|def|1\n|\n|-heal|p2a: Dondozo|92\/100 brn|[from] item: Leftovers\n|-damage|p2a: Dondozo|85\/100 brn|[from] brn\n|upkeep\n|turn|13\n|\n|t:|1701197583\n|switch|p2a: Great Tusk|Great Tusk|100\/100\n|move|p1a: Dragapult|Hex|p2a: Great Tusk\n|-damage|p2a: Great Tusk|74\/100\n|\n|-heal|p2a: Great Tusk|80\/100|[from] item: Leftovers\n|upkeep\n|turn|14\n|j| ACExDiscostu93\n|\n|t:|1701197598\n|move|p1a: Dragapult|U-turn|p2a: Great Tusk\n|-resisted|p2a: Great Tusk\n|-damage|p2a: Great Tusk|74\/100\n|l| ACExDiscostu93\n|\n|t:|1701197612\n|switch|p1a: Amoonguss|Amoonguss, F|100\/100|[from] U-turn\n|move|p2a: Great Tusk|Earthquake|p1a: Amoonguss\n|-damage|p1a: Amoonguss|65\/100\n|-enditem|p1a: Amoonguss|Red Card|[of] p2a: Great Tusk\n|-end|p2a: Great Tusk|Protosynthesis|[silent]\n|drag|p2a: Enamorus|Enamorus, F|100\/100\n|\n|upkeep\n|turn|15\n|\n|t:|1701197623\n|switch|p2a: Kingambit|Kingambit, F|100\/100\n|-activate|p2a: Kingambit|ability: Supreme Overlord\n|-start|p2a: Kingambit|fallen2|[silent]\n|move|p1a: Amoonguss|Spore|p2a: Kingambit\n|-status|p2a: Kingambit|slp|[from] move: Spore\n|\n|upkeep\n|turn|16\n|\n|t:|1701197629\n|switch|p1a: Cinderace|Cinderace, M|63\/100\n|cant|p2a: Kingambit|slp\n|\n|upkeep\n|turn|17\n|\n|t:|1701197634\n|-end|p2a: Kingambit|fallen2|[silent]\n|switch|p2a: Dondozo|Dondozo, M|85\/100 brn\n|move|p1a: Cinderace|Pyro Ball|p2a: Dondozo\n|-resisted|p2a: Dondozo\n|-damage|p2a: Dondozo|74\/100 brn\n|\n|-heal|p2a: Dondozo|80\/100 brn|[from] item: Leftovers\n|-damage|p2a: Dondozo|74\/100 brn|[from] brn\n|upkeep\n|turn|18\n|\n|t:|1701197643\n|move|p1a: Cinderace|U-turn|p2a: Dondozo\n|-damage|p2a: Dondozo|66\/100 brn\n|\n|t:|1701197651\n|switch|p1a: Garganacl|Garganacl, F|88\/100|[from] U-turn\n|move|p2a: Dondozo|Liquidation|p1a: Garganacl\n|-supereffective|p1a: Garganacl\n|-damage|p1a: Garganacl|69\/100\n|-unboost|p1a: Garganacl|def|1\n|\n|-heal|p1a: Garganacl|75\/100|[from] item: Leftovers\n|-heal|p2a: Dondozo|72\/100 brn|[from] item: Leftovers\n|-damage|p2a: Dondozo|66\/100 brn|[from] brn\n|upkeep\n|turn|19\n|\n|t:|1701197659\n|switch|p2a: Great Tusk|Great Tusk|74\/100\n|move|p1a: Garganacl|Salt Cure|p2a: Great Tusk\n|-resisted|p2a: Great Tusk\n|-damage|p2a: Great Tusk|72\/100\n|-start|p2a: Great Tusk|Salt Cure\n|\n|-heal|p2a: Great Tusk|78\/100|[from] item: Leftovers\n|-heal|p1a: Garganacl|81\/100|[from] item: Leftovers\n|-damage|p2a: Great Tusk|65\/100|[from] Salt Cure\n|upkeep\n|turn|20\n|\n|t:|1701197665\n|switch|p1a: Amoonguss|Amoonguss, F|98\/100\n|move|p2a: Great Tusk|Bulk Up|p2a: Great Tusk\n|-boost|p2a: Great Tusk|atk|1\n|-boost|p2a: Great Tusk|def|1\n|\n|-heal|p2a: Great Tusk|72\/100|[from] item: Leftovers\n|-damage|p2a: Great Tusk|59\/100|[from] Salt Cure\n|upkeep\n|turn|21\n|\n|t:|1701197671\n|-terastallize|p2a: Great Tusk|Steel\n|move|p2a: Great Tusk|Rapid Spin|p1a: Amoonguss\n|-damage|p1a: Amoonguss|81\/100\n|-boost|p2a: Great Tusk|spe|1\n|move|p1a: Amoonguss|Giga Drain|p2a: Great Tusk\n|-resisted|p2a: Great Tusk\n|-damage|p2a: Great Tusk|47\/100\n|-heal|p1a: Amoonguss|88\/100|[from] drain|[of] p2a: Great Tusk\n|\n|-heal|p2a: Great Tusk|53\/100|[from] item: Leftovers\n|-damage|p2a: Great Tusk|28\/100|[from] Salt Cure\n|upkeep\n|turn|22\n|\n|t:|1701197685\n|move|p2a: Great Tusk|Ice Spinner|p1a: Amoonguss\n|-supereffective|p1a: Amoonguss\n|-damage|p1a: Amoonguss|27\/100\n|move|p1a: Amoonguss|Giga Drain|p2a: Great Tusk\n|-resisted|p2a: Great Tusk\n|-damage|p2a: Great Tusk|16\/100\n|-heal|p1a: Amoonguss|33\/100|[from] drain|[of] p2a: Great Tusk\n|\n|-heal|p2a: Great Tusk|22\/100|[from] item: Leftovers\n|-damage|p2a: Great Tusk|0 fnt|[from] Salt Cure\n|faint|p2a: Great Tusk\n|-end|p2a: Great Tusk|Protosynthesis|[silent]\n|upkeep\n|c|\u2606Adgio|lol the salt\n|\n|t:|1701197690\n|switch|p2a: Enamorus|Enamorus, F|100\/100\n|turn|23\n|c| UltraJoey|Bro got cured\n|\n|t:|1701197707\n|switch|p1a: Kingambit|Kingambit, F|13\/100\n|-activate|p1a: Kingambit|ability: Supreme Overlord\n|-start|p1a: Kingambit|fallen1|[silent]\n|move|p2a: Enamorus|Mystical Fire|p1a: Kingambit\n|-supereffective|p1a: Kingambit\n|-damage|p1a: Kingambit|0 fnt\n|faint|p1a: Kingambit\n|-end|p1a: Kingambit|fallen1|[silent]\n|\n|upkeep\n|\n|t:|1701197719\n|switch|p1a: Garganacl|Garganacl, F|81\/100\n|turn|24\n|\n|t:|1701197724\n|move|p2a: Enamorus|Superpower|p1a: Garganacl\n|-supereffective|p1a: Garganacl\n|-damage|p1a: Garganacl|41\/100\n|-boost|p2a: Enamorus|atk|1\n|-boost|p2a: Enamorus|def|1\n|move|p1a: Garganacl|Salt Cure|p2a: Enamorus\n|-supereffective|p2a: Enamorus\n|-damage|p2a: Enamorus|65\/100\n|-start|p2a: Enamorus|Salt Cure\n|\n|-heal|p1a: Garganacl|48\/100|[from] item: Leftovers\n|-damage|p2a: Enamorus|52\/100|[from] Salt Cure\n|upkeep\n|turn|25\n|inactive|noob98765 has 120 seconds left.\n|\n|t:|1701197750\n|switch|p1a: Cinderace|Cinderace, M|63\/100\n|move|p2a: Enamorus|Mystical Fire|p1a: Cinderace\n|-resisted|p1a: Cinderace\n|-damage|p1a: Cinderace|46\/100\n|-unboost|p1a: Cinderace|spa|1\n|\n|-damage|p2a: Enamorus|40\/100|[from] Salt Cure\n|upkeep\n|turn|26\n|\n|t:|1701197760\n|move|p1a: Cinderace|U-turn|p2a: Enamorus\n|-resisted|p2a: Enamorus\n|-damage|p2a: Enamorus|35\/100\n|\n|t:|1701197765\n|switch|p1a: Amoonguss|Amoonguss, F|67\/100|[from] U-turn\n|move|p2a: Enamorus|Earth Power|p1a: Amoonguss\n|-damage|p1a: Amoonguss|37\/100\n|\n|-damage|p2a: Enamorus|22\/100|[from] Salt Cure\n|upkeep\n|turn|27\n|inactive|noob98765 has 120 seconds left.\n|\n|t:|1701197797\n|switch|p1a: Dragapult|Dragapult, M|77\/100\n|move|p2a: Enamorus|Mystical Fire|p1a: Dragapult\n|-resisted|p1a: Dragapult\n|-damage|p1a: Dragapult|58\/100\n|-unboost|p1a: Dragapult|spa|1\n|\n|-damage|p2a: Enamorus|10\/100|[from] Salt Cure\n|upkeep\n|turn|28\n|\n|t:|1701197806\n|move|p1a: Dragapult|Hex|p2a: Enamorus\n|-damage|p2a: Enamorus|0 fnt\n|faint|p2a: Enamorus\n|\n|upkeep\n|\n|t:|1701197820\n|switch|p2a: Kingambit|Kingambit, F|100\/100 slp\n|-activate|p2a: Kingambit|ability: Supreme Overlord\n|-start|p2a: Kingambit|fallen4|[silent]\n|turn|29\n|inactive|noob98765 has 120 seconds left.\n|\n|t:|1701197836\n|move|p1a: Dragapult|U-turn|p2a: Kingambit\n|-damage|p2a: Kingambit|86\/100 slp\n|\n|t:|1701197839\n|switch|p1a: Amoonguss|Amoonguss, F|70\/100|[from] U-turn\n|-curestatus|p2a: Kingambit|slp|[msg]\n|move|p2a: Kingambit|Swords Dance|p2a: Kingambit\n|-boost|p2a: Kingambit|atk|2\n|\n|-heal|p2a: Kingambit|92\/100|[from] item: Leftovers\n|upkeep\n|turn|30\n|inactive|noob98765 has 120 seconds left.\n|\n|t:|1701197872\n|move|p2a: Kingambit|Iron Head|p1a: Amoonguss\n|-damage|p1a: Amoonguss|0 fnt\n|faint|p1a: Amoonguss\n|\n|-heal|p2a: Kingambit|98\/100|[from] item: Leftovers\n|upkeep\n|\n|t:|1701197878\n|switch|p1a: Cinderace|Cinderace, M|46\/100\n|turn|31\n|\n|t:|1701197889\n|-end|p2a: Kingambit|fallen4|[silent]\n|switch|p2a: Dondozo|Dondozo, M|66\/100 brn\n|move|p1a: Cinderace|Will-O-Wisp|p2a: Dondozo\n|-fail|p2a: Dondozo|brn\n|\n|-heal|p2a: Dondozo|72\/100 brn|[from] item: Leftovers\n|-damage|p2a: Dondozo|66\/100 brn|[from] brn\n|upkeep\n|turn|32\n|\n|t:|1701197898\n|move|p1a: Cinderace|U-turn|p2a: Dondozo\n|-damage|p2a: Dondozo|57\/100 brn\n|\n|t:|1701197905\n|switch|p1a: Dragapult|Dragapult, M|58\/100|[from] U-turn\n|move|p2a: Dondozo|Curse|p2a: Dondozo\n|-unboost|p2a: Dondozo|spe|1\n|-boost|p2a: Dondozo|atk|1\n|-boost|p2a: Dondozo|def|1\n|\n|-heal|p2a: Dondozo|63\/100 brn|[from] item: Leftovers\n|-damage|p2a: Dondozo|57\/100 brn|[from] brn\n|upkeep\n|turn|33\n|\n|t:|1701197926\n|move|p1a: Dragapult|U-turn|p2a: Dondozo\n|-damage|p2a: Dondozo|50\/100 brn\n|\n|t:|1701197928\n|switch|p1a: Garganacl|Garganacl, F|48\/100|[from] U-turn\n|move|p2a: Dondozo|Liquidation|p1a: Garganacl\n|-supereffective|p1a: Garganacl\n|-damage|p1a: Garganacl|15\/100\n|\n|-heal|p1a: Garganacl|22\/100|[from] item: Leftovers\n|-heal|p2a: Dondozo|57\/100 brn|[from] item: Leftovers\n|-damage|p2a: Dondozo|50\/100 brn|[from] brn\n|upkeep\n|turn|34\n|inactive|noob98765 has 90 seconds left.\n|\n|t:|1701197955\n|move|p1a: Garganacl|Recover|p1a: Garganacl\n|-heal|p1a: Garganacl|72\/100\n|move|p2a: Dondozo|Liquidation|p1a: Garganacl\n|-supereffective|p1a: Garganacl\n|-damage|p1a: Garganacl|42\/100\n|\n|-heal|p1a: Garganacl|49\/100|[from] item: Leftovers\n|-heal|p2a: Dondozo|57\/100 brn|[from] item: Leftovers\n|-damage|p2a: Dondozo|50\/100 brn|[from] brn\n|upkeep\n|turn|35\n|\n|t:|1701197964\n|move|p1a: Garganacl|Salt Cure|p2a: Dondozo\n|-damage|p2a: Dondozo|46\/100 brn\n|-start|p2a: Dondozo|Salt Cure\n|move|p2a: Dondozo|Curse|p2a: Dondozo\n|-unboost|p2a: Dondozo|spe|1\n|-boost|p2a: Dondozo|atk|1\n|-boost|p2a: Dondozo|def|1\n|\n|-heal|p1a: Garganacl|55\/100|[from] item: Leftovers\n|-heal|p2a: Dondozo|52\/100 brn|[from] item: Leftovers\n|-damage|p2a: Dondozo|46\/100 brn|[from] brn\n|-damage|p2a: Dondozo|21\/100 brn|[from] Salt Cure\n|upkeep\n|turn|36\n|\n|t:|1701197976\n|move|p1a: Garganacl|Curse|p1a: Garganacl\n|-unboost|p1a: Garganacl|spe|1\n|-boost|p1a: Garganacl|atk|1\n|-boost|p1a: Garganacl|def|1\n|move|p2a: Dondozo|Liquidation|p1a: Garganacl\n|-supereffective|p1a: Garganacl\n|-damage|p1a: Garganacl|14\/100\n|\n|-heal|p1a: Garganacl|20\/100|[from] item: Leftovers\n|-heal|p2a: Dondozo|27\/100 brn|[from] item: Leftovers\n|-damage|p2a: Dondozo|21\/100 brn|[from] brn\n|-damage|p2a: Dondozo|0 fnt|[from] Salt Cure\n|faint|p2a: Dondozo\n|upkeep\n|\n|t:|1701197979\n|switch|p2a: Kingambit|Kingambit, F|98\/100\n|-activate|p2a: Kingambit|ability: Supreme Overlord\n|-start|p2a: Kingambit|fallen5|[silent]\n|turn|37\n|\n|t:|1701197994\n|-terastallize|p1a: Garganacl|Water\n|move|p2a: Kingambit|Iron Head|p1a: Garganacl\n|-resisted|p1a: Garganacl\n|-damage|p1a: Garganacl|6\/100\n|move|p1a: Garganacl|Recover|p1a: Garganacl\n|-heal|p1a: Garganacl|56\/100\n|\n|-heal|p2a: Kingambit|100\/100|[from] item: Leftovers\n|-heal|p1a: Garganacl|62\/100|[from] item: Leftovers\n|upkeep\n|turn|38\n|\n|t:|1701198002\n|move|p2a: Kingambit|Swords Dance|p2a: Kingambit\n|-boost|p2a: Kingambit|atk|2\n|move|p1a: Garganacl|Salt Cure|p2a: Kingambit\n|-resisted|p2a: Kingambit\n|-damage|p2a: Kingambit|94\/100\n|-start|p2a: Kingambit|Salt Cure\n|\n|-heal|p2a: Kingambit|99\/100|[from] item: Leftovers\n|-heal|p1a: Garganacl|68\/100|[from] item: Leftovers\n|-damage|p2a: Kingambit|75\/100|[from] Salt Cure\n|upkeep\n|turn|39\n|c| UltraJoey|I wouldve laughed so hard if that flinched\n|\n|t:|1701198012\n|move|p2a: Kingambit|Iron Head|p1a: Garganacl\n|-resisted|p1a: Garganacl\n|-damage|p1a: Garganacl|42\/100\n|cant|p1a: Garganacl|flinch\n|\n|-heal|p2a: Kingambit|81\/100|[from] item: Leftovers\n|-heal|p1a: Garganacl|48\/100|[from] item: Leftovers\n|-damage|p2a: Kingambit|56\/100|[from] Salt Cure\n|upkeep\n|turn|40\n|inactive|noob98765 has 120 seconds left.\n|\n|t:|1701198019\n|move|p2a: Kingambit|Iron Head|p1a: Garganacl\n|-resisted|p1a: Garganacl\n|-damage|p1a: Garganacl|18\/100\n|move|p1a: Garganacl|Recover|p1a: Garganacl\n|-heal|p1a: Garganacl|68\/100\n|\n|-heal|p2a: Kingambit|63\/100|[from] item: Leftovers\n|-heal|p1a: Garganacl|74\/100|[from] item: Leftovers\n|-damage|p2a: Kingambit|38\/100|[from] Salt Cure\n|upkeep\n|turn|41\n|c| apple_Juize|the play by adgio is like the most obvious ever\n|\n|t:|1701198027\n|move|p2a: Kingambit|Iron Head|p1a: Garganacl\n|-resisted|p1a: Garganacl\n|-damage|p1a: Garganacl|45\/100\n|cant|p1a: Garganacl|flinch\n|\n|-heal|p2a: Kingambit|44\/100|[from] item: Leftovers\n|-heal|p1a: Garganacl|52\/100|[from] item: Leftovers\n|-damage|p2a: Kingambit|19\/100|[from] Salt Cure\n|upkeep\n|turn|42\n|c| apple_Juize|no attempt at outplay\n|\n|t:|1701198032\n|move|p2a: Kingambit|Iron Head|p1a: Garganacl\n|-resisted|p1a: Garganacl\n|-damage|p1a: Garganacl|25\/100\n|move|p1a: Garganacl|Recover|p1a: Garganacl\n|-heal|p1a: Garganacl|75\/100\n|\n|-heal|p2a: Kingambit|25\/100|[from] item: Leftovers\n|-heal|p1a: Garganacl|81\/100|[from] item: Leftovers\n|-damage|p2a: Kingambit|0 fnt|[from] Salt Cure\n|faint|p2a: Kingambit\n|-end|p2a: Kingambit|fallen5|[silent]\n|\n|win|noob98765\n|upkeep\n|n|\u2606noob98765|noob98765\n|n|\u2606Adgio|adgio\n|n| UltraJoey|ultrajoey\n|n| apple_Juize|applejuize\n","uploadtime":1701198033,"views":0,"p1id":"noob98765","p2id":"adgio","formatid":"gen9ou","rating":0,"private":0,"password":""}