{"id":"gen9ou-1993337808","p1":"draco9746","p2":"Neo_Nation","format":"[Gen 9] OU","log":"|j|\u2606draco9746\n|j|\u2606Neo_Nation\n|t:|1700301266\n|gametype|singles\n|player|p1|draco9746|cynthia|1221\n|player|p2|Neo_Nation|unknownf|1220\n|teamsize|p1|6\n|teamsize|p2|6\n|gen|9\n|tier|[Gen 9] OU\n|rated|\n|rule|Sleep Clause Mod: Limit one foe put to sleep\n|rule|Species Clause: Limit one of each Pok\u00e9mon\n|rule|OHKO Clause: OHKO moves are banned\n|rule|Evasion Items Clause: Evasion items are banned\n|rule|Evasion Moves Clause: Evasion moves are banned\n|rule|Endless Battle Clause: Forcing endless battles is banned\n|rule|HP Percentage Mod: HP is shown in percentages\n|clearpoke\n|poke|p1|Hatterene, F|\n|poke|p1|Kingambit, M|\n|poke|p1|Ogerpon-Wellspring, F|\n|poke|p1|Dragapult, F|\n|poke|p1|Zamazenta-*|\n|poke|p1|Rotom-Wash|\n|poke|p2|Sneasler, M|\n|poke|p2|Ogerpon-Wellspring, F|\n|poke|p2|Heatran, M|\n|poke|p2|Hatterene, F|\n|poke|p2|Zapdos|\n|poke|p2|Garchomp, F|\n|teampreview\n|inactive|Battle timer is ON: inactive players will automatically lose when time's up. (requested by draco9746)\n|\n|t:|1700301283\n|start\n|switch|p1a: Zamazenta|Zamazenta|100\/100\n|switch|p2a: Hatterene|Hatterene, F|100\/100\n|-ability|p1a: Zamazenta|Dauntless Shield|boost\n|-boost|p1a: Zamazenta|def|1\n|turn|1\n|\n|t:|1700301292\n|move|p1a: Zamazenta|Heavy Slam|p2a: Hatterene\n|-supereffective|p2a: Hatterene\n|-damage|p2a: Hatterene|0 fnt\n|faint|p2a: Hatterene\n|\n|upkeep\n|\n|t:|1700301302\n|switch|p2a: Zapdos|Zapdos|100\/100\n|turn|2\n|\n|t:|1700301323\n|move|p1a: Zamazenta|Heavy Slam|p2a: Zapdos\n|-resisted|p2a: Zapdos\n|-damage|p2a: Zapdos|77\/100\n|move|p2a: Zapdos|Hurricane|p1a: Zamazenta\n|-supereffective|p1a: Zamazenta\n|-damage|p1a: Zamazenta|0 fnt\n|faint|p1a: Zamazenta\n|\n|upkeep\n|inactive|draco9746 has 120 seconds left.\n|\n|t:|1700301341\n|switch|p1a: Rotom|Rotom-Wash|100\/100\n|turn|3\n|\n|t:|1700301346\n|move|p2a: Zapdos|Volt Switch|p1a: Rotom\n|-damage|p1a: Rotom|61\/100\n|\n|t:|1700301350\n|switch|p2a: Garchomp|Garchomp, F|100\/100|[from] Volt Switch\n|move|p1a: Rotom|Volt Switch|p2a: Garchomp\n|-immune|p2a: Garchomp\n|\n|-heal|p1a: Rotom|67\/100|[from] item: Leftovers\n|upkeep\n|turn|4\n|\n|t:|1700301359\n|move|p2a: Garchomp|Earthquake|p1a: Rotom\n|-immune|p1a: Rotom|[from] ability: Levitate\n|move|p1a: Rotom|Thunder Wave|p2a: Garchomp\n|-immune|p2a: Garchomp\n|\n|-heal|p1a: Rotom|73\/100|[from] item: Leftovers\n|upkeep\n|turn|5\n|\n|t:|1700301367\n|move|p2a: Garchomp|Stealth Rock|p1a: Rotom\n|-sidestart|p1: draco9746|move: Stealth Rock\n|move|p1a: Rotom|Hydro Pump|p2a: Garchomp|[miss]\n|-miss|p1a: Rotom|p2a: Garchomp\n|\n|-heal|p1a: Rotom|79\/100|[from] item: Leftovers\n|upkeep\n|turn|6\n|\n|t:|1700301374\n|move|p1a: Rotom|Hydro Pump|p2a: Garchomp\n|-damage|p2a: Garchomp|67\/100\n|move|p2a: Garchomp|Dragon Tail|p1a: Rotom\n|-damage|p1a: Rotom|61\/100\n|drag|p1a: Ogerpon|Ogerpon-Wellspring, F|100\/100\n|-damage|p1a: Ogerpon|88\/100|[from] Stealth Rock\n|\n|upkeep\n|turn|7\n|\n|t:|1700301384\n|switch|p2a: Zapdos|Zapdos|77\/100\n|move|p1a: Ogerpon|Ivy Cudgel|p2a: Zapdos|[anim] Ivy Cudgel Water\n|-damage|p2a: Zapdos|0 fnt\n|faint|p2a: Zapdos\n|\n|upkeep\n|\n|t:|1700301395\n|switch|p2a: Sneasler|Sneasler, M|100\/100\n|turn|8\n|\n|t:|1700301402\n|switch|p1a: Rotom|Rotom-Wash|61\/100\n|-damage|p1a: Rotom|48\/100|[from] Stealth Rock\n|move|p2a: Sneasler|Fake Out|p1a: Rotom\n|-enditem|p2a: Sneasler|Normal Gem|[from] gem\n|-damage|p1a: Rotom|31\/100\n|\n|-heal|p1a: Rotom|37\/100|[from] item: Leftovers\n|upkeep\n|turn|9\n|\n|t:|1700301410\n|move|p2a: Sneasler|Close Combat|p1a: Rotom\n|-damage|p1a: Rotom|0 fnt\n|-unboost|p2a: Sneasler|def|1\n|-unboost|p2a: Sneasler|spd|1\n|faint|p1a: Rotom\n|\n|upkeep\n|inactive|draco9746 has 120 seconds left.\n|\n|t:|1700301448\n|switch|p1a: Dragapult|Dragapult, F|100\/100\n|-damage|p1a: Dragapult|88\/100|[from] Stealth Rock\n|turn|10\n|inactive|draco9746 has 120 seconds left.\n|\n|t:|1700301457\n|-terastallize|p2a: Sneasler|Flying\n|move|p2a: Sneasler|Acrobatics|p1a: Dragapult\n|-damage|p1a: Dragapult|0 fnt\n|faint|p1a: Dragapult\n|\n|upkeep\n|inactive|draco9746 has 120 seconds left.\n|\n|t:|1700301470\n|switch|p1a: Hatterene|Hatterene, F|100\/100\n|-damage|p1a: Hatterene|88\/100|[from] Stealth Rock\n|turn|11\n|inactive|draco9746 has 120 seconds left.\n|\n|t:|1700301483\n|-terastallize|p1a: Hatterene|Water\n|move|p2a: Sneasler|Dire Claw|p1a: Hatterene\n|-damage|p1a: Hatterene|51\/100\n|-status|p1a: Hatterene|par\n|move|p1a: Hatterene|Psyshock|p2a: Sneasler\n|-damage|p2a: Sneasler|9\/100\n|\n|-heal|p1a: Hatterene|57\/100 par|[from] item: Leftovers\n|upkeep\n|turn|12\n|inactive|draco9746 has 120 seconds left.\n|\n|t:|1700301497\n|move|p2a: Sneasler|Acrobatics|p1a: Hatterene\n|-damage|p1a: Hatterene|9\/100 par\n|move|p1a: Hatterene|Psyshock|p2a: Sneasler\n|-damage|p2a: Sneasler|0 fnt\n|faint|p2a: Sneasler\n|\n|-heal|p1a: Hatterene|15\/100 par|[from] item: Leftovers\n|upkeep\n|\n|t:|1700301510\n|switch|p2a: Ogerpon|Ogerpon-Wellspring, F|100\/100\n|turn|13\n|\n|t:|1700301516\n|move|p2a: Ogerpon|Swords Dance|p2a: Ogerpon\n|-boost|p2a: Ogerpon|atk|2\n|cant|p1a: Hatterene|par\n|\n|-heal|p1a: Hatterene|21\/100 par|[from] item: Leftovers\n|upkeep\n|turn|14\n|\n|t:|1700301522\n|move|p2a: Ogerpon|Horn Leech|p1a: Hatterene\n|-supereffective|p1a: Hatterene\n|-damage|p1a: Hatterene|0 fnt\n|faint|p1a: Hatterene\n|\n|upkeep\n|\n|t:|1700301532\n|switch|p1a: Ogerpon|Ogerpon-Wellspring, F|88\/100\n|-damage|p1a: Ogerpon|76\/100|[from] Stealth Rock\n|turn|15\n|\n|t:|1700301536\n|move|p2a: Ogerpon|Horn Leech|p1a: Ogerpon\n|-damage|p1a: Ogerpon|0 fnt\n|faint|p1a: Ogerpon\n|\n|upkeep\n|\n|t:|1700301541\n|switch|p1a: Kingambit|Kingambit, M|100\/100\n|-damage|p1a: Kingambit|94\/100|[from] Stealth Rock\n|-activate|p1a: Kingambit|ability: Supreme Overlord\n|-start|p1a: Kingambit|fallen5|[silent]\n|turn|16\n|\n|t:|1700301553\n|move|p2a: Ogerpon|Ivy Cudgel|p1a: Kingambit|[anim] Ivy Cudgel Water\n|-damage|p1a: Kingambit|0 fnt\n|faint|p1a: Kingambit\n|-end|p1a: Kingambit|fallen5|[silent]\n|\n|win|Neo_Nation\n|raw|draco9746's rating: 1221 &rarr; <strong>1196<\/strong><br \/>(-25 for losing)\n|raw|Neo_Nation's rating: 1220 &rarr; <strong>1245<\/strong><br \/>(+25 for winning)\n|c|\u2606Neo_Nation|gg\n|c|\u2606draco9746|gg\n|c|\u2606draco9746|thats such a cool sneasler set\n|c|\u2606draco9746|might have to steal it\n","uploadtime":1700301659,"views":10,"p1id":"draco9746","p2id":"neonation","formatid":"gen9ou","rating":1196,"private":0,"password":""}