{"id":"gen9ou-1990998968","p1":"Thelaw1307","p2":"5ebast1an","format":"[Gen 9] OU","log":"|j|\u2606Thelaw1307\n|j|\u26065ebast1an\n|t:|1700025580\n|gametype|singles\n|player|p1|Thelaw1307|dawn|1208\n|player|p2|5ebast1an|101|1161\n|teamsize|p1|6\n|teamsize|p2|6\n|gen|9\n|tier|[Gen 9] OU\n|rated|\n|rule|Sleep Clause Mod: Limit one foe put to sleep\n|rule|Species Clause: Limit one of each Pok\u00e9mon\n|rule|OHKO Clause: OHKO moves are banned\n|rule|Evasion Items Clause: Evasion items are banned\n|rule|Evasion Moves Clause: Evasion moves are banned\n|rule|Endless Battle Clause: Forcing endless battles is banned\n|rule|HP Percentage Mod: HP is shown in percentages\n|clearpoke\n|poke|p1|Mandibuzz, F|\n|poke|p1|Gardevoir, F|\n|poke|p1|Gholdengo|\n|poke|p1|Great Tusk|\n|poke|p1|Quaquaval, M|\n|poke|p1|Ceruledge, M|\n|poke|p2|Rotom-Wash|\n|poke|p2|Glimmora, F|\n|poke|p2|Garganacl, F|\n|poke|p2|Dragonite, F|\n|poke|p2|Gholdengo|\n|poke|p2|Garchomp, F|\n|teampreview\n|\n|t:|1700025584\n|start\n|switch|p1a: Gardevoir|Gardevoir, F|100\/100\n|switch|p2a: Rotom|Rotom-Wash|100\/100\n|-ability|p1a: Gardevoir|Levitate|[from] ability: Trace|[of] p2a: Rotom\n|turn|1\n|\n|t:|1700025596\n|move|p2a: Rotom|Volt Switch|p1a: Gardevoir\n|-damage|p1a: Gardevoir|74\/100\n|\n|t:|1700025599\n|switch|p2a: Glimmora|Glimmora, F|100\/100|[from] Volt Switch\n|move|p1a: Gardevoir|Future Sight|p2a: Glimmora\n|-start|p1a: Gardevoir|move: Future Sight\n|\n|upkeep\n|turn|2\n|\n|t:|1700025607\n|switch|p1a: Great Tusk|Great Tusk|100\/100\n|move|p2a: Glimmora|Stealth Rock|p1a: Great Tusk\n|-sidestart|p1: Thelaw1307|move: Stealth Rock\n|\n|upkeep\n|turn|3\n|\n|t:|1700025616\n|move|p2a: Glimmora|Mortal Spin|p1a: Great Tusk\n|-resisted|p1a: Great Tusk\n|-damage|p1a: Great Tusk|99\/100\n|-status|p1a: Great Tusk|psn\n|-damage|p2a: Glimmora|84\/100|[from] item: Rocky Helmet|[of] p1a: Great Tusk\n|move|p1a: Great Tusk|Knock Off|p2a: Glimmora\n|-damage|p2a: Glimmora|44\/100\n|-activate|p2a: Glimmora|ability: Toxic Debris\n|-sidestart|p1: Thelaw1307|move: Toxic Spikes\n|-enditem|p2a: Glimmora|Red Card|[from] move: Knock Off|[of] p1a: Great Tusk\n|\n|-end|p2a: Glimmora|move: Future Sight\n|-supereffective|p2a: Glimmora\n|-crit|p2a: Glimmora\n|-damage|p2a: Glimmora|0 fnt\n|faint|p2a: Glimmora\n|-damage|p1a: Great Tusk|87\/100 psn|[from] psn\n|upkeep\n|\n|t:|1700025642\n|switch|p2a: Garchomp|Garchomp, F|100\/100\n|turn|4\n|\n|t:|1700025647\n|move|p2a: Garchomp|Swords Dance|p2a: Garchomp\n|-boost|p2a: Garchomp|atk|2\n|move|p1a: Great Tusk|Rapid Spin|p2a: Garchomp\n|-damage|p2a: Garchomp|83\/100\n|-boost|p1a: Great Tusk|spe|1\n|-damage|p1a: Great Tusk|74\/100 psn|[from] ability: Rough Skin|[of] p2a: Garchomp\n|-sideend|p1: Thelaw1307|Toxic Spikes|[from] move: Rapid Spin|[of] p1a: Great Tusk\n|-sideend|p1: Thelaw1307|Stealth Rock|[from] move: Rapid Spin|[of] p1a: Great Tusk\n|\n|-damage|p1a: Great Tusk|62\/100 psn|[from] psn\n|upkeep\n|turn|5\n|\n|t:|1700025665\n|move|p2a: Garchomp|Scale Shot|p1a: Great Tusk|[miss]\n|-miss|p2a: Garchomp|p1a: Great Tusk\n|move|p1a: Great Tusk|Stealth Rock|p2a: Garchomp\n|-sidestart|p2: 5ebast1an|move: Stealth Rock\n|\n|-damage|p1a: Great Tusk|49\/100 psn|[from] psn\n|upkeep\n|turn|6\n|\n|t:|1700025677\n|move|p2a: Garchomp|Scale Shot|p1a: Great Tusk\n|-damage|p1a: Great Tusk|37\/100 psn\n|-damage|p1a: Great Tusk|24\/100 psn\n|-damage|p1a: Great Tusk|11\/100 psn\n|-damage|p1a: Great Tusk|0 fnt\n|faint|p1a: Great Tusk\n|-end|p1a: Great Tusk|Protosynthesis|[silent]\n|-hitcount|p1: Great Tusk|4\n|-unboost|p2a: Garchomp|def|1\n|-boost|p2a: Garchomp|spe|1\n|\n|upkeep\n|\n|t:|1700025691\n|switch|p1a: Mandibuzz|Mandibuzz, F|100\/100\n|turn|7\n|\n|t:|1700025710\n|move|p2a: Garchomp|Scale Shot|p1a: Mandibuzz|[miss]\n|-miss|p2a: Garchomp|p1a: Mandibuzz\n|move|p1a: Mandibuzz|Foul Play|p2a: Garchomp\n|-damage|p2a: Garchomp|0 fnt\n|-damage|p1a: Mandibuzz|88\/100|[from] ability: Rough Skin|[of] p2a: Garchomp\n|faint|p2a: Garchomp\n|\n|upkeep\n|\n|t:|1700025721\n|switch|p2a: Dragonite|Dragonite, F|100\/100\n|-damage|p2a: Dragonite|75\/100|[from] Stealth Rock\n|turn|8\n|\n|t:|1700025730\n|move|p2a: Dragonite|Extreme Speed|p1a: Mandibuzz\n|-damage|p1a: Mandibuzz|72\/100\n|move|p1a: Mandibuzz|Foul Play|p2a: Dragonite\n|-damage|p2a: Dragonite|25\/100\n|\n|-heal|p2a: Dragonite|31\/100|[from] item: Leftovers\n|upkeep\n|turn|9\n|\n|t:|1700025740\n|move|p2a: Dragonite|Roost|p2a: Dragonite\n|-heal|p2a: Dragonite|81\/100\n|-singleturn|p2a: Dragonite|move: Roost\n|move|p1a: Mandibuzz|Roost|p1a: Mandibuzz\n|-heal|p1a: Mandibuzz|100\/100\n|-singleturn|p1a: Mandibuzz|move: Roost\n|\n|-heal|p2a: Dragonite|87\/100|[from] item: Leftovers\n|upkeep\n|turn|10\n|\n|t:|1700025752\n|move|p2a: Dragonite|Earthquake|p1a: Mandibuzz\n|-immune|p1a: Mandibuzz\n|move|p1a: Mandibuzz|Foul Play|p2a: Dragonite\n|-damage|p2a: Dragonite|35\/100\n|\n|-heal|p2a: Dragonite|41\/100|[from] item: Leftovers\n|upkeep\n|turn|11\n|\n|t:|1700025760\n|move|p2a: Dragonite|Roost|p2a: Dragonite\n|-heal|p2a: Dragonite|91\/100\n|-singleturn|p2a: Dragonite|move: Roost\n|move|p1a: Mandibuzz|Foul Play|p2a: Dragonite\n|-damage|p2a: Dragonite|35\/100\n|\n|-heal|p2a: Dragonite|42\/100|[from] item: Leftovers\n|upkeep\n|turn|12\n|\n|t:|1700025772\n|move|p2a: Dragonite|Extreme Speed|p1a: Mandibuzz\n|-damage|p1a: Mandibuzz|84\/100\n|move|p1a: Mandibuzz|Foul Play|p2a: Dragonite\n|-damage|p2a: Dragonite|0 fnt\n|faint|p2a: Dragonite\n|\n|upkeep\n|\n|t:|1700025784\n|switch|p2a: Garganacl|Garganacl, F|100\/100\n|-damage|p2a: Garganacl|88\/100|[from] Stealth Rock\n|turn|13\n|\n|t:|1700025802\n|move|p1a: Mandibuzz|U-turn|p2a: Garganacl\n|-damage|p2a: Garganacl|80\/100\n|\n|t:|1700025808\n|switch|p1a: Gholdengo|Gholdengo|100\/100|[from] U-turn\n|move|p2a: Garganacl|Salt Cure|p1a: Gholdengo\n|-resisted|p1a: Gholdengo\n|-damage|p1a: Gholdengo|92\/100\n|-start|p1a: Gholdengo|Salt Cure\n|\n|-heal|p2a: Garganacl|87\/100|[from] item: Leftovers\n|-damage|p1a: Gholdengo|67\/100|[from] Salt Cure\n|upkeep\n|turn|14\n|\n|t:|1700025820\n|move|p1a: Gholdengo|Nasty Plot|p1a: Gholdengo\n|-boost|p1a: Gholdengo|spa|2\n|move|p2a: Garganacl|Iron Defense|p2a: Garganacl\n|-boost|p2a: Garganacl|def|2\n|\n|-heal|p2a: Garganacl|93\/100|[from] item: Leftovers\n|-damage|p1a: Gholdengo|43\/100|[from] Salt Cure\n|upkeep\n|-enditem|p1a: Gholdengo|Sitrus Berry|[eat]\n|-heal|p1a: Gholdengo|67\/100|[from] item: Sitrus Berry\n|turn|15\n|\n|t:|1700025841\n|move|p1a: Gholdengo|Make It Rain|p2a: Garganacl\n|-supereffective|p2a: Garganacl\n|-damage|p2a: Garganacl|0 fnt\n|-unboost|p1a: Gholdengo|spa|1\n|faint|p2a: Garganacl\n|\n|-damage|p1a: Gholdengo|43\/100|[from] Salt Cure\n|upkeep\n|\n|t:|1700025850\n|switch|p2a: Gholdengo|Gholdengo|100\/100\n|-damage|p2a: Gholdengo|94\/100|[from] Stealth Rock\n|turn|16\n|\n|t:|1700025856\n|move|p2a: Gholdengo|Shadow Ball|p1a: Gholdengo\n|-supereffective|p1a: Gholdengo\n|-damage|p1a: Gholdengo|0 fnt\n|faint|p1a: Gholdengo\n|\n|upkeep\n|\n|t:|1700025872\n|switch|p1a: Ceruledge|Ceruledge, M|100\/100\n|turn|17\n|\n|t:|1700025882\n|switch|p2a: Rotom|Rotom-Wash|100\/100\n|-damage|p2a: Rotom|88\/100|[from] Stealth Rock\n|move|p1a: Ceruledge|Bitter Blade|p2a: Rotom\n|-resisted|p2a: Rotom\n|-damage|p2a: Rotom|56\/100\n|\n|upkeep\n|turn|18\n|\n|t:|1700025892\n|switch|p1a: Mandibuzz|Mandibuzz, F|84\/100\n|-terastallize|p2a: Rotom|Water\n|move|p2a: Rotom|Hydro Pump|p1a: Mandibuzz\n|-damage|p1a: Mandibuzz|33\/100\n|\n|upkeep\n|turn|19\n|\n|t:|1700025900\n|move|p2a: Rotom|Hydro Pump|p1a: Mandibuzz\n|-damage|p1a: Mandibuzz|0 fnt\n|faint|p1a: Mandibuzz\n|\n|upkeep\n|\n|t:|1700025908\n|switch|p1a: Gardevoir|Gardevoir, F|74\/100\n|-ability|p1a: Gardevoir|Levitate|[from] ability: Trace|[of] p2a: Rotom\n|turn|20\n|\n|t:|1700025920\n|switch|p2a: Gholdengo|Gholdengo|94\/100\n|-damage|p2a: Gholdengo|88\/100|[from] Stealth Rock\n|move|p1a: Gardevoir|Psychic|p2a: Gholdengo\n|-resisted|p2a: Gholdengo\n|-crit|p2a: Gholdengo\n|-damage|p2a: Gholdengo|26\/100\n|\n|upkeep\n|turn|21\n|\n|t:|1700025940\n|switch|p1a: Quaquaval|Quaquaval, M|100\/100\n|move|p2a: Gholdengo|Make It Rain|p1a: Quaquaval\n|-resisted|p1a: Quaquaval\n|-damage|p1a: Quaquaval|69\/100\n|-unboost|p2a: Gholdengo|spa|1\n|\n|upkeep\n|turn|22\n|\n|t:|1700025950\n|move|p2a: Gholdengo|Make It Rain|p1a: Quaquaval\n|-resisted|p1a: Quaquaval\n|-damage|p1a: Quaquaval|48\/100\n|-unboost|p2a: Gholdengo|spa|1\n|move|p1a: Quaquaval|Aqua Step|p2a: Gholdengo\n|-damage|p2a: Gholdengo|0 fnt\n|-boost|p1a: Quaquaval|spe|1\n|faint|p2a: Gholdengo\n|-ability|p1a: Quaquaval|Moxie|boost\n|-boost|p1a: Quaquaval|atk|1\n|\n|upkeep\n|\n|t:|1700025962\n|switch|p2a: Rotom|Rotom-Wash, tera:Water|56\/100\n|-damage|p2a: Rotom|43\/100|[from] Stealth Rock\n|turn|23\n|\n|t:|1700025970\n|move|p2a: Rotom|Thunderbolt|p1a: Quaquaval\n|-supereffective|p1a: Quaquaval\n|-damage|p1a: Quaquaval|0 fnt\n|faint|p1a: Quaquaval\n|\n|upkeep\n|\n|t:|1700025975\n|switch|p1a: Gardevoir|Gardevoir, F|74\/100\n|-ability|p1a: Gardevoir|Levitate|[from] ability: Trace|[of] p2a: Rotom\n|turn|24\n|\n|t:|1700025981\n|move|p2a: Rotom|Thunderbolt|p1a: Gardevoir\n|-damage|p1a: Gardevoir|40\/100\n|move|p1a: Gardevoir|Psychic|p2a: Rotom\n|-damage|p2a: Rotom|0 fnt\n|faint|p2a: Rotom\n|\n|win|Thelaw1307\n|raw|Thelaw1307's rating: 1208 &rarr; <strong>1230<\/strong><br \/>(+22 for winning)\n|raw|5ebast1an's rating: 1161 &rarr; <strong>1139<\/strong><br \/>(-22 for losing)\n|l|\u26065ebast1an\n","uploadtime":1700025994,"views":34,"p1id":"thelaw1307","p2id":"5ebast1an","formatid":"gen9ou","rating":1139,"private":0,"password":""}