{"id":"gen9ou-1993004336","p1":"Palaeno","p2":"ShittyDitch69","format":"[Gen 9] OU","log":"|j|\u2606Palaeno\n|j|\u2606ShittyDitch69\n|t:|1700254608\n|gametype|singles\n|player|p1|Palaeno|korrina-masters|1293\n|player|p2|ShittyDitch69|102|1348\n|teamsize|p1|6\n|teamsize|p2|6\n|gen|9\n|tier|[Gen 9] OU\n|rated|\n|rule|Sleep Clause Mod: Limit one foe put to sleep\n|rule|Species Clause: Limit one of each Pok\u00e9mon\n|rule|OHKO Clause: OHKO moves are banned\n|rule|Evasion Items Clause: Evasion items are banned\n|rule|Evasion Moves Clause: Evasion moves are banned\n|rule|Endless Battle Clause: Forcing endless battles is banned\n|rule|HP Percentage Mod: HP is shown in percentages\n|clearpoke\n|poke|p1|Glimmora, F|\n|poke|p1|Gholdengo|\n|poke|p1|Ogerpon-Wellspring, F|\n|poke|p1|Kingambit, M|\n|poke|p1|Iron Moth|\n|poke|p1|Enamorus, F|\n|poke|p2|Dragapult, M|\n|poke|p2|Breloom, F|\n|poke|p2|Ribombee, M|\n|poke|p2|Toxapex, M|\n|poke|p2|Scizor, M|\n|poke|p2|Conkeldurr, M|\n|teampreview\n|\n|t:|1700254620\n|start\n|switch|p1a: Glimmora|Glimmora, F|100\/100\n|switch|p2a: Toxapex|Toxapex, M|100\/100\n|turn|1\n|\n|t:|1700254646\n|move|p1a: Glimmora|Stealth Rock|p2a: Toxapex\n|-sidestart|p2: ShittyDitch69|move: Stealth Rock\n|move|p2a: Toxapex|Surf|p1a: Glimmora\n|-supereffective|p1a: Glimmora\n|-crit|p1a: Glimmora\n|-enditem|p1a: Glimmora|Focus Sash\n|-damage|p1a: Glimmora|1\/100\n|\n|upkeep\n|turn|2\n|\n|t:|1700254651\n|move|p1a: Glimmora|Power Gem|p2a: Toxapex\n|-damage|p2a: Toxapex|77\/100\n|move|p2a: Toxapex|Sludge Bomb|p1a: Glimmora\n|-resisted|p1a: Glimmora\n|-damage|p1a: Glimmora|0 fnt\n|faint|p1a: Glimmora\n|\n|upkeep\n|\n|t:|1700254660\n|switch|p1a: Kingambit|Kingambit, M|100\/100\n|-activate|p1a: Kingambit|ability: Supreme Overlord\n|-start|p1a: Kingambit|fallen1|[silent]\n|turn|3\n|\n|t:|1700254671\n|switch|p2a: Conkeldurr|Conkeldurr, M|100\/100\n|-damage|p2a: Conkeldurr|94\/100|[from] Stealth Rock\n|move|p1a: Kingambit|Kowtow Cleave|p2a: Conkeldurr\n|-resisted|p2a: Conkeldurr\n|-damage|p2a: Conkeldurr|67\/100\n|\n|-status|p2a: Conkeldurr|brn|[from] item: Flame Orb\n|upkeep\n|turn|4\n|\n|t:|1700254680\n|-end|p1a: Kingambit|fallen1|[silent]\n|switch|p1a: Enamorus|Enamorus, F|100\/100\n|move|p2a: Conkeldurr|Defog|p1a: Enamorus\n|-boost|p1a: Enamorus|evasion|1\n|-sideend|p2: ShittyDitch69|Stealth Rock|[from] move: Defog|[of] p2a: Conkeldurr\n|\n|-damage|p2a: Conkeldurr|61\/100 brn|[from] brn\n|upkeep\n|turn|5\n|\n|t:|1700254693\n|switch|p2a: Toxapex|Toxapex, M|100\/100\n|move|p1a: Enamorus|Earth Power|p2a: Toxapex\n|-supereffective|p2a: Toxapex\n|-damage|p2a: Toxapex|66\/100\n|-unboost|p2a: Toxapex|spd|1\n|\n|upkeep\n|turn|6\n|\n|t:|1700254698\n|move|p1a: Enamorus|Earth Power|p2a: Toxapex\n|-supereffective|p2a: Toxapex\n|-damage|p2a: Toxapex|12\/100\n|move|p2a: Toxapex|Sludge Bomb|p1a: Enamorus\n|-supereffective|p1a: Enamorus\n|-damage|p1a: Enamorus|19\/100\n|-status|p1a: Enamorus|psn\n|\n|-damage|p1a: Enamorus|6\/100 psn|[from] psn\n|upkeep\n|turn|7\n|\n|t:|1700254706\n|switch|p2a: Ribombee|Ribombee, M|100\/100\n|move|p1a: Enamorus|Earth Power|p2a: Ribombee\n|-resisted|p2a: Ribombee\n|-damage|p2a: Ribombee|73\/100\n|\n|-damage|p1a: Enamorus|0 fnt|[from] psn\n|faint|p1a: Enamorus\n|upkeep\n|\n|t:|1700254712\n|switch|p1a: Iron Moth|Iron Moth|100\/100\n|-enditem|p1a: Iron Moth|Booster Energy\n|-activate|p1a: Iron Moth|ability: Quark Drive|[fromitem]\n|-start|p1a: Iron Moth|quarkdrivespe\n|turn|8\n|\n|t:|1700254719\n|switch|p2a: Dragapult|Dragapult, M|100\/100\n|move|p1a: Iron Moth|Fiery Dance|p2a: Dragapult\n|-resisted|p2a: Dragapult\n|-damage|p2a: Dragapult|72\/100\n|\n|upkeep\n|turn|9\n|\n|t:|1700254731\n|move|p1a: Iron Moth|Fiery Dance|p2a: Dragapult\n|-resisted|p2a: Dragapult\n|-damage|p2a: Dragapult|44\/100\n|-boost|p1a: Iron Moth|spa|1\n|move|p2a: Dragapult|Draco Meteor|p1a: Iron Moth\n|-damage|p1a: Iron Moth|18\/100\n|-unboost|p2a: Dragapult|spa|2\n|\n|upkeep\n|turn|10\n|\n|t:|1700254743\n|move|p1a: Iron Moth|Sludge Wave|p2a: Dragapult\n|-resisted|p2a: Dragapult\n|-damage|p2a: Dragapult|0 fnt\n|faint|p2a: Dragapult\n|\n|upkeep\n|\n|t:|1700254748\n|switch|p2a: Scizor|Scizor, M|100\/100\n|turn|11\n|\n|t:|1700254752\n|move|p2a: Scizor|Bullet Punch|p1a: Iron Moth\n|-resisted|p1a: Iron Moth\n|-damage|p1a: Iron Moth|0 fnt\n|faint|p1a: Iron Moth\n|-end|p1a: Iron Moth|Quark Drive|[silent]\n|\n|upkeep\n|\n|t:|1700254756\n|switch|p1a: Ogerpon|Ogerpon-Wellspring, F|100\/100\n|turn|12\n|\n|t:|1700254763\n|move|p1a: Ogerpon|Ivy Cudgel|p2a: Scizor|[anim] Ivy Cudgel Water\n|-damage|p2a: Scizor|41\/100\n|move|p2a: Scizor|Pounce|p1a: Ogerpon\n|-supereffective|p1a: Ogerpon\n|-damage|p1a: Ogerpon|0 fnt\n|faint|p1a: Ogerpon\n|\n|-heal|p2a: Scizor|47\/100|[from] item: Leftovers\n|upkeep\n|c|\u2606Palaeno|!dt pounce\n|raw|<ul class=\"utilichart\"><li class=\"result\"><span class=\"col movenamecol\"><a href=\"https:\/\/dex.pokemonshowdown.com\/moves\/pounce\">Pounce<\/a><\/span> <span class=\"col typecol\"><img src=\"\/\/play.pokemonshowdown.com\/sprites\/types\/Bug.png\" alt=\"Bug\" width=\"32\" height=\"14\"><img src=\"\/\/play.pokemonshowdown.com\/sprites\/categories\/Physical.png\" alt=\"Physical\" width=\"32\" height=\"14\"><\/span> <span class=\"col labelcol\"><em>Power<\/em><br>50<\/span> <span class=\"col widelabelcol\"><em>Accuracy<\/em><br>100%<\/span> <span class=\"col pplabelcol\"><em>PP<\/em><br>32<\/span> <span class=\"col movedesccol\">100% chance to lower the target's Speed by 1.<\/span> <\/li><li style=\"clear:both\"><\/li><\/ul>\n|raw|<font size=\"1\"><font color=\"#686868\">Priority:<\/font> 0&nbsp;|&ThickSpace;<font color=\"#686868\">Gen:<\/font> 9&nbsp;|&ThickSpace;&#10003; Boosted by Sheer Force&nbsp;|&ThickSpace;&#10003; Contact&nbsp;|&ThickSpace;<font color=\"#686868\">Z-Power:<\/font> 100&nbsp;|&ThickSpace;<font color=\"#686868\">Dynamax Power:<\/font> 100&nbsp;|&ThickSpace;<font color=\"#686868\">Target:<\/font> One Adjacent Pok\u00e9mon<\/font>\n\n|c|\u2606Palaeno|!dt bug bite\n|raw|<ul class=\"utilichart\"><li class=\"result\"><span class=\"col movenamecol\"><a href=\"https:\/\/dex.pokemonshowdown.com\/moves\/bugbite\">Bug Bite<\/a><\/span> <span class=\"col typecol\"><img src=\"\/\/play.pokemonshowdown.com\/sprites\/types\/Bug.png\" alt=\"Bug\" width=\"32\" height=\"14\"><img src=\"\/\/play.pokemonshowdown.com\/sprites\/categories\/Physical.png\" alt=\"Physical\" width=\"32\" height=\"14\"><\/span> <span class=\"col labelcol\"><em>Power<\/em><br>60<\/span> <span class=\"col widelabelcol\"><em>Accuracy<\/em><br>100%<\/span> <span class=\"col pplabelcol\"><em>PP<\/em><br>32<\/span> <span class=\"col movedesccol\">User steals and eats the target's Berry.<\/span> <\/li><li style=\"clear:both\"><\/li><\/ul>\n|raw|<font size=\"1\"><font color=\"#686868\">Priority:<\/font> 0&nbsp;|&ThickSpace;<font color=\"#686868\">Gen:<\/font> 4&nbsp;|&ThickSpace;&#10003; Contact&nbsp;|&ThickSpace;<font color=\"#686868\">Z-Power:<\/font> 120&nbsp;|&ThickSpace;<font color=\"#686868\">Dynamax Power:<\/font> 110&nbsp;|&ThickSpace;<font color=\"#686868\">Target:<\/font> One Adjacent Pok\u00e9mon<\/font>\n\n|l|\u2606ShittyDitch69\n|player|p2|\n|j|\u2606ShittyDitch69\n|player|p2|ShittyDitch69|102\n|inactive|Battle timer is ON: inactive players will automatically lose when time's up. (requested by Palaeno)\n|\n|t:|1700254802\n|switch|p1a: Kingambit|Kingambit, M|100\/100\n|-activate|p1a: Kingambit|ability: Supreme Overlord\n|-start|p1a: Kingambit|fallen4|[silent]\n|turn|13\n|\n|t:|1700254809\n|move|p2a: Scizor|Pounce|p1a: Kingambit\n|-damage|p1a: Kingambit|65\/100\n|-unboost|p1a: Kingambit|spe|1\n|move|p1a: Kingambit|Kowtow Cleave|p2a: Scizor\n|-damage|p2a: Scizor|0 fnt\n|faint|p2a: Scizor\n|\n|upkeep\n|\n|t:|1700254815\n|switch|p2a: Conkeldurr|Conkeldurr, M|61\/100 brn\n|turn|14\n|\n|t:|1700254819\n|-end|p1a: Kingambit|fallen4|[silent]\n|switch|p1a: Gholdengo|Gholdengo|100\/100\n|-item|p1a: Gholdengo|Air Balloon\n|move|p2a: Conkeldurr|Close Combat|p1a: Gholdengo\n|-immune|p1a: Gholdengo\n|\n|-damage|p2a: Conkeldurr|55\/100 brn|[from] brn\n|upkeep\n|turn|15\n|\n|t:|1700254830\n|move|p1a: Gholdengo|Make It Rain|p2a: Conkeldurr\n|-damage|p2a: Conkeldurr|0 fnt\n|-unboost|p1a: Gholdengo|spa|1\n|faint|p2a: Conkeldurr\n|\n|upkeep\n|\n|t:|1700254836\n|switch|p2a: Ribombee|Ribombee, M|73\/100\n|turn|16\n|\n|t:|1700254840\n|move|p2a: Ribombee|U-turn|p1a: Gholdengo\n|-resisted|p1a: Gholdengo\n|-damage|p1a: Gholdengo|96\/100\n|-enditem|p1a: Gholdengo|Air Balloon\n|\n|t:|1700254842\n|switch|p2a: Toxapex|Toxapex, M|45\/100|[from] U-turn\n|move|p1a: Gholdengo|Make It Rain|p2a: Toxapex\n|-resisted|p2a: Toxapex\n|-damage|p2a: Toxapex|34\/100\n|-unboost|p1a: Gholdengo|spa|1\n|\n|upkeep\n|turn|17\n|\n|t:|1700254845\n|move|p1a: Gholdengo|Nasty Plot|p1a: Gholdengo\n|-boost|p1a: Gholdengo|spa|2\n|move|p2a: Toxapex|Surf|p1a: Gholdengo\n|-crit|p1a: Gholdengo\n|-damage|p1a: Gholdengo|44\/100\n|\n|upkeep\n|turn|18\n|\n|t:|1700254849\n|move|p1a: Gholdengo|Recover|p1a: Gholdengo\n|-heal|p1a: Gholdengo|94\/100\n|move|p2a: Toxapex|Surf|p1a: Gholdengo\n|-damage|p1a: Gholdengo|57\/100\n|\n|upkeep\n|turn|19\n|\n|t:|1700254854\n|move|p1a: Gholdengo|Recover|p1a: Gholdengo\n|-heal|p1a: Gholdengo|100\/100\n|move|p2a: Toxapex|Surf|p1a: Gholdengo\n|-damage|p1a: Gholdengo|68\/100\n|\n|upkeep\n|turn|20\n|\n|t:|1700254857\n|switch|p2a: Ribombee|Ribombee, M|73\/100\n|move|p1a: Gholdengo|Nasty Plot|p1a: Gholdengo\n|-boost|p1a: Gholdengo|spa|2\n|\n|upkeep\n|turn|21\n|\n|t:|1700254861\n|-terastallize|p2a: Ribombee|Ground\n|move|p2a: Ribombee|Tera Blast|p1a: Gholdengo|[anim] Tera Blast Ground\n|-supereffective|p1a: Gholdengo\n|-damage|p1a: Gholdengo|0 fnt\n|faint|p1a: Gholdengo\n|\n|upkeep\n|\n|t:|1700254866\n|switch|p1a: Kingambit|Kingambit, M|65\/100\n|-activate|p1a: Kingambit|ability: Supreme Overlord\n|-start|p1a: Kingambit|fallen5|[silent]\n|turn|22\n|\n|t:|1700254869\n|move|p1a: Kingambit|Sucker Punch|p2a: Ribombee\n|-damage|p2a: Ribombee|0 fnt\n|faint|p2a: Ribombee\n|\n|upkeep\n|\n|t:|1700254871\n|switch|p2a: Breloom|Breloom, F|100\/100\n|turn|23\n|\n|t:|1700254875\n|switch|p2a: Toxapex|Toxapex, M|67\/100\n|-terastallize|p1a: Kingambit|Fire\n|move|p1a: Kingambit|Iron Head|p2a: Toxapex\n|-resisted|p2a: Toxapex\n|-damage|p2a: Toxapex|40\/100\n|\n|upkeep\n|turn|24\n|\n|t:|1700254884\n|switch|p2a: Breloom|Breloom, F|100\/100\n|move|p1a: Kingambit|Kowtow Cleave|p2a: Breloom\n|-resisted|p2a: Breloom\n|-damage|p2a: Breloom|27\/100\n|\n|upkeep\n|turn|25\n|\n|t:|1700254890\n|move|p2a: Breloom|Mach Punch|p1a: Kingambit\n|-damage|p1a: Kingambit|27\/100\n|move|p1a: Kingambit|Iron Head|p2a: Breloom\n|-damage|p2a: Breloom|0 fnt\n|faint|p2a: Breloom\n|\n|upkeep\n|\n|t:|1700254894\n|switch|p2a: Toxapex|Toxapex, M|73\/100\n|turn|26\n|\n|t:|1700254896\n|move|p1a: Kingambit|Kowtow Cleave|p2a: Toxapex\n|-damage|p2a: Toxapex|3\/100\n|move|p2a: Toxapex|Surf|p1a: Kingambit\n|-supereffective|p1a: Kingambit\n|-damage|p1a: Kingambit|0 fnt\n|faint|p1a: Kingambit\n|-end|p1a: Kingambit|fallen5|[silent]\n|\n|win|ShittyDitch69\n|raw|Palaeno's rating: 1293 &rarr; <strong>1272<\/strong><br \/>(-21 for losing)\n|raw|ShittyDitch69's rating: 1348 &rarr; <strong>1365<\/strong><br \/>(+17 for winning)\n|l|\u2606Palaeno\n|j|\u2606Palaeno\n|player|p1|Palaeno|korrina-masters\n|l|\u2606Palaeno\n|player|p1|\n","uploadtime":1700254903,"views":10,"p1id":"palaeno","p2id":"shittyditch69","formatid":"gen9ou","rating":1272,"private":0,"password":""}