{"id":"gen9ou-1993232494","p1":"CyberH3","p2":"reezobi","format":"[Gen 9] OU","log":"|j|\u2606CyberH3\n|j|\u2606reezobi\n|t:|1700281575\n|gametype|singles\n|player|p1|CyberH3|mars|1409\n|player|p2|reezobi|red|1423\n|teamsize|p1|6\n|teamsize|p2|6\n|gen|9\n|tier|[Gen 9] OU\n|rated|\n|rule|Sleep Clause Mod: Limit one foe put to sleep\n|rule|Species Clause: Limit one of each Pok\u00e9mon\n|rule|OHKO Clause: OHKO moves are banned\n|rule|Evasion Items Clause: Evasion items are banned\n|rule|Evasion Moves Clause: Evasion moves are banned\n|rule|Endless Battle Clause: Forcing endless battles is banned\n|rule|HP Percentage Mod: HP is shown in percentages\n|clearpoke\n|poke|p1|Goodra-Hisui, M|\n|poke|p1|Scizor, F|\n|poke|p1|Mimikyu, F|\n|poke|p1|Iron Valiant|\n|poke|p1|Talonflame, F|\n|poke|p1|Lokix, M|\n|poke|p2|Weavile, F|\n|poke|p2|Ogerpon-Wellspring, F|\n|poke|p2|Heatran, M|\n|poke|p2|Corviknight, F|\n|poke|p2|Hatterene, F|\n|poke|p2|Dragapult, M|\n|teampreview\n|\n|t:|1700281595\n|start\n|switch|p1a: Snailtare|Goodra-Hisui, M|100\/100\n|switch|p2a: Weavile|Weavile, F|100\/100\n|turn|1\n|\n|t:|1700281604\n|move|p2a: Weavile|Knock Off|p1a: Snailtare\n|-damage|p1a: Snailtare|54\/100\n|-enditem|p1a: Snailtare|Leftovers|[from] move: Knock Off|[of] p2a: Weavile\n|move|p1a: Snailtare|Flamethrower|p2a: Weavile\n|-supereffective|p2a: Weavile\n|-damage|p2a: Weavile|12\/100\n|\n|upkeep\n|turn|2\n|\n|t:|1700281630\n|switch|p2a: Ogerpon|Ogerpon-Wellspring, F|100\/100\n|switch|p1a: R-TRUS|Iron Valiant|100\/100\n|-enditem|p1a: R-TRUS|Booster Energy\n|-activate|p1a: R-TRUS|ability: Quark Drive|[fromitem]\n|-start|p1a: R-TRUS|quarkdrivespe\n|\n|upkeep\n|turn|3\n|\n|t:|1700281648\n|switch|p2a: Corviknight|Corviknight, F|100\/100\n|-ability|p2a: Corviknight|Pressure\n|move|p1a: R-TRUS|Moonblast|p2a: Corviknight\n|-resisted|p2a: Corviknight\n|-damage|p2a: Corviknight|81\/100\n|\n|-heal|p2a: Corviknight|87\/100|[from] item: Leftovers\n|upkeep\n|turn|4\n|\n|t:|1700281656\n|move|p1a: R-TRUS|Thunderbolt|p2a: Corviknight\n|-supereffective|p2a: Corviknight\n|-damage|p2a: Corviknight|37\/100\n|-status|p2a: Corviknight|par\n|move|p2a: Corviknight|Brave Bird|p1a: R-TRUS\n|-supereffective|p1a: R-TRUS\n|-damage|p1a: R-TRUS|4\/100\n|-damage|p2a: Corviknight|15\/100 par|[from] Recoil\n|\n|-heal|p2a: Corviknight|21\/100 par|[from] item: Leftovers\n|upkeep\n|turn|5\n|\n|t:|1700281679\n|move|p1a: R-TRUS|Thunderbolt|p2a: Corviknight\n|-supereffective|p2a: Corviknight\n|-damage|p2a: Corviknight|0 fnt\n|faint|p2a: Corviknight\n|\n|upkeep\n|\n|t:|1700281684\n|switch|p2a: Weavile|Weavile, F|12\/100\n|turn|6\n|\n|t:|1700281687\n|-end|p1a: R-TRUS|Quark Drive|[silent]\n|switch|p1a: Eat With Scissors|Scizor, F|100\/100\n|move|p2a: Weavile|Ice Shard|p1a: Eat With Scissors\n|-resisted|p1a: Eat With Scissors\n|-damage|p1a: Eat With Scissors|90\/100\n|\n|upkeep\n|turn|7\n|\n|t:|1700281692\n|switch|p2a: Heatran|Heatran, M|100\/100\n|move|p1a: Eat With Scissors|Bullet Punch|p2a: Heatran\n|-resisted|p2a: Heatran\n|-crit|p2a: Heatran\n|-damage|p2a: Heatran|84\/100\n|-damage|p1a: Eat With Scissors|80\/100|[from] item: Life Orb\n|\n|-heal|p2a: Heatran|90\/100|[from] item: Leftovers\n|upkeep\n|turn|8\n|\n|t:|1700281697\n|switch|p1a: The XO|Talonflame, F|100\/100\n|move|p2a: Heatran|Substitute|p2a: Heatran\n|-start|p2a: Heatran|Substitute\n|-damage|p2a: Heatran|66\/100\n|\n|-heal|p2a: Heatran|72\/100|[from] item: Leftovers\n|upkeep\n|turn|9\n|\n|t:|1700281700\n|move|p1a: The XO|Brave Bird|p2a: Heatran\n|-resisted|p2a: Heatran\n|-activate|p2a: Heatran|move: Substitute|[damage]\n|-damage|p1a: The XO|93\/100|[from] Recoil|[of] p2a: Heatran\n|move|p2a: Heatran|Magma Storm|p1a: The XO\n|-resisted|p1a: The XO\n|-damage|p1a: The XO|53\/100\n|-activate|p1a: The XO|move: Magma Storm|[of] p2a: Heatran\n|\n|-heal|p1a: The XO|59\/100|[from] item: Leftovers\n|-heal|p2a: Heatran|78\/100|[from] item: Leftovers\n|-damage|p1a: The XO|47\/100|[from] move: Magma Storm|[partiallytrapped]\n|upkeep\n|turn|10\n|\n|t:|1700281713\n|move|p1a: The XO|Brave Bird|p2a: Heatran\n|-resisted|p2a: Heatran\n|-end|p2a: Heatran|Substitute\n|-damage|p1a: The XO|46\/100|[from] Recoil|[of] p2a: Heatran\n|move|p2a: Heatran|Taunt|p1a: The XO\n|-start|p1a: The XO|move: Taunt\n|\n|-heal|p1a: The XO|52\/100|[from] item: Leftovers\n|-heal|p2a: Heatran|84\/100|[from] item: Leftovers\n|-damage|p1a: The XO|40\/100|[from] move: Magma Storm|[partiallytrapped]\n|upkeep\n|turn|11\n|\n|t:|1700281719\n|move|p1a: The XO|Brave Bird|p2a: Heatran\n|-resisted|p2a: Heatran\n|-damage|p2a: Heatran|60\/100\n|-damage|p1a: The XO|31\/100|[from] Recoil\n|move|p2a: Heatran|Substitute|p2a: Heatran\n|-start|p2a: Heatran|Substitute\n|-damage|p2a: Heatran|35\/100\n|\n|-heal|p1a: The XO|37\/100|[from] item: Leftovers\n|-heal|p2a: Heatran|41\/100|[from] item: Leftovers\n|-damage|p1a: The XO|24\/100|[from] move: Magma Storm|[partiallytrapped]\n|upkeep\n|turn|12\n|\n|t:|1700281725\n|move|p1a: The XO|Brave Bird|p2a: Heatran\n|-resisted|p2a: Heatran\n|-activate|p2a: Heatran|move: Substitute|[damage]\n|-damage|p1a: The XO|16\/100|[from] Recoil|[of] p2a: Heatran\n|move|p2a: Heatran|Magma Storm|p1a: The XO\n|-resisted|p1a: The XO\n|-damage|p1a: The XO|0 fnt\n|faint|p1a: The XO\n|\n|-heal|p2a: Heatran|48\/100|[from] item: Leftovers\n|upkeep\n|\n|t:|1700281739\n|switch|p1a: OHAYOLLIE|Mimikyu, F|100\/100\n|turn|13\n|\n|t:|1700281747\n|move|p1a: OHAYOLLIE|Drain Punch|p2a: Heatran\n|-supereffective|p2a: Heatran\n|-end|p2a: Heatran|Substitute\n|-damage|p1a: OHAYOLLIE|91\/100|[from] item: Life Orb\n|move|p2a: Heatran|Magma Storm|p1a: OHAYOLLIE\n|-activate|p1a: OHAYOLLIE|ability: Disguise\n|-damage|p1a: OHAYOLLIE|91\/100\n|-activate|p1a: OHAYOLLIE|move: Magma Storm|[of] p2a: Heatran\n|detailschange|p1a: OHAYOLLIE|Mimikyu-Busted, F\n|-damage|p1a: OHAYOLLIE|78\/100|[from] pokemon: Mimikyu-Busted\n|\n|-heal|p2a: Heatran|54\/100|[from] item: Leftovers\n|-damage|p1a: OHAYOLLIE|66\/100|[from] move: Magma Storm|[partiallytrapped]\n|upkeep\n|turn|14\n|\n|t:|1700281779\n|switch|p2a: Hatterene|Hatterene, F|100\/100\n|move|p1a: OHAYOLLIE|Swords Dance|p1a: OHAYOLLIE\n|-boost|p1a: OHAYOLLIE|atk|2\n|\n|-end|p1a: OHAYOLLIE|Magma Storm|[partiallytrapped]|[silent]\n|upkeep\n|turn|15\n|\n|t:|1700281801\n|-terastallize|p1a: OHAYOLLIE|Ghost\n|-terastallize|p2a: Hatterene|Water\n|move|p1a: OHAYOLLIE|Shadow Sneak|p2a: Hatterene\n|-damage|p2a: Hatterene|56\/100\n|-damage|p1a: OHAYOLLIE|56\/100|[from] item: Life Orb\n|move|p2a: Hatterene|Nuzzle|p1a: OHAYOLLIE\n|-crit|p1a: OHAYOLLIE\n|-damage|p1a: OHAYOLLIE|46\/100\n|-status|p1a: OHAYOLLIE|par\n|\n|-heal|p2a: Hatterene|62\/100|[from] item: Leftovers\n|upkeep\n|turn|16\n|\n|t:|1700281810\n|move|p1a: OHAYOLLIE|Drain Punch|p2a: Hatterene\n|-damage|p2a: Hatterene|20\/100\n|-heal|p1a: OHAYOLLIE|73\/100 par|[from] drain|[of] p2a: Hatterene\n|-damage|p1a: OHAYOLLIE|63\/100 par|[from] item: Life Orb\n|move|p2a: Hatterene|Draining Kiss|p1a: OHAYOLLIE\n|-crit|p1a: OHAYOLLIE\n|-damage|p1a: OHAYOLLIE|17\/100 par\n|-heal|p2a: Hatterene|47\/100|[from] drain|[of] p1a: OHAYOLLIE\n|\n|-heal|p2a: Hatterene|53\/100|[from] item: Leftovers\n|upkeep\n|turn|17\n|\n|t:|1700281826\n|move|p1a: OHAYOLLIE|Play Rough|p2a: Hatterene\n|-damage|p2a: Hatterene|0 fnt\n|faint|p2a: Hatterene\n|-damage|p1a: OHAYOLLIE|7\/100 par|[from] item: Life Orb\n|\n|upkeep\n|\n|t:|1700281842\n|switch|p2a: Heatran|Heatran, M|54\/100\n|turn|18\n|\n|t:|1700281849\n|move|p1a: OHAYOLLIE|Shadow Sneak|p2a: Heatran\n|-damage|p2a: Heatran|0 fnt\n|faint|p2a: Heatran\n|-damage|p1a: OHAYOLLIE|0 fnt|[from] item: Life Orb\n|faint|p1a: OHAYOLLIE\n|\n|upkeep\n|\n|t:|1700281858\n|switch|p1a: Morf LeRosh|Lokix, M|100\/100\n|switch|p2a: Dragapult|Dragapult, M|100\/100\n|turn|19\n|\n|t:|1700281865\n|move|p1a: Morf LeRosh|First Impression|p2a: Dragapult\n|-resisted|p2a: Dragapult\n|-damage|p2a: Dragapult|27\/100\n|-damage|p1a: Morf LeRosh|91\/100|[from] item: Life Orb\n|move|p2a: Dragapult|Draco Meteor|p1a: Morf LeRosh\n|-damage|p1a: Morf LeRosh|0 fnt\n|-unboost|p2a: Dragapult|spa|2\n|faint|p1a: Morf LeRosh\n|\n|upkeep\n|\n|t:|1700281873\n|switch|p1a: Eat With Scissors|Scizor, F|80\/100\n|turn|20\n|\n|t:|1700281878\n|switch|p2a: Ogerpon|Ogerpon-Wellspring, F|100\/100\n|move|p1a: Eat With Scissors|Bullet Punch|p2a: Ogerpon\n|-resisted|p2a: Ogerpon\n|-crit|p2a: Ogerpon\n|-damage|p2a: Ogerpon|58\/100\n|-damage|p1a: Eat With Scissors|70\/100|[from] item: Life Orb\n|\n|upkeep\n|turn|21\n|\n|t:|1700281885\n|move|p2a: Ogerpon|Ivy Cudgel|p1a: Eat With Scissors|[anim] Ivy Cudgel Water\n|-damage|p1a: Eat With Scissors|12\/100\n|move|p1a: Eat With Scissors|U-turn|p2a: Ogerpon\n|-supereffective|p2a: Ogerpon\n|-damage|p2a: Ogerpon|0 fnt\n|faint|p2a: Ogerpon\n|-damage|p1a: Eat With Scissors|2\/100|[from] item: Life Orb\n|\n|t:|1700281889\n|switch|p1a: Snailtare|Goodra-Hisui, M|54\/100|[from] U-turn\n|\n|upkeep\n|\n|t:|1700281895\n|switch|p2a: Weavile|Weavile, F|12\/100\n|turn|22\n|\n|t:|1700281898\n|move|p1a: Snailtare|Protect|p1a: Snailtare\n|-singleturn|p1a: Snailtare|Protect\n|move|p2a: Weavile|Icicle Crash|p1a: Snailtare\n|-activate|p1a: Snailtare|move: Protect\n|\n|upkeep\n|turn|23\n|\n|t:|1700281905\n|move|p2a: Weavile|Icicle Crash|p1a: Snailtare|[miss]\n|-miss|p2a: Weavile|p1a: Snailtare\n|move|p1a: Snailtare|Flamethrower|p2a: Weavile\n|-supereffective|p2a: Weavile\n|-damage|p2a: Weavile|0 fnt\n|faint|p2a: Weavile\n|\n|upkeep\n|\n|t:|1700281911\n|switch|p2a: Dragapult|Dragapult, M|27\/100\n|turn|24\n|\n|t:|1700281914\n|move|p2a: Dragapult|Draco Meteor|p1a: Snailtare\n|-damage|p1a: Snailtare|0 fnt\n|-unboost|p2a: Dragapult|spa|2\n|faint|p1a: Snailtare\n|\n|upkeep\n|\n|t:|1700281917\n|switch|p1a: Eat With Scissors|Scizor, F|2\/100\n|turn|25\n|-message|reezobi forfeited.\n|\n|win|CyberH3\n|raw|CyberH3's rating: 1409 &rarr; <strong>1430<\/strong><br \/>(+21 for winning)\n|raw|reezobi's rating: 1423 &rarr; <strong>1402<\/strong><br \/>(-21 for losing)\n|l|\u2606reezobi\n","uploadtime":1700281924,"views":12,"p1id":"cyberh3","p2id":"reezobi","formatid":"gen9ou","rating":1402,"private":0,"password":""}