{"id":"gen9ou-1989567377","p1":"gaypride13","p2":"Pipobeure","format":"[Gen 9] OU","log":"|j|\u2606gaypride13\n|j|\u2606Pipobeure\n|t:|1699872464\n|gametype|singles\n|player|p1|gaypride13|swimmer-gen4dp|1537\n|player|p2|Pipobeure|unknown|1467\n|teamsize|p1|6\n|teamsize|p2|6\n|gen|9\n|tier|[Gen 9] OU\n|rated|\n|rule|Sleep Clause Mod: Limit one foe put to sleep\n|rule|Species Clause: Limit one of each Pok\u00e9mon\n|rule|OHKO Clause: OHKO moves are banned\n|rule|Evasion Items Clause: Evasion items are banned\n|rule|Evasion Moves Clause: Evasion moves are banned\n|rule|Endless Battle Clause: Forcing endless battles is banned\n|rule|HP Percentage Mod: HP is shown in percentages\n|clearpoke\n|poke|p1|Garganacl, M|\n|poke|p1|Cinderace, M|\n|poke|p1|Great Tusk|\n|poke|p1|Slowking-Galar, M|\n|poke|p1|Rillaboom, M|\n|poke|p1|Samurott-Hisui, F|\n|poke|p2|Scizor, F|\n|poke|p2|Dragonite, F|\n|poke|p2|Walking Wake|\n|poke|p2|Great Tusk|\n|poke|p2|Kingambit, M|\n|poke|p2|Gholdengo|\n|teampreview\n|\n|t:|1699872477\n|start\n|switch|p1a: Samurott|Samurott-Hisui, F|100\/100\n|switch|p2a: Scizor|Scizor, F|100\/100\n|turn|1\n|inactive|Battle timer is ON: inactive players will automatically lose when time's up. (requested by gaypride13)\n|\n|t:|1699872482\n|move|p1a: Samurott|Ceaseless Edge|p2a: Scizor\n|-damage|p2a: Scizor|64\/100\n|-sidestart|p2: Pipobeure|Spikes\n|move|p2a: Scizor|Swords Dance|p2a: Scizor\n|-boost|p2a: Scizor|atk|2\n|\n|-heal|p2a: Scizor|70\/100|[from] item: Leftovers\n|upkeep\n|turn|2\n|\n|t:|1699872491\n|move|p1a: Samurott|Razor Shell|p2a: Scizor\n|-damage|p2a: Scizor|33\/100\n|move|p2a: Scizor|Defog|p1a: Samurott\n|-unboost|p1a: Samurott|evasion|1\n|-sideend|p2: Pipobeure|Spikes|[from] move: Defog|[of] p2a: Scizor\n|\n|-heal|p2a: Scizor|39\/100|[from] item: Leftovers\n|upkeep\n|turn|3\n|\n|t:|1699872497\n|move|p1a: Samurott|Ceaseless Edge|p2a: Scizor\n|-damage|p2a: Scizor|1\/100\n|-sidestart|p2: Pipobeure|Spikes\n|move|p2a: Scizor|U-turn|p1a: Samurott\n|-supereffective|p1a: Samurott\n|-enditem|p1a: Samurott|Focus Sash\n|-damage|p1a: Samurott|1\/100\n|\n|t:|1699872524\n|switch|p2a: Dragonite|Dragonite, F|100\/100|[from] U-turn\n|\n|upkeep\n|turn|4\n|\n|t:|1699872534\n|switch|p1a: GOAT|Garganacl, M|100\/100\n|move|p2a: Dragonite|Extreme Speed|p1a: GOAT\n|-resisted|p1a: GOAT\n|-damage|p1a: GOAT|93\/100\n|\n|-heal|p1a: GOAT|99\/100|[from] item: Leftovers\n|upkeep\n|turn|5\n|\n|t:|1699872543\n|switch|p2a: Gholdengo|Gholdengo|100\/100\n|-damage|p2a: Gholdengo|88\/100|[from] Spikes\n|-terastallize|p1a: GOAT|Ghost\n|move|p1a: GOAT|Salt Cure|p2a: Gholdengo\n|-resisted|p2a: Gholdengo\n|-damage|p2a: Gholdengo|82\/100\n|\n|-heal|p1a: GOAT|100\/100|[from] item: Leftovers\n|upkeep\n|turn|6\n|\n|t:|1699872564\n|switch|p1a: Samurott|Samurott-Hisui, F|1\/100\n|move|p2a: Gholdengo|Shadow Ball|p1a: Samurott\n|-resisted|p1a: Samurott\n|-damage|p1a: Samurott|0 fnt\n|faint|p1a: Samurott\n|\n|upkeep\n|\n|t:|1699872571\n|switch|p1a: Rillaboom|Rillaboom, M|100\/100\n|-fieldstart|move: Grassy Terrain|[from] ability: Grassy Surge|[of] p1a: Rillaboom\n|turn|7\n|\n|t:|1699872576\n|switch|p2a: Dragonite|Dragonite, F|100\/100\n|move|p1a: Rillaboom|Knock Off|p2a: Dragonite\n|-damage|p2a: Dragonite|75\/100\n|-enditem|p2a: Dragonite|Leftovers|[from] move: Knock Off|[of] p1a: Rillaboom\n|\n|upkeep\n|turn|8\n|\n|t:|1699872582\n|switch|p1a: GOAT|Garganacl, M, tera:Ghost|100\/100\n|move|p2a: Dragonite|Roost|p2a: Dragonite\n|-heal|p2a: Dragonite|100\/100\n|-singleturn|p2a: Dragonite|move: Roost\n|\n|upkeep\n|turn|9\n|\n|t:|1699872601\n|switch|p2a: Gholdengo|Gholdengo|82\/100\n|-damage|p2a: Gholdengo|69\/100|[from] Spikes\n|switch|p1a: Cinderace|Cinderace, M|100\/100\n|\n|-heal|p2a: Gholdengo|76\/100|[from] Grassy Terrain\n|upkeep\n|turn|10\n|\n|t:|1699872608\n|switch|p2a: Great Tusk|Great Tusk|100\/100\n|-damage|p2a: Great Tusk|88\/100|[from] Spikes\n|move|p1a: Cinderace|U-turn|p2a: Great Tusk\n|-start|p1a: Cinderace|typechange|Bug|[from] ability: Libero\n|-resisted|p2a: Great Tusk\n|-damage|p2a: Great Tusk|80\/100\n|-damage|p1a: Cinderace|84\/100|[from] item: Rocky Helmet|[of] p2a: Great Tusk\n|\n|t:|1699872617\n|switch|p1a: Great Tusk|Great Tusk|100\/100|[from] U-turn\n|\n|-heal|p2a: Great Tusk|86\/100|[from] Grassy Terrain\n|upkeep\n|turn|11\n|\n|t:|1699872622\n|move|p1a: Great Tusk|Knock Off|p2a: Great Tusk\n|-resisted|p2a: Great Tusk\n|-damage|p2a: Great Tusk|77\/100\n|-damage|p1a: Great Tusk|84\/100|[from] item: Rocky Helmet|[of] p2a: Great Tusk\n|-enditem|p2a: Great Tusk|Rocky Helmet|[from] move: Knock Off|[of] p1a: Great Tusk\n|move|p2a: Great Tusk|Rapid Spin|p1a: Great Tusk\n|-damage|p1a: Great Tusk|74\/100\n|-boost|p2a: Great Tusk|spe|1\n|-sideend|p2: Pipobeure|Spikes|[from] move: Rapid Spin|[of] p2a: Great Tusk\n|\n|-heal|p2a: Great Tusk|83\/100|[from] Grassy Terrain\n|-heal|p1a: Great Tusk|80\/100|[from] Grassy Terrain\n|-heal|p1a: Great Tusk|86\/100|[from] item: Leftovers\n|-fieldend|move: Grassy Terrain\n|upkeep\n|turn|12\n|\n|t:|1699872632\n|move|p2a: Great Tusk|Knock Off|p1a: Great Tusk\n|-resisted|p1a: Great Tusk\n|-damage|p1a: Great Tusk|77\/100\n|-enditem|p1a: Great Tusk|Leftovers|[from] move: Knock Off|[of] p2a: Great Tusk\n|move|p1a: Great Tusk|Rapid Spin|p2a: Great Tusk\n|-damage|p2a: Great Tusk|73\/100\n|-boost|p1a: Great Tusk|spe|1\n|\n|upkeep\n|turn|13\n|\n|t:|1699872640\n|move|p1a: Great Tusk|Bulk Up|p1a: Great Tusk\n|-boost|p1a: Great Tusk|atk|1\n|-boost|p1a: Great Tusk|def|1\n|move|p2a: Great Tusk|Earthquake|p1a: Great Tusk\n|-damage|p1a: Great Tusk|54\/100\n|\n|upkeep\n|turn|14\n|inactive|Pipobeure has 120 seconds left.\n|\n|t:|1699872672\n|-end|p2a: Great Tusk|Protosynthesis|[silent]\n|switch|p2a: Scizor|Scizor, F|1\/100\n|move|p1a: Great Tusk|Earthquake|p2a: Scizor\n|-damage|p2a: Scizor|0 fnt\n|faint|p2a: Scizor\n|\n|upkeep\n|\n|t:|1699872675\n|switch|p2a: Gholdengo|Gholdengo|76\/100\n|turn|15\n|inactive|Pipobeure has 120 seconds left.\n|\n|t:|1699872691\n|-terastallize|p2a: Gholdengo|Flying\n|move|p1a: Great Tusk|Knock Off|p2a: Gholdengo\n|-damage|p2a: Gholdengo|29\/100\n|-enditem|p2a: Gholdengo|Covert Cloak|[from] move: Knock Off|[of] p1a: Great Tusk\n|move|p2a: Gholdengo|Recover|p2a: Gholdengo\n|-heal|p2a: Gholdengo|79\/100\n|\n|upkeep\n|turn|16\n|inactive|Pipobeure has 120 seconds left.\n|\n|t:|1699872707\n|-end|p1a: Great Tusk|Protosynthesis|[silent]\n|switch|p1a: Cinderace|Cinderace, M|84\/100\n|move|p2a: Gholdengo|Make It Rain|p1a: Cinderace\n|-resisted|p1a: Cinderace\n|-damage|p1a: Cinderace|38\/100\n|-unboost|p2a: Gholdengo|spa|1\n|\n|upkeep\n|turn|17\n|inactive|Pipobeure has 120 seconds left.\n|\n|t:|1699872725\n|switch|p2a: Walking Wake|Walking Wake|100\/100\n|move|p1a: Cinderace|Pyro Ball|p2a: Walking Wake\n|-resisted|p2a: Walking Wake\n|-damage|p2a: Walking Wake|85\/100\n|\n|upkeep\n|turn|18\n|\n|t:|1699872737\n|move|p1a: Cinderace|U-turn|p2a: Walking Wake\n|-start|p1a: Cinderace|typechange|Bug|[from] ability: Libero\n|-damage|p2a: Walking Wake|45\/100\n|\n|t:|1699872741\n|switch|p1a: Slowking|Slowking-Galar, M|100\/100|[from] U-turn\n|move|p2a: Walking Wake|Dragon Pulse|p1a: Slowking\n|-damage|p1a: Slowking|55\/100\n|\n|-heal|p1a: Slowking|61\/100|[from] item: Black Sludge\n|upkeep\n|turn|19\n|inactive|Pipobeure has 120 seconds left.\n|\n|t:|1699872749\n|-end|p2a: Walking Wake|Protosynthesis|[silent]\n|switch|p2a: Kingambit|Kingambit, M|100\/100\n|-activate|p2a: Kingambit|ability: Supreme Overlord\n|-start|p2a: Kingambit|fallen1|[silent]\n|move|p1a: Slowking|Future Sight|p2a: Kingambit\n|-start|p1a: Slowking|move: Future Sight\n|\n|-heal|p1a: Slowking|67\/100|[from] item: Black Sludge\n|upkeep\n|turn|20\n|inactive|Pipobeure has 120 seconds left.\n|\n|t:|1699872766\n|switch|p1a: Great Tusk|Great Tusk|54\/100\n|move|p2a: Kingambit|Iron Head|p1a: Great Tusk\n|-damage|p1a: Great Tusk|19\/100\n|\n|upkeep\n|turn|21\n|inactive|Pipobeure has 120 seconds left.\n|\n|t:|1699872778\n|-end|p2a: Kingambit|fallen1|[silent]\n|switch|p2a: Dragonite|Dragonite, F|100\/100\n|move|p1a: Great Tusk|Earthquake|p2a: Dragonite\n|-immune|p2a: Dragonite\n|\n|-end|p2a: Dragonite|move: Future Sight\n|-damage|p2a: Dragonite|74\/100\n|upkeep\n|turn|22\n|inactive|Pipobeure has 120 seconds left.\n|\n|t:|1699872796\n|-end|p1a: Great Tusk|Protosynthesis|[silent]\n|switch|p1a: GOAT|Garganacl, M, tera:Ghost|100\/100\n|move|p2a: Dragonite|Roost|p2a: Dragonite\n|-heal|p2a: Dragonite|100\/100\n|-singleturn|p2a: Dragonite|move: Roost\n|\n|upkeep\n|turn|23\n|inactive|Pipobeure has 90 seconds left.\n|\n|t:|1699872832\n|switch|p2a: Great Tusk|Great Tusk|73\/100\n|move|p1a: GOAT|Salt Cure|p2a: Great Tusk\n|-resisted|p2a: Great Tusk\n|-damage|p2a: Great Tusk|72\/100\n|-start|p2a: Great Tusk|Salt Cure\n|\n|-damage|p2a: Great Tusk|59\/100|[from] Salt Cure\n|upkeep\n|turn|24\n|\n|t:|1699872841\n|switch|p1a: Great Tusk|Great Tusk|19\/100\n|move|p2a: Great Tusk|Knock Off|p1a: Great Tusk\n|-resisted|p1a: Great Tusk\n|-damage|p1a: Great Tusk|11\/100\n|\n|-damage|p2a: Great Tusk|47\/100|[from] Salt Cure\n|upkeep\n|turn|25\n|\n|t:|1699872851\n|move|p1a: Great Tusk|Rapid Spin|p2a: Great Tusk\n|-damage|p2a: Great Tusk|37\/100\n|-boost|p1a: Great Tusk|spe|1\n|move|p2a: Great Tusk|Earthquake|p1a: Great Tusk\n|-crit|p1a: Great Tusk\n|-damage|p1a: Great Tusk|0 fnt\n|faint|p1a: Great Tusk\n|-end|p1a: Great Tusk|Protosynthesis|[silent]\n|\n|-damage|p2a: Great Tusk|25\/100|[from] Salt Cure\n|upkeep\n|\n|t:|1699872857\n|switch|p1a: Rillaboom|Rillaboom, M|100\/100\n|-fieldstart|move: Grassy Terrain|[from] ability: Grassy Surge|[of] p1a: Rillaboom\n|turn|26\n|\n|t:|1699872874\n|move|p1a: Rillaboom|U-turn|p2a: Great Tusk\n|-resisted|p2a: Great Tusk\n|-damage|p2a: Great Tusk|15\/100\n|\n|t:|1699872877\n|switch|p1a: Cinderace|Cinderace, M|38\/100|[from] U-turn\n|move|p2a: Great Tusk|Knock Off|p1a: Cinderace\n|-damage|p1a: Cinderace|0 fnt\n|-enditem|p1a: Cinderace|Heavy-Duty Boots|[from] move: Knock Off|[of] p2a: Great Tusk\n|faint|p1a: Cinderace\n|\n|-heal|p2a: Great Tusk|21\/100|[from] Grassy Terrain\n|-damage|p2a: Great Tusk|9\/100|[from] Salt Cure\n|upkeep\n|\n|t:|1699872883\n|switch|p1a: Rillaboom|Rillaboom, M|100\/100\n|turn|27\n|\n|t:|1699872886\n|move|p1a: Rillaboom|U-turn|p2a: Great Tusk\n|-resisted|p2a: Great Tusk\n|-damage|p2a: Great Tusk|0 fnt\n|faint|p2a: Great Tusk\n|-end|p2a: Great Tusk|Protosynthesis|[silent]\n|\n|t:|1699872889\n|switch|p1a: GOAT|Garganacl, M, tera:Ghost|100\/100|[from] U-turn\n|\n|upkeep\n|inactive|Pipobeure has 120 seconds left.\n|\n|t:|1699872905\n|switch|p2a: Kingambit|Kingambit, M|100\/100\n|-activate|p2a: Kingambit|ability: Supreme Overlord\n|-start|p2a: Kingambit|fallen2|[silent]\n|turn|28\n|\n|t:|1699872922\n|move|p2a: Kingambit|Kowtow Cleave|p1a: GOAT\n|-supereffective|p1a: GOAT\n|-damage|p1a: GOAT|31\/100\n|move|p1a: GOAT|Body Press|p2a: Kingambit\n|-supereffective|p2a: Kingambit\n|-damage|p2a: Kingambit|0 fnt\n|faint|p2a: Kingambit\n|-end|p2a: Kingambit|fallen2|[silent]\n|\n|-heal|p1a: GOAT|37\/100|[from] Grassy Terrain\n|-heal|p1a: GOAT|44\/100|[from] item: Leftovers\n|upkeep\n|inactive|Pipobeure has 120 seconds left.\n|\n|t:|1699872935\n|switch|p2a: Walking Wake|Walking Wake|45\/100\n|turn|29\n|inactive|Pipobeure has 120 seconds left.\n|\n|t:|1699872958\n|switch|p1a: Slowking|Slowking-Galar, M|100\/100\n|move|p2a: Walking Wake|Dragon Pulse|p1a: Slowking\n|-crit|p1a: Slowking\n|-damage|p1a: Slowking|30\/100\n|\n|-heal|p2a: Walking Wake|51\/100|[from] Grassy Terrain\n|-heal|p1a: Slowking|36\/100|[from] Grassy Terrain\n|-heal|p1a: Slowking|42\/100|[from] item: Black Sludge\n|upkeep\n|turn|30\n|\n|t:|1699872970\n|move|p2a: Walking Wake|Dragon Pulse|p1a: Slowking\n|-damage|p1a: Slowking|0 fnt\n|faint|p1a: Slowking\n|\n|-heal|p2a: Walking Wake|57\/100|[from] Grassy Terrain\n|-fieldend|move: Grassy Terrain\n|upkeep\n|\n|t:|1699872974\n|switch|p1a: Rillaboom|Rillaboom, M|100\/100\n|-fieldstart|move: Grassy Terrain|[from] ability: Grassy Surge|[of] p1a: Rillaboom\n|turn|31\n|\n|t:|1699872978\n|-end|p2a: Walking Wake|Protosynthesis|[silent]\n|switch|p2a: Dragonite|Dragonite, F|100\/100\n|move|p1a: Rillaboom|U-turn|p2a: Dragonite\n|-resisted|p2a: Dragonite\n|-damage|p2a: Dragonite|92\/100\n|\n|t:|1699872981\n|switch|p1a: GOAT|Garganacl, M, tera:Ghost|44\/100|[from] U-turn\n|\n|-heal|p1a: GOAT|50\/100|[from] Grassy Terrain\n|-heal|p1a: GOAT|56\/100|[from] item: Leftovers\n|upkeep\n|turn|32\n|\n|t:|1699872991\n|switch|p2a: Gholdengo|Gholdengo, tera:Flying|79\/100\n|move|p1a: GOAT|Salt Cure|p2a: Gholdengo\n|-supereffective|p2a: Gholdengo\n|-damage|p2a: Gholdengo|55\/100\n|-start|p2a: Gholdengo|Salt Cure\n|\n|-heal|p1a: GOAT|62\/100|[from] Grassy Terrain\n|-heal|p1a: GOAT|68\/100|[from] item: Leftovers\n|-damage|p2a: Gholdengo|43\/100|[from] Salt Cure\n|upkeep\n|turn|33\n|\n|t:|1699873016\n|move|p2a: Gholdengo|Recover|p2a: Gholdengo\n|-heal|p2a: Gholdengo|93\/100\n|move|p1a: GOAT|Salt Cure|p2a: Gholdengo\n|-supereffective|p2a: Gholdengo\n|-crit|p2a: Gholdengo\n|-damage|p2a: Gholdengo|59\/100\n|\n|-heal|p1a: GOAT|74\/100|[from] Grassy Terrain\n|-heal|p1a: GOAT|81\/100|[from] item: Leftovers\n|-damage|p2a: Gholdengo|47\/100|[from] Salt Cure\n|upkeep\n|turn|34\n|\n|t:|1699873028\n|switch|p1a: Rillaboom|Rillaboom, M|100\/100\n|move|p2a: Gholdengo|Recover|p2a: Gholdengo\n|-heal|p2a: Gholdengo|97\/100\n|\n|-damage|p2a: Gholdengo|84\/100|[from] Salt Cure\n|upkeep\n|turn|35\n|\n|t:|1699873035\n|move|p1a: Rillaboom|Wood Hammer|p2a: Gholdengo\n|-resisted|p2a: Gholdengo\n|-damage|p2a: Gholdengo|30\/100\n|-damage|p1a: Rillaboom|81\/100|[from] Recoil\n|move|p2a: Gholdengo|Make It Rain|p1a: Rillaboom\n|-damage|p1a: Rillaboom|0 fnt\n|-unboost|p2a: Gholdengo|spa|1\n|faint|p1a: Rillaboom\n|\n|-damage|p2a: Gholdengo|18\/100|[from] Salt Cure\n|-fieldend|move: Grassy Terrain\n|upkeep\n|\n|t:|1699873045\n|switch|p1a: GOAT|Garganacl, M, tera:Ghost|81\/100\n|turn|36\n|\n|t:|1699873057\n|switch|p2a: Dragonite|Dragonite, F|92\/100\n|move|p1a: GOAT|Salt Cure|p2a: Dragonite\n|-supereffective|p2a: Dragonite\n|-damage|p2a: Dragonite|64\/100\n|-start|p2a: Dragonite|Salt Cure\n|\n|-heal|p1a: GOAT|87\/100|[from] item: Leftovers\n|-damage|p2a: Dragonite|52\/100|[from] Salt Cure\n|upkeep\n|turn|37\n|\n|t:|1699873083\n|move|p2a: Dragonite|Earthquake|p1a: GOAT\n|-damage|p1a: GOAT|69\/100\n|move|p1a: GOAT|Salt Cure|p2a: Dragonite\n|-supereffective|p2a: Dragonite\n|-damage|p2a: Dragonite|25\/100\n|\n|-heal|p1a: GOAT|76\/100|[from] item: Leftovers\n|-damage|p2a: Dragonite|12\/100|[from] Salt Cure\n|upkeep\n|turn|38\n|\n|t:|1699873094\n|move|p2a: Dragonite|Earthquake|p1a: GOAT\n|-damage|p1a: GOAT|56\/100\n|move|p1a: GOAT|Recover|p1a: GOAT\n|-heal|p1a: GOAT|100\/100\n|\n|-damage|p2a: Dragonite|0 fnt|[from] Salt Cure\n|faint|p2a: Dragonite\n|upkeep\n|\n|t:|1699873106\n|switch|p2a: Gholdengo|Gholdengo, tera:Flying|18\/100\n|turn|39\n|\n|t:|1699873118\n|move|p2a: Gholdengo|Shadow Ball|p1a: GOAT\n|-supereffective|p1a: GOAT\n|-damage|p1a: GOAT|64\/100\n|move|p1a: GOAT|Salt Cure|p2a: Gholdengo\n|-supereffective|p2a: Gholdengo\n|-damage|p2a: Gholdengo|0 fnt\n|faint|p2a: Gholdengo\n|\n|-heal|p1a: GOAT|70\/100|[from] item: Leftovers\n|upkeep\n|\n|t:|1699873125\n|switch|p2a: Walking Wake|Walking Wake|57\/100\n|turn|40\n|\n|t:|1699873128\n|move|p2a: Walking Wake|Draco Meteor|p1a: GOAT|[miss]\n|-miss|p2a: Walking Wake|p1a: GOAT\n|move|p1a: GOAT|Recover|p1a: GOAT\n|-heal|p1a: GOAT|100\/100\n|\n|upkeep\n|turn|41\n|c|\u2606Pipobeure|Fine\n|\n|t:|1699873137\n|move|p2a: Walking Wake|Draco Meteor|p1a: GOAT\n|-damage|p1a: GOAT|23\/100\n|-unboost|p2a: Walking Wake|spa|2\n|move|p1a: GOAT|Recover|p1a: GOAT\n|-heal|p1a: GOAT|73\/100\n|\n|-heal|p1a: GOAT|79\/100|[from] item: Leftovers\n|upkeep\n|turn|42\n|inactive|Pipobeure has 120 seconds left.\n|inactive|Pipobeure has 90 seconds left.\n|inactive|Pipobeure has 60 seconds left.\n|\n|t:|1699873247\n|move|p2a: Walking Wake|Draco Meteor|p1a: GOAT\n|-damage|p1a: GOAT|38\/100\n|-unboost|p2a: Walking Wake|spa|2\n|move|p1a: GOAT|Recover|p1a: GOAT\n|-heal|p1a: GOAT|88\/100\n|\n|-heal|p1a: GOAT|94\/100|[from] item: Leftovers\n|upkeep\n|turn|43\n|\n|t:|1699873257\n|move|p2a: Walking Wake|Draco Meteor|p1a: GOAT|[miss]\n|-miss|p2a: Walking Wake|p1a: GOAT\n|move|p1a: GOAT|Recover|p1a: GOAT\n|-heal|p1a: GOAT|100\/100\n|\n|upkeep\n|turn|44\n|\n|t:|1699873264\n|move|p2a: Walking Wake|Draco Meteor|p1a: GOAT\n|-damage|p1a: GOAT|71\/100\n|-unboost|p2a: Walking Wake|spa|2\n|move|p1a: GOAT|Salt Cure|p2a: Walking Wake\n|-damage|p2a: Walking Wake|43\/100\n|-start|p2a: Walking Wake|Salt Cure\n|\n|-heal|p1a: GOAT|77\/100|[from] item: Leftovers\n|-damage|p2a: Walking Wake|18\/100|[from] Salt Cure\n|upkeep\n|turn|45\n|c|\u2606Pipobeure|You deserve a crit\n|inactive|Pipobeure has 30 seconds left.\n|\n|t:|1699873296\n|move|p2a: Walking Wake|Draco Meteor|p1a: GOAT\n|-damage|p1a: GOAT|54\/100\n|move|p1a: GOAT|Recover|p1a: GOAT\n|-heal|p1a: GOAT|100\/100\n|\n|-damage|p2a: Walking Wake|0 fnt|[from] Salt Cure\n|faint|p2a: Walking Wake\n|-end|p2a: Walking Wake|Protosynthesis|[silent]\n|\n|win|gaypride13\n|upkeep\n|raw|gaypride13's rating: 1537 &rarr; <strong>1553<\/strong><br \/>(+16 for winning)\n|raw|Pipobeure's rating: 1467 &rarr; <strong>1451<\/strong><br \/>(-16 for losing)\n|l|\u2606gaypride13\n","uploadtime":1699873357,"views":23,"p1id":"gaypride13","p2id":"pipobeure","formatid":"gen9ou","rating":1451,"private":0,"password":""}