{"id":"gen9ou-1995343681","p1":"part10jojo","p2":"ziyi1117","format":"[Gen 9] OU","log":"|j|\u2606part10jojo\n|j|\u2606ziyi1117\n|t:|1700557041\n|gametype|singles\n|player|p1|part10jojo|265|1134\n|player|p2|ziyi1117|linebacker|1155\n|teamsize|p1|6\n|teamsize|p2|6\n|gen|9\n|tier|[Gen 9] OU\n|rated|\n|rule|Sleep Clause Mod: Limit one foe put to sleep\n|rule|Species Clause: Limit one of each Pok\u00e9mon\n|rule|OHKO Clause: OHKO moves are banned\n|rule|Evasion Items Clause: Evasion items are banned\n|rule|Evasion Moves Clause: Evasion moves are banned\n|rule|Endless Battle Clause: Forcing endless battles is banned\n|rule|HP Percentage Mod: HP is shown in percentages\n|clearpoke\n|poke|p1|Gholdengo|\n|poke|p1|Samurott-Hisui, M|\n|poke|p1|Dragapult, M|\n|poke|p1|Toxapex, F|\n|poke|p1|Ogerpon-Wellspring, F|\n|poke|p1|Blissey, F|\n|poke|p2|Ninetales-Alola, F|\n|poke|p2|Cetitan, M|\n|poke|p2|Alomomola, F|\n|poke|p2|Clodsire, F|\n|poke|p2|Iron Valiant|\n|poke|p2|Great Tusk|\n|teampreview\n|\n|t:|1700557045\n|start\n|switch|p1a: Toxapex|Toxapex, F|100\/100\n|switch|p2a: Ninetales|Ninetales-Alola, F|100\/100\n|-weather|Snow|[from] ability: Snow Warning|[of] p2a: Ninetales\n|turn|1\n|inactive|Battle timer is ON: inactive players will automatically lose when time's up. (requested by ziyi1117)\n|\n|t:|1700557077\n|switch|p2a: Clodsire|Clodsire, F|100\/100\n|move|p1a: Toxapex|Infestation|p2a: Clodsire\n|-resisted|p2a: Clodsire\n|-damage|p2a: Clodsire|99\/100\n|-activate|p2a: Clodsire|move: Infestation|[of] p1a: Toxapex\n|\n|-weather|Snow|[upkeep]\n|-heal|p2a: Clodsire|100\/100|[from] item: Black Sludge\n|-damage|p2a: Clodsire|88\/100|[from] move: Infestation|[partiallytrapped]\n|upkeep\n|turn|2\n|\n|t:|1700557089\n|move|p1a: Toxapex|Surf|p2a: Clodsire\n|-supereffective|p2a: Clodsire\n|-damage|p2a: Clodsire|55\/100\n|move|p2a: Clodsire|Curse|p2a: Clodsire\n|-unboost|p2a: Clodsire|spe|1\n|-boost|p2a: Clodsire|atk|1\n|-boost|p2a: Clodsire|def|1\n|\n|-weather|Snow|[upkeep]\n|-heal|p2a: Clodsire|61\/100|[from] item: Black Sludge\n|-damage|p2a: Clodsire|49\/100|[from] move: Infestation|[partiallytrapped]\n|upkeep\n|turn|3\n|\n|t:|1700557107\n|switch|p1a: Gholdengo|Gholdengo|100\/100\n|-item|p1a: Gholdengo|Air Balloon\n|move|p2a: Clodsire|Earthquake|p1a: Gholdengo\n|-immune|p1a: Gholdengo\n|\n|-weather|Snow|[upkeep]\n|-heal|p2a: Clodsire|55\/100|[from] item: Black Sludge\n|-end|p2a: Clodsire|Infestation|[partiallytrapped]|[silent]\n|upkeep\n|turn|4\n|\n|t:|1700557124\n|switch|p2a: Alomomola|Alomomola, F|100\/100\n|move|p1a: Gholdengo|Make It Rain|p2a: Alomomola\n|-resisted|p2a: Alomomola\n|-damage|p2a: Alomomola|63\/100\n|-unboost|p1a: Gholdengo|spa|1\n|\n|-weather|Snow|[upkeep]\n|upkeep\n|turn|5\n|\n|t:|1700557142\n|switch|p1a: Toxapex|Toxapex, F|100\/100\n|move|p2a: Alomomola|Wish|p2a: Alomomola\n|\n|-weather|Snow|[upkeep]\n|upkeep\n|turn|6\n|\n|t:|1700557149\n|switch|p2a: Clodsire|Clodsire, F|55\/100\n|move|p1a: Toxapex|Infestation|p2a: Clodsire\n|-resisted|p2a: Clodsire\n|-damage|p2a: Clodsire|54\/100\n|-activate|p2a: Clodsire|move: Infestation|[of] p1a: Toxapex\n|\n|-weather|Snow|[upkeep]\n|-heal|p2a: Clodsire|100\/100|[from] move: Wish|[wisher] Alomomola\n|-damage|p2a: Clodsire|88\/100|[from] move: Infestation|[partiallytrapped]\n|upkeep\n|turn|7\n|\n|t:|1700557161\n|move|p1a: Toxapex|Acid Spray|p2a: Clodsire\n|-resisted|p2a: Clodsire\n|-damage|p2a: Clodsire|86\/100\n|-unboost|p2a: Clodsire|spd|2\n|move|p2a: Clodsire|Earthquake|p1a: Toxapex\n|-supereffective|p1a: Toxapex\n|-damage|p1a: Toxapex|60\/100\n|\n|-weather|Snow|[upkeep]\n|-heal|p2a: Clodsire|93\/100|[from] item: Black Sludge\n|-damage|p2a: Clodsire|80\/100|[from] move: Infestation|[partiallytrapped]\n|upkeep\n|turn|8\n|\n|t:|1700557170\n|move|p1a: Toxapex|Surf|p2a: Clodsire\n|-supereffective|p2a: Clodsire\n|-damage|p2a: Clodsire|16\/100\n|move|p2a: Clodsire|Earthquake|p1a: Toxapex\n|-supereffective|p1a: Toxapex\n|-damage|p1a: Toxapex|14\/100\n|\n|-weather|none\n|-heal|p2a: Clodsire|22\/100|[from] item: Black Sludge\n|-damage|p2a: Clodsire|10\/100|[from] move: Infestation|[partiallytrapped]\n|upkeep\n|turn|9\n|\n|t:|1700557179\n|move|p1a: Toxapex|Surf|p2a: Clodsire\n|-supereffective|p2a: Clodsire\n|-damage|p2a: Clodsire|0 fnt\n|faint|p2a: Clodsire\n|\n|upkeep\n|\n|t:|1700557189\n|switch|p2a: Iron Valiant|Iron Valiant|100\/100\n|turn|10\n|\n|t:|1700557196\n|switch|p1a: Dragapult|Dragapult, M|100\/100\n|move|p2a: Iron Valiant|Knock Off|p1a: Dragapult\n|-supereffective|p1a: Dragapult\n|-damage|p1a: Dragapult|28\/100\n|-enditem|p1a: Dragapult|Choice Specs|[from] move: Knock Off|[of] p2a: Iron Valiant\n|\n|upkeep\n|turn|11\n|\n|t:|1700557211\n|move|p1a: Dragapult|Shadow Ball|p2a: Iron Valiant\n|-damage|p2a: Iron Valiant|18\/100\n|move|p2a: Iron Valiant|Moonblast|p1a: Dragapult\n|-supereffective|p1a: Dragapult\n|-damage|p1a: Dragapult|0 fnt\n|faint|p1a: Dragapult\n|\n|upkeep\n|\n|t:|1700557217\n|switch|p1a: Samurott|Samurott-Hisui, M|100\/100\n|turn|12\n|\n|t:|1700557221\n|move|p1a: Samurott|Aqua Jet|p2a: Iron Valiant\n|-crit|p2a: Iron Valiant\n|-damage|p2a: Iron Valiant|0 fnt\n|faint|p2a: Iron Valiant\n|-end|p2a: Iron Valiant|Quark Drive|[silent]\n|\n|upkeep\n|\n|t:|1700557225\n|switch|p2a: Ninetales|Ninetales-Alola, F|100\/100\n|-weather|Snow|[from] ability: Snow Warning|[of] p2a: Ninetales\n|turn|13\n|\n|t:|1700557232\n|move|p2a: Ninetales|Moonblast|p1a: Samurott\n|-supereffective|p1a: Samurott\n|-damage|p1a: Samurott|28\/100\n|move|p1a: Samurott|Ceaseless Edge|p2a: Ninetales\n|-resisted|p2a: Ninetales\n|-damage|p2a: Ninetales|78\/100\n|-sidestart|p2: ziyi1117|Spikes\n|\n|-weather|Snow|[upkeep]\n|upkeep\n|turn|14\n|\n|t:|1700557238\n|switch|p1a: Toxapex|Toxapex, F|47\/100\n|move|p2a: Ninetales|Moonblast|p1a: Toxapex\n|-resisted|p1a: Toxapex\n|-damage|p1a: Toxapex|38\/100\n|\n|-weather|Snow|[upkeep]\n|upkeep\n|turn|15\n|\n|t:|1700557244\n|switch|p2a: Cetitan|Cetitan, M|100\/100\n|-damage|p2a: Cetitan|88\/100|[from] Spikes\n|move|p1a: Toxapex|Infestation|p2a: Cetitan\n|-damage|p2a: Cetitan|83\/100\n|-activate|p2a: Cetitan|move: Infestation|[of] p1a: Toxapex\n|\n|-weather|Snow|[upkeep]\n|-damage|p2a: Cetitan|70\/100|[from] move: Infestation|[partiallytrapped]\n|upkeep\n|turn|16\n|\n|t:|1700557257\n|-terastallize|p2a: Cetitan|Electric\n|move|p2a: Cetitan|Belly Drum|p2a: Cetitan\n|-damage|p2a: Cetitan|20\/100\n|-setboost|p2a: Cetitan|atk|6|[from] move: Belly Drum\n|-enditem|p2a: Cetitan|Sitrus Berry|[eat]\n|-heal|p2a: Cetitan|45\/100|[from] item: Sitrus Berry\n|move|p1a: Toxapex|Sludge Bomb|p2a: Cetitan\n|-damage|p2a: Cetitan|14\/100\n|-status|p2a: Cetitan|psn\n|\n|-weather|Snow|[upkeep]\n|-damage|p2a: Cetitan|2\/100 psn|[from] psn\n|-damage|p2a: Cetitan|0 fnt|[from] move: Infestation|[partiallytrapped]\n|faint|p2a: Cetitan\n|upkeep\n|\n|t:|1700557272\n|switch|p2a: Great Tusk|Great Tusk|100\/100\n|-damage|p2a: Great Tusk|88\/100|[from] Spikes\n|turn|17\n|\n|t:|1700557278\n|switch|p1a: Gholdengo|Gholdengo|100\/100\n|-item|p1a: Gholdengo|Air Balloon\n|move|p2a: Great Tusk|Headlong Rush|p1a: Gholdengo\n|-immune|p1a: Gholdengo\n|\n|-weather|Snow|[upkeep]\n|upkeep\n|turn|18\n|\n|t:|1700557286\n|move|p1a: Gholdengo|Shadow Ball|p2a: Great Tusk\n|-damage|p2a: Great Tusk|58\/100\n|move|p2a: Great Tusk|Ice Spinner|p1a: Gholdengo\n|-resisted|p1a: Gholdengo\n|-damage|p1a: Gholdengo|84\/100\n|-enditem|p1a: Gholdengo|Air Balloon\n|\n|-weather|Snow|[upkeep]\n|upkeep\n|turn|19\n|\n|t:|1700557290\n|move|p1a: Gholdengo|Shadow Ball|p2a: Great Tusk\n|-damage|p2a: Great Tusk|24\/100\n|move|p2a: Great Tusk|Headlong Rush|p1a: Gholdengo\n|-supereffective|p1a: Gholdengo\n|-damage|p1a: Gholdengo|0 fnt\n|-unboost|p2a: Great Tusk|def|1\n|-unboost|p2a: Great Tusk|spd|1\n|faint|p1a: Gholdengo\n|\n|-weather|Snow|[upkeep]\n|upkeep\n|\n|t:|1700557298\n|switch|p1a: Ogerpon|Ogerpon-Wellspring, F|100\/100\n|turn|20\n|\n|t:|1700557306\n|-end|p2a: Great Tusk|Protosynthesis|[silent]\n|switch|p2a: Alomomola|Alomomola, F|96\/100\n|-damage|p2a: Alomomola|84\/100|[from] Spikes\n|move|p1a: Ogerpon|Horn Leech|p2a: Alomomola\n|-supereffective|p2a: Alomomola\n|-crit|p2a: Alomomola\n|-damage|p2a: Alomomola|14\/100\n|-damage|p1a: Ogerpon|84\/100|[from] item: Rocky Helmet|[of] p2a: Alomomola\n|\n|-weather|none\n|upkeep\n|turn|21\n|\n|t:|1700557316\n|move|p2a: Alomomola|Protect|p2a: Alomomola\n|-singleturn|p2a: Alomomola|Protect\n|move|p1a: Ogerpon|Horn Leech|p2a: Alomomola\n|-activate|p2a: Alomomola|move: Protect\n|\n|upkeep\n|turn|22\n|\n|t:|1700557324\n|move|p1a: Ogerpon|Horn Leech|p2a: Alomomola\n|-supereffective|p2a: Alomomola\n|-damage|p2a: Alomomola|0 fnt\n|-heal|p1a: Ogerpon|96\/100|[from] drain|[of] p2a: Alomomola\n|-damage|p1a: Ogerpon|79\/100|[from] item: Rocky Helmet|[of] p2a: Alomomola\n|faint|p2a: Alomomola\n|\n|upkeep\n|\n|t:|1700557331\n|switch|p2a: Ninetales|Ninetales-Alola, F|78\/100\n|-damage|p2a: Ninetales|65\/100|[from] Spikes\n|-weather|Snow|[from] ability: Snow Warning|[of] p2a: Ninetales\n|turn|23\n|\n|t:|1700557344\n|move|p1a: Ogerpon|Taunt|p2a: Ninetales\n|-start|p2a: Ninetales|move: Taunt\n|cant|p2a: Ninetales|move: Taunt|Aurora Veil\n|\n|-weather|Snow|[upkeep]\n|upkeep\n|turn|24\n|\n|t:|1700557351\n|-terastallize|p1a: Ogerpon|Water\n|detailschange|p1a: Ogerpon|Ogerpon-Wellspring-Tera, F, tera:Water\n|-ability|p1a: Ogerpon|Embody Aspect (Wellspring)|boost\n|-boost|p1a: Ogerpon|spd|1\n|move|p1a: Ogerpon|Ivy Cudgel|p2a: Ninetales|[anim] Ivy Cudgel Water\n|-damage|p2a: Ninetales|0 fnt\n|faint|p2a: Ninetales\n|\n|-weather|Snow|[upkeep]\n|upkeep\n|\n|t:|1700557360\n|switch|p2a: Great Tusk|Great Tusk|24\/100\n|-damage|p2a: Great Tusk|12\/100|[from] Spikes\n|turn|25\n|\n|t:|1700557366\n|move|p1a: Ogerpon|Ivy Cudgel|p2a: Great Tusk|[anim] Ivy Cudgel Water\n|-supereffective|p2a: Great Tusk\n|-damage|p2a: Great Tusk|0 fnt\n|faint|p2a: Great Tusk\n|-end|p2a: Great Tusk|Protosynthesis|[silent]\n|\n|win|part10jojo\n|raw|part10jojo's rating: 1134 &rarr; <strong>1161<\/strong><br \/>(+27 for winning)\n|raw|ziyi1117's rating: 1155 &rarr; <strong>1128<\/strong><br \/>(-27 for losing)\n|l|\u2606part10jojo\n","uploadtime":1700557377,"views":2,"p1id":"part10jojo","p2id":"ziyi1117","formatid":"gen9ou","rating":1128,"private":0,"password":""}