{"id":"gen9ou-1998237183","p1":"endersOverlord","p2":"ArchRaccoon32","format":"[Gen 9] OU","log":"|j|\u2606endersOverlord\n|j|\u2606ArchRaccoon32\n|t:|1700917787\n|gametype|singles\n|player|p1|endersOverlord|colress|\n|player|p2|ArchRaccoon32|102|\n|teamsize|p1|6\n|teamsize|p2|6\n|gen|9\n|tier|[Gen 9] OU\n|rule|Sleep Clause Mod: Limit one foe put to sleep\n|rule|Species Clause: Limit one of each Pok\u00e9mon\n|rule|OHKO Clause: OHKO moves are banned\n|rule|Evasion Items Clause: Evasion items are banned\n|rule|Evasion Moves Clause: Evasion moves are banned\n|rule|Endless Battle Clause: Forcing endless battles is banned\n|rule|HP Percentage Mod: HP is shown in percentages\n|clearpoke\n|poke|p1|Rotom-Wash|\n|poke|p1|Tinkaton, F|\n|poke|p1|Iron Hands|\n|poke|p1|Hydreigon, F|\n|poke|p1|Iron Moth|\n|poke|p1|Ogerpon, F|\n|poke|p2|Ninetales-Alola, F|\n|poke|p2|Abomasnow, F|\n|poke|p2|Mamoswine, M|\n|poke|p2|Frosmoth, M|\n|poke|p2|Sandslash-Alola, M|\n|poke|p2|Cloyster, F|\n|teampreview\n|\n|t:|1700917794\n|start\n|switch|p1a: Cal-Gone|Rotom-Wash, shiny|100\/100\n|switch|p2a: Yuki|Ninetales-Alola, F|100\/100\n|-weather|Snow|[from] ability: Snow Warning|[of] p2a: Yuki\n|turn|1\n|\n|t:|1700917802\n|move|p2a: Yuki|Aurora Veil|p2a: Yuki\n|-sidestart|p2: ArchRaccoon32|move: Aurora Veil\n|move|p1a: Cal-Gone|Electric Terrain|p1a: Cal-Gone\n|-fieldstart|move: Electric Terrain\n|\n|-weather|Snow|[upkeep]\n|upkeep\n|turn|2\n|\n|t:|1700917812\n|move|p2a: Yuki|Freeze-Dry|p1a: Cal-Gone\n|-supereffective|p1a: Cal-Gone\n|-damage|p1a: Cal-Gone|57\/100\n|move|p1a: Cal-Gone|Volt Switch|p2a: Yuki\n|-damage|p2a: Yuki|89\/100\n|\n|t:|1700917828\n|switch|p1a: Ra-Moon|Iron Moth, shiny|100\/100|[from] Volt Switch\n|-activate|p1a: Ra-Moon|ability: Quark Drive\n|-start|p1a: Ra-Moon|quarkdrivespa\n|\n|-weather|Snow|[upkeep]\n|upkeep\n|turn|3\n|\n|t:|1700917838\n|switch|p2a: The Throngler|Mamoswine, M|100\/100\n|move|p1a: Ra-Moon|Fiery Dance|p2a: The Throngler\n|-supereffective|p2a: The Throngler\n|-damage|p2a: The Throngler|40\/100\n|\n|-weather|Snow|[upkeep]\n|upkeep\n|turn|4\n|\n|t:|1700917854\n|move|p1a: Ra-Moon|Fiery Dance|p2a: The Throngler\n|-supereffective|p2a: The Throngler\n|-damage|p2a: The Throngler|0 fnt\n|faint|p2a: The Throngler\n|\n|-weather|Snow|[upkeep]\n|upkeep\n|\n|t:|1700917865\n|switch|p2a: Sonic from Wish|Sandslash-Alola, M, shiny|100\/100\n|turn|5\n|\n|t:|1700917874\n|move|p2a: Sonic from Wish|Earthquake|p1a: Ra-Moon\n|-supereffective|p1a: Ra-Moon\n|-damage|p1a: Ra-Moon|0 fnt\n|faint|p1a: Ra-Moon\n|-end|p1a: Ra-Moon|Quark Drive|[silent]\n|\n|-weather|none\n|upkeep\n|\n|t:|1700917886\n|switch|p1a: Mr. Electric|Iron Hands, shiny|100\/100\n|-activate|p1a: Mr. Electric|ability: Quark Drive\n|-start|p1a: Mr. Electric|quarkdrivedef\n|turn|6\n|\n|t:|1700917898\n|switch|p2a: Evergreen|Abomasnow, F, shiny|100\/100\n|-weather|Snow|[from] ability: Snow Warning|[of] p2a: Evergreen\n|-terastallize|p1a: Mr. Electric|Water\n|move|p1a: Mr. Electric|Close Combat|p2a: Evergreen\n|-supereffective|p2a: Evergreen\n|-damage|p2a: Evergreen|53\/100\n|-unboost|p1a: Mr. Electric|def|1\n|-unboost|p1a: Mr. Electric|spd|1\n|\n|-weather|Snow|[upkeep]\n|upkeep\n|turn|7\n|\n|t:|1700917909\n|move|p2a: Evergreen|Giga Drain|p1a: Mr. Electric\n|-supereffective|p1a: Mr. Electric\n|-crit|p1a: Mr. Electric\n|-damage|p1a: Mr. Electric|0 fnt\n|-heal|p2a: Evergreen|100\/100|[from] drain|[of] p1a: Mr. Electric\n|faint|p1a: Mr. Electric\n|-end|p1a: Mr. Electric|Quark Drive|[silent]\n|\n|-weather|Snow|[upkeep]\n|upkeep\n|\n|t:|1700917919\n|switch|p1a: Doubletap|Tinkaton, F|100\/100\n|-ability|p1a: Doubletap|Mold Breaker\n|turn|8\n|\n|t:|1700917940\n|move|p2a: Evergreen|Earth Power|p1a: Doubletap\n|-supereffective|p1a: Doubletap\n|-damage|p1a: Doubletap|69\/100\n|move|p1a: Doubletap|Gigaton Hammer|p2a: Evergreen\n|-supereffective|p2a: Evergreen\n|-damage|p2a: Evergreen|60\/100\n|\n|-weather|Snow|[upkeep]\n|-heal|p1a: Doubletap|75\/100|[from] item: Leftovers\n|-sideend|p2: ArchRaccoon32|move: Aurora Veil\n|-fieldend|move: Electric Terrain\n|upkeep\n|turn|9\n|\n|t:|1700917950\n|switch|p2a: Yuki|Ninetales-Alola, F|89\/100\n|move|p1a: Doubletap|Thunder Wave|p2a: Yuki\n|-status|p2a: Yuki|par\n|\n|-weather|Snow|[upkeep]\n|-heal|p1a: Doubletap|81\/100|[from] item: Leftovers\n|upkeep\n|turn|10\n|\n|t:|1700917958\n|move|p1a: Doubletap|Knock Off|p2a: Yuki\n|-resisted|p2a: Yuki\n|-damage|p2a: Yuki|81\/100 par\n|-enditem|p2a: Yuki|Light Clay|[from] move: Knock Off|[of] p1a: Doubletap\n|cant|p2a: Yuki|par\n|\n|-weather|none\n|-heal|p1a: Doubletap|87\/100|[from] item: Leftovers\n|upkeep\n|turn|11\n|\n|t:|1700917967\n|move|p1a: Doubletap|Gigaton Hammer|p2a: Yuki\n|-supereffective|p2a: Yuki\n|-damage|p2a: Yuki|0 fnt\n|faint|p2a: Yuki\n|\n|-heal|p1a: Doubletap|94\/100|[from] item: Leftovers\n|upkeep\n|\n|t:|1700917976\n|switch|p2a: The Clussy|Cloyster, F, shiny|100\/100\n|turn|12\n|\n|t:|1700917981\n|move|p2a: The Clussy|Shell Smash|p2a: The Clussy\n|-unboost|p2a: The Clussy|def|1\n|-unboost|p2a: The Clussy|spd|1\n|-boost|p2a: The Clussy|atk|2\n|-boost|p2a: The Clussy|spa|2\n|-boost|p2a: The Clussy|spe|2\n|move|p1a: Doubletap|Thunder Wave|p2a: The Clussy\n|-status|p2a: The Clussy|par\n|\n|-heal|p1a: Doubletap|99\/100|[from] item: Leftovers\n|upkeep\n|turn|13\n|\n|t:|1700917996\n|move|p2a: The Clussy|Shell Smash|p2a: The Clussy\n|-unboost|p2a: The Clussy|def|1\n|-unboost|p2a: The Clussy|spd|1\n|-boost|p2a: The Clussy|atk|2\n|-boost|p2a: The Clussy|spa|2\n|-boost|p2a: The Clussy|spe|2\n|move|p1a: Doubletap|Knock Off|p2a: The Clussy\n|-crit|p2a: The Clussy\n|-damage|p2a: The Clussy|56\/100 par\n|-enditem|p2a: The Clussy|Focus Sash|[from] move: Knock Off|[of] p1a: Doubletap\n|\n|-heal|p1a: Doubletap|100\/100|[from] item: Leftovers\n|upkeep\n|turn|14\n|\n|t:|1700918009\n|move|p2a: The Clussy|Icicle Spear|p1a: Doubletap\n|-resisted|p1a: Doubletap\n|-damage|p1a: Doubletap|80\/100\n|-resisted|p1a: Doubletap\n|-damage|p1a: Doubletap|60\/100\n|-resisted|p1a: Doubletap\n|-damage|p1a: Doubletap|40\/100\n|-resisted|p1a: Doubletap\n|-crit|p1a: Doubletap\n|-damage|p1a: Doubletap|8\/100\n|-resisted|p1a: Doubletap\n|-damage|p1a: Doubletap|0 fnt\n|faint|p1a: Doubletap\n|-hitcount|p1: Doubletap|5\n|\n|upkeep\n|\n|t:|1700918022\n|switch|p1a: Harmonia|Hydreigon, F|100\/100\n|turn|15\n|\n|t:|1700918030\n|move|p2a: The Clussy|Icicle Spear|p1a: Harmonia\n|-supereffective|p1a: Harmonia\n|-damage|p1a: Harmonia|14\/100\n|-supereffective|p1a: Harmonia\n|-damage|p1a: Harmonia|0 fnt\n|faint|p1a: Harmonia\n|-hitcount|p1: Harmonia|2\n|\n|upkeep\n|\n|t:|1700918036\n|switch|p1a: Cal-Gone|Rotom-Wash, shiny|57\/100\n|turn|16\n|\n|t:|1700918041\n|cant|p2a: The Clussy|par\n|move|p1a: Cal-Gone|Discharge|p2a: The Clussy\n|-supereffective|p2a: The Clussy\n|-damage|p2a: The Clussy|0 fnt\n|faint|p2a: The Clussy\n|\n|upkeep\n|\n|t:|1700918050\n|switch|p2a: Evergreen|Abomasnow, F, shiny|60\/100\n|-weather|Snow|[from] ability: Snow Warning|[of] p2a: Evergreen\n|turn|17\n|\n|t:|1700918058\n|move|p2a: Evergreen|Giga Drain|p1a: Cal-Gone\n|-supereffective|p1a: Cal-Gone\n|-damage|p1a: Cal-Gone|0 fnt\n|-heal|p2a: Evergreen|87\/100|[from] drain|[of] p1a: Cal-Gone\n|faint|p1a: Cal-Gone\n|\n|-weather|Snow|[upkeep]\n|upkeep\n|-message|endersOverlord forfeited.\n|\n|win|ArchRaccoon32\n","uploadtime":1700918074,"views":1,"p1id":"endersoverlord","p2id":"archraccoon32","formatid":"gen9ou","rating":0,"private":0,"password":""}