{"id":"gen9ou-1994066252","p1":"xiselo157","p2":"GabiruDelicia","format":"[Gen 9] OU","log":"|j|\u2606xiselo157\n|j|\u2606GabiruDelicia\n|t:|1700402360\n|gametype|singles\n|player|p1|xiselo157|parasollady|\n|player|p2|GabiruDelicia|iris|\n|teamsize|p1|6\n|teamsize|p2|6\n|gen|9\n|tier|[Gen 9] OU\n|rule|Sleep Clause Mod: Limit one foe put to sleep\n|rule|Species Clause: Limit one of each Pok\u00e9mon\n|rule|OHKO Clause: OHKO moves are banned\n|rule|Evasion Items Clause: Evasion items are banned\n|rule|Evasion Moves Clause: Evasion moves are banned\n|rule|Endless Battle Clause: Forcing endless battles is banned\n|rule|HP Percentage Mod: HP is shown in percentages\n|clearpoke\n|poke|p1|Cinderace, M|\n|poke|p1|Slowking-Galar, F|\n|poke|p1|Inteleon, M|\n|poke|p1|Great Tusk|\n|poke|p1|Amoonguss, M|\n|poke|p1|Kingambit, M|\n|poke|p2|Zamazenta-*|\n|poke|p2|Gholdengo|\n|poke|p2|Samurott-Hisui, M|\n|poke|p2|Enamorus, F|\n|poke|p2|Zapdos|\n|poke|p2|Great Tusk|\n|teampreview\n|inactive|Battle timer is ON: inactive players will automatically lose when time's up. (requested by GabiruDelicia)\n|\n|t:|1700402377\n|start\n|switch|p1a: Amoonguss|Amoonguss, M|100\/100\n|switch|p2a: Samurott|Samurott-Hisui, M|100\/100\n|turn|1\n|\n|t:|1700402382\n|switch|p2a: Gholdengo|Gholdengo|100\/100\n|move|p1a: Amoonguss|Giga Drain|p2a: Gholdengo\n|-resisted|p2a: Gholdengo\n|-damage|p2a: Gholdengo|89\/100\n|\n|upkeep\n|turn|2\n|\n|t:|1700402388\n|switch|p1a: Kingambit|Kingambit, M|100\/100\n|move|p2a: Gholdengo|Shadow Ball|p1a: Kingambit\n|-resisted|p1a: Kingambit\n|-damage|p1a: Kingambit|72\/100\n|-unboost|p1a: Kingambit|spd|1\n|\n|upkeep\n|turn|3\n|\n|t:|1700402399\n|switch|p2a: Great Tusk|Great Tusk|100\/100\n|-end|p1a: Kingambit|fallenundefined|[silent]\n|switch|p1a: Inteleon|Inteleon, M|100\/100\n|\n|upkeep\n|turn|4\n|\n|t:|1700402416\n|-end|p2a: Great Tusk|Protosynthesis|[silent]\n|switch|p2a: Samurott|Samurott-Hisui, M|100\/100\n|move|p1a: Inteleon|Scald|p2a: Samurott\n|-resisted|p2a: Samurott\n|-damage|p2a: Samurott|56\/100\n|\n|upkeep\n|turn|5\n|\n|t:|1700402423\n|move|p1a: Inteleon|Scald|p2a: Samurott\n|-resisted|p2a: Samurott\n|-damage|p2a: Samurott|12\/100\n|move|p2a: Samurott|Ceaseless Edge|p1a: Inteleon\n|-damage|p1a: Inteleon|30\/100\n|-sidestart|p1: xiselo157|Spikes\n|\n|upkeep\n|turn|6\n|\n|t:|1700402436\n|move|p2a: Samurott|Aqua Jet|p1a: Inteleon\n|-resisted|p1a: Inteleon\n|-damage|p1a: Inteleon|14\/100\n|move|p1a: Inteleon|Scald|p2a: Samurott\n|-resisted|p2a: Samurott\n|-damage|p2a: Samurott|0 fnt\n|faint|p2a: Samurott\n|\n|upkeep\n|\n|t:|1700402440\n|switch|p2a: Zamazenta|Zamazenta|100\/100\n|-ability|p2a: Zamazenta|Dauntless Shield|boost\n|-boost|p2a: Zamazenta|def|1\n|turn|7\n|\n|t:|1700402450\n|switch|p1a: Amoonguss|Amoonguss, M|100\/100\n|-damage|p1a: Amoonguss|88\/100|[from] Spikes\n|move|p2a: Zamazenta|Crunch|p1a: Amoonguss\n|-damage|p1a: Amoonguss|59\/100\n|-enditem|p1a: Amoonguss|Red Card|[of] p2a: Zamazenta\n|drag|p2a: Great Tusk|Great Tusk|100\/100\n|\n|upkeep\n|turn|8\n|\n|t:|1700402458\n|-end|p2a: Great Tusk|Protosynthesis|[silent]\n|switch|p2a: Gholdengo|Gholdengo|89\/100\n|move|p1a: Amoonguss|Spore|p2a: Gholdengo\n|-immune|p2a: Gholdengo|[from] ability: Good as Gold\n|\n|upkeep\n|turn|9\n|\n|t:|1700402467\n|switch|p1a: Great Tusk|Great Tusk|100\/100\n|-damage|p1a: Great Tusk|88\/100|[from] Spikes\n|move|p2a: Gholdengo|Shadow Ball|p1a: Great Tusk\n|-damage|p1a: Great Tusk|31\/100\n|-unboost|p1a: Great Tusk|spd|1\n|\n|-heal|p1a: Great Tusk|37\/100|[from] item: Leftovers\n|upkeep\n|turn|10\n|\n|t:|1700402475\n|switch|p2a: Zamazenta|Zamazenta|100\/100\n|move|p1a: Great Tusk|Earthquake|p2a: Zamazenta\n|-damage|p2a: Zamazenta|57\/100\n|\n|-heal|p1a: Great Tusk|43\/100|[from] item: Leftovers\n|upkeep\n|turn|11\n|\n|t:|1700402485\n|move|p2a: Zamazenta|Close Combat|p1a: Great Tusk\n|-damage|p1a: Great Tusk|4\/100\n|-unboost|p2a: Zamazenta|def|1\n|-unboost|p2a: Zamazenta|spd|1\n|move|p1a: Great Tusk|Earthquake|p2a: Zamazenta\n|-damage|p2a: Zamazenta|0 fnt\n|faint|p2a: Zamazenta\n|\n|-heal|p1a: Great Tusk|10\/100|[from] item: Leftovers\n|upkeep\n|c|\u2606GabiruDelicia|Meu gordo\n|\n|t:|1700402499\n|switch|p2a: Enamorus|Enamorus, F|100\/100\n|turn|12\n|c|\u2606xiselo157|mds, nao defoguei\n|\n|t:|1700402512\n|move|p2a: Enamorus|Earth Power|p1a: Great Tusk\n|-damage|p1a: Great Tusk|0 fnt\n|faint|p1a: Great Tusk\n|-end|p1a: Great Tusk|Protosynthesis|[silent]\n|\n|upkeep\n|\n|t:|1700402514\n|switch|p1a: Inteleon|Inteleon, M|14\/100\n|-damage|p1a: Inteleon|2\/100|[from] Spikes\n|turn|13\n|\n|t:|1700402521\n|move|p1a: Inteleon|Scald|p2a: Enamorus\n|-damage|p2a: Enamorus|16\/100\n|-status|p2a: Enamorus|brn\n|move|p2a: Enamorus|Earth Power|p1a: Inteleon\n|-damage|p1a: Inteleon|0 fnt\n|faint|p1a: Inteleon\n|\n|-damage|p2a: Enamorus|10\/100 brn|[from] brn\n|upkeep\n|c|\u2606GabiruDelicia|Vdd\n|\n|t:|1700402532\n|switch|p1a: Cinderace|Cinderace, M|100\/100\n|turn|14\n|\n|t:|1700402537\n|move|p1a: Cinderace|Pyro Ball|p2a: Enamorus\n|-damage|p2a: Enamorus|0 fnt\n|faint|p2a: Enamorus\n|\n|upkeep\n|\n|t:|1700402540\n|switch|p2a: Great Tusk|Great Tusk|100\/100\n|turn|15\n|\n|t:|1700402554\n|move|p1a: Cinderace|U-turn|p2a: Great Tusk\n|-start|p1a: Cinderace|typechange|Bug|[from] ability: Libero\n|-resisted|p2a: Great Tusk\n|-damage|p2a: Great Tusk|88\/100\n|\n|t:|1700402561\n|switch|p1a: Amoonguss|Amoonguss, M|92\/100|[from] U-turn\n|-damage|p1a: Amoonguss|80\/100|[from] Spikes\n|move|p2a: Great Tusk|Rapid Spin|p1a: Amoonguss\n|-damage|p1a: Amoonguss|67\/100\n|-boost|p2a: Great Tusk|spe|1\n|\n|upkeep\n|turn|16\n|c|\u2606GabiruDelicia|The best u turn\n|\n|t:|1700402569\n|-end|p2a: Great Tusk|Protosynthesis|[silent]\n|switch|p2a: Gholdengo|Gholdengo|89\/100\n|switch|p1a: Cinderace|Cinderace, M|100\/100\n|\n|upkeep\n|turn|17\n|\n|t:|1700402577\n|switch|p2a: Zapdos|Zapdos|100\/100\n|move|p1a: Cinderace|Court Change|p1a: Cinderace\n|-start|p1a: Cinderace|typechange|Normal|[from] ability: Libero\n|-swapsideconditions\n|-activate|p1a: Cinderace|move: Court Change\n|\n|upkeep\n|turn|18\n|\n|t:|1700402585\n|move|p1a: Cinderace|U-turn|p2a: Zapdos\n|-resisted|p2a: Zapdos\n|-damage|p2a: Zapdos|90\/100\n|-status|p1a: Cinderace|par|[from] ability: Static|[of] p2a: Zapdos\n|\n|t:|1700402591\n|switch|p1a: Slowking|Slowking-Galar, F|100\/100|[from] U-turn\n|move|p2a: Zapdos|Thunderbolt|p1a: Slowking\n|-damage|p1a: Slowking|59\/100\n|\n|upkeep\n|turn|19\n|\n|t:|1700402596\n|move|p2a: Zapdos|Volt Switch|p1a: Slowking\n|-damage|p1a: Slowking|29\/100\n|\n|t:|1700402599\n|switch|p2a: Gholdengo|Gholdengo|89\/100|[from] Volt Switch\n|-damage|p2a: Gholdengo|77\/100|[from] Spikes\n|move|p1a: Slowking|Future Sight|p2a: Gholdengo\n|-start|p1a: Slowking|move: Future Sight\n|\n|upkeep\n|turn|20\n|\n|t:|1700402606\n|switch|p1a: Kingambit|Kingambit, M|72\/100\n|-activate|p1a: Kingambit|ability: Supreme Overlord\n|-start|p1a: Kingambit|fallen2|[silent]\n|move|p2a: Gholdengo|Recover|p2a: Gholdengo\n|-heal|p2a: Gholdengo|100\/100\n|\n|upkeep\n|turn|21\n|\n|t:|1700402622\n|-end|p1a: Kingambit|fallen2|[silent]\n|switch|p1a: Cinderace|Cinderace, M|100\/100 par\n|move|p2a: Gholdengo|Shadow Ball|p1a: Cinderace\n|-damage|p1a: Cinderace|32\/100 par\n|\n|-end|p2a: Gholdengo|move: Future Sight\n|-resisted|p2a: Gholdengo\n|-damage|p2a: Gholdengo|71\/100\n|upkeep\n|turn|22\n|c|\u2606xiselo157|NAOAOAOAO\n|c|\u2606xiselo157|eu cai no meu proprio future\n|c|\u2606xiselo157|mda\n|\n|t:|1700402641\n|move|p2a: Gholdengo|Shadow Ball|p1a: Cinderace\n|-damage|p1a: Cinderace|0 fnt\n|faint|p1a: Cinderace\n|\n|upkeep\n|\n|t:|1700402643\n|switch|p1a: Kingambit|Kingambit, M|72\/100\n|-activate|p1a: Kingambit|ability: Supreme Overlord\n|-start|p1a: Kingambit|fallen3|[silent]\n|turn|23\n|\n|t:|1700402653\n|move|p2a: Gholdengo|Shadow Ball|p1a: Kingambit\n|-resisted|p1a: Kingambit\n|-damage|p1a: Kingambit|43\/100\n|move|p1a: Kingambit|Swords Dance|p1a: Kingambit\n|-boost|p1a: Kingambit|atk|2\n|\n|upkeep\n|turn|24\n|\n|t:|1700402662\n|-terastallize|p1a: Kingambit|Dark\n|move|p2a: Gholdengo|Shadow Ball|p1a: Kingambit\n|-resisted|p1a: Kingambit\n|-damage|p1a: Kingambit|18\/100\n|move|p1a: Kingambit|Swords Dance|p1a: Kingambit\n|-boost|p1a: Kingambit|atk|2\n|\n|upkeep\n|turn|25\n|\n|t:|1700402669\n|move|p1a: Kingambit|Sucker Punch|p2a: Gholdengo\n|-supereffective|p2a: Gholdengo\n|-damage|p2a: Gholdengo|0 fnt\n|faint|p2a: Gholdengo\n|\n|upkeep\n|\n|t:|1700402671\n|switch|p2a: Great Tusk|Great Tusk|88\/100\n|turn|26\n|\n|t:|1700402675\n|move|p1a: Kingambit|Sucker Punch|p2a: Great Tusk\n|-resisted|p2a: Great Tusk\n|-damage|p2a: Great Tusk|11\/100\n|move|p2a: Great Tusk|Earthquake|p1a: Kingambit\n|-crit|p1a: Kingambit\n|-damage|p1a: Kingambit|0 fnt\n|faint|p1a: Kingambit\n|-end|p1a: Kingambit|fallen3|[silent]\n|\n|upkeep\n|\n|t:|1700402683\n|switch|p1a: Amoonguss|Amoonguss, M|99\/100\n|turn|27\n|\n|t:|1700402691\n|move|p2a: Great Tusk|Earthquake|p1a: Amoonguss\n|-damage|p1a: Amoonguss|58\/100\n|move|p1a: Amoonguss|Giga Drain|p2a: Great Tusk\n|-supereffective|p2a: Great Tusk\n|-damage|p2a: Great Tusk|0 fnt\n|-heal|p1a: Amoonguss|63\/100|[from] drain|[of] p2a: Great Tusk\n|faint|p2a: Great Tusk\n|-end|p2a: Great Tusk|Protosynthesis|[silent]\n|\n|upkeep\n|\n|t:|1700402694\n|switch|p2a: Zapdos|Zapdos|90\/100\n|turn|28\n|\n|t:|1700402702\n|move|p2a: Zapdos|Hurricane|p1a: Amoonguss\n|-supereffective|p1a: Amoonguss\n|-damage|p1a: Amoonguss|0 fnt\n|faint|p1a: Amoonguss\n|\n|upkeep\n|\n|t:|1700402704\n|switch|p1a: Slowking|Slowking-Galar, F|63\/100\n|turn|29\n|c|\u2606GabiruDelicia|Se errar sou gay\n|c|\u2606GabiruDelicia|Sou nunk\n|\n|t:|1700402710\n|move|p2a: Zapdos|Thunderbolt|p1a: Slowking\n|-damage|p1a: Slowking|26\/100\n|move|p1a: Slowking|Sludge Bomb|p2a: Zapdos\n|-damage|p2a: Zapdos|45\/100\n|\n|upkeep\n|turn|30\n|\n|t:|1700402718\n|move|p2a: Zapdos|Thunderbolt|p1a: Slowking\n|-damage|p1a: Slowking|0 fnt\n|faint|p1a: Slowking\n|\n|win|GabiruDelicia\n","uploadtime":1700402722,"views":5,"p1id":"xiselo157","p2id":"gabirudelicia","formatid":"gen9ou","rating":0,"private":0,"password":""}