{"id":"gen9ou-1995370857","p1":"AlephTheGreat","p2":"gjvugxhhvgh","format":"[Gen 9] OU","log":"|j|\u2606AlephTheGreat\n|j|\u2606gjvugxhhvgh\n|t:|1700561396\n|gametype|singles\n|player|p1|AlephTheGreat|102|1078\n|player|p2|gjvugxhhvgh|dawn|1041\n|teamsize|p1|6\n|teamsize|p2|6\n|gen|9\n|tier|[Gen 9] OU\n|rated|\n|rule|Sleep Clause Mod: Limit one foe put to sleep\n|rule|Species Clause: Limit one of each Pok\u00e9mon\n|rule|OHKO Clause: OHKO moves are banned\n|rule|Evasion Items Clause: Evasion items are banned\n|rule|Evasion Moves Clause: Evasion moves are banned\n|rule|Endless Battle Clause: Forcing endless battles is banned\n|rule|HP Percentage Mod: HP is shown in percentages\n|clearpoke\n|poke|p1|Alomomola, F|\n|poke|p1|Great Tusk|\n|poke|p1|Cinderace, F|\n|poke|p1|Kingambit, F|\n|poke|p1|Slowking-Galar, F|\n|poke|p1|Thundurus-Therian, M|\n|poke|p2|Ting-Lu|\n|poke|p2|Hydreigon, F|\n|poke|p2|Landorus-Therian, M|\n|poke|p2|Corviknight, M|\n|poke|p2|Blissey, F|\n|poke|p2|Mienshao, F|\n|teampreview\n|inactive|Battle timer is ON: inactive players will automatically lose when time's up. (requested by AlephTheGreat)\n|inactive|AlephTheGreat has 120 seconds left.\n|\n|t:|1700561430\n|start\n|switch|p1a: Garbage name|Great Tusk|100\/100\n|switch|p2a: Ting-Lu|Ting-Lu|100\/100\n|-ability|p2a: Ting-Lu|Vessel of Ruin\n|turn|1\n|\n|t:|1700561445\n|move|p1a: Garbage name|Ice Spinner|p2a: Ting-Lu\n|-supereffective|p2a: Ting-Lu\n|-damage|p2a: Ting-Lu|73\/100\n|move|p2a: Ting-Lu|Stealth Rock|p1a: Garbage name\n|-sidestart|p1: AlephTheGreat|move: Stealth Rock\n|\n|-heal|p2a: Ting-Lu|79\/100|[from] item: Leftovers\n|upkeep\n|turn|2\n|\n|t:|1700561455\n|move|p1a: Garbage name|Rapid Spin|p2a: Ting-Lu\n|-damage|p2a: Ting-Lu|72\/100\n|-boost|p1a: Garbage name|spe|1\n|-sideend|p1: AlephTheGreat|Stealth Rock|[from] move: Rapid Spin|[of] p1a: Garbage name\n|move|p2a: Ting-Lu|Spikes|p1a: Garbage name\n|-sidestart|p1: AlephTheGreat|Spikes\n|\n|-heal|p2a: Ting-Lu|78\/100|[from] item: Leftovers\n|upkeep\n|turn|3\n|\n|t:|1700561480\n|-end|p1a: Garbage name|Protosynthesis|[silent]\n|switch|p1a: Sad sad sad|Alomomola, F, shiny|100\/100\n|-damage|p1a: Sad sad sad|88\/100|[from] Spikes\n|switch|p2a: Mienshao|Mienshao, F|100\/100\n|\n|upkeep\n|turn|4\n|\n|t:|1700561493\n|move|p2a: Mienshao|Trailblaze|p1a: Sad sad sad\n|-supereffective|p1a: Sad sad sad\n|-crit|p1a: Sad sad sad\n|-damage|p1a: Sad sad sad|48\/100\n|-boost|p2a: Mienshao|spe|1\n|-enditem|p1a: Sad sad sad|Red Card|[of] p2a: Mienshao\n|drag|p2a: Corviknight|Corviknight, M, shiny|100\/100\n|move|p1a: Sad sad sad|Flip Turn|p2a: Corviknight\n|-damage|p2a: Corviknight|88\/100\n|inactive|AlephTheGreat has 120 seconds left.\n|\n|t:|1700561508\n|switch|p1a: Cringe starter|Cinderace, F, shiny|100\/100|[from] Flip Turn\n|\n|-heal|p2a: Corviknight|94\/100|[from] item: Leftovers\n|upkeep\n|turn|5\n|\n|t:|1700561521\n|switch|p2a: Ting-Lu|Ting-Lu|78\/100\n|-ability|p2a: Ting-Lu|Vessel of Ruin\n|move|p1a: Cringe starter|Pyro Ball|p2a: Ting-Lu\n|-damage|p2a: Ting-Lu|53\/100\n|-status|p2a: Ting-Lu|brn\n|\n|-heal|p2a: Ting-Lu|59\/100 brn|[from] item: Leftovers\n|-damage|p2a: Ting-Lu|53\/100 brn|[from] brn\n|upkeep\n|turn|6\n|\n|t:|1700561536\n|move|p1a: Cringe starter|U-turn|p2a: Ting-Lu\n|-start|p1a: Cringe starter|typechange|Bug|[from] ability: Libero\n|-supereffective|p2a: Ting-Lu\n|-damage|p2a: Ting-Lu|22\/100 brn\n|\n|t:|1700561544\n|switch|p1a: Angry bird|Thundurus-Therian, M|100\/100|[from] U-turn\n|move|p2a: Ting-Lu|Stealth Rock|p1a: Angry bird\n|-sidestart|p1: AlephTheGreat|move: Stealth Rock\n|\n|-heal|p2a: Ting-Lu|28\/100 brn|[from] item: Leftovers\n|-damage|p2a: Ting-Lu|22\/100 brn|[from] brn\n|upkeep\n|turn|7\n|inactive|AlephTheGreat has 120 seconds left.\n|\n|t:|1700561566\n|-terastallize|p1a: Angry bird|Flying\n|move|p1a: Angry bird|Tera Blast|p2a: Ting-Lu|[anim] Tera Blast Flying\n|-damage|p2a: Ting-Lu|0 fnt\n|faint|p2a: Ting-Lu\n|\n|upkeep\n|\n|t:|1700561585\n|switch|p2a: Landorus|Landorus-Therian, M|100\/100\n|-ability|p2a: Landorus|Intimidate|boost\n|-unboost|p1a: Angry bird|atk|1\n|turn|8\n|inactive|AlephTheGreat has 120 seconds left.\n|\n|t:|1700561596\n|move|p1a: Angry bird|Tera Blast|p2a: Landorus|[anim] Tera Blast Flying\n|-damage|p2a: Landorus|0 fnt\n|faint|p2a: Landorus\n|\n|upkeep\n|inactive|gjvugxhhvgh has 120 seconds left.\n|\n|t:|1700561618\n|switch|p2a: Hydreigon|Hydreigon, F, shiny|100\/100\n|turn|9\n|\n|t:|1700561624\n|-terastallize|p2a: Hydreigon|Steel\n|move|p2a: Hydreigon|Flash Cannon|p1a: Angry bird\n|-damage|p1a: Angry bird|36\/100\n|-unboost|p1a: Angry bird|spd|1\n|move|p1a: Angry bird|Tera Blast|p2a: Hydreigon|[anim] Tera Blast Flying\n|-resisted|p2a: Hydreigon\n|-damage|p2a: Hydreigon|48\/100\n|\n|upkeep\n|turn|10\n|inactive|AlephTheGreat has 120 seconds left.\n|\n|t:|1700561647\n|move|p2a: Hydreigon|Flash Cannon|p1a: Angry bird\n|-damage|p1a: Angry bird|0 fnt\n|faint|p1a: Angry bird\n|\n|upkeep\n|inactive|AlephTheGreat has 120 seconds left.\n|\n|t:|1700561666\n|switch|p1a: Cringe starter|Cinderace, F, shiny|100\/100\n|turn|11\n|\n|t:|1700561682\n|switch|p2a: Mienshao|Mienshao, F|100\/100\n|move|p1a: Cringe starter|Pyro Ball|p2a: Mienshao\n|-damage|p2a: Mienshao|0 fnt\n|faint|p2a: Mienshao\n|\n|upkeep\n|\n|t:|1700561691\n|switch|p2a: Blissey|Blissey, F|100\/100\n|turn|12\n|\n|t:|1700561699\n|move|p1a: Cringe starter|Pyro Ball|p2a: Blissey|[miss]\n|-miss|p1a: Cringe starter|p2a: Blissey\n|move|p2a: Blissey|Seismic Toss|p1a: Cringe starter\n|-damage|p1a: Cringe starter|67\/100\n|\n|upkeep\n|turn|13\n|\n|t:|1700561707\n|move|p1a: Cringe starter|U-turn|p2a: Blissey\n|-start|p1a: Cringe starter|typechange|Bug|[from] ability: Libero\n|-damage|p2a: Blissey|38\/100\n|inactive|AlephTheGreat has 120 seconds left.\n|\n|t:|1700561722\n|switch|p1a: Garbage name|Great Tusk|100\/100|[from] U-turn\n|-damage|p1a: Garbage name|88\/100|[from] Spikes\n|-damage|p1a: Garbage name|85\/100|[from] Stealth Rock\n|move|p2a: Blissey|Trick|p1a: Garbage name\n|-activate|p2a: Blissey|move: Trick|[of] p1a: Garbage name\n|-item|p1a: Garbage name|Eviolite|[from] move: Trick\n|-item|p2a: Blissey|Rocky Helmet|[from] move: Trick\n|\n|upkeep\n|turn|14\n|inactive|AlephTheGreat has 120 seconds left.\n|\n|t:|1700561740\n|move|p1a: Garbage name|Rapid Spin|p2a: Blissey\n|-crit|p2a: Blissey\n|-damage|p2a: Blissey|0 fnt\n|-boost|p1a: Garbage name|spe|1\n|-damage|p1a: Garbage name|69\/100|[from] item: Rocky Helmet|[of] p2a: Blissey\n|-sideend|p1: AlephTheGreat|Spikes|[from] move: Rapid Spin|[of] p1a: Garbage name\n|-sideend|p1: AlephTheGreat|Stealth Rock|[from] move: Rapid Spin|[of] p1a: Garbage name\n|faint|p2a: Blissey\n|\n|upkeep\n|\n|t:|1700561748\n|switch|p2a: Hydreigon|Hydreigon, F, shiny, tera:Steel|48\/100\n|turn|15\n|inactive|AlephTheGreat has 120 seconds left.\n|\n|t:|1700561763\n|move|p1a: Garbage name|Ice Spinner|p2a: Hydreigon\n|-resisted|p2a: Hydreigon\n|-damage|p2a: Hydreigon|32\/100\n|move|p2a: Hydreigon|Hydro Pump|p1a: Garbage name\n|-supereffective|p1a: Garbage name\n|-damage|p1a: Garbage name|0 fnt\n|faint|p1a: Garbage name\n|-end|p1a: Garbage name|Protosynthesis|[silent]\n|\n|upkeep\n|\n|t:|1700561785\n|switch|p1a: Actually cool|Kingambit, F, shiny|100\/100\n|-activate|p1a: Actually cool|ability: Supreme Overlord\n|-start|p1a: Actually cool|fallen2|[silent]\n|turn|16\n|\n|t:|1700561793\n|switch|p2a: Corviknight|Corviknight, M, shiny|94\/100\n|move|p1a: Actually cool|Sucker Punch||[still]\n|-fail|p1a: Actually cool\n|\n|-heal|p2a: Corviknight|99\/100|[from] item: Leftovers\n|upkeep\n|turn|17\n|\n|t:|1700561803\n|move|p2a: Corviknight|Brave Bird|p1a: Actually cool\n|-resisted|p1a: Actually cool\n|-damage|p1a: Actually cool|82\/100\n|-damage|p2a: Corviknight|94\/100|[from] Recoil\n|move|p1a: Actually cool|Swords Dance|p1a: Actually cool\n|-boost|p1a: Actually cool|atk|2\n|\n|-heal|p2a: Corviknight|100\/100|[from] item: Leftovers\n|-heal|p1a: Actually cool|89\/100|[from] item: Leftovers\n|upkeep\n|turn|18\n|inactive|AlephTheGreat has 120 seconds left.\n|\n|t:|1700561816\n|move|p2a: Corviknight|Tailwind|p2a: Corviknight\n|-sidestart|p2: gjvugxhhvgh|move: Tailwind\n|move|p1a: Actually cool|Swords Dance|p1a: Actually cool\n|-boost|p1a: Actually cool|atk|2\n|\n|-heal|p1a: Actually cool|95\/100|[from] item: Leftovers\n|upkeep\n|turn|19\n|inactive|AlephTheGreat has 120 seconds left.\n|\n|t:|1700561826\n|move|p2a: Corviknight|Brave Bird|p1a: Actually cool\n|-resisted|p1a: Actually cool\n|-damage|p1a: Actually cool|77\/100\n|-damage|p2a: Corviknight|94\/100|[from] Recoil\n|move|p1a: Actually cool|Swords Dance|p1a: Actually cool\n|-boost|p1a: Actually cool|atk|2\n|\n|-heal|p2a: Corviknight|100\/100|[from] item: Leftovers\n|-heal|p1a: Actually cool|83\/100|[from] item: Leftovers\n|upkeep\n|turn|20\n|inactive|AlephTheGreat has 120 seconds left.\n|\n|t:|1700561837\n|move|p2a: Corviknight|Brave Bird|p1a: Actually cool\n|-resisted|p1a: Actually cool\n|-damage|p1a: Actually cool|62\/100\n|-damage|p2a: Corviknight|94\/100|[from] Recoil\n|move|p1a: Actually cool|Kowtow Cleave|p2a: Corviknight\n|-damage|p2a: Corviknight|0 fnt\n|faint|p2a: Corviknight\n|\n|-heal|p1a: Actually cool|68\/100|[from] item: Leftovers\n|upkeep\n|\n|t:|1700561849\n|switch|p2a: Hydreigon|Hydreigon, F, shiny, tera:Steel|32\/100\n|turn|21\n|\n|t:|1700561860\n|move|p1a: Actually cool|Sucker Punch|p2a: Hydreigon\n|-damage|p2a: Hydreigon|0 fnt\n|faint|p2a: Hydreigon\n|\n|win|AlephTheGreat\n|raw|AlephTheGreat's rating: 1078 &rarr; <strong>1103<\/strong><br \/>(+25 for winning)\n|raw|gjvugxhhvgh's rating: 1041 &rarr; <strong>1027<\/strong><br \/>(-14 for losing)\n|l|\u2606gjvugxhhvgh\n","uploadtime":1700562257,"views":11,"p1id":"alephthegreat","p2id":"gjvugxhhvgh","formatid":"gen9ou","rating":1027,"private":0,"password":""}