{"id":"gen9ou-1990914644","p1":"KOTONOHOUSE","p2":"Bruh Wobuffet","format":"[Gen 9] OU","log":"|j|\u2606KOTONOHOUSE\n|j|\u2606Bruh Wobuffet\n|t:|1700014604\n|gametype|singles\n|player|p1|KOTONOHOUSE|unknown|1407\n|player|p2|Bruh Wobuffet|leon|1461\n|teamsize|p1|6\n|teamsize|p2|6\n|gen|9\n|tier|[Gen 9] OU\n|rated|\n|rule|Sleep Clause Mod: Limit one foe put to sleep\n|rule|Species Clause: Limit one of each Pok\u00e9mon\n|rule|OHKO Clause: OHKO moves are banned\n|rule|Evasion Items Clause: Evasion items are banned\n|rule|Evasion Moves Clause: Evasion moves are banned\n|rule|Endless Battle Clause: Forcing endless battles is banned\n|rule|HP Percentage Mod: HP is shown in percentages\n|clearpoke\n|poke|p1|Garchomp, M|\n|poke|p1|Ogerpon-Wellspring, F|\n|poke|p1|Arcanine-Hisui, M|\n|poke|p1|Thundurus-Therian, M|\n|poke|p1|Corviknight, F|\n|poke|p1|Great Tusk|\n|poke|p2|Cinderace, M|\n|poke|p2|Great Tusk|\n|poke|p2|Clefable, F|\n|poke|p2|Corviknight, M|\n|poke|p2|Zapdos|\n|poke|p2|Slowking-Galar, F|\n|teampreview\n|inactive|Battle timer is ON: inactive players will automatically lose when time's up. (requested by Bruh Wobuffet)\n|\n|t:|1700014611\n|start\n|switch|p1a: Ogerpon|Ogerpon-Wellspring, F|100\/100\n|switch|p2a: I hate webs|Zapdos|100\/100\n|turn|1\n|\n|t:|1700014626\n|switch|p1a: Garchomp|Garchomp, M|100\/100\n|move|p2a: I hate webs|Hurricane|p1a: Garchomp|[miss]\n|-miss|p2a: I hate webs|p1a: Garchomp\n|\n|upkeep\n|turn|2\n|\n|t:|1700014640\n|switch|p2a: I hate Rocks|Corviknight, M|100\/100\n|-ability|p2a: I hate Rocks|Pressure\n|move|p1a: Garchomp|Substitute|p1a: Garchomp\n|-start|p1a: Garchomp|Substitute\n|-damage|p1a: Garchomp|76\/100\n|\n|-heal|p1a: Garchomp|82\/100|[from] item: Leftovers\n|upkeep\n|turn|3\n|\n|t:|1700014650\n|move|p1a: Garchomp|Swords Dance|p1a: Garchomp\n|-boost|p1a: Garchomp|atk|2\n|move|p2a: I hate Rocks|Brave Bird|p1a: Garchomp\n|-end|p1a: Garchomp|Substitute\n|-damage|p2a: I hate Rocks|93\/100|[from] Recoil|[of] p1a: Garchomp\n|\n|-heal|p1a: Garchomp|88\/100|[from] item: Leftovers\n|upkeep\n|turn|4\n|\n|t:|1700014661\n|move|p1a: Garchomp|Substitute|p1a: Garchomp\n|-start|p1a: Garchomp|Substitute\n|-damage|p1a: Garchomp|63\/100\n|move|p2a: I hate Rocks|Brave Bird|p1a: Garchomp\n|-end|p1a: Garchomp|Substitute\n|-damage|p2a: I hate Rocks|86\/100|[from] Recoil|[of] p1a: Garchomp\n|\n|-heal|p1a: Garchomp|69\/100|[from] item: Leftovers\n|upkeep\n|turn|5\n|\n|t:|1700014672\n|move|p1a: Garchomp|Scale Shot|p2a: I hate Rocks|[miss]\n|-miss|p1a: Garchomp|p2a: I hate Rocks\n|move|p2a: I hate Rocks|Brave Bird|p1a: Garchomp\n|-damage|p1a: Garchomp|35\/100\n|-damage|p2a: I hate Rocks|73\/100|[from] ability: Rough Skin|[of] p1a: Garchomp\n|-damage|p2a: I hate Rocks|63\/100|[from] Recoil\n|\n|-heal|p1a: Garchomp|41\/100|[from] item: Leftovers\n|upkeep\n|turn|6\n|\n|t:|1700014683\n|move|p1a: Garchomp|Scale Shot|p2a: I hate Rocks\n|-resisted|p2a: I hate Rocks\n|-crit|p2a: I hate Rocks\n|-damage|p2a: I hate Rocks|51\/100\n|-resisted|p2a: I hate Rocks\n|-damage|p2a: I hate Rocks|43\/100\n|-resisted|p2a: I hate Rocks\n|-crit|p2a: I hate Rocks\n|-damage|p2a: I hate Rocks|31\/100\n|-hitcount|p2a: I hate Rocks|3\n|-unboost|p1a: Garchomp|def|1\n|-boost|p1a: Garchomp|spe|1\n|move|p2a: I hate Rocks|Roost|p2a: I hate Rocks\n|-heal|p2a: I hate Rocks|81\/100\n|-singleturn|p2a: I hate Rocks|move: Roost\n|\n|-heal|p1a: Garchomp|48\/100|[from] item: Leftovers\n|upkeep\n|turn|7\n|\n|t:|1700014700\n|move|p1a: Garchomp|Scale Shot|p2a: I hate Rocks\n|-resisted|p2a: I hate Rocks\n|-damage|p2a: I hate Rocks|73\/100\n|-resisted|p2a: I hate Rocks\n|-damage|p2a: I hate Rocks|64\/100\n|-hitcount|p2a: I hate Rocks|2\n|-unboost|p1a: Garchomp|def|1\n|-boost|p1a: Garchomp|spe|1\n|move|p2a: I hate Rocks|Brave Bird|p1a: Garchomp\n|-damage|p1a: Garchomp|0 fnt\n|-damage|p2a: I hate Rocks|52\/100|[from] ability: Rough Skin|[of] p1a: Garchomp\n|faint|p1a: Garchomp\n|-damage|p2a: I hate Rocks|38\/100|[from] Recoil\n|\n|upkeep\n|\n|t:|1700014715\n|switch|p1a: Arcanine|Arcanine-Hisui, M|100\/100\n|turn|8\n|\n|t:|1700014718\n|switch|p2a: I hate gliscor|Great Tusk|100\/100\n|move|p1a: Arcanine|Flare Blitz|p2a: I hate gliscor\n|-damage|p2a: I hate gliscor|36\/100\n|\n|upkeep\n|turn|9\n|\n|t:|1700014736\n|move|p1a: Arcanine|Flare Blitz|p2a: I hate gliscor\n|-damage|p2a: I hate gliscor|0 fnt\n|faint|p2a: I hate gliscor\n|-end|p2a: I hate gliscor|Protosynthesis|[silent]\n|\n|upkeep\n|\n|t:|1700014753\n|switch|p2a: I hate ghold|Cinderace, M|100\/100\n|turn|10\n|\n|t:|1700014757\n|move|p2a: I hate ghold|Sucker Punch|p1a: Arcanine\n|-start|p2a: I hate ghold|typechange|Dark|[from] ability: Libero\n|-damage|p1a: Arcanine|59\/100\n|move|p1a: Arcanine|Flare Blitz|p2a: I hate ghold\n|-damage|p2a: I hate ghold|0 fnt\n|faint|p2a: I hate ghold\n|\n|upkeep\n|\n|t:|1700014763\n|switch|p2a: I hate webs|Zapdos|100\/100\n|turn|11\n|\n|t:|1700014768\n|move|p2a: I hate webs|Thunderbolt|p1a: Arcanine\n|-damage|p1a: Arcanine|0 fnt\n|faint|p1a: Arcanine\n|-damage|p2a: I hate webs|91\/100|[from] item: Life Orb\n|\n|upkeep\n|\n|t:|1700014780\n|switch|p1a: Great Tusk|Great Tusk|100\/100\n|-enditem|p1a: Great Tusk|Booster Energy\n|-activate|p1a: Great Tusk|ability: Protosynthesis|[fromitem]\n|-start|p1a: Great Tusk|protosynthesisspe\n|turn|12\n|\n|t:|1700014786\n|-terastallize|p2a: I hate webs|Electric\n|move|p1a: Great Tusk|Ice Spinner|p2a: I hate webs\n|-damage|p2a: I hate webs|60\/100\n|-status|p1a: Great Tusk|par|[from] ability: Static|[of] p2a: I hate webs\n|move|p2a: I hate webs|Hurricane|p1a: Great Tusk\n|-supereffective|p1a: Great Tusk\n|-damage|p1a: Great Tusk|0 fnt\n|faint|p1a: Great Tusk\n|-end|p1a: Great Tusk|Protosynthesis|[silent]\n|-damage|p2a: I hate webs|50\/100|[from] item: Life Orb\n|\n|upkeep\n|\n|t:|1700014794\n|switch|p1a: Thundurus|Thundurus-Therian, M|100\/100\n|turn|13\n|\n|t:|1700014799\n|move|p1a: Thundurus|Tera Blast|p2a: I hate webs\n|-damage|p2a: I hate webs|0 fnt\n|faint|p2a: I hate webs\n|\n|upkeep\n|\n|t:|1700014804\n|switch|p2a: I hate glimmora|Slowking-Galar, F|100\/100\n|turn|14\n|\n|t:|1700014814\n|-terastallize|p1a: Thundurus|Flying\n|move|p1a: Thundurus|Tera Blast|p2a: I hate glimmora|[anim] Tera Blast Flying\n|-damage|p2a: I hate glimmora|59\/100\n|move|p2a: I hate glimmora|Future Sight|p1a: Thundurus\n|-start|p2a: I hate glimmora|move: Future Sight\n|\n|upkeep\n|turn|15\n|\n|t:|1700014821\n|move|p1a: Thundurus|Tera Blast|p2a: I hate glimmora|[anim] Tera Blast Flying\n|-damage|p2a: I hate glimmora|19\/100\n|move|p2a: I hate glimmora|Sludge Bomb|p1a: Thundurus\n|-damage|p1a: Thundurus|48\/100\n|-status|p1a: Thundurus|psn\n|\n|-damage|p1a: Thundurus|36\/100 psn|[from] psn\n|upkeep\n|turn|16\n|\n|t:|1700014830\n|switch|p2a: I hate spikes|Clefable, F|100\/100\n|move|p1a: Thundurus|Tera Blast|p2a: I hate spikes|[anim] Tera Blast Flying\n|-damage|p2a: I hate spikes|16\/100\n|\n|-end|p1a: Thundurus|move: Future Sight\n|-damage|p1a: Thundurus|0 fnt\n|faint|p1a: Thundurus\n|-heal|p2a: I hate spikes|22\/100|[from] item: Leftovers\n|upkeep\n|\n|t:|1700014842\n|switch|p1a: Ogerpon|Ogerpon-Wellspring, F|100\/100\n|turn|17\n|\n|t:|1700014846\n|move|p1a: Ogerpon|Ivy Cudgel|p2a: I hate spikes|[anim] Ivy Cudgel Water\n|-damage|p2a: I hate spikes|0 fnt\n|faint|p2a: I hate spikes\n|\n|upkeep\n|\n|t:|1700014852\n|switch|p2a: I hate Rocks|Corviknight, M|38\/100\n|-ability|p2a: I hate Rocks|Pressure\n|turn|18\n|\n|t:|1700014857\n|move|p1a: Ogerpon|Ivy Cudgel|p2a: I hate Rocks|[anim] Ivy Cudgel Water\n|-damage|p2a: I hate Rocks|1\/100\n|move|p2a: I hate Rocks|Brave Bird|p1a: Ogerpon\n|-supereffective|p1a: Ogerpon\n|-damage|p1a: Ogerpon|9\/100\n|-damage|p2a: I hate Rocks|0 fnt|[from] Recoil\n|faint|p2a: I hate Rocks\n|\n|upkeep\n|\n|t:|1700014865\n|switch|p2a: I hate glimmora|Slowking-Galar, F|53\/100\n|turn|19\n|\n|t:|1700014871\n|move|p1a: Ogerpon|Ivy Cudgel|p2a: I hate glimmora|[anim] Ivy Cudgel Water\n|-damage|p2a: I hate glimmora|0 fnt\n|faint|p2a: I hate glimmora\n|\n|win|KOTONOHOUSE\n|raw|KOTONOHOUSE's rating: 1407 &rarr; <strong>1430<\/strong><br \/>(+23 for winning)\n|raw|Bruh Wobuffet's rating: 1461 &rarr; <strong>1438<\/strong><br \/>(-23 for losing)\n|l|\u2606Bruh Wobuffet\n","uploadtime":1700014879,"views":13,"p1id":"kotonohouse","p2id":"bruhwobuffet","formatid":"gen9ou","rating":1430,"private":0,"password":""}