{"id":"gen9ou-1994649029","p1":"Alderson","p2":"Flo03041992","format":"[Gen 9] OU","log":"|j|\u2606Alderson\n|j|\u2606Flo03041992\n|t:|1700475308\n|gametype|singles\n|player|p1|Alderson|265|1399\n|player|p2|Flo03041992|170|1303\n|teamsize|p1|6\n|teamsize|p2|6\n|gen|9\n|tier|[Gen 9] OU\n|rated|\n|rule|Sleep Clause Mod: Limit one foe put to sleep\n|rule|Species Clause: Limit one of each Pok\u00e9mon\n|rule|OHKO Clause: OHKO moves are banned\n|rule|Evasion Items Clause: Evasion items are banned\n|rule|Evasion Moves Clause: Evasion moves are banned\n|rule|Endless Battle Clause: Forcing endless battles is banned\n|rule|HP Percentage Mod: HP is shown in percentages\n|clearpoke\n|poke|p1|Rillaboom, F|\n|poke|p1|Garganacl, F|\n|poke|p1|Landorus-Therian, M|\n|poke|p1|Mandibuzz, F|\n|poke|p1|Ogerpon-Wellspring, F|\n|poke|p1|Iron Moth|\n|poke|p2|Amoonguss, M|\n|poke|p2|Cinderace, F|\n|poke|p2|Dragapult, F|\n|poke|p2|Great Tusk|\n|poke|p2|Samurott-Hisui, M|\n|poke|p2|Kingambit, M|\n|teampreview\n|inactive|Battle timer is ON: inactive players will automatically lose when time's up. (requested by Alderson)\n|\n|t:|1700475320\n|start\n|switch|p1a: Psyccubus|Landorus-Therian, M, shiny|100\/100\n|switch|p2a: Samurott|Samurott-Hisui, M|100\/100\n|-ability|p1a: Psyccubus|Intimidate|boost\n|-unboost|p2a: Samurott|atk|1\n|turn|1\n|\n|t:|1700475334\n|move|p2a: Samurott|Flip Turn|p1a: Psyccubus\n|-supereffective|p1a: Psyccubus\n|-damage|p1a: Psyccubus|63\/100\n|\n|t:|1700475338\n|switch|p2a: Great Tusk|Great Tusk|100\/100|[from] Flip Turn\n|move|p1a: Psyccubus|U-turn|p2a: Great Tusk\n|-resisted|p2a: Great Tusk\n|-damage|p2a: Great Tusk|95\/100\n|\n|t:|1700475341\n|switch|p1a: Ogertime|Ogerpon-Wellspring, F|100\/100|[from] U-turn\n|\n|-heal|p2a: Great Tusk|100\/100|[from] item: Leftovers\n|upkeep\n|turn|2\n|inactive|Flo03041992 has 120 seconds left.\n|\n|t:|1700475399\n|-end|p2a: Great Tusk|Protosynthesis|[silent]\n|switch|p2a: Amoonguss|Amoonguss, M|100\/100\n|move|p1a: Ogertime|Spikes|p2a: Amoonguss\n|-sidestart|p2: Flo03041992|Spikes\n|\n|upkeep\n|turn|3\n|\n|t:|1700475412\n|move|p1a: Ogertime|U-turn|p2a: Amoonguss\n|-damage|p2a: Amoonguss|74\/100\n|\n|t:|1700475415\n|switch|p1a: Nightcure|Garganacl, F, shiny|100\/100|[from] U-turn\n|move|p2a: Amoonguss|Clear Smog|p1a: Nightcure\n|-resisted|p1a: Nightcure\n|-damage|p1a: Nightcure|95\/100\n|-clearboost|p1a: Nightcure\n|\n|-heal|p1a: Nightcure|100\/100|[from] item: Leftovers\n|-heal|p2a: Amoonguss|80\/100|[from] item: Leftovers\n|upkeep\n|turn|4\n|\n|t:|1700475425\n|move|p1a: Nightcure|Salt Cure|p2a: Amoonguss\n|-damage|p2a: Amoonguss|66\/100\n|-start|p2a: Amoonguss|Salt Cure\n|move|p2a: Amoonguss|Giga Drain|p1a: Nightcure\n|-supereffective|p1a: Nightcure\n|-damage|p1a: Nightcure|73\/100\n|-heal|p2a: Amoonguss|78\/100|[from] drain|[of] p1a: Nightcure\n|\n|-heal|p1a: Nightcure|79\/100|[from] item: Leftovers\n|-heal|p2a: Amoonguss|85\/100|[from] item: Leftovers\n|-damage|p2a: Amoonguss|72\/100|[from] Salt Cure\n|upkeep\n|turn|5\n|inactive|Flo03041992 has 90 seconds left.\n|\n|t:|1700475446\n|switch|p1a: Me N My Buzz|Mandibuzz, F, shiny|100\/100\n|switch|p2a: Great Tusk|Great Tusk|100\/100\n|-damage|p2a: Great Tusk|88\/100|[from] Spikes\n|\n|-heal|p2a: Great Tusk|94\/100|[from] item: Leftovers\n|upkeep\n|turn|6\n|\n|t:|1700475454\n|move|p2a: Great Tusk|Rapid Spin|p1a: Me N My Buzz\n|-damage|p1a: Me N My Buzz|92\/100\n|-boost|p2a: Great Tusk|spe|1\n|-sideend|p2: Flo03041992|Spikes|[from] move: Rapid Spin|[of] p2a: Great Tusk\n|move|p1a: Me N My Buzz|Toxic|p2a: Great Tusk\n|-status|p2a: Great Tusk|tox\n|\n|-heal|p2a: Great Tusk|100\/100 tox|[from] item: Leftovers\n|-damage|p2a: Great Tusk|94\/100 tox|[from] psn\n|upkeep\n|turn|7\n|\n|t:|1700475469\n|move|p2a: Great Tusk|Knock Off|p1a: Me N My Buzz\n|-resisted|p1a: Me N My Buzz\n|-damage|p1a: Me N My Buzz|84\/100\n|-enditem|p1a: Me N My Buzz|Heavy-Duty Boots|[from] move: Knock Off|[of] p2a: Great Tusk\n|move|p1a: Me N My Buzz|Roost|p1a: Me N My Buzz\n|-heal|p1a: Me N My Buzz|100\/100\n|-singleturn|p1a: Me N My Buzz|move: Roost\n|\n|-heal|p2a: Great Tusk|100\/100 tox|[from] item: Leftovers\n|-damage|p2a: Great Tusk|88\/100 tox|[from] psn\n|upkeep\n|turn|8\n|inactive|Flo03041992 has 90 seconds left.\n|\n|t:|1700475507\n|move|p2a: Great Tusk|Body Press|p1a: Me N My Buzz\n|-damage|p1a: Me N My Buzz|75\/100\n|move|p1a: Me N My Buzz|Foul Play|p2a: Great Tusk\n|-resisted|p2a: Great Tusk\n|-damage|p2a: Great Tusk|78\/100 tox\n|\n|-heal|p2a: Great Tusk|84\/100 tox|[from] item: Leftovers\n|-damage|p2a: Great Tusk|65\/100 tox|[from] psn\n|upkeep\n|turn|9\n|\n|t:|1700475523\n|-end|p2a: Great Tusk|Protosynthesis|[silent]\n|switch|p2a: Dragapult|Dragapult, F|100\/100\n|move|p1a: Me N My Buzz|Roost|p1a: Me N My Buzz\n|-heal|p1a: Me N My Buzz|100\/100\n|-singleturn|p1a: Me N My Buzz|move: Roost\n|\n|upkeep\n|turn|10\n|\n|t:|1700475532\n|move|p2a: Dragapult|Curse|p1a: Me N My Buzz\n|-start|p1a: Me N My Buzz|Curse|[of] p2a: Dragapult\n|-damage|p2a: Dragapult|51\/100\n|move|p1a: Me N My Buzz|Foul Play|p2a: Dragapult\n|-supereffective|p2a: Dragapult\n|-damage|p2a: Dragapult|0 fnt\n|faint|p2a: Dragapult\n|\n|-damage|p1a: Me N My Buzz|76\/100|[from] Curse\n|upkeep\n|inactive|Flo03041992 has 60 seconds left.\n|\n|t:|1700475552\n|switch|p2a: Kingambit|Kingambit, M|100\/100\n|-activate|p2a: Kingambit|ability: Supreme Overlord\n|-start|p2a: Kingambit|fallen1|[silent]\n|turn|11\n|\n|t:|1700475568\n|switch|p1a: Psyccubus|Landorus-Therian, M, shiny|63\/100\n|-ability|p1a: Psyccubus|Intimidate|boost\n|-unboost|p2a: Kingambit|atk|1\n|move|p2a: Kingambit|Swords Dance|p2a: Kingambit\n|-boost|p2a: Kingambit|atk|2\n|\n|-heal|p1a: Psyccubus|69\/100|[from] item: Leftovers\n|upkeep\n|turn|12\n|\n|t:|1700475582\n|-terastallize|p2a: Kingambit|Flying\n|move|p1a: Psyccubus|Taunt|p2a: Kingambit\n|-start|p2a: Kingambit|move: Taunt\n|move|p2a: Kingambit|Kowtow Cleave|p1a: Psyccubus\n|-damage|p1a: Psyccubus|0 fnt\n|faint|p1a: Psyccubus\n|\n|upkeep\n|\n|t:|1700475597\n|switch|p1a: Me N My Buzz|Mandibuzz, F, shiny|76\/100\n|turn|13\n|\n|t:|1700475600\n|move|p1a: Me N My Buzz|Foul Play|p2a: Kingambit\n|-damage|p2a: Kingambit|32\/100\n|move|p2a: Kingambit|Iron Head|p1a: Me N My Buzz\n|-damage|p1a: Me N My Buzz|35\/100\n|\n|-heal|p2a: Kingambit|39\/100|[from] item: Leftovers\n|upkeep\n|turn|14\n|\n|t:|1700475617\n|move|p1a: Me N My Buzz|Foul Play|p2a: Kingambit\n|-damage|p2a: Kingambit|0 fnt\n|faint|p2a: Kingambit\n|-end|p2a: Kingambit|fallen1|[silent]\n|\n|upkeep\n|\n|t:|1700475622\n|switch|p2a: Cinderace|Cinderace, F|100\/100\n|turn|15\n|\n|t:|1700475625\n|switch|p1a: Nightcure|Garganacl, F, shiny|79\/100\n|move|p2a: Cinderace|Pyro Ball|p1a: Nightcure\n|-resisted|p1a: Nightcure\n|-damage|p1a: Nightcure|61\/100\n|\n|-heal|p1a: Nightcure|67\/100|[from] item: Leftovers\n|upkeep\n|turn|16\n|inactive|Flo03041992 has 90 seconds left.\n|\n|t:|1700475633\n|move|p2a: Cinderace|U-turn|p1a: Nightcure\n|-start|p2a: Cinderace|typechange|Bug|[from] ability: Libero\n|-damage|p1a: Nightcure|43\/100\n|inactive|Flo03041992 has 90 seconds left.\n|\n|t:|1700475646\n|switch|p2a: Great Tusk|Great Tusk|65\/100 tox|[from] U-turn\n|move|p1a: Nightcure|Iron Defense|p1a: Nightcure\n|-boost|p1a: Nightcure|def|2\n|\n|-heal|p2a: Great Tusk|71\/100 tox|[from] item: Leftovers\n|-heal|p1a: Nightcure|50\/100|[from] item: Leftovers\n|-damage|p2a: Great Tusk|65\/100 tox|[from] psn\n|upkeep\n|turn|17\n|inactive|Flo03041992 has 90 seconds left.\n|\n|t:|1700475661\n|move|p2a: Great Tusk|Headlong Rush|p1a: Nightcure\n|-supereffective|p1a: Nightcure\n|-damage|p1a: Nightcure|12\/100\n|-unboost|p2a: Great Tusk|def|1\n|-unboost|p2a: Great Tusk|spd|1\n|move|p1a: Nightcure|Recover|p1a: Nightcure\n|-heal|p1a: Nightcure|62\/100\n|\n|-heal|p2a: Great Tusk|71\/100 tox|[from] item: Leftovers\n|-heal|p1a: Nightcure|68\/100|[from] item: Leftovers\n|-damage|p2a: Great Tusk|59\/100 tox|[from] psn\n|upkeep\n|turn|18\n|inactive|Flo03041992 has 90 seconds left.\n|-message|Flo03041992 forfeited.\n|\n|win|Alderson\n|raw|Alderson's rating: 1399 &rarr; <strong>1414<\/strong><br \/>(+15 for winning)\n|raw|Flo03041992's rating: 1303 &rarr; <strong>1288<\/strong><br \/>(-15 for losing)\n|l|\u2606Flo03041992\n","uploadtime":1700475696,"views":12,"p1id":"alderson","p2id":"flo03041992","formatid":"gen9ou","rating":1288,"private":0,"password":""}