{"id":"gen9ou-1992146555","p1":"Salsicha_agiota","p2":"GRIEZANANN","format":"[Gen 9] OU","log":"|j|\u2606Salsicha_agiota\n|j|\u2606GRIEZANANN\n|t:|1700158883\n|gametype|singles\n|player|p1|Salsicha_agiota|alder|\n|player|p2|GRIEZANANN|2|\n|teamsize|p1|6\n|teamsize|p2|6\n|gen|9\n|tier|[Gen 9] OU\n|rule|Sleep Clause Mod: Limit one foe put to sleep\n|rule|Species Clause: Limit one of each Pok\u00e9mon\n|rule|OHKO Clause: OHKO moves are banned\n|rule|Evasion Items Clause: Evasion items are banned\n|rule|Evasion Moves Clause: Evasion moves are banned\n|rule|Endless Battle Clause: Forcing endless battles is banned\n|rule|HP Percentage Mod: HP is shown in percentages\n|clearpoke\n|poke|p1|Iron Jugulis|\n|poke|p1|Ogerpon-Wellspring, F|\n|poke|p1|Tinkaton, F|\n|poke|p1|Iron Moth|\n|poke|p1|Great Tusk|\n|poke|p1|Dragapult, F|\n|poke|p2|Maushold|\n|poke|p2|Rillaboom, F|\n|poke|p2|Great Tusk|\n|poke|p2|Heatran, F|\n|poke|p2|Enamorus, F|\n|poke|p2|Kingambit, F|\n|teampreview\n|\n|t:|1700158952\n|start\n|switch|p1a: Dragapult|Dragapult, F|100\/100\n|switch|p2a: Heatran|Heatran, F|100\/100\n|turn|1\n|\n|t:|1700158964\n|move|p1a: Dragapult|U-turn|p2a: Heatran\n|-resisted|p2a: Heatran\n|-damage|p2a: Heatran|97\/100\n|\n|t:|1700158969\n|switch|p1a: Great Tusk|Great Tusk|100\/100|[from] U-turn\n|-enditem|p1a: Great Tusk|Booster Energy\n|-activate|p1a: Great Tusk|ability: Protosynthesis|[fromitem]\n|-start|p1a: Great Tusk|protosynthesisspe\n|move|p2a: Heatran|Earth Power|p1a: Great Tusk\n|-damage|p1a: Great Tusk|69\/100\n|\n|-heal|p2a: Heatran|100\/100|[from] item: Leftovers\n|upkeep\n|turn|2\n|\n|t:|1700158990\n|switch|p2a: Enamorus|Enamorus, F|100\/100\n|move|p1a: Great Tusk|Bulk Up|p1a: Great Tusk\n|-boost|p1a: Great Tusk|atk|1\n|-boost|p1a: Great Tusk|def|1\n|\n|upkeep\n|turn|3\n|\n|t:|1700159001\n|-terastallize|p1a: Great Tusk|Poison\n|move|p2a: Enamorus|Moonblast|p1a: Great Tusk\n|-resisted|p1a: Great Tusk\n|-damage|p1a: Great Tusk|34\/100\n|move|p1a: Great Tusk|Rapid Spin|p2a: Enamorus\n|-damage|p2a: Enamorus|69\/100\n|-boost|p1a: Great Tusk|spe|1\n|\n|upkeep\n|turn|4\n|\n|t:|1700159018\n|move|p1a: Great Tusk|Ice Spinner|p2a: Enamorus\n|-supereffective|p2a: Enamorus\n|-damage|p2a: Enamorus|0 fnt\n|faint|p2a: Enamorus\n|\n|upkeep\n|\n|t:|1700159020\n|switch|p2a: Great Tusk|Great Tusk|100\/100\n|turn|5\n|\n|t:|1700159024\n|move|p1a: Great Tusk|Ice Spinner|p2a: Great Tusk\n|-supereffective|p2a: Great Tusk\n|-damage|p2a: Great Tusk|56\/100\n|move|p2a: Great Tusk|Headlong Rush|p1a: Great Tusk\n|-supereffective|p1a: Great Tusk\n|-damage|p1a: Great Tusk|0 fnt\n|-unboost|p2a: Great Tusk|def|1\n|-unboost|p2a: Great Tusk|spd|1\n|faint|p1a: Great Tusk\n|-end|p1a: Great Tusk|Protosynthesis|[silent]\n|\n|-heal|p2a: Great Tusk|62\/100|[from] item: Leftovers\n|upkeep\n|\n|t:|1700159046\n|switch|p1a: Dragapult|Dragapult, F|100\/100\n|turn|6\n|\n|t:|1700159071\n|-end|p2a: Great Tusk|Protosynthesis|[silent]\n|switch|p2a: Heatran|Heatran, F|100\/100\n|move|p1a: Dragapult|Shadow Ball|p2a: Heatran\n|-damage|p2a: Heatran|66\/100\n|\n|-heal|p2a: Heatran|73\/100|[from] item: Leftovers\n|upkeep\n|turn|7\n|\n|t:|1700159077\n|switch|p1a: Ogerpon|Ogerpon-Wellspring, F|100\/100\n|move|p2a: Heatran|Earth Power|p1a: Ogerpon\n|-resisted|p1a: Ogerpon\n|-damage|p1a: Ogerpon|85\/100\n|\n|-heal|p2a: Heatran|79\/100|[from] item: Leftovers\n|upkeep\n|turn|8\n|\n|t:|1700159084\n|switch|p2a: devindian|Kingambit, F|100\/100\n|-activate|p2a: devindian|ability: Supreme Overlord\n|-start|p2a: devindian|fallen1|[silent]\n|move|p1a: Ogerpon|Spikes|p2a: devindian\n|-sidestart|p2: GRIEZANANN|Spikes\n|\n|upkeep\n|turn|9\n|\n|t:|1700159089\n|move|p1a: Ogerpon|U-turn|p2a: devindian\n|-damage|p2a: devindian|79\/100\n|\n|t:|1700159097\n|switch|p1a: TWINKATON|Tinkaton, F|100\/100|[from] U-turn\n|-item|p1a: TWINKATON|Air Balloon\n|move|p2a: devindian|Kowtow Cleave|p1a: TWINKATON\n|-resisted|p1a: TWINKATON\n|-damage|p1a: TWINKATON|71\/100\n|-enditem|p1a: TWINKATON|Air Balloon\n|-enditem|p2a: devindian|Leftovers|[silent]|[from] ability: Pickpocket|[of] p2a: devindian\n|-item|p1a: TWINKATON|Leftovers|[from] ability: Pickpocket|[of] p2a: devindian\n|\n|-heal|p1a: TWINKATON|77\/100|[from] item: Leftovers\n|upkeep\n|turn|10\n|\n|t:|1700159115\n|-end|p2a: devindian|fallen1|[silent]\n|switch|p2a: Heatran|Heatran, F|79\/100\n|-damage|p2a: Heatran|66\/100|[from] Spikes\n|move|p1a: TWINKATON|Thunder Wave|p2a: Heatran\n|-status|p2a: Heatran|par\n|\n|-heal|p1a: TWINKATON|83\/100|[from] item: Leftovers\n|-heal|p2a: Heatran|73\/100 par|[from] item: Leftovers\n|upkeep\n|turn|11\n|\n|t:|1700159130\n|switch|p1a: Iron Jugulis|Iron Jugulis|100\/100\n|-enditem|p1a: Iron Jugulis|Booster Energy\n|-activate|p1a: Iron Jugulis|ability: Quark Drive|[fromitem]\n|-start|p1a: Iron Jugulis|quarkdrivespe\n|cant|p2a: Heatran|par\n|\n|-heal|p2a: Heatran|79\/100 par|[from] item: Leftovers\n|upkeep\n|turn|12\n|\n|t:|1700159141\n|move|p1a: Iron Jugulis|Knock Off|p2a: Heatran\n|-damage|p2a: Heatran|56\/100 par\n|-enditem|p2a: Heatran|Leftovers|[from] move: Knock Off|[of] p1a: Iron Jugulis\n|move|p2a: Heatran|Stealth Rock|p1a: Iron Jugulis\n|-sidestart|p1: Salsicha_agiota|move: Stealth Rock\n|\n|upkeep\n|turn|13\n|\n|t:|1700159148\n|move|p1a: Iron Jugulis|Earth Power|p2a: Heatran\n|-supereffective|p2a: Heatran\n|-damage|p2a: Heatran|0 fnt\n|faint|p2a: Heatran\n|\n|upkeep\n|\n|t:|1700159155\n|switch|p2a: Rillaboom|Rillaboom, F|100\/100\n|-damage|p2a: Rillaboom|88\/100|[from] Spikes\n|-fieldstart|move: Grassy Terrain|[from] ability: Grassy Surge|[of] p2a: Rillaboom\n|turn|14\n|\n|t:|1700159160\n|move|p1a: Iron Jugulis|Hurricane|p2a: Rillaboom\n|-supereffective|p2a: Rillaboom\n|-damage|p2a: Rillaboom|0 fnt\n|faint|p2a: Rillaboom\n|\n|upkeep\n|\n|t:|1700159163\n|switch|p2a: devindian|Kingambit, F|79\/100\n|-damage|p2a: devindian|67\/100|[from] Spikes\n|-activate|p2a: devindian|ability: Supreme Overlord\n|-start|p2a: devindian|fallen3|[silent]\n|turn|15\n|\n|t:|1700159168\n|-terastallize|p2a: devindian|Flying\n|move|p1a: Iron Jugulis|Earth Power|p2a: devindian\n|-immune|p2a: devindian\n|move|p2a: devindian|Swords Dance|p2a: devindian\n|-boost|p2a: devindian|atk|2\n|\n|upkeep\n|turn|16\n|\n|t:|1700159172\n|move|p1a: Iron Jugulis|Hurricane|p2a: devindian\n|-damage|p2a: devindian|11\/100\n|-start|p2a: devindian|confusion\n|-activate|p2a: devindian|confusion\n|-damage|p2a: devindian|0 fnt|[from] confusion\n|faint|p2a: devindian\n|-end|p2a: devindian|fallen3|[silent]\n|\n|upkeep\n|-message|GRIEZANANN forfeited.\n|\n|win|Salsicha_agiota\n|l|\u2606GRIEZANANN\n","uploadtime":1700159354,"views":36,"p1id":"salsichaagiota","p2id":"griezanann","formatid":"gen9ou","rating":0,"private":0,"password":""}