{"id":"gen9ou-1989452796","p1":"nahte","p2":"Kakarot Ketchum","format":"[Gen 9] OU","log":"|j|\u2606nahte\n|j|\u2606Kakarot Ketchum\n|t:|1699852699\n|gametype|singles\n|player|p1|nahte|steven|1249\n|player|p2|Kakarot Ketchum|harlequin|1170\n|teamsize|p1|6\n|teamsize|p2|6\n|gen|9\n|tier|[Gen 9] OU\n|rated|\n|rule|Sleep Clause Mod: Limit one foe put to sleep\n|rule|Species Clause: Limit one of each Pok\u00e9mon\n|rule|OHKO Clause: OHKO moves are banned\n|rule|Evasion Items Clause: Evasion items are banned\n|rule|Evasion Moves Clause: Evasion moves are banned\n|rule|Endless Battle Clause: Forcing endless battles is banned\n|rule|HP Percentage Mod: HP is shown in percentages\n|clearpoke\n|poke|p1|Zoroark-Hisui, F|\n|poke|p1|Magnezone|\n|poke|p1|Maushold-Four|\n|poke|p1|Tornadus, M|\n|poke|p1|Avalugg-Hisui, M|\n|poke|p1|Kingambit, F|\n|poke|p2|Empoleon, F|\n|poke|p2|Zapdos|\n|poke|p2|Sneasler, F|\n|poke|p2|Iron Valiant|\n|poke|p2|Sinistcha-Masterpiece|\n|poke|p2|Samurott-Hisui, M|\n|teampreview\n|inactive|Battle timer is ON: inactive players will automatically lose when time's up. (requested by Kakarot Ketchum)\n|c|\u2606nahte|good luck\n|\n|t:|1699852706\n|start\n|switch|p1a: Kingambit|Kingambit, F|100\/100\n|switch|p2a: baby boy|Samurott-Hisui, M|100\/100\n|turn|1\n|\n|t:|1699852716\n|move|p2a: baby boy|Sacred Sword|p1a: Kingambit\n|-supereffective|p1a: Kingambit\n|-damage|p1a: Kingambit|0 fnt\n|faint|p1a: Kingambit\n|\n|upkeep\n|c|\u2606Kakarot Ketchum|u2\n|c|\u2606nahte|why? Like, can you answer that to me?\n|c|\u2606Kakarot Ketchum|why what?\n|c|\u2606nahte|Not hate, I just don't understand. What if I was Zoroark?\n|inactive|nahte has 120 seconds left.\n|c|\u2606nahte|You just, gave me an easy kill\n|\n|t:|1699852759\n|switch|p1a: Magnezone|Magnezone|100\/100\n|turn|2\n|c|\u2606Kakarot Ketchum|LOL didnt even consider that, i was like why the hell the gambit start\n|\n|t:|1699852776\n|move|p1a: Magnezone|Discharge|p2a: baby boy\n|-supereffective|p2a: baby boy\n|-enditem|p2a: baby boy|Focus Sash\n|-damage|p2a: baby boy|1\/100\n|-status|p2a: baby boy|par\n|cant|p2a: baby boy|par\n|\n|upkeep\n|turn|3\n|inactive|nahte has 120 seconds left.\n|c|\u2606nahte|It was a bluff, but damn.\n|\n|t:|1699852790\n|move|p1a: Magnezone|Discharge|p2a: baby boy\n|-supereffective|p2a: baby boy\n|-damage|p2a: baby boy|0 fnt\n|faint|p2a: baby boy\n|\n|upkeep\n|\n|t:|1699852797\n|switch|p2a: get busy|Sneasler, F|100\/100\n|turn|4\n|\n|t:|1699852801\n|switch|p1a: Avalugg|Avalugg-Hisui, M|100\/100\n|move|p2a: get busy|Fake Out|p1a: Avalugg\n|-immune|p1a: Avalugg\n|\n|upkeep\n|turn|5\n|\n|t:|1699852826\n|move|p2a: get busy|Dire Claw|p1a: Avalugg\n|-resisted|p1a: Avalugg\n|-damage|p1a: Avalugg|59\/100\n|-status|p1a: Avalugg|par\n|replace|p1a: Zoroark|Zoroark-Hisui, F\n|-end|p1a: Zoroark|Illusion\n|move|p1a: Zoroark|Nasty Plot|p1a: Zoroark\n|-boost|p1a: Zoroark|spa|2\n|\n|upkeep\n|turn|6\n|c|\u2606nahte|I hate that move...\n|\n|t:|1699852837\n|move|p2a: get busy|U-turn|p1a: Zoroark\n|-resisted|p1a: Zoroark\n|-damage|p1a: Zoroark|32\/100 par\n|\n|t:|1699852842\n|switch|p2a: pass the dro|Empoleon, F|100\/100|[from] U-turn\n|move|p1a: Zoroark|Shadow Ball|p2a: pass the dro\n|-damage|p2a: pass the dro|47\/100\n|\n|-heal|p2a: pass the dro|53\/100|[from] item: Leftovers\n|upkeep\n|turn|7\n|\n|t:|1699852857\n|cant|p1a: Zoroark|par\n|move|p2a: pass the dro|Surf|p1a: Zoroark\n|-damage|p1a: Zoroark|0 fnt\n|faint|p1a: Zoroark\n|\n|-heal|p2a: pass the dro|60\/100|[from] item: Leftovers\n|upkeep\n|\n|t:|1699852859\n|switch|p1a: Magnezone|Magnezone|100\/100\n|turn|8\n|\n|t:|1699852867\n|move|p1a: Magnezone|Discharge|p2a: pass the dro\n|-supereffective|p2a: pass the dro\n|-damage|p2a: pass the dro|10\/100\n|move|p2a: pass the dro|Stealth Rock|p1a: Magnezone\n|-sidestart|p1: nahte|move: Stealth Rock\n|\n|-heal|p2a: pass the dro|16\/100|[from] item: Leftovers\n|upkeep\n|turn|9\n|\n|t:|1699852874\n|move|p1a: Magnezone|Discharge|p2a: pass the dro\n|-supereffective|p2a: pass the dro\n|-damage|p2a: pass the dro|0 fnt\n|faint|p2a: pass the dro\n|\n|upkeep\n|\n|t:|1699852876\n|switch|p2a: get busy|Sneasler, F|100\/100\n|turn|10\n|\n|t:|1699852879\n|move|p2a: get busy|Fake Out|p1a: Magnezone\n|-resisted|p1a: Magnezone\n|-damage|p1a: Magnezone|92\/100\n|cant|p1a: Magnezone|flinch\n|\n|upkeep\n|turn|11\n|\n|t:|1699852889\n|-terastallize|p1a: Magnezone|Fighting\n|move|p2a: get busy|Close Combat|p1a: Magnezone\n|-damage|p1a: Magnezone|21\/100\n|-unboost|p2a: get busy|def|1\n|-unboost|p2a: get busy|spd|1\n|move|p1a: Magnezone|Discharge|p2a: get busy\n|-damage|p2a: get busy|9\/100\n|-status|p2a: get busy|par\n|\n|upkeep\n|turn|12\n|\n|t:|1699852905\n|switch|p2a: like glue|Zapdos|100\/100\n|move|p1a: Magnezone|Discharge|p2a: like glue\n|-crit|p2a: like glue\n|-damage|p2a: like glue|35\/100\n|\n|upkeep\n|turn|13\n|c|\u2606nahte|did not think that'd work...\n|\n|t:|1699852914\n|move|p1a: Magnezone|Discharge|p2a: like glue\n|-damage|p2a: like glue|0 fnt\n|faint|p2a: like glue\n|\n|upkeep\n|\n|t:|1699852922\n|switch|p2a: sean da paul|Iron Valiant|100\/100\n|-enditem|p2a: sean da paul|Booster Energy\n|-activate|p2a: sean da paul|ability: Quark Drive|[fromitem]\n|-start|p2a: sean da paul|quarkdrivespe\n|turn|14\n|\n|t:|1699852938\n|move|p2a: sean da paul|Psyshock|p1a: Magnezone\n|-supereffective|p1a: Magnezone\n|-crit|p1a: Magnezone\n|-damage|p1a: Magnezone|0 fnt\n|faint|p1a: Magnezone\n|\n|upkeep\n|\n|t:|1699852940\n|switch|p1a: Tornadus|Tornadus, M|100\/100\n|-damage|p1a: Tornadus|76\/100|[from] Stealth Rock\n|turn|15\n|\n|t:|1699852947\n|move|p1a: Tornadus|Scary Face|p2a: sean da paul\n|-unboost|p2a: sean da paul|spe|2\n|move|p2a: sean da paul|Thunderbolt|p1a: Tornadus\n|-supereffective|p1a: Tornadus\n|-damage|p1a: Tornadus|31\/100\n|\n|upkeep\n|turn|16\n|\n|t:|1699852958\n|move|p2a: sean da paul|Thunderbolt|p1a: Tornadus\n|-supereffective|p1a: Tornadus\n|-damage|p1a: Tornadus|0 fnt\n|faint|p1a: Tornadus\n|\n|upkeep\n|\n|t:|1699852961\n|switch|p1a: Maushold|Maushold-Four|100\/100\n|turn|17\n|\n|t:|1699852971\n|move|p1a: Maushold|Tidy Up|p1a: Maushold\n|-sideend|p1: nahte|Stealth Rock\n|-activate|p1a: Maushold|move: Tidy Up\n|-boost|p1a: Maushold|atk|1\n|-boost|p1a: Maushold|spe|1\n|move|p2a: sean da paul|Close Combat|p1a: Maushold\n|-supereffective|p1a: Maushold\n|-damage|p1a: Maushold|0 fnt\n|-unboost|p2a: sean da paul|def|1\n|-unboost|p2a: sean da paul|spd|1\n|faint|p1a: Maushold\n|\n|upkeep\n|\n|t:|1699852973\n|switch|p1a: Avalugg|Avalugg-Hisui, M|100\/100\n|turn|18\n|c|\u2606nahte|went for the read and lost it all\n|c|\u2606nahte|gg, I kept over predicting every move\n|\n|t:|1699852995\n|move|p2a: sean da paul|Close Combat|p1a: Avalugg\n|-supereffective|p1a: Avalugg\n|-damage|p1a: Avalugg|1\/100\n|-unboost|p2a: sean da paul|def|1\n|-unboost|p2a: sean da paul|spd|1\n|move|p1a: Avalugg|Ice Spinner|p2a: sean da paul\n|-crit|p2a: sean da paul\n|-damage|p2a: sean da paul|0 fnt\n|faint|p2a: sean da paul\n|-end|p2a: sean da paul|Quark Drive|[silent]\n|\n|upkeep\n|c|\u2606Kakarot Ketchum|sometimes simple is best\n|\n|t:|1699853003\n|switch|p2a: get busy|Sneasler, F|9\/100 par\n|turn|19\n|-enditem|p1a: Avalugg|Custap Berry|[eat]\n|-activate|p1a: Avalugg|item: Custap Berry|[consumed]\n|\n|t:|1699853006\n|move|p2a: get busy|Fake Out|p1a: Avalugg\n|-resisted|p1a: Avalugg\n|-damage|p1a: Avalugg|0 fnt\n|faint|p1a: Avalugg\n|\n|win|Kakarot Ketchum\n|raw|nahte's rating: 1249 &rarr; <strong>1218<\/strong><br \/>(-31 for losing)\n|raw|Kakarot Ketchum's rating: 1170 &rarr; <strong>1201<\/strong><br \/>(+31 for winning)\n|l|\u2606nahte\n|c|\u2606Kakarot Ketchum|gg\n","uploadtime":1699853017,"views":18,"p1id":"nahte","p2id":"kakarotketchum","formatid":"gen9ou","rating":1201,"private":0,"password":""}