{"id":"gen9ou-1991785826","p1":"ratatta17","p2":"chipchocolat","format":"[Gen 9] OU","log":"|j|\u2606ratatta17\n|j|\u2606chipchocolat\n|t:|1700116986\n|gametype|singles\n|player|p1|ratatta17|2|1452\n|player|p2|chipchocolat|266|1510\n|teamsize|p1|6\n|teamsize|p2|6\n|gen|9\n|tier|[Gen 9] OU\n|rated|\n|rule|Sleep Clause Mod: Limit one foe put to sleep\n|rule|Species Clause: Limit one of each Pok\u00e9mon\n|rule|OHKO Clause: OHKO moves are banned\n|rule|Evasion Items Clause: Evasion items are banned\n|rule|Evasion Moves Clause: Evasion moves are banned\n|rule|Endless Battle Clause: Forcing endless battles is banned\n|rule|HP Percentage Mod: HP is shown in percentages\n|clearpoke\n|poke|p1|Azumarill, M|\n|poke|p1|Staraptor, F|\n|poke|p1|Toedscruel, M|\n|poke|p1|Skeledirge, F|\n|poke|p1|Ninetales-Alola, M|\n|poke|p1|Iron Valiant|\n|poke|p2|Fezandipiti, M|\n|poke|p2|Zapdos|\n|poke|p2|Empoleon, F|\n|poke|p2|Great Tusk|\n|poke|p2|Chandelure, F|\n|poke|p2|Meowscarada, F|\n|teampreview\n|\n|t:|1700116999\n|start\n|switch|p1a: Staraptor|Staraptor, F|100\/100\n|switch|p2a: Chandelure|Chandelure, F, shiny|100\/100\n|-ability|p1a: Staraptor|Intimidate|boost\n|-unboost|p2a: Chandelure|atk|1\n|turn|1\n|inactive|Battle timer is ON: inactive players will automatically lose when time's up. (requested by ratatta17)\n|\n|t:|1700117004\n|move|p1a: Staraptor|Brave Bird|p2a: Chandelure\n|-damage|p2a: Chandelure|31\/100\n|-damage|p1a: Staraptor|84\/100|[from] Recoil\n|move|p2a: Chandelure|Overheat|p1a: Staraptor\n|-damage|p1a: Staraptor|0 fnt\n|-unboost|p2a: Chandelure|spa|2\n|faint|p1a: Staraptor\n|\n|upkeep\n|\n|t:|1700117012\n|switch|p1a: Azumarill|Azumarill, M|100\/100\n|turn|2\n|\n|t:|1700117017\n|switch|p2a: Zapdos|Zapdos|100\/100\n|move|p1a: Azumarill|Belly Drum|p1a: Azumarill\n|-damage|p1a: Azumarill|50\/100\n|-setboost|p1a: Azumarill|atk|6|[from] move: Belly Drum\n|-enditem|p1a: Azumarill|Sitrus Berry|[eat]\n|-heal|p1a: Azumarill|75\/100|[from] item: Sitrus Berry\n|\n|upkeep\n|turn|3\n|\n|t:|1700117024\n|move|p1a: Azumarill|Aqua Jet|p2a: Zapdos\n|-crit|p2a: Zapdos\n|-damage|p2a: Zapdos|0 fnt\n|faint|p2a: Zapdos\n|\n|upkeep\n|\n|t:|1700117033\n|switch|p2a: Meowscarada|Meowscarada, F, shiny|100\/100\n|turn|4\n|\n|t:|1700117049\n|-terastallize|p1a: Azumarill|Steel\n|move|p1a: Azumarill|Aqua Jet|p2a: Meowscarada\n|-resisted|p2a: Meowscarada\n|-damage|p2a: Meowscarada|21\/100\n|move|p2a: Meowscarada|Flower Trick|p1a: Azumarill\n|-start|p2a: Meowscarada|typechange|Grass|[from] ability: Protean\n|-resisted|p1a: Azumarill\n|-crit|p1a: Azumarill\n|-damage|p1a: Azumarill|41\/100\n|\n|upkeep\n|turn|5\n|\n|t:|1700117055\n|move|p1a: Azumarill|Aqua Jet|p2a: Meowscarada\n|-resisted|p2a: Meowscarada\n|-damage|p2a: Meowscarada|0 fnt\n|faint|p2a: Meowscarada\n|\n|upkeep\n|\n|t:|1700117059\n|switch|p2a: Empoleon|Empoleon, F|100\/100\n|turn|6\n|\n|t:|1700117064\n|move|p1a: Azumarill|Aqua Jet|p2a: Empoleon\n|-resisted|p2a: Empoleon\n|-damage|p2a: Empoleon|48\/100\n|move|p2a: Empoleon|Surf|p1a: Azumarill\n|-damage|p1a: Azumarill|5\/100\n|\n|-heal|p2a: Empoleon|54\/100|[from] item: Leftovers\n|upkeep\n|turn|7\n|\n|t:|1700117073\n|move|p1a: Azumarill|Aqua Jet|p2a: Empoleon\n|-resisted|p2a: Empoleon\n|-damage|p2a: Empoleon|0 fnt\n|faint|p2a: Empoleon\n|\n|upkeep\n|\n|t:|1700117082\n|switch|p2a: Great Tusk|Great Tusk|100\/100\n|turn|8\n|\n|t:|1700117086\n|-terastallize|p2a: Great Tusk|Grass\n|move|p1a: Azumarill|Aqua Jet|p2a: Great Tusk\n|-resisted|p2a: Great Tusk\n|-damage|p2a: Great Tusk|62\/100\n|move|p2a: Great Tusk|Rapid Spin|p1a: Azumarill\n|-resisted|p1a: Azumarill\n|-damage|p1a: Azumarill|0 fnt\n|-boost|p2a: Great Tusk|spe|1\n|faint|p1a: Azumarill\n|\n|upkeep\n|\n|t:|1700117094\n|switch|p1a: Ninetales|Ninetales-Alola, M|100\/100\n|-weather|Snow|[from] ability: Snow Warning|[of] p1a: Ninetales\n|turn|9\n|\n|t:|1700117100\n|move|p2a: Great Tusk|Headlong Rush|p1a: Ninetales\n|-damage|p1a: Ninetales|46\/100\n|-unboost|p2a: Great Tusk|def|1\n|-unboost|p2a: Great Tusk|spd|1\n|move|p1a: Ninetales|Aurora Veil|p1a: Ninetales\n|-sidestart|p1: ratatta17|move: Aurora Veil\n|\n|-weather|Snow|[upkeep]\n|upkeep\n|turn|10\n|\n|t:|1700117108\n|-end|p2a: Great Tusk|Protosynthesis|[silent]\n|switch|p2a: Chandelure|Chandelure, F, shiny|31\/100\n|move|p1a: Ninetales|Freeze-Dry|p2a: Chandelure\n|-resisted|p2a: Chandelure\n|-damage|p2a: Chandelure|19\/100\n|\n|-weather|Snow|[upkeep]\n|upkeep\n|turn|11\n|\n|t:|1700117114\n|switch|p1a: Skeledirge|Skeledirge, F|100\/100\n|move|p2a: Chandelure|Flamethrower|p1a: Skeledirge\n|-resisted|p1a: Skeledirge\n|-damage|p1a: Skeledirge|84\/100\n|\n|-weather|Snow|[upkeep]\n|-heal|p1a: Skeledirge|90\/100|[from] item: Leftovers\n|upkeep\n|turn|12\n|\n|t:|1700117119\n|switch|p2a: Great Tusk|Great Tusk, tera:Grass|62\/100\n|move|p1a: Skeledirge|Torch Song|p2a: Great Tusk\n|-supereffective|p2a: Great Tusk\n|-damage|p2a: Great Tusk|1\/100\n|-boost|p1a: Skeledirge|spa|1\n|\n|-weather|Snow|[upkeep]\n|-heal|p1a: Skeledirge|96\/100|[from] item: Leftovers\n|upkeep\n|turn|13\n|\n|t:|1700117129\n|move|p2a: Great Tusk|Headlong Rush|p1a: Skeledirge\n|-supereffective|p1a: Skeledirge\n|-damage|p1a: Skeledirge|49\/100\n|-unboost|p2a: Great Tusk|def|1\n|-unboost|p2a: Great Tusk|spd|1\n|move|p1a: Skeledirge|Torch Song|p2a: Great Tusk\n|-supereffective|p2a: Great Tusk\n|-damage|p2a: Great Tusk|0 fnt\n|-boost|p1a: Skeledirge|spa|1\n|faint|p2a: Great Tusk\n|-end|p2a: Great Tusk|Protosynthesis|[silent]\n|\n|-weather|none\n|-heal|p1a: Skeledirge|55\/100|[from] item: Leftovers\n|upkeep\n|\n|t:|1700117138\n|switch|p2a: Chandelure|Chandelure, F, shiny|19\/100\n|turn|14\n|\n|t:|1700117144\n|move|p2a: Chandelure|Shadow Ball|p1a: Skeledirge\n|-supereffective|p1a: Skeledirge\n|-damage|p1a: Skeledirge|0 fnt\n|faint|p1a: Skeledirge\n|\n|upkeep\n|\n|t:|1700117166\n|switch|p1a: Iron Valiant|Iron Valiant|100\/100\n|turn|15\n|\n|t:|1700117169\n|move|p2a: Chandelure|Shadow Ball|p1a: Iron Valiant\n|-damage|p1a: Iron Valiant|18\/100\n|-unboost|p1a: Iron Valiant|spd|1\n|move|p1a: Iron Valiant|Knock Off|p2a: Chandelure\n|-supereffective|p2a: Chandelure\n|-damage|p2a: Chandelure|0 fnt\n|-enditem|p2a: Chandelure|Choice Scarf|[from] move: Knock Off|[of] p1a: Iron Valiant\n|faint|p2a: Chandelure\n|-damage|p1a: Iron Valiant|9\/100|[from] item: Life Orb\n|\n|upkeep\n|\n|t:|1700117176\n|switch|p2a: Fezandipiti|Fezandipiti, M|100\/100\n|turn|16\n|\n|t:|1700117179\n|move|p1a: Iron Valiant|Knock Off|p2a: Fezandipiti\n|-resisted|p2a: Fezandipiti\n|-damage|p2a: Fezandipiti|87\/100\n|-enditem|p2a: Fezandipiti|Covert Cloak|[from] move: Knock Off|[of] p1a: Iron Valiant\n|-damage|p1a: Iron Valiant|0 fnt|[from] item: Life Orb\n|faint|p1a: Iron Valiant\n|-end|p1a: Iron Valiant|Quark Drive|[silent]\n|move|p2a: Fezandipiti|Calm Mind|p2a: Fezandipiti\n|-boost|p2a: Fezandipiti|spa|1\n|-boost|p2a: Fezandipiti|spd|1\n|\n|-sideend|p1: ratatta17|move: Aurora Veil\n|upkeep\n|\n|t:|1700117189\n|switch|p1a: Ninetales|Ninetales-Alola, M|46\/100\n|-weather|Snow|[from] ability: Snow Warning|[of] p1a: Ninetales\n|turn|17\n|\n|t:|1700117193\n|move|p2a: Fezandipiti|Calm Mind|p2a: Fezandipiti\n|-boost|p2a: Fezandipiti|spa|1\n|-boost|p2a: Fezandipiti|spd|1\n|move|p1a: Ninetales|Encore|p2a: Fezandipiti\n|-start|p2a: Fezandipiti|Encore\n|\n|-weather|Snow|[upkeep]\n|upkeep\n|turn|18\n|\n|t:|1700117200\n|move|p2a: Fezandipiti|Calm Mind|p2a: Fezandipiti\n|-boost|p2a: Fezandipiti|spa|1\n|-boost|p2a: Fezandipiti|spd|1\n|move|p1a: Ninetales|Aurora Veil|p1a: Ninetales\n|-sidestart|p1: ratatta17|move: Aurora Veil\n|\n|-weather|Snow|[upkeep]\n|upkeep\n|turn|19\n|\n|t:|1700117205\n|switch|p1a: Toedscruel|Toedscruel, M|100\/100\n|move|p2a: Fezandipiti|Calm Mind|p2a: Fezandipiti\n|-boost|p2a: Fezandipiti|spa|1\n|-boost|p2a: Fezandipiti|spd|1\n|\n|-weather|Snow|[upkeep]\n|upkeep\n|turn|20\n|\n|t:|1700117208\n|move|p2a: Fezandipiti|Calm Mind|p2a: Fezandipiti\n|-boost|p2a: Fezandipiti|spa|1\n|-boost|p2a: Fezandipiti|spd|1\n|move|p1a: Toedscruel|Spore|p2a: Fezandipiti\n|-status|p2a: Fezandipiti|slp|[from] move: Spore\n|\n|-weather|Snow|[upkeep]\n|-end|p2a: Fezandipiti|Encore\n|upkeep\n|turn|21\n|\n|t:|1700117211\n|cant|p2a: Fezandipiti|slp\n|move|p1a: Toedscruel|Leech Seed|p2a: Fezandipiti\n|-start|p2a: Fezandipiti|move: Leech Seed\n|\n|-weather|none\n|-damage|p2a: Fezandipiti|74\/100 slp|[from] Leech Seed|[of] p1a: Toedscruel\n|upkeep\n|turn|22\n|\n|t:|1700117224\n|switch|p1a: Ninetales|Ninetales-Alola, M|46\/100\n|-weather|Snow|[from] ability: Snow Warning|[of] p1a: Ninetales\n|cant|p2a: Fezandipiti|slp\n|\n|-weather|Snow|[upkeep]\n|-damage|p2a: Fezandipiti|62\/100 slp|[from] Leech Seed|[of] p1a: Ninetales\n|-heal|p1a: Ninetales|59\/100|[silent]\n|upkeep\n|turn|23\n|\n|t:|1700117227\n|-curestatus|p2a: Fezandipiti|slp|[msg]\n|move|p2a: Fezandipiti|Moonblast|p1a: Ninetales\n|-damage|p1a: Ninetales|29\/100\n|-unboost|p1a: Ninetales|spa|1\n|-status|p1a: Ninetales|tox|[from] ability: Toxic Chain|[of] p2a: Fezandipiti\n|move|p1a: Ninetales|Encore|p2a: Fezandipiti\n|-start|p2a: Fezandipiti|Encore\n|\n|-weather|Snow|[upkeep]\n|-damage|p2a: Fezandipiti|50\/100|[from] Leech Seed|[of] p1a: Ninetales\n|-heal|p1a: Ninetales|42\/100 tox|[silent]\n|-damage|p1a: Ninetales|36\/100 tox|[from] psn\n|upkeep\n|turn|24\n|\n|t:|1700117236\n|move|p2a: Fezandipiti|Moonblast|p1a: Ninetales\n|-damage|p1a: Ninetales|8\/100 tox\n|move|p1a: Ninetales|Freeze-Dry|p2a: Fezandipiti\n|-damage|p2a: Fezandipiti|47\/100\n|\n|-weather|Snow|[upkeep]\n|-damage|p2a: Fezandipiti|34\/100|[from] Leech Seed|[of] p1a: Ninetales\n|-heal|p1a: Ninetales|21\/100 tox|[silent]\n|-damage|p1a: Ninetales|9\/100 tox|[from] psn\n|upkeep\n|turn|25\n|\n|t:|1700117244\n|move|p2a: Fezandipiti|Moonblast|p1a: Ninetales\n|-damage|p1a: Ninetales|0 fnt\n|faint|p1a: Ninetales\n|\n|-weather|Snow|[upkeep]\n|-sideend|p1: ratatta17|move: Aurora Veil\n|upkeep\n|\n|t:|1700117247\n|switch|p1a: Toedscruel|Toedscruel, M|100\/100\n|turn|26\n|j| KangkongNation\n|\n|t:|1700117251\n|move|p2a: Fezandipiti|Moonblast|p1a: Toedscruel\n|-damage|p1a: Toedscruel|29\/100\n|-status|p1a: Toedscruel|tox|[from] ability: Toxic Chain|[of] p2a: Fezandipiti\n|move|p1a: Toedscruel|Spore|p2a: Fezandipiti\n|-status|p2a: Fezandipiti|slp|[from] move: Spore\n|\n|-weather|none\n|-heal|p1a: Toedscruel|35\/100 tox|[from] item: Leftovers\n|-damage|p2a: Fezandipiti|22\/100 slp|[from] Leech Seed|[of] p1a: Toedscruel\n|-heal|p1a: Toedscruel|47\/100 tox|[silent]\n|-damage|p1a: Toedscruel|41\/100 tox|[from] psn\n|-end|p2a: Fezandipiti|Encore\n|upkeep\n|turn|27\n|\n|t:|1700117259\n|cant|p2a: Fezandipiti|slp\n|move|p1a: Toedscruel|Rapid Spin|p2a: Fezandipiti\n|-damage|p2a: Fezandipiti|16\/100 slp\n|-boost|p1a: Toedscruel|spe|1\n|\n|-heal|p1a: Toedscruel|47\/100 tox|[from] item: Leftovers\n|-damage|p2a: Fezandipiti|3\/100 slp|[from] Leech Seed|[of] p1a: Toedscruel\n|-heal|p1a: Toedscruel|60\/100 tox|[silent]\n|-damage|p1a: Toedscruel|48\/100 tox|[from] psn\n|upkeep\n|turn|28\n|\n|t:|1700117266\n|move|p1a: Toedscruel|Rapid Spin|p2a: Fezandipiti\n|-damage|p2a: Fezandipiti|0 fnt\n|-boost|p1a: Toedscruel|spe|1\n|faint|p2a: Fezandipiti\n|\n|win|ratatta17\n|raw|ratatta17's rating: 1452 &rarr; <strong>1475<\/strong><br \/>(+23 for winning)\n|raw|chipchocolat's rating: 1510 &rarr; <strong>1487<\/strong><br \/>(-23 for losing)\n|l|\u2606chipchocolat\n","uploadtime":1700117276,"views":8,"p1id":"ratatta17","p2id":"chipchocolat","formatid":"gen9ou","rating":1475,"private":0,"password":""}