{"id":"gen9ou-1993448187","p1":"Agentpeen","p2":"comeoney","format":"[Gen 9] OU","log":"|j|\u2606Agentpeen\n|j|\u2606comeoney\n|t:|1700319171\n|gametype|singles\n|player|p1|Agentpeen|hugh|1320\n|player|p2|comeoney|170|1257\n|teamsize|p1|6\n|teamsize|p2|6\n|gen|9\n|tier|[Gen 9] OU\n|rated|\n|rule|Sleep Clause Mod: Limit one foe put to sleep\n|rule|Species Clause: Limit one of each Pok\u00e9mon\n|rule|OHKO Clause: OHKO moves are banned\n|rule|Evasion Items Clause: Evasion items are banned\n|rule|Evasion Moves Clause: Evasion moves are banned\n|rule|Endless Battle Clause: Forcing endless battles is banned\n|rule|HP Percentage Mod: HP is shown in percentages\n|clearpoke\n|poke|p1|Ogerpon-Cornerstone, F|\n|poke|p1|Landorus-Therian, M|\n|poke|p1|Iron Valiant|\n|poke|p1|Samurott-Hisui, F|\n|poke|p1|Slowking-Galar, F|\n|poke|p1|Kingambit, M|\n|poke|p2|Ogerpon-Wellspring, F|\n|poke|p2|Gholdengo|\n|poke|p2|Kingambit, F|\n|poke|p2|Great Tusk|\n|poke|p2|Thundurus-Therian, M|\n|poke|p2|Slowking-Galar, F|\n|teampreview\n|inactive|Battle timer is ON: inactive players will automatically lose when time's up. (requested by Agentpeen)\n|\n|t:|1700319202\n|start\n|switch|p1a: Ham|Samurott-Hisui, F|100\/100\n|switch|p2a: Thundurus|Thundurus-Therian, M|100\/100\n|turn|1\n|\n|t:|1700319219\n|move|p2a: Thundurus|Volt Switch|p1a: Ham\n|-supereffective|p1a: Ham\n|-enditem|p1a: Ham|Focus Sash\n|-damage|p1a: Ham|1\/100\n|\n|t:|1700319231\n|switch|p2a: Great Tusk|Great Tusk|100\/100|[from] Volt Switch\n|move|p1a: Ham|Ceaseless Edge|p2a: Great Tusk\n|-resisted|p2a: Great Tusk\n|-damage|p2a: Great Tusk|90\/100\n|-sidestart|p2: comeoney|Spikes\n|\n|-heal|p2a: Great Tusk|96\/100|[from] item: Leftovers\n|upkeep\n|turn|2\n|\n|t:|1700319241\n|move|p1a: Ham|Aqua Cutter|p2a: Great Tusk\n|-supereffective|p2a: Great Tusk\n|-damage|p2a: Great Tusk|50\/100\n|move|p2a: Great Tusk|Rapid Spin|p1a: Ham\n|-damage|p1a: Ham|0 fnt\n|-boost|p2a: Great Tusk|spe|1\n|-sideend|p2: comeoney|Spikes|[from] move: Rapid Spin|[of] p2a: Great Tusk\n|faint|p1a: Ham\n|\n|-heal|p2a: Great Tusk|57\/100|[from] item: Leftovers\n|upkeep\n|\n|t:|1700319268\n|switch|p1a: Ogarappu|Ogerpon-Cornerstone, F|100\/100\n|turn|3\n|inactive|comeoney has 120 seconds left.\n|\n|t:|1700319305\n|move|p2a: Great Tusk|Earthquake|p1a: Ogarappu\n|-damage|p1a: Ogarappu|41\/100\n|move|p1a: Ogarappu|Trailblaze|p2a: Great Tusk\n|-supereffective|p2a: Great Tusk\n|-damage|p2a: Great Tusk|24\/100\n|-boost|p1a: Ogarappu|spe|1\n|\n|-heal|p2a: Great Tusk|30\/100|[from] item: Leftovers\n|upkeep\n|turn|4\n|inactive|comeoney has 120 seconds left.\n|\n|t:|1700319324\n|move|p1a: Ogarappu|Trailblaze|p2a: Great Tusk\n|-supereffective|p2a: Great Tusk\n|-damage|p2a: Great Tusk|1\/100\n|-boost|p1a: Ogarappu|spe|1\n|move|p2a: Great Tusk|Earthquake|p1a: Ogarappu\n|-damage|p1a: Ogarappu|0 fnt\n|faint|p1a: Ogarappu\n|\n|-heal|p2a: Great Tusk|7\/100|[from] item: Leftovers\n|upkeep\n|inactive|Agentpeen has 120 seconds left.\n|\n|t:|1700319352\n|switch|p1a: Kiniger|Kingambit, M|100\/100\n|-activate|p1a: Kiniger|ability: Supreme Overlord\n|-start|p1a: Kiniger|fallen2|[silent]\n|turn|5\n|inactive|Agentpeen has 120 seconds left.\n|inactive|comeoney has 120 seconds left.\n|\n|t:|1700319365\n|move|p1a: Kiniger|Sucker Punch||[still]\n|-fail|p1a: Kiniger\n|move|p2a: Great Tusk|Bulk Up|p2a: Great Tusk\n|-boost|p2a: Great Tusk|atk|1\n|-boost|p2a: Great Tusk|def|1\n|\n|-heal|p2a: Great Tusk|13\/100|[from] item: Leftovers\n|upkeep\n|turn|6\n|inactive|Agentpeen has 120 seconds left.\n|inactive|comeoney has 120 seconds left.\n|\n|t:|1700319385\n|-terastallize|p1a: Kiniger|Dark\n|move|p2a: Great Tusk|Knock Off|p1a: Kiniger\n|-resisted|p1a: Kiniger\n|-damage|p1a: Kiniger|86\/100\n|-enditem|p1a: Kiniger|Leftovers|[from] move: Knock Off|[of] p2a: Great Tusk\n|move|p1a: Kiniger|Iron Head|p2a: Great Tusk\n|-damage|p2a: Great Tusk|0 fnt\n|faint|p2a: Great Tusk\n|-end|p2a: Great Tusk|Protosynthesis|[silent]\n|\n|upkeep\n|inactive|comeoney has 120 seconds left.\n|l|\u2606comeoney\n|inactive|comeoney disconnected and has a minute to reconnect!\n|player|p2|\n|j|\u2606comeoney\n|inactive|comeoney reconnected and has 105 seconds left.\n|player|p2|comeoney|170\n|c|\u2606Agentpeen|gottem\n|c|\u2606Agentpeen|maybe not\n|inactive|comeoney has 90 seconds left.\n|inactive|comeoney has 60 seconds left.\n|\n|t:|1700319464\n|switch|p2a: Gholdengo|Gholdengo|100\/100\n|turn|7\n|inactive|Agentpeen has 120 seconds left.\n|\n|t:|1700319480\n|-terastallize|p2a: Gholdengo|Fighting\n|move|p2a: Gholdengo|Trick|p1a: Kiniger\n|-activate|p2a: Gholdengo|move: Trick|[of] p1a: Kiniger\n|-item|p1a: Kiniger|Choice Scarf|[from] move: Trick\n|-enditem|p2a: Gholdengo|Choice Scarf|[silent]|[from] move: Trick\n|move|p1a: Kiniger|Kowtow Cleave|p2a: Gholdengo\n|-resisted|p2a: Gholdengo\n|-damage|p2a: Gholdengo|57\/100\n|\n|upkeep\n|turn|8\n|\n|t:|1700319501\n|-end|p1a: Kiniger|fallen2|[silent]\n|switch|p1a: Lundorus|Landorus-Therian, M|100\/100\n|-ability|p1a: Lundorus|Intimidate|boost\n|-unboost|p2a: Gholdengo|atk|1\n|move|p2a: Gholdengo|Focus Blast|p1a: Lundorus\n|-resisted|p1a: Lundorus\n|-damage|p1a: Lundorus|75\/100\n|\n|upkeep\n|turn|9\n|\n|t:|1700319519\n|switch|p2a: Thundurus|Thundurus-Therian, M|100\/100\n|move|p1a: Lundorus|Earthquake|p2a: Thundurus\n|-immune|p2a: Thundurus\n|\n|upkeep\n|turn|10\n|\n|t:|1700319541\n|move|p1a: Lundorus|Stone Edge|p2a: Thundurus\n|-supereffective|p2a: Thundurus\n|-damage|p2a: Thundurus|0 fnt\n|faint|p2a: Thundurus\n|\n|upkeep\n|c|\u2606Agentpeen|gaand hi maar di pancho\n|inactive|comeoney has 30 seconds left.\n|\n|t:|1700319561\n|switch|p2a: Ogerpon|Ogerpon-Wellspring, F|100\/100\n|turn|11\n|inactive|comeoney has 30 seconds left.\n|\n|t:|1700319572\n|switch|p1a: Golowin|Slowking-Galar, F, shiny|100\/100\n|move|p2a: Ogerpon|Swords Dance|p2a: Ogerpon\n|-boost|p2a: Ogerpon|atk|2\n|\n|upkeep\n|turn|12\n|\n|t:|1700319585\n|move|p2a: Ogerpon|Knock Off|p1a: Golowin\n|-supereffective|p1a: Golowin\n|-damage|p1a: Golowin|0 fnt\n|-enditem|p1a: Golowin|Heavy-Duty Boots|[from] move: Knock Off|[of] p2a: Ogerpon\n|faint|p1a: Golowin\n|\n|upkeep\n|\n|t:|1700319588\n|switch|p1a: Lundorus|Landorus-Therian, M|75\/100\n|-ability|p1a: Lundorus|Intimidate|boost\n|-unboost|p2a: Ogerpon|atk|1\n|turn|13\n|inactive|Agentpeen has 120 seconds left.\n|\n|t:|1700319600\n|move|p2a: Ogerpon|Ivy Cudgel|p1a: Lundorus|[anim] Ivy Cudgel Water\n|-supereffective|p1a: Lundorus\n|-damage|p1a: Lundorus|0 fnt\n|faint|p1a: Lundorus\n|\n|upkeep\n|\n|t:|1700319610\n|switch|p1a: Kiniger|Kingambit, M, tera:Dark|86\/100\n|-activate|p1a: Kiniger|ability: Supreme Overlord\n|-start|p1a: Kiniger|fallen4|[silent]\n|turn|14\n|inactive|Agentpeen has 120 seconds left.\n|\n|t:|1700319631\n|switch|p2a: Kingambit|Kingambit, F|100\/100\n|-activate|p2a: Kingambit|ability: Supreme Overlord\n|-start|p2a: Kingambit|fallen2|[silent]\n|move|p1a: Kiniger|Sucker Punch||[still]\n|-fail|p1a: Kiniger\n|\n|upkeep\n|turn|15\n|\n|t:|1700319636\n|-end|p1a: Kiniger|fallen4|[silent]\n|switch|p1a: Iron Valorant|Iron Valiant|100\/100\n|-enditem|p1a: Iron Valorant|Booster Energy\n|-activate|p1a: Iron Valorant|ability: Quark Drive|[fromitem]\n|-start|p1a: Iron Valorant|quarkdrivespe\n|move|p2a: Kingambit|Swords Dance|p2a: Kingambit\n|-boost|p2a: Kingambit|atk|2\n|\n|upkeep\n|turn|16\n|inactive|Agentpeen has 120 seconds left.\n|\n|t:|1700319655\n|move|p2a: Kingambit|Sucker Punch|p1a: Iron Valorant\n|-resisted|p1a: Iron Valorant\n|-damage|p1a: Iron Valorant|71\/100\n|move|p1a: Iron Valorant|Aura Sphere|p2a: Kingambit\n|-supereffective|p2a: Kingambit\n|-damage|p2a: Kingambit|0 fnt\n|faint|p2a: Kingambit\n|-end|p2a: Kingambit|fallen2|[silent]\n|\n|upkeep\n|\n|t:|1700319668\n|switch|p2a: Slowking|Slowking-Galar, F|100\/100\n|turn|17\n|\n|t:|1700319673\n|-end|p1a: Iron Valorant|Quark Drive|[silent]\n|switch|p1a: Kiniger|Kingambit, M, tera:Dark|86\/100\n|-activate|p1a: Kiniger|ability: Supreme Overlord\n|-start|p1a: Kiniger|fallen4|[silent]\n|move|p2a: Slowking|Thunder Wave|p1a: Kiniger\n|-status|p1a: Kiniger|par\n|\n|upkeep\n|turn|18\n|inactive|comeoney has 30 seconds left.\n|\n|t:|1700319697\n|switch|p2a: Gholdengo|Gholdengo, tera:Fighting|57\/100\n|move|p1a: Kiniger|Kowtow Cleave|p2a: Gholdengo\n|-resisted|p2a: Gholdengo\n|-damage|p2a: Gholdengo|3\/100\n|\n|upkeep\n|turn|19\n|\n|t:|1700319706\n|move|p2a: Gholdengo|Make It Rain|p1a: Kiniger\n|-damage|p1a: Kiniger|20\/100 par\n|-unboost|p2a: Gholdengo|spa|1\n|move|p1a: Kiniger|Kowtow Cleave|p2a: Gholdengo\n|-resisted|p2a: Gholdengo\n|-crit|p2a: Gholdengo\n|-damage|p2a: Gholdengo|0 fnt\n|faint|p2a: Gholdengo\n|\n|upkeep\n|inactive|comeoney has 30 seconds left.\n|\n|t:|1700319721\n|switch|p2a: Ogerpon|Ogerpon-Wellspring, F|100\/100\n|turn|20\n|inactive|comeoney has 30 seconds left.\n|c|\u2606comeoney|gg\n|c|\u2606comeoney|puta\n|inactive|Agentpeen has 120 seconds left.\n|\n|t:|1700319752\n|move|p2a: Ogerpon|Ivy Cudgel|p1a: Kiniger|[anim] Ivy Cudgel Water\n|-damage|p1a: Kiniger|0 fnt\n|faint|p1a: Kiniger\n|-end|p1a: Kiniger|fallen4|[silent]\n|\n|upkeep\n|\n|t:|1700319756\n|switch|p1a: Iron Valorant|Iron Valiant|71\/100\n|turn|21\n|l|\u2606comeoney\n|inactive|comeoney disconnected and has a minute to reconnect!\n|player|p2|\n|inactive|comeoney has 30 seconds left.\n|j|\u2606comeoney\n|inactive|comeoney reconnected and has 30 seconds left.\n|player|p2|comeoney|170\n|\n|t:|1700319779\n|move|p1a: Iron Valorant|Moonblast|p2a: Ogerpon\n|-damage|p2a: Ogerpon|45\/100\n|move|p2a: Ogerpon|Ivy Cudgel|p1a: Iron Valorant|[anim] Ivy Cudgel Water\n|-damage|p1a: Iron Valorant|0 fnt\n|faint|p1a: Iron Valorant\n|-end|p1a: Iron Valorant|Quark Drive|[silent]\n|\n|win|comeoney\n|inactive|comeoney has 30 seconds left this turn.\n|raw|Agentpeen's rating: 1320 &rarr; <strong>1296<\/strong><br \/>(-24 for losing)\n|raw|comeoney's rating: 1257 &rarr; <strong>1286<\/strong><br \/>(+29 for winning)\n","uploadtime":1700319557,"views":9,"p1id":"agentpeen","p2id":"comeoney","formatid":"gen9ou","rating":1286,"private":0,"password":""}