{"id":"gen9ou-1992007114","p1":"LVZYY1","p2":"trubs","format":"[Gen 9] OU","log":"|j|\u2606LVZYY1\n|j|\u2606trubs\n|t:|1700147185\n|gametype|singles\n|player|p1|LVZYY1|1|1040\n|player|p2|trubs|hilbert|1082\n|teamsize|p1|6\n|teamsize|p2|6\n|gen|9\n|tier|[Gen 9] OU\n|rated|\n|rule|Sleep Clause Mod: Limit one foe put to sleep\n|rule|Species Clause: Limit one of each Pok\u00e9mon\n|rule|OHKO Clause: OHKO moves are banned\n|rule|Evasion Items Clause: Evasion items are banned\n|rule|Evasion Moves Clause: Evasion moves are banned\n|rule|Endless Battle Clause: Forcing endless battles is banned\n|rule|HP Percentage Mod: HP is shown in percentages\n|clearpoke\n|poke|p1|Greninja-*, F|\n|poke|p1|Pelipper, M|\n|poke|p1|Kingambit, F|\n|poke|p1|Zapdos|\n|poke|p1|Ting-Lu|\n|poke|p1|Basculegion, M|\n|poke|p2|Sinistcha-Masterpiece|\n|poke|p2|Ribombee, F|\n|poke|p2|Ogerpon-Cornerstone, F|\n|poke|p2|Cinderace, M|\n|poke|p2|Ditto|\n|poke|p2|Greninja-*, M|\n|teampreview\n|inactive|Battle timer is ON: inactive players will automatically lose when time's up. (requested by trubs)\n|\n|t:|1700147190\n|start\n|switch|p1a: Ting-Lu|Ting-Lu|100\/100\n|switch|p2a: DeBalls|Ribombee, F, shiny|100\/100\n|-ability|p1a: Ting-Lu|Vessel of Ruin\n|turn|1\n|\n|t:|1700147196\n|move|p2a: DeBalls|Quiver Dance|p2a: DeBalls\n|-boost|p2a: DeBalls|spa|1\n|-boost|p2a: DeBalls|spd|1\n|-boost|p2a: DeBalls|spe|1\n|move|p1a: Ting-Lu|Stealth Rock|p2a: DeBalls\n|-sidestart|p2: trubs|move: Stealth Rock\n|\n|upkeep\n|turn|2\n|\n|t:|1700147202\n|move|p2a: DeBalls|Moonblast|p1a: Ting-Lu\n|-supereffective|p1a: Ting-Lu\n|-damage|p1a: Ting-Lu|50\/100\n|-unboost|p1a: Ting-Lu|spa|1\n|-enditem|p1a: Ting-Lu|Red Card|[of] p2a: DeBalls\n|drag|p2a: Smillie|Greninja, M|100\/100\n|-damage|p2a: Smillie|88\/100|[from] Stealth Rock\n|move|p1a: Ting-Lu|Spikes|p2a: Smillie\n|-sidestart|p2: trubs|Spikes\n|\n|upkeep\n|turn|3\n|\n|t:|1700147228\n|move|p2a: Smillie|Hydro Pump|p1a: Ting-Lu\n|-supereffective|p1a: Ting-Lu\n|-damage|p1a: Ting-Lu|0 fnt\n|faint|p1a: Ting-Lu\n|-ability|p2a: Smillie|Battle Bond|boost\n|-boost|p2a: Smillie|atk|1\n|-boost|p2a: Smillie|spa|1\n|-boost|p2a: Smillie|spe|1\n|-activate|p2a: Smillie|ability: Battle Bond\n|-damage|p2a: Smillie|78\/100|[from] item: Life Orb\n|\n|upkeep\n|inactive|LVZYY1 has 120 seconds left.\n|\n|t:|1700147244\n|switch|p1a: Zapdos|Zapdos|100\/100\n|turn|4\n|inactive|LVZYY1 has 120 seconds left.\n|\n|t:|1700147250\n|move|p2a: Smillie|Ice Beam|p1a: Zapdos\n|-supereffective|p1a: Zapdos\n|-crit|p1a: Zapdos\n|-damage|p1a: Zapdos|0 fnt\n|faint|p1a: Zapdos\n|-damage|p2a: Smillie|69\/100|[from] item: Life Orb\n|\n|upkeep\n|inactive|LVZYY1 has 120 seconds left.\n|\n|t:|1700147272\n|switch|p1a: Pelipper|Pelipper, M|100\/100\n|-weather|RainDance|[from] ability: Drizzle|[of] p1a: Pelipper\n|turn|5\n|\n|t:|1700147277\n|move|p2a: Smillie|Ice Beam|p1a: Pelipper\n|-damage|p1a: Pelipper|31\/100\n|-damage|p2a: Smillie|59\/100|[from] item: Life Orb\n|move|p1a: Pelipper|U-turn|p2a: Smillie\n|-supereffective|p2a: Smillie\n|-damage|p2a: Smillie|26\/100\n|\n|t:|1700147285\n|switch|p1a: Basculegion|Basculegion, M|100\/100|[from] U-turn\n|\n|-weather|RainDance|[upkeep]\n|upkeep\n|turn|6\n|inactive|LVZYY1 has 120 seconds left.\n|\n|t:|1700147312\n|move|p2a: Smillie|Dark Pulse|p1a: Basculegion\n|-supereffective|p1a: Basculegion\n|-damage|p1a: Basculegion|0 fnt\n|faint|p1a: Basculegion\n|-damage|p2a: Smillie|16\/100|[from] item: Life Orb\n|\n|-weather|RainDance|[upkeep]\n|upkeep\n|\n|t:|1700147319\n|switch|p1a: Pelipper|Pelipper, M|31\/100\n|turn|7\n|\n|t:|1700147322\n|move|p2a: Smillie|Ice Beam|p1a: Pelipper\n|-damage|p1a: Pelipper|0 fnt\n|faint|p1a: Pelipper\n|-damage|p2a: Smillie|6\/100|[from] item: Life Orb\n|\n|-weather|RainDance|[upkeep]\n|upkeep\n|\n|t:|1700147328\n|switch|p1a: Greninja|Greninja, F|100\/100\n|turn|8\n|\n|t:|1700147342\n|move|p2a: Smillie|Gunk Shot|p1a: Greninja|[miss]\n|-miss|p2a: Smillie|p1a: Greninja\n|move|p1a: Greninja|Grass Knot|p2a: Smillie\n|-start|p1a: Greninja|typechange|Grass|[from] ability: Protean\n|-supereffective|p2a: Smillie\n|-damage|p2a: Smillie|0 fnt\n|faint|p2a: Smillie\n|\n|-weather|RainDance|[upkeep]\n|upkeep\n|\n|t:|1700147346\n|switch|p2a: Zucks|Cinderace, M, shiny|100\/100\n|turn|9\n|inactive|LVZYY1 has 120 seconds left.\n|\n|t:|1700147362\n|move|p1a: Greninja|Grass Knot|p2a: Zucks\n|-resisted|p2a: Zucks\n|-damage|p2a: Zucks|74\/100\n|move|p2a: Zucks|Pyro Ball|p1a: Greninja\n|-supereffective|p1a: Greninja\n|-damage|p1a: Greninja|6\/100\n|\n|-weather|RainDance|[upkeep]\n|upkeep\n|turn|10\n|\n|t:|1700147371\n|-terastallize|p2a: Zucks|Psychic\n|move|p1a: Greninja|Grass Knot|p2a: Zucks\n|-damage|p2a: Zucks|20\/100\n|move|p2a: Zucks|Pyro Ball|p1a: Greninja\n|-supereffective|p1a: Greninja\n|-damage|p1a: Greninja|0 fnt\n|faint|p1a: Greninja\n|\n|-weather|RainDance|[upkeep]\n|upkeep\n|\n|t:|1700147380\n|switch|p1a: Kingambit|Kingambit, F|100\/100\n|-activate|p1a: Kingambit|ability: Supreme Overlord\n|-start|p1a: Kingambit|fallen5|[silent]\n|turn|11\n|\n|t:|1700147386\n|-terastallize|p1a: Kingambit|Fairy\n|move|p1a: Kingambit|Sucker Punch|p2a: Zucks\n|-supereffective|p2a: Zucks\n|-crit|p2a: Zucks\n|-damage|p2a: Zucks|0 fnt\n|faint|p2a: Zucks\n|\n|-weather|RainDance|[upkeep]\n|upkeep\n|\n|t:|1700147393\n|switch|p2a: DeRocc|Ogerpon-Cornerstone, F|100\/100\n|-damage|p2a: DeRocc|88\/100|[from] Stealth Rock\n|-damage|p2a: DeRocc|76\/100|[from] Spikes\n|turn|12\n|inactive|LVZYY1 has 120 seconds left.\n|\n|t:|1700147436\n|move|p2a: DeRocc|Spiky Shield|p2a: DeRocc\n|-singleturn|p2a: DeRocc|move: Protect\n|move|p1a: Kingambit|Kowtow Cleave|p2a: DeRocc\n|-activate|p2a: DeRocc|move: Protect\n|-damage|p1a: Kingambit|88\/100|[from] Spiky Shield|[of] p2a: DeRocc\n|\n|-weather|none\n|-heal|p1a: Kingambit|94\/100|[from] item: Leftovers\n|upkeep\n|turn|13\n|\n|t:|1700147444\n|move|p2a: DeRocc|Ivy Cudgel|p1a: Kingambit|[anim] Ivy Cudgel Rock\n|-damage|p1a: Kingambit|51\/100\n|move|p1a: Kingambit|Tera Blast|p2a: DeRocc|[anim] Tera Blast Fairy\n|-damage|p2a: DeRocc|0 fnt\n|faint|p2a: DeRocc\n|\n|-heal|p1a: Kingambit|57\/100|[from] item: Leftovers\n|upkeep\n|\n|t:|1700147449\n|switch|p2a: Logan|Sinistcha-Masterpiece, shiny|100\/100\n|-damage|p2a: Logan|88\/100|[from] Stealth Rock\n|-damage|p2a: Logan|76\/100|[from] Spikes\n|turn|14\n|inactive|LVZYY1 has 120 seconds left.\n|\n|t:|1700147472\n|move|p1a: Kingambit|Sucker Punch|p2a: Logan\n|-supereffective|p2a: Logan\n|-damage|p2a: Logan|0 fnt\n|faint|p2a: Logan\n|\n|-heal|p1a: Kingambit|63\/100|[from] item: Leftovers\n|upkeep\n|\n|t:|1700147477\n|switch|p2a: DeBalls|Ribombee, F, shiny|100\/100\n|turn|15\n|\n|t:|1700147500\n|move|p2a: DeBalls|Quiver Dance|p2a: DeBalls\n|-boost|p2a: DeBalls|spa|1\n|-boost|p2a: DeBalls|spd|1\n|-boost|p2a: DeBalls|spe|1\n|move|p1a: Kingambit|Tera Blast|p2a: DeBalls|[anim] Tera Blast Fairy\n|-damage|p2a: DeBalls|0 fnt\n|faint|p2a: DeBalls\n|\n|-heal|p1a: Kingambit|69\/100|[from] item: Leftovers\n|upkeep\n|\n|t:|1700147508\n|switch|p2a: Josh|Ditto, shiny|100\/100\n|-damage|p2a: Josh|88\/100|[from] Stealth Rock\n|-damage|p2a: Josh|76\/100|[from] Spikes\n|-transform|p2a: Josh|p1a: Kingambit|[from] ability: Imposter\n|-activate|p2a: Josh|ability: Supreme Overlord\n|-start|p2a: Josh|fallen5|[silent]\n|-start|p2a: Josh|typechange|Dark\/Steel|[silent]\n|turn|16\n|inactive|trubs has 120 seconds left.\n|\n|t:|1700147539\n|move|p2a: Josh|Tera Blast|p1a: Kingambit\n|-damage|p1a: Kingambit|53\/100\n|move|p1a: Kingambit|Tera Blast|p2a: Josh|[anim] Tera Blast Fairy\n|-crit|p2a: Josh\n|-damage|p2a: Josh|0 fnt\n|faint|p2a: Josh\n|-end|p2a: Josh|fallen5|[silent]\n|\n|win|LVZYY1\n|raw|LVZYY1's rating: 1040 &rarr; <strong>1078<\/strong><br \/>(+38 for winning)\n|raw|trubs's rating: 1082 &rarr; <strong>1057<\/strong><br \/>(-25 for losing)\n|c|\u2606trubs|gg\n|l|\u2606trubs\n|n|\u2606LVZYY1|lvzyy1\n","uploadtime":1700147632,"views":9,"p1id":"lvzyy1","p2id":"trubs","formatid":"gen9ou","rating":1057,"private":0,"password":""}