{"id":"gen9ou-1999989117","p1":"broken hand bob","p2":"darkpom","format":"[Gen 9] OU","log":"|j|\u2606broken hand bob\n|j|\u2606darkpom\n|t:|1701138236\n|gametype|singles\n|player|p1|broken hand bob|teamrocket|1196\n|player|p2|darkpom|169|1195\n|teamsize|p1|6\n|teamsize|p2|6\n|gen|9\n|tier|[Gen 9] OU\n|rated|\n|rule|Sleep Clause Mod: Limit one foe put to sleep\n|rule|Species Clause: Limit one of each Pok\u00e9mon\n|rule|OHKO Clause: OHKO moves are banned\n|rule|Evasion Items Clause: Evasion items are banned\n|rule|Evasion Moves Clause: Evasion moves are banned\n|rule|Endless Battle Clause: Forcing endless battles is banned\n|rule|HP Percentage Mod: HP is shown in percentages\n|clearpoke\n|poke|p1|Weavile, M|\n|poke|p1|Great Tusk|\n|poke|p1|Amoonguss, M|\n|poke|p1|Samurott-Hisui, M|\n|poke|p1|Zapdos|\n|poke|p1|Slowking-Galar, M|\n|poke|p2|Breloom, F|\n|poke|p2|Froslass, F|\n|poke|p2|Rotom-Wash|\n|poke|p2|Cinderace, M|\n|poke|p2|Zoroark-Hisui, F|\n|poke|p2|Great Tusk|\n|teampreview\n|inactive|Battle timer is ON: inactive players will automatically lose when time's up. (requested by broken hand bob)\n|\n|t:|1701138266\n|start\n|switch|p1a: Samurott|Samurott-Hisui, M, shiny|100\/100\n|switch|p2a: Rotom|Rotom-Wash|100\/100\n|turn|1\n|\n|t:|1701138285\n|switch|p1a: Amoonguss|Amoonguss, M, shiny|100\/100\n|move|p2a: Rotom|Will-O-Wisp|p1a: Amoonguss|[miss]\n|-miss|p2a: Rotom|p1a: Amoonguss\n|\n|upkeep\n|turn|2\n|\n|t:|1701138296\n|move|p2a: Rotom|Substitute|p2a: Rotom\n|-start|p2a: Rotom|Substitute\n|-damage|p2a: Rotom|76\/100\n|move|p1a: Amoonguss|Giga Drain|p2a: Rotom\n|-end|p2a: Rotom|Substitute\n|\n|-heal|p2a: Rotom|82\/100|[from] item: Leftovers\n|upkeep\n|turn|3\n|\n|t:|1701138317\n|switch|p2a: Froslass|Froslass, F|100\/100\n|move|p1a: Amoonguss|Sludge Bomb|p2a: Froslass\n|-resisted|p2a: Froslass\n|-damage|p2a: Froslass|78\/100\n|\n|upkeep\n|turn|4\n|\n|t:|1701138331\n|switch|p1a: Slowking|Slowking-Galar, M|100\/100\n|move|p2a: Froslass|Will-O-Wisp|p1a: Slowking\n|-status|p1a: Slowking|brn\n|\n|-damage|p1a: Slowking|94\/100 brn|[from] brn\n|upkeep\n|turn|5\n|\n|t:|1701138336\n|move|p2a: Froslass|Spikes|p1a: Slowking\n|-sidestart|p1: broken hand bob|Spikes\n|move|p1a: Slowking|Future Sight|p2a: Froslass\n|-start|p1a: Slowking|move: Future Sight\n|\n|-damage|p1a: Slowking|88\/100 brn|[from] brn\n|upkeep\n|turn|6\n|\n|t:|1701138340\n|move|p2a: Froslass|Spikes|p1a: Slowking\n|-sidestart|p1: broken hand bob|Spikes\n|move|p1a: Slowking|Chilly Reception|p1a: Slowking\n|-weather|Snow\n|\n|t:|1701138353\n|switch|p1a: Weavile|Weavile, M|100\/100|[from] Chilly Reception\n|-damage|p1a: Weavile|84\/100|[from] Spikes\n|-ability|p1a: Weavile|Pressure\n|\n|-weather|Snow|[upkeep]\n|upkeep\n|turn|7\n|\n|t:|1701138359\n|move|p1a: Weavile|Knock Off|p2a: Froslass\n|-supereffective|p2a: Froslass\n|-damage|p2a: Froslass|0 fnt\n|-enditem|p2a: Froslass|Heavy-Duty Boots|[from] move: Knock Off|[of] p1a: Weavile\n|faint|p2a: Froslass\n|\n|-weather|Snow|[upkeep]\n|-hint|Future Sight did not hit because the target is fainted.\n|upkeep\n|\n|t:|1701138370\n|switch|p2a: Breloom|Breloom, F|100\/100\n|turn|8\n|\n|t:|1701138376\n|switch|p1a: Amoonguss|Amoonguss, M, shiny|100\/100\n|-damage|p1a: Amoonguss|84\/100|[from] Spikes\n|move|p2a: Breloom|Substitute|p2a: Breloom\n|-start|p2a: Breloom|Substitute\n|-damage|p2a: Breloom|75\/100\n|\n|-weather|Snow|[upkeep]\n|-status|p2a: Breloom|tox|[from] item: Toxic Orb\n|upkeep\n|turn|9\n|\n|t:|1701138381\n|-singleturn|p2a: Breloom|move: Focus Punch\n|move|p1a: Amoonguss|Sludge Bomb|p2a: Breloom\n|-supereffective|p2a: Breloom\n|-end|p2a: Breloom|Substitute\n|move|p2a: Breloom|Focus Punch|p1a: Amoonguss\n|-resisted|p1a: Amoonguss\n|-damage|p1a: Amoonguss|60\/100\n|-damage|p2a: Breloom|59\/100 tox|[from] item: Rocky Helmet|[of] p1a: Amoonguss\n|\n|-weather|Snow|[upkeep]\n|-heal|p2a: Breloom|71\/100 tox|[from] ability: Poison Heal\n|upkeep\n|turn|10\n|\n|t:|1701138397\n|switch|p2a: Cinderace|Cinderace, M|100\/100\n|move|p1a: Amoonguss|Sludge Bomb|p2a: Cinderace\n|-damage|p2a: Cinderace|64\/100\n|\n|-weather|none\n|upkeep\n|turn|11\n|\n|t:|1701138401\n|switch|p1a: Great Tusk|Great Tusk|100\/100\n|move|p2a: Cinderace|U-turn|p1a: Great Tusk\n|-start|p2a: Cinderace|typechange|Bug|[from] ability: Libero\n|-resisted|p1a: Great Tusk\n|-damage|p1a: Great Tusk|92\/100\n|\n|t:|1701138410\n|switch|p2a: Rotom|Rotom-Wash|82\/100|[from] U-turn\n|\n|-heal|p2a: Rotom|88\/100|[from] item: Leftovers\n|upkeep\n|turn|12\n|\n|t:|1701138418\n|move|p2a: Rotom|Substitute|p2a: Rotom\n|-start|p2a: Rotom|Substitute\n|-damage|p2a: Rotom|63\/100\n|move|p1a: Great Tusk|Rapid Spin|p2a: Rotom\n|-immune|p2a: Rotom\n|\n|-heal|p2a: Rotom|69\/100|[from] item: Leftovers\n|upkeep\n|turn|13\n|\n|t:|1701138423\n|move|p2a: Rotom|Will-O-Wisp|p1a: Great Tusk\n|-status|p1a: Great Tusk|brn\n|move|p1a: Great Tusk|Earthquake|p2a: Rotom\n|-end|p2a: Rotom|Substitute\n|\n|-heal|p2a: Rotom|75\/100|[from] item: Leftovers\n|-damage|p1a: Great Tusk|86\/100 brn|[from] brn\n|upkeep\n|turn|14\n|c|\u2606darkpom|damn this was a good zorark\n|\n|t:|1701138447\n|-end|p1a: Great Tusk|Protosynthesis|[silent]\n|switch|p1a: Amoonguss|Amoonguss, M, shiny|94\/100\n|-damage|p1a: Amoonguss|77\/100|[from] Spikes\n|move|p2a: Rotom|Hex|p1a: Amoonguss\n|-damage|p1a: Amoonguss|48\/100\n|\n|-heal|p2a: Rotom|81\/100|[from] item: Leftovers\n|upkeep\n|turn|15\n|\n|t:|1701138457\n|move|p2a: Rotom|Hyper Voice|p1a: Amoonguss\n|-damage|p1a: Amoonguss|7\/100\n|move|p1a: Amoonguss|Spore|p2a: Rotom\n|-status|p2a: Rotom|slp|[from] move: Spore\n|\n|-heal|p2a: Rotom|87\/100 slp|[from] item: Leftovers\n|upkeep\n|turn|16\n|\n|t:|1701138468\n|switch|p1a: Samurott|Samurott-Hisui, M, shiny|100\/100\n|cant|p2a: Rotom|slp\n|\n|-heal|p2a: Rotom|93\/100 slp|[from] item: Leftovers\n|upkeep\n|turn|17\n|\n|t:|1701138474\n|switch|p2a: Breloom|Breloom, F|71\/100 tox\n|move|p1a: Samurott|Ceaseless Edge|p2a: Breloom\n|-resisted|p2a: Breloom\n|-damage|p2a: Breloom|40\/100 tox\n|-sidestart|p2: darkpom|Spikes\n|\n|-heal|p2a: Breloom|53\/100 tox|[from] ability: Poison Heal\n|upkeep\n|turn|18\n|\n|t:|1701138486\n|move|p1a: Samurott|Ceaseless Edge|p2a: Breloom\n|-resisted|p2a: Breloom\n|-damage|p2a: Breloom|27\/100 tox\n|-sidestart|p2: darkpom|Spikes\n|move|p2a: Breloom|Spore|p1a: Samurott\n|-status|p1a: Samurott|slp|[from] move: Spore\n|\n|-heal|p2a: Breloom|39\/100 tox|[from] ability: Poison Heal\n|upkeep\n|turn|19\n|\n|t:|1701138494\n|switch|p1a: Zapdos|Zapdos|100\/100\n|move|p2a: Breloom|Leech Seed|p1a: Zapdos\n|-start|p1a: Zapdos|move: Leech Seed\n|\n|-damage|p1a: Zapdos|88\/100|[from] Leech Seed|[of] p2a: Breloom\n|-heal|p2a: Breloom|54\/100 tox|[silent]\n|-heal|p2a: Breloom|67\/100 tox|[from] ability: Poison Heal\n|upkeep\n|turn|20\n|\n|t:|1701138504\n|switch|p2a: Great Tusk|Great Tusk|100\/100\n|-damage|p2a: Great Tusk|84\/100|[from] Spikes\n|move|p1a: Zapdos|Hurricane|p2a: Great Tusk\n|-supereffective|p2a: Great Tusk\n|-damage|p2a: Great Tusk|0 fnt\n|faint|p2a: Great Tusk\n|-end|p2a: Great Tusk|Protosynthesis|[silent]\n|\n|upkeep\n|\n|t:|1701138514\n|switch|p2a: Rotom|Rotom-Wash|100\/100\n|turn|21\n|\n|t:|1701138519\n|move|p1a: Zapdos|Volt Switch|p2a: Rotom\n|-damage|p2a: Rotom|77\/100\n|\n|t:|1701138523\n|switch|p1a: Slowking|Slowking-Galar, M|100\/100 brn|[from] Volt Switch\n|move|p2a: Rotom|Volt Switch|p1a: Slowking\n|-damage|p1a: Slowking|85\/100 brn\n|\n|t:|1701138529\n|switch|p2a: Rotom|Rotom-Wash|93\/100 slp|[from] Volt Switch\n|-damage|p2a: Rotom|77\/100 slp|[from] Spikes\n|\n|-heal|p2a: Rotom|83\/100 slp|[from] item: Leftovers\n|-damage|p1a: Slowking|79\/100 brn|[from] brn\n|upkeep\n|turn|22\n|\n|t:|1701138537\n|-curestatus|p2a: Rotom|slp|[msg]\n|move|p2a: Rotom|Substitute|p2a: Rotom\n|-start|p2a: Rotom|Substitute\n|-damage|p2a: Rotom|58\/100\n|move|p1a: Slowking|Chilly Reception|p1a: Slowking\n|-weather|Snow\n|\n|t:|1701138544\n|switch|p1a: Amoonguss|Amoonguss, M, shiny|41\/100|[from] Chilly Reception\n|-damage|p1a: Amoonguss|24\/100|[from] Spikes\n|\n|-weather|Snow|[upkeep]\n|-heal|p2a: Rotom|64\/100|[from] item: Leftovers\n|upkeep\n|turn|23\n|\n|t:|1701138555\n|switch|p1a: Zapdos|Zapdos|88\/100\n|move|p2a: Rotom|Hyper Voice|p1a: Zapdos\n|-damage|p1a: Zapdos|44\/100\n|\n|-weather|Snow|[upkeep]\n|-heal|p2a: Rotom|70\/100|[from] item: Leftovers\n|upkeep\n|turn|24\n|\n|t:|1701138563\n|move|p2a: Rotom|Hyper Voice|p1a: Zapdos\n|-damage|p1a: Zapdos|1\/100\n|move|p1a: Zapdos|Volt Switch|p2a: Rotom\n|-end|p2a: Rotom|Substitute\n|c|\u2606darkpom|damn\n|\n|t:|1701138583\n|switch|p1a: Weavile|Weavile, M|84\/100|[from] Volt Switch\n|-damage|p1a: Weavile|68\/100|[from] Spikes\n|-ability|p1a: Weavile|Pressure\n|\n|-weather|Snow|[upkeep]\n|-heal|p2a: Rotom|76\/100|[from] item: Leftovers\n|upkeep\n|turn|25\n|\n|t:|1701138591\n|switch|p2a: Rotom|Rotom-Wash|77\/100\n|move|p1a: Weavile|Knock Off|p2a: Rotom\n|-damage|p2a: Rotom|1\/100\n|-enditem|p2a: Rotom|Leftovers|[from] move: Knock Off|[of] p1a: Weavile\n|\n|-weather|Snow|[upkeep]\n|upkeep\n|turn|26\n|\n|t:|1701138597\n|move|p1a: Weavile|Knock Off|p2a: Rotom\n|-damage|p2a: Rotom|0 fnt\n|faint|p2a: Rotom\n|\n|-weather|none\n|upkeep\n|\n|t:|1701138600\n|switch|p2a: Cinderace|Cinderace, M|64\/100\n|turn|27\n|\n|t:|1701138604\n|move|p1a: Weavile|Knock Off|p2a: Cinderace\n|-damage|p2a: Cinderace|0 fnt\n|-enditem|p2a: Cinderace|Heavy-Duty Boots|[from] move: Knock Off|[of] p1a: Weavile\n|faint|p2a: Cinderace\n|\n|upkeep\n|\n|t:|1701138606\n|switch|p2a: Breloom|Breloom, F|76\/100\n|-damage|p2a: Breloom|59\/100|[from] Spikes\n|turn|28\n|\n|t:|1701138615\n|move|p1a: Weavile|Knock Off|p2a: Breloom\n|-supereffective|p2a: Breloom\n|-crit|p2a: Breloom\n|-damage|p2a: Breloom|0 fnt\n|replace|p2a: Zoroark|Zoroark-Hisui, F\n|-end|p2a: Zoroark|Illusion\n|-enditem|p2a: Zoroark|Leftovers|[from] move: Knock Off|[of] p1a: Weavile\n|faint|p2a: Zoroark\n|\n|upkeep\n|\n|t:|1701138621\n|switch|p2a: Breloom|Breloom, F|67\/100 tox\n|-damage|p2a: Breloom|50\/100 tox|[from] Spikes\n|turn|29\n|\n|t:|1701138623\n|move|p1a: Weavile|Knock Off|p2a: Breloom\n|-resisted|p2a: Breloom\n|-damage|p2a: Breloom|5\/100 tox\n|-enditem|p2a: Breloom|Toxic Orb|[from] move: Knock Off|[of] p1a: Weavile\n|move|p2a: Breloom|Substitute|p2a: Breloom\n|-fail|p2a: Breloom|move: Substitute|[weak]\n|\n|-heal|p2a: Breloom|17\/100 tox|[from] ability: Poison Heal\n|upkeep\n|turn|30\n|-message|darkpom forfeited.\n|\n|win|broken hand bob\n|raw|broken hand bob's rating: 1196 &rarr; <strong>1221<\/strong><br \/>(+25 for winning)\n|raw|darkpom's rating: 1195 &rarr; <strong>1170<\/strong><br \/>(-25 for losing)\n|l|\u2606darkpom\n|c|\u2606broken hand bob|gg\n","uploadtime":1701138647,"views":25,"p1id":"brokenhandbob","p2id":"darkpom","formatid":"gen9ou","rating":1170,"private":0,"password":""}