{"id":"gen9ou-1989466172","p1":"p0p0p0p0p0","p2":"wolkicake","format":"[Gen 9] OU","log":"|j|\u2606p0p0p0p0p0\n|j|\u2606wolkicake\n|t:|1699854907\n|gametype|singles\n|player|p1|p0p0p0p0p0|169|1684\n|player|p2|wolkicake|lucas|1691\n|teamsize|p1|6\n|teamsize|p2|6\n|gen|9\n|tier|[Gen 9] OU\n|rated|\n|rule|Sleep Clause Mod: Limit one foe put to sleep\n|rule|Species Clause: Limit one of each Pok\u00e9mon\n|rule|OHKO Clause: OHKO moves are banned\n|rule|Evasion Items Clause: Evasion items are banned\n|rule|Evasion Moves Clause: Evasion moves are banned\n|rule|Endless Battle Clause: Forcing endless battles is banned\n|rule|HP Percentage Mod: HP is shown in percentages\n|clearpoke\n|poke|p1|Amoonguss, F|\n|poke|p1|Blissey, F|\n|poke|p1|Coalossal, F|\n|poke|p1|Forretress, F|\n|poke|p1|Ditto|\n|poke|p1|Alomomola, F|\n|poke|p2|Ribombee, F|\n|poke|p2|Cinderace, F|\n|poke|p2|Manaphy|\n|poke|p2|Gholdengo|\n|poke|p2|Iron Valiant|\n|poke|p2|Landorus-Therian, M|\n|teampreview\n|inactive|Battle timer is ON: inactive players will automatically lose when time's up. (requested by p0p0p0p0p0)\n|j| encostoo\n|inactive|wolkicake has 120 seconds left.\n|l| encostoo\n|j| encostoo\n|inactive|wolkicake has 90 seconds left.\n|\n|t:|1699854971\n|start\n|switch|p1a: Ditto|Ditto|100\/100\n|switch|p2a: Landorus|Landorus-Therian, M|100\/100\n|-ability|p2a: Landorus|Intimidate|boost\n|-unboost|p1a: Ditto|atk|1\n|-transform|p1a: Ditto|p2a: Landorus|[from] ability: Imposter\n|-ability|p1a: Ditto|Intimidate|boost\n|-unboost|p2a: Landorus|atk|1\n|turn|1\n|l| encostoo\n|\n|t:|1699854985\n|switch|p2a: Ribombee|Ribombee, F|100\/100\n|move|p1a: Ditto|Stealth Rock|p2a: Ribombee\n|-sidestart|p2: wolkicake|move: Stealth Rock\n|\n|upkeep\n|turn|2\n|j| encostoo\n|\n|t:|1699854992\n|switch|p1a: Amoonguss|Amoonguss, F|100\/100\n|move|p2a: Ribombee|U-turn|p1a: Amoonguss\n|-damage|p1a: Amoonguss|90\/100\n|\n|t:|1699854994\n|switch|p2a: Cinderace|Cinderace, F|100\/100|[from] U-turn\n|\n|upkeep\n|turn|3\n|\n|t:|1699855009\n|switch|p1a: Coalossal|Coalossal, F|100\/100\n|move|p2a: Cinderace|Court Change|p2a: Cinderace\n|-start|p2a: Cinderace|typechange|Normal|[from] ability: Libero\n|-swapsideconditions\n|-activate|p2a: Cinderace|move: Court Change\n|\n|upkeep\n|turn|4\n|\n|t:|1699855012\n|move|p2a: Cinderace|U-turn|p1a: Coalossal\n|-resisted|p1a: Coalossal\n|-damage|p1a: Coalossal|94\/100\n|\n|t:|1699855015\n|switch|p2a: Landorus|Landorus-Therian, M|100\/100|[from] U-turn\n|-ability|p2a: Landorus|Intimidate|boost\n|-unboost|p1a: Coalossal|atk|1\n|move|p1a: Coalossal|Spikes|p2a: Landorus\n|-sidestart|p2: wolkicake|Spikes\n|\n|upkeep\n|turn|5\n|\n|t:|1699855025\n|switch|p1a: Amoonguss|Amoonguss, F|100\/100\n|-damage|p1a: Amoonguss|88\/100|[from] Stealth Rock\n|move|p2a: Landorus|Taunt|p1a: Amoonguss\n|-start|p1a: Amoonguss|move: Taunt\n|\n|upkeep\n|turn|6\n|j| RexExnicios\n|\n|t:|1699855032\n|switch|p2a: Cinderace|Cinderace, F|100\/100\n|move|p1a: Amoonguss|Sludge Bomb|p2a: Cinderace\n|-damage|p2a: Cinderace|64\/100\n|-status|p2a: Cinderace|psn\n|\n|-damage|p2a: Cinderace|52\/100 psn|[from] psn\n|upkeep\n|turn|7\n|\n|t:|1699855036\n|switch|p1a: Coalossal|Coalossal, F|94\/100\n|move|p2a: Cinderace|U-turn|p1a: Coalossal\n|-start|p2a: Cinderace|typechange|Bug|[from] ability: Libero\n|-resisted|p1a: Coalossal\n|-damage|p1a: Coalossal|85\/100\n|\n|t:|1699855038\n|switch|p2a: Manaphy|Manaphy|100\/100|[from] U-turn\n|-damage|p2a: Manaphy|88\/100|[from] Spikes\n|\n|-heal|p2a: Manaphy|94\/100|[from] item: Leftovers\n|upkeep\n|turn|8\n|\n|t:|1699855043\n|switch|p1a: Forretress|Forretress, F|100\/100\n|move|p2a: Manaphy|Tail Glow|p2a: Manaphy\n|-boost|p2a: Manaphy|spa|3\n|\n|-heal|p2a: Manaphy|99\/100|[from] item: Leftovers\n|upkeep\n|turn|9\n|\n|t:|1699855046\n|move|p2a: Manaphy|Surf|p1a: Forretress\n|-damage|p1a: Forretress|7\/100\n|move|p1a: Forretress|Thunder Wave|p2a: Manaphy\n|-status|p2a: Manaphy|par\n|\n|-heal|p2a: Manaphy|100\/100 par|[from] item: Leftovers\n|upkeep\n|turn|10\n|l| RexExnicios\n|\n|t:|1699855051\n|switch|p1a: Blissey|Blissey, F|100\/100\n|move|p2a: Manaphy|Surf|p1a: Blissey\n|-damage|p1a: Blissey|75\/100\n|\n|upkeep\n|turn|11\n|\n|t:|1699855055\n|move|p2a: Manaphy|Tail Glow|p2a: Manaphy\n|-boost|p2a: Manaphy|spa|3\n|move|p1a: Blissey|Calm Mind|p1a: Blissey\n|-boost|p1a: Blissey|spa|1\n|-boost|p1a: Blissey|spd|1\n|\n|upkeep\n|turn|12\n|\n|t:|1699855058\n|move|p2a: Manaphy|Surf|p1a: Blissey\n|-damage|p1a: Blissey|45\/100\n|move|p1a: Blissey|Calm Mind|p1a: Blissey\n|-boost|p1a: Blissey|spa|1\n|-boost|p1a: Blissey|spd|1\n|\n|upkeep\n|turn|13\n|\n|t:|1699855066\n|switch|p2a: Cinderace|Cinderace, F|52\/100 psn\n|move|p1a: Blissey|Rest|p1a: Blissey\n|-status|p1a: Blissey|slp|[from] move: Rest\n|-heal|p1a: Blissey|100\/100 slp|[silent]\n|\n|-damage|p2a: Cinderace|40\/100 psn|[from] psn\n|upkeep\n|turn|14\n|\n|t:|1699855069\n|-curestatus|p1a: Blissey|slp|[from] ability: Natural Cure\n|switch|p1a: Coalossal|Coalossal, F|85\/100\n|move|p2a: Cinderace|U-turn|p1a: Coalossal\n|-start|p2a: Cinderace|typechange|Bug|[from] ability: Libero\n|-resisted|p1a: Coalossal\n|-damage|p1a: Coalossal|76\/100\n|\n|t:|1699855074\n|switch|p2a: Landorus|Landorus-Therian, M|100\/100|[from] U-turn\n|-ability|p2a: Landorus|Intimidate|boost\n|-unboost|p1a: Coalossal|atk|1\n|\n|upkeep\n|turn|15\n|\n|t:|1699855077\n|switch|p1a: Amoonguss|Amoonguss, F|100\/100\n|-damage|p1a: Amoonguss|88\/100|[from] Stealth Rock\n|move|p2a: Landorus|Taunt|p1a: Amoonguss\n|-start|p1a: Amoonguss|move: Taunt\n|\n|upkeep\n|turn|16\n|\n|t:|1699855079\n|move|p2a: Landorus|Earthquake|p1a: Amoonguss\n|-damage|p1a: Amoonguss|55\/100\n|move|p1a: Amoonguss|Sludge Bomb|p2a: Landorus\n|-resisted|p2a: Landorus\n|-damage|p2a: Landorus|84\/100\n|\n|upkeep\n|turn|17\n|\n|t:|1699855084\n|move|p2a: Landorus|Taunt||[still]\n|-fail|p2a: Landorus\n|move|p1a: Amoonguss|Sludge Bomb|p2a: Landorus\n|-resisted|p2a: Landorus\n|-damage|p2a: Landorus|68\/100\n|\n|-end|p1a: Amoonguss|move: Taunt\n|upkeep\n|turn|18\n|\n|t:|1699855087\n|move|p2a: Landorus|Earthquake|p1a: Amoonguss\n|-damage|p1a: Amoonguss|23\/100\n|move|p1a: Amoonguss|Sludge Bomb|p2a: Landorus\n|-resisted|p2a: Landorus\n|-damage|p2a: Landorus|52\/100\n|\n|upkeep\n|turn|19\n|\n|t:|1699855092\n|switch|p1a: Alomomola|Alomomola, F|100\/100\n|move|p2a: Landorus|Taunt|p1a: Alomomola\n|-start|p1a: Alomomola|move: Taunt\n|\n|upkeep\n|turn|20\n|\n|t:|1699855095\n|move|p2a: Landorus|Earthquake|p1a: Alomomola\n|-damage|p1a: Alomomola|74\/100\n|move|p1a: Alomomola|Mirror Coat||[still]\n|-fail|p1a: Alomomola\n|\n|upkeep\n|turn|21\n|\n|t:|1699855098\n|move|p2a: Landorus|Earthquake|p1a: Alomomola\n|-damage|p1a: Alomomola|48\/100\n|move|p1a: Alomomola|Flip Turn|p2a: Landorus\n|-supereffective|p2a: Landorus\n|-damage|p2a: Landorus|28\/100\n|-damage|p1a: Alomomola|32\/100|[from] item: Rocky Helmet|[of] p2a: Landorus\n|\n|t:|1699855101\n|switch|p1a: Ditto|Ditto|100\/100|[from] Flip Turn\n|-transform|p1a: Ditto|p2a: Landorus|[from] ability: Imposter\n|-ability|p1a: Ditto|Intimidate|boost\n|-unboost|p2a: Landorus|atk|1\n|\n|upkeep\n|turn|22\n|\n|t:|1699855107\n|switch|p2a: Cinderace|Cinderace, F|40\/100 psn\n|move|p1a: Ditto|Grass Knot|p2a: Cinderace\n|-resisted|p2a: Cinderace\n|-damage|p2a: Cinderace|30\/100 psn\n|\n|-damage|p2a: Cinderace|18\/100 psn|[from] psn\n|upkeep\n|turn|23\n|\n|t:|1699855113\n|switch|p1a: Coalossal|Coalossal, F|76\/100\n|move|p2a: Cinderace|U-turn|p1a: Coalossal\n|-start|p2a: Cinderace|typechange|Bug|[from] ability: Libero\n|-resisted|p1a: Coalossal\n|-damage|p1a: Coalossal|68\/100\n|\n|t:|1699855119\n|switch|p2a: Manaphy|Manaphy|100\/100 par|[from] U-turn\n|-damage|p2a: Manaphy|88\/100 par|[from] Spikes\n|\n|-heal|p2a: Manaphy|94\/100 par|[from] item: Leftovers\n|upkeep\n|turn|24\n|\n|t:|1699855126\n|switch|p1a: Blissey|Blissey, F|100\/100\n|move|p2a: Manaphy|Surf|p1a: Blissey\n|-damage|p1a: Blissey|90\/100\n|\n|-heal|p2a: Manaphy|99\/100 par|[from] item: Leftovers\n|upkeep\n|turn|25\n|\n|t:|1699855128\n|switch|p2a: Gholdengo|Gholdengo|100\/100\n|-item|p2a: Gholdengo|Air Balloon\n|move|p1a: Blissey|Seismic Toss|p2a: Gholdengo\n|-immune|p2a: Gholdengo\n|\n|upkeep\n|turn|26\n|\n|t:|1699855133\n|switch|p2a: Landorus|Landorus-Therian, M|28\/100\n|-ability|p2a: Landorus|Intimidate|boost\n|-unboost|p1a: Blissey|atk|1\n|switch|p1a: Ditto|Ditto|100\/100\n|-transform|p1a: Ditto|p2a: Landorus|[from] ability: Imposter\n|-ability|p1a: Ditto|Intimidate|boost\n|-unboost|p2a: Landorus|atk|1\n|\n|upkeep\n|turn|27\n|\n|t:|1699855139\n|switch|p2a: Cinderace|Cinderace, F|18\/100 psn\n|move|p1a: Ditto|Stealth Rock|p2a: Cinderace\n|-sidestart|p2: wolkicake|move: Stealth Rock\n|\n|-damage|p2a: Cinderace|5\/100 psn|[from] psn\n|upkeep\n|turn|28\n|\n|t:|1699855151\n|move|p2a: Cinderace|Court Change|p2a: Cinderace\n|-start|p2a: Cinderace|typechange|Normal|[from] ability: Libero\n|-swapsideconditions\n|-activate|p2a: Cinderace|move: Court Change\n|move|p1a: Ditto|Earthquake|p2a: Cinderace\n|-damage|p2a: Cinderace|0 fnt\n|faint|p2a: Cinderace\n|\n|upkeep\n|j| orasfunfun\n|\n|t:|1699855154\n|switch|p2a: Ribombee|Ribombee, F|100\/100\n|turn|29\n|\n|t:|1699855162\n|switch|p1a: Coalossal|Coalossal, F|68\/100\n|move|p2a: Ribombee|Sticky Web|p1a: Coalossal\n|-sidestart|p1: p0p0p0p0p0|move: Sticky Web\n|\n|upkeep\n|turn|30\n|\n|t:|1699855177\n|move|p2a: Ribombee|Moonblast|p1a: Coalossal\n|-resisted|p1a: Coalossal\n|-damage|p1a: Coalossal|51\/100\n|move|p1a: Coalossal|Overheat|p2a: Ribombee\n|-supereffective|p2a: Ribombee\n|-damage|p2a: Ribombee|0 fnt\n|-unboost|p1a: Coalossal|spa|2\n|faint|p2a: Ribombee\n|\n|upkeep\n|j| Bad Dragoon\n|\n|t:|1699855186\n|switch|p2a: Iron Valiant|Iron Valiant|100\/100\n|-damage|p2a: Iron Valiant|94\/100|[from] Stealth Rock\n|-enditem|p2a: Iron Valiant|Booster Energy\n|-activate|p2a: Iron Valiant|ability: Quark Drive|[fromitem]\n|-start|p2a: Iron Valiant|quarkdrivespe\n|turn|31\n|\n|t:|1699855194\n|move|p2a: Iron Valiant|Swords Dance|p2a: Iron Valiant\n|-boost|p2a: Iron Valiant|atk|2\n|move|p1a: Coalossal|Will-O-Wisp|p2a: Iron Valiant\n|-status|p2a: Iron Valiant|brn\n|\n|-damage|p2a: Iron Valiant|88\/100 brn|[from] brn\n|upkeep\n|turn|32\n|\n|t:|1699855201\n|move|p2a: Iron Valiant|Swords Dance|p2a: Iron Valiant\n|-boost|p2a: Iron Valiant|atk|2\n|move|p1a: Coalossal|Overheat|p2a: Iron Valiant\n|-damage|p2a: Iron Valiant|52\/100 brn\n|-unboost|p1a: Coalossal|spa|2\n|\n|-damage|p2a: Iron Valiant|45\/100 brn|[from] brn\n|upkeep\n|turn|33\n|\n|t:|1699855204\n|move|p2a: Iron Valiant|Swords Dance|p2a: Iron Valiant\n|-boost|p2a: Iron Valiant|atk|2\n|move|p1a: Coalossal|Overheat|p2a: Iron Valiant\n|-damage|p2a: Iron Valiant|21\/100 brn\n|-unboost|p1a: Coalossal|spa|2\n|\n|-damage|p2a: Iron Valiant|15\/100 brn|[from] brn\n|upkeep\n|turn|34\n|\n|t:|1699855207\n|move|p2a: Iron Valiant|Close Combat|p1a: Coalossal\n|-supereffective|p1a: Coalossal\n|-damage|p1a: Coalossal|0 fnt\n|-unboost|p2a: Iron Valiant|def|1\n|-unboost|p2a: Iron Valiant|spd|1\n|faint|p1a: Coalossal\n|\n|-damage|p2a: Iron Valiant|9\/100 brn|[from] brn\n|upkeep\n|j| Domin0999\n|\n|t:|1699855220\n|switch|p1a: Alomomola|Alomomola, F|65\/100\n|turn|35\n|\n|t:|1699855223\n|switch|p1a: Amoonguss|Amoonguss, F|57\/100\n|-damage|p1a: Amoonguss|44\/100|[from] Spikes\n|-damage|p1a: Amoonguss|32\/100|[from] Stealth Rock\n|-activate|p1a: Amoonguss|move: Sticky Web\n|-unboost|p1a: Amoonguss|spe|1\n|move|p2a: Iron Valiant|Close Combat|p1a: Amoonguss\n|-resisted|p1a: Amoonguss\n|-damage|p1a: Amoonguss|0 fnt\n|-unboost|p2a: Iron Valiant|def|1\n|-unboost|p2a: Iron Valiant|spd|1\n|faint|p1a: Amoonguss\n|\n|-damage|p2a: Iron Valiant|3\/100 brn|[from] brn\n|upkeep\n|\n|t:|1699855233\n|switch|p1a: Alomomola|Alomomola, F|98\/100\n|turn|36\n|\n|t:|1699855246\n|switch|p1a: Forretress|Forretress, F|7\/100\n|move|p2a: Iron Valiant|Close Combat|p1a: Forretress\n|-damage|p1a: Forretress|0 fnt\n|-unboost|p2a: Iron Valiant|def|1\n|-unboost|p2a: Iron Valiant|spd|1\n|faint|p1a: Forretress\n|\n|-damage|p2a: Iron Valiant|0 fnt|[from] brn\n|faint|p2a: Iron Valiant\n|-end|p2a: Iron Valiant|Quark Drive|[silent]\n|upkeep\n|\n|t:|1699855250\n|switch|p2a: Gholdengo|Gholdengo|100\/100\n|switch|p1a: Ditto|Ditto|100\/100\n|-damage|p2a: Gholdengo|94\/100|[from] Stealth Rock\n|-item|p2a: Gholdengo|Air Balloon\n|-transform|p1a: Ditto|p2a: Gholdengo|[from] ability: Imposter\n|turn|37\n|\n|t:|1699855262\n|switch|p1a: Blissey|Blissey, F|90\/100\n|move|p2a: Gholdengo|Shadow Ball|p1a: Blissey\n|-immune|p1a: Blissey\n|\n|upkeep\n|turn|38\n|\n|t:|1699855265\n|move|p2a: Gholdengo|Nasty Plot|p2a: Gholdengo\n|-boost|p2a: Gholdengo|spa|2\n|move|p1a: Blissey|Calm Mind|p1a: Blissey\n|-boost|p1a: Blissey|spa|1\n|-boost|p1a: Blissey|spd|1\n|\n|upkeep\n|turn|39\n|\n|t:|1699855268\n|move|p2a: Gholdengo|Nasty Plot|p2a: Gholdengo\n|-boost|p2a: Gholdengo|spa|2\n|move|p1a: Blissey|Calm Mind|p1a: Blissey\n|-boost|p1a: Blissey|spa|1\n|-boost|p1a: Blissey|spd|1\n|\n|upkeep\n|turn|40\n|\n|t:|1699855270\n|move|p2a: Gholdengo|Nasty Plot|p2a: Gholdengo\n|-boost|p2a: Gholdengo|spa|2\n|move|p1a: Blissey|Calm Mind|p1a: Blissey\n|-boost|p1a: Blissey|spa|1\n|-boost|p1a: Blissey|spd|1\n|\n|upkeep\n|turn|41\n|\n|t:|1699855275\n|move|p2a: Gholdengo|Make It Rain|p1a: Blissey\n|-damage|p1a: Blissey|60\/100\n|-unboost|p2a: Gholdengo|spa|1\n|move|p1a: Blissey|Calm Mind|p1a: Blissey\n|-boost|p1a: Blissey|spa|1\n|-boost|p1a: Blissey|spd|1\n|\n|upkeep\n|turn|42\n|\n|t:|1699855283\n|switch|p2a: Landorus|Landorus-Therian, M|28\/100\n|-damage|p2a: Landorus|16\/100|[from] Stealth Rock\n|-ability|p2a: Landorus|Intimidate|boost\n|-unboost|p1a: Blissey|atk|1\n|move|p1a: Blissey|Stored Power|p2a: Landorus\n|-damage|p2a: Landorus|0 fnt\n|faint|p2a: Landorus\n|\n|upkeep\n|-message|wolkicake forfeited.\n|\n|win|p0p0p0p0p0\n|raw|p0p0p0p0p0's rating: 1684 &rarr; <strong>1704<\/strong><br \/>(+20 for winning)\n|raw|wolkicake's rating: 1691 &rarr; <strong>1671<\/strong><br \/>(-20 for losing)\n|l|\u2606wolkicake\n","uploadtime":1699855302,"views":62,"p1id":"p0p0p0p0p0","p2id":"wolkicake","formatid":"gen9ou","rating":1671,"private":0,"password":""}