{"id":"gen9ou-1994278908","p1":"Rengoku58vgc","p2":"Lucky_Lapis","format":"[Gen 9] OU","log":"|j|\u2606Rengoku58vgc\n|j|\u2606Lucky_Lapis\n|t:|1700426403\n|gametype|singles\n|player|p1|Rengoku58vgc|ingo|1053\n|player|p2|Lucky_Lapis|dawn-gen4pt|1133\n|teamsize|p1|6\n|teamsize|p2|6\n|gen|9\n|tier|[Gen 9] OU\n|rated|\n|rule|Sleep Clause Mod: Limit one foe put to sleep\n|rule|Species Clause: Limit one of each Pok\u00e9mon\n|rule|OHKO Clause: OHKO moves are banned\n|rule|Evasion Items Clause: Evasion items are banned\n|rule|Evasion Moves Clause: Evasion moves are banned\n|rule|Endless Battle Clause: Forcing endless battles is banned\n|rule|HP Percentage Mod: HP is shown in percentages\n|clearpoke\n|poke|p1|Ogerpon-Cornerstone, F|\n|poke|p1|Corviknight, F|\n|poke|p1|Dragapult, M|\n|poke|p1|Glimmora, F|\n|poke|p1|Hydreigon, F|\n|poke|p1|Zamazenta-*|\n|poke|p2|Corviknight, F|\n|poke|p2|Clefable, M|\n|poke|p2|Dondozo, F|\n|poke|p2|Tornadus-Therian, M|\n|poke|p2|Toxapex, M|\n|poke|p2|Blissey, F|\n|teampreview\n|inactive|Battle timer is ON: inactive players will automatically lose when time's up. (requested by Rengoku58vgc)\n|\n|t:|1700426413\n|start\n|switch|p1a: Glimmora|Glimmora, F|100\/100\n|switch|p2a: Corviknight|Corviknight, F|100\/100\n|turn|1\n|\n|t:|1700426422\n|move|p1a: Glimmora|Stealth Rock|p2a: Corviknight\n|-sidestart|p2: Lucky_Lapis|move: Stealth Rock\n|move|p2a: Corviknight|Iron Defense|p2a: Corviknight\n|-boost|p2a: Corviknight|def|2\n|\n|upkeep\n|turn|2\n|\n|t:|1700426428\n|switch|p1a: Zamazenta|Zamazenta|100\/100\n|-ability|p1a: Zamazenta|Dauntless Shield|boost\n|-boost|p1a: Zamazenta|def|1\n|move|p2a: Corviknight|Iron Defense|p2a: Corviknight\n|-boost|p2a: Corviknight|def|2\n|\n|upkeep\n|turn|3\n|\n|t:|1700426435\n|move|p2a: Corviknight|Iron Defense|p2a: Corviknight\n|-boost|p2a: Corviknight|def|2\n|move|p1a: Zamazenta|Roar|p2a: Corviknight\n|drag|p2a: Tornadus|Tornadus-Therian, M|100\/100\n|\n|upkeep\n|turn|4\n|\n|t:|1700426447\n|switch|p1a: Corviknight|Corviknight, F|100\/100\n|move|p2a: Tornadus|Bleakwind Storm|p1a: Corviknight\n|-resisted|p1a: Corviknight\n|-damage|p1a: Corviknight|75\/100\n|-ability|p1a: Corviknight|Mirror Armor\n|-unboost|p2a: Tornadus|spe|1\n|\n|upkeep\n|turn|5\n|\n|t:|1700426463\n|move|p2a: Tornadus|U-turn|p1a: Corviknight\n|-resisted|p1a: Corviknight\n|-damage|p1a: Corviknight|71\/100\n|\n|t:|1700426480\n|switch|p2a: Corviknight|Corviknight, F|100\/100|[from] U-turn\n|-damage|p2a: Corviknight|88\/100|[from] Stealth Rock\n|move|p1a: Corviknight|Brave Bird|p2a: Corviknight\n|-resisted|p2a: Corviknight\n|-damage|p2a: Corviknight|58\/100\n|-damage|p1a: Corviknight|60\/100|[from] Recoil\n|\n|-heal|p2a: Corviknight|64\/100|[from] item: Leftovers\n|upkeep\n|turn|6\n|\n|t:|1700426493\n|switch|p1a: Dragapult|Dragapult, M|100\/100\n|move|p2a: Corviknight|Iron Defense|p2a: Corviknight\n|-boost|p2a: Corviknight|def|2\n|\n|-heal|p2a: Corviknight|71\/100|[from] item: Leftovers\n|upkeep\n|turn|7\n|\n|t:|1700426502\n|move|p1a: Dragapult|Will-O-Wisp|p2a: Corviknight\n|-status|p2a: Corviknight|brn\n|move|p2a: Corviknight|Light Screen|p2a: Corviknight\n|-sidestart|p2: Lucky_Lapis|move: Light Screen\n|\n|-heal|p2a: Corviknight|77\/100 brn|[from] item: Leftovers\n|-damage|p2a: Corviknight|71\/100 brn|[from] brn\n|upkeep\n|turn|8\n|\n|t:|1700426511\n|move|p1a: Dragapult|Reflect|p1a: Dragapult\n|-sidestart|p1: Rengoku58vgc|Reflect\n|move|p2a: Corviknight|Iron Defense|p2a: Corviknight\n|-boost|p2a: Corviknight|def|2\n|\n|-heal|p2a: Corviknight|77\/100 brn|[from] item: Leftovers\n|-damage|p2a: Corviknight|71\/100 brn|[from] brn\n|upkeep\n|turn|9\n|\n|t:|1700426520\n|switch|p1a: Zamazenta|Zamazenta|100\/100\n|move|p2a: Corviknight|Iron Defense|p2a: Corviknight\n|-boost|p2a: Corviknight|def|2\n|\n|-heal|p2a: Corviknight|77\/100 brn|[from] item: Leftovers\n|-damage|p2a: Corviknight|71\/100 brn|[from] brn\n|upkeep\n|turn|10\n|\n|t:|1700426533\n|move|p2a: Corviknight|Body Press|p1a: Zamazenta\n|-damage|p1a: Zamazenta|89\/100\n|move|p1a: Zamazenta|Roar|p2a: Corviknight\n|drag|p2a: Tornadus|Tornadus-Therian, M|100\/100\n|\n|-heal|p1a: Zamazenta|96\/100|[from] item: Leftovers\n|upkeep\n|turn|11\n|\n|t:|1700426547\n|switch|p1a: Glimmora|Glimmora, F|100\/100\n|move|p2a: Tornadus|Bleakwind Storm|p1a: Glimmora\n|-resisted|p1a: Glimmora\n|-damage|p1a: Glimmora|68\/100\n|\n|-sideend|p2: Lucky_Lapis|move: Light Screen\n|upkeep\n|turn|12\n|\n|t:|1700426557\n|move|p2a: Tornadus|Heat Wave|p1a: Glimmora\n|-resisted|p1a: Glimmora\n|-damage|p1a: Glimmora|50\/100\n|move|p1a: Glimmora|Power Gem|p2a: Tornadus\n|-supereffective|p2a: Tornadus\n|-damage|p2a: Tornadus|4\/100\n|\n|upkeep\n|turn|13\n|\n|t:|1700426581\n|switch|p2a: Toxapex|Toxapex, M|100\/100\n|move|p1a: Glimmora|Mortal Spin|p2a: Toxapex\n|-resisted|p2a: Toxapex\n|-damage|p2a: Toxapex|98\/100\n|\n|upkeep\n|turn|14\n|\n|t:|1700426591\n|switch|p1a: Hydreigon|Hydreigon, F|100\/100\n|move|p2a: Toxapex|Infestation|p1a: Hydreigon\n|-supereffective|p1a: Hydreigon\n|-damage|p1a: Hydreigon|93\/100\n|-activate|p1a: Hydreigon|move: Infestation|[of] p2a: Toxapex\n|\n|-damage|p1a: Hydreigon|81\/100|[from] move: Infestation|[partiallytrapped]\n|upkeep\n|turn|15\n|\n|t:|1700426603\n|move|p1a: Hydreigon|Focus Energy|p1a: Hydreigon\n|-start|p1a: Hydreigon|move: Focus Energy\n|move|p2a: Toxapex|Toxic|p1a: Hydreigon\n|-status|p1a: Hydreigon|tox\n|\n|-damage|p1a: Hydreigon|75\/100 tox|[from] psn\n|-damage|p1a: Hydreigon|62\/100 tox|[from] move: Infestation|[partiallytrapped]\n|-sideend|p1: Rengoku58vgc|Reflect\n|upkeep\n|turn|16\n|\n|t:|1700426632\n|switch|p2a: Dondozo|Dondozo, F|100\/100\n|move|p1a: Hydreigon|Draco Meteor|p2a: Dondozo\n|-crit|p2a: Dondozo\n|-damage|p2a: Dondozo|13\/100\n|-unboost|p1a: Hydreigon|spa|2\n|\n|-damage|p1a: Hydreigon|50\/100 tox|[from] psn\n|-end|p1a: Hydreigon|Infestation|[partiallytrapped]|[silent]\n|upkeep\n|turn|17\n|inactive|Lucky_Lapis has 120 seconds left.\n|\n|t:|1700426653\n|switch|p2a: Clefable|Clefable, M|100\/100\n|move|p1a: Hydreigon|Earth Power|p2a: Clefable\n|-crit|p2a: Clefable\n|-damage|p2a: Clefable|57\/100\n|\n|-heal|p2a: Clefable|63\/100|[from] item: Leftovers\n|-damage|p1a: Hydreigon|32\/100 tox|[from] psn\n|upkeep\n|turn|18\n|\n|t:|1700426665\n|move|p1a: Hydreigon|Earth Power|p2a: Clefable\n|-crit|p2a: Clefable\n|-damage|p2a: Clefable|16\/100\n|move|p2a: Clefable|Wish|p2a: Clefable\n|\n|-heal|p2a: Clefable|22\/100|[from] item: Leftovers\n|-damage|p1a: Hydreigon|7\/100 tox|[from] psn\n|upkeep\n|turn|19\n|\n|t:|1700426675\n|move|p2a: Clefable|Protect|p2a: Clefable\n|-singleturn|p2a: Clefable|Protect\n|move|p1a: Hydreigon|Draco Meteor|p2a: Clefable\n|-activate|p2a: Clefable|move: Protect\n|\n|-heal|p2a: Clefable|72\/100|[from] move: Wish|[wisher] Clefable\n|-heal|p2a: Clefable|78\/100|[from] item: Leftovers\n|-damage|p1a: Hydreigon|0 fnt|[from] psn\n|faint|p1a: Hydreigon\n|upkeep\n|\n|t:|1700426687\n|switch|p1a: Corviknight|Corviknight, F|60\/100\n|turn|20\n|\n|t:|1700426694\n|move|p1a: Corviknight|U-turn|p2a: Clefable\n|-resisted|p2a: Clefable\n|-damage|p2a: Clefable|67\/100\n|\n|t:|1700426698\n|switch|p1a: Dragapult|Dragapult, M|100\/100|[from] U-turn\n|move|p2a: Clefable|Stealth Rock|p1a: Dragapult\n|-sidestart|p1: Rengoku58vgc|move: Stealth Rock\n|\n|-heal|p2a: Clefable|73\/100|[from] item: Leftovers\n|upkeep\n|turn|21\n|\n|t:|1700426707\n|move|p1a: Dragapult|Light Screen|p1a: Dragapult\n|-sidestart|p1: Rengoku58vgc|move: Light Screen\n|move|p2a: Clefable|Moonblast|p1a: Dragapult\n|-supereffective|p1a: Dragapult\n|-damage|p1a: Dragapult|60\/100\n|-start|p2a: Clefable|Disable|Moonblast|[from] ability: Cursed Body|[of] p1a: Dragapult\n|\n|-heal|p2a: Clefable|79\/100|[from] item: Leftovers\n|upkeep\n|turn|22\n|\n|t:|1700426716\n|move|p1a: Dragapult|Will-O-Wisp|p2a: Clefable\n|-status|p2a: Clefable|brn\n|move|p2a: Clefable|Wish|p2a: Clefable\n|\n|-heal|p2a: Clefable|85\/100 brn|[from] item: Leftovers\n|upkeep\n|turn|23\n|\n|t:|1700426724\n|switch|p1a: Ogerpon|Ogerpon-Cornerstone, F|100\/100\n|-damage|p1a: Ogerpon|88\/100|[from] Stealth Rock\n|switch|p2a: Dondozo|Dondozo, F|13\/100\n|\n|-heal|p2a: Dondozo|52\/100|[from] move: Wish|[wisher] Clefable\n|upkeep\n|turn|24\n|\n|t:|1700426734\n|switch|p2a: Corviknight|Corviknight, F|71\/100 brn\n|-damage|p2a: Corviknight|58\/100 brn|[from] Stealth Rock\n|move|p1a: Ogerpon|Swords Dance|p1a: Ogerpon\n|-boost|p1a: Ogerpon|atk|2\n|\n|-heal|p2a: Corviknight|64\/100 brn|[from] item: Leftovers\n|-damage|p2a: Corviknight|58\/100 brn|[from] brn\n|upkeep\n|turn|25\n|\n|t:|1700426745\n|move|p1a: Ogerpon|Superpower|p2a: Corviknight\n|-damage|p2a: Corviknight|0 fnt\n|-unboost|p1a: Ogerpon|atk|1\n|-unboost|p1a: Ogerpon|def|1\n|faint|p2a: Corviknight\n|\n|upkeep\n|\n|t:|1700426752\n|switch|p2a: Toxapex|Toxapex, M|100\/100\n|turn|26\n|\n|t:|1700426757\n|move|p1a: Ogerpon|Horn Leech|p2a: Toxapex\n|-damage|p2a: Toxapex|52\/100\n|-heal|p1a: Ogerpon|100\/100|[from] drain|[of] p2a: Toxapex\n|move|p2a: Toxapex|Toxic|p1a: Ogerpon\n|-status|p1a: Ogerpon|tox\n|\n|-damage|p1a: Ogerpon|95\/100 tox|[from] psn\n|upkeep\n|turn|27\n|\n|t:|1700426766\n|move|p1a: Ogerpon|Swords Dance|p1a: Ogerpon\n|-boost|p1a: Ogerpon|atk|2\n|move|p2a: Toxapex|Haze|p2a: Toxapex\n|-clearallboost\n|\n|-damage|p1a: Ogerpon|83\/100 tox|[from] psn\n|upkeep\n|turn|28\n|\n|t:|1700426777\n|switch|p1a: Corviknight|Corviknight, F|60\/100\n|-damage|p1a: Corviknight|47\/100|[from] Stealth Rock\n|move|p2a: Toxapex|Recover|p2a: Toxapex\n|-heal|p2a: Toxapex|100\/100\n|\n|-sideend|p1: Rengoku58vgc|move: Light Screen\n|upkeep\n|turn|29\n|\n|t:|1700426787\n|move|p1a: Corviknight|Brave Bird|p2a: Toxapex\n|-damage|p2a: Toxapex|34\/100\n|-damage|p1a: Corviknight|28\/100|[from] Recoil\n|move|p2a: Toxapex|Infestation|p1a: Corviknight\n|-resisted|p1a: Corviknight\n|-damage|p1a: Corviknight|27\/100\n|-activate|p1a: Corviknight|move: Infestation|[of] p2a: Toxapex\n|\n|-damage|p1a: Corviknight|14\/100|[from] move: Infestation|[partiallytrapped]\n|upkeep\n|turn|30\n|\n|t:|1700426806\n|switch|p2a: Dondozo|Dondozo, F|52\/100\n|move|p1a: Corviknight|Brave Bird|p2a: Dondozo\n|-damage|p2a: Dondozo|17\/100\n|-damage|p1a: Corviknight|0 fnt|[from] Recoil\n|faint|p1a: Corviknight\n|\n|upkeep\n|\n|t:|1700426821\n|switch|p1a: Glimmora|Glimmora, F|50\/100\n|-damage|p1a: Glimmora|38\/100|[from] Stealth Rock\n|turn|31\n|\n|t:|1700426838\n|switch|p2a: Blissey|Blissey, F|100\/100\n|move|p1a: Glimmora|Sludge Wave|p2a: Blissey\n|-damage|p2a: Blissey|86\/100\n|\n|upkeep\n|turn|32\n|\n|t:|1700426849\n|switch|p1a: Dragapult|Dragapult, M|60\/100\n|-damage|p1a: Dragapult|48\/100|[from] Stealth Rock\n|move|p2a: Blissey|Calm Mind|p2a: Blissey\n|-boost|p2a: Blissey|spa|1\n|-boost|p2a: Blissey|spd|1\n|\n|upkeep\n|turn|33\n|\n|t:|1700426857\n|move|p1a: Dragapult|Will-O-Wisp|p2a: Blissey\n|-status|p2a: Blissey|brn\n|move|p2a: Blissey|Calm Mind|p2a: Blissey\n|-boost|p2a: Blissey|spa|1\n|-boost|p2a: Blissey|spd|1\n|\n|-damage|p2a: Blissey|79\/100 brn|[from] brn\n|upkeep\n|turn|34\n|\n|t:|1700426866\n|switch|p1a: Zamazenta|Zamazenta|96\/100\n|-damage|p1a: Zamazenta|89\/100|[from] Stealth Rock\n|move|p2a: Blissey|Calm Mind|p2a: Blissey\n|-boost|p2a: Blissey|spa|1\n|-boost|p2a: Blissey|spd|1\n|\n|-heal|p1a: Zamazenta|96\/100|[from] item: Leftovers\n|-damage|p2a: Blissey|73\/100 brn|[from] brn\n|upkeep\n|turn|35\n|\n|t:|1700426877\n|move|p2a: Blissey|Protect|p2a: Blissey\n|-singleturn|p2a: Blissey|Protect\n|move|p1a: Zamazenta|Roar|p2a: Blissey\n|-curestatus|p2a: Blissey|brn|[from] ability: Natural Cure\n|drag|p2a: Dondozo|Dondozo, F|17\/100\n|\n|-heal|p1a: Zamazenta|100\/100|[from] item: Leftovers\n|upkeep\n|turn|36\n|\n|t:|1700426887\n|move|p1a: Zamazenta|Iron Defense|p1a: Zamazenta\n|-boost|p1a: Zamazenta|def|2\n|move|p2a: Dondozo|Rest|p2a: Dondozo\n|-status|p2a: Dondozo|slp|[from] move: Rest\n|-heal|p2a: Dondozo|100\/100 slp|[silent]\n|\n|upkeep\n|turn|37\n|\n|t:|1700426896\n|move|p1a: Zamazenta|Iron Defense|p1a: Zamazenta\n|-boost|p1a: Zamazenta|def|2\n|cant|p2a: Dondozo|slp\n|move|p2a: Dondozo|Sleep Talk|p2a: Dondozo\n|move|p2a: Dondozo|Body Press|p1a: Zamazenta|[from]move: Sleep Talk\n|-damage|p1a: Zamazenta|84\/100\n|\n|-heal|p1a: Zamazenta|90\/100|[from] item: Leftovers\n|upkeep\n|turn|38\n|\n|t:|1700426909\n|move|p1a: Zamazenta|Body Press|p2a: Dondozo\n|-damage|p2a: Dondozo|80\/100 slp\n|cant|p2a: Dondozo|slp\n|move|p2a: Dondozo|Sleep Talk|p2a: Dondozo\n|move|p2a: Dondozo|Body Press|p1a: Zamazenta|[from]move: Sleep Talk\n|-damage|p1a: Zamazenta|74\/100\n|\n|-heal|p1a: Zamazenta|81\/100|[from] item: Leftovers\n|upkeep\n|turn|39\n|c|\u2606Rengoku58vgc|Stall is so cringe tbh\n|\n|t:|1700426931\n|move|p1a: Zamazenta|Iron Defense|p1a: Zamazenta\n|-boost|p1a: Zamazenta|def|2\n|-curestatus|p2a: Dondozo|slp|[msg]\n|move|p2a: Dondozo|Sleep Talk||[still]\n|-fail|p2a: Dondozo\n|\n|-heal|p1a: Zamazenta|87\/100|[from] item: Leftovers\n|upkeep\n|turn|40\n|\n|t:|1700426940\n|move|p1a: Zamazenta|Play Rough|p2a: Dondozo\n|-damage|p2a: Dondozo|70\/100\n|move|p2a: Dondozo|Body Press|p1a: Zamazenta\n|-damage|p1a: Zamazenta|71\/100\n|\n|-heal|p1a: Zamazenta|78\/100|[from] item: Leftovers\n|upkeep\n|turn|41\n|c|\u2606Lucky_Lapis|Nah\n|c|\u2606Rengoku58vgc|Yeah\n|c|\u2606Lucky_Lapis|Stall takes so much more skill\n|c|\u2606Rengoku58vgc|just fat mons with unaware insane team building\n|inactive|Rengoku58vgc has 120 seconds left.\n|\n|t:|1700426971\n|move|p2a: Dondozo|Body Press|p1a: Zamazenta\n|-damage|p1a: Zamazenta|62\/100\n|move|p1a: Zamazenta|Roar|p2a: Dondozo\n|drag|p2a: Clefable|Clefable, M|85\/100 brn\n|\n|-heal|p1a: Zamazenta|68\/100|[from] item: Leftovers\n|-heal|p2a: Clefable|91\/100 brn|[from] item: Leftovers\n|upkeep\n|turn|42\n|inactive|Rengoku58vgc has 120 seconds left.\n|c|\u2606Lucky_Lapis|In game it harder\n|c|\u2606Lucky_Lapis|a u need to do is set up\n|c|\u2606Lucky_Lapis|sweep\n|\n|t:|1700426997\n|switch|p1a: Ogerpon|Ogerpon-Cornerstone, F|83\/100 tox\n|-damage|p1a: Ogerpon|70\/100 tox|[from] Stealth Rock\n|move|p2a: Clefable|Protect||[still]\n|-fail|p2a: Clefable\n|\n|-heal|p2a: Clefable|97\/100 brn|[from] item: Leftovers\n|-damage|p1a: Ogerpon|64\/100 tox|[from] psn\n|upkeep\n|turn|43\n|inactive|Rengoku58vgc has 120 seconds left.\n|\n|t:|1700427009\n|switch|p2a: Toxapex|Toxapex, M|67\/100\n|move|p1a: Ogerpon|Horn Leech|p2a: Toxapex\n|-damage|p2a: Toxapex|30\/100\n|-heal|p1a: Ogerpon|83\/100 tox|[from] drain|[of] p2a: Toxapex\n|\n|-damage|p1a: Ogerpon|71\/100 tox|[from] psn\n|upkeep\n|turn|44\n|inactive|Rengoku58vgc has 120 seconds left.\n|inactive|Lucky_Lapis has 120 seconds left.\n|\n|t:|1700427027\n|switch|p2a: Dondozo|Dondozo, F|70\/100\n|move|p1a: Ogerpon|Swords Dance|p1a: Ogerpon\n|-boost|p1a: Ogerpon|atk|2\n|\n|-damage|p1a: Ogerpon|53\/100 tox|[from] psn\n|upkeep\n|turn|45\n|inactive|Rengoku58vgc has 120 seconds left.\n|\n|t:|1700427035\n|move|p1a: Ogerpon|Horn Leech|p2a: Dondozo\n|-supereffective|p2a: Dondozo\n|-damage|p2a: Dondozo|30\/100\n|-heal|p1a: Ogerpon|86\/100 tox|[from] drain|[of] p2a: Dondozo\n|move|p2a: Dondozo|Body Press|p1a: Ogerpon\n|-supereffective|p1a: Ogerpon\n|-damage|p1a: Ogerpon|16\/100 tox\n|\n|-damage|p1a: Ogerpon|0 fnt|[from] psn\n|faint|p1a: Ogerpon\n|upkeep\n|inactive|Rengoku58vgc has 120 seconds left.\n|-message|Rengoku58vgc forfeited.\n|\n|win|Lucky_Lapis\n|raw|Rengoku58vgc's rating: 1053 &rarr; <strong>1039<\/strong><br \/>(-14 for losing)\n|raw|Lucky_Lapis's rating: 1133 &rarr; <strong>1152<\/strong><br \/>(+19 for winning)\n|l|\u2606Rengoku58vgc\n|c|\u2606Lucky_Lapis|Gg\n","uploadtime":1700427059,"views":8,"p1id":"rengoku58vgc","p2id":"luckylapis","formatid":"gen9ou","rating":1039,"private":0,"password":""}