{"id":"gen9ou-1996359001","p1":"vailorn","p2":"brabrasese","format":"[Gen 9] OU","log":"|j|\u2606vailorn\n|j|\u2606brabrasese\n|t:|1700674500\n|gametype|singles\n|player|p1|vailorn|170|1326\n|player|p2|brabrasese|101|1380\n|teamsize|p1|6\n|teamsize|p2|6\n|gen|9\n|tier|[Gen 9] OU\n|rated|\n|rule|Sleep Clause Mod: Limit one foe put to sleep\n|rule|Species Clause: Limit one of each Pok\u00e9mon\n|rule|OHKO Clause: OHKO moves are banned\n|rule|Evasion Items Clause: Evasion items are banned\n|rule|Evasion Moves Clause: Evasion moves are banned\n|rule|Endless Battle Clause: Forcing endless battles is banned\n|rule|HP Percentage Mod: HP is shown in percentages\n|clearpoke\n|poke|p1|Weavile, F|\n|poke|p1|Weezing-Galar, F|\n|poke|p1|Alomomola, M|\n|poke|p1|Ting-Lu|\n|poke|p1|Corviknight, F|\n|poke|p1|Ditto|\n|poke|p2|Ogerpon-Wellspring, F|\n|poke|p2|Gholdengo|\n|poke|p2|Kingambit, F|\n|poke|p2|Zamazenta-*|\n|poke|p2|Enamorus, F|\n|poke|p2|Glimmora, F|\n|teampreview\n|\n|t:|1700674526\n|start\n|switch|p1a: Ting-Lu|Ting-Lu|100\/100\n|switch|p2a: Glimmora|Glimmora, F|100\/100\n|-ability|p1a: Ting-Lu|Vessel of Ruin\n|turn|1\n|inactive|Battle timer is ON: inactive players will automatically lose when time's up. (requested by brabrasese)\n|\n|t:|1700674539\n|move|p2a: Glimmora|Spikes|p1a: Ting-Lu\n|-sidestart|p1: vailorn|Spikes\n|move|p1a: Ting-Lu|Earthquake|p2a: Glimmora\n|-supereffective|p2a: Glimmora\n|-enditem|p2a: Glimmora|Focus Sash\n|-damage|p2a: Glimmora|1\/100\n|-activate|p2a: Glimmora|ability: Toxic Debris\n|-sidestart|p1: vailorn|move: Toxic Spikes\n|\n|upkeep\n|turn|2\n|inactive|vailorn has 120 seconds left.\n|\n|t:|1700674575\n|move|p2a: Glimmora|Mortal Spin|p1a: Ting-Lu\n|-resisted|p1a: Ting-Lu\n|-damage|p1a: Ting-Lu|99\/100\n|-status|p1a: Ting-Lu|psn\n|move|p1a: Ting-Lu|Earthquake|p2a: Glimmora\n|-supereffective|p2a: Glimmora\n|-damage|p2a: Glimmora|0 fnt\n|-activate|p2a: Glimmora|ability: Toxic Debris\n|-sidestart|p1: vailorn|move: Toxic Spikes\n|faint|p2a: Glimmora\n|\n|-heal|p1a: Ting-Lu|100\/100 psn|[from] item: Leftovers\n|-damage|p1a: Ting-Lu|88\/100 psn|[from] psn\n|upkeep\n|\n|t:|1700674581\n|switch|p2a: Ogerpon|Ogerpon-Wellspring, F|100\/100\n|turn|3\n|\n|t:|1700674590\n|switch|p1a: Corviknight|Corviknight, F|100\/100\n|-ability|p1a: Corviknight|Pressure\n|move|p2a: Ogerpon|Ivy Cudgel|p1a: Corviknight|[anim] Ivy Cudgel Water\n|-damage|p1a: Corviknight|65\/100\n|\n|upkeep\n|turn|4\n|\n|t:|1700674604\n|-terastallize|p1a: Corviknight|Dragon\n|move|p2a: Ogerpon|Ivy Cudgel|p1a: Corviknight|[anim] Ivy Cudgel Water\n|-resisted|p1a: Corviknight\n|-damage|p1a: Corviknight|47\/100\n|move|p1a: Corviknight|Roost|p1a: Corviknight\n|-heal|p1a: Corviknight|97\/100\n|\n|upkeep\n|turn|5\n|\n|t:|1700674612\n|switch|p2a: Enamorus|Enamorus, F|100\/100\n|move|p1a: Corviknight|Defog|p2a: Enamorus\n|-boost|p2a: Enamorus|evasion|1\n|-sideend|p1: vailorn|Spikes|[from] move: Defog|[of] p1a: Corviknight\n|-sideend|p1: vailorn|Toxic Spikes|[from] move: Defog|[of] p1a: Corviknight\n|\n|upkeep\n|turn|6\n|\n|t:|1700674625\n|switch|p1a: Weezing|Weezing-Galar, F|100\/100\n|-ability|p1a: Weezing|Neutralizing Gas\n|move|p2a: Enamorus|Moonblast|p1a: Weezing\n|-resisted|p1a: Weezing\n|-damage|p1a: Weezing|66\/100\n|\n|upkeep\n|turn|7\n|\n|t:|1700674636\n|switch|p2a: Gholdengo|Gholdengo|100\/100\n|-item|p2a: Gholdengo|Air Balloon\n|move|p1a: Weezing|Pain Split|p2a: Gholdengo\n|-sethp|p2a: Gholdengo|85\/100|[from] move: Pain Split|[silent]\n|-sethp|p1a: Weezing|80\/100|[from] move: Pain Split\n|\n|upkeep\n|turn|8\n|\n|t:|1700674646\n|-end|p1a: Weezing|ability: Neutralizing Gas\n|switch|p1a: Alomomola|Alomomola, M|100\/100\n|move|p2a: Gholdengo|Make It Rain|p1a: Alomomola\n|-resisted|p1a: Alomomola\n|-damage|p1a: Alomomola|72\/100\n|-unboost|p2a: Gholdengo|spa|1\n|\n|-heal|p1a: Alomomola|78\/100|[from] item: Leftovers\n|upkeep\n|turn|9\n|\n|t:|1700674661\n|switch|p2a: Ogerpon|Ogerpon-Wellspring, F|100\/100\n|switch|p1a: Corviknight|Corviknight, F, tera:Dragon|97\/100\n|-ability|p1a: Corviknight|Pressure\n|\n|upkeep\n|turn|10\n|\n|t:|1700674675\n|switch|p2a: Enamorus|Enamorus, F|100\/100\n|switch|p1a: Weezing|Weezing-Galar, F|80\/100\n|-ability|p1a: Weezing|Neutralizing Gas\n|\n|upkeep\n|turn|11\n|\n|t:|1700674680\n|move|p2a: Enamorus|Earth Power|p1a: Weezing\n|-supereffective|p1a: Weezing\n|-damage|p1a: Weezing|0 fnt\n|faint|p1a: Weezing\n|-end|p1a: Weezing|ability: Neutralizing Gas\n|\n|upkeep\n|c|\u2606vailorn|Jinkies\n|\n|t:|1700674703\n|switch|p1a: Weavile|Weavile, F|100\/100\n|-ability|p1a: Weavile|Pressure\n|turn|12\n|\n|t:|1700674708\n|switch|p2a: Zamazenta|Zamazenta|100\/100\n|-ability|p2a: Zamazenta|Dauntless Shield|boost\n|-boost|p2a: Zamazenta|def|1\n|move|p1a: Weavile|Substitute|p1a: Weavile\n|-start|p1a: Weavile|Substitute\n|-damage|p1a: Weavile|76\/100\n|\n|-heal|p1a: Weavile|82\/100|[from] item: Leftovers\n|upkeep\n|turn|13\n|\n|t:|1700674712\n|move|p2a: Zamazenta|Body Press|p1a: Weavile\n|-supereffective|p1a: Weavile\n|-end|p1a: Weavile|Substitute\n|move|p1a: Weavile|Knock Off|p2a: Zamazenta\n|-resisted|p2a: Zamazenta\n|-damage|p2a: Zamazenta|92\/100\n|-enditem|p2a: Zamazenta|Leftovers|[from] move: Knock Off|[of] p1a: Weavile\n|\n|-heal|p1a: Weavile|88\/100|[from] item: Leftovers\n|upkeep\n|turn|14\n|\n|t:|1700674717\n|move|p1a: Weavile|Protect|p1a: Weavile\n|-singleturn|p1a: Weavile|Protect\n|move|p2a: Zamazenta|Body Press|p1a: Weavile\n|-activate|p1a: Weavile|move: Protect\n|\n|-heal|p1a: Weavile|94\/100|[from] item: Leftovers\n|upkeep\n|turn|15\n|\n|t:|1700674729\n|switch|p1a: Corviknight|Corviknight, F, tera:Dragon|97\/100\n|-ability|p1a: Corviknight|Pressure\n|move|p2a: Zamazenta|Iron Defense|p2a: Zamazenta\n|-boost|p2a: Zamazenta|def|2\n|\n|upkeep\n|turn|16\n|\n|t:|1700674732\n|move|p2a: Zamazenta|Iron Defense|p2a: Zamazenta\n|-boost|p2a: Zamazenta|def|2\n|move|p1a: Corviknight|Iron Defense|p1a: Corviknight\n|-boost|p1a: Corviknight|def|2\n|\n|upkeep\n|turn|17\n|\n|t:|1700674736\n|switch|p1a: Ditto|Ditto|100\/100\n|-transform|p1a: Ditto|p2a: Zamazenta|[from] ability: Imposter\n|-ability|p1a: Ditto|Dauntless Shield|boost\n|-boost|p1a: Ditto|def|1\n|move|p2a: Zamazenta|Body Press|p1a: Ditto\n|-damage|p1a: Ditto|73\/100\n|\n|upkeep\n|turn|18\n|\n|t:|1700674749\n|switch|p2a: Gholdengo|Gholdengo|85\/100\n|-item|p2a: Gholdengo|Air Balloon\n|move|p1a: Ditto|Body Press|p2a: Gholdengo\n|-immune|p2a: Gholdengo\n|\n|upkeep\n|turn|19\n|\n|t:|1700674760\n|switch|p1a: Alomomola|Alomomola, M|100\/100\n|move|p2a: Gholdengo|Make It Rain|p1a: Alomomola\n|-resisted|p1a: Alomomola\n|-damage|p1a: Alomomola|74\/100\n|-unboost|p2a: Gholdengo|spa|1\n|\n|-heal|p1a: Alomomola|80\/100|[from] item: Leftovers\n|upkeep\n|turn|20\n|\n|t:|1700674769\n|switch|p2a: Ogerpon|Ogerpon-Wellspring, F|100\/100\n|switch|p1a: Corviknight|Corviknight, F, tera:Dragon|97\/100\n|-ability|p1a: Corviknight|Pressure\n|\n|upkeep\n|turn|21\n|\n|t:|1700674776\n|switch|p2a: Enamorus|Enamorus, F|100\/100\n|switch|p1a: Weavile|Weavile, F|94\/100\n|-ability|p1a: Weavile|Pressure\n|\n|-heal|p1a: Weavile|99\/100|[from] item: Leftovers\n|upkeep\n|turn|22\n|\n|t:|1700674786\n|move|p2a: Enamorus|Moonblast|p1a: Weavile\n|-supereffective|p1a: Weavile\n|-damage|p1a: Weavile|0 fnt\n|faint|p1a: Weavile\n|\n|upkeep\n|c|\u2606vailorn|Thought this mfer was choice\n|c|\u2606vailorn|Ggs\n|-message|vailorn forfeited.\n|\n|win|brabrasese\n|raw|vailorn's rating: 1326 &rarr; <strong>1309<\/strong><br \/>(-17 for losing)\n|raw|brabrasese's rating: 1380 &rarr; <strong>1397<\/strong><br \/>(+17 for winning)\n|l|\u2606vailorn\n|j|\u2606vailorn\n|player|p1|vailorn|170\n","uploadtime":1700674804,"views":11,"p1id":"vailorn","p2id":"brabrasese","formatid":"gen9ou","rating":1309,"private":0,"password":""}