{"id":"gen9ou-1999439224","p1":"AyanManPlays yt","p2":"Toxinate","format":"[Gen 9] OU","log":"|j|\u2606AyanManPlays yt\n|j|\u2606Toxinate\n|t:|1701080691\n|gametype|singles\n|player|p1|AyanManPlays yt|alder|1214\n|player|p2|Toxinate|101|1123\n|teamsize|p1|6\n|teamsize|p2|6\n|gen|9\n|tier|[Gen 9] OU\n|rated|\n|rule|Sleep Clause Mod: Limit one foe put to sleep\n|rule|Species Clause: Limit one of each Pok\u00e9mon\n|rule|OHKO Clause: OHKO moves are banned\n|rule|Evasion Items Clause: Evasion items are banned\n|rule|Evasion Moves Clause: Evasion moves are banned\n|rule|Endless Battle Clause: Forcing endless battles is banned\n|rule|HP Percentage Mod: HP is shown in percentages\n|clearpoke\n|poke|p1|Ribombee, F|\n|poke|p1|Ogerpon-Cornerstone, F|\n|poke|p1|Toxapex, F|\n|poke|p1|Kingambit, M|\n|poke|p1|Mandibuzz, F|\n|poke|p1|Dragonite, M|\n|poke|p2|Gholdengo|\n|poke|p2|Zoroark-Hisui, F|\n|poke|p2|Ceruledge, F|\n|poke|p2|Lucario, M|\n|poke|p2|Bronzong|\n|poke|p2|Gastrodon, F|\n|teampreview\n|inactive|Battle timer is ON: inactive players will automatically lose when time's up. (requested by Toxinate)\n|\n|t:|1701080716\n|start\n|switch|p1a: Ribombee|Ribombee, F|100\/100\n|switch|p2a: Gholdengo|Gholdengo|100\/100\n|turn|1\n|\n|t:|1701080726\n|move|p2a: Gholdengo|Trick|p1a: Ribombee\n|-activate|p2a: Gholdengo|move: Trick|[of] p1a: Ribombee\n|-item|p1a: Ribombee|Choice Scarf|[from] move: Trick\n|-item|p2a: Gholdengo|Focus Sash|[from] move: Trick\n|move|p1a: Ribombee|Sticky Web|p2a: Gholdengo\n|-sidestart|p2: Toxinate|move: Sticky Web\n|\n|upkeep\n|turn|2\n|\n|t:|1701080737\n|switch|p1a: Toxapex|Toxapex, F|100\/100\n|move|p2a: Gholdengo|Nasty Plot|p2a: Gholdengo\n|-boost|p2a: Gholdengo|spa|2\n|\n|upkeep\n|turn|3\n|\n|t:|1701080747\n|move|p2a: Gholdengo|Shadow Ball|p1a: Toxapex\n|-damage|p1a: Toxapex|29\/100\n|move|p1a: Toxapex|Haze|p1a: Toxapex\n|-clearallboost\n|\n|-heal|p1a: Toxapex|35\/100|[from] item: Black Sludge\n|upkeep\n|turn|4\n|\n|t:|1701080757\n|move|p2a: Gholdengo|Shadow Ball|p1a: Toxapex\n|-damage|p1a: Toxapex|0 fnt\n|faint|p1a: Toxapex\n|\n|upkeep\n|\n|t:|1701080766\n|switch|p1a: Dragonite|Dragonite, M|100\/100\n|turn|5\n|\n|t:|1701080781\n|move|p1a: Dragonite|Dragon Dance|p1a: Dragonite\n|-boost|p1a: Dragonite|atk|1\n|-boost|p1a: Dragonite|spe|1\n|move|p2a: Gholdengo|Shadow Ball|p1a: Dragonite\n|-damage|p1a: Dragonite|54\/100\n|\n|upkeep\n|turn|6\n|\n|t:|1701080800\n|-terastallize|p1a: Dragonite|Normal\n|move|p1a: Dragonite|Earthquake|p2a: Gholdengo\n|-damage|p2a: Gholdengo|11\/100\n|replace|p2a: Zoroark|Zoroark-Hisui, F\n|-end|p2a: Zoroark|Illusion\n|move|p2a: Zoroark|Shadow Ball|p1a: Dragonite\n|-immune|p1a: Dragonite\n|\n|upkeep\n|turn|7\n|\n|t:|1701080811\n|move|p1a: Dragonite|Earthquake|p2a: Zoroark\n|-damage|p2a: Zoroark|0 fnt\n|faint|p2a: Zoroark\n|\n|upkeep\n|\n|t:|1701080829\n|switch|p2a: Bronzong|Bronzong|100\/100\n|turn|8\n|\n|t:|1701080833\n|move|p1a: Dragonite|Earthquake|p2a: Bronzong\n|-immune|p2a: Bronzong|[from] ability: Levitate\n|move|p2a: Bronzong|Reflect|p2a: Bronzong\n|-sidestart|p2: Toxinate|Reflect\n|\n|upkeep\n|turn|9\n|\n|t:|1701080844\n|move|p1a: Dragonite|Outrage|p2a: Bronzong\n|-resisted|p2a: Bronzong\n|-damage|p2a: Bronzong|79\/100\n|move|p2a: Bronzong|Stealth Rock|p1a: Dragonite\n|-sidestart|p1: AyanManPlays yt|move: Stealth Rock\n|\n|upkeep\n|turn|10\n|\n|t:|1701080854\n|move|p1a: Dragonite|Outrage|p2a: Bronzong|[from]lockedmove\n|-resisted|p2a: Bronzong\n|-crit|p2a: Bronzong\n|-damage|p2a: Bronzong|18\/100\n|move|p2a: Bronzong|Hypnosis|p1a: Dragonite\n|-status|p1a: Dragonite|slp|[from] move: Hypnosis\n|\n|upkeep\n|turn|11\n|inactive|Toxinate has 120 seconds left.\n|\n|t:|1701080890\n|switch|p2a: Gholdengo|Gholdengo|100\/100\n|-activate|p2a: Gholdengo|move: Sticky Web\n|-unboost|p2a: Gholdengo|spe|1\n|cant|p1a: Dragonite|slp\n|\n|upkeep\n|turn|12\n|inactive|Toxinate has 120 seconds left.\n|\n|t:|1701080901\n|cant|p1a: Dragonite|slp\n|move|p2a: Gholdengo|Make It Rain|p1a: Dragonite\n|-damage|p1a: Dragonite|0 fnt\n|-unboost|p2a: Gholdengo|spa|1\n|faint|p1a: Dragonite\n|\n|-sideend|p2: Toxinate|Reflect\n|upkeep\n|\n|t:|1701080911\n|switch|p1a: Mandibuzz|Mandibuzz, F|100\/100\n|-damage|p1a: Mandibuzz|76\/100|[from] Stealth Rock\n|turn|13\n|\n|t:|1701080915\n|switch|p2a: Lucario|Lucario, M|100\/100\n|-activate|p2a: Lucario|move: Sticky Web\n|-unboost|p2a: Lucario|spe|1\n|move|p1a: Mandibuzz|Defog|p2a: Lucario\n|-unboost|p2a: Lucario|evasion|1\n|-sideend|p2: Toxinate|Sticky Web|[from] move: Defog|[of] p1a: Mandibuzz\n|-sideend|p1: AyanManPlays yt|Stealth Rock|[from] move: Defog|[of] p1a: Mandibuzz\n|\n|upkeep\n|turn|14\n|\n|t:|1701080924\n|move|p1a: Mandibuzz|Taunt|p2a: Lucario\n|-start|p2a: Lucario|move: Taunt\n|cant|p2a: Lucario|move: Taunt|Swords Dance\n|\n|upkeep\n|turn|15\n|\n|t:|1701080934\n|switch|p1a: Ribombee|Ribombee, F|100\/100\n|switch|p2a: Bronzong|Bronzong|18\/100\n|\n|upkeep\n|turn|16\n|\n|t:|1701080947\n|move|p1a: Ribombee|Bug Buzz|p2a: Bronzong\n|-damage|p2a: Bronzong|0 fnt\n|faint|p2a: Bronzong\n|\n|upkeep\n|\n|t:|1701080956\n|switch|p2a: Ceruledge|Ceruledge, F|100\/100\n|turn|17\n|\n|t:|1701080960\n|switch|p1a: Mandibuzz|Mandibuzz, F|76\/100\n|move|p2a: Ceruledge|Will-O-Wisp|p1a: Mandibuzz|[miss]\n|-miss|p2a: Ceruledge|p1a: Mandibuzz\n|\n|upkeep\n|turn|18\n|\n|t:|1701080987\n|switch|p2a: Gastrodon|Gastrodon, F|100\/100\n|move|p1a: Mandibuzz|Toxic|p2a: Gastrodon\n|-status|p2a: Gastrodon|tox\n|\n|-damage|p2a: Gastrodon|94\/100 tox|[from] psn\n|upkeep\n|turn|19\n|inactive|Toxinate has 120 seconds left.\n|\n|t:|1701081011\n|move|p1a: Mandibuzz|Taunt|p2a: Gastrodon\n|-start|p2a: Gastrodon|move: Taunt\n|move|p2a: Gastrodon|Sludge Bomb|p1a: Mandibuzz\n|-damage|p1a: Mandibuzz|56\/100\n|\n|-heal|p2a: Gastrodon|100\/100 tox|[from] item: Leftovers\n|-damage|p2a: Gastrodon|88\/100 tox|[from] psn\n|upkeep\n|turn|20\n|inactive|Toxinate has 120 seconds left.\n|\n|t:|1701081020\n|switch|p1a: Kingambit|Kingambit, M|100\/100\n|-activate|p1a: Kingambit|ability: Supreme Overlord\n|-start|p1a: Kingambit|fallen2|[silent]\n|move|p2a: Gastrodon|Sludge Bomb|p1a: Kingambit\n|-immune|p1a: Kingambit\n|\n|-heal|p2a: Gastrodon|94\/100 tox|[from] item: Leftovers\n|-damage|p2a: Gastrodon|76\/100 tox|[from] psn\n|upkeep\n|turn|21\n|\n|t:|1701081030\n|switch|p2a: Lucario|Lucario, M|100\/100\n|move|p1a: Kingambit|Kowtow Cleave|p2a: Lucario\n|-resisted|p2a: Lucario\n|-damage|p2a: Lucario|50\/100\n|-ability|p2a: Lucario|Justified|boost\n|-boost|p2a: Lucario|atk|1\n|-damage|p1a: Kingambit|91\/100|[from] item: Life Orb\n|\n|upkeep\n|turn|22\n|inactive|Toxinate has 120 seconds left.\n|\n|t:|1701081047\n|-end|p1a: Kingambit|fallen2|[silent]\n|switch|p1a: Ribombee|Ribombee, F|100\/100\n|move|p2a: Lucario|Drain Punch|p1a: Ribombee\n|-resisted|p1a: Ribombee\n|-damage|p1a: Ribombee|73\/100\n|-heal|p2a: Lucario|63\/100|[from] drain|[of] p1a: Ribombee\n|\n|upkeep\n|turn|23\n|inactive|Toxinate has 120 seconds left.\n|\n|t:|1701081058\n|move|p1a: Ribombee|Moonblast|p2a: Lucario\n|-damage|p2a: Lucario|14\/100\n|move|p2a: Lucario|Swords Dance|p2a: Lucario\n|-boost|p2a: Lucario|atk|2\n|\n|upkeep\n|turn|24\n|\n|t:|1701081066\n|move|p2a: Lucario|Bullet Punch|p1a: Ribombee\n|-supereffective|p1a: Ribombee\n|-damage|p1a: Ribombee|0 fnt\n|faint|p1a: Ribombee\n|\n|upkeep\n|\n|t:|1701081074\n|switch|p1a: Ogerpon|Ogerpon-Cornerstone, F|100\/100\n|turn|25\n|\n|t:|1701081085\n|move|p2a: Lucario|Bullet Punch|p1a: Ogerpon\n|-supereffective|p1a: Ogerpon\n|-crit|p1a: Ogerpon\n|-ability|p1a: Ogerpon|Sturdy\n|-damage|p1a: Ogerpon|1\/100\n|move|p1a: Ogerpon|Ivy Cudgel|p2a: Lucario|[anim] Ivy Cudgel Rock\n|-resisted|p2a: Lucario\n|-damage|p2a: Lucario|0 fnt\n|faint|p2a: Lucario\n|\n|upkeep\n|\n|t:|1701081103\n|switch|p2a: Ceruledge|Ceruledge, F|100\/100\n|turn|26\n|\n|t:|1701081109\n|move|p2a: Ceruledge|Shadow Sneak|p1a: Ogerpon\n|-damage|p1a: Ogerpon|0 fnt\n|faint|p1a: Ogerpon\n|\n|upkeep\n|\n|t:|1701081112\n|switch|p1a: Kingambit|Kingambit, M|91\/100\n|-activate|p1a: Kingambit|ability: Supreme Overlord\n|-start|p1a: Kingambit|fallen4|[silent]\n|turn|27\n|\n|t:|1701081128\n|move|p2a: Ceruledge|Will-O-Wisp|p1a: Kingambit\n|-status|p1a: Kingambit|brn\n|move|p1a: Kingambit|Kowtow Cleave|p2a: Ceruledge\n|-supereffective|p2a: Ceruledge\n|-damage|p2a: Ceruledge|0 fnt\n|faint|p2a: Ceruledge\n|-damage|p1a: Kingambit|81\/100 brn|[from] item: Life Orb\n|\n|-damage|p1a: Kingambit|75\/100 brn|[from] brn\n|upkeep\n|\n|t:|1701081141\n|switch|p2a: Gastrodon|Gastrodon, F|76\/100 tox\n|turn|28\n|\n|t:|1701081149\n|-end|p1a: Kingambit|fallen4|[silent]\n|switch|p1a: Mandibuzz|Mandibuzz, F|56\/100\n|move|p2a: Gastrodon|Stealth Rock|p1a: Mandibuzz\n|-sidestart|p1: AyanManPlays yt|move: Stealth Rock\n|\n|-heal|p2a: Gastrodon|82\/100 tox|[from] item: Leftovers\n|-damage|p2a: Gastrodon|76\/100 tox|[from] psn\n|upkeep\n|turn|29\n|\n|t:|1701081163\n|move|p1a: Mandibuzz|Defog|p2a: Gastrodon\n|-unboost|p2a: Gastrodon|evasion|1\n|-sideend|p1: AyanManPlays yt|Stealth Rock|[from] move: Defog|[of] p1a: Mandibuzz\n|move|p2a: Gastrodon|Sludge Bomb|p1a: Mandibuzz\n|-damage|p1a: Mandibuzz|38\/100\n|\n|-heal|p2a: Gastrodon|82\/100 tox|[from] item: Leftovers\n|-damage|p2a: Gastrodon|70\/100 tox|[from] psn\n|upkeep\n|turn|30\n|\n|t:|1701081174\n|move|p1a: Mandibuzz|Foul Play|p2a: Gastrodon\n|-damage|p2a: Gastrodon|47\/100 tox\n|move|p2a: Gastrodon|Sludge Bomb|p1a: Mandibuzz\n|-damage|p1a: Mandibuzz|21\/100\n|\n|-heal|p2a: Gastrodon|54\/100 tox|[from] item: Leftovers\n|-damage|p2a: Gastrodon|35\/100 tox|[from] psn\n|upkeep\n|turn|31\n|\n|t:|1701081188\n|switch|p1a: Kingambit|Kingambit, M|75\/100 brn\n|-activate|p1a: Kingambit|ability: Supreme Overlord\n|-start|p1a: Kingambit|fallen4|[silent]\n|move|p2a: Gastrodon|Recover|p2a: Gastrodon\n|-heal|p2a: Gastrodon|85\/100 tox\n|\n|-heal|p2a: Gastrodon|91\/100 tox|[from] item: Leftovers\n|-damage|p2a: Gastrodon|67\/100 tox|[from] psn\n|-damage|p1a: Kingambit|68\/100 brn|[from] brn\n|upkeep\n|turn|32\n|\n|t:|1701081210\n|-end|p1a: Kingambit|fallen4|[silent]\n|switch|p1a: Mandibuzz|Mandibuzz, F|21\/100\n|move|p2a: Gastrodon|Stealth Rock|p1a: Mandibuzz\n|-sidestart|p1: AyanManPlays yt|move: Stealth Rock\n|\n|-heal|p2a: Gastrodon|73\/100 tox|[from] item: Leftovers\n|-damage|p2a: Gastrodon|43\/100 tox|[from] psn\n|upkeep\n|turn|33\n|\n|t:|1701081216\n|move|p1a: Mandibuzz|Defog|p2a: Gastrodon\n|-unboost|p2a: Gastrodon|evasion|1\n|-sideend|p1: AyanManPlays yt|Stealth Rock|[from] move: Defog|[of] p1a: Mandibuzz\n|move|p2a: Gastrodon|Sludge Bomb|p1a: Mandibuzz\n|-damage|p1a: Mandibuzz|3\/100\n|\n|-heal|p2a: Gastrodon|49\/100 tox|[from] item: Leftovers\n|-damage|p2a: Gastrodon|12\/100 tox|[from] psn\n|upkeep\n|turn|34\n|\n|t:|1701081229\n|move|p1a: Mandibuzz|Foul Play|p2a: Gastrodon\n|-damage|p2a: Gastrodon|0 fnt\n|faint|p2a: Gastrodon\n|\n|upkeep\n|\n|t:|1701081231\n|switch|p2a: Gholdengo|Gholdengo|100\/100\n|turn|35\n|\n|t:|1701081248\n|-terastallize|p2a: Gholdengo|Normal\n|move|p2a: Gholdengo|Shadow Ball|p1a: Mandibuzz\n|-resisted|p1a: Mandibuzz\n|-damage|p1a: Mandibuzz|0 fnt\n|faint|p1a: Mandibuzz\n|\n|upkeep\n|\n|t:|1701081253\n|switch|p1a: Kingambit|Kingambit, M|68\/100 brn\n|-activate|p1a: Kingambit|ability: Supreme Overlord\n|-start|p1a: Kingambit|fallen5|[silent]\n|turn|36\n|\n|t:|1701081273\n|move|p2a: Gholdengo|Nasty Plot|p2a: Gholdengo\n|-boost|p2a: Gholdengo|spa|2\n|move|p1a: Kingambit|Kowtow Cleave|p2a: Gholdengo\n|-damage|p2a: Gholdengo|51\/100\n|-damage|p1a: Kingambit|58\/100 brn|[from] item: Life Orb\n|\n|-heal|p2a: Gholdengo|57\/100|[from] item: Leftovers\n|-damage|p1a: Kingambit|52\/100 brn|[from] brn\n|upkeep\n|turn|37\n|\n|t:|1701081285\n|move|p2a: Gholdengo|Make It Rain|p1a: Kingambit\n|-resisted|p1a: Kingambit\n|-damage|p1a: Kingambit|0 fnt\n|-unboost|p2a: Gholdengo|spa|1\n|faint|p1a: Kingambit\n|-end|p1a: Kingambit|fallen5|[silent]\n|\n|win|Toxinate\n|raw|AyanManPlays yt's rating: 1214 &rarr; <strong>1183<\/strong><br \/>(-31 for losing)\n|raw|Toxinate's rating: 1123 &rarr; <strong>1154<\/strong><br \/>(+31 for winning)\n","uploadtime":1701081291,"views":3,"p1id":"ayanmanplaysyt","p2id":"toxinate","formatid":"gen9ou","rating":1154,"private":0,"password":""}