{"id":"gen9ou-1997318791","p1":"TigerSpace02","p2":"MoEB_zaktrap182","format":"[Gen 9] OU","log":"|j|\u2606TigerSpace02\n|j|\u2606MoEB_zaktrap182\n|t:|1700788827\n|gametype|singles\n|player|p1|TigerSpace02|blackbelt-gen4dp|\n|player|p2|MoEB_zaktrap182|fisherman-gen4|\n|teamsize|p1|6\n|teamsize|p2|6\n|gen|9\n|tier|[Gen 9] OU\n|rule|Sleep Clause Mod: Limit one foe put to sleep\n|rule|Species Clause: Limit one of each Pok\u00e9mon\n|rule|OHKO Clause: OHKO moves are banned\n|rule|Evasion Items Clause: Evasion items are banned\n|rule|Evasion Moves Clause: Evasion moves are banned\n|rule|Endless Battle Clause: Forcing endless battles is banned\n|rule|HP Percentage Mod: HP is shown in percentages\n|clearpoke\n|poke|p1|Toxapex, M|\n|poke|p1|Garchomp, F|\n|poke|p1|Heatran, F|\n|poke|p1|Mandibuzz, F|\n|poke|p1|Zamazenta-*|\n|poke|p1|Hoopa-Unbound|\n|poke|p2|Pelipper, F|\n|poke|p2|Poliwrath, F|\n|poke|p2|Crawdaunt, M|\n|poke|p2|Milotic, F|\n|poke|p2|Beartic, F|\n|poke|p2|Vikavolt, F|\n|teampreview\n|\n|t:|1700788866\n|start\n|switch|p1a: UU??|Garchomp, F|100\/100\n|switch|p2a: Pelipper|Pelipper, F, shiny|100\/100\n|-weather|RainDance|[from] ability: Drizzle|[of] p2a: Pelipper\n|turn|1\n|\n|t:|1700788877\n|move|p1a: UU??|Swords Dance|p1a: UU??\n|-boost|p1a: UU??|atk|2\n|move|p2a: Pelipper|Ice Beam|p1a: UU??\n|-supereffective|p1a: UU??\n|-damage|p1a: UU??|0 fnt\n|faint|p1a: UU??\n|\n|-weather|RainDance|[upkeep]\n|upkeep\n|\n|t:|1700788961\n|switch|p1a: Zamazenta|Zamazenta|100\/100\n|-ability|p1a: Zamazenta|Dauntless Shield|boost\n|-boost|p1a: Zamazenta|def|1\n|turn|2\n|\n|t:|1700788987\n|move|p1a: Zamazenta|Iron Defense|p1a: Zamazenta\n|-boost|p1a: Zamazenta|def|2\n|move|p2a: Pelipper|Hurricane|p1a: Zamazenta\n|-supereffective|p1a: Zamazenta\n|-damage|p1a: Zamazenta|36\/100\n|\n|-weather|RainDance|[upkeep]\n|-heal|p1a: Zamazenta|42\/100|[from] item: Leftovers\n|upkeep\n|turn|3\n|\n|t:|1700789023\n|-terastallize|p1a: Zamazenta|Steel\n|move|p1a: Zamazenta|Body Press|p2a: Pelipper\n|-resisted|p2a: Pelipper\n|-damage|p2a: Pelipper|56\/100\n|move|p2a: Pelipper|Hurricane|p1a: Zamazenta\n|-resisted|p1a: Zamazenta\n|-damage|p1a: Zamazenta|25\/100\n|-start|p1a: Zamazenta|confusion\n|\n|-weather|RainDance|[upkeep]\n|-heal|p1a: Zamazenta|32\/100|[from] item: Leftovers\n|upkeep\n|turn|4\n|\n|t:|1700789044\n|-activate|p1a: Zamazenta|confusion\n|move|p1a: Zamazenta|Iron Defense|p1a: Zamazenta\n|-boost|p1a: Zamazenta|def|2\n|move|p2a: Pelipper|Hydro Pump|p1a: Zamazenta\n|-damage|p1a: Zamazenta|0 fnt\n|faint|p1a: Zamazenta\n|\n|-weather|RainDance|[upkeep]\n|upkeep\n|\n|t:|1700789069\n|switch|p1a: Hoopa|Hoopa-Unbound|100\/100\n|turn|5\n|\n|t:|1700789081\n|switch|p2a: Crawdaunt|Crawdaunt, M, shiny|100\/100\n|move|p1a: Hoopa|Hyperspace Fury|p2a: Crawdaunt\n|-resisted|p2a: Crawdaunt\n|-damage|p2a: Crawdaunt|42\/100\n|-unboost|p1a: Hoopa|def|1\n|\n|-weather|RainDance|[upkeep]\n|upkeep\n|turn|6\n|\n|t:|1700789099\n|switch|p1a: Mandibuzz|Mandibuzz, F|100\/100\n|move|p2a: Crawdaunt|Close Combat|p1a: Mandibuzz\n|-damage|p1a: Mandibuzz|75\/100\n|-unboost|p2a: Crawdaunt|def|1\n|-unboost|p2a: Crawdaunt|spd|1\n|\n|-weather|RainDance|[upkeep]\n|upkeep\n|turn|7\n|\n|t:|1700789114\n|switch|p2a: Milotic|Milotic, F, shiny|100\/100\n|move|p1a: Mandibuzz|Foul Play|p2a: Milotic\n|-damage|p2a: Milotic|81\/100\n|\n|-weather|RainDance|[upkeep]\n|-status|p2a: Milotic|brn|[from] item: Flame Orb\n|upkeep\n|turn|8\n|\n|t:|1700789159\n|switch|p1a: Hoopa|Hoopa-Unbound|100\/100\n|move|p2a: Milotic|Draining Kiss|p1a: Hoopa\n|-supereffective|p1a: Hoopa\n|-damage|p1a: Hoopa|73\/100\n|-heal|p2a: Milotic|99\/100 brn|[from] drain|[of] p1a: Hoopa\n|\n|-weather|none\n|-damage|p2a: Milotic|94\/100 brn|[from] brn\n|upkeep\n|turn|9\n|\n|t:|1700789170\n|-terastallize|p2a: Milotic|Fairy\n|move|p2a: Milotic|Draining Kiss|p1a: Hoopa\n|-supereffective|p1a: Hoopa\n|-damage|p1a: Hoopa|22\/100\n|-heal|p2a: Milotic|100\/100 brn|[from] drain|[of] p1a: Hoopa\n|move|p1a: Hoopa|Knock Off|p2a: Milotic\n|-resisted|p2a: Milotic\n|-damage|p2a: Milotic|61\/100 brn\n|-enditem|p2a: Milotic|Flame Orb|[from] move: Knock Off|[of] p1a: Hoopa\n|\n|-damage|p2a: Milotic|55\/100 brn|[from] brn\n|upkeep\n|turn|10\n|\n|t:|1700789255\n|switch|p1a: Heatran|Heatran, F|100\/100\n|move|p2a: Milotic|Scald|p1a: Heatran\n|-supereffective|p1a: Heatran\n|-damage|p1a: Heatran|60\/100\n|\n|-heal|p1a: Heatran|66\/100|[from] item: Leftovers\n|-damage|p2a: Milotic|49\/100 brn|[from] brn\n|upkeep\n|turn|11\n|\n|t:|1700789266\n|move|p2a: Milotic|Recover|p2a: Milotic\n|-heal|p2a: Milotic|99\/100 brn\n|move|p1a: Heatran|Magma Storm|p2a: Milotic\n|-damage|p2a: Milotic|62\/100 brn\n|-activate|p2a: Milotic|move: Magma Storm|[of] p1a: Heatran\n|\n|-heal|p1a: Heatran|72\/100|[from] item: Leftovers\n|-damage|p2a: Milotic|56\/100 brn|[from] brn\n|-damage|p2a: Milotic|44\/100 brn|[from] move: Magma Storm|[partiallytrapped]\n|upkeep\n|turn|12\n|\n|t:|1700789305\n|move|p2a: Milotic|Scald|p1a: Heatran\n|-supereffective|p1a: Heatran\n|-damage|p1a: Heatran|28\/100\n|move|p1a: Heatran|Magma Storm|p2a: Milotic\n|-damage|p2a: Milotic|7\/100 brn\n|\n|-heal|p1a: Heatran|34\/100|[from] item: Leftovers\n|-damage|p2a: Milotic|1\/100 brn|[from] brn\n|-damage|p2a: Milotic|0 fnt|[from] move: Magma Storm|[partiallytrapped]\n|faint|p2a: Milotic\n|upkeep\n|\n|t:|1700789318\n|switch|p2a: Pelipper|Pelipper, F, shiny|56\/100\n|-weather|RainDance|[from] ability: Drizzle|[of] p2a: Pelipper\n|turn|13\n|\n|t:|1700789343\n|switch|p2a: Poliwrath|Poliwrath, F, shiny|100\/100\n|move|p1a: Heatran|Magma Storm|p2a: Poliwrath|[miss]\n|-miss|p1a: Heatran|p2a: Poliwrath\n|\n|-weather|RainDance|[upkeep]\n|-heal|p1a: Heatran|40\/100|[from] item: Leftovers\n|upkeep\n|turn|14\n|\n|t:|1700789352\n|move|p2a: Poliwrath|Earthquake|p1a: Heatran\n|-supereffective|p1a: Heatran\n|-damage|p1a: Heatran|0 fnt\n|faint|p1a: Heatran\n|\n|-weather|RainDance|[upkeep]\n|upkeep\n|\n|t:|1700789363\n|switch|p1a: Hoopa|Hoopa-Unbound|22\/100\n|turn|15\n|\n|t:|1700789368\n|move|p2a: Poliwrath|Earthquake|p1a: Hoopa\n|-damage|p1a: Hoopa|0 fnt\n|faint|p1a: Hoopa\n|\n|-weather|RainDance|[upkeep]\n|upkeep\n|\n|t:|1700789370\n|switch|p1a: Toxapex|Toxapex, M|100\/100\n|turn|16\n|\n|t:|1700789376\n|move|p2a: Poliwrath|Earthquake|p1a: Toxapex\n|-supereffective|p1a: Toxapex\n|-enditem|p1a: Toxapex|Shuca Berry|[eat]\n|-enditem|p1a: Toxapex|Shuca Berry|[weaken]\n|-damage|p1a: Toxapex|75\/100\n|move|p1a: Toxapex|Toxic|p2a: Poliwrath\n|-status|p2a: Poliwrath|tox\n|\n|-weather|RainDance|[upkeep]\n|-damage|p2a: Poliwrath|94\/100 tox|[from] psn\n|upkeep\n|turn|17\n|\n|t:|1700789416\n|switch|p2a: Vikavolt|Vikavolt, F, shiny|100\/100\n|move|p1a: Toxapex|Surf|p2a: Vikavolt\n|-damage|p2a: Vikavolt|61\/100\n|\n|-weather|RainDance|[upkeep]\n|upkeep\n|turn|18\n|\n|t:|1700789428\n|move|p2a: Vikavolt|Discharge|p1a: Toxapex\n|-supereffective|p1a: Toxapex\n|-damage|p1a: Toxapex|0 fnt\n|faint|p1a: Toxapex\n|-damage|p2a: Vikavolt|51\/100|[from] item: Life Orb\n|\n|-weather|RainDance|[upkeep]\n|upkeep\n|\n|t:|1700789434\n|switch|p1a: Mandibuzz|Mandibuzz, F|75\/100\n|turn|19\n|\n|t:|1700789439\n|move|p2a: Vikavolt|Discharge|p1a: Mandibuzz\n|-supereffective|p1a: Mandibuzz\n|-damage|p1a: Mandibuzz|0 fnt\n|faint|p1a: Mandibuzz\n|-damage|p2a: Vikavolt|41\/100|[from] item: Life Orb\n|\n|win|MoEB_zaktrap182\n|c|\u2606TigerSpace02|gg!\n|l|\u2606TigerSpace02\n","uploadtime":1700789499,"views":9,"p1id":"tigerspace02","p2id":"moebzaktrap182","formatid":"gen9ou","rating":0,"private":0,"password":""}