{"id":"gen9ou-1997004073","p1":"Shiny orthworm","p2":"BugCatcherN8R1X","format":"[Gen 9] OU","log":"|j|\u2606Shiny orthworm\n|j|\u2606BugCatcherN8R1X\n|t:|1700754662\n|gametype|singles\n|player|p1|Shiny orthworm|265|1270\n|player|p2|BugCatcherN8R1X|bugcatcher-gen4dp|1195\n|teamsize|p1|6\n|teamsize|p2|6\n|gen|9\n|tier|[Gen 9] OU\n|rated|\n|rule|Sleep Clause Mod: Limit one foe put to sleep\n|rule|Species Clause: Limit one of each Pok\u00e9mon\n|rule|OHKO Clause: OHKO moves are banned\n|rule|Evasion Items Clause: Evasion items are banned\n|rule|Evasion Moves Clause: Evasion moves are banned\n|rule|Endless Battle Clause: Forcing endless battles is banned\n|rule|HP Percentage Mod: HP is shown in percentages\n|clearpoke\n|poke|p1|Yanmega, F|\n|poke|p1|Heatran, F|\n|poke|p1|Rotom-Wash|\n|poke|p1|Iron Treads|\n|poke|p1|Ribombee, M|\n|poke|p1|Kingambit, F|\n|poke|p2|Kleavor, M|\n|poke|p2|Lokix, M|\n|poke|p2|Yanmega, M|\n|poke|p2|Slither Wing|\n|poke|p2|Scizor, M|\n|poke|p2|Frosmoth, M|\n|teampreview\n|inactive|Battle timer is ON: inactive players will automatically lose when time's up. (requested by BugCatcherN8R1X)\n|c|\u2606BugCatcherN8R1X|Bug Catcher Natrix wants to battle!\n|\n|t:|1700754690\n|start\n|switch|p1a: Heatran|Heatran, F|100\/100\n|switch|p2a: Nidhogg|Yanmega, M|100\/100\n|turn|1\n|c|\u2606Shiny orthworm|Youngster Demon bout to release the devil\n|\n|t:|1700754706\n|move|p2a: Nidhogg|Protect|p2a: Nidhogg\n|-singleturn|p2a: Nidhogg|Protect\n|move|p1a: Heatran|Magma Storm|p2a: Nidhogg\n|-activate|p2a: Nidhogg|move: Protect\n|\n|-ability|p2a: Nidhogg|Speed Boost|boost\n|-boost|p2a: Nidhogg|spe|1\n|upkeep\n|turn|2\n|\n|t:|1700754715\n|move|p2a: Nidhogg|Air Slash|p1a: Heatran\n|-resisted|p1a: Heatran\n|-damage|p1a: Heatran|89\/100\n|move|p1a: Heatran|Magma Storm|p2a: Nidhogg\n|-supereffective|p2a: Nidhogg\n|-damage|p2a: Nidhogg|0 fnt\n|faint|p2a: Nidhogg\n|\n|upkeep\n|\n|t:|1700754724\n|switch|p2a: Erebus|Lokix, M|100\/100\n|turn|3\n|\n|t:|1700754730\n|move|p2a: Erebus|Axe Kick|p1a: Heatran\n|-supereffective|p1a: Heatran\n|-damage|p1a: Heatran|29\/100\n|move|p1a: Heatran|Magma Storm|p2a: Erebus\n|-supereffective|p2a: Erebus\n|-damage|p2a: Erebus|0 fnt\n|faint|p2a: Erebus\n|\n|upkeep\n|\n|t:|1700754749\n|switch|p2a: Hachiman|Kleavor, M|100\/100\n|turn|4\n|\n|t:|1700754760\n|move|p2a: Hachiman|Stone Axe|p1a: Heatran|[miss]\n|-miss|p2a: Hachiman|p1a: Heatran\n|move|p1a: Heatran|Will-O-Wisp|p2a: Hachiman\n|-status|p2a: Hachiman|brn\n|\n|-damage|p2a: Hachiman|94\/100 brn|[from] brn\n|upkeep\n|turn|5\n|\n|t:|1700754774\n|switch|p1a: Rotom|Rotom-Wash|100\/100\n|move|p2a: Hachiman|Stone Axe|p1a: Rotom\n|-damage|p1a: Rotom|60\/100\n|-sidestart|p1: Shiny orthworm|move: Stealth Rock\n|\n|-damage|p2a: Hachiman|88\/100 brn|[from] brn\n|upkeep\n|turn|6\n|\n|t:|1700754784\n|move|p1a: Rotom|Hydro Pump|p2a: Hachiman\n|-supereffective|p2a: Hachiman\n|-damage|p2a: Hachiman|0 fnt\n|faint|p2a: Hachiman\n|\n|upkeep\n|\n|t:|1700754812\n|switch|p2a: Boreas|Frosmoth, M|100\/100\n|turn|7\n|\n|t:|1700754827\n|switch|p1a: Heatran|Heatran, F|29\/100\n|-damage|p1a: Heatran|16\/100|[from] Stealth Rock\n|move|p2a: Boreas|Quiver Dance|p2a: Boreas\n|-boost|p2a: Boreas|spa|1\n|-boost|p2a: Boreas|spd|1\n|-boost|p2a: Boreas|spe|1\n|\n|upkeep\n|turn|8\n|\n|t:|1700754845\n|move|p2a: Boreas|Ice Beam|p1a: Heatran\n|-resisted|p1a: Heatran\n|-damage|p1a: Heatran|6\/100\n|move|p1a: Heatran|Magma Storm|p2a: Boreas|[miss]\n|-miss|p1a: Heatran|p2a: Boreas\n|\n|upkeep\n|turn|9\n|\n|t:|1700754852\n|move|p2a: Boreas|Ice Beam|p1a: Heatran\n|-resisted|p1a: Heatran\n|-damage|p1a: Heatran|0 fnt\n|faint|p1a: Heatran\n|\n|upkeep\n|\n|t:|1700754861\n|switch|p1a: Iron Treads|Iron Treads|100\/100\n|-damage|p1a: Iron Treads|97\/100|[from] Stealth Rock\n|turn|10\n|\n|t:|1700754867\n|move|p2a: Boreas|Quiver Dance|p2a: Boreas\n|-boost|p2a: Boreas|spa|1\n|-boost|p2a: Boreas|spd|1\n|-boost|p2a: Boreas|spe|1\n|move|p1a: Iron Treads|Earthquake|p2a: Boreas\n|-resisted|p2a: Boreas\n|-damage|p2a: Boreas|64\/100\n|\n|-heal|p1a: Iron Treads|100\/100|[from] item: Leftovers\n|upkeep\n|turn|11\n|\n|t:|1700754879\n|move|p2a: Boreas|Giga Drain|p1a: Iron Treads\n|-damage|p1a: Iron Treads|39\/100\n|-heal|p2a: Boreas|100\/100|[from] drain|[of] p1a: Iron Treads\n|move|p1a: Iron Treads|Rapid Spin|p2a: Boreas\n|-damage|p2a: Boreas|75\/100\n|-boost|p1a: Iron Treads|spe|1\n|-sideend|p1: Shiny orthworm|Stealth Rock|[from] move: Rapid Spin|[of] p1a: Iron Treads\n|\n|-heal|p1a: Iron Treads|46\/100|[from] item: Leftovers\n|upkeep\n|turn|12\n|\n|t:|1700754889\n|move|p1a: Iron Treads|Knock Off|p2a: Boreas\n|-damage|p2a: Boreas|30\/100\n|-enditem|p2a: Boreas|Heavy-Duty Boots|[from] move: Knock Off|[of] p1a: Iron Treads\n|move|p2a: Boreas|Giga Drain|p1a: Iron Treads\n|-damage|p1a: Iron Treads|0 fnt\n|-heal|p2a: Boreas|61\/100|[from] drain|[of] p1a: Iron Treads\n|faint|p1a: Iron Treads\n|-end|p1a: Iron Treads|Quark Drive|[silent]\n|\n|upkeep\n|\n|t:|1700754901\n|switch|p1a: Ribombee|Ribombee, M|100\/100\n|turn|13\n|\n|t:|1700754914\n|-terastallize|p1a: Ribombee|Steel\n|move|p2a: Boreas|Ice Beam|p1a: Ribombee\n|-resisted|p1a: Ribombee\n|-damage|p1a: Ribombee|25\/100\n|move|p1a: Ribombee|Stun Spore|p2a: Boreas|[miss]\n|-miss|p1a: Ribombee|p2a: Boreas\n|\n|upkeep\n|turn|14\n|\n|t:|1700754924\n|move|p2a: Boreas|Ice Beam|p1a: Ribombee\n|-resisted|p1a: Ribombee\n|-damage|p1a: Ribombee|0 fnt\n|faint|p1a: Ribombee\n|\n|upkeep\n|\n|t:|1700754929\n|switch|p1a: Kingambit|Kingambit, F|100\/100\n|-item|p1a: Kingambit|Air Balloon\n|turn|15\n|\n|t:|1700754941\n|move|p2a: Boreas|Ice Beam|p1a: Kingambit\n|-resisted|p1a: Kingambit\n|-damage|p1a: Kingambit|54\/100\n|-enditem|p1a: Kingambit|Air Balloon\n|move|p1a: Kingambit|Swords Dance|p1a: Kingambit\n|-boost|p1a: Kingambit|atk|2\n|\n|upkeep\n|turn|16\n|\n|t:|1700754948\n|move|p1a: Kingambit|Sucker Punch||[still]\n|-fail|p1a: Kingambit\n|move|p2a: Boreas|Substitute|p2a: Boreas\n|-start|p2a: Boreas|Substitute\n|-damage|p2a: Boreas|36\/100\n|\n|upkeep\n|turn|17\n|\n|t:|1700754957\n|move|p2a: Boreas|Ice Beam|p1a: Kingambit\n|-resisted|p1a: Kingambit\n|-damage|p1a: Kingambit|11\/100\n|move|p1a: Kingambit|Iron Head|p2a: Boreas\n|-supereffective|p2a: Boreas\n|-end|p2a: Boreas|Substitute\n|\n|upkeep\n|turn|18\n|\n|t:|1700754967\n|move|p1a: Kingambit|Sucker Punch||[still]\n|-fail|p1a: Kingambit\n|move|p2a: Boreas|Substitute|p2a: Boreas\n|-start|p2a: Boreas|Substitute\n|-damage|p2a: Boreas|11\/100\n|\n|upkeep\n|turn|19\n|\n|t:|1700754973\n|move|p2a: Boreas|Ice Beam|p1a: Kingambit\n|-resisted|p1a: Kingambit\n|-damage|p1a: Kingambit|0 fnt\n|faint|p1a: Kingambit\n|\n|upkeep\n|\n|t:|1700754977\n|switch|p1a: Rotom|Rotom-Wash|60\/100\n|turn|20\n|\n|t:|1700754981\n|move|p2a: Boreas|Giga Drain|p1a: Rotom\n|-supereffective|p1a: Rotom\n|-damage|p1a: Rotom|0 fnt\n|-heal|p2a: Boreas|37\/100|[from] drain|[of] p1a: Rotom\n|faint|p1a: Rotom\n|\n|upkeep\n|\n|t:|1700754983\n|switch|p1a: Yanmega|Yanmega, F, shiny|100\/100\n|turn|21\n|c|\u2606BugCatcherN8R1X|Stay out the tall grass\n|-message|Shiny orthworm forfeited.\n|\n|win|BugCatcherN8R1X\n|raw|Shiny orthworm's rating: 1270 &rarr; <strong>1240<\/strong><br \/>(-30 for losing)\n|raw|BugCatcherN8R1X's rating: 1195 &rarr; <strong>1225<\/strong><br \/>(+30 for winning)\n|l|\u2606Shiny orthworm\n","uploadtime":1700755034,"views":3,"p1id":"shinyorthworm","p2id":"bugcatchern8r1x","formatid":"gen9ou","rating":1225,"private":0,"password":""}