{"id":"gen9ou-2000670822","p1":"bobbleisthicc","p2":"djdit","format":"[Gen 9] OU","log":"|j|\u2606bobbleisthicc\n|j|\u2606djdit\n|t:|1701216941\n|gametype|singles\n|player|p1|bobbleisthicc|firebreather|1008\n|player|p2|djdit|101|1050\n|teamsize|p1|1\n|teamsize|p2|6\n|gen|9\n|tier|[Gen 9] OU\n|rated|\n|rule|Sleep Clause Mod: Limit one foe put to sleep\n|rule|Species Clause: Limit one of each Pok\u00e9mon\n|rule|OHKO Clause: OHKO moves are banned\n|rule|Evasion Items Clause: Evasion items are banned\n|rule|Evasion Moves Clause: Evasion moves are banned\n|rule|Endless Battle Clause: Forcing endless battles is banned\n|rule|HP Percentage Mod: HP is shown in percentages\n|clearpoke\n|poke|p1|Clodsire, F|\n|poke|p2|Scizor, M|\n|poke|p2|Snorlax, M|\n|poke|p2|Chandelure, M|\n|poke|p2|Pelipper, F|\n|poke|p2|Ribombee, M|\n|poke|p2|Donphan, F|\n|teampreview\n|inactive|Battle timer is ON: inactive players will automatically lose when time's up. (requested by bobbleisthicc)\n|\n|t:|1701216947\n|start\n|switch|p1a: Clodsire|Clodsire, F, shiny|100\/100\n|switch|p2a: Ribombee|Ribombee, M|100\/100\n|turn|1\n|\n|t:|1701216959\n|-terastallize|p1a: Clodsire|Grass\n|move|p2a: Ribombee|Quiver Dance|p2a: Ribombee\n|-boost|p2a: Ribombee|spa|1\n|-boost|p2a: Ribombee|spd|1\n|-boost|p2a: Ribombee|spe|1\n|move|p1a: Clodsire|Stockpile|p1a: Clodsire\n|-start|p1a: Clodsire|stockpile1\n|-boost|p1a: Clodsire|def|1\n|-boost|p1a: Clodsire|spd|1\n|\n|upkeep\n|turn|2\n|\n|t:|1701216972\n|move|p2a: Ribombee|Struggle Bug|p1a: Clodsire\n|-supereffective|p1a: Clodsire\n|-damage|p1a: Clodsire|85\/100\n|-unboost|p1a: Clodsire|spa|1\n|move|p1a: Clodsire|Stockpile|p1a: Clodsire\n|-start|p1a: Clodsire|stockpile2\n|-boost|p1a: Clodsire|def|1\n|-boost|p1a: Clodsire|spd|1\n|\n|-heal|p1a: Clodsire|91\/100|[from] item: Leftovers\n|upkeep\n|turn|3\n|\n|t:|1701216980\n|move|p2a: Ribombee|Struggle Bug|p1a: Clodsire\n|-supereffective|p1a: Clodsire\n|-damage|p1a: Clodsire|79\/100\n|-unboost|p1a: Clodsire|spa|1\n|move|p1a: Clodsire|Stockpile|p1a: Clodsire\n|-start|p1a: Clodsire|stockpile3\n|-boost|p1a: Clodsire|def|1\n|-boost|p1a: Clodsire|spd|1\n|\n|-heal|p1a: Clodsire|85\/100|[from] item: Leftovers\n|upkeep\n|turn|4\n|\n|t:|1701216989\n|move|p2a: Ribombee|Struggle Bug|p1a: Clodsire\n|-supereffective|p1a: Clodsire\n|-damage|p1a: Clodsire|75\/100\n|-unboost|p1a: Clodsire|spa|1\n|move|p1a: Clodsire|Toxic|p2a: Ribombee\n|-status|p2a: Ribombee|tox\n|\n|-heal|p1a: Clodsire|82\/100|[from] item: Leftovers\n|-damage|p2a: Ribombee|94\/100 tox|[from] psn\n|upkeep\n|turn|5\n|\n|t:|1701217004\n|move|p2a: Ribombee|Struggle Bug|p1a: Clodsire\n|-supereffective|p1a: Clodsire\n|-damage|p1a: Clodsire|73\/100\n|-unboost|p1a: Clodsire|spa|1\n|move|p1a: Clodsire|Recover|p1a: Clodsire\n|-heal|p1a: Clodsire|100\/100\n|\n|-heal|p2a: Ribombee|100\/100 tox|[from] item: Leftovers\n|-damage|p2a: Ribombee|88\/100 tox|[from] psn\n|upkeep\n|turn|6\n|\n|t:|1701217022\n|switch|p2a: Donphan|Donphan, F|100\/100\n|move|p1a: Clodsire|Body Press|p2a: Donphan\n|-damage|p2a: Donphan|81\/100\n|\n|upkeep\n|turn|7\n|\n|t:|1701217028\n|move|p2a: Donphan|Knock Off|p1a: Clodsire\n|-damage|p1a: Clodsire|85\/100\n|-enditem|p1a: Clodsire|Leftovers|[from] move: Knock Off|[of] p2a: Donphan\n|move|p1a: Clodsire|Toxic|p2a: Donphan\n|-status|p2a: Donphan|tox\n|\n|-damage|p2a: Donphan|74\/100 tox|[from] psn\n|upkeep\n|turn|8\n|\n|t:|1701217039\n|move|p2a: Donphan|Stone Edge|p1a: Clodsire|[miss]\n|-miss|p2a: Donphan|p1a: Clodsire\n|move|p1a: Clodsire|Body Press|p2a: Donphan\n|-damage|p2a: Donphan|53\/100 tox\n|\n|-damage|p2a: Donphan|41\/100 tox|[from] psn\n|upkeep\n|turn|9\n|\n|t:|1701217046\n|move|p2a: Donphan|Stone Edge|p1a: Clodsire\n|-damage|p1a: Clodsire|71\/100\n|move|p1a: Clodsire|Body Press|p2a: Donphan\n|-damage|p2a: Donphan|20\/100 tox\n|\n|-damage|p2a: Donphan|2\/100 tox|[from] psn\n|upkeep\n|turn|10\n|\n|t:|1701217054\n|move|p2a: Donphan|Stone Edge|p1a: Clodsire\n|-damage|p1a: Clodsire|56\/100\n|move|p1a: Clodsire|Recover|p1a: Clodsire\n|-heal|p1a: Clodsire|100\/100\n|\n|-damage|p2a: Donphan|0 fnt|[from] psn\n|faint|p2a: Donphan\n|upkeep\n|\n|t:|1701217063\n|switch|p2a: Snorlax|Snorlax, M|100\/100\n|turn|11\n|\n|t:|1701217068\n|move|p2a: Snorlax|Body Slam|p1a: Clodsire\n|-damage|p1a: Clodsire|84\/100\n|-status|p1a: Clodsire|par\n|move|p1a: Clodsire|Toxic|p2a: Snorlax\n|-immune|p2a: Snorlax|[from] ability: Immunity\n|\n|upkeep\n|turn|12\n|\n|t:|1701217076\n|move|p2a: Snorlax|Body Slam|p1a: Clodsire\n|-damage|p1a: Clodsire|64\/100 par\n|move|p1a: Clodsire|Body Press|p2a: Snorlax\n|-supereffective|p2a: Snorlax\n|-damage|p2a: Snorlax|54\/100\n|\n|-heal|p2a: Snorlax|60\/100|[from] item: Leftovers\n|upkeep\n|turn|13\n|\n|t:|1701217083\n|move|p2a: Snorlax|Body Slam|p1a: Clodsire\n|-damage|p1a: Clodsire|47\/100 par\n|move|p1a: Clodsire|Recover|p1a: Clodsire\n|-heal|p1a: Clodsire|97\/100 par\n|\n|-heal|p2a: Snorlax|66\/100|[from] item: Leftovers\n|upkeep\n|turn|14\n|\n|t:|1701217090\n|move|p2a: Snorlax|Body Slam|p1a: Clodsire\n|-damage|p1a: Clodsire|79\/100 par\n|cant|p1a: Clodsire|par\n|\n|-heal|p2a: Snorlax|72\/100|[from] item: Leftovers\n|upkeep\n|turn|15\n|\n|t:|1701217096\n|move|p2a: Snorlax|Body Slam|p1a: Clodsire\n|-damage|p1a: Clodsire|60\/100 par\n|move|p1a: Clodsire|Body Press|p2a: Snorlax\n|-supereffective|p2a: Snorlax\n|-damage|p2a: Snorlax|26\/100\n|\n|-heal|p2a: Snorlax|33\/100|[from] item: Leftovers\n|upkeep\n|turn|16\n|\n|t:|1701217103\n|move|p2a: Snorlax|Rest|p2a: Snorlax\n|-status|p2a: Snorlax|slp|[from] move: Rest\n|-heal|p2a: Snorlax|100\/100 slp|[silent]\n|cant|p1a: Clodsire|par\n|\n|upkeep\n|turn|17\n|\n|t:|1701217108\n|cant|p2a: Snorlax|slp\n|move|p2a: Snorlax|Sleep Talk|p2a: Snorlax\n|move|p2a: Snorlax|Curse|p2a: Snorlax|[from]move: Sleep Talk\n|-unboost|p2a: Snorlax|spe|1\n|-boost|p2a: Snorlax|atk|1\n|-boost|p2a: Snorlax|def|1\n|cant|p1a: Clodsire|par\n|\n|upkeep\n|turn|18\n|\n|t:|1701217116\n|cant|p2a: Snorlax|slp\n|move|p2a: Snorlax|Sleep Talk|p2a: Snorlax\n|move|p2a: Snorlax|Body Slam|p1a: Clodsire|[from]move: Sleep Talk\n|-damage|p1a: Clodsire|42\/100 par\n|move|p1a: Clodsire|Body Press|p2a: Snorlax\n|-supereffective|p2a: Snorlax\n|-damage|p2a: Snorlax|47\/100 slp\n|\n|-heal|p2a: Snorlax|53\/100 slp|[from] item: Leftovers\n|upkeep\n|turn|19\n|\n|t:|1701217125\n|-curestatus|p2a: Snorlax|slp|[msg]\n|move|p2a: Snorlax|Rest|p2a: Snorlax\n|-status|p2a: Snorlax|slp|[from] move: Rest\n|-heal|p2a: Snorlax|100\/100 slp|[silent]\n|move|p1a: Clodsire|Body Press|p2a: Snorlax\n|-supereffective|p2a: Snorlax\n|-damage|p2a: Snorlax|52\/100 slp\n|\n|-heal|p2a: Snorlax|59\/100 slp|[from] item: Leftovers\n|upkeep\n|turn|20\n|\n|t:|1701217129\n|cant|p2a: Snorlax|slp\n|move|p2a: Snorlax|Sleep Talk|p2a: Snorlax\n|move|p2a: Snorlax|Curse|p2a: Snorlax|[from]move: Sleep Talk\n|-unboost|p2a: Snorlax|spe|1\n|-boost|p2a: Snorlax|atk|1\n|-boost|p2a: Snorlax|def|1\n|cant|p1a: Clodsire|par\n|\n|-heal|p2a: Snorlax|65\/100 slp|[from] item: Leftovers\n|upkeep\n|turn|21\n|\n|t:|1701217137\n|cant|p2a: Snorlax|slp\n|move|p2a: Snorlax|Sleep Talk|p2a: Snorlax\n|move|p2a: Snorlax|Body Slam|p1a: Clodsire|[from]move: Sleep Talk\n|-damage|p1a: Clodsire|22\/100 par\n|move|p1a: Clodsire|Body Press|p2a: Snorlax\n|-supereffective|p2a: Snorlax\n|-damage|p2a: Snorlax|10\/100 slp\n|\n|-heal|p2a: Snorlax|17\/100 slp|[from] item: Leftovers\n|upkeep\n|turn|22\n|\n|t:|1701217146\n|-curestatus|p2a: Snorlax|slp|[msg]\n|move|p2a: Snorlax|Rest|p2a: Snorlax\n|-status|p2a: Snorlax|slp|[from] move: Rest\n|-heal|p2a: Snorlax|100\/100 slp|[silent]\n|cant|p1a: Clodsire|par\n|\n|upkeep\n|turn|23\n|\n|t:|1701217153\n|cant|p2a: Snorlax|slp\n|move|p2a: Snorlax|Sleep Talk|p2a: Snorlax\n|move|p2a: Snorlax|Curse|p2a: Snorlax|[from]move: Sleep Talk\n|-unboost|p2a: Snorlax|spe|1\n|-boost|p2a: Snorlax|atk|1\n|-boost|p2a: Snorlax|def|1\n|move|p1a: Clodsire|Recover|p1a: Clodsire\n|-heal|p1a: Clodsire|72\/100 par\n|\n|upkeep\n|turn|24\n|\n|t:|1701217164\n|move|p1a: Clodsire|Body Press|p2a: Snorlax\n|-supereffective|p2a: Snorlax\n|-damage|p2a: Snorlax|48\/100 slp\n|cant|p2a: Snorlax|slp\n|move|p2a: Snorlax|Sleep Talk|p2a: Snorlax\n|move|p2a: Snorlax|Body Slam|p1a: Clodsire|[from]move: Sleep Talk\n|-damage|p1a: Clodsire|54\/100 par\n|\n|-heal|p2a: Snorlax|54\/100 slp|[from] item: Leftovers\n|upkeep\n|turn|25\n|\n|t:|1701217173\n|cant|p1a: Clodsire|par\n|-curestatus|p2a: Snorlax|slp|[msg]\n|move|p2a: Snorlax|Rest|p2a: Snorlax\n|-status|p2a: Snorlax|slp|[from] move: Rest\n|-heal|p2a: Snorlax|100\/100 slp|[silent]\n|\n|upkeep\n|turn|26\n|\n|t:|1701217179\n|move|p1a: Clodsire|Body Press|p2a: Snorlax\n|-supereffective|p2a: Snorlax\n|-damage|p2a: Snorlax|48\/100 slp\n|cant|p2a: Snorlax|slp\n|move|p2a: Snorlax|Sleep Talk|p2a: Snorlax\n|move|p2a: Snorlax|Curse|p2a: Snorlax|[from]move: Sleep Talk\n|-unboost|p2a: Snorlax|spe|1\n|-boost|p2a: Snorlax|atk|1\n|-boost|p2a: Snorlax|def|1\n|\n|-heal|p2a: Snorlax|54\/100 slp|[from] item: Leftovers\n|upkeep\n|turn|27\n|\n|t:|1701217189\n|move|p1a: Clodsire|Body Press|p2a: Snorlax\n|-supereffective|p2a: Snorlax\n|-damage|p2a: Snorlax|4\/100 slp\n|cant|p2a: Snorlax|slp\n|move|p2a: Snorlax|Sleep Talk|p2a: Snorlax\n|move|p2a: Snorlax|Curse|p2a: Snorlax|[from]move: Sleep Talk\n|-unboost|p2a: Snorlax|spe|1\n|-boost|p2a: Snorlax|atk|1\n|-boost|p2a: Snorlax|def|1\n|\n|-heal|p2a: Snorlax|10\/100 slp|[from] item: Leftovers\n|upkeep\n|turn|28\n|\n|t:|1701217199\n|cant|p1a: Clodsire|par\n|-curestatus|p2a: Snorlax|slp|[msg]\n|move|p2a: Snorlax|Rest|p2a: Snorlax\n|-status|p2a: Snorlax|slp|[from] move: Rest\n|-heal|p2a: Snorlax|100\/100 slp|[silent]\n|\n|upkeep\n|turn|29\n|\n|t:|1701217206\n|move|p1a: Clodsire|Recover|p1a: Clodsire\n|-heal|p1a: Clodsire|100\/100 par\n|cant|p2a: Snorlax|slp\n|move|p2a: Snorlax|Sleep Talk|p2a: Snorlax\n|move|p2a: Snorlax|Curse|p2a: Snorlax|[from]move: Sleep Talk\n|-unboost|p2a: Snorlax|spe|1\n|-boost|p2a: Snorlax|atk|1\n|-boost|p2a: Snorlax|def|1\n|\n|upkeep\n|turn|30\n|\n|t:|1701217214\n|move|p1a: Clodsire|Body Press|p2a: Snorlax\n|-supereffective|p2a: Snorlax\n|-damage|p2a: Snorlax|47\/100 slp\n|cant|p2a: Snorlax|slp\n|move|p2a: Snorlax|Sleep Talk|p2a: Snorlax\n|move|p2a: Snorlax|Curse|p2a: Snorlax|[from]move: Sleep Talk\n|\n|-heal|p2a: Snorlax|53\/100 slp|[from] item: Leftovers\n|upkeep\n|turn|31\n|\n|t:|1701217222\n|move|p1a: Clodsire|Body Press|p2a: Snorlax\n|-supereffective|p2a: Snorlax\n|-damage|p2a: Snorlax|5\/100 slp\n|-curestatus|p2a: Snorlax|slp|[msg]\n|move|p2a: Snorlax|Rest|p2a: Snorlax\n|-status|p2a: Snorlax|slp|[from] move: Rest\n|-heal|p2a: Snorlax|100\/100 slp|[silent]\n|\n|upkeep\n|turn|32\n|-message|bobbleisthicc forfeited.\n|\n|win|djdit\n|raw|bobbleisthicc's rating: 1008 &rarr; <strong>1000<\/strong><br \/>(-8 for losing)\n|raw|djdit's rating: 1050 &rarr; <strong>1079<\/strong><br \/>(+29 for winning)\n|l|\u2606bobbleisthicc\n|c|\u2606djdit|Lol\n","uploadtime":1701217242,"views":0,"p1id":"bobbleisthicc","p2id":"djdit","formatid":"gen9ou","rating":1000,"private":0,"password":""}