{"id":"gen9ou-1996581508","p1":"mathismathin","p2":"420 meme 69","format":"[Gen 9] OU","log":"|j|\u2606mathismathin\n|j|\u2606420 meme 69\n|t:|1700696817\n|gametype|singles\n|player|p1|mathismathin|nate|1698\n|player|p2|420 meme 69|266|1706\n|teamsize|p1|6\n|teamsize|p2|6\n|gen|9\n|tier|[Gen 9] OU\n|rated|\n|rule|Sleep Clause Mod: Limit one foe put to sleep\n|rule|Species Clause: Limit one of each Pok\u00e9mon\n|rule|OHKO Clause: OHKO moves are banned\n|rule|Evasion Items Clause: Evasion items are banned\n|rule|Evasion Moves Clause: Evasion moves are banned\n|rule|Endless Battle Clause: Forcing endless battles is banned\n|rule|HP Percentage Mod: HP is shown in percentages\n|clearpoke\n|poke|p1|Meowscarada, F|\n|poke|p1|Garchomp, M|\n|poke|p1|Gholdengo|\n|poke|p1|Mabosstiff, M|\n|poke|p1|Dondozo, F|\n|poke|p1|Toedscruel, M|\n|poke|p2|Ting-Lu|\n|poke|p2|Garganacl, F|\n|poke|p2|Toxapex, M|\n|poke|p2|Tornadus-Therian, M|\n|poke|p2|Kommo-o, F|\n|poke|p2|Gholdengo|\n|teampreview\n|inactive|Battle timer is ON: inactive players will automatically lose when time's up. (requested by mathismathin)\n|\n|t:|1700696887\n|start\n|switch|p1a: Meowscarada|Meowscarada, F|100\/100\n|switch|p2a: Tornadus|Tornadus-Therian, M|100\/100\n|turn|1\n|\n|t:|1700696892\n|move|p1a: Meowscarada|Thunder Punch|p2a: Tornadus\n|-start|p1a: Meowscarada|typechange|Electric|[from] ability: Protean\n|-supereffective|p2a: Tornadus\n|-damage|p2a: Tornadus|0 fnt\n|faint|p2a: Tornadus\n|\n|upkeep\n|\n|t:|1700696896\n|switch|p2a: Ting-Lu|Ting-Lu|100\/100\n|-ability|p2a: Ting-Lu|Vessel of Ruin\n|turn|2\n|\n|t:|1700696905\n|switch|p1a: Toedscruel|Toedscruel, M|100\/100\n|move|p2a: Ting-Lu|Spikes|p1a: Toedscruel\n|-sidestart|p1: mathismathin|Spikes\n|\n|upkeep\n|turn|3\n|\n|t:|1700696908\n|move|p2a: Ting-Lu|Ruination|p1a: Toedscruel\n|-damage|p1a: Toedscruel|50\/100\n|move|p1a: Toedscruel|Spore|p2a: Ting-Lu\n|-status|p2a: Ting-Lu|slp|[from] move: Spore\n|\n|-heal|p1a: Toedscruel|57\/100|[from] item: Leftovers\n|upkeep\n|turn|4\n|\n|t:|1700696912\n|switch|p1a: Meowscarada|Meowscarada, F|100\/100\n|-damage|p1a: Meowscarada|88\/100|[from] Spikes\n|switch|p2a: Gholdengo|Gholdengo, shiny|100\/100\n|\n|upkeep\n|turn|5\n|\n|t:|1700696919\n|switch|p1a: Toedscruel|Toedscruel, M|57\/100\n|-damage|p1a: Toedscruel|44\/100|[from] Spikes\n|switch|p2a: Ting-Lu|Ting-Lu|100\/100 slp\n|-ability|p2a: Ting-Lu|Vessel of Ruin\n|\n|-heal|p1a: Toedscruel|50\/100|[from] item: Leftovers\n|upkeep\n|turn|6\n|\n|t:|1700696923\n|switch|p2a: Gholdengo|Gholdengo, shiny|100\/100\n|move|p1a: Toedscruel|Rapid Spin|p2a: Gholdengo\n|-immune|p2a: Gholdengo\n|\n|-heal|p1a: Toedscruel|56\/100|[from] item: Leftovers\n|upkeep\n|turn|7\n|\n|t:|1700696927\n|move|p1a: Toedscruel|Earth Power|p2a: Gholdengo\n|-supereffective|p2a: Gholdengo\n|-damage|p2a: Gholdengo|51\/100\n|move|p2a: Gholdengo|Hex|p1a: Toedscruel\n|-damage|p1a: Toedscruel|39\/100\n|\n|-heal|p1a: Toedscruel|45\/100|[from] item: Leftovers\n|-heal|p2a: Gholdengo|57\/100|[from] item: Leftovers\n|upkeep\n|turn|8\n|\n|t:|1700696934\n|-terastallize|p2a: Gholdengo|Ghost\n|move|p1a: Toedscruel|Earth Power|p2a: Gholdengo\n|-damage|p2a: Gholdengo|32\/100\n|-unboost|p2a: Gholdengo|spd|1\n|move|p2a: Gholdengo|Recover|p2a: Gholdengo\n|-heal|p2a: Gholdengo|82\/100\n|\n|-heal|p1a: Toedscruel|51\/100|[from] item: Leftovers\n|-heal|p2a: Gholdengo|88\/100|[from] item: Leftovers\n|upkeep\n|turn|9\n|\n|t:|1700696947\n|move|p1a: Toedscruel|Earth Power|p2a: Gholdengo\n|-damage|p2a: Gholdengo|47\/100\n|move|p2a: Gholdengo|Hex|p1a: Toedscruel\n|-damage|p1a: Toedscruel|26\/100\n|\n|-heal|p1a: Toedscruel|32\/100|[from] item: Leftovers\n|-heal|p2a: Gholdengo|53\/100|[from] item: Leftovers\n|upkeep\n|turn|10\n|\n|t:|1700696951\n|-terastallize|p1a: Toedscruel|Ground\n|move|p1a: Toedscruel|Earth Power|p2a: Gholdengo\n|-damage|p2a: Gholdengo|1\/100\n|-unboost|p2a: Gholdengo|spd|1\n|move|p2a: Gholdengo|Recover|p2a: Gholdengo\n|-heal|p2a: Gholdengo|51\/100\n|\n|-heal|p1a: Toedscruel|38\/100|[from] item: Leftovers\n|-heal|p2a: Gholdengo|57\/100|[from] item: Leftovers\n|upkeep\n|turn|11\n|\n|t:|1700696955\n|switch|p2a: Ting-Lu|Ting-Lu|100\/100 slp\n|-ability|p2a: Ting-Lu|Vessel of Ruin\n|move|p1a: Toedscruel|Earth Power|p2a: Ting-Lu\n|-damage|p2a: Ting-Lu|85\/100 slp\n|\n|-heal|p1a: Toedscruel|44\/100|[from] item: Leftovers\n|-heal|p2a: Ting-Lu|91\/100 slp|[from] item: Leftovers\n|upkeep\n|turn|12\n|\n|t:|1700696958\n|switch|p2a: Gholdengo|Gholdengo, shiny, tera:Ghost|57\/100\n|move|p1a: Toedscruel|Rapid Spin|p2a: Gholdengo\n|-immune|p2a: Gholdengo\n|\n|-heal|p1a: Toedscruel|50\/100|[from] item: Leftovers\n|-heal|p2a: Gholdengo|63\/100|[from] item: Leftovers\n|upkeep\n|turn|13\n|\n|t:|1700696962\n|move|p1a: Toedscruel|Earth Power|p2a: Gholdengo\n|-damage|p2a: Gholdengo|28\/100\n|move|p2a: Gholdengo|Recover|p2a: Gholdengo\n|-heal|p2a: Gholdengo|78\/100\n|\n|-heal|p1a: Toedscruel|56\/100|[from] item: Leftovers\n|-heal|p2a: Gholdengo|84\/100|[from] item: Leftovers\n|upkeep\n|turn|14\n|\n|t:|1700696965\n|move|p1a: Toedscruel|Earth Power|p2a: Gholdengo\n|-damage|p2a: Gholdengo|48\/100\n|move|p2a: Gholdengo|Nasty Plot|p2a: Gholdengo\n|-boost|p2a: Gholdengo|spa|2\n|\n|-heal|p1a: Toedscruel|62\/100|[from] item: Leftovers\n|-heal|p2a: Gholdengo|54\/100|[from] item: Leftovers\n|upkeep\n|turn|15\n|\n|t:|1700696968\n|move|p1a: Toedscruel|Earth Power|p2a: Gholdengo\n|-damage|p2a: Gholdengo|21\/100\n|move|p2a: Gholdengo|Recover|p2a: Gholdengo\n|-heal|p2a: Gholdengo|71\/100\n|\n|-heal|p1a: Toedscruel|68\/100|[from] item: Leftovers\n|-heal|p2a: Gholdengo|77\/100|[from] item: Leftovers\n|upkeep\n|turn|16\n|\n|t:|1700696971\n|switch|p1a: Meowscarada|Meowscarada, F|88\/100\n|-damage|p1a: Meowscarada|76\/100|[from] Spikes\n|move|p2a: Gholdengo|Hex|p1a: Meowscarada\n|-resisted|p1a: Meowscarada\n|-damage|p1a: Meowscarada|19\/100\n|\n|-heal|p2a: Gholdengo|83\/100|[from] item: Leftovers\n|upkeep\n|turn|17\n|\n|t:|1700696974\n|switch|p2a: Ting-Lu|Ting-Lu|91\/100 slp\n|-ability|p2a: Ting-Lu|Vessel of Ruin\n|move|p1a: Meowscarada|Knock Off|p2a: Ting-Lu\n|-start|p1a: Meowscarada|typechange|Dark|[from] ability: Protean\n|-resisted|p2a: Ting-Lu\n|-damage|p2a: Ting-Lu|71\/100 slp\n|-enditem|p2a: Ting-Lu|Leftovers|[from] move: Knock Off|[of] p1a: Meowscarada\n|\n|upkeep\n|turn|18\n|\n|t:|1700696977\n|switch|p1a: Garchomp|Garchomp, M|100\/100\n|-damage|p1a: Garchomp|88\/100|[from] Spikes\n|cant|p2a: Ting-Lu|slp\n|\n|-heal|p1a: Garchomp|94\/100|[from] item: Leftovers\n|upkeep\n|turn|19\n|\n|t:|1700696979\n|move|p1a: Garchomp|Stealth Rock|p2a: Ting-Lu\n|-sidestart|p2: 420 meme 69|move: Stealth Rock\n|-curestatus|p2a: Ting-Lu|slp|[msg]\n|move|p2a: Ting-Lu|Spikes|p1a: Garchomp\n|-sidestart|p1: mathismathin|Spikes\n|\n|-heal|p1a: Garchomp|100\/100|[from] item: Leftovers\n|upkeep\n|turn|20\n|\n|t:|1700696981\n|move|p1a: Garchomp|Earthquake|p2a: Ting-Lu\n|-damage|p2a: Ting-Lu|46\/100\n|move|p2a: Ting-Lu|Spikes|p1a: Garchomp\n|-sidestart|p1: mathismathin|Spikes\n|\n|upkeep\n|turn|21\n|\n|t:|1700696984\n|move|p1a: Garchomp|Earthquake|p2a: Ting-Lu\n|-damage|p2a: Ting-Lu|21\/100\n|move|p2a: Ting-Lu|Whirlwind|p1a: Garchomp\n|drag|p1a: Toedscruel|Toedscruel, M, tera:Ground|68\/100\n|-damage|p1a: Toedscruel|43\/100|[from] Spikes\n|\n|-heal|p1a: Toedscruel|49\/100|[from] item: Leftovers\n|upkeep\n|turn|22\n|\n|t:|1700696988\n|switch|p2a: Gholdengo|Gholdengo, shiny, tera:Ghost|83\/100\n|-damage|p2a: Gholdengo|71\/100|[from] Stealth Rock\n|move|p1a: Toedscruel|Spore|p2a: Gholdengo\n|-status|p2a: Gholdengo|slp|[from] move: Spore\n|\n|-heal|p1a: Toedscruel|55\/100|[from] item: Leftovers\n|-heal|p2a: Gholdengo|77\/100 slp|[from] item: Leftovers\n|upkeep\n|turn|23\n|\n|t:|1700696995\n|move|p1a: Toedscruel|Earth Power|p2a: Gholdengo\n|-damage|p2a: Gholdengo|43\/100 slp\n|cant|p2a: Gholdengo|slp\n|\n|-heal|p1a: Toedscruel|61\/100|[from] item: Leftovers\n|-heal|p2a: Gholdengo|49\/100 slp|[from] item: Leftovers\n|upkeep\n|turn|24\n|\n|t:|1700697002\n|move|p1a: Toedscruel|Earth Power|p2a: Gholdengo\n|-damage|p2a: Gholdengo|18\/100 slp\n|cant|p2a: Gholdengo|slp\n|\n|-heal|p1a: Toedscruel|67\/100|[from] item: Leftovers\n|-heal|p2a: Gholdengo|24\/100 slp|[from] item: Leftovers\n|upkeep\n|turn|25\n|\n|t:|1700697006\n|move|p1a: Toedscruel|Earth Power|p2a: Gholdengo\n|-damage|p2a: Gholdengo|0 fnt\n|faint|p2a: Gholdengo\n|\n|-heal|p1a: Toedscruel|73\/100|[from] item: Leftovers\n|upkeep\n|\n|t:|1700697008\n|switch|p2a: Kommo-o|Kommo-o, F|100\/100\n|turn|26\n|\n|t:|1700697018\n|move|p2a: Kommo-o|Iron Defense|p2a: Kommo-o\n|-boost|p2a: Kommo-o|def|2\n|move|p1a: Toedscruel|Spore|p2a: Kommo-o\n|-status|p2a: Kommo-o|slp|[from] move: Spore\n|\n|-heal|p1a: Toedscruel|79\/100|[from] item: Leftovers\n|upkeep\n|turn|27\n|\n|t:|1700697022\n|switch|p1a: Gholdengo|Gholdengo|100\/100\n|-damage|p1a: Gholdengo|76\/100|[from] Spikes\n|cant|p2a: Kommo-o|slp\n|\n|upkeep\n|turn|28\n|\n|t:|1700697024\n|move|p1a: Gholdengo|Trick|p2a: Kommo-o\n|-activate|p1a: Gholdengo|move: Trick|[of] p2a: Kommo-o\n|-item|p2a: Kommo-o|Choice Scarf|[from] move: Trick\n|-item|p1a: Gholdengo|Heavy-Duty Boots|[from] move: Trick\n|cant|p2a: Kommo-o|slp\n|\n|upkeep\n|turn|29\n|\n|t:|1700697030\n|move|p1a: Gholdengo|Make It Rain|p2a: Kommo-o\n|-damage|p2a: Kommo-o|45\/100 slp\n|-unboost|p1a: Gholdengo|spa|1\n|-curestatus|p2a: Kommo-o|slp|[msg]\n|move|p2a: Kommo-o|Dragon Tail|p1a: Gholdengo\n|-resisted|p1a: Gholdengo\n|-damage|p1a: Gholdengo|62\/100\n|drag|p1a: Toedscruel|Toedscruel, M, tera:Ground|79\/100\n|-damage|p1a: Toedscruel|54\/100|[from] Spikes\n|\n|-heal|p1a: Toedscruel|60\/100|[from] item: Leftovers\n|upkeep\n|turn|30\n|\n|t:|1700697037\n|switch|p2a: Ting-Lu|Ting-Lu|21\/100\n|-damage|p2a: Ting-Lu|15\/100|[from] Stealth Rock\n|-ability|p2a: Ting-Lu|Vessel of Ruin\n|move|p1a: Toedscruel|Rapid Spin|p2a: Ting-Lu\n|-damage|p2a: Ting-Lu|10\/100\n|-boost|p1a: Toedscruel|spe|1\n|-sideend|p1: mathismathin|Spikes|[from] move: Rapid Spin|[of] p1a: Toedscruel\n|\n|-heal|p1a: Toedscruel|66\/100|[from] item: Leftovers\n|upkeep\n|turn|31\n|\n|t:|1700697041\n|move|p1a: Toedscruel|Earth Power|p2a: Ting-Lu\n|-damage|p2a: Ting-Lu|0 fnt\n|faint|p2a: Ting-Lu\n|\n|-heal|p1a: Toedscruel|72\/100|[from] item: Leftovers\n|upkeep\n|\n|t:|1700697044\n|switch|p2a: Toxapex|Toxapex, M|100\/100\n|-damage|p2a: Toxapex|88\/100|[from] Stealth Rock\n|turn|32\n|\n|t:|1700697048\n|move|p1a: Toedscruel|Earth Power|p2a: Toxapex\n|-supereffective|p2a: Toxapex\n|-damage|p2a: Toxapex|45\/100\n|move|p2a: Toxapex|Toxic Spikes|p1a: Toedscruel\n|-sidestart|p1: mathismathin|move: Toxic Spikes\n|\n|-heal|p1a: Toedscruel|79\/100|[from] item: Leftovers\n|-heal|p2a: Toxapex|51\/100|[from] item: Black Sludge\n|upkeep\n|turn|33\n|-message|420 meme 69 forfeited.\n|\n|win|mathismathin\n|raw|mathismathin's rating: 1698 &rarr; <strong>1718<\/strong><br \/>(+20 for winning)\n|raw|420 meme 69's rating: 1706 &rarr; <strong>1686<\/strong><br \/>(-20 for losing)\n|l|\u2606420 meme 69\n","uploadtime":1700697053,"views":2,"p1id":"mathismathin","p2id":"420meme69","formatid":"gen9ou","rating":1686,"private":0,"password":""}