{"id":"gen9ou-1998314853","p1":"betdyckman","p2":"digby.0","format":"[Gen 9] OU","log":"|j|\u2606betdyckman\n|j|\u2606digby.0\n|t:|1700928399\n|gametype|singles\n|player|p1|betdyckman|169|1119\n|player|p2|digby.0|acetrainer-gen4dp|1060\n|teamsize|p1|6\n|teamsize|p2|6\n|gen|9\n|tier|[Gen 9] OU\n|rated|\n|rule|Sleep Clause Mod: Limit one foe put to sleep\n|rule|Species Clause: Limit one of each Pok\u00e9mon\n|rule|OHKO Clause: OHKO moves are banned\n|rule|Evasion Items Clause: Evasion items are banned\n|rule|Evasion Moves Clause: Evasion moves are banned\n|rule|Endless Battle Clause: Forcing endless battles is banned\n|rule|HP Percentage Mod: HP is shown in percentages\n|clearpoke\n|poke|p1|Torterra, M|\n|poke|p1|Ribombee, F|\n|poke|p1|Grimmsnarl, M|\n|poke|p1|Manaphy|\n|poke|p1|Overqwil, M|\n|poke|p1|Cetitan, M|\n|poke|p2|Pelipper, F|\n|poke|p2|Corviknight, F|\n|poke|p2|Noivern, F|\n|poke|p2|Braviary-Hisui, M|\n|poke|p2|Dragonite, F|\n|poke|p2|Honchkrow, F|\n|teampreview\n|\n|t:|1700928417\n|start\n|switch|p1a: Ribombee|Ribombee, F, shiny|100\/100\n|switch|p2a: Pelipper|Pelipper, F|100\/100\n|-weather|RainDance|[from] ability: Drizzle|[of] p2a: Pelipper\n|turn|1\n|\n|t:|1700928426\n|move|p1a: Ribombee|Sticky Web|p2a: Pelipper\n|-sidestart|p2: digby.0|move: Sticky Web\n|move|p2a: Pelipper|Hurricane|p1a: Ribombee\n|-supereffective|p1a: Ribombee\n|-enditem|p1a: Ribombee|Focus Sash\n|-damage|p1a: Ribombee|1\/100\n|\n|-weather|RainDance|[upkeep]\n|upkeep\n|turn|2\n|\n|t:|1700928434\n|move|p1a: Ribombee|Skill Swap|p2a: Pelipper\n|-activate|p1a: Ribombee|move: Skill Swap|Drizzle|Honey Gather|[of] p2a: Pelipper\n|move|p2a: Pelipper|Hurricane|p1a: Ribombee\n|-supereffective|p1a: Ribombee\n|-damage|p1a: Ribombee|0 fnt\n|faint|p1a: Ribombee\n|\n|-weather|RainDance|[upkeep]\n|upkeep\n|\n|t:|1700928440\n|switch|p1a: Grimmsnarl|Grimmsnarl, M, shiny|100\/100\n|turn|3\n|\n|t:|1700928448\n|move|p1a: Grimmsnarl|Light Screen|p1a: Grimmsnarl\n|-sidestart|p1: betdyckman|move: Light Screen\n|move|p2a: Pelipper|Hurricane|p1a: Grimmsnarl\n|-damage|p1a: Grimmsnarl|70\/100\n|-start|p1a: Grimmsnarl|confusion\n|\n|-weather|RainDance|[upkeep]\n|upkeep\n|turn|4\n|\n|t:|1700928455\n|-activate|p1a: Grimmsnarl|confusion\n|move|p1a: Grimmsnarl|Reflect|p1a: Grimmsnarl\n|-sidestart|p1: betdyckman|Reflect\n|move|p2a: Pelipper|Hurricane|p1a: Grimmsnarl\n|-damage|p1a: Grimmsnarl|43\/100\n|\n|-weather|RainDance|[upkeep]\n|upkeep\n|turn|5\n|\n|t:|1700928462\n|-activate|p1a: Grimmsnarl|confusion\n|move|p1a: Grimmsnarl|Misty Terrain|p1a: Grimmsnarl\n|-fieldstart|move: Misty Terrain\n|move|p2a: Pelipper|Hurricane|p1a: Grimmsnarl\n|-damage|p1a: Grimmsnarl|13\/100\n|\n|-weather|none\n|upkeep\n|turn|6\n|\n|t:|1700928490\n|switch|p1a: Cetitan|Cetitan, M, shiny|100\/100\n|move|p2a: Pelipper|Hurricane|p1a: Cetitan|[miss]\n|-miss|p2a: Pelipper|p1a: Cetitan\n|\n|upkeep\n|turn|7\n|\n|t:|1700928502\n|move|p1a: Cetitan|Belly Drum|p1a: Cetitan\n|-damage|p1a: Cetitan|50\/100\n|-setboost|p1a: Cetitan|atk|6|[from] move: Belly Drum\n|-enditem|p1a: Cetitan|Sitrus Berry|[eat]\n|-heal|p1a: Cetitan|75\/100|[from] item: Sitrus Berry\n|move|p2a: Pelipper|Hurricane|p1a: Cetitan\n|-damage|p1a: Cetitan|32\/100\n|\n|upkeep\n|turn|8\n|\n|t:|1700928514\n|move|p1a: Cetitan|Icicle Crash|p2a: Pelipper\n|-damage|p2a: Pelipper|0 fnt\n|faint|p2a: Pelipper\n|\n|upkeep\n|\n|t:|1700928517\n|switch|p2a: Braviary|Braviary-Hisui, M|100\/100\n|turn|9\n|\n|t:|1700928524\n|move|p1a: Cetitan|Icicle Crash|p2a: Braviary|[miss]\n|-miss|p1a: Cetitan|p2a: Braviary\n|move|p2a: Braviary|Esper Wing|p1a: Cetitan\n|-damage|p1a: Cetitan|13\/100\n|-boost|p2a: Braviary|spe|1\n|\n|-fieldend|Misty Terrain\n|upkeep\n|turn|10\n|\n|t:|1700928533\n|move|p2a: Braviary|Tera Blast|p1a: Cetitan\n|-damage|p1a: Cetitan|0 fnt\n|faint|p1a: Cetitan\n|\n|-sideend|p1: betdyckman|move: Light Screen\n|upkeep\n|\n|t:|1700928552\n|switch|p1a: Overqwil|Overqwil, M, shiny|100\/100\n|-ability|p1a: Overqwil|Intimidate|boost\n|-unboost|p2a: Braviary|atk|1\n|turn|11\n|\n|t:|1700928569\n|move|p1a: Overqwil|Barb Barrage|p2a: Braviary\n|-damage|p2a: Braviary|71\/100\n|-status|p2a: Braviary|psn\n|move|p2a: Braviary|Dazzling Gleam|p1a: Overqwil\n|-damage|p1a: Overqwil|62\/100\n|\n|-damage|p2a: Braviary|59\/100 psn|[from] psn\n|-sideend|p1: betdyckman|Reflect\n|upkeep\n|turn|12\n|\n|t:|1700928578\n|move|p1a: Overqwil|Barb Barrage|p2a: Braviary\n|-damage|p2a: Braviary|0 fnt\n|faint|p2a: Braviary\n|\n|upkeep\n|\n|t:|1700928585\n|switch|p2a: Corviknight|Corviknight, F|100\/100\n|turn|13\n|\n|t:|1700928618\n|switch|p1a: Grimmsnarl|Grimmsnarl, M, shiny|13\/100\n|move|p2a: Corviknight|Brave Bird|p1a: Grimmsnarl\n|-damage|p1a: Grimmsnarl|0 fnt\n|faint|p1a: Grimmsnarl\n|-damage|p2a: Corviknight|96\/100|[from] Recoil\n|\n|-heal|p2a: Corviknight|100\/100|[from] item: Leftovers\n|upkeep\n|\n|t:|1700928627\n|switch|p1a: Torterra|Torterra, M, shiny|100\/100\n|turn|14\n|\n|t:|1700928635\n|-terastallize|p1a: Torterra|Rock\n|move|p1a: Torterra|Shell Smash|p1a: Torterra\n|-unboost|p1a: Torterra|def|1\n|-unboost|p1a: Torterra|spd|1\n|-boost|p1a: Torterra|atk|2\n|-boost|p1a: Torterra|spa|2\n|-boost|p1a: Torterra|spe|2\n|move|p2a: Corviknight|Brave Bird|p1a: Torterra\n|-resisted|p1a: Torterra\n|-damage|p1a: Torterra|75\/100\n|-damage|p2a: Corviknight|93\/100|[from] Recoil\n|\n|-heal|p2a: Corviknight|99\/100|[from] item: Leftovers\n|upkeep\n|turn|15\n|\n|t:|1700928652\n|move|p1a: Torterra|Rock Blast|p2a: Corviknight\n|-damage|p2a: Corviknight|81\/100\n|-damage|p2a: Corviknight|63\/100\n|-damage|p2a: Corviknight|43\/100\n|-damage|p2a: Corviknight|24\/100\n|-damage|p2a: Corviknight|5\/100\n|-hitcount|p2a: Corviknight|5\n|move|p2a: Corviknight|Defog|p1a: Torterra\n|-unboost|p1a: Torterra|evasion|1\n|-sideend|p2: digby.0|Sticky Web|[from] move: Defog|[of] p2a: Corviknight\n|\n|-heal|p2a: Corviknight|11\/100|[from] item: Leftovers\n|upkeep\n|turn|16\n|\n|t:|1700928672\n|move|p1a: Torterra|Rock Blast|p2a: Corviknight\n|-damage|p2a: Corviknight|0 fnt\n|faint|p2a: Corviknight\n|-hitcount|p2: Corviknight|1\n|\n|upkeep\n|\n|t:|1700928684\n|switch|p2a: Honchkrow|Honchkrow, F|100\/100\n|turn|17\n|\n|t:|1700928689\n|-terastallize|p2a: Honchkrow|Fighting\n|move|p1a: Torterra|Rock Blast|p2a: Honchkrow\n|-resisted|p2a: Honchkrow\n|-damage|p2a: Honchkrow|78\/100\n|-resisted|p2a: Honchkrow\n|-damage|p2a: Honchkrow|58\/100\n|-resisted|p2a: Honchkrow\n|-damage|p2a: Honchkrow|36\/100\n|-resisted|p2a: Honchkrow\n|-damage|p2a: Honchkrow|16\/100\n|-resisted|p2a: Honchkrow\n|-damage|p2a: Honchkrow|0 fnt\n|faint|p2a: Honchkrow\n|-hitcount|p2: Honchkrow|5\n|\n|upkeep\n|\n|t:|1700928702\n|switch|p2a: Noivern|Noivern, F|100\/100\n|turn|18\n|\n|t:|1700928706\n|move|p1a: Torterra|Rock Blast|p2a: Noivern\n|-supereffective|p2a: Noivern\n|-damage|p2a: Noivern|38\/100\n|-supereffective|p2a: Noivern\n|-damage|p2a: Noivern|0 fnt\n|faint|p2a: Noivern\n|-hitcount|p2: Noivern|2\n|\n|upkeep\n|\n|t:|1700928712\n|switch|p2a: Dragonite|Dragonite, F|100\/100\n|turn|19\n|\n|t:|1700928722\n|move|p1a: Torterra|Rock Blast|p2a: Dragonite\n|-supereffective|p2a: Dragonite\n|-damage|p2a: Dragonite|75\/100\n|-supereffective|p2a: Dragonite\n|-damage|p2a: Dragonite|30\/100\n|-supereffective|p2a: Dragonite\n|-damage|p2a: Dragonite|0 fnt\n|faint|p2a: Dragonite\n|-hitcount|p2: Dragonite|3\n|\n|win|betdyckman\n|raw|betdyckman's rating: 1119 &rarr; <strong>1140<\/strong><br \/>(+21 for winning)\n|raw|digby.0's rating: 1060 &rarr; <strong>1044<\/strong><br \/>(-16 for losing)\n|l|\u2606digby.0\n","uploadtime":1700928751,"views":7,"p1id":"betdyckman","p2id":"digby0","formatid":"gen9ou","rating":1044,"private":0,"password":""}