{"id":"gen9ou-1991522877","p1":"LoudoEp","p2":"The Goat of UU","format":"[Gen 9] OU","log":"|j|\u2606LoudoEp\n|j|\u2606The Goat of UU\n|t:|1700084734\n|gametype|singles\n|player|p1|LoudoEp|brycen|1573\n|player|p2|The Goat of UU|sabrina|1560\n|teamsize|p1|6\n|teamsize|p2|6\n|gen|9\n|tier|[Gen 9] OU\n|rated|\n|rule|Sleep Clause Mod: Limit one foe put to sleep\n|rule|Species Clause: Limit one of each Pok\u00e9mon\n|rule|OHKO Clause: OHKO moves are banned\n|rule|Evasion Items Clause: Evasion items are banned\n|rule|Evasion Moves Clause: Evasion moves are banned\n|rule|Endless Battle Clause: Forcing endless battles is banned\n|rule|HP Percentage Mod: HP is shown in percentages\n|clearpoke\n|poke|p1|Sinistcha|\n|poke|p1|Tyranitar, F|\n|poke|p1|Heatran, M|\n|poke|p1|Rillaboom, M|\n|poke|p1|Sneasler, F|\n|poke|p1|Samurott-Hisui, F|\n|poke|p2|Cinderace, M|\n|poke|p2|Corviknight, M|\n|poke|p2|Sneasler, M|\n|poke|p2|Iron Treads|\n|poke|p2|Sinistcha|\n|poke|p2|Articuno-Galar|\n|teampreview\n|inactive|Battle timer is ON: inactive players will automatically lose when time's up. (requested by LoudoEp)\n|\n|t:|1700084759\n|start\n|switch|p1a: Sneasler|Sneasler, F|100\/100\n|switch|p2a: Sneasler|Sneasler, M|100\/100\n|turn|1\n|\n|t:|1700084772\n|move|p2a: Sneasler|U-turn|p1a: Sneasler\n|-resisted|p1a: Sneasler\n|-damage|p1a: Sneasler|90\/100\n|\n|t:|1700084778\n|switch|p2a: Corviknight|Corviknight, M|100\/100|[from] U-turn\n|-ability|p2a: Corviknight|Pressure\n|move|p1a: Sneasler|Dire Claw|p2a: Corviknight\n|-immune|p2a: Corviknight\n|\n|upkeep\n|turn|2\n|\n|t:|1700084792\n|switch|p1a: Heatran|Heatran, M|100\/100\n|switch|p2a: Cinderace|Cinderace, M|100\/100\n|\n|upkeep\n|turn|3\n|\n|t:|1700084801\n|move|p1a: Heatran|Protect|p1a: Heatran\n|-singleturn|p1a: Heatran|Protect\n|move|p2a: Cinderace|Swords Dance|p2a: Cinderace\n|-boost|p2a: Cinderace|atk|2\n|\n|upkeep\n|turn|4\n|\n|t:|1700084830\n|switch|p1a: Sinistcha|Sinistcha|100\/100\n|move|p2a: Cinderace|High Jump Kick|p1a: Sinistcha\n|-immune|p1a: Sinistcha\n|-damage|p2a: Cinderace|51\/100|[from] highjumpkick\n|\n|upkeep\n|turn|5\n|\n|t:|1700084842\n|move|p2a: Cinderace|Pyro Ball|p1a: Sinistcha\n|-supereffective|p1a: Sinistcha\n|-damage|p1a: Sinistcha|14\/100\n|move|p1a: Sinistcha|Strength Sap|p2a: Cinderace\n|-unboost|p2a: Cinderace|atk|1\n|-heal|p1a: Sinistcha|100\/100\n|\n|upkeep\n|turn|6\n|\n|t:|1700084853\n|move|p2a: Cinderace|Swords Dance|p2a: Cinderace\n|-boost|p2a: Cinderace|atk|2\n|move|p1a: Sinistcha|Hex|p2a: Cinderace\n|-damage|p2a: Cinderace|9\/100\n|\n|upkeep\n|turn|7\n|\n|t:|1700084863\n|move|p2a: Cinderace|Pyro Ball|p1a: Sinistcha\n|-supereffective|p1a: Sinistcha\n|-damage|p1a: Sinistcha|0 fnt\n|faint|p1a: Sinistcha\n|\n|upkeep\n|inactive|LoudoEp has 120 seconds left.\n|\n|t:|1700084892\n|switch|p1a: Sneasler|Sneasler, F|90\/100\n|turn|8\n|\n|t:|1700084896\n|switch|p2a: Corviknight|Corviknight, M|100\/100\n|-ability|p2a: Corviknight|Pressure\n|move|p1a: Sneasler|U-turn|p2a: Corviknight\n|-resisted|p2a: Corviknight\n|-damage|p2a: Corviknight|96\/100\n|inactive|LoudoEp has 120 seconds left.\n|\n|t:|1700084903\n|switch|p1a: Heatran|Heatran, M|100\/100|[from] U-turn\n|\n|-heal|p2a: Corviknight|100\/100|[from] item: Leftovers\n|upkeep\n|turn|9\n|inactive|LoudoEp has 120 seconds left.\n|\n|t:|1700084914\n|switch|p2a: Cinderace|Cinderace, M|9\/100\n|move|p1a: Heatran|Magma Storm|p2a: Cinderace\n|-resisted|p2a: Cinderace\n|-damage|p2a: Cinderace|0 fnt\n|faint|p2a: Cinderace\n|\n|upkeep\n|\n|t:|1700084927\n|switch|p2a: Sneasler|Sneasler, M|100\/100\n|turn|10\n|\n|t:|1700084938\n|move|p1a: Heatran|Protect|p1a: Heatran\n|-singleturn|p1a: Heatran|Protect\n|move|p2a: Sneasler|Close Combat|p1a: Heatran\n|-activate|p1a: Heatran|move: Protect\n|\n|upkeep\n|turn|11\n|inactive|LoudoEp has 120 seconds left.\n|\n|t:|1700084961\n|switch|p1a: Sneasler|Sneasler, F|90\/100\n|move|p2a: Sneasler|Close Combat|p1a: Sneasler\n|-resisted|p1a: Sneasler\n|-damage|p1a: Sneasler|35\/100\n|-unboost|p2a: Sneasler|def|1\n|-unboost|p2a: Sneasler|spd|1\n|\n|upkeep\n|turn|12\n|inactive|LoudoEp has 120 seconds left.\n|inactive|The Goat of UU has 120 seconds left.\n|\n|t:|1700085010\n|move|p2a: Sneasler|Close Combat|p1a: Sneasler\n|-resisted|p1a: Sneasler\n|-damage|p1a: Sneasler|0 fnt\n|-unboost|p2a: Sneasler|def|1\n|-unboost|p2a: Sneasler|spd|1\n|faint|p1a: Sneasler\n|\n|upkeep\n|\n|t:|1700085017\n|switch|p1a: Samurott|Samurott-Hisui, F|100\/100\n|turn|13\n|\n|t:|1700085027\n|switch|p2a: Corviknight|Corviknight, M|100\/100\n|-ability|p2a: Corviknight|Pressure\n|-terastallize|p1a: Samurott|Ghost\n|move|p1a: Samurott|Ceaseless Edge|p2a: Corviknight\n|-damage|p2a: Corviknight|66\/100\n|-sidestart|p2: The Goat of UU|Spikes\n|\n|-heal|p2a: Corviknight|72\/100|[from] item: Leftovers\n|upkeep\n|turn|14\n|inactive|LoudoEp has 120 seconds left.\n|\n|t:|1700085042\n|move|p1a: Samurott|Aqua Cutter|p2a: Corviknight\n|-damage|p2a: Corviknight|38\/100\n|move|p2a: Corviknight|Iron Defense|p2a: Corviknight\n|-boost|p2a: Corviknight|def|2\n|\n|-heal|p2a: Corviknight|44\/100|[from] item: Leftovers\n|upkeep\n|turn|15\n|inactive|LoudoEp has 120 seconds left.\n|\n|t:|1700085049\n|move|p1a: Samurott|Encore|p2a: Corviknight\n|-start|p2a: Corviknight|Encore\n|move|p2a: Corviknight|Iron Defense|p2a: Corviknight\n|-boost|p2a: Corviknight|def|2\n|\n|-heal|p2a: Corviknight|50\/100|[from] item: Leftovers\n|upkeep\n|turn|16\n|\n|t:|1700085056\n|move|p1a: Samurott|Ceaseless Edge|p2a: Corviknight\n|-damage|p2a: Corviknight|40\/100\n|-sidestart|p2: The Goat of UU|Spikes\n|move|p2a: Corviknight|Iron Defense|p2a: Corviknight\n|-boost|p2a: Corviknight|def|2\n|\n|-heal|p2a: Corviknight|46\/100|[from] item: Leftovers\n|upkeep\n|turn|17\n|\n|t:|1700085067\n|move|p1a: Samurott|Ceaseless Edge|p2a: Corviknight\n|-damage|p2a: Corviknight|37\/100\n|-sidestart|p2: The Goat of UU|Spikes\n|move|p2a: Corviknight|Iron Defense|p2a: Corviknight\n|-boost|p2a: Corviknight|def|0\n|\n|-heal|p2a: Corviknight|44\/100|[from] item: Leftovers\n|-end|p2a: Corviknight|Encore\n|upkeep\n|turn|18\n|\n|t:|1700085078\n|switch|p2a: Iron Treads|Iron Treads|100\/100\n|-damage|p2a: Iron Treads|76\/100|[from] Spikes\n|-enditem|p2a: Iron Treads|Booster Energy\n|-activate|p2a: Iron Treads|ability: Quark Drive|[fromitem]\n|-start|p2a: Iron Treads|quarkdrivespe\n|move|p1a: Samurott|Encore||[still]\n|-fail|p1a: Samurott\n|\n|upkeep\n|turn|19\n|\n|t:|1700085096\n|-end|p2a: Iron Treads|Quark Drive|[silent]\n|switch|p2a: Sneasler|Sneasler, M|100\/100\n|-damage|p2a: Sneasler|76\/100|[from] Spikes\n|move|p1a: Samurott|Aqua Cutter|p2a: Sneasler\n|-damage|p2a: Sneasler|0 fnt\n|faint|p2a: Sneasler\n|\n|upkeep\n|\n|t:|1700085102\n|switch|p2a: Sinistcha|Sinistcha|100\/100\n|-damage|p2a: Sinistcha|76\/100|[from] Spikes\n|turn|20\n|\n|t:|1700085115\n|-terastallize|p2a: Sinistcha|Fighting\n|move|p1a: Samurott|Flip Turn|p2a: Sinistcha\n|-damage|p2a: Sinistcha|50\/100\n|\n|t:|1700085127\n|switch|p1a: Rillaboom|Rillaboom, M|100\/100|[from] Flip Turn\n|-fieldstart|move: Grassy Terrain|[from] ability: Grassy Surge|[of] p1a: Rillaboom\n|move|p2a: Sinistcha|Shadow Ball|p1a: Rillaboom\n|-damage|p1a: Rillaboom|51\/100\n|\n|-heal|p1a: Rillaboom|57\/100|[from] Grassy Terrain\n|-heal|p2a: Sinistcha|56\/100|[from] Grassy Terrain\n|-heal|p2a: Sinistcha|62\/100|[from] item: Leftovers\n|upkeep\n|turn|21\n|\n|t:|1700085142\n|move|p1a: Rillaboom|Wood Hammer|p2a: Sinistcha\n|-damage|p2a: Sinistcha|0 fnt\n|faint|p2a: Sinistcha\n|-damage|p1a: Rillaboom|36\/100|[from] Recoil\n|\n|-heal|p1a: Rillaboom|42\/100|[from] Grassy Terrain\n|upkeep\n|\n|t:|1700085147\n|switch|p2a: Articuno|Articuno-Galar|100\/100\n|turn|22\n|\n|t:|1700085171\n|switch|p2a: Iron Treads|Iron Treads|76\/100\n|-damage|p2a: Iron Treads|51\/100|[from] Spikes\n|switch|p1a: Tyranitar|Tyranitar, F|100\/100\n|-weather|Sandstorm|[from] ability: Sand Stream|[of] p1a: Tyranitar\n|\n|-weather|Sandstorm|[upkeep]\n|-heal|p2a: Iron Treads|57\/100|[from] Grassy Terrain\n|upkeep\n|turn|23\n|\n|t:|1700085182\n|switch|p1a: Samurott|Samurott-Hisui, F, tera:Ghost|100\/100\n|move|p2a: Iron Treads|Rapid Spin|p1a: Samurott\n|-immune|p1a: Samurott\n|\n|-weather|Sandstorm|[upkeep]\n|-damage|p1a: Samurott|94\/100|[from] Sandstorm\n|-heal|p2a: Iron Treads|63\/100|[from] Grassy Terrain\n|-heal|p1a: Samurott|100\/100|[from] Grassy Terrain\n|upkeep\n|turn|24\n|\n|t:|1700085192\n|move|p2a: Iron Treads|Earthquake|p1a: Samurott\n|-damage|p1a: Samurott|77\/100\n|move|p1a: Samurott|Aqua Cutter|p2a: Iron Treads\n|-supereffective|p2a: Iron Treads\n|-damage|p2a: Iron Treads|0 fnt\n|faint|p2a: Iron Treads\n|-end|p2a: Iron Treads|Quark Drive|[silent]\n|\n|-weather|Sandstorm|[upkeep]\n|-damage|p1a: Samurott|71\/100|[from] Sandstorm\n|-heal|p1a: Samurott|77\/100|[from] Grassy Terrain\n|-fieldend|move: Grassy Terrain\n|upkeep\n|\n|t:|1700085200\n|switch|p2a: Articuno|Articuno-Galar|100\/100\n|turn|25\n|\n|t:|1700085208\n|switch|p2a: Corviknight|Corviknight, M|44\/100\n|-ability|p2a: Corviknight|Pressure\n|switch|p1a: Tyranitar|Tyranitar, F|100\/100\n|\n|-weather|Sandstorm|[upkeep]\n|-heal|p2a: Corviknight|50\/100|[from] item: Leftovers\n|upkeep\n|turn|26\n|\n|t:|1700085222\n|switch|p1a: Samurott|Samurott-Hisui, F, tera:Ghost|77\/100\n|move|p2a: Corviknight|Body Press|p1a: Samurott\n|-immune|p1a: Samurott\n|\n|-weather|none\n|-heal|p2a: Corviknight|56\/100|[from] item: Leftovers\n|upkeep\n|turn|27\n|\n|t:|1700085233\n|move|p1a: Samurott|Encore|p2a: Corviknight\n|-start|p2a: Corviknight|Encore\n|move|p2a: Corviknight|Body Press|p1a: Samurott\n|-immune|p1a: Samurott\n|\n|-heal|p2a: Corviknight|62\/100|[from] item: Leftovers\n|upkeep\n|turn|28\n|-message|The Goat of UU forfeited.\n|\n|win|LoudoEp\n|raw|LoudoEp's rating: 1573 &rarr; <strong>1592<\/strong><br \/>(+19 for winning)\n|raw|The Goat of UU's rating: 1560 &rarr; <strong>1541<\/strong><br \/>(-19 for losing)\n|l|\u2606The Goat of UU\n","uploadtime":1700085460,"views":22,"p1id":"loudoep","p2id":"thegoatofuu","formatid":"gen9ou","rating":1541,"private":0,"password":""}