{"id":"gen9ou-1992326769","p1":"whatabeautifulname","p2":"SDK04","format":"[Gen 9] OU","log":"|j|\u2606whatabeautifulname\n|j|\u2606SDK04\n|t:|1700175018\n|gametype|singles\n|player|p1|whatabeautifulname|brock|1493\n|player|p2|SDK04|unknown|1596\n|teamsize|p1|6\n|teamsize|p2|6\n|gen|9\n|tier|[Gen 9] OU\n|rated|\n|rule|Sleep Clause Mod: Limit one foe put to sleep\n|rule|Species Clause: Limit one of each Pok\u00e9mon\n|rule|OHKO Clause: OHKO moves are banned\n|rule|Evasion Items Clause: Evasion items are banned\n|rule|Evasion Moves Clause: Evasion moves are banned\n|rule|Endless Battle Clause: Forcing endless battles is banned\n|rule|HP Percentage Mod: HP is shown in percentages\n|clearpoke\n|poke|p1|Zamazenta-*|\n|poke|p1|Ceruledge, F|\n|poke|p1|Cresselia, F|\n|poke|p1|Gholdengo|\n|poke|p1|Ogerpon-Cornerstone, F|\n|poke|p1|Quaquaval, F|\n|poke|p2|Ribombee, F|\n|poke|p2|Manaphy|\n|poke|p2|Iron Moth|\n|poke|p2|Kingambit, F|\n|poke|p2|Gholdengo|\n|poke|p2|Breloom, M|\n|teampreview\n|\n|t:|1700175034\n|start\n|switch|p1a: Gholdengo|Gholdengo|100\/100\n|switch|p2a: Ribombee|Ribombee, F|100\/100\n|turn|1\n|inactive|Battle timer is ON: inactive players will automatically lose when time's up. (requested by SDK04)\n|\n|t:|1700175039\n|move|p1a: Gholdengo|Shadow Ball|p2a: Ribombee\n|-damage|p2a: Ribombee|20\/100\n|move|p2a: Ribombee|Sticky Web|p1a: Gholdengo\n|-sidestart|p1: whatabeautifulname|move: Sticky Web\n|\n|upkeep\n|turn|2\n|\n|t:|1700175042\n|move|p1a: Gholdengo|Shadow Ball|p2a: Ribombee\n|-damage|p2a: Ribombee|0 fnt\n|faint|p2a: Ribombee\n|\n|upkeep\n|\n|t:|1700175047\n|switch|p2a: Iron Moth|Iron Moth|100\/100\n|-enditem|p2a: Iron Moth|Booster Energy\n|-activate|p2a: Iron Moth|ability: Quark Drive|[fromitem]\n|-start|p2a: Iron Moth|quarkdrivespa\n|turn|3\n|inactive|whatabeautifulname has 120 seconds left.\n|\n|t:|1700175077\n|-terastallize|p1a: Gholdengo|Ghost\n|move|p1a: Gholdengo|Shadow Ball|p2a: Iron Moth\n|-crit|p2a: Iron Moth\n|-damage|p2a: Iron Moth|13\/100\n|move|p2a: Iron Moth|Psychic|p1a: Gholdengo\n|-damage|p1a: Gholdengo|53\/100\n|\n|upkeep\n|turn|4\n|\n|t:|1700175105\n|move|p1a: Gholdengo|Shadow Ball|p2a: Iron Moth\n|-crit|p2a: Iron Moth\n|-damage|p2a: Iron Moth|0 fnt\n|faint|p2a: Iron Moth\n|-end|p2a: Iron Moth|Quark Drive|[silent]\n|\n|upkeep\n|\n|t:|1700175109\n|switch|p2a: Kingambit|Kingambit, F|100\/100\n|-activate|p2a: Kingambit|ability: Supreme Overlord\n|-start|p2a: Kingambit|fallen2|[silent]\n|turn|5\n|\n|t:|1700175114\n|switch|p1a: Quaquaval|Quaquaval, F|100\/100\n|-activate|p1a: Quaquaval|move: Sticky Web\n|-unboost|p1a: Quaquaval|spe|1\n|move|p2a: Kingambit|Swords Dance|p2a: Kingambit\n|-boost|p2a: Kingambit|atk|2\n|\n|upkeep\n|turn|6\n|\n|t:|1700175118\n|-terastallize|p2a: Kingambit|Fairy\n|move|p2a: Kingambit|Tera Blast|p1a: Quaquaval|[anim] Tera Blast Fairy\n|-supereffective|p1a: Quaquaval\n|-damage|p1a: Quaquaval|0 fnt\n|faint|p1a: Quaquaval\n|\n|upkeep\n|inactive|whatabeautifulname has 120 seconds left.\n|inactive|whatabeautifulname has 90 seconds left.\n|\n|t:|1700175204\n|switch|p1a: Ceruledge|Ceruledge, F|100\/100\n|-activate|p1a: Ceruledge|move: Sticky Web\n|-unboost|p1a: Ceruledge|spe|1\n|turn|7\n|\n|t:|1700175225\n|move|p1a: Ceruledge|Shadow Sneak|p2a: Kingambit\n|-damage|p2a: Kingambit|82\/100\n|move|p2a: Kingambit|Tera Blast|p1a: Ceruledge|[anim] Tera Blast Fairy\n|-resisted|p1a: Ceruledge\n|-damage|p1a: Ceruledge|40\/100\n|-ability|p1a: Ceruledge|Weak Armor|boost\n|-unboost|p1a: Ceruledge|def|1\n|-boost|p1a: Ceruledge|spe|2\n|\n|upkeep\n|turn|8\n|\n|t:|1700175234\n|move|p2a: Kingambit|Sucker Punch|p1a: Ceruledge\n|-supereffective|p1a: Ceruledge\n|-damage|p1a: Ceruledge|0 fnt\n|faint|p1a: Ceruledge\n|\n|upkeep\n|\n|t:|1700175238\n|switch|p1a: Ogerpon|Ogerpon-Cornerstone, F|100\/100\n|-activate|p1a: Ogerpon|move: Sticky Web\n|-unboost|p1a: Ogerpon|spe|1\n|turn|9\n|\n|t:|1700175245\n|move|p1a: Ogerpon|Ivy Cudgel|p2a: Kingambit|[anim] Ivy Cudgel Rock\n|-damage|p2a: Kingambit|32\/100\n|move|p2a: Kingambit|Tera Blast|p1a: Ogerpon|[anim] Tera Blast Fairy\n|-ability|p1a: Ogerpon|Sturdy\n|-damage|p1a: Ogerpon|1\/100\n|\n|upkeep\n|turn|10\n|inactive|whatabeautifulname has 90 seconds left.\n|\n|t:|1700175250\n|move|p2a: Kingambit|Sucker Punch||[still]\n|-fail|p2a: Kingambit\n|move|p1a: Ogerpon|Synthesis|p1a: Ogerpon\n|-heal|p1a: Ogerpon|51\/100\n|\n|upkeep\n|turn|11\n|\n|t:|1700175254\n|move|p1a: Ogerpon|Spiky Shield|p1a: Ogerpon\n|-singleturn|p1a: Ogerpon|move: Protect\n|move|p2a: Kingambit|Sucker Punch||[still]\n|-fail|p2a: Kingambit\n|\n|upkeep\n|turn|12\n|\n|t:|1700175259\n|move|p2a: Kingambit|Sucker Punch||[still]\n|-fail|p2a: Kingambit\n|move|p1a: Ogerpon|Synthesis|p1a: Ogerpon\n|-heal|p1a: Ogerpon|100\/100\n|\n|upkeep\n|turn|13\n|\n|t:|1700175263\n|-end|p2a: Kingambit|fallen2|[silent]\n|switch|p2a: Breloom|Breloom, M|100\/100\n|move|p1a: Ogerpon|Spiky Shield||[still]\n|-fail|p1a: Ogerpon\n|\n|upkeep\n|turn|14\n|inactive|whatabeautifulname has 120 seconds left.\n|\n|t:|1700175274\n|switch|p1a: Cresselia|Cresselia, F|100\/100\n|move|p2a: Breloom|Swords Dance|p2a: Breloom\n|-boost|p2a: Breloom|atk|2\n|\n|upkeep\n|turn|15\n|inactive|whatabeautifulname has 120 seconds left.\n|\n|t:|1700175286\n|move|p2a: Breloom|Spore|p1a: Cresselia\n|-status|p1a: Cresselia|slp|[from] move: Spore\n|cant|p1a: Cresselia|slp\n|\n|upkeep\n|turn|16\n|inactive|whatabeautifulname has 120 seconds left.\n|\n|t:|1700175300\n|switch|p1a: Ogerpon|Ogerpon-Cornerstone, F|100\/100\n|-activate|p1a: Ogerpon|move: Sticky Web\n|-unboost|p1a: Ogerpon|spe|1\n|move|p2a: Breloom|Swords Dance|p2a: Breloom\n|-boost|p2a: Breloom|atk|2\n|\n|upkeep\n|turn|17\n|\n|t:|1700175306\n|move|p2a: Breloom|Bullet Seed|p1a: Ogerpon\n|-damage|p1a: Ogerpon|19\/100\n|-damage|p1a: Ogerpon|0 fnt\n|faint|p1a: Ogerpon\n|-hitcount|p1: Ogerpon|2\n|\n|upkeep\n|\n|t:|1700175308\n|switch|p1a: Gholdengo|Gholdengo, tera:Ghost|53\/100\n|-activate|p1a: Gholdengo|move: Sticky Web\n|-unboost|p1a: Gholdengo|spe|1\n|turn|18\n|\n|t:|1700175313\n|move|p1a: Gholdengo|Make It Rain|p2a: Breloom\n|-damage|p2a: Breloom|0 fnt\n|-unboost|p1a: Gholdengo|spa|1\n|faint|p2a: Breloom\n|\n|upkeep\n|\n|t:|1700175317\n|switch|p2a: Manaphy|Manaphy|100\/100\n|turn|19\n|\n|t:|1700175324\n|switch|p1a: Zamazenta|Zamazenta|100\/100\n|-activate|p1a: Zamazenta|move: Sticky Web\n|-unboost|p1a: Zamazenta|spe|1\n|-ability|p1a: Zamazenta|Dauntless Shield|boost\n|-boost|p1a: Zamazenta|def|1\n|move|p2a: Manaphy|Tail Glow|p2a: Manaphy\n|-boost|p2a: Manaphy|spa|3\n|\n|upkeep\n|turn|20\n|\n|t:|1700175345\n|move|p1a: Zamazenta|Snarl|p2a: Manaphy\n|-damage|p2a: Manaphy|92\/100\n|-unboost|p2a: Manaphy|spa|1\n|move|p2a: Manaphy|Surf|p1a: Zamazenta\n|-damage|p1a: Zamazenta|35\/100\n|\n|-heal|p1a: Zamazenta|41\/100|[from] item: Leftovers\n|-heal|p2a: Manaphy|98\/100|[from] item: Leftovers\n|upkeep\n|turn|21\n|\n|t:|1700175350\n|move|p1a: Zamazenta|Body Press|p2a: Manaphy\n|-damage|p2a: Manaphy|49\/100\n|move|p2a: Manaphy|Surf|p1a: Zamazenta\n|-damage|p1a: Zamazenta|0 fnt\n|faint|p1a: Zamazenta\n|\n|-heal|p2a: Manaphy|56\/100|[from] item: Leftovers\n|upkeep\n|\n|t:|1700175353\n|switch|p1a: Gholdengo|Gholdengo, tera:Ghost|53\/100\n|-activate|p1a: Gholdengo|move: Sticky Web\n|-unboost|p1a: Gholdengo|spe|1\n|turn|22\n|-message|whatabeautifulname forfeited.\n|\n|win|SDK04\n|raw|whatabeautifulname's rating: 1493 &rarr; <strong>1479<\/strong><br \/>(-14 for losing)\n|raw|SDK04's rating: 1596 &rarr; <strong>1610<\/strong><br \/>(+14 for winning)\n|l|\u2606whatabeautifulname\n|c|\u2606SDK04|gg\n|c|\u2606SDK04|wp\n","uploadtime":1700175369,"views":7,"p1id":"whatabeautifulname","p2id":"sdk04","formatid":"gen9ou","rating":1479,"private":0,"password":""}