{"id":"gen9ou-1989934552","p1":"Jrmoore896","p2":"Trois_ailes","format":"[Gen 9] OU","log":"|j|\u2606Jrmoore896\n|j|\u2606Trois_ailes\n|t:|1699908055\n|gametype|singles\n|player|p1|Jrmoore896|lucas-gen4pt|1480\n|player|p2|Trois_ailes|crasherwake|1475\n|teamsize|p1|6\n|teamsize|p2|6\n|gen|9\n|tier|[Gen 9] OU\n|rated|\n|rule|Sleep Clause Mod: Limit one foe put to sleep\n|rule|Species Clause: Limit one of each Pok\u00e9mon\n|rule|OHKO Clause: OHKO moves are banned\n|rule|Evasion Items Clause: Evasion items are banned\n|rule|Evasion Moves Clause: Evasion moves are banned\n|rule|Endless Battle Clause: Forcing endless battles is banned\n|rule|HP Percentage Mod: HP is shown in percentages\n|clearpoke\n|poke|p1|Sneasler, M|\n|poke|p1|Rillaboom, F|\n|poke|p1|Dondozo, M|\n|poke|p1|Clodsire, M|\n|poke|p1|Great Tusk|\n|poke|p1|Enamorus, F|\n|poke|p2|Infernape, F|\n|poke|p2|Ribombee, F|\n|poke|p2|Gholdengo|\n|poke|p2|Garchomp, M|\n|poke|p2|Great Tusk|\n|poke|p2|Manaphy|\n|teampreview\n|\n|t:|1699908067\n|start\n|switch|p1a: Rillaboom|Rillaboom, F|100\/100\n|switch|p2a: Ribombee|Ribombee, F|100\/100\n|-fieldstart|move: Grassy Terrain|[from] ability: Grassy Surge|[of] p1a: Rillaboom\n|turn|1\n|\n|t:|1699908076\n|move|p2a: Ribombee|Sticky Web|p1a: Rillaboom\n|-sidestart|p1: Jrmoore896|move: Sticky Web\n|move|p1a: Rillaboom|U-turn|p2a: Ribombee\n|-resisted|p2a: Ribombee\n|-damage|p2a: Ribombee|60\/100\n|\n|t:|1699908081\n|switch|p1a: Enamorus|Enamorus, F|100\/100|[from] U-turn\n|\n|-heal|p2a: Ribombee|66\/100|[from] Grassy Terrain\n|upkeep\n|turn|2\n|\n|t:|1699908089\n|move|p1a: Enamorus|Moonblast|p2a: Ribombee\n|-damage|p2a: Ribombee|0 fnt\n|faint|p2a: Ribombee\n|\n|upkeep\n|\n|t:|1699908091\n|switch|p2a: Gholdengo|Gholdengo|100\/100\n|-item|p2a: Gholdengo|Air Balloon\n|turn|3\n|\n|t:|1699908099\n|move|p1a: Enamorus|Moonblast|p2a: Gholdengo\n|-resisted|p2a: Gholdengo\n|-damage|p2a: Gholdengo|75\/100\n|-unboost|p2a: Gholdengo|spa|1\n|-enditem|p2a: Gholdengo|Air Balloon\n|move|p2a: Gholdengo|Nasty Plot|p2a: Gholdengo\n|-boost|p2a: Gholdengo|spa|2\n|\n|-heal|p2a: Gholdengo|81\/100|[from] Grassy Terrain\n|upkeep\n|turn|4\n|\n|t:|1699908111\n|switch|p1a: Clodsire|Clodsire, M, shiny|100\/100\n|-activate|p1a: Clodsire|move: Sticky Web\n|-unboost|p1a: Clodsire|spe|1\n|move|p2a: Gholdengo|Nasty Plot|p2a: Gholdengo\n|-boost|p2a: Gholdengo|spa|2\n|\n|-heal|p2a: Gholdengo|87\/100|[from] Grassy Terrain\n|upkeep\n|turn|5\n|\n|t:|1699908122\n|move|p2a: Gholdengo|Shadow Ball|p1a: Clodsire\n|-damage|p1a: Clodsire|82\/100\n|move|p1a: Clodsire|Stealth Rock|p2a: Gholdengo\n|-sidestart|p2: Trois_ailes|move: Stealth Rock\n|\n|-heal|p2a: Gholdengo|93\/100|[from] Grassy Terrain\n|-heal|p1a: Clodsire|89\/100|[from] Grassy Terrain\n|-heal|p1a: Clodsire|95\/100|[from] item: Leftovers\n|-fieldend|move: Grassy Terrain\n|upkeep\n|turn|6\n|\n|t:|1699908132\n|switch|p2a: Great Tusk|Great Tusk|100\/100\n|-damage|p2a: Great Tusk|97\/100|[from] Stealth Rock\n|move|p1a: Clodsire|Earthquake|p2a: Great Tusk\n|-damage|p2a: Great Tusk|84\/100\n|\n|-heal|p2a: Great Tusk|90\/100|[from] item: Leftovers\n|-heal|p1a: Clodsire|100\/100|[from] item: Leftovers\n|upkeep\n|turn|7\n|\n|t:|1699908144\n|move|p2a: Great Tusk|Earthquake|p1a: Clodsire\n|-supereffective|p1a: Clodsire\n|-damage|p1a: Clodsire|8\/100\n|move|p1a: Clodsire|Toxic|p2a: Great Tusk\n|-status|p2a: Great Tusk|tox\n|\n|-heal|p2a: Great Tusk|96\/100 tox|[from] item: Leftovers\n|-heal|p1a: Clodsire|15\/100|[from] item: Leftovers\n|-damage|p2a: Great Tusk|90\/100 tox|[from] psn\n|upkeep\n|turn|8\n|\n|t:|1699908156\n|switch|p1a: Great Tusk|Great Tusk|100\/100\n|move|p2a: Great Tusk|Rapid Spin|p1a: Great Tusk\n|-damage|p1a: Great Tusk|90\/100\n|-boost|p2a: Great Tusk|spe|1\n|-sideend|p2: Trois_ailes|Stealth Rock|[from] move: Rapid Spin|[of] p2a: Great Tusk\n|\n|-heal|p2a: Great Tusk|96\/100 tox|[from] item: Leftovers\n|-damage|p2a: Great Tusk|84\/100 tox|[from] psn\n|upkeep\n|turn|9\n|\n|t:|1699908167\n|-end|p2a: Great Tusk|Protosynthesis|[silent]\n|switch|p2a: Gholdengo|Gholdengo|93\/100\n|move|p1a: Great Tusk|Rapid Spin|p2a: Gholdengo\n|-immune|p2a: Gholdengo\n|\n|upkeep\n|turn|10\n|\n|t:|1699908173\n|move|p1a: Great Tusk|Headlong Rush|p2a: Gholdengo\n|-supereffective|p2a: Gholdengo\n|-damage|p2a: Gholdengo|6\/100\n|-unboost|p1a: Great Tusk|def|1\n|-unboost|p1a: Great Tusk|spd|1\n|move|p2a: Gholdengo|Make It Rain|p1a: Great Tusk\n|-damage|p1a: Great Tusk|0 fnt\n|-unboost|p2a: Gholdengo|spa|1\n|faint|p1a: Great Tusk\n|-end|p1a: Great Tusk|Protosynthesis|[silent]\n|\n|upkeep\n|\n|t:|1699908187\n|switch|p1a: Enamorus|Enamorus, F|100\/100\n|turn|11\n|\n|t:|1699908192\n|-terastallize|p1a: Enamorus|Fairy\n|move|p1a: Enamorus|Moonblast|p2a: Gholdengo\n|-resisted|p2a: Gholdengo\n|-damage|p2a: Gholdengo|0 fnt\n|faint|p2a: Gholdengo\n|\n|upkeep\n|inactive|Battle timer is ON: inactive players will automatically lose when time's up. (requested by Jrmoore896)\n|\n|t:|1699908204\n|switch|p2a: Great Tusk|Great Tusk|84\/100 tox\n|turn|12\n|\n|t:|1699908208\n|-terastallize|p2a: Great Tusk|Steel\n|move|p1a: Enamorus|Moonblast|p2a: Great Tusk\n|-resisted|p2a: Great Tusk\n|-damage|p2a: Great Tusk|34\/100 tox\n|move|p2a: Great Tusk|Knock Off|p1a: Enamorus\n|-resisted|p1a: Enamorus\n|-damage|p1a: Enamorus|79\/100\n|-enditem|p1a: Enamorus|Choice Scarf|[from] move: Knock Off|[of] p2a: Great Tusk\n|\n|-heal|p2a: Great Tusk|40\/100 tox|[from] item: Leftovers\n|-damage|p2a: Great Tusk|34\/100 tox|[from] psn\n|upkeep\n|turn|13\n|\n|t:|1699908223\n|move|p1a: Enamorus|Earth Power|p2a: Great Tusk\n|-supereffective|p2a: Great Tusk\n|-damage|p2a: Great Tusk|0 fnt\n|faint|p2a: Great Tusk\n|-end|p2a: Great Tusk|Protosynthesis|[silent]\n|\n|upkeep\n|\n|t:|1699908224\n|switch|p2a: Infernape|Infernape, F|100\/100\n|turn|14\n|\n|t:|1699908233\n|switch|p1a: Dondozo|Dondozo, M|100\/100\n|-activate|p1a: Dondozo|move: Sticky Web\n|-unboost|p1a: Dondozo|spe|1\n|move|p2a: Infernape|Flare Blitz|p1a: Dondozo\n|-resisted|p1a: Dondozo\n|-damage|p1a: Dondozo|87\/100\n|-damage|p2a: Infernape|93\/100|[from] Recoil\n|\n|-heal|p1a: Dondozo|93\/100|[from] item: Leftovers\n|upkeep\n|turn|15\n|\n|t:|1699908253\n|switch|p2a: Manaphy|Manaphy|100\/100\n|move|p1a: Dondozo|Liquidation|p2a: Manaphy\n|-resisted|p2a: Manaphy\n|-damage|p2a: Manaphy|85\/100\n|\n|-heal|p2a: Manaphy|91\/100|[from] item: Leftovers\n|-heal|p1a: Dondozo|99\/100|[from] item: Leftovers\n|upkeep\n|turn|16\n|\n|t:|1699908263\n|switch|p1a: Rillaboom|Rillaboom, F|100\/100\n|-activate|p1a: Rillaboom|move: Sticky Web\n|-unboost|p1a: Rillaboom|spe|1\n|-fieldstart|move: Grassy Terrain|[from] ability: Grassy Surge|[of] p1a: Rillaboom\n|move|p2a: Manaphy|Tail Glow|p2a: Manaphy\n|-boost|p2a: Manaphy|spa|3\n|\n|-heal|p2a: Manaphy|97\/100|[from] Grassy Terrain\n|-heal|p2a: Manaphy|100\/100|[from] item: Leftovers\n|upkeep\n|turn|17\n|\n|t:|1699908277\n|move|p1a: Rillaboom|Grassy Glide|p2a: Manaphy\n|-supereffective|p2a: Manaphy\n|-damage|p2a: Manaphy|0 fnt\n|faint|p2a: Manaphy\n|\n|upkeep\n|-message|Trois_ailes forfeited.\n|\n|win|Jrmoore896\n|raw|Jrmoore896's rating: 1459 &rarr; <strong>1480<\/strong><br \/>(+21 for winning)\n|raw|Trois_ailes's rating: 1475 &rarr; <strong>1454<\/strong><br \/>(-21 for losing)\n|l|\u2606Trois_ailes\n|l|\u2606Jrmoore896\n|j|\u2606Jrmoore896\n|player|p1|Jrmoore896|lucas-gen4pt\n","uploadtime":1699908292,"views":16,"p1id":"jrmoore896","p2id":"troisailes","formatid":"gen9ou","rating":1454,"private":0,"password":""}