{"id":"gen9ou-1990235536","p1":"TrepYT","p2":"PekPicPek","format":"[Gen 9] OU","log":"|j|\u203dTrepYT\n|j|\u2606PekPicPek\n|t:|1699941953\n|gametype|singles\n|player|p1|TrepYT|swimmerf|1707\n|player|p2|PekPicPek|chuck|1781\n|teamsize|p1|6\n|teamsize|p2|6\n|gen|9\n|tier|[Gen 9] OU\n|rated|\n|rule|Sleep Clause Mod: Limit one foe put to sleep\n|rule|Species Clause: Limit one of each Pok\u00e9mon\n|rule|OHKO Clause: OHKO moves are banned\n|rule|Evasion Items Clause: Evasion items are banned\n|rule|Evasion Moves Clause: Evasion moves are banned\n|rule|Endless Battle Clause: Forcing endless battles is banned\n|rule|HP Percentage Mod: HP is shown in percentages\n|clearpoke\n|poke|p1|Samurott-Hisui, M|\n|poke|p1|Cresselia, F|\n|poke|p1|Kingambit, F|\n|poke|p1|Scizor, F|\n|poke|p1|Garchomp, F|\n|poke|p1|Heatran, M|\n|poke|p2|Great Tusk|\n|poke|p2|Dragapult, M|\n|poke|p2|Kingambit, F|\n|poke|p2|Klawf, M|\n|poke|p2|Azumarill, M|\n|poke|p2|Moltres|\n|teampreview\n|j| EatMyLunch\n|j| Roshino\n|inactive|Battle timer is ON: inactive players will automatically lose when time's up. (requested by PekPicPek)\n|\n|t:|1699942039\n|start\n|switch|p1a: Samurott|Samurott-Hisui, M|100\/100\n|switch|p2a: Azumarill|Azumarill, M|100\/100\n|turn|1\n|\n|t:|1699942042\n|switch|p1a: Garchomp|Garchomp, F|100\/100\n|move|p2a: Azumarill|Play Rough|p1a: Garchomp\n|-supereffective|p1a: Garchomp\n|-damage|p1a: Garchomp|33\/100\n|-damage|p2a: Azumarill|88\/100|[from] ability: Rough Skin|[of] p1a: Garchomp\n|-damage|p2a: Azumarill|72\/100|[from] item: Rocky Helmet|[of] p1a: Garchomp\n|\n|upkeep\n|turn|2\n|\n|t:|1699942047\n|move|p1a: Garchomp|Stealth Rock|p2a: Azumarill\n|-sidestart|p2: PekPicPek|move: Stealth Rock\n|move|p2a: Azumarill|Play Rough|p1a: Garchomp\n|-supereffective|p1a: Garchomp\n|-damage|p1a: Garchomp|0 fnt\n|-damage|p2a: Azumarill|59\/100|[from] ability: Rough Skin|[of] p1a: Garchomp\n|-damage|p2a: Azumarill|43\/100|[from] item: Rocky Helmet|[of] p1a: Garchomp\n|faint|p1a: Garchomp\n|\n|upkeep\n|\n|t:|1699942058\n|switch|p1a: Scizor|Scizor, F|100\/100\n|turn|3\n|\n|t:|1699942065\n|move|p1a: Scizor|Knock Off|p2a: Azumarill\n|-resisted|p2a: Azumarill\n|-damage|p2a: Azumarill|16\/100\n|-enditem|p2a: Azumarill|Assault Vest|[from] move: Knock Off|[of] p1a: Scizor\n|move|p2a: Azumarill|Play Rough|p1a: Scizor\n|-resisted|p1a: Scizor\n|-damage|p1a: Scizor|71\/100\n|\n|upkeep\n|turn|4\n|\n|t:|1699942073\n|switch|p2a: Moltres|Moltres|100\/100\n|move|p1a: Scizor|Knock Off|p2a: Moltres\n|-damage|p2a: Moltres|54\/100\n|-status|p1a: Scizor|brn|[from] ability: Flame Body|[of] p2a: Moltres\n|-enditem|p2a: Moltres|Heavy-Duty Boots|[from] move: Knock Off|[of] p1a: Scizor\n|\n|-damage|p1a: Scizor|65\/100 brn|[from] brn\n|upkeep\n|turn|5\n|inactive|TrepYT has 120 seconds left.\n|\n|t:|1699942119\n|switch|p1a: Heatran|Heatran, M|100\/100\n|move|p2a: Moltres|Roost|p2a: Moltres\n|-heal|p2a: Moltres|100\/100\n|-singleturn|p2a: Moltres|move: Roost\n|\n|upkeep\n|turn|6\n|\n|t:|1699942126\n|switch|p2a: Azumarill|Azumarill, M|16\/100\n|-damage|p2a: Azumarill|4\/100|[from] Stealth Rock\n|move|p1a: Heatran|Magma Storm|p2a: Azumarill|[miss]\n|-miss|p1a: Heatran|p2a: Azumarill\n|\n|upkeep\n|turn|7\n|inactive|TrepYT has 120 seconds left.\n|\n|t:|1699942135\n|switch|p1a: Scizor|Scizor, F|65\/100 brn\n|move|p2a: Azumarill|Aqua Jet|p1a: Scizor\n|-damage|p1a: Scizor|38\/100 brn\n|\n|-damage|p1a: Scizor|31\/100 brn|[from] brn\n|upkeep\n|turn|8\n|\n|t:|1699942138\n|move|p2a: Azumarill|Aqua Jet|p1a: Scizor\n|-damage|p1a: Scizor|4\/100 brn\n|move|p1a: Scizor|U-turn|p2a: Azumarill\n|-resisted|p2a: Azumarill\n|-damage|p2a: Azumarill|0 fnt\n|faint|p2a: Azumarill\n|\n|t:|1699942146\n|switch|p1a: Heatran|Heatran, M|100\/100|[from] U-turn\n|\n|upkeep\n|\n|t:|1699942153\n|switch|p2a: Great Tusk|Great Tusk|100\/100\n|-damage|p2a: Great Tusk|98\/100|[from] Stealth Rock\n|-enditem|p2a: Great Tusk|Booster Energy\n|-activate|p2a: Great Tusk|ability: Protosynthesis|[fromitem]\n|-start|p2a: Great Tusk|protosynthesisatk\n|turn|9\n|inactive|TrepYT has 120 seconds left.\n|\n|t:|1699942190\n|-terastallize|p1a: Heatran|Ghost\n|move|p2a: Great Tusk|Close Combat|p1a: Heatran\n|-immune|p1a: Heatran\n|move|p1a: Heatran|Magma Storm|p2a: Great Tusk\n|-damage|p2a: Great Tusk|12\/100\n|-activate|p2a: Great Tusk|move: Magma Storm|[of] p1a: Heatran\n|\n|-damage|p2a: Great Tusk|0 fnt|[from] move: Magma Storm|[partiallytrapped]\n|faint|p2a: Great Tusk\n|-end|p2a: Great Tusk|Protosynthesis|[silent]\n|upkeep\n|\n|t:|1699942196\n|switch|p2a: Dragapult|Dragapult, M|100\/100\n|-damage|p2a: Dragapult|88\/100|[from] Stealth Rock\n|turn|10\n|\n|t:|1699942198\n|switch|p1a: Samurott|Samurott-Hisui, M|100\/100\n|move|p2a: Dragapult|Shadow Ball|p1a: Samurott\n|-resisted|p1a: Samurott\n|-damage|p1a: Samurott|77\/100\n|\n|upkeep\n|turn|11\n|\n|t:|1699942204\n|switch|p2a: Klawf|Klawf, M|100\/100\n|-damage|p2a: Klawf|88\/100|[from] Stealth Rock\n|move|p1a: Samurott|Ceaseless Edge|p2a: Klawf|[miss]\n|-miss|p1a: Samurott|p2a: Klawf\n|\n|upkeep\n|turn|12\n|\n|t:|1699942209\n|move|p2a: Klawf|Stealth Rock|p1a: Samurott\n|-sidestart|p1: TrepYT|move: Stealth Rock\n|move|p1a: Samurott|Aqua Cutter|p2a: Klawf\n|-supereffective|p2a: Klawf\n|-damage|p2a: Klawf|0 fnt\n|faint|p2a: Klawf\n|\n|upkeep\n|\n|t:|1699942220\n|switch|p2a: Dragapult|Dragapult, M|88\/100\n|-damage|p2a: Dragapult|76\/100|[from] Stealth Rock\n|turn|13\n|\n|t:|1699942222\n|move|p2a: Dragapult|Thunderbolt|p1a: Samurott\n|-supereffective|p1a: Samurott\n|-damage|p1a: Samurott|11\/100\n|move|p1a: Samurott|Ceaseless Edge|p2a: Dragapult\n|-supereffective|p2a: Dragapult\n|-damage|p2a: Dragapult|0 fnt\n|-sidestart|p2: PekPicPek|Spikes\n|faint|p2a: Dragapult\n|\n|upkeep\n|\n|t:|1699942228\n|switch|p2a: Kingambit|Kingambit, F|100\/100\n|-damage|p2a: Kingambit|94\/100|[from] Stealth Rock\n|-damage|p2a: Kingambit|82\/100|[from] Spikes\n|-activate|p2a: Kingambit|ability: Supreme Overlord\n|-start|p2a: Kingambit|fallen4|[silent]\n|turn|14\n|\n|t:|1699942231\n|move|p2a: Kingambit|Sucker Punch|p1a: Samurott\n|-resisted|p1a: Samurott\n|-crit|p1a: Samurott\n|-damage|p1a: Samurott|0 fnt\n|faint|p1a: Samurott\n|\n|upkeep\n|\n|t:|1699942237\n|switch|p1a: Heatran|Heatran, M, tera:Ghost|100\/100\n|-damage|p1a: Heatran|88\/100|[from] Stealth Rock\n|turn|15\n|\n|t:|1699942242\n|-terastallize|p2a: Kingambit|Dark\n|move|p1a: Heatran|Substitute|p1a: Heatran\n|-start|p1a: Heatran|Substitute\n|-damage|p1a: Heatran|63\/100\n|move|p2a: Kingambit|Kowtow Cleave|p1a: Heatran\n|-supereffective|p1a: Heatran\n|-end|p1a: Heatran|Substitute\n|\n|-heal|p1a: Heatran|69\/100|[from] item: Leftovers\n|upkeep\n|turn|16\n|\n|t:|1699942252\n|move|p1a: Heatran|Substitute|p1a: Heatran\n|-start|p1a: Heatran|Substitute\n|-damage|p1a: Heatran|45\/100\n|move|p2a: Kingambit|Kowtow Cleave|p1a: Heatran\n|-supereffective|p1a: Heatran\n|-end|p1a: Heatran|Substitute\n|\n|-heal|p1a: Heatran|51\/100|[from] item: Leftovers\n|upkeep\n|turn|17\n|\n|t:|1699942254\n|move|p1a: Heatran|Magma Storm|p2a: Kingambit|[miss]\n|-miss|p1a: Heatran|p2a: Kingambit\n|move|p2a: Kingambit|Kowtow Cleave|p1a: Heatran\n|-supereffective|p1a: Heatran\n|-damage|p1a: Heatran|0 fnt\n|-status|p2a: Kingambit|brn|[from] ability: Flame Body|[of] p1a: Heatran\n|faint|p1a: Heatran\n|\n|-damage|p2a: Kingambit|75\/100 brn|[from] brn\n|upkeep\n|\n|t:|1699942260\n|switch|p1a: Kingambit|Kingambit, F|100\/100\n|-damage|p1a: Kingambit|94\/100|[from] Stealth Rock\n|-activate|p1a: Kingambit|ability: Supreme Overlord\n|-start|p1a: Kingambit|fallen3|[silent]\n|turn|18\n|\n|t:|1699942262\n|-end|p2a: Kingambit|fallen4|[silent]\n|switch|p2a: Moltres|Moltres|100\/100\n|-damage|p2a: Moltres|51\/100|[from] Stealth Rock\n|move|p1a: Kingambit|Low Kick|p2a: Moltres\n|-resisted|p2a: Moltres\n|-damage|p2a: Moltres|38\/100\n|\n|-heal|p1a: Kingambit|100\/100|[from] item: Leftovers\n|upkeep\n|turn|19\n|\n|t:|1699942269\n|-end|p1a: Kingambit|fallen3|[silent]\n|switch|p1a: Cresselia|Cresselia, F|100\/100\n|-damage|p1a: Cresselia|88\/100|[from] Stealth Rock\n|move|p2a: Moltres|Roost|p2a: Moltres\n|-heal|p2a: Moltres|88\/100\n|-singleturn|p2a: Moltres|move: Roost\n|\n|upkeep\n|turn|20\n|\n|t:|1699942274\n|switch|p2a: Kingambit|Kingambit, F, tera:Dark|75\/100 brn\n|-damage|p2a: Kingambit|63\/100 brn|[from] Stealth Rock\n|-damage|p2a: Kingambit|50\/100 brn|[from] Spikes\n|-activate|p2a: Kingambit|ability: Supreme Overlord\n|-start|p2a: Kingambit|fallen4|[silent]\n|move|p1a: Cresselia|Calm Mind|p1a: Cresselia\n|-boost|p1a: Cresselia|spa|1\n|-boost|p1a: Cresselia|spd|1\n|\n|-damage|p2a: Kingambit|44\/100 brn|[from] brn\n|upkeep\n|turn|21\n|\n|t:|1699942284\n|move|p1a: Cresselia|Calm Mind|p1a: Cresselia\n|-boost|p1a: Cresselia|spa|1\n|-boost|p1a: Cresselia|spd|1\n|move|p2a: Kingambit|Kowtow Cleave|p1a: Cresselia\n|-supereffective|p1a: Cresselia\n|-crit|p1a: Cresselia\n|-damage|p1a: Cresselia|5\/100\n|-enditem|p1a: Cresselia|Kee Berry|[eat]\n|-boost|p1a: Cresselia|def|1|[from] item: Kee Berry\n|\n|-damage|p2a: Kingambit|38\/100 brn|[from] brn\n|upkeep\n|turn|22\n|\n|t:|1699942290\n|move|p1a: Cresselia|Moonlight|p1a: Cresselia\n|-heal|p1a: Cresselia|54\/100\n|move|p2a: Kingambit|Kowtow Cleave|p1a: Cresselia\n|-supereffective|p1a: Cresselia\n|-damage|p1a: Cresselia|18\/100\n|\n|-damage|p2a: Kingambit|32\/100 brn|[from] brn\n|upkeep\n|turn|23\n|\n|t:|1699942292\n|move|p1a: Cresselia|Moonlight|p1a: Cresselia\n|-heal|p1a: Cresselia|68\/100\n|move|p2a: Kingambit|Kowtow Cleave|p1a: Cresselia\n|-supereffective|p1a: Cresselia\n|-damage|p1a: Cresselia|26\/100\n|\n|-damage|p2a: Kingambit|25\/100 brn|[from] brn\n|upkeep\n|turn|24\n|\n|t:|1699942293\n|move|p1a: Cresselia|Moonlight|p1a: Cresselia\n|-heal|p1a: Cresselia|76\/100\n|move|p2a: Kingambit|Kowtow Cleave|p1a: Cresselia\n|-supereffective|p1a: Cresselia\n|-damage|p1a: Cresselia|33\/100\n|\n|-damage|p2a: Kingambit|19\/100 brn|[from] brn\n|upkeep\n|turn|25\n|\n|t:|1699942295\n|move|p1a: Cresselia|Moonlight|p1a: Cresselia\n|-heal|p1a: Cresselia|83\/100\n|move|p2a: Kingambit|Kowtow Cleave|p1a: Cresselia\n|-supereffective|p1a: Cresselia\n|-damage|p1a: Cresselia|44\/100\n|\n|-damage|p2a: Kingambit|13\/100 brn|[from] brn\n|upkeep\n|turn|26\n|\n|t:|1699942296\n|move|p1a: Cresselia|Moonlight|p1a: Cresselia\n|-heal|p1a: Cresselia|94\/100\n|move|p2a: Kingambit|Kowtow Cleave|p1a: Cresselia\n|-supereffective|p1a: Cresselia\n|-damage|p1a: Cresselia|51\/100\n|\n|-damage|p2a: Kingambit|7\/100 brn|[from] brn\n|upkeep\n|turn|27\n|\n|t:|1699942298\n|move|p1a: Cresselia|Moonblast|p2a: Kingambit\n|-supereffective|p2a: Kingambit\n|-damage|p2a: Kingambit|0 fnt\n|faint|p2a: Kingambit\n|-end|p2a: Kingambit|fallen4|[silent]\n|\n|upkeep\n|\n|t:|1699942299\n|switch|p2a: Moltres|Moltres|88\/100\n|-damage|p2a: Moltres|38\/100|[from] Stealth Rock\n|turn|28\n|\n|t:|1699942302\n|move|p2a: Moltres|Roost|p2a: Moltres\n|-heal|p2a: Moltres|88\/100\n|-singleturn|p2a: Moltres|move: Roost\n|move|p1a: Cresselia|Stored Power|p2a: Moltres\n|-damage|p2a: Moltres|27\/100\n|\n|upkeep\n|turn|29\n|\n|t:|1699942306\n|move|p2a: Moltres|Will-O-Wisp|p1a: Cresselia\n|-status|p1a: Cresselia|brn\n|move|p1a: Cresselia|Stored Power|p2a: Moltres\n|-damage|p2a: Moltres|0 fnt\n|faint|p2a: Moltres\n|\n|win|TrepYT\n|raw|TrepYT's rating: 1707 &rarr; <strong>1731<\/strong><br \/>(+24 for winning)\n|raw|PekPicPek's rating: 1781 &rarr; <strong>1757<\/strong><br \/>(-24 for losing)\n|l|\u203dTrepYT\n|l|\u2606PekPicPek\n|l| Roshino\n","uploadtime":1699943163,"views":19,"p1id":"trepyt","p2id":"pekpicpek","formatid":"gen9ou","rating":1731,"private":0,"password":""}