{"id":"gen9ou-1994860604","p1":"DeDer-Oca","p2":"joscake","format":"[Gen 9] OU","log":"|j|\u2606DeDer-Oca\n|j|\u2606joscake\n|t:|1700499435\n|gametype|singles\n|player|p1|DeDer-Oca|hexmaniac-gen6|1164\n|player|p2|joscake|hilbert-wonderlauncher|1178\n|teamsize|p1|6\n|teamsize|p2|6\n|gen|9\n|tier|[Gen 9] OU\n|rated|\n|rule|Sleep Clause Mod: Limit one foe put to sleep\n|rule|Species Clause: Limit one of each Pok\u00e9mon\n|rule|OHKO Clause: OHKO moves are banned\n|rule|Evasion Items Clause: Evasion items are banned\n|rule|Evasion Moves Clause: Evasion moves are banned\n|rule|Endless Battle Clause: Forcing endless battles is banned\n|rule|HP Percentage Mod: HP is shown in percentages\n|clearpoke\n|poke|p1|Kingambit, M|\n|poke|p1|Sinistcha|\n|poke|p1|Iron Valiant|\n|poke|p1|Landorus-Therian, M|\n|poke|p1|Corviknight, F|\n|poke|p1|Cinderace, F|\n|poke|p2|Venomoth, F|\n|poke|p2|Crawdaunt, M|\n|poke|p2|Gastrodon-East, F|\n|poke|p2|Typhlosion-Hisui, M|\n|poke|p2|Goodra-Hisui, F|\n|poke|p2|Chansey, F|\n|teampreview\n|inactive|Battle timer is ON: inactive players will automatically lose when time's up. (requested by DeDer-Oca)\n|\n|t:|1700499443\n|start\n|switch|p1a: Gaya|Landorus-Therian, M|100\/100\n|switch|p2a: Typhlosion|Typhlosion-Hisui, M|100\/100\n|-item|p1a: Gaya|Rocky Helmet|[from] ability: Frisk|[of] p2a: Typhlosion|[identify]\n|-ability|p1a: Gaya|Intimidate|boost\n|-unboost|p2a: Typhlosion|atk|1\n|turn|1\n|\n|t:|1700499452\n|move|p2a: Typhlosion|Eruption|p1a: Gaya\n|-crit|p1a: Gaya\n|-damage|p1a: Gaya|0 fnt\n|faint|p1a: Gaya\n|\n|upkeep\n|\n|t:|1700499474\n|switch|p1a: Hatsune Miku|Iron Valiant|100\/100\n|turn|2\n|inactive|DeDer-Oca has 120 seconds left.\n|\n|t:|1700499519\n|move|p2a: Typhlosion|Eruption|p1a: Hatsune Miku\n|-damage|p1a: Hatsune Miku|0 fnt\n|faint|p1a: Hatsune Miku\n|-end|p1a: Hatsune Miku|Quark Drive|[silent]\n|\n|upkeep\n|inactive|DeDer-Oca has 90 seconds left.\n|\n|t:|1700499529\n|switch|p1a: Froupet|Cinderace, F|100\/100\n|turn|3\n|\n|t:|1700499535\n|switch|p2a: Gastrodon|Gastrodon-East, F|100\/100\n|move|p1a: Froupet|U-turn|p2a: Gastrodon\n|-damage|p2a: Gastrodon|88\/100\n|\n|t:|1700499541\n|switch|p1a: Tsugoi|Sinistcha|100\/100|[from] U-turn\n|\n|-heal|p2a: Gastrodon|94\/100|[from] item: Leftovers\n|upkeep\n|turn|4\n|\n|t:|1700499554\n|switch|p2a: Chansey|Chansey, F|100\/100\n|move|p1a: Tsugoi|Shadow Ball|p2a: Chansey\n|-immune|p2a: Chansey\n|\n|upkeep\n|turn|5\n|inactive|DeDer-Oca has 90 seconds left.\n|\n|t:|1700499600\n|switch|p1a: DarkVador|Kingambit, M|100\/100\n|-activate|p1a: DarkVador|ability: Supreme Overlord\n|-start|p1a: DarkVador|fallen2|[silent]\n|move|p2a: Chansey|Stealth Rock|p1a: DarkVador\n|-sidestart|p1: DeDer-Oca|move: Stealth Rock\n|\n|upkeep\n|turn|6\n|\n|t:|1700499612\n|move|p1a: DarkVador|Kowtow Cleave|p2a: Chansey\n|-damage|p2a: Chansey|61\/100\n|move|p2a: Chansey|Thunder Wave|p1a: DarkVador\n|-status|p1a: DarkVador|par\n|\n|upkeep\n|turn|7\n|\n|t:|1700499619\n|move|p2a: Chansey|Seismic Toss|p1a: DarkVador\n|-damage|p1a: DarkVador|71\/100 par\n|cant|p1a: DarkVador|par\n|\n|-heal|p1a: DarkVador|77\/100 par|[from] item: Leftovers\n|upkeep\n|turn|8\n|\n|t:|1700499625\n|move|p2a: Chansey|Seismic Toss|p1a: DarkVador\n|-damage|p1a: DarkVador|48\/100 par\n|cant|p1a: DarkVador|par\n|\n|-heal|p1a: DarkVador|54\/100 par|[from] item: Leftovers\n|upkeep\n|turn|9\n|inactive|DeDer-Oca has 90 seconds left.\n|\n|t:|1700499632\n|-end|p1a: DarkVador|fallen2|[silent]\n|switch|p1a: Tsugoi|Sinistcha|100\/100\n|-damage|p1a: Tsugoi|88\/100|[from] Stealth Rock\n|move|p2a: Chansey|Seismic Toss|p1a: Tsugoi\n|-immune|p1a: Tsugoi\n|\n|-heal|p1a: Tsugoi|94\/100|[from] item: Leftovers\n|upkeep\n|turn|10\n|inactive|DeDer-Oca has 90 seconds left.\n|\n|t:|1700499645\n|move|p1a: Tsugoi|Matcha Gotcha|p2a: Chansey\n|-damage|p2a: Chansey|51\/100\n|-heal|p1a: Tsugoi|100\/100|[from] drain|[of] p2a: Chansey\n|move|p2a: Chansey|Thunder Wave|p1a: Tsugoi\n|-status|p1a: Tsugoi|par\n|\n|upkeep\n|turn|11\n|inactive|DeDer-Oca has 90 seconds left.\n|\n|t:|1700499657\n|move|p2a: Chansey|Soft-Boiled|p2a: Chansey\n|-heal|p2a: Chansey|100\/100\n|move|p1a: Tsugoi|Calm Mind|p1a: Tsugoi\n|-boost|p1a: Tsugoi|spa|1\n|-boost|p1a: Tsugoi|spd|1\n|\n|upkeep\n|turn|12\n|\n|t:|1700499667\n|switch|p2a: Crawdaunt|Crawdaunt, M|100\/100\n|move|p1a: Tsugoi|Strength Sap||[still]\n|-fail|p2a: Crawdaunt|unboost|Attack|[from] ability: Hyper Cutter|[of] p2a: Crawdaunt\n|-fail|p1a: Tsugoi\n|\n|upkeep\n|turn|13\n|\n|t:|1700499675\n|move|p2a: Crawdaunt|Knock Off|p1a: Tsugoi\n|-supereffective|p1a: Tsugoi\n|-damage|p1a: Tsugoi|1\/100 par\n|-enditem|p1a: Tsugoi|Leftovers|[from] move: Knock Off|[of] p2a: Crawdaunt\n|-damage|p2a: Crawdaunt|91\/100|[from] item: Life Orb\n|move|p1a: Tsugoi|Matcha Gotcha|p2a: Crawdaunt\n|-supereffective|p2a: Crawdaunt\n|-damage|p2a: Crawdaunt|0 fnt\n|-heal|p1a: Tsugoi|36\/100 par|[from] drain|[of] p2a: Crawdaunt\n|faint|p2a: Crawdaunt\n|\n|upkeep\n|\n|t:|1700499688\n|switch|p2a: Typhlosion|Typhlosion-Hisui, M|100\/100\n|turn|14\n|\n|t:|1700499701\n|move|p2a: Typhlosion|Eruption|p1a: Tsugoi\n|-supereffective|p1a: Tsugoi\n|-damage|p1a: Tsugoi|0 fnt\n|faint|p1a: Tsugoi\n|\n|upkeep\n|\n|t:|1700499711\n|switch|p1a: Froupet|Cinderace, F|100\/100\n|turn|15\n|\n|t:|1700499718\n|switch|p2a: Gastrodon|Gastrodon-East, F|94\/100\n|move|p1a: Froupet|Pyro Ball|p2a: Gastrodon\n|-resisted|p2a: Gastrodon\n|-damage|p2a: Gastrodon|76\/100\n|\n|-heal|p2a: Gastrodon|82\/100|[from] item: Leftovers\n|upkeep\n|turn|16\n|inactive|DeDer-Oca has 120 seconds left.\n|\n|t:|1700499728\n|move|p1a: Froupet|Will-O-Wisp|p2a: Gastrodon\n|-status|p2a: Gastrodon|brn\n|move|p2a: Gastrodon|Earth Power|p1a: Froupet\n|-supereffective|p1a: Froupet\n|-damage|p1a: Froupet|31\/100\n|\n|-heal|p2a: Gastrodon|89\/100 brn|[from] item: Leftovers\n|-damage|p2a: Gastrodon|82\/100 brn|[from] brn\n|upkeep\n|turn|17\n|\n|t:|1700499742\n|move|p1a: Froupet|U-turn|p2a: Gastrodon\n|-damage|p2a: Gastrodon|69\/100 brn\n|\n|t:|1700499745\n|switch|p1a: Raven|Corviknight, F|100\/100|[from] U-turn\n|-damage|p1a: Raven|88\/100|[from] Stealth Rock\n|-ability|p1a: Raven|Pressure\n|move|p2a: Gastrodon|Earth Power|p1a: Raven\n|-immune|p1a: Raven\n|\n|-heal|p1a: Raven|94\/100|[from] item: Leftovers\n|-heal|p2a: Gastrodon|75\/100 brn|[from] item: Leftovers\n|-damage|p2a: Gastrodon|69\/100 brn|[from] brn\n|upkeep\n|turn|18\n|\n|t:|1700499758\n|move|p1a: Raven|Defog|p2a: Gastrodon\n|-unboost|p2a: Gastrodon|evasion|1\n|-sideend|p1: DeDer-Oca|Stealth Rock|[from] move: Defog|[of] p1a: Raven\n|move|p2a: Gastrodon|Yawn|p1a: Raven\n|-start|p1a: Raven|move: Yawn|[of] p2a: Gastrodon\n|\n|-heal|p1a: Raven|99\/100|[from] item: Leftovers\n|-heal|p2a: Gastrodon|75\/100 brn|[from] item: Leftovers\n|-damage|p2a: Gastrodon|69\/100 brn|[from] brn\n|upkeep\n|turn|19\n|\n|t:|1700499773\n|switch|p2a: Typhlosion|Typhlosion-Hisui, M|100\/100\n|-item|p1a: Raven|Leftovers|[from] ability: Frisk|[of] p2a: Typhlosion|[identify]\n|move|p1a: Raven|Iron Defense|p1a: Raven\n|-boost|p1a: Raven|def|2\n|\n|-heal|p1a: Raven|100\/100|[from] item: Leftovers\n|-end|p1a: Raven|move: Yawn|[silent]\n|-status|p1a: Raven|slp\n|upkeep\n|turn|20\n|\n|t:|1700499790\n|move|p2a: Typhlosion|Eruption|p1a: Raven\n|-supereffective|p1a: Raven\n|-damage|p1a: Raven|0 fnt\n|faint|p1a: Raven\n|\n|upkeep\n|\n|t:|1700499795\n|switch|p1a: DarkVador|Kingambit, M|54\/100 par\n|-activate|p1a: DarkVador|ability: Supreme Overlord\n|-start|p1a: DarkVador|fallen4|[silent]\n|turn|21\n|\n|t:|1700499806\n|-terastallize|p2a: Typhlosion|Fairy\n|-terastallize|p1a: DarkVador|Ghost\n|cant|p1a: DarkVador|par\n|move|p2a: Typhlosion|Eruption|p1a: DarkVador\n|-damage|p1a: DarkVador|0 fnt\n|faint|p1a: DarkVador\n|-end|p1a: DarkVador|fallen4|[silent]\n|\n|upkeep\n|\n|t:|1700499814\n|switch|p1a: Froupet|Cinderace, F|31\/100\n|turn|22\n|\n|t:|1700499819\n|move|p2a: Typhlosion|Eruption|p1a: Froupet\n|-resisted|p1a: Froupet\n|-damage|p1a: Froupet|0 fnt\n|faint|p1a: Froupet\n|\n|win|joscake\n|raw|DeDer-Oca's rating: 1164 &rarr; <strong>1140<\/strong><br \/>(-24 for losing)\n|raw|joscake's rating: 1178 &rarr; <strong>1202<\/strong><br \/>(+24 for winning)\n|c|\u2606DeDer-Oca|gg\n","uploadtime":1700499827,"views":15,"p1id":"dederoca","p2id":"joscake","formatid":"gen9ou","rating":1140,"private":0,"password":""}