{"id":"gen9ou-1993392508","p1":"1owercase","p2":"d18l","format":"[Gen 9] OU","log":"|j|\u26061owercase\n|j|\u2606d18l\n|t:|1700311381\n|gametype|singles\n|player|p1|1owercase|flannery|1735\n|player|p2|d18l|backpacker|1724\n|teamsize|p1|6\n|teamsize|p2|6\n|gen|9\n|tier|[Gen 9] OU\n|rated|\n|rule|Sleep Clause Mod: Limit one foe put to sleep\n|rule|Species Clause: Limit one of each Pok\u00e9mon\n|rule|OHKO Clause: OHKO moves are banned\n|rule|Evasion Items Clause: Evasion items are banned\n|rule|Evasion Moves Clause: Evasion moves are banned\n|rule|Endless Battle Clause: Forcing endless battles is banned\n|rule|HP Percentage Mod: HP is shown in percentages\n|clearpoke\n|poke|p1|Zapdos-Galar|\n|poke|p1|Greninja-*, M|\n|poke|p1|Sinistcha|\n|poke|p1|Garchomp, M|\n|poke|p1|Heatran, F|\n|poke|p1|Glimmora, F|\n|poke|p2|Ribombee, F|\n|poke|p2|Gholdengo|\n|poke|p2|Great Tusk|\n|poke|p2|Kingambit, F|\n|poke|p2|Ogerpon-Wellspring, F|\n|poke|p2|Iron Moth|\n|teampreview\n|inactive|Battle timer is ON: inactive players will automatically lose when time's up. (requested by 1owercase)\n|\n|t:|1700311396\n|start\n|switch|p1a: Heatran|Heatran, F|100\/100\n|switch|p2a: Ribombee|Ribombee, F|100\/100\n|turn|1\n|\n|t:|1700311402\n|move|p2a: Ribombee|Sticky Web|p1a: Heatran\n|-sidestart|p1: 1owercase|move: Sticky Web\n|move|p1a: Heatran|Magma Storm|p2a: Ribombee\n|-supereffective|p2a: Ribombee\n|-enditem|p2a: Ribombee|Focus Sash\n|-damage|p2a: Ribombee|1\/100\n|-activate|p2a: Ribombee|move: Magma Storm|[of] p1a: Heatran\n|\n|-damage|p2a: Ribombee|0 fnt|[from] move: Magma Storm|[partiallytrapped]\n|faint|p2a: Ribombee\n|upkeep\n|\n|t:|1700311411\n|switch|p2a: Ogerpon|Ogerpon-Wellspring, F|100\/100\n|turn|2\n|\n|t:|1700311415\n|switch|p1a: Sinistcha|Sinistcha|100\/100\n|move|p2a: Ogerpon|Ivy Cudgel|p1a: Sinistcha|[anim] Ivy Cudgel Water\n|-resisted|p1a: Sinistcha\n|-damage|p1a: Sinistcha|80\/100\n|\n|upkeep\n|turn|3\n|\n|t:|1700311429\n|switch|p2a: Kingambit|Kingambit, F|100\/100\n|-activate|p2a: Kingambit|ability: Supreme Overlord\n|-start|p2a: Kingambit|fallen1|[silent]\n|move|p1a: Sinistcha|Matcha Gotcha|p2a: Kingambit\n|-resisted|p2a: Kingambit\n|-damage|p2a: Kingambit|84\/100\n|-heal|p1a: Sinistcha|89\/100|[from] drain|[of] p2a: Kingambit\n|\n|-heal|p2a: Kingambit|90\/100|[from] item: Leftovers\n|upkeep\n|turn|4\n|\n|t:|1700311444\n|switch|p1a: Zapdos|Zapdos-Galar|100\/100\n|move|p2a: Kingambit|Kowtow Cleave|p1a: Zapdos\n|-resisted|p1a: Zapdos\n|-damage|p1a: Zapdos|71\/100\n|\n|-heal|p1a: Zapdos|77\/100|[from] item: Leftovers\n|-heal|p2a: Kingambit|96\/100|[from] item: Leftovers\n|upkeep\n|turn|5\n|\n|t:|1700311464\n|switch|p1a: Heatran|Heatran, F|100\/100\n|-activate|p1a: Heatran|move: Sticky Web\n|-unboost|p1a: Heatran|spe|1\n|-end|p2a: Kingambit|fallen1|[silent]\n|switch|p2a: Gholdengo|Gholdengo|100\/100\n|-item|p2a: Gholdengo|Air Balloon\n|\n|upkeep\n|turn|6\n|j| LityL\n|\n|t:|1700311489\n|switch|p2a: Ogerpon|Ogerpon-Wellspring, F|100\/100\n|move|p1a: Heatran|Magma Storm|p2a: Ogerpon|[miss]\n|-miss|p1a: Heatran|p2a: Ogerpon\n|\n|upkeep\n|turn|7\n|l| LityL\n|\n|t:|1700311499\n|switch|p1a: Sinistcha|Sinistcha|89\/100\n|move|p2a: Ogerpon|Ivy Cudgel|p1a: Sinistcha|[anim] Ivy Cudgel Water\n|-resisted|p1a: Sinistcha\n|-damage|p1a: Sinistcha|69\/100\n|\n|upkeep\n|turn|8\n|inactive|d18l has 120 seconds left.\n|inactive|d18l has 90 seconds left.\n|\n|t:|1700311561\n|switch|p2a: Gholdengo|Gholdengo|100\/100\n|-item|p2a: Gholdengo|Air Balloon\n|move|p1a: Sinistcha|Matcha Gotcha|p2a: Gholdengo\n|-resisted|p2a: Gholdengo\n|-damage|p2a: Gholdengo|84\/100\n|-heal|p1a: Sinistcha|78\/100|[from] drain|[of] p2a: Gholdengo\n|-enditem|p2a: Gholdengo|Air Balloon\n|\n|upkeep\n|turn|9\n|\n|t:|1700311576\n|switch|p1a: Garchomp|Garchomp, M|100\/100\n|-activate|p1a: Garchomp|move: Sticky Web\n|-unboost|p1a: Garchomp|spe|1\n|move|p2a: Gholdengo|Shadow Ball|p1a: Garchomp\n|-damage|p1a: Garchomp|65\/100\n|\n|upkeep\n|turn|10\n|\n|t:|1700311592\n|switch|p2a: Great Tusk|Great Tusk|100\/100\n|-enditem|p2a: Great Tusk|Booster Energy\n|-activate|p2a: Great Tusk|ability: Protosynthesis|[fromitem]\n|-start|p2a: Great Tusk|protosynthesisspe\n|move|p1a: Garchomp|Earthquake|p2a: Great Tusk\n|-damage|p2a: Great Tusk|68\/100\n|\n|upkeep\n|turn|11\n|\n|t:|1700311606\n|switch|p1a: Zapdos|Zapdos-Galar|77\/100\n|move|p2a: Great Tusk|Bulk Up|p2a: Great Tusk\n|-boost|p2a: Great Tusk|atk|1\n|-boost|p2a: Great Tusk|def|1\n|\n|-heal|p1a: Zapdos|83\/100|[from] item: Leftovers\n|upkeep\n|turn|12\n|\n|t:|1700311615\n|move|p2a: Great Tusk|Knock Off|p1a: Zapdos\n|-resisted|p1a: Zapdos\n|-damage|p1a: Zapdos|58\/100\n|-enditem|p1a: Zapdos|Leftovers|[from] move: Knock Off|[of] p2a: Great Tusk\n|move|p1a: Zapdos|Thunderous Kick|p2a: Great Tusk\n|-damage|p2a: Great Tusk|49\/100\n|-unboost|p2a: Great Tusk|def|1\n|\n|upkeep\n|turn|13\n|inactive|d18l has 90 seconds left.\n|\n|t:|1700311625\n|-end|p2a: Great Tusk|Protosynthesis|[silent]\n|switch|p2a: Gholdengo|Gholdengo|84\/100\n|move|p1a: Zapdos|Drill Peck|p2a: Gholdengo\n|-resisted|p2a: Gholdengo\n|-damage|p2a: Gholdengo|67\/100\n|\n|upkeep\n|turn|14\n|inactive|d18l has 90 seconds left.\n|\n|t:|1700311634\n|switch|p1a: Heatran|Heatran, F|100\/100\n|-activate|p1a: Heatran|move: Sticky Web\n|-unboost|p1a: Heatran|spe|1\n|move|p2a: Gholdengo|Shadow Ball|p1a: Heatran\n|-damage|p1a: Heatran|79\/100\n|\n|-heal|p1a: Heatran|85\/100|[from] item: Leftovers\n|upkeep\n|turn|15\n|inactive|d18l has 90 seconds left.\n|j| dentine\n|inactive|d18l has 60 seconds left.\n|\n|t:|1700311679\n|switch|p2a: Great Tusk|Great Tusk|49\/100\n|move|p1a: Heatran|Stealth Rock|p2a: Great Tusk\n|-sidestart|p2: d18l|move: Stealth Rock\n|\n|-heal|p1a: Heatran|92\/100|[from] item: Leftovers\n|upkeep\n|turn|16\n|j| 666gege\n|\n|t:|1700311685\n|switch|p1a: Sinistcha|Sinistcha|78\/100\n|move|p2a: Great Tusk|Knock Off|p1a: Sinistcha\n|-supereffective|p1a: Sinistcha\n|-damage|p1a: Sinistcha|37\/100\n|-enditem|p1a: Sinistcha|Heavy-Duty Boots|[from] move: Knock Off|[of] p2a: Great Tusk\n|\n|upkeep\n|turn|17\n|inactive|d18l has 60 seconds left.\n|\n|t:|1700311717\n|-end|p2a: Great Tusk|Protosynthesis|[silent]\n|switch|p2a: Iron Moth|Iron Moth|100\/100\n|-damage|p2a: Iron Moth|76\/100|[from] Stealth Rock\n|-enditem|p2a: Iron Moth|Booster Energy\n|-activate|p2a: Iron Moth|ability: Quark Drive|[fromitem]\n|-start|p2a: Iron Moth|quarkdrivespe\n|move|p1a: Sinistcha|Strength Sap|p2a: Iron Moth\n|-unboost|p2a: Iron Moth|atk|1\n|-heal|p1a: Sinistcha|75\/100\n|\n|upkeep\n|turn|18\n|\n|t:|1700311732\n|-end|p2a: Iron Moth|Quark Drive|[silent]\n|switch|p2a: Ogerpon|Ogerpon-Wellspring, F|100\/100\n|-damage|p2a: Ogerpon|88\/100|[from] Stealth Rock\n|switch|p1a: Heatran|Heatran, F|92\/100\n|-activate|p1a: Heatran|move: Sticky Web\n|-unboost|p1a: Heatran|spe|1\n|\n|-heal|p1a: Heatran|98\/100|[from] item: Leftovers\n|upkeep\n|turn|19\n|inactive|d18l has 60 seconds left.\n|\n|t:|1700311747\n|switch|p1a: Sinistcha|Sinistcha|75\/100\n|-activate|p1a: Sinistcha|move: Sticky Web\n|-unboost|p1a: Sinistcha|spe|1\n|move|p2a: Ogerpon|Ivy Cudgel|p1a: Sinistcha|[anim] Ivy Cudgel Water\n|-resisted|p1a: Sinistcha\n|-damage|p1a: Sinistcha|52\/100\n|\n|upkeep\n|turn|20\n|\n|t:|1700311751\n|switch|p2a: Iron Moth|Iron Moth|76\/100\n|-damage|p2a: Iron Moth|51\/100|[from] Stealth Rock\n|move|p1a: Sinistcha|Shadow Ball|p2a: Iron Moth\n|-damage|p2a: Iron Moth|17\/100\n|\n|upkeep\n|turn|21\n|\n|t:|1700311759\n|switch|p1a: Heatran|Heatran, F|98\/100\n|-activate|p1a: Heatran|move: Sticky Web\n|-unboost|p1a: Heatran|spe|1\n|move|p2a: Iron Moth|Dazzling Gleam|p1a: Heatran\n|-resisted|p1a: Heatran\n|-damage|p1a: Heatran|94\/100\n|\n|-heal|p1a: Heatran|99\/100|[from] item: Leftovers\n|upkeep\n|turn|22\n|\n|t:|1700311765\n|move|p2a: Iron Moth|Dazzling Gleam|p1a: Heatran\n|-resisted|p1a: Heatran\n|-damage|p1a: Heatran|96\/100\n|move|p1a: Heatran|Magma Storm|p2a: Iron Moth\n|-resisted|p2a: Iron Moth\n|-damage|p2a: Iron Moth|0 fnt\n|faint|p2a: Iron Moth\n|-end|p2a: Iron Moth|Quark Drive|[silent]\n|\n|-heal|p1a: Heatran|100\/100|[from] item: Leftovers\n|upkeep\n|\n|t:|1700311768\n|switch|p2a: Ogerpon|Ogerpon-Wellspring, F|88\/100\n|-damage|p2a: Ogerpon|76\/100|[from] Stealth Rock\n|turn|23\n|inactive|1owercase has 120 seconds left.\n|\n|t:|1700311802\n|-terastallize|p1a: Heatran|Grass\n|move|p2a: Ogerpon|Ivy Cudgel|p1a: Heatran|[anim] Ivy Cudgel Water\n|-resisted|p1a: Heatran\n|-damage|p1a: Heatran|74\/100\n|move|p1a: Heatran|Magma Storm|p2a: Ogerpon\n|-damage|p2a: Ogerpon|26\/100\n|-activate|p2a: Ogerpon|move: Magma Storm|[of] p1a: Heatran\n|\n|-heal|p1a: Heatran|80\/100|[from] item: Leftovers\n|-damage|p2a: Ogerpon|13\/100|[from] move: Magma Storm|[partiallytrapped]\n|upkeep\n|turn|24\n|\n|t:|1700311813\n|move|p2a: Ogerpon|Ivy Cudgel|p1a: Heatran|[anim] Ivy Cudgel Water\n|-resisted|p1a: Heatran\n|-damage|p1a: Heatran|57\/100\n|move|p1a: Heatran|Earth Power|p2a: Ogerpon\n|-resisted|p2a: Ogerpon\n|-damage|p2a: Ogerpon|0 fnt\n|faint|p2a: Ogerpon\n|\n|-heal|p1a: Heatran|64\/100|[from] item: Leftovers\n|upkeep\n|inactive|d18l has 90 seconds left.\n|\n|t:|1700311830\n|switch|p2a: Great Tusk|Great Tusk|49\/100\n|-damage|p2a: Great Tusk|46\/100|[from] Stealth Rock\n|turn|25\n|\n|t:|1700311838\n|switch|p1a: Sinistcha|Sinistcha|52\/100\n|-activate|p1a: Sinistcha|move: Sticky Web\n|-unboost|p1a: Sinistcha|spe|1\n|move|p2a: Great Tusk|Knock Off|p1a: Sinistcha\n|-supereffective|p1a: Sinistcha\n|-damage|p1a: Sinistcha|23\/100\n|\n|upkeep\n|turn|26\n|\n|t:|1700311845\n|move|p2a: Great Tusk|Knock Off|p1a: Sinistcha\n|-supereffective|p1a: Sinistcha\n|-damage|p1a: Sinistcha|0 fnt\n|faint|p1a: Sinistcha\n|\n|upkeep\n|\n|t:|1700311859\n|switch|p1a: Greninja|Greninja, M|100\/100\n|-activate|p1a: Greninja|move: Sticky Web\n|-unboost|p1a: Greninja|spe|1\n|turn|27\n|\n|t:|1700311873\n|move|p1a: Greninja|Water Shuriken|p2a: Great Tusk\n|-supereffective|p2a: Great Tusk\n|-damage|p2a: Great Tusk|18\/100\n|-supereffective|p2a: Great Tusk\n|-damage|p2a: Great Tusk|0 fnt\n|faint|p2a: Great Tusk\n|-end|p2a: Great Tusk|Protosynthesis|[silent]\n|-ability|p1a: Greninja|Battle Bond|boost\n|-boost|p1a: Greninja|atk|1\n|-boost|p1a: Greninja|spa|1\n|-boost|p1a: Greninja|spe|1\n|-activate|p1a: Greninja|ability: Battle Bond\n|-hitcount|p2: Great Tusk|2\n|\n|upkeep\n|-message|d18l forfeited.\n|\n|win|1owercase\n|raw|1owercase's rating: 1735 &rarr; <strong>1754<\/strong><br \/>(+19 for winning)\n|raw|d18l's rating: 1724 &rarr; <strong>1705<\/strong><br \/>(-19 for losing)\n","uploadtime":1700311880,"views":10,"p1id":"1owercase","p2id":"d18l","formatid":"gen9ou","rating":1705,"private":0,"password":""}