{"id":"gen9ou-1989814382","p1":"ARandomFailure","p2":"gcy9","format":"[Gen 9] OU","log":"|j|\u2606ARandomFailure\n|j|\u2606gcy9\n|t:|1699897972\n|gametype|singles\n|player|p1|ARandomFailure|169|1359\n|player|p2|gcy9|102|1445\n|teamsize|p1|6\n|teamsize|p2|6\n|gen|9\n|tier|[Gen 9] OU\n|rated|\n|rule|Sleep Clause Mod: Limit one foe put to sleep\n|rule|Species Clause: Limit one of each Pok\u00e9mon\n|rule|OHKO Clause: OHKO moves are banned\n|rule|Evasion Items Clause: Evasion items are banned\n|rule|Evasion Moves Clause: Evasion moves are banned\n|rule|Endless Battle Clause: Forcing endless battles is banned\n|rule|HP Percentage Mod: HP is shown in percentages\n|clearpoke\n|poke|p1|Landorus-Therian, M|\n|poke|p1|Heatran, F|\n|poke|p1|Samurott-Hisui, F|\n|poke|p1|Ogerpon-Wellspring, F|\n|poke|p1|Great Tusk|\n|poke|p1|Iron Valiant|\n|poke|p2|Mandibuzz, F|\n|poke|p2|Ogerpon-Wellspring, F|\n|poke|p2|Cinderace, F|\n|poke|p2|Enamorus, F|\n|poke|p2|Gholdengo|\n|poke|p2|Great Tusk|\n|teampreview\n|\n|t:|1699897990\n|start\n|switch|p1a: Landorus|Landorus-Therian, M|100\/100\n|switch|p2a: Mandibuzz|Mandibuzz, F|100\/100\n|-ability|p1a: Landorus|Intimidate|boost\n|-unboost|p2a: Mandibuzz|atk|1\n|turn|1\n|\n|t:|1699897996\n|move|p1a: Landorus|U-turn|p2a: Mandibuzz\n|-damage|p2a: Mandibuzz|90\/100\n|\n|t:|1699898001\n|switch|p1a: Heatran|Heatran, F|100\/100|[from] U-turn\n|move|p2a: Mandibuzz|Knock Off|p1a: Heatran\n|-damage|p1a: Heatran|86\/100\n|-enditem|p1a: Heatran|Leftovers|[from] move: Knock Off|[of] p2a: Mandibuzz\n|\n|upkeep\n|turn|2\n|\n|t:|1699898019\n|switch|p2a: Cinderace|Cinderace, F|100\/100\n|move|p1a: Heatran|Magma Storm|p2a: Cinderace|[miss]\n|-miss|p1a: Heatran|p2a: Cinderace\n|\n|upkeep\n|turn|3\n|\n|t:|1699898028\n|switch|p1a: Landorus|Landorus-Therian, M|100\/100\n|-ability|p1a: Landorus|Intimidate|boost\n|-unboost|p2a: Cinderace|atk|1\n|move|p2a: Cinderace|Pyro Ball|p1a: Landorus\n|-damage|p1a: Landorus|61\/100\n|\n|upkeep\n|turn|4\n|\n|t:|1699898037\n|move|p2a: Cinderace|U-turn|p1a: Landorus\n|-start|p2a: Cinderace|typechange|Bug|[from] ability: Libero\n|-resisted|p1a: Landorus\n|-crit|p1a: Landorus\n|-damage|p1a: Landorus|34\/100\n|\n|t:|1699898053\n|switch|p2a: Mandibuzz|Mandibuzz, F|90\/100|[from] U-turn\n|move|p1a: Landorus|U-turn|p2a: Mandibuzz\n|-damage|p2a: Mandibuzz|79\/100\n|\n|t:|1699898057\n|switch|p1a: Heatran|Heatran, F|86\/100|[from] U-turn\n|\n|upkeep\n|turn|5\n|\n|t:|1699898064\n|switch|p2a: Cinderace|Cinderace, F|100\/100\n|move|p1a: Heatran|Earth Power|p2a: Cinderace\n|-supereffective|p2a: Cinderace\n|-damage|p2a: Cinderace|30\/100\n|\n|upkeep\n|turn|6\n|\n|t:|1699898070\n|switch|p1a: Landorus|Landorus-Therian, M|34\/100\n|-ability|p1a: Landorus|Intimidate|boost\n|-unboost|p2a: Cinderace|atk|1\n|move|p2a: Cinderace|U-turn|p1a: Landorus\n|-start|p2a: Cinderace|typechange|Bug|[from] ability: Libero\n|-resisted|p1a: Landorus\n|-damage|p1a: Landorus|21\/100\n|\n|t:|1699898083\n|switch|p2a: Ogerpon|Ogerpon-Wellspring, F|100\/100|[from] U-turn\n|\n|upkeep\n|turn|7\n|\n|t:|1699898094\n|move|p2a: Ogerpon|Ivy Cudgel|p1a: Landorus\n|-supereffective|p1a: Landorus\n|-crit|p1a: Landorus\n|-damage|p1a: Landorus|0 fnt\n|faint|p1a: Landorus\n|\n|upkeep\n|\n|t:|1699898099\n|switch|p1a: Ogerpon|Ogerpon-Wellspring, F|100\/100\n|turn|8\n|\n|t:|1699898104\n|move|p2a: Ogerpon|U-turn|p1a: Ogerpon\n|-supereffective|p1a: Ogerpon\n|-damage|p1a: Ogerpon|27\/100\n|\n|t:|1699898108\n|switch|p2a: Enamorus|Enamorus, F|100\/100|[from] U-turn\n|move|p1a: Ogerpon|Horn Leech|p2a: Enamorus\n|-resisted|p2a: Enamorus\n|-damage|p2a: Enamorus|65\/100\n|-heal|p1a: Ogerpon|44\/100|[from] drain|[of] p2a: Enamorus\n|\n|upkeep\n|turn|9\n|\n|t:|1699898119\n|move|p2a: Enamorus|Moonblast|p1a: Ogerpon\n|-damage|p1a: Ogerpon|0 fnt\n|faint|p1a: Ogerpon\n|\n|upkeep\n|\n|t:|1699898134\n|switch|p1a: Heatran|Heatran, F|86\/100\n|turn|10\n|\n|t:|1699898140\n|switch|p2a: Ogerpon|Ogerpon-Wellspring, F|100\/100\n|move|p1a: Heatran|Magma Storm|p2a: Ogerpon\n|-damage|p2a: Ogerpon|51\/100\n|-activate|p2a: Ogerpon|move: Magma Storm|[of] p1a: Heatran\n|\n|-damage|p2a: Ogerpon|38\/100|[from] move: Magma Storm|[partiallytrapped]\n|upkeep\n|turn|11\n|\n|t:|1699898148\n|-terastallize|p1a: Heatran|Grass\n|move|p2a: Ogerpon|Ivy Cudgel|p1a: Heatran\n|-resisted|p1a: Heatran\n|-damage|p1a: Heatran|61\/100\n|move|p1a: Heatran|Stealth Rock|p2a: Ogerpon\n|-sidestart|p2: gcy9|move: Stealth Rock\n|\n|-damage|p2a: Ogerpon|26\/100|[from] move: Magma Storm|[partiallytrapped]\n|upkeep\n|turn|12\n|\n|t:|1699898155\n|switch|p1a: Iron Valiant|Iron Valiant|100\/100\n|-enditem|p1a: Iron Valiant|Booster Energy\n|-activate|p1a: Iron Valiant|ability: Quark Drive|[fromitem]\n|-start|p1a: Iron Valiant|quarkdrivespe\n|move|p2a: Ogerpon|U-turn|p1a: Iron Valiant\n|-resisted|p1a: Iron Valiant\n|-damage|p1a: Iron Valiant|92\/100\n|\n|t:|1699898169\n|switch|p2a: Gholdengo|Gholdengo|100\/100|[from] U-turn\n|-damage|p2a: Gholdengo|94\/100|[from] Stealth Rock\n|\n|-heal|p2a: Gholdengo|100\/100|[from] item: Leftovers\n|upkeep\n|turn|13\n|\n|t:|1699898175\n|-end|p1a: Iron Valiant|Quark Drive|[silent]\n|switch|p1a: Samurott|Samurott-Hisui, F|100\/100\n|move|p2a: Gholdengo|Make It Rain|p1a: Samurott\n|-resisted|p1a: Samurott\n|-damage|p1a: Samurott|53\/100\n|-unboost|p2a: Gholdengo|spa|1\n|\n|upkeep\n|turn|14\n|\n|t:|1699898182\n|switch|p2a: Great Tusk|Great Tusk|100\/100\n|move|p1a: Samurott|Swords Dance|p1a: Samurott\n|-boost|p1a: Samurott|atk|2\n|\n|upkeep\n|turn|15\n|\n|t:|1699898196\n|switch|p1a: Iron Valiant|Iron Valiant|92\/100\n|move|p2a: Great Tusk|Headlong Rush|p1a: Iron Valiant\n|-damage|p1a: Iron Valiant|12\/100\n|-unboost|p2a: Great Tusk|def|1\n|-unboost|p2a: Great Tusk|spd|1\n|\n|upkeep\n|turn|16\n|\n|t:|1699898218\n|-end|p2a: Great Tusk|Protosynthesis|[silent]\n|switch|p2a: Enamorus|Enamorus, F|65\/100\n|-damage|p2a: Enamorus|40\/100|[from] Stealth Rock\n|move|p1a: Iron Valiant|Moonblast|p2a: Enamorus\n|-crit|p2a: Enamorus\n|-damage|p2a: Enamorus|0 fnt\n|faint|p2a: Enamorus\n|\n|upkeep\n|\n|t:|1699898224\n|switch|p2a: Gholdengo|Gholdengo|100\/100\n|-damage|p2a: Gholdengo|94\/100|[from] Stealth Rock\n|turn|17\n|\n|t:|1699898229\n|move|p1a: Iron Valiant|Moonblast|p2a: Gholdengo\n|-resisted|p2a: Gholdengo\n|-damage|p2a: Gholdengo|65\/100\n|move|p2a: Gholdengo|Make It Rain|p1a: Iron Valiant\n|-supereffective|p1a: Iron Valiant\n|-damage|p1a: Iron Valiant|0 fnt\n|-unboost|p2a: Gholdengo|spa|1\n|faint|p1a: Iron Valiant\n|-end|p1a: Iron Valiant|Quark Drive|[silent]\n|\n|-heal|p2a: Gholdengo|71\/100|[from] item: Leftovers\n|upkeep\n|\n|t:|1699898232\n|switch|p1a: Samurott|Samurott-Hisui, F|53\/100\n|turn|18\n|\n|t:|1699898237\n|switch|p2a: Mandibuzz|Mandibuzz, F|79\/100\n|move|p1a: Samurott|Aqua Cutter|p2a: Mandibuzz\n|-crit|p2a: Mandibuzz\n|-damage|p2a: Mandibuzz|34\/100\n|\n|upkeep\n|turn|19\n|\n|t:|1699898244\n|move|p1a: Samurott|Ceaseless Edge|p2a: Mandibuzz\n|-resisted|p2a: Mandibuzz\n|-damage|p2a: Mandibuzz|21\/100\n|-sidestart|p2: gcy9|Spikes\n|move|p2a: Mandibuzz|Roost|p2a: Mandibuzz\n|-heal|p2a: Mandibuzz|71\/100\n|-singleturn|p2a: Mandibuzz|move: Roost\n|\n|upkeep\n|turn|20\n|\n|t:|1699898263\n|move|p1a: Samurott|Ceaseless Edge|p2a: Mandibuzz\n|-resisted|p2a: Mandibuzz\n|-damage|p2a: Mandibuzz|58\/100\n|-sidestart|p2: gcy9|Spikes\n|move|p2a: Mandibuzz|Iron Defense|p2a: Mandibuzz\n|-boost|p2a: Mandibuzz|def|2\n|\n|upkeep\n|turn|21\n|\n|t:|1699898270\n|switch|p1a: Heatran|Heatran, F, tera:Grass|61\/100\n|move|p2a: Mandibuzz|Roost|p2a: Mandibuzz\n|-heal|p2a: Mandibuzz|100\/100\n|-singleturn|p2a: Mandibuzz|move: Roost\n|\n|upkeep\n|turn|22\n|\n|t:|1699898279\n|move|p2a: Mandibuzz|Foul Play|p1a: Heatran\n|-damage|p1a: Heatran|40\/100\n|move|p1a: Heatran|Taunt|p2a: Mandibuzz\n|-start|p2a: Mandibuzz|move: Taunt\n|\n|upkeep\n|turn|23\n|\n|t:|1699898285\n|move|p2a: Mandibuzz|Foul Play|p1a: Heatran\n|-damage|p1a: Heatran|19\/100\n|move|p1a: Heatran|Magma Storm|p2a: Mandibuzz\n|-damage|p2a: Mandibuzz|63\/100\n|-activate|p2a: Mandibuzz|move: Magma Storm|[of] p1a: Heatran\n|\n|-damage|p2a: Mandibuzz|51\/100|[from] move: Magma Storm|[partiallytrapped]\n|upkeep\n|turn|24\n|inactive|Battle timer is ON: inactive players will automatically lose when time's up. (requested by gcy9)\n|\n|t:|1699898301\n|move|p2a: Mandibuzz|Foul Play|p1a: Heatran\n|-damage|p1a: Heatran|1\/100\n|move|p1a: Heatran|Magma Storm|p2a: Mandibuzz\n|-damage|p2a: Mandibuzz|16\/100\n|\n|-damage|p2a: Mandibuzz|4\/100|[from] move: Magma Storm|[partiallytrapped]\n|upkeep\n|turn|25\n|\n|t:|1699898307\n|move|p2a: Mandibuzz|Foul Play|p1a: Heatran\n|-damage|p1a: Heatran|0 fnt\n|faint|p1a: Heatran\n|\n|-end|p2a: Mandibuzz|Magma Storm|[partiallytrapped]|[silent]\n|-end|p2a: Mandibuzz|move: Taunt\n|upkeep\n|\n|t:|1699898315\n|switch|p1a: Great Tusk|Great Tusk|100\/100\n|turn|26\n|\n|t:|1699898320\n|move|p1a: Great Tusk|Rapid Spin|p2a: Mandibuzz\n|-damage|p2a: Mandibuzz|0 fnt\n|-boost|p1a: Great Tusk|spe|1\n|faint|p2a: Mandibuzz\n|\n|upkeep\n|\n|t:|1699898324\n|switch|p2a: Great Tusk|Great Tusk|100\/100\n|turn|27\n|\n|t:|1699898331\n|move|p1a: Great Tusk|Knock Off|p2a: Great Tusk\n|-resisted|p2a: Great Tusk\n|-damage|p2a: Great Tusk|89\/100\n|-enditem|p2a: Great Tusk|Heavy-Duty Boots|[from] move: Knock Off|[of] p1a: Great Tusk\n|move|p2a: Great Tusk|Rapid Spin|p1a: Great Tusk\n|-damage|p1a: Great Tusk|87\/100\n|-boost|p2a: Great Tusk|spe|1\n|-sideend|p2: gcy9|Spikes|[from] move: Rapid Spin|[of] p2a: Great Tusk\n|-sideend|p2: gcy9|Stealth Rock|[from] move: Rapid Spin|[of] p2a: Great Tusk\n|\n|upkeep\n|turn|28\n|\n|t:|1699898335\n|move|p1a: Great Tusk|Knock Off|p2a: Great Tusk\n|-resisted|p2a: Great Tusk\n|-damage|p2a: Great Tusk|81\/100\n|move|p2a: Great Tusk|Ice Spinner|p1a: Great Tusk\n|-supereffective|p1a: Great Tusk\n|-damage|p1a: Great Tusk|49\/100\n|\n|upkeep\n|turn|29\n|\n|t:|1699898342\n|move|p2a: Great Tusk|Ice Spinner|p1a: Great Tusk\n|-supereffective|p1a: Great Tusk\n|-damage|p1a: Great Tusk|9\/100\n|move|p1a: Great Tusk|Close Combat|p2a: Great Tusk\n|-damage|p2a: Great Tusk|33\/100\n|-unboost|p1a: Great Tusk|def|1\n|-unboost|p1a: Great Tusk|spd|1\n|\n|upkeep\n|turn|30\n|\n|t:|1699898349\n|move|p1a: Great Tusk|Close Combat|p2a: Great Tusk\n|-damage|p2a: Great Tusk|0 fnt\n|-unboost|p1a: Great Tusk|def|1\n|-unboost|p1a: Great Tusk|spd|1\n|faint|p2a: Great Tusk\n|-end|p2a: Great Tusk|Protosynthesis|[silent]\n|\n|upkeep\n|\n|t:|1699898354\n|switch|p2a: Cinderace|Cinderace, F|30\/100\n|turn|31\n|\n|t:|1699898360\n|-end|p1a: Great Tusk|Protosynthesis|[silent]\n|switch|p1a: Samurott|Samurott-Hisui, F|53\/100\n|move|p2a: Cinderace|Sucker Punch||[still]\n|-fail|p2a: Cinderace\n|\n|upkeep\n|turn|32\n|\n|t:|1699898365\n|move|p2a: Cinderace|U-turn|p1a: Samurott\n|-start|p2a: Cinderace|typechange|Bug|[from] ability: Libero\n|-supereffective|p1a: Samurott\n|-damage|p1a: Samurott|0 fnt\n|faint|p1a: Samurott\n|-message|ARandomFailure forfeited.\n|\n|win|gcy9\n|raw|ARandomFailure's rating: 1359 &rarr; <strong>1344<\/strong><br \/>(-15 for losing)\n|raw|gcy9's rating: 1445 &rarr; <strong>1460<\/strong><br \/>(+15 for winning)\n|l|\u2606ARandomFailure\n","uploadtime":1699898375,"views":6,"p1id":"arandomfailure","p2id":"gcy9","formatid":"gen9ou","rating":1344,"private":0,"password":""}