{"id":"gen9ou-1991546433","p1":"iwuuwwiwiw","p2":"vkhss","format":"[Gen 9] OU","log":"|j|\u2606iwuuwwiwiw\n|j|\u2606vkhss\n|inactive|Battle timer is ON: inactive players will automatically lose when time's up.\n|t:|1700087032\n|gametype|singles\n|player|p1|iwuuwwiwiw|steven|\n|player|p2|vkhss|clemont|\n|teamsize|p1|6\n|teamsize|p2|6\n|gen|9\n|tier|[Gen 9] OU\n|rated|Tournament battle\n|rule|Sleep Clause Mod: Limit one foe put to sleep\n|rule|Species Clause: Limit one of each Pok\u00e9mon\n|rule|OHKO Clause: OHKO moves are banned\n|rule|Evasion Items Clause: Evasion items are banned\n|rule|Evasion Moves Clause: Evasion moves are banned\n|rule|Endless Battle Clause: Forcing endless battles is banned\n|rule|HP Percentage Mod: HP is shown in percentages\n|clearpoke\n|poke|p1|Dragonite, M|\n|poke|p1|Iron Moth|\n|poke|p1|Pincurchin, M|\n|poke|p1|Iron Jugulis|\n|poke|p1|Iron Leaves|\n|poke|p1|Meowscarada, M|\n|poke|p2|Ribombee, M|\n|poke|p2|Ogerpon-Wellspring, F|\n|poke|p2|Oricorio-Sensu, F|\n|poke|p2|Enamorus, F|\n|poke|p2|Iron Moth|\n|poke|p2|Kingambit, M|\n|teampreview\n|inactive|iwuuwwiwiw also wants the timer to be on.\n|\n|t:|1700087043\n|start\n|switch|p1a: Meowscarada|Meowscarada, M|100\/100\n|switch|p2a: Ribombee|Ribombee, M|100\/100\n|turn|1\n|\n|t:|1700087046\n|move|p2a: Ribombee|Sticky Web|p1a: Meowscarada\n|-sidestart|p1: iwuuwwiwiw|move: Sticky Web\n|move|p1a: Meowscarada|Flower Trick|p2a: Ribombee\n|-start|p1a: Meowscarada|typechange|Grass|[from] ability: Protean\n|-resisted|p2a: Ribombee\n|-crit|p2a: Ribombee\n|-damage|p2a: Ribombee|49\/100\n|\n|upkeep\n|turn|2\n|\n|t:|1700087049\n|move|p2a: Ribombee|Moonblast|p1a: Meowscarada\n|-damage|p1a: Meowscarada|36\/100\n|-unboost|p1a: Meowscarada|spa|1\n|move|p1a: Meowscarada|Flower Trick|p2a: Ribombee\n|-resisted|p2a: Ribombee\n|-crit|p2a: Ribombee\n|-damage|p2a: Ribombee|3\/100\n|\n|upkeep\n|turn|3\n|\n|t:|1700087054\n|move|p1a: Meowscarada|Sucker Punch|p2a: Ribombee\n|-resisted|p2a: Ribombee\n|-damage|p2a: Ribombee|0 fnt\n|faint|p2a: Ribombee\n|\n|upkeep\n|\n|t:|1700087062\n|switch|p2a: Iron Moth|Iron Moth|100\/100\n|-enditem|p2a: Iron Moth|Booster Energy\n|-activate|p2a: Iron Moth|ability: Quark Drive|[fromitem]\n|-start|p2a: Iron Moth|quarkdrivespe\n|turn|4\n|\n|t:|1700087068\n|move|p1a: Meowscarada|Sucker Punch|p2a: Iron Moth\n|-damage|p2a: Iron Moth|70\/100\n|move|p2a: Iron Moth|Fiery Dance|p1a: Meowscarada\n|-supereffective|p1a: Meowscarada\n|-damage|p1a: Meowscarada|0 fnt\n|faint|p1a: Meowscarada\n|\n|upkeep\n|\n|t:|1700087072\n|switch|p1a: Pincurchin|Pincurchin, M|100\/100\n|-activate|p1a: Pincurchin|move: Sticky Web\n|-unboost|p1a: Pincurchin|spe|1\n|-fieldstart|move: Electric Terrain|[from] ability: Electric Surge|[of] p1a: Pincurchin\n|turn|5\n|\n|t:|1700087078\n|move|p2a: Iron Moth|Fiery Dance|p1a: Pincurchin\n|-damage|p1a: Pincurchin|56\/100\n|-boost|p2a: Iron Moth|spa|1\n|move|p1a: Pincurchin|Toxic Spikes|p2a: Iron Moth\n|-sidestart|p2: vkhss|move: Toxic Spikes\n|\n|upkeep\n|turn|6\n|j| Pure Hackmons\n|j| TheNewBrends11@!\n|l| Pure Hackmons\n|j| Lacksatives\n|inactive|iwuuwwiwiw has 120 seconds left.\n|\n|t:|1700087122\n|move|p2a: Iron Moth|Fiery Dance|p1a: Pincurchin\n|-damage|p1a: Pincurchin|0 fnt\n|faint|p1a: Pincurchin\n|\n|upkeep\n|\n|t:|1700087125\n|switch|p1a: Iron Jugulis|Iron Jugulis|100\/100\n|-activate|p1a: Iron Jugulis|ability: Quark Drive\n|-start|p1a: Iron Jugulis|quarkdrivespe\n|turn|7\n|inactive|vkhss has 120 seconds left.\n|\n|t:|1700087172\n|move|p2a: Iron Moth|Fiery Dance|p1a: Iron Jugulis\n|-damage|p1a: Iron Jugulis|22\/100\n|move|p1a: Iron Jugulis|Dark Pulse|p2a: Iron Moth\n|-damage|p2a: Iron Moth|20\/100\n|\n|upkeep\n|turn|8\n|inactive|iwuuwwiwiw has 120 seconds left.\n|inactive|iwuuwwiwiw has 90 seconds left.\n|\n|t:|1700087236\n|move|p2a: Iron Moth|Fiery Dance|p1a: Iron Jugulis\n|-damage|p1a: Iron Jugulis|0 fnt\n|-boost|p2a: Iron Moth|spa|1\n|faint|p1a: Iron Jugulis\n|-end|p1a: Iron Jugulis|Quark Drive|[silent]\n|\n|upkeep\n|\n|t:|1700087242\n|switch|p1a: Dragonite|Dragonite, M|100\/100\n|turn|9\n|\n|t:|1700087248\n|move|p1a: Dragonite|Extreme Speed|p2a: Iron Moth\n|-crit|p2a: Iron Moth\n|-damage|p2a: Iron Moth|0 fnt\n|faint|p2a: Iron Moth\n|-end|p2a: Iron Moth|Quark Drive|[silent]\n|\n|upkeep\n|\n|t:|1700087250\n|switch|p2a: Enamorus|Enamorus, F|100\/100\n|turn|10\n|\n|t:|1700087257\n|move|p2a: Enamorus|Moonblast|p1a: Dragonite\n|-supereffective|p1a: Dragonite\n|-damage|p1a: Dragonite|20\/100\n|move|p1a: Dragonite|Dragon Dance|p1a: Dragonite\n|-boost|p1a: Dragonite|atk|1\n|-boost|p1a: Dragonite|spe|1\n|\n|upkeep\n|turn|11\n|\n|t:|1700087263\n|move|p1a: Dragonite|Extreme Speed|p2a: Enamorus\n|-damage|p2a: Enamorus|35\/100\n|move|p2a: Enamorus|Moonblast|p1a: Dragonite\n|-supereffective|p1a: Dragonite\n|-damage|p1a: Dragonite|0 fnt\n|faint|p1a: Dragonite\n|\n|upkeep\n|\n|t:|1700087267\n|switch|p1a: Iron Moth|Iron Moth|100\/100\n|-activate|p1a: Iron Moth|move: Sticky Web\n|-unboost|p1a: Iron Moth|spe|1\n|-activate|p1a: Iron Moth|ability: Quark Drive\n|-start|p1a: Iron Moth|quarkdrivespa\n|turn|12\n|\n|t:|1700087274\n|move|p2a: Enamorus|Moonblast|p1a: Iron Moth\n|-resisted|p1a: Iron Moth\n|-damage|p1a: Iron Moth|81\/100\n|move|p1a: Iron Moth|Sludge Wave|p2a: Enamorus\n|-supereffective|p2a: Enamorus\n|-damage|p2a: Enamorus|0 fnt\n|faint|p2a: Enamorus\n|\n|-heal|p1a: Iron Moth|87\/100|[from] item: Leftovers\n|-fieldend|move: Electric Terrain\n|-end|p1a: Iron Moth|Quark Drive\n|upkeep\n|\n|t:|1700087279\n|switch|p2a: Ogerpon|Ogerpon-Wellspring, F|100\/100\n|-status|p2a: Ogerpon|psn\n|turn|13\n|\n|t:|1700087283\n|move|p2a: Ogerpon|Ivy Cudgel|p1a: Iron Moth|[anim] Ivy Cudgel Water\n|-supereffective|p1a: Iron Moth\n|-damage|p1a: Iron Moth|0 fnt\n|faint|p1a: Iron Moth\n|-end|p1a: Iron Moth|Quark Drive|[silent]\n|\n|-damage|p2a: Ogerpon|88\/100 psn|[from] psn\n|upkeep\n|\n|t:|1700087285\n|switch|p1a: Iron Leaves|Iron Leaves|100\/100\n|-activate|p1a: Iron Leaves|move: Sticky Web\n|-unboost|p1a: Iron Leaves|spe|1\n|turn|14\n|\n|t:|1700087293\n|-terastallize|p1a: Iron Leaves|Grass\n|move|p2a: Ogerpon|Knock Off|p1a: Iron Leaves\n|-damage|p1a: Iron Leaves|52\/100\n|-enditem|p1a: Iron Leaves|Meadow Plate|[from] move: Knock Off|[of] p2a: Ogerpon\n|move|p1a: Iron Leaves|Leaf Blade|p2a: Ogerpon\n|-damage|p2a: Ogerpon|0 fnt\n|faint|p2a: Ogerpon\n|\n|upkeep\n|\n|t:|1700087301\n|switch|p2a: Oricorio|Oricorio-Sensu, F|100\/100\n|turn|15\n|\n|t:|1700087304\n|move|p2a: Oricorio|Revelation Dance|p1a: Iron Leaves\n|-damage|p1a: Iron Leaves|7\/100\n|move|p1a: Iron Leaves|Night Slash|p2a: Oricorio\n|-supereffective|p2a: Oricorio\n|-damage|p2a: Oricorio|32\/100\n|\n|upkeep\n|turn|16\n|\n|t:|1700087310\n|move|p2a: Oricorio|Revelation Dance|p1a: Iron Leaves\n|-damage|p1a: Iron Leaves|0 fnt\n|faint|p1a: Iron Leaves\n|-end|p1a: Iron Leaves|Quark Drive|[silent]\n|\n|win|vkhss\n|n|\u2606iwuuwwiwiw|iwuuwwiwiw\n|n|\u2606vkhss|vkhss\n|n| TheNewBrends11@!|thenewbrends11\n|n| Lacksatives|lacksatives\n|l|\u2606iwuuwwiwiw\n|l|\u2606vkhss\n|l| Lacksatives\n","uploadtime":1700087717,"views":13,"p1id":"iwuuwwiwiw","p2id":"vkhss","formatid":"gen9ou","rating":0,"private":0,"password":""}