{"id":"gen9ou-1994142336","p1":"Hultygoat","p2":"nathanboss22","format":"[Gen 9] OU","log":"|j|\u2606Hultygoat\n|j|\u2606nathanboss22\n|t:|1700411840\n|gametype|singles\n|player|p1|Hultygoat|clown|\n|player|p2|nathanboss22|2|\n|teamsize|p1|6\n|teamsize|p2|6\n|gen|9\n|tier|[Gen 9] OU\n|rule|Sleep Clause Mod: Limit one foe put to sleep\n|rule|Species Clause: Limit one of each Pok\u00e9mon\n|rule|OHKO Clause: OHKO moves are banned\n|rule|Evasion Items Clause: Evasion items are banned\n|rule|Evasion Moves Clause: Evasion moves are banned\n|rule|Endless Battle Clause: Forcing endless battles is banned\n|rule|HP Percentage Mod: HP is shown in percentages\n|clearpoke\n|poke|p1|Kingambit, F|\n|poke|p1|Great Tusk|\n|poke|p1|Dragapult, F|\n|poke|p1|Ogerpon-Wellspring, F|\n|poke|p1|Blissey, F|\n|poke|p1|Zapdos|\n|poke|p2|Ceruledge, F|\n|poke|p2|Walking Wake|\n|poke|p2|Kingambit, F|\n|poke|p2|Ogerpon-Cornerstone, F|\n|poke|p2|Enamorus, F|\n|poke|p2|Maushold|\n|teampreview\n|\n|t:|1700411852\n|start\n|switch|p1a: Dragapult|Dragapult, F|100\/100\n|switch|p2a: Ogerpon|Ogerpon-Cornerstone, F|100\/100\n|turn|1\n|\n|t:|1700411865\n|switch|p2a: Enamorus|Enamorus, F|100\/100\n|move|p1a: Dragapult|Flamethrower|p2a: Enamorus\n|-damage|p2a: Enamorus|45\/100\n|\n|upkeep\n|turn|2\n|inactive|Battle timer is ON: inactive players will automatically lose when time's up. (requested by nathanboss22)\n|\n|t:|1700411872\n|move|p2a: Enamorus|Moonblast|p1a: Dragapult\n|-supereffective|p1a: Dragapult\n|-damage|p1a: Dragapult|0 fnt\n|faint|p1a: Dragapult\n|\n|upkeep\n|\n|t:|1700411880\n|switch|p1a: Ogerpon|Ogerpon-Wellspring, F|100\/100\n|turn|3\n|\n|t:|1700411886\n|move|p2a: Enamorus|Moonblast|p1a: Ogerpon\n|-damage|p1a: Ogerpon|37\/100\n|move|p1a: Ogerpon|Power Whip|p2a: Enamorus\n|-resisted|p2a: Enamorus\n|-damage|p2a: Enamorus|0 fnt\n|faint|p2a: Enamorus\n|\n|upkeep\n|j| doublepomme\n|\n|t:|1700411909\n|switch|p2a: Ceruledge|Ceruledge, F|100\/100\n|turn|4\n|c|\u2606Hultygoat|Degage toi\n|c|\u2606nathanboss22|sale connard\n|\n|t:|1700411922\n|switch|p1a: Great Tusk|Great Tusk|100\/100\n|move|p2a: Ceruledge|Swords Dance|p2a: Ceruledge\n|-boost|p2a: Ceruledge|atk|2\n|\n|upkeep\n|turn|5\n|\n|t:|1700411928\n|move|p1a: Great Tusk|Knock Off|p2a: Ceruledge\n|-supereffective|p2a: Ceruledge\n|-damage|p2a: Ceruledge|26\/100\n|-ability|p2a: Ceruledge|Weak Armor|boost\n|-unboost|p2a: Ceruledge|def|1\n|-boost|p2a: Ceruledge|spe|2\n|-enditem|p2a: Ceruledge|Focus Sash|[from] move: Knock Off|[of] p1a: Great Tusk\n|move|p2a: Ceruledge|Poltergeist|p1a: Great Tusk\n|-activate|p1a: Great Tusk|move: Poltergeist|Leftovers\n|-damage|p1a: Great Tusk|27\/100\n|\n|-heal|p1a: Great Tusk|33\/100|[from] item: Leftovers\n|upkeep\n|turn|6\n|c| doublepomme|Fvg vous \u00eates trop guez\n|\n|t:|1700411947\n|move|p2a: Ceruledge|Bitter Blade|p1a: Great Tusk\n|-damage|p1a: Great Tusk|0 fnt\n|-heal|p2a: Ceruledge|51\/100|[from] drain|[of] p1a: Great Tusk\n|faint|p1a: Great Tusk\n|-end|p1a: Great Tusk|Protosynthesis|[silent]\n|\n|upkeep\n|\n|t:|1700411953\n|switch|p1a: Blissey|Blissey, F|100\/100\n|turn|7\n|\n|t:|1700411959\n|move|p2a: Ceruledge|Bitter Blade|p1a: Blissey\n|-damage|p1a: Blissey|21\/100\n|-heal|p2a: Ceruledge|100\/100|[from] drain|[of] p1a: Blissey\n|move|p1a: Blissey|Seismic Toss|p2a: Ceruledge\n|-immune|p2a: Ceruledge\n|\n|upkeep\n|turn|8\n|c| doublepomme|Hugo t'es con\n|c|\u2606Hultygoat|Merde\n|\n|t:|1700411975\n|move|p2a: Ceruledge|Bitter Blade|p1a: Blissey\n|-damage|p1a: Blissey|0 fnt\n|faint|p1a: Blissey\n|\n|upkeep\n|c|\u2606Hultygoat|SA A PIS MIS LE PUTIN DE BALL OMBRE\n|\n|t:|1700411988\n|switch|p1a: Ogerpon|Ogerpon-Wellspring, F|37\/100\n|turn|9\n|\n|t:|1700411992\n|move|p2a: Ceruledge|Shadow Sneak|p1a: Ogerpon\n|-damage|p1a: Ogerpon|0 fnt\n|faint|p1a: Ogerpon\n|\n|upkeep\n|\n|t:|1700411996\n|switch|p1a: Zapdos|Zapdos|100\/100\n|turn|10\n|\n|t:|1700412002\n|move|p2a: Ceruledge|Poltergeist|p1a: Zapdos\n|-activate|p1a: Zapdos|move: Poltergeist|Heavy-Duty Boots\n|-damage|p1a: Zapdos|17\/100\n|move|p1a: Zapdos|Hurricane|p2a: Ceruledge\n|-damage|p2a: Ceruledge|51\/100\n|-start|p2a: Ceruledge|confusion\n|\n|upkeep\n|turn|11\n|\n|t:|1700412010\n|-activate|p2a: Ceruledge|confusion\n|move|p2a: Ceruledge|Shadow Sneak|p1a: Zapdos\n|-damage|p1a: Zapdos|0 fnt\n|faint|p1a: Zapdos\n|\n|upkeep\n|\n|t:|1700412014\n|switch|p1a: Kingambit|Kingambit, F|100\/100\n|-activate|p1a: Kingambit|ability: Supreme Overlord\n|-start|p1a: Kingambit|fallen5|[silent]\n|turn|12\n|\n|t:|1700412016\n|-activate|p2a: Ceruledge|confusion\n|move|p2a: Ceruledge|Bitter Blade|p1a: Kingambit\n|-supereffective|p1a: Kingambit\n|-crit|p1a: Kingambit\n|-damage|p1a: Kingambit|0 fnt\n|-heal|p2a: Ceruledge|100\/100|[from] drain|[of] p1a: Kingambit\n|faint|p1a: Kingambit\n|-end|p1a: Kingambit|fallen5|[silent]\n|\n|win|nathanboss22\n|c| doublepomme|MAIS TU METS LEPHORIE QUI \u00c0 10 EN DEF SUR UN POKEMON PHYSIQUE SALE CON\n|l|\u2606Hultygoat\n|l|\u2606nathanboss22\n","uploadtime":1700412040,"views":14,"p1id":"hultygoat","p2id":"nathanboss22","formatid":"gen9ou","rating":0,"private":0,"password":""}