{"id":"gen9ou-1992537546","p1":"vyuiowe","p2":"Steez Ibanez","format":"[Gen 9] OU","log":"|j|\u2606vyuiowe\n|j|\u2606Steez Ibanez\n|t:|1700201701\n|gametype|singles\n|player|p1|vyuiowe|pokemonranger-gen4|1593\n|player|p2|Steez Ibanez|lance-gen2|1689\n|teamsize|p1|6\n|teamsize|p2|6\n|gen|9\n|tier|[Gen 9] OU\n|rated|\n|rule|Sleep Clause Mod: Limit one foe put to sleep\n|rule|Species Clause: Limit one of each Pok\u00e9mon\n|rule|OHKO Clause: OHKO moves are banned\n|rule|Evasion Items Clause: Evasion items are banned\n|rule|Evasion Moves Clause: Evasion moves are banned\n|rule|Endless Battle Clause: Forcing endless battles is banned\n|rule|HP Percentage Mod: HP is shown in percentages\n|clearpoke\n|poke|p1|Dondozo, F|\n|poke|p1|Clefable, F|\n|poke|p1|Dragapult, M|\n|poke|p1|Skeledirge, M|\n|poke|p1|Meowscarada, F|\n|poke|p1|Zapdos|\n|poke|p2|Dragapult, M|\n|poke|p2|Zapdos|\n|poke|p2|Iron Moth|\n|poke|p2|Ting-Lu|\n|poke|p2|Corviknight, M|\n|poke|p2|Iron Valiant|\n|teampreview\n|inactive|Battle timer is ON: inactive players will automatically lose when time's up. (requested by vyuiowe)\n|inactive|Steez Ibanez has 120 seconds left.\n|\n|t:|1700201757\n|start\n|switch|p1a: Clefable|Clefable, F|100\/100\n|switch|p2a: Midoriya|Iron Valiant|100\/100\n|turn|1\n|\n|t:|1700201771\n|-end|p2a: Midoriya|Quark Drive|[silent]\n|switch|p2a: Amaterasu|Iron Moth|100\/100\n|move|p1a: Clefable|Moonblast|p2a: Amaterasu\n|-resisted|p2a: Amaterasu\n|-damage|p2a: Amaterasu|93\/100\n|\n|upkeep\n|turn|2\n|\n|t:|1700201783\n|switch|p1a: Skeledirge|Skeledirge, M|100\/100\n|move|p2a: Amaterasu|Toxic Spikes|p1a: Skeledirge\n|-sidestart|p1: vyuiowe|move: Toxic Spikes\n|\n|upkeep\n|turn|3\n|\n|t:|1700201808\n|-end|p2a: Amaterasu|Quark Drive|[silent]\n|switch|p2a: Clicker|Ting-Lu|100\/100\n|-ability|p2a: Clicker|Vessel of Ruin\n|move|p1a: Skeledirge|Torch Song|p2a: Clicker\n|-damage|p2a: Clicker|88\/100\n|-boost|p1a: Skeledirge|spa|1\n|\n|-heal|p2a: Clicker|94\/100|[from] item: Leftovers\n|upkeep\n|turn|4\n|\n|t:|1700201823\n|move|p1a: Skeledirge|Will-O-Wisp|p2a: Clicker\n|-status|p2a: Clicker|brn\n|move|p2a: Clicker|Ruination|p1a: Skeledirge\n|-damage|p1a: Skeledirge|51\/100\n|\n|-heal|p2a: Clicker|99\/100 brn|[from] item: Leftovers\n|-damage|p2a: Clicker|94\/100 brn|[from] brn\n|upkeep\n|turn|5\n|\n|t:|1700201829\n|move|p1a: Skeledirge|Slack Off|p1a: Skeledirge\n|-heal|p1a: Skeledirge|100\/100\n|move|p2a: Clicker|Stealth Rock|p1a: Skeledirge\n|-sidestart|p1: vyuiowe|move: Stealth Rock\n|\n|-heal|p2a: Clicker|99\/100 brn|[from] item: Leftovers\n|-damage|p2a: Clicker|94\/100 brn|[from] brn\n|upkeep\n|turn|6\n|inactive|vyuiowe has 120 seconds left.\n|\n|t:|1700201858\n|switch|p1a: Meowscarada|Meowscarada, F|100\/100\n|move|p2a: Clicker|Ruination|p1a: Meowscarada\n|-damage|p1a: Meowscarada|51\/100\n|\n|-heal|p2a: Clicker|99\/100 brn|[from] item: Leftovers\n|-damage|p2a: Clicker|94\/100 brn|[from] brn\n|upkeep\n|turn|7\n|\n|t:|1700201865\n|switch|p2a: Zeus|Zapdos|100\/100\n|move|p1a: Meowscarada|Knock Off|p2a: Zeus\n|-damage|p2a: Zeus|60\/100\n|-enditem|p2a: Zeus|Heavy-Duty Boots|[from] move: Knock Off|[of] p1a: Meowscarada\n|\n|upkeep\n|turn|8\n|\n|t:|1700201870\n|switch|p1a: Zapdos|Zapdos|100\/100\n|move|p2a: Zeus|Roost|p2a: Zeus\n|-heal|p2a: Zeus|100\/100\n|-singleturn|p2a: Zeus|move: Roost\n|\n|upkeep\n|turn|9\n|\n|t:|1700201874\n|move|p2a: Zeus|Volt Switch|p1a: Zapdos\n|-damage|p1a: Zapdos|70\/100\n|\n|t:|1700201877\n|switch|p2a: Clicker|Ting-Lu|94\/100 brn|[from] Volt Switch\n|-ability|p2a: Clicker|Vessel of Ruin\n|move|p1a: Zapdos|Volt Switch|p2a: Clicker\n|-immune|p2a: Clicker\n|\n|-heal|p2a: Clicker|99\/100 brn|[from] item: Leftovers\n|-damage|p2a: Clicker|94\/100 brn|[from] brn\n|upkeep\n|turn|10\n|inactive|vyuiowe has 120 seconds left.\n|\n|t:|1700201919\n|switch|p1a: Clefable|Clefable, F|100\/100\n|-status|p1a: Clefable|psn\n|move|p2a: Clicker|Ruination|p1a: Clefable\n|-damage|p1a: Clefable|50\/100 psn\n|\n|-heal|p1a: Clefable|57\/100 psn|[from] item: Leftovers\n|-heal|p2a: Clicker|99\/100 brn|[from] item: Leftovers\n|-damage|p2a: Clicker|94\/100 brn|[from] brn\n|upkeep\n|turn|11\n|\n|t:|1700201927\n|switch|p2a: Amaterasu|Iron Moth|93\/100\n|move|p1a: Clefable|Stealth Rock|p2a: Amaterasu\n|-sidestart|p2: Steez Ibanez|move: Stealth Rock\n|\n|-heal|p1a: Clefable|63\/100 psn|[from] item: Leftovers\n|upkeep\n|turn|12\n|inactive|vyuiowe has 120 seconds left.\n|\n|t:|1700201940\n|switch|p1a: Skeledirge|Skeledirge, M|100\/100\n|move|p2a: Amaterasu|Sludge Wave|p1a: Skeledirge\n|-resisted|p1a: Skeledirge\n|-damage|p1a: Skeledirge|80\/100\n|\n|upkeep\n|turn|13\n|\n|t:|1700201943\n|-end|p2a: Amaterasu|Quark Drive|[silent]\n|switch|p2a: Midoriya|Iron Valiant|100\/100\n|move|p1a: Skeledirge|Torch Song|p2a: Midoriya\n|-damage|p2a: Midoriya|43\/100\n|-boost|p1a: Skeledirge|spa|1\n|\n|upkeep\n|turn|14\n|\n|t:|1700201947\n|move|p2a: Midoriya|Knock Off|p1a: Skeledirge\n|-supereffective|p1a: Skeledirge\n|-damage|p1a: Skeledirge|32\/100\n|-enditem|p1a: Skeledirge|Heavy-Duty Boots|[from] move: Knock Off|[of] p2a: Midoriya\n|move|p1a: Skeledirge|Torch Song|p2a: Midoriya\n|-damage|p2a: Midoriya|0 fnt\n|-boost|p1a: Skeledirge|spa|1\n|faint|p2a: Midoriya\n|-end|p2a: Midoriya|Quark Drive|[silent]\n|\n|upkeep\n|\n|t:|1700201950\n|switch|p2a: Toothless|Dragapult, M|100\/100\n|turn|15\n|\n|t:|1700201968\n|switch|p1a: Zapdos|Zapdos|70\/100\n|move|p2a: Toothless|Hex|p1a: Zapdos\n|-damage|p1a: Zapdos|43\/100\n|\n|upkeep\n|turn|16\n|\n|t:|1700201972\n|move|p2a: Toothless|Dragon Darts|p1a: Zapdos\n|-damage|p1a: Zapdos|27\/100\n|-anim|p2a: Toothless|Dragon Darts|p1a: Zapdos\n|-damage|p1a: Zapdos|9\/100\n|move|p1a: Zapdos|Roost|p1a: Zapdos\n|-heal|p1a: Zapdos|59\/100\n|-singleturn|p1a: Zapdos|move: Roost\n|\n|upkeep\n|turn|17\n|\n|t:|1700201977\n|switch|p2a: Amaterasu|Iron Moth|93\/100\n|move|p1a: Zapdos|Roost|p1a: Zapdos\n|-heal|p1a: Zapdos|100\/100\n|-singleturn|p1a: Zapdos|move: Roost\n|\n|upkeep\n|turn|18\n|\n|t:|1700201984\n|move|p2a: Amaterasu|Sludge Wave|p1a: Zapdos\n|-damage|p1a: Zapdos|44\/100\n|move|p1a: Zapdos|Thunder Wave|p2a: Amaterasu|[miss]\n|-miss|p1a: Zapdos|p2a: Amaterasu\n|\n|upkeep\n|turn|19\n|\n|t:|1700201991\n|move|p2a: Amaterasu|Sludge Wave|p1a: Zapdos\n|-damage|p1a: Zapdos|0 fnt\n|faint|p1a: Zapdos\n|\n|upkeep\n|j| My Occult Deck\n|\n|t:|1700202009\n|switch|p1a: Dragapult|Dragapult, M|100\/100\n|turn|20\n|\n|t:|1700202014\n|move|p1a: Dragapult|Dragon Darts|p2a: Amaterasu\n|-damage|p2a: Amaterasu|53\/100\n|-anim|p1a: Dragapult|Dragon Darts|p2a: Amaterasu\n|-damage|p2a: Amaterasu|17\/100\n|move|p2a: Amaterasu|Sludge Wave|p1a: Dragapult\n|-resisted|p1a: Dragapult\n|-damage|p1a: Dragapult|66\/100\n|\n|upkeep\n|turn|21\n|\n|t:|1700202019\n|-end|p2a: Amaterasu|Quark Drive|[silent]\n|switch|p2a: Dick Grayson|Corviknight, M|100\/100\n|-damage|p2a: Dick Grayson|88\/100|[from] Stealth Rock\n|-ability|p2a: Dick Grayson|Pressure\n|move|p1a: Dragapult|Dragon Darts|p2a: Dick Grayson\n|-resisted|p2a: Dick Grayson\n|-damage|p2a: Dick Grayson|81\/100\n|-anim|p1a: Dragapult|Dragon Darts|p2a: Dick Grayson\n|-resisted|p2a: Dick Grayson\n|-damage|p2a: Dick Grayson|75\/100\n|\n|-heal|p2a: Dick Grayson|81\/100|[from] item: Leftovers\n|upkeep\n|turn|22\n|\n|t:|1700202024\n|move|p1a: Dragapult|Will-O-Wisp|p2a: Dick Grayson|[miss]\n|-miss|p1a: Dragapult|p2a: Dick Grayson\n|move|p2a: Dick Grayson|Brave Bird|p1a: Dragapult\n|-damage|p1a: Dragapult|13\/100\n|-damage|p2a: Dick Grayson|68\/100|[from] Recoil\n|\n|-heal|p2a: Dick Grayson|74\/100|[from] item: Leftovers\n|upkeep\n|turn|23\n|\n|t:|1700202028\n|move|p1a: Dragapult|Will-O-Wisp|p2a: Dick Grayson\n|-status|p2a: Dick Grayson|brn\n|move|p2a: Dick Grayson|Brave Bird|p1a: Dragapult\n|-damage|p1a: Dragapult|0 fnt\n|faint|p1a: Dragapult\n|-damage|p2a: Dick Grayson|70\/100 brn|[from] Recoil\n|\n|-heal|p2a: Dick Grayson|77\/100 brn|[from] item: Leftovers\n|-damage|p2a: Dick Grayson|70\/100 brn|[from] brn\n|upkeep\n|\n|t:|1700202033\n|switch|p1a: Skeledirge|Skeledirge, M|32\/100\n|-status|p1a: Skeledirge|psn\n|-damage|p1a: Skeledirge|7\/100 psn|[from] Stealth Rock\n|turn|24\n|\n|t:|1700202037\n|move|p1a: Skeledirge|Slack Off|p1a: Skeledirge\n|-heal|p1a: Skeledirge|57\/100 psn\n|move|p2a: Dick Grayson|Brave Bird|p1a: Skeledirge\n|-damage|p1a: Skeledirge|41\/100 psn\n|-damage|p2a: Dick Grayson|65\/100 brn|[from] Recoil\n|\n|-heal|p2a: Dick Grayson|71\/100 brn|[from] item: Leftovers\n|-damage|p1a: Skeledirge|28\/100 psn|[from] psn\n|-damage|p2a: Dick Grayson|65\/100 brn|[from] brn\n|upkeep\n|turn|25\n|c|\u2606vyuiowe|i kinda forgot i got knocked when i sacked zap lol\n|\n|t:|1700202046\n|move|p1a: Skeledirge|Slack Off|p1a: Skeledirge\n|-heal|p1a: Skeledirge|78\/100 psn\n|move|p2a: Dick Grayson|U-turn|p1a: Skeledirge\n|-resisted|p1a: Skeledirge\n|-damage|p1a: Skeledirge|77\/100 psn\n|\n|t:|1700202048\n|switch|p2a: Toothless|Dragapult, M|100\/100|[from] U-turn\n|\n|-damage|p1a: Skeledirge|64\/100 psn|[from] psn\n|upkeep\n|turn|26\n|\n|t:|1700202052\n|move|p2a: Toothless|Hex|p1a: Skeledirge\n|-supereffective|p1a: Skeledirge\n|-damage|p1a: Skeledirge|0 fnt\n|faint|p1a: Skeledirge\n|\n|upkeep\n|\n|t:|1700202055\n|switch|p1a: Meowscarada|Meowscarada, F|51\/100\n|turn|27\n|\n|t:|1700202062\n|switch|p1a: Clefable|Clefable, F|63\/100 psn\n|move|p2a: Toothless|U-turn|p1a: Clefable\n|-resisted|p1a: Clefable\n|-damage|p1a: Clefable|54\/100 psn\n|\n|t:|1700202064\n|switch|p2a: Amaterasu|Iron Moth|17\/100|[from] U-turn\n|\n|-heal|p1a: Clefable|60\/100 psn|[from] item: Leftovers\n|upkeep\n|turn|28\n|\n|t:|1700202076\n|move|p2a: Amaterasu|Morning Sun|p2a: Amaterasu\n|-heal|p2a: Amaterasu|67\/100\n|move|p1a: Clefable|Knock Off|p2a: Amaterasu\n|-damage|p2a: Amaterasu|42\/100\n|-enditem|p2a: Amaterasu|Heavy-Duty Boots|[from] move: Knock Off|[of] p1a: Clefable\n|\n|-heal|p1a: Clefable|66\/100 psn|[from] item: Leftovers\n|upkeep\n|turn|29\n|\n|t:|1700202085\n|move|p2a: Amaterasu|Sludge Wave|p1a: Clefable\n|-supereffective|p1a: Clefable\n|-damage|p1a: Clefable|0 fnt\n|faint|p1a: Clefable\n|\n|upkeep\n|\n|t:|1700202114\n|switch|p1a: Meowscarada|Meowscarada, F|51\/100\n|turn|30\n|\n|t:|1700202116\n|move|p1a: Meowscarada|Knock Off|p2a: Amaterasu\n|-damage|p2a: Amaterasu|0 fnt\n|faint|p2a: Amaterasu\n|-end|p2a: Amaterasu|Quark Drive|[silent]\n|\n|upkeep\n|\n|t:|1700202119\n|switch|p2a: Toothless|Dragapult, M|100\/100\n|turn|31\n|\n|t:|1700202130\n|move|p2a: Toothless|Dragon Darts|p1a: Meowscarada\n|-damage|p1a: Meowscarada|17\/100\n|-anim|p2a: Toothless|Dragon Darts|p1a: Meowscarada\n|-damage|p1a: Meowscarada|0 fnt\n|faint|p1a: Meowscarada\n|\n|upkeep\n|\n|t:|1700202133\n|switch|p1a: Dondozo|Dondozo, F|100\/100\n|turn|32\n|\n|t:|1700202136\n|move|p2a: Toothless|Thunder Wave|p1a: Dondozo\n|-status|p1a: Dondozo|par\n|move|p1a: Dondozo|Curse|p1a: Dondozo\n|-unboost|p1a: Dondozo|spe|1\n|-boost|p1a: Dondozo|atk|1\n|-boost|p1a: Dondozo|def|1\n|\n|upkeep\n|turn|33\n|\n|t:|1700202138\n|move|p2a: Toothless|Hex|p1a: Dondozo\n|-damage|p1a: Dondozo|66\/100 par\n|move|p1a: Dondozo|Curse|p1a: Dondozo\n|-unboost|p1a: Dondozo|spe|1\n|-boost|p1a: Dondozo|atk|1\n|-boost|p1a: Dondozo|def|1\n|\n|upkeep\n|turn|34\n|\n|t:|1700202141\n|move|p2a: Toothless|Hex|p1a: Dondozo\n|-damage|p1a: Dondozo|34\/100 par\n|move|p1a: Dondozo|Avalanche|p2a: Toothless\n|-supereffective|p2a: Toothless\n|-damage|p2a: Toothless|0 fnt\n|faint|p2a: Toothless\n|\n|upkeep\n|\n|t:|1700202144\n|switch|p2a: Zeus|Zapdos|100\/100\n|-damage|p2a: Zeus|75\/100|[from] Stealth Rock\n|turn|35\n|\n|t:|1700202149\n|-terastallize|p1a: Dondozo|Dragon\n|move|p2a: Zeus|Volt Switch|p1a: Dondozo\n|-resisted|p1a: Dondozo\n|-damage|p1a: Dondozo|25\/100 par\n|\n|t:|1700202154\n|switch|p2a: Dick Grayson|Corviknight, M|65\/100 brn|[from] Volt Switch\n|-damage|p2a: Dick Grayson|52\/100 brn|[from] Stealth Rock\n|-ability|p2a: Dick Grayson|Pressure\n|move|p1a: Dondozo|Rest|p1a: Dondozo\n|-status|p1a: Dondozo|slp|[from] move: Rest\n|-heal|p1a: Dondozo|100\/100 slp|[silent]\n|\n|-heal|p2a: Dick Grayson|59\/100 brn|[from] item: Leftovers\n|-damage|p2a: Dick Grayson|52\/100 brn|[from] brn\n|upkeep\n|turn|36\n|\n|t:|1700202156\n|move|p2a: Dick Grayson|U-turn|p1a: Dondozo\n|-damage|p1a: Dondozo|99\/100 slp\n|\n|t:|1700202159\n|switch|p2a: Clicker|Ting-Lu|94\/100 brn|[from] U-turn\n|-damage|p2a: Clicker|88\/100 brn|[from] Stealth Rock\n|-ability|p2a: Clicker|Vessel of Ruin\n|cant|p1a: Dondozo|slp\n|\n|-heal|p2a: Clicker|94\/100 brn|[from] item: Leftovers\n|-damage|p2a: Clicker|88\/100 brn|[from] brn\n|upkeep\n|turn|37\n|\n|t:|1700202170\n|move|p2a: Clicker|Ruination|p1a: Dondozo\n|-damage|p1a: Dondozo|50\/100 slp\n|cant|p1a: Dondozo|slp\n|\n|-heal|p2a: Clicker|94\/100 brn|[from] item: Leftovers\n|-damage|p2a: Clicker|88\/100 brn|[from] brn\n|upkeep\n|turn|38\n|\n|t:|1700202174\n|move|p2a: Clicker|Ruination|p1a: Dondozo|[miss]\n|-miss|p2a: Clicker|p1a: Dondozo\n|-curestatus|p1a: Dondozo|slp|[msg]\n|move|p1a: Dondozo|Curse|p1a: Dondozo\n|-unboost|p1a: Dondozo|spe|1\n|-boost|p1a: Dondozo|atk|1\n|-boost|p1a: Dondozo|def|1\n|\n|-heal|p2a: Clicker|94\/100 brn|[from] item: Leftovers\n|-damage|p2a: Clicker|88\/100 brn|[from] brn\n|upkeep\n|turn|39\n|\n|t:|1700202177\n|move|p2a: Clicker|Ruination|p1a: Dondozo\n|-damage|p1a: Dondozo|25\/100\n|move|p1a: Dondozo|Avalanche|p2a: Clicker\n|-supereffective|p2a: Clicker\n|-damage|p2a: Clicker|8\/100 brn\n|\n|-heal|p2a: Clicker|14\/100 brn|[from] item: Leftovers\n|-damage|p2a: Clicker|8\/100 brn|[from] brn\n|upkeep\n|turn|40\n|\n|t:|1700202183\n|move|p2a: Clicker|Earthquake|p1a: Dondozo\n|-damage|p1a: Dondozo|20\/100\n|move|p1a: Dondozo|Rest|p1a: Dondozo\n|-status|p1a: Dondozo|slp|[from] move: Rest\n|-heal|p1a: Dondozo|100\/100 slp|[silent]\n|\n|-heal|p2a: Clicker|14\/100 brn|[from] item: Leftovers\n|-damage|p2a: Clicker|8\/100 brn|[from] brn\n|upkeep\n|turn|41\n|\n|t:|1700202189\n|move|p2a: Clicker|Ruination|p1a: Dondozo\n|-damage|p1a: Dondozo|50\/100 slp\n|cant|p1a: Dondozo|slp\n|\n|-heal|p2a: Clicker|14\/100 brn|[from] item: Leftovers\n|-damage|p2a: Clicker|8\/100 brn|[from] brn\n|upkeep\n|turn|42\n|\n|t:|1700202192\n|move|p2a: Clicker|Ruination|p1a: Dondozo\n|-damage|p1a: Dondozo|25\/100 slp\n|cant|p1a: Dondozo|slp\n|\n|-heal|p2a: Clicker|14\/100 brn|[from] item: Leftovers\n|-damage|p2a: Clicker|8\/100 brn|[from] brn\n|upkeep\n|turn|43\n|\n|t:|1700202196\n|move|p2a: Clicker|Earthquake|p1a: Dondozo\n|-damage|p1a: Dondozo|21\/100 slp\n|-curestatus|p1a: Dondozo|slp|[msg]\n|move|p1a: Dondozo|Rest|p1a: Dondozo\n|-status|p1a: Dondozo|slp|[from] move: Rest\n|-heal|p1a: Dondozo|100\/100 slp|[silent]\n|\n|-heal|p2a: Clicker|14\/100 brn|[from] item: Leftovers\n|-damage|p2a: Clicker|8\/100 brn|[from] brn\n|upkeep\n|turn|44\n|\n|t:|1700202198\n|move|p2a: Clicker|Ruination|p1a: Dondozo\n|-damage|p1a: Dondozo|50\/100 slp\n|cant|p1a: Dondozo|slp\n|\n|-heal|p2a: Clicker|14\/100 brn|[from] item: Leftovers\n|-damage|p2a: Clicker|8\/100 brn|[from] brn\n|upkeep\n|turn|45\n|\n|t:|1700202201\n|move|p2a: Clicker|Ruination|p1a: Dondozo\n|-damage|p1a: Dondozo|25\/100 slp\n|cant|p1a: Dondozo|slp\n|\n|-heal|p2a: Clicker|14\/100 brn|[from] item: Leftovers\n|-damage|p2a: Clicker|8\/100 brn|[from] brn\n|upkeep\n|turn|46\n|\n|t:|1700202203\n|move|p2a: Clicker|Earthquake|p1a: Dondozo\n|-damage|p1a: Dondozo|21\/100 slp\n|-curestatus|p1a: Dondozo|slp|[msg]\n|move|p1a: Dondozo|Rest|p1a: Dondozo\n|-status|p1a: Dondozo|slp|[from] move: Rest\n|-heal|p1a: Dondozo|100\/100 slp|[silent]\n|\n|-heal|p2a: Clicker|14\/100 brn|[from] item: Leftovers\n|-damage|p2a: Clicker|8\/100 brn|[from] brn\n|upkeep\n|turn|47\n|\n|t:|1700202205\n|move|p2a: Clicker|Ruination|p1a: Dondozo\n|-damage|p1a: Dondozo|50\/100 slp\n|cant|p1a: Dondozo|slp\n|\n|-heal|p2a: Clicker|14\/100 brn|[from] item: Leftovers\n|-damage|p2a: Clicker|8\/100 brn|[from] brn\n|upkeep\n|turn|48\n|\n|t:|1700202212\n|switch|p2a: Zeus|Zapdos|75\/100\n|-damage|p2a: Zeus|50\/100|[from] Stealth Rock\n|cant|p1a: Dondozo|slp\n|\n|upkeep\n|turn|49\n|\n|t:|1700202219\n|-terastallize|p2a: Zeus|Fairy\n|move|p2a: Zeus|Hurricane|p1a: Dondozo|[miss]\n|-miss|p2a: Zeus|p1a: Dondozo\n|-curestatus|p1a: Dondozo|slp|[msg]\n|move|p1a: Dondozo|Avalanche|p2a: Zeus\n|-damage|p2a: Zeus|17\/100\n|-status|p1a: Dondozo|par|[from] ability: Static|[of] p2a: Zeus\n|\n|upkeep\n|turn|50\n|j| pertpert\n|\n|t:|1700202237\n|move|p2a: Zeus|Roost|p2a: Zeus\n|-heal|p2a: Zeus|67\/100\n|move|p1a: Dondozo|Earthquake|p2a: Zeus\n|-damage|p2a: Zeus|12\/100\n|\n|upkeep\n|turn|51\n|\n|t:|1700202247\n|move|p2a: Zeus|Roost|p2a: Zeus\n|-heal|p2a: Zeus|62\/100\n|cant|p1a: Dondozo|par\n|\n|upkeep\n|turn|52\n|\n|t:|1700202266\n|move|p2a: Zeus|Hurricane|p1a: Dondozo\n|-damage|p1a: Dondozo|22\/100 par\n|move|p1a: Dondozo|Rest|p1a: Dondozo\n|-status|p1a: Dondozo|slp|[from] move: Rest\n|-heal|p1a: Dondozo|100\/100 slp|[silent]\n|\n|upkeep\n|turn|53\n|\n|t:|1700202270\n|move|p2a: Zeus|Hurricane|p1a: Dondozo\n|-damage|p1a: Dondozo|72\/100 slp\n|cant|p1a: Dondozo|slp\n|\n|upkeep\n|turn|54\n|\n|t:|1700202274\n|move|p2a: Zeus|Hurricane|p1a: Dondozo\n|-damage|p1a: Dondozo|43\/100 slp\n|cant|p1a: Dondozo|slp\n|\n|upkeep\n|turn|55\n|\n|t:|1700202277\n|move|p2a: Zeus|Hurricane|p1a: Dondozo\n|-damage|p1a: Dondozo|15\/100 slp\n|-curestatus|p1a: Dondozo|slp|[msg]\n|move|p1a: Dondozo|Avalanche|p2a: Zeus\n|-damage|p2a: Zeus|0 fnt\n|-status|p1a: Dondozo|par|[from] ability: Static|[of] p2a: Zeus\n|faint|p2a: Zeus\n|\n|upkeep\n|\n|t:|1700202286\n|switch|p2a: Dick Grayson|Corviknight, M|52\/100 brn\n|-damage|p2a: Dick Grayson|40\/100 brn|[from] Stealth Rock\n|-ability|p2a: Dick Grayson|Pressure\n|turn|56\n|\n|t:|1700202288\n|move|p2a: Dick Grayson|Iron Head|p1a: Dondozo\n|-damage|p1a: Dondozo|12\/100 par\n|cant|p1a: Dondozo|flinch\n|\n|-heal|p2a: Dick Grayson|46\/100 brn|[from] item: Leftovers\n|-damage|p2a: Dick Grayson|40\/100 brn|[from] brn\n|upkeep\n|turn|57\n|\n|t:|1700202293\n|move|p2a: Dick Grayson|Iron Head|p1a: Dondozo\n|-damage|p1a: Dondozo|8\/100 par\n|move|p1a: Dondozo|Rest|p1a: Dondozo\n|-status|p1a: Dondozo|slp|[from] move: Rest\n|-heal|p1a: Dondozo|100\/100 slp|[silent]\n|\n|-heal|p2a: Dick Grayson|46\/100 brn|[from] item: Leftovers\n|-damage|p2a: Dick Grayson|40\/100 brn|[from] brn\n|upkeep\n|turn|58\n|-message|Steez Ibanez forfeited.\n|\n|win|vyuiowe\n|raw|vyuiowe's rating: 1607 &rarr; <strong>1632<\/strong><br \/>(+25 for winning)\n|raw|Steez Ibanez's rating: 1689 &rarr; <strong>1664<\/strong><br \/>(-25 for losing)\n|l|\u2606Steez Ibanez\n","uploadtime":1700202300,"views":33,"p1id":"vyuiowe","p2id":"steezibanez","formatid":"gen9ou","rating":1632,"private":0,"password":""}