{"id":"gen9ou-1995182286","p1":"Winterbub","p2":"DivineGabriel","format":"[Gen 9] OU","log":"|j|\u2606Winterbub\n|j|\u2606DivineGabriel\n|t:|1700531804\n|gametype|singles\n|player|p1|Winterbub|ballguy|1627\n|player|p2|DivineGabriel|rye|1758\n|teamsize|p1|6\n|teamsize|p2|6\n|gen|9\n|tier|[Gen 9] OU\n|rated|\n|rule|Sleep Clause Mod: Limit one foe put to sleep\n|rule|Species Clause: Limit one of each Pok\u00e9mon\n|rule|OHKO Clause: OHKO moves are banned\n|rule|Evasion Items Clause: Evasion items are banned\n|rule|Evasion Moves Clause: Evasion moves are banned\n|rule|Endless Battle Clause: Forcing endless battles is banned\n|rule|HP Percentage Mod: HP is shown in percentages\n|clearpoke\n|poke|p1|Glimmora, F|\n|poke|p1|Greninja-*, M|\n|poke|p1|Iron Valiant|\n|poke|p1|Dragonite, F|\n|poke|p1|Kingambit, F|\n|poke|p1|Iron Moth|\n|poke|p2|Typhlosion-Hisui, M|\n|poke|p2|Great Tusk|\n|poke|p2|Torkoal, F|\n|poke|p2|Walking Wake|\n|poke|p2|Hatterene, F|\n|poke|p2|Meowscarada, F|\n|teampreview\n|inactive|Battle timer is ON: inactive players will automatically lose when time's up. (requested by Winterbub)\n|\n|t:|1700531811\n|start\n|switch|p1a: Glimmora|Glimmora, F|100\/100\n|switch|p2a: Walking Wake|Walking Wake|100\/100\n|turn|1\n|\n|t:|1700531814\n|-end|p2a: Walking Wake|Protosynthesis|[silent]\n|switch|p2a: Hatterene|Hatterene, F|100\/100\n|move|p1a: Glimmora|Power Gem|p2a: Hatterene\n|-damage|p2a: Hatterene|58\/100\n|-enditem|p2a: Hatterene|Eject Button\n|\n|t:|1700531816\n|switch|p2a: Walking Wake|Walking Wake|100\/100\n|\n|upkeep\n|turn|2\n|\n|t:|1700531820\n|-end|p2a: Walking Wake|Protosynthesis|[silent]\n|switch|p2a: Hatterene|Hatterene, F|58\/100\n|move|p1a: Glimmora|Power Gem|p2a: Hatterene\n|-damage|p2a: Hatterene|21\/100\n|\n|upkeep\n|turn|3\n|\n|t:|1700531825\n|switch|p2a: Torkoal|Torkoal, F|100\/100\n|-weather|SunnyDay|[from] ability: Drought|[of] p2a: Torkoal\n|move|p1a: Glimmora|Power Gem|p2a: Torkoal\n|-supereffective|p2a: Torkoal\n|-crit|p2a: Torkoal\n|-damage|p2a: Torkoal|0 fnt\n|faint|p2a: Torkoal\n|\n|-weather|SunnyDay|[upkeep]\n|upkeep\n|c|\u2606Winterbub|lol\n|\n|t:|1700531826\n|switch|p2a: Walking Wake|Walking Wake|100\/100\n|-activate|p2a: Walking Wake|ability: Protosynthesis\n|-start|p2a: Walking Wake|protosynthesisspe\n|turn|4\n|\n|t:|1700531834\n|move|p2a: Walking Wake|Hydro Steam|p1a: Glimmora\n|-supereffective|p1a: Glimmora\n|-enditem|p1a: Glimmora|Focus Sash\n|-damage|p1a: Glimmora|1\/100\n|move|p1a: Glimmora|Power Gem|p2a: Walking Wake\n|-damage|p2a: Walking Wake|54\/100\n|\n|-weather|SunnyDay|[upkeep]\n|upkeep\n|turn|5\n|c|\u2606DivineGabriel|r u not rocks\n|c|\u2606Winterbub|i am im just not dumvb\n|\n|t:|1700531850\n|move|p2a: Walking Wake|Hydro Steam|p1a: Glimmora\n|-supereffective|p1a: Glimmora\n|-damage|p1a: Glimmora|0 fnt\n|faint|p1a: Glimmora\n|\n|-weather|SunnyDay|[upkeep]\n|upkeep\n|\n|t:|1700531869\n|switch|p1a: Iron Valiant|Iron Valiant|100\/100\n|-enditem|p1a: Iron Valiant|Booster Energy\n|-activate|p1a: Iron Valiant|ability: Quark Drive|[fromitem]\n|-start|p1a: Iron Valiant|quarkdrivespe\n|turn|6\n|\n|t:|1700531878\n|-terastallize|p2a: Walking Wake|Water\n|move|p1a: Iron Valiant|Moonblast|p2a: Walking Wake\n|-damage|p2a: Walking Wake|0 fnt\n|faint|p2a: Walking Wake\n|-end|p2a: Walking Wake|Protosynthesis|[silent]\n|\n|-weather|SunnyDay|[upkeep]\n|upkeep\n|\n|t:|1700531887\n|switch|p2a: Typhlosion|Typhlosion-Hisui, M|100\/100\n|turn|7\n|\n|t:|1700531891\n|move|p1a: Iron Valiant|Shadow Ball|p2a: Typhlosion\n|-supereffective|p2a: Typhlosion\n|-damage|p2a: Typhlosion|27\/100\n|move|p2a: Typhlosion|Flamethrower|p1a: Iron Valiant\n|-damage|p1a: Iron Valiant|0 fnt\n|faint|p1a: Iron Valiant\n|-end|p1a: Iron Valiant|Quark Drive|[silent]\n|\n|-weather|SunnyDay|[upkeep]\n|upkeep\n|-message|DivineGabriel forfeited.\n|\n|win|Winterbub\n|raw|Winterbub's rating: 1627 &rarr; <strong>1654<\/strong><br \/>(+27 for winning)\n|raw|DivineGabriel's rating: 1758 &rarr; <strong>1731<\/strong><br \/>(-27 for losing)\n|l|\u2606DivineGabriel\n|c|\u2606Winterbub|nt\n|c|\u2606Winterbub|noov\n","uploadtime":1700531909,"views":19,"p1id":"winterbub","p2id":"divinegabriel","formatid":"gen9ou","rating":1654,"private":0,"password":""}