{"id":"gen9ou-1992657393","p1":"DogTheSuperior","p2":"TeamYourNoobs","format":"[Gen 9] OU","log":"|j|\u2606DogTheSuperior\n|j|\u2606TeamYourNoobs\n|t:|1700221398\n|gametype|singles\n|player|p1|DogTheSuperior|2|1111\n|player|p2|TeamYourNoobs|265|1060\n|teamsize|p1|6\n|teamsize|p2|6\n|gen|9\n|tier|[Gen 9] OU\n|rated|\n|rule|Sleep Clause Mod: Limit one foe put to sleep\n|rule|Species Clause: Limit one of each Pok\u00e9mon\n|rule|OHKO Clause: OHKO moves are banned\n|rule|Evasion Items Clause: Evasion items are banned\n|rule|Evasion Moves Clause: Evasion moves are banned\n|rule|Endless Battle Clause: Forcing endless battles is banned\n|rule|HP Percentage Mod: HP is shown in percentages\n|clearpoke\n|poke|p1|Walking Wake|\n|poke|p1|Samurott-Hisui, M|\n|poke|p1|Great Tusk|\n|poke|p1|Iron Moth|\n|poke|p1|Sneasler, M|\n|poke|p1|Pincurchin, M|\n|poke|p2|Dragapult, F|\n|poke|p2|Garchomp, M|\n|poke|p2|Gholdengo|\n|poke|p2|Cinderace, F|\n|poke|p2|Glimmora, F|\n|poke|p2|Ogerpon-Wellspring, F|\n|teampreview\n|inactive|Battle timer is ON: inactive players will automatically lose when time's up. (requested by TeamYourNoobs)\n|inactive|DogTheSuperior also wants the timer to be on.\n|\n|t:|1700221414\n|start\n|switch|p1a: Samurott|Samurott-Hisui, M|100\/100\n|switch|p2a: Cinderace|Cinderace, F|100\/100\n|turn|1\n|\n|t:|1700221421\n|move|p1a: Samurott|Aqua Jet|p2a: Cinderace\n|-supereffective|p2a: Cinderace\n|-damage|p2a: Cinderace|47\/100\n|move|p2a: Cinderace|Reversal|p1a: Samurott\n|-start|p2a: Cinderace|typechange|Fighting|[from] ability: Libero\n|-supereffective|p1a: Samurott\n|-damage|p1a: Samurott|51\/100\n|\n|upkeep\n|turn|2\n|\n|t:|1700221428\n|move|p1a: Samurott|Aqua Jet|p2a: Cinderace\n|-damage|p2a: Cinderace|19\/100\n|move|p2a: Cinderace|Reversal|p1a: Samurott\n|-supereffective|p1a: Samurott\n|-damage|p1a: Samurott|0 fnt\n|faint|p1a: Samurott\n|\n|upkeep\n|\n|t:|1700221436\n|switch|p1a: Pincurchin|Pincurchin, M|100\/100\n|-fieldstart|move: Electric Terrain|[from] ability: Electric Surge|[of] p1a: Pincurchin\n|turn|3\n|\n|t:|1700221455\n|switch|p2a: Garchomp|Garchomp, M|100\/100\n|move|p1a: Pincurchin|Toxic Spikes|p2a: Garchomp\n|-sidestart|p2: TeamYourNoobs|move: Toxic Spikes\n|\n|upkeep\n|turn|4\n|\n|t:|1700221474\n|move|p2a: Garchomp|Stealth Rock|p1a: Pincurchin\n|-sidestart|p1: DogTheSuperior|move: Stealth Rock\n|move|p1a: Pincurchin|Toxic Spikes|p2a: Garchomp\n|-sidestart|p2: TeamYourNoobs|move: Toxic Spikes\n|\n|upkeep\n|turn|5\n|\n|t:|1700221482\n|move|p2a: Garchomp|Earthquake|p1a: Pincurchin\n|-supereffective|p1a: Pincurchin\n|-damage|p1a: Pincurchin|26\/100\n|move|p1a: Pincurchin|Thunder Wave|p2a: Garchomp\n|-immune|p2a: Garchomp\n|\n|upkeep\n|turn|6\n|\n|t:|1700221508\n|move|p2a: Garchomp|Spikes|p1a: Pincurchin\n|-sidestart|p1: DogTheSuperior|Spikes\n|move|p1a: Pincurchin|Memento|p2a: Garchomp\n|-unboost|p2a: Garchomp|atk|2\n|-unboost|p2a: Garchomp|spa|2\n|faint|p1a: Pincurchin\n|\n|upkeep\n|\n|t:|1700221514\n|switch|p1a: Great Tusk|Great Tusk|100\/100\n|-damage|p1a: Great Tusk|98\/100|[from] Stealth Rock\n|-damage|p1a: Great Tusk|85\/100|[from] Spikes\n|-enditem|p1a: Great Tusk|Booster Energy\n|-activate|p1a: Great Tusk|ability: Protosynthesis|[fromitem]\n|-start|p1a: Great Tusk|protosynthesisatk\n|turn|7\n|\n|t:|1700221526\n|move|p1a: Great Tusk|Rapid Spin|p2a: Garchomp\n|-damage|p2a: Garchomp|82\/100\n|-boost|p1a: Great Tusk|spe|1\n|-damage|p1a: Great Tusk|73\/100|[from] ability: Rough Skin|[of] p2a: Garchomp\n|-damage|p1a: Great Tusk|56\/100|[from] item: Rocky Helmet|[of] p2a: Garchomp\n|-sideend|p1: DogTheSuperior|Spikes|[from] move: Rapid Spin|[of] p1a: Great Tusk\n|-sideend|p1: DogTheSuperior|Stealth Rock|[from] move: Rapid Spin|[of] p1a: Great Tusk\n|move|p2a: Garchomp|Dragon Tail|p1a: Great Tusk\n|-damage|p1a: Great Tusk|47\/100\n|-end|p1a: Great Tusk|Protosynthesis|[silent]\n|drag|p1a: Sneasler|Sneasler, M|100\/100\n|-enditem|p1a: Sneasler|Electric Seed\n|-boost|p1a: Sneasler|def|1|[from] item: Electric Seed\n|\n|upkeep\n|turn|8\n|inactive|DogTheSuperior has 120 seconds left.\n|\n|t:|1700221542\n|move|p1a: Sneasler|Fake Out|p2a: Garchomp\n|-damage|p2a: Garchomp|69\/100\n|-damage|p1a: Sneasler|88\/100|[from] ability: Rough Skin|[of] p2a: Garchomp\n|-damage|p1a: Sneasler|72\/100|[from] item: Rocky Helmet|[of] p2a: Garchomp\n|cant|p2a: Garchomp|flinch\n|\n|upkeep\n|turn|9\n|\n|t:|1700221550\n|move|p1a: Sneasler|Acrobatics|p2a: Garchomp\n|-damage|p2a: Garchomp|35\/100\n|-damage|p1a: Sneasler|59\/100|[from] ability: Rough Skin|[of] p2a: Garchomp\n|-damage|p1a: Sneasler|43\/100|[from] item: Rocky Helmet|[of] p2a: Garchomp\n|move|p2a: Garchomp|Dragon Tail|p1a: Sneasler\n|-damage|p1a: Sneasler|29\/100\n|drag|p1a: Iron Moth|Iron Moth|100\/100\n|-activate|p1a: Iron Moth|ability: Quark Drive\n|-start|p1a: Iron Moth|quarkdrivespa\n|\n|upkeep\n|turn|10\n|inactive|DogTheSuperior has 120 seconds left.\n|\n|t:|1700221569\n|switch|p2a: Glimmora|Glimmora, F|100\/100\n|-sideend|p2: TeamYourNoobs|move: Toxic Spikes|[of] p2a: Glimmora\n|move|p1a: Iron Moth|Fiery Dance|p2a: Glimmora\n|-resisted|p2a: Glimmora\n|-damage|p2a: Glimmora|57\/100\n|-boost|p1a: Iron Moth|spa|1\n|\n|-fieldend|move: Electric Terrain\n|-end|p1a: Iron Moth|Quark Drive\n|upkeep\n|-enditem|p1a: Iron Moth|Booster Energy\n|-activate|p1a: Iron Moth|ability: Quark Drive|[fromitem]\n|-start|p1a: Iron Moth|quarkdrivespa\n|turn|11\n|inactive|DogTheSuperior has 120 seconds left.\n|\n|t:|1700221582\n|move|p1a: Iron Moth|Fiery Dance|p2a: Glimmora\n|-resisted|p2a: Glimmora\n|-damage|p2a: Glimmora|0 fnt\n|faint|p2a: Glimmora\n|\n|upkeep\n|\n|t:|1700221590\n|switch|p2a: Ogerpon|Ogerpon-Wellspring, F|100\/100\n|turn|12\n|\n|t:|1700221601\n|move|p2a: Ogerpon|Ivy Cudgel|p1a: Iron Moth|[anim] Ivy Cudgel Water\n|-supereffective|p1a: Iron Moth\n|-damage|p1a: Iron Moth|0 fnt\n|faint|p1a: Iron Moth\n|-end|p1a: Iron Moth|Quark Drive|[silent]\n|\n|upkeep\n|\n|t:|1700221609\n|switch|p1a: Walking Wake|Walking Wake|100\/100\n|-enditem|p1a: Walking Wake|Booster Energy\n|-activate|p1a: Walking Wake|ability: Protosynthesis|[fromitem]\n|-start|p1a: Walking Wake|protosynthesisspa\n|turn|13\n|l|\u2606DogTheSuperior\n|inactive|DogTheSuperior disconnected and has a minute to reconnect!\n|player|p1|\n|j|\u2606DogTheSuperior\n|inactive|DogTheSuperior reconnected and has 115 seconds left.\n|player|p1|DogTheSuperior|2\n|\n|t:|1700221637\n|-terastallize|p1a: Walking Wake|Fire\n|move|p2a: Ogerpon|Horn Leech|p1a: Walking Wake\n|-resisted|p1a: Walking Wake\n|-damage|p1a: Walking Wake|75\/100\n|move|p1a: Walking Wake|Flamethrower|p2a: Ogerpon\n|-damage|p2a: Ogerpon|31\/100\n|\n|upkeep\n|turn|14\n|\n|t:|1700221647\n|move|p2a: Ogerpon|Ivy Cudgel|p1a: Walking Wake|[anim] Ivy Cudgel Water\n|-supereffective|p1a: Walking Wake\n|-damage|p1a: Walking Wake|0 fnt\n|faint|p1a: Walking Wake\n|-end|p1a: Walking Wake|Protosynthesis|[silent]\n|\n|upkeep\n|\n|t:|1700221654\n|switch|p1a: Great Tusk|Great Tusk|47\/100\n|turn|15\n|\n|t:|1700221657\n|move|p2a: Ogerpon|Horn Leech|p1a: Great Tusk\n|-supereffective|p1a: Great Tusk\n|-damage|p1a: Great Tusk|0 fnt\n|-heal|p2a: Ogerpon|64\/100|[from] drain|[of] p1a: Great Tusk\n|faint|p1a: Great Tusk\n|-end|p1a: Great Tusk|Protosynthesis|[silent]\n|\n|upkeep\n|\n|t:|1700221664\n|switch|p1a: Sneasler|Sneasler, M|29\/100\n|turn|16\n|\n|t:|1700221669\n|move|p1a: Sneasler|Fake Out|p2a: Ogerpon\n|-damage|p2a: Ogerpon|43\/100\n|cant|p2a: Ogerpon|flinch\n|\n|upkeep\n|turn|17\n|\n|t:|1700221677\n|move|p2a: Ogerpon|Swords Dance|p2a: Ogerpon\n|-boost|p2a: Ogerpon|atk|2\n|move|p1a: Sneasler|Dire Claw|p2a: Ogerpon\n|-supereffective|p2a: Ogerpon\n|-damage|p2a: Ogerpon|0 fnt\n|faint|p2a: Ogerpon\n|\n|upkeep\n|\n|t:|1700221681\n|switch|p2a: Cinderace|Cinderace, F|19\/100\n|turn|18\n|\n|t:|1700221686\n|move|p2a: Cinderace|Reversal|p1a: Sneasler\n|-start|p2a: Cinderace|typechange|Fighting|[from] ability: Libero\n|-resisted|p1a: Sneasler\n|-damage|p1a: Sneasler|0 fnt\n|faint|p1a: Sneasler\n|\n|win|TeamYourNoobs\n|raw|DogTheSuperior's rating: 1111 &rarr; <strong>1082<\/strong><br \/>(-29 for losing)\n|raw|TeamYourNoobs's rating: 1060 &rarr; <strong>1096<\/strong><br \/>(+36 for winning)\n","uploadtime":1700221690,"views":36,"p1id":"dogthesuperior","p2id":"teamyournoobs","formatid":"gen9ou","rating":1082,"private":0,"password":""}