{"id":"gen9ou-1991298660","p1":"andresmao","p2":"Auburn Hills","format":"[Gen 9] OU","log":"|j|\u2606andresmao\n|j|\u2606Auburn Hills\n|t:|1700065433\n|gametype|singles\n|player|p1|andresmao|169|1670\n|player|p2|Auburn Hills|alder|1662\n|teamsize|p1|6\n|teamsize|p2|6\n|gen|9\n|tier|[Gen 9] OU\n|rated|\n|rule|Sleep Clause Mod: Limit one foe put to sleep\n|rule|Species Clause: Limit one of each Pok\u00e9mon\n|rule|OHKO Clause: OHKO moves are banned\n|rule|Evasion Items Clause: Evasion items are banned\n|rule|Evasion Moves Clause: Evasion moves are banned\n|rule|Endless Battle Clause: Forcing endless battles is banned\n|rule|HP Percentage Mod: HP is shown in percentages\n|clearpoke\n|poke|p1|Weezing-Galar, M|\n|poke|p1|Garganacl, F|\n|poke|p1|Dragapult, M|\n|poke|p1|Sneasler, F|\n|poke|p1|Rillaboom, F|\n|poke|p1|Kingambit, M|\n|poke|p2|Iron Moth|\n|poke|p2|Umbreon, M|\n|poke|p2|Garchomp, M|\n|poke|p2|Glimmora, M|\n|poke|p2|Gholdengo|\n|poke|p2|Dragonite, F|\n|teampreview\n|inactive|Battle timer is ON: inactive players will automatically lose when time's up. (requested by andresmao)\n|inactive|Auburn Hills has 120 seconds left.\n|\n|t:|1700065481\n|start\n|switch|p1a: Dragapult|Dragapult, M|100\/100\n|switch|p2a: Alvvays|Umbreon, M|100\/100\n|turn|1\n|inactive|andresmao has 120 seconds left.\n|inactive|andresmao has 90 seconds left.\n|inactive|andresmao has 60 seconds left.\n|inactive|andresmao has 30 seconds left.\n|inactive|andresmao has 20 seconds left.\n|inactive|andresmao has 15 seconds left.\n|inactive|andresmao has 10 seconds left.\n|inactive|andresmao has 5 seconds left.\n|\n|t:|1700065627\n|move|p1a: Dragapult|U-turn|p2a: Alvvays\n|-supereffective|p2a: Alvvays\n|-damage|p2a: Alvvays|73\/100\n|inactive|andresmao has 10 seconds left this turn.\n|\n|t:|1700065630\n|switch|p1a: Weezing|Weezing-Galar, M, shiny|100\/100|[from] U-turn\n|-ability|p1a: Weezing|Neutralizing Gas\n|move|p2a: Alvvays|Foul Play|p1a: Weezing\n|-resisted|p1a: Weezing\n|-damage|p1a: Weezing|93\/100\n|\n|-heal|p2a: Alvvays|79\/100|[from] item: Leftovers\n|-heal|p1a: Weezing|99\/100|[from] item: Leftovers\n|upkeep\n|turn|2\n|inactive|andresmao has 20 seconds left this turn.\n|inactive|andresmao has 15 seconds left.\n|\n|t:|1700065638\n|move|p2a: Alvvays|Thunder Wave|p1a: Weezing\n|-status|p1a: Weezing|par\n|cant|p1a: Weezing|par\n|\n|-heal|p2a: Alvvays|85\/100|[from] item: Leftovers\n|-heal|p1a: Weezing|100\/100 par|[from] item: Leftovers\n|upkeep\n|turn|3\n|inactive|andresmao has 25 seconds left this turn.\n|\n|t:|1700065641\n|switch|p2a: Julia Jacklin|Glimmora, M|100\/100\n|cant|p1a: Weezing|par\n|\n|upkeep\n|turn|4\n|\n|t:|1700065644\n|-end|p1a: Weezing|ability: Neutralizing Gas\n|switch|p1a: Dragapult|Dragapult, M|100\/100\n|move|p2a: Julia Jacklin|Earth Power|p1a: Dragapult\n|-damage|p1a: Dragapult|58\/100\n|-unboost|p1a: Dragapult|spd|1\n|\n|upkeep\n|turn|5\n|c|\u2606andresmao|OF COURSE\n|\n|t:|1700065651\n|move|p1a: Dragapult|Shadow Ball|p2a: Julia Jacklin\n|-damage|p2a: Julia Jacklin|23\/100\n|move|p2a: Julia Jacklin|Earth Power|p1a: Dragapult\n|-damage|p1a: Dragapult|0 fnt\n|faint|p1a: Dragapult\n|\n|upkeep\n|\n|t:|1700065656\n|switch|p1a: Sneasler|Sneasler, F|100\/100\n|turn|6\n|\n|t:|1700065660\n|move|p1a: Sneasler|Shadow Claw|p2a: Julia Jacklin\n|-damage|p2a: Julia Jacklin|0 fnt\n|-activate|p2a: Julia Jacklin|ability: Toxic Debris\n|-sidestart|p1: andresmao|move: Toxic Spikes\n|faint|p2a: Julia Jacklin\n|\n|upkeep\n|\n|t:|1700065663\n|switch|p2a: Smino|Gholdengo|100\/100\n|turn|7\n|j| Ran Kob\n|inactive|andresmao has 60 seconds left.\n|\n|t:|1700065674\n|switch|p1a: Weezing|Weezing-Galar, M, shiny|100\/100 par\n|-ability|p1a: Weezing|Neutralizing Gas\n|-sideend|p1: andresmao|move: Toxic Spikes|[of] p1a: Weezing\n|move|p2a: Smino|Make It Rain|p1a: Weezing\n|-supereffective|p1a: Weezing\n|-damage|p1a: Weezing|0 fnt\n|-unboost|p2a: Smino|spa|1\n|faint|p1a: Weezing\n|-end|p1a: Weezing|ability: Neutralizing Gas\n|\n|upkeep\n|\n|t:|1700065677\n|switch|p1a: Rillaboom|Rillaboom, F|100\/100\n|-fieldstart|move: Grassy Terrain|[from] ability: Grassy Surge|[of] p1a: Rillaboom\n|turn|8\n|\n|t:|1700065679\n|switch|p2a: Carly Rae|Iron Moth|100\/100\n|-enditem|p2a: Carly Rae|Booster Energy\n|-activate|p2a: Carly Rae|ability: Quark Drive|[fromitem]\n|-start|p2a: Carly Rae|quarkdrivespe\n|move|p1a: Rillaboom|U-turn|p2a: Carly Rae\n|-resisted|p2a: Carly Rae\n|-damage|p2a: Carly Rae|86\/100\n|\n|t:|1700065683\n|switch|p1a: Sneasler|Sneasler, F|100\/100|[from] U-turn\n|-enditem|p1a: Sneasler|Grassy Seed\n|-boost|p1a: Sneasler|def|1|[from] item: Grassy Seed\n|\n|-heal|p2a: Carly Rae|92\/100|[from] Grassy Terrain\n|upkeep\n|turn|9\n|\n|t:|1700065688\n|-terastallize|p1a: Sneasler|Ghost\n|move|p1a: Sneasler|Swords Dance|p1a: Sneasler\n|-boost|p1a: Sneasler|atk|2\n|move|p2a: Carly Rae|Discharge|p1a: Sneasler\n|-damage|p1a: Sneasler|61\/100\n|-status|p1a: Sneasler|par\n|\n|-heal|p2a: Carly Rae|98\/100|[from] Grassy Terrain\n|-heal|p1a: Sneasler|67\/100 par|[from] Grassy Terrain\n|upkeep\n|turn|10\n|c|\u2606andresmao|MEN\n|c|\u2606andresmao|YOUR FUCKIN HAX\n|\n|t:|1700065699\n|move|p2a: Carly Rae|Fiery Dance|p1a: Sneasler\n|-damage|p1a: Sneasler|8\/100 par\n|-boost|p2a: Carly Rae|spa|1\n|move|p1a: Sneasler|Shadow Claw|p2a: Carly Rae\n|-damage|p2a: Carly Rae|0 fnt\n|faint|p2a: Carly Rae\n|-end|p2a: Carly Rae|Quark Drive|[silent]\n|\n|-heal|p1a: Sneasler|14\/100 par|[from] Grassy Terrain\n|upkeep\n|\n|t:|1700065707\n|switch|p2a: Rat Tally|Garchomp, M|100\/100\n|turn|11\n|c|\u2606andresmao|3 hax in 9 turn\n|\n|t:|1700065711\n|move|p1a: Sneasler|Close Combat|p2a: Rat Tally\n|-damage|p2a: Rat Tally|0 fnt\n|-unboost|p1a: Sneasler|def|1\n|-unboost|p1a: Sneasler|spd|1\n|-damage|p1a: Sneasler|2\/100 par|[from] ability: Rough Skin|[of] p2a: Rat Tally\n|faint|p2a: Rat Tally\n|\n|-heal|p1a: Sneasler|8\/100 par|[from] Grassy Terrain\n|upkeep\n|\n|t:|1700065716\n|switch|p2a: Elucid|Dragonite, F|100\/100\n|turn|12\n|\n|t:|1700065720\n|move|p1a: Sneasler|Dire Claw|p2a: Elucid\n|-damage|p2a: Elucid|53\/100\n|move|p2a: Elucid|Dragon Dance|p2a: Elucid\n|-boost|p2a: Elucid|atk|1\n|-boost|p2a: Elucid|spe|1\n|\n|-heal|p1a: Sneasler|14\/100 par|[from] Grassy Terrain\n|-fieldend|move: Grassy Terrain\n|upkeep\n|turn|13\n|\n|t:|1700065724\n|move|p2a: Elucid|Earthquake|p1a: Sneasler\n|-damage|p1a: Sneasler|0 fnt\n|faint|p1a: Sneasler\n|\n|upkeep\n|\n|t:|1700065729\n|switch|p1a: Kingambit|Kingambit, M|100\/100\n|-activate|p1a: Kingambit|ability: Supreme Overlord\n|-start|p1a: Kingambit|fallen3|[silent]\n|turn|14\n|c|\u2606Auburn Hills|dire claw user mad at hax\n|\n|t:|1700065735\n|move|p1a: Kingambit|Sucker Punch|p2a: Elucid\n|-damage|p2a: Elucid|0 fnt\n|faint|p2a: Elucid\n|\n|upkeep\n|\n|t:|1700065738\n|switch|p2a: Alvvays|Umbreon, M|85\/100\n|turn|15\n|\n|t:|1700065742\n|move|p1a: Kingambit|Low Kick|p2a: Alvvays\n|-supereffective|p2a: Alvvays\n|-damage|p2a: Alvvays|34\/100\n|move|p2a: Alvvays|Thunder Wave|p1a: Kingambit\n|-status|p1a: Kingambit|par\n|\n|-heal|p2a: Alvvays|40\/100|[from] item: Leftovers\n|upkeep\n|turn|16\n|\n|t:|1700065748\n|-terastallize|p2a: Alvvays|Ghost\n|move|p2a: Alvvays|Wish|p2a: Alvvays\n|move|p1a: Kingambit|Low Kick|p2a: Alvvays\n|-immune|p2a: Alvvays\n|\n|-heal|p2a: Alvvays|46\/100|[from] item: Leftovers\n|upkeep\n|turn|17\n|\n|t:|1700065751\n|move|p2a: Alvvays|Protect|p2a: Alvvays\n|-singleturn|p2a: Alvvays|Protect\n|move|p1a: Kingambit|Kowtow Cleave|p2a: Alvvays\n|-activate|p2a: Alvvays|move: Protect\n|\n|-heal|p2a: Alvvays|96\/100|[from] move: Wish|[wisher] Alvvays\n|-heal|p2a: Alvvays|100\/100|[from] item: Leftovers\n|upkeep\n|turn|18\n|\n|t:|1700065753\n|move|p2a: Alvvays|Foul Play|p1a: Kingambit\n|-resisted|p1a: Kingambit\n|-damage|p1a: Kingambit|78\/100 par\n|move|p1a: Kingambit|Kowtow Cleave|p2a: Alvvays\n|-supereffective|p2a: Alvvays\n|-damage|p2a: Alvvays|0 fnt\n|faint|p2a: Alvvays\n|\n|upkeep\n|\n|t:|1700065757\n|switch|p2a: Smino|Gholdengo|100\/100\n|turn|19\n|\n|t:|1700065760\n|move|p2a: Smino|Make It Rain|p1a: Kingambit\n|-resisted|p1a: Kingambit\n|-damage|p1a: Kingambit|45\/100 par\n|-unboost|p2a: Smino|spa|1\n|move|p1a: Kingambit|Kowtow Cleave|p2a: Smino\n|-supereffective|p2a: Smino\n|-damage|p2a: Smino|0 fnt\n|faint|p2a: Smino\n|\n|win|andresmao\n|raw|andresmao's rating: 1670 &rarr; <strong>1690<\/strong><br \/>(+20 for winning)\n|raw|Auburn Hills's rating: 1662 &rarr; <strong>1642<\/strong><br \/>(-20 for losing)\n","uploadtime":1700065699,"views":7,"p1id":"andresmao","p2id":"auburnhills","formatid":"gen9ou","rating":1642,"private":0,"password":""}