{"id":"gen9ou-1993288155","p1":"QuackBarz","p2":"snotnosezill","format":"[Gen 9] OU","log":"|j|\u2606QuackBarz\n|j|\u2606snotnosezill\n|t:|1700290947\n|gametype|singles\n|player|p1|QuackBarz|266|1176\n|player|p2|snotnosezill|2|1174\n|teamsize|p1|6\n|teamsize|p2|6\n|gen|9\n|tier|[Gen 9] OU\n|rated|\n|rule|Sleep Clause Mod: Limit one foe put to sleep\n|rule|Species Clause: Limit one of each Pok\u00e9mon\n|rule|OHKO Clause: OHKO moves are banned\n|rule|Evasion Items Clause: Evasion items are banned\n|rule|Evasion Moves Clause: Evasion moves are banned\n|rule|Endless Battle Clause: Forcing endless battles is banned\n|rule|HP Percentage Mod: HP is shown in percentages\n|clearpoke\n|poke|p1|Zapdos-Galar|\n|poke|p1|Jirachi|\n|poke|p1|Magnezone|\n|poke|p1|Hydreigon, M|\n|poke|p1|Landorus-Therian, M|\n|poke|p1|Gastrodon, M|\n|poke|p2|Ninetales, M|\n|poke|p2|Skeledirge, M|\n|poke|p2|Heatran, M|\n|poke|p2|Walking Wake|\n|poke|p2|Moltres-Galar|\n|poke|p2|Landorus-Therian, M|\n|teampreview\n|inactive|Battle timer is ON: inactive players will automatically lose when time's up. (requested by QuackBarz)\n|\n|t:|1700290984\n|start\n|switch|p1a: Landorus|Landorus-Therian, M|100\/100\n|switch|p2a: Landorus|Landorus-Therian, M|100\/100\n|-ability|p2a: Landorus|Intimidate|boost\n|-unboost|p1a: Landorus|atk|1\n|-ability|p1a: Landorus|Intimidate|boost\n|-unboost|p2a: Landorus|atk|1\n|turn|1\n|inactive|QuackBarz has 120 seconds left.\n|inactive|snotnosezill has 120 seconds left.\n|\n|t:|1700291032\n|move|p2a: Landorus|U-turn|p1a: Landorus\n|-resisted|p1a: Landorus\n|-crit|p1a: Landorus\n|-damage|p1a: Landorus|78\/100\n|inactive|snotnosezill has 90 seconds left.\n|inactive|snotnosezill has 60 seconds left.\n|inactive|snotnosezill has 30 seconds left.\n|\n|t:|1700291115\n|switch|p2a: Ninetales|Ninetales, M|100\/100|[from] U-turn\n|-weather|SunnyDay|[from] ability: Drought|[of] p2a: Ninetales\n|move|p1a: Landorus|Gravity|p1a: Landorus\n|-fieldstart|move: Gravity\n|\n|-weather|SunnyDay|[upkeep]\n|-heal|p1a: Landorus|84\/100|[from] item: Leftovers\n|upkeep\n|turn|2\n|inactive|QuackBarz has 120 seconds left.\n|inactive|snotnosezill has 30 seconds left.\n|inactive|snotnosezill has 20 seconds left.\n|inactive|snotnosezill has 15 seconds left.\n|inactive|snotnosezill has 10 seconds left.\n|inactive|QuackBarz has 90 seconds left.\n|inactive|snotnosezill has 5 seconds left.\n|\n|t:|1700291160\n|move|p1a: Landorus|Earthquake|p2a: Ninetales\n|-supereffective|p2a: Ninetales\n|-damage|p2a: Ninetales|8\/100\n|move|p2a: Ninetales|Will-O-Wisp|p1a: Landorus\n|-status|p1a: Landorus|brn\n|\n|-weather|SunnyDay|[upkeep]\n|-heal|p1a: Landorus|90\/100 brn|[from] item: Leftovers\n|-damage|p1a: Landorus|84\/100 brn|[from] brn\n|upkeep\n|turn|3\n|inactive|snotnosezill has 15 seconds left this turn.\n|inactive|snotnosezill has 10 seconds left.\n|inactive|snotnosezill has 5 seconds left.\n|\n|t:|1700291174\n|switch|p2a: Moltres|Moltres-Galar|100\/100\n|move|p1a: Landorus|U-turn|p2a: Moltres\n|-damage|p2a: Moltres|89\/100\n|inactive|snotnosezill has 10 seconds left this turn.\n|\n|t:|1700291183\n|switch|p1a: Zapdos|Zapdos-Galar|100\/100|[from] U-turn\n|\n|-weather|SunnyDay|[upkeep]\n|upkeep\n|turn|4\n|inactive|snotnosezill has 20 seconds left this turn.\n|inactive|snotnosezill has 15 seconds left.\n|inactive|snotnosezill has 10 seconds left.\n|inactive|snotnosezill has 5 seconds left.\n|\n|t:|1700291202\n|switch|p2a: Heatran|Heatran, M|100\/100\n|move|p1a: Zapdos|Trailblaze|p2a: Heatran\n|-resisted|p2a: Heatran\n|-damage|p2a: Heatran|96\/100\n|-boost|p1a: Zapdos|spe|1\n|-enditem|p2a: Heatran|Air Balloon\n|\n|-weather|SunnyDay|[upkeep]\n|upkeep\n|turn|5\n|inactive|snotnosezill has 15 seconds left this turn.\n|inactive|snotnosezill has 10 seconds left.\n|inactive|snotnosezill has 5 seconds left.\n|\n|t:|1700291216\n|move|p1a: Zapdos|Stomping Tantrum|p2a: Heatran\n|-supereffective|p2a: Heatran\n|-damage|p2a: Heatran|0 fnt\n|faint|p2a: Heatran\n|\n|-weather|SunnyDay|[upkeep]\n|-fieldend|move: Gravity\n|upkeep\n|inactive|snotnosezill has 10 seconds left this turn.\n|inactive|snotnosezill has 5 seconds left.\n|\n|t:|1700291226\n|switch|p2a: Landorus|Landorus-Therian, M|100\/100\n|-ability|p2a: Landorus|Intimidate|boost\n|-unboost|p1a: Zapdos|atk|1\n|-ability|p1a: Zapdos|Defiant|boost\n|-boost|p1a: Zapdos|atk|2\n|turn|6\n|inactive|snotnosezill has 15 seconds left this turn.\n|inactive|snotnosezill has 10 seconds left.\n|inactive|snotnosezill has 5 seconds left.\n|\n|t:|1700291239\n|move|p2a: Landorus|Rock Slide|p1a: Zapdos\n|-damage|p1a: Zapdos|66\/100\n|move|p1a: Zapdos|Thunderous Kick|p2a: Landorus\n|-resisted|p2a: Landorus\n|-damage|p2a: Landorus|59\/100\n|-unboost|p2a: Landorus|def|1\n|\n|-weather|SunnyDay|[upkeep]\n|upkeep\n|turn|7\n|inactive|snotnosezill has 15 seconds left this turn.\n|inactive|snotnosezill has 10 seconds left.\n|inactive|snotnosezill has 5 seconds left.\n|\n|t:|1700291253\n|-terastallize|p2a: Landorus|Ground\n|move|p2a: Landorus|Rock Slide|p1a: Zapdos\n|-damage|p1a: Zapdos|34\/100\n|cant|p1a: Zapdos|flinch\n|\n|-weather|SunnyDay|[upkeep]\n|upkeep\n|turn|8\n|inactive|snotnosezill has 15 seconds left this turn.\n|inactive|snotnosezill has 10 seconds left.\n|\n|t:|1700291269\n|move|p2a: Landorus|Rock Slide|p1a: Zapdos\n|-damage|p1a: Zapdos|4\/100\n|move|p1a: Zapdos|Trailblaze|p2a: Landorus\n|-supereffective|p2a: Landorus\n|-damage|p2a: Landorus|0 fnt\n|-boost|p1a: Zapdos|spe|1\n|faint|p2a: Landorus\n|\n|-weather|none\n|upkeep\n|inactive|snotnosezill has 15 seconds left this turn.\n|inactive|snotnosezill has 10 seconds left.\n|inactive|snotnosezill has 5 seconds left.\n|\n|t:|1700291282\n|switch|p2a: Walking Wake|Walking Wake|100\/100\n|-enditem|p2a: Walking Wake|Booster Energy\n|-activate|p2a: Walking Wake|ability: Protosynthesis|[fromitem]\n|-start|p2a: Walking Wake|protosynthesisspe\n|turn|9\n|inactive|snotnosezill has 15 seconds left this turn.\n|inactive|snotnosezill has 10 seconds left.\n|\n|t:|1700291297\n|move|p1a: Zapdos|Dual Wingbeat|p2a: Walking Wake\n|-damage|p2a: Walking Wake|64\/100\n|-damage|p2a: Walking Wake|27\/100\n|-hitcount|p2a: Walking Wake|2\n|move|p2a: Walking Wake|Hydro Steam|p1a: Zapdos\n|-damage|p1a: Zapdos|0 fnt\n|faint|p1a: Zapdos\n|\n|upkeep\n|inactive|snotnosezill has 15 seconds left this turn.\n|inactive|QuackBarz has 90 seconds left.\n|inactive|QuackBarz has 60 seconds left.\n|\n|t:|1700291352\n|switch|p1a: Gastrodon|Gastrodon, M|100\/100\n|turn|10\n|inactive|snotnosezill has 25 seconds left this turn.\n|inactive|snotnosezill has 20 seconds left.\n|inactive|snotnosezill has 15 seconds left.\n|inactive|snotnosezill has 10 seconds left.\n|inactive|snotnosezill has 5 seconds left.\n|\n|t:|1700291375\n|move|p2a: Walking Wake|Dragon Pulse|p1a: Gastrodon\n|-damage|p1a: Gastrodon|59\/100\n|move|p1a: Gastrodon|Earth Power|p2a: Walking Wake\n|-damage|p2a: Walking Wake|0 fnt\n|faint|p2a: Walking Wake\n|-end|p2a: Walking Wake|Protosynthesis|[silent]\n|\n|-heal|p1a: Gastrodon|65\/100|[from] item: Leftovers\n|upkeep\n|inactive|snotnosezill has 10 seconds left this turn.\n|inactive|snotnosezill has 5 seconds left.\n|\n|t:|1700291384\n|switch|p2a: Skeledirge|Skeledirge, M|100\/100\n|turn|11\n|inactive|snotnosezill has 15 seconds left this turn.\n|\n|t:|1700291403\n|switch|p1a: Landorus|Landorus-Therian, M|84\/100 brn\n|-ability|p1a: Landorus|Intimidate|boost\n|-unboost|p2a: Skeledirge|atk|1\n|move|p2a: Skeledirge|Sing|p1a: Landorus|[miss]\n|-miss|p2a: Skeledirge|p1a: Landorus\n|-enditem|p2a: Skeledirge|Blunder Policy\n|-boost|p2a: Skeledirge|spe|2\n|\n|-heal|p1a: Landorus|90\/100 brn|[from] item: Leftovers\n|-damage|p1a: Landorus|84\/100 brn|[from] brn\n|upkeep\n|turn|12\n|inactive|snotnosezill has 25 seconds left this turn.\n|inactive|snotnosezill has 20 seconds left.\n|inactive|snotnosezill has 15 seconds left.\n|\n|t:|1700291416\n|move|p2a: Skeledirge|Torch Song|p1a: Landorus\n|-damage|p1a: Landorus|32\/100 brn\n|-boost|p2a: Skeledirge|spa|1\n|move|p1a: Landorus|Gravity|p1a: Landorus\n|-fieldstart|move: Gravity\n|\n|-heal|p1a: Landorus|38\/100 brn|[from] item: Leftovers\n|-damage|p1a: Landorus|32\/100 brn|[from] brn\n|upkeep\n|turn|13\n|inactive|snotnosezill has 25 seconds left this turn.\n|inactive|snotnosezill has 20 seconds left.\n|\n|t:|1700291430\n|move|p2a: Skeledirge|Torch Song|p1a: Landorus\n|-damage|p1a: Landorus|0 fnt\n|-boost|p2a: Skeledirge|spa|1\n|faint|p1a: Landorus\n|\n|upkeep\n|inactive|snotnosezill has 25 seconds left this turn.\n|\n|t:|1700291435\n|switch|p1a: Magnezone|Magnezone|100\/100\n|turn|14\n|\n|t:|1700291440\n|-terastallize|p1a: Magnezone|Electric\n|move|p2a: Skeledirge|Torch Song|p1a: Magnezone\n|-damage|p1a: Magnezone|0 fnt\n|-boost|p2a: Skeledirge|spa|1\n|faint|p1a: Magnezone\n|\n|upkeep\n|\n|t:|1700291445\n|switch|p1a: Hydreigon|Hydreigon, M|100\/100\n|turn|15\n|inactive|QuackBarz has 90 seconds left.\n|inactive|snotnosezill has 30 seconds left.\n|\n|t:|1700291468\n|move|p2a: Skeledirge|Sing|p1a: Hydreigon\n|-status|p1a: Hydreigon|slp|[from] move: Sing\n|cant|p1a: Hydreigon|slp\n|\n|upkeep\n|turn|16\n|\n|t:|1700291474\n|move|p2a: Skeledirge|Torch Song|p1a: Hydreigon\n|-resisted|p1a: Hydreigon\n|-damage|p1a: Hydreigon|39\/100 slp\n|-boost|p2a: Skeledirge|spa|1\n|-curestatus|p1a: Hydreigon|slp|[msg]\n|move|p1a: Hydreigon|Draco Meteor|p2a: Skeledirge\n|-damage|p2a: Skeledirge|20\/100\n|-unboost|p1a: Hydreigon|spa|2\n|-enditem|p1a: Hydreigon|White Herb\n|-clearnegativeboost|p1a: Hydreigon|[silent]\n|\n|-fieldend|move: Gravity\n|upkeep\n|turn|17\n|\n|t:|1700291487\n|move|p2a: Skeledirge|Torch Song|p1a: Hydreigon\n|-resisted|p1a: Hydreigon\n|-damage|p1a: Hydreigon|0 fnt\n|-boost|p2a: Skeledirge|spa|1\n|faint|p1a: Hydreigon\n|\n|upkeep\n|\n|t:|1700291490\n|switch|p1a: Gastrodon|Gastrodon, M|65\/100\n|turn|18\n|\n|t:|1700291505\n|move|p2a: Skeledirge|Earth Power|p1a: Gastrodon\n|-damage|p1a: Gastrodon|0 fnt\n|faint|p1a: Gastrodon\n|\n|upkeep\n|inactive|QuackBarz has 120 seconds left.\n|\n|t:|1700291529\n|switch|p1a: Jirachi|Jirachi|100\/100\n|turn|19\n|\n|t:|1700291534\n|move|p2a: Skeledirge|Torch Song|p1a: Jirachi\n|-supereffective|p1a: Jirachi\n|-damage|p1a: Jirachi|0 fnt\n|-boost|p2a: Skeledirge|spa|1\n|faint|p1a: Jirachi\n|\n|win|snotnosezill\n|raw|QuackBarz's rating: 1194 &rarr; <strong>1168<\/strong><br \/>(-26 for losing)\n|raw|snotnosezill's rating: 1174 &rarr; <strong>1200<\/strong><br \/>(+26 for winning)\n|l|\u2606QuackBarz\n","uploadtime":1700291542,"views":66,"p1id":"quackbarz","p2id":"snotnosezill","formatid":"gen9ou","rating":1168,"private":0,"password":""}