{"id":"gen9ou-1991196516","p1":"Mansonabuluting","p2":"Apoteosis","format":"[Gen 9] OU","log":"|j|\u2606Mansonabuluting\n|j|\u2606Apoteosis\n|t:|1700056044\n|gametype|singles\n|player|p1|Mansonabuluting|bellelba|1645\n|player|p2|Apoteosis|170|1663\n|teamsize|p1|6\n|teamsize|p2|6\n|gen|9\n|tier|[Gen 9] OU\n|rated|\n|rule|Sleep Clause Mod: Limit one foe put to sleep\n|rule|Species Clause: Limit one of each Pok\u00e9mon\n|rule|OHKO Clause: OHKO moves are banned\n|rule|Evasion Items Clause: Evasion items are banned\n|rule|Evasion Moves Clause: Evasion moves are banned\n|rule|Endless Battle Clause: Forcing endless battles is banned\n|rule|HP Percentage Mod: HP is shown in percentages\n|clearpoke\n|poke|p1|Goodra-Hisui, F|\n|poke|p1|Rillaboom, M|\n|poke|p1|Hawlucha, M|\n|poke|p1|Thundurus-Therian, M|\n|poke|p1|Great Tusk|\n|poke|p1|Volcanion|\n|poke|p2|Indeedee, M|\n|poke|p2|Polteageist-Antique|\n|poke|p2|Sneasler, M|\n|poke|p2|Cinderace, F|\n|poke|p2|Armarouge, F|\n|poke|p2|Iron Valiant|\n|teampreview\n|j| ApostleMC\n|j| Yoink 0\n|inactive|Battle timer is ON: inactive players will automatically lose when time's up. (requested by Apoteosis)\n|\n|t:|1700056075\n|start\n|switch|p1a: Thundurus|Thundurus-Therian, M|100\/100\n|switch|p2a: Armarouge|Armarouge, F|100\/100\n|turn|1\n|\n|t:|1700056080\n|switch|p2a: Indeedee|Indeedee, M|100\/100\n|-fieldstart|move: Psychic Terrain|[from] ability: Psychic Surge|[of] p2a: Indeedee\n|move|p1a: Thundurus|Volt Switch|p2a: Indeedee\n|-damage|p2a: Indeedee|36\/100\n|\n|t:|1700056096\n|switch|p1a: Goodra|Goodra-Hisui, F|100\/100|[from] Volt Switch\n|\n|upkeep\n|turn|2\n|\n|t:|1700056101\n|switch|p2a: Sneasler|Sneasler, M|100\/100\n|-enditem|p2a: Sneasler|Psychic Seed\n|-boost|p2a: Sneasler|spd|1|[from] item: Psychic Seed\n|move|p1a: Goodra|Flash Cannon|p2a: Sneasler\n|-damage|p2a: Sneasler|62\/100\n|\n|upkeep\n|turn|3\n|\n|t:|1700056123\n|switch|p1a: Great Tusk|Great Tusk|100\/100\n|move|p2a: Sneasler|Swords Dance|p2a: Sneasler\n|-boost|p2a: Sneasler|atk|2\n|\n|upkeep\n|turn|4\n|\n|t:|1700056129\n|move|p2a: Sneasler|Close Combat|p1a: Great Tusk\n|-damage|p1a: Great Tusk|31\/100\n|-unboost|p2a: Sneasler|def|1\n|-unboost|p2a: Sneasler|spd|1\n|-damage|p2a: Sneasler|45\/100|[from] item: Rocky Helmet|[of] p1a: Great Tusk\n|move|p1a: Great Tusk|Headlong Rush|p2a: Sneasler\n|-supereffective|p2a: Sneasler\n|-damage|p2a: Sneasler|0 fnt\n|-unboost|p1a: Great Tusk|def|1\n|-unboost|p1a: Great Tusk|spd|1\n|faint|p2a: Sneasler\n|\n|upkeep\n|\n|t:|1700056136\n|switch|p2a: Armarouge|Armarouge, F|100\/100\n|turn|5\n|j| No Nice Names Left\n|l| ApostleMC\n|\n|t:|1700056156\n|move|p2a: Armarouge|Armor Cannon|p1a: Great Tusk\n|-crit|p1a: Great Tusk\n|-damage|p1a: Great Tusk|0 fnt\n|-unboost|p2a: Armarouge|def|1\n|-unboost|p2a: Armarouge|spd|1\n|faint|p1a: Great Tusk\n|-end|p1a: Great Tusk|Protosynthesis|[silent]\n|\n|upkeep\n|\n|t:|1700056159\n|switch|p1a: Thundurus|Thundurus-Therian, M|100\/100\n|turn|6\n|\n|t:|1700056166\n|switch|p2a: Cinderace|Cinderace, F|100\/100\n|move|p1a: Thundurus|Volt Switch|p2a: Cinderace\n|-damage|p2a: Cinderace|34\/100\n|\n|t:|1700056170\n|switch|p1a: Rillaboom|Rillaboom, M|100\/100|[from] Volt Switch\n|-fieldstart|move: Grassy Terrain|[from] ability: Grassy Surge|[of] p1a: Rillaboom\n|\n|-heal|p2a: Cinderace|40\/100|[from] Grassy Terrain\n|upkeep\n|turn|7\n|\n|t:|1700056179\n|switch|p2a: Indeedee|Indeedee, M|36\/100\n|-fieldstart|move: Psychic Terrain|[from] ability: Psychic Surge|[of] p2a: Indeedee\n|move|p1a: Rillaboom|Grassy Glide|p2a: Indeedee\n|-damage|p2a: Indeedee|0 fnt\n|faint|p2a: Indeedee\n|\n|upkeep\n|\n|t:|1700056184\n|switch|p2a: Polteageist|Polteageist-Antique|100\/100\n|turn|8\n|\n|t:|1700056202\n|switch|p1a: Goodra|Goodra-Hisui, F|100\/100\n|move|p2a: Polteageist|Shell Smash|p2a: Polteageist\n|-unboost|p2a: Polteageist|def|1\n|-unboost|p2a: Polteageist|spd|1\n|-boost|p2a: Polteageist|atk|2\n|-boost|p2a: Polteageist|spa|2\n|-boost|p2a: Polteageist|spe|2\n|\n|upkeep\n|turn|9\n|\n|t:|1700056223\n|-terastallize|p2a: Polteageist|Fighting\n|move|p2a: Polteageist|Tera Blast|p1a: Goodra|[anim] Tera Blast Fighting\n|-supereffective|p1a: Goodra\n|-damage|p1a: Goodra|13\/100\n|move|p1a: Goodra|Flash Cannon|p2a: Polteageist\n|-damage|p2a: Polteageist|27\/100\n|\n|upkeep\n|turn|10\n|\n|t:|1700056231\n|move|p2a: Polteageist|Stored Power|p1a: Goodra\n|-resisted|p1a: Goodra\n|-damage|p1a: Goodra|0 fnt\n|faint|p1a: Goodra\n|\n|upkeep\n|inactive|Mansonabuluting has 120 seconds left.\n|\n|t:|1700056260\n|switch|p1a: Rillaboom|Rillaboom, M|100\/100\n|-fieldstart|move: Grassy Terrain|[from] ability: Grassy Surge|[of] p1a: Rillaboom\n|turn|11\n|\n|t:|1700056266\n|switch|p2a: Cinderace|Cinderace, F|40\/100\n|move|p1a: Rillaboom|Grassy Glide|p2a: Cinderace\n|-resisted|p2a: Cinderace\n|-damage|p2a: Cinderace|0 fnt\n|faint|p2a: Cinderace\n|\n|upkeep\n|\n|t:|1700056268\n|switch|p2a: Armarouge|Armarouge, F|100\/100\n|turn|12\n|j| Domin0999\n|l| Domin0999\n|\n|t:|1700056286\n|switch|p1a: Volcanion|Volcanion|100\/100\n|move|p2a: Armarouge|Armor Cannon|p1a: Volcanion\n|-resisted|p1a: Volcanion\n|-damage|p1a: Volcanion|86\/100\n|-unboost|p2a: Armarouge|def|1\n|-unboost|p2a: Armarouge|spd|1\n|\n|-heal|p1a: Volcanion|92\/100|[from] Grassy Terrain\n|upkeep\n|turn|13\n|j| Domin0999\n|l| Domin0999\n|j| Domin0999\n|l| Domin0999\n|inactive|Mansonabuluting has 120 seconds left.\n|\n|t:|1700056309\n|switch|p2a: Polteageist|Polteageist-Antique, tera:Fighting|27\/100\n|move|p1a: Volcanion|Steam Eruption|p2a: Polteageist\n|-damage|p2a: Polteageist|0 fnt\n|faint|p2a: Polteageist\n|\n|-heal|p1a: Volcanion|98\/100|[from] Grassy Terrain\n|upkeep\n|\n|t:|1700056313\n|switch|p2a: Iron Valiant|Iron Valiant|100\/100\n|-enditem|p2a: Iron Valiant|Booster Energy\n|-activate|p2a: Iron Valiant|ability: Quark Drive|[fromitem]\n|-start|p2a: Iron Valiant|quarkdrivespe\n|turn|14\n|inactive|Mansonabuluting has 120 seconds left.\n|\n|t:|1700056341\n|move|p2a: Iron Valiant|Calm Mind|p2a: Iron Valiant\n|-boost|p2a: Iron Valiant|spa|1\n|-boost|p2a: Iron Valiant|spd|1\n|move|p1a: Volcanion|Steam Eruption|p2a: Iron Valiant\n|-damage|p2a: Iron Valiant|0 fnt\n|faint|p2a: Iron Valiant\n|-end|p2a: Iron Valiant|Quark Drive|[silent]\n|\n|-heal|p1a: Volcanion|100\/100|[from] Grassy Terrain\n|upkeep\n|\n|t:|1700056350\n|switch|p2a: Armarouge|Armarouge, F|100\/100\n|turn|15\n|\n|t:|1700056353\n|move|p2a: Armarouge|Expanding Force|p1a: Volcanion\n|-damage|p1a: Volcanion|58\/100\n|move|p1a: Volcanion|Steam Eruption|p2a: Armarouge|[miss]\n|-miss|p1a: Volcanion|p2a: Armarouge\n|\n|-heal|p1a: Volcanion|64\/100|[from] Grassy Terrain\n|-fieldend|move: Grassy Terrain\n|upkeep\n|turn|16\n|\n|t:|1700056356\n|move|p2a: Armarouge|Expanding Force|p1a: Volcanion\n|-damage|p1a: Volcanion|23\/100\n|move|p1a: Volcanion|Steam Eruption|p2a: Armarouge\n|-supereffective|p2a: Armarouge\n|-enditem|p2a: Armarouge|Focus Sash\n|-damage|p2a: Armarouge|1\/100\n|\n|upkeep\n|turn|17\n|-message|Apoteosis forfeited.\n|\n|win|Mansonabuluting\n|raw|Mansonabuluting's rating: 1645 &rarr; <strong>1666<\/strong><br \/>(+21 for winning)\n|raw|Apoteosis's rating: 1663 &rarr; <strong>1642<\/strong><br \/>(-21 for losing)\n|l|\u2606Apoteosis\n|l|\u2606Mansonabuluting\n|l| Yoink 0\n|l| No Nice Names Left\n","uploadtime":1700056810,"views":6,"p1id":"mansonabuluting","p2id":"apoteosis","formatid":"gen9ou","rating":1642,"private":0,"password":""}