{"id":"gen9ou-1993098267","p1":"Kanehusky13","p2":"ss_wobblewok","format":"[Gen 9] OU","log":"|j|\u2606Kanehusky13\n|j|\u2606ss_wobblewok\n|t:|1700264532\n|gametype|singles\n|player|p1|Kanehusky13|2|1413\n|player|p2|ss_wobblewok|parasollady|1329\n|teamsize|p1|6\n|teamsize|p2|6\n|gen|9\n|tier|[Gen 9] OU\n|rated|\n|rule|Sleep Clause Mod: Limit one foe put to sleep\n|rule|Species Clause: Limit one of each Pok\u00e9mon\n|rule|OHKO Clause: OHKO moves are banned\n|rule|Evasion Items Clause: Evasion items are banned\n|rule|Evasion Moves Clause: Evasion moves are banned\n|rule|Endless Battle Clause: Forcing endless battles is banned\n|rule|HP Percentage Mod: HP is shown in percentages\n|clearpoke\n|poke|p1|Ninetales, M|\n|poke|p1|Walking Wake|\n|poke|p1|Dragonite, M|\n|poke|p1|Lilligant-Hisui, F|\n|poke|p1|Cinderace, F|\n|poke|p1|Hatterene, F|\n|poke|p2|Ogerpon-Cornerstone, F|\n|poke|p2|Heatran, F|\n|poke|p2|Toxapex, F|\n|poke|p2|Ribombee, F|\n|poke|p2|Zapdos|\n|poke|p2|Cinderace, F|\n|teampreview\n|\n|t:|1700264544\n|start\n|switch|p1a: Cinderace|Cinderace, F|100\/100\n|switch|p2a: Ribombee|Ribombee, F|100\/100\n|turn|1\n|\n|t:|1700264550\n|switch|p2a: Heatran|Heatran, F|100\/100\n|-item|p2a: Heatran|Air Balloon\n|move|p1a: Cinderace|Pyro Ball|p2a: Heatran\n|-start|p2a: Heatran|ability: Flash Fire\n|\n|upkeep\n|turn|2\n|\n|t:|1700264559\n|-terastallize|p2a: Heatran|Grass\n|move|p1a: Cinderace|U-turn|p2a: Heatran\n|-start|p1a: Cinderace|typechange|Bug|[from] ability: Libero\n|-supereffective|p2a: Heatran\n|-damage|p2a: Heatran|41\/100\n|-enditem|p2a: Heatran|Air Balloon\n|\n|t:|1700264565\n|switch|p1a: Ninetales|Ninetales, M|100\/100|[from] U-turn\n|-weather|SunnyDay|[from] ability: Drought|[of] p1a: Ninetales\n|move|p2a: Heatran|Stealth Rock|p1a: Ninetales\n|-sidestart|p1: Kanehusky13|move: Stealth Rock\n|\n|-weather|SunnyDay|[upkeep]\n|upkeep\n|turn|3\n|\n|t:|1700264576\n|move|p1a: Ninetales|Encore|p2a: Heatran\n|-start|p2a: Heatran|Encore\n|move|p2a: Heatran|Stealth Rock||[still]\n|-fail|p2a: Heatran\n|\n|-weather|SunnyDay|[upkeep]\n|upkeep\n|turn|4\n|\n|t:|1700264585\n|switch|p1a: Cinderace|Cinderace, F|100\/100\n|-end|p2a: Heatran|ability: Flash Fire|[silent]\n|switch|p2a: Toxapex|Toxapex, F|100\/100\n|\n|-weather|SunnyDay|[upkeep]\n|upkeep\n|turn|5\n|\n|t:|1700264592\n|switch|p1a: Hatterene|Hatterene, F|100\/100\n|-damage|p1a: Hatterene|88\/100|[from] Stealth Rock\n|move|p2a: Toxapex|Baneful Bunker||[still]\n|-fail|p2a: Toxapex\n|\n|-weather|SunnyDay|[upkeep]\n|upkeep\n|turn|6\n|\n|t:|1700264597\n|move|p1a: Hatterene|Psyshock|p2a: Toxapex\n|-supereffective|p2a: Toxapex\n|-damage|p2a: Toxapex|53\/100\n|move|p2a: Toxapex|Infestation|p1a: Hatterene\n|-damage|p1a: Hatterene|85\/100\n|-activate|p1a: Hatterene|move: Infestation|[of] p2a: Toxapex\n|-enditem|p1a: Hatterene|Eject Button\n|\n|t:|1700264606\n|switch|p1a: Cinderace|Cinderace, F|100\/100\n|\n|-weather|SunnyDay|[upkeep]\n|-heal|p2a: Toxapex|59\/100|[from] item: Leftovers\n|upkeep\n|turn|7\n|\n|t:|1700264646\n|switch|p2a: Zapdos|Zapdos|100\/100\n|-ability|p2a: Zapdos|Pressure\n|move|p1a: Cinderace|Court Change|p1a: Cinderace\n|-start|p1a: Cinderace|typechange|Normal|[from] ability: Libero\n|-swapsideconditions\n|-activate|p1a: Cinderace|move: Court Change\n|\n|-weather|SunnyDay|[upkeep]\n|upkeep\n|turn|8\n|\n|t:|1700264654\n|move|p1a: Cinderace|Pyro Ball|p2a: Zapdos|[miss]\n|-miss|p1a: Cinderace|p2a: Zapdos\n|move|p2a: Zapdos|Volt Switch|p1a: Cinderace\n|-damage|p1a: Cinderace|42\/100\n|\n|t:|1700264666\n|switch|p2a: Cinderace|Cinderace, F|100\/100|[from] Volt Switch\n|\n|-weather|SunnyDay|[upkeep]\n|upkeep\n|turn|9\n|\n|t:|1700264671\n|move|p1a: Cinderace|Will-O-Wisp|p2a: Cinderace|[miss]\n|-miss|p1a: Cinderace|p2a: Cinderace\n|move|p2a: Cinderace|High Jump Kick|p1a: Cinderace\n|-start|p2a: Cinderace|typechange|Fighting|[from] ability: Libero\n|-supereffective|p1a: Cinderace\n|-damage|p1a: Cinderace|0 fnt\n|faint|p1a: Cinderace\n|\n|-weather|none\n|upkeep\n|\n|t:|1700264681\n|switch|p1a: Ninetales|Ninetales, M|100\/100\n|-weather|SunnyDay|[from] ability: Drought|[of] p1a: Ninetales\n|turn|10\n|c|\u2606ss_wobblewok|id just ff atp\n|\n|t:|1700264689\n|switch|p1a: Lilligant|Lilligant-Hisui, F|100\/100\n|move|p2a: Cinderace|Court Change|p2a: Cinderace\n|-swapsideconditions\n|-activate|p2a: Cinderace|move: Court Change\n|\n|-weather|SunnyDay|[upkeep]\n|upkeep\n|turn|11\n|\n|t:|1700264695\n|-terastallize|p1a: Lilligant|Ground\n|move|p1a: Lilligant|Tera Blast|p2a: Cinderace|[anim] Tera Blast Ground\n|-damage|p2a: Cinderace|32\/100\n|-damage|p1a: Lilligant|91\/100|[from] item: Life Orb\n|move|p2a: Cinderace|Gunk Shot|p1a: Lilligant\n|-resisted|p1a: Lilligant\n|-damage|p1a: Lilligant|59\/100\n|\n|-weather|SunnyDay|[upkeep]\n|upkeep\n|turn|12\n|\n|t:|1700264706\n|switch|p2a: Zapdos|Zapdos|100\/100\n|-ability|p2a: Zapdos|Pressure\n|move|p1a: Lilligant|Growth|p1a: Lilligant\n|-boost|p1a: Lilligant|atk|2\n|-boost|p1a: Lilligant|spa|2\n|\n|-weather|SunnyDay|[upkeep]\n|upkeep\n|turn|13\n|\n|t:|1700264714\n|move|p1a: Lilligant|Ice Spinner|p2a: Zapdos\n|-supereffective|p2a: Zapdos\n|-damage|p2a: Zapdos|0 fnt\n|faint|p2a: Zapdos\n|-damage|p1a: Lilligant|49\/100|[from] item: Life Orb\n|\n|-weather|SunnyDay|[upkeep]\n|upkeep\n|\n|t:|1700264727\n|switch|p2a: Toxapex|Toxapex, F|93\/100\n|turn|14\n|\n|t:|1700264750\n|move|p1a: Lilligant|Solar Blade||[still]\n|-prepare|p1a: Lilligant|Solar Blade\n|-anim|p1a: Lilligant|Solar Blade|p2a: Toxapex\n|-damage|p2a: Toxapex|0 fnt\n|faint|p2a: Toxapex\n|-damage|p1a: Lilligant|39\/100|[from] item: Life Orb\n|\n|-weather|SunnyDay|[upkeep]\n|upkeep\n|\n|t:|1700264755\n|switch|p2a: Ribombee|Ribombee, F|100\/100\n|turn|15\n|\n|t:|1700264767\n|move|p1a: Lilligant|Ice Spinner|p2a: Ribombee\n|-enditem|p2a: Ribombee|Focus Sash\n|-damage|p2a: Ribombee|1\/100\n|-damage|p1a: Lilligant|29\/100|[from] item: Life Orb\n|move|p2a: Ribombee|Moonblast|p1a: Lilligant\n|-damage|p1a: Lilligant|0 fnt\n|faint|p1a: Lilligant\n|\n|-weather|SunnyDay|[upkeep]\n|upkeep\n|\n|t:|1700264779\n|switch|p1a: Dragonite|Dragonite, M|100\/100\n|-damage|p1a: Dragonite|76\/100|[from] Stealth Rock\n|turn|16\n|\n|t:|1700264798\n|move|p1a: Dragonite|Extreme Speed|p2a: Ribombee\n|-damage|p2a: Ribombee|0 fnt\n|faint|p2a: Ribombee\n|\n|-weather|SunnyDay|[upkeep]\n|upkeep\n|\n|t:|1700264802\n|switch|p2a: Ogerpon WeIIspring|Ogerpon-Cornerstone, F|100\/100\n|turn|17\n|\n|t:|1700264809\n|move|p2a: Ogerpon WeIIspring|Encore|p1a: Dragonite\n|-start|p1a: Dragonite|Encore\n|move|p1a: Dragonite|Extreme Speed|p2a: Ogerpon WeIIspring\n|-resisted|p2a: Ogerpon WeIIspring\n|-damage|p2a: Ogerpon WeIIspring|75\/100\n|\n|-weather|none\n|upkeep\n|turn|18\n|\n|t:|1700264815\n|switch|p1a: Ninetales|Ninetales, M|100\/100\n|-damage|p1a: Ninetales|76\/100|[from] Stealth Rock\n|-weather|SunnyDay|[from] ability: Drought|[of] p1a: Ninetales\n|move|p2a: Ogerpon WeIIspring|Swords Dance|p2a: Ogerpon WeIIspring\n|-boost|p2a: Ogerpon WeIIspring|atk|2\n|\n|-weather|SunnyDay|[upkeep]\n|upkeep\n|turn|19\n|\n|t:|1700264824\n|move|p2a: Ogerpon WeIIspring|Ivy Cudgel|p1a: Ninetales|[anim] Ivy Cudgel Rock\n|-supereffective|p1a: Ninetales\n|-damage|p1a: Ninetales|0 fnt\n|faint|p1a: Ninetales\n|\n|-weather|SunnyDay|[upkeep]\n|upkeep\n|\n|t:|1700264826\n|switch|p1a: Walking Wake|Walking Wake|100\/100\n|-damage|p1a: Walking Wake|88\/100|[from] Stealth Rock\n|-activate|p1a: Walking Wake|ability: Protosynthesis\n|-start|p1a: Walking Wake|protosynthesisspe\n|turn|20\n|\n|t:|1700264840\n|move|p1a: Walking Wake|Hydro Steam|p2a: Ogerpon WeIIspring\n|-damage|p2a: Ogerpon WeIIspring|0 fnt\n|faint|p2a: Ogerpon WeIIspring\n|\n|-weather|SunnyDay|[upkeep]\n|upkeep\n|\n|t:|1700264844\n|switch|p2a: Cinderace|Cinderace, F|32\/100\n|turn|21\n|\n|t:|1700264849\n|move|p1a: Walking Wake|Hydro Steam|p2a: Cinderace\n|-supereffective|p2a: Cinderace\n|-damage|p2a: Cinderace|0 fnt\n|faint|p2a: Cinderace\n|\n|-weather|SunnyDay|[upkeep]\n|upkeep\n|c|\u2606Kanehusky13|Forfeit after that huh\n|c|\u2606Kanehusky13|gg\n|c|\u2606ss_wobblewok|ya\n|\n|t:|1700264864\n|switch|p2a: Heatran|Heatran, F, tera:Grass|41\/100\n|turn|22\n|\n|t:|1700264868\n|move|p1a: Walking Wake|Hydro Steam|p2a: Heatran\n|-resisted|p2a: Heatran\n|-damage|p2a: Heatran|6\/100\n|move|p2a: Heatran|Magma Storm|p1a: Walking Wake\n|-resisted|p1a: Walking Wake\n|-damage|p1a: Walking Wake|62\/100\n|-activate|p1a: Walking Wake|move: Magma Storm|[of] p2a: Heatran\n|\n|-weather|SunnyDay|[upkeep]\n|-damage|p1a: Walking Wake|50\/100|[from] move: Magma Storm|[partiallytrapped]\n|upkeep\n|turn|23\n|\n|t:|1700264875\n|move|p1a: Walking Wake|Hydro Steam|p2a: Heatran\n|-resisted|p2a: Heatran\n|-damage|p2a: Heatran|0 fnt\n|faint|p2a: Heatran\n|\n|win|Kanehusky13\n|raw|Kanehusky13's rating: 1413 &rarr; <strong>1428<\/strong><br \/>(+15 for winning)\n|raw|ss_wobblewok's rating: 1329 &rarr; <strong>1314<\/strong><br \/>(-15 for losing)\n|c|\u2606ss_wobblewok|ur mid!\n|l|\u2606ss_wobblewok\n","uploadtime":1700264917,"views":20,"p1id":"kanehusky13","p2id":"sswobblewok","formatid":"gen9ou","rating":1314,"private":0,"password":""}