{"id":"gen9ou-1994858650","p1":"WRLD_Endu","p2":"Vixen 4 Life","format":"[Gen 9] OU","log":"|j|\u2606WRLD_Endu\n|j|\u2606Vixen 4 Life\n|t:|1700499254\n|gametype|singles\n|player|p1|WRLD_Endu|lance|1219\n|player|p2|Vixen 4 Life|penny|1318\n|teamsize|p1|6\n|teamsize|p2|6\n|gen|9\n|tier|[Gen 9] OU\n|rated|\n|rule|Sleep Clause Mod: Limit one foe put to sleep\n|rule|Species Clause: Limit one of each Pok\u00e9mon\n|rule|OHKO Clause: OHKO moves are banned\n|rule|Evasion Items Clause: Evasion items are banned\n|rule|Evasion Moves Clause: Evasion moves are banned\n|rule|Endless Battle Clause: Forcing endless battles is banned\n|rule|HP Percentage Mod: HP is shown in percentages\n|clearpoke\n|poke|p1|Grafaiai, F|\n|poke|p1|Rillaboom, M|\n|poke|p1|Zapdos|\n|poke|p1|Corviknight, F|\n|poke|p1|Clefable, M|\n|poke|p1|Toxapex, M|\n|poke|p2|Toxapex, M|\n|poke|p2|Clodsire, M|\n|poke|p2|Corviknight, M|\n|poke|p2|Skeledirge, M|\n|poke|p2|Slowking-Galar, M|\n|poke|p2|Ting-Lu|\n|teampreview\n|\n|t:|1700499261\n|start\n|switch|p1a: Best of the trio|Zapdos, shiny|100\/100\n|switch|p2a: El Cantante|Skeledirge, M, shiny|100\/100\n|turn|1\n|inactive|Battle timer is ON: inactive players will automatically lose when time's up. (requested by WRLD_Endu)\n|\n|t:|1700499267\n|move|p1a: Best of the trio|Hurricane|p2a: El Cantante\n|-damage|p2a: El Cantante|50\/100\n|move|p2a: El Cantante|Torch Song|p1a: Best of the trio\n|-damage|p1a: Best of the trio|56\/100\n|-boost|p2a: El Cantante|spa|1\n|\n|-heal|p2a: El Cantante|56\/100|[from] item: Leftovers\n|upkeep\n|turn|2\n|\n|t:|1700499274\n|move|p1a: Best of the trio|Volt Switch|p2a: El Cantante\n|-damage|p2a: El Cantante|20\/100\n|\n|t:|1700499283\n|switch|p1a: Emo asf|Toxapex, M, shiny|100\/100|[from] Volt Switch\n|move|p2a: El Cantante|Slack Off|p2a: El Cantante\n|-heal|p2a: El Cantante|70\/100\n|\n|-heal|p2a: El Cantante|76\/100|[from] item: Leftovers\n|upkeep\n|turn|3\n|\n|t:|1700499290\n|switch|p2a: Da Dirtiest Baby|Clodsire, M, shiny|100\/100\n|move|p1a: Emo asf|Toxic|p2a: Da Dirtiest Baby\n|-immune|p2a: Da Dirtiest Baby\n|\n|upkeep\n|turn|4\n|\n|t:|1700499297\n|switch|p1a: Best of the trio|Zapdos, shiny|56\/100\n|move|p2a: Da Dirtiest Baby|Earthquake|p1a: Best of the trio\n|-immune|p1a: Best of the trio\n|\n|upkeep\n|turn|5\n|\n|t:|1700499305\n|switch|p1a: Omen|Corviknight, F, shiny|100\/100\n|-ability|p1a: Omen|Pressure\n|move|p2a: Da Dirtiest Baby|Poison Jab|p1a: Omen\n|-immune|p1a: Omen\n|\n|upkeep\n|turn|6\n|\n|t:|1700499316\n|switch|p2a: El Cantante|Skeledirge, M, shiny|76\/100\n|move|p1a: Omen|Defog|p2a: El Cantante\n|-unboost|p2a: El Cantante|evasion|1\n|\n|-heal|p2a: El Cantante|83\/100|[from] item: Leftovers\n|upkeep\n|turn|7\n|\n|t:|1700499322\n|switch|p1a: Emo asf|Toxapex, M, shiny|100\/100\n|move|p2a: El Cantante|Will-O-Wisp|p1a: Emo asf\n|-status|p1a: Emo asf|brn\n|\n|-heal|p2a: El Cantante|89\/100|[from] item: Leftovers\n|-damage|p1a: Emo asf|94\/100 brn|[from] brn\n|upkeep\n|turn|8\n|\n|t:|1700499327\n|switch|p2a: Da Dirtiest Baby|Clodsire, M, shiny|100\/100\n|move|p1a: Emo asf|Infestation|p2a: Da Dirtiest Baby\n|-resisted|p2a: Da Dirtiest Baby\n|-damage|p2a: Da Dirtiest Baby|99\/100\n|-activate|p2a: Da Dirtiest Baby|move: Infestation|[of] p1a: Emo asf\n|\n|-heal|p1a: Emo asf|100\/100 brn|[from] item: Leftovers\n|-damage|p1a: Emo asf|94\/100 brn|[from] brn\n|-damage|p2a: Da Dirtiest Baby|87\/100|[from] move: Infestation|[partiallytrapped]\n|upkeep\n|turn|9\n|\n|t:|1700499335\n|switch|p1a: Omen|Corviknight, F, shiny|100\/100\n|-ability|p1a: Omen|Pressure\n|move|p2a: Da Dirtiest Baby|Earthquake|p1a: Omen\n|-immune|p1a: Omen\n|\n|-end|p2a: Da Dirtiest Baby|Infestation|[partiallytrapped]|[silent]\n|upkeep\n|turn|10\n|\n|t:|1700499350\n|switch|p2a: Glowking|Slowking-Galar, M, shiny|100\/100\n|move|p1a: Omen|U-turn|p2a: Glowking\n|-damage|p2a: Glowking|85\/100\n|\n|t:|1700499353\n|switch|p1a: Frieza's enemy|Rillaboom, M, shiny|100\/100|[from] U-turn\n|-fieldstart|move: Grassy Terrain|[from] ability: Grassy Surge|[of] p1a: Frieza's enemy\n|\n|-heal|p2a: Glowking|91\/100|[from] Grassy Terrain\n|upkeep\n|turn|11\n|\n|t:|1700499358\n|switch|p2a: Sir Typhoon|Corviknight, M, shiny|100\/100\n|move|p1a: Frieza's enemy|Knock Off|p2a: Sir Typhoon\n|-damage|p2a: Sir Typhoon|55\/100\n|-enditem|p2a: Sir Typhoon|Leftovers|[from] move: Knock Off|[of] p1a: Frieza's enemy\n|\n|upkeep\n|turn|12\n|\n|t:|1700499364\n|switch|p1a: Best of the trio|Zapdos, shiny|56\/100\n|move|p2a: Sir Typhoon|Roost|p2a: Sir Typhoon\n|-heal|p2a: Sir Typhoon|100\/100\n|-singleturn|p2a: Sir Typhoon|move: Roost\n|\n|upkeep\n|turn|13\n|\n|t:|1700499369\n|switch|p2a: Ting-Lu Reaction|Ting-Lu|100\/100\n|-ability|p2a: Ting-Lu Reaction|Vessel of Ruin\n|move|p1a: Best of the trio|Roost|p1a: Best of the trio\n|-heal|p1a: Best of the trio|100\/100\n|-singleturn|p1a: Best of the trio|move: Roost\n|\n|upkeep\n|turn|14\n|\n|t:|1700499383\n|switch|p1a: Omen|Corviknight, F, shiny|100\/100\n|-ability|p1a: Omen|Pressure\n|move|p2a: Ting-Lu Reaction|Payback|p1a: Omen\n|-damage|p1a: Omen|81\/100\n|\n|-fieldend|move: Grassy Terrain\n|upkeep\n|turn|15\n|\n|t:|1700499394\n|move|p1a: Omen|U-turn|p2a: Ting-Lu Reaction\n|-supereffective|p2a: Ting-Lu Reaction\n|-damage|p2a: Ting-Lu Reaction|85\/100\n|\n|t:|1700499399\n|switch|p1a: Frieza's enemy|Rillaboom, M, shiny|100\/100|[from] U-turn\n|-fieldstart|move: Grassy Terrain|[from] ability: Grassy Surge|[of] p1a: Frieza's enemy\n|move|p2a: Ting-Lu Reaction|Payback|p1a: Frieza's enemy\n|-damage|p1a: Frieza's enemy|73\/100\n|\n|-heal|p1a: Frieza's enemy|79\/100|[from] Grassy Terrain\n|-heal|p2a: Ting-Lu Reaction|92\/100|[from] Grassy Terrain\n|upkeep\n|turn|16\n|\n|t:|1700499406\n|switch|p2a: Sir Typhoon|Corviknight, M, shiny|100\/100\n|move|p1a: Frieza's enemy|Wood Hammer|p2a: Sir Typhoon\n|-resisted|p2a: Sir Typhoon\n|-damage|p2a: Sir Typhoon|73\/100\n|-damage|p1a: Frieza's enemy|69\/100|[from] Recoil\n|\n|-heal|p1a: Frieza's enemy|76\/100|[from] Grassy Terrain\n|upkeep\n|turn|17\n|\n|t:|1700499413\n|switch|p1a: Omen|Corviknight, F, shiny|81\/100\n|-ability|p1a: Omen|Pressure\n|switch|p2a: El Cantante|Skeledirge, M, shiny|89\/100\n|\n|-heal|p2a: El Cantante|95\/100|[from] Grassy Terrain\n|-heal|p2a: El Cantante|100\/100|[from] item: Leftovers\n|upkeep\n|turn|18\n|\n|t:|1700499420\n|switch|p1a: Best of the trio|Zapdos, shiny|100\/100\n|move|p2a: El Cantante|Earth Power|p1a: Best of the trio\n|-immune|p1a: Best of the trio\n|\n|upkeep\n|turn|19\n|\n|t:|1700499423\n|move|p1a: Best of the trio|Hurricane|p2a: El Cantante|[miss]\n|-miss|p1a: Best of the trio|p2a: El Cantante\n|move|p2a: El Cantante|Torch Song|p1a: Best of the trio\n|-damage|p1a: Best of the trio|58\/100\n|-boost|p2a: El Cantante|spa|1\n|\n|-fieldend|move: Grassy Terrain\n|upkeep\n|turn|20\n|\n|t:|1700499429\n|switch|p1a: Emo asf|Toxapex, M, shiny|100\/100 brn\n|move|p2a: El Cantante|Torch Song|p1a: Emo asf\n|-resisted|p1a: Emo asf\n|-damage|p1a: Emo asf|81\/100 brn\n|-boost|p2a: El Cantante|spa|1\n|\n|-heal|p1a: Emo asf|87\/100 brn|[from] item: Leftovers\n|-damage|p1a: Emo asf|81\/100 brn|[from] brn\n|upkeep\n|turn|21\n|\n|t:|1700499434\n|move|p2a: El Cantante|Earth Power|p1a: Emo asf\n|-supereffective|p1a: Emo asf\n|-damage|p1a: Emo asf|2\/100 brn\n|move|p1a: Emo asf|Infestation|p2a: El Cantante\n|-resisted|p2a: El Cantante\n|-damage|p2a: El Cantante|99\/100\n|-activate|p2a: El Cantante|move: Infestation|[of] p1a: Emo asf\n|\n|-heal|p2a: El Cantante|100\/100|[from] item: Leftovers\n|-heal|p1a: Emo asf|8\/100 brn|[from] item: Leftovers\n|-damage|p1a: Emo asf|2\/100 brn|[from] brn\n|-damage|p2a: El Cantante|88\/100|[from] move: Infestation|[partiallytrapped]\n|upkeep\n|turn|22\n|\n|t:|1700499442\n|switch|p1a: Best of the trio|Zapdos, shiny|58\/100\n|move|p2a: El Cantante|Torch Song|p1a: Best of the trio\n|-damage|p1a: Best of the trio|0 fnt\n|-boost|p2a: El Cantante|spa|1\n|faint|p1a: Best of the trio\n|\n|-heal|p2a: El Cantante|94\/100|[from] item: Leftovers\n|-end|p2a: El Cantante|Infestation|[partiallytrapped]|[silent]\n|upkeep\n|\n|t:|1700499450\n|switch|p1a: Frieza's enemy|Rillaboom, M, shiny|76\/100\n|-fieldstart|move: Grassy Terrain|[from] ability: Grassy Surge|[of] p1a: Frieza's enemy\n|turn|23\n|\n|t:|1700499453\n|switch|p2a: Sir Typhoon|Corviknight, M, shiny|73\/100\n|move|p1a: Frieza's enemy|Knock Off|p2a: Sir Typhoon\n|-damage|p2a: Sir Typhoon|45\/100\n|\n|-heal|p1a: Frieza's enemy|82\/100|[from] Grassy Terrain\n|upkeep\n|turn|24\n|\n|t:|1700499460\n|move|p1a: Frieza's enemy|Knock Off|p2a: Sir Typhoon\n|-damage|p2a: Sir Typhoon|18\/100\n|move|p2a: Sir Typhoon|Roost|p2a: Sir Typhoon\n|-heal|p2a: Sir Typhoon|68\/100\n|-singleturn|p2a: Sir Typhoon|move: Roost\n|\n|-heal|p1a: Frieza's enemy|88\/100|[from] Grassy Terrain\n|-heal|p2a: Sir Typhoon|74\/100|[from] Grassy Terrain\n|upkeep\n|turn|25\n|\n|t:|1700499471\n|switch|p1a: Emo asf|Toxapex, M, shiny|35\/100 brn\n|move|p2a: Sir Typhoon|Bulk Up|p2a: Sir Typhoon\n|-boost|p2a: Sir Typhoon|atk|1\n|-boost|p2a: Sir Typhoon|def|1\n|\n|-heal|p1a: Emo asf|41\/100 brn|[from] Grassy Terrain\n|-heal|p1a: Emo asf|48\/100 brn|[from] item: Leftovers\n|-damage|p1a: Emo asf|41\/100 brn|[from] brn\n|upkeep\n|turn|26\n|\n|t:|1700499478\n|move|p2a: Sir Typhoon|Bulk Up|p2a: Sir Typhoon\n|-boost|p2a: Sir Typhoon|atk|1\n|-boost|p2a: Sir Typhoon|def|1\n|move|p1a: Emo asf|Haze|p1a: Emo asf\n|-clearallboost\n|\n|-heal|p1a: Emo asf|48\/100 brn|[from] Grassy Terrain\n|-heal|p1a: Emo asf|54\/100 brn|[from] item: Leftovers\n|-damage|p1a: Emo asf|48\/100 brn|[from] brn\n|upkeep\n|turn|27\n|\n|t:|1700499485\n|switch|p2a: Glowking|Slowking-Galar, M, shiny|100\/100\n|move|p1a: Emo asf|Recover|p1a: Emo asf\n|-heal|p1a: Emo asf|98\/100 brn\n|\n|-heal|p1a: Emo asf|100\/100 brn|[from] Grassy Terrain\n|-damage|p1a: Emo asf|94\/100 brn|[from] brn\n|-fieldend|move: Grassy Terrain\n|upkeep\n|turn|28\n|\n|t:|1700499504\n|switch|p1a: Frieza's enemy|Rillaboom, M, shiny|88\/100\n|-fieldstart|move: Grassy Terrain|[from] ability: Grassy Surge|[of] p1a: Frieza's enemy\n|move|p2a: Glowking|Future Sight|p1a: Frieza's enemy\n|-start|p2a: Glowking|move: Future Sight\n|\n|-heal|p1a: Frieza's enemy|94\/100|[from] Grassy Terrain\n|upkeep\n|turn|29\n|\n|t:|1700499510\n|switch|p2a: Ting-Lu Reaction|Ting-Lu|92\/100\n|-ability|p2a: Ting-Lu Reaction|Vessel of Ruin\n|move|p1a: Frieza's enemy|U-turn|p2a: Ting-Lu Reaction\n|-supereffective|p2a: Ting-Lu Reaction\n|-damage|p2a: Ting-Lu Reaction|49\/100\n|\n|t:|1700499522\n|switch|p1a: Omen|Corviknight, F, shiny|81\/100|[from] U-turn\n|-ability|p1a: Omen|Pressure\n|\n|-heal|p2a: Ting-Lu Reaction|55\/100|[from] Grassy Terrain\n|upkeep\n|turn|30\n|\n|t:|1700499531\n|move|p1a: Omen|Body Press|p2a: Ting-Lu Reaction\n|-supereffective|p2a: Ting-Lu Reaction\n|-damage|p2a: Ting-Lu Reaction|24\/100\n|move|p2a: Ting-Lu Reaction|Payback|p1a: Omen\n|-damage|p1a: Omen|41\/100\n|\n|-end|p1a: Omen|move: Future Sight\n|-resisted|p1a: Omen\n|-damage|p1a: Omen|21\/100\n|-heal|p2a: Ting-Lu Reaction|30\/100|[from] Grassy Terrain\n|upkeep\n|turn|31\n|\n|t:|1700499543\n|switch|p2a: El Cantante|Skeledirge, M, shiny|94\/100\n|move|p1a: Omen|Body Press|p2a: El Cantante\n|-immune|p2a: El Cantante\n|\n|-heal|p2a: El Cantante|99\/100|[from] Grassy Terrain\n|-heal|p2a: El Cantante|100\/100|[from] item: Leftovers\n|upkeep\n|turn|32\n|\n|t:|1700499552\n|switch|p1a: Emo asf|Toxapex, M, shiny|100\/100 brn\n|move|p2a: El Cantante|Torch Song|p1a: Emo asf\n|-resisted|p1a: Emo asf\n|-damage|p1a: Emo asf|86\/100 brn\n|-boost|p2a: El Cantante|spa|1\n|\n|-heal|p1a: Emo asf|92\/100 brn|[from] Grassy Terrain\n|-heal|p1a: Emo asf|98\/100 brn|[from] item: Leftovers\n|-damage|p1a: Emo asf|92\/100 brn|[from] brn\n|-fieldend|move: Grassy Terrain\n|upkeep\n|turn|33\n|\n|t:|1700499560\n|switch|p2a: Da Dirtiest Baby|Clodsire, M, shiny|87\/100\n|move|p1a: Emo asf|Haze|p1a: Emo asf\n|-clearallboost\n|\n|-heal|p1a: Emo asf|98\/100 brn|[from] item: Leftovers\n|-damage|p1a: Emo asf|92\/100 brn|[from] brn\n|upkeep\n|turn|34\n|\n|t:|1700499571\n|switch|p1a: Frieza's enemy|Rillaboom, M, shiny|94\/100\n|-fieldstart|move: Grassy Terrain|[from] ability: Grassy Surge|[of] p1a: Frieza's enemy\n|switch|p2a: Pex-A-Plex|Toxapex, M, shiny|100\/100\n|\n|-heal|p1a: Frieza's enemy|100\/100|[from] Grassy Terrain\n|upkeep\n|turn|35\n|\n|t:|1700499577\n|move|p1a: Frieza's enemy|Wood Hammer|p2a: Pex-A-Plex\n|-damage|p2a: Pex-A-Plex|2\/100\n|-damage|p1a: Frieza's enemy|74\/100|[from] Recoil\n|move|p2a: Pex-A-Plex|Lunge|p1a: Frieza's enemy\n|-supereffective|p1a: Frieza's enemy\n|-damage|p1a: Frieza's enemy|28\/100\n|-unboost|p1a: Frieza's enemy|atk|1\n|\n|-heal|p1a: Frieza's enemy|34\/100|[from] Grassy Terrain\n|-heal|p2a: Pex-A-Plex|8\/100|[from] Grassy Terrain\n|upkeep\n|turn|36\n|\n|t:|1700499591\n|switch|p1a: I don't like u|Clefable, M, shiny|100\/100\n|switch|p2a: El Cantante|Skeledirge, M, shiny|100\/100\n|\n|upkeep\n|turn|37\n|\n|t:|1700499595\n|move|p2a: El Cantante|Torch Song|p1a: I don't like u\n|-damage|p1a: I don't like u|69\/100\n|-boost|p2a: El Cantante|spa|1\n|move|p1a: I don't like u|Wish|p1a: I don't like u\n|\n|-heal|p1a: I don't like u|75\/100|[from] Grassy Terrain\n|-heal|p1a: I don't like u|81\/100|[from] item: Leftovers\n|upkeep\n|turn|38\n|\n|t:|1700499600\n|move|p2a: El Cantante|Torch Song|p1a: I don't like u\n|-damage|p1a: I don't like u|50\/100\n|-boost|p2a: El Cantante|spa|1\n|move|p1a: I don't like u|Calm Mind|p1a: I don't like u\n|-boost|p1a: I don't like u|spa|1\n|-boost|p1a: I don't like u|spd|1\n|\n|-heal|p1a: I don't like u|100\/100|[from] move: Wish|[wisher] I don't like u\n|-fieldend|move: Grassy Terrain\n|upkeep\n|turn|39\n|\n|t:|1700499608\n|move|p2a: El Cantante|Will-O-Wisp|p1a: I don't like u\n|-status|p1a: I don't like u|brn\n|move|p1a: I don't like u|Calm Mind|p1a: I don't like u\n|-boost|p1a: I don't like u|spa|1\n|-boost|p1a: I don't like u|spd|1\n|\n|-damage|p1a: I don't like u|94\/100 brn|[from] brn\n|upkeep\n|turn|40\n|\n|t:|1700499618\n|switch|p2a: Ting-Lu Reaction|Ting-Lu|30\/100\n|-ability|p2a: Ting-Lu Reaction|Vessel of Ruin\n|move|p1a: I don't like u|Moonblast|p2a: Ting-Lu Reaction\n|-supereffective|p2a: Ting-Lu Reaction\n|-damage|p2a: Ting-Lu Reaction|0 fnt\n|faint|p2a: Ting-Lu Reaction\n|\n|-heal|p1a: I don't like u|100\/100 brn|[from] item: Leftovers\n|-damage|p1a: I don't like u|94\/100 brn|[from] brn\n|upkeep\n|\n|t:|1700499622\n|switch|p2a: Pex-A-Plex|Toxapex, M, shiny|42\/100\n|turn|41\n|\n|t:|1700499627\n|move|p1a: I don't like u|Moonblast|p2a: Pex-A-Plex\n|-resisted|p2a: Pex-A-Plex\n|-damage|p2a: Pex-A-Plex|16\/100\n|-unboost|p2a: Pex-A-Plex|spa|1\n|move|p2a: Pex-A-Plex|Poison Jab|p1a: I don't like u\n|-supereffective|p1a: I don't like u\n|-damage|p1a: I don't like u|29\/100 brn\n|\n|-heal|p1a: I don't like u|35\/100 brn|[from] item: Leftovers\n|-damage|p1a: I don't like u|29\/100 brn|[from] brn\n|upkeep\n|turn|42\n|\n|t:|1700499634\n|move|p1a: I don't like u|Moonblast|p2a: Pex-A-Plex\n|-resisted|p2a: Pex-A-Plex\n|-damage|p2a: Pex-A-Plex|0 fnt\n|faint|p2a: Pex-A-Plex\n|\n|-heal|p1a: I don't like u|35\/100 brn|[from] item: Leftovers\n|-damage|p1a: I don't like u|29\/100 brn|[from] brn\n|upkeep\n|\n|t:|1700499637\n|switch|p2a: Sir Typhoon|Corviknight, M, shiny|74\/100\n|turn|43\n|\n|t:|1700499643\n|switch|p1a: Emo asf|Toxapex, M, shiny|100\/100 brn\n|move|p2a: Sir Typhoon|Brave Bird|p1a: Emo asf\n|-damage|p1a: Emo asf|76\/100 brn\n|-damage|p2a: Sir Typhoon|68\/100|[from] Recoil\n|\n|-heal|p1a: Emo asf|83\/100 brn|[from] item: Leftovers\n|-damage|p1a: Emo asf|76\/100 brn|[from] brn\n|upkeep\n|turn|44\n|\n|t:|1700499663\n|switch|p2a: Glowking|Slowking-Galar, M, shiny|100\/100\n|move|p1a: Emo asf|Recover|p1a: Emo asf\n|-heal|p1a: Emo asf|100\/100 brn\n|\n|-damage|p1a: Emo asf|94\/100 brn|[from] brn\n|upkeep\n|turn|45\n|\n|t:|1700499668\n|move|p1a: Emo asf|Infestation|p2a: Glowking\n|-damage|p2a: Glowking|99\/100\n|-activate|p2a: Glowking|move: Infestation|[of] p1a: Emo asf\n|move|p2a: Glowking|Future Sight|p1a: Emo asf\n|-start|p2a: Glowking|move: Future Sight\n|\n|-heal|p1a: Emo asf|100\/100 brn|[from] item: Leftovers\n|-damage|p1a: Emo asf|94\/100 brn|[from] brn\n|-damage|p2a: Glowking|87\/100|[from] move: Infestation|[partiallytrapped]\n|upkeep\n|turn|46\n|\n|t:|1700499681\n|switch|p1a: Omen|Corviknight, F, shiny|21\/100\n|-ability|p1a: Omen|Pressure\n|move|p2a: Glowking|Flamethrower|p1a: Omen\n|-supereffective|p1a: Omen\n|-damage|p1a: Omen|0 fnt\n|faint|p1a: Omen\n|\n|-end|p2a: Glowking|Infestation|[partiallytrapped]|[silent]\n|upkeep\n|\n|t:|1700499697\n|switch|p1a: Frieza's enemy|Rillaboom, M, shiny|34\/100\n|-fieldstart|move: Grassy Terrain|[from] ability: Grassy Surge|[of] p1a: Frieza's enemy\n|turn|47\n|\n|t:|1700499700\n|switch|p2a: Sir Typhoon|Corviknight, M, shiny|68\/100\n|move|p1a: Frieza's enemy|U-turn|p2a: Sir Typhoon\n|-resisted|p2a: Sir Typhoon\n|-damage|p2a: Sir Typhoon|61\/100\n|\n|t:|1700499709\n|switch|p1a: Emo asf|Toxapex, M, shiny|100\/100 brn|[from] U-turn\n|\n|-end|p1a: Emo asf|move: Future Sight\n|-supereffective|p1a: Emo asf\n|-damage|p1a: Emo asf|3\/100 brn\n|-heal|p1a: Emo asf|9\/100 brn|[from] Grassy Terrain\n|-heal|p1a: Emo asf|16\/100 brn|[from] item: Leftovers\n|-damage|p1a: Emo asf|9\/100 brn|[from] brn\n|upkeep\n|turn|48\n|\n|t:|1700499715\n|switch|p1a: I don't like u|Clefable, M, shiny|29\/100 brn\n|move|p2a: Sir Typhoon|Brave Bird|p1a: I don't like u\n|-damage|p1a: I don't like u|0 fnt\n|faint|p1a: I don't like u\n|-damage|p2a: Sir Typhoon|52\/100|[from] Recoil\n|\n|upkeep\n|\n|t:|1700499740\n|switch|p1a: OMG SNEASLER|Grafaiai, F, shiny|100\/100\n|-enditem|p1a: OMG SNEASLER|Grassy Seed\n|-boost|p1a: OMG SNEASLER|def|1|[from] item: Grassy Seed\n|turn|49\n|\n|t:|1700499750\n|switch|p2a: El Cantante|Skeledirge, M, shiny|100\/100\n|move|p1a: OMG SNEASLER|Swords Dance|p1a: OMG SNEASLER\n|-boost|p1a: OMG SNEASLER|atk|2\n|\n|upkeep\n|turn|50\n|\n|t:|1700499767\n|move|p1a: OMG SNEASLER|Gunk Shot|p2a: El Cantante\n|-resisted|p2a: El Cantante\n|-damage|p2a: El Cantante|79\/100\n|-status|p2a: El Cantante|psn\n|move|p2a: El Cantante|Will-O-Wisp|p1a: OMG SNEASLER\n|-status|p1a: OMG SNEASLER|brn\n|\n|-heal|p2a: El Cantante|85\/100 psn|[from] Grassy Terrain\n|-heal|p2a: El Cantante|92\/100 psn|[from] item: Leftovers\n|-damage|p2a: El Cantante|79\/100 psn|[from] psn\n|-damage|p1a: OMG SNEASLER|95\/100 brn|[from] brn\n|upkeep\n|turn|51\n|l|\u2606WRLD_Endu\n|inactive|WRLD_Endu disconnected and has a minute to reconnect!\n|player|p1|\n|c|\u2606Vixen 4 Life|LMAO\n|inactive|WRLD_Endu has 30 seconds to reconnect!\n|inactive|WRLD_Endu has 20 seconds to reconnect!\n|inactive|WRLD_Endu has 15 seconds to reconnect!\n|inactive|WRLD_Endu has 10 seconds to reconnect!\n|inactive|WRLD_Endu has 5 seconds to reconnect!\n|j|\u2606WRLD_Endu\n|inactive|WRLD_Endu reconnected and has 85 seconds left.\n|player|p1|WRLD_Endu|lance\n|c|\u2606Vixen 4 Life|Its joever\n|\n|t:|1700499847\n|move|p1a: OMG SNEASLER|Acrobatics|p2a: El Cantante\n|-damage|p2a: El Cantante|67\/100 psn\n|move|p2a: El Cantante|Earth Power|p1a: OMG SNEASLER\n|-supereffective|p1a: OMG SNEASLER\n|-damage|p1a: OMG SNEASLER|8\/100 brn\n|\n|-heal|p1a: OMG SNEASLER|14\/100 brn|[from] Grassy Terrain\n|-heal|p2a: El Cantante|73\/100 psn|[from] Grassy Terrain\n|-heal|p2a: El Cantante|79\/100 psn|[from] item: Leftovers\n|-damage|p2a: El Cantante|67\/100 psn|[from] psn\n|-damage|p1a: OMG SNEASLER|8\/100 brn|[from] brn\n|-fieldend|move: Grassy Terrain\n|upkeep\n|turn|52\n|\n|t:|1700499855\n|move|p1a: OMG SNEASLER|Acrobatics|p2a: El Cantante\n|-damage|p2a: El Cantante|54\/100 psn\n|move|p2a: El Cantante|Slack Off|p2a: El Cantante\n|-heal|p2a: El Cantante|100\/100 psn\n|\n|-damage|p2a: El Cantante|88\/100 psn|[from] psn\n|-damage|p1a: OMG SNEASLER|2\/100 brn|[from] brn\n|upkeep\n|turn|53\n|\n|t:|1700499865\n|move|p1a: OMG SNEASLER|Gunk Shot|p2a: El Cantante\n|-resisted|p2a: El Cantante\n|-damage|p2a: El Cantante|77\/100 psn\n|move|p2a: El Cantante|Slack Off|p2a: El Cantante\n|-heal|p2a: El Cantante|100\/100 psn\n|\n|-damage|p2a: El Cantante|88\/100 psn|[from] psn\n|-damage|p1a: OMG SNEASLER|0 fnt|[from] brn\n|faint|p1a: OMG SNEASLER\n|upkeep\n|\n|t:|1700499878\n|switch|p1a: Frieza's enemy|Rillaboom, M, shiny|34\/100\n|-fieldstart|move: Grassy Terrain|[from] ability: Grassy Surge|[of] p1a: Frieza's enemy\n|turn|54\n|\n|t:|1700499885\n|-terastallize|p2a: El Cantante|Grass\n|move|p1a: Frieza's enemy|Knock Off|p2a: El Cantante\n|-damage|p2a: El Cantante|49\/100 psn\n|-enditem|p2a: El Cantante|Leftovers|[from] move: Knock Off|[of] p1a: Frieza's enemy\n|move|p2a: El Cantante|Will-O-Wisp|p1a: Frieza's enemy\n|-status|p1a: Frieza's enemy|brn\n|\n|-heal|p1a: Frieza's enemy|40\/100 brn|[from] Grassy Terrain\n|-heal|p2a: El Cantante|55\/100 psn|[from] Grassy Terrain\n|-damage|p2a: El Cantante|43\/100 psn|[from] psn\n|-damage|p1a: Frieza's enemy|34\/100 brn|[from] brn\n|upkeep\n|turn|55\n|\n|t:|1700499895\n|switch|p1a: Emo asf|Toxapex, M, shiny|43\/100 brn\n|move|p2a: El Cantante|Slack Off|p2a: El Cantante\n|-heal|p2a: El Cantante|93\/100 psn\n|\n|-heal|p2a: El Cantante|99\/100 psn|[from] Grassy Terrain\n|-heal|p1a: Emo asf|49\/100 brn|[from] Grassy Terrain\n|-heal|p1a: Emo asf|55\/100 brn|[from] item: Leftovers\n|-damage|p2a: El Cantante|86\/100 psn|[from] psn\n|-damage|p1a: Emo asf|49\/100 brn|[from] brn\n|upkeep\n|turn|56\n|\n|t:|1700499902\n|move|p2a: El Cantante|Earth Power|p1a: Emo asf\n|-supereffective|p1a: Emo asf\n|-damage|p1a: Emo asf|5\/100 brn\n|move|p1a: Emo asf|Recover|p1a: Emo asf\n|-heal|p1a: Emo asf|55\/100 brn\n|\n|-heal|p2a: El Cantante|92\/100 psn|[from] Grassy Terrain\n|-heal|p1a: Emo asf|62\/100 brn|[from] Grassy Terrain\n|-heal|p1a: Emo asf|68\/100 brn|[from] item: Leftovers\n|-damage|p2a: El Cantante|80\/100 psn|[from] psn\n|-damage|p1a: Emo asf|62\/100 brn|[from] brn\n|upkeep\n|turn|57\n|\n|t:|1700499906\n|move|p2a: El Cantante|Torch Song|p1a: Emo asf\n|-resisted|p1a: Emo asf\n|-damage|p1a: Emo asf|47\/100 brn\n|-boost|p2a: El Cantante|spa|1\n|move|p1a: Emo asf|Recover|p1a: Emo asf\n|-heal|p1a: Emo asf|97\/100 brn\n|\n|-heal|p2a: El Cantante|86\/100 psn|[from] Grassy Terrain\n|-heal|p1a: Emo asf|100\/100 brn|[from] Grassy Terrain\n|-damage|p2a: El Cantante|74\/100 psn|[from] psn\n|-damage|p1a: Emo asf|94\/100 brn|[from] brn\n|upkeep\n|turn|58\n|\n|t:|1700499910\n|move|p2a: El Cantante|Earth Power|p1a: Emo asf\n|-supereffective|p1a: Emo asf\n|-damage|p1a: Emo asf|27\/100 brn\n|move|p1a: Emo asf|Haze|p1a: Emo asf\n|-clearallboost\n|\n|-heal|p2a: El Cantante|80\/100 psn|[from] Grassy Terrain\n|-heal|p1a: Emo asf|33\/100 brn|[from] Grassy Terrain\n|-heal|p1a: Emo asf|40\/100 brn|[from] item: Leftovers\n|-damage|p2a: El Cantante|67\/100 psn|[from] psn\n|-damage|p1a: Emo asf|33\/100 brn|[from] brn\n|-fieldend|move: Grassy Terrain\n|upkeep\n|turn|59\n|\n|t:|1700499914\n|switch|p1a: Frieza's enemy|Rillaboom, M, shiny|34\/100 brn\n|-fieldstart|move: Grassy Terrain|[from] ability: Grassy Surge|[of] p1a: Frieza's enemy\n|move|p2a: El Cantante|Torch Song|p1a: Frieza's enemy\n|-supereffective|p1a: Frieza's enemy\n|-damage|p1a: Frieza's enemy|0 fnt\n|-boost|p2a: El Cantante|spa|1\n|faint|p1a: Frieza's enemy\n|\n|-heal|p2a: El Cantante|74\/100 psn|[from] Grassy Terrain\n|-damage|p2a: El Cantante|61\/100 psn|[from] psn\n|upkeep\n|\n|t:|1700499921\n|switch|p1a: Emo asf|Toxapex, M, shiny|67\/100 brn\n|turn|60\n|c|\u2606Vixen 4 Life|GGS\n|\n|t:|1700499925\n|move|p2a: El Cantante|Earth Power|p1a: Emo asf\n|-supereffective|p1a: Emo asf\n|-damage|p1a: Emo asf|0 fnt\n|faint|p1a: Emo asf\n|\n|win|Vixen 4 Life\n|raw|WRLD_Endu's rating: 1219 &rarr; <strong>1201<\/strong><br \/>(-18 for losing)\n|raw|Vixen 4 Life's rating: 1318 &rarr; <strong>1332<\/strong><br \/>(+14 for winning)\n|l|\u2606WRLD_Endu\n","uploadtime":1700499935,"views":7,"p1id":"wrldendu","p2id":"vixen4life","formatid":"gen9ou","rating":1201,"private":0,"password":""}