{"id":"gen9ou-1996178307","p1":"Instynxsz","p2":"amongus20202020","format":"[Gen 9] OU","log":"|j|\u2606Instynxsz\n|j|\u2606amongus20202020\n|t:|1700655567\n|gametype|singles\n|player|p1|Instynxsz|170|1042\n|player|p2|amongus20202020|ghetsis|1132\n|teamsize|p1|6\n|teamsize|p2|6\n|gen|9\n|tier|[Gen 9] OU\n|rated|\n|rule|Sleep Clause Mod: Limit one foe put to sleep\n|rule|Species Clause: Limit one of each Pok\u00e9mon\n|rule|OHKO Clause: OHKO moves are banned\n|rule|Evasion Items Clause: Evasion items are banned\n|rule|Evasion Moves Clause: Evasion moves are banned\n|rule|Endless Battle Clause: Forcing endless battles is banned\n|rule|HP Percentage Mod: HP is shown in percentages\n|clearpoke\n|poke|p1|Grimmsnarl, M|\n|poke|p1|Azumarill, M|\n|poke|p1|Pelipper, M|\n|poke|p1|Pawmot, M|\n|poke|p1|Ceruledge, F|\n|poke|p1|Torkoal, F|\n|poke|p2|Great Tusk|\n|poke|p2|Skeledirge, F|\n|poke|p2|Kingambit, F|\n|poke|p2|Dragapult, M|\n|poke|p2|Garganacl, M|\n|poke|p2|Corviknight, M|\n|teampreview\n|inactive|Battle timer is ON: inactive players will automatically lose when time's up. (requested by amongus20202020)\n|c|\u2606amongus20202020|oh no\n|\n|t:|1700655584\n|start\n|switch|p1a: Pelipper|Pelipper, M|100\/100\n|switch|p2a: Dreep n Dispair|Dragapult, M, shiny|100\/100\n|-weather|RainDance|[from] ability: Drizzle|[of] p1a: Pelipper\n|turn|1\n|c|\u2606Instynxsz|?\n|c|\u2606amongus20202020|weather team\n|\n|t:|1700655599\n|move|p2a: Dreep n Dispair|Dragon Dance|p2a: Dreep n Dispair\n|-boost|p2a: Dreep n Dispair|atk|1\n|-boost|p2a: Dreep n Dispair|spe|1\n|move|p1a: Pelipper|Hurricane|p2a: Dreep n Dispair\n|-damage|p2a: Dreep n Dispair|53\/100\n|\n|-weather|RainDance|[upkeep]\n|upkeep\n|turn|2\n|\n|t:|1700655606\n|move|p2a: Dreep n Dispair|Dragon Darts|p1a: Pelipper\n|-damage|p1a: Pelipper|74\/100\n|-anim|p2a: Dreep n Dispair|Dragon Darts|p1a: Pelipper\n|-crit|p1a: Pelipper\n|-damage|p1a: Pelipper|29\/100\n|move|p1a: Pelipper|U-turn|p2a: Dreep n Dispair\n|-resisted|p2a: Dreep n Dispair\n|-damage|p2a: Dreep n Dispair|47\/100\n|\n|t:|1700655614\n|switch|p1a: Azumarill|Azumarill, M, shiny|100\/100|[from] U-turn\n|\n|-weather|RainDance|[upkeep]\n|upkeep\n|turn|3\n|\n|t:|1700655624\n|-terastallize|p2a: Dreep n Dispair|Steel\n|move|p2a: Dreep n Dispair|Tera Blast|p1a: Azumarill|[anim] Tera Blast Steel\n|-damage|p1a: Azumarill|24\/100\n|-enditem|p1a: Azumarill|Sitrus Berry|[eat]\n|-heal|p1a: Azumarill|49\/100|[from] item: Sitrus Berry\n|move|p1a: Azumarill|Belly Drum||[still]\n|-fail|p1a: Azumarill\n|\n|-weather|RainDance|[upkeep]\n|upkeep\n|turn|4\n|\n|t:|1700655635\n|move|p1a: Azumarill|Aqua Jet|p2a: Dreep n Dispair\n|-damage|p2a: Dreep n Dispair|0 fnt\n|faint|p2a: Dreep n Dispair\n|\n|-weather|RainDance|[upkeep]\n|upkeep\n|c|\u2606amongus20202020|heheheheh\n|c|\u2606amongus20202020|oh yeh Azumarill has massive attack\n|c|\u2606Instynxsz|yeah\n|\n|t:|1700655652\n|switch|p2a: Sir Big Bird|Corviknight, M, shiny|100\/100\n|-ability|p2a: Sir Big Bird|Pressure\n|turn|5\n|c|\u2606Instynxsz|1.7k with belly drum\n|\n|t:|1700655666\n|switch|p1a: Pawmot|Pawmot, M|100\/100\n|move|p2a: Sir Big Bird|Bulk Up|p2a: Sir Big Bird\n|-boost|p2a: Sir Big Bird|atk|1\n|-boost|p2a: Sir Big Bird|def|1\n|\n|-weather|RainDance|[upkeep]\n|upkeep\n|turn|6\n|c|\u2606amongus20202020|pretty much only counter is Clodesire right?\n|\n|t:|1700655678\n|move|p1a: Pawmot|Thunder Punch|p2a: Sir Big Bird\n|-supereffective|p2a: Sir Big Bird\n|-damage|p2a: Sir Big Bird|49\/100\n|-damage|p1a: Pawmot|91\/100|[from] item: Life Orb\n|move|p2a: Sir Big Bird|Iron Head|p1a: Pawmot\n|-resisted|p1a: Pawmot\n|-damage|p1a: Pawmot|62\/100\n|\n|-weather|RainDance|[upkeep]\n|-heal|p2a: Sir Big Bird|56\/100|[from] item: Leftovers\n|upkeep\n|turn|7\n|\n|t:|1700655690\n|move|p1a: Pawmot|Thunder Punch|p2a: Sir Big Bird\n|-supereffective|p2a: Sir Big Bird\n|-damage|p2a: Sir Big Bird|0 fnt\n|faint|p2a: Sir Big Bird\n|-damage|p1a: Pawmot|52\/100|[from] item: Life Orb\n|\n|-weather|RainDance|[upkeep]\n|upkeep\n|c|\u2606Instynxsz|think so\n|\n|t:|1700655699\n|switch|p2a: Manny 2.0|Great Tusk, shiny|100\/100\n|turn|8\n|\n|t:|1700655704\n|switch|p1a: Grimmsnarl|Grimmsnarl, M|100\/100\n|move|p2a: Manny 2.0|Rapid Spin|p1a: Grimmsnarl\n|-damage|p1a: Grimmsnarl|82\/100\n|-boost|p2a: Manny 2.0|spe|1\n|\n|-weather|none\n|upkeep\n|turn|9\n|\n|t:|1700655714\n|-end|p2a: Manny 2.0|Protosynthesis|[silent]\n|switch|p2a: mojang|Garganacl, M|100\/100\n|move|p1a: Grimmsnarl|Light Screen|p1a: Grimmsnarl\n|-sidestart|p1: Instynxsz|move: Light Screen\n|\n|upkeep\n|turn|10\n|\n|t:|1700655737\n|move|p1a: Grimmsnarl|Reflect|p1a: Grimmsnarl\n|-sidestart|p1: Instynxsz|Reflect\n|move|p2a: mojang|Salt Cure|p1a: Grimmsnarl\n|-damage|p1a: Grimmsnarl|73\/100\n|-start|p1a: Grimmsnarl|Salt Cure\n|\n|-damage|p1a: Grimmsnarl|61\/100|[from] Salt Cure\n|upkeep\n|turn|11\n|c|\u2606amongus20202020|Salt Curee\n|\n|t:|1700655762\n|switch|p1a: Pelipper|Pelipper, M|29\/100\n|-weather|RainDance|[from] ability: Drizzle|[of] p1a: Pelipper\n|move|p2a: mojang|Iron Defense|p2a: mojang\n|-boost|p2a: mojang|def|2\n|\n|-weather|RainDance|[upkeep]\n|upkeep\n|turn|12\n|c|\u2606amongus20202020|Let me cure you\n|\n|t:|1700655772\n|move|p1a: Pelipper|Surf|p2a: mojang\n|-supereffective|p2a: mojang\n|-damage|p2a: mojang|44\/100\n|move|p2a: mojang|Salt Cure|p1a: Pelipper\n|-supereffective|p1a: Pelipper\n|-damage|p1a: Pelipper|18\/100\n|-start|p1a: Pelipper|Salt Cure\n|\n|-weather|RainDance|[upkeep]\n|-heal|p2a: mojang|50\/100|[from] item: Leftovers\n|-damage|p1a: Pelipper|0 fnt|[from] Salt Cure\n|faint|p1a: Pelipper\n|upkeep\n|\n|t:|1700655784\n|switch|p1a: Azumarill|Azumarill, M, shiny|49\/100\n|turn|13\n|\n|t:|1700655791\n|move|p1a: Azumarill|Aqua Jet|p2a: mojang\n|-supereffective|p2a: mojang\n|-damage|p2a: mojang|23\/100\n|move|p2a: mojang|Recover|p2a: mojang\n|-heal|p2a: mojang|73\/100\n|\n|-weather|RainDance|[upkeep]\n|-heal|p2a: mojang|79\/100|[from] item: Leftovers\n|upkeep\n|turn|14\n|c|\u2606amongus20202020|momment\n|\n|t:|1700655800\n|move|p1a: Azumarill|Liquidation|p2a: mojang\n|-supereffective|p2a: mojang\n|-damage|p2a: mojang|21\/100\n|move|p2a: mojang|Salt Cure|p1a: Azumarill\n|-damage|p1a: Azumarill|41\/100\n|-start|p1a: Azumarill|Salt Cure\n|\n|-weather|RainDance|[upkeep]\n|-heal|p2a: mojang|27\/100|[from] item: Leftovers\n|-damage|p1a: Azumarill|16\/100|[from] Salt Cure\n|upkeep\n|turn|15\n|c|\u2606Instynxsz|this truly is a pokemon showdown\n|\n|t:|1700655815\n|switch|p2a: Netflix|Kingambit, F, shiny|100\/100\n|-activate|p2a: Netflix|ability: Supreme Overlord\n|-start|p2a: Netflix|fallen2|[silent]\n|move|p1a: Azumarill|Liquidation|p2a: Netflix\n|-damage|p2a: Netflix|42\/100\n|\n|-weather|RainDance|[upkeep]\n|-damage|p1a: Azumarill|0 fnt|[from] Salt Cure\n|faint|p1a: Azumarill\n|upkeep\n|c|\u2606amongus20202020|Truly one of the showdowns of all time\n|\n|t:|1700655828\n|switch|p1a: Pawmot|Pawmot, M|52\/100\n|turn|16\n|\n|t:|1700655839\n|move|p2a: Netflix|Sucker Punch||[still]\n|-fail|p2a: Netflix\n|move|p1a: Pawmot|Revival Blessing|p1a: Pawmot\n|\n|t:|1700655844\n|-heal|p1: Azumarill|50\/100|[from] move: Revival Blessing\n|\n|-weather|RainDance|[upkeep]\n|-sideend|p1: Instynxsz|move: Light Screen\n|upkeep\n|turn|17\n|c|\u2606amongus20202020|AHHHH\n|\n|t:|1700655857\n|move|p2a: Netflix|Sucker Punch|p1a: Pawmot\n|-resisted|p1a: Pawmot\n|-damage|p1a: Pawmot|32\/100\n|move|p1a: Pawmot|Close Combat|p2a: Netflix\n|-supereffective|p2a: Netflix\n|-damage|p2a: Netflix|0 fnt\n|-unboost|p1a: Pawmot|def|1\n|-unboost|p1a: Pawmot|spd|1\n|faint|p2a: Netflix\n|-end|p2a: Netflix|fallen2|[silent]\n|-damage|p1a: Pawmot|22\/100|[from] item: Life Orb\n|\n|-weather|RainDance|[upkeep]\n|-sideend|p1: Instynxsz|Reflect\n|upkeep\n|\n|t:|1700655866\n|switch|p2a: mojang|Garganacl, M|27\/100\n|turn|18\n|c|\u2606Instynxsz|wouldnt it have been better to use kingambit as the last pokemon?\n|\n|t:|1700655879\n|switch|p2a: Lizze|Skeledirge, F|100\/100\n|move|p1a: Pawmot|Mach Punch|p2a: Lizze\n|-immune|p2a: Lizze\n|\n|-weather|none\n|upkeep\n|turn|19\n|\n|t:|1700655888\n|move|p1a: Pawmot|Thunder Punch|p2a: Lizze\n|-damage|p2a: Lizze|57\/100\n|-damage|p1a: Pawmot|12\/100|[from] item: Life Orb\n|move|p2a: Lizze|Will-O-Wisp|p1a: Pawmot\n|-status|p1a: Pawmot|brn\n|\n|-damage|p1a: Pawmot|6\/100 brn|[from] brn\n|upkeep\n|turn|20\n|c|\u2606amongus20202020|probably\n|\n|t:|1700655897\n|move|p1a: Pawmot|Thunder Punch|p2a: Lizze\n|-damage|p2a: Lizze|34\/100\n|-enditem|p2a: Lizze|Sitrus Berry|[eat]\n|-heal|p2a: Lizze|59\/100|[from] item: Sitrus Berry\n|-damage|p1a: Pawmot|0 fnt|[from] item: Life Orb\n|faint|p1a: Pawmot\n|move|p2a: Lizze|Slack Off|p2a: Lizze\n|-heal|p2a: Lizze|100\/100\n|\n|upkeep\n|c|\u2606amongus20202020|A showdown indeed\n|\n|t:|1700655913\n|switch|p1a: Azumarill|Azumarill, M, shiny|50\/100\n|turn|21\n|c|\u2606amongus20202020|Rip Crocodile\n|\n|t:|1700655929\n|move|p1a: Azumarill|Aqua Jet|p2a: Lizze\n|-supereffective|p2a: Lizze\n|-damage|p2a: Lizze|59\/100\n|move|p2a: Lizze|Will-O-Wisp|p1a: Azumarill\n|-status|p1a: Azumarill|brn\n|\n|-damage|p1a: Azumarill|44\/100 brn|[from] brn\n|upkeep\n|turn|22\n|c|\u2606amongus20202020|yoooo\n|c|\u2606amongus20202020|croc clutchhh\n|\n|t:|1700655940\n|move|p1a: Azumarill|Liquidation|p2a: Lizze\n|-supereffective|p2a: Lizze\n|-damage|p2a: Lizze|15\/100\n|move|p2a: Lizze|Hex|p1a: Azumarill\n|-damage|p1a: Azumarill|0 fnt\n|faint|p1a: Azumarill\n|\n|upkeep\n|c|\u2606Instynxsz|how come fire types are immuene but not water types\n|c|\u2606Instynxsz|to burn\n|\n|t:|1700655957\n|switch|p1a: Torkoal|Torkoal, F|100\/100\n|-weather|SunnyDay|[from] ability: Drought|[of] p1a: Torkoal\n|turn|23\n|c|\u2606Instynxsz|bruh moment\n|c|\u2606amongus20202020|because fire types produce internal fire\n|\n|t:|1700655970\n|move|p2a: Lizze|Slack Off|p2a: Lizze\n|-heal|p2a: Lizze|65\/100\n|move|p1a: Torkoal|Rapid Spin|p2a: Lizze\n|-immune|p2a: Lizze\n|\n|-weather|SunnyDay|[upkeep]\n|upkeep\n|turn|24\n|c|\u2606amongus20202020|they're naturally hot\n|c|\u2606Instynxsz|bro\n|\n|t:|1700655984\n|move|p2a: Lizze|Torch Song|p1a: Torkoal\n|-resisted|p1a: Torkoal\n|-damage|p1a: Torkoal|60\/100\n|-boost|p2a: Lizze|spa|1\n|move|p1a: Torkoal|Stealth Rock|p2a: Lizze\n|-sidestart|p2: amongus20202020|move: Stealth Rock\n|\n|-weather|SunnyDay|[upkeep]\n|upkeep\n|turn|25\n|\n|t:|1700655992\n|switch|p1a: Ceruledge|Ceruledge, F|100\/100\n|move|p2a: Lizze|Torch Song|p1a: Ceruledge\n|-start|p1a: Ceruledge|ability: Flash Fire\n|\n|-weather|SunnyDay|[upkeep]\n|upkeep\n|turn|26\n|\n|t:|1700656000\n|move|p1a: Ceruledge|Shadow Sneak|p2a: Lizze\n|-supereffective|p2a: Lizze\n|-damage|p2a: Lizze|19\/100\n|-damage|p1a: Ceruledge|91\/100|[from] item: Life Orb\n|move|p2a: Lizze|Hex|p1a: Ceruledge\n|-supereffective|p1a: Ceruledge\n|-damage|p1a: Ceruledge|0 fnt\n|faint|p1a: Ceruledge\n|\n|-weather|SunnyDay|[upkeep]\n|upkeep\n|c|\u2606Instynxsz|i literally cannot win now\n|c|\u2606amongus20202020|GGs\n|c|\u2606Instynxsz|wallahi i'm finished\n|c|\u2606Instynxsz|gg\n|c|\u2606amongus20202020|gg wp\n|c|\u2606Instynxsz|grimmsnar has no damaging moves\n|c|\u2606Instynxsz|torkoal\n|inactive|Instynxsz has 120 seconds left.\n|c|\u2606Instynxsz|hsa\n|c|\u2606amongus20202020|I thought Azumarill was gonna just 1 shot Skele lol\n|c|\u2606Instynxsz|shit moves\n|c|\u2606Instynxsz|yeah same\n|c|\u2606Instynxsz|gg\n|-message|Instynxsz forfeited.\n|\n|win|amongus20202020\n|raw|Instynxsz's rating: 1042 &rarr; <strong>1030<\/strong><br \/>(-12 for losing)\n|raw|amongus20202020's rating: 1132 &rarr; <strong>1151<\/strong><br \/>(+19 for winning)\n|l|\u2606Instynxsz\n","uploadtime":1700656063,"views":5,"p1id":"instynxsz","p2id":"amongus20202020","formatid":"gen9ou","rating":1030,"private":0,"password":""}