{"id":"gen9ou-1990065078","p1":"CatchLoveKing","p2":"Amaruwoki777","format":"[Gen 9] OU","log":"|j|\u2606CatchLoveKing\n|j|\u2606Amaruwoki777\n|t:|1699920770\n|gametype|singles\n|player|p1|CatchLoveKing|2|1133\n|player|p2|Amaruwoki777|n|1162\n|teamsize|p1|6\n|teamsize|p2|6\n|gen|9\n|tier|[Gen 9] OU\n|rated|\n|rule|Sleep Clause Mod: Limit one foe put to sleep\n|rule|Species Clause: Limit one of each Pok\u00e9mon\n|rule|OHKO Clause: OHKO moves are banned\n|rule|Evasion Items Clause: Evasion items are banned\n|rule|Evasion Moves Clause: Evasion moves are banned\n|rule|Endless Battle Clause: Forcing endless battles is banned\n|rule|HP Percentage Mod: HP is shown in percentages\n|clearpoke\n|poke|p1|Corviknight, M|\n|poke|p1|Moltres|\n|poke|p1|Ogerpon-Wellspring, F|\n|poke|p1|Great Tusk|\n|poke|p1|Hydreigon, F|\n|poke|p1|Slowking-Galar, M|\n|poke|p2|Dondozo, F|\n|poke|p2|Great Tusk|\n|poke|p2|Clodsire, F|\n|poke|p2|Dragapult, F|\n|poke|p2|Hatterene, F|\n|poke|p2|Kingambit, M|\n|teampreview\n|\n|t:|1699920778\n|start\n|switch|p1a: Ogerpon|Ogerpon-Wellspring, F|100\/100\n|switch|p2a: Fly Me To OU|Clodsire, F, shiny|100\/100\n|turn|1\n|\n|t:|1699920784\n|move|p1a: Ogerpon|U-turn|p2a: Fly Me To OU\n|-resisted|p2a: Fly Me To OU\n|-damage|p2a: Fly Me To OU|86\/100\n|\n|t:|1699920787\n|switch|p1a: Slowking|Slowking-Galar, M|100\/100|[from] U-turn\n|move|p2a: Fly Me To OU|Toxic|p1a: Slowking\n|-immune|p1a: Slowking\n|\n|-heal|p2a: Fly Me To OU|92\/100|[from] item: Leftovers\n|upkeep\n|turn|2\n|\n|t:|1699920795\n|move|p1a: Slowking|Future Sight|p2a: Fly Me To OU\n|-start|p1a: Slowking|move: Future Sight\n|move|p2a: Fly Me To OU|Stealth Rock|p1a: Slowking\n|-sidestart|p1: CatchLoveKing|move: Stealth Rock\n|\n|-heal|p2a: Fly Me To OU|98\/100|[from] item: Leftovers\n|upkeep\n|turn|3\n|\n|t:|1699920801\n|move|p1a: Slowking|Chilly Reception|p1a: Slowking\n|-weather|Snow\n|\n|t:|1699920804\n|switch|p1a: Corviknight|Corviknight, M|100\/100|[from] Chilly Reception\n|-damage|p1a: Corviknight|88\/100|[from] Stealth Rock\n|-ability|p1a: Corviknight|Pressure\n|move|p2a: Fly Me To OU|Earthquake|p1a: Corviknight\n|-immune|p1a: Corviknight\n|\n|-weather|Snow|[upkeep]\n|-heal|p2a: Fly Me To OU|100\/100|[from] item: Leftovers\n|upkeep\n|turn|4\n|\n|t:|1699920822\n|switch|p2a: I ate tatsugiri|Dondozo, F, shiny|100\/100\n|move|p1a: Corviknight|Defog|p2a: I ate tatsugiri\n|-unboost|p2a: I ate tatsugiri|evasion|1\n|-sideend|p1: CatchLoveKing|Stealth Rock|[from] move: Defog|[of] p1a: Corviknight\n|\n|-weather|Snow|[upkeep]\n|-end|p2a: I ate tatsugiri|move: Future Sight\n|-damage|p2a: I ate tatsugiri|74\/100\n|-heal|p2a: I ate tatsugiri|80\/100|[from] item: Leftovers\n|upkeep\n|turn|5\n|\n|t:|1699920834\n|move|p1a: Corviknight|U-turn|p2a: I ate tatsugiri\n|-damage|p2a: I ate tatsugiri|71\/100\n|\n|t:|1699920838\n|switch|p1a: Ogerpon|Ogerpon-Wellspring, F|100\/100|[from] U-turn\n|move|p2a: I ate tatsugiri|Curse|p2a: I ate tatsugiri\n|-unboost|p2a: I ate tatsugiri|spe|1\n|-boost|p2a: I ate tatsugiri|atk|1\n|-boost|p2a: I ate tatsugiri|def|1\n|\n|-weather|Snow|[upkeep]\n|-heal|p2a: I ate tatsugiri|77\/100|[from] item: Leftovers\n|upkeep\n|turn|6\n|\n|t:|1699920849\n|move|p1a: Ogerpon|Horn Leech|p2a: I ate tatsugiri\n|-supereffective|p2a: I ate tatsugiri\n|-damage|p2a: I ate tatsugiri|40\/100\n|move|p2a: I ate tatsugiri|Rest|p2a: I ate tatsugiri\n|-status|p2a: I ate tatsugiri|slp|[from] move: Rest\n|-heal|p2a: I ate tatsugiri|100\/100 slp|[silent]\n|\n|-weather|Snow|[upkeep]\n|upkeep\n|turn|7\n|\n|t:|1699920857\n|switch|p2a: Fly Me To OU|Clodsire, F, shiny|100\/100\n|move|p1a: Ogerpon|Horn Leech|p2a: Fly Me To OU\n|-damage|p2a: Fly Me To OU|55\/100\n|\n|-weather|none\n|-heal|p2a: Fly Me To OU|61\/100|[from] item: Leftovers\n|upkeep\n|turn|8\n|\n|t:|1699920866\n|move|p1a: Ogerpon|U-turn|p2a: Fly Me To OU\n|-resisted|p2a: Fly Me To OU\n|-damage|p2a: Fly Me To OU|46\/100\n|\n|t:|1699920868\n|switch|p1a: Great Tusk|Great Tusk|100\/100|[from] U-turn\n|move|p2a: Fly Me To OU|Earthquake|p1a: Great Tusk\n|-damage|p1a: Great Tusk|85\/100\n|\n|-heal|p1a: Great Tusk|91\/100|[from] item: Leftovers\n|-heal|p2a: Fly Me To OU|52\/100|[from] item: Leftovers\n|upkeep\n|turn|9\n|\n|t:|1699920881\n|-terastallize|p2a: Fly Me To OU|Flying\n|move|p1a: Great Tusk|Earthquake|p2a: Fly Me To OU\n|-immune|p2a: Fly Me To OU\n|move|p2a: Fly Me To OU|Toxic|p1a: Great Tusk\n|-status|p1a: Great Tusk|tox\n|\n|-heal|p1a: Great Tusk|97\/100 tox|[from] item: Leftovers\n|-heal|p2a: Fly Me To OU|58\/100|[from] item: Leftovers\n|-damage|p1a: Great Tusk|91\/100 tox|[from] psn\n|upkeep\n|turn|10\n|\n|t:|1699920897\n|switch|p2a: Elizabeth Olsen|Hatterene, F, shiny|100\/100\n|move|p1a: Great Tusk|Ice Spinner|p2a: Elizabeth Olsen\n|-damage|p2a: Elizabeth Olsen|68\/100\n|\n|-heal|p1a: Great Tusk|97\/100 tox|[from] item: Leftovers\n|-damage|p1a: Great Tusk|85\/100 tox|[from] psn\n|upkeep\n|turn|11\n|\n|t:|1699920907\n|-end|p1a: Great Tusk|Protosynthesis|[silent]\n|switch|p1a: Slowking|Slowking-Galar, M|100\/100\n|move|p2a: Elizabeth Olsen|Psyshock|p1a: Slowking\n|-crit|p1a: Slowking\n|-damage|p1a: Slowking|0 fnt\n|faint|p1a: Slowking\n|\n|upkeep\n|\n|t:|1699920922\n|switch|p1a: Ogerpon|Ogerpon-Wellspring, F|100\/100\n|turn|12\n|\n|t:|1699920927\n|move|p1a: Ogerpon|Horn Leech|p2a: Elizabeth Olsen\n|-damage|p2a: Elizabeth Olsen|24\/100\n|move|p2a: Elizabeth Olsen|Psyshock|p1a: Ogerpon\n|-damage|p1a: Ogerpon|12\/100\n|\n|upkeep\n|turn|13\n|\n|t:|1699920937\n|switch|p2a: Sir Ronald XVI|Kingambit, M, shiny|100\/100\n|move|p1a: Ogerpon|Horn Leech|p2a: Sir Ronald XVI\n|-resisted|p2a: Sir Ronald XVI\n|-damage|p2a: Sir Ronald XVI|83\/100\n|-heal|p1a: Ogerpon|24\/100|[from] drain|[of] p2a: Sir Ronald XVI\n|\n|-heal|p2a: Sir Ronald XVI|90\/100|[from] item: Leftovers\n|upkeep\n|turn|14\n|\n|t:|1699920946\n|switch|p1a: Moltres|Moltres|100\/100\n|move|p2a: Sir Ronald XVI|Swords Dance|p2a: Sir Ronald XVI\n|-boost|p2a: Sir Ronald XVI|atk|2\n|\n|-heal|p2a: Sir Ronald XVI|96\/100|[from] item: Leftovers\n|upkeep\n|turn|15\n|\n|t:|1699920953\n|move|p2a: Sir Ronald XVI|Sucker Punch|p1a: Moltres\n|-damage|p1a: Moltres|41\/100\n|move|p1a: Moltres|Flamethrower|p2a: Sir Ronald XVI\n|-supereffective|p2a: Sir Ronald XVI\n|-damage|p2a: Sir Ronald XVI|23\/100\n|\n|-heal|p2a: Sir Ronald XVI|30\/100|[from] item: Leftovers\n|upkeep\n|turn|16\n|\n|t:|1699920966\n|move|p1a: Moltres|Roost|p1a: Moltres\n|-heal|p1a: Moltres|91\/100\n|-singleturn|p1a: Moltres|move: Roost\n|move|p2a: Sir Ronald XVI|Swords Dance|p2a: Sir Ronald XVI\n|-boost|p2a: Sir Ronald XVI|atk|2\n|\n|-heal|p2a: Sir Ronald XVI|36\/100|[from] item: Leftovers\n|upkeep\n|turn|17\n|\n|t:|1699920974\n|move|p2a: Sir Ronald XVI|Sucker Punch|p1a: Moltres\n|-damage|p1a: Moltres|1\/100\n|-status|p2a: Sir Ronald XVI|brn|[from] ability: Flame Body|[of] p1a: Moltres\n|move|p1a: Moltres|Flamethrower|p2a: Sir Ronald XVI\n|-supereffective|p2a: Sir Ronald XVI\n|-damage|p2a: Sir Ronald XVI|0 fnt\n|faint|p2a: Sir Ronald XVI\n|-end|p2a: Sir Ronald XVI|fallenundefined|[silent]\n|\n|upkeep\n|\n|t:|1699920985\n|switch|p2a: Drazooka|Dragapult, F, shiny|100\/100\n|turn|18\n|\n|t:|1699920996\n|move|p2a: Drazooka|Dragon Darts|p1a: Moltres\n|-damage|p1a: Moltres|0 fnt\n|faint|p1a: Moltres\n|\n|upkeep\n|\n|t:|1699921000\n|switch|p1a: Hydreigon|Hydreigon, F|100\/100\n|turn|19\n|\n|t:|1699921007\n|move|p1a: Hydreigon|Dark Pulse|p2a: Drazooka\n|-supereffective|p2a: Drazooka\n|-damage|p2a: Drazooka|0 fnt\n|faint|p2a: Drazooka\n|\n|upkeep\n|\n|t:|1699921021\n|switch|p2a: Elizabeth Olsen|Hatterene, F, shiny|24\/100\n|turn|20\n|\n|t:|1699921030\n|move|p1a: Hydreigon|Dark Pulse|p2a: Elizabeth Olsen\n|-damage|p2a: Elizabeth Olsen|0 fnt\n|faint|p2a: Elizabeth Olsen\n|\n|upkeep\n|\n|t:|1699921036\n|switch|p2a: Bernie|Great Tusk, shiny|100\/100\n|turn|21\n|inactive|Battle timer is ON: inactive players will automatically lose when time's up. (requested by CatchLoveKing)\n|\n|t:|1699921044\n|switch|p1a: Corviknight|Corviknight, M|88\/100\n|-ability|p1a: Corviknight|Pressure\n|move|p2a: Bernie|Ice Spinner|p1a: Corviknight\n|-damage|p1a: Corviknight|73\/100\n|-damage|p2a: Bernie|84\/100|[from] item: Rocky Helmet|[of] p1a: Corviknight\n|\n|-heal|p2a: Bernie|90\/100|[from] item: Leftovers\n|upkeep\n|turn|22\n|\n|t:|1699921053\n|move|p2a: Bernie|Knock Off|p1a: Corviknight\n|-damage|p1a: Corviknight|57\/100\n|-damage|p2a: Bernie|74\/100|[from] item: Rocky Helmet|[of] p1a: Corviknight\n|-enditem|p1a: Corviknight|Rocky Helmet|[from] move: Knock Off|[of] p2a: Bernie\n|move|p1a: Corviknight|U-turn|p2a: Bernie\n|-resisted|p2a: Bernie\n|-damage|p2a: Bernie|70\/100\n|\n|t:|1699921064\n|switch|p1a: Ogerpon|Ogerpon-Wellspring, F|24\/100|[from] U-turn\n|\n|-heal|p2a: Bernie|76\/100|[from] item: Leftovers\n|upkeep\n|turn|23\n|\n|t:|1699921069\n|-end|p2a: Bernie|Protosynthesis|[silent]\n|switch|p2a: Fly Me To OU|Clodsire, F, shiny, tera:Flying|58\/100\n|move|p1a: Ogerpon|Horn Leech|p2a: Fly Me To OU\n|-resisted|p2a: Fly Me To OU\n|-damage|p2a: Fly Me To OU|34\/100\n|-heal|p1a: Ogerpon|43\/100|[from] drain|[of] p2a: Fly Me To OU\n|\n|-heal|p2a: Fly Me To OU|40\/100|[from] item: Leftovers\n|upkeep\n|turn|24\n|\n|t:|1699921087\n|move|p1a: Ogerpon|Horn Leech|p2a: Fly Me To OU\n|-resisted|p2a: Fly Me To OU\n|-damage|p2a: Fly Me To OU|14\/100\n|-heal|p1a: Ogerpon|63\/100|[from] drain|[of] p2a: Fly Me To OU\n|move|p2a: Fly Me To OU|Recover|p2a: Fly Me To OU\n|-heal|p2a: Fly Me To OU|64\/100\n|\n|-heal|p2a: Fly Me To OU|70\/100|[from] item: Leftovers\n|upkeep\n|turn|25\n|\n|t:|1699921097\n|move|p1a: Ogerpon|U-turn|p2a: Fly Me To OU\n|-resisted|p2a: Fly Me To OU\n|-damage|p2a: Fly Me To OU|54\/100\n|\n|t:|1699921100\n|switch|p1a: Corviknight|Corviknight, M|57\/100|[from] U-turn\n|-ability|p1a: Corviknight|Pressure\n|move|p2a: Fly Me To OU|Toxic|p1a: Corviknight\n|-immune|p1a: Corviknight\n|\n|-heal|p2a: Fly Me To OU|60\/100|[from] item: Leftovers\n|upkeep\n|turn|26\n|\n|t:|1699921110\n|move|p1a: Corviknight|U-turn|p2a: Fly Me To OU\n|-resisted|p2a: Fly Me To OU\n|-damage|p2a: Fly Me To OU|52\/100\n|\n|t:|1699921115\n|switch|p1a: Great Tusk|Great Tusk|85\/100 tox|[from] U-turn\n|move|p2a: Fly Me To OU|Recover|p2a: Fly Me To OU\n|-heal|p2a: Fly Me To OU|100\/100\n|\n|-heal|p1a: Great Tusk|91\/100 tox|[from] item: Leftovers\n|-damage|p1a: Great Tusk|85\/100 tox|[from] psn\n|upkeep\n|turn|27\n|\n|t:|1699921132\n|-end|p1a: Great Tusk|Protosynthesis|[silent]\n|switch|p1a: Ogerpon|Ogerpon-Wellspring, F|63\/100\n|switch|p2a: I ate tatsugiri|Dondozo, F, shiny|100\/100 slp\n|\n|upkeep\n|turn|28\n|\n|t:|1699921145\n|switch|p2a: Fly Me To OU|Clodsire, F, shiny, tera:Flying|100\/100\n|move|p1a: Ogerpon|Knock Off|p2a: Fly Me To OU\n|-damage|p2a: Fly Me To OU|60\/100\n|-enditem|p2a: Fly Me To OU|Leftovers|[from] move: Knock Off|[of] p1a: Ogerpon\n|\n|upkeep\n|turn|29\n|\n|t:|1699921154\n|move|p1a: Ogerpon|U-turn|p2a: Fly Me To OU\n|-resisted|p2a: Fly Me To OU\n|-damage|p2a: Fly Me To OU|44\/100\n|\n|t:|1699921158\n|switch|p1a: Great Tusk|Great Tusk|85\/100 tox|[from] U-turn\n|move|p2a: Fly Me To OU|Recover|p2a: Fly Me To OU\n|-heal|p2a: Fly Me To OU|94\/100\n|\n|-heal|p1a: Great Tusk|91\/100 tox|[from] item: Leftovers\n|-damage|p1a: Great Tusk|85\/100 tox|[from] psn\n|upkeep\n|turn|30\n|\n|t:|1699921169\n|move|p1a: Great Tusk|Ice Spinner|p2a: Fly Me To OU\n|-supereffective|p2a: Fly Me To OU\n|-damage|p2a: Fly Me To OU|21\/100\n|move|p2a: Fly Me To OU|Stealth Rock|p1a: Great Tusk\n|-sidestart|p1: CatchLoveKing|move: Stealth Rock\n|\n|-heal|p1a: Great Tusk|91\/100 tox|[from] item: Leftovers\n|-damage|p1a: Great Tusk|78\/100 tox|[from] psn\n|upkeep\n|turn|31\n|\n|t:|1699921182\n|-end|p1a: Great Tusk|Protosynthesis|[silent]\n|switch|p1a: Ogerpon|Ogerpon-Wellspring, F|63\/100\n|-damage|p1a: Ogerpon|51\/100|[from] Stealth Rock\n|move|p2a: Fly Me To OU|Recover|p2a: Fly Me To OU\n|-heal|p2a: Fly Me To OU|71\/100\n|\n|upkeep\n|turn|32\n|\n|t:|1699921195\n|move|p1a: Ogerpon|U-turn|p2a: Fly Me To OU\n|-resisted|p2a: Fly Me To OU\n|-damage|p2a: Fly Me To OU|56\/100\n|\n|t:|1699921198\n|switch|p1a: Corviknight|Corviknight, M|57\/100|[from] U-turn\n|-damage|p1a: Corviknight|44\/100|[from] Stealth Rock\n|-ability|p1a: Corviknight|Pressure\n|move|p2a: Fly Me To OU|Earthquake|p1a: Corviknight\n|-immune|p1a: Corviknight\n|\n|upkeep\n|turn|33\n|\n|t:|1699921213\n|move|p1a: Corviknight|Roost|p1a: Corviknight\n|-heal|p1a: Corviknight|94\/100\n|-singleturn|p1a: Corviknight|move: Roost\n|move|p2a: Fly Me To OU|Stealth Rock||[still]\n|-fail|p2a: Fly Me To OU\n|\n|upkeep\n|turn|34\n|\n|t:|1699921220\n|move|p1a: Corviknight|Defog|p2a: Fly Me To OU\n|-unboost|p2a: Fly Me To OU|evasion|1\n|-sideend|p1: CatchLoveKing|Stealth Rock|[from] move: Defog|[of] p1a: Corviknight\n|move|p2a: Fly Me To OU|Stealth Rock|p1a: Corviknight\n|-sidestart|p1: CatchLoveKing|move: Stealth Rock\n|\n|upkeep\n|turn|35\n|\n|t:|1699921226\n|move|p1a: Corviknight|Defog|p2a: Fly Me To OU\n|-unboost|p2a: Fly Me To OU|evasion|1\n|-sideend|p1: CatchLoveKing|Stealth Rock|[from] move: Defog|[of] p1a: Corviknight\n|move|p2a: Fly Me To OU|Recover|p2a: Fly Me To OU\n|-heal|p2a: Fly Me To OU|100\/100\n|\n|upkeep\n|turn|36\n|\n|t:|1699921235\n|move|p1a: Corviknight|U-turn|p2a: Fly Me To OU\n|-resisted|p2a: Fly Me To OU\n|-damage|p2a: Fly Me To OU|93\/100\n|\n|t:|1699921239\n|switch|p1a: Great Tusk|Great Tusk|78\/100 tox|[from] U-turn\n|move|p2a: Fly Me To OU|Stealth Rock|p1a: Great Tusk\n|-sidestart|p1: CatchLoveKing|move: Stealth Rock\n|\n|-heal|p1a: Great Tusk|85\/100 tox|[from] item: Leftovers\n|-damage|p1a: Great Tusk|78\/100 tox|[from] psn\n|upkeep\n|turn|37\n|\n|t:|1699921253\n|move|p1a: Great Tusk|Rapid Spin|p2a: Fly Me To OU\n|-damage|p2a: Fly Me To OU|73\/100\n|-boost|p1a: Great Tusk|spe|1\n|-sideend|p1: CatchLoveKing|Stealth Rock|[from] move: Rapid Spin|[of] p1a: Great Tusk\n|move|p2a: Fly Me To OU|Earthquake|p1a: Great Tusk\n|-damage|p1a: Great Tusk|61\/100 tox\n|\n|-heal|p1a: Great Tusk|67\/100 tox|[from] item: Leftovers\n|-damage|p1a: Great Tusk|55\/100 tox|[from] psn\n|upkeep\n|turn|38\n|\n|t:|1699921263\n|switch|p2a: I ate tatsugiri|Dondozo, F, shiny|100\/100 slp\n|move|p1a: Great Tusk|Ice Spinner|p2a: I ate tatsugiri\n|-resisted|p2a: I ate tatsugiri\n|-damage|p2a: I ate tatsugiri|91\/100 slp\n|\n|-heal|p1a: Great Tusk|61\/100 tox|[from] item: Leftovers\n|-heal|p2a: I ate tatsugiri|98\/100 slp|[from] item: Leftovers\n|-damage|p1a: Great Tusk|42\/100 tox|[from] psn\n|upkeep\n|turn|39\n|\n|t:|1699921275\n|-end|p1a: Great Tusk|Protosynthesis|[silent]\n|switch|p1a: Corviknight|Corviknight, M|94\/100\n|-ability|p1a: Corviknight|Pressure\n|switch|p2a: Bernie|Great Tusk, shiny|76\/100\n|\n|-heal|p2a: Bernie|83\/100|[from] item: Leftovers\n|upkeep\n|turn|40\n|\n|t:|1699921299\n|move|p2a: Bernie|Ice Spinner|p1a: Corviknight\n|-damage|p1a: Corviknight|79\/100\n|move|p1a: Corviknight|U-turn|p2a: Bernie\n|-resisted|p2a: Bernie\n|-damage|p2a: Bernie|79\/100\n|\n|t:|1699921306\n|switch|p1a: Ogerpon|Ogerpon-Wellspring, F|51\/100|[from] U-turn\n|\n|-heal|p2a: Bernie|85\/100|[from] item: Leftovers\n|upkeep\n|turn|41\n|\n|t:|1699921311\n|-end|p2a: Bernie|Protosynthesis|[silent]\n|switch|p2a: Fly Me To OU|Clodsire, F, shiny, tera:Flying|73\/100\n|move|p1a: Ogerpon|Horn Leech|p2a: Fly Me To OU\n|-resisted|p2a: Fly Me To OU\n|-damage|p2a: Fly Me To OU|50\/100\n|-heal|p1a: Ogerpon|69\/100|[from] drain|[of] p2a: Fly Me To OU\n|\n|upkeep\n|turn|42\n|\n|t:|1699921319\n|move|p1a: Ogerpon|U-turn|p2a: Fly Me To OU\n|-resisted|p2a: Fly Me To OU\n|-damage|p2a: Fly Me To OU|35\/100\n|\n|t:|1699921322\n|switch|p1a: Corviknight|Corviknight, M|79\/100|[from] U-turn\n|-ability|p1a: Corviknight|Pressure\n|move|p2a: Fly Me To OU|Stealth Rock|p1a: Corviknight\n|-sidestart|p1: CatchLoveKing|move: Stealth Rock\n|\n|upkeep\n|turn|43\n|\n|t:|1699921328\n|move|p1a: Corviknight|U-turn|p2a: Fly Me To OU\n|-resisted|p2a: Fly Me To OU\n|-damage|p2a: Fly Me To OU|27\/100\n|\n|t:|1699921345\n|switch|p1a: Great Tusk|Great Tusk|42\/100 tox|[from] U-turn\n|-damage|p1a: Great Tusk|39\/100 tox|[from] Stealth Rock\n|move|p2a: Fly Me To OU|Recover|p2a: Fly Me To OU\n|-heal|p2a: Fly Me To OU|77\/100\n|\n|-heal|p1a: Great Tusk|45\/100 tox|[from] item: Leftovers\n|-damage|p1a: Great Tusk|39\/100 tox|[from] psn\n|upkeep\n|turn|44\n|\n|t:|1699921357\n|move|p1a: Great Tusk|Ice Spinner|p2a: Fly Me To OU\n|-supereffective|p2a: Fly Me To OU\n|-damage|p2a: Fly Me To OU|9\/100\n|move|p2a: Fly Me To OU|Stealth Rock||[still]\n|-fail|p2a: Fly Me To OU\n|\n|-heal|p1a: Great Tusk|45\/100 tox|[from] item: Leftovers\n|-damage|p1a: Great Tusk|33\/100 tox|[from] psn\n|upkeep\n|turn|45\n|\n|t:|1699921368\n|move|p1a: Great Tusk|Ice Spinner|p2a: Fly Me To OU\n|-supereffective|p2a: Fly Me To OU\n|-damage|p2a: Fly Me To OU|0 fnt\n|faint|p2a: Fly Me To OU\n|\n|-heal|p1a: Great Tusk|39\/100 tox|[from] item: Leftovers\n|-damage|p1a: Great Tusk|21\/100 tox|[from] psn\n|upkeep\n|\n|t:|1699921381\n|switch|p2a: I ate tatsugiri|Dondozo, F, shiny|98\/100 slp\n|turn|46\n|\n|t:|1699921388\n|move|p1a: Great Tusk|Rapid Spin|p2a: I ate tatsugiri\n|-damage|p2a: I ate tatsugiri|85\/100 slp\n|-boost|p1a: Great Tusk|spe|1\n|-sideend|p1: CatchLoveKing|Stealth Rock|[from] move: Rapid Spin|[of] p1a: Great Tusk\n|cant|p2a: I ate tatsugiri|slp\n|move|p2a: I ate tatsugiri|Sleep Talk|p2a: I ate tatsugiri\n|move|p2a: I ate tatsugiri|Liquidation|p1a: Great Tusk|[from]move: Sleep Talk\n|-supereffective|p1a: Great Tusk\n|-damage|p1a: Great Tusk|0 fnt\n|faint|p1a: Great Tusk\n|-end|p1a: Great Tusk|Protosynthesis|[silent]\n|\n|-heal|p2a: I ate tatsugiri|91\/100 slp|[from] item: Leftovers\n|upkeep\n|\n|t:|1699921402\n|switch|p1a: Ogerpon|Ogerpon-Wellspring, F|69\/100\n|turn|47\n|\n|t:|1699921410\n|switch|p2a: Bernie|Great Tusk, shiny|85\/100\n|move|p1a: Ogerpon|Horn Leech|p2a: Bernie\n|-supereffective|p2a: Bernie\n|-damage|p2a: Bernie|41\/100\n|-heal|p1a: Ogerpon|100\/100|[from] drain|[of] p2a: Bernie\n|\n|-heal|p2a: Bernie|47\/100|[from] item: Leftovers\n|upkeep\n|turn|48\n|\n|t:|1699921422\n|move|p1a: Ogerpon|Ivy Cudgel|p2a: Bernie\n|-supereffective|p2a: Bernie\n|-damage|p2a: Bernie|0 fnt\n|faint|p2a: Bernie\n|-end|p2a: Bernie|Protosynthesis|[silent]\n|\n|upkeep\n|\n|t:|1699921426\n|switch|p2a: I ate tatsugiri|Dondozo, F, shiny|91\/100 slp\n|turn|49\n|\n|t:|1699921429\n|move|p1a: Ogerpon|Horn Leech|p2a: I ate tatsugiri\n|-supereffective|p2a: I ate tatsugiri\n|-damage|p2a: I ate tatsugiri|38\/100 slp\n|cant|p2a: I ate tatsugiri|slp\n|move|p2a: I ate tatsugiri|Sleep Talk|p2a: I ate tatsugiri\n|move|p2a: I ate tatsugiri|Curse|p2a: I ate tatsugiri|[from]move: Sleep Talk\n|-unboost|p2a: I ate tatsugiri|spe|1\n|-boost|p2a: I ate tatsugiri|atk|1\n|-boost|p2a: I ate tatsugiri|def|1\n|\n|-heal|p2a: I ate tatsugiri|44\/100 slp|[from] item: Leftovers\n|upkeep\n|turn|50\n|c|\u2606Amaruwoki777|gg\n|\n|t:|1699921440\n|move|p1a: Ogerpon|Horn Leech|p2a: I ate tatsugiri\n|-supereffective|p2a: I ate tatsugiri\n|-damage|p2a: I ate tatsugiri|9\/100 slp\n|-curestatus|p2a: I ate tatsugiri|slp|[msg]\n|move|p2a: I ate tatsugiri|Rest|p2a: I ate tatsugiri\n|-status|p2a: I ate tatsugiri|slp|[from] move: Rest\n|-heal|p2a: I ate tatsugiri|100\/100 slp|[silent]\n|\n|upkeep\n|turn|51\n|\n|t:|1699921450\n|move|p1a: Ogerpon|Horn Leech|p2a: I ate tatsugiri\n|-supereffective|p2a: I ate tatsugiri\n|-damage|p2a: I ate tatsugiri|66\/100 slp\n|cant|p2a: I ate tatsugiri|slp\n|move|p2a: I ate tatsugiri|Sleep Talk|p2a: I ate tatsugiri\n|move|p2a: I ate tatsugiri|Curse|p2a: I ate tatsugiri|[from]move: Sleep Talk\n|-unboost|p2a: I ate tatsugiri|spe|1\n|-boost|p2a: I ate tatsugiri|atk|1\n|-boost|p2a: I ate tatsugiri|def|1\n|\n|-heal|p2a: I ate tatsugiri|72\/100 slp|[from] item: Leftovers\n|upkeep\n|turn|52\n|\n|t:|1699921461\n|move|p1a: Ogerpon|Horn Leech|p2a: I ate tatsugiri\n|-supereffective|p2a: I ate tatsugiri\n|-damage|p2a: I ate tatsugiri|48\/100 slp\n|cant|p2a: I ate tatsugiri|slp\n|move|p2a: I ate tatsugiri|Sleep Talk|p2a: I ate tatsugiri\n|move|p2a: I ate tatsugiri|Rest||[from]move: Sleep Talk|[still]\n|-fail|p2a: I ate tatsugiri\n|\n|-heal|p2a: I ate tatsugiri|54\/100 slp|[from] item: Leftovers\n|upkeep\n|turn|53\n|\n|t:|1699921470\n|move|p1a: Ogerpon|Horn Leech|p2a: I ate tatsugiri\n|-supereffective|p2a: I ate tatsugiri\n|-damage|p2a: I ate tatsugiri|26\/100 slp\n|-curestatus|p2a: I ate tatsugiri|slp|[msg]\n|move|p2a: I ate tatsugiri|Rest|p2a: I ate tatsugiri\n|-status|p2a: I ate tatsugiri|slp|[from] move: Rest\n|-heal|p2a: I ate tatsugiri|100\/100 slp|[silent]\n|\n|upkeep\n|turn|54\n|\n|t:|1699921479\n|move|p1a: Ogerpon|Knock Off|p2a: I ate tatsugiri\n|-damage|p2a: I ate tatsugiri|89\/100 slp\n|-enditem|p2a: I ate tatsugiri|Leftovers|[from] move: Knock Off|[of] p1a: Ogerpon\n|cant|p2a: I ate tatsugiri|slp\n|move|p2a: I ate tatsugiri|Sleep Talk|p2a: I ate tatsugiri\n|move|p2a: I ate tatsugiri|Curse|p2a: I ate tatsugiri|[from]move: Sleep Talk\n|-unboost|p2a: I ate tatsugiri|spe|1\n|-boost|p2a: I ate tatsugiri|atk|1\n|-boost|p2a: I ate tatsugiri|def|1\n|\n|upkeep\n|turn|55\n|\n|t:|1699921490\n|move|p1a: Ogerpon|Horn Leech|p2a: I ate tatsugiri\n|-supereffective|p2a: I ate tatsugiri\n|-damage|p2a: I ate tatsugiri|68\/100 slp\n|cant|p2a: I ate tatsugiri|slp\n|move|p2a: I ate tatsugiri|Sleep Talk|p2a: I ate tatsugiri\n|move|p2a: I ate tatsugiri|Curse|p2a: I ate tatsugiri|[from]move: Sleep Talk\n|-unboost|p2a: I ate tatsugiri|spe|1\n|-boost|p2a: I ate tatsugiri|atk|1\n|-boost|p2a: I ate tatsugiri|def|1\n|\n|upkeep\n|turn|56\n|\n|t:|1699921503\n|move|p1a: Ogerpon|Horn Leech|p2a: I ate tatsugiri\n|-supereffective|p2a: I ate tatsugiri\n|-damage|p2a: I ate tatsugiri|49\/100 slp\n|-curestatus|p2a: I ate tatsugiri|slp|[msg]\n|move|p2a: I ate tatsugiri|Curse|p2a: I ate tatsugiri\n|-unboost|p2a: I ate tatsugiri|spe|1\n|-boost|p2a: I ate tatsugiri|atk|1\n|-boost|p2a: I ate tatsugiri|def|1\n|\n|upkeep\n|turn|57\n|\n|t:|1699921513\n|move|p1a: Ogerpon|U-turn|p2a: I ate tatsugiri\n|-damage|p2a: I ate tatsugiri|44\/100\n|\n|t:|1699921515\n|switch|p1a: Hydreigon|Hydreigon, F|100\/100|[from] U-turn\n|move|p2a: I ate tatsugiri|Rest|p2a: I ate tatsugiri\n|-status|p2a: I ate tatsugiri|slp|[from] move: Rest\n|-heal|p2a: I ate tatsugiri|100\/100 slp|[silent]\n|\n|upkeep\n|turn|58\n|\n|t:|1699921522\n|move|p1a: Hydreigon|Dark Pulse|p2a: I ate tatsugiri\n|-damage|p2a: I ate tatsugiri|75\/100 slp\n|cant|p2a: I ate tatsugiri|slp\n|move|p2a: I ate tatsugiri|Sleep Talk|p2a: I ate tatsugiri\n|move|p2a: I ate tatsugiri|Liquidation|p1a: Hydreigon|[from]move: Sleep Talk\n|-resisted|p1a: Hydreigon\n|-crit|p1a: Hydreigon\n|-damage|p1a: Hydreigon|19\/100\n|\n|upkeep\n|turn|59\n|\n|t:|1699921532\n|move|p1a: Hydreigon|Dark Pulse|p2a: I ate tatsugiri\n|-damage|p2a: I ate tatsugiri|48\/100 slp\n|cant|p2a: I ate tatsugiri|slp\n|move|p2a: I ate tatsugiri|Sleep Talk|p2a: I ate tatsugiri\n|move|p2a: I ate tatsugiri|Rest||[from]move: Sleep Talk|[still]\n|-fail|p2a: I ate tatsugiri\n|\n|upkeep\n|turn|60\n|\n|t:|1699921542\n|move|p1a: Hydreigon|Dark Pulse|p2a: I ate tatsugiri\n|-damage|p2a: I ate tatsugiri|20\/100 slp\n|-curestatus|p2a: I ate tatsugiri|slp|[msg]\n|move|p2a: I ate tatsugiri|Rest|p2a: I ate tatsugiri\n|-status|p2a: I ate tatsugiri|slp|[from] move: Rest\n|-heal|p2a: I ate tatsugiri|100\/100 slp|[silent]\n|\n|upkeep\n|turn|61\n|\n|t:|1699921551\n|move|p1a: Hydreigon|Dark Pulse|p2a: I ate tatsugiri\n|-damage|p2a: I ate tatsugiri|74\/100 slp\n|cant|p2a: I ate tatsugiri|slp\n|move|p2a: I ate tatsugiri|Sleep Talk|p2a: I ate tatsugiri\n|move|p2a: I ate tatsugiri|Rest||[from]move: Sleep Talk|[still]\n|-fail|p2a: I ate tatsugiri\n|\n|upkeep\n|turn|62\n|\n|t:|1699921559\n|move|p1a: Hydreigon|Dark Pulse|p2a: I ate tatsugiri\n|-damage|p2a: I ate tatsugiri|48\/100 slp\n|cant|p2a: I ate tatsugiri|slp\n|move|p2a: I ate tatsugiri|Sleep Talk|p2a: I ate tatsugiri\n|move|p2a: I ate tatsugiri|Liquidation|p1a: Hydreigon|[from]move: Sleep Talk\n|-resisted|p1a: Hydreigon\n|-damage|p1a: Hydreigon|0 fnt\n|faint|p1a: Hydreigon\n|\n|upkeep\n|\n|t:|1699921563\n|switch|p1a: Ogerpon|Ogerpon-Wellspring, F|100\/100\n|turn|63\n|\n|t:|1699921582\n|move|p1a: Ogerpon|Horn Leech|p2a: I ate tatsugiri\n|-supereffective|p2a: I ate tatsugiri\n|-damage|p2a: I ate tatsugiri|32\/100 slp\n|-curestatus|p2a: I ate tatsugiri|slp|[msg]\n|move|p2a: I ate tatsugiri|Curse|p2a: I ate tatsugiri\n|-unboost|p2a: I ate tatsugiri|spe|1\n|-boost|p2a: I ate tatsugiri|atk|1\n|-boost|p2a: I ate tatsugiri|def|1\n|\n|upkeep\n|turn|64\n|\n|t:|1699921610\n|move|p1a: Ogerpon|Knock Off|p2a: I ate tatsugiri\n|-damage|p2a: I ate tatsugiri|28\/100\n|move|p2a: I ate tatsugiri|Rest|p2a: I ate tatsugiri\n|-status|p2a: I ate tatsugiri|slp|[from] move: Rest\n|-heal|p2a: I ate tatsugiri|100\/100 slp|[silent]\n|\n|upkeep\n|turn|65\n|\n|t:|1699921620\n|move|p1a: Ogerpon|U-turn|p2a: I ate tatsugiri\n|-damage|p2a: I ate tatsugiri|96\/100 slp\n|\n|t:|1699921623\n|switch|p1a: Corviknight|Corviknight, M|79\/100|[from] U-turn\n|-ability|p1a: Corviknight|Pressure\n|cant|p2a: I ate tatsugiri|slp\n|move|p2a: I ate tatsugiri|Sleep Talk|p2a: I ate tatsugiri\n|move|p2a: I ate tatsugiri|Rest||[from]move: Sleep Talk|[still]\n|-fail|p2a: I ate tatsugiri\n|\n|upkeep\n|turn|66\n|\n|t:|1699921633\n|move|p1a: Corviknight|U-turn|p2a: I ate tatsugiri\n|-damage|p2a: I ate tatsugiri|94\/100 slp\n|\n|t:|1699921636\n|switch|p1a: Ogerpon|Ogerpon-Wellspring, F|100\/100|[from] U-turn\n|cant|p2a: I ate tatsugiri|slp\n|move|p2a: I ate tatsugiri|Sleep Talk|p2a: I ate tatsugiri\n|move|p2a: I ate tatsugiri|Curse|p2a: I ate tatsugiri|[from]move: Sleep Talk\n|\n|upkeep\n|turn|67\n|\n|t:|1699921646\n|move|p1a: Ogerpon|U-turn|p2a: I ate tatsugiri\n|-damage|p2a: I ate tatsugiri|90\/100 slp\n|\n|t:|1699921649\n|switch|p1a: Corviknight|Corviknight, M|79\/100|[from] U-turn\n|-ability|p1a: Corviknight|Pressure\n|-curestatus|p2a: I ate tatsugiri|slp|[msg]\n|move|p2a: I ate tatsugiri|Liquidation|p1a: Corviknight\n|-damage|p1a: Corviknight|1\/100\n|-unboost|p1a: Corviknight|def|1\n|\n|upkeep\n|turn|68\n|\n|t:|1699921662\n|move|p1a: Corviknight|Roost|p1a: Corviknight\n|-heal|p1a: Corviknight|51\/100\n|-singleturn|p1a: Corviknight|move: Roost\n|move|p2a: I ate tatsugiri|Curse|p2a: I ate tatsugiri\n|\n|upkeep\n|turn|69\n|\n|t:|1699921668\n|move|p1a: Corviknight|Roost|p1a: Corviknight\n|-heal|p1a: Corviknight|100\/100\n|-singleturn|p1a: Corviknight|move: Roost\n|move|p2a: I ate tatsugiri|Curse|p2a: I ate tatsugiri\n|\n|upkeep\n|turn|70\n|\n|t:|1699921675\n|move|p1a: Corviknight|Body Press|p2a: I ate tatsugiri\n|-damage|p2a: I ate tatsugiri|86\/100\n|move|p2a: I ate tatsugiri|Curse|p2a: I ate tatsugiri\n|\n|upkeep\n|turn|71\n|\n|t:|1699921680\n|move|p1a: Corviknight|Body Press|p2a: I ate tatsugiri\n|-crit|p2a: I ate tatsugiri\n|-damage|p2a: I ate tatsugiri|61\/100\n|move|p2a: I ate tatsugiri|Liquidation|p1a: Corviknight\n|-damage|p1a: Corviknight|22\/100\n|\n|upkeep\n|turn|72\n|\n|t:|1699921688\n|move|p1a: Corviknight|Roost|p1a: Corviknight\n|-heal|p1a: Corviknight|72\/100\n|-singleturn|p1a: Corviknight|move: Roost\n|move|p2a: I ate tatsugiri|Liquidation|p1a: Corviknight\n|-damage|p1a: Corviknight|0 fnt\n|faint|p1a: Corviknight\n|\n|upkeep\n|\n|t:|1699921691\n|switch|p1a: Ogerpon|Ogerpon-Wellspring, F|100\/100\n|turn|73\n|\n|t:|1699921706\n|move|p1a: Ogerpon|Knock Off|p2a: I ate tatsugiri\n|-damage|p2a: I ate tatsugiri|57\/100\n|move|p2a: I ate tatsugiri|Liquidation|p1a: Ogerpon\n|-immune|p1a: Ogerpon|[from] ability: Water Absorb\n|\n|upkeep\n|turn|74\n|\n|t:|1699921721\n|move|p1a: Ogerpon|Knock Off|p2a: I ate tatsugiri\n|-damage|p2a: I ate tatsugiri|54\/100\n|move|p2a: I ate tatsugiri|Curse|p2a: I ate tatsugiri\n|\n|upkeep\n|turn|75\n|inactive|Amaruwoki777 has 120 seconds left.\n|inactive|Amaruwoki777 has 90 seconds left.\n|c|\u2606CatchLoveKing|\uff1f\n|inactive|Amaruwoki777 has 60 seconds left.\n|c|\u2606CatchLoveKing|Idiot\n|inactive|Amaruwoki777 has 30 seconds left.\n|inactive|Amaruwoki777 has 20 seconds left.\n|inactive|Amaruwoki777 has 15 seconds left.\n|inactive|Amaruwoki777 has 10 seconds left.\n|inactive|Amaruwoki777 has 5 seconds left.\n|-message|Amaruwoki777 lost due to inactivity.\n|\n|win|CatchLoveKing\n|raw|CatchLoveKing's rating: 1133 &rarr; <strong>1160<\/strong><br \/>(+27 for winning)\n|raw|Amaruwoki777's rating: 1162 &rarr; <strong>1135<\/strong><br \/>(-27 for losing)\n|l|\u2606CatchLoveKing\n|j|\u2606CatchLoveKing\n|player|p1|CatchLoveKing|2\n","uploadtime":1699922027,"views":8,"p1id":"catchloveking","p2id":"amaruwoki777","formatid":"gen9ou","rating":1135,"private":0,"password":""}