{"id":"gen9ou-2000142846","p1":"Seanyc","p2":"Dmise","format":"[Gen 9] OU","log":"|j|\u2606Seanyc\n|j|\u2606Dmise\n|t:|1701162320\n|gametype|singles\n|player|p1|Seanyc|170|1099\n|player|p2|Dmise|169|1140\n|teamsize|p1|6\n|teamsize|p2|6\n|gen|9\n|tier|[Gen 9] OU\n|rated|\n|rule|Sleep Clause Mod: Limit one foe put to sleep\n|rule|Species Clause: Limit one of each Pok\u00e9mon\n|rule|OHKO Clause: OHKO moves are banned\n|rule|Evasion Items Clause: Evasion items are banned\n|rule|Evasion Moves Clause: Evasion moves are banned\n|rule|Endless Battle Clause: Forcing endless battles is banned\n|rule|HP Percentage Mod: HP is shown in percentages\n|clearpoke\n|poke|p1|Slowking-Galar, M|\n|poke|p1|Kingambit, F|\n|poke|p1|Ribombee, F|\n|poke|p1|Armarouge, M|\n|poke|p1|Iron Moth|\n|poke|p1|Zapdos|\n|poke|p2|Great Tusk|\n|poke|p2|Slowking-Galar, M|\n|poke|p2|Jolteon, F|\n|poke|p2|Alomomola, M|\n|poke|p2|Ninetales-Alola, F|\n|poke|p2|Heatran, M|\n|teampreview\n|\n|t:|1701162352\n|start\n|switch|p1a: Ribombee|Ribombee, F|100\/100\n|switch|p2a: Heatran|Heatran, M, shiny|100\/100\n|-item|p2a: Heatran|Air Balloon\n|turn|1\n|\n|t:|1701162361\n|move|p1a: Ribombee|Sticky Web|p2a: Heatran\n|-sidestart|p2: Dmise|move: Sticky Web\n|move|p2a: Heatran|Earth Power|p1a: Ribombee\n|-resisted|p1a: Ribombee\n|-damage|p1a: Ribombee|70\/100\n|\n|upkeep\n|turn|2\n|\n|t:|1701162369\n|move|p1a: Ribombee|Psychic|p2a: Heatran\n|-resisted|p2a: Heatran\n|-damage|p2a: Heatran|90\/100\n|-enditem|p2a: Heatran|Air Balloon\n|move|p2a: Heatran|Lava Plume|p1a: Ribombee\n|-supereffective|p1a: Ribombee\n|-damage|p1a: Ribombee|0 fnt\n|faint|p1a: Ribombee\n|\n|upkeep\n|\n|t:|1701162374\n|switch|p1a: Kingambit|Kingambit, F|100\/100\n|turn|3\n|\n|t:|1701162380\n|-terastallize|p1a: Kingambit|Dark\n|move|p2a: Heatran|Lava Plume|p1a: Kingambit\n|-damage|p1a: Kingambit|72\/100\n|move|p1a: Kingambit|Low Kick|p2a: Heatran\n|-supereffective|p2a: Heatran\n|-damage|p2a: Heatran|11\/100\n|\n|upkeep\n|turn|4\n|\n|t:|1701162388\n|move|p1a: Kingambit|Sucker Punch||[still]\n|-fail|p1a: Kingambit\n|move|p2a: Heatran|Stealth Rock|p1a: Kingambit\n|-sidestart|p1: Seanyc|move: Stealth Rock\n|\n|upkeep\n|turn|5\n|\n|t:|1701162392\n|switch|p2a: Alomomola|Alomomola, M|100\/100\n|move|p1a: Kingambit|Sucker Punch||[still]\n|-fail|p1a: Kingambit\n|\n|upkeep\n|turn|6\n|\n|t:|1701162396\n|switch|p1a: Zapdos|Zapdos|100\/100\n|move|p2a: Alomomola|Wish|p2a: Alomomola\n|\n|upkeep\n|turn|7\n|\n|t:|1701162399\n|move|p1a: Zapdos|Volt Switch|p2a: Alomomola\n|-supereffective|p2a: Alomomola\n|-damage|p2a: Alomomola|29\/100\n|\n|t:|1701162405\n|switch|p1a: Armarouge|Armarouge, M|100\/100|[from] Volt Switch\n|-damage|p1a: Armarouge|76\/100|[from] Stealth Rock\n|move|p2a: Alomomola|Mirror Coat|p1a: Armarouge\n|-damage|p1a: Armarouge|0 fnt\n|faint|p1a: Armarouge\n|\n|-heal|p2a: Alomomola|79\/100|[from] move: Wish|[wisher] Alomomola\n|upkeep\n|\n|t:|1701162414\n|switch|p1a: Zapdos|Zapdos|100\/100\n|turn|8\n|\n|t:|1701162421\n|move|p1a: Zapdos|Volt Switch|p2a: Alomomola\n|-supereffective|p2a: Alomomola\n|-damage|p2a: Alomomola|6\/100\n|\n|t:|1701162427\n|switch|p1a: Slowking|Slowking-Galar, M|100\/100|[from] Volt Switch\n|-damage|p1a: Slowking|88\/100|[from] Stealth Rock\n|move|p2a: Alomomola|Flip Turn|p1a: Slowking\n|-damage|p1a: Slowking|72\/100\n|\n|t:|1701162436\n|switch|p2a: Heatran|Heatran, M, shiny|11\/100|[from] Flip Turn\n|-activate|p2a: Heatran|move: Sticky Web\n|-unboost|p2a: Heatran|spe|1\n|\n|-heal|p1a: Slowking|78\/100|[from] item: Black Sludge\n|upkeep\n|turn|9\n|\n|t:|1701162446\n|switch|p1a: Zapdos|Zapdos|100\/100\n|-terastallize|p2a: Heatran|Ice\n|move|p2a: Heatran|Tera Blast|p1a: Zapdos|[anim] Tera Blast Ice\n|-supereffective|p1a: Zapdos\n|-damage|p1a: Zapdos|4\/100\n|\n|upkeep\n|turn|10\n|-message|Seanyc forfeited.\n|\n|win|Dmise\n|raw|Seanyc's rating: 1099 &rarr; <strong>1077<\/strong><br \/>(-22 for losing)\n|raw|Dmise's rating: 1140 &rarr; <strong>1162<\/strong><br \/>(+22 for winning)\n|l|\u2606Seanyc\n","uploadtime":1701162458,"views":3,"p1id":"seanyc","p2id":"dmise","formatid":"gen9ou","rating":1077,"private":0,"password":""}