{"id":"gen9ou-1997369754","p1":"Moonlightchampion","p2":"kanako-kun","format":"[Gen 9] OU","log":"|j|\u2606Moonlightchampion\n|j|\u2606kanako-kun\n|inactive|Battle timer is ON: inactive players will automatically lose when time's up.\n|t:|1700795235\n|gametype|singles\n|player|p1|Moonlightchampion|dawn|\n|player|p2|kanako-kun|proton|\n|teamsize|p1|6\n|teamsize|p2|6\n|gen|9\n|tier|[Gen 9] OU\n|rated|Tournament battle\n|rule|Sleep Clause Mod: Limit one foe put to sleep\n|rule|Species Clause: Limit one of each Pok\u00e9mon\n|rule|OHKO Clause: OHKO moves are banned\n|rule|Evasion Items Clause: Evasion items are banned\n|rule|Evasion Moves Clause: Evasion moves are banned\n|rule|Endless Battle Clause: Forcing endless battles is banned\n|rule|HP Percentage Mod: HP is shown in percentages\n|clearpoke\n|poke|p1|Empoleon, F|\n|poke|p1|Skuntank, M|\n|poke|p1|Chandelure, M|\n|poke|p1|Beartic, F|\n|poke|p1|Raichu, F|\n|poke|p1|Mightyena, M|\n|poke|p2|Empoleon, M|\n|poke|p2|Skuntank, F|\n|poke|p2|Chandelure, M|\n|poke|p2|Beartic, M|\n|poke|p2|Raichu, F|\n|poke|p2|Mightyena, M|\n|teampreview\n|j|*Lady Monita \u2746\n|c|\u2606kanako-kun|glhf\n|c|\u2606Moonlightchampion|Glhf\n|\n|t:|1700795255\n|start\n|switch|p1a: Chandelure|Chandelure, M|100\/100\n|switch|p2a: Raichu|Raichu, F|100\/100\n|turn|1\n|\n|t:|1700795263\n|switch|p2a: Empoleon|Empoleon, M|100\/100\n|move|p1a: Chandelure|Will-O-Wisp|p2a: Empoleon\n|-status|p2a: Empoleon|brn\n|\n|-damage|p2a: Empoleon|94\/100 brn|[from] brn\n|upkeep\n|turn|2\n|\n|t:|1700795279\n|switch|p1a: Beartic|Beartic, F|100\/100\n|move|p2a: Empoleon|Stealth Rock|p1a: Beartic\n|-sidestart|p1: Moonlightchampion|move: Stealth Rock\n|\n|-heal|p2a: Empoleon|100\/100 brn|[from] item: Leftovers\n|-damage|p2a: Empoleon|94\/100 brn|[from] brn\n|upkeep\n|turn|3\n|\n|t:|1700795291\n|move|p1a: Beartic|Rain Dance|p1a: Beartic\n|-weather|RainDance\n|move|p2a: Empoleon|Flash Cannon|p1a: Beartic\n|-supereffective|p1a: Beartic\n|-damage|p1a: Beartic|0 fnt\n|faint|p1a: Beartic\n|\n|-weather|RainDance|[upkeep]\n|-heal|p2a: Empoleon|100\/100 brn|[from] item: Leftovers\n|-damage|p2a: Empoleon|94\/100 brn|[from] brn\n|upkeep\n|\n|t:|1700795303\n|switch|p1a: Raichu|Raichu, F|100\/100\n|-damage|p1a: Raichu|88\/100|[from] Stealth Rock\n|turn|4\n|\n|t:|1700795307\n|move|p1a: Raichu|Fake Out|p2a: Empoleon\n|-resisted|p2a: Empoleon\n|-damage|p2a: Empoleon|90\/100 brn\n|cant|p2a: Empoleon|flinch\n|\n|-weather|RainDance|[upkeep]\n|-heal|p2a: Empoleon|96\/100 brn|[from] item: Leftovers\n|-damage|p2a: Empoleon|90\/100 brn|[from] brn\n|upkeep\n|turn|5\n|\n|t:|1700795313\n|switch|p2a: Raichu|Raichu, F|100\/100\n|move|p1a: Raichu|Thunder|p2a: Raichu\n|-ability|p2a: Raichu|Lightning Rod|boost\n|-boost|p2a: Raichu|spa|1\n|\n|-weather|RainDance|[upkeep]\n|upkeep\n|turn|6\n|\n|t:|1700795336\n|move|p1a: Raichu|Draining Kiss|p2a: Raichu\n|-damage|p2a: Raichu|81\/100\n|-heal|p1a: Raichu|100\/100|[from] drain|[of] p2a: Raichu\n|move|p2a: Raichu|Surf|p1a: Raichu\n|-damage|p1a: Raichu|11\/100\n|\n|-weather|RainDance|[upkeep]\n|upkeep\n|turn|7\n|\n|t:|1700795350\n|switch|p1a: Mightyena|Mightyena, M|100\/100\n|-damage|p1a: Mightyena|88\/100|[from] Stealth Rock\n|move|p2a: Raichu|Surf|p1a: Mightyena\n|-damage|p1a: Mightyena|0 fnt\n|faint|p1a: Mightyena\n|\n|-weather|none\n|upkeep\n|\n|t:|1700795362\n|switch|p1a: Chandelure|Chandelure, M|100\/100\n|-damage|p1a: Chandelure|76\/100|[from] Stealth Rock\n|turn|8\n|\n|t:|1700795375\n|move|p2a: Raichu|Surf|p1a: Chandelure\n|-supereffective|p1a: Chandelure\n|-damage|p1a: Chandelure|14\/100\n|-enditem|p1a: Chandelure|Sitrus Berry|[eat]\n|-heal|p1a: Chandelure|39\/100|[from] item: Sitrus Berry\n|move|p1a: Chandelure|Will-O-Wisp|p2a: Raichu\n|-status|p2a: Raichu|brn\n|\n|-damage|p2a: Raichu|75\/100 brn|[from] brn\n|upkeep\n|turn|9\n|\n|t:|1700795388\n|move|p1a: Chandelure|Protect|p1a: Chandelure\n|-singleturn|p1a: Chandelure|Protect\n|move|p2a: Raichu|Nasty Plot|p2a: Raichu\n|-boost|p2a: Raichu|spa|2\n|\n|-damage|p2a: Raichu|69\/100 brn|[from] brn\n|upkeep\n|turn|10\n|\n|t:|1700795401\n|switch|p1a: Raichu|Raichu, F|11\/100\n|-damage|p1a: Raichu|0 fnt|[from] Stealth Rock\n|faint|p1a: Raichu\n|move|p2a: Raichu|Surf|p1: Raichu|[notarget]\n|-fail|p2a: Raichu\n|\n|-damage|p2a: Raichu|63\/100 brn|[from] brn\n|upkeep\n|inactive|Moonlightchampion has 120 seconds left.\n|\n|t:|1700795416\n|switch|p1a: Empoleon|Empoleon, F|100\/100\n|-damage|p1a: Empoleon|94\/100|[from] Stealth Rock\n|turn|11\n|inactive|Moonlightchampion has 120 seconds left.\n|\n|t:|1700795435\n|move|p2a: Raichu|Thunderbolt|p1a: Empoleon\n|-supereffective|p1a: Empoleon\n|-damage|p1a: Empoleon|0 fnt\n|faint|p1a: Empoleon\n|\n|-damage|p2a: Raichu|56\/100 brn|[from] brn\n|upkeep\n|\n|t:|1700795438\n|switch|p1a: Skuntank|Skuntank, M|100\/100\n|-damage|p1a: Skuntank|88\/100|[from] Stealth Rock\n|turn|12\n|inactive|Moonlightchampion has 120 seconds left.\n|\n|t:|1700795453\n|move|p2a: Raichu|Focus Blast|p1a: Skuntank\n|-damage|p1a: Skuntank|0 fnt\n|faint|p1a: Skuntank\n|\n|-damage|p2a: Raichu|50\/100 brn|[from] brn\n|upkeep\n|c|\u2606kanako-kun|gg\n|c|\u2606Moonlightchampion|Gg\n|\n|t:|1700795465\n|switch|p1a: Chandelure|Chandelure, M|39\/100\n|-damage|p1a: Chandelure|14\/100|[from] Stealth Rock\n|turn|13\n|\n|t:|1700795468\n|move|p2a: Raichu|Surf|p1a: Chandelure\n|-supereffective|p1a: Chandelure\n|-damage|p1a: Chandelure|0 fnt\n|faint|p1a: Chandelure\n|\n|win|kanako-kun\n|n|\u2606Moonlightchampion|moonlightchampion\n|n|\u2606kanako-kun|kanakokun\n|n|*Lady Monita \u2746|ladymonita\n","uploadtime":1700795469,"views":4,"p1id":"moonlightchampion","p2id":"kanakokun","formatid":"gen9ou","rating":0,"private":0,"password":""}