{"id":"gen9ou-1994196575","p1":"Morolltach","p2":"TheNovato564","format":"[Gen 9] OU","log":"|j|\u203dMorolltach\n|j|\u2606TheNovato564\n|t:|1700417785\n|gametype|singles\n|player|p1|Morolltach|266|1225\n|player|p2|TheNovato564|veteran|1249\n|teamsize|p1|6\n|teamsize|p2|6\n|gen|9\n|tier|[Gen 9] OU\n|rated|\n|rule|Sleep Clause Mod: Limit one foe put to sleep\n|rule|Species Clause: Limit one of each Pok\u00e9mon\n|rule|OHKO Clause: OHKO moves are banned\n|rule|Evasion Items Clause: Evasion items are banned\n|rule|Evasion Moves Clause: Evasion moves are banned\n|rule|Endless Battle Clause: Forcing endless battles is banned\n|rule|HP Percentage Mod: HP is shown in percentages\n|clearpoke\n|poke|p1|Garchomp, M|\n|poke|p1|Great Tusk|\n|poke|p1|Zamazenta-*|\n|poke|p1|Amoonguss, F|\n|poke|p1|Gholdengo|\n|poke|p1|Sneasler, M|\n|poke|p2|Great Tusk|\n|poke|p2|Blissey, F|\n|poke|p2|Haxorus, F|\n|poke|p2|Kingambit, F|\n|poke|p2|Iron Moth|\n|poke|p2|Gholdengo|\n|teampreview\n|\n|t:|1700417797\n|start\n|switch|p1a: Sneasler|Sneasler, M|100\/100\n|switch|p2a: Great Tusk|Great Tusk|100\/100\n|-ability|p1a: Sneasler|Pressure\n|-item|p1a: Sneasler|Air Balloon\n|turn|1\n|\n|t:|1700417804\n|move|p1a: Sneasler|Swords Dance|p1a: Sneasler\n|-boost|p1a: Sneasler|atk|2\n|move|p2a: Great Tusk|Bulk Up|p2a: Great Tusk\n|-boost|p2a: Great Tusk|atk|1\n|-boost|p2a: Great Tusk|def|1\n|\n|upkeep\n|turn|2\n|\n|t:|1700417813\n|move|p1a: Sneasler|Swords Dance|p1a: Sneasler\n|-boost|p1a: Sneasler|atk|2\n|move|p2a: Great Tusk|Bulk Up|p2a: Great Tusk\n|-boost|p2a: Great Tusk|atk|1\n|-boost|p2a: Great Tusk|def|1\n|\n|upkeep\n|turn|3\n|\n|t:|1700417820\n|move|p1a: Sneasler|Close Combat|p2a: Great Tusk\n|-damage|p2a: Great Tusk|45\/100\n|-unboost|p1a: Sneasler|def|1\n|-unboost|p1a: Sneasler|spd|1\n|move|p2a: Great Tusk|Bulk Up|p2a: Great Tusk\n|-boost|p2a: Great Tusk|atk|1\n|-boost|p2a: Great Tusk|def|1\n|\n|-heal|p2a: Great Tusk|51\/100|[from] item: Leftovers\n|upkeep\n|turn|4\n|\n|t:|1700417849\n|-terastallize|p1a: Sneasler|Ghost\n|move|p1a: Sneasler|Close Combat|p2a: Great Tusk\n|-damage|p2a: Great Tusk|6\/100\n|-unboost|p1a: Sneasler|def|1\n|-unboost|p1a: Sneasler|spd|1\n|move|p2a: Great Tusk|Knock Off|p1a: Sneasler\n|-supereffective|p1a: Sneasler\n|-damage|p1a: Sneasler|0 fnt\n|-enditem|p1a: Sneasler|Air Balloon\n|faint|p1a: Sneasler\n|\n|-heal|p2a: Great Tusk|12\/100|[from] item: Leftovers\n|upkeep\n|\n|t:|1700417869\n|switch|p1a: Zamazenta|Zamazenta|100\/100\n|-ability|p1a: Zamazenta|Dauntless Shield|boost\n|-boost|p1a: Zamazenta|def|1\n|turn|5\n|\n|t:|1700417873\n|move|p1a: Zamazenta|Iron Head|p2a: Great Tusk\n|-damage|p2a: Great Tusk|7\/100\n|move|p2a: Great Tusk|Earthquake|p1a: Zamazenta\n|-crit|p1a: Zamazenta\n|-damage|p1a: Zamazenta|0 fnt\n|faint|p1a: Zamazenta\n|\n|-heal|p2a: Great Tusk|13\/100|[from] item: Leftovers\n|upkeep\n|-message|Morolltach forfeited.\n|\n|win|TheNovato564\n|raw|Morolltach's rating: 1225 &rarr; <strong>1202<\/strong><br \/>(-23 for losing)\n|raw|TheNovato564's rating: 1249 &rarr; <strong>1272<\/strong><br \/>(+23 for winning)\n|l|\u203dMorolltach\n|l|\u2606TheNovato564\n|j|\u2606TheNovato564\n|player|p2|TheNovato564|veteran\n","uploadtime":1700418109,"views":18,"p1id":"morolltach","p2id":"thenovato564","formatid":"gen9ou","rating":1202,"private":0,"password":""}