{"id":"gen9ou-1989282709","p1":"athenafromdahood","p2":"soccersniper","format":"[Gen 9] OU","log":"|j|\u2606athenafromdahood\n|j|\u2606soccersniper\n|t:|1699831604\n|gametype|singles\n|player|p1|athenafromdahood|psychic|1353\n|player|p2|soccersniper|1|1365\n|teamsize|p1|6\n|teamsize|p2|6\n|gen|9\n|tier|[Gen 9] OU\n|rated|\n|rule|Sleep Clause Mod: Limit one foe put to sleep\n|rule|Species Clause: Limit one of each Pok\u00e9mon\n|rule|OHKO Clause: OHKO moves are banned\n|rule|Evasion Items Clause: Evasion items are banned\n|rule|Evasion Moves Clause: Evasion moves are banned\n|rule|Endless Battle Clause: Forcing endless battles is banned\n|rule|HP Percentage Mod: HP is shown in percentages\n|clearpoke\n|poke|p1|Gholdengo|\n|poke|p1|Cinderace, F|\n|poke|p1|Enamorus, F|\n|poke|p1|Mandibuzz, F|\n|poke|p1|Breloom, F|\n|poke|p1|Slowking-Galar, F|\n|poke|p2|Garganacl, M|\n|poke|p2|Rillaboom, M|\n|poke|p2|Sneasler, F|\n|poke|p2|Ogerpon-Wellspring, F|\n|poke|p2|Greninja-*, M|\n|poke|p2|Landorus-Therian, M|\n|teampreview\n|inactive|Battle timer is ON: inactive players will automatically lose when time's up. (requested by athenafromdahood)\n|inactive|soccersniper has 120 seconds left.\n|\n|t:|1699831641\n|start\n|switch|p1a: Breloom|Breloom, F|100\/100\n|switch|p2a: Landorus|Landorus-Therian, M|100\/100\n|-ability|p2a: Landorus|Intimidate|boost\n|-unboost|p1a: Breloom|atk|1\n|turn|1\n|\n|t:|1699831648\n|move|p2a: Landorus|U-turn|p1a: Breloom\n|-damage|p1a: Breloom|73\/100\n|\n|t:|1699831657\n|switch|p2a: Rillaboom|Rillaboom, M|100\/100|[from] U-turn\n|-fieldstart|move: Grassy Terrain|[from] ability: Grassy Surge|[of] p2a: Rillaboom\n|move|p1a: Breloom|Leech Seed|p2a: Rillaboom\n|-immune|p2a: Rillaboom\n|\n|-heal|p1a: Breloom|79\/100|[from] Grassy Terrain\n|-status|p1a: Breloom|tox|[from] item: Toxic Orb\n|upkeep\n|turn|2\n|\n|t:|1699831664\n|switch|p1a: Mandibuzz|Mandibuzz, F|100\/100\n|move|p2a: Rillaboom|U-turn|p1a: Mandibuzz\n|-damage|p1a: Mandibuzz|79\/100\n|\n|t:|1699831669\n|switch|p2a: Garganacl|Garganacl, M|100\/100|[from] U-turn\n|\n|upkeep\n|turn|3\n|\n|t:|1699831683\n|move|p1a: Mandibuzz|Roost|p1a: Mandibuzz\n|-heal|p1a: Mandibuzz|100\/100\n|-singleturn|p1a: Mandibuzz|move: Roost\n|move|p2a: Garganacl|Salt Cure|p1a: Mandibuzz\n|-damage|p1a: Mandibuzz|93\/100\n|-start|p1a: Mandibuzz|Salt Cure\n|\n|-heal|p1a: Mandibuzz|99\/100|[from] Grassy Terrain\n|-damage|p1a: Mandibuzz|87\/100|[from] Salt Cure\n|upkeep\n|turn|4\n|\n|t:|1699831705\n|move|p1a: Mandibuzz|U-turn|p2a: Garganacl\n|-damage|p2a: Garganacl|93\/100\n|\n|t:|1699831710\n|switch|p1a: Breloom|Breloom, F|79\/100 tox|[from] U-turn\n|move|p2a: Garganacl|Salt Cure|p1a: Breloom\n|-resisted|p1a: Breloom\n|-damage|p1a: Breloom|71\/100 tox\n|-start|p1a: Breloom|Salt Cure\n|\n|-heal|p1a: Breloom|77\/100 tox|[from] Grassy Terrain\n|-heal|p2a: Garganacl|99\/100|[from] Grassy Terrain\n|-heal|p2a: Garganacl|100\/100|[from] item: Leftovers\n|-heal|p1a: Breloom|89\/100 tox|[from] ability: Poison Heal\n|-damage|p1a: Breloom|77\/100 tox|[from] Salt Cure\n|upkeep\n|turn|5\n|\n|t:|1699831718\n|switch|p2a: Landorus|Landorus-Therian, M|100\/100\n|-ability|p2a: Landorus|Intimidate|boost\n|-unboost|p1a: Breloom|atk|1\n|-singleturn|p1a: Breloom|move: Focus Punch\n|move|p1a: Breloom|Focus Punch|p2a: Landorus\n|-resisted|p2a: Landorus\n|-damage|p2a: Landorus|81\/100\n|-damage|p1a: Breloom|61\/100 tox|[from] item: Rocky Helmet|[of] p2a: Landorus\n|\n|-heal|p1a: Breloom|67\/100 tox|[from] Grassy Terrain\n|-heal|p1a: Breloom|79\/100 tox|[from] ability: Poison Heal\n|-damage|p1a: Breloom|67\/100 tox|[from] Salt Cure\n|-fieldend|move: Grassy Terrain\n|upkeep\n|turn|6\n|\n|t:|1699831737\n|move|p2a: Landorus|Stealth Rock|p1a: Breloom\n|-sidestart|p1: athenafromdahood|move: Stealth Rock\n|move|p1a: Breloom|Fling|p2a: Landorus\n|-damage|p2a: Landorus|75\/100\n|-status|p2a: Landorus|tox\n|-enditem|p1a: Breloom|Toxic Orb|[from] move: Fling\n|\n|-damage|p2a: Landorus|69\/100 tox|[from] psn\n|-heal|p1a: Breloom|79\/100 tox|[from] ability: Poison Heal\n|-damage|p1a: Breloom|67\/100 tox|[from] Salt Cure\n|upkeep\n|turn|7\n|\n|t:|1699831743\n|move|p2a: Landorus|U-turn|p1a: Breloom\n|-damage|p1a: Breloom|39\/100 tox\n|\n|t:|1699831746\n|switch|p2a: Rillaboom|Rillaboom, M|100\/100|[from] U-turn\n|-fieldstart|move: Grassy Terrain|[from] ability: Grassy Surge|[of] p2a: Rillaboom\n|move|p1a: Breloom|Leech Seed|p2a: Rillaboom\n|-immune|p2a: Rillaboom\n|\n|-heal|p1a: Breloom|45\/100 tox|[from] Grassy Terrain\n|-heal|p1a: Breloom|57\/100 tox|[from] ability: Poison Heal\n|-damage|p1a: Breloom|45\/100 tox|[from] Salt Cure\n|upkeep\n|turn|8\n|\n|t:|1699831759\n|move|p2a: Rillaboom|Knock Off|p1a: Breloom\n|-resisted|p1a: Breloom\n|-damage|p1a: Breloom|24\/100 tox\n|move|p1a: Breloom|Leech Seed|p2a: Rillaboom\n|-immune|p2a: Rillaboom\n|\n|-heal|p1a: Breloom|30\/100 tox|[from] Grassy Terrain\n|-heal|p1a: Breloom|42\/100 tox|[from] ability: Poison Heal\n|-damage|p1a: Breloom|30\/100 tox|[from] Salt Cure\n|upkeep\n|turn|9\n|\n|t:|1699831769\n|move|p2a: Rillaboom|Knock Off|p1a: Breloom\n|-resisted|p1a: Breloom\n|-damage|p1a: Breloom|6\/100 tox\n|move|p1a: Breloom|Leech Seed|p2a: Rillaboom\n|-immune|p2a: Rillaboom\n|\n|-heal|p1a: Breloom|13\/100 tox|[from] Grassy Terrain\n|-heal|p1a: Breloom|25\/100 tox|[from] ability: Poison Heal\n|-damage|p1a: Breloom|13\/100 tox|[from] Salt Cure\n|upkeep\n|turn|10\n|\n|t:|1699831786\n|switch|p1a: Mandibuzz|Mandibuzz, F|87\/100\n|move|p2a: Rillaboom|Knock Off|p1a: Mandibuzz\n|-resisted|p1a: Mandibuzz\n|-damage|p1a: Mandibuzz|72\/100\n|-enditem|p1a: Mandibuzz|Heavy-Duty Boots|[from] move: Knock Off|[of] p2a: Rillaboom\n|\n|upkeep\n|turn|11\n|\n|t:|1699831795\n|switch|p2a: Garganacl|Garganacl, M|100\/100\n|move|p1a: Mandibuzz|Defog|p2a: Garganacl\n|-unboost|p2a: Garganacl|evasion|1\n|-sideend|p1: athenafromdahood|Stealth Rock|[from] move: Defog|[of] p1a: Mandibuzz\n|-fieldend|move: Grassy Terrain\n|\n|upkeep\n|turn|12\n|\n|t:|1699831804\n|move|p1a: Mandibuzz|U-turn|p2a: Garganacl\n|-damage|p2a: Garganacl|93\/100\n|\n|t:|1699831808\n|switch|p1a: Gholdengo|Gholdengo|100\/100|[from] U-turn\n|move|p2a: Garganacl|Salt Cure|p1a: Gholdengo\n|-resisted|p1a: Gholdengo\n|-damage|p1a: Gholdengo|95\/100\n|-start|p1a: Gholdengo|Salt Cure\n|\n|-heal|p2a: Garganacl|99\/100|[from] item: Leftovers\n|-damage|p1a: Gholdengo|71\/100|[from] Salt Cure\n|upkeep\n|turn|13\n|inactive|soccersniper has 120 seconds left.\n|\n|t:|1699831838\n|switch|p2a: Sneasler|Sneasler, F|100\/100\n|move|p1a: Gholdengo|Make It Rain|p2a: Sneasler\n|-damage|p2a: Sneasler|25\/100\n|-unboost|p1a: Gholdengo|spa|1\n|\n|-damage|p1a: Gholdengo|46\/100|[from] Salt Cure\n|upkeep\n|turn|14\n|\n|t:|1699831848\n|switch|p2a: Garganacl|Garganacl, M|99\/100\n|switch|p1a: Mandibuzz|Mandibuzz, F|72\/100\n|\n|-heal|p2a: Garganacl|100\/100|[from] item: Leftovers\n|upkeep\n|turn|15\n|\n|t:|1699831853\n|move|p1a: Mandibuzz|U-turn|p2a: Garganacl\n|-damage|p2a: Garganacl|93\/100\n|\n|t:|1699831859\n|switch|p1a: Gholdengo|Gholdengo|46\/100|[from] U-turn\n|move|p2a: Garganacl|Salt Cure|p1a: Gholdengo\n|-resisted|p1a: Gholdengo\n|-damage|p1a: Gholdengo|41\/100\n|-start|p1a: Gholdengo|Salt Cure\n|\n|-heal|p2a: Garganacl|99\/100|[from] item: Leftovers\n|-damage|p1a: Gholdengo|16\/100|[from] Salt Cure\n|upkeep\n|turn|16\n|\n|t:|1699831864\n|-terastallize|p2a: Garganacl|Ghost\n|move|p1a: Gholdengo|Make It Rain|p2a: Garganacl\n|-damage|p2a: Garganacl|62\/100\n|-unboost|p1a: Gholdengo|spa|1\n|move|p2a: Garganacl|Recover|p2a: Garganacl\n|-heal|p2a: Garganacl|100\/100\n|\n|-damage|p1a: Gholdengo|0 fnt|[from] Salt Cure\n|faint|p1a: Gholdengo\n|upkeep\n|\n|t:|1699831879\n|switch|p1a: Breloom|Breloom, F|13\/100 tox\n|turn|17\n|\n|t:|1699831900\n|switch|p2a: Landorus|Landorus-Therian, M|69\/100 tox\n|-ability|p2a: Landorus|Intimidate|boost\n|-unboost|p1a: Breloom|atk|1\n|-singleturn|p1a: Breloom|move: Focus Punch\n|move|p1a: Breloom|Focus Punch|p2a: Landorus\n|-resisted|p2a: Landorus\n|-damage|p2a: Landorus|48\/100 tox\n|-damage|p1a: Breloom|0 fnt|[from] item: Rocky Helmet|[of] p2a: Landorus\n|faint|p1a: Breloom\n|\n|-damage|p2a: Landorus|42\/100 tox|[from] psn\n|upkeep\n|\n|t:|1699831912\n|switch|p1a: Enamorus|Enamorus, F|100\/100\n|turn|18\n|\n|t:|1699831926\n|move|p1a: Enamorus|Moonblast|p2a: Landorus\n|-damage|p2a: Landorus|0 fnt\n|faint|p2a: Landorus\n|\n|upkeep\n|\n|t:|1699831937\n|switch|p2a: Garganacl|Garganacl, M, tera:Ghost|100\/100\n|turn|19\n|\n|t:|1699831943\n|-terastallize|p1a: Enamorus|Fairy\n|move|p1a: Enamorus|Moonblast|p2a: Garganacl\n|-damage|p2a: Garganacl|58\/100\n|-unboost|p2a: Garganacl|spa|1\n|move|p2a: Garganacl|Salt Cure|p1a: Enamorus\n|-damage|p1a: Enamorus|77\/100\n|-start|p1a: Enamorus|Salt Cure\n|\n|-heal|p2a: Garganacl|64\/100|[from] item: Leftovers\n|-damage|p1a: Enamorus|65\/100|[from] Salt Cure\n|upkeep\n|turn|20\n|\n|t:|1699831954\n|switch|p1a: Cinderace|Cinderace, F|100\/100\n|move|p2a: Garganacl|Recover|p2a: Garganacl\n|-heal|p2a: Garganacl|100\/100\n|\n|upkeep\n|turn|21\n|l|\u2606athenafromdahood\n|inactive|athenafromdahood disconnected and has a minute to reconnect!\n|player|p1|\n|inactive|athenafromdahood has 30 seconds to reconnect!\n|inactive|athenafromdahood has 20 seconds to reconnect!\n|inactive|athenafromdahood has 15 seconds to reconnect!\n|inactive|athenafromdahood has 10 seconds to reconnect!\n|inactive|athenafromdahood has 5 seconds to reconnect!\n|-message|athenafromdahood lost due to inactivity.\n|\n|win|soccersniper\n|raw|athenafromdahood's rating: 1353 &rarr; <strong>1334<\/strong><br \/>(-19 for losing)\n|raw|soccersniper's rating: 1365 &rarr; <strong>1384<\/strong><br \/>(+19 for winning)\n","uploadtime":1699832024,"views":10,"p1id":"athenafromdahood","p2id":"soccersniper","formatid":"gen9ou","rating":1334,"private":0,"password":""}