{"id":"gen9ou-1999473264","p1":"Gabriolet","p2":"actualonion","format":"[Gen 9] OU","log":"|j|\u2606Gabriolet\n|j|\u2606actualonion\n|t:|1701085894\n|gametype|singles\n|player|p1|Gabriolet|flint|1396\n|player|p2|actualonion|allister|1596\n|teamsize|p1|6\n|teamsize|p2|6\n|gen|9\n|tier|[Gen 9] OU\n|rated|\n|rule|Sleep Clause Mod: Limit one foe put to sleep\n|rule|Species Clause: Limit one of each Pok\u00e9mon\n|rule|OHKO Clause: OHKO moves are banned\n|rule|Evasion Items Clause: Evasion items are banned\n|rule|Evasion Moves Clause: Evasion moves are banned\n|rule|Endless Battle Clause: Forcing endless battles is banned\n|rule|HP Percentage Mod: HP is shown in percentages\n|clearpoke\n|poke|p1|Kingambit, M|\n|poke|p1|Great Tusk|\n|poke|p1|Dragapult, M|\n|poke|p1|Ogerpon-Wellspring, F|\n|poke|p1|Blissey, F|\n|poke|p1|Zapdos|\n|poke|p2|Great Tusk|\n|poke|p2|Dragapult, F|\n|poke|p2|Samurott-Hisui, M|\n|poke|p2|Slowking-Galar, F|\n|poke|p2|Gholdengo|\n|poke|p2|Kingambit, M|\n|teampreview\n|\n|t:|1701085916\n|start\n|switch|p1a: Zapdos|Zapdos|100\/100\n|switch|p2a: Samurott|Samurott-Hisui, M|100\/100\n|turn|1\n|\n|t:|1701085928\n|switch|p2a: Slowking|Slowking-Galar, F|100\/100\n|move|p1a: Zapdos|Volt Switch|p2a: Slowking\n|-damage|p2a: Slowking|83\/100\n|\n|t:|1701085935\n|switch|p1a: Great Tusk|Great Tusk|100\/100|[from] Volt Switch\n|\n|upkeep\n|turn|2\n|\n|t:|1701085945\n|switch|p2a: Great Tusk|Great Tusk|100\/100\n|move|p1a: Great Tusk|Earthquake|p2a: Great Tusk\n|-damage|p2a: Great Tusk|80\/100\n|\n|-heal|p2a: Great Tusk|86\/100|[from] item: Leftovers\n|upkeep\n|turn|3\n|\n|t:|1701085956\n|-end|p1a: Great Tusk|Protosynthesis|[silent]\n|switch|p1a: Zapdos|Zapdos|100\/100\n|move|p2a: Great Tusk|Stealth Rock|p1a: Zapdos\n|-sidestart|p1: Gabriolet|move: Stealth Rock\n|\n|-heal|p2a: Great Tusk|92\/100|[from] item: Leftovers\n|upkeep\n|turn|4\n|\n|t:|1701085964\n|-end|p2a: Great Tusk|Protosynthesis|[silent]\n|switch|p2a: Slowking|Slowking-Galar, F|100\/100\n|move|p1a: Zapdos|Hurricane|p2a: Slowking\n|-crit|p2a: Slowking\n|-damage|p2a: Slowking|61\/100\n|\n|upkeep\n|turn|5\n|\n|t:|1701085971\n|move|p1a: Zapdos|Volt Switch|p2a: Slowking\n|-damage|p2a: Slowking|43\/100\n|\n|t:|1701085979\n|switch|p1a: Dragapult|Dragapult, M|100\/100|[from] Volt Switch\n|-damage|p1a: Dragapult|88\/100|[from] Stealth Rock\n|move|p2a: Slowking|Chilly Reception|p2a: Slowking\n|-weather|Snow\n|\n|t:|1701086022\n|switch|p2a: Kingambit|Kingambit, M|100\/100|[from] Chilly Reception\n|\n|-weather|Snow|[upkeep]\n|upkeep\n|turn|6\n|\n|t:|1701086028\n|switch|p1a: Great Tusk|Great Tusk|100\/100\n|-damage|p1a: Great Tusk|98\/100|[from] Stealth Rock\n|-end|p2a: Kingambit|fallenundefined|[silent]\n|switch|p2a: Dragapult|Dragapult, F|100\/100\n|\n|-weather|Snow|[upkeep]\n|-heal|p1a: Great Tusk|100\/100|[from] item: Leftovers\n|upkeep\n|turn|7\n|\n|t:|1701086037\n|-end|p1a: Great Tusk|Protosynthesis|[silent]\n|switch|p1a: Blissey|Blissey, F|100\/100\n|move|p2a: Dragapult|U-turn|p1a: Blissey\n|-crit|p1a: Blissey\n|-damage|p1a: Blissey|79\/100\n|\n|t:|1701086042\n|switch|p2a: Samurott|Samurott-Hisui, M|100\/100|[from] U-turn\n|\n|-weather|Snow|[upkeep]\n|upkeep\n|turn|8\n|\n|t:|1701086047\n|switch|p1a: Great Tusk|Great Tusk|100\/100\n|-damage|p1a: Great Tusk|98\/100|[from] Stealth Rock\n|move|p2a: Samurott|Knock Off|p1a: Great Tusk\n|-resisted|p1a: Great Tusk\n|-crit|p1a: Great Tusk\n|-damage|p1a: Great Tusk|75\/100\n|-enditem|p1a: Great Tusk|Leftovers|[from] move: Knock Off|[of] p2a: Samurott\n|\n|-weather|Snow|[upkeep]\n|upkeep\n|turn|9\n|\n|t:|1701086059\n|switch|p2a: Great Tusk|Great Tusk|92\/100\n|move|p1a: Great Tusk|Rapid Spin|p2a: Great Tusk\n|-damage|p2a: Great Tusk|85\/100\n|-boost|p1a: Great Tusk|spe|1\n|-sideend|p1: Gabriolet|Stealth Rock|[from] move: Rapid Spin|[of] p1a: Great Tusk\n|\n|-weather|none\n|-heal|p2a: Great Tusk|92\/100|[from] item: Leftovers\n|upkeep\n|turn|10\n|\n|t:|1701086070\n|move|p1a: Great Tusk|Bulk Up|p1a: Great Tusk\n|-boost|p1a: Great Tusk|atk|1\n|-boost|p1a: Great Tusk|def|1\n|move|p2a: Great Tusk|Stealth Rock|p1a: Great Tusk\n|-sidestart|p1: Gabriolet|move: Stealth Rock\n|\n|-heal|p2a: Great Tusk|98\/100|[from] item: Leftovers\n|upkeep\n|turn|11\n|\n|t:|1701086081\n|-end|p2a: Great Tusk|Protosynthesis|[silent]\n|switch|p2a: Gholdengo|Gholdengo|100\/100\n|-item|p2a: Gholdengo|Air Balloon\n|move|p1a: Great Tusk|Bulk Up|p1a: Great Tusk\n|-boost|p1a: Great Tusk|atk|1\n|-boost|p1a: Great Tusk|def|1\n|\n|upkeep\n|turn|12\n|\n|t:|1701086091\n|-terastallize|p2a: Gholdengo|Fairy\n|move|p1a: Great Tusk|Knock Off|p2a: Gholdengo\n|-resisted|p2a: Gholdengo\n|-damage|p2a: Gholdengo|67\/100\n|-enditem|p2a: Gholdengo|Air Balloon\n|move|p2a: Gholdengo|Dazzling Gleam|p1a: Great Tusk\n|-supereffective|p1a: Great Tusk\n|-damage|p1a: Great Tusk|0 fnt\n|faint|p1a: Great Tusk\n|-end|p1a: Great Tusk|Protosynthesis|[silent]\n|\n|upkeep\n|\n|t:|1701086103\n|switch|p1a: Kingambit|Kingambit, M|100\/100\n|-damage|p1a: Kingambit|94\/100|[from] Stealth Rock\n|-activate|p1a: Kingambit|ability: Supreme Overlord\n|-start|p1a: Kingambit|fallen1|[silent]\n|turn|13\n|\n|t:|1701086109\n|switch|p2a: Great Tusk|Great Tusk|98\/100\n|move|p1a: Kingambit|Swords Dance|p1a: Kingambit\n|-boost|p1a: Kingambit|atk|2\n|\n|-heal|p2a: Great Tusk|100\/100|[from] item: Leftovers\n|upkeep\n|turn|14\n|\n|t:|1701086118\n|-end|p1a: Kingambit|fallen1|[silent]\n|switch|p1a: Zapdos|Zapdos|100\/100\n|move|p2a: Great Tusk|Ice Spinner|p1a: Zapdos\n|-supereffective|p1a: Zapdos\n|-damage|p1a: Zapdos|64\/100\n|-status|p2a: Great Tusk|par|[from] ability: Static|[of] p1a: Zapdos\n|\n|upkeep\n|turn|15\n|\n|t:|1701086127\n|-end|p2a: Great Tusk|Protosynthesis|[silent]\n|switch|p2a: Slowking|Slowking-Galar, F|77\/100\n|move|p1a: Zapdos|Volt Switch|p2a: Slowking\n|-damage|p2a: Slowking|58\/100\n|\n|t:|1701086140\n|switch|p1a: Dragapult|Dragapult, M|88\/100|[from] Volt Switch\n|-damage|p1a: Dragapult|76\/100|[from] Stealth Rock\n|\n|upkeep\n|turn|16\n|\n|t:|1701086154\n|switch|p2a: Samurott|Samurott-Hisui, M|100\/100\n|move|p1a: Dragapult|Flamethrower|p2a: Samurott\n|-resisted|p2a: Samurott\n|-damage|p2a: Samurott|82\/100\n|\n|upkeep\n|turn|17\n|\n|t:|1701086164\n|switch|p1a: Ogerpon|Ogerpon-Wellspring, F|100\/100\n|-damage|p1a: Ogerpon|88\/100|[from] Stealth Rock\n|move|p2a: Samurott|Knock Off|p1a: Ogerpon\n|-damage|p1a: Ogerpon|51\/100\n|\n|upkeep\n|turn|18\n|\n|t:|1701086190\n|switch|p2a: Dragapult|Dragapult, F|100\/100\n|move|p1a: Ogerpon|U-turn|p2a: Dragapult\n|-resisted|p2a: Dragapult\n|-damage|p2a: Dragapult|83\/100\n|\n|t:|1701086194\n|switch|p1a: Blissey|Blissey, F|79\/100|[from] U-turn\n|\n|upkeep\n|turn|19\n|\n|t:|1701086201\n|switch|p1a: Zapdos|Zapdos|64\/100\n|move|p2a: Dragapult|U-turn|p1a: Zapdos\n|-resisted|p1a: Zapdos\n|-damage|p1a: Zapdos|56\/100\n|\n|t:|1701086216\n|switch|p2a: Samurott|Samurott-Hisui, M|82\/100|[from] U-turn\n|\n|upkeep\n|turn|20\n|\n|t:|1701086220\n|move|p2a: Samurott|Ceaseless Edge|p1a: Zapdos\n|-damage|p1a: Zapdos|23\/100\n|-sidestart|p1: Gabriolet|Spikes\n|move|p1a: Zapdos|Roost|p1a: Zapdos\n|-heal|p1a: Zapdos|73\/100\n|-singleturn|p1a: Zapdos|move: Roost\n|\n|upkeep\n|turn|21\n|\n|t:|1701086230\n|move|p2a: Samurott|Knock Off|p1a: Zapdos\n|-crit|p1a: Zapdos\n|-damage|p1a: Zapdos|24\/100\n|-status|p2a: Samurott|par|[from] ability: Static|[of] p1a: Zapdos\n|-enditem|p1a: Zapdos|Heavy-Duty Boots|[from] move: Knock Off|[of] p2a: Samurott\n|move|p1a: Zapdos|Volt Switch|p2a: Samurott\n|-supereffective|p2a: Samurott\n|-damage|p2a: Samurott|30\/100 par\n|\n|t:|1701086245\n|switch|p1a: Ogerpon|Ogerpon-Wellspring, F|51\/100|[from] Volt Switch\n|-damage|p1a: Ogerpon|39\/100|[from] Stealth Rock\n|-damage|p1a: Ogerpon|27\/100|[from] Spikes\n|\n|upkeep\n|turn|22\n|\n|t:|1701086254\n|move|p1a: Ogerpon|Power Whip|p2a: Samurott\n|-supereffective|p2a: Samurott\n|-damage|p2a: Samurott|0 fnt\n|faint|p2a: Samurott\n|\n|upkeep\n|\n|t:|1701086259\n|switch|p2a: Dragapult|Dragapult, F|83\/100\n|turn|23\n|\n|t:|1701086264\n|switch|p2a: Slowking|Slowking-Galar, F|92\/100\n|switch|p1a: Zapdos|Zapdos|24\/100\n|-damage|p1a: Zapdos|0 fnt|[from] Stealth Rock\n|faint|p1a: Zapdos\n|\n|upkeep\n|\n|t:|1701086274\n|switch|p1a: Ogerpon|Ogerpon-Wellspring, F|27\/100\n|-damage|p1a: Ogerpon|14\/100|[from] Stealth Rock\n|-damage|p1a: Ogerpon|2\/100|[from] Spikes\n|turn|24\n|\n|t:|1701086296\n|move|p1a: Ogerpon|Ivy Cudgel|p2a: Slowking|[anim] Ivy Cudgel Water\n|-damage|p2a: Slowking|27\/100\n|move|p2a: Slowking|Sludge Bomb|p1a: Ogerpon\n|-supereffective|p1a: Ogerpon\n|-damage|p1a: Ogerpon|0 fnt\n|faint|p1a: Ogerpon\n|\n|upkeep\n|\n|t:|1701086303\n|switch|p1a: Dragapult|Dragapult, M|76\/100\n|-damage|p1a: Dragapult|64\/100|[from] Stealth Rock\n|-damage|p1a: Dragapult|51\/100|[from] Spikes\n|turn|25\n|\n|t:|1701086312\n|move|p1a: Dragapult|Shadow Ball|p2a: Slowking\n|-supereffective|p2a: Slowking\n|-damage|p2a: Slowking|0 fnt\n|faint|p2a: Slowking\n|\n|upkeep\n|\n|t:|1701086320\n|switch|p2a: Kingambit|Kingambit, M|100\/100\n|-activate|p2a: Kingambit|ability: Supreme Overlord\n|-start|p2a: Kingambit|fallen2|[silent]\n|turn|26\n|\n|t:|1701086330\n|move|p1a: Dragapult|Shadow Ball|p2a: Kingambit\n|-resisted|p2a: Kingambit\n|-damage|p2a: Kingambit|71\/100\n|move|p2a: Kingambit|Kowtow Cleave|p1a: Dragapult\n|-supereffective|p1a: Dragapult\n|-damage|p1a: Dragapult|0 fnt\n|faint|p1a: Dragapult\n|\n|upkeep\n|\n|t:|1701086338\n|switch|p1a: Kingambit|Kingambit, M|94\/100\n|-damage|p1a: Kingambit|88\/100|[from] Stealth Rock\n|-damage|p1a: Kingambit|76\/100|[from] Spikes\n|-activate|p1a: Kingambit|ability: Supreme Overlord\n|-start|p1a: Kingambit|fallen4|[silent]\n|turn|27\n|\n|t:|1701086346\n|-end|p2a: Kingambit|fallen2|[silent]\n|switch|p2a: Dragapult|Dragapult, F|83\/100\n|-terastallize|p1a: Kingambit|Dark\n|move|p1a: Kingambit|Swords Dance|p1a: Kingambit\n|-boost|p1a: Kingambit|atk|2\n|\n|upkeep\n|turn|28\n|\n|t:|1701086367\n|move|p2a: Dragapult|Draco Meteor|p1a: Kingambit\n|-damage|p1a: Kingambit|0 fnt\n|-unboost|p2a: Dragapult|spa|2\n|faint|p1a: Kingambit\n|-end|p1a: Kingambit|fallen4|[silent]\n|\n|upkeep\n|-message|Gabriolet forfeited.\n|\n|win|actualonion\n|raw|Gabriolet's rating: 1396 &rarr; <strong>1386<\/strong><br \/>(-10 for losing)\n|raw|actualonion's rating: 1596 &rarr; <strong>1606<\/strong><br \/>(+10 for winning)\n|l|\u2606Gabriolet\n|c|\u2606actualonion|???\n|c|\u2606actualonion|gg\n","uploadtime":1701086398,"views":6,"p1id":"gabriolet","p2id":"actualonion","formatid":"gen9ou","rating":1386,"private":0,"password":""}