{"id":"gen9ou-1994172418","p1":"Arctr1x","p2":"JAADragon","format":"[Gen 9] OU","log":"|j|\u2606Arctr1x\n|j|\u2606JAADragon\n|t:|1700415189\n|gametype|singles\n|player|p1|Arctr1x|cynthia|1102\n|player|p2|JAADragon|ethan|1046\n|teamsize|p1|6\n|teamsize|p2|6\n|gen|9\n|tier|[Gen 9] OU\n|rated|\n|rule|Sleep Clause Mod: Limit one foe put to sleep\n|rule|Species Clause: Limit one of each Pok\u00e9mon\n|rule|OHKO Clause: OHKO moves are banned\n|rule|Evasion Items Clause: Evasion items are banned\n|rule|Evasion Moves Clause: Evasion moves are banned\n|rule|Endless Battle Clause: Forcing endless battles is banned\n|rule|HP Percentage Mod: HP is shown in percentages\n|clearpoke\n|poke|p1|Sneasler, F|\n|poke|p1|Moltres-Galar|\n|poke|p1|Ogerpon-Cornerstone, F|\n|poke|p1|Iron Treads|\n|poke|p1|Ceruledge, F|\n|poke|p1|Hatterene, F|\n|poke|p2|Ampharos, F|\n|poke|p2|Typhlosion, M|\n|poke|p2|Espeon, F|\n|poke|p2|Forretress, M|\n|poke|p2|Quagsire, M|\n|poke|p2|Noctowl, F|\n|teampreview\n|inactive|Battle timer is ON: inactive players will automatically lose when time's up. (requested by Arctr1x)\n|\n|t:|1700415203\n|start\n|switch|p1a: Ceruledge|Ceruledge, F|100\/100\n|switch|p2a: Noctowl|Noctowl, F, shiny|100\/100\n|turn|1\n|\n|t:|1700415210\n|move|p1a: Ceruledge|Swords Dance|p1a: Ceruledge\n|-boost|p1a: Ceruledge|atk|2\n|move|p2a: Noctowl|Tailwind|p2a: Noctowl\n|-sidestart|p2: JAADragon|move: Tailwind\n|\n|upkeep\n|turn|2\n|\n|t:|1700415219\n|switch|p2a: Spike|Typhlosion, M|100\/100\n|move|p1a: Ceruledge|Flame Charge|p2a: Spike\n|-start|p2a: Spike|ability: Flash Fire\n|\n|upkeep\n|turn|3\n|\n|t:|1700415227\n|move|p1a: Ceruledge|Shadow Sneak|p2a: Spike\n|-damage|p2a: Spike|40\/100\n|move|p2a: Spike|Shadow Ball|p1a: Ceruledge\n|-supereffective|p1a: Ceruledge\n|-damage|p1a: Ceruledge|26\/100\n|-unboost|p1a: Ceruledge|spd|1\n|-enditem|p1a: Ceruledge|White Herb\n|-clearnegativeboost|p1a: Ceruledge|[silent]\n|-damage|p2a: Spike|30\/100|[from] item: Life Orb\n|\n|upkeep\n|turn|4\n|\n|t:|1700415244\n|-end|p2a: Spike|ability: Flash Fire|[silent]\n|switch|p2a: Blast|Quagsire, M|100\/100\n|move|p1a: Ceruledge|Shadow Sneak|p2a: Blast\n|-damage|p2a: Blast|69\/100\n|-enditem|p2a: Blast|Red Card|[of] p1a: Ceruledge\n|drag|p1a: Hatterene|Hatterene, F, shiny|100\/100\n|\n|-sideend|p2: JAADragon|move: Tailwind\n|upkeep\n|turn|5\n|\n|t:|1700415255\n|move|p2a: Blast|Sludge Bomb|p1a: Hatterene\n|-supereffective|p1a: Hatterene\n|-damage|p1a: Hatterene|78\/100\n|-status|p1a: Hatterene|psn\n|move|p1a: Hatterene|Giga Drain|p2a: Blast\n|-supereffective|p2a: Blast\n|-damage|p2a: Blast|0 fnt\n|-heal|p1a: Hatterene|100\/100 psn|[from] drain|[of] p2a: Blast\n|faint|p2a: Blast\n|\n|-damage|p1a: Hatterene|88\/100 psn|[from] psn\n|upkeep\n|\n|t:|1700415264\n|switch|p2a: Noctowl|Noctowl, F, shiny|100\/100\n|turn|6\n|\n|t:|1700415267\n|move|p2a: Noctowl|Tailwind|p2a: Noctowl\n|-sidestart|p2: JAADragon|move: Tailwind\n|move|p1a: Hatterene|Thunder Wave|p2a: Noctowl\n|-status|p2a: Noctowl|par\n|\n|-damage|p1a: Hatterene|76\/100 psn|[from] psn\n|upkeep\n|turn|7\n|\n|t:|1700415278\n|move|p2a: Noctowl|Calm Mind|p2a: Noctowl\n|-boost|p2a: Noctowl|spa|1\n|-boost|p2a: Noctowl|spd|1\n|move|p1a: Hatterene|Light Screen|p1a: Hatterene\n|-sidestart|p1: Arctr1x|move: Light Screen\n|\n|-damage|p1a: Hatterene|64\/100 psn|[from] psn\n|upkeep\n|turn|8\n|\n|t:|1700415284\n|move|p2a: Noctowl|Calm Mind|p2a: Noctowl\n|-boost|p2a: Noctowl|spa|1\n|-boost|p2a: Noctowl|spd|1\n|move|p1a: Hatterene|Reflect|p1a: Hatterene\n|-sidestart|p1: Arctr1x|Reflect\n|\n|-damage|p1a: Hatterene|51\/100 psn|[from] psn\n|upkeep\n|turn|9\n|\n|t:|1700415289\n|switch|p1a: Sneasler|Sneasler, F|100\/100\n|move|p2a: Noctowl|Calm Mind|p2a: Noctowl\n|-boost|p2a: Noctowl|spa|1\n|-boost|p2a: Noctowl|spd|1\n|\n|-sideend|p2: JAADragon|move: Tailwind\n|upkeep\n|turn|10\n|\n|t:|1700415297\n|move|p1a: Sneasler|Fake Out|p2a: Noctowl\n|-damage|p2a: Noctowl|79\/100 par\n|cant|p2a: Noctowl|flinch\n|\n|upkeep\n|turn|11\n|\n|t:|1700415303\n|move|p1a: Sneasler|Dire Claw|p2a: Noctowl\n|-damage|p2a: Noctowl|9\/100 par\n|move|p2a: Noctowl|Tailwind|p2a: Noctowl\n|-sidestart|p2: JAADragon|move: Tailwind\n|\n|upkeep\n|turn|12\n|\n|t:|1700415310\n|move|p1a: Sneasler|Close Combat|p2a: Noctowl\n|-damage|p2a: Noctowl|0 fnt\n|-unboost|p1a: Sneasler|def|1\n|-unboost|p1a: Sneasler|spd|1\n|-enditem|p1a: Sneasler|White Herb\n|-clearnegativeboost|p1a: Sneasler|[silent]\n|faint|p2a: Noctowl\n|\n|upkeep\n|\n|t:|1700415312\n|switch|p2a: Megumi|Espeon, F|100\/100\n|turn|13\n|\n|t:|1700415319\n|-terastallize|p1a: Sneasler|Flying\n|move|p2a: Megumi|Psychic|p1a: Sneasler\n|-crit|p1a: Sneasler\n|-damage|p1a: Sneasler|0 fnt\n|faint|p1a: Sneasler\n|\n|upkeep\n|\n|t:|1700415323\n|switch|p1a: Iron Treads|Iron Treads|100\/100\n|turn|14\n|\n|t:|1700415331\n|switch|p2a: Amp!|Ampharos, F|100\/100\n|move|p1a: Iron Treads|Knock Off|p2a: Amp!\n|-damage|p2a: Amp!|76\/100\n|-status|p1a: Iron Treads|par|[from] ability: Static|[of] p2a: Amp!\n|-enditem|p2a: Amp!|Choice Band|[from] move: Knock Off|[of] p1a: Iron Treads\n|\n|-sideend|p1: Arctr1x|move: Light Screen\n|-sideend|p2: JAADragon|move: Tailwind\n|upkeep\n|turn|15\n|\n|t:|1700415343\n|move|p1a: Iron Treads|Stealth Rock|p2a: Amp!\n|-sidestart|p2: JAADragon|move: Stealth Rock\n|move|p2a: Amp!|Bulldoze|p1a: Iron Treads\n|-supereffective|p1a: Iron Treads\n|-damage|p1a: Iron Treads|89\/100 par\n|-unboost|p1a: Iron Treads|spe|1\n|\n|-heal|p1a: Iron Treads|95\/100 par|[from] item: Leftovers\n|-sideend|p1: Arctr1x|Reflect\n|upkeep\n|turn|16\n|\n|t:|1700415350\n|move|p2a: Amp!|Fire Punch|p1a: Iron Treads\n|-supereffective|p1a: Iron Treads\n|-damage|p1a: Iron Treads|67\/100 par\n|move|p1a: Iron Treads|Volt Switch|p2a: Amp!\n|-resisted|p2a: Amp!\n|-damage|p2a: Amp!|71\/100\n|\n|t:|1700415355\n|-end|p1a: Iron Treads|Quark Drive|[silent]\n|switch|p1a: Hatterene|Hatterene, F, shiny|51\/100 psn|[from] Volt Switch\n|\n|-damage|p1a: Hatterene|39\/100 psn|[from] psn\n|upkeep\n|turn|17\n|\n|t:|1700415358\n|move|p2a: Amp!|Thunder Punch|p1a: Hatterene\n|-damage|p1a: Hatterene|7\/100 psn\n|move|p1a: Hatterene|Giga Drain|p2a: Amp!\n|-damage|p2a: Amp!|48\/100\n|-heal|p1a: Hatterene|21\/100 psn|[from] drain|[of] p2a: Amp!\n|\n|-damage|p1a: Hatterene|9\/100 psn|[from] psn\n|upkeep\n|turn|18\n|\n|t:|1700415362\n|move|p2a: Amp!|Thunder Punch|p1a: Hatterene\n|-damage|p1a: Hatterene|0 fnt\n|faint|p1a: Hatterene\n|\n|upkeep\n|\n|t:|1700415364\n|switch|p1a: Iron Treads|Iron Treads|67\/100 par\n|turn|19\n|\n|t:|1700415376\n|cant|p1a: Iron Treads|par\n|move|p2a: Amp!|Fire Punch|p1a: Iron Treads\n|-supereffective|p1a: Iron Treads\n|-damage|p1a: Iron Treads|35\/100 par\n|\n|-heal|p1a: Iron Treads|42\/100 par|[from] item: Leftovers\n|upkeep\n|turn|20\n|\n|t:|1700415381\n|move|p1a: Iron Treads|Rapid Spin|p2a: Amp!\n|-damage|p2a: Amp!|36\/100\n|-boost|p1a: Iron Treads|spe|1\n|move|p2a: Amp!|Fire Punch|p1a: Iron Treads\n|-supereffective|p1a: Iron Treads\n|-damage|p1a: Iron Treads|14\/100 par\n|\n|-heal|p1a: Iron Treads|20\/100 par|[from] item: Leftovers\n|upkeep\n|turn|21\n|\n|t:|1700415385\n|move|p1a: Iron Treads|Knock Off|p2a: Amp!\n|-damage|p2a: Amp!|19\/100\n|move|p2a: Amp!|Fire Punch|p1a: Iron Treads\n|-supereffective|p1a: Iron Treads\n|-damage|p1a: Iron Treads|0 fnt\n|faint|p1a: Iron Treads\n|-end|p1a: Iron Treads|Quark Drive|[silent]\n|\n|upkeep\n|\n|t:|1700415391\n|switch|p1a: Ogerpon|Ogerpon-Cornerstone, F|100\/100\n|turn|22\n|\n|t:|1700415396\n|switch|p2a: 40oz|Forretress, M|100\/100\n|-damage|p2a: 40oz|88\/100|[from] Stealth Rock\n|move|p1a: Ogerpon|U-turn|p2a: 40oz\n|-resisted|p2a: 40oz\n|-damage|p2a: 40oz|78\/100\n|\n|t:|1700415399\n|switch|p1a: Ceruledge|Ceruledge, F|26\/100|[from] U-turn\n|\n|-heal|p2a: 40oz|84\/100|[from] item: Leftovers\n|upkeep\n|turn|23\n|\n|t:|1700415405\n|-terastallize|p2a: 40oz|Ground\n|move|p1a: Ceruledge|Bitter Blade|p2a: 40oz\n|-damage|p2a: 40oz|50\/100\n|-heal|p1a: Ceruledge|43\/100|[from] drain|[of] p2a: 40oz\n|move|p2a: 40oz|Earthquake|p1a: Ceruledge\n|-supereffective|p1a: Ceruledge\n|-damage|p1a: Ceruledge|0 fnt\n|faint|p1a: Ceruledge\n|\n|-heal|p2a: 40oz|56\/100|[from] item: Leftovers\n|upkeep\n|\n|t:|1700415412\n|switch|p1a: Ogerpon|Ogerpon-Cornerstone, F|100\/100\n|turn|24\n|\n|t:|1700415416\n|move|p1a: Ogerpon|Horn Leech|p2a: 40oz\n|-supereffective|p2a: 40oz\n|-damage|p2a: 40oz|0 fnt\n|faint|p2a: 40oz\n|\n|upkeep\n|\n|t:|1700415428\n|switch|p2a: Amp!|Ampharos, F|19\/100\n|-damage|p2a: Amp!|6\/100|[from] Stealth Rock\n|turn|25\n|\n|t:|1700415434\n|move|p1a: Ogerpon|U-turn|p2a: Amp!\n|-damage|p2a: Amp!|0 fnt\n|faint|p2a: Amp!\n|\n|t:|1700415435\n|switch|p1a: Moltres|Moltres-Galar|100\/100|[from] U-turn\n|\n|upkeep\n|\n|t:|1700415441\n|switch|p2a: Megumi|Espeon, F|100\/100\n|-damage|p2a: Megumi|88\/100|[from] Stealth Rock\n|turn|26\n|\n|t:|1700415443\n|move|p2a: Megumi|Power Gem|p1a: Moltres\n|-supereffective|p1a: Moltres\n|-crit|p1a: Moltres\n|-damage|p1a: Moltres|0 fnt\n|faint|p1a: Moltres\n|\n|upkeep\n|\n|t:|1700415445\n|switch|p1a: Ogerpon|Ogerpon-Cornerstone, F|100\/100\n|turn|27\n|\n|t:|1700415454\n|switch|p2a: Spike|Typhlosion, M|30\/100\n|-damage|p2a: Spike|5\/100|[from] Stealth Rock\n|move|p1a: Ogerpon|U-turn|p2a: Spike\n|-resisted|p2a: Spike\n|-damage|p2a: Spike|0 fnt\n|faint|p2a: Spike\n|\n|upkeep\n|\n|t:|1700415462\n|switch|p2a: Megumi|Espeon, F|88\/100\n|-damage|p2a: Megumi|76\/100|[from] Stealth Rock\n|turn|28\n|\n|t:|1700415466\n|move|p1a: Ogerpon|U-turn|p2a: Megumi\n|-supereffective|p2a: Megumi\n|-damage|p2a: Megumi|0 fnt\n|faint|p2a: Megumi\n|\n|win|Arctr1x\n|raw|Arctr1x's rating: 1102 &rarr; <strong>1123<\/strong><br \/>(+21 for winning)\n|raw|JAADragon's rating: 1046 &rarr; <strong>1032<\/strong><br \/>(-14 for losing)\n|l|\u2606Arctr1x\n|c|\u2606JAADragon|Gg\n","uploadtime":1700415480,"views":8,"p1id":"arctr1x","p2id":"jaadragon","formatid":"gen9ou","rating":1032,"private":0,"password":""}