{"id":"gen9ou-1995273084","p1":"fdhusgihnd","p2":"abber4ti0n","format":"[Gen 9] OU","log":"|j|\u2606fdhusgihnd\n|j|\u2606abber4ti0n\n|t:|1700544843\n|gametype|singles\n|player|p1|fdhusgihnd|worker|1130\n|player|p2|abber4ti0n|burglar|1046\n|teamsize|p1|6\n|teamsize|p2|6\n|gen|9\n|tier|[Gen 9] OU\n|rated|\n|rule|Sleep Clause Mod: Limit one foe put to sleep\n|rule|Species Clause: Limit one of each Pok\u00e9mon\n|rule|OHKO Clause: OHKO moves are banned\n|rule|Evasion Items Clause: Evasion items are banned\n|rule|Evasion Moves Clause: Evasion moves are banned\n|rule|Endless Battle Clause: Forcing endless battles is banned\n|rule|HP Percentage Mod: HP is shown in percentages\n|clearpoke\n|poke|p1|Tyranitar, F|\n|poke|p1|Gholdengo|\n|poke|p1|Houndstone, M|\n|poke|p1|Clefable, F|\n|poke|p1|Iron Moth|\n|poke|p1|Landorus-Therian, M|\n|poke|p2|Torkoal, M|\n|poke|p2|Walking Wake|\n|poke|p2|Great Tusk|\n|poke|p2|Typhlosion-Hisui, M|\n|poke|p2|Hatterene, F|\n|poke|p2|Dragonite, M|\n|teampreview\n|\n|t:|1700544864\n|start\n|switch|p1a: Landorus|Landorus-Therian, M|100\/100\n|switch|p2a: Walking Wake|Walking Wake|100\/100\n|-ability|p1a: Landorus|Intimidate|boost\n|-unboost|p2a: Walking Wake|atk|1\n|turn|1\n|\n|t:|1700544886\n|move|p1a: Landorus|U-turn|p2a: Walking Wake\n|-damage|p2a: Walking Wake|66\/100\n|\n|t:|1700544888\n|switch|p1a: Clefable|Clefable, F, shiny|100\/100|[from] U-turn\n|move|p2a: Walking Wake|Flip Turn|p1a: Clefable\n|-crit|p1a: Clefable\n|-damage|p1a: Clefable|74\/100\n|\n|t:|1700544898\n|-end|p2a: Walking Wake|Protosynthesis|[silent]\n|switch|p2a: Torkoal|Torkoal, M|100\/100|[from] Flip Turn\n|-weather|SunnyDay|[from] ability: Drought|[of] p2a: Torkoal\n|\n|-weather|SunnyDay|[upkeep]\n|-heal|p1a: Clefable|80\/100|[from] item: Leftovers\n|upkeep\n|turn|2\n|\n|t:|1700544910\n|switch|p1a: Tyranitar|Tyranitar, F, shiny|100\/100\n|-weather|Sandstorm|[from] ability: Sand Stream|[of] p1a: Tyranitar\n|move|p2a: Torkoal|Yawn|p1a: Tyranitar\n|-start|p1a: Tyranitar|move: Yawn|[of] p2a: Torkoal\n|\n|-weather|Sandstorm|[upkeep]\n|-damage|p2a: Torkoal|94\/100|[from] Sandstorm\n|upkeep\n|turn|3\n|\n|t:|1700544932\n|switch|p1a: Clefable|Clefable, F, shiny|80\/100\n|switch|p2a: Hatterene|Hatterene, F|100\/100\n|\n|-weather|Sandstorm|[upkeep]\n|-damage|p2a: Hatterene|95\/100|[from] Sandstorm\n|-heal|p1a: Clefable|86\/100|[from] item: Leftovers\n|upkeep\n|turn|4\n|\n|t:|1700544944\n|switch|p2a: Torkoal|Torkoal, M|94\/100\n|-weather|SunnyDay|[from] ability: Drought|[of] p2a: Torkoal\n|move|p1a: Clefable|Wish|p1a: Clefable\n|\n|-weather|SunnyDay|[upkeep]\n|-heal|p1a: Clefable|92\/100|[from] item: Leftovers\n|upkeep\n|turn|5\n|\n|t:|1700544992\n|switch|p2a: Great Tusk|Great Tusk|100\/100\n|-activate|p2a: Great Tusk|ability: Protosynthesis\n|-start|p2a: Great Tusk|protosynthesisatk\n|move|p1a: Clefable|Thunder Wave|p2a: Great Tusk\n|-immune|p2a: Great Tusk\n|\n|-weather|SunnyDay|[upkeep]\n|-heal|p1a: Clefable|100\/100|[from] move: Wish|[wisher] Clefable\n|upkeep\n|turn|6\n|\n|t:|1700545012\n|move|p2a: Great Tusk|Headlong Rush|p1a: Clefable\n|-damage|p1a: Clefable|10\/100\n|-unboost|p2a: Great Tusk|def|1\n|-unboost|p2a: Great Tusk|spd|1\n|-enditem|p2a: Great Tusk|Eject Pack\n|\n|t:|1700545020\n|-end|p2a: Great Tusk|Protosynthesis|[silent]\n|switch|p2a: Typhlosion|Typhlosion-Hisui, M|100\/100\n|-item|p1a: Clefable|Leftovers|[from] ability: Frisk|[of] p2a: Typhlosion|[identify]\n|move|p1a: Clefable|Moonblast|p2a: Typhlosion\n|-resisted|p2a: Typhlosion\n|-damage|p2a: Typhlosion|79\/100\n|\n|-weather|SunnyDay|[upkeep]\n|-heal|p1a: Clefable|16\/100|[from] item: Leftovers\n|upkeep\n|turn|7\n|\n|t:|1700545044\n|move|p1a: Clefable|Protect|p1a: Clefable\n|-singleturn|p1a: Clefable|Protect\n|move|p2a: Typhlosion|Focus Blast|p1a: Clefable\n|-activate|p1a: Clefable|move: Protect\n|\n|-weather|SunnyDay|[upkeep]\n|-heal|p1a: Clefable|23\/100|[from] item: Leftovers\n|upkeep\n|turn|8\n|\n|t:|1700545060\n|switch|p2a: Great Tusk|Great Tusk|100\/100\n|-activate|p2a: Great Tusk|ability: Protosynthesis\n|-start|p2a: Great Tusk|protosynthesisatk\n|move|p1a: Clefable|Wish|p1a: Clefable\n|\n|-weather|SunnyDay|[upkeep]\n|-heal|p1a: Clefable|29\/100|[from] item: Leftovers\n|upkeep\n|turn|9\n|\n|t:|1700545096\n|-end|p2a: Great Tusk|Protosynthesis|[silent]\n|switch|p2a: Typhlosion|Typhlosion-Hisui, M|79\/100\n|-item|p1a: Clefable|Leftovers|[from] ability: Frisk|[of] p2a: Typhlosion|[identify]\n|move|p1a: Clefable|Protect||[still]\n|-fail|p1a: Clefable\n|\n|-weather|SunnyDay|[upkeep]\n|-heal|p1a: Clefable|79\/100|[from] move: Wish|[wisher] Clefable\n|-heal|p1a: Clefable|85\/100|[from] item: Leftovers\n|upkeep\n|turn|10\n|\n|t:|1700545106\n|switch|p1a: Tyranitar|Tyranitar, F, shiny|100\/100\n|-weather|Sandstorm|[from] ability: Sand Stream|[of] p1a: Tyranitar\n|move|p2a: Typhlosion|Eruption|p1a: Tyranitar\n|-resisted|p1a: Tyranitar\n|-damage|p1a: Tyranitar|84\/100\n|\n|-weather|Sandstorm|[upkeep]\n|-damage|p2a: Typhlosion|73\/100|[from] Sandstorm\n|upkeep\n|turn|11\n|\n|t:|1700545130\n|switch|p2a: Great Tusk|Great Tusk|100\/100\n|move|p1a: Tyranitar|Knock Off|p2a: Great Tusk\n|-resisted|p2a: Great Tusk\n|-damage|p2a: Great Tusk|78\/100\n|\n|-weather|Sandstorm|[upkeep]\n|upkeep\n|turn|12\n|\n|t:|1700545150\n|switch|p1a: Landorus|Landorus-Therian, M|100\/100\n|-ability|p1a: Landorus|Intimidate|boost\n|-unboost|p2a: Great Tusk|atk|1\n|move|p2a: Great Tusk|Ice Spinner|p1a: Landorus\n|-supereffective|p1a: Landorus\n|-damage|p1a: Landorus|10\/100\n|\n|-weather|Sandstorm|[upkeep]\n|upkeep\n|turn|13\n|\n|t:|1700545225\n|move|p1a: Landorus|U-turn|p2a: Great Tusk\n|-resisted|p2a: Great Tusk\n|-damage|p2a: Great Tusk|67\/100\n|\n|t:|1700545229\n|switch|p1a: Clefable|Clefable, F, shiny|85\/100|[from] U-turn\n|move|p2a: Great Tusk|Knock Off|p1a: Clefable\n|-resisted|p1a: Clefable\n|-damage|p1a: Clefable|71\/100\n|-enditem|p1a: Clefable|Leftovers|[from] move: Knock Off|[of] p2a: Great Tusk\n|\n|-weather|Sandstorm|[upkeep]\n|upkeep\n|turn|14\n|\n|t:|1700545253\n|-end|p2a: Great Tusk|Protosynthesis|[silent]\n|switch|p2a: Torkoal|Torkoal, M|94\/100\n|-weather|SunnyDay|[from] ability: Drought|[of] p2a: Torkoal\n|move|p1a: Clefable|Wish|p1a: Clefable\n|\n|-weather|SunnyDay|[upkeep]\n|upkeep\n|turn|15\n|\n|t:|1700545271\n|switch|p1a: Landorus|Landorus-Therian, M|10\/100\n|-ability|p1a: Landorus|Intimidate|boost\n|-unboost|p2a: Torkoal|atk|1\n|move|p2a: Torkoal|Stealth Rock|p1a: Landorus\n|-sidestart|p1: fdhusgihnd|move: Stealth Rock\n|\n|-weather|SunnyDay|[upkeep]\n|-heal|p1a: Landorus|72\/100|[from] move: Wish|[wisher] Clefable\n|upkeep\n|turn|16\n|\n|t:|1700545291\n|switch|p2a: Dragonite|Dragonite, M|100\/100\n|move|p1a: Landorus|Earthquake|p2a: Dragonite\n|-immune|p2a: Dragonite\n|\n|-weather|SunnyDay|[upkeep]\n|upkeep\n|turn|17\n|\n|t:|1700545315\n|switch|p1a: Tyranitar|Tyranitar, F, shiny|84\/100\n|-damage|p1a: Tyranitar|72\/100|[from] Stealth Rock\n|-weather|Sandstorm|[from] ability: Sand Stream|[of] p1a: Tyranitar\n|switch|p2a: Great Tusk|Great Tusk|67\/100\n|\n|-weather|Sandstorm|[upkeep]\n|upkeep\n|turn|18\n|\n|t:|1700545328\n|switch|p1a: Clefable|Clefable, F, shiny|71\/100\n|move|p2a: Great Tusk|Close Combat|p1a: Clefable\n|-resisted|p1a: Clefable\n|-damage|p1a: Clefable|34\/100\n|-unboost|p2a: Great Tusk|def|1\n|-unboost|p2a: Great Tusk|spd|1\n|\n|-weather|Sandstorm|[upkeep]\n|upkeep\n|turn|19\n|\n|t:|1700545339\n|switch|p1a: Landorus|Landorus-Therian, M|72\/100\n|-damage|p1a: Landorus|60\/100|[from] Stealth Rock\n|-ability|p1a: Landorus|Intimidate|boost\n|-unboost|p2a: Great Tusk|atk|1\n|move|p2a: Great Tusk|Close Combat|p1a: Landorus\n|-resisted|p1a: Landorus\n|-damage|p1a: Landorus|35\/100\n|-unboost|p2a: Great Tusk|def|1\n|-unboost|p2a: Great Tusk|spd|1\n|\n|-weather|Sandstorm|[upkeep]\n|upkeep\n|turn|20\n|\n|t:|1700545351\n|move|p1a: Landorus|U-turn|p2a: Great Tusk\n|-resisted|p2a: Great Tusk\n|-damage|p2a: Great Tusk|45\/100\n|\n|t:|1700545355\n|switch|p1a: Houndstone|Houndstone, M|100\/100|[from] U-turn\n|-damage|p1a: Houndstone|88\/100|[from] Stealth Rock\n|move|p2a: Great Tusk|Ice Spinner|p1a: Houndstone\n|-damage|p1a: Houndstone|66\/100\n|\n|-weather|Sandstorm|[upkeep]\n|upkeep\n|turn|21\n|\n|t:|1700545375\n|-end|p2a: Great Tusk|Protosynthesis|[silent]\n|switch|p2a: Torkoal|Torkoal, M|94\/100\n|-weather|SunnyDay|[from] ability: Drought|[of] p2a: Torkoal\n|move|p1a: Houndstone|Psychic Fangs|p2a: Torkoal\n|-damage|p2a: Torkoal|74\/100\n|-damage|p1a: Houndstone|56\/100|[from] item: Life Orb\n|\n|-weather|SunnyDay|[upkeep]\n|upkeep\n|turn|22\n|\n|t:|1700545388\n|move|p1a: Houndstone|Poltergeist|p2a: Torkoal\n|-activate|p2a: Torkoal|move: Poltergeist|Heat Rock\n|-damage|p2a: Torkoal|35\/100\n|-damage|p1a: Houndstone|46\/100|[from] item: Life Orb\n|move|p2a: Torkoal|Yawn|p1a: Houndstone\n|-start|p1a: Houndstone|move: Yawn|[of] p2a: Torkoal\n|\n|-weather|SunnyDay|[upkeep]\n|upkeep\n|turn|23\n|\n|t:|1700545414\n|switch|p1a: Clefable|Clefable, F, shiny|34\/100\n|switch|p2a: Dragonite|Dragonite, M|100\/100\n|\n|-weather|SunnyDay|[upkeep]\n|upkeep\n|turn|24\n|\n|t:|1700545421\n|move|p2a: Dragonite|Earthquake|p1a: Clefable\n|-damage|p1a: Clefable|0 fnt\n|faint|p1a: Clefable\n|\n|-weather|SunnyDay|[upkeep]\n|upkeep\n|\n|t:|1700545428\n|switch|p1a: Gholdengo|Gholdengo|100\/100\n|-damage|p1a: Gholdengo|94\/100|[from] Stealth Rock\n|-item|p1a: Gholdengo|Air Balloon\n|turn|25\n|\n|t:|1700545443\n|switch|p2a: Hatterene|Hatterene, F|95\/100\n|move|p1a: Gholdengo|Shadow Ball|p2a: Hatterene\n|-supereffective|p2a: Hatterene\n|-damage|p2a: Hatterene|26\/100\n|-unboost|p2a: Hatterene|spd|1\n|-enditem|p2a: Hatterene|Eject Button\n|\n|t:|1700545457\n|switch|p2a: Typhlosion|Typhlosion-Hisui, M|73\/100\n|-item|p1a: Gholdengo|Air Balloon|[from] ability: Frisk|[of] p2a: Typhlosion|[identify]\n|\n|-weather|SunnyDay|[upkeep]\n|upkeep\n|turn|26\n|\n|t:|1700545479\n|switch|p1a: Tyranitar|Tyranitar, F, shiny|72\/100\n|-damage|p1a: Tyranitar|59\/100|[from] Stealth Rock\n|-weather|Sandstorm|[from] ability: Sand Stream|[of] p1a: Tyranitar\n|move|p2a: Typhlosion|Eruption|p1a: Tyranitar\n|-resisted|p1a: Tyranitar\n|-damage|p1a: Tyranitar|43\/100\n|\n|-weather|Sandstorm|[upkeep]\n|-damage|p2a: Typhlosion|67\/100|[from] Sandstorm\n|upkeep\n|turn|27\n|\n|t:|1700545497\n|switch|p2a: Dragonite|Dragonite, M|100\/100\n|move|p1a: Tyranitar|Earthquake|p2a: Dragonite\n|-immune|p2a: Dragonite\n|\n|-weather|Sandstorm|[upkeep]\n|-damage|p2a: Dragonite|94\/100|[from] Sandstorm\n|upkeep\n|turn|28\n|\n|t:|1700545530\n|switch|p2a: Great Tusk|Great Tusk|45\/100\n|switch|p1a: Gholdengo|Gholdengo|94\/100\n|-damage|p1a: Gholdengo|88\/100|[from] Stealth Rock\n|-item|p1a: Gholdengo|Air Balloon\n|\n|-weather|Sandstorm|[upkeep]\n|upkeep\n|turn|29\n|\n|t:|1700545543\n|move|p2a: Great Tusk|Knock Off|p1a: Gholdengo\n|-supereffective|p1a: Gholdengo\n|-damage|p1a: Gholdengo|45\/100\n|-enditem|p1a: Gholdengo|Air Balloon\n|move|p1a: Gholdengo|Make It Rain|p2a: Great Tusk\n|-damage|p2a: Great Tusk|0 fnt\n|-unboost|p1a: Gholdengo|spa|1\n|faint|p2a: Great Tusk\n|-end|p2a: Great Tusk|Protosynthesis|[silent]\n|\n|-weather|Sandstorm|[upkeep]\n|upkeep\n|\n|t:|1700545559\n|switch|p2a: Torkoal|Torkoal, M|35\/100\n|-weather|SunnyDay|[from] ability: Drought|[of] p2a: Torkoal\n|turn|30\n|\n|t:|1700545578\n|switch|p2a: Walking Wake|Walking Wake|66\/100\n|-activate|p2a: Walking Wake|ability: Protosynthesis\n|-start|p2a: Walking Wake|protosynthesisspe\n|-terastallize|p1a: Gholdengo|Fairy\n|move|p1a: Gholdengo|Recover|p1a: Gholdengo\n|-heal|p1a: Gholdengo|95\/100\n|\n|-weather|SunnyDay|[upkeep]\n|upkeep\n|turn|31\n|\n|t:|1700545604\n|move|p2a: Walking Wake|Hydro Steam|p1a: Gholdengo\n|-damage|p1a: Gholdengo|0 fnt\n|faint|p1a: Gholdengo\n|\n|-weather|SunnyDay|[upkeep]\n|upkeep\n|\n|t:|1700545608\n|switch|p1a: Landorus|Landorus-Therian, M|35\/100\n|-damage|p1a: Landorus|23\/100|[from] Stealth Rock\n|-ability|p1a: Landorus|Intimidate|boost\n|-unboost|p2a: Walking Wake|atk|1\n|turn|32\n|\n|t:|1700545616\n|switch|p1a: Tyranitar|Tyranitar, F, shiny|43\/100\n|-damage|p1a: Tyranitar|31\/100|[from] Stealth Rock\n|-weather|Sandstorm|[from] ability: Sand Stream|[of] p1a: Tyranitar\n|-end|p2a: Walking Wake|Protosynthesis\n|move|p2a: Walking Wake|Hydro Steam|p1a: Tyranitar\n|-supereffective|p1a: Tyranitar\n|-damage|p1a: Tyranitar|0 fnt\n|faint|p1a: Tyranitar\n|\n|-weather|Sandstorm|[upkeep]\n|-damage|p2a: Walking Wake|60\/100|[from] Sandstorm\n|upkeep\n|\n|t:|1700545624\n|switch|p1a: Houndstone|Houndstone, M|46\/100\n|-damage|p1a: Houndstone|34\/100|[from] Stealth Rock\n|turn|33\n|\n|t:|1700545632\n|-end|p2a: Walking Wake|Protosynthesis|[silent]\n|switch|p2a: Torkoal|Torkoal, M|35\/100\n|-weather|SunnyDay|[from] ability: Drought|[of] p2a: Torkoal\n|move|p1a: Houndstone|Poltergeist|p2a: Torkoal\n|-activate|p2a: Torkoal|move: Poltergeist|Heat Rock\n|-damage|p2a: Torkoal|0 fnt\n|faint|p2a: Torkoal\n|-damage|p1a: Houndstone|24\/100|[from] item: Life Orb\n|\n|-weather|SunnyDay|[upkeep]\n|upkeep\n|\n|t:|1700545645\n|switch|p2a: Walking Wake|Walking Wake|60\/100\n|-activate|p2a: Walking Wake|ability: Protosynthesis\n|-start|p2a: Walking Wake|protosynthesisspe\n|turn|34\n|\n|t:|1700545649\n|move|p1a: Houndstone|Shadow Sneak|p2a: Walking Wake\n|-damage|p2a: Walking Wake|31\/100\n|-damage|p1a: Houndstone|15\/100|[from] item: Life Orb\n|move|p2a: Walking Wake|Hydro Steam|p1a: Houndstone\n|-damage|p1a: Houndstone|0 fnt\n|faint|p1a: Houndstone\n|\n|-weather|SunnyDay|[upkeep]\n|upkeep\n|\n|t:|1700545657\n|switch|p1a: Landorus|Landorus-Therian, M|23\/100\n|-damage|p1a: Landorus|11\/100|[from] Stealth Rock\n|-ability|p1a: Landorus|Intimidate|boost\n|-unboost|p2a: Walking Wake|atk|1\n|turn|35\n|\n|t:|1700545679\n|-end|p2a: Walking Wake|Protosynthesis|[silent]\n|switch|p2a: Dragonite|Dragonite, M|94\/100\n|move|p1a: Landorus|Earthquake|p2a: Dragonite\n|-immune|p2a: Dragonite\n|\n|-weather|SunnyDay|[upkeep]\n|upkeep\n|turn|36\n|\n|t:|1700545688\n|switch|p1a: Iron Moth|Iron Moth|100\/100\n|move|p2a: Dragonite|Dragon Dance|p2a: Dragonite\n|-boost|p2a: Dragonite|atk|1\n|-boost|p2a: Dragonite|spe|1\n|\n|-weather|SunnyDay|[upkeep]\n|upkeep\n|turn|37\n|\n|t:|1700545696\n|move|p2a: Dragonite|Earthquake|p1a: Iron Moth\n|-supereffective|p1a: Iron Moth\n|-damage|p1a: Iron Moth|0 fnt\n|faint|p1a: Iron Moth\n|-end|p1a: Iron Moth|Quark Drive|[silent]\n|\n|-weather|SunnyDay|[upkeep]\n|upkeep\n|\n|t:|1700545698\n|switch|p1a: Landorus|Landorus-Therian, M|11\/100\n|-damage|p1a: Landorus|0 fnt|[from] Stealth Rock\n|faint|p1a: Landorus\n|\n|win|abber4ti0n\n|raw|fdhusgihnd's rating: 1130 &rarr; <strong>1099<\/strong><br \/>(-31 for losing)\n|raw|abber4ti0n's rating: 1046 &rarr; <strong>1087<\/strong><br \/>(+41 for winning)\n|l|\u2606fdhusgihnd\n","uploadtime":1700545723,"views":4,"p1id":"fdhusgihnd","p2id":"abber4ti0n","formatid":"gen9ou","rating":1087,"private":0,"password":""}