{"id":"gen9ou-1989035657","p1":"sand_undertael","p2":"Sleeper Sweeper-Z","format":"[Gen 9] OU","log":"|j|\u2606sand_undertael\n|j|\u2606Sleeper Sweeper-Z\n|t:|1699804907\n|gametype|singles\n|player|p1|sand_undertael|fisherman-gen4|1000\n|player|p2|Sleeper Sweeper-Z|shadowtriad|1057\n|teamsize|p1|6\n|teamsize|p2|6\n|gen|9\n|tier|[Gen 9] OU\n|rated|\n|rule|Sleep Clause Mod: Limit one foe put to sleep\n|rule|Species Clause: Limit one of each Pok\u00e9mon\n|rule|OHKO Clause: OHKO moves are banned\n|rule|Evasion Items Clause: Evasion items are banned\n|rule|Evasion Moves Clause: Evasion moves are banned\n|rule|Endless Battle Clause: Forcing endless battles is banned\n|rule|HP Percentage Mod: HP is shown in percentages\n|clearpoke\n|poke|p1|Rotom-Heat|\n|poke|p1|Dragapult, M|\n|poke|p1|Empoleon, F|\n|poke|p1|Venomoth, M|\n|poke|p1|Diancie|\n|poke|p1|Slaking, M|\n|poke|p2|Garganacl, M|\n|poke|p2|Hawlucha, M|\n|poke|p2|Walking Wake|\n|poke|p2|Zapdos|\n|poke|p2|Kommo-o, F|\n|poke|p2|Corviknight, F|\n|teampreview\n|\n|t:|1699804923\n|start\n|switch|p1a: Bug|Venomoth, M, shiny|100\/100\n|switch|p2a: Walking Wake|Walking Wake|100\/100\n|turn|1\n|\n|t:|1699804932\n|move|p2a: Walking Wake|Flip Turn|p1a: Bug\n|-damage|p1a: Bug|42\/100\n|\n|t:|1699804938\n|-end|p2a: Walking Wake|Protosynthesis|[silent]\n|switch|p2a: Garganacl|Garganacl, M|100\/100|[from] Flip Turn\n|move|p1a: Bug|Quiver Dance|p1a: Bug\n|-boost|p1a: Bug|spa|1\n|-boost|p1a: Bug|spd|1\n|-boost|p1a: Bug|spe|1\n|\n|upkeep\n|turn|2\n|\n|t:|1699804966\n|move|p1a: Bug|Bug Buzz|p2a: Garganacl\n|-damage|p2a: Garganacl|59\/100\n|move|p2a: Garganacl|Salt Cure|p1a: Bug\n|-supereffective|p1a: Bug\n|-damage|p1a: Bug|0 fnt\n|faint|p1a: Bug\n|\n|-heal|p2a: Garganacl|66\/100|[from] item: Leftovers\n|upkeep\n|\n|t:|1699804974\n|switch|p1a: Penguin|Empoleon, F|100\/100\n|turn|3\n|\n|t:|1699804986\n|switch|p2a: Walking Wake|Walking Wake|100\/100\n|move|p1a: Penguin|Rain Dance|p1a: Penguin\n|-weather|RainDance\n|\n|-weather|RainDance|[upkeep]\n|upkeep\n|turn|4\n|\n|t:|1699804994\n|move|p2a: Walking Wake|Knock Off|p1a: Penguin\n|-damage|p1a: Penguin|56\/100\n|-enditem|p1a: Penguin|Damp Rock|[from] move: Knock Off|[of] p2a: Walking Wake\n|move|p1a: Penguin|Flash Cannon|p2a: Walking Wake\n|-resisted|p2a: Walking Wake\n|-damage|p2a: Walking Wake|78\/100\n|\n|-weather|RainDance|[upkeep]\n|upkeep\n|turn|5\n|\n|t:|1699805008\n|move|p2a: Walking Wake|Knock Off|p1a: Penguin\n|-damage|p1a: Penguin|27\/100\n|move|p1a: Penguin|Surf|p2a: Walking Wake\n|-resisted|p2a: Walking Wake\n|-damage|p2a: Walking Wake|47\/100\n|\n|-weather|RainDance|[upkeep]\n|upkeep\n|turn|6\n|\n|t:|1699805024\n|switch|p1a: Slaking|Slaking, M|100\/100\n|move|p2a: Walking Wake|Knock Off|p1a: Slaking\n|-damage|p1a: Slaking|81\/100\n|-enditem|p1a: Slaking|Leftovers|[from] move: Knock Off|[of] p2a: Walking Wake\n|\n|-weather|RainDance|[upkeep]\n|upkeep\n|turn|7\n|\n|t:|1699805038\n|-end|p2a: Walking Wake|Protosynthesis|[silent]\n|switch|p2a: Corviknight|Corviknight, F, shiny|100\/100\n|-ability|p2a: Corviknight|Pressure\n|move|p1a: Slaking|Drain Punch|p2a: Corviknight\n|-damage|p2a: Corviknight|78\/100\n|-heal|p1a: Slaking|90\/100|[from] drain|[of] p2a: Corviknight\n|\n|-weather|RainDance|[upkeep]\n|-heal|p2a: Corviknight|84\/100|[from] item: Leftovers\n|upkeep\n|turn|8\n|\n|t:|1699805053\n|switch|p1a: Stone|Diancie, shiny|100\/100\n|move|p2a: Corviknight|Nasty Plot|p2a: Corviknight\n|-boost|p2a: Corviknight|spa|2\n|\n|-weather|RainDance|[upkeep]\n|-heal|p2a: Corviknight|90\/100|[from] item: Leftovers\n|upkeep\n|turn|9\n|\n|t:|1699805081\n|move|p2a: Corviknight|Nasty Plot|p2a: Corviknight\n|-boost|p2a: Corviknight|spa|2\n|move|p1a: Stone|Trick Room|p1a: Stone\n|-fieldstart|move: Trick Room|[of] p1a: Stone\n|\n|-weather|RainDance|[upkeep]\n|-heal|p2a: Corviknight|96\/100|[from] item: Leftovers\n|upkeep\n|turn|10\n|\n|t:|1699805090\n|move|p1a: Stone|Earth Power|p2a: Corviknight\n|-immune|p2a: Corviknight\n|move|p2a: Corviknight|Nasty Plot|p2a: Corviknight\n|-boost|p2a: Corviknight|spa|2\n|\n|-weather|none\n|-heal|p2a: Corviknight|100\/100|[from] item: Leftovers\n|upkeep\n|turn|11\n|c|\u2606sand_undertael|im actually tripping\n|c|\u2606Sleeper Sweeper-Z|ill give a free hit\n|c|\u2606Sleeper Sweeper-Z|seems fair\n|c|\u2606sand_undertael|aight\n|\n|t:|1699805125\n|move|p1a: Stone|Dazzling Gleam|p2a: Corviknight\n|-resisted|p2a: Corviknight\n|-damage|p2a: Corviknight|91\/100\n|move|p2a: Corviknight|Nasty Plot|p2a: Corviknight\n|-boost|p2a: Corviknight|spa|0\n|\n|-heal|p2a: Corviknight|97\/100|[from] item: Leftovers\n|upkeep\n|turn|12\n|\n|t:|1699805134\n|switch|p1a: microwave|Rotom-Heat, shiny|100\/100\n|move|p2a: Corviknight|Hurricane|p1a: microwave|[miss]\n|-miss|p2a: Corviknight|p1a: microwave\n|\n|-heal|p2a: Corviknight|100\/100|[from] item: Leftovers\n|upkeep\n|turn|13\n|\n|t:|1699805144\n|move|p2a: Corviknight|Hurricane|p1a: microwave\n|-resisted|p1a: microwave\n|-damage|p1a: microwave|48\/100\n|move|p1a: microwave|Discharge|p2a: Corviknight\n|-supereffective|p2a: Corviknight\n|-damage|p2a: Corviknight|36\/100\n|\n|-heal|p2a: Corviknight|42\/100|[from] item: Leftovers\n|-fieldend|move: Trick Room\n|upkeep\n|turn|14\n|\n|t:|1699805160\n|switch|p2a: Zapdos|Zapdos|100\/100\n|move|p1a: microwave|Discharge|p2a: Zapdos\n|-damage|p2a: Zapdos|56\/100\n|\n|upkeep\n|turn|15\n|\n|t:|1699805178\n|move|p2a: Zapdos|Volt Switch|p1a: microwave\n|-resisted|p1a: microwave\n|-damage|p1a: microwave|30\/100\n|\n|t:|1699805185\n|switch|p2a: Corviknight|Corviknight, F, shiny|42\/100|[from] Volt Switch\n|-ability|p2a: Corviknight|Pressure\n|move|p1a: microwave|Thunder Wave|p2a: Corviknight\n|-status|p2a: Corviknight|par\n|\n|-heal|p2a: Corviknight|48\/100 par|[from] item: Leftovers\n|upkeep\n|turn|16\n|\n|t:|1699805198\n|switch|p2a: Zapdos|Zapdos|56\/100\n|move|p1a: microwave|Hex|p2a: Zapdos\n|-damage|p2a: Zapdos|33\/100\n|\n|upkeep\n|turn|17\n|c|\u2606Sleeper Sweeper-Z|thunderwave a\n|c|\u2606Sleeper Sweeper-Z|zap\n|c|\u2606sand_undertael|hex moment\n|c|\u2606Sleeper Sweeper-Z|dos\n|\n|t:|1699805212\n|move|p2a: Zapdos|Hurricane|p1a: microwave|[miss]\n|-miss|p2a: Zapdos|p1a: microwave\n|move|p1a: microwave|Dark Pulse|p2a: Zapdos\n|-crit|p2a: Zapdos\n|-damage|p2a: Zapdos|0 fnt\n|faint|p2a: Zapdos\n|\n|upkeep\n|\n|t:|1699805222\n|switch|p2a: Walking Wake|Walking Wake|47\/100\n|turn|18\n|\n|t:|1699805228\n|move|p2a: Walking Wake|Flip Turn|p1a: microwave\n|-supereffective|p1a: microwave\n|-damage|p1a: microwave|0 fnt\n|faint|p1a: microwave\n|\n|t:|1699805232\n|-end|p2a: Walking Wake|Protosynthesis|[silent]\n|switch|p2a: Kommo-o|Kommo-o, F|100\/100|[from] Flip Turn\n|\n|upkeep\n|c|\u2606sand_undertael|oh dear god\n|\n|t:|1699805244\n|switch|p1a: Stone|Diancie, shiny|100\/100\n|turn|19\n|c|\u2606Sleeper Sweeper-Z|ima tera steel\n|\n|t:|1699805256\n|-terastallize|p2a: Kommo-o|Steel\n|move|p2a: Kommo-o|Clangorous Soul|p2a: Kommo-o\n|-boost|p2a: Kommo-o|atk|1\n|-boost|p2a: Kommo-o|def|1\n|-boost|p2a: Kommo-o|spa|1\n|-boost|p2a: Kommo-o|spd|1\n|-boost|p2a: Kommo-o|spe|1\n|-damage|p2a: Kommo-o|68\/100\n|-enditem|p2a: Kommo-o|Throat Spray\n|-boost|p2a: Kommo-o|spa|1|[from] item: Throat Spray\n|move|p1a: Stone|Trick Room|p1a: Stone\n|-fieldstart|move: Trick Room|[of] p1a: Stone\n|\n|upkeep\n|turn|20\n|c|\u2606Sleeper Sweeper-Z|earth power\n|\n|t:|1699805269\n|move|p1a: Stone|Dazzling Gleam|p2a: Kommo-o\n|-resisted|p2a: Kommo-o\n|-damage|p2a: Kommo-o|56\/100\n|move|p2a: Kommo-o|Flash Cannon|p1a: Stone\n|-supereffective|p1a: Stone\n|-damage|p1a: Stone|0 fnt\n|faint|p1a: Stone\n|\n|upkeep\n|c|\u2606Sleeper Sweeper-Z|?\n|c|\u2606sand_undertael|OH WAIT\n|\n|t:|1699805280\n|switch|p1a: Slaking|Slaking, M|90\/100\n|turn|21\n|c|\u2606sand_undertael|i forgot it terastallized\n|c|\u2606Sleeper Sweeper-Z|its ok\n|\n|t:|1699805305\n|move|p1a: Slaking|Earthquake|p2a: Kommo-o\n|-supereffective|p2a: Kommo-o\n|-damage|p2a: Kommo-o|14\/100\n|move|p2a: Kommo-o|Aura Sphere|p1a: Slaking\n|-supereffective|p1a: Slaking\n|-damage|p1a: Slaking|0 fnt\n|faint|p1a: Slaking\n|\n|upkeep\n|\n|t:|1699805312\n|switch|p1a: Penguin|Empoleon, F|27\/100\n|turn|22\n|c|\u2606Sleeper Sweeper-Z|dont\n|\n|t:|1699805318\n|move|p1a: Penguin|Surf|p2a: Kommo-o\n|-damage|p2a: Kommo-o|0 fnt\n|faint|p2a: Kommo-o\n|\n|upkeep\n|c|\u2606Sleeper Sweeper-Z|ok good\n|\n|t:|1699805325\n|switch|p2a: Walking Wake|Walking Wake|47\/100\n|turn|23\n|\n|t:|1699805334\n|move|p1a: Penguin|Surf|p2a: Walking Wake\n|-resisted|p2a: Walking Wake\n|-damage|p2a: Walking Wake|28\/100\n|move|p2a: Walking Wake|Knock Off|p1a: Penguin\n|-damage|p1a: Penguin|0 fnt\n|faint|p1a: Penguin\n|\n|-fieldend|move: Trick Room\n|upkeep\n|\n|t:|1699805341\n|switch|p1a: somehow a dragon|Dragapult, M|100\/100\n|turn|24\n|\n|t:|1699805346\n|move|p1a: somehow a dragon|Dragon Claw|p2a: Walking Wake\n|-supereffective|p2a: Walking Wake\n|-damage|p2a: Walking Wake|0 fnt\n|faint|p2a: Walking Wake\n|-end|p2a: Walking Wake|Protosynthesis|[silent]\n|\n|-status|p1a: somehow a dragon|brn|[from] item: Flame Orb\n|upkeep\n|c|\u2606sand_undertael|funny flame orb\n|c|\u2606Sleeper Sweeper-Z|facade?\n|\n|t:|1699805374\n|switch|p2a: Buwlucha|Hawlucha, M, shiny|100\/100\n|-ability|p2a: Buwlucha|Mold Breaker\n|turn|25\n|c|\u2606sand_undertael|yes\n|c|\u2606Sleeper Sweeper-Z|shoot, i think i lose then\n|c|\u2606sand_undertael|tbh idk if i should set up or nah\n|c|\u2606sand_undertael|corviknight kinda counters\n|c|\u2606sand_undertael|ngl\n|c|\u2606Sleeper Sweeper-Z|my corv has no roost\n|\n|t:|1699805417\n|move|p1a: somehow a dragon|Substitute|p1a: somehow a dragon\n|-start|p1a: somehow a dragon|Substitute\n|-damage|p1a: somehow a dragon|76\/100 brn\n|move|p2a: Buwlucha|Fire Punch|p1a: somehow a dragon\n|-resisted|p1a: somehow a dragon\n|-activate|p1a: somehow a dragon|move: Substitute|[damage]\n|\n|-damage|p1a: somehow a dragon|70\/100 brn|[from] brn\n|upkeep\n|turn|26\n|c|\u2606sand_undertael|damn\n|\n|t:|1699805426\n|move|p1a: somehow a dragon|Dragon Dance|p1a: somehow a dragon\n|-boost|p1a: somehow a dragon|atk|1\n|-boost|p1a: somehow a dragon|spe|1\n|move|p2a: Buwlucha|Fire Punch|p1a: somehow a dragon\n|-resisted|p1a: somehow a dragon\n|-activate|p1a: somehow a dragon|move: Substitute|[damage]\n|\n|-damage|p1a: somehow a dragon|64\/100 brn|[from] brn\n|upkeep\n|turn|27\n|\n|t:|1699805434\n|move|p1a: somehow a dragon|Dragon Dance|p1a: somehow a dragon\n|-boost|p1a: somehow a dragon|atk|1\n|-boost|p1a: somehow a dragon|spe|1\n|move|p2a: Buwlucha|Fire Punch|p1a: somehow a dragon\n|-resisted|p1a: somehow a dragon\n|-end|p1a: somehow a dragon|Substitute\n|\n|-damage|p1a: somehow a dragon|58\/100 brn|[from] brn\n|upkeep\n|turn|28\n|\n|t:|1699805443\n|move|p1a: somehow a dragon|Facade|p2a: Buwlucha\n|-damage|p2a: Buwlucha|0 fnt\n|faint|p2a: Buwlucha\n|\n|-damage|p1a: somehow a dragon|52\/100 brn|[from] brn\n|upkeep\n|\n|t:|1699805450\n|switch|p2a: Corviknight|Corviknight, F, shiny|48\/100 par\n|-ability|p2a: Corviknight|Pressure\n|turn|29\n|\n|t:|1699805460\n|move|p1a: somehow a dragon|Facade|p2a: Corviknight\n|-resisted|p2a: Corviknight\n|-damage|p2a: Corviknight|8\/100 par\n|cant|p2a: Corviknight|par\n|\n|-heal|p2a: Corviknight|15\/100 par|[from] item: Leftovers\n|-damage|p1a: somehow a dragon|46\/100 brn|[from] brn\n|upkeep\n|turn|30\n|\n|t:|1699805468\n|move|p1a: somehow a dragon|Facade|p2a: Corviknight\n|-resisted|p2a: Corviknight\n|-damage|p2a: Corviknight|0 fnt\n|faint|p2a: Corviknight\n|\n|-damage|p1a: somehow a dragon|40\/100 brn|[from] brn\n|upkeep\n|c|\u2606Sleeper Sweeper-Z|real\n|c|\u2606Sleeper Sweeper-Z|real\n|c|\u2606sand_undertael|very real\n|\n|t:|1699805475\n|switch|p2a: Garganacl|Garganacl, M|66\/100\n|turn|31\n|\n|t:|1699805489\n|move|p1a: somehow a dragon|Facade|p2a: Garganacl\n|-resisted|p2a: Garganacl\n|-damage|p2a: Garganacl|33\/100\n|move|p2a: Garganacl|Stealth Rock|p1a: somehow a dragon\n|-sidestart|p1: sand_undertael|move: Stealth Rock\n|\n|-heal|p2a: Garganacl|40\/100|[from] item: Leftovers\n|-damage|p1a: somehow a dragon|34\/100 brn|[from] brn\n|upkeep\n|turn|32\n|\n|t:|1699805497\n|-terastallize|p1a: somehow a dragon|Dragon\n|move|p1a: somehow a dragon|Facade|p2a: Garganacl\n|-resisted|p2a: Garganacl\n|-damage|p2a: Garganacl|6\/100\n|move|p2a: Garganacl|Stealth Rock||[still]\n|-fail|p2a: Garganacl\n|\n|-heal|p2a: Garganacl|12\/100|[from] item: Leftovers\n|-damage|p1a: somehow a dragon|28\/100 brn|[from] brn\n|upkeep\n|turn|33\n|c|\u2606Sleeper Sweeper-Z|miss click\n|c|\u2606Sleeper Sweeper-Z|gg\n|\n|t:|1699805511\n|move|p1a: somehow a dragon|Facade|p2a: Garganacl\n|-resisted|p2a: Garganacl\n|-damage|p2a: Garganacl|0 fnt\n|faint|p2a: Garganacl\n|\n|win|sand_undertael\n|raw|sand_undertael's rating: 1000 &rarr; <strong>1047<\/strong><br \/>(+47 for winning)\n|raw|Sleeper Sweeper-Z's rating: 1057 &rarr; <strong>1035<\/strong><br \/>(-22 for losing)\n|c|\u2606sand_undertael|rip\n|c|\u2606sand_undertael|gg's\n","uploadtime":1699805519,"views":35,"p1id":"sandundertael","p2id":"sleepersweeperz","formatid":"gen9ou","rating":1035,"private":0,"password":""}