{"id":"gen9ou-2000478501","p1":"GonZX.2468","p2":"LandotheRandoPando","format":"[Gen 9] OU","log":"|j|\u2606GonZX.2468\n|j|\u2606LandotheRandoPando\n|t:|1701198188\n|gametype|singles\n|player|p1|GonZX.2468|lucas-gen4pt|1366\n|player|p2|LandotheRandoPando|hoopster|1406\n|teamsize|p1|6\n|teamsize|p2|6\n|gen|9\n|tier|[Gen 9] OU\n|rated|\n|rule|Sleep Clause Mod: Limit one foe put to sleep\n|rule|Species Clause: Limit one of each Pok\u00e9mon\n|rule|OHKO Clause: OHKO moves are banned\n|rule|Evasion Items Clause: Evasion items are banned\n|rule|Evasion Moves Clause: Evasion moves are banned\n|rule|Endless Battle Clause: Forcing endless battles is banned\n|rule|HP Percentage Mod: HP is shown in percentages\n|clearpoke\n|poke|p1|Maushold-Four|\n|poke|p1|Samurott-Hisui, F|\n|poke|p1|Kingambit, F|\n|poke|p1|Garganacl, M|\n|poke|p1|Amoonguss, F|\n|poke|p1|Weavile, M|\n|poke|p2|Walking Wake|\n|poke|p2|Great Tusk|\n|poke|p2|Torkoal, F|\n|poke|p2|Gholdengo|\n|poke|p2|Leavanny, F|\n|poke|p2|Hatterene, F|\n|teampreview\n|inactive|Battle timer is ON: inactive players will automatically lose when time's up. (requested by GonZX.2468)\n|inactive|GonZX.2468 has 120 seconds left.\n|\n|t:|1701198247\n|start\n|switch|p1a: Weavile|Weavile, M|100\/100\n|switch|p2a: Torkoal|Torkoal, F, shiny|100\/100\n|-ability|p1a: Weavile|Pressure\n|-weather|SunnyDay|[from] ability: Drought|[of] p2a: Torkoal\n|turn|1\n|\n|t:|1701198267\n|switch|p1a: Garganacl|Garganacl, M|100\/100\n|move|p2a: Torkoal|Lava Plume|p1a: Garganacl\n|-resisted|p1a: Garganacl\n|-damage|p1a: Garganacl|88\/100\n|\n|-weather|SunnyDay|[upkeep]\n|-heal|p1a: Garganacl|94\/100|[from] item: Leftovers\n|upkeep\n|turn|2\n|inactive|GonZX.2468 has 120 seconds left.\n|\n|t:|1701198315\n|switch|p2a: Hatterene|Hatterene, F|100\/100\n|move|p1a: Garganacl|Salt Cure|p2a: Hatterene\n|-damage|p2a: Hatterene|89\/100\n|-start|p2a: Hatterene|Salt Cure\n|-enditem|p2a: Hatterene|Eject Button\n|\n|t:|1701198323\n|switch|p2a: Walking Wake|Walking Wake|100\/100\n|-activate|p2a: Walking Wake|ability: Protosynthesis\n|-start|p2a: Walking Wake|protosynthesisspa\n|\n|-weather|SunnyDay|[upkeep]\n|-heal|p1a: Garganacl|100\/100|[from] item: Leftovers\n|upkeep\n|turn|3\n|\n|t:|1701198336\n|switch|p1a: Amoonguss|Amoonguss, F|100\/100\n|move|p2a: Walking Wake|Hydro Steam|p1a: Amoonguss\n|-resisted|p1a: Amoonguss\n|-damage|p1a: Amoonguss|46\/100\n|-enditem|p1a: Amoonguss|Red Card|[of] p2a: Walking Wake\n|-end|p2a: Walking Wake|Protosynthesis|[silent]\n|drag|p2a: Gholdengo|Gholdengo|100\/100\n|-item|p2a: Gholdengo|Air Balloon\n|\n|-weather|SunnyDay|[upkeep]\n|upkeep\n|turn|4\n|inactive|GonZX.2468 has 120 seconds left.\n|\n|t:|1701198355\n|switch|p2a: Leavanny|Leavanny, F, shiny|100\/100\n|switch|p1a: Samurott|Samurott-Hisui, F|100\/100\n|\n|-weather|SunnyDay|[upkeep]\n|upkeep\n|turn|5\n|inactive|GonZX.2468 has 120 seconds left.\n|\n|t:|1701198383\n|switch|p1a: Amoonguss|Amoonguss, F|79\/100\n|move|p2a: Leavanny|Sticky Web|p1a: Amoonguss\n|-sidestart|p1: GonZX.2468|move: Sticky Web\n|\n|-weather|SunnyDay|[upkeep]\n|upkeep\n|turn|6\n|\n|t:|1701198398\n|move|p2a: Leavanny|Fell Stinger|p1a: Amoonguss\n|-damage|p1a: Amoonguss|57\/100\n|move|p1a: Amoonguss|Foul Play|p2a: Leavanny\n|-damage|p2a: Leavanny|60\/100\n|\n|-weather|SunnyDay|[upkeep]\n|upkeep\n|turn|7\n|inactive|GonZX.2468 has 90 seconds left.\n|\n|t:|1701198446\n|switch|p2a: Hatterene|Hatterene, F|89\/100\n|move|p1a: Amoonguss|Sludge Bomb|p2a: Hatterene\n|-supereffective|p2a: Hatterene\n|-damage|p2a: Hatterene|17\/100\n|\n|-weather|SunnyDay|[upkeep]\n|upkeep\n|turn|8\n|\n|t:|1701198452\n|move|p1a: Amoonguss|Foul Play|p2a: Hatterene\n|-damage|p2a: Hatterene|1\/100\n|move|p2a: Hatterene|Healing Wish|p2a: Hatterene\n|faint|p2a: Hatterene\n|\n|-weather|none\n|upkeep\n|\n|t:|1701198455\n|switch|p2a: Torkoal|Torkoal, F, shiny|100\/100\n|-weather|SunnyDay|[from] ability: Drought|[of] p2a: Torkoal\n|turn|9\n|inactive|GonZX.2468 has 90 seconds left.\n|\n|t:|1701198462\n|switch|p1a: Garganacl|Garganacl, M|100\/100\n|-activate|p1a: Garganacl|move: Sticky Web\n|-unboost|p1a: Garganacl|spe|1\n|move|p2a: Torkoal|Stealth Rock|p1a: Garganacl\n|-sidestart|p1: GonZX.2468|move: Stealth Rock\n|\n|-weather|SunnyDay|[upkeep]\n|upkeep\n|turn|10\n|\n|t:|1701198479\n|switch|p2a: Leavanny|Leavanny, F, shiny|60\/100\n|-heal|p2a: Leavanny|100\/100|[from] move: Healing Wish\n|move|p1a: Garganacl|Salt Cure|p2a: Leavanny\n|-supereffective|p2a: Leavanny\n|-damage|p2a: Leavanny|63\/100\n|-start|p2a: Leavanny|Salt Cure\n|\n|-weather|SunnyDay|[upkeep]\n|-damage|p2a: Leavanny|50\/100|[from] Salt Cure\n|upkeep\n|turn|11\n|\n|t:|1701198487\n|move|p2a: Leavanny|Leaf Blade|p1a: Garganacl\n|-supereffective|p1a: Garganacl\n|-damage|p1a: Garganacl|50\/100\n|move|p1a: Garganacl|Iron Defense|p1a: Garganacl\n|-boost|p1a: Garganacl|def|2\n|\n|-weather|SunnyDay|[upkeep]\n|-heal|p1a: Garganacl|56\/100|[from] item: Leftovers\n|-damage|p2a: Leavanny|38\/100|[from] Salt Cure\n|upkeep\n|turn|12\n|\n|t:|1701198493\n|move|p2a: Leavanny|Knock Off|p1a: Garganacl\n|-damage|p1a: Garganacl|46\/100\n|-enditem|p1a: Garganacl|Leftovers|[from] move: Knock Off|[of] p2a: Leavanny\n|move|p1a: Garganacl|Iron Defense|p1a: Garganacl\n|-boost|p1a: Garganacl|def|2\n|\n|-weather|SunnyDay|[upkeep]\n|-damage|p2a: Leavanny|26\/100|[from] Salt Cure\n|upkeep\n|turn|13\n|\n|t:|1701198501\n|switch|p2a: Walking Wake|Walking Wake|100\/100\n|-activate|p2a: Walking Wake|ability: Protosynthesis\n|-start|p2a: Walking Wake|protosynthesisspa\n|move|p1a: Garganacl|Recover|p1a: Garganacl\n|-heal|p1a: Garganacl|96\/100\n|\n|-weather|SunnyDay|[upkeep]\n|upkeep\n|turn|14\n|\n|t:|1701198508\n|-end|p2a: Walking Wake|Protosynthesis|[silent]\n|switch|p2a: Leavanny|Leavanny, F, shiny|26\/100\n|move|p1a: Garganacl|Salt Cure|p2a: Leavanny\n|-supereffective|p2a: Leavanny\n|-damage|p2a: Leavanny|0 fnt\n|faint|p2a: Leavanny\n|\n|-weather|SunnyDay|[upkeep]\n|upkeep\n|\n|t:|1701198513\n|switch|p2a: Walking Wake|Walking Wake|100\/100\n|-activate|p2a: Walking Wake|ability: Protosynthesis\n|-start|p2a: Walking Wake|protosynthesisspa\n|turn|15\n|\n|t:|1701198516\n|-terastallize|p2a: Walking Wake|Water\n|move|p2a: Walking Wake|Hydro Steam|p1a: Garganacl\n|-supereffective|p1a: Garganacl\n|-damage|p1a: Garganacl|0 fnt\n|faint|p1a: Garganacl\n|\n|-weather|SunnyDay|[upkeep]\n|upkeep\n|\n|t:|1701198521\n|switch|p1a: Amoonguss|Amoonguss, F|90\/100\n|-activate|p1a: Amoonguss|move: Sticky Web\n|-unboost|p1a: Amoonguss|spe|1\n|-damage|p1a: Amoonguss|78\/100|[from] Stealth Rock\n|turn|16\n|\n|t:|1701198527\n|move|p2a: Walking Wake|Hydro Steam|p1a: Amoonguss\n|-resisted|p1a: Amoonguss\n|-damage|p1a: Amoonguss|0 fnt\n|faint|p1a: Amoonguss\n|\n|-weather|none\n|-end|p2a: Walking Wake|Protosynthesis\n|upkeep\n|\n|t:|1701198532\n|switch|p1a: Weavile|Weavile, M|100\/100\n|-ability|p1a: Weavile|Pressure\n|turn|17\n|\n|t:|1701198537\n|-end|p2a: Walking Wake|Protosynthesis|[silent]\n|switch|p2a: Torkoal|Torkoal, F, shiny|100\/100\n|-weather|SunnyDay|[from] ability: Drought|[of] p2a: Torkoal\n|move|p1a: Weavile|Knock Off|p2a: Torkoal\n|-damage|p2a: Torkoal|63\/100\n|-enditem|p2a: Torkoal|Heat Rock|[from] move: Knock Off|[of] p1a: Weavile\n|\n|-weather|SunnyDay|[upkeep]\n|upkeep\n|turn|18\n|\n|t:|1701198547\n|switch|p1a: Maushold|Maushold-Four|100\/100\n|-activate|p1a: Maushold|move: Sticky Web\n|-unboost|p1a: Maushold|spe|1\n|-damage|p1a: Maushold|88\/100|[from] Stealth Rock\n|move|p2a: Torkoal|Lava Plume|p1a: Maushold\n|-damage|p1a: Maushold|33\/100\n|\n|-weather|SunnyDay|[upkeep]\n|upkeep\n|turn|19\n|\n|t:|1701198558\n|move|p1a: Maushold|Tidy Up|p1a: Maushold\n|-sideend|p1: GonZX.2468|Stealth Rock\n|-sideend|p1: GonZX.2468|Sticky Web\n|-activate|p1a: Maushold|move: Tidy Up\n|-boost|p1a: Maushold|atk|1\n|-boost|p1a: Maushold|spe|1\n|move|p2a: Torkoal|Lava Plume|p1a: Maushold\n|-damage|p1a: Maushold|0 fnt\n|faint|p1a: Maushold\n|\n|-weather|SunnyDay|[upkeep]\n|upkeep\n|\n|t:|1701198563\n|switch|p1a: Samurott|Samurott-Hisui, F|100\/100\n|turn|20\n|\n|t:|1701198568\n|move|p1a: Samurott|Ceaseless Edge|p2a: Torkoal\n|-damage|p2a: Torkoal|24\/100\n|-sidestart|p2: LandotheRandoPando|Spikes\n|move|p2a: Torkoal|Yawn|p1a: Samurott\n|-start|p1a: Samurott|move: Yawn|[of] p2a: Torkoal\n|\n|-weather|SunnyDay|[upkeep]\n|upkeep\n|turn|21\n|\n|t:|1701198582\n|switch|p2a: Great Tusk|Great Tusk|100\/100\n|-damage|p2a: Great Tusk|88\/100|[from] Spikes\n|-activate|p2a: Great Tusk|ability: Protosynthesis\n|-start|p2a: Great Tusk|protosynthesisatk\n|move|p1a: Samurott|Ceaseless Edge|p2a: Great Tusk\n|-resisted|p2a: Great Tusk\n|-damage|p2a: Great Tusk|69\/100\n|-sidestart|p2: LandotheRandoPando|Spikes\n|\n|-weather|SunnyDay|[upkeep]\n|-end|p1a: Samurott|move: Yawn|[silent]\n|-status|p1a: Samurott|slp\n|upkeep\n|turn|22\n|\n|t:|1701198596\n|-terastallize|p1a: Samurott|Water\n|move|p2a: Great Tusk|Close Combat|p1a: Samurott\n|-damage|p1a: Samurott|0 fnt\n|-unboost|p2a: Great Tusk|def|1\n|-unboost|p2a: Great Tusk|spd|1\n|faint|p1a: Samurott\n|\n|-weather|SunnyDay|[upkeep]\n|upkeep\n|\n|t:|1701198600\n|switch|p1a: Weavile|Weavile, M|100\/100\n|-ability|p1a: Weavile|Pressure\n|turn|23\n|\n|t:|1701198603\n|move|p1a: Weavile|Ice Spinner|p2a: Great Tusk\n|-supereffective|p2a: Great Tusk\n|-damage|p2a: Great Tusk|0 fnt\n|faint|p2a: Great Tusk\n|-end|p2a: Great Tusk|Protosynthesis|[silent]\n|\n|-weather|SunnyDay|[upkeep]\n|upkeep\n|\n|t:|1701198608\n|switch|p2a: Walking Wake|Walking Wake, tera:Water|100\/100\n|-damage|p2a: Walking Wake|84\/100|[from] Spikes\n|-activate|p2a: Walking Wake|ability: Protosynthesis\n|-start|p2a: Walking Wake|protosynthesisspa\n|turn|24\n|\n|t:|1701198613\n|move|p1a: Weavile|Knock Off|p2a: Walking Wake\n|-damage|p2a: Walking Wake|29\/100\n|-enditem|p2a: Walking Wake|Choice Specs|[from] move: Knock Off|[of] p1a: Weavile\n|move|p2a: Walking Wake|Hydro Steam|p1a: Weavile\n|-damage|p1a: Weavile|0 fnt\n|faint|p1a: Weavile\n|\n|-weather|none\n|-end|p2a: Walking Wake|Protosynthesis\n|upkeep\n|\n|t:|1701198617\n|switch|p1a: Kingambit|Kingambit, F|100\/100\n|-activate|p1a: Kingambit|ability: Supreme Overlord\n|-start|p1a: Kingambit|fallen5|[silent]\n|turn|25\n|\n|t:|1701198626\n|move|p2a: Walking Wake|Flamethrower|p1a: Kingambit\n|-supereffective|p1a: Kingambit\n|-crit|p1a: Kingambit\n|-damage|p1a: Kingambit|4\/100\n|move|p1a: Kingambit|Kowtow Cleave|p2a: Walking Wake\n|-damage|p2a: Walking Wake|0 fnt\n|faint|p2a: Walking Wake\n|-end|p2a: Walking Wake|Protosynthesis|[silent]\n|\n|-heal|p1a: Kingambit|10\/100|[from] item: Leftovers\n|upkeep\n|\n|t:|1701198634\n|switch|p2a: Gholdengo|Gholdengo|100\/100\n|-item|p2a: Gholdengo|Air Balloon\n|turn|26\n|\n|t:|1701198640\n|move|p1a: Kingambit|Sucker Punch|p2a: Gholdengo\n|-supereffective|p2a: Gholdengo\n|-damage|p2a: Gholdengo|23\/100\n|-enditem|p2a: Gholdengo|Air Balloon\n|move|p2a: Gholdengo|Make It Rain|p1a: Kingambit\n|-resisted|p1a: Kingambit\n|-damage|p1a: Kingambit|0 fnt\n|-unboost|p2a: Gholdengo|spa|1\n|faint|p1a: Kingambit\n|-end|p1a: Kingambit|fallen5|[silent]\n|\n|win|LandotheRandoPando\n|raw|GonZX.2468's rating: 1366 &rarr; <strong>1348<\/strong><br \/>(-18 for losing)\n|raw|LandotheRandoPando's rating: 1406 &rarr; <strong>1424<\/strong><br \/>(+18 for winning)\n|l|\u2606GonZX.2468\n","uploadtime":1701198654,"views":0,"p1id":"gonzx2468","p2id":"landotherandopando","formatid":"gen9ou","rating":1348,"private":0,"password":""}