{"id":"gen9ou-1996705458","p1":"NlCHOLAS","p2":"Sprocket0835","format":"[Gen 9] OU","log":"|j|\u2606NlCHOLAS\n|j|\u2606Sprocket0835\n|t:|1700712174\n|gametype|singles\n|player|p1|NlCHOLAS|rocketgrunt|1412\n|player|p2|Sprocket0835|hilbert|1321\n|teamsize|p1|6\n|teamsize|p2|6\n|gen|9\n|tier|[Gen 9] OU\n|rated|\n|rule|Sleep Clause Mod: Limit one foe put to sleep\n|rule|Species Clause: Limit one of each Pok\u00e9mon\n|rule|OHKO Clause: OHKO moves are banned\n|rule|Evasion Items Clause: Evasion items are banned\n|rule|Evasion Moves Clause: Evasion moves are banned\n|rule|Endless Battle Clause: Forcing endless battles is banned\n|rule|HP Percentage Mod: HP is shown in percentages\n|clearpoke\n|poke|p1|Cinderace, F|\n|poke|p1|Zapdos|\n|poke|p1|Ogerpon-Wellspring, F|\n|poke|p1|Slowking-Galar, F|\n|poke|p1|Ting-Lu|\n|poke|p1|Dondozo, F|\n|poke|p2|Rillaboom, M|\n|poke|p2|Heatran, M|\n|poke|p2|Garganacl, M|\n|poke|p2|Gholdengo|\n|poke|p2|Great Tusk|\n|poke|p2|Samurott-Hisui, M|\n|teampreview\n|inactive|Battle timer is ON: inactive players will automatically lose when time's up. (requested by NlCHOLAS)\n|\n|t:|1700712193\n|start\n|switch|p1a: Ting-Lu|Ting-Lu|100\/100\n|switch|p2a: Rillaboom|Rillaboom, M|100\/100\n|-fieldstart|move: Grassy Terrain|[from] ability: Grassy Surge|[of] p2a: Rillaboom\n|-ability|p1a: Ting-Lu|Vessel of Ruin\n|turn|1\n|\n|t:|1700712197\n|switch|p1a: Zapdos|Zapdos|100\/100\n|move|p2a: Rillaboom|Knock Off|p1a: Zapdos\n|-damage|p1a: Zapdos|60\/100\n|-enditem|p1a: Zapdos|Heavy-Duty Boots|[from] move: Knock Off|[of] p2a: Rillaboom\n|-damage|p2a: Rillaboom|91\/100|[from] item: Life Orb\n|\n|-heal|p2a: Rillaboom|97\/100|[from] Grassy Terrain\n|upkeep\n|turn|2\n|\n|t:|1700712202\n|switch|p2a: Garganacl|Garganacl, M|100\/100\n|move|p1a: Zapdos|Roost|p1a: Zapdos\n|-heal|p1a: Zapdos|100\/100\n|-singleturn|p1a: Zapdos|move: Roost\n|\n|upkeep\n|turn|3\n|\n|t:|1700712206\n|move|p1a: Zapdos|Volt Switch|p2a: Garganacl\n|-damage|p2a: Garganacl|80\/100\n|\n|t:|1700712216\n|switch|p1a: Ogerpon|Ogerpon-Wellspring, F|100\/100|[from] Volt Switch\n|move|p2a: Garganacl|Salt Cure|p1a: Ogerpon\n|-damage|p1a: Ogerpon|82\/100\n|-start|p1a: Ogerpon|Salt Cure\n|\n|-heal|p1a: Ogerpon|88\/100|[from] Grassy Terrain\n|-heal|p2a: Garganacl|86\/100|[from] Grassy Terrain\n|-heal|p2a: Garganacl|92\/100|[from] item: Leftovers\n|-damage|p1a: Ogerpon|63\/100|[from] Salt Cure\n|upkeep\n|turn|4\n|\n|t:|1700712235\n|switch|p1a: Slowking|Slowking-Galar, F|100\/100\n|switch|p2a: Gholdengo|Gholdengo|100\/100\n|\n|upkeep\n|turn|5\n|\n|t:|1700712238\n|move|p2a: Gholdengo|Thunder Wave|p1a: Slowking\n|-status|p1a: Slowking|par\n|move|p1a: Slowking|Future Sight|p2a: Gholdengo\n|-start|p1a: Slowking|move: Future Sight\n|\n|-fieldend|move: Grassy Terrain\n|upkeep\n|turn|6\n|\n|t:|1700712246\n|switch|p2a: Samurott|Samurott-Hisui, M|100\/100\n|move|p1a: Slowking|Chilly Reception|p1a: Slowking\n|-weather|Snow\n|\n|t:|1700712250\n|switch|p1a: Zapdos|Zapdos|100\/100|[from] Chilly Reception\n|\n|-weather|Snow|[upkeep]\n|upkeep\n|turn|7\n|\n|t:|1700712262\n|switch|p2a: Great Tusk|Great Tusk|100\/100\n|-enditem|p2a: Great Tusk|Booster Energy\n|-activate|p2a: Great Tusk|ability: Protosynthesis|[fromitem]\n|-start|p2a: Great Tusk|protosynthesisspe\n|move|p1a: Zapdos|Volt Switch|p2a: Great Tusk\n|-immune|p2a: Great Tusk\n|\n|-weather|Snow|[upkeep]\n|-end|p2a: Great Tusk|move: Future Sight\n|-supereffective|p2a: Great Tusk\n|-damage|p2a: Great Tusk|0 fnt\n|faint|p2a: Great Tusk\n|-end|p2a: Great Tusk|Protosynthesis|[silent]\n|upkeep\n|\n|t:|1700712274\n|switch|p2a: Heatran|Heatran, M|100\/100\n|turn|8\n|\n|t:|1700712278\n|move|p1a: Zapdos|Volt Switch|p2a: Heatran\n|-damage|p2a: Heatran|83\/100\n|\n|t:|1700712289\n|switch|p1a: Dondozo|Dondozo, F|100\/100|[from] Volt Switch\n|move|p2a: Heatran|Stealth Rock|p1a: Dondozo\n|-sidestart|p1: NlCHOLAS|move: Stealth Rock\n|\n|-weather|Snow|[upkeep]\n|-heal|p2a: Heatran|89\/100|[from] item: Leftovers\n|upkeep\n|turn|9\n|\n|t:|1700712300\n|move|p2a: Heatran|Protect|p2a: Heatran\n|-singleturn|p2a: Heatran|Protect\n|move|p1a: Dondozo|Body Press|p2a: Heatran\n|-activate|p2a: Heatran|move: Protect\n|\n|-weather|Snow|[upkeep]\n|-heal|p2a: Heatran|96\/100|[from] item: Leftovers\n|upkeep\n|turn|10\n|\n|t:|1700712309\n|switch|p2a: Rillaboom|Rillaboom, M|97\/100\n|-fieldstart|move: Grassy Terrain|[from] ability: Grassy Surge|[of] p2a: Rillaboom\n|switch|p1a: Ting-Lu|Ting-Lu|100\/100\n|-damage|p1a: Ting-Lu|94\/100|[from] Stealth Rock\n|-ability|p1a: Ting-Lu|Vessel of Ruin\n|\n|-weather|none\n|-heal|p2a: Rillaboom|100\/100|[from] Grassy Terrain\n|-heal|p1a: Ting-Lu|100\/100|[from] Grassy Terrain\n|upkeep\n|turn|11\n|\n|t:|1700712318\n|switch|p2a: Heatran|Heatran, M|96\/100\n|switch|p1a: Zapdos|Zapdos|100\/100\n|-damage|p1a: Zapdos|75\/100|[from] Stealth Rock\n|\n|-heal|p2a: Heatran|100\/100|[from] Grassy Terrain\n|upkeep\n|turn|12\n|\n|t:|1700712323\n|move|p1a: Zapdos|Volt Switch|p2a: Heatran\n|-damage|p2a: Heatran|82\/100\n|\n|t:|1700712327\n|switch|p1a: Ting-Lu|Ting-Lu|100\/100|[from] Volt Switch\n|-damage|p1a: Ting-Lu|94\/100|[from] Stealth Rock\n|-ability|p1a: Ting-Lu|Vessel of Ruin\n|move|p2a: Heatran|Magma Storm|p1a: Ting-Lu\n|-damage|p1a: Ting-Lu|77\/100\n|-activate|p1a: Ting-Lu|move: Magma Storm|[of] p2a: Heatran\n|\n|-heal|p2a: Heatran|89\/100|[from] Grassy Terrain\n|-heal|p2a: Heatran|95\/100|[from] item: Leftovers\n|-heal|p1a: Ting-Lu|83\/100|[from] Grassy Terrain\n|-heal|p1a: Ting-Lu|89\/100|[from] item: Leftovers\n|-damage|p1a: Ting-Lu|77\/100|[from] move: Magma Storm|[partiallytrapped]\n|upkeep\n|turn|13\n|\n|t:|1700712341\n|switch|p2a: Rillaboom|Rillaboom, M|100\/100\n|move|p1a: Ting-Lu|Stealth Rock|p2a: Rillaboom\n|-sidestart|p2: Sprocket0835|move: Stealth Rock\n|\n|-heal|p1a: Ting-Lu|83\/100|[from] Grassy Terrain\n|-heal|p1a: Ting-Lu|89\/100|[from] item: Leftovers\n|-end|p1a: Ting-Lu|Magma Storm|[partiallytrapped]|[silent]\n|upkeep\n|turn|14\n|\n|t:|1700712368\n|switch|p1a: Zapdos|Zapdos|75\/100\n|-damage|p1a: Zapdos|50\/100|[from] Stealth Rock\n|move|p2a: Rillaboom|Wood Hammer|p1a: Zapdos\n|-resisted|p1a: Zapdos\n|-damage|p1a: Zapdos|0 fnt\n|faint|p1a: Zapdos\n|-damage|p2a: Rillaboom|82\/100|[from] Recoil\n|-damage|p2a: Rillaboom|72\/100|[from] item: Life Orb\n|\n|-heal|p2a: Rillaboom|78\/100|[from] Grassy Terrain\n|-fieldend|move: Grassy Terrain\n|upkeep\n|\n|t:|1700712373\n|switch|p1a: Cinderace|Cinderace, F|100\/100\n|turn|15\n|\n|t:|1700712385\n|switch|p2a: Garganacl|Garganacl, M|92\/100\n|-damage|p2a: Garganacl|80\/100|[from] Stealth Rock\n|move|p1a: Cinderace|U-turn|p2a: Garganacl\n|-damage|p2a: Garganacl|67\/100\n|\n|t:|1700712391\n|switch|p1a: Ogerpon|Ogerpon-Wellspring, F|63\/100|[from] U-turn\n|-damage|p1a: Ogerpon|51\/100|[from] Stealth Rock\n|\n|-heal|p2a: Garganacl|74\/100|[from] item: Leftovers\n|upkeep\n|turn|16\n|inactive|Sprocket0835 has 120 seconds left.\n|\n|t:|1700712450\n|switch|p2a: Rillaboom|Rillaboom, M|78\/100\n|-damage|p2a: Rillaboom|66\/100|[from] Stealth Rock\n|-fieldstart|move: Grassy Terrain|[from] ability: Grassy Surge|[of] p2a: Rillaboom\n|-terastallize|p1a: Ogerpon|Water\n|detailschange|p1a: Ogerpon|Ogerpon-Wellspring-Tera, F, tera:Water\n|-ability|p1a: Ogerpon|Embody Aspect (Wellspring)|boost\n|-boost|p1a: Ogerpon|spd|1\n|move|p1a: Ogerpon|Ivy Cudgel|p2a: Rillaboom|[anim] Ivy Cudgel Water\n|-resisted|p2a: Rillaboom\n|-damage|p2a: Rillaboom|23\/100\n|\n|-heal|p1a: Ogerpon|57\/100|[from] Grassy Terrain\n|-heal|p2a: Rillaboom|29\/100|[from] Grassy Terrain\n|upkeep\n|turn|17\n|\n|t:|1700712462\n|switch|p1a: Slowking|Slowking-Galar, F|100\/100 par\n|move|p2a: Rillaboom|Grassy Glide|p1a: Slowking\n|-resisted|p1a: Slowking\n|-damage|p1a: Slowking|80\/100 par\n|-damage|p2a: Rillaboom|19\/100|[from] item: Life Orb\n|\n|-heal|p2a: Rillaboom|25\/100|[from] Grassy Terrain\n|-heal|p1a: Slowking|87\/100 par|[from] Grassy Terrain\n|upkeep\n|turn|18\n|\n|t:|1700712468\n|move|p2a: Rillaboom|Knock Off|p1a: Slowking\n|-supereffective|p1a: Slowking\n|-damage|p1a: Slowking|18\/100 par\n|-enditem|p1a: Slowking|Heavy-Duty Boots|[from] move: Knock Off|[of] p2a: Rillaboom\n|-damage|p2a: Rillaboom|15\/100|[from] item: Life Orb\n|move|p1a: Slowking|Sludge Bomb|p2a: Rillaboom\n|-supereffective|p2a: Rillaboom\n|-damage|p2a: Rillaboom|0 fnt\n|faint|p2a: Rillaboom\n|\n|-heal|p1a: Slowking|24\/100 par|[from] Grassy Terrain\n|upkeep\n|\n|t:|1700712480\n|switch|p2a: Garganacl|Garganacl, M|74\/100\n|-damage|p2a: Garganacl|61\/100|[from] Stealth Rock\n|turn|19\n|\n|t:|1700712483\n|switch|p1a: Ting-Lu|Ting-Lu|89\/100\n|-damage|p1a: Ting-Lu|83\/100|[from] Stealth Rock\n|-ability|p1a: Ting-Lu|Vessel of Ruin\n|move|p2a: Garganacl|Iron Defense|p2a: Garganacl\n|-boost|p2a: Garganacl|def|2\n|\n|-heal|p1a: Ting-Lu|89\/100|[from] Grassy Terrain\n|-heal|p1a: Ting-Lu|95\/100|[from] item: Leftovers\n|-heal|p2a: Garganacl|67\/100|[from] Grassy Terrain\n|-heal|p2a: Garganacl|74\/100|[from] item: Leftovers\n|upkeep\n|turn|20\n|\n|t:|1700712487\n|move|p2a: Garganacl|Body Press|p1a: Ting-Lu\n|-supereffective|p1a: Ting-Lu\n|-damage|p1a: Ting-Lu|47\/100\n|move|p1a: Ting-Lu|Whirlwind|p2a: Garganacl\n|drag|p2a: Samurott|Samurott-Hisui, M|100\/100\n|-damage|p2a: Samurott|88\/100|[from] Stealth Rock\n|\n|-heal|p2a: Samurott|94\/100|[from] Grassy Terrain\n|-heal|p1a: Ting-Lu|53\/100|[from] Grassy Terrain\n|-heal|p1a: Ting-Lu|59\/100|[from] item: Leftovers\n|-fieldend|move: Grassy Terrain\n|upkeep\n|turn|21\n|\n|t:|1700712493\n|switch|p1a: Dondozo|Dondozo, F|100\/100\n|move|p2a: Samurott|Ceaseless Edge|p1a: Dondozo\n|-crit|p1a: Dondozo\n|-damage|p1a: Dondozo|69\/100\n|-sidestart|p1: NlCHOLAS|Spikes\n|\n|upkeep\n|turn|22\n|\n|t:|1700712500\n|move|p2a: Samurott|Ceaseless Edge|p1a: Dondozo\n|-damage|p1a: Dondozo|49\/100\n|-sidestart|p1: NlCHOLAS|Spikes\n|move|p1a: Dondozo|Rest|p1a: Dondozo\n|-status|p1a: Dondozo|slp|[from] move: Rest\n|-heal|p1a: Dondozo|100\/100 slp|[silent]\n|\n|upkeep\n|turn|23\n|\n|t:|1700712503\n|switch|p2a: Gholdengo|Gholdengo|100\/100\n|-damage|p2a: Gholdengo|94\/100|[from] Stealth Rock\n|cant|p1a: Dondozo|slp\n|move|p1a: Dondozo|Sleep Talk|p1a: Dondozo\n|move|p1a: Dondozo|Avalanche|p2a: Gholdengo|[from]move: Sleep Talk\n|-resisted|p2a: Gholdengo\n|-damage|p2a: Gholdengo|90\/100\n|\n|-heal|p2a: Gholdengo|96\/100|[from] item: Leftovers\n|upkeep\n|turn|24\n|\n|t:|1700712507\n|switch|p1a: Cinderace|Cinderace, F|100\/100\n|move|p2a: Gholdengo|Hex|p1a: Cinderace\n|-damage|p1a: Cinderace|68\/100\n|\n|-heal|p2a: Gholdengo|100\/100|[from] item: Leftovers\n|upkeep\n|turn|25\n|\n|t:|1700712512\n|-terastallize|p2a: Gholdengo|Flying\n|move|p1a: Cinderace|Court Change|p1a: Cinderace\n|-swapsideconditions\n|-activate|p1a: Cinderace|move: Court Change\n|move|p2a: Gholdengo|Thunder Wave|p1a: Cinderace\n|-status|p1a: Cinderace|par\n|\n|upkeep\n|turn|26\n|\n|t:|1700712519\n|move|p2a: Gholdengo|Hex|p1a: Cinderace\n|-damage|p1a: Cinderace|3\/100 par\n|cant|p1a: Cinderace|par\n|\n|upkeep\n|turn|27\n|\n|t:|1700712525\n|switch|p1a: Ting-Lu|Ting-Lu|59\/100\n|-damage|p1a: Ting-Lu|53\/100|[from] Stealth Rock\n|-ability|p1a: Ting-Lu|Vessel of Ruin\n|move|p2a: Gholdengo|Hex|p1a: Ting-Lu\n|-resisted|p1a: Ting-Lu\n|-damage|p1a: Ting-Lu|47\/100\n|\n|-heal|p1a: Ting-Lu|53\/100|[from] item: Leftovers\n|upkeep\n|turn|28\n|\n|t:|1700712535\n|move|p2a: Gholdengo|Nasty Plot|p2a: Gholdengo\n|-boost|p2a: Gholdengo|spa|2\n|move|p1a: Ting-Lu|Rest|p1a: Ting-Lu\n|-status|p1a: Ting-Lu|slp|[from] move: Rest\n|-heal|p1a: Ting-Lu|100\/100 slp|[silent]\n|\n|upkeep\n|turn|29\n|\n|t:|1700712540\n|switch|p1a: Ogerpon|Ogerpon-Wellspring-Tera, F, tera:Water|57\/100\n|-damage|p1a: Ogerpon|45\/100|[from] Stealth Rock\n|-ability|p1a: Ogerpon|Embody Aspect (Wellspring)|boost\n|-boost|p1a: Ogerpon|spd|1\n|move|p2a: Gholdengo|Nasty Plot|p2a: Gholdengo\n|-boost|p2a: Gholdengo|spa|2\n|\n|upkeep\n|turn|30\n|\n|t:|1700712543\n|move|p1a: Ogerpon|Encore|p2a: Gholdengo\n|-immune|p2a: Gholdengo|[from] ability: Good as Gold\n|move|p2a: Gholdengo|Hex|p1a: Ogerpon\n|-damage|p1a: Ogerpon|0 fnt\n|faint|p1a: Ogerpon\n|\n|upkeep\n|-message|NlCHOLAS forfeited.\n|\n|win|Sprocket0835\n|raw|NlCHOLAS's rating: 1412 &rarr; <strong>1387<\/strong><br \/>(-25 for losing)\n|raw|Sprocket0835's rating: 1321 &rarr; <strong>1346<\/strong><br \/>(+25 for winning)\n|l|\u2606NlCHOLAS\n","uploadtime":1700712553,"views":2,"p1id":"nlcholas","p2id":"sprocket0835","formatid":"gen9ou","rating":1346,"private":0,"password":""}