{"id":"gen9ou-1994295264","p1":"Voltekker","p2":"Terry1590","format":"[Gen 9] OU","log":"|j|\u2606Voltekker\n|j|\u2606Terry1590\n|t:|1700428105\n|gametype|singles\n|player|p1|Voltekker|clair|1263\n|player|p2|Terry1590|blue|1302\n|teamsize|p1|6\n|teamsize|p2|6\n|gen|9\n|tier|[Gen 9] OU\n|rated|\n|rule|Sleep Clause Mod: Limit one foe put to sleep\n|rule|Species Clause: Limit one of each Pok\u00e9mon\n|rule|OHKO Clause: OHKO moves are banned\n|rule|Evasion Items Clause: Evasion items are banned\n|rule|Evasion Moves Clause: Evasion moves are banned\n|rule|Endless Battle Clause: Forcing endless battles is banned\n|rule|HP Percentage Mod: HP is shown in percentages\n|clearpoke\n|poke|p1|Lokix, F|\n|poke|p1|Ribombee, M|\n|poke|p1|Great Tusk|\n|poke|p1|Gholdengo|\n|poke|p1|Dragapult, M|\n|poke|p1|Ogerpon-Wellspring, F|\n|poke|p2|Slowbro, F|\n|poke|p2|Raichu-Alola, F|\n|poke|p2|Pincurchin, F|\n|poke|p2|Iron Moth|\n|poke|p2|Iron Treads|\n|poke|p2|Sneasler, M|\n|teampreview\n|\n|t:|1700428112\n|start\n|switch|p1a: Mr Beest|Ribombee, M, shiny|100\/100\n|switch|p2a: Pokey|Pincurchin, F|100\/100\n|-fieldstart|move: Electric Terrain|[from] ability: Electric Surge|[of] p2a: Pokey\n|turn|1\n|\n|t:|1700428118\n|move|p1a: Mr Beest|Sticky Web|p2a: Pokey\n|-sidestart|p2: Terry1590|move: Sticky Web\n|move|p2a: Pokey|Thunderbolt|p1a: Mr Beest\n|-damage|p1a: Mr Beest|32\/100\n|\n|upkeep\n|turn|2\n|\n|t:|1700428124\n|move|p1a: Mr Beest|Moonblast|p2a: Pokey\n|-crit|p2a: Pokey\n|-damage|p2a: Pokey|20\/100\n|move|p2a: Pokey|Thunderbolt|p1a: Mr Beest\n|-damage|p1a: Mr Beest|0 fnt\n|faint|p1a: Mr Beest\n|\n|upkeep\n|\n|t:|1700428139\n|switch|p1a: Dr kill|Ogerpon-Wellspring, F|100\/100\n|turn|3\n|\n|t:|1700428146\n|switch|p2a: Zorro|Sneasler, M|100\/100\n|-activate|p2a: Zorro|move: Sticky Web\n|-unboost|p2a: Zorro|spe|1\n|-enditem|p2a: Zorro|Electric Seed\n|-boost|p2a: Zorro|def|1|[from] item: Electric Seed\n|move|p1a: Dr kill|Swords Dance|p1a: Dr kill\n|-boost|p1a: Dr kill|atk|2\n|\n|upkeep\n|turn|4\n|\n|t:|1700428157\n|-terastallize|p1a: Dr kill|Water\n|detailschange|p1a: Dr kill|Ogerpon-Wellspring-Tera, F, tera:Water\n|-ability|p1a: Dr kill|Embody Aspect (Wellspring)|boost\n|-boost|p1a: Dr kill|spd|1\n|move|p2a: Zorro|Acrobatics|p1a: Dr kill\n|-crit|p1a: Dr kill\n|-damage|p1a: Dr kill|23\/100\n|move|p1a: Dr kill|Ivy Cudgel|p2a: Zorro|[anim] Ivy Cudgel Water\n|-damage|p2a: Zorro|0 fnt\n|faint|p2a: Zorro\n|\n|upkeep\n|\n|t:|1700428168\n|switch|p2a: Raichu|Raichu-Alola, F|100\/100\n|-activate|p2a: Raichu|move: Sticky Web\n|-unboost|p2a: Raichu|spe|1\n|turn|5\n|\n|t:|1700428174\n|move|p2a: Raichu|Psyshock|p1a: Dr kill\n|-damage|p1a: Dr kill|0 fnt\n|faint|p1a: Dr kill\n|\n|upkeep\n|c|\u2606Voltekker|Scarf?\n|\n|t:|1700428200\n|switch|p1a: Drag-on Dragapult|Dragapult, M|100\/100\n|turn|6\n|\n|t:|1700428226\n|switch|p2a: Iron Treads|Iron Treads|100\/100\n|-activate|p2a: Iron Treads|move: Sticky Web\n|-unboost|p2a: Iron Treads|spe|1\n|-activate|p2a: Iron Treads|ability: Quark Drive\n|-start|p2a: Iron Treads|quarkdriveatk\n|move|p1a: Drag-on Dragapult|Shadow Ball|p2a: Iron Treads\n|-damage|p2a: Iron Treads|20\/100\n|\n|upkeep\n|turn|7\n|c|\u2606Terry1590|No\n|c|\u2606Terry1590|It's his ability\n|c|\u2606Terry1590|2x speed in terrain\n|c|\u2606Voltekker|Yeah i figured\n|\n|t:|1700428264\n|move|p1a: Drag-on Dragapult|Shadow Ball|p2a: Iron Treads\n|-damage|p2a: Iron Treads|0 fnt\n|faint|p2a: Iron Treads\n|-end|p2a: Iron Treads|Quark Drive|[silent]\n|\n|upkeep\n|c|\u2606Voltekker|2x?\n|c|\u2606Voltekker|Why?\n|\n|t:|1700428275\n|switch|p2a: Merlin|Slowbro, F|100\/100\n|-activate|p2a: Merlin|move: Sticky Web\n|-unboost|p2a: Merlin|spe|1\n|turn|8\n|c|\u2606Voltekker|Why does the worse looking raichu get the better ability?\n|\n|t:|1700428306\n|-terastallize|p2a: Merlin|Water\n|move|p1a: Drag-on Dragapult|Shadow Ball|p2a: Merlin\n|-damage|p2a: Merlin|62\/100\n|move|p2a: Merlin|Ice Beam|p1a: Drag-on Dragapult\n|-supereffective|p1a: Drag-on Dragapult\n|-damage|p1a: Drag-on Dragapult|17\/100\n|\n|-fieldend|move: Electric Terrain\n|upkeep\n|turn|9\n|c|\u2606Terry1590|Surfing is a fast sport\n|\n|t:|1700428326\n|switch|p1a: Big Iron|Gholdengo|100\/100\n|-item|p1a: Big Iron|Air Balloon\n|move|p2a: Merlin|Psychic|p1a: Big Iron\n|-resisted|p1a: Big Iron\n|-damage|p1a: Big Iron|79\/100\n|-enditem|p1a: Big Iron|Air Balloon\n|\n|upkeep\n|turn|10\n|c|\u2606Voltekker|And?\n|\n|t:|1700428363\n|move|p1a: Big Iron|Nasty Plot|p1a: Big Iron\n|-boost|p1a: Big Iron|spa|2\n|move|p2a: Merlin|Surf|p1a: Big Iron\n|-damage|p1a: Big Iron|17\/100\n|\n|upkeep\n|turn|11\n|c|\u2606Terry1590|He's a surfing rat\n|\n|t:|1700428378\n|move|p1a: Big Iron|Shadow Ball|p2a: Merlin\n|-damage|p2a: Merlin|0 fnt\n|faint|p2a: Merlin\n|\n|upkeep\n|\n|t:|1700428381\n|switch|p2a: Pokey|Pincurchin, F|20\/100\n|-activate|p2a: Pokey|move: Sticky Web\n|-unboost|p2a: Pokey|spe|1\n|-fieldstart|move: Electric Terrain|[from] ability: Electric Surge|[of] p2a: Pokey\n|turn|12\n|c|\u2606Voltekker|I dont care\n|\n|t:|1700428420\n|move|p2a: Pokey|Sucker Punch|p1a: Big Iron\n|-supereffective|p1a: Big Iron\n|-damage|p1a: Big Iron|0 fnt\n|faint|p1a: Big Iron\n|\n|upkeep\n|c|\u2606Terry1590|He still surfs regardless\n|\n|t:|1700428429\n|switch|p1a: Tusk|Great Tusk|100\/100\n|turn|13\n|\n|t:|1700428436\n|move|p1a: Tusk|Headlong Rush|p2a: Pokey\n|-supereffective|p2a: Pokey\n|-damage|p2a: Pokey|0 fnt\n|-unboost|p1a: Tusk|def|1\n|-unboost|p1a: Tusk|spd|1\n|faint|p2a: Pokey\n|\n|upkeep\n|\n|t:|1700428447\n|switch|p2a: Raichu|Raichu-Alola, F|100\/100\n|-activate|p2a: Raichu|move: Sticky Web\n|-unboost|p2a: Raichu|spe|1\n|turn|14\n|inactive|Battle timer is ON: inactive players will automatically lose when time's up. (requested by Voltekker)\n|\n|t:|1700428456\n|move|p2a: Raichu|Surf|p1a: Tusk\n|-supereffective|p1a: Tusk\n|-damage|p1a: Tusk|0 fnt\n|faint|p1a: Tusk\n|-end|p1a: Tusk|Protosynthesis|[silent]\n|\n|upkeep\n|\n|t:|1700428462\n|switch|p1a: A jump to the sky|Lokix, F, shiny|100\/100\n|turn|15\n|\n|t:|1700428470\n|switch|p2a: Elizabeth|Iron Moth|100\/100\n|-activate|p2a: Elizabeth|move: Sticky Web\n|-unboost|p2a: Elizabeth|spe|1\n|-activate|p2a: Elizabeth|ability: Quark Drive\n|-start|p2a: Elizabeth|quarkdrivespa\n|move|p1a: A jump to the sky|First Impression|p2a: Elizabeth\n|-resisted|p2a: Elizabeth\n|-damage|p2a: Elizabeth|45\/100\n|\n|-heal|p2a: Elizabeth|51\/100|[from] item: Leftovers\n|upkeep\n|turn|16\n|\n|t:|1700428483\n|switch|p1a: Drag-on Dragapult|Dragapult, M|17\/100\n|move|p2a: Elizabeth|Fiery Dance|p1a: Drag-on Dragapult\n|-resisted|p1a: Drag-on Dragapult\n|-damage|p1a: Drag-on Dragapult|0 fnt\n|faint|p1a: Drag-on Dragapult\n|\n|-heal|p2a: Elizabeth|57\/100|[from] item: Leftovers\n|upkeep\n|\n|t:|1700428487\n|switch|p1a: A jump to the sky|Lokix, F, shiny|100\/100\n|turn|17\n|\n|t:|1700428498\n|move|p1a: A jump to the sky|Leech Life|p2a: Elizabeth\n|-resisted|p2a: Elizabeth\n|-damage|p2a: Elizabeth|7\/100\n|move|p2a: Elizabeth|Fiery Dance|p1a: A jump to the sky\n|-supereffective|p1a: A jump to the sky\n|-damage|p1a: A jump to the sky|0 fnt\n|-boost|p2a: Elizabeth|spa|1\n|faint|p1a: A jump to the sky\n|\n|win|Terry1590\n|raw|Voltekker's rating: 1263 &rarr; <strong>1241<\/strong><br \/>(-22 for losing)\n|raw|Terry1590's rating: 1302 &rarr; <strong>1320<\/strong><br \/>(+18 for winning)\n|c|\u2606Terry1590|GG\n|l|\u2606Voltekker\n","uploadtime":1700428631,"views":8,"p1id":"voltekker","p2id":"terry1590","formatid":"gen9ou","rating":1241,"private":0,"password":""}