{"id":"gen9ou-1996292313","p1":"aceman2798","p2":"aWildTito","format":"[Gen 9] OU","log":"|j|\u2606aceman2798\n|j|\u2606aWildTito\n|t:|1700668194\n|gametype|singles\n|player|p1|aceman2798|byron|\n|player|p2|aWildTito|benga|\n|teamsize|p1|4\n|teamsize|p2|4\n|gen|9\n|tier|[Gen 9] OU\n|rule|Sleep Clause Mod: Limit one foe put to sleep\n|rule|Species Clause: Limit one of each Pok\u00e9mon\n|rule|OHKO Clause: OHKO moves are banned\n|rule|Evasion Items Clause: Evasion items are banned\n|rule|Evasion Moves Clause: Evasion moves are banned\n|rule|Endless Battle Clause: Forcing endless battles is banned\n|rule|HP Percentage Mod: HP is shown in percentages\n|clearpoke\n|poke|p1|Weavile, M|\n|poke|p1|Iron Hands|\n|poke|p1|Grimmsnarl, M|\n|poke|p1|Meowscarada, F|\n|poke|p2|Amoonguss, F|\n|poke|p2|Blissey, F|\n|poke|p2|Meowscarada, M|\n|poke|p2|Zoroark-Hisui, M|\n|teampreview\n|inactive|Battle timer is ON: inactive players will automatically lose when time's up. (requested by aWildTito)\n|inactive|aceman2798 has 270 seconds left.\n|inactive|aceman2798 has 240 seconds left.\n|\n|t:|1700668262\n|start\n|switch|p1a: Weavile|Weavile, M|100\/100\n|switch|p2a: Amoonguss|Amoonguss, F|100\/100\n|-ability|p1a: Weavile|Pressure\n|turn|1\n|\n|t:|1700668272\n|move|p1a: Weavile|Fake Out|p2a: Amoonguss\n|-damage|p2a: Amoonguss|91\/100\n|-damage|p1a: Weavile|84\/100|[from] item: Rocky Helmet|[of] p2a: Amoonguss\n|cant|p2a: Amoonguss|flinch\n|\n|upkeep\n|turn|2\n|\n|t:|1700668287\n|switch|p1a: Grimmsnarl|Grimmsnarl, M|100\/100\n|move|p2a: Amoonguss|Spore|p1a: Grimmsnarl\n|-status|p1a: Grimmsnarl|slp|[from] move: Spore\n|\n|upkeep\n|turn|3\n|\n|t:|1700668301\n|switch|p1a: Weavile|Weavile, M|84\/100\n|-ability|p1a: Weavile|Pressure\n|switch|p2a: Blissey|Blissey, F|100\/100\n|\n|upkeep\n|turn|4\n|\n|t:|1700668311\n|move|p1a: Weavile|Knock Off|p2a: Blissey\n|-supereffective|p2a: Blissey\n|-damage|p2a: Blissey|0 fnt\n|replace|p2a: Zoroark|Zoroark-Hisui, M\n|-end|p2a: Zoroark|Illusion\n|-enditem|p2a: Zoroark|Choice Specs|[from] move: Knock Off|[of] p1a: Weavile\n|faint|p2a: Zoroark\n|\n|upkeep\n|\n|t:|1700668323\n|switch|p2a: Meowscarada|Meowscarada, M|100\/100\n|turn|5\n|\n|t:|1700668338\n|move|p1a: Weavile|Ice Spinner|p2a: Meowscarada\n|-supereffective|p2a: Meowscarada\n|-damage|p2a: Meowscarada|0 fnt\n|faint|p2a: Meowscarada\n|\n|upkeep\n|\n|t:|1700668345\n|switch|p2a: Blissey|Blissey, F|100\/100\n|turn|6\n|\n|t:|1700668364\n|move|p1a: Weavile|Swords Dance|p1a: Weavile\n|-boost|p1a: Weavile|atk|2\n|move|p2a: Blissey|Trick|p1a: Weavile\n|-activate|p2a: Blissey|move: Trick|[of] p1a: Weavile\n|-item|p1a: Weavile|Lagging Tail|[from] move: Trick\n|-item|p2a: Blissey|Never-Melt Ice|[from] move: Trick\n|\n|upkeep\n|turn|7\n|inactive|aWildTito has 270 seconds left.\n|\n|t:|1700668406\n|move|p2a: Blissey|Thunder Wave|p1a: Weavile\n|-status|p1a: Weavile|par\n|move|p1a: Weavile|Knock Off|p2a: Blissey\n|-damage|p2a: Blissey|0 fnt\n|-enditem|p2a: Blissey|Never-Melt Ice|[from] move: Knock Off|[of] p1a: Weavile\n|faint|p2a: Blissey\n|\n|upkeep\n|\n|t:|1700668416\n|switch|p2a: Amoonguss|Amoonguss, F|100\/100\n|turn|8\n|\n|t:|1700668423\n|move|p2a: Amoonguss|Clear Smog|p1a: Weavile\n|-damage|p1a: Weavile|62\/100 par\n|-clearboost|p1a: Weavile\n|move|p1a: Weavile|Ice Spinner|p2a: Amoonguss\n|-supereffective|p2a: Amoonguss\n|-damage|p2a: Amoonguss|35\/100\n|-damage|p1a: Weavile|46\/100 par|[from] item: Rocky Helmet|[of] p2a: Amoonguss\n|\n|upkeep\n|turn|9\n|\n|t:|1700668434\n|move|p2a: Amoonguss|Sludge Bomb|p1a: Weavile\n|-damage|p1a: Weavile|7\/100 par\n|move|p1a: Weavile|Ice Spinner|p2a: Amoonguss\n|-supereffective|p2a: Amoonguss\n|-damage|p2a: Amoonguss|0 fnt\n|-damage|p1a: Weavile|0 fnt|[from] item: Rocky Helmet|[of] p2a: Amoonguss\n|faint|p2a: Amoonguss\n|faint|p1a: Weavile\n|\n|win|aceman2798\n","uploadtime":1700668444,"views":3,"p1id":"aceman2798","p2id":"awildtito","formatid":"gen9ou","rating":0,"private":0,"password":""}