{"id":"gen9ou-1990545360","p1":"dosfleur","p2":"eelseatfood","format":"[Gen 9] OU","log":"|j|\u2606dosfleur\n|j|\u2606eelseatfood\n|t:|1699980270\n|gametype|singles\n|player|p1|dosfleur|shauntal|1101\n|player|p2|eelseatfood|102|1061\n|teamsize|p1|6\n|teamsize|p2|6\n|gen|9\n|tier|[Gen 9] OU\n|rated|\n|rule|Sleep Clause Mod: Limit one foe put to sleep\n|rule|Species Clause: Limit one of each Pok\u00e9mon\n|rule|OHKO Clause: OHKO moves are banned\n|rule|Evasion Items Clause: Evasion items are banned\n|rule|Evasion Moves Clause: Evasion moves are banned\n|rule|Endless Battle Clause: Forcing endless battles is banned\n|rule|HP Percentage Mod: HP is shown in percentages\n|clearpoke\n|poke|p1|Lokix, M|\n|poke|p1|Heatran, F|\n|poke|p1|Walking Wake|\n|poke|p1|Slowking-Galar, M|\n|poke|p1|Great Tusk|\n|poke|p1|Clefable, M|\n|poke|p2|Grafaiai, F|\n|poke|p2|Torkoal, F|\n|poke|p2|Dragapult, M|\n|poke|p2|Greninja-*, M|\n|poke|p2|Corviknight, F|\n|poke|p2|Clodsire, F|\n|teampreview\n|inactive|Battle timer is ON: inactive players will automatically lose when time's up. (requested by dosfleur)\n|\n|t:|1699980279\n|start\n|switch|p1a: Lokix|Lokix, M|100\/100\n|switch|p2a: Torkoal|Torkoal, F|100\/100\n|turn|1\n|\n|t:|1699980292\n|move|p1a: Lokix|Swords Dance|p1a: Lokix\n|-boost|p1a: Lokix|atk|2\n|move|p2a: Torkoal|Shell Smash|p2a: Torkoal\n|-unboost|p2a: Torkoal|def|1\n|-unboost|p2a: Torkoal|spd|1\n|-boost|p2a: Torkoal|atk|2\n|-boost|p2a: Torkoal|spa|2\n|-boost|p2a: Torkoal|spe|2\n|-enditem|p2a: Torkoal|Eject Pack\n|\n|t:|1699980295\n|switch|p2a: Grafaiai|Grafaiai, F|100\/100\n|\n|upkeep\n|turn|2\n|\n|t:|1699980302\n|move|p2a: Grafaiai|Copycat|p2a: Grafaiai\n|move|p2a: Grafaiai|Shell Smash|p2a: Grafaiai|[from]move: Copycat\n|-unboost|p2a: Grafaiai|def|1\n|-unboost|p2a: Grafaiai|spd|1\n|-boost|p2a: Grafaiai|atk|2\n|-boost|p2a: Grafaiai|spa|2\n|-boost|p2a: Grafaiai|spe|2\n|-enditem|p2a: Grafaiai|White Herb\n|-clearnegativeboost|p2a: Grafaiai|[silent]\n|move|p1a: Lokix|Leech Life|p2a: Grafaiai\n|-resisted|p2a: Grafaiai\n|-damage|p2a: Grafaiai|0 fnt\n|faint|p2a: Grafaiai\n|\n|upkeep\n|\n|t:|1699980313\n|switch|p2a: Clodsire|Clodsire, F|100\/100\n|turn|3\n|\n|t:|1699980323\n|switch|p1a: Slowking|Slowking-Galar, M|100\/100\n|move|p2a: Clodsire|Gunk Shot|p1a: Slowking\n|-resisted|p1a: Slowking\n|-damage|p1a: Slowking|84\/100\n|\n|-heal|p1a: Slowking|90\/100|[from] item: Black Sludge\n|upkeep\n|turn|4\n|\n|t:|1699980329\n|switch|p2a: Corviknight|Corviknight, F|100\/100\n|move|p1a: Slowking|Future Sight|p2a: Corviknight\n|-start|p1a: Slowking|move: Future Sight\n|\n|-heal|p1a: Slowking|96\/100|[from] item: Black Sludge\n|upkeep\n|turn|5\n|\n|t:|1699980334\n|switch|p1a: Clefable|Clefable, M|100\/100\n|move|p2a: Corviknight|Brave Bird|p1a: Clefable\n|-damage|p1a: Clefable|71\/100\n|-damage|p2a: Corviknight|84\/100|[from] item: Rocky Helmet|[of] p1a: Clefable\n|-damage|p2a: Corviknight|74\/100|[from] Recoil\n|\n|-heal|p2a: Corviknight|81\/100|[from] item: Leftovers\n|upkeep\n|turn|6\n|\n|t:|1699980351\n|move|p2a: Corviknight|U-turn|p1a: Clefable\n|-resisted|p1a: Clefable\n|-damage|p1a: Clefable|66\/100\n|-damage|p2a: Corviknight|64\/100|[from] item: Rocky Helmet|[of] p1a: Clefable\n|\n|t:|1699980357\n|switch|p2a: Torkoal|Torkoal, F|100\/100|[from] U-turn\n|move|p1a: Clefable|Stealth Rock|p2a: Torkoal\n|-sidestart|p2: eelseatfood|move: Stealth Rock\n|\n|-end|p2a: Torkoal|move: Future Sight\n|-damage|p2a: Torkoal|55\/100\n|upkeep\n|turn|7\n|\n|t:|1699980376\n|move|p1a: Clefable|Draining Kiss|p2a: Torkoal\n|-resisted|p2a: Torkoal\n|-damage|p2a: Torkoal|45\/100\n|-heal|p1a: Clefable|71\/100|[from] drain|[of] p2a: Torkoal\n|move|p2a: Torkoal|Shell Smash|p2a: Torkoal\n|-unboost|p2a: Torkoal|def|1\n|-unboost|p2a: Torkoal|spd|1\n|-boost|p2a: Torkoal|atk|2\n|-boost|p2a: Torkoal|spa|2\n|-boost|p2a: Torkoal|spe|2\n|\n|upkeep\n|turn|8\n|\n|t:|1699980382\n|move|p1a: Clefable|Encore|p2a: Torkoal\n|-start|p2a: Torkoal|Encore\n|move|p2a: Torkoal|Shell Smash|p2a: Torkoal\n|-unboost|p2a: Torkoal|def|1\n|-unboost|p2a: Torkoal|spd|1\n|-boost|p2a: Torkoal|atk|2\n|-boost|p2a: Torkoal|spa|2\n|-boost|p2a: Torkoal|spe|2\n|\n|upkeep\n|turn|9\n|\n|t:|1699980385\n|switch|p1a: Lokix|Lokix, M|100\/100\n|move|p2a: Torkoal|Shell Smash|p2a: Torkoal\n|-unboost|p2a: Torkoal|def|1\n|-unboost|p2a: Torkoal|spd|1\n|-boost|p2a: Torkoal|atk|2\n|-boost|p2a: Torkoal|spa|2\n|-boost|p2a: Torkoal|spe|2\n|\n|upkeep\n|turn|10\n|\n|t:|1699980390\n|switch|p2a: Greninja|Greninja, M|100\/100\n|-damage|p2a: Greninja|88\/100|[from] Stealth Rock\n|move|p1a: Lokix|First Impression|p2a: Greninja\n|-supereffective|p2a: Greninja\n|-damage|p2a: Greninja|0 fnt\n|faint|p2a: Greninja\n|\n|upkeep\n|-message|eelseatfood forfeited.\n|\n|win|dosfleur\n|raw|dosfleur's rating: 1101 &rarr; <strong>1123<\/strong><br \/>(+22 for winning)\n|raw|eelseatfood's rating: 1061 &rarr; <strong>1044<\/strong><br \/>(-17 for losing)\n|l|\u2606eelseatfood\n","uploadtime":1699980402,"views":9,"p1id":"dosfleur","p2id":"eelseatfood","formatid":"gen9ou","rating":1044,"private":0,"password":""}