{"id":"gen9ou-1999872130","p1":"ArayAlex","p2":"tokerr","format":"[Gen 9] OU","log":"|j|\u2606ArayAlex\n|j|\u2606tokerr\n|t:|1701124890\n|gametype|singles\n|player|p1|ArayAlex|102|1169\n|player|p2|tokerr|roughneck|1068\n|teamsize|p1|6\n|teamsize|p2|6\n|gen|9\n|tier|[Gen 9] OU\n|rated|\n|rule|Sleep Clause Mod: Limit one foe put to sleep\n|rule|Species Clause: Limit one of each Pok\u00e9mon\n|rule|OHKO Clause: OHKO moves are banned\n|rule|Evasion Items Clause: Evasion items are banned\n|rule|Evasion Moves Clause: Evasion moves are banned\n|rule|Endless Battle Clause: Forcing endless battles is banned\n|rule|HP Percentage Mod: HP is shown in percentages\n|clearpoke\n|poke|p1|Alomomola, M|\n|poke|p1|Slowbro-Galar, M|\n|poke|p1|Skeledirge, F|\n|poke|p1|Blissey, F|\n|poke|p1|Zapdos|\n|poke|p1|Great Tusk|\n|poke|p2|Gengar, F|\n|poke|p2|Garchomp, M|\n|poke|p2|Ribombee, M|\n|poke|p2|Ninetales-Alola, M|\n|poke|p2|Dondozo, F|\n|poke|p2|Cramorant, F|\n|teampreview\n|\n|t:|1701124910\n|start\n|switch|p1a: Slowbro|Slowbro-Galar, M|100\/100\n|switch|p2a: Ribombee|Ribombee, M|100\/100\n|turn|1\n|\n|t:|1701124918\n|move|p2a: Ribombee|Quiver Dance|p2a: Ribombee\n|-boost|p2a: Ribombee|spa|1\n|-boost|p2a: Ribombee|spd|1\n|-boost|p2a: Ribombee|spe|1\n|move|p1a: Slowbro|Shell Side Arm|p2a: Ribombee|[anim] Shell Side Arm Physical\n|-supereffective|p2a: Ribombee\n|-damage|p2a: Ribombee|0 fnt\n|-hint|Physical Shell Side Arm\n|faint|p2a: Ribombee\n|\n|upkeep\n|\n|t:|1701124926\n|switch|p2a: Cramorant|Cramorant, F|100\/100\n|turn|2\n|\n|t:|1701124939\n|move|p2a: Cramorant|Chilling Water|p1a: Slowbro\n|-damage|p1a: Slowbro|84\/100\n|-unboost|p1a: Slowbro|atk|1\n|-damage|p2a: Cramorant|91\/100|[from] item: Life Orb\n|move|p1a: Slowbro|Grass Knot|p2a: Cramorant\n|-damage|p2a: Cramorant|81\/100\n|\n|upkeep\n|turn|3\n|\n|t:|1701124953\n|switch|p1a: Zapdos|Zapdos|100\/100\n|move|p2a: Cramorant|Surf|p1a: Zapdos\n|-formechange|p2a: Cramorant|Cramorant-Gulping|\n|-damage|p1a: Zapdos|61\/100\n|-damage|p2a: Cramorant|71\/100|[from] item: Life Orb\n|\n|upkeep\n|turn|4\n|\n|t:|1701124966\n|switch|p2a: Garchomp|Garchomp, M|100\/100\n|move|p1a: Zapdos|Thunderbolt|p2a: Garchomp\n|-immune|p2a: Garchomp\n|\n|upkeep\n|turn|5\n|\n|t:|1701124976\n|switch|p1a: Alomomola|Alomomola, M|100\/100\n|move|p2a: Garchomp|Swords Dance|p2a: Garchomp\n|-boost|p2a: Garchomp|atk|2\n|\n|upkeep\n|turn|6\n|\n|t:|1701124986\n|move|p2a: Garchomp|Swords Dance|p2a: Garchomp\n|-boost|p2a: Garchomp|atk|2\n|move|p1a: Alomomola|Scald|p2a: Garchomp\n|-damage|p2a: Garchomp|85\/100\n|\n|-heal|p2a: Garchomp|91\/100|[from] item: Leftovers\n|upkeep\n|turn|7\n|\n|t:|1701124999\n|move|p2a: Garchomp|Swords Dance|p2a: Garchomp\n|-boost|p2a: Garchomp|atk|2\n|move|p1a: Alomomola|Scald|p2a: Garchomp\n|-damage|p2a: Garchomp|76\/100\n|-status|p2a: Garchomp|brn\n|\n|-heal|p2a: Garchomp|82\/100 brn|[from] item: Leftovers\n|-damage|p2a: Garchomp|76\/100 brn|[from] brn\n|upkeep\n|turn|8\n|\n|t:|1701125013\n|move|p2a: Garchomp|Scale Shot|p1a: Alomomola\n|-damage|p1a: Alomomola|85\/100\n|-damage|p1a: Alomomola|70\/100\n|-hitcount|p1a: Alomomola|2\n|-unboost|p2a: Garchomp|def|1\n|-boost|p2a: Garchomp|spe|1\n|move|p1a: Alomomola|Flip Turn|p2a: Garchomp\n|-damage|p2a: Garchomp|51\/100 brn\n|-damage|p1a: Alomomola|58\/100|[from] ability: Rough Skin|[of] p2a: Garchomp\n|\n|t:|1701125028\n|switch|p1a: Skeledirge|Skeledirge, F|100\/100|[from] Flip Turn\n|\n|-heal|p2a: Garchomp|57\/100 brn|[from] item: Leftovers\n|-damage|p2a: Garchomp|51\/100 brn|[from] brn\n|upkeep\n|turn|9\n|\n|t:|1701125040\n|move|p2a: Garchomp|Earthquake|p1a: Skeledirge\n|-supereffective|p1a: Skeledirge\n|-damage|p1a: Skeledirge|65\/100\n|-enditem|p1a: Skeledirge|Weakness Policy\n|-boost|p1a: Skeledirge|atk|2|[from] item: Weakness Policy\n|-boost|p1a: Skeledirge|spa|2|[from] item: Weakness Policy\n|move|p1a: Skeledirge|Torch Song|p2a: Garchomp\n|-resisted|p2a: Garchomp\n|-damage|p2a: Garchomp|15\/100 brn\n|-boost|p1a: Skeledirge|spa|1\n|\n|-heal|p2a: Garchomp|21\/100 brn|[from] item: Leftovers\n|-damage|p2a: Garchomp|15\/100 brn|[from] brn\n|upkeep\n|turn|10\n|\n|t:|1701125061\n|-terastallize|p1a: Skeledirge|Water\n|move|p2a: Garchomp|Scale Shot|p1a: Skeledirge\n|-damage|p1a: Skeledirge|61\/100\n|-damage|p1a: Skeledirge|56\/100\n|-damage|p1a: Skeledirge|52\/100\n|-hitcount|p1a: Skeledirge|3\n|-unboost|p2a: Garchomp|def|1\n|-boost|p2a: Garchomp|spe|1\n|move|p1a: Skeledirge|Slack Off|p1a: Skeledirge\n|-heal|p1a: Skeledirge|100\/100\n|\n|-heal|p2a: Garchomp|21\/100 brn|[from] item: Leftovers\n|-damage|p2a: Garchomp|15\/100 brn|[from] brn\n|upkeep\n|turn|11\n|\n|t:|1701125081\n|move|p2a: Garchomp|Earthquake|p1a: Skeledirge\n|-damage|p1a: Skeledirge|84\/100\n|move|p1a: Skeledirge|Torch Song|p2a: Garchomp\n|-resisted|p2a: Garchomp\n|-damage|p2a: Garchomp|0 fnt\n|-boost|p1a: Skeledirge|spa|1\n|faint|p2a: Garchomp\n|\n|upkeep\n|\n|t:|1701125090\n|switch|p2a: Ninetales|Ninetales-Alola, M, shiny|100\/100\n|-weather|Snow|[from] ability: Snow Warning|[of] p2a: Ninetales\n|turn|12\n|\n|t:|1701125098\n|move|p2a: Ninetales|Freeze-Dry|p1a: Skeledirge\n|-supereffective|p1a: Skeledirge\n|-damage|p1a: Skeledirge|27\/100\n|move|p1a: Skeledirge|Torch Song|p2a: Ninetales\n|-supereffective|p2a: Ninetales\n|-damage|p2a: Ninetales|0 fnt\n|-boost|p1a: Skeledirge|spa|1\n|faint|p2a: Ninetales\n|\n|-weather|Snow|[upkeep]\n|upkeep\n|\n|t:|1701125107\n|switch|p2a: Dondozo|Dondozo, F|100\/100\n|turn|13\n|\n|t:|1701125114\n|move|p1a: Skeledirge|Slack Off|p1a: Skeledirge\n|-heal|p1a: Skeledirge|77\/100\n|move|p2a: Dondozo|Ice Fang|p1a: Skeledirge\n|-resisted|p1a: Skeledirge\n|-damage|p1a: Skeledirge|72\/100\n|-status|p1a: Skeledirge|frz\n|\n|-weather|Snow|[upkeep]\n|upkeep\n|turn|14\n|\n|t:|1701125125\n|cant|p1a: Skeledirge|frz\n|move|p2a: Dondozo|Curse|p2a: Dondozo\n|-unboost|p2a: Dondozo|spe|1\n|-boost|p2a: Dondozo|atk|1\n|-boost|p2a: Dondozo|def|1\n|\n|-weather|Snow|[upkeep]\n|upkeep\n|turn|15\n|\n|t:|1701125133\n|cant|p1a: Skeledirge|frz\n|move|p2a: Dondozo|Curse|p2a: Dondozo\n|-unboost|p2a: Dondozo|spe|1\n|-boost|p2a: Dondozo|atk|1\n|-boost|p2a: Dondozo|def|1\n|\n|-weather|Snow|[upkeep]\n|upkeep\n|turn|16\n|\n|t:|1701125143\n|cant|p1a: Skeledirge|frz\n|move|p2a: Dondozo|Rock Slide|p1a: Skeledirge|[miss]\n|-miss|p2a: Dondozo|p1a: Skeledirge\n|\n|-weather|none\n|upkeep\n|turn|17\n|\n|t:|1701125151\n|cant|p1a: Skeledirge|frz\n|move|p2a: Dondozo|Rock Slide|p1a: Skeledirge\n|-damage|p1a: Skeledirge|59\/100 frz\n|\n|upkeep\n|turn|18\n|\n|t:|1701125159\n|cant|p1a: Skeledirge|frz\n|move|p2a: Dondozo|Ice Fang|p1a: Skeledirge\n|-resisted|p1a: Skeledirge\n|-damage|p1a: Skeledirge|53\/100 frz\n|\n|upkeep\n|turn|19\n|\n|t:|1701125166\n|cant|p1a: Skeledirge|frz\n|move|p2a: Dondozo|Curse|p2a: Dondozo\n|-unboost|p2a: Dondozo|spe|1\n|-boost|p2a: Dondozo|atk|1\n|-boost|p2a: Dondozo|def|1\n|\n|upkeep\n|turn|20\n|\n|t:|1701125174\n|-curestatus|p1a: Skeledirge|frz|[msg]\n|move|p1a: Skeledirge|Will-O-Wisp|p2a: Dondozo\n|-status|p2a: Dondozo|brn\n|move|p2a: Dondozo|Curse|p2a: Dondozo\n|-unboost|p2a: Dondozo|spe|1\n|-boost|p2a: Dondozo|atk|1\n|-boost|p2a: Dondozo|def|1\n|\n|-damage|p2a: Dondozo|94\/100 brn|[from] brn\n|upkeep\n|turn|21\n|\n|t:|1701125189\n|move|p1a: Skeledirge|Slack Off|p1a: Skeledirge\n|-heal|p1a: Skeledirge|100\/100\n|move|p2a: Dondozo|Liquidation|p1a: Skeledirge\n|-resisted|p1a: Skeledirge\n|-damage|p1a: Skeledirge|95\/100\n|\n|-heal|p2a: Dondozo|100\/100 brn|[from] item: Leftovers\n|-damage|p2a: Dondozo|94\/100 brn|[from] brn\n|upkeep\n|turn|22\n|\n|t:|1701125200\n|move|p1a: Skeledirge|Hex|p2a: Dondozo\n|-damage|p2a: Dondozo|51\/100 brn\n|move|p2a: Dondozo|Ice Fang|p1a: Skeledirge\n|-resisted|p1a: Skeledirge\n|-damage|p1a: Skeledirge|92\/100\n|-status|p1a: Skeledirge|frz\n|\n|-heal|p2a: Dondozo|57\/100 brn|[from] item: Leftovers\n|-damage|p2a: Dondozo|51\/100 brn|[from] brn\n|upkeep\n|turn|23\n|\n|t:|1701125213\n|switch|p1a: Zapdos|Zapdos|61\/100\n|move|p2a: Dondozo|Ice Fang|p1a: Zapdos\n|-supereffective|p1a: Zapdos\n|-damage|p1a: Zapdos|0 fnt\n|faint|p1a: Zapdos\n|\n|-heal|p2a: Dondozo|57\/100 brn|[from] item: Leftovers\n|-damage|p2a: Dondozo|51\/100 brn|[from] brn\n|upkeep\n|\n|t:|1701125229\n|switch|p1a: Slowbro|Slowbro-Galar, M|100\/100\n|turn|24\n|\n|t:|1701125240\n|move|p1a: Slowbro|Grass Knot|p2a: Dondozo\n|-supereffective|p2a: Dondozo\n|-damage|p2a: Dondozo|0 fnt\n|faint|p2a: Dondozo\n|\n|upkeep\n|\n|t:|1701125245\n|switch|p2a: Cramorant|Cramorant, F|71\/100\n|turn|25\n|\n|t:|1701125256\n|switch|p1a: Skeledirge|Skeledirge, F, tera:Water|92\/100 frz\n|move|p2a: Cramorant|Surf|p1a: Skeledirge\n|-formechange|p2a: Cramorant|Cramorant-Gulping|\n|-resisted|p1a: Skeledirge\n|-damage|p1a: Skeledirge|73\/100 frz\n|-damage|p2a: Cramorant|62\/100|[from] item: Life Orb\n|\n|upkeep\n|turn|26\n|\n|t:|1701125268\n|move|p2a: Cramorant|Ice Beam|p1a: Skeledirge\n|-resisted|p1a: Skeledirge\n|-damage|p1a: Skeledirge|62\/100 frz\n|-damage|p2a: Cramorant|52\/100|[from] item: Life Orb\n|cant|p1a: Skeledirge|frz\n|\n|upkeep\n|turn|27\n|\n|t:|1701125276\n|move|p2a: Cramorant|Roost|p2a: Cramorant\n|-heal|p2a: Cramorant|100\/100\n|-singleturn|p2a: Cramorant|move: Roost\n|cant|p1a: Skeledirge|frz\n|\n|upkeep\n|turn|28\n|\n|t:|1701125284\n|move|p2a: Cramorant|Ice Beam|p1a: Skeledirge\n|-resisted|p1a: Skeledirge\n|-damage|p1a: Skeledirge|49\/100 frz\n|-damage|p2a: Cramorant|91\/100|[from] item: Life Orb\n|cant|p1a: Skeledirge|frz\n|\n|upkeep\n|turn|29\n|\n|t:|1701125292\n|move|p2a: Cramorant|Ice Beam|p1a: Skeledirge\n|-resisted|p1a: Skeledirge\n|-damage|p1a: Skeledirge|36\/100 frz\n|-damage|p2a: Cramorant|81\/100|[from] item: Life Orb\n|-curestatus|p1a: Skeledirge|frz|[msg]\n|move|p1a: Skeledirge|Will-O-Wisp|p2a: Cramorant\n|-status|p2a: Cramorant|brn\n|\n|-damage|p2a: Cramorant|75\/100 brn|[from] brn\n|upkeep\n|turn|30\n|\n|t:|1701125304\n|move|p2a: Cramorant|Roost|p2a: Cramorant\n|-heal|p2a: Cramorant|100\/100 brn\n|-singleturn|p2a: Cramorant|move: Roost\n|move|p1a: Skeledirge|Slack Off|p1a: Skeledirge\n|-heal|p1a: Skeledirge|86\/100\n|\n|-damage|p2a: Cramorant|94\/100 brn|[from] brn\n|upkeep\n|turn|31\n|\n|t:|1701125313\n|move|p2a: Cramorant|Ice Beam|p1a: Skeledirge\n|-resisted|p1a: Skeledirge\n|-damage|p1a: Skeledirge|74\/100\n|-damage|p2a: Cramorant|85\/100 brn|[from] item: Life Orb\n|move|p1a: Skeledirge|Torch Song|p2a: Cramorant\n|-resisted|p2a: Cramorant\n|-damage|p2a: Cramorant|73\/100 brn\n|-boost|p1a: Skeledirge|spa|1\n|-damage|p1a: Skeledirge|49\/100|[from] ability: Gulp Missile|[of] p2a: Cramorant\n|-unboost|p1a: Skeledirge|def|1\n|-formechange|p2a: Cramorant|Cramorant|\n|\n|-damage|p2a: Cramorant|67\/100 brn|[from] brn\n|upkeep\n|turn|32\n|\n|t:|1701125332\n|move|p2a: Cramorant|Surf|p1a: Skeledirge\n|-formechange|p2a: Cramorant|Cramorant-Gulping|\n|-resisted|p1a: Skeledirge\n|-damage|p1a: Skeledirge|31\/100\n|-damage|p2a: Cramorant|57\/100 brn|[from] item: Life Orb\n|move|p1a: Skeledirge|Slack Off|p1a: Skeledirge\n|-heal|p1a: Skeledirge|81\/100\n|\n|-damage|p2a: Cramorant|51\/100 brn|[from] brn\n|upkeep\n|turn|33\n|\n|t:|1701125342\n|move|p2a: Cramorant|Chilling Water|p1a: Skeledirge\n|-resisted|p1a: Skeledirge\n|-damage|p1a: Skeledirge|70\/100\n|-unboost|p1a: Skeledirge|atk|1\n|-damage|p2a: Cramorant|41\/100 brn|[from] item: Life Orb\n|move|p1a: Skeledirge|Torch Song|p2a: Cramorant\n|-resisted|p2a: Cramorant\n|-damage|p2a: Cramorant|23\/100 brn\n|-boost|p1a: Skeledirge|spa|1\n|-damage|p1a: Skeledirge|45\/100|[from] ability: Gulp Missile|[of] p2a: Cramorant\n|-unboost|p1a: Skeledirge|def|1\n|-formechange|p2a: Cramorant|Cramorant|\n|\n|-damage|p2a: Cramorant|17\/100 brn|[from] brn\n|upkeep\n|turn|34\n|\n|t:|1701125361\n|move|p2a: Cramorant|Roost|p2a: Cramorant\n|-heal|p2a: Cramorant|67\/100 brn\n|-singleturn|p2a: Cramorant|move: Roost\n|move|p1a: Skeledirge|Slack Off|p1a: Skeledirge\n|-heal|p1a: Skeledirge|95\/100\n|\n|-damage|p2a: Cramorant|61\/100 brn|[from] brn\n|upkeep\n|turn|35\n|\n|t:|1701125371\n|move|p2a: Cramorant|Roost|p2a: Cramorant\n|-heal|p2a: Cramorant|100\/100 brn\n|-singleturn|p2a: Cramorant|move: Roost\n|move|p1a: Skeledirge|Torch Song|p2a: Cramorant\n|-resisted|p2a: Cramorant\n|-damage|p2a: Cramorant|78\/100 brn\n|-boost|p1a: Skeledirge|spa|1\n|\n|-damage|p2a: Cramorant|72\/100 brn|[from] brn\n|upkeep\n|turn|36\n|\n|t:|1701125383\n|move|p2a: Cramorant|Surf|p1a: Skeledirge\n|-formechange|p2a: Cramorant|Cramorant-Gulping|\n|-resisted|p1a: Skeledirge\n|-damage|p1a: Skeledirge|76\/100\n|-damage|p2a: Cramorant|62\/100 brn|[from] item: Life Orb\n|move|p1a: Skeledirge|Torch Song|p2a: Cramorant\n|-resisted|p2a: Cramorant\n|-damage|p2a: Cramorant|33\/100 brn\n|-boost|p1a: Skeledirge|spa|1\n|-damage|p1a: Skeledirge|51\/100|[from] ability: Gulp Missile|[of] p2a: Cramorant\n|-unboost|p1a: Skeledirge|def|1\n|-formechange|p2a: Cramorant|Cramorant|\n|\n|-damage|p2a: Cramorant|27\/100 brn|[from] brn\n|upkeep\n|turn|37\n|\n|t:|1701125398\n|move|p2a: Cramorant|Roost|p2a: Cramorant\n|-heal|p2a: Cramorant|77\/100 brn\n|-singleturn|p2a: Cramorant|move: Roost\n|move|p1a: Skeledirge|Hex|p2a: Cramorant\n|-damage|p2a: Cramorant|0 fnt\n|faint|p2a: Cramorant\n|\n|upkeep\n|\n|t:|1701125405\n|switch|p2a: Gengar|Gengar, F, shiny|100\/100\n|turn|38\n|\n|t:|1701125414\n|move|p2a: Gengar|Taunt|p1a: Skeledirge\n|-start|p1a: Skeledirge|move: Taunt\n|move|p1a: Skeledirge|Hex|p2a: Gengar\n|-supereffective|p2a: Gengar\n|-crit|p2a: Gengar\n|-damage|p2a: Gengar|0 fnt\n|faint|p2a: Gengar\n|\n|win|ArayAlex\n|raw|ArayAlex's rating: 1169 &rarr; <strong>1187<\/strong><br \/>(+18 for winning)\n|raw|tokerr's rating: 1068 &rarr; <strong>1054<\/strong><br \/>(-14 for losing)\n|l|\u2606tokerr\n","uploadtime":1701125427,"views":13,"p1id":"arayalex","p2id":"tokerr","formatid":"gen9ou","rating":1054,"private":0,"password":""}