{"id":"gen9ou-1991841989","p1":"pogchimp970314","p2":"Mimicry5","format":"[Gen 9] OU","log":"|j|\u2606pogchimp970314\n|j|\u2606Mimicry5\n|inactive|Battle timer is ON: inactive players will automatically lose when time's up.\n|t:|1700126859\n|gametype|singles\n|player|p1|pogchimp970314|elesa-masters|\n|player|p2|Mimicry5|170|\n|teamsize|p1|2\n|teamsize|p2|2\n|gen|9\n|tier|[Gen 9] OU\n|rated|Tournament battle\n|rule|Sleep Clause Mod: Limit one foe put to sleep\n|rule|Species Clause: Limit one of each Pok\u00e9mon\n|rule|OHKO Clause: OHKO moves are banned\n|rule|Evasion Items Clause: Evasion items are banned\n|rule|Evasion Moves Clause: Evasion moves are banned\n|rule|Endless Battle Clause: Forcing endless battles is banned\n|rule|HP Percentage Mod: HP is shown in percentages\n|rule|Evasion Abilities Clause: Evasion abilities are banned\n|rule|Sleep Moves Clause: Sleep-inducing moves are banned\n|clearpoke\n|poke|p1|Venonat, M|\n|poke|p1|Marill, F|\n|poke|p2|Frogadier, F|\n|poke|p2|Barboach, F|\n|teampreview\n|j|*Lady Monita \u2746\n|inactive|pogchimp970314 also wants the timer to be on.\n|\n|t:|1700126878\n|start\n|switch|p1a: Venonat|Venonat, M|100\/100\n|switch|p2a: Frogadier|Frogadier, F|100\/100\n|turn|1\n|\n|t:|1700126903\n|-terastallize|p2a: Frogadier|Water\n|move|p2a: Frogadier|Surf|p1a: Venonat\n|-damage|p1a: Venonat|63\/100\n|move|p1a: Venonat|Toxic|p2a: Frogadier\n|-status|p2a: Frogadier|tox\n|\n|-damage|p2a: Frogadier|94\/100 tox|[from] psn\n|upkeep\n|turn|2\n|\n|t:|1700126915\n|move|p1a: Venonat|Protect|p1a: Venonat\n|-singleturn|p1a: Venonat|Protect\n|move|p2a: Frogadier|Surf|p1a: Venonat\n|-activate|p1a: Venonat|move: Protect\n|\n|-damage|p2a: Frogadier|82\/100 tox|[from] psn\n|upkeep\n|turn|3\n|\n|t:|1700126925\n|move|p2a: Frogadier|U-turn|p1a: Venonat\n|-resisted|p1a: Venonat\n|-damage|p1a: Venonat|57\/100\n|\n|t:|1700126931\n|switch|p2a: Barboach|Barboach, F|100\/100|[from] U-turn\n|move|p1a: Venonat|Morning Sun|p1a: Venonat\n|-heal|p1a: Venonat|100\/100\n|\n|upkeep\n|turn|4\n|inactive|pogchimp970314 has 120 seconds left.\n|\n|t:|1700126970\n|move|p2a: Barboach|High Horsepower|p1a: Venonat\n|-start|p2a: Barboach|typechange|Ground|[from] ability: Protean\n|-damage|p1a: Venonat|67\/100\n|move|p1a: Venonat|Toxic|p2a: Barboach\n|-status|p2a: Barboach|tox\n|\n|-damage|p2a: Barboach|95\/100 tox|[from] psn\n|upkeep\n|turn|5\n|\n|t:|1700126986\n|switch|p2a: Frogadier|Frogadier, F, tera:Water|82\/100 tox\n|move|p1a: Venonat|Protect||[still]\n|-fail|p1a: Venonat\n|\n|-damage|p2a: Frogadier|76\/100 tox|[from] psn\n|upkeep\n|turn|6\n|\n|t:|1700126995\n|move|p1a: Venonat|Protect|p1a: Venonat\n|-singleturn|p1a: Venonat|Protect\n|move|p2a: Frogadier|Surf|p1a: Venonat\n|-activate|p1a: Venonat|move: Protect\n|\n|-damage|p2a: Frogadier|64\/100 tox|[from] psn\n|upkeep\n|turn|7\n|\n|t:|1700126998\n|move|p2a: Frogadier|Surf|p1a: Venonat\n|-damage|p1a: Venonat|31\/100\n|move|p1a: Venonat|Morning Sun|p1a: Venonat\n|-heal|p1a: Venonat|81\/100\n|\n|-damage|p2a: Frogadier|46\/100 tox|[from] psn\n|upkeep\n|turn|8\n|\n|t:|1700127002\n|move|p1a: Venonat|Protect|p1a: Venonat\n|-singleturn|p1a: Venonat|Protect\n|move|p2a: Frogadier|Surf|p1a: Venonat\n|-activate|p1a: Venonat|move: Protect\n|\n|-damage|p2a: Frogadier|22\/100 tox|[from] psn\n|upkeep\n|turn|9\n|c|\u2606pogchimp970314|dumbest finals ever\n|c|\u2606pogchimp970314|2 mons\n|\n|t:|1700127011\n|move|p2a: Frogadier|U-turn|p1a: Venonat\n|-resisted|p1a: Venonat\n|-damage|p1a: Venonat|75\/100\n|\n|t:|1700127015\n|switch|p2a: Barboach|Barboach, F|95\/100 tox|[from] U-turn\n|move|p1a: Venonat|Morning Sun|p1a: Venonat\n|-heal|p1a: Venonat|100\/100\n|\n|-damage|p2a: Barboach|89\/100 tox|[from] psn\n|upkeep\n|turn|10\n|\n|t:|1700127021\n|move|p1a: Venonat|Protect|p1a: Venonat\n|-singleturn|p1a: Venonat|Protect\n|move|p2a: Barboach|High Horsepower|p1a: Venonat\n|-start|p2a: Barboach|typechange|Ground|[from] ability: Protean\n|-activate|p1a: Venonat|move: Protect\n|\n|-damage|p2a: Barboach|77\/100 tox|[from] psn\n|upkeep\n|turn|11\n|\n|t:|1700127024\n|move|p2a: Barboach|Zen Headbutt|p1a: Venonat\n|-supereffective|p1a: Venonat\n|-damage|p1a: Venonat|58\/100\n|move|p1a: Venonat|Leech Life|p2a: Barboach\n|-damage|p2a: Barboach|40\/100 tox\n|-heal|p1a: Venonat|76\/100|[from] drain|[of] p2a: Barboach\n|\n|-damage|p2a: Barboach|22\/100 tox|[from] psn\n|upkeep\n|turn|12\n|\n|t:|1700127029\n|move|p1a: Venonat|Protect|p1a: Venonat\n|-singleturn|p1a: Venonat|Protect\n|move|p2a: Barboach|Zen Headbutt|p1a: Venonat\n|-activate|p1a: Venonat|move: Protect\n|\n|-damage|p2a: Barboach|0 fnt|[from] psn\n|faint|p2a: Barboach\n|upkeep\n|\n|t:|1700127032\n|switch|p2a: Frogadier|Frogadier, F, tera:Water|22\/100 tox\n|turn|13\n|\n|t:|1700127038\n|move|p2a: Frogadier|Surf|p1a: Venonat\n|-damage|p1a: Venonat|39\/100\n|move|p1a: Venonat|Leech Life|p2a: Frogadier\n|-damage|p2a: Frogadier|0 fnt\n|-heal|p1a: Venonat|48\/100|[from] drain|[of] p2a: Frogadier\n|faint|p2a: Frogadier\n|\n|win|pogchimp970314\n|n|\u2606pogchimp970314|pogchimp970314\n|n|\u2606Mimicry5|mimicry5\n|n|*Lady Monita \u2746|ladymonita\n","uploadtime":1700127039,"views":6,"p1id":"pogchimp970314","p2id":"mimicry5","formatid":"gen9ou","rating":0,"private":0,"password":""}