{"id":"gen9ou-2000666444","p1":"Leohard","p2":"Mr.X&Y97","format":"[Gen 9] OU","log":"|j|\u2606Leohard\n|j|\u2606Mr.X&Y97\n|t:|1701216430\n|gametype|singles\n|player|p1|Leohard|cynthia|1611\n|player|p2|Mr.X&Y97|marlon|1566\n|teamsize|p1|6\n|teamsize|p2|6\n|gen|9\n|tier|[Gen 9] OU\n|rated|\n|rule|Sleep Clause Mod: Limit one foe put to sleep\n|rule|Species Clause: Limit one of each Pok\u00e9mon\n|rule|OHKO Clause: OHKO moves are banned\n|rule|Evasion Items Clause: Evasion items are banned\n|rule|Evasion Moves Clause: Evasion moves are banned\n|rule|Endless Battle Clause: Forcing endless battles is banned\n|rule|HP Percentage Mod: HP is shown in percentages\n|clearpoke\n|poke|p1|Landorus-Therian, M|\n|poke|p1|Arcanine-Hisui, M|\n|poke|p1|Corviknight, M|\n|poke|p1|Ogerpon-Wellspring, F|\n|poke|p1|Thundurus-Therian, M|\n|poke|p1|Garchomp, M|\n|poke|p2|Zapdos-Galar|\n|poke|p2|Goodra-Hisui, F|\n|poke|p2|Weezing-Galar, M|\n|poke|p2|Garchomp, F|\n|poke|p2|Iron Jugulis|\n|poke|p2|Iron Valiant|\n|teampreview\n|inactive|Battle timer is ON: inactive players will automatically lose when time's up. (requested by Mr.X&Y97)\n|inactive|Leohard also wants the timer to be on.\n|\n|t:|1701216451\n|start\n|switch|p1a: Landorus|Landorus-Therian, M|100\/100\n|switch|p2a: Garchomp|Garchomp, F|100\/100\n|-ability|p1a: Landorus|Intimidate|boost\n|-unboost|p2a: Garchomp|atk|1\n|turn|1\n|\n|t:|1701216462\n|move|p2a: Garchomp|Stealth Rock|p1a: Landorus\n|-sidestart|p1: Leohard|move: Stealth Rock\n|move|p1a: Landorus|Earthquake|p2a: Garchomp\n|-damage|p2a: Garchomp|68\/100\n|\n|upkeep\n|turn|2\n|\n|t:|1701216474\n|switch|p2a: Weezing|Weezing-Galar, M|100\/100\n|move|p1a: Landorus|U-turn|p2a: Weezing\n|-resisted|p2a: Weezing\n|-damage|p2a: Weezing|97\/100\n|\n|t:|1701216479\n|switch|p1a: Corviknight|Corviknight, M|100\/100|[from] U-turn\n|-damage|p1a: Corviknight|88\/100|[from] Stealth Rock\n|-ability|p1a: Corviknight|Pressure\n|\n|upkeep\n|turn|3\n|\n|t:|1701216484\n|move|p2a: Weezing|Will-O-Wisp|p1a: Corviknight\n|-status|p1a: Corviknight|brn\n|move|p1a: Corviknight|Defog|p2a: Weezing\n|-unboost|p2a: Weezing|evasion|1\n|-sideend|p1: Leohard|Stealth Rock|[from] move: Defog|[of] p1a: Corviknight\n|\n|-damage|p1a: Corviknight|82\/100 brn|[from] brn\n|upkeep\n|turn|4\n|\n|t:|1701216495\n|switch|p2a: Garchomp|Garchomp, F|68\/100\n|move|p1a: Corviknight|U-turn|p2a: Garchomp\n|-damage|p2a: Garchomp|64\/100\n|-damage|p1a: Corviknight|70\/100 brn|[from] ability: Rough Skin|[of] p2a: Garchomp\n|-damage|p1a: Corviknight|53\/100 brn|[from] item: Rocky Helmet|[of] p2a: Garchomp\n|\n|t:|1701216505\n|switch|p1a: Garchomp|Garchomp, M|100\/100|[from] U-turn\n|\n|upkeep\n|turn|5\n|\n|t:|1701216523\n|switch|p1a: Landorus|Landorus-Therian, M|100\/100\n|-ability|p1a: Landorus|Intimidate|boost\n|-unboost|p2a: Garchomp|atk|1\n|move|p2a: Garchomp|Endure||[still]\n|-fail|p2a: Garchomp\n|\n|upkeep\n|turn|6\n|\n|t:|1701216537\n|move|p2a: Garchomp|Stealth Rock|p1a: Landorus\n|-sidestart|p1: Leohard|move: Stealth Rock\n|move|p1a: Landorus|Earthquake|p2a: Garchomp\n|-damage|p2a: Garchomp|36\/100\n|\n|upkeep\n|turn|7\n|\n|t:|1701216545\n|switch|p1a: Corviknight|Corviknight, M|53\/100 brn\n|-damage|p1a: Corviknight|41\/100 brn|[from] Stealth Rock\n|-ability|p1a: Corviknight|Pressure\n|move|p2a: Garchomp|Dragon Tail|p1a: Corviknight\n|-resisted|p1a: Corviknight\n|-damage|p1a: Corviknight|36\/100 brn\n|-damage|p2a: Garchomp|19\/100|[from] item: Rocky Helmet|[of] p1a: Corviknight\n|drag|p1a: Landorus|Landorus-Therian, M|100\/100\n|-damage|p1a: Landorus|88\/100|[from] Stealth Rock\n|-ability|p1a: Landorus|Intimidate|boost\n|-unboost|p2a: Garchomp|atk|1\n|\n|-heal|p1a: Landorus|94\/100|[from] item: Leftovers\n|upkeep\n|turn|8\n|\n|t:|1701216559\n|move|p2a: Garchomp|Endure|p2a: Garchomp\n|-singleturn|p2a: Garchomp|move: Endure\n|move|p1a: Landorus|Stealth Rock|p2a: Garchomp\n|-sidestart|p2: Mr.X&Y97|move: Stealth Rock\n|\n|-heal|p1a: Landorus|99\/100|[from] item: Leftovers\n|upkeep\n|turn|9\n|\n|t:|1701216568\n|move|p1a: Landorus|Earthquake|p2a: Garchomp\n|-damage|p2a: Garchomp|0 fnt\n|faint|p2a: Garchomp\n|\n|-heal|p1a: Landorus|100\/100|[from] item: Leftovers\n|upkeep\n|inactive|Mr.X&Y97 has 120 seconds left.\n|\n|t:|1701216600\n|switch|p2a: Iron Jugulis|Iron Jugulis|100\/100\n|-damage|p2a: Iron Jugulis|76\/100|[from] Stealth Rock\n|-enditem|p2a: Iron Jugulis|Booster Energy\n|-activate|p2a: Iron Jugulis|ability: Quark Drive|[fromitem]\n|-start|p2a: Iron Jugulis|quarkdrivespe\n|turn|10\n|\n|t:|1701216606\n|move|p2a: Iron Jugulis|Dark Pulse|p1a: Landorus\n|-damage|p1a: Landorus|69\/100\n|move|p1a: Landorus|U-turn|p2a: Iron Jugulis\n|-damage|p2a: Iron Jugulis|50\/100\n|\n|t:|1701216611\n|switch|p1a: Corviknight|Corviknight, M|36\/100 brn|[from] U-turn\n|-damage|p1a: Corviknight|24\/100 brn|[from] Stealth Rock\n|-ability|p1a: Corviknight|Pressure\n|\n|-damage|p1a: Corviknight|18\/100 brn|[from] brn\n|upkeep\n|turn|11\n|\n|t:|1701216617\n|move|p2a: Iron Jugulis|Dark Pulse|p1a: Corviknight\n|-damage|p1a: Corviknight|0 fnt\n|faint|p1a: Corviknight\n|\n|upkeep\n|\n|t:|1701216626\n|switch|p1a: Thundurus|Thundurus-Therian, M|100\/100\n|turn|12\n|\n|t:|1701216636\n|move|p2a: Iron Jugulis|Dark Pulse|p1a: Thundurus\n|-damage|p1a: Thundurus|45\/100\n|move|p1a: Thundurus|Volt Switch|p2a: Iron Jugulis\n|-supereffective|p2a: Iron Jugulis\n|-damage|p2a: Iron Jugulis|0 fnt\n|faint|p2a: Iron Jugulis\n|-end|p2a: Iron Jugulis|Quark Drive|[silent]\n|\n|t:|1701216646\n|switch|p1a: Landorus|Landorus-Therian, M|69\/100|[from] Volt Switch\n|-damage|p1a: Landorus|57\/100|[from] Stealth Rock\n|\n|-heal|p1a: Landorus|63\/100|[from] item: Leftovers\n|upkeep\n|inactive|Mr.X&Y97 has 120 seconds left.\n|\n|t:|1701216677\n|switch|p2a: Weezing|Weezing-Galar, M|97\/100\n|-damage|p2a: Weezing|85\/100|[from] Stealth Rock\n|turn|13\n|\n|t:|1701216682\n|move|p1a: Landorus|U-turn|p2a: Weezing\n|-resisted|p2a: Weezing\n|-damage|p2a: Weezing|81\/100\n|\n|t:|1701216686\n|switch|p1a: Thundurus|Thundurus-Therian, M|45\/100|[from] U-turn\n|move|p2a: Weezing|Will-O-Wisp|p1a: Thundurus\n|-status|p1a: Thundurus|brn\n|\n|-damage|p1a: Thundurus|39\/100 brn|[from] brn\n|upkeep\n|turn|14\n|\n|t:|1701216693\n|move|p1a: Thundurus|Nasty Plot|p1a: Thundurus\n|-boost|p1a: Thundurus|spa|2\n|move|p2a: Weezing|Strange Steam|p1a: Thundurus\n|-damage|p1a: Thundurus|0 fnt\n|faint|p1a: Thundurus\n|\n|upkeep\n|\n|t:|1701216703\n|switch|p1a: Arcanine|Arcanine-Hisui, M|100\/100\n|-damage|p1a: Arcanine|76\/100|[from] Stealth Rock\n|turn|15\n|\n|t:|1701216728\n|move|p1a: Arcanine|Flare Blitz|p2a: Weezing\n|-damage|p2a: Weezing|42\/100\n|move|p2a: Weezing|Strange Steam|p1a: Arcanine\n|-resisted|p1a: Arcanine\n|-damage|p1a: Arcanine|59\/100\n|\n|upkeep\n|turn|16\n|\n|t:|1701216739\n|move|p1a: Arcanine|Flare Blitz|p2a: Weezing\n|-damage|p2a: Weezing|1\/100\n|move|p2a: Weezing|Strange Steam|p1a: Arcanine\n|-resisted|p1a: Arcanine\n|-damage|p1a: Arcanine|44\/100\n|\n|upkeep\n|turn|17\n|-enditem|p2a: Weezing|Custap Berry|[eat]\n|-activate|p2a: Weezing|item: Custap Berry|[consumed]\n|\n|t:|1701216745\n|move|p2a: Weezing|Destiny Bond|p2a: Weezing\n|-singlemove|p2a: Weezing|Destiny Bond\n|move|p1a: Arcanine|Flare Blitz|p2a: Weezing\n|-damage|p2a: Weezing|0 fnt\n|faint|p2a: Weezing\n|-activate|p2a: Weezing|move: Destiny Bond\n|faint|p1a: Arcanine\n|\n|upkeep\n|\n|t:|1701216766\n|switch|p1a: Landorus|Landorus-Therian, M|63\/100\n|switch|p2a: Goodra|Goodra-Hisui, F|100\/100\n|-damage|p1a: Landorus|50\/100|[from] Stealth Rock\n|-ability|p1a: Landorus|Intimidate|boost\n|-unboost|p2a: Goodra|atk|1\n|-damage|p2a: Goodra|94\/100|[from] Stealth Rock\n|turn|18\n|\n|t:|1701216781\n|-terastallize|p2a: Goodra|Water\n|move|p1a: Landorus|Earthquake|p2a: Goodra\n|-damage|p2a: Goodra|46\/100\n|move|p2a: Goodra|Hydro Pump|p1a: Landorus|[miss]\n|-miss|p2a: Goodra|p1a: Landorus\n|\n|-heal|p1a: Landorus|56\/100|[from] item: Leftovers\n|upkeep\n|turn|19\n|\n|t:|1701216793\n|switch|p2a: Zapdos|Zapdos-Galar|100\/100\n|-damage|p2a: Zapdos|88\/100|[from] Stealth Rock\n|move|p1a: Landorus|Earthquake|p2a: Zapdos\n|-immune|p2a: Zapdos\n|\n|-heal|p1a: Landorus|62\/100|[from] item: Leftovers\n|upkeep\n|turn|20\n|\n|t:|1701216811\n|move|p2a: Zapdos|Thunderous Kick|p1a: Landorus\n|-resisted|p1a: Landorus\n|-damage|p1a: Landorus|36\/100\n|-unboost|p1a: Landorus|def|1\n|move|p1a: Landorus|U-turn|p2a: Zapdos\n|-resisted|p2a: Zapdos\n|-damage|p2a: Zapdos|82\/100\n|inactive|Leohard has 120 seconds left.\n|\n|t:|1701216842\n|switch|p1a: Ogerpon|Ogerpon-Wellspring, F|100\/100|[from] U-turn\n|-damage|p1a: Ogerpon|88\/100|[from] Stealth Rock\n|\n|upkeep\n|turn|21\n|inactive|Leohard has 120 seconds left.\n|\n|t:|1701216873\n|move|p2a: Zapdos|Thunderous Kick|p1a: Ogerpon\n|-damage|p1a: Ogerpon|26\/100\n|-unboost|p1a: Ogerpon|def|1\n|move|p1a: Ogerpon|Ivy Cudgel|p2a: Zapdos|[anim] Ivy Cudgel Water\n|-damage|p2a: Zapdos|10\/100\n|\n|upkeep\n|turn|22\n|\n|t:|1701216881\n|move|p2a: Zapdos|Thunderous Kick|p1a: Ogerpon\n|-damage|p1a: Ogerpon|0 fnt\n|faint|p1a: Ogerpon\n|\n|upkeep\n|inactive|Leohard has 90 seconds left.\n|inactive|Leohard has 60 seconds left.\n|\n|t:|1701216933\n|switch|p1a: Garchomp|Garchomp, M|100\/100\n|-damage|p1a: Garchomp|94\/100|[from] Stealth Rock\n|turn|23\n|inactive|Leohard has 60 seconds left.\n|\n|t:|1701216954\n|move|p2a: Zapdos|Thunderous Kick|p1a: Garchomp\n|-damage|p1a: Garchomp|42\/100\n|-unboost|p1a: Garchomp|def|1\n|-damage|p2a: Zapdos|0 fnt|[from] ability: Rough Skin|[of] p1a: Garchomp\n|faint|p2a: Zapdos\n|move|p1a: Garchomp|Substitute|p1a: Garchomp\n|-start|p1a: Garchomp|Substitute\n|-damage|p1a: Garchomp|17\/100\n|\n|upkeep\n|inactive|Mr.X&Y97 has 120 seconds left.\n|\n|t:|1701216989\n|switch|p2a: Iron Valiant|Iron Valiant|100\/100\n|-damage|p2a: Iron Valiant|94\/100|[from] Stealth Rock\n|-enditem|p2a: Iron Valiant|Booster Energy\n|-activate|p2a: Iron Valiant|ability: Quark Drive|[fromitem]\n|-start|p2a: Iron Valiant|quarkdrivespe\n|turn|24\n|inactive|Leohard has 60 seconds left.\n|\n|t:|1701216995\n|move|p2a: Iron Valiant|Psyshock|p1a: Garchomp\n|-end|p1a: Garchomp|Substitute\n|move|p1a: Garchomp|Earthquake|p2a: Iron Valiant\n|-damage|p2a: Iron Valiant|23\/100\n|\n|upkeep\n|turn|25\n|\n|t:|1701217002\n|move|p2a: Iron Valiant|Moonblast|p1a: Garchomp\n|-supereffective|p1a: Garchomp\n|-damage|p1a: Garchomp|0 fnt\n|faint|p1a: Garchomp\n|\n|upkeep\n|\n|t:|1701217006\n|switch|p1a: Landorus|Landorus-Therian, M|36\/100\n|-damage|p1a: Landorus|24\/100|[from] Stealth Rock\n|-ability|p1a: Landorus|Intimidate|boost\n|-unboost|p2a: Iron Valiant|atk|1\n|turn|26\n|-message|Leohard forfeited.\n|\n|win|Mr.X&Y97\n|raw|Leohard's rating: 1611 &rarr; <strong>1588<\/strong><br \/>(-23 for losing)\n|raw|Mr.X&amp;Y97's rating: 1566 &rarr; <strong>1589<\/strong><br \/>(+23 for winning)\n|l|\u2606Leohard\n|c|\u2606Mr.X&Y97|Ggs wp!\n","uploadtime":1701217019,"views":0,"p1id":"leohard","p2id":"mrxy97","formatid":"gen9ou","rating":1588,"private":0,"password":""}