{"id":"gen9ou-1991969229","p1":"JustinTheVirgin","p2":"qqqqqqqqweasd","format":"[Gen 9] OU","log":"|j|\u2606JustinTheVirgin\n|j|\u2606qqqqqqqqweasd\n|t:|1700143653\n|gametype|singles\n|player|p1|JustinTheVirgin|argenta|1153\n|player|p2|qqqqqqqqweasd|gentleman|1085\n|teamsize|p1|6\n|teamsize|p2|6\n|gen|9\n|tier|[Gen 9] OU\n|rated|\n|rule|Sleep Clause Mod: Limit one foe put to sleep\n|rule|Species Clause: Limit one of each Pok\u00e9mon\n|rule|OHKO Clause: OHKO moves are banned\n|rule|Evasion Items Clause: Evasion items are banned\n|rule|Evasion Moves Clause: Evasion moves are banned\n|rule|Endless Battle Clause: Forcing endless battles is banned\n|rule|HP Percentage Mod: HP is shown in percentages\n|clearpoke\n|poke|p1|Great Tusk|\n|poke|p1|Sneasler, M|\n|poke|p1|Ogerpon-Wellspring, F|\n|poke|p1|Zapdos|\n|poke|p1|Greninja-*, M|\n|poke|p1|Iron Moth|\n|poke|p2|Zapdos|\n|poke|p2|Slowking-Galar, F|\n|poke|p2|Perrserker, F|\n|poke|p2|Great Tusk|\n|poke|p2|Crawdaunt, M|\n|poke|p2|Mandibuzz, F|\n|teampreview\n|inactive|Battle timer is ON: inactive players will automatically lose when time's up. (requested by qqqqqqqqweasd)\n|\n|t:|1700143692\n|start\n|switch|p1a: Greninja|Greninja, M|100\/100\n|switch|p2a: Zapdos|Zapdos|100\/100\n|turn|1\n|inactive|JustinTheVirgin has 120 seconds left.\n|\n|t:|1700143734\n|switch|p1a: Great Tusk|Great Tusk|100\/100\n|move|p2a: Zapdos|Volt Switch|p1a: Great Tusk\n|-immune|p1a: Great Tusk\n|\n|upkeep\n|turn|2\n|\n|t:|1700143751\n|move|p1a: Great Tusk|Ice Spinner|p2a: Zapdos\n|-supereffective|p2a: Zapdos\n|-damage|p2a: Zapdos|52\/100\n|-status|p1a: Great Tusk|par|[from] ability: Static|[of] p2a: Zapdos\n|move|p2a: Zapdos|Hurricane|p1a: Great Tusk\n|-supereffective|p1a: Great Tusk\n|-damage|p1a: Great Tusk|0 fnt\n|faint|p1a: Great Tusk\n|-end|p1a: Great Tusk|Protosynthesis|[silent]\n|\n|upkeep\n|\n|t:|1700143761\n|switch|p1a: Greninja|Greninja, M|100\/100\n|turn|3\n|\n|t:|1700143765\n|move|p1a: Greninja|Ice Beam|p2a: Zapdos\n|-supereffective|p2a: Zapdos\n|-damage|p2a: Zapdos|3\/100\n|-damage|p1a: Greninja|91\/100|[from] item: Life Orb\n|move|p2a: Zapdos|Roost|p2a: Zapdos\n|-heal|p2a: Zapdos|53\/100\n|-singleturn|p2a: Zapdos|move: Roost\n|\n|upkeep\n|turn|4\n|inactive|JustinTheVirgin has 120 seconds left.\n|\n|t:|1700143782\n|switch|p1a: Sneasler|Sneasler, M, shiny|100\/100\n|move|p2a: Zapdos|Roost|p2a: Zapdos\n|-heal|p2a: Zapdos|100\/100\n|-singleturn|p2a: Zapdos|move: Roost\n|\n|upkeep\n|turn|5\n|inactive|JustinTheVirgin has 120 seconds left.\n|\n|t:|1700143789\n|move|p1a: Sneasler|Fling|p2a: Zapdos\n|-damage|p2a: Zapdos|51\/100\n|-enditem|p1a: Sneasler|Big Nugget|[from] move: Fling\n|move|p2a: Zapdos|Thunder Wave|p1a: Sneasler|[miss]\n|-miss|p2a: Zapdos|p1a: Sneasler\n|\n|upkeep\n|turn|6\n|inactive|JustinTheVirgin has 120 seconds left.\n|\n|t:|1700143801\n|move|p1a: Sneasler|Dire Claw|p2a: Zapdos\n|-damage|p2a: Zapdos|6\/100\n|-status|p2a: Zapdos|psn\n|move|p2a: Zapdos|Roost|p2a: Zapdos\n|-heal|p2a: Zapdos|56\/100 psn\n|-singleturn|p2a: Zapdos|move: Roost\n|\n|-damage|p2a: Zapdos|44\/100 psn|[from] psn\n|upkeep\n|turn|7\n|inactive|JustinTheVirgin has 120 seconds left.\n|\n|t:|1700143827\n|switch|p1a: Ogerpon|Ogerpon-Wellspring, F|100\/100\n|switch|p2a: Slowking|Slowking-Galar, F|100\/100\n|\n|upkeep\n|turn|8\n|\n|t:|1700143833\n|move|p1a: Ogerpon|Taunt|p2a: Slowking\n|-start|p2a: Slowking|move: Taunt\n|cant|p2a: Slowking|move: Taunt|Trick Room\n|\n|upkeep\n|turn|9\n|inactive|JustinTheVirgin has 120 seconds left.\n|\n|t:|1700143839\n|switch|p2a: Mandibuzz|Mandibuzz, F|100\/100\n|move|p1a: Ogerpon|Knock Off|p2a: Mandibuzz\n|-resisted|p2a: Mandibuzz\n|-damage|p2a: Mandibuzz|90\/100\n|-enditem|p2a: Mandibuzz|Heavy-Duty Boots|[from] move: Knock Off|[of] p1a: Ogerpon\n|\n|upkeep\n|turn|10\n|inactive|JustinTheVirgin has 120 seconds left.\n|\n|t:|1700143853\n|switch|p1a: Zapdos|Zapdos|100\/100\n|move|p2a: Mandibuzz|U-turn|p1a: Zapdos\n|-resisted|p1a: Zapdos\n|-damage|p1a: Zapdos|96\/100\n|-damage|p2a: Mandibuzz|74\/100|[from] item: Rocky Helmet|[of] p1a: Zapdos\n|-status|p2a: Mandibuzz|par|[from] ability: Static|[of] p1a: Zapdos\n|\n|t:|1700143866\n|switch|p2a: Slowking|Slowking-Galar, F|100\/100|[from] U-turn\n|\n|upkeep\n|turn|11\n|inactive|JustinTheVirgin has 120 seconds left.\n|\n|t:|1700143892\n|move|p1a: Zapdos|Thunderbolt|p2a: Slowking\n|-crit|p2a: Slowking\n|-damage|p2a: Slowking|51\/100\n|move|p2a: Slowking|Future Sight|p1a: Zapdos\n|-start|p2a: Slowking|move: Future Sight\n|\n|upkeep\n|turn|12\n|\n|t:|1700143899\n|move|p1a: Zapdos|Thunderbolt|p2a: Slowking\n|-damage|p2a: Slowking|21\/100\n|move|p2a: Slowking|Chilly Reception|p2a: Slowking\n|-weather|Snow\n|\n|t:|1700143919\n|switch|p2a: Perrserker|Perrserker, F|100\/100|[from] Chilly Reception\n|\n|-weather|Snow|[upkeep]\n|upkeep\n|turn|13\n|inactive|JustinTheVirgin has 120 seconds left.\n|\n|t:|1700143929\n|move|p1a: Zapdos|U-turn|p2a: Perrserker\n|-resisted|p2a: Perrserker\n|-damage|p2a: Perrserker|94\/100\n|\n|t:|1700143934\n|switch|p1a: Greninja|Greninja, M|91\/100|[from] U-turn\n|move|p2a: Perrserker|Gyro Ball|p1a: Greninja\n|-resisted|p1a: Greninja\n|-damage|p1a: Greninja|0 fnt\n|faint|p1a: Greninja\n|\n|-weather|Snow|[upkeep]\n|-hint|Future Sight did not hit because the target is fainted.\n|upkeep\n|inactive|JustinTheVirgin has 120 seconds left.\n|\n|t:|1700143950\n|switch|p1a: Iron Moth|Iron Moth|100\/100\n|-enditem|p1a: Iron Moth|Booster Energy\n|-activate|p1a: Iron Moth|ability: Quark Drive|[fromitem]\n|-start|p1a: Iron Moth|quarkdrivespe\n|turn|14\n|\n|t:|1700143962\n|move|p1a: Iron Moth|Fiery Dance|p2a: Perrserker\n|-supereffective|p2a: Perrserker\n|-damage|p2a: Perrserker|0 fnt\n|-boost|p1a: Iron Moth|spa|1\n|faint|p2a: Perrserker\n|\n|-weather|Snow|[upkeep]\n|upkeep\n|\n|t:|1700143980\n|switch|p2a: Slowking|Slowking-Galar, F|55\/100\n|turn|15\n|\n|t:|1700143986\n|move|p1a: Iron Moth|Psychic|p2a: Slowking\n|-damage|p2a: Slowking|18\/100\n|move|p2a: Slowking|Trick Room|p2a: Slowking\n|-fieldstart|move: Trick Room|[of] p2a: Slowking\n|\n|-weather|Snow|[upkeep]\n|upkeep\n|turn|16\n|\n|t:|1700143995\n|-terastallize|p1a: Iron Moth|Fairy\n|move|p2a: Slowking|Chilly Reception|p2a: Slowking\n|\n|t:|1700144006\n|switch|p2a: Zapdos|Zapdos|44\/100 psn|[from] Chilly Reception\n|move|p1a: Iron Moth|Fiery Dance|p2a: Zapdos\n|-damage|p2a: Zapdos|2\/100 psn\n|-boost|p1a: Iron Moth|spa|1\n|\n|-weather|none\n|-damage|p2a: Zapdos|0 fnt|[from] psn\n|faint|p2a: Zapdos\n|upkeep\n|\n|t:|1700144012\n|switch|p2a: Crawdaunt|Crawdaunt, M|100\/100\n|turn|17\n|\n|t:|1700144024\n|move|p2a: Crawdaunt|Crabhammer|p1a: Iron Moth\n|-damage|p1a: Iron Moth|0 fnt\n|faint|p1a: Iron Moth\n|-end|p1a: Iron Moth|Quark Drive|[silent]\n|\n|upkeep\n|\n|t:|1700144047\n|switch|p1a: Zapdos|Zapdos|96\/100\n|turn|18\n|\n|t:|1700144057\n|move|p2a: Crawdaunt|Crabhammer|p1a: Zapdos\n|-damage|p1a: Zapdos|15\/100\n|-damage|p2a: Crawdaunt|84\/100|[from] item: Rocky Helmet|[of] p1a: Zapdos\n|move|p1a: Zapdos|Thunderbolt|p2a: Crawdaunt\n|-supereffective|p2a: Crawdaunt\n|-damage|p2a: Crawdaunt|0 fnt\n|faint|p2a: Crawdaunt\n|\n|upkeep\n|\n|t:|1700144069\n|switch|p2a: Slowking|Slowking-Galar, F|51\/100\n|turn|19\n|\n|t:|1700144074\n|move|p2a: Slowking|Ice Beam|p1a: Zapdos\n|-supereffective|p1a: Zapdos\n|-damage|p1a: Zapdos|0 fnt\n|faint|p1a: Zapdos\n|\n|-fieldend|move: Trick Room\n|upkeep\n|\n|t:|1700144082\n|switch|p1a: Sneasler|Sneasler, M, shiny|100\/100\n|turn|20\n|\n|t:|1700144092\n|move|p1a: Sneasler|Fling||[still]\n|-fail|p1a: Sneasler\n|move|p2a: Slowking|Future Sight|p1a: Sneasler\n|-start|p2a: Slowking|move: Future Sight\n|\n|upkeep\n|turn|21\n|-message|JustinTheVirgin forfeited.\n|\n|win|qqqqqqqqweasd\n|raw|JustinTheVirgin's rating: 1153 &rarr; <strong>1123<\/strong><br \/>(-30 for losing)\n|raw|qqqqqqqqweasd's rating: 1085 &rarr; <strong>1118<\/strong><br \/>(+33 for winning)\n|l|\u2606JustinTheVirgin\n","uploadtime":1700144102,"views":11,"p1id":"justinthevirgin","p2id":"qqqqqqqqweasd","formatid":"gen9ou","rating":1118,"private":0,"password":""}