{"id":"gen9ou-1997282974","p1":"FlameWolf26","p2":"Senhor de Canavial","format":"[Gen 9] OU","log":"|j|\u2606FlameWolf26\n|j|\u2606Senhor de Canavial\n|t:|1700784363\n|gametype|singles\n|player|p1|FlameWolf26|sabrina-lgpe|\n|player|p2|Senhor de Canavial|ghetsis-gen5bw|\n|teamsize|p1|6\n|teamsize|p2|6\n|gen|9\n|tier|[Gen 9] OU\n|rule|Sleep Clause Mod: Limit one foe put to sleep\n|rule|Species Clause: Limit one of each Pok\u00e9mon\n|rule|OHKO Clause: OHKO moves are banned\n|rule|Evasion Items Clause: Evasion items are banned\n|rule|Evasion Moves Clause: Evasion moves are banned\n|rule|Endless Battle Clause: Forcing endless battles is banned\n|rule|HP Percentage Mod: HP is shown in percentages\n|clearpoke\n|poke|p1|Mew|\n|poke|p1|Ceruledge, M|\n|poke|p1|Sneasel, F|\n|poke|p1|Crocalor, M|\n|poke|p1|Tatsugiri-Droopy, M|\n|poke|p1|Fezandipiti, M|\n|poke|p2|Iron Thorns|\n|poke|p2|Krookodile, F|\n|poke|p2|Quagsire, M|\n|poke|p2|Bronzong|\n|poke|p2|Sylveon, M|\n|poke|p2|Salamence, M|\n|teampreview\n|\n|t:|1700784439\n|start\n|switch|p1a: Minha filhas|Tatsugiri-Droopy, M|100\/100\n|switch|p2a: Krookodile|Krookodile, F|100\/100\n|turn|1\n|\n|t:|1700784456\n|move|p2a: Krookodile|Knock Off|p1a: Minha filhas\n|-damage|p1a: Minha filhas|17\/100\n|-enditem|p1a: Minha filhas|Wise Glasses|[from] move: Knock Off|[of] p2a: Krookodile\n|move|p1a: Minha filhas|Surf|p2a: Krookodile\n|-supereffective|p2a: Krookodile\n|-damage|p2a: Krookodile|0 fnt\n|faint|p2a: Krookodile\n|\n|upkeep\n|\n|t:|1700784481\n|switch|p2a: Bronzong|Bronzong|100\/100\n|turn|2\n|\n|t:|1700784496\n|switch|p1a: Mew|Mew, shiny|100\/100\n|move|p2a: Bronzong|Stealth Rock|p1a: Mew\n|-sidestart|p1: FlameWolf26|move: Stealth Rock\n|\n|upkeep\n|turn|3\n|\n|t:|1700784506\n|move|p1a: Mew|Taunt|p2a: Bronzong\n|-start|p2a: Bronzong|move: Taunt\n|move|p2a: Bronzong|Night Shade|p1a: Mew\n|-damage|p1a: Mew|76\/100\n|\n|-heal|p1a: Mew|82\/100|[from] item: Leftovers\n|upkeep\n|turn|4\n|\n|t:|1700784531\n|switch|p2a: Quagsire|Quagsire, M|100\/100\n|move|p1a: Mew|Toxic Spikes|p2a: Quagsire\n|-sidestart|p2: Senhor de Canavial|move: Toxic Spikes\n|\n|-heal|p1a: Mew|88\/100|[from] item: Leftovers\n|upkeep\n|turn|5\n|\n|t:|1700784552\n|move|p1a: Mew|Spikes|p2a: Quagsire\n|-sidestart|p2: Senhor de Canavial|Spikes\n|move|p2a: Quagsire|Liquidation|p1a: Mew\n|-crit|p1a: Mew\n|-damage|p1a: Mew|54\/100\n|-unboost|p1a: Mew|def|1\n|\n|-heal|p1a: Mew|60\/100|[from] item: Leftovers\n|upkeep\n|turn|6\n|c|\u2606FlameWolf26|foda\n|\n|t:|1700784577\n|switch|p1a: Minha filhas|Tatsugiri-Droopy, M|17\/100\n|-damage|p1a: Minha filhas|5\/100|[from] Stealth Rock\n|move|p2a: Quagsire|Spikes|p1a: Minha filhas\n|-sidestart|p1: FlameWolf26|Spikes\n|\n|upkeep\n|turn|7\n|\n|t:|1700784591\n|switch|p2a: Bronzong|Bronzong|100\/100\n|-damage|p2a: Bronzong|88\/100|[from] Spikes\n|move|p1a: Minha filhas|Rapid Spin|p2a: Bronzong\n|-resisted|p2a: Bronzong\n|-damage|p2a: Bronzong|85\/100\n|-boost|p1a: Minha filhas|spe|1\n|-damage|p1a: Minha filhas|0 fnt|[from] item: Rocky Helmet|[of] p2a: Bronzong\n|faint|p1a: Minha filhas\n|\n|upkeep\n|\n|t:|1700784626\n|switch|p1a: Mew|Mew, shiny|60\/100\n|-damage|p1a: Mew|48\/100|[from] Stealth Rock\n|-damage|p1a: Mew|35\/100|[from] Spikes\n|turn|8\n|\n|t:|1700784642\n|move|p1a: Mew|Knock Off|p2a: Bronzong\n|-supereffective|p2a: Bronzong\n|-damage|p2a: Bronzong|43\/100\n|-damage|p1a: Mew|19\/100|[from] item: Rocky Helmet|[of] p2a: Bronzong\n|-enditem|p2a: Bronzong|Rocky Helmet|[from] move: Knock Off|[of] p1a: Mew\n|move|p2a: Bronzong|Calm Mind|p2a: Bronzong\n|-boost|p2a: Bronzong|spa|1\n|-boost|p2a: Bronzong|spd|1\n|\n|-heal|p1a: Mew|25\/100|[from] item: Leftovers\n|upkeep\n|turn|9\n|\n|t:|1700784669\n|move|p1a: Mew|Toxic Spikes|p2a: Bronzong\n|-sidestart|p2: Senhor de Canavial|move: Toxic Spikes\n|move|p2a: Bronzong|Night Shade|p1a: Mew\n|-damage|p1a: Mew|0 fnt\n|faint|p1a: Mew\n|\n|upkeep\n|\n|t:|1700784747\n|switch|p1a: Crocalor|Crocalor, M|100\/100\n|-damage|p1a: Crocalor|76\/100|[from] Stealth Rock\n|-damage|p1a: Crocalor|63\/100|[from] Spikes\n|turn|10\n|\n|t:|1700784771\n|move|p1a: Crocalor|Slack Off|p1a: Crocalor\n|-heal|p1a: Crocalor|100\/100\n|move|p2a: Bronzong|Night Shade|p1a: Crocalor\n|-damage|p1a: Crocalor|73\/100\n|\n|upkeep\n|turn|11\n|\n|t:|1700784783\n|move|p1a: Crocalor|Will-O-Wisp|p2a: Bronzong|[miss]\n|-miss|p1a: Crocalor|p2a: Bronzong\n|move|p2a: Bronzong|Night Shade|p1a: Crocalor\n|-damage|p1a: Crocalor|46\/100\n|\n|upkeep\n|turn|12\n|\n|t:|1700784788\n|move|p1a: Crocalor|Slack Off|p1a: Crocalor\n|-heal|p1a: Crocalor|96\/100\n|move|p2a: Bronzong|Night Shade|p1a: Crocalor\n|-damage|p1a: Crocalor|68\/100\n|\n|upkeep\n|turn|13\n|\n|t:|1700784798\n|move|p1a: Crocalor|Flamethrower|p2a: Bronzong\n|-supereffective|p2a: Bronzong\n|-damage|p2a: Bronzong|23\/100\n|move|p2a: Bronzong|Night Shade|p1a: Crocalor\n|-damage|p1a: Crocalor|41\/100\n|\n|upkeep\n|turn|14\n|\n|t:|1700784806\n|move|p1a: Crocalor|Slack Off|p1a: Crocalor\n|-heal|p1a: Crocalor|91\/100\n|move|p2a: Bronzong|Night Shade|p1a: Crocalor\n|-damage|p1a: Crocalor|64\/100\n|\n|upkeep\n|turn|15\n|\n|t:|1700784810\n|move|p1a: Crocalor|Will-O-Wisp|p2a: Bronzong\n|-status|p2a: Bronzong|brn\n|move|p2a: Bronzong|Night Shade|p1a: Crocalor\n|-damage|p1a: Crocalor|36\/100\n|\n|-damage|p2a: Bronzong|20\/100 brn|[from] brn\n|upkeep\n|turn|16\n|\n|t:|1700784814\n|move|p1a: Crocalor|Slack Off|p1a: Crocalor\n|-heal|p1a: Crocalor|87\/100\n|move|p2a: Bronzong|Night Shade|p1a: Crocalor\n|-damage|p1a: Crocalor|59\/100\n|\n|-damage|p2a: Bronzong|17\/100 brn|[from] brn\n|upkeep\n|turn|17\n|\n|t:|1700784841\n|move|p1a: Crocalor|Flamethrower|p2a: Bronzong\n|-supereffective|p2a: Bronzong\n|-damage|p2a: Bronzong|0 fnt\n|faint|p2a: Bronzong\n|\n|upkeep\n|\n|t:|1700784856\n|switch|p2a: Iron Thorns|Iron Thorns|100\/100\n|-status|p2a: Iron Thorns|tox\n|-damage|p2a: Iron Thorns|88\/100 tox|[from] Spikes\n|-enditem|p2a: Iron Thorns|Booster Energy\n|-activate|p2a: Iron Thorns|ability: Quark Drive|[fromitem]\n|-start|p2a: Iron Thorns|quarkdriveatk\n|turn|18\n|\n|t:|1700784889\n|-terastallize|p1a: Crocalor|Water\n|move|p2a: Iron Thorns|Dragon Dance|p2a: Iron Thorns\n|-boost|p2a: Iron Thorns|atk|1\n|-boost|p2a: Iron Thorns|spe|1\n|move|p1a: Crocalor|Roar|p2a: Iron Thorns\n|-end|p2a: Iron Thorns|Quark Drive|[silent]\n|drag|p2a: N DA TERAAA|Salamence, M|100\/100\n|\n|upkeep\n|turn|19\n|\n|t:|1700784906\n|move|p2a: N DA TERAAA|Earthquake|p1a: Crocalor\n|-damage|p1a: Crocalor|36\/100\n|move|p1a: Crocalor|Slack Off|p1a: Crocalor\n|-heal|p1a: Crocalor|87\/100\n|\n|upkeep\n|turn|20\n|\n|t:|1700784914\n|switch|p2a: Iron Thorns|Iron Thorns|88\/100 tox\n|-damage|p2a: Iron Thorns|76\/100 tox|[from] Spikes\n|move|p1a: Crocalor|Will-O-Wisp|p2a: Iron Thorns|[miss]\n|-miss|p1a: Crocalor|p2a: Iron Thorns\n|\n|-damage|p2a: Iron Thorns|70\/100 tox|[from] psn\n|upkeep\n|turn|21\n|\n|t:|1700784931\n|move|p2a: Iron Thorns|Wild Charge|p1a: Crocalor\n|-supereffective|p1a: Crocalor\n|-damage|p1a: Crocalor|29\/100\n|-damage|p2a: Iron Thorns|54\/100 tox|[from] Recoil\n|move|p1a: Crocalor|Roar|p2a: Iron Thorns\n|-end|p2a: Iron Thorns|Quark Drive|[silent]\n|drag|p2a: Quagsire|Quagsire, M|100\/100\n|-status|p2a: Quagsire|tox\n|-damage|p2a: Quagsire|88\/100 tox|[from] Spikes\n|\n|-heal|p2a: Quagsire|94\/100 tox|[from] item: Leftovers\n|-damage|p2a: Quagsire|88\/100 tox|[from] psn\n|upkeep\n|turn|22\n|\n|t:|1700784944\n|move|p1a: Crocalor|Slack Off|p1a: Crocalor\n|-heal|p1a: Crocalor|79\/100\n|move|p2a: Quagsire|Toxic|p1a: Crocalor\n|-status|p1a: Crocalor|tox\n|\n|-heal|p2a: Quagsire|94\/100 tox|[from] item: Leftovers\n|-damage|p1a: Crocalor|73\/100 tox|[from] psn\n|-damage|p2a: Quagsire|82\/100 tox|[from] psn\n|upkeep\n|turn|23\n|\n|t:|1700784963\n|switch|p1a: Fezandipiti|Fezandipiti, M|100\/100\n|-damage|p1a: Fezandipiti|88\/100|[from] Stealth Rock\n|-damage|p1a: Fezandipiti|76\/100|[from] Spikes\n|move|p2a: Quagsire|Spikes|p1a: Fezandipiti\n|-sidestart|p1: FlameWolf26|Spikes\n|\n|-heal|p1a: Fezandipiti|82\/100|[from] item: Leftovers\n|-heal|p2a: Quagsire|88\/100 tox|[from] item: Leftovers\n|-damage|p2a: Quagsire|70\/100 tox|[from] psn\n|upkeep\n|turn|24\n|\n|t:|1700784975\n|move|p1a: Fezandipiti|Poison Jab|p2a: Quagsire\n|-resisted|p2a: Quagsire\n|-damage|p2a: Quagsire|61\/100 tox\n|move|p2a: Quagsire|Liquidation|p1a: Fezandipiti\n|-damage|p1a: Fezandipiti|62\/100\n|\n|-heal|p1a: Fezandipiti|68\/100|[from] item: Leftovers\n|-heal|p2a: Quagsire|68\/100 tox|[from] item: Leftovers\n|-damage|p2a: Quagsire|43\/100 tox|[from] psn\n|upkeep\n|turn|25\n|\n|t:|1700785001\n|move|p1a: Fezandipiti|Tera Blast|p2a: Quagsire\n|-damage|p2a: Quagsire|29\/100 tox\n|move|p2a: Quagsire|Recover|p2a: Quagsire\n|-heal|p2a: Quagsire|79\/100 tox\n|\n|-heal|p1a: Fezandipiti|74\/100|[from] item: Leftovers\n|-heal|p2a: Quagsire|85\/100 tox|[from] item: Leftovers\n|-damage|p2a: Quagsire|55\/100 tox|[from] psn\n|upkeep\n|turn|26\n|\n|t:|1700785010\n|switch|p2a: Iron Thorns|Iron Thorns|54\/100 tox\n|-damage|p2a: Iron Thorns|42\/100 tox|[from] Spikes\n|move|p1a: Fezandipiti|Tera Blast|p2a: Iron Thorns\n|-resisted|p2a: Iron Thorns\n|-damage|p2a: Iron Thorns|35\/100 tox\n|\n|-heal|p1a: Fezandipiti|80\/100|[from] item: Leftovers\n|-damage|p2a: Iron Thorns|29\/100 tox|[from] psn\n|upkeep\n|turn|27\n|\n|t:|1700785048\n|move|p1a: Fezandipiti|Roost|p1a: Fezandipiti\n|-heal|p1a: Fezandipiti|100\/100\n|-singleturn|p1a: Fezandipiti|move: Roost\n|move|p2a: Iron Thorns|Wild Charge|p1a: Fezandipiti\n|-damage|p1a: Fezandipiti|55\/100\n|-damage|p2a: Iron Thorns|16\/100 tox|[from] Recoil\n|\n|-heal|p1a: Fezandipiti|61\/100|[from] item: Leftovers\n|-damage|p2a: Iron Thorns|4\/100 tox|[from] psn\n|upkeep\n|turn|28\n|\n|t:|1700785056\n|move|p1a: Fezandipiti|Poison Jab|p2a: Iron Thorns\n|-resisted|p2a: Iron Thorns\n|-damage|p2a: Iron Thorns|0 fnt\n|faint|p2a: Iron Thorns\n|-end|p2a: Iron Thorns|Quark Drive|[silent]\n|\n|-heal|p1a: Fezandipiti|67\/100|[from] item: Leftovers\n|upkeep\n|\n|t:|1700785069\n|switch|p2a: N DA TERAAA|Salamence, M|100\/100\n|turn|29\n|\n|t:|1700785105\n|move|p2a: N DA TERAAA|Dragon Dance|p2a: N DA TERAAA\n|-boost|p2a: N DA TERAAA|atk|1\n|-boost|p2a: N DA TERAAA|spe|1\n|move|p1a: Fezandipiti|U-turn|p2a: N DA TERAAA\n|-resisted|p2a: N DA TERAAA\n|-damage|p2a: N DA TERAAA|91\/100\n|-status|p2a: N DA TERAAA|tox|[from] ability: Toxic Chain|[of] p1a: Fezandipiti\n|\n|t:|1700785109\n|switch|p1a: Crocalor|Crocalor, M, tera:Water|73\/100 tox|[from] U-turn\n|-damage|p1a: Crocalor|61\/100 tox|[from] Stealth Rock\n|-damage|p1a: Crocalor|44\/100 tox|[from] Spikes\n|\n|-damage|p2a: N DA TERAAA|85\/100 tox|[from] psn\n|-damage|p1a: Crocalor|38\/100 tox|[from] psn\n|upkeep\n|turn|30\n|\n|t:|1700785137\n|move|p2a: N DA TERAAA|Outrage|p1a: Crocalor\n|-damage|p1a: Crocalor|0 fnt\n|faint|p1a: Crocalor\n|-ability|p2a: N DA TERAAA|Moxie|boost\n|-boost|p2a: N DA TERAAA|atk|1\n|\n|-damage|p2a: N DA TERAAA|73\/100 tox|[from] psn\n|upkeep\n|\n|t:|1700785151\n|switch|p1a: Sneasel|Sneasel, F, shiny|100\/100\n|-damage|p1a: Sneasel|76\/100|[from] Stealth Rock\n|-damage|p1a: Sneasel|59\/100|[from] Spikes\n|turn|31\n|\n|t:|1700785158\n|move|p1a: Sneasel|Ice Shard|p2a: N DA TERAAA\n|-supereffective|p2a: N DA TERAAA\n|-damage|p2a: N DA TERAAA|0 fnt\n|faint|p2a: N DA TERAAA\n|-damage|p1a: Sneasel|50\/100|[from] item: Life Orb\n|\n|upkeep\n|\n|t:|1700785170\n|switch|p2a: Sylveon|Sylveon, M|100\/100\n|-status|p2a: Sylveon|tox\n|-damage|p2a: Sylveon|88\/100 tox|[from] Spikes\n|turn|32\n|\n|t:|1700785196\n|move|p1a: Sneasel|Knock Off|p2a: Sylveon\n|-resisted|p2a: Sylveon\n|-damage|p2a: Sylveon|54\/100 tox\n|-enditem|p2a: Sylveon|Leftovers|[from] move: Knock Off|[of] p1a: Sneasel\n|-damage|p1a: Sneasel|40\/100|[from] item: Life Orb\n|move|p2a: Sylveon|Calm Mind|p2a: Sylveon\n|-boost|p2a: Sylveon|spa|1\n|-boost|p2a: Sylveon|spd|1\n|\n|-damage|p2a: Sylveon|48\/100 tox|[from] psn\n|upkeep\n|turn|33\n|\n|t:|1700785223\n|-terastallize|p2a: Sylveon|Rock\n|move|p1a: Sneasel|Tera Blast|p2a: Sylveon\n|-resisted|p2a: Sylveon\n|-damage|p2a: Sylveon|46\/100 tox\n|-damage|p1a: Sneasel|30\/100|[from] item: Life Orb\n|move|p2a: Sylveon|Tera Blast|p1a: Sneasel|[anim] Tera Blast Rock\n|-supereffective|p1a: Sneasel\n|-damage|p1a: Sneasel|0 fnt\n|faint|p1a: Sneasel\n|\n|-damage|p2a: Sylveon|33\/100 tox|[from] psn\n|upkeep\n|c|\u2606Senhor de Canavial|bom jogo\n|c|\u2606Senhor de Canavial|pena q crocalor \u00e9 mt quente\n|c|\u2606FlameWolf26|\u00e9 que ele tem o sombrero n\u00e9 ayayaya\n|\n|t:|1700785295\n|switch|p1a: Ceruledge|Ceruledge, M|100\/100\n|-damage|p1a: Ceruledge|76\/100|[from] Stealth Rock\n|-damage|p1a: Ceruledge|59\/100|[from] Spikes\n|turn|34\n|c|\u2606Senhor de Canavial|\u00e9 foda\n|\n|t:|1700785316\n|move|p1a: Ceruledge|Shadow Sneak|p2a: Sylveon\n|-damage|p2a: Sylveon|7\/100 tox\n|move|p2a: Sylveon|Tera Blast|p1a: Ceruledge|[anim] Tera Blast Rock\n|-supereffective|p1a: Ceruledge\n|-damage|p1a: Ceruledge|0 fnt\n|faint|p1a: Ceruledge\n|\n|-damage|p2a: Sylveon|0 fnt|[from] psn\n|faint|p2a: Sylveon\n|upkeep\n|\n|t:|1700785330\n|switch|p1a: Fezandipiti|Fezandipiti, M|67\/100\n|switch|p2a: Quagsire|Quagsire, M|55\/100 tox\n|-damage|p1a: Fezandipiti|54\/100|[from] Stealth Rock\n|-damage|p1a: Fezandipiti|38\/100|[from] Spikes\n|-damage|p2a: Quagsire|42\/100 tox|[from] Spikes\n|turn|35\n|\n|t:|1700785341\n|move|p1a: Fezandipiti|Roost|p1a: Fezandipiti\n|-heal|p1a: Fezandipiti|88\/100\n|-singleturn|p1a: Fezandipiti|move: Roost\n|move|p2a: Quagsire|Recover|p2a: Quagsire\n|-heal|p2a: Quagsire|92\/100 tox\n|\n|-heal|p1a: Fezandipiti|94\/100|[from] item: Leftovers\n|-heal|p2a: Quagsire|98\/100 tox|[from] item: Leftovers\n|-damage|p2a: Quagsire|92\/100 tox|[from] psn\n|upkeep\n|turn|36\n|\n|t:|1700785358\n|move|p1a: Fezandipiti|Tera Blast|p2a: Quagsire\n|-damage|p2a: Quagsire|76\/100 tox\n|move|p2a: Quagsire|Liquidation|p1a: Fezandipiti\n|-damage|p1a: Fezandipiti|71\/100\n|\n|-heal|p1a: Fezandipiti|78\/100|[from] item: Leftovers\n|-heal|p2a: Quagsire|82\/100 tox|[from] item: Leftovers\n|-damage|p2a: Quagsire|70\/100 tox|[from] psn\n|upkeep\n|turn|37\n|c|\u2606FlameWolf26|o tera rock me surpreendeu\n|\n|t:|1700785368\n|move|p1a: Fezandipiti|Tera Blast|p2a: Quagsire\n|-damage|p2a: Quagsire|54\/100 tox\n|move|p2a: Quagsire|Liquidation|p1a: Fezandipiti\n|-damage|p1a: Fezandipiti|56\/100\n|-unboost|p1a: Fezandipiti|def|1\n|\n|-heal|p1a: Fezandipiti|62\/100|[from] item: Leftovers\n|-heal|p2a: Quagsire|60\/100 tox|[from] item: Leftovers\n|-damage|p2a: Quagsire|41\/100 tox|[from] psn\n|upkeep\n|turn|38\n|\n|t:|1700785378\n|move|p1a: Fezandipiti|Roost|p1a: Fezandipiti\n|-heal|p1a: Fezandipiti|100\/100\n|-singleturn|p1a: Fezandipiti|move: Roost\n|move|p2a: Quagsire|Recover|p2a: Quagsire\n|-heal|p2a: Quagsire|91\/100 tox\n|\n|-heal|p2a: Quagsire|97\/100 tox|[from] item: Leftovers\n|-damage|p2a: Quagsire|73\/100 tox|[from] psn\n|upkeep\n|turn|39\n|c|\u2606Senhor de Canavial|uahau\n|c|\u2606Senhor de Canavial|o crocalor e o sneasel tbm\n|\n|t:|1700785403\n|move|p1a: Fezandipiti|Tera Blast|p2a: Quagsire\n|-damage|p2a: Quagsire|59\/100 tox\n|move|p2a: Quagsire|Liquidation|p1a: Fezandipiti\n|-damage|p1a: Fezandipiti|78\/100\n|\n|-heal|p1a: Fezandipiti|84\/100|[from] item: Leftovers\n|-heal|p2a: Quagsire|65\/100 tox|[from] item: Leftovers\n|-damage|p2a: Quagsire|34\/100 tox|[from] psn\n|upkeep\n|turn|40\n|\n|t:|1700785413\n|move|p1a: Fezandipiti|Tera Blast|p2a: Quagsire\n|-damage|p2a: Quagsire|18\/100 tox\n|move|p2a: Quagsire|Recover|p2a: Quagsire\n|-heal|p2a: Quagsire|68\/100 tox\n|\n|-heal|p1a: Fezandipiti|90\/100|[from] item: Leftovers\n|-heal|p2a: Quagsire|74\/100 tox|[from] item: Leftovers\n|-damage|p2a: Quagsire|38\/100 tox|[from] psn\n|upkeep\n|turn|41\n|\n|t:|1700785419\n|move|p1a: Fezandipiti|Tera Blast|p2a: Quagsire\n|-damage|p2a: Quagsire|22\/100 tox\n|move|p2a: Quagsire|Liquidation|p1a: Fezandipiti\n|-damage|p1a: Fezandipiti|70\/100\n|\n|-heal|p1a: Fezandipiti|76\/100|[from] item: Leftovers\n|-heal|p2a: Quagsire|28\/100 tox|[from] item: Leftovers\n|-damage|p2a: Quagsire|0 fnt|[from] psn\n|faint|p2a: Quagsire\n|\n|win|FlameWolf26\n|upkeep\n|c|\u2606FlameWolf26|jogasso\n|c|\u2606FlameWolf26|gg\n","uploadtime":1700785431,"views":14,"p1id":"flamewolf26","p2id":"senhordecanavial","formatid":"gen9ou","rating":0,"private":0,"password":""}