{"id":"gen9ou-1996973578","p1":"Alyselle","p2":"Vixen 4 Life","format":"[Gen 9] OU","log":"|j|\u2606Alyselle\n|j|\u2606Vixen 4 Life\n|t:|1700751364\n|gametype|singles\n|player|p1|Alyselle|dawn|1328\n|player|p2|Vixen 4 Life|penny|1378\n|teamsize|p1|6\n|teamsize|p2|6\n|gen|9\n|tier|[Gen 9] OU\n|rated|\n|rule|Sleep Clause Mod: Limit one foe put to sleep\n|rule|Species Clause: Limit one of each Pok\u00e9mon\n|rule|OHKO Clause: OHKO moves are banned\n|rule|Evasion Items Clause: Evasion items are banned\n|rule|Evasion Moves Clause: Evasion moves are banned\n|rule|Endless Battle Clause: Forcing endless battles is banned\n|rule|HP Percentage Mod: HP is shown in percentages\n|clearpoke\n|poke|p1|Tyranitar, F|\n|poke|p1|Clefable, F|\n|poke|p1|Garganacl, F|\n|poke|p1|Gholdengo|\n|poke|p1|Sinistcha|\n|poke|p1|Great Tusk|\n|poke|p2|Toxapex, M|\n|poke|p2|Clodsire, F|\n|poke|p2|Corviknight, M|\n|poke|p2|Skeledirge, M|\n|poke|p2|Slowbro-Galar, F|\n|poke|p2|Ting-Lu|\n|teampreview\n|inactive|Battle timer is ON: inactive players will automatically lose when time's up. (requested by Alyselle)\n|\n|t:|1700751377\n|start\n|switch|p1a: Tyranitar|Tyranitar, F, shiny|100\/100\n|switch|p2a: El Cantante|Skeledirge, M, shiny|100\/100\n|-weather|Sandstorm|[from] ability: Sand Stream|[of] p1a: Tyranitar\n|turn|1\n|\n|t:|1700751380\n|move|p2a: El Cantante|Will-O-Wisp|p1a: Tyranitar\n|-status|p1a: Tyranitar|brn\n|move|p1a: Tyranitar|Knock Off|p2a: El Cantante\n|-supereffective|p2a: El Cantante\n|-damage|p2a: El Cantante|67\/100\n|-enditem|p2a: El Cantante|Leftovers|[from] move: Knock Off|[of] p1a: Tyranitar\n|\n|-weather|Sandstorm|[upkeep]\n|-damage|p2a: El Cantante|61\/100|[from] Sandstorm\n|-damage|p1a: Tyranitar|94\/100 brn|[from] brn\n|upkeep\n|turn|2\n|\n|t:|1700751385\n|move|p2a: El Cantante|Torch Song|p1a: Tyranitar\n|-resisted|p1a: Tyranitar\n|-damage|p1a: Tyranitar|89\/100 brn\n|-boost|p2a: El Cantante|spa|1\n|move|p1a: Tyranitar|Stone Edge|p2a: El Cantante\n|-supereffective|p2a: El Cantante\n|-damage|p2a: El Cantante|27\/100\n|\n|-weather|Sandstorm|[upkeep]\n|-damage|p2a: El Cantante|21\/100|[from] Sandstorm\n|-damage|p1a: Tyranitar|83\/100 brn|[from] brn\n|upkeep\n|turn|3\n|\n|t:|1700751388\n|move|p2a: El Cantante|Slack Off|p2a: El Cantante\n|-heal|p2a: El Cantante|71\/100\n|move|p1a: Tyranitar|Stone Edge|p2a: El Cantante|[miss]\n|-miss|p1a: Tyranitar|p2a: El Cantante\n|\n|-weather|Sandstorm|[upkeep]\n|-damage|p2a: El Cantante|65\/100|[from] Sandstorm\n|-damage|p1a: Tyranitar|76\/100 brn|[from] brn\n|upkeep\n|turn|4\n|\n|t:|1700751402\n|move|p2a: El Cantante|Torch Song|p1a: Tyranitar\n|-resisted|p1a: Tyranitar\n|-damage|p1a: Tyranitar|68\/100 brn\n|-boost|p2a: El Cantante|spa|1\n|move|p1a: Tyranitar|Ice Beam|p2a: El Cantante\n|-resisted|p2a: El Cantante\n|-damage|p2a: El Cantante|55\/100\n|\n|-weather|Sandstorm|[upkeep]\n|-damage|p2a: El Cantante|49\/100|[from] Sandstorm\n|-damage|p1a: Tyranitar|62\/100 brn|[from] brn\n|upkeep\n|turn|5\n|\n|t:|1700751410\n|switch|p1a: Garganacl|Garganacl, F|100\/100\n|move|p2a: El Cantante|Slack Off|p2a: El Cantante\n|-heal|p2a: El Cantante|99\/100\n|\n|-weather|none\n|upkeep\n|turn|6\n|\n|t:|1700751413\n|move|p2a: El Cantante|Earth Power|p1a: Garganacl\n|-supereffective|p1a: Garganacl\n|-damage|p1a: Garganacl|17\/100\n|-unboost|p1a: Garganacl|spd|1\n|move|p1a: Garganacl|Salt Cure|p2a: El Cantante\n|-supereffective|p2a: El Cantante\n|-damage|p2a: El Cantante|81\/100\n|-start|p2a: El Cantante|Salt Cure\n|\n|-damage|p2a: El Cantante|69\/100|[from] Salt Cure\n|upkeep\n|turn|7\n|\n|t:|1700751417\n|switch|p1a: Tyranitar|Tyranitar, F, shiny|62\/100 brn\n|-weather|Sandstorm|[from] ability: Sand Stream|[of] p1a: Tyranitar\n|move|p2a: El Cantante|Torch Song|p1a: Tyranitar\n|-resisted|p1a: Tyranitar\n|-damage|p1a: Tyranitar|52\/100 brn\n|-boost|p2a: El Cantante|spa|1\n|\n|-weather|Sandstorm|[upkeep]\n|-damage|p2a: El Cantante|63\/100|[from] Sandstorm\n|-damage|p1a: Tyranitar|46\/100 brn|[from] brn\n|-damage|p2a: El Cantante|50\/100|[from] Salt Cure\n|upkeep\n|turn|8\n|\n|t:|1700751421\n|switch|p2a: Ting-Lu Reaction|Ting-Lu|100\/100\n|-ability|p2a: Ting-Lu Reaction|Vessel of Ruin\n|move|p1a: Tyranitar|Knock Off|p2a: Ting-Lu Reaction\n|-resisted|p2a: Ting-Lu Reaction\n|-damage|p2a: Ting-Lu Reaction|94\/100\n|-enditem|p2a: Ting-Lu Reaction|Choice Band|[from] move: Knock Off|[of] p1a: Tyranitar\n|\n|-weather|Sandstorm|[upkeep]\n|-damage|p1a: Tyranitar|40\/100 brn|[from] brn\n|upkeep\n|turn|9\n|\n|t:|1700751431\n|switch|p1a: Clefable|Clefable, F|100\/100\n|move|p2a: Ting-Lu Reaction|Earthquake|p1a: Clefable\n|-damage|p1a: Clefable|65\/100\n|\n|-weather|Sandstorm|[upkeep]\n|-heal|p1a: Clefable|71\/100|[from] item: Leftovers\n|upkeep\n|turn|10\n|\n|t:|1700751439\n|move|p1a: Clefable|Wish|p1a: Clefable\n|move|p2a: Ting-Lu Reaction|Heavy Slam|p1a: Clefable\n|-supereffective|p1a: Clefable\n|-damage|p1a: Clefable|18\/100\n|\n|-weather|Sandstorm|[upkeep]\n|-heal|p1a: Clefable|24\/100|[from] item: Leftovers\n|upkeep\n|turn|11\n|\n|t:|1700751447\n|move|p1a: Clefable|Protect|p1a: Clefable\n|-singleturn|p1a: Clefable|Protect\n|move|p2a: Ting-Lu Reaction|Earthquake|p1a: Clefable\n|-activate|p1a: Clefable|move: Protect\n|\n|-weather|none\n|-heal|p1a: Clefable|74\/100|[from] move: Wish|[wisher] Clefable\n|-heal|p1a: Clefable|80\/100|[from] item: Leftovers\n|upkeep\n|turn|12\n|\n|t:|1700751459\n|switch|p2a: Slowbro|Slowbro-Galar, F|100\/100\n|move|p1a: Clefable|Stealth Rock|p2a: Slowbro\n|-sidestart|p2: Vixen 4 Life|move: Stealth Rock\n|\n|-heal|p1a: Clefable|86\/100|[from] item: Leftovers\n|upkeep\n|turn|13\n|-activate|p2a: Slowbro|item: Quick Claw\n|\n|t:|1700751463\n|move|p2a: Slowbro|Substitute|p2a: Slowbro\n|-start|p2a: Slowbro|Substitute\n|-damage|p2a: Slowbro|76\/100\n|move|p1a: Clefable|Wish|p1a: Clefable\n|\n|-heal|p1a: Clefable|92\/100|[from] item: Leftovers\n|upkeep\n|turn|14\n|\n|t:|1700751473\n|switch|p1a: Garganacl|Garganacl, F|17\/100\n|move|p2a: Slowbro|Belly Drum|p2a: Slowbro\n|-damage|p2a: Slowbro|26\/100\n|-setboost|p2a: Slowbro|atk|6|[from] move: Belly Drum\n|\n|-heal|p1a: Garganacl|66\/100|[from] move: Wish|[wisher] Clefable\n|upkeep\n|turn|15\n|-activate|p2a: Slowbro|item: Quick Claw\n|\n|t:|1700751481\n|move|p2a: Slowbro|Drain Punch|p1a: Garganacl\n|-supereffective|p1a: Garganacl\n|-crit|p1a: Garganacl\n|-damage|p1a: Garganacl|0 fnt\n|-heal|p2a: Slowbro|60\/100|[from] drain|[of] p1a: Garganacl\n|faint|p1a: Garganacl\n|\n|upkeep\n|\n|t:|1700751492\n|switch|p1a: Tyranitar|Tyranitar, F, shiny|40\/100 brn\n|-weather|Sandstorm|[from] ability: Sand Stream|[of] p1a: Tyranitar\n|turn|16\n|\n|t:|1700751496\n|-terastallize|p2a: Slowbro|Fighting\n|move|p1a: Tyranitar|Heavy Slam|p2a: Slowbro\n|-activate|p2a: Slowbro|move: Substitute|[damage]\n|move|p2a: Slowbro|Drain Punch|p1a: Tyranitar\n|-supereffective|p1a: Tyranitar\n|-damage|p1a: Tyranitar|0 fnt\n|-heal|p2a: Slowbro|80\/100|[from] drain|[of] p1a: Tyranitar\n|faint|p1a: Tyranitar\n|\n|-weather|Sandstorm|[upkeep]\n|-damage|p2a: Slowbro|74\/100|[from] Sandstorm\n|upkeep\n|\n|t:|1700751510\n|switch|p1a: Great Tusk|Great Tusk|100\/100\n|turn|17\n|\n|t:|1700751516\n|move|p1a: Great Tusk|Close Combat|p2a: Slowbro\n|-end|p2a: Slowbro|Substitute\n|-unboost|p1a: Great Tusk|def|1\n|-unboost|p1a: Great Tusk|spd|1\n|move|p2a: Slowbro|Drain Punch|p1a: Great Tusk\n|-damage|p1a: Great Tusk|0 fnt\n|-heal|p2a: Slowbro|100\/100|[from] drain|[of] p1a: Great Tusk\n|faint|p1a: Great Tusk\n|-end|p1a: Great Tusk|Protosynthesis|[silent]\n|\n|-weather|Sandstorm|[upkeep]\n|-damage|p2a: Slowbro|94\/100|[from] Sandstorm\n|upkeep\n|\n|t:|1700751520\n|switch|p1a: Gholdengo|Gholdengo|100\/100\n|-item|p1a: Gholdengo|Air Balloon\n|turn|18\n|\n|t:|1700751525\n|switch|p2a: Ting-Lu Reaction|Ting-Lu|94\/100\n|-damage|p2a: Ting-Lu Reaction|88\/100|[from] Stealth Rock\n|-ability|p2a: Ting-Lu Reaction|Vessel of Ruin\n|move|p1a: Gholdengo|Thunder Wave|p2a: Ting-Lu Reaction\n|-immune|p2a: Ting-Lu Reaction\n|\n|-weather|Sandstorm|[upkeep]\n|upkeep\n|turn|19\n|-message|Alyselle forfeited.\n|\n|win|Vixen 4 Life\n|raw|Alyselle's rating: 1328 &rarr; <strong>1311<\/strong><br \/>(-17 for losing)\n|raw|Vixen 4 Life's rating: 1378 &rarr; <strong>1395<\/strong><br \/>(+17 for winning)\n|l|\u2606Alyselle\n","uploadtime":1700751534,"views":0,"p1id":"alyselle","p2id":"vixen4life","formatid":"gen9ou","rating":1311,"private":0,"password":""}