{"id":"gen9ou-1996830737","p1":"Dreamkos","p2":"Foxight","format":"[Gen 9] OU","log":"|j|\u2606Dreamkos\n|j|\u2606Foxight\n|t:|1700732246\n|gametype|singles\n|player|p1|Dreamkos|caitlin|1486\n|player|p2|Foxight|n|1476\n|teamsize|p1|6\n|teamsize|p2|6\n|gen|9\n|tier|[Gen 9] OU\n|rated|\n|rule|Sleep Clause Mod: Limit one foe put to sleep\n|rule|Species Clause: Limit one of each Pok\u00e9mon\n|rule|OHKO Clause: OHKO moves are banned\n|rule|Evasion Items Clause: Evasion items are banned\n|rule|Evasion Moves Clause: Evasion moves are banned\n|rule|Endless Battle Clause: Forcing endless battles is banned\n|rule|HP Percentage Mod: HP is shown in percentages\n|clearpoke\n|poke|p1|Glimmora, M|\n|poke|p1|Gholdengo|\n|poke|p1|Ogerpon-Wellspring, F|\n|poke|p1|Kingambit, M|\n|poke|p1|Iron Moth|\n|poke|p1|Enamorus, F|\n|poke|p2|Iron Treads|\n|poke|p2|Kingambit, F|\n|poke|p2|Pelipper, F|\n|poke|p2|Amoonguss, M|\n|poke|p2|Basculegion, M|\n|poke|p2|Manaphy|\n|teampreview\n|inactive|Battle timer is ON: inactive players will automatically lose when time's up. (requested by Foxight)\n|\n|t:|1700732254\n|start\n|switch|p1a: Rin|Glimmora, M|100\/100\n|switch|p2a: Pelipper|Pelipper, F|100\/100\n|-weather|RainDance|[from] ability: Drizzle|[of] p2a: Pelipper\n|turn|1\n|\n|t:|1700732265\n|switch|p2a: Manaphy|Manaphy|100\/100\n|move|p1a: Rin|Stealth Rock|p2a: Manaphy\n|-sidestart|p2: Foxight|move: Stealth Rock\n|\n|-weather|RainDance|[upkeep]\n|upkeep\n|turn|2\n|\n|t:|1700732274\n|switch|p1a: Suika|Ogerpon-Wellspring, F|100\/100\n|move|p2a: Manaphy|Tail Glow|p2a: Manaphy\n|-boost|p2a: Manaphy|spa|3\n|\n|-weather|RainDance|[upkeep]\n|upkeep\n|turn|3\n|\n|t:|1700732290\n|switch|p2a: Iron Treads|Iron Treads|100\/100\n|-damage|p2a: Iron Treads|98\/100|[from] Stealth Rock\n|move|p1a: Suika|Encore||[still]\n|-fail|p1a: Suika\n|\n|-weather|RainDance|[upkeep]\n|-heal|p2a: Iron Treads|100\/100|[from] item: Leftovers\n|upkeep\n|turn|4\n|\n|t:|1700732304\n|switch|p1a: Fafnir|Gholdengo|100\/100\n|-item|p1a: Fafnir|Air Balloon\n|-end|p2a: Iron Treads|Quark Drive|[silent]\n|switch|p2a: Pelipper|Pelipper, F|100\/100\n|-damage|p2a: Pelipper|76\/100|[from] Stealth Rock\n|\n|-weather|RainDance|[upkeep]\n|upkeep\n|turn|5\n|\n|t:|1700732316\n|switch|p1a: Rin|Glimmora, M|100\/100\n|move|p2a: Pelipper|U-turn|p1a: Rin\n|-resisted|p1a: Rin\n|-damage|p1a: Rin|95\/100\n|-activate|p1a: Rin|ability: Toxic Debris\n|-sidestart|p2: Foxight|move: Toxic Spikes\n|\n|t:|1700732323\n|switch|p2a: Iron Treads|Iron Treads|100\/100|[from] U-turn\n|-damage|p2a: Iron Treads|98\/100|[from] Stealth Rock\n|\n|-weather|RainDance|[upkeep]\n|-heal|p2a: Iron Treads|100\/100|[from] item: Leftovers\n|upkeep\n|turn|6\n|\n|t:|1700732333\n|switch|p1a: Fafnir|Gholdengo|100\/100\n|-item|p1a: Fafnir|Air Balloon\n|move|p2a: Iron Treads|Rapid Spin|p1a: Fafnir\n|-immune|p1a: Fafnir\n|\n|-weather|RainDance|[upkeep]\n|upkeep\n|turn|7\n|\n|t:|1700732343\n|move|p2a: Iron Treads|Knock Off|p1a: Fafnir\n|-supereffective|p1a: Fafnir\n|-damage|p1a: Fafnir|47\/100\n|-enditem|p1a: Fafnir|Air Balloon\n|move|p1a: Fafnir|Shadow Ball|p2a: Iron Treads\n|-damage|p2a: Iron Treads|48\/100\n|\n|-weather|RainDance|[upkeep]\n|-heal|p2a: Iron Treads|54\/100|[from] item: Leftovers\n|upkeep\n|turn|8\n|\n|t:|1700732353\n|move|p2a: Iron Treads|Earthquake|p1a: Fafnir\n|-supereffective|p1a: Fafnir\n|-damage|p1a: Fafnir|0 fnt\n|faint|p1a: Fafnir\n|\n|-weather|none\n|-heal|p2a: Iron Treads|60\/100|[from] item: Leftovers\n|upkeep\n|\n|t:|1700732360\n|switch|p1a: Enforcer N\u00b0IV|Iron Moth|100\/100\n|-enditem|p1a: Enforcer N\u00b0IV|Booster Energy\n|-activate|p1a: Enforcer N\u00b0IV|ability: Quark Drive|[fromitem]\n|-start|p1a: Enforcer N\u00b0IV|quarkdrivespe\n|turn|9\n|\n|t:|1700732374\n|-end|p2a: Iron Treads|Quark Drive|[silent]\n|switch|p2a: Pelipper|Pelipper, F|76\/100\n|-damage|p2a: Pelipper|51\/100|[from] Stealth Rock\n|-weather|RainDance|[from] ability: Drizzle|[of] p2a: Pelipper\n|move|p1a: Enforcer N\u00b0IV|Substitute|p1a: Enforcer N\u00b0IV\n|-start|p1a: Enforcer N\u00b0IV|Substitute\n|-damage|p1a: Enforcer N\u00b0IV|76\/100\n|\n|-weather|RainDance|[upkeep]\n|upkeep\n|turn|10\n|\n|t:|1700732384\n|move|p1a: Enforcer N\u00b0IV|Sludge Wave|p2a: Pelipper\n|-damage|p2a: Pelipper|0 fnt\n|faint|p2a: Pelipper\n|\n|-weather|RainDance|[upkeep]\n|upkeep\n|\n|t:|1700732398\n|switch|p2a: Iron Treads|Iron Treads|60\/100\n|-damage|p2a: Iron Treads|57\/100|[from] Stealth Rock\n|turn|11\n|\n|t:|1700732404\n|move|p1a: Enforcer N\u00b0IV|Fiery Dance|p2a: Iron Treads\n|-supereffective|p2a: Iron Treads\n|-damage|p2a: Iron Treads|13\/100\n|-boost|p1a: Enforcer N\u00b0IV|spa|1\n|move|p2a: Iron Treads|Earthquake|p1a: Enforcer N\u00b0IV\n|-supereffective|p1a: Enforcer N\u00b0IV\n|-end|p1a: Enforcer N\u00b0IV|Substitute\n|\n|-weather|RainDance|[upkeep]\n|-heal|p2a: Iron Treads|19\/100|[from] item: Leftovers\n|upkeep\n|turn|12\n|\n|t:|1700732414\n|move|p1a: Enforcer N\u00b0IV|Fiery Dance|p2a: Iron Treads\n|-supereffective|p2a: Iron Treads\n|-damage|p2a: Iron Treads|0 fnt\n|-boost|p1a: Enforcer N\u00b0IV|spa|1\n|faint|p2a: Iron Treads\n|-end|p2a: Iron Treads|Quark Drive|[silent]\n|\n|-weather|RainDance|[upkeep]\n|upkeep\n|\n|t:|1700732421\n|switch|p2a: Basculegion|Basculegion, M|100\/100\n|-damage|p2a: Basculegion|88\/100|[from] Stealth Rock\n|-status|p2a: Basculegion|psn\n|turn|13\n|\n|t:|1700732431\n|-end|p1a: Enforcer N\u00b0IV|Quark Drive|[silent]\n|switch|p1a: Rin|Glimmora, M|95\/100\n|move|p2a: Basculegion|Liquidation|p1a: Rin\n|-supereffective|p1a: Rin\n|-damage|p1a: Rin|0 fnt\n|-activate|p1a: Rin|ability: Toxic Debris\n|-sidestart|p2: Foxight|move: Toxic Spikes\n|faint|p1a: Rin\n|\n|-weather|RainDance|[upkeep]\n|-damage|p2a: Basculegion|76\/100 psn|[from] psn\n|upkeep\n|\n|t:|1700732442\n|switch|p1a: Suika|Ogerpon-Wellspring, F|100\/100\n|turn|14\n|\n|t:|1700732450\n|switch|p2a: Amoonguss|Amoonguss, M|100\/100\n|-damage|p2a: Amoonguss|88\/100|[from] Stealth Rock\n|-sideend|p2: Foxight|move: Toxic Spikes|[of] p2a: Amoonguss\n|move|p1a: Suika|Swords Dance|p1a: Suika\n|-boost|p1a: Suika|atk|2\n|\n|-weather|RainDance|[upkeep]\n|upkeep\n|turn|15\n|\n|t:|1700732461\n|switch|p1a: Dusk|Kingambit, M|100\/100\n|-activate|p1a: Dusk|ability: Supreme Overlord\n|-start|p1a: Dusk|fallen2|[silent]\n|move|p2a: Amoonguss|Foul Play|p1a: Dusk\n|-resisted|p1a: Dusk\n|-damage|p1a: Dusk|86\/100\n|\n|-weather|RainDance|[upkeep]\n|upkeep\n|turn|16\n|\n|t:|1700732475\n|move|p1a: Dusk|Kowtow Cleave|p2a: Amoonguss\n|-damage|p2a: Amoonguss|29\/100\n|-enditem|p2a: Amoonguss|Eject Button\n|\n|t:|1700732489\n|switch|p2a: Manaphy|Manaphy|100\/100\n|-damage|p2a: Manaphy|88\/100|[from] Stealth Rock\n|\n|-weather|none\n|-heal|p2a: Manaphy|94\/100|[from] item: Leftovers\n|upkeep\n|turn|17\n|\n|t:|1700732503\n|move|p2a: Manaphy|Surf|p1a: Dusk\n|-damage|p1a: Dusk|46\/100\n|move|p1a: Dusk|Kowtow Cleave|p2a: Manaphy\n|-damage|p2a: Manaphy|24\/100\n|\n|-heal|p2a: Manaphy|30\/100|[from] item: Leftovers\n|upkeep\n|turn|18\n|\n|t:|1700732512\n|move|p1a: Dusk|Sucker Punch||[still]\n|-fail|p1a: Dusk\n|move|p2a: Manaphy|Tail Glow|p2a: Manaphy\n|-boost|p2a: Manaphy|spa|3\n|\n|-heal|p2a: Manaphy|36\/100|[from] item: Leftovers\n|upkeep\n|turn|19\n|\n|t:|1700732525\n|move|p1a: Dusk|Sucker Punch|p2a: Manaphy\n|-crit|p2a: Manaphy\n|-damage|p2a: Manaphy|0 fnt\n|faint|p2a: Manaphy\n|\n|upkeep\n|\n|t:|1700732531\n|switch|p2a: Kingambit|Kingambit, F|100\/100\n|-damage|p2a: Kingambit|94\/100|[from] Stealth Rock\n|-activate|p2a: Kingambit|ability: Supreme Overlord\n|-start|p2a: Kingambit|fallen3|[silent]\n|turn|20\n|\n|t:|1700732542\n|-end|p1a: Dusk|fallen2|[silent]\n|switch|p1a: Aphrodite|Enamorus, F|100\/100\n|-terastallize|p2a: Kingambit|Flying\n|move|p2a: Kingambit|Swords Dance|p2a: Kingambit\n|-boost|p2a: Kingambit|atk|2\n|\n|-heal|p2a: Kingambit|100\/100|[from] item: Leftovers\n|upkeep\n|turn|21\n|\n|t:|1700732552\n|move|p1a: Aphrodite|Moonblast|p2a: Kingambit\n|-damage|p2a: Kingambit|47\/100\n|-unboost|p2a: Kingambit|spa|1\n|move|p2a: Kingambit|Kowtow Cleave|p1a: Aphrodite\n|-resisted|p1a: Aphrodite\n|-damage|p1a: Aphrodite|0 fnt\n|faint|p1a: Aphrodite\n|\n|-heal|p2a: Kingambit|53\/100|[from] item: Leftovers\n|upkeep\n|\n|t:|1700732565\n|switch|p1a: Dusk|Kingambit, M|46\/100\n|-activate|p1a: Dusk|ability: Supreme Overlord\n|-start|p1a: Dusk|fallen3|[silent]\n|turn|22\n|\n|t:|1700732575\n|move|p1a: Dusk|Sucker Punch|p2a: Kingambit\n|-damage|p2a: Kingambit|0 fnt\n|faint|p2a: Kingambit\n|-end|p2a: Kingambit|fallen3|[silent]\n|\n|upkeep\n|-message|Foxight forfeited.\n|\n|win|Dreamkos\n|raw|Dreamkos's rating: 1486 &rarr; <strong>1505<\/strong><br \/>(+19 for winning)\n|raw|Foxight's rating: 1476 &rarr; <strong>1457<\/strong><br \/>(-19 for losing)\n|l|\u2606Foxight\n|c|\u2606Dreamkos|gg !\n","uploadtime":1700732602,"views":17,"p1id":"dreamkos","p2id":"foxight","formatid":"gen9ou","rating":1457,"private":0,"password":""}