{"id":"gen9ou-1999511747","p1":"PressurizedByWall","p2":"Ace 999999999","format":"[Gen 9] OU","log":"|j|\u2606PressurizedByWall\n|j|\u2606Ace 999999999\n|t:|1701090949\n|gametype|singles\n|player|p1|PressurizedByWall|birdkeeper-gen4dp|1458\n|player|p2|Ace 999999999|nate|1462\n|teamsize|p1|6\n|teamsize|p2|6\n|gen|9\n|tier|[Gen 9] OU\n|rated|\n|rule|Sleep Clause Mod: Limit one foe put to sleep\n|rule|Species Clause: Limit one of each Pok\u00e9mon\n|rule|OHKO Clause: OHKO moves are banned\n|rule|Evasion Items Clause: Evasion items are banned\n|rule|Evasion Moves Clause: Evasion moves are banned\n|rule|Endless Battle Clause: Forcing endless battles is banned\n|rule|HP Percentage Mod: HP is shown in percentages\n|clearpoke\n|poke|p1|Kingambit, M|\n|poke|p1|Zapdos|\n|poke|p1|Corviknight, M|\n|poke|p1|Clodsire, F|\n|poke|p1|Dondozo, M|\n|poke|p1|Garganacl, F|\n|poke|p2|Ting-Lu|\n|poke|p2|Rillaboom, M|\n|poke|p2|Samurott-Hisui, F|\n|poke|p2|Great Tusk|\n|poke|p2|Gholdengo|\n|poke|p2|Cinderace, M|\n|teampreview\n|inactive|Battle timer is ON: inactive players will automatically lose when time's up. (requested by PressurizedByWall)\n|\n|t:|1701090959\n|start\n|switch|p1a: Knight Pressure|Corviknight, M, shiny|100\/100\n|switch|p2a: Samurott|Samurott-Hisui, F|100\/100\n|-ability|p1a: Knight Pressure|Pressure\n|turn|1\n|\n|t:|1701090966\n|switch|p2a: Gholdengo|Gholdengo|100\/100\n|move|p1a: Knight Pressure|Brave Bird|p2a: Gholdengo\n|-resisted|p2a: Gholdengo\n|-damage|p2a: Gholdengo|86\/100\n|-damage|p1a: Knight Pressure|96\/100|[from] Recoil\n|\n|-heal|p2a: Gholdengo|92\/100|[from] item: Leftovers\n|-heal|p1a: Knight Pressure|100\/100|[from] item: Leftovers\n|upkeep\n|turn|2\n|\n|t:|1701090973\n|switch|p1a: Lord Pressure|Zapdos, shiny|100\/100\n|-ability|p1a: Lord Pressure|Pressure\n|move|p2a: Gholdengo|Shadow Ball|p1a: Lord Pressure\n|-damage|p1a: Lord Pressure|58\/100\n|-unboost|p1a: Lord Pressure|spd|1\n|\n|-heal|p2a: Gholdengo|98\/100|[from] item: Leftovers\n|upkeep\n|turn|3\n|\n|t:|1701090982\n|switch|p1a: DefenderOfTheWall|Clodsire, F, shiny|100\/100\n|move|p2a: Gholdengo|Shadow Ball|p1a: DefenderOfTheWall\n|-damage|p1a: DefenderOfTheWall|80\/100\n|\n|-heal|p2a: Gholdengo|100\/100|[from] item: Leftovers\n|upkeep\n|turn|4\n|c|\u2606PressurizedByWall|grosse chatte\n|c|\u2606PressurizedByWall|fdp\n|\n|t:|1701091003\n|switch|p2a: Samurott|Samurott-Hisui, F|100\/100\n|switch|p1a: King Pressure|Kingambit, M, shiny|100\/100\n|-ability|p1a: King Pressure|Pressure\n|\n|upkeep\n|turn|5\n|\n|t:|1701091014\n|switch|p1a: Knight Pressure|Corviknight, M, shiny|100\/100\n|-ability|p1a: Knight Pressure|Pressure\n|move|p2a: Samurott|Ceaseless Edge|p1a: Knight Pressure\n|-damage|p1a: Knight Pressure|73\/100\n|-sidestart|p1: PressurizedByWall|Spikes\n|\n|-heal|p1a: Knight Pressure|79\/100|[from] item: Leftovers\n|upkeep\n|turn|6\n|\n|t:|1701091022\n|switch|p2a: Gholdengo|Gholdengo|100\/100\n|move|p1a: Knight Pressure|Defog|p2a: Gholdengo\n|-immune|p2a: Gholdengo|[from] ability: Good as Gold\n|\n|-heal|p1a: Knight Pressure|85\/100|[from] item: Leftovers\n|upkeep\n|turn|7\n|\n|t:|1701091029\n|switch|p1a: King Pressure|Kingambit, M, shiny|100\/100\n|-damage|p1a: King Pressure|88\/100|[from] Spikes\n|-ability|p1a: King Pressure|Pressure\n|move|p2a: Gholdengo|Shadow Ball|p1a: King Pressure\n|-resisted|p1a: King Pressure\n|-crit|p1a: King Pressure\n|-damage|p1a: King Pressure|69\/100\n|\n|-heal|p1a: King Pressure|75\/100|[from] item: Leftovers\n|upkeep\n|turn|8\n|\n|t:|1701091036\n|switch|p2a: Great Tusk|Great Tusk|100\/100\n|move|p1a: King Pressure|Substitute|p1a: King Pressure\n|-start|p1a: King Pressure|Substitute\n|-damage|p1a: King Pressure|50\/100\n|\n|-heal|p1a: King Pressure|56\/100|[from] item: Leftovers\n|upkeep\n|turn|9\n|\n|t:|1701091039\n|move|p1a: King Pressure|Protect|p1a: King Pressure\n|-singleturn|p1a: King Pressure|Protect\n|move|p2a: Great Tusk|Stealth Rock|p1a: King Pressure\n|-sidestart|p1: PressurizedByWall|move: Stealth Rock\n|\n|-heal|p1a: King Pressure|63\/100|[from] item: Leftovers\n|upkeep\n|turn|10\n|\n|t:|1701091042\n|-end|p2a: Great Tusk|Protosynthesis|[silent]\n|switch|p2a: Ting-Lu|Ting-Lu|100\/100\n|-ability|p2a: Ting-Lu|Vessel of Ruin\n|move|p1a: King Pressure|Swords Dance|p1a: King Pressure\n|-boost|p1a: King Pressure|atk|2\n|\n|-heal|p1a: King Pressure|69\/100|[from] item: Leftovers\n|upkeep\n|turn|11\n|\n|t:|1701091045\n|move|p1a: King Pressure|Kowtow Cleave|p2a: Ting-Lu\n|-resisted|p2a: Ting-Lu\n|-damage|p2a: Ting-Lu|79\/100\n|move|p2a: Ting-Lu|Whirlwind|p1a: King Pressure\n|drag|p1a: DefenderOfTheWall|Clodsire, F, shiny|80\/100\n|\n|-heal|p2a: Ting-Lu|86\/100|[from] item: Leftovers\n|upkeep\n|turn|12\n|\n|t:|1701091051\n|switch|p1a: Knight Pressure|Corviknight, M, shiny|85\/100\n|-damage|p1a: Knight Pressure|73\/100|[from] Stealth Rock\n|-ability|p1a: Knight Pressure|Pressure\n|move|p2a: Ting-Lu|Earthquake|p1a: Knight Pressure\n|-immune|p1a: Knight Pressure\n|\n|-heal|p1a: Knight Pressure|79\/100|[from] item: Leftovers\n|-heal|p2a: Ting-Lu|92\/100|[from] item: Leftovers\n|upkeep\n|turn|13\n|\n|t:|1701091055\n|switch|p1a: DefenderOfTheWall|Clodsire, F, shiny|80\/100\n|switch|p2a: Gholdengo|Gholdengo|100\/100\n|\n|upkeep\n|turn|14\n|\n|t:|1701091075\n|switch|p2a: Samurott|Samurott-Hisui, F|100\/100\n|move|p1a: DefenderOfTheWall|Spikes|p2a: Samurott\n|-sidestart|p2: Ace 999999999|Spikes\n|\n|upkeep\n|turn|15\n|\n|t:|1701091081\n|switch|p1a: Knight Pressure|Corviknight, M, shiny|79\/100\n|-damage|p1a: Knight Pressure|67\/100|[from] Stealth Rock\n|-ability|p1a: Knight Pressure|Pressure\n|move|p2a: Samurott|Razor Shell|p1a: Knight Pressure\n|-damage|p1a: Knight Pressure|35\/100\n|\n|-heal|p1a: Knight Pressure|41\/100|[from] item: Leftovers\n|upkeep\n|turn|16\n|j| jaggappex\n|l| jaggappex\n|\n|t:|1701091095\n|switch|p2a: Gholdengo|Gholdengo|100\/100\n|-damage|p2a: Gholdengo|88\/100|[from] Spikes\n|move|p1a: Knight Pressure|Roost|p1a: Knight Pressure\n|-heal|p1a: Knight Pressure|91\/100\n|-singleturn|p1a: Knight Pressure|move: Roost\n|\n|-heal|p2a: Gholdengo|94\/100|[from] item: Leftovers\n|-heal|p1a: Knight Pressure|97\/100|[from] item: Leftovers\n|upkeep\n|turn|17\n|\n|t:|1701091103\n|switch|p1a: DefenderOfTheWall|Clodsire, F, shiny|80\/100\n|move|p2a: Gholdengo|Shadow Ball|p1a: DefenderOfTheWall\n|-damage|p1a: DefenderOfTheWall|59\/100\n|\n|-heal|p2a: Gholdengo|99\/100|[from] item: Leftovers\n|upkeep\n|turn|18\n|\n|t:|1701091108\n|switch|p2a: Great Tusk|Great Tusk|100\/100\n|-damage|p2a: Great Tusk|88\/100|[from] Spikes\n|move|p1a: DefenderOfTheWall|Recover|p1a: DefenderOfTheWall\n|-heal|p1a: DefenderOfTheWall|100\/100\n|\n|-heal|p2a: Great Tusk|94\/100|[from] item: Leftovers\n|upkeep\n|turn|19\n|\n|t:|1701091112\n|move|p2a: Great Tusk|Knock Off|p1a: DefenderOfTheWall\n|-damage|p1a: DefenderOfTheWall|70\/100\n|-enditem|p1a: DefenderOfTheWall|Heavy-Duty Boots|[from] move: Knock Off|[of] p2a: Great Tusk\n|move|p1a: DefenderOfTheWall|Toxic|p2a: Great Tusk\n|-status|p2a: Great Tusk|tox\n|\n|-heal|p2a: Great Tusk|100\/100 tox|[from] item: Leftovers\n|-damage|p2a: Great Tusk|94\/100 tox|[from] psn\n|upkeep\n|turn|20\n|\n|t:|1701091116\n|switch|p1a: Knight Pressure|Corviknight, M, shiny|97\/100\n|-damage|p1a: Knight Pressure|84\/100|[from] Stealth Rock\n|-ability|p1a: Knight Pressure|Pressure\n|move|p2a: Great Tusk|Rapid Spin|p1a: Knight Pressure\n|-resisted|p1a: Knight Pressure\n|-damage|p1a: Knight Pressure|80\/100\n|-boost|p2a: Great Tusk|spe|1\n|-sideend|p2: Ace 999999999|Spikes|[from] move: Rapid Spin|[of] p2a: Great Tusk\n|\n|-heal|p2a: Great Tusk|100\/100 tox|[from] item: Leftovers\n|-heal|p1a: Knight Pressure|86\/100|[from] item: Leftovers\n|-damage|p2a: Great Tusk|88\/100 tox|[from] psn\n|upkeep\n|turn|21\n|\n|t:|1701091125\n|-end|p2a: Great Tusk|Protosynthesis|[silent]\n|switch|p2a: Gholdengo|Gholdengo|99\/100\n|switch|p1a: DefenderOfTheWall|Clodsire, F, shiny|70\/100\n|-damage|p1a: DefenderOfTheWall|58\/100|[from] Spikes\n|-damage|p1a: DefenderOfTheWall|51\/100|[from] Stealth Rock\n|\n|-heal|p2a: Gholdengo|100\/100|[from] item: Leftovers\n|upkeep\n|turn|22\n|\n|t:|1701091131\n|switch|p2a: Ting-Lu|Ting-Lu|92\/100\n|-ability|p2a: Ting-Lu|Vessel of Ruin\n|move|p1a: DefenderOfTheWall|Recover|p1a: DefenderOfTheWall\n|-heal|p1a: DefenderOfTheWall|100\/100\n|\n|-heal|p2a: Ting-Lu|98\/100|[from] item: Leftovers\n|upkeep\n|turn|23\n|\n|t:|1701091144\n|-terastallize|p1a: DefenderOfTheWall|Grass\n|move|p2a: Ting-Lu|Spikes|p1a: DefenderOfTheWall\n|-sidestart|p1: PressurizedByWall|Spikes\n|move|p1a: DefenderOfTheWall|Toxic|p2a: Ting-Lu\n|-status|p2a: Ting-Lu|tox\n|\n|-heal|p2a: Ting-Lu|100\/100 tox|[from] item: Leftovers\n|-damage|p2a: Ting-Lu|94\/100 tox|[from] psn\n|upkeep\n|turn|24\n|\n|t:|1701091152\n|switch|p2a: Cinderace|Cinderace, M|100\/100\n|move|p1a: DefenderOfTheWall|Spikes|p2a: Cinderace\n|-sidestart|p2: Ace 999999999|Spikes\n|\n|upkeep\n|turn|25\n|\n|t:|1701091157\n|switch|p1a: TheGreatWall|Dondozo, M, shiny|100\/100\n|move|p2a: Cinderace|Pyro Ball|p1a: TheGreatWall\n|-resisted|p1a: TheGreatWall\n|-damage|p1a: TheGreatWall|87\/100\n|\n|upkeep\n|turn|26\n|\n|t:|1701091167\n|move|p2a: Cinderace|U-turn|p1a: TheGreatWall\n|-damage|p1a: TheGreatWall|76\/100\n|\n|t:|1701091173\n|switch|p2a: Rillaboom|Rillaboom, M|100\/100|[from] U-turn\n|-damage|p2a: Rillaboom|88\/100|[from] Spikes\n|-fieldstart|move: Grassy Terrain|[from] ability: Grassy Surge|[of] p2a: Rillaboom\n|move|p1a: TheGreatWall|Liquidation|p2a: Rillaboom\n|-resisted|p2a: Rillaboom\n|-damage|p2a: Rillaboom|71\/100\n|\n|-heal|p2a: Rillaboom|77\/100|[from] Grassy Terrain\n|-heal|p1a: TheGreatWall|82\/100|[from] Grassy Terrain\n|upkeep\n|turn|27\n|\n|t:|1701091180\n|switch|p1a: Knight Pressure|Corviknight, M, shiny|86\/100\n|-damage|p1a: Knight Pressure|74\/100|[from] Stealth Rock\n|-ability|p1a: Knight Pressure|Pressure\n|move|p2a: Rillaboom|Knock Off|p1a: Knight Pressure\n|-damage|p1a: Knight Pressure|43\/100\n|-enditem|p1a: Knight Pressure|Leftovers|[from] move: Knock Off|[of] p2a: Rillaboom\n|\n|-heal|p2a: Rillaboom|83\/100|[from] Grassy Terrain\n|upkeep\n|turn|28\n|\n|t:|1701091189\n|switch|p2a: Gholdengo|Gholdengo|100\/100\n|-damage|p2a: Gholdengo|88\/100|[from] Spikes\n|move|p1a: Knight Pressure|Roost|p1a: Knight Pressure\n|-heal|p1a: Knight Pressure|93\/100\n|-singleturn|p1a: Knight Pressure|move: Roost\n|\n|-heal|p2a: Gholdengo|94\/100|[from] Grassy Terrain\n|-heal|p2a: Gholdengo|99\/100|[from] item: Leftovers\n|-heal|p1a: Knight Pressure|99\/100|[from] Grassy Terrain\n|upkeep\n|turn|29\n|\n|t:|1701091196\n|switch|p2a: Cinderace|Cinderace, M|100\/100\n|move|p1a: Knight Pressure|Substitute|p1a: Knight Pressure\n|-start|p1a: Knight Pressure|Substitute\n|-damage|p1a: Knight Pressure|75\/100\n|\n|upkeep\n|turn|30\n|\n|t:|1701091201\n|move|p2a: Cinderace|Pyro Ball|p1a: Knight Pressure\n|-supereffective|p1a: Knight Pressure\n|-crit|p1a: Knight Pressure\n|-end|p1a: Knight Pressure|Substitute\n|move|p1a: Knight Pressure|Substitute|p1a: Knight Pressure\n|-start|p1a: Knight Pressure|Substitute\n|-damage|p1a: Knight Pressure|50\/100\n|\n|-fieldend|move: Grassy Terrain\n|upkeep\n|turn|31\n|\n|t:|1701091205\n|move|p2a: Cinderace|Pyro Ball|p1a: Knight Pressure\n|-supereffective|p1a: Knight Pressure\n|-end|p1a: Knight Pressure|Substitute\n|move|p1a: Knight Pressure|Roost|p1a: Knight Pressure\n|-heal|p1a: Knight Pressure|99\/100\n|-singleturn|p1a: Knight Pressure|move: Roost\n|\n|upkeep\n|turn|32\n|\n|t:|1701091209\n|switch|p1a: TheGreatWall|Dondozo, M, shiny|82\/100\n|move|p2a: Cinderace|U-turn|p1a: TheGreatWall\n|-damage|p1a: TheGreatWall|73\/100\n|\n|t:|1701091228\n|switch|p2a: Rillaboom|Rillaboom, M|83\/100|[from] U-turn\n|-damage|p2a: Rillaboom|71\/100|[from] Spikes\n|-fieldstart|move: Grassy Terrain|[from] ability: Grassy Surge|[of] p2a: Rillaboom\n|\n|-heal|p2a: Rillaboom|77\/100|[from] Grassy Terrain\n|-heal|p1a: TheGreatWall|79\/100|[from] Grassy Terrain\n|upkeep\n|turn|33\n|\n|t:|1701091234\n|switch|p1a: Knight Pressure|Corviknight, M, shiny|99\/100\n|-damage|p1a: Knight Pressure|88\/100|[from] Stealth Rock\n|-ability|p1a: Knight Pressure|Pressure\n|-terastallize|p2a: Rillaboom|Grass\n|move|p2a: Rillaboom|Wood Hammer|p1a: Knight Pressure\n|-resisted|p1a: Knight Pressure\n|-damage|p1a: Knight Pressure|60\/100\n|-damage|p2a: Rillaboom|66\/100|[from] Recoil\n|\n|-heal|p2a: Rillaboom|72\/100|[from] Grassy Terrain\n|upkeep\n|turn|34\n|\n|t:|1701091249\n|switch|p2a: Gholdengo|Gholdengo|99\/100\n|-damage|p2a: Gholdengo|88\/100|[from] Spikes\n|move|p1a: Knight Pressure|Substitute|p1a: Knight Pressure\n|-start|p1a: Knight Pressure|Substitute\n|-damage|p1a: Knight Pressure|35\/100\n|\n|-heal|p2a: Gholdengo|94\/100|[from] Grassy Terrain\n|-heal|p2a: Gholdengo|99\/100|[from] item: Leftovers\n|upkeep\n|turn|35\n|\n|t:|1701091259\n|move|p2a: Gholdengo|Nasty Plot|p2a: Gholdengo\n|-boost|p2a: Gholdengo|spa|2\n|move|p1a: Knight Pressure|Roost|p1a: Knight Pressure\n|-heal|p1a: Knight Pressure|85\/100\n|-singleturn|p1a: Knight Pressure|move: Roost\n|\n|-heal|p2a: Gholdengo|100\/100|[from] Grassy Terrain\n|-heal|p1a: Knight Pressure|91\/100|[from] Grassy Terrain\n|upkeep\n|turn|36\n|\n|t:|1701091266\n|move|p2a: Gholdengo|Shadow Ball|p1a: Knight Pressure\n|-end|p1a: Knight Pressure|Substitute\n|move|p1a: Knight Pressure|Substitute|p1a: Knight Pressure\n|-start|p1a: Knight Pressure|Substitute\n|-damage|p1a: Knight Pressure|66\/100\n|\n|-fieldend|move: Grassy Terrain\n|upkeep\n|turn|37\n|\n|t:|1701091274\n|switch|p1a: DefenderOfTheWall|Clodsire, F, shiny, tera:Grass|100\/100\n|-damage|p1a: DefenderOfTheWall|84\/100|[from] Spikes\n|-damage|p1a: DefenderOfTheWall|71\/100|[from] Stealth Rock\n|move|p2a: Gholdengo|Shadow Ball|p1a: DefenderOfTheWall\n|-damage|p1a: DefenderOfTheWall|49\/100\n|\n|upkeep\n|turn|38\n|\n|t:|1701091280\n|move|p2a: Gholdengo|Make It Rain|p1a: DefenderOfTheWall\n|-damage|p1a: DefenderOfTheWall|16\/100\n|-unboost|p2a: Gholdengo|spa|1\n|move|p1a: DefenderOfTheWall|Recover|p1a: DefenderOfTheWall\n|-heal|p1a: DefenderOfTheWall|66\/100\n|\n|upkeep\n|turn|39\n|\n|t:|1701091287\n|move|p2a: Gholdengo|Nasty Plot|p2a: Gholdengo\n|-boost|p2a: Gholdengo|spa|2\n|move|p1a: DefenderOfTheWall|Recover|p1a: DefenderOfTheWall\n|-heal|p1a: DefenderOfTheWall|100\/100\n|\n|upkeep\n|turn|40\n|\n|t:|1701091291\n|move|p2a: Gholdengo|Shadow Ball|p1a: DefenderOfTheWall\n|-damage|p1a: DefenderOfTheWall|78\/100\n|move|p1a: DefenderOfTheWall|Spikes|p2a: Gholdengo\n|-sidestart|p2: Ace 999999999|Spikes\n|\n|upkeep\n|turn|41\n|\n|t:|1701091293\n|move|p2a: Gholdengo|Shadow Ball|p1a: DefenderOfTheWall\n|-damage|p1a: DefenderOfTheWall|57\/100\n|move|p1a: DefenderOfTheWall|Earthquake|p2a: Gholdengo\n|-supereffective|p2a: Gholdengo\n|-damage|p2a: Gholdengo|56\/100\n|\n|-heal|p2a: Gholdengo|62\/100|[from] item: Leftovers\n|upkeep\n|turn|42\n|\n|t:|1701091297\n|move|p2a: Gholdengo|Shadow Ball|p1a: DefenderOfTheWall\n|-damage|p1a: DefenderOfTheWall|34\/100\n|-unboost|p1a: DefenderOfTheWall|spd|1\n|move|p1a: DefenderOfTheWall|Recover|p1a: DefenderOfTheWall\n|-heal|p1a: DefenderOfTheWall|84\/100\n|\n|-heal|p2a: Gholdengo|68\/100|[from] item: Leftovers\n|upkeep\n|turn|43\n|\n|t:|1701091305\n|switch|p1a: King Pressure|Kingambit, M, shiny|69\/100\n|-damage|p1a: King Pressure|52\/100|[from] Spikes\n|-damage|p1a: King Pressure|46\/100|[from] Stealth Rock\n|-ability|p1a: King Pressure|Pressure\n|move|p2a: Gholdengo|Shadow Ball|p1a: King Pressure\n|-resisted|p1a: King Pressure\n|-crit|p1a: King Pressure\n|-damage|p1a: King Pressure|0 fnt\n|faint|p1a: King Pressure\n|\n|-heal|p2a: Gholdengo|74\/100|[from] item: Leftovers\n|upkeep\n|c|\u2606PressurizedByWall|ET LE CRIt\n|c|\u2606PressurizedByWall|MAIS LA CHATTE\n|c|\u2606PressurizedByWall|GROS CON\n|c|\u2606PressurizedByWall|VA TE FAIRE FOUTRE\n|c|\u2606PressurizedByWall|serix\n|\n|t:|1701091328\n|switch|p1a: Lord Pressure|Zapdos, shiny|58\/100\n|-ability|p1a: Lord Pressure|Pressure\n|turn|44\n|\n|t:|1701091355\n|move|p1a: Lord Pressure|Substitute|p1a: Lord Pressure\n|-start|p1a: Lord Pressure|Substitute\n|-damage|p1a: Lord Pressure|33\/100\n|move|p2a: Gholdengo|Shadow Ball|p1a: Lord Pressure\n|-end|p1a: Lord Pressure|Substitute\n|\n|-heal|p2a: Gholdengo|80\/100|[from] item: Leftovers\n|upkeep\n|turn|45\n|\n|t:|1701091360\n|move|p1a: Lord Pressure|Substitute|p1a: Lord Pressure\n|-start|p1a: Lord Pressure|Substitute\n|-damage|p1a: Lord Pressure|9\/100\n|move|p2a: Gholdengo|Shadow Ball|p1a: Lord Pressure\n|-crit|p1a: Lord Pressure\n|-end|p1a: Lord Pressure|Substitute\n|\n|-heal|p2a: Gholdengo|86\/100|[from] item: Leftovers\n|upkeep\n|turn|46\n|\n|t:|1701091365\n|move|p1a: Lord Pressure|Discharge|p2a: Gholdengo\n|-damage|p2a: Gholdengo|54\/100\n|move|p2a: Gholdengo|Shadow Ball|p1a: Lord Pressure\n|-damage|p1a: Lord Pressure|0 fnt\n|faint|p1a: Lord Pressure\n|\n|-heal|p2a: Gholdengo|60\/100|[from] item: Leftovers\n|upkeep\n|\n|t:|1701091376\n|switch|p1a: DefenderOfTheWall|Clodsire, F, shiny, tera:Grass|84\/100\n|-damage|p1a: DefenderOfTheWall|68\/100|[from] Spikes\n|-damage|p1a: DefenderOfTheWall|55\/100|[from] Stealth Rock\n|turn|47\n|c|\u2606PressurizedByWall|noobs\n|c|\u2606PressurizedByWall|are never punished\n|\n|t:|1701091386\n|move|p2a: Gholdengo|Shadow Ball|p1a: DefenderOfTheWall\n|-damage|p1a: DefenderOfTheWall|34\/100\n|move|p1a: DefenderOfTheWall|Recover|p1a: DefenderOfTheWall\n|-heal|p1a: DefenderOfTheWall|84\/100\n|\n|-heal|p2a: Gholdengo|67\/100|[from] item: Leftovers\n|upkeep\n|turn|48\n|c|\u2606PressurizedByWall|for their horrible play\n|c|\u2606PressurizedByWall|its crazy\n|\n|t:|1701091394\n|move|p2a: Gholdengo|Shadow Ball|p1a: DefenderOfTheWall\n|-damage|p1a: DefenderOfTheWall|64\/100\n|-unboost|p1a: DefenderOfTheWall|spd|1\n|move|p1a: DefenderOfTheWall|Earthquake|p2a: Gholdengo\n|-supereffective|p2a: Gholdengo\n|-damage|p2a: Gholdengo|24\/100\n|\n|-heal|p2a: Gholdengo|30\/100|[from] item: Leftovers\n|upkeep\n|turn|49\n|\n|t:|1701091399\n|move|p2a: Gholdengo|Recover|p2a: Gholdengo\n|-heal|p2a: Gholdengo|80\/100\n|move|p1a: DefenderOfTheWall|Earthquake|p2a: Gholdengo\n|-supereffective|p2a: Gholdengo\n|-damage|p2a: Gholdengo|35\/100\n|\n|-heal|p2a: Gholdengo|41\/100|[from] item: Leftovers\n|upkeep\n|turn|50\n|\n|t:|1701091407\n|move|p2a: Gholdengo|Recover|p2a: Gholdengo\n|-heal|p2a: Gholdengo|91\/100\n|move|p1a: DefenderOfTheWall|Earthquake|p2a: Gholdengo\n|-supereffective|p2a: Gholdengo\n|-damage|p2a: Gholdengo|49\/100\n|\n|-heal|p2a: Gholdengo|55\/100|[from] item: Leftovers\n|upkeep\n|turn|51\n|\n|t:|1701091418\n|switch|p1a: TheGreatWall|Dondozo, M, shiny|79\/100\n|move|p2a: Gholdengo|Make It Rain|p1a: TheGreatWall\n|-resisted|p1a: TheGreatWall\n|-damage|p1a: TheGreatWall|52\/100\n|-unboost|p2a: Gholdengo|spa|1\n|\n|-heal|p2a: Gholdengo|61\/100|[from] item: Leftovers\n|upkeep\n|turn|52\n|\n|t:|1701091429\n|move|p2a: Gholdengo|Shadow Ball|p1a: TheGreatWall\n|-damage|p1a: TheGreatWall|12\/100\n|move|p1a: TheGreatWall|Rest|p1a: TheGreatWall\n|-status|p1a: TheGreatWall|slp|[from] move: Rest\n|-heal|p1a: TheGreatWall|100\/100 slp|[silent]\n|\n|-heal|p2a: Gholdengo|67\/100|[from] item: Leftovers\n|upkeep\n|turn|53\n|\n|t:|1701091444\n|switch|p2a: Rillaboom|Rillaboom, M, tera:Grass|72\/100\n|-damage|p2a: Rillaboom|56\/100|[from] Spikes\n|-fieldstart|move: Grassy Terrain|[from] ability: Grassy Surge|[of] p2a: Rillaboom\n|cant|p1a: TheGreatWall|slp\n|move|p1a: TheGreatWall|Sleep Talk|p1a: TheGreatWall\n|move|p1a: TheGreatWall|Liquidation|p2a: Rillaboom|[from]move: Sleep Talk\n|-resisted|p2a: Rillaboom\n|-damage|p2a: Rillaboom|41\/100\n|\n|-heal|p2a: Rillaboom|47\/100|[from] Grassy Terrain\n|upkeep\n|turn|54\n|\n|t:|1701091456\n|switch|p1a: Knight Pressure|Corviknight, M, shiny|66\/100\n|-damage|p1a: Knight Pressure|54\/100|[from] Stealth Rock\n|-ability|p1a: Knight Pressure|Pressure\n|move|p2a: Rillaboom|Wood Hammer|p1a: Knight Pressure\n|-resisted|p1a: Knight Pressure\n|-damage|p1a: Knight Pressure|29\/100\n|-damage|p2a: Rillaboom|37\/100|[from] Recoil\n|\n|-heal|p2a: Rillaboom|44\/100|[from] Grassy Terrain\n|upkeep\n|turn|55\n|\n|t:|1701091465\n|move|p2a: Rillaboom|Wood Hammer|p1a: Knight Pressure\n|-resisted|p1a: Knight Pressure\n|-damage|p1a: Knight Pressure|3\/100\n|-damage|p2a: Rillaboom|34\/100|[from] Recoil\n|move|p1a: Knight Pressure|Roost|p1a: Knight Pressure\n|-heal|p1a: Knight Pressure|53\/100\n|-singleturn|p1a: Knight Pressure|move: Roost\n|\n|-heal|p2a: Rillaboom|40\/100|[from] Grassy Terrain\n|-heal|p1a: Knight Pressure|59\/100|[from] Grassy Terrain\n|upkeep\n|turn|56\n|\n|t:|1701091471\n|switch|p2a: Gholdengo|Gholdengo|67\/100\n|-damage|p2a: Gholdengo|50\/100|[from] Spikes\n|move|p1a: Knight Pressure|Roost|p1a: Knight Pressure\n|-heal|p1a: Knight Pressure|100\/100\n|-singleturn|p1a: Knight Pressure|move: Roost\n|\n|-heal|p2a: Gholdengo|56\/100|[from] Grassy Terrain\n|-heal|p2a: Gholdengo|63\/100|[from] item: Leftovers\n|upkeep\n|turn|57\n|\n|t:|1701091478\n|switch|p2a: Cinderace|Cinderace, M|100\/100\n|switch|p1a: TheGreatWall|Dondozo, M, shiny|100\/100 slp\n|\n|-fieldend|move: Grassy Terrain\n|upkeep\n|turn|58\n|\n|t:|1701091482\n|move|p2a: Cinderace|U-turn|p1a: TheGreatWall\n|-damage|p1a: TheGreatWall|91\/100 slp\n|\n|t:|1701091483\n|switch|p2a: Great Tusk|Great Tusk|88\/100 tox|[from] U-turn\n|-damage|p2a: Great Tusk|71\/100 tox|[from] Spikes\n|cant|p1a: TheGreatWall|slp\n|move|p1a: TheGreatWall|Sleep Talk|p1a: TheGreatWall\n|move|p1a: TheGreatWall|Rest||[from]move: Sleep Talk|[still]\n|-fail|p1a: TheGreatWall\n|\n|-heal|p2a: Great Tusk|78\/100 tox|[from] item: Leftovers\n|-damage|p2a: Great Tusk|71\/100 tox|[from] psn\n|upkeep\n|turn|59\n|\n|t:|1701091495\n|switch|p1a: Knight Pressure|Corviknight, M, shiny|100\/100\n|-damage|p1a: Knight Pressure|88\/100|[from] Stealth Rock\n|-ability|p1a: Knight Pressure|Pressure\n|move|p2a: Great Tusk|Rapid Spin|p1a: Knight Pressure\n|-resisted|p1a: Knight Pressure\n|-damage|p1a: Knight Pressure|84\/100\n|-boost|p2a: Great Tusk|spe|1\n|-sideend|p2: Ace 999999999|Spikes|[from] move: Rapid Spin|[of] p2a: Great Tusk\n|\n|-heal|p2a: Great Tusk|78\/100 tox|[from] item: Leftovers\n|-damage|p2a: Great Tusk|65\/100 tox|[from] psn\n|upkeep\n|turn|60\n|\n|t:|1701091503\n|-end|p2a: Great Tusk|Protosynthesis|[silent]\n|switch|p2a: Gholdengo|Gholdengo|63\/100\n|move|p1a: Knight Pressure|Substitute|p1a: Knight Pressure\n|-start|p1a: Knight Pressure|Substitute\n|-damage|p1a: Knight Pressure|59\/100\n|\n|-heal|p2a: Gholdengo|69\/100|[from] item: Leftovers\n|upkeep\n|turn|61\n|\n|t:|1701091509\n|move|p2a: Gholdengo|Nasty Plot|p2a: Gholdengo\n|-boost|p2a: Gholdengo|spa|2\n|move|p1a: Knight Pressure|Roost|p1a: Knight Pressure\n|-heal|p1a: Knight Pressure|100\/100\n|-singleturn|p1a: Knight Pressure|move: Roost\n|\n|-heal|p2a: Gholdengo|75\/100|[from] item: Leftovers\n|upkeep\n|turn|62\n|\n|t:|1701091515\n|move|p2a: Gholdengo|Nasty Plot|p2a: Gholdengo\n|-boost|p2a: Gholdengo|spa|2\n|move|p1a: Knight Pressure|Substitute|p1a: Knight Pressure\n|-fail|p1a: Knight Pressure|move: Substitute\n|\n|-heal|p2a: Gholdengo|81\/100|[from] item: Leftovers\n|upkeep\n|turn|63\n|\n|t:|1701091521\n|move|p2a: Gholdengo|Nasty Plot|p2a: Gholdengo\n|-boost|p2a: Gholdengo|spa|2\n|move|p1a: Knight Pressure|Substitute|p1a: Knight Pressure\n|-fail|p1a: Knight Pressure|move: Substitute\n|\n|-heal|p2a: Gholdengo|87\/100|[from] item: Leftovers\n|upkeep\n|turn|64\n|\n|t:|1701091523\n|move|p2a: Gholdengo|Nasty Plot|p2a: Gholdengo\n|-boost|p2a: Gholdengo|spa|0\n|move|p1a: Knight Pressure|Substitute|p1a: Knight Pressure\n|-fail|p1a: Knight Pressure|move: Substitute\n|\n|-heal|p2a: Gholdengo|93\/100|[from] item: Leftovers\n|upkeep\n|turn|65\n|\n|t:|1701091526\n|move|p2a: Gholdengo|Nasty Plot|p2a: Gholdengo\n|-boost|p2a: Gholdengo|spa|0\n|move|p1a: Knight Pressure|Substitute|p1a: Knight Pressure\n|-fail|p1a: Knight Pressure|move: Substitute\n|\n|-heal|p2a: Gholdengo|99\/100|[from] item: Leftovers\n|upkeep\n|turn|66\n|\n|t:|1701091530\n|move|p2a: Gholdengo|Nasty Plot|p2a: Gholdengo\n|-boost|p2a: Gholdengo|spa|0\n|move|p1a: Knight Pressure|Defog|p2a: Gholdengo\n|-immune|p2a: Gholdengo|[from] ability: Good as Gold\n|\n|-heal|p2a: Gholdengo|100\/100|[from] item: Leftovers\n|upkeep\n|turn|67\n|\n|t:|1701091532\n|move|p2a: Gholdengo|Nasty Plot|p2a: Gholdengo\n|-boost|p2a: Gholdengo|spa|0\n|move|p1a: Knight Pressure|Defog|p2a: Gholdengo\n|-immune|p2a: Gholdengo|[from] ability: Good as Gold\n|\n|upkeep\n|turn|68\n|\n|t:|1701091537\n|move|p2a: Gholdengo|Nasty Plot|p2a: Gholdengo\n|-boost|p2a: Gholdengo|spa|0\n|move|p1a: Knight Pressure|Substitute|p1a: Knight Pressure\n|-fail|p1a: Knight Pressure|move: Substitute\n|\n|upkeep\n|turn|69\n|\n|t:|1701091541\n|move|p2a: Gholdengo|Nasty Plot|p2a: Gholdengo\n|-boost|p2a: Gholdengo|spa|0\n|move|p1a: Knight Pressure|Defog|p2a: Gholdengo\n|-immune|p2a: Gholdengo|[from] ability: Good as Gold\n|\n|upkeep\n|turn|70\n|\n|t:|1701091543\n|move|p2a: Gholdengo|Nasty Plot|p2a: Gholdengo\n|-boost|p2a: Gholdengo|spa|0\n|move|p1a: Knight Pressure|Defog|p2a: Gholdengo\n|-immune|p2a: Gholdengo|[from] ability: Good as Gold\n|\n|upkeep\n|turn|71\n|\n|t:|1701091545\n|move|p2a: Gholdengo|Make It Rain|p1a: Knight Pressure\n|-resisted|p1a: Knight Pressure\n|-end|p1a: Knight Pressure|Substitute\n|-unboost|p2a: Gholdengo|spa|1\n|move|p1a: Knight Pressure|Substitute|p1a: Knight Pressure\n|-start|p1a: Knight Pressure|Substitute\n|-damage|p1a: Knight Pressure|76\/100\n|\n|upkeep\n|turn|72\n|\n|t:|1701091552\n|move|p2a: Gholdengo|Nasty Plot|p2a: Gholdengo\n|-boost|p2a: Gholdengo|spa|1\n|move|p1a: Knight Pressure|Substitute|p1a: Knight Pressure\n|-fail|p1a: Knight Pressure|move: Substitute\n|\n|upkeep\n|turn|73\n|\n|t:|1701091556\n|move|p2a: Gholdengo|Nasty Plot|p2a: Gholdengo\n|-boost|p2a: Gholdengo|spa|0\n|move|p1a: Knight Pressure|Defog|p2a: Gholdengo\n|-immune|p2a: Gholdengo|[from] ability: Good as Gold\n|\n|upkeep\n|turn|74\n|\n|t:|1701091561\n|move|p2a: Gholdengo|Nasty Plot|p2a: Gholdengo\n|-boost|p2a: Gholdengo|spa|0\n|move|p1a: Knight Pressure|Substitute|p1a: Knight Pressure\n|-fail|p1a: Knight Pressure|move: Substitute\n|\n|upkeep\n|turn|75\n|\n|t:|1701091564\n|move|p2a: Gholdengo|Make It Rain|p1a: Knight Pressure\n|-resisted|p1a: Knight Pressure\n|-end|p1a: Knight Pressure|Substitute\n|-unboost|p2a: Gholdengo|spa|1\n|move|p1a: Knight Pressure|Brave Bird|p2a: Gholdengo\n|-resisted|p2a: Gholdengo\n|-damage|p2a: Gholdengo|86\/100\n|-damage|p1a: Knight Pressure|71\/100|[from] Recoil\n|\n|-heal|p2a: Gholdengo|92\/100|[from] item: Leftovers\n|upkeep\n|turn|76\n|\n|t:|1701091569\n|switch|p1a: TheGreatWall|Dondozo, M, shiny|91\/100 slp\n|move|p2a: Gholdengo|Make It Rain|p1a: TheGreatWall\n|-resisted|p1a: TheGreatWall\n|-damage|p1a: TheGreatWall|65\/100 slp\n|-unboost|p2a: Gholdengo|spa|1\n|\n|-heal|p2a: Gholdengo|98\/100|[from] item: Leftovers\n|upkeep\n|turn|77\n|\n|t:|1701091579\n|switch|p2a: Samurott|Samurott-Hisui, F|100\/100\n|-curestatus|p1a: TheGreatWall|slp|[msg]\n|move|p1a: TheGreatWall|Rest|p1a: TheGreatWall\n|-status|p1a: TheGreatWall|slp|[from] move: Rest\n|-heal|p1a: TheGreatWall|100\/100 slp|[silent]\n|\n|upkeep\n|turn|78\n|\n|t:|1701091584\n|move|p2a: Samurott|Ceaseless Edge|p1a: TheGreatWall\n|-damage|p1a: TheGreatWall|80\/100 slp\n|-sidestart|p1: PressurizedByWall|Spikes\n|cant|p1a: TheGreatWall|slp\n|move|p1a: TheGreatWall|Sleep Talk|p1a: TheGreatWall\n|move|p1a: TheGreatWall|Rest||[from]move: Sleep Talk|[still]\n|-fail|p1a: TheGreatWall\n|\n|upkeep\n|turn|79\n|\n|t:|1701091591\n|switch|p2a: Ting-Lu|Ting-Lu|94\/100 tox\n|-ability|p2a: Ting-Lu|Vessel of Ruin\n|cant|p1a: TheGreatWall|slp\n|move|p1a: TheGreatWall|Sleep Talk|p1a: TheGreatWall\n|move|p1a: TheGreatWall|Liquidation|p2a: Ting-Lu|[from]move: Sleep Talk\n|-supereffective|p2a: Ting-Lu\n|-crit|p2a: Ting-Lu\n|-damage|p2a: Ting-Lu|48\/100 tox\n|\n|-heal|p2a: Ting-Lu|55\/100 tox|[from] item: Leftovers\n|-damage|p2a: Ting-Lu|48\/100 tox|[from] psn\n|upkeep\n|turn|80\n|\n|t:|1701091600\n|switch|p2a: Samurott|Samurott-Hisui, F|100\/100\n|-curestatus|p1a: TheGreatWall|slp|[msg]\n|move|p1a: TheGreatWall|Liquidation|p2a: Samurott\n|-resisted|p2a: Samurott\n|-damage|p2a: Samurott|83\/100\n|\n|upkeep\n|turn|81\n|\n|t:|1701091603\n|move|p2a: Samurott|Knock Off|p1a: TheGreatWall\n|-damage|p1a: TheGreatWall|60\/100\n|-enditem|p1a: TheGreatWall|Heavy-Duty Boots|[from] move: Knock Off|[of] p2a: Samurott\n|move|p1a: TheGreatWall|Body Press|p2a: Samurott\n|-supereffective|p2a: Samurott\n|-damage|p2a: Samurott|17\/100\n|\n|upkeep\n|turn|82\n|\n|t:|1701091610\n|move|p2a: Samurott|Knock Off|p1a: TheGreatWall\n|-damage|p1a: TheGreatWall|47\/100\n|move|p1a: TheGreatWall|Rest|p1a: TheGreatWall\n|-status|p1a: TheGreatWall|slp|[from] move: Rest\n|-heal|p1a: TheGreatWall|100\/100 slp|[silent]\n|\n|upkeep\n|turn|83\n|\n|t:|1701091614\n|move|p2a: Samurott|Knock Off|p1a: TheGreatWall\n|-damage|p1a: TheGreatWall|87\/100 slp\n|cant|p1a: TheGreatWall|slp\n|move|p1a: TheGreatWall|Sleep Talk|p1a: TheGreatWall\n|move|p1a: TheGreatWall|Liquidation|p2a: Samurott|[from]move: Sleep Talk\n|-resisted|p2a: Samurott\n|-damage|p2a: Samurott|0 fnt\n|faint|p2a: Samurott\n|\n|upkeep\n|\n|t:|1701091616\n|switch|p2a: Rillaboom|Rillaboom, M, tera:Grass|40\/100\n|-fieldstart|move: Grassy Terrain|[from] ability: Grassy Surge|[of] p2a: Rillaboom\n|turn|84\n|\n|t:|1701091625\n|switch|p1a: Knight Pressure|Corviknight, M, shiny|71\/100\n|-damage|p1a: Knight Pressure|59\/100|[from] Stealth Rock\n|-ability|p1a: Knight Pressure|Pressure\n|move|p2a: Rillaboom|Wood Hammer|p1a: Knight Pressure\n|-resisted|p1a: Knight Pressure\n|-damage|p1a: Knight Pressure|31\/100\n|-damage|p2a: Rillaboom|29\/100|[from] Recoil\n|\n|-heal|p2a: Rillaboom|35\/100|[from] Grassy Terrain\n|upkeep\n|turn|85\n|\n|t:|1701091633\n|switch|p2a: Gholdengo|Gholdengo|98\/100\n|move|p1a: Knight Pressure|Roost|p1a: Knight Pressure\n|-heal|p1a: Knight Pressure|81\/100\n|-singleturn|p1a: Knight Pressure|move: Roost\n|\n|-heal|p2a: Gholdengo|100\/100|[from] Grassy Terrain\n|-heal|p1a: Knight Pressure|87\/100|[from] Grassy Terrain\n|upkeep\n|turn|86\n|\n|t:|1701091646\n|switch|p1a: DefenderOfTheWall|Clodsire, F, shiny, tera:Grass|64\/100\n|-damage|p1a: DefenderOfTheWall|39\/100|[from] Spikes\n|-damage|p1a: DefenderOfTheWall|27\/100|[from] Stealth Rock\n|move|p2a: Gholdengo|Nasty Plot|p2a: Gholdengo\n|-boost|p2a: Gholdengo|spa|2\n|\n|-heal|p1a: DefenderOfTheWall|33\/100|[from] Grassy Terrain\n|upkeep\n|turn|87\n|\n|t:|1701091658\n|switch|p2a: Cinderace|Cinderace, M|100\/100\n|move|p1a: DefenderOfTheWall|Recover|p1a: DefenderOfTheWall\n|-heal|p1a: DefenderOfTheWall|83\/100\n|\n|-heal|p1a: DefenderOfTheWall|89\/100|[from] Grassy Terrain\n|upkeep\n|turn|88\n|\n|t:|1701091667\n|switch|p1a: WallLord|Garganacl, F|100\/100\n|-damage|p1a: WallLord|75\/100|[from] Spikes\n|-damage|p1a: WallLord|63\/100|[from] Stealth Rock\n|move|p2a: Cinderace|Pyro Ball|p1a: WallLord|[miss]\n|-miss|p2a: Cinderace|p1a: WallLord\n|\n|-heal|p1a: WallLord|69\/100|[from] Grassy Terrain\n|-heal|p1a: WallLord|75\/100|[from] item: Leftovers\n|-fieldend|move: Grassy Terrain\n|upkeep\n|turn|89\n|\n|t:|1701091677\n|move|p2a: Cinderace|U-turn|p1a: WallLord\n|-damage|p1a: WallLord|60\/100\n|\n|t:|1701091679\n|switch|p2a: Great Tusk|Great Tusk|65\/100 tox|[from] U-turn\n|move|p1a: WallLord|Salt Cure|p2a: Great Tusk\n|-resisted|p2a: Great Tusk\n|-damage|p2a: Great Tusk|64\/100 tox\n|-start|p2a: Great Tusk|Salt Cure\n|\n|-heal|p2a: Great Tusk|70\/100 tox|[from] item: Leftovers\n|-heal|p1a: WallLord|66\/100|[from] item: Leftovers\n|-damage|p2a: Great Tusk|64\/100 tox|[from] psn\n|-damage|p2a: Great Tusk|51\/100 tox|[from] Salt Cure\n|upkeep\n|turn|90\n|\n|t:|1701091684\n|move|p1a: WallLord|Protect|p1a: WallLord\n|-singleturn|p1a: WallLord|Protect\n|move|p2a: Great Tusk|Close Combat|p1a: WallLord\n|-activate|p1a: WallLord|move: Protect\n|\n|-heal|p2a: Great Tusk|57\/100 tox|[from] item: Leftovers\n|-heal|p1a: WallLord|72\/100|[from] item: Leftovers\n|-damage|p2a: Great Tusk|45\/100 tox|[from] psn\n|-damage|p2a: Great Tusk|33\/100 tox|[from] Salt Cure\n|upkeep\n|turn|91\n|\n|t:|1701091696\n|-end|p2a: Great Tusk|Protosynthesis|[silent]\n|switch|p2a: Cinderace|Cinderace, M|100\/100\n|switch|p1a: Knight Pressure|Corviknight, M, shiny|87\/100\n|-damage|p1a: Knight Pressure|75\/100|[from] Stealth Rock\n|-ability|p1a: Knight Pressure|Pressure\n|\n|upkeep\n|turn|92\n|\n|t:|1701091705\n|move|p2a: Cinderace|U-turn|p1a: Knight Pressure\n|-resisted|p1a: Knight Pressure\n|-damage|p1a: Knight Pressure|72\/100\n|\n|t:|1701091707\n|switch|p2a: Gholdengo|Gholdengo|100\/100|[from] U-turn\n|move|p1a: Knight Pressure|Defog|p2a: Gholdengo\n|-immune|p2a: Gholdengo|[from] ability: Good as Gold\n|\n|upkeep\n|turn|93\n|\n|t:|1701091719\n|move|p2a: Gholdengo|Shadow Ball|p1a: Knight Pressure\n|-damage|p1a: Knight Pressure|30\/100\n|move|p1a: Knight Pressure|Substitute|p1a: Knight Pressure\n|-start|p1a: Knight Pressure|Substitute\n|-damage|p1a: Knight Pressure|6\/100\n|\n|upkeep\n|turn|94\n|\n|t:|1701091724\n|move|p2a: Gholdengo|Make It Rain|p1a: Knight Pressure\n|-resisted|p1a: Knight Pressure\n|-end|p1a: Knight Pressure|Substitute\n|-unboost|p2a: Gholdengo|spa|1\n|move|p1a: Knight Pressure|Defog|p2a: Gholdengo\n|-immune|p2a: Gholdengo|[from] ability: Good as Gold\n|\n|upkeep\n|turn|95\n|\n|t:|1701091734\n|switch|p2a: Cinderace|Cinderace, M|100\/100\n|move|p1a: Knight Pressure|Defog|p2a: Cinderace\n|-unboost|p2a: Cinderace|evasion|1\n|-sideend|p1: PressurizedByWall|Spikes|[from] move: Defog|[of] p1a: Knight Pressure\n|-sideend|p1: PressurizedByWall|Stealth Rock|[from] move: Defog|[of] p1a: Knight Pressure\n|\n|upkeep\n|turn|96\n|\n|t:|1701091741\n|move|p2a: Cinderace|Pyro Ball|p1a: Knight Pressure\n|-supereffective|p1a: Knight Pressure\n|-damage|p1a: Knight Pressure|0 fnt\n|faint|p1a: Knight Pressure\n|\n|upkeep\n|\n|t:|1701091748\n|switch|p1a: WallLord|Garganacl, F|72\/100\n|turn|97\n|\n|t:|1701091752\n|move|p2a: Cinderace|U-turn|p1a: WallLord\n|-damage|p1a: WallLord|56\/100\n|\n|t:|1701091757\n|switch|p2a: Gholdengo|Gholdengo|100\/100|[from] U-turn\n|move|p1a: WallLord|Stealth Rock|p2a: Gholdengo\n|-sidestart|p2: Ace 999999999|move: Stealth Rock\n|\n|-heal|p1a: WallLord|62\/100|[from] item: Leftovers\n|upkeep\n|turn|98\n|\n|t:|1701091763\n|switch|p2a: Great Tusk|Great Tusk|33\/100 tox\n|-damage|p2a: Great Tusk|30\/100 tox|[from] Stealth Rock\n|move|p1a: WallLord|Salt Cure|p2a: Great Tusk\n|-resisted|p2a: Great Tusk\n|-damage|p2a: Great Tusk|28\/100 tox\n|-start|p2a: Great Tusk|Salt Cure\n|\n|-heal|p2a: Great Tusk|34\/100 tox|[from] item: Leftovers\n|-heal|p1a: WallLord|68\/100|[from] item: Leftovers\n|-damage|p2a: Great Tusk|28\/100 tox|[from] psn\n|-damage|p2a: Great Tusk|15\/100 tox|[from] Salt Cure\n|upkeep\n|turn|99\n|\n|t:|1701091767\n|move|p1a: WallLord|Protect|p1a: WallLord\n|-singleturn|p1a: WallLord|Protect\n|move|p2a: Great Tusk|Rapid Spin|p1a: WallLord\n|-activate|p1a: WallLord|move: Protect\n|\n|-heal|p2a: Great Tusk|22\/100 tox|[from] item: Leftovers\n|-heal|p1a: WallLord|75\/100|[from] item: Leftovers\n|-damage|p2a: Great Tusk|9\/100 tox|[from] psn\n|-damage|p2a: Great Tusk|0 fnt|[from] Salt Cure\n|faint|p2a: Great Tusk\n|-end|p2a: Great Tusk|Protosynthesis|[silent]\n|upkeep\n|\n|t:|1701091769\n|switch|p2a: Rillaboom|Rillaboom, M, tera:Grass|35\/100\n|-damage|p2a: Rillaboom|23\/100|[from] Stealth Rock\n|-fieldstart|move: Grassy Terrain|[from] ability: Grassy Surge|[of] p2a: Rillaboom\n|turn|100\n|\n|t:|1701091777\n|move|p1a: WallLord|Protect|p1a: WallLord\n|-singleturn|p1a: WallLord|Protect\n|move|p2a: Rillaboom|Wood Hammer|p1a: WallLord\n|-activate|p1a: WallLord|move: Protect\n|\n|-heal|p2a: Rillaboom|29\/100|[from] Grassy Terrain\n|-heal|p1a: WallLord|81\/100|[from] Grassy Terrain\n|-heal|p1a: WallLord|87\/100|[from] item: Leftovers\n|upkeep\n|turn|101\n|\n|t:|1701091783\n|switch|p1a: DefenderOfTheWall|Clodsire, F, shiny, tera:Grass|89\/100\n|move|p2a: Rillaboom|Wood Hammer|p1a: DefenderOfTheWall\n|-resisted|p1a: DefenderOfTheWall\n|-damage|p1a: DefenderOfTheWall|0 fnt\n|faint|p1a: DefenderOfTheWall\n|-damage|p2a: Rillaboom|0 fnt|[from] Recoil\n|faint|p2a: Rillaboom\n|\n|upkeep\n|-message|Ace 999999999 forfeited.\n|\n|win|PressurizedByWall\n|raw|PressurizedByWall's rating: 1458 &rarr; <strong>1478<\/strong><br \/>(+20 for winning)\n|raw|Ace 999999999's rating: 1462 &rarr; <strong>1442<\/strong><br \/>(-20 for losing)\n","uploadtime":1701091323,"views":3,"p1id":"pressurizedbywall","p2id":"ace999999999","formatid":"gen9ou","rating":1442,"private":0,"password":""}