{"id":"gen9ou-1993441772","p1":"jw0311","p2":"OUVT TOSHI","format":"[Gen 9] OU","log":"|j|\u2606jw0311\n|j|\u2606OUVT TOSHI\n|t:|1700318372\n|gametype|singles\n|player|p1|jw0311|ghetsis-gen5bw|1830\n|player|p2|OUVT TOSHI|palmer|1836\n|teamsize|p1|6\n|teamsize|p2|6\n|gen|9\n|tier|[Gen 9] OU\n|rated|\n|rule|Sleep Clause Mod: Limit one foe put to sleep\n|rule|Species Clause: Limit one of each Pok\u00e9mon\n|rule|OHKO Clause: OHKO moves are banned\n|rule|Evasion Items Clause: Evasion items are banned\n|rule|Evasion Moves Clause: Evasion moves are banned\n|rule|Endless Battle Clause: Forcing endless battles is banned\n|rule|HP Percentage Mod: HP is shown in percentages\n|clearpoke\n|poke|p1|Dragapult, F|\n|poke|p1|Toxapex, F|\n|poke|p1|Hatterene, F|\n|poke|p1|Kingambit, F|\n|poke|p1|Great Tusk|\n|poke|p1|Dondozo, M|\n|poke|p2|Ogerpon-Wellspring, F|\n|poke|p2|Zamazenta-*|\n|poke|p2|Ting-Lu|\n|poke|p2|Iron Moth|\n|poke|p2|Zapdos|\n|poke|p2|Ursaluna, F|\n|teampreview\n|inactive|Battle timer is ON: inactive players will automatically lose when time's up. (requested by jw0311)\n|\n|t:|1700318387\n|start\n|switch|p1a: Dragapult|Dragapult, F|100\/100\n|switch|p2a: Ting-Lu|Ting-Lu|100\/100\n|-ability|p2a: Ting-Lu|Vessel of Ruin\n|turn|1\n|\n|t:|1700318396\n|move|p1a: Dragapult|U-turn|p2a: Ting-Lu\n|-supereffective|p2a: Ting-Lu\n|-damage|p2a: Ting-Lu|83\/100\n|\n|t:|1700318398\n|switch|p1a: Hatterene|Hatterene, F|100\/100|[from] U-turn\n|move|p2a: Ting-Lu|Ruination|p1a: Hatterene\n|-damage|p1a: Hatterene|50\/100\n|\n|-heal|p2a: Ting-Lu|90\/100|[from] item: Leftovers\n|-heal|p1a: Hatterene|56\/100|[from] item: Leftovers\n|upkeep\n|turn|2\n|\n|t:|1700318407\n|switch|p2a: Ursaluna|Ursaluna, F|100\/100\n|move|p1a: Hatterene|Draining Kiss|p2a: Ursaluna\n|-damage|p2a: Ursaluna|70\/100\n|-heal|p1a: Hatterene|87\/100|[from] drain|[of] p2a: Ursaluna\n|\n|-heal|p1a: Hatterene|93\/100|[from] item: Leftovers\n|-status|p2a: Ursaluna|brn|[from] item: Flame Orb\n|upkeep\n|turn|3\n|\n|t:|1700318417\n|switch|p1a: Great Tusk|Great Tusk|100\/100\n|move|p2a: Ursaluna|Facade|p1a: Great Tusk\n|-damage|p1a: Great Tusk|40\/100\n|\n|-heal|p1a: Great Tusk|46\/100|[from] item: Leftovers\n|-damage|p2a: Ursaluna|64\/100 brn|[from] brn\n|upkeep\n|turn|4\n|\n|t:|1700318426\n|switch|p2a: Zapdos|Zapdos|100\/100\n|move|p1a: Great Tusk|Earthquake|p2a: Zapdos\n|-immune|p2a: Zapdos\n|\n|-heal|p1a: Great Tusk|52\/100|[from] item: Leftovers\n|upkeep\n|turn|5\n|\n|t:|1700318431\n|-end|p1a: Great Tusk|Protosynthesis|[silent]\n|switch|p1a: Toxapex|Toxapex, F|100\/100\n|move|p2a: Zapdos|Hurricane|p1a: Toxapex\n|-damage|p1a: Toxapex|76\/100\n|\n|upkeep\n|turn|6\n|\n|t:|1700318440\n|move|p2a: Zapdos|Discharge|p1a: Toxapex\n|-supereffective|p1a: Toxapex\n|-damage|p1a: Toxapex|39\/100\n|move|p1a: Toxapex|Surf|p2a: Zapdos\n|-damage|p2a: Zapdos|72\/100\n|\n|upkeep\n|turn|7\n|\n|t:|1700318450\n|move|p2a: Zapdos|Roost|p2a: Zapdos\n|-heal|p2a: Zapdos|100\/100\n|-singleturn|p2a: Zapdos|move: Roost\n|move|p1a: Toxapex|Sludge Bomb|p2a: Zapdos\n|-damage|p2a: Zapdos|70\/100\n|\n|upkeep\n|turn|8\n|\n|t:|1700318453\n|move|p2a: Zapdos|Discharge|p1a: Toxapex\n|-supereffective|p1a: Toxapex\n|-damage|p1a: Toxapex|5\/100\n|-status|p1a: Toxapex|par\n|move|p1a: Toxapex|Sludge Bomb|p2a: Zapdos\n|-damage|p2a: Zapdos|43\/100\n|-status|p2a: Zapdos|psn\n|\n|-damage|p2a: Zapdos|31\/100 psn|[from] psn\n|upkeep\n|turn|9\n|\n|t:|1700318458\n|move|p2a: Zapdos|Roost|p2a: Zapdos\n|-heal|p2a: Zapdos|81\/100 psn\n|-singleturn|p2a: Zapdos|move: Roost\n|move|p1a: Toxapex|Sludge Bomb|p2a: Zapdos\n|-damage|p2a: Zapdos|54\/100 psn\n|\n|-damage|p2a: Zapdos|42\/100 psn|[from] psn\n|upkeep\n|turn|10\n|\n|t:|1700318461\n|move|p2a: Zapdos|Roost|p2a: Zapdos\n|-heal|p2a: Zapdos|92\/100 psn\n|-singleturn|p2a: Zapdos|move: Roost\n|move|p1a: Toxapex|Sludge Bomb|p2a: Zapdos\n|-damage|p2a: Zapdos|62\/100 psn\n|\n|-damage|p2a: Zapdos|50\/100 psn|[from] psn\n|upkeep\n|turn|11\n|\n|t:|1700318464\n|move|p2a: Zapdos|Roost|p2a: Zapdos\n|-heal|p2a: Zapdos|99\/100 psn\n|-singleturn|p2a: Zapdos|move: Roost\n|move|p1a: Toxapex|Sludge Bomb|p2a: Zapdos\n|-damage|p2a: Zapdos|70\/100 psn\n|\n|-damage|p2a: Zapdos|58\/100 psn|[from] psn\n|upkeep\n|turn|12\n|\n|t:|1700318468\n|move|p2a: Zapdos|Discharge|p1a: Toxapex\n|-supereffective|p1a: Toxapex\n|-damage|p1a: Toxapex|0 fnt\n|faint|p1a: Toxapex\n|\n|-damage|p2a: Zapdos|45\/100 psn|[from] psn\n|upkeep\n|\n|t:|1700318471\n|switch|p1a: Dragapult|Dragapult, F|100\/100\n|turn|13\n|\n|t:|1700318476\n|switch|p2a: Ting-Lu|Ting-Lu|90\/100\n|-ability|p2a: Ting-Lu|Vessel of Ruin\n|move|p1a: Dragapult|Draco Meteor|p2a: Ting-Lu\n|-damage|p2a: Ting-Lu|53\/100\n|-unboost|p1a: Dragapult|spa|2\n|\n|-heal|p2a: Ting-Lu|59\/100|[from] item: Leftovers\n|upkeep\n|turn|14\n|\n|t:|1700318483\n|switch|p1a: Great Tusk|Great Tusk|52\/100\n|switch|p2a: Ursaluna|Ursaluna, F|64\/100 brn\n|\n|-heal|p1a: Great Tusk|58\/100|[from] item: Leftovers\n|-damage|p2a: Ursaluna|58\/100 brn|[from] brn\n|upkeep\n|turn|15\n|\n|t:|1700318487\n|-end|p1a: Great Tusk|Protosynthesis|[silent]\n|switch|p1a: Dondozo|Dondozo, M|100\/100\n|switch|p2a: Zapdos|Zapdos|45\/100 psn\n|\n|-damage|p2a: Zapdos|33\/100 psn|[from] psn\n|upkeep\n|turn|16\n|\n|t:|1700318492\n|switch|p1a: Hatterene|Hatterene, F|93\/100\n|move|p2a: Zapdos|Discharge|p1a: Hatterene\n|-damage|p1a: Hatterene|60\/100\n|-status|p1a: Hatterene|par\n|\n|-heal|p1a: Hatterene|66\/100 par|[from] item: Leftovers\n|-damage|p2a: Zapdos|21\/100 psn|[from] psn\n|upkeep\n|turn|17\n|\n|t:|1700318496\n|move|p2a: Zapdos|Roost|p2a: Zapdos\n|-heal|p2a: Zapdos|71\/100 psn\n|-singleturn|p2a: Zapdos|move: Roost\n|cant|p1a: Hatterene|par\n|\n|-heal|p1a: Hatterene|72\/100 par|[from] item: Leftovers\n|-damage|p2a: Zapdos|59\/100 psn|[from] psn\n|upkeep\n|turn|18\n|\n|t:|1700318503\n|move|p2a: Zapdos|Roost|p2a: Zapdos\n|-heal|p2a: Zapdos|100\/100 psn\n|-singleturn|p2a: Zapdos|move: Roost\n|move|p1a: Hatterene|Mystical Fire|p2a: Zapdos\n|-damage|p2a: Zapdos|71\/100 psn\n|-unboost|p2a: Zapdos|spa|1\n|\n|-heal|p1a: Hatterene|78\/100 par|[from] item: Leftovers\n|-damage|p2a: Zapdos|58\/100 psn|[from] psn\n|upkeep\n|turn|19\n|\n|t:|1700318508\n|switch|p2a: Ursaluna|Ursaluna, F|58\/100 brn\n|move|p1a: Hatterene|Draining Kiss|p2a: Ursaluna\n|-damage|p2a: Ursaluna|27\/100 brn\n|-heal|p1a: Hatterene|100\/100 par|[from] drain|[of] p2a: Ursaluna\n|\n|-damage|p2a: Ursaluna|21\/100 brn|[from] brn\n|upkeep\n|turn|20\n|\n|t:|1700318511\n|switch|p1a: Dondozo|Dondozo, M|100\/100\n|move|p2a: Ursaluna|Headlong Rush|p1a: Dondozo\n|-damage|p1a: Dondozo|48\/100\n|-unboost|p2a: Ursaluna|def|1\n|-unboost|p2a: Ursaluna|spd|1\n|-damage|p2a: Ursaluna|5\/100 brn|[from] item: Rocky Helmet|[of] p1a: Dondozo\n|\n|-damage|p2a: Ursaluna|0 fnt|[from] brn\n|faint|p2a: Ursaluna\n|upkeep\n|inactive|OUVT TOSHI has 120 seconds left.\n|\n|t:|1700318549\n|switch|p2a: Zapdos|Zapdos|58\/100 psn\n|turn|21\n|\n|t:|1700318553\n|switch|p1a: Hatterene|Hatterene, F|100\/100 par\n|move|p2a: Zapdos|Hurricane|p1a: Hatterene|[miss]\n|-miss|p2a: Zapdos|p1a: Hatterene\n|\n|-damage|p2a: Zapdos|46\/100 psn|[from] psn\n|upkeep\n|turn|22\n|\n|t:|1700318565\n|switch|p2a: Ogerpon|Ogerpon-Wellspring, F|100\/100\n|move|p1a: Hatterene|Psyshock|p2a: Ogerpon\n|-damage|p2a: Ogerpon|42\/100\n|\n|upkeep\n|turn|23\n|\n|t:|1700318571\n|switch|p1a: Dragapult|Dragapult, F|100\/100\n|move|p2a: Ogerpon|Horn Leech|p1a: Dragapult\n|-resisted|p1a: Dragapult\n|-damage|p1a: Dragapult|71\/100\n|-heal|p2a: Ogerpon|57\/100|[from] drain|[of] p1a: Dragapult\n|\n|upkeep\n|turn|24\n|\n|t:|1700318576\n|switch|p2a: Ting-Lu|Ting-Lu|59\/100\n|-ability|p2a: Ting-Lu|Vessel of Ruin\n|move|p1a: Dragapult|U-turn|p2a: Ting-Lu\n|-supereffective|p2a: Ting-Lu\n|-damage|p2a: Ting-Lu|39\/100\n|\n|t:|1700318579\n|switch|p1a: Kingambit|Kingambit, F|100\/100|[from] U-turn\n|-activate|p1a: Kingambit|ability: Supreme Overlord\n|-start|p1a: Kingambit|fallen1|[silent]\n|\n|-heal|p2a: Ting-Lu|46\/100|[from] item: Leftovers\n|upkeep\n|turn|25\n|\n|t:|1700318591\n|move|p1a: Kingambit|Iron Head|p2a: Ting-Lu\n|-damage|p2a: Ting-Lu|18\/100\n|move|p2a: Ting-Lu|Earthquake|p1a: Kingambit\n|-supereffective|p1a: Kingambit\n|-damage|p1a: Kingambit|50\/100\n|\n|-heal|p1a: Kingambit|56\/100|[from] item: Leftovers\n|-heal|p2a: Ting-Lu|24\/100|[from] item: Leftovers\n|upkeep\n|turn|26\n|\n|t:|1700318603\n|switch|p2a: Zapdos|Zapdos|46\/100 psn\n|move|p1a: Kingambit|Iron Head|p2a: Zapdos\n|-resisted|p2a: Zapdos\n|-damage|p2a: Zapdos|24\/100 psn\n|\n|-heal|p1a: Kingambit|62\/100|[from] item: Leftovers\n|-damage|p2a: Zapdos|12\/100 psn|[from] psn\n|upkeep\n|turn|27\n|\n|t:|1700318607\n|move|p2a: Zapdos|Heat Wave|p1a: Kingambit\n|-supereffective|p1a: Kingambit\n|-damage|p1a: Kingambit|10\/100\n|-status|p1a: Kingambit|brn\n|move|p1a: Kingambit|Kowtow Cleave|p2a: Zapdos\n|-damage|p2a: Zapdos|0 fnt\n|faint|p2a: Zapdos\n|\n|-heal|p1a: Kingambit|17\/100 brn|[from] item: Leftovers\n|-damage|p1a: Kingambit|10\/100 brn|[from] brn\n|upkeep\n|j| Shyve\n|\n|t:|1700318635\n|switch|p2a: Iron Moth|Iron Moth|100\/100\n|-enditem|p2a: Iron Moth|Booster Energy\n|-activate|p2a: Iron Moth|ability: Quark Drive|[fromitem]\n|-start|p2a: Iron Moth|quarkdrivespe\n|turn|28\n|\n|t:|1700318639\n|move|p2a: Iron Moth|Fiery Dance|p1a: Kingambit\n|-supereffective|p1a: Kingambit\n|-damage|p1a: Kingambit|0 fnt\n|-boost|p2a: Iron Moth|spa|1\n|faint|p1a: Kingambit\n|-end|p1a: Kingambit|fallen1|[silent]\n|\n|upkeep\n|\n|t:|1700318644\n|switch|p1a: Dragapult|Dragapult, F|71\/100\n|turn|29\n|\n|t:|1700318648\n|-terastallize|p1a: Dragapult|Ghost\n|move|p2a: Iron Moth|Dazzling Gleam|p1a: Dragapult\n|-damage|p1a: Dragapult|20\/100\n|move|p1a: Dragapult|Draco Meteor|p2a: Iron Moth\n|-damage|p2a: Iron Moth|7\/100\n|-unboost|p1a: Dragapult|spa|2\n|\n|upkeep\n|turn|30\n|j| galefang\n|\n|t:|1700318664\n|switch|p1a: Great Tusk|Great Tusk|58\/100\n|move|p2a: Iron Moth|Fiery Dance|p1a: Great Tusk\n|-damage|p1a: Great Tusk|0 fnt\n|faint|p1a: Great Tusk\n|-end|p1a: Great Tusk|Protosynthesis|[silent]\n|\n|upkeep\n|\n|t:|1700318666\n|switch|p1a: Hatterene|Hatterene, F|100\/100 par\n|turn|31\n|\n|t:|1700318669\n|move|p2a: Iron Moth|Sludge Wave|p1a: Hatterene\n|-supereffective|p1a: Hatterene\n|-damage|p1a: Hatterene|0 fnt\n|faint|p1a: Hatterene\n|\n|upkeep\n|\n|t:|1700318671\n|switch|p1a: Dragapult|Dragapult, F, tera:Ghost|20\/100\n|turn|32\n|\n|t:|1700318675\n|move|p2a: Iron Moth|Fiery Dance|p1a: Dragapult\n|-damage|p1a: Dragapult|0 fnt\n|-boost|p2a: Iron Moth|spa|1\n|faint|p1a: Dragapult\n|\n|upkeep\n|-message|jw0311 forfeited.\n|\n|win|OUVT TOSHI\n|raw|jw0311's rating: 1830 &rarr; <strong>1810<\/strong><br \/>(-20 for losing)\n|raw|OUVT TOSHI's rating: 1836 &rarr; <strong>1856<\/strong><br \/>(+20 for winning)\n|l|\u2606jw0311\n","uploadtime":1700318687,"views":11,"p1id":"jw0311","p2id":"ouvttoshi","formatid":"gen9ou","rating":1810,"private":0,"password":""}