{"id":"gen9ou-1991533905","p1":"moyerf ou","p2":"Auburn Hills","format":"[Gen 9] OU","log":"|j|\u2606moyerf ou\n|j|\u2606Auburn Hills\n|t:|1700085793\n|gametype|singles\n|player|p1|moyerf ou|wattson|1538\n|player|p2|Auburn Hills|alder|1682\n|teamsize|p1|6\n|teamsize|p2|6\n|gen|9\n|tier|[Gen 9] OU\n|rated|\n|rule|Sleep Clause Mod: Limit one foe put to sleep\n|rule|Species Clause: Limit one of each Pok\u00e9mon\n|rule|OHKO Clause: OHKO moves are banned\n|rule|Evasion Items Clause: Evasion items are banned\n|rule|Evasion Moves Clause: Evasion moves are banned\n|rule|Endless Battle Clause: Forcing endless battles is banned\n|rule|HP Percentage Mod: HP is shown in percentages\n|clearpoke\n|poke|p1|Ursaluna, F|\n|poke|p1|Enamorus, F|\n|poke|p1|Ceruledge, F|\n|poke|p1|Maushold|\n|poke|p1|Walking Wake|\n|poke|p1|Dragonite, M|\n|poke|p2|Iron Moth|\n|poke|p2|Umbreon, M|\n|poke|p2|Garchomp, F|\n|poke|p2|Glimmora, F|\n|poke|p2|Gholdengo|\n|poke|p2|Dragonite, F|\n|teampreview\n|inactive|Battle timer is ON: inactive players will automatically lose when time's up. (requested by moyerf ou)\n|\n|t:|1700085846\n|start\n|switch|p1a: Enamorus|Enamorus, F|100\/100\n|switch|p2a: Rat Tally|Garchomp, F|100\/100\n|turn|1\n|\n|t:|1700085862\n|-terastallize|p2a: Rat Tally|Electric\n|move|p1a: Enamorus|Earth Power|p2a: Rat Tally\n|-supereffective|p2a: Rat Tally\n|-damage|p2a: Rat Tally|31\/100\n|-unboost|p2a: Rat Tally|spd|1\n|move|p2a: Rat Tally|Tera Blast|p1a: Enamorus|[anim] Tera Blast Electric\n|-supereffective|p1a: Enamorus\n|-damage|p1a: Enamorus|0 fnt\n|faint|p1a: Enamorus\n|\n|-heal|p2a: Rat Tally|37\/100|[from] item: Leftovers\n|upkeep\n|inactive|moyerf ou has 120 seconds left.\n|inactive|moyerf ou has 90 seconds left.\n|\n|t:|1700085917\n|switch|p1a: Walking Wake|Walking Wake|100\/100\n|-enditem|p1a: Walking Wake|Booster Energy\n|-activate|p1a: Walking Wake|ability: Protosynthesis|[fromitem]\n|-start|p1a: Walking Wake|protosynthesisspa\n|turn|2\n|inactive|moyerf ou has 90 seconds left.\n|\n|t:|1700085939\n|switch|p2a: Alvvays|Umbreon, M|100\/100\n|move|p1a: Walking Wake|Substitute|p1a: Walking Wake\n|-start|p1a: Walking Wake|Substitute\n|-damage|p1a: Walking Wake|76\/100\n|\n|upkeep\n|turn|3\n|\n|t:|1700085947\n|move|p1a: Walking Wake|Agility|p1a: Walking Wake\n|-boost|p1a: Walking Wake|spe|2\n|move|p2a: Alvvays|Foul Play|p1a: Walking Wake\n|-activate|p1a: Walking Wake|move: Substitute|[damage]\n|\n|upkeep\n|turn|4\n|\n|t:|1700085951\n|move|p1a: Walking Wake|Surf|p2a: Alvvays\n|-damage|p2a: Alvvays|67\/100\n|move|p2a: Alvvays|Wish|p2a: Alvvays\n|\n|-heal|p2a: Alvvays|73\/100|[from] item: Leftovers\n|upkeep\n|turn|5\n|\n|t:|1700085954\n|move|p1a: Walking Wake|Surf|p2a: Alvvays\n|-damage|p2a: Alvvays|36\/100\n|move|p2a: Alvvays|Foul Play|p1a: Walking Wake\n|-end|p1a: Walking Wake|Substitute\n|\n|-heal|p2a: Alvvays|86\/100|[from] move: Wish|[wisher] Alvvays\n|-heal|p2a: Alvvays|92\/100|[from] item: Leftovers\n|upkeep\n|turn|6\n|\n|t:|1700085965\n|move|p1a: Walking Wake|Surf|p2a: Alvvays\n|-damage|p2a: Alvvays|57\/100\n|move|p2a: Alvvays|Wish|p2a: Alvvays\n|\n|-heal|p2a: Alvvays|63\/100|[from] item: Leftovers\n|upkeep\n|turn|7\n|\n|t:|1700085969\n|move|p1a: Walking Wake|Substitute|p1a: Walking Wake\n|-start|p1a: Walking Wake|Substitute\n|-damage|p1a: Walking Wake|51\/100\n|move|p2a: Alvvays|Foul Play|p1a: Walking Wake\n|-crit|p1a: Walking Wake\n|-end|p1a: Walking Wake|Substitute\n|\n|-heal|p2a: Alvvays|100\/100|[from] move: Wish|[wisher] Alvvays\n|upkeep\n|turn|8\n|inactive|moyerf ou has 120 seconds left.\n|\n|t:|1700085978\n|move|p1a: Walking Wake|Surf|p2a: Alvvays\n|-damage|p2a: Alvvays|69\/100\n|move|p2a: Alvvays|Thunder Wave|p1a: Walking Wake\n|-status|p1a: Walking Wake|par\n|\n|-heal|p2a: Alvvays|75\/100|[from] item: Leftovers\n|upkeep\n|turn|9\n|inactive|moyerf ou has 120 seconds left.\n|\n|t:|1700086003\n|move|p1a: Walking Wake|Surf|p2a: Alvvays\n|-damage|p2a: Alvvays|39\/100\n|move|p2a: Alvvays|Wish|p2a: Alvvays\n|\n|-heal|p2a: Alvvays|45\/100|[from] item: Leftovers\n|upkeep\n|turn|10\n|\n|t:|1700086013\n|-terastallize|p1a: Walking Wake|Water\n|move|p1a: Walking Wake|Surf|p2a: Alvvays\n|-damage|p2a: Alvvays|0 fnt\n|faint|p2a: Alvvays\n|\n|upkeep\n|\n|t:|1700086019\n|switch|p2a: Elucid|Dragonite, F|100\/100\n|turn|11\n|\n|t:|1700086023\n|move|p1a: Walking Wake|Dragon Pulse|p2a: Elucid\n|-supereffective|p2a: Elucid\n|-damage|p2a: Elucid|39\/100\n|move|p2a: Elucid|Dragon Dance|p2a: Elucid\n|-boost|p2a: Elucid|atk|1\n|-boost|p2a: Elucid|spe|1\n|\n|upkeep\n|turn|12\n|inactive|moyerf ou has 120 seconds left.\n|\n|t:|1700086034\n|move|p2a: Elucid|Earthquake|p1a: Walking Wake\n|-damage|p1a: Walking Wake|0 fnt\n|faint|p1a: Walking Wake\n|-end|p1a: Walking Wake|Protosynthesis|[silent]\n|\n|upkeep\n|inactive|moyerf ou has 120 seconds left.\n|\n|t:|1700086045\n|switch|p1a: Ceruledge|Ceruledge, F|100\/100\n|turn|13\n|\n|t:|1700086048\n|move|p2a: Elucid|Earthquake|p1a: Ceruledge\n|-supereffective|p1a: Ceruledge\n|-enditem|p1a: Ceruledge|Focus Sash\n|-damage|p1a: Ceruledge|1\/100\n|-ability|p1a: Ceruledge|Weak Armor|boost\n|-unboost|p1a: Ceruledge|def|1\n|-boost|p1a: Ceruledge|spe|2\n|move|p1a: Ceruledge|Poltergeist|p2a: Elucid\n|-activate|p2a: Elucid|move: Poltergeist|Heavy-Duty Boots\n|-crit|p2a: Elucid\n|-damage|p2a: Elucid|0 fnt\n|faint|p2a: Elucid\n|\n|upkeep\n|\n|t:|1700086062\n|switch|p2a: Rat Tally|Garchomp, F, tera:Electric|37\/100\n|turn|14\n|\n|t:|1700086076\n|move|p1a: Ceruledge|Bitter Blade|p2a: Rat Tally\n|-damage|p2a: Rat Tally|0 fnt\n|-heal|p1a: Ceruledge|24\/100|[from] drain|[of] p2a: Rat Tally\n|-damage|p1a: Ceruledge|11\/100|[from] ability: Rough Skin|[of] p2a: Rat Tally\n|faint|p2a: Rat Tally\n|\n|upkeep\n|\n|t:|1700086082\n|switch|p2a: Julia Jacklin|Glimmora, F|100\/100\n|turn|15\n|\n|t:|1700086092\n|move|p1a: Ceruledge|Poltergeist|p2a: Julia Jacklin\n|-activate|p2a: Julia Jacklin|move: Poltergeist|Focus Sash\n|-damage|p2a: Julia Jacklin|37\/100\n|-activate|p2a: Julia Jacklin|ability: Toxic Debris\n|-sidestart|p1: moyerf ou|move: Toxic Spikes\n|move|p2a: Julia Jacklin|Earth Power|p1a: Ceruledge\n|-supereffective|p1a: Ceruledge\n|-damage|p1a: Ceruledge|0 fnt\n|faint|p1a: Ceruledge\n|\n|upkeep\n|\n|t:|1700086107\n|switch|p1a: Maushold|Maushold|100\/100\n|-status|p1a: Maushold|psn\n|turn|16\n|\n|t:|1700086115\n|move|p1a: Maushold|Tidy Up|p1a: Maushold\n|-sideend|p1: moyerf ou|Toxic Spikes\n|-activate|p1a: Maushold|move: Tidy Up\n|-boost|p1a: Maushold|atk|1\n|-boost|p1a: Maushold|spe|1\n|move|p2a: Julia Jacklin|Sludge Wave|p1a: Maushold\n|-damage|p1a: Maushold|26\/100 psn\n|\n|-damage|p1a: Maushold|13\/100 psn|[from] psn\n|upkeep\n|turn|17\n|\n|t:|1700086123\n|move|p1a: Maushold|Population Bomb|p2a: Julia Jacklin\n|-resisted|p2a: Julia Jacklin\n|-damage|p2a: Julia Jacklin|27\/100\n|-activate|p2a: Julia Jacklin|ability: Toxic Debris\n|-sidestart|p1: moyerf ou|move: Toxic Spikes\n|-resisted|p2a: Julia Jacklin\n|-damage|p2a: Julia Jacklin|17\/100\n|-activate|p2a: Julia Jacklin|ability: Toxic Debris\n|-sidestart|p1: moyerf ou|move: Toxic Spikes\n|-resisted|p2a: Julia Jacklin\n|-damage|p2a: Julia Jacklin|8\/100\n|-resisted|p2a: Julia Jacklin\n|-damage|p2a: Julia Jacklin|0 fnt\n|faint|p2a: Julia Jacklin\n|-hitcount|p2: Julia Jacklin|4\n|\n|-damage|p1a: Maushold|1\/100 psn|[from] psn\n|upkeep\n|\n|t:|1700086128\n|switch|p2a: Carly Rae|Iron Moth|100\/100\n|-enditem|p2a: Carly Rae|Booster Energy\n|-activate|p2a: Carly Rae|ability: Quark Drive|[fromitem]\n|-start|p2a: Carly Rae|quarkdrivespe\n|turn|18\n|\n|t:|1700086133\n|-end|p2a: Carly Rae|Quark Drive|[silent]\n|switch|p2a: Smino|Gholdengo|100\/100\n|move|p1a: Maushold|Population Bomb|p2a: Smino\n|-immune|p2a: Smino\n|\n|-damage|p1a: Maushold|0 fnt|[from] psn\n|faint|p1a: Maushold\n|upkeep\n|\n|t:|1700086143\n|switch|p1a: Ursaluna|Ursaluna, F|100\/100\n|-status|p1a: Ursaluna|tox\n|turn|19\n|\n|t:|1700086147\n|move|p2a: Smino|Make It Rain|p1a: Ursaluna\n|-damage|p1a: Ursaluna|37\/100 tox\n|-unboost|p2a: Smino|spa|1\n|move|p1a: Ursaluna|Earthquake|p2a: Smino\n|-supereffective|p2a: Smino\n|-damage|p2a: Smino|0 fnt\n|faint|p2a: Smino\n|\n|-damage|p1a: Ursaluna|31\/100 tox|[from] psn\n|upkeep\n|\n|t:|1700086151\n|switch|p2a: Carly Rae|Iron Moth|100\/100\n|turn|20\n|\n|t:|1700086157\n|move|p2a: Carly Rae|Fiery Dance|p1a: Ursaluna\n|-damage|p1a: Ursaluna|0 fnt\n|-boost|p2a: Carly Rae|spa|1\n|faint|p1a: Ursaluna\n|\n|upkeep\n|\n|t:|1700086159\n|switch|p1a: Dragonite|Dragonite, M|100\/100\n|turn|21\n|c|\u2606Auburn Hills|shoul've saved umbreon\n|c|\u2606moyerf ou|yeah thats why i went all in for the tera\n|\n|t:|1700086174\n|move|p2a: Carly Rae|Discharge|p1a: Dragonite\n|-damage|p1a: Dragonite|78\/100\n|move|p1a: Dragonite|Outrage|p2a: Carly Rae\n|-damage|p2a: Carly Rae|0 fnt\n|faint|p2a: Carly Rae\n|-end|p2a: Carly Rae|Quark Drive|[silent]\n|\n|win|moyerf ou\n|raw|moyerf ou's rating: 1538 &rarr; <strong>1566<\/strong><br \/>(+28 for winning)\n|raw|Auburn Hills's rating: 1682 &rarr; <strong>1654<\/strong><br \/>(-28 for losing)\n|c|\u2606Auburn Hills|gg\n|c|\u2606moyerf ou|ggs tho\n|l|\u2606Auburn Hills\n","uploadtime":1700086196,"views":8,"p1id":"moyerfou","p2id":"auburnhills","formatid":"gen9ou","rating":1566,"private":0,"password":""}