{"id":"gen9ou-1990165348","p1":"Fr0sTtzz","p2":"JaimeLX","format":"[Gen 9] OU","log":"|j|\u2606Fr0sTtzz\n|j|\u2606JaimeLX\n|t:|1699931806\n|gametype|singles\n|player|p1|Fr0sTtzz|102|\n|player|p2|JaimeLX|cynthia|\n|teamsize|p1|6\n|teamsize|p2|6\n|gen|9\n|tier|[Gen 9] OU\n|rule|Sleep Clause Mod: Limit one foe put to sleep\n|rule|Species Clause: Limit one of each Pok\u00e9mon\n|rule|OHKO Clause: OHKO moves are banned\n|rule|Evasion Items Clause: Evasion items are banned\n|rule|Evasion Moves Clause: Evasion moves are banned\n|rule|Endless Battle Clause: Forcing endless battles is banned\n|rule|HP Percentage Mod: HP is shown in percentages\n|clearpoke\n|poke|p1|Gholdengo|\n|poke|p1|Iron Valiant|\n|poke|p1|Lucario, M|\n|poke|p1|Arcanine-Hisui, F|\n|poke|p1|Meowscarada, F|\n|poke|p1|Torkoal, M|\n|poke|p2|Hydreigon, F|\n|poke|p2|Goodra-Hisui, F|\n|poke|p2|Kommo-o, F|\n|poke|p2|Dragalge, F|\n|poke|p2|Cyclizar, M|\n|poke|p2|Dragonite, M|\n|teampreview\n|\n|t:|1699931832\n|start\n|switch|p1a: Torkoal|Torkoal, M|100\/100\n|switch|p2a: Hydreigon|Hydreigon, F|100\/100\n|-weather|SunnyDay|[from] ability: Drought|[of] p1a: Torkoal\n|turn|1\n|\n|t:|1699931840\n|move|p2a: Hydreigon|Earth Power|p1a: Torkoal\n|-supereffective|p1a: Torkoal\n|-damage|p1a: Torkoal|27\/100\n|move|p1a: Torkoal|Stealth Rock|p2a: Hydreigon\n|-sidestart|p2: JaimeLX|move: Stealth Rock\n|\n|-weather|SunnyDay|[upkeep]\n|upkeep\n|turn|2\n|\n|t:|1699931862\n|move|p2a: Hydreigon|Earth Power|p1a: Torkoal\n|-supereffective|p1a: Torkoal\n|-damage|p1a: Torkoal|0 fnt\n|faint|p1a: Torkoal\n|\n|-weather|SunnyDay|[upkeep]\n|upkeep\n|\n|t:|1699931865\n|switch|p1a: Lucario|Lucario, M|100\/100\n|turn|3\n|\n|t:|1699931890\n|move|p1a: Lucario|Extreme Speed|p2a: Hydreigon\n|-damage|p2a: Hydreigon|69\/100\n|-damage|p1a: Lucario|91\/100|[from] item: Life Orb\n|move|p2a: Hydreigon|Earth Power|p1a: Lucario\n|-supereffective|p1a: Lucario\n|-damage|p1a: Lucario|0 fnt\n|faint|p1a: Lucario\n|\n|-weather|SunnyDay|[upkeep]\n|upkeep\n|\n|t:|1699931910\n|switch|p1a: Gholdengo|Gholdengo|100\/100\n|turn|4\n|\n|t:|1699931924\n|move|p2a: Hydreigon|Dark Pulse|p1a: Gholdengo\n|-supereffective|p1a: Gholdengo\n|-damage|p1a: Gholdengo|5\/100\n|move|p1a: Gholdengo|Shadow Ball|p2a: Hydreigon\n|-resisted|p2a: Hydreigon\n|-damage|p2a: Hydreigon|43\/100\n|-unboost|p2a: Hydreigon|spd|1\n|\n|-weather|SunnyDay|[upkeep]\n|-heal|p1a: Gholdengo|11\/100|[from] item: Leftovers\n|upkeep\n|turn|5\n|\n|t:|1699931936\n|move|p2a: Hydreigon|Dark Pulse|p1a: Gholdengo\n|-supereffective|p1a: Gholdengo\n|-damage|p1a: Gholdengo|0 fnt\n|faint|p1a: Gholdengo\n|\n|-weather|none\n|upkeep\n|\n|t:|1699931940\n|switch|p1a: Iron Valiant|Iron Valiant|100\/100\n|-enditem|p1a: Iron Valiant|Booster Energy\n|-activate|p1a: Iron Valiant|ability: Quark Drive|[fromitem]\n|-start|p1a: Iron Valiant|quarkdrivespe\n|turn|6\n|\n|t:|1699931953\n|move|p1a: Iron Valiant|Close Combat|p2a: Hydreigon\n|-supereffective|p2a: Hydreigon\n|-damage|p2a: Hydreigon|0 fnt\n|-unboost|p1a: Iron Valiant|def|1\n|-unboost|p1a: Iron Valiant|spd|1\n|faint|p2a: Hydreigon\n|\n|upkeep\n|\n|t:|1699931994\n|switch|p2a: Cyclizar|Cyclizar, M|100\/100\n|-damage|p2a: Cyclizar|88\/100|[from] Stealth Rock\n|turn|7\n|\n|t:|1699932006\n|move|p2a: Cyclizar|Hyper Voice|p1a: Iron Valiant\n|-damage|p1a: Iron Valiant|10\/100\n|move|p1a: Iron Valiant|Close Combat|p2a: Cyclizar\n|-supereffective|p2a: Cyclizar\n|-damage|p2a: Cyclizar|0 fnt\n|-unboost|p1a: Iron Valiant|def|1\n|-unboost|p1a: Iron Valiant|spd|1\n|faint|p2a: Cyclizar\n|\n|upkeep\n|\n|t:|1699932020\n|switch|p2a: Dragonite|Dragonite, M|100\/100\n|-damage|p2a: Dragonite|76\/100|[from] Stealth Rock\n|turn|8\n|c|\u2606JaimeLX|mas joga\n|\n|t:|1699932099\n|move|p2a: Dragonite|Extreme Speed|p1a: Iron Valiant\n|-damage|p1a: Iron Valiant|0 fnt\n|faint|p1a: Iron Valiant\n|-end|p1a: Iron Valiant|Quark Drive|[silent]\n|-damage|p2a: Dragonite|66\/100|[from] item: Life Orb\n|\n|upkeep\n|\n|t:|1699932112\n|switch|p1a: Arcanine|Arcanine-Hisui, F|100\/100\n|turn|9\n|\n|t:|1699932155\n|switch|p2a: Goodra|Goodra-Hisui, F|100\/100\n|-damage|p2a: Goodra|94\/100|[from] Stealth Rock\n|move|p1a: Arcanine|Head Smash|p2a: Goodra|[miss]\n|-miss|p1a: Arcanine|p2a: Goodra\n|\n|upkeep\n|turn|10\n|\n|t:|1699932198\n|move|p1a: Arcanine|Flare Blitz|p2a: Goodra\n|-damage|p2a: Goodra|42\/100\n|move|p2a: Goodra|Flash Cannon|p1a: Arcanine\n|-damage|p1a: Arcanine|68\/100\n|\n|upkeep\n|turn|11\n|\n|t:|1699932234\n|move|p1a: Arcanine|Flare Blitz|p2a: Goodra\n|-damage|p2a: Goodra|0 fnt\n|faint|p2a: Goodra\n|\n|upkeep\n|\n|t:|1699932256\n|switch|p2a: Dragalge|Dragalge, F|100\/100\n|-damage|p2a: Dragalge|88\/100|[from] Stealth Rock\n|turn|12\n|\n|t:|1699932263\n|move|p1a: Arcanine|Head Smash|p2a: Dragalge\n|-damage|p2a: Dragalge|14\/100\n|move|p2a: Dragalge|Flip Turn|p1a: Arcanine\n|-supereffective|p1a: Arcanine\n|-damage|p1a: Arcanine|20\/100\n|\n|t:|1699932269\n|switch|p2a: Dragonite|Dragonite, M|66\/100|[from] Flip Turn\n|-damage|p2a: Dragonite|41\/100|[from] Stealth Rock\n|\n|upkeep\n|turn|13\n|\n|t:|1699932285\n|move|p1a: Arcanine|Extreme Speed|p2a: Dragonite\n|-damage|p2a: Dragonite|14\/100\n|move|p2a: Dragonite|Extreme Speed|p1a: Arcanine\n|-resisted|p1a: Arcanine\n|-crit|p1a: Arcanine\n|-damage|p1a: Arcanine|0 fnt\n|faint|p1a: Arcanine\n|-damage|p2a: Dragonite|4\/100|[from] item: Life Orb\n|\n|upkeep\n|\n|t:|1699932291\n|switch|p1a: Meowscarada|Meowscarada, F|100\/100\n|turn|14\n|\n|t:|1699932304\n|move|p1a: Meowscarada|Play Rough|p2a: Dragonite|[miss]\n|-start|p1a: Meowscarada|typechange|Fairy|[from] ability: Protean\n|-miss|p1a: Meowscarada|p2a: Dragonite\n|move|p2a: Dragonite|Dragon Dance|p2a: Dragonite\n|-boost|p2a: Dragonite|atk|1\n|-boost|p2a: Dragonite|spe|1\n|\n|upkeep\n|turn|15\n|\n|t:|1699932337\n|move|p2a: Dragonite|Extreme Speed|p1a: Meowscarada\n|-damage|p1a: Meowscarada|5\/100\n|-damage|p2a: Dragonite|0 fnt|[from] item: Life Orb\n|faint|p2a: Dragonite\n|move|p1a: Meowscarada|Play Rough|p2: Dragonite|[notarget]\n|-fail|p1a: Meowscarada\n|\n|upkeep\n|\n|t:|1699932353\n|switch|p2a: Dragalge|Dragalge, F|14\/100\n|-damage|p2a: Dragalge|2\/100|[from] Stealth Rock\n|turn|16\n|\n|t:|1699932364\n|move|p1a: Meowscarada|Sucker Punch||[still]\n|-fail|p1a: Meowscarada\n|move|p2a: Dragalge|Toxic|p1a: Meowscarada\n|-status|p1a: Meowscarada|tox\n|\n|-heal|p2a: Dragalge|8\/100|[from] item: Leftovers\n|-damage|p1a: Meowscarada|0 fnt|[from] psn\n|faint|p1a: Meowscarada\n|\n|win|JaimeLX\n|upkeep\n|l|\u2606Fr0sTtzz\n","uploadtime":1699932404,"views":26,"p1id":"fr0sttzz","p2id":"jaimelx","formatid":"gen9ou","rating":0,"private":0,"password":""}