{"id":"gen9ou-1997352908","p1":"re are","p2":"TY SM MY GUY","format":"[Gen 9] OU","log":"|j|\u2606re are\n|j|\u2606TY SM MY GUY\n|t:|1700793104\n|gametype|singles\n|player|p1|re are|2|1156\n|player|p2|TY SM MY GUY|hoopster|1233\n|teamsize|p1|6\n|teamsize|p2|6\n|gen|9\n|tier|[Gen 9] OU\n|rated|\n|rule|Sleep Clause Mod: Limit one foe put to sleep\n|rule|Species Clause: Limit one of each Pok\u00e9mon\n|rule|OHKO Clause: OHKO moves are banned\n|rule|Evasion Items Clause: Evasion items are banned\n|rule|Evasion Moves Clause: Evasion moves are banned\n|rule|Endless Battle Clause: Forcing endless battles is banned\n|rule|HP Percentage Mod: HP is shown in percentages\n|clearpoke\n|poke|p1|Ninetales-Alola, M|\n|poke|p1|Garganacl, M|\n|poke|p1|Ting-Lu|\n|poke|p1|Dragonite, M|\n|poke|p1|Greninja-*, M|\n|poke|p1|Heatran, F|\n|poke|p2|Glimmora, F|\n|poke|p2|Great Tusk|\n|poke|p2|Hatterene, F|\n|poke|p2|Greninja-*, M|\n|poke|p2|Brambleghast, M|\n|poke|p2|Zoroark-Hisui, M|\n|teampreview\n|\n|t:|1700793116\n|start\n|switch|p1a: Ting-Lu|Ting-Lu|100\/100\n|switch|p2a: Glimmora|Glimmora, F, shiny|100\/100\n|-ability|p1a: Ting-Lu|Vessel of Ruin\n|turn|1\n|inactive|Battle timer is ON: inactive players will automatically lose when time's up. (requested by re are)\n|\n|t:|1700793127\n|move|p2a: Glimmora|Trick|p1a: Ting-Lu\n|-activate|p2a: Glimmora|move: Trick|[of] p1a: Ting-Lu\n|-item|p1a: Ting-Lu|Choice Scarf|[from] move: Trick\n|-item|p2a: Glimmora|Leftovers|[from] move: Trick\n|move|p1a: Ting-Lu|Stealth Rock|p2a: Glimmora\n|-sidestart|p2: TY SM MY GUY|move: Stealth Rock\n|\n|upkeep\n|turn|2\n|\n|t:|1700793137\n|switch|p1a: Heatran|Heatran, F|100\/100\n|move|p2a: Glimmora|Bitter Malice|p1a: Heatran\n|-damage|p1a: Heatran|64\/100\n|-unboost|p1a: Heatran|atk|1\n|\n|-heal|p1a: Heatran|71\/100|[from] item: Leftovers\n|upkeep\n|turn|3\n|\n|t:|1700793156\n|switch|p1a: Ting-Lu|Ting-Lu|100\/100\n|-ability|p1a: Ting-Lu|Vessel of Ruin\n|move|p2a: Glimmora|Bitter Malice|p1a: Ting-Lu\n|-resisted|p1a: Ting-Lu\n|-damage|p1a: Ting-Lu|92\/100\n|-unboost|p1a: Ting-Lu|atk|1\n|\n|upkeep\n|turn|4\n|\n|t:|1700793171\n|move|p2a: Glimmora|Bitter Malice|p1a: Ting-Lu\n|-resisted|p1a: Ting-Lu\n|-damage|p1a: Ting-Lu|84\/100\n|-unboost|p1a: Ting-Lu|atk|1\n|move|p1a: Ting-Lu|Earthquake|p2a: Glimmora\n|-crit|p2a: Glimmora\n|-damage|p2a: Glimmora|0 fnt\n|replace|p2a: Zoroark|Zoroark-Hisui, M, shiny\n|-end|p2a: Zoroark|Illusion\n|faint|p2a: Zoroark\n|\n|upkeep\n|\n|t:|1700793179\n|switch|p2a: Glimmora|Glimmora, F, shiny|100\/100\n|-damage|p2a: Glimmora|88\/100|[from] Stealth Rock\n|-item|p2a: Glimmora|Air Balloon\n|turn|5\n|\n|t:|1700793188\n|switch|p1a: Heatran|Heatran, F|71\/100\n|move|p2a: Glimmora|Power Gem|p1a: Heatran\n|-damage|p1a: Heatran|40\/100\n|\n|-heal|p1a: Heatran|46\/100|[from] item: Leftovers\n|upkeep\n|turn|6\n|\n|t:|1700793200\n|move|p2a: Glimmora|Earth Power|p1a: Heatran\n|-supereffective|p1a: Heatran\n|-damage|p1a: Heatran|0 fnt\n|faint|p1a: Heatran\n|\n|upkeep\n|\n|t:|1700793217\n|switch|p1a: Ninetales|Ninetales-Alola, M|100\/100\n|-weather|Snow|[from] ability: Snow Warning|[of] p1a: Ninetales\n|turn|7\n|\n|t:|1700793224\n|move|p1a: Ninetales|Freeze-Dry|p2a: Glimmora\n|-damage|p2a: Glimmora|58\/100\n|-enditem|p2a: Glimmora|Air Balloon\n|move|p2a: Glimmora|Power Gem|p1a: Ninetales\n|-supereffective|p1a: Ninetales\n|-damage|p1a: Ninetales|25\/100\n|\n|-weather|Snow|[upkeep]\n|upkeep\n|turn|8\n|\n|t:|1700793234\n|move|p1a: Ninetales|Aurora Veil|p1a: Ninetales\n|-sidestart|p1: re are|move: Aurora Veil\n|move|p2a: Glimmora|Stealth Rock|p1a: Ninetales\n|-sidestart|p1: re are|move: Stealth Rock\n|\n|-weather|Snow|[upkeep]\n|upkeep\n|turn|9\n|\n|t:|1700793244\n|-terastallize|p1a: Ninetales|Water\n|move|p1a: Ninetales|Tera Blast|p2a: Glimmora|[anim] Tera Blast Water\n|-supereffective|p2a: Glimmora\n|-damage|p2a: Glimmora|0 fnt\n|faint|p2a: Glimmora\n|\n|-weather|Snow|[upkeep]\n|upkeep\n|\n|t:|1700793257\n|switch|p2a: Greninja|Greninja, M|100\/100\n|-damage|p2a: Greninja|88\/100|[from] Stealth Rock\n|turn|10\n|\n|t:|1700793262\n|move|p2a: Greninja|Dark Pulse|p1a: Ninetales\n|-damage|p1a: Ninetales|0 fnt\n|faint|p1a: Ninetales\n|-ability|p2a: Greninja|Battle Bond|boost\n|-boost|p2a: Greninja|atk|1\n|-boost|p2a: Greninja|spa|1\n|-boost|p2a: Greninja|spe|1\n|-activate|p2a: Greninja|ability: Battle Bond\n|-damage|p2a: Greninja|78\/100|[from] item: Life Orb\n|\n|-weather|Snow|[upkeep]\n|upkeep\n|\n|t:|1700793273\n|switch|p1a: Garganacl|Garganacl, M|100\/100\n|-damage|p1a: Garganacl|88\/100|[from] Stealth Rock\n|turn|11\n|\n|t:|1700793283\n|switch|p2a: Hatterene|Hatterene, F, shiny|100\/100\n|-damage|p2a: Hatterene|88\/100|[from] Stealth Rock\n|move|p1a: Garganacl|Body Press|p2a: Hatterene\n|-resisted|p2a: Hatterene\n|-damage|p2a: Hatterene|80\/100\n|-enditem|p2a: Hatterene|Eject Button\n|\n|t:|1700793286\n|switch|p2a: Brambleghast|Brambleghast, M, shiny|100\/100\n|-damage|p2a: Brambleghast|88\/100|[from] Stealth Rock\n|\n|-weather|none\n|-heal|p1a: Garganacl|94\/100|[from] item: Leftovers\n|upkeep\n|turn|12\n|\n|t:|1700793299\n|move|p2a: Brambleghast|Rapid Spin|p1a: Garganacl\n|-resisted|p1a: Garganacl\n|-damage|p1a: Garganacl|92\/100\n|-boost|p2a: Brambleghast|spe|1\n|-sideend|p2: TY SM MY GUY|Stealth Rock|[from] move: Rapid Spin|[of] p2a: Brambleghast\n|move|p1a: Garganacl|Salt Cure|p2a: Brambleghast\n|-damage|p2a: Brambleghast|63\/100\n|-start|p2a: Brambleghast|Salt Cure\n|\n|-heal|p1a: Garganacl|98\/100|[from] item: Leftovers\n|-damage|p2a: Brambleghast|50\/100|[from] Salt Cure\n|upkeep\n|turn|13\n|\n|t:|1700793316\n|-terastallize|p2a: Brambleghast|Fighting\n|move|p2a: Brambleghast|Tera Blast|p1a: Garganacl|[anim] Tera Blast Fighting\n|-supereffective|p1a: Garganacl\n|-damage|p1a: Garganacl|77\/100\n|move|p1a: Garganacl|Iron Defense|p1a: Garganacl\n|-boost|p1a: Garganacl|def|2\n|\n|-heal|p1a: Garganacl|84\/100|[from] item: Leftovers\n|-damage|p2a: Brambleghast|38\/100|[from] Salt Cure\n|upkeep\n|turn|14\n|\n|t:|1700793327\n|move|p2a: Brambleghast|Tera Blast|p1a: Garganacl|[anim] Tera Blast Fighting\n|-supereffective|p1a: Garganacl\n|-damage|p1a: Garganacl|73\/100\n|move|p1a: Garganacl|Salt Cure|p2a: Brambleghast\n|-resisted|p2a: Brambleghast\n|-damage|p2a: Brambleghast|24\/100\n|\n|-heal|p1a: Garganacl|79\/100|[from] item: Leftovers\n|-damage|p2a: Brambleghast|12\/100|[from] Salt Cure\n|upkeep\n|turn|15\n|\n|t:|1700793339\n|move|p2a: Brambleghast|Tera Blast|p1a: Garganacl|[anim] Tera Blast Fighting\n|-supereffective|p1a: Garganacl\n|-damage|p1a: Garganacl|69\/100\n|move|p1a: Garganacl|Iron Defense|p1a: Garganacl\n|-boost|p1a: Garganacl|def|2\n|\n|-heal|p1a: Garganacl|75\/100|[from] item: Leftovers\n|-damage|p2a: Brambleghast|0 fnt|[from] Salt Cure\n|faint|p2a: Brambleghast\n|-sideend|p1: re are|move: Aurora Veil\n|upkeep\n|\n|t:|1700793354\n|switch|p2a: Greninja|Greninja, M|78\/100\n|turn|16\n|\n|t:|1700793374\n|move|p2a: Greninja|Dark Pulse|p1a: Garganacl\n|-damage|p1a: Garganacl|35\/100\n|-damage|p2a: Greninja|69\/100|[from] item: Life Orb\n|cant|p1a: Garganacl|flinch\n|\n|-heal|p1a: Garganacl|41\/100|[from] item: Leftovers\n|upkeep\n|turn|17\n|\n|t:|1700793383\n|move|p2a: Greninja|Dark Pulse|p1a: Garganacl\n|-damage|p1a: Garganacl|3\/100\n|-damage|p2a: Greninja|59\/100|[from] item: Life Orb\n|move|p1a: Garganacl|Body Press|p2a: Greninja\n|-supereffective|p2a: Greninja\n|-damage|p2a: Greninja|0 fnt\n|faint|p2a: Greninja\n|\n|-heal|p1a: Garganacl|9\/100|[from] item: Leftovers\n|upkeep\n|\n|t:|1700793387\n|switch|p2a: Great Tusk|Great Tusk|100\/100\n|-enditem|p2a: Great Tusk|Booster Energy\n|-activate|p2a: Great Tusk|ability: Protosynthesis|[fromitem]\n|-start|p2a: Great Tusk|protosynthesisspe\n|turn|18\n|\n|t:|1700793402\n|move|p2a: Great Tusk|Bulk Up|p2a: Great Tusk\n|-boost|p2a: Great Tusk|atk|1\n|-boost|p2a: Great Tusk|def|1\n|move|p1a: Garganacl|Salt Cure|p2a: Great Tusk\n|-resisted|p2a: Great Tusk\n|-damage|p2a: Great Tusk|99\/100\n|-start|p2a: Great Tusk|Salt Cure\n|\n|-heal|p1a: Garganacl|15\/100|[from] item: Leftovers\n|-damage|p2a: Great Tusk|87\/100|[from] Salt Cure\n|upkeep\n|turn|19\n|\n|t:|1700793413\n|move|p2a: Great Tusk|Body Press|p1a: Garganacl\n|-supereffective|p1a: Garganacl\n|-damage|p1a: Garganacl|0 fnt\n|faint|p1a: Garganacl\n|\n|-damage|p2a: Great Tusk|74\/100|[from] Salt Cure\n|upkeep\n|inactive|re are has 120 seconds left.\n|\n|t:|1700793442\n|switch|p1a: Ting-Lu|Ting-Lu|84\/100\n|-damage|p1a: Ting-Lu|78\/100|[from] Stealth Rock\n|-ability|p1a: Ting-Lu|Vessel of Ruin\n|turn|20\n|\n|t:|1700793448\n|move|p2a: Great Tusk|Body Press|p1a: Ting-Lu\n|-supereffective|p1a: Ting-Lu\n|-damage|p1a: Ting-Lu|20\/100\n|move|p1a: Ting-Lu|Ruination|p2a: Great Tusk|[miss]\n|-miss|p1a: Ting-Lu|p2a: Great Tusk\n|\n|-damage|p2a: Great Tusk|62\/100|[from] Salt Cure\n|upkeep\n|turn|21\n|\n|t:|1700793458\n|move|p2a: Great Tusk|Body Press|p1a: Ting-Lu\n|-supereffective|p1a: Ting-Lu\n|-damage|p1a: Ting-Lu|0 fnt\n|faint|p1a: Ting-Lu\n|\n|-damage|p2a: Great Tusk|49\/100|[from] Salt Cure\n|upkeep\n|inactive|re are has 120 seconds left.\n|\n|t:|1700793475\n|switch|p1a: Greninja|Greninja, M|100\/100\n|-damage|p1a: Greninja|88\/100|[from] Stealth Rock\n|turn|22\n|inactive|re are has 120 seconds left.\n|\n|t:|1700793481\n|move|p2a: Great Tusk|Body Press|p1a: Greninja\n|-supereffective|p1a: Greninja\n|-damage|p1a: Greninja|0 fnt\n|faint|p1a: Greninja\n|\n|-damage|p2a: Great Tusk|37\/100|[from] Salt Cure\n|upkeep\n|inactive|re are has 120 seconds left.\n|\n|t:|1700793488\n|switch|p1a: Dragonite|Dragonite, M|100\/100\n|-damage|p1a: Dragonite|76\/100|[from] Stealth Rock\n|turn|23\n|\n|t:|1700793498\n|move|p2a: Great Tusk|Ice Spinner|p1a: Dragonite\n|-supereffective|p1a: Dragonite\n|-damage|p1a: Dragonite|0 fnt\n|faint|p1a: Dragonite\n|\n|win|TY SM MY GUY\n|raw|re are's rating: 1156 &rarr; <strong>1136<\/strong><br \/>(-20 for losing)\n|raw|TY SM MY GUY's rating: 1233 &rarr; <strong>1253<\/strong><br \/>(+20 for winning)\n|l|\u2606re are\n|c|\u2606TY SM MY GUY|Gg\n","uploadtime":1700793510,"views":27,"p1id":"reare","p2id":"tysmmyguy","formatid":"gen9ou","rating":1136,"private":0,"password":""}