{"id":"gen9ou-1994935841","p1":"Adgio","p2":"Vaictador","format":"[Gen 9] OU","log":"|j|\u2606Adgio\n|j|\u2606Vaictador\n|inactive|Battle timer is ON: inactive players will automatically lose when time's up.\n|t:|1700506137\n|gametype|singles\n|player|p1|Adgio|archer|\n|player|p2|Vaictador|n-masters|\n|teamsize|p1|6\n|teamsize|p2|6\n|gen|9\n|tier|[Gen 9] OU\n|rated|Tournament battle\n|rule|Sleep Clause Mod: Limit one foe put to sleep\n|rule|Species Clause: Limit one of each Pok\u00e9mon\n|rule|OHKO Clause: OHKO moves are banned\n|rule|Evasion Items Clause: Evasion items are banned\n|rule|Evasion Moves Clause: Evasion moves are banned\n|rule|Endless Battle Clause: Forcing endless battles is banned\n|rule|HP Percentage Mod: HP is shown in percentages\n|clearpoke\n|poke|p1|Goodra-Hisui, M|\n|poke|p1|Enamorus, F|\n|poke|p1|Iron Valiant|\n|poke|p1|Kingambit, F|\n|poke|p1|Dondozo, M|\n|poke|p1|Great Tusk|\n|poke|p2|Zamazenta-*|\n|poke|p2|Iron Moth|\n|poke|p2|Maushold-Four|\n|poke|p2|Walking Wake|\n|poke|p2|Dragonite, M|\n|poke|p2|Kingambit, F|\n|teampreview\n|inactive|Adgio also wants the timer to be on.\n|c|\u2606Vaictador|gl hf\n|c|\u2606Adgio|u2\n|j| sergio.prieto\n|j| asugamingpoke\n|c| asugamingpoke|Vaictador coffe and tea\n|j| Ragnnis\n|inactive|Vaictador has 120 seconds left.\n|c| asugamingpoke|osea confio en ti\n|c|\u2606Vaictador|vas a caer Ada(n)gio\n|j| RayParK_\n|c| asugamingpoke|vino de la sala tournaments\n|\n|t:|1700506197\n|start\n|switch|p1a: Iron Valiant|Iron Valiant|100\/100\n|switch|p2a: Walking Wake|Walking Wake|100\/100\n|-enditem|p1a: Iron Valiant|Booster Energy\n|-activate|p1a: Iron Valiant|ability: Quark Drive|[fromitem]\n|-start|p1a: Iron Valiant|quarkdrivespe\n|-enditem|p2a: Walking Wake|Booster Energy\n|-activate|p2a: Walking Wake|ability: Protosynthesis|[fromitem]\n|-start|p2a: Walking Wake|protosynthesisspa\n|turn|1\n|c| asugamingpoke|si gana demostraras lo malos que somos\n|j| chico red\n|\n|t:|1700506225\n|-terastallize|p2a: Walking Wake|Fairy\n|move|p1a: Iron Valiant|Moonblast|p2a: Walking Wake\n|-damage|p2a: Walking Wake|49\/100\n|-unboost|p2a: Walking Wake|spa|1\n|move|p2a: Walking Wake|Agility|p2a: Walking Wake\n|-boost|p2a: Walking Wake|spe|2\n|\n|upkeep\n|turn|2\n|\n|t:|1700506234\n|-end|p1a: Iron Valiant|Quark Drive|[silent]\n|switch|p1a: Goodra|Goodra-Hisui, M|100\/100\n|move|p2a: Walking Wake|Hydro Pump|p1a: Goodra|[miss]\n|-miss|p2a: Walking Wake|p1a: Goodra\n|\n|upkeep\n|turn|3\n|c|\u2606Vaictador|q feo miss a agility\n|inactive|Vaictador has 120 seconds left.\n|\n|t:|1700506271\n|-end|p2a: Walking Wake|Protosynthesis|[silent]\n|switch|p2a: Zamazenta|Zamazenta|100\/100\n|-ability|p2a: Zamazenta|Dauntless Shield|boost\n|-boost|p2a: Zamazenta|def|1\n|move|p1a: Goodra|Acid Spray|p2a: Zamazenta\n|-crit|p2a: Zamazenta\n|-damage|p2a: Zamazenta|83\/100\n|-unboost|p2a: Zamazenta|spd|2\n|\n|-heal|p2a: Zamazenta|89\/100|[from] item: Leftovers\n|upkeep\n|turn|4\n|j| mixtoplu\n|c| asugamingpoke|este equipo recien horneado que\n|\n|t:|1700506293\n|switch|p1a: Dondozo|Dondozo, M|100\/100\n|move|p2a: Zamazenta|Substitute|p2a: Zamazenta\n|-start|p2a: Zamazenta|Substitute\n|-damage|p2a: Zamazenta|64\/100\n|\n|-heal|p2a: Zamazenta|70\/100|[from] item: Leftovers\n|upkeep\n|turn|5\n|j| igneo3000\n|inactive|Vaictador has 90 seconds left.\n|\n|t:|1700506325\n|switch|p2a: Iron Moth|Iron Moth|100\/100\n|-enditem|p2a: Iron Moth|Booster Energy\n|-activate|p2a: Iron Moth|ability: Quark Drive|[fromitem]\n|-start|p2a: Iron Moth|quarkdrivespe\n|move|p1a: Dondozo|Liquidation|p2a: Iron Moth\n|-supereffective|p2a: Iron Moth\n|-damage|p2a: Iron Moth|15\/100\n|\n|upkeep\n|turn|6\n|\n|t:|1700506330\n|switch|p1a: Goodra|Goodra-Hisui, M|100\/100\n|move|p2a: Iron Moth|Sludge Wave|p1a: Goodra\n|-immune|p1a: Goodra\n|\n|upkeep\n|turn|7\n|inactive|Vaictador has 90 seconds left.\n|\n|t:|1700506336\n|-end|p2a: Iron Moth|Quark Drive|[silent]\n|switch|p2a: Kingambit|Kingambit, F|100\/100\n|move|p1a: Goodra|Thunderbolt|p2a: Kingambit\n|-damage|p2a: Kingambit|67\/100\n|\n|upkeep\n|turn|8\n|\n|t:|1700506340\n|-end|p2a: Kingambit|fallenundefined|[silent]\n|switch|p2a: Iron Moth|Iron Moth|15\/100\n|switch|p1a: Great Tusk|Great Tusk|100\/100\n|\n|upkeep\n|turn|9\n|\n|t:|1700506346\n|move|p2a: Iron Moth|Dazzling Gleam|p1a: Great Tusk\n|-supereffective|p1a: Great Tusk\n|-damage|p1a: Great Tusk|45\/100\n|move|p1a: Great Tusk|Earthquake|p2a: Iron Moth\n|-supereffective|p2a: Iron Moth\n|-damage|p2a: Iron Moth|0 fnt\n|faint|p2a: Iron Moth\n|-end|p2a: Iron Moth|Quark Drive|[silent]\n|\n|-heal|p1a: Great Tusk|51\/100|[from] item: Leftovers\n|upkeep\n|\n|t:|1700506364\n|switch|p2a: Maushold|Maushold-Four|100\/100\n|turn|10\n|\n|t:|1700506373\n|move|p2a: Maushold|Population Bomb|p1a: Great Tusk\n|-damage|p1a: Great Tusk|45\/100\n|-damage|p1a: Great Tusk|37\/100\n|-damage|p1a: Great Tusk|30\/100\n|-damage|p1a: Great Tusk|23\/100\n|-damage|p1a: Great Tusk|16\/100\n|-damage|p1a: Great Tusk|9\/100\n|-damage|p1a: Great Tusk|2\/100\n|-damage|p1a: Great Tusk|0 fnt\n|faint|p1a: Great Tusk\n|-end|p1a: Great Tusk|Protosynthesis|[silent]\n|-hitcount|p1: Great Tusk|8\n|\n|upkeep\n|\n|t:|1700506380\n|switch|p1a: Iron Valiant|Iron Valiant|100\/100\n|turn|11\n|inactive|Vaictador has 120 seconds left.\n|c| asugamingpoke|justo\n|\n|t:|1700506388\n|switch|p2a: Walking Wake|Walking Wake, tera:Fairy|49\/100\n|move|p1a: Iron Valiant|Destiny Bond|p1a: Iron Valiant\n|-singlemove|p1a: Iron Valiant|Destiny Bond\n|\n|upkeep\n|turn|12\n|\n|t:|1700506394\n|move|p1a: Iron Valiant|Moonblast|p2a: Walking Wake\n|-damage|p2a: Walking Wake|0 fnt\n|faint|p2a: Walking Wake\n|-end|p2a: Walking Wake|Protosynthesis|[silent]\n|\n|upkeep\n|l| Ragnnis\n|inactive|Vaictador has 120 seconds left.\n|inactive|Vaictador has 90 seconds left.\n|\n|t:|1700506439\n|switch|p2a: Dragonite|Dragonite, M|100\/100\n|turn|13\n|\n|t:|1700506445\n|move|p1a: Iron Valiant|Moonblast|p2a: Dragonite\n|-supereffective|p2a: Dragonite\n|-damage|p2a: Dragonite|55\/100\n|move|p2a: Dragonite|Earthquake|p1a: Iron Valiant\n|-damage|p1a: Iron Valiant|49\/100\n|\n|upkeep\n|turn|14\n|\n|t:|1700506450\n|move|p2a: Dragonite|Extreme Speed|p1a: Iron Valiant\n|-damage|p1a: Iron Valiant|7\/100\n|move|p1a: Iron Valiant|Moonblast|p2a: Dragonite\n|-supereffective|p2a: Dragonite\n|-damage|p2a: Dragonite|0 fnt\n|faint|p2a: Dragonite\n|\n|upkeep\n|\n|t:|1700506455\n|switch|p2a: Kingambit|Kingambit, F|67\/100\n|-activate|p2a: Kingambit|ability: Supreme Overlord\n|-start|p2a: Kingambit|fallen3|[silent]\n|turn|15\n|\n|t:|1700506463\n|move|p1a: Iron Valiant|Destiny Bond|p1a: Iron Valiant\n|-singlemove|p1a: Iron Valiant|Destiny Bond\n|move|p2a: Kingambit|Iron Head|p1a: Iron Valiant\n|-supereffective|p1a: Iron Valiant\n|-damage|p1a: Iron Valiant|0 fnt\n|faint|p1a: Iron Valiant\n|-activate|p1a: Iron Valiant|move: Destiny Bond\n|-end|p1a: Iron Valiant|Quark Drive|[silent]\n|faint|p2a: Kingambit\n|-end|p2a: Kingambit|fallen3|[silent]\n|\n|upkeep\n|c| asugamingpoke|bueno gg\n|c|\u2606Vaictador|gg\n|\n|t:|1700506475\n|switch|p1a: Enamorus|Enamorus, F|100\/100\n|switch|p2a: Maushold|Maushold-Four|100\/100\n|turn|16\n|inactive|Vaictador has 120 seconds left.\n|\n|t:|1700506483\n|move|p2a: Maushold|Population Bomb|p1a: Enamorus\n|-damage|p1a: Enamorus|83\/100\n|-damage|p1a: Enamorus|62\/100\n|-damage|p1a: Enamorus|43\/100\n|-damage|p1a: Enamorus|22\/100\n|-damage|p1a: Enamorus|2\/100\n|-damage|p1a: Enamorus|0 fnt\n|faint|p1a: Enamorus\n|-hitcount|p1: Enamorus|6\n|\n|upkeep\n|c| asugamingpoke|waos\n|\n|t:|1700506488\n|switch|p1a: Kingambit|Kingambit, F|100\/100\n|-activate|p1a: Kingambit|ability: Supreme Overlord\n|-start|p1a: Kingambit|fallen3|[silent]\n|turn|17\n|\n|t:|1700506493\n|switch|p2a: Zamazenta|Zamazenta|70\/100\n|move|p1a: Kingambit|Iron Head|p2a: Zamazenta\n|-damage|p2a: Zamazenta|20\/100\n|\n|-heal|p2a: Zamazenta|26\/100|[from] item: Leftovers\n|upkeep\n|turn|18\n|\n|t:|1700506498\n|-end|p1a: Kingambit|fallen3|[silent]\n|switch|p1a: Dondozo|Dondozo, M|100\/100\n|move|p2a: Zamazenta|Body Press|p1a: Dondozo\n|-damage|p1a: Dondozo|87\/100\n|\n|-heal|p2a: Zamazenta|32\/100|[from] item: Leftovers\n|-heal|p1a: Dondozo|94\/100|[from] item: Leftovers\n|upkeep\n|turn|19\n|\n|t:|1700506507\n|switch|p2a: Maushold|Maushold-Four|100\/100\n|move|p1a: Dondozo|Curse|p1a: Dondozo\n|-unboost|p1a: Dondozo|spe|1\n|-boost|p1a: Dondozo|atk|1\n|-boost|p1a: Dondozo|def|1\n|\n|-heal|p1a: Dondozo|99\/100|[from] item: Leftovers\n|upkeep\n|turn|20\n|\n|t:|1700506513\n|move|p2a: Maushold|Population Bomb|p1a: Dondozo\n|-damage|p1a: Dondozo|96\/100\n|-damage|p1a: Dondozo|93\/100\n|-damage|p1a: Dondozo|90\/100\n|-damage|p1a: Dondozo|86\/100\n|-damage|p1a: Dondozo|83\/100\n|-damage|p1a: Dondozo|79\/100\n|-damage|p1a: Dondozo|75\/100\n|-damage|p1a: Dondozo|72\/100\n|-damage|p1a: Dondozo|69\/100\n|-damage|p1a: Dondozo|65\/100\n|-hitcount|p1a: Dondozo|10\n|move|p1a: Dondozo|Body Press|p2a: Maushold\n|-supereffective|p2a: Maushold\n|-damage|p2a: Maushold|0 fnt\n|faint|p2a: Maushold\n|\n|-heal|p1a: Dondozo|71\/100|[from] item: Leftovers\n|upkeep\n|c|\u2606Vaictador|gg\n|-message|Vaictador forfeited.\n|\n|win|Adgio\n|n|\u2606Adgio|adgio\n|n|\u2606Vaictador|vaictador\n|n| sergio.prieto|sergioprieto\n|n| asugamingpoke|asugamingpoke\n|n| RayParK_|raypark\n|n| chico red|chicored\n|n| mixtoplu|mixtoplu\n|n| igneo3000|igneo3000\n","uploadtime":1700506521,"views":6,"p1id":"adgio","p2id":"vaictador","formatid":"gen9ou","rating":0,"private":0,"password":""}