{"id":"gen9ou-1989207725","p1":"DJGrooves213","p2":"KendrickLamar(real","format":"[Gen 9] OU","log":"|j|\u2606DJGrooves213\n|j|\u2606KendrickLamar(real\n|t:|1699823498\n|gametype|singles\n|player|p1|DJGrooves213|roark|1338\n|player|p2|KendrickLamar(real|265|1270\n|teamsize|p1|6\n|teamsize|p2|6\n|gen|9\n|tier|[Gen 9] OU\n|rated|\n|rule|Sleep Clause Mod: Limit one foe put to sleep\n|rule|Species Clause: Limit one of each Pok\u00e9mon\n|rule|OHKO Clause: OHKO moves are banned\n|rule|Evasion Items Clause: Evasion items are banned\n|rule|Evasion Moves Clause: Evasion moves are banned\n|rule|Endless Battle Clause: Forcing endless battles is banned\n|rule|HP Percentage Mod: HP is shown in percentages\n|clearpoke\n|poke|p1|Ninetales-Alola, M|\n|poke|p1|Samurott-Hisui, M|\n|poke|p1|Dragonite, M|\n|poke|p1|Slowking-Galar, M|\n|poke|p1|Kommo-o, M|\n|poke|p1|Maushold|\n|poke|p2|Ting-Lu|\n|poke|p2|Iron Valiant|\n|poke|p2|Great Tusk|\n|poke|p2|Dragonite, F|\n|poke|p2|Kingambit, M|\n|poke|p2|Gholdengo|\n|teampreview\n|inactive|Battle timer is ON: inactive players will automatically lose when time's up. (requested by KendrickLamar(real)\n|\n|t:|1699823510\n|start\n|switch|p1a: Ninetales|Ninetales-Alola, M, shiny|100\/100\n|switch|p2a: Ting-Lu|Ting-Lu|100\/100\n|-weather|Snow|[from] ability: Snow Warning|[of] p1a: Ninetales\n|-ability|p2a: Ting-Lu|Vessel of Ruin\n|turn|1\n|\n|t:|1699823526\n|switch|p2a: Gholdengo|Gholdengo|100\/100\n|move|p1a: Ninetales|Aurora Veil|p1a: Ninetales\n|-sidestart|p1: DJGrooves213|move: Aurora Veil\n|\n|-weather|Snow|[upkeep]\n|upkeep\n|turn|2\n|inactive|DJGrooves213 has 120 seconds left.\n|\n|t:|1699823580\n|switch|p1a: Samurott|Samurott-Hisui, M, shiny|100\/100\n|move|p2a: Gholdengo|Trick|p1a: Samurott\n|-activate|p2a: Gholdengo|move: Trick|[of] p1a: Samurott\n|-item|p1a: Samurott|Choice Scarf|[from] move: Trick\n|-item|p2a: Gholdengo|Choice Scarf|[from] move: Trick\n|\n|-weather|Snow|[upkeep]\n|upkeep\n|turn|3\n|\n|t:|1699823592\n|switch|p2a: Great Tusk|Great Tusk|100\/100\n|move|p1a: Samurott|Ceaseless Edge|p2a: Great Tusk\n|-resisted|p2a: Great Tusk\n|-crit|p2a: Great Tusk\n|-damage|p2a: Great Tusk|84\/100\n|-sidestart|p2: KendrickLamar(real|Spikes\n|\n|-weather|Snow|[upkeep]\n|-heal|p2a: Great Tusk|90\/100|[from] item: Leftovers\n|upkeep\n|turn|4\n|\n|t:|1699823603\n|switch|p1a: Ninetales|Ninetales-Alola, M, shiny|100\/100\n|move|p2a: Great Tusk|Bulk Up|p2a: Great Tusk\n|-boost|p2a: Great Tusk|atk|1\n|-boost|p2a: Great Tusk|def|1\n|\n|-weather|Snow|[upkeep]\n|-heal|p2a: Great Tusk|96\/100|[from] item: Leftovers\n|upkeep\n|turn|5\n|\n|t:|1699823607\n|move|p1a: Ninetales|Moonblast|p2a: Great Tusk\n|-supereffective|p2a: Great Tusk\n|-damage|p2a: Great Tusk|16\/100\n|move|p2a: Great Tusk|Rapid Spin|p1a: Ninetales\n|-damage|p1a: Ninetales|93\/100\n|-boost|p2a: Great Tusk|spe|1\n|-sideend|p2: KendrickLamar(real|Spikes|[from] move: Rapid Spin|[of] p2a: Great Tusk\n|\n|-weather|none\n|-heal|p2a: Great Tusk|22\/100|[from] item: Leftovers\n|upkeep\n|turn|6\n|\n|t:|1699823622\n|move|p2a: Great Tusk|Knock Off|p1a: Ninetales\n|-resisted|p1a: Ninetales\n|-damage|p1a: Ninetales|82\/100\n|-enditem|p1a: Ninetales|Light Clay|[from] move: Knock Off|[of] p2a: Great Tusk\n|move|p1a: Ninetales|Moonblast|p2a: Great Tusk\n|-supereffective|p2a: Great Tusk\n|-damage|p2a: Great Tusk|0 fnt\n|faint|p2a: Great Tusk\n|-end|p2a: Great Tusk|Protosynthesis|[silent]\n|\n|upkeep\n|\n|t:|1699823629\n|switch|p2a: Gholdengo|Gholdengo|100\/100\n|turn|7\n|\n|t:|1699823632\n|switch|p1a: Samurott|Samurott-Hisui, M, shiny|100\/100\n|move|p2a: Gholdengo|Make It Rain|p1a: Samurott\n|-resisted|p1a: Samurott\n|-damage|p1a: Samurott|75\/100\n|-unboost|p2a: Gholdengo|spa|1\n|\n|upkeep\n|turn|8\n|\n|t:|1699823641\n|switch|p2a: Iron Valiant|Iron Valiant|100\/100\n|-enditem|p2a: Iron Valiant|Booster Energy\n|-activate|p2a: Iron Valiant|ability: Quark Drive|[fromitem]\n|-start|p2a: Iron Valiant|quarkdrivespe\n|move|p1a: Samurott|Flip Turn|p2a: Iron Valiant\n|-damage|p2a: Iron Valiant|64\/100\n|\n|t:|1699823648\n|switch|p1a: Slowking|Slowking-Galar, M, shiny|100\/100|[from] Flip Turn\n|\n|-sideend|p1: DJGrooves213|move: Aurora Veil\n|upkeep\n|turn|9\n|\n|t:|1699823663\n|switch|p1a: Ninetales|Ninetales-Alola, M, shiny|82\/100\n|-weather|Snow|[from] ability: Snow Warning|[of] p1a: Ninetales\n|move|p2a: Iron Valiant|Psyshock|p1a: Ninetales\n|-damage|p1a: Ninetales|65\/100\n|\n|-weather|Snow|[upkeep]\n|upkeep\n|turn|10\n|\n|t:|1699823668\n|move|p2a: Iron Valiant|Close Combat|p1a: Ninetales\n|-damage|p1a: Ninetales|29\/100\n|-unboost|p2a: Iron Valiant|def|1\n|-unboost|p2a: Iron Valiant|spd|1\n|move|p1a: Ninetales|Aurora Veil|p1a: Ninetales\n|-sidestart|p1: DJGrooves213|move: Aurora Veil\n|\n|-weather|Snow|[upkeep]\n|upkeep\n|turn|11\n|\n|t:|1699823672\n|switch|p1a: Slowking|Slowking-Galar, M, shiny|100\/100\n|move|p2a: Iron Valiant|Close Combat|p1a: Slowking\n|-resisted|p1a: Slowking\n|-damage|p1a: Slowking|94\/100\n|-unboost|p2a: Iron Valiant|def|1\n|-unboost|p2a: Iron Valiant|spd|1\n|\n|-weather|Snow|[upkeep]\n|upkeep\n|turn|12\n|\n|t:|1699823679\n|-end|p2a: Iron Valiant|Quark Drive|[silent]\n|switch|p2a: Ting-Lu|Ting-Lu|100\/100\n|-ability|p2a: Ting-Lu|Vessel of Ruin\n|move|p1a: Slowking|Psyshock|p2a: Ting-Lu\n|-immune|p2a: Ting-Lu\n|\n|-weather|Snow|[upkeep]\n|upkeep\n|turn|13\n|\n|t:|1699823686\n|switch|p1a: Maushold|Maushold, shiny|100\/100\n|move|p2a: Ting-Lu|Ruination|p1a: Maushold\n|-damage|p1a: Maushold|50\/100\n|\n|-weather|none\n|upkeep\n|turn|14\n|\n|t:|1699823697\n|move|p1a: Maushold|Tidy Up|p1a: Maushold\n|-boost|p1a: Maushold|atk|1\n|-boost|p1a: Maushold|spe|1\n|move|p2a: Ting-Lu|Whirlwind|p1a: Maushold\n|drag|p1a: Kommo-o|Kommo-o, M, shiny|100\/100\n|\n|-sideend|p1: DJGrooves213|move: Aurora Veil\n|upkeep\n|turn|15\n|\n|t:|1699823708\n|move|p1a: Kommo-o|Aura Sphere|p2a: Ting-Lu\n|-supereffective|p2a: Ting-Lu\n|-damage|p2a: Ting-Lu|74\/100\n|move|p2a: Ting-Lu|Ruination|p1a: Kommo-o\n|-damage|p1a: Kommo-o|50\/100\n|\n|-heal|p1a: Kommo-o|57\/100|[from] item: Leftovers\n|-heal|p2a: Ting-Lu|80\/100|[from] item: Leftovers\n|upkeep\n|turn|16\n|\n|t:|1699823715\n|move|p1a: Kommo-o|Aura Sphere|p2a: Ting-Lu\n|-supereffective|p2a: Ting-Lu\n|-damage|p2a: Ting-Lu|51\/100\n|move|p2a: Ting-Lu|Whirlwind|p1a: Kommo-o\n|drag|p1a: Samurott|Samurott-Hisui, M, shiny|75\/100\n|\n|-heal|p2a: Ting-Lu|58\/100|[from] item: Leftovers\n|upkeep\n|turn|17\n|\n|t:|1699823722\n|move|p1a: Samurott|Sacred Sword|p2a: Ting-Lu\n|-supereffective|p2a: Ting-Lu\n|-damage|p2a: Ting-Lu|8\/100\n|move|p2a: Ting-Lu|Ruination|p1a: Samurott\n|-damage|p1a: Samurott|38\/100\n|\n|-heal|p2a: Ting-Lu|14\/100|[from] item: Leftovers\n|upkeep\n|turn|18\n|\n|t:|1699823741\n|switch|p1a: Ninetales|Ninetales-Alola, M, shiny|29\/100\n|-weather|Snow|[from] ability: Snow Warning|[of] p1a: Ninetales\n|switch|p2a: Gholdengo|Gholdengo|100\/100\n|\n|-weather|Snow|[upkeep]\n|upkeep\n|turn|19\n|\n|t:|1699823748\n|switch|p1a: Slowking|Slowking-Galar, M, shiny|100\/100\n|move|p2a: Gholdengo|Shadow Ball|p1a: Slowking\n|-supereffective|p1a: Slowking\n|-damage|p1a: Slowking|22\/100\n|\n|-weather|Snow|[upkeep]\n|upkeep\n|turn|20\n|\n|t:|1699823756\n|switch|p1a: Maushold|Maushold, shiny|50\/100\n|move|p2a: Gholdengo|Shadow Ball|p1a: Maushold\n|-immune|p1a: Maushold\n|\n|-weather|Snow|[upkeep]\n|upkeep\n|turn|21\n|\n|t:|1699823762\n|switch|p2a: Ting-Lu|Ting-Lu|14\/100\n|-ability|p2a: Ting-Lu|Vessel of Ruin\n|move|p1a: Maushold|Tidy Up|p1a: Maushold\n|-boost|p1a: Maushold|atk|1\n|-boost|p1a: Maushold|spe|1\n|\n|-weather|Snow|[upkeep]\n|-heal|p2a: Ting-Lu|20\/100|[from] item: Leftovers\n|upkeep\n|turn|22\n|\n|t:|1699823771\n|move|p1a: Maushold|Population Bomb|p2a: Ting-Lu\n|-damage|p2a: Ting-Lu|11\/100\n|-damage|p2a: Ting-Lu|3\/100\n|-damage|p2a: Ting-Lu|0 fnt\n|faint|p2a: Ting-Lu\n|-hitcount|p2: Ting-Lu|3\n|\n|-weather|none\n|upkeep\n|\n|t:|1699823781\n|switch|p2a: Dragonite|Dragonite, F|100\/100\n|turn|23\n|\n|t:|1699823793\n|move|p2a: Dragonite|Extreme Speed|p1a: Maushold\n|-damage|p1a: Maushold|0 fnt\n|faint|p1a: Maushold\n|\n|upkeep\n|\n|t:|1699823813\n|switch|p1a: Slowking|Slowking-Galar, M, shiny|55\/100\n|turn|24\n|\n|t:|1699823818\n|move|p2a: Dragonite|Dragon Dance|p2a: Dragonite\n|-boost|p2a: Dragonite|atk|1\n|-boost|p2a: Dragonite|spe|1\n|move|p1a: Slowking|Sludge Bomb|p2a: Dragonite\n|-damage|p2a: Dragonite|80\/100\n|\n|upkeep\n|turn|25\n|\n|t:|1699823825\n|move|p2a: Dragonite|Earthquake|p1a: Slowking\n|-supereffective|p1a: Slowking\n|-damage|p1a: Slowking|0 fnt\n|faint|p1a: Slowking\n|\n|upkeep\n|inactive|DJGrooves213 has 120 seconds left.\n|\n|t:|1699823883\n|switch|p1a: Dragonite|Dragonite, M, shiny|100\/100\n|turn|26\n|\n|t:|1699823886\n|move|p2a: Dragonite|Extreme Speed|p1a: Dragonite\n|-damage|p1a: Dragonite|76\/100\n|move|p1a: Dragonite|Dragon Dance|p1a: Dragonite\n|-boost|p1a: Dragonite|atk|1\n|-boost|p1a: Dragonite|spe|1\n|\n|upkeep\n|turn|27\n|inactive|DJGrooves213 has 90 seconds left.\n|\n|t:|1699823922\n|-terastallize|p1a: Dragonite|Normal\n|move|p1a: Dragonite|Extreme Speed|p2a: Dragonite\n|-damage|p2a: Dragonite|13\/100\n|move|p2a: Dragonite|Extreme Speed|p1a: Dragonite\n|-damage|p1a: Dragonite|23\/100\n|\n|upkeep\n|turn|28\n|l|\u2606KendrickLamar(real\n|inactive|KendrickLamar(real disconnected and has a minute to reconnect!\n|player|p2|\n|inactive|KendrickLamar(real has 30 seconds to reconnect!\n|inactive|KendrickLamar(real has 20 seconds to reconnect!\n|inactive|KendrickLamar(real has 15 seconds to reconnect!\n|inactive|KendrickLamar(real has 10 seconds to reconnect!\n|j|\u2606KendrickLamar(real\n|inactive|KendrickLamar(real reconnected and has 100 seconds left.\n|player|p2|KendrickLamar(real|265\n|n|\u2606KendrickLamar(real|kendricklamarreal\n|\n|t:|1699823976\n|move|p1a: Dragonite|Extreme Speed|p2a: Dragonite\n|-damage|p2a: Dragonite|0 fnt\n|faint|p2a: Dragonite\n|\n|upkeep\n|\n|t:|1699823984\n|switch|p2a: Kingambit|Kingambit, M|100\/100\n|-activate|p2a: Kingambit|ability: Supreme Overlord\n|-start|p2a: Kingambit|fallen3|[silent]\n|turn|29\n|\n|t:|1699823990\n|-terastallize|p2a: Kingambit|Fairy\n|move|p1a: Dragonite|Fire Punch|p2a: Kingambit\n|-damage|p2a: Kingambit|71\/100\n|move|p2a: Kingambit|Tera Blast|p1a: Dragonite|[anim] Tera Blast Fairy\n|-damage|p1a: Dragonite|0 fnt\n|faint|p1a: Dragonite\n|\n|-heal|p2a: Kingambit|78\/100|[from] item: Leftovers\n|upkeep\n|\n|t:|1699823999\n|switch|p1a: Ninetales|Ninetales-Alola, M, shiny|29\/100\n|-weather|Snow|[from] ability: Snow Warning|[of] p1a: Ninetales\n|turn|30\n|inactive|KendrickLamar(real has 120 seconds left.\n|\n|t:|1699824024\n|move|p1a: Ninetales|Aurora Veil|p1a: Ninetales\n|-sidestart|p1: DJGrooves213|move: Aurora Veil\n|move|p2a: Kingambit|Tera Blast|p1a: Ninetales|[anim] Tera Blast Fairy\n|-damage|p1a: Ninetales|10\/100\n|\n|-weather|Snow|[upkeep]\n|-heal|p2a: Kingambit|84\/100|[from] item: Leftovers\n|upkeep\n|turn|31\n|\n|t:|1699824029\n|move|p1a: Ninetales|Hypnosis|p2a: Kingambit\n|-status|p2a: Kingambit|slp|[from] move: Hypnosis\n|cant|p2a: Kingambit|slp\n|\n|-weather|Snow|[upkeep]\n|-heal|p2a: Kingambit|90\/100 slp|[from] item: Leftovers\n|upkeep\n|turn|32\n|\n|t:|1699824033\n|move|p1a: Ninetales|Moonblast|p2a: Kingambit\n|-damage|p2a: Kingambit|60\/100 slp\n|cant|p2a: Kingambit|slp\n|\n|-weather|Snow|[upkeep]\n|-heal|p2a: Kingambit|66\/100 slp|[from] item: Leftovers\n|upkeep\n|turn|33\n|\n|t:|1699824035\n|move|p1a: Ninetales|Moonblast|p2a: Kingambit\n|-damage|p2a: Kingambit|39\/100 slp\n|cant|p2a: Kingambit|slp\n|\n|-weather|Snow|[upkeep]\n|-heal|p2a: Kingambit|45\/100 slp|[from] item: Leftovers\n|upkeep\n|turn|34\n|\n|t:|1699824045\n|move|p1a: Ninetales|Moonblast|p2a: Kingambit\n|-damage|p2a: Kingambit|19\/100 slp\n|-unboost|p2a: Kingambit|spa|1\n|-curestatus|p2a: Kingambit|slp|[msg]\n|move|p2a: Kingambit|Swords Dance|p2a: Kingambit\n|-boost|p2a: Kingambit|atk|2\n|\n|-weather|none\n|-heal|p2a: Kingambit|25\/100|[from] item: Leftovers\n|-sideend|p1: DJGrooves213|move: Aurora Veil\n|upkeep\n|turn|35\n|\n|t:|1699824053\n|move|p1a: Ninetales|Moonblast|p2a: Kingambit\n|-crit|p2a: Kingambit\n|-damage|p2a: Kingambit|0 fnt\n|faint|p2a: Kingambit\n|-end|p2a: Kingambit|fallen3|[silent]\n|\n|upkeep\n|\n|t:|1699824060\n|switch|p2a: Iron Valiant|Iron Valiant|64\/100\n|turn|36\n|\n|t:|1699824064\n|move|p2a: Iron Valiant|Moonblast|p1a: Ninetales\n|-damage|p1a: Ninetales|0 fnt\n|faint|p1a: Ninetales\n|\n|upkeep\n|\n|t:|1699824065\n|switch|p1a: Samurott|Samurott-Hisui, M, shiny|38\/100\n|turn|37\n|\n|t:|1699824069\n|move|p1a: Samurott|Aqua Cutter|p2a: Iron Valiant\n|-damage|p2a: Iron Valiant|0 fnt\n|faint|p2a: Iron Valiant\n|-end|p2a: Iron Valiant|Quark Drive|[silent]\n|\n|upkeep\n|\n|t:|1699824071\n|switch|p2a: Gholdengo|Gholdengo|100\/100\n|turn|38\n|\n|t:|1699824078\n|switch|p1a: Kommo-o|Kommo-o, M, shiny|57\/100\n|move|p2a: Gholdengo|Shadow Ball|p1a: Kommo-o\n|-immune|p1a: Kommo-o|[from] ability: Bulletproof\n|\n|-heal|p1a: Kommo-o|62\/100|[from] item: Leftovers\n|upkeep\n|turn|39\n|\n|t:|1699824085\n|move|p2a: Gholdengo|Shadow Ball|p1a: Kommo-o\n|-immune|p1a: Kommo-o|[from] ability: Bulletproof\n|move|p1a: Kommo-o|Clangorous Soul|p1a: Kommo-o\n|-boost|p1a: Kommo-o|atk|1\n|-boost|p1a: Kommo-o|def|1\n|-boost|p1a: Kommo-o|spa|1\n|-boost|p1a: Kommo-o|spd|1\n|-boost|p1a: Kommo-o|spe|1\n|-damage|p1a: Kommo-o|29\/100\n|\n|-heal|p1a: Kommo-o|35\/100|[from] item: Leftovers\n|upkeep\n|turn|40\n|-message|KendrickLamar(real forfeited.\n|\n|win|DJGrooves213\n|raw|DJGrooves213's rating: 1338 &rarr; <strong>1354<\/strong><br \/>(+16 for winning)\n|raw|KendrickLamar(real's rating: 1270 &rarr; <strong>1250<\/strong><br \/>(-20 for losing)\n|l|\u2606KendrickLamar(real\n","uploadtime":1699824104,"views":11,"p1id":"djgrooves213","p2id":"kendricklamarreal","formatid":"gen9ou","rating":1250,"private":0,"password":""}