{"id":"gen9ou-1988564481","p1":"FIRE LORD AESON!","p2":"rocky012","format":"[Gen 9] OU","log":"|j|\u2606FIRE LORD AESON!\n|j|\u2606rocky012\n|t:|1699736624\n|gametype|singles\n|player|p1|FIRE LORD AESON!|red-gen1|1523\n|player|p2|rocky012|102|1562\n|teamsize|p1|6\n|teamsize|p2|6\n|gen|9\n|tier|[Gen 9] OU\n|rated|\n|rule|Sleep Clause Mod: Limit one foe put to sleep\n|rule|Species Clause: Limit one of each Pok\u00e9mon\n|rule|OHKO Clause: OHKO moves are banned\n|rule|Evasion Items Clause: Evasion items are banned\n|rule|Evasion Moves Clause: Evasion moves are banned\n|rule|Endless Battle Clause: Forcing endless battles is banned\n|rule|HP Percentage Mod: HP is shown in percentages\n|clearpoke\n|poke|p1|Ceruledge, F|\n|poke|p1|Torkoal, F|\n|poke|p1|Heatran, F|\n|poke|p1|Cinderace, M|\n|poke|p1|Volcanion|\n|poke|p1|Armarouge, M|\n|poke|p2|Cinderace, F|\n|poke|p2|Sneasler, F|\n|poke|p2|Gholdengo|\n|poke|p2|Dragonite, F|\n|poke|p2|Rotom-Wash|\n|poke|p2|Gliscor, F|\n|teampreview\n|inactive|Battle timer is ON: inactive players will automatically lose when time's up. (requested by rocky012)\n|\n|t:|1699736645\n|start\n|switch|p1a: PLAYBOY|Cinderace, M|100\/100\n|switch|p2a: Gliscor|Gliscor, F|100\/100\n|turn|1\n|\n|t:|1699736665\n|switch|p1a: BE LIKE WATER|Volcanion|100\/100\n|-item|p1a: BE LIKE WATER|Air Balloon\n|move|p2a: Gliscor|Protect||[still]\n|-fail|p2a: Gliscor\n|\n|-status|p2a: Gliscor|tox|[from] item: Toxic Orb\n|upkeep\n|turn|2\n|\n|t:|1699736676\n|switch|p2a: Rotom|Rotom-Wash|100\/100\n|move|p1a: BE LIKE WATER|Steam Eruption|p2a: Rotom\n|-resisted|p2a: Rotom\n|-damage|p2a: Rotom|76\/100\n|-status|p2a: Rotom|brn\n|\n|-heal|p2a: Rotom|82\/100 brn|[from] item: Leftovers\n|-damage|p2a: Rotom|76\/100 brn|[from] brn\n|upkeep\n|turn|3\n|\n|t:|1699736681\n|switch|p1a: SUBSCRIBE 2 AESON!|Torkoal, F|100\/100\n|-weather|SunnyDay|[from] ability: Drought|[of] p1a: SUBSCRIBE 2 AESON!\n|move|p2a: Rotom|Volt Switch|p1a: SUBSCRIBE 2 AESON!\n|-damage|p1a: SUBSCRIBE 2 AESON!|76\/100\n|\n|t:|1699736705\n|switch|p2a: Gholdengo|Gholdengo|100\/100|[from] Volt Switch\n|\n|-weather|SunnyDay|[upkeep]\n|upkeep\n|turn|4\n|\n|t:|1699736714\n|move|p2a: Gholdengo|Shadow Ball|p1a: SUBSCRIBE 2 AESON!\n|-damage|p1a: SUBSCRIBE 2 AESON!|8\/100\n|move|p1a: SUBSCRIBE 2 AESON!|Stealth Rock|p2a: Gholdengo\n|-sidestart|p2: rocky012|move: Stealth Rock\n|\n|-weather|SunnyDay|[upkeep]\n|upkeep\n|turn|5\n|\n|t:|1699736721\n|move|p2a: Gholdengo|Shadow Ball|p1a: SUBSCRIBE 2 AESON!\n|-damage|p1a: SUBSCRIBE 2 AESON!|0 fnt\n|faint|p1a: SUBSCRIBE 2 AESON!\n|\n|-weather|SunnyDay|[upkeep]\n|upkeep\n|\n|t:|1699736740\n|switch|p1a: PLAYBOY|Cinderace, M|100\/100\n|turn|6\n|\n|t:|1699736745\n|move|p1a: PLAYBOY|Pyro Ball|p2a: Gholdengo\n|-supereffective|p2a: Gholdengo\n|-damage|p2a: Gholdengo|0 fnt\n|faint|p2a: Gholdengo\n|-damage|p1a: PLAYBOY|91\/100|[from] item: Life Orb\n|\n|-weather|SunnyDay|[upkeep]\n|upkeep\n|\n|t:|1699736756\n|switch|p2a: Rotom|Rotom-Wash|76\/100 brn\n|-damage|p2a: Rotom|64\/100 brn|[from] Stealth Rock\n|turn|7\n|\n|t:|1699736772\n|move|p2a: Rotom|Protect|p2a: Rotom\n|-singleturn|p2a: Rotom|Protect\n|move|p1a: PLAYBOY|Pyro Ball|p2a: Rotom\n|-activate|p2a: Rotom|move: Protect\n|\n|-weather|SunnyDay|[upkeep]\n|-heal|p2a: Rotom|69\/100 brn|[from] item: Leftovers\n|-damage|p2a: Rotom|64\/100 brn|[from] brn\n|upkeep\n|turn|8\n|\n|t:|1699736781\n|move|p1a: PLAYBOY|High Jump Kick|p2a: Rotom\n|-start|p1a: PLAYBOY|typechange|Fighting|[from] ability: Libero\n|-damage|p2a: Rotom|0 fnt\n|faint|p2a: Rotom\n|-damage|p1a: PLAYBOY|81\/100|[from] item: Life Orb\n|\n|-weather|SunnyDay|[upkeep]\n|upkeep\n|\n|t:|1699736790\n|switch|p2a: Sneasler|Sneasler, F|100\/100\n|-damage|p2a: Sneasler|95\/100|[from] Stealth Rock\n|turn|9\n|\n|t:|1699736813\n|switch|p1a: $EXY @AESON UTUBE!|Ceruledge, F|100\/100\n|move|p2a: Sneasler|Fake Out|p1a: $EXY @AESON UTUBE!\n|-immune|p1a: $EXY @AESON UTUBE!\n|\n|-weather|SunnyDay|[upkeep]\n|upkeep\n|turn|10\n|\n|t:|1699736822\n|switch|p2a: Gliscor|Gliscor, F|100\/100 tox\n|-damage|p2a: Gliscor|88\/100 tox|[from] Stealth Rock\n|move|p1a: $EXY @AESON UTUBE!|Swords Dance|p1a: $EXY @AESON UTUBE!\n|-boost|p1a: $EXY @AESON UTUBE!|atk|2\n|\n|-weather|none\n|-heal|p2a: Gliscor|100\/100 tox|[from] ability: Poison Heal\n|upkeep\n|turn|11\n|\n|t:|1699736832\n|move|p1a: $EXY @AESON UTUBE!|Poltergeist|p2a: Gliscor\n|-activate|p2a: Gliscor|move: Poltergeist|Toxic Orb\n|-damage|p2a: Gliscor|7\/100 tox\n|move|p2a: Gliscor|Toxic|p1a: $EXY @AESON UTUBE!|[miss]\n|-miss|p2a: Gliscor|p1a: $EXY @AESON UTUBE!\n|\n|-heal|p2a: Gliscor|19\/100 tox|[from] ability: Poison Heal\n|upkeep\n|turn|12\n|\n|t:|1699736840\n|move|p1a: $EXY @AESON UTUBE!|Bitter Blade|p2a: Gliscor\n|-damage|p2a: Gliscor|0 fnt\n|faint|p2a: Gliscor\n|\n|upkeep\n|\n|t:|1699736843\n|switch|p2a: Cinderace|Cinderace, F|100\/100\n|turn|13\n|\n|t:|1699736856\n|move|p2a: Cinderace|Court Change|p2a: Cinderace\n|-start|p2a: Cinderace|typechange|Normal|[from] ability: Libero\n|-swapsideconditions\n|-activate|p2a: Cinderace|move: Court Change\n|move|p1a: $EXY @AESON UTUBE!|Swords Dance|p1a: $EXY @AESON UTUBE!\n|-boost|p1a: $EXY @AESON UTUBE!|atk|2\n|\n|upkeep\n|turn|14\n|\n|t:|1699736862\n|move|p2a: Cinderace|Low Kick|p1a: $EXY @AESON UTUBE!\n|-immune|p1a: $EXY @AESON UTUBE!\n|move|p1a: $EXY @AESON UTUBE!|Bitter Blade|p2a: Cinderace\n|-damage|p2a: Cinderace|0 fnt\n|faint|p2a: Cinderace\n|\n|upkeep\n|\n|t:|1699736865\n|switch|p2a: Sneasler|Sneasler, F|95\/100\n|turn|15\n|\n|t:|1699736869\n|move|p2a: Sneasler|Dire Claw|p1a: $EXY @AESON UTUBE!\n|-resisted|p1a: $EXY @AESON UTUBE!\n|-damage|p1a: $EXY @AESON UTUBE!|70\/100\n|-status|p1a: $EXY @AESON UTUBE!|psn\n|-ability|p1a: $EXY @AESON UTUBE!|Weak Armor|boost\n|-unboost|p1a: $EXY @AESON UTUBE!|def|1\n|-boost|p1a: $EXY @AESON UTUBE!|spe|2\n|move|p1a: $EXY @AESON UTUBE!|Bitter Blade|p2a: Sneasler\n|-damage|p2a: Sneasler|0 fnt\n|-heal|p1a: $EXY @AESON UTUBE!|100\/100 psn|[from] drain|[of] p2a: Sneasler\n|faint|p2a: Sneasler\n|\n|-damage|p1a: $EXY @AESON UTUBE!|88\/100 psn|[from] psn\n|upkeep\n|\n|t:|1699736875\n|switch|p2a: Dragonite|Dragonite, F|100\/100\n|turn|16\n|\n|t:|1699736888\n|-terastallize|p2a: Dragonite|Normal\n|move|p1a: $EXY @AESON UTUBE!|Bitter Blade|p2a: Dragonite\n|-damage|p2a: Dragonite|34\/100\n|-heal|p1a: $EXY @AESON UTUBE!|100\/100 psn|[from] drain|[of] p2a: Dragonite\n|move|p2a: Dragonite|Dragon Dance|p2a: Dragonite\n|-boost|p2a: Dragonite|atk|1\n|-boost|p2a: Dragonite|spe|1\n|\n|-damage|p1a: $EXY @AESON UTUBE!|88\/100 psn|[from] psn\n|upkeep\n|turn|17\n|-message|rocky012 forfeited.\n|\n|win|FIRE LORD AESON!\n|raw|FIRE LORD AESON!'s rating: 1523 &rarr; <strong>1545<\/strong><br \/>(+22 for winning)\n|raw|rocky012's rating: 1562 &rarr; <strong>1540<\/strong><br \/>(-22 for losing)\n|l|\u2606rocky012\n","uploadtime":1699736902,"views":27,"p1id":"firelordaeson","p2id":"rocky012","formatid":"gen9ou","rating":1540,"private":0,"password":""}