{"id":"gen9ou-1991503990","p1":"trujjjjhfs","p2":"2022 flare","format":"[Gen 9] OU","log":"|j|\u2606trujjjjhfs\n|j|\u26062022 flare\n|t:|1700082971\n|gametype|singles\n|player|p1|trujjjjhfs|170|1109\n|player|p2|2022 flare|skierf-gen4dp|1177\n|teamsize|p1|6\n|teamsize|p2|6\n|gen|9\n|tier|[Gen 9] OU\n|rated|\n|rule|Sleep Clause Mod: Limit one foe put to sleep\n|rule|Species Clause: Limit one of each Pok\u00e9mon\n|rule|OHKO Clause: OHKO moves are banned\n|rule|Evasion Items Clause: Evasion items are banned\n|rule|Evasion Moves Clause: Evasion moves are banned\n|rule|Endless Battle Clause: Forcing endless battles is banned\n|rule|HP Percentage Mod: HP is shown in percentages\n|clearpoke\n|poke|p1|Cinderace, M|\n|poke|p1|Zapdos|\n|poke|p1|Ogerpon-Wellspring, F|\n|poke|p1|Slowking-Galar, M|\n|poke|p1|Ting-Lu|\n|poke|p1|Dondozo, F|\n|poke|p2|Ribombee, M|\n|poke|p2|Manaphy|\n|poke|p2|Gholdengo|\n|poke|p2|Iron Moth|\n|poke|p2|Kingambit, F|\n|poke|p2|Great Tusk|\n|teampreview\n|inactive|Battle timer is ON: inactive players will automatically lose when time's up. (requested by trujjjjhfs)\n|\n|t:|1700082990\n|start\n|switch|p1a: Slowking|Slowking-Galar, M|100\/100\n|switch|p2a: Ribombee|Ribombee, M, shiny|100\/100\n|turn|1\n|\n|t:|1700082997\n|move|p2a: Ribombee|Skill Swap|p1a: Slowking\n|-activate|p2a: Ribombee|move: Skill Swap|Regenerator|Shield Dust|[of] p1a: Slowking\n|move|p1a: Slowking|Sludge Bomb|p2a: Ribombee\n|-supereffective|p2a: Ribombee\n|-enditem|p2a: Ribombee|Focus Sash\n|-damage|p2a: Ribombee|1\/100\n|\n|upkeep\n|turn|2\n|\n|t:|1700083003\n|switch|p1a: Ting-Lu|Ting-Lu|100\/100\n|-ability|p1a: Ting-Lu|Vessel of Ruin\n|move|p2a: Ribombee|Sticky Web|p1a: Ting-Lu\n|-sidestart|p1: trujjjjhfs|move: Sticky Web\n|\n|upkeep\n|turn|3\n|\n|t:|1700083009\n|move|p2a: Ribombee|Moonblast|p1a: Ting-Lu\n|-supereffective|p1a: Ting-Lu\n|-damage|p1a: Ting-Lu|68\/100\n|-unboost|p1a: Ting-Lu|spa|1\n|move|p1a: Ting-Lu|Stealth Rock|p2a: Ribombee\n|-sidestart|p2: 2022 flare|move: Stealth Rock\n|\n|-heal|p1a: Ting-Lu|74\/100|[from] item: Leftovers\n|upkeep\n|turn|4\n|\n|t:|1700083026\n|switch|p2a: Great Tusk|Great Tusk, shiny|100\/100\n|-damage|p2a: Great Tusk|97\/100|[from] Stealth Rock\n|-enditem|p2a: Great Tusk|Booster Energy\n|-activate|p2a: Great Tusk|ability: Protosynthesis|[fromitem]\n|-start|p2a: Great Tusk|protosynthesisspe\n|switch|p1a: Slowking|Slowking-Galar, M|100\/100\n|\n|upkeep\n|turn|5\n|\n|t:|1700083034\n|move|p2a: Great Tusk|Rapid Spin|p1a: Slowking\n|-damage|p1a: Slowking|89\/100\n|-boost|p2a: Great Tusk|spe|1\n|-sideend|p2: 2022 flare|Stealth Rock|[from] move: Rapid Spin|[of] p2a: Great Tusk\n|move|p1a: Slowking|Future Sight|p2a: Great Tusk\n|-start|p1a: Slowking|move: Future Sight\n|\n|upkeep\n|turn|6\n|\n|t:|1700083041\n|switch|p1a: Zapdos|Zapdos|100\/100\n|move|p2a: Great Tusk|Headlong Rush|p1a: Zapdos\n|-immune|p1a: Zapdos\n|\n|upkeep\n|turn|7\n|\n|t:|1700083051\n|-end|p2a: Great Tusk|Protosynthesis|[silent]\n|switch|p2a: Kingambit|Kingambit, F, shiny|100\/100\n|move|p1a: Zapdos|Hurricane|p2a: Kingambit\n|-resisted|p2a: Kingambit\n|-damage|p2a: Kingambit|73\/100\n|\n|-end|p2a: Kingambit|move: Future Sight\n|-immune|p2a: Kingambit\n|upkeep\n|turn|8\n|\n|t:|1700083061\n|-end|p2a: Kingambit|fallenundefined|[silent]\n|switch|p2a: Gholdengo|Gholdengo, shiny|100\/100\n|move|p1a: Zapdos|Volt Switch|p2a: Gholdengo\n|-damage|p2a: Gholdengo|69\/100\n|\n|t:|1700083064\n|switch|p1a: Ting-Lu|Ting-Lu|74\/100|[from] Volt Switch\n|-activate|p1a: Ting-Lu|move: Sticky Web\n|-unboost|p1a: Ting-Lu|spe|1\n|-ability|p1a: Ting-Lu|Vessel of Ruin\n|\n|-heal|p1a: Ting-Lu|80\/100|[from] item: Leftovers\n|upkeep\n|turn|9\n|\n|t:|1700083071\n|move|p2a: Gholdengo|Nasty Plot|p2a: Gholdengo\n|-boost|p2a: Gholdengo|spa|2\n|move|p1a: Ting-Lu|Earthquake|p2a: Gholdengo\n|-supereffective|p2a: Gholdengo\n|-enditem|p2a: Gholdengo|Shuca Berry|[eat]\n|-enditem|p2a: Gholdengo|Shuca Berry|[weaken]\n|-damage|p2a: Gholdengo|26\/100\n|\n|-heal|p1a: Ting-Lu|86\/100|[from] item: Leftovers\n|upkeep\n|turn|10\n|\n|t:|1700083079\n|-terastallize|p2a: Gholdengo|Fairy\n|move|p2a: Gholdengo|Dazzling Gleam|p1a: Ting-Lu\n|-supereffective|p1a: Ting-Lu\n|-damage|p1a: Ting-Lu|18\/100\n|move|p1a: Ting-Lu|Earthquake|p2a: Gholdengo\n|-damage|p2a: Gholdengo|0 fnt\n|faint|p2a: Gholdengo\n|\n|-heal|p1a: Ting-Lu|24\/100|[from] item: Leftovers\n|upkeep\n|\n|t:|1700083100\n|switch|p2a: Manaphy|Manaphy, shiny|100\/100\n|turn|11\n|\n|t:|1700083115\n|move|p2a: Manaphy|Surf|p1a: Ting-Lu\n|-supereffective|p1a: Ting-Lu\n|-damage|p1a: Ting-Lu|0 fnt\n|faint|p1a: Ting-Lu\n|\n|upkeep\n|\n|t:|1700083118\n|switch|p1a: Ogerpon|Ogerpon-Wellspring, F|100\/100\n|-activate|p1a: Ogerpon|move: Sticky Web\n|-unboost|p1a: Ogerpon|spe|1\n|turn|12\n|\n|t:|1700083126\n|switch|p2a: Iron Moth|Iron Moth, shiny|100\/100\n|-enditem|p2a: Iron Moth|Booster Energy\n|-activate|p2a: Iron Moth|ability: Quark Drive|[fromitem]\n|-start|p2a: Iron Moth|quarkdrivespa\n|move|p1a: Ogerpon|Knock Off|p2a: Iron Moth\n|-damage|p2a: Iron Moth|59\/100\n|\n|upkeep\n|turn|13\n|\n|t:|1700083135\n|switch|p1a: Slowking|Slowking-Galar, M|100\/100\n|move|p2a: Iron Moth|Sludge Wave|p1a: Slowking\n|-resisted|p1a: Slowking\n|-damage|p1a: Slowking|72\/100\n|\n|upkeep\n|turn|14\n|\n|t:|1700083147\n|-end|p2a: Iron Moth|Quark Drive|[silent]\n|switch|p2a: Ribombee|Ribombee, M, shiny|34\/100\n|move|p1a: Slowking|Future Sight|p2a: Ribombee\n|-start|p1a: Slowking|move: Future Sight\n|\n|upkeep\n|turn|15\n|\n|t:|1700083159\n|switch|p2a: Kingambit|Kingambit, F, shiny|73\/100\n|-activate|p2a: Kingambit|ability: Supreme Overlord\n|-start|p2a: Kingambit|fallen1|[silent]\n|switch|p1a: Zapdos|Zapdos|100\/100\n|\n|upkeep\n|turn|16\n|\n|t:|1700083179\n|-end|p2a: Kingambit|fallen1|[silent]\n|switch|p2a: Ribombee|Ribombee, M, shiny|34\/100\n|move|p1a: Zapdos|Volt Switch|p2a: Ribombee\n|-damage|p2a: Ribombee|0 fnt\n|faint|p2a: Ribombee\n|\n|t:|1700083187\n|switch|p1a: Cinderace|Cinderace, M|100\/100|[from] Volt Switch\n|\n|-hint|Future Sight did not hit because the target is fainted.\n|upkeep\n|\n|t:|1700083190\n|switch|p2a: Great Tusk|Great Tusk, shiny|97\/100\n|turn|17\n|\n|t:|1700083201\n|move|p1a: Cinderace|Will-O-Wisp|p2a: Great Tusk\n|-status|p2a: Great Tusk|brn\n|move|p2a: Great Tusk|Rapid Spin|p1a: Cinderace\n|-damage|p1a: Cinderace|92\/100\n|-boost|p2a: Great Tusk|spe|1\n|\n|-damage|p2a: Great Tusk|91\/100 brn|[from] brn\n|upkeep\n|turn|18\n|\n|t:|1700083204\n|move|p2a: Great Tusk|Bulk Up|p2a: Great Tusk\n|-boost|p2a: Great Tusk|atk|1\n|-boost|p2a: Great Tusk|def|1\n|move|p1a: Cinderace|Court Change|p1a: Cinderace\n|-swapsideconditions\n|-activate|p1a: Cinderace|move: Court Change\n|\n|-damage|p2a: Great Tusk|85\/100 brn|[from] brn\n|upkeep\n|turn|19\n|\n|t:|1700083212\n|switch|p1a: Dondozo|Dondozo, F|100\/100\n|move|p2a: Great Tusk|Headlong Rush|p1a: Dondozo\n|-damage|p1a: Dondozo|89\/100\n|-unboost|p2a: Great Tusk|def|1\n|-unboost|p2a: Great Tusk|spd|1\n|\n|-damage|p2a: Great Tusk|79\/100 brn|[from] brn\n|upkeep\n|turn|20\n|l|\u26062022 flare\n|inactive|2022 flare disconnected and has a minute to reconnect!\n|player|p2|\n|inactive|2022 flare has 30 seconds to reconnect!\n|inactive|2022 flare has 20 seconds to reconnect!\n|inactive|2022 flare has 15 seconds to reconnect!\n|inactive|2022 flare has 10 seconds to reconnect!\n|inactive|2022 flare has 5 seconds to reconnect!\n|-message|2022 flare lost due to inactivity.\n|\n|win|trujjjjhfs\n|raw|trujjjjhfs's rating: 1135 &rarr; <strong>1163<\/strong><br \/>(+28 for winning)\n|raw|2022 flare's rating: 1177 &rarr; <strong>1149<\/strong><br \/>(-28 for losing)\n|c|\u2606trujjjjhfs|\/log trujjjjhfs made this room public.\n","uploadtime":1700083286,"views":7,"p1id":"trujjjjhfs","p2id":"2022flare","formatid":"gen9ou","rating":1149,"private":0,"password":""}