{"id":"gen9ou-1990089743","p1":"JonasTheBot","p2":"RabbidChinchilla","format":"[Gen 9] OU","log":"|j|\u2606JonasTheBot\n|j|\u2606RabbidChinchilla\n|t:|1699923421\n|gametype|singles\n|player|p1|JonasTheBot|102|1327\n|player|p2|RabbidChinchilla|blue|1409\n|teamsize|p1|6\n|teamsize|p2|6\n|gen|9\n|tier|[Gen 9] OU\n|rated|\n|rule|Sleep Clause Mod: Limit one foe put to sleep\n|rule|Species Clause: Limit one of each Pok\u00e9mon\n|rule|OHKO Clause: OHKO moves are banned\n|rule|Evasion Items Clause: Evasion items are banned\n|rule|Evasion Moves Clause: Evasion moves are banned\n|rule|Endless Battle Clause: Forcing endless battles is banned\n|rule|HP Percentage Mod: HP is shown in percentages\n|clearpoke\n|poke|p1|Ribombee, M|\n|poke|p1|Ogerpon-Wellspring, F|\n|poke|p1|Iron Moth|\n|poke|p1|Kingambit, M|\n|poke|p1|Gholdengo|\n|poke|p1|Iron Valiant|\n|poke|p2|Skeledirge, M|\n|poke|p2|Altaria, M|\n|poke|p2|Tinkaton, F|\n|poke|p2|Haxorus, M|\n|poke|p2|Jolteon, M|\n|poke|p2|Klefki, M|\n|teampreview\n|inactive|Battle timer is ON: inactive players will automatically lose when time's up. (requested by JonasTheBot)\n|\n|t:|1699923438\n|start\n|switch|p1a: Ribombee|Ribombee, M|100\/100\n|switch|p2a: Jolteon|Jolteon, M|100\/100\n|turn|1\n|\n|t:|1699923451\n|move|p2a: Jolteon|Thunderbolt|p1a: Ribombee\n|-crit|p1a: Ribombee\n|-enditem|p1a: Ribombee|Focus Sash\n|-damage|p1a: Ribombee|1\/100\n|move|p1a: Ribombee|Sticky Web|p2a: Jolteon\n|-sidestart|p2: RabbidChinchilla|move: Sticky Web\n|\n|-status|p2a: Jolteon|brn|[from] item: Flame Orb\n|upkeep\n|turn|2\n|\n|t:|1699923466\n|move|p2a: Jolteon|Tera Blast|p1a: Ribombee\n|-damage|p1a: Ribombee|0 fnt\n|faint|p1a: Ribombee\n|\n|-damage|p2a: Jolteon|95\/100 brn|[from] brn\n|upkeep\n|\n|t:|1699923475\n|switch|p1a: Iron Moth|Iron Moth|100\/100\n|-enditem|p1a: Iron Moth|Booster Energy\n|-activate|p1a: Iron Moth|ability: Quark Drive|[fromitem]\n|-start|p1a: Iron Moth|quarkdrivespa\n|turn|3\n|\n|t:|1699923485\n|move|p2a: Jolteon|Volt Switch|p1a: Iron Moth\n|-damage|p1a: Iron Moth|64\/100\n|\n|t:|1699923487\n|switch|p2a: Altaria|Altaria, M|100\/100|[from] Volt Switch\n|move|p1a: Iron Moth|Substitute|p1a: Iron Moth\n|-start|p1a: Iron Moth|Substitute\n|-damage|p1a: Iron Moth|39\/100\n|\n|upkeep\n|turn|4\n|\n|t:|1699923494\n|move|p1a: Iron Moth|Sludge Wave|p2a: Altaria\n|-damage|p2a: Altaria|49\/100\n|move|p2a: Altaria|Defog|p1a: Iron Moth\n|-sideend|p2: RabbidChinchilla|Sticky Web|[from] move: Defog|[of] p2a: Altaria\n|\n|upkeep\n|turn|5\n|\n|t:|1699923507\n|switch|p2a: Klefki|Klefki, M|100\/100\n|move|p1a: Iron Moth|Fiery Dance|p2a: Klefki\n|-supereffective|p2a: Klefki\n|-damage|p2a: Klefki|0 fnt\n|-boost|p1a: Iron Moth|spa|1\n|faint|p2a: Klefki\n|\n|upkeep\n|\n|t:|1699923510\n|switch|p2a: Skeledirge|Skeledirge, M|100\/100\n|turn|6\n|\n|t:|1699923517\n|move|p1a: Iron Moth|Sludge Wave|p2a: Skeledirge\n|-resisted|p2a: Skeledirge\n|-damage|p2a: Skeledirge|65\/100\n|move|p2a: Skeledirge|Torch Song|p1a: Iron Moth\n|-resisted|p1a: Iron Moth\n|-damage|p1a: Iron Moth|24\/100\n|-boost|p2a: Skeledirge|spa|1\n|\n|-heal|p2a: Skeledirge|71\/100|[from] item: Leftovers\n|upkeep\n|turn|7\n|\n|t:|1699923523\n|move|p1a: Iron Moth|Sludge Wave|p2a: Skeledirge\n|-resisted|p2a: Skeledirge\n|-damage|p2a: Skeledirge|34\/100\n|move|p2a: Skeledirge|Torch Song|p1a: Iron Moth\n|-resisted|p1a: Iron Moth\n|-damage|p1a: Iron Moth|0 fnt\n|-boost|p2a: Skeledirge|spa|1\n|faint|p1a: Iron Moth\n|-end|p1a: Iron Moth|Quark Drive|[silent]\n|\n|-heal|p2a: Skeledirge|40\/100|[from] item: Leftovers\n|upkeep\n|\n|t:|1699923543\n|switch|p1a: Ogerpon|Ogerpon-Wellspring, F|100\/100\n|turn|8\n|\n|t:|1699923546\n|move|p1a: Ogerpon|Swords Dance|p1a: Ogerpon\n|-boost|p1a: Ogerpon|atk|2\n|move|p2a: Skeledirge|Torch Song|p1a: Ogerpon\n|-damage|p1a: Ogerpon|26\/100\n|-boost|p2a: Skeledirge|spa|1\n|\n|-heal|p2a: Skeledirge|46\/100|[from] item: Leftovers\n|upkeep\n|turn|9\n|\n|t:|1699923549\n|move|p1a: Ogerpon|Ivy Cudgel|p2a: Skeledirge\n|-supereffective|p2a: Skeledirge\n|-damage|p2a: Skeledirge|0 fnt\n|faint|p2a: Skeledirge\n|\n|upkeep\n|\n|t:|1699923552\n|switch|p2a: Jolteon|Jolteon, M|95\/100 brn\n|turn|10\n|\n|t:|1699923576\n|move|p2a: Jolteon|Thunderbolt|p1a: Ogerpon\n|-damage|p1a: Ogerpon|0 fnt\n|faint|p1a: Ogerpon\n|\n|-damage|p2a: Jolteon|89\/100 brn|[from] brn\n|upkeep\n|\n|t:|1699923582\n|switch|p1a: Iron Valiant|Iron Valiant|100\/100\n|-enditem|p1a: Iron Valiant|Booster Energy\n|-activate|p1a: Iron Valiant|ability: Quark Drive|[fromitem]\n|-start|p1a: Iron Valiant|quarkdrivespe\n|turn|11\n|\n|t:|1699923592\n|move|p2a: Jolteon|Volt Switch|p1a: Iron Valiant\n|-damage|p1a: Iron Valiant|23\/100\n|\n|t:|1699923595\n|switch|p2a: Tinkaton|Tinkaton, F|100\/100|[from] Volt Switch\n|-ability|p2a: Tinkaton|Mold Breaker\n|move|p1a: Iron Valiant|Moonblast|p2a: Tinkaton\n|-resisted|p2a: Tinkaton\n|-damage|p2a: Tinkaton|79\/100\n|\n|-heal|p2a: Tinkaton|85\/100|[from] item: Leftovers\n|upkeep\n|turn|12\n|\n|t:|1699923599\n|move|p1a: Iron Valiant|Destiny Bond|p1a: Iron Valiant\n|-singlemove|p1a: Iron Valiant|Destiny Bond\n|move|p2a: Tinkaton|Gigaton Hammer|p1a: Iron Valiant\n|-supereffective|p1a: Iron Valiant\n|-damage|p1a: Iron Valiant|0 fnt\n|faint|p1a: Iron Valiant\n|-activate|p1a: Iron Valiant|move: Destiny Bond\n|-end|p1a: Iron Valiant|Quark Drive|[silent]\n|faint|p2a: Tinkaton\n|\n|upkeep\n|\n|t:|1699923610\n|switch|p1a: Gholdengo|Gholdengo|100\/100\n|switch|p2a: Haxorus|Haxorus, M|100\/100\n|-ability|p2a: Haxorus|Mold Breaker\n|-item|p1a: Gholdengo|Air Balloon\n|turn|13\n|\n|t:|1699923615\n|move|p2a: Haxorus|Dragon Dance|p2a: Haxorus\n|-boost|p2a: Haxorus|atk|1\n|-boost|p2a: Haxorus|spe|1\n|move|p1a: Gholdengo|Dazzling Gleam|p2a: Haxorus\n|-supereffective|p2a: Haxorus\n|-damage|p2a: Haxorus|19\/100\n|\n|-heal|p2a: Haxorus|25\/100|[from] item: Leftovers\n|upkeep\n|turn|14\n|\n|t:|1699923622\n|move|p2a: Haxorus|Shadow Claw|p1a: Gholdengo\n|-supereffective|p1a: Gholdengo\n|-damage|p1a: Gholdengo|2\/100\n|-enditem|p1a: Gholdengo|Air Balloon\n|move|p1a: Gholdengo|Dazzling Gleam|p2a: Haxorus\n|-supereffective|p2a: Haxorus\n|-damage|p2a: Haxorus|0 fnt\n|faint|p2a: Haxorus\n|\n|upkeep\n|\n|t:|1699923627\n|switch|p2a: Jolteon|Jolteon, M|89\/100 brn\n|turn|15\n|\n|t:|1699923632\n|move|p2a: Jolteon|Volt Switch|p1a: Gholdengo\n|-damage|p1a: Gholdengo|0 fnt\n|faint|p1a: Gholdengo\n|\n|t:|1699923635\n|switch|p2a: Altaria|Altaria, M|49\/100|[from] Volt Switch\n|\n|upkeep\n|\n|t:|1699923638\n|switch|p1a: Kingambit|Kingambit, M|100\/100\n|-activate|p1a: Kingambit|ability: Supreme Overlord\n|-start|p1a: Kingambit|fallen5|[silent]\n|turn|16\n|\n|t:|1699923645\n|-terastallize|p1a: Kingambit|Fighting\n|move|p2a: Altaria|Perish Song|p2a: Altaria\n|-start|p1a: Kingambit|perish3|[silent]\n|-start|p2a: Altaria|perish3|[silent]\n|-fieldactivate|move: Perish Song\n|move|p1a: Kingambit|Swords Dance|p1a: Kingambit\n|-boost|p1a: Kingambit|atk|2\n|\n|-start|p2a: Altaria|perish3\n|-start|p1a: Kingambit|perish3\n|upkeep\n|turn|17\n|\n|t:|1699923655\n|move|p2a: Altaria|Roost|p2a: Altaria\n|-heal|p2a: Altaria|99\/100\n|-singleturn|p2a: Altaria|move: Roost\n|move|p1a: Kingambit|Iron Head|p2a: Altaria\n|-damage|p2a: Altaria|0 fnt\n|faint|p2a: Altaria\n|\n|-start|p1a: Kingambit|perish2\n|upkeep\n|\n|t:|1699923660\n|switch|p2a: Jolteon|Jolteon, M|89\/100 brn\n|turn|18\n|\n|t:|1699923667\n|move|p2a: Jolteon|Detect|p2a: Jolteon\n|-singleturn|p2a: Jolteon|Protect\n|move|p1a: Kingambit|Iron Head|p2a: Jolteon\n|-activate|p2a: Jolteon|move: Protect\n|\n|-damage|p2a: Jolteon|83\/100 brn|[from] brn\n|-start|p1a: Kingambit|perish1\n|upkeep\n|turn|19\n|\n|t:|1699923672\n|move|p2a: Jolteon|Detect||[still]\n|-fail|p2a: Jolteon\n|move|p1a: Kingambit|Iron Head|p2a: Jolteon\n|-resisted|p2a: Jolteon\n|-damage|p2a: Jolteon|0 fnt\n|faint|p2a: Jolteon\n|\n|win|JonasTheBot\n|raw|JonasTheBot's rating: 1327 &rarr; <strong>1352<\/strong><br \/>(+25 for winning)\n|raw|RabbidChinchilla's rating: 1409 &rarr; <strong>1384<\/strong><br \/>(-25 for losing)\n|l|\u2606RabbidChinchilla\n","uploadtime":1699923682,"views":8,"p1id":"jonasthebot","p2id":"rabbidchinchilla","formatid":"gen9ou","rating":1352,"private":0,"password":""}