{"id":"gen9ou-1999821486","p1":"AkiDes","p2":"CristianARG","format":"[Gen 9] OU","log":"|j|\u2606AkiDes\n|j|\u2606CristianARG\n|t:|1701119860\n|gametype|singles\n|player|p1|AkiDes|volkner|1082\n|player|p2|CristianARG|lance|1067\n|teamsize|p1|6\n|teamsize|p2|6\n|gen|9\n|tier|[Gen 9] OU\n|rated|\n|rule|Sleep Clause Mod: Limit one foe put to sleep\n|rule|Species Clause: Limit one of each Pok\u00e9mon\n|rule|OHKO Clause: OHKO moves are banned\n|rule|Evasion Items Clause: Evasion items are banned\n|rule|Evasion Moves Clause: Evasion moves are banned\n|rule|Endless Battle Clause: Forcing endless battles is banned\n|rule|HP Percentage Mod: HP is shown in percentages\n|clearpoke\n|poke|p1|Greninja-*, F|\n|poke|p1|Dragonite, F|\n|poke|p1|Cinderace, F|\n|poke|p1|Mandibuzz, F|\n|poke|p1|Jolteon, M|\n|poke|p1|Landorus-Therian, M|\n|poke|p2|Salamence, M|\n|poke|p2|Gyarados, M|\n|poke|p2|Sandy Shocks|\n|poke|p2|Gastrodon, F|\n|poke|p2|Iron Treads|\n|poke|p2|Zoroark-Hisui, F|\n|teampreview\n|inactive|Battle timer is ON: inactive players will automatically lose when time's up. (requested by CristianARG)\n|\n|t:|1701119881\n|start\n|switch|p1a: Cinderace|Cinderace, F|100\/100\n|switch|p2a: Sandy Shocks|Sandy Shocks, shiny|100\/100\n|turn|1\n|\n|t:|1701119888\n|move|p1a: Cinderace|Pyro Ball|p2a: Sandy Shocks\n|-damage|p2a: Sandy Shocks|37\/100\n|-status|p2a: Sandy Shocks|brn\n|move|p2a: Sandy Shocks|Earth Power|p1a: Cinderace\n|-supereffective|p1a: Cinderace\n|-damage|p1a: Cinderace|0 fnt\n|faint|p1a: Cinderace\n|-damage|p2a: Sandy Shocks|27\/100 brn|[from] item: Life Orb\n|\n|-damage|p2a: Sandy Shocks|20\/100 brn|[from] brn\n|upkeep\n|\n|t:|1701119898\n|switch|p1a: Dragonite|Dragonite, F|100\/100\n|turn|2\n|\n|t:|1701119901\n|move|p1a: Dragonite|Extreme Speed|p2a: Sandy Shocks\n|-damage|p2a: Sandy Shocks|0 fnt\n|faint|p2a: Sandy Shocks\n|-end|p2a: Sandy Shocks|Protosynthesis|[silent]\n|\n|upkeep\n|\n|t:|1701119905\n|switch|p2a: Gyarados|Gyarados, M, shiny|100\/100\n|-ability|p2a: Gyarados|Intimidate|boost\n|-unboost|p1a: Dragonite|atk|1\n|turn|3\n|\n|t:|1701119912\n|switch|p2a: Gastrodon|Gastrodon, F, shiny|100\/100\n|switch|p1a: Mandibuzz|Mandibuzz, F|100\/100\n|\n|upkeep\n|turn|4\n|\n|t:|1701119915\n|move|p1a: Mandibuzz|Toxic|p2a: Gastrodon\n|-status|p2a: Gastrodon|tox\n|move|p2a: Gastrodon|Yawn|p1a: Mandibuzz\n|-start|p1a: Mandibuzz|move: Yawn|[of] p2a: Gastrodon\n|\n|-damage|p2a: Gastrodon|94\/100 tox|[from] psn\n|upkeep\n|turn|5\n|\n|t:|1701119926\n|switch|p1a: Dragonite|Dragonite, F|100\/100\n|move|p2a: Gastrodon|Muddy Water|p1a: Dragonite\n|-resisted|p1a: Dragonite\n|-damage|p1a: Dragonite|93\/100\n|-unboost|p1a: Dragonite|accuracy|1\n|\n|-heal|p2a: Gastrodon|100\/100 tox|[from] item: Leftovers\n|-damage|p2a: Gastrodon|88\/100 tox|[from] psn\n|upkeep\n|turn|6\n|\n|t:|1701119931\n|move|p1a: Dragonite|Dragon Dance|p1a: Dragonite\n|-boost|p1a: Dragonite|atk|1\n|-boost|p1a: Dragonite|spe|1\n|move|p2a: Gastrodon|Yawn|p1a: Dragonite\n|-start|p1a: Dragonite|move: Yawn|[of] p2a: Gastrodon\n|\n|-heal|p2a: Gastrodon|94\/100 tox|[from] item: Leftovers\n|-damage|p2a: Gastrodon|76\/100 tox|[from] psn\n|upkeep\n|turn|7\n|\n|t:|1701119939\n|move|p1a: Dragonite|Dragon Dance|p1a: Dragonite\n|-boost|p1a: Dragonite|atk|1\n|-boost|p1a: Dragonite|spe|1\n|move|p2a: Gastrodon|Muddy Water|p1a: Dragonite\n|-resisted|p1a: Dragonite\n|-damage|p1a: Dragonite|79\/100\n|\n|-heal|p2a: Gastrodon|82\/100 tox|[from] item: Leftovers\n|-damage|p2a: Gastrodon|58\/100 tox|[from] psn\n|-end|p1a: Dragonite|move: Yawn|[silent]\n|-status|p1a: Dragonite|slp\n|upkeep\n|turn|8\n|\n|t:|1701119948\n|switch|p2a: Iron Treads|Iron Treads, shiny|100\/100\n|cant|p1a: Dragonite|slp\n|\n|upkeep\n|turn|9\n|\n|t:|1701119956\n|cant|p1a: Dragonite|slp\n|move|p2a: Iron Treads|Ice Spinner|p1a: Dragonite\n|-supereffective|p1a: Dragonite\n|-damage|p1a: Dragonite|0 fnt\n|faint|p1a: Dragonite\n|\n|upkeep\n|\n|t:|1701119959\n|switch|p1a: Greninja|Greninja, F|100\/100\n|turn|10\n|\n|t:|1701119963\n|-end|p2a: Iron Treads|Quark Drive|[silent]\n|switch|p2a: Gastrodon|Gastrodon, F, shiny|58\/100 tox\n|move|p1a: Greninja|Hydro Pump|p2a: Gastrodon\n|-start|p1a: Greninja|typechange|Water|[from] ability: Protean\n|-ability|p2a: Gastrodon|Storm Drain|boost\n|-boost|p2a: Gastrodon|spa|1\n|\n|-heal|p2a: Gastrodon|64\/100 tox|[from] item: Leftovers\n|-damage|p2a: Gastrodon|58\/100 tox|[from] psn\n|upkeep\n|turn|11\n|\n|t:|1701119991\n|switch|p1a: Mandibuzz|Mandibuzz, F|100\/100\n|move|p2a: Gastrodon|Recover|p2a: Gastrodon\n|-heal|p2a: Gastrodon|100\/100 tox\n|\n|-damage|p2a: Gastrodon|88\/100 tox|[from] psn\n|upkeep\n|turn|12\n|\n|t:|1701119999\n|switch|p1a: Greninja|Greninja, F|100\/100\n|move|p2a: Gastrodon|Muddy Water|p1a: Greninja\n|-resisted|p1a: Greninja\n|-damage|p1a: Greninja|66\/100\n|\n|-heal|p2a: Gastrodon|94\/100 tox|[from] item: Leftovers\n|-damage|p2a: Gastrodon|76\/100 tox|[from] psn\n|upkeep\n|turn|13\n|\n|t:|1701120004\n|move|p1a: Greninja|Dark Pulse|p2a: Gastrodon\n|-start|p1a: Greninja|typechange|Dark|[from] ability: Protean\n|-damage|p2a: Gastrodon|51\/100 tox\n|move|p2a: Gastrodon|Muddy Water|p1a: Greninja|[miss]\n|-miss|p2a: Gastrodon|p1a: Greninja\n|\n|-heal|p2a: Gastrodon|57\/100 tox|[from] item: Leftovers\n|-damage|p2a: Gastrodon|32\/100 tox|[from] psn\n|upkeep\n|turn|14\n|\n|t:|1701120011\n|move|p1a: Greninja|Dark Pulse|p2a: Gastrodon\n|-damage|p2a: Gastrodon|10\/100 tox\n|move|p2a: Gastrodon|Recover|p2a: Gastrodon\n|-heal|p2a: Gastrodon|60\/100 tox\n|\n|-heal|p2a: Gastrodon|66\/100 tox|[from] item: Leftovers\n|-damage|p2a: Gastrodon|35\/100 tox|[from] psn\n|upkeep\n|turn|15\n|\n|t:|1701120026\n|move|p1a: Greninja|Dark Pulse|p2a: Gastrodon\n|-damage|p2a: Gastrodon|12\/100 tox\n|cant|p2a: Gastrodon|flinch\n|\n|-heal|p2a: Gastrodon|18\/100 tox|[from] item: Leftovers\n|-damage|p2a: Gastrodon|0 fnt|[from] psn\n|faint|p2a: Gastrodon\n|upkeep\n|\n|t:|1701120034\n|switch|p2a: Salamence|Salamence, M|100\/100\n|turn|16\n|\n|t:|1701120037\n|switch|p1a: Mandibuzz|Mandibuzz, F|100\/100\n|move|p2a: Salamence|Dragon Dance|p2a: Salamence\n|-boost|p2a: Salamence|atk|1\n|-boost|p2a: Salamence|spe|1\n|\n|upkeep\n|turn|17\n|\n|t:|1701120045\n|switch|p2a: Iron Treads|Iron Treads, shiny|100\/100\n|move|p1a: Mandibuzz|Toxic|p2a: Iron Treads\n|-immune|p2a: Iron Treads\n|\n|upkeep\n|turn|18\n|\n|t:|1701120048\n|move|p2a: Iron Treads|Knock Off|p1a: Mandibuzz\n|-resisted|p1a: Mandibuzz\n|-damage|p1a: Mandibuzz|91\/100\n|-enditem|p1a: Mandibuzz|Heavy-Duty Boots|[from] move: Knock Off|[of] p2a: Iron Treads\n|move|p1a: Mandibuzz|Foul Play|p2a: Iron Treads\n|-damage|p2a: Iron Treads|57\/100\n|\n|upkeep\n|turn|19\n|\n|t:|1701120055\n|move|p2a: Iron Treads|Ice Spinner|p1a: Mandibuzz\n|-supereffective|p1a: Mandibuzz\n|-damage|p1a: Mandibuzz|61\/100\n|move|p1a: Mandibuzz|Foul Play|p2a: Iron Treads\n|-crit|p2a: Iron Treads\n|-damage|p2a: Iron Treads|0 fnt\n|faint|p2a: Iron Treads\n|-end|p2a: Iron Treads|Quark Drive|[silent]\n|\n|upkeep\n|\n|t:|1701120063\n|switch|p2a: Salamence|Salamence, M|100\/100\n|turn|20\n|\n|t:|1701120068\n|move|p2a: Salamence|Hyper Voice|p1a: Mandibuzz\n|-damage|p1a: Mandibuzz|1\/100\n|move|p1a: Mandibuzz|Roost|p1a: Mandibuzz\n|-heal|p1a: Mandibuzz|51\/100\n|-singleturn|p1a: Mandibuzz|move: Roost\n|\n|upkeep\n|turn|21\n|\n|t:|1701120086\n|switch|p1a: Landorus|Landorus-Therian, M|100\/100\n|-ability|p1a: Landorus|Intimidate|boost\n|-unboost|p2a: Salamence|atk|1\n|move|p2a: Salamence|Hyper Voice|p1a: Landorus\n|-damage|p1a: Landorus|15\/100\n|\n|upkeep\n|turn|22\n|\n|t:|1701120093\n|move|p2a: Salamence|Hyper Voice|p1a: Landorus\n|-damage|p1a: Landorus|0 fnt\n|faint|p1a: Landorus\n|\n|upkeep\n|\n|t:|1701120101\n|switch|p1a: Greninja|Greninja, F|66\/100\n|turn|23\n|\n|t:|1701120113\n|switch|p2a: Gyarados|Gyarados, M, shiny|100\/100\n|-ability|p2a: Gyarados|Intimidate|boost\n|-unboost|p1a: Greninja|atk|1\n|move|p1a: Greninja|Dark Pulse|p2a: Gyarados\n|-start|p1a: Greninja|typechange|Dark|[from] ability: Protean\n|-damage|p2a: Gyarados|62\/100\n|\n|-heal|p2a: Gyarados|68\/100|[from] item: Leftovers\n|upkeep\n|turn|24\n|\n|t:|1701120116\n|switch|p1a: Mandibuzz|Mandibuzz, F|51\/100\n|move|p2a: Gyarados|Dragon Dance|p2a: Gyarados\n|-boost|p2a: Gyarados|atk|1\n|-boost|p2a: Gyarados|spe|1\n|\n|-heal|p2a: Gyarados|74\/100|[from] item: Leftovers\n|upkeep\n|turn|25\n|\n|t:|1701120120\n|move|p2a: Gyarados|Substitute|p2a: Gyarados\n|-start|p2a: Gyarados|Substitute\n|-damage|p2a: Gyarados|49\/100\n|move|p1a: Mandibuzz|Toxic|p2a: Gyarados|[miss]\n|-miss|p1a: Mandibuzz|p2a: Gyarados\n|\n|-heal|p2a: Gyarados|55\/100|[from] item: Leftovers\n|upkeep\n|turn|26\n|\n|t:|1701120123\n|move|p2a: Gyarados|Dragon Dance|p2a: Gyarados\n|-boost|p2a: Gyarados|atk|1\n|-boost|p2a: Gyarados|spe|1\n|move|p1a: Mandibuzz|Roost|p1a: Mandibuzz\n|-heal|p1a: Mandibuzz|100\/100\n|-singleturn|p1a: Mandibuzz|move: Roost\n|\n|-heal|p2a: Gyarados|62\/100|[from] item: Leftovers\n|upkeep\n|turn|27\n|\n|t:|1701120134\n|move|p2a: Gyarados|Waterfall|p1a: Mandibuzz\n|-damage|p1a: Mandibuzz|53\/100\n|move|p1a: Mandibuzz|Foul Play|p2a: Gyarados\n|-end|p2a: Gyarados|Substitute\n|\n|-heal|p2a: Gyarados|68\/100|[from] item: Leftovers\n|upkeep\n|turn|28\n|\n|t:|1701120143\n|move|p2a: Gyarados|Waterfall|p1a: Mandibuzz\n|-damage|p1a: Mandibuzz|7\/100\n|move|p1a: Mandibuzz|Foul Play|p2a: Gyarados\n|-damage|p2a: Gyarados|0 fnt\n|faint|p2a: Gyarados\n|\n|upkeep\n|\n|t:|1701120152\n|switch|p2a: Salamence|Salamence, M|100\/100\n|turn|29\n|\n|t:|1701120157\n|move|p2a: Salamence|Dragon Claw|p1a: Mandibuzz\n|-damage|p1a: Mandibuzz|0 fnt\n|faint|p1a: Mandibuzz\n|-ability|p2a: Salamence|Moxie|boost\n|-boost|p2a: Salamence|atk|1\n|\n|upkeep\n|\n|t:|1701120160\n|switch|p1a: Greninja|Greninja, F|66\/100\n|turn|30\n|\n|t:|1701120163\n|move|p1a: Greninja|Ice Beam|p2a: Salamence\n|-start|p1a: Greninja|typechange|Ice|[from] ability: Protean\n|-supereffective|p2a: Salamence\n|-enditem|p2a: Salamence|Focus Sash\n|-damage|p2a: Salamence|1\/100\n|move|p2a: Salamence|Dragon Dance|p2a: Salamence\n|-boost|p2a: Salamence|atk|1\n|-boost|p2a: Salamence|spe|1\n|\n|upkeep\n|turn|31\n|\n|t:|1701120169\n|move|p1a: Greninja|Ice Beam|p2a: Salamence\n|-supereffective|p2a: Salamence\n|-damage|p2a: Salamence|0 fnt\n|faint|p2a: Salamence\n|\n|upkeep\n|\n|t:|1701120174\n|switch|p2a: Zoroark|Zoroark-Hisui, F|100\/100\n|turn|32\n|\n|t:|1701120178\n|move|p1a: Greninja|Ice Beam|p2a: Zoroark\n|-damage|p2a: Zoroark|25\/100\n|move|p2a: Zoroark|Hyper Voice|p1a: Greninja\n|-damage|p1a: Greninja|0 fnt\n|faint|p1a: Greninja\n|\n|upkeep\n|\n|t:|1701120181\n|switch|p1a: Jolteon|Jolteon, M|100\/100\n|turn|33\n|\n|t:|1701120183\n|move|p1a: Jolteon|Thunderbolt|p2a: Zoroark\n|-damage|p2a: Zoroark|0 fnt\n|faint|p2a: Zoroark\n|\n|win|AkiDes\n|raw|AkiDes's rating: 1082 &rarr; <strong>1109<\/strong><br \/>(+27 for winning)\n|raw|CristianARG's rating: 1067 &rarr; <strong>1048<\/strong><br \/>(-19 for losing)\n|l|\u2606CristianARG\n","uploadtime":1701120186,"views":2,"p1id":"akides","p2id":"cristianarg","formatid":"gen9ou","rating":1048,"private":0,"password":""}