{"id":"gen9ou-1998370202","p1":"malayerbah","p2":"Xikirito","format":"[Gen 9] OU","log":"|j|\u2606malayerbah\n|j|\u2606Xikirito\n|t:|1700934750\n|gametype|singles\n|player|p1|malayerbah|benga|\n|player|p2|Xikirito|volkner|\n|teamsize|p1|6\n|teamsize|p2|6\n|gen|9\n|tier|[Gen 9] OU\n|rule|Sleep Clause Mod: Limit one foe put to sleep\n|rule|Species Clause: Limit one of each Pok\u00e9mon\n|rule|OHKO Clause: OHKO moves are banned\n|rule|Evasion Items Clause: Evasion items are banned\n|rule|Evasion Moves Clause: Evasion moves are banned\n|rule|Endless Battle Clause: Forcing endless battles is banned\n|rule|HP Percentage Mod: HP is shown in percentages\n|clearpoke\n|poke|p1|Walking Wake|\n|poke|p1|Toxapex, F|\n|poke|p1|Pelipper, M|\n|poke|p1|Basculegion, M|\n|poke|p1|Gastrodon, F|\n|poke|p1|Ogerpon-Wellspring, F|\n|poke|p2|Landorus-Therian, M|\n|poke|p2|Enamorus, F|\n|poke|p2|Dragonite, F|\n|poke|p2|Corviknight, M|\n|poke|p2|Gyarados, M|\n|poke|p2|Zapdos-Galar|\n|teampreview\n|\n|t:|1700934762\n|start\n|switch|p1a: Pelippo|Pelipper, M|100\/100\n|switch|p2a: Alone Boy|Landorus-Therian, M, shiny|100\/100\n|-ability|p2a: Alone Boy|Intimidate|boost\n|-unboost|p1a: Pelippo|atk|1\n|-weather|RainDance|[from] ability: Drizzle|[of] p1a: Pelippo\n|turn|1\n|\n|t:|1700934771\n|move|p2a: Alone Boy|Stealth Rock|p1a: Pelippo\n|-sidestart|p1: malayerbah|move: Stealth Rock\n|move|p1a: Pelippo|Hurricane|p2a: Alone Boy\n|-damage|p2a: Alone Boy|26\/100\n|\n|-weather|RainDance|[upkeep]\n|-heal|p2a: Alone Boy|32\/100|[from] item: Leftovers\n|upkeep\n|turn|2\n|\n|t:|1700934778\n|move|p2a: Alone Boy|U-turn|p1a: Pelippo\n|-resisted|p1a: Pelippo\n|-damage|p1a: Pelippo|90\/100\n|\n|t:|1700934795\n|switch|p2a: Blackwing|Corviknight, M, shiny|100\/100|[from] U-turn\n|-ability|p2a: Blackwing|Pressure\n|move|p1a: Pelippo|Hurricane|p2a: Blackwing\n|-resisted|p2a: Blackwing\n|-damage|p2a: Blackwing|68\/100\n|\n|-weather|RainDance|[upkeep]\n|-heal|p2a: Blackwing|74\/100|[from] item: Leftovers\n|upkeep\n|turn|3\n|\n|t:|1700934806\n|switch|p1a: DonSsita|Gastrodon, F|100\/100\n|move|p2a: Blackwing|Body Press|p1a: DonSsita\n|-damage|p1a: DonSsita|76\/100\n|\n|-weather|RainDance|[upkeep]\n|-heal|p2a: Blackwing|80\/100|[from] item: Leftovers\n|upkeep\n|turn|4\n|\n|t:|1700934814\n|move|p2a: Blackwing|Iron Head|p1a: DonSsita\n|-resisted|p1a: DonSsita\n|-damage|p1a: DonSsita|63\/100\n|move|p1a: DonSsita|Chilling Water|p2a: Blackwing\n|-damage|p2a: Blackwing|56\/100\n|-unboost|p2a: Blackwing|atk|1\n|\n|-weather|RainDance|[upkeep]\n|-heal|p2a: Blackwing|62\/100|[from] item: Leftovers\n|upkeep\n|turn|5\n|\n|t:|1700934827\n|switch|p2a: Gorgonzola|Dragonite, F|100\/100\n|move|p1a: DonSsita|Spikes|p2a: Gorgonzola\n|-sidestart|p2: Xikirito|Spikes\n|\n|-weather|none\n|upkeep\n|turn|6\n|\n|t:|1700934836\n|switch|p1a: ToxaRoxa|Toxapex, F, shiny|100\/100\n|-damage|p1a: ToxaRoxa|88\/100|[from] Stealth Rock\n|move|p2a: Gorgonzola|Ice Beam|p1a: ToxaRoxa\n|-resisted|p1a: ToxaRoxa\n|-damage|p1a: ToxaRoxa|81\/100\n|\n|-heal|p1a: ToxaRoxa|88\/100|[from] item: Black Sludge\n|upkeep\n|turn|7\n|\n|t:|1700934846\n|switch|p2a: Blackwing|Corviknight, M, shiny|62\/100\n|-ability|p2a: Blackwing|Pressure\n|move|p1a: ToxaRoxa|Toxic|p2a: Blackwing\n|-immune|p2a: Blackwing\n|\n|-heal|p2a: Blackwing|68\/100|[from] item: Leftovers\n|-heal|p1a: ToxaRoxa|94\/100|[from] item: Black Sludge\n|upkeep\n|turn|8\n|\n|t:|1700934855\n|move|p2a: Blackwing|Defog|p1a: ToxaRoxa\n|-unboost|p1a: ToxaRoxa|evasion|1\n|-sideend|p1: malayerbah|Stealth Rock|[from] move: Defog|[of] p2a: Blackwing\n|-sideend|p2: Xikirito|Spikes|[from] move: Defog|[of] p2a: Blackwing\n|move|p1a: ToxaRoxa|Infestation|p2a: Blackwing\n|-resisted|p2a: Blackwing\n|-crit|p2a: Blackwing\n|-damage|p2a: Blackwing|67\/100\n|-activate|p2a: Blackwing|move: Infestation|[of] p1a: ToxaRoxa\n|\n|-heal|p2a: Blackwing|73\/100|[from] item: Leftovers\n|-heal|p1a: ToxaRoxa|99\/100|[from] item: Black Sludge\n|-damage|p2a: Blackwing|61\/100|[from] move: Infestation|[partiallytrapped]\n|upkeep\n|turn|9\n|inactive|Battle timer is ON: inactive players will automatically lose when time's up. (requested by malayerbah)\n|\n|t:|1700934866\n|switch|p1a: DonSsita|Gastrodon, F|63\/100\n|move|p2a: Blackwing|Body Press|p1a: DonSsita\n|-crit|p1a: DonSsita\n|-damage|p1a: DonSsita|27\/100\n|\n|-heal|p2a: Blackwing|67\/100|[from] item: Leftovers\n|-end|p2a: Blackwing|Infestation|[partiallytrapped]|[silent]\n|upkeep\n|turn|10\n|\n|t:|1700934874\n|move|p2a: Blackwing|Body Press|p1a: DonSsita\n|-damage|p1a: DonSsita|3\/100\n|move|p1a: DonSsita|Recover|p1a: DonSsita\n|-heal|p1a: DonSsita|53\/100\n|\n|-heal|p2a: Blackwing|73\/100|[from] item: Leftovers\n|upkeep\n|turn|11\n|\n|t:|1700934882\n|move|p2a: Blackwing|Body Press|p1a: DonSsita\n|-damage|p1a: DonSsita|27\/100\n|move|p1a: DonSsita|Recover|p1a: DonSsita\n|-heal|p1a: DonSsita|77\/100\n|\n|-heal|p2a: Blackwing|79\/100|[from] item: Leftovers\n|upkeep\n|turn|12\n|\n|t:|1700934889\n|switch|p1a: Pelippo|Pelipper, M|90\/100\n|-weather|RainDance|[from] ability: Drizzle|[of] p1a: Pelippo\n|move|p2a: Blackwing|Body Press|p1a: Pelippo\n|-resisted|p1a: Pelippo\n|-damage|p1a: Pelippo|79\/100\n|\n|-weather|RainDance|[upkeep]\n|-heal|p2a: Blackwing|86\/100|[from] item: Leftovers\n|upkeep\n|turn|13\n|\n|t:|1700934898\n|move|p2a: Blackwing|Iron Head|p1a: Pelippo\n|-resisted|p1a: Pelippo\n|-damage|p1a: Pelippo|66\/100\n|cant|p1a: Pelippo|flinch\n|\n|-weather|RainDance|[upkeep]\n|-heal|p2a: Blackwing|92\/100|[from] item: Leftovers\n|upkeep\n|turn|14\n|\n|t:|1700934908\n|move|p2a: Blackwing|Iron Head|p1a: Pelippo\n|-resisted|p1a: Pelippo\n|-damage|p1a: Pelippo|53\/100\n|move|p1a: Pelippo|Ice Beam|p2a: Blackwing\n|-damage|p2a: Blackwing|52\/100\n|\n|-weather|RainDance|[upkeep]\n|-heal|p2a: Blackwing|58\/100|[from] item: Leftovers\n|upkeep\n|turn|15\n|\n|t:|1700934916\n|move|p2a: Blackwing|Iron Head|p1a: Pelippo\n|-resisted|p1a: Pelippo\n|-damage|p1a: Pelippo|41\/100\n|cant|p1a: Pelippo|flinch\n|\n|-weather|RainDance|[upkeep]\n|-heal|p2a: Blackwing|64\/100|[from] item: Leftovers\n|upkeep\n|turn|16\n|\n|t:|1700934924\n|switch|p1a: ToxaRoxa|Toxapex, F, shiny|100\/100\n|move|p2a: Blackwing|Iron Head|p1a: ToxaRoxa\n|-resisted|p1a: ToxaRoxa\n|-damage|p1a: ToxaRoxa|93\/100\n|\n|-weather|none\n|-heal|p2a: Blackwing|70\/100|[from] item: Leftovers\n|-heal|p1a: ToxaRoxa|99\/100|[from] item: Black Sludge\n|upkeep\n|turn|17\n|\n|t:|1700934935\n|move|p2a: Blackwing|Body Press|p1a: ToxaRoxa\n|-resisted|p1a: ToxaRoxa\n|-damage|p1a: ToxaRoxa|92\/100\n|move|p1a: ToxaRoxa|Infestation|p2a: Blackwing\n|-resisted|p2a: Blackwing\n|-damage|p2a: Blackwing|70\/100\n|-activate|p2a: Blackwing|move: Infestation|[of] p1a: ToxaRoxa\n|\n|-heal|p2a: Blackwing|76\/100|[from] item: Leftovers\n|-heal|p1a: ToxaRoxa|98\/100|[from] item: Black Sludge\n|-damage|p2a: Blackwing|63\/100|[from] move: Infestation|[partiallytrapped]\n|upkeep\n|turn|18\n|\n|t:|1700934946\n|move|p2a: Blackwing|Body Press|p1a: ToxaRoxa\n|-resisted|p1a: ToxaRoxa\n|-damage|p1a: ToxaRoxa|90\/100\n|move|p1a: ToxaRoxa|Infestation|p2a: Blackwing\n|-resisted|p2a: Blackwing\n|-damage|p2a: Blackwing|63\/100\n|\n|-heal|p2a: Blackwing|69\/100|[from] item: Leftovers\n|-heal|p1a: ToxaRoxa|97\/100|[from] item: Black Sludge\n|-damage|p2a: Blackwing|57\/100|[from] move: Infestation|[partiallytrapped]\n|upkeep\n|turn|19\n|\n|t:|1700934963\n|move|p2a: Blackwing|Iron Head|p1a: ToxaRoxa\n|-resisted|p1a: ToxaRoxa\n|-damage|p1a: ToxaRoxa|88\/100\n|cant|p1a: ToxaRoxa|flinch\n|\n|-heal|p2a: Blackwing|63\/100|[from] item: Leftovers\n|-heal|p1a: ToxaRoxa|94\/100|[from] item: Black Sludge\n|-damage|p2a: Blackwing|50\/100|[from] move: Infestation|[partiallytrapped]\n|upkeep\n|turn|20\n|\n|t:|1700934976\n|move|p2a: Blackwing|Roost|p2a: Blackwing\n|-heal|p2a: Blackwing|100\/100\n|-singleturn|p2a: Blackwing|move: Roost\n|move|p1a: ToxaRoxa|Infestation|p2a: Blackwing\n|-resisted|p2a: Blackwing\n|-damage|p2a: Blackwing|99\/100\n|\n|-heal|p2a: Blackwing|100\/100|[from] item: Leftovers\n|-heal|p1a: ToxaRoxa|100\/100|[from] item: Black Sludge\n|-damage|p2a: Blackwing|88\/100|[from] move: Infestation|[partiallytrapped]\n|upkeep\n|turn|21\n|\n|t:|1700934988\n|switch|p1a: SuicunEX|Walking Wake|100\/100\n|move|p2a: Blackwing|Iron Head|p1a: SuicunEX\n|-resisted|p1a: SuicunEX\n|-damage|p1a: SuicunEX|87\/100\n|\n|-heal|p2a: Blackwing|94\/100|[from] item: Leftovers\n|-end|p2a: Blackwing|Infestation|[partiallytrapped]|[silent]\n|upkeep\n|turn|22\n|\n|t:|1700934995\n|switch|p2a: Alone Boy|Landorus-Therian, M, shiny|32\/100\n|-ability|p2a: Alone Boy|Intimidate|boost\n|-unboost|p1a: SuicunEX|atk|1\n|move|p1a: SuicunEX|Scald|p2a: Alone Boy\n|-supereffective|p2a: Alone Boy\n|-damage|p2a: Alone Boy|0 fnt\n|faint|p2a: Alone Boy\n|\n|upkeep\n|\n|t:|1700935004\n|switch|p2a: Gorgonzola|Dragonite, F|100\/100\n|turn|23\n|\n|t:|1700935008\n|-end|p1a: SuicunEX|Protosynthesis|[silent]\n|switch|p1a: ToxaRoxa|Toxapex, F, shiny|100\/100\n|move|p2a: Gorgonzola|Outrage|p1a: ToxaRoxa\n|-crit|p1a: ToxaRoxa\n|-damage|p1a: ToxaRoxa|0 fnt\n|faint|p1a: ToxaRoxa\n|\n|upkeep\n|\n|t:|1700935023\n|switch|p1a: Pelippo|Pelipper, M|41\/100\n|-weather|RainDance|[from] ability: Drizzle|[of] p1a: Pelippo\n|turn|24\n|\n|t:|1700935027\n|move|p2a: Gorgonzola|Outrage|p1a: Pelippo|[from]lockedmove\n|-damage|p1a: Pelippo|0 fnt\n|faint|p1a: Pelippo\n|\n|-weather|RainDance|[upkeep]\n|upkeep\n|\n|t:|1700935035\n|switch|p1a: SuicunEX|Walking Wake|87\/100\n|turn|25\n|\n|t:|1700935038\n|-terastallize|p1a: SuicunEX|Water\n|move|p1a: SuicunEX|Draco Meteor|p2a: Gorgonzola\n|-supereffective|p2a: Gorgonzola\n|-damage|p2a: Gorgonzola|31\/100\n|-unboost|p1a: SuicunEX|spa|2\n|move|p2a: Gorgonzola|Outrage|p1a: SuicunEX|[from]lockedmove\n|-damage|p1a: SuicunEX|0 fnt\n|faint|p1a: SuicunEX\n|-end|p1a: SuicunEX|Protosynthesis|[silent]\n|-start|p2a: Gorgonzola|confusion|[fatigue]\n|\n|-weather|RainDance|[upkeep]\n|upkeep\n|\n|t:|1700935045\n|switch|p1a: Ponpon|Ogerpon-Wellspring, F|100\/100\n|turn|26\n|\n|t:|1700935054\n|switch|p2a: Blackwing|Corviknight, M, shiny|94\/100\n|-ability|p2a: Blackwing|Pressure\n|move|p1a: Ponpon|Swords Dance|p1a: Ponpon\n|-boost|p1a: Ponpon|atk|2\n|\n|-weather|RainDance|[upkeep]\n|-heal|p2a: Blackwing|100\/100|[from] item: Leftovers\n|upkeep\n|turn|27\n|\n|t:|1700935063\n|move|p1a: Ponpon|Ivy Cudgel|p2a: Blackwing|[anim] Ivy Cudgel Water\n|-damage|p2a: Blackwing|0 fnt\n|faint|p2a: Blackwing\n|\n|-weather|RainDance|[upkeep]\n|upkeep\n|\n|t:|1700935071\n|switch|p2a: Huitzilin|Zapdos-Galar, shiny|100\/100\n|turn|28\n|\n|t:|1700935081\n|move|p2a: Huitzilin|Close Combat|p1a: Ponpon\n|-damage|p1a: Ponpon|16\/100\n|-unboost|p2a: Huitzilin|def|1\n|-unboost|p2a: Huitzilin|spd|1\n|move|p1a: Ponpon|Ivy Cudgel|p2a: Huitzilin|[anim] Ivy Cudgel Water\n|-damage|p2a: Huitzilin|0 fnt\n|faint|p2a: Huitzilin\n|\n|-weather|none\n|upkeep\n|\n|t:|1700935090\n|switch|p2a: Sinful|Enamorus, F|100\/100\n|turn|29\n|\n|t:|1700935095\n|move|p1a: Ponpon|Ivy Cudgel|p2a: Sinful|[anim] Ivy Cudgel Water\n|-damage|p2a: Sinful|0 fnt\n|faint|p2a: Sinful\n|\n|upkeep\n|\n|t:|1700935099\n|switch|p2a: Gorgonzola|Dragonite, F|31\/100\n|turn|30\n|\n|t:|1700935103\n|switch|p1a: Vendetta|Basculegion, M, shiny|100\/100\n|move|p2a: Gorgonzola|Extreme Speed|p1a: Vendetta\n|-immune|p1a: Vendetta\n|\n|upkeep\n|turn|31\n|\n|t:|1700935111\n|switch|p2a: Tempestades|Gyarados, M, shiny|100\/100\n|-ability|p2a: Tempestades|Intimidate|boost\n|-unboost|p1a: Vendetta|atk|1\n|move|p1a: Vendetta|Wave Crash|p2a: Tempestades\n|-resisted|p2a: Tempestades\n|-damage|p2a: Tempestades|71\/100\n|-damage|p1a: Vendetta|91\/100|[from] Recoil\n|\n|-heal|p2a: Tempestades|77\/100|[from] item: Leftovers\n|upkeep\n|turn|32\n|\n|t:|1700935124\n|switch|p1a: DonSsita|Gastrodon, F|77\/100\n|move|p2a: Tempestades|Dragon Dance|p2a: Tempestades\n|-boost|p2a: Tempestades|atk|1\n|-boost|p2a: Tempestades|spe|1\n|\n|-heal|p2a: Tempestades|83\/100|[from] item: Leftovers\n|upkeep\n|turn|33\n|\n|t:|1700935132\n|move|p2a: Tempestades|Earthquake|p1a: DonSsita\n|-damage|p1a: DonSsita|29\/100\n|move|p1a: DonSsita|Chilling Water|p2a: Tempestades\n|-resisted|p2a: Tempestades\n|-damage|p2a: Tempestades|78\/100\n|-unboost|p2a: Tempestades|atk|1\n|\n|-heal|p2a: Tempestades|84\/100|[from] item: Leftovers\n|upkeep\n|turn|34\n|\n|t:|1700935141\n|move|p2a: Tempestades|Earthquake|p1a: DonSsita\n|-damage|p1a: DonSsita|0 fnt\n|faint|p1a: DonSsita\n|\n|-heal|p2a: Tempestades|90\/100|[from] item: Leftovers\n|upkeep\n|\n|t:|1700935144\n|switch|p1a: Vendetta|Basculegion, M, shiny|91\/100\n|turn|35\n|\n|t:|1700935150\n|move|p2a: Tempestades|Dragon Dance|p2a: Tempestades\n|-boost|p2a: Tempestades|atk|1\n|-boost|p2a: Tempestades|spe|1\n|move|p1a: Vendetta|Psychic Fangs|p2a: Tempestades\n|-damage|p2a: Tempestades|49\/100\n|\n|-heal|p2a: Tempestades|55\/100|[from] item: Leftovers\n|upkeep\n|turn|36\n|\n|t:|1700935158\n|move|p2a: Tempestades|Earthquake|p1a: Vendetta\n|-damage|p1a: Vendetta|36\/100\n|move|p1a: Vendetta|Psychic Fangs|p2a: Tempestades\n|-damage|p2a: Tempestades|14\/100\n|\n|-heal|p2a: Tempestades|20\/100|[from] item: Leftovers\n|upkeep\n|turn|37\n|\n|t:|1700935165\n|move|p2a: Tempestades|Earthquake|p1a: Vendetta\n|-damage|p1a: Vendetta|0 fnt\n|faint|p1a: Vendetta\n|\n|-heal|p2a: Tempestades|26\/100|[from] item: Leftovers\n|upkeep\n|\n|t:|1700935167\n|switch|p1a: Ponpon|Ogerpon-Wellspring, F|16\/100\n|turn|38\n|\n|t:|1700935173\n|move|p2a: Tempestades|Earthquake|p1a: Ponpon\n|-resisted|p1a: Ponpon\n|-damage|p1a: Ponpon|0 fnt\n|faint|p1a: Ponpon\n|\n|win|Xikirito\n","uploadtime":1700935179,"views":17,"p1id":"malayerbah","p2id":"xikirito","formatid":"gen9ou","rating":0,"private":0,"password":""}