{"id":"gen9ou-1996584150","p1":"d8nny","p2":"Nerdiestyt","format":"[Gen 9] OU","log":"|j|\u2606d8nny\n|j|\u2606Nerdiestyt\n|t:|1700697132\n|gametype|singles\n|player|p1|d8nny|1|1199\n|player|p2|Nerdiestyt|lucas|1240\n|teamsize|p1|6\n|teamsize|p2|6\n|gen|9\n|tier|[Gen 9] OU\n|rated|\n|rule|Sleep Clause Mod: Limit one foe put to sleep\n|rule|Species Clause: Limit one of each Pok\u00e9mon\n|rule|OHKO Clause: OHKO moves are banned\n|rule|Evasion Items Clause: Evasion items are banned\n|rule|Evasion Moves Clause: Evasion moves are banned\n|rule|Endless Battle Clause: Forcing endless battles is banned\n|rule|HP Percentage Mod: HP is shown in percentages\n|clearpoke\n|poke|p1|Muk-Alola, F|\n|poke|p1|Rotom-Wash|\n|poke|p1|Chandelure, M|\n|poke|p1|Chesnaught, M|\n|poke|p1|Decidueye, M|\n|poke|p1|Gholdengo|\n|poke|p2|Qwilfish, M|\n|poke|p2|Blissey, F|\n|poke|p2|Toxapex, F|\n|poke|p2|Great Tusk|\n|poke|p2|Kingambit, F|\n|poke|p2|Iron Moth|\n|teampreview\n|inactive|Battle timer is ON: inactive players will automatically lose when time's up. (requested by d8nny)\n|\n|t:|1700697151\n|start\n|switch|p1a: Decidueye|Decidueye, M|100\/100\n|switch|p2a: Great Tusk|Great Tusk|100\/100\n|turn|1\n|inactive|d8nny has 120 seconds left.\n|\n|t:|1700697193\n|-terastallize|p2a: Great Tusk|Steel\n|move|p2a: Great Tusk|Ice Spinner|p1a: Decidueye\n|-supereffective|p1a: Decidueye\n|-crit|p1a: Decidueye\n|-damage|p1a: Decidueye|6\/100\n|move|p1a: Decidueye|Spirit Shackle|p2a: Great Tusk\n|-damage|p2a: Great Tusk|72\/100\n|-activate|p2a: Great Tusk|trapped\n|\n|-heal|p2a: Great Tusk|78\/100|[from] item: Leftovers\n|upkeep\n|turn|2\n|\n|t:|1700697203\n|move|p2a: Great Tusk|Ice Spinner|p1a: Decidueye\n|-supereffective|p1a: Decidueye\n|-damage|p1a: Decidueye|0 fnt\n|faint|p1a: Decidueye\n|\n|-heal|p2a: Great Tusk|85\/100|[from] item: Leftovers\n|upkeep\n|\n|t:|1700697208\n|switch|p1a: Rotom|Rotom-Wash|100\/100\n|turn|3\n|\n|t:|1700697218\n|-end|p2a: Great Tusk|Protosynthesis|[silent]\n|switch|p2a: Blissey|Blissey, F|100\/100\n|move|p1a: Rotom|Will-O-Wisp|p2a: Blissey|[miss]\n|-miss|p1a: Rotom|p2a: Blissey\n|-enditem|p1a: Rotom|Blunder Policy\n|-boost|p1a: Rotom|spe|2\n|\n|upkeep\n|turn|4\n|\n|t:|1700697231\n|move|p1a: Rotom|Nasty Plot|p1a: Rotom\n|-boost|p1a: Rotom|spa|2\n|move|p2a: Blissey|Seismic Toss|p1a: Rotom\n|-damage|p1a: Rotom|68\/100\n|\n|upkeep\n|turn|5\n|\n|t:|1700697235\n|move|p1a: Rotom|Nasty Plot|p1a: Rotom\n|-boost|p1a: Rotom|spa|2\n|move|p2a: Blissey|Seismic Toss|p1a: Rotom\n|-damage|p1a: Rotom|35\/100\n|\n|upkeep\n|turn|6\n|\n|t:|1700697240\n|move|p1a: Rotom|Thunder|p2a: Blissey\n|-damage|p2a: Blissey|46\/100\n|move|p2a: Blissey|Seismic Toss|p1a: Rotom\n|-damage|p1a: Rotom|2\/100\n|\n|-heal|p2a: Blissey|52\/100|[from] item: Leftovers\n|upkeep\n|turn|7\n|\n|t:|1700697247\n|move|p1a: Rotom|Thunder|p2a: Blissey\n|-damage|p2a: Blissey|0 fnt\n|faint|p2a: Blissey\n|\n|upkeep\n|\n|t:|1700697259\n|switch|p2a: Kingambit|Kingambit, F|100\/100\n|-activate|p2a: Kingambit|ability: Supreme Overlord\n|-start|p2a: Kingambit|fallen1|[silent]\n|turn|8\n|\n|t:|1700697262\n|move|p2a: Kingambit|Sucker Punch||[still]\n|-fail|p2a: Kingambit\n|move|p1a: Rotom|Will-O-Wisp|p2a: Kingambit\n|-status|p2a: Kingambit|brn\n|\n|-damage|p2a: Kingambit|94\/100 brn|[from] brn\n|upkeep\n|turn|9\n|\n|t:|1700697278\n|move|p2a: Kingambit|Sucker Punch|p1a: Rotom\n|-damage|p1a: Rotom|0 fnt\n|faint|p1a: Rotom\n|\n|-heal|p2a: Kingambit|100\/100 brn|[from] item: Leftovers\n|-damage|p2a: Kingambit|94\/100 brn|[from] brn\n|upkeep\n|\n|t:|1700697284\n|switch|p1a: Chesnaught|Chesnaught, M|100\/100\n|turn|10\n|\n|t:|1700697295\n|-end|p2a: Kingambit|fallen1|[silent]\n|switch|p2a: Toxapex|Toxapex, F|100\/100\n|move|p1a: Chesnaught|Leech Seed|p2a: Toxapex\n|-start|p2a: Toxapex|move: Leech Seed\n|\n|-damage|p2a: Toxapex|88\/100|[from] Leech Seed|[of] p1a: Chesnaught\n|upkeep\n|turn|11\n|\n|t:|1700697317\n|switch|p1a: Gholdengo|Gholdengo|100\/100\n|move|p2a: Toxapex|Toxic|p1a: Gholdengo\n|-immune|p1a: Gholdengo|[from] ability: Good as Gold\n|\n|-heal|p2a: Toxapex|94\/100|[from] item: Leftovers\n|-damage|p2a: Toxapex|82\/100|[from] Leech Seed|[of] p1a: Gholdengo\n|upkeep\n|turn|12\n|\n|t:|1700697322\n|switch|p2a: Great Tusk|Great Tusk, tera:Steel|85\/100\n|move|p1a: Gholdengo|Shadow Ball|p2a: Great Tusk\n|-damage|p2a: Great Tusk|43\/100\n|\n|-heal|p2a: Great Tusk|49\/100|[from] item: Leftovers\n|upkeep\n|turn|13\n|inactive|d8nny has 120 seconds left.\n|\n|t:|1700697352\n|-terastallize|p1a: Gholdengo|Flying\n|move|p2a: Great Tusk|Headlong Rush|p1a: Gholdengo\n|-immune|p1a: Gholdengo\n|move|p1a: Gholdengo|Nasty Plot|p1a: Gholdengo\n|-boost|p1a: Gholdengo|spa|2\n|\n|-heal|p2a: Great Tusk|55\/100|[from] item: Leftovers\n|upkeep\n|turn|14\n|\n|t:|1700697359\n|move|p2a: Great Tusk|Ice Spinner|p1a: Gholdengo\n|-supereffective|p1a: Gholdengo\n|-damage|p1a: Gholdengo|51\/100\n|move|p1a: Gholdengo|Shadow Ball|p2a: Great Tusk\n|-damage|p2a: Great Tusk|0 fnt\n|faint|p2a: Great Tusk\n|-end|p2a: Great Tusk|Protosynthesis|[silent]\n|\n|upkeep\n|\n|t:|1700697369\n|switch|p2a: Iron Moth|Iron Moth|100\/100\n|-enditem|p2a: Iron Moth|Booster Energy\n|-activate|p2a: Iron Moth|ability: Quark Drive|[fromitem]\n|-start|p2a: Iron Moth|quarkdrivespe\n|turn|15\n|\n|t:|1700697375\n|move|p2a: Iron Moth|Sludge Wave|p1a: Gholdengo\n|-damage|p1a: Gholdengo|6\/100\n|-enditem|p1a: Gholdengo|Salac Berry|[eat]\n|-boost|p1a: Gholdengo|spe|1|[from] item: Salac Berry\n|move|p1a: Gholdengo|Shadow Ball|p2a: Iron Moth\n|-damage|p2a: Iron Moth|12\/100\n|\n|upkeep\n|turn|16\n|\n|t:|1700697385\n|move|p2a: Iron Moth|Fiery Dance|p1a: Gholdengo\n|-damage|p1a: Gholdengo|0 fnt\n|faint|p1a: Gholdengo\n|\n|upkeep\n|\n|t:|1700697386\n|switch|p1a: Chandelure|Chandelure, M|100\/100\n|turn|17\n|\n|t:|1700697396\n|move|p2a: Iron Moth|Sludge Wave|p1a: Chandelure\n|-resisted|p1a: Chandelure\n|-damage|p1a: Chandelure|72\/100\n|move|p1a: Chandelure|Shadow Ball|p2a: Iron Moth\n|-damage|p2a: Iron Moth|0 fnt\n|faint|p2a: Iron Moth\n|-end|p2a: Iron Moth|Quark Drive|[silent]\n|\n|-heal|p1a: Chandelure|78\/100|[from] item: Leftovers\n|upkeep\n|\n|t:|1700697399\n|switch|p2a: Qwilfish|Qwilfish, M|100\/100\n|-ability|p2a: Qwilfish|Intimidate|boost\n|-unboost|p1a: Chandelure|atk|1\n|turn|18\n|\n|t:|1700697411\n|switch|p1a: Muk|Muk-Alola, F|100\/100\n|move|p2a: Qwilfish|Liquidation|p1a: Muk\n|-damage|p1a: Muk|61\/100\n|\n|upkeep\n|turn|19\n|\n|t:|1700697417\n|move|p2a: Qwilfish|Liquidation|p1a: Muk\n|-damage|p1a: Muk|25\/100\n|-unboost|p1a: Muk|def|1\n|move|p1a: Muk|Knock Off|p2a: Qwilfish\n|-damage|p2a: Qwilfish|29\/100\n|-enditem|p2a: Qwilfish|Choice Scarf|[from] move: Knock Off|[of] p1a: Muk\n|\n|upkeep\n|turn|20\n|\n|t:|1700697430\n|move|p2a: Qwilfish|Liquidation|p1a: Muk\n|-damage|p1a: Muk|0 fnt\n|faint|p1a: Muk\n|\n|upkeep\n|\n|t:|1700697433\n|switch|p1a: Chandelure|Chandelure, M|78\/100\n|turn|21\n|\n|t:|1700697439\n|move|p2a: Qwilfish|Destiny Bond|p2a: Qwilfish\n|-singlemove|p2a: Qwilfish|Destiny Bond\n|move|p1a: Chandelure|Shadow Ball|p2a: Qwilfish\n|-damage|p2a: Qwilfish|0 fnt\n|faint|p2a: Qwilfish\n|-activate|p2a: Qwilfish|move: Destiny Bond\n|faint|p1a: Chandelure\n|\n|upkeep\n|\n|t:|1700697449\n|switch|p2a: Toxapex|Toxapex, F|100\/100\n|switch|p1a: Chesnaught|Chesnaught, M|100\/100\n|turn|22\n|\n|t:|1700697464\n|move|p1a: Chesnaught|Substitute|p1a: Chesnaught\n|-start|p1a: Chesnaught|Substitute\n|-damage|p1a: Chesnaught|75\/100\n|move|p2a: Toxapex|Toxic||[still]\n|-fail|p2a: Toxapex\n|\n|upkeep\n|turn|23\n|\n|t:|1700697469\n|move|p2a: Toxapex|Baneful Bunker|p2a: Toxapex\n|-singleturn|p2a: Toxapex|move: Protect\n|move|p1a: Chesnaught|Leech Seed|p2a: Toxapex\n|-activate|p2a: Toxapex|move: Protect\n|\n|upkeep\n|turn|24\n|\n|t:|1700697494\n|move|p1a: Chesnaught|Leech Seed|p2a: Toxapex\n|-start|p2a: Toxapex|move: Leech Seed\n|move|p2a: Toxapex|Chilling Water|p1a: Chesnaught\n|-resisted|p1a: Chesnaught\n|-activate|p1a: Chesnaught|move: Substitute|[damage]\n|\n|-damage|p2a: Toxapex|88\/100|[from] Leech Seed|[of] p1a: Chesnaught\n|-heal|p1a: Chesnaught|88\/100|[silent]\n|upkeep\n|turn|25\n|\n|t:|1700697499\n|switch|p2a: Kingambit|Kingambit, F|94\/100 brn\n|-activate|p2a: Kingambit|ability: Supreme Overlord\n|-start|p2a: Kingambit|fallen4|[silent]\n|move|p1a: Chesnaught|Drain Punch|p2a: Kingambit\n|-supereffective|p2a: Kingambit\n|-damage|p2a: Kingambit|17\/100 brn\n|-heal|p1a: Chesnaught|100\/100|[from] drain|[of] p2a: Kingambit\n|\n|-heal|p2a: Kingambit|23\/100 brn|[from] item: Leftovers\n|-damage|p2a: Kingambit|17\/100 brn|[from] brn\n|upkeep\n|turn|26\n|\n|t:|1700697521\n|move|p1a: Chesnaught|Leech Seed|p2a: Kingambit|[miss]\n|-miss|p1a: Chesnaught|p2a: Kingambit\n|move|p2a: Kingambit|Iron Head|p1a: Chesnaught\n|-end|p1a: Chesnaught|Substitute\n|\n|-heal|p2a: Kingambit|23\/100 brn|[from] item: Leftovers\n|-damage|p2a: Kingambit|17\/100 brn|[from] brn\n|upkeep\n|turn|27\n|\n|t:|1700697525\n|move|p1a: Chesnaught|Drain Punch|p2a: Kingambit\n|-supereffective|p2a: Kingambit\n|-damage|p2a: Kingambit|0 fnt\n|faint|p2a: Kingambit\n|-end|p2a: Kingambit|fallen4|[silent]\n|\n|upkeep\n|\n|t:|1700697528\n|switch|p2a: Toxapex|Toxapex, F|100\/100\n|turn|28\n|\n|t:|1700697544\n|move|p1a: Chesnaught|Substitute|p1a: Chesnaught\n|-start|p1a: Chesnaught|Substitute\n|-damage|p1a: Chesnaught|75\/100\n|move|p2a: Toxapex|Chilling Water|p1a: Chesnaught\n|-resisted|p1a: Chesnaught\n|-activate|p1a: Chesnaught|move: Substitute|[damage]\n|\n|upkeep\n|turn|29\n|\n|t:|1700697546\n|move|p1a: Chesnaught|Leech Seed|p2a: Toxapex|[miss]\n|-miss|p1a: Chesnaught|p2a: Toxapex\n|move|p2a: Toxapex|Chilling Water|p1a: Chesnaught\n|-resisted|p1a: Chesnaught\n|-activate|p1a: Chesnaught|move: Substitute|[damage]\n|\n|upkeep\n|turn|30\n|\n|t:|1700697548\n|move|p1a: Chesnaught|Leech Seed|p2a: Toxapex\n|-start|p2a: Toxapex|move: Leech Seed\n|move|p2a: Toxapex|Chilling Water|p1a: Chesnaught\n|-resisted|p1a: Chesnaught\n|-activate|p1a: Chesnaught|move: Substitute|[damage]\n|\n|-damage|p2a: Toxapex|88\/100|[from] Leech Seed|[of] p1a: Chesnaught\n|-heal|p1a: Chesnaught|88\/100|[silent]\n|upkeep\n|turn|31\n|\n|t:|1700697554\n|move|p1a: Chesnaught|Drain Punch|p2a: Toxapex\n|-resisted|p2a: Toxapex\n|-damage|p2a: Toxapex|80\/100\n|-heal|p1a: Chesnaught|93\/100|[from] drain|[of] p2a: Toxapex\n|move|p2a: Toxapex|Chilling Water|p1a: Chesnaught\n|-resisted|p1a: Chesnaught\n|-activate|p1a: Chesnaught|move: Substitute|[damage]\n|\n|-heal|p2a: Toxapex|87\/100|[from] item: Leftovers\n|-damage|p2a: Toxapex|74\/100|[from] Leech Seed|[of] p1a: Chesnaught\n|-heal|p1a: Chesnaught|100\/100|[silent]\n|upkeep\n|turn|32\n|\n|t:|1700697560\n|move|p1a: Chesnaught|Drain Punch|p2a: Toxapex\n|-resisted|p2a: Toxapex\n|-damage|p2a: Toxapex|66\/100\n|move|p2a: Toxapex|Chilling Water|p1a: Chesnaught\n|-resisted|p1a: Chesnaught\n|-activate|p1a: Chesnaught|move: Substitute|[damage]\n|\n|-heal|p2a: Toxapex|72\/100|[from] item: Leftovers\n|-damage|p2a: Toxapex|59\/100|[from] Leech Seed|[of] p1a: Chesnaught\n|upkeep\n|turn|33\n|\n|t:|1700697566\n|move|p1a: Chesnaught|Drain Punch|p2a: Toxapex\n|-resisted|p2a: Toxapex\n|-damage|p2a: Toxapex|50\/100\n|move|p2a: Toxapex|Chilling Water|p1a: Chesnaught\n|-resisted|p1a: Chesnaught\n|-activate|p1a: Chesnaught|move: Substitute|[damage]\n|\n|-heal|p2a: Toxapex|57\/100|[from] item: Leftovers\n|-damage|p2a: Toxapex|44\/100|[from] Leech Seed|[of] p1a: Chesnaught\n|upkeep\n|turn|34\n|\n|t:|1700697569\n|move|p1a: Chesnaught|Drain Punch|p2a: Toxapex\n|-resisted|p2a: Toxapex\n|-damage|p2a: Toxapex|36\/100\n|move|p2a: Toxapex|Chilling Water|p1a: Chesnaught\n|-resisted|p1a: Chesnaught\n|-end|p1a: Chesnaught|Substitute\n|\n|-heal|p2a: Toxapex|42\/100|[from] item: Leftovers\n|-damage|p2a: Toxapex|30\/100|[from] Leech Seed|[of] p1a: Chesnaught\n|upkeep\n|turn|35\n|\n|t:|1700697576\n|move|p1a: Chesnaught|Substitute|p1a: Chesnaught\n|-start|p1a: Chesnaught|Substitute\n|-damage|p1a: Chesnaught|75\/100\n|move|p2a: Toxapex|Recover|p2a: Toxapex\n|-heal|p2a: Toxapex|80\/100\n|\n|-heal|p2a: Toxapex|86\/100|[from] item: Leftovers\n|-damage|p2a: Toxapex|74\/100|[from] Leech Seed|[of] p1a: Chesnaught\n|-heal|p1a: Chesnaught|88\/100|[silent]\n|upkeep\n|turn|36\n|\n|t:|1700697583\n|move|p2a: Toxapex|Baneful Bunker|p2a: Toxapex\n|-singleturn|p2a: Toxapex|move: Protect\n|move|p1a: Chesnaught|Drain Punch|p2a: Toxapex\n|-activate|p2a: Toxapex|move: Protect\n|-status|p1a: Chesnaught|psn\n|\n|-heal|p2a: Toxapex|80\/100|[from] item: Leftovers\n|-damage|p2a: Toxapex|67\/100|[from] Leech Seed|[of] p1a: Chesnaught\n|-heal|p1a: Chesnaught|100\/100 psn|[silent]\n|-damage|p1a: Chesnaught|88\/100 psn|[from] psn\n|upkeep\n|turn|37\n|\n|t:|1700697595\n|move|p1a: Chesnaught|Drain Punch|p2a: Toxapex\n|-resisted|p2a: Toxapex\n|-damage|p2a: Toxapex|58\/100\n|-heal|p1a: Chesnaught|93\/100 psn|[from] drain|[of] p2a: Toxapex\n|move|p2a: Toxapex|Chilling Water|p1a: Chesnaught\n|-resisted|p1a: Chesnaught\n|-activate|p1a: Chesnaught|move: Substitute|[damage]\n|\n|-heal|p2a: Toxapex|65\/100|[from] item: Leftovers\n|-damage|p2a: Toxapex|52\/100|[from] Leech Seed|[of] p1a: Chesnaught\n|-heal|p1a: Chesnaught|100\/100 psn|[silent]\n|-damage|p1a: Chesnaught|88\/100 psn|[from] psn\n|upkeep\n|turn|38\n|\n|t:|1700697619\n|move|p1a: Chesnaught|Drain Punch|p2a: Toxapex\n|-resisted|p2a: Toxapex\n|-damage|p2a: Toxapex|43\/100\n|-heal|p1a: Chesnaught|93\/100 psn|[from] drain|[of] p2a: Toxapex\n|move|p2a: Toxapex|Recover|p2a: Toxapex\n|-heal|p2a: Toxapex|93\/100\n|\n|-heal|p2a: Toxapex|99\/100|[from] item: Leftovers\n|-damage|p2a: Toxapex|87\/100|[from] Leech Seed|[of] p1a: Chesnaught\n|-heal|p1a: Chesnaught|100\/100 psn|[silent]\n|-damage|p1a: Chesnaught|88\/100 psn|[from] psn\n|upkeep\n|turn|39\n|\n|t:|1700697631\n|move|p1a: Chesnaught|Spiky Shield|p1a: Chesnaught\n|-singleturn|p1a: Chesnaught|move: Protect\n|move|p2a: Toxapex|Chilling Water|p1a: Chesnaught\n|-activate|p1a: Chesnaught|move: Protect\n|\n|-heal|p2a: Toxapex|93\/100|[from] item: Leftovers\n|-damage|p2a: Toxapex|81\/100|[from] Leech Seed|[of] p1a: Chesnaught\n|-heal|p1a: Chesnaught|100\/100 psn|[silent]\n|-damage|p1a: Chesnaught|88\/100 psn|[from] psn\n|upkeep\n|turn|40\n|\n|t:|1700697648\n|move|p1a: Chesnaught|Drain Punch|p2a: Toxapex\n|-resisted|p2a: Toxapex\n|-damage|p2a: Toxapex|73\/100\n|-heal|p1a: Chesnaught|92\/100 psn|[from] drain|[of] p2a: Toxapex\n|move|p2a: Toxapex|Chilling Water|p1a: Chesnaught\n|-resisted|p1a: Chesnaught\n|-activate|p1a: Chesnaught|move: Substitute|[damage]\n|\n|-heal|p2a: Toxapex|79\/100|[from] item: Leftovers\n|-damage|p2a: Toxapex|67\/100|[from] Leech Seed|[of] p1a: Chesnaught\n|-heal|p1a: Chesnaught|100\/100 psn|[silent]\n|-damage|p1a: Chesnaught|88\/100 psn|[from] psn\n|upkeep\n|turn|41\n|\n|t:|1700697660\n|move|p1a: Chesnaught|Spiky Shield|p1a: Chesnaught\n|-singleturn|p1a: Chesnaught|move: Protect\n|move|p2a: Toxapex|Chilling Water|p1a: Chesnaught\n|-activate|p1a: Chesnaught|move: Protect\n|\n|-heal|p2a: Toxapex|73\/100|[from] item: Leftovers\n|-damage|p2a: Toxapex|60\/100|[from] Leech Seed|[of] p1a: Chesnaught\n|-heal|p1a: Chesnaught|100\/100 psn|[silent]\n|-damage|p1a: Chesnaught|88\/100 psn|[from] psn\n|upkeep\n|turn|42\n|\n|t:|1700697674\n|move|p1a: Chesnaught|Drain Punch|p2a: Toxapex\n|-resisted|p2a: Toxapex\n|-damage|p2a: Toxapex|52\/100\n|-heal|p1a: Chesnaught|92\/100 psn|[from] drain|[of] p2a: Toxapex\n|move|p2a: Toxapex|Toxic||[still]\n|-fail|p2a: Toxapex\n|\n|-heal|p2a: Toxapex|59\/100|[from] item: Leftovers\n|-damage|p2a: Toxapex|46\/100|[from] Leech Seed|[of] p1a: Chesnaught\n|-heal|p1a: Chesnaught|100\/100 psn|[silent]\n|-damage|p1a: Chesnaught|88\/100 psn|[from] psn\n|upkeep\n|turn|43\n|inactive|d8nny has 120 seconds left.\n|inactive|d8nny has 90 seconds left.\n|\n|t:|1700697763\n|move|p1a: Chesnaught|Spiky Shield|p1a: Chesnaught\n|-singleturn|p1a: Chesnaught|move: Protect\n|move|p2a: Toxapex|Baneful Bunker||[still]\n|-fail|p2a: Toxapex\n|\n|-heal|p2a: Toxapex|52\/100|[from] item: Leftovers\n|-damage|p2a: Toxapex|40\/100|[from] Leech Seed|[of] p1a: Chesnaught\n|-heal|p1a: Chesnaught|100\/100 psn|[silent]\n|-damage|p1a: Chesnaught|88\/100 psn|[from] psn\n|upkeep\n|turn|44\n|\n|t:|1700697772\n|move|p2a: Toxapex|Baneful Bunker|p2a: Toxapex\n|-singleturn|p2a: Toxapex|move: Protect\n|move|p1a: Chesnaught|Drain Punch|p2a: Toxapex\n|-activate|p2a: Toxapex|move: Protect\n|\n|-heal|p2a: Toxapex|46\/100|[from] item: Leftovers\n|-damage|p2a: Toxapex|34\/100|[from] Leech Seed|[of] p1a: Chesnaught\n|-heal|p1a: Chesnaught|100\/100 psn|[silent]\n|-damage|p1a: Chesnaught|88\/100 psn|[from] psn\n|upkeep\n|turn|45\n|\n|t:|1700697789\n|move|p2a: Toxapex|Baneful Bunker|p2a: Toxapex\n|-singleturn|p2a: Toxapex|move: Protect\n|move|p1a: Chesnaught|Drain Punch|p2a: Toxapex\n|-activate|p2a: Toxapex|move: Protect\n|\n|-heal|p2a: Toxapex|40\/100|[from] item: Leftovers\n|-damage|p2a: Toxapex|27\/100|[from] Leech Seed|[of] p1a: Chesnaught\n|-heal|p1a: Chesnaught|100\/100 psn|[silent]\n|-damage|p1a: Chesnaught|88\/100 psn|[from] psn\n|upkeep\n|turn|46\n|\n|t:|1700697800\n|move|p1a: Chesnaught|Drain Punch|p2a: Toxapex\n|-resisted|p2a: Toxapex\n|-crit|p2a: Toxapex\n|-damage|p2a: Toxapex|16\/100\n|-heal|p1a: Chesnaught|94\/100 psn|[from] drain|[of] p2a: Toxapex\n|move|p2a: Toxapex|Toxic||[still]\n|-fail|p2a: Toxapex\n|\n|-heal|p2a: Toxapex|22\/100|[from] item: Leftovers\n|-damage|p2a: Toxapex|9\/100|[from] Leech Seed|[of] p1a: Chesnaught\n|-heal|p1a: Chesnaught|100\/100 psn|[silent]\n|-damage|p1a: Chesnaught|88\/100 psn|[from] psn\n|upkeep\n|turn|47\n|\n|t:|1700697810\n|move|p1a: Chesnaught|Drain Punch|p2a: Toxapex\n|-resisted|p2a: Toxapex\n|-damage|p2a: Toxapex|0 fnt\n|-heal|p1a: Chesnaught|93\/100 psn|[from] drain|[of] p2a: Toxapex\n|faint|p2a: Toxapex\n|\n|win|d8nny\n|raw|d8nny's rating: 1223 &rarr; <strong>1249<\/strong><br \/>(+26 for winning)\n|raw|Nerdiestyt's rating: 1240 &rarr; <strong>1214<\/strong><br \/>(-26 for losing)\n","uploadtime":1700697816,"views":3,"p1id":"d8nny","p2id":"nerdiestyt","formatid":"gen9ou","rating":1214,"private":0,"password":""}