{"id":"gen9ou-1994470725","p1":"burberry bax","p2":"muffinATEthat","format":"[Gen 9] OU","log":"|j|\u2606burberry bax\n|j|\u2606muffinATEthat\n|t:|1700447690\n|gametype|singles\n|player|p1|burberry bax|lucas|\n|player|p2|muffinATEthat|iris-masters|\n|teamsize|p1|6\n|teamsize|p2|6\n|gen|9\n|tier|[Gen 9] OU\n|rule|Sleep Clause Mod: Limit one foe put to sleep\n|rule|Species Clause: Limit one of each Pok\u00e9mon\n|rule|OHKO Clause: OHKO moves are banned\n|rule|Evasion Items Clause: Evasion items are banned\n|rule|Evasion Moves Clause: Evasion moves are banned\n|rule|Endless Battle Clause: Forcing endless battles is banned\n|rule|HP Percentage Mod: HP is shown in percentages\n|clearpoke\n|poke|p1|Quaquaval, F|\n|poke|p1|Mudsdale, M|\n|poke|p1|Umbreon, M|\n|poke|p1|Eelektross, F|\n|poke|p1|Salamence, F|\n|poke|p1|Amoonguss, M|\n|poke|p2|Slowbro, F|\n|poke|p2|Breloom, M|\n|poke|p2|Sandy Shocks|\n|poke|p2|Rotom-Heat|\n|poke|p2|Iron Jugulis|\n|poke|p2|Kingambit, M|\n|teampreview\n|j| GymLeader Avery\n|j| DomNeedsHelp\n|j| CTE World\n|c| DomNeedsHelp|Go!\n|\n|t:|1700447731\n|start\n|switch|p1a: montenegro|Mudsdale, M, shiny|100\/100\n|switch|p2a: FREE SUDAN|Rotom-Heat, shiny|100\/100\n|turn|1\n|j| FirstClassWill\n|\n|t:|1700447791\n|move|p2a: FREE SUDAN|Nasty Plot|p2a: FREE SUDAN\n|-boost|p2a: FREE SUDAN|spa|2\n|move|p1a: montenegro|Smack Down|p2a: FREE SUDAN\n|-supereffective|p2a: FREE SUDAN\n|-damage|p2a: FREE SUDAN|63\/100\n|-start|p2a: FREE SUDAN|Smack Down\n|\n|upkeep\n|turn|2\n|j| TBK Renegades\n|\n|t:|1700447829\n|move|p2a: FREE SUDAN|Overheat|p1a: montenegro\n|-damage|p1a: montenegro|0 fnt\n|-unboost|p2a: FREE SUDAN|spa|2\n|faint|p1a: montenegro\n|\n|upkeep\n|\n|t:|1700447839\n|switch|p1a: shit trash lmao|Salamence, F, shiny|100\/100\n|-ability|p1a: shit trash lmao|Intimidate|boost\n|-unboost|p2a: FREE SUDAN|atk|1\n|turn|3\n|\n|t:|1700447858\n|switch|p2a: FREE HAITI|Iron Jugulis|100\/100\n|move|p1a: shit trash lmao|Draco Meteor|p2a: FREE HAITI\n|-damage|p2a: FREE HAITI|54\/100\n|-unboost|p1a: shit trash lmao|spa|2\n|\n|upkeep\n|turn|4\n|\n|t:|1700447867\n|switch|p1a: rika|Eelektross, F, shiny|100\/100\n|move|p2a: FREE HAITI|Knock Off|p1a: rika\n|-damage|p1a: rika|76\/100\n|-enditem|p1a: rika|Assault Vest|[from] move: Knock Off|[of] p2a: FREE HAITI\n|\n|upkeep\n|turn|5\n|\n|t:|1700447893\n|-end|p2a: FREE HAITI|Quark Drive|[silent]\n|switch|p2a: FREE SUDAN|Rotom-Heat, shiny|63\/100\n|move|p1a: rika|Volt Switch|p2a: FREE SUDAN\n|-resisted|p2a: FREE SUDAN\n|-damage|p2a: FREE SUDAN|41\/100\n|\n|t:|1700447899\n|switch|p1a: shit trash lmao|Salamence, F, shiny|100\/100|[from] Volt Switch\n|-ability|p1a: shit trash lmao|Intimidate|boost\n|-unboost|p2a: FREE SUDAN|atk|1\n|\n|upkeep\n|turn|6\n|\n|t:|1700447934\n|switch|p2a: FREE HAITI|Iron Jugulis|54\/100\n|move|p1a: shit trash lmao|Draco Meteor|p2a: FREE HAITI\n|-damage|p2a: FREE HAITI|6\/100\n|-unboost|p1a: shit trash lmao|spa|2\n|\n|upkeep\n|turn|7\n|\n|t:|1700447969\n|switch|p1a: celty|Umbreon, M, shiny|100\/100\n|move|p2a: FREE HAITI|Dark Pulse|p1a: celty\n|-resisted|p1a: celty\n|-damage|p1a: celty|91\/100\n|\n|upkeep\n|turn|8\n|\n|t:|1700447995\n|move|p2a: FREE HAITI|Knock Off|p1a: celty\n|-resisted|p1a: celty\n|-damage|p1a: celty|83\/100\n|-enditem|p1a: celty|Heavy-Duty Boots|[from] move: Knock Off|[of] p2a: FREE HAITI\n|move|p1a: celty|Foul Play|p2a: FREE HAITI\n|-resisted|p2a: FREE HAITI\n|-damage|p2a: FREE HAITI|0 fnt\n|faint|p2a: FREE HAITI\n|-end|p2a: FREE HAITI|Quark Drive|[silent]\n|\n|upkeep\n|\n|t:|1700448016\n|switch|p2a: FREE TIGRAY|Breloom, M, shiny|100\/100\n|turn|9\n|j| acetrainerluck\n|\n|t:|1700448060\n|switch|p2a: FREE SUDAN|Rotom-Heat, shiny|41\/100\n|-terastallize|p1a: celty|Fairy\n|move|p1a: celty|Toxic|p2a: FREE SUDAN|[miss]\n|-miss|p1a: celty|p2a: FREE SUDAN\n|\n|upkeep\n|turn|10\n|\n|t:|1700448080\n|switch|p1a: shit trash lmao|Salamence, F, shiny|100\/100\n|-ability|p1a: shit trash lmao|Intimidate|boost\n|-unboost|p2a: FREE SUDAN|atk|1\n|move|p2a: FREE SUDAN|Volt Switch|p1a: shit trash lmao\n|-damage|p1a: shit trash lmao|62\/100\n|\n|t:|1700448106\n|switch|p2a: FREE CONGO|Sandy Shocks|100\/100|[from] Volt Switch\n|\n|upkeep\n|turn|11\n|c| DomNeedsHelp|HELLO TIMER\n|inactive|Battle timer is ON: inactive players will automatically lose when time's up. (requested by burberry bax)\n|\n|t:|1700448127\n|switch|p1a: ultra headtop|Amoonguss, M, shiny|100\/100\n|move|p2a: FREE CONGO|Volt Switch|p1a: ultra headtop\n|-resisted|p1a: ultra headtop\n|-damage|p1a: ultra headtop|78\/100\n|\n|t:|1700448135\n|-end|p2a: FREE CONGO|Protosynthesis|[silent]\n|switch|p2a: FREE SUDAN|Rotom-Heat, shiny|41\/100|[from] Volt Switch\n|\n|upkeep\n|turn|12\n|inactive|burberry bax has 270 seconds left.\n|\n|t:|1700448171\n|switch|p1a: shit trash lmao|Salamence, F, shiny|62\/100\n|-ability|p1a: shit trash lmao|Intimidate|boost\n|-unboost|p2a: FREE SUDAN|atk|1\n|move|p2a: FREE SUDAN|Nasty Plot|p2a: FREE SUDAN\n|-boost|p2a: FREE SUDAN|spa|2\n|\n|upkeep\n|turn|13\n|inactive|burberry bax has 270 seconds left.\n|inactive|burberry bax has 240 seconds left.\n|\n|t:|1700448208\n|switch|p1a: rika|Eelektross, F, shiny|76\/100\n|move|p2a: FREE SUDAN|Volt Switch|p1a: rika\n|-resisted|p1a: rika\n|-damage|p1a: rika|45\/100\n|\n|t:|1700448232\n|switch|p2a: FREE TIGRAY|Breloom, M, shiny|100\/100|[from] Volt Switch\n|\n|upkeep\n|turn|14\n|\n|t:|1700448241\n|switch|p1a: ultra headtop|Amoonguss, M, shiny|100\/100\n|move|p2a: FREE TIGRAY|Close Combat|p1a: ultra headtop\n|-resisted|p1a: ultra headtop\n|-damage|p1a: ultra headtop|74\/100\n|-unboost|p2a: FREE TIGRAY|def|1\n|-unboost|p2a: FREE TIGRAY|spd|1\n|\n|upkeep\n|turn|15\n|\n|t:|1700448267\n|switch|p2a: FIRE FIST FOREVER|Kingambit, M, shiny|100\/100\n|-activate|p2a: FIRE FIST FOREVER|ability: Supreme Overlord\n|-start|p2a: FIRE FIST FOREVER|fallen1|[silent]\n|move|p1a: ultra headtop|Spore|p2a: FIRE FIST FOREVER\n|-status|p2a: FIRE FIST FOREVER|slp|[from] move: Spore\n|-enditem|p2a: FIRE FIST FOREVER|Lum Berry|[eat]\n|-curestatus|p2a: FIRE FIST FOREVER|slp|[msg]\n|\n|upkeep\n|turn|16\n|inactive|muffinATEthat has 270 seconds left.\n|\n|t:|1700448297\n|move|p2a: FIRE FIST FOREVER|Iron Head|p1a: ultra headtop\n|-damage|p1a: ultra headtop|34\/100\n|move|p1a: ultra headtop|Spore|p2a: FIRE FIST FOREVER\n|-status|p2a: FIRE FIST FOREVER|slp|[from] move: Spore\n|\n|upkeep\n|turn|17\n|\n|t:|1700448323\n|-end|p2a: FIRE FIST FOREVER|fallen1|[silent]\n|switch|p2a: FREE CONGO|Sandy Shocks|100\/100\n|switch|p1a: zest lord|Quaquaval, F, shiny|100\/100\n|\n|upkeep\n|turn|18\n|inactive|muffinATEthat has 240 seconds left.\n|inactive|burberry bax has 240 seconds left.\n|\n|t:|1700448359\n|switch|p1a: rika|Eelektross, F, shiny|45\/100\n|move|p2a: FREE CONGO|Volt Switch|p1a: rika\n|-resisted|p1a: rika\n|-damage|p1a: rika|20\/100\n|inactive|muffinATEthat has 240 seconds left.\n|\n|t:|1700448379\n|-end|p2a: FREE CONGO|Protosynthesis|[silent]\n|switch|p2a: FREE TIGRAY|Breloom, M, shiny|100\/100|[from] Volt Switch\n|\n|upkeep\n|turn|19\n|inactive|burberry bax has 240 seconds left.\n|\n|t:|1700448391\n|switch|p2a: FREE SUDAN|Rotom-Heat, shiny|41\/100\n|switch|p1a: ultra headtop|Amoonguss, M, shiny|68\/100\n|\n|upkeep\n|turn|20\n|inactive|burberry bax has 240 seconds left.\n|inactive|muffinATEthat has 240 seconds left.\n|\n|t:|1700448406\n|switch|p1a: rika|Eelektross, F, shiny|20\/100\n|move|p2a: FREE SUDAN|Nasty Plot|p2a: FREE SUDAN\n|-boost|p2a: FREE SUDAN|spa|2\n|\n|upkeep\n|turn|21\n|inactive|muffinATEthat has 240 seconds left.\n|j| SenketsuThreads\n|\n|t:|1700448431\n|move|p2a: FREE SUDAN|Volt Switch|p1a: rika\n|-resisted|p1a: rika\n|-crit|p1a: rika\n|-damage|p1a: rika|0 fnt\n|faint|p1a: rika\n|\n|t:|1700448440\n|switch|p2a: FREE CONGO|Sandy Shocks|100\/100|[from] Volt Switch\n|\n|upkeep\n|inactive|burberry bax has 240 seconds left.\n|\n|t:|1700448458\n|switch|p1a: ultra headtop|Amoonguss, M, shiny|100\/100\n|turn|22\n|inactive|burberry bax has 240 seconds left.\n|\n|t:|1700448477\n|move|p2a: FREE CONGO|Volt Switch|p1a: ultra headtop\n|-resisted|p1a: ultra headtop\n|-damage|p1a: ultra headtop|76\/100\n|inactive|muffinATEthat has 210 seconds left.\n|\n|t:|1700448499\n|-end|p2a: FREE CONGO|Protosynthesis|[silent]\n|switch|p2a: FIRE FIST FOREVER|Kingambit, M, shiny|100\/100 slp|[from] Volt Switch\n|-activate|p2a: FIRE FIST FOREVER|ability: Supreme Overlord\n|-start|p2a: FIRE FIST FOREVER|fallen1|[silent]\n|move|p1a: ultra headtop|Toxic||[still]\n|-fail|p1a: ultra headtop\n|\n|upkeep\n|turn|23\n|inactive|muffinATEthat has 210 seconds left.\n|inactive|burberry bax has 240 seconds left.\n|\n|t:|1700448544\n|-end|p2a: FIRE FIST FOREVER|fallen1|[silent]\n|switch|p2a: FREE CONGO|Sandy Shocks|100\/100\n|switch|p1a: zest lord|Quaquaval, F, shiny|100\/100\n|\n|upkeep\n|turn|24\n|inactive|burberry bax has 210 seconds left.\n|\n|t:|1700448569\n|switch|p1a: ultra headtop|Amoonguss, M, shiny|100\/100\n|move|p2a: FREE CONGO|Volt Switch|p1a: ultra headtop\n|-resisted|p1a: ultra headtop\n|-damage|p1a: ultra headtop|76\/100\n|\n|t:|1700448574\n|-end|p2a: FREE CONGO|Protosynthesis|[silent]\n|switch|p2a: FREE SUDAN|Rotom-Heat, shiny|41\/100|[from] Volt Switch\n|\n|upkeep\n|turn|25\n|inactive|burberry bax has 210 seconds left.\n|inactive|muffinATEthat has 180 seconds left.\n|inactive|burberry bax has 180 seconds left.\n|\n|t:|1700448633\n|switch|p1a: celty|Umbreon, M, shiny, tera:Fairy|83\/100\n|move|p2a: FREE SUDAN|Volt Switch|p1a: celty\n|-damage|p1a: celty|66\/100\n|\n|t:|1700448641\n|switch|p2a: FREE TIGRAY|Breloom, M, shiny|100\/100|[from] Volt Switch\n|\n|upkeep\n|turn|26\n|inactive|muffinATEthat has 180 seconds left.\n|inactive|burberry bax has 180 seconds left.\n|\n|t:|1700448665\n|switch|p1a: ultra headtop|Amoonguss, M, shiny|100\/100\n|move|p2a: FREE TIGRAY|Bullet Seed|p1a: ultra headtop\n|-resisted|p1a: ultra headtop\n|-damage|p1a: ultra headtop|97\/100\n|-resisted|p1a: ultra headtop\n|-damage|p1a: ultra headtop|93\/100\n|-resisted|p1a: ultra headtop\n|-damage|p1a: ultra headtop|89\/100\n|-resisted|p1a: ultra headtop\n|-damage|p1a: ultra headtop|85\/100\n|-resisted|p1a: ultra headtop\n|-damage|p1a: ultra headtop|81\/100\n|-hitcount|p1a: ultra headtop|5\n|\n|upkeep\n|turn|27\n|\n|t:|1700448677\n|switch|p2a: FIRE FIST FOREVER|Kingambit, M, shiny|100\/100 slp\n|-activate|p2a: FIRE FIST FOREVER|ability: Supreme Overlord\n|-start|p2a: FIRE FIST FOREVER|fallen1|[silent]\n|switch|p1a: shit trash lmao|Salamence, F, shiny|62\/100\n|-ability|p1a: shit trash lmao|Intimidate|boost\n|-unboost|p2a: FIRE FIST FOREVER|atk|1\n|\n|upkeep\n|turn|28\n|inactive|muffinATEthat has 150 seconds left.\n|\n|t:|1700448732\n|-end|p2a: FIRE FIST FOREVER|fallen1|[silent]\n|switch|p2a: FREE SUDAN|Rotom-Heat, shiny|41\/100\n|move|p1a: shit trash lmao|Roost|p1a: shit trash lmao\n|-heal|p1a: shit trash lmao|100\/100\n|-singleturn|p1a: shit trash lmao|move: Roost\n|\n|upkeep\n|turn|29\n|inactive|muffinATEthat has 120 seconds left.\n|\n|t:|1700448751\n|move|p2a: FREE SUDAN|Nasty Plot|p2a: FREE SUDAN\n|-boost|p2a: FREE SUDAN|spa|2\n|move|p1a: shit trash lmao|Draco Meteor|p2a: FREE SUDAN|[miss]\n|-miss|p1a: shit trash lmao|p2a: FREE SUDAN\n|\n|upkeep\n|turn|30\n|inactive|muffinATEthat has 120 seconds left.\n|inactive|muffinATEthat has 90 seconds left.\n|\n|t:|1700448792\n|move|p2a: FREE SUDAN|Volt Switch|p1a: shit trash lmao\n|-damage|p1a: shit trash lmao|25\/100\n|inactive|muffinATEthat has 90 seconds left.\n|\n|t:|1700448808\n|switch|p2a: FIRE FIST FOREVER|Kingambit, M, shiny|100\/100 slp|[from] Volt Switch\n|-activate|p2a: FIRE FIST FOREVER|ability: Supreme Overlord\n|-start|p2a: FIRE FIST FOREVER|fallen1|[silent]\n|move|p1a: shit trash lmao|Draco Meteor|p2a: FIRE FIST FOREVER\n|-resisted|p2a: FIRE FIST FOREVER\n|-damage|p2a: FIRE FIST FOREVER|68\/100 slp\n|-unboost|p1a: shit trash lmao|spa|2\n|\n|upkeep\n|turn|31\n|\n|t:|1700448824\n|-end|p2a: FIRE FIST FOREVER|fallen1|[silent]\n|switch|p2a: FREE CONGO|Sandy Shocks|100\/100\n|move|p1a: shit trash lmao|Roost|p1a: shit trash lmao\n|-heal|p1a: shit trash lmao|75\/100\n|-singleturn|p1a: shit trash lmao|move: Roost\n|\n|upkeep\n|turn|32\n|inactive|burberry bax has 210 seconds left.\n|\n|t:|1700448841\n|switch|p1a: ultra headtop|Amoonguss, M, shiny|100\/100\n|move|p2a: FREE CONGO|Thunderbolt|p1a: ultra headtop\n|-resisted|p1a: ultra headtop\n|-damage|p1a: ultra headtop|69\/100\n|\n|upkeep\n|turn|33\n|inactive|burberry bax has 210 seconds left.\n|l| FirstClassWill\n|inactive|muffinATEthat has 60 seconds left.\n|\n|t:|1700448881\n|move|p2a: FREE CONGO|Thunderbolt|p1a: ultra headtop\n|-resisted|p1a: ultra headtop\n|-damage|p1a: ultra headtop|41\/100\n|move|p1a: ultra headtop|Toxic|p2a: FREE CONGO\n|-status|p2a: FREE CONGO|tox\n|\n|-damage|p2a: FREE CONGO|94\/100 tox|[from] psn\n|upkeep\n|turn|34\n|inactive|muffinATEthat has 60 seconds left.\n|inactive|burberry bax has 180 seconds left.\n|\n|t:|1700448915\n|-end|p2a: FREE CONGO|Protosynthesis|[silent]\n|switch|p2a: FREE SUDAN|Rotom-Heat, shiny|41\/100\n|move|p1a: ultra headtop|Giga Drain|p2a: FREE SUDAN\n|-resisted|p2a: FREE SUDAN\n|-damage|p2a: FREE SUDAN|26\/100\n|-heal|p1a: ultra headtop|45\/100|[from] drain|[of] p2a: FREE SUDAN\n|\n|upkeep\n|turn|35\n|inactive|muffinATEthat has 30 seconds left.\n|inactive|burberry bax has 150 seconds left.\n|\n|t:|1700448955\n|switch|p1a: zest lord|Quaquaval, F, shiny|100\/100\n|move|p2a: FREE SUDAN|Volt Switch|p1a: zest lord\n|-supereffective|p1a: zest lord\n|-damage|p1a: zest lord|9\/100\n|inactive|muffinATEthat has 30 seconds left.\n|\n|t:|1700448968\n|switch|p2a: FREE TIGRAY|Breloom, M, shiny|100\/100|[from] Volt Switch\n|\n|upkeep\n|turn|36\n|inactive|burberry bax has 150 seconds left.\n|inactive|muffinATEthat has 30 seconds left.\n|inactive|muffinATEthat has 20 seconds left.\n|\n|t:|1700448985\n|switch|p1a: ultra headtop|Amoonguss, M, shiny|78\/100\n|switch|p2a: FREE SUDAN|Rotom-Heat, shiny|26\/100\n|\n|upkeep\n|turn|37\n|inactive|muffinATEthat has 30 seconds left this turn.\n|inactive|muffinATEthat has 20 seconds left.\n|inactive|muffinATEthat has 15 seconds left.\n|\n|t:|1700449013\n|switch|p1a: shit trash lmao|Salamence, F, shiny|75\/100\n|-ability|p1a: shit trash lmao|Intimidate|boost\n|-unboost|p2a: FREE SUDAN|atk|1\n|move|p2a: FREE SUDAN|Overheat|p1a: shit trash lmao\n|-resisted|p1a: shit trash lmao\n|-damage|p1a: shit trash lmao|42\/100\n|-unboost|p2a: FREE SUDAN|spa|2\n|\n|upkeep\n|turn|38\n|inactive|muffinATEthat has 25 seconds left this turn.\n|inactive|muffinATEthat has 20 seconds left.\n|inactive|muffinATEthat has 15 seconds left.\n|\n|t:|1700449024\n|move|p2a: FREE SUDAN|Volt Switch|p1a: shit trash lmao\n|-damage|p1a: shit trash lmao|23\/100\n|inactive|muffinATEthat has 20 seconds left this turn.\n|\n|t:|1700449028\n|switch|p2a: FREE PALESTINE|Slowbro, F, shiny|100\/100|[from] Volt Switch\n|move|p1a: shit trash lmao|Roost|p1a: shit trash lmao\n|-heal|p1a: shit trash lmao|74\/100\n|-singleturn|p1a: shit trash lmao|move: Roost\n|\n|upkeep\n|turn|39\n|inactive|muffinATEthat has 30 seconds left this turn.\n|\n|t:|1700449040\n|switch|p1a: celty|Umbreon, M, shiny, tera:Fairy|66\/100\n|move|p2a: FREE PALESTINE|Ice Beam|p1a: celty\n|-damage|p1a: celty|53\/100\n|\n|upkeep\n|turn|40\n|inactive|muffinATEthat has 30 seconds left.\n|\n|t:|1700449054\n|switch|p2a: FIRE FIST FOREVER|Kingambit, M, shiny|68\/100 slp\n|-activate|p2a: FIRE FIST FOREVER|ability: Supreme Overlord\n|-start|p2a: FIRE FIST FOREVER|fallen1|[silent]\n|move|p1a: celty|Moonlight|p1a: celty\n|-heal|p1a: celty|100\/100\n|\n|upkeep\n|turn|41\n|inactive|burberry bax has 150 seconds left.\n|inactive|muffinATEthat has 30 seconds left.\n|\n|t:|1700449067\n|switch|p1a: zest lord|Quaquaval, F, shiny|9\/100\n|cant|p2a: FIRE FIST FOREVER|slp\n|\n|upkeep\n|turn|42\n|inactive|muffinATEthat has 30 seconds left.\n|inactive|burberry bax has 150 seconds left.\n|\n|t:|1700449082\n|-curestatus|p2a: FIRE FIST FOREVER|slp|[msg]\n|move|p2a: FIRE FIST FOREVER|Sucker Punch|p1a: zest lord\n|-resisted|p1a: zest lord\n|-damage|p1a: zest lord|0 fnt\n|faint|p1a: zest lord\n|\n|upkeep\n|inactive|muffinATEthat has 30 seconds left this turn.\n|inactive|burberry bax has 150 seconds left.\n|\n|t:|1700449095\n|switch|p1a: ultra headtop|Amoonguss, M, shiny|100\/100\n|turn|43\n|inactive|muffinATEthat has 30 seconds left.\n|\n|t:|1700449106\n|move|p2a: FIRE FIST FOREVER|Iron Head|p1a: ultra headtop\n|-damage|p1a: ultra headtop|65\/100\n|move|p1a: ultra headtop|Spore|p2a: FIRE FIST FOREVER\n|-status|p2a: FIRE FIST FOREVER|slp|[from] move: Spore\n|\n|upkeep\n|turn|44\n|inactive|muffinATEthat has 30 seconds left.\n|\n|t:|1700449119\n|-end|p2a: FIRE FIST FOREVER|fallen1|[silent]\n|switch|p2a: FREE CONGO|Sandy Shocks|94\/100 tox\n|move|p1a: ultra headtop|Sludge Bomb|p2a: FREE CONGO\n|-resisted|p2a: FREE CONGO\n|-damage|p2a: FREE CONGO|77\/100 tox\n|\n|-damage|p2a: FREE CONGO|71\/100 tox|[from] psn\n|upkeep\n|turn|45\n|\n|t:|1700449135\n|switch|p1a: celty|Umbreon, M, shiny, tera:Fairy|100\/100\n|move|p2a: FREE CONGO|Volt Switch|p1a: celty\n|-damage|p1a: celty|72\/100\n|inactive|muffinATEthat has 30 seconds left.\n|\n|t:|1700449151\n|-end|p2a: FREE CONGO|Protosynthesis|[silent]\n|switch|p2a: FREE TIGRAY|Breloom, M, shiny|100\/100|[from] Volt Switch\n|\n|upkeep\n|turn|46\n|inactive|muffinATEthat has 30 seconds left.\n|inactive|burberry bax has 150 seconds left.\n|\n|t:|1700449172\n|switch|p2a: FREE SUDAN|Rotom-Heat, shiny|26\/100\n|switch|p1a: shit trash lmao|Salamence, F, shiny|74\/100\n|-ability|p1a: shit trash lmao|Intimidate|boost\n|-unboost|p2a: FREE SUDAN|atk|1\n|\n|upkeep\n|turn|47\n|inactive|muffinATEthat has 30 seconds left.\n|inactive|burberry bax has 150 seconds left.\n|\n|t:|1700449201\n|move|p2a: FREE SUDAN|Nasty Plot|p2a: FREE SUDAN\n|-boost|p2a: FREE SUDAN|spa|2\n|move|p1a: shit trash lmao|Hurricane|p2a: FREE SUDAN|[miss]\n|-miss|p1a: shit trash lmao|p2a: FREE SUDAN\n|\n|upkeep\n|turn|48\n|inactive|muffinATEthat has 30 seconds left.\n|\n|t:|1700449220\n|switch|p1a: ultra headtop|Amoonguss, M, shiny|98\/100\n|move|p2a: FREE SUDAN|Volt Switch|p1a: ultra headtop\n|-resisted|p1a: ultra headtop\n|-damage|p1a: ultra headtop|67\/100\n|inactive|muffinATEthat has 30 seconds left.\n|\n|t:|1700449232\n|switch|p2a: FREE CONGO|Sandy Shocks|71\/100 tox|[from] Volt Switch\n|\n|-damage|p2a: FREE CONGO|64\/100 tox|[from] psn\n|upkeep\n|turn|49\n|inactive|muffinATEthat has 30 seconds left.\n|\n|t:|1700449248\n|move|p2a: FREE CONGO|Earth Power|p1a: ultra headtop\n|-damage|p1a: ultra headtop|5\/100\n|move|p1a: ultra headtop|Giga Drain|p2a: FREE CONGO\n|-supereffective|p2a: FREE CONGO\n|-crit|p2a: FREE CONGO\n|-damage|p2a: FREE CONGO|0 fnt\n|-heal|p1a: ultra headtop|28\/100|[from] drain|[of] p2a: FREE CONGO\n|faint|p2a: FREE CONGO\n|-end|p2a: FREE CONGO|Protosynthesis|[silent]\n|\n|upkeep\n|inactive|muffinATEthat has 30 seconds left.\n|\n|t:|1700449256\n|switch|p2a: FREE SUDAN|Rotom-Heat, shiny|26\/100\n|turn|50\n|inactive|muffinATEthat has 30 seconds left.\n|inactive|burberry bax has 120 seconds left.\n|inactive|burberry bax has 90 seconds left.\n|\n|t:|1700449319\n|move|p2a: FREE SUDAN|Nasty Plot|p2a: FREE SUDAN\n|-boost|p2a: FREE SUDAN|spa|2\n|move|p1a: ultra headtop|Sludge Bomb|p2a: FREE SUDAN\n|-damage|p2a: FREE SUDAN|0 fnt\n|faint|p2a: FREE SUDAN\n|\n|upkeep\n|inactive|muffinATEthat has 30 seconds left.\n|\n|t:|1700449327\n|switch|p2a: FREE PALESTINE|Slowbro, F, shiny|100\/100\n|turn|51\n|\n|t:|1700449335\n|switch|p1a: celty|Umbreon, M, shiny, tera:Fairy|72\/100\n|move|p2a: FREE PALESTINE|Ice Beam|p1a: celty\n|-damage|p1a: celty|61\/100\n|\n|upkeep\n|turn|52\n|\n|t:|1700449343\n|switch|p2a: FREE TIGRAY|Breloom, M, shiny|100\/100\n|move|p1a: celty|Moonlight|p1a: celty\n|-heal|p1a: celty|100\/100\n|\n|upkeep\n|turn|53\n|inactive|burberry bax has 90 seconds left.\n|\n|t:|1700449369\n|switch|p1a: ultra headtop|Amoonguss, M, shiny|61\/100\n|move|p2a: FREE TIGRAY|Rock Tomb|p1a: ultra headtop\n|-damage|p1a: ultra headtop|36\/100\n|-unboost|p1a: ultra headtop|spe|1\n|\n|upkeep\n|turn|54\n|inactive|burberry bax has 90 seconds left.\n|inactive|muffinATEthat has 30 seconds left.\n|\n|t:|1700449395\n|switch|p2a: FIRE FIST FOREVER|Kingambit, M, shiny|68\/100 slp\n|-activate|p2a: FIRE FIST FOREVER|ability: Supreme Overlord\n|-start|p2a: FIRE FIST FOREVER|fallen3|[silent]\n|move|p1a: ultra headtop|Sludge Bomb|p2a: FIRE FIST FOREVER\n|-immune|p2a: FIRE FIST FOREVER\n|\n|upkeep\n|turn|55\n|\n|t:|1700449404\n|switch|p1a: shit trash lmao|Salamence, F, shiny|74\/100\n|-ability|p1a: shit trash lmao|Intimidate|boost\n|-unboost|p2a: FIRE FIST FOREVER|atk|1\n|cant|p2a: FIRE FIST FOREVER|slp\n|\n|upkeep\n|turn|56\n|\n|t:|1700449417\n|-end|p2a: FIRE FIST FOREVER|fallen3|[silent]\n|switch|p2a: FREE PALESTINE|Slowbro, F, shiny|100\/100\n|move|p1a: shit trash lmao|Flamethrower|p2a: FREE PALESTINE\n|-resisted|p2a: FREE PALESTINE\n|-damage|p2a: FREE PALESTINE|85\/100\n|\n|-heal|p2a: FREE PALESTINE|91\/100|[from] item: Leftovers\n|upkeep\n|turn|57\n|inactive|burberry bax has 90 seconds left.\n|inactive|muffinATEthat has 30 seconds left.\n|\n|t:|1700449441\n|switch|p1a: celty|Umbreon, M, shiny, tera:Fairy|100\/100\n|switch|p2a: FIRE FIST FOREVER|Kingambit, M, shiny|68\/100 slp\n|-activate|p2a: FIRE FIST FOREVER|ability: Supreme Overlord\n|-start|p2a: FIRE FIST FOREVER|fallen3|[silent]\n|\n|upkeep\n|turn|58\n|inactive|burberry bax has 90 seconds left.\n|\n|t:|1700449447\n|switch|p1a: shit trash lmao|Salamence, F, shiny|74\/100\n|-ability|p1a: shit trash lmao|Intimidate|boost\n|-unboost|p2a: FIRE FIST FOREVER|atk|1\n|-curestatus|p2a: FIRE FIST FOREVER|slp|[msg]\n|move|p2a: FIRE FIST FOREVER|Iron Head|p1a: shit trash lmao\n|-damage|p1a: shit trash lmao|30\/100\n|\n|upkeep\n|turn|59\n|inactive|burberry bax has 90 seconds left.\n|\n|t:|1700449460\n|move|p1a: shit trash lmao|Roost|p1a: shit trash lmao\n|-heal|p1a: shit trash lmao|80\/100\n|-singleturn|p1a: shit trash lmao|move: Roost\n|move|p2a: FIRE FIST FOREVER|Iron Head|p1a: shit trash lmao\n|-damage|p1a: shit trash lmao|31\/100\n|\n|upkeep\n|turn|60\n|inactive|burberry bax has 90 seconds left.\n|\n|t:|1700449492\n|move|p1a: shit trash lmao|Roost|p1a: shit trash lmao\n|-heal|p1a: shit trash lmao|81\/100\n|-singleturn|p1a: shit trash lmao|move: Roost\n|move|p2a: FIRE FIST FOREVER|Swords Dance|p2a: FIRE FIST FOREVER\n|-boost|p2a: FIRE FIST FOREVER|atk|2\n|\n|upkeep\n|turn|61\n|\n|t:|1700449505\n|move|p1a: shit trash lmao|Flamethrower|p2a: FIRE FIST FOREVER\n|-supereffective|p2a: FIRE FIST FOREVER\n|-damage|p2a: FIRE FIST FOREVER|8\/100\n|move|p2a: FIRE FIST FOREVER|Iron Head|p1a: shit trash lmao\n|-damage|p1a: shit trash lmao|0 fnt\n|faint|p1a: shit trash lmao\n|\n|upkeep\n|\n|t:|1700449518\n|switch|p1a: ultra headtop|Amoonguss, M, shiny|69\/100\n|turn|62\n|inactive|burberry bax has 60 seconds left.\n|\n|t:|1700449539\n|move|p2a: FIRE FIST FOREVER|Kowtow Cleave|p1a: ultra headtop\n|-damage|p1a: ultra headtop|0 fnt\n|faint|p1a: ultra headtop\n|\n|upkeep\n|\n|t:|1700449541\n|switch|p1a: celty|Umbreon, M, shiny, tera:Fairy|100\/100\n|turn|63\n|inactive|muffinATEthat has 60 seconds left.\n|\n|t:|1700449552\n|move|p2a: FIRE FIST FOREVER|Sucker Punch|p1a: celty\n|-resisted|p1a: celty\n|-damage|p1a: celty|73\/100\n|move|p1a: celty|Foul Play|p2a: FIRE FIST FOREVER\n|-resisted|p2a: FIRE FIST FOREVER\n|-damage|p2a: FIRE FIST FOREVER|0 fnt\n|faint|p2a: FIRE FIST FOREVER\n|-end|p2a: FIRE FIST FOREVER|fallen3|[silent]\n|\n|upkeep\n|\n|t:|1700449559\n|switch|p2a: FREE TIGRAY|Breloom, M, shiny|100\/100\n|turn|64\n|c| GymLeader Avery|MY BRELOOM PARLAYS\n|c| CTE World|BRELOOM PARLAYS\n|c| GymLeader Avery|YES\n|\n|t:|1700449568\n|move|p2a: FREE TIGRAY|Bullet Seed|p1a: celty\n|-damage|p1a: celty|57\/100\n|-damage|p1a: celty|42\/100\n|-damage|p1a: celty|28\/100\n|-damage|p1a: celty|14\/100\n|-hitcount|p1a: celty|4\n|move|p1a: celty|Toxic|p2a: FREE TIGRAY\n|-status|p2a: FREE TIGRAY|tox\n|\n|-damage|p2a: FREE TIGRAY|94\/100 tox|[from] psn\n|upkeep\n|turn|65\n|\n|t:|1700449578\n|move|p2a: FREE TIGRAY|Bullet Seed|p1a: celty\n|-damage|p1a: celty|0 fnt\n|faint|p1a: celty\n|-hitcount|p1: celty|1\n|\n|win|muffinATEthat\n","uploadtime":1700449583,"views":12,"p1id":"burberrybax","p2id":"muffinatethat","formatid":"gen9ou","rating":0,"private":0,"password":""}