{"id":"gen9ou-1996238971","p1":"d18l","p2":"tekken_is_life","format":"[Gen 9] OU","log":"|j|\u2606d18l\n|j|\u203dtekken_is_life\n|t:|1700662803\n|gametype|singles\n|player|p1|d18l|backpacker|1697\n|player|p2|tekken_is_life|riley|1729\n|teamsize|p1|6\n|teamsize|p2|6\n|gen|9\n|tier|[Gen 9] OU\n|rated|\n|rule|Sleep Clause Mod: Limit one foe put to sleep\n|rule|Species Clause: Limit one of each Pok\u00e9mon\n|rule|OHKO Clause: OHKO moves are banned\n|rule|Evasion Items Clause: Evasion items are banned\n|rule|Evasion Moves Clause: Evasion moves are banned\n|rule|Endless Battle Clause: Forcing endless battles is banned\n|rule|HP Percentage Mod: HP is shown in percentages\n|clearpoke\n|poke|p1|Ribombee, F|\n|poke|p1|Gholdengo|\n|poke|p1|Great Tusk|\n|poke|p1|Kingambit, F|\n|poke|p1|Ogerpon-Wellspring, F|\n|poke|p1|Iron Moth|\n|poke|p2|Regidrago|\n|poke|p2|Enamorus, F|\n|poke|p2|Iron Moth|\n|poke|p2|Great Tusk|\n|poke|p2|Ogerpon-Cornerstone, F|\n|poke|p2|Kingambit, M|\n|teampreview\n|j| Seleukos\n|\n|t:|1700662824\n|start\n|switch|p1a: Ribombee|Ribombee, F|100\/100\n|switch|p2a: Iron Moth|Iron Moth|100\/100\n|-enditem|p2a: Iron Moth|Booster Energy\n|-activate|p2a: Iron Moth|ability: Quark Drive|[fromitem]\n|-start|p2a: Iron Moth|quarkdrivespe\n|turn|1\n|\n|t:|1700662831\n|move|p2a: Iron Moth|Fiery Dance|p1a: Ribombee\n|-supereffective|p1a: Ribombee\n|-enditem|p1a: Ribombee|Focus Sash\n|-damage|p1a: Ribombee|1\/100\n|move|p1a: Ribombee|Sticky Web|p2a: Iron Moth\n|-sidestart|p2: tekken_is_life|move: Sticky Web\n|\n|upkeep\n|turn|2\n|j| Jontrendline\n|\n|t:|1700662846\n|move|p2a: Iron Moth|Fiery Dance|p1a: Ribombee\n|-supereffective|p1a: Ribombee\n|-damage|p1a: Ribombee|0 fnt\n|faint|p1a: Ribombee\n|\n|upkeep\n|\n|t:|1700662849\n|switch|p1a: Iron Moth|Iron Moth|100\/100\n|-enditem|p1a: Iron Moth|Booster Energy\n|-activate|p1a: Iron Moth|ability: Quark Drive|[fromitem]\n|-start|p1a: Iron Moth|quarkdrivespe\n|turn|3\n|\n|t:|1700662853\n|move|p1a: Iron Moth|Substitute|p1a: Iron Moth\n|-start|p1a: Iron Moth|Substitute\n|-damage|p1a: Iron Moth|76\/100\n|move|p2a: Iron Moth|Fiery Dance|p1a: Iron Moth\n|-resisted|p1a: Iron Moth\n|-activate|p1a: Iron Moth|move: Substitute|[damage]\n|\n|upkeep\n|turn|4\n|\n|t:|1700662856\n|move|p2a: Iron Moth|Fiery Dance|p1a: Iron Moth\n|-resisted|p1a: Iron Moth\n|-end|p1a: Iron Moth|Substitute\n|move|p1a: Iron Moth|Fiery Dance|p2a: Iron Moth\n|-resisted|p2a: Iron Moth\n|-damage|p2a: Iron Moth|81\/100\n|-boost|p1a: Iron Moth|spa|1\n|\n|upkeep\n|turn|5\n|\n|t:|1700662860\n|move|p2a: Iron Moth|Fiery Dance|p1a: Iron Moth\n|-resisted|p1a: Iron Moth\n|-damage|p1a: Iron Moth|53\/100\n|-boost|p2a: Iron Moth|spa|1\n|move|p1a: Iron Moth|Sludge Wave|p2a: Iron Moth\n|-resisted|p2a: Iron Moth\n|-damage|p2a: Iron Moth|47\/100\n|\n|upkeep\n|turn|6\n|\n|t:|1700662866\n|move|p2a: Iron Moth|Fiery Dance|p1a: Iron Moth\n|-resisted|p1a: Iron Moth\n|-damage|p1a: Iron Moth|23\/100\n|-boost|p2a: Iron Moth|spa|1\n|move|p1a: Iron Moth|Sludge Wave|p2a: Iron Moth\n|-resisted|p2a: Iron Moth\n|-damage|p2a: Iron Moth|10\/100\n|\n|upkeep\n|turn|7\n|\n|t:|1700662870\n|move|p1a: Iron Moth|Sludge Wave|p2a: Iron Moth\n|-resisted|p2a: Iron Moth\n|-damage|p2a: Iron Moth|0 fnt\n|faint|p2a: Iron Moth\n|-end|p2a: Iron Moth|Quark Drive|[silent]\n|\n|upkeep\n|\n|t:|1700662886\n|switch|p2a: Regidrago|Regidrago|100\/100\n|-activate|p2a: Regidrago|move: Sticky Web\n|-unboost|p2a: Regidrago|spe|1\n|turn|8\n|\n|t:|1700662901\n|move|p1a: Iron Moth|Sludge Wave|p2a: Regidrago\n|-damage|p2a: Regidrago|27\/100\n|move|p2a: Regidrago|Scale Shot|p1a: Iron Moth\n|-damage|p1a: Iron Moth|0 fnt\n|faint|p1a: Iron Moth\n|-end|p1a: Iron Moth|Quark Drive|[silent]\n|-hitcount|p1: Iron Moth|1\n|-unboost|p2a: Regidrago|def|1\n|-boost|p2a: Regidrago|spe|1\n|\n|upkeep\n|\n|t:|1700662933\n|switch|p1a: Great Tusk|Great Tusk|100\/100\n|-enditem|p1a: Great Tusk|Booster Energy\n|-activate|p1a: Great Tusk|ability: Protosynthesis|[fromitem]\n|-start|p1a: Great Tusk|protosynthesisspe\n|turn|9\n|\n|t:|1700662943\n|move|p1a: Great Tusk|Earthquake|p2a: Regidrago\n|-damage|p2a: Regidrago|0 fnt\n|faint|p2a: Regidrago\n|\n|upkeep\n|\n|t:|1700662945\n|switch|p2a: Enamorus|Enamorus, F|100\/100\n|turn|10\n|\n|t:|1700662952\n|-end|p1a: Great Tusk|Protosynthesis|[silent]\n|switch|p1a: Gholdengo|Gholdengo|100\/100\n|-item|p1a: Gholdengo|Air Balloon\n|move|p2a: Enamorus|Moonblast|p1a: Gholdengo\n|-resisted|p1a: Gholdengo\n|-damage|p1a: Gholdengo|74\/100\n|-enditem|p1a: Gholdengo|Air Balloon\n|\n|upkeep\n|turn|11\n|\n|t:|1700662958\n|switch|p2a: Kingambit|Kingambit, M|100\/100\n|-activate|p2a: Kingambit|move: Sticky Web\n|-unboost|p2a: Kingambit|spe|1\n|-activate|p2a: Kingambit|ability: Supreme Overlord\n|-start|p2a: Kingambit|fallen2|[silent]\n|move|p1a: Gholdengo|Shadow Ball|p2a: Kingambit\n|-resisted|p2a: Kingambit\n|-damage|p2a: Kingambit|81\/100\n|-unboost|p2a: Kingambit|spd|1\n|\n|-heal|p2a: Kingambit|87\/100|[from] item: Leftovers\n|upkeep\n|turn|12\n|\n|t:|1700662965\n|switch|p1a: Great Tusk|Great Tusk|100\/100\n|move|p2a: Kingambit|Iron Head|p1a: Great Tusk\n|-damage|p1a: Great Tusk|67\/100\n|\n|-heal|p2a: Kingambit|94\/100|[from] item: Leftovers\n|upkeep\n|turn|13\n|\n|t:|1700662969\n|-end|p2a: Kingambit|fallen2|[silent]\n|switch|p2a: Enamorus|Enamorus, F|100\/100\n|move|p1a: Great Tusk|Knock Off|p2a: Enamorus\n|-resisted|p2a: Enamorus\n|-damage|p2a: Enamorus|78\/100\n|-enditem|p2a: Enamorus|Choice Scarf|[from] move: Knock Off|[of] p1a: Great Tusk\n|\n|upkeep\n|turn|14\n|l| Jontrendline\n|\n|t:|1700663015\n|-end|p1a: Great Tusk|Protosynthesis|[silent]\n|switch|p1a: Gholdengo|Gholdengo|74\/100\n|move|p2a: Enamorus|Moonblast|p1a: Gholdengo\n|-resisted|p1a: Gholdengo\n|-damage|p1a: Gholdengo|47\/100\n|-unboost|p1a: Gholdengo|spa|1\n|\n|upkeep\n|turn|15\n|\n|t:|1700663019\n|move|p2a: Enamorus|Earth Power|p1a: Gholdengo\n|-supereffective|p1a: Gholdengo\n|-damage|p1a: Gholdengo|0 fnt\n|faint|p1a: Gholdengo\n|\n|upkeep\n|\n|t:|1700663020\n|switch|p1a: Ogerpon|Ogerpon-Wellspring, F|100\/100\n|turn|16\n|\n|t:|1700663043\n|move|p1a: Ogerpon|Ivy Cudgel|p2a: Enamorus|[anim] Ivy Cudgel Water\n|-crit|p2a: Enamorus\n|-damage|p2a: Enamorus|0 fnt\n|faint|p2a: Enamorus\n|\n|upkeep\n|j| mew852\n|\n|t:|1700663057\n|switch|p2a: Great Tusk|Great Tusk|100\/100\n|-activate|p2a: Great Tusk|move: Sticky Web\n|-unboost|p2a: Great Tusk|spe|1\n|-enditem|p2a: Great Tusk|Booster Energy\n|-activate|p2a: Great Tusk|ability: Protosynthesis|[fromitem]\n|-start|p2a: Great Tusk|protosynthesisatk\n|turn|17\n|\n|t:|1700663075\n|move|p1a: Ogerpon|Ivy Cudgel|p2a: Great Tusk|[anim] Ivy Cudgel Water\n|-supereffective|p2a: Great Tusk\n|-damage|p2a: Great Tusk|15\/100\n|move|p2a: Great Tusk|Rapid Spin|p1a: Ogerpon\n|-damage|p1a: Ogerpon|70\/100\n|-boost|p2a: Great Tusk|spe|1\n|-sideend|p2: tekken_is_life|Sticky Web|[from] move: Rapid Spin|[of] p2a: Great Tusk\n|\n|upkeep\n|turn|18\n|\n|t:|1700663080\n|move|p1a: Ogerpon|Ivy Cudgel|p2a: Great Tusk|[anim] Ivy Cudgel Water\n|-supereffective|p2a: Great Tusk\n|-damage|p2a: Great Tusk|0 fnt\n|faint|p2a: Great Tusk\n|-end|p2a: Great Tusk|Protosynthesis|[silent]\n|\n|upkeep\n|\n|t:|1700663090\n|switch|p2a: Ogerpon|Ogerpon-Cornerstone, F|100\/100\n|turn|19\n|\n|t:|1700663095\n|move|p1a: Ogerpon|Ivy Cudgel|p2a: Ogerpon|[anim] Ivy Cudgel Water\n|-damage|p2a: Ogerpon|28\/100\n|move|p2a: Ogerpon|Ivy Cudgel|p1a: Ogerpon|[anim] Ivy Cudgel Rock\n|-damage|p1a: Ogerpon|0 fnt\n|faint|p1a: Ogerpon\n|\n|upkeep\n|\n|t:|1700663116\n|switch|p1a: Kingambit|Kingambit, F|100\/100\n|-activate|p1a: Kingambit|ability: Supreme Overlord\n|-start|p1a: Kingambit|fallen4|[silent]\n|turn|20\n|\n|t:|1700663120\n|move|p1a: Kingambit|Sucker Punch||[still]\n|-fail|p1a: Kingambit\n|move|p2a: Ogerpon|Encore|p1a: Kingambit\n|-start|p1a: Kingambit|Encore\n|\n|upkeep\n|turn|21\n|\n|t:|1700663128\n|-end|p1a: Kingambit|fallen4|[silent]\n|switch|p1a: Great Tusk|Great Tusk|67\/100\n|move|p2a: Ogerpon|Encore||[still]\n|-fail|p2a: Ogerpon\n|\n|upkeep\n|turn|22\n|\n|t:|1700663138\n|move|p2a: Ogerpon|Horn Leech|p1a: Great Tusk\n|-supereffective|p1a: Great Tusk\n|-damage|p1a: Great Tusk|13\/100\n|-heal|p2a: Ogerpon|67\/100|[from] drain|[of] p1a: Great Tusk\n|move|p1a: Great Tusk|Earthquake|p2a: Ogerpon\n|-damage|p2a: Ogerpon|11\/100\n|\n|upkeep\n|turn|23\n|\n|t:|1700663143\n|move|p2a: Ogerpon|Low Kick|p1a: Great Tusk\n|-damage|p1a: Great Tusk|0 fnt\n|faint|p1a: Great Tusk\n|-end|p1a: Great Tusk|Protosynthesis|[silent]\n|\n|upkeep\n|\n|t:|1700663145\n|switch|p1a: Kingambit|Kingambit, F|100\/100\n|-activate|p1a: Kingambit|ability: Supreme Overlord\n|-start|p1a: Kingambit|fallen5|[silent]\n|turn|24\n|\n|t:|1700663149\n|-terastallize|p1a: Kingambit|Fairy\n|move|p2a: Ogerpon|Low Kick|p1a: Kingambit\n|-resisted|p1a: Kingambit\n|-damage|p1a: Kingambit|85\/100\n|move|p1a: Kingambit|Tera Blast|p2a: Ogerpon|[anim] Tera Blast Fairy\n|-damage|p2a: Ogerpon|0 fnt\n|faint|p2a: Ogerpon\n|\n|-heal|p1a: Kingambit|91\/100|[from] item: Leftovers\n|upkeep\n|\n|t:|1700663152\n|switch|p2a: Kingambit|Kingambit, M|94\/100\n|-activate|p2a: Kingambit|ability: Supreme Overlord\n|-start|p2a: Kingambit|fallen5|[silent]\n|turn|25\n|\n|t:|1700663161\n|move|p1a: Kingambit|Tera Blast|p2a: Kingambit|[anim] Tera Blast Fairy\n|-damage|p2a: Kingambit|42\/100\n|move|p2a: Kingambit|Iron Head|p1a: Kingambit\n|-supereffective|p1a: Kingambit\n|-crit|p1a: Kingambit\n|-damage|p1a: Kingambit|0 fnt\n|faint|p1a: Kingambit\n|-end|p1a: Kingambit|fallen5|[silent]\n|\n|win|tekken_is_life\n|raw|d18l's rating: 1697 &rarr; <strong>1679<\/strong><br \/>(-18 for losing)\n|raw|tekken_is_life's rating: 1729 &rarr; <strong>1747<\/strong><br \/>(+18 for winning)\n|l|\u203dtekken_is_life\n|l|\u2606d18l\n","uploadtime":1700663168,"views":0,"p1id":"d18l","p2id":"tekkenislife","formatid":"gen9ou","rating":1679,"private":0,"password":""}