{"id":"gen9ou-1993127714","p1":"julies100thaccount","p2":"JoeBidem","format":"[Gen 9] OU","log":"|j|\u2606julies100thaccount\n|j|\u2606JoeBidem\n|t:|1700268024\n|gametype|singles\n|player|p1|julies100thaccount|169|1487\n|player|p2|JoeBidem|266|1451\n|teamsize|p1|6\n|teamsize|p2|6\n|gen|9\n|tier|[Gen 9] OU\n|rated|\n|rule|Sleep Clause Mod: Limit one foe put to sleep\n|rule|Species Clause: Limit one of each Pok\u00e9mon\n|rule|OHKO Clause: OHKO moves are banned\n|rule|Evasion Items Clause: Evasion items are banned\n|rule|Evasion Moves Clause: Evasion moves are banned\n|rule|Endless Battle Clause: Forcing endless battles is banned\n|rule|HP Percentage Mod: HP is shown in percentages\n|clearpoke\n|poke|p1|Sneasler, F|\n|poke|p1|Skeledirge, F|\n|poke|p1|Rillaboom, M|\n|poke|p1|Kingambit, M|\n|poke|p1|Dragapult, M|\n|poke|p1|Ogerpon-Cornerstone, F|\n|poke|p2|Zapdos|\n|poke|p2|Pelipper, F|\n|poke|p2|Ogerpon-Cornerstone, F|\n|poke|p2|Floatzel, M|\n|poke|p2|Weezing-Galar, F|\n|poke|p2|Garchomp, M|\n|teampreview\n|inactive|Battle timer is ON: inactive players will automatically lose when time's up. (requested by JoeBidem)\n|\n|t:|1700268035\n|start\n|switch|p1a: Dragapult|Dragapult, M|100\/100\n|switch|p2a: Pelipper|Pelipper, F|100\/100\n|-weather|RainDance|[from] ability: Drizzle|[of] p2a: Pelipper\n|turn|1\n|\n|t:|1700268054\n|switch|p2a: Weezing|Weezing-Galar, F|100\/100\n|-ability|p2a: Weezing|Neutralizing Gas\n|move|p1a: Dragapult|Draco Meteor|p2a: Weezing\n|-immune|p2a: Weezing\n|\n|-weather|RainDance|[upkeep]\n|upkeep\n|turn|2\n|\n|t:|1700268058\n|move|p1a: Dragapult|U-turn|p2a: Weezing\n|-resisted|p2a: Weezing\n|-damage|p2a: Weezing|97\/100\n|\n|t:|1700268081\n|switch|p1a: Ogerpon|Ogerpon-Cornerstone, F|100\/100|[from] U-turn\n|move|p2a: Weezing|Toxic|p1a: Ogerpon\n|-status|p1a: Ogerpon|tox\n|\n|-weather|RainDance|[upkeep]\n|-heal|p2a: Weezing|100\/100|[from] item: Leftovers\n|-damage|p1a: Ogerpon|95\/100 tox|[from] psn\n|upkeep\n|turn|3\n|\n|t:|1700268088\n|-end|p2a: Weezing|ability: Neutralizing Gas\n|switch|p2a: Garchomp|Garchomp, M|100\/100\n|move|p1a: Ogerpon|Spikes|p2a: Garchomp\n|-sidestart|p2: JoeBidem|Spikes\n|\n|-weather|RainDance|[upkeep]\n|-damage|p1a: Ogerpon|83\/100 tox|[from] psn\n|upkeep\n|turn|4\n|\n|t:|1700268096\n|move|p1a: Ogerpon|Spikes|p2a: Garchomp\n|-sidestart|p2: JoeBidem|Spikes\n|move|p2a: Garchomp|Stealth Rock|p1a: Ogerpon\n|-sidestart|p1: julies100thaccount|move: Stealth Rock\n|\n|-weather|RainDance|[upkeep]\n|-damage|p1a: Ogerpon|65\/100 tox|[from] psn\n|upkeep\n|turn|5\n|\n|t:|1700268102\n|move|p1a: Ogerpon|Spikes|p2a: Garchomp\n|-sidestart|p2: JoeBidem|Spikes\n|move|p2a: Garchomp|Scale Shot|p1a: Ogerpon\n|-damage|p1a: Ogerpon|48\/100 tox\n|-damage|p1a: Ogerpon|31\/100 tox\n|-hitcount|p1a: Ogerpon|2\n|-unboost|p2a: Garchomp|def|1\n|-boost|p2a: Garchomp|spe|1\n|\n|-weather|RainDance|[upkeep]\n|-damage|p1a: Ogerpon|7\/100 tox|[from] psn\n|upkeep\n|turn|6\n|\n|t:|1700268110\n|move|p2a: Garchomp|Earthquake|p1a: Ogerpon\n|-damage|p1a: Ogerpon|0 fnt\n|faint|p1a: Ogerpon\n|\n|-weather|RainDance|[upkeep]\n|upkeep\n|\n|t:|1700268123\n|switch|p1a: Dragapult|Dragapult, M|100\/100\n|turn|7\n|\n|t:|1700268127\n|-terastallize|p1a: Dragapult|Ghost\n|move|p2a: Garchomp|Scale Shot|p1a: Dragapult\n|-damage|p1a: Dragapult|82\/100\n|-damage|p1a: Dragapult|65\/100\n|-hitcount|p1a: Dragapult|2\n|-unboost|p2a: Garchomp|def|1\n|-boost|p2a: Garchomp|spe|1\n|move|p1a: Dragapult|Draco Meteor|p2a: Garchomp\n|-supereffective|p2a: Garchomp\n|-damage|p2a: Garchomp|0 fnt\n|-unboost|p1a: Dragapult|spa|2\n|faint|p2a: Garchomp\n|\n|-weather|RainDance|[upkeep]\n|upkeep\n|c|\u2606JoeBidem|ghghjmn  rdhgkgksetjyudikuytyuluiyl;u tytfjk\n|\n|t:|1700268143\n|switch|p2a: Weezing|Weezing-Galar, F|100\/100\n|-ability|p2a: Weezing|Neutralizing Gas\n|-damage|p2a: Weezing|76\/100|[from] Spikes\n|turn|8\n|inactive|julies100thaccount has 120 seconds left.\n|\n|t:|1700268177\n|move|p1a: Dragapult|U-turn|p2a: Weezing\n|-resisted|p2a: Weezing\n|-damage|p2a: Weezing|72\/100\n|inactive|julies100thaccount has 120 seconds left.\n|\n|t:|1700268189\n|switch|p1a: Kingambit|Kingambit, M|100\/100|[from] U-turn\n|-damage|p1a: Kingambit|94\/100|[from] Stealth Rock\n|move|p2a: Weezing|Defog|p1a: Kingambit\n|-unboost|p1a: Kingambit|evasion|1\n|-sideend|p1: julies100thaccount|Stealth Rock|[from] move: Defog|[of] p2a: Weezing\n|-sideend|p2: JoeBidem|Spikes|[from] move: Defog|[of] p2a: Weezing\n|\n|-weather|none\n|-heal|p2a: Weezing|78\/100|[from] item: Leftovers\n|upkeep\n|turn|9\n|inactive|julies100thaccount has 120 seconds left.\n|\n|t:|1700268203\n|-end|p1a: Kingambit|fallenundefined|[silent]\n|switch|p1a: Dragapult|Dragapult, M, tera:Ghost|65\/100\n|move|p2a: Weezing|Will-O-Wisp|p1a: Dragapult\n|-status|p1a: Dragapult|brn\n|\n|-heal|p2a: Weezing|84\/100|[from] item: Leftovers\n|-damage|p1a: Dragapult|59\/100 brn|[from] brn\n|upkeep\n|turn|10\n|inactive|julies100thaccount has 120 seconds left.\n|\n|t:|1700268210\n|move|p1a: Dragapult|Thunder Wave|p2a: Weezing|[miss]\n|-miss|p1a: Dragapult|p2a: Weezing\n|move|p2a: Weezing|Strange Steam|p1a: Dragapult\n|-damage|p1a: Dragapult|20\/100 brn\n|\n|-heal|p2a: Weezing|90\/100|[from] item: Leftovers\n|-damage|p1a: Dragapult|14\/100 brn|[from] brn\n|upkeep\n|turn|11\n|\n|t:|1700268220\n|move|p1a: Dragapult|U-turn|p2a: Weezing\n|-resisted|p2a: Weezing\n|-damage|p2a: Weezing|88\/100\n|inactive|julies100thaccount has 120 seconds left.\n|\n|t:|1700268233\n|switch|p1a: Kingambit|Kingambit, M|94\/100|[from] U-turn\n|move|p2a: Weezing|Strange Steam|p1a: Kingambit\n|-damage|p1a: Kingambit|63\/100\n|\n|-heal|p2a: Weezing|94\/100|[from] item: Leftovers\n|upkeep\n|turn|12\n|\n|t:|1700268238\n|move|p1a: Kingambit|Swords Dance|p1a: Kingambit\n|-boost|p1a: Kingambit|atk|2\n|move|p2a: Weezing|Will-O-Wisp|p1a: Kingambit\n|-status|p1a: Kingambit|brn\n|-enditem|p1a: Kingambit|Lum Berry|[eat]\n|-curestatus|p1a: Kingambit|brn|[msg]\n|\n|-heal|p2a: Weezing|99\/100|[from] item: Leftovers\n|upkeep\n|turn|13\n|\n|t:|1700268244\n|-end|p2a: Weezing|ability: Neutralizing Gas\n|-activate|p1a: Kingambit|ability: Supreme Overlord\n|-start|p1a: Kingambit|fallen1|[silent]\n|switch|p2a: Pelipper|Pelipper, F|100\/100\n|-weather|RainDance|[from] ability: Drizzle|[of] p2a: Pelipper\n|move|p1a: Kingambit|Iron Head|p2a: Pelipper\n|-resisted|p2a: Pelipper\n|-damage|p2a: Pelipper|65\/100\n|\n|-weather|RainDance|[upkeep]\n|upkeep\n|turn|14\n|\n|t:|1700268250\n|move|p1a: Kingambit|Sucker Punch|p2a: Pelipper\n|-damage|p2a: Pelipper|2\/100\n|move|p2a: Pelipper|U-turn|p1a: Kingambit\n|-damage|p1a: Kingambit|54\/100\n|\n|t:|1700268260\n|switch|p2a: Weezing|Weezing-Galar, F|99\/100|[from] U-turn\n|-ability|p2a: Weezing|Neutralizing Gas\n|\n|-weather|RainDance|[upkeep]\n|-heal|p2a: Weezing|100\/100|[from] item: Leftovers\n|upkeep\n|turn|15\n|inactive|julies100thaccount has 120 seconds left.\n|\n|t:|1700268293\n|-end|p1a: Kingambit|fallen1|[silent]\n|switch|p1a: Dragapult|Dragapult, M, tera:Ghost|14\/100 brn\n|-terastallize|p2a: Weezing|Water\n|move|p2a: Weezing|Will-O-Wisp|p1a: Dragapult|[miss]\n|-miss|p2a: Weezing|p1a: Dragapult\n|\n|-weather|RainDance|[upkeep]\n|-damage|p1a: Dragapult|8\/100 brn|[from] brn\n|upkeep\n|turn|16\n|\n|t:|1700268305\n|-end|p2a: Weezing|ability: Neutralizing Gas\n|switch|p2a: Ogerpon|Ogerpon-Cornerstone, F|100\/100\n|move|p1a: Dragapult|Draco Meteor|p2a: Ogerpon\n|-damage|p2a: Ogerpon|35\/100\n|-unboost|p1a: Dragapult|spa|2\n|\n|-weather|RainDance|[upkeep]\n|-damage|p1a: Dragapult|2\/100 brn|[from] brn\n|upkeep\n|turn|17\n|\n|t:|1700268311\n|move|p1a: Dragapult|U-turn|p2a: Ogerpon\n|-supereffective|p2a: Ogerpon\n|-damage|p2a: Ogerpon|15\/100\n|\n|t:|1700268318\n|switch|p1a: Rillaboom|Rillaboom, M|100\/100|[from] U-turn\n|-fieldstart|move: Grassy Terrain|[from] ability: Grassy Surge|[of] p1a: Rillaboom\n|move|p2a: Ogerpon|Horn Leech|p1a: Rillaboom\n|-resisted|p1a: Rillaboom\n|-damage|p1a: Rillaboom|71\/100\n|-heal|p2a: Ogerpon|33\/100|[from] drain|[of] p1a: Rillaboom\n|\n|-weather|RainDance|[upkeep]\n|-heal|p2a: Ogerpon|39\/100|[from] Grassy Terrain\n|-heal|p1a: Rillaboom|77\/100|[from] Grassy Terrain\n|upkeep\n|turn|18\n|\n|t:|1700268326\n|move|p1a: Rillaboom|Grassy Glide|p2a: Ogerpon\n|-damage|p2a: Ogerpon|0 fnt\n|faint|p2a: Ogerpon\n|\n|-weather|RainDance|[upkeep]\n|-heal|p1a: Rillaboom|84\/100|[from] Grassy Terrain\n|upkeep\n|\n|t:|1700268329\n|switch|p2a: Zapdos|Zapdos|100\/100\n|-ability|p2a: Zapdos|Pressure\n|turn|19\n|\n|t:|1700268344\n|move|p1a: Rillaboom|Grassy Glide|p2a: Zapdos\n|-resisted|p2a: Zapdos\n|-damage|p2a: Zapdos|76\/100\n|move|p2a: Zapdos|Hurricane|p1a: Rillaboom\n|-supereffective|p1a: Rillaboom\n|-damage|p1a: Rillaboom|0 fnt\n|faint|p1a: Rillaboom\n|\n|-weather|RainDance|[upkeep]\n|upkeep\n|\n|t:|1700268359\n|switch|p1a: Dragapult|Dragapult, M, tera:Ghost|2\/100 brn\n|turn|20\n|\n|t:|1700268365\n|move|p1a: Dragapult|Draco Meteor|p2a: Zapdos\n|-damage|p2a: Zapdos|10\/100\n|-unboost|p1a: Dragapult|spa|2\n|move|p2a: Zapdos|Roost|p2a: Zapdos\n|-heal|p2a: Zapdos|61\/100\n|-singleturn|p2a: Zapdos|move: Roost\n|\n|-weather|none\n|-heal|p1a: Dragapult|8\/100 brn|[from] Grassy Terrain\n|-heal|p2a: Zapdos|67\/100|[from] Grassy Terrain\n|-damage|p1a: Dragapult|2\/100 brn|[from] brn\n|upkeep\n|turn|21\n|\n|t:|1700268374\n|switch|p2a: Pelipper|Pelipper, F|2\/100\n|-weather|RainDance|[from] ability: Drizzle|[of] p2a: Pelipper\n|move|p1a: Dragapult|U-turn|p2a: Pelipper\n|-resisted|p2a: Pelipper\n|-damage|p2a: Pelipper|0 fnt\n|faint|p2a: Pelipper\n|\n|t:|1700268384\n|switch|p1a: Sneasler|Sneasler, F|100\/100|[from] U-turn\n|-enditem|p1a: Sneasler|Grassy Seed\n|-boost|p1a: Sneasler|def|1|[from] item: Grassy Seed\n|\n|-weather|RainDance|[upkeep]\n|-fieldend|move: Grassy Terrain\n|upkeep\n|\n|t:|1700268389\n|switch|p2a: Weezing|Weezing-Galar, F, tera:Water|100\/100\n|-ability|p2a: Weezing|Neutralizing Gas\n|turn|22\n|\n|t:|1700268399\n|move|p1a: Sneasler|Dire Claw|p2a: Weezing\n|-damage|p2a: Weezing|59\/100\n|-status|p2a: Weezing|slp\n|cant|p2a: Weezing|slp\n|\n|-weather|RainDance|[upkeep]\n|-heal|p2a: Weezing|65\/100 slp|[from] item: Leftovers\n|upkeep\n|turn|23\n|n|!JoeBidem|joebidem\n|\n|t:|1700268408\n|move|p1a: Sneasler|Swords Dance|p1a: Sneasler\n|-boost|p1a: Sneasler|atk|2\n|-curestatus|p2a: Weezing|slp|[msg]\n|move|p2a: Weezing|Will-O-Wisp|p1a: Sneasler\n|-status|p1a: Sneasler|brn\n|\n|-weather|RainDance|[upkeep]\n|-heal|p2a: Weezing|71\/100|[from] item: Leftovers\n|-damage|p1a: Sneasler|95\/100 brn|[from] brn\n|upkeep\n|turn|24\n|\n|t:|1700268412\n|move|p1a: Sneasler|Swords Dance|p1a: Sneasler\n|-boost|p1a: Sneasler|atk|2\n|move|p2a: Weezing|Strange Steam|p1a: Sneasler\n|-damage|p1a: Sneasler|61\/100 brn\n|\n|-weather|RainDance|[upkeep]\n|-heal|p2a: Weezing|77\/100|[from] item: Leftovers\n|-damage|p1a: Sneasler|55\/100 brn|[from] brn\n|upkeep\n|turn|25\n|\n|t:|1700268419\n|move|p1a: Sneasler|Dire Claw|p2a: Weezing\n|-damage|p2a: Weezing|13\/100\n|-status|p2a: Weezing|slp\n|cant|p2a: Weezing|slp\n|\n|-weather|RainDance|[upkeep]\n|-heal|p2a: Weezing|19\/100 slp|[from] item: Leftovers\n|-damage|p1a: Sneasler|49\/100 brn|[from] brn\n|upkeep\n|turn|26\n|\n|t:|1700268428\n|move|p1a: Sneasler|Dire Claw|p2a: Weezing\n|-damage|p2a: Weezing|0 fnt\n|faint|p2a: Weezing\n|-end|p2a: Weezing|ability: Neutralizing Gas\n|\n|-weather|RainDance|[upkeep]\n|-damage|p1a: Sneasler|43\/100 brn|[from] brn\n|upkeep\n|\n|t:|1700268430\n|switch|p2a: Floatzel|Floatzel, M|100\/100\n|turn|27\n|\n|t:|1700268434\n|move|p2a: Floatzel|Aqua Jet|p1a: Sneasler\n|-damage|p1a: Sneasler|0 fnt\n|faint|p1a: Sneasler\n|\n|-weather|RainDance|[upkeep]\n|upkeep\n|\n|t:|1700268442\n|switch|p1a: Kingambit|Kingambit, M|54\/100\n|-activate|p1a: Kingambit|ability: Supreme Overlord\n|-start|p1a: Kingambit|fallen3|[silent]\n|turn|28\n|\n|t:|1700268444\n|move|p2a: Floatzel|Aqua Jet|p1a: Kingambit\n|-damage|p1a: Kingambit|16\/100\n|move|p1a: Kingambit|Sucker Punch||[still]\n|-fail|p1a: Kingambit\n|\n|-weather|none\n|upkeep\n|turn|29\n|\n|t:|1700268461\n|move|p2a: Floatzel|Aqua Jet|p1a: Kingambit\n|-damage|p1a: Kingambit|0 fnt\n|faint|p1a: Kingambit\n|-end|p1a: Kingambit|fallen3|[silent]\n|\n|upkeep\n|\n|t:|1700268463\n|switch|p1a: Skeledirge|Skeledirge, F|100\/100\n|turn|30\n|\n|t:|1700268469\n|switch|p2a: Zapdos|Zapdos|67\/100\n|-ability|p2a: Zapdos|Pressure\n|move|p1a: Skeledirge|Will-O-Wisp|p2a: Zapdos\n|-status|p2a: Zapdos|brn\n|\n|-damage|p2a: Zapdos|61\/100 brn|[from] brn\n|upkeep\n|turn|31\n|\n|t:|1700268472\n|move|p2a: Zapdos|Thunder|p1a: Skeledirge\n|-damage|p1a: Skeledirge|39\/100\n|move|p1a: Skeledirge|Hex|p2a: Zapdos\n|-damage|p2a: Zapdos|14\/100 brn\n|\n|-damage|p2a: Zapdos|8\/100 brn|[from] brn\n|upkeep\n|turn|32\n|\n|t:|1700268478\n|move|p2a: Zapdos|Hurricane|p1a: Skeledirge\n|-damage|p1a: Skeledirge|0 fnt\n|faint|p1a: Skeledirge\n|\n|-damage|p2a: Zapdos|1\/100 brn|[from] brn\n|upkeep\n|\n|t:|1700268481\n|switch|p1a: Dragapult|Dragapult, M, tera:Ghost|2\/100 brn\n|turn|33\n|-message|julies100thaccount forfeited.\n|\n|win|JoeBidem\n|raw|julies100thaccount's rating: 1487 &rarr; <strong>1465<\/strong><br \/>(-22 for losing)\n|raw|JoeBidem's rating: 1451 &rarr; <strong>1473<\/strong><br \/>(+22 for winning)\n|l|\u2606julies100thaccount\n","uploadtime":1700268408,"views":15,"p1id":"julies100thaccount","p2id":"joebidem","formatid":"gen9ou","rating":1465,"private":0,"password":""}