{"id":"gen9ou-1988647215","p1":"Zadom123","p2":"Helix Ascent","format":"[Gen 9] OU","log":"|j|\u2606Zadom123\n|j|\u2606Helix Ascent\n|t:|1699745898\n|gametype|singles\n|player|p1|Zadom123|2|1017\n|player|p2|Helix Ascent|ethan|1000\n|teamsize|p1|6\n|teamsize|p2|6\n|gen|9\n|tier|[Gen 9] OU\n|rated|\n|rule|Sleep Clause Mod: Limit one foe put to sleep\n|rule|Species Clause: Limit one of each Pok\u00e9mon\n|rule|OHKO Clause: OHKO moves are banned\n|rule|Evasion Items Clause: Evasion items are banned\n|rule|Evasion Moves Clause: Evasion moves are banned\n|rule|Endless Battle Clause: Forcing endless battles is banned\n|rule|HP Percentage Mod: HP is shown in percentages\n|clearpoke\n|poke|p1|Hoopa-Unbound|\n|poke|p1|Glimmora, F|\n|poke|p1|Spidops, F|\n|poke|p1|Ogerpon-Wellspring, F|\n|poke|p1|Heatran, M|\n|poke|p1|Goodra-Hisui, F|\n|poke|p2|Politoed, M|\n|poke|p2|Greninja-*, M|\n|poke|p2|Goodra-Hisui, F|\n|poke|p2|Rotom-Wash|\n|poke|p2|Toxicroak, F|\n|poke|p2|Overqwil, M|\n|teampreview\n|\n|t:|1699745906\n|start\n|switch|p1a: Spidops|Spidops, F|100\/100\n|switch|p2a: Politoed|Politoed, M|100\/100\n|-weather|RainDance|[from] ability: Drizzle|[of] p2a: Politoed\n|turn|1\n|inactive|Battle timer is ON: inactive players will automatically lose when time's up. (requested by Zadom123)\n|\n|t:|1699745941\n|move|p2a: Politoed|Protect|p2a: Politoed\n|-singleturn|p2a: Politoed|Protect\n|move|p1a: Spidops|Sticky Web|p2a: Politoed\n|-sidestart|p2: Helix Ascent|move: Sticky Web\n|\n|-weather|RainDance|[upkeep]\n|upkeep\n|turn|2\n|\n|t:|1699745959\n|move|p2a: Politoed|Hydro Pump|p1a: Spidops\n|-damage|p1a: Spidops|36\/100\n|move|p1a: Spidops|Leech Life|p2a: Politoed\n|-damage|p2a: Politoed|75\/100\n|-heal|p1a: Spidops|55\/100|[from] drain|[of] p2a: Politoed\n|\n|-weather|RainDance|[upkeep]\n|-heal|p2a: Politoed|81\/100|[from] item: Leftovers\n|upkeep\n|turn|3\n|\n|t:|1699745972\n|switch|p2a: Rotom|Rotom-Wash|100\/100\n|move|p1a: Spidops|Knock Off|p2a: Rotom\n|-damage|p2a: Rotom|55\/100\n|-enditem|p2a: Rotom|Mirror Herb|[from] move: Knock Off|[of] p1a: Spidops\n|\n|-weather|RainDance|[upkeep]\n|upkeep\n|turn|4\n|\n|t:|1699745990\n|move|p2a: Rotom|Thunder Wave|p1a: Spidops\n|-status|p1a: Spidops|par\n|move|p1a: Spidops|U-turn|p2a: Rotom\n|-damage|p2a: Rotom|27\/100\n|\n|t:|1699745995\n|switch|p1a: Hoopa|Hoopa-Unbound|100\/100|[from] U-turn\n|\n|-weather|RainDance|[upkeep]\n|upkeep\n|turn|5\n|\n|t:|1699746004\n|switch|p2a: Goodra|Goodra-Hisui, F|100\/100\n|-activate|p2a: Goodra|move: Sticky Web\n|-unboost|p2a: Goodra|spe|1\n|move|p1a: Hoopa|Hyperspace Fury|p2a: Goodra\n|-damage|p2a: Goodra|44\/100\n|-unboost|p1a: Hoopa|def|1\n|\n|-weather|none\n|upkeep\n|turn|6\n|\n|t:|1699746016\n|switch|p2a: Politoed|Politoed, M|81\/100\n|-activate|p2a: Politoed|move: Sticky Web\n|-unboost|p2a: Politoed|spe|1\n|-weather|RainDance|[from] ability: Drizzle|[of] p2a: Politoed\n|move|p1a: Hoopa|Hyperspace Fury|p2a: Politoed\n|-damage|p2a: Politoed|9\/100\n|-unboost|p1a: Hoopa|def|1\n|\n|-weather|RainDance|[upkeep]\n|-heal|p2a: Politoed|15\/100|[from] item: Leftovers\n|upkeep\n|turn|7\n|\n|t:|1699746031\n|move|p2a: Politoed|Protect|p2a: Politoed\n|-singleturn|p2a: Politoed|Protect\n|move|p1a: Hoopa|Focus Blast|p2a: Politoed\n|-activate|p2a: Politoed|move: Protect\n|\n|-weather|RainDance|[upkeep]\n|-heal|p2a: Politoed|21\/100|[from] item: Leftovers\n|upkeep\n|turn|8\n|\n|t:|1699746040\n|switch|p2a: Goodra|Goodra-Hisui, F|44\/100\n|-activate|p2a: Goodra|move: Sticky Web\n|-unboost|p2a: Goodra|spe|1\n|move|p1a: Hoopa|Focus Blast|p2a: Goodra\n|-supereffective|p2a: Goodra\n|-damage|p2a: Goodra|9\/100\n|\n|-weather|RainDance|[upkeep]\n|upkeep\n|turn|9\n|\n|t:|1699746054\n|move|p1a: Hoopa|Hyperspace Fury|p2a: Goodra\n|-damage|p2a: Goodra|0 fnt\n|-unboost|p1a: Hoopa|def|1\n|faint|p2a: Goodra\n|\n|-weather|RainDance|[upkeep]\n|upkeep\n|\n|t:|1699746060\n|switch|p2a: Toxicroak|Toxicroak, F|100\/100\n|-activate|p2a: Toxicroak|move: Sticky Web\n|-unboost|p2a: Toxicroak|spe|1\n|turn|10\n|\n|t:|1699746084\n|switch|p1a: Goodra|Goodra-Hisui, F|100\/100\n|move|p2a: Toxicroak|Sucker Punch||[still]\n|-fail|p2a: Toxicroak\n|\n|-weather|none\n|upkeep\n|turn|11\n|\n|t:|1699746094\n|move|p2a: Toxicroak|Close Combat|p1a: Goodra\n|-supereffective|p1a: Goodra\n|-damage|p1a: Goodra|5\/100\n|-unboost|p2a: Toxicroak|def|1\n|-unboost|p2a: Toxicroak|spd|1\n|move|p1a: Goodra|Dragon Pulse|p2a: Toxicroak\n|-damage|p2a: Toxicroak|20\/100\n|\n|upkeep\n|turn|12\n|\n|t:|1699746111\n|switch|p1a: Glimmora|Glimmora, F|100\/100\n|move|p2a: Toxicroak|Sucker Punch||[still]\n|-fail|p2a: Toxicroak\n|\n|upkeep\n|turn|13\n|\n|t:|1699746125\n|switch|p2a: Politoed|Politoed, M|21\/100\n|-activate|p2a: Politoed|move: Sticky Web\n|-unboost|p2a: Politoed|spe|1\n|-weather|RainDance|[from] ability: Drizzle|[of] p2a: Politoed\n|move|p1a: Glimmora|Earth Power|p2a: Politoed\n|-damage|p2a: Politoed|5\/100\n|\n|-weather|RainDance|[upkeep]\n|-heal|p2a: Politoed|11\/100|[from] item: Leftovers\n|upkeep\n|turn|14\n|\n|t:|1699746139\n|switch|p1a: Hoopa|Hoopa-Unbound|100\/100\n|switch|p2a: Rotom|Rotom-Wash|27\/100\n|\n|-weather|RainDance|[upkeep]\n|upkeep\n|turn|15\n|\n|t:|1699746150\n|move|p2a: Rotom|Thunder Wave|p1a: Hoopa\n|-status|p1a: Hoopa|par\n|move|p1a: Hoopa|Focus Blast|p2a: Rotom\n|-damage|p2a: Rotom|0 fnt\n|faint|p2a: Rotom\n|\n|-weather|RainDance|[upkeep]\n|upkeep\n|\n|t:|1699746158\n|switch|p2a: Overqwil|Overqwil, M|100\/100\n|-activate|p2a: Overqwil|move: Sticky Web\n|-unboost|p2a: Overqwil|spe|1\n|turn|16\n|\n|t:|1699746180\n|switch|p1a: Ogerpon|Ogerpon-Wellspring, F|100\/100\n|move|p2a: Overqwil|Liquidation|p1a: Ogerpon\n|-immune|p1a: Ogerpon|[from] ability: Water Absorb\n|\n|-weather|RainDance|[upkeep]\n|upkeep\n|turn|17\n|\n|t:|1699746188\n|move|p2a: Overqwil|Toxic Spikes|p1a: Ogerpon\n|-sidestart|p1: Zadom123|move: Toxic Spikes\n|move|p1a: Ogerpon|Ivy Cudgel|p2a: Overqwil\n|-damage|p2a: Overqwil|0 fnt\n|faint|p2a: Overqwil\n|\n|-weather|none\n|upkeep\n|\n|t:|1699746197\n|switch|p2a: Greninja|Greninja, M|100\/100\n|-activate|p2a: Greninja|move: Sticky Web\n|-unboost|p2a: Greninja|spe|1\n|turn|18\n|\n|t:|1699746212\n|move|p1a: Ogerpon|Horn Leech|p2a: Greninja\n|-supereffective|p2a: Greninja\n|-damage|p2a: Greninja|0 fnt\n|faint|p2a: Greninja\n|\n|upkeep\n|\n|t:|1699746217\n|switch|p2a: Politoed|Politoed, M|11\/100\n|-activate|p2a: Politoed|move: Sticky Web\n|-unboost|p2a: Politoed|spe|1\n|-weather|RainDance|[from] ability: Drizzle|[of] p2a: Politoed\n|turn|19\n|-message|Helix Ascent forfeited.\n|\n|win|Zadom123\n|raw|Zadom123's rating: 1017 &rarr; <strong>1053<\/strong><br \/>(+36 for winning)\n|raw|Helix Ascent's rating: 1000 &rarr; <strong>1000<\/strong><br \/>(+0 for losing)\n|l|\u2606Helix Ascent\n","uploadtime":1699746233,"views":17,"p1id":"zadom123","p2id":"helixascent","formatid":"gen9ou","rating":1000,"private":0,"password":""}