{"id":"gen9ou-1993232844","p1":"IamSalty_W","p2":"bebouno","format":"[Gen 9] OU","log":"|j|\u2606IamSalty_W\n|j|\u2606bebouno\n|t:|1700281629\n|gametype|singles\n|player|p1|IamSalty_W|falkner|1107\n|player|p2|bebouno|169|1114\n|teamsize|p1|6\n|teamsize|p2|6\n|gen|9\n|tier|[Gen 9] OU\n|rated|\n|rule|Sleep Clause Mod: Limit one foe put to sleep\n|rule|Species Clause: Limit one of each Pok\u00e9mon\n|rule|OHKO Clause: OHKO moves are banned\n|rule|Evasion Items Clause: Evasion items are banned\n|rule|Evasion Moves Clause: Evasion moves are banned\n|rule|Endless Battle Clause: Forcing endless battles is banned\n|rule|HP Percentage Mod: HP is shown in percentages\n|clearpoke\n|poke|p1|Rillaboom, F|\n|poke|p1|Maushold-Four|\n|poke|p1|Hawlucha, F|\n|poke|p1|Scizor, M|\n|poke|p1|Dragonite, M|\n|poke|p1|Kingambit, M|\n|poke|p2|Slowking, M|\n|poke|p2|Avalugg, F|\n|poke|p2|Greninja-*, F|\n|poke|p2|Ribombee, M|\n|poke|p2|Scizor, M|\n|poke|p2|Great Tusk|\n|teampreview\n|inactive|Battle timer is ON: inactive players will automatically lose when time's up. (requested by IamSalty_W)\n|c|\u2606bebouno|glhf!\n|\n|t:|1700281639\n|start\n|switch|p1a: Maushold|Maushold-Four|100\/100\n|switch|p2a: Ribombee|Ribombee, M|100\/100\n|turn|1\n|\n|t:|1700281647\n|move|p2a: Ribombee|Stun Spore|p1a: Maushold\n|-status|p1a: Maushold|par\n|cant|p1a: Maushold|par\n|\n|upkeep\n|turn|2\n|\n|t:|1700281656\n|move|p2a: Ribombee|U-turn|p1a: Maushold\n|-damage|p1a: Maushold|80\/100 par\n|\n|t:|1700281658\n|switch|p2a: Slowking|Slowking, M|100\/100|[from] U-turn\n|move|p1a: Maushold|Tidy Up|p1a: Maushold\n|-boost|p1a: Maushold|atk|1\n|-boost|p1a: Maushold|spe|1\n|\n|upkeep\n|turn|3\n|\n|t:|1700281664\n|move|p1a: Maushold|Bite|p2a: Slowking\n|-supereffective|p2a: Slowking\n|-damage|p2a: Slowking|43\/100\n|cant|p2a: Slowking|flinch\n|\n|upkeep\n|turn|4\n|\n|t:|1700281671\n|-terastallize|p2a: Slowking|Steel\n|move|p1a: Maushold|Bite|p2a: Slowking\n|-damage|p2a: Slowking|15\/100\n|move|p2a: Slowking|Chilly Reception|p2a: Slowking\n|-weather|Snow\n|\n|t:|1700281674\n|switch|p2a: Avalugg|Avalugg, F|100\/100|[from] Chilly Reception\n|\n|-weather|Snow|[upkeep]\n|upkeep\n|turn|5\n|\n|t:|1700281679\n|move|p1a: Maushold|Population Bomb|p2a: Avalugg\n|-damage|p2a: Avalugg|96\/100\n|-damage|p2a: Avalugg|91\/100\n|-damage|p2a: Avalugg|87\/100\n|-damage|p2a: Avalugg|82\/100\n|-damage|p2a: Avalugg|78\/100\n|-damage|p2a: Avalugg|73\/100\n|-damage|p2a: Avalugg|69\/100\n|-damage|p2a: Avalugg|64\/100\n|-crit|p2a: Avalugg\n|-damage|p2a: Avalugg|57\/100\n|-damage|p2a: Avalugg|53\/100\n|-hitcount|p2a: Avalugg|10\n|move|p2a: Avalugg|Body Press|p1a: Maushold\n|-supereffective|p1a: Maushold\n|-damage|p1a: Maushold|0 fnt\n|faint|p1a: Maushold\n|\n|-weather|Snow|[upkeep]\n|-heal|p2a: Avalugg|59\/100|[from] ability: Ice Body\n|-heal|p2a: Avalugg|65\/100|[from] item: Leftovers\n|upkeep\n|\n|t:|1700281685\n|switch|p1a: Rillaboom|Rillaboom, F|100\/100\n|-fieldstart|move: Grassy Terrain|[from] ability: Grassy Surge|[of] p1a: Rillaboom\n|turn|6\n|\n|t:|1700281691\n|move|p1a: Rillaboom|Drain Punch|p2a: Avalugg\n|-supereffective|p2a: Avalugg\n|-damage|p2a: Avalugg|49\/100\n|move|p2a: Avalugg|Aurora Veil|p2a: Avalugg\n|-sidestart|p2: bebouno|move: Aurora Veil\n|\n|-weather|Snow|[upkeep]\n|-heal|p2a: Avalugg|56\/100|[from] ability: Ice Body\n|-heal|p2a: Avalugg|62\/100|[from] Grassy Terrain\n|-heal|p2a: Avalugg|68\/100|[from] item: Leftovers\n|upkeep\n|turn|7\n|\n|t:|1700281694\n|move|p1a: Rillaboom|Drain Punch|p2a: Avalugg\n|-supereffective|p2a: Avalugg\n|-damage|p2a: Avalugg|60\/100\n|move|p2a: Avalugg|Avalanche|p1a: Rillaboom\n|-supereffective|p1a: Rillaboom\n|-damage|p1a: Rillaboom|6\/100\n|\n|-weather|Snow|[upkeep]\n|-heal|p2a: Avalugg|66\/100|[from] ability: Ice Body\n|-heal|p1a: Rillaboom|12\/100|[from] Grassy Terrain\n|-heal|p2a: Avalugg|72\/100|[from] Grassy Terrain\n|-heal|p2a: Avalugg|78\/100|[from] item: Leftovers\n|upkeep\n|turn|8\n|\n|t:|1700281697\n|move|p1a: Rillaboom|Drain Punch|p2a: Avalugg\n|-supereffective|p2a: Avalugg\n|-damage|p2a: Avalugg|71\/100\n|-heal|p1a: Rillaboom|16\/100|[from] drain|[of] p2a: Avalugg\n|move|p2a: Avalugg|Avalanche|p1a: Rillaboom\n|-supereffective|p1a: Rillaboom\n|-damage|p1a: Rillaboom|0 fnt\n|faint|p1a: Rillaboom\n|\n|-weather|Snow|[upkeep]\n|-heal|p2a: Avalugg|77\/100|[from] ability: Ice Body\n|-heal|p2a: Avalugg|83\/100|[from] Grassy Terrain\n|-heal|p2a: Avalugg|89\/100|[from] item: Leftovers\n|upkeep\n|\n|t:|1700281702\n|switch|p1a: Hawlucha|Hawlucha, F|100\/100\n|-enditem|p1a: Hawlucha|Grassy Seed\n|-boost|p1a: Hawlucha|def|1|[from] item: Grassy Seed\n|turn|9\n|\n|t:|1700281705\n|move|p1a: Hawlucha|Substitute|p1a: Hawlucha\n|-start|p1a: Hawlucha|Substitute\n|-damage|p1a: Hawlucha|76\/100\n|move|p2a: Avalugg|Avalanche|p1a: Hawlucha\n|-supereffective|p1a: Hawlucha\n|-end|p1a: Hawlucha|Substitute\n|\n|-weather|Snow|[upkeep]\n|-heal|p2a: Avalugg|95\/100|[from] ability: Ice Body\n|-heal|p2a: Avalugg|100\/100|[from] Grassy Terrain\n|upkeep\n|turn|10\n|\n|t:|1700281710\n|move|p1a: Hawlucha|Close Combat|p2a: Avalugg\n|-supereffective|p2a: Avalugg\n|-damage|p2a: Avalugg|86\/100\n|-unboost|p1a: Hawlucha|def|1\n|-unboost|p1a: Hawlucha|spd|1\n|move|p2a: Avalugg|Avalanche|p1a: Hawlucha\n|-supereffective|p1a: Hawlucha\n|-crit|p1a: Hawlucha\n|-damage|p1a: Hawlucha|0 fnt\n|faint|p1a: Hawlucha\n|\n|-weather|Snow|[upkeep]\n|-heal|p2a: Avalugg|92\/100|[from] ability: Ice Body\n|-heal|p2a: Avalugg|98\/100|[from] Grassy Terrain\n|-heal|p2a: Avalugg|100\/100|[from] item: Leftovers\n|-sideend|p2: bebouno|move: Aurora Veil\n|upkeep\n|\n|t:|1700281714\n|switch|p1a: Dragonite|Dragonite, M|100\/100\n|turn|11\n|\n|t:|1700281718\n|move|p1a: Dragonite|Fire Punch|p2a: Avalugg\n|-supereffective|p2a: Avalugg\n|-damage|p2a: Avalugg|84\/100\n|move|p2a: Avalugg|Aurora Veil|p2a: Avalugg\n|-sidestart|p2: bebouno|move: Aurora Veil\n|\n|-weather|none\n|-heal|p2a: Avalugg|90\/100|[from] Grassy Terrain\n|-heal|p2a: Avalugg|96\/100|[from] item: Leftovers\n|upkeep\n|turn|12\n|\n|t:|1700281723\n|move|p1a: Dragonite|Dragon Dance|p1a: Dragonite\n|-boost|p1a: Dragonite|atk|1\n|-boost|p1a: Dragonite|spe|1\n|move|p2a: Avalugg|Avalanche|p1a: Dragonite\n|-supereffective|p1a: Dragonite\n|-damage|p1a: Dragonite|48\/100\n|-enditem|p1a: Dragonite|Weakness Policy\n|-boost|p1a: Dragonite|atk|2|[from] item: Weakness Policy\n|-boost|p1a: Dragonite|spa|2|[from] item: Weakness Policy\n|\n|-heal|p2a: Avalugg|100\/100|[from] Grassy Terrain\n|upkeep\n|turn|13\n|\n|t:|1700281726\n|move|p1a: Dragonite|Fire Punch|p2a: Avalugg\n|-supereffective|p2a: Avalugg\n|-damage|p2a: Avalugg|72\/100\n|move|p2a: Avalugg|Avalanche|p1a: Dragonite\n|-supereffective|p1a: Dragonite\n|-damage|p1a: Dragonite|0 fnt\n|faint|p1a: Dragonite\n|\n|-heal|p2a: Avalugg|78\/100|[from] Grassy Terrain\n|-heal|p2a: Avalugg|84\/100|[from] item: Leftovers\n|-fieldend|move: Grassy Terrain\n|upkeep\n|\n|t:|1700281730\n|switch|p1a: Kingambit|Kingambit, M|100\/100\n|-activate|p1a: Kingambit|ability: Supreme Overlord\n|-start|p1a: Kingambit|fallen4|[silent]\n|turn|14\n|\n|t:|1700281734\n|move|p1a: Kingambit|Swords Dance|p1a: Kingambit\n|-boost|p1a: Kingambit|atk|2\n|move|p2a: Avalugg|Body Press|p1a: Kingambit\n|-supereffective|p1a: Kingambit\n|-damage|p1a: Kingambit|0 fnt\n|faint|p1a: Kingambit\n|-end|p1a: Kingambit|fallen4|[silent]\n|\n|-heal|p2a: Avalugg|90\/100|[from] item: Leftovers\n|upkeep\n|\n|t:|1700281736\n|switch|p1a: Scizor|Scizor, M|100\/100\n|turn|15\n|\n|t:|1700281739\n|move|p1a: Scizor|Swords Dance|p1a: Scizor\n|-boost|p1a: Scizor|atk|2\n|move|p2a: Avalugg|Body Press|p1a: Scizor\n|-damage|p1a: Scizor|56\/100\n|\n|-heal|p2a: Avalugg|96\/100|[from] item: Leftovers\n|-sideend|p2: bebouno|move: Aurora Veil\n|upkeep\n|turn|16\n|\n|t:|1700281743\n|-terastallize|p1a: Scizor|Electric\n|move|p1a: Scizor|Close Combat|p2a: Avalugg\n|-supereffective|p2a: Avalugg\n|-damage|p2a: Avalugg|0 fnt\n|-unboost|p1a: Scizor|def|1\n|-unboost|p1a: Scizor|spd|1\n|faint|p2a: Avalugg\n|-damage|p1a: Scizor|46\/100|[from] item: Life Orb\n|\n|upkeep\n|\n|t:|1700281749\n|switch|p2a: Great Tusk|Great Tusk|100\/100\n|turn|17\n|\n|t:|1700281752\n|move|p1a: Scizor|Bullet Punch|p2a: Great Tusk\n|-damage|p2a: Great Tusk|30\/100\n|-damage|p1a: Scizor|36\/100|[from] item: Life Orb\n|move|p2a: Great Tusk|Headlong Rush|p1a: Scizor\n|-supereffective|p1a: Scizor\n|-damage|p1a: Scizor|0 fnt\n|-unboost|p2a: Great Tusk|def|1\n|-unboost|p2a: Great Tusk|spd|1\n|faint|p1a: Scizor\n|\n|win|bebouno\n|raw|IamSalty_W's rating: 1107 &rarr; <strong>1083<\/strong><br \/>(-24 for losing)\n|raw|bebouno's rating: 1114 &rarr; <strong>1138<\/strong><br \/>(+24 for winning)\n|c|\u2606bebouno|gg\n|l|\u2606IamSalty_W\n","uploadtime":1700281768,"views":26,"p1id":"iamsaltyw","p2id":"bebouno","formatid":"gen9ou","rating":1083,"private":0,"password":""}