{"id":"gen9ou-1997376806","p1":"RepeatUntilTired3","p2":"Abraham95825","format":"[Gen 9] OU","log":"|j|\u2606RepeatUntilTired3\n|j|\u2606Abraham95825\n|t:|1700796150\n|gametype|singles\n|player|p1|RepeatUntilTired3|marlon|1533\n|player|p2|Abraham95825|benga|1481\n|teamsize|p1|6\n|teamsize|p2|6\n|gen|9\n|tier|[Gen 9] OU\n|rated|\n|rule|Sleep Clause Mod: Limit one foe put to sleep\n|rule|Species Clause: Limit one of each Pok\u00e9mon\n|rule|OHKO Clause: OHKO moves are banned\n|rule|Evasion Items Clause: Evasion items are banned\n|rule|Evasion Moves Clause: Evasion moves are banned\n|rule|Endless Battle Clause: Forcing endless battles is banned\n|rule|HP Percentage Mod: HP is shown in percentages\n|clearpoke\n|poke|p1|Basculegion, M|\n|poke|p1|Kilowattrel, M|\n|poke|p1|Zapdos|\n|poke|p1|Pelipper, M|\n|poke|p1|Iron Treads|\n|poke|p1|Samurott-Hisui, M|\n|poke|p2|Maushold|\n|poke|p2|Rillaboom, F|\n|poke|p2|Great Tusk|\n|poke|p2|Heatran, M|\n|poke|p2|Enamorus, F|\n|poke|p2|Kingambit, M|\n|teampreview\n|inactive|Battle timer is ON: inactive players will automatically lose when time's up. (requested by Abraham95825)\n|\n|t:|1700796158\n|start\n|switch|p1a: BidDaddyPel|Pelipper, M|100\/100\n|switch|p2a: Enamorus|Enamorus, F|100\/100\n|-weather|RainDance|[from] ability: Drizzle|[of] p1a: BidDaddyPel\n|turn|1\n|\n|t:|1700796167\n|switch|p1a: Droideka|Iron Treads|100\/100\n|move|p2a: Enamorus|Moonblast|p1a: Droideka\n|-resisted|p1a: Droideka\n|-damage|p1a: Droideka|79\/100\n|\n|-weather|RainDance|[upkeep]\n|-heal|p1a: Droideka|85\/100|[from] item: Leftovers\n|upkeep\n|turn|2\n|\n|t:|1700796175\n|switch|p2a: Great Tusk|Great Tusk|100\/100\n|move|p1a: Droideka|Stealth Rock|p2a: Great Tusk\n|-sidestart|p2: Abraham95825|move: Stealth Rock\n|\n|-weather|RainDance|[upkeep]\n|-heal|p1a: Droideka|92\/100|[from] item: Leftovers\n|upkeep\n|turn|3\n|\n|t:|1700796182\n|-end|p1a: Droideka|Quark Drive|[silent]\n|switch|p1a: LittleBird|Kilowattrel, M|100\/100\n|move|p2a: Great Tusk|Rapid Spin|p1a: LittleBird\n|-damage|p1a: LittleBird|75\/100\n|-boost|p2a: Great Tusk|spe|1\n|-sideend|p2: Abraham95825|Stealth Rock|[from] move: Rapid Spin|[of] p2a: Great Tusk\n|\n|-weather|RainDance|[upkeep]\n|upkeep\n|turn|4\n|\n|t:|1700796198\n|-terastallize|p1a: LittleBird|Water\n|move|p2a: Great Tusk|Ice Spinner|p1a: LittleBird\n|-resisted|p1a: LittleBird\n|-damage|p1a: LittleBird|52\/100\n|move|p1a: LittleBird|Weather Ball|p2a: Great Tusk\n|-supereffective|p2a: Great Tusk\n|-damage|p2a: Great Tusk|0 fnt\n|faint|p2a: Great Tusk\n|-end|p2a: Great Tusk|Protosynthesis|[silent]\n|\n|-weather|RainDance|[upkeep]\n|upkeep\n|\n|t:|1700796203\n|switch|p2a: Rillaboom|Rillaboom, F|100\/100\n|-fieldstart|move: Grassy Terrain|[from] ability: Grassy Surge|[of] p2a: Rillaboom\n|turn|5\n|\n|t:|1700796210\n|switch|p1a: BigBird|Zapdos|100\/100\n|move|p2a: Rillaboom|U-turn|p1a: BigBird\n|-resisted|p1a: BigBird\n|-damage|p1a: BigBird|86\/100\n|\n|t:|1700796216\n|switch|p2a: Heatran|Heatran, M|100\/100|[from] U-turn\n|\n|-weather|RainDance|[upkeep]\n|upkeep\n|turn|6\n|\n|t:|1700796229\n|switch|p1a: KingSalmon|Basculegion, M|100\/100\n|move|p2a: Heatran|Magma Storm|p1a: KingSalmon\n|-resisted|p1a: KingSalmon\n|-damage|p1a: KingSalmon|89\/100\n|-activate|p1a: KingSalmon|move: Magma Storm|[of] p2a: Heatran\n|\n|-weather|RainDance|[upkeep]\n|-heal|p1a: KingSalmon|95\/100|[from] Grassy Terrain\n|-damage|p1a: KingSalmon|83\/100|[from] move: Magma Storm|[partiallytrapped]\n|upkeep\n|turn|7\n|\n|t:|1700796238\n|-terastallize|p2a: Heatran|Grass\n|move|p1a: KingSalmon|Flip Turn|p2a: Heatran\n|-resisted|p2a: Heatran\n|-damage|p2a: Heatran|71\/100\n|\n|t:|1700796253\n|switch|p1a: LittleBird|Kilowattrel, M, tera:Water|52\/100|[from] Flip Turn\n|move|p2a: Heatran|Earth Power|p1a: LittleBird\n|-damage|p1a: LittleBird|4\/100\n|\n|-weather|RainDance|[upkeep]\n|-heal|p1a: LittleBird|10\/100|[from] Grassy Terrain\n|-heal|p2a: Heatran|78\/100|[from] Grassy Terrain\n|-heal|p2a: Heatran|84\/100|[from] item: Leftovers\n|upkeep\n|turn|8\n|\n|t:|1700796263\n|move|p1a: LittleBird|Hurricane|p2a: Heatran\n|-supereffective|p2a: Heatran\n|-damage|p2a: Heatran|14\/100\n|move|p2a: Heatran|Earth Power|p1a: LittleBird\n|-damage|p1a: LittleBird|0 fnt\n|faint|p1a: LittleBird\n|\n|-weather|none\n|-heal|p2a: Heatran|20\/100|[from] Grassy Terrain\n|-heal|p2a: Heatran|26\/100|[from] item: Leftovers\n|upkeep\n|\n|t:|1700796274\n|switch|p1a: Dauntless|Samurott-Hisui, M|100\/100\n|turn|9\n|\n|t:|1700796279\n|switch|p2a: Enamorus|Enamorus, F|100\/100\n|move|p1a: Dauntless|Ceaseless Edge|p2a: Enamorus\n|-resisted|p2a: Enamorus\n|-damage|p2a: Enamorus|59\/100\n|-sidestart|p2: Abraham95825|Spikes\n|\n|-fieldend|move: Grassy Terrain\n|upkeep\n|turn|10\n|\n|t:|1700796288\n|switch|p1a: BidDaddyPel|Pelipper, M|100\/100\n|-weather|RainDance|[from] ability: Drizzle|[of] p1a: BidDaddyPel\n|move|p2a: Enamorus|Earth Power|p1a: BidDaddyPel\n|-immune|p1a: BidDaddyPel\n|\n|-weather|RainDance|[upkeep]\n|upkeep\n|turn|11\n|\n|t:|1700796297\n|switch|p2a: devindian|Kingambit, M|100\/100\n|-damage|p2a: devindian|88\/100|[from] Spikes\n|-activate|p2a: devindian|ability: Supreme Overlord\n|-start|p2a: devindian|fallen1|[silent]\n|move|p1a: BidDaddyPel|U-turn|p2a: devindian\n|-damage|p2a: devindian|81\/100\n|\n|t:|1700796304\n|switch|p1a: Dauntless|Samurott-Hisui, M|100\/100|[from] U-turn\n|\n|-weather|RainDance|[upkeep]\n|-heal|p2a: devindian|87\/100|[from] item: Leftovers\n|upkeep\n|turn|12\n|\n|t:|1700796309\n|-end|p2a: devindian|fallen1|[silent]\n|switch|p2a: Rillaboom|Rillaboom, F|100\/100\n|-damage|p2a: Rillaboom|88\/100|[from] Spikes\n|-fieldstart|move: Grassy Terrain|[from] ability: Grassy Surge|[of] p2a: Rillaboom\n|move|p1a: Dauntless|Aqua Cutter|p2a: Rillaboom\n|-resisted|p2a: Rillaboom\n|-damage|p2a: Rillaboom|45\/100\n|\n|-weather|RainDance|[upkeep]\n|-heal|p2a: Rillaboom|51\/100|[from] Grassy Terrain\n|upkeep\n|turn|13\n|\n|t:|1700796319\n|switch|p1a: BigBird|Zapdos|86\/100\n|move|p2a: Rillaboom|Grassy Glide|p1a: BigBird\n|-resisted|p1a: BigBird\n|-damage|p1a: BigBird|63\/100\n|\n|-weather|RainDance|[upkeep]\n|-heal|p2a: Rillaboom|57\/100|[from] Grassy Terrain\n|upkeep\n|turn|14\n|\n|t:|1700796327\n|move|p2a: Rillaboom|Grassy Glide|p1a: BigBird\n|-resisted|p1a: BigBird\n|-damage|p1a: BigBird|39\/100\n|move|p1a: BigBird|Roost|p1a: BigBird\n|-heal|p1a: BigBird|90\/100\n|-singleturn|p1a: BigBird|move: Roost\n|\n|-weather|RainDance|[upkeep]\n|-heal|p2a: Rillaboom|63\/100|[from] Grassy Terrain\n|-heal|p1a: BigBird|96\/100|[from] Grassy Terrain\n|upkeep\n|turn|15\n|\n|t:|1700796337\n|switch|p2a: devindian|Kingambit, M|87\/100\n|-damage|p2a: devindian|74\/100|[from] Spikes\n|-activate|p2a: devindian|ability: Supreme Overlord\n|-start|p2a: devindian|fallen1|[silent]\n|move|p1a: BigBird|Hurricane|p2a: devindian\n|-resisted|p2a: devindian\n|-damage|p2a: devindian|53\/100\n|\n|-weather|RainDance|[upkeep]\n|-heal|p2a: devindian|59\/100|[from] Grassy Terrain\n|-heal|p2a: devindian|65\/100|[from] item: Leftovers\n|upkeep\n|turn|16\n|\n|t:|1700796349\n|switch|p1a: Dauntless|Samurott-Hisui, M|100\/100\n|move|p2a: devindian|Kowtow Cleave|p1a: Dauntless\n|-resisted|p1a: Dauntless\n|-damage|p1a: Dauntless|67\/100\n|\n|-weather|RainDance|[upkeep]\n|-heal|p1a: Dauntless|73\/100|[from] Grassy Terrain\n|-heal|p2a: devindian|71\/100|[from] Grassy Terrain\n|-heal|p2a: devindian|78\/100|[from] item: Leftovers\n|-fieldend|move: Grassy Terrain\n|upkeep\n|turn|17\n|\n|t:|1700796360\n|move|p1a: Dauntless|Aqua Cutter|p2a: devindian\n|-damage|p2a: devindian|23\/100\n|move|p2a: devindian|Iron Head|p1a: Dauntless\n|-resisted|p1a: Dauntless\n|-damage|p1a: Dauntless|41\/100\n|\n|-weather|none\n|-heal|p2a: devindian|29\/100|[from] item: Leftovers\n|upkeep\n|turn|18\n|\n|t:|1700796377\n|move|p2a: devindian|Sucker Punch|p1a: Dauntless\n|-resisted|p1a: Dauntless\n|-damage|p1a: Dauntless|15\/100\n|move|p1a: Dauntless|Ceaseless Edge|p2a: devindian\n|-resisted|p2a: devindian\n|-damage|p2a: devindian|12\/100\n|-sidestart|p2: Abraham95825|Spikes\n|\n|-heal|p2a: devindian|18\/100|[from] item: Leftovers\n|upkeep\n|turn|19\n|\n|t:|1700796384\n|move|p1a: Dauntless|Aqua Jet|p2a: devindian\n|-damage|p2a: devindian|2\/100\n|move|p2a: devindian|Sucker Punch||[still]\n|-fail|p2a: devindian\n|\n|-heal|p2a: devindian|8\/100|[from] item: Leftovers\n|upkeep\n|turn|20\n|\n|t:|1700796394\n|move|p1a: Dauntless|Aqua Jet|p2a: devindian\n|-damage|p2a: devindian|0 fnt\n|faint|p2a: devindian\n|-end|p2a: devindian|fallen1|[silent]\n|\n|upkeep\n|\n|t:|1700796397\n|switch|p2a: Rillaboom|Rillaboom, F|63\/100\n|-damage|p2a: Rillaboom|47\/100|[from] Spikes\n|-fieldstart|move: Grassy Terrain|[from] ability: Grassy Surge|[of] p2a: Rillaboom\n|turn|21\n|\n|t:|1700796403\n|move|p2a: Rillaboom|Grassy Glide|p1a: Dauntless\n|-supereffective|p1a: Dauntless\n|-damage|p1a: Dauntless|0 fnt\n|faint|p1a: Dauntless\n|\n|-heal|p2a: Rillaboom|53\/100|[from] Grassy Terrain\n|upkeep\n|\n|t:|1700796410\n|switch|p1a: BigBird|Zapdos|96\/100\n|turn|22\n|\n|t:|1700796418\n|switch|p2a: Maushold|Maushold|100\/100\n|-damage|p2a: Maushold|84\/100|[from] Spikes\n|move|p1a: BigBird|Hurricane|p2a: Maushold\n|-crit|p2a: Maushold\n|-damage|p2a: Maushold|0 fnt\n|faint|p2a: Maushold\n|\n|upkeep\n|\n|t:|1700796424\n|switch|p2a: Enamorus|Enamorus, F|59\/100\n|turn|23\n|\n|t:|1700796428\n|switch|p1a: Droideka|Iron Treads|92\/100\n|move|p2a: Enamorus|Healing Wish|p2a: Enamorus\n|faint|p2a: Enamorus\n|\n|-heal|p1a: Droideka|98\/100|[from] Grassy Terrain\n|-heal|p1a: Droideka|100\/100|[from] item: Leftovers\n|upkeep\n|\n|t:|1700796435\n|switch|p2a: Heatran|Heatran, M, tera:Grass|26\/100\n|-heal|p2a: Heatran|100\/100|[from] move: Healing Wish\n|-damage|p2a: Heatran|84\/100|[from] Spikes\n|turn|24\n|\n|t:|1700796442\n|-end|p1a: Droideka|Quark Drive|[silent]\n|switch|p1a: BidDaddyPel|Pelipper, M|100\/100\n|-weather|RainDance|[from] ability: Drizzle|[of] p1a: BidDaddyPel\n|move|p2a: Heatran|Magma Storm|p1a: BidDaddyPel\n|-resisted|p1a: BidDaddyPel\n|-damage|p1a: BidDaddyPel|90\/100\n|-activate|p1a: BidDaddyPel|move: Magma Storm|[of] p2a: Heatran\n|\n|-weather|RainDance|[upkeep]\n|-heal|p2a: Heatran|90\/100|[from] Grassy Terrain\n|-heal|p2a: Heatran|96\/100|[from] item: Leftovers\n|-damage|p1a: BidDaddyPel|78\/100|[from] move: Magma Storm|[partiallytrapped]\n|upkeep\n|turn|25\n|\n|t:|1700796453\n|switch|p2a: Rillaboom|Rillaboom, F|53\/100\n|-damage|p2a: Rillaboom|37\/100|[from] Spikes\n|move|p1a: BidDaddyPel|Knock Off|p2a: Rillaboom\n|-damage|p2a: Rillaboom|23\/100\n|-enditem|p2a: Rillaboom|Choice Band|[from] move: Knock Off|[of] p1a: BidDaddyPel\n|\n|-weather|RainDance|[upkeep]\n|-heal|p2a: Rillaboom|30\/100|[from] Grassy Terrain\n|-end|p1a: BidDaddyPel|Magma Storm|[partiallytrapped]|[silent]\n|-fieldend|move: Grassy Terrain\n|upkeep\n|turn|26\n|\n|t:|1700796462\n|switch|p1a: BigBird|Zapdos|96\/100\n|move|p2a: Rillaboom|Wood Hammer|p1a: BigBird\n|-resisted|p1a: BigBird\n|-crit|p1a: BigBird\n|-damage|p1a: BigBird|58\/100\n|-damage|p2a: Rillaboom|15\/100|[from] Recoil\n|\n|-weather|RainDance|[upkeep]\n|upkeep\n|turn|27\n|\n|t:|1700796470\n|move|p2a: Rillaboom|U-turn|p1a: BigBird\n|-resisted|p1a: BigBird\n|-damage|p1a: BigBird|49\/100\n|\n|t:|1700796472\n|switch|p2a: Heatran|Heatran, M, tera:Grass|96\/100|[from] U-turn\n|-damage|p2a: Heatran|80\/100|[from] Spikes\n|move|p1a: BigBird|Roost|p1a: BigBird\n|-heal|p1a: BigBird|99\/100\n|-singleturn|p1a: BigBird|move: Roost\n|\n|-weather|RainDance|[upkeep]\n|-heal|p2a: Heatran|86\/100|[from] item: Leftovers\n|upkeep\n|turn|28\n|\n|t:|1700796482\n|move|p1a: BigBird|Hurricane|p2a: Heatran\n|-supereffective|p2a: Heatran\n|-damage|p2a: Heatran|23\/100\n|move|p2a: Heatran|Magma Storm|p1a: BigBird\n|-damage|p1a: BigBird|78\/100\n|-activate|p1a: BigBird|move: Magma Storm|[of] p2a: Heatran\n|\n|-weather|RainDance|[upkeep]\n|-heal|p2a: Heatran|30\/100|[from] item: Leftovers\n|-damage|p1a: BigBird|65\/100|[from] move: Magma Storm|[partiallytrapped]\n|upkeep\n|turn|29\n|-message|Abraham95825 forfeited.\n|\n|win|RepeatUntilTired3\n|raw|RepeatUntilTired3's rating: 1533 &rarr; <strong>1550<\/strong><br \/>(+17 for winning)\n|raw|Abraham95825's rating: 1481 &rarr; <strong>1464<\/strong><br \/>(-17 for losing)\n","uploadtime":1700796493,"views":23,"p1id":"repeatuntiltired3","p2id":"abraham95825","formatid":"gen9ou","rating":1464,"private":0,"password":""}