{"id":"gen9ou-1992927092","p1":"happysh","p2":"Ehmcee","format":"[Gen 9] OU","log":"|j|\u2606happysh\n|j|\u2606Ehmcee\n|inactive|Battle timer is ON: inactive players will automatically lose when time's up.\n|t:|1700247517\n|gametype|singles\n|player|p1|happysh|lucas|\n|player|p2|Ehmcee|allister|\n|teamsize|p1|6\n|teamsize|p2|6\n|gen|9\n|tier|[Gen 9] OU\n|rated|Tournament battle\n|rule|Sleep Clause Mod: Limit one foe put to sleep\n|rule|Species Clause: Limit one of each Pok\u00e9mon\n|rule|OHKO Clause: OHKO moves are banned\n|rule|Evasion Items Clause: Evasion items are banned\n|rule|Evasion Moves Clause: Evasion moves are banned\n|rule|Endless Battle Clause: Forcing endless battles is banned\n|rule|HP Percentage Mod: HP is shown in percentages\n|clearpoke\n|poke|p1|Slaking, F|\n|poke|p1|Great Tusk|\n|poke|p1|Cresselia, F|\n|poke|p1|Cinderace, M|\n|poke|p1|Iron Moth|\n|poke|p1|Walking Wake|\n|poke|p2|Zapdos|\n|poke|p2|Enamorus, F|\n|poke|p2|Ting-Lu|\n|poke|p2|Landorus-Therian, M|\n|poke|p2|Umbreon, M|\n|poke|p2|Sinistcha|\n|teampreview\n|j|*Lady Monita \u2746\n|inactive|happysh also wants the timer to be on.\n|inactive|Ehmcee also wants the timer to be on.\n|\n|t:|1700247539\n|start\n|switch|p1a: Iron Moth|Iron Moth|100\/100\n|switch|p2a: Zapdos|Zapdos|100\/100\n|turn|1\n|\n|t:|1700247543\n|move|p2a: Zapdos|Protect|p2a: Zapdos\n|-singleturn|p2a: Zapdos|Protect\n|move|p1a: Iron Moth|Toxic Spikes|p2a: Zapdos\n|-sidestart|p2: Ehmcee|move: Toxic Spikes\n|\n|-status|p2a: Zapdos|tox|[from] item: Toxic Orb\n|upkeep\n|turn|2\n|\n|t:|1700247549\n|switch|p1a: Cinderace|Cinderace, M|100\/100\n|move|p2a: Zapdos|Volt Switch|p1a: Cinderace\n|-damage|p1a: Cinderace|58\/100\n|\n|t:|1700247551\n|switch|p2a: Landorus|Landorus-Therian, M|100\/100|[from] Volt Switch\n|\n|-status|p2a: Landorus|tox|[from] item: Toxic Orb\n|upkeep\n|turn|3\n|\n|t:|1700247558\n|move|p1a: Cinderace|Court Change|p1a: Cinderace\n|-swapsideconditions\n|-activate|p1a: Cinderace|move: Court Change\n|move|p2a: Landorus|Substitute|p2a: Landorus\n|-start|p2a: Landorus|Substitute\n|-damage|p2a: Landorus|76\/100 tox\n|\n|-heal|p2a: Landorus|88\/100 tox|[from] ability: Poison Heal\n|upkeep\n|turn|4\n|\n|t:|1700247564\n|switch|p1a: Great Tusk|Great Tusk|100\/100\n|-status|p1a: Great Tusk|psn\n|move|p2a: Landorus|Swords Dance|p2a: Landorus\n|-boost|p2a: Landorus|atk|2\n|\n|-heal|p2a: Landorus|99\/100 tox|[from] ability: Poison Heal\n|upkeep\n|turn|5\n|\n|t:|1700247567\n|move|p2a: Landorus|Earthquake|p1a: Great Tusk\n|-damage|p1a: Great Tusk|24\/100 psn\n|move|p1a: Great Tusk|Bulk Up|p1a: Great Tusk\n|-boost|p1a: Great Tusk|atk|1\n|-boost|p1a: Great Tusk|def|1\n|\n|-heal|p1a: Great Tusk|31\/100 psn|[from] item: Leftovers\n|-heal|p2a: Landorus|100\/100 tox|[from] ability: Poison Heal\n|-heal|p1a: Great Tusk|43\/100 psn|[from] ability: Poison Heal\n|upkeep\n|turn|6\n|\n|t:|1700247571\n|move|p2a: Landorus|Earthquake|p1a: Great Tusk\n|-damage|p1a: Great Tusk|0 fnt\n|faint|p1a: Great Tusk\n|\n|upkeep\n|\n|t:|1700247578\n|switch|p1a: Walking Wake|Walking Wake|100\/100\n|-status|p1a: Walking Wake|psn\n|turn|7\n|\n|t:|1700247582\n|move|p1a: Walking Wake|Hydro Pump|p2a: Landorus\n|-supereffective|p2a: Landorus\n|-end|p2a: Landorus|Substitute\n|-damage|p1a: Walking Wake|91\/100 psn|[from] item: Life Orb\n|move|p2a: Landorus|Earthquake|p1a: Walking Wake\n|-damage|p1a: Walking Wake|0 fnt\n|faint|p1a: Walking Wake\n|\n|upkeep\n|\n|t:|1700247584\n|switch|p1a: Slaking|Slaking, F|100\/100\n|-status|p1a: Slaking|psn\n|turn|8\n|\n|t:|1700247599\n|switch|p2a: Sinistcha|Sinistcha|100\/100\n|move|p1a: Slaking|Facade|p2a: Sinistcha\n|-immune|p2a: Sinistcha\n|\n|-status|p2a: Sinistcha|tox|[from] item: Toxic Orb\n|upkeep\n|turn|9\n|\n|t:|1700247605\n|switch|p1a: Iron Moth|Iron Moth|100\/100\n|-sideend|p1: happysh|move: Toxic Spikes|[of] p1a: Iron Moth\n|move|p2a: Sinistcha|Iron Defense|p2a: Sinistcha\n|-boost|p2a: Sinistcha|def|2\n|\n|upkeep\n|turn|10\n|c|\u2606happysh|gg\n|c|\u2606Ehmcee|gg\n|-message|happysh forfeited.\n|\n|win|Ehmcee\n|n|\u2606happysh|happysh\n|n|\u2606Ehmcee|ehmcee\n|n|*Lady Monita \u2746|ladymonita\n","uploadtime":1700247612,"views":11,"p1id":"happysh","p2id":"ehmcee","formatid":"gen9ou","rating":0,"private":0,"password":""}