{"id":"gen9ou-1992362349","p1":"Herris456","p2":"ObitoDespair","format":"[Gen 9] OU","log":"|j|\u2606Herris456\n|j|\u2606ObitoDespair\n|t:|1700178852\n|gametype|singles\n|player|p1|Herris456|pokekid|\n|player|p2|ObitoDespair|blue|\n|teamsize|p1|6\n|teamsize|p2|6\n|gen|9\n|tier|[Gen 9] OU\n|rule|Sleep Clause Mod: Limit one foe put to sleep\n|rule|Species Clause: Limit one of each Pok\u00e9mon\n|rule|OHKO Clause: OHKO moves are banned\n|rule|Evasion Items Clause: Evasion items are banned\n|rule|Evasion Moves Clause: Evasion moves are banned\n|rule|Endless Battle Clause: Forcing endless battles is banned\n|rule|HP Percentage Mod: HP is shown in percentages\n|clearpoke\n|poke|p1|Ogerpon-Wellspring, F|\n|poke|p1|Iron Moth|\n|poke|p1|Corviknight, M|\n|poke|p1|Ting-Lu|\n|poke|p1|Dragapult, M|\n|poke|p1|Blissey, F|\n|poke|p2|Walking Wake|\n|poke|p2|Great Tusk|\n|poke|p2|Torkoal, M|\n|poke|p2|Skeledirge, M|\n|poke|p2|Sneasler, M|\n|poke|p2|Ting-Lu|\n|teampreview\n|\n|t:|1700178887\n|start\n|switch|p1a: Ting-Lu|Ting-Lu|100\/100\n|switch|p2a: Torkoal|Torkoal, M, shiny|100\/100\n|-ability|p1a: Ting-Lu|Vessel of Ruin\n|-weather|SunnyDay|[from] ability: Drought|[of] p2a: Torkoal\n|turn|1\n|\n|t:|1700178896\n|move|p1a: Ting-Lu|Earthquake|p2a: Torkoal\n|-supereffective|p2a: Torkoal\n|-damage|p2a: Torkoal|54\/100\n|move|p2a: Torkoal|Stealth Rock|p1a: Ting-Lu\n|-sidestart|p1: Herris456|move: Stealth Rock\n|\n|-weather|SunnyDay|[upkeep]\n|upkeep\n|turn|2\n|\n|t:|1700178905\n|switch|p2a: Ting-Lu|Ting-Lu|100\/100\n|-ability|p2a: Ting-Lu|Vessel of Ruin\n|move|p1a: Ting-Lu|Spikes|p2a: Ting-Lu\n|-sidestart|p2: ObitoDespair|Spikes\n|\n|-weather|SunnyDay|[upkeep]\n|upkeep\n|turn|3\n|\n|t:|1700178913\n|move|p2a: Ting-Lu|Spikes|p1a: Ting-Lu\n|-sidestart|p1: Herris456|Spikes\n|move|p1a: Ting-Lu|Spikes|p2a: Ting-Lu\n|-sidestart|p2: ObitoDespair|Spikes\n|\n|-weather|SunnyDay|[upkeep]\n|upkeep\n|turn|4\n|\n|t:|1700178920\n|move|p2a: Ting-Lu|Spikes|p1a: Ting-Lu\n|-sidestart|p1: Herris456|Spikes\n|move|p1a: Ting-Lu|Whirlwind|p2a: Ting-Lu\n|drag|p2a: Walking Wake|Walking Wake|100\/100\n|-damage|p2a: Walking Wake|84\/100|[from] Spikes\n|-activate|p2a: Walking Wake|ability: Protosynthesis\n|-start|p2a: Walking Wake|protosynthesisspe\n|\n|-weather|SunnyDay|[upkeep]\n|upkeep\n|turn|5\n|\n|t:|1700178935\n|switch|p1a: Ogerpon|Ogerpon-Wellspring, F|100\/100\n|-damage|p1a: Ogerpon|88\/100|[from] Stealth Rock\n|-damage|p1a: Ogerpon|72\/100|[from] Spikes\n|-terastallize|p2a: Walking Wake|Water\n|move|p2a: Walking Wake|Hydro Steam|p1a: Ogerpon\n|-heal|p1a: Ogerpon|97\/100|[from] ability: Water Absorb|[of] p2a: Walking Wake\n|\n|-weather|SunnyDay|[upkeep]\n|upkeep\n|turn|6\n|\n|t:|1700178952\n|-end|p2a: Walking Wake|Protosynthesis|[silent]\n|switch|p2a: Great Tusk|Great Tusk, shiny|100\/100\n|-damage|p2a: Great Tusk|84\/100|[from] Spikes\n|-activate|p2a: Great Tusk|ability: Protosynthesis\n|-start|p2a: Great Tusk|protosynthesisdef\n|move|p1a: Ogerpon|Knock Off|p2a: Great Tusk\n|-resisted|p2a: Great Tusk\n|-damage|p2a: Great Tusk|77\/100\n|-enditem|p2a: Great Tusk|Leftovers|[from] move: Knock Off|[of] p1a: Ogerpon\n|\n|-weather|SunnyDay|[upkeep]\n|upkeep\n|turn|7\n|\n|t:|1700178963\n|move|p1a: Ogerpon|Horn Leech|p2a: Great Tusk\n|-supereffective|p2a: Great Tusk\n|-damage|p2a: Great Tusk|46\/100\n|-heal|p1a: Ogerpon|100\/100|[from] drain|[of] p2a: Great Tusk\n|move|p2a: Great Tusk|Knock Off|p1a: Ogerpon\n|-damage|p1a: Ogerpon|74\/100\n|\n|-weather|SunnyDay|[upkeep]\n|upkeep\n|turn|8\n|\n|t:|1700178973\n|move|p1a: Ogerpon|Horn Leech|p2a: Great Tusk\n|-supereffective|p2a: Great Tusk\n|-damage|p2a: Great Tusk|15\/100\n|-heal|p1a: Ogerpon|96\/100|[from] drain|[of] p2a: Great Tusk\n|move|p2a: Great Tusk|Rapid Spin|p1a: Ogerpon\n|-damage|p1a: Ogerpon|78\/100\n|-boost|p2a: Great Tusk|spe|1\n|-sideend|p2: ObitoDespair|Spikes|[from] move: Rapid Spin|[of] p2a: Great Tusk\n|\n|-weather|none\n|-end|p2a: Great Tusk|Protosynthesis\n|upkeep\n|turn|9\n|\n|t:|1700178993\n|-end|p2a: Great Tusk|Protosynthesis|[silent]\n|switch|p2a: Torkoal|Torkoal, M, shiny|54\/100\n|-weather|SunnyDay|[from] ability: Drought|[of] p2a: Torkoal\n|move|p1a: Ogerpon|U-turn|p2a: Torkoal\n|-resisted|p2a: Torkoal\n|-damage|p2a: Torkoal|46\/100\n|\n|t:|1700179000\n|switch|p1a: Corviknight|Corviknight, M|100\/100|[from] U-turn\n|-damage|p1a: Corviknight|88\/100|[from] Stealth Rock\n|-ability|p1a: Corviknight|Pressure\n|\n|-weather|SunnyDay|[upkeep]\n|upkeep\n|turn|10\n|\n|t:|1700179008\n|move|p1a: Corviknight|Defog|p2a: Torkoal\n|-unboost|p2a: Torkoal|evasion|1\n|-sideend|p1: Herris456|Spikes|[from] move: Defog|[of] p1a: Corviknight\n|-sideend|p1: Herris456|Stealth Rock|[from] move: Defog|[of] p1a: Corviknight\n|move|p2a: Torkoal|Lava Plume|p1a: Corviknight\n|-supereffective|p1a: Corviknight\n|-damage|p1a: Corviknight|6\/100\n|\n|-weather|SunnyDay|[upkeep]\n|upkeep\n|turn|11\n|\n|t:|1700179019\n|move|p1a: Corviknight|U-turn|p2a: Torkoal\n|-resisted|p2a: Torkoal\n|-damage|p2a: Torkoal|42\/100\n|\n|t:|1700179030\n|switch|p1a: Blissey|Blissey, F|100\/100|[from] U-turn\n|move|p2a: Torkoal|Stealth Rock|p1a: Blissey\n|-sidestart|p1: Herris456|move: Stealth Rock\n|\n|-weather|SunnyDay|[upkeep]\n|upkeep\n|turn|12\n|\n|t:|1700179046\n|switch|p2a: Ting-Lu|Ting-Lu|100\/100\n|-ability|p2a: Ting-Lu|Vessel of Ruin\n|move|p1a: Blissey|Thunderbolt|p2a: Ting-Lu\n|-immune|p2a: Ting-Lu\n|\n|-weather|SunnyDay|[upkeep]\n|upkeep\n|turn|13\n|\n|t:|1700179056\n|move|p1a: Blissey|Ice Beam|p2a: Ting-Lu\n|-supereffective|p2a: Ting-Lu\n|-damage|p2a: Ting-Lu|68\/100\n|move|p2a: Ting-Lu|Spikes|p1a: Blissey\n|-sidestart|p1: Herris456|Spikes\n|\n|-weather|SunnyDay|[upkeep]\n|-heal|p2a: Ting-Lu|74\/100|[from] item: Leftovers\n|upkeep\n|turn|14\n|\n|t:|1700179069\n|move|p1a: Blissey|Ice Beam|p2a: Ting-Lu\n|-supereffective|p2a: Ting-Lu\n|-damage|p2a: Ting-Lu|43\/100\n|move|p2a: Ting-Lu|Whirlwind|p1a: Blissey\n|drag|p1a: Ogerpon|Ogerpon-Wellspring, F|78\/100\n|-damage|p1a: Ogerpon|65\/100|[from] Stealth Rock\n|-damage|p1a: Ogerpon|53\/100|[from] Spikes\n|\n|-weather|SunnyDay|[upkeep]\n|-heal|p2a: Ting-Lu|49\/100|[from] item: Leftovers\n|upkeep\n|turn|15\n|\n|t:|1700179081\n|switch|p2a: Walking Wake|Walking Wake, tera:Water|84\/100\n|-activate|p2a: Walking Wake|ability: Protosynthesis\n|-start|p2a: Walking Wake|protosynthesisspe\n|move|p1a: Ogerpon|Horn Leech|p2a: Walking Wake\n|-supereffective|p2a: Walking Wake\n|-damage|p2a: Walking Wake|0 fnt\n|-heal|p1a: Ogerpon|100\/100|[from] drain|[of] p2a: Walking Wake\n|faint|p2a: Walking Wake\n|-end|p2a: Walking Wake|Protosynthesis|[silent]\n|\n|-weather|SunnyDay|[upkeep]\n|upkeep\n|\n|t:|1700179097\n|switch|p2a: Sneasler|Sneasler, M, shiny|100\/100\n|-item|p2a: Sneasler|Air Balloon\n|turn|16\n|\n|t:|1700179118\n|switch|p1a: Ting-Lu|Ting-Lu|100\/100\n|-damage|p1a: Ting-Lu|94\/100|[from] Stealth Rock\n|-damage|p1a: Ting-Lu|82\/100|[from] Spikes\n|-ability|p1a: Ting-Lu|Vessel of Ruin\n|move|p2a: Sneasler|Swords Dance|p2a: Sneasler\n|-boost|p2a: Sneasler|atk|2\n|\n|-weather|none\n|-heal|p1a: Ting-Lu|88\/100|[from] item: Leftovers\n|upkeep\n|turn|17\n|\n|t:|1700179133\n|-terastallize|p1a: Ting-Lu|Poison\n|move|p2a: Sneasler|Close Combat|p1a: Ting-Lu\n|-resisted|p1a: Ting-Lu\n|-damage|p1a: Ting-Lu|56\/100\n|-unboost|p2a: Sneasler|def|1\n|-unboost|p2a: Sneasler|spd|1\n|move|p1a: Ting-Lu|Whirlwind|p2a: Sneasler\n|drag|p2a: Skeledirge|Skeledirge, M, shiny|100\/100\n|\n|-heal|p1a: Ting-Lu|62\/100|[from] item: Leftovers\n|upkeep\n|turn|18\n|\n|t:|1700179149\n|move|p2a: Skeledirge|Torch Song|p1a: Ting-Lu\n|-damage|p1a: Ting-Lu|49\/100\n|-boost|p2a: Skeledirge|spa|1\n|move|p1a: Ting-Lu|Ruination|p2a: Skeledirge|[miss]\n|-miss|p1a: Ting-Lu|p2a: Skeledirge\n|\n|-heal|p1a: Ting-Lu|55\/100|[from] item: Leftovers\n|upkeep\n|turn|19\n|\n|t:|1700179160\n|move|p2a: Skeledirge|Torch Song|p1a: Ting-Lu\n|-damage|p1a: Ting-Lu|36\/100\n|-boost|p2a: Skeledirge|spa|1\n|move|p1a: Ting-Lu|Spikes|p2a: Skeledirge\n|-sidestart|p2: ObitoDespair|Spikes\n|\n|-heal|p1a: Ting-Lu|42\/100|[from] item: Leftovers\n|upkeep\n|turn|20\n|\n|t:|1700179169\n|move|p2a: Skeledirge|Torch Song|p1a: Ting-Lu\n|-damage|p1a: Ting-Lu|12\/100\n|-boost|p2a: Skeledirge|spa|1\n|move|p1a: Ting-Lu|Whirlwind|p2a: Skeledirge\n|drag|p2a: Great Tusk|Great Tusk, shiny|15\/100\n|-damage|p2a: Great Tusk|2\/100|[from] Spikes\n|\n|-heal|p1a: Ting-Lu|19\/100|[from] item: Leftovers\n|upkeep\n|turn|21\n|\n|t:|1700179188\n|switch|p1a: Dragapult|Dragapult, M|100\/100\n|-damage|p1a: Dragapult|88\/100|[from] Stealth Rock\n|-damage|p1a: Dragapult|76\/100|[from] Spikes\n|move|p2a: Great Tusk|Earthquake|p1a: Dragapult\n|-damage|p1a: Dragapult|17\/100\n|\n|upkeep\n|turn|22\n|\n|t:|1700179206\n|move|p1a: Dragapult|Dragon Darts|p2a: Great Tusk\n|-damage|p2a: Great Tusk|0 fnt\n|faint|p2a: Great Tusk\n|-end|p2a: Great Tusk|Protosynthesis|[silent]\n|\n|upkeep\n|\n|t:|1700179215\n|switch|p2a: Ting-Lu|Ting-Lu|49\/100\n|-damage|p2a: Ting-Lu|36\/100|[from] Spikes\n|-ability|p2a: Ting-Lu|Vessel of Ruin\n|turn|23\n|\n|t:|1700179229\n|move|p1a: Dragapult|Dragon Darts|p2a: Ting-Lu\n|-damage|p2a: Ting-Lu|25\/100\n|-anim|p1a: Dragapult|Dragon Darts|p2a: Ting-Lu\n|-damage|p2a: Ting-Lu|13\/100\n|move|p2a: Ting-Lu|Whirlwind|p1a: Dragapult\n|drag|p1a: Ogerpon|Ogerpon-Wellspring, F|100\/100\n|-damage|p1a: Ogerpon|88\/100|[from] Stealth Rock\n|-damage|p1a: Ogerpon|76\/100|[from] Spikes\n|\n|-heal|p2a: Ting-Lu|19\/100|[from] item: Leftovers\n|upkeep\n|turn|24\n|\n|t:|1700179246\n|move|p1a: Ogerpon|Ivy Cudgel|p2a: Ting-Lu|[anim] Ivy Cudgel Water\n|-supereffective|p2a: Ting-Lu\n|-damage|p2a: Ting-Lu|0 fnt\n|faint|p2a: Ting-Lu\n|\n|upkeep\n|\n|t:|1700179261\n|switch|p2a: Sneasler|Sneasler, M, shiny|100\/100\n|-item|p2a: Sneasler|Air Balloon\n|turn|25\n|\n|t:|1700179268\n|move|p1a: Ogerpon|U-turn|p2a: Sneasler\n|-resisted|p2a: Sneasler\n|-damage|p2a: Sneasler|91\/100\n|-enditem|p2a: Sneasler|Air Balloon\n|\n|t:|1700179281\n|switch|p1a: Corviknight|Corviknight, M|6\/100|[from] U-turn\n|-damage|p1a: Corviknight|0 fnt|[from] Stealth Rock\n|faint|p1a: Corviknight\n|move|p2a: Sneasler|Swords Dance|p2a: Sneasler\n|-boost|p2a: Sneasler|atk|2\n|\n|upkeep\n|\n|t:|1700179293\n|switch|p1a: Ting-Lu|Ting-Lu, tera:Poison|19\/100\n|-damage|p1a: Ting-Lu|6\/100|[from] Stealth Rock\n|-damage|p1a: Ting-Lu|0 fnt|[from] Spikes\n|faint|p1a: Ting-Lu\n|\n|t:|1700179295\n|switch|p1a: Dragapult|Dragapult, M|17\/100\n|-damage|p1a: Dragapult|5\/100|[from] Stealth Rock\n|-damage|p1a: Dragapult|0 fnt|[from] Spikes\n|faint|p1a: Dragapult\n|\n|t:|1700179302\n|switch|p1a: Iron Moth|Iron Moth|100\/100\n|-damage|p1a: Iron Moth|76\/100|[from] Stealth Rock\n|-damage|p1a: Iron Moth|63\/100|[from] Spikes\n|-enditem|p1a: Iron Moth|Booster Energy\n|-activate|p1a: Iron Moth|ability: Quark Drive|[fromitem]\n|-start|p1a: Iron Moth|quarkdrivespe\n|turn|26\n|\n|t:|1700179314\n|move|p2a: Sneasler|Acrobatics|p1a: Iron Moth\n|-damage|p1a: Iron Moth|0 fnt\n|faint|p1a: Iron Moth\n|-end|p1a: Iron Moth|Quark Drive|[silent]\n|\n|upkeep\n|l|\u2606Herris456\n|player|p1|\n|j|\u2606Herris456\n|player|p1|Herris456|pokekid\n|c|\u2606Herris456|That\u2019s game\n|-message|Herris456 forfeited.\n|\n|win|ObitoDespair\n|c|\u2606ObitoDespair|Gg\n|l|\u2606Herris456\n","uploadtime":1700179390,"views":24,"p1id":"herris456","p2id":"obitodespair","formatid":"gen9ou","rating":0,"private":0,"password":""}