{"id":"gen9ou-2000636516","p1":"DivineGabriel","p2":"Dipiti","format":"[Gen 9] OU","log":"|j|\u2606DivineGabriel\n|j|\u2606Dipiti\n|t:|1701213032\n|gametype|singles\n|player|p1|DivineGabriel|rye|1753\n|player|p2|Dipiti|waitress-gen4|1718\n|teamsize|p1|6\n|teamsize|p2|6\n|gen|9\n|tier|[Gen 9] OU\n|rated|\n|rule|Sleep Clause Mod: Limit one foe put to sleep\n|rule|Species Clause: Limit one of each Pok\u00e9mon\n|rule|OHKO Clause: OHKO moves are banned\n|rule|Evasion Items Clause: Evasion items are banned\n|rule|Evasion Moves Clause: Evasion moves are banned\n|rule|Endless Battle Clause: Forcing endless battles is banned\n|rule|HP Percentage Mod: HP is shown in percentages\n|clearpoke\n|poke|p1|Typhlosion-Hisui, M|\n|poke|p1|Great Tusk|\n|poke|p1|Torkoal, M|\n|poke|p1|Walking Wake|\n|poke|p1|Hatterene, F|\n|poke|p1|Meowscarada, M|\n|poke|p2|Hawlucha, M|\n|poke|p2|Rillaboom, M|\n|poke|p2|Great Tusk|\n|poke|p2|Muk-Alola, M|\n|poke|p2|Heatran, F|\n|poke|p2|Dragapult, M|\n|teampreview\n|j| Bumbaclaat\n|\n|t:|1701213046\n|start\n|switch|p1a: Meowscarada|Meowscarada, M|100\/100\n|switch|p2a: Dragapult|Dragapult, M|100\/100\n|turn|1\n|\n|t:|1701213049\n|move|p1a: Meowscarada|Knock Off|p2a: Dragapult\n|-start|p1a: Meowscarada|typechange|Dark|[from] ability: Protean\n|-supereffective|p2a: Dragapult\n|-damage|p2a: Dragapult|0 fnt\n|-enditem|p2a: Dragapult|Choice Specs|[from] move: Knock Off|[of] p1a: Meowscarada\n|faint|p2a: Dragapult\n|\n|upkeep\n|\n|t:|1701213053\n|switch|p2a: Rillaboom|Rillaboom, M, shiny|100\/100\n|-fieldstart|move: Grassy Terrain|[from] ability: Grassy Surge|[of] p2a: Rillaboom\n|turn|2\n|j| UUber Test\n|\n|t:|1701213060\n|switch|p1a: Torkoal|Torkoal, M|100\/100\n|-weather|SunnyDay|[from] ability: Drought|[of] p1a: Torkoal\n|move|p2a: Rillaboom|Knock Off|p1a: Torkoal\n|-damage|p1a: Torkoal|68\/100\n|-enditem|p1a: Torkoal|Heat Rock|[from] move: Knock Off|[of] p2a: Rillaboom\n|\n|-weather|SunnyDay|[upkeep]\n|-heal|p1a: Torkoal|75\/100|[from] Grassy Terrain\n|upkeep\n|turn|3\n|\n|t:|1701213064\n|switch|p2a: Heatran|Heatran, F, shiny|100\/100\n|move|p1a: Torkoal|Stealth Rock|p2a: Heatran\n|-sidestart|p2: Dipiti|move: Stealth Rock\n|\n|-weather|SunnyDay|[upkeep]\n|-heal|p1a: Torkoal|81\/100|[from] Grassy Terrain\n|upkeep\n|turn|4\n|\n|t:|1701213067\n|switch|p1a: Hatterene|Hatterene, F|100\/100\n|move|p2a: Heatran|Magma Storm|p1a: Hatterene|[miss]\n|-miss|p2a: Heatran|p1a: Hatterene\n|\n|-weather|SunnyDay|[upkeep]\n|upkeep\n|turn|5\n|\n|t:|1701213070\n|move|p2a: Heatran|Magma Storm|p1a: Hatterene\n|-damage|p1a: Hatterene|43\/100\n|-activate|p1a: Hatterene|move: Magma Storm|[of] p2a: Heatran\n|-enditem|p1a: Hatterene|Eject Button\n|\n|t:|1701213072\n|switch|p1a: Great Tusk|Great Tusk|100\/100\n|-activate|p1a: Great Tusk|ability: Protosynthesis\n|-start|p1a: Great Tusk|protosynthesisatk\n|\n|-weather|SunnyDay|[upkeep]\n|upkeep\n|turn|6\n|\n|t:|1701213082\n|-terastallize|p2a: Heatran|Grass\n|move|p1a: Great Tusk|Close Combat|p2a: Heatran\n|-damage|p2a: Heatran|0 fnt\n|-unboost|p1a: Great Tusk|def|1\n|-unboost|p1a: Great Tusk|spd|1\n|faint|p2a: Heatran\n|\n|-weather|SunnyDay|[upkeep]\n|-fieldend|move: Grassy Terrain\n|upkeep\n|\n|t:|1701213089\n|switch|p2a: Rillaboom|Rillaboom, M, shiny|100\/100\n|-damage|p2a: Rillaboom|88\/100|[from] Stealth Rock\n|-fieldstart|move: Grassy Terrain|[from] ability: Grassy Surge|[of] p2a: Rillaboom\n|turn|7\n|\n|t:|1701213092\n|-end|p1a: Great Tusk|Protosynthesis|[silent]\n|switch|p1a: Hatterene|Hatterene, F|43\/100\n|move|p2a: Rillaboom|U-turn|p1a: Hatterene\n|-damage|p1a: Hatterene|10\/100\n|\n|t:|1701213096\n|switch|p2a: Great Tusk|Great Tusk, shiny|100\/100|[from] U-turn\n|-damage|p2a: Great Tusk|97\/100|[from] Stealth Rock\n|-activate|p2a: Great Tusk|ability: Protosynthesis\n|-start|p2a: Great Tusk|protosynthesisdef\n|\n|-weather|SunnyDay|[upkeep]\n|-heal|p2a: Great Tusk|100\/100|[from] Grassy Terrain\n|-heal|p1a: Hatterene|16\/100|[from] Grassy Terrain\n|upkeep\n|turn|8\n|\n|t:|1701213101\n|switch|p1a: Typhlosion|Typhlosion-Hisui, M|100\/100\n|move|p2a: Great Tusk|Rapid Spin|p1a: Typhlosion\n|-immune|p1a: Typhlosion\n|\n|-weather|SunnyDay|[upkeep]\n|upkeep\n|turn|9\n|\n|t:|1701213106\n|move|p1a: Typhlosion|Eruption|p2a: Great Tusk\n|-damage|p2a: Great Tusk|0 fnt\n|faint|p2a: Great Tusk\n|-end|p2a: Great Tusk|Protosynthesis|[silent]\n|\n|-weather|none\n|upkeep\n|\n|t:|1701213109\n|switch|p2a: Muk|Muk-Alola, M, shiny|100\/100\n|-damage|p2a: Muk|88\/100|[from] Stealth Rock\n|turn|10\n|\n|t:|1701213118\n|move|p1a: Typhlosion|Eruption|p2a: Muk\n|-damage|p2a: Muk|26\/100\n|move|p2a: Muk|Knock Off|p1a: Typhlosion\n|-supereffective|p1a: Typhlosion\n|-damage|p1a: Typhlosion|0 fnt\n|-enditem|p1a: Typhlosion|Choice Specs|[from] move: Knock Off|[of] p2a: Muk\n|faint|p1a: Typhlosion\n|\n|-heal|p2a: Muk|32\/100|[from] Grassy Terrain\n|-heal|p2a: Muk|38\/100|[from] item: Leftovers\n|upkeep\n|\n|t:|1701213121\n|switch|p1a: Great Tusk|Great Tusk|100\/100\n|turn|11\n|\n|t:|1701213127\n|move|p1a: Great Tusk|Headlong Rush|p2a: Muk\n|-supereffective|p2a: Muk\n|-damage|p2a: Muk|0 fnt\n|-unboost|p1a: Great Tusk|def|1\n|-unboost|p1a: Great Tusk|spd|1\n|faint|p2a: Muk\n|\n|-fieldend|move: Grassy Terrain\n|upkeep\n|\n|t:|1701213129\n|switch|p2a: Rillaboom|Rillaboom, M, shiny|88\/100\n|-damage|p2a: Rillaboom|76\/100|[from] Stealth Rock\n|-fieldstart|move: Grassy Terrain|[from] ability: Grassy Surge|[of] p2a: Rillaboom\n|turn|12\n|\n|t:|1701213136\n|-end|p1a: Great Tusk|Protosynthesis|[silent]\n|switch|p1a: Hatterene|Hatterene, F|16\/100\n|move|p2a: Rillaboom|U-turn|p1a: Hatterene\n|-damage|p1a: Hatterene|0 fnt\n|faint|p1a: Hatterene\n|\n|t:|1701213138\n|switch|p2a: Hawlucha|Hawlucha, M, shiny|100\/100|[from] U-turn\n|-damage|p2a: Hawlucha|88\/100|[from] Stealth Rock\n|-enditem|p2a: Hawlucha|Grassy Seed\n|-boost|p2a: Hawlucha|def|1|[from] item: Grassy Seed\n|\n|upkeep\n|\n|t:|1701213143\n|switch|p1a: Torkoal|Torkoal, M|81\/100\n|-weather|SunnyDay|[from] ability: Drought|[of] p1a: Torkoal\n|turn|13\n|\n|t:|1701213146\n|move|p2a: Hawlucha|Swords Dance|p2a: Hawlucha\n|-boost|p2a: Hawlucha|atk|2\n|move|p1a: Torkoal|Lava Plume|p2a: Hawlucha\n|-damage|p2a: Hawlucha|36\/100\n|-status|p2a: Hawlucha|brn\n|\n|-weather|SunnyDay|[upkeep]\n|-heal|p1a: Torkoal|87\/100|[from] Grassy Terrain\n|-damage|p2a: Hawlucha|30\/100 brn|[from] brn\n|upkeep\n|turn|14\n|\n|t:|1701213152\n|switch|p1a: Meowscarada|Meowscarada, M|100\/100\n|move|p2a: Hawlucha|Acrobatics|p1a: Meowscarada\n|-supereffective|p1a: Meowscarada\n|-damage|p1a: Meowscarada|0 fnt\n|faint|p1a: Meowscarada\n|\n|-weather|SunnyDay|[upkeep]\n|-damage|p2a: Hawlucha|24\/100 brn|[from] brn\n|upkeep\n|\n|t:|1701213163\n|switch|p1a: Great Tusk|Great Tusk|100\/100\n|-activate|p1a: Great Tusk|ability: Protosynthesis\n|-start|p1a: Great Tusk|protosynthesisatk\n|turn|15\n|\n|t:|1701213166\n|move|p2a: Hawlucha|Acrobatics|p1a: Great Tusk\n|-supereffective|p1a: Great Tusk\n|-damage|p1a: Great Tusk|29\/100\n|move|p1a: Great Tusk|Ice Spinner|p2a: Hawlucha\n|-supereffective|p2a: Hawlucha\n|-damage|p2a: Hawlucha|0 fnt\n|-fieldend|move: Grassy Terrain\n|faint|p2a: Hawlucha\n|\n|-weather|SunnyDay|[upkeep]\n|upkeep\n|\n|t:|1701213169\n|switch|p2a: Rillaboom|Rillaboom, M, shiny|76\/100\n|-damage|p2a: Rillaboom|64\/100|[from] Stealth Rock\n|-fieldstart|move: Grassy Terrain|[from] ability: Grassy Surge|[of] p2a: Rillaboom\n|turn|16\n|\n|t:|1701213173\n|move|p2a: Rillaboom|Grassy Glide|p1a: Great Tusk\n|-supereffective|p1a: Great Tusk\n|-damage|p1a: Great Tusk|0 fnt\n|faint|p1a: Great Tusk\n|-end|p1a: Great Tusk|Protosynthesis|[silent]\n|\n|-weather|SunnyDay|[upkeep]\n|-heal|p2a: Rillaboom|70\/100|[from] Grassy Terrain\n|upkeep\n|\n|t:|1701213174\n|switch|p1a: Walking Wake|Walking Wake|100\/100\n|-activate|p1a: Walking Wake|ability: Protosynthesis\n|-start|p1a: Walking Wake|protosynthesisspe\n|turn|17\n|\n|t:|1701213177\n|move|p2a: Rillaboom|Grassy Glide|p1a: Walking Wake\n|-damage|p1a: Walking Wake|34\/100\n|move|p1a: Walking Wake|Flamethrower|p2a: Rillaboom\n|-supereffective|p2a: Rillaboom\n|-damage|p2a: Rillaboom|0 fnt\n|faint|p2a: Rillaboom\n|\n|win|DivineGabriel\n|raw|DivineGabriel's rating: 1753 &rarr; <strong>1771<\/strong><br \/>(+18 for winning)\n|raw|Dipiti's rating: 1718 &rarr; <strong>1700<\/strong><br \/>(-18 for losing)\n|l|\u2606DivineGabriel\n|l|\u2606Dipiti\n|l| UUber Test\n","uploadtime":1701215123,"views":1,"p1id":"divinegabriel","p2id":"dipiti","formatid":"gen9ou","rating":1700,"private":0,"password":""}