{"id":"gen9ou-1993700712","p1":"Zvpraa","p2":"Poison Ivy Thorns","format":"[Gen 9] OU","log":"|j|\u2606Zvpraa\n|j|\u2606Poison Ivy Thorns\n|t:|1700347083\n|gametype|singles\n|player|p1|Zvpraa|volkner|1296\n|player|p2|Poison Ivy Thorns|jacq|1300\n|teamsize|p1|6\n|teamsize|p2|6\n|gen|9\n|tier|[Gen 9] OU\n|rated|\n|rule|Sleep Clause Mod: Limit one foe put to sleep\n|rule|Species Clause: Limit one of each Pok\u00e9mon\n|rule|OHKO Clause: OHKO moves are banned\n|rule|Evasion Items Clause: Evasion items are banned\n|rule|Evasion Moves Clause: Evasion moves are banned\n|rule|Endless Battle Clause: Forcing endless battles is banned\n|rule|HP Percentage Mod: HP is shown in percentages\n|clearpoke\n|poke|p1|Cinderace, M|\n|poke|p1|Gholdengo|\n|poke|p1|Weavile, M|\n|poke|p1|Rillaboom, M|\n|poke|p1|Heatran, M|\n|poke|p1|Dondozo, F|\n|poke|p2|Okidogi, M|\n|poke|p2|Rotom-Wash|\n|poke|p2|Kingambit, F|\n|poke|p2|Landorus-Therian, M|\n|poke|p2|Iron Moth|\n|poke|p2|Kommo-o, M|\n|teampreview\n|\n|t:|1700347112\n|start\n|switch|p1a: Weavile|Weavile, M|100\/100\n|switch|p2a: Okidogi|Okidogi, M|100\/100\n|turn|1\n|\n|t:|1700347119\n|move|p1a: Weavile|Fake Out|p2a: Okidogi\n|-damage|p2a: Okidogi|88\/100\n|cant|p2a: Okidogi|flinch\n|\n|upkeep\n|turn|2\n|\n|t:|1700347128\n|switch|p1a: Gholdengo|Gholdengo|100\/100\n|move|p2a: Okidogi|Knock Off|p1a: Gholdengo\n|-supereffective|p1a: Gholdengo\n|-damage|p1a: Gholdengo|36\/100\n|-enditem|p1a: Gholdengo|Choice Scarf|[from] move: Knock Off|[of] p2a: Okidogi\n|\n|upkeep\n|turn|3\n|\n|t:|1700347135\n|move|p1a: Gholdengo|Make It Rain|p2a: Okidogi\n|-crit|p2a: Okidogi\n|-damage|p2a: Okidogi|23\/100\n|-unboost|p1a: Gholdengo|spa|1\n|move|p2a: Okidogi|Knock Off|p1a: Gholdengo\n|-supereffective|p1a: Gholdengo\n|-damage|p1a: Gholdengo|0 fnt\n|faint|p1a: Gholdengo\n|\n|upkeep\n|\n|t:|1700347142\n|switch|p1a: Weavile|Weavile, M|100\/100\n|turn|4\n|\n|t:|1700347151\n|switch|p2a: Rotom|Rotom-Wash|100\/100\n|move|p1a: Weavile|Fake Out|p2a: Rotom\n|-damage|p2a: Rotom|82\/100\n|\n|upkeep\n|turn|5\n|\n|t:|1700347156\n|move|p2a: Rotom|Will-O-Wisp|p1a: Weavile\n|-status|p1a: Weavile|brn\n|move|p1a: Weavile|Knock Off|p2a: Rotom\n|-damage|p2a: Rotom|51\/100\n|-enditem|p2a: Rotom|Choice Scarf|[from] move: Knock Off|[of] p1a: Weavile\n|\n|-damage|p1a: Weavile|94\/100 brn|[from] brn\n|upkeep\n|turn|6\n|\n|t:|1700347169\n|switch|p1a: Rillaboom|Rillaboom, M|100\/100\n|-fieldstart|move: Grassy Terrain|[from] ability: Grassy Surge|[of] p1a: Rillaboom\n|move|p2a: Rotom|Volt Switch|p1a: Rillaboom\n|-resisted|p1a: Rillaboom\n|-damage|p1a: Rillaboom|81\/100\n|\n|t:|1700347172\n|switch|p2a: Okidogi|Okidogi, M|23\/100|[from] Volt Switch\n|\n|-heal|p2a: Okidogi|29\/100|[from] Grassy Terrain\n|-heal|p1a: Rillaboom|87\/100|[from] Grassy Terrain\n|upkeep\n|turn|7\n|\n|t:|1700347179\n|-terastallize|p1a: Rillaboom|Steel\n|move|p2a: Okidogi|Poison Jab|p1a: Rillaboom\n|-immune|p1a: Rillaboom\n|move|p1a: Rillaboom|Knock Off|p2a: Okidogi\n|-resisted|p2a: Okidogi\n|-damage|p2a: Okidogi|7\/100\n|-enditem|p2a: Okidogi|Assault Vest|[from] move: Knock Off|[of] p1a: Rillaboom\n|-damage|p1a: Rillaboom|77\/100|[from] item: Life Orb\n|\n|-heal|p2a: Okidogi|13\/100|[from] Grassy Terrain\n|-heal|p1a: Rillaboom|84\/100|[from] Grassy Terrain\n|upkeep\n|turn|8\n|\n|t:|1700347189\n|move|p2a: Okidogi|Close Combat|p1a: Rillaboom\n|-supereffective|p1a: Rillaboom\n|-damage|p1a: Rillaboom|0 fnt\n|-unboost|p2a: Okidogi|def|1\n|-unboost|p2a: Okidogi|spd|1\n|faint|p1a: Rillaboom\n|\n|-heal|p2a: Okidogi|19\/100|[from] Grassy Terrain\n|upkeep\n|\n|t:|1700347194\n|switch|p1a: Cinderace|Cinderace, M|100\/100\n|turn|9\n|\n|t:|1700347197\n|move|p1a: Cinderace|Pyro Ball|p2a: Okidogi\n|-crit|p2a: Okidogi\n|-damage|p2a: Okidogi|0 fnt\n|faint|p2a: Okidogi\n|\n|upkeep\n|\n|t:|1700347199\n|switch|p2a: Landorus|Landorus-Therian, M|100\/100\n|-ability|p2a: Landorus|Intimidate|boost\n|-unboost|p1a: Cinderace|atk|1\n|turn|10\n|\n|t:|1700347203\n|switch|p1a: Dondozo|Dondozo, F|100\/100\n|move|p2a: Landorus|U-turn|p1a: Dondozo\n|-damage|p1a: Dondozo|89\/100\n|\n|t:|1700347206\n|switch|p2a: Rotom|Rotom-Wash|51\/100|[from] U-turn\n|\n|-heal|p1a: Dondozo|95\/100|[from] Grassy Terrain\n|-heal|p1a: Dondozo|100\/100|[from] item: Leftovers\n|-fieldend|move: Grassy Terrain\n|upkeep\n|turn|11\n|\n|t:|1700347210\n|switch|p1a: Heatran|Heatran, M|100\/100\n|move|p2a: Rotom|Volt Switch|p1a: Heatran\n|-damage|p1a: Heatran|81\/100\n|\n|t:|1700347217\n|switch|p2a: Landorus|Landorus-Therian, M|100\/100|[from] Volt Switch\n|-ability|p2a: Landorus|Intimidate|boost\n|-unboost|p1a: Heatran|atk|1\n|\n|-heal|p1a: Heatran|87\/100|[from] item: Leftovers\n|upkeep\n|turn|12\n|\n|t:|1700347222\n|move|p1a: Heatran|Protect|p1a: Heatran\n|-singleturn|p1a: Heatran|Protect\n|move|p2a: Landorus|U-turn|p1a: Heatran\n|-activate|p1a: Heatran|move: Protect\n|\n|-heal|p1a: Heatran|94\/100|[from] item: Leftovers\n|upkeep\n|turn|13\n|\n|t:|1700347227\n|move|p2a: Landorus|Earthquake|p1a: Heatran\n|-supereffective|p1a: Heatran\n|-damage|p1a: Heatran|0 fnt\n|faint|p1a: Heatran\n|\n|upkeep\n|\n|t:|1700347232\n|switch|p1a: Dondozo|Dondozo, F|100\/100\n|turn|14\n|\n|t:|1700347234\n|move|p2a: Landorus|U-turn|p1a: Dondozo\n|-damage|p1a: Dondozo|88\/100\n|\n|t:|1700347248\n|switch|p2a: Rotom|Rotom-Wash|51\/100|[from] U-turn\n|move|p1a: Dondozo|Curse|p1a: Dondozo\n|-unboost|p1a: Dondozo|spe|1\n|-boost|p1a: Dondozo|atk|1\n|-boost|p1a: Dondozo|def|1\n|\n|-heal|p1a: Dondozo|94\/100|[from] item: Leftovers\n|upkeep\n|turn|15\n|-message|Zvpraa forfeited.\n|\n|win|Poison Ivy Thorns\n|raw|Zvpraa's rating: 1296 &rarr; <strong>1271<\/strong><br \/>(-25 for losing)\n|raw|Poison Ivy Thorns's rating: 1300 &rarr; <strong>1325<\/strong><br \/>(+25 for winning)\n|l|\u2606Zvpraa\n","uploadtime":1700347256,"views":9,"p1id":"zvpraa","p2id":"poisonivythorns","formatid":"gen9ou","rating":1271,"private":0,"password":""}