{"id":"gen9ou-1989387463","p1":"soy bebe","p2":"epicmingo","format":"[Gen 9] OU","log":"|j|\u2606soy bebe\n|j|\u2606epicmingo\n|t:|1699843830\n|gametype|singles\n|player|p1|soy bebe|winona-gen3|1368\n|player|p2|epicmingo|265|1467\n|teamsize|p1|6\n|teamsize|p2|6\n|gen|9\n|tier|[Gen 9] OU\n|rated|\n|rule|Sleep Clause Mod: Limit one foe put to sleep\n|rule|Species Clause: Limit one of each Pok\u00e9mon\n|rule|OHKO Clause: OHKO moves are banned\n|rule|Evasion Items Clause: Evasion items are banned\n|rule|Evasion Moves Clause: Evasion moves are banned\n|rule|Endless Battle Clause: Forcing endless battles is banned\n|rule|HP Percentage Mod: HP is shown in percentages\n|clearpoke\n|poke|p1|Politoed, M|\n|poke|p1|Zapdos|\n|poke|p1|Iron Treads|\n|poke|p1|Basculegion-F, F|\n|poke|p1|Quaquaval, M|\n|poke|p1|Meowscarada, F|\n|poke|p2|Walking Wake|\n|poke|p2|Maushold-Four|\n|poke|p2|Dragonite, F|\n|poke|p2|Weezing-Galar, F|\n|poke|p2|Great Tusk|\n|poke|p2|Muk-Alola, M|\n|teampreview\n|inactive|Battle timer is ON: inactive players will automatically lose when time's up. (requested by epicmingo)\n|\n|t:|1699843891\n|start\n|switch|p1a: Iron Treads|Iron Treads, shiny|100\/100\n|switch|p2a: Maushold|Maushold-Four|100\/100\n|-enditem|p1a: Iron Treads|Booster Energy\n|-activate|p1a: Iron Treads|ability: Quark Drive|[fromitem]\n|-start|p1a: Iron Treads|quarkdrivespe\n|turn|1\n|\n|t:|1699843901\n|move|p1a: Iron Treads|Earthquake|p2a: Maushold\n|-damage|p2a: Maushold|27\/100\n|move|p2a: Maushold|Tidy Up|p2a: Maushold\n|-boost|p2a: Maushold|atk|1\n|-boost|p2a: Maushold|spe|1\n|\n|upkeep\n|turn|2\n|\n|t:|1699843929\n|switch|p2a: Walking Wake|Walking Wake|100\/100\n|move|p1a: Iron Treads|Rapid Spin|p2a: Walking Wake\n|-damage|p2a: Walking Wake|84\/100\n|-boost|p1a: Iron Treads|spe|1\n|\n|upkeep\n|turn|3\n|\n|t:|1699843943\n|move|p1a: Iron Treads|Earthquake|p2a: Walking Wake\n|-damage|p2a: Walking Wake|30\/100\n|move|p2a: Walking Wake|Hydro Steam|p1a: Iron Treads\n|-supereffective|p1a: Iron Treads\n|-damage|p1a: Iron Treads|0 fnt\n|faint|p1a: Iron Treads\n|-end|p1a: Iron Treads|Quark Drive|[silent]\n|\n|upkeep\n|\n|t:|1699843949\n|switch|p1a: Politoed|Politoed, M, shiny|100\/100\n|-weather|RainDance|[from] ability: Drizzle|[of] p1a: Politoed\n|turn|4\n|\n|t:|1699843955\n|move|p2a: Walking Wake|Hydro Steam|p1a: Politoed\n|-resisted|p1a: Politoed\n|-damage|p1a: Politoed|76\/100\n|move|p1a: Politoed|Earth Power|p2a: Walking Wake\n|-damage|p2a: Walking Wake|0 fnt\n|faint|p2a: Walking Wake\n|-end|p2a: Walking Wake|Protosynthesis|[silent]\n|\n|-weather|RainDance|[upkeep]\n|upkeep\n|\n|t:|1699843967\n|switch|p2a: Maushold|Maushold-Four|27\/100\n|turn|5\n|\n|t:|1699843974\n|switch|p1a: Basculegion|Basculegion-F, F, shiny|100\/100\n|move|p2a: Maushold|Population Bomb|p1a: Basculegion\n|-immune|p1a: Basculegion\n|\n|-weather|RainDance|[upkeep]\n|upkeep\n|turn|6\n|\n|t:|1699844001\n|switch|p2a: Weezing|Weezing-Galar, F|100\/100\n|-terastallize|p1a: Basculegion|Water\n|move|p1a: Basculegion|Surf|p2a: Weezing\n|-damage|p2a: Weezing|0 fnt\n|faint|p2a: Weezing\n|\n|-weather|RainDance|[upkeep]\n|upkeep\n|inactive|epicmingo has 120 seconds left.\n|\n|t:|1699844015\n|switch|p2a: Muk|Muk-Alola, M|100\/100\n|turn|7\n|\n|t:|1699844023\n|move|p1a: Basculegion|Surf|p2a: Muk\n|-damage|p2a: Muk|30\/100\n|move|p2a: Muk|Knock Off|p1a: Basculegion\n|-damage|p1a: Basculegion|54\/100\n|-enditem|p1a: Basculegion|Choice Specs|[from] move: Knock Off|[of] p2a: Muk\n|\n|-weather|RainDance|[upkeep]\n|-heal|p2a: Muk|36\/100|[from] item: Black Sludge\n|upkeep\n|turn|8\n|\n|t:|1699844031\n|move|p2a: Muk|Protect|p2a: Muk\n|-singleturn|p2a: Muk|Protect\n|move|p1a: Basculegion|Hydro Pump|p2a: Muk\n|-activate|p2a: Muk|move: Protect\n|\n|-weather|RainDance|[upkeep]\n|-heal|p2a: Muk|42\/100|[from] item: Black Sludge\n|upkeep\n|turn|9\n|\n|t:|1699844038\n|move|p1a: Basculegion|Hydro Pump|p2a: Muk\n|-damage|p2a: Muk|0 fnt\n|faint|p2a: Muk\n|\n|-weather|RainDance|[upkeep]\n|upkeep\n|\n|t:|1699844053\n|switch|p2a: Dragonite|Dragonite, F|100\/100\n|turn|10\n|\n|t:|1699844066\n|switch|p1a: Zapdos|Zapdos|100\/100\n|-terastallize|p2a: Dragonite|Normal\n|move|p2a: Dragonite|Extreme Speed|p1a: Zapdos\n|-damage|p1a: Zapdos|41\/100\n|-status|p2a: Dragonite|par|[from] ability: Static|[of] p1a: Zapdos\n|\n|-weather|RainDance|[upkeep]\n|upkeep\n|turn|11\n|\n|t:|1699844073\n|move|p2a: Dragonite|Extreme Speed|p1a: Zapdos\n|-damage|p1a: Zapdos|0 fnt\n|faint|p1a: Zapdos\n|\n|-weather|none\n|upkeep\n|\n|t:|1699844077\n|switch|p1a: Politoed|Politoed, M, shiny|76\/100\n|-weather|RainDance|[from] ability: Drizzle|[of] p1a: Politoed\n|turn|12\n|\n|t:|1699844084\n|move|p2a: Dragonite|Extreme Speed|p1a: Politoed\n|-damage|p1a: Politoed|0 fnt\n|faint|p1a: Politoed\n|\n|-weather|RainDance|[upkeep]\n|upkeep\n|\n|t:|1699844088\n|switch|p1a: Basculegion|Basculegion-F, F, shiny, tera:Water|54\/100\n|turn|13\n|\n|t:|1699844092\n|cant|p2a: Dragonite|par\n|move|p1a: Basculegion|Hydro Pump|p2a: Dragonite\n|-damage|p2a: Dragonite|46\/100 par\n|\n|-weather|RainDance|[upkeep]\n|upkeep\n|turn|14\n|\n|t:|1699844100\n|move|p2a: Dragonite|Extreme Speed|p1a: Basculegion\n|-damage|p1a: Basculegion|0 fnt\n|faint|p1a: Basculegion\n|\n|-weather|RainDance|[upkeep]\n|upkeep\n|\n|t:|1699844103\n|switch|p1a: Quaquaval|Quaquaval, M, shiny|100\/100\n|turn|15\n|\n|t:|1699844108\n|move|p2a: Dragonite|Extreme Speed|p1a: Quaquaval\n|-damage|p1a: Quaquaval|3\/100\n|move|p1a: Quaquaval|Aqua Step|p2a: Dragonite\n|-damage|p2a: Dragonite|0 fnt\n|-boost|p1a: Quaquaval|spe|1\n|faint|p2a: Dragonite\n|-ability|p1a: Quaquaval|Moxie|boost\n|-boost|p1a: Quaquaval|atk|1\n|\n|-weather|RainDance|[upkeep]\n|upkeep\n|\n|t:|1699844133\n|switch|p2a: Great Tusk|Great Tusk|100\/100\n|turn|16\n|\n|t:|1699844144\n|-end|p2a: Great Tusk|Protosynthesis|[silent]\n|switch|p2a: Maushold|Maushold-Four|27\/100\n|move|p1a: Quaquaval|Aqua Step|p2a: Maushold\n|-damage|p2a: Maushold|0 fnt\n|-boost|p1a: Quaquaval|spe|1\n|faint|p2a: Maushold\n|-ability|p1a: Quaquaval|Moxie|boost\n|-boost|p1a: Quaquaval|atk|1\n|\n|-weather|RainDance|[upkeep]\n|upkeep\n|\n|t:|1699844146\n|switch|p2a: Great Tusk|Great Tusk|100\/100\n|turn|17\n|\n|t:|1699844150\n|move|p1a: Quaquaval|Aqua Step|p2a: Great Tusk\n|-supereffective|p2a: Great Tusk\n|-damage|p2a: Great Tusk|0 fnt\n|-boost|p1a: Quaquaval|spe|1\n|-damage|p1a: Quaquaval|0 fnt|[from] item: Rocky Helmet|[of] p2a: Great Tusk\n|faint|p2a: Great Tusk\n|-end|p2a: Great Tusk|Protosynthesis|[silent]\n|faint|p1a: Quaquaval\n|\n|win|soy bebe\n|raw|soy bebe's rating: 1368 &rarr; <strong>1394<\/strong><br \/>(+26 for winning)\n|raw|epicmingo's rating: 1467 &rarr; <strong>1441<\/strong><br \/>(-26 for losing)\n|l|\u2606epicmingo\n","uploadtime":1699844158,"views":20,"p1id":"soybebe","p2id":"epicmingo","formatid":"gen9ou","rating":1394,"private":0,"password":""}