{"id":"gen9ou-1990981966","p1":"gett guuud","p2":"KrustyKrabby39","format":"[Gen 9] OU","log":"|j|\u2606gett guuud\n|j|\u2606KrustyKrabby39\n|t:|1700023008\n|gametype|singles\n|player|p1|gett guuud|cyclist|1428\n|player|p2|KrustyKrabby39|rocketgrunt|1376\n|teamsize|p1|6\n|teamsize|p2|6\n|gen|9\n|tier|[Gen 9] OU\n|rated|\n|rule|Sleep Clause Mod: Limit one foe put to sleep\n|rule|Species Clause: Limit one of each Pok\u00e9mon\n|rule|OHKO Clause: OHKO moves are banned\n|rule|Evasion Items Clause: Evasion items are banned\n|rule|Evasion Moves Clause: Evasion moves are banned\n|rule|Endless Battle Clause: Forcing endless battles is banned\n|rule|HP Percentage Mod: HP is shown in percentages\n|clearpoke\n|poke|p1|Hatterene, F|\n|poke|p1|Ursaluna, M|\n|poke|p1|Zamazenta-*|\n|poke|p1|Breloom, M|\n|poke|p1|Slowking-Galar, M|\n|poke|p1|Corviknight, M|\n|poke|p2|Gholdengo|\n|poke|p2|Kommo-o, F|\n|poke|p2|Rillaboom, M|\n|poke|p2|Ceruledge, F|\n|poke|p2|Garganacl, M|\n|poke|p2|Quaquaval, M|\n|teampreview\n|inactive|Battle timer is ON: inactive players will automatically lose when time's up. (requested by gett guuud)\n|\n|t:|1700023019\n|start\n|switch|p1a: Breloom|Breloom, M|100\/100\n|switch|p2a: Garganacl|Garganacl, M|100\/100\n|turn|1\n|\n|t:|1700023031\n|switch|p1a: Slowking|Slowking-Galar, M|100\/100\n|-terastallize|p2a: Garganacl|Ghost\n|move|p2a: Garganacl|Salt Cure|p1a: Slowking\n|-damage|p1a: Slowking|85\/100\n|-start|p1a: Slowking|Salt Cure\n|\n|-damage|p1a: Slowking|73\/100|[from] Salt Cure\n|upkeep\n|turn|2\n|\n|t:|1700023040\n|switch|p1a: Zamazenta|Zamazenta|100\/100\n|-ability|p1a: Zamazenta|Dauntless Shield|boost\n|-boost|p1a: Zamazenta|def|1\n|move|p2a: Garganacl|Stealth Rock|p1a: Zamazenta\n|-sidestart|p1: gett guuud|move: Stealth Rock\n|\n|upkeep\n|turn|3\n|\n|t:|1700023047\n|switch|p2a: Ceruledge|Ceruledge, F|100\/100\n|move|p1a: Zamazenta|Substitute|p1a: Zamazenta\n|-start|p1a: Zamazenta|Substitute\n|-damage|p1a: Zamazenta|76\/100\n|\n|-heal|p1a: Zamazenta|82\/100|[from] item: Leftovers\n|upkeep\n|turn|4\n|\n|t:|1700023054\n|move|p1a: Zamazenta|Iron Defense|p1a: Zamazenta\n|-boost|p1a: Zamazenta|def|2\n|move|p2a: Ceruledge|Bulk Up|p2a: Ceruledge\n|-boost|p2a: Ceruledge|atk|1\n|-boost|p2a: Ceruledge|def|1\n|\n|-heal|p1a: Zamazenta|88\/100|[from] item: Leftovers\n|upkeep\n|turn|5\n|\n|t:|1700023064\n|move|p1a: Zamazenta|Iron Defense|p1a: Zamazenta\n|-boost|p1a: Zamazenta|def|2\n|move|p2a: Ceruledge|Bitter Blade|p1a: Zamazenta\n|-activate|p1a: Zamazenta|move: Substitute|[damage]\n|\n|-heal|p1a: Zamazenta|94\/100|[from] item: Leftovers\n|upkeep\n|turn|6\n|\n|t:|1700023071\n|move|p1a: Zamazenta|Iron Defense|p1a: Zamazenta\n|-boost|p1a: Zamazenta|def|1\n|move|p2a: Ceruledge|Bitter Blade|p1a: Zamazenta\n|-end|p1a: Zamazenta|Substitute\n|\n|-heal|p1a: Zamazenta|99\/100|[from] item: Leftovers\n|upkeep\n|turn|7\n|\n|t:|1700023080\n|move|p2a: Ceruledge|Shadow Sneak|p1a: Zamazenta\n|-damage|p1a: Zamazenta|94\/100\n|move|p1a: Zamazenta|Substitute|p1a: Zamazenta\n|-start|p1a: Zamazenta|Substitute\n|-damage|p1a: Zamazenta|69\/100\n|\n|-heal|p1a: Zamazenta|76\/100|[from] item: Leftovers\n|upkeep\n|turn|8\n|\n|t:|1700023088\n|move|p1a: Zamazenta|Crunch|p2a: Ceruledge\n|-supereffective|p2a: Ceruledge\n|-damage|p2a: Ceruledge|59\/100\n|-ability|p2a: Ceruledge|Weak Armor|boost\n|-unboost|p2a: Ceruledge|def|1\n|-boost|p2a: Ceruledge|spe|2\n|move|p2a: Ceruledge|Bitter Blade|p1a: Zamazenta\n|-activate|p1a: Zamazenta|move: Substitute|[damage]\n|-heal|p2a: Ceruledge|68\/100|[from] drain|[of] p1a: Zamazenta\n|\n|-heal|p1a: Zamazenta|82\/100|[from] item: Leftovers\n|upkeep\n|turn|9\n|\n|t:|1700023100\n|move|p2a: Ceruledge|Bitter Blade|p1a: Zamazenta\n|-crit|p1a: Zamazenta\n|-end|p1a: Zamazenta|Substitute\n|-heal|p2a: Ceruledge|73\/100|[from] drain|[of] p1a: Zamazenta\n|move|p1a: Zamazenta|Crunch|p2a: Ceruledge\n|-supereffective|p2a: Ceruledge\n|-damage|p2a: Ceruledge|15\/100\n|-unboost|p2a: Ceruledge|def|1\n|-ability|p2a: Ceruledge|Weak Armor|boost\n|-unboost|p2a: Ceruledge|def|1\n|-boost|p2a: Ceruledge|spe|2\n|\n|-heal|p1a: Zamazenta|88\/100|[from] item: Leftovers\n|upkeep\n|turn|10\n|\n|t:|1700023112\n|move|p2a: Ceruledge|Will-O-Wisp|p1a: Zamazenta\n|-status|p1a: Zamazenta|brn\n|move|p1a: Zamazenta|Substitute|p1a: Zamazenta\n|-start|p1a: Zamazenta|Substitute\n|-damage|p1a: Zamazenta|63\/100 brn\n|\n|-heal|p1a: Zamazenta|69\/100 brn|[from] item: Leftovers\n|-damage|p1a: Zamazenta|63\/100 brn|[from] brn\n|upkeep\n|turn|11\n|\n|t:|1700023122\n|move|p2a: Ceruledge|Bitter Blade|p1a: Zamazenta\n|-activate|p1a: Zamazenta|move: Substitute|[damage]\n|-heal|p2a: Ceruledge|25\/100|[from] drain|[of] p1a: Zamazenta\n|move|p1a: Zamazenta|Crunch|p2a: Ceruledge\n|-supereffective|p2a: Ceruledge\n|-damage|p2a: Ceruledge|0 fnt\n|faint|p2a: Ceruledge\n|\n|-heal|p1a: Zamazenta|69\/100 brn|[from] item: Leftovers\n|-damage|p1a: Zamazenta|63\/100 brn|[from] brn\n|upkeep\n|\n|t:|1700023145\n|switch|p2a: Rillaboom|Rillaboom, M|100\/100\n|-fieldstart|move: Grassy Terrain|[from] ability: Grassy Surge|[of] p2a: Rillaboom\n|turn|12\n|\n|t:|1700023149\n|move|p1a: Zamazenta|Body Press|p2a: Rillaboom\n|-damage|p2a: Rillaboom|20\/100\n|move|p2a: Rillaboom|U-turn|p1a: Zamazenta\n|-resisted|p1a: Zamazenta\n|-activate|p1a: Zamazenta|move: Substitute|[damage]\n|\n|t:|1700023155\n|switch|p2a: Kommo-o|Kommo-o, F|100\/100|[from] U-turn\n|\n|-heal|p1a: Zamazenta|69\/100 brn|[from] Grassy Terrain\n|-heal|p1a: Zamazenta|75\/100 brn|[from] item: Leftovers\n|-damage|p1a: Zamazenta|69\/100 brn|[from] brn\n|upkeep\n|turn|13\n|\n|t:|1700023162\n|move|p1a: Zamazenta|Body Press|p2a: Kommo-o\n|-crit|p2a: Kommo-o\n|-damage|p2a: Kommo-o|0 fnt\n|faint|p2a: Kommo-o\n|\n|-heal|p1a: Zamazenta|75\/100 brn|[from] Grassy Terrain\n|-heal|p1a: Zamazenta|81\/100 brn|[from] item: Leftovers\n|-damage|p1a: Zamazenta|75\/100 brn|[from] brn\n|upkeep\n|\n|t:|1700023173\n|switch|p2a: Gholdengo|Gholdengo|100\/100\n|turn|14\n|\n|t:|1700023176\n|move|p1a: Zamazenta|Crunch|p2a: Gholdengo\n|-supereffective|p2a: Gholdengo\n|-damage|p2a: Gholdengo|78\/100\n|move|p2a: Gholdengo|Shadow Ball|p1a: Zamazenta\n|-end|p1a: Zamazenta|Substitute\n|\n|-heal|p1a: Zamazenta|81\/100 brn|[from] Grassy Terrain\n|-heal|p1a: Zamazenta|88\/100 brn|[from] item: Leftovers\n|-heal|p2a: Gholdengo|84\/100|[from] Grassy Terrain\n|-damage|p1a: Zamazenta|81\/100 brn|[from] brn\n|upkeep\n|turn|15\n|\n|t:|1700023187\n|switch|p1a: Ursaluna|Ursaluna, M|100\/100\n|-damage|p1a: Ursaluna|94\/100|[from] Stealth Rock\n|move|p2a: Gholdengo|Shadow Ball|p1a: Ursaluna\n|-immune|p1a: Ursaluna\n|\n|-heal|p2a: Gholdengo|90\/100|[from] Grassy Terrain\n|-heal|p1a: Ursaluna|100\/100|[from] Grassy Terrain\n|-status|p1a: Ursaluna|brn|[from] item: Flame Orb\n|upkeep\n|turn|16\n|\n|t:|1700023199\n|switch|p2a: Rillaboom|Rillaboom, M|20\/100\n|move|p1a: Ursaluna|Headlong Rush|p2a: Rillaboom\n|-resisted|p2a: Rillaboom\n|-damage|p2a: Rillaboom|0 fnt\n|-unboost|p1a: Ursaluna|def|1\n|-unboost|p1a: Ursaluna|spd|1\n|faint|p2a: Rillaboom\n|\n|-damage|p1a: Ursaluna|94\/100 brn|[from] brn\n|-fieldend|move: Grassy Terrain\n|upkeep\n|\n|t:|1700023208\n|switch|p2a: Quaquaval|Quaquaval, M|100\/100\n|turn|17\n|\n|t:|1700023213\n|switch|p1a: Corviknight|Corviknight, M|100\/100\n|-damage|p1a: Corviknight|88\/100|[from] Stealth Rock\n|-ability|p1a: Corviknight|Pressure\n|move|p2a: Quaquaval|Wave Crash|p1a: Corviknight\n|-damage|p1a: Corviknight|52\/100\n|-damage|p2a: Quaquaval|85\/100|[from] Recoil\n|\n|-heal|p1a: Corviknight|58\/100|[from] item: Leftovers\n|upkeep\n|turn|18\n|\n|t:|1700023223\n|switch|p2a: Garganacl|Garganacl, M, tera:Ghost|100\/100\n|move|p1a: Corviknight|Roost|p1a: Corviknight\n|-heal|p1a: Corviknight|100\/100\n|-singleturn|p1a: Corviknight|move: Roost\n|\n|upkeep\n|turn|19\n|\n|t:|1700023230\n|move|p1a: Corviknight|Defog|p2a: Garganacl\n|-unboost|p2a: Garganacl|evasion|1\n|-sideend|p1: gett guuud|Stealth Rock|[from] move: Defog|[of] p1a: Corviknight\n|move|p2a: Garganacl|Salt Cure|p1a: Corviknight\n|-damage|p1a: Corviknight|93\/100\n|-start|p1a: Corviknight|Salt Cure\n|\n|-heal|p1a: Corviknight|99\/100|[from] item: Leftovers\n|-damage|p1a: Corviknight|74\/100|[from] Salt Cure\n|upkeep\n|turn|20\n|\n|t:|1700023240\n|switch|p1a: Ursaluna|Ursaluna, M|94\/100 brn\n|move|p2a: Garganacl|Stealth Rock|p1a: Ursaluna\n|-sidestart|p1: gett guuud|move: Stealth Rock\n|\n|-damage|p1a: Ursaluna|88\/100 brn|[from] brn\n|upkeep\n|turn|21\n|\n|t:|1700023246\n|move|p2a: Garganacl|Salt Cure|p1a: Ursaluna\n|-resisted|p1a: Ursaluna\n|-damage|p1a: Ursaluna|84\/100 brn\n|-start|p1a: Ursaluna|Salt Cure\n|move|p1a: Ursaluna|Crunch|p2a: Garganacl\n|-supereffective|p2a: Garganacl\n|-damage|p2a: Garganacl|55\/100\n|\n|-heal|p2a: Garganacl|61\/100|[from] item: Leftovers\n|-damage|p1a: Ursaluna|78\/100 brn|[from] brn\n|-damage|p1a: Ursaluna|66\/100 brn|[from] Salt Cure\n|upkeep\n|turn|22\n|\n|t:|1700023256\n|move|p2a: Garganacl|Recover|p2a: Garganacl\n|-heal|p2a: Garganacl|100\/100\n|move|p1a: Ursaluna|Headlong Rush|p2a: Garganacl\n|-damage|p2a: Garganacl|48\/100\n|-unboost|p1a: Ursaluna|def|1\n|-unboost|p1a: Ursaluna|spd|1\n|\n|-heal|p2a: Garganacl|54\/100|[from] item: Leftovers\n|-damage|p1a: Ursaluna|59\/100 brn|[from] brn\n|-damage|p1a: Ursaluna|47\/100 brn|[from] Salt Cure\n|upkeep\n|turn|23\n|\n|t:|1700023266\n|switch|p1a: Corviknight|Corviknight, M|74\/100\n|-damage|p1a: Corviknight|62\/100|[from] Stealth Rock\n|-ability|p1a: Corviknight|Pressure\n|move|p2a: Garganacl|Protect||[still]\n|-fail|p2a: Garganacl\n|\n|-heal|p1a: Corviknight|68\/100|[from] item: Leftovers\n|-heal|p2a: Garganacl|61\/100|[from] item: Leftovers\n|upkeep\n|turn|24\n|\n|t:|1700023275\n|move|p1a: Corviknight|Defog|p2a: Garganacl\n|-unboost|p2a: Garganacl|evasion|1\n|-sideend|p1: gett guuud|Stealth Rock|[from] move: Defog|[of] p1a: Corviknight\n|move|p2a: Garganacl|Salt Cure|p1a: Corviknight\n|-damage|p1a: Corviknight|60\/100\n|-start|p1a: Corviknight|Salt Cure\n|\n|-heal|p1a: Corviknight|66\/100|[from] item: Leftovers\n|-heal|p2a: Garganacl|67\/100|[from] item: Leftovers\n|-damage|p1a: Corviknight|41\/100|[from] Salt Cure\n|upkeep\n|turn|25\n|\n|t:|1700023285\n|move|p1a: Corviknight|Roost|p1a: Corviknight\n|-heal|p1a: Corviknight|91\/100\n|-singleturn|p1a: Corviknight|move: Roost\n|move|p2a: Garganacl|Stealth Rock|p1a: Corviknight\n|-sidestart|p1: gett guuud|move: Stealth Rock\n|\n|-heal|p1a: Corviknight|97\/100|[from] item: Leftovers\n|-heal|p2a: Garganacl|73\/100|[from] item: Leftovers\n|-damage|p1a: Corviknight|72\/100|[from] Salt Cure\n|upkeep\n|turn|26\n|\n|t:|1700023297\n|switch|p1a: Breloom|Breloom, M|100\/100\n|-damage|p1a: Breloom|94\/100|[from] Stealth Rock\n|move|p2a: Garganacl|Protect||[still]\n|-fail|p2a: Garganacl\n|\n|-heal|p2a: Garganacl|79\/100|[from] item: Leftovers\n|upkeep\n|turn|27\n|\n|t:|1700023304\n|switch|p1a: Corviknight|Corviknight, M|72\/100\n|-damage|p1a: Corviknight|60\/100|[from] Stealth Rock\n|-ability|p1a: Corviknight|Pressure\n|move|p2a: Garganacl|Salt Cure|p1a: Corviknight\n|-damage|p1a: Corviknight|52\/100\n|-start|p1a: Corviknight|Salt Cure\n|\n|-heal|p1a: Corviknight|58\/100|[from] item: Leftovers\n|-heal|p2a: Garganacl|85\/100|[from] item: Leftovers\n|-damage|p1a: Corviknight|34\/100|[from] Salt Cure\n|upkeep\n|turn|28\n|\n|t:|1700023316\n|switch|p2a: Gholdengo|Gholdengo|90\/100\n|move|p1a: Corviknight|Roost|p1a: Corviknight\n|-heal|p1a: Corviknight|84\/100\n|-singleturn|p1a: Corviknight|move: Roost\n|\n|-heal|p1a: Corviknight|90\/100|[from] item: Leftovers\n|-damage|p1a: Corviknight|65\/100|[from] Salt Cure\n|upkeep\n|turn|29\n|\n|t:|1700023325\n|switch|p1a: Breloom|Breloom, M|94\/100\n|-damage|p1a: Breloom|88\/100|[from] Stealth Rock\n|move|p2a: Gholdengo|Trick|p1a: Breloom\n|-activate|p2a: Gholdengo|move: Trick|[of] p1a: Breloom\n|-item|p1a: Breloom|Choice Specs|[from] move: Trick\n|-item|p2a: Gholdengo|Focus Sash|[from] move: Trick\n|\n|upkeep\n|turn|30\n|\n|t:|1700023334\n|move|p2a: Gholdengo|Make It Rain|p1a: Breloom\n|-damage|p1a: Breloom|0 fnt\n|-unboost|p2a: Gholdengo|spa|1\n|faint|p1a: Breloom\n|\n|upkeep\n|\n|t:|1700023340\n|switch|p1a: Hatterene|Hatterene, F|100\/100\n|-damage|p1a: Hatterene|88\/100|[from] Stealth Rock\n|turn|31\n|\n|t:|1700023346\n|-terastallize|p1a: Hatterene|Water\n|move|p2a: Gholdengo|Make It Rain|p1a: Hatterene\n|-resisted|p1a: Hatterene\n|-damage|p1a: Hatterene|65\/100\n|-unboost|p2a: Gholdengo|spa|1\n|move|p1a: Hatterene|Calm Mind|p1a: Hatterene\n|-boost|p1a: Hatterene|spa|1\n|-boost|p1a: Hatterene|spd|1\n|\n|-heal|p1a: Hatterene|71\/100|[from] item: Leftovers\n|upkeep\n|turn|32\n|\n|t:|1700023357\n|move|p2a: Gholdengo|Shadow Ball|p1a: Hatterene\n|-damage|p1a: Hatterene|57\/100\n|move|p1a: Hatterene|Trick Room|p1a: Hatterene\n|-fieldstart|move: Trick Room|[of] p1a: Hatterene\n|\n|-heal|p1a: Hatterene|63\/100|[from] item: Leftovers\n|upkeep\n|turn|33\n|\n|t:|1700023364\n|move|p1a: Hatterene|Calm Mind|p1a: Hatterene\n|-boost|p1a: Hatterene|spa|1\n|-boost|p1a: Hatterene|spd|1\n|move|p2a: Gholdengo|Trick|p1a: Hatterene\n|-activate|p2a: Gholdengo|move: Trick|[of] p1a: Hatterene\n|-item|p1a: Hatterene|Focus Sash|[from] move: Trick\n|-item|p2a: Gholdengo|Leftovers|[from] move: Trick\n|\n|-heal|p2a: Gholdengo|96\/100|[from] item: Leftovers\n|upkeep\n|turn|34\n|\n|t:|1700023373\n|move|p1a: Hatterene|Calm Mind|p1a: Hatterene\n|-boost|p1a: Hatterene|spa|1\n|-boost|p1a: Hatterene|spd|1\n|move|p2a: Gholdengo|Shadow Ball|p1a: Hatterene\n|-damage|p1a: Hatterene|53\/100\n|-unboost|p1a: Hatterene|spd|1\n|\n|-heal|p2a: Gholdengo|100\/100|[from] item: Leftovers\n|upkeep\n|turn|35\n|\n|t:|1700023386\n|switch|p2a: Garganacl|Garganacl, M, tera:Ghost|85\/100\n|move|p1a: Hatterene|Draining Kiss|p2a: Garganacl\n|-damage|p2a: Garganacl|33\/100\n|-heal|p1a: Hatterene|100\/100|[from] drain|[of] p2a: Garganacl\n|\n|-heal|p2a: Garganacl|39\/100|[from] item: Leftovers\n|upkeep\n|turn|36\n|\n|t:|1700023394\n|move|p1a: Hatterene|Draining Kiss|p2a: Garganacl\n|-damage|p2a: Garganacl|0 fnt\n|faint|p2a: Garganacl\n|\n|-fieldend|move: Trick Room\n|upkeep\n|c|\u2606gett guuud|gg\n|\n|t:|1700023399\n|switch|p2a: Quaquaval|Quaquaval, M|85\/100\n|turn|37\n|\n|t:|1700023402\n|move|p2a: Quaquaval|Close Combat|p1a: Hatterene\n|-crit|p1a: Hatterene\n|-damage|p1a: Hatterene|27\/100\n|-unboost|p2a: Quaquaval|def|1\n|-unboost|p2a: Quaquaval|spd|1\n|move|p1a: Hatterene|Trick Room|p1a: Hatterene\n|-fieldstart|move: Trick Room|[of] p1a: Hatterene\n|\n|upkeep\n|turn|38\n|\n|t:|1700023410\n|move|p1a: Hatterene|Draining Kiss|p2a: Quaquaval\n|-supereffective|p2a: Quaquaval\n|-damage|p2a: Quaquaval|0 fnt\n|-heal|p1a: Hatterene|89\/100|[from] drain|[of] p2a: Quaquaval\n|faint|p2a: Quaquaval\n|\n|upkeep\n|-message|KrustyKrabby39 forfeited.\n|\n|win|gett guuud\n|raw|gett guuud's rating: 1428 &rarr; <strong>1445<\/strong><br \/>(+17 for winning)\n|raw|KrustyKrabby39's rating: 1376 &rarr; <strong>1359<\/strong><br \/>(-17 for losing)\n|l|\u2606KrustyKrabby39\n","uploadtime":1700023417,"views":7,"p1id":"gettguuud","p2id":"krustykrabby39","formatid":"gen9ou","rating":1359,"private":0,"password":""}