{"id":"gen9ou-2000436779","p1":"Redribbonrenegade","p2":"CommonderBlaze","format":"[Gen 9] OU","log":"|j|\u2606Redribbonrenegade\n|j|\u2606CommonderBlaze\n|t:|1701194697\n|gametype|singles\n|player|p1|Redribbonrenegade|marshal|1409\n|player|p2|CommonderBlaze|265|1396\n|teamsize|p1|6\n|teamsize|p2|6\n|gen|9\n|tier|[Gen 9] OU\n|rated|\n|rule|Sleep Clause Mod: Limit one foe put to sleep\n|rule|Species Clause: Limit one of each Pok\u00e9mon\n|rule|OHKO Clause: OHKO moves are banned\n|rule|Evasion Items Clause: Evasion items are banned\n|rule|Evasion Moves Clause: Evasion moves are banned\n|rule|Endless Battle Clause: Forcing endless battles is banned\n|rule|HP Percentage Mod: HP is shown in percentages\n|clearpoke\n|poke|p1|Ursaluna, M|\n|poke|p1|Grimmsnarl, M|\n|poke|p1|Conkeldurr, F|\n|poke|p1|Goodra-Hisui, F|\n|poke|p1|Cresselia, F|\n|poke|p1|Sinistcha-Masterpiece|\n|poke|p2|Kingambit, F|\n|poke|p2|Glimmora, M|\n|poke|p2|Zamazenta-*|\n|poke|p2|Iron Valiant|\n|poke|p2|Iron Moth|\n|poke|p2|Ogerpon-Wellspring, F|\n|teampreview\n|\n|t:|1701194705\n|start\n|switch|p1a: Tyson \ud83e\udd4a|Conkeldurr, F, shiny|100\/100\n|switch|p2a: Glimmora|Glimmora, M|100\/100\n|turn|1\n|\n|t:|1701194713\n|move|p2a: Glimmora|Stealth Rock|p1a: Tyson \ud83e\udd4a\n|-sidestart|p1: Redribbonrenegade|move: Stealth Rock\n|move|p1a: Tyson \ud83e\udd4a|Drain Punch|p2a: Glimmora\n|-damage|p2a: Glimmora|43\/100\n|-activate|p2a: Glimmora|ability: Toxic Debris\n|-sidestart|p1: Redribbonrenegade|move: Toxic Spikes\n|\n|upkeep\n|turn|2\n|\n|t:|1701194735\n|move|p2a: Glimmora|Mortal Spin|p1a: Tyson \ud83e\udd4a\n|-damage|p1a: Tyson \ud83e\udd4a|95\/100\n|-status|p1a: Tyson \ud83e\udd4a|psn\n|move|p1a: Tyson \ud83e\udd4a|Drain Punch|p2a: Glimmora\n|-damage|p2a: Glimmora|0 fnt\n|-heal|p1a: Tyson \ud83e\udd4a|100\/100 psn|[from] drain|[of] p2a: Glimmora\n|-activate|p2a: Glimmora|ability: Toxic Debris\n|-sidestart|p1: Redribbonrenegade|move: Toxic Spikes\n|faint|p2a: Glimmora\n|\n|-damage|p1a: Tyson \ud83e\udd4a|88\/100 psn|[from] psn\n|upkeep\n|\n|t:|1701194745\n|switch|p2a: Iron Moth|Iron Moth|100\/100\n|-enditem|p2a: Iron Moth|Booster Energy\n|-activate|p2a: Iron Moth|ability: Quark Drive|[fromitem]\n|-start|p2a: Iron Moth|quarkdrivespe\n|turn|3\n|\n|t:|1701194749\n|move|p2a: Iron Moth|Substitute|p2a: Iron Moth\n|-start|p2a: Iron Moth|Substitute\n|-damage|p2a: Iron Moth|76\/100\n|move|p1a: Tyson \ud83e\udd4a|Defog|p2a: Iron Moth\n|-sideend|p1: Redribbonrenegade|Toxic Spikes|[from] move: Defog|[of] p1a: Tyson \ud83e\udd4a\n|-sideend|p1: Redribbonrenegade|Stealth Rock|[from] move: Defog|[of] p1a: Tyson \ud83e\udd4a\n|\n|-damage|p1a: Tyson \ud83e\udd4a|76\/100 psn|[from] psn\n|upkeep\n|turn|4\n|\n|t:|1701194762\n|switch|p1a: Rennala \ud83c\udf19|Cresselia, F|100\/100\n|move|p2a: Iron Moth|Fiery Dance|p1a: Rennala \ud83c\udf19\n|-damage|p1a: Rennala \ud83c\udf19|74\/100\n|-enditem|p1a: Rennala \ud83c\udf19|Red Card|[of] p2a: Iron Moth\n|-end|p2a: Iron Moth|Quark Drive|[silent]\n|drag|p2a: Kingambit|Kingambit, F|100\/100\n|-activate|p2a: Kingambit|ability: Supreme Overlord\n|-start|p2a: Kingambit|fallen1|[silent]\n|\n|upkeep\n|turn|5\n|\n|t:|1701194770\n|switch|p1a: Tyson \ud83e\udd4a|Conkeldurr, F, shiny|76\/100 psn\n|move|p2a: Kingambit|Swords Dance|p2a: Kingambit\n|-boost|p2a: Kingambit|atk|2\n|\n|-damage|p1a: Tyson \ud83e\udd4a|64\/100 psn|[from] psn\n|upkeep\n|turn|6\n|\n|t:|1701194785\n|-terastallize|p2a: Kingambit|Flying\n|move|p2a: Kingambit|Swords Dance|p2a: Kingambit\n|-boost|p2a: Kingambit|atk|2\n|move|p1a: Tyson \ud83e\udd4a|Drain Punch|p2a: Kingambit\n|-resisted|p2a: Kingambit\n|-damage|p2a: Kingambit|70\/100\n|-heal|p1a: Tyson \ud83e\udd4a|76\/100 psn|[from] drain|[of] p2a: Kingambit\n|\n|-damage|p1a: Tyson \ud83e\udd4a|64\/100 psn|[from] psn\n|upkeep\n|turn|7\n|\n|t:|1701194790\n|move|p2a: Kingambit|Iron Head|p1a: Tyson \ud83e\udd4a\n|-damage|p1a: Tyson \ud83e\udd4a|0 fnt\n|faint|p1a: Tyson \ud83e\udd4a\n|\n|upkeep\n|\n|t:|1701194802\n|switch|p1a: Wickman \ud83e\uddd9\u200d\u2642\ufe0f|Grimmsnarl, M, shiny|100\/100\n|turn|8\n|\n|t:|1701194805\n|move|p1a: Wickman \ud83e\uddd9\u200d\u2642\ufe0f|Reflect|p1a: Wickman \ud83e\uddd9\u200d\u2642\ufe0f\n|-sidestart|p1: Redribbonrenegade|Reflect\n|move|p2a: Kingambit|Iron Head|p1a: Wickman \ud83e\uddd9\u200d\u2642\ufe0f\n|-supereffective|p1a: Wickman \ud83e\uddd9\u200d\u2642\ufe0f\n|-damage|p1a: Wickman \ud83e\uddd9\u200d\u2642\ufe0f|0 fnt\n|faint|p1a: Wickman \ud83e\uddd9\u200d\u2642\ufe0f\n|\n|upkeep\n|\n|t:|1701194811\n|switch|p1a: Chi-Chi \ud83c\udf75|Sinistcha-Masterpiece, shiny|100\/100\n|turn|9\n|\n|t:|1701194814\n|move|p2a: Kingambit|Sucker Punch||[still]\n|-fail|p2a: Kingambit\n|move|p1a: Chi-Chi \ud83c\udf75|Iron Defense|p1a: Chi-Chi \ud83c\udf75\n|-boost|p1a: Chi-Chi \ud83c\udf75|def|2\n|\n|upkeep\n|turn|10\n|\n|t:|1701194820\n|move|p1a: Chi-Chi \ud83c\udf75|Strength Sap|p2a: Kingambit\n|-unboost|p2a: Kingambit|atk|1\n|move|p2a: Kingambit|Kowtow Cleave|p1a: Chi-Chi \ud83c\udf75\n|-supereffective|p1a: Chi-Chi \ud83c\udf75\n|-damage|p1a: Chi-Chi \ud83c\udf75|43\/100\n|\n|upkeep\n|turn|11\n|\n|t:|1701194833\n|move|p1a: Chi-Chi \ud83c\udf75|Iron Defense|p1a: Chi-Chi \ud83c\udf75\n|-boost|p1a: Chi-Chi \ud83c\udf75|def|2\n|move|p2a: Kingambit|Kowtow Cleave|p1a: Chi-Chi \ud83c\udf75\n|-supereffective|p1a: Chi-Chi \ud83c\udf75\n|-damage|p1a: Chi-Chi \ud83c\udf75|0 fnt\n|faint|p1a: Chi-Chi \ud83c\udf75\n|\n|upkeep\n|\n|t:|1701194840\n|switch|p1a: Kim Joe Un \u26f0\ufe0f|Ursaluna, M, shiny|100\/100\n|turn|12\n|\n|t:|1701194844\n|move|p2a: Kingambit|Sucker Punch||[still]\n|-fail|p2a: Kingambit\n|move|p1a: Kim Joe Un \u26f0\ufe0f|Swords Dance|p1a: Kim Joe Un \u26f0\ufe0f\n|-boost|p1a: Kim Joe Un \u26f0\ufe0f|atk|2\n|\n|-status|p1a: Kim Joe Un \u26f0\ufe0f|brn|[from] item: Flame Orb\n|upkeep\n|turn|13\n|\n|t:|1701194849\n|move|p2a: Kingambit|Sucker Punch|p1a: Kim Joe Un \u26f0\ufe0f\n|-damage|p1a: Kim Joe Un \u26f0\ufe0f|42\/100 brn\n|move|p1a: Kim Joe Un \u26f0\ufe0f|Facade|p2a: Kingambit\n|-damage|p2a: Kingambit|0 fnt\n|faint|p2a: Kingambit\n|-end|p2a: Kingambit|fallen1|[silent]\n|\n|-damage|p1a: Kim Joe Un \u26f0\ufe0f|36\/100 brn|[from] brn\n|upkeep\n|\n|t:|1701194867\n|switch|p2a: Ogerpon|Ogerpon-Wellspring, F|100\/100\n|turn|14\n|\n|t:|1701194872\n|switch|p1a: Dragmag\ud83d\udc1a|Goodra-Hisui, F|100\/100\n|move|p2a: Ogerpon|Knock Off|p1a: Dragmag\ud83d\udc1a\n|-damage|p1a: Dragmag\ud83d\udc1a|86\/100\n|-enditem|p1a: Dragmag\ud83d\udc1a|Leftovers|[from] move: Knock Off|[of] p2a: Ogerpon\n|\n|upkeep\n|turn|15\n|\n|t:|1701194881\n|switch|p2a: Zamazenta|Zamazenta, shiny|100\/100\n|-ability|p2a: Zamazenta|Dauntless Shield|boost\n|-boost|p2a: Zamazenta|def|1\n|move|p1a: Dragmag\ud83d\udc1a|Acid Armor|p1a: Dragmag\ud83d\udc1a\n|-boost|p1a: Dragmag\ud83d\udc1a|def|2\n|\n|-sideend|p1: Redribbonrenegade|Reflect\n|upkeep\n|turn|16\n|\n|t:|1701194887\n|-terastallize|p1a: Dragmag\ud83d\udc1a|Ghost\n|move|p2a: Zamazenta|Iron Defense|p2a: Zamazenta\n|-boost|p2a: Zamazenta|def|2\n|move|p1a: Dragmag\ud83d\udc1a|Acid Armor|p1a: Dragmag\ud83d\udc1a\n|-boost|p1a: Dragmag\ud83d\udc1a|def|2\n|\n|upkeep\n|turn|17\n|\n|t:|1701194891\n|move|p2a: Zamazenta|Iron Defense|p2a: Zamazenta\n|-boost|p2a: Zamazenta|def|2\n|move|p1a: Dragmag\ud83d\udc1a|Acid Armor|p1a: Dragmag\ud83d\udc1a\n|-boost|p1a: Dragmag\ud83d\udc1a|def|2\n|\n|upkeep\n|turn|18\n|\n|t:|1701194896\n|move|p2a: Zamazenta|Crunch|p1a: Dragmag\ud83d\udc1a\n|-supereffective|p1a: Dragmag\ud83d\udc1a\n|-damage|p1a: Dragmag\ud83d\udc1a|75\/100\n|-unboost|p1a: Dragmag\ud83d\udc1a|def|1\n|move|p1a: Dragmag\ud83d\udc1a|Dragon Tail|p2a: Zamazenta\n|-damage|p2a: Zamazenta|95\/100\n|drag|p2a: Ogerpon|Ogerpon-Wellspring, F|100\/100\n|\n|upkeep\n|turn|19\n|\n|t:|1701194905\n|move|p2a: Ogerpon|Ivy Cudgel|p1a: Dragmag\ud83d\udc1a|[anim] Ivy Cudgel Water\n|-damage|p1a: Dragmag\ud83d\udc1a|62\/100\n|move|p1a: Dragmag\ud83d\udc1a|Body Press|p2a: Ogerpon\n|-damage|p2a: Ogerpon|0 fnt\n|faint|p2a: Ogerpon\n|\n|upkeep\n|\n|t:|1701194914\n|switch|p2a: Iron Valiant|Iron Valiant|100\/100\n|-enditem|p2a: Iron Valiant|Booster Energy\n|-activate|p2a: Iron Valiant|ability: Quark Drive|[fromitem]\n|-start|p2a: Iron Valiant|quarkdrivespe\n|turn|20\n|\n|t:|1701194919\n|move|p2a: Iron Valiant|Moonblast|p1a: Dragmag\ud83d\udc1a\n|-damage|p1a: Dragmag\ud83d\udc1a|36\/100\n|move|p1a: Dragmag\ud83d\udc1a|Body Press|p2a: Iron Valiant\n|-resisted|p2a: Iron Valiant\n|-damage|p2a: Iron Valiant|50\/100\n|\n|upkeep\n|turn|21\n|\n|t:|1701194925\n|move|p2a: Iron Valiant|Hypnosis|p1a: Dragmag\ud83d\udc1a|[miss]\n|-miss|p2a: Iron Valiant|p1a: Dragmag\ud83d\udc1a\n|move|p1a: Dragmag\ud83d\udc1a|Body Press|p2a: Iron Valiant\n|-resisted|p2a: Iron Valiant\n|-crit|p2a: Iron Valiant\n|-damage|p2a: Iron Valiant|0 fnt\n|faint|p2a: Iron Valiant\n|-end|p2a: Iron Valiant|Quark Drive|[silent]\n|\n|upkeep\n|\n|t:|1701194930\n|switch|p2a: Iron Moth|Iron Moth|76\/100\n|turn|22\n|\n|t:|1701194932\n|move|p2a: Iron Moth|Fiery Dance|p1a: Dragmag\ud83d\udc1a\n|-damage|p1a: Dragmag\ud83d\udc1a|12\/100\n|move|p1a: Dragmag\ud83d\udc1a|Body Press|p2a: Iron Moth\n|-resisted|p2a: Iron Moth\n|-damage|p2a: Iron Moth|23\/100\n|\n|upkeep\n|turn|23\n|\n|t:|1701194936\n|move|p2a: Iron Moth|Fiery Dance|p1a: Dragmag\ud83d\udc1a\n|-damage|p1a: Dragmag\ud83d\udc1a|0 fnt\n|-boost|p2a: Iron Moth|spa|1\n|faint|p1a: Dragmag\ud83d\udc1a\n|\n|upkeep\n|\n|t:|1701194937\n|switch|p1a: Rennala \ud83c\udf19|Cresselia, F|74\/100\n|turn|24\n|\n|t:|1701194944\n|move|p2a: Iron Moth|Sludge Wave|p1a: Rennala \ud83c\udf19\n|-damage|p1a: Rennala \ud83c\udf19|30\/100\n|move|p1a: Rennala \ud83c\udf19|Trick Room|p1a: Rennala \ud83c\udf19\n|-fieldstart|move: Trick Room|[of] p1a: Rennala \ud83c\udf19\n|\n|upkeep\n|turn|25\n|\n|t:|1701194950\n|move|p1a: Rennala \ud83c\udf19|Lunar Dance|p1a: Rennala \ud83c\udf19\n|faint|p1a: Rennala \ud83c\udf19\n|move|p2a: Iron Moth|Sludge Wave|p1: Rennala \ud83c\udf19|[notarget]\n|-fail|p2a: Iron Moth\n|\n|upkeep\n|\n|t:|1701194953\n|switch|p1a: Kim Joe Un \u26f0\ufe0f|Ursaluna, M, shiny|36\/100 brn\n|-heal|p1a: Kim Joe Un \u26f0\ufe0f|100\/100|[from] move: Lunar Dance\n|turn|26\n|\n|t:|1701194962\n|move|p1a: Kim Joe Un \u26f0\ufe0f|Facade|p2a: Iron Moth\n|-damage|p2a: Iron Moth|0 fnt\n|faint|p2a: Iron Moth\n|-end|p2a: Iron Moth|Quark Drive|[silent]\n|\n|-status|p1a: Kim Joe Un \u26f0\ufe0f|brn|[from] item: Flame Orb\n|upkeep\n|\n|t:|1701194965\n|switch|p2a: Zamazenta|Zamazenta, shiny|95\/100\n|turn|27\n|\n|t:|1701194970\n|move|p1a: Kim Joe Un \u26f0\ufe0f|Facade|p2a: Zamazenta\n|-damage|p2a: Zamazenta|1\/100\n|move|p2a: Zamazenta|Iron Defense|p2a: Zamazenta\n|-boost|p2a: Zamazenta|def|2\n|\n|-heal|p2a: Zamazenta|7\/100|[from] item: Leftovers\n|-damage|p1a: Kim Joe Un \u26f0\ufe0f|94\/100 brn|[from] brn\n|upkeep\n|turn|28\n|\n|t:|1701194974\n|move|p1a: Kim Joe Un \u26f0\ufe0f|Facade|p2a: Zamazenta\n|-crit|p2a: Zamazenta\n|-damage|p2a: Zamazenta|0 fnt\n|faint|p2a: Zamazenta\n|\n|win|Redribbonrenegade\n|raw|Redribbonrenegade's rating: 1409 &rarr; <strong>1428<\/strong><br \/>(+19 for winning)\n|raw|CommonderBlaze's rating: 1396 &rarr; <strong>1377<\/strong><br \/>(-19 for losing)\n|l|\u2606CommonderBlaze\n","uploadtime":1701194989,"views":6,"p1id":"redribbonrenegade","p2id":"commonderblaze","formatid":"gen9ou","rating":1377,"private":0,"password":""}