{"id":"gen9ou-1992890414","p1":"Bluesnake10","p2":"smogonfulloflies","format":"[Gen 9] OU","log":"|j|\u2606Bluesnake10\n|j|\u2606smogonfulloflies\n|t:|1700244298\n|gametype|singles\n|player|p1|Bluesnake10|170|1060\n|player|p2|smogonfulloflies|juggler-gen1|1116\n|teamsize|p1|6\n|teamsize|p2|6\n|gen|9\n|tier|[Gen 9] OU\n|rated|\n|rule|Sleep Clause Mod: Limit one foe put to sleep\n|rule|Species Clause: Limit one of each Pok\u00e9mon\n|rule|OHKO Clause: OHKO moves are banned\n|rule|Evasion Items Clause: Evasion items are banned\n|rule|Evasion Moves Clause: Evasion moves are banned\n|rule|Endless Battle Clause: Forcing endless battles is banned\n|rule|HP Percentage Mod: HP is shown in percentages\n|clearpoke\n|poke|p1|Kingambit, F|\n|poke|p1|Zapdos|\n|poke|p1|Basculegion, M|\n|poke|p1|Floatzel, M|\n|poke|p1|Amoonguss, F|\n|poke|p1|Walking Wake|\n|poke|p2|Kingambit, F|\n|poke|p2|Indeedee, M|\n|poke|p2|Dragapult, M|\n|poke|p2|Armarouge, F|\n|poke|p2|Great Tusk|\n|poke|p2|Samurott-Hisui, M|\n|teampreview\n|\n|t:|1700244304\n|start\n|switch|p1a: Walking Wake|Walking Wake|100\/100\n|switch|p2a: Samurott|Samurott-Hisui, M|100\/100\n|turn|1\n|inactive|Battle timer is ON: inactive players will automatically lose when time's up. (requested by Bluesnake10)\n|\n|t:|1700244326\n|move|p1a: Walking Wake|Sunny Day|p1a: Walking Wake\n|-weather|SunnyDay\n|-activate|p1a: Walking Wake|ability: Protosynthesis\n|-start|p1a: Walking Wake|protosynthesisspa\n|move|p2a: Samurott|Ceaseless Edge|p1a: Walking Wake\n|-damage|p1a: Walking Wake|51\/100\n|-sidestart|p1: Bluesnake10|Spikes\n|\n|-weather|SunnyDay|[upkeep]\n|upkeep\n|turn|2\n|\n|t:|1700244344\n|move|p1a: Walking Wake|Draco Meteor|p2a: Samurott\n|-enditem|p2a: Samurott|Focus Sash\n|-damage|p2a: Samurott|1\/100\n|-unboost|p1a: Walking Wake|spa|2\n|move|p2a: Samurott|Ceaseless Edge|p1a: Walking Wake\n|-damage|p1a: Walking Wake|2\/100\n|-sidestart|p1: Bluesnake10|Spikes\n|\n|-weather|SunnyDay|[upkeep]\n|upkeep\n|turn|3\n|\n|t:|1700244355\n|move|p2a: Samurott|Aqua Jet|p1a: Walking Wake\n|-resisted|p1a: Walking Wake\n|-damage|p1a: Walking Wake|0 fnt\n|faint|p1a: Walking Wake\n|-end|p1a: Walking Wake|Protosynthesis|[silent]\n|\n|-weather|SunnyDay|[upkeep]\n|upkeep\n|\n|t:|1700244361\n|switch|p1a: Floatzel|Floatzel, M|100\/100\n|-damage|p1a: Floatzel|84\/100|[from] Spikes\n|turn|4\n|\n|t:|1700244366\n|move|p1a: Floatzel|Aqua Jet|p2a: Samurott\n|-resisted|p2a: Samurott\n|-damage|p2a: Samurott|0 fnt\n|faint|p2a: Samurott\n|\n|-weather|SunnyDay|[upkeep]\n|upkeep\n|\n|t:|1700244378\n|switch|p2a: Indeedee|Indeedee, M|100\/100\n|-fieldstart|move: Psychic Terrain|[from] ability: Psychic Surge|[of] p2a: Indeedee\n|turn|5\n|\n|t:|1700244386\n|switch|p1a: Zapdos|Zapdos|100\/100\n|-ability|p1a: Zapdos|Pressure\n|move|p2a: Indeedee|Psychic|p1a: Zapdos\n|-damage|p1a: Zapdos|39\/100\n|\n|-weather|none\n|upkeep\n|turn|6\n|\n|t:|1700244394\n|move|p1a: Zapdos|Rain Dance|p1a: Zapdos\n|-weather|RainDance\n|move|p2a: Indeedee|Psychic|p1a: Zapdos\n|-damage|p1a: Zapdos|0 fnt\n|faint|p1a: Zapdos\n|\n|-weather|RainDance|[upkeep]\n|upkeep\n|\n|t:|1700244399\n|switch|p1a: Basculegion|Basculegion, M|100\/100\n|-damage|p1a: Basculegion|84\/100|[from] Spikes\n|turn|7\n|c|\u2606smogonfulloflies|DOUBLE WEATHER TEAM\n|c|\u2606smogonfulloflies|ur insane\n|c|\u2606Bluesnake10|??\n|\n|t:|1700244408\n|switch|p2a: Great Tusk|Great Tusk|100\/100\n|move|p1a: Basculegion|Crunch|p2a: Great Tusk\n|-resisted|p2a: Great Tusk\n|-damage|p2a: Great Tusk|91\/100\n|\n|-weather|RainDance|[upkeep]\n|upkeep\n|turn|8\n|\n|t:|1700244416\n|move|p1a: Basculegion|Wave Crash|p2a: Great Tusk\n|-supereffective|p2a: Great Tusk\n|-damage|p2a: Great Tusk|0 fnt\n|faint|p2a: Great Tusk\n|-end|p2a: Great Tusk|Protosynthesis|[silent]\n|-damage|p1a: Basculegion|55\/100|[from] Recoil\n|\n|-weather|RainDance|[upkeep]\n|upkeep\n|\n|t:|1700244422\n|switch|p2a: Armarouge|Armarouge, F|100\/100\n|turn|9\n|\n|t:|1700244428\n|move|p1a: Basculegion|Wave Crash|p2a: Armarouge\n|-supereffective|p2a: Armarouge\n|-enditem|p2a: Armarouge|Focus Sash\n|-damage|p2a: Armarouge|1\/100\n|-ability|p2a: Armarouge|Weak Armor|boost\n|-unboost|p2a: Armarouge|def|1\n|-boost|p2a: Armarouge|spe|2\n|-damage|p1a: Basculegion|23\/100|[from] Recoil\n|move|p2a: Armarouge|Expanding Force|p1a: Basculegion\n|-damage|p1a: Basculegion|0 fnt\n|faint|p1a: Basculegion\n|\n|-weather|RainDance|[upkeep]\n|upkeep\n|\n|t:|1700244432\n|switch|p1a: Floatzel|Floatzel, M|84\/100\n|-damage|p1a: Floatzel|68\/100|[from] Spikes\n|turn|10\n|\n|t:|1700244443\n|-terastallize|p2a: Armarouge|Psychic\n|move|p1a: Floatzel|Aqua Jet|p2a: Armarouge\n|-activate|p2a: Armarouge|move: Psychic Terrain\n|move|p2a: Armarouge|Expanding Force|p1a: Floatzel\n|-damage|p1a: Floatzel|0 fnt\n|faint|p1a: Floatzel\n|\n|-weather|RainDance|[upkeep]\n|upkeep\n|\n|t:|1700244451\n|switch|p1a: Amoonguss|Amoonguss, F|100\/100\n|-damage|p1a: Amoonguss|84\/100|[from] Spikes\n|turn|11\n|\n|t:|1700244455\n|move|p2a: Armarouge|Expanding Force|p1a: Amoonguss\n|-supereffective|p1a: Amoonguss\n|-damage|p1a: Amoonguss|0 fnt\n|faint|p1a: Amoonguss\n|\n|-weather|RainDance|[upkeep]\n|upkeep\n|\n|t:|1700244459\n|switch|p1a: Kingambit|Kingambit, F|100\/100\n|-damage|p1a: Kingambit|84\/100|[from] Spikes\n|-activate|p1a: Kingambit|ability: Supreme Overlord\n|-start|p1a: Kingambit|fallen5|[silent]\n|turn|12\n|\n|t:|1700244468\n|move|p2a: Armarouge|Armor Cannon|p1a: Kingambit\n|-supereffective|p1a: Kingambit\n|-damage|p1a: Kingambit|4\/100\n|-unboost|p2a: Armarouge|def|1\n|-unboost|p2a: Armarouge|spd|1\n|move|p1a: Kingambit|Kowtow Cleave|p2a: Armarouge\n|-supereffective|p2a: Armarouge\n|-damage|p2a: Armarouge|0 fnt\n|faint|p2a: Armarouge\n|\n|-weather|RainDance|[upkeep]\n|-fieldend|move: Psychic Terrain\n|upkeep\n|c|\u2606Bluesnake10|gg\n|\n|t:|1700244478\n|switch|p2a: Indeedee|Indeedee, M|100\/100\n|-fieldstart|move: Psychic Terrain|[from] ability: Psychic Surge|[of] p2a: Indeedee\n|turn|13\n|\n|t:|1700244486\n|move|p2a: Indeedee|Dazzling Gleam|p1a: Kingambit\n|-damage|p1a: Kingambit|0 fnt\n|faint|p1a: Kingambit\n|-end|p1a: Kingambit|fallen5|[silent]\n|\n|win|smogonfulloflies\n|raw|Bluesnake10's rating: 1060 &rarr; <strong>1044<\/strong><br \/>(-16 for losing)\n|raw|smogonfulloflies's rating: 1116 &rarr; <strong>1137<\/strong><br \/>(+21 for winning)\n|c|\u2606smogonfulloflies|ggwp\n|c|\u2606Bluesnake10|gg\n|l|\u2606Bluesnake10\n","uploadtime":1700244493,"views":8,"p1id":"bluesnake10","p2id":"smogonfulloflies","formatid":"gen9ou","rating":1044,"private":0,"password":""}