{"id":"gen9ou-1989955976","p1":"PLAYB0I R0BBIE B","p2":"Mishrooms","format":"[Gen 9] OU","log":"|j|\u2606PLAYB0I R0BBIE B\n|j|\u2606Mishrooms\n|t:|1699909974\n|gametype|singles\n|player|p1|PLAYB0I R0BBIE B|eusine|1332\n|player|p2|Mishrooms|265|1357\n|teamsize|p1|6\n|teamsize|p2|6\n|gen|9\n|tier|[Gen 9] OU\n|rated|\n|rule|Sleep Clause Mod: Limit one foe put to sleep\n|rule|Species Clause: Limit one of each Pok\u00e9mon\n|rule|OHKO Clause: OHKO moves are banned\n|rule|Evasion Items Clause: Evasion items are banned\n|rule|Evasion Moves Clause: Evasion moves are banned\n|rule|Endless Battle Clause: Forcing endless battles is banned\n|rule|HP Percentage Mod: HP is shown in percentages\n|clearpoke\n|poke|p1|Glimmora, F|\n|poke|p1|Meowscarada, F|\n|poke|p1|Thundurus-Therian, M|\n|poke|p1|Dragapult, F|\n|poke|p1|Heatran, F|\n|poke|p1|Great Tusk|\n|poke|p2|Great Tusk|\n|poke|p2|Cinderace, F|\n|poke|p2|Sneasler, M|\n|poke|p2|Kingambit, F|\n|poke|p2|Ogerpon-Wellspring, F|\n|poke|p2|Dragapult, F|\n|teampreview\n|j| lorsev\n|inactive|Battle timer is ON: inactive players will automatically lose when time's up. (requested by Mishrooms)\n|\n|t:|1699909987\n|start\n|switch|p1a: Thundurus|Thundurus-Therian, M|100\/100\n|switch|p2a: Great Tusk|Great Tusk|100\/100\n|turn|1\n|\n|t:|1699909994\n|move|p1a: Thundurus|Grass Knot|p2a: Great Tusk\n|-supereffective|p2a: Great Tusk\n|-damage|p2a: Great Tusk|0 fnt\n|faint|p2a: Great Tusk\n|-end|p2a: Great Tusk|Protosynthesis|[silent]\n|\n|upkeep\n|l| lorsev\n|\n|t:|1699910003\n|switch|p2a: Dragapult|Dragapult, F|100\/100\n|turn|2\n|\n|t:|1699910009\n|switch|p1a: Glimmora|Glimmora, F|100\/100\n|move|p2a: Dragapult|U-turn|p1a: Glimmora\n|-resisted|p1a: Glimmora\n|-damage|p1a: Glimmora|90\/100\n|-activate|p1a: Glimmora|ability: Toxic Debris\n|-sidestart|p2: Mishrooms|move: Toxic Spikes\n|\n|t:|1699910016\n|switch|p2a: Sneasler|Sneasler, M|100\/100|[from] U-turn\n|-sideend|p2: Mishrooms|move: Toxic Spikes|[of] p2a: Sneasler\n|\n|upkeep\n|turn|3\n|\n|t:|1699910022\n|move|p2a: Sneasler|Swords Dance|p2a: Sneasler\n|-boost|p2a: Sneasler|atk|2\n|move|p1a: Glimmora|Earth Power|p2a: Sneasler\n|-supereffective|p2a: Sneasler\n|-damage|p2a: Sneasler|13\/100\n|\n|upkeep\n|turn|4\n|\n|t:|1699910027\n|move|p2a: Sneasler|Close Combat|p1a: Glimmora\n|-damage|p1a: Glimmora|0 fnt\n|-unboost|p2a: Sneasler|def|1\n|-unboost|p2a: Sneasler|spd|1\n|-activate|p1a: Glimmora|ability: Toxic Debris\n|-sidestart|p2: Mishrooms|move: Toxic Spikes\n|-enditem|p2a: Sneasler|White Herb\n|-clearnegativeboost|p2a: Sneasler|[silent]\n|faint|p1a: Glimmora\n|\n|upkeep\n|\n|t:|1699910037\n|switch|p1a: Great Tusk|Great Tusk|100\/100\n|turn|5\n|\n|t:|1699910047\n|-terastallize|p2a: Sneasler|Flying\n|-terastallize|p1a: Great Tusk|Poison\n|move|p2a: Sneasler|Acrobatics|p1a: Great Tusk\n|-damage|p1a: Great Tusk|11\/100\n|move|p1a: Great Tusk|Rapid Spin|p2a: Sneasler\n|-damage|p2a: Sneasler|0 fnt\n|-boost|p1a: Great Tusk|spe|1\n|faint|p2a: Sneasler\n|\n|upkeep\n|\n|t:|1699910063\n|switch|p2a: Cinderace|Cinderace, F|100\/100\n|turn|6\n|\n|t:|1699910068\n|move|p1a: Great Tusk|Headlong Rush|p2a: Cinderace\n|-supereffective|p2a: Cinderace\n|-damage|p2a: Cinderace|0 fnt\n|-unboost|p1a: Great Tusk|def|1\n|-unboost|p1a: Great Tusk|spd|1\n|faint|p2a: Cinderace\n|\n|upkeep\n|\n|t:|1699910078\n|switch|p2a: Kingambit|Kingambit, F|100\/100\n|-activate|p2a: Kingambit|ability: Supreme Overlord\n|-start|p2a: Kingambit|fallen3|[silent]\n|turn|7\n|\n|t:|1699910083\n|move|p2a: Kingambit|Sucker Punch|p1a: Great Tusk\n|-damage|p1a: Great Tusk|0 fnt\n|faint|p1a: Great Tusk\n|-end|p1a: Great Tusk|Protosynthesis|[silent]\n|\n|upkeep\n|\n|t:|1699910085\n|switch|p1a: Meowscarada|Meowscarada, F|100\/100\n|turn|8\n|\n|t:|1699910087\n|move|p1a: Meowscarada|Low Kick|p2a: Kingambit\n|-start|p1a: Meowscarada|typechange|Fighting|[from] ability: Protean\n|-supereffective|p2a: Kingambit\n|-damage|p2a: Kingambit|0 fnt\n|faint|p2a: Kingambit\n|-end|p2a: Kingambit|fallen3|[silent]\n|\n|upkeep\n|\n|t:|1699910093\n|switch|p2a: Ogerpon|Ogerpon-Wellspring, F|100\/100\n|-status|p2a: Ogerpon|psn\n|turn|9\n|\n|t:|1699910105\n|switch|p1a: Thundurus|Thundurus-Therian, M|100\/100\n|move|p2a: Ogerpon|Knock Off|p1a: Thundurus\n|-damage|p1a: Thundurus|38\/100\n|-enditem|p1a: Thundurus|Choice Specs|[from] move: Knock Off|[of] p2a: Ogerpon\n|\n|-damage|p2a: Ogerpon|88\/100 psn|[from] psn\n|upkeep\n|turn|10\n|\n|t:|1699910114\n|move|p2a: Ogerpon|Ivy Cudgel|p1a: Thundurus\n|-damage|p1a: Thundurus|0 fnt\n|faint|p1a: Thundurus\n|\n|-damage|p2a: Ogerpon|76\/100 psn|[from] psn\n|upkeep\n|\n|t:|1699910116\n|switch|p1a: Meowscarada|Meowscarada, F|100\/100\n|turn|11\n|\n|t:|1699910124\n|switch|p2a: Dragapult|Dragapult, F|100\/100\n|-status|p2a: Dragapult|psn\n|move|p1a: Meowscarada|U-turn|p2a: Dragapult\n|-start|p1a: Meowscarada|typechange|Bug|[from] ability: Protean\n|-resisted|p2a: Dragapult\n|-damage|p2a: Dragapult|67\/100 psn\n|\n|t:|1699910131\n|switch|p1a: Dragapult|Dragapult, F|100\/100|[from] U-turn\n|\n|-damage|p2a: Dragapult|54\/100 psn|[from] psn\n|upkeep\n|turn|12\n|\n|t:|1699910137\n|move|p1a: Dragapult|Hex|p2a: Dragapult\n|-supereffective|p2a: Dragapult\n|-damage|p2a: Dragapult|0 fnt\n|faint|p2a: Dragapult\n|\n|upkeep\n|\n|t:|1699910141\n|switch|p2a: Ogerpon|Ogerpon-Wellspring, F|76\/100 psn\n|turn|13\n|\n|t:|1699910143\n|move|p1a: Dragapult|Hex|p2a: Ogerpon\n|-damage|p2a: Ogerpon|5\/100 psn\n|move|p2a: Ogerpon|Knock Off|p1a: Dragapult\n|-supereffective|p1a: Dragapult\n|-crit|p1a: Dragapult\n|-damage|p1a: Dragapult|0 fnt\n|-enditem|p1a: Dragapult|Heavy-Duty Boots|[from] move: Knock Off|[of] p2a: Ogerpon\n|faint|p1a: Dragapult\n|\n|-damage|p2a: Ogerpon|0 fnt|[from] psn\n|faint|p2a: Ogerpon\n|\n|win|PLAYB0I R0BBIE B\n|upkeep\n|raw|PLAYB0I R0BBIE B's rating: 1332 &rarr; <strong>1353<\/strong><br \/>(+21 for winning)\n|raw|Mishrooms's rating: 1357 &rarr; <strong>1336<\/strong><br \/>(-21 for losing)\n","uploadtime":1699910148,"views":9,"p1id":"playb0ir0bbieb","p2id":"mishrooms","formatid":"gen9ou","rating":1336,"private":0,"password":""}