{"id":"gen9ou-1996424829","p1":"Andrews Finn3","p2":"DeejaeIzaya","format":"[Gen 9] OU","log":"|j|\u2606Andrews Finn3\n|j|\u2606DeejaeIzaya\n|t:|1700680750\n|gametype|singles\n|player|p1|Andrews Finn3|steven|1141\n|player|p2|DeejaeIzaya|red|1051\n|teamsize|p1|6\n|teamsize|p2|6\n|gen|9\n|tier|[Gen 9] OU\n|rated|\n|rule|Sleep Clause Mod: Limit one foe put to sleep\n|rule|Species Clause: Limit one of each Pok\u00e9mon\n|rule|OHKO Clause: OHKO moves are banned\n|rule|Evasion Items Clause: Evasion items are banned\n|rule|Evasion Moves Clause: Evasion moves are banned\n|rule|Endless Battle Clause: Forcing endless battles is banned\n|rule|HP Percentage Mod: HP is shown in percentages\n|clearpoke\n|poke|p1|Alomomola, F|\n|poke|p1|Slowking-Galar, F|\n|poke|p1|Kingambit, F|\n|poke|p1|Great Tusk|\n|poke|p1|Cinderace, F|\n|poke|p1|Thundurus-Therian, M|\n|poke|p2|Politoed, F|\n|poke|p2|Ludicolo, F|\n|poke|p2|Corviknight, M|\n|poke|p2|Zapdos|\n|poke|p2|Basculegion, M|\n|poke|p2|Cinderace, F|\n|teampreview\n|inactive|Battle timer is ON: inactive players will automatically lose when time's up. (requested by DeejaeIzaya)\n|\n|t:|1700680761\n|start\n|switch|p1a: Thundurus|Thundurus-Therian, M|100\/100\n|switch|p2a: Cinderace|Cinderace, F|100\/100\n|turn|1\n|\n|t:|1700680767\n|move|p2a: Cinderace|Pyro Ball|p1a: Thundurus\n|-damage|p1a: Thundurus|19\/100\n|move|p1a: Thundurus|Volt Switch|p2a: Cinderace\n|-damage|p2a: Cinderace|19\/100\n|\n|t:|1700680774\n|switch|p1a: Alomomola|Alomomola, F|100\/100|[from] Volt Switch\n|\n|upkeep\n|turn|2\n|\n|t:|1700680778\n|move|p2a: Cinderace|U-turn|p1a: Alomomola\n|-start|p2a: Cinderace|typechange|Bug|[from] ability: Libero\n|-damage|p1a: Alomomola|81\/100\n|-enditem|p1a: Alomomola|Red Card|[of] p2a: Cinderace\n|drag|p2a: Basculegion|Basculegion, M|100\/100\n|move|p1a: Alomomola|Flip Turn|p2a: Basculegion\n|-resisted|p2a: Basculegion\n|-damage|p2a: Basculegion|90\/100\n|\n|t:|1700680790\n|switch|p1a: Thundurus|Thundurus-Therian, M|19\/100|[from] Flip Turn\n|\n|upkeep\n|turn|3\n|\n|t:|1700680815\n|switch|p2a: Zapdos|Zapdos|100\/100\n|move|p1a: Thundurus|Volt Switch|p2a: Zapdos\n|-damage|p2a: Zapdos|46\/100\n|\n|t:|1700680822\n|switch|p1a: Slowking|Slowking-Galar, F|100\/100|[from] Volt Switch\n|\n|upkeep\n|turn|4\n|\n|t:|1700680833\n|move|p2a: Zapdos|Volt Switch|p1a: Slowking\n|-damage|p1a: Slowking|81\/100\n|\n|t:|1700680839\n|switch|p2a: Corviknight|Corviknight, M|100\/100|[from] Volt Switch\n|move|p1a: Slowking|Chilly Reception|p1a: Slowking\n|-weather|Snow\n|\n|t:|1700680845\n|switch|p1a: Thundurus|Thundurus-Therian, M|19\/100|[from] Chilly Reception\n|\n|-weather|Snow|[upkeep]\n|upkeep\n|turn|5\n|\n|t:|1700680850\n|move|p1a: Thundurus|Volt Switch|p2a: Corviknight\n|-supereffective|p2a: Corviknight\n|-damage|p2a: Corviknight|0 fnt\n|faint|p2a: Corviknight\n|\n|t:|1700680863\n|switch|p1a: Slowking|Slowking-Galar, F|100\/100|[from] Volt Switch\n|\n|-weather|Snow|[upkeep]\n|upkeep\n|\n|t:|1700680867\n|switch|p2a: Politoed|Politoed, F|100\/100\n|-weather|RainDance|[from] ability: Drizzle|[of] p2a: Politoed\n|turn|6\n|\n|t:|1700680873\n|switch|p2a: Ludicolo|Ludicolo, F|100\/100\n|move|p1a: Slowking|Chilly Reception|p1a: Slowking\n|-weather|Snow\n|\n|t:|1700680880\n|switch|p1a: Thundurus|Thundurus-Therian, M|19\/100|[from] Chilly Reception\n|\n|-weather|Snow|[upkeep]\n|upkeep\n|turn|7\n|\n|t:|1700680885\n|move|p1a: Thundurus|Volt Switch|p2a: Ludicolo\n|-damage|p2a: Ludicolo|34\/100\n|\n|t:|1700680891\n|switch|p1a: Slowking|Slowking-Galar, F|100\/100|[from] Volt Switch\n|move|p2a: Ludicolo|Surf|p1a: Slowking\n|-damage|p1a: Slowking|67\/100\n|-damage|p2a: Ludicolo|24\/100|[from] item: Life Orb\n|\n|-weather|Snow|[upkeep]\n|upkeep\n|turn|8\n|\n|t:|1700680901\n|move|p2a: Ludicolo|Surf|p1a: Slowking\n|-damage|p1a: Slowking|34\/100\n|-damage|p2a: Ludicolo|14\/100|[from] item: Life Orb\n|move|p1a: Slowking|Sludge Bomb|p2a: Ludicolo\n|-supereffective|p2a: Ludicolo\n|-damage|p2a: Ludicolo|0 fnt\n|faint|p2a: Ludicolo\n|\n|-weather|Snow|[upkeep]\n|upkeep\n|\n|t:|1700680903\n|switch|p2a: Politoed|Politoed, F|100\/100\n|-weather|RainDance|[from] ability: Drizzle|[of] p2a: Politoed\n|turn|9\n|\n|t:|1700680907\n|switch|p1a: Alomomola|Alomomola, F|100\/100\n|move|p2a: Politoed|Surf|p1a: Alomomola\n|-resisted|p1a: Alomomola\n|-damage|p1a: Alomomola|71\/100\n|\n|-weather|RainDance|[upkeep]\n|upkeep\n|turn|10\n|\n|t:|1700680915\n|move|p2a: Politoed|Surf|p1a: Alomomola\n|-resisted|p1a: Alomomola\n|-damage|p1a: Alomomola|46\/100\n|move|p1a: Alomomola|Flip Turn|p2a: Politoed\n|-resisted|p2a: Politoed\n|-crit|p2a: Politoed\n|-damage|p2a: Politoed|81\/100\n|\n|t:|1700680926\n|switch|p1a: Slowking|Slowking-Galar, F|67\/100|[from] Flip Turn\n|\n|-weather|RainDance|[upkeep]\n|upkeep\n|turn|11\n|\n|t:|1700680941\n|move|p2a: Politoed|Surf|p1a: Slowking\n|-damage|p1a: Slowking|31\/100\n|move|p1a: Slowking|Chilly Reception|p1a: Slowking\n|-weather|Snow\n|inactive|Andrews Finn3 has 120 seconds left.\n|\n|t:|1700680976\n|switch|p1a: Thundurus|Thundurus-Therian, M|19\/100|[from] Chilly Reception\n|\n|-weather|Snow|[upkeep]\n|upkeep\n|turn|12\n|\n|t:|1700680981\n|switch|p2a: Zapdos|Zapdos|46\/100\n|move|p1a: Thundurus|Volt Switch|p2a: Zapdos\n|-damage|p2a: Zapdos|0 fnt\n|faint|p2a: Zapdos\n|inactive|Andrews Finn3 has 120 seconds left.\n|\n|t:|1700680995\n|switch|p1a: Cinderace|Cinderace, F|100\/100|[from] Volt Switch\n|\n|-weather|Snow|[upkeep]\n|upkeep\n|\n|t:|1700681008\n|switch|p2a: Cinderace|Cinderace, F|19\/100\n|turn|13\n|\n|t:|1700681013\n|move|p1a: Cinderace|U-turn|p2a: Cinderace\n|-start|p1a: Cinderace|typechange|Bug|[from] ability: Libero\n|-resisted|p2a: Cinderace\n|-damage|p2a: Cinderace|0 fnt\n|faint|p2a: Cinderace\n|-message|DeejaeIzaya forfeited.\n|\n|win|Andrews Finn3\n|raw|Andrews Finn3's rating: 1141 &rarr; <strong>1160<\/strong><br \/>(+19 for winning)\n|raw|DeejaeIzaya's rating: 1051 &rarr; <strong>1038<\/strong><br \/>(-13 for losing)\n|l|\u2606DeejaeIzaya\n","uploadtime":1700681023,"views":0,"p1id":"andrewsfinn3","p2id":"deejaeizaya","formatid":"gen9ou","rating":1038,"private":0,"password":""}