{"id":"gen9ou-1996392169","p1":"Ledod","p2":"lucascarneiro","format":"[Gen 9] OU","log":"|j|\u2606Ledod\n|j|\u2606lucascarneiro\n|t:|1700677661\n|gametype|singles\n|player|p1|Ledod|266|1473\n|player|p2|lucascarneiro|266|1454\n|teamsize|p1|6\n|teamsize|p2|6\n|gen|9\n|tier|[Gen 9] OU\n|rated|\n|rule|Sleep Clause Mod: Limit one foe put to sleep\n|rule|Species Clause: Limit one of each Pok\u00e9mon\n|rule|OHKO Clause: OHKO moves are banned\n|rule|Evasion Items Clause: Evasion items are banned\n|rule|Evasion Moves Clause: Evasion moves are banned\n|rule|Endless Battle Clause: Forcing endless battles is banned\n|rule|HP Percentage Mod: HP is shown in percentages\n|clearpoke\n|poke|p1|Breloom, M|\n|poke|p1|Samurott-Hisui, F|\n|poke|p1|Ribombee, M|\n|poke|p1|Gholdengo|\n|poke|p1|Iron Valiant|\n|poke|p1|Great Tusk|\n|poke|p2|Zarude|\n|poke|p2|Ribombee, M|\n|poke|p2|Gholdengo|\n|poke|p2|Great Tusk|\n|poke|p2|Indeedee, M|\n|poke|p2|Glimmora, F|\n|teampreview\n|inactive|Battle timer is ON: inactive players will automatically lose when time's up. (requested by lucascarneiro)\n|\n|t:|1700677685\n|start\n|switch|p1a: Ribombee|Ribombee, M|100\/100\n|switch|p2a: Ribombee|Ribombee, M|100\/100\n|turn|1\n|\n|t:|1700677699\n|move|p1a: Ribombee|Stun Spore|p2a: Ribombee\n|-status|p2a: Ribombee|par\n|move|p2a: Ribombee|Sticky Web|p1a: Ribombee\n|-sidestart|p1: Ledod|move: Sticky Web\n|\n|upkeep\n|turn|2\n|\n|t:|1700677707\n|move|p1a: Ribombee|Sticky Web|p2a: Ribombee\n|-sidestart|p2: lucascarneiro|move: Sticky Web\n|cant|p2a: Ribombee|par\n|\n|upkeep\n|turn|3\n|inactive|Ledod has 120 seconds left.\n|\n|t:|1700677741\n|switch|p1a: Gholdengo|Gholdengo|100\/100\n|-activate|p1a: Gholdengo|move: Sticky Web\n|-unboost|p1a: Gholdengo|spe|1\n|cant|p2a: Ribombee|par\n|\n|upkeep\n|turn|4\n|inactive|Ledod has 120 seconds left.\n|\n|t:|1700677757\n|switch|p2a: Indeedee|Indeedee, M|100\/100\n|-activate|p2a: Indeedee|move: Sticky Web\n|-unboost|p2a: Indeedee|spe|1\n|-fieldstart|move: Psychic Terrain|[from] ability: Psychic Surge|[of] p2a: Indeedee\n|move|p1a: Gholdengo|Nasty Plot|p1a: Gholdengo\n|-boost|p1a: Gholdengo|spa|2\n|\n|upkeep\n|turn|5\n|inactive|Ledod has 120 seconds left.\n|\n|t:|1700677772\n|move|p2a: Indeedee|Shadow Ball|p1a: Gholdengo\n|-supereffective|p1a: Gholdengo\n|-damage|p1a: Gholdengo|50\/100\n|move|p1a: Gholdengo|Make It Rain|p2a: Indeedee\n|-damage|p2a: Indeedee|0 fnt\n|-unboost|p1a: Gholdengo|spa|1\n|faint|p2a: Indeedee\n|\n|upkeep\n|\n|t:|1700677783\n|switch|p2a: Zarude|Zarude|100\/100\n|-activate|p2a: Zarude|move: Sticky Web\n|-unboost|p2a: Zarude|spe|1\n|-enditem|p2a: Zarude|Psychic Seed\n|-boost|p2a: Zarude|spd|1|[from] item: Psychic Seed\n|turn|6\n|inactive|Ledod has 120 seconds left.\n|\n|t:|1700677803\n|switch|p1a: Ribombee|Ribombee, M|100\/100\n|-activate|p1a: Ribombee|move: Sticky Web\n|-unboost|p1a: Ribombee|spe|1\n|move|p2a: Zarude|Bulk Up|p2a: Zarude\n|-boost|p2a: Zarude|atk|1\n|-boost|p2a: Zarude|def|1\n|\n|upkeep\n|turn|7\n|\n|t:|1700677816\n|-terastallize|p2a: Zarude|Flying\n|move|p1a: Ribombee|Moonblast|p2a: Zarude\n|-damage|p2a: Zarude|71\/100\n|move|p2a: Zarude|Acrobatics|p1a: Ribombee\n|-supereffective|p1a: Ribombee\n|-enditem|p1a: Ribombee|Focus Sash\n|-damage|p1a: Ribombee|1\/100\n|\n|upkeep\n|turn|8\n|\n|t:|1700677837\n|move|p1a: Ribombee|Stun Spore|p2a: Zarude\n|-status|p2a: Zarude|par\n|move|p2a: Zarude|Drain Punch|p1a: Ribombee\n|-resisted|p1a: Ribombee\n|-damage|p1a: Ribombee|0 fnt\n|-heal|p2a: Zarude|72\/100 par|[from] drain|[of] p1a: Ribombee\n|faint|p1a: Ribombee\n|\n|-fieldend|move: Psychic Terrain\n|upkeep\n|inactive|Ledod has 90 seconds left.\n|\n|t:|1700677856\n|switch|p1a: Gholdengo|Gholdengo|50\/100\n|-activate|p1a: Gholdengo|move: Sticky Web\n|-unboost|p1a: Gholdengo|spe|1\n|turn|9\n|inactive|Ledod has 90 seconds left.\n|\n|t:|1700677869\n|move|p1a: Gholdengo|Make It Rain|p2a: Zarude\n|-damage|p2a: Zarude|30\/100 par\n|-unboost|p1a: Gholdengo|spa|1\n|move|p2a: Zarude|Knock Off|p1a: Gholdengo\n|-supereffective|p1a: Gholdengo\n|-damage|p1a: Gholdengo|0 fnt\n|-enditem|p1a: Gholdengo|Covert Cloak|[from] move: Knock Off|[of] p2a: Zarude\n|faint|p1a: Gholdengo\n|\n|upkeep\n|\n|t:|1700677883\n|switch|p1a: Samurott|Samurott-Hisui, F|100\/100\n|-activate|p1a: Samurott|move: Sticky Web\n|-unboost|p1a: Samurott|spe|1\n|turn|10\n|inactive|Ledod has 60 seconds left.\n|\n|t:|1700677926\n|move|p1a: Samurott|Ceaseless Edge|p2a: Zarude\n|-damage|p2a: Zarude|4\/100 par\n|-sidestart|p2: lucascarneiro|Spikes\n|move|p2a: Zarude|Drain Punch|p1a: Samurott\n|-supereffective|p1a: Samurott\n|-enditem|p1a: Samurott|Focus Sash\n|-damage|p1a: Samurott|1\/100\n|-heal|p2a: Zarude|49\/100 par|[from] drain|[of] p1a: Samurott\n|\n|upkeep\n|turn|11\n|\n|t:|1700677937\n|move|p1a: Samurott|Ceaseless Edge|p2a: Zarude\n|-damage|p2a: Zarude|23\/100 par\n|-sidestart|p2: lucascarneiro|Spikes\n|move|p2a: Zarude|Drain Punch|p1a: Samurott\n|-supereffective|p1a: Samurott\n|-damage|p1a: Samurott|0 fnt\n|-heal|p2a: Zarude|23\/100 par|[from] drain|[of] p1a: Samurott\n|faint|p1a: Samurott\n|\n|upkeep\n|\n|t:|1700677947\n|switch|p1a: Iron Valiant|Iron Valiant|100\/100\n|-activate|p1a: Iron Valiant|move: Sticky Web\n|-unboost|p1a: Iron Valiant|spe|1\n|-enditem|p1a: Iron Valiant|Booster Energy\n|-activate|p1a: Iron Valiant|ability: Quark Drive|[fromitem]\n|-start|p1a: Iron Valiant|quarkdrivespa\n|turn|12\n|\n|t:|1700677961\n|move|p1a: Iron Valiant|Thunderbolt|p2a: Zarude\n|-supereffective|p2a: Zarude\n|-damage|p2a: Zarude|0 fnt\n|faint|p2a: Zarude\n|\n|upkeep\n|\n|t:|1700677973\n|switch|p2a: Gholdengo|Gholdengo|100\/100\n|-item|p2a: Gholdengo|Air Balloon\n|turn|13\n|\n|t:|1700678000\n|move|p2a: Gholdengo|Nasty Plot|p2a: Gholdengo\n|-boost|p2a: Gholdengo|spa|2\n|move|p1a: Iron Valiant|Shadow Ball|p2a: Gholdengo\n|-supereffective|p2a: Gholdengo\n|-damage|p2a: Gholdengo|17\/100\n|-unboost|p2a: Gholdengo|spd|1\n|-enditem|p2a: Gholdengo|Air Balloon\n|\n|upkeep\n|turn|14\n|inactive|Ledod has 30 seconds left.\n|\n|t:|1700678015\n|-terastallize|p1a: Iron Valiant|Ghost\n|move|p2a: Gholdengo|Shadow Ball|p1a: Iron Valiant\n|-supereffective|p1a: Iron Valiant\n|-damage|p1a: Iron Valiant|0 fnt\n|faint|p1a: Iron Valiant\n|-end|p1a: Iron Valiant|Quark Drive|[silent]\n|\n|upkeep\n|inactive|Ledod has 30 seconds left.\n|\n|t:|1700678025\n|switch|p1a: Great Tusk|Great Tusk|100\/100\n|-activate|p1a: Great Tusk|move: Sticky Web\n|-unboost|p1a: Great Tusk|spe|1\n|-enditem|p1a: Great Tusk|Booster Energy\n|-activate|p1a: Great Tusk|ability: Protosynthesis|[fromitem]\n|-start|p1a: Great Tusk|protosynthesisatk\n|turn|15\n|inactive|Ledod has 30 seconds left.\n|\n|t:|1700678042\n|move|p2a: Gholdengo|Make It Rain|p1a: Great Tusk\n|-damage|p1a: Great Tusk|0 fnt\n|-unboost|p2a: Gholdengo|spa|1\n|faint|p1a: Great Tusk\n|-end|p1a: Great Tusk|Protosynthesis|[silent]\n|\n|upkeep\n|inactive|Ledod has 30 seconds left this turn.\n|\n|t:|1700678048\n|switch|p1a: Breloom|Breloom, M|100\/100\n|-activate|p1a: Breloom|move: Sticky Web\n|-unboost|p1a: Breloom|spe|1\n|turn|16\n|inactive|Ledod has 30 seconds left.\n|\n|t:|1700678055\n|move|p2a: Gholdengo|Make It Rain|p1a: Breloom\n|-enditem|p1a: Breloom|Focus Sash\n|-damage|p1a: Breloom|1\/100\n|-unboost|p2a: Gholdengo|spa|1\n|move|p1a: Breloom|Spore|p2a: Gholdengo\n|-immune|p2a: Gholdengo|[from] ability: Good as Gold\n|\n|upkeep\n|turn|17\n|-message|Ledod forfeited.\n|\n|win|lucascarneiro\n|raw|Ledod's rating: 1473 &rarr; <strong>1452<\/strong><br \/>(-21 for losing)\n|raw|lucascarneiro's rating: 1454 &rarr; <strong>1475<\/strong><br \/>(+21 for winning)\n|l|\u2606Ledod\n","uploadtime":1700678069,"views":2,"p1id":"ledod","p2id":"lucascarneiro","formatid":"gen9ou","rating":1452,"private":0,"password":""}