{"id":"gen9ou-1998181955","p1":"ChillLanturnYT","p2":"Gabriel RDD","format":"[Gen 9] OU","log":"|j|\u2606ChillLanturnYT\n|j|\u2606Gabriel RDD\n|t:|1700907859\n|gametype|singles\n|player|p1|ChillLanturnYT|palmer|1260\n|player|p2|Gabriel RDD|265|1258\n|teamsize|p1|6\n|teamsize|p2|6\n|gen|9\n|tier|[Gen 9] OU\n|rated|\n|rule|Sleep Clause Mod: Limit one foe put to sleep\n|rule|Species Clause: Limit one of each Pok\u00e9mon\n|rule|OHKO Clause: OHKO moves are banned\n|rule|Evasion Items Clause: Evasion items are banned\n|rule|Evasion Moves Clause: Evasion moves are banned\n|rule|Endless Battle Clause: Forcing endless battles is banned\n|rule|HP Percentage Mod: HP is shown in percentages\n|clearpoke\n|poke|p1|Revavroom, F|\n|poke|p1|Landorus-Therian, M|\n|poke|p1|Ceruledge, M|\n|poke|p1|Rillaboom, M|\n|poke|p1|Cinderace, F|\n|poke|p1|Zamazenta-*|\n|poke|p2|Cinderace, F|\n|poke|p2|Ceruledge, F|\n|poke|p2|Quaquaval, F|\n|poke|p2|Dragonite, F|\n|poke|p2|Zamazenta-*|\n|poke|p2|Iron Valiant|\n|teampreview\n|\n|t:|1700907873\n|start\n|switch|p1a: Landorus|Landorus-Therian, M|100\/100\n|switch|p2a: Dragonite|Dragonite, F|100\/100\n|-ability|p1a: Landorus|Intimidate|boost\n|-unboost|p2a: Dragonite|atk|1\n|turn|1\n|\n|t:|1700907887\n|move|p2a: Dragonite|Ice Spinner|p1a: Landorus\n|-supereffective|p1a: Landorus\n|-damage|p1a: Landorus|46\/100\n|move|p1a: Landorus|U-turn|p2a: Dragonite\n|-resisted|p2a: Dragonite\n|-damage|p2a: Dragonite|95\/100\n|\n|t:|1700907898\n|switch|p1a: Cinderace|Cinderace, F|100\/100|[from] U-turn\n|\n|-heal|p2a: Dragonite|100\/100|[from] item: Leftovers\n|upkeep\n|turn|2\n|\n|t:|1700907910\n|move|p1a: Cinderace|Will-O-Wisp|p2a: Dragonite\n|-status|p2a: Dragonite|brn\n|move|p2a: Dragonite|Dragon Dance|p2a: Dragonite\n|-boost|p2a: Dragonite|atk|1\n|-boost|p2a: Dragonite|spe|1\n|\n|-damage|p2a: Dragonite|94\/100 brn|[from] brn\n|upkeep\n|turn|3\n|\n|t:|1700907920\n|move|p2a: Dragonite|Dragon Dance|p2a: Dragonite\n|-boost|p2a: Dragonite|atk|1\n|-boost|p2a: Dragonite|spe|1\n|move|p1a: Cinderace|U-turn|p2a: Dragonite\n|-start|p1a: Cinderace|typechange|Bug|[from] ability: Libero\n|-resisted|p2a: Dragonite\n|-damage|p2a: Dragonite|77\/100 brn\n|\n|t:|1700907923\n|switch|p1a: Landorus|Landorus-Therian, M|46\/100|[from] U-turn\n|-ability|p1a: Landorus|Intimidate|boost\n|-unboost|p2a: Dragonite|atk|1\n|\n|-heal|p2a: Dragonite|83\/100 brn|[from] item: Leftovers\n|-heal|p1a: Landorus|52\/100|[from] item: Leftovers\n|-damage|p2a: Dragonite|77\/100 brn|[from] brn\n|upkeep\n|turn|4\n|\n|t:|1700907933\n|switch|p1a: Zamazenta|Zamazenta|100\/100\n|-ability|p1a: Zamazenta|Dauntless Shield|boost\n|-boost|p1a: Zamazenta|def|1\n|move|p2a: Dragonite|Ice Spinner|p1a: Zamazenta\n|-damage|p1a: Zamazenta|93\/100\n|\n|-heal|p2a: Dragonite|83\/100 brn|[from] item: Leftovers\n|-heal|p1a: Zamazenta|99\/100|[from] item: Leftovers\n|-damage|p2a: Dragonite|77\/100 brn|[from] brn\n|upkeep\n|turn|5\n|\n|t:|1700907942\n|move|p2a: Dragonite|Dragon Dance|p2a: Dragonite\n|-boost|p2a: Dragonite|atk|1\n|-boost|p2a: Dragonite|spe|1\n|move|p1a: Zamazenta|Substitute|p1a: Zamazenta\n|-start|p1a: Zamazenta|Substitute\n|-damage|p1a: Zamazenta|74\/100\n|\n|-heal|p2a: Dragonite|83\/100 brn|[from] item: Leftovers\n|-heal|p1a: Zamazenta|80\/100|[from] item: Leftovers\n|-damage|p2a: Dragonite|77\/100 brn|[from] brn\n|upkeep\n|turn|6\n|\n|t:|1700907958\n|move|p2a: Dragonite|Dragon Dance|p2a: Dragonite\n|-boost|p2a: Dragonite|atk|1\n|-boost|p2a: Dragonite|spe|1\n|move|p1a: Zamazenta|Iron Defense|p1a: Zamazenta\n|-boost|p1a: Zamazenta|def|2\n|\n|-heal|p2a: Dragonite|83\/100 brn|[from] item: Leftovers\n|-heal|p1a: Zamazenta|87\/100|[from] item: Leftovers\n|-damage|p2a: Dragonite|77\/100 brn|[from] brn\n|upkeep\n|turn|7\n|\n|t:|1700907982\n|move|p2a: Dragonite|Dragon Dance|p2a: Dragonite\n|-boost|p2a: Dragonite|atk|1\n|-boost|p2a: Dragonite|spe|1\n|move|p1a: Zamazenta|Iron Defense|p1a: Zamazenta\n|-boost|p1a: Zamazenta|def|2\n|\n|-heal|p2a: Dragonite|83\/100 brn|[from] item: Leftovers\n|-heal|p1a: Zamazenta|93\/100|[from] item: Leftovers\n|-damage|p2a: Dragonite|77\/100 brn|[from] brn\n|upkeep\n|turn|8\n|\n|t:|1700907988\n|move|p2a: Dragonite|Dragon Dance|p2a: Dragonite\n|-boost|p2a: Dragonite|atk|1\n|-boost|p2a: Dragonite|spe|1\n|move|p1a: Zamazenta|Body Press|p2a: Dragonite\n|-resisted|p2a: Dragonite\n|-damage|p2a: Dragonite|17\/100 brn\n|\n|-heal|p2a: Dragonite|23\/100 brn|[from] item: Leftovers\n|-heal|p1a: Zamazenta|99\/100|[from] item: Leftovers\n|-damage|p2a: Dragonite|17\/100 brn|[from] brn\n|upkeep\n|turn|9\n|\n|t:|1700908019\n|move|p2a: Dragonite|Earthquake|p1a: Zamazenta\n|-activate|p1a: Zamazenta|move: Substitute|[damage]\n|move|p1a: Zamazenta|Body Press|p2a: Dragonite\n|-resisted|p2a: Dragonite\n|-damage|p2a: Dragonite|0 fnt\n|faint|p2a: Dragonite\n|\n|-heal|p1a: Zamazenta|100\/100|[from] item: Leftovers\n|upkeep\n|\n|t:|1700908035\n|switch|p2a: Ceruledge|Ceruledge, F|100\/100\n|turn|10\n|\n|t:|1700908045\n|move|p1a: Zamazenta|Heavy Slam|p2a: Ceruledge\n|-resisted|p2a: Ceruledge\n|-damage|p2a: Ceruledge|87\/100\n|-ability|p2a: Ceruledge|Weak Armor|boost\n|-unboost|p2a: Ceruledge|def|1\n|-boost|p2a: Ceruledge|spe|2\n|move|p2a: Ceruledge|Bitter Blade|p1a: Zamazenta\n|-activate|p1a: Zamazenta|move: Substitute|[damage]\n|-heal|p2a: Ceruledge|93\/100|[from] drain|[of] p1a: Zamazenta\n|\n|upkeep\n|turn|11\n|\n|t:|1700908055\n|move|p2a: Ceruledge|Bitter Blade|p1a: Zamazenta\n|-end|p1a: Zamazenta|Substitute\n|-heal|p2a: Ceruledge|95\/100|[from] drain|[of] p1a: Zamazenta\n|move|p1a: Zamazenta|Heavy Slam|p2a: Ceruledge\n|-resisted|p2a: Ceruledge\n|-damage|p2a: Ceruledge|75\/100\n|-ability|p2a: Ceruledge|Weak Armor|boost\n|-unboost|p2a: Ceruledge|def|1\n|-boost|p2a: Ceruledge|spe|2\n|\n|upkeep\n|turn|12\n|\n|t:|1700908066\n|move|p2a: Ceruledge|Bitter Blade|p1a: Zamazenta\n|-damage|p1a: Zamazenta|90\/100\n|-heal|p2a: Ceruledge|81\/100|[from] drain|[of] p1a: Zamazenta\n|move|p1a: Zamazenta|Substitute|p1a: Zamazenta\n|-start|p1a: Zamazenta|Substitute\n|-damage|p1a: Zamazenta|65\/100\n|\n|-heal|p1a: Zamazenta|71\/100|[from] item: Leftovers\n|upkeep\n|turn|13\n|\n|t:|1700908077\n|move|p2a: Ceruledge|Bitter Blade|p1a: Zamazenta\n|-activate|p1a: Zamazenta|move: Substitute|[damage]\n|-heal|p2a: Ceruledge|88\/100|[from] drain|[of] p1a: Zamazenta\n|move|p1a: Zamazenta|Heavy Slam|p2a: Ceruledge\n|-resisted|p2a: Ceruledge\n|-damage|p2a: Ceruledge|63\/100\n|-ability|p2a: Ceruledge|Weak Armor|boost\n|-unboost|p2a: Ceruledge|def|1\n|-boost|p2a: Ceruledge|spe|2\n|\n|-heal|p1a: Zamazenta|77\/100|[from] item: Leftovers\n|upkeep\n|turn|14\n|\n|t:|1700908085\n|move|p2a: Ceruledge|Bitter Blade|p1a: Zamazenta\n|-activate|p1a: Zamazenta|move: Substitute|[damage]\n|-heal|p2a: Ceruledge|69\/100|[from] drain|[of] p1a: Zamazenta\n|move|p1a: Zamazenta|Heavy Slam|p2a: Ceruledge\n|-resisted|p2a: Ceruledge\n|-damage|p2a: Ceruledge|39\/100\n|-ability|p2a: Ceruledge|Weak Armor|boost\n|-unboost|p2a: Ceruledge|def|1\n|\n|-heal|p1a: Zamazenta|83\/100|[from] item: Leftovers\n|upkeep\n|turn|15\n|\n|t:|1700908095\n|move|p2a: Ceruledge|Bitter Blade|p1a: Zamazenta\n|-end|p1a: Zamazenta|Substitute\n|-heal|p2a: Ceruledge|41\/100|[from] drain|[of] p1a: Zamazenta\n|move|p1a: Zamazenta|Heavy Slam|p2a: Ceruledge\n|-resisted|p2a: Ceruledge\n|-damage|p2a: Ceruledge|2\/100\n|-ability|p2a: Ceruledge|Weak Armor|boost\n|-unboost|p2a: Ceruledge|def|1\n|-enditem|p2a: Ceruledge|Aguav Berry|[eat]\n|-heal|p2a: Ceruledge|35\/100|[from] item: Aguav Berry\n|\n|-heal|p1a: Zamazenta|90\/100|[from] item: Leftovers\n|upkeep\n|turn|16\n|\n|t:|1700908104\n|move|p2a: Ceruledge|Bitter Blade|p1a: Zamazenta\n|-damage|p1a: Zamazenta|79\/100\n|-heal|p2a: Ceruledge|41\/100|[from] drain|[of] p1a: Zamazenta\n|move|p1a: Zamazenta|Substitute|p1a: Zamazenta\n|-start|p1a: Zamazenta|Substitute\n|-damage|p1a: Zamazenta|54\/100\n|\n|-heal|p1a: Zamazenta|60\/100|[from] item: Leftovers\n|upkeep\n|turn|17\n|\n|t:|1700908122\n|move|p2a: Ceruledge|Bitter Blade|p1a: Zamazenta\n|-activate|p1a: Zamazenta|move: Substitute|[damage]\n|-heal|p2a: Ceruledge|48\/100|[from] drain|[of] p1a: Zamazenta\n|move|p1a: Zamazenta|Heavy Slam|p2a: Ceruledge\n|-resisted|p2a: Ceruledge\n|-damage|p2a: Ceruledge|2\/100\n|-ability|p2a: Ceruledge|Weak Armor|boost\n|-unboost|p2a: Ceruledge|def|1\n|\n|-heal|p1a: Zamazenta|66\/100|[from] item: Leftovers\n|upkeep\n|turn|18\n|\n|t:|1700908134\n|move|p2a: Ceruledge|Bitter Blade|p1a: Zamazenta\n|-end|p1a: Zamazenta|Substitute\n|-heal|p2a: Ceruledge|8\/100|[from] drain|[of] p1a: Zamazenta\n|move|p1a: Zamazenta|Heavy Slam|p2a: Ceruledge\n|-resisted|p2a: Ceruledge\n|-damage|p2a: Ceruledge|0 fnt\n|faint|p2a: Ceruledge\n|\n|-heal|p1a: Zamazenta|73\/100|[from] item: Leftovers\n|upkeep\n|\n|t:|1700908142\n|switch|p2a: Iron Valiant|Iron Valiant|100\/100\n|-enditem|p2a: Iron Valiant|Booster Energy\n|-activate|p2a: Iron Valiant|ability: Quark Drive|[fromitem]\n|-start|p2a: Iron Valiant|quarkdrivespe\n|turn|19\n|\n|t:|1700908156\n|move|p2a: Iron Valiant|Moonblast|p1a: Zamazenta\n|-supereffective|p1a: Zamazenta\n|-damage|p1a: Zamazenta|1\/100\n|-unboost|p1a: Zamazenta|spa|1\n|move|p1a: Zamazenta|Heavy Slam|p2a: Iron Valiant\n|-supereffective|p2a: Iron Valiant\n|-damage|p2a: Iron Valiant|20\/100\n|\n|-heal|p1a: Zamazenta|7\/100|[from] item: Leftovers\n|upkeep\n|turn|20\n|\n|t:|1700908168\n|move|p2a: Iron Valiant|Moonblast|p1a: Zamazenta\n|-supereffective|p1a: Zamazenta\n|-damage|p1a: Zamazenta|0 fnt\n|faint|p1a: Zamazenta\n|\n|upkeep\n|\n|t:|1700908170\n|switch|p1a: Rillaboom|Rillaboom, M|100\/100\n|-fieldstart|move: Grassy Terrain|[from] ability: Grassy Surge|[of] p1a: Rillaboom\n|turn|21\n|\n|t:|1700908179\n|-end|p2a: Iron Valiant|Quark Drive|[silent]\n|switch|p2a: Cinderace|Cinderace, F|100\/100\n|move|p1a: Rillaboom|Grassy Glide|p2a: Cinderace\n|-resisted|p2a: Cinderace\n|-crit|p2a: Cinderace\n|-damage|p2a: Cinderace|36\/100\n|\n|-heal|p2a: Cinderace|42\/100|[from] Grassy Terrain\n|upkeep\n|turn|22\n|\n|t:|1700908198\n|switch|p1a: Landorus|Landorus-Therian, M|52\/100\n|-ability|p1a: Landorus|Intimidate|boost\n|-unboost|p2a: Cinderace|atk|1\n|move|p2a: Cinderace|Pyro Ball|p1a: Landorus\n|-damage|p1a: Landorus|23\/100\n|\n|-heal|p2a: Cinderace|48\/100|[from] Grassy Terrain\n|-heal|p1a: Landorus|29\/100|[from] item: Leftovers\n|upkeep\n|turn|23\n|\n|t:|1700908207\n|move|p2a: Cinderace|Pyro Ball|p1a: Landorus\n|-damage|p1a: Landorus|4\/100\n|move|p1a: Landorus|Earthquake|p2a: Cinderace\n|-supereffective|p2a: Cinderace\n|-damage|p2a: Cinderace|0 fnt\n|faint|p2a: Cinderace\n|\n|-heal|p1a: Landorus|10\/100|[from] item: Leftovers\n|upkeep\n|\n|t:|1700908227\n|switch|p2a: Iron Valiant|Iron Valiant|20\/100\n|turn|24\n|\n|t:|1700908250\n|move|p2a: Iron Valiant|Psyshock|p1a: Landorus\n|-damage|p1a: Landorus|0 fnt\n|faint|p1a: Landorus\n|\n|-heal|p2a: Iron Valiant|26\/100|[from] Grassy Terrain\n|upkeep\n|inactive|Battle timer is ON: inactive players will automatically lose when time's up. (requested by Gabriel RDD)\n|\n|t:|1700908329\n|switch|p1a: Revavroom|Revavroom, F|100\/100\n|turn|25\n|\n|t:|1700908341\n|move|p2a: Iron Valiant|Close Combat|p1a: Revavroom\n|-damage|p1a: Revavroom|32\/100\n|-unboost|p2a: Iron Valiant|def|1\n|-unboost|p2a: Iron Valiant|spd|1\n|move|p1a: Revavroom|Shift Gear|p1a: Revavroom\n|-boost|p1a: Revavroom|spe|2\n|-boost|p1a: Revavroom|atk|1\n|\n|-heal|p1a: Revavroom|38\/100|[from] Grassy Terrain\n|-heal|p2a: Iron Valiant|32\/100|[from] Grassy Terrain\n|-fieldend|move: Grassy Terrain\n|upkeep\n|turn|26\n|\n|t:|1700908354\n|move|p1a: Revavroom|Zen Headbutt|p2a: Iron Valiant\n|-supereffective|p2a: Iron Valiant\n|-crit|p2a: Iron Valiant\n|-damage|p2a: Iron Valiant|0 fnt\n|faint|p2a: Iron Valiant\n|-end|p2a: Iron Valiant|Quark Drive|[silent]\n|\n|upkeep\n|\n|t:|1700908364\n|switch|p2a: Zamazenta|Zamazenta|100\/100\n|-ability|p2a: Zamazenta|Dauntless Shield|boost\n|-boost|p2a: Zamazenta|def|1\n|turn|27\n|\n|t:|1700908371\n|move|p1a: Revavroom|Zen Headbutt|p2a: Zamazenta\n|-supereffective|p2a: Zamazenta\n|-damage|p2a: Zamazenta|51\/100\n|cant|p2a: Zamazenta|flinch\n|\n|-heal|p2a: Zamazenta|57\/100|[from] item: Leftovers\n|upkeep\n|turn|28\n|\n|t:|1700908376\n|move|p1a: Revavroom|Zen Headbutt|p2a: Zamazenta\n|-supereffective|p2a: Zamazenta\n|-damage|p2a: Zamazenta|7\/100\n|move|p2a: Zamazenta|Close Combat|p1a: Revavroom\n|-damage|p1a: Revavroom|0 fnt\n|-unboost|p2a: Zamazenta|def|1\n|-unboost|p2a: Zamazenta|spd|1\n|faint|p1a: Revavroom\n|\n|-heal|p2a: Zamazenta|13\/100|[from] item: Leftovers\n|upkeep\n|inactive|ChillLanturnYT has 120 seconds left.\n|\n|t:|1700908410\n|switch|p1a: Rillaboom|Rillaboom, M|100\/100\n|-fieldstart|move: Grassy Terrain|[from] ability: Grassy Surge|[of] p1a: Rillaboom\n|turn|29\n|\n|t:|1700908433\n|move|p1a: Rillaboom|Grassy Glide|p2a: Zamazenta\n|-damage|p2a: Zamazenta|0 fnt\n|faint|p2a: Zamazenta\n|\n|upkeep\n|\n|t:|1700908436\n|switch|p2a: Quaquaval|Quaquaval, F|100\/100\n|turn|30\n|\n|t:|1700908439\n|move|p1a: Rillaboom|Grassy Glide|p2a: Quaquaval\n|-supereffective|p2a: Quaquaval\n|-damage|p2a: Quaquaval|0 fnt\n|faint|p2a: Quaquaval\n|\n|win|ChillLanturnYT\n|raw|ChillLanturnYT's rating: 1260 &rarr; <strong>1285<\/strong><br \/>(+25 for winning)\n|raw|Gabriel RDD's rating: 1258 &rarr; <strong>1233<\/strong><br \/>(-25 for losing)\n|l|\u2606Gabriel RDD\n","uploadtime":1700908447,"views":1,"p1id":"chilllanturnyt","p2id":"gabrielrdd","formatid":"gen9ou","rating":1233,"private":0,"password":""}