{"id":"gen9ou-1994229674","p1":"caueOMEGA","p2":"IchiNiAndKevin!","format":"[Gen 9] OU","log":"|j|\u2606caueOMEGA\n|j|\u2606IchiNiAndKevin!\n|t:|1700421299\n|gametype|singles\n|player|p1|caueOMEGA|102|1041\n|player|p2|IchiNiAndKevin!|irida|1110\n|teamsize|p1|6\n|teamsize|p2|6\n|gen|9\n|tier|[Gen 9] OU\n|rated|\n|rule|Sleep Clause Mod: Limit one foe put to sleep\n|rule|Species Clause: Limit one of each Pok\u00e9mon\n|rule|OHKO Clause: OHKO moves are banned\n|rule|Evasion Items Clause: Evasion items are banned\n|rule|Evasion Moves Clause: Evasion moves are banned\n|rule|Endless Battle Clause: Forcing endless battles is banned\n|rule|HP Percentage Mod: HP is shown in percentages\n|clearpoke\n|poke|p1|Lucario, M|\n|poke|p1|Ceruledge, M|\n|poke|p1|Gardevoir, F|\n|poke|p1|Great Tusk|\n|poke|p1|Goodra-Hisui, F|\n|poke|p1|Iron Leaves|\n|poke|p2|Great Tusk|\n|poke|p2|Wyrdeer, M|\n|poke|p2|Sneasler, F|\n|poke|p2|Ting-Lu|\n|poke|p2|Iron Hands|\n|poke|p2|Zapdos|\n|teampreview\n|inactive|Battle timer is ON: inactive players will automatically lose when time's up. (requested by caueOMEGA)\n|\n|t:|1700421304\n|start\n|switch|p1a: Gardevoir|Gardevoir, F, shiny|100\/100\n|switch|p2a: Moose King|Ting-Lu|100\/100\n|-ability|p2a: Moose King|Vessel of Ruin\n|turn|1\n|\n|t:|1700421332\n|move|p1a: Gardevoir|Moonblast|p2a: Moose King\n|-supereffective|p2a: Moose King\n|-damage|p2a: Moose King|61\/100\n|-enditem|p2a: Moose King|Red Card|[of] p1a: Gardevoir\n|drag|p1a: Ceruledge|Ceruledge, M|100\/100\n|move|p2a: Moose King|Stealth Rock|p1a: Ceruledge\n|-sidestart|p1: caueOMEGA|move: Stealth Rock\n|\n|upkeep\n|turn|2\n|\n|t:|1700421345\n|move|p1a: Ceruledge|Bitter Blade|p2a: Moose King\n|-damage|p2a: Moose King|37\/100\n|move|p2a: Moose King|Spikes|p1a: Ceruledge\n|-sidestart|p1: caueOMEGA|Spikes\n|\n|upkeep\n|turn|3\n|\n|t:|1700421353\n|move|p1a: Ceruledge|Bitter Blade|p2a: Moose King\n|-damage|p2a: Moose King|11\/100\n|move|p2a: Moose King|Whirlwind|p1a: Ceruledge\n|drag|p1a: Goodra|Goodra-Hisui, F|100\/100\n|-damage|p1a: Goodra|94\/100|[from] Stealth Rock\n|-damage|p1a: Goodra|82\/100|[from] Spikes\n|\n|-heal|p1a: Goodra|88\/100|[from] item: Leftovers\n|upkeep\n|turn|4\n|\n|t:|1700421371\n|move|p1a: Goodra|Flash Cannon|p2a: Moose King\n|-damage|p2a: Moose King|0 fnt\n|faint|p2a: Moose King\n|\n|-heal|p1a: Goodra|94\/100|[from] item: Leftovers\n|upkeep\n|\n|t:|1700421376\n|switch|p2a: Great Tusk|Great Tusk|100\/100\n|turn|5\n|\n|t:|1700421383\n|move|p2a: Great Tusk|Close Combat|p1a: Goodra\n|-supereffective|p1a: Goodra\n|-damage|p1a: Goodra|0 fnt\n|-unboost|p2a: Great Tusk|def|1\n|-unboost|p2a: Great Tusk|spd|1\n|-ability|p1a: Goodra|Gooey\n|-unboost|p2a: Great Tusk|spe|1\n|faint|p1a: Goodra\n|\n|upkeep\n|\n|t:|1700421399\n|switch|p1a: Gardevoir|Gardevoir, F, shiny|100\/100\n|-damage|p1a: Gardevoir|88\/100|[from] Stealth Rock\n|-damage|p1a: Gardevoir|76\/100|[from] Spikes\n|turn|6\n|\n|t:|1700421407\n|move|p1a: Gardevoir|Moonblast|p2a: Great Tusk\n|-supereffective|p2a: Great Tusk\n|-damage|p2a: Great Tusk|0 fnt\n|faint|p2a: Great Tusk\n|-end|p2a: Great Tusk|Protosynthesis|[silent]\n|\n|-heal|p1a: Gardevoir|82\/100|[from] item: Leftovers\n|upkeep\n|\n|t:|1700421416\n|switch|p2a: HarnesserofThunder|Zapdos|100\/100\n|turn|7\n|\n|t:|1700421433\n|move|p2a: HarnesserofThunder|Hurricane|p1a: Gardevoir\n|-damage|p1a: Gardevoir|30\/100\n|-start|p1a: Gardevoir|confusion\n|-activate|p1a: Gardevoir|confusion\n|move|p1a: Gardevoir|Calm Mind|p1a: Gardevoir\n|-boost|p1a: Gardevoir|spa|1\n|-boost|p1a: Gardevoir|spd|1\n|\n|-heal|p1a: Gardevoir|36\/100|[from] item: Leftovers\n|upkeep\n|turn|8\n|\n|t:|1700421454\n|move|p2a: HarnesserofThunder|Volt Switch|p1a: Gardevoir\n|-damage|p1a: Gardevoir|14\/100\n|\n|t:|1700421457\n|switch|p2a: Da Deer|Wyrdeer, M, shiny|100\/100|[from] Volt Switch\n|-activate|p1a: Gardevoir|confusion\n|move|p1a: Gardevoir|Future Sight|p2a: Da Deer\n|-start|p1a: Gardevoir|move: Future Sight\n|\n|-heal|p1a: Gardevoir|20\/100|[from] item: Leftovers\n|upkeep\n|turn|9\n|\n|t:|1700421467\n|-end|p1a: Gardevoir|confusion\n|move|p1a: Gardevoir|Destiny Bond|p1a: Gardevoir\n|-singlemove|p1a: Gardevoir|Destiny Bond\n|move|p2a: Da Deer|Psyshield Bash|p1a: Gardevoir\n|-resisted|p1a: Gardevoir\n|-damage|p1a: Gardevoir|0 fnt\n|-boost|p2a: Da Deer|def|1\n|faint|p1a: Gardevoir\n|-activate|p1a: Gardevoir|move: Destiny Bond\n|faint|p2a: Da Deer\n|\n|upkeep\n|c|\u2606caueOMEGA|Op destiny bond\n|\n|t:|1700421494\n|switch|p1a: Lucario|Lucario, M, shiny|100\/100\n|switch|p2a: HarnesserofThunder|Zapdos|100\/100\n|-damage|p1a: Lucario|98\/100|[from] Stealth Rock\n|-damage|p1a: Lucario|85\/100|[from] Spikes\n|turn|10\n|\n|t:|1700421504\n|move|p1a: Lucario|Stone Edge|p2a: HarnesserofThunder\n|-supereffective|p2a: HarnesserofThunder\n|-damage|p2a: HarnesserofThunder|27\/100\n|move|p2a: HarnesserofThunder|Heat Wave|p1a: Lucario\n|-supereffective|p1a: Lucario\n|-damage|p1a: Lucario|1\/100\n|\n|-end|p2a: HarnesserofThunder|move: Future Sight\n|-damage|p2a: HarnesserofThunder|0 fnt\n|faint|p2a: HarnesserofThunder\n|upkeep\n|\n|t:|1700421519\n|switch|p2a: MAH MANN|Iron Hands|100\/100\n|turn|11\n|\n|t:|1700421526\n|move|p2a: MAH MANN|Fake Out|p1a: Lucario\n|-resisted|p1a: Lucario\n|-damage|p1a: Lucario|0 fnt\n|faint|p1a: Lucario\n|\n|upkeep\n|\n|t:|1700421541\n|switch|p1a: Great Tusk|Great Tusk|100\/100\n|-damage|p1a: Great Tusk|98\/100|[from] Stealth Rock\n|-damage|p1a: Great Tusk|85\/100|[from] Spikes\n|turn|12\n|\n|t:|1700421549\n|move|p1a: Great Tusk|Earthquake|p2a: MAH MANN\n|-supereffective|p2a: MAH MANN\n|-damage|p2a: MAH MANN|38\/100\n|move|p2a: MAH MANN|Drain Punch|p1a: Great Tusk\n|-damage|p1a: Great Tusk|53\/100\n|-heal|p2a: MAH MANN|50\/100|[from] drain|[of] p1a: Great Tusk\n|\n|-heal|p1a: Great Tusk|59\/100|[from] item: Leftovers\n|upkeep\n|turn|13\n|\n|t:|1700421561\n|move|p1a: Great Tusk|Earthquake|p2a: MAH MANN\n|-supereffective|p2a: MAH MANN\n|-damage|p2a: MAH MANN|0 fnt\n|faint|p2a: MAH MANN\n|-end|p2a: MAH MANN|Quark Drive|[silent]\n|\n|-heal|p1a: Great Tusk|65\/100|[from] item: Leftovers\n|upkeep\n|\n|t:|1700421562\n|switch|p2a: \u201cBanned\u201d|Sneasler, F|100\/100\n|turn|14\n|\n|t:|1700421578\n|-terastallize|p2a: \u201cBanned\u201d|Fighting\n|move|p2a: \u201cBanned\u201d|Fake Out|p1a: Great Tusk\n|-damage|p1a: Great Tusk|55\/100\n|cant|p1a: Great Tusk|flinch\n|\n|-heal|p1a: Great Tusk|61\/100|[from] item: Leftovers\n|upkeep\n|turn|15\n|\n|t:|1700421589\n|move|p2a: \u201cBanned\u201d|Close Combat|p1a: Great Tusk\n|-damage|p1a: Great Tusk|0 fnt\n|-unboost|p2a: \u201cBanned\u201d|def|1\n|-unboost|p2a: \u201cBanned\u201d|spd|1\n|faint|p1a: Great Tusk\n|-end|p1a: Great Tusk|Protosynthesis|[silent]\n|\n|upkeep\n|\n|t:|1700421596\n|switch|p1a: Ceruledge|Ceruledge, M|100\/100\n|-damage|p1a: Ceruledge|76\/100|[from] Stealth Rock\n|-damage|p1a: Ceruledge|63\/100|[from] Spikes\n|turn|16\n|\n|t:|1700421609\n|move|p2a: \u201cBanned\u201d|Dire Claw|p1a: Ceruledge\n|-resisted|p1a: Ceruledge\n|-damage|p1a: Ceruledge|32\/100\n|-status|p1a: Ceruledge|slp\n|cant|p1a: Ceruledge|slp\n|\n|-heal|p1a: Ceruledge|38\/100 slp|[from] item: Leftovers\n|upkeep\n|turn|17\n|\n|t:|1700421622\n|move|p2a: \u201cBanned\u201d|Dire Claw|p1a: Ceruledge\n|-resisted|p1a: Ceruledge\n|-damage|p1a: Ceruledge|7\/100 slp\n|cant|p1a: Ceruledge|slp\n|\n|-heal|p1a: Ceruledge|13\/100 slp|[from] item: Leftovers\n|upkeep\n|turn|18\n|\n|t:|1700421631\n|move|p2a: \u201cBanned\u201d|Dire Claw|p1a: Ceruledge\n|-resisted|p1a: Ceruledge\n|-damage|p1a: Ceruledge|0 fnt\n|faint|p1a: Ceruledge\n|\n|upkeep\n|c|\u2606caueOMEGA|!dex Dire Claw\n|raw|<ul class=\"utilichart\"><li class=\"result\"><span class=\"col movenamecol\"><a href=\"https:\/\/dex.pokemonshowdown.com\/moves\/direclaw\">Dire Claw<\/a><\/span> <span class=\"col typecol\"><img src=\"\/\/play.pokemonshowdown.com\/sprites\/types\/Poison.png\" alt=\"Poison\" width=\"32\" height=\"14\"><img src=\"\/\/play.pokemonshowdown.com\/sprites\/categories\/Physical.png\" alt=\"Physical\" width=\"32\" height=\"14\"><\/span> <span class=\"col labelcol\"><em>Power<\/em><br>80<\/span> <span class=\"col widelabelcol\"><em>Accuracy<\/em><br>100%<\/span> <span class=\"col pplabelcol\"><em>PP<\/em><br>24<\/span> <span class=\"col movedesccol\">50% chance to sleep, poison, or paralyze target.<\/span> <\/li><li style=\"clear:both\"><\/li><\/ul>\n\n|inactive|caueOMEGA has 120 seconds left.\n|c|\u2606caueOMEGA|U got so lucky xd\n|\n|t:|1700421655\n|switch|p1a: Iron Leaves|Iron Leaves|100\/100\n|-damage|p1a: Iron Leaves|88\/100|[from] Stealth Rock\n|-damage|p1a: Iron Leaves|76\/100|[from] Spikes\n|turn|19\n|inactive|caueOMEGA has 120 seconds left.\n|\n|t:|1700421675\n|-terastallize|p1a: Iron Leaves|Grass\n|move|p2a: \u201cBanned\u201d|U-turn|p1a: Iron Leaves\n|-supereffective|p1a: Iron Leaves\n|-damage|p1a: Iron Leaves|15\/100\n|move|p1a: Iron Leaves|Megahorn|p2a: \u201cBanned\u201d\n|-resisted|p2a: \u201cBanned\u201d\n|-crit|p2a: \u201cBanned\u201d\n|-damage|p2a: \u201cBanned\u201d|23\/100\n|\n|-heal|p1a: Iron Leaves|21\/100|[from] item: Leftovers\n|upkeep\n|turn|20\n|inactive|caueOMEGA has 120 seconds left.\n|c|\u2606IchiNiAndKevin!|gg\n|\n|t:|1700421690\n|move|p2a: \u201cBanned\u201d|Dire Claw|p1a: Iron Leaves\n|-supereffective|p1a: Iron Leaves\n|-damage|p1a: Iron Leaves|0 fnt\n|faint|p1a: Iron Leaves\n|-end|p1a: Iron Leaves|Quark Drive|[silent]\n|\n|win|IchiNiAndKevin!\n|raw|caueOMEGA's rating: 1041 &rarr; <strong>1028<\/strong><br \/>(-13 for losing)\n|raw|IchiNiAndKevin!'s rating: 1110 &rarr; <strong>1130<\/strong><br \/>(+20 for winning)\n","uploadtime":1700421699,"views":9,"p1id":"caueomega","p2id":"ichiniandkevin","formatid":"gen9ou","rating":1028,"private":0,"password":""}