{"id":"gen9ou-1990558366","p1":"TheTT6","p2":"Cinny69","format":"[Gen 9] OU","log":"|j|\u2606TheTT6\n|j|\u2606Cinny69\n|t:|1699981328\n|gametype|singles\n|player|p1|TheTT6|265|1519\n|player|p2|Cinny69|rika|1420\n|teamsize|p1|6\n|teamsize|p2|6\n|gen|9\n|tier|[Gen 9] OU\n|rated|\n|rule|Sleep Clause Mod: Limit one foe put to sleep\n|rule|Species Clause: Limit one of each Pok\u00e9mon\n|rule|OHKO Clause: OHKO moves are banned\n|rule|Evasion Items Clause: Evasion items are banned\n|rule|Evasion Moves Clause: Evasion moves are banned\n|rule|Endless Battle Clause: Forcing endless battles is banned\n|rule|HP Percentage Mod: HP is shown in percentages\n|clearpoke\n|poke|p1|Dragonite, M|\n|poke|p1|Landorus-Therian, M|\n|poke|p1|Clefable, F|\n|poke|p1|Meowscarada, M|\n|poke|p1|Gholdengo|\n|poke|p1|Volcanion|\n|poke|p2|Revavroom, M|\n|poke|p2|Iron Valiant|\n|poke|p2|Rotom-Wash|\n|poke|p2|Hydreigon, M|\n|poke|p2|Cinderace, M|\n|poke|p2|Toxapex, M|\n|teampreview\n|inactive|Battle timer is ON: inactive players will automatically lose when time's up. (requested by Cinny69)\n|inactive|TheTT6 also wants the timer to be on.\n|\n|t:|1699981351\n|start\n|switch|p1a: Meowscarada|Meowscarada, M|100\/100\n|switch|p2a: Cinderace|Cinderace, M|100\/100\n|turn|1\n|\n|t:|1699981360\n|switch|p1a: Volcanion|Volcanion|100\/100\n|move|p2a: Cinderace|Will-O-Wisp|p1a: Volcanion\n|-immune|p1a: Volcanion\n|\n|upkeep\n|turn|2\n|\n|t:|1699981368\n|switch|p2a: Rotom|Rotom-Wash|100\/100\n|move|p1a: Volcanion|Steam Eruption|p2a: Rotom\n|-resisted|p2a: Rotom\n|-damage|p2a: Rotom|72\/100\n|\n|-heal|p2a: Rotom|78\/100|[from] item: Leftovers\n|upkeep\n|turn|3\n|\n|t:|1699981381\n|move|p1a: Volcanion|Taunt|p2a: Rotom\n|-start|p2a: Rotom|move: Taunt\n|cant|p2a: Rotom|move: Taunt|Thunder Wave\n|\n|-heal|p2a: Rotom|84\/100|[from] item: Leftovers\n|upkeep\n|turn|4\n|\n|t:|1699981391\n|switch|p1a: Meowscarada|Meowscarada, M|100\/100\n|move|p2a: Rotom|Volt Switch|p1a: Meowscarada\n|-resisted|p1a: Meowscarada\n|-damage|p1a: Meowscarada|82\/100\n|\n|t:|1699981400\n|switch|p2a: Cinderace|Cinderace, M|100\/100|[from] Volt Switch\n|\n|upkeep\n|turn|5\n|\n|t:|1699981406\n|switch|p1a: Landorus|Landorus-Therian, M|100\/100\n|-ability|p1a: Landorus|Intimidate|boost\n|-unboost|p2a: Cinderace|atk|1\n|move|p2a: Cinderace|Gunk Shot|p1a: Landorus\n|-start|p2a: Cinderace|typechange|Poison|[from] ability: Libero\n|-resisted|p1a: Landorus\n|-damage|p1a: Landorus|86\/100\n|\n|-heal|p1a: Landorus|92\/100|[from] item: Leftovers\n|upkeep\n|turn|6\n|\n|t:|1699981422\n|move|p2a: Cinderace|Will-O-Wisp|p1a: Landorus\n|-status|p1a: Landorus|brn\n|move|p1a: Landorus|Earthquake|p2a: Cinderace\n|-supereffective|p2a: Cinderace\n|-damage|p2a: Cinderace|38\/100\n|\n|-heal|p1a: Landorus|98\/100 brn|[from] item: Leftovers\n|-damage|p1a: Landorus|92\/100 brn|[from] brn\n|upkeep\n|turn|7\n|\n|t:|1699981432\n|switch|p2a: Rotom|Rotom-Wash|84\/100\n|move|p1a: Landorus|Stealth Rock|p2a: Rotom\n|-sidestart|p2: Cinny69|move: Stealth Rock\n|\n|-heal|p1a: Landorus|98\/100 brn|[from] item: Leftovers\n|-heal|p2a: Rotom|90\/100|[from] item: Leftovers\n|-damage|p1a: Landorus|92\/100 brn|[from] brn\n|upkeep\n|turn|8\n|\n|t:|1699981442\n|move|p1a: Landorus|U-turn|p2a: Rotom\n|-damage|p2a: Rotom|82\/100\n|\n|t:|1699981445\n|switch|p1a: Volcanion|Volcanion|100\/100|[from] U-turn\n|move|p2a: Rotom|Thunder Wave|p1a: Volcanion\n|-status|p1a: Volcanion|par\n|\n|-heal|p2a: Rotom|88\/100|[from] item: Leftovers\n|upkeep\n|turn|9\n|\n|t:|1699981455\n|move|p2a: Rotom|Volt Switch|p1a: Volcanion\n|-supereffective|p1a: Volcanion\n|-damage|p1a: Volcanion|40\/100 par\n|\n|t:|1699981459\n|switch|p2a: Cinderace|Cinderace, M|38\/100|[from] Volt Switch\n|cant|p1a: Volcanion|par\n|\n|upkeep\n|turn|10\n|\n|t:|1699981466\n|move|p2a: Cinderace|Court Change|p2a: Cinderace\n|-start|p2a: Cinderace|typechange|Normal|[from] ability: Libero\n|-swapsideconditions\n|-activate|p2a: Cinderace|move: Court Change\n|move|p1a: Volcanion|Earth Power|p2a: Cinderace\n|-damage|p2a: Cinderace|0 fnt\n|faint|p2a: Cinderace\n|\n|upkeep\n|\n|t:|1699981474\n|switch|p2a: Hydreigon|Hydreigon, M, shiny|100\/100\n|turn|11\n|\n|t:|1699981481\n|move|p2a: Hydreigon|Nasty Plot|p2a: Hydreigon\n|-boost|p2a: Hydreigon|spa|2\n|move|p1a: Volcanion|Steam Eruption|p2a: Hydreigon\n|-resisted|p2a: Hydreigon\n|-damage|p2a: Hydreigon|63\/100\n|-status|p2a: Hydreigon|brn\n|\n|-heal|p2a: Hydreigon|69\/100 brn|[from] item: Leftovers\n|-damage|p2a: Hydreigon|63\/100 brn|[from] brn\n|upkeep\n|turn|12\n|\n|t:|1699981492\n|move|p2a: Hydreigon|Dark Pulse|p1a: Volcanion\n|-damage|p1a: Volcanion|0 fnt\n|faint|p1a: Volcanion\n|\n|-heal|p2a: Hydreigon|69\/100 brn|[from] item: Leftovers\n|-damage|p2a: Hydreigon|63\/100 brn|[from] brn\n|upkeep\n|\n|t:|1699981504\n|switch|p1a: Meowscarada|Meowscarada, M|82\/100\n|turn|13\n|\n|t:|1699981509\n|-terastallize|p2a: Hydreigon|Poison\n|move|p1a: Meowscarada|U-turn|p2a: Hydreigon\n|-resisted|p2a: Hydreigon\n|-damage|p2a: Hydreigon|50\/100 brn\n|\n|t:|1699981515\n|switch|p1a: Gholdengo|Gholdengo|100\/100|[from] U-turn\n|-damage|p1a: Gholdengo|94\/100|[from] Stealth Rock\n|-item|p1a: Gholdengo|Air Balloon\n|move|p2a: Hydreigon|Tera Blast|p1a: Gholdengo|[anim] Tera Blast Poison\n|-immune|p1a: Gholdengo\n|\n|-heal|p2a: Hydreigon|57\/100 brn|[from] item: Leftovers\n|-damage|p2a: Hydreigon|50\/100 brn|[from] brn\n|upkeep\n|turn|14\n|\n|t:|1699981527\n|switch|p1a: Clefable|Clefable, F|100\/100\n|move|p2a: Hydreigon|Dark Pulse|p1a: Clefable\n|-resisted|p1a: Clefable\n|-damage|p1a: Clefable|71\/100\n|\n|-heal|p2a: Hydreigon|57\/100 brn|[from] item: Leftovers\n|-heal|p1a: Clefable|77\/100|[from] item: Leftovers\n|-damage|p2a: Hydreigon|50\/100 brn|[from] brn\n|upkeep\n|turn|15\n|\n|t:|1699981538\n|move|p1a: Clefable|Protect|p1a: Clefable\n|-singleturn|p1a: Clefable|Protect\n|move|p2a: Hydreigon|Tera Blast|p1a: Clefable|[anim] Tera Blast Poison\n|-activate|p1a: Clefable|move: Protect\n|\n|-heal|p2a: Hydreigon|57\/100 brn|[from] item: Leftovers\n|-heal|p1a: Clefable|83\/100|[from] item: Leftovers\n|-damage|p2a: Hydreigon|50\/100 brn|[from] brn\n|upkeep\n|turn|16\n|\n|t:|1699981550\n|move|p2a: Hydreigon|Dark Pulse|p1a: Clefable\n|-resisted|p1a: Clefable\n|-damage|p1a: Clefable|57\/100\n|cant|p1a: Clefable|flinch\n|\n|-heal|p2a: Hydreigon|57\/100 brn|[from] item: Leftovers\n|-heal|p1a: Clefable|63\/100|[from] item: Leftovers\n|-damage|p2a: Hydreigon|50\/100 brn|[from] brn\n|upkeep\n|turn|17\n|\n|t:|1699981559\n|move|p1a: Clefable|Protect|p1a: Clefable\n|-singleturn|p1a: Clefable|Protect\n|move|p2a: Hydreigon|Tera Blast|p1a: Clefable|[anim] Tera Blast Poison\n|-activate|p1a: Clefable|move: Protect\n|\n|-heal|p2a: Hydreigon|57\/100 brn|[from] item: Leftovers\n|-heal|p1a: Clefable|69\/100|[from] item: Leftovers\n|-damage|p2a: Hydreigon|50\/100 brn|[from] brn\n|upkeep\n|turn|18\n|\n|t:|1699981569\n|switch|p1a: Gholdengo|Gholdengo|94\/100\n|-damage|p1a: Gholdengo|88\/100|[from] Stealth Rock\n|-item|p1a: Gholdengo|Air Balloon\n|move|p2a: Hydreigon|Tera Blast|p1a: Gholdengo|[anim] Tera Blast Poison\n|-immune|p1a: Gholdengo\n|\n|-heal|p2a: Hydreigon|57\/100 brn|[from] item: Leftovers\n|-damage|p2a: Hydreigon|50\/100 brn|[from] brn\n|upkeep\n|turn|19\n|\n|t:|1699981580\n|move|p2a: Hydreigon|Dark Pulse|p1a: Gholdengo\n|-supereffective|p1a: Gholdengo\n|-damage|p1a: Gholdengo|0 fnt\n|-enditem|p1a: Gholdengo|Air Balloon\n|faint|p1a: Gholdengo\n|\n|-heal|p2a: Hydreigon|57\/100 brn|[from] item: Leftovers\n|-damage|p2a: Hydreigon|50\/100 brn|[from] brn\n|upkeep\n|\n|t:|1699981583\n|switch|p1a: Dragonite|Dragonite, M|100\/100\n|turn|20\n|\n|t:|1699981591\n|-terastallize|p1a: Dragonite|Normal\n|move|p1a: Dragonite|Extreme Speed|p2a: Hydreigon\n|-damage|p2a: Hydreigon|0 fnt\n|faint|p2a: Hydreigon\n|\n|upkeep\n|\n|t:|1699981598\n|switch|p2a: Toxapex|Toxapex, M, shiny|100\/100\n|turn|21\n|\n|t:|1699981603\n|switch|p1a: Clefable|Clefable, F|69\/100\n|move|p2a: Toxapex|Toxic|p1a: Clefable\n|-status|p1a: Clefable|tox\n|\n|-heal|p1a: Clefable|75\/100 tox|[from] item: Leftovers\n|upkeep\n|turn|22\n|\n|t:|1699981611\n|move|p1a: Clefable|Knock Off|p2a: Toxapex\n|-damage|p2a: Toxapex|91\/100\n|-enditem|p2a: Toxapex|Leftovers|[from] move: Knock Off|[of] p1a: Clefable\n|move|p2a: Toxapex|Sludge Bomb|p1a: Clefable\n|-supereffective|p1a: Clefable\n|-crit|p1a: Clefable\n|-damage|p1a: Clefable|35\/100 tox\n|\n|-heal|p1a: Clefable|41\/100 tox|[from] item: Leftovers\n|upkeep\n|turn|23\n|l|\u2606TheTT6\n|inactive|TheTT6 disconnected and has a minute to reconnect!\n|player|p1|\n|inactive|TheTT6 has 30 seconds to reconnect!\n|inactive|TheTT6 has 20 seconds to reconnect!\n|inactive|TheTT6 has 15 seconds to reconnect!\n|inactive|TheTT6 has 10 seconds to reconnect!\n|inactive|TheTT6 has 5 seconds to reconnect!\n|-message|TheTT6 lost due to inactivity.\n|\n|win|Cinny69\n|raw|TheTT6's rating: 1519 &rarr; <strong>1493<\/strong><br \/>(-26 for losing)\n|raw|Cinny69's rating: 1420 &rarr; <strong>1446<\/strong><br \/>(+26 for winning)\n|c|\u2606Cinny69|???\n|c|\u2606Cinny69|Ok\n","uploadtime":1699981689,"views":5,"p1id":"thett6","p2id":"cinny69","formatid":"gen9ou","rating":1446,"private":0,"password":""}