{"id":"gen9ou-1999545404","p1":"Cherrypawpjaxxx","p2":"Allez Ony va","format":"[Gen 9] OU","log":"|j|\u2606Cherrypawpjaxxx\n|j|\u2606Allez Ony va\n|t:|1701094665\n|gametype|singles\n|player|p1|Cherrypawpjaxxx|170|1566\n|player|p2|Allez Ony va|169|1575\n|teamsize|p1|6\n|teamsize|p2|6\n|gen|9\n|tier|[Gen 9] OU\n|rated|\n|rule|Sleep Clause Mod: Limit one foe put to sleep\n|rule|Species Clause: Limit one of each Pok\u00e9mon\n|rule|OHKO Clause: OHKO moves are banned\n|rule|Evasion Items Clause: Evasion items are banned\n|rule|Evasion Moves Clause: Evasion moves are banned\n|rule|Endless Battle Clause: Forcing endless battles is banned\n|rule|HP Percentage Mod: HP is shown in percentages\n|clearpoke\n|poke|p1|Kingambit, M|\n|poke|p1|Glimmora, F|\n|poke|p1|Ogerpon-Cornerstone, F|\n|poke|p1|Tyranitar, F|\n|poke|p1|Rotom-Wash|\n|poke|p1|Iron Moth|\n|poke|p2|Greninja-*, M|\n|poke|p2|Great Tusk|\n|poke|p2|Zapdos|\n|poke|p2|Heatran, M|\n|poke|p2|Gholdengo|\n|poke|p2|Amoonguss, F|\n|teampreview\n|j| PKMNTrainerJacob\n|inactive|Battle timer is ON: inactive players will automatically lose when time's up. (requested by Allez Ony va)\n|c|\u2606Cherrypawpjaxxx|Boring\n|c|\u2606Cherrypawpjaxxx|Gl hf tho\n|c|\u2606Allez Ony va|gl hf\n|c|\u2606Allez Ony va|im a newb player lol\n|\n|t:|1701094700\n|start\n|switch|p1a: Rotom|Rotom-Wash|100\/100\n|switch|p2a: Great Tusk|Great Tusk|100\/100\n|turn|1\n|c|\u2606Cherrypawpjaxxx|I\u2019m a g@y player :)\n|\n|t:|1701094714\n|-end|p2a: Great Tusk|Protosynthesis|[silent]\n|switch|p2a: Amoonguss|Amoonguss, F|100\/100\n|move|p1a: Rotom|Hydro Pump|p2a: Amoonguss\n|-resisted|p2a: Amoonguss\n|-damage|p2a: Amoonguss|82\/100\n|-enditem|p2a: Amoonguss|Eject Button\n|\n|t:|1701094725\n|switch|p2a: Zapdos|Zapdos|100\/100\n|\n|upkeep\n|turn|2\n|\n|t:|1701094733\n|move|p2a: Zapdos|Thunderbolt|p1a: Rotom\n|-damage|p1a: Rotom|57\/100\n|move|p1a: Rotom|Volt Switch|p2a: Zapdos\n|-damage|p2a: Zapdos|81\/100\n|\n|t:|1701094736\n|switch|p1a: Ogerpon|Ogerpon-Cornerstone, F|100\/100|[from] Volt Switch\n|\n|upkeep\n|turn|3\n|\n|t:|1701094747\n|switch|p2a: Heatran|Heatran, M|100\/100\n|move|p1a: Ogerpon|Swords Dance|p1a: Ogerpon\n|-boost|p1a: Ogerpon|atk|2\n|\n|upkeep\n|turn|4\n|\n|t:|1701094755\n|-terastallize|p1a: Ogerpon|Rock\n|detailschange|p1a: Ogerpon|Ogerpon-Cornerstone-Tera, F, tera:Rock\n|-ability|p1a: Ogerpon|Embody Aspect (Cornerstone)|boost\n|-boost|p1a: Ogerpon|def|1\n|move|p1a: Ogerpon|Ivy Cudgel|p2a: Heatran|[anim] Ivy Cudgel Rock\n|-damage|p2a: Heatran|0 fnt\n|faint|p2a: Heatran\n|\n|upkeep\n|\n|t:|1701094772\n|switch|p2a: Amoonguss|Amoonguss, F|100\/100\n|turn|5\n|\n|t:|1701094777\n|move|p1a: Ogerpon|Ivy Cudgel|p2a: Amoonguss|[anim] Ivy Cudgel Rock\n|-damage|p2a: Amoonguss|0 fnt\n|faint|p2a: Amoonguss\n|\n|upkeep\n|c|\u2606Allez Ony va|wow thats powerful\n|\n|t:|1701094790\n|switch|p2a: Great Tusk|Great Tusk|100\/100\n|turn|6\n|n|!Cherrypawpjaxxx|cherrypawpjaxxx\n|\n|t:|1701094800\n|-terastallize|p2a: Great Tusk|Ice\n|move|p1a: Ogerpon|Horn Leech|p2a: Great Tusk\n|-damage|p2a: Great Tusk|46\/100\n|move|p2a: Great Tusk|Earthquake|p1a: Ogerpon\n|-supereffective|p1a: Ogerpon\n|-damage|p1a: Ogerpon|26\/100\n|\n|upkeep\n|turn|7\n|\n|t:|1701094812\n|move|p1a: Ogerpon|Horn Leech|p2a: Great Tusk\n|-damage|p2a: Great Tusk|0 fnt\n|-heal|p1a: Ogerpon|59\/100|[from] drain|[of] p2a: Great Tusk\n|faint|p2a: Great Tusk\n|-end|p2a: Great Tusk|Protosynthesis|[silent]\n|\n|upkeep\n|\n|t:|1701094818\n|switch|p2a: Greninja|Greninja, M|100\/100\n|turn|8\n|\n|t:|1701094826\n|move|p2a: Greninja|Dark Pulse|p1a: Ogerpon\n|-damage|p1a: Ogerpon|0 fnt\n|faint|p1a: Ogerpon\n|-ability|p2a: Greninja|Battle Bond|boost\n|-boost|p2a: Greninja|atk|1\n|-boost|p2a: Greninja|spa|1\n|-boost|p2a: Greninja|spe|1\n|-activate|p2a: Greninja|ability: Battle Bond\n|-damage|p2a: Greninja|91\/100|[from] item: Life Orb\n|\n|upkeep\n|\n|t:|1701094838\n|switch|p1a: Glimmora|Glimmora, F|100\/100\n|turn|9\n|\n|t:|1701094844\n|move|p2a: Greninja|Dark Pulse|p1a: Glimmora\n|-damage|p1a: Glimmora|6\/100\n|-damage|p2a: Greninja|81\/100|[from] item: Life Orb\n|cant|p1a: Glimmora|flinch\n|\n|upkeep\n|turn|10\n|\n|t:|1701094857\n|move|p2a: Greninja|Surf|p1a: Glimmora\n|-supereffective|p1a: Glimmora\n|-damage|p1a: Glimmora|0 fnt\n|faint|p1a: Glimmora\n|-damage|p2a: Greninja|71\/100|[from] item: Life Orb\n|\n|upkeep\n|\n|t:|1701094862\n|switch|p1a: Rotom|Rotom-Wash|57\/100\n|turn|11\n|\n|t:|1701094865\n|move|p1a: Rotom|Protect|p1a: Rotom\n|-singleturn|p1a: Rotom|Protect\n|move|p2a: Greninja|Dark Pulse|p1a: Rotom\n|-activate|p1a: Rotom|move: Protect\n|\n|-heal|p1a: Rotom|63\/100|[from] item: Leftovers\n|upkeep\n|turn|12\n|\n|t:|1701094873\n|move|p2a: Greninja|Dark Pulse|p1a: Rotom\n|-damage|p1a: Rotom|0 fnt\n|faint|p1a: Rotom\n|-damage|p2a: Greninja|61\/100|[from] item: Life Orb\n|\n|upkeep\n|inactive|Cherrypawpjaxxx has 120 seconds left.\n|\n|t:|1701094916\n|switch|p1a: Tyranitar|Tyranitar, F|100\/100\n|-weather|Sandstorm|[from] ability: Sand Stream|[of] p1a: Tyranitar\n|turn|13\n|inactive|Allez Ony va has 120 seconds left.\n|\n|t:|1701094954\n|move|p2a: Greninja|Surf|p1a: Tyranitar\n|-supereffective|p1a: Tyranitar\n|-damage|p1a: Tyranitar|0 fnt\n|faint|p1a: Tyranitar\n|-damage|p2a: Greninja|52\/100|[from] item: Life Orb\n|\n|-weather|Sandstorm|[upkeep]\n|-damage|p2a: Greninja|46\/100|[from] Sandstorm\n|upkeep\n|inactive|Cherrypawpjaxxx has 120 seconds left.\n|\n|t:|1701094964\n|switch|p1a: Kingambit|Kingambit, M|100\/100\n|-activate|p1a: Kingambit|ability: Supreme Overlord\n|-start|p1a: Kingambit|fallen4|[silent]\n|turn|14\n|c|\u2606Allez Ony va|wow I thought ttar wud live that\n|\n|t:|1701094973\n|move|p2a: Greninja|Water Shuriken|p1a: Kingambit\n|-crit|p1a: Kingambit\n|-damage|p1a: Kingambit|79\/100\n|-damage|p1a: Kingambit|62\/100\n|-damage|p1a: Kingambit|48\/100\n|-damage|p1a: Kingambit|34\/100\n|-damage|p1a: Kingambit|20\/100\n|-hitcount|p1a: Kingambit|5\n|-damage|p2a: Greninja|36\/100|[from] item: Life Orb\n|move|p1a: Kingambit|Sucker Punch||[still]\n|-fail|p1a: Kingambit\n|\n|-weather|Sandstorm|[upkeep]\n|-damage|p2a: Greninja|30\/100|[from] Sandstorm\n|upkeep\n|turn|15\n|l|!Cherrypawpjaxxx\n|inactive|Cherrypawpjaxxx disconnected and has a minute to reconnect!\n|player|p1|\n|l| PKMNTrainerJacob\n|inactive|Cherrypawpjaxxx has 30 seconds to reconnect!\n|inactive|Cherrypawpjaxxx has 20 seconds to reconnect!\n|inactive|Cherrypawpjaxxx has 15 seconds to reconnect!\n|inactive|Cherrypawpjaxxx has 10 seconds to reconnect!\n|inactive|Cherrypawpjaxxx has 5 seconds to reconnect!\n|-message|Cherrypawpjaxxx lost due to inactivity.\n|\n|win|Allez Ony va\n|raw|Cherrypawpjaxxx's rating: 1566 &rarr; <strong>1547<\/strong><br \/>(-19 for losing)\n|raw|Allez Ony va's rating: 1575 &rarr; <strong>1594<\/strong><br \/>(+19 for winning)\n","uploadtime":1701094794,"views":3,"p1id":"cherrypawpjaxxx","p2id":"allezonyva","formatid":"gen9ou","rating":1547,"private":0,"password":""}