{"id":"gen9ou-1997022955","p1":"Chips du 43","p2":"BugCatcherN8R1X","format":"[Gen 9] OU","log":"|j|\u2606Chips du 43\n|j|\u2606BugCatcherN8R1X\n|t:|1700756694\n|gametype|singles\n|player|p1|Chips du 43|waiter-gen4|1166\n|player|p2|BugCatcherN8R1X|bugcatcher-gen4dp|1212\n|teamsize|p1|6\n|teamsize|p2|6\n|gen|9\n|tier|[Gen 9] OU\n|rated|\n|rule|Sleep Clause Mod: Limit one foe put to sleep\n|rule|Species Clause: Limit one of each Pok\u00e9mon\n|rule|OHKO Clause: OHKO moves are banned\n|rule|Evasion Items Clause: Evasion items are banned\n|rule|Evasion Moves Clause: Evasion moves are banned\n|rule|Endless Battle Clause: Forcing endless battles is banned\n|rule|HP Percentage Mod: HP is shown in percentages\n|clearpoke\n|poke|p1|Ogerpon-Wellspring, F|\n|poke|p1|Great Tusk|\n|poke|p1|Kingambit, F|\n|poke|p1|Iron Valiant|\n|poke|p1|Dondozo, M|\n|poke|p1|Landorus-Therian, M|\n|poke|p2|Kleavor, M|\n|poke|p2|Lokix, M|\n|poke|p2|Yanmega, M|\n|poke|p2|Slither Wing|\n|poke|p2|Scizor, M|\n|poke|p2|Frosmoth, M|\n|teampreview\n|inactive|Battle timer is ON: inactive players will automatically lose when time's up. (requested by BugCatcherN8R1X)\n|c|\u2606BugCatcherN8R1X|Bug Catcher Natrix wants to battle!\n|inactive|BugCatcherN8R1X has 120 seconds left.\n|\n|t:|1700756732\n|start\n|switch|p1a: Great Tusk|Great Tusk|100\/100\n|switch|p2a: Boreas|Frosmoth, M|100\/100\n|-enditem|p1a: Great Tusk|Booster Energy\n|-activate|p1a: Great Tusk|ability: Protosynthesis|[fromitem]\n|-start|p1a: Great Tusk|protosynthesisatk\n|turn|1\n|\n|t:|1700756748\n|move|p1a: Great Tusk|Knock Off|p2a: Boreas\n|-damage|p2a: Boreas|17\/100\n|-enditem|p2a: Boreas|Heavy-Duty Boots|[from] move: Knock Off|[of] p1a: Great Tusk\n|move|p2a: Boreas|Quiver Dance|p2a: Boreas\n|-boost|p2a: Boreas|spa|1\n|-boost|p2a: Boreas|spd|1\n|-boost|p2a: Boreas|spe|1\n|\n|upkeep\n|turn|2\n|c|\u2606Chips du 43|Oh shit i download a kaizo \ud83d\ude33\n|\n|t:|1700756764\n|move|p2a: Boreas|Ice Beam|p1a: Great Tusk\n|-supereffective|p1a: Great Tusk\n|-damage|p1a: Great Tusk|0 fnt\n|faint|p1a: Great Tusk\n|-end|p1a: Great Tusk|Protosynthesis|[silent]\n|\n|upkeep\n|\n|t:|1700756770\n|switch|p1a: Dondozo|Dondozo, M|100\/100\n|turn|3\n|\n|t:|1700756775\n|move|p2a: Boreas|Giga Drain|p1a: Dondozo\n|-supereffective|p1a: Dondozo\n|-damage|p1a: Dondozo|52\/100\n|-heal|p2a: Boreas|60\/100|[from] drain|[of] p1a: Dondozo\n|move|p1a: Dondozo|Liquidation|p2a: Boreas\n|-damage|p2a: Boreas|6\/100\n|\n|-heal|p1a: Dondozo|59\/100|[from] item: Leftovers\n|upkeep\n|turn|4\n|\n|t:|1700756791\n|-terastallize|p2a: Boreas|Grass\n|move|p2a: Boreas|Giga Drain|p1a: Dondozo\n|-supereffective|p1a: Dondozo\n|-damage|p1a: Dondozo|0 fnt\n|-heal|p2a: Boreas|59\/100|[from] drain|[of] p1a: Dondozo\n|faint|p1a: Dondozo\n|\n|upkeep\n|\n|t:|1700756801\n|switch|p1a: Landorus|Landorus-Therian, M|100\/100\n|-ability|p1a: Landorus|Intimidate|boost\n|-unboost|p2a: Boreas|atk|1\n|turn|5\n|\n|t:|1700756806\n|move|p2a: Boreas|Ice Beam|p1a: Landorus\n|-supereffective|p1a: Landorus\n|-damage|p1a: Landorus|0 fnt\n|faint|p1a: Landorus\n|\n|upkeep\n|\n|t:|1700756809\n|switch|p1a: Iron Valiant|Iron Valiant|100\/100\n|-enditem|p1a: Iron Valiant|Booster Energy\n|-activate|p1a: Iron Valiant|ability: Quark Drive|[fromitem]\n|-start|p1a: Iron Valiant|quarkdrivespe\n|turn|6\n|\n|t:|1700756830\n|-terastallize|p1a: Iron Valiant|Steel\n|move|p1a: Iron Valiant|Close Combat|p2a: Boreas\n|-damage|p2a: Boreas|0 fnt\n|-unboost|p1a: Iron Valiant|def|1\n|-unboost|p1a: Iron Valiant|spd|1\n|faint|p2a: Boreas\n|\n|upkeep\n|\n|t:|1700756841\n|switch|p2a: Apollo|Slither Wing|100\/100\n|turn|7\n|\n|t:|1700756847\n|move|p1a: Iron Valiant|Close Combat|p2a: Apollo\n|-resisted|p2a: Apollo\n|-damage|p2a: Apollo|74\/100\n|-unboost|p1a: Iron Valiant|def|1\n|-unboost|p1a: Iron Valiant|spd|1\n|move|p2a: Apollo|Earthquake|p1a: Iron Valiant\n|-supereffective|p1a: Iron Valiant\n|-damage|p1a: Iron Valiant|0 fnt\n|faint|p1a: Iron Valiant\n|-end|p1a: Iron Valiant|Quark Drive|[silent]\n|\n|upkeep\n|\n|t:|1700756851\n|switch|p1a: Ogerpon|Ogerpon-Wellspring, F|100\/100\n|turn|8\n|\n|t:|1700756863\n|move|p1a: Ogerpon|Ivy Cudgel|p2a: Apollo|[anim] Ivy Cudgel Water\n|-damage|p2a: Apollo|24\/100\n|move|p2a: Apollo|Leech Life|p1a: Ogerpon\n|-supereffective|p1a: Ogerpon\n|-damage|p1a: Ogerpon|15\/100\n|-heal|p2a: Apollo|59\/100|[from] drain|[of] p1a: Ogerpon\n|\n|upkeep\n|turn|9\n|\n|t:|1700756872\n|move|p1a: Ogerpon|Ivy Cudgel|p2a: Apollo|[anim] Ivy Cudgel Water\n|-damage|p2a: Apollo|13\/100\n|move|p2a: Apollo|Leech Life|p1a: Ogerpon\n|-supereffective|p1a: Ogerpon\n|-damage|p1a: Ogerpon|0 fnt\n|-heal|p2a: Apollo|18\/100|[from] drain|[of] p1a: Ogerpon\n|faint|p1a: Ogerpon\n|\n|upkeep\n|\n|t:|1700756875\n|switch|p1a: Kingambit|Kingambit, F|100\/100\n|-activate|p1a: Kingambit|ability: Supreme Overlord\n|-start|p1a: Kingambit|fallen5|[silent]\n|turn|10\n|\n|t:|1700756879\n|move|p1a: Kingambit|Sucker Punch|p2a: Apollo\n|-resisted|p2a: Apollo\n|-damage|p2a: Apollo|0 fnt\n|faint|p2a: Apollo\n|-end|p2a: Apollo|Protosynthesis|[silent]\n|\n|upkeep\n|\n|t:|1700756882\n|switch|p2a: Erebus|Lokix, M|100\/100\n|turn|11\n|\n|t:|1700756885\n|move|p2a: Erebus|Axe Kick|p1a: Kingambit\n|-supereffective|p1a: Kingambit\n|-damage|p1a: Kingambit|0 fnt\n|faint|p1a: Kingambit\n|-end|p1a: Kingambit|fallen5|[silent]\n|\n|win|BugCatcherN8R1X\n|raw|Chips du 43's rating: 1166 &rarr; <strong>1144<\/strong><br \/>(-22 for losing)\n|raw|BugCatcherN8R1X's rating: 1212 &rarr; <strong>1234<\/strong><br \/>(+22 for winning)\n|c|\u2606BugCatcherN8R1X|Stay out the tall grass\n|c|\u2606Chips du 43|Chips du 43 five 1.000 pokedollars\n|c|\u2606Chips du 43|*give\n|c|\u2606BugCatcherN8R1X|Chips du 43 blacked out\n|c|\u2606Chips du 43|Gg \ud83d\udc4d\ud83d\ude02\n|c|\u2606BugCatcherN8R1X|Gg\n|j| WaterTypeGarchomp\n","uploadtime":1700756973,"views":5,"p1id":"chipsdu43","p2id":"bugcatchern8r1x","formatid":"gen9ou","rating":1144,"private":0,"password":""}