{"id":"gen9ou-1994396481","p1":"puterrier","p2":"ghiteoff","format":"[Gen 9] OU","log":"|j|\u2606puterrier\n|j|\u2606ghiteoff\n|inactive|Battle timer is ON: inactive players will automatically lose when time's up.\n|t:|1700439166\n|gametype|singles\n|player|p1|puterrier|blackbelt|\n|player|p2|ghiteoff|calem-masters|\n|teamsize|p1|6\n|teamsize|p2|6\n|gen|9\n|tier|[Gen 9] OU\n|rated|Tournament battle\n|rule|Sleep Clause Mod: Limit one foe put to sleep\n|rule|Species Clause: Limit one of each Pok\u00e9mon\n|rule|OHKO Clause: OHKO moves are banned\n|rule|Evasion Items Clause: Evasion items are banned\n|rule|Evasion Moves Clause: Evasion moves are banned\n|rule|Endless Battle Clause: Forcing endless battles is banned\n|rule|HP Percentage Mod: HP is shown in percentages\n|clearpoke\n|poke|p1|Rillaboom, M|\n|poke|p1|Cinderace, M|\n|poke|p1|Ogerpon-Cornerstone, F|\n|poke|p1|Kingambit, M|\n|poke|p1|Great Tusk|\n|poke|p1|Iron Valiant|\n|poke|p2|Rotom-Frost|\n|poke|p2|Ninetales-Alola, F|\n|poke|p2|Mudsdale, F|\n|poke|p2|Heatran, F|\n|poke|p2|Ogerpon-Wellspring, F|\n|poke|p2|Slowking, M|\n|teampreview\n|j|@Scizor Boladao\n|\n|t:|1700439173\n|start\n|switch|p1a: Cinderace|Cinderace, M|100\/100\n|switch|p2a: Slowking|Slowking, M|100\/100\n|turn|1\n|\n|t:|1700439180\n|move|p1a: Cinderace|Pyro Ball|p2a: Slowking\n|-resisted|p2a: Slowking\n|-damage|p2a: Slowking|81\/100\n|move|p2a: Slowking|Future Sight|p1a: Cinderace\n|-start|p2a: Slowking|move: Future Sight\n|\n|upkeep\n|turn|2\n|\n|t:|1700439185\n|move|p1a: Cinderace|U-turn|p2a: Slowking\n|-supereffective|p2a: Slowking\n|-damage|p2a: Slowking|52\/100\n|\n|t:|1700439189\n|switch|p1a: Kingambit|Kingambit, M|100\/100|[from] U-turn\n|-item|p1a: Kingambit|Air Balloon\n|move|p2a: Slowking|Surf|p1a: Kingambit\n|-damage|p1a: Kingambit|70\/100\n|-enditem|p1a: Kingambit|Air Balloon\n|\n|upkeep\n|turn|3\n|j| Starly_LK1\n|\n|t:|1700439205\n|switch|p2a: Dronsoft|Mudsdale, F|100\/100\n|move|p1a: Kingambit|Low Kick|p2a: Dronsoft\n|-crit|p2a: Dronsoft\n|-damage|p2a: Dronsoft|53\/100\n|-ability|p2a: Dronsoft|Stamina|boost\n|-boost|p2a: Dronsoft|def|1\n|\n|-end|p1a: Kingambit|move: Future Sight\n|-immune|p1a: Kingambit\n|-heal|p2a: Dronsoft|59\/100|[from] item: Leftovers\n|upkeep\n|turn|4\n|\n|t:|1700439214\n|-end|p1a: Kingambit|fallenundefined|[silent]\n|switch|p1a: Rillaboom|Rillaboom, M|100\/100\n|-fieldstart|move: Grassy Terrain|[from] ability: Grassy Surge|[of] p1a: Rillaboom\n|move|p2a: Dronsoft|Body Press|p1a: Rillaboom\n|-damage|p1a: Rillaboom|63\/100\n|\n|-heal|p1a: Rillaboom|69\/100|[from] Grassy Terrain\n|-heal|p2a: Dronsoft|65\/100|[from] Grassy Terrain\n|-heal|p2a: Dronsoft|71\/100|[from] item: Leftovers\n|upkeep\n|turn|5\n|\n|t:|1700439236\n|switch|p2a: Heatran|Heatran, F|100\/100\n|move|p1a: Rillaboom|U-turn|p2a: Heatran\n|-resisted|p2a: Heatran\n|-damage|p2a: Heatran|92\/100\n|\n|t:|1700439243\n|switch|p1a: Great Tusk|Great Tusk|100\/100|[from] U-turn\n|\n|-heal|p2a: Heatran|99\/100|[from] Grassy Terrain\n|-heal|p2a: Heatran|100\/100|[from] item: Leftovers\n|upkeep\n|turn|6\n|j|@Irly\n|inactive|ghiteoff has 120 seconds left.\n|\n|t:|1700439278\n|switch|p2a: Ninetales|Ninetales-Alola, F|100\/100\n|-weather|Snow|[from] ability: Snow Warning|[of] p2a: Ninetales\n|move|p1a: Great Tusk|Stealth Rock|p2a: Ninetales\n|-sidestart|p2: ghiteoff|move: Stealth Rock\n|\n|-weather|Snow|[upkeep]\n|upkeep\n|turn|7\n|\n|t:|1700439295\n|-end|p1a: Great Tusk|Protosynthesis|[silent]\n|switch|p1a: Cinderace|Cinderace, M|100\/100\n|move|p2a: Ninetales|Aurora Veil|p2a: Ninetales\n|-sidestart|p2: ghiteoff|move: Aurora Veil\n|\n|-weather|Snow|[upkeep]\n|upkeep\n|turn|8\n|\n|t:|1700439306\n|move|p1a: Cinderace|Court Change|p1a: Cinderace\n|-swapsideconditions\n|-activate|p1a: Cinderace|move: Court Change\n|move|p2a: Ninetales|Encore|p1a: Cinderace\n|-start|p1a: Cinderace|Encore\n|\n|-weather|Snow|[upkeep]\n|-fieldend|move: Grassy Terrain\n|upkeep\n|turn|9\n|\n|t:|1700439320\n|switch|p1a: Kingambit|Kingambit, M|70\/100\n|-damage|p1a: Kingambit|64\/100|[from] Stealth Rock\n|move|p2a: Ninetales|Freeze-Dry|p1a: Kingambit\n|-resisted|p1a: Kingambit\n|-damage|p1a: Kingambit|59\/100\n|\n|-weather|Snow|[upkeep]\n|upkeep\n|turn|10\n|\n|t:|1700439330\n|switch|p2a: Dronsoft|Mudsdale, F|71\/100\n|move|p1a: Kingambit|Iron Head|p2a: Dronsoft\n|-damage|p2a: Dronsoft|42\/100\n|-ability|p2a: Dronsoft|Stamina|boost\n|-boost|p2a: Dronsoft|def|1\n|\n|-weather|Snow|[upkeep]\n|-heal|p2a: Dronsoft|48\/100|[from] item: Leftovers\n|upkeep\n|turn|11\n|\n|t:|1700439336\n|move|p1a: Kingambit|Swords Dance|p1a: Kingambit\n|-boost|p1a: Kingambit|atk|2\n|move|p2a: Dronsoft|Body Press|p1a: Kingambit\n|-supereffective|p1a: Kingambit\n|-damage|p1a: Kingambit|11\/100\n|\n|-weather|Snow|[upkeep]\n|-heal|p2a: Dronsoft|54\/100|[from] item: Leftovers\n|-sideend|p1: puterrier|move: Aurora Veil\n|upkeep\n|turn|12\n|\n|t:|1700439344\n|move|p1a: Kingambit|Iron Head|p2a: Dronsoft\n|-damage|p2a: Dronsoft|11\/100\n|-ability|p2a: Dronsoft|Stamina|boost\n|-boost|p2a: Dronsoft|def|1\n|cant|p2a: Dronsoft|flinch\n|\n|-weather|Snow|[upkeep]\n|-heal|p2a: Dronsoft|18\/100|[from] item: Leftovers\n|upkeep\n|turn|13\n|\n|t:|1700439353\n|move|p1a: Kingambit|Iron Head|p2a: Dronsoft\n|-damage|p2a: Dronsoft|0 fnt\n|faint|p2a: Dronsoft\n|\n|-weather|none\n|upkeep\n|\n|t:|1700439368\n|switch|p2a: Ninetales|Ninetales-Alola, F|100\/100\n|-weather|Snow|[from] ability: Snow Warning|[of] p2a: Ninetales\n|turn|14\n|\n|t:|1700439376\n|move|p2a: Ninetales|Moonblast|p1a: Kingambit\n|-damage|p1a: Kingambit|0 fnt\n|faint|p1a: Kingambit\n|-end|p1a: Kingambit|fallenundefined|[silent]\n|\n|-weather|Snow|[upkeep]\n|upkeep\n|\n|t:|1700439380\n|switch|p1a: Cinderace|Cinderace, M|100\/100\n|turn|15\n|\n|t:|1700439386\n|switch|p2a: Slowking|Slowking, M|85\/100\n|move|p1a: Cinderace|Court Change|p1a: Cinderace\n|-swapsideconditions\n|-activate|p1a: Cinderace|move: Court Change\n|\n|-weather|Snow|[upkeep]\n|upkeep\n|turn|16\n|\n|t:|1700439389\n|move|p1a: Cinderace|U-turn|p2a: Slowking\n|-supereffective|p2a: Slowking\n|-damage|p2a: Slowking|56\/100\n|\n|t:|1700439392\n|switch|p1a: Rillaboom|Rillaboom, M|69\/100|[from] U-turn\n|-fieldstart|move: Grassy Terrain|[from] ability: Grassy Surge|[of] p1a: Rillaboom\n|move|p2a: Slowking|Future Sight|p1a: Rillaboom\n|-start|p2a: Slowking|move: Future Sight\n|\n|-weather|Snow|[upkeep]\n|-heal|p1a: Rillaboom|76\/100|[from] Grassy Terrain\n|-heal|p2a: Slowking|62\/100|[from] Grassy Terrain\n|upkeep\n|turn|17\n|\n|t:|1700439401\n|switch|p2a: Heatran|Heatran, F|100\/100\n|-damage|p2a: Heatran|88\/100|[from] Stealth Rock\n|move|p1a: Rillaboom|U-turn|p2a: Heatran\n|-resisted|p2a: Heatran\n|-damage|p2a: Heatran|80\/100\n|\n|t:|1700439407\n|switch|p1a: Great Tusk|Great Tusk|100\/100|[from] U-turn\n|\n|-weather|Snow|[upkeep]\n|-heal|p2a: Heatran|86\/100|[from] Grassy Terrain\n|-heal|p2a: Heatran|92\/100|[from] item: Leftovers\n|upkeep\n|turn|18\n|inactive|ghiteoff has 120 seconds left.\n|\n|t:|1700439438\n|-end|p1a: Great Tusk|Protosynthesis|[silent]\n|switch|p1a: Ogerpon|Ogerpon-Cornerstone, F|100\/100\n|switch|p2a: Slowking|Slowking, M|95\/100\n|\n|-weather|Snow|[upkeep]\n|-end|p1a: Ogerpon|move: Future Sight\n|-damage|p1a: Ogerpon|51\/100\n|-heal|p1a: Ogerpon|57\/100|[from] Grassy Terrain\n|-heal|p2a: Slowking|100\/100|[from] Grassy Terrain\n|upkeep\n|turn|19\n|inactive|ghiteoff has 120 seconds left.\n|j|%Drampa\u5927Raivoso\n|\n|t:|1700439458\n|-terastallize|p1a: Ogerpon|Rock\n|detailschange|p1a: Ogerpon|Ogerpon-Cornerstone-Tera, F, tera:Rock\n|-ability|p1a: Ogerpon|Embody Aspect (Cornerstone)|boost\n|-boost|p1a: Ogerpon|def|1\n|move|p1a: Ogerpon|Power Whip|p2a: Slowking\n|-supereffective|p2a: Slowking\n|-damage|p2a: Slowking|0 fnt\n|faint|p2a: Slowking\n|\n|-weather|Snow|[upkeep]\n|-heal|p1a: Ogerpon|63\/100|[from] Grassy Terrain\n|upkeep\n|c|%Drampa\u5927Raivoso|Esperando um dos senhores\n|c|\u2606puterrier|calma ele ja vai\n|\n|t:|1700439480\n|switch|p2a: Ogerpon|Ogerpon-Wellspring, F|100\/100\n|-damage|p2a: Ogerpon|88\/100|[from] Stealth Rock\n|turn|20\n|\n|t:|1700439485\n|-terastallize|p2a: Ogerpon|Water\n|detailschange|p2a: Ogerpon|Ogerpon-Wellspring-Tera, F, tera:Water\n|-ability|p2a: Ogerpon|Embody Aspect (Wellspring)|boost\n|-boost|p2a: Ogerpon|spd|1\n|move|p1a: Ogerpon|Power Whip|p2a: Ogerpon\n|-supereffective|p2a: Ogerpon\n|-damage|p2a: Ogerpon|0 fnt\n|faint|p2a: Ogerpon\n|\n|-weather|Snow|[upkeep]\n|-heal|p1a: Ogerpon|69\/100|[from] Grassy Terrain\n|-fieldend|move: Grassy Terrain\n|upkeep\n|inactive|ghiteoff has 90 seconds left.\n|\n|t:|1700439513\n|switch|p2a: Heatran|Heatran, F|92\/100\n|-damage|p2a: Heatran|80\/100|[from] Stealth Rock\n|turn|21\n|\n|t:|1700439517\n|move|p1a: Ogerpon|Low Kick|p2a: Heatran\n|-supereffective|p2a: Heatran\n|-damage|p2a: Heatran|4\/100\n|move|p2a: Heatran|Stealth Rock|p1a: Ogerpon\n|-sidestart|p1: puterrier|move: Stealth Rock\n|\n|-weather|none\n|-heal|p2a: Heatran|10\/100|[from] item: Leftovers\n|upkeep\n|turn|22\n|\n|t:|1700439523\n|move|p1a: Ogerpon|Ivy Cudgel|p2a: Heatran|[anim] Ivy Cudgel Rock\n|-damage|p2a: Heatran|0 fnt\n|faint|p2a: Heatran\n|\n|upkeep\n|\n|t:|1700439525\n|switch|p2a: Ninetales|Ninetales-Alola, F|100\/100\n|-damage|p2a: Ninetales|76\/100|[from] Stealth Rock\n|-weather|Snow|[from] ability: Snow Warning|[of] p2a: Ninetales\n|turn|23\n|\n|t:|1700439527\n|move|p1a: Ogerpon|Ivy Cudgel|p2a: Ninetales|[anim] Ivy Cudgel Rock\n|-supereffective|p2a: Ninetales\n|-damage|p2a: Ninetales|0 fnt\n|faint|p2a: Ninetales\n|\n|-weather|Snow|[upkeep]\n|upkeep\n|-message|ghiteoff forfeited.\n|\n|win|puterrier\n|n|\u2606puterrier|puterrier\n|n|\u2606ghiteoff|ghiteoff\n|n|+Scizor Boladao|scizorboladao\n|n| Starly_LK1|starlylk1\n|n|+Irly|irly\n|n| Drampa\u5927Raivoso|dramparaivoso\n|l|\u2606ghiteoff\n|l|+Scizor Boladao\n|l|\u2606puterrier\n","uploadtime":1700439538,"views":7,"p1id":"puterrier","p2id":"ghiteoff","formatid":"gen9ou","rating":0,"private":0,"password":""}