{"id":"gen9ou-1998291486","p1":"NitroPhe0nix","p2":"AgileStride","format":"[Gen 9] OU","log":"|j|\u2606NitroPhe0nix\n|j|\u2606AgileStride\n|t:|1700925505\n|gametype|singles\n|player|p1|NitroPhe0nix|265|\n|player|p2|AgileStride|cynthia|\n|teamsize|p1|6\n|teamsize|p2|6\n|gen|9\n|tier|[Gen 9] OU\n|rule|Sleep Clause Mod: Limit one foe put to sleep\n|rule|Species Clause: Limit one of each Pok\u00e9mon\n|rule|OHKO Clause: OHKO moves are banned\n|rule|Evasion Items Clause: Evasion items are banned\n|rule|Evasion Moves Clause: Evasion moves are banned\n|rule|Endless Battle Clause: Forcing endless battles is banned\n|rule|HP Percentage Mod: HP is shown in percentages\n|clearpoke\n|poke|p1|Dragonite, F|\n|poke|p1|Rotom-Wash|\n|poke|p1|Great Tusk|\n|poke|p1|Tinkaton, F|\n|poke|p1|Breloom, F|\n|poke|p1|Empoleon, F|\n|poke|p2|Blissey, F|\n|poke|p2|Ting-Lu|\n|poke|p2|Iron Jugulis|\n|poke|p2|Meowscarada, M|\n|poke|p2|Kingambit, F|\n|poke|p2|Umbreon, F|\n|teampreview\n|\n|t:|1700925521\n|start\n|switch|p1a: Tinkaton|Tinkaton, F|100\/100\n|switch|p2a: BE NOT AFRAID|Iron Jugulis|100\/100\n|-ability|p1a: Tinkaton|Mold Breaker\n|-enditem|p2a: BE NOT AFRAID|Booster Energy\n|-activate|p2a: BE NOT AFRAID|ability: Quark Drive|[fromitem]\n|-start|p2a: BE NOT AFRAID|quarkdrivespe\n|turn|1\n|\n|t:|1700925531\n|move|p2a: BE NOT AFRAID|Taunt|p1a: Tinkaton\n|-start|p1a: Tinkaton|move: Taunt\n|cant|p1a: Tinkaton|move: Taunt|Stealth Rock\n|\n|upkeep\n|turn|2\n|\n|t:|1700925560\n|switch|p1a: Breloom|Breloom, F|100\/100\n|move|p2a: BE NOT AFRAID|Flamethrower|p1a: Breloom\n|-supereffective|p1a: Breloom\n|-enditem|p1a: Breloom|Focus Sash\n|-damage|p1a: Breloom|1\/100\n|-status|p1a: Breloom|brn\n|\n|-damage|p1a: Breloom|0 fnt|[from] brn\n|faint|p1a: Breloom\n|upkeep\n|\n|t:|1700925598\n|switch|p1a: Rotom|Rotom-Wash|100\/100\n|turn|3\n|\n|t:|1700925622\n|move|p2a: BE NOT AFRAID|Dark Pulse|p1a: Rotom\n|-damage|p1a: Rotom|56\/100\n|cant|p1a: Rotom|flinch\n|\n|upkeep\n|turn|4\n|\n|t:|1700925633\n|move|p2a: BE NOT AFRAID|Dark Pulse|p1a: Rotom\n|-damage|p1a: Rotom|10\/100\n|cant|p1a: Rotom|flinch\n|\n|upkeep\n|turn|5\n|\n|t:|1700925641\n|move|p2a: BE NOT AFRAID|Dark Pulse|p1a: Rotom\n|-damage|p1a: Rotom|0 fnt\n|faint|p1a: Rotom\n|\n|upkeep\n|\n|t:|1700925676\n|switch|p1a: Great Tusk|Great Tusk|100\/100\n|-enditem|p1a: Great Tusk|Booster Energy\n|-activate|p1a: Great Tusk|ability: Protosynthesis|[fromitem]\n|-start|p1a: Great Tusk|protosynthesisspe\n|turn|6\n|\n|t:|1700925702\n|-terastallize|p1a: Great Tusk|Ice\n|move|p2a: BE NOT AFRAID|Hurricane|p1a: Great Tusk\n|-damage|p1a: Great Tusk|33\/100\n|move|p1a: Great Tusk|Ice Spinner|p2a: BE NOT AFRAID\n|-supereffective|p2a: BE NOT AFRAID\n|-damage|p2a: BE NOT AFRAID|22\/100\n|\n|upkeep\n|turn|7\n|\n|t:|1700925712\n|move|p2a: BE NOT AFRAID|Flamethrower|p1a: Great Tusk\n|-supereffective|p1a: Great Tusk\n|-damage|p1a: Great Tusk|0 fnt\n|faint|p1a: Great Tusk\n|-end|p1a: Great Tusk|Protosynthesis|[silent]\n|\n|upkeep\n|\n|t:|1700925716\n|switch|p1a: Dragonite|Dragonite, F|100\/100\n|turn|8\n|\n|t:|1700925727\n|move|p2a: BE NOT AFRAID|Hurricane|p1a: Dragonite\n|-damage|p1a: Dragonite|74\/100\n|move|p1a: Dragonite|Dragon Dance|p1a: Dragonite\n|-boost|p1a: Dragonite|atk|1\n|-boost|p1a: Dragonite|spe|1\n|\n|upkeep\n|turn|9\n|\n|t:|1700925749\n|move|p1a: Dragonite|Extreme Speed|p2a: BE NOT AFRAID\n|-damage|p2a: BE NOT AFRAID|0 fnt\n|faint|p2a: BE NOT AFRAID\n|-end|p2a: BE NOT AFRAID|Quark Drive|[silent]\n|\n|upkeep\n|\n|t:|1700925785\n|switch|p2a: Favorite Child 2.0|Blissey, F|100\/100\n|turn|10\n|\n|t:|1700925799\n|-terastallize|p2a: Favorite Child 2.0|Dark\n|move|p1a: Dragonite|Earthquake|p2a: Favorite Child 2.0\n|-damage|p2a: Favorite Child 2.0|39\/100\n|move|p2a: Favorite Child 2.0|Thunder Wave|p1a: Dragonite\n|-status|p1a: Dragonite|par\n|\n|-heal|p2a: Favorite Child 2.0|46\/100|[from] item: Leftovers\n|upkeep\n|turn|11\n|\n|t:|1700925810\n|move|p1a: Dragonite|Earthquake|p2a: Favorite Child 2.0\n|-damage|p2a: Favorite Child 2.0|0 fnt\n|faint|p2a: Favorite Child 2.0\n|\n|upkeep\n|\n|t:|1700925822\n|switch|p2a: OSHA Certified|Ting-Lu|100\/100\n|-ability|p2a: OSHA Certified|Vessel of Ruin\n|turn|12\n|\n|t:|1700925830\n|cant|p1a: Dragonite|par\n|move|p2a: OSHA Certified|Stone Edge|p1a: Dragonite\n|-supereffective|p1a: Dragonite\n|-damage|p1a: Dragonite|22\/100 par\n|\n|upkeep\n|turn|13\n|\n|t:|1700925845\n|cant|p1a: Dragonite|par\n|move|p2a: OSHA Certified|Stone Edge|p1a: Dragonite\n|-supereffective|p1a: Dragonite\n|-damage|p1a: Dragonite|0 fnt\n|faint|p1a: Dragonite\n|\n|upkeep\n|\n|t:|1700925866\n|switch|p1a: Empoleon|Empoleon, F|100\/100\n|turn|14\n|\n|t:|1700925879\n|move|p1a: Empoleon|Hydro Pump|p2a: OSHA Certified|[miss]\n|-miss|p1a: Empoleon|p2a: OSHA Certified\n|move|p2a: OSHA Certified|Earthquake|p1a: Empoleon\n|-supereffective|p1a: Empoleon\n|-damage|p1a: Empoleon|7\/100\n|\n|upkeep\n|turn|15\n|\n|t:|1700925890\n|move|p1a: Empoleon|Hydro Pump|p2a: OSHA Certified\n|-supereffective|p2a: OSHA Certified\n|-damage|p2a: OSHA Certified|36\/100\n|-damage|p1a: Empoleon|0 fnt|[from] item: Life Orb\n|faint|p1a: Empoleon\n|move|p2a: OSHA Certified|Earthquake|p1: Empoleon|[notarget]\n|-fail|p2a: OSHA Certified\n|\n|-heal|p2a: OSHA Certified|43\/100|[from] item: Leftovers\n|upkeep\n|\n|t:|1700925899\n|switch|p1a: Tinkaton|Tinkaton, F|100\/100\n|-ability|p1a: Tinkaton|Mold Breaker\n|turn|16\n|\n|t:|1700925915\n|move|p1a: Tinkaton|Gigaton Hammer|p2a: OSHA Certified\n|-damage|p2a: OSHA Certified|16\/100\n|move|p2a: OSHA Certified|Earthquake|p1a: Tinkaton\n|-supereffective|p1a: Tinkaton\n|-enditem|p1a: Tinkaton|Focus Sash\n|-damage|p1a: Tinkaton|1\/100\n|\n|-heal|p2a: OSHA Certified|22\/100|[from] item: Leftovers\n|upkeep\n|turn|17\n|\n|t:|1700925927\n|move|p1a: Tinkaton|Knock Off|p2a: OSHA Certified\n|-resisted|p2a: OSHA Certified\n|-damage|p2a: OSHA Certified|16\/100\n|-enditem|p2a: OSHA Certified|Leftovers|[from] move: Knock Off|[of] p1a: Tinkaton\n|move|p2a: OSHA Certified|Earthquake|p1a: Tinkaton\n|-supereffective|p1a: Tinkaton\n|-damage|p1a: Tinkaton|0 fnt\n|faint|p1a: Tinkaton\n|\n|win|AgileStride\n|l|\u2606NitroPhe0nix\n|l|\u2606AgileStride\n|j|\u2606AgileStride\n|player|p2|AgileStride|cynthia\n","uploadtime":1700926530,"views":18,"p1id":"nitrophe0nix","p2id":"agilestride","formatid":"gen9ou","rating":0,"private":0,"password":""}