{"id":"gen9ou-2000157286","p1":"Ghoulish champ","p2":"Jameskeziahdelaney","format":"[Gen 9] OU","log":"|j|\u2606Ghoulish champ\n|j|\u2606Jameskeziahdelaney\n|t:|1701164675\n|gametype|singles\n|player|p1|Ghoulish champ|allister|1448\n|player|p2|Jameskeziahdelaney|veteran|1379\n|teamsize|p1|6\n|teamsize|p2|6\n|gen|9\n|tier|[Gen 9] OU\n|rated|\n|rule|Sleep Clause Mod: Limit one foe put to sleep\n|rule|Species Clause: Limit one of each Pok\u00e9mon\n|rule|OHKO Clause: OHKO moves are banned\n|rule|Evasion Items Clause: Evasion items are banned\n|rule|Evasion Moves Clause: Evasion moves are banned\n|rule|Endless Battle Clause: Forcing endless battles is banned\n|rule|HP Percentage Mod: HP is shown in percentages\n|clearpoke\n|poke|p1|Great Tusk|\n|poke|p1|Enamorus, F|\n|poke|p1|Ceruledge, F|\n|poke|p1|Torkoal, M|\n|poke|p1|Walking Wake|\n|poke|p1|Kingambit, F|\n|poke|p2|Garchomp, M|\n|poke|p2|Greninja-*, M|\n|poke|p2|Zapdos|\n|poke|p2|Slowking-Galar, F|\n|poke|p2|Dragonite, F|\n|poke|p2|Kingambit, M|\n|teampreview\n|inactive|Battle timer is ON: inactive players will automatically lose when time's up. (requested by Ghoulish champ)\n|\n|t:|1701164697\n|start\n|switch|p1a: Great Tusk|Great Tusk|100\/100\n|switch|p2a: Garchomp|Garchomp, M|100\/100\n|turn|1\n|\n|t:|1701164705\n|move|p2a: Garchomp|Spikes|p1a: Great Tusk\n|-sidestart|p1: Ghoulish champ|Spikes\n|move|p1a: Great Tusk|Knock Off|p2a: Garchomp\n|-damage|p2a: Garchomp|69\/100\n|-damage|p1a: Great Tusk|88\/100|[from] ability: Rough Skin|[of] p2a: Garchomp\n|-enditem|p2a: Garchomp|Life Orb|[from] move: Knock Off|[of] p1a: Great Tusk\n|\n|upkeep\n|turn|2\n|\n|t:|1701164716\n|switch|p2a: Zapdos|Zapdos|100\/100\n|move|p1a: Great Tusk|Rapid Spin|p2a: Zapdos\n|-damage|p2a: Zapdos|89\/100\n|-boost|p1a: Great Tusk|spe|1\n|-status|p1a: Great Tusk|par|[from] ability: Static|[of] p2a: Zapdos\n|-sideend|p1: Ghoulish champ|Spikes|[from] move: Rapid Spin|[of] p1a: Great Tusk\n|\n|upkeep\n|turn|3\n|\n|t:|1701164731\n|move|p2a: Zapdos|Hurricane|p1a: Great Tusk|[miss]\n|-miss|p2a: Zapdos|p1a: Great Tusk\n|move|p1a: Great Tusk|Knock Off|p2a: Zapdos\n|-damage|p2a: Zapdos|63\/100\n|-enditem|p2a: Zapdos|Heavy-Duty Boots|[from] move: Knock Off|[of] p1a: Great Tusk\n|\n|upkeep\n|turn|4\n|\n|t:|1701164740\n|-end|p1a: Great Tusk|Protosynthesis|[silent]\n|switch|p1a: Torkoal|Torkoal, M|100\/100\n|-weather|SunnyDay|[from] ability: Drought|[of] p1a: Torkoal\n|move|p2a: Zapdos|Hurricane|p1a: Torkoal\n|-damage|p1a: Torkoal|40\/100\n|\n|-weather|SunnyDay|[upkeep]\n|upkeep\n|turn|5\n|\n|t:|1701164750\n|move|p2a: Zapdos|Discharge|p1a: Torkoal\n|-damage|p1a: Torkoal|0 fnt\n|faint|p1a: Torkoal\n|\n|-weather|SunnyDay|[upkeep]\n|upkeep\n|\n|t:|1701164760\n|switch|p1a: Walking Wake|Walking Wake|100\/100\n|-activate|p1a: Walking Wake|ability: Protosynthesis\n|-start|p1a: Walking Wake|protosynthesisspe\n|turn|6\n|\n|t:|1701164767\n|switch|p2a: Slowking|Slowking-Galar, F|100\/100\n|move|p1a: Walking Wake|Dragon Pulse|p2a: Slowking\n|-damage|p2a: Slowking|45\/100\n|\n|-weather|SunnyDay|[upkeep]\n|-heal|p2a: Slowking|52\/100|[from] item: Leftovers\n|upkeep\n|turn|7\n|\n|t:|1701164775\n|move|p1a: Walking Wake|Dragon Pulse|p2a: Slowking\n|-damage|p2a: Slowking|3\/100\n|move|p2a: Slowking|Future Sight|p1a: Walking Wake\n|-start|p2a: Slowking|move: Future Sight\n|\n|-weather|SunnyDay|[upkeep]\n|-heal|p2a: Slowking|9\/100|[from] item: Leftovers\n|upkeep\n|turn|8\n|\n|t:|1701164785\n|move|p1a: Walking Wake|Dragon Pulse|p2a: Slowking\n|-damage|p2a: Slowking|0 fnt\n|faint|p2a: Slowking\n|\n|-weather|SunnyDay|[upkeep]\n|upkeep\n|\n|t:|1701164789\n|switch|p2a: Kingambit|Kingambit, M|100\/100\n|-activate|p2a: Kingambit|ability: Supreme Overlord\n|-start|p2a: Kingambit|fallen1|[silent]\n|turn|9\n|inactive|Ghoulish champ has 120 seconds left.\n|\n|t:|1701164834\n|-end|p1a: Walking Wake|Protosynthesis|[silent]\n|switch|p1a: Great Tusk|Great Tusk|88\/100 par\n|-activate|p1a: Great Tusk|ability: Protosynthesis\n|-start|p1a: Great Tusk|protosynthesisdef\n|move|p2a: Kingambit|Swords Dance|p2a: Kingambit\n|-boost|p2a: Kingambit|atk|2\n|\n|-weather|SunnyDay|[upkeep]\n|-end|p1a: Great Tusk|move: Future Sight\n|-supereffective|p1a: Great Tusk\n|-damage|p1a: Great Tusk|0 fnt\n|faint|p1a: Great Tusk\n|-end|p1a: Great Tusk|Protosynthesis|[silent]\n|upkeep\n|inactive|Ghoulish champ has 90 seconds left.\n|inactive|Ghoulish champ has 60 seconds left.\n|\n|t:|1701164886\n|switch|p1a: Enamorus|Enamorus, F|100\/100\n|turn|10\n|inactive|Ghoulish champ has 60 seconds left.\n|\n|t:|1701164901\n|-terastallize|p1a: Enamorus|Steel\n|-terastallize|p2a: Kingambit|Flying\n|move|p1a: Enamorus|Earth Power|p2a: Kingambit\n|-immune|p2a: Kingambit\n|move|p2a: Kingambit|Iron Head|p1a: Enamorus\n|-resisted|p1a: Enamorus\n|-damage|p1a: Enamorus|24\/100\n|-start|p2a: Kingambit|Attract|[from] ability: Cute Charm|[of] p1a: Enamorus\n|\n|-weather|SunnyDay|[upkeep]\n|upkeep\n|turn|11\n|inactive|Ghoulish champ has 60 seconds left.\n|\n|t:|1701164924\n|move|p1a: Enamorus|Moonblast|p2a: Kingambit\n|-damage|p2a: Kingambit|50\/100\n|-activate|p2a: Kingambit|move: Attract|[of] p1a: Enamorus\n|move|p2a: Kingambit|Swords Dance|p2a: Kingambit\n|-boost|p2a: Kingambit|atk|2\n|\n|-weather|none\n|-heal|p2a: Kingambit|57\/100|[from] item: Leftovers\n|upkeep\n|turn|12\n|\n|t:|1701164932\n|-activate|p2a: Kingambit|move: Attract|[of] p1a: Enamorus\n|cant|p2a: Kingambit|Attract\n|move|p1a: Enamorus|Moonblast|p2a: Kingambit\n|-crit|p2a: Kingambit\n|-damage|p2a: Kingambit|0 fnt\n|faint|p2a: Kingambit\n|-end|p2a: Kingambit|fallen1|[silent]\n|\n|upkeep\n|\n|t:|1701164940\n|switch|p2a: Greninja|Greninja, M|100\/100\n|turn|13\n|\n|t:|1701164946\n|switch|p1a: Walking Wake|Walking Wake|100\/100\n|move|p2a: Greninja|Water Shuriken|p1a: Walking Wake\n|-resisted|p1a: Walking Wake\n|-damage|p1a: Walking Wake|98\/100\n|-resisted|p1a: Walking Wake\n|-damage|p1a: Walking Wake|96\/100\n|-resisted|p1a: Walking Wake\n|-damage|p1a: Walking Wake|93\/100\n|-resisted|p1a: Walking Wake\n|-damage|p1a: Walking Wake|90\/100\n|-resisted|p1a: Walking Wake\n|-damage|p1a: Walking Wake|88\/100\n|-hitcount|p1a: Walking Wake|5\n|-damage|p2a: Greninja|91\/100|[from] item: Life Orb\n|\n|upkeep\n|turn|14\n|\n|t:|1701164955\n|move|p1a: Walking Wake|Dragon Pulse|p2a: Greninja\n|-damage|p2a: Greninja|0 fnt\n|faint|p2a: Greninja\n|\n|upkeep\n|\n|t:|1701164963\n|switch|p2a: Dragonite|Dragonite, F|100\/100\n|turn|15\n|\n|t:|1701164967\n|move|p1a: Walking Wake|Dragon Pulse|p2a: Dragonite\n|-supereffective|p2a: Dragonite\n|-damage|p2a: Dragonite|33\/100\n|move|p2a: Dragonite|Dragon Dance|p2a: Dragonite\n|-boost|p2a: Dragonite|atk|1\n|-boost|p2a: Dragonite|spe|1\n|\n|upkeep\n|turn|16\n|inactive|Ghoulish champ has 90 seconds left.\n|\n|t:|1701164973\n|move|p2a: Dragonite|Extreme Speed|p1a: Walking Wake\n|-damage|p1a: Walking Wake|34\/100\n|move|p1a: Walking Wake|Dragon Pulse|p2a: Dragonite\n|-supereffective|p2a: Dragonite\n|-damage|p2a: Dragonite|0 fnt\n|faint|p2a: Dragonite\n|\n|upkeep\n|\n|t:|1701164976\n|switch|p2a: Zapdos|Zapdos|63\/100\n|turn|17\n|\n|t:|1701164980\n|move|p1a: Walking Wake|Dragon Pulse|p2a: Zapdos\n|-crit|p2a: Zapdos\n|-damage|p2a: Zapdos|0 fnt\n|faint|p2a: Zapdos\n|\n|upkeep\n|\n|t:|1701164982\n|switch|p2a: Garchomp|Garchomp, M|69\/100\n|turn|18\n|\n|t:|1701164988\n|move|p1a: Walking Wake|Dragon Pulse|p2a: Garchomp\n|-supereffective|p2a: Garchomp\n|-damage|p2a: Garchomp|0 fnt\n|faint|p2a: Garchomp\n|\n|win|Ghoulish champ\n|raw|Ghoulish champ's rating: 1448 &rarr; <strong>1464<\/strong><br \/>(+16 for winning)\n|raw|Jameskeziahdelaney's rating: 1379 &rarr; <strong>1363<\/strong><br \/>(-16 for losing)\n","uploadtime":1701164996,"views":23,"p1id":"ghoulishchamp","p2id":"jameskeziahdelaney","formatid":"gen9ou","rating":1363,"private":0,"password":""}