{"id":"gen9ou-1994607475","p1":"Skaraptor2.1","p2":"Organzza","format":"[Gen 9] OU","log":"|j|\u2606Skaraptor2.1\n|j|\u2606Organzza\n|t:|1700468457\n|gametype|singles\n|player|p1|Skaraptor2.1|bodybuilderf-gen9|1165\n|player|p2|Organzza|bellelba|1075\n|teamsize|p1|6\n|teamsize|p2|6\n|gen|9\n|tier|[Gen 9] OU\n|rated|\n|rule|Sleep Clause Mod: Limit one foe put to sleep\n|rule|Species Clause: Limit one of each Pok\u00e9mon\n|rule|OHKO Clause: OHKO moves are banned\n|rule|Evasion Items Clause: Evasion items are banned\n|rule|Evasion Moves Clause: Evasion moves are banned\n|rule|Endless Battle Clause: Forcing endless battles is banned\n|rule|HP Percentage Mod: HP is shown in percentages\n|clearpoke\n|poke|p1|Ribombee, M|\n|poke|p1|Ogerpon-Wellspring, F|\n|poke|p1|Great Tusk|\n|poke|p1|Zamazenta-*|\n|poke|p1|Iron Valiant|\n|poke|p1|Kingambit, F|\n|poke|p2|Kommo-o, F|\n|poke|p2|Tinkaton, F|\n|poke|p2|Weezing-Galar, F|\n|poke|p2|Brute Bonnet|\n|poke|p2|Ogerpon-Wellspring, F|\n|poke|p2|Heatran, M|\n|teampreview\n|inactive|Battle timer is ON: inactive players will automatically lose when time's up. (requested by Skaraptor2.1)\n|\n|t:|1700468466\n|start\n|switch|p1a: Twink|Ribombee, M|100\/100\n|switch|p2a: Tinkaton|Tinkaton, F|100\/100\n|-ability|p2a: Tinkaton|Mold Breaker\n|turn|1\n|\n|t:|1700468492\n|move|p1a: Twink|Sticky Web|p2a: Tinkaton\n|-sidestart|p2: Organzza|move: Sticky Web\n|move|p2a: Tinkaton|Stealth Rock|p1a: Twink\n|-sidestart|p1: Skaraptor2.1|move: Stealth Rock\n|\n|upkeep\n|turn|2\n|\n|t:|1700468496\n|move|p1a: Twink|Stun Spore|p2a: Tinkaton\n|-status|p2a: Tinkaton|par\n|move|p2a: Tinkaton|Encore|p1a: Twink\n|-start|p1a: Twink|Encore\n|\n|upkeep\n|turn|3\n|\n|t:|1700468501\n|switch|p1a: Raging Queer|Great Tusk|100\/100\n|cant|p2a: Tinkaton|par\n|\n|upkeep\n|turn|4\n|\n|t:|1700468531\n|switch|p2a: Brute Bonnet|Brute Bonnet|100\/100\n|-activate|p2a: Brute Bonnet|move: Sticky Web\n|-unboost|p2a: Brute Bonnet|spe|1\n|move|p1a: Raging Queer|Rapid Spin|p2a: Brute Bonnet\n|-damage|p2a: Brute Bonnet|84\/100\n|-boost|p1a: Raging Queer|spe|1\n|-sideend|p1: Skaraptor2.1|Stealth Rock|[from] move: Rapid Spin|[of] p1a: Raging Queer\n|\n|upkeep\n|turn|5\n|\n|t:|1700468555\n|-end|p1a: Raging Queer|Protosynthesis|[silent]\n|switch|p1a: Transfem|Ogerpon-Wellspring, F|100\/100\n|move|p2a: Brute Bonnet|Spore|p1a: Transfem\n|-immune|p1a: Transfem\n|\n|upkeep\n|turn|6\n|inactive|Organzza has 120 seconds left.\n|\n|t:|1700468578\n|move|p1a: Transfem|Swords Dance|p1a: Transfem\n|-boost|p1a: Transfem|atk|2\n|move|p2a: Brute Bonnet|Bullet Seed|p1a: Transfem\n|-damage|p1a: Transfem|83\/100\n|-damage|p1a: Transfem|63\/100\n|-crit|p1a: Transfem\n|-damage|p1a: Transfem|37\/100\n|-damage|p1a: Transfem|19\/100\n|-damage|p1a: Transfem|1\/100\n|-hitcount|p1a: Transfem|5\n|\n|upkeep\n|turn|7\n|\n|t:|1700468587\n|move|p2a: Brute Bonnet|Sucker Punch|p1a: Transfem\n|-damage|p1a: Transfem|0 fnt\n|faint|p1a: Transfem\n|\n|upkeep\n|\n|t:|1700468595\n|switch|p1a: Twink|Ribombee, M|100\/100\n|turn|8\n|\n|t:|1700468599\n|move|p1a: Twink|Moonblast|p2a: Brute Bonnet\n|-supereffective|p2a: Brute Bonnet\n|-damage|p2a: Brute Bonnet|26\/100\n|move|p2a: Brute Bonnet|Spore|p1a: Twink\n|-status|p1a: Twink|slp|[from] move: Spore\n|\n|upkeep\n|turn|9\n|\n|t:|1700468609\n|switch|p1a: Bigender|Iron Valiant|100\/100\n|-enditem|p1a: Bigender|Booster Energy\n|-activate|p1a: Bigender|ability: Quark Drive|[fromitem]\n|-start|p1a: Bigender|quarkdrivespe\n|-end|p2a: Brute Bonnet|Protosynthesis|[silent]\n|switch|p2a: Weezing|Weezing-Galar, F, shiny|100\/100\n|-ability|p2a: Weezing|Neutralizing Gas\n|\n|upkeep\n|turn|10\n|\n|t:|1700468614\n|move|p1a: Bigender|Calm Mind|p1a: Bigender\n|-boost|p1a: Bigender|spa|1\n|-boost|p1a: Bigender|spd|1\n|move|p2a: Weezing|Defog|p1a: Bigender\n|-unboost|p1a: Bigender|evasion|1\n|-sideend|p2: Organzza|Sticky Web|[from] move: Defog|[of] p2a: Weezing\n|\n|upkeep\n|turn|11\n|\n|t:|1700468622\n|move|p1a: Bigender|Calm Mind|p1a: Bigender\n|-boost|p1a: Bigender|spa|1\n|-boost|p1a: Bigender|spd|1\n|move|p2a: Weezing|Taunt|p1a: Bigender\n|-start|p1a: Bigender|move: Taunt\n|\n|upkeep\n|turn|12\n|\n|t:|1700468628\n|move|p1a: Bigender|Thunderbolt|p2a: Weezing\n|-damage|p2a: Weezing|14\/100\n|move|p2a: Weezing|Strange Steam|p1a: Bigender\n|-supereffective|p1a: Bigender\n|-damage|p1a: Bigender|55\/100\n|-start|p1a: Bigender|confusion\n|\n|upkeep\n|turn|13\n|\n|t:|1700468634\n|-activate|p1a: Bigender|confusion\n|move|p1a: Bigender|Thunderbolt|p2a: Weezing\n|-damage|p2a: Weezing|0 fnt\n|faint|p2a: Weezing\n|-end|p2a: Weezing|ability: Neutralizing Gas\n|\n|upkeep\n|\n|t:|1700468641\n|switch|p2a: Heatran|Heatran, M, shiny|100\/100\n|turn|14\n|\n|t:|1700468646\n|-end|p1a: Bigender|confusion\n|move|p1a: Bigender|Thunderbolt|p2a: Heatran\n|-damage|p2a: Heatran|41\/100\n|move|p2a: Heatran|Heavy Slam|p1a: Bigender\n|-supereffective|p1a: Bigender\n|-damage|p1a: Bigender|0 fnt\n|faint|p1a: Bigender\n|-end|p1a: Bigender|Quark Drive|[silent]\n|\n|-heal|p2a: Heatran|47\/100|[from] item: Leftovers\n|upkeep\n|\n|t:|1700468656\n|switch|p1a: Raging Queer|Great Tusk|100\/100\n|turn|15\n|\n|t:|1700468673\n|move|p2a: Heatran|Magma Storm|p1a: Raging Queer\n|-damage|p1a: Raging Queer|30\/100\n|-activate|p1a: Raging Queer|move: Magma Storm|[of] p2a: Heatran\n|move|p1a: Raging Queer|Bulk Up|p1a: Raging Queer\n|-boost|p1a: Raging Queer|atk|1\n|-boost|p1a: Raging Queer|def|1\n|\n|-heal|p2a: Heatran|53\/100|[from] item: Leftovers\n|-damage|p1a: Raging Queer|17\/100|[from] move: Magma Storm|[partiallytrapped]\n|upkeep\n|turn|16\n|\n|t:|1700468677\n|move|p2a: Heatran|Magma Storm|p1a: Raging Queer|[miss]\n|-miss|p2a: Heatran|p1a: Raging Queer\n|move|p1a: Raging Queer|Earthquake|p2a: Heatran\n|-supereffective|p2a: Heatran\n|-damage|p2a: Heatran|0 fnt\n|faint|p2a: Heatran\n|\n|-end|p1a: Raging Queer|Magma Storm|[partiallytrapped]|[silent]\n|upkeep\n|\n|t:|1700468680\n|switch|p2a: Ogerpon|Ogerpon-Wellspring, F|100\/100\n|turn|17\n|\n|t:|1700468687\n|move|p2a: Ogerpon|Ivy Cudgel|p1a: Raging Queer|[anim] Ivy Cudgel Water\n|-supereffective|p1a: Raging Queer\n|-damage|p1a: Raging Queer|0 fnt\n|faint|p1a: Raging Queer\n|-end|p1a: Raging Queer|Protosynthesis|[silent]\n|\n|upkeep\n|\n|t:|1700468690\n|switch|p1a: Defender of Trans|Zamazenta, shiny|100\/100\n|-ability|p1a: Defender of Trans|Dauntless Shield|boost\n|-boost|p1a: Defender of Trans|def|1\n|turn|18\n|inactive|Organzza has 120 seconds left.\n|\n|t:|1700468722\n|move|p1a: Defender of Trans|Iron Defense|p1a: Defender of Trans\n|-boost|p1a: Defender of Trans|def|2\n|move|p2a: Ogerpon|Swords Dance|p2a: Ogerpon\n|-boost|p2a: Ogerpon|atk|2\n|\n|upkeep\n|turn|19\n|\n|t:|1700468728\n|move|p1a: Defender of Trans|Body Press|p2a: Ogerpon\n|-crit|p2a: Ogerpon\n|-damage|p2a: Ogerpon|0 fnt\n|faint|p2a: Ogerpon\n|\n|upkeep\n|inactive|Organzza has 120 seconds left.\n|\n|t:|1700468744\n|switch|p2a: Kommo-o|Kommo-o, F, shiny|100\/100\n|turn|20\n|\n|t:|1700468752\n|move|p1a: Defender of Trans|Body Press|p2a: Kommo-o\n|-damage|p2a: Kommo-o|7\/100\n|move|p2a: Kommo-o|Clangorous Soul||[still]\n|-fail|p2a: Kommo-o\n|\n|upkeep\n|turn|21\n|inactive|Organzza has 120 seconds left.\n|l|\u2606Skaraptor2.1\n|inactive|Skaraptor2.1 disconnected and has a minute to reconnect!\n|player|p1|\n|inactive|Organzza has 90 seconds left.\n|j|\u2606Skaraptor2.1\n|inactive|Skaraptor2.1 reconnected.\n|player|p1|Skaraptor2.1|bodybuilderf-gen9\n|\n|t:|1700468804\n|move|p1a: Defender of Trans|Crunch|p2a: Kommo-o\n|-resisted|p2a: Kommo-o\n|-damage|p2a: Kommo-o|0 fnt\n|faint|p2a: Kommo-o\n|\n|upkeep\n|\n|t:|1700468807\n|switch|p2a: Tinkaton|Tinkaton, F|100\/100 par\n|-ability|p2a: Tinkaton|Mold Breaker\n|turn|22\n|\n|t:|1700468811\n|-terastallize|p2a: Tinkaton|Water\n|move|p1a: Defender of Trans|Body Press|p2a: Tinkaton\n|-damage|p2a: Tinkaton|0 fnt\n|faint|p2a: Tinkaton\n|\n|upkeep\n|\n|t:|1700468813\n|switch|p2a: Brute Bonnet|Brute Bonnet|26\/100\n|turn|23\n|\n|t:|1700468816\n|move|p2a: Brute Bonnet|Sucker Punch|p1a: Defender of Trans\n|-resisted|p1a: Defender of Trans\n|-damage|p1a: Defender of Trans|95\/100\n|move|p1a: Defender of Trans|Body Press|p2a: Brute Bonnet\n|-supereffective|p2a: Brute Bonnet\n|-damage|p2a: Brute Bonnet|0 fnt\n|faint|p2a: Brute Bonnet\n|-end|p2a: Brute Bonnet|Protosynthesis|[silent]\n|\n|win|Skaraptor2.1\n|raw|Skaraptor2.1's rating: 1165 &rarr; <strong>1187<\/strong><br \/>(+22 for winning)\n|raw|Organzza's rating: 1127 &rarr; <strong>1105<\/strong><br \/>(-22 for losing)\n","uploadtime":1700468819,"views":10,"p1id":"skaraptor21","p2id":"organzza","formatid":"gen9ou","rating":1105,"private":0,"password":""}