{"id":"gen9ou-1996615605","p1":"mini mezzle","p2":"rainheimer","format":"[Gen 9] OU","log":"|j|\u2606mini mezzle\n|j|\u2606rainheimer\n|t:|1700700934\n|gametype|singles\n|player|p1|mini mezzle|2|1560\n|player|p2|rainheimer|102|1534\n|teamsize|p1|6\n|teamsize|p2|6\n|gen|9\n|tier|[Gen 9] OU\n|rated|\n|rule|Sleep Clause Mod: Limit one foe put to sleep\n|rule|Species Clause: Limit one of each Pok\u00e9mon\n|rule|OHKO Clause: OHKO moves are banned\n|rule|Evasion Items Clause: Evasion items are banned\n|rule|Evasion Moves Clause: Evasion moves are banned\n|rule|Endless Battle Clause: Forcing endless battles is banned\n|rule|HP Percentage Mod: HP is shown in percentages\n|clearpoke\n|poke|p1|Heatran, F|\n|poke|p1|Ninetales-Alola, M|\n|poke|p1|Hatterene, F|\n|poke|p1|Ting-Lu|\n|poke|p1|Iron Valiant|\n|poke|p1|Great Tusk|\n|poke|p2|Samurott-Hisui, F|\n|poke|p2|Pelipper, M|\n|poke|p2|Zapdos|\n|poke|p2|Scizor, F|\n|poke|p2|Barraskewda, M|\n|poke|p2|Amoonguss, M|\n|teampreview\n|\n|t:|1700700973\n|start\n|switch|p1a: Ninetales|Ninetales-Alola, M|100\/100\n|switch|p2a: Pelipper|Pelipper, M|100\/100\n|-weather|Snow|[from] ability: Snow Warning|[of] p1a: Ninetales\n|-weather|RainDance|[from] ability: Drizzle|[of] p2a: Pelipper\n|turn|1\n|\n|t:|1700700993\n|switch|p2a: Scizor|Scizor, F|100\/100\n|move|p1a: Ninetales|Freeze-Dry|p2a: Scizor\n|-resisted|p2a: Scizor\n|-damage|p2a: Scizor|83\/100\n|\n|-weather|RainDance|[upkeep]\n|upkeep\n|turn|2\n|\n|t:|1700701001\n|switch|p1a: Great Tusk|Great Tusk|100\/100\n|move|p2a: Scizor|U-turn|p1a: Great Tusk\n|-resisted|p1a: Great Tusk\n|-damage|p1a: Great Tusk|80\/100\n|\n|t:|1700701019\n|switch|p2a: Samurott|Samurott-Hisui, F|100\/100|[from] U-turn\n|\n|-weather|RainDance|[upkeep]\n|-heal|p1a: Great Tusk|87\/100|[from] item: Leftovers\n|upkeep\n|turn|3\n|\n|t:|1700701038\n|-end|p1a: Great Tusk|Protosynthesis|[silent]\n|switch|p1a: Ninetales|Ninetales-Alola, M|100\/100\n|-weather|Snow|[from] ability: Snow Warning|[of] p1a: Ninetales\n|move|p2a: Samurott|Aqua Cutter|p1a: Ninetales\n|-damage|p1a: Ninetales|47\/100\n|\n|-weather|Snow|[upkeep]\n|upkeep\n|turn|4\n|\n|t:|1700701044\n|move|p2a: Samurott|Aqua Cutter|p1a: Ninetales\n|-damage|p1a: Ninetales|0 fnt\n|faint|p1a: Ninetales\n|\n|-weather|Snow|[upkeep]\n|upkeep\n|\n|t:|1700701050\n|switch|p1a: Iron Valiant|Iron Valiant|100\/100\n|-enditem|p1a: Iron Valiant|Booster Energy\n|-activate|p1a: Iron Valiant|ability: Quark Drive|[fromitem]\n|-start|p1a: Iron Valiant|quarkdrivespe\n|turn|5\n|\n|t:|1700701054\n|switch|p2a: Amoonguss|Amoonguss, M|100\/100\n|move|p1a: Iron Valiant|Swords Dance|p1a: Iron Valiant\n|-boost|p1a: Iron Valiant|atk|2\n|\n|-weather|Snow|[upkeep]\n|upkeep\n|turn|6\n|\n|t:|1700701058\n|move|p1a: Iron Valiant|Zen Headbutt|p2a: Amoonguss\n|-supereffective|p2a: Amoonguss\n|-damage|p2a: Amoonguss|0 fnt\n|-damage|p1a: Iron Valiant|84\/100|[from] item: Rocky Helmet|[of] p2a: Amoonguss\n|faint|p2a: Amoonguss\n|\n|-weather|Snow|[upkeep]\n|upkeep\n|\n|t:|1700701063\n|switch|p2a: Scizor|Scizor, F|83\/100\n|turn|7\n|j| GummyRowlets\n|\n|t:|1700701070\n|-terastallize|p1a: Iron Valiant|Steel\n|move|p2a: Scizor|Bullet Punch|p1a: Iron Valiant\n|-resisted|p1a: Iron Valiant\n|-damage|p1a: Iron Valiant|48\/100\n|move|p1a: Iron Valiant|Close Combat|p2a: Scizor\n|-damage|p2a: Scizor|0 fnt\n|-unboost|p1a: Iron Valiant|def|1\n|-unboost|p1a: Iron Valiant|spd|1\n|faint|p2a: Scizor\n|\n|-weather|none\n|upkeep\n|\n|t:|1700701077\n|switch|p2a: Pelipper|Pelipper, M|100\/100\n|-weather|RainDance|[from] ability: Drizzle|[of] p2a: Pelipper\n|turn|8\n|\n|t:|1700701096\n|switch|p2a: Zapdos|Zapdos|100\/100\n|-ability|p2a: Zapdos|Pressure\n|move|p1a: Iron Valiant|Knock Off|p2a: Zapdos\n|-damage|p2a: Zapdos|24\/100\n|-enditem|p2a: Zapdos|Heavy-Duty Boots|[from] move: Knock Off|[of] p1a: Iron Valiant\n|\n|-weather|RainDance|[upkeep]\n|upkeep\n|turn|9\n|\n|t:|1700701102\n|move|p1a: Iron Valiant|Knock Off|p2a: Zapdos\n|-damage|p2a: Zapdos|0 fnt\n|faint|p2a: Zapdos\n|\n|-weather|RainDance|[upkeep]\n|upkeep\n|\n|t:|1700701105\n|switch|p2a: Barraskewda|Barraskewda, M|100\/100\n|turn|10\n|\n|t:|1700701122\n|-terastallize|p2a: Barraskewda|Water\n|move|p2a: Barraskewda|Liquidation|p1a: Iron Valiant\n|-damage|p1a: Iron Valiant|0 fnt\n|faint|p1a: Iron Valiant\n|-end|p1a: Iron Valiant|Quark Drive|[silent]\n|\n|-weather|RainDance|[upkeep]\n|upkeep\n|\n|t:|1700701133\n|switch|p1a: Great Tusk|Great Tusk|87\/100\n|turn|11\n|\n|t:|1700701136\n|move|p2a: Barraskewda|Liquidation|p1a: Great Tusk\n|-supereffective|p1a: Great Tusk\n|-damage|p1a: Great Tusk|0 fnt\n|faint|p1a: Great Tusk\n|-end|p1a: Great Tusk|Protosynthesis|[silent]\n|\n|-weather|RainDance|[upkeep]\n|upkeep\n|\n|t:|1700701138\n|switch|p1a: Hatterene|Hatterene, F|100\/100\n|turn|12\n|\n|t:|1700701140\n|move|p2a: Barraskewda|Liquidation|p1a: Hatterene\n|-damage|p1a: Hatterene|0 fnt\n|faint|p1a: Hatterene\n|\n|-weather|RainDance|[upkeep]\n|upkeep\n|c|\u2606mini mezzle|Gg\n|-message|mini mezzle forfeited.\n|\n|win|rainheimer\n|raw|mini mezzle's rating: 1578 &rarr; <strong>1555<\/strong><br \/>(-23 for losing)\n|raw|rainheimer's rating: 1534 &rarr; <strong>1557<\/strong><br \/>(+23 for winning)\n|l|\u2606mini mezzle\n|l| GummyRowlets\n","uploadtime":1700701340,"views":16,"p1id":"minimezzle","p2id":"rainheimer","formatid":"gen9ou","rating":1555,"private":0,"password":""}