{"id":"gen9ou-2000059509","p1":"dankpede","p2":"liaoya","format":"[Gen 9] OU","log":"|j|\u2606dankpede\n|j|\u2606liaoya\n|t:|1701147605\n|gametype|singles\n|player|p1|dankpede|dawn|1473\n|player|p2|liaoya|petrel|1548\n|teamsize|p1|6\n|teamsize|p2|6\n|gen|9\n|tier|[Gen 9] OU\n|rated|\n|rule|Sleep Clause Mod: Limit one foe put to sleep\n|rule|Species Clause: Limit one of each Pok\u00e9mon\n|rule|OHKO Clause: OHKO moves are banned\n|rule|Evasion Items Clause: Evasion items are banned\n|rule|Evasion Moves Clause: Evasion moves are banned\n|rule|Endless Battle Clause: Forcing endless battles is banned\n|rule|HP Percentage Mod: HP is shown in percentages\n|clearpoke\n|poke|p1|Zamazenta-*|\n|poke|p1|Ogerpon-Wellspring, F|\n|poke|p1|Ting-Lu|\n|poke|p1|Toxapex, F|\n|poke|p1|Corviknight, M|\n|poke|p1|Iron Moth|\n|poke|p2|Drifblim, F|\n|poke|p2|Garganacl, F|\n|poke|p2|Umbreon, F|\n|poke|p2|Rotom-Wash|\n|poke|p2|Glimmora, F|\n|poke|p2|Espeon, F|\n|teampreview\n|inactive|Battle timer is ON: inactive players will automatically lose when time's up. (requested by liaoya)\n|inactive|dankpede has 120 seconds left.\n|\n|t:|1701147667\n|start\n|switch|p1a: Ting-Lu|Ting-Lu|100\/100\n|switch|p2a: Rotom|Rotom-Wash|100\/100\n|-ability|p1a: Ting-Lu|Vessel of Ruin\n|turn|1\n|\n|t:|1701147674\n|switch|p2a: Espeon|Espeon, F|100\/100\n|move|p1a: Ting-Lu|Ruination|p2a: Espeon\n|-damage|p2a: Espeon|50\/100\n|\n|upkeep\n|turn|2\n|\n|t:|1701147677\n|move|p2a: Espeon|Trick|p1a: Ting-Lu\n|-activate|p2a: Espeon|move: Trick|[of] p1a: Ting-Lu\n|-item|p1a: Ting-Lu|Choice Scarf|[from] move: Trick\n|-item|p2a: Espeon|Leftovers|[from] move: Trick\n|move|p1a: Ting-Lu|Earthquake|p2a: Espeon\n|-damage|p2a: Espeon|10\/100\n|\n|-heal|p2a: Espeon|16\/100|[from] item: Leftovers\n|upkeep\n|turn|3\n|\n|t:|1701147685\n|switch|p2a: Rotom|Rotom-Wash|100\/100\n|move|p1a: Ting-Lu|Earthquake|p2a: Rotom\n|-immune|p2a: Rotom|[from] ability: Levitate\n|\n|upkeep\n|turn|4\n|\n|t:|1701147691\n|switch|p1a: Toxapex|Toxapex, F|100\/100\n|move|p2a: Rotom|Trick|p1a: Toxapex\n|-activate|p2a: Rotom|move: Trick|[of] p1a: Toxapex\n|-item|p1a: Toxapex|Choice Scarf|[from] move: Trick\n|-item|p2a: Rotom|Leftovers|[from] move: Trick\n|\n|upkeep\n|turn|5\n|\n|t:|1701147698\n|move|p2a: Rotom|Volt Switch|p1a: Toxapex\n|-supereffective|p1a: Toxapex\n|-damage|p1a: Toxapex|49\/100\n|\n|t:|1701147703\n|switch|p2a: Garganacl|Garganacl, F, shiny|100\/100|[from] Volt Switch\n|move|p1a: Toxapex|Toxic|p2a: Garganacl\n|-immune|p2a: Garganacl|[from] ability: Purifying Salt\n|\n|upkeep\n|turn|6\n|\n|t:|1701147710\n|switch|p1a: Ogerpon|Ogerpon-Wellspring, F|100\/100\n|move|p2a: Garganacl|Salt Cure|p1a: Ogerpon\n|-damage|p1a: Ogerpon|83\/100\n|-start|p1a: Ogerpon|Salt Cure\n|\n|-damage|p1a: Ogerpon|58\/100|[from] Salt Cure\n|upkeep\n|turn|7\n|\n|t:|1701147719\n|switch|p2a: Umbreon|Umbreon, F, shiny|100\/100\n|move|p1a: Ogerpon|Trailblaze|p2a: Umbreon\n|-damage|p2a: Umbreon|81\/100\n|-boost|p1a: Ogerpon|spe|1\n|\n|-heal|p2a: Umbreon|87\/100|[from] item: Leftovers\n|-damage|p1a: Ogerpon|33\/100|[from] Salt Cure\n|upkeep\n|turn|8\n|\n|t:|1701147728\n|switch|p1a: Zamazenta|Zamazenta|100\/100\n|-ability|p1a: Zamazenta|Dauntless Shield|boost\n|-boost|p1a: Zamazenta|def|1\n|move|p2a: Umbreon|Wish|p2a: Umbreon\n|\n|-heal|p2a: Umbreon|93\/100|[from] item: Leftovers\n|upkeep\n|turn|9\n|\n|t:|1701147743\n|switch|p2a: Rotom|Rotom-Wash|100\/100\n|move|p1a: Zamazenta|Iron Defense|p1a: Zamazenta\n|-boost|p1a: Zamazenta|def|2\n|\n|upkeep\n|turn|10\n|\n|t:|1701147751\n|move|p1a: Zamazenta|Body Press|p2a: Rotom\n|-damage|p2a: Rotom|19\/100\n|move|p2a: Rotom|Volt Switch|p1a: Zamazenta\n|-damage|p1a: Zamazenta|75\/100\n|\n|t:|1701147757\n|switch|p2a: Drifblim|Drifblim, F|100\/100|[from] Volt Switch\n|\n|-heal|p1a: Zamazenta|81\/100|[from] item: Leftovers\n|upkeep\n|turn|11\n|\n|t:|1701147759\n|move|p2a: Drifblim|Trick|p1a: Zamazenta\n|-activate|p2a: Drifblim|move: Trick|[of] p1a: Zamazenta\n|-item|p1a: Zamazenta|Choice Scarf|[from] move: Trick\n|-item|p2a: Drifblim|Leftovers|[from] move: Trick\n|move|p1a: Zamazenta|Crunch|p2a: Drifblim\n|-supereffective|p2a: Drifblim\n|-damage|p2a: Drifblim|19\/100\n|\n|-heal|p2a: Drifblim|25\/100|[from] item: Leftovers\n|upkeep\n|turn|12\n|\n|t:|1701147770\n|move|p1a: Zamazenta|Crunch|p2a: Drifblim\n|-supereffective|p2a: Drifblim\n|-damage|p2a: Drifblim|0 fnt\n|-damage|p1a: Zamazenta|56\/100|[from] ability: Aftermath|[of] p2a: Drifblim\n|faint|p2a: Drifblim\n|\n|upkeep\n|\n|t:|1701147772\n|switch|p2a: Garganacl|Garganacl, F, shiny|100\/100\n|turn|13\n|\n|t:|1701147780\n|switch|p1a: Ting-Lu|Ting-Lu|100\/100\n|-ability|p1a: Ting-Lu|Vessel of Ruin\n|-terastallize|p2a: Garganacl|Ghost\n|move|p2a: Garganacl|Iron Defense|p2a: Garganacl\n|-boost|p2a: Garganacl|def|2\n|\n|upkeep\n|turn|14\n|\n|t:|1701147789\n|move|p2a: Garganacl|Body Press|p1a: Ting-Lu\n|-supereffective|p1a: Ting-Lu\n|-damage|p1a: Ting-Lu|46\/100\n|move|p1a: Ting-Lu|Whirlwind|p2a: Garganacl\n|drag|p2a: Umbreon|Umbreon, F, shiny|93\/100\n|\n|-heal|p2a: Umbreon|99\/100|[from] item: Leftovers\n|upkeep\n|turn|15\n|\n|t:|1701147800\n|move|p2a: Umbreon|Wish|p2a: Umbreon\n|move|p1a: Ting-Lu|Whirlwind|p2a: Umbreon\n|drag|p2a: Garganacl|Garganacl, F, shiny, tera:Ghost|100\/100\n|\n|upkeep\n|turn|16\n|\n|t:|1701147809\n|switch|p1a: Toxapex|Toxapex, F|82\/100\n|move|p2a: Garganacl|Salt Cure|p1a: Toxapex\n|-damage|p1a: Toxapex|74\/100\n|-start|p1a: Toxapex|Salt Cure\n|\n|-damage|p1a: Toxapex|49\/100|[from] Salt Cure\n|upkeep\n|turn|17\n|\n|t:|1701147815\n|switch|p1a: Corviknight|Corviknight, M|100\/100\n|move|p2a: Garganacl|Iron Defense|p2a: Garganacl\n|-boost|p2a: Garganacl|def|2\n|\n|upkeep\n|turn|18\n|\n|t:|1701147831\n|switch|p1a: Ting-Lu|Ting-Lu|46\/100\n|-ability|p1a: Ting-Lu|Vessel of Ruin\n|move|p2a: Garganacl|Salt Cure|p1a: Ting-Lu\n|-resisted|p1a: Ting-Lu\n|-damage|p1a: Ting-Lu|42\/100\n|-start|p1a: Ting-Lu|Salt Cure\n|\n|-damage|p1a: Ting-Lu|30\/100|[from] Salt Cure\n|upkeep\n|turn|19\n|\n|t:|1701147836\n|move|p1a: Ting-Lu|Stealth Rock|p2a: Garganacl\n|-sidestart|p2: liaoya|move: Stealth Rock\n|move|p2a: Garganacl|Body Press|p1a: Ting-Lu\n|-supereffective|p1a: Ting-Lu\n|-damage|p1a: Ting-Lu|0 fnt\n|faint|p1a: Ting-Lu\n|\n|upkeep\n|\n|t:|1701147838\n|switch|p1a: Ogerpon|Ogerpon-Wellspring, F|33\/100\n|turn|20\n|\n|t:|1701147843\n|move|p1a: Ogerpon|Knock Off|p2a: Garganacl\n|-supereffective|p2a: Garganacl\n|-damage|p2a: Garganacl|74\/100\n|-enditem|p2a: Garganacl|Leftovers|[from] move: Knock Off|[of] p1a: Ogerpon\n|move|p2a: Garganacl|Salt Cure|p1a: Ogerpon\n|-damage|p1a: Ogerpon|15\/100\n|-start|p1a: Ogerpon|Salt Cure\n|\n|-damage|p1a: Ogerpon|0 fnt|[from] Salt Cure\n|faint|p1a: Ogerpon\n|upkeep\n|\n|t:|1701147849\n|switch|p1a: Iron Moth|Iron Moth|100\/100\n|-enditem|p1a: Iron Moth|Booster Energy\n|-activate|p1a: Iron Moth|ability: Quark Drive|[fromitem]\n|-start|p1a: Iron Moth|quarkdrivespe\n|turn|21\n|\n|t:|1701147853\n|move|p1a: Iron Moth|Fiery Dance|p2a: Garganacl\n|-damage|p2a: Garganacl|47\/100\n|move|p2a: Garganacl|Salt Cure|p1a: Iron Moth\n|-supereffective|p1a: Iron Moth\n|-damage|p1a: Iron Moth|60\/100\n|-start|p1a: Iron Moth|Salt Cure\n|\n|-damage|p1a: Iron Moth|48\/100|[from] Salt Cure\n|upkeep\n|turn|22\n|\n|t:|1701147858\n|move|p1a: Iron Moth|Fiery Dance|p2a: Garganacl\n|-damage|p2a: Garganacl|18\/100\n|-boost|p1a: Iron Moth|spa|1\n|move|p2a: Garganacl|Recover|p2a: Garganacl\n|-heal|p2a: Garganacl|68\/100\n|\n|-damage|p1a: Iron Moth|35\/100|[from] Salt Cure\n|upkeep\n|turn|23\n|\n|t:|1701147872\n|move|p1a: Iron Moth|Fiery Dance|p2a: Garganacl\n|-damage|p2a: Garganacl|28\/100\n|move|p2a: Garganacl|Salt Cure|p1a: Iron Moth\n|-supereffective|p1a: Iron Moth\n|-damage|p1a: Iron Moth|0 fnt\n|faint|p1a: Iron Moth\n|-end|p1a: Iron Moth|Quark Drive|[silent]\n|\n|upkeep\n|l|\u2606dankpede\n|inactive|dankpede disconnected and has a minute to reconnect!\n|player|p1|\n|inactive|dankpede has 30 seconds to reconnect!\n|inactive|dankpede has 20 seconds to reconnect!\n|inactive|dankpede has 15 seconds to reconnect!\n|inactive|dankpede has 10 seconds to reconnect!\n|inactive|dankpede has 5 seconds to reconnect!\n|-message|dankpede lost due to inactivity.\n|\n|win|liaoya\n|raw|dankpede's rating: 1473 &rarr; <strong>1457<\/strong><br \/>(-16 for losing)\n|raw|liaoya's rating: 1548 &rarr; <strong>1564<\/strong><br \/>(+16 for winning)\n","uploadtime":1701147940,"views":5,"p1id":"dankpede","p2id":"liaoya","formatid":"gen9ou","rating":1457,"private":0,"password":""}