{"id":"gen9ou-1994669724","p1":"Choccy milk lover","p2":"Pepito97480","format":"[Gen 9] OU","log":"|j|\u2606Choccy milk lover\n|j|\u2606Pepito97480\n|t:|1700478546\n|gametype|singles\n|player|p1|Choccy milk lover|n|1055\n|player|p2|Pepito97480|266|1098\n|teamsize|p1|6\n|teamsize|p2|6\n|gen|9\n|tier|[Gen 9] OU\n|rated|\n|rule|Sleep Clause Mod: Limit one foe put to sleep\n|rule|Species Clause: Limit one of each Pok\u00e9mon\n|rule|OHKO Clause: OHKO moves are banned\n|rule|Evasion Items Clause: Evasion items are banned\n|rule|Evasion Moves Clause: Evasion moves are banned\n|rule|Endless Battle Clause: Forcing endless battles is banned\n|rule|HP Percentage Mod: HP is shown in percentages\n|clearpoke\n|poke|p1|Eiscue, F|\n|poke|p1|Ninetales-Alola, F|\n|poke|p1|Cetitan, F|\n|poke|p1|Great Tusk|\n|poke|p1|Slowking-Galar, F|\n|poke|p1|Mamoswine, F|\n|poke|p2|Zapdos|\n|poke|p2|Veluza, F|\n|poke|p2|Hatterene, F|\n|poke|p2|Blissey, F|\n|poke|p2|Iron Moth|\n|poke|p2|Kingambit, M|\n|teampreview\n|\n|t:|1700478555\n|start\n|switch|p1a: Angel|Ninetales-Alola, F, shiny|100\/100\n|switch|p2a: Iron Moth|Iron Moth|100\/100\n|-weather|Snow|[from] ability: Snow Warning|[of] p1a: Angel\n|turn|1\n|\n|t:|1700478566\n|move|p2a: Iron Moth|Sludge Wave|p1a: Angel\n|-supereffective|p1a: Angel\n|-damage|p1a: Angel|0 fnt\n|faint|p1a: Angel\n|\n|-weather|Snow|[upkeep]\n|upkeep\n|\n|t:|1700478574\n|switch|p1a: Fairy|Cetitan, F, shiny|100\/100\n|turn|2\n|\n|t:|1700478578\n|move|p1a: Fairy|Earthquake|p2a: Iron Moth\n|-supereffective|p2a: Iron Moth\n|-damage|p2a: Iron Moth|0 fnt\n|faint|p2a: Iron Moth\n|-end|p2a: Iron Moth|Quark Drive|[silent]\n|\n|-weather|Snow|[upkeep]\n|upkeep\n|\n|t:|1700478584\n|switch|p2a: Zapdos|Zapdos|100\/100\n|turn|3\n|\n|t:|1700478589\n|move|p1a: Fairy|Ice Spinner|p2a: Zapdos\n|-supereffective|p2a: Zapdos\n|-damage|p2a: Zapdos|34\/100\n|move|p2a: Zapdos|Hurricane|p1a: Fairy\n|-damage|p1a: Fairy|68\/100\n|-start|p1a: Fairy|confusion\n|\n|-weather|Snow|[upkeep]\n|upkeep\n|turn|4\n|\n|t:|1700478598\n|-activate|p1a: Fairy|confusion\n|move|p1a: Fairy|Ice Spinner|p2a: Zapdos\n|-supereffective|p2a: Zapdos\n|-damage|p2a: Zapdos|0 fnt\n|faint|p2a: Zapdos\n|\n|-weather|Snow|[upkeep]\n|upkeep\n|\n|t:|1700478605\n|switch|p2a: Veluza|Veluza, F|100\/100\n|turn|5\n|\n|t:|1700478610\n|-end|p1a: Fairy|confusion\n|move|p1a: Fairy|Earthquake|p2a: Veluza\n|-damage|p2a: Veluza|60\/100\n|move|p2a: Veluza|Fillet Away|p2a: Veluza\n|-boost|p2a: Veluza|atk|2\n|-boost|p2a: Veluza|spa|2\n|-boost|p2a: Veluza|spe|2\n|-damage|p2a: Veluza|10\/100\n|\n|-weather|Snow|[upkeep]\n|-heal|p2a: Veluza|17\/100|[from] item: Leftovers\n|upkeep\n|turn|6\n|\n|t:|1700478655\n|-terastallize|p2a: Veluza|Water\n|move|p2a: Veluza|Aqua Jet|p1a: Fairy\n|-damage|p1a: Fairy|44\/100\n|move|p1a: Fairy|Earthquake|p2a: Veluza\n|-damage|p2a: Veluza|0 fnt\n|faint|p2a: Veluza\n|\n|-weather|Snow|[upkeep]\n|upkeep\n|\n|t:|1700478667\n|switch|p2a: Kingambit|Kingambit, M|100\/100\n|-activate|p2a: Kingambit|ability: Supreme Overlord\n|-start|p2a: Kingambit|fallen3|[silent]\n|turn|7\n|\n|t:|1700478673\n|move|p2a: Kingambit|Sucker Punch|p1a: Fairy\n|-damage|p1a: Fairy|20\/100\n|move|p1a: Fairy|Earthquake|p2a: Kingambit\n|-supereffective|p2a: Kingambit\n|-damage|p2a: Kingambit|51\/100\n|\n|-weather|Snow|[upkeep]\n|-heal|p2a: Kingambit|57\/100|[from] item: Leftovers\n|upkeep\n|turn|8\n|\n|t:|1700478682\n|move|p2a: Kingambit|Sucker Punch|p1a: Fairy\n|-damage|p1a: Fairy|0 fnt\n|faint|p1a: Fairy\n|\n|-weather|none\n|-heal|p2a: Kingambit|63\/100|[from] item: Leftovers\n|upkeep\n|\n|t:|1700478695\n|switch|p1a: Freeze|Slowking-Galar, F, shiny|100\/100\n|turn|9\n|\n|t:|1700478705\n|move|p2a: Kingambit|Kowtow Cleave|p1a: Freeze\n|-supereffective|p1a: Freeze\n|-damage|p1a: Freeze|0 fnt\n|faint|p1a: Freeze\n|\n|-heal|p2a: Kingambit|69\/100|[from] item: Leftovers\n|upkeep\n|\n|t:|1700478710\n|switch|p1a: Peaches|Mamoswine, F, shiny|100\/100\n|turn|10\n|\n|t:|1700478718\n|-end|p2a: Kingambit|fallen3|[silent]\n|switch|p2a: Hatterene|Hatterene, F|100\/100\n|move|p1a: Peaches|Earthquake|p2a: Hatterene\n|-damage|p2a: Hatterene|50\/100\n|\n|-heal|p2a: Hatterene|56\/100|[from] item: Leftovers\n|upkeep\n|turn|11\n|\n|t:|1700478728\n|move|p1a: Peaches|Earthquake|p2a: Hatterene\n|-damage|p2a: Hatterene|8\/100\n|move|p2a: Hatterene|Draining Kiss|p1a: Peaches\n|-damage|p1a: Peaches|71\/100\n|-heal|p2a: Hatterene|33\/100|[from] drain|[of] p1a: Peaches\n|\n|-heal|p2a: Hatterene|39\/100|[from] item: Leftovers\n|upkeep\n|turn|12\n|inactive|Battle timer is ON: inactive players will automatically lose when time's up. (requested by Pepito97480)\n|\n|t:|1700478741\n|move|p1a: Peaches|Earthquake|p2a: Hatterene\n|-damage|p2a: Hatterene|0 fnt\n|faint|p2a: Hatterene\n|\n|upkeep\n|\n|t:|1700478746\n|switch|p2a: Blissey|Blissey, F|100\/100\n|turn|13\n|\n|t:|1700478754\n|move|p1a: Peaches|Earthquake|p2a: Blissey\n|-damage|p2a: Blissey|65\/100\n|move|p2a: Blissey|Seismic Toss|p1a: Peaches\n|-damage|p1a: Peaches|44\/100\n|\n|-heal|p2a: Blissey|72\/100|[from] item: Leftovers\n|upkeep\n|turn|14\n|l|\u2606Pepito97480\n|inactive|Pepito97480 disconnected and has a minute to reconnect!\n|player|p2|\n|j|\u2606Pepito97480\n|inactive|Pepito97480 reconnected and has 130 seconds left.\n|player|p2|Pepito97480|266\n|\n|t:|1700478782\n|move|p1a: Peaches|Earthquake|p2a: Blissey\n|-damage|p2a: Blissey|37\/100\n|move|p2a: Blissey|Soft-Boiled|p2a: Blissey\n|-heal|p2a: Blissey|87\/100\n|\n|-heal|p2a: Blissey|93\/100|[from] item: Leftovers\n|upkeep\n|turn|15\n|inactive|Pepito97480 has 120 seconds left.\n|l|\u2606Pepito97480\n|inactive|Pepito97480 disconnected and has a minute to reconnect!\n|player|p2|\n|inactive|Pepito97480 has 30 seconds to reconnect!\n|j|\u2606Pepito97480\n|inactive|Pepito97480 reconnected and has 75 seconds left.\n|player|p2|Pepito97480|266\n|\n|t:|1700478846\n|switch|p1a: Pinkie|Eiscue, F, shiny|100\/100\n|move|p2a: Blissey|Seismic Toss|p1a: Pinkie\n|-activate|p1a: Pinkie|ability: Ice Face\n|-damage|p1a: Pinkie|100\/100\n|detailschange|p1a: Pinkie|Eiscue-Noice, F, shiny\n|\n|-heal|p2a: Blissey|99\/100|[from] item: Leftovers\n|upkeep\n|turn|16\n|\n|t:|1700478855\n|move|p1a: Pinkie|Snowscape|p1a: Pinkie\n|-weather|Snow\n|-activate|p1a: Pinkie|ability: Ice Face\n|detailschange|p1a: Pinkie|Eiscue, F, shiny\n|move|p2a: Blissey|Thunder Wave|p1a: Pinkie\n|-status|p1a: Pinkie|par\n|\n|-weather|Snow|[upkeep]\n|-heal|p2a: Blissey|100\/100|[from] item: Leftovers\n|upkeep\n|turn|17\n|\n|t:|1700478867\n|move|p2a: Blissey|Stealth Rock|p1a: Pinkie\n|-sidestart|p1: Choccy milk lover|move: Stealth Rock\n|cant|p1a: Pinkie|par\n|\n|-weather|Snow|[upkeep]\n|upkeep\n|turn|18\n|\n|t:|1700478872\n|move|p2a: Blissey|Seismic Toss|p1a: Pinkie\n|-activate|p1a: Pinkie|ability: Ice Face\n|-damage|p1a: Pinkie|100\/100 par\n|detailschange|p1a: Pinkie|Eiscue-Noice, F, shiny\n|cant|p1a: Pinkie|par\n|\n|-weather|Snow|[upkeep]\n|upkeep\n|turn|19\n|\n|t:|1700478880\n|move|p1a: Pinkie|Reversal|p2a: Blissey\n|-supereffective|p2a: Blissey\n|-crit|p2a: Blissey\n|-damage|p2a: Blissey|92\/100\n|move|p2a: Blissey|Seismic Toss|p1a: Pinkie\n|-damage|p1a: Pinkie|66\/100 par\n|\n|-weather|Snow|[upkeep]\n|-heal|p2a: Blissey|98\/100|[from] item: Leftovers\n|upkeep\n|turn|20\n|\n|t:|1700478889\n|move|p1a: Pinkie|Blizzard|p2a: Blissey\n|-damage|p2a: Blissey|85\/100\n|move|p2a: Blissey|Seismic Toss|p1a: Pinkie\n|-damage|p1a: Pinkie|32\/100 par\n|\n|-weather|none\n|-heal|p2a: Blissey|91\/100|[from] item: Leftovers\n|upkeep\n|turn|21\n|\n|t:|1700478899\n|move|p1a: Pinkie|Reversal|p2a: Blissey\n|-supereffective|p2a: Blissey\n|-damage|p2a: Blissey|66\/100\n|move|p2a: Blissey|Seismic Toss|p1a: Pinkie\n|-damage|p1a: Pinkie|0 fnt\n|faint|p1a: Pinkie\n|\n|-heal|p2a: Blissey|72\/100|[from] item: Leftovers\n|upkeep\n|\n|t:|1700478902\n|switch|p1a: DIO|Great Tusk, shiny|100\/100\n|-damage|p1a: DIO|98\/100|[from] Stealth Rock\n|turn|22\n|\n|t:|1700478919\n|move|p1a: DIO|Earthquake|p2a: Blissey\n|-damage|p2a: Blissey|25\/100\n|move|p2a: Blissey|Soft-Boiled|p2a: Blissey\n|-heal|p2a: Blissey|75\/100\n|\n|-heal|p2a: Blissey|81\/100|[from] item: Leftovers\n|upkeep\n|turn|23\n|\n|t:|1700478927\n|move|p1a: DIO|Earthquake|p2a: Blissey\n|-damage|p2a: Blissey|35\/100\n|move|p2a: Blissey|Soft-Boiled|p2a: Blissey\n|-heal|p2a: Blissey|85\/100\n|\n|-heal|p2a: Blissey|91\/100|[from] item: Leftovers\n|upkeep\n|turn|24\n|inactive|Pepito97480 has 120 seconds left.\n|\n|t:|1700478935\n|move|p1a: DIO|Earthquake|p2a: Blissey\n|-damage|p2a: Blissey|46\/100\n|move|p2a: Blissey|Soft-Boiled|p2a: Blissey\n|-heal|p2a: Blissey|96\/100\n|\n|-heal|p2a: Blissey|100\/100|[from] item: Leftovers\n|upkeep\n|turn|25\n|\n|t:|1700478942\n|move|p1a: DIO|Earthquake|p2a: Blissey\n|-damage|p2a: Blissey|54\/100\n|move|p2a: Blissey|Seismic Toss|p1a: DIO\n|-damage|p1a: DIO|71\/100\n|\n|-heal|p2a: Blissey|60\/100|[from] item: Leftovers\n|upkeep\n|turn|26\n|\n|t:|1700478950\n|move|p1a: DIO|Earthquake|p2a: Blissey\n|-damage|p2a: Blissey|11\/100\n|move|p2a: Blissey|Soft-Boiled|p2a: Blissey\n|-heal|p2a: Blissey|61\/100\n|\n|-heal|p2a: Blissey|67\/100|[from] item: Leftovers\n|upkeep\n|turn|27\n|\n|t:|1700478962\n|move|p1a: DIO|Earthquake|p2a: Blissey\n|-damage|p2a: Blissey|24\/100\n|move|p2a: Blissey|Soft-Boiled|p2a: Blissey\n|-heal|p2a: Blissey|74\/100\n|\n|-heal|p2a: Blissey|81\/100|[from] item: Leftovers\n|upkeep\n|turn|28\n|\n|t:|1700478969\n|move|p1a: DIO|Earthquake|p2a: Blissey\n|-damage|p2a: Blissey|32\/100\n|move|p2a: Blissey|Soft-Boiled|p2a: Blissey\n|-heal|p2a: Blissey|82\/100\n|\n|-heal|p2a: Blissey|88\/100|[from] item: Leftovers\n|upkeep\n|turn|29\n|\n|t:|1700478977\n|move|p1a: DIO|Earthquake|p2a: Blissey\n|-damage|p2a: Blissey|44\/100\n|move|p2a: Blissey|Soft-Boiled|p2a: Blissey\n|-heal|p2a: Blissey|94\/100\n|\n|-heal|p2a: Blissey|99\/100|[from] item: Leftovers\n|upkeep\n|turn|30\n|\n|t:|1700478987\n|move|p1a: DIO|Earthquake|p2a: Blissey\n|-damage|p2a: Blissey|57\/100\n|move|p2a: Blissey|Seismic Toss|p1a: DIO\n|-damage|p1a: DIO|44\/100\n|\n|-heal|p2a: Blissey|63\/100|[from] item: Leftovers\n|upkeep\n|turn|31\n|\n|t:|1700478995\n|move|p1a: DIO|Earthquake|p2a: Blissey\n|-crit|p2a: Blissey\n|-damage|p2a: Blissey|0 fnt\n|faint|p2a: Blissey\n|\n|upkeep\n|\n|t:|1700479002\n|switch|p2a: Kingambit|Kingambit, M|69\/100\n|-activate|p2a: Kingambit|ability: Supreme Overlord\n|-start|p2a: Kingambit|fallen5|[silent]\n|turn|32\n|\n|t:|1700479012\n|move|p2a: Kingambit|Sucker Punch|p1a: DIO\n|-resisted|p1a: DIO\n|-damage|p1a: DIO|22\/100\n|move|p1a: DIO|Rapid Spin|p2a: Kingambit\n|-resisted|p2a: Kingambit\n|-damage|p2a: Kingambit|61\/100\n|-boost|p1a: DIO|spe|1\n|-sideend|p1: Choccy milk lover|Stealth Rock|[from] move: Rapid Spin|[of] p1a: DIO\n|\n|-heal|p2a: Kingambit|67\/100|[from] item: Leftovers\n|upkeep\n|turn|33\n|\n|t:|1700479021\n|move|p1a: DIO|Earthquake|p2a: Kingambit\n|-supereffective|p2a: Kingambit\n|-damage|p2a: Kingambit|0 fnt\n|faint|p2a: Kingambit\n|-end|p2a: Kingambit|fallen5|[silent]\n|\n|win|Choccy milk lover\n|raw|Choccy milk lover's rating: 1055 &rarr; <strong>1091<\/strong><br \/>(+36 for winning)\n|raw|Pepito97480's rating: 1098 &rarr; <strong>1070<\/strong><br \/>(-28 for losing)\n|c|\u2606Choccy milk lover|Gg\n|c|\u2606Pepito97480|gg\n|l|\u2606Pepito97480\n","uploadtime":1700479057,"views":8,"p1id":"choccymilklover","p2id":"pepito97480","formatid":"gen9ou","rating":1070,"private":0,"password":""}