{"id":"gen9ou-1993889523","p1":"SDK04","p2":"Yusuffer","format":"[Gen 9] OU","log":"|j|\u2606SDK04\n|j|\u2606Yusuffer\n|inactive|Battle timer is ON: inactive players will automatically lose when time's up.\n|t:|1700370637\n|gametype|singles\n|player|p1|SDK04|unknown|\n|player|p2|Yusuffer|ethan-masters|\n|teamsize|p1|6\n|teamsize|p2|6\n|gen|9\n|tier|[Gen 9] OU\n|rated|Tournament battle\n|rule|Sleep Clause Mod: Limit one foe put to sleep\n|rule|Species Clause: Limit one of each Pok\u00e9mon\n|rule|OHKO Clause: OHKO moves are banned\n|rule|Evasion Items Clause: Evasion items are banned\n|rule|Evasion Moves Clause: Evasion moves are banned\n|rule|Endless Battle Clause: Forcing endless battles is banned\n|rule|HP Percentage Mod: HP is shown in percentages\n|clearpoke\n|poke|p1|Ribombee, M|\n|poke|p1|Torterra, F|\n|poke|p1|Rillaboom, M|\n|poke|p1|Iron Moth|\n|poke|p1|Manaphy|\n|poke|p1|Gholdengo|\n|poke|p2|Ninetales, F|\n|poke|p2|Lilligant-Hisui, F|\n|poke|p2|Scream Tail|\n|poke|p2|Slither Wing|\n|poke|p2|Maushold|\n|poke|p2|Typhlosion-Hisui, F|\n|teampreview\n|j|+goldtodd1\n|c|\u2606Yusuffer|wait\n|c|\u2606Yusuffer|i used an RU team\n|c|\u2606Yusuffer|oh no it's joever\n|\n|t:|1700370663\n|start\n|switch|p1a: I set Sticky Web|Ribombee, M, shiny|100\/100\n|switch|p2a: Ninetales|Ninetales, F, shiny|100\/100\n|-weather|SunnyDay|[from] ability: Drought|[of] p2a: Ninetales\n|turn|1\n|\n|t:|1700370667\n|move|p1a: I set Sticky Web|Sticky Web|p2a: Ninetales\n|-sidestart|p2: Yusuffer|move: Sticky Web\n|move|p2a: Ninetales|Flamethrower|p1a: I set Sticky Web\n|-supereffective|p1a: I set Sticky Web\n|-enditem|p1a: I set Sticky Web|Focus Sash\n|-damage|p1a: I set Sticky Web|1\/100\n|\n|-weather|SunnyDay|[upkeep]\n|upkeep\n|turn|2\n|c|+goldtodd1|the team looks decent wont lie\n|\n|t:|1700370676\n|switch|p2a: Maushold|Maushold, shiny|100\/100\n|-activate|p2a: Maushold|move: Sticky Web\n|-unboost|p2a: Maushold|spe|1\n|move|p1a: I set Sticky Web|Stun Spore|p2a: Maushold\n|-status|p2a: Maushold|par\n|\n|-weather|SunnyDay|[upkeep]\n|upkeep\n|turn|3\n|c|+goldtodd1|well theres ninetales for one\n|\n|t:|1700370681\n|move|p1a: I set Sticky Web|Moonblast|p2a: Maushold\n|-damage|p2a: Maushold|40\/100 par\n|-unboost|p2a: Maushold|spa|1\n|move|p2a: Maushold|Tidy Up|p2a: Maushold\n|-sideend|p2: Yusuffer|Sticky Web\n|-activate|p2a: Maushold|move: Tidy Up\n|-boost|p2a: Maushold|atk|1\n|-boost|p2a: Maushold|spe|1\n|\n|-weather|SunnyDay|[upkeep]\n|upkeep\n|turn|4\n|\n|t:|1700370687\n|move|p1a: I set Sticky Web|Moonblast|p2a: Maushold\n|-damage|p2a: Maushold|0 fnt\n|faint|p2a: Maushold\n|\n|-weather|SunnyDay|[upkeep]\n|upkeep\n|\n|t:|1700370692\n|switch|p2a: Typhlosion|Typhlosion-Hisui, F, shiny|100\/100\n|turn|5\n|\n|t:|1700370701\n|move|p2a: Typhlosion|Eruption|p1a: I set Sticky Web\n|-supereffective|p1a: I set Sticky Web\n|-damage|p1a: I set Sticky Web|0 fnt\n|faint|p1a: I set Sticky Web\n|\n|-weather|SunnyDay|[upkeep]\n|upkeep\n|\n|t:|1700370702\n|switch|p1a: Dyson|Iron Moth|100\/100\n|-enditem|p1a: Dyson|Booster Energy\n|-activate|p1a: Dyson|ability: Quark Drive|[fromitem]\n|-start|p1a: Dyson|quarkdrivespa\n|turn|6\n|\n|t:|1700370717\n|move|p2a: Typhlosion|Eruption|p1a: Dyson\n|-resisted|p1a: Dyson\n|-damage|p1a: Dyson|39\/100\n|move|p1a: Dyson|Fiery Dance|p2a: Typhlosion\n|-resisted|p2a: Typhlosion\n|-damage|p2a: Typhlosion|41\/100\n|\n|-weather|SunnyDay|[upkeep]\n|upkeep\n|turn|7\n|\n|t:|1700370729\n|switch|p2a: Scream Tail|Scream Tail, shiny|100\/100\n|-activate|p2a: Scream Tail|ability: Protosynthesis\n|-start|p2a: Scream Tail|protosynthesisspe\n|move|p1a: Dyson|Fiery Dance|p2a: Scream Tail\n|-damage|p2a: Scream Tail|47\/100\n|\n|-weather|SunnyDay|[upkeep]\n|upkeep\n|turn|8\n|\n|t:|1700370732\n|move|p2a: Scream Tail|Psychic|p1a: Dyson\n|-supereffective|p1a: Dyson\n|-damage|p1a: Dyson|0 fnt\n|faint|p1a: Dyson\n|-end|p1a: Dyson|Quark Drive|[silent]\n|\n|-weather|none\n|-end|p2a: Scream Tail|Protosynthesis\n|upkeep\n|\n|t:|1700370737\n|switch|p1a: Nature\u2019s Nuke|Rillaboom, M|100\/100\n|-fieldstart|move: Grassy Terrain|[from] ability: Grassy Surge|[of] p1a: Nature\u2019s Nuke\n|turn|9\n|\n|t:|1700370743\n|-end|p2a: Scream Tail|Protosynthesis|[silent]\n|switch|p2a: Ninetales|Ninetales, F, shiny|100\/100\n|-weather|SunnyDay|[from] ability: Drought|[of] p2a: Ninetales\n|move|p1a: Nature\u2019s Nuke|Knock Off|p2a: Ninetales\n|-damage|p2a: Ninetales|55\/100\n|-enditem|p2a: Ninetales|Heat Rock|[from] move: Knock Off|[of] p1a: Nature\u2019s Nuke\n|\n|-weather|SunnyDay|[upkeep]\n|-heal|p2a: Ninetales|61\/100|[from] Grassy Terrain\n|upkeep\n|turn|10\n|\n|t:|1700370747\n|switch|p1a: click button \u2192 win|Manaphy, shiny|100\/100\n|move|p2a: Ninetales|Flamethrower|p1a: click button \u2192 win\n|-resisted|p1a: click button \u2192 win\n|-damage|p1a: click button \u2192 win|76\/100\n|\n|-weather|SunnyDay|[upkeep]\n|-heal|p2a: Ninetales|67\/100|[from] Grassy Terrain\n|-heal|p1a: click button \u2192 win|83\/100|[from] Grassy Terrain\n|-heal|p1a: click button \u2192 win|89\/100|[from] item: Leftovers\n|upkeep\n|turn|11\n|\n|t:|1700370753\n|-terastallize|p2a: Ninetales|Grass\n|move|p2a: Ninetales|Solar Beam||[still]\n|-prepare|p2a: Ninetales|Solar Beam\n|-anim|p2a: Ninetales|Solar Beam|p1a: click button \u2192 win\n|-supereffective|p1a: click button \u2192 win\n|-damage|p1a: click button \u2192 win|0 fnt\n|faint|p1a: click button \u2192 win\n|\n|-weather|SunnyDay|[upkeep]\n|-heal|p2a: Ninetales|73\/100|[from] Grassy Terrain\n|upkeep\n|\n|t:|1700370756\n|switch|p1a: Macaroni Man|Gholdengo|100\/100\n|-item|p1a: Macaroni Man|Air Balloon\n|turn|12\n|\n|t:|1700370762\n|move|p2a: Ninetales|Flamethrower|p1a: Macaroni Man\n|-supereffective|p1a: Macaroni Man\n|-crit|p1a: Macaroni Man\n|-damage|p1a: Macaroni Man|0 fnt\n|-enditem|p1a: Macaroni Man|Air Balloon\n|faint|p1a: Macaroni Man\n|\n|-weather|SunnyDay|[upkeep]\n|-heal|p2a: Ninetales|79\/100|[from] Grassy Terrain\n|upkeep\n|\n|t:|1700370764\n|switch|p1a: Deku|Torterra, F|100\/100\n|turn|13\n|\n|t:|1700370769\n|-terastallize|p1a: Deku|Fire\n|move|p2a: Ninetales|Flamethrower|p1a: Deku\n|-resisted|p1a: Deku\n|-damage|p1a: Deku|71\/100\n|move|p1a: Deku|Shell Smash|p1a: Deku\n|-unboost|p1a: Deku|def|1\n|-unboost|p1a: Deku|spd|1\n|-boost|p1a: Deku|atk|2\n|-boost|p1a: Deku|spa|2\n|-boost|p1a: Deku|spe|2\n|-enditem|p1a: Deku|White Herb\n|-clearnegativeboost|p1a: Deku|[silent]\n|\n|-weather|SunnyDay|[upkeep]\n|-heal|p1a: Deku|77\/100|[from] Grassy Terrain\n|-heal|p2a: Ninetales|85\/100|[from] Grassy Terrain\n|-fieldend|move: Grassy Terrain\n|upkeep\n|turn|14\n|\n|t:|1700370783\n|move|p1a: Deku|Tera Blast|p2a: Ninetales|[anim] Tera Blast Fire\n|-supereffective|p2a: Ninetales\n|-damage|p2a: Ninetales|0 fnt\n|faint|p2a: Ninetales\n|\n|-weather|SunnyDay|[upkeep]\n|upkeep\n|\n|t:|1700370785\n|switch|p2a: Slither Wing|Slither Wing, shiny|100\/100\n|-activate|p2a: Slither Wing|ability: Protosynthesis\n|-start|p2a: Slither Wing|protosynthesisatk\n|turn|15\n|\n|t:|1700370789\n|move|p2a: Slither Wing|First Impression|p1a: Deku\n|-resisted|p1a: Deku\n|-damage|p1a: Deku|27\/100\n|move|p1a: Deku|Tera Blast|p2a: Slither Wing|[anim] Tera Blast Fire\n|-supereffective|p2a: Slither Wing\n|-damage|p2a: Slither Wing|0 fnt\n|faint|p2a: Slither Wing\n|-end|p2a: Slither Wing|Protosynthesis|[silent]\n|\n|-weather|SunnyDay|[upkeep]\n|upkeep\n|\n|t:|1700370794\n|switch|p2a: Lilligant|Lilligant-Hisui, F, shiny|100\/100\n|turn|16\n|c|+goldtodd1|i hate how shell smash torterra is a thing\n|\n|t:|1700370805\n|move|p2a: Lilligant|Close Combat|p1a: Deku\n|-damage|p1a: Deku|0 fnt\n|-unboost|p2a: Lilligant|def|1\n|-unboost|p2a: Lilligant|spd|1\n|faint|p1a: Deku\n|\n|-weather|none\n|upkeep\n|\n|t:|1700370810\n|switch|p1a: Nature\u2019s Nuke|Rillaboom, M|100\/100\n|-fieldstart|move: Grassy Terrain|[from] ability: Grassy Surge|[of] p1a: Nature\u2019s Nuke\n|turn|17\n|\n|t:|1700370818\n|switch|p2a: Scream Tail|Scream Tail, shiny|47\/100\n|move|p1a: Nature\u2019s Nuke|Swords Dance|p1a: Nature\u2019s Nuke\n|-boost|p1a: Nature\u2019s Nuke|atk|2\n|\n|-heal|p2a: Scream Tail|54\/100|[from] Grassy Terrain\n|upkeep\n|turn|18\n|\n|t:|1700370821\n|move|p1a: Nature\u2019s Nuke|Grassy Glide|p2a: Scream Tail\n|-damage|p2a: Scream Tail|0 fnt\n|faint|p2a: Scream Tail\n|-end|p2a: Scream Tail|Protosynthesis|[silent]\n|\n|upkeep\n|\n|t:|1700370823\n|switch|p2a: Lilligant|Lilligant-Hisui, F, shiny|100\/100\n|turn|19\n|\n|t:|1700370826\n|move|p1a: Nature\u2019s Nuke|Grassy Glide|p2a: Lilligant\n|-resisted|p2a: Lilligant\n|-damage|p2a: Lilligant|28\/100\n|move|p2a: Lilligant|Ice Spinner|p1a: Nature\u2019s Nuke\n|-supereffective|p1a: Nature\u2019s Nuke\n|-damage|p1a: Nature\u2019s Nuke|41\/100\n|-fieldend|move: Grassy Terrain\n|\n|upkeep\n|turn|20\n|\n|t:|1700370830\n|move|p2a: Lilligant|Ice Spinner|p1a: Nature\u2019s Nuke\n|-supereffective|p1a: Nature\u2019s Nuke\n|-damage|p1a: Nature\u2019s Nuke|0 fnt\n|faint|p1a: Nature\u2019s Nuke\n|\n|win|Yusuffer\n|n|\u2606SDK04|sdk04\n|n|\u2606Yusuffer|yusuffer\n|n|+goldtodd1|goldtodd1\n|c|\u2606SDK04|gg\n|c|\u2606SDK04|wp\n|c|\u2606Yusuffer|gg\n","uploadtime":1700370840,"views":13,"p1id":"sdk04","p2id":"yusuffer","formatid":"gen9ou","rating":0,"private":0,"password":""}