{"id":"gen9ou-1991211588","p1":"ddddqweasd","p2":"DragonEggies","format":"[Gen 9] OU","log":"|j|\u2606ddddqweasd\n|j|\u2606DragonEggies\n|t:|1700057619\n|gametype|singles\n|player|p1|ddddqweasd|gentleman|1077\n|player|p2|DragonEggies|pokemonranger|1026\n|teamsize|p1|6\n|teamsize|p2|6\n|gen|9\n|tier|[Gen 9] OU\n|rated|\n|rule|Sleep Clause Mod: Limit one foe put to sleep\n|rule|Species Clause: Limit one of each Pok\u00e9mon\n|rule|OHKO Clause: OHKO moves are banned\n|rule|Evasion Items Clause: Evasion items are banned\n|rule|Evasion Moves Clause: Evasion moves are banned\n|rule|Endless Battle Clause: Forcing endless battles is banned\n|rule|HP Percentage Mod: HP is shown in percentages\n|clearpoke\n|poke|p1|Zapdos|\n|poke|p1|Slowking-Galar, F|\n|poke|p1|Perrserker, M|\n|poke|p1|Great Tusk|\n|poke|p1|Crawdaunt, M|\n|poke|p1|Mandibuzz, F|\n|poke|p2|Cinderace, F|\n|poke|p2|Meowscarada, F|\n|poke|p2|Inteleon, F|\n|poke|p2|Talonflame, M|\n|poke|p2|Thundurus-Therian, M|\n|poke|p2|Breloom, F|\n|teampreview\n|\n|t:|1700057640\n|start\n|switch|p1a: Slowking|Slowking-Galar, F|100\/100\n|switch|p2a: Thundurus|Thundurus-Therian, M|100\/100\n|turn|1\n|\n|t:|1700057645\n|move|p2a: Thundurus|Wildbolt Storm|p1a: Slowking\n|-damage|p1a: Slowking|58\/100\n|-status|p1a: Slowking|par\n|move|p1a: Slowking|Ice Beam|p2a: Thundurus\n|-supereffective|p2a: Thundurus\n|-damage|p2a: Thundurus|44\/100\n|\n|upkeep\n|turn|2\n|\n|t:|1700057669\n|move|p2a: Thundurus|Wildbolt Storm|p1a: Slowking\n|-damage|p1a: Slowking|12\/100 par\n|move|p1a: Slowking|Chilly Reception|p1a: Slowking\n|-weather|Snow\n|\n|t:|1700057679\n|switch|p1a: Crawdaunt|Crawdaunt, M|100\/100|[from] Chilly Reception\n|\n|-weather|Snow|[upkeep]\n|upkeep\n|turn|3\n|\n|t:|1700057682\n|move|p1a: Crawdaunt|Aqua Jet|p2a: Thundurus\n|-damage|p2a: Thundurus|0 fnt\n|faint|p2a: Thundurus\n|\n|-weather|Snow|[upkeep]\n|upkeep\n|\n|t:|1700057685\n|switch|p2a: Breloom|Breloom, F|100\/100\n|turn|4\n|\n|t:|1700057688\n|switch|p1a: Mandibuzz|Mandibuzz, F|100\/100\n|move|p2a: Breloom|Mach Punch|p1a: Mandibuzz\n|-damage|p1a: Mandibuzz|83\/100\n|\n|-weather|Snow|[upkeep]\n|upkeep\n|turn|5\n|\n|t:|1700057695\n|switch|p2a: Inteleon|Inteleon, F|100\/100\n|move|p1a: Mandibuzz|Foul Play|p2a: Inteleon\n|-damage|p2a: Inteleon|61\/100\n|\n|-weather|Snow|[upkeep]\n|upkeep\n|turn|6\n|\n|t:|1700057706\n|switch|p1a: Perrserker|Perrserker, M|100\/100\n|move|p2a: Inteleon|Snipe Shot|p1a: Perrserker\n|-crit|p1a: Perrserker\n|-damage|p1a: Perrserker|0 fnt\n|faint|p1a: Perrserker\n|\n|-weather|none\n|upkeep\n|\n|t:|1700057712\n|switch|p1a: Slowking|Slowking-Galar, F|46\/100 par\n|turn|7\n|\n|t:|1700057718\n|-terastallize|p1a: Slowking|Water\n|move|p2a: Inteleon|Mud Shot|p1a: Slowking\n|-damage|p1a: Slowking|33\/100 par\n|-unboost|p1a: Slowking|spe|1\n|move|p1a: Slowking|Chilly Reception|p1a: Slowking\n|-weather|Snow\n|\n|t:|1700057724\n|switch|p1a: Zapdos|Zapdos|100\/100|[from] Chilly Reception\n|\n|-weather|Snow|[upkeep]\n|upkeep\n|turn|8\n|\n|t:|1700057729\n|switch|p1a: Slowking|Slowking-Galar, F, tera:Water|66\/100 par\n|move|p2a: Inteleon|Ice Beam|p1a: Slowking\n|-resisted|p1a: Slowking\n|-damage|p1a: Slowking|55\/100 par\n|\n|-weather|Snow|[upkeep]\n|upkeep\n|turn|9\n|\n|t:|1700057736\n|move|p2a: Inteleon|Air Slash|p1a: Slowking\n|-damage|p1a: Slowking|36\/100 par\n|move|p1a: Slowking|Chilly Reception|p1a: Slowking\n|\n|t:|1700057741\n|switch|p1a: Zapdos|Zapdos|100\/100|[from] Chilly Reception\n|\n|-weather|Snow|[upkeep]\n|upkeep\n|turn|10\n|\n|t:|1700057750\n|switch|p1a: Slowking|Slowking-Galar, F, tera:Water|69\/100 par\n|move|p2a: Inteleon|Air Slash|p1a: Slowking\n|-damage|p1a: Slowking|50\/100 par\n|\n|-weather|Snow|[upkeep]\n|upkeep\n|turn|11\n|\n|t:|1700057758\n|move|p2a: Inteleon|Air Slash|p1a: Slowking\n|-damage|p1a: Slowking|31\/100 par\n|move|p1a: Slowking|Chilly Reception|p1a: Slowking\n|\n|t:|1700057764\n|switch|p1a: Crawdaunt|Crawdaunt, M|100\/100|[from] Chilly Reception\n|\n|-weather|none\n|upkeep\n|turn|12\n|\n|t:|1700057770\n|switch|p2a: Breloom|Breloom, F|100\/100\n|move|p1a: Crawdaunt|Crabhammer|p2a: Breloom\n|-resisted|p2a: Breloom\n|-damage|p2a: Breloom|21\/100\n|-damage|p1a: Crawdaunt|84\/100|[from] item: Rocky Helmet|[of] p2a: Breloom\n|\n|upkeep\n|turn|13\n|\n|t:|1700057776\n|switch|p1a: Mandibuzz|Mandibuzz, F|83\/100\n|move|p2a: Breloom|Mach Punch|p1a: Mandibuzz\n|-damage|p1a: Mandibuzz|66\/100\n|\n|upkeep\n|turn|14\n|c|\u2606DragonEggies|extremely slow, time waster\n|-message|DragonEggies forfeited.\n|\n|win|ddddqweasd\n|raw|ddddqweasd's rating: 1077 &rarr; <strong>1101<\/strong><br \/>(+24 for winning)\n|raw|DragonEggies's rating: 1026 &rarr; <strong>1014<\/strong><br \/>(-12 for losing)\n|l|\u2606DragonEggies\n","uploadtime":1700057786,"views":6,"p1id":"ddddqweasd","p2id":"dragoneggies","formatid":"gen9ou","rating":1014,"private":0,"password":""}