{"id":"gen9ou-1996561713","p1":"Lucylikepizza","p2":"abc2183","format":"[Gen 9] OU","log":"|j|\u2606Lucylikepizza\n|j|\u2606abc2183\n|t:|1700694525\n|gametype|singles\n|player|p1|Lucylikepizza|102|1702\n|player|p2|abc2183|skierf-gen4dp|1719\n|teamsize|p1|6\n|teamsize|p2|6\n|gen|9\n|tier|[Gen 9] OU\n|rated|\n|rule|Sleep Clause Mod: Limit one foe put to sleep\n|rule|Species Clause: Limit one of each Pok\u00e9mon\n|rule|OHKO Clause: OHKO moves are banned\n|rule|Evasion Items Clause: Evasion items are banned\n|rule|Evasion Moves Clause: Evasion moves are banned\n|rule|Endless Battle Clause: Forcing endless battles is banned\n|rule|HP Percentage Mod: HP is shown in percentages\n|clearpoke\n|poke|p1|Hatterene, F|\n|poke|p1|Corviknight, F|\n|poke|p1|Torkoal, F|\n|poke|p1|Great Tusk|\n|poke|p1|Dragonite, F|\n|poke|p1|Walking Wake|\n|poke|p2|Mandibuzz, F|\n|poke|p2|Skeledirge, M|\n|poke|p2|Amoonguss, F|\n|poke|p2|Alomomola, M|\n|poke|p2|Clefable, F|\n|poke|p2|Ursaluna, M|\n|teampreview\n|inactive|Battle timer is ON: inactive players will automatically lose when time's up. (requested by abc2183)\n|c|\u2606abc2183|hf\n|\n|t:|1700694545\n|start\n|switch|p1a: Hatterene|Hatterene, F|100\/100\n|switch|p2a: Fishy|Alomomola, M|100\/100\n|turn|1\n|\n|t:|1700694550\n|move|p2a: Fishy|Scald|p1a: Hatterene\n|-damage|p1a: Hatterene|87\/100\n|-status|p1a: Hatterene|brn\n|move|p1a: Hatterene|Calm Mind|p1a: Hatterene\n|-boost|p1a: Hatterene|spa|1\n|-boost|p1a: Hatterene|spd|1\n|\n|-heal|p1a: Hatterene|94\/100 brn|[from] item: Leftovers\n|-damage|p1a: Hatterene|87\/100 brn|[from] brn\n|upkeep\n|turn|2\n|\n|t:|1700694557\n|move|p2a: Fishy|Flip Turn|p1a: Hatterene\n|-damage|p1a: Hatterene|74\/100 brn\n|\n|t:|1700694560\n|switch|p2a: Ursa Major|Ursaluna, M, shiny|100\/100|[from] Flip Turn\n|move|p1a: Hatterene|Draining Kiss|p2a: Ursa Major\n|-damage|p2a: Ursa Major|70\/100\n|-heal|p1a: Hatterene|100\/100 brn|[from] drain|[of] p2a: Ursa Major\n|\n|-damage|p1a: Hatterene|94\/100 brn|[from] brn\n|-status|p2a: Ursa Major|brn|[from] item: Flame Orb\n|upkeep\n|turn|3\n|\n|t:|1700694580\n|switch|p2a: Fishy|Alomomola, M|100\/100\n|switch|p1a: Corviknight|Corviknight, F|100\/100\n|-ability|p1a: Corviknight|Pressure\n|\n|upkeep\n|turn|4\n|\n|t:|1700694588\n|move|p1a: Corviknight|U-turn|p2a: Fishy\n|-damage|p2a: Fishy|91\/100\n|\n|t:|1700694589\n|switch|p1a: Hatterene|Hatterene, F|94\/100 brn|[from] U-turn\n|move|p2a: Fishy|Scald|p1a: Hatterene\n|-damage|p1a: Hatterene|80\/100 brn\n|\n|-heal|p1a: Hatterene|86\/100 brn|[from] item: Leftovers\n|-damage|p1a: Hatterene|80\/100 brn|[from] brn\n|upkeep\n|turn|5\n|\n|t:|1700694598\n|move|p2a: Fishy|Flip Turn|p1a: Hatterene\n|-damage|p1a: Hatterene|63\/100 brn\n|\n|t:|1700694602\n|switch|p2a: Enrique|Skeledirge, M|100\/100|[from] Flip Turn\n|move|p1a: Hatterene|Draining Kiss|p2a: Enrique\n|-resisted|p2a: Enrique\n|-damage|p2a: Enrique|92\/100\n|-heal|p1a: Hatterene|72\/100 brn|[from] drain|[of] p2a: Enrique\n|\n|-heal|p1a: Hatterene|78\/100 brn|[from] item: Leftovers\n|-damage|p1a: Hatterene|72\/100 brn|[from] brn\n|upkeep\n|turn|6\n|\n|t:|1700694608\n|switch|p1a: Torkoal|Torkoal, F|100\/100\n|-weather|SunnyDay|[from] ability: Drought|[of] p1a: Torkoal\n|move|p2a: Enrique|Hex|p1a: Torkoal\n|-damage|p1a: Torkoal|73\/100\n|\n|-weather|SunnyDay|[upkeep]\n|upkeep\n|turn|7\n|\n|t:|1700694613\n|move|p2a: Enrique|Torch Song|p1a: Torkoal\n|-resisted|p1a: Torkoal\n|-damage|p1a: Torkoal|49\/100\n|-boost|p2a: Enrique|spa|1\n|move|p1a: Torkoal|Stealth Rock|p2a: Enrique\n|-sidestart|p2: abc2183|move: Stealth Rock\n|\n|-weather|SunnyDay|[upkeep]\n|upkeep\n|turn|8\n|\n|t:|1700694618\n|switch|p1a: Walking Wake|Walking Wake|100\/100\n|-activate|p1a: Walking Wake|ability: Protosynthesis\n|-start|p1a: Walking Wake|protosynthesisspe\n|move|p2a: Enrique|Hex|p1a: Walking Wake\n|-damage|p1a: Walking Wake|52\/100\n|\n|-weather|SunnyDay|[upkeep]\n|upkeep\n|turn|9\n|\n|t:|1700694631\n|-end|p1a: Walking Wake|Protosynthesis|[silent]\n|switch|p1a: Hatterene|Hatterene, F|72\/100 brn\n|switch|p2a: Fishy|Alomomola, M|100\/100\n|\n|-weather|SunnyDay|[upkeep]\n|-heal|p1a: Hatterene|78\/100 brn|[from] item: Leftovers\n|-damage|p1a: Hatterene|72\/100 brn|[from] brn\n|upkeep\n|turn|10\n|\n|t:|1700694638\n|move|p2a: Fishy|Wish|p2a: Fishy\n|move|p1a: Hatterene|Calm Mind|p1a: Hatterene\n|-boost|p1a: Hatterene|spa|1\n|-boost|p1a: Hatterene|spd|1\n|\n|-weather|SunnyDay|[upkeep]\n|-heal|p1a: Hatterene|78\/100 brn|[from] item: Leftovers\n|-damage|p1a: Hatterene|72\/100 brn|[from] brn\n|upkeep\n|turn|11\n|\n|t:|1700694642\n|move|p2a: Fishy|Flip Turn|p1a: Hatterene\n|-damage|p1a: Hatterene|65\/100 brn\n|j| TestAccountNo.123\n|\n|t:|1700694644\n|switch|p2a: Ursa Major|Ursaluna, M, shiny|70\/100 brn|[from] Flip Turn\n|-damage|p2a: Ursa Major|64\/100 brn|[from] Stealth Rock\n|move|p1a: Hatterene|Psyshock|p2a: Ursa Major\n|-damage|p2a: Ursa Major|25\/100 brn\n|\n|-weather|SunnyDay|[upkeep]\n|-heal|p2a: Ursa Major|80\/100 brn|[from] move: Wish|[wisher] Fishy\n|-heal|p1a: Hatterene|71\/100 brn|[from] item: Leftovers\n|-damage|p2a: Ursa Major|74\/100 brn|[from] brn\n|-damage|p1a: Hatterene|65\/100 brn|[from] brn\n|upkeep\n|turn|12\n|\n|t:|1700694650\n|switch|p1a: Corviknight|Corviknight, F|100\/100\n|-ability|p1a: Corviknight|Pressure\n|move|p2a: Ursa Major|Fire Punch|p1a: Corviknight\n|-supereffective|p1a: Corviknight\n|-damage|p1a: Corviknight|9\/100\n|-damage|p2a: Ursa Major|57\/100 brn|[from] item: Rocky Helmet|[of] p1a: Corviknight\n|\n|-weather|SunnyDay|[upkeep]\n|-damage|p2a: Ursa Major|51\/100 brn|[from] brn\n|upkeep\n|turn|13\n|\n|t:|1700694656\n|move|p2a: Ursa Major|Facade|p1a: Corviknight\n|-resisted|p1a: Corviknight\n|-damage|p1a: Corviknight|0 fnt\n|-damage|p2a: Ursa Major|34\/100 brn|[from] item: Rocky Helmet|[of] p1a: Corviknight\n|faint|p1a: Corviknight\n|\n|-weather|none\n|-damage|p2a: Ursa Major|28\/100 brn|[from] brn\n|upkeep\n|\n|t:|1700694661\n|switch|p1a: Great Tusk|Great Tusk|100\/100\n|turn|14\n|\n|t:|1700694666\n|switch|p2a: Fishy|Alomomola, M|100\/100\n|move|p1a: Great Tusk|Close Combat|p2a: Fishy\n|-damage|p2a: Fishy|62\/100\n|-unboost|p1a: Great Tusk|def|1\n|-unboost|p1a: Great Tusk|spd|1\n|\n|upkeep\n|turn|15\n|\n|t:|1700694674\n|-terastallize|p1a: Great Tusk|Ground\n|move|p1a: Great Tusk|Headlong Rush|p2a: Fishy\n|-damage|p2a: Fishy|4\/100\n|-unboost|p1a: Great Tusk|def|1\n|-unboost|p1a: Great Tusk|spd|1\n|move|p2a: Fishy|Wish|p2a: Fishy\n|\n|upkeep\n|turn|16\n|\n|t:|1700694687\n|move|p2a: Fishy|Protect|p2a: Fishy\n|-singleturn|p2a: Fishy|Protect\n|move|p1a: Great Tusk|Close Combat|p2a: Fishy\n|-activate|p2a: Fishy|move: Protect\n|\n|-heal|p2a: Fishy|54\/100|[from] move: Wish|[wisher] Fishy\n|upkeep\n|turn|17\n|\n|t:|1700694699\n|switch|p2a: Vulture|Mandibuzz, F, shiny|100\/100\n|move|p1a: Great Tusk|Close Combat|p2a: Vulture\n|-damage|p2a: Vulture|50\/100\n|-unboost|p1a: Great Tusk|def|1\n|-unboost|p1a: Great Tusk|spd|1\n|\n|upkeep\n|turn|18\n|j| HereForFrens\n|l| HereForFrens\n|inactive|Lucylikepizza has 120 seconds left.\n|\n|t:|1700694735\n|switch|p2a: Shh\u2026|Amoonguss, F|100\/100\n|move|p1a: Great Tusk|Close Combat|p2a: Shh\u2026\n|-resisted|p2a: Shh\u2026\n|-damage|p2a: Shh\u2026|76\/100\n|-unboost|p1a: Great Tusk|def|1\n|-unboost|p1a: Great Tusk|spd|1\n|\n|upkeep\n|turn|19\n|\n|t:|1700694742\n|-end|p1a: Great Tusk|Protosynthesis|[silent]\n|switch|p1a: Hatterene|Hatterene, F|65\/100 brn\n|move|p2a: Shh\u2026|Giga Drain|p1a: Hatterene\n|-damage|p1a: Hatterene|44\/100 brn\n|-heal|p2a: Shh\u2026|84\/100|[from] drain|[of] p1a: Hatterene\n|\n|-heal|p1a: Hatterene|50\/100 brn|[from] item: Leftovers\n|-damage|p1a: Hatterene|44\/100 brn|[from] brn\n|upkeep\n|turn|20\n|\n|t:|1700694763\n|switch|p1a: Walking Wake|Walking Wake|52\/100\n|move|p2a: Shh\u2026|Giga Drain|p1a: Walking Wake\n|-damage|p1a: Walking Wake|25\/100\n|-heal|p2a: Shh\u2026|94\/100|[from] drain|[of] p1a: Walking Wake\n|\n|upkeep\n|turn|21\n|\n|t:|1700694771\n|-end|p1a: Walking Wake|Protosynthesis|[silent]\n|switch|p1a: Hatterene|Hatterene, F|44\/100 brn\n|switch|p2a: Fishy|Alomomola, M|87\/100\n|\n|-heal|p1a: Hatterene|50\/100 brn|[from] item: Leftovers\n|-damage|p1a: Hatterene|44\/100 brn|[from] brn\n|upkeep\n|turn|22\n|\n|t:|1700694775\n|move|p2a: Fishy|Wish|p2a: Fishy\n|move|p1a: Hatterene|Calm Mind|p1a: Hatterene\n|-boost|p1a: Hatterene|spa|1\n|-boost|p1a: Hatterene|spd|1\n|\n|-heal|p1a: Hatterene|50\/100 brn|[from] item: Leftovers\n|-damage|p1a: Hatterene|44\/100 brn|[from] brn\n|upkeep\n|turn|23\n|\n|t:|1700694779\n|move|p2a: Fishy|Flip Turn|p1a: Hatterene\n|-damage|p1a: Hatterene|29\/100 brn\n|\n|t:|1700694781\n|switch|p2a: Vulture|Mandibuzz, F, shiny|50\/100|[from] Flip Turn\n|move|p1a: Hatterene|Draining Kiss|p2a: Vulture\n|-supereffective|p2a: Vulture\n|-damage|p2a: Vulture|7\/100\n|-heal|p1a: Hatterene|74\/100 brn|[from] drain|[of] p2a: Vulture\n|\n|-heal|p2a: Vulture|63\/100|[from] move: Wish|[wisher] Fishy\n|-heal|p1a: Hatterene|80\/100 brn|[from] item: Leftovers\n|-damage|p1a: Hatterene|74\/100 brn|[from] brn\n|upkeep\n|turn|24\n|\n|t:|1700694789\n|switch|p2a: Enrique|Skeledirge, M|92\/100\n|move|p1a: Hatterene|Draining Kiss|p2a: Enrique\n|-resisted|p2a: Enrique\n|-damage|p2a: Enrique|84\/100\n|-heal|p1a: Hatterene|82\/100 brn|[from] drain|[of] p2a: Enrique\n|\n|-heal|p1a: Hatterene|89\/100 brn|[from] item: Leftovers\n|-damage|p1a: Hatterene|82\/100 brn|[from] brn\n|upkeep\n|turn|25\n|\n|t:|1700694796\n|move|p2a: Enrique|Hex|p1a: Hatterene\n|-supereffective|p1a: Hatterene\n|-damage|p1a: Hatterene|0 fnt\n|faint|p1a: Hatterene\n|\n|upkeep\n|\n|t:|1700694811\n|switch|p1a: Walking Wake|Walking Wake|25\/100\n|turn|26\n|j| Wiimicks\n|\n|t:|1700694819\n|switch|p2a: Shh\u2026|Amoonguss, F|100\/100\n|move|p1a: Walking Wake|Dragon Pulse|p2a: Shh\u2026\n|-damage|p2a: Shh\u2026|63\/100\n|\n|upkeep\n|turn|27\n|\n|t:|1700694829\n|switch|p2a: Treble|Clefable, F|100\/100\n|move|p1a: Walking Wake|Dragon Pulse|p2a: Treble\n|-immune|p2a: Treble\n|\n|upkeep\n|turn|28\n|\n|t:|1700694835\n|-end|p1a: Walking Wake|Protosynthesis|[silent]\n|switch|p1a: Torkoal|Torkoal, F|49\/100\n|-weather|SunnyDay|[from] ability: Drought|[of] p1a: Torkoal\n|move|p2a: Treble|Wish|p2a: Treble\n|\n|-weather|SunnyDay|[upkeep]\n|upkeep\n|turn|29\n|\n|t:|1700694840\n|move|p2a: Treble|Stealth Rock|p1a: Torkoal\n|-sidestart|p1: Lucylikepizza|move: Stealth Rock\n|move|p1a: Torkoal|Flamethrower|p2a: Treble\n|-damage|p2a: Treble|61\/100\n|\n|-weather|SunnyDay|[upkeep]\n|-heal|p2a: Treble|100\/100|[from] move: Wish|[wisher] Treble\n|upkeep\n|turn|30\n|\n|t:|1700694845\n|switch|p2a: Enrique|Skeledirge, M|84\/100\n|move|p1a: Torkoal|Rapid Spin|p2a: Enrique\n|-immune|p2a: Enrique\n|\n|-weather|SunnyDay|[upkeep]\n|upkeep\n|turn|31\n|\n|t:|1700694851\n|move|p2a: Enrique|Torch Song|p1a: Torkoal\n|-resisted|p1a: Torkoal\n|-damage|p1a: Torkoal|29\/100\n|-boost|p2a: Enrique|spa|1\n|move|p1a: Torkoal|Yawn|p2a: Enrique\n|-start|p2a: Enrique|move: Yawn|[of] p1a: Torkoal\n|\n|-weather|SunnyDay|[upkeep]\n|upkeep\n|turn|32\n|\n|t:|1700694858\n|move|p2a: Enrique|Hex|p1a: Torkoal\n|-damage|p1a: Torkoal|0 fnt\n|faint|p1a: Torkoal\n|\n|-weather|SunnyDay|[upkeep]\n|-end|p2a: Enrique|move: Yawn|[silent]\n|-status|p2a: Enrique|slp\n|upkeep\n|\n|t:|1700694862\n|switch|p1a: Dragonite|Dragonite, F|100\/100\n|turn|33\n|\n|t:|1700694868\n|switch|p2a: Fishy|Alomomola, M|100\/100\n|move|p1a: Dragonite|Dragon Dance|p1a: Dragonite\n|-boost|p1a: Dragonite|atk|1\n|-boost|p1a: Dragonite|spe|1\n|\n|-weather|SunnyDay|[upkeep]\n|upkeep\n|turn|34\n|\n|t:|1700694873\n|move|p1a: Dragonite|Dragon Dance|p1a: Dragonite\n|-boost|p1a: Dragonite|atk|1\n|-boost|p1a: Dragonite|spe|1\n|move|p2a: Fishy|Flip Turn|p1a: Dragonite\n|-resisted|p1a: Dragonite\n|-damage|p1a: Dragonite|99\/100\n|\n|t:|1700694874\n|switch|p2a: Treble|Clefable, F|100\/100|[from] Flip Turn\n|\n|-weather|SunnyDay|[upkeep]\n|upkeep\n|turn|35\n|\n|t:|1700694882\n|move|p1a: Dragonite|Earthquake|p2a: Treble\n|-damage|p2a: Treble|69\/100\n|move|p2a: Treble|Moonblast|p1a: Dragonite\n|-supereffective|p1a: Dragonite\n|-damage|p1a: Dragonite|44\/100\n|\n|-weather|none\n|upkeep\n|turn|36\n|-message|Lucylikepizza forfeited.\n|\n|win|abc2183\n|raw|Lucylikepizza's rating: 1702 &rarr; <strong>1683<\/strong><br \/>(-19 for losing)\n|raw|abc2183's rating: 1719 &rarr; <strong>1738<\/strong><br \/>(+19 for winning)\n|l|\u2606Lucylikepizza\n","uploadtime":1700694894,"views":17,"p1id":"lucylikepizza","p2id":"abc2183","formatid":"gen9ou","rating":1683,"private":0,"password":""}