{"id":"gen9ou-1995349437","p1":"lennytortuga","p2":"Skaraptor2.1","format":"[Gen 9] OU","log":"|j|\u2606lennytortuga\n|j|\u2606Skaraptor2.1\n|t:|1700557997\n|gametype|singles\n|player|p1|lennytortuga|unknown|1159\n|player|p2|Skaraptor2.1|bodybuilderf-gen9|1243\n|teamsize|p1|6\n|teamsize|p2|6\n|gen|9\n|tier|[Gen 9] OU\n|rated|\n|rule|Sleep Clause Mod: Limit one foe put to sleep\n|rule|Species Clause: Limit one of each Pok\u00e9mon\n|rule|OHKO Clause: OHKO moves are banned\n|rule|Evasion Items Clause: Evasion items are banned\n|rule|Evasion Moves Clause: Evasion moves are banned\n|rule|Endless Battle Clause: Forcing endless battles is banned\n|rule|HP Percentage Mod: HP is shown in percentages\n|clearpoke\n|poke|p1|Glaceon, M|\n|poke|p1|Dusclops, M|\n|poke|p1|Milotic, F|\n|poke|p1|Breloom, F|\n|poke|p1|Clefable, F|\n|poke|p1|Azelf|\n|poke|p2|Ribombee, M|\n|poke|p2|Ogerpon-Wellspring, F|\n|poke|p2|Great Tusk|\n|poke|p2|Zamazenta-*|\n|poke|p2|Iron Valiant|\n|poke|p2|Kingambit, F|\n|teampreview\n|inactive|Battle timer is ON: inactive players will automatically lose when time's up. (requested by Skaraptor2.1)\n|\n|t:|1700558022\n|start\n|switch|p1a: Breloom|Breloom, F|100\/100\n|switch|p2a: Twink|Ribombee, M|100\/100\n|turn|1\n|\n|t:|1700558027\n|switch|p2a: Transfem|Ogerpon-Wellspring, F|100\/100\n|move|p1a: Breloom|Rock Tomb|p2a: Transfem\n|-damage|p2a: Transfem|58\/100\n|-unboost|p2a: Transfem|spe|1\n|\n|upkeep\n|turn|2\n|\n|t:|1700558036\n|move|p1a: Breloom|Mach Punch|p2a: Transfem\n|-damage|p2a: Transfem|14\/100\n|move|p2a: Transfem|Knock Off|p1a: Breloom\n|-resisted|p1a: Breloom\n|-damage|p1a: Breloom|71\/100\n|-enditem|p1a: Breloom|Expert Belt|[from] move: Knock Off|[of] p2a: Transfem\n|\n|upkeep\n|turn|3\n|\n|t:|1700558044\n|move|p1a: Breloom|Mach Punch|p2a: Transfem\n|-damage|p2a: Transfem|0 fnt\n|faint|p2a: Transfem\n|\n|upkeep\n|\n|t:|1700558047\n|switch|p2a: Bigender|Iron Valiant|100\/100\n|-enditem|p2a: Bigender|Booster Energy\n|-activate|p2a: Bigender|ability: Quark Drive|[fromitem]\n|-start|p2a: Bigender|quarkdrivespe\n|turn|4\n|\n|t:|1700558052\n|move|p2a: Bigender|Moonblast|p1a: Breloom\n|-supereffective|p1a: Breloom\n|-damage|p1a: Breloom|0 fnt\n|faint|p1a: Breloom\n|\n|upkeep\n|\n|t:|1700558059\n|switch|p1a: Azelf|Azelf|100\/100\n|turn|5\n|\n|t:|1700558062\n|move|p2a: Bigender|Calm Mind|p2a: Bigender\n|-boost|p2a: Bigender|spa|1\n|-boost|p2a: Bigender|spd|1\n|move|p1a: Azelf|Shadow Ball|p2a: Bigender\n|-damage|p2a: Bigender|67\/100\n|\n|upkeep\n|turn|6\n|\n|t:|1700558072\n|move|p2a: Bigender|Moonblast|p1a: Azelf\n|-damage|p1a: Azelf|26\/100\n|-unboost|p1a: Azelf|spa|1\n|move|p1a: Azelf|Shadow Ball|p2a: Bigender\n|-damage|p2a: Bigender|43\/100\n|\n|upkeep\n|turn|7\n|\n|t:|1700558082\n|move|p2a: Bigender|Moonblast|p1a: Azelf\n|-damage|p1a: Azelf|0 fnt\n|faint|p1a: Azelf\n|\n|upkeep\n|\n|t:|1700558086\n|switch|p1a: Clefable|Clefable, F|100\/100\n|turn|8\n|\n|t:|1700558093\n|move|p2a: Bigender|Thunderbolt|p1a: Clefable\n|-damage|p1a: Clefable|63\/100\n|move|p1a: Clefable|Moonblast|p2a: Bigender\n|-supereffective|p2a: Bigender\n|-damage|p2a: Bigender|0 fnt\n|faint|p2a: Bigender\n|-end|p2a: Bigender|Quark Drive|[silent]\n|\n|upkeep\n|\n|t:|1700558100\n|switch|p2a: Twink|Ribombee, M|100\/100\n|turn|9\n|\n|t:|1700558103\n|move|p2a: Twink|Sticky Web|p1a: Clefable\n|-sidestart|p1: lennytortuga|move: Sticky Web\n|move|p1a: Clefable|Stealth Rock|p2a: Twink\n|-sidestart|p2: Skaraptor2.1|move: Stealth Rock\n|\n|upkeep\n|turn|10\n|\n|t:|1700558110\n|move|p2a: Twink|Stun Spore|p1a: Clefable|[miss]\n|-miss|p2a: Twink|p1a: Clefable\n|move|p1a: Clefable|Fire Blast|p2a: Twink\n|-supereffective|p2a: Twink\n|-enditem|p2a: Twink|Focus Sash\n|-damage|p2a: Twink|1\/100\n|\n|upkeep\n|turn|11\n|\n|t:|1700558119\n|move|p2a: Twink|Stun Spore|p1a: Clefable\n|-status|p1a: Clefable|par\n|move|p1a: Clefable|Draining Kiss|p2a: Twink\n|-damage|p2a: Twink|0 fnt\n|-heal|p1a: Clefable|63\/100 par|[from] drain|[of] p2a: Twink\n|faint|p2a: Twink\n|\n|upkeep\n|\n|t:|1700558122\n|switch|p2a: Raging Queer|Great Tusk|100\/100\n|turn|12\n|\n|t:|1700558128\n|move|p2a: Raging Queer|Rapid Spin|p1a: Clefable\n|-damage|p1a: Clefable|46\/100 par\n|-boost|p2a: Raging Queer|spe|1\n|-sideend|p2: Skaraptor2.1|Stealth Rock|[from] move: Rapid Spin|[of] p2a: Raging Queer\n|move|p1a: Clefable|Draining Kiss|p2a: Raging Queer\n|-supereffective|p2a: Raging Queer\n|-damage|p2a: Raging Queer|54\/100\n|-heal|p1a: Clefable|86\/100 par|[from] drain|[of] p2a: Raging Queer\n|\n|upkeep\n|turn|13\n|\n|t:|1700558140\n|move|p2a: Raging Queer|Knock Off|p1a: Clefable\n|-resisted|p1a: Clefable\n|-damage|p1a: Clefable|69\/100 par\n|-enditem|p1a: Clefable|Life Orb|[from] move: Knock Off|[of] p2a: Raging Queer\n|move|p1a: Clefable|Moonblast|p2a: Raging Queer\n|-supereffective|p2a: Raging Queer\n|-damage|p2a: Raging Queer|0 fnt\n|faint|p2a: Raging Queer\n|-end|p2a: Raging Queer|Protosynthesis|[silent]\n|\n|upkeep\n|\n|t:|1700558146\n|switch|p2a: Queengambit|Kingambit, F|100\/100\n|-activate|p2a: Queengambit|ability: Supreme Overlord\n|-start|p2a: Queengambit|fallen4|[silent]\n|turn|14\n|\n|t:|1700558152\n|-terastallize|p2a: Queengambit|Fairy\n|move|p2a: Queengambit|Swords Dance|p2a: Queengambit\n|-boost|p2a: Queengambit|atk|2\n|move|p1a: Clefable|Stealth Rock|p2a: Queengambit\n|-sidestart|p2: Skaraptor2.1|move: Stealth Rock\n|\n|upkeep\n|turn|15\n|\n|t:|1700558161\n|move|p2a: Queengambit|Iron Head|p1a: Clefable\n|-supereffective|p1a: Clefable\n|-damage|p1a: Clefable|0 fnt\n|faint|p1a: Clefable\n|\n|upkeep\n|\n|t:|1700558165\n|switch|p1a: Dusclops|Dusclops, M|100\/100\n|-activate|p1a: Dusclops|move: Sticky Web\n|-unboost|p1a: Dusclops|spe|1\n|-ability|p1a: Dusclops|Pressure\n|turn|16\n|\n|t:|1700558171\n|move|p2a: Queengambit|Iron Head|p1a: Dusclops\n|-damage|p1a: Dusclops|13\/100\n|move|p1a: Dusclops|Will-O-Wisp|p2a: Queengambit\n|-status|p2a: Queengambit|brn\n|\n|-damage|p2a: Queengambit|94\/100 brn|[from] brn\n|upkeep\n|turn|17\n|\n|t:|1700558181\n|move|p2a: Queengambit|Iron Head|p1a: Dusclops\n|-damage|p1a: Dusclops|0 fnt\n|faint|p1a: Dusclops\n|\n|-heal|p2a: Queengambit|100\/100 brn|[from] item: Leftovers\n|-damage|p2a: Queengambit|94\/100 brn|[from] brn\n|upkeep\n|\n|t:|1700558187\n|switch|p1a: Milotic|Milotic, F|100\/100\n|-activate|p1a: Milotic|move: Sticky Web\n|-unboost|p1a: Milotic|spe|1\n|turn|18\n|\n|t:|1700558198\n|move|p2a: Queengambit|Swords Dance|p2a: Queengambit\n|-boost|p2a: Queengambit|atk|2\n|move|p1a: Milotic|Scald|p2a: Queengambit\n|-damage|p2a: Queengambit|61\/100 brn\n|\n|-heal|p2a: Queengambit|68\/100 brn|[from] item: Leftovers\n|-damage|p2a: Queengambit|61\/100 brn|[from] brn\n|-status|p1a: Milotic|brn|[from] item: Flame Orb\n|upkeep\n|turn|19\n|\n|t:|1700558207\n|move|p2a: Queengambit|Low Kick|p1a: Milotic\n|-damage|p1a: Milotic|52\/100 brn\n|move|p1a: Milotic|Scald|p2a: Queengambit\n|-damage|p2a: Queengambit|30\/100 brn\n|\n|-heal|p2a: Queengambit|36\/100 brn|[from] item: Leftovers\n|-damage|p2a: Queengambit|30\/100 brn|[from] brn\n|-damage|p1a: Milotic|46\/100 brn|[from] brn\n|upkeep\n|turn|20\n|\n|t:|1700558215\n|move|p2a: Queengambit|Low Kick|p1a: Milotic\n|-damage|p1a: Milotic|0 fnt\n|faint|p1a: Milotic\n|\n|-heal|p2a: Queengambit|36\/100 brn|[from] item: Leftovers\n|-damage|p2a: Queengambit|30\/100 brn|[from] brn\n|upkeep\n|\n|t:|1700558222\n|switch|p1a: Glaceon|Glaceon, M|100\/100\n|-activate|p1a: Glaceon|move: Sticky Web\n|-unboost|p1a: Glaceon|spe|1\n|turn|21\n|\n|t:|1700558228\n|-terastallize|p1a: Glaceon|Ghost\n|move|p2a: Queengambit|Sucker Punch|p1a: Glaceon\n|-supereffective|p1a: Glaceon\n|-damage|p1a: Glaceon|0 fnt\n|faint|p1a: Glaceon\n|\n|win|Skaraptor2.1\n|raw|lennytortuga's rating: 1159 &rarr; <strong>1140<\/strong><br \/>(-19 for losing)\n|raw|Skaraptor2.1's rating: 1243 &rarr; <strong>1262<\/strong><br \/>(+19 for winning)\n","uploadtime":1700558233,"views":10,"p1id":"lennytortuga","p2id":"skaraptor21","formatid":"gen9ou","rating":1140,"private":0,"password":""}