{"id":"gen9ou-1990130269","p1":"Diereta","p2":"ch1ck3n nu99ets","format":"[Gen 9] OU","log":"|j|\u2606Diereta\n|j|\u2606ch1ck3n nu99ets\n|t:|1699927808\n|gametype|singles\n|player|p1|Diereta|gambler|1782\n|player|p2|ch1ck3n nu99ets|2|1810\n|teamsize|p1|6\n|teamsize|p2|6\n|gen|9\n|tier|[Gen 9] OU\n|rated|\n|rule|Sleep Clause Mod: Limit one foe put to sleep\n|rule|Species Clause: Limit one of each Pok\u00e9mon\n|rule|OHKO Clause: OHKO moves are banned\n|rule|Evasion Items Clause: Evasion items are banned\n|rule|Evasion Moves Clause: Evasion moves are banned\n|rule|Endless Battle Clause: Forcing endless battles is banned\n|rule|HP Percentage Mod: HP is shown in percentages\n|clearpoke\n|poke|p1|Goodra-Hisui, F|\n|poke|p1|Ogerpon-Wellspring, F|\n|poke|p1|Donphan, M|\n|poke|p1|Zamazenta-*|\n|poke|p1|Cinderace, M|\n|poke|p1|Zapdos|\n|poke|p2|Arcanine-Hisui, M|\n|poke|p2|Toxapex, M|\n|poke|p2|Ogerpon-Cornerstone, F|\n|poke|p2|Great Tusk|\n|poke|p2|Moltres|\n|poke|p2|Hydreigon, F|\n|teampreview\n|inactive|Battle timer is ON: inactive players will automatically lose when time's up. (requested by ch1ck3n nu99ets)\n|j| SwabbyYabby\n|\n|t:|1699927819\n|start\n|switch|p1a: Rammot|Cinderace, M|100\/100\n|switch|p2a: Ogerpon|Ogerpon-Cornerstone, F|100\/100\n|turn|1\n|\n|t:|1699927822\n|switch|p2a: Arcanine|Arcanine-Hisui, M|100\/100\n|move|p1a: Rammot|U-turn|p2a: Arcanine\n|-resisted|p2a: Arcanine\n|-damage|p2a: Arcanine|90\/100\n|\n|t:|1699927825\n|switch|p1a: WhatTheDogDoing?|Zamazenta|100\/100|[from] U-turn\n|-ability|p1a: WhatTheDogDoing?|Dauntless Shield|boost\n|-boost|p1a: WhatTheDogDoing?|def|1\n|\n|upkeep\n|turn|2\n|\n|t:|1699927828\n|switch|p2a: Moltres|Moltres|100\/100\n|move|p1a: WhatTheDogDoing?|Stone Edge|p2a: Moltres|[miss]\n|-miss|p1a: WhatTheDogDoing?|p2a: Moltres\n|\n|upkeep\n|turn|3\n|c|\u2606ch1ck3n nu99ets|oh sorry\n|c|\u2606ch1ck3n nu99ets|ill miss a head smash later for u\n|\n|t:|1699927841\n|switch|p1a: Zip-Zap-Dos|Zapdos|100\/100\n|switch|p2a: Toxapex|Toxapex, M|100\/100\n|\n|upkeep\n|turn|4\n|j|+cromagnet\n|\n|t:|1699927846\n|switch|p2a: Ogerpon|Ogerpon-Cornerstone, F|100\/100\n|move|p1a: Zip-Zap-Dos|Substitute|p1a: Zip-Zap-Dos\n|-start|p1a: Zip-Zap-Dos|Substitute\n|-damage|p1a: Zip-Zap-Dos|76\/100\n|\n|upkeep\n|turn|5\n|j| t-modesty\n|\n|t:|1699927853\n|move|p2a: Ogerpon|Ivy Cudgel|p1a: Zip-Zap-Dos\n|-supereffective|p1a: Zip-Zap-Dos\n|-end|p1a: Zip-Zap-Dos|Substitute\n|move|p1a: Zip-Zap-Dos|Volt Switch|p2a: Ogerpon\n|-resisted|p2a: Ogerpon\n|-damage|p2a: Ogerpon|76\/100\n|\n|t:|1699927856\n|switch|p1a: Ogo|Ogerpon-Wellspring, F|100\/100|[from] Volt Switch\n|\n|upkeep\n|turn|6\n|\n|t:|1699927860\n|switch|p2a: Toxapex|Toxapex, M|100\/100\n|move|p1a: Ogo|Ivy Cudgel|p2a: Toxapex\n|-resisted|p2a: Toxapex\n|-damage|p2a: Toxapex|81\/100\n|\n|upkeep\n|turn|7\n|\n|t:|1699927863\n|move|p1a: Ogo|Substitute|p1a: Ogo\n|-start|p1a: Ogo|Substitute\n|-damage|p1a: Ogo|76\/100\n|move|p2a: Toxapex|Toxic||[still]\n|-fail|p2a: Toxapex\n|\n|upkeep\n|turn|8\n|j| SandGetsEverywhere\n|j| Porycomingback\n|\n|t:|1699927870\n|switch|p2a: Hydreigon|Hydreigon, F|100\/100\n|move|p1a: Ogo|Swords Dance|p1a: Ogo\n|-boost|p1a: Ogo|atk|2\n|\n|upkeep\n|turn|9\n|l| SandGetsEverywhere\n|\n|t:|1699927873\n|move|p1a: Ogo|Ivy Cudgel|p2a: Hydreigon\n|-resisted|p2a: Hydreigon\n|-damage|p2a: Hydreigon|37\/100\n|move|p2a: Hydreigon|Dark Pulse|p1a: Ogo\n|-end|p1a: Ogo|Substitute\n|\n|-heal|p2a: Hydreigon|44\/100|[from] item: Leftovers\n|upkeep\n|turn|10\n|\n|t:|1699927878\n|switch|p2a: Toxapex|Toxapex, M|100\/100\n|move|p1a: Ogo|Ivy Cudgel|p2a: Toxapex\n|-resisted|p2a: Toxapex\n|-damage|p2a: Toxapex|65\/100\n|\n|upkeep\n|turn|11\n|\n|t:|1699927883\n|move|p1a: Ogo|Substitute|p1a: Ogo\n|-start|p1a: Ogo|Substitute\n|-damage|p1a: Ogo|51\/100\n|move|p2a: Toxapex|Haze|p2a: Toxapex\n|-clearallboost\n|\n|upkeep\n|turn|12\n|\n|t:|1699927886\n|switch|p2a: Moltres|Moltres|100\/100\n|move|p1a: Ogo|Swords Dance|p1a: Ogo\n|-boost|p1a: Ogo|atk|2\n|\n|upkeep\n|turn|13\n|\n|t:|1699927889\n|switch|p2a: Toxapex|Toxapex, M|98\/100\n|move|p1a: Ogo|Ivy Cudgel|p2a: Toxapex\n|-resisted|p2a: Toxapex\n|-damage|p2a: Toxapex|60\/100\n|\n|upkeep\n|turn|14\n|\n|t:|1699927891\n|move|p1a: Ogo|Horn Leech|p2a: Toxapex\n|-damage|p2a: Toxapex|4\/100\n|-heal|p1a: Ogo|79\/100|[from] drain|[of] p2a: Toxapex\n|move|p2a: Toxapex|Haze|p2a: Toxapex\n|-clearallboost\n|\n|upkeep\n|turn|15\n|\n|t:|1699927897\n|switch|p2a: Great Tusk|Great Tusk|100\/100\n|move|p1a: Ogo|Swords Dance|p1a: Ogo\n|-boost|p1a: Ogo|atk|2\n|\n|upkeep\n|turn|16\n|\n|t:|1699927901\n|move|p1a: Ogo|Ivy Cudgel|p2a: Great Tusk\n|-supereffective|p2a: Great Tusk\n|-crit|p2a: Great Tusk\n|-damage|p2a: Great Tusk|0 fnt\n|faint|p2a: Great Tusk\n|-end|p2a: Great Tusk|Protosynthesis|[silent]\n|\n|upkeep\n|\n|t:|1699927905\n|switch|p2a: Ogerpon|Ogerpon-Cornerstone, F|76\/100\n|turn|17\n|\n|t:|1699927908\n|move|p2a: Ogerpon|U-turn|p1a: Ogo\n|-supereffective|p1a: Ogo\n|-end|p1a: Ogo|Substitute\n|j| bobify\n|\n|t:|1699927911\n|switch|p2a: Toxapex|Toxapex, M|38\/100|[from] U-turn\n|move|p1a: Ogo|Ivy Cudgel|p2a: Toxapex\n|-resisted|p2a: Toxapex\n|-damage|p2a: Toxapex|1\/100\n|\n|upkeep\n|turn|18\n|\n|t:|1699927914\n|move|p1a: Ogo|Substitute|p1a: Ogo\n|-start|p1a: Ogo|Substitute\n|-damage|p1a: Ogo|54\/100\n|move|p2a: Toxapex|Toxic||[still]\n|-fail|p2a: Toxapex\n|\n|upkeep\n|turn|19\n|l| bobify\n|\n|t:|1699927918\n|move|p1a: Ogo|Ivy Cudgel|p2a: Toxapex\n|-resisted|p2a: Toxapex\n|-crit|p2a: Toxapex\n|-damage|p2a: Toxapex|0 fnt\n|faint|p2a: Toxapex\n|\n|upkeep\n|\n|t:|1699927921\n|switch|p2a: Ogerpon|Ogerpon-Cornerstone, F|76\/100\n|turn|20\n|\n|t:|1699927925\n|move|p2a: Ogerpon|Horn Leech|p1a: Ogo\n|-end|p1a: Ogo|Substitute\n|-heal|p2a: Ogerpon|89\/100|[from] drain|[of] p1a: Ogo\n|move|p1a: Ogo|Horn Leech|p2a: Ogerpon\n|-damage|p2a: Ogerpon|0 fnt\n|-heal|p1a: Ogo|98\/100|[from] drain|[of] p2a: Ogerpon\n|faint|p2a: Ogerpon\n|\n|upkeep\n|\n|t:|1699927931\n|switch|p2a: Arcanine|Arcanine-Hisui, M|90\/100\n|turn|21\n|\n|t:|1699927937\n|switch|p1a: Zip-Zap-Dos|Zapdos|76\/100\n|-terastallize|p2a: Arcanine|Normal\n|move|p2a: Arcanine|Extreme Speed|p1a: Zip-Zap-Dos\n|-damage|p1a: Zip-Zap-Dos|6\/100\n|-damage|p2a: Arcanine|73\/100|[from] item: Rocky Helmet|[of] p1a: Zip-Zap-Dos\n|-status|p2a: Arcanine|par|[from] ability: Static|[of] p1a: Zip-Zap-Dos\n|\n|upkeep\n|turn|22\n|\n|t:|1699927944\n|-terastallize|p1a: Zip-Zap-Dos|Ghost\n|move|p2a: Arcanine|Extreme Speed|p1a: Zip-Zap-Dos\n|-immune|p1a: Zip-Zap-Dos\n|move|p1a: Zip-Zap-Dos|Roost|p1a: Zip-Zap-Dos\n|-heal|p1a: Zip-Zap-Dos|56\/100\n|\n|upkeep\n|turn|23\n|\n|t:|1699927948\n|switch|p2a: Moltres|Moltres|100\/100\n|move|p1a: Zip-Zap-Dos|Volt Switch|p2a: Moltres\n|-supereffective|p2a: Moltres\n|-damage|p2a: Moltres|40\/100\n|\n|t:|1699927951\n|switch|p1a: Ogo|Ogerpon-Wellspring, F|98\/100|[from] Volt Switch\n|\n|upkeep\n|turn|24\n|\n|t:|1699927953\n|move|p1a: Ogo|Ivy Cudgel|p2a: Moltres\n|-supereffective|p2a: Moltres\n|-damage|p2a: Moltres|0 fnt\n|faint|p2a: Moltres\n|\n|upkeep\n|-message|ch1ck3n nu99ets forfeited.\n|\n|win|Diereta\n|raw|Diereta's rating: 1782 &rarr; <strong>1804<\/strong><br \/>(+22 for winning)\n|raw|ch1ck3n nu99ets's rating: 1810 &rarr; <strong>1788<\/strong><br \/>(-22 for losing)\n|l|\u2606ch1ck3n nu99ets\n|c|\u2606Diereta|Gg\n|l|+cromagnet\n|l| t-modesty\n|l| Porycomingback\n","uploadtime":1699927976,"views":42,"p1id":"diereta","p2id":"ch1ck3nnu99ets","formatid":"gen9ou","rating":1788,"private":0,"password":""}