{"id":"gen9ou-1992998538","p1":"petofredo","p2":"Poison Ivy Thorns","format":"[Gen 9] OU","log":"|j|\u2606petofredo\n|j|\u2606Poison Ivy Thorns\n|t:|1700254053\n|gametype|singles\n|player|p1|petofredo|lucas|1347\n|player|p2|Poison Ivy Thorns|rei|1291\n|teamsize|p1|6\n|teamsize|p2|6\n|gen|9\n|tier|[Gen 9] OU\n|rated|\n|rule|Sleep Clause Mod: Limit one foe put to sleep\n|rule|Species Clause: Limit one of each Pok\u00e9mon\n|rule|OHKO Clause: OHKO moves are banned\n|rule|Evasion Items Clause: Evasion items are banned\n|rule|Evasion Moves Clause: Evasion moves are banned\n|rule|Endless Battle Clause: Forcing endless battles is banned\n|rule|HP Percentage Mod: HP is shown in percentages\n|clearpoke\n|poke|p1|Ninetales-Alola, F|\n|poke|p1|Infernape, M|\n|poke|p1|Slowking-Galar, F|\n|poke|p1|Heatran, F|\n|poke|p1|Mandibuzz, F|\n|poke|p1|Manaphy|\n|poke|p2|Great Tusk|\n|poke|p2|Walking Wake|\n|poke|p2|Torkoal, M|\n|poke|p2|Gholdengo|\n|poke|p2|Hatterene, F|\n|poke|p2|Leavanny, M|\n|teampreview\n|\n|t:|1700254065\n|start\n|switch|p1a: Heatran|Heatran, F|100\/100\n|switch|p2a: Torkoal|Torkoal, M|100\/100\n|-weather|SunnyDay|[from] ability: Drought|[of] p2a: Torkoal\n|turn|1\n|\n|t:|1700254070\n|switch|p2a: Hatterene|Hatterene, F|100\/100\n|move|p1a: Heatran|Taunt|p2a: Hatterene\n|move|p2a: Hatterene|Taunt|p1a: Heatran|[from]ability: Magic Bounce\n|-start|p1a: Heatran|move: Taunt\n|\n|-weather|SunnyDay|[upkeep]\n|upkeep\n|turn|2\n|\n|t:|1700254073\n|move|p1a: Heatran|Magma Storm|p2a: Hatterene\n|-damage|p2a: Hatterene|29\/100\n|-activate|p2a: Hatterene|move: Magma Storm|[of] p1a: Heatran\n|-enditem|p2a: Hatterene|Eject Button\n|\n|t:|1700254076\n|switch|p2a: Walking Wake|Walking Wake|100\/100\n|-activate|p2a: Walking Wake|ability: Protosynthesis\n|-start|p2a: Walking Wake|protosynthesisspa\n|\n|-weather|SunnyDay|[upkeep]\n|upkeep\n|turn|3\n|\n|t:|1700254085\n|switch|p1a: Ninetales|Ninetales-Alola, F|100\/100\n|-weather|Snow|[from] ability: Snow Warning|[of] p1a: Ninetales\n|-end|p2a: Walking Wake|Protosynthesis\n|move|p2a: Walking Wake|Hydro Steam|p1a: Ninetales\n|-damage|p1a: Ninetales|35\/100\n|\n|-weather|Snow|[upkeep]\n|upkeep\n|turn|4\n|\n|t:|1700254097\n|-end|p2a: Walking Wake|Protosynthesis|[silent]\n|switch|p2a: Torkoal|Torkoal, M|100\/100\n|-weather|SunnyDay|[from] ability: Drought|[of] p2a: Torkoal\n|move|p1a: Ninetales|Aurora Veil||[still]\n|-fail|p1a: Ninetales\n|\n|-weather|SunnyDay|[upkeep]\n|upkeep\n|turn|5\n|\n|t:|1700254116\n|switch|p1a: Infernape|Infernape, M|100\/100\n|-item|p1a: Infernape|Air Balloon\n|move|p2a: Torkoal|Stealth Rock|p1a: Infernape\n|-sidestart|p1: petofredo|move: Stealth Rock\n|\n|-weather|SunnyDay|[upkeep]\n|upkeep\n|turn|6\n|\n|t:|1700254122\n|move|p1a: Infernape|Calm Mind|p1a: Infernape\n|-boost|p1a: Infernape|spa|1\n|-boost|p1a: Infernape|spd|1\n|move|p2a: Torkoal|Yawn|p1a: Infernape\n|-start|p1a: Infernape|move: Yawn|[of] p2a: Torkoal\n|\n|-weather|SunnyDay|[upkeep]\n|upkeep\n|turn|7\n|\n|t:|1700254131\n|switch|p2a: Hatterene|Hatterene, F|29\/100\n|move|p1a: Infernape|Aura Sphere|p2a: Hatterene\n|-resisted|p2a: Hatterene\n|-damage|p2a: Hatterene|14\/100\n|\n|-weather|SunnyDay|[upkeep]\n|-end|p1a: Infernape|move: Yawn|[silent]\n|-status|p1a: Infernape|slp\n|upkeep\n|turn|8\n|\n|t:|1700254141\n|cant|p1a: Infernape|slp\n|move|p2a: Hatterene|Nuzzle|p1a: Infernape\n|-damage|p1a: Infernape|94\/100 slp\n|-enditem|p1a: Infernape|Air Balloon\n|\n|-weather|SunnyDay|[upkeep]\n|upkeep\n|turn|9\n|\n|t:|1700254150\n|cant|p1a: Infernape|slp\n|move|p2a: Hatterene|Psychic|p1a: Infernape\n|-supereffective|p1a: Infernape\n|-damage|p1a: Infernape|10\/100 slp\n|\n|-weather|SunnyDay|[upkeep]\n|upkeep\n|turn|10\n|\n|t:|1700254155\n|cant|p1a: Infernape|slp\n|move|p2a: Hatterene|Psychic|p1a: Infernape\n|-supereffective|p1a: Infernape\n|-damage|p1a: Infernape|0 fnt\n|faint|p1a: Infernape\n|\n|-weather|SunnyDay|[upkeep]\n|upkeep\n|\n|t:|1700254160\n|switch|p1a: Manaphy|Manaphy|100\/100\n|-damage|p1a: Manaphy|88\/100|[from] Stealth Rock\n|turn|11\n|\n|t:|1700254165\n|switch|p2a: Leavanny|Leavanny, M|100\/100\n|move|p1a: Manaphy|Take Heart|p1a: Manaphy\n|-boost|p1a: Manaphy|spa|1\n|-boost|p1a: Manaphy|spd|1\n|\n|-weather|none\n|-heal|p1a: Manaphy|94\/100|[from] item: Leftovers\n|upkeep\n|turn|12\n|\n|t:|1700254172\n|-terastallize|p1a: Manaphy|Poison\n|move|p2a: Leavanny|Knock Off|p1a: Manaphy\n|-damage|p1a: Manaphy|70\/100\n|-enditem|p1a: Manaphy|Leftovers|[from] move: Knock Off|[of] p2a: Leavanny\n|move|p1a: Manaphy|Acid Armor|p1a: Manaphy\n|-boost|p1a: Manaphy|def|2\n|\n|upkeep\n|turn|13\n|\n|t:|1700254192\n|switch|p2a: Torkoal|Torkoal, M|100\/100\n|-weather|SunnyDay|[from] ability: Drought|[of] p2a: Torkoal\n|move|p1a: Manaphy|Acid Armor|p1a: Manaphy\n|-boost|p1a: Manaphy|def|2\n|\n|-weather|SunnyDay|[upkeep]\n|upkeep\n|turn|14\n|\n|t:|1700254198\n|move|p1a: Manaphy|Stored Power|p2a: Torkoal\n|-damage|p2a: Torkoal|44\/100\n|move|p2a: Torkoal|Yawn|p1a: Manaphy\n|-start|p1a: Manaphy|move: Yawn|[of] p2a: Torkoal\n|\n|-weather|SunnyDay|[upkeep]\n|upkeep\n|turn|15\n|\n|t:|1700254211\n|switch|p2a: Gholdengo|Gholdengo|100\/100\n|-item|p2a: Gholdengo|Air Balloon\n|move|p1a: Manaphy|Stored Power|p2a: Gholdengo\n|-resisted|p2a: Gholdengo\n|-damage|p2a: Gholdengo|69\/100\n|-enditem|p2a: Gholdengo|Air Balloon\n|\n|-weather|SunnyDay|[upkeep]\n|-end|p1a: Manaphy|move: Yawn|[silent]\n|-status|p1a: Manaphy|slp\n|upkeep\n|turn|16\n|\n|t:|1700254219\n|cant|p1a: Manaphy|slp\n|move|p2a: Gholdengo|Nasty Plot|p2a: Gholdengo\n|-boost|p2a: Gholdengo|spa|2\n|\n|-weather|SunnyDay|[upkeep]\n|upkeep\n|turn|17\n|\n|t:|1700254227\n|-curestatus|p1a: Manaphy|slp|[msg]\n|move|p1a: Manaphy|Stored Power|p2a: Gholdengo\n|-resisted|p2a: Gholdengo\n|-damage|p2a: Gholdengo|38\/100\n|move|p2a: Gholdengo|Nasty Plot|p2a: Gholdengo\n|-boost|p2a: Gholdengo|spa|2\n|\n|-weather|SunnyDay|[upkeep]\n|upkeep\n|turn|18\n|inactive|Battle timer is ON: inactive players will automatically lose when time's up. (requested by Poison Ivy Thorns)\n|\n|t:|1700254257\n|move|p1a: Manaphy|Stored Power|p2a: Gholdengo\n|-resisted|p2a: Gholdengo\n|-damage|p2a: Gholdengo|6\/100\n|move|p2a: Gholdengo|Make It Rain|p1a: Manaphy\n|-damage|p1a: Manaphy|0 fnt\n|-unboost|p2a: Gholdengo|spa|1\n|faint|p1a: Manaphy\n|\n|-weather|SunnyDay|[upkeep]\n|upkeep\n|\n|t:|1700254269\n|switch|p1a: Ninetales|Ninetales-Alola, F|35\/100\n|-damage|p1a: Ninetales|10\/100|[from] Stealth Rock\n|-weather|Snow|[from] ability: Snow Warning|[of] p1a: Ninetales\n|turn|19\n|\n|t:|1700254282\n|switch|p1a: Heatran|Heatran, F|100\/100\n|switch|p2a: Torkoal|Torkoal, M|44\/100\n|-weather|SunnyDay|[from] ability: Drought|[of] p2a: Torkoal\n|\n|-weather|SunnyDay|[upkeep]\n|upkeep\n|turn|20\n|\n|t:|1700254292\n|switch|p2a: Gholdengo|Gholdengo|6\/100\n|move|p1a: Heatran|Magma Storm|p2a: Gholdengo\n|-supereffective|p2a: Gholdengo\n|-damage|p2a: Gholdengo|0 fnt\n|faint|p2a: Gholdengo\n|\n|-weather|SunnyDay|[upkeep]\n|upkeep\n|\n|t:|1700254304\n|switch|p2a: Walking Wake|Walking Wake|100\/100\n|-activate|p2a: Walking Wake|ability: Protosynthesis\n|-start|p2a: Walking Wake|protosynthesisspa\n|turn|21\n|\n|t:|1700254328\n|move|p2a: Walking Wake|Hydro Steam|p1a: Heatran\n|-supereffective|p1a: Heatran\n|-damage|p1a: Heatran|0 fnt\n|faint|p1a: Heatran\n|\n|-weather|SunnyDay|[upkeep]\n|upkeep\n|\n|t:|1700254333\n|switch|p1a: Mandibuzz|Mandibuzz, F|100\/100\n|-damage|p1a: Mandibuzz|76\/100|[from] Stealth Rock\n|turn|22\n|\n|t:|1700254337\n|-terastallize|p2a: Walking Wake|Water\n|move|p2a: Walking Wake|Hydro Steam|p1a: Mandibuzz\n|-damage|p1a: Mandibuzz|0 fnt\n|faint|p1a: Mandibuzz\n|\n|-weather|SunnyDay|[upkeep]\n|upkeep\n|\n|t:|1700254347\n|switch|p1a: Slowking|Slowking-Galar, F|100\/100\n|-damage|p1a: Slowking|88\/100|[from] Stealth Rock\n|turn|23\n|\n|t:|1700254355\n|move|p2a: Walking Wake|Hydro Steam|p1a: Slowking\n|-damage|p1a: Slowking|0 fnt\n|faint|p1a: Slowking\n|\n|-weather|SunnyDay|[upkeep]\n|upkeep\n|-message|petofredo forfeited.\n|\n|win|Poison Ivy Thorns\n|raw|petofredo's rating: 1347 &rarr; <strong>1324<\/strong><br \/>(-23 for losing)\n|raw|Poison Ivy Thorns's rating: 1291 &rarr; <strong>1320<\/strong><br \/>(+29 for winning)\n|l|\u2606petofredo\n","uploadtime":1700254361,"views":11,"p1id":"petofredo","p2id":"poisonivythorns","formatid":"gen9ou","rating":1320,"private":0,"password":""}