{"id":"gen9ou-1989468045","p1":"Combat Stance","p2":"Monerochan","format":"[Gen 9] OU","log":"|j|\u2606Combat Stance\n|j|\u2606Monerochan\n|t:|1699855233\n|gametype|singles\n|player|p1|Combat Stance|blackbelt-gen2|1655\n|player|p2|Monerochan|266|1737\n|teamsize|p1|6\n|teamsize|p2|6\n|gen|9\n|tier|[Gen 9] OU\n|rated|\n|rule|Sleep Clause Mod: Limit one foe put to sleep\n|rule|Species Clause: Limit one of each Pok\u00e9mon\n|rule|OHKO Clause: OHKO moves are banned\n|rule|Evasion Items Clause: Evasion items are banned\n|rule|Evasion Moves Clause: Evasion moves are banned\n|rule|Endless Battle Clause: Forcing endless battles is banned\n|rule|HP Percentage Mod: HP is shown in percentages\n|clearpoke\n|poke|p1|Kingambit, M|\n|poke|p1|Ogerpon-Wellspring, F|\n|poke|p1|Sneasler, M|\n|poke|p1|Landorus-Therian, M|\n|poke|p1|Hoopa-Unbound|\n|poke|p1|Clefable, F|\n|poke|p2|Azelf|\n|poke|p2|Grimmsnarl, M|\n|poke|p2|Iron Moth|\n|poke|p2|Cresselia, F|\n|poke|p2|Mew|\n|poke|p2|Kingambit, M|\n|teampreview\n|inactive|Battle timer is ON: inactive players will automatically lose when time's up. (requested by Combat Stance)\n|\n|t:|1699855240\n|start\n|switch|p1a: Sneasler|Sneasler, M, shiny|100\/100\n|switch|p2a: Azelf|Azelf|100\/100\n|turn|1\n|\n|t:|1699855245\n|move|p1a: Sneasler|Dire Claw|p2a: Azelf\n|-damage|p2a: Azelf|22\/100\n|move|p2a: Azelf|Explosion|p1a: Sneasler\n|-damage|p1a: Sneasler|0 fnt\n|faint|p2a: Azelf\n|faint|p1a: Sneasler\n|\n|upkeep\n|\n|t:|1699855254\n|switch|p1a: Clefable|Clefable, F, shiny|100\/100\n|switch|p2a: Grimmsnarl|Grimmsnarl, M|100\/100\n|turn|2\n|\n|t:|1699855257\n|move|p2a: Grimmsnarl|Light Screen|p2a: Grimmsnarl\n|-sidestart|p2: Monerochan|move: Light Screen\n|move|p1a: Clefable|Knock Off|p2a: Grimmsnarl\n|-resisted|p2a: Grimmsnarl\n|-damage|p2a: Grimmsnarl|97\/100\n|-enditem|p2a: Grimmsnarl|Light Clay|[from] move: Knock Off|[of] p1a: Clefable\n|\n|upkeep\n|turn|3\n|\n|t:|1699855261\n|move|p2a: Grimmsnarl|Reflect|p2a: Grimmsnarl\n|-sidestart|p2: Monerochan|Reflect\n|move|p1a: Clefable|Stealth Rock|p2a: Grimmsnarl\n|-sidestart|p2: Monerochan|move: Stealth Rock\n|\n|upkeep\n|turn|4\n|\n|t:|1699855267\n|switch|p2a: Iron Moth|Iron Moth|100\/100\n|-damage|p2a: Iron Moth|76\/100|[from] Stealth Rock\n|-enditem|p2a: Iron Moth|Booster Energy\n|-activate|p2a: Iron Moth|ability: Quark Drive|[fromitem]\n|-start|p2a: Iron Moth|quarkdrivespe\n|move|p1a: Clefable|Knock Off|p2a: Iron Moth\n|-damage|p2a: Iron Moth|68\/100\n|\n|upkeep\n|turn|5\n|\n|t:|1699855271\n|switch|p1a: Hoopa|Hoopa-Unbound|100\/100\n|move|p2a: Iron Moth|Sludge Wave|p1a: Hoopa\n|-damage|p1a: Hoopa|75\/100\n|\n|upkeep\n|turn|6\n|\n|t:|1699855284\n|move|p2a: Iron Moth|Sludge Wave|p1a: Hoopa\n|-damage|p1a: Hoopa|48\/100\n|-status|p1a: Hoopa|psn\n|move|p1a: Hoopa|Hyperspace Fury|p2a: Iron Moth\n|-damage|p2a: Iron Moth|19\/100\n|-unboost|p1a: Hoopa|def|1\n|\n|-damage|p1a: Hoopa|36\/100 psn|[from] psn\n|upkeep\n|turn|7\n|\n|t:|1699855293\n|move|p2a: Iron Moth|Sludge Wave|p1a: Hoopa\n|-damage|p1a: Hoopa|10\/100 psn\n|move|p1a: Hoopa|Hyperspace Fury|p2a: Iron Moth\n|-damage|p2a: Iron Moth|0 fnt\n|-unboost|p1a: Hoopa|def|1\n|faint|p2a: Iron Moth\n|-end|p2a: Iron Moth|Quark Drive|[silent]\n|\n|-damage|p1a: Hoopa|0 fnt|[from] psn\n|faint|p1a: Hoopa\n|-sideend|p2: Monerochan|Reflect\n|upkeep\n|\n|t:|1699855299\n|switch|p2a: Cresselia|Cresselia, F|100\/100\n|switch|p1a: Ogerpon|Ogerpon-Wellspring, F|100\/100\n|-damage|p2a: Cresselia|88\/100|[from] Stealth Rock\n|turn|8\n|\n|t:|1699855309\n|switch|p2a: Grimmsnarl|Grimmsnarl, M|97\/100\n|-damage|p2a: Grimmsnarl|85\/100|[from] Stealth Rock\n|move|p1a: Ogerpon|Swords Dance|p1a: Ogerpon\n|-boost|p1a: Ogerpon|atk|2\n|\n|upkeep\n|turn|9\n|\n|t:|1699855312\n|move|p2a: Grimmsnarl|Reflect|p2a: Grimmsnarl\n|-sidestart|p2: Monerochan|Reflect\n|move|p1a: Ogerpon|Swords Dance|p1a: Ogerpon\n|-boost|p1a: Ogerpon|atk|2\n|\n|-sideend|p2: Monerochan|move: Light Screen\n|upkeep\n|turn|10\n|\n|t:|1699855316\n|move|p1a: Ogerpon|Ivy Cudgel|p2a: Grimmsnarl\n|-damage|p2a: Grimmsnarl|6\/100\n|move|p2a: Grimmsnarl|Spirit Break|p1a: Ogerpon\n|-damage|p1a: Ogerpon|63\/100\n|-unboost|p1a: Ogerpon|spa|1\n|\n|upkeep\n|turn|11\n|\n|t:|1699855322\n|move|p1a: Ogerpon|Trailblaze|p2a: Grimmsnarl\n|-damage|p2a: Grimmsnarl|0 fnt\n|-boost|p1a: Ogerpon|spe|1\n|faint|p2a: Grimmsnarl\n|\n|upkeep\n|\n|t:|1699855326\n|switch|p2a: Kingambit|Kingambit, M|100\/100\n|-damage|p2a: Kingambit|94\/100|[from] Stealth Rock\n|-activate|p2a: Kingambit|ability: Supreme Overlord\n|-start|p2a: Kingambit|fallen3|[silent]\n|turn|12\n|j| encostoo\n|\n|t:|1699855329\n|move|p1a: Ogerpon|Ivy Cudgel|p2a: Kingambit\n|-damage|p2a: Kingambit|19\/100\n|move|p2a: Kingambit|Kowtow Cleave|p1a: Ogerpon\n|-damage|p1a: Ogerpon|0 fnt\n|faint|p1a: Ogerpon\n|\n|-heal|p2a: Kingambit|25\/100|[from] item: Leftovers\n|upkeep\n|\n|t:|1699855340\n|switch|p1a: Landorus|Landorus-Therian, M|100\/100\n|-ability|p1a: Landorus|Intimidate|boost\n|-unboost|p2a: Kingambit|atk|1\n|turn|13\n|\n|t:|1699855343\n|move|p1a: Landorus|Nasty Plot|p1a: Landorus\n|-boost|p1a: Landorus|spa|2\n|move|p2a: Kingambit|Kowtow Cleave|p1a: Landorus\n|-damage|p1a: Landorus|70\/100\n|-damage|p2a: Kingambit|9\/100|[from] item: Rocky Helmet|[of] p1a: Landorus\n|\n|-heal|p2a: Kingambit|15\/100|[from] item: Leftovers\n|-sideend|p2: Monerochan|Reflect\n|upkeep\n|turn|14\n|\n|t:|1699855350\n|move|p2a: Kingambit|Sucker Punch|p1a: Landorus\n|-damage|p1a: Landorus|44\/100\n|-damage|p2a: Kingambit|0 fnt|[from] item: Rocky Helmet|[of] p1a: Landorus\n|faint|p2a: Kingambit\n|-end|p2a: Kingambit|fallen3|[silent]\n|move|p1a: Landorus|Sandsear Storm|p2: Kingambit|[notarget]\n|-fail|p1a: Landorus\n|\n|upkeep\n|\n|t:|1699855359\n|switch|p2a: Cresselia|Cresselia, F|88\/100\n|-damage|p2a: Cresselia|76\/100|[from] Stealth Rock\n|turn|15\n|j| Noob 0_o\n|\n|t:|1699855365\n|move|p1a: Landorus|Grass Knot|p2a: Cresselia\n|-damage|p2a: Cresselia|49\/100\n|move|p2a: Cresselia|Calm Mind|p2a: Cresselia\n|-boost|p2a: Cresselia|spa|1\n|-boost|p2a: Cresselia|spd|1\n|\n|-heal|p2a: Cresselia|55\/100|[from] item: Leftovers\n|upkeep\n|turn|16\n|\n|t:|1699855370\n|move|p1a: Landorus|U-turn|p2a: Cresselia\n|-supereffective|p2a: Cresselia\n|-damage|p2a: Cresselia|33\/100\n|\n|t:|1699855372\n|switch|p1a: Kingambit|Kingambit, M, shiny|100\/100|[from] U-turn\n|-activate|p1a: Kingambit|ability: Supreme Overlord\n|-start|p1a: Kingambit|fallen3|[silent]\n|move|p2a: Cresselia|Calm Mind|p2a: Cresselia\n|-boost|p2a: Cresselia|spa|1\n|-boost|p2a: Cresselia|spd|1\n|\n|-heal|p2a: Cresselia|40\/100|[from] item: Leftovers\n|upkeep\n|turn|17\n|\n|t:|1699855375\n|-terastallize|p2a: Cresselia|Fighting\n|move|p2a: Cresselia|Tera Blast|p1a: Kingambit|[anim] Tera Blast Fighting\n|-supereffective|p1a: Kingambit\n|-damage|p1a: Kingambit|0 fnt\n|faint|p1a: Kingambit\n|-end|p1a: Kingambit|fallen3|[silent]\n|\n|-heal|p2a: Cresselia|46\/100|[from] item: Leftovers\n|upkeep\n|\n|t:|1699855378\n|switch|p1a: Clefable|Clefable, F, shiny|100\/100\n|turn|18\n|\n|t:|1699855386\n|move|p2a: Cresselia|Stored Power|p1a: Clefable\n|-damage|p1a: Clefable|53\/100\n|move|p1a: Clefable|Knock Off|p2a: Cresselia\n|-resisted|p2a: Cresselia\n|-damage|p2a: Cresselia|42\/100\n|-enditem|p2a: Cresselia|Leftovers|[from] move: Knock Off|[of] p1a: Clefable\n|\n|upkeep\n|turn|19\n|\n|t:|1699855396\n|move|p2a: Cresselia|Stored Power|p1a: Clefable\n|-damage|p1a: Clefable|6\/100\n|move|p1a: Clefable|Moonblast|p2a: Cresselia\n|-supereffective|p2a: Cresselia\n|-damage|p2a: Cresselia|20\/100\n|\n|upkeep\n|turn|20\n|\n|t:|1699855401\n|move|p2a: Cresselia|Stored Power|p1a: Clefable\n|-damage|p1a: Clefable|0 fnt\n|faint|p1a: Clefable\n|\n|upkeep\n|\n|t:|1699855403\n|switch|p1a: Landorus|Landorus-Therian, M|44\/100\n|-ability|p1a: Landorus|Intimidate|boost\n|-unboost|p2a: Cresselia|atk|1\n|turn|21\n|\n|t:|1699855407\n|move|p1a: Landorus|Grass Knot|p2a: Cresselia\n|-damage|p2a: Cresselia|13\/100\n|move|p2a: Cresselia|Stored Power|p1a: Landorus\n|-damage|p1a: Landorus|0 fnt\n|faint|p1a: Landorus\n|\n|win|Monerochan\n|raw|Combat Stance's rating: 1655 &rarr; <strong>1640<\/strong><br \/>(-15 for losing)\n|raw|Monerochan's rating: 1737 &rarr; <strong>1752<\/strong><br \/>(+15 for winning)\n|l|\u2606Combat Stance\n|l| encostoo\n","uploadtime":1699855435,"views":14,"p1id":"combatstance","p2id":"monerochan","formatid":"gen9ou","rating":1640,"private":0,"password":""}