{"id":"gen9ou-1998031662","p1":"BreadSandwichz","p2":"lupiit","format":"[Gen 9] OU","log":"|j|\u2606BreadSandwichz\n|j|\u203dlupiit\n|t:|1700881321\n|gametype|singles\n|player|p1|BreadSandwichz|lusamine-nihilego|1167\n|player|p2|lupiit|1|1167\n|teamsize|p1|6\n|teamsize|p2|6\n|gen|9\n|tier|[Gen 9] OU\n|rated|\n|rule|Sleep Clause Mod: Limit one foe put to sleep\n|rule|Species Clause: Limit one of each Pok\u00e9mon\n|rule|OHKO Clause: OHKO moves are banned\n|rule|Evasion Items Clause: Evasion items are banned\n|rule|Evasion Moves Clause: Evasion moves are banned\n|rule|Endless Battle Clause: Forcing endless battles is banned\n|rule|HP Percentage Mod: HP is shown in percentages\n|clearpoke\n|poke|p1|Lokix, M|\n|poke|p1|Slowking-Galar, F|\n|poke|p1|Ribombee, M|\n|poke|p1|Dragonite, F|\n|poke|p1|Maushold-Four|\n|poke|p1|Iron Moth|\n|poke|p2|Electrode-Hisui|\n|poke|p2|Rillaboom, F|\n|poke|p2|Toxtricity, M|\n|poke|p2|Toxapex, F|\n|poke|p2|Garchomp, F|\n|poke|p2|Kommo-o, F|\n|teampreview\n|inactive|Battle timer is ON: inactive players will automatically lose when time's up. (requested by lupiit)\n|\n|t:|1700881327\n|start\n|switch|p1a: Raiden|Lokix, M|100\/100\n|switch|p2a: Electrode|Electrode-Hisui|100\/100\n|turn|1\n|\n|t:|1700881330\n|switch|p2a: Garchomp|Garchomp, F|100\/100\n|move|p1a: Raiden|First Impression|p2a: Garchomp\n|-damage|p2a: Garchomp|39\/100\n|-damage|p1a: Raiden|88\/100|[from] ability: Rough Skin|[of] p2a: Garchomp\n|-damage|p1a: Raiden|72\/100|[from] item: Rocky Helmet|[of] p2a: Garchomp\n|\n|upkeep\n|turn|2\n|\n|t:|1700881336\n|switch|p1a: Fortnite|Dragonite, F|100\/100\n|move|p2a: Garchomp|Stealth Rock|p1a: Fortnite\n|-sidestart|p1: BreadSandwichz|move: Stealth Rock\n|\n|upkeep\n|turn|3\n|\n|t:|1700881342\n|move|p2a: Garchomp|Scale Shot|p1a: Fortnite|[miss]\n|-miss|p2a: Garchomp|p1a: Fortnite\n|move|p1a: Fortnite|Dragon Dance|p1a: Fortnite\n|-boost|p1a: Fortnite|atk|1\n|-boost|p1a: Fortnite|spe|1\n|\n|upkeep\n|turn|4\n|\n|t:|1700881347\n|-terastallize|p2a: Garchomp|Ghost\n|move|p1a: Fortnite|Extreme Speed|p2a: Garchomp\n|-immune|p2a: Garchomp\n|move|p2a: Garchomp|Scale Shot|p1a: Fortnite\n|-supereffective|p1a: Fortnite\n|-damage|p1a: Fortnite|88\/100\n|-supereffective|p1a: Fortnite\n|-damage|p1a: Fortnite|65\/100\n|-supereffective|p1a: Fortnite\n|-damage|p1a: Fortnite|40\/100\n|-hitcount|p1a: Fortnite|3\n|-enditem|p1a: Fortnite|Red Card|[of] p2a: Garchomp\n|-unboost|p2a: Garchomp|def|1\n|-boost|p2a: Garchomp|spe|1\n|drag|p2a: Toxapex|Toxapex, F|100\/100\n|\n|upkeep\n|turn|5\n|\n|t:|1700881354\n|move|p1a: Fortnite|Earthquake|p2a: Toxapex\n|-supereffective|p2a: Toxapex\n|-damage|p2a: Toxapex|16\/100\n|-enditem|p2a: Toxapex|Eject Button\n|\n|t:|1700881359\n|switch|p2a: Garchomp|Garchomp, F, tera:Ghost|39\/100\n|\n|upkeep\n|turn|6\n|\n|t:|1700881363\n|switch|p2a: Rillaboom|Rillaboom, F|100\/100\n|-fieldstart|move: Grassy Terrain|[from] ability: Grassy Surge|[of] p2a: Rillaboom\n|move|p1a: Fortnite|Earthquake|p2a: Rillaboom\n|-resisted|p2a: Rillaboom\n|-damage|p2a: Rillaboom|90\/100\n|\n|-heal|p2a: Rillaboom|96\/100|[from] Grassy Terrain\n|-heal|p2a: Rillaboom|100\/100|[from] item: Leftovers\n|upkeep\n|turn|7\n|\n|t:|1700881369\n|move|p1a: Fortnite|Extreme Speed|p2a: Rillaboom\n|-damage|p2a: Rillaboom|67\/100\n|move|p2a: Rillaboom|Leech Seed|p1a: Fortnite\n|-start|p1a: Fortnite|move: Leech Seed\n|\n|-heal|p2a: Rillaboom|74\/100|[from] Grassy Terrain\n|-heal|p2a: Rillaboom|80\/100|[from] item: Leftovers\n|-damage|p1a: Fortnite|27\/100|[from] Leech Seed|[of] p2a: Rillaboom\n|-heal|p2a: Rillaboom|94\/100|[silent]\n|upkeep\n|turn|8\n|\n|t:|1700881374\n|switch|p2a: Garchomp|Garchomp, F, tera:Ghost|39\/100\n|move|p1a: Fortnite|Roost|p1a: Fortnite\n|-heal|p1a: Fortnite|77\/100\n|-singleturn|p1a: Fortnite|move: Roost\n|\n|-heal|p2a: Garchomp|45\/100|[from] Grassy Terrain\n|-heal|p1a: Fortnite|84\/100|[from] Grassy Terrain\n|-damage|p1a: Fortnite|71\/100|[from] Leech Seed|[of] p2a: Garchomp\n|-heal|p2a: Garchomp|58\/100|[silent]\n|upkeep\n|turn|9\n|\n|t:|1700881379\n|move|p2a: Garchomp|Scale Shot|p1a: Fortnite|[miss]\n|-miss|p2a: Garchomp|p1a: Fortnite\n|move|p1a: Fortnite|Dragon Dance|p1a: Fortnite\n|-boost|p1a: Fortnite|atk|1\n|-boost|p1a: Fortnite|spe|1\n|\n|-heal|p2a: Garchomp|65\/100|[from] Grassy Terrain\n|-damage|p1a: Fortnite|59\/100|[from] Leech Seed|[of] p2a: Garchomp\n|-heal|p2a: Garchomp|78\/100|[silent]\n|upkeep\n|turn|10\n|\n|t:|1700881381\n|move|p1a: Fortnite|Earthquake|p2a: Garchomp\n|-damage|p2a: Garchomp|42\/100\n|move|p2a: Garchomp|Scale Shot|p1a: Fortnite\n|-supereffective|p1a: Fortnite\n|-damage|p1a: Fortnite|34\/100\n|-supereffective|p1a: Fortnite\n|-damage|p1a: Fortnite|9\/100\n|-supereffective|p1a: Fortnite\n|-damage|p1a: Fortnite|0 fnt\n|faint|p1a: Fortnite\n|-hitcount|p1: Fortnite|3\n|-unboost|p2a: Garchomp|def|1\n|-boost|p2a: Garchomp|spe|1\n|\n|-heal|p2a: Garchomp|48\/100|[from] Grassy Terrain\n|-fieldend|move: Grassy Terrain\n|upkeep\n|\n|t:|1700881393\n|switch|p1a: Raiden|Lokix, M|72\/100\n|-damage|p1a: Raiden|47\/100|[from] Stealth Rock\n|turn|11\n|\n|t:|1700881399\n|move|p1a: Raiden|First Impression|p2a: Garchomp\n|-resisted|p2a: Garchomp\n|-damage|p2a: Garchomp|0 fnt\n|-damage|p1a: Raiden|34\/100|[from] ability: Rough Skin|[of] p2a: Garchomp\n|-damage|p1a: Raiden|18\/100|[from] item: Rocky Helmet|[of] p2a: Garchomp\n|faint|p2a: Garchomp\n|\n|upkeep\n|\n|t:|1700881401\n|switch|p2a: Kommo-o|Kommo-o, F|100\/100\n|turn|12\n|\n|t:|1700881407\n|switch|p2a: Toxtricity|Toxtricity, M|100\/100\n|switch|p1a: Corey in the Mouse|Maushold-Four|100\/100\n|-damage|p1a: Corey in the Mouse|88\/100|[from] Stealth Rock\n|\n|upkeep\n|turn|13\n|\n|t:|1700881414\n|move|p1a: Corey in the Mouse|Tidy Up|p1a: Corey in the Mouse\n|-sideend|p1: BreadSandwichz|Stealth Rock\n|-activate|p1a: Corey in the Mouse|move: Tidy Up\n|-boost|p1a: Corey in the Mouse|atk|1\n|-boost|p1a: Corey in the Mouse|spe|1\n|move|p2a: Toxtricity|Boomburst|p1a: Corey in the Mouse\n|-damage|p1a: Corey in the Mouse|0 fnt\n|faint|p1a: Corey in the Mouse\n|\n|upkeep\n|\n|t:|1700881429\n|switch|p1a: Mirarah Carey|Slowking-Galar, F|100\/100\n|turn|14\n|\n|t:|1700881433\n|move|p2a: Toxtricity|Boomburst|p1a: Mirarah Carey\n|-damage|p1a: Mirarah Carey|25\/100\n|move|p1a: Mirarah Carey|Future Sight|p2a: Toxtricity\n|-start|p1a: Mirarah Carey|move: Future Sight\n|\n|-heal|p1a: Mirarah Carey|31\/100|[from] item: Black Sludge\n|upkeep\n|turn|15\n|\n|t:|1700881442\n|switch|p1a: Beezus|Ribombee, M|100\/100\n|move|p2a: Toxtricity|Boomburst|p1a: Beezus\n|-enditem|p1a: Beezus|Focus Sash\n|-damage|p1a: Beezus|1\/100\n|\n|upkeep\n|turn|16\n|\n|t:|1700881446\n|switch|p2a: Rillaboom|Rillaboom, F|94\/100\n|-fieldstart|move: Grassy Terrain|[from] ability: Grassy Surge|[of] p2a: Rillaboom\n|move|p1a: Beezus|Sticky Web|p2a: Rillaboom\n|-sidestart|p2: lupiit|move: Sticky Web\n|\n|-end|p2a: Rillaboom|move: Future Sight\n|-damage|p2a: Rillaboom|51\/100\n|-heal|p1a: Beezus|7\/100|[from] Grassy Terrain\n|-heal|p2a: Rillaboom|57\/100|[from] Grassy Terrain\n|-heal|p2a: Rillaboom|64\/100|[from] item: Leftovers\n|upkeep\n|turn|17\n|\n|t:|1700881451\n|move|p2a: Rillaboom|Grassy Glide|p1a: Beezus\n|-resisted|p1a: Beezus\n|-damage|p1a: Beezus|0 fnt\n|faint|p1a: Beezus\n|\n|-heal|p2a: Rillaboom|70\/100|[from] Grassy Terrain\n|-heal|p2a: Rillaboom|76\/100|[from] item: Leftovers\n|upkeep\n|\n|t:|1700881452\n|switch|p1a: Icarus's hell|Iron Moth|100\/100\n|-enditem|p1a: Icarus's hell|Booster Energy\n|-activate|p1a: Icarus's hell|ability: Quark Drive|[fromitem]\n|-start|p1a: Icarus's hell|quarkdrivespe\n|turn|18\n|\n|t:|1700881458\n|move|p1a: Icarus's hell|Fiery Dance|p2a: Rillaboom\n|-supereffective|p2a: Rillaboom\n|-damage|p2a: Rillaboom|0 fnt\n|-boost|p1a: Icarus's hell|spa|1\n|faint|p2a: Rillaboom\n|\n|upkeep\n|\n|t:|1700881463\n|switch|p2a: Toxtricity|Toxtricity, M|100\/100\n|-activate|p2a: Toxtricity|move: Sticky Web\n|-unboost|p2a: Toxtricity|spe|1\n|turn|19\n|\n|t:|1700881465\n|move|p1a: Icarus's hell|Psychic|p2a: Toxtricity\n|-supereffective|p2a: Toxtricity\n|-damage|p2a: Toxtricity|0 fnt\n|faint|p2a: Toxtricity\n|\n|upkeep\n|\n|t:|1700881472\n|switch|p2a: Kommo-o|Kommo-o, F|100\/100\n|-activate|p2a: Kommo-o|move: Sticky Web\n|-unboost|p2a: Kommo-o|spe|1\n|turn|20\n|\n|t:|1700881476\n|move|p1a: Icarus's hell|Psychic|p2a: Kommo-o\n|-supereffective|p2a: Kommo-o\n|-damage|p2a: Kommo-o|0 fnt\n|faint|p2a: Kommo-o\n|\n|-fieldend|move: Grassy Terrain\n|upkeep\n|-message|lupiit forfeited.\n|\n|win|BreadSandwichz\n|raw|BreadSandwichz's rating: 1167 &rarr; <strong>1192<\/strong><br \/>(+25 for winning)\n|raw|lupiit's rating: 1167 &rarr; <strong>1142<\/strong><br \/>(-25 for losing)\n|l|\u203dlupiit\n","uploadtime":1700881485,"views":2,"p1id":"breadsandwichz","p2id":"lupiit","formatid":"gen9ou","rating":1142,"private":0,"password":""}