{"id":"gen9ou-1994279747","p1":"Guy Maneth","p2":"maralli","format":"[Gen 9] OU","log":"|j|\u2606Guy Maneth\n|j|\u2606maralli\n|t:|1700426484\n|gametype|singles\n|player|p1|Guy Maneth|2|1564\n|player|p2|maralli|266|1486\n|teamsize|p1|6\n|teamsize|p2|6\n|gen|9\n|tier|[Gen 9] OU\n|rated|\n|rule|Sleep Clause Mod: Limit one foe put to sleep\n|rule|Species Clause: Limit one of each Pok\u00e9mon\n|rule|OHKO Clause: OHKO moves are banned\n|rule|Evasion Items Clause: Evasion items are banned\n|rule|Evasion Moves Clause: Evasion moves are banned\n|rule|Endless Battle Clause: Forcing endless battles is banned\n|rule|HP Percentage Mod: HP is shown in percentages\n|clearpoke\n|poke|p1|Great Tusk|\n|poke|p1|Walking Wake|\n|poke|p1|Torkoal, F|\n|poke|p1|Gholdengo|\n|poke|p1|Hatterene, F|\n|poke|p1|Leavanny, M|\n|poke|p2|Dragapult, F|\n|poke|p2|Hatterene, F|\n|poke|p2|Ogerpon-Cornerstone, F|\n|poke|p2|Weezing-Galar, F|\n|poke|p2|Heatran, M|\n|poke|p2|Landorus-Therian, M|\n|teampreview\n|\n|t:|1700426494\n|start\n|switch|p1a: Torkoal|Torkoal, F|100\/100\n|switch|p2a: Heatran|Heatran, M|100\/100\n|-weather|SunnyDay|[from] ability: Drought|[of] p1a: Torkoal\n|turn|1\n|\n|t:|1700426504\n|move|p2a: Heatran|Magma Storm|p1a: Torkoal\n|-resisted|p1a: Torkoal\n|-damage|p1a: Torkoal|70\/100\n|-activate|p1a: Torkoal|move: Magma Storm|[of] p2a: Heatran\n|move|p1a: Torkoal|Yawn|p2a: Heatran\n|-start|p2a: Heatran|move: Yawn|[of] p1a: Torkoal\n|\n|-weather|SunnyDay|[upkeep]\n|-damage|p1a: Torkoal|58\/100|[from] move: Magma Storm|[partiallytrapped]\n|upkeep\n|turn|2\n|\n|t:|1700426510\n|move|p2a: Heatran|Earth Power|p1a: Torkoal\n|-supereffective|p1a: Torkoal\n|-damage|p1a: Torkoal|6\/100\n|move|p1a: Torkoal|Stealth Rock|p2a: Heatran\n|-sidestart|p2: maralli|move: Stealth Rock\n|\n|-weather|SunnyDay|[upkeep]\n|-damage|p1a: Torkoal|0 fnt|[from] move: Magma Storm|[partiallytrapped]\n|faint|p1a: Torkoal\n|-end|p2a: Heatran|move: Yawn|[silent]\n|-status|p2a: Heatran|slp\n|upkeep\n|\n|t:|1700426513\n|switch|p1a: Leavanny|Leavanny, M|100\/100\n|turn|3\n|\n|t:|1700426519\n|switch|p2a: Weezing|Weezing-Galar, F|100\/100\n|-damage|p2a: Weezing|88\/100|[from] Stealth Rock\n|move|p1a: Leavanny|Sticky Web|p2a: Weezing\n|-sidestart|p2: maralli|move: Sticky Web\n|\n|-weather|SunnyDay|[upkeep]\n|-heal|p2a: Weezing|94\/100|[from] item: Leftovers\n|upkeep\n|turn|4\n|\n|t:|1700426524\n|move|p1a: Leavanny|Knock Off|p2a: Weezing\n|-resisted|p2a: Weezing\n|-damage|p2a: Weezing|82\/100\n|-enditem|p2a: Weezing|Leftovers|[from] move: Knock Off|[of] p1a: Leavanny\n|move|p2a: Weezing|Flamethrower|p1a: Leavanny\n|-supereffective|p1a: Leavanny\n|-damage|p1a: Leavanny|0 fnt\n|faint|p1a: Leavanny\n|\n|-weather|SunnyDay|[upkeep]\n|upkeep\n|\n|t:|1700426531\n|switch|p1a: Walking Wake|Walking Wake|100\/100\n|-activate|p1a: Walking Wake|ability: Protosynthesis\n|-start|p1a: Walking Wake|protosynthesisspa\n|turn|5\n|\n|t:|1700426543\n|switch|p2a: Dragapult|Dragapult, F|100\/100\n|-damage|p2a: Dragapult|88\/100|[from] Stealth Rock\n|-activate|p2a: Dragapult|move: Sticky Web\n|-unboost|p2a: Dragapult|spe|1\n|move|p1a: Walking Wake|Hydro Steam|p2a: Dragapult\n|-resisted|p2a: Dragapult\n|-damage|p2a: Dragapult|2\/100\n|\n|-weather|SunnyDay|[upkeep]\n|upkeep\n|turn|6\n|\n|t:|1700426547\n|move|p1a: Walking Wake|Hydro Steam|p2a: Dragapult\n|-resisted|p2a: Dragapult\n|-damage|p2a: Dragapult|0 fnt\n|faint|p2a: Dragapult\n|\n|-weather|SunnyDay|[upkeep]\n|upkeep\n|\n|t:|1700426560\n|switch|p2a: Landorus|Landorus-Therian, M|100\/100\n|-damage|p2a: Landorus|88\/100|[from] Stealth Rock\n|-ability|p2a: Landorus|Intimidate|boost\n|-unboost|p1a: Walking Wake|atk|1\n|turn|7\n|\n|t:|1700426566\n|move|p2a: Landorus|U-turn|p1a: Walking Wake\n|-damage|p1a: Walking Wake|72\/100\n|\n|t:|1700426569\n|switch|p2a: Hatterene|Hatterene, F|100\/100|[from] U-turn\n|-damage|p2a: Hatterene|88\/100|[from] Stealth Rock\n|-activate|p2a: Hatterene|move: Sticky Web\n|-unboost|p2a: Hatterene|spe|1\n|move|p1a: Walking Wake|Hydro Steam|p2a: Hatterene\n|-damage|p2a: Hatterene|0 fnt\n|faint|p2a: Hatterene\n|\n|-weather|SunnyDay|[upkeep]\n|upkeep\n|\n|t:|1700426571\n|switch|p2a: Landorus|Landorus-Therian, M|88\/100\n|-damage|p2a: Landorus|76\/100|[from] Stealth Rock\n|-ability|p2a: Landorus|Intimidate|boost\n|-unboost|p1a: Walking Wake|atk|1\n|turn|8\n|\n|t:|1700426576\n|move|p2a: Landorus|Earthquake|p1a: Walking Wake\n|-damage|p1a: Walking Wake|11\/100\n|move|p1a: Walking Wake|Hydro Steam|p2a: Landorus\n|-supereffective|p2a: Landorus\n|-damage|p2a: Landorus|0 fnt\n|faint|p2a: Landorus\n|\n|-weather|none\n|-end|p1a: Walking Wake|Protosynthesis\n|upkeep\n|\n|t:|1700426581\n|switch|p2a: Weezing|Weezing-Galar, F|82\/100\n|-damage|p2a: Weezing|70\/100|[from] Stealth Rock\n|turn|9\n|\n|t:|1700426583\n|move|p1a: Walking Wake|Hydro Steam|p2a: Weezing\n|-damage|p2a: Weezing|0 fnt\n|faint|p2a: Weezing\n|\n|upkeep\n|\n|t:|1700426586\n|switch|p2a: Ogerpon|Ogerpon-Cornerstone, F|100\/100\n|-damage|p2a: Ogerpon|88\/100|[from] Stealth Rock\n|-activate|p2a: Ogerpon|move: Sticky Web\n|-unboost|p2a: Ogerpon|spe|1\n|turn|10\n|\n|t:|1700426590\n|-terastallize|p1a: Walking Wake|Water\n|move|p1a: Walking Wake|Hydro Steam|p2a: Ogerpon\n|-damage|p2a: Ogerpon|0 fnt\n|faint|p2a: Ogerpon\n|\n|upkeep\n|-message|maralli forfeited.\n|\n|win|Guy Maneth\n|raw|Guy Maneth's rating: 1564 &rarr; <strong>1580<\/strong><br \/>(+16 for winning)\n|raw|maralli's rating: 1486 &rarr; <strong>1470<\/strong><br \/>(-16 for losing)\n|l|\u2606maralli\n","uploadtime":1700426602,"views":7,"p1id":"guymaneth","p2id":"maralli","formatid":"gen9ou","rating":1470,"private":0,"password":""}