{"id":"gen9ou-1994793740","p1":"jorgeps_9","p2":"Veck","format":"[Gen 9] OU","log":"|j|\u2606jorgeps_9\n|j|\u2606Veck\n|t:|1700493360\n|gametype|singles\n|player|p1|jorgeps_9|n|\n|player|p2|Veck|brendan-gen3|\n|teamsize|p1|6\n|teamsize|p2|6\n|gen|9\n|tier|[Gen 9] OU\n|rule|Sleep Clause Mod: Limit one foe put to sleep\n|rule|Species Clause: Limit one of each Pok\u00e9mon\n|rule|OHKO Clause: OHKO moves are banned\n|rule|Evasion Items Clause: Evasion items are banned\n|rule|Evasion Moves Clause: Evasion moves are banned\n|rule|Endless Battle Clause: Forcing endless battles is banned\n|rule|HP Percentage Mod: HP is shown in percentages\n|clearpoke\n|poke|p1|Kingambit, F|\n|poke|p1|Cresselia, F|\n|poke|p1|Garganacl, F|\n|poke|p1|Iron Hands|\n|poke|p1|Manaphy|\n|poke|p1|Sinistcha-Masterpiece|\n|poke|p2|Dragapult, F|\n|poke|p2|Rillaboom, F|\n|poke|p2|Slowking-Galar, F|\n|poke|p2|Moltres|\n|poke|p2|Great Tusk|\n|poke|p2|Kingambit, F|\n|teampreview\n|c|\u2606Veck|suerte\n|inactive|Battle timer is ON: inactive players will automatically lose when time's up. (requested by Veck)\n|inactive|jorgeps_9 has 270 seconds left.\n|inactive|Veck has 270 seconds left.\n|inactive|jorgeps_9 has 240 seconds left.\n|\n|t:|1700493462\n|start\n|switch|p1a: Garganacl|Garganacl, F, shiny|100\/100\n|switch|p2a: Rillaboom|Rillaboom, F|100\/100\n|-fieldstart|move: Grassy Terrain|[from] ability: Grassy Surge|[of] p2a: Rillaboom\n|turn|1\n|c|\u2606jorgeps_9|suerte\n|inactive|Veck has 270 seconds left.\n|\n|t:|1700493497\n|switch|p1a: Sinistcha|Sinistcha-Masterpiece, shiny|100\/100\n|move|p2a: Rillaboom|Knock Off|p1a: Sinistcha\n|-supereffective|p1a: Sinistcha\n|-damage|p1a: Sinistcha|29\/100\n|-enditem|p1a: Sinistcha|Leftovers|[from] move: Knock Off|[of] p2a: Rillaboom\n|\n|-heal|p1a: Sinistcha|35\/100|[from] Grassy Terrain\n|upkeep\n|turn|2\n|inactive|Veck has 270 seconds left.\n|\n|t:|1700493510\n|move|p2a: Rillaboom|Knock Off|p1a: Sinistcha\n|-supereffective|p1a: Sinistcha\n|-damage|p1a: Sinistcha|0 fnt\n|faint|p1a: Sinistcha\n|\n|upkeep\n|\n|t:|1700493520\n|switch|p1a: Iron Hands|Iron Hands|100\/100\n|turn|3\n|j| Veckwastaken\n|\n|t:|1700493533\n|switch|p2a: Great Tusk|Great Tusk|100\/100\n|move|p1a: Iron Hands|Swords Dance|p1a: Iron Hands\n|-boost|p1a: Iron Hands|atk|2\n|\n|upkeep\n|turn|4\n|inactive|Veck has 270 seconds left.\n|inactive|Veck has 240 seconds left.\n|\n|t:|1700493582\n|-terastallize|p1a: Iron Hands|Flying\n|move|p2a: Great Tusk|Headlong Rush|p1a: Iron Hands\n|-immune|p1a: Iron Hands\n|move|p1a: Iron Hands|Swords Dance|p1a: Iron Hands\n|-boost|p1a: Iron Hands|atk|2\n|\n|upkeep\n|turn|5\n|l| Veckwastaken\n|\n|t:|1700493592\n|move|p2a: Great Tusk|Ice Spinner|p1a: Iron Hands\n|-supereffective|p1a: Iron Hands\n|-damage|p1a: Iron Hands|60\/100\n|-fieldend|move: Grassy Terrain\n|move|p1a: Iron Hands|Ice Punch|p2a: Great Tusk\n|-supereffective|p2a: Great Tusk\n|-damage|p2a: Great Tusk|0 fnt\n|faint|p2a: Great Tusk\n|-end|p2a: Great Tusk|Protosynthesis|[silent]\n|\n|-heal|p1a: Iron Hands|67\/100|[from] item: Leftovers\n|upkeep\n|j| Veckwastaken\n|inactive|Veck has 240 seconds left.\n|\n|t:|1700493612\n|switch|p2a: Dragapult|Dragapult, F|100\/100\n|turn|6\n|inactive|Veck has 240 seconds left.\n|inactive|Veck has 210 seconds left.\n|\n|t:|1700493652\n|move|p2a: Dragapult|U-turn|p1a: Iron Hands\n|-resisted|p1a: Iron Hands\n|-damage|p1a: Iron Hands|60\/100\n|\n|t:|1700493653\n|switch|p2a: Moltres|Moltres|100\/100|[from] U-turn\n|move|p1a: Iron Hands|Ice Punch|p2a: Moltres\n|-damage|p2a: Moltres|36\/100\n|-status|p1a: Iron Hands|brn|[from] ability: Flame Body|[of] p2a: Moltres\n|\n|-heal|p1a: Iron Hands|66\/100 brn|[from] item: Leftovers\n|-damage|p1a: Iron Hands|60\/100 brn|[from] brn\n|upkeep\n|turn|7\n|\n|t:|1700493667\n|move|p2a: Moltres|Roost|p2a: Moltres\n|-heal|p2a: Moltres|86\/100\n|-singleturn|p2a: Moltres|move: Roost\n|move|p1a: Iron Hands|Thunder Punch|p2a: Moltres\n|-damage|p2a: Moltres|39\/100\n|\n|-heal|p1a: Iron Hands|66\/100 brn|[from] item: Leftovers\n|-damage|p1a: Iron Hands|60\/100 brn|[from] brn\n|upkeep\n|turn|8\n|l| Veckwastaken\n|\n|t:|1700493692\n|move|p2a: Moltres|U-turn|p1a: Iron Hands\n|-resisted|p1a: Iron Hands\n|-damage|p1a: Iron Hands|55\/100 brn\n|\n|t:|1700493694\n|switch|p2a: Dragapult|Dragapult, F|100\/100|[from] U-turn\n|move|p1a: Iron Hands|Drain Punch|p2a: Dragapult\n|-immune|p2a: Dragapult\n|\n|-heal|p1a: Iron Hands|61\/100 brn|[from] item: Leftovers\n|-damage|p1a: Iron Hands|55\/100 brn|[from] brn\n|upkeep\n|turn|9\n|\n|t:|1700493700\n|move|p2a: Dragapult|Draco Meteor|p1a: Iron Hands\n|-damage|p1a: Iron Hands|0 fnt\n|-unboost|p2a: Dragapult|spa|2\n|faint|p1a: Iron Hands\n|-end|p1a: Iron Hands|Quark Drive|[silent]\n|\n|upkeep\n|\n|t:|1700493729\n|switch|p1a: Manaphy|Manaphy|100\/100\n|turn|10\n|j| Veckwastaken\n|inactive|Veck has 240 seconds left.\n|\n|t:|1700493751\n|switch|p2a: Rillaboom|Rillaboom, F|100\/100\n|-fieldstart|move: Grassy Terrain|[from] ability: Grassy Surge|[of] p2a: Rillaboom\n|move|p1a: Manaphy|Ice Beam|p2a: Rillaboom\n|-supereffective|p2a: Rillaboom\n|-damage|p2a: Rillaboom|32\/100\n|\n|-heal|p2a: Rillaboom|39\/100|[from] Grassy Terrain\n|upkeep\n|turn|11\n|\n|t:|1700493767\n|switch|p1a: Kingambit|Kingambit, F|100\/100\n|-activate|p1a: Kingambit|ability: Supreme Overlord\n|-start|p1a: Kingambit|fallen2|[silent]\n|move|p2a: Rillaboom|Grassy Glide|p1a: Kingambit\n|-resisted|p1a: Kingambit\n|-damage|p1a: Kingambit|79\/100\n|\n|-heal|p2a: Rillaboom|45\/100|[from] Grassy Terrain\n|-heal|p1a: Kingambit|85\/100|[from] Grassy Terrain\n|-heal|p1a: Kingambit|91\/100|[from] item: Leftovers\n|upkeep\n|turn|12\n|inactive|Veck has 240 seconds left.\n|inactive|jorgeps_9 has 270 seconds left.\n|\n|t:|1700493791\n|switch|p2a: Kingambit|Kingambit, F|100\/100\n|-activate|p2a: Kingambit|ability: Supreme Overlord\n|-start|p2a: Kingambit|fallen1|[silent]\n|-item|p2a: Kingambit|Air Balloon\n|move|p1a: Kingambit|Sucker Punch||[still]\n|-fail|p1a: Kingambit\n|\n|-heal|p1a: Kingambit|97\/100|[from] Grassy Terrain\n|-heal|p1a: Kingambit|100\/100|[from] item: Leftovers\n|upkeep\n|turn|13\n|inactive|jorgeps_9 has 270 seconds left.\n|\n|t:|1700493804\n|move|p2a: Kingambit|Kowtow Cleave|p1a: Kingambit\n|-resisted|p1a: Kingambit\n|-damage|p1a: Kingambit|79\/100\n|move|p1a: Kingambit|Iron Head|p2a: Kingambit\n|-resisted|p2a: Kingambit\n|-damage|p2a: Kingambit|78\/100\n|-enditem|p2a: Kingambit|Air Balloon\n|\n|-heal|p2a: Kingambit|84\/100|[from] Grassy Terrain\n|-heal|p1a: Kingambit|85\/100|[from] Grassy Terrain\n|-heal|p1a: Kingambit|92\/100|[from] item: Leftovers\n|upkeep\n|turn|14\n|inactive|jorgeps_9 has 270 seconds left.\n|\n|t:|1700493820\n|-end|p2a: Kingambit|fallen1|[silent]\n|switch|p2a: Moltres|Moltres|39\/100\n|move|p1a: Kingambit|Swords Dance|p1a: Kingambit\n|-boost|p1a: Kingambit|atk|2\n|\n|-heal|p1a: Kingambit|98\/100|[from] Grassy Terrain\n|-heal|p1a: Kingambit|100\/100|[from] item: Leftovers\n|-fieldend|move: Grassy Terrain\n|upkeep\n|turn|15\n|inactive|jorgeps_9 has 270 seconds left.\n|\n|t:|1700493830\n|move|p2a: Moltres|Will-O-Wisp|p1a: Kingambit\n|-status|p1a: Kingambit|brn\n|move|p1a: Kingambit|Kowtow Cleave|p2a: Moltres\n|-damage|p2a: Moltres|0 fnt\n|faint|p2a: Moltres\n|\n|-damage|p1a: Kingambit|94\/100 brn|[from] brn\n|upkeep\n|\n|t:|1700493839\n|switch|p2a: Kingambit|Kingambit, F|84\/100\n|-activate|p2a: Kingambit|ability: Supreme Overlord\n|-start|p2a: Kingambit|fallen2|[silent]\n|turn|16\n|\n|t:|1700493844\n|move|p2a: Kingambit|Swords Dance|p2a: Kingambit\n|-boost|p2a: Kingambit|atk|2\n|move|p1a: Kingambit|Swords Dance|p1a: Kingambit\n|-boost|p1a: Kingambit|atk|2\n|\n|-heal|p1a: Kingambit|100\/100 brn|[from] item: Leftovers\n|-damage|p1a: Kingambit|94\/100 brn|[from] brn\n|upkeep\n|turn|17\n|\n|t:|1700493850\n|move|p2a: Kingambit|Kowtow Cleave|p1a: Kingambit\n|-resisted|p1a: Kingambit\n|-damage|p1a: Kingambit|54\/100 brn\n|move|p1a: Kingambit|Kowtow Cleave|p2a: Kingambit\n|-resisted|p2a: Kingambit\n|-damage|p2a: Kingambit|47\/100\n|\n|-heal|p1a: Kingambit|60\/100 brn|[from] item: Leftovers\n|-damage|p1a: Kingambit|54\/100 brn|[from] brn\n|upkeep\n|turn|18\n|\n|t:|1700493857\n|move|p2a: Kingambit|Kowtow Cleave|p1a: Kingambit\n|-resisted|p1a: Kingambit\n|-damage|p1a: Kingambit|14\/100 brn\n|move|p1a: Kingambit|Kowtow Cleave|p2a: Kingambit\n|-resisted|p2a: Kingambit\n|-damage|p2a: Kingambit|12\/100\n|\n|-heal|p1a: Kingambit|20\/100 brn|[from] item: Leftovers\n|-damage|p1a: Kingambit|14\/100 brn|[from] brn\n|upkeep\n|turn|19\n|\n|t:|1700493869\n|move|p2a: Kingambit|Kowtow Cleave|p1a: Kingambit\n|-resisted|p1a: Kingambit\n|-damage|p1a: Kingambit|0 fnt\n|faint|p1a: Kingambit\n|-end|p1a: Kingambit|fallen2|[silent]\n|\n|upkeep\n|\n|t:|1700493877\n|switch|p1a: Manaphy|Manaphy|100\/100\n|turn|20\n|\n|t:|1700493884\n|move|p2a: Kingambit|Sucker Punch||[still]\n|-fail|p2a: Kingambit\n|move|p1a: Manaphy|Tail Glow|p1a: Manaphy\n|-boost|p1a: Manaphy|spa|3\n|\n|upkeep\n|turn|21\n|\n|t:|1700493891\n|move|p2a: Kingambit|Sucker Punch|p1a: Manaphy\n|-damage|p1a: Manaphy|0 fnt\n|faint|p1a: Manaphy\n|\n|upkeep\n|\n|t:|1700493895\n|switch|p1a: Cresselia|Cresselia, F|100\/100\n|turn|22\n|\n|t:|1700493901\n|move|p1a: Cresselia|Moonblast|p2a: Kingambit\n|-damage|p2a: Kingambit|0 fnt\n|faint|p2a: Kingambit\n|-end|p2a: Kingambit|fallen2|[silent]\n|\n|upkeep\n|\n|t:|1700493905\n|switch|p2a: Rillaboom|Rillaboom, F|45\/100\n|-fieldstart|move: Grassy Terrain|[from] ability: Grassy Surge|[of] p2a: Rillaboom\n|turn|23\n|\n|t:|1700493910\n|move|p2a: Rillaboom|U-turn|p1a: Cresselia\n|-supereffective|p1a: Cresselia\n|-damage|p1a: Cresselia|61\/100\n|\n|t:|1700493914\n|switch|p2a: Dragapult|Dragapult, F|100\/100|[from] U-turn\n|move|p1a: Cresselia|Calm Mind|p1a: Cresselia\n|-boost|p1a: Cresselia|spa|1\n|-boost|p1a: Cresselia|spd|1\n|\n|-heal|p1a: Cresselia|67\/100|[from] item: Leftovers\n|upkeep\n|turn|24\n|\n|t:|1700493923\n|-terastallize|p2a: Dragapult|Ghost\n|move|p2a: Dragapult|Shadow Ball|p1a: Cresselia\n|-supereffective|p1a: Cresselia\n|-damage|p1a: Cresselia|1\/100\n|move|p1a: Cresselia|Moonlight|p1a: Cresselia\n|-heal|p1a: Cresselia|51\/100\n|\n|-heal|p1a: Cresselia|57\/100|[from] item: Leftovers\n|upkeep\n|turn|25\n|\n|t:|1700493932\n|move|p2a: Dragapult|Shadow Ball|p1a: Cresselia\n|-supereffective|p1a: Cresselia\n|-damage|p1a: Cresselia|0 fnt\n|faint|p1a: Cresselia\n|\n|upkeep\n|\n|t:|1700493934\n|switch|p1a: Garganacl|Garganacl, F, shiny|100\/100\n|turn|26\n|c|\u2606jorgeps_9|gg\n|\n|t:|1700493940\n|switch|p2a: Rillaboom|Rillaboom, F|45\/100\n|move|p1a: Garganacl|Salt Cure|p2a: Rillaboom\n|-damage|p2a: Rillaboom|29\/100\n|-start|p2a: Rillaboom|Salt Cure\n|\n|-heal|p2a: Rillaboom|35\/100|[from] Grassy Terrain\n|-damage|p2a: Rillaboom|22\/100|[from] Salt Cure\n|upkeep\n|turn|27\n|c|\u2606Veck|bueno espera porque es una piedra\n|\n|t:|1700493951\n|move|p1a: Garganacl|Protect|p1a: Garganacl\n|-singleturn|p1a: Garganacl|Protect\n|move|p2a: Rillaboom|Wood Hammer|p1a: Garganacl\n|-activate|p1a: Garganacl|move: Protect\n|\n|-heal|p2a: Rillaboom|29\/100|[from] Grassy Terrain\n|-damage|p2a: Rillaboom|16\/100|[from] Salt Cure\n|-fieldend|move: Grassy Terrain\n|upkeep\n|turn|28\n|\n|t:|1700493964\n|switch|p2a: Slowking|Slowking-Galar, F|100\/100\n|move|p1a: Garganacl|Recover||[still]\n|-fail|p1a: Garganacl|heal\n|\n|upkeep\n|turn|29\n|\n|t:|1700493968\n|move|p1a: Garganacl|Salt Cure|p2a: Slowking\n|-damage|p2a: Slowking|85\/100\n|-start|p2a: Slowking|Salt Cure\n|move|p2a: Slowking|Future Sight|p1a: Garganacl\n|-start|p2a: Slowking|move: Future Sight\n|\n|-damage|p2a: Slowking|73\/100|[from] Salt Cure\n|upkeep\n|turn|30\n|\n|t:|1700493977\n|move|p1a: Garganacl|Salt Cure|p2a: Slowking\n|-damage|p2a: Slowking|58\/100\n|move|p2a: Slowking|Surf|p1a: Garganacl\n|-supereffective|p1a: Garganacl\n|-damage|p1a: Garganacl|73\/100\n|\n|-heal|p1a: Garganacl|79\/100|[from] item: Leftovers\n|-damage|p2a: Slowking|46\/100|[from] Salt Cure\n|upkeep\n|turn|31\n|\n|t:|1700493985\n|move|p1a: Garganacl|Stealth Rock|p2a: Slowking\n|-sidestart|p2: Veck|move: Stealth Rock\n|move|p2a: Slowking|Surf|p1a: Garganacl\n|-supereffective|p1a: Garganacl\n|-damage|p1a: Garganacl|49\/100\n|\n|-end|p1a: Garganacl|move: Future Sight\n|-damage|p1a: Garganacl|21\/100\n|-heal|p1a: Garganacl|27\/100|[from] item: Leftovers\n|-damage|p2a: Slowking|33\/100|[from] Salt Cure\n|upkeep\n|turn|32\n|\n|t:|1700493990\n|move|p1a: Garganacl|Recover|p1a: Garganacl\n|-heal|p1a: Garganacl|77\/100\n|move|p2a: Slowking|Future Sight|p1a: Garganacl\n|-start|p2a: Slowking|move: Future Sight\n|\n|-heal|p1a: Garganacl|83\/100|[from] item: Leftovers\n|-damage|p2a: Slowking|21\/100|[from] Salt Cure\n|upkeep\n|turn|33\n|\n|t:|1700493996\n|move|p1a: Garganacl|Protect|p1a: Garganacl\n|-singleturn|p1a: Garganacl|Protect\n|move|p2a: Slowking|Surf|p1a: Garganacl\n|-activate|p1a: Garganacl|move: Protect\n|\n|-heal|p1a: Garganacl|90\/100|[from] item: Leftovers\n|-damage|p2a: Slowking|8\/100|[from] Salt Cure\n|upkeep\n|turn|34\n|\n|t:|1700494001\n|move|p1a: Garganacl|Salt Cure|p2a: Slowking\n|-damage|p2a: Slowking|0 fnt\n|faint|p2a: Slowking\n|\n|-end|p1a: Garganacl|move: Future Sight\n|-damage|p1a: Garganacl|60\/100\n|-heal|p1a: Garganacl|66\/100|[from] item: Leftovers\n|upkeep\n|\n|t:|1700494003\n|switch|p2a: Rillaboom|Rillaboom, F|16\/100\n|-damage|p2a: Rillaboom|4\/100|[from] Stealth Rock\n|-fieldstart|move: Grassy Terrain|[from] ability: Grassy Surge|[of] p2a: Rillaboom\n|turn|35\n|\n|t:|1700494012\n|move|p2a: Rillaboom|Wood Hammer|p1a: Garganacl\n|-supereffective|p1a: Garganacl\n|-damage|p1a: Garganacl|0 fnt\n|faint|p1a: Garganacl\n|-damage|p2a: Rillaboom|0 fnt|[from] Recoil\n|faint|p2a: Rillaboom\n|\n|win|Veck\n|c|\u2606Veck|gg\n|c|\u2606jorgeps_9|gg\n|c|\u2606Veck|lo paso?\n|c|\u2606jorgeps_9|si porfa\n","uploadtime":1700494036,"views":33,"p1id":"jorgeps9","p2id":"veck","formatid":"gen9ou","rating":0,"private":0,"password":""}