{"id":"gen9ou-1990066365","p1":"treeplayingman","p2":"Marsharekt","format":"[Gen 9] OU","log":"|j|\u2606treeplayingman\n|j|\u2606Marsharekt\n|t:|1699920908\n|gametype|singles\n|player|p1|treeplayingman|norman|1101\n|player|p2|Marsharekt|2|1101\n|teamsize|p1|6\n|teamsize|p2|6\n|gen|9\n|tier|[Gen 9] OU\n|rated|\n|rule|Sleep Clause Mod: Limit one foe put to sleep\n|rule|Species Clause: Limit one of each Pok\u00e9mon\n|rule|OHKO Clause: OHKO moves are banned\n|rule|Evasion Items Clause: Evasion items are banned\n|rule|Evasion Moves Clause: Evasion moves are banned\n|rule|Endless Battle Clause: Forcing endless battles is banned\n|rule|HP Percentage Mod: HP is shown in percentages\n|clearpoke\n|poke|p1|Gardevoir, F|\n|poke|p1|Armarouge, F|\n|poke|p1|Sinistcha|\n|poke|p1|Iron Hands|\n|poke|p1|Kleavor, F|\n|poke|p1|Overqwil, F|\n|poke|p2|Conkeldurr, F|\n|poke|p2|Ogerpon-Cornerstone, F|\n|poke|p2|Toedscruel, M|\n|poke|p2|Tyranitar, F|\n|poke|p2|Mandibuzz, F|\n|poke|p2|Milotic, M|\n|teampreview\n|inactive|Battle timer is ON: inactive players will automatically lose when time's up. (requested by treeplayingman)\n|inactive|Marsharekt has 120 seconds left.\n|\n|t:|1699920944\n|start\n|switch|p1a: Overqwil|Overqwil, F|100\/100\n|switch|p2a: Tyranitar|Tyranitar, F|100\/100\n|-weather|Sandstorm|[from] ability: Sand Stream|[of] p2a: Tyranitar\n|turn|1\n|\n|t:|1699920963\n|switch|p2a: Conkeldurr|Conkeldurr, F|100\/100\n|move|p1a: Overqwil|Pin Missile|p2a: Conkeldurr\n|-resisted|p2a: Conkeldurr\n|-damage|p2a: Conkeldurr|97\/100\n|-resisted|p2a: Conkeldurr\n|-damage|p2a: Conkeldurr|93\/100\n|-resisted|p2a: Conkeldurr\n|-damage|p2a: Conkeldurr|90\/100\n|-resisted|p2a: Conkeldurr\n|-damage|p2a: Conkeldurr|86\/100\n|-resisted|p2a: Conkeldurr\n|-damage|p2a: Conkeldurr|82\/100\n|-hitcount|p2a: Conkeldurr|5\n|\n|-weather|Sandstorm|[upkeep]\n|-damage|p1a: Overqwil|94\/100|[from] Sandstorm\n|-damage|p2a: Conkeldurr|76\/100|[from] Sandstorm\n|-status|p2a: Conkeldurr|brn|[from] item: Flame Orb\n|upkeep\n|turn|2\n|inactive|Marsharekt has 120 seconds left.\n|\n|t:|1699920992\n|move|p1a: Overqwil|Barb Barrage|p2a: Conkeldurr\n|-damage|p2a: Conkeldurr|50\/100 brn\n|move|p2a: Conkeldurr|Earthquake|p1a: Overqwil\n|-supereffective|p1a: Overqwil\n|-damage|p1a: Overqwil|0 fnt\n|faint|p1a: Overqwil\n|\n|-weather|Sandstorm|[upkeep]\n|-damage|p2a: Conkeldurr|44\/100 brn|[from] Sandstorm\n|-damage|p2a: Conkeldurr|38\/100 brn|[from] brn\n|upkeep\n|\n|t:|1699920999\n|switch|p1a: Sinistcha|Sinistcha|100\/100\n|turn|3\n|\n|t:|1699921009\n|move|p1a: Sinistcha|Hex|p2a: Conkeldurr\n|-crit|p2a: Conkeldurr\n|-damage|p2a: Conkeldurr|0 fnt\n|faint|p2a: Conkeldurr\n|\n|-weather|Sandstorm|[upkeep]\n|-damage|p1a: Sinistcha|94\/100|[from] Sandstorm\n|upkeep\n|inactive|Marsharekt has 120 seconds left.\n|\n|t:|1699921020\n|switch|p2a: Toedscruel|Toedscruel, M|100\/100\n|turn|4\n|inactive|Marsharekt has 120 seconds left.\n|\n|t:|1699921031\n|move|p1a: Sinistcha|Matcha Gotcha|p2a: Toedscruel|[miss]\n|-miss|p1a: Sinistcha|p2a: Toedscruel\n|move|p2a: Toedscruel|Leech Seed|p1a: Sinistcha\n|-immune|p1a: Sinistcha\n|\n|-weather|Sandstorm|[upkeep]\n|-damage|p1a: Sinistcha|88\/100|[from] Sandstorm\n|upkeep\n|turn|5\n|inactive|Marsharekt has 120 seconds left.\n|\n|t:|1699921044\n|move|p2a: Toedscruel|Giga Drain|p1a: Sinistcha\n|-resisted|p1a: Sinistcha\n|-damage|p1a: Sinistcha|74\/100\n|move|p1a: Sinistcha|Matcha Gotcha|p2a: Toedscruel\n|-damage|p2a: Toedscruel|64\/100\n|-heal|p1a: Sinistcha|97\/100|[from] drain|[of] p2a: Toedscruel\n|-status|p2a: Toedscruel|brn\n|\n|-weather|Sandstorm|[upkeep]\n|-damage|p1a: Sinistcha|91\/100|[from] Sandstorm\n|-damage|p2a: Toedscruel|58\/100 brn|[from] brn\n|upkeep\n|turn|6\n|inactive|Marsharekt has 120 seconds left.\n|\n|t:|1699921067\n|switch|p2a: Mandibuzz|Mandibuzz, F|100\/100\n|move|p1a: Sinistcha|Hex|p2a: Mandibuzz\n|-resisted|p2a: Mandibuzz\n|-damage|p2a: Mandibuzz|86\/100\n|\n|-weather|Sandstorm|[upkeep]\n|-damage|p1a: Sinistcha|85\/100|[from] Sandstorm\n|upkeep\n|turn|7\n|\n|t:|1699921083\n|switch|p1a: Kleavor|Kleavor, F|100\/100\n|move|p2a: Mandibuzz|Foul Play|p1a: Kleavor\n|-damage|p1a: Kleavor|35\/100\n|\n|-weather|Sandstorm|[upkeep]\n|upkeep\n|turn|8\n|\n|t:|1699921101\n|switch|p2a: Toedscruel|Toedscruel, M|58\/100 brn\n|move|p1a: Kleavor|Stone Axe|p2a: Toedscruel\n|-resisted|p2a: Toedscruel\n|-damage|p2a: Toedscruel|33\/100 brn\n|-sidestart|p2: Marsharekt|move: Stealth Rock\n|\n|-weather|none\n|-damage|p2a: Toedscruel|27\/100 brn|[from] brn\n|upkeep\n|turn|9\n|\n|t:|1699921113\n|switch|p1a: Sinistcha|Sinistcha|85\/100\n|move|p2a: Toedscruel|Leech Seed|p1a: Sinistcha\n|-immune|p1a: Sinistcha\n|\n|-damage|p2a: Toedscruel|21\/100 brn|[from] brn\n|upkeep\n|turn|10\n|\n|t:|1699921124\n|move|p1a: Sinistcha|Scald|p2a: Toedscruel\n|-damage|p2a: Toedscruel|0 fnt\n|faint|p2a: Toedscruel\n|\n|upkeep\n|\n|t:|1699921142\n|switch|p2a: Tyranitar|Tyranitar, F|100\/100\n|-damage|p2a: Tyranitar|88\/100|[from] Stealth Rock\n|-weather|Sandstorm|[from] ability: Sand Stream|[of] p2a: Tyranitar\n|turn|11\n|\n|t:|1699921154\n|switch|p1a: Iron Hands|Iron Hands|100\/100\n|move|p2a: Tyranitar|Knock Off|p1a: Iron Hands\n|-resisted|p1a: Iron Hands\n|-damage|p1a: Iron Hands|85\/100\n|-enditem|p1a: Iron Hands|Covert Cloak|[from] move: Knock Off|[of] p2a: Tyranitar\n|\n|-weather|Sandstorm|[upkeep]\n|-damage|p1a: Iron Hands|79\/100|[from] Sandstorm\n|upkeep\n|turn|12\n|\n|t:|1699921167\n|move|p2a: Tyranitar|Earthquake|p1a: Iron Hands\n|-supereffective|p1a: Iron Hands\n|-crit|p1a: Iron Hands\n|-damage|p1a: Iron Hands|17\/100\n|move|p1a: Iron Hands|Drain Punch|p2a: Tyranitar\n|-supereffective|p2a: Tyranitar\n|-damage|p2a: Tyranitar|0 fnt\n|-heal|p1a: Iron Hands|51\/100|[from] drain|[of] p2a: Tyranitar\n|faint|p2a: Tyranitar\n|\n|-weather|Sandstorm|[upkeep]\n|-damage|p1a: Iron Hands|45\/100|[from] Sandstorm\n|upkeep\n|inactive|Marsharekt has 90 seconds left.\n|\n|t:|1699921180\n|switch|p2a: Ogerpon|Ogerpon-Cornerstone, F|100\/100\n|-damage|p2a: Ogerpon|88\/100|[from] Stealth Rock\n|turn|13\n|inactive|Marsharekt has 90 seconds left.\n|\n|t:|1699921190\n|move|p2a: Ogerpon|Ivy Cudgel|p1a: Iron Hands\n|-resisted|p1a: Iron Hands\n|-damage|p1a: Iron Hands|28\/100\n|move|p1a: Iron Hands|Drain Punch|p2a: Ogerpon\n|-supereffective|p2a: Ogerpon\n|-damage|p2a: Ogerpon|0 fnt\n|-heal|p1a: Iron Hands|54\/100|[from] drain|[of] p2a: Ogerpon\n|faint|p2a: Ogerpon\n|\n|-weather|Sandstorm|[upkeep]\n|-damage|p1a: Iron Hands|48\/100|[from] Sandstorm\n|upkeep\n|inactive|Marsharekt has 90 seconds left.\n|-message|Marsharekt forfeited.\n|\n|win|treeplayingman\n|raw|treeplayingman's rating: 1101 &rarr; <strong>1126<\/strong><br \/>(+25 for winning)\n|raw|Marsharekt's rating: 1101 &rarr; <strong>1076<\/strong><br \/>(-25 for losing)\n|l|\u2606Marsharekt\n","uploadtime":1699921223,"views":14,"p1id":"treeplayingman","p2id":"marsharekt","formatid":"gen9ou","rating":1076,"private":0,"password":""}