{"id":"gen9ou-1996982634","p1":"rewrite_361","p2":"Doinksalot","format":"[Gen 9] OU","log":"|j|\u2606rewrite_361\n|j|\u2606Doinksalot\n|t:|1700752380\n|gametype|singles\n|player|p1|rewrite_361|101|1328\n|player|p2|Doinksalot|101|1259\n|teamsize|p1|6\n|teamsize|p2|6\n|gen|9\n|tier|[Gen 9] OU\n|rated|\n|rule|Sleep Clause Mod: Limit one foe put to sleep\n|rule|Species Clause: Limit one of each Pok\u00e9mon\n|rule|OHKO Clause: OHKO moves are banned\n|rule|Evasion Items Clause: Evasion items are banned\n|rule|Evasion Moves Clause: Evasion moves are banned\n|rule|Endless Battle Clause: Forcing endless battles is banned\n|rule|HP Percentage Mod: HP is shown in percentages\n|clearpoke\n|poke|p1|Cinderace, F|\n|poke|p1|Hatterene, F|\n|poke|p1|Sandy Shocks|\n|poke|p1|Weavile, M|\n|poke|p1|Slowking-Galar, M|\n|poke|p1|Mandibuzz, F|\n|poke|p2|Pelipper, M|\n|poke|p2|Basculegion, M|\n|poke|p2|Zapdos|\n|poke|p2|Garganacl, M|\n|poke|p2|Volcanion|\n|poke|p2|Ogerpon-Wellspring, F|\n|teampreview\n|\n|t:|1700752400\n|start\n|switch|p1a: Sandy Shocks|Sandy Shocks|100\/100\n|switch|p2a: Garganacl|Garganacl, M|100\/100\n|turn|1\n|inactive|Battle timer is ON: inactive players will automatically lose when time's up. (requested by Doinksalot)\n|\n|t:|1700752411\n|move|p1a: Sandy Shocks|Volt Switch|p2a: Garganacl\n|-damage|p2a: Garganacl|57\/100\n|\n|t:|1700752416\n|-end|p1a: Sandy Shocks|Protosynthesis|[silent]\n|switch|p1a: Hatterene|Hatterene, F|100\/100|[from] Volt Switch\n|move|p2a: Garganacl|Earthquake|p1a: Hatterene\n|-damage|p1a: Hatterene|83\/100\n|\n|-heal|p1a: Hatterene|89\/100|[from] item: Leftovers\n|-heal|p2a: Garganacl|63\/100|[from] item: Leftovers\n|upkeep\n|turn|2\n|\n|t:|1700752425\n|move|p1a: Hatterene|Calm Mind|p1a: Hatterene\n|-boost|p1a: Hatterene|spa|1\n|-boost|p1a: Hatterene|spd|1\n|move|p2a: Garganacl|Recover|p2a: Garganacl\n|-heal|p2a: Garganacl|100\/100\n|\n|-heal|p1a: Hatterene|95\/100|[from] item: Leftovers\n|upkeep\n|turn|3\n|\n|t:|1700752434\n|move|p1a: Hatterene|Draining Kiss|p2a: Garganacl\n|-damage|p2a: Garganacl|75\/100\n|-heal|p1a: Hatterene|100\/100|[from] drain|[of] p2a: Garganacl\n|move|p2a: Garganacl|Salt Cure|p1a: Hatterene\n|-damage|p1a: Hatterene|88\/100\n|-start|p1a: Hatterene|Salt Cure\n|\n|-heal|p1a: Hatterene|94\/100|[from] item: Leftovers\n|-heal|p2a: Garganacl|81\/100|[from] item: Leftovers\n|-damage|p1a: Hatterene|82\/100|[from] Salt Cure\n|upkeep\n|turn|4\n|inactive|rewrite_361 has 120 seconds left.\n|\n|t:|1700752492\n|move|p1a: Hatterene|Calm Mind|p1a: Hatterene\n|-boost|p1a: Hatterene|spa|1\n|-boost|p1a: Hatterene|spd|1\n|move|p2a: Garganacl|Curse|p2a: Garganacl\n|-unboost|p2a: Garganacl|spe|1\n|-boost|p2a: Garganacl|atk|1\n|-boost|p2a: Garganacl|def|1\n|\n|-heal|p1a: Hatterene|88\/100|[from] item: Leftovers\n|-heal|p2a: Garganacl|87\/100|[from] item: Leftovers\n|-damage|p1a: Hatterene|76\/100|[from] Salt Cure\n|upkeep\n|turn|5\n|\n|t:|1700752505\n|move|p1a: Hatterene|Draining Kiss|p2a: Garganacl\n|-damage|p2a: Garganacl|52\/100\n|-heal|p1a: Hatterene|100\/100|[from] drain|[of] p2a: Garganacl\n|move|p2a: Garganacl|Salt Cure|p1a: Hatterene\n|-damage|p1a: Hatterene|84\/100\n|\n|-heal|p1a: Hatterene|90\/100|[from] item: Leftovers\n|-heal|p2a: Garganacl|58\/100|[from] item: Leftovers\n|-damage|p1a: Hatterene|78\/100|[from] Salt Cure\n|upkeep\n|turn|6\n|\n|t:|1700752515\n|move|p1a: Hatterene|Draining Kiss|p2a: Garganacl\n|-damage|p2a: Garganacl|19\/100\n|-heal|p1a: Hatterene|100\/100|[from] drain|[of] p2a: Garganacl\n|move|p2a: Garganacl|Recover|p2a: Garganacl\n|-heal|p2a: Garganacl|69\/100\n|\n|-heal|p2a: Garganacl|75\/100|[from] item: Leftovers\n|-damage|p1a: Hatterene|88\/100|[from] Salt Cure\n|upkeep\n|turn|7\n|inactive|rewrite_361 has 120 seconds left.\n|\n|t:|1700752544\n|move|p1a: Hatterene|Draining Kiss|p2a: Garganacl\n|-damage|p2a: Garganacl|41\/100\n|-heal|p1a: Hatterene|100\/100|[from] drain|[of] p2a: Garganacl\n|move|p2a: Garganacl|Salt Cure|p1a: Hatterene\n|-damage|p1a: Hatterene|82\/100\n|\n|-heal|p1a: Hatterene|88\/100|[from] item: Leftovers\n|-heal|p2a: Garganacl|47\/100|[from] item: Leftovers\n|-damage|p1a: Hatterene|75\/100|[from] Salt Cure\n|upkeep\n|turn|8\n|\n|t:|1700752556\n|move|p1a: Hatterene|Draining Kiss|p2a: Garganacl\n|-damage|p2a: Garganacl|10\/100\n|-heal|p1a: Hatterene|100\/100|[from] drain|[of] p2a: Garganacl\n|move|p2a: Garganacl|Recover|p2a: Garganacl\n|-heal|p2a: Garganacl|60\/100\n|\n|-heal|p2a: Garganacl|67\/100|[from] item: Leftovers\n|-damage|p1a: Hatterene|88\/100|[from] Salt Cure\n|upkeep\n|turn|9\n|inactive|rewrite_361 has 120 seconds left.\n|\n|t:|1700752588\n|switch|p2a: Pelipper|Pelipper, M|100\/100\n|-weather|RainDance|[from] ability: Drizzle|[of] p2a: Pelipper\n|move|p1a: Hatterene|Draining Kiss|p2a: Pelipper\n|-damage|p2a: Pelipper|52\/100\n|-heal|p1a: Hatterene|100\/100|[from] drain|[of] p2a: Pelipper\n|\n|-weather|RainDance|[upkeep]\n|-damage|p1a: Hatterene|88\/100|[from] Salt Cure\n|upkeep\n|turn|10\n|l|\u2606Doinksalot\n|inactive|Doinksalot disconnected and has a minute to reconnect!\n|player|p2|\n|j|\u2606Doinksalot\n|inactive|Doinksalot reconnected and has 125 seconds left.\n|player|p2|Doinksalot|101\n|inactive|Doinksalot has 120 seconds left.\n|\n|t:|1700752617\n|move|p2a: Pelipper|U-turn|p1a: Hatterene\n|-damage|p1a: Hatterene|81\/100\n|\n|t:|1700752621\n|switch|p2a: Ogerpon|Ogerpon-Wellspring, F|100\/100|[from] U-turn\n|move|p1a: Hatterene|Draining Kiss|p2a: Ogerpon\n|-damage|p2a: Ogerpon|49\/100\n|-heal|p1a: Hatterene|100\/100|[from] drain|[of] p2a: Ogerpon\n|\n|-weather|RainDance|[upkeep]\n|-damage|p1a: Hatterene|88\/100|[from] Salt Cure\n|upkeep\n|turn|11\n|inactive|rewrite_361 has 120 seconds left.\n|inactive|rewrite_361 has 90 seconds left.\n|\n|t:|1700752671\n|move|p2a: Ogerpon|Knock Off|p1a: Hatterene\n|-damage|p1a: Hatterene|56\/100\n|-enditem|p1a: Hatterene|Leftovers|[from] move: Knock Off|[of] p2a: Ogerpon\n|move|p1a: Hatterene|Draining Kiss|p2a: Ogerpon\n|-damage|p2a: Ogerpon|0 fnt\n|-heal|p1a: Hatterene|90\/100|[from] drain|[of] p2a: Ogerpon\n|faint|p2a: Ogerpon\n|\n|-weather|RainDance|[upkeep]\n|-damage|p1a: Hatterene|78\/100|[from] Salt Cure\n|upkeep\n|inactive|Doinksalot has 120 seconds left.\n|c|\u2606rewrite_361|why not Ivy Cudgel?\n|\n|t:|1700752681\n|switch|p2a: Basculegion|Basculegion, M|100\/100\n|turn|12\n|\n|t:|1700752690\n|-terastallize|p1a: Hatterene|Water\n|move|p2a: Basculegion|Wave Crash|p1a: Hatterene\n|-resisted|p1a: Hatterene\n|-damage|p1a: Hatterene|23\/100\n|-damage|p2a: Basculegion|86\/100|[from] Recoil\n|move|p1a: Hatterene|Psyshock|p2a: Basculegion\n|-damage|p2a: Basculegion|0 fnt\n|faint|p2a: Basculegion\n|\n|-weather|RainDance|[upkeep]\n|-damage|p1a: Hatterene|0 fnt|[from] Salt Cure\n|faint|p1a: Hatterene\n|upkeep\n|\n|t:|1700752709\n|switch|p2a: Zapdos|Zapdos|100\/100\n|switch|p1a: Sandy Shocks|Sandy Shocks|100\/100\n|turn|13\n|\n|t:|1700752722\n|move|p1a: Sandy Shocks|Volt Switch|p2a: Zapdos\n|-damage|p2a: Zapdos|43\/100\n|\n|t:|1700752727\n|-end|p1a: Sandy Shocks|Protosynthesis|[silent]\n|switch|p1a: Weavile|Weavile, M|100\/100|[from] Volt Switch\n|-ability|p1a: Weavile|Pressure\n|move|p2a: Zapdos|Weather Ball|p1a: Weavile\n|-damage|p1a: Weavile|26\/100\n|\n|-weather|RainDance|[upkeep]\n|upkeep\n|turn|14\n|\n|t:|1700752740\n|switch|p2a: Garganacl|Garganacl, M|67\/100\n|move|p1a: Weavile|Knock Off|p2a: Garganacl\n|-damage|p2a: Garganacl|42\/100\n|-enditem|p2a: Garganacl|Leftovers|[from] move: Knock Off|[of] p1a: Weavile\n|\n|-weather|RainDance|[upkeep]\n|upkeep\n|turn|15\n|\n|t:|1700752746\n|move|p1a: Weavile|Icicle Spear|p2a: Garganacl\n|-damage|p2a: Garganacl|35\/100\n|-damage|p2a: Garganacl|28\/100\n|-damage|p2a: Garganacl|21\/100\n|-damage|p2a: Garganacl|14\/100\n|-damage|p2a: Garganacl|7\/100\n|-hitcount|p2a: Garganacl|5\n|move|p2a: Garganacl|Salt Cure|p1a: Weavile\n|-supereffective|p1a: Weavile\n|-damage|p1a: Weavile|0 fnt\n|faint|p1a: Weavile\n|\n|-weather|RainDance|[upkeep]\n|upkeep\n|\n|t:|1700752751\n|switch|p1a: Sandy Shocks|Sandy Shocks|100\/100\n|turn|16\n|\n|t:|1700752764\n|move|p1a: Sandy Shocks|Thunderbolt|p2a: Garganacl\n|-damage|p2a: Garganacl|0 fnt\n|faint|p2a: Garganacl\n|\n|-weather|none\n|upkeep\n|\n|t:|1700752769\n|switch|p2a: Volcanion|Volcanion|100\/100\n|turn|17\n|\n|t:|1700752778\n|-terastallize|p2a: Volcanion|Fairy\n|move|p1a: Sandy Shocks|Thunderbolt|p2a: Volcanion\n|-damage|p2a: Volcanion|19\/100\n|move|p2a: Volcanion|Steam Eruption|p1a: Sandy Shocks\n|-supereffective|p1a: Sandy Shocks\n|-damage|p1a: Sandy Shocks|0 fnt\n|faint|p1a: Sandy Shocks\n|-end|p1a: Sandy Shocks|Protosynthesis|[silent]\n|\n|upkeep\n|\n|t:|1700752785\n|switch|p1a: Slowking|Slowking-Galar, M|100\/100\n|turn|18\n|\n|t:|1700752793\n|switch|p2a: Pelipper|Pelipper, M|52\/100\n|-weather|RainDance|[from] ability: Drizzle|[of] p2a: Pelipper\n|move|p1a: Slowking|Future Sight|p2a: Pelipper\n|-start|p1a: Slowking|move: Future Sight\n|\n|-weather|RainDance|[upkeep]\n|upkeep\n|turn|19\n|\n|t:|1700752802\n|move|p2a: Pelipper|Surf|p1a: Slowking\n|-damage|p1a: Slowking|77\/100\n|move|p1a: Slowking|Sludge Bomb|p2a: Pelipper\n|-damage|p2a: Pelipper|11\/100\n|\n|-weather|RainDance|[upkeep]\n|upkeep\n|turn|20\n|\n|t:|1700752808\n|move|p2a: Pelipper|Roost|p2a: Pelipper\n|-heal|p2a: Pelipper|61\/100\n|-singleturn|p2a: Pelipper|move: Roost\n|move|p1a: Slowking|Sludge Bomb|p2a: Pelipper\n|-damage|p2a: Pelipper|19\/100\n|\n|-weather|RainDance|[upkeep]\n|-end|p2a: Pelipper|move: Future Sight\n|-damage|p2a: Pelipper|0 fnt\n|faint|p2a: Pelipper\n|upkeep\n|\n|t:|1700752820\n|switch|p2a: Volcanion|Volcanion, tera:Fairy|19\/100\n|turn|21\n|\n|t:|1700752823\n|move|p2a: Volcanion|Steam Eruption|p1a: Slowking\n|-damage|p1a: Slowking|30\/100\n|-status|p1a: Slowking|brn\n|move|p1a: Slowking|Sludge Bomb|p2a: Volcanion\n|-supereffective|p2a: Volcanion\n|-damage|p2a: Volcanion|0 fnt\n|faint|p2a: Volcanion\n|\n|-weather|RainDance|[upkeep]\n|-damage|p1a: Slowking|24\/100 brn|[from] brn\n|upkeep\n|\n|t:|1700752835\n|switch|p2a: Zapdos|Zapdos|43\/100\n|turn|22\n|\n|t:|1700752838\n|move|p2a: Zapdos|Thunder|p1a: Slowking\n|-damage|p1a: Slowking|0 fnt\n|faint|p1a: Slowking\n|\n|-weather|RainDance|[upkeep]\n|upkeep\n|\n|t:|1700752843\n|switch|p1a: Mandibuzz|Mandibuzz, F|100\/100\n|turn|23\n|\n|t:|1700752847\n|move|p2a: Zapdos|Thunder|p1a: Mandibuzz\n|-supereffective|p1a: Mandibuzz\n|-damage|p1a: Mandibuzz|13\/100\n|move|p1a: Mandibuzz|Foul Play|p2a: Zapdos\n|-damage|p2a: Zapdos|15\/100\n|\n|-weather|RainDance|[upkeep]\n|upkeep\n|turn|24\n|\n|t:|1700752853\n|move|p2a: Zapdos|Thunder|p1a: Mandibuzz\n|-supereffective|p1a: Mandibuzz\n|-damage|p1a: Mandibuzz|0 fnt\n|faint|p1a: Mandibuzz\n|\n|-weather|RainDance|[upkeep]\n|upkeep\n|\n|t:|1700752856\n|switch|p1a: Cinderace|Cinderace, F|100\/100\n|turn|25\n|\n|t:|1700752860\n|move|p1a: Cinderace|Sucker Punch||[still]\n|-fail|p1a: Cinderace\n|move|p2a: Zapdos|Roost|p2a: Zapdos\n|-heal|p2a: Zapdos|66\/100\n|-singleturn|p2a: Zapdos|move: Roost\n|\n|-weather|none\n|upkeep\n|turn|26\n|\n|t:|1700752872\n|move|p1a: Cinderace|Sucker Punch||[still]\n|-fail|p1a: Cinderace\n|move|p2a: Zapdos|Roost|p2a: Zapdos\n|-heal|p2a: Zapdos|100\/100\n|-singleturn|p2a: Zapdos|move: Roost\n|\n|upkeep\n|turn|27\n|\n|t:|1700752880\n|move|p1a: Cinderace|Sucker Punch|p2a: Zapdos\n|-start|p1a: Cinderace|typechange|Dark|[from] ability: Libero\n|-damage|p2a: Zapdos|34\/100\n|-status|p1a: Cinderace|par|[from] ability: Static|[of] p2a: Zapdos\n|move|p2a: Zapdos|Hurricane|p1a: Cinderace|[miss]\n|-miss|p2a: Zapdos|p1a: Cinderace\n|\n|upkeep\n|turn|28\n|-message|rewrite_361 forfeited.\n|\n|win|Doinksalot\n|raw|rewrite_361's rating: 1347 &rarr; <strong>1322<\/strong><br \/>(-25 for losing)\n|raw|Doinksalot's rating: 1259 &rarr; <strong>1290<\/strong><br \/>(+31 for winning)\n|l|\u2606rewrite_361\n","uploadtime":1700752890,"views":0,"p1id":"rewrite361","p2id":"doinksalot","formatid":"gen9ou","rating":1290,"private":0,"password":""}