{"id":"gen9ou-1995877928","p1":"Idontexist265","p2":"TheZalmancer","format":"[Gen 9] OU","log":"|j|\u2606Idontexist265\n|j|\u2606TheZalmancer\n|t:|1700612654\n|gametype|singles\n|player|p1|Idontexist265|265|1343\n|player|p2|TheZalmancer|skyla|1370\n|teamsize|p1|6\n|teamsize|p2|6\n|gen|9\n|tier|[Gen 9] OU\n|rated|\n|rule|Sleep Clause Mod: Limit one foe put to sleep\n|rule|Species Clause: Limit one of each Pok\u00e9mon\n|rule|OHKO Clause: OHKO moves are banned\n|rule|Evasion Items Clause: Evasion items are banned\n|rule|Evasion Moves Clause: Evasion moves are banned\n|rule|Endless Battle Clause: Forcing endless battles is banned\n|rule|HP Percentage Mod: HP is shown in percentages\n|clearpoke\n|poke|p1|Kingambit, M|\n|poke|p1|Dragapult, M|\n|poke|p1|Enamorus, F|\n|poke|p1|Great Tusk|\n|poke|p1|Gholdengo|\n|poke|p1|Samurott-Hisui, M|\n|poke|p2|Ogerpon-Wellspring, F|\n|poke|p2|Ninetales-Alola, F|\n|poke|p2|Corviknight, F|\n|poke|p2|Slowking-Galar, F|\n|poke|p2|Dragapult, F|\n|poke|p2|Zamazenta-*|\n|teampreview\n|\n|t:|1700612671\n|start\n|switch|p1a: Kingambit|Kingambit, M|100\/100\n|switch|p2a: Dragapult|Dragapult, F|100\/100\n|turn|1\n|\n|t:|1700612682\n|switch|p2a: Corviknight|Corviknight, F, shiny|100\/100\n|-ability|p2a: Corviknight|Pressure\n|move|p1a: Kingambit|Sucker Punch||[still]\n|-fail|p1a: Kingambit\n|\n|upkeep\n|turn|2\n|\n|t:|1700612691\n|move|p1a: Kingambit|Swords Dance|p1a: Kingambit\n|-boost|p1a: Kingambit|atk|2\n|move|p2a: Corviknight|U-turn|p1a: Kingambit\n|-damage|p1a: Kingambit|89\/100\n|\n|t:|1700612699\n|switch|p2a: Zamazenta|Zamazenta|100\/100|[from] U-turn\n|-ability|p2a: Zamazenta|Dauntless Shield|boost\n|-boost|p2a: Zamazenta|def|1\n|\n|upkeep\n|turn|3\n|\n|t:|1700612729\n|-end|p1a: Kingambit|fallenundefined|[silent]\n|switch|p1a: Dragapult|Dragapult, M|100\/100\n|move|p2a: Zamazenta|Crunch|p1a: Dragapult\n|-supereffective|p1a: Dragapult\n|-damage|p1a: Dragapult|0 fnt\n|faint|p1a: Dragapult\n|\n|upkeep\n|\n|t:|1700612735\n|switch|p1a: Enamorus|Enamorus, F|100\/100\n|turn|4\n|\n|t:|1700612765\n|switch|p2a: Slowking|Slowking-Galar, F|100\/100\n|move|p1a: Enamorus|Earth Power|p2a: Slowking\n|-supereffective|p2a: Slowking\n|-damage|p2a: Slowking|49\/100\n|\n|-heal|p2a: Slowking|55\/100|[from] item: Leftovers\n|upkeep\n|turn|5\n|\n|t:|1700612776\n|switch|p1a: Gholdengo|Gholdengo|100\/100\n|-item|p1a: Gholdengo|Air Balloon\n|move|p2a: Slowking|Trick Room|p2a: Slowking\n|-fieldstart|move: Trick Room|[of] p2a: Slowking\n|\n|-heal|p2a: Slowking|61\/100|[from] item: Leftovers\n|upkeep\n|turn|6\n|\n|t:|1700612786\n|-terastallize|p2a: Slowking|Ground\n|move|p2a: Slowking|Nasty Plot|p2a: Slowking\n|-boost|p2a: Slowking|spa|2\n|move|p1a: Gholdengo|Shadow Ball|p2a: Slowking\n|-damage|p2a: Slowking|27\/100\n|\n|-heal|p2a: Slowking|33\/100|[from] item: Leftovers\n|upkeep\n|turn|7\n|\n|t:|1700612801\n|switch|p1a: Samurott|Samurott-Hisui, M|100\/100\n|move|p2a: Slowking|Shadow Ball|p1a: Samurott\n|-resisted|p1a: Samurott\n|-damage|p1a: Samurott|62\/100\n|\n|-heal|p2a: Slowking|39\/100|[from] item: Leftovers\n|upkeep\n|turn|8\n|\n|t:|1700612810\n|switch|p2a: Corviknight|Corviknight, F, shiny|100\/100\n|-ability|p2a: Corviknight|Pressure\n|move|p1a: Samurott|Aqua Jet|p2a: Corviknight\n|-damage|p2a: Corviknight|88\/100\n|\n|-heal|p2a: Corviknight|94\/100|[from] item: Leftovers\n|upkeep\n|turn|9\n|\n|t:|1700612822\n|move|p2a: Corviknight|Body Press|p1a: Samurott\n|-supereffective|p1a: Samurott\n|-damage|p1a: Samurott|1\/100\n|move|p1a: Samurott|Ceaseless Edge|p2a: Corviknight\n|-damage|p2a: Corviknight|69\/100\n|-sidestart|p2: TheZalmancer|Spikes\n|\n|-heal|p2a: Corviknight|75\/100|[from] item: Leftovers\n|-fieldend|move: Trick Room\n|upkeep\n|turn|10\n|\n|t:|1700612832\n|move|p1a: Samurott|Ceaseless Edge|p2a: Corviknight\n|-damage|p2a: Corviknight|48\/100\n|-sidestart|p2: TheZalmancer|Spikes\n|move|p2a: Corviknight|U-turn|p1a: Samurott\n|-supereffective|p1a: Samurott\n|-damage|p1a: Samurott|0 fnt\n|faint|p1a: Samurott\n|\n|t:|1700612839\n|switch|p2a: Ninetales|Ninetales-Alola, F, shiny|100\/100|[from] U-turn\n|-damage|p2a: Ninetales|84\/100|[from] Spikes\n|-weather|Snow|[from] ability: Snow Warning|[of] p2a: Ninetales\n|\n|-weather|Snow|[upkeep]\n|upkeep\n|\n|t:|1700612846\n|switch|p1a: Kingambit|Kingambit, M|89\/100\n|-activate|p1a: Kingambit|ability: Supreme Overlord\n|-start|p1a: Kingambit|fallen2|[silent]\n|turn|11\n|\n|t:|1700612854\n|move|p2a: Ninetales|Aurora Veil|p2a: Ninetales\n|-sidestart|p2: TheZalmancer|move: Aurora Veil\n|move|p1a: Kingambit|Kowtow Cleave|p2a: Ninetales\n|-resisted|p2a: Ninetales\n|-damage|p2a: Ninetales|71\/100\n|\n|-weather|Snow|[upkeep]\n|upkeep\n|turn|12\n|\n|t:|1700612872\n|switch|p2a: Corviknight|Corviknight, F, shiny|48\/100\n|-ability|p2a: Corviknight|Pressure\n|move|p1a: Kingambit|Kowtow Cleave|p2a: Corviknight\n|-damage|p2a: Corviknight|27\/100\n|\n|-weather|Snow|[upkeep]\n|-heal|p2a: Corviknight|34\/100|[from] item: Leftovers\n|upkeep\n|turn|13\n|\n|t:|1700612889\n|-end|p1a: Kingambit|fallen2|[silent]\n|switch|p1a: Great Tusk|Great Tusk|100\/100\n|move|p2a: Corviknight|U-turn|p1a: Great Tusk\n|-resisted|p1a: Great Tusk\n|-crit|p1a: Great Tusk\n|-damage|p1a: Great Tusk|93\/100\n|\n|t:|1700612896\n|switch|p2a: Ogerpon|Ogerpon-Wellspring, F|100\/100|[from] U-turn\n|-damage|p2a: Ogerpon|84\/100|[from] Spikes\n|\n|-weather|Snow|[upkeep]\n|-heal|p1a: Great Tusk|99\/100|[from] item: Leftovers\n|upkeep\n|turn|14\n|\n|t:|1700612924\n|-terastallize|p1a: Great Tusk|Steel\n|move|p2a: Ogerpon|Swords Dance|p2a: Ogerpon\n|-boost|p2a: Ogerpon|atk|2\n|move|p1a: Great Tusk|Ice Spinner|p2a: Ogerpon\n|-damage|p2a: Ogerpon|65\/100\n|\n|-weather|none\n|-heal|p1a: Great Tusk|100\/100|[from] item: Leftovers\n|upkeep\n|turn|15\n|\n|t:|1700612932\n|move|p2a: Ogerpon|Brick Break|p1a: Great Tusk\n|-supereffective|p1a: Great Tusk\n|-damage|p1a: Great Tusk|15\/100\n|move|p1a: Great Tusk|Rapid Spin|p2a: Ogerpon\n|-damage|p2a: Ogerpon|53\/100\n|-boost|p1a: Great Tusk|spe|1\n|\n|-heal|p1a: Great Tusk|22\/100|[from] item: Leftovers\n|upkeep\n|turn|16\n|\n|t:|1700612940\n|move|p1a: Great Tusk|Ice Spinner|p2a: Ogerpon\n|-damage|p2a: Ogerpon|36\/100\n|move|p2a: Ogerpon|Horn Leech|p1a: Great Tusk\n|-resisted|p1a: Great Tusk\n|-damage|p1a: Great Tusk|0 fnt\n|-heal|p2a: Ogerpon|49\/100|[from] drain|[of] p1a: Great Tusk\n|faint|p1a: Great Tusk\n|-end|p1a: Great Tusk|Protosynthesis|[silent]\n|\n|upkeep\n|\n|t:|1700612944\n|switch|p1a: Kingambit|Kingambit, M|89\/100\n|-activate|p1a: Kingambit|ability: Supreme Overlord\n|-start|p1a: Kingambit|fallen3|[silent]\n|turn|17\n|\n|t:|1700612952\n|move|p1a: Kingambit|Sucker Punch|p2a: Ogerpon\n|-damage|p2a: Ogerpon|12\/100\n|move|p2a: Ogerpon|Brick Break|p1a: Kingambit\n|-supereffective|p1a: Kingambit\n|-damage|p1a: Kingambit|0 fnt\n|faint|p1a: Kingambit\n|-end|p1a: Kingambit|fallen3|[silent]\n|\n|upkeep\n|\n|t:|1700612961\n|switch|p1a: Enamorus|Enamorus, F|100\/100\n|turn|18\n|\n|t:|1700612977\n|move|p1a: Enamorus|Mystical Fire|p2a: Ogerpon\n|-damage|p2a: Ogerpon|0 fnt\n|faint|p2a: Ogerpon\n|\n|-sideend|p2: TheZalmancer|move: Aurora Veil\n|upkeep\n|\n|t:|1700612987\n|switch|p2a: Ninetales|Ninetales-Alola, F, shiny|71\/100\n|-damage|p2a: Ninetales|54\/100|[from] Spikes\n|-weather|Snow|[from] ability: Snow Warning|[of] p2a: Ninetales\n|turn|19\n|\n|t:|1700612992\n|move|p1a: Enamorus|Mystical Fire|p2a: Ninetales\n|-supereffective|p2a: Ninetales\n|-damage|p2a: Ninetales|0 fnt\n|faint|p2a: Ninetales\n|\n|-weather|Snow|[upkeep]\n|upkeep\n|\n|t:|1700613026\n|switch|p2a: Slowking|Slowking-Galar, F, tera:Ground|72\/100\n|-damage|p2a: Slowking|56\/100|[from] Spikes\n|turn|20\n|\n|t:|1700613034\n|switch|p1a: Gholdengo|Gholdengo|100\/100\n|-item|p1a: Gholdengo|Air Balloon\n|move|p2a: Slowking|Shadow Ball|p1a: Gholdengo\n|-supereffective|p1a: Gholdengo\n|-damage|p1a: Gholdengo|35\/100\n|-enditem|p1a: Gholdengo|Air Balloon\n|\n|-weather|Snow|[upkeep]\n|-heal|p2a: Slowking|62\/100|[from] item: Leftovers\n|upkeep\n|turn|21\n|\n|t:|1700613048\n|switch|p1a: Enamorus|Enamorus, F|100\/100\n|move|p2a: Slowking|Shadow Ball|p1a: Enamorus\n|-damage|p1a: Enamorus|64\/100\n|-unboost|p1a: Enamorus|spd|1\n|\n|-weather|Snow|[upkeep]\n|-heal|p2a: Slowking|68\/100|[from] item: Leftovers\n|upkeep\n|turn|22\n|\n|t:|1700613059\n|move|p1a: Enamorus|Moonblast|p2a: Slowking\n|-damage|p2a: Slowking|26\/100\n|move|p2a: Slowking|Trick Room|p2a: Slowking\n|-fieldstart|move: Trick Room|[of] p2a: Slowking\n|\n|-weather|Snow|[upkeep]\n|-heal|p2a: Slowking|32\/100|[from] item: Leftovers\n|upkeep\n|turn|23\n|\n|t:|1700613066\n|move|p2a: Slowking|Shadow Ball|p1a: Enamorus\n|-damage|p1a: Enamorus|2\/100\n|-unboost|p1a: Enamorus|spd|1\n|move|p1a: Enamorus|Moonblast|p2a: Slowking\n|-damage|p2a: Slowking|0 fnt\n|faint|p2a: Slowking\n|\n|-weather|none\n|upkeep\n|\n|t:|1700613076\n|switch|p2a: Corviknight|Corviknight, F, shiny|34\/100\n|-ability|p2a: Corviknight|Pressure\n|turn|24\n|\n|t:|1700613082\n|switch|p1a: Gholdengo|Gholdengo|35\/100\n|move|p2a: Corviknight|Iron Head|p1a: Gholdengo\n|-resisted|p1a: Gholdengo\n|-damage|p1a: Gholdengo|22\/100\n|\n|-heal|p2a: Corviknight|40\/100|[from] item: Leftovers\n|upkeep\n|turn|25\n|\n|t:|1700613090\n|move|p2a: Corviknight|Iron Head|p1a: Gholdengo\n|-resisted|p1a: Gholdengo\n|-damage|p1a: Gholdengo|8\/100\n|move|p1a: Gholdengo|Recover|p1a: Gholdengo\n|-heal|p1a: Gholdengo|59\/100\n|\n|-heal|p2a: Corviknight|46\/100|[from] item: Leftovers\n|upkeep\n|turn|26\n|\n|t:|1700613100\n|move|p2a: Corviknight|U-turn|p1a: Gholdengo\n|-resisted|p1a: Gholdengo\n|-damage|p1a: Gholdengo|54\/100\n|\n|t:|1700613107\n|switch|p2a: Zamazenta|Zamazenta|100\/100|[from] U-turn\n|-damage|p2a: Zamazenta|84\/100|[from] Spikes\n|move|p1a: Gholdengo|Shadow Ball|p2a: Zamazenta\n|-damage|p2a: Zamazenta|47\/100\n|\n|-fieldend|move: Trick Room\n|upkeep\n|turn|27\n|\n|t:|1700613117\n|move|p2a: Zamazenta|Crunch|p1a: Gholdengo\n|-supereffective|p1a: Gholdengo\n|-damage|p1a: Gholdengo|0 fnt\n|faint|p1a: Gholdengo\n|\n|upkeep\n|\n|t:|1700613119\n|switch|p1a: Enamorus|Enamorus, F|2\/100\n|turn|28\n|\n|t:|1700613126\n|move|p1a: Enamorus|Moonblast|p2a: Zamazenta\n|-supereffective|p2a: Zamazenta\n|-damage|p2a: Zamazenta|0 fnt\n|faint|p2a: Zamazenta\n|\n|upkeep\n|\n|t:|1700613132\n|switch|p2a: Dragapult|Dragapult, F|100\/100\n|-damage|p2a: Dragapult|84\/100|[from] Spikes\n|turn|29\n|\n|t:|1700613138\n|move|p1a: Enamorus|Moonblast|p2a: Dragapult\n|-supereffective|p2a: Dragapult\n|-damage|p2a: Dragapult|0 fnt\n|faint|p2a: Dragapult\n|\n|upkeep\n|\n|t:|1700613142\n|switch|p2a: Corviknight|Corviknight, F, shiny|46\/100\n|-ability|p2a: Corviknight|Pressure\n|turn|30\n|\n|t:|1700613146\n|move|p1a: Enamorus|Moonblast|p2a: Corviknight\n|-resisted|p2a: Corviknight\n|-damage|p2a: Corviknight|22\/100\n|move|p2a: Corviknight|Iron Head|p1a: Enamorus\n|-supereffective|p1a: Enamorus\n|-damage|p1a: Enamorus|0 fnt\n|faint|p1a: Enamorus\n|\n|win|TheZalmancer\n|raw|Idontexist265's rating: 1343 &rarr; <strong>1325<\/strong><br \/>(-18 for losing)\n|raw|TheZalmancer's rating: 1370 &rarr; <strong>1388<\/strong><br \/>(+18 for winning)\n|l|\u2606Idontexist265\n|c|\u2606TheZalmancer|ggs\n|c|\u2606TheZalmancer|you really tried it\n","uploadtime":1700613166,"views":9,"p1id":"idontexist265","p2id":"thezalmancer","formatid":"gen9ou","rating":1325,"private":0,"password":""}