{"id":"gen9ou-1992390517","p1":"BL153","p2":"ggabireu","format":"[Gen 9] OU","log":"|j|\u2606BL153\n|j|\u2606ggabireu\n|t:|1700182053\n|gametype|singles\n|player|p1|BL153|nate|1357\n|player|p2|ggabireu|dragontamer|1383\n|teamsize|p1|6\n|teamsize|p2|6\n|gen|9\n|tier|[Gen 9] OU\n|rated|\n|rule|Sleep Clause Mod: Limit one foe put to sleep\n|rule|Species Clause: Limit one of each Pok\u00e9mon\n|rule|OHKO Clause: OHKO moves are banned\n|rule|Evasion Items Clause: Evasion items are banned\n|rule|Evasion Moves Clause: Evasion moves are banned\n|rule|Endless Battle Clause: Forcing endless battles is banned\n|rule|HP Percentage Mod: HP is shown in percentages\n|clearpoke\n|poke|p1|Garganacl, M|\n|poke|p1|Iron Valiant|\n|poke|p1|Forretress, M|\n|poke|p1|Rotom-Wash|\n|poke|p1|Dragonite, M|\n|poke|p1|Gholdengo|\n|poke|p2|Samurott-Hisui, F|\n|poke|p2|Alomomola, F|\n|poke|p2|Ting-Lu|\n|poke|p2|Cinderace, F|\n|poke|p2|Dragapult, F|\n|poke|p2|Sneasler, M|\n|teampreview\n|c|\u2606BL153|hf\n|inactive|Battle timer is ON: inactive players will automatically lose when time's up. (requested by ggabireu)\n|\n|t:|1700182100\n|start\n|switch|p1a: Iron Valiant|Iron Valiant|100\/100\n|switch|p2a: Samurott|Samurott-Hisui, F|100\/100\n|-enditem|p1a: Iron Valiant|Booster Energy\n|-activate|p1a: Iron Valiant|ability: Quark Drive|[fromitem]\n|-start|p1a: Iron Valiant|quarkdrivespe\n|turn|1\n|\n|t:|1700182120\n|move|p1a: Iron Valiant|Moonblast|p2a: Samurott\n|-supereffective|p2a: Samurott\n|-enditem|p2a: Samurott|Focus Sash\n|-damage|p2a: Samurott|1\/100\n|move|p2a: Samurott|Ceaseless Edge|p1a: Iron Valiant\n|-resisted|p1a: Iron Valiant\n|-damage|p1a: Iron Valiant|87\/100\n|-sidestart|p1: BL153|Spikes\n|\n|upkeep\n|turn|2\n|\n|t:|1700182130\n|move|p2a: Samurott|Aqua Jet|p1a: Iron Valiant\n|-damage|p1a: Iron Valiant|64\/100\n|move|p1a: Iron Valiant|Moonblast|p2a: Samurott\n|-supereffective|p2a: Samurott\n|-damage|p2a: Samurott|0 fnt\n|faint|p2a: Samurott\n|\n|upkeep\n|\n|t:|1700182145\n|switch|p2a: furry bait|Cinderace, F|100\/100\n|turn|3\n|\n|t:|1700182152\n|-end|p1a: Iron Valiant|Quark Drive|[silent]\n|switch|p1a: Rotom|Rotom-Wash|100\/100\n|move|p2a: furry bait|Pyro Ball|p1a: Rotom\n|-resisted|p1a: Rotom\n|-damage|p1a: Rotom|83\/100\n|\n|-heal|p1a: Rotom|89\/100|[from] item: Leftovers\n|upkeep\n|turn|4\n|\n|t:|1700182160\n|switch|p2a: boo faloo|Ting-Lu|100\/100\n|-ability|p2a: boo faloo|Vessel of Ruin\n|move|p1a: Rotom|Volt Switch|p2a: boo faloo\n|-immune|p2a: boo faloo\n|\n|-heal|p1a: Rotom|95\/100|[from] item: Leftovers\n|upkeep\n|turn|5\n|\n|t:|1700182184\n|move|p1a: Rotom|Will-O-Wisp|p2a: boo faloo\n|-status|p2a: boo faloo|brn\n|move|p2a: boo faloo|Stealth Rock|p1a: Rotom\n|-sidestart|p1: BL153|move: Stealth Rock\n|\n|-heal|p1a: Rotom|100\/100|[from] item: Leftovers\n|-damage|p2a: boo faloo|94\/100 brn|[from] brn\n|upkeep\n|turn|6\n|\n|t:|1700182199\n|move|p1a: Rotom|Hydro Pump|p2a: boo faloo|[miss]\n|-miss|p1a: Rotom|p2a: boo faloo\n|move|p2a: boo faloo|Ruination|p1a: Rotom\n|-damage|p1a: Rotom|50\/100\n|\n|-heal|p1a: Rotom|57\/100|[from] item: Leftovers\n|-heal|p2a: boo faloo|100\/100 brn|[from] item: Leftovers\n|-damage|p2a: boo faloo|94\/100 brn|[from] brn\n|upkeep\n|turn|7\n|\n|t:|1700182205\n|move|p1a: Rotom|Hydro Pump|p2a: boo faloo\n|-supereffective|p2a: boo faloo\n|-damage|p2a: boo faloo|61\/100 brn\n|move|p2a: boo faloo|Whirlwind|p1a: Rotom\n|drag|p1a: Dragonite|Dragonite, M|100\/100\n|-damage|p1a: Dragonite|76\/100|[from] Stealth Rock\n|\n|-heal|p2a: boo faloo|67\/100 brn|[from] item: Leftovers\n|-damage|p2a: boo faloo|61\/100 brn|[from] brn\n|upkeep\n|turn|8\n|inactive|ggabireu has 120 seconds left.\n|\n|t:|1700182239\n|switch|p2a: spanky|Alomomola, F|100\/100\n|move|p1a: Dragonite|Ice Spinner|p2a: spanky\n|-resisted|p2a: spanky\n|-damage|p2a: spanky|93\/100\n|-damage|p1a: Dragonite|59\/100|[from] item: Rocky Helmet|[of] p2a: spanky\n|\n|upkeep\n|turn|9\n|inactive|ggabireu has 120 seconds left.\n|inactive|BL153 has 120 seconds left.\n|\n|t:|1700182283\n|switch|p1a: Garganacl|Garganacl, M|100\/100\n|-damage|p1a: Garganacl|88\/100|[from] Spikes\n|-damage|p1a: Garganacl|76\/100|[from] Stealth Rock\n|move|p2a: spanky|Wish|p2a: spanky\n|\n|-heal|p1a: Garganacl|82\/100|[from] item: Leftovers\n|upkeep\n|turn|10\n|\n|t:|1700182292\n|move|p2a: spanky|Flip Turn|p1a: Garganacl\n|-supereffective|p1a: Garganacl\n|-damage|p1a: Garganacl|64\/100\n|\n|t:|1700182296\n|switch|p2a: boo faloo|Ting-Lu|61\/100 brn|[from] Flip Turn\n|-ability|p2a: boo faloo|Vessel of Ruin\n|move|p1a: Garganacl|Iron Defense|p1a: Garganacl\n|-boost|p1a: Garganacl|def|2\n|\n|-heal|p2a: boo faloo|100\/100 brn|[from] move: Wish|[wisher] spanky\n|-heal|p1a: Garganacl|70\/100|[from] item: Leftovers\n|-damage|p2a: boo faloo|94\/100 brn|[from] brn\n|upkeep\n|turn|11\n|\n|t:|1700182303\n|move|p1a: Garganacl|Body Press|p2a: boo faloo\n|-supereffective|p2a: boo faloo\n|-damage|p2a: boo faloo|43\/100 brn\n|move|p2a: boo faloo|Whirlwind|p1a: Garganacl\n|drag|p1a: Iron Valiant|Iron Valiant|64\/100\n|-damage|p1a: Iron Valiant|52\/100|[from] Spikes\n|-damage|p1a: Iron Valiant|45\/100|[from] Stealth Rock\n|\n|-heal|p2a: boo faloo|49\/100 brn|[from] item: Leftovers\n|-damage|p2a: boo faloo|43\/100 brn|[from] brn\n|upkeep\n|turn|12\n|\n|t:|1700182315\n|switch|p2a: furry bait|Cinderace, F|100\/100\n|move|p1a: Iron Valiant|Close Combat|p2a: furry bait\n|-damage|p2a: furry bait|29\/100\n|-unboost|p1a: Iron Valiant|def|1\n|-unboost|p1a: Iron Valiant|spd|1\n|\n|upkeep\n|turn|13\n|inactive|BL153 has 120 seconds left.\n|\n|t:|1700182340\n|move|p2a: furry bait|U-turn|p1a: Iron Valiant\n|-resisted|p1a: Iron Valiant\n|-damage|p1a: Iron Valiant|36\/100\n|\n|t:|1700182345\n|switch|p2a: spanky|Alomomola, F|100\/100|[from] U-turn\n|move|p1a: Iron Valiant|Shadow Ball|p2a: spanky\n|-damage|p2a: spanky|73\/100\n|\n|upkeep\n|turn|14\n|\n|t:|1700182352\n|move|p1a: Iron Valiant|Moonblast|p2a: spanky\n|-damage|p2a: spanky|24\/100\n|-unboost|p2a: spanky|spa|1\n|move|p2a: spanky|Flip Turn|p1a: Iron Valiant\n|-damage|p1a: Iron Valiant|9\/100\n|\n|t:|1700182372\n|switch|p2a: dead mama jamma|Sneasler, M|100\/100|[from] Flip Turn\n|\n|upkeep\n|turn|15\n|\n|t:|1700182378\n|move|p2a: dead mama jamma|Close Combat|p1a: Iron Valiant\n|-resisted|p1a: Iron Valiant\n|-damage|p1a: Iron Valiant|0 fnt\n|-unboost|p2a: dead mama jamma|def|1\n|-unboost|p2a: dead mama jamma|spd|1\n|-enditem|p2a: dead mama jamma|White Herb\n|-clearnegativeboost|p2a: dead mama jamma|[silent]\n|faint|p1a: Iron Valiant\n|-end|p1a: Iron Valiant|Quark Drive|[silent]\n|\n|upkeep\n|\n|t:|1700182384\n|switch|p1a: Gholdengo|Gholdengo|100\/100\n|-damage|p1a: Gholdengo|88\/100|[from] Spikes\n|-damage|p1a: Gholdengo|82\/100|[from] Stealth Rock\n|turn|16\n|\n|t:|1700182398\n|switch|p2a: boo faloo|Ting-Lu|43\/100 brn\n|-ability|p2a: boo faloo|Vessel of Ruin\n|move|p1a: Gholdengo|Shadow Ball|p2a: boo faloo\n|-resisted|p2a: boo faloo\n|-damage|p2a: boo faloo|32\/100 brn\n|-unboost|p2a: boo faloo|spd|1\n|\n|-heal|p2a: boo faloo|39\/100 brn|[from] item: Leftovers\n|-damage|p2a: boo faloo|32\/100 brn|[from] brn\n|upkeep\n|turn|17\n|\n|t:|1700182417\n|move|p1a: Gholdengo|Shadow Ball|p2a: boo faloo\n|-resisted|p2a: boo faloo\n|-damage|p2a: boo faloo|17\/100 brn\n|move|p2a: boo faloo|Ruination|p1a: Gholdengo\n|-damage|p1a: Gholdengo|41\/100\n|\n|-heal|p2a: boo faloo|23\/100 brn|[from] item: Leftovers\n|-damage|p2a: boo faloo|17\/100 brn|[from] brn\n|upkeep\n|turn|18\n|\n|t:|1700182430\n|move|p1a: Gholdengo|Shadow Ball|p2a: boo faloo\n|-resisted|p2a: boo faloo\n|-damage|p2a: boo faloo|1\/100 brn\n|move|p2a: boo faloo|Earthquake|p1a: Gholdengo\n|-supereffective|p1a: Gholdengo\n|-damage|p1a: Gholdengo|1\/100\n|\n|-heal|p2a: boo faloo|8\/100 brn|[from] item: Leftovers\n|-damage|p2a: boo faloo|1\/100 brn|[from] brn\n|upkeep\n|turn|19\n|\n|t:|1700182450\n|move|p1a: Gholdengo|Shadow Ball|p2a: boo faloo\n|-resisted|p2a: boo faloo\n|-damage|p2a: boo faloo|0 fnt\n|faint|p2a: boo faloo\n|\n|upkeep\n|\n|t:|1700182454\n|switch|p2a: bad mom|Dragapult, F|100\/100\n|turn|20\n|\n|t:|1700182464\n|move|p2a: bad mom|U-turn|p1a: Gholdengo\n|-resisted|p1a: Gholdengo\n|-damage|p1a: Gholdengo|0 fnt\n|faint|p1a: Gholdengo\n|\n|t:|1700182466\n|switch|p2a: spanky|Alomomola, F|57\/100|[from] U-turn\n|\n|upkeep\n|\n|t:|1700182479\n|switch|p1a: Garganacl|Garganacl, M|70\/100\n|-damage|p1a: Garganacl|57\/100|[from] Spikes\n|-damage|p1a: Garganacl|45\/100|[from] Stealth Rock\n|turn|21\n|\n|t:|1700182488\n|-terastallize|p1a: Garganacl|Water\n|move|p2a: spanky|Scald|p1a: Garganacl\n|-resisted|p1a: Garganacl\n|-damage|p1a: Garganacl|41\/100\n|move|p1a: Garganacl|Recover|p1a: Garganacl\n|-heal|p1a: Garganacl|91\/100\n|\n|-heal|p1a: Garganacl|97\/100|[from] item: Leftovers\n|upkeep\n|turn|22\n|\n|t:|1700182512\n|move|p2a: spanky|Wish|p2a: spanky\n|move|p1a: Garganacl|Iron Defense|p1a: Garganacl\n|-boost|p1a: Garganacl|def|2\n|\n|-heal|p1a: Garganacl|100\/100|[from] item: Leftovers\n|upkeep\n|turn|23\n|\n|t:|1700182515\n|move|p2a: spanky|Flip Turn|p1a: Garganacl\n|-resisted|p1a: Garganacl\n|-damage|p1a: Garganacl|98\/100\n|\n|t:|1700182518\n|switch|p2a: bad mom|Dragapult, F|100\/100|[from] Flip Turn\n|move|p1a: Garganacl|Salt Cure|p2a: bad mom\n|-damage|p2a: bad mom|82\/100\n|-start|p2a: bad mom|Salt Cure\n|\n|-heal|p2a: bad mom|100\/100|[from] move: Wish|[wisher] spanky\n|-heal|p1a: Garganacl|100\/100|[from] item: Leftovers\n|-damage|p2a: bad mom|88\/100|[from] Salt Cure\n|upkeep\n|turn|24\n|\n|t:|1700182532\n|move|p2a: bad mom|U-turn|p1a: Garganacl\n|-damage|p1a: Garganacl|95\/100\n|\n|t:|1700182535\n|switch|p2a: spanky|Alomomola, F|90\/100|[from] U-turn\n|move|p1a: Garganacl|Iron Defense|p1a: Garganacl\n|-boost|p1a: Garganacl|def|2\n|\n|-heal|p1a: Garganacl|100\/100|[from] item: Leftovers\n|upkeep\n|turn|25\n|\n|t:|1700182543\n|move|p2a: spanky|Flip Turn|p1a: Garganacl\n|-resisted|p1a: Garganacl\n|-damage|p1a: Garganacl|99\/100\n|\n|t:|1700182546\n|switch|p2a: bad mom|Dragapult, F|88\/100|[from] Flip Turn\n|move|p1a: Garganacl|Body Press|p2a: bad mom\n|-immune|p2a: bad mom\n|\n|-heal|p1a: Garganacl|100\/100|[from] item: Leftovers\n|upkeep\n|turn|26\n|\n|t:|1700182551\n|move|p2a: bad mom|Draco Meteor|p1a: Garganacl\n|-damage|p1a: Garganacl|43\/100\n|-unboost|p2a: bad mom|spa|2\n|move|p1a: Garganacl|Salt Cure|p2a: bad mom\n|-crit|p2a: bad mom\n|-damage|p2a: bad mom|59\/100\n|-start|p2a: bad mom|Salt Cure\n|\n|-heal|p1a: Garganacl|49\/100|[from] item: Leftovers\n|-damage|p2a: bad mom|46\/100|[from] Salt Cure\n|upkeep\n|turn|27\n|\n|t:|1700182559\n|switch|p2a: spanky|Alomomola, F|100\/100\n|move|p1a: Garganacl|Recover|p1a: Garganacl\n|-heal|p1a: Garganacl|99\/100\n|\n|-heal|p1a: Garganacl|100\/100|[from] item: Leftovers\n|upkeep\n|turn|28\n|\n|t:|1700182563\n|move|p2a: spanky|Wish|p2a: spanky\n|move|p1a: Garganacl|Salt Cure|p2a: spanky\n|-damage|p2a: spanky|93\/100\n|-start|p2a: spanky|Salt Cure\n|\n|-damage|p2a: spanky|68\/100|[from] Salt Cure\n|upkeep\n|turn|29\n|\n|t:|1700182581\n|move|p2a: spanky|Flip Turn|p1a: Garganacl\n|-resisted|p1a: Garganacl\n|-damage|p1a: Garganacl|99\/100\n|\n|t:|1700182585\n|switch|p2a: bad mom|Dragapult, F|46\/100|[from] Flip Turn\n|move|p1a: Garganacl|Salt Cure|p2a: bad mom\n|-damage|p2a: bad mom|27\/100\n|-start|p2a: bad mom|Salt Cure\n|\n|-heal|p2a: bad mom|100\/100|[from] move: Wish|[wisher] spanky\n|-heal|p1a: Garganacl|100\/100|[from] item: Leftovers\n|-damage|p2a: bad mom|88\/100|[from] Salt Cure\n|upkeep\n|turn|30\n|\n|t:|1700182604\n|move|p2a: bad mom|Draco Meteor|p1a: Garganacl\n|-damage|p1a: Garganacl|45\/100\n|-unboost|p2a: bad mom|spa|2\n|move|p1a: Garganacl|Salt Cure|p2a: bad mom\n|-damage|p2a: bad mom|70\/100\n|\n|-heal|p1a: Garganacl|51\/100|[from] item: Leftovers\n|-damage|p2a: bad mom|58\/100|[from] Salt Cure\n|upkeep\n|turn|31\n|\n|t:|1700182615\n|switch|p2a: spanky|Alomomola, F|100\/100\n|move|p1a: Garganacl|Recover|p1a: Garganacl\n|-heal|p1a: Garganacl|100\/100\n|\n|upkeep\n|turn|32\n|\n|t:|1700182622\n|move|p2a: spanky|Wish|p2a: spanky\n|move|p1a: Garganacl|Body Press|p2a: spanky\n|-damage|p2a: spanky|59\/100\n|-damage|p1a: Garganacl|84\/100|[from] item: Rocky Helmet|[of] p2a: spanky\n|\n|-heal|p1a: Garganacl|90\/100|[from] item: Leftovers\n|upkeep\n|turn|33\n|\n|t:|1700182630\n|move|p2a: spanky|Scald|p1a: Garganacl\n|-resisted|p1a: Garganacl\n|-damage|p1a: Garganacl|86\/100\n|move|p1a: Garganacl|Salt Cure|p2a: spanky\n|-damage|p2a: spanky|52\/100\n|-start|p2a: spanky|Salt Cure\n|\n|-heal|p2a: spanky|100\/100|[from] move: Wish|[wisher] spanky\n|-heal|p1a: Garganacl|92\/100|[from] item: Leftovers\n|-damage|p2a: spanky|76\/100|[from] Salt Cure\n|upkeep\n|turn|34\n|\n|t:|1700182637\n|move|p2a: spanky|Wish|p2a: spanky\n|move|p1a: Garganacl|Iron Defense|p1a: Garganacl\n|-boost|p1a: Garganacl|def|2\n|\n|-heal|p1a: Garganacl|98\/100|[from] item: Leftovers\n|-damage|p2a: spanky|51\/100|[from] Salt Cure\n|upkeep\n|turn|35\n|\n|t:|1700182652\n|move|p2a: spanky|Flip Turn|p1a: Garganacl\n|-resisted|p1a: Garganacl\n|-damage|p1a: Garganacl|97\/100\n|\n|t:|1700182657\n|switch|p2a: bad mom|Dragapult, F|58\/100|[from] Flip Turn\n|move|p1a: Garganacl|Salt Cure|p2a: bad mom\n|-damage|p2a: bad mom|40\/100\n|-start|p2a: bad mom|Salt Cure\n|\n|-heal|p2a: bad mom|100\/100|[from] move: Wish|[wisher] spanky\n|-heal|p1a: Garganacl|100\/100|[from] item: Leftovers\n|-damage|p2a: bad mom|88\/100|[from] Salt Cure\n|upkeep\n|turn|36\n|\n|t:|1700182677\n|move|p2a: bad mom|Draco Meteor|p1a: Garganacl\n|-damage|p1a: Garganacl|43\/100\n|-unboost|p2a: bad mom|spa|2\n|move|p1a: Garganacl|Salt Cure|p2a: bad mom\n|-crit|p2a: bad mom\n|-damage|p2a: bad mom|58\/100\n|\n|-heal|p1a: Garganacl|50\/100|[from] item: Leftovers\n|-damage|p2a: bad mom|46\/100|[from] Salt Cure\n|upkeep\n|turn|37\n|\n|t:|1700182699\n|switch|p2a: spanky|Alomomola, F|84\/100\n|move|p1a: Garganacl|Recover|p1a: Garganacl\n|-heal|p1a: Garganacl|99\/100\n|\n|-heal|p1a: Garganacl|100\/100|[from] item: Leftovers\n|upkeep\n|turn|38\n|\n|t:|1700182703\n|move|p2a: spanky|Wish|p2a: spanky\n|move|p1a: Garganacl|Body Press|p2a: spanky\n|-damage|p2a: spanky|34\/100\n|-damage|p1a: Garganacl|84\/100|[from] item: Rocky Helmet|[of] p2a: spanky\n|\n|-heal|p1a: Garganacl|90\/100|[from] item: Leftovers\n|upkeep\n|turn|39\n|\n|t:|1700182708\n|move|p2a: spanky|Flip Turn|p1a: Garganacl\n|-resisted|p1a: Garganacl\n|-damage|p1a: Garganacl|89\/100\n|\n|t:|1700182710\n|switch|p2a: bad mom|Dragapult, F|46\/100|[from] Flip Turn\n|move|p1a: Garganacl|Salt Cure|p2a: bad mom\n|-crit|p2a: bad mom\n|-damage|p2a: bad mom|17\/100\n|-start|p2a: bad mom|Salt Cure\n|\n|-heal|p2a: bad mom|100\/100|[from] move: Wish|[wisher] spanky\n|-heal|p1a: Garganacl|95\/100|[from] item: Leftovers\n|-damage|p2a: bad mom|88\/100|[from] Salt Cure\n|upkeep\n|turn|40\n|\n|t:|1700182719\n|move|p2a: bad mom|Draco Meteor|p1a: Garganacl|[miss]\n|-miss|p2a: bad mom|p1a: Garganacl\n|move|p1a: Garganacl|Body Press|p2a: bad mom\n|-immune|p2a: bad mom\n|\n|-heal|p1a: Garganacl|100\/100|[from] item: Leftovers\n|-damage|p2a: bad mom|76\/100|[from] Salt Cure\n|upkeep\n|turn|41\n|\n|t:|1700182725\n|move|p2a: bad mom|Draco Meteor|p1a: Garganacl\n|-damage|p1a: Garganacl|36\/100\n|-unboost|p2a: bad mom|spa|2\n|move|p1a: Garganacl|Salt Cure|p2a: bad mom\n|-damage|p2a: bad mom|56\/100\n|\n|-heal|p1a: Garganacl|42\/100|[from] item: Leftovers\n|-damage|p2a: bad mom|43\/100|[from] Salt Cure\n|upkeep\n|turn|42\n|\n|t:|1700182732\n|switch|p2a: spanky|Alomomola, F|67\/100\n|move|p1a: Garganacl|Recover|p1a: Garganacl\n|-heal|p1a: Garganacl|92\/100\n|\n|-heal|p1a: Garganacl|98\/100|[from] item: Leftovers\n|upkeep\n|turn|43\n|inactive|BL153 has 120 seconds left.\n|\n|t:|1700182767\n|move|p2a: spanky|Wish|p2a: spanky\n|move|p1a: Garganacl|Salt Cure|p2a: spanky\n|-damage|p2a: spanky|60\/100\n|-start|p2a: spanky|Salt Cure\n|\n|-heal|p1a: Garganacl|100\/100|[from] item: Leftovers\n|-damage|p2a: spanky|35\/100|[from] Salt Cure\n|upkeep\n|turn|44\n|\n|t:|1700182771\n|move|p2a: spanky|Flip Turn|p1a: Garganacl\n|-resisted|p1a: Garganacl\n|-damage|p1a: Garganacl|99\/100\n|\n|t:|1700182773\n|switch|p2a: bad mom|Dragapult, F|43\/100|[from] Flip Turn\n|move|p1a: Garganacl|Salt Cure|p2a: bad mom\n|-damage|p2a: bad mom|23\/100\n|-start|p2a: bad mom|Salt Cure\n|\n|-heal|p2a: bad mom|100\/100|[from] move: Wish|[wisher] spanky\n|-heal|p1a: Garganacl|100\/100|[from] item: Leftovers\n|-damage|p2a: bad mom|88\/100|[from] Salt Cure\n|upkeep\n|turn|45\n|\n|t:|1700182779\n|move|p2a: bad mom|Draco Meteor|p1a: Garganacl\n|-damage|p1a: Garganacl|40\/100\n|-unboost|p2a: bad mom|spa|2\n|move|p1a: Garganacl|Salt Cure|p2a: bad mom\n|-damage|p2a: bad mom|67\/100\n|\n|-heal|p1a: Garganacl|46\/100|[from] item: Leftovers\n|-damage|p2a: bad mom|55\/100|[from] Salt Cure\n|upkeep\n|turn|46\n|\n|t:|1700182786\n|switch|p2a: spanky|Alomomola, F|68\/100\n|move|p1a: Garganacl|Salt Cure|p2a: spanky\n|-damage|p2a: spanky|60\/100\n|-start|p2a: spanky|Salt Cure\n|\n|-heal|p1a: Garganacl|52\/100|[from] item: Leftovers\n|-damage|p2a: spanky|35\/100|[from] Salt Cure\n|upkeep\n|turn|47\n|\n|t:|1700182807\n|move|p2a: spanky|Flip Turn|p1a: Garganacl\n|-resisted|p1a: Garganacl\n|-damage|p1a: Garganacl|51\/100\n|\n|t:|1700182810\n|switch|p2a: bad mom|Dragapult, F|55\/100|[from] Flip Turn\n|move|p1a: Garganacl|Salt Cure|p2a: bad mom\n|-damage|p2a: bad mom|38\/100\n|-start|p2a: bad mom|Salt Cure\n|\n|-heal|p1a: Garganacl|58\/100|[from] item: Leftovers\n|-damage|p2a: bad mom|25\/100|[from] Salt Cure\n|upkeep\n|turn|48\n|inactive|BL153 has 120 seconds left.\n|\n|t:|1700182866\n|switch|p1a: Dragonite|Dragonite, M|59\/100\n|-damage|p1a: Dragonite|34\/100|[from] Stealth Rock\n|move|p2a: bad mom|Draco Meteor|p1a: Dragonite|[miss]\n|-miss|p2a: bad mom|p1a: Dragonite\n|\n|-damage|p2a: bad mom|13\/100|[from] Salt Cure\n|upkeep\n|turn|49\n|\n|t:|1700182877\n|switch|p2a: spanky|Alomomola, F|69\/100\n|move|p1a: Dragonite|Earthquake|p2a: spanky\n|-crit|p2a: spanky\n|-damage|p2a: spanky|41\/100\n|\n|upkeep\n|turn|50\n|\n|t:|1700182886\n|switch|p1a: Rotom|Rotom-Wash|57\/100\n|-damage|p1a: Rotom|44\/100|[from] Stealth Rock\n|move|p2a: spanky|Wish|p2a: spanky\n|\n|-heal|p1a: Rotom|50\/100|[from] item: Leftovers\n|upkeep\n|turn|51\n|\n|t:|1700182896\n|move|p2a: spanky|Protect|p2a: spanky\n|-singleturn|p2a: spanky|Protect\n|move|p1a: Rotom|Volt Switch|p2a: spanky\n|-activate|p2a: spanky|move: Protect\n|\n|-heal|p2a: spanky|91\/100|[from] move: Wish|[wisher] spanky\n|-heal|p1a: Rotom|57\/100|[from] item: Leftovers\n|upkeep\n|turn|52\n|\n|t:|1700182915\n|move|p1a: Rotom|Volt Switch|p2a: spanky\n|-supereffective|p2a: spanky\n|-damage|p2a: spanky|31\/100\n|\n|t:|1700182919\n|switch|p1a: Garganacl|Garganacl, M, tera:Water|58\/100|[from] Volt Switch\n|-damage|p1a: Garganacl|45\/100|[from] Spikes\n|-damage|p1a: Garganacl|33\/100|[from] Stealth Rock\n|move|p2a: spanky|Wish|p2a: spanky\n|\n|-heal|p1a: Garganacl|39\/100|[from] item: Leftovers\n|upkeep\n|turn|53\n|\n|t:|1700182928\n|move|p2a: spanky|Flip Turn|p1a: Garganacl\n|-resisted|p1a: Garganacl\n|-damage|p1a: Garganacl|34\/100\n|\n|t:|1700182931\n|switch|p2a: bad mom|Dragapult, F|13\/100|[from] Flip Turn\n|move|p1a: Garganacl|Salt Cure|p2a: bad mom\n|-damage|p2a: bad mom|0 fnt\n|faint|p2a: bad mom\n|\n|-heal|p1a: Garganacl|41\/100|[from] item: Leftovers\n|upkeep\n|\n|t:|1700182945\n|switch|p2a: dead mama jamma|Sneasler, M|100\/100\n|turn|54\n|\n|t:|1700182963\n|move|p2a: dead mama jamma|Swords Dance|p2a: dead mama jamma\n|-boost|p2a: dead mama jamma|atk|2\n|move|p1a: Garganacl|Recover|p1a: Garganacl\n|-heal|p1a: Garganacl|91\/100\n|\n|-heal|p1a: Garganacl|97\/100|[from] item: Leftovers\n|upkeep\n|turn|55\n|\n|t:|1700182971\n|move|p2a: dead mama jamma|Dire Claw|p1a: Garganacl\n|-damage|p1a: Garganacl|49\/100\n|move|p1a: Garganacl|Iron Defense|p1a: Garganacl\n|-boost|p1a: Garganacl|def|2\n|\n|-heal|p1a: Garganacl|55\/100|[from] item: Leftovers\n|upkeep\n|turn|56\n|\n|t:|1700182978\n|move|p2a: dead mama jamma|Dire Claw|p1a: Garganacl\n|-damage|p1a: Garganacl|28\/100\n|move|p1a: Garganacl|Recover|p1a: Garganacl\n|-heal|p1a: Garganacl|78\/100\n|\n|-heal|p1a: Garganacl|84\/100|[from] item: Leftovers\n|upkeep\n|turn|57\n|\n|t:|1700182988\n|move|p2a: dead mama jamma|Swords Dance|p2a: dead mama jamma\n|-boost|p2a: dead mama jamma|atk|2\n|move|p1a: Garganacl|Iron Defense|p1a: Garganacl\n|-boost|p1a: Garganacl|def|2\n|\n|-heal|p1a: Garganacl|90\/100|[from] item: Leftovers\n|upkeep\n|turn|58\n|\n|t:|1700182995\n|move|p2a: dead mama jamma|Dire Claw|p1a: Garganacl\n|-damage|p1a: Garganacl|65\/100\n|move|p1a: Garganacl|Iron Defense|p1a: Garganacl\n|-boost|p1a: Garganacl|def|2\n|\n|-heal|p1a: Garganacl|72\/100|[from] item: Leftovers\n|upkeep\n|turn|59\n|\n|t:|1700183024\n|move|p2a: dead mama jamma|Dire Claw|p1a: Garganacl\n|-damage|p1a: Garganacl|50\/100\n|move|p1a: Garganacl|Body Press|p2a: dead mama jamma\n|-resisted|p2a: dead mama jamma\n|-damage|p2a: dead mama jamma|16\/100\n|\n|-heal|p1a: Garganacl|57\/100|[from] item: Leftovers\n|upkeep\n|turn|60\n|inactive|ggabireu has 120 seconds left.\n|\n|t:|1700183045\n|-terastallize|p2a: dead mama jamma|Flying\n|move|p2a: dead mama jamma|Acrobatics|p1a: Garganacl\n|-damage|p1a: Garganacl|32\/100\n|move|p1a: Garganacl|Body Press|p2a: dead mama jamma\n|-resisted|p2a: dead mama jamma\n|-damage|p2a: dead mama jamma|0 fnt\n|faint|p2a: dead mama jamma\n|\n|-heal|p1a: Garganacl|38\/100|[from] item: Leftovers\n|upkeep\n|c|\u2606BL153|Garg is so fair :]\n|-message|ggabireu forfeited.\n|\n|win|BL153\n|raw|BL153's rating: 1357 &rarr; <strong>1378<\/strong><br \/>(+21 for winning)\n|raw|ggabireu's rating: 1383 &rarr; <strong>1362<\/strong><br \/>(-21 for losing)\n|l|\u2606ggabireu\n","uploadtime":1700183060,"views":15,"p1id":"bl153","p2id":"ggabireu","formatid":"gen9ou","rating":1362,"private":0,"password":""}