{"id":"gen9ou-1997635352","p1":"Invincible43","p2":"RUMYMOME","format":"[Gen 9] OU","log":"|j|\u2606Invincible43\n|j|\u2606RUMYMOME\n|inactive|Battle timer is ON: inactive players will automatically lose when time's up.\n|t:|1700835760\n|gametype|singles\n|player|p1|Invincible43|shadowtriad|\n|player|p2|RUMYMOME|marshal|\n|teamsize|p1|5\n|teamsize|p2|6\n|gen|9\n|tier|[Gen 9] OU\n|rated|Tournament battle\n|rule|Sleep Clause Mod: Limit one foe put to sleep\n|rule|Species Clause: Limit one of each Pok\u00e9mon\n|rule|OHKO Clause: OHKO moves are banned\n|rule|Evasion Items Clause: Evasion items are banned\n|rule|Evasion Moves Clause: Evasion moves are banned\n|rule|Endless Battle Clause: Forcing endless battles is banned\n|rule|HP Percentage Mod: HP is shown in percentages\n|rule|Category Swap Mod: All physical moves become special, and vice versa\n|rule|Flipped Mod: Pokemon have their stats flipped (HP becomes Spe, vice versa).\n|clearpoke\n|poke|p1|Zamazenta-*|\n|poke|p1|Ogerpon-Wellspring, F|\n|poke|p1|Ceruledge, M|\n|poke|p1|Rillaboom, F|\n|poke|p1|Dragapult, F|\n|poke|p2|Great Tusk|\n|poke|p2|Ting-Lu|\n|poke|p2|Gholdengo|\n|poke|p2|Iron Hands|\n|poke|p2|Okidogi, M|\n|poke|p2|Braviary-Hisui, M|\n|teampreview\n|j|*Lady Monita \u2746\n|j| Crown Oji\n|inactive|RUMYMOME has 120 seconds left.\n|\n|t:|1700835810\n|start\n|switch|p1a: Zamazenta|Zamazenta|100\/100\n|switch|p2a: Great Tusk|Great Tusk|100\/100\n|turn|1\n|\n|t:|1700835825\n|move|p1a: Zamazenta|Close Combat|p2a: Great Tusk\n|-damage|p2a: Great Tusk|66\/100\n|-boost|p1a: Zamazenta|def|1\n|-boost|p1a: Zamazenta|spd|1\n|move|p2a: Great Tusk|Headlong Rush|p1a: Zamazenta\n|-damage|p1a: Zamazenta|76\/100\n|-boost|p2a: Great Tusk|def|1\n|-boost|p2a: Great Tusk|spd|1\n|\n|-heal|p2a: Great Tusk|72\/100|[from] item: Leftovers\n|upkeep\n|turn|2\n|\n|t:|1700835832\n|move|p1a: Zamazenta|Close Combat|p2a: Great Tusk\n|-damage|p2a: Great Tusk|48\/100\n|-boost|p1a: Zamazenta|def|1\n|-boost|p1a: Zamazenta|spd|1\n|move|p2a: Great Tusk|Headlong Rush|p1a: Zamazenta\n|-damage|p1a: Zamazenta|59\/100\n|-boost|p2a: Great Tusk|def|1\n|-boost|p2a: Great Tusk|spd|1\n|\n|-heal|p2a: Great Tusk|54\/100|[from] item: Leftovers\n|upkeep\n|turn|3\n|\n|t:|1700835837\n|move|p1a: Zamazenta|Ice Fang|p2a: Great Tusk\n|-supereffective|p2a: Great Tusk\n|-damage|p2a: Great Tusk|40\/100\n|move|p2a: Great Tusk|Headlong Rush|p1a: Zamazenta\n|-damage|p1a: Zamazenta|39\/100\n|-boost|p2a: Great Tusk|def|1\n|-boost|p2a: Great Tusk|spd|1\n|\n|-heal|p2a: Great Tusk|47\/100|[from] item: Leftovers\n|upkeep\n|turn|4\n|\n|t:|1700835841\n|move|p1a: Zamazenta|Close Combat|p2a: Great Tusk\n|-damage|p2a: Great Tusk|33\/100\n|-boost|p1a: Zamazenta|def|1\n|-boost|p1a: Zamazenta|spd|1\n|move|p2a: Great Tusk|Headlong Rush|p1a: Zamazenta\n|-damage|p1a: Zamazenta|24\/100\n|-boost|p2a: Great Tusk|def|1\n|-boost|p2a: Great Tusk|spd|1\n|\n|-heal|p2a: Great Tusk|39\/100|[from] item: Leftovers\n|upkeep\n|turn|5\n|\n|t:|1700835848\n|move|p1a: Zamazenta|Close Combat|p2a: Great Tusk\n|-damage|p2a: Great Tusk|29\/100\n|-boost|p1a: Zamazenta|def|1\n|-boost|p1a: Zamazenta|spd|1\n|move|p2a: Great Tusk|Headlong Rush|p1a: Zamazenta\n|-damage|p1a: Zamazenta|12\/100\n|-boost|p2a: Great Tusk|def|1\n|-boost|p2a: Great Tusk|spd|1\n|\n|-heal|p2a: Great Tusk|35\/100|[from] item: Leftovers\n|upkeep\n|turn|6\n|\n|t:|1700835853\n|move|p1a: Zamazenta|Play Rough|p2a: Great Tusk\n|-supereffective|p2a: Great Tusk\n|-damage|p2a: Great Tusk|22\/100\n|move|p2a: Great Tusk|Close Combat|p1a: Zamazenta\n|-crit|p1a: Zamazenta\n|-damage|p1a: Zamazenta|0 fnt\n|-boost|p2a: Great Tusk|def|1\n|-boost|p2a: Great Tusk|spd|1\n|faint|p1a: Zamazenta\n|\n|-heal|p2a: Great Tusk|28\/100|[from] item: Leftovers\n|upkeep\n|\n|t:|1700835865\n|switch|p1a: Ogerpon|Ogerpon-Wellspring, F|100\/100\n|turn|7\n|\n|t:|1700835869\n|move|p1a: Ogerpon|Ivy Cudgel|p2a: Great Tusk|[anim] Ivy Cudgel Water\n|-supereffective|p2a: Great Tusk\n|-damage|p2a: Great Tusk|14\/100\n|move|p2a: Great Tusk|Knock Off|p1a: Ogerpon\n|-damage|p1a: Ogerpon|85\/100\n|\n|-heal|p2a: Great Tusk|20\/100|[from] item: Leftovers\n|upkeep\n|turn|8\n|\n|t:|1700835874\n|move|p1a: Ogerpon|Ivy Cudgel|p2a: Great Tusk|[anim] Ivy Cudgel Water\n|-supereffective|p2a: Great Tusk\n|-damage|p2a: Great Tusk|7\/100\n|move|p2a: Great Tusk|Rest|p2a: Great Tusk\n|-status|p2a: Great Tusk|slp|[from] move: Rest\n|-heal|p2a: Great Tusk|100\/100 slp|[silent]\n|\n|upkeep\n|turn|9\n|\n|t:|1700835892\n|move|p1a: Ogerpon|Superpower|p2a: Great Tusk\n|-damage|p2a: Great Tusk|95\/100 slp\n|-boost|p1a: Ogerpon|atk|1\n|-boost|p1a: Ogerpon|def|1\n|cant|p2a: Great Tusk|slp\n|\n|-heal|p2a: Great Tusk|100\/100 slp|[from] item: Leftovers\n|upkeep\n|turn|10\n|\n|t:|1700835896\n|move|p1a: Ogerpon|Superpower|p2a: Great Tusk\n|-damage|p2a: Great Tusk|95\/100 slp\n|-boost|p1a: Ogerpon|atk|1\n|-boost|p1a: Ogerpon|def|1\n|cant|p2a: Great Tusk|slp\n|\n|-heal|p2a: Great Tusk|100\/100 slp|[from] item: Leftovers\n|upkeep\n|turn|11\n|\n|t:|1700835902\n|move|p1a: Ogerpon|Superpower|p2a: Great Tusk\n|-damage|p2a: Great Tusk|96\/100 slp\n|-boost|p1a: Ogerpon|atk|1\n|-boost|p1a: Ogerpon|def|1\n|-curestatus|p2a: Great Tusk|slp|[msg]\n|move|p2a: Great Tusk|Close Combat|p1a: Ogerpon\n|-damage|p1a: Ogerpon|42\/100\n|\n|-heal|p2a: Great Tusk|100\/100|[from] item: Leftovers\n|upkeep\n|turn|12\n|\n|t:|1700835909\n|move|p1a: Ogerpon|Ivy Cudgel|p2a: Great Tusk|[anim] Ivy Cudgel Water\n|-supereffective|p2a: Great Tusk\n|-damage|p2a: Great Tusk|87\/100\n|move|p2a: Great Tusk|Close Combat|p1a: Ogerpon\n|-damage|p1a: Ogerpon|4\/100\n|\n|-heal|p2a: Great Tusk|93\/100|[from] item: Leftovers\n|upkeep\n|turn|13\n|\n|t:|1700835913\n|move|p1a: Ogerpon|Ivy Cudgel|p2a: Great Tusk|[anim] Ivy Cudgel Water\n|-supereffective|p2a: Great Tusk\n|-damage|p2a: Great Tusk|81\/100\n|move|p2a: Great Tusk|Close Combat|p1a: Ogerpon\n|-damage|p1a: Ogerpon|0 fnt\n|faint|p1a: Ogerpon\n|\n|-heal|p2a: Great Tusk|87\/100|[from] item: Leftovers\n|upkeep\n|\n|t:|1700835922\n|switch|p1a: Rillaboom|Rillaboom, F|100\/100\n|turn|14\n|\n|t:|1700835926\n|move|p1a: Rillaboom|Leaf Storm|p2a: Great Tusk\n|-supereffective|p2a: Great Tusk\n|-damage|p2a: Great Tusk|62\/100\n|-boost|p1a: Rillaboom|spa|2\n|move|p2a: Great Tusk|Knock Off|p1a: Rillaboom\n|-damage|p1a: Rillaboom|70\/100\n|-enditem|p1a: Rillaboom|Expert Belt|[from] move: Knock Off|[of] p2a: Great Tusk\n|\n|-heal|p2a: Great Tusk|68\/100|[from] item: Leftovers\n|upkeep\n|turn|15\n|\n|t:|1700835937\n|move|p1a: Rillaboom|Leaf Storm|p2a: Great Tusk\n|-supereffective|p2a: Great Tusk\n|-damage|p2a: Great Tusk|47\/100\n|-boost|p1a: Rillaboom|spa|2\n|move|p2a: Great Tusk|Close Combat|p1a: Rillaboom\n|-damage|p1a: Rillaboom|15\/100\n|\n|-heal|p2a: Great Tusk|53\/100|[from] item: Leftovers\n|upkeep\n|turn|16\n|\n|t:|1700835946\n|move|p1a: Rillaboom|Leaf Storm|p2a: Great Tusk\n|-supereffective|p2a: Great Tusk\n|-damage|p2a: Great Tusk|33\/100\n|-boost|p1a: Rillaboom|spa|2\n|move|p2a: Great Tusk|Close Combat|p1a: Rillaboom\n|-damage|p1a: Rillaboom|0 fnt\n|faint|p1a: Rillaboom\n|\n|-heal|p2a: Great Tusk|39\/100|[from] item: Leftovers\n|upkeep\n|\n|t:|1700835950\n|switch|p1a: Dragapult|Dragapult, F|100\/100\n|turn|17\n|j| brandywine\n|\n|t:|1700835955\n|move|p1a: Dragapult|Draco Meteor|p2a: Great Tusk\n|-damage|p2a: Great Tusk|33\/100\n|-boost|p1a: Dragapult|spa|2\n|move|p2a: Great Tusk|Knock Off|p1a: Dragapult\n|-supereffective|p1a: Dragapult\n|-damage|p1a: Dragapult|59\/100\n|-enditem|p1a: Dragapult|Choice Specs|[from] move: Knock Off|[of] p2a: Great Tusk\n|\n|-heal|p2a: Great Tusk|39\/100|[from] item: Leftovers\n|upkeep\n|turn|18\n|\n|t:|1700835962\n|move|p1a: Dragapult|Draco Meteor|p2a: Great Tusk\n|-damage|p2a: Great Tusk|33\/100\n|-boost|p1a: Dragapult|spa|2\n|move|p2a: Great Tusk|Knock Off|p1a: Dragapult\n|-supereffective|p1a: Dragapult\n|-damage|p1a: Dragapult|34\/100\n|\n|-heal|p2a: Great Tusk|39\/100|[from] item: Leftovers\n|upkeep\n|turn|19\n|\n|t:|1700835968\n|move|p1a: Dragapult|Draco Meteor|p2a: Great Tusk\n|-damage|p2a: Great Tusk|33\/100\n|-boost|p1a: Dragapult|spa|2\n|move|p2a: Great Tusk|Knock Off|p1a: Dragapult\n|-supereffective|p1a: Dragapult\n|-damage|p1a: Dragapult|8\/100\n|\n|-heal|p2a: Great Tusk|39\/100|[from] item: Leftovers\n|upkeep\n|turn|20\n|\n|t:|1700835973\n|move|p1a: Dragapult|Hydro Pump|p2a: Great Tusk\n|-supereffective|p2a: Great Tusk\n|-damage|p2a: Great Tusk|31\/100\n|move|p2a: Great Tusk|Knock Off|p1a: Dragapult\n|-supereffective|p1a: Dragapult\n|-damage|p1a: Dragapult|0 fnt\n|faint|p1a: Dragapult\n|\n|-heal|p2a: Great Tusk|37\/100|[from] item: Leftovers\n|upkeep\n|\n|t:|1700835977\n|switch|p1a: Ceruledge|Ceruledge, M|100\/100\n|turn|21\n|\n|t:|1700835981\n|move|p1a: Ceruledge|Overheat|p2a: Great Tusk\n|-damage|p2a: Great Tusk|22\/100\n|-boost|p1a: Ceruledge|spa|2\n|move|p2a: Great Tusk|Knock Off|p1a: Ceruledge\n|-supereffective|p1a: Ceruledge\n|-damage|p1a: Ceruledge|54\/100\n|-enditem|p1a: Ceruledge|Expert Belt|[from] move: Knock Off|[of] p2a: Great Tusk\n|\n|-heal|p2a: Great Tusk|28\/100|[from] item: Leftovers\n|upkeep\n|turn|22\n|\n|t:|1700835987\n|move|p1a: Ceruledge|Overheat|p2a: Great Tusk\n|-damage|p2a: Great Tusk|15\/100\n|-boost|p1a: Ceruledge|spa|2\n|move|p2a: Great Tusk|Headlong Rush|p1a: Ceruledge\n|-supereffective|p1a: Ceruledge\n|-damage|p1a: Ceruledge|0 fnt\n|faint|p1a: Ceruledge\n|\n|win|RUMYMOME\n|n|\u2606Invincible43|invincible43\n|n|\u2606RUMYMOME|rumymome\n|n|*Lady Monita \u2746|ladymonita\n|n| Crown Oji|crownoji\n|n| brandywine|brandywine\n|l|*Lady Monita \u2746\n|l|\u2606Invincible43\n|l| Crown Oji\n","uploadtime":1700836169,"views":5,"p1id":"invincible43","p2id":"rumymome","formatid":"gen9ou","rating":0,"private":0,"password":""}