{"id":"gen9ou-1996551738","p1":"Luc3756","p2":"Oreo242","format":"[Gen 9] OU","log":"|j|\u2606Luc3756\n|j|\u2606Oreo242\n|t:|1700693417\n|gametype|singles\n|player|p1|Luc3756|102|1206\n|player|p2|Oreo242|twins-gen4dp|1295\n|teamsize|p1|6\n|teamsize|p2|6\n|gen|9\n|tier|[Gen 9] OU\n|rated|\n|rule|Sleep Clause Mod: Limit one foe put to sleep\n|rule|Species Clause: Limit one of each Pok\u00e9mon\n|rule|OHKO Clause: OHKO moves are banned\n|rule|Evasion Items Clause: Evasion items are banned\n|rule|Evasion Moves Clause: Evasion moves are banned\n|rule|Endless Battle Clause: Forcing endless battles is banned\n|rule|HP Percentage Mod: HP is shown in percentages\n|clearpoke\n|poke|p1|Pelipper, M|\n|poke|p1|Scizor, M|\n|poke|p1|Zamazenta-*|\n|poke|p1|Barraskewda, F|\n|poke|p1|Ogerpon-Wellspring, F|\n|poke|p1|Thundurus-Therian, M|\n|poke|p2|Weezing-Galar, F|\n|poke|p2|Enamorus, F|\n|poke|p2|Iron Valiant|\n|poke|p2|Azumarill, F|\n|poke|p2|Tinkaton, F|\n|poke|p2|Ninetales-Alola, F|\n|teampreview\n|inactive|Battle timer is ON: inactive players will automatically lose when time's up. (requested by Luc3756)\n|\n|t:|1700693429\n|start\n|switch|p1a: Pelipper|Pelipper, M|100\/100\n|switch|p2a: Ninetales|Ninetales-Alola, F|100\/100\n|-weather|Snow|[from] ability: Snow Warning|[of] p2a: Ninetales\n|-weather|RainDance|[from] ability: Drizzle|[of] p1a: Pelipper\n|turn|1\n|\n|t:|1700693445\n|switch|p1a: Scizor|Scizor, M, shiny|100\/100\n|move|p2a: Ninetales|Freeze-Dry|p1a: Scizor\n|-resisted|p1a: Scizor\n|-damage|p1a: Scizor|89\/100\n|\n|-weather|RainDance|[upkeep]\n|-heal|p1a: Scizor|95\/100|[from] item: Leftovers\n|upkeep\n|turn|2\n|\n|t:|1700693452\n|switch|p2a: Weezing|Weezing-Galar, F|100\/100\n|-fieldstart|move: Misty Terrain|[from] ability: Misty Surge|[of] p2a: Weezing\n|move|p1a: Scizor|U-turn|p2a: Weezing\n|-resisted|p2a: Weezing\n|-damage|p2a: Weezing|94\/100\n|\n|t:|1700693471\n|switch|p1a: Ogerpon|Ogerpon-Wellspring, F|100\/100|[from] U-turn\n|\n|-weather|RainDance|[upkeep]\n|-heal|p2a: Weezing|99\/100|[from] item: Leftovers\n|upkeep\n|turn|3\n|\n|t:|1700693476\n|move|p1a: Ogerpon|Ivy Cudgel|p2a: Weezing|[anim] Ivy Cudgel Water\n|-damage|p2a: Weezing|43\/100\n|move|p2a: Weezing|Clear Smog|p1a: Ogerpon\n|-supereffective|p1a: Ogerpon\n|-damage|p1a: Ogerpon|68\/100\n|-clearboost|p1a: Ogerpon\n|\n|-weather|RainDance|[upkeep]\n|-heal|p2a: Weezing|49\/100|[from] item: Leftovers\n|upkeep\n|turn|4\n|\n|t:|1700693482\n|move|p1a: Ogerpon|Ivy Cudgel|p2a: Weezing|[anim] Ivy Cudgel Water\n|-damage|p2a: Weezing|0 fnt\n|faint|p2a: Weezing\n|\n|-weather|RainDance|[upkeep]\n|upkeep\n|\n|t:|1700693484\n|switch|p2a: Ninetales|Ninetales-Alola, F|100\/100\n|-weather|Snow|[from] ability: Snow Warning|[of] p2a: Ninetales\n|turn|5\n|\n|t:|1700693490\n|switch|p1a: Pelipper|Pelipper, M|100\/100\n|-weather|RainDance|[from] ability: Drizzle|[of] p1a: Pelipper\n|move|p2a: Ninetales|Freeze-Dry|p1a: Pelipper\n|-supereffective|p1a: Pelipper\n|-damage|p1a: Pelipper|0 fnt\n|faint|p1a: Pelipper\n|\n|-weather|RainDance|[upkeep]\n|upkeep\n|\n|t:|1700693496\n|switch|p1a: Scizor|Scizor, M, shiny|95\/100\n|turn|6\n|\n|t:|1700693500\n|switch|p2a: Azumarill|Azumarill, F|100\/100\n|move|p1a: Scizor|Swords Dance|p1a: Scizor\n|-boost|p1a: Scizor|atk|2\n|\n|-weather|RainDance|[upkeep]\n|-heal|p1a: Scizor|100\/100|[from] item: Leftovers\n|-fieldend|Misty Terrain\n|upkeep\n|turn|7\n|\n|t:|1700693505\n|-terastallize|p2a: Azumarill|Water\n|move|p1a: Scizor|Bullet Punch|p2a: Azumarill\n|-resisted|p2a: Azumarill\n|-crit|p2a: Azumarill\n|-damage|p2a: Azumarill|67\/100\n|move|p2a: Azumarill|Aqua Jet|p1a: Scizor\n|-damage|p1a: Scizor|49\/100\n|\n|-weather|RainDance|[upkeep]\n|-heal|p1a: Scizor|55\/100|[from] item: Leftovers\n|upkeep\n|turn|8\n|\n|t:|1700693515\n|move|p1a: Scizor|U-turn|p2a: Azumarill\n|-damage|p2a: Azumarill|0 fnt\n|faint|p2a: Azumarill\n|\n|t:|1700693526\n|switch|p1a: Zamazenta|Zamazenta|100\/100|[from] U-turn\n|-ability|p1a: Zamazenta|Dauntless Shield|boost\n|-boost|p1a: Zamazenta|def|1\n|\n|-weather|RainDance|[upkeep]\n|upkeep\n|\n|t:|1700693530\n|switch|p2a: Ninetales|Ninetales-Alola, F|100\/100\n|-weather|Snow|[from] ability: Snow Warning|[of] p2a: Ninetales\n|turn|9\n|\n|t:|1700693533\n|move|p1a: Zamazenta|Iron Head|p2a: Ninetales\n|-supereffective|p2a: Ninetales\n|-damage|p2a: Ninetales|31\/100\n|cant|p2a: Ninetales|flinch\n|\n|-weather|Snow|[upkeep]\n|upkeep\n|turn|10\n|\n|t:|1700693540\n|switch|p2a: Iron Valiant|Iron Valiant|100\/100\n|-enditem|p2a: Iron Valiant|Booster Energy\n|-activate|p2a: Iron Valiant|ability: Quark Drive|[fromitem]\n|-start|p2a: Iron Valiant|quarkdrivespe\n|move|p1a: Zamazenta|Iron Head|p2a: Iron Valiant\n|-supereffective|p2a: Iron Valiant\n|-damage|p2a: Iron Valiant|43\/100\n|\n|-weather|Snow|[upkeep]\n|upkeep\n|turn|11\n|\n|t:|1700693551\n|move|p2a: Iron Valiant|Moonblast|p1a: Zamazenta\n|-supereffective|p1a: Zamazenta\n|-damage|p1a: Zamazenta|21\/100\n|move|p1a: Zamazenta|Iron Head|p2a: Iron Valiant\n|-supereffective|p2a: Iron Valiant\n|-damage|p2a: Iron Valiant|0 fnt\n|faint|p2a: Iron Valiant\n|-end|p2a: Iron Valiant|Quark Drive|[silent]\n|\n|-weather|Snow|[upkeep]\n|-heal|p1a: Zamazenta|27\/100|[from] item: Leftovers\n|upkeep\n|\n|t:|1700693556\n|switch|p2a: Enamorus|Enamorus, F|100\/100\n|turn|12\n|\n|t:|1700693559\n|move|p1a: Zamazenta|Iron Head|p2a: Enamorus\n|-supereffective|p2a: Enamorus\n|-damage|p2a: Enamorus|28\/100\n|move|p2a: Enamorus|Moonblast|p1a: Zamazenta\n|-supereffective|p1a: Zamazenta\n|-damage|p1a: Zamazenta|0 fnt\n|faint|p1a: Zamazenta\n|\n|-weather|Snow|[upkeep]\n|-heal|p2a: Enamorus|34\/100|[from] item: Leftovers\n|upkeep\n|\n|t:|1700693566\n|switch|p1a: Scizor|Scizor, M, shiny|55\/100\n|turn|13\n|\n|t:|1700693569\n|move|p1a: Scizor|Bullet Punch|p2a: Enamorus\n|-supereffective|p2a: Enamorus\n|-damage|p2a: Enamorus|0 fnt\n|faint|p2a: Enamorus\n|\n|-weather|none\n|-heal|p1a: Scizor|61\/100|[from] item: Leftovers\n|upkeep\n|\n|t:|1700693570\n|switch|p2a: Tinkaton|Tinkaton, F|100\/100\n|-ability|p2a: Tinkaton|Mold Breaker\n|turn|14\n|\n|t:|1700693575\n|move|p2a: Tinkaton|Swords Dance|p2a: Tinkaton\n|-boost|p2a: Tinkaton|atk|2\n|move|p1a: Scizor|U-turn|p2a: Tinkaton\n|-resisted|p2a: Tinkaton\n|-damage|p2a: Tinkaton|87\/100\n|\n|t:|1700693580\n|switch|p1a: Ogerpon|Ogerpon-Wellspring, F|68\/100|[from] U-turn\n|\n|-heal|p2a: Tinkaton|93\/100|[from] item: Leftovers\n|upkeep\n|turn|15\n|\n|t:|1700693582\n|move|p1a: Ogerpon|Ivy Cudgel|p2a: Tinkaton|[anim] Ivy Cudgel Water\n|-damage|p2a: Tinkaton|14\/100\n|move|p2a: Tinkaton|Gigaton Hammer|p1a: Ogerpon\n|-resisted|p1a: Ogerpon\n|-damage|p1a: Ogerpon|0 fnt\n|faint|p1a: Ogerpon\n|\n|-heal|p2a: Tinkaton|20\/100|[from] item: Leftovers\n|upkeep\n|\n|t:|1700693586\n|switch|p1a: Barraskewda|Barraskewda, F|100\/100\n|turn|16\n|-message|Oreo242 forfeited.\n|\n|win|Luc3756\n|raw|Luc3756's rating: 1206 &rarr; <strong>1237<\/strong><br \/>(+31 for winning)\n|raw|Oreo242's rating: 1295 &rarr; <strong>1264<\/strong><br \/>(-31 for losing)\n|l|\u2606Oreo242\n","uploadtime":1700693590,"views":2,"p1id":"luc3756","p2id":"oreo242","formatid":"gen9ou","rating":1237,"private":0,"password":""}