{"id":"gen9ou-1993618609","p1":"zshmoneyy","p2":"OfTheStars","format":"[Gen 9] OU","log":"|j|\u2606zshmoneyy\n|j|\u2606OfTheStars\n|t:|1700338122\n|gametype|singles\n|player|p1|zshmoneyy|alec-anime|1368\n|player|p2|OfTheStars|parasollady|1339\n|teamsize|p1|6\n|teamsize|p2|6\n|gen|9\n|tier|[Gen 9] OU\n|rated|\n|rule|Sleep Clause Mod: Limit one foe put to sleep\n|rule|Species Clause: Limit one of each Pok\u00e9mon\n|rule|OHKO Clause: OHKO moves are banned\n|rule|Evasion Items Clause: Evasion items are banned\n|rule|Evasion Moves Clause: Evasion moves are banned\n|rule|Endless Battle Clause: Forcing endless battles is banned\n|rule|HP Percentage Mod: HP is shown in percentages\n|clearpoke\n|poke|p1|Kingambit, M|\n|poke|p1|Ceruledge, F|\n|poke|p1|Cinderace, F|\n|poke|p1|Slowking-Galar, M|\n|poke|p1|Dondozo, M|\n|poke|p1|Corviknight, F|\n|poke|p2|Landorus-Therian, M|\n|poke|p2|Samurott-Hisui, M|\n|poke|p2|Sylveon, F|\n|poke|p2|Cinderace, F|\n|poke|p2|Gholdengo|\n|poke|p2|Amoonguss, M|\n|teampreview\n|inactive|Battle timer is ON: inactive players will automatically lose when time's up. (requested by OfTheStars)\n|\n|t:|1700338139\n|start\n|switch|p1a: Zoro|Ceruledge, F|100\/100\n|switch|p2a: Amber|Sylveon, F|100\/100\n|turn|1\n|\n|t:|1700338153\n|move|p1a: Zoro|Poltergeist|p2a: Amber\n|-activate|p2a: Amber|move: Poltergeist|Choice Specs\n|-damage|p2a: Amber|15\/100\n|move|p2a: Amber|Shadow Ball|p1a: Zoro\n|-supereffective|p1a: Zoro\n|-damage|p1a: Zoro|8\/100\n|\n|upkeep\n|turn|2\n|\n|t:|1700338172\n|move|p1a: Zoro|Bitter Blade|p2a: Amber\n|-damage|p2a: Amber|0 fnt\n|-heal|p1a: Zoro|16\/100|[from] drain|[of] p2a: Amber\n|faint|p2a: Amber\n|\n|upkeep\n|\n|t:|1700338181\n|switch|p2a: Scarlett|Cinderace, F|100\/100\n|turn|3\n|\n|t:|1700338191\n|switch|p1a: KaiDo!!|Dondozo, M|100\/100\n|move|p2a: Scarlett|Pyro Ball|p1a: KaiDo!!\n|-resisted|p1a: KaiDo!!\n|-damage|p1a: KaiDo!!|89\/100\n|\n|-heal|p1a: KaiDo!!|96\/100|[from] item: Leftovers\n|upkeep\n|turn|4\n|\n|t:|1700338209\n|move|p2a: Scarlett|Will-O-Wisp|p1a: KaiDo!!\n|-status|p1a: KaiDo!!|brn\n|move|p1a: KaiDo!!|Liquidation|p2a: Scarlett\n|-supereffective|p2a: Scarlett\n|-damage|p2a: Scarlett|68\/100\n|\n|-heal|p1a: KaiDo!!|100\/100 brn|[from] item: Leftovers\n|-damage|p1a: KaiDo!!|94\/100 brn|[from] brn\n|upkeep\n|turn|5\n|c|\u2606OfTheStars|Based nicknames\n|c|\u2606zshmoneyy|<3\n|inactive|OfTheStars has 120 seconds left.\n|\n|t:|1700338257\n|switch|p2a: Apple Jacks|Gholdengo|100\/100\n|move|p1a: KaiDo!!|Rest|p1a: KaiDo!!\n|-status|p1a: KaiDo!!|slp|[from] move: Rest\n|-heal|p1a: KaiDo!!|100\/100 slp|[silent]\n|\n|upkeep\n|turn|6\n|\n|t:|1700338277\n|switch|p1a: ShankZ(YONKO BRUH)|Kingambit, M|100\/100\n|move|p2a: Apple Jacks|Trick|p1a: ShankZ(YONKO BRUH)\n|-activate|p2a: Apple Jacks|move: Trick|[of] p1a: ShankZ(YONKO BRUH)\n|-item|p1a: ShankZ(YONKO BRUH)|Choice Scarf|[from] move: Trick\n|-item|p2a: Apple Jacks|Lum Berry|[from] move: Trick\n|\n|upkeep\n|turn|7\n|\n|t:|1700338297\n|switch|p2a: Scarlett|Cinderace, F|68\/100\n|move|p1a: ShankZ(YONKO BRUH)|Kowtow Cleave|p2a: Scarlett\n|-damage|p2a: Scarlett|13\/100\n|\n|upkeep\n|turn|8\n|inactive|zshmoneyy has 120 seconds left.\n|\n|t:|1700338316\n|-end|p1a: ShankZ(YONKO BRUH)|fallenundefined|[silent]\n|switch|p1a: Fire Fist Sabo\ud83d\udd25|Cinderace, F|100\/100\n|move|p2a: Scarlett|Will-O-Wisp|p1a: Fire Fist Sabo\ud83d\udd25\n|-immune|p1a: Fire Fist Sabo\ud83d\udd25\n|\n|upkeep\n|turn|9\n|inactive|zshmoneyy has 120 seconds left.\n|\n|t:|1700338330\n|switch|p2a: Fluffles|Landorus-Therian, M|100\/100\n|-ability|p2a: Fluffles|Intimidate|boost\n|-unboost|p1a: Fire Fist Sabo\ud83d\udd25|atk|1\n|move|p1a: Fire Fist Sabo\ud83d\udd25|Pyro Ball|p2a: Fluffles\n|-damage|p2a: Fluffles|62\/100\n|\n|-heal|p2a: Fluffles|68\/100|[from] item: Leftovers\n|upkeep\n|turn|10\n|\n|t:|1700338341\n|switch|p1a: Corviknight|Corviknight, F|100\/100\n|move|p2a: Fluffles|Stone Edge|p1a: Corviknight\n|-damage|p1a: Corviknight|75\/100\n|\n|-heal|p2a: Fluffles|74\/100|[from] item: Leftovers\n|upkeep\n|turn|11\n|\n|t:|1700338353\n|move|p2a: Fluffles|Stealth Rock|p1a: Corviknight\n|-sidestart|p1: zshmoneyy|move: Stealth Rock\n|move|p1a: Corviknight|Brave Bird|p2a: Fluffles\n|-damage|p2a: Fluffles|35\/100\n|-damage|p1a: Corviknight|63\/100|[from] Recoil\n|\n|-heal|p2a: Fluffles|41\/100|[from] item: Leftovers\n|upkeep\n|turn|12\n|\n|t:|1700338368\n|switch|p2a: Scarlett|Cinderace, F|13\/100\n|switch|p1a: Fire Fist Sabo\ud83d\udd25|Cinderace, F|100\/100\n|\n|upkeep\n|turn|13\n|inactive|zshmoneyy has 120 seconds left.\n|\n|t:|1700338391\n|move|p1a: Fire Fist Sabo\ud83d\udd25|Pyro Ball|p2a: Scarlett\n|-resisted|p2a: Scarlett\n|-damage|p2a: Scarlett|0 fnt\n|faint|p2a: Scarlett\n|\n|upkeep\n|inactive|OfTheStars has 90 seconds left.\n|\n|t:|1700338407\n|switch|p2a: Sir Whiskers|Samurott-Hisui, M|100\/100\n|turn|14\n|\n|t:|1700338414\n|move|p1a: Fire Fist Sabo\ud83d\udd25|High Jump Kick|p2a: Sir Whiskers\n|-start|p1a: Fire Fist Sabo\ud83d\udd25|typechange|Fighting|[from] ability: Libero\n|-supereffective|p2a: Sir Whiskers\n|-damage|p2a: Sir Whiskers|0 fnt\n|faint|p2a: Sir Whiskers\n|\n|upkeep\n|inactive|OfTheStars has 90 seconds left.\n|\n|t:|1700338425\n|switch|p2a: Fluffles|Landorus-Therian, M|41\/100\n|-ability|p2a: Fluffles|Intimidate|boost\n|-unboost|p1a: Fire Fist Sabo\ud83d\udd25|atk|1\n|turn|15\n|\n|t:|1700338437\n|-terastallize|p1a: Fire Fist Sabo\ud83d\udd25|Fire\n|move|p1a: Fire Fist Sabo\ud83d\udd25|Pyro Ball|p2a: Fluffles\n|-damage|p2a: Fluffles|6\/100\n|move|p2a: Fluffles|U-turn|p1a: Fire Fist Sabo\ud83d\udd25\n|-resisted|p1a: Fire Fist Sabo\ud83d\udd25\n|-damage|p1a: Fire Fist Sabo\ud83d\udd25|84\/100\n|inactive|OfTheStars has 90 seconds left.\n|\n|t:|1700338451\n|switch|p2a: MushroomMushroom|Amoonguss, M|100\/100|[from] U-turn\n|\n|upkeep\n|turn|16\n|inactive|OfTheStars has 90 seconds left.\n|\n|t:|1700338483\n|-terastallize|p2a: MushroomMushroom|Water\n|move|p1a: Fire Fist Sabo\ud83d\udd25|Court Change|p1a: Fire Fist Sabo\ud83d\udd25\n|-swapsideconditions\n|-activate|p1a: Fire Fist Sabo\ud83d\udd25|move: Court Change\n|move|p2a: MushroomMushroom|Sludge Bomb|p1a: Fire Fist Sabo\ud83d\udd25\n|-damage|p1a: Fire Fist Sabo\ud83d\udd25|45\/100\n|-status|p1a: Fire Fist Sabo\ud83d\udd25|psn\n|\n|-damage|p1a: Fire Fist Sabo\ud83d\udd25|33\/100 psn|[from] psn\n|upkeep\n|turn|17\n|inactive|zshmoneyy has 120 seconds left.\n|\n|t:|1700338499\n|switch|p1a: Corviknight|Corviknight, F|63\/100\n|move|p2a: MushroomMushroom|Foul Play|p1a: Corviknight\n|-damage|p1a: Corviknight|48\/100\n|-damage|p2a: MushroomMushroom|84\/100|[from] item: Rocky Helmet|[of] p1a: Corviknight\n|\n|upkeep\n|turn|18\n|inactive|zshmoneyy has 120 seconds left.\n|\n|t:|1700338513\n|switch|p1a: MuGiWaRa!!!|Slowking-Galar, M|100\/100\n|move|p2a: MushroomMushroom|Spore|p1a: MuGiWaRa!!!\n|-status|p1a: MuGiWaRa!!!|slp|[from] move: Spore\n|\n|upkeep\n|turn|19\n|inactive|zshmoneyy has 120 seconds left.\n|\n|t:|1700338524\n|switch|p1a: Corviknight|Corviknight, F|48\/100\n|switch|p2a: Fluffles|Landorus-Therian, M|6\/100\n|-damage|p2a: Fluffles|0 fnt|[from] Stealth Rock\n|faint|p2a: Fluffles\n|\n|upkeep\n|\n|t:|1700338534\n|switch|p2a: Apple Jacks|Gholdengo|100\/100\n|-damage|p2a: Apple Jacks|94\/100|[from] Stealth Rock\n|turn|20\n|\n|t:|1700338543\n|move|p2a: Apple Jacks|Trick|p1a: Corviknight\n|-activate|p2a: Apple Jacks|move: Trick|[of] p1a: Corviknight\n|-item|p1a: Corviknight|Lum Berry|[from] move: Trick\n|-item|p2a: Apple Jacks|Rocky Helmet|[from] move: Trick\n|move|p1a: Corviknight|Roost|p1a: Corviknight\n|-heal|p1a: Corviknight|98\/100\n|-singleturn|p1a: Corviknight|move: Roost\n|\n|upkeep\n|turn|21\n|\n|t:|1700338564\n|move|p2a: Apple Jacks|Focus Blast|p1a: Corviknight|[miss]\n|-miss|p2a: Apple Jacks|p1a: Corviknight\n|move|p1a: Corviknight|Bulk Up|p1a: Corviknight\n|-boost|p1a: Corviknight|atk|1\n|-boost|p1a: Corviknight|def|1\n|\n|upkeep\n|turn|22\n|\n|t:|1700338574\n|move|p2a: Apple Jacks|Shadow Ball|p1a: Corviknight\n|-damage|p1a: Corviknight|68\/100\n|move|p1a: Corviknight|Bulk Up|p1a: Corviknight\n|-boost|p1a: Corviknight|atk|1\n|-boost|p1a: Corviknight|def|1\n|\n|upkeep\n|turn|23\n|\n|t:|1700338581\n|move|p2a: Apple Jacks|Shadow Ball|p1a: Corviknight\n|-damage|p1a: Corviknight|37\/100\n|move|p1a: Corviknight|Roost|p1a: Corviknight\n|-heal|p1a: Corviknight|87\/100\n|-singleturn|p1a: Corviknight|move: Roost\n|\n|upkeep\n|turn|24\n|\n|t:|1700338588\n|move|p2a: Apple Jacks|Shadow Ball|p1a: Corviknight\n|-damage|p1a: Corviknight|57\/100\n|move|p1a: Corviknight|Brave Bird|p2a: Apple Jacks\n|-resisted|p2a: Apple Jacks\n|-damage|p2a: Apple Jacks|50\/100\n|-damage|p1a: Corviknight|41\/100|[from] item: Rocky Helmet|[of] p2a: Apple Jacks\n|-damage|p1a: Corviknight|29\/100|[from] Recoil\n|\n|upkeep\n|turn|25\n|\n|t:|1700338600\n|switch|p1a: ShankZ(YONKO BRUH)|Kingambit, M|100\/100\n|move|p2a: Apple Jacks|Shadow Ball|p1a: ShankZ(YONKO BRUH)\n|-resisted|p1a: ShankZ(YONKO BRUH)\n|-damage|p1a: ShankZ(YONKO BRUH)|78\/100\n|\n|upkeep\n|turn|26\n|inactive|OfTheStars has 90 seconds left.\n|\n|t:|1700338618\n|switch|p2a: MushroomMushroom|Amoonguss, M, tera:Water|100\/100\n|-damage|p2a: MushroomMushroom|88\/100|[from] Stealth Rock\n|move|p1a: ShankZ(YONKO BRUH)|Kowtow Cleave|p2a: MushroomMushroom\n|-damage|p2a: MushroomMushroom|50\/100\n|-enditem|p2a: MushroomMushroom|Red Card|[of] p1a: ShankZ(YONKO BRUH)\n|-end|p1a: ShankZ(YONKO BRUH)|fallenundefined|[silent]\n|drag|p1a: Fire Fist Sabo\ud83d\udd25|Cinderace, F, tera:Fire|33\/100 psn\n|\n|-damage|p1a: Fire Fist Sabo\ud83d\udd25|20\/100 psn|[from] psn\n|upkeep\n|turn|27\n|inactive|OfTheStars has 90 seconds left.\n|\n|t:|1700338629\n|move|p1a: Fire Fist Sabo\ud83d\udd25|High Jump Kick|p2a: MushroomMushroom\n|-damage|p2a: MushroomMushroom|16\/100\n|move|p2a: MushroomMushroom|Sludge Bomb|p1a: Fire Fist Sabo\ud83d\udd25\n|-crit|p1a: Fire Fist Sabo\ud83d\udd25\n|-damage|p1a: Fire Fist Sabo\ud83d\udd25|0 fnt\n|faint|p1a: Fire Fist Sabo\ud83d\udd25\n|\n|upkeep\n|\n|t:|1700338638\n|switch|p1a: Zoro|Ceruledge, F|16\/100\n|turn|28\n|\n|t:|1700338646\n|switch|p2a: Apple Jacks|Gholdengo|50\/100\n|-damage|p2a: Apple Jacks|44\/100|[from] Stealth Rock\n|move|p1a: Zoro|Poltergeist|p2a: Apple Jacks\n|-activate|p2a: Apple Jacks|move: Poltergeist|Rocky Helmet\n|-supereffective|p2a: Apple Jacks\n|-damage|p2a: Apple Jacks|0 fnt\n|faint|p2a: Apple Jacks\n|\n|upkeep\n|\n|t:|1700338653\n|switch|p2a: MushroomMushroom|Amoonguss, M, tera:Water|49\/100\n|-damage|p2a: MushroomMushroom|37\/100|[from] Stealth Rock\n|turn|29\n|\n|t:|1700338660\n|move|p1a: Zoro|Poltergeist||[still]\n|-fail|p1a: Zoro\n|move|p2a: MushroomMushroom|Foul Play|p1a: Zoro\n|-supereffective|p1a: Zoro\n|-crit|p1a: Zoro\n|-damage|p1a: Zoro|0 fnt\n|faint|p1a: Zoro\n|\n|upkeep\n|\n|t:|1700338668\n|switch|p1a: Corviknight|Corviknight, F|29\/100\n|turn|30\n|inactive|OfTheStars has 120 seconds left.\n|\n|t:|1700338676\n|move|p1a: Corviknight|Brave Bird|p2a: MushroomMushroom\n|-damage|p2a: MushroomMushroom|7\/100\n|-damage|p1a: Corviknight|18\/100|[from] Recoil\n|move|p2a: MushroomMushroom|Foul Play|p1a: Corviknight\n|-damage|p1a: Corviknight|3\/100\n|\n|upkeep\n|turn|31\n|\n|t:|1700338685\n|move|p1a: Corviknight|Brave Bird|p2a: MushroomMushroom\n|-damage|p2a: MushroomMushroom|0 fnt\n|faint|p2a: MushroomMushroom\n|-damage|p1a: Corviknight|0 fnt|[from] Recoil\n|faint|p1a: Corviknight\n|\n|win|zshmoneyy\n|raw|zshmoneyy's rating: 1368 &rarr; <strong>1386<\/strong><br \/>(+18 for winning)\n|raw|OfTheStars's rating: 1339 &rarr; <strong>1321<\/strong><br \/>(-18 for losing)\n","uploadtime":1700338696,"views":8,"p1id":"zshmoneyy","p2id":"ofthestars","formatid":"gen9ou","rating":1321,"private":0,"password":""}