{"id":"gen9ou-1991775792","p1":"S3PP1","p2":"CrushMeGoodra","format":"[Gen 9] OU","log":"|j|\u2606S3PP1\n|j|\u2606CrushMeGoodra\n|t:|1700115152\n|gametype|singles\n|player|p1|S3PP1|biker-gen4|\n|player|p2|CrushMeGoodra|cynthia|\n|teamsize|p1|6\n|teamsize|p2|6\n|gen|9\n|tier|[Gen 9] OU\n|rule|Sleep Clause Mod: Limit one foe put to sleep\n|rule|Species Clause: Limit one of each Pok\u00e9mon\n|rule|OHKO Clause: OHKO moves are banned\n|rule|Evasion Items Clause: Evasion items are banned\n|rule|Evasion Moves Clause: Evasion moves are banned\n|rule|Endless Battle Clause: Forcing endless battles is banned\n|rule|HP Percentage Mod: HP is shown in percentages\n|clearpoke\n|poke|p1|Rillaboom, F|\n|poke|p1|Sneasler, F|\n|poke|p1|Torkoal, F|\n|poke|p1|Salamence, M|\n|poke|p1|Chesnaught, F|\n|poke|p1|Mimikyu, M|\n|poke|p2|Ribombee, F|\n|poke|p2|Ogerpon-Wellspring, F|\n|poke|p2|Hoopa-Unbound|\n|poke|p2|Conkeldurr, M|\n|poke|p2|Yanmega, M|\n|poke|p2|Bisharp, F|\n|teampreview\n|inactive|Battle timer is ON: inactive players will automatically lose when time's up. (requested by S3PP1)\n|inactive|CrushMeGoodra also wants the timer to be on.\n|\n|t:|1700115169\n|start\n|switch|p1a: Blub Blub|Torkoal, F|100\/100\n|switch|p2a: Ribombee|Ribombee, F|100\/100\n|-weather|SunnyDay|[from] ability: Drought|[of] p1a: Blub Blub\n|turn|1\n|\n|t:|1700115176\n|move|p2a: Ribombee|Stun Spore|p1a: Blub Blub\n|-status|p1a: Blub Blub|par\n|move|p1a: Blub Blub|Yawn|p2a: Ribombee\n|-start|p2a: Ribombee|move: Yawn|[of] p1a: Blub Blub\n|\n|-weather|SunnyDay|[upkeep]\n|upkeep\n|turn|2\n|\n|t:|1700115186\n|switch|p2a: Conkeldurr|Conkeldurr, M|100\/100\n|move|p1a: Blub Blub|Rapid Spin|p2a: Conkeldurr\n|-damage|p2a: Conkeldurr|91\/100\n|-boost|p1a: Blub Blub|spe|1\n|\n|-weather|SunnyDay|[upkeep]\n|-status|p2a: Conkeldurr|brn|[from] item: Flame Orb\n|upkeep\n|turn|3\n|\n|t:|1700115193\n|move|p2a: Conkeldurr|Knock Off|p1a: Blub Blub\n|-damage|p1a: Blub Blub|68\/100 par\n|-enditem|p1a: Blub Blub|Eject Pack|[from] move: Knock Off|[of] p2a: Conkeldurr\n|move|p1a: Blub Blub|Overheat|p2a: Conkeldurr\n|-damage|p2a: Conkeldurr|16\/100 brn\n|-unboost|p1a: Blub Blub|spa|2\n|\n|-weather|SunnyDay|[upkeep]\n|-damage|p2a: Conkeldurr|10\/100 brn|[from] brn\n|upkeep\n|turn|4\n|\n|t:|1700115207\n|move|p2a: Conkeldurr|Facade|p1a: Blub Blub\n|-damage|p1a: Blub Blub|17\/100 par\n|move|p1a: Blub Blub|Overheat|p2a: Conkeldurr\n|-damage|p2a: Conkeldurr|0 fnt\n|-unboost|p1a: Blub Blub|spa|2\n|faint|p2a: Conkeldurr\n|\n|-weather|SunnyDay|[upkeep]\n|upkeep\n|\n|t:|1700115211\n|switch|p2a: Ribombee|Ribombee, F|100\/100\n|turn|5\n|\n|t:|1700115215\n|move|p2a: Ribombee|Moonblast|p1a: Blub Blub\n|-resisted|p1a: Blub Blub\n|-damage|p1a: Blub Blub|0 fnt\n|faint|p1a: Blub Blub\n|\n|-weather|none\n|upkeep\n|\n|t:|1700115226\n|switch|p1a: LemonJello|Rillaboom, F|100\/100\n|-fieldstart|move: Grassy Terrain|[from] ability: Grassy Surge|[of] p1a: LemonJello\n|turn|6\n|\n|t:|1700115231\n|move|p2a: Ribombee|Sticky Web|p1a: LemonJello\n|-sidestart|p1: S3PP1|move: Sticky Web\n|move|p1a: LemonJello|U-turn|p2a: Ribombee\n|-resisted|p2a: Ribombee\n|-damage|p2a: Ribombee|77\/100\n|\n|t:|1700115234\n|switch|p1a: Sneaky Sneasle|Sneasler, F|100\/100|[from] U-turn\n|-activate|p1a: Sneaky Sneasle|move: Sticky Web\n|-unboost|p1a: Sneaky Sneasle|spe|1\n|-enditem|p1a: Sneaky Sneasle|Grassy Seed\n|-boost|p1a: Sneaky Sneasle|def|1|[from] item: Grassy Seed\n|\n|-heal|p2a: Ribombee|83\/100|[from] Grassy Terrain\n|upkeep\n|turn|7\n|j| CRIPPYwitdaGRIPPY\n|\n|t:|1700115241\n|move|p1a: Sneaky Sneasle|Swords Dance|p1a: Sneaky Sneasle\n|-boost|p1a: Sneaky Sneasle|atk|2\n|move|p2a: Ribombee|Psychic|p1a: Sneaky Sneasle\n|-supereffective|p1a: Sneaky Sneasle\n|-damage|p1a: Sneaky Sneasle|0 fnt\n|faint|p1a: Sneaky Sneasle\n|\n|-heal|p2a: Ribombee|89\/100|[from] Grassy Terrain\n|upkeep\n|\n|t:|1700115248\n|switch|p1a: UU: The MENCE|Salamence, M|100\/100\n|turn|8\n|\n|t:|1700115256\n|move|p2a: Ribombee|Stun Spore|p1a: UU: The MENCE\n|-status|p1a: UU: The MENCE|par\n|move|p1a: UU: The MENCE|Dragon Dance|p1a: UU: The MENCE\n|-boost|p1a: UU: The MENCE|atk|1\n|-boost|p1a: UU: The MENCE|spe|1\n|\n|-heal|p2a: Ribombee|96\/100|[from] Grassy Terrain\n|upkeep\n|turn|9\n|\n|t:|1700115266\n|move|p2a: Ribombee|Moonblast|p1a: UU: The MENCE\n|-supereffective|p1a: UU: The MENCE\n|-damage|p1a: UU: The MENCE|0 fnt\n|faint|p1a: UU: The MENCE\n|\n|-heal|p2a: Ribombee|100\/100|[from] Grassy Terrain\n|upkeep\n|\n|t:|1700115270\n|switch|p1a: Da PoopSock|Mimikyu, M|100\/100\n|-activate|p1a: Da PoopSock|move: Sticky Web\n|-unboost|p1a: Da PoopSock|spe|1\n|turn|10\n|\n|t:|1700115279\n|move|p2a: Ribombee|Moonblast|p1a: Da PoopSock\n|-activate|p1a: Da PoopSock|ability: Disguise\n|-damage|p1a: Da PoopSock|100\/100\n|detailschange|p1a: Da PoopSock|Mimikyu-Busted, M\n|-damage|p1a: Da PoopSock|88\/100|[from] pokemon: Mimikyu-Busted\n|move|p1a: Da PoopSock|Swords Dance|p1a: Da PoopSock\n|-boost|p1a: Da PoopSock|atk|2\n|\n|-heal|p1a: Da PoopSock|94\/100|[from] Grassy Terrain\n|upkeep\n|turn|11\n|\n|t:|1700115284\n|move|p1a: Da PoopSock|Shadow Sneak|p2a: Ribombee\n|-damage|p2a: Ribombee|12\/100\n|-damage|p1a: Da PoopSock|84\/100|[from] item: Life Orb\n|move|p2a: Ribombee|Stun Spore|p1a: Da PoopSock|[miss]\n|-miss|p2a: Ribombee|p1a: Da PoopSock\n|\n|-heal|p2a: Ribombee|18\/100|[from] Grassy Terrain\n|-heal|p1a: Da PoopSock|90\/100|[from] Grassy Terrain\n|upkeep\n|turn|12\n|\n|t:|1700115291\n|move|p1a: Da PoopSock|Shadow Sneak|p2a: Ribombee\n|-damage|p2a: Ribombee|0 fnt\n|faint|p2a: Ribombee\n|-damage|p1a: Da PoopSock|80\/100|[from] item: Life Orb\n|\n|-heal|p1a: Da PoopSock|86\/100|[from] Grassy Terrain\n|upkeep\n|\n|t:|1700115304\n|switch|p2a: Hoopa|Hoopa-Unbound|100\/100\n|turn|13\n|\n|t:|1700115314\n|-terastallize|p2a: Hoopa|Dark\n|move|p2a: Hoopa|Dark Pulse|p1a: Da PoopSock\n|-damage|p1a: Da PoopSock|0 fnt\n|faint|p1a: Da PoopSock\n|\n|-fieldend|move: Grassy Terrain\n|upkeep\n|\n|t:|1700115319\n|switch|p1a: LemonJello|Rillaboom, F|100\/100\n|-activate|p1a: LemonJello|move: Sticky Web\n|-unboost|p1a: LemonJello|spe|1\n|-fieldstart|move: Grassy Terrain|[from] ability: Grassy Surge|[of] p1a: LemonJello\n|turn|14\n|\n|t:|1700115328\n|switch|p2a: Yanmega|Yanmega, M|100\/100\n|move|p1a: LemonJello|U-turn|p2a: Yanmega\n|-resisted|p2a: Yanmega\n|-damage|p2a: Yanmega|85\/100\n|\n|t:|1700115330\n|switch|p1a: Wall Cina|Chesnaught, F|100\/100|[from] U-turn\n|-activate|p1a: Wall Cina|move: Sticky Web\n|-unboost|p1a: Wall Cina|spe|1\n|\n|upkeep\n|turn|15\n|\n|t:|1700115344\n|move|p2a: Yanmega|Air Slash|p1a: Wall Cina\n|-supereffective|p1a: Wall Cina\n|-damage|p1a: Wall Cina|0 fnt\n|faint|p1a: Wall Cina\n|\n|upkeep\n|\n|t:|1700115349\n|switch|p1a: LemonJello|Rillaboom, F|100\/100\n|-activate|p1a: LemonJello|move: Sticky Web\n|-unboost|p1a: LemonJello|spe|1\n|turn|16\n|\n|t:|1700115356\n|-terastallize|p1a: LemonJello|Fairy\n|move|p2a: Yanmega|Air Slash|p1a: LemonJello\n|-damage|p1a: LemonJello|29\/100\n|move|p1a: LemonJello|Knock Off|p2a: Yanmega\n|-damage|p2a: Yanmega|44\/100\n|-enditem|p2a: Yanmega|Choice Specs|[from] move: Knock Off|[of] p1a: LemonJello\n|\n|-heal|p1a: LemonJello|35\/100|[from] Grassy Terrain\n|upkeep\n|turn|17\n|\n|t:|1700115362\n|move|p2a: Yanmega|Air Slash|p1a: LemonJello\n|-damage|p1a: LemonJello|0 fnt\n|faint|p1a: LemonJello\n|\n|win|CrushMeGoodra\n|l| CRIPPYwitdaGRIPPY\n","uploadtime":1700115367,"views":15,"p1id":"s3pp1","p2id":"crushmegoodra","formatid":"gen9ou","rating":0,"private":0,"password":""}