{"id":"gen9ou-1994040784","p1":"DenimHero","p2":"Reelyro","format":"[Gen 9] OU","log":"|j|\u2606DenimHero\n|j|\u2606Reelyro\n|t:|1700398416\n|gametype|singles\n|player|p1|DenimHero|emmet|1079\n|player|p2|Reelyro|gambler|1000\n|teamsize|p1|6\n|teamsize|p2|6\n|gen|9\n|tier|[Gen 9] OU\n|rated|\n|rule|Sleep Clause Mod: Limit one foe put to sleep\n|rule|Species Clause: Limit one of each Pok\u00e9mon\n|rule|OHKO Clause: OHKO moves are banned\n|rule|Evasion Items Clause: Evasion items are banned\n|rule|Evasion Moves Clause: Evasion moves are banned\n|rule|Endless Battle Clause: Forcing endless battles is banned\n|rule|HP Percentage Mod: HP is shown in percentages\n|clearpoke\n|poke|p1|Kommo-o, F|\n|poke|p1|Pelipper, M|\n|poke|p1|Samurott-Hisui, F|\n|poke|p1|Zapdos|\n|poke|p1|Great Tusk|\n|poke|p1|Cinderace, F|\n|poke|p2|Kleavor, F|\n|poke|p2|Samurott-Hisui, F|\n|poke|p2|Toxapex, M|\n|poke|p2|Iron Moth|\n|poke|p2|Kingambit, M|\n|poke|p2|Gholdengo|\n|teampreview\n|inactive|Battle timer is ON: inactive players will automatically lose when time's up. (requested by Reelyro)\n|\n|t:|1700398431\n|start\n|switch|p1a: Great Tusk|Great Tusk|100\/100\n|switch|p2a: Toxapex|Toxapex, M|100\/100\n|turn|1\n|\n|t:|1700398438\n|move|p1a: Great Tusk|Headlong Rush|p2a: Toxapex\n|-supereffective|p2a: Toxapex\n|-damage|p2a: Toxapex|33\/100\n|-unboost|p1a: Great Tusk|def|1\n|-unboost|p1a: Great Tusk|spd|1\n|move|p2a: Toxapex|Toxic Spikes|p1a: Great Tusk\n|-sidestart|p1: DenimHero|move: Toxic Spikes\n|\n|-heal|p2a: Toxapex|39\/100|[from] item: Black Sludge\n|upkeep\n|turn|2\n|\n|t:|1700398447\n|move|p2a: Toxapex|Baneful Bunker|p2a: Toxapex\n|-singleturn|p2a: Toxapex|move: Protect\n|move|p1a: Great Tusk|Headlong Rush|p2a: Toxapex\n|-activate|p2a: Toxapex|move: Protect\n|-status|p1a: Great Tusk|psn\n|\n|-heal|p2a: Toxapex|45\/100|[from] item: Black Sludge\n|-damage|p1a: Great Tusk|88\/100 psn|[from] psn\n|upkeep\n|turn|3\n|\n|t:|1700398468\n|switch|p2a: Samurott|Samurott-Hisui, F|100\/100\n|move|p1a: Great Tusk|Headlong Rush|p2a: Samurott\n|-damage|p2a: Samurott|37\/100\n|-unboost|p1a: Great Tusk|def|1\n|-unboost|p1a: Great Tusk|spd|1\n|\n|-damage|p1a: Great Tusk|76\/100 psn|[from] psn\n|upkeep\n|turn|4\n|\n|t:|1700398480\n|move|p2a: Samurott|Aqua Jet|p1a: Great Tusk\n|-supereffective|p1a: Great Tusk\n|-damage|p1a: Great Tusk|30\/100 psn\n|move|p1a: Great Tusk|Headlong Rush|p2a: Samurott\n|-damage|p2a: Samurott|0 fnt\n|-unboost|p1a: Great Tusk|def|1\n|-unboost|p1a: Great Tusk|spd|1\n|faint|p2a: Samurott\n|\n|-damage|p1a: Great Tusk|18\/100 psn|[from] psn\n|upkeep\n|\n|t:|1700398495\n|switch|p2a: Kleavor|Kleavor, F|100\/100\n|turn|5\n|\n|t:|1700398502\n|-end|p1a: Great Tusk|Protosynthesis|[silent]\n|switch|p1a: Pelipper|Pelipper, M|100\/100\n|-weather|RainDance|[from] ability: Drizzle|[of] p1a: Pelipper\n|move|p2a: Kleavor|Stone Axe|p1a: Pelipper\n|-supereffective|p1a: Pelipper\n|-damage|p1a: Pelipper|0 fnt\n|-sidestart|p1: DenimHero|move: Stealth Rock\n|faint|p1a: Pelipper\n|\n|-weather|RainDance|[upkeep]\n|upkeep\n|\n|t:|1700398519\n|switch|p1a: Great Tusk|Great Tusk|18\/100 psn\n|-damage|p1a: Great Tusk|15\/100 psn|[from] Stealth Rock\n|turn|6\n|\n|t:|1700398523\n|move|p1a: Great Tusk|Rapid Spin|p2a: Kleavor\n|-resisted|p2a: Kleavor\n|-damage|p2a: Kleavor|93\/100\n|-boost|p1a: Great Tusk|spe|1\n|-sideend|p1: DenimHero|Toxic Spikes|[from] move: Rapid Spin|[of] p1a: Great Tusk\n|-sideend|p1: DenimHero|Stealth Rock|[from] move: Rapid Spin|[of] p1a: Great Tusk\n|move|p2a: Kleavor|Stone Axe|p1a: Great Tusk\n|-resisted|p1a: Great Tusk\n|-damage|p1a: Great Tusk|6\/100 psn\n|-sidestart|p1: DenimHero|move: Stealth Rock\n|\n|-weather|RainDance|[upkeep]\n|-damage|p1a: Great Tusk|0 fnt|[from] psn\n|faint|p1a: Great Tusk\n|-end|p1a: Great Tusk|Protosynthesis|[silent]\n|upkeep\n|\n|t:|1700398532\n|switch|p1a: Kommo-o|Kommo-o, F|100\/100\n|-damage|p1a: Kommo-o|94\/100|[from] Stealth Rock\n|turn|7\n|\n|t:|1700398542\n|switch|p2a: Toxapex|Toxapex, M|78\/100\n|move|p1a: Kommo-o|Clangorous Soul|p1a: Kommo-o\n|-boost|p1a: Kommo-o|atk|1\n|-boost|p1a: Kommo-o|def|1\n|-boost|p1a: Kommo-o|spa|1\n|-boost|p1a: Kommo-o|spd|1\n|-boost|p1a: Kommo-o|spe|1\n|-damage|p1a: Kommo-o|62\/100\n|\n|-weather|RainDance|[upkeep]\n|-heal|p2a: Toxapex|85\/100|[from] item: Black Sludge\n|upkeep\n|turn|8\n|\n|t:|1700398553\n|move|p1a: Kommo-o|Clangorous Soul|p1a: Kommo-o\n|-boost|p1a: Kommo-o|atk|1\n|-boost|p1a: Kommo-o|def|1\n|-boost|p1a: Kommo-o|spa|1\n|-boost|p1a: Kommo-o|spd|1\n|-boost|p1a: Kommo-o|spe|1\n|-damage|p1a: Kommo-o|29\/100\n|-enditem|p1a: Kommo-o|Sitrus Berry|[eat]\n|-heal|p1a: Kommo-o|54\/100|[from] item: Sitrus Berry\n|move|p2a: Toxapex|Toxic|p1a: Kommo-o\n|-status|p1a: Kommo-o|tox\n|\n|-weather|RainDance|[upkeep]\n|-heal|p2a: Toxapex|91\/100|[from] item: Black Sludge\n|-damage|p1a: Kommo-o|47\/100 tox|[from] psn\n|upkeep\n|turn|9\n|\n|t:|1700398567\n|move|p2a: Toxapex|Baneful Bunker|p2a: Toxapex\n|-singleturn|p2a: Toxapex|move: Protect\n|move|p1a: Kommo-o|Clanging Scales|p2a: Toxapex\n|-activate|p2a: Toxapex|move: Protect\n|\n|-weather|none\n|-heal|p2a: Toxapex|97\/100|[from] item: Black Sludge\n|-damage|p1a: Kommo-o|35\/100 tox|[from] psn\n|upkeep\n|turn|10\n|\n|t:|1700398578\n|move|p2a: Toxapex|Baneful Bunker|p2a: Toxapex\n|-singleturn|p2a: Toxapex|move: Protect\n|move|p1a: Kommo-o|Clanging Scales|p2a: Toxapex\n|-activate|p2a: Toxapex|move: Protect\n|\n|-heal|p2a: Toxapex|100\/100|[from] item: Black Sludge\n|-damage|p1a: Kommo-o|16\/100 tox|[from] psn\n|upkeep\n|turn|11\n|\n|t:|1700398587\n|move|p1a: Kommo-o|Clanging Scales|p2a: Toxapex\n|-damage|p2a: Toxapex|39\/100\n|-unboost|p1a: Kommo-o|def|1\n|move|p2a: Toxapex|Toxic Spikes|p1a: Kommo-o\n|-sidestart|p1: DenimHero|move: Toxic Spikes\n|\n|-heal|p2a: Toxapex|46\/100|[from] item: Black Sludge\n|-damage|p1a: Kommo-o|0 fnt|[from] psn\n|faint|p1a: Kommo-o\n|upkeep\n|\n|t:|1700398591\n|switch|p1a: Zapdos|Zapdos|100\/100\n|-damage|p1a: Zapdos|76\/100|[from] Stealth Rock\n|turn|12\n|\n|t:|1700398611\n|switch|p2a: Gholdengo|Gholdengo|100\/100\n|-item|p2a: Gholdengo|Air Balloon\n|move|p1a: Zapdos|Volt Switch|p2a: Gholdengo\n|-damage|p2a: Gholdengo|71\/100\n|-enditem|p2a: Gholdengo|Air Balloon\n|inactive|DenimHero has 120 seconds left.\n|\n|t:|1700398647\n|switch|p1a: Samurott|Samurott-Hisui, F|100\/100|[from] Volt Switch\n|-damage|p1a: Samurott|88\/100|[from] Stealth Rock\n|-status|p1a: Samurott|psn\n|\n|-damage|p1a: Samurott|75\/100 psn|[from] psn\n|upkeep\n|turn|13\n|\n|t:|1700398656\n|move|p1a: Samurott|Ceaseless Edge|p2a: Gholdengo\n|-supereffective|p2a: Gholdengo\n|-damage|p2a: Gholdengo|0 fnt\n|-sidestart|p2: Reelyro|Spikes\n|faint|p2a: Gholdengo\n|-damage|p1a: Samurott|66\/100 psn|[from] item: Life Orb\n|\n|-damage|p1a: Samurott|53\/100 psn|[from] psn\n|upkeep\n|\n|t:|1700398667\n|switch|p2a: Toxapex|Toxapex, M|79\/100\n|-damage|p2a: Toxapex|66\/100|[from] Spikes\n|turn|14\n|inactive|DenimHero has 120 seconds left.\n|\n|t:|1700398706\n|move|p1a: Samurott|Ceaseless Edge|p2a: Toxapex\n|-damage|p2a: Toxapex|36\/100\n|-sidestart|p2: Reelyro|Spikes\n|-damage|p1a: Samurott|43\/100 psn|[from] item: Life Orb\n|move|p2a: Toxapex|Toxic||[still]\n|-fail|p2a: Toxapex\n|\n|-heal|p2a: Toxapex|43\/100|[from] item: Black Sludge\n|-damage|p1a: Samurott|31\/100 psn|[from] psn\n|upkeep\n|turn|15\n|\n|t:|1700398715\n|move|p2a: Toxapex|Baneful Bunker|p2a: Toxapex\n|-singleturn|p2a: Toxapex|move: Protect\n|move|p1a: Samurott|Swords Dance|p1a: Samurott\n|-boost|p1a: Samurott|atk|2\n|\n|-heal|p2a: Toxapex|49\/100|[from] item: Black Sludge\n|-damage|p1a: Samurott|18\/100 psn|[from] psn\n|upkeep\n|turn|16\n|inactive|DenimHero has 120 seconds left.\n|\n|t:|1700398747\n|move|p2a: Toxapex|Baneful Bunker||[still]\n|-fail|p2a: Toxapex\n|move|p1a: Samurott|Ceaseless Edge|p2a: Toxapex\n|-damage|p2a: Toxapex|0 fnt\n|-sidestart|p2: Reelyro|Spikes\n|faint|p2a: Toxapex\n|-damage|p1a: Samurott|8\/100 psn|[from] item: Life Orb\n|\n|-damage|p1a: Samurott|0 fnt|[from] psn\n|faint|p1a: Samurott\n|upkeep\n|\n|t:|1700398761\n|switch|p1a: Cinderace|Cinderace, F|100\/100\n|switch|p2a: Kleavor|Kleavor, F|93\/100\n|-damage|p2a: Kleavor|68\/100|[from] Spikes\n|turn|17\n|\n|t:|1700398775\n|switch|p2a: Iron Moth|Iron Moth|100\/100\n|-damage|p2a: Iron Moth|76\/100|[from] Spikes\n|-enditem|p2a: Iron Moth|Booster Energy\n|-activate|p2a: Iron Moth|ability: Quark Drive|[fromitem]\n|-start|p2a: Iron Moth|quarkdrivespa\n|move|p1a: Cinderace|High Jump Kick|p2a: Iron Moth\n|-start|p1a: Cinderace|typechange|Fighting|[from] ability: Libero\n|-resisted|p2a: Iron Moth\n|-damage|p2a: Iron Moth|22\/100\n|\n|upkeep\n|turn|18\n|inactive|DenimHero has 90 seconds left.\n|\n|t:|1700398801\n|move|p2a: Iron Moth|Fiery Dance|p1a: Cinderace\n|-damage|p1a: Cinderace|29\/100\n|move|p1a: Cinderace|High Jump Kick|p2a: Iron Moth\n|-resisted|p2a: Iron Moth\n|-damage|p2a: Iron Moth|0 fnt\n|faint|p2a: Iron Moth\n|-end|p2a: Iron Moth|Quark Drive|[silent]\n|\n|upkeep\n|\n|t:|1700398810\n|switch|p2a: Kingambit|Kingambit, M|100\/100\n|-damage|p2a: Kingambit|75\/100|[from] Spikes\n|-activate|p2a: Kingambit|ability: Supreme Overlord\n|-start|p2a: Kingambit|fallen4|[silent]\n|turn|19\n|\n|t:|1700398818\n|move|p2a: Kingambit|Sucker Punch||[still]\n|-fail|p2a: Kingambit\n|move|p1a: Cinderace|Court Change|p1a: Cinderace\n|-swapsideconditions\n|-activate|p1a: Cinderace|move: Court Change\n|\n|upkeep\n|turn|20\n|\n|t:|1700398824\n|switch|p1a: Zapdos|Zapdos|76\/100\n|move|p2a: Kingambit|Sucker Punch||[still]\n|-fail|p2a: Kingambit\n|\n|-heal|p1a: Zapdos|82\/100|[from] item: Leftovers\n|upkeep\n|turn|21\n|inactive|DenimHero has 120 seconds left.\n|\n|t:|1700398834\n|move|p1a: Zapdos|Heat Wave|p2a: Kingambit\n|-supereffective|p2a: Kingambit\n|-damage|p2a: Kingambit|25\/100\n|move|p2a: Kingambit|Kowtow Cleave|p1a: Zapdos\n|-damage|p1a: Zapdos|2\/100\n|\n|-heal|p1a: Zapdos|8\/100|[from] item: Leftovers\n|upkeep\n|turn|22\n|\n|t:|1700398842\n|move|p1a: Zapdos|Protect|p1a: Zapdos\n|-singleturn|p1a: Zapdos|Protect\n|move|p2a: Kingambit|Sucker Punch||[still]\n|-fail|p2a: Kingambit\n|\n|-heal|p1a: Zapdos|14\/100|[from] item: Leftovers\n|upkeep\n|turn|23\n|\n|t:|1700398848\n|move|p1a: Zapdos|Protect|p1a: Zapdos\n|-singleturn|p1a: Zapdos|Protect\n|move|p2a: Kingambit|Sucker Punch||[still]\n|-fail|p2a: Kingambit\n|\n|-heal|p1a: Zapdos|20\/100|[from] item: Leftovers\n|upkeep\n|turn|24\n|\n|t:|1700398854\n|move|p1a: Zapdos|Protect||[still]\n|-fail|p1a: Zapdos\n|move|p2a: Kingambit|Sucker Punch||[still]\n|-fail|p2a: Kingambit\n|\n|-heal|p1a: Zapdos|27\/100|[from] item: Leftovers\n|upkeep\n|turn|25\n|\n|t:|1700398859\n|move|p2a: Kingambit|Sucker Punch|p1a: Zapdos\n|-damage|p1a: Zapdos|0 fnt\n|-status|p2a: Kingambit|par|[from] ability: Static|[of] p1a: Zapdos\n|faint|p1a: Zapdos\n|\n|upkeep\n|\n|t:|1700398864\n|switch|p1a: Cinderace|Cinderace, F|29\/100\n|turn|26\n|\n|t:|1700398874\n|move|p2a: Kingambit|Sucker Punch|p1a: Cinderace\n|-damage|p1a: Cinderace|0 fnt\n|faint|p1a: Cinderace\n|\n|win|Reelyro\n|raw|DenimHero's rating: 1079 &rarr; <strong>1052<\/strong><br \/>(-27 for losing)\n|raw|Reelyro's rating: 1000 &rarr; <strong>1049<\/strong><br \/>(+49 for winning)\n|l|\u2606DenimHero\n","uploadtime":1700398906,"views":12,"p1id":"denimhero","p2id":"reelyro","formatid":"gen9ou","rating":1049,"private":0,"password":""}