{"id":"gen9ou-1995326268","p1":"mmxymm","p2":"kitty_Venom","format":"[Gen 9] OU","log":"|j|\u203dmmxymm\n|j|\u2606kitty_Venom\n|t:|1700554137\n|gametype|singles\n|player|p1|mmxymm|dawn|1402\n|player|p2|kitty_Venom|clair|1358\n|teamsize|p1|6\n|teamsize|p2|6\n|gen|9\n|tier|[Gen 9] OU\n|rated|\n|rule|Sleep Clause Mod: Limit one foe put to sleep\n|rule|Species Clause: Limit one of each Pok\u00e9mon\n|rule|OHKO Clause: OHKO moves are banned\n|rule|Evasion Items Clause: Evasion items are banned\n|rule|Evasion Moves Clause: Evasion moves are banned\n|rule|Endless Battle Clause: Forcing endless battles is banned\n|rule|HP Percentage Mod: HP is shown in percentages\n|clearpoke\n|poke|p1|Pelipper, M|\n|poke|p1|Zapdos|\n|poke|p1|Manaphy|\n|poke|p1|Barraskewda, F|\n|poke|p1|Scizor, F|\n|poke|p1|Landorus-Therian, M|\n|poke|p2|Dragonite, M|\n|poke|p2|Thundurus-Therian, M|\n|poke|p2|Ogerpon-Wellspring, F|\n|poke|p2|Gholdengo|\n|poke|p2|Slowking-Galar, M|\n|poke|p2|Great Tusk|\n|teampreview\n|inactive|Battle timer is ON: inactive players will automatically lose when time's up. (requested by kitty_Venom)\n|\n|t:|1700554164\n|start\n|switch|p1a: Landorus|Landorus-Therian, M|100\/100\n|switch|p2a: Magi|Thundurus-Therian, M|100\/100\n|-ability|p1a: Landorus|Intimidate|boost\n|-unboost|p2a: Magi|atk|1\n|turn|1\n|\n|t:|1700554174\n|-terastallize|p2a: Magi|Flying\n|move|p2a: Magi|Tera Blast|p1a: Landorus|[anim] Tera Blast Flying\n|-damage|p1a: Landorus|18\/100\n|move|p1a: Landorus|Stone Edge|p2a: Magi\n|-supereffective|p2a: Magi\n|-damage|p2a: Magi|0 fnt\n|faint|p2a: Magi\n|\n|-heal|p1a: Landorus|24\/100|[from] item: Leftovers\n|upkeep\n|inactive|kitty_Venom has 120 seconds left.\n|inactive|kitty_Venom has 90 seconds left.\n|c|\u2606kitty_Venom|so youre max spdef\n|\n|t:|1700554240\n|switch|p2a: Dream|Ogerpon-Wellspring, F|100\/100\n|turn|2\n|\n|t:|1700554268\n|switch|p1a: Pelipper|Pelipper, M|100\/100\n|-weather|RainDance|[from] ability: Drizzle|[of] p1a: Pelipper\n|move|p2a: Dream|Ivy Cudgel|p1a: Pelipper|[anim] Ivy Cudgel Water\n|-resisted|p1a: Pelipper\n|-damage|p1a: Pelipper|60\/100\n|\n|-weather|RainDance|[upkeep]\n|upkeep\n|turn|3\n|inactive|kitty_Venom has 90 seconds left.\n|\n|t:|1700554296\n|switch|p2a: STI|Slowking-Galar, M, shiny|100\/100\n|move|p1a: Pelipper|U-turn|p2a: STI\n|-damage|p2a: STI|91\/100\n|inactive|mmxymm has 120 seconds left.\n|\n|t:|1700554324\n|switch|p1a: Manaphy|Manaphy|100\/100|[from] U-turn\n|\n|-weather|RainDance|[upkeep]\n|upkeep\n|turn|4\n|inactive|kitty_Venom has 90 seconds left.\n|\n|t:|1700554337\n|move|p1a: Manaphy|Tail Glow|p1a: Manaphy\n|-boost|p1a: Manaphy|spa|3\n|move|p2a: STI|Future Sight|p1a: Manaphy\n|-start|p2a: STI|move: Future Sight\n|\n|-weather|RainDance|[upkeep]\n|upkeep\n|turn|5\n|inactive|kitty_Venom has 90 seconds left.\n|\n|t:|1700554346\n|move|p1a: Manaphy|Hydro Pump|p2a: STI\n|-damage|p2a: STI|12\/100\n|move|p2a: STI|Sludge Bomb|p1a: Manaphy\n|-damage|p1a: Manaphy|75\/100\n|-status|p1a: Manaphy|psn\n|\n|-weather|RainDance|[upkeep]\n|-activate|p1a: Manaphy|ability: Hydration\n|-curestatus|p1a: Manaphy|psn|[msg]\n|upkeep\n|turn|6\n|inactive|mmxymm has 120 seconds left.\n|\n|t:|1700554358\n|switch|p2a: Dream|Ogerpon-Wellspring, F|100\/100\n|move|p1a: Manaphy|Ice Beam|p2a: Dream\n|-damage|p2a: Dream|34\/100\n|\n|-weather|RainDance|[upkeep]\n|-end|p1a: Manaphy|move: Future Sight\n|-damage|p1a: Manaphy|43\/100\n|upkeep\n|turn|7\n|inactive|mmxymm has 120 seconds left.\n|\n|t:|1700554370\n|-terastallize|p1a: Manaphy|Grass\n|move|p2a: Dream|Horn Leech|p1a: Manaphy\n|-resisted|p1a: Manaphy\n|-crit|p1a: Manaphy\n|-damage|p1a: Manaphy|17\/100\n|-heal|p2a: Dream|52\/100|[from] drain|[of] p1a: Manaphy\n|move|p1a: Manaphy|Rest|p1a: Manaphy\n|-status|p1a: Manaphy|slp|[from] move: Rest\n|-heal|p1a: Manaphy|100\/100 slp|[silent]\n|\n|-weather|RainDance|[upkeep]\n|-activate|p1a: Manaphy|ability: Hydration\n|-curestatus|p1a: Manaphy|slp|[msg]\n|upkeep\n|turn|8\n|inactive|mmxymm has 120 seconds left.\n|\n|t:|1700554385\n|move|p2a: Dream|Encore|p1a: Manaphy\n|-start|p1a: Manaphy|Encore\n|move|p1a: Manaphy|Rest|p1a: Manaphy\n|-fail|p1a: Manaphy|heal\n|\n|-weather|RainDance|[upkeep]\n|upkeep\n|turn|9\n|\n|t:|1700554403\n|switch|p1a: Landorus|Landorus-Therian, M|24\/100\n|-ability|p1a: Landorus|Intimidate|boost\n|-unboost|p2a: Dream|atk|1\n|move|p2a: Dream|Swords Dance|p2a: Dream\n|-boost|p2a: Dream|atk|2\n|\n|-weather|none\n|-heal|p1a: Landorus|30\/100|[from] item: Leftovers\n|upkeep\n|turn|10\n|\n|t:|1700554414\n|move|p2a: Dream|Horn Leech|p1a: Landorus\n|-damage|p1a: Landorus|0 fnt\n|-heal|p2a: Dream|71\/100|[from] drain|[of] p1a: Landorus\n|faint|p1a: Landorus\n|\n|upkeep\n|\n|t:|1700554421\n|switch|p1a: Pelipper|Pelipper, M|60\/100\n|-weather|RainDance|[from] ability: Drizzle|[of] p1a: Pelipper\n|turn|11\n|\n|t:|1700554427\n|move|p2a: Dream|Horn Leech|p1a: Pelipper\n|-damage|p1a: Pelipper|0 fnt\n|-heal|p2a: Dream|100\/100|[from] drain|[of] p1a: Pelipper\n|faint|p1a: Pelipper\n|\n|-weather|RainDance|[upkeep]\n|upkeep\n|\n|t:|1700554445\n|switch|p1a: Barraskewda|Barraskewda, F|100\/100\n|turn|12\n|inactive|kitty_Venom has 120 seconds left.\n|\n|t:|1700554471\n|switch|p2a: STI|Slowking-Galar, M, shiny|46\/100\n|move|p1a: Barraskewda|Close Combat|p2a: STI\n|-resisted|p2a: STI\n|-damage|p2a: STI|29\/100\n|-unboost|p1a: Barraskewda|def|1\n|-unboost|p1a: Barraskewda|spd|1\n|\n|-weather|RainDance|[upkeep]\n|upkeep\n|turn|13\n|inactive|mmxymm has 120 seconds left.\n|inactive|kitty_Venom has 120 seconds left.\n|\n|t:|1700554484\n|switch|p1a: Scizor|Scizor, F|100\/100\n|switch|p2a: Cheese Touch|Gholdengo|100\/100\n|-item|p2a: Cheese Touch|Air Balloon\n|\n|-weather|RainDance|[upkeep]\n|upkeep\n|turn|14\n|inactive|mmxymm has 120 seconds left.\n|\n|t:|1700554501\n|move|p2a: Cheese Touch|Shadow Ball|p1a: Scizor\n|-damage|p1a: Scizor|60\/100\n|move|p1a: Scizor|U-turn|p2a: Cheese Touch\n|-resisted|p2a: Cheese Touch\n|-damage|p2a: Cheese Touch|94\/100\n|-enditem|p2a: Cheese Touch|Air Balloon\n|\n|t:|1700554520\n|switch|p1a: Manaphy|Manaphy, tera:Grass|100\/100|[from] U-turn\n|\n|-weather|RainDance|[upkeep]\n|upkeep\n|turn|15\n|\n|t:|1700554539\n|move|p1a: Manaphy|Tail Glow|p1a: Manaphy\n|-boost|p1a: Manaphy|spa|3\n|move|p2a: Cheese Touch|Shadow Ball|p1a: Manaphy\n|-damage|p1a: Manaphy|70\/100\n|\n|-weather|RainDance|[upkeep]\n|upkeep\n|turn|16\n|\n|t:|1700554551\n|switch|p2a: STI|Slowking-Galar, M, shiny|62\/100\n|move|p1a: Manaphy|Ice Beam|p2a: STI\n|-damage|p2a: STI|39\/100\n|\n|-weather|RainDance|[upkeep]\n|upkeep\n|turn|17\n|\n|t:|1700554562\n|move|p1a: Manaphy|Tail Glow|p1a: Manaphy\n|-boost|p1a: Manaphy|spa|3\n|move|p2a: STI|Ice Beam|p1a: Manaphy\n|-supereffective|p1a: Manaphy\n|-damage|p1a: Manaphy|39\/100\n|\n|-weather|RainDance|[upkeep]\n|upkeep\n|turn|18\n|\n|t:|1700554584\n|move|p1a: Manaphy|Rest|p1a: Manaphy\n|-status|p1a: Manaphy|slp|[from] move: Rest\n|-heal|p1a: Manaphy|100\/100 slp|[silent]\n|move|p2a: STI|Future Sight|p1a: Manaphy\n|-start|p2a: STI|move: Future Sight\n|\n|-weather|none\n|upkeep\n|turn|19\n|\n|t:|1700554594\n|cant|p1a: Manaphy|slp\n|move|p2a: STI|Ice Beam|p1a: Manaphy\n|-supereffective|p1a: Manaphy\n|-damage|p1a: Manaphy|67\/100 slp\n|\n|upkeep\n|turn|20\n|\n|t:|1700554600\n|cant|p1a: Manaphy|slp\n|move|p2a: STI|Fire Blast|p1a: Manaphy\n|-supereffective|p1a: Manaphy\n|-damage|p1a: Manaphy|26\/100 slp\n|\n|-end|p1a: Manaphy|move: Future Sight\n|-damage|p1a: Manaphy|0 fnt\n|faint|p1a: Manaphy\n|upkeep\n|\n|t:|1700554615\n|switch|p1a: Barraskewda|Barraskewda, F|100\/100\n|turn|21\n|\n|t:|1700554621\n|switch|p2a: RhinoPill|Great Tusk|100\/100\n|move|p1a: Barraskewda|Flip Turn|p2a: RhinoPill\n|-supereffective|p2a: RhinoPill\n|-damage|p2a: RhinoPill|47\/100\n|\n|t:|1700554628\n|switch|p1a: Zapdos|Zapdos|100\/100|[from] Flip Turn\n|\n|-heal|p2a: RhinoPill|53\/100|[from] item: Leftovers\n|upkeep\n|turn|22\n|\n|t:|1700554635\n|-end|p2a: RhinoPill|Protosynthesis|[silent]\n|switch|p2a: STI|Slowking-Galar, M, shiny|72\/100\n|move|p1a: Zapdos|Hurricane|p2a: STI\n|-damage|p2a: STI|52\/100\n|-start|p2a: STI|confusion\n|\n|upkeep\n|turn|23\n|inactive|mmxymm has 120 seconds left.\n|\n|t:|1700554646\n|move|p1a: Zapdos|Volt Switch|p2a: STI\n|-damage|p2a: STI|40\/100\n|\n|t:|1700554649\n|switch|p1a: Scizor|Scizor, F|60\/100|[from] Volt Switch\n|-activate|p2a: STI|confusion\n|move|p2a: STI|Ice Beam|p1a: Scizor\n|-resisted|p1a: Scizor\n|-damage|p1a: Scizor|48\/100\n|-enditem|p1a: Scizor|Sitrus Berry|[eat]\n|-heal|p1a: Scizor|73\/100|[from] item: Sitrus Berry\n|\n|upkeep\n|turn|24\n|inactive|mmxymm has 120 seconds left.\n|\n|t:|1700554663\n|switch|p2a: RhinoPill|Great Tusk|53\/100\n|move|p1a: Scizor|Bullet Punch|p2a: RhinoPill\n|-damage|p2a: RhinoPill|36\/100\n|\n|-heal|p2a: RhinoPill|42\/100|[from] item: Leftovers\n|upkeep\n|turn|25\n|\n|t:|1700554671\n|move|p2a: RhinoPill|Stealth Rock|p1a: Scizor\n|-sidestart|p1: mmxymm|move: Stealth Rock\n|move|p1a: Scizor|Dual Wingbeat|p2a: RhinoPill\n|-supereffective|p2a: RhinoPill\n|-damage|p2a: RhinoPill|20\/100\n|-supereffective|p2a: RhinoPill\n|-damage|p2a: RhinoPill|0 fnt\n|faint|p2a: RhinoPill\n|-end|p2a: RhinoPill|Protosynthesis|[silent]\n|-hitcount|p2: RhinoPill|2\n|\n|upkeep\n|\n|t:|1700554679\n|switch|p2a: Cheese Touch|Gholdengo|94\/100\n|turn|26\n|\n|t:|1700554685\n|move|p2a: Cheese Touch|Nasty Plot|p2a: Cheese Touch\n|-boost|p2a: Cheese Touch|spa|2\n|move|p1a: Scizor|U-turn|p2a: Cheese Touch\n|-resisted|p2a: Cheese Touch\n|-damage|p2a: Cheese Touch|87\/100\n|\n|t:|1700554691\n|switch|p1a: Barraskewda|Barraskewda, F|100\/100|[from] U-turn\n|-damage|p1a: Barraskewda|88\/100|[from] Stealth Rock\n|\n|upkeep\n|turn|27\n|\n|t:|1700554699\n|move|p1a: Barraskewda|Liquidation|p2a: Cheese Touch\n|-damage|p2a: Cheese Touch|36\/100\n|move|p2a: Cheese Touch|Make It Rain|p1a: Barraskewda\n|-resisted|p1a: Barraskewda\n|-damage|p1a: Barraskewda|0 fnt\n|-unboost|p2a: Cheese Touch|spa|1\n|faint|p1a: Barraskewda\n|\n|upkeep\n|\n|t:|1700554710\n|switch|p1a: Zapdos|Zapdos|100\/100\n|turn|28\n|\n|t:|1700554717\n|move|p1a: Zapdos|Thunder|p2a: Cheese Touch\n|-damage|p2a: Cheese Touch|0 fnt\n|faint|p2a: Cheese Touch\n|\n|upkeep\n|\n|t:|1700554728\n|switch|p2a: Chubbs|Dragonite, M|100\/100\n|turn|29\n|\n|t:|1700554733\n|move|p2a: Chubbs|Ice Spinner|p1a: Zapdos\n|-supereffective|p1a: Zapdos\n|-damage|p1a: Zapdos|53\/100\n|-status|p2a: Chubbs|par|[from] ability: Static|[of] p1a: Zapdos\n|move|p1a: Zapdos|Volt Switch|p2a: Chubbs\n|-damage|p2a: Chubbs|84\/100 par\n|\n|t:|1700554741\n|switch|p1a: Scizor|Scizor, F|73\/100|[from] Volt Switch\n|-damage|p1a: Scizor|61\/100|[from] Stealth Rock\n|\n|upkeep\n|turn|30\n|\n|t:|1700554752\n|move|p2a: Chubbs|Extreme Speed|p1a: Scizor\n|-resisted|p1a: Scizor\n|-damage|p1a: Scizor|46\/100\n|move|p1a: Scizor|Bullet Punch|p2a: Chubbs\n|-damage|p2a: Chubbs|49\/100 par\n|\n|upkeep\n|turn|31\n|\n|t:|1700554763\n|move|p1a: Scizor|Dual Wingbeat|p2a: Chubbs\n|-damage|p2a: Chubbs|27\/100 par\n|-damage|p2a: Chubbs|6\/100 par\n|-hitcount|p2a: Chubbs|2\n|move|p2a: Chubbs|Earthquake|p1a: Scizor\n|-damage|p1a: Scizor|10\/100\n|\n|upkeep\n|turn|32\n|\n|t:|1700554779\n|cant|p2a: Chubbs|par\n|move|p1a: Scizor|Bullet Punch|p2a: Chubbs\n|-damage|p2a: Chubbs|0 fnt\n|faint|p2a: Chubbs\n|\n|upkeep\n|\n|t:|1700554783\n|switch|p2a: Dream|Ogerpon-Wellspring, F|100\/100\n|turn|33\n|\n|t:|1700554791\n|move|p2a: Dream|Ivy Cudgel|p1a: Scizor|[anim] Ivy Cudgel Water\n|-damage|p1a: Scizor|0 fnt\n|faint|p1a: Scizor\n|\n|upkeep\n|\n|t:|1700554797\n|switch|p1a: Zapdos|Zapdos|53\/100\n|turn|34\n|\n|t:|1700554801\n|move|p2a: Dream|Ivy Cudgel|p1a: Zapdos|[anim] Ivy Cudgel Water\n|-damage|p1a: Zapdos|10\/100\n|move|p1a: Zapdos|Hurricane|p2a: Dream\n|-supereffective|p2a: Dream\n|-damage|p2a: Dream|0 fnt\n|faint|p2a: Dream\n|\n|upkeep\n|\n|t:|1700554807\n|switch|p2a: STI|Slowking-Galar, M, shiny|73\/100\n|turn|35\n|\n|t:|1700554814\n|move|p1a: Zapdos|Thunder|p2a: STI\n|-damage|p2a: STI|56\/100\n|-status|p2a: STI|par\n|move|p2a: STI|Sludge Bomb|p1a: Zapdos\n|-damage|p1a: Zapdos|0 fnt\n|faint|p1a: Zapdos\n|\n|win|kitty_Venom\n|raw|mmxymm's rating: 1402 &rarr; <strong>1379<\/strong><br \/>(-23 for losing)\n|raw|kitty_Venom's rating: 1358 &rarr; <strong>1381<\/strong><br \/>(+23 for winning)\n|l|\u203dmmxymm\n","uploadtime":1700554825,"views":4,"p1id":"mmxymm","p2id":"kittyvenom","formatid":"gen9ou","rating":1379,"private":0,"password":""}