{"id":"gen9ou-1995173628","p1":"SpaceBear9","p2":"PLAYB0I R0BBIE B","format":"[Gen 9] OU","log":"|j|\u2606SpaceBear9\n|j|\u2606PLAYB0I R0BBIE B\n|t:|1700530830\n|gametype|singles\n|player|p1|SpaceBear9|170|1217\n|player|p2|PLAYB0I R0BBIE B|eusine|1308\n|teamsize|p1|6\n|teamsize|p2|6\n|gen|9\n|tier|[Gen 9] OU\n|rated|\n|rule|Sleep Clause Mod: Limit one foe put to sleep\n|rule|Species Clause: Limit one of each Pok\u00e9mon\n|rule|OHKO Clause: OHKO moves are banned\n|rule|Evasion Items Clause: Evasion items are banned\n|rule|Evasion Moves Clause: Evasion moves are banned\n|rule|Endless Battle Clause: Forcing endless battles is banned\n|rule|HP Percentage Mod: HP is shown in percentages\n|clearpoke\n|poke|p1|Ting-Lu|\n|poke|p1|Zamazenta-*|\n|poke|p1|Gholdengo|\n|poke|p1|Iron Valiant|\n|poke|p1|Slowking-Galar, M|\n|poke|p1|Alomomola, F|\n|poke|p2|Meowscarada, F|\n|poke|p2|Heatran, F|\n|poke|p2|Thundurus-Therian, M|\n|poke|p2|Dragapult, F|\n|poke|p2|Great Tusk|\n|poke|p2|Azumarill, F|\n|teampreview\n|inactive|Battle timer is ON: inactive players will automatically lose when time's up. (requested by PLAYB0I R0BBIE B)\n|\n|t:|1700530867\n|start\n|switch|p1a: Slowking|Slowking-Galar, M|100\/100\n|switch|p2a: SICKO MODE|Meowscarada, F|100\/100\n|turn|1\n|inactive|SpaceBear9 has 120 seconds left.\n|\n|t:|1700530903\n|move|p2a: SICKO MODE|Knock Off|p1a: Slowking\n|-start|p2a: SICKO MODE|typechange|Dark|[from] ability: Protean\n|-supereffective|p1a: Slowking\n|-crit|p1a: Slowking\n|-damage|p1a: Slowking|0 fnt\n|-enditem|p1a: Slowking|Heavy-Duty Boots|[from] move: Knock Off|[of] p2a: SICKO MODE\n|faint|p1a: Slowking\n|\n|upkeep\n|\n|t:|1700530915\n|switch|p1a: Iron Valiant|Iron Valiant|100\/100\n|-enditem|p1a: Iron Valiant|Booster Energy\n|-activate|p1a: Iron Valiant|ability: Quark Drive|[fromitem]\n|-start|p1a: Iron Valiant|quarkdrivespe\n|turn|2\n|\n|t:|1700530931\n|switch|p2a: NO BYSTANDERS|Dragapult, F|100\/100\n|move|p1a: Iron Valiant|Calm Mind|p1a: Iron Valiant\n|-boost|p1a: Iron Valiant|spa|1\n|-boost|p1a: Iron Valiant|spd|1\n|\n|upkeep\n|turn|3\n|inactive|SpaceBear9 has 120 seconds left.\n|\n|t:|1700530942\n|-terastallize|p2a: NO BYSTANDERS|Fairy\n|move|p1a: Iron Valiant|Moonblast|p2a: NO BYSTANDERS\n|-damage|p2a: NO BYSTANDERS|13\/100\n|move|p2a: NO BYSTANDERS|Thunder Wave|p1a: Iron Valiant\n|-status|p1a: Iron Valiant|par\n|\n|upkeep\n|turn|4\n|inactive|SpaceBear9 has 120 seconds left.\n|\n|t:|1700530952\n|move|p2a: NO BYSTANDERS|Hex|p1a: Iron Valiant\n|-damage|p1a: Iron Valiant|37\/100 par\n|move|p1a: Iron Valiant|Thunderbolt|p2a: NO BYSTANDERS\n|-damage|p2a: NO BYSTANDERS|0 fnt\n|faint|p2a: NO BYSTANDERS\n|\n|upkeep\n|\n|t:|1700530955\n|switch|p2a: SICKO MODE|Meowscarada, F|100\/100\n|turn|5\n|\n|t:|1700530959\n|move|p2a: SICKO MODE|Flower Trick|p1a: Iron Valiant\n|-start|p2a: SICKO MODE|typechange|Grass|[from] ability: Protean\n|-crit|p1a: Iron Valiant\n|-damage|p1a: Iron Valiant|0 fnt\n|faint|p1a: Iron Valiant\n|-end|p1a: Iron Valiant|Quark Drive|[silent]\n|\n|upkeep\n|\n|t:|1700530970\n|switch|p1a: Gholdengo|Gholdengo|100\/100\n|turn|6\n|\n|t:|1700530983\n|switch|p2a: 5% TINT|Heatran, F|100\/100\n|-item|p2a: 5% TINT|Air Balloon\n|move|p1a: Gholdengo|Thunder Wave|p2a: 5% TINT\n|-status|p2a: 5% TINT|par\n|\n|upkeep\n|turn|7\n|\n|t:|1700530996\n|switch|p2a: SICKO MODE|Meowscarada, F|100\/100\n|move|p1a: Gholdengo|Hex|p2a: SICKO MODE\n|-resisted|p2a: SICKO MODE\n|-damage|p2a: SICKO MODE|79\/100\n|\n|upkeep\n|turn|8\n|\n|t:|1700531014\n|-terastallize|p1a: Gholdengo|Dragon\n|move|p2a: SICKO MODE|Knock Off|p1a: Gholdengo\n|-start|p2a: SICKO MODE|typechange|Dark|[from] ability: Protean\n|-damage|p1a: Gholdengo|32\/100\n|-enditem|p1a: Gholdengo|Leftovers|[from] move: Knock Off|[of] p2a: SICKO MODE\n|move|p1a: Gholdengo|Thunder Wave|p2a: SICKO MODE\n|-status|p2a: SICKO MODE|par\n|\n|upkeep\n|turn|9\n|\n|t:|1700531028\n|switch|p1a: Zamazenta|Zamazenta|100\/100\n|-ability|p1a: Zamazenta|Dauntless Shield|boost\n|-boost|p1a: Zamazenta|def|1\n|cant|p2a: SICKO MODE|par\n|\n|upkeep\n|turn|10\n|inactive|SpaceBear9 has 120 seconds left.\n|\n|t:|1700531045\n|switch|p2a: CAN'T SAY|Azumarill, F|100\/100\n|move|p1a: Zamazenta|Stone Edge|p2a: CAN'T SAY|[miss]\n|-miss|p1a: Zamazenta|p2a: CAN'T SAY\n|\n|upkeep\n|turn|11\n|\n|t:|1700531053\n|move|p1a: Zamazenta|Heavy Slam|p2a: CAN'T SAY\n|-damage|p2a: CAN'T SAY|63\/100\n|move|p2a: CAN'T SAY|Play Rough|p1a: Zamazenta|[miss]\n|-miss|p2a: CAN'T SAY|p1a: Zamazenta\n|\n|upkeep\n|turn|12\n|\n|t:|1700531063\n|move|p1a: Zamazenta|Heavy Slam|p2a: CAN'T SAY\n|-damage|p2a: CAN'T SAY|22\/100\n|move|p2a: CAN'T SAY|Play Rough|p1a: Zamazenta\n|-supereffective|p1a: Zamazenta\n|-damage|p1a: Zamazenta|33\/100\n|\n|upkeep\n|turn|13\n|\n|t:|1700531071\n|move|p2a: CAN'T SAY|Aqua Jet|p1a: Zamazenta\n|-damage|p1a: Zamazenta|18\/100\n|move|p1a: Zamazenta|Heavy Slam|p2a: CAN'T SAY\n|-damage|p2a: CAN'T SAY|0 fnt\n|faint|p2a: CAN'T SAY\n|\n|upkeep\n|\n|t:|1700531073\n|switch|p2a: YOSEMITE|Great Tusk|100\/100\n|turn|14\n|\n|t:|1700531104\n|move|p1a: Zamazenta|Stone Edge|p2a: YOSEMITE\n|-resisted|p2a: YOSEMITE\n|-damage|p2a: YOSEMITE|94\/100\n|move|p2a: YOSEMITE|Rapid Spin|p1a: Zamazenta\n|-damage|p1a: Zamazenta|7\/100\n|-boost|p2a: YOSEMITE|spe|1\n|\n|upkeep\n|turn|15\n|\n|t:|1700531112\n|move|p2a: YOSEMITE|Rapid Spin|p1a: Zamazenta\n|-crit|p1a: Zamazenta\n|-damage|p1a: Zamazenta|0 fnt\n|-boost|p2a: YOSEMITE|spe|1\n|faint|p1a: Zamazenta\n|\n|upkeep\n|\n|t:|1700531117\n|switch|p1a: Alomomola|Alomomola, F|100\/100\n|turn|16\n|\n|t:|1700531120\n|-end|p2a: YOSEMITE|Protosynthesis|[silent]\n|switch|p2a: ASTROTHUNDER|Thundurus-Therian, M|100\/100\n|move|p1a: Alomomola|Scald|p2a: ASTROTHUNDER\n|-damage|p2a: ASTROTHUNDER|82\/100\n|-status|p2a: ASTROTHUNDER|brn\n|\n|-damage|p2a: ASTROTHUNDER|76\/100 brn|[from] brn\n|upkeep\n|turn|17\n|\n|t:|1700531128\n|switch|p1a: Ting-Lu|Ting-Lu|100\/100\n|-ability|p1a: Ting-Lu|Vessel of Ruin\n|move|p2a: ASTROTHUNDER|Grass Knot|p1a: Ting-Lu\n|-supereffective|p1a: Ting-Lu\n|-damage|p1a: Ting-Lu|14\/100\n|\n|-heal|p1a: Ting-Lu|20\/100|[from] item: Leftovers\n|-damage|p2a: ASTROTHUNDER|70\/100 brn|[from] brn\n|upkeep\n|turn|18\n|\n|t:|1700531135\n|move|p2a: ASTROTHUNDER|Grass Knot|p1a: Ting-Lu\n|-supereffective|p1a: Ting-Lu\n|-damage|p1a: Ting-Lu|0 fnt\n|faint|p1a: Ting-Lu\n|\n|-damage|p2a: ASTROTHUNDER|64\/100 brn|[from] brn\n|upkeep\n|\n|t:|1700531141\n|switch|p1a: Gholdengo|Gholdengo, tera:Dragon|32\/100\n|turn|19\n|\n|t:|1700531145\n|switch|p2a: 5% TINT|Heatran, F|100\/100 par\n|-item|p2a: 5% TINT|Air Balloon\n|move|p1a: Gholdengo|Hex|p2a: 5% TINT\n|-damage|p2a: 5% TINT|47\/100 par\n|-enditem|p2a: 5% TINT|Air Balloon\n|\n|upkeep\n|turn|20\n|\n|t:|1700531152\n|move|p1a: Gholdengo|Hex|p2a: 5% TINT\n|-damage|p2a: 5% TINT|0 fnt\n|faint|p2a: 5% TINT\n|\n|upkeep\n|\n|t:|1700531155\n|switch|p2a: YOSEMITE|Great Tusk|94\/100\n|turn|21\n|\n|t:|1700531166\n|move|p2a: YOSEMITE|Ice Spinner|p1a: Gholdengo\n|-supereffective|p1a: Gholdengo\n|-damage|p1a: Gholdengo|0 fnt\n|faint|p1a: Gholdengo\n|\n|upkeep\n|-message|SpaceBear9 forfeited.\n|\n|win|PLAYB0I R0BBIE B\n|raw|SpaceBear9's rating: 1217 &rarr; <strong>1198<\/strong><br \/>(-19 for losing)\n|raw|PLAYB0I R0BBIE B's rating: 1308 &rarr; <strong>1323<\/strong><br \/>(+15 for winning)\n|l|\u2606SpaceBear9\n","uploadtime":1700531189,"views":6,"p1id":"spacebear9","p2id":"playb0ir0bbieb","formatid":"gen9ou","rating":1198,"private":0,"password":""}