{"id":"gen9ou-1998117757","p1":"Andy971","p2":"JackTheYak13","format":"[Gen 9] OU","log":"|j|\u2606Andy971\n|j|\u2606JackTheYak13\n|t:|1700894479\n|gametype|singles\n|player|p1|Andy971|2|1314\n|player|p2|JackTheYak13|crasherwake|1411\n|teamsize|p1|6\n|teamsize|p2|6\n|gen|9\n|tier|[Gen 9] OU\n|rated|\n|rule|Sleep Clause Mod: Limit one foe put to sleep\n|rule|Species Clause: Limit one of each Pok\u00e9mon\n|rule|OHKO Clause: OHKO moves are banned\n|rule|Evasion Items Clause: Evasion items are banned\n|rule|Evasion Moves Clause: Evasion moves are banned\n|rule|Endless Battle Clause: Forcing endless battles is banned\n|rule|HP Percentage Mod: HP is shown in percentages\n|clearpoke\n|poke|p1|Enamorus, F|\n|poke|p1|Zamazenta-*|\n|poke|p1|Azumarill, M|\n|poke|p1|Glimmora, M|\n|poke|p1|Dragapult, M|\n|poke|p1|Kingambit, F|\n|poke|p2|Vikavolt, F|\n|poke|p2|Enamorus, F|\n|poke|p2|Great Tusk|\n|poke|p2|Gholdengo|\n|poke|p2|Kommo-o, F|\n|poke|p2|Iron Moth|\n|teampreview\n|inactive|Battle timer is ON: inactive players will automatically lose when time's up. (requested by JackTheYak13)\n|\n|t:|1700894499\n|start\n|switch|p1a: Dragapult|Dragapult, M|100\/100\n|switch|p2a: Cheese Stick|Gholdengo|100\/100\n|-item|p2a: Cheese Stick|Air Balloon\n|turn|1\n|\n|t:|1700894508\n|-terastallize|p2a: Cheese Stick|Dark\n|move|p1a: Dragapult|Shadow Ball|p2a: Cheese Stick\n|-resisted|p2a: Cheese Stick\n|-damage|p2a: Cheese Stick|74\/100\n|-unboost|p2a: Cheese Stick|spd|1\n|-enditem|p2a: Cheese Stick|Air Balloon\n|-damage|p1a: Dragapult|91\/100|[from] item: Life Orb\n|move|p2a: Cheese Stick|Make It Rain|p1a: Dragapult\n|-damage|p1a: Dragapult|2\/100\n|-unboost|p2a: Cheese Stick|spa|1\n|\n|upkeep\n|turn|2\n|\n|t:|1700894526\n|switch|p1a: Kingambit|Kingambit, F|100\/100\n|switch|p2a: Snek|Enamorus, F|100\/100\n|\n|upkeep\n|turn|3\n|\n|t:|1700894541\n|switch|p2a: Ribombeee|Vikavolt, F, shiny|100\/100\n|-end|p1a: Kingambit|fallenundefined|[silent]\n|switch|p1a: Azumarill|Azumarill, M|100\/100\n|\n|upkeep\n|turn|4\n|\n|t:|1700894547\n|move|p1a: Azumarill|Belly Drum|p1a: Azumarill\n|-damage|p1a: Azumarill|50\/100\n|-setboost|p1a: Azumarill|atk|6|[from] move: Belly Drum\n|-enditem|p1a: Azumarill|Sitrus Berry|[eat]\n|-heal|p1a: Azumarill|75\/100|[from] item: Sitrus Berry\n|move|p2a: Ribombeee|Sticky Web|p1a: Azumarill\n|-sidestart|p1: Andy971|move: Sticky Web\n|\n|upkeep\n|turn|5\n|\n|t:|1700894553\n|-terastallize|p1a: Azumarill|Water\n|move|p1a: Azumarill|Aqua Jet|p2a: Ribombeee\n|-damage|p2a: Ribombeee|0 fnt\n|faint|p2a: Ribombeee\n|\n|upkeep\n|\n|t:|1700894562\n|switch|p2a: Tony Komo|Kommo-o, F, shiny|100\/100\n|turn|6\n|\n|t:|1700894567\n|move|p2a: Tony Komo|Clanging Scales|p1a: Azumarill\n|-damage|p1a: Azumarill|31\/100\n|-unboost|p2a: Tony Komo|def|1\n|move|p1a: Azumarill|Play Rough|p2a: Tony Komo\n|-supereffective|p2a: Tony Komo\n|-damage|p2a: Tony Komo|0 fnt\n|faint|p2a: Tony Komo\n|\n|upkeep\n|\n|t:|1700894573\n|switch|p2a: Cheese Stick|Gholdengo, tera:Dark|74\/100\n|turn|7\n|\n|t:|1700894582\n|move|p1a: Azumarill|Aqua Jet|p2a: Cheese Stick\n|-damage|p2a: Cheese Stick|0 fnt\n|faint|p2a: Cheese Stick\n|\n|upkeep\n|\n|t:|1700894586\n|switch|p2a: Snek|Enamorus, F|100\/100\n|turn|8\n|\n|t:|1700894590\n|move|p1a: Azumarill|Aqua Jet|p2a: Snek\n|-damage|p2a: Snek|0 fnt\n|faint|p2a: Snek\n|\n|upkeep\n|\n|t:|1700894593\n|switch|p2a: Both Baby|Iron Moth|100\/100\n|-enditem|p2a: Both Baby|Booster Energy\n|-activate|p2a: Both Baby|ability: Quark Drive|[fromitem]\n|-start|p2a: Both Baby|quarkdrivespe\n|turn|9\n|\n|t:|1700894597\n|move|p1a: Azumarill|Aqua Jet|p2a: Both Baby\n|-supereffective|p2a: Both Baby\n|-damage|p2a: Both Baby|0 fnt\n|faint|p2a: Both Baby\n|-end|p2a: Both Baby|Quark Drive|[silent]\n|\n|upkeep\n|\n|t:|1700894600\n|switch|p2a: Ooga Booga|Great Tusk|100\/100\n|-enditem|p2a: Ooga Booga|Booster Energy\n|-activate|p2a: Ooga Booga|ability: Protosynthesis|[fromitem]\n|-start|p2a: Ooga Booga|protosynthesisatk\n|turn|10\n|\n|t:|1700894606\n|move|p1a: Azumarill|Aqua Jet|p2a: Ooga Booga\n|-supereffective|p2a: Ooga Booga\n|-damage|p2a: Ooga Booga|0 fnt\n|faint|p2a: Ooga Booga\n|-end|p2a: Ooga Booga|Protosynthesis|[silent]\n|\n|win|Andy971\n|raw|Andy971's rating: 1314 &rarr; <strong>1339<\/strong><br \/>(+25 for winning)\n|raw|JackTheYak13's rating: 1411 &rarr; <strong>1386<\/strong><br \/>(-25 for losing)\n","uploadtime":1700894613,"views":2,"p1id":"andy971","p2id":"jacktheyak13","formatid":"gen9ou","rating":1339,"private":0,"password":""}