{"id":"gen9ou-1992887479","p1":"localdealerr","p2":"MianyangJiejie","format":"[Gen 9] OU","log":"|j|\u203dlocaldealerr\n|j|\u2606MianyangJiejie\n|t:|1700244043\n|gametype|singles\n|player|p1|localdealerr|101|1585\n|player|p2|MianyangJiejie|irida|1628\n|teamsize|p1|6\n|teamsize|p2|6\n|gen|9\n|tier|[Gen 9] OU\n|rated|\n|rule|Sleep Clause Mod: Limit one foe put to sleep\n|rule|Species Clause: Limit one of each Pok\u00e9mon\n|rule|OHKO Clause: OHKO moves are banned\n|rule|Evasion Items Clause: Evasion items are banned\n|rule|Evasion Moves Clause: Evasion moves are banned\n|rule|Endless Battle Clause: Forcing endless battles is banned\n|rule|HP Percentage Mod: HP is shown in percentages\n|clearpoke\n|poke|p1|Glimmora, F|\n|poke|p1|Ogerpon-Wellspring, F|\n|poke|p1|Great Tusk|\n|poke|p1|Gholdengo|\n|poke|p1|Kingambit, F|\n|poke|p1|Zapdos|\n|poke|p2|Ogerpon, F|\n|poke|p2|Zamazenta-*|\n|poke|p2|Zapdos|\n|poke|p2|Alomomola, F|\n|poke|p2|Landorus-Therian, M|\n|poke|p2|Iron Valiant|\n|teampreview\n|inactive|Battle timer is ON: inactive players will automatically lose when time's up. (requested by MianyangJiejie)\n|\n|t:|1700244070\n|start\n|switch|p1a: Zapdos|Zapdos|100\/100\n|switch|p2a: Alomomola|Alomomola, F|100\/100\n|turn|1\n|\n|t:|1700244085\n|move|p1a: Zapdos|Heat Wave|p2a: Alomomola\n|-resisted|p2a: Alomomola\n|-damage|p2a: Alomomola|88\/100\n|-enditem|p2a: Alomomola|Red Card|[of] p1a: Zapdos\n|drag|p1a: Great Tusk|Great Tusk|100\/100\n|-enditem|p1a: Great Tusk|Booster Energy\n|-activate|p1a: Great Tusk|ability: Protosynthesis|[fromitem]\n|-start|p1a: Great Tusk|protosynthesisspe\n|move|p2a: Alomomola|Flip Turn|p1a: Great Tusk\n|-supereffective|p1a: Great Tusk\n|-damage|p1a: Great Tusk|81\/100\n|\n|t:|1700244102\n|switch|p2a: Zapdos|Zapdos|100\/100|[from] Flip Turn\n|\n|upkeep\n|turn|2\n|\n|t:|1700244109\n|-end|p1a: Great Tusk|Protosynthesis|[silent]\n|switch|p1a: Glimmora|Glimmora, F|100\/100\n|move|p2a: Zapdos|Hurricane|p1a: Glimmora\n|-resisted|p1a: Glimmora\n|-damage|p1a: Glimmora|69\/100\n|\n|upkeep\n|turn|3\n|\n|t:|1700244121\n|move|p2a: Zapdos|Volt Switch|p1a: Glimmora\n|-damage|p1a: Glimmora|26\/100\n|\n|t:|1700244123\n|switch|p2a: Alomomola|Alomomola, F|100\/100|[from] Volt Switch\n|move|p1a: Glimmora|Sludge Wave|p2a: Alomomola\n|-damage|p2a: Alomomola|33\/100\n|\n|upkeep\n|turn|4\n|\n|t:|1700244132\n|move|p1a: Glimmora|Sludge Wave|p2a: Alomomola\n|-damage|p2a: Alomomola|0 fnt\n|faint|p2a: Alomomola\n|\n|upkeep\n|\n|t:|1700244135\n|switch|p2a: Zapdos|Zapdos|100\/100\n|turn|5\n|j| swag boi booz 2.0\n|\n|t:|1700244140\n|switch|p1a: Zapdos|Zapdos|100\/100\n|move|p2a: Zapdos|Volt Switch|p1a: Zapdos\n|-damage|p1a: Zapdos|67\/100\n|\n|t:|1700244151\n|switch|p2a: Landorus|Landorus-Therian, M|100\/100|[from] Volt Switch\n|-ability|p2a: Landorus|Intimidate|boost\n|-unboost|p1a: Zapdos|atk|1\n|\n|upkeep\n|turn|6\n|\n|t:|1700244157\n|switch|p1a: Glimmora|Glimmora, F|26\/100\n|move|p2a: Landorus|Stealth Rock|p1a: Glimmora\n|-sidestart|p1: localdealerr|move: Stealth Rock\n|\n|upkeep\n|turn|7\n|\n|t:|1700244163\n|move|p1a: Glimmora|Dazzling Gleam|p2a: Landorus\n|-damage|p2a: Landorus|67\/100\n|move|p2a: Landorus|Grass Knot|p1a: Glimmora\n|-damage|p1a: Glimmora|7\/100\n|\n|-heal|p2a: Landorus|73\/100|[from] item: Leftovers\n|upkeep\n|turn|8\n|\n|t:|1700244168\n|move|p1a: Glimmora|Dazzling Gleam|p2a: Landorus\n|-damage|p2a: Landorus|43\/100\n|move|p2a: Landorus|Grass Knot|p1a: Glimmora\n|-damage|p1a: Glimmora|0 fnt\n|faint|p1a: Glimmora\n|\n|-heal|p2a: Landorus|49\/100|[from] item: Leftovers\n|upkeep\n|\n|t:|1700244175\n|switch|p1a: Great Tusk|Great Tusk|81\/100\n|-damage|p1a: Great Tusk|78\/100|[from] Stealth Rock\n|turn|9\n|\n|t:|1700244193\n|move|p1a: Great Tusk|Ice Spinner|p2a: Landorus\n|-supereffective|p2a: Landorus\n|-damage|p2a: Landorus|0 fnt\n|faint|p2a: Landorus\n|\n|upkeep\n|\n|t:|1700244198\n|switch|p2a: Zamazenta|Zamazenta|100\/100\n|-ability|p2a: Zamazenta|Dauntless Shield|boost\n|-boost|p2a: Zamazenta|def|1\n|turn|10\n|\n|t:|1700244203\n|-end|p1a: Great Tusk|Protosynthesis|[silent]\n|switch|p1a: Gholdengo|Gholdengo|100\/100\n|-damage|p1a: Gholdengo|94\/100|[from] Stealth Rock\n|move|p2a: Zamazenta|Substitute|p2a: Zamazenta\n|-start|p2a: Zamazenta|Substitute\n|-damage|p2a: Zamazenta|76\/100\n|\n|-heal|p2a: Zamazenta|82\/100|[from] item: Leftovers\n|-heal|p1a: Gholdengo|100\/100|[from] item: Leftovers\n|upkeep\n|turn|11\n|\n|t:|1700244208\n|move|p2a: Zamazenta|Crunch|p1a: Gholdengo\n|-supereffective|p1a: Gholdengo\n|-damage|p1a: Gholdengo|60\/100\n|move|p1a: Gholdengo|Hex|p2a: Zamazenta\n|-activate|p2a: Zamazenta|move: Substitute|[damage]\n|\n|-heal|p2a: Zamazenta|88\/100|[from] item: Leftovers\n|-heal|p1a: Gholdengo|66\/100|[from] item: Leftovers\n|upkeep\n|turn|12\n|\n|t:|1700244215\n|move|p2a: Zamazenta|Crunch|p1a: Gholdengo\n|-supereffective|p1a: Gholdengo\n|-damage|p1a: Gholdengo|26\/100\n|-unboost|p1a: Gholdengo|def|1\n|move|p1a: Gholdengo|Recover|p1a: Gholdengo\n|-heal|p1a: Gholdengo|76\/100\n|\n|-heal|p2a: Zamazenta|94\/100|[from] item: Leftovers\n|-heal|p1a: Gholdengo|82\/100|[from] item: Leftovers\n|upkeep\n|turn|13\n|\n|t:|1700244218\n|switch|p1a: Zapdos|Zapdos|67\/100\n|move|p2a: Zamazenta|Crunch|p1a: Zapdos\n|-damage|p1a: Zapdos|42\/100\n|-unboost|p1a: Zapdos|def|1\n|\n|-heal|p2a: Zamazenta|99\/100|[from] item: Leftovers\n|upkeep\n|turn|14\n|\n|t:|1700244226\n|switch|p1a: Gholdengo|Gholdengo|82\/100\n|-damage|p1a: Gholdengo|76\/100|[from] Stealth Rock\n|move|p2a: Zamazenta|Iron Defense|p2a: Zamazenta\n|-boost|p2a: Zamazenta|def|2\n|\n|-heal|p2a: Zamazenta|100\/100|[from] item: Leftovers\n|-heal|p1a: Gholdengo|82\/100|[from] item: Leftovers\n|upkeep\n|turn|15\n|\n|t:|1700244230\n|move|p2a: Zamazenta|Crunch|p1a: Gholdengo\n|-supereffective|p1a: Gholdengo\n|-damage|p1a: Gholdengo|45\/100\n|-unboost|p1a: Gholdengo|def|1\n|move|p1a: Gholdengo|Hex|p2a: Zamazenta\n|-end|p2a: Zamazenta|Substitute\n|\n|-heal|p1a: Gholdengo|51\/100|[from] item: Leftovers\n|upkeep\n|turn|16\n|\n|t:|1700244237\n|switch|p1a: Zapdos|Zapdos|42\/100\n|move|p2a: Zamazenta|Substitute|p2a: Zamazenta\n|-start|p2a: Zamazenta|Substitute\n|-damage|p2a: Zamazenta|76\/100\n|\n|-heal|p2a: Zamazenta|82\/100|[from] item: Leftovers\n|upkeep\n|turn|17\n|\n|t:|1700244242\n|move|p2a: Zamazenta|Iron Defense|p2a: Zamazenta\n|-boost|p2a: Zamazenta|def|2\n|move|p1a: Zapdos|Roost|p1a: Zapdos\n|-heal|p1a: Zapdos|92\/100\n|-singleturn|p1a: Zapdos|move: Roost\n|\n|-heal|p2a: Zamazenta|88\/100|[from] item: Leftovers\n|upkeep\n|turn|18\n|\n|t:|1700244250\n|move|p2a: Zamazenta|Body Press|p1a: Zapdos\n|-resisted|p1a: Zapdos\n|-crit|p1a: Zapdos\n|-damage|p1a: Zapdos|17\/100\n|-status|p2a: Zamazenta|par|[from] ability: Static|[of] p1a: Zapdos\n|move|p1a: Zapdos|Discharge|p2a: Zamazenta\n|-end|p2a: Zamazenta|Substitute\n|\n|-heal|p2a: Zamazenta|94\/100 par|[from] item: Leftovers\n|upkeep\n|turn|19\n|\n|t:|1700244257\n|move|p1a: Zapdos|Discharge|p2a: Zamazenta\n|-damage|p2a: Zamazenta|65\/100 par\n|move|p2a: Zamazenta|Body Press|p1a: Zapdos\n|-resisted|p1a: Zapdos\n|-damage|p1a: Zapdos|0 fnt\n|faint|p1a: Zapdos\n|\n|-heal|p2a: Zamazenta|72\/100 par|[from] item: Leftovers\n|upkeep\n|\n|t:|1700244261\n|switch|p1a: Gholdengo|Gholdengo|51\/100\n|-damage|p1a: Gholdengo|45\/100|[from] Stealth Rock\n|turn|20\n|\n|t:|1700244265\n|move|p1a: Gholdengo|Recover|p1a: Gholdengo\n|-heal|p1a: Gholdengo|95\/100\n|move|p2a: Zamazenta|Crunch|p1a: Gholdengo\n|-supereffective|p1a: Gholdengo\n|-damage|p1a: Gholdengo|55\/100\n|-unboost|p1a: Gholdengo|def|1\n|\n|-heal|p1a: Gholdengo|61\/100|[from] item: Leftovers\n|-heal|p2a: Zamazenta|78\/100 par|[from] item: Leftovers\n|upkeep\n|turn|21\n|\n|t:|1700244273\n|switch|p1a: Great Tusk|Great Tusk|78\/100\n|-damage|p1a: Great Tusk|75\/100|[from] Stealth Rock\n|move|p2a: Zamazenta|Crunch|p1a: Great Tusk\n|-resisted|p1a: Great Tusk\n|-damage|p1a: Great Tusk|67\/100\n|\n|-heal|p2a: Zamazenta|84\/100 par|[from] item: Leftovers\n|upkeep\n|turn|22\n|\n|t:|1700244277\n|move|p1a: Great Tusk|Rapid Spin|p2a: Zamazenta\n|-damage|p2a: Zamazenta|79\/100 par\n|-boost|p1a: Great Tusk|spe|1\n|-sideend|p1: localdealerr|Stealth Rock|[from] move: Rapid Spin|[of] p1a: Great Tusk\n|cant|p2a: Zamazenta|par\n|\n|-heal|p2a: Zamazenta|85\/100 par|[from] item: Leftovers\n|upkeep\n|turn|23\n|\n|t:|1700244280\n|-end|p1a: Great Tusk|Protosynthesis|[silent]\n|switch|p1a: Gholdengo|Gholdengo|61\/100\n|move|p2a: Zamazenta|Crunch|p1a: Gholdengo\n|-supereffective|p1a: Gholdengo\n|-damage|p1a: Gholdengo|24\/100\n|\n|-heal|p1a: Gholdengo|30\/100|[from] item: Leftovers\n|-heal|p2a: Zamazenta|92\/100 par|[from] item: Leftovers\n|upkeep\n|turn|24\n|\n|t:|1700244286\n|move|p1a: Gholdengo|Recover|p1a: Gholdengo\n|-heal|p1a: Gholdengo|81\/100\n|move|p2a: Zamazenta|Crunch|p1a: Gholdengo\n|-supereffective|p1a: Gholdengo\n|-damage|p1a: Gholdengo|45\/100\n|\n|-heal|p1a: Gholdengo|51\/100|[from] item: Leftovers\n|-heal|p2a: Zamazenta|98\/100 par|[from] item: Leftovers\n|upkeep\n|turn|25\n|\n|t:|1700244288\n|move|p1a: Gholdengo|Hex|p2a: Zamazenta\n|-damage|p2a: Zamazenta|47\/100 par\n|move|p2a: Zamazenta|Crunch|p1a: Gholdengo\n|-supereffective|p1a: Gholdengo\n|-damage|p1a: Gholdengo|12\/100\n|-unboost|p1a: Gholdengo|def|1\n|\n|-heal|p1a: Gholdengo|18\/100|[from] item: Leftovers\n|-heal|p2a: Zamazenta|53\/100 par|[from] item: Leftovers\n|upkeep\n|turn|26\n|\n|t:|1700244295\n|move|p1a: Gholdengo|Hex|p2a: Zamazenta\n|-damage|p2a: Zamazenta|0 fnt\n|faint|p2a: Zamazenta\n|\n|-heal|p1a: Gholdengo|24\/100|[from] item: Leftovers\n|upkeep\n|\n|t:|1700244303\n|switch|p2a: Ogerpon|Ogerpon, F|100\/100\n|turn|27\n|\n|t:|1700244313\n|move|p2a: Ogerpon|Ivy Cudgel|p1a: Gholdengo\n|-resisted|p1a: Gholdengo\n|-damage|p1a: Gholdengo|0 fnt\n|faint|p1a: Gholdengo\n|\n|upkeep\n|\n|t:|1700244322\n|switch|p1a: Kingambit|Kingambit, F|100\/100\n|-activate|p1a: Kingambit|ability: Supreme Overlord\n|-start|p1a: Kingambit|fallen3|[silent]\n|turn|28\n|\n|t:|1700244330\n|switch|p2a: Zapdos|Zapdos|100\/100\n|-end|p1a: Kingambit|fallen3|[silent]\n|switch|p1a: Great Tusk|Great Tusk|67\/100\n|\n|upkeep\n|turn|29\n|\n|t:|1700244335\n|move|p2a: Zapdos|Hurricane|p1a: Great Tusk\n|-supereffective|p1a: Great Tusk\n|-damage|p1a: Great Tusk|0 fnt\n|faint|p1a: Great Tusk\n|-end|p1a: Great Tusk|Protosynthesis|[silent]\n|\n|upkeep\n|\n|t:|1700244342\n|switch|p1a: Ogerpon|Ogerpon-Wellspring, F|100\/100\n|turn|30\n|\n|t:|1700244355\n|move|p1a: Ogerpon|Trailblaze|p2a: Zapdos\n|-resisted|p2a: Zapdos\n|-damage|p2a: Zapdos|86\/100\n|-boost|p1a: Ogerpon|spe|1\n|-status|p1a: Ogerpon|par|[from] ability: Static|[of] p2a: Zapdos\n|move|p2a: Zapdos|Volt Switch|p1a: Ogerpon\n|-damage|p1a: Ogerpon|65\/100 par\n|\n|t:|1700244363\n|switch|p2a: Ogerpon|Ogerpon, F|100\/100|[from] Volt Switch\n|\n|upkeep\n|turn|31\n|\n|t:|1700244366\n|move|p2a: Ogerpon|U-turn|p1a: Ogerpon\n|-supereffective|p1a: Ogerpon\n|-damage|p1a: Ogerpon|0 fnt\n|faint|p1a: Ogerpon\n|\n|t:|1700244372\n|switch|p2a: Zapdos|Zapdos|86\/100|[from] U-turn\n|\n|upkeep\n|\n|t:|1700244375\n|switch|p1a: Kingambit|Kingambit, F|100\/100\n|-activate|p1a: Kingambit|ability: Supreme Overlord\n|-start|p1a: Kingambit|fallen5|[silent]\n|turn|32\n|\n|t:|1700244380\n|move|p2a: Zapdos|Thunder Wave|p1a: Kingambit\n|-status|p1a: Kingambit|par\n|move|p1a: Kingambit|Swords Dance|p1a: Kingambit\n|-boost|p1a: Kingambit|atk|2\n|\n|upkeep\n|turn|33\n|\n|t:|1700244384\n|move|p2a: Zapdos|Volt Switch|p1a: Kingambit\n|-damage|p1a: Kingambit|66\/100 par\n|\n|t:|1700244387\n|switch|p2a: Ogerpon|Ogerpon, F|100\/100|[from] Volt Switch\n|move|p1a: Kingambit|Kowtow Cleave|p2a: Ogerpon\n|-damage|p2a: Ogerpon|0 fnt\n|faint|p2a: Ogerpon\n|\n|upkeep\n|\n|t:|1700244388\n|switch|p2a: Zapdos|Zapdos|86\/100\n|turn|34\n|\n|t:|1700244391\n|move|p1a: Kingambit|Sucker Punch|p2a: Zapdos\n|-damage|p2a: Zapdos|0 fnt\n|faint|p2a: Zapdos\n|\n|upkeep\n|\n|t:|1700244393\n|switch|p2a: Iron Valiant|Iron Valiant|100\/100\n|-enditem|p2a: Iron Valiant|Booster Energy\n|-activate|p2a: Iron Valiant|ability: Quark Drive|[fromitem]\n|-start|p2a: Iron Valiant|quarkdrivespe\n|turn|35\n|\n|t:|1700244397\n|-terastallize|p1a: Kingambit|Ghost\n|move|p2a: Iron Valiant|Encore|p1a: Kingambit\n|-start|p1a: Kingambit|Encore\n|move|p1a: Kingambit|Sucker Punch||[still]\n|-fail|p1a: Kingambit\n|\n|upkeep\n|turn|36\n|\n|t:|1700244403\n|move|p1a: Kingambit|Sucker Punch||[still]\n|-fail|p1a: Kingambit\n|move|p2a: Iron Valiant|Calm Mind|p2a: Iron Valiant\n|-boost|p2a: Iron Valiant|spa|1\n|-boost|p2a: Iron Valiant|spd|1\n|\n|upkeep\n|turn|37\n|\n|t:|1700244406\n|move|p1a: Kingambit|Sucker Punch||[still]\n|-fail|p1a: Kingambit\n|move|p2a: Iron Valiant|Calm Mind|p2a: Iron Valiant\n|-boost|p2a: Iron Valiant|spa|1\n|-boost|p2a: Iron Valiant|spd|1\n|\n|-end|p1a: Kingambit|Encore\n|upkeep\n|turn|38\n|\n|t:|1700244409\n|move|p2a: Iron Valiant|Encore|p1a: Kingambit\n|-start|p1a: Kingambit|Encore\n|cant|p1a: Kingambit|par\n|\n|upkeep\n|turn|39\n|\n|t:|1700244411\n|cant|p1a: Kingambit|par\n|move|p2a: Iron Valiant|Calm Mind|p2a: Iron Valiant\n|-boost|p2a: Iron Valiant|spa|1\n|-boost|p2a: Iron Valiant|spd|1\n|\n|upkeep\n|turn|40\n|\n|t:|1700244414\n|move|p1a: Kingambit|Sucker Punch||[still]\n|-fail|p1a: Kingambit\n|move|p2a: Iron Valiant|Calm Mind|p2a: Iron Valiant\n|-boost|p2a: Iron Valiant|spa|1\n|-boost|p2a: Iron Valiant|spd|1\n|\n|-end|p1a: Kingambit|Encore\n|upkeep\n|turn|41\n|\n|t:|1700244417\n|move|p1a: Kingambit|Sucker Punch||[still]\n|-fail|p1a: Kingambit\n|move|p2a: Iron Valiant|Encore|p1a: Kingambit\n|-start|p1a: Kingambit|Encore\n|\n|upkeep\n|turn|42\n|\n|t:|1700244420\n|move|p1a: Kingambit|Sucker Punch||[still]\n|-fail|p1a: Kingambit\n|move|p2a: Iron Valiant|Calm Mind|p2a: Iron Valiant\n|-boost|p2a: Iron Valiant|spa|1\n|-boost|p2a: Iron Valiant|spd|1\n|\n|upkeep\n|turn|43\n|\n|t:|1700244423\n|move|p1a: Kingambit|Sucker Punch||[still]\n|-fail|p1a: Kingambit\n|-enditem|p1a: Kingambit|Leppa Berry|[eat]\n|-activate|p1a: Kingambit|item: Leppa Berry|Sucker Punch|[consumed]\n|move|p2a: Iron Valiant|Calm Mind|p2a: Iron Valiant\n|-boost|p2a: Iron Valiant|spa|1\n|-boost|p2a: Iron Valiant|spd|1\n|\n|upkeep\n|turn|44\n|\n|t:|1700244429\n|move|p1a: Kingambit|Sucker Punch||[still]\n|-fail|p1a: Kingambit\n|move|p2a: Iron Valiant|Calm Mind|p2a: Iron Valiant\n|-boost|p2a: Iron Valiant|spa|0\n|-boost|p2a: Iron Valiant|spd|0\n|\n|-end|p1a: Kingambit|Encore\n|upkeep\n|turn|45\n|\n|t:|1700244433\n|move|p2a: Iron Valiant|Encore|p1a: Kingambit\n|-start|p1a: Kingambit|Encore\n|cant|p1a: Kingambit|par\n|\n|upkeep\n|turn|46\n|-message|localdealerr forfeited.\n|\n|win|MianyangJiejie\n|raw|localdealerr's rating: 1585 &rarr; <strong>1567<\/strong><br \/>(-18 for losing)\n|raw|MianyangJiejie's rating: 1628 &rarr; <strong>1646<\/strong><br \/>(+18 for winning)\n|l|\u203dlocaldealerr\n","uploadtime":1700244467,"views":14,"p1id":"localdealerr","p2id":"mianyangjiejie","formatid":"gen9ou","rating":1567,"private":0,"password":""}