{"id":"gen9ou-1996413616","p1":"Deezmcnuggetz","p2":"Gruff10101","format":"[Gen 9] OU","log":"|j|\u2606Deezmcnuggetz\n|j|\u2606Gruff10101\n|t:|1700679661\n|gametype|singles\n|player|p1|Deezmcnuggetz|169|1274\n|player|p2|Gruff10101|169|1171\n|teamsize|p1|6\n|teamsize|p2|6\n|gen|9\n|tier|[Gen 9] OU\n|rated|\n|rule|Sleep Clause Mod: Limit one foe put to sleep\n|rule|Species Clause: Limit one of each Pok\u00e9mon\n|rule|OHKO Clause: OHKO moves are banned\n|rule|Evasion Items Clause: Evasion items are banned\n|rule|Evasion Moves Clause: Evasion moves are banned\n|rule|Endless Battle Clause: Forcing endless battles is banned\n|rule|HP Percentage Mod: HP is shown in percentages\n|clearpoke\n|poke|p1|Scyther, M|\n|poke|p1|Armarouge, M|\n|poke|p1|Goodra-Hisui, F|\n|poke|p1|Landorus-Therian, M|\n|poke|p1|Iron Treads|\n|poke|p1|Samurott-Hisui, M|\n|poke|p2|Enamorus, F|\n|poke|p2|Gholdengo|\n|poke|p2|Rillaboom, M|\n|poke|p2|Glimmora, F|\n|poke|p2|Ogerpon-Wellspring, F|\n|poke|p2|Heatran, M|\n|teampreview\n|inactive|Battle timer is ON: inactive players will automatically lose when time's up. (requested by Gruff10101)\n|inactive|Gruff10101 has 120 seconds left.\n|\n|t:|1700679699\n|start\n|switch|p1a: Samurott|Samurott-Hisui, M|100\/100\n|switch|p2a: Glimmora|Glimmora, F|100\/100\n|turn|1\n|\n|t:|1700679718\n|move|p1a: Samurott|Ceaseless Edge|p2a: Glimmora\n|-damage|p2a: Glimmora|47\/100\n|-activate|p2a: Glimmora|ability: Toxic Debris\n|-sidestart|p1: Deezmcnuggetz|move: Toxic Spikes\n|-sidestart|p2: Gruff10101|Spikes\n|move|p2a: Glimmora|Rock Slide|p1a: Samurott\n|-damage|p1a: Samurott|83\/100\n|\n|upkeep\n|turn|2\n|\n|t:|1700679728\n|move|p1a: Samurott|Ceaseless Edge|p2a: Glimmora\n|-damage|p2a: Glimmora|0 fnt\n|-activate|p2a: Glimmora|ability: Toxic Debris\n|-sidestart|p1: Deezmcnuggetz|move: Toxic Spikes\n|-sidestart|p2: Gruff10101|Spikes\n|faint|p2a: Glimmora\n|\n|upkeep\n|\n|t:|1700679752\n|switch|p2a: Enamorus|Enamorus, F|100\/100\n|turn|3\n|\n|t:|1700679775\n|move|p2a: Enamorus|Superpower|p1a: Samurott\n|-supereffective|p1a: Samurott\n|-damage|p1a: Samurott|0 fnt\n|-boost|p2a: Enamorus|atk|1\n|-boost|p2a: Enamorus|def|1\n|faint|p1a: Samurott\n|\n|upkeep\n|inactive|Deezmcnuggetz has 120 seconds left.\n|\n|t:|1700679794\n|switch|p1a: Iron Treads|Iron Treads|100\/100\n|turn|4\n|\n|t:|1700679801\n|-terastallize|p2a: Enamorus|Flying\n|-terastallize|p1a: Iron Treads|Ground\n|move|p2a: Enamorus|Superpower|p1a: Iron Treads\n|-damage|p1a: Iron Treads|51\/100\n|-boost|p2a: Enamorus|atk|1\n|-boost|p2a: Enamorus|def|1\n|move|p1a: Iron Treads|Rapid Spin|p2a: Enamorus\n|-damage|p2a: Enamorus|87\/100\n|-boost|p1a: Iron Treads|spe|1\n|-sideend|p1: Deezmcnuggetz|Toxic Spikes|[from] move: Rapid Spin|[of] p1a: Iron Treads\n|\n|upkeep\n|turn|5\n|inactive|Deezmcnuggetz has 120 seconds left.\n|\n|t:|1700679822\n|move|p1a: Iron Treads|Stealth Rock|p2a: Enamorus\n|-sidestart|p2: Gruff10101|move: Stealth Rock\n|move|p2a: Enamorus|Superpower|p1a: Iron Treads\n|-damage|p1a: Iron Treads|0 fnt\n|-boost|p2a: Enamorus|atk|1\n|-boost|p2a: Enamorus|def|1\n|faint|p1a: Iron Treads\n|-end|p1a: Iron Treads|Quark Drive|[silent]\n|\n|upkeep\n|\n|t:|1700679824\n|switch|p1a: Landorus|Landorus-Therian, M, shiny|100\/100\n|-ability|p1a: Landorus|Intimidate|boost\n|-boost|p2a: Enamorus|atk|1\n|turn|6\n|\n|t:|1700679832\n|move|p2a: Enamorus|Moonblast|p1a: Landorus\n|-damage|p1a: Landorus|35\/100\n|move|p1a: Landorus|Smack Down|p2a: Enamorus\n|-supereffective|p2a: Enamorus\n|-damage|p2a: Enamorus|63\/100\n|-start|p2a: Enamorus|Smack Down\n|\n|upkeep\n|turn|7\n|\n|t:|1700679843\n|switch|p1a: Goodra|Goodra-Hisui, F|100\/100\n|move|p2a: Enamorus|Moonblast|p1a: Goodra\n|-damage|p1a: Goodra|75\/100\n|\n|-heal|p1a: Goodra|82\/100|[from] item: Leftovers\n|upkeep\n|turn|8\n|inactive|Deezmcnuggetz has 120 seconds left.\n|inactive|Gruff10101 has 120 seconds left.\n|\n|t:|1700679886\n|switch|p1a: Landorus|Landorus-Therian, M, shiny|35\/100\n|-ability|p1a: Landorus|Intimidate|boost\n|-boost|p2a: Enamorus|atk|1\n|move|p2a: Enamorus|Superpower|p1a: Landorus\n|-resisted|p1a: Landorus\n|-damage|p1a: Landorus|0 fnt\n|-boost|p2a: Enamorus|atk|1\n|-boost|p2a: Enamorus|def|1\n|-damage|p2a: Enamorus|46\/100|[from] item: Rocky Helmet|[of] p1a: Landorus\n|faint|p1a: Landorus\n|\n|upkeep\n|\n|t:|1700679905\n|switch|p1a: Armarouge|Armarouge, M|100\/100\n|turn|9\n|inactive|Gruff10101 has 120 seconds left.\n|\n|t:|1700679928\n|move|p2a: Enamorus|Earth Power|p1a: Armarouge\n|-supereffective|p1a: Armarouge\n|-damage|p1a: Armarouge|59\/100\n|move|p1a: Armarouge|Armor Cannon|p2a: Enamorus\n|-damage|p2a: Enamorus|0 fnt\n|-unboost|p1a: Armarouge|def|1\n|-unboost|p1a: Armarouge|spd|1\n|faint|p2a: Enamorus\n|\n|upkeep\n|\n|t:|1700679939\n|switch|p2a: Heatran|Heatran, M|100\/100\n|-damage|p2a: Heatran|84\/100|[from] Spikes\n|-damage|p2a: Heatran|71\/100|[from] Stealth Rock\n|turn|10\n|\n|t:|1700679945\n|move|p2a: Heatran|Flash Cannon|p1a: Armarouge\n|-resisted|p1a: Armarouge\n|-damage|p1a: Armarouge|35\/100\n|move|p1a: Armarouge|Aura Sphere|p2a: Heatran\n|-supereffective|p2a: Heatran\n|-damage|p2a: Heatran|23\/100\n|\n|-heal|p2a: Heatran|29\/100|[from] item: Leftovers\n|upkeep\n|turn|11\n|inactive|Deezmcnuggetz has 120 seconds left.\n|\n|t:|1700679963\n|move|p2a: Heatran|Flash Cannon|p1a: Armarouge\n|-resisted|p1a: Armarouge\n|-damage|p1a: Armarouge|12\/100\n|move|p1a: Armarouge|Aura Sphere|p2a: Heatran\n|-supereffective|p2a: Heatran\n|-damage|p2a: Heatran|0 fnt\n|faint|p2a: Heatran\n|\n|upkeep\n|\n|t:|1700679969\n|switch|p2a: Rillaboom|Rillaboom, M|100\/100\n|-damage|p2a: Rillaboom|84\/100|[from] Spikes\n|-damage|p2a: Rillaboom|72\/100|[from] Stealth Rock\n|-fieldstart|move: Grassy Terrain|[from] ability: Grassy Surge|[of] p2a: Rillaboom\n|-enditem|p2a: Rillaboom|Grassy Seed\n|-boost|p2a: Rillaboom|def|1|[from] item: Grassy Seed\n|turn|12\n|\n|t:|1700679974\n|move|p2a: Rillaboom|Grassy Glide|p1a: Armarouge\n|-resisted|p1a: Armarouge\n|-damage|p1a: Armarouge|0 fnt\n|faint|p1a: Armarouge\n|\n|-heal|p2a: Rillaboom|78\/100|[from] Grassy Terrain\n|upkeep\n|\n|t:|1700679979\n|switch|p1a: Scyther|Scyther, M|100\/100\n|turn|13\n|\n|t:|1700679993\n|switch|p2a: Gholdengo|Gholdengo|100\/100\n|-damage|p2a: Gholdengo|84\/100|[from] Spikes\n|-damage|p2a: Gholdengo|78\/100|[from] Stealth Rock\n|move|p1a: Scyther|Swords Dance|p1a: Scyther\n|-boost|p1a: Scyther|atk|2\n|\n|-heal|p2a: Gholdengo|84\/100|[from] Grassy Terrain\n|upkeep\n|turn|14\n|\n|t:|1700680018\n|switch|p1a: Goodra|Goodra-Hisui, F|82\/100\n|move|p2a: Gholdengo|Shadow Ball|p1a: Goodra\n|-damage|p1a: Goodra|51\/100\n|-damage|p2a: Gholdengo|74\/100|[from] item: Life Orb\n|\n|-heal|p2a: Gholdengo|80\/100|[from] Grassy Terrain\n|-heal|p1a: Goodra|57\/100|[from] Grassy Terrain\n|-heal|p1a: Goodra|63\/100|[from] item: Leftovers\n|upkeep\n|turn|15\n|inactive|Gruff10101 has 120 seconds left.\n|\n|t:|1700680036\n|move|p2a: Gholdengo|Nasty Plot|p2a: Gholdengo\n|-boost|p2a: Gholdengo|spa|2\n|move|p1a: Goodra|Flamethrower|p2a: Gholdengo\n|-supereffective|p2a: Gholdengo\n|-damage|p2a: Gholdengo|23\/100\n|\n|-heal|p2a: Gholdengo|29\/100|[from] Grassy Terrain\n|-heal|p1a: Goodra|69\/100|[from] Grassy Terrain\n|-heal|p1a: Goodra|75\/100|[from] item: Leftovers\n|upkeep\n|turn|16\n|\n|t:|1700680043\n|move|p2a: Gholdengo|Shadow Ball|p1a: Goodra\n|-damage|p1a: Goodra|13\/100\n|-unboost|p1a: Goodra|spd|1\n|-damage|p2a: Gholdengo|19\/100|[from] item: Life Orb\n|move|p1a: Goodra|Flamethrower|p2a: Gholdengo\n|-supereffective|p2a: Gholdengo\n|-damage|p2a: Gholdengo|0 fnt\n|faint|p2a: Gholdengo\n|\n|-heal|p1a: Goodra|19\/100|[from] Grassy Terrain\n|-heal|p1a: Goodra|25\/100|[from] item: Leftovers\n|-fieldend|move: Grassy Terrain\n|upkeep\n|\n|t:|1700680054\n|switch|p2a: Ogerpon|Ogerpon-Wellspring, F|100\/100\n|-damage|p2a: Ogerpon|84\/100|[from] Spikes\n|-damage|p2a: Ogerpon|72\/100|[from] Stealth Rock\n|turn|17\n|\n|t:|1700680062\n|move|p2a: Ogerpon|Swords Dance|p2a: Ogerpon\n|-boost|p2a: Ogerpon|atk|2\n|move|p1a: Goodra|Dragon Tail|p2a: Ogerpon\n|-damage|p2a: Ogerpon|45\/100\n|drag|p2a: Rillaboom|Rillaboom, M|78\/100\n|-damage|p2a: Rillaboom|61\/100|[from] Spikes\n|-damage|p2a: Rillaboom|49\/100|[from] Stealth Rock\n|-fieldstart|move: Grassy Terrain|[from] ability: Grassy Surge|[of] p2a: Rillaboom\n|\n|-heal|p2a: Rillaboom|55\/100|[from] Grassy Terrain\n|-heal|p1a: Goodra|32\/100|[from] Grassy Terrain\n|-heal|p1a: Goodra|38\/100|[from] item: Leftovers\n|upkeep\n|turn|18\n|\n|t:|1700680071\n|move|p2a: Rillaboom|Fake Out|p1a: Goodra\n|-resisted|p1a: Goodra\n|-damage|p1a: Goodra|32\/100\n|cant|p1a: Goodra|flinch\n|\n|-heal|p2a: Rillaboom|61\/100|[from] Grassy Terrain\n|-heal|p1a: Goodra|38\/100|[from] Grassy Terrain\n|-heal|p1a: Goodra|44\/100|[from] item: Leftovers\n|upkeep\n|turn|19\n|\n|t:|1700680080\n|move|p2a: Rillaboom|Wood Hammer|p1a: Goodra\n|-ability|p1a: Goodra|Sap Sipper|boost\n|-boost|p1a: Goodra|atk|1\n|move|p1a: Goodra|Flamethrower|p2a: Rillaboom\n|-supereffective|p2a: Rillaboom\n|-damage|p2a: Rillaboom|18\/100\n|-status|p2a: Rillaboom|brn\n|\n|-heal|p2a: Rillaboom|24\/100 brn|[from] Grassy Terrain\n|-heal|p1a: Goodra|50\/100|[from] Grassy Terrain\n|-heal|p1a: Goodra|56\/100|[from] item: Leftovers\n|-damage|p2a: Rillaboom|18\/100 brn|[from] brn\n|upkeep\n|turn|20\n|\n|t:|1700680086\n|switch|p1a: Scyther|Scyther, M|100\/100\n|move|p2a: Rillaboom|Knock Off|p1a: Scyther\n|-crit|p1a: Scyther\n|-damage|p1a: Scyther|73\/100\n|-enditem|p1a: Scyther|Eviolite|[from] move: Knock Off|[of] p2a: Rillaboom\n|\n|-heal|p2a: Rillaboom|24\/100 brn|[from] Grassy Terrain\n|-damage|p2a: Rillaboom|18\/100 brn|[from] brn\n|upkeep\n|turn|21\n|\n|t:|1700680093\n|move|p1a: Scyther|Trailblaze|p2a: Rillaboom\n|-resisted|p2a: Rillaboom\n|-damage|p2a: Rillaboom|8\/100 brn\n|-boost|p1a: Scyther|spe|1\n|move|p2a: Rillaboom|Wood Hammer|p1a: Scyther\n|-resisted|p1a: Scyther\n|-damage|p1a: Scyther|57\/100\n|-damage|p2a: Rillaboom|4\/100 brn|[from] Recoil\n|\n|-heal|p2a: Rillaboom|10\/100 brn|[from] Grassy Terrain\n|-damage|p2a: Rillaboom|4\/100 brn|[from] brn\n|-fieldend|move: Grassy Terrain\n|upkeep\n|turn|22\n|\n|t:|1700680100\n|move|p1a: Scyther|Trailblaze|p2a: Rillaboom\n|-resisted|p2a: Rillaboom\n|-damage|p2a: Rillaboom|0 fnt\n|-boost|p1a: Scyther|spe|1\n|faint|p2a: Rillaboom\n|\n|upkeep\n|\n|t:|1700680101\n|switch|p2a: Ogerpon|Ogerpon-Wellspring, F|45\/100\n|-damage|p2a: Ogerpon|28\/100|[from] Spikes\n|-damage|p2a: Ogerpon|16\/100|[from] Stealth Rock\n|turn|23\n|\n|t:|1700680104\n|move|p1a: Scyther|Trailblaze|p2a: Ogerpon\n|-damage|p2a: Ogerpon|0 fnt\n|-boost|p1a: Scyther|spe|1\n|faint|p2a: Ogerpon\n|\n|win|Deezmcnuggetz\n|raw|Deezmcnuggetz's rating: 1274 &rarr; <strong>1292<\/strong><br \/>(+18 for winning)\n|raw|Gruff10101's rating: 1171 &rarr; <strong>1153<\/strong><br \/>(-18 for losing)\n|l|\u2606Gruff10101\n","uploadtime":1700680135,"views":1,"p1id":"deezmcnuggetz","p2id":"gruff10101","formatid":"gen9ou","rating":1153,"private":0,"password":""}