{"id":"gen9ou-1994379835","p1":"corpcore","p2":"georgiethefirst","format":"[Gen 9] OU","log":"|j|\u2606corpcore\n|j|\u2606georgiethefirst\n|t:|1700437251\n|gametype|singles\n|player|p1|corpcore|backers|1519\n|player|p2|georgiethefirst|hiker-gen2|1573\n|teamsize|p1|6\n|teamsize|p2|6\n|gen|9\n|tier|[Gen 9] OU\n|rated|\n|rule|Sleep Clause Mod: Limit one foe put to sleep\n|rule|Species Clause: Limit one of each Pok\u00e9mon\n|rule|OHKO Clause: OHKO moves are banned\n|rule|Evasion Items Clause: Evasion items are banned\n|rule|Evasion Moves Clause: Evasion moves are banned\n|rule|Endless Battle Clause: Forcing endless battles is banned\n|rule|HP Percentage Mod: HP is shown in percentages\n|clearpoke\n|poke|p1|Rillaboom, F|\n|poke|p1|Ogerpon, F|\n|poke|p1|Great Tusk|\n|poke|p1|Magnezone|\n|poke|p1|Heatran, F|\n|poke|p1|Garganacl, F|\n|poke|p2|Meowscarada, F|\n|poke|p2|Dragonite, M|\n|poke|p2|Great Tusk|\n|poke|p2|Garganacl, F|\n|poke|p2|Dragapult, M|\n|poke|p2|Gholdengo|\n|teampreview\n|inactive|Battle timer is ON: inactive players will automatically lose when time's up. (requested by georgiethefirst)\n|inactive|corpcore has 120 seconds left.\n|\n|t:|1700437289\n|start\n|switch|p1a: Magnezone|Magnezone|100\/100\n|switch|p2a: Meowscarada|Meowscarada, F|100\/100\n|turn|1\n|\n|t:|1700437296\n|move|p2a: Meowscarada|Knock Off|p1a: Magnezone\n|-damage|p1a: Magnezone|50\/100\n|-enditem|p1a: Magnezone|Choice Specs|[from] move: Knock Off|[of] p2a: Meowscarada\n|move|p1a: Magnezone|Flash Cannon|p2a: Meowscarada\n|-damage|p2a: Meowscarada|29\/100\n|\n|upkeep\n|turn|2\n|\n|t:|1700437307\n|move|p2a: Meowscarada|U-turn|p1a: Magnezone\n|-resisted|p1a: Magnezone\n|-damage|p1a: Magnezone|38\/100\n|\n|t:|1700437310\n|switch|p2a: Literally me|Dragonite, M|100\/100|[from] U-turn\n|move|p1a: Magnezone|Flash Cannon|p2a: Literally me\n|-damage|p2a: Literally me|81\/100\n|\n|upkeep\n|turn|3\n|\n|t:|1700437316\n|move|p2a: Literally me|Earthquake|p1a: Magnezone\n|-supereffective|p1a: Magnezone\n|-damage|p1a: Magnezone|0 fnt\n|faint|p1a: Magnezone\n|\n|upkeep\n|\n|t:|1700437345\n|switch|p1a: Rillaboom|Rillaboom, F|100\/100\n|-fieldstart|move: Grassy Terrain|[from] ability: Grassy Surge|[of] p1a: Rillaboom\n|turn|4\n|\n|t:|1700437357\n|move|p2a: Literally me|Roost|p2a: Literally me\n|-heal|p2a: Literally me|100\/100\n|-singleturn|p2a: Literally me|move: Roost\n|move|p1a: Rillaboom|U-turn|p2a: Literally me\n|-damage|p2a: Literally me|89\/100\n|inactive|corpcore has 120 seconds left.\n|\n|t:|1700437368\n|switch|p1a: Garganacl|Garganacl, F|100\/100|[from] U-turn\n|\n|-heal|p2a: Literally me|95\/100|[from] Grassy Terrain\n|upkeep\n|turn|5\n|\n|t:|1700437376\n|switch|p2a: Garganacl|Garganacl, F|100\/100\n|-terastallize|p1a: Garganacl|Ghost\n|move|p1a: Garganacl|Salt Cure|p2a: Garganacl\n|-damage|p2a: Garganacl|91\/100\n|-start|p2a: Garganacl|Salt Cure\n|\n|-heal|p2a: Garganacl|98\/100|[from] Grassy Terrain\n|-heal|p2a: Garganacl|100\/100|[from] item: Leftovers\n|-damage|p2a: Garganacl|88\/100|[from] Salt Cure\n|upkeep\n|turn|6\n|inactive|corpcore has 120 seconds left.\n|\n|t:|1700437411\n|move|p2a: Garganacl|Stealth Rock|p1a: Garganacl\n|-sidestart|p1: corpcore|move: Stealth Rock\n|move|p1a: Garganacl|Iron Defense|p1a: Garganacl\n|-boost|p1a: Garganacl|def|2\n|\n|-heal|p2a: Garganacl|94\/100|[from] Grassy Terrain\n|-heal|p2a: Garganacl|100\/100|[from] item: Leftovers\n|-damage|p2a: Garganacl|88\/100|[from] Salt Cure\n|upkeep\n|turn|7\n|\n|t:|1700437422\n|move|p2a: Garganacl|Salt Cure|p1a: Garganacl\n|-damage|p1a: Garganacl|96\/100\n|-start|p1a: Garganacl|Salt Cure\n|move|p1a: Garganacl|Salt Cure|p2a: Garganacl\n|-damage|p2a: Garganacl|80\/100\n|\n|-heal|p2a: Garganacl|86\/100|[from] Grassy Terrain\n|-heal|p2a: Garganacl|92\/100|[from] item: Leftovers\n|-heal|p1a: Garganacl|100\/100|[from] Grassy Terrain\n|-damage|p2a: Garganacl|80\/100|[from] Salt Cure\n|-damage|p1a: Garganacl|88\/100|[from] Salt Cure\n|upkeep\n|turn|8\n|\n|t:|1700437427\n|switch|p2a: Gholdengo|Gholdengo|100\/100\n|-item|p2a: Gholdengo|Air Balloon\n|move|p1a: Garganacl|Salt Cure|p2a: Gholdengo\n|-resisted|p2a: Gholdengo\n|-damage|p2a: Gholdengo|95\/100\n|-start|p2a: Gholdengo|Salt Cure\n|-enditem|p2a: Gholdengo|Air Balloon\n|\n|-heal|p2a: Gholdengo|100\/100|[from] Grassy Terrain\n|-heal|p1a: Garganacl|94\/100|[from] Grassy Terrain\n|-heal|p1a: Garganacl|100\/100|[from] item: Leftovers\n|-damage|p2a: Gholdengo|76\/100|[from] Salt Cure\n|-damage|p1a: Garganacl|88\/100|[from] Salt Cure\n|upkeep\n|turn|9\n|inactive|corpcore has 120 seconds left.\n|\n|t:|1700437436\n|switch|p1a: Rillaboom|Rillaboom, F|100\/100\n|-damage|p1a: Rillaboom|88\/100|[from] Stealth Rock\n|move|p2a: Gholdengo|Shadow Ball|p1a: Rillaboom\n|-damage|p1a: Rillaboom|51\/100\n|-unboost|p1a: Rillaboom|spd|1\n|\n|-heal|p2a: Gholdengo|82\/100|[from] Grassy Terrain\n|-heal|p1a: Rillaboom|57\/100|[from] Grassy Terrain\n|-damage|p2a: Gholdengo|57\/100|[from] Salt Cure\n|upkeep\n|turn|10\n|inactive|corpcore has 120 seconds left.\n|\n|t:|1700437461\n|switch|p1a: Heatran|Heatran, F|100\/100\n|-damage|p1a: Heatran|88\/100|[from] Stealth Rock\n|move|p2a: Gholdengo|Shadow Ball|p1a: Heatran\n|-damage|p1a: Heatran|60\/100\n|\n|-heal|p2a: Gholdengo|63\/100|[from] Grassy Terrain\n|-heal|p1a: Heatran|66\/100|[from] Grassy Terrain\n|-damage|p2a: Gholdengo|38\/100|[from] Salt Cure\n|upkeep\n|turn|11\n|\n|t:|1700437468\n|switch|p2a: Literally me|Dragonite, M|95\/100\n|move|p1a: Heatran|Stealth Rock|p2a: Literally me\n|-sidestart|p2: georgiethefirst|move: Stealth Rock\n|\n|-heal|p1a: Heatran|72\/100|[from] Grassy Terrain\n|-fieldend|move: Grassy Terrain\n|upkeep\n|turn|12\n|\n|t:|1700437483\n|switch|p1a: Garganacl|Garganacl, F, tera:Ghost|88\/100\n|-damage|p1a: Garganacl|76\/100|[from] Stealth Rock\n|move|p2a: Literally me|Dragon Dance|p2a: Literally me\n|-boost|p2a: Literally me|atk|1\n|-boost|p2a: Literally me|spe|1\n|\n|-heal|p1a: Garganacl|82\/100|[from] item: Leftovers\n|upkeep\n|turn|13\n|\n|t:|1700437487\n|move|p2a: Literally me|Dragon Dance|p2a: Literally me\n|-boost|p2a: Literally me|atk|1\n|-boost|p2a: Literally me|spe|1\n|move|p1a: Garganacl|Iron Defense|p1a: Garganacl\n|-boost|p1a: Garganacl|def|2\n|\n|-heal|p1a: Garganacl|88\/100|[from] item: Leftovers\n|upkeep\n|turn|14\n|inactive|corpcore has 120 seconds left.\n|\n|t:|1700437494\n|switch|p2a: Garganacl|Garganacl, F|80\/100\n|-damage|p2a: Garganacl|67\/100|[from] Stealth Rock\n|move|p1a: Garganacl|Iron Defense|p1a: Garganacl\n|-boost|p1a: Garganacl|def|2\n|\n|-heal|p2a: Garganacl|74\/100|[from] item: Leftovers\n|-heal|p1a: Garganacl|94\/100|[from] item: Leftovers\n|upkeep\n|turn|15\n|\n|t:|1700437498\n|move|p2a: Garganacl|Salt Cure|p1a: Garganacl\n|-damage|p1a: Garganacl|91\/100\n|-start|p1a: Garganacl|Salt Cure\n|move|p1a: Garganacl|Body Press|p2a: Garganacl\n|-supereffective|p2a: Garganacl\n|-damage|p2a: Garganacl|0 fnt\n|faint|p2a: Garganacl\n|\n|-heal|p1a: Garganacl|97\/100|[from] item: Leftovers\n|-damage|p1a: Garganacl|85\/100|[from] Salt Cure\n|upkeep\n|\n|t:|1700437501\n|switch|p2a: Gholdengo|Gholdengo|38\/100\n|-damage|p2a: Gholdengo|32\/100|[from] Stealth Rock\n|turn|16\n|\n|t:|1700437517\n|move|p2a: Gholdengo|Recover|p2a: Gholdengo\n|-heal|p2a: Gholdengo|82\/100\n|move|p1a: Garganacl|Salt Cure|p2a: Gholdengo\n|-resisted|p2a: Gholdengo\n|-damage|p2a: Gholdengo|77\/100\n|-start|p2a: Gholdengo|Salt Cure\n|\n|-heal|p1a: Garganacl|91\/100|[from] item: Leftovers\n|-damage|p2a: Gholdengo|52\/100|[from] Salt Cure\n|-damage|p1a: Garganacl|79\/100|[from] Salt Cure\n|upkeep\n|turn|17\n|\n|t:|1700437521\n|switch|p1a: Great Tusk|Great Tusk|100\/100\n|-damage|p1a: Great Tusk|98\/100|[from] Stealth Rock\n|-enditem|p1a: Great Tusk|Booster Energy\n|-activate|p1a: Great Tusk|ability: Protosynthesis|[fromitem]\n|-start|p1a: Great Tusk|protosynthesisspe\n|move|p2a: Gholdengo|Shadow Ball|p1a: Great Tusk\n|-damage|p1a: Great Tusk|53\/100\n|-unboost|p1a: Great Tusk|spd|1\n|\n|-damage|p2a: Gholdengo|27\/100|[from] Salt Cure\n|upkeep\n|turn|18\n|\n|t:|1700437529\n|switch|p2a: Great Tusk|Great Tusk|100\/100\n|-damage|p2a: Great Tusk|97\/100|[from] Stealth Rock\n|-enditem|p2a: Great Tusk|Booster Energy\n|-activate|p2a: Great Tusk|ability: Protosynthesis|[fromitem]\n|-start|p2a: Great Tusk|protosynthesisspe\n|move|p1a: Great Tusk|Knock Off|p2a: Great Tusk\n|-resisted|p2a: Great Tusk\n|-damage|p2a: Great Tusk|91\/100\n|\n|upkeep\n|turn|19\n|\n|t:|1700437537\n|move|p2a: Great Tusk|Bulk Up|p2a: Great Tusk\n|-boost|p2a: Great Tusk|atk|1\n|-boost|p2a: Great Tusk|def|1\n|move|p1a: Great Tusk|Rapid Spin|p2a: Great Tusk\n|-damage|p2a: Great Tusk|86\/100\n|-boost|p1a: Great Tusk|spe|1\n|-sideend|p1: corpcore|Stealth Rock|[from] move: Rapid Spin|[of] p1a: Great Tusk\n|\n|upkeep\n|turn|20\n|\n|t:|1700437541\n|-end|p1a: Great Tusk|Protosynthesis|[silent]\n|switch|p1a: Garganacl|Garganacl, F, tera:Ghost|79\/100\n|move|p2a: Great Tusk|Bulk Up|p2a: Great Tusk\n|-boost|p2a: Great Tusk|atk|1\n|-boost|p2a: Great Tusk|def|1\n|\n|-heal|p1a: Garganacl|85\/100|[from] item: Leftovers\n|upkeep\n|turn|21\n|\n|t:|1700437545\n|move|p2a: Great Tusk|Earthquake|p1a: Garganacl\n|-damage|p1a: Garganacl|23\/100\n|move|p1a: Garganacl|Iron Defense|p1a: Garganacl\n|-boost|p1a: Garganacl|def|2\n|\n|-heal|p1a: Garganacl|29\/100|[from] item: Leftovers\n|upkeep\n|turn|22\n|\n|t:|1700437551\n|move|p2a: Great Tusk|Earthquake|p1a: Garganacl\n|-damage|p1a: Garganacl|0 fnt\n|faint|p1a: Garganacl\n|\n|upkeep\n|\n|t:|1700437557\n|switch|p1a: Ogerpon|Ogerpon, F|100\/100\n|turn|23\n|\n|t:|1700437561\n|-terastallize|p2a: Great Tusk|Steel\n|move|p2a: Great Tusk|Rapid Spin|p1a: Ogerpon\n|-damage|p1a: Ogerpon|62\/100\n|-boost|p2a: Great Tusk|spe|1\n|-sideend|p2: georgiethefirst|Stealth Rock|[from] move: Rapid Spin|[of] p2a: Great Tusk\n|move|p1a: Ogerpon|Ivy Cudgel|p2a: Great Tusk\n|-resisted|p2a: Great Tusk\n|-crit|p2a: Great Tusk\n|-damage|p2a: Great Tusk|49\/100\n|\n|upkeep\n|turn|24\n|-message|corpcore forfeited.\n|\n|win|georgiethefirst\n|raw|corpcore's rating: 1519 &rarr; <strong>1502<\/strong><br \/>(-17 for losing)\n|raw|georgiethefirst's rating: 1573 &rarr; <strong>1590<\/strong><br \/>(+17 for winning)\n|l|\u2606corpcore\n","uploadtime":1700437582,"views":14,"p1id":"corpcore","p2id":"georgiethefirst","formatid":"gen9ou","rating":1502,"private":0,"password":""}