{"id":"gen9ou-1992462369","p1":"2ig2ag","p2":"NegativeVictoria","format":"[Gen 9] OU","log":"|j|\u26062ig2ag\n|j|\u2606NegativeVictoria\n|t:|1700190533\n|gametype|singles\n|player|p1|2ig2ag|sailor|1058\n|player|p2|NegativeVictoria|plasmagruntf|1061\n|teamsize|p1|6\n|teamsize|p2|6\n|gen|9\n|tier|[Gen 9] OU\n|rated|\n|rule|Sleep Clause Mod: Limit one foe put to sleep\n|rule|Species Clause: Limit one of each Pok\u00e9mon\n|rule|OHKO Clause: OHKO moves are banned\n|rule|Evasion Items Clause: Evasion items are banned\n|rule|Evasion Moves Clause: Evasion moves are banned\n|rule|Endless Battle Clause: Forcing endless battles is banned\n|rule|HP Percentage Mod: HP is shown in percentages\n|clearpoke\n|poke|p1|Gholdengo|\n|poke|p1|Great Tusk|\n|poke|p1|Kingambit, M|\n|poke|p1|Iron Valiant|\n|poke|p1|Ribombee, F|\n|poke|p1|Dragapult, M|\n|poke|p2|Arcanine-Hisui, F|\n|poke|p2|Lilligant-Hisui, F|\n|poke|p2|Torkoal, F|\n|poke|p2|Espeon, F|\n|poke|p2|Iron Moth|\n|poke|p2|Pincurchin, F|\n|teampreview\n|\n|t:|1700190539\n|start\n|switch|p1a: :O|Ribombee, F|100\/100\n|switch|p2a: Torkoal|Torkoal, F|100\/100\n|-weather|SunnyDay|[from] ability: Drought|[of] p2a: Torkoal\n|turn|1\n|\n|t:|1700190545\n|switch|p2a: Espeon|Espeon, F|100\/100\n|move|p1a: :O|Stun Spore|p2a: Espeon\n|move|p2a: Espeon|Stun Spore|p1a: :O|[from]ability: Magic Bounce\n|-status|p1a: :O|par\n|\n|-weather|SunnyDay|[upkeep]\n|upkeep\n|turn|2\n|\n|t:|1700190557\n|move|p2a: Espeon|Weather Ball|p1a: :O\n|-supereffective|p1a: :O\n|-enditem|p1a: :O|Focus Sash\n|-damage|p1a: :O|1\/100 par\n|move|p1a: :O|Pollen Puff|p2a: Espeon\n|-supereffective|p2a: Espeon\n|-damage|p2a: Espeon|0 fnt\n|faint|p2a: Espeon\n|\n|-weather|SunnyDay|[upkeep]\n|upkeep\n|\n|t:|1700190566\n|switch|p2a: Arcanine|Arcanine-Hisui, F|100\/100\n|turn|3\n|\n|t:|1700190571\n|switch|p1a: :>|Great Tusk|100\/100\n|-activate|p1a: :>|ability: Protosynthesis\n|-start|p1a: :>|protosynthesisatk\n|-terastallize|p2a: Arcanine|Fire\n|move|p2a: Arcanine|Flare Blitz|p1a: :>\n|-damage|p1a: :>|25\/100\n|\n|-weather|SunnyDay|[upkeep]\n|-heal|p1a: :>|32\/100|[from] item: Leftovers\n|upkeep\n|turn|4\n|\n|t:|1700190583\n|move|p2a: Arcanine|Flare Blitz|p1a: :>\n|-damage|p1a: :>|0 fnt\n|faint|p1a: :>\n|-end|p1a: :>|Protosynthesis|[silent]\n|\n|-weather|SunnyDay|[upkeep]\n|upkeep\n|\n|t:|1700190594\n|switch|p1a: B)|Dragapult, M|100\/100\n|turn|5\n|\n|t:|1700190597\n|move|p2a: Arcanine|Flare Blitz|p1a: B)\n|-resisted|p1a: B)\n|-damage|p1a: B)|17\/100\n|-status|p1a: B)|brn\n|move|p1a: B)|Draco Meteor|p2a: Arcanine\n|-damage|p2a: Arcanine|4\/100\n|-unboost|p1a: B)|spa|2\n|\n|-weather|SunnyDay|[upkeep]\n|-damage|p1a: B)|11\/100 brn|[from] brn\n|upkeep\n|turn|6\n|\n|t:|1700190604\n|move|p2a: Arcanine|Flare Blitz|p1a: B)\n|-resisted|p1a: B)\n|-damage|p1a: B)|0 fnt\n|faint|p1a: B)\n|\n|-weather|SunnyDay|[upkeep]\n|upkeep\n|\n|t:|1700190606\n|switch|p1a: >:(|Kingambit, M|100\/100\n|-activate|p1a: >:(|ability: Supreme Overlord\n|-start|p1a: >:(|fallen2|[silent]\n|turn|7\n|\n|t:|1700190611\n|switch|p2a: Lilligant|Lilligant-Hisui, F|100\/100\n|move|p1a: >:(|Sucker Punch||[still]\n|-fail|p1a: >:(\n|\n|-weather|SunnyDay|[upkeep]\n|upkeep\n|turn|8\n|\n|t:|1700190616\n|-terastallize|p1a: >:(|Fairy\n|move|p2a: Lilligant|Victory Dance|p2a: Lilligant\n|-boost|p2a: Lilligant|atk|1\n|-boost|p2a: Lilligant|def|1\n|-boost|p2a: Lilligant|spe|1\n|move|p1a: >:(|Swords Dance|p1a: >:(\n|-boost|p1a: >:(|atk|2\n|\n|-weather|none\n|upkeep\n|turn|9\n|\n|t:|1700190621\n|move|p2a: Lilligant|Leaf Blade|p1a: >:(\n|-damage|p1a: >:(|52\/100\n|move|p1a: >:(|Iron Head|p2a: Lilligant\n|-damage|p2a: Lilligant|0 fnt\n|faint|p2a: Lilligant\n|\n|-heal|p1a: >:(|58\/100|[from] item: Leftovers\n|upkeep\n|\n|t:|1700190630\n|switch|p2a: Pincurchin|Pincurchin, F|100\/100\n|-fieldstart|move: Electric Terrain|[from] ability: Electric Surge|[of] p2a: Pincurchin\n|turn|10\n|\n|t:|1700190642\n|move|p1a: >:(|Kowtow Cleave|p2a: Pincurchin\n|-damage|p2a: Pincurchin|0 fnt\n|faint|p2a: Pincurchin\n|\n|-heal|p1a: >:(|64\/100|[from] item: Leftovers\n|upkeep\n|\n|t:|1700190645\n|switch|p2a: Torkoal|Torkoal, F|100\/100\n|-weather|SunnyDay|[from] ability: Drought|[of] p2a: Torkoal\n|turn|11\n|\n|t:|1700190651\n|move|p1a: >:(|Kowtow Cleave|p2a: Torkoal\n|-damage|p2a: Torkoal|37\/100\n|move|p2a: Torkoal|Flare Blitz|p1a: >:(\n|-damage|p1a: >:(|22\/100\n|-damage|p2a: Torkoal|20\/100|[from] Recoil\n|\n|-weather|SunnyDay|[upkeep]\n|-heal|p1a: >:(|28\/100|[from] item: Leftovers\n|upkeep\n|turn|12\n|\n|t:|1700190659\n|move|p1a: >:(|Kowtow Cleave|p2a: Torkoal\n|-damage|p2a: Torkoal|0 fnt\n|faint|p2a: Torkoal\n|\n|-weather|SunnyDay|[upkeep]\n|-heal|p1a: >:(|34\/100|[from] item: Leftovers\n|upkeep\n|\n|t:|1700190661\n|switch|p2a: Iron Moth|Iron Moth|100\/100\n|-activate|p2a: Iron Moth|ability: Quark Drive\n|-start|p2a: Iron Moth|quarkdrivespa\n|turn|13\n|\n|t:|1700190670\n|move|p1a: >:(|Sucker Punch||[still]\n|-fail|p1a: >:(\n|move|p2a: Iron Moth|Agility|p2a: Iron Moth\n|-boost|p2a: Iron Moth|spe|2\n|\n|-weather|SunnyDay|[upkeep]\n|-heal|p1a: >:(|40\/100|[from] item: Leftovers\n|upkeep\n|turn|14\n|\n|t:|1700190673\n|move|p1a: >:(|Sucker Punch|p2a: Iron Moth\n|-damage|p2a: Iron Moth|0 fnt\n|faint|p2a: Iron Moth\n|-end|p2a: Iron Moth|Quark Drive|[silent]\n|\n|-weather|SunnyDay|[upkeep]\n|-heal|p1a: >:(|47\/100|[from] item: Leftovers\n|upkeep\n|-message|NegativeVictoria forfeited.\n|\n|win|2ig2ag\n|raw|2ig2ag's rating: 1058 &rarr; <strong>1090<\/strong><br \/>(+32 for winning)\n|raw|NegativeVictoria's rating: 1061 &rarr; <strong>1042<\/strong><br \/>(-19 for losing)\n|l|\u2606NegativeVictoria\n","uploadtime":1700190687,"views":15,"p1id":"2ig2ag","p2id":"negativevictoria","formatid":"gen9ou","rating":1042,"private":0,"password":""}