{"id":"gen9ou-1988527500","p1":"DungeonXDXD","p2":"AlexDaDuck","format":"[Gen 9] OU","log":"|j|\u2606DungeonXDXD\n|j|\u2606AlexDaDuck\n|t:|1699732522\n|gametype|singles\n|player|p1|DungeonXDXD|iono|1356\n|player|p2|AlexDaDuck|2|1414\n|teamsize|p1|6\n|teamsize|p2|6\n|gen|9\n|tier|[Gen 9] OU\n|rated|\n|rule|Sleep Clause Mod: Limit one foe put to sleep\n|rule|Species Clause: Limit one of each Pok\u00e9mon\n|rule|OHKO Clause: OHKO moves are banned\n|rule|Evasion Items Clause: Evasion items are banned\n|rule|Evasion Moves Clause: Evasion moves are banned\n|rule|Endless Battle Clause: Forcing endless battles is banned\n|rule|HP Percentage Mod: HP is shown in percentages\n|clearpoke\n|poke|p1|Dragapult, M|\n|poke|p1|Glimmora, F|\n|poke|p1|Kingambit, F|\n|poke|p1|Gholdengo|\n|poke|p1|Dondozo, M|\n|poke|p1|Bellibolt, M|\n|poke|p2|Manaphy|\n|poke|p2|Ribombee, F|\n|poke|p2|Gholdengo|\n|poke|p2|Great Tusk|\n|poke|p2|Kingambit, M|\n|poke|p2|Thundurus-Therian, M|\n|teampreview\n|inactive|Battle timer is ON: inactive players will automatically lose when time's up. (requested by DungeonXDXD)\n|\n|t:|1699732529\n|start\n|switch|p1a: UNA ROCA :D|Glimmora, F|100\/100\n|switch|p2a: Gholdengo|Gholdengo|100\/100\n|-item|p2a: Gholdengo|Air Balloon\n|turn|1\n|c|\u2606DungeonXDXD|glhf:DDDD DD D D\n|\n|t:|1699732538\n|move|p1a: UNA ROCA :D|Stealth Rock|p2a: Gholdengo\n|-sidestart|p2: AlexDaDuck|move: Stealth Rock\n|move|p2a: Gholdengo|Make It Rain|p1a: UNA ROCA :D\n|-supereffective|p1a: UNA ROCA :D\n|-enditem|p1a: UNA ROCA :D|Focus Sash\n|-damage|p1a: UNA ROCA :D|1\/100\n|-unboost|p2a: Gholdengo|spa|1\n|\n|upkeep\n|turn|2\n|\n|t:|1699732541\n|move|p1a: UNA ROCA :D|Power Gem|p2a: Gholdengo\n|-resisted|p2a: Gholdengo\n|-damage|p2a: Gholdengo|74\/100\n|-enditem|p2a: Gholdengo|Air Balloon\n|move|p2a: Gholdengo|Shadow Ball|p1a: UNA ROCA :D\n|-damage|p1a: UNA ROCA :D|0 fnt\n|faint|p1a: UNA ROCA :D\n|\n|upkeep\n|\n|t:|1699732545\n|switch|p1a: Beligoat|Bellibolt, M|100\/100\n|turn|3\n|\n|t:|1699732555\n|switch|p2a: Thundurus|Thundurus-Therian, M|100\/100\n|-damage|p2a: Thundurus|76\/100|[from] Stealth Rock\n|move|p1a: Beligoat|Parabolic Charge|p2a: Thundurus\n|-heal|p2a: Thundurus|100\/100|[from] ability: Volt Absorb|[of] p1a: Beligoat\n|\n|upkeep\n|turn|4\n|\n|t:|1699732565\n|switch|p1a: the one piece|Gholdengo|100\/100\n|move|p2a: Thundurus|Focus Blast|p1a: the one piece\n|-immune|p1a: the one piece\n|\n|upkeep\n|turn|5\n|\n|t:|1699732573\n|switch|p2a: Kingambit|Kingambit, M|100\/100\n|-damage|p2a: Kingambit|94\/100|[from] Stealth Rock\n|move|p1a: the one piece|Shadow Ball|p2a: Kingambit\n|-resisted|p2a: Kingambit\n|-crit|p2a: Kingambit\n|-damage|p2a: Kingambit|58\/100\n|\n|-heal|p2a: Kingambit|64\/100|[from] item: Leftovers\n|upkeep\n|turn|6\n|\n|t:|1699732579\n|move|p2a: Kingambit|Sucker Punch||[still]\n|-fail|p2a: Kingambit\n|move|p1a: the one piece|Nasty Plot|p1a: the one piece\n|-boost|p1a: the one piece|spa|2\n|\n|-heal|p2a: Kingambit|70\/100|[from] item: Leftovers\n|upkeep\n|turn|7\n|\n|t:|1699732584\n|move|p2a: Kingambit|Sucker Punch|p1a: the one piece\n|-supereffective|p1a: the one piece\n|-damage|p1a: the one piece|23\/100\n|move|p1a: the one piece|Shadow Ball|p2a: Kingambit\n|-resisted|p2a: Kingambit\n|-damage|p2a: Kingambit|27\/100\n|\n|-heal|p2a: Kingambit|33\/100|[from] item: Leftovers\n|upkeep\n|turn|8\n|\n|t:|1699732592\n|move|p1a: the one piece|Nasty Plot|p1a: the one piece\n|-boost|p1a: the one piece|spa|2\n|move|p2a: Kingambit|Iron Head|p1a: the one piece\n|-resisted|p1a: the one piece\n|-damage|p1a: the one piece|0 fnt\n|faint|p1a: the one piece\n|\n|-heal|p2a: Kingambit|39\/100|[from] item: Leftovers\n|upkeep\n|\n|t:|1699732598\n|switch|p1a: Beligoat|Bellibolt, M|100\/100\n|turn|9\n|\n|t:|1699732610\n|move|p2a: Kingambit|Low Kick|p1a: Beligoat\n|-damage|p1a: Beligoat|66\/100\n|-start|p1a: Beligoat|Charge|Low Kick|[from] ability: Electromorphosis\n|move|p1a: Beligoat|Thunder Wave|p2a: Kingambit\n|-status|p2a: Kingambit|par\n|-end|p1a: Beligoat|Charge|[silent]\n|\n|-heal|p1a: Beligoat|72\/100|[from] item: Leftovers\n|-heal|p2a: Kingambit|45\/100 par|[from] item: Leftovers\n|upkeep\n|turn|10\n|\n|t:|1699732619\n|move|p2a: Kingambit|Sucker Punch|p1a: Beligoat\n|-damage|p1a: Beligoat|38\/100\n|-start|p1a: Beligoat|Charge|Sucker Punch|[from] ability: Electromorphosis\n|move|p1a: Beligoat|Parabolic Charge|p2a: Kingambit\n|-damage|p2a: Kingambit|0 fnt\n|-heal|p1a: Beligoat|59\/100|[from] drain|[of] p2a: Kingambit\n|faint|p2a: Kingambit\n|-end|p2a: Kingambit|fallenundefined|[silent]\n|-end|p1a: Beligoat|Charge|[silent]\n|\n|-heal|p1a: Beligoat|65\/100|[from] item: Leftovers\n|upkeep\n|\n|t:|1699732630\n|switch|p2a: Ribombee|Ribombee, F|100\/100\n|-damage|p2a: Ribombee|76\/100|[from] Stealth Rock\n|turn|11\n|\n|t:|1699732634\n|move|p2a: Ribombee|Sticky Web|p1a: Beligoat\n|-sidestart|p1: DungeonXDXD|move: Sticky Web\n|move|p1a: Beligoat|Parabolic Charge|p2a: Ribombee\n|-damage|p2a: Ribombee|35\/100\n|-heal|p1a: Beligoat|81\/100|[from] drain|[of] p2a: Ribombee\n|\n|-heal|p1a: Beligoat|87\/100|[from] item: Leftovers\n|upkeep\n|turn|12\n|\n|t:|1699732639\n|move|p2a: Ribombee|Moonblast|p1a: Beligoat\n|-damage|p1a: Beligoat|57\/100\n|-start|p1a: Beligoat|Charge|Moonblast|[from] ability: Electromorphosis\n|move|p1a: Beligoat|Parabolic Charge|p2a: Ribombee\n|-damage|p2a: Ribombee|0 fnt\n|-heal|p1a: Beligoat|70\/100|[from] drain|[of] p2a: Ribombee\n|faint|p2a: Ribombee\n|-end|p1a: Beligoat|Charge|[silent]\n|\n|-heal|p1a: Beligoat|76\/100|[from] item: Leftovers\n|upkeep\n|\n|t:|1699732646\n|switch|p2a: Great Tusk|Great Tusk|100\/100\n|-damage|p2a: Great Tusk|98\/100|[from] Stealth Rock\n|-enditem|p2a: Great Tusk|Booster Energy\n|-activate|p2a: Great Tusk|ability: Protosynthesis|[fromitem]\n|-start|p2a: Great Tusk|protosynthesisatk\n|turn|13\n|\n|t:|1699732650\n|-terastallize|p1a: Beligoat|Water\n|move|p2a: Great Tusk|Rapid Spin|p1a: Beligoat\n|-damage|p1a: Beligoat|52\/100\n|-boost|p2a: Great Tusk|spe|1\n|-start|p1a: Beligoat|Charge|Rapid Spin|[from] ability: Electromorphosis\n|-sideend|p2: AlexDaDuck|Stealth Rock|[from] move: Rapid Spin|[of] p2a: Great Tusk\n|move|p1a: Beligoat|Tera Blast|p2a: Great Tusk|[anim] Tera Blast Water\n|-supereffective|p2a: Great Tusk\n|-damage|p2a: Great Tusk|0 fnt\n|faint|p2a: Great Tusk\n|-end|p2a: Great Tusk|Protosynthesis|[silent]\n|\n|-heal|p1a: Beligoat|58\/100|[from] item: Leftovers\n|upkeep\n|\n|t:|1699732657\n|switch|p2a: Thundurus|Thundurus-Therian, M|100\/100\n|turn|14\n|\n|t:|1699732674\n|move|p2a: Thundurus|Volt Switch|p1a: Beligoat\n|-supereffective|p1a: Beligoat\n|-damage|p1a: Beligoat|0 fnt\n|faint|p1a: Beligoat\n|\n|t:|1699732681\n|switch|p2a: Gholdengo|Gholdengo|74\/100|[from] Volt Switch\n|\n|upkeep\n|\n|t:|1699732692\n|switch|p1a: DONBOZO|Dondozo, M|100\/100\n|turn|15\n|\n|t:|1699732696\n|move|p2a: Gholdengo|Shadow Ball|p1a: DONBOZO\n|-damage|p1a: DONBOZO|57\/100\n|move|p1a: DONBOZO|Liquidation|p2a: Gholdengo\n|-damage|p2a: Gholdengo|43\/100\n|\n|upkeep\n|turn|16\n|inactive|DungeonXDXD has 120 seconds left.\n|inactive|DungeonXDXD has 90 seconds left.\n|\n|t:|1699732772\n|move|p2a: Gholdengo|Shadow Ball|p1a: DONBOZO\n|-damage|p1a: DONBOZO|13\/100\n|move|p1a: DONBOZO|Liquidation|p2a: Gholdengo\n|-damage|p2a: Gholdengo|11\/100\n|\n|upkeep\n|turn|17\n|\n|t:|1699732775\n|move|p2a: Gholdengo|Shadow Ball|p1a: DONBOZO\n|-damage|p1a: DONBOZO|0 fnt\n|faint|p1a: DONBOZO\n|\n|upkeep\n|\n|t:|1699732781\n|switch|p1a: DRAGO =D|Dragapult, M|100\/100\n|-activate|p1a: DRAGO =D|move: Sticky Web\n|-unboost|p1a: DRAGO =D|spe|1\n|turn|18\n|\n|t:|1699732786\n|move|p2a: Gholdengo|Shadow Ball|p1a: DRAGO =D\n|-supereffective|p1a: DRAGO =D\n|-damage|p1a: DRAGO =D|0 fnt\n|faint|p1a: DRAGO =D\n|\n|upkeep\n|\n|t:|1699732788\n|switch|p1a: hi|Kingambit, F|100\/100\n|-activate|p1a: hi|move: Sticky Web\n|-unboost|p1a: hi|spe|1\n|-activate|p1a: hi|ability: Supreme Overlord\n|-start|p1a: hi|fallen5|[silent]\n|turn|19\n|\n|t:|1699732794\n|move|p1a: hi|Sucker Punch|p2a: Gholdengo\n|-supereffective|p2a: Gholdengo\n|-damage|p2a: Gholdengo|0 fnt\n|faint|p2a: Gholdengo\n|\n|upkeep\n|\n|t:|1699732805\n|switch|p2a: Thundurus|Thundurus-Therian, M|100\/100\n|turn|20\n|\n|t:|1699732810\n|move|p1a: hi|Sucker Punch|p2a: Thundurus\n|-damage|p2a: Thundurus|0 fnt\n|faint|p2a: Thundurus\n|\n|upkeep\n|\n|t:|1699732812\n|switch|p2a: Manaphy|Manaphy|100\/100\n|turn|21\n|\n|t:|1699732824\n|move|p1a: hi|Sucker Punch|p2a: Manaphy\n|-damage|p2a: Manaphy|33\/100\n|move|p2a: Manaphy|Surf|p1a: hi\n|-damage|p1a: hi|62\/100\n|\n|-heal|p2a: Manaphy|39\/100|[from] item: Leftovers\n|upkeep\n|turn|22\n|\n|t:|1699732828\n|move|p1a: hi|Sucker Punch||[still]\n|-fail|p1a: hi\n|move|p2a: Manaphy|Acid Armor|p2a: Manaphy\n|-boost|p2a: Manaphy|def|2\n|\n|-heal|p2a: Manaphy|45\/100|[from] item: Leftovers\n|upkeep\n|turn|23\n|\n|t:|1699732835\n|move|p2a: Manaphy|Surf|p1a: hi\n|-damage|p1a: hi|19\/100\n|move|p1a: hi|Kowtow Cleave|p2a: Manaphy\n|-damage|p2a: Manaphy|9\/100\n|\n|-heal|p2a: Manaphy|15\/100|[from] item: Leftovers\n|upkeep\n|turn|24\n|\n|t:|1699732841\n|move|p1a: hi|Sucker Punch||[still]\n|-fail|p1a: hi\n|move|p2a: Manaphy|Acid Armor|p2a: Manaphy\n|-boost|p2a: Manaphy|def|2\n|\n|-heal|p2a: Manaphy|22\/100|[from] item: Leftovers\n|upkeep\n|turn|25\n|\n|t:|1699732849\n|move|p1a: hi|Sucker Punch||[still]\n|-fail|p1a: hi\n|move|p2a: Manaphy|Acid Armor|p2a: Manaphy\n|-boost|p2a: Manaphy|def|2\n|\n|-heal|p2a: Manaphy|28\/100|[from] item: Leftovers\n|upkeep\n|turn|26\n|\n|t:|1699732855\n|move|p1a: hi|Sucker Punch||[still]\n|-fail|p1a: hi\n|move|p2a: Manaphy|Take Heart|p2a: Manaphy\n|-boost|p2a: Manaphy|spa|1\n|-boost|p2a: Manaphy|spd|1\n|\n|-heal|p2a: Manaphy|34\/100|[from] item: Leftovers\n|upkeep\n|turn|27\n|c|\u2606DungeonXDXD|worst opponent I battle\n|\n|t:|1699732863\n|move|p2a: Manaphy|Surf|p1a: hi\n|-damage|p1a: hi|0 fnt\n|faint|p1a: hi\n|-end|p1a: hi|fallen5|[silent]\n|\n|win|AlexDaDuck\n|raw|DungeonXDXD's rating: 1356 &rarr; <strong>1339<\/strong><br \/>(-17 for losing)\n|raw|AlexDaDuck's rating: 1414 &rarr; <strong>1431<\/strong><br \/>(+17 for winning)\n|l|\u2606DungeonXDXD\n|c|\u2606AlexDaDuck|LOL\n","uploadtime":1699732945,"views":13,"p1id":"dungeonxdxd","p2id":"alexdaduck","formatid":"gen9ou","rating":1339,"private":0,"password":""}