{"id":"gen9ou-1990037821","p1":"Silly_Acadia","p2":"aaronontheair","format":"[Gen 9] OU","log":"|j|\u2606Silly_Acadia\n|j|\u2606aaronontheair\n|t:|1699917869\n|gametype|singles\n|player|p1|Silly_Acadia|skierf|1067\n|player|p2|aaronontheair|colress|1099\n|teamsize|p1|6\n|teamsize|p2|6\n|gen|9\n|tier|[Gen 9] OU\n|rated|\n|rule|Sleep Clause Mod: Limit one foe put to sleep\n|rule|Species Clause: Limit one of each Pok\u00e9mon\n|rule|OHKO Clause: OHKO moves are banned\n|rule|Evasion Items Clause: Evasion items are banned\n|rule|Evasion Moves Clause: Evasion moves are banned\n|rule|Endless Battle Clause: Forcing endless battles is banned\n|rule|HP Percentage Mod: HP is shown in percentages\n|clearpoke\n|poke|p1|Zamazenta-*|\n|poke|p1|Kingambit, F|\n|poke|p1|Slowking, F|\n|poke|p1|Landorus-Therian, M|\n|poke|p1|Jirachi|\n|poke|p1|Meowscarada, F|\n|poke|p2|Torkoal, F|\n|poke|p2|Gastrodon-East, M|\n|poke|p2|Breloom, M|\n|poke|p2|Jolteon, M|\n|poke|p2|Mimikyu, F|\n|poke|p2|Bisharp, M|\n|teampreview\n|inactive|Battle timer is ON: inactive players will automatically lose when time's up. (requested by aaronontheair)\n|c|\u2606Silly_Acadia|gl hf\n|\n|t:|1699917886\n|start\n|switch|p1a: Slowking|Slowking, F|100\/100\n|switch|p2a: Smokey|Torkoal, F, shiny|100\/100\n|-weather|SunnyDay|[from] ability: Drought|[of] p2a: Smokey\n|turn|1\n|\n|t:|1699917903\n|move|p2a: Smokey|Solar Beam||[still]\n|-prepare|p2a: Smokey|Solar Beam\n|-anim|p2a: Smokey|Solar Beam|p1a: Slowking\n|-supereffective|p1a: Slowking\n|-damage|p1a: Slowking|63\/100\n|move|p1a: Slowking|Scald|p2a: Smokey\n|-supereffective|p2a: Smokey\n|-damage|p2a: Smokey|64\/100\n|\n|-weather|SunnyDay|[upkeep]\n|upkeep\n|turn|2\n|\n|t:|1699917916\n|move|p2a: Smokey|Solar Beam||[still]\n|-prepare|p2a: Smokey|Solar Beam\n|-anim|p2a: Smokey|Solar Beam|p1a: Slowking\n|-supereffective|p1a: Slowking\n|-damage|p1a: Slowking|26\/100\n|move|p1a: Slowking|Chilly Reception|p1a: Slowking\n|-weather|Snow\n|\n|t:|1699917930\n|switch|p1a: Landorus|Landorus-Therian, M|100\/100|[from] Chilly Reception\n|-ability|p1a: Landorus|Intimidate|boost\n|-unboost|p2a: Smokey|atk|1\n|\n|-weather|Snow|[upkeep]\n|upkeep\n|turn|3\n|\n|t:|1699917938\n|move|p1a: Landorus|Swords Dance|p1a: Landorus\n|-boost|p1a: Landorus|atk|2\n|move|p2a: Smokey|Lava Plume|p1a: Landorus\n|-crit|p1a: Landorus\n|-damage|p1a: Landorus|48\/100\n|\n|-weather|Snow|[upkeep]\n|upkeep\n|turn|4\n|\n|t:|1699917955\n|move|p1a: Landorus|Earthquake|p2a: Smokey\n|-supereffective|p2a: Smokey\n|-damage|p2a: Smokey|0 fnt\n|faint|p2a: Smokey\n|\n|-weather|Snow|[upkeep]\n|upkeep\n|\n|t:|1699917961\n|switch|p2a: Happy Feet|Jolteon, M|100\/100\n|turn|5\n|\n|t:|1699917971\n|move|p2a: Happy Feet|Shadow Ball|p1a: Landorus\n|-damage|p1a: Landorus|24\/100\n|-unboost|p1a: Landorus|spd|1\n|move|p1a: Landorus|U-turn|p2a: Happy Feet\n|-damage|p2a: Happy Feet|0 fnt\n|faint|p2a: Happy Feet\n|\n|t:|1699917979\n|switch|p1a: Jirachi|Jirachi|100\/100|[from] U-turn\n|\n|-weather|Snow|[upkeep]\n|upkeep\n|\n|t:|1699917983\n|switch|p2a: Majesty|Bisharp, M|100\/100\n|-item|p2a: Majesty|Air Balloon\n|turn|6\n|\n|t:|1699918000\n|move|p1a: Jirachi|Drain Punch|p2a: Majesty\n|-supereffective|p2a: Majesty\n|-damage|p2a: Majesty|5\/100\n|-enditem|p2a: Majesty|Air Balloon\n|move|p2a: Majesty|Swords Dance|p2a: Majesty\n|-boost|p2a: Majesty|atk|2\n|\n|-weather|none\n|upkeep\n|turn|7\n|\n|t:|1699918015\n|move|p1a: Jirachi|Drain Punch|p2a: Majesty\n|-supereffective|p2a: Majesty\n|-damage|p2a: Majesty|0 fnt\n|faint|p2a: Majesty\n|\n|upkeep\n|c|\u2606aaronontheair|\"gl hf\" boring asf bitch\n|-message|aaronontheair forfeited.\n|\n|win|Silly_Acadia\n|raw|Silly_Acadia's rating: 1067 &rarr; <strong>1100<\/strong><br \/>(+33 for winning)\n|raw|aaronontheair's rating: 1099 &rarr; <strong>1072<\/strong><br \/>(-27 for losing)\n","uploadtime":1699918019,"views":7,"p1id":"sillyacadia","p2id":"aaronontheair","formatid":"gen9ou","rating":1072,"private":0,"password":""}