{"id":"gen9ou-1993960618","p1":"djodjoxyz","p2":"jzhuc1841","format":"[Gen 9] OU","log":"|j|\u2606djodjoxyz\n|j|\u2606jzhuc1841\n|t:|1700383301\n|gametype|singles\n|player|p1|djodjoxyz|102|1595\n|player|p2|jzhuc1841|hilbert-wonderlauncher|1647\n|teamsize|p1|6\n|teamsize|p2|6\n|gen|9\n|tier|[Gen 9] OU\n|rated|\n|rule|Sleep Clause Mod: Limit one foe put to sleep\n|rule|Species Clause: Limit one of each Pok\u00e9mon\n|rule|OHKO Clause: OHKO moves are banned\n|rule|Evasion Items Clause: Evasion items are banned\n|rule|Evasion Moves Clause: Evasion moves are banned\n|rule|Endless Battle Clause: Forcing endless battles is banned\n|rule|HP Percentage Mod: HP is shown in percentages\n|clearpoke\n|poke|p1|Ninetales-Alola, F|\n|poke|p1|Dragapult, M|\n|poke|p1|Enamorus, F|\n|poke|p1|Ceruledge, M|\n|poke|p1|Iron Valiant|\n|poke|p1|Ogerpon-Wellspring, F|\n|poke|p2|Ogerpon-Wellspring, F|\n|poke|p2|Kingambit, F|\n|poke|p2|Iron Moth|\n|poke|p2|Iron Valiant|\n|poke|p2|Zamazenta-*|\n|poke|p2|Glimmora, M|\n|teampreview\n|\n|t:|1700383351\n|start\n|switch|p1a: Dragapult|Dragapult, M|100\/100\n|switch|p2a: Iron Moth|Iron Moth|100\/100\n|-enditem|p2a: Iron Moth|Booster Energy\n|-activate|p2a: Iron Moth|ability: Quark Drive|[fromitem]\n|-start|p2a: Iron Moth|quarkdrivespe\n|turn|1\n|\n|t:|1700383361\n|-end|p2a: Iron Moth|Quark Drive|[silent]\n|switch|p2a: Glimmora|Glimmora, M|100\/100\n|-item|p2a: Glimmora|Air Balloon\n|move|p1a: Dragapult|Thunder Wave|p2a: Glimmora\n|-status|p2a: Glimmora|par\n|\n|upkeep\n|turn|2\n|\n|t:|1700383366\n|move|p1a: Dragapult|Substitute|p1a: Dragapult\n|-start|p1a: Dragapult|Substitute\n|-damage|p1a: Dragapult|76\/100\n|move|p2a: Glimmora|Mortal Spin|p1a: Dragapult\n|-resisted|p1a: Dragapult\n|-activate|p1a: Dragapult|move: Substitute|[damage]\n|\n|-heal|p1a: Dragapult|82\/100|[from] item: Leftovers\n|upkeep\n|turn|3\n|j| dfghhhg\n|\n|t:|1700383374\n|move|p1a: Dragapult|Hex|p2a: Glimmora\n|-damage|p2a: Glimmora|23\/100 par\n|-enditem|p2a: Glimmora|Air Balloon\n|move|p2a: Glimmora|Earth Power|p1a: Dragapult\n|-crit|p1a: Dragapult\n|-end|p1a: Dragapult|Substitute\n|\n|-heal|p1a: Dragapult|88\/100|[from] item: Leftovers\n|upkeep\n|turn|4\n|\n|t:|1700383382\n|move|p1a: Dragapult|Hex|p2a: Glimmora\n|-crit|p2a: Glimmora\n|-damage|p2a: Glimmora|0 fnt\n|faint|p2a: Glimmora\n|\n|-heal|p1a: Dragapult|94\/100|[from] item: Leftovers\n|upkeep\n|\n|t:|1700383391\n|switch|p2a: Iron Valiant|Iron Valiant|100\/100\n|-enditem|p2a: Iron Valiant|Booster Energy\n|-activate|p2a: Iron Valiant|ability: Quark Drive|[fromitem]\n|-start|p2a: Iron Valiant|quarkdrivespe\n|turn|5\n|\n|t:|1700383411\n|switch|p1a: Ceruledge|Ceruledge, M|100\/100\n|move|p2a: Iron Valiant|Moonblast|p1a: Ceruledge\n|-resisted|p1a: Ceruledge\n|-crit|p1a: Ceruledge\n|-damage|p1a: Ceruledge|61\/100\n|-unboost|p1a: Ceruledge|spa|1\n|\n|upkeep\n|turn|6\n|\n|t:|1700383423\n|move|p2a: Iron Valiant|Psyshock|p1a: Ceruledge\n|-damage|p1a: Ceruledge|21\/100\n|move|p1a: Ceruledge|Bitter Blade|p2a: Iron Valiant\n|-damage|p2a: Iron Valiant|44\/100\n|-heal|p1a: Ceruledge|50\/100|[from] drain|[of] p2a: Iron Valiant\n|\n|upkeep\n|turn|7\n|\n|t:|1700383430\n|move|p2a: Iron Valiant|Thunderbolt|p1a: Ceruledge\n|-damage|p1a: Ceruledge|15\/100\n|move|p1a: Ceruledge|Bitter Blade|p2a: Iron Valiant\n|-damage|p2a: Iron Valiant|0 fnt\n|-heal|p1a: Ceruledge|37\/100|[from] drain|[of] p2a: Iron Valiant\n|faint|p2a: Iron Valiant\n|-end|p2a: Iron Valiant|Quark Drive|[silent]\n|\n|upkeep\n|\n|t:|1700383436\n|switch|p2a: Ogerpon|Ogerpon-Wellspring, F|100\/100\n|turn|8\n|\n|t:|1700383445\n|move|p2a: Ogerpon|Trailblaze|p1a: Ceruledge\n|-resisted|p1a: Ceruledge\n|-damage|p1a: Ceruledge|16\/100\n|-boost|p2a: Ogerpon|spe|1\n|-ability|p1a: Ceruledge|Weak Armor|boost\n|-unboost|p1a: Ceruledge|def|1\n|-boost|p1a: Ceruledge|spe|2\n|move|p1a: Ceruledge|Swords Dance|p1a: Ceruledge\n|-boost|p1a: Ceruledge|atk|2\n|\n|upkeep\n|turn|9\n|\n|t:|1700383459\n|-terastallize|p2a: Ogerpon|Water\n|detailschange|p2a: Ogerpon|Ogerpon-Wellspring-Tera, F, tera:Water\n|-ability|p2a: Ogerpon|Embody Aspect (Wellspring)|boost\n|-boost|p2a: Ogerpon|spd|1\n|move|p1a: Ceruledge|Bitter Blade|p2a: Ogerpon\n|-resisted|p2a: Ogerpon\n|-damage|p2a: Ogerpon|45\/100\n|-heal|p1a: Ceruledge|45\/100|[from] drain|[of] p2a: Ogerpon\n|move|p2a: Ogerpon|Ivy Cudgel|p1a: Ceruledge|[anim] Ivy Cudgel Water\n|-supereffective|p1a: Ceruledge\n|-damage|p1a: Ceruledge|0 fnt\n|faint|p1a: Ceruledge\n|\n|upkeep\n|\n|t:|1700383478\n|switch|p1a: Iron Valiant|Iron Valiant|100\/100\n|-enditem|p1a: Iron Valiant|Booster Energy\n|-activate|p1a: Iron Valiant|ability: Quark Drive|[fromitem]\n|-start|p1a: Iron Valiant|quarkdrivespe\n|turn|10\n|\n|t:|1700383487\n|move|p1a: Iron Valiant|Thunderbolt|p2a: Ogerpon\n|-supereffective|p2a: Ogerpon\n|-damage|p2a: Ogerpon|0 fnt\n|faint|p2a: Ogerpon\n|\n|upkeep\n|\n|t:|1700383490\n|switch|p2a: Iron Moth|Iron Moth|100\/100\n|turn|11\n|\n|t:|1700383507\n|-end|p1a: Iron Valiant|Quark Drive|[silent]\n|switch|p1a: Dragapult|Dragapult, M|94\/100\n|move|p2a: Iron Moth|Sludge Wave|p1a: Dragapult\n|-resisted|p1a: Dragapult\n|-damage|p1a: Dragapult|62\/100\n|\n|-heal|p1a: Dragapult|68\/100|[from] item: Leftovers\n|upkeep\n|turn|12\n|\n|t:|1700383514\n|-end|p2a: Iron Moth|Quark Drive|[silent]\n|switch|p2a: Kingambit|Kingambit, F|100\/100\n|-activate|p2a: Kingambit|ability: Supreme Overlord\n|-start|p2a: Kingambit|fallen3|[silent]\n|move|p1a: Dragapult|Thunder Wave|p2a: Kingambit\n|-status|p2a: Kingambit|par\n|\n|-heal|p1a: Dragapult|74\/100|[from] item: Leftovers\n|upkeep\n|turn|13\n|\n|t:|1700383521\n|move|p1a: Dragapult|Substitute|p1a: Dragapult\n|-start|p1a: Dragapult|Substitute\n|-damage|p1a: Dragapult|49\/100\n|move|p2a: Kingambit|Kowtow Cleave|p1a: Dragapult\n|-supereffective|p1a: Dragapult\n|-end|p1a: Dragapult|Substitute\n|\n|-heal|p1a: Dragapult|55\/100|[from] item: Leftovers\n|upkeep\n|turn|14\n|\n|t:|1700383529\n|switch|p1a: Ninetales|Ninetales-Alola, F|100\/100\n|-weather|Snow|[from] ability: Snow Warning|[of] p1a: Ninetales\n|move|p2a: Kingambit|Iron Head|p1a: Ninetales\n|-supereffective|p1a: Ninetales\n|-damage|p1a: Ninetales|0 fnt\n|faint|p1a: Ninetales\n|\n|-weather|Snow|[upkeep]\n|upkeep\n|\n|t:|1700383534\n|switch|p1a: Enamorus|Enamorus, F|100\/100\n|turn|15\n|\n|t:|1700383539\n|move|p1a: Enamorus|Superpower|p2a: Kingambit\n|-supereffective|p2a: Kingambit\n|-damage|p2a: Kingambit|17\/100 par\n|-boost|p1a: Enamorus|atk|1\n|-boost|p1a: Enamorus|def|1\n|move|p2a: Kingambit|Iron Head|p1a: Enamorus\n|-supereffective|p1a: Enamorus\n|-damage|p1a: Enamorus|0 fnt\n|faint|p1a: Enamorus\n|\n|-weather|Snow|[upkeep]\n|upkeep\n|\n|t:|1700383545\n|switch|p1a: Iron Valiant|Iron Valiant|100\/100\n|turn|16\n|\n|t:|1700383550\n|move|p1a: Iron Valiant|Moonblast|p2a: Kingambit\n|-damage|p2a: Kingambit|0 fnt\n|faint|p2a: Kingambit\n|-end|p2a: Kingambit|fallen3|[silent]\n|\n|-weather|Snow|[upkeep]\n|upkeep\n|\n|t:|1700383552\n|switch|p2a: Iron Moth|Iron Moth|100\/100\n|turn|17\n|\n|t:|1700383558\n|-end|p1a: Iron Valiant|Quark Drive|[silent]\n|switch|p1a: Dragapult|Dragapult, M|55\/100\n|move|p2a: Iron Moth|Sludge Wave|p1a: Dragapult\n|-resisted|p1a: Dragapult\n|-damage|p1a: Dragapult|24\/100\n|\n|-weather|Snow|[upkeep]\n|-heal|p1a: Dragapult|30\/100|[from] item: Leftovers\n|upkeep\n|turn|18\n|\n|t:|1700383565\n|move|p1a: Dragapult|Thunder Wave|p2a: Iron Moth\n|-status|p2a: Iron Moth|par\n|move|p2a: Iron Moth|Sludge Wave|p1a: Dragapult\n|-resisted|p1a: Dragapult\n|-crit|p1a: Dragapult\n|-damage|p1a: Dragapult|0 fnt\n|faint|p1a: Dragapult\n|\n|-weather|none\n|upkeep\n|\n|t:|1700383569\n|switch|p1a: Ogerpon|Ogerpon-Wellspring, F|100\/100\n|turn|19\n|\n|t:|1700383576\n|move|p1a: Ogerpon|Swords Dance|p1a: Ogerpon\n|-boost|p1a: Ogerpon|atk|2\n|move|p2a: Iron Moth|Sludge Wave|p1a: Ogerpon\n|-supereffective|p1a: Ogerpon\n|-damage|p1a: Ogerpon|0 fnt\n|faint|p1a: Ogerpon\n|\n|upkeep\n|\n|t:|1700383579\n|switch|p1a: Iron Valiant|Iron Valiant|100\/100\n|turn|20\n|\n|t:|1700383582\n|move|p1a: Iron Valiant|Psyshock|p2a: Iron Moth\n|-supereffective|p2a: Iron Moth\n|-damage|p2a: Iron Moth|30\/100 par\n|move|p2a: Iron Moth|Sludge Wave|p1a: Iron Valiant\n|-supereffective|p1a: Iron Valiant\n|-damage|p1a: Iron Valiant|0 fnt\n|faint|p1a: Iron Valiant\n|-end|p1a: Iron Valiant|Quark Drive|[silent]\n|\n|win|jzhuc1841\n|raw|djodjoxyz's rating: 1595 &rarr; <strong>1578<\/strong><br \/>(-17 for losing)\n|raw|jzhuc1841's rating: 1647 &rarr; <strong>1664<\/strong><br \/>(+17 for winning)\n|c|\u2606djodjoxyz|Nice para\n|c|\u2606jzhuc1841|gg\n|l|\u2606djodjoxyz\n","uploadtime":1700383667,"views":23,"p1id":"djodjoxyz","p2id":"jzhuc1841","formatid":"gen9ou","rating":1578,"private":0,"password":""}