{"id":"gen9ou-1997263248","p1":"Samglizzyslapper","p2":"Bingo you lose","format":"[Gen 9] OU","log":"|j|\u2606Samglizzyslapper\n|j|\u2606Bingo you lose\n|t:|1700781967\n|gametype|singles\n|player|p1|Samglizzyslapper|infielder|1119\n|player|p2|Bingo you lose|cyclist-gen4|1000\n|teamsize|p1|6\n|teamsize|p2|6\n|gen|9\n|tier|[Gen 9] OU\n|rated|\n|rule|Sleep Clause Mod: Limit one foe put to sleep\n|rule|Species Clause: Limit one of each Pok\u00e9mon\n|rule|OHKO Clause: OHKO moves are banned\n|rule|Evasion Items Clause: Evasion items are banned\n|rule|Evasion Moves Clause: Evasion moves are banned\n|rule|Endless Battle Clause: Forcing endless battles is banned\n|rule|HP Percentage Mod: HP is shown in percentages\n|clearpoke\n|poke|p1|Weavile, M|\n|poke|p1|Corviknight, M|\n|poke|p1|Heatran, F|\n|poke|p1|Great Tusk|\n|poke|p1|Thundurus-Therian, M|\n|poke|p1|Hatterene, F|\n|poke|p2|Braviary-Hisui, M|\n|poke|p2|Conkeldurr, M|\n|poke|p2|Mamoswine, M|\n|poke|p2|Kleavor, M|\n|poke|p2|Indeedee-F, F|\n|poke|p2|Chandelure, F|\n|teampreview\n|j| TheGreatestBot\n|inactive|Battle timer is ON: inactive players will automatically lose when time's up. (requested by Samglizzyslapper)\n|\n|t:|1700781985\n|start\n|switch|p1a: Heatran|Heatran, F|100\/100\n|switch|p2a: Kleavor|Kleavor, M, shiny|100\/100\n|-item|p1a: Heatran|Air Balloon\n|turn|1\n|\n|t:|1700781990\n|move|p2a: Kleavor|Stone Axe|p1a: Heatran\n|-damage|p1a: Heatran|34\/100\n|-enditem|p1a: Heatran|Air Balloon\n|-sidestart|p1: Samglizzyslapper|move: Stealth Rock\n|move|p1a: Heatran|Will-O-Wisp|p2a: Kleavor\n|-status|p2a: Kleavor|brn\n|\n|-damage|p2a: Kleavor|94\/100 brn|[from] brn\n|upkeep\n|turn|2\n|\n|t:|1700782003\n|switch|p2a: Chandelure|Chandelure, F, shiny|100\/100\n|move|p1a: Heatran|Stealth Rock|p2a: Chandelure\n|-sidestart|p2: Bingo you lose|move: Stealth Rock\n|\n|upkeep\n|turn|3\n|\n|t:|1700782017\n|move|p2a: Chandelure|Shadow Ball|p1a: Heatran\n|-damage|p1a: Heatran|0 fnt\n|faint|p1a: Heatran\n|-damage|p2a: Chandelure|91\/100|[from] item: Life Orb\n|\n|upkeep\n|l| TheGreatestBot\n|inactive|Samglizzyslapper has 120 seconds left.\n|\n|t:|1700782045\n|switch|p1a: Great Tusk|Great Tusk|100\/100\n|-damage|p1a: Great Tusk|98\/100|[from] Stealth Rock\n|-enditem|p1a: Great Tusk|Booster Energy\n|-activate|p1a: Great Tusk|ability: Protosynthesis|[fromitem]\n|-start|p1a: Great Tusk|protosynthesisatk\n|turn|4\n|\n|t:|1700782060\n|move|p1a: Great Tusk|Knock Off|p2a: Chandelure\n|-supereffective|p2a: Chandelure\n|-damage|p2a: Chandelure|0 fnt\n|-enditem|p2a: Chandelure|Life Orb|[from] move: Knock Off|[of] p1a: Great Tusk\n|faint|p2a: Chandelure\n|\n|upkeep\n|\n|t:|1700782068\n|switch|p2a: Indeedee|Indeedee-F, F, shiny|100\/100\n|-damage|p2a: Indeedee|88\/100|[from] Stealth Rock\n|-fieldstart|move: Psychic Terrain|[from] ability: Psychic Surge|[of] p2a: Indeedee\n|turn|5\n|\n|t:|1700782074\n|move|p1a: Great Tusk|Knock Off|p2a: Indeedee\n|-supereffective|p2a: Indeedee\n|-damage|p2a: Indeedee|0 fnt\n|-enditem|p2a: Indeedee|Terrain Extender|[from] move: Knock Off|[of] p1a: Great Tusk\n|faint|p2a: Indeedee\n|\n|upkeep\n|\n|t:|1700782086\n|switch|p2a: Braviary|Braviary-Hisui, M, shiny|100\/100\n|-damage|p2a: Braviary|76\/100|[from] Stealth Rock\n|turn|6\n|\n|t:|1700782104\n|move|p1a: Great Tusk|Knock Off|p2a: Braviary\n|-supereffective|p2a: Braviary\n|-damage|p2a: Braviary|0 fnt\n|-enditem|p2a: Braviary|Choice Specs|[from] move: Knock Off|[of] p1a: Great Tusk\n|faint|p2a: Braviary\n|\n|upkeep\n|\n|t:|1700782107\n|switch|p2a: Conkeldurr|Conkeldurr, M, shiny|100\/100\n|-damage|p2a: Conkeldurr|94\/100|[from] Stealth Rock\n|turn|7\n|\n|t:|1700782129\n|move|p1a: Great Tusk|Close Combat|p2a: Conkeldurr\n|-crit|p2a: Conkeldurr\n|-damage|p2a: Conkeldurr|0 fnt\n|-unboost|p1a: Great Tusk|def|1\n|-unboost|p1a: Great Tusk|spd|1\n|faint|p2a: Conkeldurr\n|\n|upkeep\n|\n|t:|1700782132\n|switch|p2a: Mamoswine|Mamoswine, M|100\/100\n|-damage|p2a: Mamoswine|88\/100|[from] Stealth Rock\n|turn|8\n|\n|t:|1700782144\n|move|p1a: Great Tusk|Close Combat|p2a: Mamoswine\n|-supereffective|p2a: Mamoswine\n|-damage|p2a: Mamoswine|0 fnt\n|-unboost|p1a: Great Tusk|def|1\n|-unboost|p1a: Great Tusk|spd|1\n|faint|p2a: Mamoswine\n|\n|upkeep\n|-message|Bingo you lose forfeited.\n|\n|win|Samglizzyslapper\n|raw|Samglizzyslapper's rating: 1119 &rarr; <strong>1136<\/strong><br \/>(+17 for winning)\n|raw|Bingo you lose's rating: 1000 &rarr; <strong>1000<\/strong><br \/>(+0 for losing)\n|l|\u2606Bingo you lose\n","uploadtime":1700782211,"views":5,"p1id":"samglizzyslapper","p2id":"bingoyoulose","formatid":"gen9ou","rating":1000,"private":0,"password":""}