{"id":"gen9ou-1995886231","p1":"Riyad Mahrez","p2":"Catbugn","format":"[Gen 9] OU","log":"|j|\u2606Riyad Mahrez\n|j|\u2606Catbugn\n|t:|1700613612\n|gametype|singles\n|player|p1|Riyad Mahrez|will-gen2|1578\n|player|p2|Catbugn|dawn|1752\n|teamsize|p1|6\n|teamsize|p2|6\n|gen|9\n|tier|[Gen 9] OU\n|rated|\n|rule|Sleep Clause Mod: Limit one foe put to sleep\n|rule|Species Clause: Limit one of each Pok\u00e9mon\n|rule|OHKO Clause: OHKO moves are banned\n|rule|Evasion Items Clause: Evasion items are banned\n|rule|Evasion Moves Clause: Evasion moves are banned\n|rule|Endless Battle Clause: Forcing endless battles is banned\n|rule|HP Percentage Mod: HP is shown in percentages\n|clearpoke\n|poke|p1|Sinistcha-Masterpiece|\n|poke|p1|Ogerpon-Wellspring, F|\n|poke|p1|Heatran, M|\n|poke|p1|Kingambit, M|\n|poke|p1|Iron Valiant|\n|poke|p1|Great Tusk|\n|poke|p2|Garchomp, M|\n|poke|p2|Great Tusk|\n|poke|p2|Espeon, M|\n|poke|p2|Salamence, M|\n|poke|p2|Blissey, F|\n|poke|p2|Skeledirge, M|\n|teampreview\n|inactive|Battle timer is ON: inactive players will automatically lose when time's up. (requested by Riyad Mahrez)\n|\n|t:|1700613623\n|start\n|switch|p1a: Akainu \ud83c\udf0b|Heatran, M|100\/100\n|switch|p2a: Salamence|Salamence, M|100\/100\n|-ability|p2a: Salamence|Intimidate|boost\n|-unboost|p1a: Akainu \ud83c\udf0b|atk|1\n|turn|1\n|\n|t:|1700613641\n|switch|p1a: Cosmo \ud83c\udf75|Sinistcha-Masterpiece|100\/100\n|move|p2a: Salamence|Hydro Pump|p1a: Cosmo \ud83c\udf75|[miss]\n|-miss|p2a: Salamence|p1a: Cosmo \ud83c\udf75\n|\n|upkeep\n|turn|2\n|\n|t:|1700613651\n|switch|p2a: Espeon|Espeon, M|100\/100\n|switch|p1a: Akainu \ud83c\udf0b|Heatran, M|100\/100\n|\n|upkeep\n|turn|3\n|\n|t:|1700613657\n|move|p2a: Espeon|Trick|p1a: Akainu \ud83c\udf0b\n|-activate|p2a: Espeon|move: Trick|[of] p1a: Akainu \ud83c\udf0b\n|-item|p1a: Akainu \ud83c\udf0b|Choice Specs|[from] move: Trick\n|-item|p2a: Espeon|Leftovers|[from] move: Trick\n|move|p1a: Akainu \ud83c\udf0b|Magma Storm|p2a: Espeon\n|-damage|p2a: Espeon|13\/100\n|-activate|p2a: Espeon|move: Magma Storm|[of] p1a: Akainu \ud83c\udf0b\n|\n|-heal|p2a: Espeon|20\/100|[from] item: Leftovers\n|-damage|p2a: Espeon|7\/100|[from] move: Magma Storm|[partiallytrapped]\n|upkeep\n|turn|4\n|\n|t:|1700613667\n|move|p2a: Espeon|Psychic|p1a: Akainu \ud83c\udf0b\n|-resisted|p1a: Akainu \ud83c\udf0b\n|-damage|p1a: Akainu \ud83c\udf0b|85\/100\n|move|p1a: Akainu \ud83c\udf0b|Magma Storm|p2a: Espeon\n|-damage|p2a: Espeon|0 fnt\n|faint|p2a: Espeon\n|\n|upkeep\n|\n|t:|1700613681\n|switch|p2a: Salamence|Salamence, M|100\/100\n|-ability|p2a: Salamence|Intimidate|boost\n|-unboost|p1a: Akainu \ud83c\udf0b|atk|1\n|turn|5\n|\n|t:|1700613695\n|switch|p1a: Cosmo \ud83c\udf75|Sinistcha-Masterpiece|100\/100\n|move|p2a: Salamence|Hurricane|p1a: Cosmo \ud83c\udf75\n|-supereffective|p1a: Cosmo \ud83c\udf75\n|-damage|p1a: Cosmo \ud83c\udf75|0 fnt\n|faint|p1a: Cosmo \ud83c\udf75\n|\n|upkeep\n|\n|t:|1700613703\n|switch|p1a: Gene Starwind|Kingambit, M|100\/100\n|-activate|p1a: Gene Starwind|ability: Supreme Overlord\n|-start|p1a: Gene Starwind|fallen1|[silent]\n|turn|6\n|\n|t:|1700613708\n|switch|p2a: Great Tusk|Great Tusk|100\/100\n|move|p1a: Gene Starwind|Swords Dance|p1a: Gene Starwind\n|-boost|p1a: Gene Starwind|atk|2\n|\n|upkeep\n|turn|7\n|\n|t:|1700613715\n|-end|p2a: Great Tusk|Protosynthesis|[silent]\n|switch|p2a: Skeledirge|Skeledirge, M|100\/100\n|-terastallize|p1a: Gene Starwind|Fairy\n|move|p1a: Gene Starwind|Tera Blast|p2a: Skeledirge|[anim] Tera Blast Fairy\n|-resisted|p2a: Skeledirge\n|-damage|p2a: Skeledirge|86\/100\n|\n|-heal|p2a: Skeledirge|92\/100|[from] item: Leftovers\n|upkeep\n|turn|8\n|\n|t:|1700613727\n|-end|p1a: Gene Starwind|fallen1|[silent]\n|switch|p1a: Akainu \ud83c\udf0b|Heatran, M|85\/100\n|-terastallize|p2a: Skeledirge|Grass\n|move|p2a: Skeledirge|Tera Blast|p1a: Akainu \ud83c\udf0b|[anim] Tera Blast Grass\n|-resisted|p1a: Akainu \ud83c\udf0b\n|-damage|p1a: Akainu \ud83c\udf0b|80\/100\n|\n|-heal|p2a: Skeledirge|98\/100|[from] item: Leftovers\n|upkeep\n|turn|9\n|\n|t:|1700613737\n|switch|p2a: Blissey|Blissey, F|100\/100\n|move|p1a: Akainu \ud83c\udf0b|Magma Storm|p2a: Blissey|[miss]\n|-miss|p1a: Akainu \ud83c\udf0b|p2a: Blissey\n|\n|upkeep\n|turn|10\n|\n|t:|1700613747\n|switch|p1a: Treadwrong Crush|Great Tusk|100\/100\n|move|p2a: Blissey|Stealth Rock|p1a: Treadwrong Crush\n|-sidestart|p1: Riyad Mahrez|move: Stealth Rock\n|\n|upkeep\n|turn|11\n|\n|t:|1700613759\n|switch|p2a: Great Tusk|Great Tusk|100\/100\n|move|p1a: Treadwrong Crush|Knock Off|p2a: Great Tusk\n|-resisted|p2a: Great Tusk\n|-damage|p2a: Great Tusk|93\/100\n|-enditem|p2a: Great Tusk|Leftovers|[from] move: Knock Off|[of] p1a: Treadwrong Crush\n|\n|upkeep\n|turn|12\n|\n|t:|1700613767\n|move|p1a: Treadwrong Crush|Rapid Spin|p2a: Great Tusk\n|-damage|p2a: Great Tusk|84\/100\n|-boost|p1a: Treadwrong Crush|spe|1\n|-sideend|p1: Riyad Mahrez|Stealth Rock|[from] move: Rapid Spin|[of] p1a: Treadwrong Crush\n|move|p2a: Great Tusk|Earthquake|p1a: Treadwrong Crush\n|-damage|p1a: Treadwrong Crush|70\/100\n|\n|upkeep\n|turn|13\n|\n|t:|1700613777\n|move|p1a: Treadwrong Crush|Ice Spinner|p2a: Great Tusk\n|-supereffective|p2a: Great Tusk\n|-damage|p2a: Great Tusk|59\/100\n|move|p2a: Great Tusk|Earthquake|p1a: Treadwrong Crush\n|-damage|p1a: Treadwrong Crush|40\/100\n|\n|upkeep\n|turn|14\n|\n|t:|1700613785\n|-end|p1a: Treadwrong Crush|Protosynthesis|[silent]\n|switch|p1a: Twilight Suzuka\u2694\ufe0f|Ogerpon-Wellspring, F|100\/100\n|move|p2a: Great Tusk|Bulk Up|p2a: Great Tusk\n|-boost|p2a: Great Tusk|atk|1\n|-boost|p2a: Great Tusk|def|1\n|\n|upkeep\n|turn|15\n|\n|t:|1700613795\n|-end|p2a: Great Tusk|Protosynthesis|[silent]\n|switch|p2a: Salamence|Salamence, M|100\/100\n|-ability|p2a: Salamence|Intimidate|boost\n|-unboost|p1a: Twilight Suzuka\u2694\ufe0f|atk|1\n|move|p1a: Twilight Suzuka\u2694\ufe0f|Encore||[still]\n|-fail|p1a: Twilight Suzuka\u2694\ufe0f\n|\n|upkeep\n|turn|16\n|\n|t:|1700613806\n|switch|p1a: Akainu \ud83c\udf0b|Heatran, M|80\/100\n|move|p2a: Salamence|Draco Meteor|p1a: Akainu \ud83c\udf0b\n|-resisted|p1a: Akainu \ud83c\udf0b\n|-damage|p1a: Akainu \ud83c\udf0b|51\/100\n|-unboost|p2a: Salamence|spa|2\n|\n|upkeep\n|turn|17\n|\n|t:|1700613816\n|switch|p2a: Blissey|Blissey, F|100\/100\n|move|p1a: Akainu \ud83c\udf0b|Stealth Rock|p2a: Blissey\n|-sidestart|p2: Catbugn|move: Stealth Rock\n|\n|upkeep\n|turn|18\n|\n|t:|1700613823\n|switch|p1a: Gene Starwind|Kingambit, M, tera:Fairy|100\/100\n|-activate|p1a: Gene Starwind|ability: Supreme Overlord\n|-start|p1a: Gene Starwind|fallen1|[silent]\n|move|p2a: Blissey|Seismic Toss|p1a: Gene Starwind\n|-damage|p1a: Gene Starwind|73\/100\n|\n|-heal|p1a: Gene Starwind|80\/100|[from] item: Leftovers\n|upkeep\n|turn|19\n|\n|t:|1700613837\n|switch|p2a: Skeledirge|Skeledirge, M, tera:Grass|98\/100\n|-damage|p2a: Skeledirge|86\/100|[from] Stealth Rock\n|move|p1a: Gene Starwind|Tera Blast|p2a: Skeledirge|[anim] Tera Blast Fairy\n|-crit|p2a: Skeledirge\n|-damage|p2a: Skeledirge|42\/100\n|\n|-heal|p1a: Gene Starwind|86\/100|[from] item: Leftovers\n|-heal|p2a: Skeledirge|48\/100|[from] item: Leftovers\n|upkeep\n|turn|20\n|\n|t:|1700613866\n|-end|p1a: Gene Starwind|fallen1|[silent]\n|switch|p1a: Akainu \ud83c\udf0b|Heatran, M|51\/100\n|move|p2a: Skeledirge|Slack Off|p2a: Skeledirge\n|-heal|p2a: Skeledirge|98\/100\n|\n|-heal|p2a: Skeledirge|100\/100|[from] item: Leftovers\n|upkeep\n|turn|21\n|\n|t:|1700613877\n|switch|p2a: Blissey|Blissey, F|100\/100\n|-damage|p2a: Blissey|88\/100|[from] Stealth Rock\n|move|p1a: Akainu \ud83c\udf0b|Magma Storm|p2a: Blissey\n|-damage|p2a: Blissey|63\/100\n|-activate|p2a: Blissey|move: Magma Storm|[of] p1a: Akainu \ud83c\udf0b\n|\n|-heal|p2a: Blissey|69\/100|[from] item: Leftovers\n|-damage|p2a: Blissey|56\/100|[from] move: Magma Storm|[partiallytrapped]\n|upkeep\n|turn|22\n|inactive|Riyad Mahrez has 120 seconds left.\n|\n|t:|1700613894\n|move|p1a: Akainu \ud83c\udf0b|Magma Storm|p2a: Blissey\n|-crit|p2a: Blissey\n|-damage|p2a: Blissey|18\/100\n|move|p2a: Blissey|Stealth Rock|p1a: Akainu \ud83c\udf0b\n|-sidestart|p1: Riyad Mahrez|move: Stealth Rock\n|\n|-heal|p2a: Blissey|24\/100|[from] item: Leftovers\n|-damage|p2a: Blissey|11\/100|[from] move: Magma Storm|[partiallytrapped]\n|upkeep\n|turn|23\n|\n|t:|1700613903\n|move|p1a: Akainu \ud83c\udf0b|Magma Storm|p2a: Blissey\n|-damage|p2a: Blissey|0 fnt\n|faint|p2a: Blissey\n|\n|upkeep\n|\n|t:|1700613911\n|switch|p2a: Garchomp|Garchomp, M|100\/100\n|-damage|p2a: Garchomp|94\/100|[from] Stealth Rock\n|turn|24\n|inactive|Riyad Mahrez has 120 seconds left.\n|\n|t:|1700613939\n|switch|p1a: Twilight Suzuka\u2694\ufe0f|Ogerpon-Wellspring, F|100\/100\n|-damage|p1a: Twilight Suzuka\u2694\ufe0f|88\/100|[from] Stealth Rock\n|move|p2a: Garchomp|Earthquake|p1a: Twilight Suzuka\u2694\ufe0f\n|-resisted|p1a: Twilight Suzuka\u2694\ufe0f\n|-damage|p1a: Twilight Suzuka\u2694\ufe0f|55\/100\n|\n|upkeep\n|turn|25\n|inactive|Riyad Mahrez has 120 seconds left.\n|\n|t:|1700613954\n|switch|p2a: Salamence|Salamence, M|100\/100\n|-damage|p2a: Salamence|76\/100|[from] Stealth Rock\n|-ability|p2a: Salamence|Intimidate|boost\n|-unboost|p1a: Twilight Suzuka\u2694\ufe0f|atk|1\n|move|p1a: Twilight Suzuka\u2694\ufe0f|Ivy Cudgel|p2a: Salamence|[anim] Ivy Cudgel Water\n|-resisted|p2a: Salamence\n|-damage|p2a: Salamence|52\/100\n|\n|upkeep\n|turn|26\n|\n|t:|1700613967\n|move|p1a: Twilight Suzuka\u2694\ufe0f|Ivy Cudgel|p2a: Salamence|[anim] Ivy Cudgel Water\n|-resisted|p2a: Salamence\n|-damage|p2a: Salamence|26\/100\n|move|p2a: Salamence|Hurricane|p1a: Twilight Suzuka\u2694\ufe0f|[miss]\n|-miss|p2a: Salamence|p1a: Twilight Suzuka\u2694\ufe0f\n|\n|upkeep\n|turn|27\n|inactive|Riyad Mahrez has 120 seconds left.\n|\n|t:|1700614000\n|move|p1a: Twilight Suzuka\u2694\ufe0f|Ivy Cudgel|p2a: Salamence|[anim] Ivy Cudgel Water\n|-resisted|p2a: Salamence\n|-damage|p2a: Salamence|0 fnt\n|faint|p2a: Salamence\n|\n|upkeep\n|\n|t:|1700614008\n|switch|p2a: Great Tusk|Great Tusk|59\/100\n|-damage|p2a: Great Tusk|56\/100|[from] Stealth Rock\n|turn|28\n|\n|t:|1700614013\n|move|p1a: Twilight Suzuka\u2694\ufe0f|Ivy Cudgel|p2a: Great Tusk|[anim] Ivy Cudgel Water\n|-supereffective|p2a: Great Tusk\n|-crit|p2a: Great Tusk\n|-damage|p2a: Great Tusk|0 fnt\n|faint|p2a: Great Tusk\n|-end|p2a: Great Tusk|Protosynthesis|[silent]\n|\n|upkeep\n|\n|t:|1700614019\n|switch|p2a: Garchomp|Garchomp, M|94\/100\n|-damage|p2a: Garchomp|88\/100|[from] Stealth Rock\n|turn|29\n|\n|t:|1700614030\n|switch|p1a: Treadwrong Crush|Great Tusk|40\/100\n|move|p2a: Garchomp|Earthquake|p1a: Treadwrong Crush\n|-damage|p1a: Treadwrong Crush|2\/100\n|\n|upkeep\n|turn|30\n|\n|t:|1700614036\n|move|p2a: Garchomp|Earthquake|p1a: Treadwrong Crush\n|-damage|p1a: Treadwrong Crush|0 fnt\n|faint|p1a: Treadwrong Crush\n|-end|p1a: Treadwrong Crush|Protosynthesis|[silent]\n|\n|upkeep\n|\n|t:|1700614039\n|switch|p1a: Melfina|Iron Valiant|100\/100\n|-damage|p1a: Melfina|94\/100|[from] Stealth Rock\n|-enditem|p1a: Melfina|Booster Energy\n|-activate|p1a: Melfina|ability: Quark Drive|[fromitem]\n|-start|p1a: Melfina|quarkdrivespe\n|turn|31\n|\n|t:|1700614046\n|switch|p2a: Skeledirge|Skeledirge, M, tera:Grass|100\/100\n|-damage|p2a: Skeledirge|88\/100|[from] Stealth Rock\n|move|p1a: Melfina|Moonblast|p2a: Skeledirge\n|-damage|p2a: Skeledirge|42\/100\n|\n|-heal|p2a: Skeledirge|48\/100|[from] item: Leftovers\n|upkeep\n|turn|32\n|j| Spiderking3261\n|\n|t:|1700614071\n|move|p1a: Melfina|Moonblast|p2a: Skeledirge\n|-damage|p2a: Skeledirge|0 fnt\n|faint|p2a: Skeledirge\n|\n|upkeep\n|\n|t:|1700614076\n|switch|p2a: Garchomp|Garchomp, M|88\/100\n|-damage|p2a: Garchomp|82\/100|[from] Stealth Rock\n|turn|33\n|\n|t:|1700614082\n|move|p1a: Melfina|Moonblast|p2a: Garchomp\n|-supereffective|p2a: Garchomp\n|-damage|p2a: Garchomp|0 fnt\n|faint|p2a: Garchomp\n|\n|win|Riyad Mahrez\n|raw|Riyad Mahrez's rating: 1578 &rarr; <strong>1607<\/strong><br \/>(+29 for winning)\n|raw|Catbugn's rating: 1752 &rarr; <strong>1723<\/strong><br \/>(-29 for losing)\n|l|\u2606Catbugn\n|l| Spiderking3261\n","uploadtime":1700614098,"views":6,"p1id":"riyadmahrez","p2id":"catbugn","formatid":"gen9ou","rating":1607,"private":0,"password":""}