{"id":"gen9ou-1990898982","p1":"Fun_Sized_Otter","p2":"GrapeLemon","format":"[Gen 9] OU","log":"|j|\u2606Fun_Sized_Otter\n|j|\u2606GrapeLemon\n|t:|1700012841\n|gametype|singles\n|player|p1|Fun_Sized_Otter|102|1083\n|player|p2|GrapeLemon|crasherwake|1105\n|teamsize|p1|6\n|teamsize|p2|6\n|gen|9\n|tier|[Gen 9] OU\n|rated|\n|rule|Sleep Clause Mod: Limit one foe put to sleep\n|rule|Species Clause: Limit one of each Pok\u00e9mon\n|rule|OHKO Clause: OHKO moves are banned\n|rule|Evasion Items Clause: Evasion items are banned\n|rule|Evasion Moves Clause: Evasion moves are banned\n|rule|Endless Battle Clause: Forcing endless battles is banned\n|rule|HP Percentage Mod: HP is shown in percentages\n|clearpoke\n|poke|p1|Kingambit, M|\n|poke|p1|Cinderace, M|\n|poke|p1|Gholdengo|\n|poke|p1|Walking Wake|\n|poke|p1|Glimmora, F|\n|poke|p1|Blissey, F|\n|poke|p2|Garchomp, M|\n|poke|p2|Kingambit, M|\n|poke|p2|Zapdos|\n|poke|p2|Samurott-Hisui, F|\n|poke|p2|Cinderace, M|\n|poke|p2|Gholdengo|\n|teampreview\n|\n|t:|1700012848\n|start\n|switch|p1a: Glimmora|Glimmora, F|100\/100\n|switch|p2a: Garchomp|Garchomp, M|100\/100\n|turn|1\n|\n|t:|1700012855\n|move|p1a: Glimmora|Mortal Spin|p2a: Garchomp\n|-resisted|p2a: Garchomp\n|-damage|p2a: Garchomp|98\/100\n|-status|p2a: Garchomp|psn\n|-damage|p1a: Glimmora|88\/100|[from] ability: Rough Skin|[of] p2a: Garchomp\n|move|p2a: Garchomp|Swords Dance|p2a: Garchomp\n|-boost|p2a: Garchomp|atk|2\n|\n|-heal|p2a: Garchomp|100\/100 psn|[from] item: Leftovers\n|-damage|p2a: Garchomp|88\/100 psn|[from] psn\n|upkeep\n|turn|2\n|\n|t:|1700012865\n|move|p1a: Glimmora|Spikes|p2a: Garchomp\n|-sidestart|p2: GrapeLemon|Spikes\n|move|p2a: Garchomp|Scale Shot|p1a: Glimmora\n|-damage|p1a: Glimmora|62\/100\n|-activate|p1a: Glimmora|ability: Toxic Debris\n|-sidestart|p2: GrapeLemon|move: Toxic Spikes\n|-damage|p1a: Glimmora|37\/100\n|-activate|p1a: Glimmora|ability: Toxic Debris\n|-sidestart|p2: GrapeLemon|move: Toxic Spikes\n|-damage|p1a: Glimmora|8\/100\n|-hitcount|p1a: Glimmora|3\n|-unboost|p2a: Garchomp|def|1\n|-boost|p2a: Garchomp|spe|1\n|\n|-heal|p2a: Garchomp|94\/100 psn|[from] item: Leftovers\n|-damage|p2a: Garchomp|82\/100 psn|[from] psn\n|upkeep\n|turn|3\n|\n|t:|1700012883\n|move|p2a: Garchomp|Scale Shot|p1a: Glimmora\n|-damage|p1a: Glimmora|0 fnt\n|faint|p1a: Glimmora\n|-hitcount|p1: Glimmora|1\n|-unboost|p2a: Garchomp|def|1\n|-boost|p2a: Garchomp|spe|1\n|\n|-heal|p2a: Garchomp|88\/100 psn|[from] item: Leftovers\n|-damage|p2a: Garchomp|75\/100 psn|[from] psn\n|upkeep\n|inactive|Battle timer is ON: inactive players will automatically lose when time's up. (requested by GrapeLemon)\n|\n|t:|1700012905\n|switch|p1a: Walking Wake|Walking Wake|100\/100\n|turn|4\n|\n|t:|1700012908\n|move|p2a: Garchomp|Scale Shot|p1a: Walking Wake\n|-supereffective|p1a: Walking Wake\n|-damage|p1a: Walking Wake|46\/100\n|-supereffective|p1a: Walking Wake\n|-damage|p1a: Walking Wake|0 fnt\n|faint|p1a: Walking Wake\n|-end|p1a: Walking Wake|Protosynthesis|[silent]\n|-hitcount|p1: Walking Wake|2\n|-unboost|p2a: Garchomp|def|1\n|-boost|p2a: Garchomp|spe|1\n|\n|-heal|p2a: Garchomp|82\/100 psn|[from] item: Leftovers\n|-damage|p2a: Garchomp|69\/100 psn|[from] psn\n|upkeep\n|\n|t:|1700012926\n|switch|p1a: Cinderace|Cinderace, M|100\/100\n|turn|5\n|\n|t:|1700012932\n|move|p2a: Garchomp|Earthquake|p1a: Cinderace\n|-supereffective|p1a: Cinderace\n|-damage|p1a: Cinderace|0 fnt\n|faint|p1a: Cinderace\n|\n|-heal|p2a: Garchomp|75\/100 psn|[from] item: Leftovers\n|-damage|p2a: Garchomp|63\/100 psn|[from] psn\n|upkeep\n|\n|t:|1700012941\n|switch|p1a: Blissey|Blissey, F|100\/100\n|turn|6\n|\n|t:|1700012948\n|move|p2a: Garchomp|Earthquake|p1a: Blissey\n|-damage|p1a: Blissey|0 fnt\n|faint|p1a: Blissey\n|\n|-heal|p2a: Garchomp|69\/100 psn|[from] item: Leftovers\n|-damage|p2a: Garchomp|56\/100 psn|[from] psn\n|upkeep\n|\n|t:|1700012975\n|switch|p1a: Gholdengo|Gholdengo|100\/100\n|turn|7\n|\n|t:|1700012977\n|move|p2a: Garchomp|Earthquake|p1a: Gholdengo\n|-supereffective|p1a: Gholdengo\n|-damage|p1a: Gholdengo|0 fnt\n|faint|p1a: Gholdengo\n|\n|-heal|p2a: Garchomp|63\/100 psn|[from] item: Leftovers\n|-damage|p2a: Garchomp|50\/100 psn|[from] psn\n|upkeep\n|\n|t:|1700012991\n|switch|p1a: Kingambit|Kingambit, M|100\/100\n|-activate|p1a: Kingambit|ability: Supreme Overlord\n|-start|p1a: Kingambit|fallen5|[silent]\n|turn|8\n|\n|t:|1700012998\n|move|p2a: Garchomp|Scale Shot|p1a: Kingambit\n|-resisted|p1a: Kingambit\n|-damage|p1a: Kingambit|91\/100\n|-resisted|p1a: Kingambit\n|-damage|p1a: Kingambit|81\/100\n|-resisted|p1a: Kingambit\n|-damage|p1a: Kingambit|72\/100\n|-hitcount|p1a: Kingambit|3\n|-unboost|p2a: Garchomp|def|1\n|-boost|p2a: Garchomp|spe|1\n|move|p1a: Kingambit|Tera Blast|p2a: Garchomp\n|-damage|p2a: Garchomp|35\/100 psn\n|\n|-heal|p2a: Garchomp|41\/100 psn|[from] item: Leftovers\n|-heal|p1a: Kingambit|78\/100|[from] item: Leftovers\n|-damage|p2a: Garchomp|28\/100 psn|[from] psn\n|upkeep\n|turn|9\n|\n|t:|1700013013\n|move|p2a: Garchomp|Earthquake|p1a: Kingambit\n|-supereffective|p1a: Kingambit\n|-damage|p1a: Kingambit|0 fnt\n|faint|p1a: Kingambit\n|-end|p1a: Kingambit|fallen5|[silent]\n|\n|win|GrapeLemon\n|raw|Fun_Sized_Otter's rating: 1083 &rarr; <strong>1062<\/strong><br \/>(-21 for losing)\n|raw|GrapeLemon's rating: 1105 &rarr; <strong>1128<\/strong><br \/>(+23 for winning)\n|c|\u2606GrapeLemon|where was sucker punch\n|l|\u2606Fun_Sized_Otter\n","uploadtime":1700013038,"views":21,"p1id":"funsizedotter","p2id":"grapelemon","formatid":"gen9ou","rating":1062,"private":0,"password":""}