{"id":"gen9ou-1989792668","p1":"Camhie","p2":"ratatta17","format":"[Gen 9] OU","log":"|j|\u2606Camhie\n|j|\u2606ratatta17\n|t:|1699896168\n|gametype|singles\n|player|p1|Camhie|pokekid|1408\n|player|p2|ratatta17|265|1438\n|teamsize|p1|6\n|teamsize|p2|6\n|gen|9\n|tier|[Gen 9] OU\n|rated|\n|rule|Sleep Clause Mod: Limit one foe put to sleep\n|rule|Species Clause: Limit one of each Pok\u00e9mon\n|rule|OHKO Clause: OHKO moves are banned\n|rule|Evasion Items Clause: Evasion items are banned\n|rule|Evasion Moves Clause: Evasion moves are banned\n|rule|Endless Battle Clause: Forcing endless battles is banned\n|rule|HP Percentage Mod: HP is shown in percentages\n|clearpoke\n|poke|p1|Zoroark-Hisui, M|\n|poke|p1|Tinkaton, F|\n|poke|p1|Iron Moth|\n|poke|p1|Great Tusk|\n|poke|p1|Zamazenta-*|\n|poke|p1|Goodra-Hisui, M|\n|poke|p2|Azumarill, F|\n|poke|p2|Staraptor, M|\n|poke|p2|Toedscruel, F|\n|poke|p2|Skeledirge, F|\n|poke|p2|Ninetales-Alola, F|\n|poke|p2|Iron Valiant|\n|teampreview\n|\n|t:|1699896175\n|start\n|switch|p1a: Tinkaton|Tinkaton, F|100\/100\n|switch|p2a: Staraptor|Staraptor, M|100\/100\n|-ability|p2a: Staraptor|Intimidate|boost\n|-unboost|p1a: Tinkaton|atk|1\n|-ability|p1a: Tinkaton|Mold Breaker\n|turn|1\n|\n|t:|1699896182\n|move|p2a: Staraptor|U-turn|p1a: Tinkaton\n|-resisted|p1a: Tinkaton\n|-damage|p1a: Tinkaton|94\/100\n|\n|t:|1699896191\n|switch|p2a: Toedscruel|Toedscruel, F|100\/100|[from] U-turn\n|move|p1a: Tinkaton|Thunder Wave|p2a: Toedscruel\n|-immune|p2a: Toedscruel\n|\n|-heal|p1a: Tinkaton|99\/100|[from] item: Leftovers\n|upkeep\n|turn|2\n|\n|t:|1699896197\n|move|p1a: Tinkaton|Stealth Rock|p2a: Toedscruel\n|-sidestart|p2: ratatta17|move: Stealth Rock\n|move|p2a: Toedscruel|Spore|p1a: Tinkaton\n|-status|p1a: Tinkaton|slp|[from] move: Spore\n|\n|-heal|p1a: Tinkaton|100\/100 slp|[from] item: Leftovers\n|upkeep\n|turn|3\n|\n|t:|1699896201\n|cant|p1a: Tinkaton|slp\n|move|p2a: Toedscruel|Knock Off|p1a: Tinkaton\n|-resisted|p1a: Tinkaton\n|-damage|p1a: Tinkaton|89\/100 slp\n|-enditem|p1a: Tinkaton|Leftovers|[from] move: Knock Off|[of] p2a: Toedscruel\n|\n|upkeep\n|turn|4\n|\n|t:|1699896203\n|cant|p1a: Tinkaton|slp\n|move|p2a: Toedscruel|Rapid Spin|p1a: Tinkaton\n|-resisted|p1a: Tinkaton\n|-damage|p1a: Tinkaton|83\/100 slp\n|-boost|p2a: Toedscruel|spe|1\n|-sideend|p2: ratatta17|Stealth Rock|[from] move: Rapid Spin|[of] p2a: Toedscruel\n|\n|upkeep\n|turn|5\n|\n|t:|1699896205\n|cant|p1a: Tinkaton|slp\n|move|p2a: Toedscruel|Leech Seed|p1a: Tinkaton\n|-start|p1a: Tinkaton|move: Leech Seed\n|\n|-damage|p1a: Tinkaton|71\/100 slp|[from] Leech Seed|[of] p2a: Toedscruel\n|upkeep\n|turn|6\n|\n|t:|1699896207\n|-curestatus|p1a: Tinkaton|slp|[msg]\n|move|p1a: Tinkaton|Gigaton Hammer|p2a: Toedscruel\n|-damage|p2a: Toedscruel|66\/100\n|move|p2a: Toedscruel|Spore|p1a: Tinkaton\n|-status|p1a: Tinkaton|slp|[from] move: Spore\n|\n|-heal|p2a: Toedscruel|72\/100|[from] item: Leftovers\n|-damage|p1a: Tinkaton|59\/100 slp|[from] Leech Seed|[of] p2a: Toedscruel\n|-heal|p2a: Toedscruel|83\/100|[silent]\n|upkeep\n|turn|7\n|\n|t:|1699896214\n|switch|p1a: Iron Moth|Iron Moth|100\/100\n|-enditem|p1a: Iron Moth|Booster Energy\n|-activate|p1a: Iron Moth|ability: Quark Drive|[fromitem]\n|-start|p1a: Iron Moth|quarkdrivespa\n|move|p2a: Toedscruel|Knock Off|p1a: Iron Moth\n|-damage|p1a: Iron Moth|80\/100\n|\n|-heal|p2a: Toedscruel|89\/100|[from] item: Leftovers\n|upkeep\n|turn|8\n|\n|t:|1699896216\n|switch|p2a: Skeledirge|Skeledirge, F|100\/100\n|move|p1a: Iron Moth|Fiery Dance|p2a: Skeledirge\n|-resisted|p2a: Skeledirge\n|-damage|p2a: Skeledirge|79\/100\n|-boost|p1a: Iron Moth|spa|1\n|\n|-heal|p2a: Skeledirge|85\/100|[from] item: Leftovers\n|upkeep\n|turn|9\n|\n|t:|1699896221\n|-end|p1a: Iron Moth|Quark Drive|[silent]\n|switch|p1a: Great Tusk|Great Tusk|100\/100\n|-enditem|p1a: Great Tusk|Booster Energy\n|-activate|p1a: Great Tusk|ability: Protosynthesis|[fromitem]\n|-start|p1a: Great Tusk|protosynthesisatk\n|move|p2a: Skeledirge|Torch Song|p1a: Great Tusk\n|-damage|p1a: Great Tusk|56\/100\n|-boost|p2a: Skeledirge|spa|1\n|\n|-heal|p2a: Skeledirge|91\/100|[from] item: Leftovers\n|upkeep\n|turn|10\n|\n|t:|1699896225\n|switch|p2a: Staraptor|Staraptor, M|100\/100\n|-ability|p2a: Staraptor|Intimidate|boost\n|-unboost|p1a: Great Tusk|atk|1\n|move|p1a: Great Tusk|Headlong Rush|p2a: Staraptor\n|-immune|p2a: Staraptor\n|\n|upkeep\n|turn|11\n|\n|t:|1699896270\n|-end|p1a: Great Tusk|Protosynthesis|[silent]\n|switch|p1a: Goodra|Goodra-Hisui, M|100\/100\n|move|p2a: Staraptor|Brave Bird|p1a: Goodra\n|-resisted|p1a: Goodra\n|-damage|p1a: Goodra|76\/100\n|-damage|p2a: Staraptor|93\/100|[from] Recoil\n|\n|upkeep\n|turn|12\n|\n|t:|1699896283\n|switch|p2a: Toedscruel|Toedscruel, F|89\/100\n|move|p1a: Goodra|Fire Blast|p2a: Toedscruel\n|-supereffective|p2a: Toedscruel\n|-damage|p2a: Toedscruel|32\/100\n|\n|-heal|p2a: Toedscruel|38\/100|[from] item: Leftovers\n|upkeep\n|turn|13\n|\n|t:|1699896291\n|switch|p2a: Skeledirge|Skeledirge, F|91\/100\n|move|p1a: Goodra|Fire Blast|p2a: Skeledirge\n|-resisted|p2a: Skeledirge\n|-damage|p2a: Skeledirge|77\/100\n|\n|-heal|p2a: Skeledirge|83\/100|[from] item: Leftovers\n|upkeep\n|turn|14\n|\n|t:|1699896297\n|move|p1a: Goodra|Earthquake|p2a: Skeledirge\n|-supereffective|p2a: Skeledirge\n|-damage|p2a: Skeledirge|50\/100\n|move|p2a: Skeledirge|Will-O-Wisp|p1a: Goodra\n|-status|p1a: Goodra|brn\n|\n|-heal|p2a: Skeledirge|56\/100|[from] item: Leftovers\n|-damage|p1a: Goodra|70\/100 brn|[from] brn\n|upkeep\n|turn|15\n|\n|t:|1699896307\n|switch|p1a: Tinkaton|Tinkaton, F|59\/100 slp\n|-ability|p1a: Tinkaton|Mold Breaker\n|move|p2a: Skeledirge|Torch Song|p1a: Tinkaton\n|-supereffective|p1a: Tinkaton\n|-damage|p1a: Tinkaton|0 fnt\n|-boost|p2a: Skeledirge|spa|1\n|faint|p1a: Tinkaton\n|\n|-heal|p2a: Skeledirge|62\/100|[from] item: Leftovers\n|upkeep\n|\n|t:|1699896309\n|switch|p1a: Great Tusk|Great Tusk|100\/100\n|turn|16\n|\n|t:|1699896322\n|switch|p2a: Staraptor|Staraptor, M|93\/100\n|-ability|p2a: Staraptor|Intimidate|boost\n|-unboost|p1a: Great Tusk|atk|1\n|move|p1a: Great Tusk|Shadow Ball|p2a: Staraptor\n|-immune|p2a: Staraptor\n|\n|upkeep\n|turn|17\n|\n|t:|1699896349\n|move|p2a: Staraptor|U-turn|p1a: Great Tusk\n|-resisted|p1a: Great Tusk\n|-damage|p1a: Great Tusk|82\/100\n|replace|p1a: Zoroark|Zoroark-Hisui, M\n|-end|p1a: Zoroark|Illusion\n|\n|t:|1699896354\n|switch|p2a: Skeledirge|Skeledirge, F|62\/100|[from] U-turn\n|move|p1a: Zoroark|Will-O-Wisp|p2a: Skeledirge\n|-immune|p2a: Skeledirge\n|\n|-heal|p2a: Skeledirge|68\/100|[from] item: Leftovers\n|upkeep\n|turn|18\n|\n|t:|1699896374\n|switch|p2a: Staraptor|Staraptor, M|93\/100\n|-ability|p2a: Staraptor|Intimidate|boost\n|-unboost|p1a: Zoroark|atk|1\n|move|p1a: Zoroark|Shadow Ball|p2a: Staraptor\n|-immune|p2a: Staraptor\n|\n|upkeep\n|turn|19\n|\n|t:|1699896383\n|switch|p1a: Zamazenta|Zamazenta|100\/100\n|-ability|p1a: Zamazenta|Dauntless Shield|boost\n|-boost|p1a: Zamazenta|def|1\n|move|p2a: Staraptor|Brave Bird|p1a: Zamazenta\n|-supereffective|p1a: Zamazenta\n|-damage|p1a: Zamazenta|52\/100\n|-damage|p2a: Staraptor|79\/100|[from] Recoil\n|\n|-heal|p1a: Zamazenta|59\/100|[from] item: Leftovers\n|upkeep\n|turn|20\n|\n|t:|1699896405\n|switch|p2a: Skeledirge|Skeledirge, F|68\/100\n|move|p1a: Zamazenta|Body Press|p2a: Skeledirge\n|-immune|p2a: Skeledirge\n|\n|-heal|p1a: Zamazenta|65\/100|[from] item: Leftovers\n|-heal|p2a: Skeledirge|75\/100|[from] item: Leftovers\n|upkeep\n|turn|21\n|\n|t:|1699896409\n|move|p1a: Zamazenta|Crunch|p2a: Skeledirge\n|-supereffective|p2a: Skeledirge\n|-damage|p2a: Skeledirge|40\/100\n|move|p2a: Skeledirge|Will-O-Wisp|p1a: Zamazenta\n|-status|p1a: Zamazenta|brn\n|\n|-heal|p1a: Zamazenta|71\/100 brn|[from] item: Leftovers\n|-heal|p2a: Skeledirge|46\/100|[from] item: Leftovers\n|-damage|p1a: Zamazenta|65\/100 brn|[from] brn\n|upkeep\n|turn|22\n|\n|t:|1699896412\n|move|p1a: Zamazenta|Crunch|p2a: Skeledirge\n|-supereffective|p2a: Skeledirge\n|-damage|p2a: Skeledirge|28\/100\n|move|p2a: Skeledirge|Slack Off|p2a: Skeledirge\n|-heal|p2a: Skeledirge|78\/100\n|\n|-heal|p1a: Zamazenta|71\/100 brn|[from] item: Leftovers\n|-heal|p2a: Skeledirge|84\/100|[from] item: Leftovers\n|-damage|p1a: Zamazenta|65\/100 brn|[from] brn\n|upkeep\n|turn|23\n|\n|t:|1699896416\n|switch|p1a: Goodra|Goodra-Hisui, M|70\/100 brn\n|move|p2a: Skeledirge|Torch Song|p1a: Goodra\n|-damage|p1a: Goodra|56\/100 brn\n|-boost|p2a: Skeledirge|spa|1\n|\n|-heal|p2a: Skeledirge|90\/100|[from] item: Leftovers\n|-damage|p1a: Goodra|50\/100 brn|[from] brn\n|upkeep\n|turn|24\n|\n|t:|1699896420\n|move|p1a: Goodra|Earthquake|p2a: Skeledirge\n|-supereffective|p2a: Skeledirge\n|-damage|p2a: Skeledirge|72\/100\n|move|p2a: Skeledirge|Hex|p1a: Goodra\n|-damage|p1a: Goodra|15\/100 brn\n|\n|-heal|p2a: Skeledirge|78\/100|[from] item: Leftovers\n|-damage|p1a: Goodra|8\/100 brn|[from] brn\n|upkeep\n|turn|25\n|\n|t:|1699896423\n|move|p1a: Goodra|Draco Meteor|p2a: Skeledirge\n|-damage|p2a: Skeledirge|32\/100\n|-unboost|p1a: Goodra|spa|2\n|move|p2a: Skeledirge|Slack Off|p2a: Skeledirge\n|-heal|p2a: Skeledirge|82\/100\n|\n|-heal|p2a: Skeledirge|88\/100|[from] item: Leftovers\n|-damage|p1a: Goodra|2\/100 brn|[from] brn\n|upkeep\n|turn|26\n|\n|t:|1699896426\n|move|p1a: Goodra|Draco Meteor|p2a: Skeledirge\n|-damage|p2a: Skeledirge|37\/100\n|-unboost|p1a: Goodra|spa|2\n|move|p2a: Skeledirge|Slack Off|p2a: Skeledirge\n|-heal|p2a: Skeledirge|87\/100\n|\n|-heal|p2a: Skeledirge|93\/100|[from] item: Leftovers\n|-damage|p1a: Goodra|0 fnt|[from] brn\n|faint|p1a: Goodra\n|upkeep\n|\n|t:|1699896442\n|switch|p1a: Great Tusk|Great Tusk|56\/100\n|turn|27\n|\n|t:|1699896458\n|switch|p2a: Staraptor|Staraptor, M|79\/100\n|-ability|p2a: Staraptor|Intimidate|boost\n|-unboost|p1a: Great Tusk|atk|1\n|move|p1a: Great Tusk|Headlong Rush|p2a: Staraptor\n|-immune|p2a: Staraptor\n|\n|upkeep\n|turn|28\n|\n|t:|1699896484\n|move|p2a: Staraptor|Brave Bird|p1a: Great Tusk\n|-supereffective|p1a: Great Tusk\n|-damage|p1a: Great Tusk|0 fnt\n|faint|p1a: Great Tusk\n|-end|p1a: Great Tusk|Protosynthesis|[silent]\n|-damage|p2a: Staraptor|61\/100|[from] Recoil\n|\n|upkeep\n|\n|t:|1699896512\n|switch|p1a: Iron Moth|Iron Moth|80\/100\n|turn|29\n|\n|t:|1699896519\n|switch|p2a: Skeledirge|Skeledirge, F|93\/100\n|move|p1a: Iron Moth|Agility|p1a: Iron Moth\n|-boost|p1a: Iron Moth|spe|2\n|\n|-heal|p2a: Skeledirge|99\/100|[from] item: Leftovers\n|upkeep\n|turn|30\n|\n|t:|1699896521\n|move|p1a: Iron Moth|Sludge Wave|p2a: Skeledirge\n|-resisted|p2a: Skeledirge\n|-damage|p2a: Skeledirge|79\/100\n|move|p2a: Skeledirge|Torch Song|p1a: Iron Moth\n|-resisted|p1a: Iron Moth\n|-damage|p1a: Iron Moth|65\/100\n|-boost|p2a: Skeledirge|spa|1\n|\n|-heal|p2a: Skeledirge|85\/100|[from] item: Leftovers\n|upkeep\n|turn|31\n|\n|t:|1699896524\n|move|p1a: Iron Moth|Sludge Wave|p2a: Skeledirge\n|-resisted|p2a: Skeledirge\n|-damage|p2a: Skeledirge|67\/100\n|move|p2a: Skeledirge|Torch Song|p1a: Iron Moth\n|-resisted|p1a: Iron Moth\n|-damage|p1a: Iron Moth|42\/100\n|-boost|p2a: Skeledirge|spa|1\n|\n|-heal|p2a: Skeledirge|73\/100|[from] item: Leftovers\n|upkeep\n|turn|32\n|-message|Camhie forfeited.\n|\n|win|ratatta17\n|raw|Camhie's rating: 1393 &rarr; <strong>1376<\/strong><br \/>(-17 for losing)\n|raw|ratatta17's rating: 1438 &rarr; <strong>1455<\/strong><br \/>(+17 for winning)\n|l|\u2606Camhie\n","uploadtime":1699896535,"views":9,"p1id":"camhie","p2id":"ratatta17","formatid":"gen9ou","rating":1376,"private":0,"password":""}