{"id":"gen9ou-1994690355","p1":"HonoredMedal","p2":"TheRealMoosposter","format":"[Gen 9] OU","log":"|j|\u2606HonoredMedal\n|j|\u2606TheRealMoosposter\n|t:|1700481540\n|gametype|singles\n|player|p1|HonoredMedal|shauntal|1390\n|player|p2|TheRealMoosposter|larry|1348\n|teamsize|p1|6\n|teamsize|p2|6\n|gen|9\n|tier|[Gen 9] OU\n|rated|\n|rule|Sleep Clause Mod: Limit one foe put to sleep\n|rule|Species Clause: Limit one of each Pok\u00e9mon\n|rule|OHKO Clause: OHKO moves are banned\n|rule|Evasion Items Clause: Evasion items are banned\n|rule|Evasion Moves Clause: Evasion moves are banned\n|rule|Endless Battle Clause: Forcing endless battles is banned\n|rule|HP Percentage Mod: HP is shown in percentages\n|clearpoke\n|poke|p1|Weavile, F|\n|poke|p1|Amoonguss, M|\n|poke|p1|Garganacl, M|\n|poke|p1|Maushold|\n|poke|p1|Kingambit, M|\n|poke|p1|Samurott-Hisui, M|\n|poke|p2|Dragapult, M|\n|poke|p2|Great Tusk|\n|poke|p2|Ceruledge, M|\n|poke|p2|Iron Hands|\n|poke|p2|Ogerpon-Cornerstone, F|\n|poke|p2|Iron Valiant|\n|teampreview\n|inactive|Battle timer is ON: inactive players will automatically lose when time's up. (requested by HonoredMedal)\n|\n|t:|1700481563\n|start\n|switch|p1a: Garganacl|Garganacl, M|100\/100\n|switch|p2a: We ball|Dragapult, M|100\/100\n|turn|1\n|\n|t:|1700481592\n|move|p2a: We ball|Draco Meteor|p1a: Garganacl\n|-damage|p1a: Garganacl|62\/100\n|-unboost|p2a: We ball|spa|2\n|-enditem|p2a: We ball|Eject Pack\n|\n|t:|1700481597\n|switch|p2a: Stinky|Great Tusk|100\/100\n|move|p1a: Garganacl|Iron Defense|p1a: Garganacl\n|-boost|p1a: Garganacl|def|2\n|\n|-heal|p1a: Garganacl|69\/100|[from] item: Leftovers\n|upkeep\n|turn|2\n|\n|t:|1700481609\n|move|p2a: Stinky|Stealth Rock|p1a: Garganacl\n|-sidestart|p1: HonoredMedal|move: Stealth Rock\n|move|p1a: Garganacl|Salt Cure|p2a: Stinky\n|-resisted|p2a: Stinky\n|-damage|p2a: Stinky|98\/100\n|-start|p2a: Stinky|Salt Cure\n|\n|-heal|p1a: Garganacl|75\/100|[from] item: Leftovers\n|-damage|p2a: Stinky|86\/100|[from] Salt Cure\n|upkeep\n|turn|3\n|\n|t:|1700481613\n|-end|p2a: Stinky|Protosynthesis|[silent]\n|switch|p2a: Stinker|Iron Valiant|100\/100\n|move|p1a: Garganacl|Iron Defense|p1a: Garganacl\n|-boost|p1a: Garganacl|def|2\n|\n|-heal|p1a: Garganacl|81\/100|[from] item: Leftovers\n|upkeep\n|turn|4\n|\n|t:|1700481620\n|move|p2a: Stinker|Energy Ball|p1a: Garganacl\n|-supereffective|p1a: Garganacl\n|-damage|p1a: Garganacl|39\/100\n|move|p1a: Garganacl|Body Press|p2a: Stinker\n|-resisted|p2a: Stinker\n|-damage|p2a: Stinker|52\/100\n|\n|-heal|p1a: Garganacl|46\/100|[from] item: Leftovers\n|upkeep\n|turn|5\n|\n|t:|1700481627\n|-terastallize|p1a: Garganacl|Fairy\n|move|p2a: Stinker|Energy Ball|p1a: Garganacl\n|-damage|p1a: Garganacl|25\/100\n|move|p1a: Garganacl|Recover|p1a: Garganacl\n|-heal|p1a: Garganacl|75\/100\n|\n|-heal|p1a: Garganacl|81\/100|[from] item: Leftovers\n|upkeep\n|turn|6\n|\n|t:|1700481642\n|-end|p2a: Stinker|Quark Drive|[silent]\n|switch|p2a: Gooby|Ogerpon-Cornerstone, F|100\/100\n|move|p1a: Garganacl|Salt Cure|p2a: Gooby\n|-damage|p2a: Gooby|82\/100\n|-start|p2a: Gooby|Salt Cure\n|\n|-heal|p1a: Garganacl|88\/100|[from] item: Leftovers\n|-damage|p2a: Gooby|69\/100|[from] Salt Cure\n|upkeep\n|turn|7\n|\n|t:|1700481659\n|move|p2a: Gooby|Knock Off|p1a: Garganacl\n|-resisted|p1a: Garganacl\n|-damage|p1a: Garganacl|83\/100\n|-enditem|p1a: Garganacl|Leftovers|[from] move: Knock Off|[of] p2a: Gooby\n|move|p1a: Garganacl|Body Press|p2a: Gooby\n|-supereffective|p2a: Gooby\n|-damage|p2a: Gooby|0 fnt\n|faint|p2a: Gooby\n|\n|upkeep\n|\n|t:|1700481672\n|switch|p2a: Stinker|Iron Valiant|52\/100\n|turn|8\n|\n|t:|1700481680\n|move|p2a: Stinker|Moonblast|p1a: Garganacl\n|-damage|p1a: Garganacl|51\/100\n|move|p1a: Garganacl|Body Press|p2a: Stinker\n|-resisted|p2a: Stinker\n|-damage|p2a: Stinker|6\/100\n|\n|upkeep\n|turn|9\n|\n|t:|1700481690\n|move|p2a: Stinker|Moonblast|p1a: Garganacl\n|-damage|p1a: Garganacl|19\/100\n|move|p1a: Garganacl|Recover|p1a: Garganacl\n|-heal|p1a: Garganacl|69\/100\n|\n|upkeep\n|turn|10\n|\n|t:|1700481696\n|move|p2a: Stinker|Moonblast|p1a: Garganacl\n|-crit|p1a: Garganacl\n|-damage|p1a: Garganacl|23\/100\n|move|p1a: Garganacl|Body Press|p2a: Stinker\n|-resisted|p2a: Stinker\n|-damage|p2a: Stinker|0 fnt\n|faint|p2a: Stinker\n|-end|p2a: Stinker|Quark Drive|[silent]\n|\n|upkeep\n|\n|t:|1700481717\n|switch|p2a: Trollge|Ceruledge, M|100\/100\n|turn|11\n|\n|t:|1700481724\n|move|p2a: Trollge|Bitter Blade|p1a: Garganacl\n|-damage|p1a: Garganacl|14\/100\n|move|p1a: Garganacl|Recover|p1a: Garganacl\n|-heal|p1a: Garganacl|64\/100\n|\n|upkeep\n|turn|12\n|\n|t:|1700481727\n|move|p2a: Trollge|Bitter Blade|p1a: Garganacl\n|-damage|p1a: Garganacl|52\/100\n|move|p1a: Garganacl|Recover|p1a: Garganacl\n|-heal|p1a: Garganacl|100\/100\n|\n|upkeep\n|turn|13\n|\n|t:|1700481733\n|move|p2a: Trollge|Bitter Blade|p1a: Garganacl\n|-damage|p1a: Garganacl|90\/100\n|move|p1a: Garganacl|Salt Cure|p2a: Trollge\n|-supereffective|p2a: Trollge\n|-damage|p2a: Trollge|61\/100\n|-start|p2a: Trollge|Salt Cure\n|\n|-damage|p2a: Trollge|48\/100|[from] Salt Cure\n|upkeep\n|turn|14\n|\n|t:|1700481742\n|switch|p2a: Stinky|Great Tusk|86\/100\n|move|p1a: Garganacl|Salt Cure|p2a: Stinky\n|-resisted|p2a: Stinky\n|-damage|p2a: Stinky|84\/100\n|-start|p2a: Stinky|Salt Cure\n|\n|-damage|p2a: Stinky|71\/100|[from] Salt Cure\n|upkeep\n|turn|15\n|\n|t:|1700481746\n|move|p2a: Stinky|Earthquake|p1a: Garganacl\n|-damage|p1a: Garganacl|76\/100\n|move|p1a: Garganacl|Body Press|p2a: Stinky\n|-damage|p2a: Stinky|27\/100\n|-damage|p1a: Garganacl|60\/100|[from] item: Rocky Helmet|[of] p2a: Stinky\n|\n|-damage|p2a: Stinky|15\/100|[from] Salt Cure\n|upkeep\n|turn|16\n|\n|t:|1700481750\n|move|p2a: Stinky|Earthquake|p1a: Garganacl\n|-damage|p1a: Garganacl|47\/100\n|move|p1a: Garganacl|Recover|p1a: Garganacl\n|-heal|p1a: Garganacl|97\/100\n|\n|-damage|p2a: Stinky|2\/100|[from] Salt Cure\n|upkeep\n|turn|17\n|\n|t:|1700481755\n|move|p2a: Stinky|Earthquake|p1a: Garganacl\n|-damage|p1a: Garganacl|83\/100\n|move|p1a: Garganacl|Iron Defense|p1a: Garganacl\n|-boost|p1a: Garganacl|def|2\n|\n|-damage|p2a: Stinky|0 fnt|[from] Salt Cure\n|faint|p2a: Stinky\n|-end|p2a: Stinky|Protosynthesis|[silent]\n|upkeep\n|\n|t:|1700481765\n|switch|p2a: Trollge|Ceruledge, M|48\/100\n|turn|18\n|\n|t:|1700481770\n|move|p2a: Trollge|Bitter Blade|p1a: Garganacl\n|-damage|p1a: Garganacl|75\/100\n|-heal|p2a: Trollge|54\/100|[from] drain|[of] p1a: Garganacl\n|move|p1a: Garganacl|Salt Cure|p2a: Trollge\n|-supereffective|p2a: Trollge\n|-damage|p2a: Trollge|17\/100\n|-start|p2a: Trollge|Salt Cure\n|\n|-damage|p2a: Trollge|5\/100|[from] Salt Cure\n|upkeep\n|turn|19\n|\n|t:|1700481773\n|move|p2a: Trollge|Bitter Blade|p1a: Garganacl\n|-damage|p1a: Garganacl|68\/100\n|-heal|p2a: Trollge|10\/100|[from] drain|[of] p1a: Garganacl\n|move|p1a: Garganacl|Recover|p1a: Garganacl\n|-heal|p1a: Garganacl|100\/100\n|\n|-damage|p2a: Trollge|0 fnt|[from] Salt Cure\n|faint|p2a: Trollge\n|upkeep\n|\n|t:|1700481778\n|switch|p2a: We ball|Dragapult, M|100\/100\n|turn|20\n|\n|t:|1700481797\n|move|p2a: We ball|Hex|p1a: Garganacl\n|-damage|p1a: Garganacl|91\/100\n|move|p1a: Garganacl|Salt Cure|p2a: We ball\n|-damage|p2a: We ball|81\/100\n|-start|p2a: We ball|Salt Cure\n|\n|-damage|p2a: We ball|69\/100|[from] Salt Cure\n|upkeep\n|turn|21\n|\n|t:|1700481822\n|move|p2a: We ball|Hex|p1a: Garganacl\n|-damage|p1a: Garganacl|81\/100\n|move|p1a: Garganacl|Salt Cure|p2a: We ball\n|-damage|p2a: We ball|49\/100\n|\n|-damage|p2a: We ball|36\/100|[from] Salt Cure\n|upkeep\n|turn|22\n|-message|TheRealMoosposter forfeited.\n|\n|win|HonoredMedal\n|raw|HonoredMedal's rating: 1390 &rarr; <strong>1408<\/strong><br \/>(+18 for winning)\n|raw|TheRealMoosposter's rating: 1348 &rarr; <strong>1330<\/strong><br \/>(-18 for losing)\n|l|\u2606TheRealMoosposter\n|c|\u2606HonoredMedal|garganakl\n","uploadtime":1700481843,"views":5,"p1id":"honoredmedal","p2id":"therealmoosposter","formatid":"gen9ou","rating":1330,"private":0,"password":""}