{"id":"gen9ou-1994325723","p1":"Knowledgini","p2":"jkljlkh","format":"[Gen 9] OU","log":"|j|\u2606Knowledgini\n|j|\u2606jkljlkh\n|t:|1700431325\n|gametype|singles\n|player|p1|Knowledgini|266|1541\n|player|p2|jkljlkh|265|1529\n|teamsize|p1|6\n|teamsize|p2|6\n|gen|9\n|tier|[Gen 9] OU\n|rated|\n|rule|Sleep Clause Mod: Limit one foe put to sleep\n|rule|Species Clause: Limit one of each Pok\u00e9mon\n|rule|OHKO Clause: OHKO moves are banned\n|rule|Evasion Items Clause: Evasion items are banned\n|rule|Evasion Moves Clause: Evasion moves are banned\n|rule|Endless Battle Clause: Forcing endless battles is banned\n|rule|HP Percentage Mod: HP is shown in percentages\n|clearpoke\n|poke|p1|Torkoal, F|\n|poke|p1|Rillaboom, M|\n|poke|p1|Great Tusk|\n|poke|p1|Heatran, M|\n|poke|p1|Sneasler, F|\n|poke|p1|Walking Wake|\n|poke|p2|Clefable, F|\n|poke|p2|Alomomola, M|\n|poke|p2|Blissey, F|\n|poke|p2|Clodsire, M|\n|poke|p2|Dondozo, M|\n|poke|p2|Amoonguss, M|\n|teampreview\n|c|\u2606jkljlkh|wait sneasler is banned\n|c|\u2606jkljlkh|did it not register\n|c|\u2606jkljlkh|lol\n|inactive|Battle timer is ON: inactive players will automatically lose when time's up. (requested by Knowledgini)\n|\n|t:|1700431348\n|start\n|switch|p1a: Great Tusk|Great Tusk|100\/100\n|switch|p2a: Clefable|Clefable, F|100\/100\n|turn|1\n|\n|t:|1700431357\n|-end|p1a: Great Tusk|Protosynthesis|[silent]\n|switch|p1a: Torkoal|Torkoal, F|100\/100\n|-weather|SunnyDay|[from] ability: Drought|[of] p1a: Torkoal\n|move|p2a: Clefable|Knock Off|p1a: Torkoal\n|-damage|p1a: Torkoal|90\/100\n|-enditem|p1a: Torkoal|Heat Rock|[from] move: Knock Off|[of] p2a: Clefable\n|\n|-weather|SunnyDay|[upkeep]\n|upkeep\n|turn|2\n|\n|t:|1700431365\n|switch|p2a: Alomomola|Alomomola, M|100\/100\n|move|p1a: Torkoal|Stealth Rock|p2a: Alomomola\n|-sidestart|p2: jkljlkh|move: Stealth Rock\n|\n|-weather|SunnyDay|[upkeep]\n|upkeep\n|turn|3\n|\n|t:|1700431373\n|switch|p1a: Rillaboom|Rillaboom, M|100\/100\n|-fieldstart|move: Grassy Terrain|[from] ability: Grassy Surge|[of] p1a: Rillaboom\n|move|p2a: Alomomola|Wish|p2a: Alomomola\n|\n|-weather|SunnyDay|[upkeep]\n|upkeep\n|turn|4\n|\n|t:|1700431379\n|switch|p2a: Amoonguss|Amoonguss, M|100\/100\n|move|p1a: Rillaboom|Solar Blade||[still]\n|-prepare|p1a: Rillaboom|Solar Blade\n|-anim|p1a: Rillaboom|Solar Blade|p2a: Amoonguss\n|-resisted|p2a: Amoonguss\n|-damage|p2a: Amoonguss|77\/100\n|\n|-weather|SunnyDay|[upkeep]\n|-heal|p2a: Amoonguss|100\/100|[from] move: Wish|[wisher] Alomomola\n|upkeep\n|turn|5\n|\n|t:|1700431390\n|switch|p1a: Great Tusk|Great Tusk|100\/100\n|-activate|p1a: Great Tusk|ability: Protosynthesis\n|-start|p1a: Great Tusk|protosynthesisdef\n|move|p2a: Amoonguss|Spore|p1a: Great Tusk\n|-status|p1a: Great Tusk|slp|[from] move: Spore\n|\n|-weather|SunnyDay|[upkeep]\n|upkeep\n|turn|6\n|\n|t:|1700431394\n|-end|p1a: Great Tusk|Protosynthesis|[silent]\n|switch|p1a: Heatran|Heatran, M|100\/100\n|move|p2a: Amoonguss|Giga Drain|p1a: Heatran\n|-resisted|p1a: Heatran\n|-damage|p1a: Heatran|94\/100\n|\n|-weather|SunnyDay|[upkeep]\n|-heal|p1a: Heatran|99\/100|[from] Grassy Terrain\n|-heal|p1a: Heatran|100\/100|[from] item: Leftovers\n|upkeep\n|turn|7\n|\n|t:|1700431399\n|switch|p2a: Blissey|Blissey, F|100\/100\n|move|p1a: Heatran|Magma Storm|p2a: Blissey\n|-damage|p2a: Blissey|77\/100\n|-activate|p2a: Blissey|move: Magma Storm|[of] p1a: Heatran\n|\n|-weather|SunnyDay|[upkeep]\n|-heal|p2a: Blissey|83\/100|[from] Grassy Terrain\n|-damage|p2a: Blissey|70\/100|[from] move: Magma Storm|[partiallytrapped]\n|-fieldend|move: Grassy Terrain\n|upkeep\n|turn|8\n|\n|t:|1700431405\n|move|p1a: Heatran|Earth Power|p2a: Blissey\n|-damage|p2a: Blissey|60\/100\n|move|p2a: Blissey|Soft-Boiled|p2a: Blissey\n|-heal|p2a: Blissey|100\/100\n|\n|-weather|none\n|-damage|p2a: Blissey|88\/100|[from] move: Magma Storm|[partiallytrapped]\n|upkeep\n|turn|9\n|\n|t:|1700431412\n|move|p1a: Heatran|Earth Power|p2a: Blissey\n|-damage|p2a: Blissey|78\/100\n|move|p2a: Blissey|Stealth Rock|p1a: Heatran\n|-sidestart|p1: Knowledgini|move: Stealth Rock\n|\n|-damage|p2a: Blissey|66\/100|[from] move: Magma Storm|[partiallytrapped]\n|upkeep\n|turn|10\n|\n|t:|1700431417\n|switch|p1a: Great Tusk|Great Tusk|100\/100 slp\n|-damage|p1a: Great Tusk|98\/100 slp|[from] Stealth Rock\n|move|p2a: Blissey|Soft-Boiled|p2a: Blissey\n|-heal|p2a: Blissey|100\/100\n|\n|-end|p2a: Blissey|Magma Storm|[partiallytrapped]|[silent]\n|upkeep\n|turn|11\n|\n|t:|1700431422\n|switch|p2a: Clodsire|Clodsire, M|100\/100\n|cant|p1a: Great Tusk|slp\n|\n|upkeep\n|turn|12\n|\n|t:|1700431429\n|cant|p1a: Great Tusk|slp\n|move|p2a: Clodsire|Spikes|p1a: Great Tusk\n|-sidestart|p1: Knowledgini|Spikes\n|\n|upkeep\n|turn|13\n|\n|t:|1700431431\n|switch|p2a: Amoonguss|Amoonguss, M|100\/100\n|-curestatus|p1a: Great Tusk|slp|[msg]\n|move|p1a: Great Tusk|Rapid Spin|p2a: Amoonguss\n|-damage|p2a: Amoonguss|91\/100\n|-boost|p1a: Great Tusk|spe|1\n|-sideend|p1: Knowledgini|Spikes|[from] move: Rapid Spin|[of] p1a: Great Tusk\n|-sideend|p1: Knowledgini|Stealth Rock|[from] move: Rapid Spin|[of] p1a: Great Tusk\n|\n|upkeep\n|turn|14\n|\n|t:|1700431435\n|-end|p1a: Great Tusk|Protosynthesis|[silent]\n|switch|p1a: Torkoal|Torkoal, F|90\/100\n|-weather|SunnyDay|[from] ability: Drought|[of] p1a: Torkoal\n|move|p2a: Amoonguss|Spore|p1a: Torkoal\n|-status|p1a: Torkoal|slp|[from] move: Spore\n|\n|-weather|SunnyDay|[upkeep]\n|upkeep\n|turn|15\n|\n|t:|1700431448\n|switch|p1a: Heatran|Heatran, M|100\/100\n|switch|p2a: Alomomola|Alomomola, M|100\/100\n|\n|-weather|SunnyDay|[upkeep]\n|upkeep\n|turn|16\n|\n|t:|1700431453\n|move|p1a: Heatran|Solar Beam||[still]\n|-prepare|p1a: Heatran|Solar Beam\n|-anim|p1a: Heatran|Solar Beam|p2a: Alomomola\n|-supereffective|p2a: Alomomola\n|-crit|p2a: Alomomola\n|-damage|p2a: Alomomola|0 fnt\n|faint|p2a: Alomomola\n|\n|-weather|SunnyDay|[upkeep]\n|upkeep\n|\n|t:|1700431457\n|switch|p2a: Blissey|Blissey, F|100\/100\n|turn|17\n|\n|t:|1700431461\n|switch|p1a: Great Tusk|Great Tusk|98\/100\n|-activate|p1a: Great Tusk|ability: Protosynthesis\n|-start|p1a: Great Tusk|protosynthesisdef\n|move|p2a: Blissey|Seismic Toss|p1a: Great Tusk\n|-damage|p1a: Great Tusk|74\/100\n|-damage|p2a: Blissey|84\/100|[from] item: Rocky Helmet|[of] p1a: Great Tusk\n|\n|-weather|SunnyDay|[upkeep]\n|upkeep\n|turn|18\n|\n|t:|1700431465\n|switch|p2a: Amoonguss|Amoonguss, M|100\/100\n|move|p1a: Great Tusk|Knock Off|p2a: Amoonguss\n|-damage|p2a: Amoonguss|81\/100\n|-enditem|p2a: Amoonguss|Heavy-Duty Boots|[from] move: Knock Off|[of] p1a: Great Tusk\n|\n|-weather|none\n|-end|p1a: Great Tusk|Protosynthesis\n|upkeep\n|turn|19\n|\n|t:|1700431474\n|-end|p1a: Great Tusk|Protosynthesis|[silent]\n|switch|p1a: Torkoal|Torkoal, F|90\/100 slp\n|-weather|SunnyDay|[from] ability: Drought|[of] p1a: Torkoal\n|move|p2a: Amoonguss|Spore|p1a: Torkoal\n|-fail|p1a: Torkoal|slp\n|\n|-weather|SunnyDay|[upkeep]\n|upkeep\n|turn|20\n|\n|t:|1700431485\n|switch|p1a: Heatran|Heatran, M|100\/100\n|move|p2a: Amoonguss|Foul Play|p1a: Heatran\n|-damage|p1a: Heatran|84\/100\n|\n|-weather|SunnyDay|[upkeep]\n|-heal|p1a: Heatran|91\/100|[from] item: Leftovers\n|upkeep\n|turn|21\n|\n|t:|1700431491\n|switch|p1a: Great Tusk|Great Tusk|74\/100\n|-activate|p1a: Great Tusk|ability: Protosynthesis\n|-start|p1a: Great Tusk|protosynthesisdef\n|switch|p2a: Blissey|Blissey, F|84\/100\n|\n|-weather|SunnyDay|[upkeep]\n|upkeep\n|turn|22\n|\n|t:|1700431495\n|switch|p2a: Amoonguss|Amoonguss, M|100\/100\n|-damage|p2a: Amoonguss|88\/100|[from] Stealth Rock\n|move|p1a: Great Tusk|Knock Off|p2a: Amoonguss\n|-damage|p2a: Amoonguss|75\/100\n|\n|-weather|SunnyDay|[upkeep]\n|upkeep\n|turn|23\n|\n|t:|1700431500\n|-end|p1a: Great Tusk|Protosynthesis|[silent]\n|switch|p1a: Heatran|Heatran, M|91\/100\n|move|p2a: Amoonguss|Foul Play|p1a: Heatran\n|-damage|p1a: Heatran|76\/100\n|\n|-weather|none\n|-heal|p1a: Heatran|82\/100|[from] item: Leftovers\n|upkeep\n|turn|24\n|\n|t:|1700431504\n|switch|p2a: Blissey|Blissey, F|84\/100\n|move|p1a: Heatran|Magma Storm|p2a: Blissey|[miss]\n|-miss|p1a: Heatran|p2a: Blissey\n|\n|-heal|p1a: Heatran|88\/100|[from] item: Leftovers\n|upkeep\n|turn|25\n|\n|t:|1700431508\n|switch|p1a: Torkoal|Torkoal, F|90\/100 slp\n|-weather|SunnyDay|[from] ability: Drought|[of] p1a: Torkoal\n|move|p2a: Blissey|Seismic Toss|p1a: Torkoal\n|-damage|p1a: Torkoal|61\/100 slp\n|\n|-weather|SunnyDay|[upkeep]\n|upkeep\n|turn|26\n|\n|t:|1700431512\n|switch|p1a: Rillaboom|Rillaboom, M|100\/100\n|-fieldstart|move: Grassy Terrain|[from] ability: Grassy Surge|[of] p1a: Rillaboom\n|move|p2a: Blissey|Seismic Toss|p1a: Rillaboom\n|-damage|p1a: Rillaboom|71\/100\n|\n|-weather|SunnyDay|[upkeep]\n|-heal|p1a: Rillaboom|77\/100|[from] Grassy Terrain\n|-heal|p2a: Blissey|90\/100|[from] Grassy Terrain\n|upkeep\n|turn|27\n|\n|t:|1700431515\n|switch|p2a: Amoonguss|Amoonguss, M|100\/100\n|-damage|p2a: Amoonguss|88\/100|[from] Stealth Rock\n|move|p1a: Rillaboom|U-turn|p2a: Amoonguss\n|-damage|p2a: Amoonguss|59\/100\n|\n|t:|1700431541\n|switch|p1a: Great Tusk|Great Tusk|74\/100|[from] U-turn\n|-activate|p1a: Great Tusk|ability: Protosynthesis\n|-start|p1a: Great Tusk|protosynthesisdef\n|\n|-weather|SunnyDay|[upkeep]\n|-heal|p1a: Great Tusk|81\/100|[from] Grassy Terrain\n|-heal|p2a: Amoonguss|65\/100|[from] Grassy Terrain\n|upkeep\n|turn|28\n|\n|t:|1700431551\n|-terastallize|p1a: Great Tusk|Fire\n|move|p1a: Great Tusk|Headlong Rush|p2a: Amoonguss\n|-damage|p2a: Amoonguss|26\/100\n|-unboost|p1a: Great Tusk|def|1\n|-unboost|p1a: Great Tusk|spd|1\n|move|p2a: Amoonguss|Giga Drain|p1a: Great Tusk\n|-resisted|p1a: Great Tusk\n|-damage|p1a: Great Tusk|50\/100\n|-heal|p2a: Amoonguss|42\/100|[from] drain|[of] p1a: Great Tusk\n|\n|-weather|SunnyDay|[upkeep]\n|-heal|p1a: Great Tusk|56\/100|[from] Grassy Terrain\n|-heal|p2a: Amoonguss|48\/100|[from] Grassy Terrain\n|upkeep\n|turn|29\n|\n|t:|1700431574\n|-end|p1a: Great Tusk|Protosynthesis|[silent]\n|switch|p1a: Heatran|Heatran, M|88\/100\n|move|p2a: Amoonguss|Foul Play|p1a: Heatran\n|-damage|p1a: Heatran|72\/100\n|\n|-weather|none\n|-heal|p1a: Heatran|79\/100|[from] Grassy Terrain\n|-heal|p1a: Heatran|85\/100|[from] item: Leftovers\n|-heal|p2a: Amoonguss|54\/100|[from] Grassy Terrain\n|upkeep\n|turn|30\n|\n|t:|1700431578\n|switch|p2a: Blissey|Blissey, F|90\/100\n|move|p1a: Heatran|Magma Storm|p2a: Blissey|[miss]\n|-miss|p1a: Heatran|p2a: Blissey\n|\n|-heal|p1a: Heatran|91\/100|[from] Grassy Terrain\n|-heal|p1a: Heatran|97\/100|[from] item: Leftovers\n|-heal|p2a: Blissey|96\/100|[from] Grassy Terrain\n|-fieldend|move: Grassy Terrain\n|upkeep\n|turn|31\n|\n|t:|1700431581\n|move|p1a: Heatran|Magma Storm|p2a: Blissey|[miss]\n|-miss|p1a: Heatran|p2a: Blissey\n|move|p2a: Blissey|Seismic Toss|p1a: Heatran\n|-damage|p1a: Heatran|66\/100\n|\n|-heal|p1a: Heatran|72\/100|[from] item: Leftovers\n|upkeep\n|turn|32\n|\n|t:|1700431586\n|move|p2a: Blissey|Protect|p2a: Blissey\n|-singleturn|p2a: Blissey|Protect\n|move|p1a: Heatran|Earth Power|p2a: Blissey\n|-activate|p2a: Blissey|move: Protect\n|\n|-heal|p1a: Heatran|79\/100|[from] item: Leftovers\n|upkeep\n|turn|33\n|\n|t:|1700431589\n|switch|p1a: Rillaboom|Rillaboom, M|77\/100\n|-fieldstart|move: Grassy Terrain|[from] ability: Grassy Surge|[of] p1a: Rillaboom\n|move|p2a: Blissey|Seismic Toss|p1a: Rillaboom\n|-damage|p1a: Rillaboom|48\/100\n|\n|-heal|p1a: Rillaboom|54\/100|[from] Grassy Terrain\n|-heal|p2a: Blissey|100\/100|[from] Grassy Terrain\n|upkeep\n|turn|34\n|\n|t:|1700431592\n|switch|p2a: Amoonguss|Amoonguss, M|87\/100\n|-damage|p2a: Amoonguss|75\/100|[from] Stealth Rock\n|move|p1a: Rillaboom|U-turn|p2a: Amoonguss\n|-damage|p2a: Amoonguss|47\/100\n|\n|t:|1700431607\n|switch|p1a: Sneasler|Sneasler, F|100\/100|[from] U-turn\n|-enditem|p1a: Sneasler|Grassy Seed\n|-boost|p1a: Sneasler|def|1|[from] item: Grassy Seed\n|\n|-heal|p2a: Amoonguss|53\/100|[from] Grassy Terrain\n|upkeep\n|turn|35\n|\n|t:|1700431613\n|switch|p2a: Dondozo|Dondozo, M|100\/100\n|move|p1a: Sneasler|Gunk Shot|p2a: Dondozo\n|-damage|p2a: Dondozo|72\/100\n|\n|-heal|p2a: Dondozo|78\/100|[from] Grassy Terrain\n|upkeep\n|turn|36\n|\n|t:|1700431617\n|switch|p1a: Torkoal|Torkoal, F|61\/100 slp\n|-weather|SunnyDay|[from] ability: Drought|[of] p1a: Torkoal\n|move|p2a: Dondozo|Waterfall|p1a: Torkoal\n|-supereffective|p1a: Torkoal\n|-damage|p1a: Torkoal|39\/100 slp\n|\n|-weather|SunnyDay|[upkeep]\n|-heal|p1a: Torkoal|46\/100 slp|[from] Grassy Terrain\n|-heal|p2a: Dondozo|85\/100|[from] Grassy Terrain\n|upkeep\n|turn|37\n|\n|t:|1700431625\n|switch|p1a: Walking Wake|Walking Wake|100\/100\n|-activate|p1a: Walking Wake|ability: Protosynthesis\n|-start|p1a: Walking Wake|protosynthesisspe\n|move|p2a: Dondozo|Waterfall|p1a: Walking Wake\n|-resisted|p1a: Walking Wake\n|-damage|p1a: Walking Wake|97\/100\n|\n|-weather|SunnyDay|[upkeep]\n|-heal|p1a: Walking Wake|100\/100|[from] Grassy Terrain\n|-heal|p2a: Dondozo|91\/100|[from] Grassy Terrain\n|-fieldend|move: Grassy Terrain\n|upkeep\n|turn|38\n|\n|t:|1700431638\n|switch|p2a: Amoonguss|Amoonguss, M|86\/100\n|-damage|p2a: Amoonguss|74\/100|[from] Stealth Rock\n|move|p1a: Walking Wake|Flip Turn|p2a: Amoonguss\n|-resisted|p2a: Amoonguss\n|-damage|p2a: Amoonguss|71\/100\n|\n|t:|1700431649\n|-end|p1a: Walking Wake|Protosynthesis|[silent]\n|switch|p1a: Sneasler|Sneasler, F|100\/100|[from] Flip Turn\n|\n|-weather|SunnyDay|[upkeep]\n|upkeep\n|turn|39\n|\n|t:|1700431661\n|move|p1a: Sneasler|Gunk Shot|p2a: Amoonguss\n|-damage|p2a: Amoonguss|21\/100\n|move|p2a: Amoonguss|Foul Play|p1a: Sneasler\n|-resisted|p1a: Sneasler\n|-damage|p1a: Sneasler|74\/100\n|\n|-weather|SunnyDay|[upkeep]\n|upkeep\n|turn|40\n|\n|t:|1700431665\n|switch|p2a: Dondozo|Dondozo, M|91\/100\n|move|p1a: Sneasler|Gunk Shot|p2a: Dondozo|[miss]\n|-miss|p1a: Sneasler|p2a: Dondozo\n|\n|-weather|none\n|upkeep\n|turn|41\n|\n|t:|1700431672\n|switch|p1a: Rillaboom|Rillaboom, M|54\/100\n|-fieldstart|move: Grassy Terrain|[from] ability: Grassy Surge|[of] p1a: Rillaboom\n|move|p2a: Dondozo|Waterfall|p1a: Rillaboom\n|-resisted|p1a: Rillaboom\n|-damage|p1a: Rillaboom|40\/100\n|\n|-heal|p1a: Rillaboom|46\/100|[from] Grassy Terrain\n|-heal|p2a: Dondozo|97\/100|[from] Grassy Terrain\n|upkeep\n|turn|42\n|\n|t:|1700431679\n|switch|p2a: Amoonguss|Amoonguss, M|54\/100\n|-damage|p2a: Amoonguss|42\/100|[from] Stealth Rock\n|move|p1a: Rillaboom|U-turn|p2a: Amoonguss\n|-crit|p2a: Amoonguss\n|-damage|p2a: Amoonguss|0 fnt\n|faint|p2a: Amoonguss\n|c|\u2606jkljlkh|smh\n|\n|t:|1700431685\n|switch|p1a: Torkoal|Torkoal, F|46\/100 slp|[from] U-turn\n|-weather|SunnyDay|[from] ability: Drought|[of] p1a: Torkoal\n|\n|-weather|SunnyDay|[upkeep]\n|-heal|p1a: Torkoal|52\/100 slp|[from] Grassy Terrain\n|upkeep\n|\n|t:|1700431701\n|switch|p2a: Dondozo|Dondozo, M|97\/100\n|turn|43\n|c|\u2606Knowledgini|Ur literally using stall\n|\n|t:|1700431711\n|switch|p1a: Walking Wake|Walking Wake|100\/100\n|-activate|p1a: Walking Wake|ability: Protosynthesis\n|-start|p1a: Walking Wake|protosynthesisspe\n|move|p2a: Dondozo|Body Press|p1a: Walking Wake\n|-damage|p1a: Walking Wake|71\/100\n|\n|-weather|SunnyDay|[upkeep]\n|-heal|p1a: Walking Wake|77\/100|[from] Grassy Terrain\n|-heal|p2a: Dondozo|100\/100|[from] Grassy Terrain\n|upkeep\n|turn|44\n|\n|t:|1700431716\n|switch|p2a: Blissey|Blissey, F|100\/100\n|move|p1a: Walking Wake|Flip Turn|p2a: Blissey\n|-damage|p2a: Blissey|84\/100\n|\n|t:|1700431728\n|-end|p1a: Walking Wake|Protosynthesis|[silent]\n|switch|p1a: Rillaboom|Rillaboom, M|46\/100|[from] Flip Turn\n|\n|-weather|SunnyDay|[upkeep]\n|-heal|p1a: Rillaboom|52\/100|[from] Grassy Terrain\n|-heal|p2a: Blissey|90\/100|[from] Grassy Terrain\n|upkeep\n|turn|45\n|\n|t:|1700431733\n|move|p2a: Blissey|Protect|p2a: Blissey\n|-singleturn|p2a: Blissey|Protect\n|move|p1a: Rillaboom|Solar Blade||[still]\n|-prepare|p1a: Rillaboom|Solar Blade\n|-anim|p1a: Rillaboom|Solar Blade|p2a: Blissey\n|-activate|p2a: Blissey|move: Protect\n|\n|-weather|SunnyDay|[upkeep]\n|-heal|p1a: Rillaboom|58\/100|[from] Grassy Terrain\n|-heal|p2a: Blissey|96\/100|[from] Grassy Terrain\n|-fieldend|move: Grassy Terrain\n|upkeep\n|turn|46\n|\n|t:|1700431740\n|switch|p2a: Clodsire|Clodsire, M|100\/100\n|move|p1a: Rillaboom|Solar Blade||[still]\n|-prepare|p1a: Rillaboom|Solar Blade\n|-anim|p1a: Rillaboom|Solar Blade|p2a: Clodsire\n|-damage|p2a: Clodsire|0 fnt\n|faint|p2a: Clodsire\n|\n|-weather|none\n|upkeep\n|\n|t:|1700431742\n|switch|p2a: Dondozo|Dondozo, M|100\/100\n|turn|47\n|\n|t:|1700431750\n|switch|p1a: Torkoal|Torkoal, F|52\/100 slp\n|-weather|SunnyDay|[from] ability: Drought|[of] p1a: Torkoal\n|-terastallize|p2a: Dondozo|Dragon\n|move|p2a: Dondozo|Body Press|p1a: Torkoal\n|-damage|p1a: Torkoal|31\/100 slp\n|\n|-weather|SunnyDay|[upkeep]\n|upkeep\n|turn|48\n|\n|t:|1700431759\n|switch|p1a: Walking Wake|Walking Wake|77\/100\n|-activate|p1a: Walking Wake|ability: Protosynthesis\n|-start|p1a: Walking Wake|protosynthesisspe\n|move|p2a: Dondozo|Waterfall|p1a: Walking Wake\n|-resisted|p1a: Walking Wake\n|-damage|p1a: Walking Wake|74\/100\n|\n|-weather|SunnyDay|[upkeep]\n|upkeep\n|turn|49\n|\n|t:|1700431762\n|switch|p2a: Clefable|Clefable, F|100\/100\n|move|p1a: Walking Wake|Flip Turn|p2a: Clefable\n|-damage|p2a: Clefable|95\/100\n|inactive|Knowledgini has 120 seconds left.\n|\n|t:|1700431799\n|-end|p1a: Walking Wake|Protosynthesis|[silent]\n|switch|p1a: Great Tusk|Great Tusk, tera:Fire|56\/100|[from] Flip Turn\n|-activate|p1a: Great Tusk|ability: Protosynthesis\n|-start|p1a: Great Tusk|protosynthesisdef\n|\n|-weather|SunnyDay|[upkeep]\n|-heal|p2a: Clefable|100\/100|[from] item: Leftovers\n|upkeep\n|turn|50\n|\n|t:|1700431805\n|move|p1a: Great Tusk|Knock Off|p2a: Clefable\n|-resisted|p2a: Clefable\n|-damage|p2a: Clefable|89\/100\n|-enditem|p2a: Clefable|Leftovers|[from] move: Knock Off|[of] p1a: Great Tusk\n|move|p2a: Clefable|Knock Off|p1a: Great Tusk\n|-damage|p1a: Great Tusk|51\/100\n|-enditem|p1a: Great Tusk|Rocky Helmet|[from] move: Knock Off|[of] p2a: Clefable\n|\n|-weather|SunnyDay|[upkeep]\n|upkeep\n|turn|51\n|\n|t:|1700431817\n|-end|p1a: Great Tusk|Protosynthesis|[silent]\n|switch|p1a: Sneasler|Sneasler, F|74\/100\n|move|p2a: Clefable|Wish|p2a: Clefable\n|\n|-weather|none\n|upkeep\n|turn|52\n|\n|t:|1700431826\n|switch|p2a: Dondozo|Dondozo, M, tera:Dragon|100\/100\n|move|p1a: Sneasler|Gunk Shot|p2a: Dondozo\n|-damage|p2a: Dondozo|69\/100\n|\n|-heal|p2a: Dondozo|100\/100|[from] move: Wish|[wisher] Clefable\n|upkeep\n|turn|53\n|\n|t:|1700431841\n|switch|p1a: Great Tusk|Great Tusk, tera:Fire|51\/100\n|move|p2a: Dondozo|Body Press|p1a: Great Tusk\n|-damage|p1a: Great Tusk|37\/100\n|\n|upkeep\n|turn|54\n|\n|t:|1700431846\n|switch|p2a: Clefable|Clefable, F|89\/100\n|move|p1a: Great Tusk|Knock Off|p2a: Clefable\n|-resisted|p2a: Clefable\n|-damage|p2a: Clefable|82\/100\n|\n|upkeep\n|turn|55\n|\n|t:|1700431849\n|-end|p1a: Great Tusk|Protosynthesis|[silent]\n|switch|p1a: Torkoal|Torkoal, F|31\/100 slp\n|-weather|SunnyDay|[from] ability: Drought|[of] p1a: Torkoal\n|move|p2a: Clefable|Wish|p2a: Clefable\n|\n|-weather|SunnyDay|[upkeep]\n|upkeep\n|turn|56\n|\n|t:|1700431854\n|move|p2a: Clefable|Moonblast|p1a: Torkoal\n|-resisted|p1a: Torkoal\n|-damage|p1a: Torkoal|19\/100 slp\n|cant|p1a: Torkoal|slp\n|\n|-weather|SunnyDay|[upkeep]\n|-heal|p2a: Clefable|100\/100|[from] move: Wish|[wisher] Clefable\n|upkeep\n|turn|57\n|j|+Shellnuts\n|\n|t:|1700431857\n|move|p2a: Clefable|Moonblast|p1a: Torkoal\n|-resisted|p1a: Torkoal\n|-damage|p1a: Torkoal|5\/100 slp\n|-unboost|p1a: Torkoal|spa|1\n|cant|p1a: Torkoal|slp\n|\n|-weather|SunnyDay|[upkeep]\n|upkeep\n|turn|58\n|\n|t:|1700431862\n|switch|p1a: Heatran|Heatran, M|79\/100\n|move|p2a: Clefable|Moonblast|p1a: Heatran\n|-resisted|p1a: Heatran\n|-damage|p1a: Heatran|71\/100\n|\n|-weather|SunnyDay|[upkeep]\n|-heal|p1a: Heatran|77\/100|[from] item: Leftovers\n|upkeep\n|turn|59\n|\n|t:|1700431866\n|move|p2a: Clefable|Protect|p2a: Clefable\n|-singleturn|p2a: Clefable|Protect\n|move|p1a: Heatran|Magma Storm|p2a: Clefable\n|-activate|p2a: Clefable|move: Protect\n|\n|-weather|none\n|-heal|p1a: Heatran|83\/100|[from] item: Leftovers\n|upkeep\n|turn|60\n|l|+Shellnuts\n|\n|t:|1700431870\n|switch|p1a: Torkoal|Torkoal, F|5\/100 slp\n|-weather|SunnyDay|[from] ability: Drought|[of] p1a: Torkoal\n|switch|p2a: Blissey|Blissey, F|96\/100\n|\n|-weather|SunnyDay|[upkeep]\n|upkeep\n|turn|61\n|\n|t:|1700431876\n|switch|p1a: Sneasler|Sneasler, F|74\/100\n|move|p2a: Blissey|Seismic Toss|p1a: Sneasler\n|-damage|p1a: Sneasler|45\/100\n|\n|-weather|SunnyDay|[upkeep]\n|upkeep\n|turn|62\n|\n|t:|1700431878\n|move|p2a: Blissey|Protect|p2a: Blissey\n|-singleturn|p2a: Blissey|Protect\n|move|p1a: Sneasler|Gunk Shot|p2a: Blissey\n|-activate|p2a: Blissey|move: Protect\n|\n|-weather|SunnyDay|[upkeep]\n|upkeep\n|turn|63\n|\n|t:|1700431883\n|switch|p2a: Dondozo|Dondozo, M, tera:Dragon|100\/100\n|move|p1a: Sneasler|Close Combat|p2a: Dondozo\n|-damage|p2a: Dondozo|72\/100\n|-unboost|p1a: Sneasler|def|1\n|-unboost|p1a: Sneasler|spd|1\n|\n|-weather|SunnyDay|[upkeep]\n|upkeep\n|turn|64\n|\n|t:|1700431890\n|switch|p1a: Walking Wake|Walking Wake|74\/100\n|-activate|p1a: Walking Wake|ability: Protosynthesis\n|-start|p1a: Walking Wake|protosynthesisspe\n|move|p2a: Dondozo|Body Press|p1a: Walking Wake\n|-damage|p1a: Walking Wake|42\/100\n|\n|-weather|none\n|-end|p1a: Walking Wake|Protosynthesis\n|upkeep\n|turn|65\n|\n|t:|1700431895\n|switch|p2a: Clefable|Clefable, F|100\/100\n|move|p1a: Walking Wake|Flip Turn|p2a: Clefable\n|-damage|p2a: Clefable|88\/100\n|\n|t:|1700431906\n|-end|p1a: Walking Wake|Protosynthesis|[silent]\n|switch|p1a: Sneasler|Sneasler, F|45\/100|[from] Flip Turn\n|\n|upkeep\n|turn|66\n|\n|t:|1700431911\n|move|p2a: Clefable|Protect|p2a: Clefable\n|-singleturn|p2a: Clefable|Protect\n|move|p1a: Sneasler|Swords Dance|p1a: Sneasler\n|-boost|p1a: Sneasler|atk|2\n|\n|upkeep\n|turn|67\n|\n|t:|1700431914\n|switch|p2a: Dondozo|Dondozo, M, tera:Dragon|72\/100\n|move|p1a: Sneasler|Close Combat|p2a: Dondozo\n|-damage|p2a: Dondozo|44\/100\n|-unboost|p1a: Sneasler|def|1\n|-unboost|p1a: Sneasler|spd|1\n|\n|upkeep\n|turn|68\n|\n|t:|1700431919\n|move|p1a: Sneasler|Close Combat|p2a: Dondozo\n|-damage|p2a: Dondozo|15\/100\n|-unboost|p1a: Sneasler|def|1\n|-unboost|p1a: Sneasler|spd|1\n|move|p2a: Dondozo|Rest|p2a: Dondozo\n|-status|p2a: Dondozo|slp|[from] move: Rest\n|-heal|p2a: Dondozo|100\/100 slp|[silent]\n|\n|upkeep\n|turn|69\n|\n|t:|1700431943\n|switch|p1a: Torkoal|Torkoal, F|5\/100 slp\n|-weather|SunnyDay|[from] ability: Drought|[of] p1a: Torkoal\n|cant|p2a: Dondozo|slp\n|move|p2a: Dondozo|Sleep Talk|p2a: Dondozo\n|move|p2a: Dondozo|Waterfall|p1a: Torkoal|[from]move: Sleep Talk\n|-supereffective|p1a: Torkoal\n|-damage|p1a: Torkoal|0 fnt\n|faint|p1a: Torkoal\n|\n|-weather|SunnyDay|[upkeep]\n|upkeep\n|\n|t:|1700431956\n|switch|p1a: Rillaboom|Rillaboom, M|58\/100\n|-fieldstart|move: Grassy Terrain|[from] ability: Grassy Surge|[of] p1a: Rillaboom\n|turn|70\n|inactive|jkljlkh has 120 seconds left.\n|\n|t:|1700432005\n|move|p1a: Rillaboom|Solar Blade||[still]\n|-prepare|p1a: Rillaboom|Solar Blade\n|-anim|p1a: Rillaboom|Solar Blade|p2a: Dondozo\n|-resisted|p2a: Dondozo\n|-damage|p2a: Dondozo|72\/100 slp\n|cant|p2a: Dondozo|slp\n|move|p2a: Dondozo|Sleep Talk|p2a: Dondozo\n|move|p2a: Dondozo|Waterfall|p1a: Rillaboom|[from]move: Sleep Talk\n|-resisted|p1a: Rillaboom\n|-damage|p1a: Rillaboom|51\/100\n|\n|-weather|SunnyDay|[upkeep]\n|-heal|p1a: Rillaboom|57\/100|[from] Grassy Terrain\n|-heal|p2a: Dondozo|79\/100 slp|[from] Grassy Terrain\n|upkeep\n|turn|71\n|\n|t:|1700432013\n|switch|p1a: Great Tusk|Great Tusk, tera:Fire|37\/100\n|-activate|p1a: Great Tusk|ability: Protosynthesis\n|-start|p1a: Great Tusk|protosynthesisdef\n|-curestatus|p2a: Dondozo|slp|[msg]\n|move|p2a: Dondozo|Body Press|p1a: Great Tusk\n|-damage|p1a: Great Tusk|27\/100\n|\n|-weather|SunnyDay|[upkeep]\n|-heal|p1a: Great Tusk|33\/100|[from] Grassy Terrain\n|-heal|p2a: Dondozo|85\/100|[from] Grassy Terrain\n|upkeep\n|turn|72\n|\n|t:|1700432018\n|switch|p2a: Clefable|Clefable, F|88\/100\n|move|p1a: Great Tusk|Knock Off|p2a: Clefable\n|-resisted|p2a: Clefable\n|-damage|p2a: Clefable|80\/100\n|\n|-weather|SunnyDay|[upkeep]\n|-heal|p1a: Great Tusk|39\/100|[from] Grassy Terrain\n|-heal|p2a: Clefable|87\/100|[from] Grassy Terrain\n|upkeep\n|turn|73\n|\n|t:|1700432024\n|-end|p1a: Great Tusk|Protosynthesis|[silent]\n|switch|p1a: Heatran|Heatran, M|83\/100\n|move|p2a: Clefable|Moonblast|p1a: Heatran\n|-resisted|p1a: Heatran\n|-damage|p1a: Heatran|76\/100\n|-unboost|p1a: Heatran|spa|1\n|\n|-weather|none\n|-heal|p1a: Heatran|82\/100|[from] Grassy Terrain\n|-heal|p1a: Heatran|88\/100|[from] item: Leftovers\n|-heal|p2a: Clefable|93\/100|[from] Grassy Terrain\n|upkeep\n|turn|74\n|\n|t:|1700432026\n|move|p2a: Clefable|Protect|p2a: Clefable\n|-singleturn|p2a: Clefable|Protect\n|move|p1a: Heatran|Magma Storm|p2a: Clefable\n|-activate|p2a: Clefable|move: Protect\n|\n|-heal|p1a: Heatran|95\/100|[from] Grassy Terrain\n|-heal|p1a: Heatran|100\/100|[from] item: Leftovers\n|-heal|p2a: Clefable|99\/100|[from] Grassy Terrain\n|-fieldend|move: Grassy Terrain\n|upkeep\n|turn|75\n|\n|t:|1700432031\n|switch|p2a: Blissey|Blissey, F|96\/100\n|move|p1a: Heatran|Magma Storm|p2a: Blissey\n|-damage|p2a: Blissey|85\/100\n|-activate|p2a: Blissey|move: Magma Storm|[of] p1a: Heatran\n|\n|-damage|p2a: Blissey|73\/100|[from] move: Magma Storm|[partiallytrapped]\n|upkeep\n|turn|76\n|\n|t:|1700432035\n|move|p1a: Heatran|Earth Power|p2a: Blissey\n|-damage|p2a: Blissey|66\/100\n|-unboost|p2a: Blissey|spd|1\n|move|p2a: Blissey|Seismic Toss|p1a: Heatran\n|-damage|p1a: Heatran|70\/100\n|\n|-heal|p1a: Heatran|76\/100|[from] item: Leftovers\n|-damage|p2a: Blissey|53\/100|[from] move: Magma Storm|[partiallytrapped]\n|upkeep\n|turn|77\n|\n|t:|1700432038\n|move|p1a: Heatran|Earth Power|p2a: Blissey\n|-damage|p2a: Blissey|43\/100\n|-unboost|p2a: Blissey|spd|1\n|move|p2a: Blissey|Soft-Boiled|p2a: Blissey\n|-heal|p2a: Blissey|93\/100\n|\n|-heal|p1a: Heatran|82\/100|[from] item: Leftovers\n|-damage|p2a: Blissey|81\/100|[from] move: Magma Storm|[partiallytrapped]\n|upkeep\n|turn|78\n|\n|t:|1700432041\n|move|p2a: Blissey|Protect|p2a: Blissey\n|-singleturn|p2a: Blissey|Protect\n|move|p1a: Heatran|Earth Power|p2a: Blissey\n|-activate|p2a: Blissey|move: Protect\n|\n|-heal|p1a: Heatran|88\/100|[from] item: Leftovers\n|-damage|p2a: Blissey|68\/100|[from] move: Magma Storm|[partiallytrapped]\n|upkeep\n|turn|79\n|\n|t:|1700432044\n|move|p1a: Heatran|Earth Power|p2a: Blissey\n|-damage|p2a: Blissey|55\/100\n|move|p2a: Blissey|Soft-Boiled|p2a: Blissey\n|-heal|p2a: Blissey|100\/100\n|\n|-heal|p1a: Heatran|94\/100|[from] item: Leftovers\n|-end|p2a: Blissey|Magma Storm|[partiallytrapped]\n|upkeep\n|turn|80\n|\n|t:|1700432048\n|switch|p2a: Clefable|Clefable, F|99\/100\n|move|p1a: Heatran|Magma Storm|p2a: Clefable\n|-damage|p2a: Clefable|63\/100\n|-activate|p2a: Clefable|move: Magma Storm|[of] p1a: Heatran\n|\n|-heal|p1a: Heatran|100\/100|[from] item: Leftovers\n|upkeep\n|turn|81\n|\n|t:|1700432051\n|move|p1a: Heatran|Earth Power|p2a: Clefable\n|-damage|p2a: Clefable|40\/100\n|move|p2a: Clefable|Wish|p2a: Clefable\n|\n|upkeep\n|turn|82\n|\n|t:|1700432053\n|move|p2a: Clefable|Protect|p2a: Clefable\n|-singleturn|p2a: Clefable|Protect\n|move|p1a: Heatran|Earth Power|p2a: Clefable\n|-activate|p2a: Clefable|move: Protect\n|\n|-heal|p2a: Clefable|90\/100|[from] move: Wish|[wisher] Clefable\n|upkeep\n|turn|83\n|\n|t:|1700432059\n|move|p1a: Heatran|Earth Power|p2a: Clefable\n|-damage|p2a: Clefable|66\/100\n|move|p2a: Clefable|Knock Off|p1a: Heatran\n|-damage|p1a: Heatran|86\/100\n|-enditem|p1a: Heatran|Leftovers|[from] move: Knock Off|[of] p2a: Clefable\n|\n|upkeep\n|turn|84\n|\n|t:|1700432061\n|move|p1a: Heatran|Earth Power|p2a: Clefable\n|-damage|p2a: Clefable|45\/100\n|move|p2a: Clefable|Wish|p2a: Clefable\n|\n|-end|p2a: Clefable|Magma Storm|[partiallytrapped]\n|upkeep\n|turn|85\n|j|+Shellnuts\n|\n|t:|1700432065\n|move|p2a: Clefable|Protect|p2a: Clefable\n|-singleturn|p2a: Clefable|Protect\n|move|p1a: Heatran|Earth Power|p2a: Clefable\n|-activate|p2a: Clefable|move: Protect\n|\n|-heal|p2a: Clefable|95\/100|[from] move: Wish|[wisher] Clefable\n|upkeep\n|turn|86\n|\n|t:|1700432067\n|move|p1a: Heatran|Earth Power|p2a: Clefable\n|-damage|p2a: Clefable|72\/100\n|move|p2a: Clefable|Wish|p2a: Clefable\n|\n|upkeep\n|turn|87\n|\n|t:|1700432070\n|move|p1a: Heatran|Earth Power|p2a: Clefable\n|-damage|p2a: Clefable|49\/100\n|move|p2a: Clefable|Knock Off|p1a: Heatran\n|-damage|p1a: Heatran|76\/100\n|\n|-heal|p2a: Clefable|99\/100|[from] move: Wish|[wisher] Clefable\n|upkeep\n|turn|88\n|l|+Shellnuts\n|\n|t:|1700432076\n|switch|p1a: Sneasler|Sneasler, F|45\/100\n|move|p2a: Clefable|Wish|p2a: Clefable\n|\n|upkeep\n|turn|89\n|\n|t:|1700432079\n|switch|p2a: Dondozo|Dondozo, M, tera:Dragon|85\/100\n|move|p1a: Sneasler|Gunk Shot|p2a: Dondozo|[miss]\n|-miss|p1a: Sneasler|p2a: Dondozo\n|\n|-heal|p2a: Dondozo|100\/100|[from] move: Wish|[wisher] Clefable\n|upkeep\n|turn|90\n|\n|t:|1700432081\n|move|p1a: Sneasler|Close Combat|p2a: Dondozo\n|-damage|p2a: Dondozo|69\/100\n|-unboost|p1a: Sneasler|def|1\n|-unboost|p1a: Sneasler|spd|1\n|move|p2a: Dondozo|Waterfall|p1a: Sneasler\n|-damage|p1a: Sneasler|3\/100\n|\n|upkeep\n|turn|91\n|j| Ahmidoush\n|\n|t:|1700432084\n|move|p1a: Sneasler|Close Combat|p2a: Dondozo\n|-crit|p2a: Dondozo\n|-damage|p2a: Dondozo|24\/100\n|-unboost|p1a: Sneasler|def|1\n|-unboost|p1a: Sneasler|spd|1\n|move|p2a: Dondozo|Rest|p2a: Dondozo\n|-status|p2a: Dondozo|slp|[from] move: Rest\n|-heal|p2a: Dondozo|100\/100 slp|[silent]\n|\n|upkeep\n|turn|92\n|l| Ahmidoush\n|\n|t:|1700432089\n|switch|p1a: Rillaboom|Rillaboom, M|57\/100\n|-fieldstart|move: Grassy Terrain|[from] ability: Grassy Surge|[of] p1a: Rillaboom\n|cant|p2a: Dondozo|slp\n|move|p2a: Dondozo|Sleep Talk|p2a: Dondozo\n|move|p2a: Dondozo|Waterfall|p1a: Rillaboom|[from]move: Sleep Talk\n|-resisted|p1a: Rillaboom\n|-damage|p1a: Rillaboom|41\/100\n|\n|-heal|p1a: Rillaboom|47\/100|[from] Grassy Terrain\n|upkeep\n|turn|93\n|\n|t:|1700432092\n|move|p1a: Rillaboom|Knock Off|p2a: Dondozo\n|-damage|p2a: Dondozo|78\/100 slp\n|-enditem|p2a: Dondozo|Heavy-Duty Boots|[from] move: Knock Off|[of] p1a: Rillaboom\n|cant|p2a: Dondozo|slp\n|move|p2a: Dondozo|Sleep Talk|p2a: Dondozo\n|move|p2a: Dondozo|Rest||[from]move: Sleep Talk|[still]\n|-fail|p2a: Dondozo\n|\n|-heal|p1a: Rillaboom|53\/100|[from] Grassy Terrain\n|-heal|p2a: Dondozo|84\/100 slp|[from] Grassy Terrain\n|upkeep\n|turn|94\n|\n|t:|1700432100\n|switch|p1a: Walking Wake|Walking Wake|42\/100\n|-curestatus|p2a: Dondozo|slp|[msg]\n|move|p2a: Dondozo|Body Press|p1a: Walking Wake\n|-damage|p1a: Walking Wake|12\/100\n|\n|-heal|p1a: Walking Wake|19\/100|[from] Grassy Terrain\n|-heal|p2a: Dondozo|90\/100|[from] Grassy Terrain\n|upkeep\n|turn|95\n|\n|t:|1700432104\n|switch|p2a: Clefable|Clefable, F|99\/100\n|move|p1a: Walking Wake|Draco Meteor|p2a: Clefable\n|-immune|p2a: Clefable\n|\n|-heal|p1a: Walking Wake|25\/100|[from] Grassy Terrain\n|-heal|p2a: Clefable|100\/100|[from] Grassy Terrain\n|upkeep\n|turn|96\n|\n|t:|1700432108\n|-end|p1a: Walking Wake|Protosynthesis|[silent]\n|switch|p1a: Heatran|Heatran, M|76\/100\n|move|p2a: Clefable|Moonblast|p1a: Heatran\n|-resisted|p1a: Heatran\n|-damage|p1a: Heatran|69\/100\n|\n|-heal|p1a: Heatran|75\/100|[from] Grassy Terrain\n|-fieldend|move: Grassy Terrain\n|upkeep\n|turn|97\n|\n|t:|1700432113\n|switch|p1a: Rillaboom|Rillaboom, M|53\/100\n|-fieldstart|move: Grassy Terrain|[from] ability: Grassy Surge|[of] p1a: Rillaboom\n|move|p2a: Clefable|Knock Off|p1a: Rillaboom\n|-damage|p1a: Rillaboom|37\/100\n|-enditem|p1a: Rillaboom|Choice Band|[from] move: Knock Off|[of] p2a: Clefable\n|\n|-heal|p1a: Rillaboom|43\/100|[from] Grassy Terrain\n|upkeep\n|turn|98\n|\n|t:|1700432116\n|switch|p1a: Heatran|Heatran, M|75\/100\n|move|p2a: Clefable|Protect||[still]\n|-fail|p2a: Clefable\n|\n|-heal|p1a: Heatran|81\/100|[from] Grassy Terrain\n|upkeep\n|turn|99\n|\n|t:|1700432121\n|move|p1a: Heatran|Power Gem|p2a: Clefable\n|-crit|p2a: Clefable\n|-damage|p2a: Clefable|58\/100\n|move|p2a: Clefable|Knock Off|p1a: Heatran\n|-damage|p1a: Heatran|70\/100\n|\n|-heal|p1a: Heatran|76\/100|[from] Grassy Terrain\n|-heal|p2a: Clefable|64\/100|[from] Grassy Terrain\n|upkeep\n|turn|100\n|\n|t:|1700432126\n|move|p1a: Heatran|Power Gem|p2a: Clefable\n|-damage|p2a: Clefable|33\/100\n|move|p2a: Clefable|Wish|p2a: Clefable\n|\n|-heal|p1a: Heatran|82\/100|[from] Grassy Terrain\n|-heal|p2a: Clefable|40\/100|[from] Grassy Terrain\n|upkeep\n|turn|101\n|\n|t:|1700432134\n|move|p2a: Clefable|Protect|p2a: Clefable\n|-singleturn|p2a: Clefable|Protect\n|move|p1a: Heatran|Power Gem|p2a: Clefable\n|-activate|p2a: Clefable|move: Protect\n|\n|-heal|p2a: Clefable|90\/100|[from] move: Wish|[wisher] Clefable\n|-heal|p1a: Heatran|88\/100|[from] Grassy Terrain\n|-heal|p2a: Clefable|96\/100|[from] Grassy Terrain\n|-fieldend|move: Grassy Terrain\n|upkeep\n|turn|102\n|\n|t:|1700432136\n|switch|p2a: Blissey|Blissey, F|100\/100\n|move|p1a: Heatran|Power Gem|p2a: Blissey\n|-damage|p2a: Blissey|91\/100\n|\n|upkeep\n|turn|103\n|\n|t:|1700432141\n|switch|p1a: Rillaboom|Rillaboom, M|43\/100\n|-fieldstart|move: Grassy Terrain|[from] ability: Grassy Surge|[of] p1a: Rillaboom\n|move|p2a: Blissey|Stealth Rock|p1a: Rillaboom\n|-sidestart|p1: Knowledgini|move: Stealth Rock\n|\n|-heal|p1a: Rillaboom|49\/100|[from] Grassy Terrain\n|-heal|p2a: Blissey|98\/100|[from] Grassy Terrain\n|upkeep\n|turn|104\n|\n|t:|1700432144\n|switch|p2a: Clefable|Clefable, F|96\/100\n|move|p1a: Rillaboom|U-turn|p2a: Clefable\n|-resisted|p2a: Clefable\n|-crit|p2a: Clefable\n|-damage|p2a: Clefable|80\/100\n|\n|t:|1700432149\n|switch|p1a: Sneasler|Sneasler, F|3\/100|[from] U-turn\n|-damage|p1a: Sneasler|0 fnt|[from] Stealth Rock\n|faint|p1a: Sneasler\n|\n|-heal|p2a: Clefable|86\/100|[from] Grassy Terrain\n|upkeep\n|\n|t:|1700432154\n|switch|p1a: Great Tusk|Great Tusk, tera:Fire|39\/100\n|-damage|p1a: Great Tusk|14\/100|[from] Stealth Rock\n|turn|105\n|\n|t:|1700432156\n|move|p1a: Great Tusk|Rapid Spin|p2a: Clefable\n|-damage|p2a: Clefable|76\/100\n|-boost|p1a: Great Tusk|spe|1\n|-sideend|p1: Knowledgini|Stealth Rock|[from] move: Rapid Spin|[of] p1a: Great Tusk\n|move|p2a: Clefable|Moonblast|p1a: Great Tusk\n|-resisted|p1a: Great Tusk\n|-damage|p1a: Great Tusk|0 fnt\n|faint|p1a: Great Tusk\n|-end|p1a: Great Tusk|Protosynthesis|[silent]\n|\n|-heal|p2a: Clefable|82\/100|[from] Grassy Terrain\n|upkeep\n|\n|t:|1700432161\n|switch|p1a: Rillaboom|Rillaboom, M|49\/100\n|turn|106\n|\n|t:|1700432163\n|move|p2a: Clefable|Protect|p2a: Clefable\n|-singleturn|p2a: Clefable|Protect\n|move|p1a: Rillaboom|U-turn|p2a: Clefable\n|-activate|p2a: Clefable|move: Protect\n|\n|-heal|p1a: Rillaboom|55\/100|[from] Grassy Terrain\n|-heal|p2a: Clefable|88\/100|[from] Grassy Terrain\n|upkeep\n|turn|107\n|\n|t:|1700432165\n|move|p1a: Rillaboom|U-turn|p2a: Clefable\n|-resisted|p2a: Clefable\n|-damage|p2a: Clefable|78\/100\n|\n|t:|1700432167\n|switch|p1a: Heatran|Heatran, M|88\/100|[from] U-turn\n|move|p2a: Clefable|Moonblast|p1a: Heatran\n|-resisted|p1a: Heatran\n|-damage|p1a: Heatran|80\/100\n|-unboost|p1a: Heatran|spa|1\n|\n|-heal|p1a: Heatran|86\/100|[from] Grassy Terrain\n|-heal|p2a: Clefable|85\/100|[from] Grassy Terrain\n|-fieldend|move: Grassy Terrain\n|upkeep\n|turn|108\n|\n|t:|1700432171\n|switch|p1a: Rillaboom|Rillaboom, M|55\/100\n|-fieldstart|move: Grassy Terrain|[from] ability: Grassy Surge|[of] p1a: Rillaboom\n|switch|p2a: Blissey|Blissey, F|98\/100\n|\n|-heal|p1a: Rillaboom|61\/100|[from] Grassy Terrain\n|-heal|p2a: Blissey|100\/100|[from] Grassy Terrain\n|upkeep\n|turn|109\n|\n|t:|1700432175\n|move|p2a: Blissey|Protect|p2a: Blissey\n|-singleturn|p2a: Blissey|Protect\n|move|p1a: Rillaboom|Grassy Glide|p2a: Blissey\n|-activate|p2a: Blissey|move: Protect\n|\n|-heal|p1a: Rillaboom|67\/100|[from] Grassy Terrain\n|upkeep\n|turn|110\n|\n|t:|1700432178\n|switch|p2a: Clefable|Clefable, F|85\/100\n|move|p1a: Rillaboom|U-turn|p2a: Clefable\n|-resisted|p2a: Clefable\n|-damage|p2a: Clefable|75\/100\n|\n|t:|1700432185\n|switch|p1a: Heatran|Heatran, M|86\/100|[from] U-turn\n|\n|-heal|p1a: Heatran|92\/100|[from] Grassy Terrain\n|-heal|p2a: Clefable|81\/100|[from] Grassy Terrain\n|upkeep\n|turn|111\n|\n|t:|1700432188\n|move|p1a: Heatran|Power Gem|p2a: Clefable\n|-damage|p2a: Clefable|54\/100\n|move|p2a: Clefable|Moonblast|p1a: Heatran\n|-resisted|p1a: Heatran\n|-damage|p1a: Heatran|85\/100\n|\n|-heal|p1a: Heatran|91\/100|[from] Grassy Terrain\n|-heal|p2a: Clefable|60\/100|[from] Grassy Terrain\n|upkeep\n|turn|112\n|\n|t:|1700432196\n|move|p1a: Heatran|Power Gem|p2a: Clefable\n|-damage|p2a: Clefable|30\/100\n|move|p2a: Clefable|Wish|p2a: Clefable\n|\n|-heal|p1a: Heatran|97\/100|[from] Grassy Terrain\n|-heal|p2a: Clefable|36\/100|[from] Grassy Terrain\n|-fieldend|move: Grassy Terrain\n|upkeep\n|turn|113\n|\n|t:|1700432204\n|switch|p1a: Rillaboom|Rillaboom, M|67\/100\n|-fieldstart|move: Grassy Terrain|[from] ability: Grassy Surge|[of] p1a: Rillaboom\n|move|p2a: Clefable|Protect||[still]\n|-fail|p2a: Clefable\n|\n|-heal|p2a: Clefable|86\/100|[from] move: Wish|[wisher] Clefable\n|-heal|p1a: Rillaboom|74\/100|[from] Grassy Terrain\n|-heal|p2a: Clefable|92\/100|[from] Grassy Terrain\n|upkeep\n|turn|114\n|\n|t:|1700432213\n|move|p1a: Rillaboom|Grassy Glide|p2a: Clefable\n|-damage|p2a: Clefable|63\/100\n|move|p2a: Clefable|Knock Off|p1a: Rillaboom\n|-damage|p1a: Rillaboom|62\/100\n|\n|-heal|p1a: Rillaboom|69\/100|[from] Grassy Terrain\n|-heal|p2a: Clefable|69\/100|[from] Grassy Terrain\n|upkeep\n|turn|115\n|\n|t:|1700432219\n|move|p1a: Rillaboom|Solar Blade||[still]\n|-prepare|p1a: Rillaboom|Solar Blade\n|move|p2a: Clefable|Moonblast|p1a: Rillaboom\n|-damage|p1a: Rillaboom|27\/100\n|\n|-heal|p1a: Rillaboom|33\/100|[from] Grassy Terrain\n|-heal|p2a: Clefable|75\/100|[from] Grassy Terrain\n|upkeep\n|turn|116\n|\n|t:|1700432224\n|move|p2a: Clefable|Protect|p2a: Clefable\n|-singleturn|p2a: Clefable|Protect\n|move|p1a: Rillaboom|Solar Blade|p2a: Clefable|[from]lockedmove\n|-activate|p2a: Clefable|move: Protect\n|\n|-heal|p1a: Rillaboom|39\/100|[from] Grassy Terrain\n|-heal|p2a: Clefable|81\/100|[from] Grassy Terrain\n|upkeep\n|turn|117\n|\n|t:|1700432226\n|move|p1a: Rillaboom|Grassy Glide|p2a: Clefable\n|-damage|p2a: Clefable|51\/100\n|move|p2a: Clefable|Moonblast|p1a: Rillaboom\n|-damage|p1a: Rillaboom|0 fnt\n|faint|p1a: Rillaboom\n|\n|-heal|p2a: Clefable|57\/100|[from] Grassy Terrain\n|-fieldend|move: Grassy Terrain\n|upkeep\n|c|\u2606Knowledgini|Ur gay\n|-message|Knowledgini forfeited.\n|\n|win|jkljlkh\n|raw|Knowledgini's rating: 1541 &rarr; <strong>1520<\/strong><br \/>(-21 for losing)\n|raw|jkljlkh's rating: 1529 &rarr; <strong>1550<\/strong><br \/>(+21 for winning)\n|l|\u2606Knowledgini\n|c|\u2606jkljlkh|says you\n","uploadtime":1700432259,"views":28,"p1id":"knowledgini","p2id":"jkljlkh","formatid":"gen9ou","rating":1520,"private":0,"password":""}