{"id":"gen9ou-1991889879","p1":"Gyarikkuho","p2":"csgoAFK","format":"[Gen 9] OU","log":"|j|\u2606Gyarikkuho\n|j|\u2606csgoAFK\n|inactive|Battle timer is ON: inactive players will automatically lose when time's up.\n|t:|1700134200\n|gametype|singles\n|player|p1|Gyarikkuho|n|\n|player|p2|csgoAFK|steven|\n|teamsize|p1|3\n|teamsize|p2|3\n|gen|9\n|tier|[Gen 9] OU\n|rated|Tournament battle\n|rule|Sleep Clause Mod: Limit one foe put to sleep\n|rule|Species Clause: Limit one of each Pok\u00e9mon\n|rule|OHKO Clause: OHKO moves are banned\n|rule|Evasion Items Clause: Evasion items are banned\n|rule|Evasion Moves Clause: Evasion moves are banned\n|rule|Endless Battle Clause: Forcing endless battles is banned\n|rule|HP Percentage Mod: HP is shown in percentages\n|clearpoke\n|poke|p1|Bisharp, F|\n|poke|p1|Quaquaval, M|\n|poke|p1|Naclstack, M|\n|poke|p2|Azumarill, F|\n|poke|p2|Surskit, F|\n|poke|p2|Snorlax, F|\n|teampreview\n|j|*Lady Monita \u2746\n|c|\u2606csgoAFK|hf\n|j| PikachuDoesntCutIt\n|c|\u2606Gyarikkuho|u2\n|\n|t:|1700134214\n|start\n|switch|p1a: Bisharp|Bisharp, F|100\/100\n|switch|p2a: Surskit|Surskit, F|100\/100\n|turn|1\n|\n|t:|1700134239\n|move|p2a: Surskit|Sticky Web|p1a: Bisharp\n|-sidestart|p1: Gyarikkuho|move: Sticky Web\n|move|p1a: Bisharp|Swords Dance|p1a: Bisharp\n|-boost|p1a: Bisharp|atk|2\n|\n|upkeep\n|turn|2\n|\n|t:|1700134246\n|move|p1a: Bisharp|Sucker Punch||[still]\n|-fail|p1a: Bisharp\n|move|p2a: Surskit|Haze|p2a: Surskit\n|-clearallboost\n|\n|upkeep\n|turn|3\n|\n|t:|1700134250\n|move|p2a: Surskit|Chilling Water|p1a: Bisharp\n|-damage|p1a: Bisharp|92\/100\n|-unboost|p1a: Bisharp|atk|1\n|-ability|p1a: Bisharp|Defiant|boost\n|-boost|p1a: Bisharp|atk|2\n|move|p1a: Bisharp|Iron Head|p2a: Surskit\n|-resisted|p2a: Surskit\n|-enditem|p2a: Surskit|Focus Sash\n|-damage|p2a: Surskit|1\/100\n|\n|upkeep\n|turn|4\n|\n|t:|1700134263\n|move|p1a: Bisharp|Sucker Punch||[still]\n|-fail|p1a: Bisharp\n|move|p2a: Surskit|Haze|p2a: Surskit\n|-clearallboost\n|\n|upkeep\n|turn|5\n|\n|t:|1700134274\n|switch|p1a: Quaquaval|Quaquaval, M|100\/100\n|-activate|p1a: Quaquaval|move: Sticky Web\n|-unboost|p1a: Quaquaval|spe|1\n|move|p2a: Surskit|Haze|p2a: Surskit\n|-clearallboost\n|\n|upkeep\n|turn|6\n|\n|t:|1700134281\n|move|p1a: Quaquaval|Swords Dance|p1a: Quaquaval\n|-boost|p1a: Quaquaval|atk|2\n|move|p2a: Surskit|Giga Drain|p1a: Quaquaval\n|-supereffective|p1a: Quaquaval\n|-damage|p1a: Quaquaval|75\/100\n|-heal|p2a: Surskit|15\/100|[from] drain|[of] p1a: Quaquaval\n|\n|-heal|p1a: Quaquaval|81\/100|[from] item: Leftovers\n|upkeep\n|turn|7\n|\n|t:|1700134289\n|move|p1a: Quaquaval|Rapid Spin|p2a: Surskit\n|-damage|p2a: Surskit|0 fnt\n|-boost|p1a: Quaquaval|spe|1\n|-sideend|p1: Gyarikkuho|Sticky Web|[from] move: Rapid Spin|[of] p1a: Quaquaval\n|faint|p2a: Surskit\n|-ability|p1a: Quaquaval|Moxie|boost\n|-boost|p1a: Quaquaval|atk|1\n|\n|-heal|p1a: Quaquaval|87\/100|[from] item: Leftovers\n|upkeep\n|\n|t:|1700134296\n|switch|p2a: Azumarill|Azumarill, F|100\/100\n|turn|8\n|\n|t:|1700134303\n|-terastallize|p1a: Quaquaval|Water\n|move|p1a: Quaquaval|Aqua Step|p2a: Azumarill\n|-resisted|p2a: Azumarill\n|-damage|p2a: Azumarill|38\/100\n|-boost|p1a: Quaquaval|spe|1\n|-enditem|p2a: Azumarill|Sitrus Berry|[eat]\n|-heal|p2a: Azumarill|63\/100|[from] item: Sitrus Berry\n|move|p2a: Azumarill|Play Rough|p1a: Quaquaval\n|-damage|p1a: Quaquaval|16\/100\n|\n|-heal|p1a: Quaquaval|22\/100|[from] item: Leftovers\n|upkeep\n|turn|9\n|\n|t:|1700134318\n|-terastallize|p2a: Azumarill|Water\n|move|p2a: Azumarill|Aqua Jet|p1a: Quaquaval\n|-resisted|p1a: Quaquaval\n|-damage|p1a: Quaquaval|0 fnt\n|faint|p1a: Quaquaval\n|\n|upkeep\n|\n|t:|1700134325\n|switch|p1a: Bisharp|Bisharp, F|92\/100\n|turn|10\n|\n|t:|1700134334\n|move|p1a: Bisharp|Swords Dance|p1a: Bisharp\n|-boost|p1a: Bisharp|atk|2\n|move|p2a: Azumarill|Liquidation|p1a: Bisharp\n|-damage|p1a: Bisharp|44\/100\n|\n|upkeep\n|turn|11\n|\n|t:|1700134343\n|move|p1a: Bisharp|Sucker Punch||[still]\n|-fail|p1a: Bisharp\n|move|p2a: Azumarill|Belly Drum|p2a: Azumarill\n|-damage|p2a: Azumarill|13\/100\n|-setboost|p2a: Azumarill|atk|6|[from] move: Belly Drum\n|\n|upkeep\n|turn|12\n|\n|t:|1700134348\n|move|p1a: Bisharp|Sucker Punch|p2a: Azumarill\n|-damage|p2a: Azumarill|0 fnt\n|faint|p2a: Azumarill\n|\n|upkeep\n|\n|t:|1700134355\n|switch|p2a: Snorlax|Snorlax, F|100\/100\n|turn|13\n|c|\u2606csgoAFK|gg\n|\n|t:|1700134360\n|move|p1a: Bisharp|Iron Head|p2a: Snorlax\n|-damage|p2a: Snorlax|11\/100\n|move|p2a: Snorlax|Earthquake|p1a: Bisharp\n|-supereffective|p1a: Bisharp\n|-damage|p1a: Bisharp|0 fnt\n|faint|p1a: Bisharp\n|\n|upkeep\n|\n|t:|1700134364\n|switch|p1a: Naclstack|Naclstack, M|100\/100\n|turn|14\n|\n|t:|1700134370\n|move|p1a: Naclstack|Salt Cure|p2a: Snorlax\n|-crit|p2a: Snorlax\n|-damage|p2a: Snorlax|0 fnt\n|faint|p2a: Snorlax\n|\n|win|Gyarikkuho\n|n|\u2606Gyarikkuho|gyarikkuho\n|n|\u2606csgoAFK|csgoafk\n|n|*Lady Monita \u2746|ladymonita\n|n| PikachuDoesntCutIt|pikachudoesntcutit\n","uploadtime":1700134371,"views":13,"p1id":"gyarikkuho","p2id":"csgoafk","formatid":"gen9ou","rating":0,"private":0,"password":""}