{"id":"gen9ou-1995077747","p1":"J_oss tests","p2":"fropop","format":"[Gen 9] OU","log":"|j|\u2606J_oss tests\n|j|\u2606fropop\n|t:|1700520102\n|gametype|singles\n|player|p1|J_oss tests|red-gen1|1396\n|player|p2|fropop|n|1514\n|teamsize|p1|6\n|teamsize|p2|6\n|gen|9\n|tier|[Gen 9] OU\n|rated|\n|rule|Sleep Clause Mod: Limit one foe put to sleep\n|rule|Species Clause: Limit one of each Pok\u00e9mon\n|rule|OHKO Clause: OHKO moves are banned\n|rule|Evasion Items Clause: Evasion items are banned\n|rule|Evasion Moves Clause: Evasion moves are banned\n|rule|Endless Battle Clause: Forcing endless battles is banned\n|rule|HP Percentage Mod: HP is shown in percentages\n|clearpoke\n|poke|p1|Iron Jugulis|\n|poke|p1|Ogerpon-Wellspring, F|\n|poke|p1|Tinkaton, F|\n|poke|p1|Iron Moth|\n|poke|p1|Great Tusk|\n|poke|p1|Dragapult, F|\n|poke|p2|Goodra-Hisui, F|\n|poke|p2|Alomomola, F|\n|poke|p2|Rillaboom, F|\n|poke|p2|Zapdos|\n|poke|p2|Cinderace, M|\n|poke|p2|Volcanion|\n|teampreview\n|inactive|Battle timer is ON: inactive players will automatically lose when time's up. (requested by J_oss tests)\n|\n|t:|1700520126\n|start\n|switch|p1a: Calamity Jane|Dragapult, F|100\/100\n|switch|p2a: Goodra|Goodra-Hisui, F|100\/100\n|turn|1\n|\n|t:|1700520137\n|move|p1a: Calamity Jane|U-turn|p2a: Goodra\n|-resisted|p2a: Goodra\n|-damage|p2a: Goodra|93\/100\n|\n|t:|1700520140\n|switch|p1a: TWINKATON|Tinkaton, F|100\/100|[from] U-turn\n|-item|p1a: TWINKATON|Air Balloon\n|move|p2a: Goodra|Flash Cannon|p1a: TWINKATON\n|-damage|p1a: TWINKATON|64\/100\n|-enditem|p1a: TWINKATON|Air Balloon\n|\n|upkeep\n|turn|2\n|\n|t:|1700520169\n|move|p1a: TWINKATON|Stealth Rock|p2a: Goodra\n|-sidestart|p2: fropop|move: Stealth Rock\n|move|p2a: Goodra|Earthquake|p1a: TWINKATON\n|-supereffective|p1a: TWINKATON\n|-damage|p1a: TWINKATON|13\/100\n|\n|upkeep\n|turn|3\n|\n|t:|1700520191\n|switch|p1a: Manny|Great Tusk|100\/100\n|-enditem|p1a: Manny|Booster Energy\n|-activate|p1a: Manny|ability: Protosynthesis|[fromitem]\n|-start|p1a: Manny|protosynthesisspe\n|move|p2a: Goodra|Flash Cannon|p1a: Manny\n|-damage|p1a: Manny|50\/100\n|-unboost|p1a: Manny|spd|1\n|\n|upkeep\n|turn|4\n|\n|t:|1700520203\n|switch|p2a: Zapdos|Zapdos|100\/100\n|move|p1a: Manny|Headlong Rush|p2a: Zapdos\n|-immune|p2a: Zapdos\n|\n|upkeep\n|turn|5\n|\n|t:|1700520221\n|move|p1a: Manny|Ice Spinner|p2a: Zapdos\n|-supereffective|p2a: Zapdos\n|-damage|p2a: Zapdos|68\/100\n|move|p2a: Zapdos|Heat Wave|p1a: Manny\n|-damage|p1a: Manny|0 fnt\n|faint|p1a: Manny\n|-end|p1a: Manny|Protosynthesis|[silent]\n|\n|upkeep\n|\n|t:|1700520236\n|switch|p1a: Nika|Iron Moth|100\/100\n|-enditem|p1a: Nika|Booster Energy\n|-activate|p1a: Nika|ability: Quark Drive|[fromitem]\n|-start|p1a: Nika|quarkdrivespe\n|turn|6\n|\n|t:|1700520242\n|move|p1a: Nika|Fiery Dance|p2a: Zapdos\n|-damage|p2a: Zapdos|27\/100\n|move|p2a: Zapdos|Volt Switch|p1a: Nika\n|-damage|p1a: Nika|68\/100\n|\n|t:|1700520260\n|switch|p2a: Goodra|Goodra-Hisui, F|93\/100|[from] Volt Switch\n|-damage|p2a: Goodra|87\/100|[from] Stealth Rock\n|\n|upkeep\n|turn|7\n|\n|t:|1700520274\n|move|p1a: Nika|Fiery Dance|p2a: Goodra\n|-damage|p2a: Goodra|68\/100\n|-boost|p1a: Nika|spa|1\n|move|p2a: Goodra|Earthquake|p1a: Nika\n|-supereffective|p1a: Nika\n|-damage|p1a: Nika|0 fnt\n|faint|p1a: Nika\n|-end|p1a: Nika|Quark Drive|[silent]\n|\n|upkeep\n|\n|t:|1700520282\n|switch|p1a: The mask|Ogerpon-Wellspring, F|100\/100\n|turn|8\n|\n|t:|1700520301\n|move|p1a: The mask|Spikes|p2a: Goodra\n|-sidestart|p2: fropop|Spikes\n|move|p2a: Goodra|Draco Meteor|p1a: The mask\n|-damage|p1a: The mask|25\/100\n|-unboost|p2a: Goodra|spa|2\n|\n|upkeep\n|turn|9\n|\n|t:|1700520316\n|move|p1a: The mask|Horn Leech|p2a: Goodra\n|-ability|p2a: Goodra|Sap Sipper|boost\n|-boost|p2a: Goodra|atk|1\n|move|p2a: Goodra|Draco Meteor|p1a: The mask\n|-damage|p1a: The mask|0 fnt\n|-unboost|p2a: Goodra|spa|2\n|faint|p1a: The mask\n|\n|upkeep\n|-message|J_oss tests forfeited.\n|\n|win|fropop\n|raw|J_oss tests's rating: 1396 &rarr; <strong>1383<\/strong><br \/>(-13 for losing)\n|raw|fropop's rating: 1514 &rarr; <strong>1527<\/strong><br \/>(+13 for winning)\n|l|\u2606J_oss tests\n","uploadtime":1700520336,"views":36,"p1id":"josstests","p2id":"fropop","formatid":"gen9ou","rating":1383,"private":0,"password":""}