{"id":"gen9ou-1996131110","p1":"RayX2003","p2":"TeamYourNoobs","format":"[Gen 9] OU","log":"|j|\u2606RayX2003\n|j|\u2606TeamYourNoobs\n|t:|1700648871\n|gametype|singles\n|player|p1|RayX2003|170|1052\n|player|p2|TeamYourNoobs|102|1064\n|teamsize|p1|6\n|teamsize|p2|6\n|gen|9\n|tier|[Gen 9] OU\n|rated|\n|rule|Sleep Clause Mod: Limit one foe put to sleep\n|rule|Species Clause: Limit one of each Pok\u00e9mon\n|rule|OHKO Clause: OHKO moves are banned\n|rule|Evasion Items Clause: Evasion items are banned\n|rule|Evasion Moves Clause: Evasion moves are banned\n|rule|Endless Battle Clause: Forcing endless battles is banned\n|rule|HP Percentage Mod: HP is shown in percentages\n|clearpoke\n|poke|p1|Kingambit, M|\n|poke|p1|Great Tusk|\n|poke|p1|Dragapult, M|\n|poke|p1|Ogerpon-Wellspring, F|\n|poke|p1|Blissey, F|\n|poke|p1|Zapdos|\n|poke|p2|Iron Jugulis|\n|poke|p2|Ogerpon-Wellspring, F|\n|poke|p2|Tinkaton, F|\n|poke|p2|Iron Moth|\n|poke|p2|Great Tusk|\n|poke|p2|Dragapult, F|\n|teampreview\n|\n|t:|1700648899\n|start\n|switch|p1a: Dragapult|Dragapult, M|100\/100\n|switch|p2a: Ogerpon|Ogerpon-Wellspring, F|100\/100\n|turn|1\n|\n|t:|1700648910\n|move|p1a: Dragapult|U-turn|p2a: Ogerpon\n|-supereffective|p2a: Ogerpon\n|-damage|p2a: Ogerpon|57\/100\n|\n|t:|1700648918\n|switch|p1a: Ogerpon|Ogerpon-Wellspring, F|100\/100|[from] U-turn\n|move|p2a: Ogerpon|Ivy Cudgel|p1a: Ogerpon|[anim] Ivy Cudgel Water\n|-immune|p1a: Ogerpon|[from] ability: Water Absorb\n|\n|upkeep\n|turn|2\n|\n|t:|1700648931\n|move|p2a: Ogerpon|Horn Leech|p1a: Ogerpon\n|-damage|p1a: Ogerpon|40\/100\n|-heal|p2a: Ogerpon|88\/100|[from] drain|[of] p1a: Ogerpon\n|move|p1a: Ogerpon|U-turn|p2a: Ogerpon\n|-supereffective|p2a: Ogerpon\n|-damage|p2a: Ogerpon|16\/100\n|\n|t:|1700648939\n|switch|p1a: Dragapult|Dragapult, M|100\/100|[from] U-turn\n|\n|upkeep\n|turn|3\n|\n|t:|1700648962\n|move|p1a: Dragapult|U-turn|p2a: Ogerpon\n|-supereffective|p2a: Ogerpon\n|-crit|p2a: Ogerpon\n|-damage|p2a: Ogerpon|0 fnt\n|faint|p2a: Ogerpon\n|\n|t:|1700648985\n|switch|p1a: Zapdos|Zapdos|100\/100|[from] U-turn\n|\n|upkeep\n|\n|t:|1700648992\n|switch|p2a: TWINKATON|Tinkaton, F|100\/100\n|-item|p2a: TWINKATON|Air Balloon\n|turn|4\n|\n|t:|1700649001\n|move|p2a: TWINKATON|Stealth Rock|p1a: Zapdos\n|-sidestart|p1: RayX2003|move: Stealth Rock\n|move|p1a: Zapdos|Heat Wave|p2a: TWINKATON\n|-supereffective|p2a: TWINKATON\n|-damage|p2a: TWINKATON|56\/100\n|-enditem|p2a: TWINKATON|Air Balloon\n|\n|upkeep\n|turn|5\n|\n|t:|1700649010\n|move|p2a: TWINKATON|Encore|p1a: Zapdos\n|-start|p1a: Zapdos|Encore\n|move|p1a: Zapdos|Heat Wave|p2a: TWINKATON\n|-supereffective|p2a: TWINKATON\n|-damage|p2a: TWINKATON|11\/100\n|\n|upkeep\n|turn|6\n|\n|t:|1700649017\n|move|p2a: TWINKATON|Play Rough|p1a: Zapdos\n|-damage|p1a: Zapdos|79\/100\n|move|p1a: Zapdos|Heat Wave|p2a: TWINKATON\n|-supereffective|p2a: TWINKATON\n|-damage|p2a: TWINKATON|0 fnt\n|faint|p2a: TWINKATON\n|\n|upkeep\n|\n|t:|1700649025\n|switch|p2a: Dragapult|Dragapult, F|100\/100\n|turn|7\n|\n|t:|1700649036\n|switch|p1a: Blissey|Blissey, F|100\/100\n|move|p2a: Dragapult|Dragon Darts|p1a: Blissey\n|-damage|p1a: Blissey|74\/100\n|-anim|p2a: Dragapult|Dragon Darts|p1a: Blissey\n|-damage|p1a: Blissey|47\/100\n|-damage|p2a: Dragapult|91\/100|[from] item: Life Orb\n|\n|upkeep\n|turn|8\n|\n|t:|1700649049\n|switch|p1a: Great Tusk|Great Tusk|100\/100\n|-damage|p1a: Great Tusk|98\/100|[from] Stealth Rock\n|move|p2a: Dragapult|Dragon Darts|p1a: Great Tusk\n|-damage|p1a: Great Tusk|77\/100\n|-anim|p2a: Dragapult|Dragon Darts|p1a: Great Tusk\n|-damage|p1a: Great Tusk|56\/100\n|-damage|p2a: Dragapult|81\/100|[from] item: Life Orb\n|\n|-heal|p1a: Great Tusk|62\/100|[from] item: Leftovers\n|upkeep\n|turn|9\n|\n|t:|1700649062\n|-terastallize|p2a: Dragapult|Normal\n|move|p2a: Dragapult|Last Resort|p1a: Great Tusk\n|-damage|p1a: Great Tusk|7\/100\n|-damage|p2a: Dragapult|71\/100|[from] item: Life Orb\n|move|p1a: Great Tusk|Knock Off|p2a: Dragapult\n|-crit|p2a: Dragapult\n|-damage|p2a: Dragapult|18\/100\n|-enditem|p2a: Dragapult|Life Orb|[from] move: Knock Off|[of] p1a: Great Tusk\n|\n|-heal|p1a: Great Tusk|13\/100|[from] item: Leftovers\n|upkeep\n|turn|10\n|\n|t:|1700649083\n|-end|p1a: Great Tusk|Protosynthesis|[silent]\n|switch|p1a: Kingambit|Kingambit, M|100\/100\n|-damage|p1a: Kingambit|94\/100|[from] Stealth Rock\n|move|p2a: Dragapult|Dragon Darts|p1a: Kingambit\n|-resisted|p1a: Kingambit\n|-damage|p1a: Kingambit|85\/100\n|-anim|p2a: Dragapult|Dragon Darts|p1a: Kingambit\n|-resisted|p1a: Kingambit\n|-damage|p1a: Kingambit|74\/100\n|\n|upkeep\n|turn|11\n|\n|t:|1700649093\n|switch|p2a: Great Tusk|Great Tusk|100\/100\n|-enditem|p2a: Great Tusk|Booster Energy\n|-activate|p2a: Great Tusk|ability: Protosynthesis|[fromitem]\n|-start|p2a: Great Tusk|protosynthesisspe\n|move|p1a: Kingambit|Sucker Punch||[still]\n|-fail|p1a: Kingambit\n|\n|upkeep\n|turn|12\n|\n|t:|1700649105\n|-end|p1a: Kingambit|fallenundefined|[silent]\n|switch|p1a: Zapdos|Zapdos|79\/100\n|move|p2a: Great Tusk|Bulk Up|p2a: Great Tusk\n|-boost|p2a: Great Tusk|atk|1\n|-boost|p2a: Great Tusk|def|1\n|\n|upkeep\n|turn|13\n|\n|t:|1700649116\n|move|p2a: Great Tusk|Ice Spinner|p1a: Zapdos\n|-supereffective|p1a: Zapdos\n|-damage|p1a: Zapdos|24\/100\n|move|p1a: Zapdos|Hurricane|p2a: Great Tusk|[miss]\n|-miss|p1a: Zapdos|p2a: Great Tusk\n|\n|upkeep\n|turn|14\n|c|\u2606RayX2003|Jfkdjds\n|\n|t:|1700649130\n|-terastallize|p1a: Zapdos|Water\n|move|p2a: Great Tusk|Ice Spinner|p1a: Zapdos\n|-resisted|p1a: Zapdos\n|-damage|p1a: Zapdos|10\/100\n|-status|p2a: Great Tusk|par|[from] ability: Static|[of] p1a: Zapdos\n|move|p1a: Zapdos|Hurricane|p2a: Great Tusk\n|-supereffective|p2a: Great Tusk\n|-damage|p2a: Great Tusk|0 fnt\n|faint|p2a: Great Tusk\n|-end|p2a: Great Tusk|Protosynthesis|[silent]\n|\n|upkeep\n|\n|t:|1700649152\n|switch|p2a: Iron Moth|Iron Moth|100\/100\n|-enditem|p2a: Iron Moth|Booster Energy\n|-activate|p2a: Iron Moth|ability: Quark Drive|[fromitem]\n|-start|p2a: Iron Moth|quarkdrivespe\n|turn|15\n|c|\u2606TeamYourNoobs|gcujhk,shggjh\n|\n|t:|1700649173\n|move|p2a: Iron Moth|Fiery Dance|p1a: Zapdos\n|-resisted|p1a: Zapdos\n|-damage|p1a: Zapdos|0 fnt\n|faint|p1a: Zapdos\n|\n|upkeep\n|\n|t:|1700649199\n|switch|p1a: Dragapult|Dragapult, M|100\/100\n|-damage|p1a: Dragapult|88\/100|[from] Stealth Rock\n|turn|16\n|\n|t:|1700649209\n|move|p2a: Iron Moth|Dazzling Gleam|p1a: Dragapult\n|-supereffective|p1a: Dragapult\n|-crit|p1a: Dragapult\n|-damage|p1a: Dragapult|0 fnt\n|faint|p1a: Dragapult\n|\n|upkeep\n|\n|t:|1700649216\n|switch|p1a: Blissey|Blissey, F|47\/100\n|turn|17\n|\n|t:|1700649230\n|move|p2a: Iron Moth|Fiery Dance|p1a: Blissey\n|-damage|p1a: Blissey|33\/100\n|move|p1a: Blissey|Soft-Boiled|p1a: Blissey\n|-heal|p1a: Blissey|83\/100\n|\n|upkeep\n|turn|18\n|\n|t:|1700649238\n|move|p2a: Iron Moth|Fiery Dance|p1a: Blissey\n|-damage|p1a: Blissey|67\/100\n|move|p1a: Blissey|Thunder Wave|p2a: Iron Moth\n|-status|p2a: Iron Moth|par\n|\n|upkeep\n|turn|19\n|\n|t:|1700649247\n|move|p2a: Iron Moth|Fiery Dance|p1a: Blissey\n|-damage|p1a: Blissey|53\/100\n|-boost|p2a: Iron Moth|spa|1\n|move|p1a: Blissey|Soft-Boiled|p1a: Blissey\n|-heal|p1a: Blissey|100\/100\n|\n|upkeep\n|turn|20\n|\n|t:|1700649255\n|move|p2a: Iron Moth|Fiery Dance|p1a: Blissey\n|-damage|p1a: Blissey|77\/100\n|-boost|p2a: Iron Moth|spa|1\n|move|p1a: Blissey|Seismic Toss|p2a: Iron Moth\n|-damage|p2a: Iron Moth|67\/100 par\n|\n|upkeep\n|turn|21\n|\n|t:|1700649262\n|move|p2a: Iron Moth|Fiery Dance|p1a: Blissey\n|-crit|p1a: Blissey\n|-damage|p1a: Blissey|35\/100\n|-boost|p2a: Iron Moth|spa|1\n|move|p1a: Blissey|Seismic Toss|p2a: Iron Moth\n|-damage|p2a: Iron Moth|34\/100 par\n|\n|upkeep\n|turn|22\n|\n|t:|1700649271\n|move|p2a: Iron Moth|Sludge Wave|p1a: Blissey\n|-damage|p1a: Blissey|0 fnt\n|faint|p1a: Blissey\n|\n|upkeep\n|c|\u2606TeamYourNoobs|bro got his blissey killed by iron moth\n|\n|t:|1700649300\n|switch|p1a: Great Tusk|Great Tusk|13\/100\n|-damage|p1a: Great Tusk|10\/100|[from] Stealth Rock\n|turn|23\n|c|\u2606TeamYourNoobs|lmfao\n|\n|t:|1700649311\n|move|p1a: Great Tusk|Knock Off|p2a: Iron Moth\n|-damage|p2a: Iron Moth|8\/100 par\n|move|p2a: Iron Moth|Fiery Dance|p1a: Great Tusk\n|-damage|p1a: Great Tusk|0 fnt\n|faint|p1a: Great Tusk\n|-end|p1a: Great Tusk|Protosynthesis|[silent]\n|\n|upkeep\n|\n|t:|1700649318\n|switch|p1a: Ogerpon|Ogerpon-Wellspring, F|40\/100\n|-damage|p1a: Ogerpon|28\/100|[from] Stealth Rock\n|turn|24\n|c|\u2606TeamYourNoobs|LMFAO\n|\n|t:|1700649334\n|move|p1a: Ogerpon|U-turn|p2a: Iron Moth\n|-resisted|p2a: Iron Moth\n|-damage|p2a: Iron Moth|0 fnt\n|faint|p2a: Iron Moth\n|-end|p2a: Iron Moth|Quark Drive|[silent]\n|\n|t:|1700649338\n|switch|p1a: Kingambit|Kingambit, M|74\/100|[from] U-turn\n|-damage|p1a: Kingambit|68\/100|[from] Stealth Rock\n|-activate|p1a: Kingambit|ability: Supreme Overlord\n|-start|p1a: Kingambit|fallen4|[silent]\n|\n|upkeep\n|\n|t:|1700649344\n|switch|p2a: Iron Jugulis|Iron Jugulis|100\/100\n|-enditem|p2a: Iron Jugulis|Booster Energy\n|-activate|p2a: Iron Jugulis|ability: Quark Drive|[fromitem]\n|-start|p2a: Iron Jugulis|quarkdrivespe\n|turn|25\n|\n|t:|1700649365\n|move|p2a: Iron Jugulis|Earth Power|p1a: Kingambit\n|-supereffective|p1a: Kingambit\n|-damage|p1a: Kingambit|6\/100\n|move|p1a: Kingambit|Kowtow Cleave|p2a: Iron Jugulis\n|-resisted|p2a: Iron Jugulis\n|-damage|p2a: Iron Jugulis|62\/100\n|\n|upkeep\n|turn|26\n|\n|t:|1700649378\n|move|p1a: Kingambit|Sucker Punch|p2a: Iron Jugulis\n|-resisted|p2a: Iron Jugulis\n|-damage|p2a: Iron Jugulis|29\/100\n|move|p2a: Iron Jugulis|Earth Power|p1a: Kingambit\n|-supereffective|p1a: Kingambit\n|-crit|p1a: Kingambit\n|-damage|p1a: Kingambit|0 fnt\n|faint|p1a: Kingambit\n|-end|p1a: Kingambit|fallen4|[silent]\n|\n|upkeep\n|\n|t:|1700649387\n|switch|p1a: Ogerpon|Ogerpon-Wellspring, F|28\/100\n|-damage|p1a: Ogerpon|16\/100|[from] Stealth Rock\n|turn|27\n|\n|t:|1700649393\n|move|p2a: Iron Jugulis|Taunt|p1a: Ogerpon\n|-start|p1a: Ogerpon|move: Taunt\n|move|p1a: Ogerpon|U-turn|p2a: Iron Jugulis\n|-damage|p2a: Iron Jugulis|0 fnt\n|faint|p2a: Iron Jugulis\n|-end|p2a: Iron Jugulis|Quark Drive|[silent]\n|\n|upkeep\n|c|\u2606RayX2003|Gg\n|\n|t:|1700649398\n|switch|p2a: Dragapult|Dragapult, F, tera:Normal|18\/100\n|turn|28\n|\n|t:|1700649408\n|move|p2a: Dragapult|Last Resort||[still]\n|-fail|p2a: Dragapult\n|move|p1a: Ogerpon|Ivy Cudgel|p2a: Dragapult|[anim] Ivy Cudgel Water\n|-damage|p2a: Dragapult|0 fnt\n|faint|p2a: Dragapult\n|\n|win|RayX2003\n|raw|RayX2003's rating: 1052 &rarr; <strong>1085<\/strong><br \/>(+33 for winning)\n|raw|TeamYourNoobs's rating: 1064 &rarr; <strong>1044<\/strong><br \/>(-20 for losing)\n|c|\u2606RayX2003|?????\n|c|\u2606RayX2003|What\n|c|\u2606RayX2003|Why\n|c|\u2606TeamYourNoobs|misclick\n|c|\u2606TeamYourNoobs|:(\n|c|\u2606RayX2003|:(\n|l|\u2606RayX2003\n","uploadtime":1700649436,"views":1,"p1id":"rayx2003","p2id":"teamyournoobs","formatid":"gen9ou","rating":1044,"private":0,"password":""}