{"id":"gen9ou-1993795346","p1":"Shady5991","p2":"andres14 4","format":"[Gen 9] OU","log":"|j|\u2606Shady5991\n|j|\u2606andres14 4\n|t:|1700358203\n|gametype|singles\n|player|p1|Shady5991|266|1138\n|player|p2|andres14 4|2|1206\n|teamsize|p1|6\n|teamsize|p2|6\n|gen|9\n|tier|[Gen 9] OU\n|rated|\n|rule|Sleep Clause Mod: Limit one foe put to sleep\n|rule|Species Clause: Limit one of each Pok\u00e9mon\n|rule|OHKO Clause: OHKO moves are banned\n|rule|Evasion Items Clause: Evasion items are banned\n|rule|Evasion Moves Clause: Evasion moves are banned\n|rule|Endless Battle Clause: Forcing endless battles is banned\n|rule|HP Percentage Mod: HP is shown in percentages\n|clearpoke\n|poke|p1|Ceruledge, M|\n|poke|p1|Iron Treads|\n|poke|p1|Lokix, M|\n|poke|p1|Hawlucha, M|\n|poke|p1|Rillaboom, F|\n|poke|p1|Vivillon-Ocean, M|\n|poke|p2|Dudunsparce-*, F|\n|poke|p2|Blissey, F|\n|poke|p2|Ribombee, F|\n|poke|p2|Great Tusk|\n|poke|p2|Dragapult, M|\n|poke|p2|Enamorus, F|\n|teampreview\n|inactive|Battle timer is ON: inactive players will automatically lose when time's up. (requested by Shady5991)\n|\n|t:|1700358212\n|start\n|switch|p1a: Vivillon|Vivillon-Ocean, M|100\/100\n|switch|p2a: Ribombee|Ribombee, F|100\/100\n|turn|1\n|\n|t:|1700358226\n|move|p2a: Ribombee|Moonblast|p1a: Vivillon\n|-damage|p1a: Vivillon|25\/100\n|-unboost|p1a: Vivillon|spa|1\n|move|p1a: Vivillon|Quiver Dance|p1a: Vivillon\n|-boost|p1a: Vivillon|spa|1\n|-boost|p1a: Vivillon|spd|1\n|-boost|p1a: Vivillon|spe|1\n|\n|upkeep\n|turn|2\n|\n|t:|1700358234\n|move|p1a: Vivillon|Sleep Powder|p2a: Ribombee\n|-status|p2a: Ribombee|slp|[from] move: Sleep Powder\n|cant|p2a: Ribombee|slp\n|\n|upkeep\n|turn|3\n|\n|t:|1700358242\n|switch|p2a: Blissey|Blissey, F|100\/100\n|move|p1a: Vivillon|Hurricane|p2a: Blissey\n|-damage|p2a: Blissey|89\/100\n|-start|p2a: Blissey|confusion\n|\n|-heal|p2a: Blissey|95\/100|[from] item: Leftovers\n|upkeep\n|turn|4\n|\n|t:|1700358252\n|switch|p1a: Rillaboom|Rillaboom, F|100\/100\n|-fieldstart|move: Grassy Terrain|[from] ability: Grassy Surge|[of] p1a: Rillaboom\n|-activate|p2a: Blissey|confusion\n|move|p2a: Blissey|Seismic Toss|p1a: Rillaboom\n|-damage|p1a: Rillaboom|76\/100\n|\n|-heal|p1a: Rillaboom|82\/100|[from] Grassy Terrain\n|-heal|p2a: Blissey|100\/100|[from] Grassy Terrain\n|upkeep\n|turn|5\n|\n|t:|1700358270\n|switch|p2a: Dudunsparce|Dudunsparce, F|100\/100\n|move|p1a: Rillaboom|U-turn|p2a: Dudunsparce\n|-damage|p2a: Dudunsparce|85\/100\n|-damage|p1a: Rillaboom|65\/100|[from] item: Rocky Helmet|[of] p2a: Dudunsparce\n|-ability|p2a: Dudunsparce|Rattled|boost\n|-boost|p2a: Dudunsparce|spe|1\n|\n|t:|1700358279\n|switch|p1a: Hawlucha|Hawlucha, M|100\/100|[from] U-turn\n|-enditem|p1a: Hawlucha|Grassy Seed\n|-boost|p1a: Hawlucha|def|1|[from] item: Grassy Seed\n|\n|-heal|p2a: Dudunsparce|91\/100|[from] Grassy Terrain\n|upkeep\n|turn|6\n|\n|t:|1700358294\n|move|p1a: Hawlucha|Substitute|p1a: Hawlucha\n|-start|p1a: Hawlucha|Substitute\n|-damage|p1a: Hawlucha|76\/100\n|move|p2a: Dudunsparce|Glare||[still]\n|-fail|p2a: Dudunsparce\n|\n|-heal|p2a: Dudunsparce|97\/100|[from] Grassy Terrain\n|upkeep\n|turn|7\n|\n|t:|1700358301\n|move|p1a: Hawlucha|Swords Dance|p1a: Hawlucha\n|-boost|p1a: Hawlucha|atk|2\n|move|p2a: Dudunsparce|Boomburst|p1a: Hawlucha\n|-damage|p1a: Hawlucha|4\/100\n|\n|-heal|p2a: Dudunsparce|100\/100|[from] Grassy Terrain\n|upkeep\n|turn|8\n|\n|t:|1700358325\n|move|p1a: Hawlucha|Close Combat|p2a: Dudunsparce\n|-supereffective|p2a: Dudunsparce\n|-damage|p2a: Dudunsparce|0 fnt\n|-unboost|p1a: Hawlucha|def|1\n|-unboost|p1a: Hawlucha|spd|1\n|-damage|p1a: Hawlucha|0 fnt|[from] item: Rocky Helmet|[of] p2a: Dudunsparce\n|faint|p2a: Dudunsparce\n|faint|p1a: Hawlucha\n|\n|upkeep\n|inactive|Shady5991 has 120 seconds left.\n|inactive|Shady5991 has 90 seconds left.\n|inactive|Shady5991 has 60 seconds left.\n|\n|t:|1700358418\n|switch|p1a: Ceruledge|Ceruledge, M|100\/100\n|switch|p2a: Ribombee|Ribombee, F|100\/100 slp\n|turn|9\n|\n|t:|1700358435\n|-curestatus|p2a: Ribombee|slp|[msg]\n|move|p2a: Ribombee|Stun Spore|p1a: Ceruledge\n|-status|p1a: Ceruledge|par\n|cant|p1a: Ceruledge|par\n|\n|upkeep\n|turn|10\n|\n|t:|1700358444\n|move|p2a: Ribombee|Sticky Web|p1a: Ceruledge\n|-sidestart|p1: Shady5991|move: Sticky Web\n|move|p1a: Ceruledge|Swords Dance|p1a: Ceruledge\n|-boost|p1a: Ceruledge|atk|2\n|\n|upkeep\n|turn|11\n|inactive|Shady5991 has 60 seconds left.\n|\n|t:|1700358456\n|move|p2a: Ribombee|Moonblast|p1a: Ceruledge\n|-resisted|p1a: Ceruledge\n|-damage|p1a: Ceruledge|78\/100 par\n|move|p1a: Ceruledge|Bitter Blade|p2a: Ribombee\n|-supereffective|p2a: Ribombee\n|-enditem|p2a: Ribombee|Focus Sash\n|-damage|p2a: Ribombee|1\/100\n|-heal|p1a: Ceruledge|100\/100 par|[from] drain|[of] p2a: Ribombee\n|\n|-heal|p2a: Ribombee|7\/100|[from] Grassy Terrain\n|-fieldend|move: Grassy Terrain\n|upkeep\n|turn|12\n|inactive|Shady5991 has 60 seconds left.\n|\n|t:|1700358468\n|move|p1a: Ceruledge|Shadow Sneak|p2a: Ribombee\n|-damage|p2a: Ribombee|0 fnt\n|faint|p2a: Ribombee\n|\n|upkeep\n|\n|t:|1700358478\n|switch|p2a: Great Tusk|Great Tusk|100\/100\n|turn|13\n|inactive|Shady5991 has 60 seconds left.\n|\n|t:|1700358500\n|-terastallize|p1a: Ceruledge|Ghost\n|move|p2a: Great Tusk|Headlong Rush|p1a: Ceruledge\n|-damage|p1a: Ceruledge|26\/100 par\n|-unboost|p2a: Great Tusk|def|1\n|-unboost|p2a: Great Tusk|spd|1\n|-ability|p1a: Ceruledge|Weak Armor|boost\n|-unboost|p1a: Ceruledge|def|1\n|-boost|p1a: Ceruledge|spe|2\n|move|p1a: Ceruledge|Swords Dance|p1a: Ceruledge\n|-boost|p1a: Ceruledge|atk|2\n|\n|upkeep\n|turn|14\n|\n|t:|1700358517\n|cant|p1a: Ceruledge|par\n|move|p2a: Great Tusk|Headlong Rush|p1a: Ceruledge\n|-damage|p1a: Ceruledge|0 fnt\n|-unboost|p2a: Great Tusk|def|1\n|-unboost|p2a: Great Tusk|spd|1\n|faint|p1a: Ceruledge\n|\n|upkeep\n|\n|t:|1700358526\n|switch|p1a: Lokix|Lokix, M|100\/100\n|-activate|p1a: Lokix|move: Sticky Web\n|-unboost|p1a: Lokix|spe|1\n|turn|15\n|\n|t:|1700358531\n|-end|p2a: Great Tusk|Protosynthesis|[silent]\n|switch|p2a: Enamorus|Enamorus, F|100\/100\n|move|p1a: Lokix|First Impression|p2a: Enamorus\n|-resisted|p2a: Enamorus\n|-damage|p2a: Enamorus|59\/100\n|\n|upkeep\n|turn|16\n|inactive|Shady5991 has 60 seconds left.\n|\n|t:|1700358539\n|move|p1a: Lokix|Sucker Punch|p2a: Enamorus\n|-resisted|p2a: Enamorus\n|-damage|p2a: Enamorus|0 fnt\n|faint|p2a: Enamorus\n|\n|upkeep\n|\n|t:|1700358561\n|switch|p2a: Great Tusk|Great Tusk|100\/100\n|turn|17\n|inactive|Shady5991 has 60 seconds left.\n|\n|t:|1700358594\n|move|p2a: Great Tusk|Iron Head|p1a: Lokix\n|-damage|p1a: Lokix|67\/100\n|cant|p1a: Lokix|flinch\n|\n|upkeep\n|turn|18\n|\n|t:|1700358615\n|move|p2a: Great Tusk|Iron Head|p1a: Lokix\n|-crit|p1a: Lokix\n|-damage|p1a: Lokix|11\/100\n|cant|p1a: Lokix|flinch\n|\n|upkeep\n|turn|19\n|\n|t:|1700358625\n|move|p1a: Lokix|Sucker Punch|p2a: Great Tusk\n|-resisted|p2a: Great Tusk\n|-damage|p2a: Great Tusk|83\/100\n|move|p2a: Great Tusk|Iron Head|p1a: Lokix\n|-damage|p1a: Lokix|0 fnt\n|faint|p1a: Lokix\n|\n|upkeep\n|\n|t:|1700358653\n|switch|p1a: Vivillon|Vivillon-Ocean, M|25\/100\n|turn|20\n|\n|t:|1700358657\n|move|p1a: Vivillon|Sleep Powder|p2a: Great Tusk\n|-status|p2a: Great Tusk|slp|[from] move: Sleep Powder\n|cant|p2a: Great Tusk|slp\n|\n|upkeep\n|turn|21\n|\n|t:|1700358663\n|-end|p2a: Great Tusk|Protosynthesis|[silent]\n|switch|p2a: Blissey|Blissey, F|100\/100\n|move|p1a: Vivillon|Quiver Dance|p1a: Vivillon\n|-boost|p1a: Vivillon|spa|1\n|-boost|p1a: Vivillon|spd|1\n|-boost|p1a: Vivillon|spe|1\n|\n|upkeep\n|turn|22\n|\n|t:|1700358677\n|switch|p1a: Rillaboom|Rillaboom, F|65\/100\n|-activate|p1a: Rillaboom|move: Sticky Web\n|-unboost|p1a: Rillaboom|spe|1\n|-fieldstart|move: Grassy Terrain|[from] ability: Grassy Surge|[of] p1a: Rillaboom\n|move|p2a: Blissey|Seismic Toss|p1a: Rillaboom\n|-damage|p1a: Rillaboom|41\/100\n|\n|-heal|p1a: Rillaboom|47\/100|[from] Grassy Terrain\n|upkeep\n|turn|23\n|\n|t:|1700358687\n|move|p2a: Blissey|Thunder Wave|p1a: Rillaboom\n|-status|p1a: Rillaboom|par\n|move|p1a: Rillaboom|Drain Punch|p2a: Blissey\n|-supereffective|p2a: Blissey\n|-damage|p2a: Blissey|0 fnt\n|-heal|p1a: Rillaboom|100\/100 par|[from] drain|[of] p2a: Blissey\n|faint|p2a: Blissey\n|\n|upkeep\n|\n|t:|1700358692\n|switch|p2a: Dragapult|Dragapult, M|100\/100\n|turn|24\n|inactive|Shady5991 has 60 seconds left.\n|inactive|Shady5991 has 30 seconds left.\n|inactive|Shady5991 has 20 seconds left.\n|inactive|Shady5991 has 15 seconds left.\n|inactive|Shady5991 has 10 seconds left.\n|\n|t:|1700358752\n|move|p2a: Dragapult|Fire Blast|p1a: Rillaboom\n|-supereffective|p1a: Rillaboom\n|-damage|p1a: Rillaboom|0 fnt\n|faint|p1a: Rillaboom\n|\n|upkeep\n|inactive|Shady5991 has 15 seconds left this turn.\n|inactive|Shady5991 has 10 seconds left.\n|\n|t:|1700358760\n|switch|p1a: Vivillon|Vivillon-Ocean, M|25\/100\n|turn|25\n|inactive|Shady5991 has 20 seconds left this turn.\n|inactive|Shady5991 has 15 seconds left.\n|\n|t:|1700358769\n|move|p2a: Dragapult|Fire Blast|p1a: Vivillon|[miss]\n|-miss|p2a: Dragapult|p1a: Vivillon\n|move|p1a: Vivillon|Sleep Powder|p2a: Dragapult\n|-message|Sleep Clause Mod activated.\n|-hint|Sleep Clause Mod prevents players from putting more than one of their opponent's Pok\u00e9mon to sleep at a time\n|\n|upkeep\n|turn|26\n|inactive|Shady5991 has 25 seconds left this turn.\n|inactive|Shady5991 has 20 seconds left.\n|\n|t:|1700358776\n|move|p2a: Dragapult|Fire Blast|p1a: Vivillon\n|-supereffective|p1a: Vivillon\n|-damage|p1a: Vivillon|0 fnt\n|faint|p1a: Vivillon\n|\n|upkeep\n|inactive|Shady5991 has 25 seconds left this turn.\n|inactive|Shady5991 has 20 seconds left.\n|\n|t:|1700358782\n|switch|p1a: Iron Treads|Iron Treads|100\/100\n|-activate|p1a: Iron Treads|move: Sticky Web\n|-unboost|p1a: Iron Treads|spe|1\n|turn|27\n|inactive|Shady5991 has 30 seconds left this turn.\n|\n|t:|1700358794\n|move|p2a: Dragapult|Fire Blast|p1a: Iron Treads\n|-supereffective|p1a: Iron Treads\n|-damage|p1a: Iron Treads|8\/100\n|move|p1a: Iron Treads|Knock Off|p2a: Dragapult\n|-supereffective|p2a: Dragapult\n|-damage|p2a: Dragapult|14\/100\n|-enditem|p2a: Dragapult|Choice Specs|[from] move: Knock Off|[of] p1a: Iron Treads\n|\n|-heal|p2a: Dragapult|20\/100|[from] Grassy Terrain\n|-heal|p1a: Iron Treads|15\/100|[from] Grassy Terrain\n|upkeep\n|turn|28\n|inactive|Shady5991 has 30 seconds left.\n|inactive|Shady5991 has 20 seconds left.\n|\n|t:|1700358811\n|move|p2a: Dragapult|Shadow Ball|p1a: Iron Treads\n|-damage|p1a: Iron Treads|0 fnt\n|faint|p1a: Iron Treads\n|-end|p1a: Iron Treads|Quark Drive|[silent]\n|\n|win|andres14 4\n|inactive|Shady5991 has 25 seconds left this turn.\n|raw|Shady5991's rating: 1138 &rarr; <strong>1118<\/strong><br \/>(-20 for losing)\n|raw|andres14 4's rating: 1206 &rarr; <strong>1226<\/strong><br \/>(+20 for winning)\n|l|\u2606andres14 4\n","uploadtime":1700358825,"views":10,"p1id":"shady5991","p2id":"andres144","formatid":"gen9ou","rating":1118,"private":0,"password":""}