{"id":"gen9ou-1995154158","p1":"babiwi bewey\u2714\ufe0f","p2":"quarters_ou","format":"[Gen 9] OU","log":"|j|\u2606babiwi bewey\u2714\ufe0f\n|j|\u2606quarters_ou\n|t:|1700528619\n|gametype|singles\n|player|p1|babiwi bewey\u2714\ufe0f|valerie|\n|player|p2|quarters_ou|1|\n|teamsize|p1|6\n|teamsize|p2|6\n|gen|9\n|tier|[Gen 9] OU\n|rule|Sleep Clause Mod: Limit one foe put to sleep\n|rule|Species Clause: Limit one of each Pok\u00e9mon\n|rule|OHKO Clause: OHKO moves are banned\n|rule|Evasion Items Clause: Evasion items are banned\n|rule|Evasion Moves Clause: Evasion moves are banned\n|rule|Endless Battle Clause: Forcing endless battles is banned\n|rule|HP Percentage Mod: HP is shown in percentages\n|clearpoke\n|poke|p1|Ribombee, M|\n|poke|p1|Ogerpon-Wellspring, F|\n|poke|p1|Iron Moth|\n|poke|p1|Kingambit, M|\n|poke|p1|Gholdengo|\n|poke|p1|Iron Valiant|\n|poke|p2|Amoonguss, F|\n|poke|p2|Azumarill, M|\n|poke|p2|Gholdengo|\n|poke|p2|Dragapult, F|\n|poke|p2|Zapdos|\n|poke|p2|Great Tusk|\n|teampreview\n|\n|t:|1700528634\n|start\n|switch|p1a: Ribombee|Ribombee, M|100\/100\n|switch|p2a: Dragapult|Dragapult, F|100\/100\n|turn|1\n|\n|t:|1700528643\n|move|p2a: Dragapult|U-turn|p1a: Ribombee\n|-resisted|p1a: Ribombee\n|-crit|p1a: Ribombee\n|-damage|p1a: Ribombee|47\/100\n|\n|t:|1700528652\n|switch|p2a: Zapdos|Zapdos|100\/100|[from] U-turn\n|move|p1a: Ribombee|Sticky Web|p2a: Zapdos\n|-sidestart|p2: quarters_ou|move: Sticky Web\n|\n|upkeep\n|turn|2\n|\n|t:|1700528667\n|move|p1a: Ribombee|Moonblast|p2a: Zapdos\n|-damage|p2a: Zapdos|60\/100\n|move|p2a: Zapdos|Hurricane|p1a: Ribombee|[miss]\n|-miss|p2a: Zapdos|p1a: Ribombee\n|\n|upkeep\n|turn|3\n|\n|t:|1700528679\n|move|p1a: Ribombee|Moonblast|p2a: Zapdos\n|-damage|p2a: Zapdos|18\/100\n|move|p2a: Zapdos|Heat Wave|p1a: Ribombee\n|-supereffective|p1a: Ribombee\n|-damage|p1a: Ribombee|0 fnt\n|faint|p1a: Ribombee\n|\n|upkeep\n|\n|t:|1700528684\n|switch|p1a: Gholdengo|Gholdengo|100\/100\n|-item|p1a: Gholdengo|Air Balloon\n|turn|4\n|\n|t:|1700528695\n|move|p1a: Gholdengo|Shadow Ball|p2a: Zapdos\n|-damage|p2a: Zapdos|0 fnt\n|faint|p2a: Zapdos\n|\n|upkeep\n|\n|t:|1700528705\n|switch|p2a: Great Tusk|Great Tusk|100\/100\n|-activate|p2a: Great Tusk|move: Sticky Web\n|-unboost|p2a: Great Tusk|spe|1\n|turn|5\n|\n|t:|1700528719\n|-terastallize|p1a: Gholdengo|Fairy\n|move|p1a: Gholdengo|Dazzling Gleam|p2a: Great Tusk\n|-supereffective|p2a: Great Tusk\n|-damage|p2a: Great Tusk|0 fnt\n|faint|p2a: Great Tusk\n|-end|p2a: Great Tusk|Protosynthesis|[silent]\n|\n|upkeep\n|\n|t:|1700528723\n|switch|p2a: Gholdengo|Gholdengo|100\/100\n|-activate|p2a: Gholdengo|move: Sticky Web\n|-unboost|p2a: Gholdengo|spe|1\n|turn|6\n|\n|t:|1700528733\n|-terastallize|p2a: Gholdengo|Steel\n|move|p1a: Gholdengo|Shadow Ball|p2a: Gholdengo\n|-damage|p2a: Gholdengo|50\/100\n|move|p2a: Gholdengo|Make It Rain|p1a: Gholdengo\n|-supereffective|p1a: Gholdengo\n|-damage|p1a: Gholdengo|0 fnt\n|-unboost|p2a: Gholdengo|spa|1\n|-enditem|p1a: Gholdengo|Air Balloon\n|faint|p1a: Gholdengo\n|\n|upkeep\n|\n|t:|1700528739\n|switch|p1a: Iron Moth|Iron Moth|100\/100\n|-enditem|p1a: Iron Moth|Booster Energy\n|-activate|p1a: Iron Moth|ability: Quark Drive|[fromitem]\n|-start|p1a: Iron Moth|quarkdrivespa\n|turn|7\n|\n|t:|1700528751\n|switch|p2a: Dragapult|Dragapult, F|100\/100\n|-activate|p2a: Dragapult|move: Sticky Web\n|-unboost|p2a: Dragapult|spe|1\n|move|p1a: Iron Moth|Substitute|p1a: Iron Moth\n|-start|p1a: Iron Moth|Substitute\n|-damage|p1a: Iron Moth|76\/100\n|\n|upkeep\n|turn|8\n|\n|t:|1700528759\n|move|p1a: Iron Moth|Psychic|p2a: Dragapult\n|-damage|p2a: Dragapult|46\/100\n|move|p2a: Dragapult|Dragon Darts|p1a: Iron Moth\n|-damage|p1a: Iron Moth|16\/100\n|-anim|p2a: Dragapult|Dragon Darts|p1a: Iron Moth\n|-damage|p1a: Iron Moth|0 fnt\n|faint|p1a: Iron Moth\n|-end|p1a: Iron Moth|Quark Drive|[silent]\n|\n|upkeep\n|\n|t:|1700528770\n|switch|p1a: Iron Valiant|Iron Valiant|100\/100\n|-enditem|p1a: Iron Valiant|Booster Energy\n|-activate|p1a: Iron Valiant|ability: Quark Drive|[fromitem]\n|-start|p1a: Iron Valiant|quarkdrivespe\n|turn|9\n|\n|t:|1700528773\n|switch|p2a: Amoonguss|Amoonguss, F|100\/100\n|-activate|p2a: Amoonguss|move: Sticky Web\n|-unboost|p2a: Amoonguss|spe|1\n|move|p1a: Iron Valiant|Moonblast|p2a: Amoonguss\n|-resisted|p2a: Amoonguss\n|-damage|p2a: Amoonguss|88\/100\n|-unboost|p2a: Amoonguss|spa|1\n|\n|upkeep\n|turn|10\n|\n|t:|1700528779\n|-end|p1a: Iron Valiant|Quark Drive|[silent]\n|switch|p1a: Ogerpon|Ogerpon-Wellspring, F|100\/100\n|move|p2a: Amoonguss|Sludge Bomb|p1a: Ogerpon\n|-supereffective|p1a: Ogerpon\n|-damage|p1a: Ogerpon|60\/100\n|\n|upkeep\n|turn|11\n|\n|t:|1700528789\n|move|p1a: Ogerpon|Ivy Cudgel|p2a: Amoonguss|[anim] Ivy Cudgel Water\n|-resisted|p2a: Amoonguss\n|-damage|p2a: Amoonguss|57\/100\n|move|p2a: Amoonguss|Spore|p1a: Ogerpon\n|-immune|p1a: Ogerpon\n|\n|upkeep\n|turn|12\n|\n|t:|1700528798\n|move|p1a: Ogerpon|Ivy Cudgel|p2a: Amoonguss|[anim] Ivy Cudgel Water\n|-resisted|p2a: Amoonguss\n|-damage|p2a: Amoonguss|29\/100\n|move|p2a: Amoonguss|Sludge Bomb|p1a: Ogerpon\n|-supereffective|p1a: Ogerpon\n|-damage|p1a: Ogerpon|15\/100\n|\n|upkeep\n|turn|13\n|\n|t:|1700528805\n|switch|p2a: Gholdengo|Gholdengo, tera:Steel|50\/100\n|-activate|p2a: Gholdengo|move: Sticky Web\n|-unboost|p2a: Gholdengo|spe|1\n|move|p1a: Ogerpon|Ivy Cudgel|p2a: Gholdengo|[anim] Ivy Cudgel Water\n|-damage|p2a: Gholdengo|0 fnt\n|faint|p2a: Gholdengo\n|\n|upkeep\n|\n|t:|1700528815\n|switch|p2a: Amoonguss|Amoonguss, F|62\/100\n|-activate|p2a: Amoonguss|move: Sticky Web\n|-unboost|p2a: Amoonguss|spe|1\n|turn|14\n|\n|t:|1700528822\n|move|p1a: Ogerpon|Ivy Cudgel|p2a: Amoonguss|[anim] Ivy Cudgel Water\n|-resisted|p2a: Amoonguss\n|-damage|p2a: Amoonguss|32\/100\n|move|p2a: Amoonguss|Sludge Bomb|p1a: Ogerpon\n|-supereffective|p1a: Ogerpon\n|-damage|p1a: Ogerpon|0 fnt\n|faint|p1a: Ogerpon\n|\n|upkeep\n|\n|t:|1700528833\n|switch|p1a: Kingambit|Kingambit, M|100\/100\n|-activate|p1a: Kingambit|ability: Supreme Overlord\n|-start|p1a: Kingambit|fallen4|[silent]\n|turn|15\n|\n|t:|1700528836\n|move|p1a: Kingambit|Iron Head|p2a: Amoonguss\n|-damage|p2a: Amoonguss|0 fnt\n|-damage|p1a: Kingambit|84\/100|[from] item: Rocky Helmet|[of] p2a: Amoonguss\n|faint|p2a: Amoonguss\n|\n|upkeep\n|\n|t:|1700528839\n|switch|p2a: Dragapult|Dragapult, F|46\/100\n|-activate|p2a: Dragapult|move: Sticky Web\n|-unboost|p2a: Dragapult|spe|1\n|turn|16\n|\n|t:|1700528844\n|move|p1a: Kingambit|Sucker Punch||[still]\n|-fail|p1a: Kingambit\n|move|p2a: Dragapult|Will-O-Wisp|p1a: Kingambit\n|-status|p1a: Kingambit|brn\n|-enditem|p1a: Kingambit|Lum Berry|[eat]\n|-curestatus|p1a: Kingambit|brn|[msg]\n|\n|upkeep\n|turn|17\n|\n|t:|1700528850\n|-end|p1a: Kingambit|fallen4|[silent]\n|switch|p1a: Iron Valiant|Iron Valiant|100\/100\n|move|p2a: Dragapult|Will-O-Wisp|p1a: Iron Valiant|[miss]\n|-miss|p2a: Dragapult|p1a: Iron Valiant\n|\n|upkeep\n|turn|18\n|\n|t:|1700528855\n|move|p1a: Iron Valiant|Moonblast|p2a: Dragapult\n|-supereffective|p2a: Dragapult\n|-damage|p2a: Dragapult|0 fnt\n|faint|p2a: Dragapult\n|\n|upkeep\n|\n|t:|1700528858\n|switch|p2a: Azumarill|Azumarill, M|100\/100\n|-activate|p2a: Azumarill|move: Sticky Web\n|-unboost|p2a: Azumarill|spe|1\n|turn|19\n|\n|t:|1700528867\n|move|p1a: Iron Valiant|Moonblast|p2a: Azumarill\n|-damage|p2a: Azumarill|65\/100\n|move|p2a: Azumarill|Belly Drum|p2a: Azumarill\n|-damage|p2a: Azumarill|15\/100\n|-setboost|p2a: Azumarill|atk|6|[from] move: Belly Drum\n|-enditem|p2a: Azumarill|Sitrus Berry|[eat]\n|-heal|p2a: Azumarill|39\/100|[from] item: Sitrus Berry\n|\n|upkeep\n|turn|20\n|\n|t:|1700528873\n|move|p2a: Azumarill|Aqua Jet|p1a: Iron Valiant\n|-damage|p1a: Iron Valiant|0 fnt\n|faint|p1a: Iron Valiant\n|-end|p1a: Iron Valiant|Quark Drive|[silent]\n|\n|upkeep\n|\n|t:|1700528875\n|switch|p1a: Kingambit|Kingambit, M|84\/100\n|-activate|p1a: Kingambit|ability: Supreme Overlord\n|-start|p1a: Kingambit|fallen5|[silent]\n|turn|21\n|\n|t:|1700528887\n|move|p1a: Kingambit|Sucker Punch|p2a: Azumarill\n|-resisted|p2a: Azumarill\n|-damage|p2a: Azumarill|10\/100\n|move|p2a: Azumarill|Aqua Jet|p1a: Kingambit\n|-damage|p1a: Kingambit|0 fnt\n|faint|p1a: Kingambit\n|-end|p1a: Kingambit|fallen5|[silent]\n|\n|win|quarters_ou\n","uploadtime":1700528892,"views":4,"p1id":"babiwibewey","p2id":"quartersou","formatid":"gen9ou","rating":0,"private":0,"password":""}