{"id":"gen9ou-1995899910","p1":"D'ent42","p2":"HawthorneSouthside","format":"[Gen 9] OU","log":"|j|\u2606D'ent42\n|j|\u2606HawthorneSouthside\n|t:|1700615203\n|gametype|singles\n|player|p1|D'ent42|janitor|1326\n|player|p2|HawthorneSouthside|janitor|1284\n|teamsize|p1|6\n|teamsize|p2|6\n|gen|9\n|tier|[Gen 9] OU\n|rated|\n|rule|Sleep Clause Mod: Limit one foe put to sleep\n|rule|Species Clause: Limit one of each Pok\u00e9mon\n|rule|OHKO Clause: OHKO moves are banned\n|rule|Evasion Items Clause: Evasion items are banned\n|rule|Evasion Moves Clause: Evasion moves are banned\n|rule|Endless Battle Clause: Forcing endless battles is banned\n|rule|HP Percentage Mod: HP is shown in percentages\n|clearpoke\n|poke|p1|Orthworm, M|\n|poke|p1|Dragapult, F|\n|poke|p1|Amoonguss, M|\n|poke|p1|Hariyama, M|\n|poke|p1|Gastrodon, M|\n|poke|p1|Dondozo, M|\n|poke|p2|Rillaboom, F|\n|poke|p2|Ogerpon-Wellspring, F|\n|poke|p2|Zarude|\n|poke|p2|Ceruledge, M|\n|poke|p2|Hawlucha, F|\n|poke|p2|Gholdengo|\n|teampreview\n|inactive|Battle timer is ON: inactive players will automatically lose when time's up. (requested by D'ent42)\n|\n|t:|1700615221\n|start\n|switch|p1a: Gastrodon|Gastrodon, M|100\/100\n|switch|p2a: Rillaboom|Rillaboom, F|100\/100\n|-fieldstart|move: Grassy Terrain|[from] ability: Grassy Surge|[of] p2a: Rillaboom\n|turn|1\n|\n|t:|1700615229\n|switch|p1a: Amoonguss|Amoonguss, M|100\/100\n|move|p2a: Rillaboom|U-turn|p1a: Amoonguss\n|-damage|p1a: Amoonguss|70\/100\n|\n|t:|1700615241\n|switch|p2a: Ceruledge|Ceruledge, M|100\/100|[from] U-turn\n|\n|-heal|p1a: Amoonguss|76\/100|[from] Grassy Terrain\n|-heal|p1a: Amoonguss|82\/100|[from] item: Black Sludge\n|upkeep\n|turn|2\n|\n|t:|1700615249\n|switch|p1a: Gastrodon|Gastrodon, M|100\/100\n|move|p2a: Ceruledge|Substitute|p2a: Ceruledge\n|-start|p2a: Ceruledge|Substitute\n|-damage|p2a: Ceruledge|76\/100\n|\n|-heal|p2a: Ceruledge|82\/100|[from] Grassy Terrain\n|upkeep\n|turn|3\n|inactive|HawthorneSouthside has 120 seconds left.\n|\n|t:|1700615308\n|move|p2a: Ceruledge|Bulk Up|p2a: Ceruledge\n|-boost|p2a: Ceruledge|atk|1\n|-boost|p2a: Ceruledge|def|1\n|move|p1a: Gastrodon|Stealth Rock|p2a: Ceruledge\n|-sidestart|p2: HawthorneSouthside|move: Stealth Rock\n|\n|-heal|p2a: Ceruledge|88\/100|[from] Grassy Terrain\n|upkeep\n|turn|4\n|\n|t:|1700615315\n|move|p2a: Ceruledge|Bulk Up|p2a: Ceruledge\n|-boost|p2a: Ceruledge|atk|1\n|-boost|p2a: Ceruledge|def|1\n|move|p1a: Gastrodon|Earth Power|p2a: Ceruledge\n|-supereffective|p2a: Ceruledge\n|-end|p2a: Ceruledge|Substitute\n|\n|-heal|p2a: Ceruledge|94\/100|[from] Grassy Terrain\n|upkeep\n|turn|5\n|inactive|HawthorneSouthside has 90 seconds left.\n|\n|t:|1700615352\n|switch|p1a: Dondozo|Dondozo, M|100\/100\n|-terastallize|p2a: Ceruledge|Grass\n|move|p2a: Ceruledge|Substitute|p2a: Ceruledge\n|-start|p2a: Ceruledge|Substitute\n|-damage|p2a: Ceruledge|69\/100\n|\n|-heal|p2a: Ceruledge|76\/100|[from] Grassy Terrain\n|-fieldend|move: Grassy Terrain\n|upkeep\n|turn|6\n|\n|t:|1700615362\n|switch|p1a: Dragapult|Dragapult, F|100\/100\n|move|p2a: Ceruledge|Bulk Up|p2a: Ceruledge\n|-boost|p2a: Ceruledge|atk|1\n|-boost|p2a: Ceruledge|def|1\n|\n|upkeep\n|turn|7\n|\n|t:|1700615367\n|move|p2a: Ceruledge|Shadow Sneak|p1a: Dragapult\n|-supereffective|p1a: Dragapult\n|-damage|p1a: Dragapult|0 fnt\n|faint|p1a: Dragapult\n|\n|upkeep\n|\n|t:|1700615374\n|switch|p1a: Hariyama|Hariyama, M|100\/100\n|turn|8\n|\n|t:|1700615377\n|move|p2a: Ceruledge|Bitter Blade|p1a: Hariyama\n|-damage|p1a: Hariyama|0 fnt\n|-heal|p2a: Ceruledge|100\/100|[from] drain|[of] p1a: Hariyama\n|faint|p1a: Hariyama\n|\n|upkeep\n|\n|t:|1700615386\n|switch|p1a: Dondozo|Dondozo, M|100\/100\n|turn|9\n|\n|t:|1700615390\n|move|p2a: Ceruledge|Bitter Blade|p1a: Dondozo\n|-resisted|p1a: Dondozo\n|-damage|p1a: Dondozo|88\/100\n|move|p1a: Dondozo|Body Press|p2a: Ceruledge\n|-end|p2a: Ceruledge|Substitute\n|\n|-heal|p1a: Dondozo|94\/100|[from] item: Leftovers\n|upkeep\n|turn|10\n|\n|t:|1700615401\n|move|p2a: Ceruledge|Shadow Sneak|p1a: Dondozo\n|-damage|p1a: Dondozo|83\/100\n|move|p1a: Dondozo|Body Press|p2a: Ceruledge\n|-damage|p2a: Ceruledge|72\/100\n|\n|-heal|p1a: Dondozo|90\/100|[from] item: Leftovers\n|upkeep\n|turn|11\n|\n|t:|1700615409\n|move|p2a: Ceruledge|Bitter Blade|p1a: Dondozo\n|-resisted|p1a: Dondozo\n|-damage|p1a: Dondozo|78\/100\n|-heal|p2a: Ceruledge|80\/100|[from] drain|[of] p1a: Dondozo\n|move|p1a: Dondozo|Curse|p1a: Dondozo\n|-unboost|p1a: Dondozo|spe|1\n|-boost|p1a: Dondozo|atk|1\n|-boost|p1a: Dondozo|def|1\n|\n|-heal|p1a: Dondozo|84\/100|[from] item: Leftovers\n|upkeep\n|turn|12\n|\n|t:|1700615419\n|move|p2a: Ceruledge|Substitute|p2a: Ceruledge\n|-start|p2a: Ceruledge|Substitute\n|-damage|p2a: Ceruledge|55\/100\n|move|p1a: Dondozo|Body Press|p2a: Ceruledge\n|-end|p2a: Ceruledge|Substitute\n|\n|-heal|p1a: Dondozo|90\/100|[from] item: Leftovers\n|upkeep\n|turn|13\n|\n|t:|1700615428\n|move|p2a: Ceruledge|Bitter Blade|p1a: Dondozo\n|-resisted|p1a: Dondozo\n|-damage|p1a: Dondozo|83\/100\n|-heal|p2a: Ceruledge|61\/100|[from] drain|[of] p1a: Dondozo\n|move|p1a: Dondozo|Curse|p1a: Dondozo\n|-unboost|p1a: Dondozo|spe|1\n|-boost|p1a: Dondozo|atk|1\n|-boost|p1a: Dondozo|def|1\n|\n|-heal|p1a: Dondozo|89\/100|[from] item: Leftovers\n|upkeep\n|turn|14\n|\n|t:|1700615438\n|move|p2a: Ceruledge|Substitute|p2a: Ceruledge\n|-start|p2a: Ceruledge|Substitute\n|-damage|p2a: Ceruledge|36\/100\n|move|p1a: Dondozo|Body Press|p2a: Ceruledge\n|-end|p2a: Ceruledge|Substitute\n|\n|-heal|p1a: Dondozo|95\/100|[from] item: Leftovers\n|upkeep\n|turn|15\n|\n|t:|1700615446\n|move|p2a: Ceruledge|Substitute|p2a: Ceruledge\n|-start|p2a: Ceruledge|Substitute\n|-damage|p2a: Ceruledge|11\/100\n|move|p1a: Dondozo|Curse|p1a: Dondozo\n|-unboost|p1a: Dondozo|spe|1\n|-boost|p1a: Dondozo|atk|1\n|-boost|p1a: Dondozo|def|1\n|\n|-heal|p1a: Dondozo|100\/100|[from] item: Leftovers\n|upkeep\n|turn|16\n|\n|t:|1700615453\n|move|p2a: Ceruledge|Bitter Blade|p1a: Dondozo\n|-resisted|p1a: Dondozo\n|-crit|p1a: Dondozo\n|-damage|p1a: Dondozo|85\/100\n|-heal|p2a: Ceruledge|21\/100|[from] drain|[of] p1a: Dondozo\n|move|p1a: Dondozo|Curse|p1a: Dondozo\n|-unboost|p1a: Dondozo|spe|1\n|-boost|p1a: Dondozo|atk|1\n|-boost|p1a: Dondozo|def|1\n|\n|-heal|p1a: Dondozo|91\/100|[from] item: Leftovers\n|upkeep\n|turn|17\n|\n|t:|1700615463\n|move|p2a: Ceruledge|Bitter Blade|p1a: Dondozo\n|-resisted|p1a: Dondozo\n|-damage|p1a: Dondozo|87\/100\n|-heal|p2a: Ceruledge|24\/100|[from] drain|[of] p1a: Dondozo\n|move|p1a: Dondozo|Body Press|p2a: Ceruledge\n|-end|p2a: Ceruledge|Substitute\n|\n|-heal|p1a: Dondozo|93\/100|[from] item: Leftovers\n|upkeep\n|turn|18\n|\n|t:|1700615472\n|move|p2a: Ceruledge|Bitter Blade|p1a: Dondozo\n|-resisted|p1a: Dondozo\n|-damage|p1a: Dondozo|90\/100\n|-heal|p2a: Ceruledge|27\/100|[from] drain|[of] p1a: Dondozo\n|move|p1a: Dondozo|Liquidation|p2a: Ceruledge\n|-resisted|p2a: Ceruledge\n|-damage|p2a: Ceruledge|0 fnt\n|faint|p2a: Ceruledge\n|\n|-heal|p1a: Dondozo|96\/100|[from] item: Leftovers\n|upkeep\n|\n|t:|1700615486\n|switch|p2a: Rillaboom|Rillaboom, F|100\/100\n|-damage|p2a: Rillaboom|88\/100|[from] Stealth Rock\n|-fieldstart|move: Grassy Terrain|[from] ability: Grassy Surge|[of] p2a: Rillaboom\n|turn|19\n|\n|t:|1700615496\n|move|p2a: Rillaboom|Wood Hammer|p1a: Dondozo\n|-supereffective|p1a: Dondozo\n|-crit|p1a: Dondozo\n|-damage|p1a: Dondozo|0 fnt\n|faint|p1a: Dondozo\n|-damage|p2a: Rillaboom|43\/100|[from] Recoil\n|\n|-heal|p2a: Rillaboom|49\/100|[from] Grassy Terrain\n|upkeep\n|c|\u2606HawthorneSouthside|wow\n|c|\u2606HawthorneSouthside|sorry\n|\n|t:|1700615504\n|switch|p1a: Amoonguss|Amoonguss, M|100\/100\n|turn|20\n|c|\u2606D'ent42|it happens\n|\n|t:|1700615512\n|switch|p2a: Gholdengo|Gholdengo|100\/100\n|-damage|p2a: Gholdengo|94\/100|[from] Stealth Rock\n|move|p1a: Amoonguss|Sludge Bomb|p2a: Gholdengo\n|-immune|p2a: Gholdengo\n|\n|-heal|p2a: Gholdengo|100\/100|[from] Grassy Terrain\n|upkeep\n|turn|21\n|\n|t:|1700615523\n|switch|p1a: Gastrodon|Gastrodon, M|100\/100\n|move|p2a: Gholdengo|Nasty Plot|p2a: Gholdengo\n|-boost|p2a: Gholdengo|spa|2\n|\n|upkeep\n|turn|22\n|\n|t:|1700615528\n|move|p2a: Gholdengo|Shadow Ball|p1a: Gastrodon\n|-damage|p1a: Gastrodon|52\/100\n|move|p1a: Gastrodon|Earth Power|p2a: Gholdengo\n|-supereffective|p2a: Gholdengo\n|-damage|p2a: Gholdengo|41\/100\n|\n|-heal|p2a: Gholdengo|47\/100|[from] Grassy Terrain\n|-heal|p1a: Gastrodon|58\/100|[from] Grassy Terrain\n|-heal|p1a: Gastrodon|65\/100|[from] item: Leftovers\n|upkeep\n|turn|23\n|\n|t:|1700615540\n|switch|p2a: Hawlucha|Hawlucha, F|100\/100\n|-damage|p2a: Hawlucha|88\/100|[from] Stealth Rock\n|-enditem|p2a: Hawlucha|Grassy Seed\n|-boost|p2a: Hawlucha|def|1|[from] item: Grassy Seed\n|move|p1a: Gastrodon|Earth Power|p2a: Hawlucha\n|-immune|p2a: Hawlucha\n|\n|-heal|p1a: Gastrodon|71\/100|[from] Grassy Terrain\n|-heal|p1a: Gastrodon|77\/100|[from] item: Leftovers\n|-fieldend|move: Grassy Terrain\n|upkeep\n|turn|24\n|\n|t:|1700615550\n|move|p2a: Hawlucha|Acrobatics|p1a: Gastrodon\n|-damage|p1a: Gastrodon|22\/100\n|move|p1a: Gastrodon|Ice Beam|p2a: Hawlucha\n|-supereffective|p2a: Hawlucha\n|-crit|p2a: Hawlucha\n|-damage|p2a: Hawlucha|0 fnt\n|faint|p2a: Hawlucha\n|\n|-heal|p1a: Gastrodon|28\/100|[from] item: Leftovers\n|upkeep\n|\n|t:|1700615556\n|switch|p2a: Rillaboom|Rillaboom, F|49\/100\n|-damage|p2a: Rillaboom|37\/100|[from] Stealth Rock\n|-fieldstart|move: Grassy Terrain|[from] ability: Grassy Surge|[of] p2a: Rillaboom\n|turn|25\n|\n|t:|1700615562\n|switch|p1a: Amoonguss|Amoonguss, M|100\/100\n|move|p2a: Rillaboom|Knock Off|p1a: Amoonguss\n|-damage|p1a: Amoonguss|63\/100\n|-enditem|p1a: Amoonguss|Black Sludge|[from] move: Knock Off|[of] p2a: Rillaboom\n|\n|-heal|p2a: Rillaboom|43\/100|[from] Grassy Terrain\n|-heal|p1a: Amoonguss|69\/100|[from] Grassy Terrain\n|upkeep\n|turn|26\n|\n|t:|1700615571\n|switch|p2a: Gholdengo|Gholdengo|47\/100\n|-damage|p2a: Gholdengo|41\/100|[from] Stealth Rock\n|switch|p1a: Gastrodon|Gastrodon, M|28\/100\n|\n|-heal|p2a: Gholdengo|47\/100|[from] Grassy Terrain\n|-heal|p1a: Gastrodon|35\/100|[from] Grassy Terrain\n|-heal|p1a: Gastrodon|41\/100|[from] item: Leftovers\n|upkeep\n|turn|27\n|\n|t:|1700615594\n|switch|p2a: Zarude|Zarude|100\/100\n|-damage|p2a: Zarude|88\/100|[from] Stealth Rock\n|move|p1a: Gastrodon|Earth Power|p2a: Zarude\n|-resisted|p2a: Zarude\n|-damage|p2a: Zarude|74\/100\n|\n|-heal|p2a: Zarude|80\/100|[from] Grassy Terrain\n|-heal|p1a: Gastrodon|47\/100|[from] Grassy Terrain\n|-heal|p1a: Gastrodon|53\/100|[from] item: Leftovers\n|upkeep\n|turn|28\n|\n|t:|1700615604\n|switch|p1a: Orthworm|Orthworm, M|100\/100\n|move|p2a: Zarude|Trailblaze|p1a: Orthworm\n|-resisted|p1a: Orthworm\n|-damage|p1a: Orthworm|89\/100\n|-boost|p2a: Zarude|spe|1\n|-damage|p2a: Zarude|70\/100|[from] item: Life Orb\n|\n|-heal|p2a: Zarude|76\/100|[from] Grassy Terrain\n|-heal|p1a: Orthworm|95\/100|[from] Grassy Terrain\n|-heal|p1a: Orthworm|100\/100|[from] item: Leftovers\n|upkeep\n|turn|29\n|\n|t:|1700615617\n|move|p2a: Zarude|Knock Off|p1a: Orthworm\n|-damage|p1a: Orthworm|69\/100\n|-enditem|p1a: Orthworm|Leftovers|[from] move: Knock Off|[of] p2a: Zarude\n|-damage|p2a: Zarude|66\/100|[from] item: Life Orb\n|move|p1a: Orthworm|Spikes|p2a: Zarude\n|-sidestart|p2: HawthorneSouthside|Spikes\n|\n|-heal|p2a: Zarude|72\/100|[from] Grassy Terrain\n|-heal|p1a: Orthworm|75\/100|[from] Grassy Terrain\n|-fieldend|move: Grassy Terrain\n|upkeep\n|turn|30\n|\n|t:|1700615626\n|move|p2a: Zarude|Swords Dance|p2a: Zarude\n|-boost|p2a: Zarude|atk|2\n|move|p1a: Orthworm|Spikes|p2a: Zarude\n|-sidestart|p2: HawthorneSouthside|Spikes\n|\n|upkeep\n|turn|31\n|\n|t:|1700615631\n|move|p2a: Zarude|Drain Punch|p1a: Orthworm\n|-supereffective|p1a: Orthworm\n|-damage|p1a: Orthworm|8\/100\n|-heal|p2a: Zarude|100\/100|[from] drain|[of] p1a: Orthworm\n|-damage|p2a: Zarude|91\/100|[from] item: Life Orb\n|move|p1a: Orthworm|Body Press|p2a: Zarude\n|-supereffective|p2a: Zarude\n|-damage|p2a: Zarude|31\/100\n|\n|upkeep\n|turn|32\n|\n|t:|1700615641\n|move|p2a: Zarude|Knock Off|p1a: Orthworm\n|-damage|p1a: Orthworm|0 fnt\n|faint|p1a: Orthworm\n|-damage|p2a: Zarude|21\/100|[from] item: Life Orb\n|\n|upkeep\n|\n|t:|1700615646\n|switch|p1a: Amoonguss|Amoonguss, M|100\/100\n|turn|33\n|\n|t:|1700615649\n|move|p2a: Zarude|Knock Off|p1a: Amoonguss\n|-damage|p1a: Amoonguss|37\/100\n|-damage|p2a: Zarude|11\/100|[from] item: Life Orb\n|move|p1a: Amoonguss|Sludge Bomb|p2a: Zarude\n|-supereffective|p2a: Zarude\n|-damage|p2a: Zarude|0 fnt\n|faint|p2a: Zarude\n|\n|upkeep\n|\n|t:|1700615653\n|switch|p2a: Gholdengo|Gholdengo|47\/100\n|-damage|p2a: Gholdengo|41\/100|[from] Stealth Rock\n|-damage|p2a: Gholdengo|25\/100|[from] Spikes\n|turn|34\n|\n|t:|1700615660\n|switch|p1a: Gastrodon|Gastrodon, M|53\/100\n|move|p2a: Gholdengo|Recover|p2a: Gholdengo\n|-heal|p2a: Gholdengo|75\/100\n|\n|-heal|p1a: Gastrodon|59\/100|[from] item: Leftovers\n|upkeep\n|turn|35\n|\n|t:|1700615674\n|switch|p2a: Rillaboom|Rillaboom, F|43\/100\n|-damage|p2a: Rillaboom|30\/100|[from] Stealth Rock\n|-damage|p2a: Rillaboom|14\/100|[from] Spikes\n|-fieldstart|move: Grassy Terrain|[from] ability: Grassy Surge|[of] p2a: Rillaboom\n|move|p1a: Gastrodon|Recover|p1a: Gastrodon\n|-heal|p1a: Gastrodon|100\/100\n|\n|-heal|p2a: Rillaboom|20\/100|[from] Grassy Terrain\n|upkeep\n|turn|36\n|\n|t:|1700615686\n|switch|p1a: Amoonguss|Amoonguss, M|70\/100\n|move|p2a: Rillaboom|Wood Hammer|p1a: Amoonguss\n|-resisted|p1a: Amoonguss\n|-damage|p1a: Amoonguss|47\/100\n|-damage|p2a: Rillaboom|10\/100|[from] Recoil\n|\n|-heal|p2a: Rillaboom|17\/100|[from] Grassy Terrain\n|-heal|p1a: Amoonguss|54\/100|[from] Grassy Terrain\n|upkeep\n|turn|37\n|\n|t:|1700615696\n|move|p2a: Rillaboom|Wood Hammer|p1a: Amoonguss\n|-resisted|p1a: Amoonguss\n|-damage|p1a: Amoonguss|30\/100\n|-damage|p2a: Rillaboom|7\/100|[from] Recoil\n|move|p1a: Amoonguss|Giga Drain|p2a: Rillaboom\n|-resisted|p2a: Rillaboom\n|-damage|p2a: Rillaboom|0 fnt\n|-heal|p1a: Amoonguss|33\/100|[from] drain|[of] p2a: Rillaboom\n|faint|p2a: Rillaboom\n|\n|-heal|p1a: Amoonguss|39\/100|[from] Grassy Terrain\n|upkeep\n|\n|t:|1700615701\n|switch|p2a: Gholdengo|Gholdengo|75\/100\n|-damage|p2a: Gholdengo|68\/100|[from] Stealth Rock\n|-damage|p2a: Gholdengo|52\/100|[from] Spikes\n|turn|38\n|\n|t:|1700615711\n|switch|p2a: Ogerpon|Ogerpon-Wellspring, F|100\/100\n|-damage|p2a: Ogerpon|88\/100|[from] Stealth Rock\n|-damage|p2a: Ogerpon|72\/100|[from] Spikes\n|switch|p1a: Gastrodon|Gastrodon, M|100\/100\n|\n|-heal|p2a: Ogerpon|78\/100|[from] Grassy Terrain\n|upkeep\n|turn|39\n|\n|t:|1700615719\n|switch|p1a: Amoonguss|Amoonguss, M|72\/100\n|move|p2a: Ogerpon|Substitute|p2a: Ogerpon\n|-start|p2a: Ogerpon|Substitute\n|-damage|p2a: Ogerpon|53\/100\n|\n|-heal|p2a: Ogerpon|59\/100|[from] Grassy Terrain\n|-heal|p1a: Amoonguss|79\/100|[from] Grassy Terrain\n|-fieldend|move: Grassy Terrain\n|upkeep\n|turn|40\n|\n|t:|1700615727\n|move|p2a: Ogerpon|Swords Dance|p2a: Ogerpon\n|-boost|p2a: Ogerpon|atk|2\n|move|p1a: Amoonguss|Sludge Bomb|p2a: Ogerpon\n|-supereffective|p2a: Ogerpon\n|-end|p2a: Ogerpon|Substitute\n|\n|upkeep\n|turn|41\n|\n|t:|1700615733\n|move|p2a: Ogerpon|Ivy Cudgel|p1a: Amoonguss|[anim] Ivy Cudgel Water\n|-resisted|p1a: Amoonguss\n|-damage|p1a: Amoonguss|35\/100\n|move|p1a: Amoonguss|Sludge Bomb|p2a: Ogerpon\n|-supereffective|p2a: Ogerpon\n|-damage|p2a: Ogerpon|0 fnt\n|faint|p2a: Ogerpon\n|\n|upkeep\n|\n|t:|1700615736\n|switch|p2a: Gholdengo|Gholdengo|52\/100\n|-damage|p2a: Gholdengo|46\/100|[from] Stealth Rock\n|-damage|p2a: Gholdengo|29\/100|[from] Spikes\n|turn|42\n|\n|t:|1700615748\n|switch|p1a: Gastrodon|Gastrodon, M|100\/100\n|move|p2a: Gholdengo|Nasty Plot|p2a: Gholdengo\n|-boost|p2a: Gholdengo|spa|2\n|\n|upkeep\n|turn|43\n|\n|t:|1700615753\n|move|p2a: Gholdengo|Recover|p2a: Gholdengo\n|-heal|p2a: Gholdengo|79\/100\n|move|p1a: Gastrodon|Earth Power|p2a: Gholdengo\n|-supereffective|p2a: Gholdengo\n|-damage|p2a: Gholdengo|25\/100\n|\n|upkeep\n|turn|44\n|\n|t:|1700615760\n|move|p2a: Gholdengo|Recover|p2a: Gholdengo\n|-heal|p2a: Gholdengo|75\/100\n|move|p1a: Gastrodon|Earth Power|p2a: Gholdengo\n|-supereffective|p2a: Gholdengo\n|-damage|p2a: Gholdengo|20\/100\n|\n|upkeep\n|turn|45\n|c|\u2606HawthorneSouthside|gg!\n|\n|t:|1700615765\n|move|p2a: Gholdengo|Shadow Ball|p1a: Gastrodon\n|-damage|p1a: Gastrodon|56\/100\n|move|p1a: Gastrodon|Earth Power|p2a: Gholdengo\n|-supereffective|p2a: Gholdengo\n|-damage|p2a: Gholdengo|0 fnt\n|faint|p2a: Gholdengo\n|\n|win|D'ent42\n|raw|D&apos;ent42's rating: 1326 &rarr; <strong>1344<\/strong><br \/>(+18 for winning)\n|raw|HawthorneSouthside's rating: 1284 &rarr; <strong>1262<\/strong><br \/>(-22 for losing)\n|c|\u2606D'ent42|gg\n","uploadtime":1700615771,"views":6,"p1id":"dent42","p2id":"hawthornesouthside","formatid":"gen9ou","rating":1262,"private":0,"password":""}