{"id":"gen9ou-1990971185","p1":"DingasWaffle","p2":"PeterGriffinOnline","format":"[Gen 9] OU","log":"|j|\u2606DingasWaffle\n|j|\u2606PeterGriffinOnline\n|t:|1700021510\n|gametype|singles\n|player|p1|DingasWaffle|2|1232\n|player|p2|PeterGriffinOnline|boarder|1249\n|teamsize|p1|6\n|teamsize|p2|6\n|gen|9\n|tier|[Gen 9] OU\n|rated|\n|rule|Sleep Clause Mod: Limit one foe put to sleep\n|rule|Species Clause: Limit one of each Pok\u00e9mon\n|rule|OHKO Clause: OHKO moves are banned\n|rule|Evasion Items Clause: Evasion items are banned\n|rule|Evasion Moves Clause: Evasion moves are banned\n|rule|Endless Battle Clause: Forcing endless battles is banned\n|rule|HP Percentage Mod: HP is shown in percentages\n|clearpoke\n|poke|p1|Iron Moth|\n|poke|p1|Tauros-Paldea-Aqua, M|\n|poke|p1|Ogerpon-Wellspring, F|\n|poke|p1|Iron Treads|\n|poke|p1|Zapdos|\n|poke|p1|Glimmora, M|\n|poke|p2|Rillaboom, M|\n|poke|p2|Greninja-*, M|\n|poke|p2|Sneasler, M|\n|poke|p2|Slowking-Galar, M|\n|poke|p2|Heatran, F|\n|poke|p2|Great Tusk|\n|teampreview\n|\n|t:|1700021521\n|start\n|switch|p1a: Glimmora|Glimmora, M|100\/100\n|switch|p2a: Slowking|Slowking-Galar, M|100\/100\n|turn|1\n|\n|t:|1700021538\n|move|p1a: Glimmora|Spikes|p2a: Slowking\n|-sidestart|p2: PeterGriffinOnline|Spikes\n|move|p2a: Slowking|Future Sight|p1a: Glimmora\n|-start|p2a: Slowking|move: Future Sight\n|\n|upkeep\n|turn|2\n|\n|t:|1700021545\n|move|p1a: Glimmora|Spikes|p2a: Slowking\n|-sidestart|p2: PeterGriffinOnline|Spikes\n|move|p2a: Slowking|Flamethrower|p1a: Glimmora\n|-resisted|p1a: Glimmora\n|-damage|p1a: Glimmora|84\/100\n|-status|p1a: Glimmora|brn\n|\n|-damage|p1a: Glimmora|77\/100 brn|[from] brn\n|upkeep\n|turn|3\n|\n|t:|1700021559\n|move|p1a: Glimmora|Spikes|p2a: Slowking\n|-sidestart|p2: PeterGriffinOnline|Spikes\n|move|p2a: Slowking|Sludge Bomb|p1a: Glimmora\n|-resisted|p1a: Glimmora\n|-damage|p1a: Glimmora|63\/100 brn\n|\n|-end|p1a: Glimmora|move: Future Sight\n|-supereffective|p1a: Glimmora\n|-damage|p1a: Glimmora|0 fnt\n|faint|p1a: Glimmora\n|upkeep\n|\n|t:|1700021572\n|switch|p1a: Iron Treads|Iron Treads|100\/100\n|turn|4\n|\n|t:|1700021578\n|move|p1a: Iron Treads|Earthquake|p2a: Slowking\n|-supereffective|p2a: Slowking\n|-damage|p2a: Slowking|0 fnt\n|faint|p2a: Slowking\n|\n|upkeep\n|\n|t:|1700021582\n|switch|p2a: Great Tusk|Great Tusk|100\/100\n|-damage|p2a: Great Tusk|76\/100|[from] Spikes\n|-enditem|p2a: Great Tusk|Booster Energy\n|-activate|p2a: Great Tusk|ability: Protosynthesis|[fromitem]\n|-start|p2a: Great Tusk|protosynthesisspe\n|turn|5\n|\n|t:|1700021595\n|-end|p1a: Iron Treads|Quark Drive|[silent]\n|switch|p1a: Zapdos|Zapdos|100\/100\n|move|p2a: Great Tusk|Rapid Spin|p1a: Zapdos\n|-damage|p1a: Zapdos|82\/100\n|-boost|p2a: Great Tusk|spe|1\n|-sideend|p2: PeterGriffinOnline|Spikes|[from] move: Rapid Spin|[of] p2a: Great Tusk\n|\n|upkeep\n|turn|6\n|\n|t:|1700021604\n|-terastallize|p2a: Great Tusk|Poison\n|move|p2a: Great Tusk|Bulk Up|p2a: Great Tusk\n|-boost|p2a: Great Tusk|atk|1\n|-boost|p2a: Great Tusk|def|1\n|move|p1a: Zapdos|Hurricane|p2a: Great Tusk\n|-damage|p2a: Great Tusk|0 fnt\n|faint|p2a: Great Tusk\n|-end|p2a: Great Tusk|Protosynthesis|[silent]\n|\n|upkeep\n|\n|t:|1700021608\n|switch|p2a: Heatran|Heatran, F, shiny|100\/100\n|turn|7\n|\n|t:|1700021617\n|switch|p1a: Tauros|Tauros-Paldea-Aqua, M|100\/100\n|-ability|p1a: Tauros|Intimidate|boost\n|-unboost|p2a: Heatran|atk|1\n|move|p2a: Heatran|Earth Power|p1a: Tauros\n|-damage|p1a: Tauros|51\/100\n|\n|-heal|p1a: Tauros|57\/100|[from] item: Leftovers\n|upkeep\n|turn|8\n|\n|t:|1700021635\n|switch|p2a: Rillaboom|Rillaboom, M|100\/100\n|-fieldstart|move: Grassy Terrain|[from] ability: Grassy Surge|[of] p2a: Rillaboom\n|move|p1a: Tauros|Earthquake|p2a: Rillaboom\n|-resisted|p2a: Rillaboom\n|-damage|p2a: Rillaboom|93\/100\n|\n|-heal|p1a: Tauros|63\/100|[from] Grassy Terrain\n|-heal|p1a: Tauros|69\/100|[from] item: Leftovers\n|-heal|p2a: Rillaboom|99\/100|[from] Grassy Terrain\n|upkeep\n|turn|9\n|\n|t:|1700021658\n|switch|p1a: Zapdos|Zapdos|82\/100\n|move|p2a: Rillaboom|Knock Off|p1a: Zapdos\n|-damage|p1a: Zapdos|41\/100\n|-enditem|p1a: Zapdos|Choice Scarf|[from] move: Knock Off|[of] p2a: Rillaboom\n|\n|-heal|p2a: Rillaboom|100\/100|[from] Grassy Terrain\n|upkeep\n|turn|10\n|\n|t:|1700021669\n|switch|p2a: Heatran|Heatran, F, shiny|100\/100\n|move|p1a: Zapdos|Volt Switch|p2a: Heatran\n|-damage|p2a: Heatran|65\/100\n|\n|t:|1700021675\n|switch|p1a: Tauros|Tauros-Paldea-Aqua, M|69\/100|[from] Volt Switch\n|-ability|p1a: Tauros|Intimidate|boost\n|-unboost|p2a: Heatran|atk|1\n|\n|-heal|p1a: Tauros|75\/100|[from] Grassy Terrain\n|-heal|p1a: Tauros|82\/100|[from] item: Leftovers\n|-heal|p2a: Heatran|71\/100|[from] Grassy Terrain\n|upkeep\n|turn|11\n|\n|t:|1700021685\n|switch|p2a: Sneasler|Sneasler, M, shiny|100\/100\n|-enditem|p2a: Sneasler|Grassy Seed\n|-boost|p2a: Sneasler|def|1|[from] item: Grassy Seed\n|move|p1a: Tauros|Close Combat|p2a: Sneasler\n|-resisted|p2a: Sneasler\n|-damage|p2a: Sneasler|73\/100\n|-unboost|p1a: Tauros|def|1\n|-unboost|p1a: Tauros|spd|1\n|\n|-heal|p2a: Sneasler|79\/100|[from] Grassy Terrain\n|-heal|p1a: Tauros|88\/100|[from] Grassy Terrain\n|-heal|p1a: Tauros|94\/100|[from] item: Leftovers\n|upkeep\n|turn|12\n|\n|t:|1700021708\n|switch|p1a: Ogerpon|Ogerpon-Wellspring, F|100\/100\n|move|p2a: Sneasler|Swords Dance|p2a: Sneasler\n|-boost|p2a: Sneasler|atk|2\n|\n|-heal|p2a: Sneasler|85\/100|[from] Grassy Terrain\n|-fieldend|move: Grassy Terrain\n|upkeep\n|turn|13\n|\n|t:|1700021728\n|move|p2a: Sneasler|Close Combat|p1a: Ogerpon\n|-damage|p1a: Ogerpon|0 fnt\n|-unboost|p2a: Sneasler|def|1\n|-unboost|p2a: Sneasler|spd|1\n|faint|p1a: Ogerpon\n|\n|upkeep\n|\n|t:|1700021744\n|switch|p1a: Iron Moth|Iron Moth|100\/100\n|turn|14\n|\n|t:|1700021749\n|move|p2a: Sneasler|Close Combat|p1a: Iron Moth\n|-resisted|p1a: Iron Moth\n|-damage|p1a: Iron Moth|0 fnt\n|-unboost|p2a: Sneasler|def|1\n|-unboost|p2a: Sneasler|spd|1\n|faint|p1a: Iron Moth\n|-end|p1a: Iron Moth|Quark Drive|[silent]\n|\n|upkeep\n|l|\u2606DingasWaffle\n|player|p1|\n|inactive|Battle timer is ON: inactive players will automatically lose when time's up. (requested by PeterGriffinOnline)\n|inactive|DingasWaffle has 30 seconds to reconnect!\n|inactive|DingasWaffle has 20 seconds to reconnect!\n|inactive|DingasWaffle has 15 seconds to reconnect!\n|inactive|DingasWaffle has 10 seconds to reconnect!\n|inactive|DingasWaffle has 5 seconds to reconnect!\n|-message|DingasWaffle lost due to inactivity.\n|\n|win|PeterGriffinOnline\n|raw|DingasWaffle's rating: 1232 &rarr; <strong>1208<\/strong><br \/>(-24 for losing)\n|raw|PeterGriffinOnline's rating: 1249 &rarr; <strong>1273<\/strong><br \/>(+24 for winning)\n","uploadtime":1700021837,"views":6,"p1id":"dingaswaffle","p2id":"petergriffinonline","formatid":"gen9ou","rating":1208,"private":0,"password":""}