{"id":"gen9ou-1997224474","p1":"Pokemonmasterty","p2":"braker89","format":"[Gen 9] OU","log":"|j|\u2606Pokemonmasterty\n|j|\u2606braker89\n|t:|1700777472\n|gametype|singles\n|player|p1|Pokemonmasterty|169|1171\n|player|p2|braker89|musician|1171\n|teamsize|p1|6\n|teamsize|p2|6\n|gen|9\n|tier|[Gen 9] OU\n|rated|\n|rule|Sleep Clause Mod: Limit one foe put to sleep\n|rule|Species Clause: Limit one of each Pok\u00e9mon\n|rule|OHKO Clause: OHKO moves are banned\n|rule|Evasion Items Clause: Evasion items are banned\n|rule|Evasion Moves Clause: Evasion moves are banned\n|rule|Endless Battle Clause: Forcing endless battles is banned\n|rule|HP Percentage Mod: HP is shown in percentages\n|clearpoke\n|poke|p1|Lokix, F|\n|poke|p1|Tauros-Paldea-Blaze, M|\n|poke|p1|Raichu-Alola, F|\n|poke|p1|Salamence, M|\n|poke|p1|Iron Treads|\n|poke|p1|Enamorus, F|\n|poke|p2|Gholdengo|\n|poke|p2|Cinderace, F|\n|poke|p2|Dondozo, M|\n|poke|p2|Corviknight, F|\n|poke|p2|Garchomp, F|\n|poke|p2|Amoonguss, M|\n|teampreview\n|\n|t:|1700777511\n|start\n|switch|p1a: Salamence|Salamence, M|100\/100\n|switch|p2a: Corviknight|Corviknight, F|100\/100\n|-ability|p1a: Salamence|Intimidate|boost\n|-unboost|p2a: Corviknight|atk|1\n|-ability|p2a: Corviknight|Pressure\n|turn|1\n|\n|t:|1700777523\n|switch|p1a: Tauros|Tauros-Paldea-Blaze, M|100\/100\n|-ability|p1a: Tauros|Intimidate|boost\n|-unboost|p2a: Corviknight|atk|1\n|move|p2a: Corviknight|U-turn|p1a: Tauros\n|-resisted|p1a: Tauros\n|-damage|p1a: Tauros|98\/100\n|\n|t:|1700777536\n|switch|p2a: Garchomp|Garchomp, F|100\/100|[from] U-turn\n|\n|upkeep\n|turn|2\n|\n|t:|1700777546\n|switch|p1a: Enamorus|Enamorus, F|100\/100\n|move|p2a: Garchomp|Stealth Rock|p1a: Enamorus\n|-sidestart|p1: Pokemonmasterty|move: Stealth Rock\n|\n|upkeep\n|turn|3\n|\n|t:|1700777556\n|switch|p2a: Gholdengo|Gholdengo|100\/100\n|move|p1a: Enamorus|Tailwind|p1a: Enamorus\n|-sidestart|p1: Pokemonmasterty|move: Tailwind\n|\n|upkeep\n|turn|4\n|\n|t:|1700777560\n|switch|p2a: Garchomp|Garchomp, F|100\/100\n|move|p1a: Enamorus|Mystical Fire|p2a: Garchomp\n|-resisted|p2a: Garchomp\n|-damage|p2a: Garchomp|88\/100\n|-unboost|p2a: Garchomp|spa|1\n|\n|upkeep\n|turn|5\n|\n|t:|1700777577\n|switch|p2a: Dondozo|Dondozo, M|100\/100\n|move|p1a: Enamorus|Springtide Storm|p2a: Dondozo\n|-damage|p2a: Dondozo|65\/100\n|\n|upkeep\n|turn|6\n|\n|t:|1700777590\n|switch|p1a: Raichu|Raichu-Alola, F|100\/100\n|-damage|p1a: Raichu|88\/100|[from] Stealth Rock\n|move|p2a: Dondozo|Liquidation|p1a: Raichu\n|-damage|p1a: Raichu|27\/100\n|\n|-sideend|p1: Pokemonmasterty|move: Tailwind\n|upkeep\n|turn|7\n|\n|t:|1700777601\n|-terastallize|p2a: Dondozo|Grass\n|move|p1a: Raichu|Draining Kiss|p2a: Dondozo\n|-damage|p2a: Dondozo|54\/100\n|-heal|p1a: Raichu|42\/100|[from] drain|[of] p2a: Dondozo\n|-damage|p1a: Raichu|26\/100|[from] item: Rocky Helmet|[of] p2a: Dondozo\n|move|p2a: Dondozo|Liquidation|p1a: Raichu\n|-damage|p1a: Raichu|0 fnt\n|faint|p1a: Raichu\n|\n|upkeep\n|\n|t:|1700777608\n|switch|p1a: Tauros|Tauros-Paldea-Blaze, M|98\/100\n|-ability|p1a: Tauros|Intimidate|boost\n|-unboost|p2a: Dondozo|atk|1\n|turn|8\n|\n|t:|1700777617\n|switch|p2a: Garchomp|Garchomp, F|88\/100\n|move|p1a: Tauros|Trailblaze|p2a: Garchomp\n|-damage|p2a: Garchomp|75\/100\n|-boost|p1a: Tauros|spe|1\n|-damage|p1a: Tauros|86\/100|[from] ability: Rough Skin|[of] p2a: Garchomp\n|-damage|p1a: Tauros|70\/100|[from] item: Rocky Helmet|[of] p2a: Garchomp\n|\n|upkeep\n|turn|9\n|\n|t:|1700777630\n|switch|p1a: Enamorus|Enamorus, F|100\/100\n|-damage|p1a: Enamorus|76\/100|[from] Stealth Rock\n|move|p2a: Garchomp|Dragon Tail|p1a: Enamorus\n|-immune|p1a: Enamorus\n|\n|-heal|p1a: Enamorus|82\/100|[from] item: Leftovers\n|upkeep\n|turn|10\n|\n|t:|1700777654\n|switch|p2a: Cinderace|Cinderace, F|100\/100\n|move|p1a: Enamorus|Tailwind|p1a: Enamorus\n|-sidestart|p1: Pokemonmasterty|move: Tailwind\n|\n|-heal|p1a: Enamorus|88\/100|[from] item: Leftovers\n|upkeep\n|turn|11\n|\n|t:|1700777666\n|switch|p1a: Tauros|Tauros-Paldea-Blaze, M|70\/100\n|-ability|p1a: Tauros|Intimidate|boost\n|-unboost|p2a: Cinderace|atk|1\n|move|p2a: Cinderace|Court Change|p2a: Cinderace\n|-swapsideconditions\n|-activate|p2a: Cinderace|move: Court Change\n|\n|upkeep\n|turn|12\n|\n|t:|1700777679\n|move|p2a: Cinderace|U-turn|p1a: Tauros\n|-resisted|p1a: Tauros\n|-damage|p1a: Tauros|66\/100\n|\n|t:|1700777689\n|switch|p2a: Garchomp|Garchomp, F|75\/100|[from] U-turn\n|-damage|p2a: Garchomp|69\/100|[from] Stealth Rock\n|move|p1a: Tauros|Trailblaze|p2a: Garchomp\n|-damage|p2a: Garchomp|56\/100\n|-boost|p1a: Tauros|spe|1\n|-damage|p1a: Tauros|54\/100|[from] ability: Rough Skin|[of] p2a: Garchomp\n|-damage|p1a: Tauros|37\/100|[from] item: Rocky Helmet|[of] p2a: Garchomp\n|\n|upkeep\n|turn|13\n|\n|t:|1700777705\n|switch|p1a: Enamorus|Enamorus, F|88\/100\n|move|p2a: Garchomp|Stealth Rock|p1a: Enamorus\n|-sidestart|p1: Pokemonmasterty|move: Stealth Rock\n|\n|-heal|p1a: Enamorus|94\/100|[from] item: Leftovers\n|-sideend|p2: braker89|move: Tailwind\n|upkeep\n|turn|14\n|\n|t:|1700777720\n|switch|p2a: Cinderace|Cinderace, F|100\/100\n|move|p1a: Enamorus|Springtide Storm|p2a: Cinderace\n|-resisted|p2a: Cinderace\n|-damage|p2a: Cinderace|68\/100\n|-unboost|p2a: Cinderace|atk|1\n|\n|-heal|p1a: Enamorus|100\/100|[from] item: Leftovers\n|upkeep\n|turn|15\n|inactive|Battle timer is ON: inactive players will automatically lose when time's up. (requested by braker89)\n|\n|t:|1700777752\n|switch|p1a: Tauros|Tauros-Paldea-Blaze, M|37\/100\n|-ability|p1a: Tauros|Intimidate|boost\n|-unboost|p2a: Cinderace|atk|1\n|move|p2a: Cinderace|Will-O-Wisp|p1a: Tauros\n|-immune|p1a: Tauros\n|\n|upkeep\n|turn|16\n|\n|t:|1700777766\n|switch|p1a: Enamorus|Enamorus, F|100\/100\n|-damage|p1a: Enamorus|76\/100|[from] Stealth Rock\n|move|p2a: Cinderace|U-turn|p1a: Enamorus\n|-resisted|p1a: Enamorus\n|-damage|p1a: Enamorus|72\/100\n|\n|t:|1700777786\n|switch|p2a: Gholdengo|Gholdengo|100\/100|[from] U-turn\n|-damage|p2a: Gholdengo|94\/100|[from] Stealth Rock\n|\n|-heal|p1a: Enamorus|78\/100|[from] item: Leftovers\n|upkeep\n|turn|17\n|\n|t:|1700777795\n|move|p2a: Gholdengo|Shadow Ball|p1a: Enamorus\n|-damage|p1a: Enamorus|17\/100\n|move|p1a: Enamorus|Mystical Fire|p2a: Gholdengo\n|-supereffective|p2a: Gholdengo\n|-damage|p2a: Gholdengo|32\/100\n|-unboost|p2a: Gholdengo|spa|1\n|\n|-heal|p1a: Enamorus|23\/100|[from] item: Leftovers\n|upkeep\n|turn|18\n|l|\u2606Pokemonmasterty\n|inactive|Pokemonmasterty disconnected and has a minute to reconnect!\n|player|p1|\n|inactive|Pokemonmasterty has 30 seconds to reconnect!\n|inactive|Pokemonmasterty has 20 seconds to reconnect!\n|inactive|Pokemonmasterty has 15 seconds to reconnect!\n|inactive|Pokemonmasterty has 10 seconds to reconnect!\n|inactive|Pokemonmasterty has 5 seconds to reconnect!\n|-message|Pokemonmasterty lost due to inactivity.\n|\n|win|braker89\n|raw|Pokemonmasterty's rating: 1171 &rarr; <strong>1144<\/strong><br \/>(-27 for losing)\n|raw|braker89's rating: 1150 &rarr; <strong>1177<\/strong><br \/>(+27 for winning)\n","uploadtime":1700777878,"views":6,"p1id":"pokemonmasterty","p2id":"braker89","formatid":"gen9ou","rating":1144,"private":0,"password":""}