{"id":"gen9ou-1994645839","p1":"King of kind","p2":"randomslowbrouser","format":"[Gen 9] OU","log":"|j|\u2606King of kind\n|j|\u2606randomslowbrouser\n|t:|1700474799\n|gametype|singles\n|player|p1|King of kind|volkner|1371\n|player|p2|randomslowbrouser|ariana|1263\n|teamsize|p1|6\n|teamsize|p2|6\n|gen|9\n|tier|[Gen 9] OU\n|rated|\n|rule|Sleep Clause Mod: Limit one foe put to sleep\n|rule|Species Clause: Limit one of each Pok\u00e9mon\n|rule|OHKO Clause: OHKO moves are banned\n|rule|Evasion Items Clause: Evasion items are banned\n|rule|Evasion Moves Clause: Evasion moves are banned\n|rule|Endless Battle Clause: Forcing endless battles is banned\n|rule|HP Percentage Mod: HP is shown in percentages\n|clearpoke\n|poke|p1|Kleavor, M|\n|poke|p1|Cyclizar, M|\n|poke|p1|Forretress, M|\n|poke|p1|Ceruledge, F|\n|poke|p1|Kommo-o, M|\n|poke|p1|Gholdengo|\n|poke|p2|Glimmora, F|\n|poke|p2|Weavile, F|\n|poke|p2|Heatran, F|\n|poke|p2|Sandaconda, F|\n|poke|p2|Zapdos|\n|poke|p2|Hatterene, F|\n|teampreview\n|\n|t:|1700474814\n|start\n|switch|p1a: Forretress|Forretress, M|100\/100\n|switch|p2a: Glimmora|Glimmora, F, shiny|100\/100\n|turn|1\n|\n|t:|1700474821\n|move|p2a: Glimmora|Earth Power|p1a: Forretress\n|-damage|p1a: Forretress|56\/100\n|move|p1a: Forretress|Thunder Wave|p2a: Glimmora\n|-status|p2a: Glimmora|par\n|\n|upkeep\n|turn|2\n|\n|t:|1700474827\n|move|p1a: Forretress|Spikes|p2a: Glimmora\n|-sidestart|p2: randomslowbrouser|Spikes\n|cant|p2a: Glimmora|par\n|\n|upkeep\n|turn|3\n|\n|t:|1700474831\n|move|p1a: Forretress|Spikes|p2a: Glimmora\n|-sidestart|p2: randomslowbrouser|Spikes\n|move|p2a: Glimmora|Light Screen|p2a: Glimmora\n|-sidestart|p2: randomslowbrouser|move: Light Screen\n|\n|upkeep\n|turn|4\n|\n|t:|1700474837\n|switch|p2a: Sandaconda|Sandaconda, F, shiny|100\/100\n|-damage|p2a: Sandaconda|84\/100|[from] Spikes\n|move|p1a: Forretress|Spikes|p2a: Sandaconda\n|-sidestart|p2: randomslowbrouser|Spikes\n|\n|upkeep\n|turn|5\n|\n|t:|1700474847\n|move|p2a: Sandaconda|Scale Shot|p1a: Forretress\n|-resisted|p1a: Forretress\n|-damage|p1a: Forretress|54\/100\n|-resisted|p1a: Forretress\n|-damage|p1a: Forretress|52\/100\n|-resisted|p1a: Forretress\n|-damage|p1a: Forretress|51\/100\n|-resisted|p1a: Forretress\n|-damage|p1a: Forretress|49\/100\n|-hitcount|p1a: Forretress|4\n|-unboost|p2a: Sandaconda|def|1\n|-boost|p2a: Sandaconda|spe|1\n|move|p1a: Forretress|Toxic Spikes|p2a: Sandaconda\n|-sidestart|p2: randomslowbrouser|move: Toxic Spikes\n|\n|upkeep\n|turn|6\n|\n|t:|1700474859\n|move|p2a: Sandaconda|Coil|p2a: Sandaconda\n|-boost|p2a: Sandaconda|atk|1\n|-boost|p2a: Sandaconda|def|1\n|-boost|p2a: Sandaconda|accuracy|1\n|move|p1a: Forretress|Toxic Spikes|p2a: Sandaconda\n|-sidestart|p2: randomslowbrouser|move: Toxic Spikes\n|\n|upkeep\n|turn|7\n|\n|t:|1700474868\n|move|p2a: Sandaconda|Coil|p2a: Sandaconda\n|-boost|p2a: Sandaconda|atk|1\n|-boost|p2a: Sandaconda|def|1\n|-boost|p2a: Sandaconda|accuracy|1\n|move|p1a: Forretress|Explosion|p2a: Sandaconda\n|-damage|p2a: Sandaconda|59\/100\n|faint|p1a: Forretress\n|\n|upkeep\n|\n|t:|1700474881\n|switch|p1a: Cyclizar|Cyclizar, M|100\/100\n|turn|8\n|\n|t:|1700474890\n|move|p1a: Cyclizar|Taunt|p2a: Sandaconda\n|-start|p2a: Sandaconda|move: Taunt\n|move|p2a: Sandaconda|Scale Shot|p1a: Cyclizar\n|-supereffective|p1a: Cyclizar\n|-damage|p1a: Cyclizar|66\/100\n|-supereffective|p1a: Cyclizar\n|-damage|p1a: Cyclizar|30\/100\n|-supereffective|p1a: Cyclizar\n|-damage|p1a: Cyclizar|0 fnt\n|faint|p1a: Cyclizar\n|-hitcount|p1: Cyclizar|3\n|-unboost|p2a: Sandaconda|def|1\n|-boost|p2a: Sandaconda|spe|1\n|\n|upkeep\n|\n|t:|1700474917\n|switch|p1a: Gholdengo|Gholdengo|100\/100\n|turn|9\n|\n|t:|1700474942\n|-terastallize|p1a: Gholdengo|Ghost\n|move|p2a: Sandaconda|Rock Blast|p1a: Gholdengo\n|-damage|p1a: Gholdengo|88\/100\n|-damage|p1a: Gholdengo|77\/100\n|-damage|p1a: Gholdengo|66\/100\n|-damage|p1a: Gholdengo|55\/100\n|-hitcount|p1a: Gholdengo|4\n|move|p1a: Gholdengo|Shadow Ball|p2a: Sandaconda\n|-damage|p2a: Sandaconda|28\/100\n|\n|-heal|p1a: Gholdengo|61\/100|[from] item: Leftovers\n|upkeep\n|turn|10\n|\n|t:|1700474959\n|-terastallize|p2a: Sandaconda|Rock\n|move|p2a: Sandaconda|Rock Blast|p1a: Gholdengo\n|-damage|p1a: Gholdengo|45\/100\n|-damage|p1a: Gholdengo|28\/100\n|-damage|p1a: Gholdengo|10\/100\n|-damage|p1a: Gholdengo|0 fnt\n|faint|p1a: Gholdengo\n|-hitcount|p1: Gholdengo|4\n|\n|-end|p2a: Sandaconda|move: Taunt\n|-sideend|p2: randomslowbrouser|move: Light Screen\n|upkeep\n|\n|t:|1700474970\n|switch|p1a: Kleavor|Kleavor, M|100\/100\n|turn|11\n|\n|t:|1700474975\n|move|p2a: Sandaconda|Rock Blast|p1a: Kleavor\n|-supereffective|p1a: Kleavor\n|-damage|p1a: Kleavor|51\/100\n|-supereffective|p1a: Kleavor\n|-damage|p1a: Kleavor|2\/100\n|-supereffective|p1a: Kleavor\n|-damage|p1a: Kleavor|0 fnt\n|faint|p1a: Kleavor\n|-hitcount|p1: Kleavor|3\n|\n|upkeep\n|\n|t:|1700474978\n|switch|p1a: Kommo-o|Kommo-o, M|100\/100\n|turn|12\n|\n|t:|1700474981\n|move|p2a: Sandaconda|Scale Shot|p1a: Kommo-o\n|-supereffective|p1a: Kommo-o\n|-damage|p1a: Kommo-o|74\/100\n|-supereffective|p1a: Kommo-o\n|-damage|p1a: Kommo-o|51\/100\n|-supereffective|p1a: Kommo-o\n|-damage|p1a: Kommo-o|28\/100\n|-supereffective|p1a: Kommo-o\n|-damage|p1a: Kommo-o|5\/100\n|-supereffective|p1a: Kommo-o\n|-damage|p1a: Kommo-o|0 fnt\n|faint|p1a: Kommo-o\n|-hitcount|p1: Kommo-o|5\n|-unboost|p2a: Sandaconda|def|1\n|-boost|p2a: Sandaconda|spe|1\n|\n|upkeep\n|\n|t:|1700474983\n|switch|p1a: Ceruledge|Ceruledge, F|100\/100\n|turn|13\n|\n|t:|1700474990\n|move|p1a: Ceruledge|Shadow Sneak|p2a: Sandaconda\n|-damage|p2a: Sandaconda|5\/100\n|move|p2a: Sandaconda|Rock Blast|p1a: Ceruledge\n|-supereffective|p1a: Ceruledge\n|-damage|p1a: Ceruledge|51\/100\n|-ability|p1a: Ceruledge|Weak Armor|boost\n|-unboost|p1a: Ceruledge|def|1\n|-boost|p1a: Ceruledge|spe|2\n|-supereffective|p1a: Ceruledge\n|-damage|p1a: Ceruledge|0 fnt\n|faint|p1a: Ceruledge\n|-hitcount|p1: Ceruledge|2\n|\n|win|randomslowbrouser\n|raw|King of kind's rating: 1371 &rarr; <strong>1345<\/strong><br \/>(-26 for losing)\n|raw|randomslowbrouser's rating: 1263 &rarr; <strong>1296<\/strong><br \/>(+33 for winning)\n|l|\u2606King of kind\n","uploadtime":1700475003,"views":12,"p1id":"kingofkind","p2id":"randomslowbrouser","formatid":"gen9ou","rating":1296,"private":0,"password":""}