{"id":"gen9ou-1991331202","p1":"LeDonDin","p2":"elcorazontucun","format":"[Gen 9] OU","log":"|j|\u2606LeDonDin\n|j|\u2606elcorazontucun\n|t:|1700068233\n|gametype|singles\n|player|p1|LeDonDin|gentleman-gen4dp|1418\n|player|p2|elcorazontucun|gentleman-gen4|1452\n|teamsize|p1|6\n|teamsize|p2|6\n|gen|9\n|tier|[Gen 9] OU\n|rated|\n|rule|Sleep Clause Mod: Limit one foe put to sleep\n|rule|Species Clause: Limit one of each Pok\u00e9mon\n|rule|OHKO Clause: OHKO moves are banned\n|rule|Evasion Items Clause: Evasion items are banned\n|rule|Evasion Moves Clause: Evasion moves are banned\n|rule|Endless Battle Clause: Forcing endless battles is banned\n|rule|HP Percentage Mod: HP is shown in percentages\n|clearpoke\n|poke|p1|Ribombee, M|\n|poke|p1|Manaphy|\n|poke|p1|Iron Moth|\n|poke|p1|Ceruledge, F|\n|poke|p1|Gholdengo|\n|poke|p1|Kommo-o, M|\n|poke|p2|Ninetales-Alola, F|\n|poke|p2|Weavile, F|\n|poke|p2|Kingambit, F|\n|poke|p2|Iron Moth|\n|poke|p2|Heatran, M|\n|poke|p2|Landorus-Therian, M|\n|teampreview\n|inactive|Battle timer is ON: inactive players will automatically lose when time's up. (requested by elcorazontucun)\n|\n|t:|1700068259\n|start\n|switch|p1a: Petit Prince|Ribombee, M, shiny|100\/100\n|switch|p2a: Iron Moth|Iron Moth|100\/100\n|-enditem|p2a: Iron Moth|Booster Energy\n|-activate|p2a: Iron Moth|ability: Quark Drive|[fromitem]\n|-start|p2a: Iron Moth|quarkdrivespe\n|turn|1\n|\n|t:|1700068266\n|move|p2a: Iron Moth|Fiery Dance|p1a: Petit Prince\n|-supereffective|p1a: Petit Prince\n|-enditem|p1a: Petit Prince|Focus Sash\n|-damage|p1a: Petit Prince|1\/100\n|move|p1a: Petit Prince|Sticky Web|p2a: Iron Moth\n|-sidestart|p2: elcorazontucun|move: Sticky Web\n|\n|upkeep\n|turn|2\n|\n|t:|1700068275\n|switch|p1a: Mite-de-Merde|Iron Moth|100\/100\n|-enditem|p1a: Mite-de-Merde|Booster Energy\n|-activate|p1a: Mite-de-Merde|ability: Quark Drive|[fromitem]\n|-start|p1a: Mite-de-Merde|quarkdrivespe\n|move|p2a: Iron Moth|Fiery Dance|p1a: Mite-de-Merde\n|-resisted|p1a: Mite-de-Merde\n|-damage|p1a: Mite-de-Merde|81\/100\n|-boost|p2a: Iron Moth|spa|1\n|\n|upkeep\n|turn|3\n|\n|t:|1700068279\n|move|p2a: Iron Moth|Psychic|p1a: Mite-de-Merde\n|-supereffective|p1a: Mite-de-Merde\n|-damage|p1a: Mite-de-Merde|0 fnt\n|faint|p1a: Mite-de-Merde\n|-end|p1a: Mite-de-Merde|Quark Drive|[silent]\n|\n|upkeep\n|\n|t:|1700068281\n|switch|p1a: Kommo-o|Kommo-o, M|100\/100\n|turn|4\n|\n|t:|1700068286\n|move|p2a: Iron Moth|Psychic|p1a: Kommo-o\n|-supereffective|p1a: Kommo-o\n|-damage|p1a: Kommo-o|0 fnt\n|faint|p1a: Kommo-o\n|\n|upkeep\n|\n|t:|1700068292\n|switch|p1a: ManaGoat|Manaphy, shiny|100\/100\n|turn|5\n|\n|t:|1700068297\n|move|p2a: Iron Moth|Energy Ball|p1a: ManaGoat\n|-supereffective|p1a: ManaGoat\n|-damage|p1a: ManaGoat|8\/100\n|move|p1a: ManaGoat|Surf|p2a: Iron Moth\n|-supereffective|p2a: Iron Moth\n|-damage|p2a: Iron Moth|31\/100\n|\n|upkeep\n|turn|6\n|\n|t:|1700068301\n|switch|p1a: Petit Prince|Ribombee, M, shiny|1\/100\n|move|p2a: Iron Moth|Fiery Dance|p1a: Petit Prince\n|-supereffective|p1a: Petit Prince\n|-damage|p1a: Petit Prince|0 fnt\n|-boost|p2a: Iron Moth|spa|1\n|faint|p1a: Petit Prince\n|\n|upkeep\n|-message|LeDonDin forfeited.\n|\n|win|elcorazontucun\n|raw|LeDonDin's rating: 1418 &rarr; <strong>1400<\/strong><br \/>(-18 for losing)\n|raw|elcorazontucun's rating: 1452 &rarr; <strong>1470<\/strong><br \/>(+18 for winning)\n|l|\u2606LeDonDin\n","uploadtime":1700068326,"views":7,"p1id":"ledondin","p2id":"elcorazontucun","formatid":"gen9ou","rating":1400,"private":0,"password":""}