{"id":"gen9ou-1994446918","p1":"The1sorgente","p2":"LegacyShowden","format":"[Gen 9] OU","log":"|j|\u2606The1sorgente\n|j|\u2606LegacyShowden\n|t:|1700444939\n|gametype|singles\n|player|p1|The1sorgente|265|1483\n|player|p2|LegacyShowden|rosa|1511\n|teamsize|p1|6\n|teamsize|p2|6\n|gen|9\n|tier|[Gen 9] OU\n|rated|\n|rule|Sleep Clause Mod: Limit one foe put to sleep\n|rule|Species Clause: Limit one of each Pok\u00e9mon\n|rule|OHKO Clause: OHKO moves are banned\n|rule|Evasion Items Clause: Evasion items are banned\n|rule|Evasion Moves Clause: Evasion moves are banned\n|rule|Endless Battle Clause: Forcing endless battles is banned\n|rule|HP Percentage Mod: HP is shown in percentages\n|clearpoke\n|poke|p1|Moltres|\n|poke|p1|Great Tusk|\n|poke|p1|Slowking-Galar, F|\n|poke|p1|Dragapult, M|\n|poke|p1|Kingambit, F|\n|poke|p1|Rillaboom, M|\n|poke|p2|Great Tusk|\n|poke|p2|Samurott-Hisui, M|\n|poke|p2|Dragapult, M|\n|poke|p2|Gholdengo|\n|poke|p2|Heatran, M|\n|poke|p2|Rillaboom, M|\n|teampreview\n|inactive|Battle timer is ON: inactive players will automatically lose when time's up. (requested by LegacyShowden)\n|\n|t:|1700444947\n|start\n|switch|p1a: Rillaboom|Rillaboom, M|100\/100\n|switch|p2a: Heatran|Heatran, M, shiny|100\/100\n|-fieldstart|move: Grassy Terrain|[from] ability: Grassy Surge|[of] p1a: Rillaboom\n|turn|1\n|\n|t:|1700444953\n|move|p1a: Rillaboom|U-turn|p2a: Heatran\n|-resisted|p2a: Heatran\n|-damage|p2a: Heatran|92\/100\n|\n|t:|1700444955\n|switch|p1a: Slowking|Slowking-Galar, F|100\/100|[from] U-turn\n|move|p2a: Heatran|Magma Storm|p1a: Slowking\n|-damage|p1a: Slowking|81\/100\n|-activate|p1a: Slowking|move: Magma Storm|[of] p2a: Heatran\n|\n|-heal|p2a: Heatran|98\/100|[from] Grassy Terrain\n|-heal|p2a: Heatran|100\/100|[from] item: Leftovers\n|-heal|p1a: Slowking|87\/100|[from] Grassy Terrain\n|-damage|p1a: Slowking|74\/100|[from] move: Magma Storm|[partiallytrapped]\n|upkeep\n|turn|2\n|\n|t:|1700444961\n|move|p2a: Heatran|Will-O-Wisp|p1a: Slowking\n|-status|p1a: Slowking|brn\n|move|p1a: Slowking|Surf|p2a: Heatran\n|-supereffective|p2a: Heatran\n|-damage|p2a: Heatran|67\/100\n|\n|-heal|p2a: Heatran|73\/100|[from] Grassy Terrain\n|-heal|p2a: Heatran|79\/100|[from] item: Leftovers\n|-heal|p1a: Slowking|80\/100 brn|[from] Grassy Terrain\n|-damage|p1a: Slowking|74\/100 brn|[from] brn\n|-damage|p1a: Slowking|62\/100 brn|[from] move: Magma Storm|[partiallytrapped]\n|upkeep\n|turn|3\n|\n|t:|1700444968\n|move|p2a: Heatran|Earth Power|p1a: Slowking\n|-supereffective|p1a: Slowking\n|-damage|p1a: Slowking|39\/100 brn\n|move|p1a: Slowking|Surf|p2a: Heatran\n|-supereffective|p2a: Heatran\n|-damage|p2a: Heatran|51\/100\n|\n|-heal|p2a: Heatran|57\/100|[from] Grassy Terrain\n|-heal|p2a: Heatran|63\/100|[from] item: Leftovers\n|-heal|p1a: Slowking|45\/100 brn|[from] Grassy Terrain\n|-damage|p1a: Slowking|39\/100 brn|[from] brn\n|-damage|p1a: Slowking|27\/100 brn|[from] move: Magma Storm|[partiallytrapped]\n|upkeep\n|turn|4\n|\n|t:|1700444971\n|move|p2a: Heatran|Earth Power|p1a: Slowking\n|-supereffective|p1a: Slowking\n|-damage|p1a: Slowking|4\/100 brn\n|move|p1a: Slowking|Surf|p2a: Heatran\n|-supereffective|p2a: Heatran\n|-damage|p2a: Heatran|30\/100\n|\n|-heal|p2a: Heatran|37\/100|[from] Grassy Terrain\n|-heal|p2a: Heatran|43\/100|[from] item: Leftovers\n|-heal|p1a: Slowking|10\/100 brn|[from] Grassy Terrain\n|-damage|p1a: Slowking|4\/100 brn|[from] brn\n|-damage|p1a: Slowking|0 fnt|[from] move: Magma Storm|[partiallytrapped]\n|faint|p1a: Slowking\n|upkeep\n|\n|t:|1700444980\n|switch|p1a: Sigismund|Great Tusk|100\/100\n|turn|5\n|\n|t:|1700444996\n|switch|p2a: Gholdengo|Gholdengo|100\/100\n|-item|p2a: Gholdengo|Air Balloon\n|move|p1a: Sigismund|Earthquake|p2a: Gholdengo\n|-immune|p2a: Gholdengo\n|\n|-fieldend|move: Grassy Terrain\n|upkeep\n|turn|6\n|\n|t:|1700445004\n|-end|p1a: Sigismund|Protosynthesis|[silent]\n|switch|p1a: Kingambit|Kingambit, F|100\/100\n|-activate|p1a: Kingambit|ability: Supreme Overlord\n|-start|p1a: Kingambit|fallen1|[silent]\n|move|p2a: Gholdengo|Hex|p1a: Kingambit\n|-resisted|p1a: Kingambit\n|-damage|p1a: Kingambit|85\/100\n|\n|-heal|p1a: Kingambit|91\/100|[from] item: Leftovers\n|upkeep\n|turn|7\n|\n|t:|1700445007\n|switch|p2a: Great Tusk|Great Tusk|100\/100\n|move|p1a: Kingambit|Iron Head|p2a: Great Tusk\n|-damage|p2a: Great Tusk|61\/100\n|\n|-heal|p1a: Kingambit|98\/100|[from] item: Leftovers\n|upkeep\n|turn|8\n|\n|t:|1700445010\n|-end|p1a: Kingambit|fallen1|[silent]\n|switch|p1a: Rillaboom|Rillaboom, M|100\/100\n|-fieldstart|move: Grassy Terrain|[from] ability: Grassy Surge|[of] p1a: Rillaboom\n|move|p2a: Great Tusk|Ice Spinner|p1a: Rillaboom\n|-supereffective|p1a: Rillaboom\n|-damage|p1a: Rillaboom|35\/100\n|-fieldend|move: Grassy Terrain\n|\n|upkeep\n|turn|9\n|\n|t:|1700445014\n|-terastallize|p1a: Rillaboom|Grass\n|move|p2a: Great Tusk|Ice Spinner|p1a: Rillaboom\n|-supereffective|p1a: Rillaboom\n|-damage|p1a: Rillaboom|0 fnt\n|faint|p1a: Rillaboom\n|\n|upkeep\n|\n|t:|1700445032\n|switch|p1a: Dragapult|Dragapult, M|100\/100\n|turn|10\n|\n|t:|1700445035\n|-end|p2a: Great Tusk|Protosynthesis|[silent]\n|switch|p2a: Heatran|Heatran, M, shiny|43\/100\n|move|p1a: Dragapult|Will-O-Wisp|p2a: Heatran\n|-start|p2a: Heatran|ability: Flash Fire\n|\n|-heal|p2a: Heatran|49\/100|[from] item: Leftovers\n|upkeep\n|turn|11\n|\n|t:|1700445042\n|move|p1a: Dragapult|Hex|p2a: Heatran\n|-damage|p2a: Heatran|34\/100\n|move|p2a: Heatran|Magma Storm|p1a: Dragapult\n|-resisted|p1a: Dragapult\n|-damage|p1a: Dragapult|56\/100\n|-activate|p1a: Dragapult|move: Magma Storm|[of] p2a: Heatran\n|\n|-heal|p1a: Dragapult|62\/100|[from] item: Leftovers\n|-heal|p2a: Heatran|40\/100|[from] item: Leftovers\n|-damage|p1a: Dragapult|50\/100|[from] move: Magma Storm|[partiallytrapped]\n|upkeep\n|turn|12\n|\n|t:|1700445052\n|move|p1a: Dragapult|Hex|p2a: Heatran\n|-damage|p2a: Heatran|25\/100\n|move|p2a: Heatran|Will-O-Wisp|p1a: Dragapult\n|-status|p1a: Dragapult|brn\n|\n|-heal|p1a: Dragapult|56\/100 brn|[from] item: Leftovers\n|-heal|p2a: Heatran|31\/100|[from] item: Leftovers\n|-damage|p1a: Dragapult|50\/100 brn|[from] brn\n|-damage|p1a: Dragapult|37\/100 brn|[from] move: Magma Storm|[partiallytrapped]\n|upkeep\n|turn|13\n|\n|t:|1700445058\n|move|p1a: Dragapult|Hex|p2a: Heatran\n|-damage|p2a: Heatran|16\/100\n|move|p2a: Heatran|Earth Power|p1a: Dragapult\n|-damage|p1a: Dragapult|0 fnt\n|faint|p1a: Dragapult\n|\n|-heal|p2a: Heatran|22\/100|[from] item: Leftovers\n|upkeep\n|\n|t:|1700445061\n|switch|p1a: Sigismund|Great Tusk|100\/100\n|turn|14\n|\n|t:|1700445066\n|-end|p1a: Sigismund|Protosynthesis|[silent]\n|switch|p1a: Moltres|Moltres|100\/100\n|move|p2a: Heatran|Will-O-Wisp|p1a: Moltres|[miss]\n|-miss|p2a: Heatran|p1a: Moltres\n|\n|-heal|p2a: Heatran|28\/100|[from] item: Leftovers\n|upkeep\n|turn|15\n|\n|t:|1700445068\n|move|p1a: Moltres|U-turn|p2a: Heatran\n|-resisted|p2a: Heatran\n|-damage|p2a: Heatran|25\/100\n|\n|t:|1700445070\n|switch|p1a: Sigismund|Great Tusk|100\/100|[from] U-turn\n|move|p2a: Heatran|Magma Storm|p1a: Sigismund|[miss]\n|-miss|p2a: Heatran|p1a: Sigismund\n|\n|-heal|p2a: Heatran|31\/100|[from] item: Leftovers\n|upkeep\n|turn|16\n|\n|t:|1700445075\n|move|p1a: Sigismund|Earthquake|p2a: Heatran\n|-supereffective|p2a: Heatran\n|-damage|p2a: Heatran|0 fnt\n|faint|p2a: Heatran\n|\n|upkeep\n|\n|t:|1700445088\n|switch|p2a: Dragapult|Dragapult, M, shiny|100\/100\n|turn|17\n|\n|t:|1700445095\n|move|p2a: Dragapult|Shadow Ball|p1a: Sigismund\n|-damage|p1a: Sigismund|27\/100\n|-unboost|p1a: Sigismund|spd|1\n|move|p1a: Sigismund|Earthquake|p2a: Dragapult\n|-damage|p2a: Dragapult|25\/100\n|\n|-heal|p1a: Sigismund|33\/100|[from] item: Leftovers\n|upkeep\n|turn|18\n|\n|t:|1700445097\n|move|p2a: Dragapult|Shadow Ball|p1a: Sigismund\n|-damage|p1a: Sigismund|0 fnt\n|faint|p1a: Sigismund\n|-end|p1a: Sigismund|Protosynthesis|[silent]\n|\n|upkeep\n|\n|t:|1700445099\n|switch|p1a: Kingambit|Kingambit, F|98\/100\n|-activate|p1a: Kingambit|ability: Supreme Overlord\n|-start|p1a: Kingambit|fallen4|[silent]\n|turn|19\n|\n|t:|1700445102\n|switch|p2a: Great Tusk|Great Tusk|61\/100\n|move|p1a: Kingambit|Iron Head|p2a: Great Tusk\n|-damage|p2a: Great Tusk|12\/100\n|-enditem|p2a: Great Tusk|Sitrus Berry|[eat]\n|-heal|p2a: Great Tusk|37\/100|[from] item: Sitrus Berry\n|\n|-heal|p1a: Kingambit|100\/100|[from] item: Leftovers\n|upkeep\n|turn|20\n|\n|t:|1700445106\n|-end|p1a: Kingambit|fallen4|[silent]\n|switch|p1a: Moltres|Moltres|100\/100\n|move|p2a: Great Tusk|Ice Spinner|p1a: Moltres\n|-crit|p1a: Moltres\n|-damage|p1a: Moltres|69\/100\n|\n|upkeep\n|turn|21\n|\n|t:|1700445111\n|-end|p2a: Great Tusk|Protosynthesis|[silent]\n|switch|p2a: Dragapult|Dragapult, M, shiny|25\/100\n|move|p1a: Moltres|U-turn|p2a: Dragapult\n|-resisted|p2a: Dragapult\n|-damage|p2a: Dragapult|16\/100\n|\n|t:|1700445113\n|switch|p1a: Kingambit|Kingambit, F|100\/100|[from] U-turn\n|-activate|p1a: Kingambit|ability: Supreme Overlord\n|-start|p1a: Kingambit|fallen4|[silent]\n|\n|upkeep\n|turn|22\n|\n|t:|1700445116\n|move|p2a: Dragapult|Flamethrower|p1a: Kingambit\n|-supereffective|p1a: Kingambit\n|-damage|p1a: Kingambit|27\/100\n|move|p1a: Kingambit|Iron Head|p2a: Dragapult\n|-damage|p2a: Dragapult|0 fnt\n|faint|p2a: Dragapult\n|\n|-heal|p1a: Kingambit|34\/100|[from] item: Leftovers\n|upkeep\n|\n|t:|1700445120\n|switch|p2a: Samurott|Samurott-Hisui, M|100\/100\n|turn|23\n|\n|t:|1700445123\n|move|p2a: Samurott|Aqua Cutter|p1a: Kingambit\n|-damage|p1a: Kingambit|0 fnt\n|faint|p1a: Kingambit\n|-end|p1a: Kingambit|fallen4|[silent]\n|\n|upkeep\n|\n|t:|1700445125\n|switch|p1a: Moltres|Moltres|69\/100\n|turn|24\n|\n|t:|1700445129\n|switch|p2a: Great Tusk|Great Tusk|37\/100\n|move|p1a: Moltres|Roost|p1a: Moltres\n|-heal|p1a: Moltres|100\/100\n|-singleturn|p1a: Moltres|move: Roost\n|\n|upkeep\n|turn|25\n|\n|t:|1700445136\n|move|p2a: Great Tusk|Ice Spinner|p1a: Moltres\n|-damage|p1a: Moltres|81\/100\n|-status|p2a: Great Tusk|brn|[from] ability: Flame Body|[of] p1a: Moltres\n|move|p1a: Moltres|Flamethrower|p2a: Great Tusk\n|-damage|p2a: Great Tusk|0 fnt\n|faint|p2a: Great Tusk\n|-end|p2a: Great Tusk|Protosynthesis|[silent]\n|\n|upkeep\n|\n|t:|1700445140\n|switch|p2a: Samurott|Samurott-Hisui, M|100\/100\n|turn|26\n|\n|t:|1700445142\n|-terastallize|p2a: Samurott|Water\n|move|p1a: Moltres|Roost|p1a: Moltres\n|-heal|p1a: Moltres|100\/100\n|-singleturn|p1a: Moltres|move: Roost\n|move|p2a: Samurott|Aqua Cutter|p1a: Moltres\n|-supereffective|p1a: Moltres\n|-damage|p1a: Moltres|0 fnt\n|faint|p1a: Moltres\n|\n|win|LegacyShowden\n|raw|The1sorgente's rating: 1493 &rarr; <strong>1474<\/strong><br \/>(-19 for losing)\n|raw|LegacyShowden's rating: 1511 &rarr; <strong>1530<\/strong><br \/>(+19 for winning)\n|l|\u2606The1sorgente\n","uploadtime":1700445155,"views":10,"p1id":"the1sorgente","p2id":"legacyshowden","formatid":"gen9ou","rating":1474,"private":0,"password":""}