{"id":"gen9ou-1988488151","p1":"BigDaddy28","p2":"Diamond_Apa","format":"[Gen 9] OU","log":"|j|\u2606BigDaddy28\n|j|\u2606Diamond_Apa\n|t:|1699728301\n|gametype|singles\n|player|p1|BigDaddy28|policeman-gen4|1331\n|player|p2|Diamond_Apa|grusha|1394\n|teamsize|p1|6\n|teamsize|p2|6\n|gen|9\n|tier|[Gen 9] OU\n|rated|\n|rule|Sleep Clause Mod: Limit one foe put to sleep\n|rule|Species Clause: Limit one of each Pok\u00e9mon\n|rule|OHKO Clause: OHKO moves are banned\n|rule|Evasion Items Clause: Evasion items are banned\n|rule|Evasion Moves Clause: Evasion moves are banned\n|rule|Endless Battle Clause: Forcing endless battles is banned\n|rule|HP Percentage Mod: HP is shown in percentages\n|clearpoke\n|poke|p1|Sableye, M|\n|poke|p1|Quaquaval, F|\n|poke|p1|Sandy Shocks|\n|poke|p1|Ceruledge, F|\n|poke|p1|Amoonguss, F|\n|poke|p1|Great Tusk|\n|poke|p2|Zamazenta-*|\n|poke|p2|Gholdengo|\n|poke|p2|Hatterene, F|\n|poke|p2|Samurott-Hisui, F|\n|poke|p2|Corviknight, M|\n|poke|p2|Sandy Shocks|\n|teampreview\n|inactive|Battle timer is ON: inactive players will automatically lose when time's up. (requested by BigDaddy28)\n|\n|t:|1699728338\n|start\n|switch|p1a: Sandy Shocks|Sandy Shocks|100\/100\n|switch|p2a: Corviknight|Corviknight, M|100\/100\n|-ability|p2a: Corviknight|Pressure\n|turn|1\n|\n|t:|1699728352\n|-terastallize|p1a: Sandy Shocks|Ice\n|move|p1a: Sandy Shocks|Tera Blast|p2a: Corviknight|[anim] Tera Blast Ice\n|-damage|p2a: Corviknight|60\/100\n|move|p2a: Corviknight|U-turn|p1a: Sandy Shocks\n|-crit|p1a: Sandy Shocks\n|-damage|p1a: Sandy Shocks|77\/100\n|\n|t:|1699728376\n|switch|p2a: Gholdengo|Gholdengo|100\/100|[from] U-turn\n|\n|upkeep\n|turn|2\n|\n|t:|1699728381\n|-end|p1a: Sandy Shocks|Protosynthesis|[silent]\n|switch|p1a: Sableye|Sableye, M, shiny|100\/100\n|move|p2a: Gholdengo|Thunder Wave|p1a: Sableye\n|-status|p1a: Sableye|par\n|\n|upkeep\n|turn|3\n|\n|t:|1699728389\n|switch|p2a: Hatterene|Hatterene, F|100\/100\n|move|p1a: Sableye|Knock Off|p2a: Hatterene\n|-damage|p2a: Hatterene|78\/100\n|-enditem|p2a: Hatterene|Leftovers|[from] move: Knock Off|[of] p1a: Sableye\n|\n|upkeep\n|turn|4\n|\n|t:|1699728397\n|move|p1a: Sableye|Taunt|p2a: Hatterene\n|move|p2a: Hatterene|Taunt|p1a: Sableye|[from]ability: Magic Bounce\n|-start|p1a: Sableye|move: Taunt\n|move|p2a: Hatterene|Dazzling Gleam|p1a: Sableye\n|-supereffective|p1a: Sableye\n|-enditem|p1a: Sableye|Roseli Berry|[eat]\n|-enditem|p1a: Sableye|Roseli Berry|[weaken]\n|-damage|p1a: Sableye|49\/100 par\n|\n|upkeep\n|turn|5\n|\n|t:|1699728408\n|switch|p1a: Amoonguss|Amoonguss, F|100\/100\n|move|p2a: Hatterene|Dazzling Gleam|p1a: Amoonguss\n|-resisted|p1a: Amoonguss\n|-damage|p1a: Amoonguss|83\/100\n|\n|-heal|p1a: Amoonguss|90\/100|[from] item: Black Sludge\n|upkeep\n|turn|6\n|\n|t:|1699728417\n|switch|p2a: Gholdengo|Gholdengo|100\/100\n|move|p1a: Amoonguss|Sludge Bomb|p2a: Gholdengo\n|-immune|p2a: Gholdengo\n|\n|-heal|p1a: Amoonguss|96\/100|[from] item: Black Sludge\n|upkeep\n|turn|7\n|\n|t:|1699728431\n|switch|p1a: Sableye|Sableye, M, shiny|49\/100 par\n|move|p2a: Gholdengo|Thunder Wave|p1a: Sableye\n|-fail|p1a: Sableye|par\n|\n|upkeep\n|turn|8\n|\n|t:|1699728437\n|move|p2a: Gholdengo|Hex|p1a: Sableye\n|-damage|p1a: Sableye|0 fnt\n|faint|p1a: Sableye\n|\n|upkeep\n|\n|t:|1699728442\n|switch|p1a: Sandy Shocks|Sandy Shocks, tera:Ice|77\/100\n|turn|9\n|\n|t:|1699728450\n|move|p1a: Sandy Shocks|Tera Blast|p2a: Gholdengo|[anim] Tera Blast Ice\n|-resisted|p2a: Gholdengo\n|-damage|p2a: Gholdengo|87\/100\n|move|p2a: Gholdengo|Thunder Wave|p1a: Sandy Shocks\n|-status|p1a: Sandy Shocks|par\n|\n|-heal|p2a: Gholdengo|93\/100|[from] item: Leftovers\n|upkeep\n|turn|10\n|\n|t:|1699728458\n|-end|p1a: Sandy Shocks|Protosynthesis|[silent]\n|switch|p1a: Great Tusk|Great Tusk|100\/100\n|move|p2a: Gholdengo|Hex|p1a: Great Tusk\n|-damage|p1a: Great Tusk|57\/100\n|\n|-heal|p2a: Gholdengo|99\/100|[from] item: Leftovers\n|upkeep\n|turn|11\n|\n|t:|1699728467\n|-end|p1a: Great Tusk|Protosynthesis|[silent]\n|switch|p1a: Ceruledge|Ceruledge, F|100\/100\n|move|p2a: Gholdengo|Psychic|p1a: Ceruledge\n|-damage|p1a: Ceruledge|67\/100\n|-unboost|p1a: Ceruledge|spd|1\n|\n|-heal|p2a: Gholdengo|100\/100|[from] item: Leftovers\n|upkeep\n|turn|12\n|\n|t:|1699728482\n|switch|p1a: Great Tusk|Great Tusk|57\/100\n|switch|p2a: Zamazenta|Zamazenta|100\/100\n|-ability|p2a: Zamazenta|Dauntless Shield|boost\n|-boost|p2a: Zamazenta|def|1\n|\n|upkeep\n|turn|13\n|c|\u2606BigDaddy28|Ur so bad hajajaha\n|-message|BigDaddy28 forfeited.\n|\n|win|Diamond_Apa\n|raw|BigDaddy28's rating: 1331 &rarr; <strong>1315<\/strong><br \/>(-16 for losing)\n|raw|Diamond_Apa's rating: 1394 &rarr; <strong>1410<\/strong><br \/>(+16 for winning)\n|l|\u2606BigDaddy28\n|l|\u2606Diamond_Apa\n|j|\u2606Diamond_Apa\n|player|p2|Diamond_Apa|grusha\n","uploadtime":1699728522,"views":17,"p1id":"bigdaddy28","p2id":"diamondapa","formatid":"gen9ou","rating":1315,"private":0,"password":""}