{"id":"gen9ou-1999700378","p1":"lamegazelle","p2":"VanhominTest","format":"[Gen 9] OU","log":"|j|\u2606lamegazelle\n|j|\u2606VanhominTest\n|t:|1701108999\n|gametype|singles\n|player|p1|lamegazelle|265|1364\n|player|p2|VanhominTest|scientist-gen4|1446\n|teamsize|p1|6\n|teamsize|p2|6\n|gen|9\n|tier|[Gen 9] OU\n|rated|\n|rule|Sleep Clause Mod: Limit one foe put to sleep\n|rule|Species Clause: Limit one of each Pok\u00e9mon\n|rule|OHKO Clause: OHKO moves are banned\n|rule|Evasion Items Clause: Evasion items are banned\n|rule|Evasion Moves Clause: Evasion moves are banned\n|rule|Endless Battle Clause: Forcing endless battles is banned\n|rule|HP Percentage Mod: HP is shown in percentages\n|clearpoke\n|poke|p1|Cinderace, M|\n|poke|p1|Corviknight, F|\n|poke|p1|Heatran, M|\n|poke|p1|Ting-Lu|\n|poke|p1|Greninja-*, M|\n|poke|p1|Manaphy|\n|poke|p2|Ditto|\n|poke|p2|Ninetales-Alola, F|\n|poke|p2|Garganacl, M|\n|poke|p2|Lokix, M|\n|poke|p2|Enamorus, F|\n|poke|p2|Corviknight, F|\n|teampreview\n|inactive|Battle timer is ON: inactive players will automatically lose when time's up. (requested by VanhominTest)\n|inactive|lamegazelle has 120 seconds left.\n|\n|t:|1701109032\n|start\n|switch|p1a: Cinderace|Cinderace, M|100\/100\n|switch|p2a: Catalyst|Garganacl, M|100\/100\n|turn|1\n|\n|t:|1701109058\n|switch|p1a: Ting-Lu|Ting-Lu|100\/100\n|-ability|p1a: Ting-Lu|Vessel of Ruin\n|move|p2a: Catalyst|Salt Cure|p1a: Ting-Lu\n|-resisted|p1a: Ting-Lu\n|-damage|p1a: Ting-Lu|97\/100\n|-start|p1a: Ting-Lu|Salt Cure\n|\n|-heal|p1a: Ting-Lu|100\/100|[from] item: Leftovers\n|-damage|p1a: Ting-Lu|88\/100|[from] Salt Cure\n|upkeep\n|turn|2\n|\n|t:|1701109070\n|move|p1a: Ting-Lu|Earthquake|p2a: Catalyst\n|-supereffective|p2a: Catalyst\n|-damage|p2a: Catalyst|50\/100\n|move|p2a: Catalyst|Curse|p2a: Catalyst\n|-unboost|p2a: Catalyst|spe|1\n|-boost|p2a: Catalyst|atk|1\n|-boost|p2a: Catalyst|def|1\n|\n|-heal|p1a: Ting-Lu|94\/100|[from] item: Leftovers\n|-heal|p2a: Catalyst|56\/100|[from] item: Leftovers\n|-damage|p1a: Ting-Lu|82\/100|[from] Salt Cure\n|upkeep\n|turn|3\n|\n|t:|1701109082\n|move|p2a: Catalyst|Recover|p2a: Catalyst\n|-heal|p2a: Catalyst|100\/100\n|move|p1a: Ting-Lu|Whirlwind|p2a: Catalyst\n|drag|p2a: Recursion|Ditto|100\/100\n|-transform|p2a: Recursion|p1a: Ting-Lu|[from] ability: Imposter\n|-ability|p2a: Recursion|Vessel of Ruin\n|\n|-heal|p1a: Ting-Lu|88\/100|[from] item: Leftovers\n|-damage|p1a: Ting-Lu|76\/100|[from] Salt Cure\n|upkeep\n|turn|4\n|\n|t:|1701109095\n|switch|p2a: Mordred|Corviknight, F|100\/100\n|-ability|p2a: Mordred|Pressure\n|switch|p1a: Heatran|Heatran, M|100\/100\n|\n|upkeep\n|turn|5\n|\n|t:|1701109103\n|move|p1a: Heatran|Magma Storm|p2a: Mordred|[miss]\n|-miss|p1a: Heatran|p2a: Mordred\n|move|p2a: Mordred|U-turn|p1a: Heatran\n|-resisted|p1a: Heatran\n|-damage|p1a: Heatran|98\/100\n|\n|t:|1701109109\n|switch|p2a: Catalyst|Garganacl, M|100\/100|[from] U-turn\n|\n|-heal|p1a: Heatran|100\/100|[from] item: Leftovers\n|upkeep\n|turn|6\n|\n|t:|1701109115\n|move|p1a: Heatran|Magma Storm|p2a: Catalyst|[miss]\n|-miss|p1a: Heatran|p2a: Catalyst\n|move|p2a: Catalyst|Salt Cure|p1a: Heatran\n|-damage|p1a: Heatran|89\/100\n|-start|p1a: Heatran|Salt Cure\n|\n|-heal|p1a: Heatran|96\/100|[from] item: Leftovers\n|-damage|p1a: Heatran|71\/100|[from] Salt Cure\n|upkeep\n|turn|7\n|\n|t:|1701109125\n|move|p1a: Heatran|Magma Storm|p2a: Catalyst|[miss]\n|-miss|p1a: Heatran|p2a: Catalyst\n|move|p2a: Catalyst|Curse|p2a: Catalyst\n|-unboost|p2a: Catalyst|spe|1\n|-boost|p2a: Catalyst|atk|1\n|-boost|p2a: Catalyst|def|1\n|\n|-heal|p1a: Heatran|77\/100|[from] item: Leftovers\n|-damage|p1a: Heatran|52\/100|[from] Salt Cure\n|upkeep\n|turn|8\n|\n|t:|1701109149\n|switch|p1a: Ting-Lu|Ting-Lu|76\/100\n|-ability|p1a: Ting-Lu|Vessel of Ruin\n|move|p2a: Catalyst|Body Press|p1a: Ting-Lu\n|-supereffective|p1a: Ting-Lu\n|-damage|p1a: Ting-Lu|34\/100\n|\n|-heal|p1a: Ting-Lu|41\/100|[from] item: Leftovers\n|upkeep\n|turn|9\n|\n|t:|1701109159\n|move|p2a: Catalyst|Body Press|p1a: Ting-Lu\n|-supereffective|p1a: Ting-Lu\n|-crit|p1a: Ting-Lu\n|-damage|p1a: Ting-Lu|0 fnt\n|faint|p1a: Ting-Lu\n|\n|upkeep\n|\n|t:|1701109166\n|switch|p1a: Manaphy|Manaphy|100\/100\n|turn|10\n|\n|t:|1701109169\n|-terastallize|p1a: Manaphy|Psychic\n|-terastallize|p2a: Catalyst|Ghost\n|move|p1a: Manaphy|Acid Armor|p1a: Manaphy\n|-boost|p1a: Manaphy|def|2\n|move|p2a: Catalyst|Salt Cure|p1a: Manaphy\n|-damage|p1a: Manaphy|91\/100\n|-start|p1a: Manaphy|Salt Cure\n|\n|-heal|p1a: Manaphy|98\/100|[from] item: Leftovers\n|-damage|p1a: Manaphy|85\/100|[from] Salt Cure\n|upkeep\n|turn|11\n|\n|t:|1701109182\n|move|p1a: Manaphy|Tail Glow|p1a: Manaphy\n|-boost|p1a: Manaphy|spa|3\n|move|p2a: Catalyst|Curse|p1a: Manaphy\n|-start|p1a: Manaphy|Curse|[of] p2a: Catalyst\n|-damage|p2a: Catalyst|50\/100\n|\n|-heal|p1a: Manaphy|91\/100|[from] item: Leftovers\n|-heal|p2a: Catalyst|57\/100|[from] item: Leftovers\n|-damage|p1a: Manaphy|66\/100|[from] Curse\n|-damage|p1a: Manaphy|54\/100|[from] Salt Cure\n|upkeep\n|turn|12\n|\n|t:|1701109196\n|switch|p2a: Blackleg|Lokix, M|100\/100\n|move|p1a: Manaphy|Stored Power|p2a: Blackleg\n|-immune|p2a: Blackleg\n|\n|-heal|p1a: Manaphy|60\/100|[from] item: Leftovers\n|-damage|p1a: Manaphy|35\/100|[from] Curse\n|-damage|p1a: Manaphy|23\/100|[from] Salt Cure\n|upkeep\n|turn|13\n|\n|t:|1701109209\n|move|p2a: Blackleg|Sucker Punch|p1a: Manaphy\n|-supereffective|p1a: Manaphy\n|-damage|p1a: Manaphy|0 fnt\n|faint|p1a: Manaphy\n|\n|upkeep\n|\n|t:|1701109217\n|switch|p1a: Corviknight|Corviknight, F|100\/100\n|turn|14\n|\n|t:|1701109220\n|move|p2a: Blackleg|Knock Off|p1a: Corviknight\n|-damage|p1a: Corviknight|70\/100\n|-damage|p2a: Blackleg|84\/100|[from] item: Rocky Helmet|[of] p1a: Corviknight\n|-enditem|p1a: Corviknight|Rocky Helmet|[from] move: Knock Off|[of] p2a: Blackleg\n|move|p1a: Corviknight|Bulk Up|p1a: Corviknight\n|-boost|p1a: Corviknight|atk|1\n|-boost|p1a: Corviknight|def|1\n|\n|upkeep\n|turn|15\n|\n|t:|1701109230\n|move|p2a: Blackleg|U-turn|p1a: Corviknight\n|-resisted|p1a: Corviknight\n|-damage|p1a: Corviknight|63\/100\n|\n|t:|1701109234\n|switch|p2a: Giiwedin|Ninetales-Alola, F|100\/100|[from] U-turn\n|-weather|Snow|[from] ability: Snow Warning|[of] p2a: Giiwedin\n|move|p1a: Corviknight|Bulk Up|p1a: Corviknight\n|-boost|p1a: Corviknight|atk|1\n|-boost|p1a: Corviknight|def|1\n|\n|-weather|Snow|[upkeep]\n|upkeep\n|turn|16\n|\n|t:|1701109244\n|switch|p1a: Cinderace|Cinderace, M|100\/100\n|move|p2a: Giiwedin|Encore||[still]\n|-fail|p2a: Giiwedin\n|\n|-weather|Snow|[upkeep]\n|upkeep\n|turn|17\n|\n|t:|1701109253\n|switch|p2a: Mordred|Corviknight, F|100\/100\n|-ability|p2a: Mordred|Pressure\n|move|p1a: Cinderace|Pyro Ball|p2a: Mordred\n|-supereffective|p2a: Mordred\n|-damage|p2a: Mordred|37\/100\n|\n|-weather|Snow|[upkeep]\n|upkeep\n|turn|18\n|\n|t:|1701109262\n|move|p1a: Cinderace|U-turn|p2a: Mordred\n|-start|p1a: Cinderace|typechange|Bug|[from] ability: Libero\n|-resisted|p2a: Mordred\n|-damage|p2a: Mordred|32\/100\n|-damage|p1a: Cinderace|84\/100|[from] item: Rocky Helmet|[of] p2a: Mordred\n|\n|t:|1701109268\n|switch|p1a: Heatran|Heatran, M|52\/100|[from] U-turn\n|move|p2a: Mordred|Roost|p2a: Mordred\n|-heal|p2a: Mordred|82\/100\n|-singleturn|p2a: Mordred|move: Roost\n|\n|-weather|Snow|[upkeep]\n|-heal|p1a: Heatran|58\/100|[from] item: Leftovers\n|upkeep\n|turn|19\n|\n|t:|1701109279\n|move|p1a: Heatran|Magma Storm|p2a: Mordred\n|-supereffective|p2a: Mordred\n|-damage|p2a: Mordred|0 fnt\n|faint|p2a: Mordred\n|\n|-weather|none\n|-heal|p1a: Heatran|64\/100|[from] item: Leftovers\n|upkeep\n|\n|t:|1701109283\n|switch|p2a: Enamorus|Enamorus, F|100\/100\n|turn|20\n|\n|t:|1701109289\n|switch|p1a: Corviknight|Corviknight, F|63\/100\n|move|p2a: Enamorus|Substitute|p2a: Enamorus\n|-start|p2a: Enamorus|Substitute\n|-damage|p2a: Enamorus|76\/100\n|\n|-heal|p2a: Enamorus|82\/100|[from] item: Leftovers\n|upkeep\n|turn|21\n|\n|t:|1701109298\n|switch|p2a: Giiwedin|Ninetales-Alola, F|100\/100\n|-weather|Snow|[from] ability: Snow Warning|[of] p2a: Giiwedin\n|move|p1a: Corviknight|Brave Bird|p2a: Giiwedin\n|-damage|p2a: Giiwedin|68\/100\n|-damage|p1a: Corviknight|53\/100|[from] Recoil\n|\n|-weather|Snow|[upkeep]\n|upkeep\n|turn|22\n|\n|t:|1701109308\n|switch|p1a: Heatran|Heatran, M|64\/100\n|move|p2a: Giiwedin|Freeze-Dry|p1a: Heatran\n|-resisted|p1a: Heatran\n|-damage|p1a: Heatran|60\/100\n|\n|-weather|Snow|[upkeep]\n|-heal|p1a: Heatran|66\/100|[from] item: Leftovers\n|upkeep\n|turn|23\n|\n|t:|1701109317\n|switch|p2a: Recursion|Ditto|100\/100\n|-transform|p2a: Recursion|p1a: Heatran|[from] ability: Imposter\n|move|p1a: Heatran|Magma Storm|p2a: Recursion\n|-damage|p2a: Recursion|66\/100\n|-activate|p2a: Recursion|move: Magma Storm|[of] p1a: Heatran\n|\n|-weather|Snow|[upkeep]\n|-heal|p1a: Heatran|72\/100|[from] item: Leftovers\n|-damage|p2a: Recursion|54\/100|[from] move: Magma Storm|[partiallytrapped]\n|upkeep\n|turn|24\n|\n|t:|1701109333\n|move|p2a: Recursion|Magma Storm|p1a: Heatran\n|-damage|p1a: Heatran|35\/100\n|-activate|p1a: Heatran|move: Magma Storm|[of] p2a: Recursion\n|move|p1a: Heatran|Earth Power|p2a: Recursion\n|-supereffective|p2a: Recursion\n|-damage|p2a: Recursion|0 fnt\n|faint|p2a: Recursion\n|\n|-weather|Snow|[upkeep]\n|-heal|p1a: Heatran|41\/100|[from] item: Leftovers\n|-end|p1a: Heatran|Magma Storm|[partiallytrapped]|[silent]\n|upkeep\n|\n|t:|1701109344\n|switch|p2a: Catalyst|Garganacl, M, tera:Ghost|57\/100\n|turn|25\n|\n|t:|1701109348\n|move|p1a: Heatran|Magma Storm|p2a: Catalyst\n|-damage|p2a: Catalyst|26\/100\n|-activate|p2a: Catalyst|move: Magma Storm|[of] p1a: Heatran\n|move|p2a: Catalyst|Recover|p2a: Catalyst\n|-heal|p2a: Catalyst|76\/100\n|\n|-weather|none\n|-heal|p1a: Heatran|47\/100|[from] item: Leftovers\n|-heal|p2a: Catalyst|82\/100|[from] item: Leftovers\n|-damage|p2a: Catalyst|70\/100|[from] move: Magma Storm|[partiallytrapped]\n|upkeep\n|turn|26\n|\n|t:|1701109359\n|move|p1a: Heatran|Taunt|p2a: Catalyst\n|-start|p2a: Catalyst|move: Taunt\n|move|p2a: Catalyst|Salt Cure|p1a: Heatran\n|-damage|p1a: Heatran|36\/100\n|-start|p1a: Heatran|Salt Cure\n|\n|-heal|p1a: Heatran|42\/100|[from] item: Leftovers\n|-heal|p2a: Catalyst|76\/100|[from] item: Leftovers\n|-damage|p1a: Heatran|17\/100|[from] Salt Cure\n|-damage|p2a: Catalyst|64\/100|[from] move: Magma Storm|[partiallytrapped]\n|upkeep\n|turn|27\n|\n|t:|1701109372\n|move|p1a: Heatran|Earth Power|p2a: Catalyst\n|-damage|p2a: Catalyst|46\/100\n|move|p2a: Catalyst|Salt Cure|p1a: Heatran\n|-crit|p1a: Heatran\n|-damage|p1a: Heatran|1\/100\n|\n|-heal|p1a: Heatran|8\/100|[from] item: Leftovers\n|-heal|p2a: Catalyst|52\/100|[from] item: Leftovers\n|-damage|p1a: Heatran|0 fnt|[from] Salt Cure\n|faint|p1a: Heatran\n|-end|p2a: Catalyst|Magma Storm|[partiallytrapped]|[silent]\n|upkeep\n|\n|t:|1701109385\n|switch|p1a: Greninja|Greninja, M|100\/100\n|turn|28\n|\n|t:|1701109413\n|switch|p2a: Giiwedin|Ninetales-Alola, F|68\/100\n|-weather|Snow|[from] ability: Snow Warning|[of] p2a: Giiwedin\n|move|p1a: Greninja|Surf|p2a: Giiwedin\n|-damage|p2a: Giiwedin|15\/100\n|-damage|p1a: Greninja|91\/100|[from] item: Life Orb\n|\n|-weather|Snow|[upkeep]\n|upkeep\n|turn|29\n|\n|t:|1701109423\n|move|p1a: Greninja|Water Shuriken|p2a: Giiwedin\n|-damage|p2a: Giiwedin|7\/100\n|-damage|p2a: Giiwedin|0 fnt\n|faint|p2a: Giiwedin\n|-ability|p1a: Greninja|Battle Bond|boost\n|-boost|p1a: Greninja|atk|1\n|-boost|p1a: Greninja|spa|1\n|-boost|p1a: Greninja|spe|1\n|-activate|p1a: Greninja|ability: Battle Bond\n|-hitcount|p2: Giiwedin|2\n|-damage|p1a: Greninja|81\/100|[from] item: Life Orb\n|\n|-weather|Snow|[upkeep]\n|upkeep\n|\n|t:|1701109428\n|switch|p2a: Blackleg|Lokix, M|84\/100\n|turn|30\n|\n|t:|1701109443\n|move|p2a: Blackleg|First Impression|p1a: Greninja\n|-supereffective|p1a: Greninja\n|-damage|p1a: Greninja|0 fnt\n|faint|p1a: Greninja\n|\n|-weather|Snow|[upkeep]\n|upkeep\n|\n|t:|1701109452\n|switch|p1a: Corviknight|Corviknight, F|53\/100\n|turn|31\n|\n|t:|1701109456\n|move|p2a: Blackleg|U-turn|p1a: Corviknight\n|-resisted|p1a: Corviknight\n|-damage|p1a: Corviknight|43\/100\n|\n|t:|1701109458\n|switch|p2a: Catalyst|Garganacl, M, tera:Ghost|52\/100|[from] U-turn\n|move|p1a: Corviknight|Bulk Up|p1a: Corviknight\n|-boost|p1a: Corviknight|atk|1\n|-boost|p1a: Corviknight|def|1\n|\n|-weather|Snow|[upkeep]\n|-heal|p2a: Catalyst|58\/100|[from] item: Leftovers\n|upkeep\n|turn|32\n|\n|t:|1701109468\n|move|p1a: Corviknight|Brave Bird|p2a: Catalyst\n|-damage|p2a: Catalyst|22\/100\n|-damage|p1a: Corviknight|30\/100|[from] Recoil\n|move|p2a: Catalyst|Salt Cure|p1a: Corviknight\n|-damage|p1a: Corviknight|23\/100\n|-start|p1a: Corviknight|Salt Cure\n|\n|-weather|none\n|-heal|p2a: Catalyst|28\/100|[from] item: Leftovers\n|-damage|p1a: Corviknight|0 fnt|[from] Salt Cure\n|faint|p1a: Corviknight\n|upkeep\n|\n|t:|1701109480\n|switch|p1a: Cinderace|Cinderace, M|84\/100\n|turn|33\n|\n|t:|1701109484\n|move|p1a: Cinderace|Pyro Ball|p2a: Catalyst|[miss]\n|-miss|p1a: Cinderace|p2a: Catalyst\n|move|p2a: Catalyst|Salt Cure|p1a: Cinderace\n|-supereffective|p1a: Cinderace\n|-damage|p1a: Cinderace|44\/100\n|-start|p1a: Cinderace|Salt Cure\n|\n|-heal|p2a: Catalyst|34\/100|[from] item: Leftovers\n|-damage|p1a: Cinderace|32\/100|[from] Salt Cure\n|upkeep\n|turn|34\n|c|\u2606lamegazelle|Come on\n|\n|t:|1701109494\n|move|p1a: Cinderace|Pyro Ball|p2a: Catalyst\n|-damage|p2a: Catalyst|0 fnt\n|faint|p2a: Catalyst\n|\n|-damage|p1a: Cinderace|20\/100|[from] Salt Cure\n|upkeep\n|\n|t:|1701109499\n|switch|p2a: Enamorus|Enamorus, F|82\/100\n|turn|35\n|\n|t:|1701109503\n|move|p1a: Cinderace|Pyro Ball|p2a: Enamorus\n|-damage|p2a: Enamorus|0 fnt\n|faint|p2a: Enamorus\n|\n|-damage|p1a: Cinderace|7\/100|[from] Salt Cure\n|upkeep\n|\n|t:|1701109508\n|switch|p2a: Blackleg|Lokix, M|84\/100\n|turn|36\n|\n|t:|1701109515\n|move|p2a: Blackleg|First Impression|p1a: Cinderace\n|-resisted|p1a: Cinderace\n|-damage|p1a: Cinderace|0 fnt\n|faint|p1a: Cinderace\n|\n|win|VanhominTest\n|raw|lamegazelle's rating: 1364 &rarr; <strong>1349<\/strong><br \/>(-15 for losing)\n|raw|VanhominTest's rating: 1446 &rarr; <strong>1461<\/strong><br \/>(+15 for winning)\n|l|\u2606lamegazelle\n|c|\u2606VanhominTest|gg\n","uploadtime":1701109518,"views":2,"p1id":"lamegazelle","p2id":"vanhomintest","formatid":"gen9ou","rating":1349,"private":0,"password":""}