{"id":"gen9ou-1997655466","p1":"MouseG","p2":"yyysneasel","format":"[Gen 9] OU","log":"|j|\u2606MouseG\n|j|\u2606yyysneasel\n|t:|1700838183\n|gametype|singles\n|player|p1|MouseG|battlegirl|1585\n|player|p2|yyysneasel|bugcatcher-gen4dp|1729\n|teamsize|p1|6\n|teamsize|p2|6\n|gen|9\n|tier|[Gen 9] OU\n|rated|\n|rule|Sleep Clause Mod: Limit one foe put to sleep\n|rule|Species Clause: Limit one of each Pok\u00e9mon\n|rule|OHKO Clause: OHKO moves are banned\n|rule|Evasion Items Clause: Evasion items are banned\n|rule|Evasion Moves Clause: Evasion moves are banned\n|rule|Endless Battle Clause: Forcing endless battles is banned\n|rule|HP Percentage Mod: HP is shown in percentages\n|clearpoke\n|poke|p1|Greninja-*, M|\n|poke|p1|Samurott-Hisui, F|\n|poke|p1|Kingambit, M|\n|poke|p1|Gholdengo|\n|poke|p1|Glimmora, M|\n|poke|p1|Breloom, M|\n|poke|p2|Corviknight, M|\n|poke|p2|Toxapex, F|\n|poke|p2|Dondozo, M|\n|poke|p2|Slowking-Galar, M|\n|poke|p2|Blissey, F|\n|poke|p2|Clefable, M|\n|teampreview\n|inactive|Battle timer is ON: inactive players will automatically lose when time's up. (requested by MouseG)\n|j| AKRAIOS\n|inactive|yyysneasel has 120 seconds left.\n|inactive|MouseG has 120 seconds left.\n|\n|t:|1700838234\n|start\n|switch|p1a: Samurott|Samurott-Hisui, F|100\/100\n|switch|p2a: stannin on bihness|Toxapex, F|100\/100\n|turn|1\n|\n|t:|1700838241\n|move|p1a: Samurott|Ceaseless Edge|p2a: stannin on bihness\n|-damage|p2a: stannin on bihness|72\/100\n|-sidestart|p2: yyysneasel|Spikes\n|move|p2a: stannin on bihness|Infestation|p1a: Samurott\n|-supereffective|p1a: Samurott\n|-damage|p1a: Samurott|91\/100\n|-activate|p1a: Samurott|move: Infestation|[of] p2a: stannin on bihness\n|\n|-damage|p1a: Samurott|79\/100|[from] move: Infestation|[partiallytrapped]\n|upkeep\n|turn|2\n|inactive|yyysneasel has 120 seconds left.\n|\n|t:|1700838279\n|move|p1a: Samurott|Encore|p2a: stannin on bihness\n|-start|p2a: stannin on bihness|Encore\n|move|p2a: stannin on bihness|Infestation|p1a: Samurott\n|-supereffective|p1a: Samurott\n|-damage|p1a: Samurott|69\/100\n|\n|-damage|p1a: Samurott|57\/100|[from] move: Infestation|[partiallytrapped]\n|upkeep\n|turn|3\n|\n|t:|1700838290\n|move|p1a: Samurott|Ceaseless Edge|p2a: stannin on bihness\n|-damage|p2a: stannin on bihness|44\/100\n|-sidestart|p2: yyysneasel|Spikes\n|move|p2a: stannin on bihness|Infestation|p1a: Samurott\n|-supereffective|p1a: Samurott\n|-damage|p1a: Samurott|48\/100\n|\n|-damage|p1a: Samurott|35\/100|[from] move: Infestation|[partiallytrapped]\n|upkeep\n|turn|4\n|\n|t:|1700838296\n|switch|p2a: FreePalestine\ud83c\uddf5\ud83c\uddf8|Corviknight, M|100\/100\n|-ability|p2a: FreePalestine\ud83c\uddf5\ud83c\uddf8|Pressure\n|move|p1a: Samurott|Ceaseless Edge|p2a: FreePalestine\ud83c\uddf5\ud83c\uddf8\n|-damage|p2a: FreePalestine\ud83c\uddf5\ud83c\uddf8|74\/100\n|-damage|p1a: Samurott|19\/100|[from] item: Rocky Helmet|[of] p2a: FreePalestine\ud83c\uddf5\ud83c\uddf8\n|-sidestart|p2: yyysneasel|Spikes\n|\n|-end|p1a: Samurott|Infestation|[partiallytrapped]|[silent]\n|upkeep\n|turn|5\n|\n|t:|1700838304\n|switch|p1a: Gholdengo|Gholdengo|100\/100\n|-item|p1a: Gholdengo|Air Balloon\n|move|p2a: FreePalestine\ud83c\uddf5\ud83c\uddf8|U-turn|p1a: Gholdengo\n|-resisted|p1a: Gholdengo\n|-damage|p1a: Gholdengo|97\/100\n|-enditem|p1a: Gholdengo|Air Balloon\n|\n|t:|1700838307\n|switch|p2a: stannin on bihness|Toxapex, F|77\/100|[from] U-turn\n|\n|upkeep\n|turn|6\n|\n|t:|1700838318\n|switch|p2a: ban dengo ffs|Blissey, F|100\/100\n|move|p1a: Gholdengo|Nasty Plot|p1a: Gholdengo\n|-boost|p1a: Gholdengo|spa|2\n|\n|upkeep\n|turn|7\n|inactive|yyysneasel has 120 seconds left.\n|\n|t:|1700838373\n|move|p1a: Gholdengo|Focus Blast|p2a: ban dengo ffs\n|-supereffective|p2a: ban dengo ffs\n|-damage|p2a: ban dengo ffs|43\/100\n|move|p2a: ban dengo ffs|Flamethrower|p1a: Gholdengo\n|-supereffective|p1a: Gholdengo\n|-damage|p1a: Gholdengo|57\/100\n|\n|upkeep\n|turn|8\n|\n|t:|1700838386\n|switch|p2a: stannin on bihness|Toxapex, F|100\/100\n|move|p1a: Gholdengo|Focus Blast|p2a: stannin on bihness\n|-resisted|p2a: stannin on bihness\n|-damage|p2a: stannin on bihness|67\/100\n|\n|upkeep\n|turn|9\n|\n|t:|1700838398\n|switch|p2a: ban dengo ffs|Blissey, F|43\/100\n|move|p1a: Gholdengo|Thunderbolt|p2a: ban dengo ffs\n|-damage|p2a: ban dengo ffs|18\/100\n|\n|upkeep\n|turn|10\n|\n|t:|1700838404\n|switch|p2a: It's Joever|Clefable, M|100\/100\n|move|p1a: Gholdengo|Thunderbolt|p2a: It's Joever\n|-damage|p2a: It's Joever|80\/100\n|\n|upkeep\n|turn|11\n|j| dfghhhg\n|inactive|MouseG has 120 seconds left.\n|\n|t:|1700838440\n|switch|p1a: Glimmora|Glimmora, M|100\/100\n|move|p2a: It's Joever|Wish|p2a: It's Joever\n|\n|upkeep\n|turn|12\n|inactive|MouseG has 120 seconds left.\n|inactive|yyysneasel has 120 seconds left.\n|\n|t:|1700838455\n|switch|p2a: ban dengo ffs|Blissey, F|18\/100\n|move|p1a: Glimmora|Power Gem|p2a: ban dengo ffs\n|-damage|p2a: ban dengo ffs|2\/100\n|\n|-heal|p2a: ban dengo ffs|30\/100|[from] move: Wish|[wisher] It's Joever\n|upkeep\n|turn|13\n|\n|t:|1700838469\n|move|p1a: Glimmora|Power Gem|p2a: ban dengo ffs\n|-damage|p2a: ban dengo ffs|15\/100\n|move|p2a: ban dengo ffs|Soft-Boiled|p2a: ban dengo ffs\n|-heal|p2a: ban dengo ffs|65\/100\n|\n|upkeep\n|turn|14\n|inactive|yyysneasel has 120 seconds left.\n|\n|t:|1700838518\n|switch|p1a: Samurott|Samurott-Hisui, F|19\/100\n|move|p2a: ban dengo ffs|Soft-Boiled|p2a: ban dengo ffs\n|-heal|p2a: ban dengo ffs|100\/100\n|\n|upkeep\n|turn|15\n|\n|t:|1700838540\n|switch|p2a: FreePalestine\ud83c\uddf5\ud83c\uddf8|Corviknight, M|74\/100\n|-ability|p2a: FreePalestine\ud83c\uddf5\ud83c\uddf8|Pressure\n|move|p1a: Samurott|Encore||[still]\n|-fail|p1a: Samurott\n|\n|upkeep\n|turn|16\n|inactive|yyysneasel has 90 seconds left.\n|inactive|MouseG has 90 seconds left.\n|\n|t:|1700838571\n|switch|p1a: Glimmora|Glimmora, M|100\/100\n|move|p2a: FreePalestine\ud83c\uddf5\ud83c\uddf8|U-turn|p1a: Glimmora\n|-resisted|p1a: Glimmora\n|-damage|p1a: Glimmora|91\/100\n|-activate|p1a: Glimmora|ability: Toxic Debris\n|-sidestart|p2: yyysneasel|move: Toxic Spikes\n|-enditem|p1a: Glimmora|Red Card|[of] p2a: FreePalestine\ud83c\uddf5\ud83c\uddf8\n|drag|p2a: stannin on bihness|Toxapex, F|100\/100\n|-sideend|p2: yyysneasel|move: Toxic Spikes|[of] p2a: stannin on bihness\n|\n|upkeep\n|turn|17\n|\n|t:|1700838584\n|move|p1a: Glimmora|Earth Power|p2a: stannin on bihness\n|-supereffective|p2a: stannin on bihness\n|-damage|p2a: stannin on bihness|46\/100\n|move|p2a: stannin on bihness|Infestation|p1a: Glimmora\n|-resisted|p1a: Glimmora\n|-damage|p1a: Glimmora|89\/100\n|-activate|p1a: Glimmora|move: Infestation|[of] p2a: stannin on bihness\n|\n|-damage|p1a: Glimmora|77\/100|[from] move: Infestation|[partiallytrapped]\n|upkeep\n|turn|18\n|\n|t:|1700838599\n|switch|p2a: ban dengo ffs|Blissey, F|100\/100\n|move|p1a: Glimmora|Earth Power|p2a: ban dengo ffs\n|-damage|p2a: ban dengo ffs|90\/100\n|\n|-end|p1a: Glimmora|Infestation|[partiallytrapped]|[silent]\n|upkeep\n|turn|19\n|\n|t:|1700838606\n|move|p1a: Glimmora|Mortal Spin|p2a: ban dengo ffs\n|-damage|p2a: ban dengo ffs|84\/100\n|-status|p2a: ban dengo ffs|psn\n|move|p2a: ban dengo ffs|Stealth Rock|p1a: Glimmora\n|-sidestart|p1: MouseG|move: Stealth Rock\n|\n|-damage|p2a: ban dengo ffs|72\/100 psn|[from] psn\n|upkeep\n|turn|20\n|inactive|MouseG has 90 seconds left.\n|\n|t:|1700838619\n|-curestatus|p2a: ban dengo ffs|psn|[from] ability: Natural Cure\n|switch|p2a: FreePalestine\ud83c\uddf5\ud83c\uddf8|Corviknight, M|74\/100\n|-ability|p2a: FreePalestine\ud83c\uddf5\ud83c\uddf8|Pressure\n|move|p1a: Glimmora|Power Gem|p2a: FreePalestine\ud83c\uddf5\ud83c\uddf8\n|-damage|p2a: FreePalestine\ud83c\uddf5\ud83c\uddf8|36\/100\n|\n|upkeep\n|turn|21\n|inactive|MouseG has 90 seconds left.\n|\n|t:|1700838627\n|switch|p2a: stannin on bihness|Toxapex, F|80\/100\n|move|p1a: Glimmora|Power Gem|p2a: stannin on bihness\n|-damage|p2a: stannin on bihness|47\/100\n|\n|upkeep\n|turn|22\n|inactive|yyysneasel has 120 seconds left.\n|\n|t:|1700838632\n|switch|p2a: ban dengo ffs|Blissey, F|72\/100\n|move|p1a: Glimmora|Earth Power|p2a: ban dengo ffs\n|-damage|p2a: ban dengo ffs|60\/100\n|\n|upkeep\n|turn|23\n|\n|t:|1700838636\n|move|p1a: Glimmora|Mortal Spin|p2a: ban dengo ffs\n|-damage|p2a: ban dengo ffs|54\/100\n|-status|p2a: ban dengo ffs|psn\n|-sideend|p1: MouseG|Stealth Rock|[from] move: Mortal Spin|[of] p1a: Glimmora\n|move|p2a: ban dengo ffs|Soft-Boiled|p2a: ban dengo ffs\n|-heal|p2a: ban dengo ffs|100\/100 psn\n|\n|-damage|p2a: ban dengo ffs|88\/100 psn|[from] psn\n|upkeep\n|turn|24\n|\n|t:|1700838647\n|-curestatus|p2a: ban dengo ffs|psn|[from] ability: Natural Cure\n|switch|p2a: Slowking|Slowking-Galar, M|100\/100\n|-damage|p2a: Slowking|76\/100|[from] Spikes\n|move|p1a: Glimmora|Power Gem|p2a: Slowking\n|-crit|p2a: Slowking\n|-damage|p2a: Slowking|16\/100\n|\n|upkeep\n|turn|25\n|\n|t:|1700838663\n|switch|p2a: ban dengo ffs|Blissey, F|88\/100\n|move|p1a: Glimmora|Power Gem|p2a: ban dengo ffs\n|-damage|p2a: ban dengo ffs|74\/100\n|\n|upkeep\n|turn|26\n|\n|t:|1700838672\n|switch|p1a: Breloom|Breloom, M|100\/100\n|move|p2a: ban dengo ffs|Seismic Toss|p1a: Breloom\n|-damage|p1a: Breloom|62\/100\n|\n|upkeep\n|turn|27\n|\n|t:|1700838680\n|move|p1a: Breloom|Spore|p2a: ban dengo ffs\n|-status|p2a: ban dengo ffs|slp|[from] move: Spore\n|cant|p2a: ban dengo ffs|slp\n|\n|upkeep\n|turn|28\n|\n|t:|1700838683\n|-curestatus|p2a: ban dengo ffs|slp|[from] ability: Natural Cure\n|switch|p2a: stannin on bihness|Toxapex, F|80\/100\n|move|p1a: Breloom|Swords Dance|p1a: Breloom\n|-boost|p1a: Breloom|atk|2\n|\n|upkeep\n|turn|29\n|\n|t:|1700838692\n|move|p1a: Breloom|Bullet Seed|p2a: stannin on bihness\n|-crit|p2a: stannin on bihness\n|-damage|p2a: stannin on bihness|44\/100\n|-damage|p2a: stannin on bihness|19\/100\n|-hitcount|p2a: stannin on bihness|2\n|move|p2a: stannin on bihness|Toxic|p1a: Breloom\n|-status|p1a: Breloom|tox\n|\n|-damage|p1a: Breloom|56\/100 tox|[from] psn\n|upkeep\n|turn|30\n|\n|t:|1700838701\n|switch|p2a: FreePalestine\ud83c\uddf5\ud83c\uddf8|Corviknight, M|36\/100\n|-ability|p2a: FreePalestine\ud83c\uddf5\ud83c\uddf8|Pressure\n|move|p1a: Breloom|Bullet Seed|p2a: FreePalestine\ud83c\uddf5\ud83c\uddf8\n|-resisted|p2a: FreePalestine\ud83c\uddf5\ud83c\uddf8\n|-damage|p2a: FreePalestine\ud83c\uddf5\ud83c\uddf8|29\/100\n|-resisted|p2a: FreePalestine\ud83c\uddf5\ud83c\uddf8\n|-damage|p2a: FreePalestine\ud83c\uddf5\ud83c\uddf8|23\/100\n|-resisted|p2a: FreePalestine\ud83c\uddf5\ud83c\uddf8\n|-damage|p2a: FreePalestine\ud83c\uddf5\ud83c\uddf8|17\/100\n|-hitcount|p2a: FreePalestine\ud83c\uddf5\ud83c\uddf8|3\n|\n|-damage|p1a: Breloom|44\/100 tox|[from] psn\n|upkeep\n|turn|31\n|\n|t:|1700838706\n|move|p1a: Breloom|Mach Punch|p2a: FreePalestine\ud83c\uddf5\ud83c\uddf8\n|-damage|p2a: FreePalestine\ud83c\uddf5\ud83c\uddf8|0 fnt\n|-damage|p1a: Breloom|27\/100 tox|[from] item: Rocky Helmet|[of] p2a: FreePalestine\ud83c\uddf5\ud83c\uddf8\n|faint|p2a: FreePalestine\ud83c\uddf5\ud83c\uddf8\n|\n|-damage|p1a: Breloom|9\/100 tox|[from] psn\n|upkeep\n|\n|t:|1700838710\n|switch|p2a: It's Joever|Clefable, M|80\/100\n|turn|32\n|\n|t:|1700838714\n|move|p2a: It's Joever|Protect|p2a: It's Joever\n|-singleturn|p2a: It's Joever|Protect\n|move|p1a: Breloom|Bullet Seed|p2a: It's Joever\n|-activate|p2a: It's Joever|move: Protect\n|\n|-damage|p1a: Breloom|0 fnt|[from] psn\n|faint|p1a: Breloom\n|upkeep\n|\n|t:|1700838729\n|switch|p1a: Samurott|Samurott-Hisui, F|19\/100\n|turn|33\n|inactive|yyysneasel has 120 seconds left.\n|\n|t:|1700838760\n|move|p1a: Samurott|Encore|p2a: It's Joever\n|-start|p2a: It's Joever|Encore\n|move|p2a: It's Joever|Protect||[still]\n|-fail|p2a: It's Joever\n|\n|upkeep\n|turn|34\n|\n|t:|1700838768\n|move|p2a: It's Joever|Protect|p2a: It's Joever\n|-singleturn|p2a: It's Joever|Protect\n|move|p1a: Samurott|Razor Shell|p2a: It's Joever\n|-activate|p2a: It's Joever|move: Protect\n|\n|upkeep\n|turn|35\n|\n|t:|1700838773\n|switch|p2a: stannin on bihness|Toxapex, F|52\/100\n|move|p1a: Samurott|Razor Shell|p2a: stannin on bihness\n|-resisted|p2a: stannin on bihness\n|-damage|p2a: stannin on bihness|36\/100\n|\n|upkeep\n|turn|36\n|\n|t:|1700838781\n|move|p1a: Samurott|Ceaseless Edge|p2a: stannin on bihness\n|-damage|p2a: stannin on bihness|11\/100\n|move|p2a: stannin on bihness|Recover|p2a: stannin on bihness\n|-heal|p2a: stannin on bihness|61\/100\n|\n|upkeep\n|turn|37\n|\n|t:|1700838787\n|move|p1a: Samurott|Encore|p2a: stannin on bihness\n|-start|p2a: stannin on bihness|Encore\n|move|p2a: stannin on bihness|Recover|p2a: stannin on bihness\n|-heal|p2a: stannin on bihness|100\/100\n|\n|upkeep\n|turn|38\n|\n|t:|1700838792\n|move|p1a: Samurott|Ceaseless Edge|p2a: stannin on bihness\n|-damage|p2a: stannin on bihness|73\/100\n|move|p2a: stannin on bihness|Recover|p2a: stannin on bihness\n|-heal|p2a: stannin on bihness|100\/100\n|\n|upkeep\n|turn|39\n|\n|t:|1700838797\n|switch|p2a: It's Joever|Clefable, M|80\/100\n|move|p1a: Samurott|Ceaseless Edge|p2a: It's Joever\n|-resisted|p2a: It's Joever\n|-damage|p2a: It's Joever|57\/100\n|\n|upkeep\n|turn|40\n|\n|t:|1700838804\n|switch|p1a: Glimmora|Glimmora, M|77\/100\n|move|p2a: It's Joever|Wish|p2a: It's Joever\n|\n|upkeep\n|turn|41\n|\n|t:|1700838815\n|move|p2a: It's Joever|Protect|p2a: It's Joever\n|-singleturn|p2a: It's Joever|Protect\n|move|p1a: Glimmora|Mortal Spin|p2a: It's Joever\n|-activate|p2a: It's Joever|move: Protect\n|\n|-heal|p2a: It's Joever|100\/100|[from] move: Wish|[wisher] It's Joever\n|upkeep\n|turn|42\n|\n|t:|1700838830\n|switch|p2a: stannin on bihness|Toxapex, F|100\/100\n|move|p1a: Glimmora|Power Gem|p2a: stannin on bihness\n|-damage|p2a: stannin on bihness|66\/100\n|\n|upkeep\n|turn|43\n|\n|t:|1700838839\n|move|p1a: Glimmora|Earth Power|p2a: stannin on bihness\n|-supereffective|p2a: stannin on bihness\n|-damage|p2a: stannin on bihness|12\/100\n|move|p2a: stannin on bihness|Surf|p1a: Glimmora\n|-supereffective|p1a: Glimmora\n|-damage|p1a: Glimmora|24\/100\n|\n|upkeep\n|turn|44\n|\n|t:|1700838851\n|switch|p2a: ban dengo ffs|Blissey, F|74\/100\n|move|p1a: Glimmora|Earth Power|p2a: ban dengo ffs\n|-damage|p2a: ban dengo ffs|62\/100\n|\n|upkeep\n|turn|45\n|\n|t:|1700838859\n|switch|p1a: Gholdengo|Gholdengo|57\/100\n|move|p2a: ban dengo ffs|Soft-Boiled|p2a: ban dengo ffs\n|-heal|p2a: ban dengo ffs|100\/100\n|\n|upkeep\n|turn|46\n|\n|t:|1700838867\n|move|p1a: Gholdengo|Nasty Plot|p1a: Gholdengo\n|-boost|p1a: Gholdengo|spa|2\n|move|p2a: ban dengo ffs|Flamethrower|p1a: Gholdengo\n|-supereffective|p1a: Gholdengo\n|-damage|p1a: Gholdengo|21\/100\n|\n|upkeep\n|turn|47\n|\n|t:|1700838872\n|switch|p2a: It's Joever|Clefable, M|100\/100\n|move|p1a: Gholdengo|Focus Blast|p2a: It's Joever\n|-resisted|p2a: It's Joever\n|-damage|p2a: It's Joever|87\/100\n|-unboost|p2a: It's Joever|spd|1\n|\n|upkeep\n|turn|48\n|\n|t:|1700838882\n|move|p2a: It's Joever|Protect|p2a: It's Joever\n|-singleturn|p2a: It's Joever|Protect\n|move|p1a: Gholdengo|Shadow Ball|p2a: It's Joever\n|-activate|p2a: It's Joever|move: Protect\n|\n|upkeep\n|turn|49\n|\n|t:|1700838887\n|switch|p2a: ban dengo ffs|Blissey, F|100\/100\n|move|p1a: Gholdengo|Shadow Ball|p2a: ban dengo ffs\n|-immune|p2a: ban dengo ffs\n|\n|upkeep\n|turn|50\n|\n|t:|1700838890\n|switch|p2a: It's Joever|Clefable, M|87\/100\n|move|p1a: Gholdengo|Focus Blast|p2a: It's Joever\n|-resisted|p2a: It's Joever\n|-damage|p2a: It's Joever|74\/100\n|-unboost|p2a: It's Joever|spd|1\n|\n|upkeep\n|turn|51\n|\n|t:|1700838897\n|move|p1a: Gholdengo|Nasty Plot|p1a: Gholdengo\n|-boost|p1a: Gholdengo|spa|2\n|move|p2a: It's Joever|Wish|p2a: It's Joever\n|\n|upkeep\n|turn|52\n|\n|t:|1700838908\n|switch|p2a: ban dengo ffs|Blissey, F|100\/100\n|move|p1a: Gholdengo|Shadow Ball|p2a: ban dengo ffs\n|-immune|p2a: ban dengo ffs\n|\n|upkeep\n|turn|53\n|\n|t:|1700838913\n|switch|p2a: It's Joever|Clefable, M|74\/100\n|move|p1a: Gholdengo|Focus Blast|p2a: It's Joever|[miss]\n|-miss|p1a: Gholdengo|p2a: It's Joever\n|\n|upkeep\n|turn|54\n|\n|t:|1700838918\n|move|p1a: Gholdengo|Nasty Plot|p1a: Gholdengo\n|-boost|p1a: Gholdengo|spa|2\n|move|p2a: It's Joever|Wish|p2a: It's Joever\n|\n|upkeep\n|turn|55\n|\n|t:|1700838923\n|move|p1a: Gholdengo|Thunderbolt|p2a: It's Joever\n|-damage|p2a: It's Joever|53\/100\n|move|p2a: It's Joever|Knock Off|p1a: Gholdengo\n|-supereffective|p1a: Gholdengo\n|-damage|p1a: Gholdengo|0 fnt\n|faint|p1a: Gholdengo\n|\n|-heal|p2a: It's Joever|100\/100|[from] move: Wish|[wisher] It's Joever\n|upkeep\n|inactive|MouseG has 120 seconds left.\n|\n|t:|1700838954\n|switch|p1a: Kingambit|Kingambit, M|100\/100\n|-activate|p1a: Kingambit|ability: Supreme Overlord\n|-start|p1a: Kingambit|fallen2|[silent]\n|turn|56\n|\n|t:|1700838962\n|switch|p2a: stannin on bihness|Toxapex, F|46\/100\n|move|p1a: Kingambit|Swords Dance|p1a: Kingambit\n|-boost|p1a: Kingambit|atk|2\n|\n|upkeep\n|turn|57\n|\n|t:|1700838969\n|switch|p2a: Ripbozo \ud83d\ude02 \ud83d\ude02|Dondozo, M|100\/100\n|-damage|p2a: Ripbozo \ud83d\ude02 \ud83d\ude02|75\/100|[from] Spikes\n|move|p1a: Kingambit|Kowtow Cleave|p2a: Ripbozo \ud83d\ude02 \ud83d\ude02\n|-damage|p2a: Ripbozo \ud83d\ude02 \ud83d\ude02|45\/100\n|\n|-heal|p2a: Ripbozo \ud83d\ude02 \ud83d\ude02|51\/100|[from] item: Leftovers\n|upkeep\n|turn|58\n|\n|t:|1700838984\n|move|p1a: Kingambit|Kowtow Cleave|p2a: Ripbozo \ud83d\ude02 \ud83d\ude02\n|-damage|p2a: Ripbozo \ud83d\ude02 \ud83d\ude02|19\/100\n|move|p2a: Ripbozo \ud83d\ude02 \ud83d\ude02|Rest|p2a: Ripbozo \ud83d\ude02 \ud83d\ude02\n|-status|p2a: Ripbozo \ud83d\ude02 \ud83d\ude02|slp|[from] move: Rest\n|-heal|p2a: Ripbozo \ud83d\ude02 \ud83d\ude02|100\/100 slp|[silent]\n|\n|upkeep\n|turn|59\n|\n|t:|1700839005\n|-terastallize|p1a: Kingambit|Dark\n|move|p1a: Kingambit|Kowtow Cleave|p2a: Ripbozo \ud83d\ude02 \ud83d\ude02\n|-damage|p2a: Ripbozo \ud83d\ude02 \ud83d\ude02|56\/100 slp\n|cant|p2a: Ripbozo \ud83d\ude02 \ud83d\ude02|slp\n|move|p2a: Ripbozo \ud83d\ude02 \ud83d\ude02|Sleep Talk|p2a: Ripbozo \ud83d\ude02 \ud83d\ude02\n|move|p2a: Ripbozo \ud83d\ude02 \ud83d\ude02|Wave Crash|p1a: Kingambit|[from]move: Sleep Talk\n|-damage|p1a: Kingambit|65\/100\n|-damage|p2a: Ripbozo \ud83d\ude02 \ud83d\ude02|48\/100 slp|[from] Recoil\n|\n|-heal|p2a: Ripbozo \ud83d\ude02 \ud83d\ude02|54\/100 slp|[from] item: Leftovers\n|upkeep\n|turn|60\n|\n|t:|1700839017\n|move|p1a: Kingambit|Kowtow Cleave|p2a: Ripbozo \ud83d\ude02 \ud83d\ude02\n|-damage|p2a: Ripbozo \ud83d\ude02 \ud83d\ude02|10\/100 slp\n|cant|p2a: Ripbozo \ud83d\ude02 \ud83d\ude02|slp\n|move|p2a: Ripbozo \ud83d\ude02 \ud83d\ude02|Sleep Talk|p2a: Ripbozo \ud83d\ude02 \ud83d\ude02\n|move|p2a: Ripbozo \ud83d\ude02 \ud83d\ude02|Rest||[from]move: Sleep Talk|[still]\n|-fail|p2a: Ripbozo \ud83d\ude02 \ud83d\ude02\n|\n|-heal|p2a: Ripbozo \ud83d\ude02 \ud83d\ude02|16\/100 slp|[from] item: Leftovers\n|upkeep\n|turn|61\n|c|\u2606yyysneasel|dumbass dozo\n|\n|t:|1700839029\n|move|p1a: Kingambit|Kowtow Cleave|p2a: Ripbozo \ud83d\ude02 \ud83d\ude02\n|-damage|p2a: Ripbozo \ud83d\ude02 \ud83d\ude02|0 fnt\n|faint|p2a: Ripbozo \ud83d\ude02 \ud83d\ude02\n|\n|upkeep\n|\n|t:|1700839031\n|switch|p2a: It's Joever|Clefable, M|100\/100\n|turn|62\n|c|\u2606MouseG|haha\n|\n|t:|1700839051\n|-end|p1a: Kingambit|fallen2|[silent]\n|switch|p1a: Samurott|Samurott-Hisui, F|19\/100\n|move|p2a: It's Joever|Protect||[still]\n|-fail|p2a: It's Joever\n|\n|upkeep\n|turn|63\n|\n|t:|1700839057\n|move|p2a: It's Joever|Protect|p2a: It's Joever\n|-singleturn|p2a: It's Joever|Protect\n|move|p1a: Samurott|Encore|p2a: It's Joever\n|-activate|p2a: It's Joever|move: Protect\n|\n|upkeep\n|turn|64\n|\n|t:|1700839065\n|move|p1a: Samurott|Razor Shell|p2a: It's Joever\n|-damage|p2a: It's Joever|40\/100\n|move|p2a: It's Joever|Wish|p2a: It's Joever\n|\n|upkeep\n|turn|65\n|\n|t:|1700839075\n|move|p2a: It's Joever|Protect|p2a: It's Joever\n|-singleturn|p2a: It's Joever|Protect\n|move|p1a: Samurott|Razor Shell|p2a: It's Joever\n|-activate|p2a: It's Joever|move: Protect\n|\n|-heal|p2a: It's Joever|90\/100|[from] move: Wish|[wisher] It's Joever\n|upkeep\n|turn|66\n|\n|t:|1700839079\n|switch|p2a: stannin on bihness|Toxapex, F|79\/100\n|move|p1a: Samurott|Encore||[still]\n|-fail|p1a: Samurott\n|\n|upkeep\n|turn|67\n|\n|t:|1700839088\n|move|p1a: Samurott|Ceaseless Edge|p2a: stannin on bihness\n|-damage|p2a: stannin on bihness|54\/100\n|move|p2a: stannin on bihness|Infestation|p1a: Samurott\n|-supereffective|p1a: Samurott\n|-damage|p1a: Samurott|10\/100\n|-activate|p1a: Samurott|move: Infestation|[of] p2a: stannin on bihness\n|\n|-damage|p1a: Samurott|0 fnt|[from] move: Infestation|[partiallytrapped]\n|faint|p1a: Samurott\n|upkeep\n|\n|t:|1700839095\n|switch|p1a: Greninja|Greninja, M|100\/100\n|turn|68\n|\n|t:|1700839100\n|switch|p2a: ban dengo ffs|Blissey, F|100\/100\n|move|p1a: Greninja|Dark Pulse|p2a: ban dengo ffs\n|-damage|p2a: ban dengo ffs|82\/100\n|-damage|p1a: Greninja|91\/100|[from] item: Life Orb\n|\n|upkeep\n|turn|69\n|\n|t:|1700839105\n|switch|p1a: Kingambit|Kingambit, M, tera:Dark|65\/100\n|-activate|p1a: Kingambit|ability: Supreme Overlord\n|-start|p1a: Kingambit|fallen3|[silent]\n|move|p2a: ban dengo ffs|Stealth Rock|p1a: Kingambit\n|-sidestart|p1: MouseG|move: Stealth Rock\n|\n|upkeep\n|turn|70\n|\n|t:|1700839119\n|switch|p2a: stannin on bihness|Toxapex, F|88\/100\n|move|p1a: Kingambit|Kowtow Cleave|p2a: stannin on bihness\n|-damage|p2a: stannin on bihness|25\/100\n|\n|upkeep\n|turn|71\n|\n|t:|1700839125\n|move|p1a: Kingambit|Kowtow Cleave|p2a: stannin on bihness\n|-damage|p2a: stannin on bihness|0 fnt\n|faint|p2a: stannin on bihness\n|\n|upkeep\n|\n|t:|1700839127\n|switch|p2a: Slowking|Slowking-Galar, M|49\/100\n|-damage|p2a: Slowking|24\/100|[from] Spikes\n|turn|72\n|\n|t:|1700839133\n|move|p2a: Slowking|Trick|p1a: Kingambit\n|-activate|p2a: Slowking|move: Trick|[of] p1a: Kingambit\n|-item|p1a: Kingambit|Choice Scarf|[from] move: Trick\n|-item|p2a: Slowking|Black Glasses|[from] move: Trick\n|move|p1a: Kingambit|Kowtow Cleave|p2a: Slowking\n|-supereffective|p2a: Slowking\n|-damage|p2a: Slowking|0 fnt\n|faint|p2a: Slowking\n|\n|upkeep\n|\n|t:|1700839135\n|switch|p2a: It's Joever|Clefable, M|90\/100\n|turn|73\n|c|\u2606MouseG|insane\n|\n|t:|1700839147\n|-end|p1a: Kingambit|fallen3|[silent]\n|switch|p1a: Greninja|Greninja, M|91\/100\n|-damage|p1a: Greninja|78\/100|[from] Stealth Rock\n|move|p2a: It's Joever|Wish|p2a: It's Joever\n|\n|upkeep\n|turn|74\n|\n|t:|1700839155\n|move|p1a: Greninja|Surf|p2a: It's Joever\n|-damage|p2a: It's Joever|55\/100\n|-damage|p1a: Greninja|69\/100|[from] item: Life Orb\n|move|p2a: It's Joever|Moonblast|p1a: Greninja\n|-supereffective|p1a: Greninja\n|-damage|p1a: Greninja|0 fnt\n|faint|p1a: Greninja\n|\n|-heal|p2a: It's Joever|100\/100|[from] move: Wish|[wisher] It's Joever\n|upkeep\n|j| OUZO LA DUPLA\n|\n|t:|1700839162\n|switch|p1a: Glimmora|Glimmora, M|24\/100\n|-damage|p1a: Glimmora|12\/100|[from] Stealth Rock\n|turn|75\n|\n|t:|1700839166\n|move|p2a: It's Joever|Protect|p2a: It's Joever\n|-singleturn|p2a: It's Joever|Protect\n|move|p1a: Glimmora|Mortal Spin|p2a: It's Joever\n|-activate|p2a: It's Joever|move: Protect\n|\n|upkeep\n|turn|76\n|\n|t:|1700839169\n|switch|p2a: ban dengo ffs|Blissey, F|82\/100\n|move|p1a: Glimmora|Mortal Spin|p2a: ban dengo ffs\n|-damage|p2a: ban dengo ffs|77\/100\n|-status|p2a: ban dengo ffs|psn\n|-sideend|p1: MouseG|Stealth Rock|[from] move: Mortal Spin|[of] p1a: Glimmora\n|\n|-damage|p2a: ban dengo ffs|65\/100 psn|[from] psn\n|upkeep\n|turn|77\n|\n|t:|1700839175\n|switch|p1a: Kingambit|Kingambit, M, tera:Dark|65\/100\n|-activate|p1a: Kingambit|ability: Supreme Overlord\n|-start|p1a: Kingambit|fallen4|[silent]\n|move|p2a: ban dengo ffs|Soft-Boiled|p2a: ban dengo ffs\n|-heal|p2a: ban dengo ffs|100\/100 psn\n|\n|-damage|p2a: ban dengo ffs|88\/100 psn|[from] psn\n|upkeep\n|turn|78\n|\n|t:|1700839184\n|move|p1a: Kingambit|Kowtow Cleave|p2a: ban dengo ffs\n|-damage|p2a: ban dengo ffs|2\/100 psn\n|move|p2a: ban dengo ffs|Seismic Toss|p1a: Kingambit\n|-damage|p1a: Kingambit|36\/100\n|\n|-damage|p2a: ban dengo ffs|0 fnt|[from] psn\n|faint|p2a: ban dengo ffs\n|upkeep\n|\n|t:|1700839187\n|switch|p2a: It's Joever|Clefable, M|100\/100\n|turn|79\n|\n|t:|1700839190\n|move|p1a: Kingambit|Kowtow Cleave|p2a: It's Joever\n|-resisted|p2a: It's Joever\n|-damage|p2a: It's Joever|52\/100\n|move|p2a: It's Joever|Wish|p2a: It's Joever\n|\n|upkeep\n|turn|80\n|c|\u2606MouseG|gg\n|c|\u2606yyysneasel|gg\n|\n|t:|1700839197\n|move|p2a: It's Joever|Protect|p2a: It's Joever\n|-singleturn|p2a: It's Joever|Protect\n|move|p1a: Kingambit|Kowtow Cleave|p2a: It's Joever\n|-activate|p2a: It's Joever|move: Protect\n|\n|-heal|p2a: It's Joever|100\/100|[from] move: Wish|[wisher] It's Joever\n|upkeep\n|turn|81\n|\n|t:|1700839200\n|move|p1a: Kingambit|Kowtow Cleave|p2a: It's Joever\n|-resisted|p2a: It's Joever\n|-damage|p2a: It's Joever|47\/100\n|move|p2a: It's Joever|Wish|p2a: It's Joever\n|\n|upkeep\n|turn|82\n|\n|t:|1700839205\n|move|p2a: It's Joever|Protect|p2a: It's Joever\n|-singleturn|p2a: It's Joever|Protect\n|move|p1a: Kingambit|Kowtow Cleave|p2a: It's Joever\n|-activate|p2a: It's Joever|move: Protect\n|\n|-heal|p2a: It's Joever|97\/100|[from] move: Wish|[wisher] It's Joever\n|upkeep\n|turn|83\n|\n|t:|1700839208\n|move|p1a: Kingambit|Kowtow Cleave|p2a: It's Joever\n|-resisted|p2a: It's Joever\n|-damage|p2a: It's Joever|46\/100\n|move|p2a: It's Joever|Wish|p2a: It's Joever\n|\n|upkeep\n|turn|84\n|\n|t:|1700839214\n|move|p2a: It's Joever|Protect|p2a: It's Joever\n|-singleturn|p2a: It's Joever|Protect\n|move|p1a: Kingambit|Kowtow Cleave|p2a: It's Joever\n|-activate|p2a: It's Joever|move: Protect\n|\n|-heal|p2a: It's Joever|96\/100|[from] move: Wish|[wisher] It's Joever\n|upkeep\n|turn|85\n|\n|t:|1700839217\n|move|p1a: Kingambit|Kowtow Cleave|p2a: It's Joever\n|-resisted|p2a: It's Joever\n|-damage|p2a: It's Joever|46\/100\n|move|p2a: It's Joever|Wish|p2a: It's Joever\n|\n|upkeep\n|turn|86\n|\n|t:|1700839224\n|-activate|p1a: Kingambit|move: Struggle\n|move|p1a: Kingambit|Struggle|p2a: It's Joever\n|-damage|p2a: It's Joever|17\/100\n|-damage|p1a: Kingambit|11\/100|[from] recoil\n|move|p2a: It's Joever|Moonblast|p1a: Kingambit\n|-supereffective|p1a: Kingambit\n|-damage|p1a: Kingambit|0 fnt\n|faint|p1a: Kingambit\n|-end|p1a: Kingambit|fallen4|[silent]\n|\n|-heal|p2a: It's Joever|67\/100|[from] move: Wish|[wisher] It's Joever\n|upkeep\n|\n|t:|1700839231\n|switch|p1a: Glimmora|Glimmora, M|12\/100\n|turn|87\n|\n|t:|1700839240\n|-terastallize|p2a: It's Joever|Dark\n|move|p1a: Glimmora|Power Gem|p2a: It's Joever\n|-damage|p2a: It's Joever|39\/100\n|move|p2a: It's Joever|Moonblast|p1a: Glimmora\n|-resisted|p1a: Glimmora\n|-damage|p1a: Glimmora|0 fnt\n|faint|p1a: Glimmora\n|\n|win|yyysneasel\n|raw|MouseG's rating: 1585 &rarr; <strong>1573<\/strong><br \/>(-12 for losing)\n|raw|yyysneasel's rating: 1729 &rarr; <strong>1741<\/strong><br \/>(+12 for winning)\n|l|\u2606yyysneasel\n|l|\u2606MouseG\n|l| AKRAIOS\n|l| OUZO LA DUPLA\n","uploadtime":1700839281,"views":18,"p1id":"mouseg","p2id":"yyysneasel","formatid":"gen9ou","rating":1573,"private":0,"password":""}