{"id":"gen9ou-1989038210","p1":"llilly_117","p2":"AlexDaDuck","format":"[Gen 9] OU","log":"|j|\u2606llilly_117\n|j|\u2606AlexDaDuck\n|t:|1699805208\n|gametype|singles\n|player|p1|llilly_117|unknown|1397\n|player|p2|AlexDaDuck|169|1456\n|teamsize|p1|6\n|teamsize|p2|6\n|gen|9\n|tier|[Gen 9] OU\n|rated|\n|rule|Sleep Clause Mod: Limit one foe put to sleep\n|rule|Species Clause: Limit one of each Pok\u00e9mon\n|rule|OHKO Clause: OHKO moves are banned\n|rule|Evasion Items Clause: Evasion items are banned\n|rule|Evasion Moves Clause: Evasion moves are banned\n|rule|Endless Battle Clause: Forcing endless battles is banned\n|rule|HP Percentage Mod: HP is shown in percentages\n|clearpoke\n|poke|p1|Jirachi|\n|poke|p1|Zoroark-Hisui, F|\n|poke|p1|Mandibuzz, F|\n|poke|p1|Slowbro-Galar, F|\n|poke|p1|Kingambit, M|\n|poke|p1|Enamorus, F|\n|poke|p2|Manaphy|\n|poke|p2|Ribombee, F|\n|poke|p2|Gholdengo|\n|poke|p2|Great Tusk|\n|poke|p2|Kingambit, F|\n|poke|p2|Thundurus-Therian, M|\n|teampreview\n|\n|t:|1699805221\n|start\n|switch|p1a: Jirachi|Jirachi|100\/100\n|switch|p2a: Ribombee|Ribombee, F|100\/100\n|turn|1\n|\n|t:|1699805229\n|move|p1a: Jirachi|Iron Head|p2a: Ribombee\n|-supereffective|p2a: Ribombee\n|-enditem|p2a: Ribombee|Focus Sash\n|-damage|p2a: Ribombee|1\/100\n|move|p2a: Ribombee|Sticky Web|p1a: Jirachi\n|-sidestart|p1: llilly_117|move: Sticky Web\n|\n|upkeep\n|turn|2\n|\n|t:|1699805240\n|switch|p2a: Thundurus|Thundurus-Therian, M|100\/100\n|move|p1a: Jirachi|Iron Head|p2a: Thundurus\n|-resisted|p2a: Thundurus\n|-crit|p2a: Thundurus\n|-damage|p2a: Thundurus|62\/100\n|\n|upkeep\n|turn|3\n|\n|t:|1699805243\n|move|p1a: Jirachi|Iron Head|p2a: Thundurus\n|-resisted|p2a: Thundurus\n|-damage|p2a: Thundurus|35\/100\n|cant|p2a: Thundurus|flinch\n|\n|upkeep\n|turn|4\n|\n|t:|1699805246\n|move|p1a: Jirachi|Iron Head|p2a: Thundurus\n|-resisted|p2a: Thundurus\n|-damage|p2a: Thundurus|9\/100\n|move|p2a: Thundurus|Volt Switch|p1a: Jirachi\n|-damage|p1a: Jirachi|46\/100\n|\n|t:|1699805256\n|switch|p2a: Kingambit|Kingambit, F|100\/100|[from] Volt Switch\n|\n|upkeep\n|turn|5\n|\n|t:|1699805261\n|switch|p1a: Mandibuzz|Mandibuzz, F|100\/100\n|move|p2a: Kingambit|Iron Head|p1a: Mandibuzz\n|-damage|p1a: Mandibuzz|70\/100\n|\n|-heal|p1a: Mandibuzz|76\/100|[from] item: Leftovers\n|upkeep\n|turn|6\n|\n|t:|1699805270\n|-end|p2a: Kingambit|fallenundefined|[silent]\n|switch|p2a: Ribombee|Ribombee, F|1\/100\n|move|p1a: Mandibuzz|Defog|p2a: Ribombee\n|-unboost|p2a: Ribombee|evasion|1\n|-sideend|p1: llilly_117|Sticky Web|[from] move: Defog|[of] p1a: Mandibuzz\n|\n|-heal|p1a: Mandibuzz|82\/100|[from] item: Leftovers\n|upkeep\n|turn|7\n|\n|t:|1699805274\n|move|p2a: Ribombee|Moonblast|p1a: Mandibuzz\n|-supereffective|p1a: Mandibuzz\n|-damage|p1a: Mandibuzz|39\/100\n|move|p1a: Mandibuzz|Foul Play|p2a: Ribombee\n|-resisted|p2a: Ribombee\n|-damage|p2a: Ribombee|0 fnt\n|faint|p2a: Ribombee\n|\n|-heal|p1a: Mandibuzz|45\/100|[from] item: Leftovers\n|upkeep\n|\n|t:|1699805282\n|switch|p2a: Thundurus|Thundurus-Therian, M|9\/100\n|turn|8\n|\n|t:|1699805290\n|move|p2a: Thundurus|Volt Switch|p1a: Mandibuzz\n|-supereffective|p1a: Mandibuzz\n|-damage|p1a: Mandibuzz|0 fnt\n|faint|p1a: Mandibuzz\n|\n|t:|1699805296\n|switch|p2a: Kingambit|Kingambit, F|100\/100|[from] Volt Switch\n|-activate|p2a: Kingambit|ability: Supreme Overlord\n|-start|p2a: Kingambit|fallen1|[silent]\n|\n|upkeep\n|\n|t:|1699805299\n|switch|p1a: Kingambit|Kingambit, M|100\/100\n|-activate|p1a: Kingambit|ability: Supreme Overlord\n|-start|p1a: Kingambit|fallen1|[silent]\n|turn|9\n|\n|t:|1699805304\n|-terastallize|p2a: Kingambit|Flying\n|move|p1a: Kingambit|Low Kick|p2a: Kingambit\n|-resisted|p2a: Kingambit\n|-damage|p2a: Kingambit|86\/100\n|move|p2a: Kingambit|Low Kick|p1a: Kingambit\n|-supereffective|p1a: Kingambit\n|-damage|p1a: Kingambit|0 fnt\n|faint|p1a: Kingambit\n|-end|p1a: Kingambit|fallen1|[silent]\n|\n|-heal|p2a: Kingambit|92\/100|[from] item: Leftovers\n|upkeep\n|\n|t:|1699805318\n|switch|p1a: Slowbro|Slowbro-Galar, F|100\/100\n|turn|10\n|\n|t:|1699805335\n|move|p2a: Kingambit|Sucker Punch|p1a: Slowbro\n|-supereffective|p1a: Slowbro\n|-crit|p1a: Slowbro\n|-damage|p1a: Slowbro|0 fnt\n|replace|p1a: Zoroark|Zoroark-Hisui, F\n|-end|p1a: Zoroark|Illusion\n|faint|p1a: Zoroark\n|\n|-heal|p2a: Kingambit|98\/100|[from] item: Leftovers\n|upkeep\n|\n|t:|1699805342\n|switch|p1a: Enamorus|Enamorus, F|100\/100\n|turn|11\n|\n|t:|1699805351\n|-terastallize|p1a: Enamorus|Fire\n|move|p1a: Enamorus|Moonblast|p2a: Kingambit\n|-damage|p2a: Kingambit|50\/100\n|move|p2a: Kingambit|Iron Head|p1a: Enamorus\n|-resisted|p1a: Enamorus\n|-damage|p1a: Enamorus|60\/100\n|\n|-heal|p1a: Enamorus|66\/100|[from] item: Leftovers\n|-heal|p2a: Kingambit|56\/100|[from] item: Leftovers\n|upkeep\n|turn|12\n|\n|t:|1699805358\n|move|p2a: Kingambit|Sucker Punch|p1a: Enamorus\n|-damage|p1a: Enamorus|0 fnt\n|faint|p1a: Enamorus\n|\n|-heal|p2a: Kingambit|63\/100|[from] item: Leftovers\n|upkeep\n|\n|t:|1699805362\n|switch|p1a: Slowbro|Slowbro-Galar, F|100\/100\n|turn|13\n|\n|t:|1699805368\n|move|p2a: Kingambit|Iron Head|p1a: Slowbro\n|-damage|p1a: Slowbro|59\/100\n|cant|p1a: Slowbro|flinch\n|\n|-heal|p2a: Kingambit|69\/100|[from] item: Leftovers\n|upkeep\n|turn|14\n|-activate|p1a: Slowbro|ability: Quick Draw\n|\n|t:|1699805375\n|move|p2a: Kingambit|Sucker Punch|p1a: Slowbro\n|-supereffective|p1a: Slowbro\n|-damage|p1a: Slowbro|0 fnt\n|faint|p1a: Slowbro\n|\n|-heal|p2a: Kingambit|75\/100|[from] item: Leftovers\n|upkeep\n|-message|llilly_117 forfeited.\n|\n|win|AlexDaDuck\n|raw|llilly_117's rating: 1397 &rarr; <strong>1380<\/strong><br \/>(-17 for losing)\n|raw|AlexDaDuck's rating: 1456 &rarr; <strong>1473<\/strong><br \/>(+17 for winning)\n|l|\u2606llilly_117\n","uploadtime":1699805385,"views":10,"p1id":"llilly117","p2id":"alexdaduck","formatid":"gen9ou","rating":1380,"private":0,"password":""}