{"id":"gen9ou-1996433129","p1":"Andrews Finn3","p2":"Tony93420","format":"[Gen 9] OU","log":"|j|\u2606Andrews Finn3\n|j|\u2606Tony93420\n|t:|1700681540\n|gametype|singles\n|player|p1|Andrews Finn3|steven|1220\n|player|p2|Tony93420|hugh|1128\n|teamsize|p1|6\n|teamsize|p2|6\n|gen|9\n|tier|[Gen 9] OU\n|rated|\n|rule|Sleep Clause Mod: Limit one foe put to sleep\n|rule|Species Clause: Limit one of each Pok\u00e9mon\n|rule|OHKO Clause: OHKO moves are banned\n|rule|Evasion Items Clause: Evasion items are banned\n|rule|Evasion Moves Clause: Evasion moves are banned\n|rule|Endless Battle Clause: Forcing endless battles is banned\n|rule|HP Percentage Mod: HP is shown in percentages\n|clearpoke\n|poke|p1|Alomomola, F|\n|poke|p1|Slowking-Galar, F|\n|poke|p1|Kingambit, F|\n|poke|p1|Great Tusk|\n|poke|p1|Cinderace, F|\n|poke|p1|Thundurus-Therian, M|\n|poke|p2|Dragonite, M|\n|poke|p2|Gyarados, M|\n|poke|p2|Dragapult, F|\n|poke|p2|Gengar, M|\n|poke|p2|Zapdos|\n|poke|p2|Glimmora, F|\n|teampreview\n|inactive|Battle timer is ON: inactive players will automatically lose when time's up. (requested by Tony93420)\n|\n|t:|1700681545\n|start\n|switch|p1a: Great Tusk|Great Tusk|100\/100\n|switch|p2a: Glimmora|Glimmora, F|100\/100\n|turn|1\n|\n|t:|1700681550\n|move|p1a: Great Tusk|Stealth Rock|p2a: Glimmora\n|-sidestart|p2: Tony93420|move: Stealth Rock\n|move|p2a: Glimmora|Energy Ball|p1a: Great Tusk\n|-supereffective|p1a: Great Tusk\n|-damage|p1a: Great Tusk|5\/100\n|\n|upkeep\n|turn|2\n|\n|t:|1700681559\n|move|p1a: Great Tusk|Headlong Rush|p2a: Glimmora\n|-supereffective|p2a: Glimmora\n|-enditem|p2a: Glimmora|Focus Sash\n|-damage|p2a: Glimmora|1\/100\n|-unboost|p1a: Great Tusk|def|1\n|-unboost|p1a: Great Tusk|spd|1\n|-activate|p2a: Glimmora|ability: Toxic Debris\n|-sidestart|p1: Andrews Finn3|move: Toxic Spikes\n|move|p2a: Glimmora|Stealth Rock|p1a: Great Tusk\n|-sidestart|p1: Andrews Finn3|move: Stealth Rock\n|\n|upkeep\n|turn|3\n|\n|t:|1700681570\n|switch|p2a: Dragapult|Dragapult, F, shiny|100\/100\n|-damage|p2a: Dragapult|88\/100|[from] Stealth Rock\n|move|p1a: Great Tusk|Rapid Spin|p2a: Dragapult\n|-immune|p2a: Dragapult\n|\n|upkeep\n|turn|4\n|\n|t:|1700681579\n|-end|p1a: Great Tusk|Protosynthesis|[silent]\n|switch|p1a: Slowking|Slowking-Galar, F|100\/100\n|-sideend|p1: Andrews Finn3|move: Toxic Spikes|[of] p1a: Slowking\n|move|p2a: Dragapult|Shadow Ball|p1a: Slowking\n|-supereffective|p1a: Slowking\n|-damage|p1a: Slowking|60\/100\n|\n|upkeep\n|turn|5\n|\n|t:|1700681588\n|move|p2a: Dragapult|Shadow Ball|p1a: Slowking\n|-supereffective|p1a: Slowking\n|-damage|p1a: Slowking|23\/100\n|move|p1a: Slowking|Chilly Reception|p1a: Slowking\n|-weather|Snow\n|\n|t:|1700681595\n|switch|p1a: Kingambit|Kingambit, F|100\/100|[from] Chilly Reception\n|-damage|p1a: Kingambit|94\/100|[from] Stealth Rock\n|\n|-weather|Snow|[upkeep]\n|-heal|p1a: Kingambit|100\/100|[from] item: Leftovers\n|upkeep\n|turn|6\n|\n|t:|1700681603\n|move|p2a: Dragapult|Flamethrower|p1a: Kingambit\n|-supereffective|p1a: Kingambit\n|-damage|p1a: Kingambit|49\/100\n|move|p1a: Kingambit|Kowtow Cleave|p2a: Dragapult\n|-supereffective|p2a: Dragapult\n|-damage|p2a: Dragapult|0 fnt\n|faint|p2a: Dragapult\n|\n|-weather|Snow|[upkeep]\n|-heal|p1a: Kingambit|55\/100|[from] item: Leftovers\n|upkeep\n|\n|t:|1700681609\n|switch|p2a: Glimmora|Glimmora, F|1\/100\n|-damage|p2a: Glimmora|0 fnt|[from] Stealth Rock\n|faint|p2a: Glimmora\n|\n|t:|1700681614\n|switch|p2a: Zapdos|Zapdos|100\/100\n|-damage|p2a: Zapdos|76\/100|[from] Stealth Rock\n|turn|7\n|\n|t:|1700681618\n|-end|p1a: Kingambit|fallenundefined|[silent]\n|switch|p1a: Slowking|Slowking-Galar, F|56\/100\n|move|p2a: Zapdos|Heat Wave|p1a: Slowking\n|-damage|p1a: Slowking|38\/100\n|-status|p1a: Slowking|brn\n|\n|-weather|Snow|[upkeep]\n|-heal|p2a: Zapdos|82\/100|[from] item: Leftovers\n|-damage|p1a: Slowking|32\/100 brn|[from] brn\n|upkeep\n|turn|8\n|\n|t:|1700681624\n|move|p2a: Zapdos|Thunderbolt|p1a: Slowking\n|-damage|p1a: Slowking|7\/100 brn\n|move|p1a: Slowking|Chilly Reception|p1a: Slowking\n|\n|t:|1700681630\n|switch|p1a: Thundurus|Thundurus-Therian, M|100\/100|[from] Chilly Reception\n|-damage|p1a: Thundurus|76\/100|[from] Stealth Rock\n|\n|-weather|Snow|[upkeep]\n|-heal|p2a: Zapdos|88\/100|[from] item: Leftovers\n|upkeep\n|turn|9\n|\n|t:|1700681637\n|move|p1a: Thundurus|Volt Switch|p2a: Zapdos\n|-damage|p2a: Zapdos|18\/100\n|\n|t:|1700681643\n|switch|p1a: Cinderace|Cinderace, F|100\/100|[from] Volt Switch\n|move|p2a: Zapdos|Hurricane|p1a: Cinderace|[miss]\n|-miss|p2a: Zapdos|p1a: Cinderace\n|\n|-weather|none\n|-heal|p2a: Zapdos|24\/100|[from] item: Leftovers\n|upkeep\n|turn|10\n|\n|t:|1700681650\n|move|p1a: Cinderace|Pyro Ball|p2a: Zapdos\n|-damage|p2a: Zapdos|0 fnt\n|faint|p2a: Zapdos\n|\n|upkeep\n|\n|t:|1700681653\n|switch|p2a: Gyarados|Gyarados, M, shiny|100\/100\n|-damage|p2a: Gyarados|75\/100|[from] Stealth Rock\n|-ability|p2a: Gyarados|Intimidate|boost\n|-unboost|p1a: Cinderace|atk|1\n|turn|11\n|\n|t:|1700681662\n|move|p1a: Cinderace|U-turn|p2a: Gyarados\n|-start|p1a: Cinderace|typechange|Bug|[from] ability: Libero\n|-resisted|p2a: Gyarados\n|-crit|p2a: Gyarados\n|-damage|p2a: Gyarados|41\/100\n|\n|t:|1700681667\n|switch|p1a: Alomomola|Alomomola, F|100\/100|[from] U-turn\n|-damage|p1a: Alomomola|88\/100|[from] Stealth Rock\n|move|p2a: Gyarados|Dragon Dance|p2a: Gyarados\n|-boost|p2a: Gyarados|atk|1\n|-boost|p2a: Gyarados|spe|1\n|\n|-heal|p2a: Gyarados|47\/100|[from] item: Leftovers\n|upkeep\n|turn|12\n|\n|t:|1700681677\n|move|p2a: Gyarados|Iron Head|p1a: Alomomola\n|-resisted|p1a: Alomomola\n|-damage|p1a: Alomomola|76\/100\n|-enditem|p1a: Alomomola|Red Card|[of] p2a: Gyarados\n|drag|p2a: Dragonite|Dragonite, M|100\/100\n|-damage|p2a: Dragonite|76\/100|[from] Stealth Rock\n|cant|p1a: Alomomola|flinch\n|\n|-heal|p2a: Dragonite|82\/100|[from] item: Leftovers\n|upkeep\n|turn|13\n|\n|t:|1700681685\n|move|p2a: Dragonite|Earthquake|p1a: Alomomola\n|-damage|p1a: Alomomola|54\/100\n|move|p1a: Alomomola|Flip Turn|p2a: Dragonite\n|-resisted|p2a: Dragonite\n|-damage|p2a: Dragonite|72\/100\n|\n|t:|1700681702\n|switch|p1a: Thundurus|Thundurus-Therian, M|76\/100|[from] Flip Turn\n|-damage|p1a: Thundurus|51\/100|[from] Stealth Rock\n|\n|-heal|p2a: Dragonite|79\/100|[from] item: Leftovers\n|upkeep\n|turn|14\n|\n|t:|1700681708\n|-terastallize|p2a: Dragonite|Ice\n|move|p1a: Thundurus|Volt Switch|p2a: Dragonite\n|-damage|p2a: Dragonite|18\/100\n|\n|t:|1700681713\n|switch|p1a: Great Tusk|Great Tusk|5\/100|[from] Volt Switch\n|-damage|p1a: Great Tusk|2\/100|[from] Stealth Rock\n|move|p2a: Dragonite|Dragon Dance|p2a: Dragonite\n|-boost|p2a: Dragonite|atk|1\n|-boost|p2a: Dragonite|spe|1\n|\n|-heal|p2a: Dragonite|24\/100|[from] item: Leftovers\n|upkeep\n|turn|15\n|\n|t:|1700681722\n|move|p2a: Dragonite|Extreme Speed|p1a: Great Tusk\n|-damage|p1a: Great Tusk|0 fnt\n|-damage|p2a: Dragonite|7\/100|[from] item: Rocky Helmet|[of] p1a: Great Tusk\n|faint|p1a: Great Tusk\n|-end|p1a: Great Tusk|Protosynthesis|[silent]\n|\n|-heal|p2a: Dragonite|13\/100|[from] item: Leftovers\n|upkeep\n|inactive|Andrews Finn3 has 120 seconds left.\n|\n|t:|1700681761\n|switch|p1a: Cinderace|Cinderace, F|100\/100\n|turn|16\n|inactive|Andrews Finn3 has 120 seconds left.\n|\n|t:|1700681771\n|-terastallize|p1a: Cinderace|Grass\n|move|p2a: Dragonite|Earthquake|p1a: Cinderace\n|-resisted|p1a: Cinderace\n|-damage|p1a: Cinderace|65\/100\n|move|p1a: Cinderace|Pyro Ball|p2a: Dragonite\n|-supereffective|p2a: Dragonite\n|-damage|p2a: Dragonite|0 fnt\n|faint|p2a: Dragonite\n|\n|upkeep\n|\n|t:|1700681778\n|switch|p2a: Gengar|Gengar, M, shiny|100\/100\n|-damage|p2a: Gengar|88\/100|[from] Stealth Rock\n|turn|17\n|\n|t:|1700681788\n|move|p1a: Cinderace|Pyro Ball|p2a: Gengar\n|-damage|p2a: Gengar|0 fnt\n|faint|p2a: Gengar\n|\n|upkeep\n|\n|t:|1700681791\n|switch|p2a: Gyarados|Gyarados, M, shiny|47\/100\n|-damage|p2a: Gyarados|22\/100|[from] Stealth Rock\n|-ability|p2a: Gyarados|Intimidate|boost\n|-unboost|p1a: Cinderace|atk|1\n|turn|18\n|-message|Tony93420 forfeited.\n|\n|win|Andrews Finn3\n|raw|Andrews Finn3's rating: 1220 &rarr; <strong>1239<\/strong><br \/>(+19 for winning)\n|raw|Tony93420's rating: 1128 &rarr; <strong>1109<\/strong><br \/>(-19 for losing)\n|l|\u2606Tony93420\n","uploadtime":1700681803,"views":0,"p1id":"andrewsfinn3","p2id":"tony93420","formatid":"gen9ou","rating":1109,"private":0,"password":""}