{"id":"gen9ou-1991449338","p1":"sugar daddy hunk","p2":"CoochieWarrior1776","format":"[Gen 9] OU","log":"|j|\u2606sugar daddy hunk\n|j|\u2606CoochieWarrior1776\n|t:|1700078057\n|gametype|singles\n|player|p1|sugar daddy hunk|2|1000\n|player|p2|CoochieWarrior1776|ltsurge|1000\n|teamsize|p1|6\n|teamsize|p2|6\n|gen|9\n|tier|[Gen 9] OU\n|rated|\n|rule|Sleep Clause Mod: Limit one foe put to sleep\n|rule|Species Clause: Limit one of each Pok\u00e9mon\n|rule|OHKO Clause: OHKO moves are banned\n|rule|Evasion Items Clause: Evasion items are banned\n|rule|Evasion Moves Clause: Evasion moves are banned\n|rule|Endless Battle Clause: Forcing endless battles is banned\n|rule|HP Percentage Mod: HP is shown in percentages\n|clearpoke\n|poke|p1|Lucario, M|\n|poke|p1|Dragonite, M|\n|poke|p1|Heatran, F|\n|poke|p1|Mew|\n|poke|p1|Coalossal, M|\n|poke|p1|Slowking-Galar, M|\n|poke|p2|Braviary, M|\n|poke|p2|Cloyster, F|\n|poke|p2|Samurott-Hisui, M|\n|poke|p2|Kingambit, M|\n|poke|p2|Masquerain, M|\n|poke|p2|Appletun, F|\n|teampreview\n|c|\u2606CoochieWarrior1776|Howdy Soldier\n|c|\u2606CoochieWarrior1776|Stand in LINE\n|inactive|Battle timer is ON: inactive players will automatically lose when time's up. (requested by CoochieWarrior1776)\n|\n|t:|1700078081\n|start\n|switch|p1a: Slowking|Slowking-Galar, M|100\/100\n|switch|p2a: Palestine Drone|Masquerain, M, shiny|100\/100\n|-ability|p2a: Palestine Drone|Intimidate|boost\n|-unboost|p1a: Slowking|atk|1\n|turn|1\n|\n|t:|1700078092\n|move|p2a: Palestine Drone|Sticky Web|p1a: Slowking\n|-sidestart|p1: sugar daddy hunk|move: Sticky Web\n|move|p1a: Slowking|Focus Blast|p2a: Palestine Drone\n|-resisted|p2a: Palestine Drone\n|-damage|p2a: Palestine Drone|92\/100\n|\n|upkeep\n|turn|2\n|c|\u2606CoochieWarrior1776|What the HELL was that Private?\n|\n|t:|1700078114\n|move|p2a: Palestine Drone|Stun Spore|p1a: Slowking\n|-status|p1a: Slowking|par\n|cant|p1a: Slowking|par\n|\n|upkeep\n|turn|3\n|\n|t:|1700078122\n|move|p2a: Palestine Drone|U-turn|p1a: Slowking\n|-damage|p1a: Slowking|87\/100 par\n|\n|t:|1700078131\n|switch|p2a: American Pie|Appletun, F|100\/100|[from] U-turn\n|move|p1a: Slowking|Fire Blast|p2a: American Pie\n|-damage|p2a: American Pie|84\/100\n|\n|upkeep\n|turn|4\n|\n|t:|1700078146\n|move|p2a: American Pie|Leech Seed|p1a: Slowking|[miss]\n|-miss|p2a: American Pie|p1a: Slowking\n|cant|p1a: Slowking|par\n|\n|upkeep\n|turn|5\n|\n|t:|1700078151\n|move|p2a: American Pie|Leech Seed|p1a: Slowking\n|-start|p1a: Slowking|move: Leech Seed\n|move|p1a: Slowking|Blizzard|p2a: American Pie\n|-supereffective|p2a: American Pie\n|-damage|p2a: American Pie|23\/100\n|-enditem|p2a: American Pie|Weakness Policy\n|-boost|p2a: American Pie|atk|2|[from] item: Weakness Policy\n|-boost|p2a: American Pie|spa|2|[from] item: Weakness Policy\n|\n|-damage|p1a: Slowking|74\/100 par|[from] Leech Seed|[of] p2a: American Pie\n|-heal|p2a: American Pie|35\/100|[silent]\n|upkeep\n|turn|6\n|\n|t:|1700078169\n|-terastallize|p2a: American Pie|Normal\n|-terastallize|p1a: Slowking|Poison\n|move|p2a: American Pie|Giga Drain|p1a: Slowking\n|-resisted|p1a: Slowking\n|-damage|p1a: Slowking|49\/100 par\n|-heal|p2a: American Pie|46\/100|[from] drain|[of] p1a: Slowking\n|move|p1a: Slowking|Blizzard|p2a: American Pie\n|-damage|p2a: American Pie|30\/100\n|\n|-damage|p1a: Slowking|37\/100 par|[from] Leech Seed|[of] p2a: American Pie\n|-heal|p2a: American Pie|41\/100|[silent]\n|upkeep\n|turn|7\n|inactive|sugar daddy hunk has 120 seconds left.\n|\n|t:|1700078198\n|switch|p2a: Coochie Ambush|Cloyster, F, shiny|100\/100\n|switch|p1a: Lucario|Lucario, M, shiny|100\/100\n|-activate|p1a: Lucario|move: Sticky Web\n|-unboost|p1a: Lucario|spe|1\n|\n|upkeep\n|turn|8\n|c|\u2606CoochieWarrior1776|Your ass is grass private\n|inactive|sugar daddy hunk has 120 seconds left.\n|\n|t:|1700078211\n|switch|p2a: Palestine Drone|Masquerain, M, shiny|92\/100\n|-ability|p2a: Palestine Drone|Intimidate|boost\n|-fail|p1a: Lucario|unboost|Attack|[from] ability: Inner Focus|[of] p1a: Lucario\n|move|p1a: Lucario|Aura Sphere|p2a: Palestine Drone\n|-resisted|p2a: Palestine Drone\n|-damage|p2a: Palestine Drone|81\/100\n|\n|upkeep\n|turn|9\n|\n|t:|1700078221\n|move|p2a: Palestine Drone|Stun Spore|p1a: Lucario\n|-status|p1a: Lucario|par\n|cant|p1a: Lucario|par\n|\n|upkeep\n|turn|10\n|\n|t:|1700078230\n|move|p2a: Palestine Drone|U-turn|p1a: Lucario\n|-resisted|p1a: Lucario\n|-damage|p1a: Lucario|93\/100 par\n|\n|t:|1700078234\n|switch|p2a: All-American Bussy|Braviary, M|100\/100|[from] U-turn\n|move|p1a: Lucario|Flash Cannon|p2a: All-American Bussy\n|-damage|p2a: All-American Bussy|55\/100\n|\n|upkeep\n|turn|11\n|\n|t:|1700078257\n|move|p2a: All-American Bussy|Bulk Up|p2a: All-American Bussy\n|-boost|p2a: All-American Bussy|atk|1\n|-boost|p2a: All-American Bussy|def|1\n|cant|p1a: Lucario|par\n|\n|upkeep\n|turn|12\n|\n|t:|1700078271\n|move|p2a: All-American Bussy|Dual Wingbeat|p1a: Lucario\n|-damage|p1a: Lucario|28\/100 par\n|-damage|p1a: Lucario|0 fnt\n|faint|p1a: Lucario\n|-hitcount|p1: Lucario|2\n|-damage|p2a: All-American Bussy|45\/100|[from] item: Life Orb\n|\n|upkeep\n|c|\u2606CoochieWarrior1776|What the HELL is that private\n|inactive|sugar daddy hunk has 120 seconds left.\n|c|\u2606CoochieWarrior1776|get your weak ass out of my Battalion now\n|\n|t:|1700078292\n|switch|p1a: Coalossal|Coalossal, M|100\/100\n|-activate|p1a: Coalossal|move: Sticky Web\n|-unboost|p1a: Coalossal|spe|1\n|turn|13\n|\n|t:|1700078300\n|move|p2a: All-American Bussy|Iron Head|p1a: Coalossal\n|-damage|p1a: Coalossal|49\/100\n|move|p1a: Coalossal|Stealth Rock|p2a: All-American Bussy\n|-sidestart|p2: CoochieWarrior1776|move: Stealth Rock\n|\n|upkeep\n|turn|14\n|\n|t:|1700078307\n|move|p1a: Coalossal|Protect|p1a: Coalossal\n|-singleturn|p1a: Coalossal|Protect\n|move|p2a: All-American Bussy|Iron Head|p1a: Coalossal\n|-activate|p1a: Coalossal|move: Protect\n|\n|upkeep\n|turn|15\n|inactive|sugar daddy hunk has 120 seconds left.\n|c|\u2606CoochieWarrior1776|NO FOXTROTTING here\n|\n|t:|1700078348\n|move|p2a: All-American Bussy|Iron Head|p1a: Coalossal\n|-damage|p1a: Coalossal|0 fnt\n|faint|p1a: Coalossal\n|\n|upkeep\n|\n|t:|1700078355\n|switch|p1a: Heatran|Heatran, F|100\/100\n|-activate|p1a: Heatran|move: Sticky Web\n|-unboost|p1a: Heatran|spe|1\n|turn|16\n|c|\u2606CoochieWarrior1776|What are you in the NAVY!?\n|\n|t:|1700078366\n|move|p2a: All-American Bussy|Dual Wingbeat|p1a: Heatran\n|-resisted|p1a: Heatran\n|-damage|p1a: Heatran|85\/100\n|-resisted|p1a: Heatran\n|-damage|p1a: Heatran|68\/100\n|-hitcount|p1a: Heatran|2\n|-damage|p2a: All-American Bussy|35\/100|[from] item: Life Orb\n|move|p1a: Heatran|Will-O-Wisp|p2a: All-American Bussy\n|-status|p2a: All-American Bussy|brn\n|\n|-damage|p2a: All-American Bussy|29\/100 brn|[from] brn\n|upkeep\n|turn|17\n|\n|t:|1700078380\n|move|p2a: All-American Bussy|Body Slam|p1a: Heatran\n|-resisted|p1a: Heatran\n|-damage|p1a: Heatran|42\/100\n|move|p1a: Heatran|Magma Storm|p2a: All-American Bussy\n|-damage|p2a: All-American Bussy|0 fnt\n|faint|p2a: All-American Bussy\n|\n|upkeep\n|\n|t:|1700078401\n|switch|p2a: Clit0ris Slicer|Samurott-Hisui, M, shiny|100\/100\n|-damage|p2a: Clit0ris Slicer|88\/100|[from] Stealth Rock\n|turn|18\n|\n|t:|1700078413\n|move|p1a: Heatran|Protect|p1a: Heatran\n|-singleturn|p1a: Heatran|Protect\n|move|p2a: Clit0ris Slicer|Swords Dance|p2a: Clit0ris Slicer\n|-boost|p2a: Clit0ris Slicer|atk|2\n|\n|-heal|p2a: Clit0ris Slicer|94\/100|[from] item: Leftovers\n|upkeep\n|turn|19\n|c|\u2606CoochieWarrior1776|I SAID\n|inactive|CoochieWarrior1776 has 120 seconds left.\n|c|\u2606CoochieWarrior1776|no FOXTROTTING Private\n|\n|t:|1700078437\n|move|p2a: Clit0ris Slicer|Ceaseless Edge|p1a: Heatran\n|-damage|p1a: Heatran|0 fnt\n|-sidestart|p1: sugar daddy hunk|Spikes\n|faint|p1a: Heatran\n|\n|-heal|p2a: Clit0ris Slicer|100\/100|[from] item: Leftovers\n|upkeep\n|\n|t:|1700078448\n|switch|p1a: Slowking|Slowking-Galar, M, tera:Poison|70\/100 par\n|-activate|p1a: Slowking|move: Sticky Web\n|-unboost|p1a: Slowking|spe|1\n|-damage|p1a: Slowking|57\/100 par|[from] Spikes\n|turn|20\n|inactive|CoochieWarrior1776 has 120 seconds left.\n|\n|t:|1700078460\n|move|p2a: Clit0ris Slicer|Ceaseless Edge|p1a: Slowking\n|-damage|p1a: Slowking|0 fnt\n|-sidestart|p1: sugar daddy hunk|Spikes\n|faint|p1a: Slowking\n|\n|upkeep\n|\n|t:|1700078467\n|switch|p1a: Dragonite|Dragonite, M|100\/100\n|turn|21\n|\n|t:|1700078474\n|move|p2a: Clit0ris Slicer|Ceaseless Edge|p1a: Dragonite|[miss]\n|-miss|p2a: Clit0ris Slicer|p1a: Dragonite\n|move|p1a: Dragonite|Thunder Wave|p2a: Clit0ris Slicer\n|-status|p2a: Clit0ris Slicer|par\n|\n|upkeep\n|turn|22\n|\n|t:|1700078482\n|move|p1a: Dragonite|Fire Spin|p2a: Clit0ris Slicer\n|-resisted|p2a: Clit0ris Slicer\n|-damage|p2a: Clit0ris Slicer|94\/100 par\n|-activate|p2a: Clit0ris Slicer|move: Fire Spin|[of] p1a: Dragonite\n|move|p2a: Clit0ris Slicer|Ceaseless Edge|p1a: Dragonite\n|-crit|p1a: Dragonite\n|-damage|p1a: Dragonite|0 fnt\n|-sidestart|p1: sugar daddy hunk|Spikes\n|faint|p1a: Dragonite\n|\n|-heal|p2a: Clit0ris Slicer|99\/100 par|[from] item: Leftovers\n|-end|p2a: Clit0ris Slicer|Fire Spin|[partiallytrapped]|[silent]\n|upkeep\n|c|\u2606CoochieWarrior1776|Nice TRY private\n|\n|t:|1700078494\n|switch|p1a: Mew|Mew, shiny|100\/100\n|-activate|p1a: Mew|move: Sticky Web\n|-unboost|p1a: Mew|spe|1\n|-damage|p1a: Mew|76\/100|[from] Spikes\n|turn|23\n|c|\u2606CoochieWarrior1776|no traps for you\n|\n|t:|1700078504\n|move|p1a: Mew|Bullet Seed|p2a: Clit0ris Slicer\n|-supereffective|p2a: Clit0ris Slicer\n|-damage|p2a: Clit0ris Slicer|81\/100 par\n|-supereffective|p2a: Clit0ris Slicer\n|-damage|p2a: Clit0ris Slicer|62\/100 par\n|-supereffective|p2a: Clit0ris Slicer\n|-damage|p2a: Clit0ris Slicer|43\/100 par\n|-supereffective|p2a: Clit0ris Slicer\n|-damage|p2a: Clit0ris Slicer|24\/100 par\n|-hitcount|p2a: Clit0ris Slicer|4\n|move|p2a: Clit0ris Slicer|Ceaseless Edge|p1a: Mew\n|-supereffective|p1a: Mew\n|-damage|p1a: Mew|0 fnt\n|faint|p1a: Mew\n|\n|win|CoochieWarrior1776\n|raw|sugar daddy hunk's rating: 1000 &rarr; <strong>1000<\/strong><br \/>(+0 for losing)\n|raw|CoochieWarrior1776's rating: 1000 &rarr; <strong>1040<\/strong><br \/>(+40 for winning)\n|l|\u2606sugar daddy hunk\n|c|\u2606CoochieWarrior1776|Get your ASS out of my Batallion\n|c|\u2606CoochieWarrior1776|til it becomes a BUSSY\n","uploadtime":1700078532,"views":48,"p1id":"sugardaddyhunk","p2id":"coochiewarrior1776","formatid":"gen9ou","rating":1000,"private":0,"password":""}