{"id":"gen9ou-1994198576","p1":"SenbonSakuraa","p2":"TeamGiantDouche","format":"[Gen 9] OU","log":"|j|\u2606SenbonSakuraa\n|j|\u2606TeamGiantDouche\n|t:|1700418005\n|gametype|singles\n|player|p1|SenbonSakuraa|cynthia-gen4|1125\n|player|p2|TeamGiantDouche|265|1143\n|teamsize|p1|6\n|teamsize|p2|6\n|gen|9\n|tier|[Gen 9] OU\n|rated|\n|rule|Sleep Clause Mod: Limit one foe put to sleep\n|rule|Species Clause: Limit one of each Pok\u00e9mon\n|rule|OHKO Clause: OHKO moves are banned\n|rule|Evasion Items Clause: Evasion items are banned\n|rule|Evasion Moves Clause: Evasion moves are banned\n|rule|Endless Battle Clause: Forcing endless battles is banned\n|rule|HP Percentage Mod: HP is shown in percentages\n|clearpoke\n|poke|p1|Alomomola, F|\n|poke|p1|Slowking-Galar, F|\n|poke|p1|Kingambit, F|\n|poke|p1|Great Tusk|\n|poke|p1|Cinderace, F|\n|poke|p1|Thundurus-Therian, M|\n|poke|p2|Ninetales-Alola, M|\n|poke|p2|Empoleon, F|\n|poke|p2|Ribombee, F|\n|poke|p2|Gholdengo|\n|poke|p2|Great Tusk|\n|poke|p2|Alomomola, F|\n|teampreview\n|\n|t:|1700418013\n|start\n|switch|p1a: W|Cinderace, F|100\/100\n|switch|p2a: Ninetales|Ninetales-Alola, M|100\/100\n|-weather|Snow|[from] ability: Snow Warning|[of] p2a: Ninetales\n|turn|1\n|\n|t:|1700418018\n|switch|p2a: Great Tusk|Great Tusk|100\/100\n|move|p1a: W|Pyro Ball|p2a: Great Tusk\n|-damage|p2a: Great Tusk|58\/100\n|-status|p2a: Great Tusk|brn\n|\n|-weather|Snow|[upkeep]\n|-heal|p2a: Great Tusk|64\/100 brn|[from] item: Leftovers\n|-damage|p2a: Great Tusk|58\/100 brn|[from] brn\n|upkeep\n|turn|2\n|\n|t:|1700418028\n|move|p1a: W|U-turn|p2a: Great Tusk\n|-start|p1a: W|typechange|Bug|[from] ability: Libero\n|-resisted|p2a: Great Tusk\n|-damage|p2a: Great Tusk|45\/100 brn\n|\n|t:|1700418038\n|switch|p1a: Rizz|Thundurus-Therian, M|100\/100|[from] U-turn\n|move|p2a: Great Tusk|Stealth Rock|p1a: Rizz\n|-sidestart|p1: SenbonSakuraa|move: Stealth Rock\n|\n|-weather|Snow|[upkeep]\n|-heal|p2a: Great Tusk|51\/100 brn|[from] item: Leftovers\n|-damage|p2a: Great Tusk|45\/100 brn|[from] brn\n|upkeep\n|turn|3\n|\n|t:|1700418046\n|-end|p2a: Great Tusk|Protosynthesis|[silent]\n|switch|p2a: Ninetales|Ninetales-Alola, M|100\/100\n|move|p1a: Rizz|Grass Knot|p2a: Ninetales\n|-damage|p2a: Ninetales|76\/100\n|\n|-weather|Snow|[upkeep]\n|upkeep\n|turn|4\n|\n|t:|1700418053\n|switch|p1a: Slay|Kingambit, F|100\/100\n|-damage|p1a: Slay|94\/100|[from] Stealth Rock\n|move|p2a: Ninetales|Aurora Veil|p2a: Ninetales\n|-sidestart|p2: TeamGiantDouche|move: Aurora Veil\n|\n|-weather|Snow|[upkeep]\n|-heal|p1a: Slay|100\/100|[from] item: Leftovers\n|upkeep\n|turn|5\n|inactive|Battle timer is ON: inactive players will automatically lose when time's up. (requested by SenbonSakuraa)\n|\n|t:|1700418069\n|switch|p2a: Empoleon|Empoleon, F|100\/100\n|move|p1a: Slay|Swords Dance|p1a: Slay\n|-boost|p1a: Slay|atk|2\n|\n|-weather|none\n|upkeep\n|turn|6\n|\n|t:|1700418077\n|move|p2a: Empoleon|Agility|p2a: Empoleon\n|-boost|p2a: Empoleon|spe|2\n|move|p1a: Slay|Kowtow Cleave|p2a: Empoleon\n|-damage|p2a: Empoleon|35\/100\n|\n|upkeep\n|turn|7\n|\n|t:|1700418084\n|move|p1a: Slay|Sucker Punch|p2a: Empoleon\n|-damage|p2a: Empoleon|0 fnt\n|faint|p2a: Empoleon\n|\n|upkeep\n|n|!TeamGiantDouche|teamgiantdouche\n|-message|TeamGiantDouche forfeited.\n|\n|win|SenbonSakuraa\n|raw|SenbonSakuraa's rating: 1125 &rarr; <strong>1151<\/strong><br \/>(+26 for winning)\n|raw|TeamGiantDouche's rating: 1143 &rarr; <strong>1117<\/strong><br \/>(-26 for losing)\n","uploadtime":1700418088,"views":8,"p1id":"senbonsakuraa","p2id":"teamgiantdouche","formatid":"gen9ou","rating":1117,"private":0,"password":""}