{"id":"gen9ou-1989002442","p1":"Tzon","p2":"qways","format":"[Gen 9] OU","log":"|j|\u2606Tzon\n|j|\u2606qways\n|t:|1699800807\n|gametype|singles\n|player|p1|Tzon|backpacker|1646\n|player|p2|qways|169|1732\n|teamsize|p1|6\n|teamsize|p2|6\n|gen|9\n|tier|[Gen 9] OU\n|rated|\n|rule|Sleep Clause Mod: Limit one foe put to sleep\n|rule|Species Clause: Limit one of each Pok\u00e9mon\n|rule|OHKO Clause: OHKO moves are banned\n|rule|Evasion Items Clause: Evasion items are banned\n|rule|Evasion Moves Clause: Evasion moves are banned\n|rule|Endless Battle Clause: Forcing endless battles is banned\n|rule|HP Percentage Mod: HP is shown in percentages\n|clearpoke\n|poke|p1|Torterra, F|\n|poke|p1|Ribombee, M|\n|poke|p1|Gholdengo|\n|poke|p1|Iron Moth|\n|poke|p1|Great Tusk|\n|poke|p1|Walking Wake|\n|poke|p2|Rillaboom, F|\n|poke|p2|Garganacl, F|\n|poke|p2|Great Tusk|\n|poke|p2|Heatran, M|\n|poke|p2|Zapdos|\n|poke|p2|Walking Wake|\n|teampreview\n|inactive|Battle timer is ON: inactive players will automatically lose when time's up. (requested by Tzon)\n|\n|t:|1699800834\n|start\n|switch|p1a: Ribombee|Ribombee, M|100\/100\n|switch|p2a: Carpet Burn|Heatran, M|100\/100\n|turn|1\n|\n|t:|1699800838\n|move|p1a: Ribombee|Sticky Web|p2a: Carpet Burn\n|-sidestart|p2: qways|move: Sticky Web\n|move|p2a: Carpet Burn|Stealth Rock|p1a: Ribombee\n|-sidestart|p1: Tzon|move: Stealth Rock\n|\n|upkeep\n|turn|2\n|\n|t:|1699800846\n|move|p1a: Ribombee|Stun Spore|p2a: Carpet Burn\n|-status|p2a: Carpet Burn|par\n|cant|p2a: Carpet Burn|par\n|\n|upkeep\n|turn|3\n|\n|t:|1699800863\n|switch|p1a: Walking Wake|Walking Wake|100\/100\n|-damage|p1a: Walking Wake|88\/100|[from] Stealth Rock\n|-enditem|p1a: Walking Wake|Booster Energy\n|-activate|p1a: Walking Wake|ability: Protosynthesis|[fromitem]\n|-start|p1a: Walking Wake|protosynthesisspa\n|move|p2a: Carpet Burn|Magma Storm|p1a: Walking Wake\n|-resisted|p1a: Walking Wake\n|-damage|p1a: Walking Wake|75\/100\n|-activate|p1a: Walking Wake|move: Magma Storm|[of] p2a: Carpet Burn\n|\n|-damage|p1a: Walking Wake|62\/100|[from] move: Magma Storm|[partiallytrapped]\n|upkeep\n|turn|4\n|inactive|qways has 120 seconds left.\n|\n|t:|1699800899\n|switch|p2a: Pony|Walking Wake|100\/100\n|move|p1a: Walking Wake|Substitute|p1a: Walking Wake\n|-start|p1a: Walking Wake|Substitute\n|-end|p1a: Walking Wake|Magma Storm|[partiallytrapped]|[silent]\n|-damage|p1a: Walking Wake|38\/100\n|\n|upkeep\n|turn|5\n|inactive|qways has 120 seconds left.\n|j| MarburgCOVEbola\n|\n|t:|1699800920\n|-end|p2a: Pony|Protosynthesis|[silent]\n|switch|p2a: Carpet Burn|Heatran, M|100\/100 par\n|-activate|p2a: Carpet Burn|move: Sticky Web\n|-unboost|p2a: Carpet Burn|spe|1\n|move|p1a: Walking Wake|Dragon Pulse|p2a: Carpet Burn\n|-resisted|p2a: Carpet Burn\n|-crit|p2a: Carpet Burn\n|-damage|p2a: Carpet Burn|71\/100 par\n|\n|-heal|p2a: Carpet Burn|77\/100 par|[from] item: Leftovers\n|upkeep\n|turn|6\n|\n|t:|1699800931\n|switch|p2a: Baby Sitter|Rillaboom, F|100\/100\n|-activate|p2a: Baby Sitter|move: Sticky Web\n|-unboost|p2a: Baby Sitter|spe|1\n|-fieldstart|move: Grassy Terrain|[from] ability: Grassy Surge|[of] p2a: Baby Sitter\n|move|p1a: Walking Wake|Hydro Steam|p2a: Baby Sitter\n|-resisted|p2a: Baby Sitter\n|-damage|p2a: Baby Sitter|60\/100\n|\n|-heal|p1a: Walking Wake|44\/100|[from] Grassy Terrain\n|-heal|p2a: Baby Sitter|66\/100|[from] Grassy Terrain\n|upkeep\n|turn|7\n|\n|t:|1699800938\n|move|p2a: Baby Sitter|Grassy Glide|p1a: Walking Wake\n|-end|p1a: Walking Wake|Substitute\n|move|p1a: Walking Wake|Flamethrower|p2a: Baby Sitter\n|-supereffective|p2a: Baby Sitter\n|-damage|p2a: Baby Sitter|0 fnt\n|faint|p2a: Baby Sitter\n|\n|-heal|p1a: Walking Wake|50\/100|[from] Grassy Terrain\n|upkeep\n|\n|t:|1699800947\n|switch|p2a: Deal wit It|Zapdos|100\/100\n|turn|8\n|inactive|qways has 120 seconds left.\n|\n|t:|1699800958\n|move|p1a: Walking Wake|Dragon Pulse|p2a: Deal wit It\n|-damage|p2a: Deal wit It|43\/100\n|move|p2a: Deal wit It|Thunder Wave|p1a: Walking Wake\n|-status|p1a: Walking Wake|par\n|\n|-heal|p1a: Walking Wake|56\/100 par|[from] Grassy Terrain\n|upkeep\n|turn|9\n|\n|t:|1699800963\n|move|p2a: Deal wit It|Roost|p2a: Deal wit It\n|-heal|p2a: Deal wit It|93\/100\n|-singleturn|p2a: Deal wit It|move: Roost\n|move|p1a: Walking Wake|Dragon Pulse|p2a: Deal wit It\n|-crit|p2a: Deal wit It\n|-damage|p2a: Deal wit It|2\/100\n|\n|-heal|p2a: Deal wit It|8\/100|[from] Grassy Terrain\n|-heal|p1a: Walking Wake|62\/100 par|[from] Grassy Terrain\n|upkeep\n|turn|10\n|j| KangkongNation\n|\n|t:|1699800971\n|move|p2a: Deal wit It|Roost|p2a: Deal wit It\n|-heal|p2a: Deal wit It|58\/100\n|-singleturn|p2a: Deal wit It|move: Roost\n|cant|p1a: Walking Wake|par\n|\n|-heal|p2a: Deal wit It|64\/100|[from] Grassy Terrain\n|-heal|p1a: Walking Wake|69\/100 par|[from] Grassy Terrain\n|-fieldend|move: Grassy Terrain\n|upkeep\n|turn|11\n|l| KangkongNation\n|\n|t:|1699800984\n|move|p2a: Deal wit It|Volt Switch|p1a: Walking Wake\n|-damage|p1a: Walking Wake|36\/100 par\n|inactive|qways has 120 seconds left.\n|\n|t:|1699801004\n|switch|p2a: Tupac|Great Tusk|100\/100|[from] Volt Switch\n|-activate|p2a: Tupac|move: Sticky Web\n|-unboost|p2a: Tupac|spe|1\n|move|p1a: Walking Wake|Dragon Pulse|p2a: Tupac\n|-damage|p2a: Tupac|23\/100\n|\n|-heal|p2a: Tupac|29\/100|[from] item: Leftovers\n|upkeep\n|turn|12\n|inactive|qways has 120 seconds left.\n|\n|t:|1699801020\n|-end|p1a: Walking Wake|Protosynthesis|[silent]\n|switch|p1a: McFries|Gholdengo|100\/100\n|-damage|p1a: McFries|94\/100|[from] Stealth Rock\n|-item|p1a: McFries|Air Balloon\n|move|p2a: Tupac|Ice Spinner|p1a: McFries\n|-resisted|p1a: McFries\n|-damage|p1a: McFries|86\/100\n|-enditem|p1a: McFries|Air Balloon\n|\n|-heal|p2a: Tupac|35\/100|[from] item: Leftovers\n|upkeep\n|turn|13\n|\n|t:|1699801027\n|-end|p2a: Tupac|Protosynthesis|[silent]\n|switch|p2a: Carpet Burn|Heatran, M|77\/100 par\n|-activate|p2a: Carpet Burn|move: Sticky Web\n|-unboost|p2a: Carpet Burn|spe|1\n|move|p1a: McFries|Shadow Ball|p2a: Carpet Burn\n|-damage|p2a: Carpet Burn|55\/100 par\n|\n|-heal|p2a: Carpet Burn|62\/100 par|[from] item: Leftovers\n|upkeep\n|turn|14\n|\n|t:|1699801037\n|switch|p1a: Walking Wake|Walking Wake|36\/100 par\n|-damage|p1a: Walking Wake|23\/100 par|[from] Stealth Rock\n|move|p2a: Carpet Burn|Magma Storm|p1a: Walking Wake\n|-resisted|p1a: Walking Wake\n|-damage|p1a: Walking Wake|10\/100 par\n|-activate|p1a: Walking Wake|move: Magma Storm|[of] p2a: Carpet Burn\n|\n|-heal|p2a: Carpet Burn|68\/100 par|[from] item: Leftovers\n|-damage|p1a: Walking Wake|0 fnt|[from] move: Magma Storm|[partiallytrapped]\n|faint|p1a: Walking Wake\n|-end|p1a: Walking Wake|Protosynthesis|[silent]\n|upkeep\n|\n|t:|1699801045\n|switch|p1a: Gran Tosco|Great Tusk|100\/100\n|-damage|p1a: Gran Tosco|98\/100|[from] Stealth Rock\n|-enditem|p1a: Gran Tosco|Booster Energy\n|-activate|p1a: Gran Tosco|ability: Protosynthesis|[fromitem]\n|-start|p1a: Gran Tosco|protosynthesisatk\n|turn|15\n|\n|t:|1699801061\n|switch|p2a: Deal wit It|Zapdos|64\/100\n|move|p1a: Gran Tosco|Bulk Up|p1a: Gran Tosco\n|-boost|p1a: Gran Tosco|atk|1\n|-boost|p1a: Gran Tosco|def|1\n|\n|upkeep\n|turn|16\n|\n|t:|1699801069\n|move|p2a: Deal wit It|Hurricane|p1a: Gran Tosco\n|-supereffective|p1a: Gran Tosco\n|-damage|p1a: Gran Tosco|0 fnt\n|faint|p1a: Gran Tosco\n|-end|p1a: Gran Tosco|Protosynthesis|[silent]\n|\n|upkeep\n|\n|t:|1699801081\n|switch|p1a: Torterra|Torterra, F|100\/100\n|-damage|p1a: Torterra|94\/100|[from] Stealth Rock\n|turn|17\n|\n|t:|1699801090\n|-terastallize|p1a: Torterra|Fire\n|move|p2a: Deal wit It|Hurricane|p1a: Torterra|[miss]\n|-miss|p2a: Deal wit It|p1a: Torterra\n|move|p1a: Torterra|Shell Smash|p1a: Torterra\n|-unboost|p1a: Torterra|def|1\n|-unboost|p1a: Torterra|spd|1\n|-boost|p1a: Torterra|atk|2\n|-boost|p1a: Torterra|spa|2\n|-boost|p1a: Torterra|spe|2\n|-enditem|p1a: Torterra|White Herb\n|-clearnegativeboost|p1a: Torterra|[silent]\n|\n|upkeep\n|turn|18\n|\n|t:|1699801100\n|move|p1a: Torterra|Tera Blast|p2a: Deal wit It|[anim] Tera Blast Fire\n|-damage|p2a: Deal wit It|0 fnt\n|faint|p2a: Deal wit It\n|\n|upkeep\n|\n|t:|1699801103\n|switch|p2a: Goin Baby|Garganacl, F|100\/100\n|-activate|p2a: Goin Baby|move: Sticky Web\n|-unboost|p2a: Goin Baby|spe|1\n|turn|19\n|\n|t:|1699801111\n|-terastallize|p2a: Goin Baby|Fairy\n|move|p1a: Torterra|Earthquake|p2a: Goin Baby\n|-damage|p2a: Goin Baby|33\/100\n|move|p2a: Goin Baby|Iron Defense|p2a: Goin Baby\n|-boost|p2a: Goin Baby|def|2\n|\n|-heal|p2a: Goin Baby|39\/100|[from] item: Leftovers\n|upkeep\n|turn|20\n|\n|t:|1699801122\n|move|p1a: Torterra|Wood Hammer|p2a: Goin Baby\n|-damage|p2a: Goin Baby|1\/100\n|-damage|p1a: Torterra|79\/100|[from] Recoil\n|move|p2a: Goin Baby|Recover|p2a: Goin Baby\n|-heal|p2a: Goin Baby|51\/100\n|\n|-heal|p2a: Goin Baby|58\/100|[from] item: Leftovers\n|upkeep\n|turn|21\n|\n|t:|1699801131\n|move|p1a: Torterra|Earthquake|p2a: Goin Baby\n|-damage|p2a: Goin Baby|26\/100\n|move|p2a: Goin Baby|Recover|p2a: Goin Baby\n|-heal|p2a: Goin Baby|76\/100\n|\n|-heal|p2a: Goin Baby|82\/100|[from] item: Leftovers\n|upkeep\n|turn|22\n|\n|t:|1699801136\n|move|p1a: Torterra|Earthquake|p2a: Goin Baby\n|-damage|p2a: Goin Baby|49\/100\n|move|p2a: Goin Baby|Salt Cure|p1a: Torterra\n|-supereffective|p1a: Torterra\n|-damage|p1a: Torterra|52\/100\n|-start|p1a: Torterra|Salt Cure\n|\n|-heal|p2a: Goin Baby|55\/100|[from] item: Leftovers\n|-damage|p1a: Torterra|40\/100|[from] Salt Cure\n|upkeep\n|turn|23\n|\n|t:|1699801144\n|move|p1a: Torterra|Earthquake|p2a: Goin Baby\n|-damage|p2a: Goin Baby|19\/100\n|move|p2a: Goin Baby|Recover|p2a: Goin Baby\n|-heal|p2a: Goin Baby|69\/100\n|\n|-heal|p2a: Goin Baby|75\/100|[from] item: Leftovers\n|-damage|p1a: Torterra|27\/100|[from] Salt Cure\n|upkeep\n|turn|24\n|\n|t:|1699801149\n|move|p1a: Torterra|Earthquake|p2a: Goin Baby\n|-damage|p2a: Goin Baby|43\/100\n|move|p2a: Goin Baby|Recover|p2a: Goin Baby\n|-heal|p2a: Goin Baby|93\/100\n|\n|-heal|p2a: Goin Baby|99\/100|[from] item: Leftovers\n|-damage|p1a: Torterra|15\/100|[from] Salt Cure\n|upkeep\n|turn|25\n|\n|t:|1699801156\n|move|p1a: Torterra|Wood Hammer|p2a: Goin Baby\n|-crit|p2a: Goin Baby\n|-damage|p2a: Goin Baby|0 fnt\n|faint|p2a: Goin Baby\n|-damage|p1a: Torterra|0 fnt|[from] Recoil\n|faint|p1a: Torterra\n|\n|upkeep\n|\n|t:|1699801172\n|switch|p1a: Iron Moth|Iron Moth|100\/100\n|switch|p2a: Pony|Walking Wake|100\/100\n|-damage|p1a: Iron Moth|76\/100|[from] Stealth Rock\n|-enditem|p1a: Iron Moth|Booster Energy\n|-activate|p1a: Iron Moth|ability: Quark Drive|[fromitem]\n|-start|p1a: Iron Moth|quarkdrivespa\n|turn|26\n|\n|t:|1699801178\n|move|p1a: Iron Moth|Sludge Wave|p2a: Pony\n|-damage|p2a: Pony|23\/100\n|move|p2a: Pony|Scald|p1a: Iron Moth\n|-supereffective|p1a: Iron Moth\n|-damage|p1a: Iron Moth|0 fnt\n|faint|p1a: Iron Moth\n|-end|p1a: Iron Moth|Quark Drive|[silent]\n|\n|upkeep\n|\n|t:|1699801181\n|switch|p1a: Ribombee|Ribombee, M|100\/100\n|-damage|p1a: Ribombee|76\/100|[from] Stealth Rock\n|turn|27\n|\n|t:|1699801186\n|-end|p2a: Pony|Protosynthesis|[silent]\n|switch|p2a: Carpet Burn|Heatran, M|68\/100 par\n|-activate|p2a: Carpet Burn|move: Sticky Web\n|-unboost|p2a: Carpet Burn|spe|1\n|move|p1a: Ribombee|Moonblast|p2a: Carpet Burn\n|-resisted|p2a: Carpet Burn\n|-damage|p2a: Carpet Burn|62\/100 par\n|-unboost|p2a: Carpet Burn|spa|1\n|\n|-heal|p2a: Carpet Burn|68\/100 par|[from] item: Leftovers\n|upkeep\n|turn|28\n|\n|t:|1699801197\n|move|p1a: Ribombee|Psychic|p2a: Carpet Burn\n|-resisted|p2a: Carpet Burn\n|-damage|p2a: Carpet Burn|59\/100 par\n|move|p2a: Carpet Burn|Magma Storm|p1a: Ribombee\n|-supereffective|p1a: Ribombee\n|-damage|p1a: Ribombee|0 fnt\n|faint|p1a: Ribombee\n|\n|-heal|p2a: Carpet Burn|66\/100 par|[from] item: Leftovers\n|upkeep\n|\n|t:|1699801203\n|switch|p1a: McFries|Gholdengo|86\/100\n|-damage|p1a: McFries|80\/100|[from] Stealth Rock\n|turn|29\n|\n|t:|1699801209\n|move|p1a: McFries|Nasty Plot|p1a: McFries\n|-boost|p1a: McFries|spa|2\n|move|p2a: Carpet Burn|Earth Power|p1a: McFries\n|-supereffective|p1a: McFries\n|-damage|p1a: McFries|44\/100\n|-unboost|p1a: McFries|spd|1\n|\n|-heal|p2a: Carpet Burn|72\/100 par|[from] item: Leftovers\n|upkeep\n|turn|30\n|\n|t:|1699801218\n|move|p1a: McFries|Shadow Ball|p2a: Carpet Burn\n|-damage|p2a: Carpet Burn|29\/100 par\n|move|p2a: Carpet Burn|Earth Power|p1a: McFries\n|-supereffective|p1a: McFries\n|-damage|p1a: McFries|0 fnt\n|faint|p1a: McFries\n|\n|win|qways\n|raw|Tzon's rating: 1646 &rarr; <strong>1631<\/strong><br \/>(-15 for losing)\n|raw|qways's rating: 1732 &rarr; <strong>1747<\/strong><br \/>(+15 for winning)\n|l|\u2606qways\n|l|\u2606Tzon\n","uploadtime":1699801897,"views":18,"p1id":"tzon","p2id":"qways","formatid":"gen9ou","rating":1631,"private":0,"password":""}