{"id":"gen9ou-1990878505","p1":"Omeezzy","p2":"RepeatUntilTired3","format":"[Gen 9] OU","log":"|j|\u2606Omeezzy\n|j|\u2606RepeatUntilTired3\n|t:|1700010559\n|gametype|singles\n|player|p1|Omeezzy|169|1291\n|player|p2|RepeatUntilTired3|marlon|1233\n|teamsize|p1|6\n|teamsize|p2|6\n|gen|9\n|tier|[Gen 9] OU\n|rated|\n|rule|Sleep Clause Mod: Limit one foe put to sleep\n|rule|Species Clause: Limit one of each Pok\u00e9mon\n|rule|OHKO Clause: OHKO moves are banned\n|rule|Evasion Items Clause: Evasion items are banned\n|rule|Evasion Moves Clause: Evasion moves are banned\n|rule|Endless Battle Clause: Forcing endless battles is banned\n|rule|HP Percentage Mod: HP is shown in percentages\n|clearpoke\n|poke|p1|Rillaboom, F|\n|poke|p1|Great Tusk|\n|poke|p1|Kingambit, F|\n|poke|p1|Slowking-Galar, M|\n|poke|p1|Cinderace, M|\n|poke|p1|Zapdos|\n|poke|p2|Basculegion-F, F|\n|poke|p2|Thundurus-Therian, M|\n|poke|p2|Zapdos|\n|poke|p2|Pelipper, M|\n|poke|p2|Iron Treads|\n|poke|p2|Samurott-Hisui, M|\n|teampreview\n|inactive|Battle timer is ON: inactive players will automatically lose when time's up. (requested by Omeezzy)\n|inactive|RepeatUntilTired3 has 120 seconds left.\n|inactive|RepeatUntilTired3 has 90 seconds left.\n|\n|t:|1700010620\n|start\n|switch|p1a: Zapdos|Zapdos|100\/100\n|switch|p2a: Him|Samurott-Hisui, M|100\/100\n|turn|1\n|\n|t:|1700010626\n|switch|p2a: Droideka|Iron Treads|100\/100\n|move|p1a: Zapdos|Thunderbolt|p2a: Droideka\n|-immune|p2a: Droideka\n|\n|upkeep\n|turn|2\n|\n|t:|1700010631\n|switch|p1a: Cinderace|Cinderace, M|100\/100\n|move|p2a: Droideka|Stealth Rock|p1a: Cinderace\n|-sidestart|p1: Omeezzy|move: Stealth Rock\n|\n|upkeep\n|turn|3\n|\n|t:|1700010653\n|move|p1a: Cinderace|Will-O-Wisp|p2a: Droideka|[miss]\n|-miss|p1a: Cinderace|p2a: Droideka\n|move|p2a: Droideka|Stealth Rock||[still]\n|-fail|p2a: Droideka\n|\n|upkeep\n|turn|4\n|\n|t:|1700010659\n|-end|p2a: Droideka|Quark Drive|[silent]\n|switch|p2a: BigDaddyPel|Pelipper, M|100\/100\n|-weather|RainDance|[from] ability: Drizzle|[of] p2a: BigDaddyPel\n|move|p1a: Cinderace|Will-O-Wisp|p2a: BigDaddyPel\n|-status|p2a: BigDaddyPel|brn\n|\n|-weather|RainDance|[upkeep]\n|-damage|p2a: BigDaddyPel|94\/100 brn|[from] brn\n|upkeep\n|turn|5\n|\n|t:|1700010668\n|switch|p1a: Zapdos|Zapdos|100\/100\n|move|p2a: BigDaddyPel|U-turn|p1a: Zapdos\n|-resisted|p1a: Zapdos\n|-damage|p1a: Zapdos|98\/100\n|\n|t:|1700010678\n|switch|p2a: Her|Basculegion-F, F|100\/100|[from] U-turn\n|\n|-weather|RainDance|[upkeep]\n|upkeep\n|turn|6\n|\n|t:|1700010698\n|-terastallize|p2a: Her|Water\n|move|p2a: Her|Surf|p1a: Zapdos\n|-damage|p1a: Zapdos|0 fnt\n|faint|p1a: Zapdos\n|\n|-weather|RainDance|[upkeep]\n|upkeep\n|\n|t:|1700010708\n|switch|p1a: Rillaboom|Rillaboom, F|100\/100\n|-damage|p1a: Rillaboom|88\/100|[from] Stealth Rock\n|-fieldstart|move: Grassy Terrain|[from] ability: Grassy Surge|[of] p1a: Rillaboom\n|turn|7\n|\n|t:|1700010713\n|switch|p2a: BigBird|Zapdos|100\/100\n|-terastallize|p1a: Rillaboom|Grass\n|move|p1a: Rillaboom|Grassy Glide|p2a: BigBird\n|-resisted|p2a: BigBird\n|-damage|p2a: BigBird|72\/100\n|\n|-weather|RainDance|[upkeep]\n|-heal|p1a: Rillaboom|94\/100|[from] Grassy Terrain\n|upkeep\n|turn|8\n|\n|t:|1700010729\n|switch|p1a: Cinderace|Cinderace, M|100\/100\n|move|p2a: BigBird|U-turn|p1a: Cinderace\n|-resisted|p1a: Cinderace\n|-damage|p1a: Cinderace|93\/100\n|\n|t:|1700010736\n|switch|p2a: Her|Basculegion-F, F, tera:Water|100\/100|[from] U-turn\n|\n|-weather|RainDance|[upkeep]\n|-heal|p1a: Cinderace|99\/100|[from] Grassy Terrain\n|upkeep\n|turn|9\n|\n|t:|1700010743\n|switch|p1a: Rillaboom|Rillaboom, F, tera:Grass|94\/100\n|-damage|p1a: Rillaboom|82\/100|[from] Stealth Rock\n|move|p2a: Her|Surf|p1a: Rillaboom\n|-resisted|p1a: Rillaboom\n|-damage|p1a: Rillaboom|4\/100\n|\n|-weather|RainDance|[upkeep]\n|-heal|p1a: Rillaboom|10\/100|[from] Grassy Terrain\n|upkeep\n|turn|10\n|\n|t:|1700010752\n|move|p2a: Her|Surf|p1a: Rillaboom\n|-resisted|p1a: Rillaboom\n|-crit|p1a: Rillaboom\n|-damage|p1a: Rillaboom|0 fnt\n|faint|p1a: Rillaboom\n|\n|-weather|RainDance|[upkeep]\n|upkeep\n|-message|Omeezzy forfeited.\n|\n|win|RepeatUntilTired3\n|raw|Omeezzy's rating: 1291 &rarr; <strong>1262<\/strong><br \/>(-29 for losing)\n|raw|RepeatUntilTired3's rating: 1233 &rarr; <strong>1262<\/strong><br \/>(+29 for winning)\n","uploadtime":1700010761,"views":23,"p1id":"omeezzy","p2id":"repeatuntiltired3","formatid":"gen9ou","rating":1262,"private":0,"password":""}