{"id":"gen9ou-1994518564","p1":"GetSlagged","p2":"VanhominTesting","format":"[Gen 9] OU","log":"|j|\u2606GetSlagged\n|j|\u2606VanhominTesting\n|t:|1700453640\n|gametype|singles\n|player|p1|GetSlagged|ariana|1118\n|player|p2|VanhominTesting|scientist-gen4|1124\n|teamsize|p1|6\n|teamsize|p2|6\n|gen|9\n|tier|[Gen 9] OU\n|rated|\n|rule|Sleep Clause Mod: Limit one foe put to sleep\n|rule|Species Clause: Limit one of each Pok\u00e9mon\n|rule|OHKO Clause: OHKO moves are banned\n|rule|Evasion Items Clause: Evasion items are banned\n|rule|Evasion Moves Clause: Evasion moves are banned\n|rule|Endless Battle Clause: Forcing endless battles is banned\n|rule|HP Percentage Mod: HP is shown in percentages\n|clearpoke\n|poke|p1|Maushold|\n|poke|p1|Samurott-Hisui, M|\n|poke|p1|Kingambit, F|\n|poke|p1|Garganacl, F|\n|poke|p1|Amoonguss, M|\n|poke|p1|Weavile, F|\n|poke|p2|Zapdos|\n|poke|p2|Glimmora, F|\n|poke|p2|Garganacl, M|\n|poke|p2|Kommo-o, F|\n|poke|p2|Toxapex, M|\n|poke|p2|Ditto|\n|teampreview\n|inactive|Battle timer is ON: inactive players will automatically lose when time's up. (requested by VanhominTesting)\n|\n|t:|1700453648\n|start\n|switch|p1a: Amoonguss|Amoonguss, M, shiny|100\/100\n|switch|p2a: Glimmora|Glimmora, F|100\/100\n|turn|1\n|\n|t:|1700453655\n|switch|p2a: Catalyst|Garganacl, M, shiny|100\/100\n|move|p1a: Amoonguss|Spore|p2a: Catalyst\n|-immune|p2a: Catalyst|[from] ability: Purifying Salt\n|\n|upkeep\n|turn|2\n|\n|t:|1700453661\n|move|p2a: Catalyst|Curse|p2a: Catalyst\n|-unboost|p2a: Catalyst|spe|1\n|-boost|p2a: Catalyst|atk|1\n|-boost|p2a: Catalyst|def|1\n|move|p1a: Amoonguss|Grass Knot|p2a: Catalyst\n|-supereffective|p2a: Catalyst\n|-damage|p2a: Catalyst|50\/100\n|\n|-heal|p2a: Catalyst|56\/100|[from] item: Leftovers\n|upkeep\n|turn|3\n|\n|t:|1700453676\n|-terastallize|p2a: Catalyst|Ghost\n|move|p1a: Amoonguss|Grass Knot|p2a: Catalyst\n|-damage|p2a: Catalyst|33\/100\n|move|p2a: Catalyst|Recover|p2a: Catalyst\n|-heal|p2a: Catalyst|83\/100\n|\n|-heal|p2a: Catalyst|89\/100|[from] item: Leftovers\n|upkeep\n|turn|4\n|\n|t:|1700453688\n|move|p1a: Amoonguss|Grass Knot|p2a: Catalyst\n|-damage|p2a: Catalyst|66\/100\n|move|p2a: Catalyst|Curse|p1a: Amoonguss\n|-start|p1a: Amoonguss|Curse|[of] p2a: Catalyst\n|-damage|p2a: Catalyst|16\/100\n|\n|-heal|p2a: Catalyst|22\/100|[from] item: Leftovers\n|-damage|p1a: Amoonguss|75\/100|[from] Curse\n|upkeep\n|turn|5\n|\n|t:|1700453697\n|move|p1a: Amoonguss|Grass Knot|p2a: Catalyst\n|-damage|p2a: Catalyst|0 fnt\n|faint|p2a: Catalyst\n|\n|-damage|p1a: Amoonguss|50\/100|[from] Curse\n|upkeep\n|\n|t:|1700453710\n|switch|p2a: Glimmora|Glimmora, F|100\/100\n|turn|6\n|\n|t:|1700453716\n|move|p2a: Glimmora|Reflect|p2a: Glimmora\n|-sidestart|p2: VanhominTesting|Reflect\n|move|p1a: Amoonguss|Spore|p2a: Glimmora\n|-status|p2a: Glimmora|slp|[from] move: Spore\n|\n|-damage|p1a: Amoonguss|25\/100|[from] Curse\n|upkeep\n|turn|7\n|\n|t:|1700453723\n|switch|p2a: Kommo-o|Kommo-o, F|100\/100\n|switch|p1a: Weavile|Weavile, F|100\/100\n|-ability|p1a: Weavile|Pressure\n|\n|upkeep\n|turn|8\n|\n|t:|1700453732\n|switch|p2a: Aristotle|Toxapex, M|100\/100\n|move|p1a: Weavile|Ice Spinner|p2a: Aristotle\n|-resisted|p2a: Aristotle\n|-damage|p2a: Aristotle|95\/100\n|\n|-heal|p2a: Aristotle|100\/100|[from] item: Black Sludge\n|upkeep\n|turn|9\n|\n|t:|1700453735\n|move|p1a: Weavile|Knock Off|p2a: Aristotle\n|-damage|p2a: Aristotle|85\/100\n|-enditem|p2a: Aristotle|Black Sludge|[from] move: Knock Off|[of] p1a: Weavile\n|move|p2a: Aristotle|Toxic|p1a: Weavile\n|-status|p1a: Weavile|tox\n|\n|-damage|p1a: Weavile|94\/100 tox|[from] psn\n|upkeep\n|turn|10\n|\n|t:|1700453741\n|switch|p1a: Maushold|Maushold|100\/100\n|move|p2a: Aristotle|Chilling Water|p1a: Maushold\n|-damage|p1a: Maushold|85\/100\n|-unboost|p1a: Maushold|atk|1\n|\n|upkeep\n|turn|11\n|\n|t:|1700453744\n|move|p1a: Maushold|Tidy Up|p1a: Maushold\n|-boost|p1a: Maushold|atk|1\n|-boost|p1a: Maushold|spe|1\n|move|p2a: Aristotle|Toxic|p1a: Maushold\n|-status|p1a: Maushold|tox\n|\n|-damage|p1a: Maushold|79\/100 tox|[from] psn\n|upkeep\n|turn|12\n|\n|t:|1700453748\n|move|p1a: Maushold|Tidy Up|p1a: Maushold\n|-boost|p1a: Maushold|atk|1\n|-boost|p1a: Maushold|spe|1\n|move|p2a: Aristotle|Chilling Water|p1a: Maushold\n|-damage|p1a: Maushold|63\/100 tox\n|-unboost|p1a: Maushold|atk|1\n|\n|-damage|p1a: Maushold|51\/100 tox|[from] psn\n|upkeep\n|turn|13\n|\n|t:|1700453754\n|move|p1a: Maushold|Population Bomb|p2a: Aristotle\n|-damage|p2a: Aristotle|82\/100\n|-damage|p2a: Aristotle|78\/100\n|-damage|p2a: Aristotle|75\/100\n|-damage|p2a: Aristotle|72\/100\n|-damage|p2a: Aristotle|68\/100\n|-damage|p2a: Aristotle|64\/100\n|-damage|p2a: Aristotle|61\/100\n|-damage|p2a: Aristotle|58\/100\n|-damage|p2a: Aristotle|54\/100\n|-damage|p2a: Aristotle|51\/100\n|-hitcount|p2a: Aristotle|10\n|move|p2a: Aristotle|Chilling Water|p1a: Maushold\n|-damage|p1a: Maushold|36\/100 tox\n|-unboost|p1a: Maushold|atk|1\n|\n|-damage|p1a: Maushold|17\/100 tox|[from] psn\n|-sideend|p2: VanhominTesting|Reflect\n|upkeep\n|turn|14\n|\n|t:|1700453758\n|move|p2a: Aristotle|Protect|p2a: Aristotle\n|-singleturn|p2a: Aristotle|Protect\n|move|p1a: Maushold|Population Bomb|p2a: Aristotle\n|-activate|p2a: Aristotle|move: Protect\n|\n|-damage|p1a: Maushold|0 fnt|[from] psn\n|faint|p1a: Maushold\n|upkeep\n|\n|t:|1700453768\n|switch|p1a: Garganacl|Garganacl, F|100\/100\n|turn|15\n|\n|t:|1700453776\n|move|p1a: Garganacl|Salt Cure|p2a: Aristotle\n|-damage|p2a: Aristotle|43\/100\n|-start|p2a: Aristotle|Salt Cure\n|move|p2a: Aristotle|Chilling Water|p1a: Garganacl\n|-supereffective|p1a: Garganacl\n|-damage|p1a: Garganacl|87\/100\n|-unboost|p1a: Garganacl|atk|1\n|\n|-heal|p1a: Garganacl|93\/100|[from] item: Leftovers\n|-damage|p2a: Aristotle|18\/100|[from] Salt Cure\n|upkeep\n|turn|16\n|\n|t:|1700453791\n|switch|p2a: Anemki|Zapdos|100\/100\n|-ability|p2a: Anemki|Pressure\n|move|p1a: Garganacl|Salt Cure|p2a: Anemki\n|-supereffective|p2a: Anemki\n|-damage|p2a: Anemki|77\/100\n|-start|p2a: Anemki|Salt Cure\n|\n|-heal|p2a: Anemki|84\/100|[from] item: Leftovers\n|-heal|p1a: Garganacl|99\/100|[from] item: Leftovers\n|-damage|p2a: Anemki|71\/100|[from] Salt Cure\n|upkeep\n|turn|17\n|\n|t:|1700453794\n|switch|p1a: Weavile|Weavile, F|94\/100 tox\n|-ability|p1a: Weavile|Pressure\n|move|p2a: Anemki|Thunderbolt|p1a: Weavile\n|-damage|p1a: Weavile|29\/100 tox\n|\n|-heal|p2a: Anemki|77\/100|[from] item: Leftovers\n|-damage|p1a: Weavile|23\/100 tox|[from] psn\n|-damage|p2a: Anemki|65\/100|[from] Salt Cure\n|upkeep\n|turn|18\n|\n|t:|1700453798\n|switch|p2a: Aristotle|Toxapex, M|51\/100\n|move|p1a: Weavile|Knock Off|p2a: Aristotle\n|-damage|p2a: Aristotle|31\/100\n|\n|-damage|p1a: Weavile|11\/100 tox|[from] psn\n|upkeep\n|turn|19\n|\n|t:|1700453806\n|switch|p1a: Amoonguss|Amoonguss, M, shiny|59\/100\n|move|p2a: Aristotle|Protect||[still]\n|-fail|p2a: Aristotle\n|\n|upkeep\n|turn|20\n|\n|t:|1700453814\n|move|p2a: Aristotle|Recover|p2a: Aristotle\n|-heal|p2a: Aristotle|81\/100\n|move|p1a: Amoonguss|Grass Knot|p2a: Aristotle\n|-damage|p2a: Aristotle|70\/100\n|\n|upkeep\n|turn|21\n|\n|t:|1700453822\n|switch|p2a: Anemki|Zapdos|65\/100\n|-ability|p2a: Anemki|Pressure\n|switch|p1a: Samurott|Samurott-Hisui, M, shiny|100\/100\n|\n|-heal|p2a: Anemki|71\/100|[from] item: Leftovers\n|upkeep\n|turn|22\n|l|\u2606GetSlagged\n|inactive|GetSlagged disconnected and has a minute to reconnect!\n|player|p1|\n|inactive|GetSlagged has 30 seconds to reconnect!\n|inactive|GetSlagged has 20 seconds to reconnect!\n|inactive|GetSlagged has 15 seconds to reconnect!\n|inactive|GetSlagged has 10 seconds to reconnect!\n|inactive|GetSlagged has 5 seconds to reconnect!\n|-message|GetSlagged lost due to inactivity.\n|\n|win|VanhominTesting\n|raw|GetSlagged's rating: 1118 &rarr; <strong>1093<\/strong><br \/>(-25 for losing)\n|raw|VanhominTesting's rating: 1124 &rarr; <strong>1149<\/strong><br \/>(+25 for winning)\n","uploadtime":1700453901,"views":22,"p1id":"getslagged","p2id":"vanhomintesting","formatid":"gen9ou","rating":1093,"private":0,"password":""}