{"id":"gen9ou-1995921871","p1":"LeeVoiceAct","p2":"The23rdPower","format":"[Gen 9] OU","log":"|j|\u2606LeeVoiceAct\n|j|\u2606The23rdPower\n|t:|1700617705\n|gametype|singles\n|player|p1|LeeVoiceAct|giovanni|1184\n|player|p2|The23rdPower|brendan-gen3|1149\n|teamsize|p1|6\n|teamsize|p2|6\n|gen|9\n|tier|[Gen 9] OU\n|rated|\n|rule|Sleep Clause Mod: Limit one foe put to sleep\n|rule|Species Clause: Limit one of each Pok\u00e9mon\n|rule|OHKO Clause: OHKO moves are banned\n|rule|Evasion Items Clause: Evasion items are banned\n|rule|Evasion Moves Clause: Evasion moves are banned\n|rule|Endless Battle Clause: Forcing endless battles is banned\n|rule|HP Percentage Mod: HP is shown in percentages\n|clearpoke\n|poke|p1|Grimmsnarl, M|\n|poke|p1|Greninja-*, M|\n|poke|p1|Great Tusk|\n|poke|p1|Cresselia, F|\n|poke|p1|Ting-Lu|\n|poke|p1|Milotic, F|\n|poke|p2|Iron Treads|\n|poke|p2|Alomomola, M|\n|poke|p2|Goodra-Hisui, M|\n|poke|p2|Venomoth, M|\n|poke|p2|Delphox, M|\n|poke|p2|Hydreigon, F|\n|teampreview\n|\n|t:|1700617729\n|start\n|switch|p1a: Deer|Ting-Lu|100\/100\n|switch|p2a: Alomomola|Alomomola, M|100\/100\n|-ability|p1a: Deer|Vessel of Ruin\n|turn|1\n|\n|t:|1700617753\n|move|p1a: Deer|Stealth Rock|p2a: Alomomola\n|-sidestart|p2: The23rdPower|move: Stealth Rock\n|move|p2a: Alomomola|Flip Turn|p1a: Deer\n|-supereffective|p1a: Deer\n|-damage|p1a: Deer|84\/100\n|\n|t:|1700617762\n|switch|p2a: Venomoth|Venomoth, M|100\/100|[from] Flip Turn\n|\n|-heal|p1a: Deer|90\/100|[from] item: Leftovers\n|upkeep\n|turn|2\n|\n|t:|1700617770\n|move|p2a: Venomoth|Toxic|p1a: Deer\n|-status|p1a: Deer|tox\n|move|p1a: Deer|Earthquake|p2a: Venomoth\n|-damage|p2a: Venomoth|57\/100\n|\n|-heal|p1a: Deer|97\/100 tox|[from] item: Leftovers\n|-damage|p1a: Deer|90\/100 tox|[from] psn\n|upkeep\n|turn|3\n|\n|t:|1700617778\n|switch|p1a: Mermaid|Milotic, F|100\/100\n|move|p2a: Venomoth|Morning Sun|p2a: Venomoth\n|-heal|p2a: Venomoth|100\/100\n|\n|-status|p1a: Mermaid|brn|[from] item: Flame Orb\n|upkeep\n|turn|4\n|\n|t:|1700617786\n|move|p1a: Mermaid|Scald|p2a: Venomoth\n|-damage|p2a: Venomoth|63\/100\n|-status|p2a: Venomoth|brn\n|move|p2a: Venomoth|U-turn|p1a: Mermaid\n|-damage|p1a: Mermaid|95\/100 brn\n|\n|t:|1700617797\n|switch|p2a: Goodra|Goodra-Hisui, M|100\/100|[from] U-turn\n|-damage|p2a: Goodra|94\/100|[from] Stealth Rock\n|\n|-damage|p1a: Mermaid|89\/100 brn|[from] brn\n|upkeep\n|turn|5\n|\n|t:|1700617805\n|-terastallize|p2a: Goodra|Grass\n|move|p1a: Mermaid|Dragon Pulse|p2a: Goodra\n|-damage|p2a: Goodra|80\/100\n|move|p2a: Goodra|Absorb|p1a: Mermaid\n|-supereffective|p1a: Mermaid\n|-damage|p1a: Mermaid|39\/100 brn\n|-heal|p2a: Goodra|100\/100|[from] drain|[of] p1a: Mermaid\n|\n|-damage|p1a: Mermaid|33\/100 brn|[from] brn\n|upkeep\n|turn|6\n|\n|t:|1700617815\n|move|p1a: Mermaid|Ice Beam|p2a: Goodra\n|-supereffective|p2a: Goodra\n|-damage|p2a: Goodra|71\/100\n|move|p2a: Goodra|Absorb|p1a: Mermaid\n|-supereffective|p1a: Mermaid\n|-damage|p1a: Mermaid|0 fnt\n|-heal|p2a: Goodra|88\/100|[from] drain|[of] p1a: Mermaid\n|faint|p1a: Mermaid\n|\n|upkeep\n|\n|t:|1700617832\n|switch|p1a: Crescent|Cresselia, F|100\/100\n|turn|7\n|\n|t:|1700617839\n|switch|p2a: Venomoth|Venomoth, M|63\/100 brn\n|move|p1a: Crescent|Future Sight|p2a: Venomoth\n|-start|p1a: Crescent|move: Future Sight\n|\n|-damage|p2a: Venomoth|57\/100 brn|[from] brn\n|upkeep\n|turn|8\n|\n|t:|1700617845\n|move|p1a: Crescent|Psyshock|p2a: Venomoth\n|-supereffective|p2a: Venomoth\n|-damage|p2a: Venomoth|0 fnt\n|faint|p2a: Venomoth\n|\n|upkeep\n|\n|t:|1700617848\n|switch|p2a: Iron Treads|Iron Treads|100\/100\n|-damage|p2a: Iron Treads|97\/100|[from] Stealth Rock\n|turn|9\n|\n|t:|1700617852\n|move|p2a: Iron Treads|Rapid Spin|p1a: Crescent\n|-damage|p1a: Crescent|90\/100\n|-boost|p2a: Iron Treads|spe|1\n|-sideend|p2: The23rdPower|Stealth Rock|[from] move: Rapid Spin|[of] p2a: Iron Treads\n|move|p1a: Crescent|Psyshock|p2a: Iron Treads\n|-resisted|p2a: Iron Treads\n|-damage|p2a: Iron Treads|85\/100\n|\n|-end|p2a: Iron Treads|move: Future Sight\n|-resisted|p2a: Iron Treads\n|-damage|p2a: Iron Treads|55\/100\n|-heal|p1a: Crescent|96\/100|[from] item: Leftovers\n|upkeep\n|turn|10\n|\n|t:|1700617864\n|switch|p1a: Deer|Ting-Lu|90\/100 tox\n|-ability|p1a: Deer|Vessel of Ruin\n|move|p2a: Iron Treads|Stealth Rock|p1a: Deer\n|-sidestart|p1: LeeVoiceAct|move: Stealth Rock\n|\n|-heal|p1a: Deer|97\/100 tox|[from] item: Leftovers\n|-damage|p1a: Deer|90\/100 tox|[from] psn\n|upkeep\n|turn|11\n|\n|t:|1700617886\n|move|p2a: Iron Treads|Ice Spinner|p1a: Deer\n|-supereffective|p1a: Deer\n|-damage|p1a: Deer|60\/100 tox\n|move|p1a: Deer|Earthquake|p2a: Iron Treads\n|-supereffective|p2a: Iron Treads\n|-damage|p2a: Iron Treads|0 fnt\n|faint|p2a: Iron Treads\n|-end|p2a: Iron Treads|Quark Drive|[silent]\n|\n|-heal|p1a: Deer|66\/100 tox|[from] item: Leftovers\n|-damage|p1a: Deer|53\/100 tox|[from] psn\n|upkeep\n|\n|t:|1700617897\n|switch|p2a: Delphox|Delphox, M|100\/100\n|turn|12\n|\n|t:|1700617901\n|move|p2a: Delphox|Focus Blast|p1a: Deer\n|-supereffective|p1a: Deer\n|-damage|p1a: Deer|17\/100 tox\n|move|p1a: Deer|Stealth Rock|p2a: Delphox\n|-sidestart|p2: The23rdPower|move: Stealth Rock\n|\n|-heal|p1a: Deer|24\/100 tox|[from] item: Leftovers\n|-damage|p1a: Deer|5\/100 tox|[from] psn\n|upkeep\n|turn|13\n|\n|t:|1700617909\n|switch|p2a: Alomomola|Alomomola, M|100\/100\n|move|p1a: Deer|Earthquake|p2a: Alomomola\n|-damage|p2a: Alomomola|79\/100\n|\n|-heal|p1a: Deer|11\/100 tox|[from] item: Leftovers\n|-damage|p1a: Deer|0 fnt|[from] psn\n|faint|p1a: Deer\n|upkeep\n|\n|t:|1700617932\n|switch|p1a: Ogre|Grimmsnarl, M|100\/100\n|-damage|p1a: Ogre|88\/100|[from] Stealth Rock\n|turn|14\n|\n|t:|1700617940\n|move|p1a: Ogre|Reflect|p1a: Ogre\n|-sidestart|p1: LeeVoiceAct|Reflect\n|move|p2a: Alomomola|Wish|p2a: Alomomola\n|\n|upkeep\n|turn|15\n|\n|t:|1700617947\n|move|p1a: Ogre|False Surrender|p2a: Alomomola\n|-damage|p2a: Alomomola|60\/100\n|move|p2a: Alomomola|Flip Turn|p1a: Ogre\n|-damage|p1a: Ogre|80\/100\n|\n|t:|1700617953\n|switch|p2a: Goodra|Goodra-Hisui, M, tera:Grass|88\/100|[from] Flip Turn\n|-damage|p2a: Goodra|76\/100|[from] Stealth Rock\n|\n|-heal|p2a: Goodra|100\/100|[from] move: Wish|[wisher] Alomomola\n|upkeep\n|turn|16\n|\n|t:|1700617961\n|move|p1a: Ogre|Light Screen|p1a: Ogre\n|-sidestart|p1: LeeVoiceAct|move: Light Screen\n|move|p2a: Goodra|Flash Cannon|p1a: Ogre\n|-supereffective|p1a: Ogre\n|-damage|p1a: Ogre|36\/100\n|\n|upkeep\n|turn|17\n|\n|t:|1700617965\n|move|p1a: Ogre|Parting Shot|p2a: Goodra\n|-unboost|p2a: Goodra|atk|1\n|-unboost|p2a: Goodra|spa|1\n|\n|t:|1700617969\n|switch|p1a: Tusk Act 4|Great Tusk|100\/100|[from] Parting Shot\n|-damage|p1a: Tusk Act 4|98\/100|[from] Stealth Rock\n|-enditem|p1a: Tusk Act 4|Booster Energy\n|-activate|p1a: Tusk Act 4|ability: Protosynthesis|[fromitem]\n|-start|p1a: Tusk Act 4|protosynthesisatk\n|move|p2a: Goodra|Flash Cannon|p1a: Tusk Act 4\n|-damage|p1a: Tusk Act 4|78\/100\n|-unboost|p1a: Tusk Act 4|spd|1\n|\n|upkeep\n|turn|18\n|\n|t:|1700617979\n|switch|p2a: Alomomola|Alomomola, M|93\/100\n|move|p1a: Tusk Act 4|Rapid Spin|p2a: Alomomola\n|-damage|p2a: Alomomola|81\/100\n|-boost|p1a: Tusk Act 4|spe|1\n|-sideend|p1: LeeVoiceAct|Stealth Rock|[from] move: Rapid Spin|[of] p1a: Tusk Act 4\n|\n|upkeep\n|turn|19\n|\n|t:|1700617986\n|move|p1a: Tusk Act 4|Earthquake|p2a: Alomomola\n|-damage|p2a: Alomomola|46\/100\n|move|p2a: Alomomola|Wish|p2a: Alomomola\n|\n|upkeep\n|turn|20\n|\n|t:|1700617994\n|switch|p2a: Goodra|Goodra-Hisui, M, tera:Grass|100\/100\n|-damage|p2a: Goodra|88\/100|[from] Stealth Rock\n|move|p1a: Tusk Act 4|Earthquake|p2a: Goodra\n|-resisted|p2a: Goodra\n|-damage|p2a: Goodra|57\/100\n|\n|-heal|p2a: Goodra|100\/100|[from] move: Wish|[wisher] Alomomola\n|upkeep\n|turn|21\n|\n|t:|1700618003\n|move|p1a: Tusk Act 4|Ice Spinner|p2a: Goodra\n|-supereffective|p2a: Goodra\n|-damage|p2a: Goodra|30\/100\n|move|p2a: Goodra|Absorb|p1a: Tusk Act 4\n|-supereffective|p1a: Tusk Act 4\n|-damage|p1a: Tusk Act 4|6\/100\n|-heal|p2a: Goodra|73\/100|[from] drain|[of] p1a: Tusk Act 4\n|\n|-sideend|p1: LeeVoiceAct|Reflect\n|upkeep\n|turn|22\n|\n|t:|1700618012\n|switch|p2a: Delphox|Delphox, M|100\/100\n|-damage|p2a: Delphox|76\/100|[from] Stealth Rock\n|move|p1a: Tusk Act 4|Ice Spinner|p2a: Delphox\n|-resisted|p2a: Delphox\n|-damage|p2a: Delphox|47\/100\n|\n|upkeep\n|turn|23\n|\n|t:|1700618020\n|move|p2a: Delphox|Psychic|p1a: Tusk Act 4\n|-supereffective|p1a: Tusk Act 4\n|-damage|p1a: Tusk Act 4|0 fnt\n|faint|p1a: Tusk Act 4\n|-end|p1a: Tusk Act 4|Protosynthesis|[silent]\n|\n|-sideend|p1: LeeVoiceAct|move: Light Screen\n|upkeep\n|\n|t:|1700618025\n|switch|p1a: Froggy G|Greninja, M|100\/100\n|turn|24\n|\n|t:|1700618033\n|switch|p2a: Alomomola|Alomomola, M|79\/100\n|move|p1a: Froggy G|Dark Pulse|p2a: Alomomola\n|-crit|p2a: Alomomola\n|-damage|p2a: Alomomola|13\/100\n|\n|upkeep\n|turn|25\n|\n|t:|1700618039\n|move|p1a: Froggy G|Dark Pulse|p2a: Alomomola\n|-damage|p2a: Alomomola|0 fnt\n|faint|p2a: Alomomola\n|-ability|p1a: Froggy G|Battle Bond|boost\n|-boost|p1a: Froggy G|atk|1\n|-boost|p1a: Froggy G|spa|1\n|-boost|p1a: Froggy G|spe|1\n|-activate|p1a: Froggy G|ability: Battle Bond\n|\n|upkeep\n|\n|t:|1700618043\n|switch|p2a: Goodra|Goodra-Hisui, M, tera:Grass|73\/100\n|-damage|p2a: Goodra|61\/100|[from] Stealth Rock\n|turn|26\n|\n|t:|1700618050\n|move|p1a: Froggy G|Ice Beam|p2a: Goodra\n|-supereffective|p2a: Goodra\n|-damage|p2a: Goodra|15\/100\n|move|p2a: Goodra|Absorb|p1a: Froggy G\n|-supereffective|p1a: Froggy G\n|-damage|p1a: Froggy G|10\/100\n|-heal|p2a: Goodra|57\/100|[from] drain|[of] p1a: Froggy G\n|\n|upkeep\n|turn|27\n|\n|t:|1700618058\n|move|p1a: Froggy G|Ice Beam|p2a: Goodra\n|-supereffective|p2a: Goodra\n|-damage|p2a: Goodra|13\/100\n|move|p2a: Goodra|Absorb|p1a: Froggy G\n|-supereffective|p1a: Froggy G\n|-damage|p1a: Froggy G|0 fnt\n|-heal|p2a: Goodra|17\/100|[from] drain|[of] p1a: Froggy G\n|faint|p1a: Froggy G\n|\n|upkeep\n|\n|t:|1700618071\n|switch|p1a: Crescent|Cresselia, F|96\/100\n|turn|28\n|\n|t:|1700618084\n|-terastallize|p1a: Crescent|Fire\n|move|p1a: Crescent|Tera Blast|p2a: Goodra|[anim] Tera Blast Fire\n|-supereffective|p2a: Goodra\n|-damage|p2a: Goodra|0 fnt\n|faint|p2a: Goodra\n|\n|-heal|p1a: Crescent|100\/100|[from] item: Leftovers\n|upkeep\n|\n|t:|1700618091\n|switch|p2a: Hydreigon|Hydreigon, F|100\/100\n|-damage|p2a: Hydreigon|88\/100|[from] Stealth Rock\n|turn|29\n|\n|t:|1700618096\n|move|p2a: Hydreigon|Dragon Dance|p2a: Hydreigon\n|-boost|p2a: Hydreigon|atk|1\n|-boost|p2a: Hydreigon|spe|1\n|move|p1a: Crescent|Tera Blast|p2a: Hydreigon|[anim] Tera Blast Fire\n|-resisted|p2a: Hydreigon\n|-damage|p2a: Hydreigon|70\/100\n|\n|upkeep\n|turn|30\n|\n|t:|1700618103\n|move|p2a: Hydreigon|Dragon Dance|p2a: Hydreigon\n|-boost|p2a: Hydreigon|atk|1\n|-boost|p2a: Hydreigon|spe|1\n|move|p1a: Crescent|Tera Blast|p2a: Hydreigon|[anim] Tera Blast Fire\n|-resisted|p2a: Hydreigon\n|-damage|p2a: Hydreigon|53\/100\n|\n|upkeep\n|turn|31\n|\n|t:|1700618109\n|move|p2a: Hydreigon|Head Smash|p1a: Crescent|[miss]\n|-miss|p2a: Hydreigon|p1a: Crescent\n|move|p1a: Crescent|Tera Blast|p2a: Hydreigon|[anim] Tera Blast Fire\n|-resisted|p2a: Hydreigon\n|-damage|p2a: Hydreigon|36\/100\n|\n|upkeep\n|turn|32\n|\n|t:|1700618116\n|move|p2a: Hydreigon|Head Smash|p1a: Crescent|[miss]\n|-miss|p2a: Hydreigon|p1a: Crescent\n|move|p1a: Crescent|Moonlight|p1a: Crescent\n|-fail|p1a: Crescent|heal\n|\n|upkeep\n|turn|33\n|\n|t:|1700618123\n|move|p2a: Hydreigon|Head Smash|p1a: Crescent\n|-supereffective|p1a: Crescent\n|-damage|p1a: Crescent|0 fnt\n|faint|p1a: Crescent\n|-damage|p2a: Hydreigon|0 fnt|[from] Recoil\n|faint|p2a: Hydreigon\n|\n|upkeep\n|\n|t:|1700618129\n|switch|p2a: Delphox|Delphox, M|47\/100\n|switch|p1a: Ogre|Grimmsnarl, M|36\/100\n|-damage|p2a: Delphox|22\/100|[from] Stealth Rock\n|turn|34\n|\n|t:|1700618136\n|move|p2a: Delphox|Blast Burn|p1a: Ogre\n|-damage|p1a: Ogre|0 fnt\n|-mustrecharge|p2a: Delphox\n|faint|p1a: Ogre\n|\n|win|The23rdPower\n|raw|LeeVoiceAct's rating: 1184 &rarr; <strong>1156<\/strong><br \/>(-28 for losing)\n|raw|The23rdPower's rating: 1149 &rarr; <strong>1177<\/strong><br \/>(+28 for winning)\n|c|\u2606LeeVoiceAct|gg\n|c|\u2606The23rdPower|Gg\n","uploadtime":1700618148,"views":1,"p1id":"leevoiceact","p2id":"the23rdpower","formatid":"gen9ou","rating":1156,"private":0,"password":""}