{"id":"gen9ou-1997993419","p1":"BumbleBlaster","p2":"bingus1204","format":"[Gen 9] OU","log":"|j|\u2606BumbleBlaster\n|j|\u2606bingus1204\n|t:|1700876485\n|gametype|singles\n|player|p1|BumbleBlaster|iono|1291\n|player|p2|bingus1204|clown|1377\n|teamsize|p1|6\n|teamsize|p2|6\n|gen|9\n|tier|[Gen 9] OU\n|rated|\n|rule|Sleep Clause Mod: Limit one foe put to sleep\n|rule|Species Clause: Limit one of each Pok\u00e9mon\n|rule|OHKO Clause: OHKO moves are banned\n|rule|Evasion Items Clause: Evasion items are banned\n|rule|Evasion Moves Clause: Evasion moves are banned\n|rule|Endless Battle Clause: Forcing endless battles is banned\n|rule|HP Percentage Mod: HP is shown in percentages\n|clearpoke\n|poke|p1|Goodra-Hisui, F|\n|poke|p1|Blissey, F|\n|poke|p1|Dondozo, M|\n|poke|p1|Cyclizar, F|\n|poke|p1|Alomomola, F|\n|poke|p1|Clodsire, M|\n|poke|p2|Ninetales-Alola, M|\n|poke|p2|Great Tusk|\n|poke|p2|Garchomp, F|\n|poke|p2|Slowking-Galar, M|\n|poke|p2|Gholdengo|\n|poke|p2|Meowscarada, M|\n|teampreview\n|inactive|Battle timer is ON: inactive players will automatically lose when time's up. (requested by BumbleBlaster)\n|\n|t:|1700876508\n|start\n|switch|p1a: Alomomola|Alomomola, F|100\/100\n|switch|p2a: Slowking|Slowking-Galar, M|100\/100\n|turn|1\n|\n|t:|1700876528\n|move|p1a: Alomomola|Scald|p2a: Slowking\n|-damage|p2a: Slowking|93\/100\n|move|p2a: Slowking|Sludge Bomb|p1a: Alomomola\n|-damage|p1a: Alomomola|49\/100\n|-status|p1a: Alomomola|psn\n|\n|-damage|p1a: Alomomola|36\/100 psn|[from] psn\n|upkeep\n|turn|2\n|\n|t:|1700876540\n|switch|p1a: Goodra|Goodra-Hisui, F|100\/100\n|switch|p2a: Great Tusk|Great Tusk|100\/100\n|\n|upkeep\n|turn|3\n|\n|t:|1700876548\n|switch|p1a: Alomomola|Alomomola, F|70\/100 psn\n|-terastallize|p2a: Great Tusk|Fighting\n|move|p2a: Great Tusk|Body Press|p1a: Alomomola\n|-damage|p1a: Alomomola|39\/100 psn\n|\n|-damage|p1a: Alomomola|27\/100 psn|[from] psn\n|upkeep\n|turn|4\n|\n|t:|1700876557\n|switch|p1a: Dondozo|Dondozo, M|100\/100\n|move|p2a: Great Tusk|Body Press|p1a: Dondozo\n|-damage|p1a: Dondozo|72\/100\n|\n|upkeep\n|turn|5\n|\n|t:|1700876566\n|-end|p2a: Great Tusk|Protosynthesis|[silent]\n|switch|p2a: Ninetales|Ninetales-Alola, M|100\/100\n|-weather|Snow|[from] ability: Snow Warning|[of] p2a: Ninetales\n|move|p1a: Dondozo|Curse|p1a: Dondozo\n|-unboost|p1a: Dondozo|spe|1\n|-boost|p1a: Dondozo|atk|1\n|-boost|p1a: Dondozo|def|1\n|\n|-weather|Snow|[upkeep]\n|upkeep\n|turn|6\n|\n|t:|1700876573\n|switch|p1a: Goodra|Goodra-Hisui, F|100\/100\n|move|p2a: Ninetales|Aurora Veil|p2a: Ninetales\n|-sidestart|p2: bingus1204|move: Aurora Veil\n|\n|-weather|Snow|[upkeep]\n|upkeep\n|turn|7\n|\n|t:|1700876576\n|move|p2a: Ninetales|Nasty Plot|p2a: Ninetales\n|-boost|p2a: Ninetales|spa|2\n|move|p1a: Goodra|Knock Off|p2a: Ninetales\n|-resisted|p2a: Ninetales\n|-damage|p2a: Ninetales|96\/100\n|-enditem|p2a: Ninetales|Light Clay|[from] move: Knock Off|[of] p1a: Goodra\n|\n|-weather|Snow|[upkeep]\n|upkeep\n|turn|8\n|\n|t:|1700876583\n|switch|p1a: Clodsire|Clodsire, M|100\/100\n|move|p2a: Ninetales|Blizzard|p1a: Clodsire\n|-supereffective|p1a: Clodsire\n|-damage|p1a: Clodsire|51\/100\n|\n|-weather|Snow|[upkeep]\n|upkeep\n|turn|9\n|\n|t:|1700876596\n|move|p2a: Ninetales|Blizzard|p1a: Clodsire\n|-supereffective|p1a: Clodsire\n|-damage|p1a: Clodsire|3\/100\n|move|p1a: Clodsire|Recover|p1a: Clodsire\n|-heal|p1a: Clodsire|53\/100\n|\n|-weather|none\n|upkeep\n|turn|10\n|\n|t:|1700876601\n|move|p2a: Ninetales|Blizzard|p1a: Clodsire\n|-supereffective|p1a: Clodsire\n|-damage|p1a: Clodsire|9\/100\n|move|p1a: Clodsire|Recover|p1a: Clodsire\n|-heal|p1a: Clodsire|59\/100\n|\n|upkeep\n|turn|11\n|\n|t:|1700876607\n|switch|p2a: Great Tusk|Great Tusk, tera:Fighting|100\/100\n|move|p1a: Clodsire|Recover|p1a: Clodsire\n|-heal|p1a: Clodsire|100\/100\n|\n|upkeep\n|turn|12\n|\n|t:|1700876613\n|switch|p1a: Dondozo|Dondozo, M|72\/100\n|move|p2a: Great Tusk|Earthquake|p1a: Dondozo\n|-damage|p1a: Dondozo|51\/100\n|\n|upkeep\n|turn|13\n|\n|t:|1700876616\n|-end|p2a: Great Tusk|Protosynthesis|[silent]\n|switch|p2a: Ninetales|Ninetales-Alola, M|96\/100\n|-weather|Snow|[from] ability: Snow Warning|[of] p2a: Ninetales\n|move|p1a: Dondozo|Rest|p1a: Dondozo\n|-status|p1a: Dondozo|slp|[from] move: Rest\n|-heal|p1a: Dondozo|100\/100 slp|[silent]\n|\n|-weather|Snow|[upkeep]\n|-sideend|p2: bingus1204|move: Aurora Veil\n|upkeep\n|turn|14\n|\n|t:|1700876623\n|switch|p1a: Blissey|Blissey, F|100\/100\n|move|p2a: Ninetales|Blizzard|p1a: Blissey\n|-damage|p1a: Blissey|88\/100\n|\n|-weather|Snow|[upkeep]\n|upkeep\n|turn|15\n|\n|t:|1700876627\n|switch|p2a: Gholdengo|Gholdengo|100\/100\n|move|p1a: Blissey|Stealth Rock|p2a: Gholdengo\n|-sidestart|p2: bingus1204|move: Stealth Rock\n|\n|-weather|Snow|[upkeep]\n|upkeep\n|turn|16\n|\n|t:|1700876633\n|move|p2a: Gholdengo|Substitute|p2a: Gholdengo\n|-start|p2a: Gholdengo|Substitute\n|-damage|p2a: Gholdengo|76\/100\n|move|p1a: Blissey|Seismic Toss|p2a: Gholdengo\n|-immune|p2a: Gholdengo\n|\n|-weather|Snow|[upkeep]\n|-heal|p2a: Gholdengo|82\/100|[from] item: Leftovers\n|upkeep\n|turn|17\n|\n|t:|1700876639\n|move|p2a: Gholdengo|Nasty Plot|p2a: Gholdengo\n|-boost|p2a: Gholdengo|spa|2\n|move|p1a: Blissey|Heal Bell|p1a: Blissey\n|-activate|p1a: Blissey|move: Heal Bell\n|-curestatus|p1: Dondozo|slp|[msg]\n|-curestatus|p1: Alomomola|psn|[msg]\n|\n|-weather|none\n|-heal|p2a: Gholdengo|88\/100|[from] item: Leftovers\n|upkeep\n|turn|18\n|\n|t:|1700876650\n|switch|p1a: Clodsire|Clodsire, M|100\/100\n|move|p2a: Gholdengo|Nasty Plot|p2a: Gholdengo\n|-boost|p2a: Gholdengo|spa|2\n|\n|-heal|p2a: Gholdengo|94\/100|[from] item: Leftovers\n|upkeep\n|turn|19\n|\n|t:|1700876652\n|move|p2a: Gholdengo|Make It Rain|p1a: Clodsire\n|-damage|p1a: Clodsire|60\/100\n|-unboost|p2a: Gholdengo|spa|1\n|move|p1a: Clodsire|Amnesia|p1a: Clodsire\n|-boost|p1a: Clodsire|spd|2\n|\n|-heal|p2a: Gholdengo|99\/100|[from] item: Leftovers\n|upkeep\n|turn|20\n|\n|t:|1700876677\n|switch|p2a: Great Tusk|Great Tusk, tera:Fighting|100\/100\n|-damage|p2a: Great Tusk|94\/100|[from] Stealth Rock\n|move|p1a: Clodsire|Toxic|p2a: Great Tusk\n|-status|p2a: Great Tusk|tox\n|\n|-heal|p2a: Great Tusk|100\/100 tox|[from] item: Leftovers\n|-damage|p2a: Great Tusk|94\/100 tox|[from] psn\n|upkeep\n|turn|21\n|\n|t:|1700876681\n|switch|p1a: Alomomola|Alomomola, F|60\/100\n|move|p2a: Great Tusk|Rapid Spin|p1a: Alomomola\n|-damage|p1a: Alomomola|52\/100\n|-boost|p2a: Great Tusk|spe|1\n|-sideend|p2: bingus1204|Stealth Rock|[from] move: Rapid Spin|[of] p2a: Great Tusk\n|\n|-heal|p2a: Great Tusk|100\/100 tox|[from] item: Leftovers\n|-damage|p2a: Great Tusk|88\/100 tox|[from] psn\n|upkeep\n|turn|22\n|\n|t:|1700876685\n|-end|p2a: Great Tusk|Protosynthesis|[silent]\n|switch|p2a: Gholdengo|Gholdengo|99\/100\n|move|p1a: Alomomola|Wish|p1a: Alomomola\n|\n|-heal|p2a: Gholdengo|100\/100|[from] item: Leftovers\n|upkeep\n|turn|23\n|\n|t:|1700876694\n|switch|p2a: Meowscarada|Meowscarada, M|100\/100\n|switch|p1a: Clodsire|Clodsire, M|60\/100\n|\n|-heal|p1a: Clodsire|100\/100|[from] move: Wish|[wisher] Alomomola\n|upkeep\n|turn|24\n|\n|t:|1700876698\n|switch|p1a: Alomomola|Alomomola, F|85\/100\n|move|p2a: Meowscarada|Knock Off|p1a: Alomomola\n|-start|p2a: Meowscarada|typechange|Dark|[from] ability: Protean\n|-damage|p1a: Alomomola|52\/100\n|-enditem|p1a: Alomomola|Heavy-Duty Boots|[from] move: Knock Off|[of] p2a: Meowscarada\n|\n|upkeep\n|turn|25\n|\n|t:|1700876704\n|switch|p2a: Gholdengo|Gholdengo|100\/100\n|move|p1a: Alomomola|Wish|p1a: Alomomola\n|\n|upkeep\n|turn|26\n|\n|t:|1700876710\n|switch|p2a: Meowscarada|Meowscarada, M|100\/100\n|move|p1a: Alomomola|Protect||[still]\n|-fail|p1a: Alomomola\n|\n|-heal|p1a: Alomomola|100\/100|[from] move: Wish|[wisher] Alomomola\n|upkeep\n|turn|27\n|\n|t:|1700876712\n|move|p1a: Alomomola|Protect|p1a: Alomomola\n|-singleturn|p1a: Alomomola|Protect\n|move|p2a: Meowscarada|Flower Trick|p1a: Alomomola\n|-start|p2a: Meowscarada|typechange|Grass|[from] ability: Protean\n|-activate|p1a: Alomomola|move: Protect\n|\n|upkeep\n|turn|28\n|\n|t:|1700876718\n|switch|p1a: Goodra|Goodra-Hisui, F|100\/100\n|move|p2a: Meowscarada|Flower Trick|p1a: Goodra\n|-resisted|p1a: Goodra\n|-damage|p1a: Goodra|92\/100\n|\n|upkeep\n|turn|29\n|\n|t:|1700876729\n|switch|p2a: Ninetales|Ninetales-Alola, M|96\/100\n|-weather|Snow|[from] ability: Snow Warning|[of] p2a: Ninetales\n|move|p1a: Goodra|Acid Armor|p1a: Goodra\n|-boost|p1a: Goodra|def|2\n|\n|-weather|Snow|[upkeep]\n|upkeep\n|turn|30\n|\n|t:|1700876737\n|move|p2a: Ninetales|Aurora Veil|p2a: Ninetales\n|-sidestart|p2: bingus1204|move: Aurora Veil\n|move|p1a: Goodra|Body Press|p2a: Ninetales\n|-damage|p2a: Ninetales|72\/100\n|\n|-weather|Snow|[upkeep]\n|upkeep\n|turn|31\n|\n|t:|1700876742\n|switch|p1a: Blissey|Blissey, F|88\/100\n|move|p2a: Ninetales|Blizzard|p1a: Blissey\n|-damage|p1a: Blissey|75\/100\n|\n|-weather|Snow|[upkeep]\n|upkeep\n|turn|32\n|\n|t:|1700876748\n|switch|p2a: Gholdengo|Gholdengo|100\/100\n|move|p1a: Blissey|Seismic Toss|p2a: Gholdengo\n|-immune|p2a: Gholdengo\n|\n|-weather|Snow|[upkeep]\n|upkeep\n|turn|33\n|\n|t:|1700876754\n|switch|p2a: Meowscarada|Meowscarada, M|100\/100\n|move|p1a: Blissey|Stealth Rock|p2a: Meowscarada\n|-sidestart|p2: bingus1204|move: Stealth Rock\n|\n|-weather|none\n|upkeep\n|turn|34\n|\n|t:|1700876761\n|switch|p1a: Goodra|Goodra-Hisui, F|92\/100\n|move|p2a: Meowscarada|Knock Off|p1a: Goodra\n|-start|p2a: Meowscarada|typechange|Dark|[from] ability: Protean\n|-damage|p1a: Goodra|43\/100\n|-enditem|p1a: Goodra|Heavy-Duty Boots|[from] move: Knock Off|[of] p2a: Meowscarada\n|\n|-sideend|p2: bingus1204|move: Aurora Veil\n|upkeep\n|turn|35\n|\n|t:|1700876774\n|switch|p2a: Gholdengo|Gholdengo|100\/100\n|-damage|p2a: Gholdengo|94\/100|[from] Stealth Rock\n|move|p1a: Goodra|Rest|p1a: Goodra\n|-status|p1a: Goodra|slp|[from] move: Rest\n|-heal|p1a: Goodra|100\/100 slp|[silent]\n|\n|-heal|p2a: Gholdengo|100\/100|[from] item: Leftovers\n|upkeep\n|turn|36\n|\n|t:|1700876780\n|move|p2a: Gholdengo|Nasty Plot|p2a: Gholdengo\n|-boost|p2a: Gholdengo|spa|2\n|cant|p1a: Goodra|slp\n|\n|upkeep\n|turn|37\n|\n|t:|1700876783\n|switch|p1a: Clodsire|Clodsire, M|100\/100\n|move|p2a: Gholdengo|Shadow Ball|p1a: Clodsire\n|-damage|p1a: Clodsire|76\/100\n|\n|upkeep\n|turn|38\n|\n|t:|1700876788\n|switch|p2a: Great Tusk|Great Tusk, tera:Fighting|88\/100 tox\n|-damage|p2a: Great Tusk|82\/100 tox|[from] Stealth Rock\n|move|p1a: Clodsire|Amnesia|p1a: Clodsire\n|-boost|p1a: Clodsire|spd|2\n|\n|-heal|p2a: Great Tusk|88\/100 tox|[from] item: Leftovers\n|-damage|p2a: Great Tusk|82\/100 tox|[from] psn\n|upkeep\n|turn|39\n|\n|t:|1700876793\n|switch|p1a: Alomomola|Alomomola, F|100\/100\n|move|p2a: Great Tusk|Rapid Spin|p1a: Alomomola\n|-crit|p1a: Alomomola\n|-damage|p1a: Alomomola|88\/100\n|-boost|p2a: Great Tusk|spe|1\n|-sideend|p2: bingus1204|Stealth Rock|[from] move: Rapid Spin|[of] p2a: Great Tusk\n|\n|-heal|p2a: Great Tusk|88\/100 tox|[from] item: Leftovers\n|-damage|p2a: Great Tusk|76\/100 tox|[from] psn\n|upkeep\n|turn|40\n|\n|t:|1700876802\n|-end|p2a: Great Tusk|Protosynthesis|[silent]\n|switch|p2a: Slowking|Slowking-Galar, M|100\/100\n|move|p1a: Alomomola|Scald|p2a: Slowking\n|-damage|p2a: Slowking|93\/100\n|\n|upkeep\n|turn|41\n|\n|t:|1700876807\n|switch|p1a: Goodra|Goodra-Hisui, F|100\/100 slp\n|move|p2a: Slowking|Sludge Bomb|p1a: Goodra\n|-immune|p1a: Goodra\n|\n|upkeep\n|turn|42\n|\n|t:|1700876813\n|switch|p2a: Garchomp|Garchomp, F|100\/100\n|cant|p1a: Goodra|slp\n|\n|upkeep\n|turn|43\n|\n|t:|1700876818\n|switch|p1a: Alomomola|Alomomola, F|100\/100\n|move|p2a: Garchomp|Scale Shot|p1a: Alomomola\n|-damage|p1a: Alomomola|92\/100\n|-damage|p1a: Alomomola|85\/100\n|-damage|p1a: Alomomola|76\/100\n|-damage|p1a: Alomomola|68\/100\n|-damage|p1a: Alomomola|60\/100\n|-hitcount|p1a: Alomomola|5\n|-unboost|p2a: Garchomp|def|1\n|-boost|p2a: Garchomp|spe|1\n|\n|upkeep\n|turn|44\n|\n|t:|1700876827\n|switch|p2a: Meowscarada|Meowscarada, M|100\/100\n|move|p1a: Alomomola|Wish|p1a: Alomomola\n|\n|upkeep\n|turn|45\n|\n|t:|1700876836\n|move|p1a: Alomomola|Protect|p1a: Alomomola\n|-singleturn|p1a: Alomomola|Protect\n|move|p2a: Meowscarada|U-turn|p1a: Alomomola\n|-start|p2a: Meowscarada|typechange|Bug|[from] ability: Protean\n|-activate|p1a: Alomomola|move: Protect\n|\n|-heal|p1a: Alomomola|100\/100|[from] move: Wish|[wisher] Alomomola\n|upkeep\n|turn|46\n|\n|t:|1700876840\n|move|p2a: Meowscarada|U-turn|p1a: Alomomola\n|-damage|p1a: Alomomola|74\/100\n|\n|t:|1700876845\n|switch|p2a: Ninetales|Ninetales-Alola, M|72\/100|[from] U-turn\n|-weather|Snow|[from] ability: Snow Warning|[of] p2a: Ninetales\n|move|p1a: Alomomola|Wish|p1a: Alomomola\n|\n|-weather|Snow|[upkeep]\n|upkeep\n|turn|47\n|\n|t:|1700876851\n|switch|p1a: Blissey|Blissey, F|75\/100\n|move|p2a: Ninetales|Nasty Plot|p2a: Ninetales\n|-boost|p2a: Ninetales|spa|2\n|\n|-weather|Snow|[upkeep]\n|-heal|p1a: Blissey|100\/100|[from] move: Wish|[wisher] Alomomola\n|upkeep\n|turn|48\n|\n|t:|1700876855\n|move|p2a: Ninetales|Blizzard|p1a: Blissey\n|-crit|p1a: Blissey\n|-damage|p1a: Blissey|64\/100\n|-status|p1a: Blissey|frz\n|-curestatus|p1a: Blissey|frz|[msg]\n|move|p1a: Blissey|Stealth Rock|p2a: Ninetales\n|-sidestart|p2: bingus1204|move: Stealth Rock\n|\n|-weather|Snow|[upkeep]\n|upkeep\n|turn|49\n|\n|t:|1700876863\n|move|p2a: Ninetales|Nasty Plot|p2a: Ninetales\n|-boost|p2a: Ninetales|spa|2\n|move|p1a: Blissey|Soft-Boiled|p1a: Blissey\n|-heal|p1a: Blissey|100\/100\n|\n|-weather|Snow|[upkeep]\n|upkeep\n|turn|50\n|\n|t:|1700876875\n|move|p2a: Ninetales|Blizzard|p1a: Blissey\n|-damage|p1a: Blissey|63\/100\n|move|p1a: Blissey|Seismic Toss|p2a: Ninetales\n|-damage|p2a: Ninetales|38\/100\n|\n|-weather|none\n|upkeep\n|turn|51\n|\n|t:|1700876881\n|move|p2a: Ninetales|Moonblast|p1a: Blissey\n|-damage|p1a: Blissey|29\/100\n|move|p1a: Blissey|Soft-Boiled|p1a: Blissey\n|-heal|p1a: Blissey|79\/100\n|\n|upkeep\n|turn|52\n|\n|t:|1700876887\n|switch|p1a: Clodsire|Clodsire, M|76\/100\n|move|p2a: Ninetales|Nasty Plot|p2a: Ninetales\n|-boost|p2a: Ninetales|spa|2\n|\n|upkeep\n|turn|53\n|\n|t:|1700876890\n|move|p2a: Ninetales|Blizzard|p1a: Clodsire\n|-supereffective|p1a: Clodsire\n|-damage|p1a: Clodsire|27\/100\n|move|p1a: Clodsire|Recover|p1a: Clodsire\n|-heal|p1a: Clodsire|77\/100\n|\n|upkeep\n|turn|54\n|\n|t:|1700876896\n|switch|p2a: Great Tusk|Great Tusk, tera:Fighting|76\/100 tox\n|-damage|p2a: Great Tusk|69\/100 tox|[from] Stealth Rock\n|move|p1a: Clodsire|Spikes|p2a: Great Tusk\n|-sidestart|p2: bingus1204|Spikes\n|\n|-heal|p2a: Great Tusk|76\/100 tox|[from] item: Leftovers\n|-damage|p2a: Great Tusk|69\/100 tox|[from] psn\n|upkeep\n|turn|55\n|\n|t:|1700876900\n|switch|p1a: Alomomola|Alomomola, F|100\/100\n|move|p2a: Great Tusk|Rapid Spin|p1a: Alomomola\n|-crit|p1a: Alomomola\n|-damage|p1a: Alomomola|89\/100\n|-boost|p2a: Great Tusk|spe|1\n|-sideend|p2: bingus1204|Spikes|[from] move: Rapid Spin|[of] p2a: Great Tusk\n|-sideend|p2: bingus1204|Stealth Rock|[from] move: Rapid Spin|[of] p2a: Great Tusk\n|\n|-heal|p2a: Great Tusk|76\/100 tox|[from] item: Leftovers\n|-damage|p2a: Great Tusk|63\/100 tox|[from] psn\n|upkeep\n|turn|56\n|\n|t:|1700876906\n|-end|p2a: Great Tusk|Protosynthesis|[silent]\n|switch|p2a: Meowscarada|Meowscarada, M|100\/100\n|move|p1a: Alomomola|Scald|p2a: Meowscarada\n|-resisted|p2a: Meowscarada\n|-damage|p2a: Meowscarada|91\/100\n|\n|upkeep\n|turn|57\n|\n|t:|1700876918\n|switch|p2a: Gholdengo|Gholdengo|100\/100\n|move|p1a: Alomomola|Protect||[still]\n|-fail|p1a: Alomomola\n|\n|upkeep\n|turn|58\n|\n|t:|1700876925\n|move|p2a: Gholdengo|Nasty Plot|p2a: Gholdengo\n|-boost|p2a: Gholdengo|spa|2\n|move|p1a: Alomomola|Wish|p1a: Alomomola\n|\n|upkeep\n|turn|59\n|\n|t:|1700876930\n|switch|p1a: Clodsire|Clodsire, M|77\/100\n|move|p2a: Gholdengo|Nasty Plot|p2a: Gholdengo\n|-boost|p2a: Gholdengo|spa|2\n|\n|-heal|p1a: Clodsire|100\/100|[from] move: Wish|[wisher] Alomomola\n|upkeep\n|turn|60\n|\n|t:|1700876935\n|move|p2a: Gholdengo|Make It Rain|p1a: Clodsire\n|-damage|p1a: Clodsire|61\/100\n|-unboost|p2a: Gholdengo|spa|1\n|move|p1a: Clodsire|Amnesia|p1a: Clodsire\n|-boost|p1a: Clodsire|spd|2\n|\n|upkeep\n|turn|61\n|\n|t:|1700876943\n|switch|p2a: Slowking|Slowking-Galar, M|100\/100\n|move|p1a: Clodsire|Spikes|p2a: Slowking\n|-sidestart|p2: bingus1204|Spikes\n|\n|upkeep\n|turn|62\n|\n|t:|1700876949\n|switch|p1a: Cyclizar|Cyclizar, F|100\/100\n|move|p2a: Slowking|Psychic|p1a: Cyclizar\n|-damage|p1a: Cyclizar|55\/100\n|\n|upkeep\n|turn|63\n|\n|t:|1700876955\n|move|p1a: Cyclizar|U-turn|p2a: Slowking\n|-damage|p2a: Slowking|84\/100\n|\n|t:|1700876958\n|switch|p1a: Goodra|Goodra-Hisui, F|100\/100 slp|[from] U-turn\n|move|p2a: Slowking|Ice Beam|p1a: Goodra\n|-damage|p1a: Goodra|80\/100 slp\n|\n|upkeep\n|turn|64\n|\n|t:|1700876966\n|switch|p2a: Great Tusk|Great Tusk, tera:Fighting|63\/100 tox\n|-damage|p2a: Great Tusk|51\/100 tox|[from] Spikes\n|-curestatus|p1a: Goodra|slp|[msg]\n|move|p1a: Goodra|Knock Off|p2a: Great Tusk\n|-resisted|p2a: Great Tusk\n|-damage|p2a: Great Tusk|46\/100 tox\n|-enditem|p2a: Great Tusk|Leftovers|[from] move: Knock Off|[of] p1a: Goodra\n|\n|-damage|p2a: Great Tusk|40\/100 tox|[from] psn\n|upkeep\n|turn|65\n|\n|t:|1700876970\n|switch|p1a: Alomomola|Alomomola, F|100\/100\n|move|p2a: Great Tusk|Rapid Spin|p1a: Alomomola\n|-damage|p1a: Alomomola|92\/100\n|-boost|p2a: Great Tusk|spe|1\n|-sideend|p2: bingus1204|Spikes|[from] move: Rapid Spin|[of] p2a: Great Tusk\n|\n|-damage|p2a: Great Tusk|27\/100 tox|[from] psn\n|upkeep\n|turn|66\n|\n|t:|1700876977\n|-end|p2a: Great Tusk|Protosynthesis|[silent]\n|switch|p2a: Ninetales|Ninetales-Alola, M|38\/100\n|-weather|Snow|[from] ability: Snow Warning|[of] p2a: Ninetales\n|move|p1a: Alomomola|Scald|p2a: Ninetales\n|-damage|p2a: Ninetales|22\/100\n|\n|-weather|Snow|[upkeep]\n|upkeep\n|turn|67\n|\n|t:|1700876982\n|move|p2a: Ninetales|Aurora Veil|p2a: Ninetales\n|-sidestart|p2: bingus1204|move: Aurora Veil\n|move|p1a: Alomomola|Wish|p1a: Alomomola\n|\n|-weather|Snow|[upkeep]\n|upkeep\n|turn|68\n|\n|t:|1700876986\n|switch|p2a: Garchomp|Garchomp, F|100\/100\n|switch|p1a: Clodsire|Clodsire, M|61\/100\n|\n|-weather|Snow|[upkeep]\n|-heal|p1a: Clodsire|100\/100|[from] move: Wish|[wisher] Alomomola\n|upkeep\n|turn|69\n|\n|t:|1700876992\n|switch|p1a: Alomomola|Alomomola, F|100\/100\n|move|p2a: Garchomp|Earthquake|p1a: Alomomola\n|-damage|p1a: Alomomola|67\/100\n|\n|-weather|Snow|[upkeep]\n|upkeep\n|turn|70\n|\n|t:|1700876999\n|move|p2a: Garchomp|Swords Dance|p2a: Garchomp\n|-boost|p2a: Garchomp|atk|2\n|move|p1a: Alomomola|Scald|p2a: Garchomp\n|-damage|p2a: Garchomp|93\/100\n|\n|-weather|none\n|upkeep\n|turn|71\n|\n|t:|1700877003\n|switch|p1a: Dondozo|Dondozo, M|100\/100\n|move|p2a: Garchomp|Scale Shot|p1a: Dondozo\n|-damage|p1a: Dondozo|94\/100\n|-damage|p1a: Dondozo|87\/100\n|-damage|p1a: Dondozo|81\/100\n|-damage|p1a: Dondozo|75\/100\n|-damage|p1a: Dondozo|69\/100\n|-hitcount|p1a: Dondozo|5\n|-unboost|p2a: Garchomp|def|1\n|-boost|p2a: Garchomp|spe|1\n|\n|-sideend|p2: bingus1204|move: Aurora Veil\n|upkeep\n|turn|72\n|\n|t:|1700877010\n|move|p2a: Garchomp|Scale Shot|p1a: Dondozo\n|-damage|p1a: Dondozo|62\/100\n|-damage|p1a: Dondozo|55\/100\n|-damage|p1a: Dondozo|49\/100\n|-damage|p1a: Dondozo|42\/100\n|-damage|p1a: Dondozo|36\/100\n|-hitcount|p1a: Dondozo|5\n|-unboost|p2a: Garchomp|def|1\n|-boost|p2a: Garchomp|spe|1\n|move|p1a: Dondozo|Curse|p1a: Dondozo\n|-unboost|p1a: Dondozo|spe|1\n|-boost|p1a: Dondozo|atk|1\n|-boost|p1a: Dondozo|def|1\n|\n|upkeep\n|turn|73\n|\n|t:|1700877025\n|switch|p2a: Meowscarada|Meowscarada, M|91\/100\n|move|p1a: Dondozo|Rest|p1a: Dondozo\n|-status|p1a: Dondozo|slp|[from] move: Rest\n|-heal|p1a: Dondozo|100\/100 slp|[silent]\n|\n|upkeep\n|turn|74\n|\n|t:|1700877031\n|switch|p1a: Alomomola|Alomomola, F|100\/100\n|move|p2a: Meowscarada|Flower Trick|p1a: Alomomola\n|-start|p2a: Meowscarada|typechange|Grass|[from] ability: Protean\n|-supereffective|p1a: Alomomola\n|-crit|p1a: Alomomola\n|-damage|p1a: Alomomola|25\/100\n|\n|upkeep\n|turn|75\n|\n|t:|1700877034\n|switch|p1a: Goodra|Goodra-Hisui, F|80\/100\n|move|p2a: Meowscarada|Flower Trick|p1a: Goodra\n|-resisted|p1a: Goodra\n|-damage|p1a: Goodra|72\/100\n|\n|upkeep\n|turn|76\n|\n|t:|1700877040\n|switch|p2a: Ninetales|Ninetales-Alola, M|22\/100\n|-weather|Snow|[from] ability: Snow Warning|[of] p2a: Ninetales\n|move|p1a: Goodra|Body Press|p2a: Ninetales\n|-damage|p2a: Ninetales|0 fnt\n|faint|p2a: Ninetales\n|\n|-weather|Snow|[upkeep]\n|upkeep\n|\n|t:|1700877046\n|switch|p2a: Garchomp|Garchomp, F|93\/100\n|turn|77\n|c|\u2606bingus1204|Fat bastard\n|l|\u2606bingus1204\n|inactive|bingus1204 disconnected and has a minute to reconnect!\n|player|p2|\n|inactive|BumbleBlaster has 120 seconds left.\n|inactive|bingus1204 has 30 seconds to reconnect!\n|inactive|bingus1204 has 20 seconds to reconnect!\n|inactive|bingus1204 has 15 seconds to reconnect!\n|inactive|bingus1204 has 10 seconds to reconnect!\n|inactive|bingus1204 has 5 seconds to reconnect!\n|-message|bingus1204 lost due to inactivity.\n|\n|win|BumbleBlaster\n|raw|BumbleBlaster's rating: 1291 &rarr; <strong>1322<\/strong><br \/>(+31 for winning)\n|raw|bingus1204's rating: 1377 &rarr; <strong>1352<\/strong><br \/>(-25 for losing)\n","uploadtime":1700877058,"views":4,"p1id":"bumbleblaster","p2id":"bingus1204","formatid":"gen9ou","rating":1322,"private":0,"password":""}