{"id":"gen9ou-1998359948","p1":"dblissey","p2":"quirky 4ever","format":"[Gen 9] OU","log":"|j|\u2606dblissey\n|j|\u2606quirky 4ever\n|t:|1700933611\n|gametype|singles\n|player|p1|dblissey|1|\n|player|p2|quirky 4ever|1|\n|teamsize|p1|6\n|teamsize|p2|6\n|gen|9\n|tier|[Gen 9] OU\n|rule|Sleep Clause Mod: Limit one foe put to sleep\n|rule|Species Clause: Limit one of each Pok\u00e9mon\n|rule|OHKO Clause: OHKO moves are banned\n|rule|Evasion Items Clause: Evasion items are banned\n|rule|Evasion Moves Clause: Evasion moves are banned\n|rule|Endless Battle Clause: Forcing endless battles is banned\n|rule|HP Percentage Mod: HP is shown in percentages\n|clearpoke\n|poke|p1|Zorua-Hisui, M|\n|poke|p1|Grimmsnarl, M|\n|poke|p1|Heatran, M|\n|poke|p1|Dragapult, M|\n|poke|p1|Clefable, M|\n|poke|p1|Hoopa-Unbound|\n|poke|p2|Haxorus, M|\n|poke|p2|Gholdengo|\n|poke|p2|Great Tusk|\n|poke|p2|Iron Valiant|\n|poke|p2|Rotom-Wash|\n|poke|p2|Kingambit, F|\n|teampreview\n|inactive|Battle timer is ON: inactive players will automatically lose when time's up. (requested by dblissey)\n|\n|t:|1700933622\n|start\n|switch|p1a: Grimmsnarl|Grimmsnarl, M, shiny|100\/100\n|switch|p2a: Michelle|Haxorus, M, shiny|100\/100\n|-ability|p2a: Michelle|Mold Breaker\n|turn|1\n|\n|t:|1700933633\n|move|p1a: Grimmsnarl|Taunt|p2a: Michelle\n|-start|p2a: Michelle|move: Taunt\n|cant|p2a: Michelle|move: Taunt|Swords Dance\n|\n|upkeep\n|turn|2\n|\n|t:|1700933648\n|move|p1a: Grimmsnarl|Thunder Wave|p2a: Michelle\n|-status|p2a: Michelle|par\n|move|p2a: Michelle|Iron Head|p1a: Grimmsnarl\n|-supereffective|p1a: Grimmsnarl\n|-damage|p1a: Grimmsnarl|31\/100\n|\n|upkeep\n|turn|3\n|\n|t:|1700933654\n|move|p1a: Grimmsnarl|Reflect|p1a: Grimmsnarl\n|-sidestart|p1: dblissey|Reflect\n|move|p2a: Michelle|Scale Shot|p1a: Grimmsnarl\n|-immune|p1a: Grimmsnarl\n|\n|-end|p2a: Michelle|move: Taunt\n|upkeep\n|turn|4\n|\n|t:|1700933661\n|move|p1a: Grimmsnarl|Light Screen|p1a: Grimmsnarl\n|-sidestart|p1: dblissey|move: Light Screen\n|cant|p2a: Michelle|par\n|\n|upkeep\n|turn|5\n|\n|t:|1700933669\n|switch|p1a: Dragapult|Dragapult, M, shiny|100\/100\n|-terastallize|p2a: Michelle|Steel\n|move|p2a: Michelle|Scale Shot|p1a: Dragapult|[miss]\n|-miss|p2a: Michelle|p1a: Dragapult\n|\n|upkeep\n|turn|6\n|\n|t:|1700933689\n|switch|p1a: Heatran|Heatran, M, shiny|100\/100\n|cant|p2a: Michelle|par\n|\n|upkeep\n|turn|7\n|\n|t:|1700933695\n|switch|p2a: King|Gholdengo|100\/100\n|move|p1a: Heatran|Earth Power|p2a: King\n|-supereffective|p2a: King\n|-damage|p2a: King|40\/100\n|\n|upkeep\n|turn|8\n|\n|t:|1700933710\n|switch|p2a: Michelle|Haxorus, M, shiny, tera:Steel|100\/100 par\n|-ability|p2a: Michelle|Mold Breaker\n|move|p1a: Heatran|Stealth Rock|p2a: Michelle\n|-sidestart|p2: quirky 4ever|move: Stealth Rock\n|\n|upkeep\n|turn|9\n|\n|t:|1700933715\n|move|p1a: Heatran|Magma Storm|p2a: Michelle\n|-supereffective|p2a: Michelle\n|-damage|p2a: Michelle|0 fnt\n|faint|p2a: Michelle\n|\n|upkeep\n|\n|t:|1700933724\n|switch|p2a: King|Gholdengo|40\/100\n|-damage|p2a: King|34\/100|[from] Stealth Rock\n|turn|10\n|\n|t:|1700933729\n|move|p2a: King|Power Gem|p1a: Heatran\n|-damage|p1a: Heatran|87\/100\n|move|p1a: Heatran|Earth Power|p2a: King\n|-supereffective|p2a: King\n|-damage|p2a: King|0 fnt\n|faint|p2a: King\n|\n|-heal|p1a: Heatran|93\/100|[from] item: Leftovers\n|-sideend|p1: dblissey|Reflect\n|upkeep\n|\n|t:|1700933734\n|switch|p2a: Her|Great Tusk|100\/100\n|-damage|p2a: Her|97\/100|[from] Stealth Rock\n|-enditem|p2a: Her|Booster Energy\n|-activate|p2a: Her|ability: Protosynthesis|[fromitem]\n|-start|p2a: Her|protosynthesisdef\n|turn|11\n|c|\u2606quirky 4ever|Give her a bame\n|c|\u2606quirky 4ever|name\n|c|\u2606quirky 4ever|give her a face\n|c|\u2606quirky 4ever|that isn\u2019t hers\n|c|\u2606quirky 4ever|then make her yours\n|inactive|quirky 4ever has 270 seconds left.\n|c|\u2606quirky 4ever|say she\u2019s adored\n|c|\u2606quirky 4ever|call her a whore\n|c|\u2606dblissey|go nerd\n|\n|t:|1700933781\n|switch|p1a: Dragapult|Dragapult, M, shiny|100\/100\n|move|p2a: Her|Stealth Rock|p1a: Dragapult\n|-sidestart|p1: dblissey|move: Stealth Rock\n|\n|-sideend|p1: dblissey|move: Light Screen\n|upkeep\n|turn|12\n|c|\u2606quirky 4ever|Then pick her\n|c|\u2606quirky 4ever|up\n|c|\u2606quirky 4ever|throw her on the floor\n|inactive|quirky 4ever has 240 seconds left.\n|\n|t:|1700933818\n|move|p1a: Dragapult|Hydro Pump|p2a: Her\n|-supereffective|p2a: Her\n|-damage|p2a: Her|11\/100\n|move|p2a: Her|Knock Off|p1a: Dragapult\n|-supereffective|p1a: Dragapult\n|-damage|p1a: Dragapult|25\/100\n|-enditem|p1a: Dragapult|Choice Scarf|[from] move: Knock Off|[of] p2a: Her\n|\n|upkeep\n|turn|13\n|\n|t:|1700933827\n|move|p1a: Dragapult|Hydro Pump|p2a: Her\n|-supereffective|p2a: Her\n|-damage|p2a: Her|0 fnt\n|faint|p2a: Her\n|-end|p2a: Her|Protosynthesis|[silent]\n|\n|upkeep\n|c|\u2606quirky 4ever|I\u2019m getting to know her\n|c|\u2606quirky 4ever|and all of her anger\n|\n|t:|1700933838\n|switch|p2a: Dance Dance|Iron Valiant|100\/100\n|-damage|p2a: Dance Dance|94\/100|[from] Stealth Rock\n|turn|14\n|\n|t:|1700933852\n|-terastallize|p1a: Dragapult|Water\n|move|p2a: Dance Dance|Moonblast|p1a: Dragapult\n|-damage|p1a: Dragapult|0 fnt\n|faint|p1a: Dragapult\n|\n|upkeep\n|c|\u2606quirky 4ever|She said she\u2019s nongood\n|c|\u2606quirky 4ever|with words but I\u2019m worse\n|inactive|dblissey has 270 seconds left.\n|c|\u2606quirky 4ever|Dance dance\n|c|\u2606quirky 4ever|were falling apart to have time\n|\n|t:|1700933900\n|switch|p1a: Hoopa|Hoopa-Unbound|100\/100\n|-damage|p1a: Hoopa|88\/100|[from] Stealth Rock\n|turn|15\n|inactive|quirky 4ever has 240 seconds left.\n|\n|t:|1700933913\n|move|p2a: Dance Dance|Moonblast|p1a: Hoopa\n|-supereffective|p1a: Hoopa\n|-damage|p1a: Hoopa|2\/100\n|move|p1a: Hoopa|Drain Punch|p2a: Dance Dance\n|-resisted|p2a: Dance Dance\n|-damage|p2a: Dance Dance|74\/100\n|-heal|p1a: Hoopa|12\/100|[from] drain|[of] p2a: Dance Dance\n|\n|upkeep\n|turn|16\n|\n|t:|1700933919\n|move|p2a: Dance Dance|Moonblast|p1a: Hoopa\n|-supereffective|p1a: Hoopa\n|-damage|p1a: Hoopa|0 fnt\n|faint|p1a: Hoopa\n|\n|upkeep\n|\n|t:|1700933927\n|switch|p1a: Heatran|Heatran, M, shiny|93\/100\n|-damage|p1a: Heatran|81\/100|[from] Stealth Rock\n|turn|17\n|\n|t:|1700933934\n|move|p2a: Dance Dance|Moonblast|p1a: Heatran\n|-resisted|p1a: Heatran\n|-damage|p1a: Heatran|74\/100\n|move|p1a: Heatran|Magma Storm|p2a: Dance Dance|[miss]\n|-miss|p1a: Heatran|p2a: Dance Dance\n|\n|-heal|p1a: Heatran|80\/100|[from] item: Leftovers\n|upkeep\n|turn|18\n|\n|t:|1700933938\n|-end|p2a: Dance Dance|Quark Drive|[silent]\n|switch|p2a: Better Off Dead|Rotom-Wash|100\/100\n|-damage|p2a: Better Off Dead|88\/100|[from] Stealth Rock\n|move|p1a: Heatran|Magma Storm|p2a: Better Off Dead\n|-resisted|p2a: Better Off Dead\n|-crit|p2a: Better Off Dead\n|-damage|p2a: Better Off Dead|63\/100\n|-activate|p2a: Better Off Dead|move: Magma Storm|[of] p1a: Heatran\n|\n|-heal|p2a: Better Off Dead|68\/100|[from] item: Leftovers\n|-heal|p1a: Heatran|86\/100|[from] item: Leftovers\n|-damage|p2a: Better Off Dead|56\/100|[from] move: Magma Storm|[partiallytrapped]\n|upkeep\n|turn|19\n|inactive|quirky 4ever has 270 seconds left.\n|c|\u2606quirky 4ever|She said she wants to end it all\n|c|\u2606quirky 4ever|when she\u2019s all alone in her room she cries\n|c|\u2606quirky 4ever|the way she feels inside\n|c|\u2606quirky 4ever|is too much for her\n|c|\u2606quirky 4ever|when all you\u2019ve got is these four walls\n|c|\u2606dblissey|go\n|c|\u2606dblissey|nerd\n|inactive|quirky 4ever has 240 seconds left.\n|\n|t:|1700933975\n|switch|p1a: Clefable|Clefable, M|100\/100\n|move|p2a: Better Off Dead|Hydro Pump|p1a: Clefable|[miss]\n|-miss|p2a: Better Off Dead|p1a: Clefable\n|\n|-heal|p2a: Better Off Dead|62\/100|[from] item: Leftovers\n|-end|p2a: Better Off Dead|Magma Storm|[partiallytrapped]|[silent]\n|upkeep\n|turn|20\n|c|\u2606dblissey|your music sucks\n|c|\u2606quirky 4ever|its not that hard to feel so small\n|inactive|quirky 4ever has 240 seconds left.\n|c|\u2606quirky 4ever|or even exist at all\n|c|\u2606quirky 4ever|how come no one heard w\n|c|\u2606quirky 4ever|her when she said\u2026\n|\n|t:|1700934005\n|move|p2a: Better Off Dead|Volt Switch|p1a: Clefable\n|-damage|p1a: Clefable|78\/100\n|c|\u2606quirky 4ever|\u201cmaybe I\u2019m better off dead\u201d\n|c|\u2606quirky 4ever|\u201dif I was\u201d\n|inactive|quirky 4ever has 210 seconds left.\n|\n|t:|1700934029\n|switch|p2a: Dance Dance|Iron Valiant|74\/100|[from] Volt Switch\n|-damage|p2a: Dance Dance|68\/100|[from] Stealth Rock\n|move|p1a: Clefable|Moonblast|p2a: Dance Dance\n|-supereffective|p2a: Dance Dance\n|-damage|p2a: Dance Dance|0 fnt\n|faint|p2a: Dance Dance\n|-end|p2a: Dance Dance|Quark Drive|[silent]\n|\n|-heal|p1a: Clefable|84\/100|[from] item: Leftovers\n|upkeep\n|inactive|quirky 4ever has 210 seconds left.\n|\n|t:|1700934035\n|switch|p2a: BREATHIN UNDRWATER|Kingambit, F|100\/100\n|-damage|p2a: BREATHIN UNDRWATER|94\/100|[from] Stealth Rock\n|-activate|p2a: BREATHIN UNDRWATER|ability: Supreme Overlord\n|-start|p2a: BREATHIN UNDRWATER|fallen4|[silent]\n|turn|21\n|c|\u2606quirky 4ever|I tried breathing 7nderwater to drown out the doubt\n|inactive|dblissey has 270 seconds left.\n|c|\u2606quirky 4ever|crakced under the pressure and nearly bled out\n|\n|t:|1700934068\n|move|p2a: BREATHIN UNDRWATER|Swords Dance|p2a: BREATHIN UNDRWATER\n|-boost|p2a: BREATHIN UNDRWATER|atk|2\n|move|p1a: Clefable|Moonblast|p2a: BREATHIN UNDRWATER\n|-damage|p2a: BREATHIN UNDRWATER|60\/100\n|\n|-heal|p2a: BREATHIN UNDRWATER|66\/100|[from] item: Leftovers\n|-heal|p1a: Clefable|90\/100|[from] item: Leftovers\n|upkeep\n|turn|22\n|c|\u2606quirky 4ever|you said you\u2019d alaways save me so where r u now\n|inactive|quirky 4ever has 210 seconds left.\n|\n|t:|1700934103\n|move|p2a: BREATHIN UNDRWATER|Kowtow Cleave|p1a: Clefable\n|-resisted|p1a: Clefable\n|-damage|p1a: Clefable|41\/100\n|move|p1a: Clefable|Moonblast|p2a: BREATHIN UNDRWATER\n|-damage|p2a: BREATHIN UNDRWATER|28\/100\n|-unboost|p2a: BREATHIN UNDRWATER|spa|1\n|\n|-heal|p2a: BREATHIN UNDRWATER|34\/100|[from] item: Leftovers\n|-heal|p1a: Clefable|47\/100|[from] item: Leftovers\n|upkeep\n|turn|23\n|inactive|dblissey has 270 seconds left.\n|c|\u2606quirky 4ever|Go\n|c|\u2606quirky 4ever|stupid\n|c|\u2606quirky 4ever|jk\n|c|\u2606quirky 4ever|smarthead\n|\n|t:|1700934136\n|move|p2a: BREATHIN UNDRWATER|Sucker Punch|p1a: Clefable\n|-resisted|p1a: Clefable\n|-damage|p1a: Clefable|6\/100\n|move|p1a: Clefable|Moonblast|p2a: BREATHIN UNDRWATER\n|-damage|p2a: BREATHIN UNDRWATER|0 fnt\n|faint|p2a: BREATHIN UNDRWATER\n|-end|p2a: BREATHIN UNDRWATER|fallen4|[silent]\n|\n|-heal|p1a: Clefable|12\/100|[from] item: Leftovers\n|upkeep\n|c|\u2606quirky 4ever|btdubs: fourth. Element of table Is iron\n|\n|t:|1700934151\n|switch|p2a: Better Off Dead|Rotom-Wash|62\/100\n|-damage|p2a: Better Off Dead|50\/100|[from] Stealth Rock\n|turn|24\n|\n|t:|1700934158\n|move|p2a: Better Off Dead|Hydro Pump|p1a: Clefable|[miss]\n|-miss|p2a: Better Off Dead|p1a: Clefable\n|move|p1a: Clefable|Wish|p1a: Clefable\n|\n|-heal|p2a: Better Off Dead|56\/100|[from] item: Leftovers\n|-heal|p1a: Clefable|18\/100|[from] item: Leftovers\n|upkeep\n|turn|25\n|\n|t:|1700934165\n|move|p1a: Clefable|Protect|p1a: Clefable\n|-singleturn|p1a: Clefable|Protect\n|move|p2a: Better Off Dead|Thunder Wave|p1a: Clefable\n|-activate|p1a: Clefable|move: Protect\n|\n|-heal|p1a: Clefable|68\/100|[from] move: Wish|[wisher] Clefable\n|-heal|p2a: Better Off Dead|62\/100|[from] item: Leftovers\n|-heal|p1a: Clefable|74\/100|[from] item: Leftovers\n|upkeep\n|turn|26\n|c|\u2606quirky 4ever|Is,\n|c|\u2606quirky 4ever|idk\n|inactive|dblissey has 270 seconds left.\n|inactive|dblissey has 240 seconds left.\n|\n|t:|1700934219\n|move|p2a: Better Off Dead|Protect|p2a: Better Off Dead\n|-singleturn|p2a: Better Off Dead|Protect\n|move|p1a: Clefable|Moonblast|p2a: Better Off Dead\n|-activate|p2a: Better Off Dead|move: Protect\n|\n|-heal|p2a: Better Off Dead|68\/100|[from] item: Leftovers\n|-heal|p1a: Clefable|80\/100|[from] item: Leftovers\n|upkeep\n|turn|27\n|\n|t:|1700934229\n|move|p2a: Better Off Dead|Hydro Pump|p1a: Clefable\n|-damage|p1a: Clefable|41\/100\n|move|p1a: Clefable|Moonblast|p2a: Better Off Dead\n|-damage|p2a: Better Off Dead|42\/100\n|\n|-heal|p2a: Better Off Dead|48\/100|[from] item: Leftovers\n|-heal|p1a: Clefable|47\/100|[from] item: Leftovers\n|upkeep\n|turn|28\n|\n|t:|1700934233\n|move|p2a: Better Off Dead|Protect|p2a: Better Off Dead\n|-singleturn|p2a: Better Off Dead|Protect\n|move|p1a: Clefable|Moonblast|p2a: Better Off Dead\n|-activate|p2a: Better Off Dead|move: Protect\n|\n|-heal|p2a: Better Off Dead|54\/100|[from] item: Leftovers\n|-heal|p1a: Clefable|53\/100|[from] item: Leftovers\n|upkeep\n|turn|29\n|\n|t:|1700934246\n|move|p2a: Better Off Dead|Thunder Wave|p1a: Clefable\n|-status|p1a: Clefable|par\n|move|p1a: Clefable|Moonblast|p2a: Better Off Dead\n|-damage|p2a: Better Off Dead|29\/100\n|\n|-heal|p2a: Better Off Dead|35\/100|[from] item: Leftovers\n|-heal|p1a: Clefable|59\/100 par|[from] item: Leftovers\n|upkeep\n|turn|30\n|\n|t:|1700934249\n|move|p2a: Better Off Dead|Hydro Pump|p1a: Clefable\n|-damage|p1a: Clefable|24\/100 par\n|move|p1a: Clefable|Wish|p1a: Clefable\n|\n|-heal|p2a: Better Off Dead|41\/100|[from] item: Leftovers\n|-heal|p1a: Clefable|30\/100 par|[from] item: Leftovers\n|upkeep\n|turn|31\n|inactive|quirky 4ever has 240 seconds left.\n|\n|t:|1700934261\n|move|p1a: Clefable|Protect|p1a: Clefable\n|-singleturn|p1a: Clefable|Protect\n|move|p2a: Better Off Dead|Hydro Pump|p1a: Clefable\n|-activate|p1a: Clefable|move: Protect\n|\n|-heal|p1a: Clefable|80\/100 par|[from] move: Wish|[wisher] Clefable\n|-heal|p2a: Better Off Dead|47\/100|[from] item: Leftovers\n|-heal|p1a: Clefable|86\/100 par|[from] item: Leftovers\n|upkeep\n|turn|32\n|inactive|dblissey has 270 seconds left.\n|\n|t:|1700934292\n|move|p2a: Better Off Dead|Hydro Pump|p1a: Clefable\n|-damage|p1a: Clefable|51\/100 par\n|move|p1a: Clefable|Moonblast|p2a: Better Off Dead\n|-damage|p2a: Better Off Dead|21\/100\n|\n|-heal|p2a: Better Off Dead|27\/100|[from] item: Leftovers\n|-heal|p1a: Clefable|57\/100 par|[from] item: Leftovers\n|upkeep\n|turn|33\n|c|\u2606quirky 4ever|Hurry\n|\n|t:|1700934298\n|move|p2a: Better Off Dead|Volt Switch|p1a: Clefable\n|-damage|p1a: Clefable|34\/100 par\n|move|p1a: Clefable|Moonblast|p2a: Better Off Dead\n|-damage|p2a: Better Off Dead|1\/100\n|\n|-heal|p2a: Better Off Dead|7\/100|[from] item: Leftovers\n|-heal|p1a: Clefable|40\/100 par|[from] item: Leftovers\n|upkeep\n|turn|34\n|\n|t:|1700934303\n|move|p2a: Better Off Dead|Protect|p2a: Better Off Dead\n|-singleturn|p2a: Better Off Dead|Protect\n|move|p1a: Clefable|Moonblast|p2a: Better Off Dead\n|-activate|p2a: Better Off Dead|move: Protect\n|\n|-heal|p2a: Better Off Dead|13\/100|[from] item: Leftovers\n|-heal|p1a: Clefable|46\/100 par|[from] item: Leftovers\n|upkeep\n|turn|35\n|\n|t:|1700934312\n|move|p2a: Better Off Dead|Protect|p2a: Better Off Dead\n|-singleturn|p2a: Better Off Dead|Protect\n|move|p1a: Clefable|Moonblast|p2a: Better Off Dead\n|-activate|p2a: Better Off Dead|move: Protect\n|\n|-heal|p2a: Better Off Dead|19\/100|[from] item: Leftovers\n|-heal|p1a: Clefable|52\/100 par|[from] item: Leftovers\n|upkeep\n|turn|36\n|inactive|quirky 4ever has 270 seconds left.\n|\n|t:|1700934320\n|move|p2a: Better Off Dead|Protect||[still]\n|-fail|p2a: Better Off Dead\n|move|p1a: Clefable|Moonblast|p2a: Better Off Dead\n|-damage|p2a: Better Off Dead|0 fnt\n|faint|p2a: Better Off Dead\n|\n|win|dblissey\n|l|\u2606quirky 4ever\n","uploadtime":1700934326,"views":2,"p1id":"dblissey","p2id":"quirky4ever","formatid":"gen9ou","rating":0,"private":0,"password":""}