{"id":"gen9ou-1990196527","p1":"mx555","p2":"altared444","format":"[Gen 9] OU","log":"|j|\u2606mx555\n|j|\u2606altared444\n|t:|1699935864\n|gametype|singles\n|player|p1|mx555|hilda|1056\n|player|p2|altared444|red|1000\n|teamsize|p1|6\n|teamsize|p2|6\n|gen|9\n|tier|[Gen 9] OU\n|rated|\n|rule|Sleep Clause Mod: Limit one foe put to sleep\n|rule|Species Clause: Limit one of each Pok\u00e9mon\n|rule|OHKO Clause: OHKO moves are banned\n|rule|Evasion Items Clause: Evasion items are banned\n|rule|Evasion Moves Clause: Evasion moves are banned\n|rule|Endless Battle Clause: Forcing endless battles is banned\n|rule|HP Percentage Mod: HP is shown in percentages\n|clearpoke\n|poke|p1|Torkoal, M|\n|poke|p1|Great Tusk|\n|poke|p1|Scizor, F|\n|poke|p1|Quaquaval, M|\n|poke|p1|Walking Wake|\n|poke|p1|Slither Wing|\n|poke|p2|Maushold-Four|\n|poke|p2|Toxtricity, F|\n|poke|p2|Azumarill, F|\n|poke|p2|Ambipom, M|\n|poke|p2|Breloom, F|\n|poke|p2|Milotic, M|\n|teampreview\n|\n|t:|1699935872\n|start\n|switch|p1a: Scizor|Scizor, F|100\/100\n|switch|p2a: Ambipom|Ambipom, M|100\/100\n|turn|1\n|inactive|Battle timer is ON: inactive players will automatically lose when time's up. (requested by altared444)\n|\n|t:|1699935890\n|move|p2a: Ambipom|Trailblaze|p1a: Scizor\n|-resisted|p1a: Scizor\n|-damage|p1a: Scizor|96\/100\n|-boost|p2a: Ambipom|spe|1\n|move|p1a: Scizor|U-turn|p2a: Ambipom\n|-damage|p2a: Ambipom|12\/100\n|\n|t:|1699935898\n|switch|p1a: Quaquaval|Quaquaval, M|100\/100|[from] U-turn\n|\n|upkeep\n|turn|2\n|\n|t:|1699935905\n|move|p1a: Quaquaval|Aqua Jet|p2a: Ambipom\n|-damage|p2a: Ambipom|0 fnt\n|faint|p2a: Ambipom\n|-ability|p1a: Quaquaval|Moxie|boost\n|-boost|p1a: Quaquaval|atk|1\n|\n|upkeep\n|\n|t:|1699935912\n|switch|p2a: Toxtricity|Toxtricity, F|100\/100\n|turn|3\n|\n|t:|1699935920\n|move|p1a: Quaquaval|Aqua Step|p2a: Toxtricity\n|-damage|p2a: Toxtricity|23\/100\n|-boost|p1a: Quaquaval|spe|1\n|move|p2a: Toxtricity|Shift Gear|p2a: Toxtricity\n|-boost|p2a: Toxtricity|spe|2\n|-boost|p2a: Toxtricity|atk|1\n|\n|upkeep\n|turn|4\n|\n|t:|1699935928\n|move|p1a: Quaquaval|Aqua Jet|p2a: Toxtricity\n|-damage|p2a: Toxtricity|0 fnt\n|faint|p2a: Toxtricity\n|-ability|p1a: Quaquaval|Moxie|boost\n|-boost|p1a: Quaquaval|atk|1\n|\n|upkeep\n|\n|t:|1699935934\n|switch|p2a: Breloom|Breloom, F|100\/100\n|turn|5\n|\n|t:|1699935941\n|move|p1a: Quaquaval|Ice Spinner|p2a: Breloom\n|-supereffective|p2a: Breloom\n|-damage|p2a: Breloom|0 fnt\n|faint|p2a: Breloom\n|-ability|p1a: Quaquaval|Moxie|boost\n|-boost|p1a: Quaquaval|atk|1\n|\n|upkeep\n|\n|t:|1699935947\n|switch|p2a: Milotic|Milotic, M|100\/100\n|turn|6\n|\n|t:|1699935951\n|move|p1a: Quaquaval|Close Combat|p2a: Milotic\n|-damage|p2a: Milotic|0 fnt\n|-unboost|p1a: Quaquaval|def|1\n|-unboost|p1a: Quaquaval|spd|1\n|faint|p2a: Milotic\n|-ability|p1a: Quaquaval|Moxie|boost\n|-boost|p1a: Quaquaval|atk|1\n|\n|upkeep\n|\n|t:|1699935960\n|switch|p2a: Azumarill|Azumarill, F|100\/100\n|turn|7\n|\n|t:|1699935965\n|move|p2a: Azumarill|Aqua Jet|p1a: Quaquaval\n|-resisted|p1a: Quaquaval\n|-damage|p1a: Quaquaval|74\/100\n|move|p1a: Quaquaval|Close Combat|p2a: Azumarill\n|-resisted|p2a: Azumarill\n|-damage|p2a: Azumarill|5\/100\n|-unboost|p1a: Quaquaval|def|1\n|-unboost|p1a: Quaquaval|spd|1\n|-enditem|p2a: Azumarill|Aguav Berry|[eat]\n|-heal|p2a: Azumarill|38\/100|[from] item: Aguav Berry\n|\n|upkeep\n|turn|8\n|\n|t:|1699935975\n|move|p2a: Azumarill|Aqua Jet|p1a: Quaquaval\n|-resisted|p1a: Quaquaval\n|-damage|p1a: Quaquaval|41\/100\n|move|p1a: Quaquaval|Close Combat|p2a: Azumarill\n|-resisted|p2a: Azumarill\n|-damage|p2a: Azumarill|0 fnt\n|-unboost|p1a: Quaquaval|def|1\n|-unboost|p1a: Quaquaval|spd|1\n|faint|p2a: Azumarill\n|-ability|p1a: Quaquaval|Moxie|boost\n|-boost|p1a: Quaquaval|atk|1\n|\n|upkeep\n|-message|altared444 forfeited.\n|\n|win|mx555\n|raw|mx555's rating: 1056 &rarr; <strong>1083<\/strong><br \/>(+27 for winning)\n|raw|altared444's rating: 1000 &rarr; <strong>1000<\/strong><br \/>(+0 for losing)\n|l|\u2606altared444\n","uploadtime":1699935989,"views":7,"p1id":"mx555","p2id":"altared444","formatid":"gen9ou","rating":1000,"private":0,"password":""}