{"id":"gen9ou-2000680302","p1":"ratatta17","p2":"Bigrich244","format":"[Gen 9] OU","log":"|j|\u2606ratatta17\n|j|\u2606Bigrich244\n|t:|1701218033\n|gametype|singles\n|player|p1|ratatta17|266|1458\n|player|p2|Bigrich244|1|1430\n|teamsize|p1|6\n|teamsize|p2|6\n|gen|9\n|tier|[Gen 9] OU\n|rated|\n|rule|Sleep Clause Mod: Limit one foe put to sleep\n|rule|Species Clause: Limit one of each Pok\u00e9mon\n|rule|OHKO Clause: OHKO moves are banned\n|rule|Evasion Items Clause: Evasion items are banned\n|rule|Evasion Moves Clause: Evasion moves are banned\n|rule|Endless Battle Clause: Forcing endless battles is banned\n|rule|HP Percentage Mod: HP is shown in percentages\n|clearpoke\n|poke|p1|Azumarill, M|\n|poke|p1|Staraptor, M|\n|poke|p1|Toedscruel, F|\n|poke|p1|Skeledirge, F|\n|poke|p1|Ninetales-Alola, F|\n|poke|p1|Iron Valiant|\n|poke|p2|Greninja-*, M|\n|poke|p2|Zapdos-Galar|\n|poke|p2|Ribombee, F|\n|poke|p2|Great Tusk|\n|poke|p2|Gholdengo|\n|poke|p2|Clefable, M|\n|teampreview\n|inactive|Battle timer is ON: inactive players will automatically lose when time's up. (requested by Bigrich244)\n|\n|t:|1701218051\n|start\n|switch|p1a: Toedscruel|Toedscruel, F|100\/100\n|switch|p2a: Clefable|Clefable, M|100\/100\n|turn|1\n|\n|t:|1701218056\n|move|p2a: Clefable|Ice Beam|p1a: Toedscruel\n|-supereffective|p1a: Toedscruel\n|-damage|p1a: Toedscruel|9\/100\n|move|p1a: Toedscruel|Spore|p2a: Clefable\n|-status|p2a: Clefable|slp|[from] move: Spore\n|\n|-heal|p1a: Toedscruel|15\/100|[from] item: Leftovers\n|upkeep\n|turn|2\n|\n|t:|1701218065\n|cant|p2a: Clefable|slp\n|move|p1a: Toedscruel|Leech Seed|p2a: Clefable\n|-start|p2a: Clefable|move: Leech Seed\n|\n|-heal|p1a: Toedscruel|21\/100|[from] item: Leftovers\n|upkeep\n|turn|3\n|\n|t:|1701218074\n|switch|p2a: Gholdengo|Gholdengo|100\/100\n|-item|p2a: Gholdengo|Air Balloon\n|move|p1a: Toedscruel|Knock Off|p2a: Gholdengo\n|-supereffective|p2a: Gholdengo\n|-damage|p2a: Gholdengo|70\/100\n|-enditem|p2a: Gholdengo|Air Balloon\n|\n|-heal|p1a: Toedscruel|27\/100|[from] item: Leftovers\n|upkeep\n|turn|4\n|\n|t:|1701218081\n|move|p2a: Gholdengo|Shadow Ball|p1a: Toedscruel\n|-damage|p1a: Toedscruel|2\/100\n|move|p1a: Toedscruel|Knock Off|p2a: Gholdengo\n|-supereffective|p2a: Gholdengo\n|-damage|p2a: Gholdengo|48\/100\n|\n|-heal|p1a: Toedscruel|8\/100|[from] item: Leftovers\n|upkeep\n|turn|5\n|\n|t:|1701218088\n|switch|p1a: Staraptor|Staraptor, M|100\/100\n|-ability|p1a: Staraptor|Intimidate|boost\n|-unboost|p2a: Gholdengo|atk|1\n|move|p2a: Gholdengo|Shadow Ball|p1a: Staraptor\n|-immune|p1a: Staraptor\n|\n|upkeep\n|turn|6\n|\n|t:|1701218095\n|move|p1a: Staraptor|U-turn|p2a: Gholdengo\n|-resisted|p2a: Gholdengo\n|-damage|p2a: Gholdengo|44\/100\n|\n|t:|1701218098\n|switch|p1a: Toedscruel|Toedscruel, F|8\/100|[from] U-turn\n|move|p2a: Gholdengo|Make It Rain|p1a: Toedscruel\n|-damage|p1a: Toedscruel|0 fnt\n|-unboost|p2a: Gholdengo|spa|1\n|faint|p1a: Toedscruel\n|\n|upkeep\n|\n|t:|1701218108\n|switch|p1a: Iron Valiant|Iron Valiant|100\/100\n|turn|7\n|\n|t:|1701218116\n|-terastallize|p2a: Gholdengo|Flying\n|move|p1a: Iron Valiant|Knock Off|p2a: Gholdengo\n|-damage|p2a: Gholdengo|22\/100\n|-damage|p1a: Iron Valiant|91\/100|[from] item: Life Orb\n|move|p2a: Gholdengo|Make It Rain|p1a: Iron Valiant\n|-supereffective|p1a: Iron Valiant\n|-damage|p1a: Iron Valiant|0 fnt\n|-unboost|p2a: Gholdengo|spa|1\n|faint|p1a: Iron Valiant\n|-end|p1a: Iron Valiant|Quark Drive|[silent]\n|\n|upkeep\n|\n|t:|1701218129\n|switch|p1a: Ninetales|Ninetales-Alola, F|100\/100\n|-weather|Snow|[from] ability: Snow Warning|[of] p1a: Ninetales\n|turn|8\n|\n|t:|1701218139\n|move|p1a: Ninetales|Ice Shard|p2a: Gholdengo\n|-supereffective|p2a: Gholdengo\n|-damage|p2a: Gholdengo|2\/100\n|move|p2a: Gholdengo|Make It Rain|p1a: Ninetales\n|-supereffective|p1a: Ninetales\n|-damage|p1a: Ninetales|0 fnt\n|-unboost|p2a: Gholdengo|spa|1\n|faint|p1a: Ninetales\n|\n|-weather|Snow|[upkeep]\n|upkeep\n|\n|t:|1701218151\n|switch|p1a: Staraptor|Staraptor, M|100\/100\n|-ability|p1a: Staraptor|Intimidate|boost\n|-unboost|p2a: Gholdengo|atk|1\n|turn|9\n|c|\u2606Bigrich244|putting in work\n|\n|t:|1701218157\n|move|p1a: Staraptor|U-turn|p2a: Gholdengo\n|-resisted|p2a: Gholdengo\n|-damage|p2a: Gholdengo|0 fnt\n|faint|p2a: Gholdengo\n|\n|t:|1701218172\n|switch|p1a: Skeledirge|Skeledirge, F|100\/100|[from] U-turn\n|\n|-weather|Snow|[upkeep]\n|upkeep\n|\n|t:|1701218182\n|switch|p2a: Greninja|Greninja, M|100\/100\n|turn|10\n|\n|t:|1701218187\n|-terastallize|p1a: Skeledirge|Dragon\n|move|p2a: Greninja|Hydro Pump|p1a: Skeledirge\n|-resisted|p1a: Skeledirge\n|-damage|p1a: Skeledirge|76\/100\n|-damage|p2a: Greninja|91\/100|[from] item: Life Orb\n|move|p1a: Skeledirge|Will-O-Wisp|p2a: Greninja\n|-status|p2a: Greninja|brn\n|\n|-weather|Snow|[upkeep]\n|-heal|p1a: Skeledirge|82\/100|[from] item: Leftovers\n|-damage|p2a: Greninja|85\/100 brn|[from] brn\n|upkeep\n|turn|11\n|\n|t:|1701218201\n|switch|p2a: Clefable|Clefable, M|100\/100 slp\n|move|p1a: Skeledirge|Torch Song|p2a: Clefable\n|-damage|p2a: Clefable|68\/100 slp\n|-boost|p1a: Skeledirge|spa|1\n|\n|-weather|Snow|[upkeep]\n|-heal|p1a: Skeledirge|88\/100|[from] item: Leftovers\n|upkeep\n|turn|12\n|\n|t:|1701218207\n|cant|p2a: Clefable|slp\n|move|p1a: Skeledirge|Torch Song|p2a: Clefable\n|-crit|p2a: Clefable\n|-damage|p2a: Clefable|0 fnt\n|-boost|p1a: Skeledirge|spa|1\n|faint|p2a: Clefable\n|\n|-weather|none\n|-heal|p1a: Skeledirge|94\/100|[from] item: Leftovers\n|upkeep\n|\n|t:|1701218218\n|switch|p2a: Ribombee|Ribombee, F, shiny|100\/100\n|turn|13\n|\n|t:|1701218223\n|move|p2a: Ribombee|Stun Spore|p1a: Skeledirge\n|-status|p1a: Skeledirge|par\n|cant|p1a: Skeledirge|par\n|\n|-heal|p1a: Skeledirge|99\/100 par|[from] item: Leftovers\n|upkeep\n|turn|14\n|\n|t:|1701218230\n|move|p2a: Ribombee|Moonblast|p1a: Skeledirge\n|-supereffective|p1a: Skeledirge\n|-damage|p1a: Skeledirge|47\/100 par\n|move|p1a: Skeledirge|Torch Song|p2a: Ribombee\n|-supereffective|p2a: Ribombee\n|-crit|p2a: Ribombee\n|-enditem|p2a: Ribombee|Focus Sash\n|-damage|p2a: Ribombee|1\/100\n|-boost|p1a: Skeledirge|spa|1\n|\n|-heal|p1a: Skeledirge|53\/100 par|[from] item: Leftovers\n|upkeep\n|turn|15\n|\n|t:|1701218238\n|move|p2a: Ribombee|Moonblast|p1a: Skeledirge\n|-supereffective|p1a: Skeledirge\n|-damage|p1a: Skeledirge|0 fnt\n|faint|p1a: Skeledirge\n|\n|upkeep\n|\n|t:|1701218240\n|switch|p1a: Staraptor|Staraptor, M|100\/100\n|-ability|p1a: Staraptor|Intimidate|boost\n|-unboost|p2a: Ribombee|atk|1\n|turn|16\n|\n|t:|1701218260\n|move|p1a: Staraptor|U-turn|p2a: Ribombee\n|-resisted|p2a: Ribombee\n|-damage|p2a: Ribombee|0 fnt\n|faint|p2a: Ribombee\n|\n|t:|1701218261\n|switch|p1a: Azumarill|Azumarill, M|100\/100|[from] U-turn\n|\n|upkeep\n|inactive|Bigrich244 has 120 seconds left.\n|\n|t:|1701218292\n|switch|p2a: Greninja|Greninja, M|85\/100 brn\n|turn|17\n|\n|t:|1701218298\n|move|p2a: Greninja|Gunk Shot|p1a: Azumarill\n|-supereffective|p1a: Azumarill\n|-damage|p1a: Azumarill|63\/100\n|-damage|p2a: Greninja|75\/100 brn|[from] item: Life Orb\n|move|p1a: Azumarill|Belly Drum|p1a: Azumarill\n|-damage|p1a: Azumarill|13\/100\n|-setboost|p1a: Azumarill|atk|6|[from] move: Belly Drum\n|-enditem|p1a: Azumarill|Sitrus Berry|[eat]\n|-heal|p1a: Azumarill|38\/100|[from] item: Sitrus Berry\n|\n|-damage|p2a: Greninja|69\/100 brn|[from] brn\n|upkeep\n|turn|18\n|\n|t:|1701218306\n|move|p1a: Azumarill|Aqua Jet|p2a: Greninja\n|-resisted|p2a: Greninja\n|-damage|p2a: Greninja|0 fnt\n|faint|p2a: Greninja\n|\n|upkeep\n|\n|t:|1701218320\n|switch|p2a: Zapdos|Zapdos-Galar|100\/100\n|turn|19\n|\n|t:|1701218326\n|move|p1a: Azumarill|Aqua Jet|p2a: Zapdos\n|-damage|p2a: Zapdos|0 fnt\n|faint|p2a: Zapdos\n|\n|upkeep\n|c|\u2606ratatta17|putting in work\n|c|\u2606Bigrich244|he is\n|\n|t:|1701218345\n|switch|p2a: Great Tusk|Great Tusk|100\/100\n|-enditem|p2a: Great Tusk|Booster Energy\n|-activate|p2a: Great Tusk|ability: Protosynthesis|[fromitem]\n|-start|p2a: Great Tusk|protosynthesisspe\n|turn|20\n|c|\u2606Bigrich244|gg\n|\n|t:|1701218353\n|move|p1a: Azumarill|Aqua Jet|p2a: Great Tusk\n|-supereffective|p2a: Great Tusk\n|-damage|p2a: Great Tusk|0 fnt\n|faint|p2a: Great Tusk\n|-end|p2a: Great Tusk|Protosynthesis|[silent]\n|\n|win|ratatta17\n|raw|ratatta17's rating: 1458 &rarr; <strong>1476<\/strong><br \/>(+18 for winning)\n|raw|Bigrich244's rating: 1430 &rarr; <strong>1412<\/strong><br \/>(-18 for losing)\n","uploadtime":1701218359,"views":1,"p1id":"ratatta17","p2id":"bigrich244","formatid":"gen9ou","rating":1412,"private":0,"password":""}