{"id":"gen9ou-1989282295","p1":"gcy9","p2":"dylanmorgan2217","format":"[Gen 9] OU","log":"|j|\u2606gcy9\n|j|\u2606dylanmorgan2217\n|t:|1699831557\n|gametype|singles\n|player|p1|gcy9|265|1388\n|player|p2|dylanmorgan2217|1|1414\n|teamsize|p1|6\n|teamsize|p2|6\n|gen|9\n|tier|[Gen 9] OU\n|rated|\n|rule|Sleep Clause Mod: Limit one foe put to sleep\n|rule|Species Clause: Limit one of each Pok\u00e9mon\n|rule|OHKO Clause: OHKO moves are banned\n|rule|Evasion Items Clause: Evasion items are banned\n|rule|Evasion Moves Clause: Evasion moves are banned\n|rule|Endless Battle Clause: Forcing endless battles is banned\n|rule|HP Percentage Mod: HP is shown in percentages\n|clearpoke\n|poke|p1|Dragapult, F|\n|poke|p1|Gyarados, F|\n|poke|p1|Great Tusk|\n|poke|p1|Rillaboom, F|\n|poke|p1|Sneasler, F|\n|poke|p1|Kingambit, F|\n|poke|p2|Ogerpon-Wellspring, F|\n|poke|p2|Great Tusk|\n|poke|p2|Kingambit, F|\n|poke|p2|Zapdos|\n|poke|p2|Dragapult, F|\n|poke|p2|Iron Moth|\n|teampreview\n|inactive|Battle timer is ON: inactive players will automatically lose when time's up. (requested by dylanmorgan2217)\n|\n|t:|1699831571\n|start\n|switch|p1a: Dragapult|Dragapult, F|100\/100\n|switch|p2a: Zapdos|Zapdos|100\/100\n|turn|1\n|\n|t:|1699831575\n|switch|p2a: Kingambit|Kingambit, F|100\/100\n|move|p1a: Dragapult|Light Screen|p1a: Dragapult\n|-sidestart|p1: gcy9|move: Light Screen\n|\n|upkeep\n|turn|2\n|\n|t:|1699831586\n|-end|p2a: Kingambit|fallenundefined|[silent]\n|switch|p2a: Iron Moth|Iron Moth|100\/100\n|-enditem|p2a: Iron Moth|Booster Energy\n|-activate|p2a: Iron Moth|ability: Quark Drive|[fromitem]\n|-start|p2a: Iron Moth|quarkdrivespe\n|move|p1a: Dragapult|Reflect|p1a: Dragapult\n|-sidestart|p1: gcy9|Reflect\n|\n|upkeep\n|turn|3\n|\n|t:|1699831591\n|move|p2a: Iron Moth|Fiery Dance|p1a: Dragapult\n|-resisted|p1a: Dragapult\n|-damage|p1a: Dragapult|90\/100\n|-boost|p2a: Iron Moth|spa|1\n|-start|p2a: Iron Moth|Disable|Fiery Dance|[from] ability: Cursed Body|[of] p1a: Dragapult\n|move|p1a: Dragapult|Shadow Ball|p2a: Iron Moth\n|-damage|p2a: Iron Moth|75\/100\n|\n|upkeep\n|turn|4\n|\n|t:|1699831600\n|move|p2a: Iron Moth|Dazzling Gleam|p1a: Dragapult\n|-supereffective|p1a: Dragapult\n|-damage|p1a: Dragapult|43\/100\n|move|p1a: Dragapult|Shadow Ball|p2a: Iron Moth\n|-damage|p2a: Iron Moth|48\/100\n|\n|upkeep\n|turn|5\n|\n|t:|1699831606\n|move|p2a: Iron Moth|Dazzling Gleam|p1a: Dragapult\n|-supereffective|p1a: Dragapult\n|-damage|p1a: Dragapult|0 fnt\n|faint|p1a: Dragapult\n|\n|upkeep\n|\n|t:|1699831625\n|switch|p1a: Rillaboom|Rillaboom, F|100\/100\n|-fieldstart|move: Grassy Terrain|[from] ability: Grassy Surge|[of] p1a: Rillaboom\n|turn|6\n|\n|t:|1699831637\n|-end|p2a: Iron Moth|Quark Drive|[silent]\n|switch|p2a: Zapdos|Zapdos|100\/100\n|move|p1a: Rillaboom|Knock Off|p2a: Zapdos\n|-damage|p2a: Zapdos|30\/100\n|-enditem|p2a: Zapdos|Heavy-Duty Boots|[from] move: Knock Off|[of] p1a: Rillaboom\n|\n|upkeep\n|turn|7\n|\n|t:|1699831649\n|move|p2a: Zapdos|Hurricane|p1a: Rillaboom\n|-supereffective|p1a: Rillaboom\n|-damage|p1a: Rillaboom|30\/100\n|move|p1a: Rillaboom|Knock Off|p2a: Zapdos\n|-damage|p2a: Zapdos|0 fnt\n|faint|p2a: Zapdos\n|\n|-heal|p1a: Rillaboom|36\/100|[from] Grassy Terrain\n|upkeep\n|\n|t:|1699831654\n|switch|p2a: Iron Moth|Iron Moth|48\/100\n|turn|8\n|\n|t:|1699831658\n|switch|p1a: Gyarados|Gyarados, F|100\/100\n|move|p2a: Iron Moth|Fiery Dance|p1a: Gyarados\n|-resisted|p1a: Gyarados\n|-damage|p1a: Gyarados|90\/100\n|-boost|p2a: Iron Moth|spa|1\n|\n|-heal|p2a: Iron Moth|54\/100|[from] Grassy Terrain\n|-heal|p1a: Gyarados|96\/100|[from] item: Leftovers\n|-sideend|p1: gcy9|move: Light Screen\n|upkeep\n|turn|9\n|\n|t:|1699831664\n|-terastallize|p2a: Iron Moth|Grass\n|move|p2a: Iron Moth|Fiery Dance|p1a: Gyarados\n|-resisted|p1a: Gyarados\n|-damage|p1a: Gyarados|67\/100\n|move|p1a: Gyarados|Dragon Dance|p1a: Gyarados\n|-boost|p1a: Gyarados|atk|1\n|-boost|p1a: Gyarados|spe|1\n|\n|-heal|p1a: Gyarados|73\/100|[from] item: Leftovers\n|-heal|p2a: Iron Moth|60\/100|[from] Grassy Terrain\n|-sideend|p1: gcy9|Reflect\n|upkeep\n|turn|10\n|\n|t:|1699831690\n|-terastallize|p1a: Gyarados|Flying\n|move|p1a: Gyarados|Tera Blast|p2a: Iron Moth|[anim] Tera Blast Flying\n|-supereffective|p2a: Iron Moth\n|-damage|p2a: Iron Moth|0 fnt\n|faint|p2a: Iron Moth\n|-end|p2a: Iron Moth|Quark Drive|[silent]\n|-ability|p1a: Gyarados|Moxie|boost\n|-boost|p1a: Gyarados|atk|1\n|\n|-heal|p1a: Gyarados|79\/100|[from] item: Leftovers\n|-fieldend|move: Grassy Terrain\n|upkeep\n|\n|t:|1699831701\n|switch|p2a: Dragapult|Dragapult, F|100\/100\n|turn|11\n|\n|t:|1699831708\n|move|p2a: Dragapult|Draco Meteor|p1a: Gyarados\n|-damage|p1a: Gyarados|0 fnt\n|-unboost|p2a: Dragapult|spa|2\n|faint|p1a: Gyarados\n|\n|upkeep\n|\n|t:|1699831724\n|switch|p1a: Rillaboom|Rillaboom, F|36\/100\n|-fieldstart|move: Grassy Terrain|[from] ability: Grassy Surge|[of] p1a: Rillaboom\n|turn|12\n|\n|t:|1699831728\n|move|p2a: Dragapult|Draco Meteor|p1a: Rillaboom\n|-damage|p1a: Rillaboom|0 fnt\n|-unboost|p2a: Dragapult|spa|2\n|faint|p1a: Rillaboom\n|\n|upkeep\n|\n|t:|1699831730\n|switch|p1a: Sneasler|Sneasler, F|100\/100\n|-enditem|p1a: Sneasler|Grassy Seed\n|-boost|p1a: Sneasler|def|1|[from] item: Grassy Seed\n|turn|13\n|\n|t:|1699831733\n|move|p1a: Sneasler|Swords Dance|p1a: Sneasler\n|-boost|p1a: Sneasler|atk|2\n|move|p2a: Dragapult|Draco Meteor|p1a: Sneasler\n|-damage|p1a: Sneasler|67\/100\n|-unboost|p2a: Dragapult|spa|2\n|\n|-heal|p1a: Sneasler|74\/100|[from] Grassy Terrain\n|upkeep\n|turn|14\n|\n|t:|1699831745\n|switch|p2a: Kingambit|Kingambit, F|100\/100\n|-activate|p2a: Kingambit|ability: Supreme Overlord\n|-start|p2a: Kingambit|fallen2|[silent]\n|move|p1a: Sneasler|Swords Dance|p1a: Sneasler\n|-boost|p1a: Sneasler|atk|2\n|\n|-heal|p1a: Sneasler|80\/100|[from] Grassy Terrain\n|upkeep\n|turn|15\n|\n|t:|1699831752\n|move|p1a: Sneasler|Close Combat|p2a: Kingambit\n|-supereffective|p2a: Kingambit\n|-damage|p2a: Kingambit|0 fnt\n|-unboost|p1a: Sneasler|def|1\n|-unboost|p1a: Sneasler|spd|1\n|faint|p2a: Kingambit\n|-end|p2a: Kingambit|fallen2|[silent]\n|\n|-heal|p1a: Sneasler|86\/100|[from] Grassy Terrain\n|upkeep\n|\n|t:|1699831757\n|switch|p2a: Dragapult|Dragapult, F|100\/100\n|turn|16\n|\n|t:|1699831760\n|move|p1a: Sneasler|Shadow Claw|p2a: Dragapult\n|-supereffective|p2a: Dragapult\n|-crit|p2a: Dragapult\n|-damage|p2a: Dragapult|0 fnt\n|faint|p2a: Dragapult\n|\n|-heal|p1a: Sneasler|92\/100|[from] Grassy Terrain\n|-fieldend|move: Grassy Terrain\n|upkeep\n|\n|t:|1699831764\n|switch|p2a: Great Tusk|Great Tusk|100\/100\n|turn|17\n|\n|t:|1699831769\n|move|p1a: Sneasler|Close Combat|p2a: Great Tusk\n|-damage|p2a: Great Tusk|0 fnt\n|-unboost|p1a: Sneasler|def|1\n|-unboost|p1a: Sneasler|spd|1\n|faint|p2a: Great Tusk\n|-end|p2a: Great Tusk|Protosynthesis|[silent]\n|\n|upkeep\n|\n|t:|1699831772\n|switch|p2a: Ogerpon|Ogerpon-Wellspring, F|100\/100\n|turn|18\n|\n|t:|1699831776\n|move|p1a: Sneasler|Dire Claw|p2a: Ogerpon\n|-supereffective|p2a: Ogerpon\n|-damage|p2a: Ogerpon|0 fnt\n|faint|p2a: Ogerpon\n|\n|win|gcy9\n|raw|gcy9's rating: 1388 &rarr; <strong>1409<\/strong><br \/>(+21 for winning)\n|raw|dylanmorgan2217's rating: 1414 &rarr; <strong>1393<\/strong><br \/>(-21 for losing)\n|l|\u2606dylanmorgan2217\n","uploadtime":1699831796,"views":9,"p1id":"gcy9","p2id":"dylanmorgan2217","formatid":"gen9ou","rating":1393,"private":0,"password":""}