{"id":"gen9ou-1995303724","p1":"RggV","p2":"2(H2O)","format":"[Gen 9] OU","log":"|j|\u2606RggV\n|j|\u26062(H2O)\n|t:|1700550187\n|gametype|singles\n|player|p1|RggV|#wcop2023latinamerica|1632\n|player|p2|2(H2O)|chase|1680\n|teamsize|p1|6\n|teamsize|p2|6\n|gen|9\n|tier|[Gen 9] OU\n|rated|\n|rule|Sleep Clause Mod: Limit one foe put to sleep\n|rule|Species Clause: Limit one of each Pok\u00e9mon\n|rule|OHKO Clause: OHKO moves are banned\n|rule|Evasion Items Clause: Evasion items are banned\n|rule|Evasion Moves Clause: Evasion moves are banned\n|rule|Endless Battle Clause: Forcing endless battles is banned\n|rule|HP Percentage Mod: HP is shown in percentages\n|clearpoke\n|poke|p1|Ribombee, F|\n|poke|p1|Infernape, F|\n|poke|p1|Gholdengo|\n|poke|p1|Manaphy|\n|poke|p1|Kingambit, M|\n|poke|p1|Landorus-Therian, M|\n|poke|p2|Rillaboom, M|\n|poke|p2|Kingambit, F|\n|poke|p2|Dragapult, M|\n|poke|p2|Manaphy|\n|poke|p2|Great Tusk|\n|poke|p2|Enamorus, F|\n|teampreview\n|inactive|Battle timer is ON: inactive players will automatically lose when time's up. (requested by 2(H2O))\n|inactive|RggV also wants the timer to be on.\n|j| shyguyry\n|j| Revilo6000\n|inactive|2(H2O) has 120 seconds left.\n|\n|t:|1700550240\n|start\n|switch|p1a: Ribombee|Ribombee, F|100\/100\n|switch|p2a: Manaphy|Manaphy|100\/100\n|turn|1\n|\n|t:|1700550244\n|move|p1a: Ribombee|Sticky Web|p2a: Manaphy\n|-sidestart|p2: 2(H2O)|move: Sticky Web\n|move|p2a: Manaphy|Take Heart|p2a: Manaphy\n|-boost|p2a: Manaphy|spa|1\n|-boost|p2a: Manaphy|spd|1\n|\n|upkeep\n|turn|2\n|l| Revilo6000\n|\n|t:|1700550257\n|switch|p1a: Manaphy|Manaphy|100\/100\n|move|p2a: Manaphy|Acid Armor|p2a: Manaphy\n|-boost|p2a: Manaphy|def|2\n|\n|upkeep\n|turn|3\n|j| Revilo6000\n|\n|t:|1700550260\n|move|p2a: Manaphy|Take Heart|p2a: Manaphy\n|-boost|p2a: Manaphy|spa|1\n|-boost|p2a: Manaphy|spd|1\n|move|p1a: Manaphy|Take Heart|p1a: Manaphy\n|-boost|p1a: Manaphy|spa|1\n|-boost|p1a: Manaphy|spd|1\n|\n|upkeep\n|turn|4\n|\n|t:|1700550266\n|move|p2a: Manaphy|Take Heart|p2a: Manaphy\n|-boost|p2a: Manaphy|spa|1\n|-boost|p2a: Manaphy|spd|1\n|move|p1a: Manaphy|Take Heart|p1a: Manaphy\n|-boost|p1a: Manaphy|spa|1\n|-boost|p1a: Manaphy|spd|1\n|\n|upkeep\n|turn|5\n|\n|t:|1700550271\n|move|p2a: Manaphy|Take Heart|p2a: Manaphy\n|-boost|p2a: Manaphy|spa|1\n|-boost|p2a: Manaphy|spd|1\n|move|p1a: Manaphy|Take Heart|p1a: Manaphy\n|-boost|p1a: Manaphy|spa|1\n|-boost|p1a: Manaphy|spd|1\n|\n|upkeep\n|turn|6\n|\n|t:|1700550273\n|move|p2a: Manaphy|Take Heart|p2a: Manaphy\n|-boost|p2a: Manaphy|spa|1\n|-boost|p2a: Manaphy|spd|1\n|move|p1a: Manaphy|Take Heart|p1a: Manaphy\n|-boost|p1a: Manaphy|spa|1\n|-boost|p1a: Manaphy|spd|1\n|\n|upkeep\n|turn|7\n|\n|t:|1700550276\n|move|p2a: Manaphy|Take Heart|p2a: Manaphy\n|-boost|p2a: Manaphy|spa|1\n|-boost|p2a: Manaphy|spd|1\n|move|p1a: Manaphy|Take Heart|p1a: Manaphy\n|-boost|p1a: Manaphy|spa|1\n|-boost|p1a: Manaphy|spd|1\n|\n|upkeep\n|turn|8\n|j| flamewing_phoenix\n|\n|t:|1700550281\n|move|p2a: Manaphy|Stored Power|p1a: Manaphy\n|-damage|p1a: Manaphy|34\/100\n|move|p1a: Manaphy|Take Heart|p1a: Manaphy\n|-boost|p1a: Manaphy|spa|1\n|-boost|p1a: Manaphy|spd|1\n|\n|-heal|p1a: Manaphy|40\/100|[from] item: Leftovers\n|upkeep\n|turn|9\n|\n|t:|1700550285\n|move|p2a: Manaphy|Stored Power|p1a: Manaphy\n|-damage|p1a: Manaphy|0 fnt\n|faint|p1a: Manaphy\n|\n|upkeep\n|\n|t:|1700550287\n|switch|p1a: Kingambit|Kingambit, M|100\/100\n|-activate|p1a: Kingambit|ability: Supreme Overlord\n|-start|p1a: Kingambit|fallen1|[silent]\n|turn|10\n|\n|t:|1700550290\n|move|p2a: Manaphy|Acid Armor|p2a: Manaphy\n|-boost|p2a: Manaphy|def|2\n|move|p1a: Kingambit|Swords Dance|p1a: Kingambit\n|-boost|p1a: Kingambit|atk|2\n|\n|upkeep\n|turn|11\n|\n|t:|1700550292\n|move|p2a: Manaphy|Acid Armor|p2a: Manaphy\n|-boost|p2a: Manaphy|def|2\n|move|p1a: Kingambit|Kowtow Cleave|p2a: Manaphy\n|-damage|p2a: Manaphy|79\/100\n|\n|-heal|p2a: Manaphy|85\/100|[from] item: Leftovers\n|upkeep\n|turn|12\n|\n|t:|1700550295\n|move|p2a: Manaphy|Scald|p1a: Kingambit\n|-damage|p1a: Kingambit|0 fnt\n|faint|p1a: Kingambit\n|-end|p1a: Kingambit|fallen1|[silent]\n|\n|-heal|p2a: Manaphy|91\/100|[from] item: Leftovers\n|upkeep\n|-message|RggV forfeited.\n|\n|win|2(H2O)\n|raw|RggV's rating: 1632 &rarr; <strong>1615<\/strong><br \/>(-17 for losing)\n|raw|2(H2O)'s rating: 1680 &rarr; <strong>1697<\/strong><br \/>(+17 for winning)\n|l|\u2606RggV\n","uploadtime":1700550305,"views":10,"p1id":"rggv","p2id":"2h2o","formatid":"gen9ou","rating":1615,"private":0,"password":""}