{"id":"gen9ou-1989317712","p1":"Nasty N","p2":"billgatesismydad","format":"[Gen 9] OU","log":"|j|\u2606Nasty N\n|j|\u2606billgatesismydad\n|t:|1699835686\n|gametype|singles\n|player|p1|Nasty N|n|1174\n|player|p2|billgatesismydad|nate|1266\n|teamsize|p1|6\n|teamsize|p2|6\n|gen|9\n|tier|[Gen 9] OU\n|rated|\n|rule|Sleep Clause Mod: Limit one foe put to sleep\n|rule|Species Clause: Limit one of each Pok\u00e9mon\n|rule|OHKO Clause: OHKO moves are banned\n|rule|Evasion Items Clause: Evasion items are banned\n|rule|Evasion Moves Clause: Evasion moves are banned\n|rule|Endless Battle Clause: Forcing endless battles is banned\n|rule|HP Percentage Mod: HP is shown in percentages\n|clearpoke\n|poke|p1|Iron Moth|\n|poke|p1|Dragonite, M|\n|poke|p1|Ogerpon-Wellspring, F|\n|poke|p1|Iron Valiant|\n|poke|p1|Kingambit, F|\n|poke|p1|Thundurus-Therian, M|\n|poke|p2|Zoroark-Hisui, M|\n|poke|p2|Mandibuzz, F|\n|poke|p2|Gholdengo|\n|poke|p2|Garganacl, M|\n|poke|p2|Ninetales-Alola, F|\n|poke|p2|Sandslash-Alola, F|\n|teampreview\n|inactive|Battle timer is ON: inactive players will automatically lose when time's up. (requested by Nasty N)\n|\n|t:|1699835697\n|start\n|switch|p1a: Iron Moth|Iron Moth|100\/100\n|switch|p2a: Ninetales|Ninetales-Alola, F|100\/100\n|-weather|Snow|[from] ability: Snow Warning|[of] p2a: Ninetales\n|-enditem|p1a: Iron Moth|Booster Energy\n|-activate|p1a: Iron Moth|ability: Quark Drive|[fromitem]\n|-start|p1a: Iron Moth|quarkdrivespe\n|turn|1\n|\n|t:|1699835710\n|switch|p2a: Garganacl|Garganacl, M|100\/100\n|move|p1a: Iron Moth|Substitute|p1a: Iron Moth\n|-start|p1a: Iron Moth|Substitute\n|-damage|p1a: Iron Moth|76\/100\n|\n|-weather|Snow|[upkeep]\n|upkeep\n|turn|2\n|\n|t:|1699835723\n|move|p1a: Iron Moth|Energy Ball|p2a: Garganacl\n|-supereffective|p2a: Garganacl\n|-damage|p2a: Garganacl|51\/100\n|move|p2a: Garganacl|Salt Cure|p1a: Iron Moth\n|-supereffective|p1a: Iron Moth\n|-end|p1a: Iron Moth|Substitute\n|\n|-weather|Snow|[upkeep]\n|-heal|p2a: Garganacl|58\/100|[from] item: Leftovers\n|upkeep\n|turn|3\n|\n|t:|1699835732\n|move|p2a: Garganacl|Protect|p2a: Garganacl\n|-singleturn|p2a: Garganacl|Protect\n|move|p1a: Iron Moth|Energy Ball|p2a: Garganacl\n|-activate|p2a: Garganacl|move: Protect\n|\n|-weather|Snow|[upkeep]\n|-heal|p2a: Garganacl|64\/100|[from] item: Leftovers\n|upkeep\n|turn|4\n|\n|t:|1699835736\n|move|p1a: Iron Moth|Energy Ball|p2a: Garganacl\n|-supereffective|p2a: Garganacl\n|-damage|p2a: Garganacl|17\/100\n|move|p2a: Garganacl|Salt Cure|p1a: Iron Moth\n|-supereffective|p1a: Iron Moth\n|-damage|p1a: Iron Moth|34\/100\n|-start|p1a: Iron Moth|Salt Cure\n|\n|-weather|Snow|[upkeep]\n|-heal|p2a: Garganacl|23\/100|[from] item: Leftovers\n|-damage|p1a: Iron Moth|21\/100|[from] Salt Cure\n|upkeep\n|turn|5\n|\n|t:|1699835755\n|-end|p1a: Iron Moth|Quark Drive|[silent]\n|switch|p1a: Thundurus|Thundurus-Therian, M|100\/100\n|move|p2a: Garganacl|Protect||[still]\n|-fail|p2a: Garganacl\n|\n|-weather|none\n|-heal|p2a: Garganacl|29\/100|[from] item: Leftovers\n|upkeep\n|turn|6\n|\n|t:|1699835767\n|move|p2a: Garganacl|Protect|p2a: Garganacl\n|-singleturn|p2a: Garganacl|Protect\n|move|p1a: Thundurus|Volt Switch|p2a: Garganacl\n|-activate|p2a: Garganacl|move: Protect\n|\n|-heal|p2a: Garganacl|35\/100|[from] item: Leftovers\n|upkeep\n|turn|7\n|\n|t:|1699835782\n|switch|p2a: Sandslash|Sandslash-Alola, F|100\/100\n|move|p1a: Thundurus|Volt Switch|p2a: Sandslash\n|-damage|p2a: Sandslash|4\/100\n|replace|p2a: Zoroark|Zoroark-Hisui, M\n|-end|p2a: Zoroark|Illusion\n|\n|t:|1699835792\n|switch|p1a: Iron Moth|Iron Moth|21\/100|[from] Volt Switch\n|\n|upkeep\n|turn|8\n|\n|t:|1699835794\n|move|p2a: Zoroark|Shadow Ball|p1a: Iron Moth\n|-damage|p1a: Iron Moth|0 fnt\n|faint|p1a: Iron Moth\n|-end|p1a: Iron Moth|Quark Drive|[silent]\n|\n|upkeep\n|\n|t:|1699835799\n|switch|p1a: Iron Valiant|Iron Valiant|100\/100\n|-enditem|p1a: Iron Valiant|Booster Energy\n|-activate|p1a: Iron Valiant|ability: Quark Drive|[fromitem]\n|-start|p1a: Iron Valiant|quarkdrivespe\n|turn|9\n|\n|t:|1699835815\n|move|p1a: Iron Valiant|Thunderbolt|p2a: Zoroark\n|-damage|p2a: Zoroark|0 fnt\n|faint|p2a: Zoroark\n|\n|upkeep\n|\n|t:|1699835817\n|switch|p2a: Ninetales|Ninetales-Alola, F|100\/100\n|-weather|Snow|[from] ability: Snow Warning|[of] p2a: Ninetales\n|turn|10\n|\n|t:|1699835830\n|move|p1a: Iron Valiant|Close Combat|p2a: Ninetales\n|-damage|p2a: Ninetales|56\/100\n|-unboost|p1a: Iron Valiant|def|1\n|-unboost|p1a: Iron Valiant|spd|1\n|move|p2a: Ninetales|Aurora Veil|p2a: Ninetales\n|-sidestart|p2: billgatesismydad|move: Aurora Veil\n|\n|-weather|Snow|[upkeep]\n|upkeep\n|turn|11\n|\n|t:|1699835838\n|move|p1a: Iron Valiant|Moonblast|p2a: Ninetales\n|-damage|p2a: Ninetales|32\/100\n|move|p2a: Ninetales|Moonblast|p1a: Iron Valiant\n|-supereffective|p1a: Iron Valiant\n|-damage|p1a: Iron Valiant|0 fnt\n|faint|p1a: Iron Valiant\n|-end|p1a: Iron Valiant|Quark Drive|[silent]\n|\n|-weather|Snow|[upkeep]\n|upkeep\n|\n|t:|1699835849\n|switch|p1a: Thundurus|Thundurus-Therian, M|100\/100\n|turn|12\n|\n|t:|1699835858\n|switch|p2a: Garganacl|Garganacl, M|35\/100\n|move|p1a: Thundurus|Volt Switch|p2a: Garganacl\n|-damage|p2a: Garganacl|17\/100\n|\n|t:|1699835875\n|switch|p1a: Ogerpon|Ogerpon-Wellspring, F|100\/100|[from] Volt Switch\n|\n|-weather|Snow|[upkeep]\n|-heal|p2a: Garganacl|23\/100|[from] item: Leftovers\n|upkeep\n|turn|13\n|inactive|Nasty N has 120 seconds left.\n|\n|t:|1699835911\n|move|p1a: Ogerpon|Ivy Cudgel|p2a: Garganacl\n|-supereffective|p2a: Garganacl\n|-damage|p2a: Garganacl|0 fnt\n|faint|p2a: Garganacl\n|\n|-weather|Snow|[upkeep]\n|upkeep\n|\n|t:|1699835916\n|switch|p2a: Ninetales|Ninetales-Alola, F|32\/100\n|turn|14\n|inactive|Nasty N has 120 seconds left.\n|\n|t:|1699835927\n|-terastallize|p2a: Ninetales|Water\n|move|p1a: Ogerpon|Swords Dance|p1a: Ogerpon\n|-boost|p1a: Ogerpon|atk|2\n|move|p2a: Ninetales|Freeze-Dry|p1a: Ogerpon\n|-supereffective|p1a: Ogerpon\n|-damage|p1a: Ogerpon|11\/100\n|\n|-weather|none\n|upkeep\n|turn|15\n|\n|t:|1699835939\n|switch|p2a: Mandibuzz|Mandibuzz, F|100\/100\n|move|p1a: Ogerpon|Power Whip|p2a: Mandibuzz\n|-resisted|p2a: Mandibuzz\n|-damage|p2a: Mandibuzz|80\/100\n|\n|upkeep\n|turn|16\n|\n|t:|1699835949\n|move|p1a: Ogerpon|Ivy Cudgel|p2a: Mandibuzz\n|-damage|p2a: Mandibuzz|44\/100\n|move|p2a: Mandibuzz|U-turn|p1a: Ogerpon\n|-supereffective|p1a: Ogerpon\n|-damage|p1a: Ogerpon|0 fnt\n|faint|p1a: Ogerpon\n|\n|t:|1699835952\n|switch|p2a: Ninetales|Ninetales-Alola, F, tera:Water|32\/100|[from] U-turn\n|-weather|Snow|[from] ability: Snow Warning|[of] p2a: Ninetales\n|\n|-weather|Snow|[upkeep]\n|upkeep\n|\n|t:|1699835956\n|switch|p1a: Thundurus|Thundurus-Therian, M|100\/100\n|turn|17\n|\n|t:|1699835964\n|switch|p2a: Sandslash|Sandslash-Alola, F|100\/100\n|move|p1a: Thundurus|Volt Switch|p2a: Sandslash\n|-damage|p2a: Sandslash|65\/100\n|\n|t:|1699835973\n|switch|p1a: Dragonite|Dragonite, M|100\/100|[from] Volt Switch\n|\n|-weather|Snow|[upkeep]\n|-sideend|p2: billgatesismydad|move: Aurora Veil\n|upkeep\n|turn|18\n|\n|t:|1699835985\n|move|p2a: Sandslash|Ice Spinner|p1a: Dragonite\n|-supereffective|p1a: Dragonite\n|-damage|p1a: Dragonite|17\/100\n|move|p1a: Dragonite|Fire Punch|p2a: Sandslash\n|-supereffective|p2a: Sandslash\n|-damage|p2a: Sandslash|0 fnt\n|faint|p2a: Sandslash\n|\n|-weather|Snow|[upkeep]\n|upkeep\n|\n|t:|1699835998\n|switch|p2a: Ninetales|Ninetales-Alola, F, tera:Water|32\/100\n|turn|19\n|\n|t:|1699836002\n|-terastallize|p1a: Dragonite|Normal\n|move|p1a: Dragonite|Extreme Speed|p2a: Ninetales\n|-damage|p2a: Ninetales|0 fnt\n|faint|p2a: Ninetales\n|\n|-weather|Snow|[upkeep]\n|upkeep\n|\n|t:|1699836007\n|switch|p2a: Gholdengo|Gholdengo|100\/100\n|turn|20\n|\n|t:|1699836036\n|move|p2a: Gholdengo|Focus Blast|p1a: Dragonite\n|-supereffective|p1a: Dragonite\n|-damage|p1a: Dragonite|0 fnt\n|faint|p1a: Dragonite\n|\n|-weather|none\n|upkeep\n|\n|t:|1699836040\n|switch|p1a: Thundurus|Thundurus-Therian, M|100\/100\n|turn|21\n|\n|t:|1699836043\n|switch|p2a: Mandibuzz|Mandibuzz, F|44\/100\n|move|p1a: Thundurus|Volt Switch|p2a: Mandibuzz\n|-supereffective|p2a: Mandibuzz\n|-damage|p2a: Mandibuzz|0 fnt\n|faint|p2a: Mandibuzz\n|\n|t:|1699836051\n|switch|p1a: Kingambit|Kingambit, F|100\/100|[from] Volt Switch\n|-activate|p1a: Kingambit|ability: Supreme Overlord\n|-start|p1a: Kingambit|fallen4|[silent]\n|\n|upkeep\n|\n|t:|1699836053\n|switch|p2a: Gholdengo|Gholdengo|100\/100\n|turn|22\n|\n|t:|1699836061\n|move|p2a: Gholdengo|Trick|p1a: Kingambit\n|-activate|p2a: Gholdengo|move: Trick|[of] p1a: Kingambit\n|-item|p1a: Kingambit|Choice Specs|[from] move: Trick\n|-item|p2a: Gholdengo|Heavy-Duty Boots|[from] move: Trick\n|move|p1a: Kingambit|Kowtow Cleave|p2a: Gholdengo\n|-supereffective|p2a: Gholdengo\n|-damage|p2a: Gholdengo|0 fnt\n|faint|p2a: Gholdengo\n|\n|win|Nasty N\n|raw|Nasty N's rating: 1174 &rarr; <strong>1205<\/strong><br \/>(+31 for winning)\n|raw|billgatesismydad's rating: 1266 &rarr; <strong>1235<\/strong><br \/>(-31 for losing)\n|c|\u2606billgatesismydad|gg\n|l|\u2606billgatesismydad\n","uploadtime":1699836073,"views":8,"p1id":"nastyn","p2id":"billgatesismydad","formatid":"gen9ou","rating":1205,"private":0,"password":""}