{"id":"gen9ou-1988668287","p1":"Sinead's Hairline","p2":"holy goons","format":"[Gen 9] OU","log":"|j|\u2606Sinead's Hairline\n|j|\u2606holy goons\n|t:|1699748375\n|gametype|singles\n|player|p1|Sinead's Hairline|guitarist|1640\n|player|p2|holy goons|volkner|1553\n|teamsize|p1|6\n|teamsize|p2|6\n|gen|9\n|tier|[Gen 9] OU\n|rated|\n|rule|Sleep Clause Mod: Limit one foe put to sleep\n|rule|Species Clause: Limit one of each Pok\u00e9mon\n|rule|OHKO Clause: OHKO moves are banned\n|rule|Evasion Items Clause: Evasion items are banned\n|rule|Evasion Moves Clause: Evasion moves are banned\n|rule|Endless Battle Clause: Forcing endless battles is banned\n|rule|HP Percentage Mod: HP is shown in percentages\n|clearpoke\n|poke|p1|Kingambit, F|\n|poke|p1|Glimmora, F|\n|poke|p1|Zamazenta-*|\n|poke|p1|Iron Valiant|\n|poke|p1|Iron Moth|\n|poke|p1|Ogerpon-Wellspring, F|\n|poke|p2|Blissey, F|\n|poke|p2|Clefable, M|\n|poke|p2|Gliscor, F|\n|poke|p2|Dondozo, F|\n|poke|p2|Moltres|\n|poke|p2|Articuno|\n|teampreview\n|c|\u2606holy goons|boring\n|c|\u2606holy goons|saame as everyone else\n|\n|t:|1699748393\n|start\n|switch|p1a: Glimmora|Glimmora, F|100\/100\n|switch|p2a: Gliscor|Gliscor, F|100\/100\n|turn|1\n|inactive|Battle timer is ON: inactive players will automatically lose when time's up. (requested by holy goons)\n|\n|t:|1699748409\n|move|p1a: Glimmora|Power Gem|p2a: Gliscor\n|-crit|p2a: Gliscor\n|-damage|p2a: Gliscor|26\/100\n|move|p2a: Gliscor|Earthquake|p1a: Glimmora\n|-supereffective|p1a: Glimmora\n|-enditem|p1a: Glimmora|Focus Sash\n|-damage|p1a: Glimmora|1\/100\n|-activate|p1a: Glimmora|ability: Toxic Debris\n|-sidestart|p2: holy goons|move: Toxic Spikes\n|\n|-status|p2a: Gliscor|tox|[from] item: Toxic Orb\n|upkeep\n|turn|2\n|\n|t:|1699748419\n|move|p2a: Gliscor|Protect|p2a: Gliscor\n|-singleturn|p2a: Gliscor|Protect\n|move|p1a: Glimmora|Power Gem|p2a: Gliscor\n|-activate|p2a: Gliscor|move: Protect\n|\n|-heal|p2a: Gliscor|38\/100 tox|[from] ability: Poison Heal\n|upkeep\n|turn|3\n|\n|t:|1699748426\n|switch|p2a: Blissey|Blissey, F|100\/100\n|move|p1a: Glimmora|Power Gem|p2a: Blissey\n|-damage|p2a: Blissey|88\/100\n|\n|upkeep\n|turn|4\n|\n|t:|1699748432\n|move|p1a: Glimmora|Stealth Rock|p2a: Blissey\n|-sidestart|p2: holy goons|move: Stealth Rock\n|move|p2a: Blissey|Shadow Ball|p1a: Glimmora\n|-damage|p1a: Glimmora|0 fnt\n|faint|p1a: Glimmora\n|\n|upkeep\n|\n|t:|1699748438\n|switch|p1a: Ogerpon|Ogerpon-Wellspring, F|100\/100\n|turn|5\n|\n|t:|1699748442\n|switch|p2a: Dondozo|Dondozo, F|100\/100\n|move|p1a: Ogerpon|Swords Dance|p1a: Ogerpon\n|-boost|p1a: Ogerpon|atk|2\n|\n|upkeep\n|turn|6\n|\n|t:|1699748451\n|-terastallize|p2a: Dondozo|Dragon\n|move|p1a: Ogerpon|Power Whip|p2a: Dondozo\n|-resisted|p2a: Dondozo\n|-damage|p2a: Dondozo|86\/100\n|move|p2a: Dondozo|Body Press|p1a: Ogerpon\n|-damage|p1a: Ogerpon|63\/100\n|\n|upkeep\n|turn|7\n|\n|t:|1699748459\n|move|p1a: Ogerpon|Knock Off|p2a: Dondozo\n|-damage|p2a: Dondozo|70\/100\n|-enditem|p2a: Dondozo|Heavy-Duty Boots|[from] move: Knock Off|[of] p1a: Ogerpon\n|move|p2a: Dondozo|Body Press|p1a: Ogerpon\n|-damage|p1a: Ogerpon|24\/100\n|\n|upkeep\n|turn|8\n|\n|t:|1699748483\n|switch|p1a: Iron Moth|Iron Moth|100\/100\n|-enditem|p1a: Iron Moth|Booster Energy\n|-activate|p1a: Iron Moth|ability: Quark Drive|[fromitem]\n|-start|p1a: Iron Moth|quarkdrivespe\n|move|p2a: Dondozo|Body Press|p1a: Iron Moth\n|-resisted|p1a: Iron Moth\n|-damage|p1a: Iron Moth|80\/100\n|\n|upkeep\n|turn|9\n|c|\u2606holy goons|when you use the same team as everyone else\n|c|\u2606holy goons|everyone else predicts ya\n|\n|t:|1699748493\n|switch|p2a: Blissey|Blissey, F|88\/100\n|move|p1a: Iron Moth|Dazzling Gleam|p2a: Blissey\n|-damage|p2a: Blissey|80\/100\n|\n|upkeep\n|turn|10\n|\n|t:|1699748504\n|-end|p1a: Iron Moth|Quark Drive|[silent]\n|switch|p1a: Zamazenta|Zamazenta, shiny|100\/100\n|-ability|p1a: Zamazenta|Dauntless Shield|boost\n|-boost|p1a: Zamazenta|def|1\n|move|p2a: Blissey|Stealth Rock|p1a: Zamazenta\n|-sidestart|p1: Sinead's Hairline|move: Stealth Rock\n|\n|upkeep\n|turn|11\n|\n|t:|1699748515\n|switch|p2a: Clefable|Clefable, M|100\/100\n|move|p1a: Zamazenta|Body Press|p2a: Clefable\n|-resisted|p2a: Clefable\n|-damage|p2a: Clefable|88\/100\n|\n|upkeep\n|turn|12\n|inactive|Sinead's Hairline has 120 seconds left.\n|\n|t:|1699748547\n|switch|p1a: Ogerpon|Ogerpon-Wellspring, F|24\/100\n|-damage|p1a: Ogerpon|11\/100|[from] Stealth Rock\n|move|p2a: Clefable|Wish|p2a: Clefable\n|\n|upkeep\n|turn|13\n|c|\u2606holy goons|ya there\n|\n|t:|1699748553\n|switch|p2a: Dondozo|Dondozo, F, tera:Dragon|70\/100\n|-status|p2a: Dondozo|psn\n|-damage|p2a: Dondozo|57\/100 psn|[from] Stealth Rock\n|move|p1a: Ogerpon|Ivy Cudgel|p2a: Dondozo\n|-resisted|p2a: Dondozo\n|-damage|p2a: Dondozo|45\/100 psn\n|\n|-heal|p2a: Dondozo|84\/100 psn|[from] move: Wish|[wisher] Clefable\n|-damage|p2a: Dondozo|72\/100 psn|[from] psn\n|upkeep\n|turn|14\n|inactive|Sinead's Hairline has 120 seconds left.\n|\n|t:|1699748579\n|move|p1a: Ogerpon|Ivy Cudgel|p2a: Dondozo\n|-resisted|p2a: Dondozo\n|-damage|p2a: Dondozo|58\/100 psn\n|move|p2a: Dondozo|Body Press|p1a: Ogerpon\n|-damage|p1a: Ogerpon|0 fnt\n|faint|p1a: Ogerpon\n|\n|-damage|p2a: Dondozo|46\/100 psn|[from] psn\n|upkeep\n|\n|t:|1699748586\n|switch|p1a: Iron Valiant|Iron Valiant|100\/100\n|-damage|p1a: Iron Valiant|94\/100|[from] Stealth Rock\n|-enditem|p1a: Iron Valiant|Booster Energy\n|-activate|p1a: Iron Valiant|ability: Quark Drive|[fromitem]\n|-start|p1a: Iron Valiant|quarkdrivespe\n|turn|15\n|\n|t:|1699748593\n|switch|p2a: Clefable|Clefable, M|88\/100\n|move|p1a: Iron Valiant|Calm Mind|p1a: Iron Valiant\n|-boost|p1a: Iron Valiant|spa|1\n|-boost|p1a: Iron Valiant|spd|1\n|\n|upkeep\n|turn|16\n|\n|t:|1699748599\n|move|p1a: Iron Valiant|Hypnosis|p2a: Clefable\n|-status|p2a: Clefable|slp|[from] move: Hypnosis\n|cant|p2a: Clefable|slp\n|\n|upkeep\n|turn|17\n|\n|t:|1699748606\n|switch|p2a: Articuno|Articuno|100\/100\n|-ability|p2a: Articuno|Pressure\n|move|p1a: Iron Valiant|Moonblast|p2a: Articuno\n|-damage|p2a: Articuno|64\/100\n|-unboost|p2a: Articuno|spa|1\n|\n|upkeep\n|turn|18\n|\n|t:|1699748616\n|move|p1a: Iron Valiant|Calm Mind|p1a: Iron Valiant\n|-boost|p1a: Iron Valiant|spa|1\n|-boost|p1a: Iron Valiant|spd|1\n|move|p2a: Articuno|Haze|p2a: Articuno\n|-clearallboost\n|\n|upkeep\n|turn|19\n|\n|t:|1699748622\n|move|p1a: Iron Valiant|Calm Mind|p1a: Iron Valiant\n|-boost|p1a: Iron Valiant|spa|1\n|-boost|p1a: Iron Valiant|spd|1\n|move|p2a: Articuno|Roost|p2a: Articuno\n|-heal|p2a: Articuno|100\/100\n|-singleturn|p2a: Articuno|move: Roost\n|\n|upkeep\n|turn|20\n|\n|t:|1699748628\n|move|p1a: Iron Valiant|Psyshock|p2a: Articuno\n|-damage|p2a: Articuno|68\/100\n|move|p2a: Articuno|Haze|p2a: Articuno\n|-clearallboost\n|\n|upkeep\n|turn|21\n|\n|t:|1699748639\n|move|p1a: Iron Valiant|Calm Mind|p1a: Iron Valiant\n|-boost|p1a: Iron Valiant|spa|1\n|-boost|p1a: Iron Valiant|spd|1\n|move|p2a: Articuno|Freeze-Dry|p1a: Iron Valiant\n|-damage|p1a: Iron Valiant|66\/100\n|\n|upkeep\n|turn|22\n|\n|t:|1699748646\n|move|p1a: Iron Valiant|Psyshock|p2a: Articuno\n|-damage|p2a: Articuno|36\/100\n|move|p2a: Articuno|Haze|p2a: Articuno\n|-clearallboost\n|\n|upkeep\n|turn|23\n|\n|t:|1699748651\n|move|p1a: Iron Valiant|Psyshock|p2a: Articuno\n|-damage|p2a: Articuno|11\/100\n|move|p2a: Articuno|Roost|p2a: Articuno\n|-heal|p2a: Articuno|61\/100\n|-singleturn|p2a: Articuno|move: Roost\n|\n|upkeep\n|turn|24\n|\n|t:|1699748658\n|-end|p1a: Iron Valiant|Quark Drive|[silent]\n|switch|p1a: Kingambit|Kingambit, F|100\/100\n|-damage|p1a: Kingambit|94\/100|[from] Stealth Rock\n|-activate|p1a: Kingambit|ability: Supreme Overlord\n|-start|p1a: Kingambit|fallen2|[silent]\n|move|p2a: Articuno|Roost|p2a: Articuno\n|-heal|p2a: Articuno|100\/100\n|-singleturn|p2a: Articuno|move: Roost\n|\n|upkeep\n|turn|25\n|\n|t:|1699748666\n|switch|p2a: Moltres|Moltres|100\/100\n|move|p1a: Kingambit|Kowtow Cleave|p2a: Moltres\n|-damage|p2a: Moltres|50\/100\n|\n|upkeep\n|turn|26\n|\n|t:|1699748673\n|-end|p1a: Kingambit|fallen2|[silent]\n|switch|p1a: Iron Moth|Iron Moth|80\/100\n|-damage|p1a: Iron Moth|55\/100|[from] Stealth Rock\n|move|p2a: Moltres|Roost|p2a: Moltres\n|-heal|p2a: Moltres|100\/100\n|-singleturn|p2a: Moltres|move: Roost\n|\n|upkeep\n|turn|27\n|\n|t:|1699748682\n|switch|p2a: Blissey|Blissey, F|80\/100\n|move|p1a: Iron Moth|Sludge Wave|p2a: Blissey\n|-damage|p2a: Blissey|66\/100\n|\n|upkeep\n|turn|28\n|\n|t:|1699748691\n|-end|p1a: Iron Moth|Quark Drive|[silent]\n|switch|p1a: Zamazenta|Zamazenta, shiny|100\/100\n|-damage|p1a: Zamazenta|94\/100|[from] Stealth Rock\n|move|p2a: Blissey|Shadow Ball|p1a: Zamazenta\n|-damage|p1a: Zamazenta|82\/100\n|\n|-heal|p1a: Zamazenta|88\/100|[from] item: Leftovers\n|upkeep\n|turn|29\n|c|\u2606holy goons|what's it like to be that predictable and boring\n|j| all hips no lies\n|\n|t:|1699748716\n|switch|p1a: Kingambit|Kingambit, F|94\/100\n|-damage|p1a: Kingambit|88\/100|[from] Stealth Rock\n|-activate|p1a: Kingambit|ability: Supreme Overlord\n|-start|p1a: Kingambit|fallen2|[silent]\n|switch|p2a: Clefable|Clefable, M|88\/100 slp\n|\n|upkeep\n|turn|30\n|\n|t:|1699748725\n|switch|p2a: Moltres|Moltres|100\/100\n|move|p1a: Kingambit|Swords Dance|p1a: Kingambit\n|-boost|p1a: Kingambit|atk|2\n|\n|upkeep\n|turn|31\n|\n|t:|1699748734\n|-terastallize|p1a: Kingambit|Flying\n|move|p2a: Moltres|Will-O-Wisp|p1a: Kingambit|[miss]\n|-miss|p2a: Moltres|p1a: Kingambit\n|move|p1a: Kingambit|Kowtow Cleave|p2a: Moltres\n|-damage|p2a: Moltres|0 fnt\n|faint|p2a: Moltres\n|\n|upkeep\n|c|\u2606holy goons|congrats on the luck\n|\n|t:|1699748752\n|switch|p2a: Dondozo|Dondozo, F, tera:Dragon|46\/100 psn\n|-damage|p2a: Dondozo|33\/100 psn|[from] Stealth Rock\n|turn|32\n|c|\u2606holy goons|you're still the same as everyone else\n|\n|t:|1699748769\n|move|p1a: Kingambit|Kowtow Cleave|p2a: Dondozo\n|-damage|p2a: Dondozo|0 fnt\n|faint|p2a: Dondozo\n|\n|upkeep\n|c|\u2606holy goons|you too all hips\n|-message|holy goons forfeited.\n|\n|win|Sinead's Hairline\n|raw|Sinead&apos;s Hairline's rating: 1634 &rarr; <strong>1649<\/strong><br \/>(+15 for winning)\n|raw|holy goons's rating: 1553 &rarr; <strong>1538<\/strong><br \/>(-15 for losing)\n|l|\u2606holy goons\n|c|\u2606Sinead's Hairline|youre awful bud\n","uploadtime":1699748787,"views":12,"p1id":"sineadshairline","p2id":"holygoons","formatid":"gen9ou","rating":1538,"private":0,"password":""}