{"id":"gen9ou-1991361842","p1":"ouvt poison heal","p2":"Aggron","format":"[Gen 9] OU","log":"|j|\u2606ouvt poison heal\n|j|\u2606Aggron\n|t:|1700070770\n|gametype|singles\n|player|p1|ouvt poison heal|elesa-masters2|1831\n|player|p2|Aggron|pokefan-gen4|1792\n|teamsize|p1|6\n|teamsize|p2|6\n|gen|9\n|tier|[Gen 9] OU\n|rated|\n|rule|Sleep Clause Mod: Limit one foe put to sleep\n|rule|Species Clause: Limit one of each Pok\u00e9mon\n|rule|OHKO Clause: OHKO moves are banned\n|rule|Evasion Items Clause: Evasion items are banned\n|rule|Evasion Moves Clause: Evasion moves are banned\n|rule|Endless Battle Clause: Forcing endless battles is banned\n|rule|HP Percentage Mod: HP is shown in percentages\n|clearpoke\n|poke|p1|Rillaboom, F|\n|poke|p1|Great Tusk|\n|poke|p1|Kingambit, F|\n|poke|p1|Zapdos|\n|poke|p1|Slowking-Galar, M|\n|poke|p1|Cinderace, M|\n|poke|p2|Sinistcha-Masterpiece|\n|poke|p2|Tyranitar, F|\n|poke|p2|Heatran, M|\n|poke|p2|Rillaboom, F|\n|poke|p2|Sneasler, F|\n|poke|p2|Samurott-Hisui, F|\n|teampreview\n|inactive|Battle timer is ON: inactive players will automatically lose when time's up. (requested by Aggron)\n|\n|t:|1700070782\n|start\n|switch|p1a: Cinderace|Cinderace, M|100\/100\n|switch|p2a: Sneasler|Sneasler, F, shiny|100\/100\n|turn|1\n|\n|t:|1700070789\n|move|p2a: Sneasler|Fake Out|p1a: Cinderace\n|-damage|p1a: Cinderace|84\/100\n|cant|p1a: Cinderace|flinch\n|\n|upkeep\n|turn|2\n|\n|t:|1700070797\n|switch|p1a: Slowking|Slowking-Galar, M|100\/100\n|move|p2a: Sneasler|U-turn|p1a: Slowking\n|-damage|p1a: Slowking|77\/100\n|c|\u2606ouvt poison heal|Thats a surprise\n|\n|t:|1700070812\n|switch|p2a: Tyranitar|Tyranitar, F, shiny|100\/100|[from] U-turn\n|-weather|Sandstorm|[from] ability: Sand Stream|[of] p2a: Tyranitar\n|\n|-weather|Sandstorm|[upkeep]\n|-damage|p1a: Slowking|71\/100|[from] Sandstorm\n|upkeep\n|turn|3\n|\n|t:|1700070819\n|switch|p1a: Great Tusk|Great Tusk|100\/100\n|move|p2a: Tyranitar|Ice Beam|p1a: Great Tusk\n|-supereffective|p1a: Great Tusk\n|-damage|p1a: Great Tusk|48\/100\n|\n|-weather|Sandstorm|[upkeep]\n|-heal|p1a: Great Tusk|54\/100|[from] item: Leftovers\n|upkeep\n|turn|4\n|\n|t:|1700070829\n|switch|p2a: Sinistcha|Sinistcha-Masterpiece|100\/100\n|move|p1a: Great Tusk|Ice Spinner|p2a: Sinistcha\n|-supereffective|p2a: Sinistcha\n|-damage|p2a: Sinistcha|71\/100\n|\n|-weather|Sandstorm|[upkeep]\n|-damage|p2a: Sinistcha|65\/100|[from] Sandstorm\n|-heal|p1a: Great Tusk|60\/100|[from] item: Leftovers\n|upkeep\n|turn|5\n|\n|t:|1700070838\n|-end|p1a: Great Tusk|Protosynthesis|[silent]\n|switch|p1a: Rillaboom|Rillaboom, F|100\/100\n|-fieldstart|move: Grassy Terrain|[from] ability: Grassy Surge|[of] p1a: Rillaboom\n|move|p2a: Sinistcha|Strength Sap|p1a: Rillaboom\n|-unboost|p1a: Rillaboom|atk|1\n|-heal|p2a: Sinistcha|100\/100\n|\n|-weather|Sandstorm|[upkeep]\n|-damage|p1a: Rillaboom|94\/100|[from] Sandstorm\n|-damage|p2a: Sinistcha|94\/100|[from] Sandstorm\n|-heal|p1a: Rillaboom|100\/100|[from] Grassy Terrain\n|-heal|p2a: Sinistcha|100\/100|[from] Grassy Terrain\n|upkeep\n|turn|6\n|\n|t:|1700070845\n|switch|p2a: Heatran|Heatran, M|100\/100\n|-item|p2a: Heatran|Air Balloon\n|move|p1a: Rillaboom|Knock Off|p2a: Heatran\n|-damage|p2a: Heatran|62\/100\n|-status|p1a: Rillaboom|brn|[from] ability: Flame Body|[of] p2a: Heatran\n|-enditem|p2a: Heatran|Air Balloon\n|\n|-weather|none\n|-heal|p2a: Heatran|69\/100|[from] Grassy Terrain\n|-damage|p1a: Rillaboom|94\/100 brn|[from] brn\n|upkeep\n|turn|7\n|\n|t:|1700070857\n|switch|p1a: Slowking|Slowking-Galar, M|100\/100\n|move|p2a: Heatran|Stealth Rock|p1a: Slowking\n|-sidestart|p1: ouvt poison heal|move: Stealth Rock\n|\n|-heal|p2a: Heatran|75\/100|[from] Grassy Terrain\n|upkeep\n|turn|8\n|\n|t:|1700070864\n|move|p2a: Heatran|Magma Storm|p1a: Slowking\n|-damage|p1a: Slowking|75\/100\n|-activate|p1a: Slowking|move: Magma Storm|[of] p2a: Heatran\n|move|p1a: Slowking|Surf|p2a: Heatran\n|-supereffective|p2a: Heatran\n|-damage|p2a: Heatran|18\/100\n|\n|-heal|p2a: Heatran|25\/100|[from] Grassy Terrain\n|-heal|p1a: Slowking|82\/100|[from] Grassy Terrain\n|-damage|p1a: Slowking|69\/100|[from] move: Magma Storm|[partiallytrapped]\n|upkeep\n|turn|9\n|\n|t:|1700070877\n|switch|p2a: Tyranitar|Tyranitar, F, shiny|100\/100\n|-weather|Sandstorm|[from] ability: Sand Stream|[of] p2a: Tyranitar\n|move|p1a: Slowking|Surf|p2a: Tyranitar\n|-supereffective|p2a: Tyranitar\n|-damage|p2a: Tyranitar|73\/100\n|\n|-weather|Sandstorm|[upkeep]\n|-damage|p1a: Slowking|63\/100|[from] Sandstorm\n|-heal|p2a: Tyranitar|79\/100|[from] Grassy Terrain\n|-heal|p1a: Slowking|69\/100|[from] Grassy Terrain\n|-end|p1a: Slowking|Magma Storm|[partiallytrapped]|[silent]\n|-fieldend|move: Grassy Terrain\n|upkeep\n|turn|10\n|\n|t:|1700070885\n|switch|p1a: Zapdos|Zapdos|100\/100\n|move|p2a: Tyranitar|Knock Off|p1a: Zapdos\n|-damage|p1a: Zapdos|56\/100\n|-status|p2a: Tyranitar|par|[from] ability: Static|[of] p1a: Zapdos\n|-enditem|p1a: Zapdos|Heavy-Duty Boots|[from] move: Knock Off|[of] p2a: Tyranitar\n|\n|-weather|Sandstorm|[upkeep]\n|-damage|p1a: Zapdos|50\/100|[from] Sandstorm\n|upkeep\n|turn|11\n|\n|t:|1700070895\n|move|p1a: Zapdos|Volt Switch|p2a: Tyranitar\n|-damage|p2a: Tyranitar|65\/100 par\n|\n|t:|1700070897\n|switch|p1a: Great Tusk|Great Tusk|60\/100|[from] Volt Switch\n|-damage|p1a: Great Tusk|57\/100|[from] Stealth Rock\n|move|p2a: Tyranitar|Rock Blast|p1a: Great Tusk\n|-resisted|p1a: Great Tusk\n|-damage|p1a: Great Tusk|55\/100\n|-resisted|p1a: Great Tusk\n|-damage|p1a: Great Tusk|53\/100\n|-hitcount|p1a: Great Tusk|2\n|\n|-weather|Sandstorm|[upkeep]\n|-heal|p1a: Great Tusk|59\/100|[from] item: Leftovers\n|upkeep\n|turn|12\n|\n|t:|1700070903\n|switch|p2a: Sinistcha|Sinistcha-Masterpiece|100\/100\n|move|p1a: Great Tusk|Headlong Rush|p2a: Sinistcha\n|-resisted|p2a: Sinistcha\n|-damage|p2a: Sinistcha|83\/100\n|-unboost|p1a: Great Tusk|def|1\n|-unboost|p1a: Great Tusk|spd|1\n|\n|-weather|Sandstorm|[upkeep]\n|-damage|p2a: Sinistcha|77\/100|[from] Sandstorm\n|-heal|p1a: Great Tusk|65\/100|[from] item: Leftovers\n|upkeep\n|turn|13\n|\n|t:|1700070911\n|-end|p1a: Great Tusk|Protosynthesis|[silent]\n|switch|p1a: Rillaboom|Rillaboom, F|94\/100 brn\n|-damage|p1a: Rillaboom|82\/100 brn|[from] Stealth Rock\n|-fieldstart|move: Grassy Terrain|[from] ability: Grassy Surge|[of] p1a: Rillaboom\n|move|p2a: Sinistcha|Matcha Gotcha|p1a: Rillaboom\n|-resisted|p1a: Rillaboom\n|-damage|p1a: Rillaboom|54\/100 brn\n|-heal|p2a: Sinistcha|91\/100|[from] drain|[of] p1a: Rillaboom\n|\n|-weather|none\n|-heal|p1a: Rillaboom|60\/100 brn|[from] Grassy Terrain\n|-heal|p2a: Sinistcha|97\/100|[from] Grassy Terrain\n|-damage|p1a: Rillaboom|54\/100 brn|[from] brn\n|upkeep\n|turn|14\n|j| SwabbyYabby\n|\n|t:|1700070917\n|switch|p2a: Sneasler|Sneasler, F, shiny|100\/100\n|move|p1a: Rillaboom|U-turn|p2a: Sneasler\n|-resisted|p2a: Sneasler\n|-damage|p2a: Sneasler|93\/100\n|\n|t:|1700070921\n|switch|p1a: Slowking|Slowking-Galar, M|100\/100|[from] U-turn\n|-damage|p1a: Slowking|88\/100|[from] Stealth Rock\n|\n|-heal|p2a: Sneasler|99\/100|[from] Grassy Terrain\n|-heal|p1a: Slowking|94\/100|[from] Grassy Terrain\n|upkeep\n|turn|15\n|\n|t:|1700070928\n|move|p2a: Sneasler|Fake Out|p1a: Slowking\n|-damage|p1a: Slowking|79\/100\n|cant|p1a: Slowking|flinch\n|\n|-heal|p2a: Sneasler|100\/100|[from] Grassy Terrain\n|-heal|p1a: Slowking|86\/100|[from] Grassy Terrain\n|upkeep\n|turn|16\n|\n|t:|1700070933\n|move|p2a: Sneasler|U-turn|p1a: Slowking\n|-damage|p1a: Slowking|59\/100\n|\n|t:|1700070940\n|switch|p2a: Tyranitar|Tyranitar, F, shiny|65\/100 par|[from] U-turn\n|-weather|Sandstorm|[from] ability: Sand Stream|[of] p2a: Tyranitar\n|move|p1a: Slowking|Sludge Bomb|p2a: Tyranitar\n|-resisted|p2a: Tyranitar\n|-damage|p2a: Tyranitar|56\/100 par\n|\n|-weather|Sandstorm|[upkeep]\n|-damage|p1a: Slowking|53\/100|[from] Sandstorm\n|-heal|p1a: Slowking|59\/100|[from] Grassy Terrain\n|-heal|p2a: Tyranitar|62\/100 par|[from] Grassy Terrain\n|upkeep\n|turn|17\n|\n|t:|1700070949\n|switch|p1a: Rillaboom|Rillaboom, F|54\/100 brn\n|-damage|p1a: Rillaboom|42\/100 brn|[from] Stealth Rock\n|move|p2a: Tyranitar|Ice Beam|p1a: Rillaboom\n|-supereffective|p1a: Rillaboom\n|-damage|p1a: Rillaboom|0 fnt\n|faint|p1a: Rillaboom\n|\n|-weather|Sandstorm|[upkeep]\n|-heal|p2a: Tyranitar|68\/100 par|[from] Grassy Terrain\n|-fieldend|move: Grassy Terrain\n|upkeep\n|\n|t:|1700070957\n|switch|p1a: Cinderace|Cinderace, M|84\/100\n|turn|18\n|j| Whiteout 75\n|\n|t:|1700070963\n|move|p1a: Cinderace|U-turn|p2a: Tyranitar\n|-supereffective|p2a: Tyranitar\n|-damage|p2a: Tyranitar|36\/100 par\n|\n|t:|1700070965\n|switch|p1a: Great Tusk|Great Tusk|65\/100|[from] U-turn\n|-damage|p1a: Great Tusk|62\/100|[from] Stealth Rock\n|move|p2a: Tyranitar|Knock Off|p1a: Great Tusk\n|-resisted|p1a: Great Tusk\n|-damage|p1a: Great Tusk|47\/100\n|-enditem|p1a: Great Tusk|Leftovers|[from] move: Knock Off|[of] p2a: Tyranitar\n|\n|-weather|Sandstorm|[upkeep]\n|upkeep\n|turn|19\n|\n|t:|1700070972\n|switch|p2a: Sinistcha|Sinistcha-Masterpiece|97\/100\n|move|p1a: Great Tusk|Ice Spinner|p2a: Sinistcha\n|-supereffective|p2a: Sinistcha\n|-damage|p2a: Sinistcha|63\/100\n|\n|-weather|Sandstorm|[upkeep]\n|-damage|p2a: Sinistcha|57\/100|[from] Sandstorm\n|upkeep\n|turn|20\n|\n|t:|1700070978\n|-end|p1a: Great Tusk|Protosynthesis|[silent]\n|switch|p1a: Slowking|Slowking-Galar, M|92\/100\n|-damage|p1a: Slowking|80\/100|[from] Stealth Rock\n|move|p2a: Sinistcha|Strength Sap|p1a: Slowking\n|-unboost|p1a: Slowking|atk|1\n|-heal|p2a: Sinistcha|92\/100\n|\n|-weather|none\n|upkeep\n|turn|21\n|j| Kidmental\n|\n|t:|1700070990\n|switch|p2a: Tyranitar|Tyranitar, F, shiny|36\/100 par\n|-weather|Sandstorm|[from] ability: Sand Stream|[of] p2a: Tyranitar\n|move|p1a: Slowking|Surf|p2a: Tyranitar\n|-supereffective|p2a: Tyranitar\n|-damage|p2a: Tyranitar|9\/100 par\n|\n|-weather|Sandstorm|[upkeep]\n|-damage|p1a: Slowking|74\/100|[from] Sandstorm\n|upkeep\n|turn|22\n|l| Kidmental\n|\n|t:|1700070999\n|move|p1a: Slowking|Surf|p2a: Tyranitar\n|-supereffective|p2a: Tyranitar\n|-damage|p2a: Tyranitar|0 fnt\n|faint|p2a: Tyranitar\n|\n|-weather|Sandstorm|[upkeep]\n|-damage|p1a: Slowking|67\/100|[from] Sandstorm\n|upkeep\n|j| Shunhan\n|\n|t:|1700071016\n|switch|p2a: Rillaboom|Rillaboom, F, shiny|100\/100\n|-fieldstart|move: Grassy Terrain|[from] ability: Grassy Surge|[of] p2a: Rillaboom\n|turn|23\n|\n|t:|1700071024\n|switch|p1a: Great Tusk|Great Tusk|47\/100\n|-damage|p1a: Great Tusk|44\/100|[from] Stealth Rock\n|move|p2a: Rillaboom|Knock Off|p1a: Great Tusk\n|-resisted|p1a: Great Tusk\n|-damage|p1a: Great Tusk|32\/100\n|\n|-weather|Sandstorm|[upkeep]\n|-damage|p2a: Rillaboom|94\/100|[from] Sandstorm\n|-heal|p1a: Great Tusk|38\/100|[from] Grassy Terrain\n|-heal|p2a: Rillaboom|100\/100|[from] Grassy Terrain\n|upkeep\n|turn|24\n|\n|t:|1700071033\n|switch|p2a: Sinistcha|Sinistcha-Masterpiece|92\/100\n|move|p1a: Great Tusk|Ice Spinner|p2a: Sinistcha\n|-supereffective|p2a: Sinistcha\n|-damage|p2a: Sinistcha|61\/100\n|-fieldend|move: Grassy Terrain\n|\n|-weather|Sandstorm|[upkeep]\n|-damage|p2a: Sinistcha|55\/100|[from] Sandstorm\n|upkeep\n|turn|25\n|\n|t:|1700071040\n|-end|p1a: Great Tusk|Protosynthesis|[silent]\n|switch|p1a: Slowking|Slowking-Galar, M|100\/100\n|-damage|p1a: Slowking|88\/100|[from] Stealth Rock\n|move|p2a: Sinistcha|Strength Sap|p1a: Slowking\n|-unboost|p1a: Slowking|atk|1\n|-heal|p2a: Sinistcha|90\/100\n|\n|-weather|none\n|upkeep\n|turn|26\n|\n|t:|1700071047\n|switch|p2a: Heatran|Heatran, M|25\/100\n|move|p1a: Slowking|Sludge Bomb|p2a: Heatran\n|-immune|p2a: Heatran\n|\n|upkeep\n|turn|27\n|\n|t:|1700071057\n|switch|p2a: Rillaboom|Rillaboom, F, shiny|100\/100\n|-fieldstart|move: Grassy Terrain|[from] ability: Grassy Surge|[of] p2a: Rillaboom\n|move|p1a: Slowking|Surf|p2a: Rillaboom\n|-resisted|p2a: Rillaboom\n|-damage|p2a: Rillaboom|84\/100\n|\n|-heal|p2a: Rillaboom|90\/100|[from] Grassy Terrain\n|-heal|p1a: Slowking|94\/100|[from] Grassy Terrain\n|upkeep\n|turn|28\n|j| vhkv\n|\n|t:|1700071076\n|move|p2a: Rillaboom|High Horsepower|p1a: Slowking\n|-supereffective|p1a: Slowking\n|-damage|p1a: Slowking|0 fnt\n|faint|p1a: Slowking\n|\n|-heal|p2a: Rillaboom|96\/100|[from] Grassy Terrain\n|upkeep\n|\n|t:|1700071079\n|switch|p1a: Zapdos|Zapdos|50\/100\n|-damage|p1a: Zapdos|25\/100|[from] Stealth Rock\n|turn|29\n|\n|t:|1700071082\n|switch|p2a: Sneasler|Sneasler, F, shiny|100\/100\n|move|p1a: Zapdos|Roost|p1a: Zapdos\n|-heal|p1a: Zapdos|75\/100\n|-singleturn|p1a: Zapdos|move: Roost\n|\n|-heal|p1a: Zapdos|81\/100|[from] Grassy Terrain\n|upkeep\n|turn|30\n|\n|t:|1700071092\n|switch|p1a: Great Tusk|Great Tusk|38\/100\n|-damage|p1a: Great Tusk|35\/100|[from] Stealth Rock\n|move|p2a: Sneasler|Fake Out|p1a: Great Tusk\n|-damage|p1a: Great Tusk|27\/100\n|\n|-heal|p1a: Great Tusk|33\/100|[from] Grassy Terrain\n|upkeep\n|turn|31\n|\n|t:|1700071098\n|-terastallize|p2a: Sneasler|Fighting\n|move|p2a: Sneasler|Close Combat|p1a: Great Tusk\n|-damage|p1a: Great Tusk|0 fnt\n|-unboost|p2a: Sneasler|def|1\n|-unboost|p2a: Sneasler|spd|1\n|faint|p1a: Great Tusk\n|-end|p1a: Great Tusk|Protosynthesis|[silent]\n|\n|-fieldend|move: Grassy Terrain\n|upkeep\n|\n|t:|1700071102\n|switch|p1a: Zapdos|Zapdos|81\/100\n|-damage|p1a: Zapdos|56\/100|[from] Stealth Rock\n|turn|32\n|\n|t:|1700071112\n|move|p2a: Sneasler|Dire Claw|p1a: Zapdos\n|-damage|p1a: Zapdos|21\/100\n|-status|p1a: Zapdos|slp\n|cant|p1a: Zapdos|slp\n|\n|upkeep\n|turn|33\n|c|\u2606ouvt poison heal|Bruh\n|\n|t:|1700071128\n|move|p2a: Sneasler|Close Combat|p1a: Zapdos\n|-resisted|p1a: Zapdos\n|-damage|p1a: Zapdos|0 fnt\n|-unboost|p2a: Sneasler|def|1\n|-unboost|p2a: Sneasler|spd|1\n|faint|p1a: Zapdos\n|\n|upkeep\n|\n|t:|1700071135\n|switch|p1a: Kingambit|Kingambit, F|100\/100\n|-damage|p1a: Kingambit|94\/100|[from] Stealth Rock\n|-activate|p1a: Kingambit|ability: Supreme Overlord\n|-start|p1a: Kingambit|fallen4|[silent]\n|turn|34\n|\n|t:|1700071139\n|switch|p2a: Samurott|Samurott-Hisui, F|100\/100\n|move|p1a: Kingambit|Sucker Punch||[still]\n|-fail|p1a: Kingambit\n|\n|upkeep\n|turn|35\n|\n|t:|1700071153\n|-end|p1a: Kingambit|fallen4|[silent]\n|switch|p1a: Cinderace|Cinderace, M|84\/100\n|move|p2a: Samurott|Encore||[still]\n|-fail|p2a: Samurott\n|\n|upkeep\n|turn|36\n|\n|t:|1700071162\n|switch|p2a: Sinistcha|Sinistcha-Masterpiece|90\/100\n|move|p1a: Cinderace|Court Change|p1a: Cinderace\n|-swapsideconditions\n|-activate|p1a: Cinderace|move: Court Change\n|\n|upkeep\n|turn|37\n|\n|t:|1700071168\n|move|p1a: Cinderace|Pyro Ball|p2a: Sinistcha\n|-supereffective|p2a: Sinistcha\n|-damage|p2a: Sinistcha|59\/100\n|move|p2a: Sinistcha|Matcha Gotcha|p1a: Cinderace\n|-resisted|p1a: Cinderace\n|-damage|p1a: Cinderace|63\/100\n|-heal|p2a: Sinistcha|69\/100|[from] drain|[of] p1a: Cinderace\n|\n|upkeep\n|turn|38\n|\n|t:|1700071174\n|move|p1a: Cinderace|Will-O-Wisp|p2a: Sinistcha\n|-status|p2a: Sinistcha|brn\n|move|p2a: Sinistcha|Strength Sap|p1a: Cinderace\n|-unboost|p1a: Cinderace|atk|1\n|-heal|p2a: Sinistcha|100\/100 brn\n|\n|-damage|p2a: Sinistcha|98\/100 brn|[from] brn\n|upkeep\n|turn|39\n|\n|t:|1700071179\n|move|p1a: Cinderace|Pyro Ball|p2a: Sinistcha\n|-supereffective|p2a: Sinistcha\n|-damage|p2a: Sinistcha|76\/100 brn\n|move|p2a: Sinistcha|Matcha Gotcha|p1a: Cinderace\n|-resisted|p1a: Cinderace\n|-damage|p1a: Cinderace|44\/100\n|-heal|p2a: Sinistcha|86\/100 brn|[from] drain|[of] p1a: Cinderace\n|\n|-damage|p2a: Sinistcha|83\/100 brn|[from] brn\n|upkeep\n|turn|40\n|j| Little Cuack\n|\n|t:|1700071186\n|move|p1a: Cinderace|Pyro Ball|p2a: Sinistcha\n|-supereffective|p2a: Sinistcha\n|-damage|p2a: Sinistcha|60\/100 brn\n|move|p2a: Sinistcha|Matcha Gotcha|p1a: Cinderace\n|-resisted|p1a: Cinderace\n|-damage|p1a: Cinderace|24\/100\n|-heal|p2a: Sinistcha|70\/100 brn|[from] drain|[of] p1a: Cinderace\n|\n|-damage|p2a: Sinistcha|68\/100 brn|[from] brn\n|upkeep\n|turn|41\n|j| RokRoh\n|\n|t:|1700071194\n|move|p1a: Cinderace|Pyro Ball|p2a: Sinistcha\n|-supereffective|p2a: Sinistcha\n|-damage|p2a: Sinistcha|34\/100 brn\n|move|p2a: Sinistcha|Hex|p1a: Cinderace\n|-damage|p1a: Cinderace|0 fnt\n|faint|p1a: Cinderace\n|\n|-damage|p2a: Sinistcha|31\/100 brn|[from] brn\n|upkeep\n|\n|t:|1700071196\n|switch|p1a: Kingambit|Kingambit, F|94\/100\n|-activate|p1a: Kingambit|ability: Supreme Overlord\n|-start|p1a: Kingambit|fallen5|[silent]\n|turn|42\n|\n|t:|1700071204\n|switch|p2a: Samurott|Samurott-Hisui, F|100\/100\n|move|p1a: Kingambit|Swords Dance|p1a: Kingambit\n|-boost|p1a: Kingambit|atk|2\n|\n|upkeep\n|turn|43\n|\n|t:|1700071216\n|move|p2a: Samurott|Encore|p1a: Kingambit\n|-start|p1a: Kingambit|Encore\n|move|p1a: Kingambit|Swords Dance|p1a: Kingambit\n|-boost|p1a: Kingambit|atk|2\n|\n|upkeep\n|turn|44\n|j| ThecopyNyynja\n|\n|t:|1700071221\n|-terastallize|p1a: Kingambit|Flying\n|move|p2a: Samurott|Sacred Sword|p1a: Kingambit\n|-resisted|p1a: Kingambit\n|-damage|p1a: Kingambit|78\/100\n|move|p1a: Kingambit|Swords Dance|p1a: Kingambit\n|-boost|p1a: Kingambit|atk|2\n|\n|upkeep\n|turn|45\n|-message|ouvt poison heal forfeited.\n|\n|win|Aggron\n|raw|ouvt poison heal's rating: 1831 &rarr; <strong>1809<\/strong><br \/>(-22 for losing)\n|raw|Aggron's rating: 1792 &rarr; <strong>1814<\/strong><br \/>(+22 for winning)\n|l|\u2606ouvt poison heal\n|l| Little Cuack\n|l| Whiteout 75\n","uploadtime":1700071243,"views":13,"p1id":"ouvtpoisonheal","p2id":"aggron","formatid":"gen9ou","rating":1809,"private":0,"password":""}