{"id":"gen9ou-1991562371","p1":"moaisito","p2":"CyberH3","format":"[Gen 9] OU","log":"|j|\u2606moaisito\n|j|\u2606CyberH3\n|t:|1700088639\n|gametype|singles\n|player|p1|moaisito|red|1328\n|player|p2|CyberH3|mars|1271\n|teamsize|p1|6\n|teamsize|p2|6\n|gen|9\n|tier|[Gen 9] OU\n|rated|\n|rule|Sleep Clause Mod: Limit one foe put to sleep\n|rule|Species Clause: Limit one of each Pok\u00e9mon\n|rule|OHKO Clause: OHKO moves are banned\n|rule|Evasion Items Clause: Evasion items are banned\n|rule|Evasion Moves Clause: Evasion moves are banned\n|rule|Endless Battle Clause: Forcing endless battles is banned\n|rule|HP Percentage Mod: HP is shown in percentages\n|clearpoke\n|poke|p1|Pelipper, M|\n|poke|p1|Appletun, F|\n|poke|p1|Ogerpon-Wellspring, F|\n|poke|p1|Thundurus-Therian, M|\n|poke|p1|Basculegion-F, F|\n|poke|p1|Scizor, F|\n|poke|p2|Goodra-Hisui, M|\n|poke|p2|Scizor, F|\n|poke|p2|Mimikyu, F|\n|poke|p2|Iron Valiant|\n|poke|p2|Talonflame, F|\n|poke|p2|Lokix, M|\n|teampreview\n|j| PolarKnight3739\n|\n|t:|1700088656\n|start\n|switch|p1a: Pelipper|Pelipper, M|100\/100\n|switch|p2a: R-TRUS|Iron Valiant|100\/100\n|-weather|RainDance|[from] ability: Drizzle|[of] p1a: Pelipper\n|-enditem|p2a: R-TRUS|Booster Energy\n|-activate|p2a: R-TRUS|ability: Quark Drive|[fromitem]\n|-start|p2a: R-TRUS|quarkdrivespe\n|turn|1\n|\n|t:|1700088659\n|switch|p1a: Scizor|Scizor, F|100\/100\n|move|p2a: R-TRUS|Thunderbolt|p1a: Scizor\n|-damage|p1a: Scizor|63\/100\n|\n|-weather|RainDance|[upkeep]\n|-heal|p1a: Scizor|69\/100|[from] item: Leftovers\n|upkeep\n|turn|2\n|\n|t:|1700088665\n|-end|p2a: R-TRUS|Quark Drive|[silent]\n|switch|p2a: Snailtare|Goodra-Hisui, M|100\/100\n|move|p1a: Scizor|Bullet Punch|p2a: Snailtare\n|-resisted|p2a: Snailtare\n|-damage|p2a: Snailtare|85\/100\n|\n|-weather|RainDance|[upkeep]\n|-heal|p1a: Scizor|75\/100|[from] item: Leftovers\n|-heal|p2a: Snailtare|91\/100|[from] item: Leftovers\n|upkeep\n|turn|3\n|\n|t:|1700088670\n|move|p1a: Scizor|U-turn|p2a: Snailtare\n|-resisted|p2a: Snailtare\n|-damage|p2a: Snailtare|72\/100\n|\n|t:|1700088674\n|switch|p1a: Appletun|Appletun, F|100\/100|[from] U-turn\n|move|p2a: Snailtare|Flamethrower|p1a: Appletun\n|-damage|p1a: Appletun|95\/100\n|\n|-weather|RainDance|[upkeep]\n|-heal|p2a: Snailtare|78\/100|[from] item: Leftovers\n|-heal|p1a: Appletun|100\/100|[from] item: Leftovers\n|upkeep\n|turn|4\n|\n|t:|1700088678\n|move|p2a: Snailtare|Ice Beam|p1a: Appletun\n|-supereffective|p1a: Appletun\n|-crit|p1a: Appletun\n|-damage|p1a: Appletun|38\/100\n|move|p1a: Appletun|Leech Seed|p2a: Snailtare\n|-ability|p2a: Snailtare|Sap Sipper|boost\n|-boost|p2a: Snailtare|atk|1\n|\n|-weather|RainDance|[upkeep]\n|-heal|p2a: Snailtare|84\/100|[from] item: Leftovers\n|-heal|p1a: Appletun|44\/100|[from] item: Leftovers\n|upkeep\n|turn|5\n|\n|t:|1700088685\n|move|p1a: Appletun|Protect|p1a: Appletun\n|-singleturn|p1a: Appletun|Protect\n|move|p2a: Snailtare|Ice Beam|p1a: Appletun\n|-activate|p1a: Appletun|move: Protect\n|\n|-weather|RainDance|[upkeep]\n|-heal|p2a: Snailtare|90\/100|[from] item: Leftovers\n|-heal|p1a: Appletun|50\/100|[from] item: Leftovers\n|upkeep\n|turn|6\n|\n|t:|1700088706\n|switch|p1a: Basculegion|Basculegion-F, F|100\/100\n|move|p2a: Snailtare|Flamethrower|p1a: Basculegion\n|-resisted|p1a: Basculegion\n|-damage|p1a: Basculegion|93\/100\n|\n|-weather|RainDance|[upkeep]\n|-heal|p2a: Snailtare|96\/100|[from] item: Leftovers\n|upkeep\n|turn|7\n|\n|t:|1700088712\n|move|p1a: Basculegion|Shadow Ball|p2a: Snailtare\n|-damage|p2a: Snailtare|55\/100\n|move|p2a: Snailtare|Draco Meteor|p1a: Basculegion\n|-damage|p1a: Basculegion|16\/100\n|-unboost|p2a: Snailtare|spa|2\n|\n|-weather|RainDance|[upkeep]\n|-heal|p2a: Snailtare|61\/100|[from] item: Leftovers\n|upkeep\n|turn|8\n|\n|t:|1700088722\n|move|p1a: Basculegion|Shadow Ball|p2a: Snailtare\n|-damage|p2a: Snailtare|21\/100\n|-unboost|p2a: Snailtare|spd|1\n|move|p2a: Snailtare|Draco Meteor|p1a: Basculegion\n|-damage|p1a: Basculegion|0 fnt\n|-unboost|p2a: Snailtare|spa|2\n|faint|p1a: Basculegion\n|\n|-weather|none\n|-heal|p2a: Snailtare|27\/100|[from] item: Leftovers\n|upkeep\n|\n|t:|1700088728\n|switch|p1a: Ogerpon|Ogerpon-Wellspring, F|100\/100\n|turn|9\n|\n|t:|1700088732\n|move|p1a: Ogerpon|Swords Dance|p1a: Ogerpon\n|-boost|p1a: Ogerpon|atk|2\n|move|p2a: Snailtare|Flamethrower|p1a: Ogerpon\n|-damage|p1a: Ogerpon|89\/100\n|\n|-heal|p2a: Snailtare|33\/100|[from] item: Leftovers\n|upkeep\n|turn|10\n|\n|t:|1700088741\n|move|p1a: Ogerpon|Ivy Cudgel|p2a: Snailtare|[anim] Ivy Cudgel Water\n|-resisted|p2a: Snailtare\n|-damage|p2a: Snailtare|0 fnt\n|faint|p2a: Snailtare\n|\n|upkeep\n|\n|t:|1700088746\n|switch|p2a: The XO|Talonflame, F|100\/100\n|turn|11\n|\n|t:|1700088751\n|-terastallize|p1a: Ogerpon|Water\n|detailschange|p1a: Ogerpon|Ogerpon-Wellspring-Tera, F, tera:Water\n|-ability|p1a: Ogerpon|Embody Aspect (Wellspring)|boost\n|-boost|p1a: Ogerpon|spd|1\n|move|p2a: The XO|Brave Bird|p1a: Ogerpon\n|-damage|p1a: Ogerpon|34\/100\n|-damage|p2a: The XO|82\/100|[from] Recoil\n|move|p1a: Ogerpon|Trailblaze|p2a: The XO\n|-resisted|p2a: The XO\n|-damage|p2a: The XO|59\/100\n|-boost|p1a: Ogerpon|spe|1\n|\n|-heal|p2a: The XO|65\/100|[from] item: Leftovers\n|upkeep\n|turn|12\n|\n|t:|1700088764\n|move|p1a: Ogerpon|Ivy Cudgel|p2a: The XO|[anim] Ivy Cudgel Water\n|-supereffective|p2a: The XO\n|-damage|p2a: The XO|0 fnt\n|faint|p2a: The XO\n|\n|upkeep\n|\n|t:|1700088767\n|switch|p2a: Morf LeRosh|Lokix, M|100\/100\n|turn|13\n|\n|t:|1700088785\n|switch|p1a: Scizor|Scizor, F|75\/100\n|move|p2a: Morf LeRosh|First Impression|p1a: Scizor\n|-resisted|p1a: Scizor\n|-damage|p1a: Scizor|27\/100\n|-damage|p2a: Morf LeRosh|91\/100|[from] item: Life Orb\n|\n|-heal|p1a: Scizor|33\/100|[from] item: Leftovers\n|upkeep\n|turn|14\n|\n|t:|1700088793\n|move|p2a: Morf LeRosh|U-turn|p1a: Scizor\n|-resisted|p1a: Scizor\n|-damage|p1a: Scizor|0 fnt\n|faint|p1a: Scizor\n|-damage|p2a: Morf LeRosh|81\/100|[from] item: Life Orb\n|\n|t:|1700088799\n|switch|p2a: R-TRUS|Iron Valiant|100\/100|[from] U-turn\n|\n|upkeep\n|\n|t:|1700088807\n|switch|p1a: Appletun|Appletun, F|50\/100\n|turn|15\n|\n|t:|1700088812\n|move|p2a: R-TRUS|Moonblast|p1a: Appletun\n|-supereffective|p1a: Appletun\n|-damage|p1a: Appletun|0 fnt\n|faint|p1a: Appletun\n|\n|upkeep\n|\n|t:|1700088816\n|switch|p1a: Pelipper|Pelipper, M|100\/100\n|-weather|RainDance|[from] ability: Drizzle|[of] p1a: Pelipper\n|turn|16\n|\n|t:|1700088819\n|move|p2a: R-TRUS|Thunderbolt|p1a: Pelipper\n|-supereffective|p1a: Pelipper\n|-damage|p1a: Pelipper|0 fnt\n|faint|p1a: Pelipper\n|\n|-weather|RainDance|[upkeep]\n|upkeep\n|\n|t:|1700088822\n|switch|p1a: Thundurus|Thundurus-Therian, M|100\/100\n|turn|17\n|\n|t:|1700088831\n|move|p2a: R-TRUS|Moonblast|p1a: Thundurus\n|-damage|p1a: Thundurus|41\/100\n|-unboost|p1a: Thundurus|spa|1\n|move|p1a: Thundurus|Thunder|p2a: R-TRUS\n|-damage|p2a: R-TRUS|0 fnt\n|faint|p2a: R-TRUS\n|-end|p2a: R-TRUS|Quark Drive|[silent]\n|-damage|p1a: Thundurus|31\/100|[from] item: Life Orb\n|\n|-weather|RainDance|[upkeep]\n|upkeep\n|\n|t:|1700088843\n|switch|p2a: Morf LeRosh|Lokix, M|81\/100\n|turn|18\n|\n|t:|1700088847\n|switch|p1a: Ogerpon|Ogerpon-Wellspring-Tera, F, tera:Water|34\/100\n|-ability|p1a: Ogerpon|Embody Aspect (Wellspring)|boost\n|-boost|p1a: Ogerpon|spd|1\n|move|p2a: Morf LeRosh|First Impression|p1a: Ogerpon\n|-damage|p1a: Ogerpon|0 fnt\n|faint|p1a: Ogerpon\n|-damage|p2a: Morf LeRosh|71\/100|[from] item: Life Orb\n|\n|-weather|RainDance|[upkeep]\n|upkeep\n|\n|t:|1700088851\n|switch|p1a: Thundurus|Thundurus-Therian, M|31\/100\n|turn|19\n|\n|t:|1700088855\n|move|p1a: Thundurus|Thunder|p2a: Morf LeRosh\n|-damage|p2a: Morf LeRosh|0 fnt\n|faint|p2a: Morf LeRosh\n|-damage|p1a: Thundurus|22\/100|[from] item: Life Orb\n|\n|-weather|RainDance|[upkeep]\n|upkeep\n|\n|t:|1700088859\n|switch|p2a: Eat With Scissors|Scizor, F|100\/100\n|turn|20\n|\n|t:|1700088862\n|-terastallize|p2a: Eat With Scissors|Steel\n|move|p2a: Eat With Scissors|Bullet Punch|p1a: Thundurus\n|-resisted|p1a: Thundurus\n|-damage|p1a: Thundurus|0 fnt\n|faint|p1a: Thundurus\n|-damage|p2a: Eat With Scissors|91\/100|[from] item: Life Orb\n|\n|win|CyberH3\n|raw|moaisito's rating: 1328 &rarr; <strong>1305<\/strong><br \/>(-23 for losing)\n|raw|CyberH3's rating: 1271 &rarr; <strong>1300<\/strong><br \/>(+29 for winning)\n","uploadtime":1700088870,"views":20,"p1id":"moaisito","p2id":"cyberh3","formatid":"gen9ou","rating":1300,"private":0,"password":""}