{"id":"gen9ou-1993725169","p1":"SamTheSwan","p2":"Bruhiwanttofight","format":"[Gen 9] OU","log":"|j|\u2606SamTheSwan\n|j|\u2606Bruhiwanttofight\n|t:|1700349862\n|gametype|singles\n|player|p1|SamTheSwan|lucas|1358\n|player|p2|Bruhiwanttofight|1|1394\n|teamsize|p1|6\n|teamsize|p2|6\n|gen|9\n|tier|[Gen 9] OU\n|rated|\n|rule|Sleep Clause Mod: Limit one foe put to sleep\n|rule|Species Clause: Limit one of each Pok\u00e9mon\n|rule|OHKO Clause: OHKO moves are banned\n|rule|Evasion Items Clause: Evasion items are banned\n|rule|Evasion Moves Clause: Evasion moves are banned\n|rule|Endless Battle Clause: Forcing endless battles is banned\n|rule|HP Percentage Mod: HP is shown in percentages\n|clearpoke\n|poke|p1|Mamoswine, F|\n|poke|p1|Skeledirge, M|\n|poke|p1|Dragonite, M|\n|poke|p1|Iron Valiant|\n|poke|p1|Greninja-*, M|\n|poke|p1|Glimmora, M|\n|poke|p2|Landorus-Therian, M|\n|poke|p2|Hydreigon, F|\n|poke|p2|Thundurus-Therian, M|\n|poke|p2|Heatran, F|\n|poke|p2|Crawdaunt, M|\n|poke|p2|Hatterene, F|\n|teampreview\n|inactive|Battle timer is ON: inactive players will automatically lose when time's up. (requested by SamTheSwan)\n|inactive|Bruhiwanttofight also wants the timer to be on.\n|\n|t:|1700349876\n|start\n|switch|p1a: Manny from Ice Age|Mamoswine, F|100\/100\n|switch|p2a: Heatran|Heatran, F|100\/100\n|turn|1\n|\n|t:|1700349889\n|switch|p2a: Crawdaunt|Crawdaunt, M|100\/100\n|move|p1a: Manny from Ice Age|Earthquake|p2a: Crawdaunt\n|-crit|p2a: Crawdaunt\n|-damage|p2a: Crawdaunt|4\/100\n|\n|upkeep\n|turn|2\n|\n|t:|1700349897\n|move|p1a: Manny from Ice Age|Ice Shard|p2a: Crawdaunt\n|-resisted|p2a: Crawdaunt\n|-damage|p2a: Crawdaunt|0 fnt\n|faint|p2a: Crawdaunt\n|\n|upkeep\n|\n|t:|1700349905\n|switch|p2a: Hydreigon|Hydreigon, F|100\/100\n|turn|3\n|\n|t:|1700349908\n|-terastallize|p2a: Hydreigon|Steel\n|move|p2a: Hydreigon|Flash Cannon|p1a: Manny from Ice Age\n|-supereffective|p1a: Manny from Ice Age\n|-enditem|p1a: Manny from Ice Age|Focus Sash\n|-damage|p1a: Manny from Ice Age|1\/100\n|move|p1a: Manny from Ice Age|Icicle Crash|p2a: Hydreigon\n|-resisted|p2a: Hydreigon\n|-damage|p2a: Hydreigon|75\/100\n|\n|-heal|p2a: Hydreigon|81\/100|[from] item: Leftovers\n|upkeep\n|turn|4\n|\n|t:|1700349919\n|move|p1a: Manny from Ice Age|Ice Shard|p2a: Hydreigon\n|-resisted|p2a: Hydreigon\n|-damage|p2a: Hydreigon|68\/100\n|move|p2a: Hydreigon|Nasty Plot|p2a: Hydreigon\n|-boost|p2a: Hydreigon|spa|2\n|\n|-heal|p2a: Hydreigon|74\/100|[from] item: Leftovers\n|upkeep\n|turn|5\n|\n|t:|1700349926\n|move|p1a: Manny from Ice Age|Ice Shard|p2a: Hydreigon\n|-resisted|p2a: Hydreigon\n|-damage|p2a: Hydreigon|61\/100\n|move|p2a: Hydreigon|Dark Pulse|p1a: Manny from Ice Age\n|-damage|p1a: Manny from Ice Age|0 fnt\n|faint|p1a: Manny from Ice Age\n|\n|-heal|p2a: Hydreigon|68\/100|[from] item: Leftovers\n|upkeep\n|\n|t:|1700349935\n|switch|p1a: Skeledirge|Skeledirge, M|100\/100\n|turn|6\n|\n|t:|1700349944\n|move|p2a: Hydreigon|Dark Pulse|p1a: Skeledirge\n|-supereffective|p1a: Skeledirge\n|-damage|p1a: Skeledirge|37\/100\n|move|p1a: Skeledirge|Torch Song|p2a: Hydreigon\n|-supereffective|p2a: Hydreigon\n|-damage|p2a: Hydreigon|0 fnt\n|-boost|p1a: Skeledirge|spa|1\n|faint|p2a: Hydreigon\n|\n|upkeep\n|\n|t:|1700349955\n|switch|p2a: Landorus|Landorus-Therian, M|100\/100\n|-ability|p2a: Landorus|Intimidate|boost\n|-unboost|p1a: Skeledirge|atk|1\n|turn|7\n|\n|t:|1700349960\n|move|p2a: Landorus|Earthquake|p1a: Skeledirge\n|-supereffective|p1a: Skeledirge\n|-damage|p1a: Skeledirge|0 fnt\n|faint|p1a: Skeledirge\n|\n|upkeep\n|\n|t:|1700349968\n|switch|p1a: Greninja|Greninja, M|100\/100\n|turn|8\n|\n|t:|1700349976\n|switch|p2a: Hatterene|Hatterene, F|100\/100\n|move|p1a: Greninja|Hydro Pump|p2a: Hatterene\n|-damage|p2a: Hatterene|55\/100\n|-enditem|p2a: Hatterene|Eject Button\n|-damage|p1a: Greninja|91\/100|[from] item: Life Orb\n|\n|t:|1700349982\n|switch|p2a: Thundurus|Thundurus-Therian, M|100\/100\n|\n|upkeep\n|turn|9\n|\n|t:|1700349990\n|switch|p1a: Glimmora|Glimmora, M|100\/100\n|move|p2a: Thundurus|Thunderbolt|p1a: Glimmora\n|-damage|p1a: Glimmora|5\/100\n|-damage|p2a: Thundurus|91\/100|[from] item: Life Orb\n|\n|upkeep\n|turn|10\n|\n|t:|1700349998\n|move|p1a: Glimmora|Power Gem|p2a: Thundurus\n|-supereffective|p2a: Thundurus\n|-damage|p2a: Thundurus|0 fnt\n|faint|p2a: Thundurus\n|\n|upkeep\n|\n|t:|1700350005\n|switch|p2a: Landorus|Landorus-Therian, M|100\/100\n|-ability|p2a: Landorus|Intimidate|boost\n|-unboost|p1a: Glimmora|atk|1\n|turn|11\n|\n|t:|1700350011\n|move|p1a: Glimmora|Power Gem|p2a: Landorus\n|-damage|p2a: Landorus|49\/100\n|move|p2a: Landorus|Taunt|p1a: Glimmora\n|-start|p1a: Glimmora|move: Taunt\n|\n|-heal|p2a: Landorus|55\/100|[from] item: Leftovers\n|upkeep\n|turn|12\n|\n|t:|1700350015\n|switch|p2a: Heatran|Heatran, F|100\/100\n|move|p1a: Glimmora|Power Gem|p2a: Heatran\n|-damage|p2a: Heatran|63\/100\n|\n|-heal|p2a: Heatran|69\/100|[from] item: Leftovers\n|upkeep\n|turn|13\n|\n|t:|1700350021\n|move|p1a: Glimmora|Power Gem|p2a: Heatran\n|-damage|p2a: Heatran|35\/100\n|move|p2a: Heatran|Magma Storm|p1a: Glimmora|[miss]\n|-miss|p2a: Heatran|p1a: Glimmora\n|\n|-heal|p2a: Heatran|41\/100|[from] item: Leftovers\n|upkeep\n|turn|14\n|\n|t:|1700350025\n|move|p1a: Glimmora|Power Gem|p2a: Heatran\n|-damage|p2a: Heatran|7\/100\n|move|p2a: Heatran|Magma Storm|p1a: Glimmora\n|-resisted|p1a: Glimmora\n|-damage|p1a: Glimmora|0 fnt\n|faint|p1a: Glimmora\n|\n|-heal|p2a: Heatran|13\/100|[from] item: Leftovers\n|upkeep\n|-message|Bruhiwanttofight forfeited.\n|\n|win|SamTheSwan\n|raw|SamTheSwan's rating: 1358 &rarr; <strong>1380<\/strong><br \/>(+22 for winning)\n|raw|Bruhiwanttofight's rating: 1394 &rarr; <strong>1372<\/strong><br \/>(-22 for losing)\n|l|\u2606Bruhiwanttofight\n","uploadtime":1700350036,"views":17,"p1id":"samtheswan","p2id":"bruhiwanttofight","formatid":"gen9ou","rating":1372,"private":0,"password":""}