{"id":"gen9ou-2000094771","p1":"Petenshi","p2":"whichjuanz","format":"[Gen 9] OU","log":"|j|\u2606Petenshi\n|j|\u2606whichjuanz\n|t:|1701153755\n|gametype|singles\n|player|p1|Petenshi|102|1401\n|player|p2|whichjuanz|hiker-gen4|1460\n|teamsize|p1|6\n|teamsize|p2|6\n|gen|9\n|tier|[Gen 9] OU\n|rated|\n|rule|Sleep Clause Mod: Limit one foe put to sleep\n|rule|Species Clause: Limit one of each Pok\u00e9mon\n|rule|OHKO Clause: OHKO moves are banned\n|rule|Evasion Items Clause: Evasion items are banned\n|rule|Evasion Moves Clause: Evasion moves are banned\n|rule|Endless Battle Clause: Forcing endless battles is banned\n|rule|HP Percentage Mod: HP is shown in percentages\n|clearpoke\n|poke|p1|Clefable, M|\n|poke|p1|Toxapex, M|\n|poke|p1|Heatran, M|\n|poke|p1|Great Tusk|\n|poke|p1|Corviknight, M|\n|poke|p1|Meowscarada, F|\n|poke|p2|Primeape, M|\n|poke|p2|Alomomola, M|\n|poke|p2|Pawmot, M|\n|poke|p2|Gardevoir, M|\n|poke|p2|Maushold-Four|\n|poke|p2|Kingambit, F|\n|teampreview\n|inactive|Battle timer is ON: inactive players will automatically lose when time's up. (requested by whichjuanz)\n|\n|t:|1701153761\n|start\n|switch|p1a: Meowscarada|Meowscarada, F|100\/100\n|switch|p2a: Maushold|Maushold-Four|100\/100\n|turn|1\n|\n|t:|1701153771\n|move|p1a: Meowscarada|U-turn|p2a: Maushold\n|-start|p1a: Meowscarada|typechange|Bug|[from] ability: Protean\n|-damage|p2a: Maushold|49\/100\n|\n|t:|1701153773\n|switch|p1a: Corviknight|Corviknight, M|100\/100|[from] U-turn\n|-ability|p1a: Corviknight|Pressure\n|move|p2a: Maushold|Population Bomb|p1a: Corviknight\n|-resisted|p1a: Corviknight\n|-damage|p1a: Corviknight|97\/100\n|-hitcount|p1a: Corviknight|1\n|\n|-heal|p1a: Corviknight|100\/100|[from] item: Leftovers\n|upkeep\n|turn|2\n|\n|t:|1701153777\n|switch|p2a: Gardevoir|Gardevoir, M|100\/100\n|-ability|p2a: Gardevoir|Pressure\n|-ability|p2a: Gardevoir|Pressure|[from] ability: Trace|[of] p1a: Corviknight\n|move|p1a: Corviknight|Brave Bird|p2a: Gardevoir\n|-damage|p2a: Gardevoir|37\/100\n|-damage|p1a: Corviknight|85\/100|[from] Recoil\n|\n|-heal|p1a: Corviknight|91\/100|[from] item: Leftovers\n|upkeep\n|turn|3\n|\n|t:|1701153786\n|switch|p1a: Heatran|Heatran, M|100\/100\n|move|p2a: Gardevoir|Trick|p1a: Heatran\n|-activate|p2a: Gardevoir|move: Trick|[of] p1a: Heatran\n|-item|p1a: Heatran|Choice Scarf|[from] move: Trick\n|-item|p2a: Gardevoir|Leftovers|[from] move: Trick\n|\n|-heal|p2a: Gardevoir|43\/100|[from] item: Leftovers\n|upkeep\n|turn|4\n|\n|t:|1701153794\n|move|p1a: Heatran|Magma Storm|p2a: Gardevoir\n|-damage|p2a: Gardevoir|0 fnt\n|faint|p2a: Gardevoir\n|\n|upkeep\n|\n|t:|1701153797\n|switch|p2a: Primeape|Primeape, M|100\/100\n|turn|5\n|\n|t:|1701153800\n|switch|p1a: Toxapex|Toxapex, M|100\/100\n|move|p2a: Primeape|Bulk Up|p2a: Primeape\n|-boost|p2a: Primeape|atk|1\n|-boost|p2a: Primeape|def|1\n|\n|upkeep\n|turn|6\n|\n|t:|1701153804\n|move|p2a: Primeape|Bulk Up|p2a: Primeape\n|-boost|p2a: Primeape|atk|1\n|-boost|p2a: Primeape|def|1\n|move|p1a: Toxapex|Haze|p1a: Toxapex\n|-clearallboost\n|\n|upkeep\n|turn|7\n|\n|t:|1701153808\n|move|p2a: Primeape|Bulk Up|p2a: Primeape\n|-boost|p2a: Primeape|atk|1\n|-boost|p2a: Primeape|def|1\n|move|p1a: Toxapex|Toxic|p2a: Primeape\n|-status|p2a: Primeape|tox\n|\n|-damage|p2a: Primeape|95\/100 tox|[from] psn\n|upkeep\n|turn|8\n|\n|t:|1701153810\n|move|p2a: Primeape|Bulk Up|p2a: Primeape\n|-boost|p2a: Primeape|atk|1\n|-boost|p2a: Primeape|def|1\n|move|p1a: Toxapex|Haze|p1a: Toxapex\n|-clearallboost\n|\n|-damage|p2a: Primeape|83\/100 tox|[from] psn\n|upkeep\n|turn|9\n|\n|t:|1701153814\n|switch|p2a: Maushold|Maushold-Four|49\/100\n|move|p1a: Toxapex|Haze|p1a: Toxapex\n|-clearallboost\n|\n|upkeep\n|turn|10\n|\n|t:|1701153817\n|move|p2a: Maushold|Switcheroo|p1a: Toxapex\n|-activate|p2a: Maushold|move: Trick|[of] p1a: Toxapex\n|-item|p1a: Toxapex|Choice Scarf|[from] move: Switcheroo\n|-item|p2a: Maushold|Rocky Helmet|[from] move: Switcheroo\n|move|p1a: Toxapex|Toxic|p2a: Maushold\n|-status|p2a: Maushold|tox\n|\n|-damage|p2a: Maushold|43\/100 tox|[from] psn\n|upkeep\n|turn|11\n|\n|t:|1701153827\n|switch|p2a: Alomomola|Alomomola, M|100\/100\n|switch|p1a: Heatran|Heatran, M|100\/100\n|\n|upkeep\n|turn|12\n|\n|t:|1701153831\n|move|p1a: Heatran|Stealth Rock|p2a: Alomomola\n|-sidestart|p2: whichjuanz|move: Stealth Rock\n|move|p2a: Alomomola|Flip Turn|p1a: Heatran\n|-supereffective|p1a: Heatran\n|-damage|p1a: Heatran|77\/100\n|\n|t:|1701153834\n|switch|p2a: Maushold|Maushold-Four|43\/100 tox|[from] Flip Turn\n|-damage|p2a: Maushold|31\/100 tox|[from] Stealth Rock\n|\n|-damage|p2a: Maushold|24\/100 tox|[from] psn\n|upkeep\n|turn|13\n|\n|t:|1701153838\n|switch|p1a: Corviknight|Corviknight, M|91\/100\n|-ability|p1a: Corviknight|Pressure\n|move|p2a: Maushold|Tidy Up|p2a: Maushold\n|-sideend|p2: whichjuanz|Stealth Rock\n|-activate|p2a: Maushold|move: Tidy Up\n|-boost|p2a: Maushold|atk|1\n|-boost|p2a: Maushold|spe|1\n|\n|-heal|p1a: Corviknight|97\/100|[from] item: Leftovers\n|-damage|p2a: Maushold|12\/100 tox|[from] psn\n|upkeep\n|turn|14\n|\n|t:|1701153845\n|move|p2a: Maushold|Population Bomb|p1a: Corviknight\n|-resisted|p1a: Corviknight\n|-damage|p1a: Corviknight|92\/100\n|-resisted|p1a: Corviknight\n|-damage|p1a: Corviknight|87\/100\n|-resisted|p1a: Corviknight\n|-damage|p1a: Corviknight|82\/100\n|-resisted|p1a: Corviknight\n|-damage|p1a: Corviknight|77\/100\n|-resisted|p1a: Corviknight\n|-damage|p1a: Corviknight|71\/100\n|-resisted|p1a: Corviknight\n|-damage|p1a: Corviknight|66\/100\n|-resisted|p1a: Corviknight\n|-damage|p1a: Corviknight|60\/100\n|-resisted|p1a: Corviknight\n|-damage|p1a: Corviknight|55\/100\n|-resisted|p1a: Corviknight\n|-damage|p1a: Corviknight|50\/100\n|-resisted|p1a: Corviknight\n|-damage|p1a: Corviknight|44\/100\n|-hitcount|p1a: Corviknight|10\n|move|p1a: Corviknight|U-turn|p2a: Maushold\n|-damage|p2a: Maushold|0 fnt\n|-damage|p1a: Corviknight|28\/100|[from] item: Rocky Helmet|[of] p2a: Maushold\n|faint|p2a: Maushold\n|\n|t:|1701153850\n|switch|p1a: Heatran|Heatran, M|77\/100|[from] U-turn\n|\n|upkeep\n|\n|t:|1701153854\n|switch|p2a: Pawmot|Pawmot, M|100\/100\n|turn|15\n|\n|t:|1701153863\n|switch|p1a: Great Tusk|Great Tusk|100\/100\n|move|p2a: Pawmot|Revival Blessing|p2a: Pawmot\n|-enditem|p2a: Pawmot|Leppa Berry|[eat]\n|-activate|p2a: Pawmot|item: Leppa Berry|Revival Blessing|[consumed]\n|\n|t:|1701153867\n|-heal|p2: Maushold|50\/100|[from] move: Revival Blessing\n|\n|upkeep\n|turn|16\n|\n|t:|1701153873\n|move|p2a: Pawmot|Revival Blessing|p2a: Pawmot\n|\n|t:|1701153874\n|-heal|p2: Gardevoir|50\/100|[from] move: Revival Blessing\n|move|p1a: Great Tusk|Headlong Rush|p2a: Pawmot\n|-supereffective|p2a: Pawmot\n|-damage|p2a: Pawmot|0 fnt\n|-unboost|p1a: Great Tusk|def|1\n|-unboost|p1a: Great Tusk|spd|1\n|faint|p2a: Pawmot\n|\n|upkeep\n|\n|t:|1701153877\n|switch|p2a: Alomomola|Alomomola, M|100\/100\n|turn|17\n|\n|t:|1701153881\n|-end|p1a: Great Tusk|Protosynthesis|[silent]\n|switch|p1a: Toxapex|Toxapex, M|100\/100\n|move|p2a: Alomomola|Wish|p2a: Alomomola\n|\n|upkeep\n|turn|18\n|\n|t:|1701153889\n|switch|p2a: Kingambit|Kingambit, F|100\/100\n|-activate|p2a: Kingambit|ability: Supreme Overlord\n|-start|p2a: Kingambit|fallen3|[silent]\n|switch|p1a: Corviknight|Corviknight, M|28\/100\n|-ability|p1a: Corviknight|Pressure\n|\n|-heal|p1a: Corviknight|34\/100|[from] item: Leftovers\n|upkeep\n|turn|19\n|\n|t:|1701153896\n|move|p1a: Corviknight|U-turn|p2a: Kingambit\n|-damage|p2a: Kingambit|91\/100\n|\n|t:|1701153899\n|switch|p1a: Toxapex|Toxapex, M|100\/100|[from] U-turn\n|move|p2a: Kingambit|Kowtow Cleave|p1a: Toxapex\n|-damage|p1a: Toxapex|63\/100\n|\n|upkeep\n|turn|20\n|\n|t:|1701153905\n|switch|p1a: Great Tusk|Great Tusk|100\/100\n|-end|p2a: Kingambit|fallen3|[silent]\n|switch|p2a: Primeape|Primeape, M|83\/100 tox\n|\n|-damage|p2a: Primeape|77\/100 tox|[from] psn\n|upkeep\n|turn|21\n|\n|t:|1701153911\n|-end|p1a: Great Tusk|Protosynthesis|[silent]\n|switch|p1a: Toxapex|Toxapex, M|96\/100\n|switch|p2a: Alomomola|Alomomola, M|100\/100\n|\n|upkeep\n|turn|22\n|\n|t:|1701153918\n|move|p2a: Alomomola|Protect|p2a: Alomomola\n|-singleturn|p2a: Alomomola|Protect\n|move|p1a: Toxapex|Surf|p2a: Alomomola\n|-activate|p2a: Alomomola|move: Protect\n|\n|upkeep\n|turn|23\n|\n|t:|1701153922\n|switch|p2a: Primeape|Primeape, M|77\/100 tox\n|switch|p1a: Corviknight|Corviknight, M|34\/100\n|-ability|p1a: Corviknight|Pressure\n|\n|-heal|p1a: Corviknight|40\/100|[from] item: Leftovers\n|-damage|p2a: Primeape|71\/100 tox|[from] psn\n|upkeep\n|turn|24\n|inactive|Petenshi has 120 seconds left.\n|\n|t:|1701153952\n|switch|p2a: Alomomola|Alomomola, M|100\/100\n|move|p1a: Corviknight|Roost|p1a: Corviknight\n|-heal|p1a: Corviknight|90\/100\n|-singleturn|p1a: Corviknight|move: Roost\n|\n|-heal|p1a: Corviknight|96\/100|[from] item: Leftovers\n|upkeep\n|turn|25\n|\n|t:|1701153957\n|switch|p1a: Toxapex|Toxapex, M|100\/100\n|move|p2a: Alomomola|Wish|p2a: Alomomola\n|\n|upkeep\n|turn|26\n|\n|t:|1701153970\n|move|p2a: Alomomola|Flip Turn|p1a: Toxapex\n|-resisted|p1a: Toxapex\n|-damage|p1a: Toxapex|97\/100\n|\n|t:|1701153974\n|switch|p2a: Primeape|Primeape, M|71\/100 tox|[from] Flip Turn\n|move|p1a: Toxapex|Toxic|p2a: Primeape\n|-fail|p2a: Primeape|tox\n|\n|-heal|p2a: Primeape|100\/100 tox|[from] move: Wish|[wisher] Alomomola\n|-damage|p2a: Primeape|95\/100 tox|[from] psn\n|upkeep\n|turn|27\n|\n|t:|1701153979\n|switch|p1a: Corviknight|Corviknight, M|96\/100\n|-ability|p1a: Corviknight|Pressure\n|move|p2a: Primeape|U-turn|p1a: Corviknight\n|-resisted|p1a: Corviknight\n|-crit|p1a: Corviknight\n|-damage|p1a: Corviknight|92\/100\n|\n|t:|1701153981\n|switch|p2a: Alomomola|Alomomola, M|100\/100|[from] U-turn\n|\n|-heal|p1a: Corviknight|98\/100|[from] item: Leftovers\n|upkeep\n|turn|28\n|\n|t:|1701153988\n|switch|p1a: Toxapex|Toxapex, M|100\/100\n|move|p2a: Alomomola|Wish|p2a: Alomomola\n|\n|upkeep\n|turn|29\n|\n|t:|1701153999\n|switch|p1a: Corviknight|Corviknight, M|98\/100\n|-ability|p1a: Corviknight|Pressure\n|move|p2a: Alomomola|Flip Turn|p1a: Corviknight\n|-damage|p1a: Corviknight|89\/100\n|\n|t:|1701154007\n|switch|p2a: Maushold|Maushold-Four|50\/100|[from] Flip Turn\n|\n|-heal|p2a: Maushold|100\/100|[from] move: Wish|[wisher] Alomomola\n|-heal|p1a: Corviknight|95\/100|[from] item: Leftovers\n|upkeep\n|turn|30\n|\n|t:|1701154015\n|switch|p2a: Alomomola|Alomomola, M|100\/100\n|switch|p1a: Toxapex|Toxapex, M|100\/100\n|\n|upkeep\n|turn|31\n|\n|t:|1701154022\n|move|p2a: Alomomola|Protect|p2a: Alomomola\n|-singleturn|p2a: Alomomola|Protect\n|move|p1a: Toxapex|Toxic|p2a: Alomomola\n|-activate|p2a: Alomomola|move: Protect\n|\n|upkeep\n|turn|32\n|\n|t:|1701154027\n|switch|p1a: Meowscarada|Meowscarada, F|100\/100\n|move|p2a: Alomomola|Flip Turn|p1a: Meowscarada\n|-resisted|p1a: Meowscarada\n|-damage|p1a: Meowscarada|89\/100\n|\n|t:|1701154031\n|switch|p2a: Primeape|Primeape, M|95\/100 tox|[from] Flip Turn\n|\n|-damage|p2a: Primeape|89\/100 tox|[from] psn\n|upkeep\n|turn|33\n|inactive|Petenshi has 120 seconds left.\n|\n|t:|1701154063\n|switch|p1a: Toxapex|Toxapex, M|100\/100\n|move|p2a: Primeape|U-turn|p1a: Toxapex\n|-resisted|p1a: Toxapex\n|-damage|p1a: Toxapex|96\/100\n|\n|t:|1701154074\n|switch|p2a: Alomomola|Alomomola, M|100\/100|[from] U-turn\n|\n|upkeep\n|turn|34\n|\n|t:|1701154081\n|move|p2a: Alomomola|Flip Turn|p1a: Toxapex\n|-resisted|p1a: Toxapex\n|-damage|p1a: Toxapex|91\/100\n|\n|t:|1701154083\n|switch|p2a: Primeape|Primeape, M|89\/100 tox|[from] Flip Turn\n|move|p1a: Toxapex|Surf|p2a: Primeape\n|-damage|p2a: Primeape|78\/100 tox\n|\n|-damage|p2a: Primeape|72\/100 tox|[from] psn\n|upkeep\n|turn|35\n|\n|t:|1701154091\n|switch|p1a: Corviknight|Corviknight, M|95\/100\n|-ability|p1a: Corviknight|Pressure\n|move|p2a: Primeape|U-turn|p1a: Corviknight\n|-resisted|p1a: Corviknight\n|-damage|p1a: Corviknight|93\/100\n|\n|t:|1701154093\n|switch|p2a: Alomomola|Alomomola, M|100\/100|[from] U-turn\n|\n|-heal|p1a: Corviknight|99\/100|[from] item: Leftovers\n|upkeep\n|turn|36\n|\n|t:|1701154101\n|move|p1a: Corviknight|U-turn|p2a: Alomomola\n|-damage|p2a: Alomomola|93\/100\n|\n|t:|1701154103\n|switch|p1a: Toxapex|Toxapex, M|100\/100|[from] U-turn\n|move|p2a: Alomomola|Wish|p2a: Alomomola\n|\n|-heal|p2a: Alomomola|99\/100|[from] item: Leftovers\n|upkeep\n|turn|37\n|\n|t:|1701154108\n|switch|p2a: Primeape|Primeape, M|72\/100 tox\n|move|p1a: Toxapex|Toxic|p2a: Primeape\n|-fail|p2a: Primeape|tox\n|\n|-heal|p2a: Primeape|100\/100 tox|[from] move: Wish|[wisher] Alomomola\n|-damage|p2a: Primeape|95\/100 tox|[from] psn\n|upkeep\n|turn|38\n|\n|t:|1701154111\n|switch|p1a: Corviknight|Corviknight, M|99\/100\n|-ability|p1a: Corviknight|Pressure\n|move|p2a: Primeape|U-turn|p1a: Corviknight\n|-resisted|p1a: Corviknight\n|-damage|p1a: Corviknight|97\/100\n|\n|t:|1701154117\n|switch|p2a: Maushold|Maushold-Four|100\/100|[from] U-turn\n|\n|-heal|p1a: Corviknight|100\/100|[from] item: Leftovers\n|upkeep\n|turn|39\n|\n|t:|1701154124\n|move|p2a: Maushold|Population Bomb|p1a: Corviknight\n|-resisted|p1a: Corviknight\n|-damage|p1a: Corviknight|97\/100\n|-resisted|p1a: Corviknight\n|-damage|p1a: Corviknight|94\/100\n|-resisted|p1a: Corviknight\n|-damage|p1a: Corviknight|90\/100\n|-resisted|p1a: Corviknight\n|-damage|p1a: Corviknight|86\/100\n|-resisted|p1a: Corviknight\n|-damage|p1a: Corviknight|83\/100\n|-hitcount|p1a: Corviknight|5\n|move|p1a: Corviknight|U-turn|p2a: Maushold\n|-damage|p2a: Maushold|78\/100\n|-damage|p1a: Corviknight|67\/100|[from] item: Rocky Helmet|[of] p2a: Maushold\n|\n|t:|1701154128\n|switch|p1a: Meowscarada|Meowscarada, F|89\/100|[from] U-turn\n|\n|upkeep\n|turn|40\n|\n|t:|1701154132\n|switch|p2a: Kingambit|Kingambit, F|91\/100\n|-activate|p2a: Kingambit|ability: Supreme Overlord\n|-start|p2a: Kingambit|fallen3|[silent]\n|move|p1a: Meowscarada|U-turn|p2a: Kingambit\n|-start|p1a: Meowscarada|typechange|Bug|[from] ability: Protean\n|-damage|p2a: Kingambit|66\/100\n|\n|t:|1701154140\n|switch|p1a: Great Tusk|Great Tusk|100\/100|[from] U-turn\n|\n|upkeep\n|turn|41\n|\n|t:|1701154143\n|-end|p2a: Kingambit|fallen3|[silent]\n|switch|p2a: Alomomola|Alomomola, M|100\/100\n|move|p1a: Great Tusk|Headlong Rush|p2a: Alomomola\n|-damage|p2a: Alomomola|64\/100\n|-unboost|p1a: Great Tusk|def|1\n|-unboost|p1a: Great Tusk|spd|1\n|\n|-heal|p2a: Alomomola|71\/100|[from] item: Leftovers\n|upkeep\n|turn|42\n|\n|t:|1701154150\n|-end|p1a: Great Tusk|Protosynthesis|[silent]\n|switch|p1a: Toxapex|Toxapex, M|100\/100\n|move|p2a: Alomomola|Wish|p2a: Alomomola\n|\n|-heal|p2a: Alomomola|77\/100|[from] item: Leftovers\n|upkeep\n|turn|43\n|\n|t:|1701154158\n|switch|p1a: Corviknight|Corviknight, M|67\/100\n|-ability|p1a: Corviknight|Pressure\n|move|p2a: Alomomola|Flip Turn|p1a: Corviknight\n|-damage|p1a: Corviknight|57\/100\n|\n|t:|1701154162\n|switch|p2a: Maushold|Maushold-Four|78\/100|[from] Flip Turn\n|\n|-heal|p2a: Maushold|100\/100|[from] move: Wish|[wisher] Alomomola\n|-heal|p1a: Corviknight|64\/100|[from] item: Leftovers\n|upkeep\n|turn|44\n|\n|t:|1701154167\n|move|p2a: Maushold|Tidy Up|p2a: Maushold\n|-boost|p2a: Maushold|atk|1\n|-boost|p2a: Maushold|spe|1\n|move|p1a: Corviknight|Roost|p1a: Corviknight\n|-heal|p1a: Corviknight|100\/100\n|-singleturn|p1a: Corviknight|move: Roost\n|\n|upkeep\n|turn|45\n|\n|t:|1701154175\n|move|p2a: Maushold|Population Bomb|p1a: Corviknight\n|-resisted|p1a: Corviknight\n|-damage|p1a: Corviknight|95\/100\n|-resisted|p1a: Corviknight\n|-damage|p1a: Corviknight|90\/100\n|-resisted|p1a: Corviknight\n|-damage|p1a: Corviknight|84\/100\n|-resisted|p1a: Corviknight\n|-damage|p1a: Corviknight|80\/100\n|-resisted|p1a: Corviknight\n|-damage|p1a: Corviknight|75\/100\n|-resisted|p1a: Corviknight\n|-damage|p1a: Corviknight|70\/100\n|-resisted|p1a: Corviknight\n|-damage|p1a: Corviknight|64\/100\n|-resisted|p1a: Corviknight\n|-damage|p1a: Corviknight|59\/100\n|-resisted|p1a: Corviknight\n|-damage|p1a: Corviknight|54\/100\n|-resisted|p1a: Corviknight\n|-damage|p1a: Corviknight|49\/100\n|-hitcount|p1a: Corviknight|10\n|move|p1a: Corviknight|U-turn|p2a: Maushold\n|-damage|p2a: Maushold|78\/100\n|-damage|p1a: Corviknight|32\/100|[from] item: Rocky Helmet|[of] p2a: Maushold\n|\n|t:|1701154186\n|switch|p1a: Heatran|Heatran, M|77\/100|[from] U-turn\n|\n|upkeep\n|turn|46\n|\n|t:|1701154191\n|move|p2a: Maushold|Population Bomb|p1a: Heatran\n|-resisted|p1a: Heatran\n|-damage|p1a: Heatran|70\/100\n|-resisted|p1a: Heatran\n|-damage|p1a: Heatran|64\/100\n|-resisted|p1a: Heatran\n|-damage|p1a: Heatran|56\/100\n|-resisted|p1a: Heatran\n|-damage|p1a: Heatran|50\/100\n|-hitcount|p1a: Heatran|4\n|move|p1a: Heatran|Magma Storm|p2a: Maushold\n|-damage|p2a: Maushold|9\/100\n|-activate|p2a: Maushold|move: Magma Storm|[of] p1a: Heatran\n|\n|-damage|p2a: Maushold|0 fnt|[from] move: Magma Storm|[partiallytrapped]\n|faint|p2a: Maushold\n|upkeep\n|\n|t:|1701154194\n|switch|p2a: Gardevoir|Gardevoir, M|50\/100\n|-ability|p2a: Gardevoir|Flash Fire|[from] ability: Trace|[of] p1a: Heatran\n|turn|47\n|\n|t:|1701154202\n|switch|p1a: Meowscarada|Meowscarada, F|89\/100\n|move|p2a: Gardevoir|Healing Wish|p2a: Gardevoir\n|faint|p2a: Gardevoir\n|\n|upkeep\n|\n|t:|1701154204\n|switch|p2a: Primeape|Primeape, M|95\/100 tox\n|-heal|p2a: Primeape|100\/100|[from] move: Healing Wish\n|turn|48\n|\n|t:|1701154211\n|switch|p1a: Clefable|Clefable, M|100\/100\n|move|p2a: Primeape|Bulk Up|p2a: Primeape\n|-boost|p2a: Primeape|atk|1\n|-boost|p2a: Primeape|def|1\n|\n|upkeep\n|turn|49\n|\n|t:|1701154214\n|move|p2a: Primeape|Rage Fist|p1a: Clefable\n|-damage|p1a: Clefable|83\/100\n|move|p1a: Clefable|Encore|p2a: Primeape\n|-start|p2a: Primeape|Encore\n|\n|upkeep\n|turn|50\n|\n|t:|1701154219\n|switch|p2a: Kingambit|Kingambit, F|66\/100\n|-activate|p2a: Kingambit|ability: Supreme Overlord\n|-start|p2a: Kingambit|fallen5|[silent]\n|switch|p1a: Toxapex|Toxapex, M|100\/100\n|\n|upkeep\n|turn|51\n|\n|t:|1701154225\n|switch|p1a: Great Tusk|Great Tusk|100\/100\n|-end|p2a: Kingambit|fallen5|[silent]\n|switch|p2a: Primeape|Primeape, M|100\/100\n|\n|upkeep\n|turn|52\n|\n|t:|1701154232\n|-end|p1a: Great Tusk|Protosynthesis|[silent]\n|switch|p1a: Clefable|Clefable, M|83\/100\n|move|p2a: Primeape|U-turn|p1a: Clefable\n|-resisted|p1a: Clefable\n|-damage|p1a: Clefable|77\/100\n|\n|t:|1701154234\n|switch|p2a: Kingambit|Kingambit, F|66\/100|[from] U-turn\n|-activate|p2a: Kingambit|ability: Supreme Overlord\n|-start|p2a: Kingambit|fallen5|[silent]\n|\n|upkeep\n|turn|53\n|\n|t:|1701154240\n|switch|p1a: Great Tusk|Great Tusk|100\/100\n|-terastallize|p2a: Kingambit|Flying\n|move|p2a: Kingambit|Tera Blast|p1a: Great Tusk|[anim] Tera Blast Flying\n|-supereffective|p1a: Great Tusk\n|-damage|p1a: Great Tusk|0 fnt\n|faint|p1a: Great Tusk\n|-end|p1a: Great Tusk|Protosynthesis|[silent]\n|\n|upkeep\n|\n|t:|1701154254\n|switch|p1a: Heatran|Heatran, M|50\/100\n|turn|54\n|\n|t:|1701154257\n|-end|p2a: Kingambit|fallen5|[silent]\n|switch|p2a: Primeape|Primeape, M|100\/100\n|move|p1a: Heatran|Stealth Rock|p2a: Primeape\n|-sidestart|p2: whichjuanz|move: Stealth Rock\n|\n|upkeep\n|turn|55\n|\n|t:|1701154262\n|switch|p1a: Toxapex|Toxapex, M|100\/100\n|move|p2a: Primeape|Bulk Up|p2a: Primeape\n|-boost|p2a: Primeape|atk|1\n|-boost|p2a: Primeape|def|1\n|\n|upkeep\n|turn|56\n|\n|t:|1701154266\n|move|p2a: Primeape|Bulk Up|p2a: Primeape\n|-boost|p2a: Primeape|atk|1\n|-boost|p2a: Primeape|def|1\n|move|p1a: Toxapex|Toxic|p2a: Primeape\n|-status|p2a: Primeape|tox\n|\n|-damage|p2a: Primeape|95\/100 tox|[from] psn\n|upkeep\n|turn|57\n|\n|t:|1701154269\n|switch|p1a: Clefable|Clefable, M|77\/100\n|move|p2a: Primeape|Rage Fist|p1a: Clefable\n|-damage|p1a: Clefable|59\/100\n|\n|-damage|p2a: Primeape|83\/100 tox|[from] psn\n|upkeep\n|turn|58\n|\n|t:|1701154276\n|switch|p2a: Kingambit|Kingambit, F, tera:Flying|66\/100\n|-damage|p2a: Kingambit|41\/100|[from] Stealth Rock\n|-activate|p2a: Kingambit|ability: Supreme Overlord\n|-start|p2a: Kingambit|fallen5|[silent]\n|move|p1a: Clefable|Moonlight|p1a: Clefable\n|-heal|p1a: Clefable|100\/100\n|\n|upkeep\n|turn|59\n|\n|t:|1701154297\n|-terastallize|p1a: Clefable|Poison\n|move|p1a: Clefable|Moonblast|p2a: Kingambit\n|-damage|p2a: Kingambit|19\/100\n|move|p2a: Kingambit|Kowtow Cleave|p1a: Clefable\n|-damage|p1a: Clefable|45\/100\n|\n|upkeep\n|turn|60\n|\n|t:|1701154309\n|switch|p1a: Toxapex|Toxapex, M|100\/100\n|-end|p2a: Kingambit|fallen5|[silent]\n|switch|p2a: Alomomola|Alomomola, M|100\/100\n|-damage|p2a: Alomomola|88\/100|[from] Stealth Rock\n|\n|-heal|p2a: Alomomola|94\/100|[from] item: Leftovers\n|upkeep\n|turn|61\n|\n|t:|1701154315\n|switch|p1a: Clefable|Clefable, M, tera:Poison|45\/100\n|move|p2a: Alomomola|Protect||[still]\n|-fail|p2a: Alomomola\n|\n|-heal|p2a: Alomomola|100\/100|[from] item: Leftovers\n|upkeep\n|turn|62\n|\n|t:|1701154321\n|move|p2a: Alomomola|Wish|p2a: Alomomola\n|move|p1a: Clefable|Moonlight|p1a: Clefable\n|-heal|p1a: Clefable|95\/100\n|\n|upkeep\n|turn|63\n|\n|t:|1701154327\n|switch|p2a: Primeape|Primeape, M|83\/100 tox\n|-damage|p2a: Primeape|77\/100 tox|[from] Stealth Rock\n|switch|p1a: Corviknight|Corviknight, M|32\/100\n|-ability|p1a: Corviknight|Pressure\n|\n|-heal|p2a: Primeape|100\/100 tox|[from] move: Wish|[wisher] Alomomola\n|-heal|p1a: Corviknight|38\/100|[from] item: Leftovers\n|-damage|p2a: Primeape|95\/100 tox|[from] psn\n|upkeep\n|turn|64\n|\n|t:|1701154331\n|move|p2a: Primeape|Rage Fist|p1a: Corviknight\n|-damage|p1a: Corviknight|22\/100\n|move|p1a: Corviknight|Roost|p1a: Corviknight\n|-heal|p1a: Corviknight|72\/100\n|-singleturn|p1a: Corviknight|move: Roost\n|\n|-heal|p1a: Corviknight|78\/100|[from] item: Leftovers\n|-damage|p2a: Primeape|83\/100 tox|[from] psn\n|upkeep\n|turn|65\n|\n|t:|1701154337\n|switch|p1a: Toxapex|Toxapex, M|100\/100\n|move|p2a: Primeape|U-turn|p1a: Toxapex\n|-resisted|p1a: Toxapex\n|-damage|p1a: Toxapex|96\/100\n|\n|t:|1701154340\n|switch|p2a: Alomomola|Alomomola, M|100\/100|[from] U-turn\n|-damage|p2a: Alomomola|88\/100|[from] Stealth Rock\n|\n|-heal|p2a: Alomomola|94\/100|[from] item: Leftovers\n|upkeep\n|turn|66\n|\n|t:|1701154345\n|move|p2a: Alomomola|Protect|p2a: Alomomola\n|-singleturn|p2a: Alomomola|Protect\n|move|p1a: Toxapex|Toxic|p2a: Alomomola\n|-activate|p2a: Alomomola|move: Protect\n|\n|-heal|p2a: Alomomola|100\/100|[from] item: Leftovers\n|upkeep\n|turn|67\n|\n|t:|1701154348\n|move|p2a: Alomomola|Healing Wish|p2a: Alomomola\n|faint|p2a: Alomomola\n|move|p1a: Toxapex|Toxic|p2: Alomomola|[notarget]\n|-fail|p1a: Toxapex\n|\n|upkeep\n|\n|t:|1701154350\n|switch|p2a: Kingambit|Kingambit, F, tera:Flying|19\/100\n|-heal|p2a: Kingambit|100\/100|[from] move: Healing Wish\n|-damage|p2a: Kingambit|75\/100|[from] Stealth Rock\n|-activate|p2a: Kingambit|ability: Supreme Overlord\n|-start|p2a: Kingambit|fallen5|[silent]\n|turn|68\n|\n|t:|1701154353\n|move|p1a: Toxapex|Toxic|p2a: Kingambit\n|-status|p2a: Kingambit|tox\n|move|p2a: Kingambit|Tera Blast|p1a: Toxapex|[anim] Tera Blast Flying\n|-damage|p1a: Toxapex|50\/100\n|\n|-damage|p2a: Kingambit|69\/100 tox|[from] psn\n|upkeep\n|turn|69\n|\n|t:|1701154359\n|switch|p1a: Meowscarada|Meowscarada, F|89\/100\n|move|p2a: Kingambit|Tera Blast|p1a: Meowscarada|[anim] Tera Blast Flying\n|-supereffective|p1a: Meowscarada\n|-damage|p1a: Meowscarada|0 fnt\n|faint|p1a: Meowscarada\n|\n|-damage|p2a: Kingambit|57\/100 tox|[from] psn\n|upkeep\n|\n|t:|1701154367\n|switch|p1a: Heatran|Heatran, M|50\/100\n|turn|70\n|\n|t:|1701154370\n|move|p1a: Heatran|Magma Storm|p2a: Kingambit\n|-damage|p2a: Kingambit|28\/100 tox\n|-activate|p2a: Kingambit|move: Magma Storm|[of] p1a: Heatran\n|move|p2a: Kingambit|Kowtow Cleave|p1a: Heatran\n|-damage|p1a: Heatran|0 fnt\n|faint|p1a: Heatran\n|\n|-damage|p2a: Kingambit|10\/100 tox|[from] psn\n|-end|p2a: Kingambit|Magma Storm|[partiallytrapped]|[silent]\n|upkeep\n|\n|t:|1701154380\n|switch|p1a: Corviknight|Corviknight, M|78\/100\n|-ability|p1a: Corviknight|Pressure\n|turn|71\n|\n|t:|1701154382\n|move|p2a: Kingambit|Sucker Punch||[still]\n|-fail|p2a: Kingambit\n|move|p1a: Corviknight|Roost|p1a: Corviknight\n|-heal|p1a: Corviknight|100\/100\n|-singleturn|p1a: Corviknight|move: Roost\n|\n|-damage|p2a: Kingambit|0 fnt|[from] psn\n|faint|p2a: Kingambit\n|-end|p2a: Kingambit|fallen5|[silent]\n|upkeep\n|\n|t:|1701154384\n|switch|p2a: Primeape|Primeape, M|83\/100 tox\n|-damage|p2a: Primeape|77\/100 tox|[from] Stealth Rock\n|turn|72\n|\n|t:|1701154387\n|switch|p1a: Toxapex|Toxapex, M|83\/100\n|move|p2a: Primeape|Bulk Up|p2a: Primeape\n|-boost|p2a: Primeape|atk|1\n|-boost|p2a: Primeape|def|1\n|\n|-damage|p2a: Primeape|71\/100 tox|[from] psn\n|upkeep\n|turn|73\n|\n|t:|1701154392\n|move|p2a: Primeape|Rage Fist|p1a: Toxapex\n|-damage|p1a: Toxapex|60\/100\n|move|p1a: Toxapex|Haze|p1a: Toxapex\n|-clearallboost\n|\n|-damage|p2a: Primeape|59\/100 tox|[from] psn\n|upkeep\n|turn|74\n|-message|whichjuanz forfeited.\n|\n|win|Petenshi\n|raw|Petenshi's rating: 1401 &rarr; <strong>1424<\/strong><br \/>(+23 for winning)\n|raw|whichjuanz's rating: 1460 &rarr; <strong>1437<\/strong><br \/>(-23 for losing)\n|l|\u2606whichjuanz\n","uploadtime":1701154401,"views":2,"p1id":"petenshi","p2id":"whichjuanz","formatid":"gen9ou","rating":1424,"private":0,"password":""}