{"id":"gen9ou-1996671603","p1":"PureVessel00","p2":"spicy piquant","format":"[Gen 9] OU","log":"|j|\u2606PureVessel00\n|j|\u2606spicy piquant\n|t:|1700707794\n|gametype|singles\n|player|p1|PureVessel00|pokemaniac|1680\n|player|p2|spicy piquant|170|1643\n|teamsize|p1|6\n|teamsize|p2|6\n|gen|9\n|tier|[Gen 9] OU\n|rated|\n|rule|Sleep Clause Mod: Limit one foe put to sleep\n|rule|Species Clause: Limit one of each Pok\u00e9mon\n|rule|OHKO Clause: OHKO moves are banned\n|rule|Evasion Items Clause: Evasion items are banned\n|rule|Evasion Moves Clause: Evasion moves are banned\n|rule|Endless Battle Clause: Forcing endless battles is banned\n|rule|HP Percentage Mod: HP is shown in percentages\n|clearpoke\n|poke|p1|Ceruledge, M|\n|poke|p1|Great Tusk|\n|poke|p1|Clefable, M|\n|poke|p1|Samurott-Hisui, F|\n|poke|p1|Zapdos|\n|poke|p1|Ogerpon-Cornerstone, F|\n|poke|p2|Iron Valiant|\n|poke|p2|Gholdengo|\n|poke|p2|Cinderace, M|\n|poke|p2|Toxapex, M|\n|poke|p2|Corviknight, F|\n|poke|p2|Ursaluna, F|\n|teampreview\n|inactive|Battle timer is ON: inactive players will automatically lose when time's up. (requested by spicy piquant)\n|\n|t:|1700707814\n|start\n|switch|p1a: Zapdos|Zapdos|100\/100\n|switch|p2a: Iron Valiant|Iron Valiant|100\/100\n|-enditem|p2a: Iron Valiant|Booster Energy\n|-activate|p2a: Iron Valiant|ability: Quark Drive|[fromitem]\n|-start|p2a: Iron Valiant|quarkdrivespe\n|turn|1\n|\n|t:|1700707821\n|-end|p2a: Iron Valiant|Quark Drive|[silent]\n|switch|p2a: Ursaluna|Ursaluna, F|100\/100\n|move|p1a: Zapdos|Hurricane|p2a: Ursaluna|[miss]\n|-miss|p1a: Zapdos|p2a: Ursaluna\n|\n|-status|p2a: Ursaluna|brn|[from] item: Flame Orb\n|upkeep\n|turn|2\n|\n|t:|1700707839\n|switch|p1a: Ceruledge|Ceruledge, M|100\/100\n|move|p2a: Ursaluna|Facade|p1a: Ceruledge\n|-immune|p1a: Ceruledge\n|\n|-damage|p2a: Ursaluna|94\/100 brn|[from] brn\n|upkeep\n|turn|3\n|\n|t:|1700707851\n|move|p1a: Ceruledge|Poltergeist|p2a: Ursaluna\n|-immune|p2a: Ursaluna\n|move|p2a: Ursaluna|Earthquake|p1a: Ceruledge\n|-supereffective|p1a: Ceruledge\n|-enditem|p1a: Ceruledge|Focus Sash\n|-damage|p1a: Ceruledge|1\/100\n|-ability|p1a: Ceruledge|Weak Armor|boost\n|-unboost|p1a: Ceruledge|def|1\n|-boost|p1a: Ceruledge|spe|2\n|\n|-damage|p2a: Ursaluna|88\/100 brn|[from] brn\n|upkeep\n|turn|4\n|\n|t:|1700707862\n|switch|p2a: Cinderace|Cinderace, M|100\/100\n|move|p1a: Ceruledge|Bitter Blade|p2a: Cinderace\n|-resisted|p2a: Cinderace\n|-damage|p2a: Cinderace|66\/100\n|-heal|p1a: Ceruledge|19\/100|[from] drain|[of] p2a: Cinderace\n|\n|upkeep\n|turn|5\n|\n|t:|1700707875\n|switch|p1a: Great Tusk|Great Tusk|100\/100\n|move|p2a: Cinderace|Sucker Punch||[still]\n|-fail|p2a: Cinderace\n|\n|upkeep\n|turn|6\n|\n|t:|1700707884\n|move|p2a: Cinderace|U-turn|p1a: Great Tusk\n|-start|p2a: Cinderace|typechange|Bug|[from] ability: Libero\n|-resisted|p1a: Great Tusk\n|-damage|p1a: Great Tusk|87\/100\n|\n|t:|1700707887\n|switch|p2a: Iron Valiant|Iron Valiant|100\/100|[from] U-turn\n|move|p1a: Great Tusk|Knock Off|p2a: Iron Valiant\n|-resisted|p2a: Iron Valiant\n|-damage|p2a: Iron Valiant|94\/100\n|\n|upkeep\n|turn|7\n|\n|t:|1700707904\n|-end|p1a: Great Tusk|Protosynthesis|[silent]\n|switch|p1a: Ceruledge|Ceruledge, M|19\/100\n|move|p2a: Iron Valiant|Moonblast|p1a: Ceruledge\n|-resisted|p1a: Ceruledge\n|-damage|p1a: Ceruledge|0 fnt\n|faint|p1a: Ceruledge\n|\n|upkeep\n|\n|t:|1700707910\n|switch|p1a: Zapdos|Zapdos|100\/100\n|turn|8\n|\n|t:|1700707923\n|-end|p2a: Iron Valiant|Quark Drive|[silent]\n|switch|p2a: Gholdengo|Gholdengo|100\/100\n|move|p1a: Zapdos|Hurricane|p2a: Gholdengo\n|-resisted|p2a: Gholdengo\n|-damage|p2a: Gholdengo|74\/100\n|-start|p2a: Gholdengo|confusion\n|\n|upkeep\n|turn|9\n|\n|t:|1700707930\n|switch|p2a: Ursaluna|Ursaluna, F|88\/100 brn\n|move|p1a: Zapdos|Volt Switch|p2a: Ursaluna\n|-immune|p2a: Ursaluna\n|\n|-damage|p2a: Ursaluna|82\/100 brn|[from] brn\n|upkeep\n|turn|10\n|\n|t:|1700707954\n|switch|p1a: Great Tusk|Great Tusk|87\/100\n|move|p2a: Ursaluna|Facade|p1a: Great Tusk\n|-damage|p1a: Great Tusk|0 fnt\n|faint|p1a: Great Tusk\n|-end|p1a: Great Tusk|Protosynthesis|[silent]\n|\n|-damage|p2a: Ursaluna|76\/100 brn|[from] brn\n|upkeep\n|inactive|PureVessel00 has 120 seconds left.\n|\n|t:|1700707972\n|switch|p1a: Ogerpon|Ogerpon-Cornerstone, F|100\/100\n|turn|11\n|c|\u2606spicy piquant|ursaluna is so broken man\n|inactive|PureVessel00 has 120 seconds left.\n|c|\u2606PureVessel00|im like max def too wtf\n|\n|t:|1700708000\n|switch|p2a: Corviknight|Corviknight, F|100\/100\n|-ability|p2a: Corviknight|Pressure\n|move|p1a: Ogerpon|Trailblaze|p2a: Corviknight\n|-resisted|p2a: Corviknight\n|-damage|p2a: Corviknight|96\/100\n|-boost|p1a: Ogerpon|spe|1\n|-damage|p1a: Ogerpon|84\/100|[from] item: Rocky Helmet|[of] p2a: Corviknight\n|\n|upkeep\n|turn|12\n|c|\u2606spicy piquant|idk why the usage isn't higher\n|c|\u2606spicy piquant|it's averaging like 2-3 kills per game\n|\n|t:|1700708017\n|move|p1a: Ogerpon|Ivy Cudgel|p2a: Corviknight|[anim] Ivy Cudgel Rock\n|-damage|p2a: Corviknight|59\/100\n|move|p2a: Corviknight|Body Press|p1a: Ogerpon\n|-supereffective|p1a: Ogerpon\n|-damage|p1a: Ogerpon|10\/100\n|\n|upkeep\n|turn|13\n|j| shinhow\n|c|\u2606PureVessel00|youre convincing me to try it ngl\n|\n|t:|1700708039\n|switch|p1a: Zapdos|Zapdos|100\/100\n|move|p2a: Corviknight|U-turn|p1a: Zapdos\n|-resisted|p1a: Zapdos\n|-damage|p1a: Zapdos|95\/100\n|c|\u2606spicy piquant|i can pass you this team after the game if you want\n|c|\u2606spicy piquant|built it like an hour ago\n|c|\u2606spicy piquant|it's pretty fun\n|\n|t:|1700708053\n|switch|p2a: Ursaluna|Ursaluna, F|76\/100 brn|[from] U-turn\n|\n|-damage|p2a: Ursaluna|70\/100 brn|[from] brn\n|upkeep\n|turn|14\n|c|\u2606PureVessel00|bet i appreciate it\n|\n|t:|1700708064\n|move|p1a: Zapdos|Hurricane|p2a: Ursaluna\n|-damage|p2a: Ursaluna|30\/100 brn\n|move|p2a: Ursaluna|Facade|p1a: Zapdos\n|-damage|p1a: Zapdos|0 fnt\n|faint|p1a: Zapdos\n|\n|-damage|p2a: Ursaluna|24\/100 brn|[from] brn\n|upkeep\n|\n|t:|1700708073\n|switch|p1a: Ogerpon|Ogerpon-Cornerstone, F|10\/100\n|turn|15\n|\n|t:|1700708078\n|move|p1a: Ogerpon|Ivy Cudgel|p2a: Ursaluna|[anim] Ivy Cudgel Rock\n|-resisted|p2a: Ursaluna\n|-damage|p2a: Ursaluna|1\/100 brn\n|move|p2a: Ursaluna|Facade|p1a: Ogerpon\n|-resisted|p1a: Ogerpon\n|-damage|p1a: Ogerpon|0 fnt\n|faint|p1a: Ogerpon\n|\n|-damage|p2a: Ursaluna|0 fnt|[from] brn\n|faint|p2a: Ursaluna\n|upkeep\n|\n|t:|1700708092\n|switch|p1a: Clefable|Clefable, M|100\/100\n|switch|p2a: Toxapex|Toxapex, M|100\/100\n|turn|16\n|\n|t:|1700708099\n|move|p1a: Clefable|Calm Mind|p1a: Clefable\n|-boost|p1a: Clefable|spa|1\n|-boost|p1a: Clefable|spd|1\n|move|p2a: Toxapex|Sludge Bomb|p1a: Clefable\n|-supereffective|p1a: Clefable\n|-damage|p1a: Clefable|62\/100\n|-status|p1a: Clefable|psn\n|\n|-heal|p1a: Clefable|68\/100 psn|[from] item: Leftovers\n|-damage|p1a: Clefable|56\/100 psn|[from] psn\n|upkeep\n|turn|17\n|inactive|PureVessel00 has 120 seconds left.\n|\n|t:|1700708111\n|move|p1a: Clefable|Calm Mind|p1a: Clefable\n|-boost|p1a: Clefable|spa|1\n|-boost|p1a: Clefable|spd|1\n|move|p2a: Toxapex|Acid Spray|p1a: Clefable\n|-supereffective|p1a: Clefable\n|-damage|p1a: Clefable|41\/100 psn\n|-unboost|p1a: Clefable|spd|2\n|\n|-heal|p1a: Clefable|47\/100 psn|[from] item: Leftovers\n|-damage|p1a: Clefable|35\/100 psn|[from] psn\n|upkeep\n|turn|18\n|inactive|PureVessel00 has 120 seconds left.\n|\n|t:|1700708120\n|move|p1a: Clefable|Moonlight|p1a: Clefable\n|-heal|p1a: Clefable|85\/100 psn\n|move|p2a: Toxapex|Sludge Bomb|p1a: Clefable\n|-supereffective|p1a: Clefable\n|-damage|p1a: Clefable|24\/100 psn\n|\n|-heal|p1a: Clefable|30\/100 psn|[from] item: Leftovers\n|-damage|p1a: Clefable|18\/100 psn|[from] psn\n|upkeep\n|turn|19\n|\n|t:|1700708128\n|move|p1a: Clefable|Moonblast|p2a: Toxapex\n|-resisted|p2a: Toxapex\n|-damage|p2a: Toxapex|83\/100\n|move|p2a: Toxapex|Sludge Bomb|p1a: Clefable\n|-supereffective|p1a: Clefable\n|-damage|p1a: Clefable|0 fnt\n|faint|p1a: Clefable\n|\n|upkeep\n|\n|t:|1700708135\n|switch|p1a: Samurott|Samurott-Hisui, F|100\/100\n|turn|20\n|\n|t:|1700708139\n|move|p1a: Samurott|Ceaseless Edge|p2a: Toxapex\n|-damage|p2a: Toxapex|48\/100\n|-sidestart|p2: spicy piquant|Spikes\n|move|p2a: Toxapex|Sludge Bomb|p1a: Samurott\n|-damage|p1a: Samurott|80\/100\n|\n|upkeep\n|turn|21\n|\n|t:|1700708145\n|switch|p2a: Iron Valiant|Iron Valiant|94\/100\n|-damage|p2a: Iron Valiant|81\/100|[from] Spikes\n|move|p1a: Samurott|Ceaseless Edge|p2a: Iron Valiant\n|-resisted|p2a: Iron Valiant\n|-damage|p2a: Iron Valiant|67\/100\n|-sidestart|p2: spicy piquant|Spikes\n|\n|upkeep\n|turn|22\n|\n|t:|1700708153\n|move|p2a: Iron Valiant|Moonblast|p1a: Samurott\n|-supereffective|p1a: Samurott\n|-damage|p1a: Samurott|13\/100\n|move|p1a: Samurott|Aqua Cutter|p2a: Iron Valiant\n|-damage|p2a: Iron Valiant|8\/100\n|\n|upkeep\n|turn|23\n|c|\u2606spicy piquant|that lives\n|c|\u2606spicy piquant|goddamn\n|c|\u2606spicy piquant|av i guess\n|\n|t:|1700708163\n|move|p1a: Samurott|Sucker Punch|p2a: Iron Valiant\n|-resisted|p2a: Iron Valiant\n|-damage|p2a: Iron Valiant|0 fnt\n|faint|p2a: Iron Valiant\n|-end|p2a: Iron Valiant|Quark Drive|[silent]\n|\n|upkeep\n|c|\u2606PureVessel00|i'm AV\n|\n|t:|1700708168\n|switch|p2a: Cinderace|Cinderace, M|66\/100\n|turn|24\n|c|\u2606spicy piquant|that's sick\n|\n|t:|1700708172\n|move|p2a: Cinderace|Sucker Punch|p1a: Samurott\n|-start|p2a: Cinderace|typechange|Dark|[from] ability: Libero\n|-resisted|p1a: Samurott\n|-damage|p1a: Samurott|0 fnt\n|faint|p1a: Samurott\n|\n|win|spicy piquant\n|raw|PureVessel00's rating: 1680 &rarr; <strong>1658<\/strong><br \/>(-22 for losing)\n|raw|spicy piquant's rating: 1643 &rarr; <strong>1665<\/strong><br \/>(+22 for winning)\n|c|\u2606spicy piquant|gg\n|c|\u2606PureVessel00|ggs\n|l|\u2606PureVessel00\n","uploadtime":1700708390,"views":5,"p1id":"purevessel00","p2id":"spicypiquant","formatid":"gen9ou","rating":1658,"private":0,"password":""}