{"id":"gen9ou-1996484585","p1":"IronNess","p2":"FatArmour","format":"[Gen 9] OU","log":"|j|\u2606IronNess\n|j|\u2606FatArmour\n|t:|1700686516\n|gametype|singles\n|player|p1|IronNess|102|1302\n|player|p2|FatArmour|170|1213\n|teamsize|p1|6\n|teamsize|p2|6\n|gen|9\n|tier|[Gen 9] OU\n|rated|\n|rule|Sleep Clause Mod: Limit one foe put to sleep\n|rule|Species Clause: Limit one of each Pok\u00e9mon\n|rule|OHKO Clause: OHKO moves are banned\n|rule|Evasion Items Clause: Evasion items are banned\n|rule|Evasion Moves Clause: Evasion moves are banned\n|rule|Endless Battle Clause: Forcing endless battles is banned\n|rule|HP Percentage Mod: HP is shown in percentages\n|clearpoke\n|poke|p1|Kommo-o, F|\n|poke|p1|Ninetales-Alola, F|\n|poke|p1|Gholdengo|\n|poke|p1|Talonflame, F|\n|poke|p1|Ursaluna, M|\n|poke|p1|Greninja-*, M|\n|poke|p2|Slowbro-Galar, M|\n|poke|p2|Lokix, F|\n|poke|p2|Tauros, M|\n|poke|p2|Mamoswine, F|\n|poke|p2|Goodra-Hisui, M|\n|poke|p2|Tornadus-Therian, M|\n|teampreview\n|inactive|Battle timer is ON: inactive players will automatically lose when time's up. (requested by FatArmour)\n|\n|t:|1700686529\n|start\n|switch|p1a: Talonflame|Talonflame, F|100\/100\n|switch|p2a: Lokix|Lokix, F|100\/100\n|turn|1\n|\n|t:|1700686537\n|move|p2a: Lokix|Sucker Punch||[still]\n|-fail|p2a: Lokix\n|move|p1a: Talonflame|Will-O-Wisp|p2a: Lokix\n|-status|p2a: Lokix|brn\n|\n|-damage|p2a: Lokix|94\/100 brn|[from] brn\n|upkeep\n|turn|2\n|\n|t:|1700686545\n|move|p2a: Lokix|Knock Off|p1a: Talonflame\n|-damage|p1a: Talonflame|81\/100\n|-enditem|p1a: Talonflame|Heavy-Duty Boots|[from] move: Knock Off|[of] p2a: Lokix\n|move|p1a: Talonflame|Brave Bird|p2a: Lokix\n|-supereffective|p2a: Lokix\n|-damage|p2a: Lokix|0 fnt\n|faint|p2a: Lokix\n|-damage|p1a: Talonflame|57\/100|[from] Recoil\n|\n|upkeep\n|\n|t:|1700686569\n|switch|p2a: Slowbro|Slowbro-Galar, M|100\/100\n|turn|3\n|\n|t:|1700686589\n|switch|p1a: Ursaluna|Ursaluna, M|100\/100\n|move|p2a: Slowbro|Trick Room|p2a: Slowbro\n|-fieldstart|move: Trick Room|[of] p2a: Slowbro\n|\n|-status|p1a: Ursaluna|brn|[from] item: Flame Orb\n|upkeep\n|turn|4\n|\n|t:|1700686598\n|move|p2a: Slowbro|Ice Beam|p1a: Ursaluna\n|-supereffective|p1a: Ursaluna\n|-damage|p1a: Ursaluna|52\/100 brn\n|-damage|p2a: Slowbro|91\/100|[from] item: Life Orb\n|move|p1a: Ursaluna|Earthquake|p2a: Slowbro\n|-supereffective|p2a: Slowbro\n|-damage|p2a: Slowbro|0 fnt\n|faint|p2a: Slowbro\n|\n|-damage|p1a: Ursaluna|46\/100 brn|[from] brn\n|upkeep\n|\n|t:|1700686611\n|switch|p2a: Mamoswine|Mamoswine, F|100\/100\n|turn|5\n|\n|t:|1700686616\n|move|p1a: Ursaluna|Drain Punch|p2a: Mamoswine\n|-supereffective|p2a: Mamoswine\n|-damage|p2a: Mamoswine|34\/100\n|-heal|p1a: Ursaluna|76\/100 brn|[from] drain|[of] p2a: Mamoswine\n|move|p2a: Mamoswine|Stealth Rock|p1a: Ursaluna\n|-sidestart|p1: IronNess|move: Stealth Rock\n|\n|-heal|p2a: Mamoswine|40\/100|[from] item: Leftovers\n|-damage|p1a: Ursaluna|70\/100 brn|[from] brn\n|upkeep\n|turn|6\n|\n|t:|1700686628\n|move|p2a: Mamoswine|Ice Shard|p1a: Ursaluna\n|-supereffective|p1a: Ursaluna\n|-damage|p1a: Ursaluna|40\/100 brn\n|move|p1a: Ursaluna|Facade|p2a: Mamoswine\n|-crit|p2a: Mamoswine\n|-damage|p2a: Mamoswine|0 fnt\n|faint|p2a: Mamoswine\n|\n|-damage|p1a: Ursaluna|33\/100 brn|[from] brn\n|upkeep\n|\n|t:|1700686641\n|switch|p2a: Goodra|Goodra-Hisui, M|100\/100\n|turn|7\n|\n|t:|1700686649\n|switch|p2a: Tornadus|Tornadus-Therian, M|100\/100\n|move|p1a: Ursaluna|Earthquake|p2a: Tornadus\n|-immune|p2a: Tornadus\n|\n|-damage|p1a: Ursaluna|27\/100 brn|[from] brn\n|-fieldend|move: Trick Room\n|upkeep\n|turn|8\n|\n|t:|1700686660\n|move|p2a: Tornadus|Psychic|p1a: Ursaluna\n|-damage|p1a: Ursaluna|11\/100 brn\n|move|p1a: Ursaluna|Rock Tomb|p2a: Tornadus\n|-supereffective|p2a: Tornadus\n|-damage|p2a: Tornadus|13\/100\n|-unboost|p2a: Tornadus|spe|1\n|\n|-damage|p1a: Ursaluna|5\/100 brn|[from] brn\n|upkeep\n|turn|9\n|\n|t:|1700686671\n|move|p2a: Tornadus|Psychic|p1a: Ursaluna\n|-damage|p1a: Ursaluna|0 fnt\n|faint|p1a: Ursaluna\n|\n|upkeep\n|\n|t:|1700686677\n|switch|p1a: Ninetales|Ninetales-Alola, F|100\/100\n|-damage|p1a: Ninetales|76\/100|[from] Stealth Rock\n|-weather|Snow|[from] ability: Snow Warning|[of] p1a: Ninetales\n|turn|10\n|\n|t:|1700686692\n|move|p1a: Ninetales|Freeze-Dry|p2a: Tornadus\n|-supereffective|p2a: Tornadus\n|-damage|p2a: Tornadus|0 fnt\n|faint|p2a: Tornadus\n|\n|-weather|Snow|[upkeep]\n|upkeep\n|\n|t:|1700686699\n|switch|p2a: Tauros|Tauros, M|100\/100\n|turn|11\n|\n|t:|1700686707\n|-terastallize|p2a: Tauros|Normal\n|move|p2a: Tauros|Raging Bull|p1a: Ninetales\n|-damage|p1a: Ninetales|18\/100\n|-damage|p2a: Tauros|91\/100|[from] item: Life Orb\n|move|p1a: Ninetales|Aurora Veil|p1a: Ninetales\n|-sidestart|p1: IronNess|move: Aurora Veil\n|\n|-weather|Snow|[upkeep]\n|upkeep\n|turn|12\n|\n|t:|1700686716\n|move|p2a: Tauros|Earthquake|p1a: Ninetales\n|-damage|p1a: Ninetales|4\/100\n|-damage|p2a: Tauros|81\/100|[from] item: Life Orb\n|move|p1a: Ninetales|Encore|p2a: Tauros\n|-start|p2a: Tauros|Encore\n|\n|-weather|Snow|[upkeep]\n|upkeep\n|turn|13\n|-message|FatArmour forfeited.\n|\n|win|IronNess\n|raw|IronNess's rating: 1302 &rarr; <strong>1317<\/strong><br \/>(+15 for winning)\n|raw|FatArmour's rating: 1213 &rarr; <strong>1194<\/strong><br \/>(-19 for losing)\n|l|\u2606FatArmour\n|c|\u2606IronNess|lol gg\n","uploadtime":1700686748,"views":3,"p1id":"ironness","p2id":"fatarmour","formatid":"gen9ou","rating":1194,"private":0,"password":""}