{"id":"gen9ou-1998079043","p1":"Skl1895","p2":"Papablanco","format":"[Gen 9] OU","log":"|j|\u2606Skl1895\n|j|\u2606Papablanco\n|t:|1700887902\n|gametype|singles\n|player|p1|Skl1895|101|1363\n|player|p2|Papablanco|2|1425\n|teamsize|p1|6\n|teamsize|p2|6\n|gen|9\n|tier|[Gen 9] OU\n|rated|\n|rule|Sleep Clause Mod: Limit one foe put to sleep\n|rule|Species Clause: Limit one of each Pok\u00e9mon\n|rule|OHKO Clause: OHKO moves are banned\n|rule|Evasion Items Clause: Evasion items are banned\n|rule|Evasion Moves Clause: Evasion moves are banned\n|rule|Endless Battle Clause: Forcing endless battles is banned\n|rule|HP Percentage Mod: HP is shown in percentages\n|clearpoke\n|poke|p1|Landorus-Therian, M|\n|poke|p1|Slowking-Galar, F|\n|poke|p1|Zapdos|\n|poke|p1|Great Tusk|\n|poke|p1|Goodra-Hisui, F|\n|poke|p1|Greninja-*, M|\n|poke|p2|Ninetales-Alola, M|\n|poke|p2|Haxorus, M|\n|poke|p2|Armarouge, M|\n|poke|p2|Munkidori, M|\n|poke|p2|Donphan, F|\n|poke|p2|Ogerpon-Wellspring, F|\n|teampreview\n|inactive|Battle timer is ON: inactive players will automatically lose when time's up. (requested by Skl1895)\n|\n|t:|1700887910\n|start\n|switch|p1a: Slowking|Slowking-Galar, F|100\/100\n|switch|p2a: Ninetales|Ninetales-Alola, M|100\/100\n|-weather|Snow|[from] ability: Snow Warning|[of] p2a: Ninetales\n|turn|1\n|\n|t:|1700887916\n|move|p2a: Ninetales|Aurora Veil|p2a: Ninetales\n|-sidestart|p2: Papablanco|move: Aurora Veil\n|move|p1a: Slowking|Sludge Bomb|p2a: Ninetales\n|-supereffective|p2a: Ninetales\n|-crit|p2a: Ninetales\n|-damage|p2a: Ninetales|0 fnt\n|faint|p2a: Ninetales\n|\n|-weather|Snow|[upkeep]\n|upkeep\n|\n|t:|1700887926\n|switch|p2a: Haxorus|Haxorus, M|100\/100\n|-ability|p2a: Haxorus|Mold Breaker\n|turn|2\n|\n|t:|1700887935\n|switch|p1a: Zapdos|Zapdos|100\/100\n|move|p2a: Haxorus|Swords Dance|p2a: Haxorus\n|-boost|p2a: Haxorus|atk|2\n|\n|-weather|Snow|[upkeep]\n|upkeep\n|turn|3\n|\n|t:|1700887943\n|move|p2a: Haxorus|Scale Shot|p1a: Zapdos\n|-damage|p1a: Zapdos|73\/100\n|-damage|p1a: Zapdos|48\/100\n|-crit|p1a: Zapdos\n|-damage|p1a: Zapdos|8\/100\n|-damage|p1a: Zapdos|0 fnt\n|faint|p1a: Zapdos\n|-hitcount|p1: Zapdos|4\n|-unboost|p2a: Haxorus|def|1\n|-boost|p2a: Haxorus|spe|1\n|\n|-weather|Snow|[upkeep]\n|upkeep\n|\n|t:|1700887953\n|switch|p1a: Landorus|Landorus-Therian, M|100\/100\n|-ability|p1a: Landorus|Intimidate|boost\n|-unboost|p2a: Haxorus|atk|1\n|turn|4\n|\n|t:|1700887965\n|move|p2a: Haxorus|Scale Shot|p1a: Landorus\n|-damage|p1a: Landorus|75\/100\n|-damage|p1a: Landorus|49\/100\n|-damage|p1a: Landorus|23\/100\n|-damage|p1a: Landorus|0 fnt\n|faint|p1a: Landorus\n|-hitcount|p1: Landorus|4\n|-unboost|p2a: Haxorus|def|1\n|-boost|p2a: Haxorus|spe|1\n|\n|-weather|Snow|[upkeep]\n|upkeep\n|\n|t:|1700887988\n|switch|p1a: Goodra|Goodra-Hisui, F|100\/100\n|turn|5\n|\n|t:|1700888001\n|-terastallize|p1a: Goodra|Fairy\n|move|p2a: Haxorus|Earthquake|p1a: Goodra\n|-damage|p1a: Goodra|56\/100\n|move|p1a: Goodra|Dragon Tail|p2a: Haxorus\n|-supereffective|p2a: Haxorus\n|-damage|p2a: Haxorus|55\/100\n|drag|p2a: Ogerpon|Ogerpon-Wellspring, F|100\/100\n|\n|-weather|none\n|-heal|p1a: Goodra|62\/100|[from] item: Leftovers\n|upkeep\n|turn|6\n|\n|t:|1700888012\n|move|p2a: Ogerpon|Ivy Cudgel|p1a: Goodra|[anim] Ivy Cudgel Water\n|-damage|p1a: Goodra|15\/100\n|move|p1a: Goodra|Draco Meteor|p2a: Ogerpon|[miss]\n|-miss|p1a: Goodra|p2a: Ogerpon\n|\n|-heal|p1a: Goodra|21\/100|[from] item: Leftovers\n|upkeep\n|turn|7\n|\n|t:|1700888019\n|move|p2a: Ogerpon|Ivy Cudgel|p1a: Goodra|[anim] Ivy Cudgel Water\n|-damage|p1a: Goodra|0 fnt\n|faint|p1a: Goodra\n|\n|upkeep\n|\n|t:|1700888031\n|switch|p1a: Greninja|Greninja, M|100\/100\n|turn|8\n|\n|t:|1700888037\n|move|p1a: Greninja|Dark Pulse|p2a: Ogerpon\n|-damage|p2a: Ogerpon|71\/100\n|move|p2a: Ogerpon|Trailblaze|p1a: Greninja\n|-supereffective|p1a: Greninja\n|-damage|p1a: Greninja|6\/100\n|-boost|p2a: Ogerpon|spe|1\n|\n|-sideend|p2: Papablanco|move: Aurora Veil\n|upkeep\n|turn|9\n|\n|t:|1700888046\n|move|p2a: Ogerpon|Ivy Cudgel|p1a: Greninja|[anim] Ivy Cudgel Water\n|-resisted|p1a: Greninja\n|-damage|p1a: Greninja|0 fnt\n|faint|p1a: Greninja\n|\n|upkeep\n|-message|Skl1895 forfeited.\n|\n|win|Papablanco\n|raw|Skl1895's rating: 1363 &rarr; <strong>1347<\/strong><br \/>(-16 for losing)\n|raw|Papablanco's rating: 1425 &rarr; <strong>1441<\/strong><br \/>(+16 for winning)\n|l|\u2606Skl1895\n","uploadtime":1700888054,"views":9,"p1id":"skl1895","p2id":"papablanco","formatid":"gen9ou","rating":1347,"private":0,"password":""}