{"id":"gen9ou-1991698878","p1":"RipDarkHam","p2":"ShinyDaddy69","format":"[Gen 9] OU","log":"|j|\u2606RipDarkHam\n|j|\u2606ShinyDaddy69\n|inactive|Battle timer is ON: inactive players will automatically lose when time's up.\n|t:|1700104066\n|gametype|singles\n|player|p1|RipDarkHam|carmine-festival|\n|player|p2|ShinyDaddy69|li|\n|teamsize|p1|4\n|teamsize|p2|4\n|gen|9\n|tier|[Gen 9] OU\n|rated|Tournament battle\n|rule|Sleep Clause Mod: Limit one foe put to sleep\n|rule|Species Clause: Limit one of each Pok\u00e9mon\n|rule|OHKO Clause: OHKO moves are banned\n|rule|Evasion Items Clause: Evasion items are banned\n|rule|Evasion Moves Clause: Evasion moves are banned\n|rule|Endless Battle Clause: Forcing endless battles is banned\n|rule|HP Percentage Mod: HP is shown in percentages\n|clearpoke\n|poke|p1|Glimmora, F|\n|poke|p1|Mamoswine, M|\n|poke|p1|Meowscarada, M|\n|poke|p1|Hattrem, F|\n|poke|p2|Mandibuzz, F|\n|poke|p2|Polteageist|\n|poke|p2|Toxapex, F|\n|poke|p2|Shellos, F|\n|teampreview\n|j|*Lady Monita \u2746\n|inactive|RipDarkHam also wants the timer to be on.\n|j| Iwillhuntyoudown\n|l| Iwillhuntyoudown\n|c|\u2606RipDarkHam|Glhf\n|c|\u2606ShinyDaddy69|u2\n|\n|t:|1700104081\n|start\n|switch|p1a: Glimmora|Glimmora, F, shiny|100\/100\n|switch|p2a: Mandibuzz|Mandibuzz, F|100\/100\n|turn|1\n|\n|t:|1700104087\n|move|p1a: Glimmora|Power Gem|p2a: Mandibuzz\n|-supereffective|p2a: Mandibuzz\n|-damage|p2a: Mandibuzz|40\/100\n|move|p2a: Mandibuzz|U-turn|p1a: Glimmora\n|-resisted|p1a: Glimmora\n|-damage|p1a: Glimmora|94\/100\n|-activate|p1a: Glimmora|ability: Toxic Debris\n|-sidestart|p2: ShinyDaddy69|move: Toxic Spikes\n|\n|t:|1700104092\n|switch|p2a: Toxapex|Toxapex, F|100\/100|[from] U-turn\n|-sideend|p2: ShinyDaddy69|move: Toxic Spikes|[of] p2a: Toxapex\n|\n|upkeep\n|turn|2\n|\n|t:|1700104099\n|switch|p1a: Mamoswine|Mamoswine, M, shiny|100\/100\n|move|p2a: Toxapex|Surf|p1a: Mamoswine\n|-supereffective|p1a: Mamoswine\n|-damage|p1a: Mamoswine|47\/100\n|\n|upkeep\n|turn|3\n|\n|t:|1700104113\n|switch|p2a: Mandibuzz|Mandibuzz, F|40\/100\n|move|p1a: Mamoswine|Earthquake|p2a: Mandibuzz\n|-immune|p2a: Mandibuzz\n|\n|upkeep\n|turn|4\n|\n|t:|1700104119\n|switch|p1a: Glimmora|Glimmora, F, shiny|94\/100\n|move|p2a: Mandibuzz|Roost|p2a: Mandibuzz\n|-heal|p2a: Mandibuzz|90\/100\n|-singleturn|p2a: Mandibuzz|move: Roost\n|\n|upkeep\n|turn|5\n|\n|t:|1700104126\n|switch|p2a: Shellos|Shellos, F|100\/100\n|move|p1a: Glimmora|Stealth Rock|p2a: Shellos\n|-sidestart|p2: ShinyDaddy69|move: Stealth Rock\n|\n|upkeep\n|turn|6\n|\n|t:|1700104137\n|move|p1a: Glimmora|Spiky Shield|p1a: Glimmora\n|-singleturn|p1a: Glimmora|move: Protect\n|move|p2a: Shellos|Memento|p1a: Glimmora\n|-activate|p1a: Glimmora|move: Protect\n|\n|upkeep\n|turn|7\n|\n|t:|1700104143\n|switch|p1a: Hattrem|Hattrem, F, shiny|100\/100\n|move|p2a: Shellos|Memento|p1a: Hattrem\n|-unboost|p1a: Hattrem|atk|2\n|-unboost|p1a: Hattrem|spa|2\n|faint|p2a: Shellos\n|\n|upkeep\n|\n|t:|1700104149\n|switch|p2a: Polteageist|Polteageist|100\/100\n|-damage|p2a: Polteageist|88\/100|[from] Stealth Rock\n|turn|8\n|\n|t:|1700104152\n|move|p2a: Polteageist|Shell Smash|p2a: Polteageist\n|-unboost|p2a: Polteageist|def|1\n|-unboost|p2a: Polteageist|spd|1\n|-boost|p2a: Polteageist|atk|2\n|-boost|p2a: Polteageist|spa|2\n|-boost|p2a: Polteageist|spe|2\n|move|p1a: Hattrem|Nuzzle|p2a: Polteageist\n|-damage|p2a: Polteageist|85\/100\n|-status|p2a: Polteageist|par\n|-ability|p2a: Polteageist|Weak Armor|boost\n|-unboost|p2a: Polteageist|def|1\n|-boost|p2a: Polteageist|spe|2\n|\n|upkeep\n|turn|9\n|\n|t:|1700104161\n|move|p2a: Polteageist|Shadow Ball|p1a: Hattrem\n|-supereffective|p1a: Hattrem\n|-damage|p1a: Hattrem|0 fnt\n|faint|p1a: Hattrem\n|\n|upkeep\n|\n|t:|1700104165\n|switch|p1a: Meowscarada|Meowscarada, M|100\/100\n|turn|10\n|\n|t:|1700104179\n|-terastallize|p2a: Polteageist|Fighting\n|cant|p2a: Polteageist|par\n|move|p1a: Meowscarada|Knock Off|p2a: Polteageist\n|-start|p1a: Meowscarada|typechange|Dark|[from] ability: Protean\n|-resisted|p2a: Polteageist\n|-damage|p2a: Polteageist|0 fnt\n|-enditem|p2a: Polteageist|Focus Sash|[from] move: Knock Off|[of] p1a: Meowscarada\n|faint|p2a: Polteageist\n|-damage|p1a: Meowscarada|91\/100|[from] item: Life Orb\n|\n|upkeep\n|\n|t:|1700104187\n|switch|p2a: Mandibuzz|Mandibuzz, F|90\/100\n|turn|11\n|\n|t:|1700104191\n|-terastallize|p1a: Meowscarada|Fairy\n|move|p1a: Meowscarada|Play Rough|p2a: Mandibuzz\n|-supereffective|p2a: Mandibuzz\n|-damage|p2a: Mandibuzz|28\/100\n|-damage|p1a: Meowscarada|81\/100|[from] item: Life Orb\n|move|p2a: Mandibuzz|U-turn|p1a: Meowscarada\n|-resisted|p1a: Meowscarada\n|-damage|p1a: Meowscarada|72\/100\n|\n|t:|1700104196\n|switch|p2a: Toxapex|Toxapex, F|100\/100|[from] U-turn\n|-damage|p2a: Toxapex|88\/100|[from] Stealth Rock\n|\n|-heal|p2a: Toxapex|94\/100|[from] item: Leftovers\n|upkeep\n|turn|12\n|\n|t:|1700104199\n|move|p1a: Meowscarada|U-turn|p2a: Toxapex\n|-resisted|p2a: Toxapex\n|-damage|p2a: Toxapex|85\/100\n|-damage|p1a: Meowscarada|62\/100|[from] item: Life Orb\n|\n|t:|1700104202\n|switch|p1a: Glimmora|Glimmora, F, shiny|94\/100|[from] U-turn\n|move|p2a: Toxapex|Toxic|p1a: Glimmora\n|-immune|p1a: Glimmora\n|\n|-heal|p2a: Toxapex|92\/100|[from] item: Leftovers\n|upkeep\n|turn|13\n|\n|t:|1700104215\n|move|p1a: Glimmora|Power Gem|p2a: Toxapex\n|-damage|p2a: Toxapex|63\/100\n|move|p2a: Toxapex|Surf|p1a: Glimmora\n|-supereffective|p1a: Glimmora\n|-damage|p1a: Glimmora|46\/100\n|\n|-heal|p2a: Toxapex|69\/100|[from] item: Leftovers\n|upkeep\n|turn|14\n|\n|t:|1700104225\n|move|p1a: Glimmora|Power Gem|p2a: Toxapex\n|-damage|p2a: Toxapex|42\/100\n|move|p2a: Toxapex|Surf|p1a: Glimmora\n|-supereffective|p1a: Glimmora\n|-damage|p1a: Glimmora|0 fnt\n|faint|p1a: Glimmora\n|\n|-heal|p2a: Toxapex|48\/100|[from] item: Leftovers\n|upkeep\n|\n|t:|1700104228\n|switch|p1a: Mamoswine|Mamoswine, M, shiny|47\/100\n|turn|15\n|\n|t:|1700104244\n|move|p1a: Mamoswine|Icicle Crash|p2a: Toxapex\n|-resisted|p2a: Toxapex\n|-damage|p2a: Toxapex|28\/100\n|move|p2a: Toxapex|Recover|p2a: Toxapex\n|-heal|p2a: Toxapex|78\/100\n|\n|-heal|p2a: Toxapex|84\/100|[from] item: Leftovers\n|upkeep\n|turn|16\n|j| kanishk0612d\n|\n|t:|1700104251\n|move|p1a: Mamoswine|Icicle Crash|p2a: Toxapex\n|-resisted|p2a: Toxapex\n|-damage|p2a: Toxapex|65\/100\n|move|p2a: Toxapex|Surf|p1a: Mamoswine\n|-supereffective|p1a: Mamoswine\n|-damage|p1a: Mamoswine|0 fnt\n|faint|p1a: Mamoswine\n|\n|-heal|p2a: Toxapex|71\/100|[from] item: Leftovers\n|upkeep\n|\n|t:|1700104254\n|switch|p1a: Meowscarada|Meowscarada, M, tera:Fairy|62\/100\n|turn|17\n|\n|t:|1700104266\n|move|p1a: Meowscarada|Knock Off|p2a: Toxapex\n|-damage|p2a: Toxapex|35\/100\n|-enditem|p2a: Toxapex|Leftovers|[from] move: Knock Off|[of] p1a: Meowscarada\n|-damage|p1a: Meowscarada|52\/100|[from] item: Life Orb\n|move|p2a: Toxapex|Recover|p2a: Toxapex\n|-heal|p2a: Toxapex|85\/100\n|\n|upkeep\n|turn|18\n|\n|t:|1700104269\n|move|p1a: Meowscarada|Flower Trick|p2a: Toxapex\n|-crit|p2a: Toxapex\n|-damage|p2a: Toxapex|44\/100\n|-damage|p1a: Meowscarada|42\/100|[from] item: Life Orb\n|move|p2a: Toxapex|Toxic|p1a: Meowscarada\n|-status|p1a: Meowscarada|tox\n|\n|-damage|p1a: Meowscarada|36\/100 tox|[from] psn\n|upkeep\n|turn|19\n|\n|t:|1700104272\n|move|p1a: Meowscarada|Flower Trick|p2a: Toxapex\n|-crit|p2a: Toxapex\n|-damage|p2a: Toxapex|5\/100\n|-damage|p1a: Meowscarada|26\/100 tox|[from] item: Life Orb\n|move|p2a: Toxapex|Recover|p2a: Toxapex\n|-heal|p2a: Toxapex|55\/100\n|\n|-damage|p1a: Meowscarada|14\/100 tox|[from] psn\n|upkeep\n|turn|20\n|c|\u2606ShinyDaddy69|gg\n|c|\u2606RipDarkHam|Ggwp\n|\n|t:|1700104283\n|move|p1a: Meowscarada|Flower Trick|p2a: Toxapex\n|-crit|p2a: Toxapex\n|-damage|p2a: Toxapex|14\/100\n|-damage|p1a: Meowscarada|4\/100 tox|[from] item: Life Orb\n|move|p2a: Toxapex|Recover|p2a: Toxapex\n|-heal|p2a: Toxapex|64\/100\n|\n|-damage|p1a: Meowscarada|0 fnt|[from] psn\n|faint|p1a: Meowscarada\n|\n|win|ShinyDaddy69\n|upkeep\n|n|\u2606RipDarkHam|ripdarkham\n|n|\u2606ShinyDaddy69|shinydaddy69\n|n|*Lady Monita \u2746|ladymonita\n|n| kanishk0612d|kanishk0612d\n","uploadtime":1700104285,"views":6,"p1id":"ripdarkham","p2id":"shinydaddy69","formatid":"gen9ou","rating":0,"private":0,"password":""}