{"id":"gen9ou-1999482078","p1":"Aceed","p2":"dddddqweasddddd","format":"[Gen 9] OU","log":"|j|\u2606Aceed\n|j|\u2606dddddqweasddddd\n|t:|1701087170\n|gametype|singles\n|player|p1|Aceed|lucas-gen4pt|1081\n|player|p2|dddddqweasddddd|gentleman|1000\n|teamsize|p1|6\n|teamsize|p2|6\n|gen|9\n|tier|[Gen 9] OU\n|rated|\n|rule|Sleep Clause Mod: Limit one foe put to sleep\n|rule|Species Clause: Limit one of each Pok\u00e9mon\n|rule|OHKO Clause: OHKO moves are banned\n|rule|Evasion Items Clause: Evasion items are banned\n|rule|Evasion Moves Clause: Evasion moves are banned\n|rule|Endless Battle Clause: Forcing endless battles is banned\n|rule|HP Percentage Mod: HP is shown in percentages\n|clearpoke\n|poke|p1|Decidueye-Hisui, F|\n|poke|p1|Weavile, F|\n|poke|p1|Drednaw, M|\n|poke|p1|Charizard, M|\n|poke|p1|Zoroark-Hisui, M|\n|poke|p1|Clefable, F|\n|poke|p2|Zapdos|\n|poke|p2|Slowking-Galar, F|\n|poke|p2|Perrserker, M|\n|poke|p2|Great Tusk|\n|poke|p2|Crawdaunt, M|\n|poke|p2|Mandibuzz, F|\n|teampreview\n|inactive|Battle timer is ON: inactive players will automatically lose when time's up. (requested by Aceed)\n|\n|t:|1701087185\n|start\n|switch|p1a: Clefable|Clefable, F|100\/100\n|switch|p2a: Crawdaunt|Crawdaunt, M|100\/100\n|turn|1\n|\n|t:|1701087190\n|switch|p2a: Slowking|Slowking-Galar, F|100\/100\n|move|p1a: Clefable|Nasty Plot|p1a: Clefable\n|-boost|p1a: Clefable|spa|2\n|\n|upkeep\n|turn|2\n|\n|t:|1701087199\n|-terastallize|p2a: Slowking|Water\n|move|p1a: Clefable|Psychic|p2a: Slowking\n|-damage|p2a: Slowking|57\/100\n|move|p2a: Slowking|Chilly Reception|p2a: Slowking\n|-weather|Snow\n|\n|t:|1701087220\n|switch|p2a: Mandibuzz|Mandibuzz, F|100\/100|[from] Chilly Reception\n|\n|-weather|Snow|[upkeep]\n|upkeep\n|turn|3\n|\n|t:|1701087228\n|move|p1a: Clefable|Hyper Voice|p2a: Mandibuzz\n|-damage|p2a: Mandibuzz|23\/100\n|move|p2a: Mandibuzz|U-turn|p1a: Clefable\n|-resisted|p1a: Clefable\n|-damage|p1a: Clefable|90\/100\n|replace|p1a: Zoroark|Zoroark-Hisui, M, shiny\n|-end|p1a: Zoroark|Illusion\n|\n|t:|1701087241\n|switch|p2a: Zapdos|Zapdos|100\/100|[from] U-turn\n|\n|-weather|Snow|[upkeep]\n|upkeep\n|turn|4\n|\n|t:|1701087250\n|move|p1a: Zoroark|Hyper Voice|p2a: Zapdos\n|-damage|p2a: Zapdos|38\/100\n|move|p2a: Zapdos|Thunder Wave|p1a: Zoroark\n|-status|p1a: Zoroark|par\n|-enditem|p1a: Zoroark|Lum Berry|[eat]\n|-curestatus|p1a: Zoroark|par|[msg]\n|\n|-weather|Snow|[upkeep]\n|upkeep\n|turn|5\n|\n|t:|1701087260\n|move|p1a: Zoroark|Hyper Voice|p2a: Zapdos\n|-damage|p2a: Zapdos|0 fnt\n|faint|p2a: Zapdos\n|\n|-weather|Snow|[upkeep]\n|upkeep\n|\n|t:|1701087268\n|switch|p2a: Slowking|Slowking-Galar, F, tera:Water|90\/100\n|turn|6\n|\n|t:|1701087274\n|move|p1a: Zoroark|Bitter Malice|p2a: Slowking\n|-damage|p2a: Slowking|36\/100\n|-unboost|p2a: Slowking|atk|1\n|move|p2a: Slowking|Trick Room|p2a: Slowking\n|-fieldstart|move: Trick Room|[of] p2a: Slowking\n|\n|-weather|none\n|upkeep\n|turn|7\n|\n|t:|1701087285\n|switch|p2a: Mandibuzz|Mandibuzz, F|23\/100\n|move|p1a: Zoroark|Psychic|p2a: Mandibuzz\n|-immune|p2a: Mandibuzz\n|\n|upkeep\n|turn|8\n|\n|t:|1701087291\n|move|p2a: Mandibuzz|Foul Play|p1a: Zoroark\n|-supereffective|p1a: Zoroark\n|-damage|p1a: Zoroark|0 fnt\n|faint|p1a: Zoroark\n|\n|upkeep\n|\n|t:|1701087299\n|switch|p1a: Clefable|Clefable, F|100\/100\n|turn|9\n|\n|t:|1701087308\n|switch|p2a: Perrserker|Perrserker, M|100\/100\n|move|p1a: Clefable|Cosmic Power|p1a: Clefable\n|-boost|p1a: Clefable|def|1\n|-boost|p1a: Clefable|spd|1\n|\n|upkeep\n|turn|10\n|\n|t:|1701087316\n|move|p2a: Perrserker|Gyro Ball|p1a: Clefable\n|-supereffective|p1a: Clefable\n|-damage|p1a: Clefable|0 fnt\n|-start|p2a: Perrserker|Attract|[from] ability: Cute Charm|[of] p1a: Clefable\n|faint|p1a: Clefable\n|-end|p2a: Perrserker|Attract|[silent]\n|\n|-fieldend|move: Trick Room\n|upkeep\n|\n|t:|1701087323\n|switch|p1a: Weavile|Weavile, F|100\/100\n|-ability|p1a: Weavile|Pressure\n|turn|11\n|\n|t:|1701087328\n|move|p1a: Weavile|Fake Out|p2a: Perrserker\n|-resisted|p2a: Perrserker\n|-damage|p2a: Perrserker|94\/100\n|cant|p2a: Perrserker|flinch\n|\n|upkeep\n|turn|12\n|\n|t:|1701087334\n|move|p1a: Weavile|Hone Claws|p1a: Weavile\n|-boost|p1a: Weavile|atk|1\n|-boost|p1a: Weavile|accuracy|1\n|move|p2a: Perrserker|Gyro Ball|p1a: Weavile\n|-supereffective|p1a: Weavile\n|-enditem|p1a: Weavile|Focus Sash\n|-damage|p1a: Weavile|1\/100\n|\n|upkeep\n|turn|13\n|\n|t:|1701087364\n|move|p1a: Weavile|Knock Off|p2a: Perrserker\n|-damage|p2a: Perrserker|21\/100\n|-enditem|p2a: Perrserker|Iron Ball|[from] move: Knock Off|[of] p1a: Weavile\n|move|p2a: Perrserker|Iron Head|p1a: Weavile\n|-supereffective|p1a: Weavile\n|-damage|p1a: Weavile|0 fnt\n|faint|p1a: Weavile\n|\n|upkeep\n|\n|t:|1701087372\n|switch|p1a: Decidueye|Decidueye-Hisui, F, shiny|100\/100\n|turn|14\n|\n|t:|1701087385\n|move|p1a: Decidueye|Bulk Up|p1a: Decidueye\n|-boost|p1a: Decidueye|atk|1\n|-boost|p1a: Decidueye|def|1\n|move|p2a: Perrserker|Iron Head|p1a: Decidueye\n|-damage|p1a: Decidueye|50\/100\n|\n|upkeep\n|turn|15\n|\n|t:|1701087392\n|move|p1a: Decidueye|Triple Arrows|p2a: Perrserker\n|-supereffective|p2a: Perrserker\n|-damage|p2a: Perrserker|0 fnt\n|faint|p2a: Perrserker\n|\n|upkeep\n|\n|t:|1701087401\n|switch|p2a: Great Tusk|Great Tusk, shiny|100\/100\n|turn|16\n|\n|t:|1701087407\n|move|p1a: Decidueye|Leaf Blade|p2a: Great Tusk\n|-supereffective|p2a: Great Tusk\n|-damage|p2a: Great Tusk|40\/100\n|move|p2a: Great Tusk|Ice Spinner|p1a: Decidueye\n|-supereffective|p1a: Decidueye\n|-damage|p1a: Decidueye|7\/100\n|\n|-heal|p2a: Great Tusk|46\/100|[from] item: Leftovers\n|upkeep\n|turn|17\n|\n|t:|1701087417\n|move|p1a: Decidueye|Leaf Blade|p2a: Great Tusk\n|-supereffective|p2a: Great Tusk\n|-damage|p2a: Great Tusk|0 fnt\n|faint|p2a: Great Tusk\n|-end|p2a: Great Tusk|Protosynthesis|[silent]\n|\n|upkeep\n|\n|t:|1701087420\n|switch|p2a: Crawdaunt|Crawdaunt, M|100\/100\n|turn|18\n|\n|t:|1701087425\n|move|p2a: Crawdaunt|Aqua Jet|p1a: Decidueye\n|-resisted|p1a: Decidueye\n|-damage|p1a: Decidueye|0 fnt\n|faint|p1a: Decidueye\n|\n|upkeep\n|\n|t:|1701087430\n|switch|p1a: Drednaw|Drednaw, M, shiny|100\/100\n|turn|19\n|\n|t:|1701087438\n|move|p2a: Crawdaunt|Aqua Jet|p1a: Drednaw\n|-damage|p1a: Drednaw|52\/100\n|move|p1a: Drednaw|Shell Smash|p1a: Drednaw\n|-unboost|p1a: Drednaw|def|1\n|-unboost|p1a: Drednaw|spd|1\n|-boost|p1a: Drednaw|atk|2\n|-boost|p1a: Drednaw|spa|2\n|-boost|p1a: Drednaw|spe|2\n|-enditem|p1a: Drednaw|White Herb\n|-clearnegativeboost|p1a: Drednaw|[silent]\n|\n|upkeep\n|turn|20\n|\n|t:|1701087448\n|switch|p2a: Mandibuzz|Mandibuzz, F|23\/100\n|move|p1a: Drednaw|Earthquake|p2a: Mandibuzz\n|-immune|p2a: Mandibuzz\n|\n|upkeep\n|turn|21\n|\n|t:|1701087455\n|move|p1a: Drednaw|Liquidation|p2a: Mandibuzz\n|-damage|p2a: Mandibuzz|0 fnt\n|faint|p2a: Mandibuzz\n|\n|upkeep\n|\n|t:|1701087470\n|switch|p2a: Slowking|Slowking-Galar, F, tera:Water|69\/100\n|turn|22\n|\n|t:|1701087476\n|move|p1a: Drednaw|Earthquake|p2a: Slowking\n|-damage|p2a: Slowking|23\/100\n|move|p2a: Slowking|Trick Room|p2a: Slowking\n|-fieldstart|move: Trick Room|[of] p2a: Slowking\n|\n|upkeep\n|turn|23\n|\n|t:|1701087484\n|move|p2a: Slowking|Ice Beam|p1a: Drednaw\n|-resisted|p1a: Drednaw\n|-damage|p1a: Drednaw|38\/100\n|move|p1a: Drednaw|Earthquake|p2a: Slowking\n|-damage|p2a: Slowking|0 fnt\n|faint|p2a: Slowking\n|\n|upkeep\n|c|\u2606Aceed|Nooooo\n|\n|t:|1701087489\n|switch|p2a: Crawdaunt|Crawdaunt, M|100\/100\n|turn|24\n|\n|t:|1701087494\n|move|p2a: Crawdaunt|Crabhammer|p1a: Drednaw\n|-damage|p1a: Drednaw|0 fnt\n|faint|p1a: Drednaw\n|\n|upkeep\n|\n|t:|1701087500\n|switch|p1a: Charizard|Charizard, M, shiny|100\/100\n|turn|25\n|\n|t:|1701087504\n|move|p2a: Crawdaunt|Crabhammer|p1a: Charizard\n|-supereffective|p1a: Charizard\n|-damage|p1a: Charizard|0 fnt\n|faint|p1a: Charizard\n|\n|win|dddddqweasddddd\n|raw|Aceed's rating: 1081 &rarr; <strong>1054<\/strong><br \/>(-27 for losing)\n|raw|dddddqweasddddd's rating: 1000 &rarr; <strong>1049<\/strong><br \/>(+49 for winning)\n","uploadtime":1701087508,"views":2,"p1id":"aceed","p2id":"dddddqweasddddd","formatid":"gen9ou","rating":1049,"private":0,"password":""}