{"id":"gen9ou-1994392505","p1":"GROOMS_654321","p2":"Hutch8989","format":"[Gen 9] OU","log":"|j|\u2606GROOMS_654321\n|j|\u2606Hutch8989\n|t:|1700438704\n|gametype|singles\n|player|p1|GROOMS_654321|ethan|\n|player|p2|Hutch8989|ethan|\n|teamsize|p1|6\n|teamsize|p2|6\n|gen|9\n|tier|[Gen 9] OU\n|rule|Sleep Clause Mod: Limit one foe put to sleep\n|rule|Species Clause: Limit one of each Pok\u00e9mon\n|rule|OHKO Clause: OHKO moves are banned\n|rule|Evasion Items Clause: Evasion items are banned\n|rule|Evasion Moves Clause: Evasion moves are banned\n|rule|Endless Battle Clause: Forcing endless battles is banned\n|rule|HP Percentage Mod: HP is shown in percentages\n|clearpoke\n|poke|p1|Samurott-Hisui, M|\n|poke|p1|Tauros-Paldea-Combat, M|\n|poke|p1|Hydreigon, F|\n|poke|p1|Goodra-Hisui, F|\n|poke|p1|Florges, F|\n|poke|p1|Landorus-Therian, M|\n|poke|p2|Breloom, F|\n|poke|p2|Ursaring, M|\n|poke|p2|Alomomola, F|\n|poke|p2|Cetitan, F|\n|poke|p2|Slowking-Galar, F|\n|poke|p2|Iron Treads|\n|teampreview\n|c|\u2606Hutch8989|good luck man\n|c|\u2606GROOMS_654321|you too bro!\n|c|\u2606Hutch8989|thanks man\n|\n|t:|1700438756\n|start\n|switch|p1a: Landorus|Landorus-Therian, M|100\/100\n|switch|p2a: Slowking|Slowking-Galar, F|100\/100\n|-ability|p1a: Landorus|Intimidate|boost\n|-unboost|p2a: Slowking|atk|1\n|turn|1\n|\n|t:|1700438764\n|move|p1a: Landorus|U-turn|p2a: Slowking\n|-damage|p2a: Slowking|75\/100\n|\n|t:|1700438773\n|switch|p1a: Samurott|Samurott-Hisui, M|100\/100|[from] U-turn\n|move|p2a: Slowking|Ice Beam|p1a: Samurott\n|-resisted|p1a: Samurott\n|-damage|p1a: Samurott|80\/100\n|\n|-heal|p2a: Slowking|81\/100|[from] item: Black Sludge\n|upkeep\n|turn|2\n|\n|t:|1700438787\n|switch|p2a: Alomomola|Alomomola, F|100\/100\n|move|p1a: Samurott|Ceaseless Edge|p2a: Alomomola\n|-damage|p2a: Alomomola|67\/100\n|-damage|p1a: Samurott|63\/100|[from] item: Rocky Helmet|[of] p2a: Alomomola\n|-sidestart|p2: Hutch8989|Spikes\n|\n|upkeep\n|turn|3\n|\n|t:|1700438796\n|switch|p1a: Florges|Florges, F|100\/100\n|move|p2a: Alomomola|Wish|p2a: Alomomola\n|\n|upkeep\n|turn|4\n|\n|t:|1700438811\n|switch|p2a: Iron Treads|Iron Treads|100\/100\n|-damage|p2a: Iron Treads|88\/100|[from] Spikes\n|move|p1a: Florges|Wish|p1a: Florges\n|\n|-heal|p2a: Iron Treads|100\/100|[from] move: Wish|[wisher] Alomomola\n|upkeep\n|turn|5\n|\n|t:|1700438819\n|switch|p1a: Landorus|Landorus-Therian, M|100\/100\n|-ability|p1a: Landorus|Intimidate|boost\n|-unboost|p2a: Iron Treads|atk|1\n|move|p2a: Iron Treads|Rapid Spin|p1a: Landorus\n|-damage|p1a: Landorus|91\/100\n|-boost|p2a: Iron Treads|spe|1\n|-sideend|p2: Hutch8989|Spikes|[from] move: Rapid Spin|[of] p2a: Iron Treads\n|\n|-heal|p1a: Landorus|100\/100|[from] move: Wish|[wisher] Florges\n|upkeep\n|turn|6\n|\n|t:|1700438832\n|-end|p2a: Iron Treads|Quark Drive|[silent]\n|switch|p2a: Alomomola|Alomomola, F|99\/100\n|switch|p1a: Tauros|Tauros-Paldea-Combat, M|100\/100\n|-ability|p1a: Tauros|Intimidate|boost\n|-unboost|p2a: Alomomola|atk|1\n|\n|upkeep\n|turn|7\n|\n|t:|1700438871\n|switch|p1a: Hydreigon|Hydreigon, F|100\/100\n|move|p2a: Alomomola|Whirlpool|p1a: Hydreigon\n|-resisted|p1a: Hydreigon\n|-damage|p1a: Hydreigon|97\/100\n|-activate|p1a: Hydreigon|move: Whirlpool|[of] p2a: Alomomola\n|\n|-damage|p1a: Hydreigon|85\/100|[from] move: Whirlpool|[partiallytrapped]\n|upkeep\n|turn|8\n|\n|t:|1700438911\n|move|p2a: Alomomola|Protect|p2a: Alomomola\n|-singleturn|p2a: Alomomola|Protect\n|move|p1a: Hydreigon|Earth Power|p2a: Alomomola\n|-activate|p2a: Alomomola|move: Protect\n|\n|-damage|p1a: Hydreigon|72\/100|[from] move: Whirlpool|[partiallytrapped]\n|upkeep\n|turn|9\n|\n|t:|1700438943\n|move|p1a: Hydreigon|Earth Power|p2a: Alomomola\n|-damage|p2a: Alomomola|67\/100\n|move|p2a: Alomomola|Play Rough|p1a: Hydreigon|[miss]\n|-miss|p2a: Alomomola|p1a: Hydreigon\n|\n|-damage|p1a: Hydreigon|60\/100|[from] move: Whirlpool|[partiallytrapped]\n|upkeep\n|turn|10\n|\n|t:|1700438958\n|move|p1a: Hydreigon|Earth Power|p2a: Alomomola\n|-damage|p2a: Alomomola|30\/100\n|move|p2a: Alomomola|Wish|p2a: Alomomola\n|\n|-damage|p1a: Hydreigon|47\/100|[from] move: Whirlpool|[partiallytrapped]\n|upkeep\n|turn|11\n|\n|t:|1700438966\n|move|p2a: Alomomola|Protect|p2a: Alomomola\n|-singleturn|p2a: Alomomola|Protect\n|move|p1a: Hydreigon|Earth Power|p2a: Alomomola\n|-activate|p2a: Alomomola|move: Protect\n|\n|-heal|p2a: Alomomola|80\/100|[from] move: Wish|[wisher] Alomomola\n|-end|p1a: Hydreigon|Whirlpool|[partiallytrapped]\n|upkeep\n|turn|12\n|\n|t:|1700438980\n|switch|p1a: Goodra|Goodra-Hisui, F|100\/100\n|move|p2a: Alomomola|Wish|p2a: Alomomola\n|\n|upkeep\n|turn|13\n|\n|t:|1700439000\n|switch|p2a: Ursaring|Ursaring, M|100\/100\n|move|p1a: Goodra|Surf|p2a: Ursaring\n|-damage|p2a: Ursaring|86\/100\n|\n|-heal|p2a: Ursaring|100\/100|[from] move: Wish|[wisher] Alomomola\n|upkeep\n|turn|14\n|\n|t:|1700439020\n|switch|p1a: Tauros|Tauros-Paldea-Combat, M|100\/100\n|-ability|p1a: Tauros|Intimidate|boost\n|-unboost|p2a: Ursaring|atk|1\n|move|p2a: Ursaring|Avalanche|p1a: Tauros\n|-damage|p1a: Tauros|93\/100\n|\n|-heal|p1a: Tauros|99\/100|[from] item: Leftovers\n|upkeep\n|turn|15\n|\n|t:|1700439037\n|switch|p2a: Alomomola|Alomomola, F|100\/100\n|move|p1a: Tauros|Raging Bull|p2a: Alomomola\n|-damage|p2a: Alomomola|83\/100\n|-damage|p1a: Tauros|82\/100|[from] item: Rocky Helmet|[of] p2a: Alomomola\n|\n|-heal|p1a: Tauros|89\/100|[from] item: Leftovers\n|upkeep\n|turn|16\n|\n|t:|1700439051\n|switch|p1a: Florges|Florges, F|100\/100\n|move|p2a: Alomomola|Wish|p2a: Alomomola\n|\n|upkeep\n|turn|17\n|\n|t:|1700439055\n|switch|p2a: Iron Treads|Iron Treads|100\/100\n|move|p1a: Florges|Wish|p1a: Florges\n|\n|upkeep\n|turn|18\n|\n|t:|1700439061\n|switch|p1a: Tauros|Tauros-Paldea-Combat, M|89\/100\n|-ability|p1a: Tauros|Intimidate|boost\n|-unboost|p2a: Iron Treads|atk|1\n|move|p2a: Iron Treads|Stealth Rock|p1a: Tauros\n|-sidestart|p1: GROOMS_654321|move: Stealth Rock\n|\n|-heal|p1a: Tauros|100\/100|[from] move: Wish|[wisher] Florges\n|upkeep\n|turn|19\n|\n|t:|1700439097\n|switch|p1a: Florges|Florges, F|100\/100\n|move|p2a: Iron Treads|Knock Off|p1a: Florges\n|-resisted|p1a: Florges\n|-damage|p1a: Florges|89\/100\n|-enditem|p1a: Florges|Heavy-Duty Boots|[from] move: Knock Off|[of] p2a: Iron Treads\n|\n|upkeep\n|turn|20\n|\n|t:|1700439158\n|-end|p2a: Iron Treads|Quark Drive|[silent]\n|switch|p2a: Slowking|Slowking-Galar, F|100\/100\n|switch|p1a: Landorus|Landorus-Therian, M|100\/100\n|-damage|p1a: Landorus|88\/100|[from] Stealth Rock\n|-ability|p1a: Landorus|Intimidate|boost\n|-unboost|p2a: Slowking|atk|1\n|\n|-heal|p1a: Landorus|94\/100|[from] item: Leftovers\n|upkeep\n|turn|21\n|\n|t:|1700439168\n|move|p1a: Landorus|Earthquake|p2a: Slowking\n|-supereffective|p2a: Slowking\n|-damage|p2a: Slowking|0 fnt\n|faint|p2a: Slowking\n|\n|-heal|p1a: Landorus|99\/100|[from] item: Leftovers\n|upkeep\n|\n|t:|1700439174\n|switch|p2a: Cetitan|Cetitan, F|100\/100\n|turn|22\n|\n|t:|1700439206\n|switch|p1a: Tauros|Tauros-Paldea-Combat, M|100\/100\n|-damage|p1a: Tauros|94\/100|[from] Stealth Rock\n|-ability|p1a: Tauros|Intimidate|boost\n|-unboost|p2a: Cetitan|atk|1\n|move|p2a: Cetitan|Play Rough|p1a: Tauros\n|-supereffective|p1a: Tauros\n|-damage|p1a: Tauros|48\/100\n|\n|-heal|p1a: Tauros|55\/100|[from] item: Leftovers\n|upkeep\n|turn|23\n|\n|t:|1700439254\n|switch|p2a: Alomomola|Alomomola, F|100\/100\n|switch|p1a: Goodra|Goodra-Hisui, F|100\/100\n|-damage|p1a: Goodra|94\/100|[from] Stealth Rock\n|\n|upkeep\n|turn|24\n|\n|t:|1700439294\n|move|p1a: Goodra|Draco Meteor|p2a: Alomomola\n|-damage|p2a: Alomomola|16\/100\n|-unboost|p1a: Goodra|spa|2\n|move|p2a: Alomomola|Whirlpool|p1a: Goodra\n|-resisted|p1a: Goodra\n|-damage|p1a: Goodra|93\/100\n|-activate|p1a: Goodra|move: Whirlpool|[of] p2a: Alomomola\n|\n|-damage|p1a: Goodra|81\/100|[from] move: Whirlpool|[partiallytrapped]\n|upkeep\n|turn|25\n|\n|t:|1700439307\n|move|p2a: Alomomola|Protect|p2a: Alomomola\n|-singleturn|p2a: Alomomola|Protect\n|move|p1a: Goodra|Surf|p2a: Alomomola\n|-activate|p2a: Alomomola|move: Protect\n|\n|-damage|p1a: Goodra|68\/100|[from] move: Whirlpool|[partiallytrapped]\n|upkeep\n|turn|26\n|\n|t:|1700439329\n|switch|p2a: Cetitan|Cetitan, F|100\/100\n|move|p1a: Goodra|Draco Meteor|p2a: Cetitan\n|-damage|p2a: Cetitan|66\/100\n|-unboost|p1a: Goodra|spa|2\n|\n|-end|p1a: Goodra|Whirlpool|[partiallytrapped]|[silent]\n|upkeep\n|turn|27\n|\n|t:|1700439398\n|switch|p2a: Alomomola|Alomomola, F|49\/100\n|switch|p1a: Florges|Florges, F|89\/100\n|-damage|p1a: Florges|76\/100|[from] Stealth Rock\n|\n|upkeep\n|turn|28\n|\n|t:|1700439409\n|switch|p2a: Iron Treads|Iron Treads|100\/100\n|move|p1a: Florges|Giga Drain|p2a: Iron Treads\n|-damage|p2a: Iron Treads|77\/100\n|-heal|p1a: Florges|89\/100|[from] drain|[of] p2a: Iron Treads\n|\n|-heal|p2a: Iron Treads|83\/100|[from] item: Leftovers\n|upkeep\n|turn|29\n|\n|t:|1700439418\n|move|p1a: Florges|Protect|p1a: Florges\n|-singleturn|p1a: Florges|Protect\n|move|p2a: Iron Treads|Body Press|p1a: Florges\n|-activate|p1a: Florges|move: Protect\n|\n|-heal|p2a: Iron Treads|89\/100|[from] item: Leftovers\n|upkeep\n|turn|30\n|\n|t:|1700439427\n|move|p2a: Iron Treads|Body Press|p1a: Florges\n|-resisted|p1a: Florges\n|-damage|p1a: Florges|70\/100\n|move|p1a: Florges|Giga Drain|p2a: Iron Treads\n|-damage|p2a: Iron Treads|67\/100\n|-heal|p1a: Florges|82\/100|[from] drain|[of] p2a: Iron Treads\n|\n|-heal|p2a: Iron Treads|73\/100|[from] item: Leftovers\n|upkeep\n|turn|31\n|\n|t:|1700439436\n|-end|p2a: Iron Treads|Quark Drive|[silent]\n|switch|p2a: Cetitan|Cetitan, F|66\/100\n|move|p1a: Florges|Wish|p1a: Florges\n|\n|upkeep\n|turn|32\n|\n|t:|1700439443\n|switch|p1a: Tauros|Tauros-Paldea-Combat, M|55\/100\n|-damage|p1a: Tauros|48\/100|[from] Stealth Rock\n|-ability|p1a: Tauros|Intimidate|boost\n|-unboost|p2a: Cetitan|atk|1\n|move|p2a: Cetitan|Ice Spinner|p1a: Tauros\n|-damage|p1a: Tauros|19\/100\n|\n|-heal|p1a: Tauros|70\/100|[from] move: Wish|[wisher] Florges\n|-heal|p1a: Tauros|77\/100|[from] item: Leftovers\n|upkeep\n|turn|33\n|\n|t:|1700439471\n|switch|p2a: Alomomola|Alomomola, F|82\/100\n|move|p1a: Tauros|Raging Bull|p2a: Alomomola\n|-damage|p2a: Alomomola|63\/100\n|-damage|p1a: Tauros|60\/100|[from] item: Rocky Helmet|[of] p2a: Alomomola\n|\n|-heal|p1a: Tauros|67\/100|[from] item: Leftovers\n|upkeep\n|turn|34\n|\n|t:|1700439481\n|switch|p1a: Goodra|Goodra-Hisui, F|68\/100\n|-damage|p1a: Goodra|62\/100|[from] Stealth Rock\n|move|p2a: Alomomola|Wish|p2a: Alomomola\n|\n|upkeep\n|turn|35\n|\n|t:|1700439506\n|switch|p2a: Ursaring|Ursaring, M|100\/100\n|move|p1a: Goodra|Thunderbolt|p2a: Ursaring\n|-damage|p2a: Ursaring|85\/100\n|\n|-heal|p2a: Ursaring|100\/100|[from] move: Wish|[wisher] Alomomola\n|upkeep\n|turn|36\n|\n|t:|1700439518\n|switch|p1a: Tauros|Tauros-Paldea-Combat, M|67\/100\n|-damage|p1a: Tauros|60\/100|[from] Stealth Rock\n|-ability|p1a: Tauros|Intimidate|boost\n|-unboost|p2a: Ursaring|atk|1\n|move|p2a: Ursaring|Close Combat|p1a: Tauros\n|-damage|p1a: Tauros|46\/100\n|-unboost|p2a: Ursaring|def|1\n|-unboost|p2a: Ursaring|spd|1\n|\n|-heal|p1a: Tauros|52\/100|[from] item: Leftovers\n|upkeep\n|turn|37\n|\n|t:|1700439530\n|switch|p2a: Alomomola|Alomomola, F|96\/100\n|move|p1a: Tauros|Stone Edge|p2a: Alomomola\n|-damage|p2a: Alomomola|82\/100\n|\n|-heal|p1a: Tauros|58\/100|[from] item: Leftovers\n|upkeep\n|turn|38\n|\n|t:|1700439544\n|switch|p1a: Florges|Florges, F|82\/100\n|-damage|p1a: Florges|69\/100|[from] Stealth Rock\n|move|p2a: Alomomola|Whirlpool|p1a: Florges\n|-damage|p1a: Florges|66\/100\n|-activate|p1a: Florges|move: Whirlpool|[of] p2a: Alomomola\n|\n|-damage|p1a: Florges|53\/100|[from] move: Whirlpool|[partiallytrapped]\n|upkeep\n|turn|39\n|\n|t:|1700439553\n|switch|p2a: Cetitan|Cetitan, F|66\/100\n|move|p1a: Florges|Giga Drain|p2a: Cetitan\n|-damage|p2a: Cetitan|45\/100\n|-heal|p1a: Florges|67\/100|[from] drain|[of] p2a: Cetitan\n|\n|-end|p1a: Florges|Whirlpool|[partiallytrapped]|[silent]\n|upkeep\n|turn|40\n|\n|t:|1700439569\n|move|p1a: Florges|Protect|p1a: Florges\n|-singleturn|p1a: Florges|Protect\n|move|p2a: Cetitan|Earthquake|p1a: Florges\n|-activate|p1a: Florges|move: Protect\n|\n|upkeep\n|turn|41\n|\n|t:|1700439604\n|switch|p2a: Alomomola|Alomomola, F|100\/100\n|switch|p1a: Landorus|Landorus-Therian, M|99\/100\n|-damage|p1a: Landorus|88\/100|[from] Stealth Rock\n|-ability|p1a: Landorus|Intimidate|boost\n|-unboost|p2a: Alomomola|atk|1\n|\n|-heal|p1a: Landorus|94\/100|[from] item: Leftovers\n|upkeep\n|turn|42\n|\n|t:|1700439614\n|move|p1a: Landorus|U-turn|p2a: Alomomola\n|-damage|p2a: Alomomola|85\/100\n|-damage|p1a: Landorus|77\/100|[from] item: Rocky Helmet|[of] p2a: Alomomola\n|\n|t:|1700439621\n|switch|p1a: Florges|Florges, F|67\/100|[from] U-turn\n|-damage|p1a: Florges|55\/100|[from] Stealth Rock\n|move|p2a: Alomomola|Whirlpool|p1a: Florges\n|-damage|p1a: Florges|52\/100\n|-activate|p1a: Florges|move: Whirlpool|[of] p2a: Alomomola\n|\n|-damage|p1a: Florges|39\/100|[from] move: Whirlpool|[partiallytrapped]\n|upkeep\n|turn|43\n|\n|t:|1700439646\n|move|p1a: Florges|Wish|p1a: Florges\n|move|p2a: Alomomola|Play Rough|p1a: Florges\n|-damage|p1a: Florges|26\/100\n|\n|-damage|p1a: Florges|13\/100|[from] move: Whirlpool|[partiallytrapped]\n|upkeep\n|turn|44\n|\n|t:|1700439665\n|switch|p2a: Breloom|Breloom, F|100\/100\n|move|p1a: Florges|Protect||[still]\n|-fail|p1a: Florges\n|\n|-heal|p1a: Florges|63\/100|[from] move: Wish|[wisher] Florges\n|-end|p1a: Florges|Whirlpool|[partiallytrapped]|[silent]\n|upkeep\n|turn|45\n|\n|t:|1700439674\n|move|p1a: Florges|Protect|p1a: Florges\n|-singleturn|p1a: Florges|Protect\n|move|p2a: Breloom|Spore|p1a: Florges\n|-activate|p1a: Florges|move: Protect\n|\n|upkeep\n|turn|46\n|\n|t:|1700439712\n|switch|p1a: Hydreigon|Hydreigon, F|47\/100\n|-damage|p1a: Hydreigon|35\/100|[from] Stealth Rock\n|move|p2a: Breloom|Spore|p1a: Hydreigon\n|-status|p1a: Hydreigon|slp|[from] move: Spore\n|\n|upkeep\n|turn|47\n|\n|t:|1700439731\n|switch|p1a: Landorus|Landorus-Therian, M|77\/100\n|-damage|p1a: Landorus|65\/100|[from] Stealth Rock\n|-ability|p1a: Landorus|Intimidate|boost\n|-unboost|p2a: Breloom|atk|1\n|switch|p2a: Cetitan|Cetitan, F|45\/100\n|\n|-heal|p1a: Landorus|71\/100|[from] item: Leftovers\n|upkeep\n|turn|48\n|\n|t:|1700439755\n|switch|p1a: Tauros|Tauros-Paldea-Combat, M|58\/100\n|-damage|p1a: Tauros|52\/100|[from] Stealth Rock\n|-ability|p1a: Tauros|Intimidate|boost\n|-unboost|p2a: Cetitan|atk|1\n|move|p2a: Cetitan|Ice Spinner|p1a: Tauros\n|-damage|p1a: Tauros|24\/100\n|\n|-heal|p1a: Tauros|30\/100|[from] item: Leftovers\n|upkeep\n|turn|49\n|\n|t:|1700439781\n|switch|p2a: Alomomola|Alomomola, F|100\/100\n|move|p1a: Tauros|Stone Edge|p2a: Alomomola\n|-crit|p2a: Alomomola\n|-damage|p2a: Alomomola|80\/100\n|\n|-heal|p1a: Tauros|36\/100|[from] item: Leftovers\n|upkeep\n|turn|50\n|\n|t:|1700439788\n|switch|p1a: Florges|Florges, F|63\/100\n|-damage|p1a: Florges|51\/100|[from] Stealth Rock\n|move|p2a: Alomomola|Whirlpool|p1a: Florges\n|-damage|p1a: Florges|47\/100\n|-activate|p1a: Florges|move: Whirlpool|[of] p2a: Alomomola\n|\n|-damage|p1a: Florges|35\/100|[from] move: Whirlpool|[partiallytrapped]\n|upkeep\n|turn|51\n|\n|t:|1700439798\n|move|p1a: Florges|Giga Drain|p2a: Alomomola\n|-supereffective|p2a: Alomomola\n|-damage|p2a: Alomomola|38\/100\n|-heal|p1a: Florges|66\/100|[from] drain|[of] p2a: Alomomola\n|move|p2a: Alomomola|Play Rough|p1a: Florges|[miss]\n|-miss|p2a: Alomomola|p1a: Florges\n|\n|-damage|p1a: Florges|54\/100|[from] move: Whirlpool|[partiallytrapped]\n|upkeep\n|turn|52\n|\n|t:|1700439811\n|switch|p2a: Ursaring|Ursaring, M|100\/100\n|move|p1a: Florges|Wish|p1a: Florges\n|\n|-end|p1a: Florges|Whirlpool|[partiallytrapped]|[silent]\n|upkeep\n|turn|53\n|\n|t:|1700439821\n|switch|p1a: Tauros|Tauros-Paldea-Combat, M|36\/100\n|-damage|p1a: Tauros|30\/100|[from] Stealth Rock\n|-ability|p1a: Tauros|Intimidate|boost\n|-unboost|p2a: Ursaring|atk|1\n|move|p2a: Ursaring|Earthquake|p1a: Tauros\n|-damage|p1a: Tauros|17\/100\n|\n|-heal|p1a: Tauros|68\/100|[from] move: Wish|[wisher] Florges\n|-heal|p1a: Tauros|74\/100|[from] item: Leftovers\n|upkeep\n|turn|54\n|\n|t:|1700439835\n|switch|p2a: Alomomola|Alomomola, F|72\/100\n|move|p1a: Tauros|Stone Edge|p2a: Alomomola\n|-crit|p2a: Alomomola\n|-damage|p2a: Alomomola|51\/100\n|\n|-heal|p1a: Tauros|81\/100|[from] item: Leftovers\n|upkeep\n|turn|55\n|\n|t:|1700439844\n|switch|p1a: Florges|Florges, F|54\/100\n|-damage|p1a: Florges|41\/100|[from] Stealth Rock\n|move|p2a: Alomomola|Whirlpool|p1a: Florges\n|-damage|p1a: Florges|37\/100\n|-activate|p1a: Florges|move: Whirlpool|[of] p2a: Alomomola\n|\n|-damage|p1a: Florges|25\/100|[from] move: Whirlpool|[partiallytrapped]\n|upkeep\n|turn|56\n|\n|t:|1700439874\n|move|p2a: Alomomola|Protect|p2a: Alomomola\n|-singleturn|p2a: Alomomola|Protect\n|move|p1a: Florges|Giga Drain|p2a: Alomomola\n|-activate|p2a: Alomomola|move: Protect\n|\n|-damage|p1a: Florges|12\/100|[from] move: Whirlpool|[partiallytrapped]\n|upkeep\n|turn|57\n|\n|t:|1700439886\n|switch|p2a: Ursaring|Ursaring, M|100\/100\n|move|p1a: Florges|Wish|p1a: Florges\n|\n|-end|p1a: Florges|Whirlpool|[partiallytrapped]|[silent]\n|upkeep\n|turn|58\n|\n|t:|1700439906\n|move|p1a: Florges|Protect|p1a: Florges\n|-singleturn|p1a: Florges|Protect\n|move|p2a: Ursaring|Earthquake|p1a: Florges\n|-activate|p1a: Florges|move: Protect\n|\n|-heal|p1a: Florges|62\/100|[from] move: Wish|[wisher] Florges\n|upkeep\n|turn|59\n|\n|t:|1700439921\n|move|p1a: Florges|Wish|p1a: Florges\n|move|p2a: Ursaring|Close Combat|p1a: Florges\n|-resisted|p1a: Florges\n|-damage|p1a: Florges|40\/100\n|-unboost|p2a: Ursaring|def|1\n|-unboost|p2a: Ursaring|spd|1\n|\n|upkeep\n|turn|60\n|\n|t:|1700439948\n|move|p1a: Florges|Protect|p1a: Florges\n|-singleturn|p1a: Florges|Protect\n|move|p2a: Ursaring|Earthquake|p1a: Florges\n|-activate|p1a: Florges|move: Protect\n|\n|-heal|p1a: Florges|90\/100|[from] move: Wish|[wisher] Florges\n|upkeep\n|turn|61\n|\n|t:|1700439962\n|move|p1a: Florges|Giga Drain|p2a: Ursaring\n|-damage|p2a: Ursaring|85\/100\n|-heal|p1a: Florges|99\/100|[from] drain|[of] p2a: Ursaring\n|move|p2a: Ursaring|Earthquake|p1a: Florges\n|-damage|p1a: Florges|61\/100\n|\n|upkeep\n|turn|62\n|\n|t:|1700439970\n|move|p1a: Florges|Wish|p1a: Florges\n|move|p2a: Ursaring|Earthquake|p1a: Florges\n|-damage|p1a: Florges|26\/100\n|\n|upkeep\n|turn|63\n|\n|t:|1700439981\n|switch|p1a: Samurott|Samurott-Hisui, M|63\/100\n|-damage|p1a: Samurott|51\/100|[from] Stealth Rock\n|move|p2a: Ursaring|Avalanche|p1a: Samurott\n|-resisted|p1a: Samurott\n|-damage|p1a: Samurott|40\/100\n|\n|-heal|p1a: Samurott|96\/100|[from] move: Wish|[wisher] Florges\n|upkeep\n|turn|64\n|\n|t:|1700439993\n|switch|p2a: Alomomola|Alomomola, F|85\/100\n|move|p1a: Samurott|Sacred Sword|p2a: Alomomola\n|-damage|p2a: Alomomola|54\/100\n|-damage|p1a: Samurott|79\/100|[from] item: Rocky Helmet|[of] p2a: Alomomola\n|\n|upkeep\n|turn|65\n|\n|t:|1700440048\n|move|p1a: Samurott|Sacred Sword|p2a: Alomomola\n|-crit|p2a: Alomomola\n|-damage|p2a: Alomomola|8\/100\n|-damage|p1a: Samurott|63\/100|[from] item: Rocky Helmet|[of] p2a: Alomomola\n|move|p2a: Alomomola|Wish|p2a: Alomomola\n|\n|upkeep\n|turn|66\n|\n|t:|1700440057\n|switch|p1a: Florges|Florges, F|26\/100\n|-damage|p1a: Florges|13\/100|[from] Stealth Rock\n|move|p2a: Alomomola|Protect||[still]\n|-fail|p2a: Alomomola\n|\n|-heal|p2a: Alomomola|58\/100|[from] move: Wish|[wisher] Alomomola\n|upkeep\n|turn|67\n|\n|t:|1700440068\n|move|p1a: Florges|Giga Drain|p2a: Alomomola\n|-supereffective|p2a: Alomomola\n|-damage|p2a: Alomomola|12\/100\n|-heal|p1a: Florges|48\/100|[from] drain|[of] p2a: Alomomola\n|move|p2a: Alomomola|Whirlpool|p1a: Florges\n|-damage|p1a: Florges|44\/100\n|-activate|p1a: Florges|move: Whirlpool|[of] p2a: Alomomola\n|\n|-damage|p1a: Florges|32\/100|[from] move: Whirlpool|[partiallytrapped]\n|upkeep\n|turn|68\n|\n|t:|1700440083\n|switch|p2a: Cetitan|Cetitan, F|45\/100\n|move|p1a: Florges|Wish|p1a: Florges\n|\n|-end|p1a: Florges|Whirlpool|[partiallytrapped]|[silent]\n|upkeep\n|turn|69\n|\n|t:|1700440092\n|move|p1a: Florges|Protect|p1a: Florges\n|-singleturn|p1a: Florges|Protect\n|move|p2a: Cetitan|Ice Spinner|p1a: Florges\n|-activate|p1a: Florges|move: Protect\n|\n|-heal|p1a: Florges|82\/100|[from] move: Wish|[wisher] Florges\n|upkeep\n|turn|70\n|\n|t:|1700440132\n|switch|p1a: Tauros|Tauros-Paldea-Combat, M|81\/100\n|-damage|p1a: Tauros|74\/100|[from] Stealth Rock\n|-ability|p1a: Tauros|Intimidate|boost\n|-unboost|p2a: Cetitan|atk|1\n|move|p2a: Cetitan|Ice Spinner|p1a: Tauros\n|-damage|p1a: Tauros|45\/100\n|\n|-heal|p1a: Tauros|51\/100|[from] item: Leftovers\n|upkeep\n|turn|71\n|\n|t:|1700440145\n|switch|p2a: Alomomola|Alomomola, F|45\/100\n|move|p1a: Tauros|Raging Bull|p2a: Alomomola\n|-damage|p2a: Alomomola|27\/100\n|-damage|p1a: Tauros|35\/100|[from] item: Rocky Helmet|[of] p2a: Alomomola\n|\n|-heal|p1a: Tauros|41\/100|[from] item: Leftovers\n|upkeep\n|turn|72\n|\n|t:|1700440197\n|move|p1a: Tauros|Stone Edge|p2a: Alomomola\n|-crit|p2a: Alomomola\n|-damage|p2a: Alomomola|8\/100\n|move|p2a: Alomomola|Wish|p2a: Alomomola\n|\n|-heal|p1a: Tauros|48\/100|[from] item: Leftovers\n|upkeep\n|turn|73\n|c|\u2606Hutch8989|jesus we both in this for the long haul haha\n|\n|t:|1700440211\n|switch|p1a: Samurott|Samurott-Hisui, M|63\/100\n|-damage|p1a: Samurott|50\/100|[from] Stealth Rock\n|move|p2a: Alomomola|Protect||[still]\n|-fail|p2a: Alomomola\n|\n|-heal|p2a: Alomomola|58\/100|[from] move: Wish|[wisher] Alomomola\n|upkeep\n|turn|74\n|c|\u2606GROOMS_654321|yes we are lol\n|\n|t:|1700440228\n|move|p2a: Alomomola|Protect|p2a: Alomomola\n|-singleturn|p2a: Alomomola|Protect\n|move|p1a: Samurott|Ceaseless Edge|p2a: Alomomola\n|-activate|p2a: Alomomola|move: Protect\n|\n|upkeep\n|turn|75\n|\n|t:|1700440249\n|switch|p1a: Florges|Florges, F|82\/100\n|-damage|p1a: Florges|69\/100|[from] Stealth Rock\n|move|p2a: Alomomola|Wish|p2a: Alomomola\n|\n|upkeep\n|turn|76\n|\n|t:|1700440254\n|switch|p2a: Cetitan|Cetitan, F|45\/100\n|move|p1a: Florges|Giga Drain|p2a: Cetitan\n|-damage|p2a: Cetitan|25\/100\n|-heal|p1a: Florges|83\/100|[from] drain|[of] p2a: Cetitan\n|\n|-heal|p2a: Cetitan|80\/100|[from] move: Wish|[wisher] Alomomola\n|upkeep\n|turn|77\n|\n|t:|1700440280\n|switch|p1a: Tauros|Tauros-Paldea-Combat, M|48\/100\n|-damage|p1a: Tauros|41\/100|[from] Stealth Rock\n|-ability|p1a: Tauros|Intimidate|boost\n|-unboost|p2a: Cetitan|atk|1\n|move|p2a: Cetitan|Play Rough|p1a: Tauros\n|-supereffective|p1a: Tauros\n|-damage|p1a: Tauros|0 fnt\n|faint|p1a: Tauros\n|\n|upkeep\n|\n|t:|1700440290\n|switch|p1a: Samurott|Samurott-Hisui, M|50\/100\n|-damage|p1a: Samurott|38\/100|[from] Stealth Rock\n|turn|78\n|\n|t:|1700440298\n|switch|p2a: Alomomola|Alomomola, F|91\/100\n|move|p1a: Samurott|Sacred Sword|p2a: Alomomola\n|-damage|p2a: Alomomola|59\/100\n|-damage|p1a: Samurott|21\/100|[from] item: Rocky Helmet|[of] p2a: Alomomola\n|\n|upkeep\n|turn|79\n|\n|t:|1700440305\n|switch|p1a: Florges|Florges, F|83\/100\n|-damage|p1a: Florges|70\/100|[from] Stealth Rock\n|move|p2a: Alomomola|Wish|p2a: Alomomola\n|\n|upkeep\n|turn|80\n|\n|t:|1700440322\n|switch|p2a: Cetitan|Cetitan, F|80\/100\n|move|p1a: Florges|Wish|p1a: Florges\n|\n|-heal|p2a: Cetitan|100\/100|[from] move: Wish|[wisher] Alomomola\n|upkeep\n|turn|81\n|\n|t:|1700440336\n|switch|p1a: Goodra|Goodra-Hisui, F|62\/100\n|-damage|p1a: Goodra|56\/100|[from] Stealth Rock\n|move|p2a: Cetitan|Ice Spinner|p1a: Goodra\n|-damage|p1a: Goodra|0 fnt\n|faint|p1a: Goodra\n|\n|upkeep\n|\n|t:|1700440344\n|switch|p1a: Samurott|Samurott-Hisui, M|21\/100\n|-damage|p1a: Samurott|9\/100|[from] Stealth Rock\n|turn|82\n|\n|t:|1700440349\n|switch|p2a: Alomomola|Alomomola, F|92\/100\n|move|p1a: Samurott|Sacred Sword|p2a: Alomomola\n|-damage|p2a: Alomomola|58\/100\n|-damage|p1a: Samurott|0 fnt|[from] item: Rocky Helmet|[of] p2a: Alomomola\n|faint|p1a: Samurott\n|\n|upkeep\n|\n|t:|1700440364\n|switch|p1a: Florges|Florges, F|70\/100\n|-damage|p1a: Florges|58\/100|[from] Stealth Rock\n|turn|83\n|\n|t:|1700440371\n|switch|p2a: Cetitan|Cetitan, F|100\/100\n|move|p1a: Florges|Giga Drain|p2a: Cetitan\n|-damage|p2a: Cetitan|78\/100\n|-heal|p1a: Florges|73\/100|[from] drain|[of] p2a: Cetitan\n|\n|upkeep\n|turn|84\n|\n|t:|1700440383\n|move|p2a: Cetitan|Ice Spinner|p1a: Florges\n|-damage|p1a: Florges|0 fnt\n|faint|p1a: Florges\n|\n|upkeep\n|\n|t:|1700440387\n|switch|p1a: Landorus|Landorus-Therian, M|71\/100\n|-damage|p1a: Landorus|59\/100|[from] Stealth Rock\n|-ability|p1a: Landorus|Intimidate|boost\n|-unboost|p2a: Cetitan|atk|1\n|turn|85\n|\n|t:|1700440391\n|switch|p2a: Alomomola|Alomomola, F|92\/100\n|move|p1a: Landorus|Hammer Arm|p2a: Alomomola\n|-damage|p2a: Alomomola|68\/100\n|-unboost|p1a: Landorus|spe|1\n|-damage|p1a: Landorus|42\/100|[from] item: Rocky Helmet|[of] p2a: Alomomola\n|\n|-heal|p1a: Landorus|48\/100|[from] item: Leftovers\n|upkeep\n|turn|86\n|c|\u2606GROOMS_654321|gg you got me\n|\n|t:|1700440410\n|move|p2a: Alomomola|Wish|p2a: Alomomola\n|move|p1a: Landorus|Earthquake|p2a: Alomomola\n|-crit|p2a: Alomomola\n|-damage|p2a: Alomomola|14\/100\n|\n|-heal|p1a: Landorus|54\/100|[from] item: Leftovers\n|upkeep\n|turn|87\n|\n|t:|1700440416\n|move|p2a: Alomomola|Protect|p2a: Alomomola\n|-singleturn|p2a: Alomomola|Protect\n|move|p1a: Landorus|Earthquake|p2a: Alomomola\n|-activate|p2a: Alomomola|move: Protect\n|\n|-heal|p2a: Alomomola|64\/100|[from] move: Wish|[wisher] Alomomola\n|-heal|p1a: Landorus|60\/100|[from] item: Leftovers\n|upkeep\n|turn|88\n|\n|t:|1700440421\n|move|p2a: Alomomola|Wish|p2a: Alomomola\n|move|p1a: Landorus|Earthquake|p2a: Alomomola\n|-damage|p2a: Alomomola|28\/100\n|\n|-heal|p1a: Landorus|66\/100|[from] item: Leftovers\n|upkeep\n|turn|89\n|\n|t:|1700440427\n|move|p2a: Alomomola|Protect|p2a: Alomomola\n|-singleturn|p2a: Alomomola|Protect\n|move|p1a: Landorus|Earthquake|p2a: Alomomola\n|-activate|p2a: Alomomola|move: Protect\n|\n|-heal|p2a: Alomomola|78\/100|[from] move: Wish|[wisher] Alomomola\n|-heal|p1a: Landorus|72\/100|[from] item: Leftovers\n|upkeep\n|turn|90\n|\n|t:|1700440444\n|switch|p2a: Iron Treads|Iron Treads|73\/100\n|move|p1a: Landorus|Earthquake|p2a: Iron Treads\n|-supereffective|p2a: Iron Treads\n|-damage|p2a: Iron Treads|5\/100\n|\n|-heal|p2a: Iron Treads|11\/100|[from] item: Leftovers\n|-heal|p1a: Landorus|78\/100|[from] item: Leftovers\n|upkeep\n|turn|91\n|\n|t:|1700440453\n|move|p2a: Iron Treads|Knock Off|p1a: Landorus\n|-damage|p1a: Landorus|52\/100\n|-enditem|p1a: Landorus|Leftovers|[from] move: Knock Off|[of] p2a: Iron Treads\n|move|p1a: Landorus|Earthquake|p2a: Iron Treads\n|-supereffective|p2a: Iron Treads\n|-damage|p2a: Iron Treads|0 fnt\n|faint|p2a: Iron Treads\n|-end|p2a: Iron Treads|Quark Drive|[silent]\n|\n|upkeep\n|\n|t:|1700440487\n|switch|p2a: Alomomola|Alomomola, F|100\/100\n|turn|92\n|\n|t:|1700440492\n|move|p2a: Alomomola|Whirlpool|p1a: Landorus\n|-supereffective|p1a: Landorus\n|-damage|p1a: Landorus|38\/100\n|-activate|p1a: Landorus|move: Whirlpool|[of] p2a: Alomomola\n|move|p1a: Landorus|U-turn|p2a: Alomomola\n|-damage|p2a: Alomomola|85\/100\n|-damage|p1a: Landorus|22\/100|[from] item: Rocky Helmet|[of] p2a: Alomomola\n|\n|t:|1700440498\n|switch|p1a: Hydreigon|Hydreigon, F|35\/100 slp|[from] U-turn\n|-damage|p1a: Hydreigon|22\/100 slp|[from] Stealth Rock\n|\n|upkeep\n|turn|93\n|\n|t:|1700440505\n|cant|p1a: Hydreigon|slp\n|move|p2a: Alomomola|Play Rough|p1a: Hydreigon\n|-supereffective|p1a: Hydreigon\n|-damage|p1a: Hydreigon|0 fnt\n|faint|p1a: Hydreigon\n|\n|upkeep\n|\n|t:|1700440511\n|switch|p1a: Landorus|Landorus-Therian, M|22\/100\n|-damage|p1a: Landorus|9\/100|[from] Stealth Rock\n|-ability|p1a: Landorus|Intimidate|boost\n|-unboost|p2a: Alomomola|atk|1\n|turn|94\n|\n|t:|1700440517\n|move|p1a: Landorus|Earthquake|p2a: Alomomola\n|-damage|p2a: Alomomola|53\/100\n|move|p2a: Alomomola|Whirlpool|p1a: Landorus\n|-supereffective|p1a: Landorus\n|-damage|p1a: Landorus|0 fnt\n|faint|p1a: Landorus\n|\n|win|Hutch8989\n|c|\u2606Hutch8989|gg man\n|c|\u2606Hutch8989|hell of a year!\n|c|\u2606GROOMS_654321|gg bro!\n","uploadtime":1700440529,"views":47,"p1id":"grooms654321","p2id":"hutch8989","formatid":"gen9ou","rating":0,"private":0,"password":""}