{"id":"gen9ou-2000415837","p1":"Alexis1710","p2":"bunnelby to NU","format":"[Gen 9] OU","log":"|j|\u2606Alexis1710\n|j|\u2606bunnelby to NU\n|t:|1701192934\n|gametype|singles\n|player|p1|Alexis1710|170|1372\n|player|p2|bunnelby to NU|101|1350\n|teamsize|p1|6\n|teamsize|p2|6\n|gen|9\n|tier|[Gen 9] OU\n|rated|\n|rule|Sleep Clause Mod: Limit one foe put to sleep\n|rule|Species Clause: Limit one of each Pok\u00e9mon\n|rule|OHKO Clause: OHKO moves are banned\n|rule|Evasion Items Clause: Evasion items are banned\n|rule|Evasion Moves Clause: Evasion moves are banned\n|rule|Endless Battle Clause: Forcing endless battles is banned\n|rule|HP Percentage Mod: HP is shown in percentages\n|clearpoke\n|poke|p1|Kingambit, F|\n|poke|p1|Great Tusk|\n|poke|p1|Dragapult, F|\n|poke|p1|Ogerpon-Wellspring, F|\n|poke|p1|Blissey, F|\n|poke|p1|Zapdos|\n|poke|p2|Kleavor, F|\n|poke|p2|Lokix, F|\n|poke|p2|Alomomola, F|\n|poke|p2|Breloom, M|\n|poke|p2|Zoroark-Hisui, F|\n|poke|p2|Great Tusk|\n|teampreview\n|inactive|Battle timer is ON: inactive players will automatically lose when time's up. (requested by bunnelby to NU)\n|\n|t:|1701192949\n|start\n|switch|p1a: Zapdos|Zapdos|100\/100\n|switch|p2a: Kleavor|Kleavor, F|100\/100\n|turn|1\n|\n|t:|1701192970\n|move|p2a: Kleavor|Shadow Ball|p1a: Zapdos\n|-damage|p1a: Zapdos|59\/100\n|-unboost|p1a: Zapdos|spd|1\n|move|p1a: Zapdos|Volt Switch|p2a: Kleavor\n|-damage|p2a: Kleavor|44\/100\n|replace|p2a: Zoroark|Zoroark-Hisui, F\n|-end|p2a: Zoroark|Illusion\n|\n|t:|1701192986\n|switch|p1a: Ogerpon|Ogerpon-Wellspring, F|100\/100|[from] Volt Switch\n|\n|upkeep\n|turn|2\n|\n|t:|1701193001\n|switch|p2a: Breloom|Breloom, M|100\/100\n|move|p1a: Ogerpon|Ivy Cudgel|p2a: Breloom|[anim] Ivy Cudgel Water\n|-resisted|p2a: Breloom\n|-damage|p2a: Breloom|57\/100\n|\n|upkeep\n|turn|3\n|\n|t:|1701193012\n|move|p2a: Breloom|Mach Punch|p1a: Ogerpon\n|-damage|p1a: Ogerpon|31\/100\n|move|p1a: Ogerpon|Power Whip|p2a: Breloom\n|-resisted|p2a: Breloom\n|-damage|p2a: Breloom|0 fnt\n|faint|p2a: Breloom\n|\n|upkeep\n|\n|t:|1701193020\n|switch|p2a: Lokix|Lokix, F|100\/100\n|turn|4\n|\n|t:|1701193028\n|switch|p1a: Zapdos|Zapdos|59\/100\n|move|p2a: Lokix|U-turn|p1a: Zapdos\n|-resisted|p1a: Zapdos\n|-damage|p1a: Zapdos|19\/100\n|-status|p2a: Lokix|par|[from] ability: Static|[of] p1a: Zapdos\n|\n|t:|1701193035\n|switch|p2a: Kleavor|Kleavor, F|100\/100|[from] U-turn\n|\n|upkeep\n|turn|5\n|\n|t:|1701193057\n|switch|p1a: Great Tusk|Great Tusk|100\/100\n|move|p2a: Kleavor|U-turn|p1a: Great Tusk\n|-resisted|p1a: Great Tusk\n|-crit|p1a: Great Tusk\n|-damage|p1a: Great Tusk|84\/100\n|\n|t:|1701193068\n|switch|p2a: Lokix|Lokix, F|44\/100|[from] U-turn\n|\n|-heal|p1a: Great Tusk|91\/100|[from] item: Leftovers\n|upkeep\n|turn|6\n|\n|t:|1701193077\n|move|p2a: Lokix|Grass Knot|p1a: Great Tusk\n|-supereffective|p1a: Great Tusk\n|-damage|p1a: Great Tusk|0 fnt\n|faint|p1a: Great Tusk\n|-end|p1a: Great Tusk|Protosynthesis|[silent]\n|\n|upkeep\n|\n|t:|1701193090\n|switch|p1a: Dragapult|Dragapult, F|100\/100\n|turn|7\n|\n|t:|1701193106\n|move|p1a: Dragapult|U-turn|p2a: Lokix\n|-resisted|p2a: Lokix\n|-damage|p2a: Lokix|27\/100\n|replace|p2a: Zoroark|Zoroark-Hisui, F\n|-end|p2a: Zoroark|Illusion\n|\n|t:|1701193116\n|switch|p1a: Kingambit|Kingambit, F|100\/100|[from] U-turn\n|-activate|p1a: Kingambit|ability: Supreme Overlord\n|-start|p1a: Kingambit|fallen1|[silent]\n|move|p2a: Zoroark|Shadow Ball|p1a: Kingambit\n|-resisted|p1a: Kingambit\n|-damage|p1a: Kingambit|78\/100\n|\n|upkeep\n|turn|8\n|\n|t:|1701193128\n|switch|p2a: Great Tusk|Great Tusk|100\/100\n|move|p1a: Kingambit|Sucker Punch||[still]\n|-fail|p1a: Kingambit\n|\n|upkeep\n|turn|9\n|\n|t:|1701193145\n|-end|p1a: Kingambit|fallen1|[silent]\n|switch|p1a: Zapdos|Zapdos|19\/100\n|move|p2a: Great Tusk|Ice Spinner|p1a: Zapdos\n|-supereffective|p1a: Zapdos\n|-damage|p1a: Zapdos|0 fnt\n|faint|p1a: Zapdos\n|\n|upkeep\n|\n|t:|1701193154\n|switch|p1a: Dragapult|Dragapult, F|100\/100\n|turn|10\n|\n|t:|1701193161\n|-end|p2a: Great Tusk|Protosynthesis|[silent]\n|switch|p2a: Lokix|Lokix, F|27\/100\n|move|p1a: Dragapult|Draco Meteor|p2a: Lokix\n|-damage|p2a: Lokix|0 fnt\n|-unboost|p1a: Dragapult|spa|2\n|replace|p2a: Zoroark|Zoroark-Hisui, F\n|-end|p2a: Zoroark|Illusion\n|faint|p2a: Zoroark\n|\n|upkeep\n|\n|t:|1701193176\n|switch|p2a: Lokix|Lokix, F|100\/100 par\n|turn|11\n|\n|t:|1701193187\n|switch|p1a: Kingambit|Kingambit, F|78\/100\n|-activate|p1a: Kingambit|ability: Supreme Overlord\n|-start|p1a: Kingambit|fallen2|[silent]\n|cant|p2a: Lokix|par\n|\n|upkeep\n|turn|12\n|\n|t:|1701193200\n|move|p1a: Kingambit|Iron Head|p2a: Lokix\n|-damage|p2a: Lokix|16\/100 par\n|move|p2a: Lokix|U-turn|p1a: Kingambit\n|-damage|p1a: Kingambit|37\/100\n|\n|t:|1701193216\n|switch|p2a: Alomomola|Alomomola, F|100\/100|[from] U-turn\n|\n|upkeep\n|turn|13\n|\n|t:|1701193231\n|move|p1a: Kingambit|Swords Dance|p1a: Kingambit\n|-boost|p1a: Kingambit|atk|2\n|move|p2a: Alomomola|Wish|p2a: Alomomola\n|\n|upkeep\n|turn|14\n|\n|t:|1701193244\n|move|p1a: Kingambit|Kowtow Cleave|p2a: Alomomola\n|-damage|p2a: Alomomola|30\/100\n|-enditem|p2a: Alomomola|Red Card|[of] p1a: Kingambit\n|-end|p1a: Kingambit|fallen2|[silent]\n|drag|p1a: Blissey|Blissey, F|100\/100\n|move|p2a: Alomomola|Flip Turn|p1a: Blissey\n|-damage|p1a: Blissey|87\/100\n|\n|t:|1701193255\n|switch|p2a: Lokix|Lokix, F|16\/100 par|[from] Flip Turn\n|\n|-heal|p2a: Lokix|99\/100 par|[from] move: Wish|[wisher] Alomomola\n|upkeep\n|turn|15\n|\n|t:|1701193281\n|move|p1a: Blissey|Stealth Rock|p2a: Lokix\n|-sidestart|p2: bunnelby to NU|move: Stealth Rock\n|move|p2a: Lokix|U-turn|p1a: Blissey\n|-damage|p1a: Blissey|40\/100\n|\n|t:|1701193287\n|switch|p2a: Great Tusk|Great Tusk|100\/100|[from] U-turn\n|-damage|p2a: Great Tusk|98\/100|[from] Stealth Rock\n|\n|upkeep\n|turn|16\n|\n|t:|1701193297\n|move|p2a: Great Tusk|Knock Off|p1a: Blissey\n|-damage|p1a: Blissey|5\/100\n|-enditem|p1a: Blissey|Heavy-Duty Boots|[from] move: Knock Off|[of] p2a: Great Tusk\n|move|p1a: Blissey|Seismic Toss|p2a: Great Tusk\n|-damage|p2a: Great Tusk|74\/100\n|\n|upkeep\n|turn|17\n|\n|t:|1701193315\n|move|p2a: Great Tusk|Knock Off|p1a: Blissey\n|-damage|p1a: Blissey|0 fnt\n|faint|p1a: Blissey\n|\n|upkeep\n|\n|t:|1701193320\n|switch|p1a: Ogerpon|Ogerpon-Wellspring, F|31\/100\n|turn|18\n|\n|t:|1701193338\n|-end|p2a: Great Tusk|Protosynthesis|[silent]\n|switch|p2a: Lokix|Lokix, F|99\/100 par\n|-damage|p2a: Lokix|75\/100 par|[from] Stealth Rock\n|move|p1a: Ogerpon|Power Whip|p2a: Lokix|[miss]\n|-miss|p1a: Ogerpon|p2a: Lokix\n|\n|upkeep\n|turn|19\n|\n|t:|1701193347\n|move|p2a: Lokix|First Impression|p1a: Ogerpon\n|-supereffective|p1a: Ogerpon\n|-damage|p1a: Ogerpon|0 fnt\n|faint|p1a: Ogerpon\n|\n|upkeep\n|\n|t:|1701193353\n|switch|p1a: Kingambit|Kingambit, F|37\/100\n|-activate|p1a: Kingambit|ability: Supreme Overlord\n|-start|p1a: Kingambit|fallen4|[silent]\n|turn|20\n|\n|t:|1701193358\n|switch|p2a: Alomomola|Alomomola, F|64\/100\n|-damage|p2a: Alomomola|51\/100|[from] Stealth Rock\n|move|p1a: Kingambit|Swords Dance|p1a: Kingambit\n|-boost|p1a: Kingambit|atk|2\n|\n|upkeep\n|turn|21\n|\n|t:|1701193369\n|move|p1a: Kingambit|Kowtow Cleave|p2a: Alomomola\n|-damage|p2a: Alomomola|0 fnt\n|faint|p2a: Alomomola\n|\n|upkeep\n|\n|t:|1701193377\n|switch|p2a: Lokix|Lokix, F|75\/100 par\n|-damage|p2a: Lokix|50\/100 par|[from] Stealth Rock\n|turn|22\n|\n|t:|1701193381\n|move|p2a: Lokix|First Impression|p1a: Kingambit\n|-damage|p1a: Kingambit|0 fnt\n|faint|p1a: Kingambit\n|-end|p1a: Kingambit|fallen4|[silent]\n|\n|upkeep\n|\n|t:|1701193384\n|switch|p1a: Dragapult|Dragapult, F|100\/100\n|turn|23\n|\n|t:|1701193393\n|switch|p2a: Kleavor|Kleavor, F|100\/100\n|-damage|p2a: Kleavor|76\/100|[from] Stealth Rock\n|move|p1a: Dragapult|Shadow Ball|p2a: Kleavor\n|-damage|p2a: Kleavor|0 fnt\n|faint|p2a: Kleavor\n|\n|upkeep\n|\n|t:|1701193402\n|switch|p2a: Lokix|Lokix, F|50\/100 par\n|-damage|p2a: Lokix|25\/100 par|[from] Stealth Rock\n|turn|24\n|\n|t:|1701193411\n|move|p2a: Lokix|Sucker Punch|p1a: Dragapult\n|-supereffective|p1a: Dragapult\n|-damage|p1a: Dragapult|0 fnt\n|faint|p1a: Dragapult\n|\n|win|bunnelby to NU\n|raw|Alexis1710's rating: 1372 &rarr; <strong>1351<\/strong><br \/>(-21 for losing)\n|raw|bunnelby to NU's rating: 1350 &rarr; <strong>1371<\/strong><br \/>(+21 for winning)\n|l|\u2606Alexis1710\n","uploadtime":1701193470,"views":10,"p1id":"alexis1710","p2id":"bunnelbytonu","formatid":"gen9ou","rating":1351,"private":0,"password":""}