{"id":"gen9ou-1999629534","p1":"PogRamsey","p2":"BlitzJix","format":"[Gen 9] OU","log":"|j|\u2606PogRamsey\n|j|\u2606BlitzJix\n|inactive|Battle timer is ON: inactive players will automatically lose when time's up.\n|t:|1701102713\n|gametype|singles\n|player|p1|PogRamsey|chuck|\n|player|p2|BlitzJix|170|\n|teamsize|p1|3\n|teamsize|p2|3\n|gen|9\n|tier|[Gen 9] OU\n|rated|Tournament battle\n|rule|Sleep Clause Mod: Limit one foe put to sleep\n|rule|Species Clause: Limit one of each Pok\u00e9mon\n|rule|OHKO Clause: OHKO moves are banned\n|rule|Evasion Items Clause: Evasion items are banned\n|rule|Evasion Moves Clause: Evasion moves are banned\n|rule|Endless Battle Clause: Forcing endless battles is banned\n|rule|HP Percentage Mod: HP is shown in percentages\n|clearpoke\n|poke|p1|Hippowdon, M|\n|poke|p1|Houndstone, M|\n|poke|p1|Mienshao, M|\n|poke|p2|Bronzong|\n|poke|p2|Lilligant-Hisui, F|\n|poke|p2|Barraskewda, F|\n|teampreview\n|j|*Lady Monita \u2746\n|inactive|PogRamsey also wants the timer to be on.\n|inactive|BlitzJix also wants the timer to be on.\n|j| kanako-kun\n|c|\u2606PogRamsey|gl\n|l| kanako-kun\n|\n|t:|1701102725\n|start\n|switch|p1a: Mienshao|Mienshao, M|100\/100\n|switch|p2a: Barraskewda|Barraskewda, F|100\/100\n|turn|1\n|\n|t:|1701102735\n|move|p1a: Mienshao|Fake Out|p2a: Barraskewda\n|-damage|p2a: Barraskewda|74\/100\n|cant|p2a: Barraskewda|flinch\n|\n|upkeep\n|turn|2\n|\n|t:|1701102750\n|switch|p1a: Hippowdon|Hippowdon, M|100\/100\n|-weather|Sandstorm|[from] ability: Sand Stream|[of] p1a: Hippowdon\n|move|p2a: Barraskewda|Flip Turn|p1a: Hippowdon\n|-supereffective|p1a: Hippowdon\n|-damage|p1a: Hippowdon|56\/100\n|-damage|p2a: Barraskewda|58\/100|[from] item: Rocky Helmet|[of] p1a: Hippowdon\n|-damage|p2a: Barraskewda|48\/100|[from] item: Life Orb\n|\n|t:|1701102756\n|switch|p2a: Bronzong|Bronzong|100\/100|[from] Flip Turn\n|\n|-weather|Sandstorm|[upkeep]\n|upkeep\n|turn|3\n|\n|t:|1701102766\n|move|p1a: Hippowdon|Stealth Rock|p2a: Bronzong\n|-sidestart|p2: BlitzJix|move: Stealth Rock\n|move|p2a: Bronzong|Reflect|p2a: Bronzong\n|-sidestart|p2: BlitzJix|Reflect\n|\n|-weather|Sandstorm|[upkeep]\n|upkeep\n|turn|4\n|j| brodiewhat\n|\n|t:|1701102778\n|switch|p2a: Barraskewda|Barraskewda, F|48\/100\n|-damage|p2a: Barraskewda|35\/100|[from] Stealth Rock\n|move|p1a: Hippowdon|Whirlwind|p2a: Barraskewda\n|drag|p2a: Bronzong|Bronzong|100\/100\n|-damage|p2a: Bronzong|94\/100|[from] Stealth Rock\n|\n|-weather|Sandstorm|[upkeep]\n|upkeep\n|turn|5\n|\n|t:|1701102785\n|move|p2a: Bronzong|Psychic|p1a: Hippowdon\n|-damage|p1a: Hippowdon|27\/100\n|move|p1a: Hippowdon|Whirlwind|p2a: Bronzong\n|drag|p2a: Barraskewda|Barraskewda, F|35\/100\n|-damage|p2a: Barraskewda|23\/100|[from] Stealth Rock\n|\n|-weather|Sandstorm|[upkeep]\n|-damage|p2a: Barraskewda|17\/100|[from] Sandstorm\n|upkeep\n|turn|6\n|\n|t:|1701102801\n|switch|p1a: Mienshao|Mienshao, M|100\/100\n|move|p2a: Barraskewda|Liquidation|p1a: Mienshao\n|-damage|p1a: Mienshao|0 fnt\n|faint|p1a: Mienshao\n|-damage|p2a: Barraskewda|7\/100|[from] item: Life Orb\n|\n|-weather|none\n|upkeep\n|\n|t:|1701102815\n|switch|p1a: Hippowdon|Hippowdon, M|27\/100\n|-weather|Sandstorm|[from] ability: Sand Stream|[of] p1a: Hippowdon\n|turn|7\n|j| TJ799\n|\n|t:|1701102823\n|move|p2a: Barraskewda|Liquidation|p1a: Hippowdon\n|-supereffective|p1a: Hippowdon\n|-damage|p1a: Hippowdon|0 fnt\n|-damage|p2a: Barraskewda|0 fnt|[from] item: Rocky Helmet|[of] p1a: Hippowdon\n|faint|p1a: Hippowdon\n|faint|p2a: Barraskewda\n|\n|-weather|Sandstorm|[upkeep]\n|upkeep\n|\n|t:|1701102831\n|switch|p2a: Lilligant|Lilligant-Hisui, F|100\/100\n|switch|p1a: Houndstone|Houndstone, M|100\/100\n|-damage|p2a: Lilligant|94\/100|[from] Stealth Rock\n|turn|8\n|\n|t:|1701102848\n|-terastallize|p1a: Houndstone|Ghost\n|-terastallize|p2a: Lilligant|Rock\n|move|p1a: Houndstone|Poltergeist|p2a: Lilligant\n|-activate|p2a: Lilligant|move: Poltergeist|Expert Belt\n|-damage|p2a: Lilligant|42\/100\n|move|p2a: Lilligant|Victory Dance|p2a: Lilligant\n|-boost|p2a: Lilligant|atk|1\n|-boost|p2a: Lilligant|def|1\n|-boost|p2a: Lilligant|spe|1\n|\n|-weather|Sandstorm|[upkeep]\n|upkeep\n|turn|9\n|\n|t:|1701102865\n|move|p1a: Houndstone|Poltergeist|p2a: Lilligant|[miss]\n|-miss|p1a: Houndstone|p2a: Lilligant\n|move|p2a: Lilligant|Leaf Blade|p1a: Houndstone\n|-damage|p1a: Houndstone|22\/100\n|\n|-weather|Sandstorm|[upkeep]\n|upkeep\n|turn|10\n|\n|t:|1701102873\n|move|p1a: Houndstone|Poltergeist|p2a: Lilligant\n|-activate|p2a: Lilligant|move: Poltergeist|Expert Belt\n|-damage|p2a: Lilligant|5\/100\n|move|p2a: Lilligant|Leaf Blade|p1a: Houndstone\n|-damage|p1a: Houndstone|0 fnt\n|faint|p1a: Houndstone\n|\n|win|BlitzJix\n|n|\u2606PogRamsey|pogramsey\n|n|\u2606BlitzJix|blitzjix\n|n|*Lady Monita \u2746|ladymonita\n|n| brodiewhat|brodiewhat\n|n| TJ799|tj799\n","uploadtime":1701102874,"views":2,"p1id":"pogramsey","p2id":"blitzjix","formatid":"gen9ou","rating":0,"private":0,"password":""}