{"id":"gen9ou-2000173534","p1":"putirou","p2":"SchwulerJulius","format":"[Gen 9] OU","log":"|j|\u2606putirou\n|j|\u2606SchwulerJulius\n|t:|1701167226\n|gametype|singles\n|player|p1|putirou|wallace|1116\n|player|p2|SchwulerJulius|102|1078\n|teamsize|p1|6\n|teamsize|p2|6\n|gen|9\n|tier|[Gen 9] OU\n|rated|\n|rule|Sleep Clause Mod: Limit one foe put to sleep\n|rule|Species Clause: Limit one of each Pok\u00e9mon\n|rule|OHKO Clause: OHKO moves are banned\n|rule|Evasion Items Clause: Evasion items are banned\n|rule|Evasion Moves Clause: Evasion moves are banned\n|rule|Endless Battle Clause: Forcing endless battles is banned\n|rule|HP Percentage Mod: HP is shown in percentages\n|clearpoke\n|poke|p1|Mimikyu, F|\n|poke|p1|Gholdengo|\n|poke|p1|Great Tusk|\n|poke|p1|Heatran, F|\n|poke|p1|Landorus-Therian, M|\n|poke|p1|Ninetales-Alola, F|\n|poke|p2|Garchomp, M|\n|poke|p2|Hydreigon, M|\n|poke|p2|Corviknight, F|\n|poke|p2|Garganacl, F|\n|poke|p2|Dondozo, F|\n|poke|p2|Kingambit, M|\n|teampreview\n|inactive|Battle timer is ON: inactive players will automatically lose when time's up. (requested by SchwulerJulius)\n|c|\u2606SchwulerJulius|glhf\n|\n|t:|1701167243\n|start\n|switch|p1a: Gholdengo|Gholdengo, shiny|100\/100\n|switch|p2a: Garchomp|Garchomp, M|100\/100\n|turn|1\n|\n|t:|1701167248\n|move|p2a: Garchomp|Stealth Rock|p1a: Gholdengo\n|-sidestart|p1: putirou|move: Stealth Rock\n|move|p1a: Gholdengo|Nasty Plot|p1a: Gholdengo\n|-boost|p1a: Gholdengo|spa|2\n|\n|upkeep\n|turn|2\n|\n|t:|1701167251\n|move|p2a: Garchomp|Earthquake|p1a: Gholdengo\n|-supereffective|p1a: Gholdengo\n|-damage|p1a: Gholdengo|25\/100\n|move|p1a: Gholdengo|Nasty Plot|p1a: Gholdengo\n|-boost|p1a: Gholdengo|spa|2\n|\n|upkeep\n|turn|3\n|\n|t:|1701167258\n|-terastallize|p1a: Gholdengo|Flying\n|move|p2a: Garchomp|Earthquake|p1a: Gholdengo\n|-immune|p1a: Gholdengo\n|move|p1a: Gholdengo|Make It Rain|p2a: Garchomp\n|-damage|p2a: Garchomp|0 fnt\n|-unboost|p1a: Gholdengo|spa|1\n|faint|p2a: Garchomp\n|\n|upkeep\n|\n|t:|1701167266\n|switch|p2a: Hydreigon|Hydreigon, M|100\/100\n|turn|4\n|\n|t:|1701167271\n|move|p2a: Hydreigon|Dark Pulse|p1a: Gholdengo\n|-damage|p1a: Gholdengo|0 fnt\n|faint|p1a: Gholdengo\n|\n|upkeep\n|\n|t:|1701167278\n|switch|p1a: Ninetales|Ninetales-Alola, F, shiny|100\/100\n|-damage|p1a: Ninetales|75\/100|[from] Stealth Rock\n|-weather|Snow|[from] ability: Snow Warning|[of] p1a: Ninetales\n|turn|5\n|\n|t:|1701167283\n|switch|p2a: Corviknight|Corviknight, F|100\/100\n|-ability|p2a: Corviknight|Pressure\n|move|p1a: Ninetales|Aurora Veil|p1a: Ninetales\n|-sidestart|p1: putirou|move: Aurora Veil\n|\n|-weather|Snow|[upkeep]\n|upkeep\n|turn|6\n|\n|t:|1701167287\n|move|p1a: Ninetales|Calm Mind|p1a: Ninetales\n|-boost|p1a: Ninetales|spa|1\n|-boost|p1a: Ninetales|spd|1\n|move|p2a: Corviknight|U-turn|p1a: Ninetales\n|-resisted|p1a: Ninetales\n|-damage|p1a: Ninetales|72\/100\n|\n|t:|1701167290\n|switch|p2a: Garganacl|Garganacl, F|100\/100|[from] U-turn\n|\n|-weather|Snow|[upkeep]\n|upkeep\n|turn|7\n|\n|t:|1701167308\n|move|p1a: Ninetales|Moonblast|p2a: Garganacl\n|-damage|p2a: Garganacl|58\/100\n|move|p2a: Garganacl|Salt Cure|p1a: Ninetales\n|-supereffective|p1a: Ninetales\n|-damage|p1a: Ninetales|58\/100\n|-start|p1a: Ninetales|Salt Cure\n|\n|-weather|Snow|[upkeep]\n|-heal|p2a: Garganacl|64\/100|[from] item: Leftovers\n|-damage|p1a: Ninetales|45\/100|[from] Salt Cure\n|upkeep\n|turn|8\n|\n|t:|1701167313\n|move|p1a: Ninetales|Moonblast|p2a: Garganacl\n|-damage|p2a: Garganacl|22\/100\n|move|p2a: Garganacl|Recover|p2a: Garganacl\n|-heal|p2a: Garganacl|72\/100\n|\n|-weather|Snow|[upkeep]\n|-heal|p2a: Garganacl|78\/100|[from] item: Leftovers\n|-damage|p1a: Ninetales|33\/100|[from] Salt Cure\n|upkeep\n|turn|9\n|\n|t:|1701167317\n|move|p1a: Ninetales|Freeze-Dry|p2a: Garganacl\n|-damage|p2a: Garganacl|51\/100\n|move|p2a: Garganacl|Recover|p2a: Garganacl\n|-heal|p2a: Garganacl|100\/100\n|\n|-weather|none\n|-damage|p1a: Ninetales|20\/100|[from] Salt Cure\n|-sideend|p1: putirou|move: Aurora Veil\n|upkeep\n|turn|10\n|\n|t:|1701167336\n|move|p1a: Ninetales|Calm Mind|p1a: Ninetales\n|-boost|p1a: Ninetales|spa|1\n|-boost|p1a: Ninetales|spd|1\n|move|p2a: Garganacl|Recover||[still]\n|-fail|p2a: Garganacl|heal\n|\n|-damage|p1a: Ninetales|8\/100|[from] Salt Cure\n|upkeep\n|turn|11\n|\n|t:|1701167343\n|move|p1a: Ninetales|Moonblast|p2a: Garganacl\n|-damage|p2a: Garganacl|50\/100\n|-unboost|p2a: Garganacl|spa|1\n|move|p2a: Garganacl|Recover|p2a: Garganacl\n|-heal|p2a: Garganacl|100\/100\n|\n|-damage|p1a: Ninetales|0 fnt|[from] Salt Cure\n|faint|p1a: Ninetales\n|upkeep\n|\n|t:|1701167349\n|switch|p1a: Great Tusk|Great Tusk, shiny|100\/100\n|-damage|p1a: Great Tusk|98\/100|[from] Stealth Rock\n|-enditem|p1a: Great Tusk|Booster Energy\n|-activate|p1a: Great Tusk|ability: Protosynthesis|[fromitem]\n|-start|p1a: Great Tusk|protosynthesisspe\n|turn|12\n|\n|t:|1701167353\n|move|p1a: Great Tusk|Close Combat|p2a: Garganacl\n|-supereffective|p2a: Garganacl\n|-damage|p2a: Garganacl|29\/100\n|-unboost|p1a: Great Tusk|def|1\n|-unboost|p1a: Great Tusk|spd|1\n|move|p2a: Garganacl|Salt Cure|p1a: Great Tusk\n|-resisted|p1a: Great Tusk\n|-damage|p1a: Great Tusk|94\/100\n|-start|p1a: Great Tusk|Salt Cure\n|\n|-heal|p2a: Garganacl|35\/100|[from] item: Leftovers\n|-damage|p1a: Great Tusk|82\/100|[from] Salt Cure\n|upkeep\n|turn|13\n|\n|t:|1701167356\n|switch|p2a: Corviknight|Corviknight, F|100\/100\n|-ability|p2a: Corviknight|Pressure\n|move|p1a: Great Tusk|Close Combat|p2a: Corviknight\n|-damage|p2a: Corviknight|67\/100\n|-unboost|p1a: Great Tusk|def|1\n|-unboost|p1a: Great Tusk|spd|1\n|-damage|p1a: Great Tusk|65\/100|[from] item: Rocky Helmet|[of] p2a: Corviknight\n|\n|-damage|p1a: Great Tusk|53\/100|[from] Salt Cure\n|upkeep\n|turn|14\n|\n|t:|1701167371\n|move|p1a: Great Tusk|Stealth Rock|p2a: Corviknight\n|-sidestart|p2: SchwulerJulius|move: Stealth Rock\n|move|p2a: Corviknight|U-turn|p1a: Great Tusk\n|-resisted|p1a: Great Tusk\n|-damage|p1a: Great Tusk|44\/100\n|\n|t:|1701167374\n|switch|p2a: Dondozo|Dondozo, F|100\/100|[from] U-turn\n|-damage|p2a: Dondozo|88\/100|[from] Stealth Rock\n|\n|-heal|p2a: Dondozo|94\/100|[from] item: Leftovers\n|-damage|p1a: Great Tusk|32\/100|[from] Salt Cure\n|upkeep\n|turn|15\n|\n|t:|1701167392\n|move|p1a: Great Tusk|Earthquake|p2a: Dondozo\n|-damage|p2a: Dondozo|68\/100\n|move|p2a: Dondozo|Curse|p2a: Dondozo\n|-unboost|p2a: Dondozo|spe|1\n|-boost|p2a: Dondozo|atk|1\n|-boost|p2a: Dondozo|def|1\n|\n|-heal|p2a: Dondozo|74\/100|[from] item: Leftovers\n|-damage|p1a: Great Tusk|19\/100|[from] Salt Cure\n|upkeep\n|turn|16\n|\n|t:|1701167397\n|-end|p1a: Great Tusk|Protosynthesis|[silent]\n|switch|p1a: Mimikyu|Mimikyu, F, shiny|100\/100\n|-damage|p1a: Mimikyu|88\/100|[from] Stealth Rock\n|move|p2a: Dondozo|Curse|p2a: Dondozo\n|-unboost|p2a: Dondozo|spe|1\n|-boost|p2a: Dondozo|atk|1\n|-boost|p2a: Dondozo|def|1\n|\n|-heal|p2a: Dondozo|80\/100|[from] item: Leftovers\n|upkeep\n|turn|17\n|\n|t:|1701167401\n|move|p1a: Mimikyu|Destiny Bond|p1a: Mimikyu\n|-singlemove|p1a: Mimikyu|Destiny Bond\n|move|p2a: Dondozo|Wave Crash|p1a: Mimikyu\n|-activate|p1a: Mimikyu|ability: Disguise\n|-damage|p1a: Mimikyu|88\/100\n|detailschange|p1a: Mimikyu|Mimikyu-Busted, F, shiny\n|-damage|p1a: Mimikyu|76\/100|[from] pokemon: Mimikyu-Busted\n|\n|-heal|p2a: Dondozo|86\/100|[from] item: Leftovers\n|upkeep\n|turn|18\n|\n|t:|1701167407\n|move|p1a: Mimikyu|Destiny Bond||[still]\n|-fail|p1a: Mimikyu\n|move|p2a: Dondozo|Wave Crash|p1a: Mimikyu\n|-damage|p1a: Mimikyu|0 fnt\n|faint|p1a: Mimikyu\n|-damage|p2a: Dondozo|71\/100|[from] Recoil\n|\n|-heal|p2a: Dondozo|77\/100|[from] item: Leftovers\n|upkeep\n|\n|t:|1701167409\n|switch|p1a: Landorus|Landorus-Therian, M|100\/100\n|-damage|p1a: Landorus|88\/100|[from] Stealth Rock\n|-ability|p1a: Landorus|Intimidate|boost\n|-unboost|p2a: Dondozo|atk|1\n|turn|19\n|\n|t:|1701167412\n|move|p1a: Landorus|Smack Down|p2a: Dondozo\n|-damage|p2a: Dondozo|72\/100\n|move|p2a: Dondozo|Curse|p2a: Dondozo\n|-unboost|p2a: Dondozo|spe|1\n|-boost|p2a: Dondozo|atk|1\n|-boost|p2a: Dondozo|def|1\n|\n|-heal|p2a: Dondozo|78\/100|[from] item: Leftovers\n|upkeep\n|turn|20\n|\n|t:|1701167424\n|-terastallize|p2a: Dondozo|Normal\n|move|p1a: Landorus|Earth Power|p2a: Dondozo\n|-damage|p2a: Dondozo|56\/100\n|move|p2a: Dondozo|Curse|p2a: Dondozo\n|-unboost|p2a: Dondozo|spe|1\n|-boost|p2a: Dondozo|atk|1\n|-boost|p2a: Dondozo|def|1\n|\n|-heal|p2a: Dondozo|62\/100|[from] item: Leftovers\n|upkeep\n|turn|21\n|\n|t:|1701167434\n|move|p1a: Landorus|Sludge Bomb|p2a: Dondozo\n|-damage|p2a: Dondozo|48\/100\n|move|p2a: Dondozo|Rest|p2a: Dondozo\n|-status|p2a: Dondozo|slp|[from] move: Rest\n|-heal|p2a: Dondozo|100\/100 slp|[silent]\n|\n|upkeep\n|turn|22\n|\n|t:|1701167437\n|move|p1a: Landorus|Earthquake|p2a: Dondozo\n|-damage|p2a: Dondozo|90\/100 slp\n|cant|p2a: Dondozo|slp\n|move|p2a: Dondozo|Sleep Talk|p2a: Dondozo\n|move|p2a: Dondozo|Rest||[from]move: Sleep Talk|[still]\n|-fail|p2a: Dondozo\n|\n|-heal|p2a: Dondozo|96\/100 slp|[from] item: Leftovers\n|upkeep\n|turn|23\n|\n|t:|1701167452\n|move|p1a: Landorus|Earthquake|p2a: Dondozo\n|-damage|p2a: Dondozo|85\/100 slp\n|cant|p2a: Dondozo|slp\n|move|p2a: Dondozo|Sleep Talk|p2a: Dondozo\n|move|p2a: Dondozo|Wave Crash|p1a: Landorus|[from]move: Sleep Talk\n|-supereffective|p1a: Landorus\n|-damage|p1a: Landorus|0 fnt\n|faint|p1a: Landorus\n|-damage|p2a: Dondozo|67\/100 slp|[from] Recoil\n|\n|-heal|p2a: Dondozo|73\/100 slp|[from] item: Leftovers\n|upkeep\n|\n|t:|1701167455\n|switch|p1a: Heatran|Heatran, F, shiny|100\/100\n|-damage|p1a: Heatran|88\/100|[from] Stealth Rock\n|turn|24\n|\n|t:|1701167457\n|move|p1a: Heatran|Dragon Pulse|p2a: Dondozo\n|-damage|p2a: Dondozo|51\/100 slp\n|-curestatus|p2a: Dondozo|slp|[msg]\n|move|p2a: Dondozo|Curse|p2a: Dondozo\n|-unboost|p2a: Dondozo|spe|1\n|-boost|p2a: Dondozo|atk|1\n|-boost|p2a: Dondozo|def|1\n|\n|-heal|p2a: Dondozo|57\/100|[from] item: Leftovers\n|upkeep\n|turn|25\n|\n|t:|1701167459\n|move|p1a: Heatran|Dragon Pulse|p2a: Dondozo\n|-damage|p2a: Dondozo|35\/100\n|move|p2a: Dondozo|Wave Crash|p1a: Heatran\n|-supereffective|p1a: Heatran\n|-damage|p1a: Heatran|0 fnt\n|faint|p1a: Heatran\n|-damage|p2a: Dondozo|16\/100|[from] Recoil\n|\n|-heal|p2a: Dondozo|22\/100|[from] item: Leftovers\n|upkeep\n|\n|t:|1701167461\n|switch|p1a: Great Tusk|Great Tusk, shiny|19\/100\n|-damage|p1a: Great Tusk|16\/100|[from] Stealth Rock\n|turn|26\n|c|\u2606SchwulerJulius|gg\n|\n|t:|1701167465\n|move|p1a: Great Tusk|Close Combat|p2a: Dondozo\n|-supereffective|p2a: Dondozo\n|-crit|p2a: Dondozo\n|-damage|p2a: Dondozo|0 fnt\n|-unboost|p1a: Great Tusk|def|1\n|-unboost|p1a: Great Tusk|spd|1\n|faint|p2a: Dondozo\n|\n|upkeep\n|\n|t:|1701167468\n|switch|p2a: Hydreigon|Hydreigon, M|100\/100\n|-damage|p2a: Hydreigon|88\/100|[from] Stealth Rock\n|turn|27\n|\n|t:|1701167474\n|move|p2a: Hydreigon|Dark Pulse|p1a: Great Tusk\n|-resisted|p1a: Great Tusk\n|-damage|p1a: Great Tusk|0 fnt\n|faint|p1a: Great Tusk\n|-end|p1a: Great Tusk|Protosynthesis|[silent]\n|\n|win|SchwulerJulius\n|raw|putirou's rating: 1136 &rarr; <strong>1107<\/strong><br \/>(-29 for losing)\n|raw|SchwulerJulius's rating: 1078 &rarr; <strong>1111<\/strong><br \/>(+33 for winning)\n|l|\u2606putirou\n","uploadtime":1701167479,"views":7,"p1id":"putirou","p2id":"schwulerjulius","formatid":"gen9ou","rating":1107,"private":0,"password":""}