{"id":"gen9ou-1999927149","p1":"TMcNic7","p2":"mikejohns","format":"[Gen 9] OU","log":"|j|\u2606TMcNic7\n|j|\u2606mikejohns\n|t:|1701130990\n|gametype|singles\n|player|p1|TMcNic7|clair|1680\n|player|p2|mikejohns|volkner|1599\n|teamsize|p1|6\n|teamsize|p2|6\n|gen|9\n|tier|[Gen 9] OU\n|rated|\n|rule|Sleep Clause Mod: Limit one foe put to sleep\n|rule|Species Clause: Limit one of each Pok\u00e9mon\n|rule|OHKO Clause: OHKO moves are banned\n|rule|Evasion Items Clause: Evasion items are banned\n|rule|Evasion Moves Clause: Evasion moves are banned\n|rule|Endless Battle Clause: Forcing endless battles is banned\n|rule|HP Percentage Mod: HP is shown in percentages\n|clearpoke\n|poke|p1|Clefable, M|\n|poke|p1|Clodsire, M|\n|poke|p1|Milotic, F|\n|poke|p1|Mandibuzz, F|\n|poke|p1|Skeledirge, F|\n|poke|p1|Dragapult, F|\n|poke|p2|Corviknight, F|\n|poke|p2|Ting-Lu|\n|poke|p2|Slowking-Galar, F|\n|poke|p2|Great Tusk|\n|poke|p2|Ogerpon, F|\n|poke|p2|Moltres|\n|teampreview\n|inactive|Battle timer is ON: inactive players will automatically lose when time's up. (requested by mikejohns)\n|\n|t:|1701131005\n|start\n|switch|p1a: Dragapult|Dragapult, F|100\/100\n|switch|p2a: Moltres|Moltres|100\/100\n|turn|1\n|\n|t:|1701131009\n|switch|p1a: Clefable|Clefable, M|100\/100\n|move|p2a: Moltres|U-turn|p1a: Clefable\n|-resisted|p1a: Clefable\n|-damage|p1a: Clefable|95\/100\n|\n|t:|1701131014\n|switch|p2a: Slowking|Slowking-Galar, F|100\/100|[from] U-turn\n|\n|upkeep\n|turn|2\n|\n|t:|1701131017\n|switch|p1a: Clodsire|Clodsire, M|100\/100\n|move|p2a: Slowking|Future Sight|p1a: Clodsire\n|-start|p2a: Slowking|move: Future Sight\n|\n|upkeep\n|turn|3\n|\n|t:|1701131035\n|switch|p2a: Ting-Lu|Ting-Lu|100\/100\n|-ability|p2a: Ting-Lu|Vessel of Ruin\n|move|p1a: Clodsire|Earthquake|p2a: Ting-Lu\n|-damage|p2a: Ting-Lu|86\/100\n|\n|-heal|p2a: Ting-Lu|92\/100|[from] item: Leftovers\n|upkeep\n|turn|4\n|\n|t:|1701131040\n|move|p2a: Ting-Lu|Spikes|p1a: Clodsire\n|-sidestart|p1: TMcNic7|Spikes\n|move|p1a: Clodsire|Toxic|p2a: Ting-Lu\n|-status|p2a: Ting-Lu|tox\n|\n|-end|p1a: Clodsire|move: Future Sight\n|-supereffective|p1a: Clodsire\n|-damage|p1a: Clodsire|60\/100\n|-heal|p2a: Ting-Lu|98\/100 tox|[from] item: Leftovers\n|-damage|p2a: Ting-Lu|92\/100 tox|[from] psn\n|upkeep\n|turn|5\n|\n|t:|1701131046\n|switch|p1a: Clefable|Clefable, M|95\/100\n|move|p2a: Ting-Lu|Spikes|p1a: Clefable\n|-sidestart|p1: TMcNic7|Spikes\n|\n|-heal|p2a: Ting-Lu|98\/100 tox|[from] item: Leftovers\n|-damage|p2a: Ting-Lu|86\/100 tox|[from] psn\n|upkeep\n|turn|6\n|\n|t:|1701131055\n|switch|p2a: Moltres|Moltres|100\/100\n|move|p1a: Clefable|Stealth Rock|p2a: Moltres\n|-sidestart|p2: mikejohns|move: Stealth Rock\n|\n|upkeep\n|turn|7\n|\n|t:|1701131061\n|move|p2a: Moltres|U-turn|p1a: Clefable\n|-resisted|p1a: Clefable\n|-damage|p1a: Clefable|89\/100\n|\n|t:|1701131075\n|switch|p2a: Corviknight|Corviknight, F|100\/100|[from] U-turn\n|-damage|p2a: Corviknight|88\/100|[from] Stealth Rock\n|-ability|p2a: Corviknight|Pressure\n|move|p1a: Clefable|Moonblast|p2a: Corviknight\n|-resisted|p2a: Corviknight\n|-crit|p2a: Corviknight\n|-damage|p2a: Corviknight|67\/100\n|\n|upkeep\n|turn|8\n|\n|t:|1701131082\n|switch|p1a: Mandibuzz|Mandibuzz, F|100\/100\n|move|p2a: Corviknight|Roost|p2a: Corviknight\n|-heal|p2a: Corviknight|100\/100\n|-singleturn|p2a: Corviknight|move: Roost\n|\n|upkeep\n|turn|9\n|\n|t:|1701131087\n|move|p1a: Mandibuzz|Knock Off|p2a: Corviknight\n|-damage|p2a: Corviknight|87\/100\n|-damage|p1a: Mandibuzz|84\/100|[from] item: Rocky Helmet|[of] p2a: Corviknight\n|-enditem|p2a: Corviknight|Rocky Helmet|[from] move: Knock Off|[of] p1a: Mandibuzz\n|move|p2a: Corviknight|U-turn|p1a: Mandibuzz\n|-damage|p1a: Mandibuzz|76\/100\n|\n|t:|1701131102\n|switch|p2a: Great Tusk|Great Tusk|100\/100|[from] U-turn\n|\n|upkeep\n|turn|10\n|\n|t:|1701131104\n|move|p2a: Great Tusk|Knock Off|p1a: Mandibuzz\n|-resisted|p1a: Mandibuzz\n|-damage|p1a: Mandibuzz|68\/100\n|-enditem|p1a: Mandibuzz|Heavy-Duty Boots|[from] move: Knock Off|[of] p2a: Great Tusk\n|move|p1a: Mandibuzz|Knock Off|p2a: Great Tusk\n|-resisted|p2a: Great Tusk\n|-damage|p2a: Great Tusk|93\/100\n|-enditem|p2a: Great Tusk|Heavy-Duty Boots|[from] move: Knock Off|[of] p1a: Mandibuzz\n|\n|upkeep\n|turn|11\n|\n|t:|1701131107\n|move|p2a: Great Tusk|Stealth Rock|p1a: Mandibuzz\n|-sidestart|p1: TMcNic7|move: Stealth Rock\n|move|p1a: Mandibuzz|Roost|p1a: Mandibuzz\n|-heal|p1a: Mandibuzz|100\/100\n|-singleturn|p1a: Mandibuzz|move: Roost\n|\n|upkeep\n|turn|12\n|\n|t:|1701131119\n|-end|p2a: Great Tusk|Protosynthesis|[silent]\n|switch|p2a: Slowking|Slowking-Galar, F|100\/100\n|-damage|p2a: Slowking|88\/100|[from] Stealth Rock\n|switch|p1a: Dragapult|Dragapult, F|100\/100\n|\n|upkeep\n|turn|13\n|\n|t:|1701131127\n|switch|p2a: Ting-Lu|Ting-Lu|86\/100 tox\n|-damage|p2a: Ting-Lu|80\/100 tox|[from] Stealth Rock\n|-ability|p2a: Ting-Lu|Vessel of Ruin\n|move|p1a: Dragapult|Will-O-Wisp||[still]\n|-fail|p1a: Dragapult\n|\n|-heal|p2a: Ting-Lu|86\/100 tox|[from] item: Leftovers\n|-damage|p2a: Ting-Lu|80\/100 tox|[from] psn\n|upkeep\n|turn|14\n|\n|t:|1701131137\n|move|p1a: Dragapult|U-turn|p2a: Ting-Lu\n|-supereffective|p2a: Ting-Lu\n|-damage|p2a: Ting-Lu|61\/100 tox\n|\n|t:|1701131159\n|switch|p1a: Mandibuzz|Mandibuzz, F|100\/100|[from] U-turn\n|-damage|p1a: Mandibuzz|76\/100|[from] Stealth Rock\n|move|p2a: Ting-Lu|Spikes|p1a: Mandibuzz\n|-sidestart|p1: TMcNic7|Spikes\n|\n|-heal|p2a: Ting-Lu|67\/100 tox|[from] item: Leftovers\n|-damage|p2a: Ting-Lu|55\/100 tox|[from] psn\n|upkeep\n|turn|15\n|\n|t:|1701131173\n|switch|p1a: Skeledirge|Skeledirge, F|100\/100\n|switch|p2a: Slowking|Slowking-Galar, F|100\/100\n|-damage|p2a: Slowking|88\/100|[from] Stealth Rock\n|\n|upkeep\n|turn|16\n|\n|t:|1701131182\n|switch|p2a: Moltres|Moltres|100\/100\n|move|p1a: Skeledirge|Will-O-Wisp|p2a: Moltres|[miss]\n|-miss|p1a: Skeledirge|p2a: Moltres\n|\n|upkeep\n|turn|17\n|\n|t:|1701131187\n|move|p2a: Moltres|U-turn|p1a: Skeledirge\n|-resisted|p1a: Skeledirge\n|-damage|p1a: Skeledirge|98\/100\n|\n|t:|1701131189\n|switch|p2a: Ting-Lu|Ting-Lu|55\/100 tox|[from] U-turn\n|-damage|p2a: Ting-Lu|48\/100 tox|[from] Stealth Rock\n|-ability|p2a: Ting-Lu|Vessel of Ruin\n|move|p1a: Skeledirge|Torch Song|p2a: Ting-Lu\n|-crit|p2a: Ting-Lu\n|-damage|p2a: Ting-Lu|31\/100 tox\n|-boost|p1a: Skeledirge|spa|1\n|\n|-heal|p2a: Ting-Lu|37\/100 tox|[from] item: Leftovers\n|-damage|p2a: Ting-Lu|31\/100 tox|[from] psn\n|upkeep\n|turn|18\n|\n|t:|1701131200\n|switch|p1a: Mandibuzz|Mandibuzz, F|76\/100\n|-damage|p1a: Mandibuzz|51\/100|[from] Stealth Rock\n|move|p2a: Ting-Lu|Earthquake|p1a: Mandibuzz\n|-immune|p1a: Mandibuzz\n|\n|-heal|p2a: Ting-Lu|37\/100 tox|[from] item: Leftovers\n|-damage|p2a: Ting-Lu|25\/100 tox|[from] psn\n|upkeep\n|turn|19\n|\n|t:|1701131203\n|move|p1a: Mandibuzz|Roost|p1a: Mandibuzz\n|-heal|p1a: Mandibuzz|100\/100\n|-singleturn|p1a: Mandibuzz|move: Roost\n|move|p2a: Ting-Lu|Whirlwind|p1a: Mandibuzz\n|drag|p1a: Dragapult|Dragapult, F|100\/100\n|\n|-heal|p2a: Ting-Lu|31\/100 tox|[from] item: Leftovers\n|-damage|p2a: Ting-Lu|12\/100 tox|[from] psn\n|upkeep\n|turn|20\n|\n|t:|1701131216\n|move|p1a: Dragapult|U-turn|p2a: Ting-Lu\n|-supereffective|p2a: Ting-Lu\n|-damage|p2a: Ting-Lu|0 fnt\n|faint|p2a: Ting-Lu\n|\n|t:|1701131223\n|switch|p1a: Milotic|Milotic, F|100\/100|[from] U-turn\n|\n|upkeep\n|\n|t:|1701131232\n|switch|p2a: Slowking|Slowking-Galar, F|100\/100\n|-damage|p2a: Slowking|88\/100|[from] Stealth Rock\n|turn|21\n|\n|t:|1701131236\n|move|p1a: Milotic|Scald|p2a: Slowking\n|-damage|p2a: Slowking|76\/100\n|move|p2a: Slowking|Future Sight|p1a: Milotic\n|-start|p2a: Slowking|move: Future Sight\n|\n|upkeep\n|turn|22\n|\n|t:|1701131240\n|move|p1a: Milotic|Scald|p2a: Slowking\n|-damage|p2a: Slowking|64\/100\n|-status|p2a: Slowking|brn\n|move|p2a: Slowking|Sludge Bomb|p1a: Milotic\n|-damage|p1a: Milotic|77\/100\n|-status|p1a: Milotic|psn\n|\n|-damage|p1a: Milotic|65\/100 psn|[from] psn\n|-damage|p2a: Slowking|58\/100 brn|[from] brn\n|upkeep\n|turn|23\n|\n|t:|1701131245\n|switch|p1a: Mandibuzz|Mandibuzz, F|100\/100\n|-damage|p1a: Mandibuzz|76\/100|[from] Stealth Rock\n|move|p2a: Slowking|Sludge Bomb|p1a: Mandibuzz\n|-damage|p1a: Mandibuzz|46\/100\n|-status|p1a: Mandibuzz|psn\n|\n|-end|p1a: Mandibuzz|move: Future Sight\n|-immune|p1a: Mandibuzz\n|-damage|p1a: Mandibuzz|33\/100 psn|[from] psn\n|-damage|p2a: Slowking|52\/100 brn|[from] brn\n|upkeep\n|turn|24\n|\n|t:|1701131253\n|switch|p2a: Ogerpon|Ogerpon, F|100\/100\n|move|p1a: Mandibuzz|Roost|p1a: Mandibuzz\n|-heal|p1a: Mandibuzz|83\/100 psn\n|-singleturn|p1a: Mandibuzz|move: Roost\n|\n|-damage|p1a: Mandibuzz|71\/100 psn|[from] psn\n|upkeep\n|turn|25\n|\n|t:|1701131256\n|move|p2a: Ogerpon|Encore|p1a: Mandibuzz\n|-start|p1a: Mandibuzz|Encore\n|move|p1a: Mandibuzz|Roost|p1a: Mandibuzz\n|-heal|p1a: Mandibuzz|100\/100 psn\n|-singleturn|p1a: Mandibuzz|move: Roost\n|\n|-damage|p1a: Mandibuzz|88\/100 psn|[from] psn\n|upkeep\n|turn|26\n|\n|t:|1701131264\n|switch|p1a: Dragapult|Dragapult, F|100\/100\n|move|p2a: Ogerpon|Knock Off|p1a: Dragapult\n|-supereffective|p1a: Dragapult\n|-crit|p1a: Dragapult\n|-damage|p1a: Dragapult|0 fnt\n|-enditem|p1a: Dragapult|Heavy-Duty Boots|[from] move: Knock Off|[of] p2a: Ogerpon\n|faint|p1a: Dragapult\n|\n|upkeep\n|\n|t:|1701131268\n|switch|p1a: Skeledirge|Skeledirge, F|98\/100\n|turn|27\n|\n|t:|1701131280\n|-terastallize|p1a: Skeledirge|Normal\n|move|p2a: Ogerpon|U-turn|p1a: Skeledirge\n|-damage|p1a: Skeledirge|82\/100\n|\n|t:|1701131291\n|switch|p2a: Moltres|Moltres|100\/100|[from] U-turn\n|move|p1a: Skeledirge|Torch Song|p2a: Moltres\n|-resisted|p2a: Moltres\n|-damage|p2a: Moltres|85\/100\n|-boost|p1a: Skeledirge|spa|1\n|\n|upkeep\n|turn|28\n|\n|t:|1701131295\n|move|p2a: Moltres|U-turn|p1a: Skeledirge\n|-damage|p1a: Skeledirge|72\/100\n|\n|t:|1701131309\n|switch|p2a: Great Tusk|Great Tusk|93\/100|[from] U-turn\n|-damage|p2a: Great Tusk|90\/100|[from] Stealth Rock\n|move|p1a: Skeledirge|Torch Song|p2a: Great Tusk\n|-damage|p2a: Great Tusk|26\/100\n|-boost|p1a: Skeledirge|spa|1\n|\n|upkeep\n|turn|29\n|\n|t:|1701131315\n|move|p2a: Great Tusk|Knock Off|p1a: Skeledirge\n|-damage|p1a: Skeledirge|51\/100\n|-enditem|p1a: Skeledirge|Heavy-Duty Boots|[from] move: Knock Off|[of] p2a: Great Tusk\n|move|p1a: Skeledirge|Slack Off|p1a: Skeledirge\n|-heal|p1a: Skeledirge|100\/100\n|\n|upkeep\n|turn|30\n|\n|t:|1701131327\n|move|p2a: Great Tusk|Headlong Rush|p1a: Skeledirge\n|-damage|p1a: Skeledirge|65\/100\n|-unboost|p2a: Great Tusk|def|1\n|-unboost|p2a: Great Tusk|spd|1\n|move|p1a: Skeledirge|Torch Song|p2a: Great Tusk\n|-damage|p2a: Great Tusk|0 fnt\n|-boost|p1a: Skeledirge|spa|1\n|faint|p2a: Great Tusk\n|-end|p2a: Great Tusk|Protosynthesis|[silent]\n|\n|upkeep\n|\n|t:|1701131346\n|switch|p2a: Corviknight|Corviknight, F|87\/100\n|-damage|p2a: Corviknight|75\/100|[from] Stealth Rock\n|-ability|p2a: Corviknight|Pressure\n|turn|31\n|\n|t:|1701131354\n|-terastallize|p2a: Corviknight|Water\n|move|p2a: Corviknight|Body Press|p1a: Skeledirge\n|-supereffective|p1a: Skeledirge\n|-damage|p1a: Skeledirge|27\/100\n|move|p1a: Skeledirge|Torch Song|p2a: Corviknight\n|-resisted|p2a: Corviknight\n|-damage|p2a: Corviknight|41\/100\n|-boost|p1a: Skeledirge|spa|1\n|\n|upkeep\n|turn|32\n|\n|t:|1701131364\n|move|p2a: Corviknight|Body Press|p1a: Skeledirge\n|-supereffective|p1a: Skeledirge\n|-damage|p1a: Skeledirge|0 fnt\n|faint|p1a: Skeledirge\n|\n|upkeep\n|\n|t:|1701131375\n|switch|p1a: Clodsire|Clodsire, M|60\/100\n|turn|33\n|\n|t:|1701131383\n|move|p2a: Corviknight|U-turn|p1a: Clodsire\n|-resisted|p1a: Clodsire\n|-damage|p1a: Clodsire|53\/100\n|\n|t:|1701131386\n|switch|p2a: Slowking|Slowking-Galar, F|85\/100 brn|[from] U-turn\n|-damage|p2a: Slowking|73\/100 brn|[from] Stealth Rock\n|move|p1a: Clodsire|Toxic||[still]\n|-fail|p1a: Clodsire\n|\n|-damage|p2a: Slowking|66\/100 brn|[from] brn\n|upkeep\n|turn|34\n|\n|t:|1701131391\n|move|p2a: Slowking|Future Sight|p1a: Clodsire\n|-start|p2a: Slowking|move: Future Sight\n|move|p1a: Clodsire|Recover|p1a: Clodsire\n|-heal|p1a: Clodsire|100\/100\n|\n|-damage|p2a: Slowking|60\/100 brn|[from] brn\n|upkeep\n|turn|35\n|\n|t:|1701131396\n|move|p2a: Slowking|Surf|p1a: Clodsire\n|-immune|p1a: Clodsire|[from] ability: Water Absorb\n|move|p1a: Clodsire|Spikes|p2a: Slowking\n|-sidestart|p2: mikejohns|Spikes\n|\n|-damage|p2a: Slowking|54\/100 brn|[from] brn\n|upkeep\n|turn|36\n|\n|t:|1701131407\n|switch|p2a: Moltres|Moltres|85\/100\n|move|p1a: Clodsire|Spikes|p2a: Moltres\n|-sidestart|p2: mikejohns|Spikes\n|\n|-end|p1a: Clodsire|move: Future Sight\n|-supereffective|p1a: Clodsire\n|-damage|p1a: Clodsire|44\/100\n|upkeep\n|turn|37\n|\n|t:|1701131421\n|move|p2a: Moltres|Will-O-Wisp|p1a: Clodsire\n|-status|p1a: Clodsire|brn\n|move|p1a: Clodsire|Toxic|p2a: Moltres\n|-status|p2a: Moltres|tox\n|\n|-damage|p2a: Moltres|79\/100 tox|[from] psn\n|-damage|p1a: Clodsire|37\/100 brn|[from] brn\n|upkeep\n|turn|38\n|\n|t:|1701131424\n|move|p2a: Moltres|U-turn|p1a: Clodsire\n|-resisted|p1a: Clodsire\n|-damage|p1a: Clodsire|30\/100 brn\n|\n|t:|1701131428\n|switch|p2a: Ogerpon|Ogerpon, F|100\/100|[from] U-turn\n|move|p1a: Clodsire|Recover|p1a: Clodsire\n|-heal|p1a: Clodsire|80\/100 brn\n|\n|-damage|p1a: Clodsire|74\/100 brn|[from] brn\n|upkeep\n|turn|39\n|\n|t:|1701131434\n|switch|p1a: Clefable|Clefable, M|89\/100\n|move|p2a: Ogerpon|Encore||[still]\n|-fail|p2a: Ogerpon\n|\n|upkeep\n|turn|40\n|\n|t:|1701131440\n|move|p2a: Ogerpon|U-turn|p1a: Clefable\n|-resisted|p1a: Clefable\n|-damage|p1a: Clefable|80\/100\n|\n|t:|1701131442\n|switch|p2a: Slowking|Slowking-Galar, F|88\/100 brn|[from] U-turn\n|-damage|p2a: Slowking|75\/100 brn|[from] Stealth Rock\n|-damage|p2a: Slowking|59\/100 brn|[from] Spikes\n|move|p1a: Clefable|Moonblast|p2a: Slowking\n|-resisted|p2a: Slowking\n|-damage|p2a: Slowking|52\/100 brn\n|\n|-damage|p2a: Slowking|45\/100 brn|[from] brn\n|upkeep\n|turn|41\n|\n|t:|1701131445\n|switch|p1a: Clodsire|Clodsire, M|74\/100 brn\n|move|p2a: Slowking|Future Sight|p1a: Clodsire\n|-start|p2a: Slowking|move: Future Sight\n|\n|-damage|p2a: Slowking|39\/100 brn|[from] brn\n|-damage|p1a: Clodsire|68\/100 brn|[from] brn\n|upkeep\n|turn|42\n|\n|t:|1701131460\n|switch|p2a: Corviknight|Corviknight, F, tera:Water|41\/100\n|-damage|p2a: Corviknight|29\/100|[from] Stealth Rock\n|-damage|p2a: Corviknight|13\/100|[from] Spikes\n|-ability|p2a: Corviknight|Pressure\n|move|p1a: Clodsire|Spikes|p2a: Corviknight\n|-sidestart|p2: mikejohns|Spikes\n|\n|-damage|p1a: Clodsire|61\/100 brn|[from] brn\n|upkeep\n|turn|43\n|\n|t:|1701131464\n|move|p2a: Corviknight|Brave Bird|p1a: Clodsire\n|-damage|p1a: Clodsire|22\/100 brn\n|-damage|p2a: Corviknight|0 fnt|[from] Recoil\n|faint|p2a: Corviknight\n|move|p1a: Clodsire|Recover|p1a: Clodsire\n|-heal|p1a: Clodsire|72\/100 brn\n|\n|-end|p1a: Clodsire|move: Future Sight\n|-supereffective|p1a: Clodsire\n|-damage|p1a: Clodsire|19\/100 brn\n|-damage|p1a: Clodsire|13\/100 brn|[from] brn\n|upkeep\n|\n|t:|1701131470\n|switch|p2a: Ogerpon|Ogerpon, F|100\/100\n|turn|44\n|\n|t:|1701131473\n|switch|p1a: Clefable|Clefable, M|80\/100\n|move|p2a: Ogerpon|Ivy Cudgel|p1a: Clefable\n|-damage|p1a: Clefable|41\/100\n|\n|upkeep\n|turn|45\n|\n|t:|1701131481\n|move|p2a: Ogerpon|Ivy Cudgel|p1a: Clefable\n|-damage|p1a: Clefable|6\/100\n|move|p1a: Clefable|Moonblast|p2a: Ogerpon\n|-damage|p2a: Ogerpon|66\/100\n|\n|upkeep\n|turn|46\n|\n|t:|1701131485\n|move|p2a: Ogerpon|Ivy Cudgel|p1a: Clefable\n|-crit|p1a: Clefable\n|-damage|p1a: Clefable|0 fnt\n|faint|p1a: Clefable\n|\n|upkeep\n|\n|t:|1701131487\n|switch|p1a: Mandibuzz|Mandibuzz, F|88\/100 psn\n|-damage|p1a: Mandibuzz|63\/100 psn|[from] Stealth Rock\n|turn|47\n|\n|t:|1701131492\n|move|p2a: Ogerpon|U-turn|p1a: Mandibuzz\n|-damage|p1a: Mandibuzz|50\/100 psn\n|\n|t:|1701131495\n|switch|p2a: Slowking|Slowking-Galar, F|73\/100 brn|[from] U-turn\n|-damage|p2a: Slowking|60\/100 brn|[from] Stealth Rock\n|-damage|p2a: Slowking|35\/100 brn|[from] Spikes\n|move|p1a: Mandibuzz|Knock Off|p2a: Slowking\n|-supereffective|p2a: Slowking\n|-damage|p2a: Slowking|0 fnt\n|-enditem|p2a: Slowking|Assault Vest|[from] move: Knock Off|[of] p1a: Mandibuzz\n|faint|p2a: Slowking\n|\n|-damage|p1a: Mandibuzz|38\/100 psn|[from] psn\n|upkeep\n|\n|t:|1701131501\n|switch|p2a: Moltres|Moltres|79\/100 tox\n|turn|48\n|\n|t:|1701131508\n|move|p2a: Moltres|Flamethrower|p1a: Mandibuzz\n|-damage|p1a: Mandibuzz|8\/100 psn\n|move|p1a: Mandibuzz|Roost|p1a: Mandibuzz\n|-heal|p1a: Mandibuzz|58\/100 psn\n|-singleturn|p1a: Mandibuzz|move: Roost\n|\n|-damage|p2a: Moltres|73\/100 tox|[from] psn\n|-damage|p1a: Mandibuzz|46\/100 psn|[from] psn\n|upkeep\n|turn|49\n|\n|t:|1701131511\n|move|p2a: Moltres|U-turn|p1a: Mandibuzz\n|-crit|p1a: Mandibuzz\n|-damage|p1a: Mandibuzz|33\/100 psn\n|\n|t:|1701131514\n|switch|p2a: Ogerpon|Ogerpon, F|66\/100|[from] U-turn\n|move|p1a: Mandibuzz|Roost|p1a: Mandibuzz\n|-heal|p1a: Mandibuzz|83\/100 psn\n|-singleturn|p1a: Mandibuzz|move: Roost\n|\n|-damage|p1a: Mandibuzz|70\/100 psn|[from] psn\n|upkeep\n|turn|50\n|\n|t:|1701131516\n|move|p2a: Ogerpon|Encore|p1a: Mandibuzz\n|-start|p1a: Mandibuzz|Encore\n|move|p1a: Mandibuzz|Roost|p1a: Mandibuzz\n|-heal|p1a: Mandibuzz|100\/100 psn\n|-singleturn|p1a: Mandibuzz|move: Roost\n|\n|-damage|p1a: Mandibuzz|88\/100 psn|[from] psn\n|upkeep\n|turn|51\n|\n|t:|1701131520\n|switch|p1a: Clodsire|Clodsire, M|13\/100 brn\n|move|p2a: Ogerpon|Ivy Cudgel|p1a: Clodsire\n|-crit|p1a: Clodsire\n|-damage|p1a: Clodsire|0 fnt\n|faint|p1a: Clodsire\n|\n|upkeep\n|\n|t:|1701131526\n|switch|p1a: Mandibuzz|Mandibuzz, F|88\/100 psn\n|-damage|p1a: Mandibuzz|63\/100 psn|[from] Stealth Rock\n|turn|52\n|\n|t:|1701131535\n|move|p2a: Ogerpon|U-turn|p1a: Mandibuzz\n|-damage|p1a: Mandibuzz|49\/100 psn\n|\n|t:|1701131537\n|switch|p2a: Moltres|Moltres|73\/100 tox|[from] U-turn\n|move|p1a: Mandibuzz|Knock Off|p2a: Moltres\n|-damage|p2a: Moltres|58\/100 tox\n|-enditem|p2a: Moltres|Heavy-Duty Boots|[from] move: Knock Off|[of] p1a: Mandibuzz\n|\n|-damage|p2a: Moltres|52\/100 tox|[from] psn\n|-damage|p1a: Mandibuzz|37\/100 psn|[from] psn\n|upkeep\n|turn|53\n|\n|t:|1701131545\n|move|p2a: Moltres|U-turn|p1a: Mandibuzz\n|-damage|p1a: Mandibuzz|28\/100 psn\n|\n|t:|1701131548\n|switch|p2a: Ogerpon|Ogerpon, F|66\/100|[from] U-turn\n|move|p1a: Mandibuzz|Roost|p1a: Mandibuzz\n|-heal|p1a: Mandibuzz|79\/100 psn\n|-singleturn|p1a: Mandibuzz|move: Roost\n|\n|-damage|p1a: Mandibuzz|66\/100 psn|[from] psn\n|upkeep\n|turn|54\n|\n|t:|1701131557\n|switch|p1a: Milotic|Milotic, F|65\/100 psn\n|move|p2a: Ogerpon|Encore||[still]\n|-fail|p2a: Ogerpon\n|\n|-damage|p1a: Milotic|53\/100 psn|[from] psn\n|upkeep\n|turn|55\n|\n|t:|1701131561\n|move|p2a: Ogerpon|Ivy Cudgel|p1a: Milotic\n|-supereffective|p1a: Milotic\n|-damage|p1a: Milotic|0 fnt\n|faint|p1a: Milotic\n|\n|upkeep\n|\n|t:|1701131564\n|switch|p1a: Mandibuzz|Mandibuzz, F|66\/100 psn\n|-damage|p1a: Mandibuzz|41\/100 psn|[from] Stealth Rock\n|turn|56\n|\n|t:|1701131567\n|move|p2a: Ogerpon|U-turn|p1a: Mandibuzz\n|-crit|p1a: Mandibuzz\n|-damage|p1a: Mandibuzz|21\/100 psn\n|\n|t:|1701131571\n|switch|p2a: Moltres|Moltres|52\/100 tox|[from] U-turn\n|-damage|p2a: Moltres|2\/100 tox|[from] Stealth Rock\n|move|p1a: Mandibuzz|Foul Play|p2a: Moltres\n|-damage|p2a: Moltres|0 fnt\n|faint|p2a: Moltres\n|\n|-damage|p1a: Mandibuzz|9\/100 psn|[from] psn\n|upkeep\n|\n|t:|1701131573\n|switch|p2a: Ogerpon|Ogerpon, F|66\/100\n|turn|57\n|c|\u2606mikejohns|gg\n|\n|t:|1701131580\n|move|p2a: Ogerpon|Ivy Cudgel|p1a: Mandibuzz\n|-resisted|p1a: Mandibuzz\n|-damage|p1a: Mandibuzz|0 fnt\n|faint|p1a: Mandibuzz\n|\n|win|mikejohns\n|raw|TMcNic7's rating: 1680 &rarr; <strong>1655<\/strong><br \/>(-25 for losing)\n|raw|mikejohns's rating: 1599 &rarr; <strong>1624<\/strong><br \/>(+25 for winning)\n|l|\u2606TMcNic7\n","uploadtime":1701131642,"views":3,"p1id":"tmcnic7","p2id":"mikejohns","formatid":"gen9ou","rating":1624,"private":0,"password":""}