{"id":"gen9ou-1999723341","p1":"SpasDeUzi","p2":"Jantonio23","format":"[Gen 9] OU","log":"|j|\u2606SpasDeUzi\n|j|\u2606Jantonio23\n|t:|1701111015\n|gametype|singles\n|player|p1|SpasDeUzi|1|1177\n|player|p2|Jantonio23|volkner|1071\n|teamsize|p1|6\n|teamsize|p2|6\n|gen|9\n|tier|[Gen 9] OU\n|rated|\n|rule|Sleep Clause Mod: Limit one foe put to sleep\n|rule|Species Clause: Limit one of each Pok\u00e9mon\n|rule|OHKO Clause: OHKO moves are banned\n|rule|Evasion Items Clause: Evasion items are banned\n|rule|Evasion Moves Clause: Evasion moves are banned\n|rule|Endless Battle Clause: Forcing endless battles is banned\n|rule|HP Percentage Mod: HP is shown in percentages\n|clearpoke\n|poke|p1|Torterra, F|\n|poke|p1|Toxapex, M|\n|poke|p1|Grimmsnarl, M|\n|poke|p1|Skeledirge, F|\n|poke|p1|Ninetales-Alola, M|\n|poke|p1|Jirachi|\n|poke|p2|Magnezone|\n|poke|p2|Hippowdon, M|\n|poke|p2|Tinkaton, F|\n|poke|p2|Quaquaval, F|\n|poke|p2|Rotom-Wash|\n|poke|p2|Iron Jugulis|\n|teampreview\n|inactive|Battle timer is ON: inactive players will automatically lose when time's up. (requested by SpasDeUzi)\n|inactive|SpasDeUzi has 120 seconds left.\n|inactive|SpasDeUzi has 90 seconds left.\n|\n|t:|1701111079\n|start\n|switch|p1a: Grimmsnarl|Grimmsnarl, M, shiny|100\/100\n|switch|p2a: Rotoxx|Rotom-Wash|100\/100\n|turn|1\n|\n|t:|1701111091\n|move|p1a: Grimmsnarl|Parting Shot|p2a: Rotoxx\n|-unboost|p2a: Rotoxx|atk|1\n|-unboost|p2a: Rotoxx|spa|1\n|\n|t:|1701111094\n|switch|p1a: Skeledirge|Skeledirge, F, shiny|100\/100|[from] Parting Shot\n|move|p2a: Rotoxx|Thunder Wave|p1a: Skeledirge\n|-status|p1a: Skeledirge|par\n|\n|upkeep\n|turn|2\n|\n|t:|1701111106\n|switch|p1a: Ninetales|Ninetales-Alola, M, shiny|100\/100\n|-weather|Snow|[from] ability: Snow Warning|[of] p1a: Ninetales\n|move|p2a: Rotoxx|Volt Switch|p1a: Ninetales\n|-damage|p1a: Ninetales|81\/100\n|\n|t:|1701111128\n|switch|p2a: Tinkaton|Tinkaton, F|100\/100|[from] Volt Switch\n|-ability|p2a: Tinkaton|Mold Breaker\n|\n|-weather|Snow|[upkeep]\n|upkeep\n|turn|3\n|inactive|SpasDeUzi has 120 seconds left.\n|\n|t:|1701111161\n|move|p1a: Ninetales|Aurora Veil|p1a: Ninetales\n|-sidestart|p1: SpasDeUzi|move: Aurora Veil\n|move|p2a: Tinkaton|Knock Off|p1a: Ninetales\n|-resisted|p1a: Ninetales\n|-damage|p1a: Ninetales|77\/100\n|-enditem|p1a: Ninetales|Light Clay|[from] move: Knock Off|[of] p2a: Tinkaton\n|\n|-weather|Snow|[upkeep]\n|upkeep\n|turn|4\n|inactive|SpasDeUzi has 120 seconds left.\n|\n|t:|1701111198\n|switch|p1a: Torterra|Torterra, F, shiny|100\/100\n|move|p2a: Tinkaton|Stealth Rock|p1a: Torterra\n|-sidestart|p1: SpasDeUzi|move: Stealth Rock\n|\n|-weather|Snow|[upkeep]\n|upkeep\n|turn|5\n|inactive|Jantonio23 has 120 seconds left.\n|\n|t:|1701111219\n|move|p2a: Tinkaton|Knock Off|p1a: Torterra\n|-damage|p1a: Torterra|92\/100\n|-enditem|p1a: Torterra|Loaded Dice|[from] move: Knock Off|[of] p2a: Tinkaton\n|move|p1a: Torterra|Shell Smash|p1a: Torterra\n|-unboost|p1a: Torterra|def|1\n|-unboost|p1a: Torterra|spd|1\n|-boost|p1a: Torterra|atk|2\n|-boost|p1a: Torterra|spa|2\n|-boost|p1a: Torterra|spe|2\n|\n|-weather|Snow|[upkeep]\n|upkeep\n|turn|6\n|inactive|Jantonio23 has 120 seconds left.\n|\n|t:|1701111230\n|move|p1a: Torterra|Headlong Rush|p2a: Tinkaton\n|-supereffective|p2a: Tinkaton\n|-damage|p2a: Tinkaton|0 fnt\n|-unboost|p1a: Torterra|def|1\n|-unboost|p1a: Torterra|spd|1\n|faint|p2a: Tinkaton\n|\n|-weather|none\n|upkeep\n|inactive|Jantonio23 has 120 seconds left.\n|\n|t:|1701111243\n|switch|p2a: Iron Jugulis|Iron Jugulis|100\/100\n|-enditem|p2a: Iron Jugulis|Booster Energy\n|-activate|p2a: Iron Jugulis|ability: Quark Drive|[fromitem]\n|-start|p2a: Iron Jugulis|quarkdrivespe\n|turn|7\n|inactive|Jantonio23 has 120 seconds left.\n|\n|t:|1701111250\n|-terastallize|p2a: Iron Jugulis|Flying\n|move|p2a: Iron Jugulis|Hurricane|p1a: Torterra|[miss]\n|-miss|p2a: Iron Jugulis|p1a: Torterra\n|move|p1a: Torterra|Rock Blast|p2a: Iron Jugulis\n|-supereffective|p2a: Iron Jugulis\n|-damage|p2a: Iron Jugulis|59\/100\n|-supereffective|p2a: Iron Jugulis\n|-damage|p2a: Iron Jugulis|21\/100\n|-hitcount|p2a: Iron Jugulis|2\n|\n|upkeep\n|turn|8\n|\n|t:|1701111258\n|-terastallize|p1a: Torterra|Rock\n|move|p2a: Iron Jugulis|Hurricane|p1a: Torterra\n|-resisted|p1a: Torterra\n|-damage|p1a: Torterra|47\/100\n|move|p1a: Torterra|Shell Smash|p1a: Torterra\n|-unboost|p1a: Torterra|def|1\n|-unboost|p1a: Torterra|spd|1\n|-boost|p1a: Torterra|atk|2\n|-boost|p1a: Torterra|spa|2\n|-boost|p1a: Torterra|spe|2\n|\n|upkeep\n|turn|9\n|-message|Jantonio23 forfeited.\n|\n|win|SpasDeUzi\n|raw|SpasDeUzi's rating: 1177 &rarr; <strong>1195<\/strong><br \/>(+18 for winning)\n|raw|Jantonio23's rating: 1071 &rarr; <strong>1056<\/strong><br \/>(-15 for losing)\n|l|\u2606Jantonio23\n","uploadtime":1701111274,"views":8,"p1id":"spasdeuzi","p2id":"jantonio23","formatid":"gen9ou","rating":1056,"private":0,"password":""}