{"id":"gen9ou-1989418717","p1":"imtiredbooo","p2":"DIMU179","format":"[Gen 9] OU","log":"|j|\u2606imtiredbooo\n|j|\u2606DIMU179\n|inactive|Battle timer is ON: inactive players will automatically lose when time's up.\n|t:|1699847757\n|gametype|singles\n|player|p1|imtiredbooo|170|\n|player|p2|DIMU179|benga|\n|teamsize|p1|6\n|teamsize|p2|6\n|gen|9\n|tier|[Gen 9] OU\n|rated|Tournament battle\n|rule|Sleep Clause Mod: Limit one foe put to sleep\n|rule|Species Clause: Limit one of each Pok\u00e9mon\n|rule|OHKO Clause: OHKO moves are banned\n|rule|Evasion Items Clause: Evasion items are banned\n|rule|Evasion Moves Clause: Evasion moves are banned\n|rule|Endless Battle Clause: Forcing endless battles is banned\n|rule|HP Percentage Mod: HP is shown in percentages\n|clearpoke\n|poke|p1|Salazzle, F|\n|poke|p1|Quagsire, M|\n|poke|p1|Drednaw, F|\n|poke|p1|Meloetta|\n|poke|p1|Leavanny, M|\n|poke|p1|Dedenne, F|\n|poke|p2|Drednaw, M|\n|poke|p2|Leavanny, F|\n|poke|p2|Quagsire, M|\n|poke|p2|Salazzle, F|\n|poke|p2|Meloetta|\n|poke|p2|Dedenne, M|\n|teampreview\n|j|*Lady Monita \u2746\n|inactive|DIMU179 also wants the timer to be on.\n|j| Im dumb srly\n|j| xxgodzilla1.0\n|\n|t:|1699847761\n|start\n|switch|p1a: Salazzle|Salazzle, F|100\/100\n|switch|p2a: Salazzle|Salazzle, F|100\/100\n|turn|1\n|\n|t:|1699847772\n|move|p2a: Salazzle|Nasty Plot|p2a: Salazzle\n|-boost|p2a: Salazzle|spa|2\n|move|p1a: Salazzle|Taunt|p2a: Salazzle\n|-start|p2a: Salazzle|move: Taunt\n|\n|upkeep\n|turn|2\n|\n|t:|1699847779\n|-terastallize|p2a: Salazzle|Ground\n|move|p1a: Salazzle|Toxic|p2a: Salazzle\n|-status|p2a: Salazzle|tox\n|move|p2a: Salazzle|Tera Blast|p1a: Salazzle|[anim] Tera Blast Ground\n|-supereffective|p1a: Salazzle\n|-damage|p1a: Salazzle|0 fnt\n|faint|p1a: Salazzle\n|\n|-damage|p2a: Salazzle|94\/100 tox|[from] psn\n|upkeep\n|j| Moonorj\n|\n|t:|1699847788\n|switch|p1a: Leavanny|Leavanny, M|100\/100\n|turn|3\n|\n|t:|1699847795\n|move|p2a: Salazzle|Flamethrower|p1a: Leavanny\n|-supereffective|p1a: Leavanny\n|-enditem|p1a: Leavanny|Focus Sash\n|-damage|p1a: Leavanny|1\/100\n|move|p1a: Leavanny|Leaf Blade|p2a: Salazzle\n|-supereffective|p2a: Salazzle\n|-damage|p2a: Salazzle|0 fnt\n|faint|p2a: Salazzle\n|\n|upkeep\n|\n|t:|1699847810\n|switch|p2a: Dedenne|Dedenne, M|100\/100\n|turn|4\n|\n|t:|1699847822\n|switch|p1a: Quagsire|Quagsire, M, shiny|100\/100\n|move|p2a: Dedenne|Tera Blast|p1a: Quagsire\n|-damage|p1a: Quagsire|80\/100\n|\n|-heal|p1a: Quagsire|86\/100|[from] item: Leftovers\n|upkeep\n|turn|5\n|\n|t:|1699847830\n|switch|p1a: Dedenne|Dedenne, F|100\/100\n|move|p2a: Dedenne|Grass Knot|p1a: Dedenne\n|-damage|p1a: Dedenne|94\/100\n|\n|upkeep\n|turn|6\n|\n|t:|1699847837\n|move|p2a: Dedenne|Substitute|p2a: Dedenne\n|-start|p2a: Dedenne|Substitute\n|-damage|p2a: Dedenne|75\/100\n|move|p1a: Dedenne|Super Fang|p2a: Dedenne\n|-end|p2a: Dedenne|Substitute\n|\n|upkeep\n|turn|7\n|\n|t:|1699847844\n|move|p2a: Dedenne|Tera Blast|p1a: Dedenne\n|-damage|p1a: Dedenne|69\/100\n|move|p1a: Dedenne|Super Fang|p2a: Dedenne|[miss]\n|-miss|p1a: Dedenne|p2a: Dedenne\n|\n|upkeep\n|turn|8\n|\n|t:|1699847854\n|move|p2a: Dedenne|Tera Blast|p1a: Dedenne\n|-damage|p1a: Dedenne|44\/100\n|-enditem|p1a: Dedenne|Sitrus Berry|[eat]\n|-heal|p1a: Dedenne|69\/100|[from] item: Sitrus Berry\n|-heal|p1a: Dedenne|100\/100|[from] ability: Cheek Pouch\n|move|p1a: Dedenne|Super Fang|p2a: Dedenne\n|-damage|p2a: Dedenne|38\/100\n|\n|upkeep\n|turn|9\n|\n|t:|1699847864\n|move|p2a: Dedenne|Tera Blast|p1a: Dedenne\n|-damage|p1a: Dedenne|78\/100\n|move|p1a: Dedenne|U-turn|p2a: Dedenne\n|-resisted|p2a: Dedenne\n|-damage|p2a: Dedenne|29\/100\n|\n|t:|1699847867\n|switch|p1a: Drednaw|Drednaw, F|100\/100|[from] U-turn\n|\n|upkeep\n|turn|10\n|\n|t:|1699847871\n|move|p2a: Dedenne|Grass Knot|p1a: Drednaw\n|-supereffective|p1a: Drednaw\n|-damage|p1a: Drednaw|0 fnt\n|faint|p1a: Drednaw\n|\n|upkeep\n|\n|t:|1699847880\n|switch|p1a: Dedenne|Dedenne, F|78\/100\n|turn|11\n|\n|t:|1699847884\n|move|p2a: Dedenne|Tera Blast|p1a: Dedenne\n|-damage|p1a: Dedenne|51\/100\n|move|p1a: Dedenne|Super Fang|p2a: Dedenne|[miss]\n|-miss|p1a: Dedenne|p2a: Dedenne\n|\n|upkeep\n|turn|12\n|\n|t:|1699847888\n|move|p2a: Dedenne|Tera Blast|p1a: Dedenne\n|-damage|p1a: Dedenne|26\/100\n|move|p1a: Dedenne|Super Fang|p2a: Dedenne\n|-damage|p2a: Dedenne|15\/100\n|-enditem|p2a: Dedenne|Iapapa Berry|[eat]\n|-heal|p2a: Dedenne|48\/100|[from] item: Iapapa Berry\n|-heal|p2a: Dedenne|81\/100|[from] ability: Cheek Pouch\n|\n|upkeep\n|turn|13\n|\n|t:|1699847904\n|move|p2a: Dedenne|Tera Blast|p1a: Dedenne\n|-damage|p1a: Dedenne|1\/100\n|move|p1a: Dedenne|U-turn|p2a: Dedenne\n|-resisted|p2a: Dedenne\n|-damage|p2a: Dedenne|73\/100\n|\n|t:|1699847906\n|switch|p1a: Quagsire|Quagsire, M, shiny|86\/100|[from] U-turn\n|\n|-heal|p1a: Quagsire|92\/100|[from] item: Leftovers\n|upkeep\n|turn|14\n|\n|t:|1699847913\n|-terastallize|p1a: Quagsire|Poison\n|move|p2a: Dedenne|Grass Knot|p1a: Quagsire\n|-resisted|p1a: Quagsire\n|-damage|p1a: Quagsire|81\/100\n|move|p1a: Quagsire|Curse|p1a: Quagsire\n|-unboost|p1a: Quagsire|spe|1\n|-boost|p1a: Quagsire|atk|1\n|-boost|p1a: Quagsire|def|1\n|\n|-heal|p1a: Quagsire|88\/100|[from] item: Leftovers\n|upkeep\n|turn|15\n|\n|t:|1699847919\n|switch|p2a: Meloetta|Meloetta|100\/100\n|move|p1a: Quagsire|Earthquake|p2a: Meloetta\n|-damage|p2a: Meloetta|54\/100\n|\n|-heal|p2a: Meloetta|60\/100|[from] item: Leftovers\n|-heal|p1a: Quagsire|94\/100|[from] item: Leftovers\n|upkeep\n|turn|16\n|\n|t:|1699847926\n|switch|p1a: Meloetta|Meloetta|100\/100\n|move|p2a: Meloetta|Psychic|p1a: Meloetta\n|-resisted|p1a: Meloetta\n|-damage|p1a: Meloetta|83\/100\n|\n|-heal|p2a: Meloetta|66\/100|[from] item: Leftovers\n|upkeep\n|turn|17\n|\n|t:|1699847948\n|move|p1a: Meloetta|Relic Song|p2a: Meloetta\n|-damage|p2a: Meloetta|37\/100\n|-formechange|p1a: Meloetta|Meloetta-Pirouette|[msg]\n|-damage|p1a: Meloetta|73\/100|[from] item: Life Orb\n|move|p2a: Meloetta|Thunder Wave|p1a: Meloetta\n|-status|p1a: Meloetta|par\n|\n|-heal|p2a: Meloetta|43\/100|[from] item: Leftovers\n|upkeep\n|turn|18\n|\n|t:|1699847957\n|move|p2a: Meloetta|Psychic|p1a: Meloetta\n|-supereffective|p1a: Meloetta\n|-damage|p1a: Meloetta|0 fnt\n|faint|p1a: Meloetta\n|\n|-heal|p2a: Meloetta|49\/100|[from] item: Leftovers\n|upkeep\n|\n|t:|1699847964\n|switch|p1a: Dedenne|Dedenne, F|1\/100\n|turn|19\n|\n|t:|1699847969\n|switch|p2a: Dedenne|Dedenne, M|73\/100\n|move|p1a: Dedenne|Nuzzle|p2a: Dedenne\n|-resisted|p2a: Dedenne\n|-damage|p2a: Dedenne|68\/100\n|\n|upkeep\n|turn|20\n|j| DaddyCatcher23\n|\n|t:|1699847975\n|switch|p1a: Quagsire|Quagsire, M, shiny, tera:Poison|94\/100\n|move|p2a: Dedenne|Substitute|p2a: Dedenne\n|-start|p2a: Dedenne|Substitute\n|-damage|p2a: Dedenne|43\/100\n|\n|-heal|p1a: Quagsire|99\/100|[from] item: Leftovers\n|upkeep\n|turn|21\n|\n|t:|1699847983\n|move|p2a: Dedenne|Thunderbolt|p1a: Quagsire\n|-damage|p1a: Quagsire|67\/100\n|move|p1a: Quagsire|Curse|p1a: Quagsire\n|-unboost|p1a: Quagsire|spe|1\n|-boost|p1a: Quagsire|atk|1\n|-boost|p1a: Quagsire|def|1\n|\n|-heal|p1a: Quagsire|73\/100|[from] item: Leftovers\n|upkeep\n|turn|22\n|\n|t:|1699847987\n|move|p2a: Dedenne|Thunderbolt|p1a: Quagsire\n|-damage|p1a: Quagsire|40\/100\n|move|p1a: Quagsire|Earthquake|p2a: Dedenne\n|-supereffective|p2a: Dedenne\n|-end|p2a: Dedenne|Substitute\n|\n|-heal|p1a: Quagsire|46\/100|[from] item: Leftovers\n|upkeep\n|turn|23\n|\n|t:|1699847996\n|move|p2a: Dedenne|Thunderbolt|p1a: Quagsire\n|-damage|p1a: Quagsire|12\/100\n|move|p1a: Quagsire|Recover|p1a: Quagsire\n|-heal|p1a: Quagsire|62\/100\n|\n|-heal|p1a: Quagsire|68\/100|[from] item: Leftovers\n|upkeep\n|turn|24\n|j| poketough\n|j| pogchimp970314\n|\n|t:|1699848011\n|move|p2a: Dedenne|Thunderbolt|p1a: Quagsire\n|-damage|p1a: Quagsire|33\/100\n|move|p1a: Quagsire|Recover|p1a: Quagsire\n|-heal|p1a: Quagsire|83\/100\n|\n|-heal|p1a: Quagsire|89\/100|[from] item: Leftovers\n|upkeep\n|turn|25\n|\n|t:|1699848017\n|move|p2a: Dedenne|Thunderbolt|p1a: Quagsire\n|-damage|p1a: Quagsire|56\/100\n|move|p1a: Quagsire|Recover|p1a: Quagsire\n|-heal|p1a: Quagsire|100\/100\n|\n|upkeep\n|turn|26\n|\n|t:|1699848019\n|move|p2a: Dedenne|Thunderbolt|p1a: Quagsire\n|-damage|p1a: Quagsire|64\/100\n|move|p1a: Quagsire|Earthquake|p2a: Dedenne\n|-supereffective|p2a: Dedenne\n|-damage|p2a: Dedenne|0 fnt\n|faint|p2a: Dedenne\n|\n|-heal|p1a: Quagsire|70\/100|[from] item: Leftovers\n|upkeep\n|\n|t:|1699848022\n|switch|p2a: Meloetta|Meloetta|49\/100\n|turn|27\n|c| pogchimp970314|no webs?\n|\n|t:|1699848043\n|switch|p1a: Leavanny|Leavanny, M|1\/100\n|move|p2a: Meloetta|Psychic|p1a: Leavanny\n|-damage|p1a: Leavanny|0 fnt\n|faint|p1a: Leavanny\n|\n|-heal|p2a: Meloetta|55\/100|[from] item: Leftovers\n|upkeep\n|\n|t:|1699848048\n|switch|p1a: Dedenne|Dedenne, F|1\/100\n|turn|28\n|\n|t:|1699848051\n|switch|p2a: Quagsire|Quagsire, M|100\/100\n|move|p1a: Dedenne|U-turn|p2a: Quagsire\n|-crit|p2a: Quagsire\n|-damage|p2a: Quagsire|90\/100\n|\n|t:|1699848054\n|switch|p1a: Quagsire|Quagsire, M, shiny, tera:Poison|70\/100|[from] U-turn\n|\n|-heal|p2a: Quagsire|96\/100|[from] item: Leftovers\n|-heal|p1a: Quagsire|76\/100|[from] item: Leftovers\n|upkeep\n|turn|29\n|\n|t:|1699848061\n|move|p2a: Quagsire|Spikes|p1a: Quagsire\n|-sidestart|p1: imtiredbooo|Spikes\n|move|p1a: Quagsire|Curse|p1a: Quagsire\n|-unboost|p1a: Quagsire|spe|1\n|-boost|p1a: Quagsire|atk|1\n|-boost|p1a: Quagsire|def|1\n|\n|-heal|p2a: Quagsire|100\/100|[from] item: Leftovers\n|-heal|p1a: Quagsire|82\/100|[from] item: Leftovers\n|upkeep\n|turn|30\n|c| Im dumb srly|He got webs but he isn\u2019t using it\n|c|\u2606DIMU179|me too\n|j| Zwellish\n|\n|t:|1699848079\n|move|p2a: Quagsire|Earthquake|p1a: Quagsire\n|-supereffective|p1a: Quagsire\n|-damage|p1a: Quagsire|49\/100\n|move|p1a: Quagsire|Earthquake|p2a: Quagsire\n|-damage|p2a: Quagsire|71\/100\n|\n|-heal|p2a: Quagsire|77\/100|[from] item: Leftovers\n|-heal|p1a: Quagsire|56\/100|[from] item: Leftovers\n|upkeep\n|turn|31\n|j| DreamyFleur\n|\n|t:|1699848084\n|move|p2a: Quagsire|Earthquake|p1a: Quagsire\n|-supereffective|p1a: Quagsire\n|-damage|p1a: Quagsire|21\/100\n|move|p1a: Quagsire|Drain Punch|p2a: Quagsire\n|-damage|p2a: Quagsire|61\/100\n|-heal|p1a: Quagsire|29\/100|[from] drain|[of] p2a: Quagsire\n|\n|-heal|p2a: Quagsire|67\/100|[from] item: Leftovers\n|-heal|p1a: Quagsire|35\/100|[from] item: Leftovers\n|upkeep\n|turn|32\n|l| DreamyFleur\n|\n|t:|1699848093\n|move|p2a: Quagsire|Earthquake|p1a: Quagsire\n|-supereffective|p1a: Quagsire\n|-damage|p1a: Quagsire|4\/100\n|move|p1a: Quagsire|Recover|p1a: Quagsire\n|-heal|p1a: Quagsire|54\/100\n|\n|-heal|p2a: Quagsire|73\/100|[from] item: Leftovers\n|-heal|p1a: Quagsire|60\/100|[from] item: Leftovers\n|upkeep\n|turn|33\n|c| pogchimp970314|admire the sire\n|\n|t:|1699848103\n|move|p2a: Quagsire|Earthquake|p1a: Quagsire\n|-supereffective|p1a: Quagsire\n|-damage|p1a: Quagsire|27\/100\n|move|p1a: Quagsire|Recover|p1a: Quagsire\n|-heal|p1a: Quagsire|77\/100\n|\n|-heal|p2a: Quagsire|79\/100|[from] item: Leftovers\n|-heal|p1a: Quagsire|83\/100|[from] item: Leftovers\n|upkeep\n|turn|34\n|\n|t:|1699848107\n|move|p2a: Quagsire|Earthquake|p1a: Quagsire\n|-supereffective|p1a: Quagsire\n|-damage|p1a: Quagsire|53\/100\n|move|p1a: Quagsire|Drain Punch|p2a: Quagsire\n|-damage|p2a: Quagsire|64\/100\n|-heal|p1a: Quagsire|60\/100|[from] drain|[of] p2a: Quagsire\n|\n|-heal|p2a: Quagsire|70\/100|[from] item: Leftovers\n|-heal|p1a: Quagsire|66\/100|[from] item: Leftovers\n|upkeep\n|turn|35\n|\n|t:|1699848115\n|move|p2a: Quagsire|Earthquake|p1a: Quagsire\n|-supereffective|p1a: Quagsire\n|-damage|p1a: Quagsire|33\/100\n|move|p1a: Quagsire|Earthquake|p2a: Quagsire\n|-damage|p2a: Quagsire|40\/100\n|\n|-heal|p2a: Quagsire|46\/100|[from] item: Leftovers\n|-heal|p1a: Quagsire|39\/100|[from] item: Leftovers\n|upkeep\n|turn|36\n|\n|t:|1699848120\n|move|p2a: Quagsire|Earthquake|p1a: Quagsire\n|-supereffective|p1a: Quagsire\n|-damage|p1a: Quagsire|9\/100\n|move|p1a: Quagsire|Recover|p1a: Quagsire\n|-heal|p1a: Quagsire|59\/100\n|\n|-heal|p2a: Quagsire|52\/100|[from] item: Leftovers\n|-heal|p1a: Quagsire|65\/100|[from] item: Leftovers\n|upkeep\n|turn|37\n|\n|t:|1699848123\n|move|p2a: Quagsire|Earthquake|p1a: Quagsire\n|-supereffective|p1a: Quagsire\n|-damage|p1a: Quagsire|34\/100\n|move|p1a: Quagsire|Earthquake|p2a: Quagsire\n|-damage|p2a: Quagsire|21\/100\n|\n|-heal|p2a: Quagsire|27\/100|[from] item: Leftovers\n|-heal|p1a: Quagsire|40\/100|[from] item: Leftovers\n|upkeep\n|turn|38\n|\n|t:|1699848127\n|move|p2a: Quagsire|Recover|p2a: Quagsire\n|-heal|p2a: Quagsire|77\/100\n|move|p1a: Quagsire|Recover|p1a: Quagsire\n|-heal|p1a: Quagsire|90\/100\n|\n|-heal|p2a: Quagsire|83\/100|[from] item: Leftovers\n|-heal|p1a: Quagsire|96\/100|[from] item: Leftovers\n|upkeep\n|turn|39\n|\n|t:|1699848130\n|move|p2a: Quagsire|Earthquake|p1a: Quagsire\n|-supereffective|p1a: Quagsire\n|-damage|p1a: Quagsire|63\/100\n|move|p1a: Quagsire|Curse|p1a: Quagsire\n|-unboost|p1a: Quagsire|spe|1\n|-boost|p1a: Quagsire|atk|1\n|-boost|p1a: Quagsire|def|1\n|\n|-heal|p2a: Quagsire|90\/100|[from] item: Leftovers\n|-heal|p1a: Quagsire|70\/100|[from] item: Leftovers\n|upkeep\n|turn|40\n|\n|t:|1699848133\n|move|p2a: Quagsire|Earthquake|p1a: Quagsire\n|-supereffective|p1a: Quagsire\n|-damage|p1a: Quagsire|45\/100\n|move|p1a: Quagsire|Earthquake|p2a: Quagsire\n|-damage|p2a: Quagsire|46\/100\n|\n|-heal|p2a: Quagsire|52\/100|[from] item: Leftovers\n|-heal|p1a: Quagsire|51\/100|[from] item: Leftovers\n|upkeep\n|turn|41\n|c| pogchimp970314|curse up\n|\n|t:|1699848144\n|move|p2a: Quagsire|Earthquake|p1a: Quagsire\n|-supereffective|p1a: Quagsire\n|-crit|p1a: Quagsire\n|-damage|p1a: Quagsire|0 fnt\n|faint|p1a: Quagsire\n|\n|-heal|p2a: Quagsire|58\/100|[from] item: Leftovers\n|upkeep\n|c|\u2606DIMU179|gg\n|\n|t:|1699848149\n|switch|p1a: Dedenne|Dedenne, F|1\/100\n|-damage|p1a: Dedenne|0 fnt|[from] Spikes\n|faint|p1a: Dedenne\n|\n|win|DIMU179\n|n|\u2606imtiredbooo|imtiredbooo\n|n|\u2606DIMU179|dimu179\n|n|*Lady Monita \u2746|ladymonita\n|n| Im dumb srly|imdumbsrly\n|n| xxgodzilla1.0|xxgodzilla10\n|n| Moonorj|moonorj\n|n| DaddyCatcher23|daddycatcher23\n|n| poketough|poketough\n|n| pogchimp970314|pogchimp970314\n|n| Zwellish|zwellish\n","uploadtime":1699848150,"views":17,"p1id":"imtiredbooo","p2id":"dimu179","formatid":"gen9ou","rating":0,"private":0,"password":""}