{"id":"gen9ou-1993089236","p1":"burngurg","p2":"littensalt","format":"[Gen 9] OU","log":"|j|\u2606burngurg\n|j|\u2606littensalt\n|t:|1700263481\n|gametype|singles\n|player|p1|burngurg|plasmagrunt-gen5bw|1526\n|player|p2|littensalt|calem|1405\n|teamsize|p1|6\n|teamsize|p2|6\n|gen|9\n|tier|[Gen 9] OU\n|rated|\n|rule|Sleep Clause Mod: Limit one foe put to sleep\n|rule|Species Clause: Limit one of each Pok\u00e9mon\n|rule|OHKO Clause: OHKO moves are banned\n|rule|Evasion Items Clause: Evasion items are banned\n|rule|Evasion Moves Clause: Evasion moves are banned\n|rule|Endless Battle Clause: Forcing endless battles is banned\n|rule|HP Percentage Mod: HP is shown in percentages\n|clearpoke\n|poke|p1|Conkeldurr, F|\n|poke|p1|Sandy Shocks|\n|poke|p1|Great Tusk|\n|poke|p1|Sneasler, M|\n|poke|p1|Slowking-Galar, F|\n|poke|p1|Salamence, F|\n|poke|p2|Thundurus-Therian, M|\n|poke|p2|Weezing-Galar, F|\n|poke|p2|Cinderace, F|\n|poke|p2|Dragapult, F|\n|poke|p2|Ting-Lu|\n|poke|p2|Zamazenta-*|\n|teampreview\n|inactive|Battle timer is ON: inactive players will automatically lose when time's up. (requested by burngurg)\n|\n|t:|1700263491\n|start\n|switch|p1a: Conkeldurr|Conkeldurr, F|100\/100\n|switch|p2a: 5g|Thundurus-Therian, M, shiny|100\/100\n|turn|1\n|\n|t:|1700263496\n|move|p2a: 5g|Volt Switch|p1a: Conkeldurr\n|-damage|p1a: Conkeldurr|51\/100\n|\n|t:|1700263498\n|switch|p2a: wheezy outta here|Weezing-Galar, F, shiny|100\/100|[from] Volt Switch\n|-ability|p2a: wheezy outta here|Neutralizing Gas\n|move|p1a: Conkeldurr|Ice Punch|p2a: wheezy outta here\n|-damage|p2a: wheezy outta here|81\/100\n|-damage|p1a: Conkeldurr|35\/100|[from] item: Rocky Helmet|[of] p2a: wheezy outta here\n|\n|upkeep\n|turn|2\n|\n|t:|1700263507\n|move|p2a: wheezy outta here|Strange Steam|p1a: Conkeldurr\n|-supereffective|p1a: Conkeldurr\n|-damage|p1a: Conkeldurr|0 fnt\n|faint|p1a: Conkeldurr\n|\n|upkeep\n|\n|t:|1700263518\n|switch|p1a: Sandy Shocks|Sandy Shocks|100\/100\n|-enditem|p1a: Sandy Shocks|Booster Energy\n|-activate|p1a: Sandy Shocks|ability: Protosynthesis|[fromitem]\n|-start|p1a: Sandy Shocks|protosynthesisspe\n|turn|3\n|\n|t:|1700263521\n|-end|p2a: wheezy outta here|ability: Neutralizing Gas\n|switch|p2a: 5g|Thundurus-Therian, M, shiny|100\/100\n|move|p1a: Sandy Shocks|Earth Power|p2a: 5g\n|-immune|p2a: 5g\n|\n|upkeep\n|turn|4\n|\n|t:|1700263526\n|-terastallize|p1a: Sandy Shocks|Ice\n|move|p1a: Sandy Shocks|Tera Blast|p2a: 5g|[anim] Tera Blast Ice\n|-supereffective|p2a: 5g\n|-damage|p2a: 5g|0 fnt\n|faint|p2a: 5g\n|\n|upkeep\n|\n|t:|1700263543\n|switch|p2a: november|Zamazenta|100\/100\n|-ability|p2a: november|Dauntless Shield|boost\n|-boost|p2a: november|def|1\n|turn|5\n|\n|t:|1700263547\n|move|p1a: Sandy Shocks|Volt Switch|p2a: november\n|-damage|p2a: november|76\/100\n|\n|t:|1700263551\n|-end|p1a: Sandy Shocks|Protosynthesis|[silent]\n|switch|p1a: Salamence|Salamence, F|100\/100|[from] Volt Switch\n|-ability|p1a: Salamence|Intimidate|boost\n|-unboost|p2a: november|atk|1\n|move|p2a: november|Body Press|p1a: Salamence\n|-resisted|p1a: Salamence\n|-damage|p1a: Salamence|78\/100\n|\n|-heal|p2a: november|82\/100|[from] item: Leftovers\n|upkeep\n|turn|6\n|\n|t:|1700263556\n|switch|p2a: wheezy outta here|Weezing-Galar, F, shiny|81\/100\n|-ability|p2a: wheezy outta here|Neutralizing Gas\n|move|p1a: Salamence|Hurricane|p2a: wheezy outta here\n|-damage|p2a: wheezy outta here|4\/100\n|\n|upkeep\n|turn|7\n|\n|t:|1700263563\n|move|p1a: Salamence|Fire Blast|p2a: wheezy outta here\n|-damage|p2a: wheezy outta here|0 fnt\n|faint|p2a: wheezy outta here\n|-end|p2a: wheezy outta here|ability: Neutralizing Gas\n|\n|upkeep\n|\n|t:|1700263568\n|switch|p2a: KIDS SEE GHOST|Dragapult, F, shiny|100\/100\n|turn|8\n|\n|t:|1700263572\n|switch|p1a: Slowking|Slowking-Galar, F|100\/100\n|move|p2a: KIDS SEE GHOST|Draco Meteor|p1a: Slowking\n|-damage|p1a: Slowking|60\/100\n|-unboost|p2a: KIDS SEE GHOST|spa|2\n|\n|upkeep\n|turn|9\n|\n|t:|1700263596\n|switch|p2a: Ting-Lu|Ting-Lu|100\/100\n|-ability|p2a: Ting-Lu|Vessel of Ruin\n|switch|p1a: Great Tusk|Great Tusk|100\/100\n|\n|upkeep\n|turn|10\n|\n|t:|1700263607\n|switch|p2a: KIDS SEE GHOST|Dragapult, F, shiny|100\/100\n|move|p1a: Great Tusk|Rapid Spin|p2a: KIDS SEE GHOST\n|-immune|p2a: KIDS SEE GHOST\n|\n|upkeep\n|turn|11\n|\n|t:|1700263615\n|move|p2a: KIDS SEE GHOST|Shadow Ball|p1a: Great Tusk\n|-damage|p1a: Great Tusk|27\/100\n|move|p1a: Great Tusk|Ice Spinner|p2a: KIDS SEE GHOST\n|-supereffective|p2a: KIDS SEE GHOST\n|-damage|p2a: KIDS SEE GHOST|25\/100\n|\n|-heal|p1a: Great Tusk|34\/100|[from] item: Leftovers\n|upkeep\n|turn|12\n|\n|t:|1700263626\n|-end|p1a: Great Tusk|Protosynthesis|[silent]\n|switch|p1a: Slowking|Slowking-Galar, F|93\/100\n|move|p2a: KIDS SEE GHOST|Shadow Ball|p1a: Slowking\n|-supereffective|p1a: Slowking\n|-damage|p1a: Slowking|46\/100\n|\n|upkeep\n|turn|13\n|\n|t:|1700263633\n|move|p2a: KIDS SEE GHOST|Shadow Ball|p1a: Slowking\n|-supereffective|p1a: Slowking\n|-damage|p1a: Slowking|0 fnt\n|faint|p1a: Slowking\n|\n|upkeep\n|\n|t:|1700263642\n|switch|p1a: Sandy Shocks|Sandy Shocks, tera:Ice|100\/100\n|turn|14\n|\n|t:|1700263645\n|switch|p2a: Ting-Lu|Ting-Lu|100\/100\n|-ability|p2a: Ting-Lu|Vessel of Ruin\n|move|p1a: Sandy Shocks|Tera Blast|p2a: Ting-Lu|[anim] Tera Blast Ice\n|-supereffective|p2a: Ting-Lu\n|-damage|p2a: Ting-Lu|69\/100\n|\n|-heal|p2a: Ting-Lu|75\/100|[from] item: Leftovers\n|upkeep\n|turn|15\n|\n|t:|1700263661\n|-end|p1a: Sandy Shocks|Protosynthesis|[silent]\n|switch|p1a: Great Tusk|Great Tusk|34\/100\n|move|p2a: Ting-Lu|Whirlwind|p1a: Great Tusk\n|-end|p1a: Great Tusk|Protosynthesis|[silent]\n|drag|p1a: Sandy Shocks|Sandy Shocks, tera:Ice|100\/100\n|\n|-heal|p2a: Ting-Lu|81\/100|[from] item: Leftovers\n|upkeep\n|turn|16\n|\n|t:|1700263669\n|move|p1a: Sandy Shocks|Tera Blast|p2a: Ting-Lu|[anim] Tera Blast Ice\n|-supereffective|p2a: Ting-Lu\n|-damage|p2a: Ting-Lu|50\/100\n|move|p2a: Ting-Lu|Spikes|p1a: Sandy Shocks\n|-sidestart|p1: burngurg|Spikes\n|\n|-heal|p2a: Ting-Lu|56\/100|[from] item: Leftovers\n|upkeep\n|turn|17\n|\n|t:|1700263674\n|switch|p2a: FRANCHISE|Cinderace, F|100\/100\n|move|p1a: Sandy Shocks|Tera Blast|p2a: FRANCHISE|[anim] Tera Blast Ice\n|-resisted|p2a: FRANCHISE\n|-damage|p2a: FRANCHISE|72\/100\n|\n|upkeep\n|turn|18\n|\n|t:|1700263679\n|-end|p1a: Sandy Shocks|Protosynthesis|[silent]\n|switch|p1a: Salamence|Salamence, F|78\/100\n|-ability|p1a: Salamence|Intimidate|boost\n|-unboost|p2a: FRANCHISE|atk|1\n|move|p2a: FRANCHISE|Pyro Ball|p1a: Salamence\n|-resisted|p1a: Salamence\n|-damage|p1a: Salamence|60\/100\n|\n|upkeep\n|turn|19\n|\n|t:|1700263683\n|move|p2a: FRANCHISE|U-turn|p1a: Salamence\n|-start|p2a: FRANCHISE|typechange|Bug|[from] ability: Libero\n|-resisted|p1a: Salamence\n|-damage|p1a: Salamence|50\/100\n|\n|t:|1700263685\n|switch|p2a: Ting-Lu|Ting-Lu|56\/100|[from] U-turn\n|-ability|p2a: Ting-Lu|Vessel of Ruin\n|move|p1a: Salamence|Roost|p1a: Salamence\n|-heal|p1a: Salamence|100\/100\n|-singleturn|p1a: Salamence|move: Roost\n|\n|-heal|p2a: Ting-Lu|62\/100|[from] item: Leftovers\n|upkeep\n|turn|20\n|\n|t:|1700263692\n|move|p1a: Salamence|Hurricane|p2a: Ting-Lu\n|-damage|p2a: Ting-Lu|37\/100\n|move|p2a: Ting-Lu|Ruination|p1a: Salamence\n|-damage|p1a: Salamence|50\/100\n|\n|-heal|p2a: Ting-Lu|44\/100|[from] item: Leftovers\n|upkeep\n|turn|21\n|\n|t:|1700263698\n|move|p1a: Salamence|Hurricane|p2a: Ting-Lu|[miss]\n|-miss|p1a: Salamence|p2a: Ting-Lu\n|move|p2a: Ting-Lu|Spikes|p1a: Salamence\n|-sidestart|p1: burngurg|Spikes\n|\n|-heal|p2a: Ting-Lu|50\/100|[from] item: Leftovers\n|upkeep\n|turn|22\n|\n|t:|1700263707\n|move|p1a: Salamence|Roost|p1a: Salamence\n|-heal|p1a: Salamence|100\/100\n|-singleturn|p1a: Salamence|move: Roost\n|move|p2a: Ting-Lu|Spikes|p1a: Salamence\n|-sidestart|p1: burngurg|Spikes\n|\n|-heal|p2a: Ting-Lu|56\/100|[from] item: Leftovers\n|upkeep\n|turn|23\n|\n|t:|1700263711\n|move|p1a: Salamence|Hurricane|p2a: Ting-Lu\n|-damage|p2a: Ting-Lu|32\/100\n|move|p2a: Ting-Lu|Ruination|p1a: Salamence\n|-damage|p1a: Salamence|50\/100\n|\n|-heal|p2a: Ting-Lu|38\/100|[from] item: Leftovers\n|upkeep\n|turn|24\n|\n|t:|1700263713\n|move|p1a: Salamence|Hurricane|p2a: Ting-Lu|[miss]\n|-miss|p1a: Salamence|p2a: Ting-Lu\n|move|p2a: Ting-Lu|Whirlwind|p1a: Salamence\n|drag|p1a: Sneasler|Sneasler, M|100\/100\n|-damage|p1a: Sneasler|76\/100|[from] Spikes\n|\n|-heal|p2a: Ting-Lu|44\/100|[from] item: Leftovers\n|upkeep\n|turn|25\n|\n|t:|1700263722\n|move|p1a: Sneasler|Dire Claw|p2a: Ting-Lu\n|-resisted|p2a: Ting-Lu\n|-damage|p2a: Ting-Lu|33\/100\n|-status|p2a: Ting-Lu|slp\n|cant|p2a: Ting-Lu|slp\n|\n|-heal|p2a: Ting-Lu|39\/100 slp|[from] item: Leftovers\n|upkeep\n|turn|26\n|\n|t:|1700263736\n|switch|p2a: KIDS SEE GHOST|Dragapult, F, shiny|25\/100\n|move|p1a: Sneasler|Fake Out||[still]\n|-hint|Fake Out only works on your first turn out.\n|-fail|p1a: Sneasler\n|\n|upkeep\n|turn|27\n|c|\u2606burngurg|Lol\n|c|\u2606burngurg|brain farted\n|inactive|burngurg has 120 seconds left.\n|\n|t:|1700263768\n|switch|p1a: Great Tusk|Great Tusk|34\/100\n|-damage|p1a: Great Tusk|9\/100|[from] Spikes\n|move|p2a: KIDS SEE GHOST|Shadow Ball|p1a: Great Tusk\n|-damage|p1a: Great Tusk|0 fnt\n|faint|p1a: Great Tusk\n|-end|p1a: Great Tusk|Protosynthesis|[silent]\n|\n|upkeep\n|c|\u2606littensalt|rip\n|\n|t:|1700263771\n|switch|p1a: Sandy Shocks|Sandy Shocks, tera:Ice|100\/100\n|-damage|p1a: Sandy Shocks|76\/100|[from] Spikes\n|turn|28\n|\n|t:|1700263777\n|switch|p2a: Ting-Lu|Ting-Lu|39\/100 slp\n|-ability|p2a: Ting-Lu|Vessel of Ruin\n|move|p1a: Sandy Shocks|Earth Power|p2a: Ting-Lu\n|-damage|p2a: Ting-Lu|20\/100 slp\n|\n|-heal|p2a: Ting-Lu|26\/100 slp|[from] item: Leftovers\n|upkeep\n|turn|29\n|\n|t:|1700263784\n|move|p1a: Sandy Shocks|Tera Blast|p2a: Ting-Lu|[anim] Tera Blast Ice\n|-supereffective|p2a: Ting-Lu\n|-damage|p2a: Ting-Lu|0 fnt\n|faint|p2a: Ting-Lu\n|\n|upkeep\n|\n|t:|1700263786\n|switch|p2a: FRANCHISE|Cinderace, F|72\/100\n|turn|30\n|\n|t:|1700263793\n|-end|p1a: Sandy Shocks|Protosynthesis|[silent]\n|switch|p1a: Salamence|Salamence, F|50\/100\n|-ability|p1a: Salamence|Intimidate|boost\n|-unboost|p2a: FRANCHISE|atk|1\n|move|p2a: FRANCHISE|Pyro Ball|p1a: Salamence\n|-resisted|p1a: Salamence\n|-damage|p1a: Salamence|31\/100\n|\n|upkeep\n|turn|31\n|\n|t:|1700263815\n|move|p2a: FRANCHISE|U-turn|p1a: Salamence\n|-start|p2a: FRANCHISE|typechange|Bug|[from] ability: Libero\n|-resisted|p1a: Salamence\n|-damage|p1a: Salamence|21\/100\n|\n|t:|1700263819\n|switch|p2a: november|Zamazenta|82\/100|[from] U-turn\n|move|p1a: Salamence|Draco Meteor|p2a: november\n|-crit|p2a: november\n|-damage|p2a: november|6\/100\n|-unboost|p1a: Salamence|spa|2\n|\n|-heal|p2a: november|12\/100|[from] item: Leftovers\n|upkeep\n|turn|32\n|\n|t:|1700263829\n|switch|p1a: Sneasler|Sneasler, M|76\/100\n|-damage|p1a: Sneasler|51\/100|[from] Spikes\n|move|p2a: november|Body Press|p1a: Sneasler\n|-resisted|p1a: Sneasler\n|-damage|p1a: Sneasler|20\/100\n|\n|-heal|p2a: november|18\/100|[from] item: Leftovers\n|upkeep\n|turn|33\n|\n|t:|1700263832\n|move|p1a: Sneasler|Fake Out|p2a: november\n|-enditem|p1a: Sneasler|Normal Gem|[from] gem\n|-damage|p2a: november|5\/100\n|cant|p2a: november|flinch\n|\n|-heal|p2a: november|12\/100|[from] item: Leftovers\n|upkeep\n|turn|34\n|\n|t:|1700263840\n|move|p1a: Sneasler|Dire Claw|p2a: november\n|-damage|p2a: november|0 fnt\n|faint|p2a: november\n|\n|upkeep\n|\n|t:|1700263844\n|switch|p2a: FRANCHISE|Cinderace, F|72\/100\n|turn|35\n|\n|t:|1700263851\n|move|p2a: FRANCHISE|Sucker Punch|p1a: Sneasler\n|-start|p2a: FRANCHISE|typechange|Dark|[from] ability: Libero\n|-resisted|p1a: Sneasler\n|-damage|p1a: Sneasler|0 fnt\n|faint|p1a: Sneasler\n|\n|upkeep\n|\n|t:|1700263854\n|switch|p1a: Salamence|Salamence, F|21\/100\n|-ability|p1a: Salamence|Intimidate|boost\n|-unboost|p2a: FRANCHISE|atk|1\n|turn|36\n|\n|t:|1700263855\n|move|p2a: FRANCHISE|Pyro Ball|p1a: Salamence\n|-resisted|p1a: Salamence\n|-damage|p1a: Salamence|9\/100\n|move|p1a: Salamence|Roost|p1a: Salamence\n|-heal|p1a: Salamence|59\/100\n|-singleturn|p1a: Salamence|move: Roost\n|\n|upkeep\n|turn|37\n|\n|t:|1700263864\n|move|p2a: FRANCHISE|Pyro Ball|p1a: Salamence\n|-resisted|p1a: Salamence\n|-damage|p1a: Salamence|47\/100\n|move|p1a: Salamence|Draco Meteor|p2a: FRANCHISE\n|-damage|p2a: FRANCHISE|0 fnt\n|-unboost|p1a: Salamence|spa|2\n|faint|p2a: FRANCHISE\n|\n|upkeep\n|\n|t:|1700263867\n|switch|p2a: KIDS SEE GHOST|Dragapult, F, shiny|25\/100\n|turn|38\n|\n|t:|1700263868\n|-terastallize|p2a: KIDS SEE GHOST|Ghost\n|move|p2a: KIDS SEE GHOST|Shadow Ball|p1a: Salamence\n|-damage|p1a: Salamence|0 fnt\n|faint|p1a: Salamence\n|\n|upkeep\n|\n|t:|1700263872\n|switch|p1a: Sandy Shocks|Sandy Shocks, tera:Ice|76\/100\n|-damage|p1a: Sandy Shocks|51\/100|[from] Spikes\n|turn|39\n|\n|t:|1700263873\n|move|p2a: KIDS SEE GHOST|Shadow Ball|p1a: Sandy Shocks\n|-damage|p1a: Sandy Shocks|0 fnt\n|faint|p1a: Sandy Shocks\n|-end|p1a: Sandy Shocks|Protosynthesis|[silent]\n|\n|win|littensalt\n|raw|burngurg's rating: 1526 &rarr; <strong>1499<\/strong><br \/>(-27 for losing)\n|raw|littensalt's rating: 1405 &rarr; <strong>1432<\/strong><br \/>(+27 for winning)\n|l|\u2606burngurg\n|c|\u2606littensalt|ggwp\n","uploadtime":1700263885,"views":11,"p1id":"burngurg","p2id":"littensalt","formatid":"gen9ou","rating":1432,"private":0,"password":""}