{"id":"gen9ou-1988526726","p1":"PokEmNs324","p2":"Skaraptor2.1","format":"[Gen 9] OU","log":"|j|\u2606PokEmNs324\n|j|\u2606Skaraptor2.1\n|t:|1699732439\n|gametype|singles\n|player|p1|PokEmNs324|ninjaboy|1355\n|player|p2|Skaraptor2.1|emma|1308\n|teamsize|p1|6\n|teamsize|p2|6\n|gen|9\n|tier|[Gen 9] OU\n|rated|\n|rule|Sleep Clause Mod: Limit one foe put to sleep\n|rule|Species Clause: Limit one of each Pok\u00e9mon\n|rule|OHKO Clause: OHKO moves are banned\n|rule|Evasion Items Clause: Evasion items are banned\n|rule|Evasion Moves Clause: Evasion moves are banned\n|rule|Endless Battle Clause: Forcing endless battles is banned\n|rule|HP Percentage Mod: HP is shown in percentages\n|clearpoke\n|poke|p1|Gliscor, M|\n|poke|p1|Weezing-Galar, M|\n|poke|p1|Dragapult, F|\n|poke|p1|Rillaboom, M|\n|poke|p1|Clefable, M|\n|poke|p1|Samurott-Hisui, F|\n|poke|p2|Iron Jugulis|\n|poke|p2|Ogerpon-Wellspring, F|\n|poke|p2|Tinkaton, F|\n|poke|p2|Iron Moth|\n|poke|p2|Great Tusk|\n|poke|p2|Dragapult, M|\n|teampreview\n|inactive|Battle timer is ON: inactive players will automatically lose when time's up. (requested by Skaraptor2.1)\n|inactive|PokEmNs324 has 120 seconds left.\n|\n|t:|1699732471\n|start\n|switch|p1a: Mr Burns|Weezing-Galar, M|100\/100\n|switch|p2a: Drag Queen|Dragapult, M|100\/100\n|-ability|p1a: Mr Burns|Neutralizing Gas\n|turn|1\n|\n|t:|1699732482\n|move|p2a: Drag Queen|U-turn|p1a: Mr Burns\n|-resisted|p1a: Mr Burns\n|-damage|p1a: Mr Burns|98\/100\n|\n|t:|1699732483\n|switch|p2a: TWINKATON|Tinkaton, F|100\/100|[from] U-turn\n|-item|p2a: TWINKATON|Air Balloon\n|move|p1a: Mr Burns|Will-O-Wisp|p2a: TWINKATON\n|-status|p2a: TWINKATON|brn\n|\n|-heal|p1a: Mr Burns|100\/100|[from] item: Leftovers\n|-damage|p2a: TWINKATON|94\/100 brn|[from] brn\n|upkeep\n|turn|2\n|\n|t:|1699732501\n|move|p2a: TWINKATON|Stealth Rock|p1a: Mr Burns\n|-sidestart|p1: PokEmNs324|move: Stealth Rock\n|move|p1a: Mr Burns|Strange Steam|p2a: TWINKATON\n|-resisted|p2a: TWINKATON\n|-damage|p2a: TWINKATON|81\/100 brn\n|-enditem|p2a: TWINKATON|Air Balloon\n|\n|-damage|p2a: TWINKATON|75\/100 brn|[from] brn\n|upkeep\n|turn|3\n|\n|t:|1699732526\n|move|p2a: TWINKATON|Encore|p1a: Mr Burns\n|-start|p1a: Mr Burns|Encore\n|move|p1a: Mr Burns|Strange Steam|p2a: TWINKATON\n|-resisted|p2a: TWINKATON\n|-damage|p2a: TWINKATON|63\/100 brn\n|-start|p2a: TWINKATON|confusion\n|\n|-damage|p2a: TWINKATON|57\/100 brn|[from] brn\n|upkeep\n|turn|4\n|\n|t:|1699732546\n|-activate|p2a: TWINKATON|confusion\n|-damage|p2a: TWINKATON|48\/100 brn|[from] confusion\n|move|p1a: Mr Burns|Strange Steam|p2a: TWINKATON\n|-resisted|p2a: TWINKATON\n|-damage|p2a: TWINKATON|36\/100 brn\n|\n|-damage|p2a: TWINKATON|29\/100 brn|[from] brn\n|upkeep\n|turn|5\n|\n|t:|1699732551\n|-activate|p2a: TWINKATON|confusion\n|move|p2a: TWINKATON|Thunder Wave|p1a: Mr Burns\n|-status|p1a: Mr Burns|par\n|move|p1a: Mr Burns|Strange Steam|p2a: TWINKATON\n|-resisted|p2a: TWINKATON\n|-damage|p2a: TWINKATON|17\/100 brn\n|\n|-damage|p2a: TWINKATON|11\/100 brn|[from] brn\n|-end|p1a: Mr Burns|Encore\n|upkeep\n|turn|6\n|\n|t:|1699732564\n|move|p1a: Mr Burns|Protect|p1a: Mr Burns\n|-singleturn|p1a: Mr Burns|Protect\n|-activate|p2a: TWINKATON|confusion\n|move|p2a: TWINKATON|Encore|p1a: Mr Burns\n|-activate|p1a: Mr Burns|move: Protect\n|\n|-damage|p2a: TWINKATON|5\/100 brn|[from] brn\n|upkeep\n|turn|7\n|\n|t:|1699732592\n|move|p1a: Mr Burns|Protect||[still]\n|-fail|p1a: Mr Burns\n|-end|p2a: TWINKATON|confusion\n|move|p2a: TWINKATON|Encore|p1a: Mr Burns\n|-start|p1a: Mr Burns|Encore\n|\n|-damage|p2a: TWINKATON|0 fnt|[from] brn\n|faint|p2a: TWINKATON\n|upkeep\n|\n|t:|1699732600\n|switch|p2a: Transfem|Ogerpon-Wellspring, F|100\/100\n|turn|8\n|\n|t:|1699732613\n|-end|p1a: Mr Burns|ability: Neutralizing Gas\n|switch|p1a: Diddy|Rillaboom, M|100\/100\n|-damage|p1a: Diddy|88\/100|[from] Stealth Rock\n|-fieldstart|move: Grassy Terrain|[from] ability: Grassy Surge|[of] p1a: Diddy\n|move|p2a: Transfem|Spikes|p1a: Diddy\n|-sidestart|p1: PokEmNs324|Spikes\n|\n|-heal|p1a: Diddy|94\/100|[from] Grassy Terrain\n|upkeep\n|turn|9\n|\n|t:|1699732633\n|switch|p2a: Solar Panels|Iron Moth|100\/100\n|-enditem|p2a: Solar Panels|Booster Energy\n|-activate|p2a: Solar Panels|ability: Quark Drive|[fromitem]\n|-start|p2a: Solar Panels|quarkdrivespe\n|move|p1a: Diddy|Grassy Glide|p2a: Solar Panels\n|-resisted|p2a: Solar Panels\n|-damage|p2a: Solar Panels|88\/100\n|\n|-heal|p2a: Solar Panels|94\/100|[from] Grassy Terrain\n|-heal|p1a: Diddy|99\/100|[from] Grassy Terrain\n|upkeep\n|turn|10\n|\n|t:|1699732646\n|switch|p1a: Robin|Gliscor, M|100\/100\n|-damage|p1a: Robin|88\/100|[from] Stealth Rock\n|move|p2a: Solar Panels|Fiery Dance|p1a: Robin\n|-damage|p1a: Robin|57\/100\n|\n|-heal|p2a: Solar Panels|99\/100|[from] Grassy Terrain\n|-status|p1a: Robin|tox|[from] item: Toxic Orb\n|upkeep\n|turn|11\n|\n|t:|1699732666\n|-terastallize|p2a: Solar Panels|Grass\n|move|p2a: Solar Panels|Fiery Dance|p1a: Robin\n|-crit|p1a: Robin\n|-damage|p1a: Robin|9\/100 tox\n|move|p1a: Robin|U-turn|p2a: Solar Panels\n|-supereffective|p2a: Solar Panels\n|-damage|p2a: Solar Panels|58\/100\n|inactive|PokEmNs324 has 120 seconds left.\n|\n|t:|1699732691\n|switch|p1a: Mr Burns|Weezing-Galar, M|100\/100 par|[from] U-turn\n|-ability|p1a: Mr Burns|Neutralizing Gas\n|-damage|p1a: Mr Burns|88\/100 par|[from] Stealth Rock\n|-damage|p1a: Mr Burns|76\/100 par|[from] Spikes\n|\n|-heal|p2a: Solar Panels|64\/100|[from] Grassy Terrain\n|-heal|p1a: Mr Burns|82\/100 par|[from] Grassy Terrain\n|-heal|p1a: Mr Burns|88\/100 par|[from] item: Leftovers\n|upkeep\n|turn|12\n|\n|t:|1699732716\n|move|p2a: Solar Panels|Fiery Dance|p1a: Mr Burns\n|-crit|p1a: Mr Burns\n|-damage|p1a: Mr Burns|3\/100 par\n|move|p1a: Mr Burns|Defog|p2a: Solar Panels\n|-unboost|p2a: Solar Panels|evasion|1\n|-sideend|p1: PokEmNs324|Spikes|[from] move: Defog|[of] p1a: Mr Burns\n|-sideend|p1: PokEmNs324|Stealth Rock|[from] move: Defog|[of] p1a: Mr Burns\n|-fieldend|move: Grassy Terrain\n|\n|-heal|p1a: Mr Burns|9\/100 par|[from] item: Leftovers\n|upkeep\n|turn|13\n|inactive|PokEmNs324 has 120 seconds left.\n|inactive|PokEmNs324 has 90 seconds left.\n|\n|t:|1699732770\n|-end|p1a: Mr Burns|ability: Neutralizing Gas\n|switch|p1a: Samurott|Samurott-Hisui, F|100\/100\n|move|p2a: Solar Panels|Fiery Dance|p1a: Samurott\n|-resisted|p1a: Samurott\n|-damage|p1a: Samurott|69\/100\n|\n|upkeep\n|turn|14\n|\n|t:|1699732788\n|switch|p1a: Mr Burns|Weezing-Galar, M|9\/100 par\n|-ability|p1a: Mr Burns|Neutralizing Gas\n|move|p2a: Solar Panels|Energy Ball|p1a: Mr Burns\n|-resisted|p1a: Mr Burns\n|-crit|p1a: Mr Burns\n|-damage|p1a: Mr Burns|0 fnt\n|faint|p1a: Mr Burns\n|-end|p1a: Mr Burns|ability: Neutralizing Gas\n|\n|upkeep\n|\n|t:|1699732806\n|switch|p1a: Dragapult|Dragapult, F|100\/100\n|turn|15\n|\n|t:|1699732820\n|move|p2a: Solar Panels|Psychic|p1a: Dragapult\n|-damage|p1a: Dragapult|57\/100\n|move|p1a: Dragapult|Draco Meteor|p2a: Solar Panels\n|-damage|p2a: Solar Panels|4\/100\n|-unboost|p1a: Dragapult|spa|2\n|\n|upkeep\n|turn|16\n|\n|t:|1699732829\n|move|p2a: Solar Panels|Psychic|p1a: Dragapult\n|-damage|p1a: Dragapult|18\/100\n|move|p1a: Dragapult|U-turn|p2a: Solar Panels\n|-supereffective|p2a: Solar Panels\n|-damage|p2a: Solar Panels|0 fnt\n|faint|p2a: Solar Panels\n|-end|p2a: Solar Panels|Quark Drive|[silent]\n|\n|t:|1699732834\n|switch|p1a: Robin|Gliscor, M|9\/100 tox|[from] U-turn\n|\n|-heal|p1a: Robin|21\/100 tox|[from] ability: Poison Heal\n|upkeep\n|\n|t:|1699732837\n|switch|p2a: Be Gay Do Crime|Great Tusk|100\/100\n|-enditem|p2a: Be Gay Do Crime|Booster Energy\n|-activate|p2a: Be Gay Do Crime|ability: Protosynthesis|[fromitem]\n|-start|p2a: Be Gay Do Crime|protosynthesisspe\n|turn|17\n|inactive|PokEmNs324 has 60 seconds left.\n|\n|t:|1699732875\n|move|p2a: Be Gay Do Crime|Bulk Up|p2a: Be Gay Do Crime\n|-boost|p2a: Be Gay Do Crime|atk|1\n|-boost|p2a: Be Gay Do Crime|def|1\n|move|p1a: Robin|Toxic|p2a: Be Gay Do Crime\n|-status|p2a: Be Gay Do Crime|tox\n|\n|-damage|p2a: Be Gay Do Crime|94\/100 tox|[from] psn\n|-heal|p1a: Robin|34\/100 tox|[from] ability: Poison Heal\n|upkeep\n|turn|18\n|inactive|PokEmNs324 has 60 seconds left.\n|\n|t:|1699732885\n|move|p1a: Robin|Protect|p1a: Robin\n|-singleturn|p1a: Robin|Protect\n|move|p2a: Be Gay Do Crime|Bulk Up|p2a: Be Gay Do Crime\n|-boost|p2a: Be Gay Do Crime|atk|1\n|-boost|p2a: Be Gay Do Crime|def|1\n|\n|-damage|p2a: Be Gay Do Crime|82\/100 tox|[from] psn\n|-heal|p1a: Robin|46\/100 tox|[from] ability: Poison Heal\n|upkeep\n|turn|19\n|\n|t:|1699732890\n|move|p2a: Be Gay Do Crime|Ice Spinner|p1a: Robin\n|-supereffective|p1a: Robin\n|-damage|p1a: Robin|0 fnt\n|faint|p1a: Robin\n|\n|-damage|p2a: Be Gay Do Crime|63\/100 tox|[from] psn\n|upkeep\n|inactive|PokEmNs324 has 60 seconds left.\n|\n|t:|1699732915\n|switch|p1a: Samurott|Samurott-Hisui, F|69\/100\n|turn|20\n|\n|t:|1699732920\n|move|p2a: Be Gay Do Crime|Earthquake|p1a: Samurott\n|-damage|p1a: Samurott|0 fnt\n|faint|p1a: Samurott\n|\n|-damage|p2a: Be Gay Do Crime|38\/100 tox|[from] psn\n|upkeep\n|\n|t:|1699732949\n|switch|p1a: Diddy|Rillaboom, M|99\/100\n|-fieldstart|move: Grassy Terrain|[from] ability: Grassy Surge|[of] p1a: Diddy\n|turn|21\n|inactive|PokEmNs324 has 30 seconds left.\n|inactive|PokEmNs324 has 20 seconds left.\n|\n|t:|1699732976\n|move|p1a: Diddy|Grassy Glide|p2a: Be Gay Do Crime\n|-supereffective|p2a: Be Gay Do Crime\n|-damage|p2a: Be Gay Do Crime|13\/100 tox\n|move|p2a: Be Gay Do Crime|Ice Spinner|p1a: Diddy\n|-supereffective|p1a: Diddy\n|-damage|p1a: Diddy|10\/100\n|-fieldend|move: Grassy Terrain\n|\n|-damage|p2a: Be Gay Do Crime|0 fnt|[from] psn\n|faint|p2a: Be Gay Do Crime\n|-end|p2a: Be Gay Do Crime|Protosynthesis|[silent]\n|upkeep\n|inactive|PokEmNs324 has 25 seconds left this turn.\n|\n|t:|1699732984\n|switch|p2a: Trans... former|Iron Jugulis|100\/100\n|-enditem|p2a: Trans... former|Booster Energy\n|-activate|p2a: Trans... former|ability: Quark Drive|[fromitem]\n|-start|p2a: Trans... former|quarkdrivespe\n|turn|22\n|\n|t:|1699732988\n|switch|p1a: Clefable|Clefable, M|100\/100\n|move|p2a: Trans... former|Knock Off|p1a: Clefable\n|-resisted|p1a: Clefable\n|-damage|p1a: Clefable|86\/100\n|-enditem|p1a: Clefable|Leftovers|[from] move: Knock Off|[of] p2a: Trans... former\n|\n|upkeep\n|turn|23\n|inactive|PokEmNs324 has 30 seconds left.\n|\n|t:|1699733004\n|move|p2a: Trans... former|Taunt|p1a: Clefable\n|-start|p1a: Clefable|move: Taunt\n|move|p1a: Clefable|Moonblast|p2a: Trans... former\n|-supereffective|p2a: Trans... former\n|-damage|p2a: Trans... former|11\/100\n|-unboost|p2a: Trans... former|spa|1\n|\n|upkeep\n|turn|24\n|\n|t:|1699733010\n|move|p2a: Trans... former|Hurricane|p1a: Clefable\n|-damage|p1a: Clefable|60\/100\n|move|p1a: Clefable|Moonblast|p2a: Trans... former\n|-supereffective|p2a: Trans... former\n|-damage|p2a: Trans... former|0 fnt\n|faint|p2a: Trans... former\n|-end|p2a: Trans... former|Quark Drive|[silent]\n|\n|upkeep\n|\n|t:|1699733017\n|switch|p2a: Drag Queen|Dragapult, M|100\/100\n|turn|25\n|\n|t:|1699733028\n|move|p2a: Drag Queen|Shadow Ball|p1a: Clefable\n|-damage|p1a: Clefable|25\/100\n|-unboost|p1a: Clefable|spd|1\n|move|p1a: Clefable|Moonblast|p2a: Drag Queen\n|-supereffective|p2a: Drag Queen\n|-damage|p2a: Drag Queen|15\/100\n|\n|-end|p1a: Clefable|move: Taunt\n|upkeep\n|turn|26\n|\n|t:|1699733050\n|move|p2a: Drag Queen|Shadow Ball|p1a: Clefable\n|-damage|p1a: Clefable|0 fnt\n|faint|p1a: Clefable\n|\n|upkeep\n|\n|t:|1699733060\n|switch|p1a: Diddy|Rillaboom, M|10\/100\n|-fieldstart|move: Grassy Terrain|[from] ability: Grassy Surge|[of] p1a: Diddy\n|turn|27\n|\n|t:|1699733063\n|move|p1a: Diddy|Grassy Glide|p2a: Drag Queen\n|-resisted|p2a: Drag Queen\n|-damage|p2a: Drag Queen|0 fnt\n|faint|p2a: Drag Queen\n|\n|-heal|p1a: Diddy|16\/100|[from] Grassy Terrain\n|upkeep\n|\n|t:|1699733064\n|switch|p2a: Transfem|Ogerpon-Wellspring, F|100\/100\n|turn|28\n|\n|t:|1699733071\n|move|p1a: Diddy|Grassy Glide|p2a: Transfem\n|-damage|p2a: Transfem|47\/100\n|move|p2a: Transfem|Horn Leech|p1a: Diddy\n|-resisted|p1a: Diddy\n|-damage|p1a: Diddy|0 fnt\n|-heal|p2a: Transfem|57\/100|[from] drain|[of] p1a: Diddy\n|faint|p1a: Diddy\n|\n|-heal|p2a: Transfem|63\/100|[from] Grassy Terrain\n|upkeep\n|\n|t:|1699733079\n|switch|p1a: Dragapult|Dragapult, F|18\/100\n|turn|29\n|inactive|PokEmNs324 has 60 seconds left.\n|\n|t:|1699733087\n|move|p1a: Dragapult|Draco Meteor|p2a: Transfem\n|-damage|p2a: Transfem|0 fnt\n|-unboost|p1a: Dragapult|spa|2\n|faint|p2a: Transfem\n|\n|win|PokEmNs324\n|raw|PokEmNs324's rating: 1355 &rarr; <strong>1372<\/strong><br \/>(+17 for winning)\n|raw|Skaraptor2.1's rating: 1308 &rarr; <strong>1291<\/strong><br \/>(-17 for losing)\n","uploadtime":1699733091,"views":11,"p1id":"pokemns324","p2id":"skaraptor21","formatid":"gen9ou","rating":1291,"private":0,"password":""}