{"id":"gen9ou-1999944319","p1":"Nala Wonderbred","p2":"Snakeman24","format":"[Gen 9] OU","log":"|j|\u2606Nala Wonderbred\n|j|\u2606Snakeman24\n|t:|1701132962\n|gametype|singles\n|player|p1|Nala Wonderbred|janine|\n|player|p2|Snakeman24|steven|\n|teamsize|p1|4\n|teamsize|p2|4\n|gen|9\n|tier|[Gen 9] OU\n|rule|Sleep Clause Mod: Limit one foe put to sleep\n|rule|Species Clause: Limit one of each Pok\u00e9mon\n|rule|OHKO Clause: OHKO moves are banned\n|rule|Evasion Items Clause: Evasion items are banned\n|rule|Evasion Moves Clause: Evasion moves are banned\n|rule|Endless Battle Clause: Forcing endless battles is banned\n|rule|HP Percentage Mod: HP is shown in percentages\n|clearpoke\n|poke|p1|Revavroom, F|\n|poke|p1|Bronzong|\n|poke|p1|Glimmora, F|\n|poke|p1|Drednaw, F|\n|poke|p2|Skeledirge, M|\n|poke|p2|Great Tusk|\n|poke|p2|Quaquaval, M|\n|poke|p2|Breloom, M|\n|teampreview\n|inactive|Battle timer is ON: inactive players will automatically lose when time's up. (requested by Nala Wonderbred)\n|c|\u2606Nala Wonderbred|Glhf\n|c|\u2606Snakeman24|U 2\n|inactive|Nala Wonderbred has 270 seconds left.\n|\n|t:|1701133010\n|start\n|switch|p1a: Bronzong|Bronzong|100\/100\n|switch|p2a: Great Tusk|Great Tusk|100\/100\n|turn|1\n|\n|t:|1701133027\n|move|p2a: Great Tusk|Stealth Rock|p1a: Bronzong\n|-sidestart|p1: Nala Wonderbred|move: Stealth Rock\n|move|p1a: Bronzong|Reflect|p1a: Bronzong\n|-sidestart|p1: Nala Wonderbred|Reflect\n|\n|upkeep\n|turn|2\n|\n|t:|1701133037\n|-end|p2a: Great Tusk|Protosynthesis|[silent]\n|switch|p2a: Skeledirge|Skeledirge, M|100\/100\n|move|p1a: Bronzong|Psychic|p2a: Skeledirge\n|-damage|p2a: Skeledirge|82\/100\n|\n|upkeep\n|turn|3\n|\n|t:|1701133048\n|switch|p1a: Glimmora|Glimmora, F|100\/100\n|-damage|p1a: Glimmora|88\/100|[from] Stealth Rock\n|move|p2a: Skeledirge|Will-O-Wisp|p1a: Glimmora\n|-status|p1a: Glimmora|brn\n|\n|-damage|p1a: Glimmora|82\/100 brn|[from] brn\n|upkeep\n|turn|4\n|\n|t:|1701133064\n|move|p1a: Glimmora|Power Gem|p2a: Skeledirge\n|-supereffective|p2a: Skeledirge\n|-damage|p2a: Skeledirge|33\/100\n|move|p2a: Skeledirge|Torch Song|p1a: Glimmora\n|-resisted|p1a: Glimmora\n|-damage|p1a: Glimmora|66\/100 brn\n|-boost|p2a: Skeledirge|spa|1\n|\n|-damage|p1a: Glimmora|60\/100 brn|[from] brn\n|upkeep\n|turn|5\n|\n|t:|1701133080\n|switch|p2a: Quaquaval|Quaquaval, M|100\/100\n|move|p1a: Glimmora|Power Gem|p2a: Quaquaval\n|-resisted|p2a: Quaquaval\n|-damage|p2a: Quaquaval|77\/100\n|\n|-heal|p2a: Quaquaval|83\/100|[from] item: Leftovers\n|-damage|p1a: Glimmora|53\/100 brn|[from] brn\n|upkeep\n|turn|6\n|j| Horse95\n|\n|t:|1701133092\n|move|p2a: Quaquaval|Aqua Step|p1a: Glimmora\n|-supereffective|p1a: Glimmora\n|-damage|p1a: Glimmora|24\/100 brn\n|-boost|p2a: Quaquaval|spe|1\n|-activate|p1a: Glimmora|ability: Toxic Debris\n|-sidestart|p2: Snakeman24|move: Toxic Spikes\n|move|p1a: Glimmora|Dazzling Gleam|p2a: Quaquaval\n|-supereffective|p2a: Quaquaval\n|-damage|p2a: Quaquaval|17\/100\n|\n|-heal|p2a: Quaquaval|23\/100|[from] item: Leftovers\n|-damage|p1a: Glimmora|18\/100 brn|[from] brn\n|upkeep\n|turn|7\n|\n|t:|1701133106\n|move|p2a: Quaquaval|Aqua Step|p1a: Glimmora\n|-supereffective|p1a: Glimmora\n|-damage|p1a: Glimmora|0 fnt\n|-boost|p2a: Quaquaval|spe|1\n|-activate|p1a: Glimmora|ability: Toxic Debris\n|-sidestart|p2: Snakeman24|move: Toxic Spikes\n|faint|p1a: Glimmora\n|-ability|p2a: Quaquaval|Moxie|boost\n|-boost|p2a: Quaquaval|atk|1\n|\n|-heal|p2a: Quaquaval|29\/100|[from] item: Leftovers\n|upkeep\n|\n|t:|1701133114\n|switch|p1a: Bronzong|Bronzong|100\/100\n|-damage|p1a: Bronzong|94\/100|[from] Stealth Rock\n|turn|8\n|\n|t:|1701133129\n|move|p2a: Quaquaval|Flip Turn|p1a: Bronzong\n|-damage|p1a: Bronzong|77\/100\n|\n|t:|1701133134\n|switch|p2a: Great Tusk|Great Tusk|100\/100|[from] Flip Turn\n|-status|p2a: Great Tusk|tox\n|move|p1a: Bronzong|Psychic|p2a: Great Tusk\n|-supereffective|p2a: Great Tusk\n|-damage|p2a: Great Tusk|18\/100 tox\n|\n|-damage|p2a: Great Tusk|12\/100 tox|[from] psn\n|-sideend|p1: Nala Wonderbred|Reflect\n|upkeep\n|turn|9\n|\n|t:|1701133146\n|move|p2a: Great Tusk|Rapid Spin|p1a: Bronzong\n|-resisted|p1a: Bronzong\n|-damage|p1a: Bronzong|71\/100\n|-boost|p2a: Great Tusk|spe|1\n|-sideend|p2: Snakeman24|Toxic Spikes|[from] move: Rapid Spin|[of] p2a: Great Tusk\n|move|p1a: Bronzong|Reflect|p1a: Bronzong\n|-sidestart|p1: Nala Wonderbred|Reflect\n|\n|-damage|p2a: Great Tusk|0 fnt|[from] psn\n|faint|p2a: Great Tusk\n|-end|p2a: Great Tusk|Protosynthesis|[silent]\n|upkeep\n|\n|t:|1701133164\n|switch|p2a: Breloom|Breloom, M|100\/100\n|turn|10\n|\n|t:|1701133177\n|move|p2a: Breloom|Spore|p1a: Bronzong\n|-status|p1a: Bronzong|slp|[from] move: Spore\n|cant|p1a: Bronzong|slp\n|\n|upkeep\n|turn|11\n|\n|t:|1701133189\n|switch|p1a: Revavroom|Revavroom, F|100\/100\n|-damage|p1a: Revavroom|95\/100|[from] Stealth Rock\n|-item|p1a: Revavroom|Air Balloon\n|move|p2a: Breloom|Drain Punch|p1a: Revavroom\n|-damage|p1a: Revavroom|67\/100\n|-enditem|p1a: Revavroom|Air Balloon\n|\n|upkeep\n|turn|12\n|\n|t:|1701133203\n|move|p1a: Revavroom|Shift Gear|p1a: Revavroom\n|-boost|p1a: Revavroom|spe|2\n|-boost|p1a: Revavroom|atk|1\n|move|p2a: Breloom|Drain Punch|p1a: Revavroom\n|-damage|p1a: Revavroom|38\/100\n|\n|upkeep\n|turn|13\n|j| Aceman2798\n|\n|t:|1701133217\n|move|p1a: Revavroom|Zen Headbutt|p2a: Breloom\n|-supereffective|p2a: Breloom\n|-enditem|p2a: Breloom|Focus Sash\n|-damage|p2a: Breloom|1\/100\n|move|p2a: Breloom|Drain Punch|p1a: Revavroom\n|-damage|p1a: Revavroom|13\/100\n|-heal|p2a: Breloom|13\/100|[from] drain|[of] p1a: Revavroom\n|\n|upkeep\n|turn|14\n|\n|t:|1701133229\n|move|p2a: Breloom|Mach Punch|p1a: Revavroom\n|-damage|p1a: Revavroom|0 fnt\n|faint|p1a: Revavroom\n|\n|upkeep\n|\n|t:|1701133233\n|switch|p1a: Drednaw|Drednaw, F|100\/100\n|-damage|p1a: Drednaw|88\/100|[from] Stealth Rock\n|turn|15\n|\n|t:|1701133241\n|move|p2a: Breloom|Mach Punch|p1a: Drednaw\n|-supereffective|p1a: Drednaw\n|-damage|p1a: Drednaw|45\/100\n|move|p1a: Drednaw|Liquidation|p2a: Breloom\n|-resisted|p2a: Breloom\n|-damage|p2a: Breloom|0 fnt\n|faint|p2a: Breloom\n|\n|upkeep\n|j| Tubaguia_Ofc\n|\n|t:|1701133250\n|switch|p2a: Quaquaval|Quaquaval, M|29\/100\n|turn|16\n|\n|t:|1701133273\n|move|p2a: Quaquaval|Close Combat|p1a: Drednaw\n|-supereffective|p1a: Drednaw\n|-damage|p1a: Drednaw|0 fnt\n|-unboost|p2a: Quaquaval|def|1\n|-unboost|p2a: Quaquaval|spd|1\n|faint|p1a: Drednaw\n|-ability|p2a: Quaquaval|Moxie|boost\n|-boost|p2a: Quaquaval|atk|1\n|\n|-heal|p2a: Quaquaval|35\/100|[from] item: Leftovers\n|-sideend|p1: Nala Wonderbred|Reflect\n|upkeep\n|\n|t:|1701133276\n|switch|p1a: Bronzong|Bronzong|71\/100 slp\n|-damage|p1a: Bronzong|65\/100 slp|[from] Stealth Rock\n|turn|17\n|\n|t:|1701133288\n|move|p2a: Quaquaval|Flip Turn|p1a: Bronzong\n|-damage|p1a: Bronzong|31\/100 slp\n|\n|t:|1701133291\n|switch|p2a: Skeledirge|Skeledirge, M|33\/100|[from] Flip Turn\n|cant|p1a: Bronzong|slp\n|\n|upkeep\n|turn|18\n|\n|t:|1701133298\n|move|p2a: Skeledirge|Torch Song|p1a: Bronzong\n|-supereffective|p1a: Bronzong\n|-damage|p1a: Bronzong|8\/100 slp\n|-boost|p2a: Skeledirge|spa|1\n|cant|p1a: Bronzong|slp\n|\n|upkeep\n|turn|19\n|c|\u2606Nala Wonderbred|Gg\n|\n|t:|1701133307\n|move|p2a: Skeledirge|Hex|p1a: Bronzong\n|-supereffective|p1a: Bronzong\n|-damage|p1a: Bronzong|0 fnt\n|faint|p1a: Bronzong\n|\n|win|Snakeman24\n|l|\u2606Snakeman24\n","uploadtime":1701133314,"views":29,"p1id":"nalawonderbred","p2id":"snakeman24","formatid":"gen9ou","rating":0,"private":0,"password":""}