{"id":"gen9ou-1995791908","p1":"pppwjd","p2":"imnotgrate","format":"[Gen 9] OU","log":"|j|\u2606pppwjd\n|j|\u2606imnotgrate\n|t:|1700603577\n|gametype|singles\n|player|p1|pppwjd|psychicf-gen4|1178\n|player|p2|imnotgrate|bertha|1140\n|teamsize|p1|6\n|teamsize|p2|6\n|gen|9\n|tier|[Gen 9] OU\n|rated|\n|rule|Sleep Clause Mod: Limit one foe put to sleep\n|rule|Species Clause: Limit one of each Pok\u00e9mon\n|rule|OHKO Clause: OHKO moves are banned\n|rule|Evasion Items Clause: Evasion items are banned\n|rule|Evasion Moves Clause: Evasion moves are banned\n|rule|Endless Battle Clause: Forcing endless battles is banned\n|rule|HP Percentage Mod: HP is shown in percentages\n|clearpoke\n|poke|p1|Maushold|\n|poke|p1|Samurott-Hisui, M|\n|poke|p1|Kingambit, F|\n|poke|p1|Garganacl, F|\n|poke|p1|Amoonguss, M|\n|poke|p1|Weavile, F|\n|poke|p2|Ceruledge, M|\n|poke|p2|Drifblim, M|\n|poke|p2|Cloyster, F|\n|poke|p2|Volcanion|\n|poke|p2|Alomomola, F|\n|poke|p2|Thundurus-Therian, M|\n|teampreview\n|inactive|Battle timer is ON: inactive players will automatically lose when time's up. (requested by imnotgrate)\n|inactive|pppwjd also wants the timer to be on.\n|\n|t:|1700603597\n|start\n|switch|p1a: Maushold|Maushold|100\/100\n|switch|p2a: Thundurus|Thundurus-Therian, M|100\/100\n|turn|1\n|\n|t:|1700603603\n|move|p1a: Maushold|Tidy Up|p1a: Maushold\n|-boost|p1a: Maushold|atk|1\n|-boost|p1a: Maushold|spe|1\n|move|p2a: Thundurus|Focus Blast|p1a: Maushold\n|-supereffective|p1a: Maushold\n|-damage|p1a: Maushold|0 fnt\n|faint|p1a: Maushold\n|\n|upkeep\n|inactive|pppwjd has 120 seconds left.\n|\n|t:|1700603633\n|switch|p1a: Garganacl|Garganacl, F|100\/100\n|turn|2\n|\n|t:|1700603652\n|-terastallize|p1a: Garganacl|Fairy\n|move|p2a: Thundurus|Flash Cannon|p1a: Garganacl\n|-supereffective|p1a: Garganacl\n|-damage|p1a: Garganacl|61\/100\n|move|p1a: Garganacl|Salt Cure|p2a: Thundurus\n|-supereffective|p2a: Thundurus\n|-damage|p2a: Thundurus|56\/100\n|-start|p2a: Thundurus|Salt Cure\n|\n|-heal|p1a: Garganacl|67\/100|[from] item: Leftovers\n|-damage|p2a: Thundurus|43\/100|[from] Salt Cure\n|upkeep\n|turn|3\n|\n|t:|1700603665\n|move|p2a: Thundurus|Grass Knot|p1a: Garganacl\n|-damage|p1a: Garganacl|39\/100\n|move|p1a: Garganacl|Salt Cure|p2a: Thundurus\n|-supereffective|p2a: Thundurus\n|-damage|p2a: Thundurus|3\/100\n|\n|-heal|p1a: Garganacl|45\/100|[from] item: Leftovers\n|-damage|p2a: Thundurus|0 fnt|[from] Salt Cure\n|faint|p2a: Thundurus\n|upkeep\n|\n|t:|1700603668\n|switch|p2a: Ceruledge|Ceruledge, M|100\/100\n|turn|4\n|c|\u2606imnotgrate|misclick\n|c|\u2606imnotgrate|rip\n|\n|t:|1700603679\n|switch|p2a: Drifblim|Drifblim, M|100\/100\n|move|p1a: Garganacl|Recover|p1a: Garganacl\n|-heal|p1a: Garganacl|95\/100\n|\n|-heal|p1a: Garganacl|100\/100|[from] item: Leftovers\n|upkeep\n|turn|5\n|\n|t:|1700603683\n|move|p2a: Drifblim|Strength Sap|p1a: Garganacl\n|-unboost|p1a: Garganacl|atk|1\n|move|p1a: Garganacl|Iron Defense|p1a: Garganacl\n|-boost|p1a: Garganacl|def|2\n|\n|upkeep\n|turn|6\n|\n|t:|1700603690\n|move|p2a: Drifblim|Strength Sap|p1a: Garganacl\n|-unboost|p1a: Garganacl|atk|1\n|move|p1a: Garganacl|Salt Cure|p2a: Drifblim\n|-supereffective|p2a: Drifblim\n|-damage|p2a: Drifblim|82\/100\n|-start|p2a: Drifblim|Salt Cure\n|\n|-damage|p2a: Drifblim|70\/100|[from] Salt Cure\n|upkeep\n|turn|7\n|\n|t:|1700603699\n|move|p2a: Drifblim|Strength Sap|p1a: Garganacl\n|-unboost|p1a: Garganacl|atk|1\n|-heal|p2a: Drifblim|93\/100\n|move|p1a: Garganacl|Iron Defense|p1a: Garganacl\n|-boost|p1a: Garganacl|def|2\n|\n|-damage|p2a: Drifblim|81\/100|[from] Salt Cure\n|upkeep\n|turn|8\n|\n|t:|1700603704\n|move|p2a: Drifblim|Will-O-Wisp|p1a: Garganacl\n|-immune|p1a: Garganacl|[from] ability: Purifying Salt\n|move|p1a: Garganacl|Iron Defense|p1a: Garganacl\n|-boost|p1a: Garganacl|def|2\n|\n|-damage|p2a: Drifblim|69\/100|[from] Salt Cure\n|upkeep\n|turn|9\n|\n|t:|1700603708\n|move|p2a: Drifblim|Psychic|p1a: Garganacl\n|-damage|p1a: Garganacl|89\/100\n|move|p1a: Garganacl|Salt Cure|p2a: Drifblim\n|-supereffective|p2a: Drifblim\n|-damage|p2a: Drifblim|54\/100\n|\n|-heal|p1a: Garganacl|95\/100|[from] item: Leftovers\n|-damage|p2a: Drifblim|42\/100|[from] Salt Cure\n|upkeep\n|turn|10\n|\n|t:|1700603716\n|move|p2a: Drifblim|Psychic|p1a: Garganacl\n|-damage|p1a: Garganacl|81\/100\n|move|p1a: Garganacl|Salt Cure|p2a: Drifblim\n|-supereffective|p2a: Drifblim\n|-damage|p2a: Drifblim|29\/100\n|\n|-heal|p1a: Garganacl|87\/100|[from] item: Leftovers\n|-damage|p2a: Drifblim|16\/100|[from] Salt Cure\n|upkeep\n|turn|11\n|\n|t:|1700603727\n|move|p2a: Drifblim|Strength Sap|p1a: Garganacl\n|-unboost|p1a: Garganacl|atk|1\n|-heal|p2a: Drifblim|35\/100\n|move|p1a: Garganacl|Salt Cure|p2a: Drifblim\n|-supereffective|p2a: Drifblim\n|-damage|p2a: Drifblim|23\/100\n|\n|-heal|p1a: Garganacl|94\/100|[from] item: Leftovers\n|-damage|p2a: Drifblim|10\/100|[from] Salt Cure\n|upkeep\n|turn|12\n|\n|t:|1700603737\n|move|p2a: Drifblim|Strength Sap|p1a: Garganacl\n|-unboost|p1a: Garganacl|atk|1\n|-heal|p2a: Drifblim|26\/100\n|move|p1a: Garganacl|Salt Cure|p2a: Drifblim\n|-supereffective|p2a: Drifblim\n|-damage|p2a: Drifblim|15\/100\n|\n|-heal|p1a: Garganacl|99\/100|[from] item: Leftovers\n|-damage|p2a: Drifblim|2\/100|[from] Salt Cure\n|upkeep\n|turn|13\n|\n|t:|1700603759\n|move|p2a: Drifblim|Psychic|p1a: Garganacl\n|-damage|p1a: Garganacl|87\/100\n|move|p1a: Garganacl|Salt Cure|p2a: Drifblim\n|-supereffective|p2a: Drifblim\n|-damage|p2a: Drifblim|0 fnt\n|faint|p2a: Drifblim\n|\n|-heal|p1a: Garganacl|93\/100|[from] item: Leftovers\n|upkeep\n|\n|t:|1700603762\n|switch|p2a: Volcanion|Volcanion|100\/100\n|turn|14\n|\n|t:|1700603772\n|move|p2a: Volcanion|Sludge Bomb|p1a: Garganacl\n|-supereffective|p1a: Garganacl\n|-damage|p1a: Garganacl|51\/100\n|move|p1a: Garganacl|Salt Cure|p2a: Volcanion\n|-supereffective|p2a: Volcanion\n|-damage|p2a: Volcanion|93\/100\n|-start|p2a: Volcanion|Salt Cure\n|\n|-heal|p1a: Garganacl|57\/100|[from] item: Leftovers\n|-damage|p2a: Volcanion|69\/100|[from] Salt Cure\n|upkeep\n|turn|15\n|\n|t:|1700603783\n|move|p2a: Volcanion|Sludge Bomb|p1a: Garganacl\n|-supereffective|p1a: Garganacl\n|-damage|p1a: Garganacl|8\/100\n|move|p1a: Garganacl|Recover|p1a: Garganacl\n|-heal|p1a: Garganacl|58\/100\n|\n|-heal|p1a: Garganacl|64\/100|[from] item: Leftovers\n|-damage|p2a: Volcanion|44\/100|[from] Salt Cure\n|upkeep\n|turn|16\n|l|\u2606pppwjd\n|inactive|pppwjd disconnected and has a minute to reconnect!\n|player|p1|\n|j|\u2606pppwjd\n|inactive|pppwjd reconnected and has 135 seconds left.\n|player|p1|pppwjd|psychicf-gen4\n|\n|t:|1700603804\n|move|p2a: Volcanion|Sludge Bomb|p1a: Garganacl\n|-supereffective|p1a: Garganacl\n|-damage|p1a: Garganacl|19\/100\n|move|p1a: Garganacl|Recover|p1a: Garganacl\n|-heal|p1a: Garganacl|69\/100\n|\n|-heal|p1a: Garganacl|75\/100|[from] item: Leftovers\n|-damage|p2a: Volcanion|19\/100|[from] Salt Cure\n|upkeep\n|turn|17\n|\n|t:|1700603813\n|move|p2a: Volcanion|Sludge Bomb|p1a: Garganacl\n|-supereffective|p1a: Garganacl\n|-damage|p1a: Garganacl|29\/100\n|move|p1a: Garganacl|Recover|p1a: Garganacl\n|-heal|p1a: Garganacl|79\/100\n|\n|-heal|p1a: Garganacl|85\/100|[from] item: Leftovers\n|-damage|p2a: Volcanion|0 fnt|[from] Salt Cure\n|faint|p2a: Volcanion\n|upkeep\n|\n|t:|1700603821\n|switch|p2a: Alomomola|Alomomola, F|100\/100\n|turn|18\n|\n|t:|1700603825\n|move|p2a: Alomomola|Protect|p2a: Alomomola\n|-singleturn|p2a: Alomomola|Protect\n|move|p1a: Garganacl|Salt Cure|p2a: Alomomola\n|-activate|p2a: Alomomola|move: Protect\n|\n|-heal|p1a: Garganacl|92\/100|[from] item: Leftovers\n|upkeep\n|turn|19\n|\n|t:|1700603842\n|move|p2a: Alomomola|Protect|p2a: Alomomola\n|-singleturn|p2a: Alomomola|Protect\n|move|p1a: Garganacl|Salt Cure|p2a: Alomomola\n|-activate|p2a: Alomomola|move: Protect\n|\n|-heal|p1a: Garganacl|98\/100|[from] item: Leftovers\n|upkeep\n|turn|20\n|\n|t:|1700603850\n|move|p2a: Alomomola|Protect||[still]\n|-fail|p2a: Alomomola\n|move|p1a: Garganacl|Salt Cure|p2a: Alomomola\n|-damage|p2a: Alomomola|98\/100\n|-start|p2a: Alomomola|Salt Cure\n|\n|-heal|p1a: Garganacl|100\/100|[from] item: Leftovers\n|-damage|p2a: Alomomola|73\/100|[from] Salt Cure\n|upkeep\n|turn|21\n|\n|t:|1700603862\n|move|p2a: Alomomola|Wish|p2a: Alomomola\n|move|p1a: Garganacl|Salt Cure|p2a: Alomomola\n|-damage|p2a: Alomomola|71\/100\n|\n|-damage|p2a: Alomomola|46\/100|[from] Salt Cure\n|upkeep\n|turn|22\n|\n|t:|1700603867\n|move|p2a: Alomomola|Protect|p2a: Alomomola\n|-singleturn|p2a: Alomomola|Protect\n|move|p1a: Garganacl|Body Press|p2a: Alomomola\n|-activate|p2a: Alomomola|move: Protect\n|\n|-heal|p2a: Alomomola|96\/100|[from] move: Wish|[wisher] Alomomola\n|-damage|p2a: Alomomola|71\/100|[from] Salt Cure\n|upkeep\n|turn|23\n|\n|t:|1700603885\n|move|p2a: Alomomola|Wish|p2a: Alomomola\n|move|p1a: Garganacl|Body Press|p2a: Alomomola\n|-damage|p2a: Alomomola|13\/100\n|\n|-damage|p2a: Alomomola|0 fnt|[from] Salt Cure\n|faint|p2a: Alomomola\n|upkeep\n|\n|t:|1700603890\n|switch|p2a: Ceruledge|Ceruledge, M|100\/100\n|turn|24\n|\n|t:|1700603903\n|move|p2a: Ceruledge|Bitter Blade|p1a: Garganacl\n|-damage|p1a: Garganacl|92\/100\n|move|p1a: Garganacl|Salt Cure|p2a: Ceruledge\n|-supereffective|p2a: Ceruledge\n|-damage|p2a: Ceruledge|90\/100\n|-start|p2a: Ceruledge|Salt Cure\n|-ability|p2a: Ceruledge|Weak Armor|boost\n|-unboost|p2a: Ceruledge|def|1\n|-boost|p2a: Ceruledge|spe|2\n|\n|-heal|p2a: Ceruledge|100\/100|[from] move: Wish|[wisher] Alomomola\n|-heal|p1a: Garganacl|99\/100|[from] item: Leftovers\n|-damage|p2a: Ceruledge|88\/100|[from] Salt Cure\n|upkeep\n|turn|25\n|c|\u2606imnotgrate|gargan is so broken\n|c|\u2606pppwjd|Fr\n|\n|t:|1700603925\n|move|p2a: Ceruledge|Bitter Blade|p1a: Garganacl\n|-damage|p1a: Garganacl|90\/100\n|-heal|p2a: Ceruledge|94\/100|[from] drain|[of] p1a: Garganacl\n|move|p1a: Garganacl|Iron Defense|p1a: Garganacl\n|-boost|p1a: Garganacl|def|0\n|\n|-heal|p1a: Garganacl|97\/100|[from] item: Leftovers\n|-damage|p2a: Ceruledge|82\/100|[from] Salt Cure\n|upkeep\n|turn|26\n|\n|t:|1700603937\n|move|p2a: Ceruledge|Poltergeist|p1a: Garganacl\n|-activate|p1a: Garganacl|move: Poltergeist|Leftovers\n|-damage|p1a: Garganacl|92\/100\n|move|p1a: Garganacl|Iron Defense|p1a: Garganacl\n|-boost|p1a: Garganacl|def|0\n|\n|-heal|p1a: Garganacl|98\/100|[from] item: Leftovers\n|-damage|p2a: Ceruledge|69\/100|[from] Salt Cure\n|upkeep\n|turn|27\n|\n|t:|1700603947\n|move|p2a: Ceruledge|Shadow Sneak|p1a: Garganacl\n|-damage|p1a: Garganacl|96\/100\n|move|p1a: Garganacl|Iron Defense|p1a: Garganacl\n|-boost|p1a: Garganacl|def|0\n|\n|-heal|p1a: Garganacl|100\/100|[from] item: Leftovers\n|-damage|p2a: Ceruledge|57\/100|[from] Salt Cure\n|upkeep\n|turn|28\n|\n|t:|1700603961\n|move|p2a: Ceruledge|Swords Dance|p2a: Ceruledge\n|-boost|p2a: Ceruledge|atk|2\n|move|p1a: Garganacl|Salt Cure|p2a: Ceruledge\n|-supereffective|p2a: Ceruledge\n|-damage|p2a: Ceruledge|40\/100\n|-ability|p2a: Ceruledge|Weak Armor|boost\n|-unboost|p2a: Ceruledge|def|1\n|-boost|p2a: Ceruledge|spe|2\n|\n|-damage|p2a: Ceruledge|28\/100|[from] Salt Cure\n|upkeep\n|turn|29\n|\n|t:|1700603970\n|move|p2a: Ceruledge|Bitter Blade|p1a: Garganacl\n|-damage|p1a: Garganacl|85\/100\n|-heal|p2a: Ceruledge|39\/100|[from] drain|[of] p1a: Garganacl\n|move|p1a: Garganacl|Salt Cure|p2a: Ceruledge\n|-supereffective|p2a: Ceruledge\n|-damage|p2a: Ceruledge|17\/100\n|-ability|p2a: Ceruledge|Weak Armor|boost\n|-unboost|p2a: Ceruledge|def|1\n|-boost|p2a: Ceruledge|spe|2\n|\n|-heal|p1a: Garganacl|92\/100|[from] item: Leftovers\n|-damage|p2a: Ceruledge|5\/100|[from] Salt Cure\n|upkeep\n|turn|30\n|\n|t:|1700603976\n|move|p2a: Ceruledge|Bitter Blade|p1a: Garganacl\n|-damage|p1a: Garganacl|76\/100\n|-heal|p2a: Ceruledge|16\/100|[from] drain|[of] p1a: Garganacl\n|move|p1a: Garganacl|Salt Cure|p2a: Ceruledge\n|-supereffective|p2a: Ceruledge\n|-damage|p2a: Ceruledge|0 fnt\n|faint|p2a: Ceruledge\n|\n|-heal|p1a: Garganacl|83\/100|[from] item: Leftovers\n|upkeep\n|\n|t:|1700603978\n|switch|p2a: Cloyster|Cloyster, F|100\/100\n|turn|31\n|\n|t:|1700603988\n|move|p2a: Cloyster|Poison Jab|p1a: Garganacl\n|-supereffective|p1a: Garganacl\n|-damage|p1a: Garganacl|75\/100\n|move|p1a: Garganacl|Body Press|p2a: Cloyster\n|-supereffective|p2a: Cloyster\n|-damage|p2a: Cloyster|0 fnt\n|faint|p2a: Cloyster\n|\n|win|pppwjd\n|raw|pppwjd's rating: 1178 &rarr; <strong>1200<\/strong><br \/>(+22 for winning)\n|raw|imnotgrate's rating: 1140 &rarr; <strong>1118<\/strong><br \/>(-22 for losing)\n|l|\u2606imnotgrate\n","uploadtime":1700604000,"views":19,"p1id":"pppwjd","p2id":"imnotgrate","formatid":"gen9ou","rating":1118,"private":0,"password":""}