{"id":"gen9ou-1996650951","p1":"brockpewtercitygym","p2":"AshMegaLuxio","format":"[Gen 9] OU","log":"|j|\u2606brockpewtercitygym\n|j|\u2606AshMegaLuxio\n|inactive|Battle timer is ON: inactive players will automatically lose when time's up.\n|t:|1700705265\n|gametype|singles\n|player|p1|brockpewtercitygym|brock|\n|player|p2|AshMegaLuxio|red-masters|\n|teamsize|p1|3\n|teamsize|p2|3\n|gen|9\n|tier|[Gen 9] OU\n|rated|Tournament battle\n|rule|Sleep Clause Mod: Limit one foe put to sleep\n|rule|Species Clause: Limit one of each Pok\u00e9mon\n|rule|OHKO Clause: OHKO moves are banned\n|rule|Evasion Items Clause: Evasion items are banned\n|rule|Evasion Moves Clause: Evasion moves are banned\n|rule|Endless Battle Clause: Forcing endless battles is banned\n|rule|HP Percentage Mod: HP is shown in percentages\n|clearpoke\n|poke|p1|Corphish, L1, M|\n|poke|p1|Grimmsnarl, M|\n|poke|p1|Dragapult, F|\n|poke|p2|Chansey, F|\n|poke|p2|Gholdengo|\n|poke|p2|Voltorb-Hisui|\n|teampreview\n|j|*Lady Monita \u2746\n|inactive|AshMegaLuxio also wants the timer to be on.\n|c|\u2606AshMegaLuxio|hf\n|c|\u2606brockpewtercitygym|you too\n|j| Mareep Man 1215\n|j|^HEAVY-DUTY B0OTY\n|inactive|AshMegaLuxio has 120 seconds left.\n|\n|t:|1700705310\n|start\n|switch|p1a: Corphish|Corphish, L1, M|100\/100\n|switch|p2a: Voltorb|Voltorb-Hisui|100\/100\n|turn|1\n|\n|t:|1700705313\n|move|p2a: Voltorb|Substitute|p2a: Voltorb\n|-start|p2a: Voltorb|Substitute\n|-damage|p2a: Voltorb|76\/100\n|move|p1a: Corphish|Endeavor|p2a: Voltorb\n|-end|p2a: Voltorb|Substitute\n|\n|upkeep\n|turn|2\n|c| Mareep Man 1215|Omg\n|\n|t:|1700705318\n|move|p2a: Voltorb|Giga Drain|p1a: Corphish\n|-supereffective|p1a: Corphish\n|-enditem|p1a: Corphish|Focus Sash\n|-damage|p1a: Corphish|9\/100\n|-heal|p2a: Voltorb|78\/100|[from] drain|[of] p1a: Corphish\n|move|p1a: Corphish|Endeavor|p2a: Voltorb\n|-damage|p2a: Voltorb|1\/100\n|\n|upkeep\n|turn|3\n|\n|t:|1700705331\n|switch|p2a: Gholdengo|Gholdengo|100\/100\n|move|p1a: Corphish|Aqua Jet|p2a: Gholdengo\n|-crit|p2a: Gholdengo\n|-damage|p2a: Gholdengo|99\/100\n|\n|-heal|p2a: Gholdengo|100\/100|[from] item: Leftovers\n|upkeep\n|turn|4\n|\n|t:|1700705336\n|move|p2a: Gholdengo|Nasty Plot|p2a: Gholdengo\n|-boost|p2a: Gholdengo|spa|2\n|move|p1a: Corphish|Mud Shot|p2a: Gholdengo\n|-supereffective|p2a: Gholdengo\n|-damage|p2a: Gholdengo|99\/100\n|-unboost|p2a: Gholdengo|spe|1\n|\n|-heal|p2a: Gholdengo|100\/100|[from] item: Leftovers\n|upkeep\n|turn|5\n|\n|t:|1700705340\n|move|p2a: Gholdengo|Nasty Plot|p2a: Gholdengo\n|-boost|p2a: Gholdengo|spa|2\n|move|p1a: Corphish|Mud Shot|p2a: Gholdengo\n|-supereffective|p2a: Gholdengo\n|-damage|p2a: Gholdengo|99\/100\n|-unboost|p2a: Gholdengo|spe|1\n|\n|-heal|p2a: Gholdengo|100\/100|[from] item: Leftovers\n|upkeep\n|turn|6\n|\n|t:|1700705343\n|move|p2a: Gholdengo|Nasty Plot|p2a: Gholdengo\n|-boost|p2a: Gholdengo|spa|2\n|move|p1a: Corphish|Mud Shot|p2a: Gholdengo\n|-supereffective|p2a: Gholdengo\n|-damage|p2a: Gholdengo|99\/100\n|-unboost|p2a: Gholdengo|spe|1\n|\n|-heal|p2a: Gholdengo|100\/100|[from] item: Leftovers\n|upkeep\n|turn|7\n|\n|t:|1700705346\n|move|p2a: Gholdengo|Shadow Ball|p1a: Corphish\n|-damage|p1a: Corphish|0 fnt\n|faint|p1a: Corphish\n|\n|upkeep\n|\n|t:|1700705348\n|switch|p1a: Grimmsnarl|Grimmsnarl, M|100\/100\n|turn|8\n|\n|t:|1700705363\n|move|p1a: Grimmsnarl|Foul Play|p2a: Gholdengo\n|-supereffective|p2a: Gholdengo\n|-damage|p2a: Gholdengo|64\/100\n|move|p2a: Gholdengo|Make It Rain|p1a: Grimmsnarl\n|-supereffective|p1a: Grimmsnarl\n|-damage|p1a: Grimmsnarl|0 fnt\n|-unboost|p2a: Gholdengo|spa|1\n|faint|p1a: Grimmsnarl\n|\n|-heal|p2a: Gholdengo|70\/100|[from] item: Leftovers\n|upkeep\n|\n|t:|1700705365\n|switch|p1a: Dragapult|Dragapult, F|100\/100\n|turn|9\n|\n|t:|1700705370\n|-terastallize|p2a: Gholdengo|Fighting\n|move|p1a: Dragapult|Fire Blast|p2a: Gholdengo\n|-damage|p2a: Gholdengo|33\/100\n|-damage|p1a: Dragapult|91\/100|[from] item: Life Orb\n|move|p2a: Gholdengo|Shadow Ball|p1a: Dragapult\n|-supereffective|p1a: Dragapult\n|-damage|p1a: Dragapult|0 fnt\n|faint|p1a: Dragapult\n|\n|win|AshMegaLuxio\n|n|\u2606brockpewtercitygym|brockpewtercitygym\n|n|\u2606AshMegaLuxio|ashmegaluxio\n|n|*Lady Monita \u2746|ladymonita\n|n| Mareep Man 1215|mareepman1215\n|n| HEAVY-DUTY B0OTY|heavydutyb0oty\n","uploadtime":1700705371,"views":2,"p1id":"brockpewtercitygym","p2id":"ashmegaluxio","formatid":"gen9ou","rating":0,"private":0,"password":""}