{"id":"gen9ou-1997282126","p1":"lynakumi8","p2":"jdjs oh hdisjsjs","format":"[Gen 9] OU","log":"|j|\u2606lynakumi8\n|j|\u2606jdjs oh hdisjsjs\n|t:|1700784256\n|gametype|singles\n|player|p1|lynakumi8|dawn|1080\n|player|p2|jdjs oh hdisjsjs|sabrina|1085\n|teamsize|p1|6\n|teamsize|p2|6\n|gen|9\n|tier|[Gen 9] OU\n|rated|\n|rule|Sleep Clause Mod: Limit one foe put to sleep\n|rule|Species Clause: Limit one of each Pok\u00e9mon\n|rule|OHKO Clause: OHKO moves are banned\n|rule|Evasion Items Clause: Evasion items are banned\n|rule|Evasion Moves Clause: Evasion moves are banned\n|rule|Endless Battle Clause: Forcing endless battles is banned\n|rule|HP Percentage Mod: HP is shown in percentages\n|clearpoke\n|poke|p1|Kingambit, M|\n|poke|p1|Glimmora, M|\n|poke|p1|Zamazenta-*|\n|poke|p1|Iron Valiant|\n|poke|p1|Iron Moth|\n|poke|p1|Ogerpon-Wellspring, F|\n|poke|p2|Kommo-o, F|\n|poke|p2|Heatran, F|\n|poke|p2|Alomomola, F|\n|poke|p2|Great Tusk|\n|poke|p2|Thundurus-Therian, M|\n|poke|p2|Meowscarada, M|\n|teampreview\n|inactive|Battle timer is ON: inactive players will automatically lose when time's up. (requested by jdjs oh hdisjsjs)\n|\n|t:|1700784272\n|start\n|switch|p1a: Glimmora|Glimmora, M|100\/100\n|switch|p2a: Great Tusk|Great Tusk|100\/100\n|turn|1\n|\n|t:|1700784285\n|move|p2a: Great Tusk|Rapid Spin|p1a: Glimmora\n|-resisted|p1a: Glimmora\n|-damage|p1a: Glimmora|89\/100\n|-boost|p2a: Great Tusk|spe|1\n|-activate|p1a: Glimmora|ability: Toxic Debris\n|-sidestart|p2: jdjs oh hdisjsjs|move: Toxic Spikes\n|-sideend|p2: jdjs oh hdisjsjs|Toxic Spikes|[from] move: Rapid Spin|[of] p2a: Great Tusk\n|move|p1a: Glimmora|Stealth Rock|p2a: Great Tusk\n|-sidestart|p2: jdjs oh hdisjsjs|move: Stealth Rock\n|\n|upkeep\n|turn|2\n|inactive|lynakumi8 has 120 seconds left.\n|\n|t:|1700784331\n|switch|p1a: Ogerpon|Ogerpon-Wellspring, F|100\/100\n|move|p2a: Great Tusk|Rapid Spin|p1a: Ogerpon\n|-damage|p1a: Ogerpon|76\/100\n|-boost|p2a: Great Tusk|spe|1\n|-sideend|p2: jdjs oh hdisjsjs|Stealth Rock|[from] move: Rapid Spin|[of] p2a: Great Tusk\n|\n|upkeep\n|turn|3\n|\n|t:|1700784355\n|move|p2a: Great Tusk|Close Combat|p1a: Ogerpon\n|-damage|p1a: Ogerpon|0 fnt\n|-unboost|p2a: Great Tusk|def|1\n|-unboost|p2a: Great Tusk|spd|1\n|faint|p1a: Ogerpon\n|\n|upkeep\n|\n|t:|1700784364\n|switch|p1a: Iron Moth|Iron Moth|100\/100\n|-enditem|p1a: Iron Moth|Booster Energy\n|-activate|p1a: Iron Moth|ability: Quark Drive|[fromitem]\n|-start|p1a: Iron Moth|quarkdrivespe\n|turn|4\n|\n|t:|1700784385\n|move|p2a: Great Tusk|Ice Spinner|p1a: Iron Moth\n|-resisted|p1a: Iron Moth\n|-damage|p1a: Iron Moth|80\/100\n|move|p1a: Iron Moth|Substitute|p1a: Iron Moth\n|-start|p1a: Iron Moth|Substitute\n|-damage|p1a: Iron Moth|55\/100\n|\n|upkeep\n|turn|5\n|\n|t:|1700784395\n|-terastallize|p1a: Iron Moth|Fairy\n|move|p2a: Great Tusk|Headlong Rush|p1a: Iron Moth\n|-end|p1a: Iron Moth|Substitute\n|-unboost|p2a: Great Tusk|def|1\n|-unboost|p2a: Great Tusk|spd|1\n|move|p1a: Iron Moth|Dazzling Gleam|p2a: Great Tusk\n|-supereffective|p2a: Great Tusk\n|-damage|p2a: Great Tusk|0 fnt\n|faint|p2a: Great Tusk\n|-end|p2a: Great Tusk|Protosynthesis|[silent]\n|\n|upkeep\n|\n|t:|1700784410\n|switch|p2a: Heatran|Heatran, F|100\/100\n|turn|6\n|\n|t:|1700784422\n|-end|p1a: Iron Moth|Quark Drive|[silent]\n|switch|p1a: Zamazenta|Zamazenta, shiny|100\/100\n|-ability|p1a: Zamazenta|Dauntless Shield|boost\n|-boost|p1a: Zamazenta|def|1\n|move|p2a: Heatran|Magma Storm|p1a: Zamazenta\n|-damage|p1a: Zamazenta|60\/100\n|-activate|p1a: Zamazenta|move: Magma Storm|[of] p2a: Heatran\n|\n|-heal|p1a: Zamazenta|66\/100|[from] item: Leftovers\n|-damage|p1a: Zamazenta|53\/100|[from] move: Magma Storm|[partiallytrapped]\n|upkeep\n|turn|7\n|\n|t:|1700784443\n|move|p2a: Heatran|Protect|p2a: Heatran\n|-singleturn|p2a: Heatran|Protect\n|move|p1a: Zamazenta|Body Press|p2a: Heatran\n|-activate|p2a: Heatran|move: Protect\n|\n|-heal|p1a: Zamazenta|60\/100|[from] item: Leftovers\n|-damage|p1a: Zamazenta|47\/100|[from] move: Magma Storm|[partiallytrapped]\n|upkeep\n|turn|8\n|\n|t:|1700784455\n|switch|p2a: Alomomola|Alomomola, F|100\/100\n|move|p1a: Zamazenta|Stone Edge|p2a: Alomomola|[miss]\n|-miss|p1a: Zamazenta|p2a: Alomomola\n|\n|-heal|p1a: Zamazenta|53\/100|[from] item: Leftovers\n|-end|p1a: Zamazenta|Magma Storm|[partiallytrapped]|[silent]\n|upkeep\n|turn|9\n|\n|t:|1700784466\n|switch|p1a: Glimmora|Glimmora, M|89\/100\n|move|p2a: Alomomola|Scald|p1a: Glimmora\n|-supereffective|p1a: Glimmora\n|-damage|p1a: Glimmora|49\/100\n|\n|upkeep\n|turn|10\n|\n|t:|1700784479\n|move|p1a: Glimmora|Stealth Rock|p2a: Alomomola\n|-sidestart|p2: jdjs oh hdisjsjs|move: Stealth Rock\n|move|p2a: Alomomola|Scald|p1a: Glimmora\n|-supereffective|p1a: Glimmora\n|-damage|p1a: Glimmora|12\/100\n|\n|upkeep\n|turn|11\n|inactive|jdjs oh hdisjsjs has 120 seconds left.\n|\n|t:|1700784503\n|switch|p2a: Thundurus|Thundurus-Therian, M|100\/100\n|-damage|p2a: Thundurus|76\/100|[from] Stealth Rock\n|move|p1a: Glimmora|Mortal Spin|p2a: Thundurus\n|-damage|p2a: Thundurus|66\/100\n|-status|p2a: Thundurus|psn\n|\n|-damage|p2a: Thundurus|54\/100 psn|[from] psn\n|upkeep\n|turn|12\n|inactive|jdjs oh hdisjsjs has 120 seconds left.\n|\n|t:|1700784519\n|move|p2a: Thundurus|Volt Switch|p1a: Glimmora\n|-damage|p1a: Glimmora|0 fnt\n|faint|p1a: Glimmora\n|inactive|jdjs oh hdisjsjs has 120 seconds left.\n|\n|t:|1700784528\n|switch|p2a: Heatran|Heatran, F|100\/100|[from] Volt Switch\n|-damage|p2a: Heatran|88\/100|[from] Stealth Rock\n|\n|-heal|p2a: Heatran|94\/100|[from] item: Leftovers\n|upkeep\n|\n|t:|1700784533\n|switch|p1a: Zamazenta|Zamazenta, shiny|53\/100\n|turn|13\n|\n|t:|1700784544\n|-terastallize|p2a: Heatran|Ghost\n|move|p1a: Zamazenta|Iron Defense|p1a: Zamazenta\n|-boost|p1a: Zamazenta|def|2\n|move|p2a: Heatran|Magma Storm|p1a: Zamazenta\n|-damage|p1a: Zamazenta|15\/100\n|-activate|p1a: Zamazenta|move: Magma Storm|[of] p2a: Heatran\n|\n|-heal|p1a: Zamazenta|21\/100|[from] item: Leftovers\n|-heal|p2a: Heatran|100\/100|[from] item: Leftovers\n|-damage|p1a: Zamazenta|9\/100|[from] move: Magma Storm|[partiallytrapped]\n|upkeep\n|turn|14\n|inactive|lynakumi8 has 120 seconds left.\n|\n|t:|1700784557\n|move|p2a: Heatran|Protect|p2a: Heatran\n|-singleturn|p2a: Heatran|Protect\n|move|p1a: Zamazenta|Crunch|p2a: Heatran\n|-activate|p2a: Heatran|move: Protect\n|\n|-heal|p1a: Zamazenta|15\/100|[from] item: Leftovers\n|-damage|p1a: Zamazenta|3\/100|[from] move: Magma Storm|[partiallytrapped]\n|upkeep\n|turn|15\n|inactive|lynakumi8 has 120 seconds left.\n|\n|t:|1700784584\n|move|p2a: Heatran|Protect||[still]\n|-fail|p2a: Heatran\n|move|p1a: Zamazenta|Crunch|p2a: Heatran\n|-supereffective|p2a: Heatran\n|-damage|p2a: Heatran|58\/100\n|\n|-heal|p1a: Zamazenta|9\/100|[from] item: Leftovers\n|-heal|p2a: Heatran|65\/100|[from] item: Leftovers\n|-damage|p1a: Zamazenta|0 fnt|[from] move: Magma Storm|[partiallytrapped]\n|faint|p1a: Zamazenta\n|upkeep\n|\n|t:|1700784594\n|switch|p1a: Kingambit|Kingambit, M|100\/100\n|-activate|p1a: Kingambit|ability: Supreme Overlord\n|-start|p1a: Kingambit|fallen3|[silent]\n|turn|16\n|\n|t:|1700784609\n|move|p2a: Heatran|Magma Storm|p1a: Kingambit|[miss]\n|-miss|p2a: Heatran|p1a: Kingambit\n|move|p1a: Kingambit|Swords Dance|p1a: Kingambit\n|-boost|p1a: Kingambit|atk|2\n|\n|-heal|p2a: Heatran|71\/100|[from] item: Leftovers\n|upkeep\n|turn|17\n|\n|t:|1700784624\n|move|p2a: Heatran|Protect|p2a: Heatran\n|-singleturn|p2a: Heatran|Protect\n|move|p1a: Kingambit|Kowtow Cleave|p2a: Heatran\n|-activate|p2a: Heatran|move: Protect\n|\n|-heal|p2a: Heatran|77\/100|[from] item: Leftovers\n|upkeep\n|turn|18\n|\n|t:|1700784630\n|move|p2a: Heatran|Magma Storm|p1a: Kingambit|[miss]\n|-miss|p2a: Heatran|p1a: Kingambit\n|move|p1a: Kingambit|Kowtow Cleave|p2a: Heatran\n|-supereffective|p2a: Heatran\n|-damage|p2a: Heatran|0 fnt\n|faint|p2a: Heatran\n|\n|upkeep\n|\n|t:|1700784635\n|switch|p2a: Kommo-o|Kommo-o, F|100\/100\n|-damage|p2a: Kommo-o|94\/100|[from] Stealth Rock\n|turn|19\n|inactive|lynakumi8 has 120 seconds left.\n|\n|t:|1700784648\n|move|p2a: Kommo-o|Drain Punch|p1a: Kingambit\n|-supereffective|p1a: Kingambit\n|-damage|p1a: Kingambit|5\/100\n|-heal|p2a: Kommo-o|100\/100|[from] drain|[of] p1a: Kingambit\n|move|p1a: Kingambit|Kowtow Cleave|p2a: Kommo-o\n|-resisted|p2a: Kommo-o\n|-damage|p2a: Kommo-o|19\/100\n|\n|-heal|p2a: Kommo-o|25\/100|[from] item: Leftovers\n|upkeep\n|turn|20\n|inactive|lynakumi8 has 120 seconds left.\n|\n|t:|1700784660\n|move|p1a: Kingambit|Sucker Punch|p2a: Kommo-o\n|-resisted|p2a: Kommo-o\n|-damage|p2a: Kommo-o|0 fnt\n|faint|p2a: Kommo-o\n|\n|upkeep\n|\n|t:|1700784663\n|switch|p2a: Meowscarada|Meowscarada, M|100\/100\n|turn|21\n|\n|t:|1700784673\n|move|p2a: Meowscarada|Sucker Punch|p1a: Kingambit\n|-start|p2a: Meowscarada|typechange|Dark|[from] ability: Protean\n|-resisted|p1a: Kingambit\n|-damage|p1a: Kingambit|0 fnt\n|faint|p1a: Kingambit\n|-end|p1a: Kingambit|fallen3|[silent]\n|\n|upkeep\n|\n|t:|1700784689\n|switch|p1a: Iron Valiant|Iron Valiant|100\/100\n|-enditem|p1a: Iron Valiant|Booster Energy\n|-activate|p1a: Iron Valiant|ability: Quark Drive|[fromitem]\n|-start|p1a: Iron Valiant|quarkdrivespe\n|turn|22\n|\n|t:|1700784696\n|switch|p2a: Alomomola|Alomomola, F|100\/100\n|-damage|p2a: Alomomola|88\/100|[from] Stealth Rock\n|move|p1a: Iron Valiant|Hypnosis|p2a: Alomomola\n|-status|p2a: Alomomola|slp|[from] move: Hypnosis\n|\n|upkeep\n|turn|23\n|\n|t:|1700784703\n|move|p1a: Iron Valiant|Calm Mind|p1a: Iron Valiant\n|-boost|p1a: Iron Valiant|spa|1\n|-boost|p1a: Iron Valiant|spd|1\n|cant|p2a: Alomomola|slp\n|\n|upkeep\n|turn|24\n|\n|t:|1700784712\n|move|p1a: Iron Valiant|Calm Mind|p1a: Iron Valiant\n|-boost|p1a: Iron Valiant|spa|1\n|-boost|p1a: Iron Valiant|spd|1\n|-curestatus|p2a: Alomomola|slp|[msg]\n|move|p2a: Alomomola|Flip Turn|p1a: Iron Valiant\n|-damage|p1a: Iron Valiant|80\/100\n|\n|t:|1700784714\n|switch|p2a: Thundurus|Thundurus-Therian, M|54\/100 psn|[from] Flip Turn\n|-damage|p2a: Thundurus|29\/100 psn|[from] Stealth Rock\n|\n|-damage|p2a: Thundurus|17\/100 psn|[from] psn\n|upkeep\n|turn|25\n|\n|t:|1700784726\n|move|p1a: Iron Valiant|Moonblast|p2a: Thundurus\n|-damage|p2a: Thundurus|0 fnt\n|faint|p2a: Thundurus\n|\n|upkeep\n|\n|t:|1700784729\n|switch|p2a: Alomomola|Alomomola, F|100\/100\n|-damage|p2a: Alomomola|88\/100|[from] Stealth Rock\n|turn|26\n|\n|t:|1700784740\n|move|p1a: Iron Valiant|Moonblast|p2a: Alomomola\n|-damage|p2a: Alomomola|0 fnt\n|faint|p2a: Alomomola\n|\n|upkeep\n|\n|t:|1700784743\n|switch|p2a: Meowscarada|Meowscarada, M|100\/100\n|turn|27\n|c|\u2606jdjs oh hdisjsjs|I thought I won but my fucking bad for trying to play the game\n|-message|jdjs oh hdisjsjs forfeited.\n|\n|win|lynakumi8\n|raw|lynakumi8's rating: 1080 &rarr; <strong>1108<\/strong><br \/>(+28 for winning)\n|raw|jdjs oh hdisjsjs's rating: 1085 &rarr; <strong>1062<\/strong><br \/>(-23 for losing)\n","uploadtime":1700784780,"views":6,"p1id":"lynakumi8","p2id":"jdjsohhdisjsjs","formatid":"gen9ou","rating":1062,"private":0,"password":""}