{"id":"gen9ou-2000426471","p1":"Blastoise Expert","p2":"Gonning","format":"[Gen 9] OU","log":"|j|\u2606Blastoise Expert\n|j|\u2606Gonning\n|t:|1701193822\n|gametype|singles\n|player|p1|Blastoise Expert|2|1358\n|player|p2|Gonning|2|1457\n|teamsize|p1|6\n|teamsize|p2|6\n|gen|9\n|tier|[Gen 9] OU\n|rated|\n|rule|Sleep Clause Mod: Limit one foe put to sleep\n|rule|Species Clause: Limit one of each Pok\u00e9mon\n|rule|OHKO Clause: OHKO moves are banned\n|rule|Evasion Items Clause: Evasion items are banned\n|rule|Evasion Moves Clause: Evasion moves are banned\n|rule|Endless Battle Clause: Forcing endless battles is banned\n|rule|HP Percentage Mod: HP is shown in percentages\n|clearpoke\n|poke|p1|Regidrago|\n|poke|p1|Amoonguss, M|\n|poke|p1|Crawdaunt, F|\n|poke|p1|Ribombee, M|\n|poke|p1|Arcanine-Hisui, M|\n|poke|p1|Corviknight, F|\n|poke|p2|Iron Valiant|\n|poke|p2|Glimmora, F|\n|poke|p2|Iron Moth|\n|poke|p2|Gholdengo|\n|poke|p2|Kingambit, M|\n|poke|p2|Samurott-Hisui, M|\n|teampreview\n|inactive|Battle timer is ON: inactive players will automatically lose when time's up. (requested by Gonning)\n|l|\u2606Gonning\n|inactive|Gonning disconnected and has a minute to reconnect!\n|player|p2|\n|j|\u2606Gonning\n|inactive|Gonning reconnected and has 135 seconds left.\n|player|p2|Gonning|2\n|\n|t:|1701193842\n|start\n|switch|p1a: Regidrago|Regidrago|100\/100\n|switch|p2a: Glimmora|Glimmora, F|100\/100\n|turn|1\n|\n|t:|1701193844\n|move|p2a: Glimmora|Stealth Rock|p1a: Regidrago\n|-sidestart|p1: Blastoise Expert|move: Stealth Rock\n|move|p1a: Regidrago|Earth Power|p2a: Glimmora\n|-supereffective|p2a: Glimmora\n|-damage|p2a: Glimmora|0 fnt\n|faint|p2a: Glimmora\n|\n|upkeep\n|\n|t:|1701193848\n|switch|p2a: Samurott|Samurott-Hisui, M|100\/100\n|turn|2\n|\n|t:|1701193852\n|switch|p1a: Amoonguss|Amoonguss, M|100\/100\n|-damage|p1a: Amoonguss|88\/100|[from] Stealth Rock\n|move|p2a: Samurott|Ceaseless Edge|p1a: Amoonguss\n|-crit|p1a: Amoonguss\n|-damage|p1a: Amoonguss|39\/100\n|-sidestart|p1: Blastoise Expert|Spikes\n|\n|-heal|p1a: Amoonguss|46\/100|[from] item: Leftovers\n|upkeep\n|turn|3\n|\n|t:|1701193858\n|move|p2a: Samurott|Ceaseless Edge|p1a: Amoonguss\n|-damage|p1a: Amoonguss|14\/100\n|-sidestart|p1: Blastoise Expert|Spikes\n|move|p1a: Amoonguss|Giga Drain|p2a: Samurott\n|-supereffective|p2a: Samurott\n|-damage|p2a: Samurott|35\/100\n|-heal|p1a: Amoonguss|38\/100|[from] drain|[of] p2a: Samurott\n|\n|-heal|p1a: Amoonguss|44\/100|[from] item: Leftovers\n|upkeep\n|turn|4\n|\n|t:|1701193863\n|move|p2a: Samurott|Ceaseless Edge|p1a: Amoonguss\n|-damage|p1a: Amoonguss|10\/100\n|-sidestart|p1: Blastoise Expert|Spikes\n|move|p1a: Amoonguss|Giga Drain|p2a: Samurott\n|-supereffective|p2a: Samurott\n|-damage|p2a: Samurott|0 fnt\n|-heal|p1a: Amoonguss|23\/100|[from] drain|[of] p2a: Samurott\n|faint|p2a: Samurott\n|\n|-heal|p1a: Amoonguss|29\/100|[from] item: Leftovers\n|upkeep\n|\n|t:|1701193866\n|switch|p2a: Kingambit|Kingambit, M|100\/100\n|-activate|p2a: Kingambit|ability: Supreme Overlord\n|-start|p2a: Kingambit|fallen2|[silent]\n|turn|5\n|\n|t:|1701193870\n|switch|p1a: Corviknight|Corviknight, F|100\/100\n|-damage|p1a: Corviknight|88\/100|[from] Stealth Rock\n|-ability|p1a: Corviknight|Pressure\n|move|p2a: Kingambit|Iron Head|p1a: Corviknight\n|-resisted|p1a: Corviknight\n|-damage|p1a: Corviknight|71\/100\n|\n|-heal|p1a: Corviknight|77\/100|[from] item: Leftovers\n|upkeep\n|turn|6\n|\n|t:|1701193874\n|-end|p2a: Kingambit|fallen2|[silent]\n|switch|p2a: Gholdengo|Gholdengo|100\/100\n|-item|p2a: Gholdengo|Air Balloon\n|move|p1a: Corviknight|Body Press|p2a: Gholdengo\n|-immune|p2a: Gholdengo\n|\n|-heal|p1a: Corviknight|83\/100|[from] item: Leftovers\n|upkeep\n|turn|7\n|\n|t:|1701193877\n|move|p2a: Gholdengo|Shadow Ball|p1a: Corviknight\n|-damage|p1a: Corviknight|40\/100\n|-unboost|p1a: Corviknight|spd|1\n|move|p1a: Corviknight|U-turn|p2a: Gholdengo\n|-resisted|p2a: Gholdengo\n|-damage|p2a: Gholdengo|97\/100\n|-enditem|p2a: Gholdengo|Air Balloon\n|\n|t:|1701193889\n|switch|p1a: Ribombee|Ribombee, M|100\/100|[from] U-turn\n|-damage|p1a: Ribombee|76\/100|[from] Stealth Rock\n|-damage|p1a: Ribombee|51\/100|[from] Spikes\n|\n|upkeep\n|turn|8\n|\n|t:|1701193893\n|move|p1a: Ribombee|Sticky Web|p2a: Gholdengo\n|-sidestart|p2: Gonning|move: Sticky Web\n|move|p2a: Gholdengo|Shadow Ball|p1a: Ribombee\n|-damage|p1a: Ribombee|0 fnt\n|faint|p1a: Ribombee\n|\n|upkeep\n|\n|t:|1701193898\n|switch|p1a: Arcanine|Arcanine-Hisui, M|100\/100\n|-damage|p1a: Arcanine|76\/100|[from] Stealth Rock\n|-damage|p1a: Arcanine|51\/100|[from] Spikes\n|turn|9\n|\n|t:|1701193903\n|move|p1a: Arcanine|Flare Blitz|p2a: Gholdengo\n|-supereffective|p2a: Gholdengo\n|-damage|p2a: Gholdengo|0 fnt\n|faint|p2a: Gholdengo\n|\n|upkeep\n|\n|t:|1701193909\n|switch|p2a: Iron Moth|Iron Moth|100\/100\n|-activate|p2a: Iron Moth|move: Sticky Web\n|-unboost|p2a: Iron Moth|spe|1\n|-enditem|p2a: Iron Moth|Booster Energy\n|-activate|p2a: Iron Moth|ability: Quark Drive|[fromitem]\n|-start|p2a: Iron Moth|quarkdrivespa\n|turn|10\n|\n|t:|1701193918\n|-terastallize|p2a: Iron Moth|Ground\n|move|p1a: Arcanine|Flare Blitz|p2a: Iron Moth\n|-damage|p2a: Iron Moth|0 fnt\n|faint|p2a: Iron Moth\n|-end|p2a: Iron Moth|Quark Drive|[silent]\n|\n|upkeep\n|c|\u2606Gonning|lmfaoooo\n|c|\u2606Gonning|yeah luckty\n|-message|Gonning forfeited.\n|\n|win|Blastoise Expert\n|raw|Blastoise Expert's rating: 1358 &rarr; <strong>1384<\/strong><br \/>(+26 for winning)\n|raw|Gonning's rating: 1457 &rarr; <strong>1431<\/strong><br \/>(-26 for losing)\n|l|\u2606Gonning\n","uploadtime":1701193942,"views":7,"p1id":"blastoiseexpert","p2id":"gonning","formatid":"gen9ou","rating":1384,"private":0,"password":""}