{"id":"gen9ou-1994448144","p1":"TerminusX76","p2":"AnvilPro","format":"[Gen 9] OU","log":"|j|\u2606TerminusX76\n|j|\u2606AnvilPro\n|t:|1700445073\n|gametype|singles\n|player|p1|TerminusX76|hugh|1161\n|player|p2|AnvilPro|backersf|1200\n|teamsize|p1|6\n|teamsize|p2|6\n|gen|9\n|tier|[Gen 9] OU\n|rated|\n|rule|Sleep Clause Mod: Limit one foe put to sleep\n|rule|Species Clause: Limit one of each Pok\u00e9mon\n|rule|OHKO Clause: OHKO moves are banned\n|rule|Evasion Items Clause: Evasion items are banned\n|rule|Evasion Moves Clause: Evasion moves are banned\n|rule|Endless Battle Clause: Forcing endless battles is banned\n|rule|HP Percentage Mod: HP is shown in percentages\n|clearpoke\n|poke|p1|Kingambit, M|\n|poke|p1|Azumarill, M|\n|poke|p1|Corviknight, M|\n|poke|p1|Breloom, M|\n|poke|p1|Toxapex, M|\n|poke|p1|Iron Valiant|\n|poke|p2|Ogerpon-Cornerstone, F|\n|poke|p2|Jirachi|\n|poke|p2|Dragonite, M|\n|poke|p2|Walking Wake|\n|poke|p2|Hatterene, F|\n|poke|p2|Great Tusk|\n|teampreview\n|inactive|Battle timer is ON: inactive players will automatically lose when time's up. (requested by TerminusX76)\n|j| soutaicho\n|\n|t:|1700445081\n|start\n|switch|p1a: Toxapex|Toxapex, M|100\/100\n|switch|p2a: Great Tusk|Great Tusk|100\/100\n|turn|1\n|\n|t:|1700445091\n|move|p2a: Great Tusk|Earthquake|p1a: Toxapex\n|-supereffective|p1a: Toxapex\n|-damage|p1a: Toxapex|15\/100\n|move|p1a: Toxapex|Surf|p2a: Great Tusk\n|-supereffective|p2a: Great Tusk\n|-damage|p2a: Great Tusk|16\/100\n|\n|upkeep\n|turn|2\n|\n|t:|1700445095\n|move|p2a: Great Tusk|Knock Off|p1a: Toxapex\n|-damage|p1a: Toxapex|0 fnt\n|-enditem|p1a: Toxapex|Assault Vest|[from] move: Knock Off|[of] p2a: Great Tusk\n|faint|p1a: Toxapex\n|\n|upkeep\n|\n|t:|1700445102\n|switch|p1a: Corviknight|Corviknight, M|100\/100\n|turn|3\n|\n|t:|1700445108\n|move|p2a: Great Tusk|Knock Off|p1a: Corviknight\n|-damage|p1a: Corviknight|72\/100\n|-enditem|p1a: Corviknight|Leftovers|[from] move: Knock Off|[of] p2a: Great Tusk\n|move|p1a: Corviknight|Bulk Up|p1a: Corviknight\n|-boost|p1a: Corviknight|atk|1\n|-boost|p1a: Corviknight|def|1\n|\n|upkeep\n|turn|4\n|\n|t:|1700445112\n|move|p2a: Great Tusk|Body Press|p1a: Corviknight\n|-damage|p1a: Corviknight|46\/100\n|move|p1a: Corviknight|Drill Peck|p2a: Great Tusk\n|-supereffective|p2a: Great Tusk\n|-damage|p2a: Great Tusk|0 fnt\n|-damage|p1a: Corviknight|29\/100|[from] item: Rocky Helmet|[of] p2a: Great Tusk\n|faint|p2a: Great Tusk\n|-end|p2a: Great Tusk|Protosynthesis|[silent]\n|\n|upkeep\n|\n|t:|1700445122\n|switch|p2a: Ogerpon|Ogerpon-Cornerstone, F|100\/100\n|turn|5\n|\n|t:|1700445126\n|move|p2a: Ogerpon|Ivy Cudgel|p1a: Corviknight|[anim] Ivy Cudgel Rock\n|-damage|p1a: Corviknight|5\/100\n|move|p1a: Corviknight|Iron Head|p2a: Ogerpon\n|-supereffective|p2a: Ogerpon\n|-ability|p2a: Ogerpon|Sturdy\n|-damage|p2a: Ogerpon|1\/100\n|\n|upkeep\n|turn|6\n|\n|t:|1700445130\n|move|p2a: Ogerpon|Ivy Cudgel|p1a: Corviknight|[anim] Ivy Cudgel Rock\n|-damage|p1a: Corviknight|0 fnt\n|faint|p1a: Corviknight\n|\n|upkeep\n|\n|t:|1700445140\n|switch|p1a: Azumarill|Azumarill, M|100\/100\n|turn|7\n|\n|t:|1700445145\n|move|p2a: Ogerpon|Spiky Shield|p2a: Ogerpon\n|-singleturn|p2a: Ogerpon|move: Protect\n|move|p1a: Azumarill|Aqua Jet|p2a: Ogerpon\n|-activate|p2a: Ogerpon|move: Protect\n|-damage|p1a: Azumarill|88\/100|[from] Spiky Shield|[of] p2a: Ogerpon\n|\n|upkeep\n|turn|8\n|\n|t:|1700445153\n|switch|p2a: Jirachi|Jirachi|100\/100\n|move|p1a: Azumarill|Aqua Jet|p2a: Jirachi\n|-damage|p2a: Jirachi|75\/100\n|\n|upkeep\n|turn|9\n|\n|t:|1700445156\n|move|p2a: Jirachi|Trick|p1a: Azumarill\n|-activate|p2a: Jirachi|move: Trick|[of] p1a: Azumarill\n|-item|p1a: Azumarill|Choice Scarf|[from] move: Trick\n|-item|p2a: Jirachi|Sitrus Berry|[from] move: Trick\n|move|p1a: Azumarill|Belly Drum|p1a: Azumarill\n|-damage|p1a: Azumarill|38\/100\n|-setboost|p1a: Azumarill|atk|6|[from] move: Belly Drum\n|\n|upkeep\n|turn|10\n|-message|TerminusX76 forfeited.\n|\n|win|AnvilPro\n|raw|TerminusX76's rating: 1161 &rarr; <strong>1139<\/strong><br \/>(-22 for losing)\n|raw|AnvilPro's rating: 1200 &rarr; <strong>1222<\/strong><br \/>(+22 for winning)\n|l|\u2606TerminusX76\n","uploadtime":1700445171,"views":26,"p1id":"terminusx76","p2id":"anvilpro","formatid":"gen9ou","rating":1139,"private":0,"password":""}