{"id":"gen9ou-1997595312","p1":"Bj007","p2":"Majortom299","format":"[Gen 9] OU","log":"|j|\u2606Bj007\n|j|\u2606Majortom299\n|t:|1700830645\n|gametype|singles\n|player|p1|Bj007|nate|1213\n|player|p2|Majortom299|169|1188\n|teamsize|p1|6\n|teamsize|p2|6\n|gen|9\n|tier|[Gen 9] OU\n|rated|\n|rule|Sleep Clause Mod: Limit one foe put to sleep\n|rule|Species Clause: Limit one of each Pok\u00e9mon\n|rule|OHKO Clause: OHKO moves are banned\n|rule|Evasion Items Clause: Evasion items are banned\n|rule|Evasion Moves Clause: Evasion moves are banned\n|rule|Endless Battle Clause: Forcing endless battles is banned\n|rule|HP Percentage Mod: HP is shown in percentages\n|clearpoke\n|poke|p1|Kingambit, F|\n|poke|p1|Iron Valiant|\n|poke|p1|Rillaboom, F|\n|poke|p1|Cinderace, M|\n|poke|p1|Great Tusk|\n|poke|p1|Samurott-Hisui, M|\n|poke|p2|Pelipper, M|\n|poke|p2|Basculegion, M|\n|poke|p2|Overqwil, F|\n|poke|p2|Floatzel, F|\n|poke|p2|Braviary-Hisui, M|\n|poke|p2|Torterra, M|\n|teampreview\n|\n|t:|1700830661\n|start\n|switch|p1a: Rillaboom|Rillaboom, F|100\/100\n|switch|p2a: Torterra|Torterra, M|100\/100\n|-fieldstart|move: Grassy Terrain|[from] ability: Grassy Surge|[of] p1a: Rillaboom\n|turn|1\n|\n|t:|1700830670\n|move|p2a: Torterra|Shell Smash|p2a: Torterra\n|-unboost|p2a: Torterra|def|1\n|-unboost|p2a: Torterra|spd|1\n|-boost|p2a: Torterra|atk|2\n|-boost|p2a: Torterra|spa|2\n|-boost|p2a: Torterra|spe|2\n|move|p1a: Rillaboom|Wood Hammer|p2a: Torterra\n|-damage|p2a: Torterra|0 fnt\n|faint|p2a: Torterra\n|-damage|p1a: Rillaboom|74\/100|[from] Recoil\n|\n|-heal|p1a: Rillaboom|80\/100|[from] Grassy Terrain\n|upkeep\n|\n|t:|1700830679\n|switch|p2a: Overqwil|Overqwil, F, shiny|100\/100\n|turn|2\n|\n|t:|1700830685\n|switch|p2a: Pelipper|Pelipper, M|100\/100\n|-weather|RainDance|[from] ability: Drizzle|[of] p2a: Pelipper\n|switch|p1a: Samurott|Samurott-Hisui, M|100\/100\n|\n|-weather|RainDance|[upkeep]\n|upkeep\n|turn|3\n|\n|t:|1700830694\n|move|p1a: Samurott|Ceaseless Edge|p2a: Pelipper\n|-damage|p2a: Pelipper|67\/100\n|-sidestart|p2: Majortom299|Spikes\n|move|p2a: Pelipper|U-turn|p1a: Samurott\n|-supereffective|p1a: Samurott\n|-damage|p1a: Samurott|82\/100\n|inactive|Battle timer is ON: inactive players will automatically lose when time's up. (requested by Bj007)\n|\n|t:|1700830711\n|switch|p2a: Overqwil|Overqwil, F, shiny|100\/100|[from] U-turn\n|-damage|p2a: Overqwil|88\/100|[from] Spikes\n|\n|-weather|RainDance|[upkeep]\n|-heal|p2a: Overqwil|94\/100|[from] Grassy Terrain\n|-heal|p1a: Samurott|88\/100|[from] Grassy Terrain\n|upkeep\n|turn|4\n|\n|t:|1700830720\n|move|p2a: Overqwil|Swords Dance|p2a: Overqwil\n|-boost|p2a: Overqwil|atk|2\n|move|p1a: Samurott|Aqua Cutter|p2a: Overqwil\n|-damage|p2a: Overqwil|11\/100\n|\n|-weather|RainDance|[upkeep]\n|-heal|p2a: Overqwil|18\/100|[from] Grassy Terrain\n|-heal|p1a: Samurott|94\/100|[from] Grassy Terrain\n|upkeep\n|turn|5\n|\n|t:|1700830730\n|move|p1a: Samurott|Sucker Punch|p2a: Overqwil\n|-resisted|p2a: Overqwil\n|-damage|p2a: Overqwil|0 fnt\n|faint|p2a: Overqwil\n|\n|-weather|RainDance|[upkeep]\n|-heal|p1a: Samurott|100\/100|[from] Grassy Terrain\n|-fieldend|move: Grassy Terrain\n|upkeep\n|\n|t:|1700830734\n|switch|p2a: Floatzel|Floatzel, F|100\/100\n|-damage|p2a: Floatzel|88\/100|[from] Spikes\n|turn|6\n|\n|t:|1700830752\n|move|p1a: Samurott|Sucker Punch|p2a: Floatzel\n|-damage|p2a: Floatzel|35\/100\n|move|p2a: Floatzel|Wave Crash|p1a: Samurott\n|-resisted|p1a: Samurott\n|-damage|p1a: Samurott|29\/100\n|-damage|p2a: Floatzel|6\/100|[from] Recoil\n|\n|-weather|RainDance|[upkeep]\n|upkeep\n|turn|7\n|\n|t:|1700830760\n|move|p1a: Samurott|Sucker Punch|p2a: Floatzel\n|-damage|p2a: Floatzel|0 fnt\n|faint|p2a: Floatzel\n|\n|-weather|RainDance|[upkeep]\n|upkeep\n|\n|t:|1700830765\n|switch|p2a: Braviary|Braviary-Hisui, M, shiny|100\/100\n|turn|8\n|\n|t:|1700830768\n|move|p1a: Samurott|Sucker Punch||[still]\n|-fail|p1a: Samurott\n|move|p2a: Braviary|Calm Mind|p2a: Braviary\n|-boost|p2a: Braviary|spa|1\n|-boost|p2a: Braviary|spd|1\n|\n|-weather|RainDance|[upkeep]\n|upkeep\n|turn|9\n|\n|t:|1700830775\n|move|p1a: Samurott|Sucker Punch||[still]\n|-fail|p1a: Samurott\n|move|p2a: Braviary|Calm Mind|p2a: Braviary\n|-boost|p2a: Braviary|spa|1\n|-boost|p2a: Braviary|spd|1\n|\n|-weather|none\n|upkeep\n|turn|10\n|\n|t:|1700830780\n|move|p1a: Samurott|Sucker Punch||[still]\n|-fail|p1a: Samurott\n|move|p2a: Braviary|Calm Mind|p2a: Braviary\n|-boost|p2a: Braviary|spa|1\n|-boost|p2a: Braviary|spd|1\n|\n|upkeep\n|turn|11\n|\n|t:|1700830787\n|move|p2a: Braviary|Calm Mind|p2a: Braviary\n|-boost|p2a: Braviary|spa|1\n|-boost|p2a: Braviary|spd|1\n|move|p1a: Samurott|Ceaseless Edge|p2a: Braviary\n|-supereffective|p2a: Braviary\n|-damage|p2a: Braviary|4\/100\n|-sidestart|p2: Majortom299|Spikes\n|\n|upkeep\n|turn|12\n|\n|t:|1700830796\n|move|p2a: Braviary|Hurricane|p1a: Samurott|[miss]\n|-miss|p2a: Braviary|p1a: Samurott\n|move|p1a: Samurott|Ceaseless Edge|p2a: Braviary\n|-supereffective|p2a: Braviary\n|-damage|p2a: Braviary|0 fnt\n|-sidestart|p2: Majortom299|Spikes\n|faint|p2a: Braviary\n|\n|upkeep\n|\n|t:|1700830802\n|switch|p2a: Pelipper|Pelipper, M|67\/100\n|-weather|RainDance|[from] ability: Drizzle|[of] p2a: Pelipper\n|turn|13\n|\n|t:|1700830807\n|move|p1a: Samurott|Sucker Punch|p2a: Pelipper\n|-damage|p2a: Pelipper|43\/100\n|move|p2a: Pelipper|Hurricane|p1a: Samurott\n|-damage|p1a: Samurott|0 fnt\n|faint|p1a: Samurott\n|\n|-weather|RainDance|[upkeep]\n|upkeep\n|\n|t:|1700830813\n|switch|p1a: Rillaboom|Rillaboom, F|80\/100\n|-fieldstart|move: Grassy Terrain|[from] ability: Grassy Surge|[of] p1a: Rillaboom\n|turn|14\n|c|\u2606Bj007|gg\n|\n|t:|1700830820\n|-terastallize|p1a: Rillaboom|Grass\n|move|p1a: Rillaboom|Grassy Glide|p2a: Pelipper\n|-damage|p2a: Pelipper|0 fnt\n|faint|p2a: Pelipper\n|\n|-weather|RainDance|[upkeep]\n|-heal|p1a: Rillaboom|86\/100|[from] Grassy Terrain\n|upkeep\n|\n|t:|1700830829\n|switch|p2a: Basculegion|Basculegion, M|100\/100\n|-damage|p2a: Basculegion|76\/100|[from] Spikes\n|turn|15\n|\n|t:|1700830834\n|-terastallize|p2a: Basculegion|Water\n|move|p1a: Rillaboom|Grassy Glide|p2a: Basculegion\n|-supereffective|p2a: Basculegion\n|-damage|p2a: Basculegion|0 fnt\n|faint|p2a: Basculegion\n|\n|win|Bj007\n|raw|Bj007's rating: 1213 &rarr; <strong>1236<\/strong><br \/>(+23 for winning)\n|raw|Majortom299's rating: 1188 &rarr; <strong>1165<\/strong><br \/>(-23 for losing)\n|l|\u2606Majortom299\n","uploadtime":1700830844,"views":3,"p1id":"bj007","p2id":"majortom299","formatid":"gen9ou","rating":1165,"private":0,"password":""}