{"id":"gen9ou-1995165133","p1":"TheGr8est2EverDoIt","p2":"clefablemain","format":"[Gen 9] OU","log":"|j|\u2606TheGr8est2EverDoIt\n|j|\u2606clefablemain\n|t:|1700529864\n|gametype|singles\n|player|p1|TheGr8est2EverDoIt|lucas|1539\n|player|p2|clefablemain|101|1461\n|teamsize|p1|6\n|teamsize|p2|6\n|gen|9\n|tier|[Gen 9] OU\n|rated|\n|rule|Sleep Clause Mod: Limit one foe put to sleep\n|rule|Species Clause: Limit one of each Pok\u00e9mon\n|rule|OHKO Clause: OHKO moves are banned\n|rule|Evasion Items Clause: Evasion items are banned\n|rule|Evasion Moves Clause: Evasion moves are banned\n|rule|Endless Battle Clause: Forcing endless battles is banned\n|rule|HP Percentage Mod: HP is shown in percentages\n|clearpoke\n|poke|p1|Falinks|\n|poke|p1|Ribombee, M|\n|poke|p1|Gholdengo|\n|poke|p1|Thundurus-Therian, M|\n|poke|p1|Sandslash-Alola, M|\n|poke|p1|Samurott-Hisui, F|\n|poke|p2|Iron Hands|\n|poke|p2|Samurott-Hisui, F|\n|poke|p2|Volcanion|\n|poke|p2|Mamoswine, M|\n|poke|p2|Gholdengo|\n|poke|p2|Corviknight, F|\n|teampreview\n|\n|t:|1700529869\n|start\n|switch|p1a: Ribombee|Ribombee, M|100\/100\n|switch|p2a: Gholdengo|Gholdengo|100\/100\n|turn|1\n|\n|t:|1700529872\n|move|p1a: Ribombee|Sticky Web|p2a: Gholdengo\n|-sidestart|p2: clefablemain|move: Sticky Web\n|move|p2a: Gholdengo|Substitute|p2a: Gholdengo\n|-start|p2a: Gholdengo|Substitute\n|-damage|p2a: Gholdengo|76\/100\n|\n|-heal|p2a: Gholdengo|82\/100|[from] item: Leftovers\n|upkeep\n|turn|2\n|\n|t:|1700529878\n|switch|p1a: Samurott|Samurott-Hisui, F|100\/100\n|move|p2a: Gholdengo|Shadow Ball|p1a: Samurott\n|-resisted|p1a: Samurott\n|-damage|p1a: Samurott|65\/100\n|\n|-heal|p2a: Gholdengo|88\/100|[from] item: Leftovers\n|upkeep\n|turn|3\n|\n|t:|1700529883\n|move|p1a: Samurott|Ceaseless Edge|p2a: Gholdengo|[miss]\n|-miss|p1a: Samurott|p2a: Gholdengo\n|move|p2a: Gholdengo|Make It Rain|p1a: Samurott\n|-resisted|p1a: Samurott\n|-damage|p1a: Samurott|15\/100\n|-unboost|p2a: Gholdengo|spa|1\n|\n|-heal|p2a: Gholdengo|94\/100|[from] item: Leftovers\n|upkeep\n|turn|4\n|\n|t:|1700529887\n|move|p1a: Samurott|Ceaseless Edge|p2a: Gholdengo|[miss]\n|-miss|p1a: Samurott|p2a: Gholdengo\n|move|p2a: Gholdengo|Make It Rain|p1a: Samurott\n|-resisted|p1a: Samurott\n|-damage|p1a: Samurott|0 fnt\n|-unboost|p2a: Gholdengo|spa|1\n|faint|p1a: Samurott\n|\n|-heal|p2a: Gholdengo|99\/100|[from] item: Leftovers\n|upkeep\n|\n|t:|1700529890\n|switch|p1a: Thundurus|Thundurus-Therian, M|100\/100\n|turn|5\n|inactive|Battle timer is ON: inactive players will automatically lose when time's up. (requested by clefablemain)\n|\n|t:|1700529892\n|move|p1a: Thundurus|Nasty Plot|p1a: Thundurus\n|-boost|p1a: Thundurus|spa|2\n|move|p2a: Gholdengo|Shadow Ball|p1a: Thundurus\n|-damage|p1a: Thundurus|68\/100\n|-unboost|p1a: Thundurus|spd|1\n|\n|-heal|p2a: Gholdengo|100\/100|[from] item: Leftovers\n|upkeep\n|turn|6\n|\n|t:|1700529895\n|move|p1a: Thundurus|Thunderbolt|p2a: Gholdengo\n|-end|p2a: Gholdengo|Substitute\n|move|p2a: Gholdengo|Shadow Ball|p1a: Thundurus\n|-damage|p1a: Thundurus|21\/100\n|\n|upkeep\n|turn|7\n|\n|t:|1700529900\n|move|p1a: Thundurus|Grass Knot|p2a: Gholdengo\n|-resisted|p2a: Gholdengo\n|-damage|p2a: Gholdengo|77\/100\n|move|p2a: Gholdengo|Shadow Ball|p1a: Thundurus\n|-damage|p1a: Thundurus|0 fnt\n|faint|p1a: Thundurus\n|\n|-heal|p2a: Gholdengo|83\/100|[from] item: Leftovers\n|upkeep\n|\n|t:|1700529906\n|switch|p1a: Gholdengo|Gholdengo|100\/100\n|turn|8\n|\n|t:|1700529909\n|switch|p2a: Samurott|Samurott-Hisui, F, shiny|100\/100\n|-activate|p2a: Samurott|move: Sticky Web\n|-unboost|p2a: Samurott|spe|1\n|move|p1a: Gholdengo|Nasty Plot|p1a: Gholdengo\n|-boost|p1a: Gholdengo|spa|2\n|\n|upkeep\n|turn|9\n|\n|t:|1700529911\n|move|p2a: Samurott|Sucker Punch|p1a: Gholdengo\n|-supereffective|p1a: Gholdengo\n|-damage|p1a: Gholdengo|3\/100\n|move|p1a: Gholdengo|Make It Rain|p2a: Samurott\n|-resisted|p2a: Samurott\n|-damage|p2a: Samurott|3\/100\n|-unboost|p1a: Gholdengo|spa|1\n|\n|upkeep\n|turn|10\n|\n|t:|1700529915\n|move|p2a: Samurott|Sucker Punch||[still]\n|-fail|p2a: Samurott\n|move|p1a: Gholdengo|Recover|p1a: Gholdengo\n|-heal|p1a: Gholdengo|54\/100\n|\n|upkeep\n|turn|11\n|\n|t:|1700529917\n|move|p2a: Samurott|Sucker Punch|p1a: Gholdengo\n|-supereffective|p1a: Gholdengo\n|-damage|p1a: Gholdengo|0 fnt\n|faint|p1a: Gholdengo\n|\n|upkeep\n|\n|t:|1700529923\n|switch|p1a: Falinks|Falinks|100\/100\n|turn|12\n|\n|t:|1700529925\n|switch|p2a: Corviknight|Corviknight, F|100\/100\n|move|p1a: Falinks|No Retreat|p1a: Falinks\n|-boost|p1a: Falinks|atk|1\n|-boost|p1a: Falinks|def|1\n|-boost|p1a: Falinks|spa|1\n|-boost|p1a: Falinks|spd|1\n|-boost|p1a: Falinks|spe|1\n|-start|p1a: Falinks|move: No Retreat\n|\n|upkeep\n|turn|13\n|\n|t:|1700529932\n|move|p1a: Falinks|Rock Slide|p2a: Corviknight|[miss]\n|-miss|p1a: Falinks|p2a: Corviknight\n|move|p2a: Corviknight|Brave Bird|p1a: Falinks\n|-supereffective|p1a: Falinks\n|-damage|p1a: Falinks|39\/100\n|-damage|p2a: Corviknight|87\/100|[from] Recoil\n|\n|upkeep\n|turn|14\n|\n|t:|1700529936\n|-terastallize|p1a: Falinks|Rock\n|move|p1a: Falinks|Rock Slide|p2a: Corviknight|[miss]\n|-miss|p1a: Falinks|p2a: Corviknight\n|move|p2a: Corviknight|Brave Bird|p1a: Falinks\n|-resisted|p1a: Falinks\n|-crit|p1a: Falinks\n|-damage|p1a: Falinks|5\/100\n|-damage|p2a: Corviknight|79\/100|[from] Recoil\n|\n|upkeep\n|turn|15\n|c|\u2606clefablemain|damn you cant buy a hit\n|\n|t:|1700529947\n|move|p1a: Falinks|Rock Slide|p2a: Corviknight\n|-damage|p2a: Corviknight|37\/100\n|move|p2a: Corviknight|U-turn|p1a: Falinks\n|-damage|p1a: Falinks|0 fnt\n|faint|p1a: Falinks\n|\n|t:|1700529952\n|switch|p2a: Volcanion|Volcanion|100\/100|[from] U-turn\n|-activate|p2a: Volcanion|move: Sticky Web\n|-unboost|p2a: Volcanion|spe|1\n|\n|upkeep\n|\n|t:|1700529955\n|switch|p1a: Sandslash|Sandslash-Alola, M|100\/100\n|-item|p1a: Sandslash|Air Balloon\n|turn|16\n|\n|t:|1700529965\n|switch|p1a: Ribombee|Ribombee, M|100\/100\n|move|p2a: Volcanion|Flamethrower|p1a: Ribombee\n|-supereffective|p1a: Ribombee\n|-enditem|p1a: Ribombee|Focus Sash\n|-damage|p1a: Ribombee|1\/100\n|\n|upkeep\n|turn|17\n|\n|t:|1700529968\n|move|p1a: Ribombee|Stun Spore|p2a: Volcanion|[miss]\n|-miss|p1a: Ribombee|p2a: Volcanion\n|move|p2a: Volcanion|Flamethrower|p1a: Ribombee\n|-supereffective|p1a: Ribombee\n|-damage|p1a: Ribombee|0 fnt\n|faint|p1a: Ribombee\n|\n|upkeep\n|c|\u2606clefablemain|lol'\n|\n|t:|1700529973\n|switch|p1a: Sandslash|Sandslash-Alola, M|100\/100\n|-item|p1a: Sandslash|Air Balloon\n|turn|18\n|\n|t:|1700529980\n|move|p1a: Sandslash|Icicle Crash|p2a: Volcanion\n|-resisted|p2a: Volcanion\n|-damage|p2a: Volcanion|94\/100\n|move|p2a: Volcanion|Flamethrower|p1a: Sandslash\n|-supereffective|p1a: Sandslash\n|-damage|p1a: Sandslash|0 fnt\n|-enditem|p1a: Sandslash|Air Balloon\n|faint|p1a: Sandslash\n|\n|win|clefablemain\n|raw|TheGr8est2EverDoIt's rating: 1539 &rarr; <strong>1515<\/strong><br \/>(-24 for losing)\n|raw|clefablemain's rating: 1461 &rarr; <strong>1485<\/strong><br \/>(+24 for winning)\n|l|\u2606clefablemain\n","uploadtime":1700529986,"views":4,"p1id":"thegr8est2everdoit","p2id":"clefablemain","formatid":"gen9ou","rating":1485,"private":0,"password":""}