{"id":"gen9ou-1991809660","p1":"wyverbal","p2":"Denvy","format":"[Gen 9] OU","log":"|j|\u2606wyverbal\n|j|\u2606Denvy\n|t:|1700121403\n|gametype|singles\n|player|p1|wyverbal|169|1148\n|player|p2|Denvy|ethan|1099\n|teamsize|p1|6\n|teamsize|p2|6\n|gen|9\n|tier|[Gen 9] OU\n|rated|\n|rule|Sleep Clause Mod: Limit one foe put to sleep\n|rule|Species Clause: Limit one of each Pok\u00e9mon\n|rule|OHKO Clause: OHKO moves are banned\n|rule|Evasion Items Clause: Evasion items are banned\n|rule|Evasion Moves Clause: Evasion moves are banned\n|rule|Endless Battle Clause: Forcing endless battles is banned\n|rule|HP Percentage Mod: HP is shown in percentages\n|clearpoke\n|poke|p1|Armarouge, F|\n|poke|p1|Revavroom, M|\n|poke|p1|Veluza, F|\n|poke|p1|Chesnaught, F|\n|poke|p1|Vaporeon, F|\n|poke|p1|Scizor, F|\n|poke|p2|Milotic, M|\n|poke|p2|Dragonite, M|\n|poke|p2|Gengar, F|\n|poke|p2|Umbreon, M|\n|poke|p2|Arcanine, F|\n|poke|p2|Mismagius, M|\n|teampreview\n|inactive|Battle timer is ON: inactive players will automatically lose when time's up. (requested by wyverbal)\n|\n|t:|1700121412\n|start\n|switch|p1a: Veluza|Veluza, F, shiny|100\/100\n|switch|p2a: Mismagius|Mismagius, M|100\/100\n|-ability|p1a: Veluza|Mold Breaker\n|turn|1\n|\n|t:|1700121433\n|move|p1a: Veluza|Flip Turn|p2a: Mismagius\n|-damage|p2a: Mismagius|60\/100\n|\n|t:|1700121438\n|switch|p1a: Scizor|Scizor, F, shiny|100\/100|[from] Flip Turn\n|move|p2a: Mismagius|Thunder Wave|p1a: Scizor\n|-status|p1a: Scizor|par\n|\n|upkeep\n|turn|2\n|\n|t:|1700121447\n|move|p2a: Mismagius|Nasty Plot|p2a: Mismagius\n|-boost|p2a: Mismagius|spa|2\n|move|p1a: Scizor|Swords Dance|p1a: Scizor\n|-boost|p1a: Scizor|atk|2\n|\n|upkeep\n|turn|3\n|\n|t:|1700121453\n|move|p1a: Scizor|Bullet Punch|p2a: Mismagius\n|-damage|p2a: Mismagius|0 fnt\n|faint|p2a: Mismagius\n|\n|upkeep\n|\n|t:|1700121457\n|switch|p2a: Gengar|Gengar, F|100\/100\n|turn|4\n|\n|t:|1700121474\n|cant|p1a: Scizor|par\n|move|p2a: Gengar|Shadow Ball|p1a: Scizor\n|-damage|p1a: Scizor|52\/100 par\n|\n|upkeep\n|turn|5\n|\n|t:|1700121489\n|switch|p1a: Chesnaught|Chesnaught, F, shiny|100\/100\n|move|p2a: Gengar|Shadow Ball|p1a: Chesnaught\n|-immune|p1a: Chesnaught|[from] ability: Bulletproof\n|\n|upkeep\n|turn|6\n|\n|t:|1700121495\n|move|p2a: Gengar|Thunder Wave|p1a: Chesnaught\n|-status|p1a: Chesnaught|par\n|move|p1a: Chesnaught|Iron Defense|p1a: Chesnaught\n|-boost|p1a: Chesnaught|def|2\n|\n|upkeep\n|turn|7\n|\n|t:|1700121503\n|move|p2a: Gengar|Sludge Bomb|p1a: Chesnaught\n|-immune|p1a: Chesnaught|[from] ability: Bulletproof\n|move|p1a: Chesnaught|Iron Defense|p1a: Chesnaught\n|-boost|p1a: Chesnaught|def|2\n|\n|upkeep\n|turn|8\n|\n|t:|1700121514\n|move|p2a: Gengar|Shadow Ball|p1a: Chesnaught\n|-immune|p1a: Chesnaught|[from] ability: Bulletproof\n|move|p1a: Chesnaught|Iron Defense|p1a: Chesnaught\n|-boost|p1a: Chesnaught|def|2\n|\n|upkeep\n|turn|9\n|\n|t:|1700121521\n|move|p2a: Gengar|Dark Pulse|p1a: Chesnaught\n|-resisted|p1a: Chesnaught\n|-damage|p1a: Chesnaught|84\/100 par\n|move|p1a: Chesnaught|Leech Seed|p2a: Gengar\n|-start|p2a: Gengar|move: Leech Seed\n|\n|-heal|p1a: Chesnaught|90\/100 par|[from] item: Leftovers\n|-damage|p2a: Gengar|88\/100|[from] Leech Seed|[of] p1a: Chesnaught\n|-heal|p1a: Chesnaught|99\/100 par|[silent]\n|upkeep\n|turn|10\n|\n|t:|1700121533\n|move|p2a: Gengar|Dark Pulse|p1a: Chesnaught\n|-resisted|p1a: Chesnaught\n|-damage|p1a: Chesnaught|84\/100 par\n|cant|p1a: Chesnaught|par\n|\n|-heal|p1a: Chesnaught|90\/100 par|[from] item: Leftovers\n|-damage|p2a: Gengar|76\/100|[from] Leech Seed|[of] p1a: Chesnaught\n|-heal|p1a: Chesnaught|98\/100 par|[silent]\n|upkeep\n|turn|11\n|\n|t:|1700121548\n|switch|p2a: Arcanine|Arcanine, F|100\/100\n|move|p1a: Chesnaught|Leech Seed|p2a: Arcanine\n|-start|p2a: Arcanine|move: Leech Seed\n|\n|-heal|p1a: Chesnaught|100\/100 par|[from] item: Leftovers\n|-damage|p2a: Arcanine|88\/100|[from] Leech Seed|[of] p1a: Chesnaught\n|upkeep\n|turn|12\n|\n|t:|1700121563\n|move|p2a: Arcanine|Flare Blitz|p1a: Chesnaught\n|-supereffective|p1a: Chesnaught\n|-damage|p1a: Chesnaught|84\/100 par\n|-damage|p2a: Arcanine|82\/100|[from] Recoil\n|move|p1a: Chesnaught|Body Press|p2a: Arcanine\n|-damage|p2a: Arcanine|0 fnt\n|faint|p2a: Arcanine\n|\n|-heal|p1a: Chesnaught|90\/100 par|[from] item: Leftovers\n|upkeep\n|\n|t:|1700121575\n|switch|p2a: Dragonite|Dragonite, M|100\/100\n|turn|13\n|\n|t:|1700121579\n|move|p2a: Dragonite|Earthquake|p1a: Chesnaught\n|-resisted|p1a: Chesnaught\n|-damage|p1a: Chesnaught|87\/100 par\n|move|p1a: Chesnaught|Leech Seed|p2a: Dragonite\n|-start|p2a: Dragonite|move: Leech Seed\n|\n|-heal|p1a: Chesnaught|93\/100 par|[from] item: Leftovers\n|-damage|p2a: Dragonite|88\/100|[from] Leech Seed|[of] p1a: Chesnaught\n|-heal|p1a: Chesnaught|100\/100 par|[silent]\n|upkeep\n|turn|14\n|\n|t:|1700121591\n|switch|p2a: Milotic|Milotic, M|100\/100\n|cant|p1a: Chesnaught|par\n|\n|upkeep\n|turn|15\n|\n|t:|1700121598\n|move|p2a: Milotic|Confuse Ray|p1a: Chesnaught\n|-start|p1a: Chesnaught|confusion\n|-activate|p1a: Chesnaught|confusion\n|move|p1a: Chesnaught|Body Press|p2a: Milotic\n|-damage|p2a: Milotic|0 fnt\n|faint|p2a: Milotic\n|\n|upkeep\n|-message|Denvy forfeited.\n|\n|win|wyverbal\n|raw|wyverbal's rating: 1148 &rarr; <strong>1169<\/strong><br \/>(+21 for winning)\n|raw|Denvy's rating: 1099 &rarr; <strong>1078<\/strong><br \/>(-21 for losing)\n|c|\u2606wyverbal|ooh confuse ray\n|l|\u2606Denvy\n","uploadtime":1700121613,"views":11,"p1id":"wyverbal","p2id":"denvy","formatid":"gen9ou","rating":1078,"private":0,"password":""}