{"id":"gen9ou-1990183091","p1":"ChickenTalk2006","p2":"soccersniper","format":"[Gen 9] OU","log":"|j|\u2606ChickenTalk2006\n|j|\u2606soccersniper\n|t:|1699934063\n|gametype|singles\n|player|p1|ChickenTalk2006|galacticgrunt|1442\n|player|p2|soccersniper|102|1568\n|teamsize|p1|6\n|teamsize|p2|6\n|gen|9\n|tier|[Gen 9] OU\n|rated|\n|rule|Sleep Clause Mod: Limit one foe put to sleep\n|rule|Species Clause: Limit one of each Pok\u00e9mon\n|rule|OHKO Clause: OHKO moves are banned\n|rule|Evasion Items Clause: Evasion items are banned\n|rule|Evasion Moves Clause: Evasion moves are banned\n|rule|Endless Battle Clause: Forcing endless battles is banned\n|rule|HP Percentage Mod: HP is shown in percentages\n|clearpoke\n|poke|p1|Ceruledge, M|\n|poke|p1|Corviknight, F|\n|poke|p1|Gengar, F|\n|poke|p1|Cloyster, F|\n|poke|p1|Hydreigon, M|\n|poke|p1|Sableye, M|\n|poke|p2|Garganacl, M|\n|poke|p2|Rillaboom, F|\n|poke|p2|Sneasler, M|\n|poke|p2|Iron Valiant|\n|poke|p2|Greninja-*, M|\n|poke|p2|Great Tusk|\n|teampreview\n|j| deliberatelytrash\n|\n|t:|1699934072\n|start\n|switch|p1a: Sableye|Sableye, M|100\/100\n|switch|p2a: Great Tusk|Great Tusk|100\/100\n|turn|1\n|\n|t:|1699934078\n|move|p1a: Sableye|Will-O-Wisp|p2a: Great Tusk\n|-status|p2a: Great Tusk|brn\n|move|p2a: Great Tusk|High Horsepower|p1a: Sableye\n|-damage|p1a: Sableye|82\/100\n|\n|-damage|p2a: Great Tusk|94\/100 brn|[from] brn\n|upkeep\n|turn|2\n|\n|t:|1699934085\n|switch|p1a: Corviknight|Corviknight, F|100\/100\n|-ability|p1a: Corviknight|Pressure\n|move|p2a: Great Tusk|Stealth Rock|p1a: Corviknight\n|-sidestart|p1: ChickenTalk2006|move: Stealth Rock\n|\n|-damage|p2a: Great Tusk|88\/100 brn|[from] brn\n|upkeep\n|turn|3\n|\n|t:|1699934093\n|-end|p2a: Great Tusk|Protosynthesis|[silent]\n|switch|p2a: Garganacl|Garganacl, M|100\/100\n|move|p1a: Corviknight|Defog|p2a: Garganacl\n|-unboost|p2a: Garganacl|evasion|1\n|-sideend|p1: ChickenTalk2006|Stealth Rock|[from] move: Defog|[of] p1a: Corviknight\n|\n|upkeep\n|turn|4\n|\n|t:|1699934097\n|move|p1a: Corviknight|U-turn|p2a: Garganacl\n|-damage|p2a: Garganacl|92\/100\n|\n|t:|1699934100\n|switch|p1a: Sableye|Sableye, M|82\/100|[from] U-turn\n|move|p2a: Garganacl|Salt Cure|p1a: Sableye\n|-damage|p1a: Sableye|68\/100\n|-start|p1a: Sableye|Salt Cure\n|\n|-heal|p2a: Garganacl|98\/100|[from] item: Leftovers\n|-damage|p1a: Sableye|56\/100|[from] Salt Cure\n|upkeep\n|turn|5\n|\n|t:|1699934103\n|switch|p2a: Great Tusk|Great Tusk|88\/100 brn\n|move|p1a: Sableye|Recover|p1a: Sableye\n|-heal|p1a: Sableye|100\/100\n|\n|-damage|p2a: Great Tusk|82\/100 brn|[from] brn\n|-damage|p1a: Sableye|88\/100|[from] Salt Cure\n|upkeep\n|turn|6\n|\n|t:|1699934109\n|switch|p1a: Corviknight|Corviknight, F|100\/100\n|-ability|p1a: Corviknight|Pressure\n|move|p2a: Great Tusk|Stealth Rock|p1a: Corviknight\n|-sidestart|p1: ChickenTalk2006|move: Stealth Rock\n|\n|-damage|p2a: Great Tusk|76\/100 brn|[from] brn\n|upkeep\n|turn|7\n|\n|t:|1699934115\n|move|p2a: Great Tusk|Close Combat|p1a: Corviknight\n|-damage|p1a: Corviknight|85\/100\n|-unboost|p2a: Great Tusk|def|1\n|-unboost|p2a: Great Tusk|spd|1\n|-damage|p2a: Great Tusk|59\/100 brn|[from] item: Rocky Helmet|[of] p1a: Corviknight\n|move|p1a: Corviknight|Defog|p2a: Great Tusk\n|-unboost|p2a: Great Tusk|evasion|1\n|-sideend|p1: ChickenTalk2006|Stealth Rock|[from] move: Defog|[of] p1a: Corviknight\n|\n|-damage|p2a: Great Tusk|53\/100 brn|[from] brn\n|upkeep\n|turn|8\n|\n|t:|1699934124\n|-end|p2a: Great Tusk|Protosynthesis|[silent]\n|switch|p2a: Garganacl|Garganacl, M|98\/100\n|move|p1a: Corviknight|Body Press|p2a: Garganacl\n|-supereffective|p2a: Garganacl\n|-damage|p2a: Garganacl|61\/100\n|\n|-heal|p2a: Garganacl|67\/100|[from] item: Leftovers\n|upkeep\n|turn|9\n|\n|t:|1699934126\n|move|p1a: Corviknight|U-turn|p2a: Garganacl\n|-damage|p2a: Garganacl|58\/100\n|\n|t:|1699934128\n|switch|p1a: Sableye|Sableye, M|88\/100|[from] U-turn\n|move|p2a: Garganacl|Salt Cure|p1a: Sableye\n|-damage|p1a: Sableye|73\/100\n|-start|p1a: Sableye|Salt Cure\n|\n|-heal|p2a: Garganacl|64\/100|[from] item: Leftovers\n|-damage|p1a: Sableye|61\/100|[from] Salt Cure\n|upkeep\n|turn|10\n|\n|t:|1699934135\n|switch|p2a: Rillaboom|Rillaboom, F|100\/100\n|-fieldstart|move: Grassy Terrain|[from] ability: Grassy Surge|[of] p2a: Rillaboom\n|move|p1a: Sableye|Recover|p1a: Sableye\n|-heal|p1a: Sableye|100\/100\n|\n|-damage|p1a: Sableye|88\/100|[from] Salt Cure\n|upkeep\n|turn|11\n|\n|t:|1699934144\n|switch|p2a: Greninja|Greninja, M|100\/100\n|move|p1a: Sableye|Will-O-Wisp|p2a: Greninja\n|-hint|Since gen 7, Dark is immune to Prankster moves.\n|-immune|p2a: Greninja\n|\n|-heal|p1a: Sableye|94\/100|[from] Grassy Terrain\n|-damage|p1a: Sableye|82\/100|[from] Salt Cure\n|upkeep\n|turn|12\n|\n|t:|1699934157\n|switch|p1a: Hydreigon|Hydreigon, M|100\/100\n|move|p2a: Greninja|Dark Pulse|p1a: Hydreigon\n|-resisted|p1a: Hydreigon\n|-damage|p1a: Hydreigon|86\/100\n|-damage|p2a: Greninja|91\/100|[from] item: Life Orb\n|\n|-heal|p2a: Greninja|97\/100|[from] Grassy Terrain\n|-heal|p1a: Hydreigon|92\/100|[from] item: Leftovers\n|upkeep\n|turn|13\n|\n|t:|1699934164\n|move|p2a: Greninja|Ice Beam|p1a: Hydreigon\n|-supereffective|p1a: Hydreigon\n|-damage|p1a: Hydreigon|45\/100\n|-damage|p2a: Greninja|87\/100|[from] item: Life Orb\n|move|p1a: Hydreigon|U-turn|p2a: Greninja\n|-supereffective|p2a: Greninja\n|-damage|p2a: Greninja|35\/100\n|\n|t:|1699934167\n|switch|p1a: Gengar|Gengar, F|100\/100|[from] U-turn\n|\n|-heal|p2a: Greninja|41\/100|[from] Grassy Terrain\n|upkeep\n|turn|14\n|\n|t:|1699934175\n|switch|p2a: Garganacl|Garganacl, M|64\/100\n|move|p1a: Gengar|Dazzling Gleam|p2a: Garganacl\n|-damage|p2a: Garganacl|45\/100\n|\n|-heal|p2a: Garganacl|51\/100|[from] Grassy Terrain\n|-heal|p2a: Garganacl|57\/100|[from] item: Leftovers\n|-fieldend|move: Grassy Terrain\n|upkeep\n|turn|15\n|\n|t:|1699934179\n|switch|p1a: Hydreigon|Hydreigon, M|45\/100\n|move|p2a: Garganacl|Recover|p2a: Garganacl\n|-heal|p2a: Garganacl|100\/100\n|\n|-heal|p1a: Hydreigon|51\/100|[from] item: Leftovers\n|upkeep\n|turn|16\n|\n|t:|1699934184\n|move|p1a: Hydreigon|Stealth Rock|p2a: Garganacl\n|-sidestart|p2: soccersniper|move: Stealth Rock\n|move|p2a: Garganacl|Salt Cure|p1a: Hydreigon\n|-damage|p1a: Hydreigon|38\/100\n|-start|p1a: Hydreigon|Salt Cure\n|\n|-heal|p1a: Hydreigon|44\/100|[from] item: Leftovers\n|-damage|p1a: Hydreigon|31\/100|[from] Salt Cure\n|upkeep\n|turn|17\n|\n|t:|1699934190\n|move|p1a: Hydreigon|U-turn|p2a: Garganacl\n|-crit|p2a: Garganacl\n|-damage|p2a: Garganacl|86\/100\n|\n|t:|1699934192\n|switch|p1a: Sableye|Sableye, M|82\/100|[from] U-turn\n|move|p2a: Garganacl|Iron Defense|p2a: Garganacl\n|-boost|p2a: Garganacl|def|2\n|\n|-heal|p2a: Garganacl|92\/100|[from] item: Leftovers\n|upkeep\n|turn|18\n|\n|t:|1699934198\n|move|p1a: Sableye|Encore|p2a: Garganacl\n|-start|p2a: Garganacl|Encore\n|move|p2a: Garganacl|Iron Defense|p2a: Garganacl\n|-boost|p2a: Garganacl|def|2\n|\n|-heal|p2a: Garganacl|99\/100|[from] item: Leftovers\n|upkeep\n|turn|19\n|\n|t:|1699934206\n|switch|p1a: Cloyster|Cloyster, F|100\/100\n|switch|p2a: Greninja|Greninja, M|41\/100\n|-damage|p2a: Greninja|29\/100|[from] Stealth Rock\n|\n|upkeep\n|turn|20\n|\n|t:|1699934231\n|move|p2a: Greninja|Dark Pulse|p1a: Cloyster\n|-enditem|p1a: Cloyster|Focus Sash\n|-damage|p1a: Cloyster|1\/100\n|-damage|p2a: Greninja|19\/100|[from] item: Life Orb\n|move|p1a: Cloyster|Icicle Spear|p2a: Greninja\n|-resisted|p2a: Greninja\n|-damage|p2a: Greninja|9\/100\n|-resisted|p2a: Greninja\n|-damage|p2a: Greninja|0 fnt\n|faint|p2a: Greninja\n|-hitcount|p2: Greninja|2\n|\n|upkeep\n|\n|t:|1699934245\n|switch|p2a: Rillaboom|Rillaboom, F|100\/100\n|-damage|p2a: Rillaboom|88\/100|[from] Stealth Rock\n|-fieldstart|move: Grassy Terrain|[from] ability: Grassy Surge|[of] p2a: Rillaboom\n|turn|21\n|\n|t:|1699934246\n|move|p2a: Rillaboom|Grassy Glide|p1a: Cloyster\n|-supereffective|p1a: Cloyster\n|-damage|p1a: Cloyster|0 fnt\n|faint|p1a: Cloyster\n|\n|-heal|p2a: Rillaboom|94\/100|[from] Grassy Terrain\n|upkeep\n|\n|t:|1699934248\n|switch|p1a: Sableye|Sableye, M|82\/100\n|turn|22\n|\n|t:|1699934253\n|switch|p2a: Great Tusk|Great Tusk|53\/100 brn\n|-damage|p2a: Great Tusk|50\/100 brn|[from] Stealth Rock\n|move|p1a: Sableye|Will-O-Wisp|p2a: Great Tusk\n|-fail|p2a: Great Tusk|brn\n|\n|-heal|p2a: Great Tusk|56\/100 brn|[from] Grassy Terrain\n|-heal|p1a: Sableye|88\/100|[from] Grassy Terrain\n|-damage|p2a: Great Tusk|50\/100 brn|[from] brn\n|upkeep\n|turn|23\n|\n|t:|1699934261\n|switch|p1a: Corviknight|Corviknight, F|85\/100\n|-ability|p1a: Corviknight|Pressure\n|move|p2a: Great Tusk|Stealth Rock|p1a: Corviknight\n|-sidestart|p1: ChickenTalk2006|move: Stealth Rock\n|\n|-heal|p2a: Great Tusk|56\/100 brn|[from] Grassy Terrain\n|-damage|p2a: Great Tusk|50\/100 brn|[from] brn\n|upkeep\n|turn|24\n|\n|t:|1699934266\n|move|p2a: Great Tusk|Close Combat|p1a: Corviknight\n|-damage|p1a: Corviknight|70\/100\n|-unboost|p2a: Great Tusk|def|1\n|-unboost|p2a: Great Tusk|spd|1\n|-damage|p2a: Great Tusk|33\/100 brn|[from] item: Rocky Helmet|[of] p1a: Corviknight\n|move|p1a: Corviknight|U-turn|p2a: Great Tusk\n|-resisted|p2a: Great Tusk\n|-damage|p2a: Great Tusk|28\/100 brn\n|-damage|p1a: Corviknight|54\/100|[from] item: Rocky Helmet|[of] p2a: Great Tusk\n|\n|t:|1699934275\n|switch|p1a: Gengar|Gengar, F|100\/100|[from] U-turn\n|-damage|p1a: Gengar|88\/100|[from] Stealth Rock\n|\n|-heal|p1a: Gengar|94\/100|[from] Grassy Terrain\n|-heal|p2a: Great Tusk|34\/100 brn|[from] Grassy Terrain\n|-damage|p2a: Great Tusk|28\/100 brn|[from] brn\n|upkeep\n|turn|25\n|\n|t:|1699934278\n|move|p1a: Gengar|Sludge Bomb|p2a: Great Tusk\n|-resisted|p2a: Great Tusk\n|-damage|p2a: Great Tusk|0 fnt\n|faint|p2a: Great Tusk\n|-end|p2a: Great Tusk|Protosynthesis|[silent]\n|\n|-heal|p1a: Gengar|100\/100|[from] Grassy Terrain\n|-fieldend|move: Grassy Terrain\n|upkeep\n|\n|t:|1699934284\n|switch|p2a: Garganacl|Garganacl, M|99\/100\n|-damage|p2a: Garganacl|86\/100|[from] Stealth Rock\n|turn|26\n|\n|t:|1699934294\n|move|p1a: Gengar|Sludge Bomb|p2a: Garganacl\n|-resisted|p2a: Garganacl\n|-damage|p2a: Garganacl|71\/100\n|move|p2a: Garganacl|Salt Cure|p1a: Gengar\n|-damage|p1a: Gengar|74\/100\n|-start|p1a: Gengar|Salt Cure\n|-start|p2a: Garganacl|Disable|Salt Cure|[from] ability: Cursed Body|[of] p1a: Gengar\n|\n|-heal|p2a: Garganacl|77\/100|[from] item: Leftovers\n|-damage|p1a: Gengar|62\/100|[from] Salt Cure\n|upkeep\n|turn|27\n|\n|t:|1699934300\n|switch|p1a: Sableye|Sableye, M|88\/100\n|switch|p2a: Sneasler|Sneasler, M|100\/100\n|-damage|p2a: Sneasler|95\/100|[from] Stealth Rock\n|\n|upkeep\n|turn|28\n|\n|t:|1699934306\n|move|p1a: Sableye|Will-O-Wisp|p2a: Sneasler\n|-status|p2a: Sneasler|brn\n|move|p2a: Sneasler|Dire Claw|p1a: Sableye\n|-resisted|p1a: Sableye\n|-damage|p1a: Sableye|76\/100\n|\n|-damage|p2a: Sneasler|89\/100 brn|[from] brn\n|upkeep\n|turn|29\n|\n|t:|1699934311\n|move|p1a: Sableye|Taunt|p2a: Sneasler\n|-start|p2a: Sneasler|move: Taunt\n|move|p2a: Sneasler|Dire Claw|p1a: Sableye\n|-resisted|p1a: Sableye\n|-damage|p1a: Sableye|65\/100\n|\n|-damage|p2a: Sneasler|83\/100 brn|[from] brn\n|upkeep\n|turn|30\n|\n|t:|1699934316\n|switch|p1a: Corviknight|Corviknight, F|54\/100\n|-damage|p1a: Corviknight|42\/100|[from] Stealth Rock\n|-ability|p1a: Corviknight|Pressure\n|move|p2a: Sneasler|Dire Claw|p1a: Corviknight\n|-immune|p1a: Corviknight\n|\n|-damage|p2a: Sneasler|77\/100 brn|[from] brn\n|upkeep\n|turn|31\n|\n|t:|1699934318\n|move|p2a: Sneasler|Close Combat|p1a: Corviknight\n|-damage|p1a: Corviknight|23\/100\n|-unboost|p2a: Sneasler|def|1\n|-unboost|p2a: Sneasler|spd|1\n|-damage|p2a: Sneasler|60\/100 brn|[from] item: Rocky Helmet|[of] p1a: Corviknight\n|move|p1a: Corviknight|Roost|p1a: Corviknight\n|-heal|p1a: Corviknight|73\/100\n|-singleturn|p1a: Corviknight|move: Roost\n|\n|-damage|p2a: Sneasler|54\/100 brn|[from] brn\n|-end|p2a: Sneasler|move: Taunt\n|upkeep\n|turn|32\n|\n|t:|1699934323\n|switch|p2a: Garganacl|Garganacl, M|77\/100\n|-damage|p2a: Garganacl|65\/100|[from] Stealth Rock\n|move|p1a: Corviknight|Roost|p1a: Corviknight\n|-heal|p1a: Corviknight|100\/100\n|-singleturn|p1a: Corviknight|move: Roost\n|\n|-heal|p2a: Garganacl|71\/100|[from] item: Leftovers\n|upkeep\n|turn|33\n|\n|t:|1699934325\n|move|p1a: Corviknight|Body Press|p2a: Garganacl\n|-supereffective|p2a: Garganacl\n|-damage|p2a: Garganacl|33\/100\n|move|p2a: Garganacl|Salt Cure|p1a: Corviknight\n|-damage|p1a: Corviknight|92\/100\n|-start|p1a: Corviknight|Salt Cure\n|\n|-heal|p2a: Garganacl|39\/100|[from] item: Leftovers\n|-damage|p1a: Corviknight|67\/100|[from] Salt Cure\n|upkeep\n|turn|34\n|\n|t:|1699934332\n|switch|p2a: Sneasler|Sneasler, M|54\/100 brn\n|-damage|p2a: Sneasler|48\/100 brn|[from] Stealth Rock\n|move|p1a: Corviknight|U-turn|p2a: Sneasler\n|-resisted|p2a: Sneasler\n|-damage|p2a: Sneasler|42\/100 brn\n|\n|t:|1699934336\n|switch|p1a: Sableye|Sableye, M|65\/100|[from] U-turn\n|\n|-damage|p2a: Sneasler|36\/100 brn|[from] brn\n|upkeep\n|turn|35\n|\n|t:|1699934338\n|move|p1a: Sableye|Recover|p1a: Sableye\n|-heal|p1a: Sableye|100\/100\n|move|p2a: Sneasler|Dire Claw|p1a: Sableye\n|-resisted|p1a: Sableye\n|-damage|p1a: Sableye|90\/100\n|\n|-damage|p2a: Sneasler|30\/100 brn|[from] brn\n|upkeep\n|turn|36\n|\n|t:|1699934340\n|move|p1a: Sableye|Taunt|p2a: Sneasler\n|-start|p2a: Sneasler|move: Taunt\n|move|p2a: Sneasler|Dire Claw|p1a: Sableye\n|-resisted|p1a: Sableye\n|-damage|p1a: Sableye|79\/100\n|\n|-damage|p2a: Sneasler|24\/100 brn|[from] brn\n|upkeep\n|turn|37\n|\n|t:|1699934343\n|switch|p1a: Corviknight|Corviknight, F|67\/100\n|-damage|p1a: Corviknight|55\/100|[from] Stealth Rock\n|-ability|p1a: Corviknight|Pressure\n|move|p2a: Sneasler|Dire Claw|p1a: Corviknight\n|-immune|p1a: Corviknight\n|\n|-damage|p2a: Sneasler|18\/100 brn|[from] brn\n|upkeep\n|turn|38\n|\n|t:|1699934346\n|switch|p2a: Garganacl|Garganacl, M|39\/100\n|-damage|p2a: Garganacl|27\/100|[from] Stealth Rock\n|move|p1a: Corviknight|Roost|p1a: Corviknight\n|-heal|p1a: Corviknight|100\/100\n|-singleturn|p1a: Corviknight|move: Roost\n|\n|-heal|p2a: Garganacl|33\/100|[from] item: Leftovers\n|upkeep\n|turn|39\n|\n|t:|1699934347\n|move|p1a: Corviknight|Body Press|p2a: Garganacl\n|-supereffective|p2a: Garganacl\n|-crit|p2a: Garganacl\n|-damage|p2a: Garganacl|0 fnt\n|faint|p2a: Garganacl\n|\n|upkeep\n|-message|soccersniper forfeited.\n|\n|win|ChickenTalk2006\n|raw|ChickenTalk2006's rating: 1442 &rarr; <strong>1469<\/strong><br \/>(+27 for winning)\n|raw|soccersniper's rating: 1568 &rarr; <strong>1541<\/strong><br \/>(-27 for losing)\n|l|\u2606soccersniper\n","uploadtime":1699934365,"views":15,"p1id":"chickentalk2006","p2id":"soccersniper","formatid":"gen9ou","rating":1469,"private":0,"password":""}