{"id":"gen9ou-1989515878","p1":"wyverbal","p2":"bingus revolution","format":"[Gen 9] OU","log":"|j|\u2606wyverbal\n|j|\u2606bingus revolution\n|t:|1699864015\n|gametype|singles\n|player|p1|wyverbal|101|1085\n|player|p2|bingus revolution|guitarist|1113\n|teamsize|p1|6\n|teamsize|p2|6\n|gen|9\n|tier|[Gen 9] OU\n|rated|\n|rule|Sleep Clause Mod: Limit one foe put to sleep\n|rule|Species Clause: Limit one of each Pok\u00e9mon\n|rule|OHKO Clause: OHKO moves are banned\n|rule|Evasion Items Clause: Evasion items are banned\n|rule|Evasion Moves Clause: Evasion moves are banned\n|rule|Endless Battle Clause: Forcing endless battles is banned\n|rule|HP Percentage Mod: HP is shown in percentages\n|clearpoke\n|poke|p1|Zamazenta-*|\n|poke|p1|Kommo-o, M|\n|poke|p1|Ceruledge, F|\n|poke|p1|Tornadus, M|\n|poke|p1|Greninja-*, M|\n|poke|p1|Sandslash, M|\n|poke|p2|Breloom, M|\n|poke|p2|Quaquaval, F|\n|poke|p2|Ninetales-Alola, F|\n|poke|p2|Hatterene, F|\n|poke|p2|Thundurus-Therian, M|\n|poke|p2|Iron Treads|\n|teampreview\n|inactive|Battle timer is ON: inactive players will automatically lose when time's up. (requested by wyverbal)\n|inactive|bingus revolution also wants the timer to be on.\n|j| FrankTivs\n|\n|t:|1699864029\n|start\n|switch|p1a: Tornadus|Tornadus, M, shiny|100\/100\n|switch|p2a: Ninetales|Ninetales-Alola, F|100\/100\n|-weather|Snow|[from] ability: Snow Warning|[of] p2a: Ninetales\n|turn|1\n|l| FrankTivs\n|\n|t:|1699864036\n|move|p1a: Tornadus|Sandstorm|p1a: Tornadus\n|-weather|Sandstorm\n|move|p2a: Ninetales|Aurora Veil||[still]\n|-fail|p2a: Ninetales\n|\n|-weather|Sandstorm|[upkeep]\n|-damage|p1a: Tornadus|94\/100|[from] Sandstorm\n|-damage|p2a: Ninetales|94\/100|[from] Sandstorm\n|upkeep\n|turn|2\n|\n|t:|1699864046\n|switch|p1a: Zamazenta|Zamazenta, shiny|100\/100\n|-ability|p1a: Zamazenta|Dauntless Shield|boost\n|-boost|p1a: Zamazenta|def|1\n|move|p2a: Ninetales|Encore||[still]\n|-fail|p2a: Ninetales\n|\n|-weather|Sandstorm|[upkeep]\n|-damage|p1a: Zamazenta|94\/100|[from] Sandstorm\n|-damage|p2a: Ninetales|88\/100|[from] Sandstorm\n|upkeep\n|turn|3\n|\n|t:|1699864054\n|move|p1a: Zamazenta|Iron Head|p2a: Ninetales\n|-supereffective|p2a: Ninetales\n|-damage|p2a: Ninetales|0 fnt\n|faint|p2a: Ninetales\n|\n|-weather|Sandstorm|[upkeep]\n|-damage|p1a: Zamazenta|88\/100|[from] Sandstorm\n|upkeep\n|\n|t:|1699864059\n|switch|p2a: Iron Treads|Iron Treads|100\/100\n|turn|4\n|\n|t:|1699864071\n|move|p1a: Zamazenta|Reflect|p1a: Zamazenta\n|-sidestart|p1: wyverbal|Reflect\n|move|p2a: Iron Treads|Earthquake|p1a: Zamazenta\n|-damage|p1a: Zamazenta|78\/100\n|\n|-weather|Sandstorm|[upkeep]\n|-damage|p1a: Zamazenta|72\/100|[from] Sandstorm\n|upkeep\n|turn|5\n|\n|t:|1699864075\n|move|p1a: Zamazenta|Body Press|p2a: Iron Treads\n|-supereffective|p2a: Iron Treads\n|-damage|p2a: Iron Treads|25\/100\n|move|p2a: Iron Treads|Volt Switch|p1a: Zamazenta\n|-damage|p1a: Zamazenta|64\/100\n|\n|t:|1699864083\n|-end|p2a: Iron Treads|Quark Drive|[silent]\n|switch|p2a: Thundurus|Thundurus-Therian, M|100\/100|[from] Volt Switch\n|\n|-weather|Sandstorm|[upkeep]\n|-damage|p1a: Zamazenta|57\/100|[from] Sandstorm\n|-damage|p2a: Thundurus|94\/100|[from] Sandstorm\n|upkeep\n|turn|6\n|\n|t:|1699864087\n|move|p1a: Zamazenta|Light Screen|p1a: Zamazenta\n|-sidestart|p1: wyverbal|move: Light Screen\n|move|p2a: Thundurus|Thunderbolt|p1a: Zamazenta\n|-damage|p1a: Zamazenta|37\/100\n|\n|-weather|Sandstorm|[upkeep]\n|-damage|p1a: Zamazenta|30\/100|[from] Sandstorm\n|-damage|p2a: Thundurus|88\/100|[from] Sandstorm\n|upkeep\n|turn|7\n|\n|t:|1699864099\n|switch|p1a: Sandslash|Sandslash, M, shiny|100\/100\n|move|p2a: Thundurus|Thunderbolt|p1a: Sandslash\n|-immune|p1a: Sandslash\n|\n|-weather|Sandstorm|[upkeep]\n|-damage|p2a: Thundurus|82\/100|[from] Sandstorm\n|upkeep\n|turn|8\n|\n|t:|1699864103\n|move|p1a: Sandslash|Spikes|p2a: Thundurus\n|-sidestart|p2: bingus revolution|Spikes\n|move|p2a: Thundurus|Grass Knot|p1a: Sandslash\n|-supereffective|p1a: Sandslash\n|-damage|p1a: Sandslash|57\/100\n|\n|-weather|none\n|upkeep\n|turn|9\n|\n|t:|1699864111\n|move|p2a: Thundurus|Grass Knot|p1a: Sandslash\n|-supereffective|p1a: Sandslash\n|-damage|p1a: Sandslash|12\/100\n|move|p1a: Sandslash|Rock Slide|p2a: Thundurus\n|-supereffective|p2a: Thundurus\n|-damage|p2a: Thundurus|15\/100\n|\n|upkeep\n|turn|10\n|-message|bingus revolution forfeited.\n|\n|win|wyverbal\n|raw|wyverbal's rating: 1085 &rarr; <strong>1114<\/strong><br \/>(+29 for winning)\n|raw|bingus revolution's rating: 1113 &rarr; <strong>1086<\/strong><br \/>(-27 for losing)\n|l|\u2606bingus revolution\n","uploadtime":1699864124,"views":12,"p1id":"wyverbal","p2id":"bingusrevolution","formatid":"gen9ou","rating":1086,"private":0,"password":""}