{"id":"gen9ou-1988360184","p1":"CrystalDragex","p2":"guzmfran","format":"[Gen 9] OU","log":"|j|\u2606CrystalDragex\n|j|\u2606guzmfran\n|t:|1699713787\n|gametype|singles\n|player|p1|CrystalDragex|266|\n|player|p2|guzmfran|266|\n|teamsize|p1|4\n|teamsize|p2|4\n|gen|9\n|tier|[Gen 9] OU\n|rule|Sleep Clause Mod: Limit one foe put to sleep\n|rule|Species Clause: Limit one of each Pok\u00e9mon\n|rule|OHKO Clause: OHKO moves are banned\n|rule|Evasion Items Clause: Evasion items are banned\n|rule|Evasion Moves Clause: Evasion moves are banned\n|rule|Endless Battle Clause: Forcing endless battles is banned\n|rule|HP Percentage Mod: HP is shown in percentages\n|clearpoke\n|poke|p1|Gholdengo|\n|poke|p1|Dragapult, M|\n|poke|p1|Rotom-Wash|\n|poke|p1|Bellibolt, M|\n|poke|p2|Azumarill, F|\n|poke|p2|Ninetales-Alola, M|\n|poke|p2|Dragonite, M|\n|poke|p2|Gliscor, F|\n|teampreview\n|inactive|Battle timer is ON: inactive players will automatically lose when time's up. (requested by CrystalDragex)\n|\n|t:|1699713829\n|start\n|switch|p1a: Rotom|Rotom-Wash|100\/100\n|switch|p2a: Gliscor|Gliscor, F|100\/100\n|turn|1\n|\n|t:|1699713847\n|-terastallize|p2a: Gliscor|Water\n|move|p1a: Rotom|Will-O-Wisp|p2a: Gliscor\n|-status|p2a: Gliscor|brn\n|move|p2a: Gliscor|Swords Dance|p2a: Gliscor\n|-boost|p2a: Gliscor|atk|2\n|\n|-damage|p2a: Gliscor|94\/100 brn|[from] brn\n|upkeep\n|turn|2\n|\n|t:|1699713859\n|move|p1a: Rotom|Volt Switch|p2a: Gliscor\n|-supereffective|p2a: Gliscor\n|-damage|p2a: Gliscor|38\/100 brn\n|\n|t:|1699713880\n|switch|p1a: Bellibolt|Bellibolt, M|100\/100|[from] Volt Switch\n|move|p2a: Gliscor|Facade|p1a: Bellibolt\n|-damage|p1a: Bellibolt|60\/100\n|-start|p1a: Bellibolt|Charge|Facade|[from] ability: Electromorphosis\n|\n|-damage|p2a: Gliscor|32\/100 brn|[from] brn\n|upkeep\n|turn|3\n|inactive|CrystalDragex has 270 seconds left.\n|inactive|guzmfran has 270 seconds left.\n|\n|t:|1699713912\n|move|p2a: Gliscor|Protect|p2a: Gliscor\n|-singleturn|p2a: Gliscor|Protect\n|move|p1a: Bellibolt|Parabolic Charge|p2a: Gliscor\n|-activate|p2a: Gliscor|move: Protect\n|-end|p1a: Bellibolt|Charge|[silent]\n|\n|-damage|p2a: Gliscor|26\/100 brn|[from] brn\n|upkeep\n|turn|4\n|inactive|CrystalDragex has 270 seconds left.\n|\n|t:|1699713924\n|switch|p2a: Ninetales|Ninetales-Alola, M|100\/100\n|-weather|Snow|[from] ability: Snow Warning|[of] p2a: Ninetales\n|move|p1a: Bellibolt|Parabolic Charge|p2a: Ninetales\n|-damage|p2a: Ninetales|74\/100\n|-heal|p1a: Bellibolt|69\/100|[from] drain|[of] p2a: Ninetales\n|\n|-weather|Snow|[upkeep]\n|upkeep\n|turn|5\n|inactive|CrystalDragex has 270 seconds left.\n|\n|t:|1699713940\n|move|p2a: Ninetales|Aurora Veil|p2a: Ninetales\n|-sidestart|p2: guzmfran|move: Aurora Veil\n|move|p1a: Bellibolt|Toxic|p2a: Ninetales\n|-status|p2a: Ninetales|tox\n|\n|-weather|Snow|[upkeep]\n|-damage|p2a: Ninetales|68\/100 tox|[from] psn\n|upkeep\n|turn|6\n|inactive|CrystalDragex has 270 seconds left.\n|inactive|guzmfran has 270 seconds left.\n|\n|t:|1699713965\n|move|p2a: Ninetales|Blizzard|p1a: Bellibolt\n|-damage|p1a: Bellibolt|32\/100\n|-start|p1a: Bellibolt|Charge|Blizzard|[from] ability: Electromorphosis\n|move|p1a: Bellibolt|Parabolic Charge|p2a: Ninetales\n|-damage|p2a: Ninetales|43\/100 tox\n|-heal|p1a: Bellibolt|41\/100|[from] drain|[of] p2a: Ninetales\n|-end|p1a: Bellibolt|Charge|[silent]\n|\n|-weather|Snow|[upkeep]\n|-damage|p2a: Ninetales|30\/100 tox|[from] psn\n|upkeep\n|turn|7\n|inactive|guzmfran has 270 seconds left.\n|inactive|CrystalDragex has 270 seconds left.\n|\n|t:|1699713977\n|switch|p2a: Azumarill|Azumarill, F|100\/100\n|move|p1a: Bellibolt|Slack Off|p1a: Bellibolt\n|-heal|p1a: Bellibolt|91\/100\n|\n|-weather|Snow|[upkeep]\n|upkeep\n|turn|8\n|inactive|guzmfran has 270 seconds left.\n|\n|t:|1699713991\n|move|p2a: Azumarill|Belly Drum|p2a: Azumarill\n|-damage|p2a: Azumarill|50\/100\n|-setboost|p2a: Azumarill|atk|6|[from] move: Belly Drum\n|-enditem|p2a: Azumarill|Sitrus Berry|[eat]\n|-heal|p2a: Azumarill|75\/100|[from] item: Sitrus Berry\n|move|p1a: Bellibolt|Parabolic Charge|p2a: Azumarill\n|-supereffective|p2a: Azumarill\n|-damage|p2a: Azumarill|52\/100\n|-heal|p1a: Bellibolt|100\/100|[from] drain|[of] p2a: Azumarill\n|\n|-weather|none\n|upkeep\n|turn|9\n|inactive|guzmfran has 270 seconds left.\n|\n|t:|1699714009\n|move|p2a: Azumarill|Knock Off|p1a: Bellibolt\n|-damage|p1a: Bellibolt|8\/100\n|-start|p1a: Bellibolt|Charge|Knock Off|[from] ability: Electromorphosis\n|-enditem|p1a: Bellibolt|Heavy-Duty Boots|[from] move: Knock Off|[of] p2a: Azumarill\n|move|p1a: Bellibolt|Toxic|p2a: Azumarill\n|-status|p2a: Azumarill|tox\n|\n|-damage|p2a: Azumarill|46\/100 tox|[from] psn\n|upkeep\n|turn|10\n|inactive|CrystalDragex has 270 seconds left.\n|\n|t:|1699714028\n|move|p2a: Azumarill|Aqua Jet|p1a: Bellibolt\n|-damage|p1a: Bellibolt|0 fnt\n|faint|p1a: Bellibolt\n|\n|-damage|p2a: Azumarill|34\/100 tox|[from] psn\n|upkeep\n|inactive|CrystalDragex has 270 seconds left.\n|\n|t:|1699714034\n|switch|p1a: Dragapult|Dragapult, M|100\/100\n|turn|11\n|inactive|guzmfran has 270 seconds left.\n|inactive|CrystalDragex has 270 seconds left.\n|\n|t:|1699714045\n|move|p1a: Dragapult|Sucker Punch|p2a: Azumarill\n|-resisted|p2a: Azumarill\n|-damage|p2a: Azumarill|24\/100 tox\n|move|p2a: Azumarill|Aqua Jet|p1a: Dragapult\n|-resisted|p1a: Dragapult\n|-damage|p1a: Dragapult|32\/100\n|\n|-damage|p2a: Azumarill|5\/100 tox|[from] psn\n|upkeep\n|turn|12\n|inactive|CrystalDragex has 270 seconds left.\n|inactive|guzmfran has 270 seconds left.\n|\n|t:|1699714060\n|switch|p2a: Dragonite|Dragonite, M|100\/100\n|move|p1a: Dragapult|Sucker Punch||[still]\n|-fail|p1a: Dragapult\n|\n|-sideend|p2: guzmfran|move: Aurora Veil\n|upkeep\n|turn|13\n|\n|t:|1699714069\n|move|p1a: Dragapult|Dragon Darts|p2a: Dragonite\n|-supereffective|p2a: Dragonite\n|-damage|p2a: Dragonite|71\/100\n|-enditem|p2a: Dragonite|Weakness Policy\n|-boost|p2a: Dragonite|atk|2|[from] item: Weakness Policy\n|-boost|p2a: Dragonite|spa|2|[from] item: Weakness Policy\n|-anim|p1a: Dragapult|Dragon Darts|p2a: Dragonite\n|-supereffective|p2a: Dragonite\n|-damage|p2a: Dragonite|21\/100\n|move|p2a: Dragonite|Dragon Dance|p2a: Dragonite\n|-boost|p2a: Dragonite|atk|1\n|-boost|p2a: Dragonite|spe|1\n|\n|upkeep\n|turn|14\n|\n|t:|1699714081\n|move|p1a: Dragapult|Sucker Punch||[still]\n|-fail|p1a: Dragapult\n|move|p2a: Dragonite|Roost|p2a: Dragonite\n|-heal|p2a: Dragonite|71\/100\n|-singleturn|p2a: Dragonite|move: Roost\n|\n|upkeep\n|turn|15\n|\n|t:|1699714088\n|move|p2a: Dragonite|Earthquake|p1a: Dragapult\n|-damage|p1a: Dragapult|0 fnt\n|faint|p1a: Dragapult\n|\n|upkeep\n|\n|t:|1699714094\n|switch|p1a: Rotom|Rotom-Wash|100\/100\n|turn|16\n|\n|t:|1699714100\n|move|p2a: Dragonite|Extreme Speed|p1a: Rotom\n|-damage|p1a: Rotom|44\/100\n|move|p1a: Rotom|Will-O-Wisp|p2a: Dragonite\n|-status|p2a: Dragonite|brn\n|\n|-heal|p1a: Rotom|50\/100|[from] item: Leftovers\n|-damage|p2a: Dragonite|65\/100 brn|[from] brn\n|upkeep\n|turn|17\n|\n|t:|1699714114\n|move|p1a: Rotom|Protect|p1a: Rotom\n|-singleturn|p1a: Rotom|Protect\n|move|p2a: Dragonite|Roost|p2a: Dragonite\n|-heal|p2a: Dragonite|100\/100 brn\n|-singleturn|p2a: Dragonite|move: Roost\n|\n|-heal|p1a: Rotom|56\/100|[from] item: Leftovers\n|-damage|p2a: Dragonite|94\/100 brn|[from] brn\n|upkeep\n|turn|18\n|\n|t:|1699714131\n|move|p2a: Dragonite|Dragon Dance|p2a: Dragonite\n|-boost|p2a: Dragonite|atk|1\n|-boost|p2a: Dragonite|spe|1\n|move|p1a: Rotom|Hydro Pump|p2a: Dragonite|[miss]\n|-miss|p1a: Rotom|p2a: Dragonite\n|\n|-heal|p1a: Rotom|62\/100|[from] item: Leftovers\n|-damage|p2a: Dragonite|88\/100 brn|[from] brn\n|upkeep\n|turn|19\n|\n|t:|1699714141\n|switch|p1a: Gholdengo|Gholdengo|100\/100\n|move|p2a: Dragonite|Dragon Dance|p2a: Dragonite\n|-boost|p2a: Dragonite|atk|1\n|-boost|p2a: Dragonite|spe|1\n|\n|-damage|p2a: Dragonite|82\/100 brn|[from] brn\n|upkeep\n|turn|20\n|\n|t:|1699714149\n|move|p2a: Dragonite|Earthquake|p1a: Gholdengo\n|-supereffective|p1a: Gholdengo\n|-damage|p1a: Gholdengo|0 fnt\n|faint|p1a: Gholdengo\n|\n|-damage|p2a: Dragonite|76\/100 brn|[from] brn\n|upkeep\n|\n|t:|1699714152\n|switch|p1a: Rotom|Rotom-Wash|62\/100\n|turn|21\n|\n|t:|1699714162\n|move|p2a: Dragonite|Extreme Speed|p1a: Rotom\n|-damage|p1a: Rotom|22\/100\n|move|p1a: Rotom|Volt Switch|p2a: Dragonite\n|-damage|p2a: Dragonite|47\/100 brn\n|\n|-heal|p1a: Rotom|28\/100|[from] item: Leftovers\n|-damage|p2a: Dragonite|41\/100 brn|[from] brn\n|upkeep\n|turn|22\n|\n|t:|1699714172\n|move|p2a: Dragonite|Extreme Speed|p1a: Rotom\n|-damage|p1a: Rotom|0 fnt\n|faint|p1a: Rotom\n|\n|win|guzmfran\n","uploadtime":1699714178,"views":91,"p1id":"crystaldragex","p2id":"guzmfran","formatid":"gen9ou","rating":0,"private":0,"password":""}