{"id":"gen9ou-1994092018","p1":"gamebooadvanced","p2":"Leckasos","format":"[Gen 9] OU","log":"|j|\u2606gamebooadvanced\n|j|\u2606Leckasos\n|t:|1700405807\n|gametype|singles\n|player|p1|gamebooadvanced|clay|1733\n|player|p2|Leckasos|swimmerf-gen4dp|1688\n|teamsize|p1|6\n|teamsize|p2|6\n|gen|9\n|tier|[Gen 9] OU\n|rated|\n|rule|Sleep Clause Mod: Limit one foe put to sleep\n|rule|Species Clause: Limit one of each Pok\u00e9mon\n|rule|OHKO Clause: OHKO moves are banned\n|rule|Evasion Items Clause: Evasion items are banned\n|rule|Evasion Moves Clause: Evasion moves are banned\n|rule|Endless Battle Clause: Forcing endless battles is banned\n|rule|HP Percentage Mod: HP is shown in percentages\n|clearpoke\n|poke|p1|Ogerpon-Wellspring, F|\n|poke|p1|Great Tusk|\n|poke|p1|Cinderace, F|\n|poke|p1|Dragonite, F|\n|poke|p1|Heatran, F|\n|poke|p1|Clefable, F|\n|poke|p2|Iron Treads|\n|poke|p2|Ceruledge, F|\n|poke|p2|Rillaboom, F|\n|poke|p2|Iron Valiant|\n|poke|p2|Iron Moth|\n|poke|p2|Kingambit, F|\n|teampreview\n|inactive|Battle timer is ON: inactive players will automatically lose when time's up. (requested by Leckasos)\n|j| Light Tbuild\n|\n|t:|1700405827\n|start\n|switch|p1a: Ogerpon|Ogerpon-Wellspring, F|100\/100\n|switch|p2a: Iron Treads|Iron Treads|100\/100\n|-enditem|p2a: Iron Treads|Booster Energy\n|-activate|p2a: Iron Treads|ability: Quark Drive|[fromitem]\n|-start|p2a: Iron Treads|quarkdrivespe\n|turn|1\n|\n|t:|1700405830\n|move|p2a: Iron Treads|Stealth Rock|p1a: Ogerpon\n|-sidestart|p1: gamebooadvanced|move: Stealth Rock\n|move|p1a: Ogerpon|Ivy Cudgel|p2a: Iron Treads|[anim] Ivy Cudgel Water\n|-supereffective|p2a: Iron Treads\n|-damage|p2a: Iron Treads|0 fnt\n|faint|p2a: Iron Treads\n|-end|p2a: Iron Treads|Quark Drive|[silent]\n|\n|upkeep\n|inactive|Leckasos has 120 seconds left.\n|c|\u2606Leckasos|Again you ? We will meat there are 3-4 days\n|\n|t:|1700405866\n|switch|p2a: Rillaboom|Rillaboom, F|100\/100\n|-fieldstart|move: Grassy Terrain|[from] ability: Grassy Surge|[of] p2a: Rillaboom\n|turn|2\n|\n|t:|1700405870\n|move|p1a: Ogerpon|U-turn|p2a: Rillaboom\n|-supereffective|p2a: Rillaboom\n|-damage|p2a: Rillaboom|38\/100\n|\n|t:|1700405881\n|switch|p1a: Dragonite|Dragonite, F|100\/100|[from] U-turn\n|-damage|p1a: Dragonite|76\/100|[from] Stealth Rock\n|move|p2a: Rillaboom|U-turn|p1a: Dragonite\n|-resisted|p1a: Dragonite\n|-damage|p1a: Dragonite|55\/100\n|\n|t:|1700405893\n|switch|p2a: Iron Valiant|Iron Valiant|100\/100|[from] U-turn\n|-enditem|p2a: Iron Valiant|Booster Energy\n|-activate|p2a: Iron Valiant|ability: Quark Drive|[fromitem]\n|-start|p2a: Iron Valiant|quarkdrivespe\n|\n|upkeep\n|turn|3\n|inactive|gamebooadvanced has 120 seconds left.\n|c|\u2606Leckasos|I will use moonblast\n|\n|t:|1700405952\n|switch|p1a: Cinderace|Cinderace, F|100\/100\n|move|p2a: Iron Valiant|Moonblast|p1a: Cinderace\n|-resisted|p1a: Cinderace\n|-crit|p1a: Cinderace\n|-damage|p1a: Cinderace|55\/100\n|\n|-heal|p1a: Cinderace|62\/100|[from] Grassy Terrain\n|upkeep\n|turn|4\n|\n|t:|1700405960\n|move|p2a: Iron Valiant|Close Combat|p1a: Cinderace\n|-damage|p1a: Cinderace|0 fnt\n|-unboost|p2a: Iron Valiant|def|1\n|-unboost|p2a: Iron Valiant|spd|1\n|faint|p1a: Cinderace\n|\n|upkeep\n|inactive|gamebooadvanced has 90 seconds left.\n|\n|t:|1700405998\n|switch|p1a: Clefable|Clefable, F|100\/100\n|turn|5\n|\n|t:|1700406005\n|move|p2a: Iron Valiant|Destiny Bond|p2a: Iron Valiant\n|-singlemove|p2a: Iron Valiant|Destiny Bond\n|move|p1a: Clefable|Moonblast|p2a: Iron Valiant\n|-supereffective|p2a: Iron Valiant\n|-damage|p2a: Iron Valiant|0 fnt\n|faint|p2a: Iron Valiant\n|-activate|p2a: Iron Valiant|move: Destiny Bond\n|-end|p2a: Iron Valiant|Quark Drive|[silent]\n|faint|p1a: Clefable\n|\n|upkeep\n|\n|t:|1700406032\n|switch|p2a: Ceruledge|Ceruledge, F|100\/100\n|switch|p1a: Great Tusk|Great Tusk|100\/100\n|-damage|p1a: Great Tusk|98\/100|[from] Stealth Rock\n|turn|6\n|inactive|gamebooadvanced has 60 seconds left.\n|\n|t:|1700406056\n|move|p1a: Great Tusk|Knock Off|p2a: Ceruledge\n|-supereffective|p2a: Ceruledge\n|-damage|p2a: Ceruledge|3\/100\n|-ability|p2a: Ceruledge|Weak Armor|boost\n|-unboost|p2a: Ceruledge|def|1\n|-boost|p2a: Ceruledge|spe|2\n|-enditem|p2a: Ceruledge|Focus Sash|[from] move: Knock Off|[of] p1a: Great Tusk\n|move|p2a: Ceruledge|Swords Dance|p2a: Ceruledge\n|-boost|p2a: Ceruledge|atk|2\n|\n|-heal|p2a: Ceruledge|9\/100|[from] Grassy Terrain\n|-heal|p1a: Great Tusk|100\/100|[from] Grassy Terrain\n|-fieldend|move: Grassy Terrain\n|upkeep\n|turn|7\n|inactive|gamebooadvanced has 60 seconds left.\n|\n|t:|1700406064\n|move|p2a: Ceruledge|Poltergeist|p1a: Great Tusk|[miss]\n|-miss|p2a: Ceruledge|p1a: Great Tusk\n|move|p1a: Great Tusk|Knock Off|p2a: Ceruledge\n|-supereffective|p2a: Ceruledge\n|-damage|p2a: Ceruledge|0 fnt\n|faint|p2a: Ceruledge\n|\n|upkeep\n|\n|t:|1700406072\n|switch|p2a: Iron Moth|Iron Moth|100\/100\n|-enditem|p2a: Iron Moth|Booster Energy\n|-activate|p2a: Iron Moth|ability: Quark Drive|[fromitem]\n|-start|p2a: Iron Moth|quarkdrivespe\n|turn|8\n|\n|t:|1700406083\n|-end|p1a: Great Tusk|Protosynthesis|[silent]\n|switch|p1a: Heatran|Heatran, F|100\/100\n|-damage|p1a: Heatran|88\/100|[from] Stealth Rock\n|-item|p1a: Heatran|Air Balloon\n|move|p2a: Iron Moth|Psychic|p1a: Heatran\n|-resisted|p1a: Heatran\n|-damage|p1a: Heatran|77\/100\n|-unboost|p1a: Heatran|spd|1\n|-enditem|p1a: Heatran|Air Balloon\n|\n|upkeep\n|turn|9\n|\n|t:|1700406089\n|move|p2a: Iron Moth|Psychic|p1a: Heatran\n|-resisted|p1a: Heatran\n|-damage|p1a: Heatran|61\/100\n|move|p1a: Heatran|Earth Power|p2a: Iron Moth\n|-supereffective|p2a: Iron Moth\n|-damage|p2a: Iron Moth|0 fnt\n|faint|p2a: Iron Moth\n|-end|p2a: Iron Moth|Quark Drive|[silent]\n|\n|upkeep\n|\n|t:|1700406092\n|switch|p2a: Rillaboom|Rillaboom, F|38\/100\n|-fieldstart|move: Grassy Terrain|[from] ability: Grassy Surge|[of] p2a: Rillaboom\n|turn|10\n|j| derl\n|\n|t:|1700406099\n|move|p2a: Rillaboom|Wood Hammer|p1a: Heatran\n|-resisted|p1a: Heatran\n|-damage|p1a: Heatran|38\/100\n|-damage|p2a: Rillaboom|30\/100|[from] Recoil\n|move|p1a: Heatran|Magma Storm|p2a: Rillaboom|[miss]\n|-miss|p1a: Heatran|p2a: Rillaboom\n|\n|-heal|p2a: Rillaboom|36\/100|[from] Grassy Terrain\n|-heal|p1a: Heatran|44\/100|[from] Grassy Terrain\n|upkeep\n|turn|11\n|\n|t:|1700406102\n|move|p2a: Rillaboom|Wood Hammer|p1a: Heatran\n|-resisted|p1a: Heatran\n|-damage|p1a: Heatran|18\/100\n|-damage|p2a: Rillaboom|26\/100|[from] Recoil\n|move|p1a: Heatran|Magma Storm|p2a: Rillaboom\n|-supereffective|p2a: Rillaboom\n|-damage|p2a: Rillaboom|0 fnt\n|faint|p2a: Rillaboom\n|\n|-heal|p1a: Heatran|24\/100|[from] Grassy Terrain\n|upkeep\n|\n|t:|1700406108\n|switch|p2a: Kingambit|Kingambit, F|100\/100\n|-activate|p2a: Kingambit|ability: Supreme Overlord\n|-start|p2a: Kingambit|fallen5|[silent]\n|turn|12\n|\n|t:|1700406122\n|move|p1a: Heatran|Taunt|p2a: Kingambit\n|-start|p2a: Kingambit|move: Taunt\n|move|p2a: Kingambit|Low Kick|p1a: Heatran\n|-supereffective|p1a: Heatran\n|-damage|p1a: Heatran|0 fnt\n|faint|p1a: Heatran\n|\n|upkeep\n|\n|t:|1700406130\n|switch|p1a: Great Tusk|Great Tusk|100\/100\n|-damage|p1a: Great Tusk|98\/100|[from] Stealth Rock\n|turn|13\n|\n|t:|1700406133\n|-terastallize|p2a: Kingambit|Bug\n|move|p1a: Great Tusk|Headlong Rush|p2a: Kingambit\n|-resisted|p2a: Kingambit\n|-damage|p2a: Kingambit|74\/100\n|-unboost|p1a: Great Tusk|def|1\n|-unboost|p1a: Great Tusk|spd|1\n|move|p2a: Kingambit|Iron Head|p1a: Great Tusk\n|-damage|p1a: Great Tusk|26\/100\n|-damage|p2a: Kingambit|57\/100|[from] item: Rocky Helmet|[of] p1a: Great Tusk\n|\n|-heal|p1a: Great Tusk|32\/100|[from] Grassy Terrain\n|-heal|p2a: Kingambit|63\/100|[from] Grassy Terrain\n|upkeep\n|turn|14\n|\n|t:|1700406142\n|move|p2a: Kingambit|Sucker Punch|p1a: Great Tusk\n|-resisted|p1a: Great Tusk\n|-damage|p1a: Great Tusk|0 fnt\n|-damage|p2a: Kingambit|47\/100|[from] item: Rocky Helmet|[of] p1a: Great Tusk\n|faint|p1a: Great Tusk\n|-end|p1a: Great Tusk|Protosynthesis|[silent]\n|\n|-heal|p2a: Kingambit|53\/100|[from] Grassy Terrain\n|-end|p2a: Kingambit|move: Taunt\n|-fieldend|move: Grassy Terrain\n|upkeep\n|\n|t:|1700406147\n|switch|p1a: Dragonite|Dragonite, F|55\/100\n|-damage|p1a: Dragonite|31\/100|[from] Stealth Rock\n|turn|15\n|\n|t:|1700406149\n|-terastallize|p1a: Dragonite|Normal\n|move|p1a: Dragonite|Extreme Speed|p2a: Kingambit\n|-damage|p2a: Kingambit|0 fnt\n|faint|p2a: Kingambit\n|-end|p2a: Kingambit|fallen5|[silent]\n|\n|win|gamebooadvanced\n|raw|gamebooadvanced's rating: 1733 &rarr; <strong>1750<\/strong><br \/>(+17 for winning)\n|raw|Leckasos's rating: 1688 &rarr; <strong>1671<\/strong><br \/>(-17 for losing)\n|l|\u2606Leckasos\n|l|\u2606gamebooadvanced\n|l| derl\n|j|\u2606gamebooadvanced\n|player|p1|gamebooadvanced|clay\n","uploadtime":1700406742,"views":7,"p1id":"gamebooadvanced","p2id":"leckasos","formatid":"gen9ou","rating":1671,"private":0,"password":""}