{"id":"gen9ou-1992222177","p1":"peoapot","p2":"d14m4ncrack","format":"[Gen 9] OU","log":"|j|\u2606peoapot\n|j|\u2606d14m4ncrack\n|t:|1700165182\n|gametype|singles\n|player|p1|peoapot|2|1139\n|player|p2|d14m4ncrack|lucas|1058\n|teamsize|p1|6\n|teamsize|p2|6\n|gen|9\n|tier|[Gen 9] OU\n|rated|\n|rule|Sleep Clause Mod: Limit one foe put to sleep\n|rule|Species Clause: Limit one of each Pok\u00e9mon\n|rule|OHKO Clause: OHKO moves are banned\n|rule|Evasion Items Clause: Evasion items are banned\n|rule|Evasion Moves Clause: Evasion moves are banned\n|rule|Endless Battle Clause: Forcing endless battles is banned\n|rule|HP Percentage Mod: HP is shown in percentages\n|clearpoke\n|poke|p1|Ninetales-Alola, M|\n|poke|p1|Iron Valiant|\n|poke|p1|Toxtricity, F|\n|poke|p1|Landorus-Therian, M|\n|poke|p1|Scizor, F|\n|poke|p1|Iron Treads|\n|poke|p2|Rillaboom, M|\n|poke|p2|Garganacl, M|\n|poke|p2|Dragonite, F|\n|poke|p2|Milotic, M|\n|poke|p2|Lokix, M|\n|poke|p2|Skeledirge, M|\n|teampreview\n|n|\u2606peoapot|peoapot\n|\n|t:|1700165210\n|start\n|switch|p1a: Toxtricity|Toxtricity, F|100\/100\n|switch|p2a: Skeledirge|Skeledirge, M|100\/100\n|turn|1\n|\n|t:|1700165218\n|move|p1a: Toxtricity|Volt Switch|p2a: Skeledirge\n|-damage|p2a: Skeledirge|64\/100\n|\n|t:|1700165222\n|switch|p1a: Landorus|Landorus-Therian, M|100\/100|[from] Volt Switch\n|-ability|p1a: Landorus|Intimidate|boost\n|-unboost|p2a: Skeledirge|atk|1\n|move|p2a: Skeledirge|Torch Song|p1a: Landorus\n|-damage|p1a: Landorus|57\/100\n|-boost|p2a: Skeledirge|spa|1\n|\n|upkeep\n|turn|2\n|\n|t:|1700165229\n|switch|p2a: Dragonite|Dragonite, F|100\/100\n|move|p1a: Landorus|Stone Edge|p2a: Dragonite|[miss]\n|-miss|p1a: Landorus|p2a: Dragonite\n|\n|upkeep\n|turn|3\n|\n|t:|1700165245\n|-terastallize|p2a: Dragonite|Normal\n|move|p2a: Dragonite|Extreme Speed|p1a: Landorus\n|-damage|p1a: Landorus|12\/100\n|move|p1a: Landorus|Stone Edge|p2a: Dragonite\n|-damage|p2a: Dragonite|67\/100\n|\n|upkeep\n|turn|4\n|\n|t:|1700165252\n|move|p2a: Dragonite|Dragon Dance|p2a: Dragonite\n|-boost|p2a: Dragonite|atk|1\n|-boost|p2a: Dragonite|spe|1\n|move|p1a: Landorus|Stone Edge|p2a: Dragonite\n|-damage|p2a: Dragonite|0 fnt\n|faint|p2a: Dragonite\n|\n|upkeep\n|\n|t:|1700165260\n|switch|p2a: Lokix|Lokix, M|100\/100\n|turn|5\n|\n|t:|1700165274\n|switch|p1a: Ninetales|Ninetales-Alola, M|100\/100\n|-weather|Snow|[from] ability: Snow Warning|[of] p1a: Ninetales\n|move|p2a: Lokix|First Impression|p1a: Ninetales\n|-resisted|p1a: Ninetales\n|-damage|p1a: Ninetales|64\/100\n|\n|-weather|Snow|[upkeep]\n|upkeep\n|turn|6\n|\n|t:|1700165278\n|move|p1a: Ninetales|Aurora Veil|p1a: Ninetales\n|-sidestart|p1: peoapot|move: Aurora Veil\n|move|p2a: Lokix|U-turn|p1a: Ninetales\n|-resisted|p1a: Ninetales\n|-damage|p1a: Ninetales|50\/100\n|\n|t:|1700165286\n|switch|p2a: Skeledirge|Skeledirge, M|64\/100|[from] U-turn\n|\n|-weather|Snow|[upkeep]\n|upkeep\n|turn|7\n|\n|t:|1700165291\n|switch|p1a: Iron Valiant|Iron Valiant|100\/100\n|-enditem|p1a: Iron Valiant|Booster Energy\n|-activate|p1a: Iron Valiant|ability: Quark Drive|[fromitem]\n|-start|p1a: Iron Valiant|quarkdrivespe\n|move|p2a: Skeledirge|Torch Song|p1a: Iron Valiant\n|-damage|p1a: Iron Valiant|64\/100\n|-boost|p2a: Skeledirge|spa|1\n|\n|-weather|Snow|[upkeep]\n|upkeep\n|turn|8\n|\n|t:|1700165300\n|-terastallize|p1a: Iron Valiant|Ground\n|move|p1a: Iron Valiant|Tera Blast|p2a: Skeledirge|[anim] Tera Blast Ground\n|-supereffective|p2a: Skeledirge\n|-damage|p2a: Skeledirge|0 fnt\n|faint|p2a: Skeledirge\n|\n|-weather|Snow|[upkeep]\n|upkeep\n|\n|t:|1700165306\n|switch|p2a: Rillaboom|Rillaboom, M|100\/100\n|-fieldstart|move: Grassy Terrain|[from] ability: Grassy Surge|[of] p2a: Rillaboom\n|turn|9\n|\n|t:|1700165324\n|-end|p1a: Iron Valiant|Quark Drive|[silent]\n|switch|p1a: Scizor|Scizor, F|100\/100\n|move|p2a: Rillaboom|Fake Out|p1a: Scizor\n|-resisted|p1a: Scizor\n|-damage|p1a: Scizor|97\/100\n|\n|-weather|none\n|-heal|p1a: Scizor|100\/100|[from] Grassy Terrain\n|upkeep\n|turn|10\n|\n|t:|1700165333\n|switch|p2a: Milotic|Milotic, M|100\/100\n|move|p1a: Scizor|U-turn|p2a: Milotic\n|-damage|p2a: Milotic|64\/100\n|\n|t:|1700165338\n|switch|p1a: Toxtricity|Toxtricity, F|100\/100|[from] U-turn\n|\n|-heal|p2a: Milotic|70\/100|[from] Grassy Terrain\n|-status|p2a: Milotic|brn|[from] item: Flame Orb\n|upkeep\n|turn|11\n|\n|t:|1700165343\n|switch|p2a: Garganacl|Garganacl, M|100\/100\n|move|p1a: Toxtricity|Volt Switch|p2a: Garganacl\n|-damage|p2a: Garganacl|69\/100\n|\n|t:|1700165346\n|switch|p1a: Landorus|Landorus-Therian, M|12\/100|[from] Volt Switch\n|-ability|p1a: Landorus|Intimidate|boost\n|-unboost|p2a: Garganacl|atk|1\n|\n|-heal|p2a: Garganacl|75\/100|[from] Grassy Terrain\n|-heal|p2a: Garganacl|81\/100|[from] item: Leftovers\n|upkeep\n|turn|12\n|\n|t:|1700165352\n|move|p1a: Landorus|U-turn|p2a: Garganacl\n|-damage|p2a: Garganacl|54\/100\n|\n|t:|1700165357\n|switch|p1a: Iron Valiant|Iron Valiant, tera:Ground|64\/100|[from] U-turn\n|move|p2a: Garganacl|Salt Cure|p1a: Iron Valiant\n|-resisted|p1a: Iron Valiant\n|-damage|p1a: Iron Valiant|61\/100\n|-start|p1a: Iron Valiant|Salt Cure\n|\n|-heal|p1a: Iron Valiant|67\/100|[from] Grassy Terrain\n|-heal|p2a: Garganacl|60\/100|[from] Grassy Terrain\n|-heal|p2a: Garganacl|67\/100|[from] item: Leftovers\n|-damage|p1a: Iron Valiant|55\/100|[from] Salt Cure\n|upkeep\n|turn|13\n|\n|t:|1700165360\n|move|p2a: Garganacl|Protect|p2a: Garganacl\n|-singleturn|p2a: Garganacl|Protect\n|move|p1a: Iron Valiant|Aura Sphere|p2a: Garganacl\n|-activate|p2a: Garganacl|move: Protect\n|\n|-heal|p1a: Iron Valiant|61\/100|[from] Grassy Terrain\n|-heal|p2a: Garganacl|73\/100|[from] Grassy Terrain\n|-heal|p2a: Garganacl|79\/100|[from] item: Leftovers\n|-damage|p1a: Iron Valiant|49\/100|[from] Salt Cure\n|-sideend|p1: peoapot|move: Aurora Veil\n|-fieldend|move: Grassy Terrain\n|upkeep\n|turn|14\n|\n|t:|1700165371\n|switch|p2a: Milotic|Milotic, M|70\/100 brn\n|move|p1a: Iron Valiant|Aura Sphere|p2a: Milotic\n|-damage|p2a: Milotic|46\/100 brn\n|\n|-damage|p2a: Milotic|40\/100 brn|[from] brn\n|-damage|p1a: Iron Valiant|36\/100|[from] Salt Cure\n|upkeep\n|turn|15\n|\n|t:|1700165376\n|-end|p1a: Iron Valiant|Quark Drive|[silent]\n|switch|p1a: Toxtricity|Toxtricity, F|100\/100\n|move|p2a: Milotic|Recover|p2a: Milotic\n|-heal|p2a: Milotic|90\/100 brn\n|\n|-damage|p2a: Milotic|83\/100 brn|[from] brn\n|upkeep\n|turn|16\n|\n|t:|1700165389\n|switch|p2a: Rillaboom|Rillaboom, M|100\/100\n|-fieldstart|move: Grassy Terrain|[from] ability: Grassy Surge|[of] p2a: Rillaboom\n|move|p1a: Toxtricity|Overdrive|p2a: Rillaboom\n|-resisted|p2a: Rillaboom\n|-damage|p2a: Rillaboom|79\/100\n|\n|-heal|p2a: Rillaboom|85\/100|[from] Grassy Terrain\n|upkeep\n|turn|17\n|\n|t:|1700165400\n|switch|p1a: Scizor|Scizor, F|100\/100\n|move|p2a: Rillaboom|U-turn|p1a: Scizor\n|-resisted|p1a: Scizor\n|-damage|p1a: Scizor|88\/100\n|\n|t:|1700165406\n|switch|p2a: Lokix|Lokix, M|100\/100|[from] U-turn\n|\n|-heal|p1a: Scizor|94\/100|[from] Grassy Terrain\n|upkeep\n|turn|18\n|\n|t:|1700165410\n|move|p2a: Lokix|First Impression|p1a: Scizor\n|-resisted|p1a: Scizor\n|-damage|p1a: Scizor|52\/100\n|move|p1a: Scizor|U-turn|p2a: Lokix\n|-supereffective|p2a: Lokix\n|-damage|p2a: Lokix|0 fnt\n|faint|p2a: Lokix\n|\n|t:|1700165421\n|switch|p1a: Iron Treads|Iron Treads|100\/100|[from] U-turn\n|-enditem|p1a: Iron Treads|Booster Energy\n|-activate|p1a: Iron Treads|ability: Quark Drive|[fromitem]\n|-start|p1a: Iron Treads|quarkdriveatk\n|\n|upkeep\n|\n|t:|1700165426\n|switch|p2a: Milotic|Milotic, M|83\/100 brn\n|turn|19\n|\n|t:|1700165431\n|-end|p1a: Iron Treads|Quark Drive|[silent]\n|switch|p1a: Toxtricity|Toxtricity, F|100\/100\n|move|p2a: Milotic|Scald|p1a: Toxtricity\n|-damage|p1a: Toxtricity|54\/100\n|\n|-heal|p1a: Toxtricity|60\/100|[from] Grassy Terrain\n|-heal|p2a: Milotic|90\/100 brn|[from] Grassy Terrain\n|-damage|p2a: Milotic|83\/100 brn|[from] brn\n|upkeep\n|turn|20\n|\n|t:|1700165438\n|move|p1a: Toxtricity|Sludge Bomb|p2a: Milotic\n|-damage|p2a: Milotic|58\/100 brn\n|move|p2a: Milotic|Scald|p1a: Toxtricity\n|-damage|p1a: Toxtricity|19\/100\n|\n|-heal|p1a: Toxtricity|25\/100|[from] Grassy Terrain\n|-heal|p2a: Milotic|64\/100 brn|[from] Grassy Terrain\n|-damage|p2a: Milotic|58\/100 brn|[from] brn\n|-fieldend|move: Grassy Terrain\n|upkeep\n|turn|21\n|\n|t:|1700165448\n|switch|p1a: Scizor|Scizor, F|52\/100\n|switch|p2a: Rillaboom|Rillaboom, M|85\/100\n|-fieldstart|move: Grassy Terrain|[from] ability: Grassy Surge|[of] p2a: Rillaboom\n|\n|-heal|p2a: Rillaboom|91\/100|[from] Grassy Terrain\n|-heal|p1a: Scizor|58\/100|[from] Grassy Terrain\n|upkeep\n|turn|22\n|\n|t:|1700165454\n|move|p2a: Rillaboom|Fake Out|p1a: Scizor\n|-resisted|p1a: Scizor\n|-damage|p1a: Scizor|51\/100\n|cant|p1a: Scizor|flinch\n|\n|-heal|p2a: Rillaboom|98\/100|[from] Grassy Terrain\n|-heal|p1a: Scizor|57\/100|[from] Grassy Terrain\n|upkeep\n|turn|23\n|\n|t:|1700165462\n|move|p2a: Rillaboom|U-turn|p1a: Scizor\n|-resisted|p1a: Scizor\n|-damage|p1a: Scizor|44\/100\n|\n|t:|1700165465\n|switch|p2a: Garganacl|Garganacl, M|79\/100|[from] U-turn\n|move|p1a: Scizor|Swords Dance|p1a: Scizor\n|-boost|p1a: Scizor|atk|2\n|\n|-heal|p1a: Scizor|50\/100|[from] Grassy Terrain\n|-heal|p2a: Garganacl|85\/100|[from] Grassy Terrain\n|-heal|p2a: Garganacl|91\/100|[from] item: Leftovers\n|upkeep\n|turn|24\n|\n|t:|1700165470\n|move|p1a: Scizor|Bullet Punch|p2a: Garganacl\n|-supereffective|p2a: Garganacl\n|-damage|p2a: Garganacl|2\/100\n|move|p2a: Garganacl|Salt Cure|p1a: Scizor\n|-damage|p1a: Scizor|35\/100\n|-start|p1a: Scizor|Salt Cure\n|\n|-heal|p1a: Scizor|41\/100|[from] Grassy Terrain\n|-heal|p2a: Garganacl|9\/100|[from] Grassy Terrain\n|-heal|p2a: Garganacl|15\/100|[from] item: Leftovers\n|-damage|p1a: Scizor|16\/100|[from] Salt Cure\n|upkeep\n|turn|25\n|\n|t:|1700165476\n|move|p2a: Garganacl|Protect|p2a: Garganacl\n|-singleturn|p2a: Garganacl|Protect\n|move|p1a: Scizor|Swords Dance|p1a: Scizor\n|-boost|p1a: Scizor|atk|2\n|\n|-heal|p1a: Scizor|22\/100|[from] Grassy Terrain\n|-heal|p2a: Garganacl|21\/100|[from] Grassy Terrain\n|-heal|p2a: Garganacl|27\/100|[from] item: Leftovers\n|-damage|p1a: Scizor|0 fnt|[from] Salt Cure\n|faint|p1a: Scizor\n|-fieldend|move: Grassy Terrain\n|upkeep\n|\n|t:|1700165485\n|switch|p1a: Landorus|Landorus-Therian, M|12\/100\n|-ability|p1a: Landorus|Intimidate|boost\n|-unboost|p2a: Garganacl|atk|1\n|turn|26\n|\n|t:|1700165489\n|move|p1a: Landorus|U-turn|p2a: Garganacl\n|-damage|p2a: Garganacl|2\/100\n|\n|t:|1700165494\n|switch|p1a: Iron Treads|Iron Treads|100\/100|[from] U-turn\n|move|p2a: Garganacl|Recover|p2a: Garganacl\n|-heal|p2a: Garganacl|52\/100\n|\n|-heal|p2a: Garganacl|58\/100|[from] item: Leftovers\n|upkeep\n|turn|27\n|\n|t:|1700165499\n|switch|p2a: Rillaboom|Rillaboom, M|98\/100\n|-fieldstart|move: Grassy Terrain|[from] ability: Grassy Surge|[of] p2a: Rillaboom\n|move|p1a: Iron Treads|Earthquake|p2a: Rillaboom\n|-resisted|p2a: Rillaboom\n|-crit|p2a: Rillaboom\n|-damage|p2a: Rillaboom|79\/100\n|\n|-heal|p2a: Rillaboom|85\/100|[from] Grassy Terrain\n|upkeep\n|turn|28\n|\n|t:|1700165509\n|move|p1a: Iron Treads|Ice Spinner|p2a: Rillaboom\n|-supereffective|p2a: Rillaboom\n|-damage|p2a: Rillaboom|37\/100\n|-fieldend|move: Grassy Terrain\n|move|p2a: Rillaboom|Knock Off|p1a: Iron Treads\n|-damage|p1a: Iron Treads|79\/100\n|\n|upkeep\n|turn|29\n|\n|t:|1700165516\n|switch|p2a: Milotic|Milotic, M|58\/100 brn\n|move|p1a: Iron Treads|Ice Spinner|p2a: Milotic\n|-resisted|p2a: Milotic\n|-damage|p2a: Milotic|50\/100 brn\n|\n|-damage|p2a: Milotic|44\/100 brn|[from] brn\n|upkeep\n|turn|30\n|\n|t:|1700165520\n|move|p1a: Iron Treads|Earthquake|p2a: Milotic\n|-damage|p2a: Milotic|11\/100 brn\n|move|p2a: Milotic|Recover|p2a: Milotic\n|-heal|p2a: Milotic|61\/100 brn\n|\n|-damage|p2a: Milotic|55\/100 brn|[from] brn\n|upkeep\n|turn|31\n|\n|t:|1700165524\n|move|p1a: Iron Treads|Earthquake|p2a: Milotic\n|-damage|p2a: Milotic|26\/100 brn\n|move|p2a: Milotic|Recover|p2a: Milotic\n|-heal|p2a: Milotic|76\/100 brn\n|\n|-damage|p2a: Milotic|70\/100 brn|[from] brn\n|upkeep\n|turn|32\n|\n|t:|1700165527\n|-end|p1a: Iron Treads|Quark Drive|[silent]\n|switch|p1a: Ninetales|Ninetales-Alola, M|50\/100\n|-weather|Snow|[from] ability: Snow Warning|[of] p1a: Ninetales\n|move|p2a: Milotic|Scald|p1a: Ninetales\n|-damage|p1a: Ninetales|20\/100\n|\n|-weather|Snow|[upkeep]\n|-damage|p2a: Milotic|64\/100 brn|[from] brn\n|upkeep\n|turn|33\n|\n|t:|1700165531\n|move|p1a: Ninetales|Aurora Veil|p1a: Ninetales\n|-sidestart|p1: peoapot|move: Aurora Veil\n|move|p2a: Milotic|Recover|p2a: Milotic\n|-heal|p2a: Milotic|100\/100 brn\n|\n|-weather|Snow|[upkeep]\n|-damage|p2a: Milotic|94\/100 brn|[from] brn\n|upkeep\n|turn|34\n|\n|t:|1700165533\n|move|p1a: Ninetales|Freeze-Dry|p2a: Milotic\n|-supereffective|p2a: Milotic\n|-damage|p2a: Milotic|70\/100 brn\n|move|p2a: Milotic|Confuse Ray|p1a: Ninetales\n|-start|p1a: Ninetales|confusion\n|\n|-weather|Snow|[upkeep]\n|-damage|p2a: Milotic|63\/100 brn|[from] brn\n|upkeep\n|turn|35\n|\n|t:|1700165542\n|-activate|p1a: Ninetales|confusion\n|-damage|p1a: Ninetales|14\/100|[from] confusion\n|move|p2a: Milotic|Scald|p1a: Ninetales\n|-damage|p1a: Ninetales|0 fnt\n|faint|p1a: Ninetales\n|\n|-weather|Snow|[upkeep]\n|-damage|p2a: Milotic|57\/100 brn|[from] brn\n|upkeep\n|\n|t:|1700165544\n|switch|p1a: Toxtricity|Toxtricity, F|25\/100\n|turn|36\n|\n|t:|1700165554\n|switch|p2a: Garganacl|Garganacl, M|58\/100\n|move|p1a: Toxtricity|Overdrive|p2a: Garganacl\n|-damage|p2a: Garganacl|11\/100\n|\n|-weather|none\n|-heal|p2a: Garganacl|18\/100|[from] item: Leftovers\n|upkeep\n|turn|37\n|\n|t:|1700165558\n|move|p2a: Garganacl|Protect|p2a: Garganacl\n|-singleturn|p2a: Garganacl|Protect\n|move|p1a: Toxtricity|Overdrive|p2a: Garganacl\n|-activate|p2a: Garganacl|move: Protect\n|\n|-heal|p2a: Garganacl|24\/100|[from] item: Leftovers\n|upkeep\n|turn|38\n|\n|t:|1700165562\n|move|p1a: Toxtricity|Overdrive|p2a: Garganacl\n|-damage|p2a: Garganacl|0 fnt\n|faint|p2a: Garganacl\n|\n|upkeep\n|\n|t:|1700165565\n|switch|p2a: Rillaboom|Rillaboom, M|37\/100\n|-fieldstart|move: Grassy Terrain|[from] ability: Grassy Surge|[of] p2a: Rillaboom\n|turn|39\n|\n|t:|1700165573\n|switch|p1a: Landorus|Landorus-Therian, M|12\/100\n|-ability|p1a: Landorus|Intimidate|boost\n|-unboost|p2a: Rillaboom|atk|1\n|move|p2a: Rillaboom|Grassy Glide|p1a: Landorus\n|-damage|p1a: Landorus|0 fnt\n|faint|p1a: Landorus\n|\n|-heal|p2a: Rillaboom|43\/100|[from] Grassy Terrain\n|upkeep\n|\n|t:|1700165575\n|switch|p1a: Iron Treads|Iron Treads|79\/100\n|turn|40\n|\n|t:|1700165586\n|-end|p1a: Iron Treads|Quark Drive|[silent]\n|switch|p1a: Iron Valiant|Iron Valiant, tera:Ground|36\/100\n|move|p2a: Rillaboom|U-turn|p1a: Iron Valiant\n|-damage|p1a: Iron Valiant|25\/100\n|\n|t:|1700165589\n|switch|p2a: Milotic|Milotic, M|57\/100 brn|[from] U-turn\n|\n|-heal|p1a: Iron Valiant|31\/100|[from] Grassy Terrain\n|-heal|p2a: Milotic|63\/100 brn|[from] Grassy Terrain\n|-damage|p2a: Milotic|57\/100 brn|[from] brn\n|-sideend|p1: peoapot|move: Aurora Veil\n|upkeep\n|turn|41\n|\n|t:|1700165595\n|move|p1a: Iron Valiant|Moonblast|p2a: Milotic\n|-damage|p2a: Milotic|31\/100 brn\n|move|p2a: Milotic|Recover|p2a: Milotic\n|-heal|p2a: Milotic|81\/100 brn\n|\n|-heal|p1a: Iron Valiant|37\/100|[from] Grassy Terrain\n|-heal|p2a: Milotic|88\/100 brn|[from] Grassy Terrain\n|-damage|p2a: Milotic|81\/100 brn|[from] brn\n|upkeep\n|turn|42\n|\n|t:|1700165599\n|move|p1a: Iron Valiant|Moonblast|p2a: Milotic\n|-damage|p2a: Milotic|54\/100 brn\n|move|p2a: Milotic|Scald|p1a: Iron Valiant\n|-supereffective|p1a: Iron Valiant\n|-damage|p1a: Iron Valiant|0 fnt\n|faint|p1a: Iron Valiant\n|-end|p1a: Iron Valiant|Quark Drive|[silent]\n|\n|-heal|p2a: Milotic|60\/100 brn|[from] Grassy Terrain\n|-damage|p2a: Milotic|54\/100 brn|[from] brn\n|upkeep\n|\n|t:|1700165602\n|switch|p1a: Toxtricity|Toxtricity, F|25\/100\n|turn|43\n|\n|t:|1700165611\n|move|p1a: Toxtricity|Volt Switch|p2a: Milotic\n|-supereffective|p2a: Milotic\n|-damage|p2a: Milotic|12\/100 brn\n|\n|t:|1700165613\n|switch|p1a: Iron Treads|Iron Treads|79\/100|[from] Volt Switch\n|move|p2a: Milotic|Scald|p1a: Iron Treads\n|-supereffective|p1a: Iron Treads\n|-damage|p1a: Iron Treads|0 fnt\n|faint|p1a: Iron Treads\n|-end|p1a: Iron Treads|Quark Drive|[silent]\n|\n|-heal|p2a: Milotic|19\/100 brn|[from] Grassy Terrain\n|-damage|p2a: Milotic|12\/100 brn|[from] brn\n|-fieldend|move: Grassy Terrain\n|upkeep\n|\n|t:|1700165615\n|switch|p1a: Toxtricity|Toxtricity, F|25\/100\n|turn|44\n|\n|t:|1700165619\n|move|p1a: Toxtricity|Boomburst|p2a: Milotic\n|-damage|p2a: Milotic|0 fnt\n|faint|p2a: Milotic\n|\n|upkeep\n|\n|t:|1700165621\n|switch|p2a: Rillaboom|Rillaboom, M|43\/100\n|-fieldstart|move: Grassy Terrain|[from] ability: Grassy Surge|[of] p2a: Rillaboom\n|turn|45\n|\n|t:|1700165623\n|move|p2a: Rillaboom|Fake Out|p1a: Toxtricity\n|-damage|p1a: Toxtricity|3\/100\n|cant|p1a: Toxtricity|flinch\n|\n|-heal|p1a: Toxtricity|9\/100|[from] Grassy Terrain\n|-heal|p2a: Rillaboom|49\/100|[from] Grassy Terrain\n|upkeep\n|turn|46\n|\n|t:|1700165626\n|move|p2a: Rillaboom|Grassy Glide|p1a: Toxtricity\n|-resisted|p1a: Toxtricity\n|-crit|p1a: Toxtricity\n|-damage|p1a: Toxtricity|0 fnt\n|faint|p1a: Toxtricity\n|\n|win|d14m4ncrack\n|raw|peoapot's rating: 1139 &rarr; <strong>1108<\/strong><br \/>(-31 for losing)\n|raw|d14m4ncrack's rating: 1058 &rarr; <strong>1096<\/strong><br \/>(+38 for winning)\n|c|\u2606d14m4ncrack|This was a cool battle\n|l|\u2606peoapot\n","uploadtime":1700165651,"views":23,"p1id":"peoapot","p2id":"d14m4ncrack","formatid":"gen9ou","rating":1096,"private":0,"password":""}