{"id":"gen9ou-1995252740","p1":"LONGDIBRO","p2":"Navla-ai-666","format":"[Gen 9] OU","log":"|t:|1700541581\n|gametype|singles\n|player|p1|LONGDIBRO|265|1215\n|player|p2|Navla-ai-666|caitlin|1132\n|teamsize|p1|6\n|teamsize|p2|6\n|gen|9\n|tier|[Gen 9] OU\n|rated|\n|rule|Sleep Clause Mod: Limit one foe put to sleep\n|rule|Species Clause: Limit one of each Pok\u00e9mon\n|rule|OHKO Clause: OHKO moves are banned\n|rule|Evasion Items Clause: Evasion items are banned\n|rule|Evasion Moves Clause: Evasion moves are banned\n|rule|Endless Battle Clause: Forcing endless battles is banned\n|rule|HP Percentage Mod: HP is shown in percentages\n|clearpoke\n|poke|p1|Ting-Lu|\n|poke|p1|Iron Moth|\n|poke|p1|Great Tusk|\n|poke|p1|Slowbro, F|\n|poke|p1|Zapdos|\n|poke|p1|Goodra-Hisui, F|\n|poke|p2|Maushold-Four|\n|poke|p2|Garganacl, M|\n|poke|p2|Dragapult, M|\n|poke|p2|Great Tusk|\n|poke|p2|Kingambit, M|\n|poke|p2|Ceruledge, F|\n|teampreview\n|\n|t:|1700541581\n|start\n|switch|p1a: Iron Moth|Iron Moth|100\/100\n|switch|p2a: Dragapult|Dragapult, M|100\/100\n|turn|1\n|\n|t:|1700541581\n|-terastallize|p1a: Iron Moth|Grass\n|move|p2a: Dragapult|Draco Meteor|p1a: Iron Moth\n|-damage|p1a: Iron Moth|41\/100\n|-unboost|p2a: Dragapult|spa|2\n|move|p1a: Iron Moth|Fiery Dance|p2a: Dragapult\n|-resisted|p2a: Dragapult\n|-damage|p2a: Dragapult|65\/100\n|-boost|p1a: Iron Moth|spa|1\n|-damage|p1a: Iron Moth|31\/100|[from] item: Life Orb\n|\n|-heal|p2a: Dragapult|71\/100|[from] item: Leftovers\n|upkeep\n|turn|2\n|\n|t:|1700541581\n|-end|p1a: Iron Moth|Quark Drive|[silent]\n|switch|p1a: Goodra|Goodra-Hisui, F|100\/100\n|move|p2a: Dragapult|Draco Meteor|p1a: Goodra\n|-damage|p1a: Goodra|88\/100\n|-unboost|p2a: Dragapult|spa|2\n|\n|-heal|p2a: Dragapult|77\/100|[from] item: Leftovers\n|upkeep\n|turn|3\n|\n|t:|1700541581\n|move|p2a: Dragapult|U-turn|p1a: Goodra\n|-resisted|p1a: Goodra\n|-damage|p1a: Goodra|81\/100\n|\n|t:|1700541581\n|switch|p2a: Garganacl|Garganacl, M|100\/100|[from] U-turn\n|move|p1a: Goodra|Ice Beam|p2a: Garganacl\n|-damage|p2a: Garganacl|81\/100\n|\n|-heal|p2a: Garganacl|87\/100|[from] item: Leftovers\n|upkeep\n|turn|4\n|\n|t:|1700541581\n|switch|p1a: Ting-Lu|Ting-Lu|100\/100\n|-ability|p1a: Ting-Lu|Vessel of Ruin\n|move|p2a: Garganacl|Salt Cure|p1a: Ting-Lu\n|-resisted|p1a: Ting-Lu\n|-damage|p1a: Ting-Lu|96\/100\n|-start|p1a: Ting-Lu|Salt Cure\n|\n|-heal|p1a: Ting-Lu|100\/100|[from] item: Leftovers\n|-heal|p2a: Garganacl|93\/100|[from] item: Leftovers\n|-damage|p1a: Ting-Lu|88\/100|[from] Salt Cure\n|upkeep\n|turn|5\n|\n|t:|1700541581\n|switch|p2a: Maushold|Maushold-Four|100\/100\n|move|p1a: Ting-Lu|Stealth Rock|p2a: Maushold\n|-sidestart|p2: Navla-ai-666|move: Stealth Rock\n|\n|-heal|p1a: Ting-Lu|94\/100|[from] item: Leftovers\n|-damage|p1a: Ting-Lu|82\/100|[from] Salt Cure\n|upkeep\n|turn|6\n|\n|t:|1700541581\n|switch|p1a: Iron Moth|Iron Moth, tera:Grass|31\/100\n|move|p2a: Maushold|Encore||[still]\n|-fail|p2a: Maushold\n|\n|upkeep\n|turn|7\n|\n|t:|1700541581\n|move|p2a: Maushold|Population Bomb|p1a: Iron Moth\n|-damage|p1a: Iron Moth|15\/100\n|-damage|p1a: Iron Moth|0 fnt\n|faint|p1a: Iron Moth\n|-end|p1a: Iron Moth|Quark Drive|[silent]\n|-hitcount|p1: Iron Moth|2\n|\n|upkeep\n|\n|t:|1700541581\n|switch|p1a: Great Tusk|Great Tusk|100\/100\n|turn|8\n|\n|t:|1700541581\n|-end|p1a: Great Tusk|Protosynthesis|[silent]\n|switch|p1a: Slowbro|Slowbro, F|100\/100\n|move|p2a: Maushold|Tidy Up|p2a: Maushold\n|-sideend|p2: Navla-ai-666|Stealth Rock\n|-activate|p2a: Maushold|move: Tidy Up\n|-boost|p2a: Maushold|atk|1\n|-boost|p2a: Maushold|spe|1\n|\n|upkeep\n|turn|9\n|\n|t:|1700541581\n|move|p2a: Maushold|Bite|p1a: Slowbro\n|-supereffective|p1a: Slowbro\n|-damage|p1a: Slowbro|63\/100\n|-damage|p2a: Maushold|84\/100|[from] item: Rocky Helmet|[of] p1a: Slowbro\n|move|p1a: Slowbro|Future Sight|p2a: Maushold\n|-start|p1a: Slowbro|move: Future Sight\n|\n|upkeep\n|turn|10\n|\n|t:|1700541581\n|switch|p1a: Great Tusk|Great Tusk|100\/100\n|move|p2a: Maushold|Bite|p1a: Great Tusk\n|-resisted|p1a: Great Tusk\n|-damage|p1a: Great Tusk|90\/100\n|\n|-heal|p1a: Great Tusk|96\/100|[from] item: Leftovers\n|upkeep\n|turn|11\n|\n|t:|1700541581\n|switch|p2a: Dragapult|Dragapult, M|77\/100\n|move|p1a: Great Tusk|Bulk Up|p1a: Great Tusk\n|-boost|p1a: Great Tusk|atk|1\n|-boost|p1a: Great Tusk|def|1\n|\n|-end|p2a: Dragapult|move: Future Sight\n|-damage|p2a: Dragapult|23\/100\n|-heal|p2a: Dragapult|29\/100|[from] item: Leftovers\n|-heal|p1a: Great Tusk|100\/100|[from] item: Leftovers\n|upkeep\n|turn|12\n|\n|t:|1700541581\n|move|p2a: Dragapult|Will-O-Wisp|p1a: Great Tusk\n|-status|p1a: Great Tusk|brn\n|move|p1a: Great Tusk|Ice Spinner|p2a: Dragapult\n|-supereffective|p2a: Dragapult\n|-damage|p2a: Dragapult|0 fnt\n|faint|p2a: Dragapult\n|\n|-damage|p1a: Great Tusk|94\/100 brn|[from] brn\n|upkeep\n|\n|t:|1700541581\n|switch|p2a: Garganacl|Garganacl, M|93\/100\n|turn|13\n|\n|t:|1700541581\n|-end|p1a: Great Tusk|Protosynthesis|[silent]\n|switch|p1a: Slowbro|Slowbro, F|97\/100\n|move|p2a: Garganacl|Salt Cure|p1a: Slowbro\n|-damage|p1a: Slowbro|89\/100\n|-start|p1a: Slowbro|Salt Cure\n|\n|-heal|p2a: Garganacl|99\/100|[from] item: Leftovers\n|-damage|p1a: Slowbro|64\/100|[from] Salt Cure\n|upkeep\n|turn|14\n|\n|t:|1700541581\n|move|p2a: Garganacl|Protect|p2a: Garganacl\n|-singleturn|p2a: Garganacl|Protect\n|move|p1a: Slowbro|Future Sight|p2a: Garganacl\n|-start|p1a: Slowbro|move: Future Sight\n|\n|-heal|p2a: Garganacl|100\/100|[from] item: Leftovers\n|-damage|p1a: Slowbro|39\/100|[from] Salt Cure\n|upkeep\n|turn|15\n|\n|t:|1700541581\n|switch|p1a: Ting-Lu|Ting-Lu|82\/100\n|-ability|p1a: Ting-Lu|Vessel of Ruin\n|move|p2a: Garganacl|Salt Cure|p1a: Ting-Lu\n|-resisted|p1a: Ting-Lu\n|-damage|p1a: Ting-Lu|78\/100\n|-start|p1a: Ting-Lu|Salt Cure\n|\n|-heal|p1a: Ting-Lu|84\/100|[from] item: Leftovers\n|-damage|p1a: Ting-Lu|72\/100|[from] Salt Cure\n|upkeep\n|turn|16\n|\n|t:|1700541581\n|move|p1a: Ting-Lu|Stealth Rock|p2a: Garganacl\n|-sidestart|p2: Navla-ai-666|move: Stealth Rock\n|move|p2a: Garganacl|Brick Break|p1a: Ting-Lu\n|-supereffective|p1a: Ting-Lu\n|-damage|p1a: Ting-Lu|51\/100\n|\n|-end|p2a: Garganacl|move: Future Sight\n|-crit|p2a: Garganacl\n|-damage|p2a: Garganacl|69\/100\n|-heal|p1a: Ting-Lu|58\/100|[from] item: Leftovers\n|-heal|p2a: Garganacl|75\/100|[from] item: Leftovers\n|-damage|p1a: Ting-Lu|45\/100|[from] Salt Cure\n|upkeep\n|turn|17\n|\n|t:|1700541581\n|switch|p1a: Zapdos|Zapdos|100\/100\n|move|p2a: Garganacl|Brick Break|p1a: Zapdos\n|-resisted|p1a: Zapdos\n|-damage|p1a: Zapdos|94\/100\n|\n|-heal|p2a: Garganacl|81\/100|[from] item: Leftovers\n|upkeep\n|turn|18\n|\n|t:|1700541581\n|move|p1a: Zapdos|Hurricane|p2a: Garganacl\n|-resisted|p2a: Garganacl\n|-damage|p2a: Garganacl|65\/100\n|move|p2a: Garganacl|Salt Cure|p1a: Zapdos\n|-supereffective|p1a: Zapdos\n|-damage|p1a: Zapdos|75\/100\n|-start|p1a: Zapdos|Salt Cure\n|\n|-heal|p2a: Garganacl|71\/100|[from] item: Leftovers\n|-damage|p1a: Zapdos|63\/100|[from] Salt Cure\n|upkeep\n|turn|19\n|\n|t:|1700541581\n|switch|p1a: Great Tusk|Great Tusk|94\/100 brn\n|move|p2a: Garganacl|Salt Cure|p1a: Great Tusk\n|-resisted|p1a: Great Tusk\n|-damage|p1a: Great Tusk|92\/100 brn\n|-start|p1a: Great Tusk|Salt Cure\n|\n|-heal|p1a: Great Tusk|98\/100 brn|[from] item: Leftovers\n|-heal|p2a: Garganacl|77\/100|[from] item: Leftovers\n|-damage|p1a: Great Tusk|92\/100 brn|[from] brn\n|-damage|p1a: Great Tusk|80\/100 brn|[from] Salt Cure\n|upkeep\n|turn|20\n|\n|t:|1700541581\n|move|p1a: Great Tusk|Ice Spinner|p2a: Garganacl\n|-damage|p2a: Garganacl|70\/100\n|move|p2a: Garganacl|Recover|p2a: Garganacl\n|-heal|p2a: Garganacl|100\/100\n|\n|-heal|p1a: Great Tusk|86\/100 brn|[from] item: Leftovers\n|-damage|p1a: Great Tusk|80\/100 brn|[from] brn\n|-damage|p1a: Great Tusk|67\/100 brn|[from] Salt Cure\n|upkeep\n|turn|21\n|\n|t:|1700541581\n|-end|p1a: Great Tusk|Protosynthesis|[silent]\n|switch|p1a: Ting-Lu|Ting-Lu|45\/100\n|-ability|p1a: Ting-Lu|Vessel of Ruin\n|move|p2a: Garganacl|Salt Cure|p1a: Ting-Lu\n|-resisted|p1a: Ting-Lu\n|-damage|p1a: Ting-Lu|41\/100\n|-start|p1a: Ting-Lu|Salt Cure\n|\n|-heal|p1a: Ting-Lu|48\/100|[from] item: Leftovers\n|-damage|p1a: Ting-Lu|35\/100|[from] Salt Cure\n|upkeep\n|turn|22\n|\n|t:|1700541581\n|move|p2a: Garganacl|Brick Break|p1a: Ting-Lu\n|-supereffective|p1a: Ting-Lu\n|-damage|p1a: Ting-Lu|16\/100\n|move|p1a: Ting-Lu|Whirlwind|p2a: Garganacl\n|drag|p2a: Ceruledge|Ceruledge, F|100\/100\n|-damage|p2a: Ceruledge|76\/100|[from] Stealth Rock\n|\n|-heal|p1a: Ting-Lu|22\/100|[from] item: Leftovers\n|-damage|p1a: Ting-Lu|9\/100|[from] Salt Cure\n|upkeep\n|turn|23\n|\n|t:|1700541581\n|switch|p1a: Slowbro|Slowbro, F|72\/100\n|move|p2a: Ceruledge|Poltergeist|p1a: Slowbro\n|-activate|p1a: Slowbro|move: Poltergeist|Rocky Helmet\n|-supereffective|p1a: Slowbro\n|-damage|p1a: Slowbro|5\/100\n|\n|upkeep\n|turn|24\n|\n|t:|1700541581\n|switch|p2a: Garganacl|Garganacl, M|100\/100\n|-damage|p2a: Garganacl|88\/100|[from] Stealth Rock\n|switch|p1a: Great Tusk|Great Tusk|67\/100 brn\n|\n|-heal|p1a: Great Tusk|74\/100 brn|[from] item: Leftovers\n|-heal|p2a: Garganacl|94\/100|[from] item: Leftovers\n|-damage|p1a: Great Tusk|67\/100 brn|[from] brn\n|upkeep\n|turn|25\n|\n|t:|1700541581\n|move|p1a: Great Tusk|Headlong Rush|p2a: Garganacl\n|-supereffective|p2a: Garganacl\n|-damage|p2a: Garganacl|62\/100\n|-unboost|p1a: Great Tusk|def|1\n|-unboost|p1a: Great Tusk|spd|1\n|move|p2a: Garganacl|Salt Cure|p1a: Great Tusk\n|-resisted|p1a: Great Tusk\n|-damage|p1a: Great Tusk|64\/100 brn\n|-start|p1a: Great Tusk|Salt Cure\n|\n|-heal|p1a: Great Tusk|71\/100 brn|[from] item: Leftovers\n|-heal|p2a: Garganacl|68\/100|[from] item: Leftovers\n|-damage|p1a: Great Tusk|64\/100 brn|[from] brn\n|-damage|p1a: Great Tusk|52\/100 brn|[from] Salt Cure\n|upkeep\n|turn|26\n|\n|t:|1700541581\n|-end|p1a: Great Tusk|Protosynthesis|[silent]\n|switch|p1a: Ting-Lu|Ting-Lu|9\/100\n|-ability|p1a: Ting-Lu|Vessel of Ruin\n|move|p2a: Garganacl|Recover|p2a: Garganacl\n|-heal|p2a: Garganacl|100\/100\n|\n|-heal|p1a: Ting-Lu|16\/100|[from] item: Leftovers\n|upkeep\n|turn|27\n|\n|t:|1700541581\n|move|p1a: Ting-Lu|Ruination|p2a: Garganacl\n|-damage|p2a: Garganacl|51\/100\n|move|p2a: Garganacl|Salt Cure|p1a: Ting-Lu\n|-resisted|p1a: Ting-Lu\n|-damage|p1a: Ting-Lu|12\/100\n|-start|p1a: Ting-Lu|Salt Cure\n|\n|-heal|p1a: Ting-Lu|18\/100|[from] item: Leftovers\n|-heal|p2a: Garganacl|57\/100|[from] item: Leftovers\n|-damage|p1a: Ting-Lu|6\/100|[from] Salt Cure\n|upkeep\n|turn|28\n|\n|t:|1700541581\n|switch|p1a: Slowbro|Slowbro, F|38\/100\n|move|p2a: Garganacl|Brick Break|p1a: Slowbro\n|-resisted|p1a: Slowbro\n|-damage|p1a: Slowbro|33\/100\n|-damage|p2a: Garganacl|40\/100|[from] item: Rocky Helmet|[of] p1a: Slowbro\n|\n|-heal|p2a: Garganacl|46\/100|[from] item: Leftovers\n|upkeep\n|turn|29\n|\n|t:|1700541581\n|move|p2a: Garganacl|Salt Cure|p1a: Slowbro\n|-damage|p1a: Slowbro|25\/100\n|-start|p1a: Slowbro|Salt Cure\n|move|p1a: Slowbro|Slack Off|p1a: Slowbro\n|-heal|p1a: Slowbro|75\/100\n|\n|-heal|p2a: Garganacl|52\/100|[from] item: Leftovers\n|-damage|p1a: Slowbro|50\/100|[from] Salt Cure\n|upkeep\n|turn|30\n|\n|t:|1700541581\n|switch|p1a: Great Tusk|Great Tusk|52\/100 brn\n|move|p2a: Garganacl|Recover|p2a: Garganacl\n|-heal|p2a: Garganacl|100\/100\n|\n|-heal|p1a: Great Tusk|58\/100 brn|[from] item: Leftovers\n|-damage|p1a: Great Tusk|52\/100 brn|[from] brn\n|upkeep\n|turn|31\n|\n|t:|1700541581\n|move|p1a: Great Tusk|Headlong Rush|p2a: Garganacl\n|-supereffective|p2a: Garganacl\n|-damage|p2a: Garganacl|66\/100\n|-unboost|p1a: Great Tusk|def|1\n|-unboost|p1a: Great Tusk|spd|1\n|move|p2a: Garganacl|Salt Cure|p1a: Great Tusk\n|-resisted|p1a: Great Tusk\n|-damage|p1a: Great Tusk|49\/100 brn\n|-start|p1a: Great Tusk|Salt Cure\n|\n|-heal|p1a: Great Tusk|55\/100 brn|[from] item: Leftovers\n|-heal|p2a: Garganacl|72\/100|[from] item: Leftovers\n|-damage|p1a: Great Tusk|49\/100 brn|[from] brn\n|-damage|p1a: Great Tusk|36\/100 brn|[from] Salt Cure\n|upkeep\n|turn|32\n|\n|t:|1700541581\n|-end|p1a: Great Tusk|Protosynthesis|[silent]\n|switch|p1a: Ting-Lu|Ting-Lu|6\/100\n|-ability|p1a: Ting-Lu|Vessel of Ruin\n|switch|p2a: Maushold|Maushold-Four|84\/100\n|-damage|p2a: Maushold|71\/100|[from] Stealth Rock\n|\n|-heal|p1a: Ting-Lu|12\/100|[from] item: Leftovers\n|upkeep\n|turn|33\n|\n|t:|1700541581\n|move|p2a: Maushold|Tidy Up|p2a: Maushold\n|-sideend|p2: Navla-ai-666|Stealth Rock\n|-activate|p2a: Maushold|move: Tidy Up\n|-boost|p2a: Maushold|atk|1\n|-boost|p2a: Maushold|spe|1\n|move|p1a: Ting-Lu|Earthquake|p2a: Maushold\n|-damage|p2a: Maushold|14\/100\n|\n|-heal|p1a: Ting-Lu|18\/100|[from] item: Leftovers\n|upkeep\n|turn|34\n|\n|t:|1700541581\n|switch|p1a: Slowbro|Slowbro, F|83\/100\n|move|p2a: Maushold|Population Bomb|p1a: Slowbro\n|-damage|p1a: Slowbro|73\/100\n|-damage|p2a: Maushold|0 fnt|[from] item: Rocky Helmet|[of] p1a: Slowbro\n|faint|p2a: Maushold\n|-hitcount|p1a: Slowbro|1\n|\n|upkeep\n|\n|t:|1700541581\n|switch|p2a: Garganacl|Garganacl, M|72\/100\n|turn|35\n|\n|t:|1700541581\n|move|p2a: Garganacl|Salt Cure|p1a: Slowbro\n|-damage|p1a: Slowbro|64\/100\n|-start|p1a: Slowbro|Salt Cure\n|move|p1a: Slowbro|Surf|p2a: Garganacl\n|-supereffective|p2a: Garganacl\n|-damage|p2a: Garganacl|26\/100\n|\n|-heal|p2a: Garganacl|32\/100|[from] item: Leftovers\n|-damage|p1a: Slowbro|39\/100|[from] Salt Cure\n|upkeep\n|turn|36\n|\n|t:|1700541581\n|switch|p1a: Great Tusk|Great Tusk|36\/100 brn\n|move|p2a: Garganacl|Protect||[still]\n|-fail|p2a: Garganacl\n|\n|-heal|p1a: Great Tusk|43\/100 brn|[from] item: Leftovers\n|-heal|p2a: Garganacl|38\/100|[from] item: Leftovers\n|-damage|p1a: Great Tusk|36\/100 brn|[from] brn\n|upkeep\n|turn|37\n|\n|t:|1700541581\n|move|p1a: Great Tusk|Headlong Rush|p2a: Garganacl\n|-supereffective|p2a: Garganacl\n|-damage|p2a: Garganacl|5\/100\n|-unboost|p1a: Great Tusk|def|1\n|-unboost|p1a: Great Tusk|spd|1\n|move|p2a: Garganacl|Recover|p2a: Garganacl\n|-heal|p2a: Garganacl|55\/100\n|\n|-heal|p1a: Great Tusk|43\/100 brn|[from] item: Leftovers\n|-heal|p2a: Garganacl|61\/100|[from] item: Leftovers\n|-damage|p1a: Great Tusk|36\/100 brn|[from] brn\n|upkeep\n|turn|38\n|\n|t:|1700541581\n|move|p1a: Great Tusk|Headlong Rush|p2a: Garganacl\n|-supereffective|p2a: Garganacl\n|-damage|p2a: Garganacl|30\/100\n|-unboost|p1a: Great Tusk|def|1\n|-unboost|p1a: Great Tusk|spd|1\n|move|p2a: Garganacl|Salt Cure|p1a: Great Tusk\n|-resisted|p1a: Great Tusk\n|-damage|p1a: Great Tusk|32\/100 brn\n|-start|p1a: Great Tusk|Salt Cure\n|\n|-heal|p1a: Great Tusk|38\/100 brn|[from] item: Leftovers\n|-heal|p2a: Garganacl|36\/100|[from] item: Leftovers\n|-damage|p1a: Great Tusk|32\/100 brn|[from] brn\n|-damage|p1a: Great Tusk|20\/100 brn|[from] Salt Cure\n|upkeep\n|turn|39\n|\n|t:|1700541581\n|-end|p1a: Great Tusk|Protosynthesis|[silent]\n|switch|p1a: Ting-Lu|Ting-Lu|18\/100\n|-ability|p1a: Ting-Lu|Vessel of Ruin\n|move|p2a: Garganacl|Protect||[still]\n|-fail|p2a: Garganacl\n|\n|-heal|p1a: Ting-Lu|25\/100|[from] item: Leftovers\n|-heal|p2a: Garganacl|42\/100|[from] item: Leftovers\n|upkeep\n|turn|40\n|\n|t:|1700541581\n|move|p1a: Ting-Lu|Stealth Rock|p2a: Garganacl\n|-sidestart|p2: Navla-ai-666|move: Stealth Rock\n|move|p2a: Garganacl|Salt Cure|p1a: Ting-Lu\n|-resisted|p1a: Ting-Lu\n|-damage|p1a: Ting-Lu|21\/100\n|-start|p1a: Ting-Lu|Salt Cure\n|\n|-heal|p1a: Ting-Lu|27\/100|[from] item: Leftovers\n|-heal|p2a: Garganacl|48\/100|[from] item: Leftovers\n|-damage|p1a: Ting-Lu|15\/100|[from] Salt Cure\n|upkeep\n|turn|41\n|\n|t:|1700541581\n|switch|p1a: Great Tusk|Great Tusk|20\/100 brn\n|move|p2a: Garganacl|Recover|p2a: Garganacl\n|-heal|p2a: Garganacl|98\/100\n|\n|-heal|p1a: Great Tusk|26\/100 brn|[from] item: Leftovers\n|-heal|p2a: Garganacl|100\/100|[from] item: Leftovers\n|-damage|p1a: Great Tusk|20\/100 brn|[from] brn\n|upkeep\n|turn|42\n|\n|t:|1700541581\n|move|p1a: Great Tusk|Headlong Rush|p2a: Garganacl\n|-supereffective|p2a: Garganacl\n|-damage|p2a: Garganacl|64\/100\n|-unboost|p1a: Great Tusk|def|1\n|-unboost|p1a: Great Tusk|spd|1\n|move|p2a: Garganacl|Salt Cure|p1a: Great Tusk\n|-resisted|p1a: Great Tusk\n|-damage|p1a: Great Tusk|16\/100 brn\n|-start|p1a: Great Tusk|Salt Cure\n|\n|-heal|p1a: Great Tusk|22\/100 brn|[from] item: Leftovers\n|-heal|p2a: Garganacl|70\/100|[from] item: Leftovers\n|-damage|p1a: Great Tusk|16\/100 brn|[from] brn\n|-damage|p1a: Great Tusk|4\/100 brn|[from] Salt Cure\n|upkeep\n|turn|43\n|\n|t:|1700541581\n|-end|p1a: Great Tusk|Protosynthesis|[silent]\n|switch|p1a: Slowbro|Slowbro, F|73\/100\n|move|p2a: Garganacl|Brick Break|p1a: Slowbro\n|-resisted|p1a: Slowbro\n|-damage|p1a: Slowbro|68\/100\n|-damage|p2a: Garganacl|54\/100|[from] item: Rocky Helmet|[of] p1a: Slowbro\n|\n|-heal|p2a: Garganacl|60\/100|[from] item: Leftovers\n|upkeep\n|turn|44\n|\n|t:|1700541581\n|move|p2a: Garganacl|Salt Cure|p1a: Slowbro\n|-damage|p1a: Slowbro|60\/100\n|-start|p1a: Slowbro|Salt Cure\n|move|p1a: Slowbro|Surf|p2a: Garganacl\n|-supereffective|p2a: Garganacl\n|-damage|p2a: Garganacl|15\/100\n|\n|-heal|p2a: Garganacl|21\/100|[from] item: Leftovers\n|-damage|p1a: Slowbro|35\/100|[from] Salt Cure\n|upkeep\n|turn|45\n|\n|t:|1700541581\n|switch|p1a: Great Tusk|Great Tusk|4\/100 brn\n|-terastallize|p2a: Garganacl|Ghost\n|move|p2a: Garganacl|Recover|p2a: Garganacl\n|-heal|p2a: Garganacl|71\/100\n|\n|-heal|p1a: Great Tusk|10\/100 brn|[from] item: Leftovers\n|-heal|p2a: Garganacl|77\/100|[from] item: Leftovers\n|-damage|p1a: Great Tusk|4\/100 brn|[from] brn\n|upkeep\n|turn|46\n|\n|t:|1700541581\n|move|p1a: Great Tusk|Headlong Rush|p2a: Garganacl\n|-damage|p2a: Garganacl|61\/100\n|-unboost|p1a: Great Tusk|def|1\n|-unboost|p1a: Great Tusk|spd|1\n|move|p2a: Garganacl|Salt Cure|p1a: Great Tusk\n|-resisted|p1a: Great Tusk\n|-damage|p1a: Great Tusk|1\/100 brn\n|-start|p1a: Great Tusk|Salt Cure\n|\n|-heal|p1a: Great Tusk|7\/100 brn|[from] item: Leftovers\n|-heal|p2a: Garganacl|67\/100|[from] item: Leftovers\n|-damage|p1a: Great Tusk|1\/100 brn|[from] brn\n|-damage|p1a: Great Tusk|0 fnt|[from] Salt Cure\n|faint|p1a: Great Tusk\n|-end|p1a: Great Tusk|Protosynthesis|[silent]\n|upkeep\n|\n|t:|1700541581\n|switch|p1a: Slowbro|Slowbro, F|68\/100\n|turn|47\n|\n|t:|1700541581\n|move|p2a: Garganacl|Salt Cure|p1a: Slowbro\n|-damage|p1a: Slowbro|60\/100\n|-start|p1a: Slowbro|Salt Cure\n|move|p1a: Slowbro|Future Sight|p2a: Garganacl\n|-start|p1a: Slowbro|move: Future Sight\n|\n|-heal|p2a: Garganacl|73\/100|[from] item: Leftovers\n|-damage|p1a: Slowbro|35\/100|[from] Salt Cure\n|upkeep\n|turn|48\n|\n|t:|1700541581\n|switch|p1a: Ting-Lu|Ting-Lu|15\/100\n|-ability|p1a: Ting-Lu|Vessel of Ruin\n|move|p2a: Garganacl|Protect||[still]\n|-fail|p2a: Garganacl\n|\n|-heal|p1a: Ting-Lu|21\/100|[from] item: Leftovers\n|-heal|p2a: Garganacl|79\/100|[from] item: Leftovers\n|upkeep\n|turn|49\n|\n|t:|1700541581\n|move|p1a: Ting-Lu|Ruination|p2a: Garganacl\n|-damage|p2a: Garganacl|40\/100\n|move|p2a: Garganacl|Salt Cure|p1a: Ting-Lu\n|-resisted|p1a: Ting-Lu\n|-damage|p1a: Ting-Lu|17\/100\n|-start|p1a: Ting-Lu|Salt Cure\n|\n|-end|p2a: Garganacl|move: Future Sight\n|-damage|p2a: Garganacl|17\/100\n|-heal|p1a: Ting-Lu|23\/100|[from] item: Leftovers\n|-heal|p2a: Garganacl|24\/100|[from] item: Leftovers\n|-damage|p1a: Ting-Lu|11\/100|[from] Salt Cure\n|upkeep\n|turn|50\n|\n|t:|1700541581\n|switch|p1a: Slowbro|Slowbro, F|68\/100\n|move|p2a: Garganacl|Recover|p2a: Garganacl\n|-heal|p2a: Garganacl|74\/100\n|\n|-heal|p2a: Garganacl|80\/100|[from] item: Leftovers\n|upkeep\n|turn|51\n|\n|t:|1700541581\n|move|p2a: Garganacl|Salt Cure|p1a: Slowbro\n|-damage|p1a: Slowbro|60\/100\n|-start|p1a: Slowbro|Salt Cure\n|move|p1a: Slowbro|Future Sight|p2a: Garganacl\n|-start|p1a: Slowbro|move: Future Sight\n|\n|-heal|p2a: Garganacl|86\/100|[from] item: Leftovers\n|-damage|p1a: Slowbro|36\/100|[from] Salt Cure\n|upkeep\n|turn|52\n|\n|t:|1700541581\n|switch|p1a: Ting-Lu|Ting-Lu|11\/100\n|-ability|p1a: Ting-Lu|Vessel of Ruin\n|move|p2a: Garganacl|Salt Cure|p1a: Ting-Lu\n|-resisted|p1a: Ting-Lu\n|-damage|p1a: Ting-Lu|7\/100\n|-start|p1a: Ting-Lu|Salt Cure\n|\n|-heal|p1a: Ting-Lu|13\/100|[from] item: Leftovers\n|-heal|p2a: Garganacl|92\/100|[from] item: Leftovers\n|-damage|p1a: Ting-Lu|1\/100|[from] Salt Cure\n|upkeep\n|turn|53\n|\n|t:|1700541581\n|move|p1a: Ting-Lu|Ruination|p2a: Garganacl\n|-damage|p2a: Garganacl|46\/100\n|move|p2a: Garganacl|Salt Cure|p1a: Ting-Lu\n|-resisted|p1a: Ting-Lu\n|-damage|p1a: Ting-Lu|0 fnt\n|faint|p1a: Ting-Lu\n|\n|-end|p2a: Garganacl|move: Future Sight\n|-damage|p2a: Garganacl|19\/100\n|-heal|p2a: Garganacl|25\/100|[from] item: Leftovers\n|upkeep\n|\n|t:|1700541581\n|switch|p1a: Slowbro|Slowbro, F|69\/100\n|turn|54\n|\n|t:|1700541581\n|move|p2a: Garganacl|Salt Cure|p1a: Slowbro\n|-damage|p1a: Slowbro|61\/100\n|-start|p1a: Slowbro|Salt Cure\n|move|p1a: Slowbro|Surf|p2a: Garganacl\n|-damage|p2a: Garganacl|2\/100\n|\n|-heal|p2a: Garganacl|8\/100|[from] item: Leftovers\n|-damage|p1a: Slowbro|36\/100|[from] Salt Cure\n|upkeep\n|turn|55\n|\n|t:|1700541581\n|switch|p1a: Goodra|Goodra-Hisui, F|81\/100\n|move|p2a: Garganacl|Recover|p2a: Garganacl\n|-heal|p2a: Garganacl|58\/100\n|\n|-heal|p2a: Garganacl|64\/100|[from] item: Leftovers\n|upkeep\n|turn|56\n|\n|t:|1700541581\n|move|p1a: Goodra|Flash Cannon|p2a: Garganacl\n|-damage|p2a: Garganacl|38\/100\n|move|p2a: Garganacl|Salt Cure|p1a: Goodra\n|-resisted|p1a: Goodra\n|-damage|p1a: Goodra|74\/100\n|-start|p1a: Goodra|Salt Cure\n|\n|-heal|p2a: Garganacl|44\/100|[from] item: Leftovers\n|-damage|p1a: Goodra|49\/100|[from] Salt Cure\n|upkeep\n|turn|57\n|\n|t:|1700541581\n|switch|p1a: Slowbro|Slowbro, F|70\/100\n|move|p2a: Garganacl|Brick Break|p1a: Slowbro\n|-resisted|p1a: Slowbro\n|-damage|p1a: Slowbro|64\/100\n|-damage|p2a: Garganacl|28\/100|[from] item: Rocky Helmet|[of] p1a: Slowbro\n|\n|-heal|p2a: Garganacl|34\/100|[from] item: Leftovers\n|upkeep\n|turn|58\n|\n|t:|1700541581\n|move|p2a: Garganacl|Protect|p2a: Garganacl\n|-singleturn|p2a: Garganacl|Protect\n|move|p1a: Slowbro|Ice Beam|p2a: Garganacl\n|-activate|p2a: Garganacl|move: Protect\n|\n|-heal|p2a: Garganacl|40\/100|[from] item: Leftovers\n|upkeep\n|turn|59\n|\n|t:|1700541581\n|switch|p2a: Kingambit|Kingambit, M|100\/100\n|-damage|p2a: Kingambit|94\/100|[from] Stealth Rock\n|-activate|p2a: Kingambit|ability: Supreme Overlord\n|-start|p2a: Kingambit|fallen2|[silent]\n|move|p1a: Slowbro|Surf|p2a: Kingambit\n|-damage|p2a: Kingambit|64\/100\n|\n|-heal|p2a: Kingambit|71\/100|[from] item: Leftovers\n|upkeep\n|turn|60\n|\n|t:|1700541581\n|switch|p1a: Zapdos|Zapdos|63\/100\n|move|p2a: Kingambit|Swords Dance|p2a: Kingambit\n|-boost|p2a: Kingambit|atk|2\n|\n|-heal|p2a: Kingambit|77\/100|[from] item: Leftovers\n|upkeep\n|turn|61\n|\n|t:|1700541581\n|move|p2a: Kingambit|Sucker Punch||[still]\n|-fail|p2a: Kingambit\n|move|p1a: Zapdos|Roost|p1a: Zapdos\n|-heal|p1a: Zapdos|100\/100\n|-singleturn|p1a: Zapdos|move: Roost\n|\n|-heal|p2a: Kingambit|83\/100|[from] item: Leftovers\n|upkeep\n|turn|62\n|\n|t:|1700541581\n|move|p2a: Kingambit|Sucker Punch|p1a: Zapdos\n|-damage|p1a: Zapdos|29\/100\n|move|p1a: Zapdos|Thunderbolt|p2a: Kingambit\n|-damage|p2a: Kingambit|49\/100\n|\n|-heal|p2a: Kingambit|55\/100|[from] item: Leftovers\n|upkeep\n|turn|63\n|\n|t:|1700541581\n|switch|p1a: Slowbro|Slowbro, F|98\/100\n|move|p2a: Kingambit|Tera Blast|p1a: Slowbro\n|-damage|p1a: Slowbro|82\/100\n|\n|-heal|p2a: Kingambit|61\/100|[from] item: Leftovers\n|upkeep\n|turn|64\n|\n|t:|1700541581\n|move|p2a: Kingambit|Swords Dance|p2a: Kingambit\n|-boost|p2a: Kingambit|atk|2\n|move|p1a: Slowbro|Surf|p2a: Kingambit\n|-damage|p2a: Kingambit|33\/100\n|\n|-heal|p2a: Kingambit|39\/100|[from] item: Leftovers\n|upkeep\n|turn|65\n|\n|t:|1700541581\n|switch|p1a: Goodra|Goodra-Hisui, F|49\/100\n|move|p2a: Kingambit|Sucker Punch||[still]\n|-fail|p2a: Kingambit\n|\n|-heal|p2a: Kingambit|45\/100|[from] item: Leftovers\n|upkeep\n|turn|66\n|\n|t:|1700541581\n|move|p1a: Goodra|Flamethrower|p2a: Kingambit\n|-supereffective|p2a: Kingambit\n|-damage|p2a: Kingambit|0 fnt\n|faint|p2a: Kingambit\n|-end|p2a: Kingambit|fallen2|[silent]\n|\n|upkeep\n|\n|t:|1700541581\n|switch|p2a: Ceruledge|Ceruledge, F|76\/100\n|-damage|p2a: Ceruledge|51\/100|[from] Stealth Rock\n|turn|67\n|\n|t:|1700541581\n|switch|p1a: Slowbro|Slowbro, F|100\/100\n|move|p2a: Ceruledge|Bitter Blade|p1a: Slowbro\n|-resisted|p1a: Slowbro\n|-damage|p1a: Slowbro|86\/100\n|-heal|p2a: Ceruledge|61\/100|[from] drain|[of] p1a: Slowbro\n|-damage|p2a: Ceruledge|45\/100|[from] item: Rocky Helmet|[of] p1a: Slowbro\n|\n|upkeep\n|turn|68\n|\n|t:|1700541581\n|move|p2a: Ceruledge|Bitter Blade|p1a: Slowbro\n|-resisted|p1a: Slowbro\n|-damage|p1a: Slowbro|72\/100\n|-heal|p2a: Ceruledge|54\/100|[from] drain|[of] p1a: Slowbro\n|-damage|p2a: Ceruledge|38\/100|[from] item: Rocky Helmet|[of] p1a: Slowbro\n|move|p1a: Slowbro|Surf|p2a: Ceruledge\n|-supereffective|p2a: Ceruledge\n|-crit|p2a: Ceruledge\n|-damage|p2a: Ceruledge|0 fnt\n|faint|p2a: Ceruledge\n|\n|upkeep\n|\n|t:|1700541581\n|switch|p2a: Great Tusk|Great Tusk|100\/100\n|-damage|p2a: Great Tusk|97\/100|[from] Stealth Rock\n|-enditem|p2a: Great Tusk|Booster Energy\n|-activate|p2a: Great Tusk|ability: Protosynthesis|[fromitem]\n|-start|p2a: Great Tusk|protosynthesisspe\n|turn|69\n|\n|t:|1700541581\n|switch|p1a: Zapdos|Zapdos|29\/100\n|move|p2a: Great Tusk|Rapid Spin|p1a: Zapdos\n|-damage|p1a: Zapdos|18\/100\n|-boost|p2a: Great Tusk|spe|1\n|-sideend|p2: Navla-ai-666|Stealth Rock|[from] move: Rapid Spin|[of] p2a: Great Tusk\n|\n|upkeep\n|turn|70\n|\n|t:|1700541581\n|move|p2a: Great Tusk|Ice Spinner|p1a: Zapdos\n|-supereffective|p1a: Zapdos\n|-damage|p1a: Zapdos|0 fnt\n|-status|p2a: Great Tusk|par|[from] ability: Static|[of] p1a: Zapdos\n|faint|p1a: Zapdos\n|\n|upkeep\n|\n|t:|1700541581\n|switch|p1a: Goodra|Goodra-Hisui, F|49\/100\n|turn|71\n|\n|t:|1700541581\n|move|p2a: Great Tusk|Close Combat|p1a: Goodra\n|-supereffective|p1a: Goodra\n|-damage|p1a: Goodra|0 fnt\n|-unboost|p2a: Great Tusk|def|1\n|-unboost|p2a: Great Tusk|spd|1\n|faint|p1a: Goodra\n|\n|upkeep\n|\n|t:|1700541581\n|switch|p1a: Slowbro|Slowbro, F|100\/100\n|turn|72\n|\n|t:|1700541581\n|move|p2a: Great Tusk|Headlong Rush|p1a: Slowbro\n|-damage|p1a: Slowbro|68\/100\n|-unboost|p2a: Great Tusk|def|1\n|-unboost|p2a: Great Tusk|spd|1\n|-damage|p2a: Great Tusk|81\/100 par|[from] item: Rocky Helmet|[of] p1a: Slowbro\n|move|p1a: Slowbro|Surf|p2a: Great Tusk\n|-supereffective|p2a: Great Tusk\n|-damage|p2a: Great Tusk|0 fnt\n|faint|p2a: Great Tusk\n|-end|p2a: Great Tusk|Protosynthesis|[silent]\n|\n|upkeep\n|\n|t:|1700541581\n|switch|p2a: Garganacl|Garganacl, M, tera:Ghost|40\/100\n|turn|73\n|j|\u2606LONGDIBRO\n|inactive|Battle timer is ON: inactive players will automatically lose when time's up.\n|inactive|navlaai666 has 120 seconds left.\n|inactive|navlaai666 has 90 seconds left.\n|j|\u203dNavla-ai-666\n|l|\u203dNavla-ai-666\n|inactive|Navla-ai-666 disconnected and has a minute to reconnect!\n|player|p2|\n|inactive|Navla-ai-666 has 30 seconds to reconnect!\n|inactive|Navla-ai-666 has 20 seconds to reconnect!\n|inactive|Navla-ai-666 has 15 seconds to reconnect!\n|inactive|Navla-ai-666 has 10 seconds to reconnect!\n|inactive|Navla-ai-666 has 5 seconds to reconnect!\n|-message|Navla-ai-666 lost due to inactivity.\n|\n|win|LONGDIBRO\n|raw|LONGDIBRO's rating: 1215 &rarr; <strong>1234<\/strong><br \/>(+19 for winning)\n|raw|Navla-ai-666's rating: 1131 &rarr; <strong>1112<\/strong><br \/>(-19 for losing)\n","uploadtime":1700541733,"views":6,"p1id":"longdibro","p2id":"navlaai666","formatid":"gen9ou","rating":1112,"private":0,"password":"tr6kk6i0a8xi613ldf1edhrfi9b5swx"}