{"id":"gen9ou-1996815811","p1":"The1sorgente","p2":"Chabbott918","format":"[Gen 9] OU","log":"|j|\u2606The1sorgente\n|j|\u2606Chabbott918\n|t:|1700729919\n|gametype|singles\n|player|p1|The1sorgente|266|1432\n|player|p2|Chabbott918|raifort|1527\n|teamsize|p1|6\n|teamsize|p2|6\n|gen|9\n|tier|[Gen 9] OU\n|rated|\n|rule|Sleep Clause Mod: Limit one foe put to sleep\n|rule|Species Clause: Limit one of each Pok\u00e9mon\n|rule|OHKO Clause: OHKO moves are banned\n|rule|Evasion Items Clause: Evasion items are banned\n|rule|Evasion Moves Clause: Evasion moves are banned\n|rule|Endless Battle Clause: Forcing endless battles is banned\n|rule|HP Percentage Mod: HP is shown in percentages\n|clearpoke\n|poke|p1|Moltres|\n|poke|p1|Great Tusk|\n|poke|p1|Slowking-Galar, F|\n|poke|p1|Dragapult, F|\n|poke|p1|Kingambit, F|\n|poke|p1|Rillaboom, M|\n|poke|p2|Cresselia, F|\n|poke|p2|Iron Valiant|\n|poke|p2|Garganacl, M|\n|poke|p2|Landorus-Therian, M|\n|poke|p2|Greninja-*, M|\n|poke|p2|Maushold-Four|\n|teampreview\n|\n|t:|1700729930\n|start\n|switch|p1a: Kingambit|Kingambit, F|100\/100\n|switch|p2a: Garganacl|Garganacl, M|100\/100\n|turn|1\n|\n|t:|1700729936\n|move|p1a: Kingambit|Iron Head|p2a: Garganacl\n|-supereffective|p2a: Garganacl\n|-damage|p2a: Garganacl|38\/100\n|move|p2a: Garganacl|Salt Cure|p1a: Kingambit\n|-resisted|p1a: Kingambit\n|-damage|p1a: Kingambit|95\/100\n|-start|p1a: Kingambit|Salt Cure\n|\n|-heal|p1a: Kingambit|100\/100|[from] item: Leftovers\n|-heal|p2a: Garganacl|44\/100|[from] item: Leftovers\n|-damage|p1a: Kingambit|75\/100|[from] Salt Cure\n|upkeep\n|turn|2\n|\n|t:|1700729941\n|switch|p2a: Landorus|Landorus-Therian, M, shiny|100\/100\n|-ability|p2a: Landorus|Intimidate|boost\n|-unboost|p1a: Kingambit|atk|1\n|move|p1a: Kingambit|Swords Dance|p1a: Kingambit\n|-boost|p1a: Kingambit|atk|2\n|\n|-heal|p1a: Kingambit|82\/100|[from] item: Leftovers\n|-damage|p1a: Kingambit|57\/100|[from] Salt Cure\n|upkeep\n|turn|3\n|\n|t:|1700729947\n|-end|p1a: Kingambit|fallenundefined|[silent]\n|switch|p1a: Moltres|Moltres|100\/100\n|move|p2a: Landorus|Earthquake|p1a: Moltres\n|-immune|p1a: Moltres\n|\n|upkeep\n|turn|4\n|\n|t:|1700729951\n|move|p2a: Landorus|Smack Down|p1a: Moltres\n|-supereffective|p1a: Moltres\n|-crit|p1a: Moltres\n|-damage|p1a: Moltres|39\/100\n|-start|p1a: Moltres|Smack Down\n|move|p1a: Moltres|Flamethrower|p2a: Landorus\n|-damage|p2a: Landorus|55\/100\n|\n|upkeep\n|turn|5\n|\n|t:|1700729955\n|switch|p1a: Sigismund|Great Tusk|100\/100\n|move|p2a: Landorus|Earthquake|p1a: Sigismund\n|-damage|p1a: Sigismund|64\/100\n|\n|-heal|p1a: Sigismund|70\/100|[from] item: Leftovers\n|upkeep\n|turn|6\n|\n|t:|1700729959\n|move|p1a: Sigismund|Knock Off|p2a: Landorus\n|-damage|p2a: Landorus|26\/100\n|-damage|p1a: Sigismund|54\/100|[from] item: Rocky Helmet|[of] p2a: Landorus\n|-enditem|p2a: Landorus|Rocky Helmet|[from] move: Knock Off|[of] p1a: Sigismund\n|move|p2a: Landorus|U-turn|p1a: Sigismund\n|-resisted|p1a: Sigismund\n|-damage|p1a: Sigismund|45\/100\n|\n|t:|1700729963\n|switch|p2a: Greninja|Greninja, M|100\/100|[from] U-turn\n|\n|-heal|p1a: Sigismund|51\/100|[from] item: Leftovers\n|upkeep\n|turn|7\n|\n|t:|1700729973\n|-end|p1a: Sigismund|Protosynthesis|[silent]\n|switch|p1a: Rillaboom|Rillaboom, M|100\/100\n|-fieldstart|move: Grassy Terrain|[from] ability: Grassy Surge|[of] p1a: Rillaboom\n|move|p2a: Greninja|Ice Beam|p1a: Rillaboom\n|-supereffective|p1a: Rillaboom\n|-damage|p1a: Rillaboom|5\/100\n|-damage|p2a: Greninja|91\/100|[from] item: Life Orb\n|\n|-heal|p2a: Greninja|97\/100|[from] Grassy Terrain\n|-heal|p1a: Rillaboom|11\/100|[from] Grassy Terrain\n|upkeep\n|turn|8\n|\n|t:|1700729976\n|move|p2a: Greninja|Water Shuriken|p1a: Rillaboom\n|-resisted|p1a: Rillaboom\n|-damage|p1a: Rillaboom|6\/100\n|-resisted|p1a: Rillaboom\n|-damage|p1a: Rillaboom|0 fnt\n|faint|p1a: Rillaboom\n|-ability|p2a: Greninja|Battle Bond|boost\n|-boost|p2a: Greninja|atk|1\n|-boost|p2a: Greninja|spa|1\n|-boost|p2a: Greninja|spe|1\n|-activate|p2a: Greninja|ability: Battle Bond\n|-hitcount|p1: Rillaboom|2\n|-damage|p2a: Greninja|87\/100|[from] item: Life Orb\n|\n|-heal|p2a: Greninja|93\/100|[from] Grassy Terrain\n|upkeep\n|\n|t:|1700729990\n|switch|p1a: Moltres|Moltres|39\/100\n|turn|9\n|\n|t:|1700729993\n|move|p2a: Greninja|Water Shuriken|p1a: Moltres\n|-supereffective|p1a: Moltres\n|-damage|p1a: Moltres|14\/100\n|-supereffective|p1a: Moltres\n|-damage|p1a: Moltres|0 fnt\n|faint|p1a: Moltres\n|-hitcount|p1: Moltres|2\n|-damage|p2a: Greninja|83\/100|[from] item: Life Orb\n|\n|-heal|p2a: Greninja|89\/100|[from] Grassy Terrain\n|upkeep\n|\n|t:|1700730007\n|switch|p1a: Kingambit|Kingambit, F|57\/100\n|-activate|p1a: Kingambit|ability: Supreme Overlord\n|-start|p1a: Kingambit|fallen2|[silent]\n|turn|10\n|\n|t:|1700730011\n|move|p2a: Greninja|Water Shuriken|p1a: Kingambit\n|-damage|p1a: Kingambit|45\/100\n|-damage|p1a: Kingambit|33\/100\n|-damage|p1a: Kingambit|20\/100\n|-hitcount|p1a: Kingambit|3\n|-damage|p2a: Greninja|79\/100|[from] item: Life Orb\n|move|p1a: Kingambit|Sucker Punch||[still]\n|-fail|p1a: Kingambit\n|\n|-heal|p2a: Greninja|85\/100|[from] Grassy Terrain\n|-heal|p1a: Kingambit|26\/100|[from] Grassy Terrain\n|-heal|p1a: Kingambit|32\/100|[from] item: Leftovers\n|upkeep\n|turn|11\n|\n|t:|1700730022\n|move|p2a: Greninja|Water Shuriken|p1a: Kingambit\n|-damage|p1a: Kingambit|18\/100\n|-damage|p1a: Kingambit|5\/100\n|-damage|p1a: Kingambit|0 fnt\n|faint|p1a: Kingambit\n|-end|p1a: Kingambit|fallen2|[silent]\n|-hitcount|p1: Kingambit|3\n|-damage|p2a: Greninja|75\/100|[from] item: Life Orb\n|\n|-heal|p2a: Greninja|81\/100|[from] Grassy Terrain\n|-fieldend|move: Grassy Terrain\n|upkeep\n|\n|t:|1700730025\n|switch|p1a: Slowking|Slowking-Galar, F|100\/100\n|turn|12\n|\n|t:|1700730034\n|move|p2a: Greninja|Dark Pulse|p1a: Slowking\n|-supereffective|p1a: Slowking\n|-damage|p1a: Slowking|27\/100\n|-damage|p2a: Greninja|71\/100|[from] item: Life Orb\n|cant|p1a: Slowking|flinch\n|\n|upkeep\n|turn|13\n|\n|t:|1700730040\n|move|p2a: Greninja|Dark Pulse|p1a: Slowking\n|-supereffective|p1a: Slowking\n|-damage|p1a: Slowking|0 fnt\n|faint|p1a: Slowking\n|-damage|p2a: Greninja|62\/100|[from] item: Life Orb\n|\n|upkeep\n|\n|t:|1700730049\n|switch|p1a: Sigismund|Great Tusk|51\/100\n|turn|14\n|\n|t:|1700730053\n|-terastallize|p1a: Sigismund|Water\n|move|p2a: Greninja|Ice Beam|p1a: Sigismund\n|-resisted|p1a: Sigismund\n|-damage|p1a: Sigismund|13\/100\n|-damage|p2a: Greninja|52\/100|[from] item: Life Orb\n|move|p1a: Sigismund|Close Combat|p2a: Greninja\n|-supereffective|p2a: Greninja\n|-damage|p2a: Greninja|0 fnt\n|-unboost|p1a: Sigismund|def|1\n|-unboost|p1a: Sigismund|spd|1\n|faint|p2a: Greninja\n|\n|-heal|p1a: Sigismund|19\/100|[from] item: Leftovers\n|upkeep\n|\n|t:|1700730061\n|switch|p2a: Landorus|Landorus-Therian, M, shiny|26\/100\n|-ability|p2a: Landorus|Intimidate|boost\n|-unboost|p1a: Sigismund|atk|1\n|turn|15\n|\n|t:|1700730070\n|move|p1a: Sigismund|Close Combat|p2a: Landorus\n|-resisted|p2a: Landorus\n|-damage|p2a: Landorus|10\/100\n|-unboost|p1a: Sigismund|def|1\n|-unboost|p1a: Sigismund|spd|1\n|move|p2a: Landorus|Earthquake|p1a: Sigismund\n|-damage|p1a: Sigismund|0 fnt\n|faint|p1a: Sigismund\n|-end|p1a: Sigismund|Protosynthesis|[silent]\n|\n|upkeep\n|\n|t:|1700730071\n|switch|p1a: Dragapult|Dragapult, F|100\/100\n|turn|16\n|\n|t:|1700730083\n|move|p1a: Dragapult|Dragon Darts|p2a: Landorus\n|-damage|p2a: Landorus|0 fnt\n|faint|p2a: Landorus\n|\n|upkeep\n|\n|t:|1700730086\n|switch|p2a: Iron Valiant|Iron Valiant|100\/100\n|-enditem|p2a: Iron Valiant|Booster Energy\n|-activate|p2a: Iron Valiant|ability: Quark Drive|[fromitem]\n|-start|p2a: Iron Valiant|quarkdrivespe\n|turn|17\n|\n|t:|1700730113\n|move|p2a: Iron Valiant|Encore|p1a: Dragapult\n|-start|p1a: Dragapult|Encore\n|move|p1a: Dragapult|Dragon Darts|p2a: Iron Valiant\n|-immune|p2a: Iron Valiant\n|\n|upkeep\n|turn|18\n|\n|t:|1700730116\n|move|p2a: Iron Valiant|Calm Mind|p2a: Iron Valiant\n|-boost|p2a: Iron Valiant|spa|1\n|-boost|p2a: Iron Valiant|spd|1\n|move|p1a: Dragapult|Dragon Darts|p2a: Iron Valiant\n|-immune|p2a: Iron Valiant\n|\n|upkeep\n|turn|19\n|\n|t:|1700730117\n|move|p2a: Iron Valiant|Calm Mind|p2a: Iron Valiant\n|-boost|p2a: Iron Valiant|spa|1\n|-boost|p2a: Iron Valiant|spd|1\n|move|p1a: Dragapult|Dragon Darts|p2a: Iron Valiant\n|-immune|p2a: Iron Valiant\n|\n|-end|p1a: Dragapult|Encore\n|upkeep\n|turn|20\n|\n|t:|1700730125\n|move|p2a: Iron Valiant|Encore|p1a: Dragapult\n|-start|p1a: Dragapult|Encore\n|move|p1a: Dragapult|Dragon Darts|p2a: Iron Valiant\n|-immune|p2a: Iron Valiant\n|\n|upkeep\n|turn|21\n|\n|t:|1700730127\n|move|p2a: Iron Valiant|Calm Mind|p2a: Iron Valiant\n|-boost|p2a: Iron Valiant|spa|1\n|-boost|p2a: Iron Valiant|spd|1\n|move|p1a: Dragapult|Dragon Darts|p2a: Iron Valiant\n|-immune|p2a: Iron Valiant\n|\n|upkeep\n|turn|22\n|\n|t:|1700730135\n|move|p2a: Iron Valiant|Calm Mind|p2a: Iron Valiant\n|-boost|p2a: Iron Valiant|spa|1\n|-boost|p2a: Iron Valiant|spd|1\n|move|p1a: Dragapult|Dragon Darts|p2a: Iron Valiant\n|-immune|p2a: Iron Valiant\n|\n|-end|p1a: Dragapult|Encore\n|upkeep\n|turn|23\n|\n|t:|1700730137\n|move|p2a: Iron Valiant|Encore|p1a: Dragapult\n|-start|p1a: Dragapult|Encore\n|move|p1a: Dragapult|Dragon Darts|p2a: Iron Valiant\n|-immune|p2a: Iron Valiant\n|\n|upkeep\n|turn|24\n|\n|t:|1700730139\n|move|p2a: Iron Valiant|Calm Mind|p2a: Iron Valiant\n|-boost|p2a: Iron Valiant|spa|1\n|-boost|p2a: Iron Valiant|spd|1\n|move|p1a: Dragapult|Dragon Darts|p2a: Iron Valiant\n|-immune|p2a: Iron Valiant\n|\n|upkeep\n|turn|25\n|\n|t:|1700730140\n|move|p2a: Iron Valiant|Calm Mind|p2a: Iron Valiant\n|-boost|p2a: Iron Valiant|spa|1\n|-boost|p2a: Iron Valiant|spd|1\n|move|p1a: Dragapult|Dragon Darts|p2a: Iron Valiant\n|-immune|p2a: Iron Valiant\n|\n|-end|p1a: Dragapult|Encore\n|upkeep\n|turn|26\n|\n|t:|1700730142\n|move|p2a: Iron Valiant|Encore|p1a: Dragapult\n|-start|p1a: Dragapult|Encore\n|move|p1a: Dragapult|Dragon Darts|p2a: Iron Valiant\n|-immune|p2a: Iron Valiant\n|\n|upkeep\n|turn|27\n|\n|t:|1700730143\n|move|p2a: Iron Valiant|Moonblast|p1a: Dragapult\n|-supereffective|p1a: Dragapult\n|-damage|p1a: Dragapult|0 fnt\n|faint|p1a: Dragapult\n|\n|win|Chabbott918\n|raw|The1sorgente's rating: 1452 &rarr; <strong>1436<\/strong><br \/>(-16 for losing)\n|raw|Chabbott918's rating: 1527 &rarr; <strong>1543<\/strong><br \/>(+16 for winning)\n|c|\u2606Chabbott918|gg\n","uploadtime":1700730155,"views":16,"p1id":"the1sorgente","p2id":"chabbott918","formatid":"gen9ou","rating":1436,"private":0,"password":""}