{"id":"gen9ou-1998335794","p1":"natcentre","p2":"gfrostmoths","format":"[Gen 9] OU","log":"|j|\u2606natcentre\n|j|\u2606gfrostmoths\n|t:|1700930860\n|gametype|singles\n|player|p1|natcentre|101|\n|player|p2|gfrostmoths|adaman|\n|teamsize|p1|6\n|teamsize|p2|6\n|gen|9\n|tier|[Gen 9] OU\n|rule|Sleep Clause Mod: Limit one foe put to sleep\n|rule|Species Clause: Limit one of each Pok\u00e9mon\n|rule|OHKO Clause: OHKO moves are banned\n|rule|Evasion Items Clause: Evasion items are banned\n|rule|Evasion Moves Clause: Evasion moves are banned\n|rule|Endless Battle Clause: Forcing endless battles is banned\n|rule|HP Percentage Mod: HP is shown in percentages\n|clearpoke\n|poke|p1|Orthworm, M|\n|poke|p1|Dragapult, M|\n|poke|p1|Wo-Chien|\n|poke|p1|Glimmora, M|\n|poke|p1|Kingambit, M|\n|poke|p1|Volcanion|\n|poke|p2|Morpeko, M|\n|poke|p2|Frosmoth, M|\n|poke|p2|Gallade, M|\n|poke|p2|Orthworm, M|\n|poke|p2|Tatsugiri, M|\n|poke|p2|Tornadus, M|\n|teampreview\n|\n|t:|1700930896\n|start\n|switch|p1a: Dragapult|Dragapult, M|100\/100\n|switch|p2a: Tornadus|Tornadus, M|100\/100\n|turn|1\n|\n|t:|1700930954\n|switch|p1a: Glimmora|Glimmora, M|100\/100\n|move|p2a: Tornadus|Knock Off|p1a: Glimmora\n|-damage|p1a: Glimmora|72\/100\n|-activate|p1a: Glimmora|ability: Toxic Debris\n|-sidestart|p2: gfrostmoths|move: Toxic Spikes\n|-enditem|p1a: Glimmora|Choice Band|[from] move: Knock Off|[of] p2a: Tornadus\n|\n|upkeep\n|turn|2\n|\n|t:|1700930971\n|switch|p2a: Orthworm|Orthworm, M|100\/100\n|move|p1a: Glimmora|Stone Edge|p2a: Orthworm|[miss]\n|-miss|p1a: Glimmora|p2a: Orthworm\n|\n|upkeep\n|turn|3\n|\n|t:|1700930987\n|switch|p1a: Volcanion|Volcanion|100\/100\n|move|p2a: Orthworm|Coil|p2a: Orthworm\n|-boost|p2a: Orthworm|atk|1\n|-boost|p2a: Orthworm|def|1\n|-boost|p2a: Orthworm|accuracy|1\n|\n|upkeep\n|turn|4\n|j| SweepAllYo\n|j| Hallowed_Hazel\n|\n|t:|1700931043\n|move|p1a: Volcanion|Flamethrower|p2a: Orthworm\n|-supereffective|p2a: Orthworm\n|-damage|p2a: Orthworm|0 fnt\n|faint|p2a: Orthworm\n|\n|upkeep\n|\n|t:|1700931057\n|switch|p2a: Tatsugiri|Tatsugiri, M|100\/100\n|turn|5\n|\n|t:|1700931073\n|switch|p1a: Orthworm|Orthworm, M|100\/100\n|move|p2a: Tatsugiri|Rapid Spin|p1a: Orthworm\n|-resisted|p1a: Orthworm\n|-damage|p1a: Orthworm|98\/100\n|-boost|p2a: Tatsugiri|spe|1\n|-sideend|p2: gfrostmoths|Toxic Spikes|[from] move: Rapid Spin|[of] p2a: Tatsugiri\n|\n|upkeep\n|turn|6\n|\n|t:|1700931082\n|move|p2a: Tatsugiri|Nasty Plot|p2a: Tatsugiri\n|-boost|p2a: Tatsugiri|spa|2\n|move|p1a: Orthworm|Iron Defense|p1a: Orthworm\n|-boost|p1a: Orthworm|def|2\n|\n|upkeep\n|turn|7\n|\n|t:|1700931093\n|move|p2a: Tatsugiri|Surf|p1a: Orthworm\n|-damage|p1a: Orthworm|14\/100\n|-enditem|p1a: Orthworm|Sitrus Berry|[eat]\n|-heal|p1a: Orthworm|39\/100|[from] item: Sitrus Berry\n|move|p1a: Orthworm|Body Press|p2a: Tatsugiri\n|-damage|p2a: Tatsugiri|4\/100\n|\n|upkeep\n|turn|8\n|\n|t:|1700931116\n|move|p2a: Tatsugiri|Surf|p1a: Orthworm\n|-damage|p1a: Orthworm|0 fnt\n|faint|p1a: Orthworm\n|\n|upkeep\n|\n|t:|1700931120\n|switch|p1a: Kingambit|Kingambit, M|100\/100\n|turn|9\n|\n|t:|1700931126\n|switch|p2a: Gallade|Gallade, M|100\/100\n|move|p1a: Kingambit|Sucker Punch||[still]\n|-fail|p1a: Kingambit\n|\n|upkeep\n|turn|10\n|\n|t:|1700931152\n|switch|p2a: Frosmoth|Frosmoth, M|100\/100\n|move|p1a: Kingambit|Swords Dance|p1a: Kingambit\n|-boost|p1a: Kingambit|atk|2\n|\n|upkeep\n|turn|11\n|\n|t:|1700931202\n|-terastallize|p2a: Frosmoth|Water\n|move|p2a: Frosmoth|Quiver Dance|p2a: Frosmoth\n|-boost|p2a: Frosmoth|spa|1\n|-boost|p2a: Frosmoth|spd|1\n|-boost|p2a: Frosmoth|spe|1\n|move|p1a: Kingambit|Kowtow Cleave|p2a: Frosmoth\n|-damage|p2a: Frosmoth|6\/100\n|\n|upkeep\n|turn|12\n|\n|t:|1700931217\n|move|p1a: Kingambit|Sucker Punch|p2a: Frosmoth\n|-damage|p2a: Frosmoth|0 fnt\n|faint|p2a: Frosmoth\n|\n|upkeep\n|\n|t:|1700931224\n|switch|p2a: Gallade|Gallade, M|100\/100\n|turn|13\n|\n|t:|1700931232\n|-terastallize|p1a: Kingambit|Dark\n|move|p1a: Kingambit|Sucker Punch|p2a: Gallade\n|-damage|p2a: Gallade|0 fnt\n|faint|p2a: Gallade\n|\n|upkeep\n|-message|gfrostmoths forfeited.\n|\n|win|natcentre\n|c|\u2606natcentre|gg\n|l|\u2606natcentre\n|l|\u2606gfrostmoths\n|l| SweepAllYo\n|l| Hallowed_Hazel\n|j| empoleon9000\n|j|\u2606gfrostmoths\n|player|p2|gfrostmoths|adaman\n","uploadtime":1700931736,"views":3,"p1id":"natcentre","p2id":"gfrostmoths","formatid":"gen9ou","rating":0,"private":0,"password":""}