{"id":"gen9ou-1997715686","p1":"Jim511","p2":"nephilimuscat","format":"[Gen 9] OU","log":"|j|\u2606Jim511\n|j|\u2606nephilimuscat\n|t:|1700844964\n|gametype|singles\n|player|p1|Jim511|169|1102\n|player|p2|nephilimuscat|policeman-gen4|1145\n|teamsize|p1|6\n|teamsize|p2|6\n|gen|9\n|tier|[Gen 9] OU\n|rated|\n|rule|Sleep Clause Mod: Limit one foe put to sleep\n|rule|Species Clause: Limit one of each Pok\u00e9mon\n|rule|OHKO Clause: OHKO moves are banned\n|rule|Evasion Items Clause: Evasion items are banned\n|rule|Evasion Moves Clause: Evasion moves are banned\n|rule|Endless Battle Clause: Forcing endless battles is banned\n|rule|HP Percentage Mod: HP is shown in percentages\n|clearpoke\n|poke|p1|Poliwrath, F|\n|poke|p1|Pelipper, M|\n|poke|p1|Overqwil, M|\n|poke|p1|Rillaboom, F|\n|poke|p1|Glimmora, M|\n|poke|p1|Zapdos|\n|poke|p2|Ribombee, F|\n|poke|p2|Dragonite, M|\n|poke|p2|Great Tusk|\n|poke|p2|Iron Moth|\n|poke|p2|Kingambit, M|\n|poke|p2|Gholdengo|\n|teampreview\n|\n|t:|1700845013\n|start\n|switch|p1a: Glimmora|Glimmora, M|100\/100\n|switch|p2a: Abaille ou ...|Ribombee, F, shiny|100\/100\n|turn|1\n|inactive|Battle timer is ON: inactive players will automatically lose when time's up. (requested by Jim511)\n|\n|t:|1700845032\n|move|p2a: Abaille ou ...|Psychic|p1a: Glimmora\n|-supereffective|p1a: Glimmora\n|-damage|p1a: Glimmora|50\/100\n|move|p1a: Glimmora|Mortal Spin|p2a: Abaille ou ...\n|-supereffective|p2a: Abaille ou ...\n|-damage|p2a: Abaille ou ...|78\/100\n|\n|upkeep\n|turn|2\n|j| CaroOui\n|\n|t:|1700845053\n|move|p2a: Abaille ou ...|Psychic|p1a: Glimmora\n|-supereffective|p1a: Glimmora\n|-damage|p1a: Glimmora|0 fnt\n|faint|p1a: Glimmora\n|\n|upkeep\n|\n|t:|1700845060\n|switch|p1a: Pelipper|Pelipper, M|100\/100\n|-weather|RainDance|[from] ability: Drizzle|[of] p1a: Pelipper\n|turn|3\n|\n|t:|1700845066\n|move|p2a: Abaille ou ...|Sticky Web|p1a: Pelipper\n|-sidestart|p1: Jim511|move: Sticky Web\n|move|p1a: Pelipper|Hurricane|p2a: Abaille ou ...\n|-supereffective|p2a: Abaille ou ...\n|-damage|p2a: Abaille ou ...|0 fnt\n|faint|p2a: Abaille ou ...\n|\n|-weather|RainDance|[upkeep]\n|upkeep\n|\n|t:|1700845075\n|switch|p2a: Scalpe l'empereur|Kingambit, M, shiny|100\/100\n|-activate|p2a: Scalpe l'empereur|ability: Supreme Overlord\n|-start|p2a: Scalpe l'empereur|fallen1|[silent]\n|turn|4\n|\n|t:|1700845086\n|move|p2a: Scalpe l'empereur|Swords Dance|p2a: Scalpe l'empereur\n|-boost|p2a: Scalpe l'empereur|atk|2\n|move|p1a: Pelipper|U-turn|p2a: Scalpe l'empereur\n|-damage|p2a: Scalpe l'empereur|94\/100\n|\n|t:|1700845088\n|switch|p1a: Poliwrath|Poliwrath, F|100\/100|[from] U-turn\n|-activate|p1a: Poliwrath|move: Sticky Web\n|-unboost|p1a: Poliwrath|spe|1\n|\n|-weather|RainDance|[upkeep]\n|upkeep\n|turn|5\n|\n|t:|1700845110\n|move|p1a: Poliwrath|Drain Punch|p2a: Scalpe l'empereur\n|-supereffective|p2a: Scalpe l'empereur\n|-damage|p2a: Scalpe l'empereur|0 fnt\n|faint|p2a: Scalpe l'empereur\n|-end|p2a: Scalpe l'empereur|fallen1|[silent]\n|\n|-weather|RainDance|[upkeep]\n|upkeep\n|inactive|nephilimuscat has 120 seconds left.\n|\n|t:|1700845126\n|switch|p2a: Iron Moth|Iron Moth, shiny|100\/100\n|-enditem|p2a: Iron Moth|Booster Energy\n|-activate|p2a: Iron Moth|ability: Quark Drive|[fromitem]\n|-start|p2a: Iron Moth|quarkdrivespe\n|turn|6\n|\n|t:|1700845143\n|-terastallize|p2a: Iron Moth|Fairy\n|move|p2a: Iron Moth|Fiery Dance|p1a: Poliwrath\n|-resisted|p1a: Poliwrath\n|-damage|p1a: Poliwrath|89\/100\n|-boost|p2a: Iron Moth|spa|1\n|move|p1a: Poliwrath|Liquidation|p2a: Iron Moth\n|-damage|p2a: Iron Moth|23\/100\n|\n|-weather|RainDance|[upkeep]\n|upkeep\n|turn|7\n|\n|t:|1700845155\n|-terastallize|p1a: Poliwrath|Poison\n|move|p2a: Iron Moth|Dazzling Gleam|p1a: Poliwrath\n|-resisted|p1a: Poliwrath\n|-damage|p1a: Poliwrath|55\/100\n|move|p1a: Poliwrath|Tera Blast|p2a: Iron Moth|[anim] Tera Blast Poison\n|-supereffective|p2a: Iron Moth\n|-damage|p2a: Iron Moth|0 fnt\n|faint|p2a: Iron Moth\n|-end|p2a: Iron Moth|Quark Drive|[silent]\n|\n|-weather|RainDance|[upkeep]\n|upkeep\n|inactive|nephilimuscat has 120 seconds left.\n|\n|t:|1700845168\n|switch|p2a: Nyoonnnn|Dragonite, M, shiny|100\/100\n|turn|8\n|\n|t:|1700845178\n|move|p1a: Poliwrath|Tera Blast|p2a: Nyoonnnn|[anim] Tera Blast Poison\n|-damage|p2a: Nyoonnnn|82\/100\n|move|p2a: Nyoonnnn|Dragon Dance|p2a: Nyoonnnn\n|-boost|p2a: Nyoonnnn|atk|1\n|-boost|p2a: Nyoonnnn|spe|1\n|\n|-weather|RainDance|[upkeep]\n|-heal|p2a: Nyoonnnn|88\/100|[from] item: Leftovers\n|upkeep\n|turn|9\n|\n|t:|1700845189\n|move|p2a: Nyoonnnn|Dragon Dance|p2a: Nyoonnnn\n|-boost|p2a: Nyoonnnn|atk|1\n|-boost|p2a: Nyoonnnn|spe|1\n|move|p1a: Poliwrath|Drain Punch|p2a: Nyoonnnn\n|-resisted|p2a: Nyoonnnn\n|-damage|p2a: Nyoonnnn|72\/100\n|-heal|p1a: Poliwrath|63\/100|[from] drain|[of] p2a: Nyoonnnn\n|\n|-weather|RainDance|[upkeep]\n|-heal|p2a: Nyoonnnn|79\/100|[from] item: Leftovers\n|upkeep\n|turn|10\n|\n|t:|1700845202\n|switch|p1a: Zapdos|Zapdos|100\/100\n|move|p2a: Nyoonnnn|Dragon Dance|p2a: Nyoonnnn\n|-boost|p2a: Nyoonnnn|atk|1\n|-boost|p2a: Nyoonnnn|spe|1\n|\n|-weather|none\n|-heal|p2a: Nyoonnnn|85\/100|[from] item: Leftovers\n|upkeep\n|turn|11\n|l| CaroOui\n|inactive|Jim511 has 120 seconds left.\n|\n|t:|1700845261\n|move|p2a: Nyoonnnn|Ice Spinner|p1a: Zapdos\n|-supereffective|p1a: Zapdos\n|-damage|p1a: Zapdos|0 fnt\n|faint|p1a: Zapdos\n|\n|-heal|p2a: Nyoonnnn|91\/100|[from] item: Leftovers\n|upkeep\n|-message|Jim511 forfeited.\n|\n|win|nephilimuscat\n|raw|Jim511's rating: 1102 &rarr; <strong>1080<\/strong><br \/>(-22 for losing)\n|raw|nephilimuscat's rating: 1145 &rarr; <strong>1167<\/strong><br \/>(+22 for winning)\n|l|\u2606Jim511\n","uploadtime":1700845277,"views":2,"p1id":"jim511","p2id":"nephilimuscat","formatid":"gen9ou","rating":1080,"private":0,"password":""}