{"id":"gen9ou-1997253061","p1":"littensalt","p2":"TheKebin","format":"[Gen 9] OU","log":"|j|\u2606littensalt\n|j|\u2606TheKebin\n|t:|1700780753\n|gametype|singles\n|player|p1|littensalt|calem-masters|1432\n|player|p2|TheKebin|worker-gen4|1410\n|teamsize|p1|6\n|teamsize|p2|6\n|gen|9\n|tier|[Gen 9] OU\n|rated|\n|rule|Sleep Clause Mod: Limit one foe put to sleep\n|rule|Species Clause: Limit one of each Pok\u00e9mon\n|rule|OHKO Clause: OHKO moves are banned\n|rule|Evasion Items Clause: Evasion items are banned\n|rule|Evasion Moves Clause: Evasion moves are banned\n|rule|Endless Battle Clause: Forcing endless battles is banned\n|rule|HP Percentage Mod: HP is shown in percentages\n|clearpoke\n|poke|p1|Thundurus-Therian, M|\n|poke|p1|Weezing-Galar, M|\n|poke|p1|Cinderace, F|\n|poke|p1|Dragapult, F|\n|poke|p1|Ting-Lu|\n|poke|p1|Zamazenta-*|\n|poke|p2|Dragapult, F|\n|poke|p2|Iron Hands|\n|poke|p2|Rillaboom, F|\n|poke|p2|Haxorus, M|\n|poke|p2|Milotic, F|\n|poke|p2|Iron Moth|\n|teampreview\n|inactive|Battle timer is ON: inactive players will automatically lose when time's up. (requested by littensalt)\n|\n|t:|1700780775\n|start\n|switch|p1a: wheezy outta here|Weezing-Galar, M, shiny|100\/100\n|switch|p2a: Iron Moth|Iron Moth|100\/100\n|-ability|p1a: wheezy outta here|Neutralizing Gas\n|-enditem|p2a: Iron Moth|Booster Energy\n|-activate|p2a: Iron Moth|ability: Quark Drive|[fromitem]\n|-start|p2a: Iron Moth|quarkdrivespe\n|turn|1\n|\n|t:|1700780779\n|-end|p1a: wheezy outta here|ability: Neutralizing Gas\n|switch|p1a: Ting-Lu|Ting-Lu|100\/100\n|-ability|p1a: Ting-Lu|Vessel of Ruin\n|move|p2a: Iron Moth|Fiery Dance|p1a: Ting-Lu\n|-damage|p1a: Ting-Lu|83\/100\n|\n|-heal|p1a: Ting-Lu|90\/100|[from] item: Leftovers\n|upkeep\n|turn|2\n|\n|t:|1700780791\n|move|p2a: Iron Moth|Dazzling Gleam|p1a: Ting-Lu\n|-supereffective|p1a: Ting-Lu\n|-damage|p1a: Ting-Lu|68\/100\n|move|p1a: Ting-Lu|Spikes|p2a: Iron Moth\n|-sidestart|p2: TheKebin|Spikes\n|\n|-heal|p1a: Ting-Lu|74\/100|[from] item: Leftovers\n|upkeep\n|turn|3\n|\n|t:|1700780794\n|move|p2a: Iron Moth|Fiery Dance|p1a: Ting-Lu\n|-damage|p1a: Ting-Lu|58\/100\n|-boost|p2a: Iron Moth|spa|1\n|move|p1a: Ting-Lu|Earthquake|p2a: Iron Moth\n|-supereffective|p2a: Iron Moth\n|-damage|p2a: Iron Moth|0 fnt\n|faint|p2a: Iron Moth\n|-end|p2a: Iron Moth|Quark Drive|[silent]\n|\n|-heal|p1a: Ting-Lu|65\/100|[from] item: Leftovers\n|upkeep\n|\n|t:|1700780802\n|switch|p2a: Rillaboom|Rillaboom, F|100\/100\n|-damage|p2a: Rillaboom|88\/100|[from] Spikes\n|-fieldstart|move: Grassy Terrain|[from] ability: Grassy Surge|[of] p2a: Rillaboom\n|turn|4\n|\n|t:|1700780805\n|switch|p1a: wheezy outta here|Weezing-Galar, M, shiny|100\/100\n|-ability|p1a: wheezy outta here|Neutralizing Gas\n|move|p2a: Rillaboom|U-turn|p1a: wheezy outta here\n|-resisted|p1a: wheezy outta here\n|-damage|p1a: wheezy outta here|95\/100\n|-damage|p2a: Rillaboom|72\/100|[from] item: Rocky Helmet|[of] p1a: wheezy outta here\n|\n|t:|1700780811\n|switch|p2a: Milotic|Milotic, F|100\/100|[from] U-turn\n|\n|-heal|p1a: wheezy outta here|100\/100|[from] Grassy Terrain\n|upkeep\n|turn|5\n|\n|t:|1700780814\n|move|p2a: Milotic|Scald|p1a: wheezy outta here\n|-damage|p1a: wheezy outta here|62\/100\n|move|p1a: wheezy outta here|Will-O-Wisp|p2a: Milotic\n|-status|p2a: Milotic|brn\n|\n|-heal|p1a: wheezy outta here|68\/100|[from] Grassy Terrain\n|-damage|p2a: Milotic|94\/100 brn|[from] brn\n|upkeep\n|turn|6\n|\n|t:|1700780819\n|move|p2a: Milotic|Scald|p1a: wheezy outta here\n|-damage|p1a: wheezy outta here|31\/100\n|move|p1a: wheezy outta here|Pain Split|p2a: Milotic\n|-sethp|p2a: Milotic|60\/100 brn|[from] move: Pain Split|[silent]\n|-sethp|p1a: wheezy outta here|71\/100|[from] move: Pain Split\n|\n|-heal|p2a: Milotic|66\/100 brn|[from] Grassy Terrain\n|-heal|p1a: wheezy outta here|78\/100|[from] Grassy Terrain\n|-damage|p2a: Milotic|60\/100 brn|[from] brn\n|upkeep\n|turn|7\n|\n|t:|1700780831\n|move|p2a: Milotic|Scald|p1a: wheezy outta here\n|-damage|p1a: wheezy outta here|42\/100\n|move|p1a: wheezy outta here|Pain Split|p2a: Milotic\n|-sethp|p2a: Milotic|48\/100 brn|[from] move: Pain Split|[silent]\n|-sethp|p1a: wheezy outta here|57\/100|[from] move: Pain Split\n|\n|-heal|p2a: Milotic|54\/100 brn|[from] Grassy Terrain\n|-heal|p1a: wheezy outta here|63\/100|[from] Grassy Terrain\n|-damage|p2a: Milotic|48\/100 brn|[from] brn\n|upkeep\n|turn|8\n|\n|t:|1700780842\n|move|p2a: Milotic|Recover|p2a: Milotic\n|-heal|p2a: Milotic|98\/100 brn\n|move|p1a: wheezy outta here|Pain Split|p2a: Milotic\n|-sethp|p2a: Milotic|75\/100 brn|[from] move: Pain Split|[silent]\n|-sethp|p1a: wheezy outta here|89\/100|[from] move: Pain Split\n|\n|-heal|p2a: Milotic|81\/100 brn|[from] Grassy Terrain\n|-heal|p1a: wheezy outta here|95\/100|[from] Grassy Terrain\n|-damage|p2a: Milotic|75\/100 brn|[from] brn\n|-fieldend|move: Grassy Terrain\n|upkeep\n|turn|9\n|\n|t:|1700780846\n|move|p2a: Milotic|Scald|p1a: wheezy outta here\n|-damage|p1a: wheezy outta here|61\/100\n|move|p1a: wheezy outta here|Strange Steam|p2a: Milotic\n|-damage|p2a: Milotic|59\/100 brn\n|\n|-damage|p2a: Milotic|53\/100 brn|[from] brn\n|upkeep\n|turn|10\n|-message|TheKebin forfeited.\n|\n|win|littensalt\n|raw|littensalt's rating: 1432 &rarr; <strong>1451<\/strong><br \/>(+19 for winning)\n|raw|TheKebin's rating: 1410 &rarr; <strong>1391<\/strong><br \/>(-19 for losing)\n|l|\u2606TheKebin\n","uploadtime":1700780852,"views":4,"p1id":"littensalt","p2id":"thekebin","formatid":"gen9ou","rating":1391,"private":0,"password":""}