{"id":"gen9ou-1991264120","p1":"DIMU179","p2":"Thehoppa117","format":"[Gen 9] OU","log":"|j|\u2606DIMU179\n|j|\u2606Thehoppa117\n|inactive|Battle timer is ON: inactive players will automatically lose when time's up.\n|t:|1700062481\n|gametype|singles\n|player|p1|DIMU179|benga|\n|player|p2|Thehoppa117|benga|\n|teamsize|p1|6\n|teamsize|p2|6\n|gen|9\n|tier|[Gen 9] OU\n|rated|Tournament battle\n|rule|Sleep Clause Mod: Limit one foe put to sleep\n|rule|Species Clause: Limit one of each Pok\u00e9mon\n|rule|OHKO Clause: OHKO moves are banned\n|rule|Evasion Items Clause: Evasion items are banned\n|rule|Evasion Moves Clause: Evasion moves are banned\n|rule|Endless Battle Clause: Forcing endless battles is banned\n|rule|HP Percentage Mod: HP is shown in percentages\n|clearpoke\n|poke|p1|Heracross, M|\n|poke|p1|Uxie|\n|poke|p1|Kommo-o, F|\n|poke|p1|Toxtricity, F|\n|poke|p1|Slaking, F|\n|poke|p1|Scovillain, F|\n|poke|p2|Heracross, F|\n|poke|p2|Uxie|\n|poke|p2|Kommo-o, F|\n|poke|p2|Toxtricity, M|\n|poke|p2|Slaking, F|\n|poke|p2|Scovillain, M|\n|teampreview\n|j|*Lady Monita \u2746\n|inactive|DIMU179 also wants the timer to be on.\n|\n|t:|1700062494\n|start\n|switch|p1a: Uxie|Uxie|100\/100\n|switch|p2a: Toxtricity|Toxtricity, M|100\/100\n|turn|1\n|\n|t:|1700062507\n|move|p1a: Uxie|Psychic|p2a: Toxtricity\n|-supereffective|p2a: Toxtricity\n|-damage|p2a: Toxtricity|56\/100\n|move|p2a: Toxtricity|Shift Gear|p2a: Toxtricity\n|-boost|p2a: Toxtricity|spe|2\n|-boost|p2a: Toxtricity|atk|1\n|\n|upkeep\n|turn|2\n|j| Fiddlw\n|j| Moonlightchampion\n|\n|t:|1700062519\n|-terastallize|p2a: Toxtricity|Flying\n|move|p2a: Toxtricity|Boomburst|p1a: Uxie\n|-damage|p1a: Uxie|73\/100\n|-enditem|p2a: Toxtricity|Throat Spray\n|-boost|p2a: Toxtricity|spa|1|[from] item: Throat Spray\n|move|p1a: Uxie|Psychic|p2a: Toxtricity\n|-damage|p2a: Toxtricity|34\/100\n|\n|-heal|p1a: Uxie|80\/100|[from] item: Leftovers\n|upkeep\n|turn|3\n|\n|t:|1700062538\n|move|p2a: Toxtricity|Overdrive|p1a: Uxie\n|-damage|p1a: Uxie|47\/100\n|move|p1a: Uxie|Thunder Wave|p2a: Toxtricity\n|-status|p2a: Toxtricity|par\n|\n|-heal|p1a: Uxie|53\/100|[from] item: Leftovers\n|upkeep\n|turn|4\n|\n|t:|1700062550\n|move|p1a: Uxie|Stealth Rock|p2a: Toxtricity\n|-sidestart|p2: Thehoppa117|move: Stealth Rock\n|move|p2a: Toxtricity|Boomburst|p1a: Uxie\n|-damage|p1a: Uxie|15\/100\n|\n|-heal|p1a: Uxie|21\/100|[from] item: Leftovers\n|upkeep\n|turn|5\n|\n|t:|1700062555\n|move|p1a: Uxie|Psychic|p2a: Toxtricity\n|-damage|p2a: Toxtricity|12\/100 par\n|move|p2a: Toxtricity|Boomburst|p1a: Uxie\n|-damage|p1a: Uxie|0 fnt\n|faint|p1a: Uxie\n|\n|upkeep\n|\n|t:|1700062572\n|switch|p1a: Heracross|Heracross, M|100\/100\n|turn|6\n|\n|t:|1700062578\n|move|p1a: Heracross|Facade|p2a: Toxtricity\n|-damage|p2a: Toxtricity|0 fnt\n|faint|p2a: Toxtricity\n|\n|-status|p1a: Heracross|brn|[from] item: Flame Orb\n|upkeep\n|\n|t:|1700062585\n|switch|p2a: Slaking|Slaking, F|100\/100\n|-damage|p2a: Slaking|88\/100|[from] Stealth Rock\n|turn|7\n|\n|t:|1700062591\n|move|p1a: Heracross|Close Combat|p2a: Slaking\n|-supereffective|p2a: Slaking\n|-damage|p2a: Slaking|0 fnt\n|-unboost|p1a: Heracross|def|1\n|-unboost|p1a: Heracross|spd|1\n|faint|p2a: Slaking\n|\n|-damage|p1a: Heracross|95\/100 brn|[from] brn\n|upkeep\n|\n|t:|1700062603\n|switch|p2a: Uxie|Uxie|100\/100\n|-damage|p2a: Uxie|88\/100|[from] Stealth Rock\n|turn|8\n|\n|t:|1700062610\n|switch|p1a: Scovillain|Scovillain, F|100\/100\n|move|p2a: Uxie|Psychic|p1a: Scovillain\n|-damage|p1a: Scovillain|65\/100\n|\n|-heal|p1a: Scovillain|71\/100|[from] item: Leftovers\n|upkeep\n|turn|9\n|\n|t:|1700062615\n|move|p1a: Scovillain|Leech Seed|p2a: Uxie\n|-start|p2a: Uxie|move: Leech Seed\n|move|p2a: Uxie|Stealth Rock|p1a: Scovillain\n|-sidestart|p1: DIMU179|move: Stealth Rock\n|\n|-heal|p1a: Scovillain|77\/100|[from] item: Leftovers\n|-damage|p2a: Uxie|76\/100|[from] Leech Seed|[of] p1a: Scovillain\n|-heal|p1a: Scovillain|90\/100|[silent]\n|upkeep\n|turn|10\n|\n|t:|1700062619\n|move|p1a: Scovillain|Substitute|p1a: Scovillain\n|-start|p1a: Scovillain|Substitute\n|-damage|p1a: Scovillain|65\/100\n|move|p2a: Uxie|Psychic|p1a: Scovillain\n|-end|p1a: Scovillain|Substitute\n|\n|-heal|p1a: Scovillain|71\/100|[from] item: Leftovers\n|-damage|p2a: Uxie|63\/100|[from] Leech Seed|[of] p1a: Scovillain\n|-heal|p1a: Scovillain|85\/100|[silent]\n|upkeep\n|turn|11\n|\n|t:|1700062623\n|move|p1a: Scovillain|Protect|p1a: Scovillain\n|-singleturn|p1a: Scovillain|Protect\n|move|p2a: Uxie|Psychic|p1a: Scovillain\n|-activate|p1a: Scovillain|move: Protect\n|\n|-heal|p1a: Scovillain|91\/100|[from] item: Leftovers\n|-damage|p2a: Uxie|51\/100|[from] Leech Seed|[of] p1a: Scovillain\n|-heal|p1a: Scovillain|100\/100|[silent]\n|upkeep\n|turn|12\n|\n|t:|1700062628\n|switch|p2a: Scovillain|Scovillain, M|100\/100\n|-damage|p2a: Scovillain|76\/100|[from] Stealth Rock\n|move|p1a: Scovillain|Substitute|p1a: Scovillain\n|-start|p1a: Scovillain|Substitute\n|-damage|p1a: Scovillain|76\/100\n|\n|-heal|p1a: Scovillain|82\/100|[from] item: Leftovers\n|upkeep\n|turn|13\n|\n|t:|1700062634\n|move|p1a: Scovillain|Flamethrower|p2a: Scovillain\n|-damage|p2a: Scovillain|13\/100\n|move|p2a: Scovillain|Flamethrower|p1a: Scovillain\n|-end|p1a: Scovillain|Substitute\n|-damage|p2a: Scovillain|3\/100|[from] item: Life Orb\n|\n|-heal|p1a: Scovillain|88\/100|[from] item: Leftovers\n|upkeep\n|turn|14\n|\n|t:|1700062641\n|move|p2a: Scovillain|Flamethrower|p1a: Scovillain\n|-damage|p1a: Scovillain|14\/100\n|-damage|p2a: Scovillain|0 fnt|[from] item: Life Orb\n|faint|p2a: Scovillain\n|move|p1a: Scovillain|Flamethrower|p2: Scovillain|[notarget]\n|-fail|p1a: Scovillain\n|\n|-heal|p1a: Scovillain|20\/100|[from] item: Leftovers\n|upkeep\n|\n|t:|1700062666\n|switch|p2a: Uxie|Uxie|51\/100\n|-damage|p2a: Uxie|38\/100|[from] Stealth Rock\n|turn|15\n|\n|t:|1700062671\n|move|p1a: Scovillain|Flamethrower|p2a: Uxie\n|-damage|p2a: Uxie|20\/100\n|move|p2a: Uxie|Psychic|p1a: Scovillain\n|-damage|p1a: Scovillain|0 fnt\n|faint|p1a: Scovillain\n|\n|upkeep\n|\n|t:|1700062682\n|switch|p1a: Heracross|Heracross, M|95\/100 brn\n|-damage|p1a: Heracross|82\/100 brn|[from] Stealth Rock\n|turn|16\n|\n|t:|1700062685\n|move|p1a: Heracross|Trailblaze|p2a: Uxie\n|-damage|p2a: Uxie|0 fnt\n|-boost|p1a: Heracross|spe|1\n|-damage|p1a: Heracross|66\/100 brn|[from] item: Rocky Helmet|[of] p2a: Uxie\n|faint|p2a: Uxie\n|\n|-damage|p1a: Heracross|60\/100 brn|[from] brn\n|upkeep\n|\n|t:|1700062691\n|switch|p2a: Heracross|Heracross, F|100\/100\n|-damage|p2a: Heracross|88\/100|[from] Stealth Rock\n|turn|17\n|\n|t:|1700062696\n|move|p2a: Heracross|Protect|p2a: Heracross\n|-singleturn|p2a: Heracross|Protect\n|move|p1a: Heracross|Facade|p2a: Heracross\n|-activate|p2a: Heracross|move: Protect\n|\n|-damage|p1a: Heracross|54\/100 brn|[from] brn\n|-status|p2a: Heracross|brn|[from] item: Flame Orb\n|upkeep\n|turn|18\n|\n|t:|1700062701\n|move|p1a: Heracross|Facade|p2a: Heracross\n|-damage|p2a: Heracross|0 fnt\n|faint|p2a: Heracross\n|\n|-damage|p1a: Heracross|48\/100 brn|[from] brn\n|upkeep\n|\n|t:|1700062704\n|switch|p2a: Kommo-o|Kommo-o, F|100\/100\n|-damage|p2a: Kommo-o|94\/100|[from] Stealth Rock\n|turn|19\n|\n|t:|1700062714\n|move|p1a: Heracross|Facade|p2a: Kommo-o\n|-damage|p2a: Kommo-o|29\/100\n|-enditem|p2a: Kommo-o|Sitrus Berry|[eat]\n|-heal|p2a: Kommo-o|54\/100|[from] item: Sitrus Berry\n|move|p2a: Kommo-o|Clangorous Soul|p2a: Kommo-o\n|-boost|p2a: Kommo-o|atk|1\n|-boost|p2a: Kommo-o|def|1\n|-boost|p2a: Kommo-o|spa|1\n|-boost|p2a: Kommo-o|spd|1\n|-boost|p2a: Kommo-o|spe|1\n|-damage|p2a: Kommo-o|21\/100\n|\n|-damage|p1a: Heracross|42\/100 brn|[from] brn\n|upkeep\n|turn|20\n|j| FormationX\n|\n|t:|1700062722\n|move|p2a: Kommo-o|Earthquake|p1a: Heracross\n|-resisted|p1a: Heracross\n|-damage|p1a: Heracross|8\/100 brn\n|move|p1a: Heracross|Facade|p2a: Kommo-o\n|-damage|p2a: Kommo-o|0 fnt\n|faint|p2a: Kommo-o\n|\n|win|DIMU179\n|n|\u2606DIMU179|dimu179\n|n|\u2606Thehoppa117|thehoppa117\n|n|*Lady Monita \u2746|ladymonita\n|n| Fiddlw|fiddlw\n|n| Moonlightchampion|moonlightchampion\n|n| FormationX|formationx\n|l|*Lady Monita \u2746\n|c|\u2606DIMU179|gg\n|j| Boyca\n|l| Fiddlw\n|c|\u2606Thehoppa117|gg\n","uploadtime":1700062735,"views":13,"p1id":"dimu179","p2id":"thehoppa117","formatid":"gen9ou","rating":0,"private":0,"password":""}