{"id":"gen9ou-1989448322","p1":"Onte bad","p2":"Aldrick C","format":"[Gen 9] OU","log":"|j|\u2606Onte bad\n|j|\u2606Aldrick C\n|t:|1699851998\n|gametype|singles\n|player|p1|Onte bad|2|1131\n|player|p2|Aldrick C|lucas|1166\n|teamsize|p1|6\n|teamsize|p2|6\n|gen|9\n|tier|[Gen 9] OU\n|rated|\n|rule|Sleep Clause Mod: Limit one foe put to sleep\n|rule|Species Clause: Limit one of each Pok\u00e9mon\n|rule|OHKO Clause: OHKO moves are banned\n|rule|Evasion Items Clause: Evasion items are banned\n|rule|Evasion Moves Clause: Evasion moves are banned\n|rule|Endless Battle Clause: Forcing endless battles is banned\n|rule|HP Percentage Mod: HP is shown in percentages\n|clearpoke\n|poke|p1|Gholdengo|\n|poke|p1|Glimmora, F|\n|poke|p1|Ribombee, M|\n|poke|p1|Cinderace, M|\n|poke|p1|Dragonite, M|\n|poke|p1|Thundurus-Therian, M|\n|poke|p2|Enamorus, F|\n|poke|p2|Dragapult, F|\n|poke|p2|Iron Valiant|\n|poke|p2|Gholdengo|\n|poke|p2|Iron Treads|\n|poke|p2|Dragonite, M|\n|teampreview\n|inactive|Battle timer is ON: inactive players will automatically lose when time's up. (requested by Aldrick C)\n|\n|t:|1699852007\n|start\n|switch|p1a: Cinderace|Cinderace, M|100\/100\n|switch|p2a: Iron Treads|Iron Treads|100\/100\n|-enditem|p2a: Iron Treads|Booster Energy\n|-activate|p2a: Iron Treads|ability: Quark Drive|[fromitem]\n|-start|p2a: Iron Treads|quarkdrivespe\n|turn|1\n|\n|t:|1699852025\n|-end|p2a: Iron Treads|Quark Drive|[silent]\n|switch|p2a: Dragapult|Dragapult, F|100\/100\n|move|p1a: Cinderace|High Jump Kick|p2a: Dragapult\n|-start|p1a: Cinderace|typechange|Fighting|[from] ability: Libero\n|-immune|p2a: Dragapult\n|-damage|p1a: Cinderace|51\/100|[from] highjumpkick\n|\n|upkeep\n|turn|2\n|\n|t:|1699852037\n|switch|p1a: Ribombee|Ribombee, M|100\/100\n|move|p2a: Dragapult|Dragon Dance|p2a: Dragapult\n|-boost|p2a: Dragapult|atk|1\n|-boost|p2a: Dragapult|spe|1\n|\n|upkeep\n|turn|3\n|\n|t:|1699852043\n|move|p2a: Dragapult|Phantom Force||[still]\n|-prepare|p2a: Dragapult|Phantom Force\n|move|p1a: Ribombee|Moonblast|p2a: Dragapult|[miss]\n|-miss|p1a: Ribombee|p2a: Dragapult\n|\n|upkeep\n|turn|4\n|\n|t:|1699852048\n|move|p2a: Dragapult|Phantom Force|p1a: Ribombee|[from]lockedmove\n|-enditem|p1a: Ribombee|Focus Sash\n|-damage|p1a: Ribombee|1\/100\n|move|p1a: Ribombee|Moonblast|p2a: Dragapult\n|-supereffective|p2a: Dragapult\n|-enditem|p2a: Dragapult|Focus Sash\n|-damage|p2a: Dragapult|1\/100\n|\n|upkeep\n|turn|5\n|\n|t:|1699852059\n|move|p2a: Dragapult|Tera Blast|p1a: Ribombee\n|-damage|p1a: Ribombee|0 fnt\n|faint|p1a: Ribombee\n|\n|upkeep\n|\n|t:|1699852061\n|switch|p1a: Glimmora|Glimmora, F|100\/100\n|turn|6\n|\n|t:|1699852082\n|move|p2a: Dragapult|Phantom Force||[still]\n|-prepare|p2a: Dragapult|Phantom Force\n|move|p1a: Glimmora|Mortal Spin|p2a: Dragapult|[miss]\n|-miss|p1a: Glimmora|p2a: Dragapult\n|\n|upkeep\n|turn|7\n|\n|t:|1699852088\n|move|p2a: Dragapult|Phantom Force|p1a: Glimmora|[from]lockedmove\n|-damage|p1a: Glimmora|33\/100\n|-activate|p1a: Glimmora|ability: Toxic Debris\n|-sidestart|p2: Aldrick C|move: Toxic Spikes\n|move|p1a: Glimmora|Mortal Spin|p2a: Dragapult\n|-resisted|p2a: Dragapult\n|-damage|p2a: Dragapult|0 fnt\n|faint|p2a: Dragapult\n|\n|upkeep\n|\n|t:|1699852091\n|switch|p2a: Iron Treads|Iron Treads|100\/100\n|turn|8\n|\n|t:|1699852099\n|move|p2a: Iron Treads|Rapid Spin|p1a: Glimmora\n|-resisted|p1a: Glimmora\n|-damage|p1a: Glimmora|27\/100\n|-boost|p2a: Iron Treads|spe|1\n|-activate|p1a: Glimmora|ability: Toxic Debris\n|-sidestart|p2: Aldrick C|move: Toxic Spikes\n|-sideend|p2: Aldrick C|Toxic Spikes|[from] move: Rapid Spin|[of] p2a: Iron Treads\n|move|p1a: Glimmora|Earth Power|p2a: Iron Treads\n|-supereffective|p2a: Iron Treads\n|-damage|p2a: Iron Treads|37\/100\n|\n|upkeep\n|turn|9\n|\n|t:|1699852106\n|move|p2a: Iron Treads|Earthquake|p1a: Glimmora\n|-supereffective|p1a: Glimmora\n|-damage|p1a: Glimmora|0 fnt\n|-activate|p1a: Glimmora|ability: Toxic Debris\n|-sidestart|p2: Aldrick C|move: Toxic Spikes\n|faint|p1a: Glimmora\n|\n|upkeep\n|\n|t:|1699852126\n|switch|p1a: Cinderace|Cinderace, M|51\/100\n|turn|10\n|\n|t:|1699852135\n|move|p2a: Iron Treads|Rapid Spin|p1a: Cinderace\n|-damage|p1a: Cinderace|32\/100\n|-boost|p2a: Iron Treads|spe|1\n|-sideend|p2: Aldrick C|Toxic Spikes|[from] move: Rapid Spin|[of] p2a: Iron Treads\n|move|p1a: Cinderace|Pyro Ball|p2a: Iron Treads\n|-supereffective|p2a: Iron Treads\n|-damage|p2a: Iron Treads|0 fnt\n|faint|p2a: Iron Treads\n|-end|p2a: Iron Treads|Quark Drive|[silent]\n|\n|upkeep\n|\n|t:|1699852142\n|switch|p2a: Dragonite|Dragonite, M|100\/100\n|turn|11\n|\n|t:|1699852147\n|move|p2a: Dragonite|Extreme Speed|p1a: Cinderace\n|-damage|p1a: Cinderace|0 fnt\n|faint|p1a: Cinderace\n|\n|upkeep\n|\n|t:|1699852151\n|switch|p1a: Gholdengo|Gholdengo|100\/100\n|turn|12\n|\n|t:|1699852157\n|move|p2a: Dragonite|Earthquake|p1a: Gholdengo\n|-supereffective|p1a: Gholdengo\n|-damage|p1a: Gholdengo|23\/100\n|move|p1a: Gholdengo|Shadow Ball|p2a: Dragonite\n|-damage|p2a: Dragonite|84\/100\n|\n|-heal|p1a: Gholdengo|29\/100|[from] item: Leftovers\n|upkeep\n|turn|13\n|\n|t:|1699852162\n|switch|p1a: Dragonite|Dragonite, M|100\/100\n|move|p2a: Dragonite|Earthquake|p1a: Dragonite\n|-immune|p1a: Dragonite\n|\n|upkeep\n|turn|14\n|\n|t:|1699852168\n|move|p1a: Dragonite|Dragon Dance|p1a: Dragonite\n|-boost|p1a: Dragonite|atk|1\n|-boost|p1a: Dragonite|spe|1\n|move|p2a: Dragonite|Ice Spinner|p1a: Dragonite\n|-supereffective|p1a: Dragonite\n|-damage|p1a: Dragonite|35\/100\n|\n|upkeep\n|turn|15\n|\n|t:|1699852174\n|-terastallize|p1a: Dragonite|Normal\n|-terastallize|p2a: Dragonite|Normal\n|move|p1a: Dragonite|Extreme Speed|p2a: Dragonite\n|-damage|p2a: Dragonite|12\/100\n|move|p2a: Dragonite|Extreme Speed|p1a: Dragonite\n|-damage|p1a: Dragonite|0 fnt\n|faint|p1a: Dragonite\n|\n|upkeep\n|\n|t:|1699852180\n|switch|p1a: Thundurus|Thundurus-Therian, M|100\/100\n|turn|16\n|\n|t:|1699852189\n|move|p2a: Dragonite|Extreme Speed|p1a: Thundurus\n|-damage|p1a: Thundurus|30\/100\n|move|p1a: Thundurus|Volt Switch|p2a: Dragonite\n|-damage|p2a: Dragonite|0 fnt\n|faint|p2a: Dragonite\n|\n|t:|1699852199\n|switch|p1a: Gholdengo|Gholdengo|29\/100|[from] Volt Switch\n|\n|-heal|p1a: Gholdengo|35\/100|[from] item: Leftovers\n|upkeep\n|\n|t:|1699852221\n|switch|p2a: Iron Valiant|Iron Valiant|100\/100\n|-enditem|p2a: Iron Valiant|Booster Energy\n|-activate|p2a: Iron Valiant|ability: Quark Drive|[fromitem]\n|-start|p2a: Iron Valiant|quarkdrivespe\n|turn|17\n|\n|t:|1699852224\n|move|p2a: Iron Valiant|Moonblast|p1a: Gholdengo\n|-resisted|p1a: Gholdengo\n|-crit|p1a: Gholdengo\n|-damage|p1a: Gholdengo|11\/100\n|-unboost|p1a: Gholdengo|spa|1\n|move|p1a: Gholdengo|Recover|p1a: Gholdengo\n|-heal|p1a: Gholdengo|61\/100\n|\n|-heal|p1a: Gholdengo|67\/100|[from] item: Leftovers\n|upkeep\n|turn|18\n|\n|t:|1699852232\n|-end|p2a: Iron Valiant|Quark Drive|[silent]\n|switch|p2a: Gholdengo|Gholdengo|100\/100\n|-item|p2a: Gholdengo|Air Balloon\n|move|p1a: Gholdengo|Recover|p1a: Gholdengo\n|-heal|p1a: Gholdengo|100\/100\n|\n|upkeep\n|turn|19\n|\n|t:|1699852247\n|switch|p1a: Thundurus|Thundurus-Therian, M|30\/100\n|move|p2a: Gholdengo|Shadow Ball|p1a: Thundurus\n|-damage|p1a: Thundurus|0 fnt\n|faint|p1a: Thundurus\n|\n|upkeep\n|\n|t:|1699852249\n|switch|p1a: Gholdengo|Gholdengo|100\/100\n|turn|20\n|\n|t:|1699852260\n|move|p2a: Gholdengo|Shadow Ball|p1a: Gholdengo\n|-supereffective|p1a: Gholdengo\n|-damage|p1a: Gholdengo|41\/100\n|-unboost|p1a: Gholdengo|spd|1\n|move|p1a: Gholdengo|Shadow Ball|p2a: Gholdengo\n|-supereffective|p2a: Gholdengo\n|-damage|p2a: Gholdengo|22\/100\n|-enditem|p2a: Gholdengo|Air Balloon\n|\n|-heal|p1a: Gholdengo|47\/100|[from] item: Leftovers\n|upkeep\n|turn|21\n|\n|t:|1699852269\n|move|p2a: Gholdengo|Shadow Ball|p1a: Gholdengo\n|-supereffective|p1a: Gholdengo\n|-damage|p1a: Gholdengo|0 fnt\n|faint|p1a: Gholdengo\n|\n|win|Aldrick C\n|raw|Onte bad's rating: 1131 &rarr; <strong>1109<\/strong><br \/>(-22 for losing)\n|raw|Aldrick C's rating: 1166 &rarr; <strong>1188<\/strong><br \/>(+22 for winning)\n|c|\u2606Onte bad|ggs\n","uploadtime":1699852272,"views":9,"p1id":"ontebad","p2id":"aldrickc","formatid":"gen9ou","rating":1109,"private":0,"password":""}