{"id":"gen9ou-1992380710","p1":"gock glocker","p2":"OUVT TOSHI","format":"[Gen 9] OU","log":"|j|\u2606gock glocker\n|j|\u2606OUVT TOSHI\n|t:|1700180938\n|gametype|singles\n|player|p1|gock glocker|acerola-masters|1719\n|player|p2|OUVT TOSHI|palmer|1865\n|teamsize|p1|6\n|teamsize|p2|6\n|gen|9\n|tier|[Gen 9] OU\n|rated|\n|rule|Sleep Clause Mod: Limit one foe put to sleep\n|rule|Species Clause: Limit one of each Pok\u00e9mon\n|rule|OHKO Clause: OHKO moves are banned\n|rule|Evasion Items Clause: Evasion items are banned\n|rule|Evasion Moves Clause: Evasion moves are banned\n|rule|Endless Battle Clause: Forcing endless battles is banned\n|rule|HP Percentage Mod: HP is shown in percentages\n|clearpoke\n|poke|p1|Landorus-Therian, M|\n|poke|p1|Kingambit, F|\n|poke|p1|Ogerpon-Wellspring, F|\n|poke|p1|Dragapult, M|\n|poke|p1|Zapdos|\n|poke|p1|Mew|\n|poke|p2|Ogerpon-Wellspring, F|\n|poke|p2|Zamazenta-*|\n|poke|p2|Ting-Lu|\n|poke|p2|Iron Moth|\n|poke|p2|Zapdos|\n|poke|p2|Ursaluna, F|\n|teampreview\n|inactive|Battle timer is ON: inactive players will automatically lose when time's up. (requested by gock glocker)\n|inactive|gock glocker has 120 seconds left.\n|j| SwabbyYabby\n|j| yosoyunbe\n|\n|t:|1700180993\n|start\n|switch|p1a: Mew|Mew|100\/100\n|switch|p2a: Ting-Lu|Ting-Lu|100\/100\n|-ability|p2a: Ting-Lu|Vessel of Ruin\n|turn|1\n|j| I love gliscor tbh\n|\n|t:|1700181002\n|move|p1a: Mew|Taunt|p2a: Ting-Lu\n|-start|p2a: Ting-Lu|move: Taunt\n|cant|p2a: Ting-Lu|move: Taunt|Stealth Rock\n|\n|upkeep\n|turn|2\n|\n|t:|1700181008\n|switch|p2a: Ursaluna|Ursaluna, F|100\/100\n|move|p1a: Mew|Stealth Rock|p2a: Ursaluna\n|-sidestart|p2: OUVT TOSHI|move: Stealth Rock\n|\n|-status|p2a: Ursaluna|brn|[from] item: Flame Orb\n|upkeep\n|turn|3\n|\n|t:|1700181017\n|move|p1a: Mew|Ice Beam|p2a: Ursaluna\n|-supereffective|p2a: Ursaluna\n|-damage|p2a: Ursaluna|53\/100 brn\n|move|p2a: Ursaluna|Facade|p1a: Mew\n|-enditem|p1a: Mew|Focus Sash\n|-damage|p1a: Mew|1\/100\n|\n|-damage|p2a: Ursaluna|47\/100 brn|[from] brn\n|upkeep\n|turn|4\n|\n|t:|1700181028\n|switch|p2a: Ting-Lu|Ting-Lu|100\/100\n|-damage|p2a: Ting-Lu|94\/100|[from] Stealth Rock\n|-ability|p2a: Ting-Lu|Vessel of Ruin\n|move|p1a: Mew|Ice Beam|p2a: Ting-Lu\n|-supereffective|p2a: Ting-Lu\n|-damage|p2a: Ting-Lu|73\/100\n|-status|p2a: Ting-Lu|frz\n|\n|-heal|p2a: Ting-Lu|79\/100 frz|[from] item: Leftovers\n|upkeep\n|turn|5\n|\n|t:|1700181034\n|switch|p2a: Ogerpon|Ogerpon-Wellspring, F|100\/100\n|-damage|p2a: Ogerpon|88\/100|[from] Stealth Rock\n|move|p1a: Mew|Taunt|p2a: Ogerpon\n|-start|p2a: Ogerpon|move: Taunt\n|\n|upkeep\n|turn|6\n|j| Roshino\n|\n|t:|1700181040\n|move|p2a: Ogerpon|Ivy Cudgel|p1a: Mew|[anim] Ivy Cudgel Water\n|-damage|p1a: Mew|0 fnt\n|faint|p1a: Mew\n|\n|upkeep\n|\n|t:|1700181042\n|switch|p1a: Dragapult|Dragapult, M|100\/100\n|turn|7\n|\n|t:|1700181047\n|switch|p2a: Ting-Lu|Ting-Lu|79\/100 frz\n|-damage|p2a: Ting-Lu|73\/100 frz|[from] Stealth Rock\n|-ability|p2a: Ting-Lu|Vessel of Ruin\n|move|p1a: Dragapult|Draco Meteor|p2a: Ting-Lu\n|-damage|p2a: Ting-Lu|36\/100 frz\n|-unboost|p1a: Dragapult|spa|2\n|\n|-heal|p2a: Ting-Lu|43\/100 frz|[from] item: Leftovers\n|upkeep\n|turn|8\n|\n|t:|1700181055\n|switch|p1a: Ogerpon|Ogerpon-Wellspring, F|100\/100\n|cant|p2a: Ting-Lu|frz\n|\n|-heal|p2a: Ting-Lu|49\/100 frz|[from] item: Leftovers\n|upkeep\n|turn|9\n|\n|t:|1700181059\n|switch|p2a: Zamazenta|Zamazenta|100\/100\n|-ability|p2a: Zamazenta|Dauntless Shield|boost\n|-boost|p2a: Zamazenta|def|1\n|move|p1a: Ogerpon|Ivy Cudgel|p2a: Zamazenta|[anim] Ivy Cudgel Water\n|-damage|p2a: Zamazenta|67\/100\n|\n|upkeep\n|turn|10\n|\n|t:|1700181068\n|switch|p1a: Zapdos|Zapdos|100\/100\n|-terastallize|p2a: Zamazenta|Ice\n|move|p2a: Zamazenta|Tera Blast|p1a: Zapdos|[anim] Tera Blast Ice\n|-supereffective|p1a: Zapdos\n|-damage|p1a: Zapdos|11\/100\n|\n|upkeep\n|turn|11\n|l| SwabbyYabby\n|c|\u2606gock glocker|would ice fang not be more consistant\n|c|\u2606gock glocker|or is there a calc that im missing\n|inactive|gock glocker has 120 seconds left.\n|\n|t:|1700181100\n|move|p2a: Zamazenta|Tera Blast|p1a: Zapdos|[anim] Tera Blast Ice\n|-supereffective|p1a: Zapdos\n|-damage|p1a: Zapdos|0 fnt\n|faint|p1a: Zapdos\n|\n|upkeep\n|inactive|gock glocker has 120 seconds left.\n|\n|t:|1700181123\n|switch|p1a: Dragapult|Dragapult, M|100\/100\n|turn|12\n|\n|t:|1700181128\n|switch|p2a: Ting-Lu|Ting-Lu|49\/100 frz\n|-damage|p2a: Ting-Lu|43\/100 frz|[from] Stealth Rock\n|-ability|p2a: Ting-Lu|Vessel of Ruin\n|move|p1a: Dragapult|Draco Meteor|p2a: Ting-Lu\n|-damage|p2a: Ting-Lu|6\/100 frz\n|-unboost|p1a: Dragapult|spa|2\n|\n|-heal|p2a: Ting-Lu|12\/100 frz|[from] item: Leftovers\n|upkeep\n|turn|13\n|inactive|gock glocker has 120 seconds left.\n|\n|t:|1700181135\n|switch|p1a: Ogerpon|Ogerpon-Wellspring, F|100\/100\n|cant|p2a: Ting-Lu|frz\n|\n|-heal|p2a: Ting-Lu|18\/100 frz|[from] item: Leftovers\n|upkeep\n|turn|14\n|\n|t:|1700181143\n|switch|p2a: Zamazenta|Zamazenta, tera:Ice|67\/100\n|move|p1a: Ogerpon|Horn Leech|p2a: Zamazenta\n|-damage|p2a: Zamazenta|27\/100\n|\n|upkeep\n|turn|15\n|\n|t:|1700181150\n|move|p2a: Zamazenta|Close Combat|p1a: Ogerpon\n|-damage|p1a: Ogerpon|29\/100\n|-unboost|p2a: Zamazenta|def|1\n|-unboost|p2a: Zamazenta|spd|1\n|move|p1a: Ogerpon|Horn Leech|p2a: Zamazenta\n|-damage|p2a: Zamazenta|0 fnt\n|-heal|p1a: Ogerpon|45\/100|[from] drain|[of] p2a: Zamazenta\n|faint|p2a: Zamazenta\n|\n|upkeep\n|\n|t:|1700181155\n|switch|p2a: Ogerpon|Ogerpon-Wellspring, F|88\/100\n|-damage|p2a: Ogerpon|76\/100|[from] Stealth Rock\n|turn|16\n|\n|t:|1700181159\n|move|p1a: Ogerpon|U-turn|p2a: Ogerpon\n|-supereffective|p2a: Ogerpon\n|-damage|p2a: Ogerpon|0 fnt\n|faint|p2a: Ogerpon\n|\n|t:|1700181172\n|switch|p1a: Dragapult|Dragapult, M|100\/100|[from] U-turn\n|\n|upkeep\n|\n|t:|1700181182\n|switch|p2a: Zapdos|Zapdos|100\/100\n|turn|17\n|inactive|gock glocker has 120 seconds left.\n|\n|t:|1700181216\n|switch|p2a: Ting-Lu|Ting-Lu|18\/100 frz\n|-damage|p2a: Ting-Lu|12\/100 frz|[from] Stealth Rock\n|-ability|p2a: Ting-Lu|Vessel of Ruin\n|move|p1a: Dragapult|Draco Meteor|p2a: Ting-Lu\n|-damage|p2a: Ting-Lu|0 fnt\n|-unboost|p1a: Dragapult|spa|2\n|faint|p2a: Ting-Lu\n|\n|upkeep\n|\n|t:|1700181229\n|switch|p2a: Zapdos|Zapdos|100\/100\n|turn|18\n|\n|t:|1700181238\n|switch|p1a: Kingambit|Kingambit, F|100\/100\n|-activate|p1a: Kingambit|ability: Supreme Overlord\n|-start|p1a: Kingambit|fallen2|[silent]\n|move|p2a: Zapdos|Hurricane|p1a: Kingambit\n|-resisted|p1a: Kingambit\n|-crit|p1a: Kingambit\n|-damage|p1a: Kingambit|66\/100\n|\n|-heal|p1a: Kingambit|72\/100|[from] item: Leftovers\n|upkeep\n|turn|19\n|\n|t:|1700181248\n|move|p2a: Zapdos|Discharge|p1a: Kingambit\n|-damage|p1a: Kingambit|40\/100\n|move|p1a: Kingambit|Swords Dance|p1a: Kingambit\n|-boost|p1a: Kingambit|atk|2\n|\n|-heal|p1a: Kingambit|46\/100|[from] item: Leftovers\n|upkeep\n|turn|20\n|\n|t:|1700181260\n|move|p2a: Zapdos|Heat Wave|p1a: Kingambit\n|-supereffective|p1a: Kingambit\n|-damage|p1a: Kingambit|0 fnt\n|faint|p1a: Kingambit\n|-end|p1a: Kingambit|fallen2|[silent]\n|\n|upkeep\n|c|\u2606gock glocker|f\n|\n|t:|1700181268\n|switch|p1a: Dragapult|Dragapult, M|100\/100\n|turn|21\n|\n|t:|1700181273\n|switch|p2a: Ursaluna|Ursaluna, F|47\/100 brn\n|-damage|p2a: Ursaluna|41\/100 brn|[from] Stealth Rock\n|move|p1a: Dragapult|Draco Meteor|p2a: Ursaluna\n|-damage|p2a: Ursaluna|0 fnt\n|-unboost|p1a: Dragapult|spa|2\n|faint|p2a: Ursaluna\n|\n|upkeep\n|\n|t:|1700181278\n|switch|p2a: Zapdos|Zapdos|100\/100\n|turn|22\n|\n|t:|1700181282\n|switch|p1a: Landorus|Landorus-Therian, M|100\/100\n|-ability|p1a: Landorus|Intimidate|boost\n|-unboost|p2a: Zapdos|atk|1\n|move|p2a: Zapdos|Hurricane|p1a: Landorus\n|-damage|p1a: Landorus|53\/100\n|-start|p1a: Landorus|confusion\n|\n|-heal|p1a: Landorus|59\/100|[from] item: Leftovers\n|upkeep\n|turn|23\n|\n|t:|1700181291\n|-activate|p1a: Landorus|confusion\n|-damage|p1a: Landorus|47\/100|[from] confusion\n|move|p2a: Zapdos|Hurricane|p1a: Landorus|[miss]\n|-miss|p2a: Zapdos|p1a: Landorus\n|\n|-heal|p1a: Landorus|54\/100|[from] item: Leftovers\n|upkeep\n|turn|24\n|\n|t:|1700181297\n|-activate|p1a: Landorus|confusion\n|move|p1a: Landorus|Smack Down|p2a: Zapdos\n|-supereffective|p2a: Zapdos\n|-damage|p2a: Zapdos|72\/100\n|-start|p2a: Zapdos|Smack Down\n|move|p2a: Zapdos|Hurricane|p1a: Landorus\n|-damage|p1a: Landorus|3\/100\n|\n|-heal|p1a: Landorus|9\/100|[from] item: Leftovers\n|upkeep\n|turn|25\n|\n|t:|1700181309\n|-activate|p1a: Landorus|confusion\n|-damage|p1a: Landorus|0 fnt|[from] confusion\n|faint|p1a: Landorus\n|move|p2a: Zapdos|Heat Wave|p1: Landorus|[notarget]\n|-fail|p2a: Zapdos\n|\n|upkeep\n|c|\u2606gock glocker|YOU HAD ONE JOB\n|\n|t:|1700181317\n|switch|p1a: Dragapult|Dragapult, M|100\/100\n|turn|26\n|\n|t:|1700181330\n|move|p1a: Dragapult|Draco Meteor|p2a: Zapdos\n|-damage|p2a: Zapdos|0 fnt\n|-unboost|p1a: Dragapult|spa|2\n|faint|p2a: Zapdos\n|\n|upkeep\n|\n|t:|1700181335\n|switch|p2a: Iron Moth|Iron Moth|100\/100\n|-damage|p2a: Iron Moth|76\/100|[from] Stealth Rock\n|-enditem|p2a: Iron Moth|Booster Energy\n|-activate|p2a: Iron Moth|ability: Quark Drive|[fromitem]\n|-start|p2a: Iron Moth|quarkdrivespe\n|turn|27\n|\n|t:|1700181341\n|switch|p1a: Ogerpon|Ogerpon-Wellspring, F|45\/100\n|move|p2a: Iron Moth|Fiery Dance|p1a: Ogerpon\n|-damage|p1a: Ogerpon|0 fnt\n|-boost|p2a: Iron Moth|spa|1\n|faint|p1a: Ogerpon\n|\n|upkeep\n|\n|t:|1700181343\n|switch|p1a: Dragapult|Dragapult, M|100\/100\n|turn|28\n|\n|t:|1700181352\n|-terastallize|p1a: Dragapult|Ghost\n|move|p2a: Iron Moth|Dazzling Gleam|p1a: Dragapult\n|-damage|p1a: Dragapult|41\/100\n|move|p1a: Dragapult|Draco Meteor|p2a: Iron Moth\n|-damage|p2a: Iron Moth|0 fnt\n|-unboost|p1a: Dragapult|spa|2\n|faint|p2a: Iron Moth\n|-end|p2a: Iron Moth|Quark Drive|[silent]\n|\n|win|gock glocker\n|raw|gock glocker's rating: 1719 &rarr; <strong>1747<\/strong><br \/>(+28 for winning)\n|raw|OUVT TOSHI's rating: 1865 &rarr; <strong>1837<\/strong><br \/>(-28 for losing)\n|c|\u2606gock glocker|gg\n|c|\u2606OUVT TOSHI|gg\n","uploadtime":1700181366,"views":10,"p1id":"gockglocker","p2id":"ouvttoshi","formatid":"gen9ou","rating":1747,"private":0,"password":""}