{"id":"gen9ou-1989443303","p1":"kuhihuihihhuhi","p2":"w omegalul w","format":"[Gen 9] OU","log":"|j|\u2606kuhihuihihhuhi\n|j|\u2606w omegalul w\n|inactive|Battle timer is ON: inactive players will automatically lose when time's up.\n|t:|1699851230\n|gametype|singles\n|player|p1|kuhihuihihhuhi|266|\n|player|p2|w omegalul w|harlequin|\n|teamsize|p1|6\n|teamsize|p2|6\n|gen|9\n|tier|[Gen 9] OU\n|rated|Tournament battle\n|rule|Sleep Clause Mod: Limit one foe put to sleep\n|rule|Species Clause: Limit one of each Pok\u00e9mon\n|rule|OHKO Clause: OHKO moves are banned\n|rule|Evasion Items Clause: Evasion items are banned\n|rule|Evasion Moves Clause: Evasion moves are banned\n|rule|Endless Battle Clause: Forcing endless battles is banned\n|rule|HP Percentage Mod: HP is shown in percentages\n|clearpoke\n|poke|p1|Shaymin|\n|poke|p1|Zapdos|\n|poke|p1|Heatran, M|\n|poke|p1|Great Tusk|\n|poke|p1|Dragapult, M|\n|poke|p1|Samurott-Hisui, M|\n|poke|p2|Rillaboom, M|\n|poke|p2|Sneasler, M|\n|poke|p2|Heatran, F|\n|poke|p2|Slowking-Galar, F|\n|poke|p2|Clefable, F|\n|poke|p2|Corviknight, M|\n|teampreview\n|j|*Lady Monita \u2746\n|inactive|kuhihuihihhuhi has 120 seconds left.\n|\n|t:|1699851262\n|start\n|switch|p1a: Zapdos|Zapdos|100\/100\n|switch|p2a: Heatran|Heatran, F|100\/100\n|-ability|p1a: Zapdos|Pressure\n|-item|p2a: Heatran|Air Balloon\n|turn|1\n|\n|t:|1699851283\n|switch|p1a: Samurott|Samurott-Hisui, M|100\/100\n|move|p2a: Heatran|Magma Storm|p1a: Samurott|[miss]\n|-miss|p2a: Heatran|p1a: Samurott\n|\n|upkeep\n|turn|2\n|\n|t:|1699851296\n|switch|p2a: Rillaboom|Rillaboom, M, shiny|100\/100\n|-fieldstart|move: Grassy Terrain|[from] ability: Grassy Surge|[of] p2a: Rillaboom\n|move|p1a: Samurott|Knock Off|p2a: Rillaboom\n|-damage|p2a: Rillaboom|26\/100\n|-enditem|p2a: Rillaboom|Leftovers|[from] move: Knock Off|[of] p1a: Samurott\n|\n|-heal|p2a: Rillaboom|32\/100|[from] Grassy Terrain\n|upkeep\n|turn|3\n|\n|t:|1699851308\n|switch|p1a: Zapdos|Zapdos|100\/100\n|-ability|p1a: Zapdos|Pressure\n|move|p2a: Rillaboom|Grassy Glide|p1a: Zapdos\n|-resisted|p1a: Zapdos\n|-damage|p1a: Zapdos|83\/100\n|\n|-heal|p2a: Rillaboom|38\/100|[from] Grassy Terrain\n|upkeep\n|turn|4\n|\n|t:|1699851320\n|switch|p2a: Slowking|Slowking-Galar, F|100\/100\n|move|p1a: Zapdos|Volt Switch|p2a: Slowking\n|-damage|p2a: Slowking|88\/100\n|\n|t:|1699851334\n|switch|p1a: Samurott|Samurott-Hisui, M|100\/100|[from] Volt Switch\n|\n|-heal|p2a: Slowking|94\/100|[from] Grassy Terrain\n|upkeep\n|turn|5\n|\n|t:|1699851342\n|switch|p2a: Clefable|Clefable, F|100\/100\n|move|p1a: Samurott|Ceaseless Edge|p2a: Clefable\n|-resisted|p2a: Clefable\n|-damage|p2a: Clefable|70\/100\n|-sidestart|p2: w omegalul w|Spikes\n|\n|-heal|p2a: Clefable|76\/100|[from] Grassy Terrain\n|-heal|p2a: Clefable|82\/100|[from] item: Leftovers\n|upkeep\n|turn|6\n|\n|t:|1699851356\n|switch|p1a: Heatran|Heatran, M|100\/100\n|move|p2a: Clefable|Moonblast|p1a: Heatran\n|-resisted|p1a: Heatran\n|-damage|p1a: Heatran|95\/100\n|\n|-heal|p1a: Heatran|100\/100|[from] Grassy Terrain\n|-heal|p2a: Clefable|89\/100|[from] Grassy Terrain\n|-heal|p2a: Clefable|95\/100|[from] item: Leftovers\n|-fieldend|move: Grassy Terrain\n|upkeep\n|turn|7\n|\n|t:|1699851366\n|switch|p2a: Rillaboom|Rillaboom, M, shiny|38\/100\n|-damage|p2a: Rillaboom|26\/100|[from] Spikes\n|-fieldstart|move: Grassy Terrain|[from] ability: Grassy Surge|[of] p2a: Rillaboom\n|move|p1a: Heatran|Stealth Rock|p2a: Rillaboom\n|-sidestart|p2: w omegalul w|move: Stealth Rock\n|\n|-heal|p2a: Rillaboom|32\/100|[from] Grassy Terrain\n|upkeep\n|turn|8\n|\n|t:|1699851379\n|switch|p1a: Zapdos|Zapdos|83\/100\n|-ability|p1a: Zapdos|Pressure\n|move|p2a: Rillaboom|Knock Off|p1a: Zapdos\n|-damage|p1a: Zapdos|55\/100\n|-enditem|p1a: Zapdos|Heavy-Duty Boots|[from] move: Knock Off|[of] p2a: Rillaboom\n|\n|-heal|p2a: Rillaboom|38\/100|[from] Grassy Terrain\n|upkeep\n|turn|9\n|\n|t:|1699851386\n|move|p2a: Rillaboom|Grassy Glide|p1a: Zapdos\n|-resisted|p1a: Zapdos\n|-damage|p1a: Zapdos|38\/100\n|move|p1a: Zapdos|Roost|p1a: Zapdos\n|-heal|p1a: Zapdos|88\/100\n|-singleturn|p1a: Zapdos|move: Roost\n|\n|-heal|p1a: Zapdos|95\/100|[from] Grassy Terrain\n|-heal|p2a: Rillaboom|44\/100|[from] Grassy Terrain\n|upkeep\n|turn|10\n|\n|t:|1699851392\n|move|p1a: Zapdos|Hurricane|p2a: Rillaboom\n|-supereffective|p2a: Rillaboom\n|-damage|p2a: Rillaboom|0 fnt\n|faint|p2a: Rillaboom\n|\n|upkeep\n|\n|t:|1699851394\n|switch|p2a: Slowking|Slowking-Galar, F|100\/100\n|-damage|p2a: Slowking|88\/100|[from] Spikes\n|-damage|p2a: Slowking|76\/100|[from] Stealth Rock\n|turn|11\n|\n|t:|1699851398\n|move|p1a: Zapdos|Volt Switch|p2a: Slowking\n|-damage|p2a: Slowking|63\/100\n|\n|t:|1699851410\n|switch|p1a: Samurott|Samurott-Hisui, M|100\/100|[from] Volt Switch\n|move|p2a: Slowking|Future Sight|p1a: Samurott\n|-start|p2a: Slowking|move: Future Sight\n|\n|-heal|p2a: Slowking|70\/100|[from] Grassy Terrain\n|-fieldend|move: Grassy Terrain\n|upkeep\n|turn|12\n|\n|t:|1699851428\n|move|p1a: Samurott|Knock Off|p2a: Slowking\n|-supereffective|p2a: Slowking\n|-crit|p2a: Slowking\n|-damage|p2a: Slowking|0 fnt\n|-enditem|p2a: Slowking|Assault Vest|[from] move: Knock Off|[of] p1a: Samurott\n|faint|p2a: Slowking\n|\n|upkeep\n|\n|t:|1699851432\n|switch|p2a: Corviknight|Corviknight, M|100\/100\n|-damage|p2a: Corviknight|88\/100|[from] Stealth Rock\n|-ability|p2a: Corviknight|Pressure\n|turn|13\n|-message|w omegalul w forfeited.\n|\n|win|kuhihuihihhuhi\n|n|\u2606kuhihuihihhuhi|kuhihuihihhuhi\n|n|\u2606w omegalul w|womegalulw\n|n|*Lady Monita \u2746|ladymonita\n|l|*Lady Monita \u2746\n|l|\u2606w omegalul w\n","uploadtime":1699851442,"views":10,"p1id":"kuhihuihihhuhi","p2id":"womegalulw","formatid":"gen9ou","rating":0,"private":0,"password":""}