{"id":"gen9ou-1996786460","p1":"AkiDes","p2":"Thehombre","format":"[Gen 9] OU","log":"|j|\u2606AkiDes\n|j|\u2606Thehombre\n|t:|1700725133\n|gametype|singles\n|player|p1|AkiDes|cilan|1257\n|player|p2|Thehombre|1|1185\n|teamsize|p1|6\n|teamsize|p2|6\n|gen|9\n|tier|[Gen 9] OU\n|rated|\n|rule|Sleep Clause Mod: Limit one foe put to sleep\n|rule|Species Clause: Limit one of each Pok\u00e9mon\n|rule|OHKO Clause: OHKO moves are banned\n|rule|Evasion Items Clause: Evasion items are banned\n|rule|Evasion Moves Clause: Evasion moves are banned\n|rule|Endless Battle Clause: Forcing endless battles is banned\n|rule|HP Percentage Mod: HP is shown in percentages\n|clearpoke\n|poke|p1|Greninja-*, M|\n|poke|p1|Dragonite, F|\n|poke|p1|Cinderace, M|\n|poke|p1|Mandibuzz, F|\n|poke|p1|Jolteon, M|\n|poke|p1|Gengar, M|\n|poke|p2|Kingambit, M|\n|poke|p2|Ninetales-Alola, F|\n|poke|p2|Samurott-Hisui, M|\n|poke|p2|Masquerain, M|\n|poke|p2|Manaphy|\n|poke|p2|Maushold-Four|\n|teampreview\n|inactive|Battle timer is ON: inactive players will automatically lose when time's up. (requested by Thehombre)\n|\n|t:|1700725143\n|start\n|switch|p1a: Jarcres|Jolteon, M|100\/100\n|switch|p2a: Maushold|Maushold-Four|100\/100\n|turn|1\n|\n|t:|1700725152\n|move|p1a: Jarcres|Volt Switch|p2a: Maushold\n|-damage|p2a: Maushold|34\/100\n|\n|t:|1700725157\n|switch|p1a: Clefable? ._.|Gengar, M|100\/100|[from] Volt Switch\n|move|p2a: Maushold|Tidy Up|p2a: Maushold\n|-boost|p2a: Maushold|atk|1\n|-boost|p2a: Maushold|spe|1\n|\n|upkeep\n|turn|2\n|\n|t:|1700725164\n|move|p2a: Maushold|Bite|p1a: Clefable? ._.\n|-supereffective|p1a: Clefable? ._.\n|-damage|p1a: Clefable? ._.|0 fnt\n|faint|p1a: Clefable? ._.\n|\n|upkeep\n|\n|t:|1700725173\n|switch|p1a: SIUUUU|Cinderace, M|100\/100\n|turn|3\n|\n|t:|1700725175\n|move|p1a: SIUUUU|Sucker Punch|p2a: Maushold\n|-start|p1a: SIUUUU|typechange|Dark|[from] ability: Libero\n|-damage|p2a: Maushold|0 fnt\n|faint|p2a: Maushold\n|\n|upkeep\n|\n|t:|1700725178\n|switch|p2a: Masquerain|Masquerain, M|100\/100\n|-ability|p2a: Masquerain|Intimidate|boost\n|-unboost|p1a: SIUUUU|atk|1\n|turn|4\n|\n|t:|1700725183\n|move|p1a: SIUUUU|U-turn|p2a: Masquerain\n|-resisted|p2a: Masquerain\n|-damage|p2a: Masquerain|88\/100\n|\n|t:|1700725187\n|switch|p1a: Festin celestial|Mandibuzz, F|100\/100|[from] U-turn\n|move|p2a: Masquerain|Sticky Web|p1a: Festin celestial\n|-sidestart|p1: AkiDes|move: Sticky Web\n|\n|upkeep\n|turn|5\n|\n|t:|1700725197\n|move|p2a: Masquerain|Ice Beam|p1a: Festin celestial\n|-supereffective|p1a: Festin celestial\n|-damage|p1a: Festin celestial|54\/100\n|move|p1a: Festin celestial|Toxic|p2a: Masquerain\n|-status|p2a: Masquerain|tox\n|\n|-damage|p2a: Masquerain|82\/100 tox|[from] psn\n|upkeep\n|turn|6\n|\n|t:|1700725206\n|move|p2a: Masquerain|Ice Beam|p1a: Festin celestial\n|-supereffective|p1a: Festin celestial\n|-damage|p1a: Festin celestial|10\/100\n|move|p1a: Festin celestial|Roost|p1a: Festin celestial\n|-heal|p1a: Festin celestial|60\/100\n|-singleturn|p1a: Festin celestial|move: Roost\n|\n|-damage|p2a: Masquerain|70\/100 tox|[from] psn\n|upkeep\n|turn|7\n|\n|t:|1700725215\n|move|p2a: Masquerain|Ice Beam|p1a: Festin celestial\n|-supereffective|p1a: Festin celestial\n|-damage|p1a: Festin celestial|14\/100\n|move|p1a: Festin celestial|Defog|p2a: Masquerain\n|-unboost|p2a: Masquerain|evasion|1\n|-sideend|p1: AkiDes|Sticky Web|[from] move: Defog|[of] p1a: Festin celestial\n|\n|-damage|p2a: Masquerain|52\/100 tox|[from] psn\n|upkeep\n|turn|8\n|\n|t:|1700725226\n|switch|p1a: Chispin|Greninja, M, shiny|100\/100\n|move|p2a: Masquerain|Sticky Web|p1a: Chispin\n|-sidestart|p1: AkiDes|move: Sticky Web\n|\n|-damage|p2a: Masquerain|28\/100 tox|[from] psn\n|upkeep\n|turn|9\n|\n|t:|1700725240\n|switch|p2a: Ninetales|Ninetales-Alola, F|100\/100\n|-weather|Snow|[from] ability: Snow Warning|[of] p2a: Ninetales\n|move|p1a: Chispin|Dark Pulse|p2a: Ninetales\n|-start|p1a: Chispin|typechange|Dark|[from] ability: Protean\n|-resisted|p2a: Ninetales\n|-damage|p2a: Ninetales|80\/100\n|\n|-weather|Snow|[upkeep]\n|upkeep\n|turn|10\n|\n|t:|1700725244\n|switch|p1a: Festin celestial|Mandibuzz, F|14\/100\n|move|p2a: Ninetales|Aurora Veil|p2a: Ninetales\n|-sidestart|p2: Thehombre|move: Aurora Veil\n|\n|-weather|Snow|[upkeep]\n|upkeep\n|turn|11\n|\n|t:|1700725256\n|move|p2a: Ninetales|Blizzard|p1a: Festin celestial\n|-supereffective|p1a: Festin celestial\n|-damage|p1a: Festin celestial|0 fnt\n|faint|p1a: Festin celestial\n|\n|-weather|Snow|[upkeep]\n|upkeep\n|\n|t:|1700725268\n|switch|p1a: SIUUUU|Cinderace, M|100\/100\n|-activate|p1a: SIUUUU|move: Sticky Web\n|-unboost|p1a: SIUUUU|spe|1\n|turn|12\n|\n|t:|1700725274\n|move|p2a: Ninetales|Blizzard|p1a: SIUUUU\n|-resisted|p1a: SIUUUU\n|-damage|p1a: SIUUUU|81\/100\n|move|p1a: SIUUUU|Pyro Ball|p2a: Ninetales|[miss]\n|-miss|p1a: SIUUUU|p2a: Ninetales\n|\n|-weather|Snow|[upkeep]\n|upkeep\n|turn|13\n|\n|t:|1700725279\n|switch|p2a: Samurott|Samurott-Hisui, M|100\/100\n|move|p1a: SIUUUU|Pyro Ball|p2a: Samurott|[miss]\n|-miss|p1a: SIUUUU|p2a: Samurott\n|\n|-weather|none\n|upkeep\n|turn|14\n|\n|t:|1700725286\n|move|p2a: Samurott|Aqua Cutter|p1a: SIUUUU\n|-supereffective|p1a: SIUUUU\n|-damage|p1a: SIUUUU|0 fnt\n|faint|p1a: SIUUUU\n|\n|upkeep\n|\n|t:|1700725306\n|switch|p1a: Cacahuate|Dragonite, F|100\/100\n|turn|15\n|\n|t:|1700725312\n|move|p2a: Samurott|Ceaseless Edge|p1a: Cacahuate\n|-damage|p1a: Cacahuate|76\/100\n|-sidestart|p1: AkiDes|Spikes\n|move|p1a: Cacahuate|Dragon Dance|p1a: Cacahuate\n|-boost|p1a: Cacahuate|atk|1\n|-boost|p1a: Cacahuate|spe|1\n|\n|upkeep\n|turn|16\n|\n|t:|1700725322\n|move|p1a: Cacahuate|Dragon Dance|p1a: Cacahuate\n|-boost|p1a: Cacahuate|atk|1\n|-boost|p1a: Cacahuate|spe|1\n|move|p2a: Samurott|Ceaseless Edge|p1a: Cacahuate\n|-damage|p1a: Cacahuate|20\/100\n|-sidestart|p1: AkiDes|Spikes\n|\n|upkeep\n|turn|17\n|\n|t:|1700725327\n|move|p1a: Cacahuate|Earthquake|p2a: Samurott\n|-damage|p2a: Samurott|48\/100\n|move|p2a: Samurott|Ceaseless Edge|p1a: Cacahuate\n|-crit|p1a: Cacahuate\n|-damage|p1a: Cacahuate|0 fnt\n|-sidestart|p1: AkiDes|Spikes\n|faint|p1a: Cacahuate\n|\n|-sideend|p2: Thehombre|move: Aurora Veil\n|upkeep\n|\n|t:|1700725335\n|switch|p1a: Chispin|Greninja, M, shiny|100\/100\n|-activate|p1a: Chispin|move: Sticky Web\n|-unboost|p1a: Chispin|spe|1\n|-damage|p1a: Chispin|76\/100|[from] Spikes\n|turn|18\n|\n|t:|1700725338\n|move|p1a: Chispin|Grass Knot|p2a: Samurott\n|-start|p1a: Chispin|typechange|Grass|[from] ability: Protean\n|-supereffective|p2a: Samurott\n|-damage|p2a: Samurott|0 fnt\n|faint|p2a: Samurott\n|\n|upkeep\n|\n|t:|1700725344\n|switch|p2a: Ninetales|Ninetales-Alola, F|80\/100\n|-weather|Snow|[from] ability: Snow Warning|[of] p2a: Ninetales\n|turn|19\n|\n|t:|1700725348\n|move|p1a: Chispin|Grass Knot|p2a: Ninetales\n|-damage|p2a: Ninetales|58\/100\n|move|p2a: Ninetales|Aurora Veil|p2a: Ninetales\n|-sidestart|p2: Thehombre|move: Aurora Veil\n|\n|-weather|Snow|[upkeep]\n|upkeep\n|turn|20\n|\n|t:|1700725351\n|move|p1a: Chispin|Grass Knot|p2a: Ninetales\n|-damage|p2a: Ninetales|47\/100\n|move|p2a: Ninetales|Blizzard|p1a: Chispin\n|-supereffective|p1a: Chispin\n|-crit|p1a: Chispin\n|-damage|p1a: Chispin|0 fnt\n|faint|p1a: Chispin\n|\n|-weather|Snow|[upkeep]\n|upkeep\n|\n|t:|1700725354\n|switch|p1a: Jarcres|Jolteon, M|100\/100\n|-activate|p1a: Jarcres|move: Sticky Web\n|-unboost|p1a: Jarcres|spe|1\n|-damage|p1a: Jarcres|76\/100|[from] Spikes\n|turn|21\n|\n|t:|1700725357\n|move|p2a: Ninetales|Blizzard|p1a: Jarcres\n|-damage|p1a: Jarcres|23\/100\n|move|p1a: Jarcres|Thunderbolt|p2a: Ninetales\n|-damage|p2a: Ninetales|7\/100\n|\n|-weather|Snow|[upkeep]\n|upkeep\n|turn|22\n|\n|t:|1700725362\n|move|p2a: Ninetales|Blizzard|p1a: Jarcres\n|-damage|p1a: Jarcres|0 fnt\n|faint|p1a: Jarcres\n|\n|win|Thehombre\n|raw|AkiDes's rating: 1257 &rarr; <strong>1227<\/strong><br \/>(-30 for losing)\n|raw|Thehombre's rating: 1185 &rarr; <strong>1215<\/strong><br \/>(+30 for winning)\n|l|\u2606AkiDes\n","uploadtime":1700725365,"views":3,"p1id":"akides","p2id":"thehombre","formatid":"gen9ou","rating":1215,"private":0,"password":""}