{"id":"gen9ou-1995799617","p1":"tua94892","p2":"Sprocket0835","format":"[Gen 9] OU","log":"|j|\u2606tua94892\n|j|\u2606Sprocket0835\n|t:|1700604326\n|gametype|singles\n|player|p1|tua94892|2|1471\n|player|p2|Sprocket0835|hilbert|1437\n|teamsize|p1|6\n|teamsize|p2|6\n|gen|9\n|tier|[Gen 9] OU\n|rated|\n|rule|Sleep Clause Mod: Limit one foe put to sleep\n|rule|Species Clause: Limit one of each Pok\u00e9mon\n|rule|OHKO Clause: OHKO moves are banned\n|rule|Evasion Items Clause: Evasion items are banned\n|rule|Evasion Moves Clause: Evasion moves are banned\n|rule|Endless Battle Clause: Forcing endless battles is banned\n|rule|HP Percentage Mod: HP is shown in percentages\n|clearpoke\n|poke|p1|Iron Hands|\n|poke|p1|Heatran, F|\n|poke|p1|Enamorus-Therian, F|\n|poke|p1|Iron Moth|\n|poke|p1|Ursaluna, F|\n|poke|p1|Braviary-Hisui, M|\n|poke|p2|Mamoswine, M|\n|poke|p2|Volcanion|\n|poke|p2|Zapdos|\n|poke|p2|Slowking-Galar, M|\n|poke|p2|Great Tusk|\n|poke|p2|Gholdengo|\n|teampreview\n|\n|t:|1700604377\n|start\n|switch|p1a: Iron Moth|Iron Moth|100\/100\n|switch|p2a: Mamoswine|Mamoswine, M|100\/100\n|-enditem|p1a: Iron Moth|Booster Energy\n|-activate|p1a: Iron Moth|ability: Quark Drive|[fromitem]\n|-start|p1a: Iron Moth|quarkdrivespa\n|turn|1\n|inactive|Battle timer is ON: inactive players will automatically lose when time's up. (requested by tua94892)\n|\n|t:|1700604383\n|move|p1a: Iron Moth|Energy Ball|p2a: Mamoswine\n|-supereffective|p2a: Mamoswine\n|-enditem|p2a: Mamoswine|Focus Sash\n|-damage|p2a: Mamoswine|1\/100\n|move|p2a: Mamoswine|Earthquake|p1a: Iron Moth\n|-supereffective|p1a: Iron Moth\n|-damage|p1a: Iron Moth|0 fnt\n|faint|p1a: Iron Moth\n|-end|p1a: Iron Moth|Quark Drive|[silent]\n|\n|upkeep\n|\n|t:|1700604406\n|switch|p1a: Braviary|Braviary-Hisui, M, shiny|100\/100\n|turn|2\n|\n|t:|1700604409\n|move|p2a: Mamoswine|Icicle Crash|p1a: Braviary\n|-supereffective|p1a: Braviary\n|-crit|p1a: Braviary\n|-damage|p1a: Braviary|0 fnt\n|faint|p1a: Braviary\n|\n|upkeep\n|\n|t:|1700604420\n|switch|p1a: Enamorus|Enamorus-Therian, F|100\/100\n|turn|3\n|\n|t:|1700604425\n|move|p2a: Mamoswine|Icicle Crash|p1a: Enamorus\n|-supereffective|p1a: Enamorus\n|-damage|p1a: Enamorus|45\/100\n|move|p1a: Enamorus|Draining Kiss|p2a: Mamoswine\n|-damage|p2a: Mamoswine|0 fnt\n|-heal|p1a: Enamorus|46\/100|[from] drain|[of] p2a: Mamoswine\n|faint|p2a: Mamoswine\n|\n|-heal|p1a: Enamorus|52\/100|[from] item: Leftovers\n|upkeep\n|\n|t:|1700604432\n|switch|p2a: Gholdengo|Gholdengo|100\/100\n|turn|4\n|\n|t:|1700604442\n|switch|p1a: Ursaluna|Ursaluna, F|100\/100\n|move|p2a: Gholdengo|Make It Rain|p1a: Ursaluna\n|-damage|p1a: Ursaluna|65\/100\n|-unboost|p2a: Gholdengo|spa|1\n|\n|-heal|p1a: Ursaluna|71\/100|[from] item: Leftovers\n|upkeep\n|turn|5\n|\n|t:|1700604458\n|switch|p2a: Great Tusk|Great Tusk|100\/100\n|-enditem|p2a: Great Tusk|Booster Energy\n|-activate|p2a: Great Tusk|ability: Protosynthesis|[fromitem]\n|-start|p2a: Great Tusk|protosynthesisspe\n|move|p1a: Ursaluna|Headlong Rush|p2a: Great Tusk\n|-damage|p2a: Great Tusk|65\/100\n|-unboost|p1a: Ursaluna|def|1\n|-unboost|p1a: Ursaluna|spd|1\n|\n|-heal|p1a: Ursaluna|77\/100|[from] item: Leftovers\n|upkeep\n|turn|6\n|\n|t:|1700604469\n|switch|p1a: Enamorus|Enamorus-Therian, F|52\/100\n|move|p2a: Great Tusk|Bulk Up|p2a: Great Tusk\n|-boost|p2a: Great Tusk|atk|1\n|-boost|p2a: Great Tusk|def|1\n|\n|-heal|p1a: Enamorus|58\/100|[from] item: Leftovers\n|upkeep\n|turn|7\n|\n|t:|1700604477\n|move|p2a: Great Tusk|Ice Spinner|p1a: Enamorus\n|-supereffective|p1a: Enamorus\n|-damage|p1a: Enamorus|13\/100\n|move|p1a: Enamorus|Draining Kiss|p2a: Great Tusk\n|-supereffective|p2a: Great Tusk\n|-damage|p2a: Great Tusk|2\/100\n|-heal|p1a: Enamorus|71\/100|[from] drain|[of] p2a: Great Tusk\n|\n|-heal|p1a: Enamorus|77\/100|[from] item: Leftovers\n|upkeep\n|turn|8\n|\n|t:|1700604493\n|-end|p2a: Great Tusk|Protosynthesis|[silent]\n|switch|p2a: Gholdengo|Gholdengo|100\/100\n|move|p1a: Enamorus|Draining Kiss|p2a: Gholdengo\n|-resisted|p2a: Gholdengo\n|-damage|p2a: Gholdengo|88\/100\n|-heal|p1a: Enamorus|86\/100|[from] drain|[of] p2a: Gholdengo\n|\n|-heal|p1a: Enamorus|92\/100|[from] item: Leftovers\n|upkeep\n|turn|9\n|\n|t:|1700604502\n|switch|p1a: Ursaluna|Ursaluna, F|77\/100\n|move|p2a: Gholdengo|Trick|p1a: Ursaluna\n|-activate|p2a: Gholdengo|move: Trick|[of] p1a: Ursaluna\n|-item|p1a: Ursaluna|Choice Scarf|[from] move: Trick\n|-item|p2a: Gholdengo|Leftovers|[from] move: Trick\n|\n|-heal|p2a: Gholdengo|94\/100|[from] item: Leftovers\n|upkeep\n|turn|10\n|\n|t:|1700604511\n|switch|p2a: Zapdos|Zapdos|100\/100\n|move|p1a: Ursaluna|Ice Punch|p2a: Zapdos\n|-supereffective|p2a: Zapdos\n|-damage|p2a: Zapdos|62\/100\n|\n|upkeep\n|turn|11\n|\n|t:|1700604517\n|switch|p2a: Volcanion|Volcanion|100\/100\n|move|p1a: Ursaluna|Ice Punch|p2a: Volcanion\n|-resisted|p2a: Volcanion\n|-damage|p2a: Volcanion|95\/100\n|\n|upkeep\n|turn|12\n|\n|t:|1700604528\n|switch|p1a: Iron Hands|Iron Hands|100\/100\n|move|p2a: Volcanion|Steam Eruption|p1a: Iron Hands\n|-damage|p1a: Iron Hands|62\/100\n|\n|-heal|p1a: Iron Hands|68\/100|[from] item: Leftovers\n|upkeep\n|turn|13\n|\n|t:|1700604552\n|switch|p2a: Slowking|Slowking-Galar, M|100\/100\n|move|p1a: Iron Hands|Thunder Punch|p2a: Slowking\n|-damage|p2a: Slowking|64\/100\n|\n|-heal|p1a: Iron Hands|74\/100|[from] item: Leftovers\n|upkeep\n|turn|14\n|\n|t:|1700604558\n|-end|p1a: Iron Hands|Quark Drive|[silent]\n|switch|p1a: Ursaluna|Ursaluna, F|77\/100\n|move|p2a: Slowking|Future Sight|p1a: Ursaluna\n|-start|p2a: Slowking|move: Future Sight\n|\n|upkeep\n|turn|15\n|\n|t:|1700604571\n|switch|p2a: Zapdos|Zapdos|62\/100\n|move|p1a: Ursaluna|Ice Punch|p2a: Zapdos\n|-supereffective|p2a: Zapdos\n|-crit|p2a: Zapdos\n|-damage|p2a: Zapdos|2\/100\n|\n|upkeep\n|turn|16\n|\n|t:|1700604588\n|switch|p2a: Slowking|Slowking-Galar, M|97\/100\n|move|p1a: Ursaluna|Ice Punch|p2a: Slowking\n|-damage|p2a: Slowking|75\/100\n|\n|-end|p1a: Ursaluna|move: Future Sight\n|-damage|p1a: Ursaluna|49\/100\n|upkeep\n|turn|17\n|\n|t:|1700604596\n|switch|p1a: Heatran|Heatran, F|100\/100\n|move|p2a: Slowking|Sludge Bomb|p1a: Heatran\n|-immune|p1a: Heatran\n|\n|upkeep\n|turn|18\n|\n|t:|1700604603\n|move|p1a: Heatran|Magma Storm|p2a: Slowking\n|-damage|p2a: Slowking|48\/100\n|-activate|p2a: Slowking|move: Magma Storm|[of] p1a: Heatran\n|move|p2a: Slowking|Thunder Wave|p1a: Heatran\n|-status|p1a: Heatran|par\n|\n|-damage|p2a: Slowking|35\/100|[from] move: Magma Storm|[partiallytrapped]\n|upkeep\n|turn|19\n|\n|t:|1700604610\n|move|p1a: Heatran|Earth Power|p2a: Slowking\n|-supereffective|p2a: Slowking\n|-damage|p2a: Slowking|5\/100\n|move|p2a: Slowking|Chilly Reception|p2a: Slowking\n|-weather|Snow\n|\n|t:|1700604614\n|switch|p2a: Great Tusk|Great Tusk|2\/100|[from] Chilly Reception\n|\n|-weather|Snow|[upkeep]\n|upkeep\n|turn|20\n|\n|t:|1700604619\n|move|p2a: Great Tusk|Headlong Rush|p1a: Heatran\n|-supereffective|p1a: Heatran\n|-damage|p1a: Heatran|0 fnt\n|-unboost|p2a: Great Tusk|def|1\n|-unboost|p2a: Great Tusk|spd|1\n|faint|p1a: Heatran\n|\n|-weather|Snow|[upkeep]\n|upkeep\n|\n|t:|1700604627\n|switch|p1a: Ursaluna|Ursaluna, F|49\/100\n|turn|21\n|\n|t:|1700604647\n|move|p2a: Great Tusk|Ice Spinner|p1a: Ursaluna\n|-supereffective|p1a: Ursaluna\n|-damage|p1a: Ursaluna|16\/100\n|move|p1a: Ursaluna|Headlong Rush|p2a: Great Tusk\n|-damage|p2a: Great Tusk|0 fnt\n|-unboost|p1a: Ursaluna|def|1\n|-unboost|p1a: Ursaluna|spd|1\n|faint|p2a: Great Tusk\n|-end|p2a: Great Tusk|Protosynthesis|[silent]\n|\n|-weather|Snow|[upkeep]\n|upkeep\n|\n|t:|1700604652\n|switch|p2a: Zapdos|Zapdos|2\/100\n|turn|22\n|\n|t:|1700604658\n|switch|p1a: Iron Hands|Iron Hands|74\/100\n|move|p2a: Zapdos|Roost|p2a: Zapdos\n|-heal|p2a: Zapdos|52\/100\n|-singleturn|p2a: Zapdos|move: Roost\n|\n|-weather|Snow|[upkeep]\n|-heal|p1a: Iron Hands|80\/100|[from] item: Leftovers\n|upkeep\n|turn|23\n|\n|t:|1700604666\n|move|p2a: Zapdos|Roost|p2a: Zapdos\n|-heal|p2a: Zapdos|100\/100\n|-singleturn|p2a: Zapdos|move: Roost\n|move|p1a: Iron Hands|Thunder Punch|p2a: Zapdos\n|-resisted|p2a: Zapdos\n|-damage|p2a: Zapdos|84\/100\n|\n|-weather|none\n|-heal|p1a: Iron Hands|86\/100|[from] item: Leftovers\n|upkeep\n|turn|24\n|\n|t:|1700604675\n|move|p2a: Zapdos|Hurricane|p1a: Iron Hands\n|-damage|p1a: Iron Hands|57\/100\n|move|p1a: Iron Hands|Ice Punch|p2a: Zapdos\n|-supereffective|p2a: Zapdos\n|-damage|p2a: Zapdos|42\/100\n|\n|-heal|p1a: Iron Hands|63\/100|[from] item: Leftovers\n|upkeep\n|turn|25\n|\n|t:|1700604682\n|move|p2a: Zapdos|Roost|p2a: Zapdos\n|-heal|p2a: Zapdos|92\/100\n|-singleturn|p2a: Zapdos|move: Roost\n|move|p1a: Iron Hands|Thunder Punch|p2a: Zapdos\n|-resisted|p2a: Zapdos\n|-damage|p2a: Zapdos|76\/100\n|\n|-heal|p1a: Iron Hands|69\/100|[from] item: Leftovers\n|upkeep\n|turn|26\n|\n|t:|1700604692\n|move|p2a: Zapdos|Hurricane|p1a: Iron Hands\n|-damage|p1a: Iron Hands|39\/100\n|-start|p1a: Iron Hands|confusion\n|-activate|p1a: Iron Hands|confusion\n|-damage|p1a: Iron Hands|31\/100|[from] confusion\n|\n|-heal|p1a: Iron Hands|38\/100|[from] item: Leftovers\n|upkeep\n|turn|27\n|\n|t:|1700604700\n|switch|p2a: Volcanion|Volcanion|95\/100\n|-activate|p1a: Iron Hands|confusion\n|-damage|p1a: Iron Hands|30\/100|[from] confusion\n|\n|-heal|p1a: Iron Hands|36\/100|[from] item: Leftovers\n|upkeep\n|turn|28\n|\n|t:|1700604714\n|-end|p1a: Iron Hands|Quark Drive|[silent]\n|switch|p1a: Ursaluna|Ursaluna, F|16\/100\n|-terastallize|p2a: Volcanion|Fairy\n|move|p2a: Volcanion|Steam Eruption|p1a: Ursaluna\n|-supereffective|p1a: Ursaluna\n|-damage|p1a: Ursaluna|0 fnt\n|faint|p1a: Ursaluna\n|\n|upkeep\n|\n|t:|1700604722\n|switch|p1a: Enamorus|Enamorus-Therian, F|92\/100\n|turn|29\n|\n|t:|1700604729\n|move|p2a: Volcanion|Sludge Bomb|p1a: Enamorus\n|-supereffective|p1a: Enamorus\n|-damage|p1a: Enamorus|33\/100\n|move|p1a: Enamorus|Calm Mind|p1a: Enamorus\n|-boost|p1a: Enamorus|spa|1\n|-boost|p1a: Enamorus|spd|1\n|\n|-heal|p1a: Enamorus|39\/100|[from] item: Leftovers\n|upkeep\n|turn|30\n|\n|t:|1700604738\n|-terastallize|p1a: Enamorus|Steel\n|move|p2a: Volcanion|Sludge Bomb|p1a: Enamorus\n|-immune|p1a: Enamorus\n|move|p1a: Enamorus|Draining Kiss|p2a: Volcanion\n|-damage|p2a: Volcanion|72\/100\n|-heal|p1a: Enamorus|56\/100|[from] drain|[of] p2a: Volcanion\n|\n|-heal|p1a: Enamorus|62\/100|[from] item: Leftovers\n|upkeep\n|turn|31\n|\n|t:|1700604747\n|move|p2a: Volcanion|Flamethrower|p1a: Enamorus\n|-supereffective|p1a: Enamorus\n|-damage|p1a: Enamorus|0 fnt\n|faint|p1a: Enamorus\n|\n|upkeep\n|\n|t:|1700604753\n|switch|p1a: Iron Hands|Iron Hands|36\/100\n|turn|32\n|\n|t:|1700604755\n|move|p2a: Volcanion|Tera Blast|p1a: Iron Hands|[anim] Tera Blast Fairy\n|-supereffective|p1a: Iron Hands\n|-damage|p1a: Iron Hands|0 fnt\n|faint|p1a: Iron Hands\n|-end|p1a: Iron Hands|Quark Drive|[silent]\n|\n|win|Sprocket0835\n|raw|tua94892's rating: 1471 &rarr; <strong>1449<\/strong><br \/>(-22 for losing)\n|raw|Sprocket0835's rating: 1437 &rarr; <strong>1459<\/strong><br \/>(+22 for winning)\n|l|\u2606tua94892\n","uploadtime":1700604763,"views":10,"p1id":"tua94892","p2id":"sprocket0835","formatid":"gen9ou","rating":1449,"private":0,"password":""}