{"id":"gen9ou-1997717974","p1":"Trippinrightneow","p2":"Black_12021212","format":"[Gen 9] OU","log":"|j|\u2606Trippinrightneow\n|j|\u2606Black_12021212\n|t:|1700845218\n|gametype|singles\n|player|p1|Trippinrightneow|cynthia|1087\n|player|p2|Black_12021212|265|1084\n|teamsize|p1|6\n|teamsize|p2|6\n|gen|9\n|tier|[Gen 9] OU\n|rated|\n|rule|Sleep Clause Mod: Limit one foe put to sleep\n|rule|Species Clause: Limit one of each Pok\u00e9mon\n|rule|OHKO Clause: OHKO moves are banned\n|rule|Evasion Items Clause: Evasion items are banned\n|rule|Evasion Moves Clause: Evasion moves are banned\n|rule|Endless Battle Clause: Forcing endless battles is banned\n|rule|HP Percentage Mod: HP is shown in percentages\n|clearpoke\n|poke|p1|Glimmora, M|\n|poke|p1|Great Tusk|\n|poke|p1|Dragapult, F|\n|poke|p1|Kingambit, F|\n|poke|p1|Heatran, M|\n|poke|p1|Enamorus, F|\n|poke|p2|Dragapult, F|\n|poke|p2|Corviknight, M|\n|poke|p2|Cinderace, M|\n|poke|p2|Samurott-Hisui, M|\n|poke|p2|Diancie|\n|poke|p2|Iron Valiant|\n|teampreview\n|inactive|Battle timer is ON: inactive players will automatically lose when time's up. (requested by Black_12021212)\n|\n|t:|1700845236\n|start\n|switch|p1a: Great Tusk|Great Tusk|100\/100\n|switch|p2a: THE ROCK|Diancie, shiny|100\/100\n|-enditem|p1a: Great Tusk|Booster Energy\n|-activate|p1a: Great Tusk|ability: Protosynthesis|[fromitem]\n|-start|p1a: Great Tusk|protosynthesisatk\n|turn|1\n|\n|t:|1700845248\n|move|p1a: Great Tusk|Headlong Rush|p2a: THE ROCK\n|-supereffective|p2a: THE ROCK\n|-damage|p2a: THE ROCK|0 fnt\n|-unboost|p1a: Great Tusk|def|1\n|-unboost|p1a: Great Tusk|spd|1\n|faint|p2a: THE ROCK\n|\n|upkeep\n|\n|t:|1700845265\n|switch|p2a: Pok\u00e9 Airlines|Dragapult, F, shiny|100\/100\n|turn|2\n|\n|t:|1700845279\n|move|p2a: Pok\u00e9 Airlines|Psychic Fangs|p1a: Great Tusk\n|-supereffective|p1a: Great Tusk\n|-damage|p1a: Great Tusk|39\/100\n|move|p1a: Great Tusk|Knock Off|p2a: Pok\u00e9 Airlines\n|-supereffective|p2a: Pok\u00e9 Airlines\n|-damage|p2a: Pok\u00e9 Airlines|0 fnt\n|-enditem|p2a: Pok\u00e9 Airlines|Heavy-Duty Boots|[from] move: Knock Off|[of] p1a: Great Tusk\n|faint|p2a: Pok\u00e9 Airlines\n|\n|upkeep\n|\n|t:|1700845293\n|switch|p2a: Sukuna|Iron Valiant, shiny|100\/100\n|-enditem|p2a: Sukuna|Booster Energy\n|-activate|p2a: Sukuna|ability: Quark Drive|[fromitem]\n|-start|p2a: Sukuna|quarkdrivespe\n|turn|3\n|\n|t:|1700845304\n|move|p2a: Sukuna|Moonblast|p1a: Great Tusk\n|-supereffective|p1a: Great Tusk\n|-damage|p1a: Great Tusk|0 fnt\n|faint|p1a: Great Tusk\n|-end|p1a: Great Tusk|Protosynthesis|[silent]\n|\n|upkeep\n|\n|t:|1700845322\n|switch|p1a: Kingambit|Kingambit, F|100\/100\n|-activate|p1a: Kingambit|ability: Supreme Overlord\n|-start|p1a: Kingambit|fallen1|[silent]\n|turn|4\n|inactive|Trippinrightneow has 120 seconds left.\n|\n|t:|1700845344\n|move|p2a: Sukuna|Aura Sphere|p1a: Kingambit\n|-supereffective|p1a: Kingambit\n|-damage|p1a: Kingambit|0 fnt\n|faint|p1a: Kingambit\n|-end|p1a: Kingambit|fallen1|[silent]\n|\n|upkeep\n|inactive|Trippinrightneow has 120 seconds left.\n|\n|t:|1700845350\n|switch|p1a: Dragapult|Dragapult, F|100\/100\n|turn|5\n|\n|t:|1700845357\n|move|p2a: Sukuna|Moonblast|p1a: Dragapult\n|-supereffective|p1a: Dragapult\n|-damage|p1a: Dragapult|0 fnt\n|faint|p1a: Dragapult\n|\n|upkeep\n|inactive|Trippinrightneow has 120 seconds left.\n|c|\u2606Trippinrightneow|lol i love how bad you are\n|c|\u2606Trippinrightneow|using broken pokemons i see\n|\n|t:|1700845382\n|switch|p1a: Enamorus|Enamorus, F|100\/100\n|turn|6\n|c|\u2606Black_12021212|mh\n|c|\u2606Black_12021212|its literally ubers\n|inactive|Black_12021212 has 120 seconds left.\n|c|\u2606Black_12021212|if you dont want to use op mons play ou\n|c|\u2606Trippinrightneow|how insecure can a person be hahaha\n|\n|t:|1700845432\n|-end|p2a: Sukuna|Quark Drive|[silent]\n|switch|p2a: HELIKOPTER|Corviknight, M|100\/100\n|move|p1a: Enamorus|Moonblast|p2a: HELIKOPTER\n|-resisted|p2a: HELIKOPTER\n|-damage|p2a: HELIKOPTER|74\/100\n|\n|upkeep\n|turn|7\n|inactive|Trippinrightneow has 120 seconds left.\n|c|\u2606Black_12021212|idgaf ngl\n|\n|t:|1700845441\n|switch|p1a: Heatran|Heatran, M|100\/100\n|move|p2a: HELIKOPTER|Iron Head|p1a: Heatran\n|-resisted|p1a: Heatran\n|-damage|p1a: Heatran|96\/100\n|\n|-heal|p1a: Heatran|100\/100|[from] item: Leftovers\n|upkeep\n|turn|8\n|inactive|Trippinrightneow has 120 seconds left.\n|\n|t:|1700845452\n|switch|p2a: Gojo|Samurott-Hisui, M, shiny|100\/100\n|move|p1a: Heatran|Magma Storm|p2a: Gojo\n|-resisted|p2a: Gojo\n|-damage|p2a: Gojo|55\/100\n|-activate|p2a: Gojo|move: Magma Storm|[of] p1a: Heatran\n|\n|-damage|p2a: Gojo|42\/100|[from] move: Magma Storm|[partiallytrapped]\n|upkeep\n|turn|9\n|inactive|Black_12021212 has 120 seconds left.\n|inactive|Trippinrightneow has 120 seconds left.\n|\n|t:|1700845473\n|switch|p1a: Enamorus|Enamorus, F|100\/100\n|move|p2a: Gojo|Aqua Cutter|p1a: Enamorus\n|-damage|p1a: Enamorus|19\/100\n|\n|-end|p2a: Gojo|Magma Storm|[partiallytrapped]|[silent]\n|upkeep\n|turn|10\n|\n|t:|1700845482\n|move|p1a: Enamorus|Moonblast|p2a: Gojo\n|-supereffective|p2a: Gojo\n|-damage|p2a: Gojo|0 fnt\n|faint|p2a: Gojo\n|\n|upkeep\n|inactive|Black_12021212 has 120 seconds left.\n|\n|t:|1700845492\n|switch|p2a: Sukuna|Iron Valiant, shiny|100\/100\n|turn|11\n|\n|t:|1700845500\n|move|p1a: Enamorus|Moonblast|p2a: Sukuna\n|-supereffective|p2a: Sukuna\n|-damage|p2a: Sukuna|0 fnt\n|faint|p2a: Sukuna\n|-end|p2a: Sukuna|Quark Drive|[silent]\n|\n|upkeep\n|c|\u2606Trippinrightneow|fweh\n|\n|t:|1700845508\n|switch|p2a: HELIKOPTER|Corviknight, M|74\/100\n|turn|12\n|c|\u2606Black_12021212|oh damn\n|inactive|Trippinrightneow has 120 seconds left.\n|\n|t:|1700845529\n|switch|p1a: Glimmora|Glimmora, M|100\/100\n|switch|p2a: Ronaldo|Cinderace, M|100\/100\n|\n|upkeep\n|turn|13\n|\n|t:|1700845536\n|move|p2a: Ronaldo|High Jump Kick|p1a: Glimmora\n|-start|p2a: Ronaldo|typechange|Fighting|[from] ability: Libero\n|-damage|p1a: Glimmora|21\/100\n|-activate|p1a: Glimmora|ability: Toxic Debris\n|-sidestart|p2: Black_12021212|move: Toxic Spikes\n|move|p1a: Glimmora|Mortal Spin|p2a: Ronaldo\n|-damage|p2a: Ronaldo|92\/100\n|-status|p2a: Ronaldo|psn\n|\n|-damage|p2a: Ronaldo|79\/100 psn|[from] psn\n|upkeep\n|turn|14\n|\n|t:|1700845549\n|move|p1a: Glimmora|Protect|p1a: Glimmora\n|-singleturn|p1a: Glimmora|Protect\n|move|p2a: Ronaldo|Court Change|p2a: Ronaldo\n|-swapsideconditions\n|-activate|p2a: Ronaldo|move: Court Change\n|\n|-damage|p2a: Ronaldo|67\/100 psn|[from] psn\n|upkeep\n|turn|15\n|\n|t:|1700845561\n|move|p2a: Ronaldo|Pyro Ball|p1a: Glimmora\n|-resisted|p1a: Glimmora\n|-damage|p1a: Glimmora|0 fnt\n|-activate|p1a: Glimmora|ability: Toxic Debris\n|-sidestart|p2: Black_12021212|move: Toxic Spikes\n|faint|p1a: Glimmora\n|\n|-damage|p2a: Ronaldo|55\/100 psn|[from] psn\n|upkeep\n|\n|t:|1700845568\n|switch|p1a: Enamorus|Enamorus, F|19\/100\n|turn|16\n|\n|t:|1700845577\n|switch|p2a: HELIKOPTER|Corviknight, M|74\/100\n|move|p1a: Enamorus|Moonblast|p2a: HELIKOPTER\n|-resisted|p2a: HELIKOPTER\n|-damage|p2a: HELIKOPTER|51\/100\n|\n|upkeep\n|turn|17\n|\n|t:|1700845588\n|switch|p1a: Heatran|Heatran, M|100\/100\n|move|p2a: HELIKOPTER|Roost|p2a: HELIKOPTER\n|-heal|p2a: HELIKOPTER|100\/100\n|-singleturn|p2a: HELIKOPTER|move: Roost\n|\n|upkeep\n|turn|18\n|\n|t:|1700845601\n|-terastallize|p2a: HELIKOPTER|Ground\n|move|p1a: Heatran|Magma Storm|p2a: HELIKOPTER|[miss]\n|-miss|p1a: Heatran|p2a: HELIKOPTER\n|move|p2a: HELIKOPTER|Defog|p1a: Heatran\n|-unboost|p1a: Heatran|evasion|1\n|-sideend|p1: Trippinrightneow|Toxic Spikes|[from] move: Defog|[of] p2a: HELIKOPTER\n|-sideend|p2: Black_12021212|Toxic Spikes|[from] move: Defog|[of] p2a: HELIKOPTER\n|\n|upkeep\n|turn|19\n|c|\u2606Black_12021212|yeah i defo lost this\n|\n|t:|1700845615\n|-terastallize|p1a: Heatran|Grass\n|move|p1a: Heatran|Tera Blast|p2a: HELIKOPTER|[anim] Tera Blast Grass\n|-supereffective|p2a: HELIKOPTER\n|-damage|p2a: HELIKOPTER|11\/100\n|move|p2a: HELIKOPTER|Brave Bird|p1a: Heatran\n|-supereffective|p1a: Heatran\n|-damage|p1a: Heatran|35\/100\n|-damage|p2a: HELIKOPTER|0 fnt|[from] Recoil\n|faint|p2a: HELIKOPTER\n|\n|-heal|p1a: Heatran|41\/100|[from] item: Leftovers\n|upkeep\n|\n|t:|1700845626\n|switch|p2a: Ronaldo|Cinderace, M|55\/100 psn\n|turn|20\n|\n|t:|1700845634\n|move|p2a: Ronaldo|Pyro Ball|p1a: Heatran\n|-start|p1a: Heatran|ability: Flash Fire\n|move|p1a: Heatran|Earth Power|p2a: Ronaldo\n|-supereffective|p2a: Ronaldo\n|-damage|p2a: Ronaldo|0 fnt\n|faint|p2a: Ronaldo\n|\n|win|Trippinrightneow\n|raw|Trippinrightneow's rating: 1087 &rarr; <strong>1114<\/strong><br \/>(+27 for winning)\n|raw|Black_12021212's rating: 1084 &rarr; <strong>1062<\/strong><br \/>(-22 for losing)\n|c|\u2606Black_12021212|ah\n|c|\u2606Black_12021212|gg\n|c|\u2606Trippinrightneow|loooool\n|c|\u2606Trippinrightneow|trash\n|c|\u2606Black_12021212|cringe ngl\n|c|\u2606Trippinrightneow|yessir\n|l|\u2606Trippinrightneow\n|c|\u2606Black_12021212|nice game tho\n","uploadtime":1700845662,"views":2,"p1id":"trippinrightneow","p2id":"black12021212","formatid":"gen9ou","rating":1062,"private":0,"password":""}