{"id":"gen9ou-1999495517","p1":"Just Mew","p2":"cdx","format":"[Gen 9] OU","log":"|j|\u2606Just Mew\n|j|\u2606cdx\n|t:|1701088944\n|gametype|singles\n|player|p1|Just Mew|marnie|1300\n|player|p2|cdx|youngster-gen1rb|1375\n|teamsize|p1|6\n|teamsize|p2|6\n|gen|9\n|tier|[Gen 9] OU\n|rated|\n|rule|Sleep Clause Mod: Limit one foe put to sleep\n|rule|Species Clause: Limit one of each Pok\u00e9mon\n|rule|OHKO Clause: OHKO moves are banned\n|rule|Evasion Items Clause: Evasion items are banned\n|rule|Evasion Moves Clause: Evasion moves are banned\n|rule|Endless Battle Clause: Forcing endless battles is banned\n|rule|HP Percentage Mod: HP is shown in percentages\n|clearpoke\n|poke|p1|Ribombee, F|\n|poke|p1|Ogerpon-Wellspring, F|\n|poke|p1|Gholdengo|\n|poke|p1|Iron Moth|\n|poke|p1|Dragonite, M|\n|poke|p1|Great Tusk|\n|poke|p2|Meowscarada, F|\n|poke|p2|Kingambit, F|\n|poke|p2|Dragonite, F|\n|poke|p2|Slowking, F|\n|poke|p2|Cinderace, F|\n|poke|p2|Great Tusk|\n|teampreview\n|inactive|Battle timer is ON: inactive players will automatically lose when time's up. (requested by cdx)\n|\n|t:|1701088959\n|start\n|switch|p1a: Ribombee|Ribombee, F|100\/100\n|switch|p2a: Cinderace|Cinderace, F|100\/100\n|turn|1\n|\n|t:|1701088968\n|move|p1a: Ribombee|Stun Spore|p2a: Cinderace\n|-status|p2a: Cinderace|par\n|move|p2a: Cinderace|Pyro Ball|p1a: Ribombee\n|-supereffective|p1a: Ribombee\n|-enditem|p1a: Ribombee|Focus Sash\n|-damage|p1a: Ribombee|1\/100\n|\n|upkeep\n|turn|2\n|\n|t:|1701088988\n|switch|p1a: Great Tusk|Great Tusk|100\/100\n|move|p2a: Cinderace|U-turn|p1a: Great Tusk\n|-resisted|p1a: Great Tusk\n|-damage|p1a: Great Tusk|94\/100\n|\n|t:|1701088998\n|switch|p2a: Dragonite|Dragonite, F|100\/100|[from] U-turn\n|\n|upkeep\n|turn|3\n|\n|t:|1701089006\n|-terastallize|p2a: Dragonite|Flying\n|move|p1a: Great Tusk|Bulk Up|p1a: Great Tusk\n|-boost|p1a: Great Tusk|atk|1\n|-boost|p1a: Great Tusk|def|1\n|move|p2a: Dragonite|Tera Blast|p1a: Great Tusk|[anim] Tera Blast Flying\n|-supereffective|p1a: Great Tusk\n|-damage|p1a: Great Tusk|1\/100\n|\n|upkeep\n|turn|4\n|\n|t:|1701089029\n|move|p1a: Great Tusk|Ice Spinner|p2a: Dragonite\n|-supereffective|p2a: Dragonite\n|-damage|p2a: Dragonite|55\/100\n|move|p2a: Dragonite|Tera Blast|p1a: Great Tusk|[anim] Tera Blast Flying\n|-supereffective|p1a: Great Tusk\n|-crit|p1a: Great Tusk\n|-damage|p1a: Great Tusk|0 fnt\n|faint|p1a: Great Tusk\n|-end|p1a: Great Tusk|Protosynthesis|[silent]\n|\n|upkeep\n|\n|t:|1701089041\n|switch|p1a: Iron Moth|Iron Moth|100\/100\n|-enditem|p1a: Iron Moth|Booster Energy\n|-activate|p1a: Iron Moth|ability: Quark Drive|[fromitem]\n|-start|p1a: Iron Moth|quarkdrivespa\n|turn|5\n|\n|t:|1701089049\n|move|p1a: Iron Moth|Fiery Dance|p2a: Dragonite\n|-damage|p2a: Dragonite|0 fnt\n|-boost|p1a: Iron Moth|spa|1\n|faint|p2a: Dragonite\n|\n|upkeep\n|\n|t:|1701089061\n|switch|p2a: Great Tusk|Great Tusk|100\/100\n|turn|6\n|\n|t:|1701089072\n|move|p1a: Iron Moth|Energy Ball|p2a: Great Tusk\n|-supereffective|p2a: Great Tusk\n|-damage|p2a: Great Tusk|0 fnt\n|faint|p2a: Great Tusk\n|-end|p2a: Great Tusk|Protosynthesis|[silent]\n|\n|upkeep\n|\n|t:|1701089091\n|switch|p2a: Slowking|Slowking, F|100\/100\n|turn|7\n|\n|t:|1701089097\n|move|p1a: Iron Moth|Substitute|p1a: Iron Moth\n|-start|p1a: Iron Moth|Substitute\n|-damage|p1a: Iron Moth|76\/100\n|move|p2a: Slowking|Psychic|p1a: Iron Moth\n|-supereffective|p1a: Iron Moth\n|-end|p1a: Iron Moth|Substitute\n|\n|upkeep\n|turn|8\n|\n|t:|1701089101\n|-terastallize|p1a: Iron Moth|Grass\n|move|p1a: Iron Moth|Energy Ball|p2a: Slowking\n|-supereffective|p2a: Slowking\n|-damage|p2a: Slowking|0 fnt\n|faint|p2a: Slowking\n|\n|upkeep\n|\n|t:|1701089107\n|switch|p2a: Meowscarada|Meowscarada, F|100\/100\n|turn|9\n|\n|t:|1701089119\n|move|p2a: Meowscarada|U-turn|p1a: Iron Moth\n|-start|p2a: Meowscarada|typechange|Bug|[from] ability: Protean\n|-supereffective|p1a: Iron Moth\n|-damage|p1a: Iron Moth|0 fnt\n|faint|p1a: Iron Moth\n|-end|p1a: Iron Moth|Quark Drive|[silent]\n|\n|t:|1701089127\n|switch|p2a: Kingambit|Kingambit, F|100\/100|[from] U-turn\n|-activate|p2a: Kingambit|ability: Supreme Overlord\n|-start|p2a: Kingambit|fallen3|[silent]\n|\n|upkeep\n|\n|t:|1701089142\n|switch|p1a: Ribombee|Ribombee, F|1\/100\n|turn|10\n|\n|t:|1701089147\n|-end|p2a: Kingambit|fallen3|[silent]\n|switch|p2a: Meowscarada|Meowscarada, F|100\/100\n|move|p1a: Ribombee|Sticky Web|p2a: Meowscarada\n|-sidestart|p2: cdx|move: Sticky Web\n|\n|upkeep\n|turn|11\n|\n|t:|1701089163\n|move|p2a: Meowscarada|U-turn|p1a: Ribombee\n|-start|p2a: Meowscarada|typechange|Bug|[from] ability: Protean\n|-resisted|p1a: Ribombee\n|-damage|p1a: Ribombee|0 fnt\n|faint|p1a: Ribombee\n|\n|t:|1701089167\n|switch|p2a: Cinderace|Cinderace, F|100\/100 par|[from] U-turn\n|\n|upkeep\n|\n|t:|1701089173\n|switch|p1a: Ogerpon|Ogerpon-Wellspring, F|100\/100\n|turn|12\n|\n|t:|1701089186\n|move|p1a: Ogerpon|Encore||[still]\n|-fail|p1a: Ogerpon\n|move|p2a: Cinderace|U-turn|p1a: Ogerpon\n|-supereffective|p1a: Ogerpon\n|-damage|p1a: Ogerpon|53\/100\n|\n|t:|1701089195\n|switch|p2a: Meowscarada|Meowscarada, F|100\/100|[from] U-turn\n|-activate|p2a: Meowscarada|move: Sticky Web\n|-unboost|p2a: Meowscarada|spe|1\n|\n|upkeep\n|turn|13\n|\n|t:|1701089201\n|switch|p1a: Gholdengo|Gholdengo|100\/100\n|-item|p1a: Gholdengo|Air Balloon\n|move|p2a: Meowscarada|U-turn|p1a: Gholdengo\n|-start|p2a: Meowscarada|typechange|Bug|[from] ability: Protean\n|-resisted|p1a: Gholdengo\n|-damage|p1a: Gholdengo|93\/100\n|-enditem|p1a: Gholdengo|Air Balloon\n|\n|t:|1701089214\n|switch|p2a: Kingambit|Kingambit, F|100\/100|[from] U-turn\n|-activate|p2a: Kingambit|move: Sticky Web\n|-unboost|p2a: Kingambit|spe|1\n|-activate|p2a: Kingambit|ability: Supreme Overlord\n|-start|p2a: Kingambit|fallen3|[silent]\n|\n|upkeep\n|turn|14\n|\n|t:|1701089225\n|switch|p1a: Dragonite|Dragonite, M|100\/100\n|move|p2a: Kingambit|Swords Dance|p2a: Kingambit\n|-boost|p2a: Kingambit|atk|2\n|\n|upkeep\n|turn|15\n|\n|t:|1701089249\n|-end|p2a: Kingambit|fallen3|[silent]\n|switch|p2a: Cinderace|Cinderace, F|100\/100 par\n|move|p1a: Dragonite|Earthquake|p2a: Cinderace\n|-supereffective|p2a: Cinderace\n|-damage|p2a: Cinderace|13\/100 par\n|\n|upkeep\n|turn|16\n|\n|t:|1701089262\n|move|p1a: Dragonite|Earthquake|p2a: Cinderace\n|-supereffective|p2a: Cinderace\n|-damage|p2a: Cinderace|0 fnt\n|faint|p2a: Cinderace\n|\n|upkeep\n|\n|t:|1701089265\n|switch|p2a: Meowscarada|Meowscarada, F|100\/100\n|-activate|p2a: Meowscarada|move: Sticky Web\n|-unboost|p2a: Meowscarada|spe|1\n|turn|17\n|\n|t:|1701089274\n|move|p2a: Meowscarada|Knock Off|p1a: Dragonite\n|-start|p2a: Meowscarada|typechange|Dark|[from] ability: Protean\n|-damage|p1a: Dragonite|77\/100\n|-enditem|p1a: Dragonite|Heavy-Duty Boots|[from] move: Knock Off|[of] p2a: Meowscarada\n|move|p1a: Dragonite|Dragon Dance|p1a: Dragonite\n|-boost|p1a: Dragonite|atk|1\n|-boost|p1a: Dragonite|spe|1\n|\n|upkeep\n|turn|18\n|\n|t:|1701089283\n|move|p2a: Meowscarada|Knock Off|p1a: Dragonite\n|-damage|p1a: Dragonite|49\/100\n|move|p1a: Dragonite|Dragon Dance|p1a: Dragonite\n|-boost|p1a: Dragonite|atk|1\n|-boost|p1a: Dragonite|spe|1\n|\n|upkeep\n|turn|19\n|\n|t:|1701089291\n|move|p1a: Dragonite|Roost|p1a: Dragonite\n|-heal|p1a: Dragonite|99\/100\n|-singleturn|p1a: Dragonite|move: Roost\n|move|p2a: Meowscarada|Knock Off|p1a: Dragonite\n|-damage|p1a: Dragonite|68\/100\n|\n|upkeep\n|turn|20\n|\n|t:|1701089296\n|move|p1a: Dragonite|Dragon Dance|p1a: Dragonite\n|-boost|p1a: Dragonite|atk|1\n|-boost|p1a: Dragonite|spe|1\n|move|p2a: Meowscarada|Knock Off|p1a: Dragonite\n|-damage|p1a: Dragonite|39\/100\n|\n|upkeep\n|turn|21\n|\n|t:|1701089301\n|move|p1a: Dragonite|Roost|p1a: Dragonite\n|-heal|p1a: Dragonite|89\/100\n|-singleturn|p1a: Dragonite|move: Roost\n|move|p2a: Meowscarada|Knock Off|p1a: Dragonite\n|-damage|p1a: Dragonite|58\/100\n|\n|upkeep\n|turn|22\n|\n|t:|1701089304\n|move|p1a: Dragonite|Roost|p1a: Dragonite\n|-heal|p1a: Dragonite|100\/100\n|-singleturn|p1a: Dragonite|move: Roost\n|move|p2a: Meowscarada|Knock Off|p1a: Dragonite\n|-damage|p1a: Dragonite|85\/100\n|\n|upkeep\n|turn|23\n|\n|t:|1701089310\n|move|p1a: Dragonite|Extreme Speed|p2a: Meowscarada\n|-damage|p2a: Meowscarada|0 fnt\n|faint|p2a: Meowscarada\n|\n|upkeep\n|\n|t:|1701089313\n|switch|p2a: Kingambit|Kingambit, F|100\/100\n|-activate|p2a: Kingambit|move: Sticky Web\n|-unboost|p2a: Kingambit|spe|1\n|-activate|p2a: Kingambit|ability: Supreme Overlord\n|-start|p2a: Kingambit|fallen5|[silent]\n|turn|24\n|\n|t:|1701089325\n|move|p1a: Dragonite|Extreme Speed|p2a: Kingambit\n|-resisted|p2a: Kingambit\n|-damage|p2a: Kingambit|73\/100\n|move|p2a: Kingambit|Sucker Punch||[still]\n|-fail|p2a: Kingambit\n|\n|-heal|p2a: Kingambit|79\/100|[from] item: Leftovers\n|upkeep\n|turn|25\n|\n|t:|1701089333\n|move|p1a: Dragonite|Earthquake|p2a: Kingambit\n|-supereffective|p2a: Kingambit\n|-damage|p2a: Kingambit|0 fnt\n|faint|p2a: Kingambit\n|-end|p2a: Kingambit|fallen5|[silent]\n|\n|win|Just Mew\n|raw|Just Mew's rating: 1300 &rarr; <strong>1330<\/strong><br \/>(+30 for winning)\n|raw|cdx's rating: 1375 &rarr; <strong>1351<\/strong><br \/>(-24 for losing)\n|l|\u2606cdx\n","uploadtime":1701089338,"views":21,"p1id":"justmew","p2id":"cdx","formatid":"gen9ou","rating":1330,"private":0,"password":""}