{"id":"gen9ou-1997488295","p1":"damorush","p2":"Pokemh","format":"[Gen 9] OU","log":"|j|\u2606damorush\n|j|\u203dPokemh\n|t:|1700814116\n|gametype|singles\n|player|p1|damorush|grimsley|1499\n|player|p2|Pokemh|waitress-gen4|1557\n|teamsize|p1|6\n|teamsize|p2|6\n|gen|9\n|tier|[Gen 9] OU\n|rated|\n|rule|Sleep Clause Mod: Limit one foe put to sleep\n|rule|Species Clause: Limit one of each Pok\u00e9mon\n|rule|OHKO Clause: OHKO moves are banned\n|rule|Evasion Items Clause: Evasion items are banned\n|rule|Evasion Moves Clause: Evasion moves are banned\n|rule|Endless Battle Clause: Forcing endless battles is banned\n|rule|HP Percentage Mod: HP is shown in percentages\n|clearpoke\n|poke|p1|Iron Moth|\n|poke|p1|Dragapult, F|\n|poke|p1|Gholdengo|\n|poke|p1|Ogerpon-Wellspring, F|\n|poke|p1|Iron Valiant|\n|poke|p1|Iron Treads|\n|poke|p2|Rillaboom, F|\n|poke|p2|Dragapult, M|\n|poke|p2|Iron Valiant|\n|poke|p2|Sandy Shocks|\n|poke|p2|Hawlucha, F|\n|poke|p2|Kingambit, M|\n|teampreview\n|\n|t:|1700814132\n|start\n|switch|p1a: Iron Treads|Iron Treads|100\/100\n|switch|p2a: Sandy Shocks|Sandy Shocks|100\/100\n|-enditem|p1a: Iron Treads|Booster Energy\n|-activate|p1a: Iron Treads|ability: Quark Drive|[fromitem]\n|-start|p1a: Iron Treads|quarkdrivespe\n|-enditem|p2a: Sandy Shocks|Booster Energy\n|-activate|p2a: Sandy Shocks|ability: Protosynthesis|[fromitem]\n|-start|p2a: Sandy Shocks|protosynthesisspe\n|turn|1\n|\n|t:|1700814148\n|move|p1a: Iron Treads|Stealth Rock|p2a: Sandy Shocks\n|-sidestart|p2: Pokemh|move: Stealth Rock\n|move|p2a: Sandy Shocks|Earth Power|p1a: Iron Treads\n|-supereffective|p1a: Iron Treads\n|-damage|p1a: Iron Treads|0 fnt\n|faint|p1a: Iron Treads\n|-end|p1a: Iron Treads|Quark Drive|[silent]\n|\n|upkeep\n|\n|t:|1700814155\n|switch|p1a: Ogerpon|Ogerpon-Wellspring, F|100\/100\n|turn|2\n|\n|t:|1700814161\n|move|p2a: Sandy Shocks|Stealth Rock|p1a: Ogerpon\n|-sidestart|p1: damorush|move: Stealth Rock\n|move|p1a: Ogerpon|Ivy Cudgel|p2a: Sandy Shocks|[anim] Ivy Cudgel Water\n|-supereffective|p2a: Sandy Shocks\n|-damage|p2a: Sandy Shocks|0 fnt\n|faint|p2a: Sandy Shocks\n|-end|p2a: Sandy Shocks|Protosynthesis|[silent]\n|\n|upkeep\n|\n|t:|1700814163\n|switch|p2a: Dragapult|Dragapult, M|100\/100\n|-damage|p2a: Dragapult|88\/100|[from] Stealth Rock\n|turn|3\n|\n|t:|1700814182\n|switch|p1a: Gholdengo|Gholdengo|100\/100\n|-damage|p1a: Gholdengo|94\/100|[from] Stealth Rock\n|-item|p1a: Gholdengo|Air Balloon\n|move|p2a: Dragapult|Dragon Dance|p2a: Dragapult\n|-boost|p2a: Dragapult|atk|1\n|-boost|p2a: Dragapult|spe|1\n|\n|upkeep\n|turn|4\n|\n|t:|1700814191\n|-terastallize|p1a: Gholdengo|Water\n|move|p2a: Dragapult|Phantom Force||[still]\n|-prepare|p2a: Dragapult|Phantom Force\n|move|p1a: Gholdengo|Shadow Ball|p2a: Dragapult|[miss]\n|-miss|p1a: Gholdengo|p2a: Dragapult\n|\n|upkeep\n|turn|5\n|\n|t:|1700814208\n|move|p2a: Dragapult|Phantom Force|p1a: Gholdengo|[from]lockedmove\n|-damage|p1a: Gholdengo|0 fnt\n|-enditem|p1a: Gholdengo|Air Balloon\n|faint|p1a: Gholdengo\n|-damage|p2a: Dragapult|78\/100|[from] item: Life Orb\n|\n|upkeep\n|\n|t:|1700814221\n|switch|p1a: Iron Valiant|Iron Valiant|100\/100\n|-damage|p1a: Iron Valiant|94\/100|[from] Stealth Rock\n|-enditem|p1a: Iron Valiant|Booster Energy\n|-activate|p1a: Iron Valiant|ability: Quark Drive|[fromitem]\n|-start|p1a: Iron Valiant|quarkdrivespe\n|turn|6\n|c|\u2606damorush|gg\n|\n|t:|1700814226\n|move|p2a: Dragapult|Phantom Force||[still]\n|-prepare|p2a: Dragapult|Phantom Force\n|move|p1a: Iron Valiant|Moonblast|p2a: Dragapult|[miss]\n|-miss|p1a: Iron Valiant|p2a: Dragapult\n|\n|upkeep\n|turn|7\n|\n|t:|1700814229\n|move|p2a: Dragapult|Phantom Force|p1a: Iron Valiant|[from]lockedmove\n|-damage|p1a: Iron Valiant|0 fnt\n|faint|p1a: Iron Valiant\n|-end|p1a: Iron Valiant|Quark Drive|[silent]\n|-damage|p2a: Dragapult|69\/100|[from] item: Life Orb\n|\n|upkeep\n|-message|damorush forfeited.\n|\n|win|Pokemh\n|raw|damorush's rating: 1499 &rarr; <strong>1482<\/strong><br \/>(-17 for losing)\n|raw|Pokemh's rating: 1557 &rarr; <strong>1574<\/strong><br \/>(+17 for winning)\n|l|\u2606damorush\n","uploadtime":1700814238,"views":2,"p1id":"damorush","p2id":"pokemh","formatid":"gen9ou","rating":1482,"private":0,"password":""}