{"id":"gen9ou-1994158442","p1":"mangolol","p2":"SceptileTheReptile","format":"[Gen 9] OU","log":"|j|\u2606mangolol\n|j|\u2606SceptileTheReptile\n|t:|1700413655\n|gametype|singles\n|player|p1|mangolol|adaman|1353\n|player|p2|SceptileTheReptile|kukui-stand|1311\n|teamsize|p1|6\n|teamsize|p2|6\n|gen|9\n|tier|[Gen 9] OU\n|rated|\n|rule|Sleep Clause Mod: Limit one foe put to sleep\n|rule|Species Clause: Limit one of each Pok\u00e9mon\n|rule|OHKO Clause: OHKO moves are banned\n|rule|Evasion Items Clause: Evasion items are banned\n|rule|Evasion Moves Clause: Evasion moves are banned\n|rule|Endless Battle Clause: Forcing endless battles is banned\n|rule|HP Percentage Mod: HP is shown in percentages\n|clearpoke\n|poke|p1|Ribombee, M|\n|poke|p1|Samurott-Hisui, M|\n|poke|p1|Ninetales-Alola, M|\n|poke|p1|Rillaboom, M|\n|poke|p1|Sneasler, F|\n|poke|p1|Kingambit, F|\n|poke|p2|Ribombee, F|\n|poke|p2|Kommo-o, F|\n|poke|p2|Ogerpon-Cornerstone, F|\n|poke|p2|Gholdengo|\n|poke|p2|Iron Moth|\n|poke|p2|Samurott-Hisui, F|\n|teampreview\n|\n|t:|1700413716\n|start\n|switch|p1a: more usg thn lando|Ribombee, M|100\/100\n|switch|p2a: Sweetheart|Ribombee, F|100\/100\n|turn|1\n|\n|t:|1700413721\n|move|p2a: Sweetheart|Sticky Web|p1a: more usg thn lando\n|-sidestart|p1: mangolol|move: Sticky Web\n|move|p1a: more usg thn lando|Sticky Web|p2a: Sweetheart\n|-sidestart|p2: SceptileTheReptile|move: Sticky Web\n|\n|upkeep\n|turn|2\n|\n|t:|1700413728\n|move|p2a: Sweetheart|Moonblast|p1a: more usg thn lando\n|-damage|p1a: more usg thn lando|31\/100\n|move|p1a: more usg thn lando|Stun Spore|p2a: Sweetheart|[miss]\n|-miss|p1a: more usg thn lando|p2a: Sweetheart\n|\n|upkeep\n|turn|3\n|\n|t:|1700413731\n|move|p2a: Sweetheart|Moonblast|p1a: more usg thn lando\n|-damage|p1a: more usg thn lando|0 fnt\n|faint|p1a: more usg thn lando\n|\n|upkeep\n|\n|t:|1700413733\n|switch|p1a: the antichrist|Ninetales-Alola, M|100\/100\n|-activate|p1a: the antichrist|move: Sticky Web\n|-unboost|p1a: the antichrist|spe|1\n|-weather|Snow|[from] ability: Snow Warning|[of] p1a: the antichrist\n|turn|4\n|\n|t:|1700413743\n|move|p2a: Sweetheart|Moonblast|p1a: the antichrist\n|-damage|p1a: the antichrist|50\/100\n|-unboost|p1a: the antichrist|spa|1\n|move|p1a: the antichrist|Aurora Veil|p1a: the antichrist\n|-sidestart|p1: mangolol|move: Aurora Veil\n|\n|-weather|Snow|[upkeep]\n|upkeep\n|turn|5\n|\n|t:|1700413752\n|switch|p2a: Yankee Doodle|Gholdengo|100\/100\n|-activate|p2a: Yankee Doodle|move: Sticky Web\n|-unboost|p2a: Yankee Doodle|spe|1\n|move|p1a: the antichrist|Moonblast|p2a: Yankee Doodle\n|-resisted|p2a: Yankee Doodle\n|-damage|p2a: Yankee Doodle|87\/100\n|\n|-weather|Snow|[upkeep]\n|upkeep\n|turn|6\n|\n|t:|1700413762\n|move|p2a: Yankee Doodle|Make It Rain|p1a: the antichrist\n|-supereffective|p1a: the antichrist\n|-damage|p1a: the antichrist|0 fnt\n|-unboost|p2a: Yankee Doodle|spa|1\n|faint|p1a: the antichrist\n|\n|-weather|Snow|[upkeep]\n|upkeep\n|\n|t:|1700413765\n|switch|p1a: GOAT|Samurott-Hisui, M|100\/100\n|-activate|p1a: GOAT|move: Sticky Web\n|-unboost|p1a: GOAT|spe|1\n|turn|7\n|\n|t:|1700413767\n|switch|p2a: Banzai|Samurott-Hisui, F|100\/100\n|move|p1a: GOAT|Ceaseless Edge|p2a: Banzai\n|-resisted|p2a: Banzai\n|-damage|p2a: Banzai|72\/100\n|-sidestart|p2: SceptileTheReptile|Spikes\n|\n|-weather|Snow|[upkeep]\n|upkeep\n|turn|8\n|\n|t:|1700413769\n|move|p2a: Banzai|Ceaseless Edge|p1a: GOAT\n|-resisted|p1a: GOAT\n|-damage|p1a: GOAT|85\/100\n|-sidestart|p1: mangolol|Spikes\n|move|p1a: GOAT|Ceaseless Edge|p2a: Banzai\n|-resisted|p2a: Banzai\n|-damage|p2a: Banzai|43\/100\n|-sidestart|p2: SceptileTheReptile|Spikes\n|\n|-weather|none\n|upkeep\n|turn|9\n|\n|t:|1700413772\n|move|p2a: Banzai|Ceaseless Edge|p1a: GOAT\n|-resisted|p1a: GOAT\n|-damage|p1a: GOAT|70\/100\n|-sidestart|p1: mangolol|Spikes\n|move|p1a: GOAT|Ceaseless Edge|p2a: Banzai\n|-resisted|p2a: Banzai\n|-damage|p2a: Banzai|17\/100\n|-sidestart|p2: SceptileTheReptile|Spikes\n|\n|upkeep\n|turn|10\n|\n|t:|1700413776\n|move|p2a: Banzai|Ceaseless Edge|p1a: GOAT\n|-resisted|p1a: GOAT\n|-damage|p1a: GOAT|56\/100\n|-sidestart|p1: mangolol|Spikes\n|move|p1a: GOAT|Ceaseless Edge|p2a: Banzai|[miss]\n|-miss|p1a: GOAT|p2a: Banzai\n|\n|upkeep\n|turn|11\n|\n|t:|1700413782\n|move|p2a: Banzai|Aqua Cutter|p1a: GOAT\n|-resisted|p1a: GOAT\n|-crit|p1a: GOAT\n|-damage|p1a: GOAT|8\/100\n|move|p1a: GOAT|Ceaseless Edge|p2a: Banzai\n|-resisted|p2a: Banzai\n|-damage|p2a: Banzai|0 fnt\n|faint|p2a: Banzai\n|\n|-sideend|p1: mangolol|move: Aurora Veil\n|upkeep\n|\n|t:|1700413791\n|switch|p2a: Eczema|Kommo-o, F|100\/100\n|-activate|p2a: Eczema|move: Sticky Web\n|-unboost|p2a: Eczema|spe|1\n|-damage|p2a: Eczema|76\/100|[from] Spikes\n|turn|12\n|\n|t:|1700413795\n|move|p1a: GOAT|Ceaseless Edge|p2a: Eczema\n|-resisted|p2a: Eczema\n|-damage|p2a: Eczema|53\/100\n|move|p2a: Eczema|Clangorous Soul|p2a: Eczema\n|-boost|p2a: Eczema|atk|1\n|-boost|p2a: Eczema|def|1\n|-boost|p2a: Eczema|spa|1\n|-boost|p2a: Eczema|spd|1\n|-boost|p2a: Eczema|spe|1\n|-damage|p2a: Eczema|20\/100\n|-enditem|p2a: Eczema|Throat Spray\n|-boost|p2a: Eczema|spa|1|[from] item: Throat Spray\n|\n|upkeep\n|turn|13\n|\n|t:|1700413800\n|move|p1a: GOAT|Ceaseless Edge|p2a: Eczema\n|-resisted|p2a: Eczema\n|-damage|p2a: Eczema|6\/100\n|move|p2a: Eczema|Boomburst|p1a: GOAT\n|-damage|p1a: GOAT|0 fnt\n|faint|p1a: GOAT\n|\n|upkeep\n|\n|t:|1700413803\n|switch|p1a: #DICKSOUT|Rillaboom, M|100\/100\n|-activate|p1a: #DICKSOUT|move: Sticky Web\n|-unboost|p1a: #DICKSOUT|spe|1\n|-damage|p1a: #DICKSOUT|76\/100|[from] Spikes\n|-fieldstart|move: Grassy Terrain|[from] ability: Grassy Surge|[of] p1a: #DICKSOUT\n|turn|14\n|\n|t:|1700413805\n|move|p1a: #DICKSOUT|Grassy Glide|p2a: Eczema\n|-resisted|p2a: Eczema\n|-damage|p2a: Eczema|0 fnt\n|faint|p2a: Eczema\n|\n|-heal|p1a: #DICKSOUT|82\/100|[from] Grassy Terrain\n|upkeep\n|\n|t:|1700413823\n|switch|p2a: Yankee Doodle|Gholdengo|87\/100\n|-activate|p2a: Yankee Doodle|move: Sticky Web\n|-unboost|p2a: Yankee Doodle|spe|1\n|-damage|p2a: Yankee Doodle|62\/100|[from] Spikes\n|turn|15\n|\n|t:|1700413829\n|move|p1a: #DICKSOUT|Grassy Glide|p2a: Yankee Doodle\n|-resisted|p2a: Yankee Doodle\n|-damage|p2a: Yankee Doodle|30\/100\n|move|p2a: Yankee Doodle|Shadow Ball|p1a: #DICKSOUT\n|-damage|p1a: #DICKSOUT|21\/100\n|\n|-heal|p2a: Yankee Doodle|36\/100|[from] Grassy Terrain\n|-heal|p1a: #DICKSOUT|27\/100|[from] Grassy Terrain\n|upkeep\n|turn|16\n|\n|t:|1700413833\n|move|p1a: #DICKSOUT|Grassy Glide|p2a: Yankee Doodle\n|-resisted|p2a: Yankee Doodle\n|-damage|p2a: Yankee Doodle|2\/100\n|move|p2a: Yankee Doodle|Shadow Ball|p1a: #DICKSOUT\n|-damage|p1a: #DICKSOUT|0 fnt\n|faint|p1a: #DICKSOUT\n|\n|-heal|p2a: Yankee Doodle|8\/100|[from] Grassy Terrain\n|upkeep\n|\n|t:|1700413836\n|switch|p1a: LOL XD!!!!!!|Sneasler, F|100\/100\n|-activate|p1a: LOL XD!!!!!!|move: Sticky Web\n|-unboost|p1a: LOL XD!!!!!!|spe|1\n|-damage|p1a: LOL XD!!!!!!|76\/100|[from] Spikes\n|-enditem|p1a: LOL XD!!!!!!|Grassy Seed\n|-boost|p1a: LOL XD!!!!!!|def|1|[from] item: Grassy Seed\n|turn|17\n|\n|t:|1700413841\n|move|p1a: LOL XD!!!!!!|Swords Dance|p1a: LOL XD!!!!!!\n|-boost|p1a: LOL XD!!!!!!|atk|2\n|move|p2a: Yankee Doodle|Shadow Ball|p1a: LOL XD!!!!!!\n|-damage|p1a: LOL XD!!!!!!|18\/100\n|-unboost|p1a: LOL XD!!!!!!|spd|1\n|\n|-heal|p1a: LOL XD!!!!!!|24\/100|[from] Grassy Terrain\n|-heal|p2a: Yankee Doodle|14\/100|[from] Grassy Terrain\n|upkeep\n|turn|18\n|\n|t:|1700413846\n|move|p1a: LOL XD!!!!!!|Acrobatics|p2a: Yankee Doodle\n|-resisted|p2a: Yankee Doodle\n|-damage|p2a: Yankee Doodle|0 fnt\n|faint|p2a: Yankee Doodle\n|\n|-heal|p1a: LOL XD!!!!!!|30\/100|[from] Grassy Terrain\n|-fieldend|move: Grassy Terrain\n|upkeep\n|\n|t:|1700413849\n|switch|p2a: Akano|Ogerpon-Cornerstone, F|100\/100\n|-activate|p2a: Akano|move: Sticky Web\n|-unboost|p2a: Akano|spe|1\n|-damage|p2a: Akano|76\/100|[from] Spikes\n|turn|19\n|\n|t:|1700413860\n|-terastallize|p2a: Akano|Rock\n|detailschange|p2a: Akano|Ogerpon-Cornerstone-Tera, F, tera:Rock\n|-ability|p2a: Akano|Embody Aspect (Cornerstone)|boost\n|-boost|p2a: Akano|def|1\n|move|p1a: LOL XD!!!!!!|Close Combat|p2a: Akano\n|-supereffective|p2a: Akano\n|-damage|p2a: Akano|0 fnt\n|-unboost|p1a: LOL XD!!!!!!|def|1\n|-unboost|p1a: LOL XD!!!!!!|spd|1\n|faint|p2a: Akano\n|\n|upkeep\n|\n|t:|1700413863\n|switch|p2a: Solar Panel|Iron Moth|100\/100\n|-activate|p2a: Solar Panel|move: Sticky Web\n|-unboost|p2a: Solar Panel|spe|1\n|-damage|p2a: Solar Panel|76\/100|[from] Spikes\n|-enditem|p2a: Solar Panel|Booster Energy\n|-activate|p2a: Solar Panel|ability: Quark Drive|[fromitem]\n|-start|p2a: Solar Panel|quarkdrivespa\n|turn|20\n|\n|t:|1700413866\n|-terastallize|p1a: LOL XD!!!!!!|Flying\n|move|p1a: LOL XD!!!!!!|Acrobatics|p2a: Solar Panel\n|-damage|p2a: Solar Panel|0 fnt\n|faint|p2a: Solar Panel\n|-end|p2a: Solar Panel|Quark Drive|[silent]\n|\n|upkeep\n|-message|SceptileTheReptile forfeited.\n|\n|win|mangolol\n|raw|mangolol's rating: 1353 &rarr; <strong>1371<\/strong><br \/>(+18 for winning)\n|raw|SceptileTheReptile's rating: 1311 &rarr; <strong>1293<\/strong><br \/>(-18 for losing)\n|l|\u2606SceptileTheReptile\n","uploadtime":1700413875,"views":7,"p1id":"mangolol","p2id":"sceptilethereptile","formatid":"gen9ou","rating":1293,"private":0,"password":""}