{"id":"gen9ou-1990086240","p1":"Gym Leader Zuta90","p2":"Hi fren hf","format":"[Gen 9] OU","log":"|j|\u2606Gym Leader Zuta90\n|j|\u2606Hi fren hf\n|t:|1699923048\n|gametype|singles\n|player|p1|Gym Leader Zuta90|101|\n|player|p2|Hi fren hf|101|\n|teamsize|p1|6\n|teamsize|p2|6\n|gen|9\n|tier|[Gen 9] OU\n|rule|Sleep Clause Mod: Limit one foe put to sleep\n|rule|Species Clause: Limit one of each Pok\u00e9mon\n|rule|OHKO Clause: OHKO moves are banned\n|rule|Evasion Items Clause: Evasion items are banned\n|rule|Evasion Moves Clause: Evasion moves are banned\n|rule|Endless Battle Clause: Forcing endless battles is banned\n|rule|HP Percentage Mod: HP is shown in percentages\n|clearpoke\n|poke|p1|Ceruledge, M|\n|poke|p1|Enamorus, F|\n|poke|p1|Greninja-*, M|\n|poke|p1|Glimmora, F|\n|poke|p1|Walking Wake|\n|poke|p1|Great Tusk|\n|poke|p2|Gholdengo|\n|poke|p2|Great Tusk|\n|poke|p2|Kingambit, F|\n|poke|p2|Ribombee, F|\n|poke|p2|Iron Moth|\n|poke|p2|Greninja-*, M|\n|teampreview\n|inactive|Battle timer is ON: inactive players will automatically lose when time's up. (requested by Gym Leader Zuta90)\n|\n|t:|1699923069\n|start\n|switch|p1a: Ceruledge|Ceruledge, M, shiny|100\/100\n|switch|p2a: Ribombee|Ribombee, F|100\/100\n|turn|1\n|\n|t:|1699923076\n|move|p2a: Ribombee|Stun Spore|p1a: Ceruledge\n|-status|p1a: Ceruledge|par\n|move|p1a: Ceruledge|Swords Dance|p1a: Ceruledge\n|-boost|p1a: Ceruledge|atk|2\n|\n|upkeep\n|turn|2\n|\n|t:|1699923085\n|move|p2a: Ribombee|Sticky Web|p1a: Ceruledge\n|-sidestart|p1: Gym Leader Zuta90|move: Sticky Web\n|cant|p1a: Ceruledge|par\n|\n|upkeep\n|turn|3\n|\n|t:|1699923089\n|move|p2a: Ribombee|Moonblast|p1a: Ceruledge\n|-resisted|p1a: Ceruledge\n|-damage|p1a: Ceruledge|79\/100 par\n|-unboost|p1a: Ceruledge|spa|1\n|move|p1a: Ceruledge|Swords Dance|p1a: Ceruledge\n|-boost|p1a: Ceruledge|atk|2\n|\n|upkeep\n|turn|4\n|\n|t:|1699923101\n|move|p2a: Ribombee|Moonblast|p1a: Ceruledge\n|-resisted|p1a: Ceruledge\n|-damage|p1a: Ceruledge|58\/100 par\n|-unboost|p1a: Ceruledge|spa|1\n|move|p1a: Ceruledge|Flame Charge|p2a: Ribombee\n|-supereffective|p2a: Ribombee\n|-enditem|p2a: Ribombee|Focus Sash\n|-damage|p2a: Ribombee|1\/100\n|-boost|p1a: Ceruledge|spe|1\n|\n|upkeep\n|turn|5\n|\n|t:|1699923115\n|cant|p1a: Ceruledge|par\n|move|p2a: Ribombee|Moonblast|p1a: Ceruledge\n|-resisted|p1a: Ceruledge\n|-damage|p1a: Ceruledge|36\/100 par\n|-unboost|p1a: Ceruledge|spa|1\n|\n|upkeep\n|turn|6\n|\n|t:|1699923122\n|move|p2a: Ribombee|Moonblast|p1a: Ceruledge\n|-resisted|p1a: Ceruledge\n|-damage|p1a: Ceruledge|15\/100 par\n|-unboost|p1a: Ceruledge|spa|1\n|move|p1a: Ceruledge|Bitter Blade|p2a: Ribombee\n|-supereffective|p2a: Ribombee\n|-damage|p2a: Ribombee|0 fnt\n|-heal|p1a: Ceruledge|16\/100 par|[from] drain|[of] p2a: Ribombee\n|faint|p2a: Ribombee\n|\n|upkeep\n|\n|t:|1699923126\n|switch|p2a: Great Tusk|Great Tusk|100\/100\n|turn|7\n|\n|t:|1699923143\n|-terastallize|p1a: Ceruledge|Grass\n|move|p2a: Great Tusk|Earthquake|p1a: Ceruledge\n|-resisted|p1a: Ceruledge\n|-damage|p1a: Ceruledge|0 fnt\n|faint|p1a: Ceruledge\n|\n|upkeep\n|c|\u2606Hi fren hf|Rampin\n|\n|t:|1699923155\n|switch|p1a: Greninja|Greninja, M, shiny|100\/100\n|-activate|p1a: Greninja|move: Sticky Web\n|-unboost|p1a: Greninja|spe|1\n|turn|8\n|\n|t:|1699923165\n|move|p1a: Greninja|Water Shuriken|p2a: Great Tusk\n|-start|p1a: Greninja|typechange|Water|[from] ability: Protean\n|-supereffective|p2a: Great Tusk\n|-damage|p2a: Great Tusk|67\/100\n|-supereffective|p2a: Great Tusk\n|-damage|p2a: Great Tusk|33\/100\n|-hitcount|p2a: Great Tusk|2\n|move|p2a: Great Tusk|Close Combat|p1a: Greninja\n|-damage|p1a: Greninja|15\/100\n|-unboost|p2a: Great Tusk|def|1\n|-unboost|p2a: Great Tusk|spd|1\n|\n|-heal|p2a: Great Tusk|39\/100|[from] item: Leftovers\n|upkeep\n|turn|9\n|\n|t:|1699923189\n|-end|p2a: Great Tusk|Protosynthesis|[silent]\n|switch|p2a: Greninja|Greninja, M|100\/100\n|switch|p1a: Enamorus|Enamorus, F|100\/100\n|\n|upkeep\n|turn|10\n|\n|t:|1699923199\n|switch|p2a: Gholdengo|Gholdengo|100\/100\n|-item|p2a: Gholdengo|Air Balloon\n|move|p1a: Enamorus|Superpower|p2a: Gholdengo\n|-immune|p2a: Gholdengo\n|\n|upkeep\n|turn|11\n|\n|t:|1699923210\n|move|p2a: Gholdengo|Shadow Ball|p1a: Enamorus\n|-damage|p1a: Enamorus|48\/100\n|move|p1a: Enamorus|Calm Mind|p1a: Enamorus\n|-unboost|p1a: Enamorus|spa|1\n|-unboost|p1a: Enamorus|spd|1\n|\n|-heal|p1a: Enamorus|54\/100|[from] item: Leftovers\n|upkeep\n|turn|12\n|\n|t:|1699923219\n|move|p2a: Gholdengo|Shadow Ball|p1a: Enamorus\n|-damage|p1a: Enamorus|0 fnt\n|faint|p1a: Enamorus\n|\n|upkeep\n|\n|t:|1699923234\n|switch|p1a: Walking Wake|Walking Wake|100\/100\n|-activate|p1a: Walking Wake|move: Sticky Web\n|-unboost|p1a: Walking Wake|spe|1\n|turn|13\n|\n|t:|1699923241\n|move|p2a: Gholdengo|Nasty Plot|p2a: Gholdengo\n|-boost|p2a: Gholdengo|spa|2\n|move|p1a: Walking Wake|Flamethrower|p2a: Gholdengo\n|-supereffective|p2a: Gholdengo\n|-damage|p2a: Gholdengo|6\/100\n|-enditem|p2a: Gholdengo|Air Balloon\n|-damage|p1a: Walking Wake|91\/100|[from] item: Life Orb\n|\n|upkeep\n|turn|14\n|\n|t:|1699923257\n|move|p2a: Gholdengo|Shadow Ball|p1a: Walking Wake\n|-damage|p1a: Walking Wake|0 fnt\n|faint|p1a: Walking Wake\n|-end|p1a: Walking Wake|Protosynthesis|[silent]\n|\n|upkeep\n|\n|t:|1699923263\n|switch|p1a: Greninja|Greninja, M, shiny|15\/100\n|-activate|p1a: Greninja|move: Sticky Web\n|-unboost|p1a: Greninja|spe|1\n|turn|15\n|\n|t:|1699923270\n|move|p1a: Greninja|Water Shuriken|p2a: Gholdengo\n|-start|p1a: Greninja|typechange|Water|[from] ability: Protean\n|-damage|p2a: Gholdengo|0 fnt\n|faint|p2a: Gholdengo\n|-hitcount|p2: Gholdengo|1\n|\n|upkeep\n|\n|t:|1699923274\n|switch|p2a: Greninja|Greninja, M|100\/100\n|turn|16\n|\n|t:|1699923284\n|move|p2a: Greninja|Water Shuriken|p1a: Greninja\n|-resisted|p1a: Greninja\n|-damage|p1a: Greninja|10\/100\n|-resisted|p1a: Greninja\n|-crit|p1a: Greninja\n|-damage|p1a: Greninja|0 fnt\n|faint|p1a: Greninja\n|-ability|p2a: Greninja|Battle Bond|boost\n|-boost|p2a: Greninja|atk|1\n|-boost|p2a: Greninja|spa|1\n|-boost|p2a: Greninja|spe|1\n|-activate|p2a: Greninja|ability: Battle Bond\n|-hitcount|p1: Greninja|2\n|-damage|p2a: Greninja|91\/100|[from] item: Life Orb\n|\n|upkeep\n|\n|t:|1699923296\n|switch|p1a: Glimmora|Glimmora, F, shiny|100\/100\n|-activate|p1a: Glimmora|move: Sticky Web\n|-unboost|p1a: Glimmora|spe|1\n|turn|17\n|\n|t:|1699923303\n|move|p2a: Greninja|Surf|p1a: Glimmora\n|-supereffective|p1a: Glimmora\n|-damage|p1a: Glimmora|0 fnt\n|faint|p1a: Glimmora\n|-damage|p2a: Greninja|81\/100|[from] item: Life Orb\n|\n|upkeep\n|c|\u2606Hi fren hf|Gg dweeb\n|\n|t:|1699923309\n|switch|p1a: Great Tusk|Great Tusk, shiny|100\/100\n|-activate|p1a: Great Tusk|move: Sticky Web\n|-unboost|p1a: Great Tusk|spe|1\n|turn|18\n|\n|t:|1699923315\n|move|p2a: Greninja|Surf|p1a: Great Tusk\n|-supereffective|p1a: Great Tusk\n|-damage|p1a: Great Tusk|0 fnt\n|faint|p1a: Great Tusk\n|-end|p1a: Great Tusk|Protosynthesis|[silent]\n|-damage|p2a: Greninja|71\/100|[from] item: Life Orb\n|\n|win|Hi fren hf\n","uploadtime":1699923329,"views":11,"p1id":"gymleaderzuta90","p2id":"hifrenhf","formatid":"gen9ou","rating":0,"private":0,"password":""}