{"id":"gen9ou-2000401483","p1":"Pokex265","p2":"MizukiRimuru","format":"[Gen 9] OU","log":"|j|\u2606Pokex265\n|j|\u2606MizukiRimuru\n|t:|1701191741\n|gametype|singles\n|player|p1|Pokex265|ethan|1198\n|player|p2|MizukiRimuru|marley|1263\n|teamsize|p1|6\n|teamsize|p2|6\n|gen|9\n|tier|[Gen 9] OU\n|rated|\n|rule|Sleep Clause Mod: Limit one foe put to sleep\n|rule|Species Clause: Limit one of each Pok\u00e9mon\n|rule|OHKO Clause: OHKO moves are banned\n|rule|Evasion Items Clause: Evasion items are banned\n|rule|Evasion Moves Clause: Evasion moves are banned\n|rule|Endless Battle Clause: Forcing endless battles is banned\n|rule|HP Percentage Mod: HP is shown in percentages\n|clearpoke\n|poke|p1|Hatterene, F|\n|poke|p1|Kommo-o, M|\n|poke|p1|Zoroark-Hisui, M|\n|poke|p1|Kingambit, M|\n|poke|p1|Corviknight, M|\n|poke|p1|Gastrodon-East, F|\n|poke|p2|Glimmora, F|\n|poke|p2|Ogerpon, F|\n|poke|p2|Zapdos|\n|poke|p2|Ceruledge, F|\n|poke|p2|Ribombee, F|\n|poke|p2|Inteleon, M|\n|teampreview\n|\n|t:|1701191777\n|start\n|switch|p1a: HugeMilkers|Hatterene, F|100\/100\n|switch|p2a: Ribombee|Ribombee, F|100\/100\n|turn|1\n|\n|t:|1701191787\n|move|p2a: Ribombee|Quiver Dance|p2a: Ribombee\n|-boost|p2a: Ribombee|spa|1\n|-boost|p2a: Ribombee|spd|1\n|-boost|p2a: Ribombee|spe|1\n|move|p1a: HugeMilkers|Calm Mind|p1a: HugeMilkers\n|-boost|p1a: HugeMilkers|spa|1\n|-boost|p1a: HugeMilkers|spd|1\n|\n|upkeep\n|turn|2\n|\n|t:|1701191794\n|move|p2a: Ribombee|Quiver Dance|p2a: Ribombee\n|-boost|p2a: Ribombee|spa|1\n|-boost|p2a: Ribombee|spd|1\n|-boost|p2a: Ribombee|spe|1\n|move|p1a: HugeMilkers|Psyshock|p2a: Ribombee\n|-enditem|p2a: Ribombee|Focus Sash\n|-damage|p2a: Ribombee|1\/100\n|\n|upkeep\n|turn|3\n|\n|t:|1701191806\n|move|p2a: Ribombee|Moonblast|p1a: HugeMilkers\n|-damage|p1a: HugeMilkers|44\/100\n|-unboost|p1a: HugeMilkers|spa|1\n|move|p1a: HugeMilkers|Mystical Fire|p2a: Ribombee\n|-supereffective|p2a: Ribombee\n|-damage|p2a: Ribombee|0 fnt\n|faint|p2a: Ribombee\n|\n|-heal|p1a: HugeMilkers|50\/100|[from] item: Leftovers\n|upkeep\n|\n|t:|1701191823\n|switch|p2a: Ceruledge|Ceruledge, F|100\/100\n|turn|4\n|\n|t:|1701191860\n|switch|p1a: Bankai|Kommo-o, M|100\/100\n|move|p2a: Ceruledge|Swords Dance|p2a: Ceruledge\n|-boost|p2a: Ceruledge|atk|2\n|\n|upkeep\n|turn|5\n|\n|t:|1701191878\n|move|p2a: Ceruledge|Bitter Blade|p1a: Bankai\n|-resisted|p1a: Bankai\n|-damage|p1a: Bankai|62\/100\n|move|p1a: Bankai|Clangorous Soul|p1a: Bankai\n|-boost|p1a: Bankai|atk|1\n|-boost|p1a: Bankai|def|1\n|-boost|p1a: Bankai|spa|1\n|-boost|p1a: Bankai|spd|1\n|-boost|p1a: Bankai|spe|1\n|-damage|p1a: Bankai|29\/100\n|-enditem|p1a: Bankai|Throat Spray\n|-boost|p1a: Bankai|spa|1|[from] item: Throat Spray\n|\n|upkeep\n|turn|6\n|\n|t:|1701191889\n|move|p2a: Ceruledge|Shadow Sneak|p1a: Bankai\n|-damage|p1a: Bankai|4\/100\n|move|p1a: Bankai|Clanging Scales|p2a: Ceruledge\n|-damage|p2a: Ceruledge|3\/100\n|-unboost|p1a: Bankai|def|1\n|\n|upkeep\n|turn|7\n|\n|t:|1701191897\n|switch|p1a: Metanight|Corviknight, M, shiny|100\/100\n|move|p2a: Ceruledge|Shadow Sneak|p1a: Metanight\n|-damage|p1a: Metanight|75\/100\n|-damage|p2a: Ceruledge|0 fnt|[from] item: Rocky Helmet|[of] p1a: Metanight\n|faint|p2a: Ceruledge\n|\n|upkeep\n|\n|t:|1701191905\n|switch|p2a: Inteleon|Inteleon, M|100\/100\n|turn|8\n|\n|t:|1701191910\n|switch|p1a: Bankai|Kommo-o, M|4\/100\n|move|p2a: Inteleon|Snipe Shot|p1a: Bankai\n|-resisted|p1a: Bankai\n|-damage|p1a: Bankai|0 fnt\n|faint|p1a: Bankai\n|\n|upkeep\n|\n|t:|1701191934\n|switch|p1a: Katsuyu|Gastrodon-East, F|100\/100\n|turn|9\n|\n|t:|1701191951\n|move|p2a: Inteleon|Ice Beam|p1a: Katsuyu\n|-damage|p1a: Katsuyu|80\/100\n|move|p1a: Katsuyu|Stealth Rock|p2a: Inteleon\n|-sidestart|p2: MizukiRimuru|move: Stealth Rock\n|\n|-heal|p1a: Katsuyu|86\/100|[from] item: Leftovers\n|upkeep\n|turn|10\n|\n|t:|1701191958\n|switch|p2a: Glimmora|Glimmora, F|100\/100\n|move|p1a: Katsuyu|Earth Power|p2a: Glimmora\n|-supereffective|p2a: Glimmora\n|-damage|p2a: Glimmora|5\/100\n|\n|-heal|p1a: Katsuyu|92\/100|[from] item: Leftovers\n|upkeep\n|turn|11\n|\n|t:|1701191966\n|switch|p1a: HugeMilkers|Hatterene, F|50\/100\n|move|p2a: Glimmora|Mortal Spin|p1a: HugeMilkers\n|-supereffective|p1a: HugeMilkers\n|-damage|p1a: HugeMilkers|40\/100\n|-status|p1a: HugeMilkers|psn\n|-sideend|p2: MizukiRimuru|Stealth Rock|[from] move: Mortal Spin|[of] p2a: Glimmora\n|\n|-heal|p1a: HugeMilkers|46\/100 psn|[from] item: Leftovers\n|-damage|p1a: HugeMilkers|34\/100 psn|[from] psn\n|upkeep\n|turn|12\n|\n|t:|1701191976\n|switch|p1a: Metanight|Corviknight, M, shiny|75\/100\n|move|p2a: Glimmora|Sludge Bomb|p1a: Metanight\n|-immune|p1a: Metanight\n|\n|upkeep\n|turn|13\n|\n|t:|1701191989\n|move|p2a: Glimmora|Stealth Rock|p1a: Metanight\n|-sidestart|p1: Pokex265|move: Stealth Rock\n|move|p1a: Metanight|Body Press|p2a: Glimmora\n|-damage|p2a: Glimmora|0 fnt\n|-activate|p2a: Glimmora|ability: Toxic Debris\n|-sidestart|p1: Pokex265|move: Toxic Spikes\n|faint|p2a: Glimmora\n|\n|upkeep\n|\n|t:|1701191999\n|switch|p2a: Zapdos|Zapdos|100\/100\n|turn|14\n|\n|t:|1701192007\n|switch|p2a: Ogerpon|Ogerpon, F|100\/100\n|-terastallize|p1a: Metanight|Dragon\n|move|p1a: Metanight|Defog|p2a: Ogerpon\n|-unboost|p2a: Ogerpon|evasion|1\n|-ability|p2a: Ogerpon|Defiant|boost\n|-boost|p2a: Ogerpon|atk|2\n|-sideend|p1: Pokex265|Toxic Spikes|[from] move: Defog|[of] p1a: Metanight\n|-sideend|p1: Pokex265|Stealth Rock|[from] move: Defog|[of] p1a: Metanight\n|\n|upkeep\n|turn|15\n|\n|t:|1701192022\n|-terastallize|p2a: Ogerpon|Grass\n|detailschange|p2a: Ogerpon|Ogerpon-Teal-Tera, F, tera:Grass\n|-ability|p2a: Ogerpon|Embody Aspect (Teal)|boost\n|-boost|p2a: Ogerpon|spe|1\n|move|p2a: Ogerpon|Ivy Cudgel|p1a: Metanight\n|-resisted|p1a: Metanight\n|-damage|p1a: Metanight|38\/100\n|move|p1a: Metanight|Iron Defense|p1a: Metanight\n|-boost|p1a: Metanight|def|2\n|\n|upkeep\n|turn|16\n|\n|t:|1701192038\n|move|p2a: Ogerpon|Swords Dance|p2a: Ogerpon\n|-boost|p2a: Ogerpon|atk|2\n|move|p1a: Metanight|Roost|p1a: Metanight\n|-heal|p1a: Metanight|88\/100\n|\n|upkeep\n|turn|17\n|\n|t:|1701192046\n|move|p2a: Ogerpon|Swords Dance|p2a: Ogerpon\n|-boost|p2a: Ogerpon|atk|2\n|move|p1a: Metanight|Iron Defense|p1a: Metanight\n|-boost|p1a: Metanight|def|2\n|\n|upkeep\n|turn|18\n|\n|t:|1701192050\n|move|p2a: Ogerpon|Ivy Cudgel|p1a: Metanight\n|-resisted|p1a: Metanight\n|-damage|p1a: Metanight|63\/100\n|move|p1a: Metanight|Iron Defense|p1a: Metanight\n|-boost|p1a: Metanight|def|2\n|\n|upkeep\n|turn|19\n|\n|t:|1701192056\n|move|p2a: Ogerpon|Ivy Cudgel|p1a: Metanight\n|-resisted|p1a: Metanight\n|-crit|p1a: Metanight\n|-damage|p1a: Metanight|0 fnt\n|faint|p1a: Metanight\n|\n|upkeep\n|\n|t:|1701192069\n|switch|p1a: Ywach|Kingambit, M|100\/100\n|turn|20\n|\n|t:|1701192073\n|move|p2a: Ogerpon|Superpower|p1a: Ywach\n|-immune|p1a: Ywach\n|move|p1a: Ywach|U-turn|p2a: Ogerpon\n|-supereffective|p2a: Ogerpon\n|-damage|p2a: Ogerpon|20\/100\n|\n|t:|1701192079\n|switch|p1a: Ywach|Kingambit, M|100\/100|[from] U-turn\n|-activate|p1a: Ywach|ability: Supreme Overlord\n|-start|p1a: Ywach|fallen2|[silent]\n|\n|upkeep\n|turn|21\n|\n|t:|1701192093\n|switch|p2a: Zapdos|Zapdos|100\/100\n|move|p1a: Ywach|Sucker Punch||[still]\n|-fail|p1a: Ywach\n|\n|upkeep\n|turn|22\n|\n|t:|1701192098\n|-end|p1a: Ywach|fallen2|[silent]\n|switch|p1a: Katsuyu|Gastrodon-East, F|92\/100\n|move|p2a: Zapdos|Heat Wave|p1a: Katsuyu\n|-resisted|p1a: Katsuyu\n|-damage|p1a: Katsuyu|81\/100\n|\n|-heal|p1a: Katsuyu|88\/100|[from] item: Leftovers\n|upkeep\n|turn|23\n|\n|t:|1701192105\n|move|p2a: Zapdos|Hurricane|p1a: Katsuyu\n|-damage|p1a: Katsuyu|46\/100\n|move|p1a: Katsuyu|Ice Beam|p2a: Zapdos\n|-supereffective|p2a: Zapdos\n|-crit|p2a: Zapdos\n|-damage|p2a: Zapdos|41\/100\n|\n|-heal|p2a: Zapdos|47\/100|[from] item: Leftovers\n|-heal|p1a: Katsuyu|52\/100|[from] item: Leftovers\n|upkeep\n|turn|24\n|\n|t:|1701192113\n|move|p2a: Zapdos|Hurricane|p1a: Katsuyu\n|-damage|p1a: Katsuyu|15\/100\n|move|p1a: Katsuyu|Recover|p1a: Katsuyu\n|-heal|p1a: Katsuyu|65\/100\n|\n|-heal|p2a: Zapdos|54\/100|[from] item: Leftovers\n|-heal|p1a: Katsuyu|71\/100|[from] item: Leftovers\n|upkeep\n|turn|25\n|\n|t:|1701192121\n|move|p2a: Zapdos|Hurricane|p1a: Katsuyu\n|-damage|p1a: Katsuyu|32\/100\n|move|p1a: Katsuyu|Stealth Rock|p2a: Zapdos\n|-sidestart|p2: MizukiRimuru|move: Stealth Rock\n|\n|-heal|p2a: Zapdos|60\/100|[from] item: Leftovers\n|-heal|p1a: Katsuyu|39\/100|[from] item: Leftovers\n|upkeep\n|turn|26\n|\n|t:|1701192129\n|move|p2a: Zapdos|Hurricane|p1a: Katsuyu|[miss]\n|-miss|p2a: Zapdos|p1a: Katsuyu\n|move|p1a: Katsuyu|Recover|p1a: Katsuyu\n|-heal|p1a: Katsuyu|89\/100\n|\n|-heal|p2a: Zapdos|66\/100|[from] item: Leftovers\n|-heal|p1a: Katsuyu|95\/100|[from] item: Leftovers\n|upkeep\n|turn|27\n|\n|t:|1701192137\n|move|p2a: Zapdos|Hurricane|p1a: Katsuyu\n|-damage|p1a: Katsuyu|51\/100\n|-start|p1a: Katsuyu|confusion\n|-activate|p1a: Katsuyu|confusion\n|move|p1a: Katsuyu|Ice Beam|p2a: Zapdos\n|-supereffective|p2a: Zapdos\n|-damage|p2a: Zapdos|29\/100\n|\n|-heal|p2a: Zapdos|35\/100|[from] item: Leftovers\n|-heal|p1a: Katsuyu|57\/100|[from] item: Leftovers\n|upkeep\n|turn|28\n|\n|t:|1701192147\n|switch|p1a: HugeMilkers|Hatterene, F|34\/100 psn\n|move|p2a: Zapdos|Roost|p2a: Zapdos\n|-heal|p2a: Zapdos|86\/100\n|-singleturn|p2a: Zapdos|move: Roost\n|\n|-heal|p2a: Zapdos|92\/100|[from] item: Leftovers\n|-heal|p1a: HugeMilkers|39\/100 psn|[from] item: Leftovers\n|-damage|p1a: HugeMilkers|27\/100 psn|[from] psn\n|upkeep\n|turn|29\n|\n|t:|1701192156\n|move|p2a: Zapdos|Heat Wave|p1a: HugeMilkers\n|-damage|p1a: HugeMilkers|0 fnt\n|faint|p1a: HugeMilkers\n|\n|-heal|p2a: Zapdos|98\/100|[from] item: Leftovers\n|upkeep\n|\n|t:|1701192163\n|switch|p1a: Katsuyu|Gastrodon-East, F|100\/100\n|turn|30\n|\n|t:|1701192166\n|move|p1a: Katsuyu|Knock Off|p2a: Zapdos\n|-damage|p2a: Zapdos|58\/100\n|-status|p1a: Katsuyu|par|[from] ability: Static|[of] p2a: Zapdos\n|-enditem|p2a: Zapdos|Leftovers|[from] move: Knock Off|[of] p1a: Katsuyu\n|move|p2a: Zapdos|Hurricane|p1a: Katsuyu\n|-damage|p1a: Katsuyu|0 fnt\n|replace|p1a: Itachi|Zoroark-Hisui, M\n|-end|p1a: Itachi|Illusion\n|faint|p1a: Itachi\n|\n|upkeep\n|\n|t:|1701192173\n|switch|p1a: Katsuyu|Gastrodon-East, F|57\/100\n|turn|31\n|\n|t:|1701192178\n|move|p2a: Zapdos|Hurricane|p1a: Katsuyu\n|-damage|p1a: Katsuyu|20\/100\n|move|p1a: Katsuyu|Recover|p1a: Katsuyu\n|-heal|p1a: Katsuyu|70\/100\n|\n|-heal|p1a: Katsuyu|76\/100|[from] item: Leftovers\n|upkeep\n|turn|32\n|\n|t:|1701192185\n|move|p2a: Zapdos|Hurricane|p1a: Katsuyu|[miss]\n|-miss|p2a: Zapdos|p1a: Katsuyu\n|move|p1a: Katsuyu|Ice Beam|p2a: Zapdos\n|-supereffective|p2a: Zapdos\n|-damage|p2a: Zapdos|23\/100\n|\n|-heal|p1a: Katsuyu|82\/100|[from] item: Leftovers\n|upkeep\n|turn|33\n|\n|t:|1701192194\n|move|p2a: Zapdos|Roost|p2a: Zapdos\n|-heal|p2a: Zapdos|73\/100\n|-singleturn|p2a: Zapdos|move: Roost\n|move|p1a: Katsuyu|Earth Power|p2a: Zapdos\n|-supereffective|p2a: Zapdos\n|-damage|p2a: Zapdos|19\/100\n|\n|-heal|p1a: Katsuyu|88\/100|[from] item: Leftovers\n|upkeep\n|turn|34\n|\n|t:|1701192204\n|move|p2a: Zapdos|Roost|p2a: Zapdos\n|-heal|p2a: Zapdos|69\/100\n|-singleturn|p2a: Zapdos|move: Roost\n|move|p1a: Katsuyu|Earth Power|p2a: Zapdos\n|-supereffective|p2a: Zapdos\n|-damage|p2a: Zapdos|9\/100\n|\n|-heal|p1a: Katsuyu|94\/100|[from] item: Leftovers\n|upkeep\n|turn|35\n|\n|t:|1701192213\n|move|p2a: Zapdos|Hurricane|p1a: Katsuyu|[miss]\n|-miss|p2a: Zapdos|p1a: Katsuyu\n|move|p1a: Katsuyu|Ice Beam|p2a: Zapdos\n|-supereffective|p2a: Zapdos\n|-damage|p2a: Zapdos|0 fnt\n|faint|p2a: Zapdos\n|\n|-heal|p1a: Katsuyu|99\/100|[from] item: Leftovers\n|upkeep\n|\n|t:|1701192221\n|switch|p2a: Ogerpon|Ogerpon-Teal-Tera, F, tera:Grass|20\/100\n|-damage|p2a: Ogerpon|8\/100|[from] Stealth Rock\n|-ability|p2a: Ogerpon|Embody Aspect (Teal)|boost\n|-boost|p2a: Ogerpon|spe|1\n|turn|36\n|\n|t:|1701192233\n|move|p2a: Ogerpon|Superpower|p1a: Katsuyu\n|-damage|p1a: Katsuyu|60\/100\n|-unboost|p2a: Ogerpon|atk|1\n|-unboost|p2a: Ogerpon|def|1\n|move|p1a: Katsuyu|Ice Beam|p2a: Ogerpon\n|-supereffective|p2a: Ogerpon\n|-damage|p2a: Ogerpon|0 fnt\n|faint|p2a: Ogerpon\n|\n|-heal|p1a: Katsuyu|66\/100|[from] item: Leftovers\n|upkeep\n|c|\u2606MizukiRimuru|gg\n|\n|t:|1701192243\n|switch|p2a: Inteleon|Inteleon, M|100\/100\n|-damage|p2a: Inteleon|88\/100|[from] Stealth Rock\n|turn|37\n|c|\u2606Pokex265|gg\n|\n|t:|1701192248\n|move|p2a: Inteleon|Air Slash|p1a: Katsuyu\n|-damage|p1a: Katsuyu|49\/100\n|cant|p1a: Katsuyu|flinch\n|\n|-heal|p1a: Katsuyu|55\/100|[from] item: Leftovers\n|upkeep\n|turn|38\n|\n|t:|1701192254\n|move|p2a: Inteleon|Air Slash|p1a: Katsuyu\n|-damage|p1a: Katsuyu|39\/100\n|move|p1a: Katsuyu|Recover|p1a: Katsuyu\n|-heal|p1a: Katsuyu|89\/100\n|\n|-heal|p1a: Katsuyu|95\/100|[from] item: Leftovers\n|upkeep\n|turn|39\n|-message|MizukiRimuru forfeited.\n|\n|win|Pokex265\n|raw|Pokex265's rating: 1198 &rarr; <strong>1228<\/strong><br \/>(+30 for winning)\n|raw|MizukiRimuru's rating: 1263 &rarr; <strong>1233<\/strong><br \/>(-30 for losing)\n|l|\u2606MizukiRimuru\n","uploadtime":1701192275,"views":1,"p1id":"pokex265","p2id":"mizukirimuru","formatid":"gen9ou","rating":1228,"private":0,"password":""}