{"id":"gen9ou-1996549178","p1":"Kcaix03","p2":"slugma the god","format":"[Gen 9] OU","log":"|j|\u2606Kcaix03\n|j|\u2606slugma the god\n|inactive|Battle timer is ON: inactive players will automatically lose when time's up.\n|t:|1700693136\n|gametype|singles\n|player|p1|Kcaix03|iris-gen5bw2|\n|player|p2|slugma the god|265|\n|teamsize|p1|6\n|teamsize|p2|6\n|gen|9\n|tier|[Gen 9] OU\n|rated|Tournament battle\n|rule|Sleep Clause Mod: Limit one foe put to sleep\n|rule|Species Clause: Limit one of each Pok\u00e9mon\n|rule|OHKO Clause: OHKO moves are banned\n|rule|Evasion Items Clause: Evasion items are banned\n|rule|Evasion Moves Clause: Evasion moves are banned\n|rule|Endless Battle Clause: Forcing endless battles is banned\n|rule|HP Percentage Mod: HP is shown in percentages\n|clearpoke\n|poke|p1|Dragapult, F|\n|poke|p1|Great Tusk|\n|poke|p1|Iron Moth|\n|poke|p1|Blissey, F|\n|poke|p1|Gholdengo|\n|poke|p1|Alomomola, F|\n|poke|p2|Great Tusk|\n|poke|p2|Landorus-Therian, M|\n|poke|p2|Zamazenta-*|\n|poke|p2|Ninetales-Alola, M|\n|poke|p2|Corviknight, F|\n|poke|p2|Kingambit, F|\n|teampreview\n|inactive|slugma the god also wants the timer to be on.\n|\n|t:|1700693151\n|start\n|switch|p1a: Dragapult|Dragapult, F, shiny|100\/100\n|switch|p2a: Ninetales|Ninetales-Alola, M|100\/100\n|-weather|Snow|[from] ability: Snow Warning|[of] p2a: Ninetales\n|turn|1\n|\n|t:|1700693161\n|move|p1a: Dragapult|U-turn|p2a: Ninetales\n|-resisted|p2a: Ninetales\n|-damage|p2a: Ninetales|88\/100\n|\n|t:|1700693165\n|switch|p1a: Gholdengo|Gholdengo, shiny|100\/100|[from] U-turn\n|move|p2a: Ninetales|Aurora Veil|p2a: Ninetales\n|-sidestart|p2: slugma the god|move: Aurora Veil\n|\n|-weather|Snow|[upkeep]\n|upkeep\n|turn|2\n|j| l9testtren\n|\n|t:|1700693177\n|switch|p2a: Great Tusk|Great Tusk|100\/100\n|-enditem|p2a: Great Tusk|Booster Energy\n|-activate|p2a: Great Tusk|ability: Protosynthesis|[fromitem]\n|-start|p2a: Great Tusk|protosynthesisatk\n|move|p1a: Gholdengo|Make It Rain|p2a: Great Tusk\n|-damage|p2a: Great Tusk|29\/100\n|-unboost|p1a: Gholdengo|spa|1\n|\n|-weather|Snow|[upkeep]\n|upkeep\n|turn|3\n|\n|t:|1700693190\n|switch|p1a: Alomomola|Alomomola, F|100\/100\n|move|p2a: Great Tusk|Headlong Rush|p1a: Alomomola\n|-damage|p1a: Alomomola|51\/100\n|-unboost|p2a: Great Tusk|def|1\n|-unboost|p2a: Great Tusk|spd|1\n|-enditem|p1a: Alomomola|Red Card|[of] p2a: Great Tusk\n|-end|p2a: Great Tusk|Protosynthesis|[silent]\n|drag|p2a: Corviknight|Corviknight, F|100\/100\n|\n|-weather|Snow|[upkeep]\n|upkeep\n|turn|4\n|\n|t:|1700693198\n|move|p2a: Corviknight|Bulk Up|p2a: Corviknight\n|-boost|p2a: Corviknight|atk|1\n|-boost|p2a: Corviknight|def|1\n|move|p1a: Alomomola|Wish|p1a: Alomomola\n|\n|-weather|Snow|[upkeep]\n|upkeep\n|turn|5\n|\n|t:|1700693202\n|move|p2a: Corviknight|Bulk Up|p2a: Corviknight\n|-boost|p2a: Corviknight|atk|1\n|-boost|p2a: Corviknight|def|1\n|move|p1a: Alomomola|Flip Turn|p2a: Corviknight\n|-crit|p2a: Corviknight\n|-damage|p2a: Corviknight|79\/100\n|-damage|p1a: Alomomola|35\/100|[from] item: Rocky Helmet|[of] p2a: Corviknight\n|\n|t:|1700693213\n|switch|p1a: Gholdengo|Gholdengo, shiny|100\/100|[from] Flip Turn\n|\n|-weather|none\n|upkeep\n|turn|6\n|\n|t:|1700693219\n|move|p1a: Gholdengo|Shadow Ball|p2a: Corviknight\n|-damage|p2a: Corviknight|48\/100\n|move|p2a: Corviknight|Iron Head|p1a: Gholdengo\n|-resisted|p1a: Gholdengo\n|-damage|p1a: Gholdengo|63\/100\n|\n|upkeep\n|turn|7\n|\n|t:|1700693227\n|move|p1a: Gholdengo|Shadow Ball|p2a: Corviknight\n|-crit|p2a: Corviknight\n|-damage|p2a: Corviknight|0 fnt\n|faint|p2a: Corviknight\n|\n|upkeep\n|\n|t:|1700693233\n|switch|p2a: Great Tusk|Great Tusk|29\/100\n|turn|8\n|\n|t:|1700693249\n|-terastallize|p1a: Gholdengo|Fairy\n|move|p2a: Great Tusk|Headlong Rush|p1a: Gholdengo\n|-damage|p1a: Gholdengo|0 fnt\n|-unboost|p2a: Great Tusk|def|1\n|-unboost|p2a: Great Tusk|spd|1\n|faint|p1a: Gholdengo\n|\n|-sideend|p2: slugma the god|move: Aurora Veil\n|upkeep\n|\n|t:|1700693255\n|switch|p1a: Dragapult|Dragapult, F, shiny|100\/100\n|turn|9\n|\n|t:|1700693262\n|-end|p2a: Great Tusk|Protosynthesis|[silent]\n|switch|p2a: Ninetales|Ninetales-Alola, M|88\/100\n|-weather|Snow|[from] ability: Snow Warning|[of] p2a: Ninetales\n|move|p1a: Dragapult|Dragon Darts|p2a: Ninetales\n|-immune|p2a: Ninetales\n|\n|-weather|Snow|[upkeep]\n|upkeep\n|turn|10\n|\n|t:|1700693267\n|switch|p1a: Iron Moth|Iron Moth|100\/100\n|move|p2a: Ninetales|Aurora Veil|p2a: Ninetales\n|-sidestart|p2: slugma the god|move: Aurora Veil\n|\n|-weather|Snow|[upkeep]\n|upkeep\n|turn|11\n|\n|t:|1700693272\n|switch|p2a: Kingambit|Kingambit, F|100\/100\n|move|p1a: Iron Moth|Fiery Dance|p2a: Kingambit\n|-supereffective|p2a: Kingambit\n|-damage|p2a: Kingambit|56\/100\n|-boost|p1a: Iron Moth|spa|1\n|\n|-weather|Snow|[upkeep]\n|upkeep\n|turn|12\n|\n|t:|1700693278\n|-end|p1a: Iron Moth|Quark Drive|[silent]\n|switch|p1a: Great Tusk|Great Tusk|100\/100\n|move|p2a: Kingambit|Sucker Punch||[still]\n|-fail|p2a: Kingambit\n|\n|-weather|Snow|[upkeep]\n|upkeep\n|turn|13\n|\n|t:|1700693283\n|move|p1a: Great Tusk|Stealth Rock|p2a: Kingambit\n|-sidestart|p2: slugma the god|move: Stealth Rock\n|move|p2a: Kingambit|Low Kick|p1a: Great Tusk\n|-damage|p1a: Great Tusk|71\/100\n|-damage|p2a: Kingambit|40\/100|[from] item: Rocky Helmet|[of] p1a: Great Tusk\n|\n|-weather|none\n|upkeep\n|turn|14\n|\n|t:|1700693286\n|move|p1a: Great Tusk|Earthquake|p2a: Kingambit\n|-supereffective|p2a: Kingambit\n|-damage|p2a: Kingambit|0 fnt\n|faint|p2a: Kingambit\n|\n|upkeep\n|\n|t:|1700693292\n|switch|p2a: Ninetales|Ninetales-Alola, M|88\/100\n|-damage|p2a: Ninetales|64\/100|[from] Stealth Rock\n|-weather|Snow|[from] ability: Snow Warning|[of] p2a: Ninetales\n|turn|15\n|\n|t:|1700693297\n|-end|p1a: Great Tusk|Protosynthesis|[silent]\n|switch|p1a: Blissey|Blissey, F|100\/100\n|move|p2a: Ninetales|Blizzard|p1a: Blissey\n|-damage|p1a: Blissey|88\/100\n|\n|-weather|Snow|[upkeep]\n|upkeep\n|turn|16\n|\n|t:|1700693306\n|move|p2a: Ninetales|Blizzard|p1a: Blissey\n|-damage|p1a: Blissey|74\/100\n|move|p1a: Blissey|Thunder Wave|p2a: Ninetales\n|-status|p2a: Ninetales|par\n|\n|-weather|Snow|[upkeep]\n|upkeep\n|turn|17\n|\n|t:|1700693311\n|move|p2a: Ninetales|Encore|p1a: Blissey\n|-start|p1a: Blissey|Encore\n|move|p1a: Blissey|Thunder Wave|p2a: Ninetales\n|-fail|p2a: Ninetales|par\n|\n|-weather|Snow|[upkeep]\n|-sideend|p2: slugma the god|move: Aurora Veil\n|upkeep\n|turn|18\n|\n|t:|1700693317\n|switch|p2a: Great Tusk|Great Tusk|29\/100\n|-damage|p2a: Great Tusk|26\/100|[from] Stealth Rock\n|switch|p1a: Alomomola|Alomomola, F|68\/100\n|\n|-weather|Snow|[upkeep]\n|upkeep\n|turn|19\n|\n|t:|1700693323\n|move|p2a: Great Tusk|Close Combat|p1a: Alomomola\n|-damage|p1a: Alomomola|28\/100\n|-unboost|p2a: Great Tusk|def|1\n|-unboost|p2a: Great Tusk|spd|1\n|move|p1a: Alomomola|Scald|p2a: Great Tusk\n|-supereffective|p2a: Great Tusk\n|-damage|p2a: Great Tusk|0 fnt\n|faint|p2a: Great Tusk\n|-end|p2a: Great Tusk|Protosynthesis|[silent]\n|\n|-weather|none\n|upkeep\n|\n|t:|1700693327\n|switch|p2a: Landorus|Landorus-Therian, M|100\/100\n|-damage|p2a: Landorus|88\/100|[from] Stealth Rock\n|-ability|p2a: Landorus|Intimidate|boost\n|-unboost|p1a: Alomomola|atk|1\n|turn|20\n|\n|t:|1700693332\n|switch|p1a: Great Tusk|Great Tusk|71\/100\n|move|p2a: Landorus|Earthquake|p1a: Great Tusk\n|-damage|p1a: Great Tusk|34\/100\n|\n|upkeep\n|turn|21\n|\n|t:|1700693337\n|move|p2a: Landorus|Earthquake|p1a: Great Tusk\n|-damage|p1a: Great Tusk|0 fnt\n|faint|p1a: Great Tusk\n|-end|p1a: Great Tusk|Protosynthesis|[silent]\n|\n|upkeep\n|\n|t:|1700693342\n|switch|p1a: Dragapult|Dragapult, F, shiny|100\/100\n|turn|22\n|\n|t:|1700693345\n|move|p2a: Landorus|Earthquake|p1a: Dragapult\n|-damage|p1a: Dragapult|28\/100\n|-start|p2a: Landorus|Disable|Earthquake|[from] ability: Cursed Body|[of] p1a: Dragapult\n|move|p1a: Dragapult|U-turn|p2a: Landorus\n|-resisted|p2a: Landorus\n|-damage|p2a: Landorus|75\/100\n|\n|t:|1700693357\n|switch|p1a: Blissey|Blissey, F|74\/100|[from] U-turn\n|\n|upkeep\n|turn|23\n|\n|t:|1700693360\n|switch|p2a: Zamazenta|Zamazenta|100\/100\n|-damage|p2a: Zamazenta|94\/100|[from] Stealth Rock\n|-ability|p2a: Zamazenta|Dauntless Shield|boost\n|-boost|p2a: Zamazenta|def|1\n|switch|p1a: Alomomola|Alomomola, F|61\/100\n|\n|upkeep\n|turn|24\n|c|\u2606Kcaix03|misclick\n|\n|t:|1700693367\n|move|p2a: Zamazenta|Iron Defense|p2a: Zamazenta\n|-boost|p2a: Zamazenta|def|2\n|move|p1a: Alomomola|Scald|p2a: Zamazenta\n|-crit|p2a: Zamazenta\n|-damage|p2a: Zamazenta|81\/100\n|\n|upkeep\n|turn|25\n|\n|t:|1700693376\n|move|p2a: Zamazenta|Body Press|p1a: Alomomola\n|-damage|p1a: Alomomola|5\/100\n|move|p1a: Alomomola|Scald|p2a: Zamazenta\n|-damage|p2a: Zamazenta|72\/100\n|-status|p2a: Zamazenta|brn\n|\n|-damage|p2a: Zamazenta|66\/100 brn|[from] brn\n|upkeep\n|turn|26\n|\n|t:|1700693388\n|switch|p1a: Iron Moth|Iron Moth|100\/100\n|move|p2a: Zamazenta|Body Press|p1a: Iron Moth\n|-resisted|p1a: Iron Moth\n|-damage|p1a: Iron Moth|61\/100\n|\n|-damage|p2a: Zamazenta|60\/100 brn|[from] brn\n|upkeep\n|turn|27\n|\n|t:|1700693393\n|move|p1a: Iron Moth|Psychic|p2a: Zamazenta\n|-supereffective|p2a: Zamazenta\n|-crit|p2a: Zamazenta\n|-damage|p2a: Zamazenta|0 fnt\n|faint|p2a: Zamazenta\n|\n|upkeep\n|c|\u2606slugma the god|how many fucking crits\n|c|\u2606slugma the god|holy\n|\n|t:|1700693407\n|switch|p2a: Landorus|Landorus-Therian, M|75\/100\n|-damage|p2a: Landorus|63\/100|[from] Stealth Rock\n|-ability|p2a: Landorus|Intimidate|boost\n|-unboost|p1a: Iron Moth|atk|1\n|turn|28\n|\n|t:|1700693422\n|-end|p1a: Iron Moth|Quark Drive|[silent]\n|switch|p1a: Alomomola|Alomomola, F|39\/100\n|-terastallize|p2a: Landorus|Ground\n|move|p2a: Landorus|Earthquake|p1a: Alomomola\n|-damage|p1a: Alomomola|0 fnt\n|faint|p1a: Alomomola\n|\n|upkeep\n|\n|t:|1700693430\n|switch|p1a: Dragapult|Dragapult, F, shiny|28\/100\n|turn|29\n|c|\u2606Kcaix03|omg\n|inactive|Kcaix03 has 120 seconds left.\n|c|\u2606Kcaix03|i just realized im running choice spec with a phys set\n|\n|t:|1700693460\n|move|p2a: Landorus|Earthquake|p1a: Dragapult\n|-damage|p1a: Dragapult|0 fnt\n|-start|p2a: Landorus|Disable|Earthquake|[from] ability: Cursed Body|[of] p1a: Dragapult\n|faint|p1a: Dragapult\n|\n|upkeep\n|inactive|Kcaix03 has 120 seconds left.\n|\n|t:|1700693466\n|switch|p1a: Blissey|Blissey, F|74\/100\n|turn|30\n|\n|t:|1700693477\n|switch|p2a: Ninetales|Ninetales-Alola, M|64\/100 par\n|-damage|p2a: Ninetales|39\/100 par|[from] Stealth Rock\n|-weather|Snow|[from] ability: Snow Warning|[of] p2a: Ninetales\n|move|p1a: Blissey|Healing Wish|p1a: Blissey\n|faint|p1a: Blissey\n|\n|-weather|Snow|[upkeep]\n|upkeep\n|\n|t:|1700693479\n|switch|p1a: Iron Moth|Iron Moth|61\/100\n|-heal|p1a: Iron Moth|100\/100|[from] move: Healing Wish\n|turn|31\n|\n|t:|1700693485\n|move|p1a: Iron Moth|Fiery Dance|p2a: Ninetales\n|-supereffective|p2a: Ninetales\n|-damage|p2a: Ninetales|0 fnt\n|faint|p2a: Ninetales\n|\n|-weather|Snow|[upkeep]\n|upkeep\n|\n|t:|1700693487\n|switch|p2a: Landorus|Landorus-Therian, M, tera:Ground|63\/100\n|-damage|p2a: Landorus|57\/100|[from] Stealth Rock\n|-ability|p2a: Landorus|Intimidate|boost\n|-unboost|p1a: Iron Moth|atk|1\n|turn|32\n|\n|t:|1700693500\n|move|p1a: Iron Moth|Fiery Dance|p2a: Landorus\n|-crit|p2a: Landorus\n|-damage|p2a: Landorus|0 fnt\n|faint|p2a: Landorus\n|\n|win|Kcaix03\n|n|\u2606Kcaix03|kcaix03\n|n|\u2606slugma the god|slugmathegod\n|n| l9testtren|l9testtren\n|c|\u2606Kcaix03|gg\n|c|\u2606slugma the god|how many fucking crits\n|c|\u2606slugma the god|that was some bs\n|c|\u2606Kcaix03|huh\n|c|\u2606slugma the god|and cursed bodies\n|c|\u2606Kcaix03|what crits\n|c|\u2606slugma the god|god damn\n|c|\u2606Kcaix03|oh there like two\n|c|\u2606slugma the god|nah there were like 5\n|c|\u2606Kcaix03|nah 3\n|c|\u2606Kcaix03|3 crits too i got luck\n|c|\u2606Kcaix03|good game tho\n|c|\u2606slugma the god|gg\n|c|\u2606Kcaix03|gg wp\n|c|\u2606Kcaix03|when is the next battl;e\n|l|\u2606Kcaix03\n","uploadtime":1700693757,"views":15,"p1id":"kcaix03","p2id":"slugmathegod","formatid":"gen9ou","rating":0,"private":0,"password":""}