{"id":"gen9ou-1988417343","p1":"Guy Maneth","p2":"MawilesBite","format":"[Gen 9] OU","log":"|j|\u2606Guy Maneth\n|j|\u2606MawilesBite\n|t:|1699720690\n|gametype|singles\n|player|p1|Guy Maneth|102|1396\n|player|p2|MawilesBite|hiker-gen4|1416\n|teamsize|p1|6\n|teamsize|p2|6\n|gen|9\n|tier|[Gen 9] OU\n|rated|\n|rule|Sleep Clause Mod: Limit one foe put to sleep\n|rule|Species Clause: Limit one of each Pok\u00e9mon\n|rule|OHKO Clause: OHKO moves are banned\n|rule|Evasion Items Clause: Evasion items are banned\n|rule|Evasion Moves Clause: Evasion moves are banned\n|rule|Endless Battle Clause: Forcing endless battles is banned\n|rule|HP Percentage Mod: HP is shown in percentages\n|clearpoke\n|poke|p1|Moltres|\n|poke|p1|Torkoal, F|\n|poke|p1|Walking Wake|\n|poke|p1|Lilligant-Hisui, F|\n|poke|p1|Heatran, M|\n|poke|p1|Cinderace, M|\n|poke|p2|Ribombee, M|\n|poke|p2|Hoopa-Unbound|\n|poke|p2|Ogerpon-Cornerstone, F|\n|poke|p2|Samurott-Hisui, F|\n|poke|p2|Gholdengo|\n|poke|p2|Great Tusk|\n|teampreview\n|\n|t:|1699720708\n|start\n|switch|p1a: Torkoal|Torkoal, F|100\/100\n|switch|p2a: Ogerpon|Ogerpon-Cornerstone, F|100\/100\n|-weather|SunnyDay|[from] ability: Drought|[of] p1a: Torkoal\n|turn|1\n|\n|t:|1699720722\n|switch|p1a: Lilligant|Lilligant-Hisui, F|100\/100\n|-terastallize|p2a: Ogerpon|Rock\n|detailschange|p2a: Ogerpon|Ogerpon-Cornerstone-Tera, F, tera:Rock\n|-ability|p2a: Ogerpon|Embody Aspect (Cornerstone)|boost\n|-boost|p2a: Ogerpon|def|1\n|move|p2a: Ogerpon|Ivy Cudgel|p1a: Lilligant\n|-resisted|p1a: Lilligant\n|-damage|p1a: Lilligant|36\/100\n|\n|-weather|SunnyDay|[upkeep]\n|upkeep\n|turn|2\n|\n|t:|1699720734\n|move|p1a: Lilligant|Solar Blade||[still]\n|-prepare|p1a: Lilligant|Solar Blade\n|-anim|p1a: Lilligant|Solar Blade|p2a: Ogerpon\n|-supereffective|p2a: Ogerpon\n|-damage|p2a: Ogerpon|0 fnt\n|faint|p2a: Ogerpon\n|\n|-weather|SunnyDay|[upkeep]\n|upkeep\n|c|\u2606MawilesBite|goat\n|\n|t:|1699720764\n|switch|p2a: Ribombee|Ribombee, M|100\/100\n|turn|3\n|\n|t:|1699720768\n|move|p1a: Lilligant|Solar Blade||[still]\n|-prepare|p1a: Lilligant|Solar Blade\n|-anim|p1a: Lilligant|Solar Blade|p2a: Ribombee\n|-resisted|p2a: Ribombee\n|-damage|p2a: Ribombee|6\/100\n|move|p2a: Ribombee|Sticky Web|p1a: Lilligant\n|-sidestart|p1: Guy Maneth|move: Sticky Web\n|\n|-weather|SunnyDay|[upkeep]\n|upkeep\n|turn|4\n|\n|t:|1699720779\n|move|p1a: Lilligant|Solar Blade||[still]\n|-prepare|p1a: Lilligant|Solar Blade\n|-anim|p1a: Lilligant|Solar Blade|p2a: Ribombee\n|-resisted|p2a: Ribombee\n|-damage|p2a: Ribombee|0 fnt\n|faint|p2a: Ribombee\n|\n|-weather|SunnyDay|[upkeep]\n|upkeep\n|\n|t:|1699720785\n|switch|p2a: Gholdengo|Gholdengo|100\/100\n|turn|5\n|\n|t:|1699720793\n|switch|p1a: Heatran|Heatran, M|100\/100\n|-activate|p1a: Heatran|move: Sticky Web\n|-unboost|p1a: Heatran|spe|1\n|move|p2a: Gholdengo|Shadow Ball|p1a: Heatran\n|-damage|p1a: Heatran|73\/100\n|-unboost|p1a: Heatran|spd|1\n|\n|-weather|SunnyDay|[upkeep]\n|-heal|p1a: Heatran|80\/100|[from] item: Leftovers\n|upkeep\n|turn|6\n|\n|t:|1699720801\n|switch|p2a: Samurott|Samurott-Hisui, F|100\/100\n|move|p1a: Heatran|Magma Storm|p2a: Samurott\n|-resisted|p2a: Samurott\n|-damage|p2a: Samurott|50\/100\n|-activate|p2a: Samurott|move: Magma Storm|[of] p1a: Heatran\n|\n|-weather|SunnyDay|[upkeep]\n|-heal|p1a: Heatran|86\/100|[from] item: Leftovers\n|-damage|p2a: Samurott|37\/100|[from] move: Magma Storm|[partiallytrapped]\n|upkeep\n|turn|7\n|\n|t:|1699720805\n|move|p1a: Heatran|Protect|p1a: Heatran\n|-singleturn|p1a: Heatran|Protect\n|move|p2a: Samurott|Ceaseless Edge|p1a: Heatran\n|-activate|p1a: Heatran|move: Protect\n|\n|-weather|SunnyDay|[upkeep]\n|-heal|p1a: Heatran|92\/100|[from] item: Leftovers\n|-damage|p2a: Samurott|25\/100|[from] move: Magma Storm|[partiallytrapped]\n|upkeep\n|turn|8\n|\n|t:|1699720810\n|move|p2a: Samurott|Razor Shell|p1a: Heatran\n|-supereffective|p1a: Heatran\n|-damage|p1a: Heatran|51\/100\n|-unboost|p1a: Heatran|def|1\n|move|p1a: Heatran|Earth Power|p2a: Samurott\n|-damage|p2a: Samurott|0 fnt\n|faint|p2a: Samurott\n|\n|-weather|none\n|-heal|p1a: Heatran|57\/100|[from] item: Leftovers\n|upkeep\n|\n|t:|1699720815\n|switch|p2a: Hoopa|Hoopa-Unbound|100\/100\n|turn|9\n|\n|t:|1699720831\n|switch|p1a: Torkoal|Torkoal, F|100\/100\n|-activate|p1a: Torkoal|move: Sticky Web\n|-unboost|p1a: Torkoal|spe|1\n|-weather|SunnyDay|[from] ability: Drought|[of] p1a: Torkoal\n|move|p2a: Hoopa|Dark Pulse|p1a: Torkoal\n|-damage|p1a: Torkoal|2\/100\n|-damage|p2a: Hoopa|91\/100|[from] item: Life Orb\n|\n|-weather|SunnyDay|[upkeep]\n|upkeep\n|turn|10\n|\n|t:|1699720836\n|switch|p1a: Heatran|Heatran, M|57\/100\n|-activate|p1a: Heatran|move: Sticky Web\n|-unboost|p1a: Heatran|spe|1\n|move|p2a: Hoopa|Dark Pulse|p1a: Heatran\n|-damage|p1a: Heatran|15\/100\n|-damage|p2a: Hoopa|81\/100|[from] item: Life Orb\n|\n|-weather|SunnyDay|[upkeep]\n|-heal|p1a: Heatran|21\/100|[from] item: Leftovers\n|upkeep\n|turn|11\n|\n|t:|1699720849\n|move|p2a: Hoopa|Dark Pulse|p1a: Heatran\n|-damage|p1a: Heatran|0 fnt\n|faint|p1a: Heatran\n|-damage|p2a: Hoopa|71\/100|[from] item: Life Orb\n|\n|-weather|SunnyDay|[upkeep]\n|upkeep\n|\n|t:|1699720861\n|switch|p1a: Cinderace|Cinderace, M|100\/100\n|turn|12\n|\n|t:|1699720866\n|move|p1a: Cinderace|Court Change|p1a: Cinderace\n|-swapsideconditions\n|-activate|p1a: Cinderace|move: Court Change\n|move|p2a: Hoopa|Skill Swap|p1a: Cinderace\n|-activate|p2a: Hoopa|move: Skill Swap|Blaze|Magician|[of] p1a: Cinderace\n|\n|-weather|SunnyDay|[upkeep]\n|upkeep\n|turn|13\n|\n|t:|1699720877\n|switch|p2a: Great Tusk|Great Tusk|100\/100\n|-activate|p2a: Great Tusk|ability: Protosynthesis\n|-start|p2a: Great Tusk|protosynthesisatk\n|move|p1a: Cinderace|U-turn|p2a: Great Tusk\n|-resisted|p2a: Great Tusk\n|-damage|p2a: Great Tusk|93\/100\n|\n|t:|1699720879\n|switch|p1a: Moltres|Moltres|100\/100|[from] U-turn\n|\n|-weather|SunnyDay|[upkeep]\n|upkeep\n|turn|14\n|\n|t:|1699720886\n|move|p2a: Great Tusk|Rapid Spin|p1a: Moltres\n|-damage|p1a: Moltres|85\/100\n|-boost|p2a: Great Tusk|spe|1\n|-sideend|p2: MawilesBite|Sticky Web|[from] move: Rapid Spin|[of] p2a: Great Tusk\n|move|p1a: Moltres|Will-O-Wisp|p2a: Great Tusk\n|-status|p2a: Great Tusk|brn\n|\n|-weather|SunnyDay|[upkeep]\n|-damage|p2a: Great Tusk|87\/100 brn|[from] brn\n|upkeep\n|turn|15\n|\n|t:|1699720891\n|move|p2a: Great Tusk|Knock Off|p1a: Moltres\n|-damage|p1a: Moltres|71\/100\n|-enditem|p1a: Moltres|Heavy-Duty Boots|[from] move: Knock Off|[of] p2a: Great Tusk\n|move|p1a: Moltres|Flamethrower|p2a: Great Tusk\n|-damage|p2a: Great Tusk|0 fnt\n|faint|p2a: Great Tusk\n|-end|p2a: Great Tusk|Protosynthesis|[silent]\n|\n|-weather|SunnyDay|[upkeep]\n|upkeep\n|\n|t:|1699720894\n|switch|p2a: Hoopa|Hoopa-Unbound|71\/100\n|turn|16\n|\n|t:|1699720903\n|move|p2a: Hoopa|Psychic|p1a: Moltres\n|-damage|p1a: Moltres|0 fnt\n|faint|p1a: Moltres\n|-damage|p2a: Hoopa|61\/100|[from] item: Life Orb\n|\n|-weather|none\n|upkeep\n|\n|t:|1699720906\n|switch|p1a: Torkoal|Torkoal, F|2\/100\n|-weather|SunnyDay|[from] ability: Drought|[of] p1a: Torkoal\n|turn|17\n|\n|t:|1699720910\n|move|p2a: Hoopa|Psychic|p1a: Torkoal\n|-damage|p1a: Torkoal|0 fnt\n|faint|p1a: Torkoal\n|-damage|p2a: Hoopa|51\/100|[from] item: Life Orb\n|\n|-weather|SunnyDay|[upkeep]\n|upkeep\n|\n|t:|1699720914\n|switch|p1a: Cinderace|Cinderace, M|100\/100\n|turn|18\n|\n|t:|1699720916\n|move|p1a: Cinderace|U-turn|p2a: Hoopa\n|-supereffective|p2a: Hoopa\n|-damage|p2a: Hoopa|0 fnt\n|faint|p2a: Hoopa\n|\n|t:|1699720922\n|switch|p1a: Walking Wake|Walking Wake|100\/100|[from] U-turn\n|-activate|p1a: Walking Wake|ability: Protosynthesis\n|-start|p1a: Walking Wake|protosynthesisspe\n|\n|-weather|SunnyDay|[upkeep]\n|upkeep\n|\n|t:|1699720925\n|switch|p2a: Gholdengo|Gholdengo|100\/100\n|turn|19\n|\n|t:|1699720927\n|move|p1a: Walking Wake|Flamethrower|p2a: Gholdengo\n|-supereffective|p2a: Gholdengo\n|-damage|p2a: Gholdengo|0 fnt\n|faint|p2a: Gholdengo\n|\n|win|Guy Maneth\n|raw|Guy Maneth's rating: 1396 &rarr; <strong>1417<\/strong><br \/>(+21 for winning)\n|raw|MawilesBite's rating: 1416 &rarr; <strong>1395<\/strong><br \/>(-21 for losing)\n|l|\u2606MawilesBite\n|c|\u2606Guy Maneth|Gg\n","uploadtime":1699720947,"views":15,"p1id":"guymaneth","p2id":"mawilesbite","formatid":"gen9ou","rating":1395,"private":0,"password":""}