{"id":"gen9ou-1999540948","p1":"ouvt botolwotol","p2":"Akoteosys","format":"[Gen 9] OU","log":"|j|\u2606ouvt botolwotol\n|j|\u2606Akoteosys\n|t:|1701094204\n|gametype|singles\n|player|p1|ouvt botolwotol|pokemonrangerf-gen4|1499\n|player|p2|Akoteosys|101|1407\n|teamsize|p1|6\n|teamsize|p2|6\n|gen|9\n|tier|[Gen 9] OU\n|rated|\n|rule|Sleep Clause Mod: Limit one foe put to sleep\n|rule|Species Clause: Limit one of each Pok\u00e9mon\n|rule|OHKO Clause: OHKO moves are banned\n|rule|Evasion Items Clause: Evasion items are banned\n|rule|Evasion Moves Clause: Evasion moves are banned\n|rule|Endless Battle Clause: Forcing endless battles is banned\n|rule|HP Percentage Mod: HP is shown in percentages\n|clearpoke\n|poke|p1|Rillaboom, F|\n|poke|p1|Ogerpon-Cornerstone, F|\n|poke|p1|Glimmora, M|\n|poke|p1|Iron Valiant|\n|poke|p1|Dragapult, F|\n|poke|p1|Hawlucha, F|\n|poke|p2|Ninetales-Alola, M|\n|poke|p2|Slowbro-Galar, M|\n|poke|p2|Iron Hands|\n|poke|p2|Manaphy|\n|poke|p2|Cresselia, F|\n|poke|p2|Landorus-Therian, M|\n|teampreview\n|inactive|Battle timer is ON: inactive players will automatically lose when time's up. (requested by ouvt botolwotol)\n|\n|t:|1701094212\n|start\n|switch|p1a: Dragapult|Dragapult, F|100\/100\n|switch|p2a: Ninetales|Ninetales-Alola, M|100\/100\n|-weather|Snow|[from] ability: Snow Warning|[of] p2a: Ninetales\n|turn|1\n|\n|t:|1701094218\n|move|p1a: Dragapult|U-turn|p2a: Ninetales\n|-resisted|p2a: Ninetales\n|-damage|p2a: Ninetales|84\/100\n|\n|t:|1701094220\n|switch|p1a: Glimmora|Glimmora, M|100\/100|[from] U-turn\n|move|p2a: Ninetales|Aurora Veil|p2a: Ninetales\n|-sidestart|p2: Akoteosys|move: Aurora Veil\n|\n|-weather|Snow|[upkeep]\n|upkeep\n|turn|2\n|\n|t:|1701094224\n|move|p2a: Ninetales|Blizzard|p1a: Glimmora\n|-damage|p1a: Glimmora|42\/100\n|move|p1a: Glimmora|Stealth Rock|p2a: Ninetales\n|-sidestart|p2: Akoteosys|move: Stealth Rock\n|\n|-weather|Snow|[upkeep]\n|upkeep\n|turn|3\n|\n|t:|1701094231\n|move|p2a: Ninetales|Blizzard|p1a: Glimmora\n|-crit|p1a: Glimmora\n|-damage|p1a: Glimmora|0 fnt\n|faint|p1a: Glimmora\n|\n|-weather|Snow|[upkeep]\n|upkeep\n|\n|t:|1701094234\n|switch|p1a: Ogerpon|Ogerpon-Cornerstone, F|100\/100\n|turn|4\n|\n|t:|1701094238\n|switch|p2a: Landorus|Landorus-Therian, M|100\/100\n|-damage|p2a: Landorus|88\/100|[from] Stealth Rock\n|-ability|p2a: Landorus|Intimidate|boost\n|-unboost|p1a: Ogerpon|atk|1\n|move|p1a: Ogerpon|Ivy Cudgel|p2a: Landorus|[anim] Ivy Cudgel Rock\n|-damage|p2a: Landorus|66\/100\n|\n|-weather|Snow|[upkeep]\n|upkeep\n|turn|5\n|\n|t:|1701094242\n|switch|p1a: Rillaboom|Rillaboom, F|100\/100\n|-fieldstart|move: Grassy Terrain|[from] ability: Grassy Surge|[of] p1a: Rillaboom\n|move|p2a: Landorus|U-turn|p1a: Rillaboom\n|-supereffective|p1a: Rillaboom\n|-damage|p1a: Rillaboom|51\/100\n|\n|t:|1701094256\n|switch|p2a: Slowbro|Slowbro-Galar, M|100\/100|[from] U-turn\n|-damage|p2a: Slowbro|88\/100|[from] Stealth Rock\n|\n|-weather|none\n|-heal|p1a: Rillaboom|57\/100|[from] Grassy Terrain\n|-heal|p2a: Slowbro|94\/100|[from] Grassy Terrain\n|upkeep\n|turn|6\n|-activate|p2a: Slowbro|item: Quick Claw\n|\n|t:|1701094281\n|move|p2a: Slowbro|Sludge Bomb|p1a: Rillaboom\n|-supereffective|p1a: Rillaboom\n|-damage|p1a: Rillaboom|0 fnt\n|faint|p1a: Rillaboom\n|\n|-heal|p2a: Slowbro|99\/100|[from] Grassy Terrain\n|upkeep\n|\n|t:|1701094287\n|switch|p1a: Dragapult|Dragapult, F|100\/100\n|turn|7\n|\n|t:|1701094296\n|move|p1a: Dragapult|Phantom Force||[still]\n|-prepare|p1a: Dragapult|Phantom Force\n|move|p2a: Slowbro|Nasty Plot|p2a: Slowbro\n|-boost|p2a: Slowbro|spa|2\n|\n|-heal|p2a: Slowbro|100\/100|[from] Grassy Terrain\n|upkeep\n|turn|8\n|-activate|p2a: Slowbro|ability: Quick Draw\n|\n|t:|1701094306\n|move|p2a: Slowbro|Psychic|p1a: Dragapult|[miss]\n|-miss|p2a: Slowbro|p1a: Dragapult\n|move|p1a: Dragapult|Phantom Force|p2a: Slowbro|[from]lockedmove\n|-supereffective|p2a: Slowbro\n|-damage|p2a: Slowbro|41\/100\n|\n|-heal|p2a: Slowbro|47\/100|[from] Grassy Terrain\n|-sideend|p2: Akoteosys|move: Aurora Veil\n|upkeep\n|turn|9\n|\n|t:|1701094311\n|move|p1a: Dragapult|Phantom Force||[still]\n|-prepare|p1a: Dragapult|Phantom Force\n|move|p2a: Slowbro|Psychic|p1a: Dragapult|[miss]\n|-miss|p2a: Slowbro|p1a: Dragapult\n|\n|-heal|p2a: Slowbro|53\/100|[from] Grassy Terrain\n|-fieldend|move: Grassy Terrain\n|upkeep\n|turn|10\n|\n|t:|1701094317\n|move|p1a: Dragapult|Phantom Force|p2a: Slowbro|[from]lockedmove\n|-supereffective|p2a: Slowbro\n|-damage|p2a: Slowbro|0 fnt\n|faint|p2a: Slowbro\n|\n|upkeep\n|\n|t:|1701094322\n|switch|p2a: Ninetales|Ninetales-Alola, M|84\/100\n|-damage|p2a: Ninetales|59\/100|[from] Stealth Rock\n|-weather|Snow|[from] ability: Snow Warning|[of] p2a: Ninetales\n|turn|11\n|\n|t:|1701094326\n|switch|p1a: Ogerpon|Ogerpon-Cornerstone, F|100\/100\n|move|p2a: Ninetales|Aurora Veil|p2a: Ninetales\n|-sidestart|p2: Akoteosys|move: Aurora Veil\n|\n|-weather|Snow|[upkeep]\n|upkeep\n|turn|12\n|\n|t:|1701094333\n|move|p1a: Ogerpon|Ivy Cudgel|p2a: Ninetales|[anim] Ivy Cudgel Rock\n|-supereffective|p2a: Ninetales\n|-damage|p2a: Ninetales|0 fnt\n|faint|p2a: Ninetales\n|\n|-weather|Snow|[upkeep]\n|upkeep\n|\n|t:|1701094336\n|switch|p2a: Landorus|Landorus-Therian, M|66\/100\n|-damage|p2a: Landorus|54\/100|[from] Stealth Rock\n|-ability|p2a: Landorus|Intimidate|boost\n|-unboost|p1a: Ogerpon|atk|1\n|turn|13\n|\n|t:|1701094346\n|switch|p1a: Dragapult|Dragapult, F|100\/100\n|move|p2a: Landorus|Earthquake|p1a: Dragapult\n|-damage|p1a: Dragapult|20\/100\n|\n|-weather|Snow|[upkeep]\n|upkeep\n|turn|14\n|\n|t:|1701094349\n|move|p2a: Landorus|Earthquake|p1a: Dragapult\n|-damage|p1a: Dragapult|0 fnt\n|faint|p1a: Dragapult\n|\n|-weather|Snow|[upkeep]\n|upkeep\n|\n|t:|1701094351\n|switch|p1a: Hawlucha|Hawlucha, F|100\/100\n|turn|15\n|\n|t:|1701094356\n|switch|p2a: Iron Hands|Iron Hands|100\/100\n|-damage|p2a: Iron Hands|94\/100|[from] Stealth Rock\n|move|p1a: Hawlucha|Substitute|p1a: Hawlucha\n|-start|p1a: Hawlucha|Substitute\n|-damage|p1a: Hawlucha|76\/100\n|\n|-weather|none\n|upkeep\n|turn|16\n|-activate|p2a: Iron Hands|item: Quick Claw\n|\n|t:|1701094359\n|-terastallize|p1a: Hawlucha|Fighting\n|move|p2a: Iron Hands|Ice Punch|p1a: Hawlucha\n|-end|p1a: Hawlucha|Substitute\n|move|p1a: Hawlucha|Swords Dance|p1a: Hawlucha\n|-boost|p1a: Hawlucha|atk|2\n|\n|upkeep\n|turn|17\n|-activate|p2a: Iron Hands|item: Quick Claw\n|\n|t:|1701094366\n|move|p2a: Iron Hands|Drain Punch|p1a: Hawlucha\n|-damage|p1a: Hawlucha|7\/100\n|-heal|p2a: Iron Hands|100\/100|[from] drain|[of] p1a: Hawlucha\n|move|p1a: Hawlucha|Acrobatics|p2a: Iron Hands\n|-damage|p2a: Iron Hands|83\/100\n|\n|upkeep\n|turn|18\n|c|\u2606ouvt botolwotol|damn\n|\n|t:|1701094371\n|move|p1a: Hawlucha|Close Combat|p2a: Iron Hands\n|-damage|p2a: Iron Hands|36\/100\n|-unboost|p1a: Hawlucha|def|1\n|-unboost|p1a: Hawlucha|spd|1\n|move|p2a: Iron Hands|Drain Punch|p1a: Hawlucha\n|-damage|p1a: Hawlucha|0 fnt\n|-heal|p2a: Iron Hands|37\/100|[from] drain|[of] p1a: Hawlucha\n|faint|p1a: Hawlucha\n|\n|-sideend|p2: Akoteosys|move: Aurora Veil\n|upkeep\n|c|\u2606ouvt botolwotol|new version of the skillful team\n|\n|t:|1701094384\n|switch|p1a: Iron Valiant|Iron Valiant|100\/100\n|-enditem|p1a: Iron Valiant|Booster Energy\n|-activate|p1a: Iron Valiant|ability: Quark Drive|[fromitem]\n|-start|p1a: Iron Valiant|quarkdrivespe\n|turn|19\n|-activate|p2a: Iron Hands|item: Quick Claw\n|\n|t:|1701094386\n|move|p2a: Iron Hands|Wild Charge|p1a: Iron Valiant\n|-damage|p1a: Iron Valiant|35\/100\n|-damage|p2a: Iron Hands|28\/100|[from] Recoil\n|move|p1a: Iron Valiant|Moonblast|p2a: Iron Hands\n|-supereffective|p2a: Iron Hands\n|-damage|p2a: Iron Hands|0 fnt\n|faint|p2a: Iron Hands\n|-end|p2a: Iron Hands|Quark Drive|[silent]\n|\n|upkeep\n|\n|t:|1701094396\n|switch|p2a: Manaphy|Manaphy|100\/100\n|-damage|p2a: Manaphy|88\/100|[from] Stealth Rock\n|turn|20\n|\n|t:|1701094398\n|move|p1a: Iron Valiant|Thunderbolt|p2a: Manaphy\n|-supereffective|p2a: Manaphy\n|-damage|p2a: Manaphy|26\/100\n|move|p2a: Manaphy|Surf|p1a: Iron Valiant\n|-damage|p1a: Iron Valiant|0 fnt\n|faint|p1a: Iron Valiant\n|-end|p1a: Iron Valiant|Quark Drive|[silent]\n|\n|upkeep\n|\n|t:|1701094400\n|switch|p1a: Ogerpon|Ogerpon-Cornerstone, F|100\/100\n|turn|21\n|\n|t:|1701094402\n|move|p1a: Ogerpon|Swords Dance|p1a: Ogerpon\n|-boost|p1a: Ogerpon|atk|2\n|move|p2a: Manaphy|Surf|p1a: Ogerpon\n|-damage|p1a: Ogerpon|55\/100\n|\n|upkeep\n|turn|22\n|\n|t:|1701094405\n|move|p1a: Ogerpon|Ivy Cudgel|p2a: Manaphy|[anim] Ivy Cudgel Rock\n|-damage|p2a: Manaphy|0 fnt\n|faint|p2a: Manaphy\n|\n|upkeep\n|\n|t:|1701094408\n|switch|p2a: Landorus|Landorus-Therian, M|54\/100\n|-damage|p2a: Landorus|42\/100|[from] Stealth Rock\n|-ability|p2a: Landorus|Intimidate|boost\n|-unboost|p1a: Ogerpon|atk|1\n|turn|23\n|\n|t:|1701094412\n|-terastallize|p2a: Landorus|Flying\n|move|p2a: Landorus|Tera Blast|p1a: Ogerpon|[anim] Tera Blast Flying\n|-damage|p1a: Ogerpon|0 fnt\n|faint|p1a: Ogerpon\n|\n|win|Akoteosys\n|raw|ouvt botolwotol's rating: 1499 &rarr; <strong>1474<\/strong><br \/>(-25 for losing)\n|raw|Akoteosys's rating: 1407 &rarr; <strong>1432<\/strong><br \/>(+25 for winning)\n|l|\u2606Akoteosys\n","uploadtime":1701094430,"views":15,"p1id":"ouvtbotolwotol","p2id":"akoteosys","formatid":"gen9ou","rating":1432,"private":0,"password":""}