{"id":"gen9ou-1989360819","p1":"Skaraptor2.1","p2":"AshleyFrost","format":"[Gen 9] OU","log":"|j|\u2606Skaraptor2.1\n|j|\u2606AshleyFrost\n|t:|1699840677\n|gametype|singles\n|player|p1|Skaraptor2.1|emma|1233\n|player|p2|AshleyFrost|hilda|1209\n|teamsize|p1|6\n|teamsize|p2|6\n|gen|9\n|tier|[Gen 9] OU\n|rated|\n|rule|Sleep Clause Mod: Limit one foe put to sleep\n|rule|Species Clause: Limit one of each Pok\u00e9mon\n|rule|OHKO Clause: OHKO moves are banned\n|rule|Evasion Items Clause: Evasion items are banned\n|rule|Evasion Moves Clause: Evasion moves are banned\n|rule|Endless Battle Clause: Forcing endless battles is banned\n|rule|HP Percentage Mod: HP is shown in percentages\n|clearpoke\n|poke|p1|Ribombee, M|\n|poke|p1|Ogerpon-Wellspring, F|\n|poke|p1|Iron Moth|\n|poke|p1|Zamazenta-*|\n|poke|p1|Iron Valiant|\n|poke|p1|Kingambit, M|\n|poke|p2|Ribombee, F|\n|poke|p2|Empoleon, F|\n|poke|p2|Gholdengo|\n|poke|p2|Great Tusk|\n|poke|p2|Greninja-*, M|\n|poke|p2|Iron Moth|\n|teampreview\n|inactive|Battle timer is ON: inactive players will automatically lose when time's up. (requested by Skaraptor2.1)\n|\n|t:|1699840684\n|start\n|switch|p1a: Solar Panels|Iron Moth|100\/100\n|switch|p2a: Amazon Lily|Ribombee, F|100\/100\n|-enditem|p1a: Solar Panels|Booster Energy\n|-activate|p1a: Solar Panels|ability: Quark Drive|[fromitem]\n|-start|p1a: Solar Panels|quarkdrivespe\n|turn|1\n|\n|t:|1699840701\n|move|p1a: Solar Panels|Substitute|p1a: Solar Panels\n|-start|p1a: Solar Panels|Substitute\n|-damage|p1a: Solar Panels|76\/100\n|move|p2a: Amazon Lily|Stun Spore||[still]\n|-fail|p2a: Amazon Lily\n|\n|upkeep\n|turn|2\n|inactive|Skaraptor2.1 has 120 seconds left.\n|\n|t:|1699840735\n|move|p1a: Solar Panels|Fiery Dance|p2a: Amazon Lily\n|-supereffective|p2a: Amazon Lily\n|-enditem|p2a: Amazon Lily|Focus Sash\n|-damage|p2a: Amazon Lily|1\/100\n|move|p2a: Amazon Lily|Psychic|p1a: Solar Panels\n|-supereffective|p1a: Solar Panels\n|-end|p1a: Solar Panels|Substitute\n|\n|upkeep\n|turn|3\n|\n|t:|1699840763\n|switch|p2a: Sabaody|Greninja, M|100\/100\n|move|p1a: Solar Panels|Fiery Dance|p2a: Sabaody\n|-resisted|p2a: Sabaody\n|-damage|p2a: Sabaody|69\/100\n|-boost|p1a: Solar Panels|spa|1\n|\n|upkeep\n|turn|4\n|\n|t:|1699840775\n|-terastallize|p1a: Solar Panels|Fairy\n|move|p1a: Solar Panels|Energy Ball|p2a: Sabaody\n|-supereffective|p2a: Sabaody\n|-damage|p2a: Sabaody|0 fnt\n|faint|p2a: Sabaody\n|\n|upkeep\n|c|\u2606Skaraptor2.1|Hm\n|inactive|AshleyFrost has 120 seconds left.\n|c|\u2606Skaraptor2.1|I overpredicted that one\n|\n|t:|1699840791\n|switch|p2a: Thriller Bark|Great Tusk|100\/100\n|turn|5\n|inactive|AshleyFrost has 120 seconds left.\n|\n|t:|1699840802\n|move|p1a: Solar Panels|Energy Ball|p2a: Thriller Bark\n|-supereffective|p2a: Thriller Bark\n|-damage|p2a: Thriller Bark|0 fnt\n|faint|p2a: Thriller Bark\n|-end|p2a: Thriller Bark|Protosynthesis|[silent]\n|\n|upkeep\n|\n|t:|1699840811\n|switch|p2a: Egghead|Iron Moth|100\/100\n|-enditem|p2a: Egghead|Booster Energy\n|-activate|p2a: Egghead|ability: Quark Drive|[fromitem]\n|-start|p2a: Egghead|quarkdrivespe\n|turn|6\n|\n|t:|1699840816\n|move|p1a: Solar Panels|Fiery Dance|p2a: Egghead\n|-resisted|p2a: Egghead\n|-damage|p2a: Egghead|71\/100\n|move|p2a: Egghead|Fiery Dance|p1a: Solar Panels\n|-damage|p1a: Solar Panels|32\/100\n|-boost|p2a: Egghead|spa|1\n|\n|upkeep\n|turn|7\n|\n|t:|1699840823\n|move|p2a: Egghead|Fiery Dance|p1a: Solar Panels\n|-damage|p1a: Solar Panels|0 fnt\n|-boost|p2a: Egghead|spa|1\n|faint|p1a: Solar Panels\n|-end|p1a: Solar Panels|Quark Drive|[silent]\n|\n|upkeep\n|\n|t:|1699840825\n|switch|p1a: Bigender|Iron Valiant|100\/100\n|-enditem|p1a: Bigender|Booster Energy\n|-activate|p1a: Bigender|ability: Quark Drive|[fromitem]\n|-start|p1a: Bigender|quarkdrivespe\n|turn|8\n|\n|t:|1699840836\n|move|p1a: Bigender|Destiny Bond|p1a: Bigender\n|-singlemove|p1a: Bigender|Destiny Bond\n|move|p2a: Egghead|Fiery Dance|p1a: Bigender\n|-crit|p1a: Bigender\n|-damage|p1a: Bigender|0 fnt\n|faint|p1a: Bigender\n|-activate|p1a: Bigender|move: Destiny Bond\n|-end|p1a: Bigender|Quark Drive|[silent]\n|faint|p2a: Egghead\n|-end|p2a: Egghead|Quark Drive|[silent]\n|\n|upkeep\n|\n|t:|1699840844\n|switch|p1a: Twink|Ribombee, M|100\/100\n|switch|p2a: Amazon Lily|Ribombee, F|1\/100\n|turn|9\n|\n|t:|1699840848\n|move|p1a: Twink|Moonblast|p2a: Amazon Lily\n|-damage|p2a: Amazon Lily|0 fnt\n|faint|p2a: Amazon Lily\n|\n|upkeep\n|\n|t:|1699840857\n|switch|p2a: Baratie|Empoleon, F|100\/100\n|turn|10\n|\n|t:|1699840861\n|move|p1a: Twink|Sticky Web|p2a: Baratie\n|-sidestart|p2: AshleyFrost|move: Sticky Web\n|move|p2a: Baratie|Flip Turn|p1a: Twink\n|-damage|p1a: Twink|75\/100\n|\n|t:|1699840866\n|switch|p2a: Dressrosa|Gholdengo|100\/100|[from] Flip Turn\n|-item|p2a: Dressrosa|Air Balloon\n|\n|upkeep\n|turn|11\n|\n|t:|1699840885\n|-terastallize|p2a: Dressrosa|Fairy\n|move|p1a: Twink|Moonblast|p2a: Dressrosa\n|-damage|p2a: Dressrosa|62\/100\n|-enditem|p2a: Dressrosa|Air Balloon\n|move|p2a: Dressrosa|Nasty Plot|p2a: Dressrosa\n|-boost|p2a: Dressrosa|spa|2\n|\n|upkeep\n|turn|12\n|inactive|Skaraptor2.1 has 120 seconds left.\n|\n|t:|1699840914\n|move|p1a: Twink|Moonblast|p2a: Dressrosa\n|-damage|p2a: Dressrosa|27\/100\n|-unboost|p2a: Dressrosa|spa|1\n|move|p2a: Dressrosa|Psyshock|p1a: Twink\n|-damage|p1a: Twink|10\/100\n|\n|upkeep\n|turn|13\n|-message|AshleyFrost forfeited.\n|\n|win|Skaraptor2.1\n|raw|Skaraptor2.1's rating: 1233 &rarr; <strong>1256<\/strong><br \/>(+23 for winning)\n|raw|AshleyFrost's rating: 1209 &rarr; <strong>1186<\/strong><br \/>(-23 for losing)\n|l|\u2606AshleyFrost\n|j| VicBossMG\n","uploadtime":1699840940,"views":15,"p1id":"skaraptor21","p2id":"ashleyfrost","formatid":"gen9ou","rating":1186,"private":0,"password":""}