{"id":"gen9ou-1994832555","p1":"Magolor16","p2":"UMA Enthusiast","format":"[Gen 9] OU","log":"|j|\u2606Magolor16\n|j|\u2606UMA Enthusiast\n|t:|1700496938\n|gametype|singles\n|player|p1|Magolor16|2|1381\n|player|p2|UMA Enthusiast|hiker-gen4|1357\n|teamsize|p1|6\n|teamsize|p2|6\n|gen|9\n|tier|[Gen 9] OU\n|rated|\n|rule|Sleep Clause Mod: Limit one foe put to sleep\n|rule|Species Clause: Limit one of each Pok\u00e9mon\n|rule|OHKO Clause: OHKO moves are banned\n|rule|Evasion Items Clause: Evasion items are banned\n|rule|Evasion Moves Clause: Evasion moves are banned\n|rule|Endless Battle Clause: Forcing endless battles is banned\n|rule|HP Percentage Mod: HP is shown in percentages\n|clearpoke\n|poke|p1|Rillaboom, M|\n|poke|p1|Kingambit, M|\n|poke|p1|Hatterene, F|\n|poke|p1|Sinistcha-Masterpiece|\n|poke|p1|Hawlucha, M|\n|poke|p1|Iron Moth|\n|poke|p2|Ribombee, F|\n|poke|p2|Ogerpon-Wellspring, F|\n|poke|p2|Iron Moth|\n|poke|p2|Kingambit, F|\n|poke|p2|Gholdengo|\n|poke|p2|Iron Valiant|\n|teampreview\n|inactive|Battle timer is ON: inactive players will automatically lose when time's up. (requested by UMA Enthusiast)\n|c|\u2606Magolor16|gl hf\n|\n|t:|1700496955\n|start\n|switch|p1a: Rillaboom|Rillaboom, M|100\/100\n|switch|p2a: Volcarona Prime|Iron Moth|100\/100\n|-fieldstart|move: Grassy Terrain|[from] ability: Grassy Surge|[of] p1a: Rillaboom\n|-enditem|p2a: Volcarona Prime|Booster Energy\n|-activate|p2a: Volcarona Prime|ability: Quark Drive|[fromitem]\n|-start|p2a: Volcarona Prime|quarkdrivespa\n|turn|1\n|\n|t:|1700496963\n|move|p1a: Rillaboom|Fake Out|p2a: Volcarona Prime\n|-damage|p2a: Volcarona Prime|76\/100\n|cant|p2a: Volcarona Prime|flinch\n|\n|-heal|p2a: Volcarona Prime|82\/100|[from] Grassy Terrain\n|upkeep\n|turn|2\n|\n|t:|1700496967\n|switch|p1a: Iron Moth|Iron Moth|100\/100\n|-enditem|p1a: Iron Moth|Booster Energy\n|-activate|p1a: Iron Moth|ability: Quark Drive|[fromitem]\n|-start|p1a: Iron Moth|quarkdrivespa\n|move|p2a: Volcarona Prime|Fiery Dance|p1a: Iron Moth\n|-resisted|p1a: Iron Moth\n|-damage|p1a: Iron Moth|72\/100\n|\n|-heal|p2a: Volcarona Prime|88\/100|[from] Grassy Terrain\n|-heal|p1a: Iron Moth|78\/100|[from] Grassy Terrain\n|upkeep\n|turn|3\n|\n|t:|1700496975\n|move|p1a: Iron Moth|Fiery Dance|p2a: Volcarona Prime\n|-resisted|p2a: Volcarona Prime\n|-damage|p2a: Volcarona Prime|58\/100\n|move|p2a: Volcarona Prime|Psychic|p1a: Iron Moth\n|-supereffective|p1a: Iron Moth\n|-damage|p1a: Iron Moth|0 fnt\n|faint|p1a: Iron Moth\n|-end|p1a: Iron Moth|Quark Drive|[silent]\n|\n|-heal|p2a: Volcarona Prime|64\/100|[from] Grassy Terrain\n|upkeep\n|\n|t:|1700496983\n|switch|p1a: Hawlucha|Hawlucha, M|100\/100\n|-enditem|p1a: Hawlucha|Grassy Seed\n|-boost|p1a: Hawlucha|def|1|[from] item: Grassy Seed\n|turn|4\n|\n|t:|1700496991\n|move|p1a: Hawlucha|Acrobatics|p2a: Volcarona Prime\n|-damage|p2a: Volcarona Prime|0 fnt\n|faint|p2a: Volcarona Prime\n|-end|p2a: Volcarona Prime|Quark Drive|[silent]\n|\n|upkeep\n|\n|t:|1700497018\n|switch|p2a: The OU Realtor|Gholdengo|100\/100\n|-item|p2a: The OU Realtor|Air Balloon\n|turn|5\n|\n|t:|1700497025\n|move|p1a: Hawlucha|Swords Dance|p1a: Hawlucha\n|-boost|p1a: Hawlucha|atk|2\n|move|p2a: The OU Realtor|Dazzling Gleam|p1a: Hawlucha\n|-supereffective|p1a: Hawlucha\n|-damage|p1a: Hawlucha|0 fnt\n|faint|p1a: Hawlucha\n|\n|upkeep\n|\n|t:|1700497030\n|switch|p1a: Sinistcha|Sinistcha-Masterpiece|100\/100\n|-enditem|p1a: Sinistcha|Grassy Seed\n|-boost|p1a: Sinistcha|def|1|[from] item: Grassy Seed\n|turn|6\n|\n|t:|1700497039\n|move|p2a: The OU Realtor|Shadow Ball|p1a: Sinistcha\n|-supereffective|p1a: Sinistcha\n|-damage|p1a: Sinistcha|18\/100\n|move|p1a: Sinistcha|Shadow Ball|p2a: The OU Realtor\n|-supereffective|p2a: The OU Realtor\n|-damage|p2a: The OU Realtor|20\/100\n|-enditem|p2a: The OU Realtor|Air Balloon\n|\n|-heal|p2a: The OU Realtor|27\/100|[from] Grassy Terrain\n|-heal|p1a: Sinistcha|24\/100|[from] Grassy Terrain\n|upkeep\n|turn|7\n|\n|t:|1700497051\n|move|p2a: The OU Realtor|Dazzling Gleam|p1a: Sinistcha\n|-damage|p1a: Sinistcha|0 fnt\n|faint|p1a: Sinistcha\n|\n|-heal|p2a: The OU Realtor|33\/100|[from] Grassy Terrain\n|upkeep\n|\n|t:|1700497056\n|switch|p1a: Rillaboom|Rillaboom, M|100\/100\n|turn|8\n|c|\u2606UMA Enthusiast|If I may ask\n|c|\u2606UMA Enthusiast|Why grassy seed sinistcha\n|c|\u2606UMA Enthusiast|Wouldn't leftovers be more useful?\n|inactive|UMA Enthusiast has 120 seconds left.\n|c|\u2606UMA Enthusiast|You're gonna want to switch it in a lot, grassy seed is mostly a one time item\n|\n|t:|1700497114\n|move|p1a: Rillaboom|Grassy Glide|p2a: The OU Realtor\n|-resisted|p2a: The OU Realtor\n|-damage|p2a: The OU Realtor|10\/100\n|move|p2a: The OU Realtor|Shadow Ball|p1a: Rillaboom\n|-damage|p1a: Rillaboom|47\/100\n|-unboost|p1a: Rillaboom|spd|1\n|\n|-heal|p2a: The OU Realtor|16\/100|[from] Grassy Terrain\n|-heal|p1a: Rillaboom|53\/100|[from] Grassy Terrain\n|-fieldend|move: Grassy Terrain\n|upkeep\n|turn|9\n|\n|t:|1700497125\n|move|p2a: The OU Realtor|Shadow Ball|p1a: Rillaboom\n|-damage|p1a: Rillaboom|0 fnt\n|faint|p1a: Rillaboom\n|\n|upkeep\n|\n|t:|1700497130\n|switch|p1a: Kingambit|Kingambit, M, shiny|100\/100\n|-activate|p1a: Kingambit|ability: Supreme Overlord\n|-start|p1a: Kingambit|fallen4|[silent]\n|turn|10\n|\n|t:|1700497135\n|move|p2a: The OU Realtor|Nasty Plot|p2a: The OU Realtor\n|-boost|p2a: The OU Realtor|spa|2\n|move|p1a: Kingambit|Kowtow Cleave|p2a: The OU Realtor\n|-supereffective|p2a: The OU Realtor\n|-damage|p2a: The OU Realtor|0 fnt\n|faint|p2a: The OU Realtor\n|\n|upkeep\n|\n|t:|1700497152\n|switch|p2a: QUEENgambit|Kingambit, F, shiny|100\/100\n|-activate|p2a: QUEENgambit|ability: Supreme Overlord\n|-start|p2a: QUEENgambit|fallen2|[silent]\n|turn|11\n|\n|t:|1700497155\n|move|p1a: Kingambit|Low Kick|p2a: QUEENgambit\n|-supereffective|p2a: QUEENgambit\n|-damage|p2a: QUEENgambit|0 fnt\n|faint|p2a: QUEENgambit\n|-end|p2a: QUEENgambit|fallen2|[silent]\n|\n|upkeep\n|\n|t:|1700497163\n|switch|p2a: Iron Valium|Iron Valiant|100\/100\n|-enditem|p2a: Iron Valium|Booster Energy\n|-activate|p2a: Iron Valium|ability: Quark Drive|[fromitem]\n|-start|p2a: Iron Valium|quarkdrivespe\n|turn|12\n|inactive|UMA Enthusiast has 120 seconds left.\n|\n|t:|1700497174\n|-end|p1a: Kingambit|fallen4|[silent]\n|switch|p1a: Hatterene|Hatterene, F|100\/100\n|move|p2a: Iron Valium|Destiny Bond|p2a: Iron Valium\n|-singlemove|p2a: Iron Valium|Destiny Bond\n|\n|upkeep\n|turn|13\n|inactive|UMA Enthusiast has 120 seconds left.\n|\n|t:|1700497185\n|-end|p2a: Iron Valium|Quark Drive|[silent]\n|switch|p2a: UnBEElievable|Ribombee, F, shiny|100\/100\n|move|p1a: Hatterene|Trick Room|p1a: Hatterene\n|-fieldstart|move: Trick Room|[of] p1a: Hatterene\n|\n|upkeep\n|turn|14\n|\n|t:|1700497192\n|move|p1a: Hatterene|Calm Mind|p1a: Hatterene\n|-boost|p1a: Hatterene|spa|1\n|-boost|p1a: Hatterene|spd|1\n|move|p2a: UnBEElievable|Moonblast|p1a: Hatterene\n|-damage|p1a: Hatterene|74\/100\n|\n|upkeep\n|turn|15\n|\n|t:|1700497204\n|move|p1a: Hatterene|Shadow Ball|p2a: UnBEElievable\n|-damage|p2a: UnBEElievable|20\/100\n|move|p2a: UnBEElievable|Moonblast|p1a: Hatterene\n|-damage|p1a: Hatterene|46\/100\n|\n|upkeep\n|turn|16\n|\n|t:|1700497210\n|move|p1a: Hatterene|Shadow Ball|p2a: UnBEElievable\n|-damage|p2a: UnBEElievable|0 fnt\n|faint|p2a: UnBEElievable\n|\n|upkeep\n|\n|t:|1700497221\n|switch|p2a: OgerPAN|Ogerpon-Wellspring, F|100\/100\n|turn|17\n|\n|t:|1700497225\n|move|p1a: Hatterene|Stored Power|p2a: OgerPAN\n|-damage|p2a: OgerPAN|43\/100\n|move|p2a: OgerPAN|Ivy Cudgel|p1a: Hatterene|[anim] Ivy Cudgel Water\n|-damage|p1a: Hatterene|0 fnt\n|faint|p1a: Hatterene\n|\n|-fieldend|move: Trick Room\n|upkeep\n|\n|t:|1700497230\n|switch|p1a: Kingambit|Kingambit, M, shiny|100\/100\n|-activate|p1a: Kingambit|ability: Supreme Overlord\n|-start|p1a: Kingambit|fallen5|[silent]\n|turn|18\n|\n|t:|1700497237\n|move|p2a: OgerPAN|Swords Dance|p2a: OgerPAN\n|-boost|p2a: OgerPAN|atk|2\n|move|p1a: Kingambit|Kowtow Cleave|p2a: OgerPAN\n|-damage|p2a: OgerPAN|0 fnt\n|faint|p2a: OgerPAN\n|\n|upkeep\n|\n|t:|1700497239\n|switch|p2a: Iron Valium|Iron Valiant|100\/100\n|turn|19\n|\n|t:|1700497252\n|-terastallize|p1a: Kingambit|Fairy\n|move|p2a: Iron Valium|Close Combat|p1a: Kingambit\n|-resisted|p1a: Kingambit\n|-damage|p1a: Kingambit|76\/100\n|-unboost|p2a: Iron Valium|def|1\n|-unboost|p2a: Iron Valium|spd|1\n|move|p1a: Kingambit|Iron Head|p2a: Iron Valium\n|-supereffective|p2a: Iron Valium\n|-damage|p2a: Iron Valium|0 fnt\n|faint|p2a: Iron Valium\n|-end|p2a: Iron Valium|Quark Drive|[silent]\n|\n|win|Magolor16\n|raw|Magolor16's rating: 1381 &rarr; <strong>1400<\/strong><br \/>(+19 for winning)\n|raw|UMA Enthusiast's rating: 1357 &rarr; <strong>1338<\/strong><br \/>(-19 for losing)\n|c|\u2606UMA Enthusiast|damn\n|c|\u2606Magolor16|gg\n|c|\u2606UMA Enthusiast|you won every mindgame\n|c|\u2606UMA Enthusiast|gg\n|c|\u2606UMA Enthusiast|wooped my ass\n|c|\u2606Magolor16|can we ban tera please\n|c|\u2606UMA Enthusiast|I feel like if we ban tera it's just not gen 9\n|c|\u2606UMA Enthusiast|They could make a tera-less ladder, but you can't really just get rid of a generation's whole gimmick\n|c|\u2606Magolor16|Cuz I had to specifically modify Kingambit just to counter OTHER kingambit\n|c|\u2606Magolor16|Maybe Tera preview could work\n|c|\u2606UMA Enthusiast|Yeah\n|c|\u2606UMA Enthusiast|I thought it was tera flying\n|c|\u2606UMA Enthusiast|if I knew it was tera fairy\n|c|\u2606UMA Enthusiast|I would have saved ghold\n|c|\u2606Magolor16|anyway, nice playing with you\n|c|\u2606UMA Enthusiast|but its a 50\/50\n|c|\u2606UMA Enthusiast|more like 30\/30\/30\n|c|\u2606UMA Enthusiast|because tera dark exists\n|c|\u2606UMA Enthusiast|gg\n|c|\u2606UMA Enthusiast|goodluck\n","uploadtime":1700497389,"views":4,"p1id":"magolor16","p2id":"umaenthusiast","formatid":"gen9ou","rating":1338,"private":0,"password":""}