{"id":"gen9ou-1998142575","p1":"Snowflakes","p2":"Remioche","format":"[Gen 9] OU","log":"|j|\u2606Snowflakes\n|j|\u2606Remioche\n|t:|1700899471\n|gametype|singles\n|player|p1|Snowflakes|preschoolerf|1469\n|player|p2|Remioche|unknown|1585\n|teamsize|p1|6\n|teamsize|p2|6\n|gen|9\n|tier|[Gen 9] OU\n|rated|\n|rule|Sleep Clause Mod: Limit one foe put to sleep\n|rule|Species Clause: Limit one of each Pok\u00e9mon\n|rule|OHKO Clause: OHKO moves are banned\n|rule|Evasion Items Clause: Evasion items are banned\n|rule|Evasion Moves Clause: Evasion moves are banned\n|rule|Endless Battle Clause: Forcing endless battles is banned\n|rule|HP Percentage Mod: HP is shown in percentages\n|clearpoke\n|poke|p1|Kingambit, M|\n|poke|p1|Gholdengo|\n|poke|p1|Iron Valiant|\n|poke|p1|Great Tusk|\n|poke|p1|Landorus-Therian, M|\n|poke|p1|Iron Moth|\n|poke|p2|Sandy Shocks|\n|poke|p2|Slowking-Galar, F|\n|poke|p2|Dragonite, F|\n|poke|p2|Corviknight, F|\n|poke|p2|Cinderace, M|\n|poke|p2|Iron Valiant|\n|teampreview\n|inactive|Battle timer is ON: inactive players will automatically lose when time's up. (requested by Snowflakes)\n|inactive|Remioche also wants the timer to be on.\n|inactive|Remioche has 120 seconds left.\n|\n|t:|1700899511\n|start\n|switch|p1a: Landorus|Landorus-Therian, M|100\/100\n|switch|p2a: Kouign Amann|Sandy Shocks|100\/100\n|-ability|p1a: Landorus|Intimidate|boost\n|-unboost|p2a: Kouign Amann|atk|1\n|turn|1\n|\n|t:|1700899527\n|-end|p2a: Kouign Amann|Protosynthesis|[silent]\n|switch|p2a: Corviknight|Corviknight, F|100\/100\n|-ability|p2a: Corviknight|Pressure\n|move|p1a: Landorus|Stealth Rock|p2a: Corviknight\n|-sidestart|p2: Remioche|move: Stealth Rock\n|\n|upkeep\n|turn|2\n|\n|t:|1700899531\n|move|p1a: Landorus|U-turn|p2a: Corviknight\n|-resisted|p2a: Corviknight\n|-damage|p2a: Corviknight|97\/100\n|\n|t:|1700899538\n|switch|p1a: Gholdengo|Gholdengo, shiny|100\/100|[from] U-turn\n|move|p2a: Corviknight|U-turn|p1a: Gholdengo\n|-resisted|p1a: Gholdengo\n|-damage|p1a: Gholdengo|98\/100\n|\n|t:|1700899544\n|switch|p2a: Jeaneau|Cinderace, M, shiny|100\/100|[from] U-turn\n|\n|-heal|p1a: Gholdengo|100\/100|[from] item: Leftovers\n|upkeep\n|turn|3\n|\n|t:|1700899551\n|move|p2a: Jeaneau|Pyro Ball|p1a: Gholdengo\n|-supereffective|p1a: Gholdengo\n|-damage|p1a: Gholdengo|24\/100\n|move|p1a: Gholdengo|Shadow Ball|p2a: Jeaneau\n|-damage|p2a: Jeaneau|46\/100\n|\n|-heal|p1a: Gholdengo|30\/100|[from] item: Leftovers\n|upkeep\n|turn|4\n|\n|t:|1700899560\n|move|p2a: Jeaneau|Pyro Ball|p1a: Gholdengo\n|-supereffective|p1a: Gholdengo\n|-damage|p1a: Gholdengo|0 fnt\n|faint|p1a: Gholdengo\n|\n|upkeep\n|\n|t:|1700899581\n|switch|p1a: Iron Valiant|Iron Valiant, shiny|100\/100\n|-enditem|p1a: Iron Valiant|Booster Energy\n|-activate|p1a: Iron Valiant|ability: Quark Drive|[fromitem]\n|-start|p1a: Iron Valiant|quarkdrivespe\n|turn|5\n|\n|t:|1700899592\n|switch|p2a: Slowking|Slowking-Galar, F|100\/100\n|-damage|p2a: Slowking|88\/100|[from] Stealth Rock\n|move|p1a: Iron Valiant|Thunderbolt|p2a: Slowking\n|-damage|p2a: Slowking|70\/100\n|\n|-heal|p2a: Slowking|76\/100|[from] item: Leftovers\n|upkeep\n|turn|6\n|\n|t:|1700899598\n|-end|p1a: Iron Valiant|Quark Drive|[silent]\n|switch|p1a: Kingambit|Kingambit, M|100\/100\n|-activate|p1a: Kingambit|ability: Supreme Overlord\n|-start|p1a: Kingambit|fallen1|[silent]\n|move|p2a: Slowking|Thunder Wave|p1a: Kingambit\n|-status|p1a: Kingambit|par\n|\n|-heal|p2a: Slowking|82\/100|[from] item: Leftovers\n|upkeep\n|turn|7\n|\n|t:|1700899609\n|switch|p2a: Corviknight|Corviknight, F|97\/100\n|-damage|p2a: Corviknight|85\/100|[from] Stealth Rock\n|-ability|p2a: Corviknight|Pressure\n|move|p1a: Kingambit|Iron Head|p2a: Corviknight\n|-resisted|p2a: Corviknight\n|-damage|p2a: Corviknight|69\/100\n|\n|-heal|p2a: Corviknight|75\/100|[from] item: Leftovers\n|upkeep\n|turn|8\n|\n|t:|1700899619\n|move|p2a: Corviknight|Body Press|p1a: Kingambit\n|-supereffective|p1a: Kingambit\n|-crit|p1a: Kingambit\n|-damage|p1a: Kingambit|0 fnt\n|faint|p1a: Kingambit\n|-end|p1a: Kingambit|fallen1|[silent]\n|\n|-heal|p2a: Corviknight|81\/100|[from] item: Leftovers\n|upkeep\n|\n|t:|1700899630\n|switch|p1a: Iron Moth|Iron Moth|100\/100\n|-enditem|p1a: Iron Moth|Booster Energy\n|-activate|p1a: Iron Moth|ability: Quark Drive|[fromitem]\n|-start|p1a: Iron Moth|quarkdrivespe\n|turn|9\n|\n|t:|1700899638\n|switch|p2a: Slowking|Slowking-Galar, F|100\/100\n|-damage|p2a: Slowking|88\/100|[from] Stealth Rock\n|move|p1a: Iron Moth|Fiery Dance|p2a: Slowking\n|-damage|p2a: Slowking|66\/100\n|\n|-heal|p2a: Slowking|72\/100|[from] item: Leftovers\n|upkeep\n|turn|10\n|\n|t:|1700899641\n|move|p1a: Iron Moth|Fiery Dance|p2a: Slowking\n|-damage|p2a: Slowking|48\/100\n|move|p2a: Slowking|Thunder Wave|p1a: Iron Moth\n|-status|p1a: Iron Moth|par\n|\n|-heal|p2a: Slowking|54\/100|[from] item: Leftovers\n|upkeep\n|turn|11\n|\n|t:|1700899644\n|move|p1a: Iron Moth|Fiery Dance|p2a: Slowking\n|-damage|p2a: Slowking|29\/100\n|move|p2a: Slowking|Future Sight|p1a: Iron Moth\n|-start|p2a: Slowking|move: Future Sight\n|\n|-heal|p2a: Slowking|35\/100|[from] item: Leftovers\n|upkeep\n|turn|12\n|\n|t:|1700899650\n|move|p1a: Iron Moth|Dazzling Gleam|p2a: Slowking\n|-resisted|p2a: Slowking\n|-damage|p2a: Slowking|28\/100\n|move|p2a: Slowking|Sludge Bomb|p1a: Iron Moth\n|-resisted|p1a: Iron Moth\n|-damage|p1a: Iron Moth|83\/100 par\n|\n|-heal|p2a: Slowking|34\/100|[from] item: Leftovers\n|upkeep\n|turn|13\n|\n|t:|1700899657\n|cant|p1a: Iron Moth|par\n|move|p2a: Slowking|Sludge Bomb|p1a: Iron Moth\n|-resisted|p1a: Iron Moth\n|-damage|p1a: Iron Moth|64\/100 par\n|\n|-end|p1a: Iron Moth|move: Future Sight\n|-supereffective|p1a: Iron Moth\n|-damage|p1a: Iron Moth|0 fnt\n|faint|p1a: Iron Moth\n|-end|p1a: Iron Moth|Quark Drive|[silent]\n|-heal|p2a: Slowking|40\/100|[from] item: Leftovers\n|upkeep\n|\n|t:|1700899659\n|switch|p1a: Great Tusk|Great Tusk|100\/100\n|turn|14\n|\n|t:|1700899671\n|switch|p2a: Corviknight|Corviknight, F|81\/100\n|-damage|p2a: Corviknight|69\/100|[from] Stealth Rock\n|-ability|p2a: Corviknight|Pressure\n|move|p1a: Great Tusk|Rapid Spin|p2a: Corviknight\n|-resisted|p2a: Corviknight\n|-damage|p2a: Corviknight|63\/100\n|-boost|p1a: Great Tusk|spe|1\n|\n|-heal|p2a: Corviknight|69\/100|[from] item: Leftovers\n|upkeep\n|turn|15\n|\n|t:|1700899674\n|-terastallize|p1a: Great Tusk|Fighting\n|move|p1a: Great Tusk|Close Combat|p2a: Corviknight\n|-damage|p2a: Corviknight|10\/100\n|-unboost|p1a: Great Tusk|def|1\n|-unboost|p1a: Great Tusk|spd|1\n|move|p2a: Corviknight|Iron Defense|p2a: Corviknight\n|-boost|p2a: Corviknight|def|2\n|\n|-heal|p2a: Corviknight|16\/100|[from] item: Leftovers\n|upkeep\n|turn|16\n|\n|t:|1700899685\n|move|p1a: Great Tusk|Close Combat|p2a: Corviknight\n|-damage|p2a: Corviknight|0 fnt\n|-unboost|p1a: Great Tusk|def|1\n|-unboost|p1a: Great Tusk|spd|1\n|faint|p2a: Corviknight\n|\n|upkeep\n|\n|t:|1700899688\n|switch|p2a: Iron Valiant|Iron Valiant|100\/100\n|-damage|p2a: Iron Valiant|94\/100|[from] Stealth Rock\n|turn|17\n|\n|t:|1700899691\n|move|p2a: Iron Valiant|Moonblast|p1a: Great Tusk\n|-supereffective|p1a: Great Tusk\n|-damage|p1a: Great Tusk|0 fnt\n|faint|p1a: Great Tusk\n|-end|p1a: Great Tusk|Protosynthesis|[silent]\n|\n|upkeep\n|\n|t:|1700899700\n|switch|p1a: Landorus|Landorus-Therian, M|100\/100\n|-ability|p1a: Landorus|Intimidate|boost\n|-unboost|p2a: Iron Valiant|atk|1\n|turn|18\n|\n|t:|1700899705\n|move|p2a: Iron Valiant|Moonblast|p1a: Landorus\n|-damage|p1a: Landorus|61\/100\n|move|p1a: Landorus|U-turn|p2a: Iron Valiant\n|-resisted|p2a: Iron Valiant\n|-damage|p2a: Iron Valiant|87\/100\n|\n|t:|1700899707\n|switch|p1a: Iron Valiant|Iron Valiant, shiny|100\/100|[from] U-turn\n|\n|upkeep\n|turn|19\n|\n|t:|1700899709\n|move|p2a: Iron Valiant|Moonblast|p1a: Iron Valiant\n|-supereffective|p1a: Iron Valiant\n|-damage|p1a: Iron Valiant|0 fnt\n|faint|p1a: Iron Valiant\n|-end|p1a: Iron Valiant|Quark Drive|[silent]\n|\n|upkeep\n|-message|Snowflakes forfeited.\n|\n|win|Remioche\n|raw|Snowflakes's rating: 1469 &rarr; <strong>1455<\/strong><br \/>(-14 for losing)\n|raw|Remioche's rating: 1585 &rarr; <strong>1599<\/strong><br \/>(+14 for winning)\n|l|\u2606Snowflakes\n","uploadtime":1700899722,"views":1,"p1id":"snowflakes","p2id":"remioche","formatid":"gen9ou","rating":1455,"private":0,"password":""}