{"id":"gen9ou-1991658013","p1":"wdasvfbsdzfcxs","p2":"Thick and Creamy","format":"[Gen 9] OU","log":"|j|\u2606wdasvfbsdzfcxs\n|j|\u2606Thick and Creamy\n|t:|1700099332\n|gametype|singles\n|player|p1|wdasvfbsdzfcxs|1|1274\n|player|p2|Thick and Creamy|101|1347\n|teamsize|p1|6\n|teamsize|p2|6\n|gen|9\n|tier|[Gen 9] OU\n|rated|\n|rule|Sleep Clause Mod: Limit one foe put to sleep\n|rule|Species Clause: Limit one of each Pok\u00e9mon\n|rule|OHKO Clause: OHKO moves are banned\n|rule|Evasion Items Clause: Evasion items are banned\n|rule|Evasion Moves Clause: Evasion moves are banned\n|rule|Endless Battle Clause: Forcing endless battles is banned\n|rule|HP Percentage Mod: HP is shown in percentages\n|clearpoke\n|poke|p1|Kleavor, F|\n|poke|p1|Lokix, M|\n|poke|p1|Alomomola, F|\n|poke|p1|Breloom, M|\n|poke|p1|Zoroark-Hisui, M|\n|poke|p1|Great Tusk|\n|poke|p2|Torkoal, M|\n|poke|p2|Ogerpon-Wellspring, F|\n|poke|p2|Walking Wake|\n|poke|p2|Great Tusk|\n|poke|p2|Corviknight, M|\n|poke|p2|Sandy Shocks|\n|teampreview\n|inactive|Battle timer is ON: inactive players will automatically lose when time's up. (requested by wdasvfbsdzfcxs)\n|j| TheNewBrends11@!\n|inactive|Thick and Creamy has 120 seconds left.\n|\n|t:|1700099388\n|start\n|switch|p1a: Kleavor|Kleavor, F|100\/100\n|switch|p2a: Sandy Shocks|Sandy Shocks|100\/100\n|turn|1\n|\n|t:|1700099396\n|move|p2a: Sandy Shocks|Volt Switch|p1a: Kleavor\n|-damage|p1a: Kleavor|46\/100\n|\n|t:|1700099402\n|-end|p2a: Sandy Shocks|Protosynthesis|[silent]\n|switch|p2a: Great Tusk|Great Tusk|100\/100|[from] Volt Switch\n|move|p1a: Kleavor|Stone Axe|p2a: Great Tusk\n|-resisted|p2a: Great Tusk\n|-damage|p2a: Great Tusk|94\/100\n|-damage|p1a: Kleavor|29\/100|[from] item: Rocky Helmet|[of] p2a: Great Tusk\n|-sidestart|p2: Thick and Creamy|move: Stealth Rock\n|\n|upkeep\n|turn|2\n|\n|t:|1700099410\n|switch|p1a: Lokix|Lokix, M|100\/100\n|move|p2a: Great Tusk|Knock Off|p1a: Lokix\n|-supereffective|p1a: Lokix\n|-damage|p1a: Lokix|0 fnt\n|replace|p1a: Zoroark|Zoroark-Hisui, M\n|-end|p1a: Zoroark|Illusion\n|-enditem|p1a: Zoroark|Heavy-Duty Boots|[from] move: Knock Off|[of] p2a: Great Tusk\n|faint|p1a: Zoroark\n|\n|upkeep\n|\n|t:|1700099420\n|switch|p1a: Breloom|Breloom, M|100\/100\n|turn|3\n|\n|t:|1700099439\n|-end|p2a: Great Tusk|Protosynthesis|[silent]\n|switch|p2a: Torkoal|Torkoal, M|100\/100\n|-damage|p2a: Torkoal|76\/100|[from] Stealth Rock\n|-weather|SunnyDay|[from] ability: Drought|[of] p2a: Torkoal\n|move|p1a: Breloom|Close Combat|p2a: Torkoal\n|-damage|p2a: Torkoal|5\/100\n|-unboost|p1a: Breloom|def|1\n|-unboost|p1a: Breloom|spd|1\n|\n|-weather|SunnyDay|[upkeep]\n|upkeep\n|turn|4\n|\n|t:|1700099448\n|switch|p2a: Corviknight|Corviknight, M|100\/100\n|-damage|p2a: Corviknight|88\/100|[from] Stealth Rock\n|-ability|p2a: Corviknight|Pressure\n|move|p1a: Breloom|Close Combat|p2a: Corviknight\n|-damage|p2a: Corviknight|9\/100\n|-unboost|p1a: Breloom|def|1\n|-unboost|p1a: Breloom|spd|1\n|\n|-weather|SunnyDay|[upkeep]\n|-heal|p2a: Corviknight|15\/100|[from] item: Leftovers\n|upkeep\n|turn|5\n|\n|t:|1700099463\n|move|p1a: Breloom|Close Combat|p2a: Corviknight\n|-damage|p2a: Corviknight|0 fnt\n|-unboost|p1a: Breloom|def|1\n|-unboost|p1a: Breloom|spd|1\n|faint|p2a: Corviknight\n|\n|-weather|SunnyDay|[upkeep]\n|upkeep\n|\n|t:|1700099468\n|switch|p2a: Great Tusk|Great Tusk|94\/100\n|-damage|p2a: Great Tusk|91\/100|[from] Stealth Rock\n|-activate|p2a: Great Tusk|ability: Protosynthesis\n|-start|p2a: Great Tusk|protosynthesisdef\n|turn|6\n|\n|t:|1700099480\n|move|p1a: Breloom|Close Combat|p2a: Great Tusk\n|-damage|p2a: Great Tusk|52\/100\n|-unboost|p1a: Breloom|def|1\n|-unboost|p1a: Breloom|spd|1\n|-damage|p1a: Breloom|84\/100|[from] item: Rocky Helmet|[of] p2a: Great Tusk\n|move|p2a: Great Tusk|Rapid Spin|p1a: Breloom\n|-damage|p1a: Breloom|20\/100\n|-boost|p2a: Great Tusk|spe|1\n|-sideend|p2: Thick and Creamy|Stealth Rock|[from] move: Rapid Spin|[of] p2a: Great Tusk\n|\n|-weather|SunnyDay|[upkeep]\n|upkeep\n|turn|7\n|\n|t:|1700099495\n|switch|p1a: Alomomola|Alomomola, F|100\/100\n|move|p2a: Great Tusk|Knock Off|p1a: Alomomola\n|-damage|p1a: Alomomola|84\/100\n|-enditem|p1a: Alomomola|Red Card|[from] move: Knock Off|[of] p2a: Great Tusk\n|\n|-weather|SunnyDay|[upkeep]\n|upkeep\n|turn|8\n|\n|t:|1700099513\n|-end|p2a: Great Tusk|Protosynthesis|[silent]\n|switch|p2a: Ogerpon|Ogerpon-Wellspring, F|100\/100\n|move|p1a: Alomomola|Acrobatics|p2a: Ogerpon\n|-supereffective|p2a: Ogerpon\n|-damage|p2a: Ogerpon|45\/100\n|\n|-weather|SunnyDay|[upkeep]\n|upkeep\n|turn|9\n|inactive|wdasvfbsdzfcxs has 120 seconds left.\n|\n|t:|1700099539\n|-terastallize|p1a: Alomomola|Flying\n|move|p2a: Ogerpon|Power Whip|p1a: Alomomola\n|-resisted|p1a: Alomomola\n|-damage|p1a: Alomomola|64\/100\n|move|p1a: Alomomola|Acrobatics|p2a: Ogerpon\n|-supereffective|p2a: Ogerpon\n|-damage|p2a: Ogerpon|0 fnt\n|faint|p2a: Ogerpon\n|\n|-weather|SunnyDay|[upkeep]\n|upkeep\n|\n|t:|1700099543\n|switch|p2a: Sandy Shocks|Sandy Shocks|100\/100\n|-activate|p2a: Sandy Shocks|ability: Protosynthesis\n|-start|p2a: Sandy Shocks|protosynthesisspe\n|turn|10\n|\n|t:|1700099555\n|switch|p1a: Kleavor|Kleavor, F|29\/100\n|-terastallize|p2a: Sandy Shocks|Ice\n|move|p2a: Sandy Shocks|Tera Blast|p1a: Kleavor|[anim] Tera Blast Ice\n|-damage|p1a: Kleavor|0 fnt\n|faint|p1a: Kleavor\n|\n|-weather|none\n|-end|p2a: Sandy Shocks|Protosynthesis\n|upkeep\n|inactive|wdasvfbsdzfcxs has 120 seconds left.\n|\n|t:|1700099569\n|switch|p1a: Breloom|Breloom, M|20\/100\n|turn|11\n|\n|t:|1700099580\n|-end|p2a: Sandy Shocks|Protosynthesis|[silent]\n|switch|p2a: Torkoal|Torkoal, M|5\/100\n|-weather|SunnyDay|[from] ability: Drought|[of] p2a: Torkoal\n|move|p1a: Breloom|Mach Punch|p2a: Torkoal\n|-crit|p2a: Torkoal\n|-damage|p2a: Torkoal|0 fnt\n|faint|p2a: Torkoal\n|\n|-weather|SunnyDay|[upkeep]\n|upkeep\n|\n|t:|1700099588\n|switch|p2a: Great Tusk|Great Tusk|52\/100\n|-activate|p2a: Great Tusk|ability: Protosynthesis\n|-start|p2a: Great Tusk|protosynthesisdef\n|turn|12\n|\n|t:|1700099595\n|switch|p1a: Alomomola|Alomomola, F, tera:Flying|97\/100\n|move|p2a: Great Tusk|Headlong Rush|p1a: Alomomola\n|-immune|p1a: Alomomola\n|\n|-weather|SunnyDay|[upkeep]\n|upkeep\n|turn|13\n|\n|t:|1700099601\n|-end|p2a: Great Tusk|Protosynthesis|[silent]\n|switch|p2a: Walking Wake|Walking Wake|100\/100\n|-activate|p2a: Walking Wake|ability: Protosynthesis\n|-start|p2a: Walking Wake|protosynthesisspa\n|move|p1a: Alomomola|Flip Turn|p2a: Walking Wake\n|-resisted|p2a: Walking Wake\n|-damage|p2a: Walking Wake|98\/100\n|\n|t:|1700099629\n|switch|p1a: Lokix|Lokix, M|100\/100|[from] Flip Turn\n|\n|-weather|SunnyDay|[upkeep]\n|upkeep\n|turn|14\n|\n|t:|1700099638\n|move|p1a: Lokix|First Impression|p2a: Walking Wake\n|-damage|p2a: Walking Wake|31\/100\n|move|p2a: Walking Wake|Flamethrower|p1a: Lokix\n|-supereffective|p1a: Lokix\n|-damage|p1a: Lokix|0 fnt\n|faint|p1a: Lokix\n|\n|-weather|SunnyDay|[upkeep]\n|upkeep\n|inactive|wdasvfbsdzfcxs has 120 seconds left.\n|inactive|wdasvfbsdzfcxs has 90 seconds left.\n|\n|t:|1700099690\n|switch|p1a: Breloom|Breloom, M|20\/100\n|turn|15\n|\n|t:|1700099698\n|move|p1a: Breloom|Mach Punch|p2a: Walking Wake\n|-damage|p2a: Walking Wake|0 fnt\n|faint|p2a: Walking Wake\n|-end|p2a: Walking Wake|Protosynthesis|[silent]\n|\n|-weather|SunnyDay|[upkeep]\n|upkeep\n|\n|t:|1700099701\n|switch|p2a: Great Tusk|Great Tusk|52\/100\n|-activate|p2a: Great Tusk|ability: Protosynthesis\n|-start|p2a: Great Tusk|protosynthesisdef\n|turn|16\n|\n|t:|1700099706\n|switch|p1a: Alomomola|Alomomola, F, tera:Flying|100\/100\n|-end|p2a: Great Tusk|Protosynthesis|[silent]\n|switch|p2a: Sandy Shocks|Sandy Shocks, tera:Ice|100\/100\n|-activate|p2a: Sandy Shocks|ability: Protosynthesis\n|-start|p2a: Sandy Shocks|protosynthesisspe\n|\n|-weather|SunnyDay|[upkeep]\n|upkeep\n|turn|17\n|inactive|wdasvfbsdzfcxs has 120 seconds left.\n|inactive|wdasvfbsdzfcxs has 90 seconds left.\n|\n|t:|1700099754\n|switch|p1a: Great Tusk|Great Tusk|100\/100\n|-activate|p1a: Great Tusk|ability: Protosynthesis\n|-start|p1a: Great Tusk|protosynthesisatk\n|move|p2a: Sandy Shocks|Tera Blast|p1a: Great Tusk|[anim] Tera Blast Ice\n|-supereffective|p1a: Great Tusk\n|-damage|p1a: Great Tusk|36\/100\n|\n|-weather|SunnyDay|[upkeep]\n|upkeep\n|turn|18\n|\n|t:|1700099763\n|move|p2a: Sandy Shocks|Tera Blast|p1a: Great Tusk|[anim] Tera Blast Ice\n|-supereffective|p1a: Great Tusk\n|-crit|p1a: Great Tusk\n|-damage|p1a: Great Tusk|0 fnt\n|faint|p1a: Great Tusk\n|-end|p1a: Great Tusk|Protosynthesis|[silent]\n|\n|-weather|none\n|-end|p2a: Sandy Shocks|Protosynthesis\n|upkeep\n|\n|t:|1700099769\n|switch|p1a: Breloom|Breloom, M|20\/100\n|turn|19\n|\n|t:|1700099772\n|move|p1a: Breloom|Mach Punch|p2a: Sandy Shocks\n|-supereffective|p2a: Sandy Shocks\n|-damage|p2a: Sandy Shocks|0 fnt\n|faint|p2a: Sandy Shocks\n|-end|p2a: Sandy Shocks|Protosynthesis|[silent]\n|\n|upkeep\n|-message|Thick and Creamy forfeited.\n|\n|win|wdasvfbsdzfcxs\n|raw|wdasvfbsdzfcxs's rating: 1274 &rarr; <strong>1304<\/strong><br \/>(+30 for winning)\n|raw|Thick and Creamy's rating: 1347 &rarr; <strong>1323<\/strong><br \/>(-24 for losing)\n|l|\u2606Thick and Creamy\n","uploadtime":1700099781,"views":7,"p1id":"wdasvfbsdzfcxs","p2id":"thickandcreamy","formatid":"gen9ou","rating":1304,"private":0,"password":""}