{"id":"gen9ou-1993345977","p1":"petofredo","p2":"salt papi","format":"[Gen 9] OU","log":"|j|\u2606petofredo\n|j|\u2606salt papi\n|t:|1700302955\n|gametype|singles\n|player|p1|petofredo|lucas|1435\n|player|p2|salt papi|policeman-gen4|1491\n|teamsize|p1|6\n|teamsize|p2|6\n|gen|9\n|tier|[Gen 9] OU\n|rated|\n|rule|Sleep Clause Mod: Limit one foe put to sleep\n|rule|Species Clause: Limit one of each Pok\u00e9mon\n|rule|OHKO Clause: OHKO moves are banned\n|rule|Evasion Items Clause: Evasion items are banned\n|rule|Evasion Moves Clause: Evasion moves are banned\n|rule|Endless Battle Clause: Forcing endless battles is banned\n|rule|HP Percentage Mod: HP is shown in percentages\n|clearpoke\n|poke|p1|Ninetales-Alola, M|\n|poke|p1|Rillaboom, M|\n|poke|p1|Slowking-Galar, M|\n|poke|p1|Heatran, M|\n|poke|p1|Mandibuzz, F|\n|poke|p1|Manaphy|\n|poke|p2|Zapdos|\n|poke|p2|Gholdengo|\n|poke|p2|Weavile, M|\n|poke|p2|Great Tusk|\n|poke|p2|Milotic, F|\n|poke|p2|Sneasler, F|\n|teampreview\n|inactive|Battle timer is ON: inactive players will automatically lose when time's up. (requested by salt papi)\n|\n|t:|1700302971\n|start\n|switch|p1a: Ninetales|Ninetales-Alola, M|100\/100\n|switch|p2a: Weavile|Weavile, M|100\/100\n|-ability|p2a: Weavile|Pressure\n|-weather|Snow|[from] ability: Snow Warning|[of] p1a: Ninetales\n|turn|1\n|\n|t:|1700302981\n|move|p2a: Weavile|Knock Off|p1a: Ninetales\n|-resisted|p1a: Ninetales\n|-damage|p1a: Ninetales|80\/100\n|-enditem|p1a: Ninetales|Light Clay|[from] move: Knock Off|[of] p2a: Weavile\n|move|p1a: Ninetales|Aurora Veil|p1a: Ninetales\n|-sidestart|p1: petofredo|move: Aurora Veil\n|\n|-weather|Snow|[upkeep]\n|upkeep\n|turn|2\n|\n|t:|1700302989\n|switch|p2a: Milotic|Milotic, F|100\/100\n|switch|p1a: Mandibuzz|Mandibuzz, F|100\/100\n|\n|-weather|Snow|[upkeep]\n|upkeep\n|turn|3\n|\n|t:|1700302995\n|move|p2a: Milotic|Scald|p1a: Mandibuzz\n|-damage|p1a: Mandibuzz|89\/100\n|-status|p1a: Mandibuzz|brn\n|move|p1a: Mandibuzz|Toxic|p2a: Milotic\n|-status|p2a: Milotic|tox\n|\n|-weather|Snow|[upkeep]\n|-damage|p2a: Milotic|94\/100 tox|[from] psn\n|-damage|p1a: Mandibuzz|83\/100 brn|[from] brn\n|upkeep\n|turn|4\n|\n|t:|1700303006\n|switch|p2a: Great Tusk|Great Tusk|100\/100\n|move|p1a: Mandibuzz|U-turn|p2a: Great Tusk\n|-resisted|p2a: Great Tusk\n|-damage|p2a: Great Tusk|99\/100\n|-damage|p1a: Mandibuzz|66\/100 brn|[from] item: Rocky Helmet|[of] p2a: Great Tusk\n|\n|t:|1700303009\n|switch|p1a: Manaphy|Manaphy|100\/100|[from] U-turn\n|\n|-weather|Snow|[upkeep]\n|upkeep\n|turn|5\n|\n|t:|1700303017\n|-end|p2a: Great Tusk|Protosynthesis|[silent]\n|switch|p2a: Milotic|Milotic, F|94\/100 tox\n|move|p1a: Manaphy|Take Heart|p1a: Manaphy\n|-boost|p1a: Manaphy|spa|1\n|-boost|p1a: Manaphy|spd|1\n|\n|-weather|none\n|-heal|p2a: Milotic|100\/100 tox|[from] item: Leftovers\n|-damage|p2a: Milotic|94\/100 tox|[from] psn\n|-sideend|p1: petofredo|move: Aurora Veil\n|upkeep\n|turn|6\n|\n|t:|1700303028\n|move|p1a: Manaphy|Take Heart|p1a: Manaphy\n|-boost|p1a: Manaphy|spa|1\n|-boost|p1a: Manaphy|spd|1\n|move|p2a: Milotic|Scald|p1a: Manaphy\n|-resisted|p1a: Manaphy\n|-damage|p1a: Manaphy|94\/100\n|-status|p1a: Manaphy|brn\n|\n|-heal|p1a: Manaphy|100\/100 brn|[from] item: Leftovers\n|-heal|p2a: Milotic|100\/100 tox|[from] item: Leftovers\n|-damage|p2a: Milotic|88\/100 tox|[from] psn\n|-damage|p1a: Manaphy|94\/100 brn|[from] brn\n|upkeep\n|turn|7\n|\n|t:|1700303039\n|move|p1a: Manaphy|Take Heart|p1a: Manaphy\n|-boost|p1a: Manaphy|spa|1\n|-boost|p1a: Manaphy|spd|1\n|-curestatus|p1a: Manaphy|brn|[msg]\n|move|p2a: Milotic|Scald|p1a: Manaphy\n|-resisted|p1a: Manaphy\n|-crit|p1a: Manaphy\n|-damage|p1a: Manaphy|77\/100\n|\n|-heal|p1a: Manaphy|83\/100|[from] item: Leftovers\n|-heal|p2a: Milotic|94\/100 tox|[from] item: Leftovers\n|-damage|p2a: Milotic|76\/100 tox|[from] psn\n|upkeep\n|turn|8\n|\n|t:|1700303050\n|move|p1a: Manaphy|Acid Armor|p1a: Manaphy\n|-boost|p1a: Manaphy|def|2\n|move|p2a: Milotic|Haze|p2a: Milotic\n|-clearallboost\n|\n|-heal|p1a: Manaphy|89\/100|[from] item: Leftovers\n|-heal|p2a: Milotic|82\/100 tox|[from] item: Leftovers\n|-damage|p2a: Milotic|58\/100 tox|[from] psn\n|upkeep\n|turn|9\n|\n|t:|1700303061\n|switch|p2a: Zapdos|Zapdos|100\/100\n|move|p1a: Manaphy|Take Heart|p1a: Manaphy\n|-boost|p1a: Manaphy|spa|1\n|-boost|p1a: Manaphy|spd|1\n|\n|-heal|p1a: Manaphy|95\/100|[from] item: Leftovers\n|upkeep\n|turn|10\n|\n|t:|1700303067\n|move|p2a: Zapdos|Volt Switch|p1a: Manaphy\n|-supereffective|p1a: Manaphy\n|-crit|p1a: Manaphy\n|-damage|p1a: Manaphy|21\/100\n|\n|t:|1700303072\n|switch|p2a: Sneasler|Sneasler, F|100\/100|[from] Volt Switch\n|move|p1a: Manaphy|Take Heart|p1a: Manaphy\n|-boost|p1a: Manaphy|spa|1\n|-boost|p1a: Manaphy|spd|1\n|\n|-heal|p1a: Manaphy|27\/100|[from] item: Leftovers\n|upkeep\n|turn|11\n|\n|t:|1700303077\n|switch|p1a: Mandibuzz|Mandibuzz, F|66\/100 brn\n|move|p2a: Sneasler|Dire Claw|p1a: Mandibuzz\n|-damage|p1a: Mandibuzz|43\/100 brn\n|-damage|p2a: Sneasler|84\/100|[from] item: Rocky Helmet|[of] p1a: Mandibuzz\n|\n|-damage|p1a: Mandibuzz|37\/100 brn|[from] brn\n|upkeep\n|turn|12\n|\n|t:|1700303085\n|switch|p2a: Milotic|Milotic, F|58\/100 tox\n|move|p1a: Mandibuzz|Roost|p1a: Mandibuzz\n|-heal|p1a: Mandibuzz|87\/100 brn\n|-singleturn|p1a: Mandibuzz|move: Roost\n|\n|-heal|p2a: Milotic|64\/100 tox|[from] item: Leftovers\n|-damage|p2a: Milotic|58\/100 tox|[from] psn\n|-damage|p1a: Mandibuzz|81\/100 brn|[from] brn\n|upkeep\n|turn|13\n|\n|t:|1700303093\n|move|p2a: Milotic|Recover|p2a: Milotic\n|-heal|p2a: Milotic|100\/100 tox\n|move|p1a: Mandibuzz|U-turn|p2a: Milotic\n|-damage|p2a: Milotic|96\/100 tox\n|\n|t:|1700303097\n|switch|p1a: Rillaboom|Rillaboom, M|100\/100|[from] U-turn\n|-fieldstart|move: Grassy Terrain|[from] ability: Grassy Surge|[of] p1a: Rillaboom\n|\n|-heal|p2a: Milotic|100\/100 tox|[from] Grassy Terrain\n|-damage|p2a: Milotic|88\/100 tox|[from] psn\n|upkeep\n|turn|14\n|\n|t:|1700303102\n|switch|p2a: Zapdos|Zapdos|100\/100\n|move|p1a: Rillaboom|Knock Off|p2a: Zapdos\n|-damage|p2a: Zapdos|53\/100\n|-status|p1a: Rillaboom|par|[from] ability: Static|[of] p2a: Zapdos\n|-enditem|p2a: Zapdos|Heavy-Duty Boots|[from] move: Knock Off|[of] p1a: Rillaboom\n|\n|upkeep\n|turn|15\n|\n|t:|1700303111\n|switch|p1a: Heatran|Heatran, M|100\/100\n|move|p2a: Zapdos|Roost|p2a: Zapdos\n|-heal|p2a: Zapdos|100\/100\n|-singleturn|p2a: Zapdos|move: Roost\n|\n|upkeep\n|turn|16\n|\n|t:|1700303115\n|move|p2a: Zapdos|Volt Switch|p1a: Heatran\n|-damage|p1a: Heatran|82\/100\n|\n|t:|1700303119\n|switch|p2a: Great Tusk|Great Tusk|99\/100|[from] Volt Switch\n|move|p1a: Heatran|Stealth Rock|p2a: Great Tusk\n|-sidestart|p2: salt papi|move: Stealth Rock\n|\n|-heal|p2a: Great Tusk|100\/100|[from] Grassy Terrain\n|-heal|p1a: Heatran|88\/100|[from] Grassy Terrain\n|upkeep\n|turn|17\n|\n|t:|1700303134\n|switch|p1a: Mandibuzz|Mandibuzz, F|81\/100 brn\n|move|p2a: Great Tusk|Stealth Rock|p1a: Mandibuzz\n|-sidestart|p1: petofredo|move: Stealth Rock\n|\n|-damage|p1a: Mandibuzz|75\/100 brn|[from] brn\n|-fieldend|move: Grassy Terrain\n|upkeep\n|turn|18\n|\n|t:|1700303141\n|move|p2a: Great Tusk|Rapid Spin|p1a: Mandibuzz\n|-damage|p1a: Mandibuzz|66\/100 brn\n|-boost|p2a: Great Tusk|spe|1\n|-damage|p2a: Great Tusk|84\/100|[from] item: Rocky Helmet|[of] p1a: Mandibuzz\n|-sideend|p2: salt papi|Stealth Rock|[from] move: Rapid Spin|[of] p2a: Great Tusk\n|move|p1a: Mandibuzz|Toxic|p2a: Great Tusk\n|-status|p2a: Great Tusk|tox\n|\n|-damage|p2a: Great Tusk|78\/100 tox|[from] psn\n|-damage|p1a: Mandibuzz|60\/100 brn|[from] brn\n|upkeep\n|turn|19\n|\n|t:|1700303145\n|-end|p2a: Great Tusk|Protosynthesis|[silent]\n|switch|p2a: Zapdos|Zapdos|100\/100\n|move|p1a: Mandibuzz|Defog|p2a: Zapdos\n|-unboost|p2a: Zapdos|evasion|1\n|-sideend|p1: petofredo|Stealth Rock|[from] move: Defog|[of] p1a: Mandibuzz\n|\n|-damage|p1a: Mandibuzz|54\/100 brn|[from] brn\n|upkeep\n|turn|20\n|\n|t:|1700303153\n|switch|p1a: Heatran|Heatran, M|88\/100\n|move|p2a: Zapdos|Volt Switch|p1a: Heatran\n|-damage|p1a: Heatran|70\/100\n|\n|t:|1700303160\n|switch|p2a: Great Tusk|Great Tusk|78\/100 tox|[from] Volt Switch\n|\n|-damage|p2a: Great Tusk|71\/100 tox|[from] psn\n|upkeep\n|turn|21\n|\n|t:|1700303165\n|switch|p1a: Mandibuzz|Mandibuzz, F|54\/100 brn\n|move|p2a: Great Tusk|Stealth Rock|p1a: Mandibuzz\n|-sidestart|p1: petofredo|move: Stealth Rock\n|\n|-damage|p2a: Great Tusk|59\/100 tox|[from] psn\n|-damage|p1a: Mandibuzz|48\/100 brn|[from] brn\n|upkeep\n|turn|22\n|\n|t:|1700303169\n|-end|p2a: Great Tusk|Protosynthesis|[silent]\n|switch|p2a: Gholdengo|Gholdengo|100\/100\n|-item|p2a: Gholdengo|Air Balloon\n|move|p1a: Mandibuzz|Roost|p1a: Mandibuzz\n|-heal|p1a: Mandibuzz|98\/100 brn\n|-singleturn|p1a: Mandibuzz|move: Roost\n|\n|-damage|p1a: Mandibuzz|92\/100 brn|[from] brn\n|upkeep\n|turn|23\n|\n|t:|1700303176\n|move|p2a: Gholdengo|Nasty Plot|p2a: Gholdengo\n|-boost|p2a: Gholdengo|spa|2\n|move|p1a: Mandibuzz|U-turn|p2a: Gholdengo\n|-resisted|p2a: Gholdengo\n|-crit|p2a: Gholdengo\n|-damage|p2a: Gholdengo|98\/100\n|-enditem|p2a: Gholdengo|Air Balloon\n|\n|t:|1700303186\n|switch|p1a: Ninetales|Ninetales-Alola, M|80\/100|[from] U-turn\n|-damage|p1a: Ninetales|55\/100|[from] Stealth Rock\n|-weather|Snow|[from] ability: Snow Warning|[of] p1a: Ninetales\n|\n|-weather|Snow|[upkeep]\n|upkeep\n|turn|24\n|\n|t:|1700303190\n|move|p1a: Ninetales|Encore|p2a: Gholdengo\n|-immune|p2a: Gholdengo|[from] ability: Good as Gold\n|move|p2a: Gholdengo|Shadow Ball|p1a: Ninetales\n|-crit|p1a: Ninetales\n|-damage|p1a: Ninetales|0 fnt\n|faint|p1a: Ninetales\n|\n|-weather|Snow|[upkeep]\n|upkeep\n|\n|t:|1700303217\n|switch|p1a: Slowking|Slowking-Galar, M|100\/100\n|-damage|p1a: Slowking|88\/100|[from] Stealth Rock\n|turn|25\n|\n|t:|1700303223\n|-terastallize|p1a: Slowking|Dark\n|move|p2a: Gholdengo|Shadow Ball|p1a: Slowking\n|-resisted|p1a: Slowking\n|-damage|p1a: Slowking|61\/100\n|move|p1a: Slowking|Flamethrower|p2a: Gholdengo\n|-supereffective|p2a: Gholdengo\n|-damage|p2a: Gholdengo|54\/100\n|\n|-weather|Snow|[upkeep]\n|-heal|p1a: Slowking|68\/100|[from] item: Leftovers\n|upkeep\n|turn|26\n|\n|t:|1700303232\n|move|p2a: Gholdengo|Make It Rain|p1a: Slowking\n|-damage|p1a: Slowking|0 fnt\n|-unboost|p2a: Gholdengo|spa|1\n|faint|p1a: Slowking\n|\n|-weather|Snow|[upkeep]\n|upkeep\n|\n|t:|1700303240\n|switch|p1a: Heatran|Heatran, M|70\/100\n|turn|27\n|\n|t:|1700303249\n|switch|p2a: Great Tusk|Great Tusk|59\/100 tox\n|move|p1a: Heatran|Magma Storm|p2a: Great Tusk|[miss]\n|-miss|p1a: Heatran|p2a: Great Tusk\n|\n|-weather|none\n|-damage|p2a: Great Tusk|53\/100 tox|[from] psn\n|upkeep\n|turn|28\n|\n|t:|1700303256\n|-end|p2a: Great Tusk|Protosynthesis|[silent]\n|switch|p2a: Gholdengo|Gholdengo|54\/100\n|switch|p1a: Mandibuzz|Mandibuzz, F|92\/100 brn\n|-damage|p1a: Mandibuzz|67\/100 brn|[from] Stealth Rock\n|\n|-damage|p1a: Mandibuzz|61\/100 brn|[from] brn\n|upkeep\n|turn|29\n|\n|t:|1700303259\n|move|p2a: Gholdengo|Recover|p2a: Gholdengo\n|-heal|p2a: Gholdengo|100\/100\n|move|p1a: Mandibuzz|Roost|p1a: Mandibuzz\n|-heal|p1a: Mandibuzz|100\/100 brn\n|-singleturn|p1a: Mandibuzz|move: Roost\n|\n|-damage|p1a: Mandibuzz|94\/100 brn|[from] brn\n|upkeep\n|turn|30\n|\n|t:|1700303262\n|move|p2a: Gholdengo|Make It Rain|p1a: Mandibuzz\n|-damage|p1a: Mandibuzz|50\/100 brn\n|-unboost|p2a: Gholdengo|spa|1\n|move|p1a: Mandibuzz|U-turn|p2a: Gholdengo\n|-resisted|p2a: Gholdengo\n|-damage|p2a: Gholdengo|99\/100\n|\n|t:|1700303266\n|switch|p1a: Heatran|Heatran, M|70\/100|[from] U-turn\n|\n|upkeep\n|turn|31\n|\n|t:|1700303270\n|switch|p2a: Milotic|Milotic, F|88\/100 tox\n|move|p1a: Heatran|Magma Storm|p2a: Milotic|[miss]\n|-miss|p1a: Heatran|p2a: Milotic\n|\n|-heal|p2a: Milotic|94\/100 tox|[from] item: Leftovers\n|-damage|p2a: Milotic|88\/100 tox|[from] psn\n|upkeep\n|turn|32\n|\n|t:|1700303284\n|switch|p1a: Rillaboom|Rillaboom, M|100\/100 par\n|-damage|p1a: Rillaboom|88\/100 par|[from] Stealth Rock\n|-fieldstart|move: Grassy Terrain|[from] ability: Grassy Surge|[of] p1a: Rillaboom\n|move|p2a: Milotic|Scald|p1a: Rillaboom\n|-resisted|p1a: Rillaboom\n|-crit|p1a: Rillaboom\n|-damage|p1a: Rillaboom|61\/100 par\n|\n|-heal|p2a: Milotic|94\/100 tox|[from] Grassy Terrain\n|-heal|p2a: Milotic|100\/100 tox|[from] item: Leftovers\n|-heal|p1a: Rillaboom|67\/100 par|[from] Grassy Terrain\n|-damage|p2a: Milotic|88\/100 tox|[from] psn\n|upkeep\n|turn|33\n|\n|t:|1700303289\n|switch|p2a: Zapdos|Zapdos|100\/100\n|move|p1a: Rillaboom|Wood Hammer|p2a: Zapdos\n|-resisted|p2a: Zapdos\n|-damage|p2a: Zapdos|46\/100\n|-damage|p1a: Rillaboom|47\/100 par|[from] Recoil\n|\n|-heal|p1a: Rillaboom|53\/100 par|[from] Grassy Terrain\n|upkeep\n|turn|34\n|\n|t:|1700303296\n|move|p2a: Zapdos|Hurricane|p1a: Rillaboom\n|-supereffective|p1a: Rillaboom\n|-damage|p1a: Rillaboom|0 fnt\n|faint|p1a: Rillaboom\n|\n|upkeep\n|\n|t:|1700303302\n|switch|p1a: Heatran|Heatran, M|70\/100\n|turn|35\n|\n|t:|1700303306\n|move|p2a: Zapdos|Volt Switch|p1a: Heatran\n|-damage|p1a: Heatran|51\/100\n|\n|t:|1700303308\n|switch|p2a: Milotic|Milotic, F|88\/100 tox|[from] Volt Switch\n|move|p1a: Heatran|Stealth Rock|p2a: Milotic\n|-sidestart|p2: salt papi|move: Stealth Rock\n|\n|-heal|p2a: Milotic|94\/100 tox|[from] Grassy Terrain\n|-heal|p2a: Milotic|100\/100 tox|[from] item: Leftovers\n|-heal|p1a: Heatran|57\/100|[from] Grassy Terrain\n|-damage|p2a: Milotic|94\/100 tox|[from] psn\n|upkeep\n|turn|36\n|\n|t:|1700303318\n|move|p2a: Milotic|Scald|p1a: Heatran\n|-supereffective|p1a: Heatran\n|-damage|p1a: Heatran|21\/100\n|move|p1a: Heatran|Magma Storm|p2a: Milotic\n|-resisted|p2a: Milotic\n|-damage|p2a: Milotic|82\/100 tox\n|-activate|p2a: Milotic|move: Magma Storm|[of] p1a: Heatran\n|\n|-heal|p2a: Milotic|88\/100 tox|[from] Grassy Terrain\n|-heal|p2a: Milotic|94\/100 tox|[from] item: Leftovers\n|-heal|p1a: Heatran|27\/100|[from] Grassy Terrain\n|-damage|p2a: Milotic|82\/100 tox|[from] psn\n|-damage|p2a: Milotic|70\/100 tox|[from] move: Magma Storm|[partiallytrapped]\n|-fieldend|move: Grassy Terrain\n|upkeep\n|turn|37\n|\n|t:|1700303325\n|move|p2a: Milotic|Recover|p2a: Milotic\n|-heal|p2a: Milotic|100\/100 tox\n|move|p1a: Heatran|Taunt|p2a: Milotic\n|-start|p2a: Milotic|move: Taunt\n|\n|-damage|p2a: Milotic|82\/100 tox|[from] psn\n|-damage|p2a: Milotic|70\/100 tox|[from] move: Magma Storm|[partiallytrapped]\n|upkeep\n|turn|38\n|\n|t:|1700303330\n|move|p2a: Milotic|Scald|p1a: Heatran\n|-supereffective|p1a: Heatran\n|-damage|p1a: Heatran|0 fnt\n|faint|p1a: Heatran\n|\n|-heal|p2a: Milotic|76\/100 tox|[from] item: Leftovers\n|-damage|p2a: Milotic|51\/100 tox|[from] psn\n|-end|p2a: Milotic|Magma Storm|[partiallytrapped]|[silent]\n|upkeep\n|-message|petofredo forfeited.\n|\n|win|salt papi\n|raw|petofredo's rating: 1435 &rarr; <strong>1418<\/strong><br \/>(-17 for losing)\n|raw|salt papi's rating: 1491 &rarr; <strong>1508<\/strong><br \/>(+17 for winning)\n|l|\u2606petofredo\n","uploadtime":1700303346,"views":10,"p1id":"petofredo","p2id":"saltpapi","formatid":"gen9ou","rating":1418,"private":0,"password":""}