{"id":"gen9ou-1994240901","p1":"Welcometoearth420","p2":"Spacethug22","format":"[Gen 9] OU","log":"|j|\u2606Welcometoearth420\n|j|\u2606Spacethug22\n|t:|1700422471\n|gametype|singles\n|player|p1|Welcometoearth420|turo-ai|1370\n|player|p2|Spacethug22|2|1321\n|teamsize|p1|6\n|teamsize|p2|6\n|gen|9\n|tier|[Gen 9] OU\n|rated|\n|rule|Sleep Clause Mod: Limit one foe put to sleep\n|rule|Species Clause: Limit one of each Pok\u00e9mon\n|rule|OHKO Clause: OHKO moves are banned\n|rule|Evasion Items Clause: Evasion items are banned\n|rule|Evasion Moves Clause: Evasion moves are banned\n|rule|Endless Battle Clause: Forcing endless battles is banned\n|rule|HP Percentage Mod: HP is shown in percentages\n|clearpoke\n|poke|p1|Clefable, F|\n|poke|p1|Moltres|\n|poke|p1|Garganacl, M|\n|poke|p1|Amoonguss, F|\n|poke|p1|Great Tusk|\n|poke|p1|Heatran, M|\n|poke|p2|Kingambit, F|\n|poke|p2|Walking Wake|\n|poke|p2|Toxapex, F|\n|poke|p2|Torkoal, M|\n|poke|p2|Enamorus, F|\n|poke|p2|Great Tusk|\n|teampreview\n|\n|t:|1700422484\n|start\n|switch|p1a: Clefable|Clefable, F|100\/100\n|switch|p2a: me|Enamorus, F|100\/100\n|turn|1\n|\n|t:|1700422492\n|switch|p2a: Kanye West|Toxapex, F, shiny|100\/100\n|move|p1a: Clefable|Stealth Rock|p2a: Kanye West\n|-sidestart|p2: Spacethug22|move: Stealth Rock\n|\n|upkeep\n|turn|2\n|\n|t:|1700422498\n|move|p1a: Clefable|Knock Off|p2a: Kanye West\n|-damage|p2a: Kanye West|91\/100\n|-enditem|p2a: Kanye West|Black Sludge|[from] move: Knock Off|[of] p1a: Clefable\n|move|p2a: Kanye West|Toxic|p1a: Clefable\n|-status|p1a: Clefable|tox\n|\n|upkeep\n|turn|3\n|\n|t:|1700422530\n|switch|p1a: Garganacl|Garganacl, M|100\/100\n|switch|p2a: John|Great Tusk|100\/100\n|-damage|p2a: John|98\/100|[from] Stealth Rock\n|\n|-heal|p2a: John|100\/100|[from] item: Leftovers\n|upkeep\n|turn|4\n|\n|t:|1700422543\n|-terastallize|p1a: Garganacl|Water\n|move|p2a: John|Body Press|p1a: Garganacl\n|-damage|p1a: Garganacl|73\/100\n|move|p1a: Garganacl|Iron Defense|p1a: Garganacl\n|-boost|p1a: Garganacl|def|2\n|\n|-heal|p1a: Garganacl|79\/100|[from] item: Leftovers\n|upkeep\n|turn|5\n|\n|t:|1700422552\n|move|p2a: John|Knock Off|p1a: Garganacl\n|-damage|p1a: Garganacl|69\/100\n|-enditem|p1a: Garganacl|Leftovers|[from] move: Knock Off|[of] p2a: John\n|move|p1a: Garganacl|Iron Defense|p1a: Garganacl\n|-boost|p1a: Garganacl|def|2\n|\n|upkeep\n|turn|6\n|\n|t:|1700422562\n|-end|p2a: John|Protosynthesis|[silent]\n|switch|p2a: Kanye West|Toxapex, F, shiny|100\/100\n|-damage|p2a: Kanye West|88\/100|[from] Stealth Rock\n|move|p1a: Garganacl|Salt Cure|p2a: Kanye West\n|-damage|p2a: Kanye West|79\/100\n|-start|p2a: Kanye West|Salt Cure\n|\n|-damage|p2a: Kanye West|54\/100|[from] Salt Cure\n|upkeep\n|turn|7\n|\n|t:|1700422573\n|move|p1a: Garganacl|Earthquake|p2a: Kanye West\n|-supereffective|p2a: Kanye West\n|-damage|p2a: Kanye West|24\/100\n|move|p2a: Kanye West|Toxic|p1a: Garganacl\n|-immune|p1a: Garganacl|[from] ability: Purifying Salt\n|\n|-damage|p2a: Kanye West|0 fnt|[from] Salt Cure\n|faint|p2a: Kanye West\n|upkeep\n|\n|t:|1700422583\n|switch|p2a: me|Enamorus, F|100\/100\n|-damage|p2a: me|76\/100|[from] Stealth Rock\n|turn|8\n|\n|t:|1700422589\n|move|p2a: me|Moonblast|p1a: Garganacl\n|-damage|p1a: Garganacl|37\/100\n|move|p1a: Garganacl|Salt Cure|p2a: me\n|-supereffective|p2a: me\n|-damage|p2a: me|26\/100\n|-start|p2a: me|Salt Cure\n|\n|-damage|p2a: me|13\/100|[from] Salt Cure\n|upkeep\n|turn|9\n|-message|Spacethug22 forfeited.\n|\n|win|Welcometoearth420\n|raw|Welcometoearth420's rating: 1370 &rarr; <strong>1387<\/strong><br \/>(+17 for winning)\n|raw|Spacethug22's rating: 1321 &rarr; <strong>1304<\/strong><br \/>(-17 for losing)\n|l|\u2606Spacethug22\n","uploadtime":1700422604,"views":7,"p1id":"welcometoearth420","p2id":"spacethug22","formatid":"gen9ou","rating":1304,"private":0,"password":""}