{"id":"gen9ou-1998332089","p1":"natcentre","p2":"gfrostmoths","format":"[Gen 9] OU","log":"|j|\u2606natcentre\n|j|\u2606gfrostmoths\n|t:|1700930442\n|gametype|singles\n|player|p1|natcentre|101|\n|player|p2|gfrostmoths|adaman|\n|teamsize|p1|6\n|teamsize|p2|6\n|gen|9\n|tier|[Gen 9] OU\n|rule|Sleep Clause Mod: Limit one foe put to sleep\n|rule|Species Clause: Limit one of each Pok\u00e9mon\n|rule|OHKO Clause: OHKO moves are banned\n|rule|Evasion Items Clause: Evasion items are banned\n|rule|Evasion Moves Clause: Evasion moves are banned\n|rule|Endless Battle Clause: Forcing endless battles is banned\n|rule|HP Percentage Mod: HP is shown in percentages\n|clearpoke\n|poke|p1|Tatsugiri, M|\n|poke|p1|Dondozo, F|\n|poke|p1|Phanpy, M|\n|poke|p1|Amoonguss, F|\n|poke|p1|Glimmora, M|\n|poke|p1|Arcanine-Hisui, F|\n|poke|p2|Dragapult, F|\n|poke|p2|Iron Moth|\n|poke|p2|Ogerpon-Cornerstone, F|\n|poke|p2|Empoleon, M|\n|poke|p2|Zapdos|\n|poke|p2|Great Tusk|\n|teampreview\n|c|\u2606natcentre|glhf\n|c|\u2606gfrostmoths|gl hf :)\n|\n|t:|1700930477\n|start\n|switch|p1a: All That Glitters|Glimmora, M|100\/100\n|switch|p2a: Empoleon|Empoleon, M|100\/100\n|turn|1\n|j| Hallowed_Hazel\n|\n|t:|1700930523\n|move|p1a: All That Glitters|Earth Power|p2a: Empoleon\n|-supereffective|p2a: Empoleon\n|-damage|p2a: Empoleon|63\/100\n|move|p2a: Empoleon|Surf|p1a: All That Glitters\n|-supereffective|p1a: All That Glitters\n|-damage|p1a: All That Glitters|7\/100\n|\n|-heal|p2a: Empoleon|69\/100|[from] item: Leftovers\n|upkeep\n|turn|2\n|\n|t:|1700930548\n|switch|p1a: Among Us|Amoonguss, F|100\/100\n|move|p2a: Empoleon|Roost|p2a: Empoleon\n|-heal|p2a: Empoleon|100\/100\n|-singleturn|p2a: Empoleon|move: Roost\n|\n|upkeep\n|turn|3\n|\n|t:|1700930557\n|-terastallize|p1a: Among Us|Grass\n|move|p2a: Empoleon|Flip Turn|p1a: Among Us\n|-resisted|p1a: Among Us\n|-damage|p1a: Among Us|90\/100\n|\n|t:|1700930569\n|switch|p2a: Zapdos|Zapdos|100\/100|[from] Flip Turn\n|move|p1a: Among Us|Leaf Storm|p2a: Zapdos\n|-resisted|p2a: Zapdos\n|-damage|p2a: Zapdos|50\/100\n|-unboost|p1a: Among Us|spa|2\n|\n|upkeep\n|turn|4\n|\n|t:|1700930591\n|switch|p1a: Max Capacity|Arcanine-Hisui, F|100\/100\n|move|p2a: Zapdos|U-turn|p1a: Max Capacity\n|-resisted|p1a: Max Capacity\n|-damage|p1a: Max Capacity|92\/100\n|\n|t:|1700930600\n|switch|p2a: Empoleon|Empoleon, M|100\/100|[from] U-turn\n|\n|upkeep\n|turn|5\n|\n|t:|1700930617\n|move|p1a: Max Capacity|Close Combat|p2a: Empoleon\n|-supereffective|p2a: Empoleon\n|-damage|p2a: Empoleon|16\/100\n|-unboost|p1a: Max Capacity|def|1\n|-unboost|p1a: Max Capacity|spd|1\n|move|p2a: Empoleon|Flip Turn|p1a: Max Capacity\n|-supereffective|p1a: Max Capacity\n|-damage|p1a: Max Capacity|0 fnt\n|faint|p1a: Max Capacity\n|\n|t:|1700930641\n|switch|p2a: Iron Moth|Iron Moth|100\/100|[from] Flip Turn\n|\n|upkeep\n|\n|t:|1700930659\n|switch|p1a: Home Alone|Tatsugiri, M|100\/100\n|turn|6\n|\n|t:|1700930672\n|-end|p2a: Iron Moth|Quark Drive|[silent]\n|switch|p2a: Empoleon|Empoleon, M|16\/100\n|move|p1a: Home Alone|Surf|p2a: Empoleon\n|-resisted|p2a: Empoleon\n|-damage|p2a: Empoleon|1\/100\n|\n|-heal|p2a: Empoleon|7\/100|[from] item: Leftovers\n|upkeep\n|turn|7\n|\n|t:|1700930684\n|move|p1a: Home Alone|Nasty Plot|p1a: Home Alone\n|-boost|p1a: Home Alone|spa|2\n|move|p2a: Empoleon|Roost|p2a: Empoleon\n|-heal|p2a: Empoleon|57\/100\n|-singleturn|p2a: Empoleon|move: Roost\n|\n|-heal|p2a: Empoleon|63\/100|[from] item: Leftovers\n|upkeep\n|turn|8\n|\n|t:|1700930696\n|move|p1a: Home Alone|Nasty Plot|p1a: Home Alone\n|-boost|p1a: Home Alone|spa|2\n|move|p2a: Empoleon|Flip Turn|p1a: Home Alone\n|-ability|p1a: Home Alone|Storm Drain|boost\n|-boost|p1a: Home Alone|spa|1\n|\n|-heal|p2a: Empoleon|69\/100|[from] item: Leftovers\n|upkeep\n|turn|9\n|c| Hallowed_Hazel|oop\n|c|\u2606gfrostmoths|oop\n|\n|t:|1700930723\n|switch|p2a: Ogerpon|Ogerpon-Cornerstone, F|100\/100\n|move|p1a: Home Alone|Nasty Plot|p1a: Home Alone\n|-boost|p1a: Home Alone|spa|1\n|\n|upkeep\n|turn|10\n|\n|t:|1700930743\n|switch|p1a: Among Us|Amoonguss, F, tera:Grass|100\/100\n|move|p2a: Ogerpon|Swords Dance|p2a: Ogerpon\n|-boost|p2a: Ogerpon|atk|2\n|\n|upkeep\n|turn|11\n|\n|t:|1700930749\n|move|p2a: Ogerpon|Ivy Cudgel|p1a: Among Us|[anim] Ivy Cudgel Rock\n|-damage|p1a: Among Us|0 fnt\n|faint|p1a: Among Us\n|\n|upkeep\n|\n|t:|1700930758\n|switch|p1a: Boris Johnson|Dondozo, F|100\/100\n|turn|12\n|\n|t:|1700930763\n|move|p2a: Ogerpon|Horn Leech|p1a: Boris Johnson\n|-supereffective|p1a: Boris Johnson\n|-damage|p1a: Boris Johnson|52\/100\n|move|p1a: Boris Johnson|Liquidation|p2a: Ogerpon\n|-damage|p2a: Ogerpon|64\/100\n|-unboost|p2a: Ogerpon|def|1\n|\n|-heal|p1a: Boris Johnson|58\/100|[from] item: Leftovers\n|upkeep\n|turn|13\n|\n|t:|1700930776\n|move|p2a: Ogerpon|Horn Leech|p1a: Boris Johnson\n|-supereffective|p1a: Boris Johnson\n|-damage|p1a: Boris Johnson|3\/100\n|-heal|p2a: Ogerpon|100\/100|[from] drain|[of] p1a: Boris Johnson\n|move|p1a: Boris Johnson|Rest|p1a: Boris Johnson\n|-status|p1a: Boris Johnson|slp|[from] move: Rest\n|-heal|p1a: Boris Johnson|100\/100 slp|[silent]\n|\n|upkeep\n|turn|14\n|\n|t:|1700930784\n|move|p2a: Ogerpon|Swords Dance|p2a: Ogerpon\n|-boost|p2a: Ogerpon|atk|2\n|cant|p1a: Boris Johnson|slp\n|move|p1a: Boris Johnson|Sleep Talk|p1a: Boris Johnson\n|move|p1a: Boris Johnson|Curse|p1a: Boris Johnson|[from]move: Sleep Talk\n|-unboost|p1a: Boris Johnson|spe|1\n|-boost|p1a: Boris Johnson|atk|1\n|-boost|p1a: Boris Johnson|def|1\n|\n|upkeep\n|turn|15\n|\n|t:|1700930795\n|move|p2a: Ogerpon|Horn Leech|p1a: Boris Johnson\n|-supereffective|p1a: Boris Johnson\n|-damage|p1a: Boris Johnson|66\/100 slp\n|cant|p1a: Boris Johnson|slp\n|move|p1a: Boris Johnson|Sleep Talk|p1a: Boris Johnson\n|move|p1a: Boris Johnson|Rest||[from]move: Sleep Talk|[still]\n|-fail|p1a: Boris Johnson\n|\n|-heal|p1a: Boris Johnson|72\/100 slp|[from] item: Leftovers\n|upkeep\n|turn|16\n|\n|t:|1700930806\n|move|p2a: Ogerpon|Horn Leech|p1a: Boris Johnson\n|-supereffective|p1a: Boris Johnson\n|-crit|p1a: Boris Johnson\n|-damage|p1a: Boris Johnson|0 fnt\n|faint|p1a: Boris Johnson\n|\n|upkeep\n|\n|t:|1700930824\n|switch|p1a: The Greatest|Phanpy, M|100\/100\n|turn|17\n|\n|t:|1700930830\n|move|p2a: Ogerpon|Horn Leech|p1a: The Greatest\n|-supereffective|p1a: The Greatest\n|-damage|p1a: The Greatest|0 fnt\n|faint|p1a: The Greatest\n|\n|upkeep\n|j| SweepAllYo\n|\n|t:|1700930835\n|switch|p1a: Home Alone|Tatsugiri, M|100\/100\n|turn|18\n|\n|t:|1700930838\n|move|p2a: Ogerpon|Horn Leech|p1a: Home Alone\n|-damage|p1a: Home Alone|0 fnt\n|faint|p1a: Home Alone\n|\n|upkeep\n|\n|t:|1700930841\n|switch|p1a: All That Glitters|Glimmora, M|7\/100\n|turn|19\n|\n|t:|1700930844\n|move|p2a: Ogerpon|Horn Leech|p1a: All That Glitters\n|-damage|p1a: All That Glitters|0 fnt\n|-activate|p1a: All That Glitters|ability: Toxic Debris\n|-sidestart|p2: gfrostmoths|move: Toxic Spikes\n|faint|p1a: All That Glitters\n|\n|win|gfrostmoths\n|c|\u2606natcentre|gg\n|c|\u2606gfrostmoths|gg\n|l|\u2606natcentre\n|l| SweepAllYo\n|l| Hallowed_Hazel\n|j| empoleon9000\n","uploadtime":1700931677,"views":4,"p1id":"natcentre","p2id":"gfrostmoths","formatid":"gen9ou","rating":0,"private":0,"password":""}