{"id":"gen9ou-1990513449","p1":"TrepYT","p2":"LordyLordMan","format":"[Gen 9] OU","log":"|j|\u203dTrepYT\n|j|\u2606LordyLordMan\n|t:|1699977653\n|gametype|singles\n|player|p1|TrepYT|swimmerf|1707\n|player|p2|LordyLordMan|1|1603\n|teamsize|p1|6\n|teamsize|p2|6\n|gen|9\n|tier|[Gen 9] OU\n|rated|\n|rule|Sleep Clause Mod: Limit one foe put to sleep\n|rule|Species Clause: Limit one of each Pok\u00e9mon\n|rule|OHKO Clause: OHKO moves are banned\n|rule|Evasion Items Clause: Evasion items are banned\n|rule|Evasion Moves Clause: Evasion moves are banned\n|rule|Endless Battle Clause: Forcing endless battles is banned\n|rule|HP Percentage Mod: HP is shown in percentages\n|clearpoke\n|poke|p1|Cresselia, F|\n|poke|p1|Scizor, M|\n|poke|p1|Garchomp, M|\n|poke|p1|Samurott-Hisui, M|\n|poke|p1|Heatran, F|\n|poke|p1|Kingambit, M|\n|poke|p2|Ribombee, M|\n|poke|p2|Hydreigon, M|\n|poke|p2|Gholdengo|\n|poke|p2|Thundurus-Therian, M|\n|poke|p2|Samurott-Hisui, F|\n|poke|p2|Great Tusk|\n|teampreview\n|\n|t:|1699977656\n|start\n|switch|p1a: Heatran|Heatran, F|100\/100\n|switch|p2a: Ribombee|Ribombee, M|100\/100\n|turn|1\n|\n|t:|1699977659\n|move|p2a: Ribombee|Sticky Web|p1a: Heatran\n|-sidestart|p1: TrepYT|move: Sticky Web\n|move|p1a: Heatran|Substitute|p1a: Heatran\n|-start|p1a: Heatran|Substitute\n|-damage|p1a: Heatran|76\/100\n|\n|-heal|p1a: Heatran|82\/100|[from] item: Leftovers\n|upkeep\n|turn|2\n|\n|t:|1699977667\n|switch|p2a: Samurott|Samurott-Hisui, F|100\/100\n|move|p1a: Heatran|Magma Storm|p2a: Samurott|[miss]\n|-miss|p1a: Heatran|p2a: Samurott\n|\n|-heal|p1a: Heatran|88\/100|[from] item: Leftovers\n|upkeep\n|turn|3\n|\n|t:|1699977672\n|switch|p1a: Garchomp|Garchomp, M, shiny|100\/100\n|-activate|p1a: Garchomp|move: Sticky Web\n|-unboost|p1a: Garchomp|spe|1\n|move|p2a: Samurott|Ceaseless Edge|p1a: Garchomp\n|-damage|p1a: Garchomp|72\/100\n|-damage|p2a: Samurott|88\/100|[from] ability: Rough Skin|[of] p1a: Garchomp\n|-damage|p2a: Samurott|72\/100|[from] item: Rocky Helmet|[of] p1a: Garchomp\n|-sidestart|p1: TrepYT|Spikes\n|\n|upkeep\n|turn|4\n|\n|t:|1699977679\n|switch|p2a: Ribombee|Ribombee, M|100\/100\n|move|p1a: Garchomp|Stealth Rock|p2a: Ribombee\n|-sidestart|p2: LordyLordMan|move: Stealth Rock\n|\n|upkeep\n|turn|5\n|\n|t:|1699977682\n|switch|p1a: Heatran|Heatran, F|88\/100\n|-activate|p1a: Heatran|move: Sticky Web\n|-unboost|p1a: Heatran|spe|1\n|-damage|p1a: Heatran|76\/100|[from] Spikes\n|move|p2a: Ribombee|Moonblast|p1a: Heatran\n|-resisted|p1a: Heatran\n|-damage|p1a: Heatran|69\/100\n|\n|-heal|p1a: Heatran|75\/100|[from] item: Leftovers\n|upkeep\n|turn|6\n|\n|t:|1699977687\n|move|p2a: Ribombee|Stun Spore|p1a: Heatran|[miss]\n|-miss|p2a: Ribombee|p1a: Heatran\n|move|p1a: Heatran|Magma Storm|p2a: Ribombee\n|-supereffective|p2a: Ribombee\n|-enditem|p2a: Ribombee|Focus Sash\n|-damage|p2a: Ribombee|1\/100\n|-activate|p2a: Ribombee|move: Magma Storm|[of] p1a: Heatran\n|\n|-heal|p1a: Heatran|82\/100|[from] item: Leftovers\n|-damage|p2a: Ribombee|0 fnt|[from] move: Magma Storm|[partiallytrapped]\n|faint|p2a: Ribombee\n|upkeep\n|\n|t:|1699977690\n|switch|p2a: Samurott|Samurott-Hisui, F|72\/100\n|-damage|p2a: Samurott|59\/100|[from] Stealth Rock\n|turn|7\n|\n|t:|1699977695\n|switch|p1a: Garchomp|Garchomp, M, shiny|72\/100\n|-activate|p1a: Garchomp|move: Sticky Web\n|-unboost|p1a: Garchomp|spe|1\n|-damage|p1a: Garchomp|59\/100|[from] Spikes\n|move|p2a: Samurott|Ceaseless Edge|p1a: Garchomp\n|-damage|p1a: Garchomp|28\/100\n|-damage|p2a: Samurott|47\/100|[from] ability: Rough Skin|[of] p1a: Garchomp\n|-damage|p2a: Samurott|30\/100|[from] item: Rocky Helmet|[of] p1a: Garchomp\n|-sidestart|p1: TrepYT|Spikes\n|\n|upkeep\n|turn|8\n|\n|t:|1699977702\n|move|p2a: Samurott|Ceaseless Edge|p1a: Garchomp\n|-damage|p1a: Garchomp|0 fnt\n|-damage|p2a: Samurott|18\/100|[from] ability: Rough Skin|[of] p1a: Garchomp\n|-damage|p2a: Samurott|2\/100|[from] item: Rocky Helmet|[of] p1a: Garchomp\n|-sidestart|p1: TrepYT|Spikes\n|faint|p1a: Garchomp\n|\n|upkeep\n|\n|t:|1699977707\n|switch|p1a: Kingambit|Kingambit, M|100\/100\n|-activate|p1a: Kingambit|move: Sticky Web\n|-unboost|p1a: Kingambit|spe|1\n|-damage|p1a: Kingambit|76\/100|[from] Spikes\n|-activate|p1a: Kingambit|ability: Supreme Overlord\n|-start|p1a: Kingambit|fallen1|[silent]\n|turn|9\n|\n|t:|1699977710\n|move|p2a: Samurott|Aqua Jet|p1a: Kingambit\n|-damage|p1a: Kingambit|60\/100\n|move|p1a: Kingambit|Sucker Punch||[still]\n|-fail|p1a: Kingambit\n|\n|-heal|p1a: Kingambit|66\/100|[from] item: Leftovers\n|upkeep\n|turn|10\n|\n|t:|1699977713\n|move|p2a: Samurott|Sacred Sword|p1a: Kingambit\n|-supereffective|p1a: Kingambit\n|-damage|p1a: Kingambit|0 fnt\n|faint|p1a: Kingambit\n|-end|p1a: Kingambit|fallen1|[silent]\n|\n|upkeep\n|\n|t:|1699977717\n|switch|p1a: Samurott|Samurott-Hisui, M|100\/100\n|-activate|p1a: Samurott|move: Sticky Web\n|-unboost|p1a: Samurott|spe|1\n|-damage|p1a: Samurott|76\/100|[from] Spikes\n|turn|11\n|\n|t:|1699977721\n|move|p2a: Samurott|Sacred Sword|p1a: Samurott\n|-supereffective|p1a: Samurott\n|-damage|p1a: Samurott|0 fnt\n|faint|p1a: Samurott\n|\n|upkeep\n|\n|t:|1699977725\n|switch|p1a: Scizor|Scizor, M|100\/100\n|-activate|p1a: Scizor|move: Sticky Web\n|-unboost|p1a: Scizor|spe|1\n|-damage|p1a: Scizor|76\/100|[from] Spikes\n|turn|12\n|\n|t:|1699977728\n|move|p2a: Samurott|Aqua Jet|p1a: Scizor\n|-damage|p1a: Scizor|56\/100\n|move|p1a: Scizor|Bullet Punch|p2a: Samurott\n|-resisted|p2a: Samurott\n|-damage|p2a: Samurott|0 fnt\n|faint|p2a: Samurott\n|\n|upkeep\n|\n|t:|1699977735\n|switch|p2a: Thundurus|Thundurus-Therian, M|100\/100\n|-damage|p2a: Thundurus|76\/100|[from] Stealth Rock\n|turn|13\n|\n|t:|1699977737\n|move|p1a: Scizor|Bullet Punch|p2a: Thundurus\n|-resisted|p2a: Thundurus\n|-damage|p2a: Thundurus|35\/100\n|move|p2a: Thundurus|Thunderbolt|p1a: Scizor\n|-damage|p1a: Scizor|0 fnt\n|faint|p1a: Scizor\n|\n|upkeep\n|\n|t:|1699977741\n|switch|p1a: Heatran|Heatran, F|82\/100\n|-activate|p1a: Heatran|move: Sticky Web\n|-unboost|p1a: Heatran|spe|1\n|-damage|p1a: Heatran|57\/100|[from] Spikes\n|turn|14\n|\n|t:|1699977744\n|move|p2a: Thundurus|Thunderbolt|p1a: Heatran\n|-damage|p1a: Heatran|0 fnt\n|faint|p1a: Heatran\n|\n|upkeep\n|\n|t:|1699977747\n|switch|p1a: Cresselia|Cresselia, F|100\/100\n|turn|15\n|\n|t:|1699977749\n|move|p2a: Thundurus|Thunderbolt|p1a: Cresselia\n|-damage|p1a: Cresselia|54\/100\n|move|p1a: Cresselia|Calm Mind|p1a: Cresselia\n|-boost|p1a: Cresselia|spa|1\n|-boost|p1a: Cresselia|spd|1\n|\n|upkeep\n|turn|16\n|\n|t:|1699977752\n|move|p2a: Thundurus|Thunderbolt|p1a: Cresselia\n|-damage|p1a: Cresselia|21\/100\n|move|p1a: Cresselia|Moonlight|p1a: Cresselia\n|-heal|p1a: Cresselia|71\/100\n|\n|upkeep\n|turn|17\n|\n|t:|1699977756\n|switch|p2a: Hydreigon|Hydreigon, M|100\/100\n|-damage|p2a: Hydreigon|88\/100|[from] Stealth Rock\n|move|p1a: Cresselia|Moonlight|p1a: Cresselia\n|-heal|p1a: Cresselia|100\/100\n|\n|-heal|p2a: Hydreigon|94\/100|[from] item: Leftovers\n|upkeep\n|turn|18\n|\n|t:|1699977762\n|-terastallize|p2a: Hydreigon|Steel\n|move|p2a: Hydreigon|Nasty Plot|p2a: Hydreigon\n|-boost|p2a: Hydreigon|spa|2\n|move|p1a: Cresselia|Calm Mind|p1a: Cresselia\n|-boost|p1a: Cresselia|spa|1\n|-boost|p1a: Cresselia|spd|1\n|\n|-heal|p2a: Hydreigon|100\/100|[from] item: Leftovers\n|upkeep\n|turn|19\n|\n|t:|1699977765\n|move|p2a: Hydreigon|Nasty Plot|p2a: Hydreigon\n|-boost|p2a: Hydreigon|spa|2\n|move|p1a: Cresselia|Calm Mind|p1a: Cresselia\n|-boost|p1a: Cresselia|spa|1\n|-boost|p1a: Cresselia|spd|1\n|\n|upkeep\n|turn|20\n|\n|t:|1699977768\n|-terastallize|p1a: Cresselia|Poison\n|move|p2a: Hydreigon|Dark Pulse|p1a: Cresselia\n|-damage|p1a: Cresselia|66\/100\n|move|p1a: Cresselia|Calm Mind|p1a: Cresselia\n|-boost|p1a: Cresselia|spa|1\n|-boost|p1a: Cresselia|spd|1\n|\n|upkeep\n|turn|21\n|\n|t:|1699977771\n|move|p2a: Hydreigon|Nasty Plot|p2a: Hydreigon\n|-boost|p2a: Hydreigon|spa|2\n|move|p1a: Cresselia|Calm Mind|p1a: Cresselia\n|-boost|p1a: Cresselia|spa|1\n|-boost|p1a: Cresselia|spd|1\n|\n|upkeep\n|turn|22\n|\n|t:|1699977773\n|move|p2a: Hydreigon|Dark Pulse|p1a: Cresselia\n|-damage|p1a: Cresselia|35\/100\n|cant|p1a: Cresselia|flinch\n|\n|upkeep\n|turn|23\n|\n|t:|1699977777\n|move|p2a: Hydreigon|Dark Pulse|p1a: Cresselia\n|-damage|p1a: Cresselia|3\/100\n|move|p1a: Cresselia|Moonlight|p1a: Cresselia\n|-heal|p1a: Cresselia|53\/100\n|\n|upkeep\n|turn|24\n|\n|t:|1699977780\n|move|p2a: Hydreigon|Dark Pulse|p1a: Cresselia\n|-damage|p1a: Cresselia|21\/100\n|move|p1a: Cresselia|Moonlight|p1a: Cresselia\n|-heal|p1a: Cresselia|71\/100\n|\n|upkeep\n|turn|25\n|\n|t:|1699977783\n|move|p2a: Hydreigon|Dark Pulse|p1a: Cresselia\n|-damage|p1a: Cresselia|39\/100\n|move|p1a: Cresselia|Calm Mind|p1a: Cresselia\n|-boost|p1a: Cresselia|spa|1\n|-boost|p1a: Cresselia|spd|1\n|\n|upkeep\n|turn|26\n|\n|t:|1699977789\n|move|p2a: Hydreigon|Dark Pulse|p1a: Cresselia\n|-damage|p1a: Cresselia|12\/100\n|cant|p1a: Cresselia|flinch\n|\n|upkeep\n|turn|27\n|c|\u2606LordyLordMan|sorry buddy\n|inactive|Battle timer is ON: inactive players will automatically lose when time's up. (requested by LordyLordMan)\n|inactive|TrepYT has 120 seconds left.\n|inactive|TrepYT has 90 seconds left.\n|inactive|TrepYT has 60 seconds left.\n|\n|t:|1699977916\n|move|p2a: Hydreigon|Flash Cannon|p1a: Cresselia\n|-damage|p1a: Cresselia|0 fnt\n|faint|p1a: Cresselia\n|\n|win|LordyLordMan\n|raw|TrepYT's rating: 1682 &rarr; <strong>1658<\/strong><br \/>(-24 for losing)\n|raw|LordyLordMan's rating: 1603 &rarr; <strong>1627<\/strong><br \/>(+24 for winning)\n|l|\u203dTrepYT\n","uploadtime":1699977936,"views":5,"p1id":"trepyt","p2id":"lordylordman","formatid":"gen9ou","rating":1627,"private":0,"password":""}