{"id":"gen9ou-1995469150","p1":"Meddlenya","p2":"FunnyFlinch","format":"[Gen 9] OU","log":"|j|\u2606Meddlenya\n|j|\u2606FunnyFlinch\n|t:|1700574284\n|gametype|singles\n|player|p1|Meddlenya|hilda|1140\n|player|p2|FunnyFlinch|colress|1184\n|teamsize|p1|6\n|teamsize|p2|6\n|gen|9\n|tier|[Gen 9] OU\n|rated|\n|rule|Sleep Clause Mod: Limit one foe put to sleep\n|rule|Species Clause: Limit one of each Pok\u00e9mon\n|rule|OHKO Clause: OHKO moves are banned\n|rule|Evasion Items Clause: Evasion items are banned\n|rule|Evasion Moves Clause: Evasion moves are banned\n|rule|Endless Battle Clause: Forcing endless battles is banned\n|rule|HP Percentage Mod: HP is shown in percentages\n|clearpoke\n|poke|p1|Zamazenta-*|\n|poke|p1|Great Tusk|\n|poke|p1|Ribombee, F|\n|poke|p1|Iron Valiant|\n|poke|p1|Ogerpon-Wellspring, F|\n|poke|p1|Ceruledge, F|\n|poke|p2|Garganacl, F|\n|poke|p2|Gholdengo|\n|poke|p2|Ogerpon-Wellspring, F|\n|poke|p2|Alomomola, M|\n|poke|p2|Garchomp, F|\n|poke|p2|Glimmora, M|\n|teampreview\n|\n|t:|1700574301\n|start\n|switch|p1a: Ribombee|Ribombee, F|100\/100\n|switch|p2a: StallChomp|Garchomp, F|100\/100\n|turn|1\n|\n|t:|1700574312\n|move|p1a: Ribombee|Sticky Web|p2a: StallChomp\n|-sidestart|p2: FunnyFlinch|move: Sticky Web\n|move|p2a: StallChomp|Stealth Rock|p1a: Ribombee\n|-sidestart|p1: Meddlenya|move: Stealth Rock\n|\n|upkeep\n|turn|2\n|\n|t:|1700574316\n|switch|p2a: Toxicstall|Glimmora, M|100\/100\n|-activate|p2a: Toxicstall|move: Sticky Web\n|-unboost|p2a: Toxicstall|spe|1\n|move|p1a: Ribombee|Stun Spore|p2a: Toxicstall\n|-status|p2a: Toxicstall|par\n|\n|upkeep\n|turn|3\n|\n|t:|1700574333\n|move|p1a: Ribombee|Psychic|p2a: Toxicstall\n|-supereffective|p2a: Toxicstall\n|-damage|p2a: Toxicstall|36\/100 par\n|move|p2a: Toxicstall|Mortal Spin|p1a: Ribombee\n|-supereffective|p1a: Ribombee\n|-crit|p1a: Ribombee\n|-damage|p1a: Ribombee|61\/100\n|-sideend|p2: FunnyFlinch|Sticky Web|[from] move: Mortal Spin|[of] p2a: Toxicstall\n|\n|-heal|p2a: Toxicstall|42\/100 par|[from] item: Leftovers\n|upkeep\n|turn|4\n|\n|t:|1700574346\n|switch|p2a: Stallingformoney|Gholdengo|100\/100\n|move|p1a: Ribombee|Psychic|p2a: Stallingformoney\n|-resisted|p2a: Stallingformoney\n|-damage|p2a: Stallingformoney|87\/100\n|\n|-heal|p2a: Stallingformoney|93\/100|[from] item: Leftovers\n|upkeep\n|turn|5\n|\n|t:|1700574379\n|switch|p1a: Great Tusk|Great Tusk|100\/100\n|-damage|p1a: Great Tusk|98\/100|[from] Stealth Rock\n|-enditem|p1a: Great Tusk|Booster Energy\n|-activate|p1a: Great Tusk|ability: Protosynthesis|[fromitem]\n|-start|p1a: Great Tusk|protosynthesisspe\n|move|p2a: Stallingformoney|Hex|p1a: Great Tusk\n|-damage|p1a: Great Tusk|53\/100\n|\n|-heal|p2a: Stallingformoney|99\/100|[from] item: Leftovers\n|upkeep\n|turn|6\n|\n|t:|1700574419\n|switch|p2a: Ogerpon|Ogerpon-Wellspring, F|100\/100\n|move|p1a: Great Tusk|Headlong Rush|p2a: Ogerpon\n|-resisted|p2a: Ogerpon\n|-damage|p2a: Ogerpon|71\/100\n|-unboost|p1a: Great Tusk|def|1\n|-unboost|p1a: Great Tusk|spd|1\n|\n|upkeep\n|turn|7\n|\n|t:|1700574462\n|move|p1a: Great Tusk|Close Combat|p2a: Ogerpon\n|-damage|p2a: Ogerpon|10\/100\n|-unboost|p1a: Great Tusk|def|1\n|-unboost|p1a: Great Tusk|spd|1\n|move|p2a: Ogerpon|Leech Seed|p1a: Great Tusk\n|-start|p1a: Great Tusk|move: Leech Seed\n|\n|-damage|p1a: Great Tusk|41\/100|[from] Leech Seed|[of] p2a: Ogerpon\n|-heal|p2a: Ogerpon|27\/100|[silent]\n|upkeep\n|turn|8\n|\n|t:|1700574475\n|switch|p2a: Iwishstallisgood|Alomomola, M|100\/100\n|move|p1a: Great Tusk|Headlong Rush|p2a: Iwishstallisgood\n|-damage|p2a: Iwishstallisgood|70\/100\n|-unboost|p1a: Great Tusk|def|1\n|-unboost|p1a: Great Tusk|spd|1\n|-enditem|p2a: Iwishstallisgood|Red Card|[of] p1a: Great Tusk\n|-end|p1a: Great Tusk|Protosynthesis|[silent]\n|drag|p1a: Zamazenta|Zamazenta|100\/100\n|-damage|p1a: Zamazenta|94\/100|[from] Stealth Rock\n|-ability|p1a: Zamazenta|Dauntless Shield|boost\n|-boost|p1a: Zamazenta|def|1\n|\n|-heal|p1a: Zamazenta|100\/100|[from] item: Leftovers\n|upkeep\n|turn|9\n|\n|t:|1700574489\n|move|p1a: Zamazenta|Substitute|p1a: Zamazenta\n|-start|p1a: Zamazenta|Substitute\n|-damage|p1a: Zamazenta|76\/100\n|move|p2a: Iwishstallisgood|Wish|p2a: Iwishstallisgood\n|\n|-heal|p1a: Zamazenta|82\/100|[from] item: Leftovers\n|upkeep\n|turn|10\n|\n|t:|1700574495\n|move|p1a: Zamazenta|Iron Defense|p1a: Zamazenta\n|-boost|p1a: Zamazenta|def|2\n|move|p2a: Iwishstallisgood|Flip Turn|p1a: Zamazenta\n|-activate|p1a: Zamazenta|move: Substitute|[damage]\n|\n|t:|1700574501\n|switch|p2a: Stallingformoney|Gholdengo|99\/100|[from] Flip Turn\n|\n|-heal|p2a: Stallingformoney|100\/100|[from] move: Wish|[wisher] Iwishstallisgood\n|-heal|p1a: Zamazenta|88\/100|[from] item: Leftovers\n|upkeep\n|turn|11\n|\n|t:|1700574511\n|move|p1a: Zamazenta|Crunch|p2a: Stallingformoney\n|-supereffective|p2a: Stallingformoney\n|-damage|p2a: Stallingformoney|44\/100\n|move|p2a: Stallingformoney|Hex|p1a: Zamazenta\n|-end|p1a: Zamazenta|Substitute\n|\n|-heal|p1a: Zamazenta|94\/100|[from] item: Leftovers\n|-heal|p2a: Stallingformoney|50\/100|[from] item: Leftovers\n|upkeep\n|turn|12\n|-message|FunnyFlinch forfeited.\n|\n|win|Meddlenya\n|raw|Meddlenya's rating: 1140 &rarr; <strong>1168<\/strong><br \/>(+28 for winning)\n|raw|FunnyFlinch's rating: 1184 &rarr; <strong>1156<\/strong><br \/>(-28 for losing)\n|l|\u2606FunnyFlinch\n","uploadtime":1700574539,"views":17,"p1id":"meddlenya","p2id":"funnyflinch","formatid":"gen9ou","rating":1156,"private":0,"password":""}