{"id":"gen9ou-1993727323","p1":"SDK04","p2":"Ryuu777","format":"[Gen 9] OU","log":"|j|\u2606SDK04\n|j|\u2606Ryuu777\n|inactive|Battle timer is ON: inactive players will automatically lose when time's up.\n|t:|1700350114\n|gametype|singles\n|player|p1|SDK04|unknown|\n|player|p2|Ryuu777|red|\n|teamsize|p1|6\n|teamsize|p2|6\n|gen|9\n|tier|[Gen 9] OU\n|rated|Tournament battle\n|rule|Sleep Clause Mod: Limit one foe put to sleep\n|rule|Species Clause: Limit one of each Pok\u00e9mon\n|rule|OHKO Clause: OHKO moves are banned\n|rule|Evasion Items Clause: Evasion items are banned\n|rule|Evasion Moves Clause: Evasion moves are banned\n|rule|Endless Battle Clause: Forcing endless battles is banned\n|rule|HP Percentage Mod: HP is shown in percentages\n|clearpoke\n|poke|p1|Ribombee, M|\n|poke|p1|Torterra, M|\n|poke|p1|Rillaboom, F|\n|poke|p1|Iron Moth|\n|poke|p1|Manaphy|\n|poke|p1|Gholdengo|\n|poke|p2|Greninja-*, M|\n|poke|p2|Gholdengo|\n|poke|p2|Rillaboom, F|\n|poke|p2|Slowking, M|\n|poke|p2|Cinderace, M|\n|poke|p2|Landorus-Therian, M|\n|teampreview\n|j|%htcl\n|\n|t:|1700350126\n|start\n|switch|p1a: Deku|Torterra, M|100\/100\n|switch|p2a: Greninja|Greninja, M|100\/100\n|turn|1\n|j| Jefo\n|\n|t:|1700350139\n|switch|p1a: I set Sticky Web|Ribombee, M, shiny|100\/100\n|move|p2a: Greninja|Surf|p1a: I set Sticky Web\n|-damage|p1a: I set Sticky Web|2\/100\n|\n|upkeep\n|turn|2\n|\n|t:|1700350145\n|move|p1a: I set Sticky Web|Moonblast|p2a: Greninja\n|-supereffective|p2a: Greninja\n|-crit|p2a: Greninja\n|-damage|p2a: Greninja|0 fnt\n|faint|p2a: Greninja\n|\n|upkeep\n|\n|t:|1700350160\n|switch|p2a: Rillaboom|Rillaboom, F|100\/100\n|-fieldstart|move: Grassy Terrain|[from] ability: Grassy Surge|[of] p2a: Rillaboom\n|turn|3\n|\n|t:|1700350167\n|switch|p1a: Dyson|Iron Moth|100\/100\n|-enditem|p1a: Dyson|Booster Energy\n|-activate|p1a: Dyson|ability: Quark Drive|[fromitem]\n|-start|p1a: Dyson|quarkdrivespa\n|move|p2a: Rillaboom|Fake Out|p1a: Dyson\n|-damage|p1a: Dyson|77\/100\n|\n|-heal|p1a: Dyson|83\/100|[from] Grassy Terrain\n|upkeep\n|turn|4\n|\n|t:|1700350189\n|move|p1a: Dyson|Fiery Dance|p2a: Rillaboom\n|-supereffective|p2a: Rillaboom\n|-damage|p2a: Rillaboom|0 fnt\n|faint|p2a: Rillaboom\n|\n|-heal|p1a: Dyson|89\/100|[from] Grassy Terrain\n|upkeep\n|\n|t:|1700350196\n|switch|p2a: Landorus|Landorus-Therian, M|100\/100\n|-ability|p2a: Landorus|Intimidate|boost\n|-unboost|p1a: Dyson|atk|1\n|turn|5\n|c|\u2606SDK04|Not sure what the sack was for with Slowking there, but alright\n|\n|t:|1700350208\n|move|p1a: Dyson|Fiery Dance|p2a: Landorus\n|-damage|p2a: Landorus|23\/100\n|-boost|p1a: Dyson|spa|1\n|move|p2a: Landorus|Earth Power|p1a: Dyson\n|-supereffective|p1a: Dyson\n|-damage|p1a: Dyson|0 fnt\n|faint|p1a: Dyson\n|-end|p1a: Dyson|Quark Drive|[silent]\n|\n|-heal|p2a: Landorus|29\/100|[from] item: Leftovers\n|upkeep\n|\n|t:|1700350211\n|switch|p1a: Deku|Torterra, M|100\/100\n|turn|6\n|c|\u2606SDK04|Anyways, Detroit\u2026\n|inactive|Ryuu777 has 120 seconds left.\n|\n|t:|1700350255\n|move|p2a: Landorus|Nasty Plot|p2a: Landorus\n|-boost|p2a: Landorus|spa|2\n|move|p1a: Deku|Shell Smash|p1a: Deku\n|-unboost|p1a: Deku|def|1\n|-unboost|p1a: Deku|spd|1\n|-boost|p1a: Deku|atk|2\n|-boost|p1a: Deku|spa|2\n|-boost|p1a: Deku|spe|2\n|-enditem|p1a: Deku|White Herb\n|-clearnegativeboost|p1a: Deku|[silent]\n|\n|-heal|p2a: Landorus|35\/100|[from] item: Leftovers\n|upkeep\n|turn|7\n|\n|t:|1700350273\n|move|p1a: Deku|Wood Hammer|p2a: Landorus\n|-damage|p2a: Landorus|0 fnt\n|faint|p2a: Landorus\n|-damage|p1a: Deku|89\/100|[from] Recoil\n|\n|-heal|p1a: Deku|95\/100|[from] Grassy Terrain\n|-fieldend|move: Grassy Terrain\n|upkeep\n|c|\u2606SDK04|__**SMASH!**__\n|\n|t:|1700350283\n|switch|p2a: Slowking|Slowking, M|100\/100\n|turn|8\n|\n|t:|1700350296\n|switch|p2a: Cinderace|Cinderace, M|100\/100\n|-terastallize|p1a: Deku|Fire\n|move|p1a: Deku|Wood Hammer|p2a: Cinderace\n|-resisted|p2a: Cinderace\n|-damage|p2a: Cinderace|16\/100\n|-damage|p1a: Deku|70\/100|[from] Recoil\n|\n|-heal|p2a: Cinderace|22\/100|[from] item: Leftovers\n|upkeep\n|turn|9\n|\n|t:|1700350311\n|move|p1a: Deku|Tera Blast|p2a: Cinderace|[anim] Tera Blast Fire\n|-resisted|p2a: Cinderace\n|-damage|p2a: Cinderace|0 fnt\n|faint|p2a: Cinderace\n|\n|upkeep\n|\n|t:|1700350319\n|switch|p2a: Slowking|Slowking, M|100\/100\n|turn|10\n|\n|t:|1700350325\n|move|p1a: Deku|Headlong Rush|p2a: Slowking\n|-crit|p2a: Slowking\n|-damage|p2a: Slowking|0 fnt\n|-unboost|p1a: Deku|def|1\n|-unboost|p1a: Deku|spd|1\n|faint|p2a: Slowking\n|\n|upkeep\n|\n|t:|1700350332\n|switch|p2a: Gholdengo|Gholdengo|100\/100\n|turn|11\n|\n|t:|1700350347\n|-terastallize|p2a: Gholdengo|Water\n|move|p1a: Deku|Tera Blast|p2a: Gholdengo|[anim] Tera Blast Fire\n|-resisted|p2a: Gholdengo\n|-damage|p2a: Gholdengo|56\/100\n|move|p2a: Gholdengo|Make It Rain|p1a: Deku\n|-resisted|p1a: Deku\n|-damage|p1a: Deku|10\/100\n|-unboost|p2a: Gholdengo|spa|1\n|\n|-heal|p2a: Gholdengo|62\/100|[from] item: Leftovers\n|upkeep\n|turn|12\n|c|\u2606SDK04|gg\n|c|\u2606SDK04|wp\n|\n|t:|1700350359\n|move|p1a: Deku|Wood Hammer|p2a: Gholdengo\n|-supereffective|p2a: Gholdengo\n|-damage|p2a: Gholdengo|0 fnt\n|faint|p2a: Gholdengo\n|-damage|p1a: Deku|0 fnt|[from] Recoil\n|faint|p1a: Deku\n|\n|win|SDK04\n|n|\u2606SDK04|sdk04\n|n|\u2606Ryuu777|ryuu777\n|n| htcl|htcl\n|n| Jefo|jefo\n","uploadtime":1700350370,"views":8,"p1id":"sdk04","p2id":"ryuu777","formatid":"gen9ou","rating":0,"private":0,"password":""}