{"id":"gen9ou-1992318238","p1":"Guy Maneth","p2":"Wild We$t","format":"[Gen 9] OU","log":"|j|\u2606Guy Maneth\n|j|\u2606Wild We$t\n|t:|1700174150\n|gametype|singles\n|player|p1|Guy Maneth|1|1478\n|player|p2|Wild We$t|acetrainer-gen2|1430\n|teamsize|p1|6\n|teamsize|p2|6\n|gen|9\n|tier|[Gen 9] OU\n|rated|\n|rule|Sleep Clause Mod: Limit one foe put to sleep\n|rule|Species Clause: Limit one of each Pok\u00e9mon\n|rule|OHKO Clause: OHKO moves are banned\n|rule|Evasion Items Clause: Evasion items are banned\n|rule|Evasion Moves Clause: Evasion moves are banned\n|rule|Endless Battle Clause: Forcing endless battles is banned\n|rule|HP Percentage Mod: HP is shown in percentages\n|clearpoke\n|poke|p1|Moltres|\n|poke|p1|Torkoal, M|\n|poke|p1|Walking Wake|\n|poke|p1|Lilligant-Hisui, F|\n|poke|p1|Heatran, M|\n|poke|p1|Cinderace, M|\n|poke|p2|Slowking-Galar, F|\n|poke|p2|Iron Valiant|\n|poke|p2|Kingambit, F|\n|poke|p2|Great Tusk|\n|poke|p2|Rillaboom, F|\n|poke|p2|Rotom-Wash|\n|teampreview\n|\n|t:|1700174157\n|start\n|switch|p1a: Heatran|Heatran, M|100\/100\n|switch|p2a: Slowking|Slowking-Galar, F|100\/100\n|turn|1\n|\n|t:|1700174163\n|move|p1a: Heatran|Taunt|p2a: Slowking\n|-start|p2a: Slowking|move: Taunt\n|cant|p2a: Slowking|move: Taunt|Chilly Reception\n|\n|upkeep\n|turn|2\n|\n|t:|1700174165\n|switch|p2a: Rotom|Rotom-Wash|100\/100\n|move|p1a: Heatran|Magma Storm|p2a: Rotom\n|-resisted|p2a: Rotom\n|-damage|p2a: Rotom|78\/100\n|-activate|p2a: Rotom|move: Magma Storm|[of] p1a: Heatran\n|\n|-damage|p2a: Rotom|65\/100|[from] move: Magma Storm|[partiallytrapped]\n|upkeep\n|turn|3\n|\n|t:|1700174168\n|move|p1a: Heatran|Protect|p1a: Heatran\n|-singleturn|p1a: Heatran|Protect\n|move|p2a: Rotom|Trick|p1a: Heatran\n|-activate|p1a: Heatran|move: Protect\n|\n|-damage|p2a: Rotom|53\/100|[from] move: Magma Storm|[partiallytrapped]\n|upkeep\n|turn|4\n|\n|t:|1700174207\n|switch|p1a: Cinderace|Cinderace, M|100\/100\n|move|p2a: Rotom|Trick|p1a: Cinderace\n|-activate|p2a: Rotom|move: Trick|[of] p1a: Cinderace\n|-item|p1a: Cinderace|Choice Scarf|[from] move: Trick\n|-item|p2a: Rotom|Heavy-Duty Boots|[from] move: Trick\n|\n|-end|p2a: Rotom|Magma Storm|[partiallytrapped]|[silent]\n|upkeep\n|turn|5\n|inactive|Battle timer is ON: inactive players will automatically lose when time's up. (requested by Wild We$t)\n|\n|t:|1700174215\n|move|p1a: Cinderace|U-turn|p2a: Rotom\n|-damage|p2a: Rotom|33\/100\n|\n|t:|1700174219\n|switch|p1a: Walking Wake|Walking Wake|100\/100|[from] U-turn\n|move|p2a: Rotom|Hydro Pump|p1a: Walking Wake|[miss]\n|-miss|p2a: Rotom|p1a: Walking Wake\n|\n|upkeep\n|turn|6\n|\n|t:|1700174224\n|move|p1a: Walking Wake|Draco Meteor|p2a: Rotom\n|-damage|p2a: Rotom|0 fnt\n|-unboost|p1a: Walking Wake|spa|2\n|faint|p2a: Rotom\n|\n|upkeep\n|\n|t:|1700174226\n|switch|p2a: Iron Valiant|Iron Valiant|100\/100\n|turn|7\n|\n|t:|1700174232\n|-end|p1a: Walking Wake|Protosynthesis|[silent]\n|switch|p1a: Heatran|Heatran, M|100\/100\n|move|p2a: Iron Valiant|Psyshock|p1a: Heatran\n|-resisted|p1a: Heatran\n|-damage|p1a: Heatran|84\/100\n|\n|-heal|p1a: Heatran|90\/100|[from] item: Leftovers\n|upkeep\n|turn|8\n|\n|t:|1700174240\n|-end|p2a: Iron Valiant|Quark Drive|[silent]\n|switch|p2a: Slowking|Slowking-Galar, F|100\/100\n|move|p1a: Heatran|Magma Storm|p2a: Slowking\n|-damage|p2a: Slowking|64\/100\n|-activate|p2a: Slowking|move: Magma Storm|[of] p1a: Heatran\n|\n|-heal|p1a: Heatran|96\/100|[from] item: Leftovers\n|-damage|p2a: Slowking|51\/100|[from] move: Magma Storm|[partiallytrapped]\n|upkeep\n|turn|9\n|\n|t:|1700174243\n|-terastallize|p2a: Slowking|Water\n|move|p1a: Heatran|Taunt|p2a: Slowking\n|-start|p2a: Slowking|move: Taunt\n|move|p2a: Slowking|Surf|p1a: Heatran\n|-supereffective|p1a: Heatran\n|-damage|p1a: Heatran|51\/100\n|\n|-heal|p1a: Heatran|57\/100|[from] item: Leftovers\n|-damage|p2a: Slowking|39\/100|[from] move: Magma Storm|[partiallytrapped]\n|upkeep\n|turn|10\n|\n|t:|1700174249\n|move|p1a: Heatran|Earth Power|p2a: Slowking\n|-damage|p2a: Slowking|17\/100\n|move|p2a: Slowking|Future Sight|p1a: Heatran\n|-start|p2a: Slowking|move: Future Sight\n|\n|-heal|p1a: Heatran|63\/100|[from] item: Leftovers\n|-damage|p2a: Slowking|4\/100|[from] move: Magma Storm|[partiallytrapped]\n|upkeep\n|turn|11\n|\n|t:|1700174252\n|move|p1a: Heatran|Earth Power|p2a: Slowking\n|-damage|p2a: Slowking|0 fnt\n|faint|p2a: Slowking\n|\n|-heal|p1a: Heatran|70\/100|[from] item: Leftovers\n|upkeep\n|\n|t:|1700174253\n|switch|p2a: Great Tusk|Great Tusk|100\/100\n|turn|12\n|\n|t:|1700174258\n|switch|p1a: Cinderace|Cinderace, M|100\/100\n|move|p2a: Great Tusk|Stealth Rock|p1a: Cinderace\n|-sidestart|p1: Guy Maneth|move: Stealth Rock\n|\n|-end|p1a: Cinderace|move: Future Sight\n|-damage|p1a: Cinderace|50\/100\n|upkeep\n|turn|13\n|\n|t:|1700174262\n|move|p1a: Cinderace|Will-O-Wisp|p2a: Great Tusk|[miss]\n|-miss|p1a: Cinderace|p2a: Great Tusk\n|move|p2a: Great Tusk|Rapid Spin|p1a: Cinderace\n|-damage|p1a: Cinderace|29\/100\n|-boost|p2a: Great Tusk|spe|1\n|\n|upkeep\n|turn|14\n|\n|t:|1700174265\n|move|p1a: Cinderace|Will-O-Wisp|p2a: Great Tusk\n|-status|p2a: Great Tusk|brn\n|move|p2a: Great Tusk|Headlong Rush|p1a: Cinderace\n|-supereffective|p1a: Cinderace\n|-damage|p1a: Cinderace|0 fnt\n|-unboost|p2a: Great Tusk|def|1\n|-unboost|p2a: Great Tusk|spd|1\n|faint|p1a: Cinderace\n|\n|-damage|p2a: Great Tusk|94\/100 brn|[from] brn\n|upkeep\n|\n|t:|1700174281\n|switch|p1a: Moltres|Moltres|100\/100\n|turn|15\n|\n|t:|1700174291\n|move|p2a: Great Tusk|Ice Spinner|p1a: Moltres\n|-damage|p1a: Moltres|90\/100\n|move|p1a: Moltres|Flamethrower|p2a: Great Tusk\n|-damage|p2a: Great Tusk|4\/100 brn\n|\n|-heal|p2a: Great Tusk|10\/100 brn|[from] item: Leftovers\n|-damage|p2a: Great Tusk|4\/100 brn|[from] brn\n|upkeep\n|turn|16\n|\n|t:|1700174297\n|move|p2a: Great Tusk|Ice Spinner|p1a: Moltres\n|-damage|p1a: Moltres|81\/100\n|move|p1a: Moltres|Roost|p1a: Moltres\n|-heal|p1a: Moltres|100\/100\n|-singleturn|p1a: Moltres|move: Roost\n|\n|-heal|p2a: Great Tusk|10\/100 brn|[from] item: Leftovers\n|-damage|p2a: Great Tusk|4\/100 brn|[from] brn\n|upkeep\n|turn|17\n|\n|t:|1700174302\n|move|p2a: Great Tusk|Ice Spinner|p1a: Moltres\n|-damage|p1a: Moltres|91\/100\n|move|p1a: Moltres|Flamethrower|p2a: Great Tusk\n|-damage|p2a: Great Tusk|0 fnt\n|faint|p2a: Great Tusk\n|-end|p2a: Great Tusk|Protosynthesis|[silent]\n|\n|upkeep\n|\n|t:|1700174311\n|switch|p2a: Rillaboom|Rillaboom, F|100\/100\n|-fieldstart|move: Grassy Terrain|[from] ability: Grassy Surge|[of] p2a: Rillaboom\n|turn|18\n|\n|t:|1700174315\n|move|p2a: Rillaboom|Knock Off|p1a: Moltres\n|-damage|p1a: Moltres|57\/100\n|-enditem|p1a: Moltres|Heavy-Duty Boots|[from] move: Knock Off|[of] p2a: Rillaboom\n|move|p1a: Moltres|Will-O-Wisp|p2a: Rillaboom\n|-status|p2a: Rillaboom|brn\n|\n|-damage|p2a: Rillaboom|94\/100 brn|[from] brn\n|upkeep\n|turn|19\n|\n|t:|1700174319\n|move|p2a: Rillaboom|Knock Off|p1a: Moltres\n|-damage|p1a: Moltres|45\/100\n|move|p1a: Moltres|Roost|p1a: Moltres\n|-heal|p1a: Moltres|95\/100\n|-singleturn|p1a: Moltres|move: Roost\n|\n|-heal|p2a: Rillaboom|100\/100 brn|[from] Grassy Terrain\n|-heal|p1a: Moltres|100\/100|[from] Grassy Terrain\n|-damage|p2a: Rillaboom|94\/100 brn|[from] brn\n|upkeep\n|turn|20\n|\n|t:|1700174321\n|move|p2a: Rillaboom|Knock Off|p1a: Moltres\n|-damage|p1a: Moltres|87\/100\n|move|p1a: Moltres|Flamethrower|p2a: Rillaboom\n|-supereffective|p2a: Rillaboom\n|-damage|p2a: Rillaboom|0 fnt\n|faint|p2a: Rillaboom\n|\n|upkeep\n|\n|t:|1700174324\n|switch|p2a: Iron Valiant|Iron Valiant|100\/100\n|turn|21\n|\n|t:|1700174326\n|switch|p1a: Heatran|Heatran, M|70\/100\n|-damage|p1a: Heatran|57\/100|[from] Stealth Rock\n|move|p2a: Iron Valiant|Psyshock|p1a: Heatran\n|-resisted|p1a: Heatran\n|-damage|p1a: Heatran|40\/100\n|\n|-heal|p1a: Heatran|46\/100|[from] Grassy Terrain\n|-heal|p1a: Heatran|52\/100|[from] item: Leftovers\n|upkeep\n|turn|22\n|\n|t:|1700174328\n|-end|p2a: Iron Valiant|Quark Drive|[silent]\n|switch|p2a: Kingambit|Kingambit, F|100\/100\n|-activate|p2a: Kingambit|ability: Supreme Overlord\n|-start|p2a: Kingambit|fallen4|[silent]\n|move|p1a: Heatran|Magma Storm|p2a: Kingambit\n|-supereffective|p2a: Kingambit\n|-damage|p2a: Kingambit|9\/100\n|-activate|p2a: Kingambit|move: Magma Storm|[of] p1a: Heatran\n|\n|-heal|p1a: Heatran|59\/100|[from] Grassy Terrain\n|-heal|p1a: Heatran|65\/100|[from] item: Leftovers\n|-heal|p2a: Kingambit|15\/100|[from] Grassy Terrain\n|-heal|p2a: Kingambit|21\/100|[from] item: Leftovers\n|-damage|p2a: Kingambit|9\/100|[from] move: Magma Storm|[partiallytrapped]\n|-fieldend|move: Grassy Terrain\n|upkeep\n|turn|23\n|\n|t:|1700174332\n|move|p1a: Heatran|Protect|p1a: Heatran\n|-singleturn|p1a: Heatran|Protect\n|move|p2a: Kingambit|Low Kick|p1a: Heatran\n|-activate|p1a: Heatran|move: Protect\n|\n|-heal|p1a: Heatran|71\/100|[from] item: Leftovers\n|-heal|p2a: Kingambit|15\/100|[from] item: Leftovers\n|-damage|p2a: Kingambit|2\/100|[from] move: Magma Storm|[partiallytrapped]\n|upkeep\n|turn|24\n|\n|t:|1700174334\n|move|p1a: Heatran|Earth Power|p2a: Kingambit\n|-supereffective|p2a: Kingambit\n|-damage|p2a: Kingambit|0 fnt\n|faint|p2a: Kingambit\n|-end|p2a: Kingambit|fallen4|[silent]\n|\n|-heal|p1a: Heatran|77\/100|[from] item: Leftovers\n|upkeep\n|\n|t:|1700174335\n|switch|p2a: Iron Valiant|Iron Valiant|100\/100\n|turn|25\n|\n|t:|1700174337\n|move|p2a: Iron Valiant|Aura Sphere|p1a: Heatran\n|-supereffective|p1a: Heatran\n|-damage|p1a: Heatran|7\/100\n|move|p1a: Heatran|Magma Storm|p2a: Iron Valiant\n|-damage|p2a: Iron Valiant|24\/100\n|-activate|p2a: Iron Valiant|move: Magma Storm|[of] p1a: Heatran\n|\n|-heal|p1a: Heatran|13\/100|[from] item: Leftovers\n|-damage|p2a: Iron Valiant|11\/100|[from] move: Magma Storm|[partiallytrapped]\n|upkeep\n|turn|26\n|-message|Wild We$t forfeited.\n|\n|win|Guy Maneth\n|raw|Guy Maneth's rating: 1478 &rarr; <strong>1495<\/strong><br \/>(+17 for winning)\n|raw|Wild We$t's rating: 1430 &rarr; <strong>1413<\/strong><br \/>(-17 for losing)\n|l|\u2606Wild We$t\n","uploadtime":1700174350,"views":7,"p1id":"guymaneth","p2id":"wildwet","formatid":"gen9ou","rating":1413,"private":0,"password":""}