{"id":"gen9ou-1989593188","p1":"Gerryop","p2":"Bigsylveon","format":"[Gen 9] OU","log":"|j|\u2606Gerryop\n|j|\u2606Bigsylveon\n|t:|1699876194\n|gametype|singles\n|player|p1|Gerryop|266|1315\n|player|p2|Bigsylveon|acetrainerf|1352\n|teamsize|p1|6\n|teamsize|p2|6\n|gen|9\n|tier|[Gen 9] OU\n|rated|\n|rule|Sleep Clause Mod: Limit one foe put to sleep\n|rule|Species Clause: Limit one of each Pok\u00e9mon\n|rule|OHKO Clause: OHKO moves are banned\n|rule|Evasion Items Clause: Evasion items are banned\n|rule|Evasion Moves Clause: Evasion moves are banned\n|rule|Endless Battle Clause: Forcing endless battles is banned\n|rule|HP Percentage Mod: HP is shown in percentages\n|clearpoke\n|poke|p1|Empoleon, F|\n|poke|p1|Corviknight, F|\n|poke|p1|Garganacl, M|\n|poke|p1|Gastrodon-East, M|\n|poke|p1|Wo-Chien|\n|poke|p1|Clefable, F|\n|poke|p2|Alomomola, F|\n|poke|p2|Slowking-Galar, F|\n|poke|p2|Kingambit, F|\n|poke|p2|Great Tusk|\n|poke|p2|Cinderace, F|\n|poke|p2|Thundurus-Therian, M|\n|teampreview\n|\n|t:|1699876205\n|start\n|switch|p1a: Gastrodon|Gastrodon-East, M|100\/100\n|switch|p2a: Gweat Twusky|Great Tusk|100\/100\n|turn|1\n|\n|t:|1699876215\n|-end|p2a: Gweat Twusky|Protosynthesis|[silent]\n|switch|p2a: Swowking-Gawawr|Slowking-Galar, F|100\/100\n|move|p1a: Gastrodon|Ice Beam|p2a: Swowking-Gawawr\n|-damage|p2a: Swowking-Gawawr|88\/100\n|\n|upkeep\n|turn|2\n|\n|t:|1699876222\n|switch|p1a: Garganacl|Garganacl, M|100\/100\n|move|p2a: Swowking-Gawawr|Chilly Reception|p2a: Swowking-Gawawr\n|-weather|Snow\n|\n|t:|1699876233\n|switch|p2a: Awomomowa|Alomomola, F|100\/100|[from] Chilly Reception\n|\n|-weather|Snow|[upkeep]\n|upkeep\n|turn|3\n|\n|t:|1699876239\n|switch|p1a: Gastrodon|Gastrodon-East, M|100\/100\n|move|p2a: Awomomowa|Flip Turn|p1a: Gastrodon\n|-ability|p1a: Gastrodon|Storm Drain|boost\n|-boost|p1a: Gastrodon|spa|1\n|\n|-weather|Snow|[upkeep]\n|upkeep\n|turn|4\n|\n|t:|1699876248\n|move|p2a: Awomomowa|Wish|p2a: Awomomowa\n|move|p1a: Gastrodon|Ice Beam|p2a: Awomomowa\n|-resisted|p2a: Awomomowa\n|-damage|p2a: Awomomowa|87\/100\n|-enditem|p2a: Awomomowa|Red Card|[of] p1a: Gastrodon\n|drag|p1a: Clefable|Clefable, F|100\/100\n|\n|-weather|Snow|[upkeep]\n|upkeep\n|turn|5\n|\n|t:|1699876257\n|switch|p1a: Gastrodon|Gastrodon-East, M|100\/100\n|switch|p2a: Thunduwus-Thewian|Thundurus-Therian, M|100\/100\n|\n|-weather|Snow|[upkeep]\n|upkeep\n|turn|6\n|\n|t:|1699876266\n|move|p2a: Thunduwus-Thewian|Volt Switch|p1a: Gastrodon\n|-immune|p1a: Gastrodon\n|move|p1a: Gastrodon|Ice Beam|p2a: Thunduwus-Thewian\n|-supereffective|p2a: Thunduwus-Thewian\n|-damage|p2a: Thunduwus-Thewian|48\/100\n|\n|-weather|none\n|upkeep\n|turn|7\n|\n|t:|1699876274\n|switch|p2a: Swowking-Gawawr|Slowking-Galar, F|100\/100\n|move|p1a: Gastrodon|Ice Beam|p2a: Swowking-Gawawr\n|-damage|p2a: Swowking-Gawawr|89\/100\n|\n|upkeep\n|turn|8\n|\n|t:|1699876281\n|move|p1a: Gastrodon|Earth Power|p2a: Swowking-Gawawr\n|-supereffective|p2a: Swowking-Gawawr\n|-damage|p2a: Swowking-Gawawr|55\/100\n|move|p2a: Swowking-Gawawr|Chilly Reception|p2a: Swowking-Gawawr\n|-weather|Snow\n|\n|t:|1699876285\n|switch|p2a: Thunduwus-Thewian|Thundurus-Therian, M|48\/100|[from] Chilly Reception\n|\n|-weather|Snow|[upkeep]\n|upkeep\n|turn|9\n|\n|t:|1699876292\n|switch|p1a: Corviknight|Corviknight, F|100\/100\n|-ability|p1a: Corviknight|Pressure\n|move|p2a: Thunduwus-Thewian|Grass Knot|p1a: Corviknight\n|-resisted|p1a: Corviknight\n|-damage|p1a: Corviknight|89\/100\n|-damage|p2a: Thunduwus-Thewian|32\/100|[from] item: Rocky Helmet|[of] p1a: Corviknight\n|\n|-weather|Snow|[upkeep]\n|upkeep\n|turn|10\n|inactive|Battle timer is ON: inactive players will automatically lose when time's up. (requested by Bigsylveon)\n|\n|t:|1699876304\n|switch|p2a: Cindewace|Cinderace, F|100\/100\n|move|p1a: Corviknight|Brave Bird|p2a: Cindewace\n|-damage|p2a: Cindewace|49\/100\n|-damage|p1a: Corviknight|77\/100|[from] Recoil\n|\n|-weather|Snow|[upkeep]\n|upkeep\n|turn|11\n|\n|t:|1699876315\n|switch|p1a: Gastrodon|Gastrodon-East, M|100\/100\n|move|p2a: Cindewace|Pyro Ball|p1a: Gastrodon\n|-resisted|p1a: Gastrodon\n|-damage|p1a: Gastrodon|73\/100\n|\n|-weather|Snow|[upkeep]\n|-heal|p1a: Gastrodon|79\/100|[from] item: Leftovers\n|upkeep\n|turn|12\n|\n|t:|1699876324\n|move|p2a: Cindewace|U-turn|p1a: Gastrodon\n|-start|p2a: Cindewace|typechange|Bug|[from] ability: Libero\n|-damage|p1a: Gastrodon|45\/100\n|\n|t:|1699876331\n|switch|p2a: Gweat Twusky|Great Tusk|100\/100|[from] U-turn\n|move|p1a: Gastrodon|Earth Power|p2a: Gweat Twusky\n|-damage|p2a: Gweat Twusky|56\/100\n|-unboost|p2a: Gweat Twusky|spd|1\n|\n|-weather|none\n|-heal|p1a: Gastrodon|51\/100|[from] item: Leftovers\n|upkeep\n|turn|13\n|\n|t:|1699876342\n|-end|p2a: Gweat Twusky|Protosynthesis|[silent]\n|switch|p2a: Thunduwus-Thewian|Thundurus-Therian, M|32\/100\n|switch|p1a: Corviknight|Corviknight, F|77\/100\n|-ability|p1a: Corviknight|Pressure\n|\n|upkeep\n|turn|14\n|\n|t:|1699876353\n|switch|p1a: Wo-Chien|Wo-Chien|100\/100\n|-ability|p1a: Wo-Chien|Tablets of Ruin\n|move|p2a: Thunduwus-Thewian|Grass Knot|p1a: Wo-Chien\n|-resisted|p1a: Wo-Chien\n|-damage|p1a: Wo-Chien|84\/100\n|\n|-heal|p1a: Wo-Chien|90\/100|[from] item: Leftovers\n|upkeep\n|turn|15\n|\n|t:|1699876365\n|switch|p2a: Swowking-Gawawr|Slowking-Galar, F|89\/100\n|move|p1a: Wo-Chien|Knock Off|p2a: Swowking-Gawawr\n|-supereffective|p2a: Swowking-Gawawr\n|-damage|p2a: Swowking-Gawawr|25\/100\n|-enditem|p2a: Swowking-Gawawr|Heavy-Duty Boots|[from] move: Knock Off|[of] p1a: Wo-Chien\n|\n|-heal|p1a: Wo-Chien|96\/100|[from] item: Leftovers\n|upkeep\n|turn|16\n|\n|t:|1699876374\n|switch|p2a: Kwinguambit|Kingambit, F|100\/100\n|move|p1a: Wo-Chien|Knock Off|p2a: Kwinguambit\n|-resisted|p2a: Kwinguambit\n|-damage|p2a: Kwinguambit|89\/100\n|-enditem|p2a: Kwinguambit|Leftovers|[from] move: Knock Off|[of] p1a: Wo-Chien\n|\n|-heal|p1a: Wo-Chien|100\/100|[from] item: Leftovers\n|upkeep\n|turn|17\n|\n|t:|1699876384\n|move|p1a: Wo-Chien|Leech Seed|p2a: Kwinguambit\n|-start|p2a: Kwinguambit|move: Leech Seed\n|move|p2a: Kwinguambit|Iron Head|p1a: Wo-Chien\n|-crit|p1a: Wo-Chien\n|-damage|p1a: Wo-Chien|66\/100\n|\n|-heal|p1a: Wo-Chien|72\/100|[from] item: Leftovers\n|-damage|p2a: Kwinguambit|77\/100|[from] Leech Seed|[of] p1a: Wo-Chien\n|-heal|p1a: Wo-Chien|86\/100|[silent]\n|upkeep\n|turn|18\n|\n|t:|1699876393\n|-end|p2a: Kwinguambit|fallenundefined|[silent]\n|switch|p2a: Cindewace|Cinderace, F|49\/100\n|move|p1a: Wo-Chien|Leech Seed|p2a: Cindewace\n|-start|p2a: Cindewace|move: Leech Seed\n|\n|-heal|p1a: Wo-Chien|92\/100|[from] item: Leftovers\n|-damage|p2a: Cindewace|37\/100|[from] Leech Seed|[of] p1a: Wo-Chien\n|-heal|p1a: Wo-Chien|100\/100|[silent]\n|upkeep\n|turn|19\n|\n|t:|1699876402\n|move|p1a: Wo-Chien|Protect|p1a: Wo-Chien\n|-singleturn|p1a: Wo-Chien|Protect\n|move|p2a: Cindewace|U-turn|p1a: Wo-Chien\n|-start|p2a: Cindewace|typechange|Bug|[from] ability: Libero\n|-activate|p1a: Wo-Chien|move: Protect\n|\n|-damage|p2a: Cindewace|25\/100|[from] Leech Seed|[of] p1a: Wo-Chien\n|upkeep\n|turn|20\n|\n|t:|1699876411\n|move|p2a: Cindewace|U-turn|p1a: Wo-Chien\n|-supereffective|p1a: Wo-Chien\n|-damage|p1a: Wo-Chien|31\/100\n|\n|t:|1699876419\n|switch|p2a: Swowking-Gawawr|Slowking-Galar, F|59\/100|[from] U-turn\n|move|p1a: Wo-Chien|Leech Seed|p2a: Swowking-Gawawr\n|-start|p2a: Swowking-Gawawr|move: Leech Seed\n|\n|-heal|p1a: Wo-Chien|38\/100|[from] item: Leftovers\n|-damage|p2a: Swowking-Gawawr|46\/100|[from] Leech Seed|[of] p1a: Wo-Chien\n|-heal|p1a: Wo-Chien|51\/100|[silent]\n|upkeep\n|turn|21\n|\n|t:|1699876428\n|switch|p2a: Awomomowa|Alomomola, F|100\/100\n|move|p1a: Wo-Chien|Knock Off|p2a: Awomomowa\n|-damage|p2a: Awomomowa|88\/100\n|\n|-heal|p1a: Wo-Chien|57\/100|[from] item: Leftovers\n|upkeep\n|turn|22\n|\n|t:|1699876436\n|move|p1a: Wo-Chien|Giga Drain|p2a: Awomomowa\n|-supereffective|p2a: Awomomowa\n|-damage|p2a: Awomomowa|43\/100\n|-heal|p1a: Wo-Chien|85\/100|[from] drain|[of] p2a: Awomomowa\n|move|p2a: Awomomowa|Flip Turn|p1a: Wo-Chien\n|-resisted|p1a: Wo-Chien\n|-damage|p1a: Wo-Chien|81\/100\n|\n|t:|1699876440\n|switch|p2a: Thunduwus-Thewian|Thundurus-Therian, M|32\/100|[from] Flip Turn\n|\n|-heal|p1a: Wo-Chien|87\/100|[from] item: Leftovers\n|upkeep\n|turn|23\n|\n|t:|1699876449\n|-terastallize|p2a: Thunduwus-Thewian|Flying\n|move|p1a: Wo-Chien|Protect|p1a: Wo-Chien\n|-singleturn|p1a: Wo-Chien|Protect\n|move|p2a: Thunduwus-Thewian|Tera Blast|p1a: Wo-Chien|[anim] Tera Blast Flying\n|-activate|p1a: Wo-Chien|move: Protect\n|\n|-heal|p1a: Wo-Chien|93\/100|[from] item: Leftovers\n|upkeep\n|turn|24\n|l|\u2606Bigsylveon\n|inactive|Bigsylveon disconnected and has a minute to reconnect!\n|player|p2|\n|j|\u2606Bigsylveon\n|inactive|Bigsylveon reconnected and has 120 seconds left.\n|player|p2|Bigsylveon|acetrainerf\n|\n|t:|1699876485\n|switch|p1a: Empoleon|Empoleon, F|100\/100\n|move|p2a: Thunduwus-Thewian|Tera Blast|p1a: Empoleon|[anim] Tera Blast Flying\n|-resisted|p1a: Empoleon\n|-damage|p1a: Empoleon|67\/100\n|\n|-heal|p1a: Empoleon|73\/100|[from] item: Leftovers\n|upkeep\n|turn|25\n|inactive|Bigsylveon has 120 seconds left.\n|\n|t:|1699876497\n|switch|p2a: Awomomowa|Alomomola, F|77\/100\n|move|p1a: Empoleon|Stealth Rock|p2a: Awomomowa\n|-sidestart|p2: Bigsylveon|move: Stealth Rock\n|\n|-heal|p1a: Empoleon|80\/100|[from] item: Leftovers\n|upkeep\n|turn|26\n|\n|t:|1699876505\n|switch|p1a: Wo-Chien|Wo-Chien|93\/100\n|-ability|p1a: Wo-Chien|Tablets of Ruin\n|move|p2a: Awomomowa|Wish|p2a: Awomomowa\n|\n|-heal|p1a: Wo-Chien|99\/100|[from] item: Leftovers\n|upkeep\n|turn|27\n|\n|t:|1699876514\n|move|p1a: Wo-Chien|Protect|p1a: Wo-Chien\n|-singleturn|p1a: Wo-Chien|Protect\n|move|p2a: Awomomowa|Flip Turn|p1a: Wo-Chien\n|-activate|p1a: Wo-Chien|move: Protect\n|\n|-heal|p2a: Awomomowa|100\/100|[from] move: Wish|[wisher] Awomomowa\n|-heal|p1a: Wo-Chien|100\/100|[from] item: Leftovers\n|upkeep\n|turn|28\n|\n|t:|1699876524\n|move|p1a: Wo-Chien|Giga Drain|p2a: Awomomowa\n|-supereffective|p2a: Awomomowa\n|-crit|p2a: Awomomowa\n|-damage|p2a: Awomomowa|32\/100\n|move|p2a: Awomomowa|Wish|p2a: Awomomowa\n|\n|upkeep\n|turn|29\n|\n|t:|1699876537\n|move|p1a: Wo-Chien|Knock Off|p2a: Awomomowa\n|-damage|p2a: Awomomowa|20\/100\n|move|p2a: Awomomowa|Flip Turn|p1a: Wo-Chien\n|-resisted|p1a: Wo-Chien\n|-damage|p1a: Wo-Chien|96\/100\n|\n|t:|1699876545\n|switch|p2a: Cindewace|Cinderace, F|25\/100|[from] Flip Turn\n|\n|-heal|p2a: Cindewace|100\/100|[from] move: Wish|[wisher] Awomomowa\n|-heal|p1a: Wo-Chien|100\/100|[from] item: Leftovers\n|upkeep\n|turn|30\n|\n|t:|1699876554\n|move|p2a: Cindewace|Will-O-Wisp|p1a: Wo-Chien|[miss]\n|-miss|p2a: Cindewace|p1a: Wo-Chien\n|move|p1a: Wo-Chien|Knock Off|p2a: Cindewace\n|-damage|p2a: Cindewace|58\/100\n|-enditem|p2a: Cindewace|Heavy-Duty Boots|[from] move: Knock Off|[of] p1a: Wo-Chien\n|\n|upkeep\n|turn|31\n|n|!Bigsylveon|bigsylveon\n|\n|t:|1699876562\n|switch|p1a: Garganacl|Garganacl, M|100\/100\n|move|p2a: Cindewace|Will-O-Wisp|p1a: Garganacl\n|-immune|p1a: Garganacl|[from] ability: Purifying Salt\n|\n|upkeep\n|turn|32\n|-message|Bigsylveon forfeited.\n|\n|win|Gerryop\n|raw|Gerryop's rating: 1315 &rarr; <strong>1337<\/strong><br \/>(+22 for winning)\n|raw|Bigsylveon's rating: 1352 &rarr; <strong>1330<\/strong><br \/>(-22 for losing)\n","uploadtime":1699876561,"views":6,"p1id":"gerryop","p2id":"bigsylveon","formatid":"gen9ou","rating":1330,"private":0,"password":""}