{"id":"gen9ou-1990472861","p1":"DivineGabriel","p2":"hiquehique","format":"[Gen 9] OU","log":"|j|\u2606DivineGabriel\n|j|\u2606hiquehique\n|t:|1699974190\n|gametype|singles\n|player|p1|DivineGabriel|rye|1945\n|player|p2|hiquehique|170|1777\n|teamsize|p1|6\n|teamsize|p2|6\n|gen|9\n|tier|[Gen 9] OU\n|rated|\n|rule|Sleep Clause Mod: Limit one foe put to sleep\n|rule|Species Clause: Limit one of each Pok\u00e9mon\n|rule|OHKO Clause: OHKO moves are banned\n|rule|Evasion Items Clause: Evasion items are banned\n|rule|Evasion Moves Clause: Evasion moves are banned\n|rule|Endless Battle Clause: Forcing endless battles is banned\n|rule|HP Percentage Mod: HP is shown in percentages\n|clearpoke\n|poke|p1|Typhlosion-Hisui, M|\n|poke|p1|Ting-Lu|\n|poke|p1|Torkoal, F|\n|poke|p1|Walking Wake|\n|poke|p1|Hatterene, F|\n|poke|p1|Meowscarada, F|\n|poke|p2|Great Tusk|\n|poke|p2|Cinderace, M|\n|poke|p2|Dondozo, M|\n|poke|p2|Mandibuzz, F|\n|poke|p2|Heatran, M|\n|poke|p2|Dragapult, M|\n|teampreview\n|\n|t:|1699974205\n|start\n|switch|p1a: Torkoal|Torkoal, F|100\/100\n|switch|p2a: Great Tusk|Great Tusk|100\/100\n|-weather|SunnyDay|[from] ability: Drought|[of] p1a: Torkoal\n|-activate|p2a: Great Tusk|ability: Protosynthesis\n|-start|p2a: Great Tusk|protosynthesisatk\n|turn|1\n|j| pikmin > pkmn\n|\n|t:|1699974217\n|switch|p1a: Hatterene|Hatterene, F|100\/100\n|move|p2a: Great Tusk|Headlong Rush|p1a: Hatterene\n|-damage|p1a: Hatterene|0 fnt\n|-unboost|p2a: Great Tusk|def|1\n|-unboost|p2a: Great Tusk|spd|1\n|faint|p1a: Hatterene\n|\n|-weather|SunnyDay|[upkeep]\n|upkeep\n|\n|t:|1699974220\n|switch|p1a: Walking Wake|Walking Wake|100\/100\n|-activate|p1a: Walking Wake|ability: Protosynthesis\n|-start|p1a: Walking Wake|protosynthesisspe\n|turn|2\n|\n|t:|1699974228\n|-end|p2a: Great Tusk|Protosynthesis|[silent]\n|switch|p2a: Dondozo|Dondozo, M|100\/100\n|-terastallize|p1a: Walking Wake|Water\n|move|p1a: Walking Wake|Hydro Steam|p2a: Dondozo\n|-resisted|p2a: Dondozo\n|-crit|p2a: Dondozo\n|-damage|p2a: Dondozo|40\/100\n|\n|-weather|SunnyDay|[upkeep]\n|-heal|p2a: Dondozo|47\/100|[from] item: Leftovers\n|upkeep\n|turn|3\n|\n|t:|1699974247\n|move|p1a: Walking Wake|Hydro Steam|p2a: Dondozo\n|-resisted|p2a: Dondozo\n|-damage|p2a: Dondozo|8\/100\n|move|p2a: Dondozo|Rest|p2a: Dondozo\n|-status|p2a: Dondozo|slp|[from] move: Rest\n|-heal|p2a: Dondozo|100\/100 slp|[silent]\n|\n|-weather|SunnyDay|[upkeep]\n|upkeep\n|turn|4\n|\n|t:|1699974263\n|move|p1a: Walking Wake|Hydro Steam|p2a: Dondozo\n|-resisted|p2a: Dondozo\n|-damage|p2a: Dondozo|63\/100 slp\n|cant|p2a: Dondozo|slp\n|move|p2a: Dondozo|Sleep Talk|p2a: Dondozo\n|move|p2a: Dondozo|Liquidation|p1a: Walking Wake|[from]move: Sleep Talk\n|-resisted|p1a: Walking Wake\n|-damage|p1a: Walking Wake|93\/100\n|\n|-weather|SunnyDay|[upkeep]\n|-heal|p2a: Dondozo|69\/100 slp|[from] item: Leftovers\n|upkeep\n|turn|5\n|\n|t:|1699974266\n|move|p1a: Walking Wake|Hydro Steam|p2a: Dondozo\n|-resisted|p2a: Dondozo\n|-damage|p2a: Dondozo|34\/100 slp\n|cant|p2a: Dondozo|slp\n|move|p2a: Dondozo|Sleep Talk|p2a: Dondozo\n|move|p2a: Dondozo|Rest||[from]move: Sleep Talk|[still]\n|-fail|p2a: Dondozo\n|\n|-weather|SunnyDay|[upkeep]\n|-heal|p2a: Dondozo|40\/100 slp|[from] item: Leftovers\n|upkeep\n|turn|6\n|\n|t:|1699974268\n|move|p1a: Walking Wake|Hydro Steam|p2a: Dondozo\n|-resisted|p2a: Dondozo\n|-damage|p2a: Dondozo|0 fnt\n|faint|p2a: Dondozo\n|\n|-weather|SunnyDay|[upkeep]\n|upkeep\n|j| mew852\n|\n|t:|1699974279\n|switch|p2a: Heatran|Heatran, M|100\/100\n|turn|7\n|\n|t:|1699974282\n|-terastallize|p2a: Heatran|Grass\n|move|p1a: Walking Wake|Hydro Steam|p2a: Heatran\n|-resisted|p2a: Heatran\n|-damage|p2a: Heatran|65\/100\n|move|p2a: Heatran|Magma Storm|p1a: Walking Wake|[miss]\n|-miss|p2a: Heatran|p1a: Walking Wake\n|\n|-weather|SunnyDay|[upkeep]\n|-heal|p2a: Heatran|71\/100|[from] item: Leftovers\n|upkeep\n|turn|8\n|l| pikmin > pkmn\n|\n|t:|1699974289\n|-end|p1a: Walking Wake|Protosynthesis|[silent]\n|switch|p1a: Ting-Lu|Ting-Lu|100\/100\n|-ability|p1a: Ting-Lu|Vessel of Ruin\n|move|p2a: Heatran|Magma Storm|p1a: Ting-Lu|[miss]\n|-miss|p2a: Heatran|p1a: Ting-Lu\n|\n|-weather|none\n|-heal|p2a: Heatran|78\/100|[from] item: Leftovers\n|upkeep\n|turn|9\n|\n|t:|1699974296\n|move|p2a: Heatran|Magma Storm|p1a: Ting-Lu\n|-damage|p1a: Ting-Lu|84\/100\n|-activate|p1a: Ting-Lu|move: Magma Storm|[of] p2a: Heatran\n|move|p1a: Ting-Lu|Ruination|p2a: Heatran\n|-damage|p2a: Heatran|39\/100\n|\n|-heal|p2a: Heatran|45\/100|[from] item: Leftovers\n|-heal|p1a: Ting-Lu|90\/100|[from] item: Leftovers\n|-damage|p1a: Ting-Lu|78\/100|[from] move: Magma Storm|[partiallytrapped]\n|upkeep\n|turn|10\n|\n|t:|1699974301\n|move|p2a: Heatran|Taunt|p1a: Ting-Lu\n|-start|p1a: Ting-Lu|move: Taunt\n|move|p1a: Ting-Lu|Ruination|p2a: Heatran\n|-damage|p2a: Heatran|23\/100\n|\n|-heal|p2a: Heatran|29\/100|[from] item: Leftovers\n|-heal|p1a: Ting-Lu|84\/100|[from] item: Leftovers\n|-damage|p1a: Ting-Lu|72\/100|[from] move: Magma Storm|[partiallytrapped]\n|upkeep\n|turn|11\n|\n|t:|1699974307\n|switch|p2a: Great Tusk|Great Tusk|100\/100\n|move|p1a: Ting-Lu|Ruination|p2a: Great Tusk\n|-damage|p2a: Great Tusk|51\/100\n|\n|-heal|p1a: Ting-Lu|78\/100|[from] item: Leftovers\n|-end|p1a: Ting-Lu|Magma Storm|[partiallytrapped]|[silent]\n|upkeep\n|turn|12\n|j| Van Pyro\n|\n|t:|1699974321\n|switch|p1a: Torkoal|Torkoal, F|100\/100\n|-weather|SunnyDay|[from] ability: Drought|[of] p1a: Torkoal\n|-activate|p2a: Great Tusk|ability: Protosynthesis\n|-start|p2a: Great Tusk|protosynthesisatk\n|move|p2a: Great Tusk|Headlong Rush|p1a: Torkoal\n|-supereffective|p1a: Torkoal\n|-damage|p1a: Torkoal|0 fnt\n|-unboost|p2a: Great Tusk|def|1\n|-unboost|p2a: Great Tusk|spd|1\n|faint|p1a: Torkoal\n|\n|-weather|SunnyDay|[upkeep]\n|upkeep\n|\n|t:|1699974323\n|switch|p1a: Walking Wake|Walking Wake, tera:Water|93\/100\n|-activate|p1a: Walking Wake|ability: Protosynthesis\n|-start|p1a: Walking Wake|protosynthesisspe\n|turn|13\n|\n|t:|1699974345\n|move|p1a: Walking Wake|Hydro Steam|p2a: Great Tusk\n|-supereffective|p2a: Great Tusk\n|-damage|p2a: Great Tusk|0 fnt\n|faint|p2a: Great Tusk\n|-end|p2a: Great Tusk|Protosynthesis|[silent]\n|\n|-weather|SunnyDay|[upkeep]\n|upkeep\n|j| MikeFlem12326171\n|\n|t:|1699974349\n|switch|p2a: Heatran|Heatran, M, tera:Grass|29\/100\n|turn|14\n|l|\u2606hiquehique\n|player|p2|\n|\n|t:|1699974372\n|move|p2a: Heatran|Protect|p2a: Heatran\n|-singleturn|p2a: Heatran|Protect\n|move|p1a: Walking Wake|Hydro Steam|p2a: Heatran\n|-activate|p2a: Heatran|move: Protect\n|\n|-weather|SunnyDay|[upkeep]\n|-heal|p2a: Heatran|35\/100|[from] item: Leftovers\n|upkeep\n|turn|15\n|inactive|Battle timer is ON: inactive players will automatically lose when time's up. (requested by DivineGabriel)\n|j|\u2606hiquehique\n|inactive|hiquehique reconnected and has 135 seconds left.\n|player|p2|hiquehique|170\n|\n|t:|1699974428\n|move|p1a: Walking Wake|Hydro Steam|p2a: Heatran\n|-resisted|p2a: Heatran\n|-damage|p2a: Heatran|0 fnt\n|faint|p2a: Heatran\n|\n|-weather|SunnyDay|[upkeep]\n|upkeep\n|\n|t:|1699974435\n|switch|p2a: Dragapult|Dragapult, M|100\/100\n|turn|16\n|\n|t:|1699974439\n|move|p1a: Walking Wake|Hydro Steam|p2a: Dragapult\n|-resisted|p2a: Dragapult\n|-damage|p2a: Dragapult|21\/100\n|move|p2a: Dragapult|Draco Meteor|p1a: Walking Wake\n|-damage|p1a: Walking Wake|0 fnt\n|-unboost|p2a: Dragapult|spa|2\n|faint|p1a: Walking Wake\n|-end|p1a: Walking Wake|Protosynthesis|[silent]\n|\n|-weather|SunnyDay|[upkeep]\n|upkeep\n|\n|t:|1699974451\n|switch|p1a: Meowscarada|Meowscarada, F|100\/100\n|turn|17\n|\n|t:|1699974460\n|switch|p2a: Mandibuzz|Mandibuzz, F|100\/100\n|move|p1a: Meowscarada|U-turn|p2a: Mandibuzz\n|-start|p1a: Meowscarada|typechange|Bug|[from] ability: Protean\n|-damage|p2a: Mandibuzz|83\/100\n|\n|t:|1699974463\n|switch|p1a: Typhlosion|Typhlosion-Hisui, M|100\/100|[from] U-turn\n|\n|-weather|SunnyDay|[upkeep]\n|upkeep\n|turn|18\n|\n|t:|1699974484\n|move|p1a: Typhlosion|Eruption|p2a: Mandibuzz\n|-damage|p2a: Mandibuzz|0 fnt\n|faint|p2a: Mandibuzz\n|\n|-weather|SunnyDay|[upkeep]\n|upkeep\n|\n|t:|1699974486\n|switch|p2a: Cinderace|Cinderace, M|100\/100\n|turn|19\n|\n|t:|1699974511\n|move|p2a: Cinderace|U-turn|p1a: Typhlosion\n|-start|p2a: Cinderace|typechange|Bug|[from] ability: Libero\n|-resisted|p1a: Typhlosion\n|-damage|p1a: Typhlosion|88\/100\n|\n|t:|1699974519\n|switch|p2a: Dragapult|Dragapult, M|21\/100|[from] U-turn\n|move|p1a: Typhlosion|Eruption|p2a: Dragapult\n|-resisted|p2a: Dragapult\n|-damage|p2a: Dragapult|0 fnt\n|faint|p2a: Dragapult\n|\n|-weather|none\n|upkeep\n|\n|t:|1699974520\n|switch|p2a: Cinderace|Cinderace, M|100\/100\n|turn|20\n|\n|t:|1699974534\n|switch|p1a: Ting-Lu|Ting-Lu|78\/100\n|-ability|p1a: Ting-Lu|Vessel of Ruin\n|move|p2a: Cinderace|Sucker Punch||[still]\n|-fail|p2a: Cinderace\n|\n|-heal|p1a: Ting-Lu|84\/100|[from] item: Leftovers\n|upkeep\n|turn|21\n|\n|t:|1699974548\n|switch|p1a: Typhlosion|Typhlosion-Hisui, M|88\/100\n|move|p2a: Cinderace|U-turn|p1a: Typhlosion\n|-start|p2a: Cinderace|typechange|Bug|[from] ability: Libero\n|-resisted|p1a: Typhlosion\n|-damage|p1a: Typhlosion|75\/100\n|\n|upkeep\n|turn|22\n|\n|t:|1699974570\n|move|p2a: Cinderace|Sucker Punch||[still]\n|-fail|p2a: Cinderace\n|move|p1a: Typhlosion|Curse|p2a: Cinderace\n|-start|p2a: Cinderace|Curse|[of] p1a: Typhlosion\n|-damage|p1a: Typhlosion|25\/100\n|\n|-damage|p2a: Cinderace|76\/100|[from] Curse\n|upkeep\n|turn|23\n|l| Van Pyro\n|\n|t:|1699974580\n|switch|p1a: Ting-Lu|Ting-Lu|84\/100\n|-ability|p1a: Ting-Lu|Vessel of Ruin\n|move|p2a: Cinderace|Pyro Ball|p1a: Ting-Lu|[miss]\n|-miss|p2a: Cinderace|p1a: Ting-Lu\n|\n|-heal|p1a: Ting-Lu|90\/100|[from] item: Leftovers\n|-damage|p2a: Cinderace|51\/100|[from] Curse\n|upkeep\n|turn|24\n|\n|t:|1699974601\n|move|p2a: Cinderace|U-turn|p1a: Ting-Lu\n|-supereffective|p1a: Ting-Lu\n|-damage|p1a: Ting-Lu|53\/100\n|move|p1a: Ting-Lu|Ruination|p2a: Cinderace\n|-damage|p2a: Cinderace|26\/100\n|\n|-heal|p1a: Ting-Lu|59\/100|[from] item: Leftovers\n|-damage|p2a: Cinderace|1\/100|[from] Curse\n|upkeep\n|turn|25\n|l|\u2606hiquehique\n|inactive|hiquehique disconnected and has a minute to reconnect!\n|player|p2|\n|inactive|hiquehique has 30 seconds to reconnect!\n|j| Tusclomb\n|inactive|hiquehique has 20 seconds to reconnect!\n|j| yuyuzh\n|inactive|hiquehique has 15 seconds to reconnect!\n|inactive|hiquehique has 10 seconds to reconnect!\n|inactive|hiquehique has 5 seconds to reconnect!\n|-message|hiquehique lost due to inactivity.\n|\n|win|DivineGabriel\n|raw|DivineGabriel's rating: 1899 &rarr; <strong>1912<\/strong><br \/>(+13 for winning)\n|raw|hiquehique's rating: 1777 &rarr; <strong>1764<\/strong><br \/>(-13 for losing)\n|l|\u2606DivineGabriel\n|l| yuyuzh\n|l|tusclomb\n","uploadtime":1699974761,"views":9,"p1id":"divinegabriel","p2id":"hiquehique","formatid":"gen9ou","rating":1764,"private":0,"password":""}