{"id":"gen9ou-1997463691","p1":"whatthefoxxx","p2":"Skaraptor2.1","format":"[Gen 9] OU","log":"|j|\u2606whatthefoxxx\n|j|\u2606Skaraptor2.1\n|t:|1700809812\n|gametype|singles\n|player|p1|whatthefoxxx|volkner|1479\n|player|p2|Skaraptor2.1|bodybuilderf-gen9|1405\n|teamsize|p1|6\n|teamsize|p2|6\n|gen|9\n|tier|[Gen 9] OU\n|rated|\n|rule|Sleep Clause Mod: Limit one foe put to sleep\n|rule|Species Clause: Limit one of each Pok\u00e9mon\n|rule|OHKO Clause: OHKO moves are banned\n|rule|Evasion Items Clause: Evasion items are banned\n|rule|Evasion Moves Clause: Evasion moves are banned\n|rule|Endless Battle Clause: Forcing endless battles is banned\n|rule|HP Percentage Mod: HP is shown in percentages\n|clearpoke\n|poke|p1|Dragonite, M|\n|poke|p1|Landorus-Therian, M|\n|poke|p1|Iron Valiant|\n|poke|p1|Ceruledge, F|\n|poke|p1|Ninetales-Alola, M|\n|poke|p1|Cinderace, F|\n|poke|p2|Ribombee, M|\n|poke|p2|Ogerpon-Wellspring, F|\n|poke|p2|Great Tusk|\n|poke|p2|Zamazenta-*|\n|poke|p2|Iron Valiant|\n|poke|p2|Kingambit, F|\n|teampreview\n|inactive|Battle timer is ON: inactive players will automatically lose when time's up. (requested by Skaraptor2.1)\n|\n|t:|1700809818\n|start\n|switch|p1a: Laurent|Cinderace, F|100\/100\n|switch|p2a: Transfem|Ogerpon-Wellspring, F|100\/100\n|turn|1\n|\n|t:|1700809826\n|move|p1a: Laurent|U-turn|p2a: Transfem\n|-start|p1a: Laurent|typechange|Bug|[from] ability: Libero\n|-supereffective|p2a: Transfem\n|-damage|p2a: Transfem|11\/100\n|\n|t:|1700809831\n|switch|p1a: Sabine|Ninetales-Alola, M|100\/100|[from] U-turn\n|-weather|Snow|[from] ability: Snow Warning|[of] p1a: Sabine\n|move|p2a: Transfem|Knock Off|p1a: Sabine\n|-resisted|p1a: Sabine\n|-damage|p1a: Sabine|82\/100\n|-enditem|p1a: Sabine|Light Clay|[from] move: Knock Off|[of] p2a: Transfem\n|\n|-weather|Snow|[upkeep]\n|upkeep\n|turn|2\n|\n|t:|1700809842\n|move|p2a: Transfem|Ivy Cudgel|p1a: Sabine|[anim] Ivy Cudgel Water\n|-crit|p1a: Sabine\n|-damage|p1a: Sabine|0 fnt\n|faint|p1a: Sabine\n|\n|-weather|Snow|[upkeep]\n|upkeep\n|\n|t:|1700809852\n|switch|p1a: Esteban|Ceruledge, F|100\/100\n|turn|3\n|\n|t:|1700809861\n|move|p2a: Transfem|Knock Off|p1a: Esteban\n|-supereffective|p1a: Esteban\n|-enditem|p1a: Esteban|Focus Sash\n|-damage|p1a: Esteban|1\/100\n|-ability|p1a: Esteban|Weak Armor|boost\n|-unboost|p1a: Esteban|def|1\n|-boost|p1a: Esteban|spe|2\n|move|p1a: Esteban|Swords Dance|p1a: Esteban\n|-boost|p1a: Esteban|atk|2\n|\n|-weather|Snow|[upkeep]\n|upkeep\n|turn|4\n|\n|t:|1700809874\n|move|p1a: Esteban|Shadow Sneak|p2a: Transfem\n|-damage|p2a: Transfem|0 fnt\n|faint|p2a: Transfem\n|\n|-weather|Snow|[upkeep]\n|upkeep\n|\n|t:|1700809877\n|switch|p2a: Twink|Ribombee, M|100\/100\n|turn|5\n|\n|t:|1700809888\n|move|p1a: Esteban|Bitter Blade|p2a: Twink\n|-supereffective|p2a: Twink\n|-enditem|p2a: Twink|Focus Sash\n|-damage|p2a: Twink|1\/100\n|-heal|p1a: Esteban|56\/100|[from] drain|[of] p2a: Twink\n|move|p2a: Twink|Moonblast|p1a: Esteban\n|-resisted|p1a: Esteban\n|-damage|p1a: Esteban|38\/100\n|\n|-weather|none\n|upkeep\n|turn|6\n|\n|t:|1700809900\n|move|p1a: Esteban|Shadow Sneak|p2a: Twink\n|-damage|p2a: Twink|0 fnt\n|faint|p2a: Twink\n|\n|upkeep\n|\n|t:|1700809902\n|switch|p2a: Bigender|Iron Valiant|100\/100\n|-enditem|p2a: Bigender|Booster Energy\n|-activate|p2a: Bigender|ability: Quark Drive|[fromitem]\n|-start|p2a: Bigender|quarkdrivespe\n|turn|7\n|\n|t:|1700809910\n|move|p1a: Esteban|Poison Jab|p2a: Bigender\n|-supereffective|p2a: Bigender\n|-damage|p2a: Bigender|0 fnt\n|faint|p2a: Bigender\n|-end|p2a: Bigender|Quark Drive|[silent]\n|\n|upkeep\n|\n|t:|1700809914\n|switch|p2a: Defender of Trans|Zamazenta, shiny|100\/100\n|-ability|p2a: Defender of Trans|Dauntless Shield|boost\n|-boost|p2a: Defender of Trans|def|1\n|turn|8\n|\n|t:|1700809921\n|-terastallize|p2a: Defender of Trans|Fire\n|move|p1a: Esteban|Bitter Blade|p2a: Defender of Trans\n|-resisted|p2a: Defender of Trans\n|-damage|p2a: Defender of Trans|80\/100\n|-heal|p1a: Esteban|52\/100|[from] drain|[of] p2a: Defender of Trans\n|move|p2a: Defender of Trans|Iron Defense|p2a: Defender of Trans\n|-boost|p2a: Defender of Trans|def|2\n|\n|-heal|p2a: Defender of Trans|86\/100|[from] item: Leftovers\n|upkeep\n|turn|9\n|\n|t:|1700809934\n|move|p1a: Esteban|Poison Jab|p2a: Defender of Trans\n|-damage|p2a: Defender of Trans|70\/100\n|move|p2a: Defender of Trans|Crunch|p1a: Esteban\n|-supereffective|p1a: Esteban\n|-damage|p1a: Esteban|0 fnt\n|faint|p1a: Esteban\n|\n|-heal|p2a: Defender of Trans|77\/100|[from] item: Leftovers\n|upkeep\n|\n|t:|1700809947\n|switch|p1a: Dwayne|Dragonite, M|100\/100\n|turn|10\n|\n|t:|1700809957\n|move|p2a: Defender of Trans|Iron Defense|p2a: Defender of Trans\n|-boost|p2a: Defender of Trans|def|2\n|move|p1a: Dwayne|Earthquake|p2a: Defender of Trans\n|-supereffective|p2a: Defender of Trans\n|-damage|p2a: Defender of Trans|61\/100\n|\n|-heal|p2a: Defender of Trans|67\/100|[from] item: Leftovers\n|upkeep\n|turn|11\n|\n|t:|1700809966\n|move|p2a: Defender of Trans|Body Press|p1a: Dwayne\n|-resisted|p1a: Dwayne\n|-damage|p1a: Dwayne|65\/100\n|move|p1a: Dwayne|Dragon Dance|p1a: Dwayne\n|-boost|p1a: Dwayne|atk|1\n|-boost|p1a: Dwayne|spe|1\n|\n|-heal|p2a: Defender of Trans|73\/100|[from] item: Leftovers\n|upkeep\n|turn|12\n|\n|t:|1700809977\n|move|p1a: Dwayne|Earthquake|p2a: Defender of Trans\n|-supereffective|p2a: Defender of Trans\n|-damage|p2a: Defender of Trans|50\/100\n|move|p2a: Defender of Trans|Body Press|p1a: Dwayne\n|-resisted|p1a: Dwayne\n|-crit|p1a: Dwayne\n|-damage|p1a: Dwayne|0 fnt\n|faint|p1a: Dwayne\n|\n|-heal|p2a: Defender of Trans|56\/100|[from] item: Leftovers\n|upkeep\n|\n|t:|1700809988\n|switch|p1a: Gerard|Landorus-Therian, M|100\/100\n|-ability|p1a: Gerard|Intimidate|boost\n|-unboost|p2a: Defender of Trans|atk|1\n|turn|13\n|\n|t:|1700809996\n|move|p2a: Defender of Trans|Body Press|p1a: Gerard\n|-resisted|p1a: Gerard\n|-damage|p1a: Gerard|26\/100\n|-damage|p2a: Defender of Trans|40\/100|[from] item: Rocky Helmet|[of] p1a: Gerard\n|move|p1a: Gerard|Earthquake|p2a: Defender of Trans\n|-supereffective|p2a: Defender of Trans\n|-damage|p2a: Defender of Trans|19\/100\n|\n|-heal|p2a: Defender of Trans|25\/100|[from] item: Leftovers\n|upkeep\n|turn|14\n|\n|t:|1700810013\n|move|p2a: Defender of Trans|Body Press|p1a: Gerard\n|-resisted|p1a: Gerard\n|-damage|p1a: Gerard|0 fnt\n|-damage|p2a: Defender of Trans|9\/100|[from] item: Rocky Helmet|[of] p1a: Gerard\n|faint|p1a: Gerard\n|\n|-heal|p2a: Defender of Trans|15\/100|[from] item: Leftovers\n|upkeep\n|\n|t:|1700810021\n|switch|p1a: Jacqueline|Iron Valiant|100\/100\n|-enditem|p1a: Jacqueline|Booster Energy\n|-activate|p1a: Jacqueline|ability: Quark Drive|[fromitem]\n|-start|p1a: Jacqueline|quarkdrivespe\n|turn|15\n|\n|t:|1700810027\n|move|p1a: Jacqueline|Thunderbolt|p2a: Defender of Trans\n|-damage|p2a: Defender of Trans|0 fnt\n|faint|p2a: Defender of Trans\n|\n|upkeep\n|\n|t:|1700810032\n|switch|p2a: Raging Queer|Great Tusk|100\/100\n|turn|16\n|\n|t:|1700810036\n|move|p1a: Jacqueline|Moonblast|p2a: Raging Queer\n|-supereffective|p2a: Raging Queer\n|-damage|p2a: Raging Queer|0 fnt\n|faint|p2a: Raging Queer\n|-end|p2a: Raging Queer|Protosynthesis|[silent]\n|\n|upkeep\n|\n|t:|1700810039\n|switch|p2a: Queengambit|Kingambit, F|100\/100\n|-activate|p2a: Queengambit|ability: Supreme Overlord\n|-start|p2a: Queengambit|fallen5|[silent]\n|turn|17\n|\n|t:|1700810047\n|move|p1a: Jacqueline|Moonblast|p2a: Queengambit\n|-damage|p2a: Queengambit|58\/100\n|move|p2a: Queengambit|Iron Head|p1a: Jacqueline\n|-supereffective|p1a: Jacqueline\n|-damage|p1a: Jacqueline|0 fnt\n|faint|p1a: Jacqueline\n|-end|p1a: Jacqueline|Quark Drive|[silent]\n|\n|-heal|p2a: Queengambit|64\/100|[from] item: Leftovers\n|upkeep\n|\n|t:|1700810057\n|switch|p1a: Laurent|Cinderace, F|100\/100\n|turn|18\n|\n|t:|1700810062\n|move|p1a: Laurent|High Jump Kick|p2a: Queengambit\n|-start|p1a: Laurent|typechange|Fighting|[from] ability: Libero\n|-supereffective|p2a: Queengambit\n|-damage|p2a: Queengambit|0 fnt\n|faint|p2a: Queengambit\n|-end|p2a: Queengambit|fallen5|[silent]\n|\n|win|whatthefoxxx\n|raw|whatthefoxxx's rating: 1479 &rarr; <strong>1495<\/strong><br \/>(+16 for winning)\n|raw|Skaraptor2.1's rating: 1405 &rarr; <strong>1389<\/strong><br \/>(-16 for losing)\n","uploadtime":1700810066,"views":2,"p1id":"whatthefoxxx","p2id":"skaraptor21","formatid":"gen9ou","rating":1389,"private":0,"password":""}