{"id":"gen9ou-1990961899","p1":"thundergoddd","p2":"MAF1001","format":"[Gen 9] OU","log":"|j|\u2606thundergoddd\n|j|\u2606MAF1001\n|t:|1700020268\n|gametype|singles\n|player|p1|thundergoddd|clair|1044\n|player|p2|MAF1001|unknown|1020\n|teamsize|p1|6\n|teamsize|p2|6\n|gen|9\n|tier|[Gen 9] OU\n|rated|\n|rule|Sleep Clause Mod: Limit one foe put to sleep\n|rule|Species Clause: Limit one of each Pok\u00e9mon\n|rule|OHKO Clause: OHKO moves are banned\n|rule|Evasion Items Clause: Evasion items are banned\n|rule|Evasion Moves Clause: Evasion moves are banned\n|rule|Endless Battle Clause: Forcing endless battles is banned\n|rule|HP Percentage Mod: HP is shown in percentages\n|clearpoke\n|poke|p1|Sneasler, M|\n|poke|p1|Glastrier|\n|poke|p1|Cresselia, F|\n|poke|p1|Ursaluna, M|\n|poke|p1|Empoleon, F|\n|poke|p1|Dusknoir, M|\n|poke|p2|Grafaiai, M|\n|poke|p2|Mudsdale, M|\n|poke|p2|Brute Bonnet|\n|poke|p2|Hatterene, F|\n|poke|p2|Quaquaval, M|\n|poke|p2|Rotom-Heat|\n|teampreview\n|\n|t:|1700020275\n|start\n|switch|p1a: Dusknoir|Dusknoir, M|100\/100\n|switch|p2a: Rotom|Rotom-Heat|100\/100\n|-item|p2a: Rotom|Eject Pack|[from] ability: Frisk|[of] p1a: Dusknoir|[identify]\n|turn|1\n|\n|t:|1700020288\n|move|p2a: Rotom|Will-O-Wisp|p1a: Dusknoir\n|-status|p1a: Dusknoir|brn\n|move|p1a: Dusknoir|Trick Room|p1a: Dusknoir\n|-fieldstart|move: Trick Room|[of] p1a: Dusknoir\n|\n|-damage|p1a: Dusknoir|94\/100 brn|[from] brn\n|upkeep\n|turn|2\n|\n|t:|1700020298\n|move|p1a: Dusknoir|Taunt|p2a: Rotom\n|-start|p2a: Rotom|move: Taunt\n|move|p2a: Rotom|Overheat|p1a: Dusknoir\n|-damage|p1a: Dusknoir|40\/100 brn\n|-unboost|p2a: Rotom|spa|2\n|-enditem|p2a: Rotom|Eject Pack\n|\n|t:|1700020306\n|switch|p2a: Hatterene|Hatterene, F|100\/100\n|\n|-heal|p1a: Dusknoir|46\/100 brn|[from] item: Leftovers\n|-damage|p1a: Dusknoir|40\/100 brn|[from] brn\n|upkeep\n|turn|3\n|\n|t:|1700020314\n|move|p2a: Hatterene|Psychic|p1a: Dusknoir\n|-damage|p1a: Dusknoir|0 fnt\n|faint|p1a: Dusknoir\n|\n|upkeep\n|\n|t:|1700020324\n|switch|p1a: Glastrier|Glastrier|100\/100\n|turn|4\n|\n|t:|1700020328\n|move|p2a: Hatterene|Mystical Fire|p1a: Glastrier\n|-supereffective|p1a: Glastrier\n|-damage|p1a: Glastrier|53\/100\n|-unboost|p1a: Glastrier|spa|1\n|move|p1a: Glastrier|Heavy Slam|p2a: Hatterene\n|-supereffective|p2a: Hatterene\n|-damage|p2a: Hatterene|0 fnt\n|faint|p2a: Hatterene\n|-ability|p1a: Glastrier|Chilling Neigh|boost\n|-boost|p1a: Glastrier|atk|1\n|\n|upkeep\n|\n|t:|1700020341\n|switch|p2a: Mudsdale|Mudsdale, M|100\/100\n|turn|5\n|\n|t:|1700020346\n|move|p1a: Glastrier|Icicle Crash|p2a: Mudsdale\n|-supereffective|p2a: Mudsdale\n|-damage|p2a: Mudsdale|0 fnt\n|faint|p2a: Mudsdale\n|-ability|p1a: Glastrier|Chilling Neigh|boost\n|-boost|p1a: Glastrier|atk|1\n|\n|-fieldend|move: Trick Room\n|upkeep\n|\n|t:|1700020358\n|switch|p2a: Grafaiai|Grafaiai, M|100\/100\n|turn|6\n|\n|t:|1700020368\n|move|p2a: Grafaiai|Substitute|p2a: Grafaiai\n|-start|p2a: Grafaiai|Substitute\n|-damage|p2a: Grafaiai|76\/100\n|move|p1a: Glastrier|Close Combat|p2a: Grafaiai\n|-end|p2a: Grafaiai|Substitute\n|-unboost|p1a: Glastrier|def|1\n|-unboost|p1a: Glastrier|spd|1\n|\n|upkeep\n|turn|7\n|\n|t:|1700020376\n|move|p2a: Grafaiai|Parting Shot|p1a: Glastrier\n|-unboost|p1a: Glastrier|atk|1\n|-unboost|p1a: Glastrier|spa|1\n|\n|t:|1700020390\n|switch|p2a: Rotom|Rotom-Heat|100\/100|[from] Parting Shot\n|move|p1a: Glastrier|Icicle Crash|p2a: Rotom\n|-resisted|p2a: Rotom\n|-damage|p2a: Rotom|48\/100\n|\n|upkeep\n|turn|8\n|\n|t:|1700020404\n|switch|p1a: Cresselia|Cresselia, F, shiny|100\/100\n|move|p2a: Rotom|Will-O-Wisp|p1a: Cresselia\n|-status|p1a: Cresselia|brn\n|\n|-damage|p1a: Cresselia|94\/100 brn|[from] brn\n|upkeep\n|turn|9\n|\n|t:|1700020415\n|switch|p2a: Grafaiai|Grafaiai, M|76\/100\n|move|p1a: Cresselia|Trick Room|p1a: Cresselia\n|-fieldstart|move: Trick Room|[of] p1a: Cresselia\n|\n|-damage|p1a: Cresselia|88\/100 brn|[from] brn\n|upkeep\n|turn|10\n|\n|t:|1700020427\n|switch|p1a: Ursaluna|Ursaluna, M, shiny|100\/100\n|move|p2a: Grafaiai|Encore||[still]\n|-fail|p2a: Grafaiai\n|\n|-status|p1a: Ursaluna|brn|[from] item: Flame Orb\n|upkeep\n|turn|11\n|\n|t:|1700020448\n|-terastallize|p2a: Grafaiai|Ghost\n|move|p2a: Grafaiai|Substitute|p2a: Grafaiai\n|-start|p2a: Grafaiai|Substitute\n|-damage|p2a: Grafaiai|51\/100\n|move|p1a: Ursaluna|Facade|p2a: Grafaiai\n|-immune|p2a: Grafaiai\n|\n|-damage|p1a: Ursaluna|94\/100 brn|[from] brn\n|upkeep\n|turn|12\n|\n|t:|1700020458\n|move|p2a: Grafaiai|Encore|p1a: Ursaluna\n|-start|p1a: Ursaluna|Encore\n|move|p1a: Ursaluna|Facade|p2a: Grafaiai\n|-immune|p2a: Grafaiai\n|\n|-damage|p1a: Ursaluna|88\/100 brn|[from] brn\n|upkeep\n|turn|13\n|\n|t:|1700020472\n|move|p2a: Grafaiai|Toxic||[still]\n|-fail|p2a: Grafaiai\n|move|p1a: Ursaluna|Facade|p2a: Grafaiai\n|-immune|p2a: Grafaiai\n|\n|-damage|p1a: Ursaluna|82\/100 brn|[from] brn\n|-fieldend|move: Trick Room\n|upkeep\n|turn|14\n|\n|t:|1700020488\n|move|p2a: Grafaiai|Toxic||[still]\n|-fail|p2a: Grafaiai\n|move|p1a: Ursaluna|Facade|p2a: Grafaiai\n|-immune|p2a: Grafaiai\n|\n|-damage|p1a: Ursaluna|75\/100 brn|[from] brn\n|-end|p1a: Ursaluna|Encore\n|upkeep\n|turn|15\n|\n|t:|1700020502\n|move|p2a: Grafaiai|Encore|p1a: Ursaluna\n|-start|p1a: Ursaluna|Encore\n|move|p1a: Ursaluna|Facade|p2a: Grafaiai\n|-immune|p2a: Grafaiai\n|\n|-damage|p1a: Ursaluna|69\/100 brn|[from] brn\n|upkeep\n|turn|16\n|\n|t:|1700020510\n|move|p2a: Grafaiai|Toxic||[still]\n|-fail|p2a: Grafaiai\n|move|p1a: Ursaluna|Facade|p2a: Grafaiai\n|-immune|p2a: Grafaiai\n|\n|-damage|p1a: Ursaluna|63\/100 brn|[from] brn\n|upkeep\n|turn|17\n|\n|t:|1700020517\n|move|p2a: Grafaiai|Toxic|p1a: Ursaluna|[miss]\n|-miss|p2a: Grafaiai|p1a: Ursaluna\n|move|p1a: Ursaluna|Facade|p2a: Grafaiai\n|-immune|p2a: Grafaiai\n|\n|-damage|p1a: Ursaluna|57\/100 brn|[from] brn\n|-end|p1a: Ursaluna|Encore\n|upkeep\n|turn|18\n|\n|t:|1700020534\n|switch|p1a: Glastrier|Glastrier|53\/100\n|move|p2a: Grafaiai|Encore||[still]\n|-fail|p2a: Grafaiai\n|\n|upkeep\n|turn|19\n|\n|t:|1700020540\n|move|p2a: Grafaiai|Toxic|p1a: Glastrier\n|-status|p1a: Glastrier|tox\n|move|p1a: Glastrier|Icicle Crash|p2a: Grafaiai\n|-end|p2a: Grafaiai|Substitute\n|\n|-damage|p1a: Glastrier|47\/100 tox|[from] psn\n|upkeep\n|turn|20\n|\n|t:|1700020549\n|switch|p1a: Cresselia|Cresselia, F, shiny|88\/100 brn\n|move|p2a: Grafaiai|Substitute|p2a: Grafaiai\n|-start|p2a: Grafaiai|Substitute\n|-damage|p2a: Grafaiai|26\/100\n|\n|-damage|p1a: Cresselia|82\/100 brn|[from] brn\n|upkeep\n|turn|21\n|\n|t:|1700020562\n|move|p2a: Grafaiai|Toxic||[still]\n|-fail|p2a: Grafaiai\n|move|p1a: Cresselia|Trick Room|p1a: Cresselia\n|-fieldstart|move: Trick Room|[of] p1a: Cresselia\n|\n|-damage|p1a: Cresselia|76\/100 brn|[from] brn\n|upkeep\n|turn|22\n|\n|t:|1700020569\n|move|p2a: Grafaiai|Encore|p1a: Cresselia\n|-start|p1a: Cresselia|Encore\n|-enditem|p1a: Cresselia|Mental Herb\n|-end|p1a: Cresselia|Encore\n|move|p1a: Cresselia|Lunar Dance|p1a: Cresselia\n|faint|p1a: Cresselia\n|\n|upkeep\n|\n|t:|1700020576\n|switch|p1a: Glastrier|Glastrier|47\/100 tox\n|-heal|p1a: Glastrier|100\/100|[from] move: Lunar Dance\n|turn|23\n|\n|t:|1700020592\n|move|p2a: Grafaiai|Toxic|p1a: Glastrier\n|-status|p1a: Glastrier|tox\n|move|p1a: Glastrier|Icicle Crash|p2a: Grafaiai\n|-end|p2a: Grafaiai|Substitute\n|\n|-damage|p1a: Glastrier|94\/100 tox|[from] psn\n|upkeep\n|turn|24\n|\n|t:|1700020612\n|move|p2a: Grafaiai|Parting Shot|p1a: Glastrier\n|-unboost|p1a: Glastrier|atk|1\n|-unboost|p1a: Glastrier|spa|1\n|\n|t:|1700020616\n|switch|p2a: Rotom|Rotom-Heat|48\/100|[from] Parting Shot\n|move|p1a: Glastrier|Icicle Crash|p2a: Rotom\n|-resisted|p2a: Rotom\n|-damage|p2a: Rotom|24\/100\n|\n|-damage|p1a: Glastrier|82\/100 tox|[from] psn\n|upkeep\n|turn|25\n|\n|t:|1700020639\n|-terastallize|p1a: Glastrier|Electric\n|move|p1a: Glastrier|Tera Blast|p2a: Rotom|[anim] Tera Blast Electric\n|-resisted|p2a: Rotom\n|-damage|p2a: Rotom|1\/100\n|move|p2a: Rotom|Overheat|p1a: Glastrier\n|-damage|p1a: Glastrier|36\/100 tox\n|-unboost|p2a: Rotom|spa|2\n|\n|-damage|p1a: Glastrier|18\/100 tox|[from] psn\n|-fieldend|move: Trick Room\n|upkeep\n|turn|26\n|\n|t:|1700020655\n|move|p2a: Rotom|Overheat|p1a: Glastrier\n|-crit|p1a: Glastrier\n|-damage|p1a: Glastrier|0 fnt\n|-unboost|p2a: Rotom|spa|2\n|faint|p1a: Glastrier\n|\n|upkeep\n|\n|t:|1700020660\n|switch|p1a: Sneasler|Sneasler, M, shiny|100\/100\n|turn|27\n|\n|t:|1700020665\n|move|p1a: Sneasler|Night Slash|p2a: Rotom\n|-damage|p2a: Rotom|0 fnt\n|faint|p2a: Rotom\n|\n|upkeep\n|\n|t:|1700020670\n|switch|p2a: Grafaiai|Grafaiai, M, tera:Ghost|26\/100\n|turn|28\n|\n|t:|1700020677\n|move|p2a: Grafaiai|Parting Shot|p1a: Sneasler\n|-unboost|p1a: Sneasler|atk|1\n|-unboost|p1a: Sneasler|spa|1\n|\n|t:|1700020682\n|switch|p2a: Quaquaval|Quaquaval, M|100\/100|[from] Parting Shot\n|move|p1a: Sneasler|Night Slash|p2a: Quaquaval\n|-resisted|p2a: Quaquaval\n|-damage|p2a: Quaquaval|88\/100\n|\n|upkeep\n|turn|29\n|\n|t:|1700020694\n|switch|p1a: Ursaluna|Ursaluna, M, shiny|57\/100 brn\n|move|p2a: Quaquaval|Aqua Step|p1a: Ursaluna\n|-supereffective|p1a: Ursaluna\n|-damage|p1a: Ursaluna|0 fnt\n|-boost|p2a: Quaquaval|spe|1\n|faint|p1a: Ursaluna\n|-ability|p2a: Quaquaval|Moxie|boost\n|-boost|p2a: Quaquaval|atk|1\n|-damage|p2a: Quaquaval|78\/100|[from] item: Life Orb\n|\n|upkeep\n|\n|t:|1700020704\n|switch|p1a: Sneasler|Sneasler, M, shiny|100\/100\n|turn|30\n|\n|t:|1700020710\n|move|p1a: Sneasler|Fake Out|p2a: Quaquaval\n|-enditem|p1a: Sneasler|Normal Gem|[from] gem\n|-damage|p2a: Quaquaval|53\/100\n|cant|p2a: Quaquaval|flinch\n|\n|upkeep\n|turn|31\n|\n|t:|1700020715\n|move|p1a: Sneasler|Dire Claw|p2a: Quaquaval\n|-damage|p2a: Quaquaval|0 fnt\n|faint|p2a: Quaquaval\n|\n|upkeep\n|\n|t:|1700020720\n|switch|p2a: Grafaiai|Grafaiai, M, tera:Ghost|26\/100\n|turn|32\n|\n|t:|1700020725\n|move|p2a: Grafaiai|Parting Shot|p1a: Sneasler\n|-unboost|p1a: Sneasler|atk|1\n|-unboost|p1a: Sneasler|spa|1\n|\n|t:|1700020729\n|switch|p2a: Brute Bonnet|Brute Bonnet|100\/100|[from] Parting Shot\n|move|p1a: Sneasler|Dire Claw|p2a: Brute Bonnet\n|-supereffective|p2a: Brute Bonnet\n|-damage|p2a: Brute Bonnet|45\/100\n|-status|p2a: Brute Bonnet|slp\n|\n|upkeep\n|turn|33\n|\n|t:|1700020739\n|move|p1a: Sneasler|Dire Claw|p2a: Brute Bonnet\n|-supereffective|p2a: Brute Bonnet\n|-damage|p2a: Brute Bonnet|0 fnt\n|faint|p2a: Brute Bonnet\n|-end|p2a: Brute Bonnet|Protosynthesis|[silent]\n|\n|upkeep\n|n|!thundergoddd|thundergoddd\n|\n|t:|1700020744\n|switch|p2a: Grafaiai|Grafaiai, M, tera:Ghost|26\/100\n|turn|34\n|\n|t:|1700020751\n|move|p2a: Grafaiai|Encore|p1a: Sneasler\n|-start|p1a: Sneasler|Encore\n|move|p1a: Sneasler|Dire Claw|p2a: Grafaiai\n|-resisted|p2a: Grafaiai\n|-damage|p2a: Grafaiai|7\/100\n|-status|p2a: Grafaiai|psn\n|\n|-damage|p2a: Grafaiai|0 fnt|[from] psn\n|faint|p2a: Grafaiai\n|\n|win|thundergoddd\n|upkeep\n|raw|thundergoddd's rating: 1044 &rarr; <strong>1075<\/strong><br \/>(+31 for winning)\n|raw|MAF1001's rating: 1020 &rarr; <strong>1008<\/strong><br \/>(-12 for losing)\n","uploadtime":1700020742,"views":6,"p1id":"thundergoddd","p2id":"maf1001","formatid":"gen9ou","rating":1008,"private":0,"password":""}