{"id":"gen9ou-1992896713","p1":"Gameprom4","p2":"GauBoune","format":"[Gen 9] OU","log":"|j|\u2606Gameprom4\n|j|\u2606GauBoune\n|t:|1700244847\n|gametype|singles\n|player|p1|Gameprom4|li|1609\n|player|p2|GauBoune|cyclist|1704\n|teamsize|p1|6\n|teamsize|p2|6\n|gen|9\n|tier|[Gen 9] OU\n|rated|\n|rule|Sleep Clause Mod: Limit one foe put to sleep\n|rule|Species Clause: Limit one of each Pok\u00e9mon\n|rule|OHKO Clause: OHKO moves are banned\n|rule|Evasion Items Clause: Evasion items are banned\n|rule|Evasion Moves Clause: Evasion moves are banned\n|rule|Endless Battle Clause: Forcing endless battles is banned\n|rule|HP Percentage Mod: HP is shown in percentages\n|clearpoke\n|poke|p1|Iron Hands|\n|poke|p1|Hydreigon, F|\n|poke|p1|Slither Wing|\n|poke|p1|Iron Moth|\n|poke|p1|Scizor, M|\n|poke|p1|Quaquaval, M|\n|poke|p2|Maushold|\n|poke|p2|Rillaboom, F|\n|poke|p2|Great Tusk|\n|poke|p2|Heatran, M|\n|poke|p2|Enamorus, F|\n|poke|p2|Kingambit, F|\n|teampreview\n|inactive|Battle timer is ON: inactive players will automatically lose when time's up. (requested by GauBoune)\n|inactive|Gameprom4 also wants the timer to be on.\n|j| UrSheerForce\n|\n|t:|1700244873\n|start\n|switch|p1a: Scizor|Scizor, M|100\/100\n|switch|p2a: Enamorus|Enamorus, F|100\/100\n|turn|1\n|\n|t:|1700244877\n|move|p2a: Enamorus|Mystical Fire|p1a: Scizor\n|-supereffective|p1a: Scizor\n|-damage|p1a: Scizor|0 fnt\n|faint|p1a: Scizor\n|\n|upkeep\n|\n|t:|1700244881\n|switch|p1a: Iron Hands|Iron Hands|100\/100\n|turn|2\n|\n|t:|1700244886\n|switch|p2a: devindian|Kingambit, F|100\/100\n|move|p1a: Iron Hands|Ice Punch|p2a: devindian\n|-resisted|p2a: devindian\n|-damage|p2a: devindian|90\/100\n|-status|p2a: devindian|frz\n|\n|-heal|p2a: devindian|96\/100 frz|[from] item: Leftovers\n|upkeep\n|turn|3\n|\n|t:|1700244892\n|-end|p2a: devindian|fallenundefined|[silent]\n|switch|p2a: Great Tusk|Great Tusk|100\/100\n|move|p1a: Iron Hands|Drain Punch|p2a: Great Tusk\n|-crit|p2a: Great Tusk\n|-damage|p2a: Great Tusk|55\/100\n|\n|-heal|p2a: Great Tusk|61\/100|[from] item: Leftovers\n|upkeep\n|turn|4\n|\n|t:|1700244897\n|-end|p1a: Iron Hands|Quark Drive|[silent]\n|switch|p1a: Hydreigon|Hydreigon, F|100\/100\n|move|p2a: Great Tusk|Headlong Rush|p1a: Hydreigon\n|-immune|p1a: Hydreigon|[from] ability: Levitate\n|\n|-heal|p2a: Great Tusk|67\/100|[from] item: Leftovers\n|upkeep\n|turn|5\n|\n|t:|1700244903\n|-end|p2a: Great Tusk|Protosynthesis|[silent]\n|switch|p2a: devindian|Kingambit, F|96\/100 frz\n|move|p1a: Hydreigon|Flash Cannon|p2a: devindian\n|-resisted|p2a: devindian\n|-damage|p2a: devindian|79\/100 frz\n|-damage|p1a: Hydreigon|91\/100|[from] item: Life Orb\n|\n|-heal|p2a: devindian|85\/100 frz|[from] item: Leftovers\n|upkeep\n|turn|6\n|\n|t:|1700244909\n|move|p1a: Hydreigon|Fire Blast|p2a: devindian\n|-supereffective|p2a: devindian\n|-damage|p2a: devindian|0 fnt\n|faint|p2a: devindian\n|-end|p2a: devindian|fallenundefined|[silent]\n|-damage|p1a: Hydreigon|81\/100|[from] item: Life Orb\n|\n|upkeep\n|\n|t:|1700244915\n|switch|p2a: Maushold|Maushold|100\/100\n|turn|7\n|\n|t:|1700244924\n|switch|p1a: Iron Moth|Iron Moth|100\/100\n|-enditem|p1a: Iron Moth|Booster Energy\n|-activate|p1a: Iron Moth|ability: Quark Drive|[fromitem]\n|-start|p1a: Iron Moth|quarkdrivespe\n|move|p2a: Maushold|Population Bomb|p1a: Iron Moth\n|-damage|p1a: Iron Moth|83\/100\n|-damage|p1a: Iron Moth|67\/100\n|-damage|p1a: Iron Moth|50\/100\n|-crit|p1a: Iron Moth\n|-damage|p1a: Iron Moth|23\/100\n|-damage|p1a: Iron Moth|7\/100\n|-crit|p1a: Iron Moth\n|-damage|p1a: Iron Moth|0 fnt\n|faint|p1a: Iron Moth\n|-end|p1a: Iron Moth|Quark Drive|[silent]\n|-hitcount|p1: Iron Moth|6\n|\n|upkeep\n|\n|t:|1700244934\n|switch|p1a: Iron Hands|Iron Hands|100\/100\n|turn|8\n|\n|t:|1700244938\n|switch|p2a: Great Tusk|Great Tusk|67\/100\n|move|p1a: Iron Hands|Drain Punch|p2a: Great Tusk\n|-damage|p2a: Great Tusk|38\/100\n|\n|-heal|p2a: Great Tusk|44\/100|[from] item: Leftovers\n|upkeep\n|turn|9\n|\n|t:|1700244943\n|move|p2a: Great Tusk|Bulk Up|p2a: Great Tusk\n|-boost|p2a: Great Tusk|atk|1\n|-boost|p2a: Great Tusk|def|1\n|move|p1a: Iron Hands|Ice Punch|p2a: Great Tusk\n|-supereffective|p2a: Great Tusk\n|-damage|p2a: Great Tusk|20\/100\n|\n|-heal|p2a: Great Tusk|26\/100|[from] item: Leftovers\n|upkeep\n|turn|10\n|\n|t:|1700244951\n|-end|p1a: Iron Hands|Quark Drive|[silent]\n|switch|p1a: Quaquaval|Quaquaval, M|100\/100\n|move|p2a: Great Tusk|Rapid Spin|p1a: Quaquaval\n|-damage|p1a: Quaquaval|73\/100\n|-boost|p2a: Great Tusk|spe|1\n|\n|-heal|p2a: Great Tusk|33\/100|[from] item: Leftovers\n|upkeep\n|turn|11\n|\n|t:|1700244954\n|move|p2a: Great Tusk|Headlong Rush|p1a: Quaquaval\n|-damage|p1a: Quaquaval|0 fnt\n|-unboost|p2a: Great Tusk|def|1\n|-unboost|p2a: Great Tusk|spd|1\n|faint|p1a: Quaquaval\n|\n|-heal|p2a: Great Tusk|39\/100|[from] item: Leftovers\n|upkeep\n|\n|t:|1700244957\n|switch|p1a: Hydreigon|Hydreigon, F|81\/100\n|turn|12\n|\n|t:|1700244960\n|move|p2a: Great Tusk|Ice Spinner|p1a: Hydreigon\n|-supereffective|p1a: Hydreigon\n|-damage|p1a: Hydreigon|6\/100\n|move|p1a: Hydreigon|Dark Pulse|p2a: Great Tusk\n|-resisted|p2a: Great Tusk\n|-damage|p2a: Great Tusk|0 fnt\n|faint|p2a: Great Tusk\n|-end|p2a: Great Tusk|Protosynthesis|[silent]\n|-damage|p1a: Hydreigon|0 fnt|[from] item: Life Orb\n|faint|p1a: Hydreigon\n|\n|upkeep\n|\n|t:|1700244968\n|switch|p1a: Iron Hands|Iron Hands|100\/100\n|switch|p2a: Heatran|Heatran, M|100\/100\n|turn|13\n|\n|t:|1700244970\n|move|p2a: Heatran|Magma Storm|p1a: Iron Hands|[miss]\n|-miss|p2a: Heatran|p1a: Iron Hands\n|move|p1a: Iron Hands|Earthquake|p2a: Heatran\n|-supereffective|p2a: Heatran\n|-damage|p2a: Heatran|0 fnt\n|faint|p2a: Heatran\n|\n|upkeep\n|j| Unearth Myself\n|\n|t:|1700244978\n|switch|p2a: Maushold|Maushold|100\/100\n|turn|14\n|\n|t:|1700244980\n|-terastallize|p2a: Maushold|Ghost\n|move|p2a: Maushold|Population Bomb|p1a: Iron Hands\n|-damage|p1a: Iron Hands|93\/100\n|-damage|p1a: Iron Hands|86\/100\n|-damage|p1a: Iron Hands|79\/100\n|-damage|p1a: Iron Hands|72\/100\n|-damage|p1a: Iron Hands|65\/100\n|-damage|p1a: Iron Hands|58\/100\n|-damage|p1a: Iron Hands|51\/100\n|-damage|p1a: Iron Hands|44\/100\n|-damage|p1a: Iron Hands|37\/100\n|-damage|p1a: Iron Hands|30\/100\n|-hitcount|p1a: Iron Hands|10\n|move|p1a: Iron Hands|Drain Punch|p2a: Maushold\n|-immune|p2a: Maushold\n|\n|upkeep\n|turn|15\n|\n|t:|1700244985\n|move|p2a: Maushold|Population Bomb|p1a: Iron Hands\n|-damage|p1a: Iron Hands|22\/100\n|-damage|p1a: Iron Hands|16\/100\n|-damage|p1a: Iron Hands|9\/100\n|-damage|p1a: Iron Hands|2\/100\n|-damage|p1a: Iron Hands|0 fnt\n|faint|p1a: Iron Hands\n|-end|p1a: Iron Hands|Quark Drive|[silent]\n|-hitcount|p1: Iron Hands|5\n|\n|upkeep\n|l| Unearth Myself\n|\n|t:|1700244986\n|switch|p1a: Slither Wing|Slither Wing|100\/100\n|turn|16\n|\n|t:|1700244989\n|move|p1a: Slither Wing|First Impression|p2a: Maushold\n|-resisted|p2a: Maushold\n|-damage|p2a: Maushold|62\/100\n|move|p2a: Maushold|Population Bomb|p1a: Slither Wing\n|-damage|p1a: Slither Wing|88\/100\n|-damage|p1a: Slither Wing|76\/100\n|-damage|p1a: Slither Wing|64\/100\n|-damage|p1a: Slither Wing|51\/100\n|-damage|p1a: Slither Wing|39\/100\n|-damage|p1a: Slither Wing|26\/100\n|-damage|p1a: Slither Wing|14\/100\n|-damage|p1a: Slither Wing|2\/100\n|-damage|p1a: Slither Wing|0 fnt\n|faint|p1a: Slither Wing\n|-end|p1a: Slither Wing|Protosynthesis|[silent]\n|-hitcount|p1: Slither Wing|9\n|\n|win|GauBoune\n|raw|Gameprom4's rating: 1609 &rarr; <strong>1594<\/strong><br \/>(-15 for losing)\n|raw|GauBoune's rating: 1704 &rarr; <strong>1719<\/strong><br \/>(+15 for winning)\n|l|\u2606Gameprom4\n","uploadtime":1700245028,"views":10,"p1id":"gameprom4","p2id":"gauboune","formatid":"gen9ou","rating":1594,"private":0,"password":""}