{"id":"gen9ou-1995286822","p1":"Blaze1911","p2":"Ryan's World","format":"[Gen 9] OU","log":"|j|\u2606Blaze1911\n|j|\u2606Ryan's World\n|t:|1700547137\n|gametype|singles\n|player|p1|Blaze1911|169|1147\n|player|p2|Ryan's World|170|1195\n|teamsize|p1|6\n|teamsize|p2|6\n|gen|9\n|tier|[Gen 9] OU\n|rated|\n|rule|Sleep Clause Mod: Limit one foe put to sleep\n|rule|Species Clause: Limit one of each Pok\u00e9mon\n|rule|OHKO Clause: OHKO moves are banned\n|rule|Evasion Items Clause: Evasion items are banned\n|rule|Evasion Moves Clause: Evasion moves are banned\n|rule|Endless Battle Clause: Forcing endless battles is banned\n|rule|HP Percentage Mod: HP is shown in percentages\n|clearpoke\n|poke|p1|Dragonite, F|\n|poke|p1|Great Tusk|\n|poke|p1|Ninetales-Alola, F|\n|poke|p1|Gholdengo|\n|poke|p1|Samurott-Hisui, F|\n|poke|p1|Ceruledge, F|\n|poke|p2|Garganacl, M|\n|poke|p2|Great Tusk|\n|poke|p2|Dragonite, F|\n|poke|p2|Iron Valiant|\n|poke|p2|Gholdengo|\n|poke|p2|Rillaboom, F|\n|teampreview\n|inactive|Battle timer is ON: inactive players will automatically lose when time's up. (requested by Ryan's World)\n|\n|t:|1700547145\n|start\n|switch|p1a: Samurott|Samurott-Hisui, F, shiny|100\/100\n|switch|p2a: Garganacl|Garganacl, M|100\/100\n|turn|1\n|\n|t:|1700547152\n|move|p1a: Samurott|Focus Energy|p1a: Samurott\n|-start|p1a: Samurott|move: Focus Energy\n|move|p2a: Garganacl|Salt Cure|p1a: Samurott\n|-damage|p1a: Samurott|84\/100\n|-start|p1a: Samurott|Salt Cure\n|\n|-damage|p1a: Samurott|59\/100|[from] Salt Cure\n|upkeep\n|turn|2\n|\n|t:|1700547159\n|move|p1a: Samurott|Aqua Cutter|p2a: Garganacl\n|-supereffective|p2a: Garganacl\n|-crit|p2a: Garganacl\n|-damage|p2a: Garganacl|11\/100\n|move|p2a: Garganacl|Stealth Rock|p1a: Samurott\n|-sidestart|p1: Blaze1911|move: Stealth Rock\n|\n|-heal|p2a: Garganacl|17\/100|[from] item: Leftovers\n|-damage|p1a: Samurott|34\/100|[from] Salt Cure\n|upkeep\n|turn|3\n|\n|t:|1700547170\n|move|p1a: Samurott|Aqua Cutter|p2a: Garganacl\n|-supereffective|p2a: Garganacl\n|-crit|p2a: Garganacl\n|-damage|p2a: Garganacl|0 fnt\n|faint|p2a: Garganacl\n|\n|-damage|p1a: Samurott|9\/100|[from] Salt Cure\n|upkeep\n|-enditem|p1a: Samurott|Salac Berry|[eat]\n|-boost|p1a: Samurott|spe|1|[from] item: Salac Berry\n|\n|t:|1700547178\n|switch|p2a: Rillaboom|Rillaboom, F|100\/100\n|-fieldstart|move: Grassy Terrain|[from] ability: Grassy Surge|[of] p2a: Rillaboom\n|turn|4\n|\n|t:|1700547185\n|move|p2a: Rillaboom|Grassy Glide|p1a: Samurott\n|-supereffective|p1a: Samurott\n|-damage|p1a: Samurott|0 fnt\n|faint|p1a: Samurott\n|\n|upkeep\n|\n|t:|1700547191\n|switch|p1a: Ceruledge|Ceruledge, F, shiny|100\/100\n|-damage|p1a: Ceruledge|76\/100|[from] Stealth Rock\n|turn|5\n|\n|t:|1700547197\n|move|p1a: Ceruledge|Swords Dance|p1a: Ceruledge\n|-boost|p1a: Ceruledge|atk|2\n|move|p2a: Rillaboom|Knock Off|p1a: Ceruledge\n|-supereffective|p1a: Ceruledge\n|-damage|p1a: Ceruledge|0 fnt\n|-enditem|p1a: Ceruledge|White Herb|[from] move: Knock Off|[of] p2a: Rillaboom\n|faint|p1a: Ceruledge\n|\n|upkeep\n|\n|t:|1700547203\n|switch|p1a: Great Tusk|Great Tusk, shiny|100\/100\n|-damage|p1a: Great Tusk|98\/100|[from] Stealth Rock\n|-enditem|p1a: Great Tusk|Booster Energy\n|-activate|p1a: Great Tusk|ability: Protosynthesis|[fromitem]\n|-start|p1a: Great Tusk|protosynthesisspe\n|turn|6\n|\n|t:|1700547211\n|-terastallize|p1a: Great Tusk|Grass\n|move|p2a: Rillaboom|Grassy Glide|p1a: Great Tusk\n|-resisted|p1a: Great Tusk\n|-damage|p1a: Great Tusk|84\/100\n|move|p1a: Great Tusk|Bulk Up|p1a: Great Tusk\n|-boost|p1a: Great Tusk|atk|1\n|-boost|p1a: Great Tusk|def|1\n|\n|-heal|p1a: Great Tusk|91\/100|[from] Grassy Terrain\n|upkeep\n|turn|7\n|\n|t:|1700547221\n|move|p1a: Great Tusk|Rapid Spin|p2a: Rillaboom\n|-damage|p2a: Rillaboom|79\/100\n|-boost|p1a: Great Tusk|spe|1\n|-sideend|p1: Blaze1911|Stealth Rock|[from] move: Rapid Spin|[of] p1a: Great Tusk\n|move|p2a: Rillaboom|U-turn|p1a: Great Tusk\n|-supereffective|p1a: Great Tusk\n|-damage|p1a: Great Tusk|70\/100\n|\n|t:|1700547238\n|switch|p2a: Iron Valiant|Iron Valiant|100\/100|[from] U-turn\n|-enditem|p2a: Iron Valiant|Booster Energy\n|-activate|p2a: Iron Valiant|ability: Quark Drive|[fromitem]\n|-start|p2a: Iron Valiant|quarkdrivespe\n|\n|-heal|p1a: Great Tusk|76\/100|[from] Grassy Terrain\n|upkeep\n|turn|8\n|\n|t:|1700547246\n|move|p1a: Great Tusk|Earthquake|p2a: Iron Valiant\n|-damage|p2a: Iron Valiant|58\/100\n|move|p2a: Iron Valiant|Moonblast|p1a: Great Tusk\n|-damage|p1a: Great Tusk|14\/100\n|\n|-heal|p1a: Great Tusk|20\/100|[from] Grassy Terrain\n|-heal|p2a: Iron Valiant|64\/100|[from] Grassy Terrain\n|-fieldend|move: Grassy Terrain\n|upkeep\n|turn|9\n|\n|t:|1700547255\n|move|p1a: Great Tusk|Earthquake|p2a: Iron Valiant\n|-damage|p2a: Iron Valiant|0 fnt\n|faint|p2a: Iron Valiant\n|-end|p2a: Iron Valiant|Quark Drive|[silent]\n|\n|upkeep\n|\n|t:|1700547261\n|switch|p2a: Dragonite|Dragonite, F|100\/100\n|turn|10\n|\n|t:|1700547267\n|move|p2a: Dragonite|Extreme Speed|p1a: Great Tusk\n|-damage|p1a: Great Tusk|6\/100\n|move|p1a: Great Tusk|Ice Spinner|p2a: Dragonite\n|-supereffective|p2a: Dragonite\n|-damage|p2a: Dragonite|27\/100\n|\n|upkeep\n|turn|11\n|\n|t:|1700547273\n|move|p2a: Dragonite|Extreme Speed|p1a: Great Tusk\n|-damage|p1a: Great Tusk|0 fnt\n|faint|p1a: Great Tusk\n|-end|p1a: Great Tusk|Protosynthesis|[silent]\n|\n|upkeep\n|\n|t:|1700547282\n|switch|p1a: Dragonite|Dragonite, F, shiny|100\/100\n|turn|12\n|\n|t:|1700547286\n|move|p2a: Dragonite|Extreme Speed|p1a: Dragonite\n|-damage|p1a: Dragonite|83\/100\n|move|p1a: Dragonite|Dragon Dance|p1a: Dragonite\n|-boost|p1a: Dragonite|atk|1\n|-boost|p1a: Dragonite|spe|1\n|\n|upkeep\n|turn|13\n|\n|t:|1700547293\n|move|p1a: Dragonite|Extreme Speed|p2a: Dragonite\n|-damage|p2a: Dragonite|0 fnt\n|faint|p2a: Dragonite\n|\n|upkeep\n|\n|t:|1700547302\n|switch|p2a: Gholdengo|Gholdengo|100\/100\n|turn|14\n|\n|t:|1700547327\n|-terastallize|p2a: Gholdengo|Fairy\n|move|p2a: Gholdengo|Make It Rain|p1a: Dragonite\n|-damage|p1a: Dragonite|19\/100\n|-unboost|p2a: Gholdengo|spa|1\n|move|p1a: Dragonite|Fire Punch|p2a: Gholdengo\n|-damage|p2a: Gholdengo|54\/100\n|\n|upkeep\n|turn|15\n|\n|t:|1700547339\n|move|p1a: Dragonite|Extreme Speed|p2a: Gholdengo\n|-damage|p2a: Gholdengo|1\/100\n|move|p2a: Gholdengo|Make It Rain|p1a: Dragonite\n|-damage|p1a: Dragonite|0 fnt\n|-unboost|p2a: Gholdengo|spa|1\n|faint|p1a: Dragonite\n|\n|upkeep\n|\n|t:|1700547346\n|switch|p1a: Gholdengo|Gholdengo|100\/100\n|turn|16\n|inactive|Ryan's World has 120 seconds left.\n|\n|t:|1700547376\n|switch|p2a: Rillaboom|Rillaboom, F|79\/100\n|-fieldstart|move: Grassy Terrain|[from] ability: Grassy Surge|[of] p2a: Rillaboom\n|move|p1a: Gholdengo|Hex|p2a: Rillaboom\n|-damage|p2a: Rillaboom|46\/100\n|\n|-heal|p2a: Rillaboom|52\/100|[from] Grassy Terrain\n|-heal|p2a: Rillaboom|59\/100|[from] item: Leftovers\n|upkeep\n|turn|17\n|\n|t:|1700547386\n|switch|p1a: Ninetales|Ninetales-Alola, F, shiny|100\/100\n|-weather|Snow|[from] ability: Snow Warning|[of] p1a: Ninetales\n|move|p2a: Rillaboom|Knock Off|p1a: Ninetales\n|-resisted|p1a: Ninetales\n|-damage|p1a: Ninetales|83\/100\n|-enditem|p1a: Ninetales|Light Clay|[from] move: Knock Off|[of] p2a: Rillaboom\n|\n|-weather|Snow|[upkeep]\n|-heal|p1a: Ninetales|89\/100|[from] Grassy Terrain\n|-heal|p2a: Rillaboom|65\/100|[from] Grassy Terrain\n|-heal|p2a: Rillaboom|71\/100|[from] item: Leftovers\n|upkeep\n|turn|18\n|\n|t:|1700547398\n|move|p2a: Rillaboom|Grassy Glide|p1a: Ninetales\n|-crit|p1a: Ninetales\n|-damage|p1a: Ninetales|27\/100\n|move|p1a: Ninetales|Aurora Veil|p1a: Ninetales\n|-sidestart|p1: Blaze1911|move: Aurora Veil\n|\n|-weather|Snow|[upkeep]\n|-heal|p1a: Ninetales|33\/100|[from] Grassy Terrain\n|-heal|p2a: Rillaboom|77\/100|[from] Grassy Terrain\n|-heal|p2a: Rillaboom|83\/100|[from] item: Leftovers\n|upkeep\n|turn|19\n|\n|t:|1700547408\n|move|p2a: Rillaboom|Grassy Glide|p1a: Ninetales\n|-damage|p1a: Ninetales|14\/100\n|move|p1a: Ninetales|Draining Kiss|p2a: Rillaboom\n|-damage|p2a: Rillaboom|62\/100\n|-heal|p1a: Ninetales|37\/100|[from] drain|[of] p2a: Rillaboom\n|\n|-weather|Snow|[upkeep]\n|-heal|p1a: Ninetales|43\/100|[from] Grassy Terrain\n|-heal|p2a: Rillaboom|68\/100|[from] Grassy Terrain\n|-heal|p2a: Rillaboom|74\/100|[from] item: Leftovers\n|upkeep\n|turn|20\n|\n|t:|1700547418\n|move|p2a: Rillaboom|Grassy Glide|p1a: Ninetales\n|-damage|p1a: Ninetales|23\/100\n|move|p1a: Ninetales|Draining Kiss|p2a: Rillaboom\n|-damage|p2a: Rillaboom|52\/100\n|-heal|p1a: Ninetales|46\/100|[from] drain|[of] p2a: Rillaboom\n|\n|-weather|Snow|[upkeep]\n|-heal|p1a: Ninetales|53\/100|[from] Grassy Terrain\n|-heal|p2a: Rillaboom|58\/100|[from] Grassy Terrain\n|-heal|p2a: Rillaboom|64\/100|[from] item: Leftovers\n|-fieldend|move: Grassy Terrain\n|upkeep\n|turn|21\n|\n|t:|1700547429\n|move|p1a: Ninetales|Nasty Plot|p1a: Ninetales\n|-boost|p1a: Ninetales|spa|2\n|move|p2a: Rillaboom|Grassy Glide|p1a: Ninetales\n|-damage|p1a: Ninetales|38\/100\n|\n|-weather|none\n|-heal|p2a: Rillaboom|70\/100|[from] item: Leftovers\n|upkeep\n|turn|22\n|\n|t:|1700547439\n|move|p1a: Ninetales|Draining Kiss|p2a: Rillaboom\n|-damage|p2a: Rillaboom|26\/100\n|-heal|p1a: Ninetales|84\/100|[from] drain|[of] p2a: Rillaboom\n|move|p2a: Rillaboom|Drain Punch|p1a: Ninetales\n|-damage|p1a: Ninetales|63\/100\n|-heal|p2a: Rillaboom|34\/100|[from] drain|[of] p1a: Ninetales\n|\n|-heal|p2a: Rillaboom|40\/100|[from] item: Leftovers\n|-sideend|p1: Blaze1911|move: Aurora Veil\n|upkeep\n|turn|23\n|\n|t:|1700547458\n|move|p1a: Ninetales|Draining Kiss|p2a: Rillaboom\n|-damage|p2a: Rillaboom|0 fnt\n|-heal|p1a: Ninetales|100\/100|[from] drain|[of] p2a: Rillaboom\n|faint|p2a: Rillaboom\n|\n|upkeep\n|\n|t:|1700547464\n|switch|p2a: Gholdengo|Gholdengo, tera:Fairy|1\/100\n|turn|24\n|\n|t:|1700547468\n|switch|p1a: Gholdengo|Gholdengo|100\/100\n|move|p2a: Gholdengo|Make It Rain|p1a: Gholdengo\n|-resisted|p1a: Gholdengo\n|-damage|p1a: Gholdengo|68\/100\n|-unboost|p2a: Gholdengo|spa|1\n|\n|-heal|p1a: Gholdengo|74\/100|[from] item: Leftovers\n|upkeep\n|turn|25\n|\n|t:|1700547477\n|switch|p2a: Great Tusk|Great Tusk|100\/100\n|move|p1a: Gholdengo|Hex|p2a: Great Tusk\n|-damage|p2a: Great Tusk|65\/100\n|\n|-heal|p1a: Gholdengo|80\/100|[from] item: Leftovers\n|upkeep\n|turn|26\n|\n|t:|1700547487\n|switch|p1a: Ninetales|Ninetales-Alola, F, shiny|100\/100\n|-weather|Snow|[from] ability: Snow Warning|[of] p1a: Ninetales\n|move|p2a: Great Tusk|Earthquake|p1a: Ninetales\n|-crit|p1a: Ninetales\n|-damage|p1a: Ninetales|21\/100\n|\n|-weather|Snow|[upkeep]\n|upkeep\n|turn|27\n|\n|t:|1700547495\n|move|p1a: Ninetales|Freeze-Dry|p2a: Great Tusk\n|-supereffective|p2a: Great Tusk\n|-damage|p2a: Great Tusk|0 fnt\n|faint|p2a: Great Tusk\n|-end|p2a: Great Tusk|Protosynthesis|[silent]\n|\n|-weather|Snow|[upkeep]\n|upkeep\n|\n|t:|1700547500\n|switch|p2a: Gholdengo|Gholdengo, tera:Fairy|1\/100\n|turn|28\n|\n|t:|1700547504\n|move|p2a: Gholdengo|Shadow Ball|p1a: Ninetales\n|-damage|p1a: Ninetales|0 fnt\n|faint|p1a: Ninetales\n|\n|-weather|Snow|[upkeep]\n|upkeep\n|\n|t:|1700547507\n|switch|p1a: Gholdengo|Gholdengo|80\/100\n|turn|29\n|c|\u2606Ryan's World|gg\n|\n|t:|1700547510\n|move|p2a: Gholdengo|Shadow Ball|p1a: Gholdengo\n|-supereffective|p1a: Gholdengo\n|-damage|p1a: Gholdengo|0 fnt\n|faint|p1a: Gholdengo\n|\n|win|Ryan's World\n|raw|Blaze1911's rating: 1147 &rarr; <strong>1125<\/strong><br \/>(-22 for losing)\n|raw|Ryan&apos;s World's rating: 1195 &rarr; <strong>1217<\/strong><br \/>(+22 for winning)\n|c|\u2606Blaze1911|Gg\n","uploadtime":1700547527,"views":8,"p1id":"blaze1911","p2id":"ryansworld","formatid":"gen9ou","rating":1125,"private":0,"password":""}