{"id":"gen9ou-1999577925","p1":"Thendermite88","p2":"Lawstinyhesauce","format":"[Gen 9] OU","log":"|j|\u2606Thendermite88\n|j|\u2606Lawstinyhesauce\n|t:|1701097938\n|gametype|singles\n|player|p1|Thendermite88|rocketgrunt|1025\n|player|p2|Lawstinyhesauce|brycenman|1000\n|teamsize|p1|6\n|teamsize|p2|6\n|gen|9\n|tier|[Gen 9] OU\n|rated|\n|rule|Sleep Clause Mod: Limit one foe put to sleep\n|rule|Species Clause: Limit one of each Pok\u00e9mon\n|rule|OHKO Clause: OHKO moves are banned\n|rule|Evasion Items Clause: Evasion items are banned\n|rule|Evasion Moves Clause: Evasion moves are banned\n|rule|Endless Battle Clause: Forcing endless battles is banned\n|rule|HP Percentage Mod: HP is shown in percentages\n|clearpoke\n|poke|p1|Gardevoir, F|\n|poke|p1|Charizard, M|\n|poke|p1|Gyarados, M|\n|poke|p1|Lurantis, F|\n|poke|p1|Garchomp, M|\n|poke|p1|Magnezone|\n|poke|p2|Toxapex, M|\n|poke|p2|Heatran, M|\n|poke|p2|Appletun, F|\n|poke|p2|Crawdaunt, M|\n|poke|p2|Heracross, M|\n|poke|p2|Garganacl, M|\n|teampreview\n|\n|t:|1701097952\n|start\n|switch|p1a: Garchomp|Garchomp, M, shiny|100\/100\n|switch|p2a: Hurtin urchin|Toxapex, M, shiny|100\/100\n|turn|1\n|\n|t:|1701097969\n|-terastallize|p1a: Garchomp|Flying\n|move|p1a: Garchomp|Stealth Rock|p2a: Hurtin urchin\n|-sidestart|p2: Lawstinyhesauce|move: Stealth Rock\n|move|p2a: Hurtin urchin|Toxic|p1a: Garchomp\n|-status|p1a: Garchomp|tox\n|\n|-damage|p1a: Garchomp|94\/100 tox|[from] psn\n|upkeep\n|turn|2\n|\n|t:|1701097985\n|move|p1a: Garchomp|Dragon Claw|p2a: Hurtin urchin\n|-damage|p2a: Hurtin urchin|74\/100\n|move|p2a: Hurtin urchin|Toxic Spikes|p1a: Garchomp\n|-sidestart|p1: Thendermite88|move: Toxic Spikes\n|\n|-heal|p2a: Hurtin urchin|80\/100|[from] item: Black Sludge\n|-damage|p1a: Garchomp|82\/100 tox|[from] psn\n|upkeep\n|turn|3\n|\n|t:|1701097998\n|move|p2a: Hurtin urchin|Baneful Bunker|p2a: Hurtin urchin\n|-singleturn|p2a: Hurtin urchin|move: Protect\n|move|p1a: Garchomp|Dragon Claw|p2a: Hurtin urchin\n|-activate|p2a: Hurtin urchin|move: Protect\n|\n|-heal|p2a: Hurtin urchin|86\/100|[from] item: Black Sludge\n|-damage|p1a: Garchomp|64\/100 tox|[from] psn\n|upkeep\n|turn|4\n|\n|t:|1701098009\n|move|p1a: Garchomp|Dragon Claw|p2a: Hurtin urchin\n|-damage|p2a: Hurtin urchin|55\/100\n|move|p2a: Hurtin urchin|Infestation|p1a: Garchomp\n|-resisted|p1a: Garchomp\n|-damage|p1a: Garchomp|62\/100 tox\n|-activate|p1a: Garchomp|move: Infestation|[of] p2a: Hurtin urchin\n|-damage|p2a: Hurtin urchin|43\/100|[from] ability: Rough Skin|[of] p1a: Garchomp\n|\n|-heal|p2a: Hurtin urchin|49\/100|[from] item: Black Sludge\n|-damage|p1a: Garchomp|37\/100 tox|[from] psn\n|-damage|p1a: Garchomp|25\/100 tox|[from] move: Infestation|[partiallytrapped]\n|upkeep\n|turn|5\n|\n|t:|1701098025\n|move|p2a: Hurtin urchin|Baneful Bunker|p2a: Hurtin urchin\n|-singleturn|p2a: Hurtin urchin|move: Protect\n|move|p1a: Garchomp|Dragon Claw|p2a: Hurtin urchin\n|-activate|p2a: Hurtin urchin|move: Protect\n|\n|-heal|p2a: Hurtin urchin|55\/100|[from] item: Black Sludge\n|-damage|p1a: Garchomp|0 fnt|[from] psn\n|faint|p1a: Garchomp\n|upkeep\n|\n|t:|1701098039\n|switch|p1a: Magnezone|Magnezone|100\/100\n|turn|6\n|\n|t:|1701098054\n|switch|p2a: Heatran|Heatran, M, shiny|100\/100\n|-damage|p2a: Heatran|88\/100|[from] Stealth Rock\n|move|p1a: Magnezone|Discharge|p2a: Heatran\n|-damage|p2a: Heatran|57\/100\n|\n|upkeep\n|turn|7\n|\n|t:|1701098066\n|move|p1a: Magnezone|Thunder Wave|p2a: Heatran|[miss]\n|-miss|p1a: Magnezone|p2a: Heatran\n|move|p2a: Heatran|Magma Storm|p1a: Magnezone\n|-supereffective|p1a: Magnezone\n|-ability|p1a: Magnezone|Sturdy\n|-damage|p1a: Magnezone|1\/100\n|-activate|p1a: Magnezone|move: Magma Storm|[of] p2a: Heatran\n|\n|-damage|p1a: Magnezone|0 fnt|[from] move: Magma Storm|[partiallytrapped]\n|faint|p1a: Magnezone\n|upkeep\n|\n|t:|1701098077\n|switch|p1a: Gyarados|Gyarados, M|100\/100\n|-ability|p1a: Gyarados|Intimidate|boost\n|-unboost|p2a: Heatran|atk|1\n|turn|8\n|\n|t:|1701098116\n|-terastallize|p2a: Heatran|Grass\n|move|p1a: Gyarados|Aqua Tail|p2a: Heatran\n|-resisted|p2a: Heatran\n|-damage|p2a: Heatran|40\/100\n|-damage|p1a: Gyarados|84\/100|[from] item: Rocky Helmet|[of] p2a: Heatran\n|move|p2a: Heatran|Earthquake|p1a: Gyarados\n|-immune|p1a: Gyarados\n|\n|upkeep\n|turn|9\n|\n|t:|1701098129\n|switch|p2a: Appletun|Appletun, F, shiny|100\/100\n|-damage|p2a: Appletun|88\/100|[from] Stealth Rock\n|move|p1a: Gyarados|Flamethrower|p2a: Appletun\n|-damage|p2a: Appletun|81\/100\n|\n|-heal|p2a: Appletun|87\/100|[from] item: Leftovers\n|upkeep\n|turn|10\n|\n|t:|1701098142\n|switch|p1a: Charizard|Charizard, M, shiny|100\/100\n|move|p2a: Appletun|Leech Seed|p1a: Charizard\n|-start|p1a: Charizard|move: Leech Seed\n|\n|-heal|p2a: Appletun|94\/100|[from] item: Leftovers\n|-damage|p1a: Charizard|88\/100|[from] Leech Seed|[of] p2a: Appletun\n|-heal|p2a: Appletun|100\/100|[silent]\n|upkeep\n|turn|11\n|\n|t:|1701098155\n|move|p1a: Charizard|Fire Punch|p2a: Appletun\n|-damage|p2a: Appletun|88\/100\n|move|p2a: Appletun|Dragon Pulse|p1a: Charizard\n|-damage|p1a: Charizard|40\/100\n|\n|-heal|p2a: Appletun|94\/100|[from] item: Leftovers\n|-damage|p1a: Charizard|28\/100|[from] Leech Seed|[of] p2a: Appletun\n|-heal|p2a: Appletun|100\/100|[silent]\n|upkeep\n|turn|12\n|\n|t:|1701098169\n|switch|p1a: Gardevoir|Gardevoir, F|100\/100\n|-status|p1a: Gardevoir|psn\n|switch|p2a: Hurtin urchin|Toxapex, M, shiny|88\/100\n|-damage|p2a: Hurtin urchin|76\/100|[from] Stealth Rock\n|\n|-heal|p2a: Hurtin urchin|82\/100|[from] item: Black Sludge\n|-damage|p1a: Gardevoir|88\/100 psn|[from] psn\n|upkeep\n|turn|13\n|\n|t:|1701098183\n|switch|p1a: Lurantis|Lurantis, F|100\/100\n|-status|p1a: Lurantis|psn\n|move|p2a: Hurtin urchin|Infestation|p1a: Lurantis\n|-supereffective|p1a: Lurantis\n|-damage|p1a: Lurantis|93\/100 psn\n|-activate|p1a: Lurantis|move: Infestation|[of] p2a: Hurtin urchin\n|\n|-heal|p2a: Hurtin urchin|88\/100|[from] item: Black Sludge\n|-damage|p1a: Lurantis|80\/100 psn|[from] psn\n|-damage|p1a: Lurantis|68\/100 psn|[from] move: Infestation|[partiallytrapped]\n|upkeep\n|turn|14\n|\n|t:|1701098201\n|move|p2a: Hurtin urchin|Baneful Bunker|p2a: Hurtin urchin\n|-singleturn|p2a: Hurtin urchin|move: Protect\n|move|p1a: Lurantis|Leech Life|p2a: Hurtin urchin\n|-activate|p2a: Hurtin urchin|move: Protect\n|\n|-heal|p2a: Hurtin urchin|94\/100|[from] item: Black Sludge\n|-damage|p1a: Lurantis|56\/100 psn|[from] psn\n|-damage|p1a: Lurantis|43\/100 psn|[from] move: Infestation|[partiallytrapped]\n|upkeep\n|turn|15\n|\n|t:|1701098216\n|move|p2a: Hurtin urchin|Baneful Bunker||[still]\n|-fail|p2a: Hurtin urchin\n|move|p1a: Lurantis|Leech Life|p2a: Hurtin urchin\n|-resisted|p2a: Hurtin urchin\n|-damage|p2a: Hurtin urchin|87\/100\n|-heal|p1a: Lurantis|46\/100 psn|[from] drain|[of] p2a: Hurtin urchin\n|\n|-heal|p2a: Hurtin urchin|93\/100|[from] item: Black Sludge\n|-damage|p1a: Lurantis|34\/100 psn|[from] psn\n|-damage|p1a: Lurantis|21\/100 psn|[from] move: Infestation|[partiallytrapped]\n|upkeep\n|turn|16\n|\n|t:|1701098233\n|switch|p2a: Heatran|Heatran, M, shiny, tera:Grass|40\/100\n|-damage|p2a: Heatran|28\/100|[from] Stealth Rock\n|move|p1a: Lurantis|Leech Life|p2a: Heatran\n|-supereffective|p2a: Heatran\n|-damage|p2a: Heatran|0 fnt\n|-heal|p1a: Lurantis|38\/100 psn|[from] drain|[of] p2a: Heatran\n|-damage|p1a: Lurantis|22\/100 psn|[from] item: Rocky Helmet|[of] p2a: Heatran\n|faint|p2a: Heatran\n|\n|-damage|p1a: Lurantis|9\/100 psn|[from] psn\n|-end|p1a: Lurantis|Infestation|[partiallytrapped]|[silent]\n|upkeep\n|\n|t:|1701098250\n|switch|p2a: Appletun|Appletun, F, shiny|100\/100\n|-damage|p2a: Appletun|88\/100|[from] Stealth Rock\n|turn|17\n|\n|t:|1701098256\n|move|p1a: Lurantis|Leech Life|p2a: Appletun\n|-supereffective|p2a: Appletun\n|-damage|p2a: Appletun|43\/100\n|-heal|p1a: Lurantis|35\/100 psn|[from] drain|[of] p2a: Appletun\n|move|p2a: Appletun|Giga Drain|p1a: Lurantis\n|-resisted|p1a: Lurantis\n|-damage|p1a: Lurantis|17\/100 psn\n|-heal|p2a: Appletun|51\/100|[from] drain|[of] p1a: Lurantis\n|\n|-heal|p2a: Appletun|57\/100|[from] item: Leftovers\n|-damage|p1a: Lurantis|5\/100 psn|[from] psn\n|upkeep\n|turn|18\n|\n|t:|1701098275\n|switch|p2a: Heracross|Heracross, M, shiny|100\/100\n|move|p1a: Lurantis|Leech Life|p2a: Heracross\n|-resisted|p2a: Heracross\n|-damage|p2a: Heracross|89\/100\n|-heal|p1a: Lurantis|11\/100 psn|[from] drain|[of] p2a: Heracross\n|\n|-damage|p1a: Lurantis|0 fnt|[from] psn\n|faint|p1a: Lurantis\n|upkeep\n|\n|t:|1701098285\n|switch|p1a: Charizard|Charizard, M, shiny|28\/100\n|turn|19\n|\n|t:|1701098294\n|move|p1a: Charizard|Air Slash|p2a: Heracross\n|-supereffective|p2a: Heracross\n|-damage|p2a: Heracross|0 fnt\n|faint|p2a: Heracross\n|\n|upkeep\n|\n|t:|1701098304\n|switch|p2a: Hurtin urchin|Toxapex, M, shiny|100\/100\n|-damage|p2a: Hurtin urchin|88\/100|[from] Stealth Rock\n|turn|20\n|\n|t:|1701098309\n|move|p2a: Hurtin urchin|Baneful Bunker|p2a: Hurtin urchin\n|-singleturn|p2a: Hurtin urchin|move: Protect\n|move|p1a: Charizard|Thunder Punch|p2a: Hurtin urchin\n|-activate|p2a: Hurtin urchin|move: Protect\n|-status|p1a: Charizard|psn\n|\n|-heal|p2a: Hurtin urchin|94\/100|[from] item: Black Sludge\n|-damage|p1a: Charizard|15\/100 psn|[from] psn\n|upkeep\n|turn|21\n|\n|t:|1701098322\n|switch|p2a: Garganacl|Garganacl, M|100\/100\n|-damage|p2a: Garganacl|88\/100|[from] Stealth Rock\n|move|p1a: Charizard|Thunder Punch|p2a: Garganacl\n|-crit|p2a: Garganacl\n|-damage|p2a: Garganacl|75\/100\n|\n|-damage|p1a: Charizard|3\/100 psn|[from] psn\n|upkeep\n|turn|22\n|\n|t:|1701098334\n|move|p1a: Charizard|Air Slash|p2a: Garganacl\n|-resisted|p2a: Garganacl\n|-damage|p2a: Garganacl|62\/100\n|move|p2a: Garganacl|Recover|p2a: Garganacl\n|-heal|p2a: Garganacl|100\/100\n|\n|-damage|p1a: Charizard|0 fnt|[from] psn\n|faint|p1a: Charizard\n|upkeep\n|\n|t:|1701098343\n|switch|p1a: Gyarados|Gyarados, M|84\/100\n|-ability|p1a: Gyarados|Intimidate|boost\n|-unboost|p2a: Garganacl|atk|1\n|turn|23\n|\n|t:|1701098353\n|move|p1a: Gyarados|Aqua Tail|p2a: Garganacl\n|-supereffective|p2a: Garganacl\n|-damage|p2a: Garganacl|52\/100\n|move|p2a: Garganacl|Salt Cure|p1a: Gyarados\n|-supereffective|p1a: Gyarados\n|-damage|p1a: Gyarados|62\/100\n|-start|p1a: Gyarados|Salt Cure\n|-heal|p2a: Garganacl|54\/100|[from] item: Shell Bell|[of] p1a: Gyarados\n|\n|-damage|p1a: Gyarados|37\/100|[from] Salt Cure\n|upkeep\n|turn|24\n|\n|t:|1701098365\n|move|p1a: Gyarados|Aqua Tail|p2a: Garganacl\n|-supereffective|p2a: Garganacl\n|-damage|p2a: Garganacl|7\/100\n|move|p2a: Garganacl|Recover|p2a: Garganacl\n|-heal|p2a: Garganacl|57\/100\n|\n|-damage|p1a: Gyarados|12\/100|[from] Salt Cure\n|upkeep\n|turn|25\n|\n|t:|1701098378\n|switch|p2a: Hurtin urchin|Toxapex, M, shiny|100\/100\n|-damage|p2a: Hurtin urchin|88\/100|[from] Stealth Rock\n|move|p1a: Gyarados|Aqua Tail|p2a: Hurtin urchin\n|-resisted|p2a: Hurtin urchin\n|-damage|p2a: Hurtin urchin|71\/100\n|\n|-heal|p2a: Hurtin urchin|77\/100|[from] item: Black Sludge\n|-damage|p1a: Gyarados|0 fnt|[from] Salt Cure\n|faint|p1a: Gyarados\n|upkeep\n|\n|t:|1701098389\n|switch|p1a: Gardevoir|Gardevoir, F|88\/100 psn\n|turn|26\n|\n|t:|1701098398\n|move|p1a: Gardevoir|Draining Kiss|p2a: Hurtin urchin\n|-resisted|p2a: Hurtin urchin\n|-damage|p2a: Hurtin urchin|68\/100\n|-heal|p1a: Gardevoir|94\/100 psn|[from] drain|[of] p2a: Hurtin urchin\n|move|p2a: Hurtin urchin|Infestation|p1a: Gardevoir\n|-damage|p1a: Gardevoir|91\/100 psn\n|-activate|p1a: Gardevoir|move: Infestation|[of] p2a: Hurtin urchin\n|\n|-heal|p2a: Hurtin urchin|74\/100|[from] item: Black Sludge\n|-damage|p1a: Gardevoir|79\/100 psn|[from] psn\n|-damage|p1a: Gardevoir|67\/100 psn|[from] move: Infestation|[partiallytrapped]\n|upkeep\n|turn|27\n|\n|t:|1701098411\n|switch|p2a: Garganacl|Garganacl, M|57\/100\n|-damage|p2a: Garganacl|45\/100|[from] Stealth Rock\n|move|p1a: Gardevoir|Ice Punch|p2a: Garganacl\n|-damage|p2a: Garganacl|37\/100\n|\n|-damage|p1a: Gardevoir|54\/100 psn|[from] psn\n|-end|p1a: Gardevoir|Infestation|[partiallytrapped]|[silent]\n|upkeep\n|turn|28\n|\n|t:|1701098422\n|move|p1a: Gardevoir|Draining Kiss|p2a: Garganacl\n|-damage|p2a: Garganacl|14\/100\n|-heal|p1a: Gardevoir|80\/100 psn|[from] drain|[of] p2a: Garganacl\n|move|p2a: Garganacl|Salt Cure|p1a: Gardevoir\n|-damage|p1a: Gardevoir|59\/100 psn\n|-start|p1a: Gardevoir|Salt Cure\n|-heal|p2a: Garganacl|16\/100|[from] item: Shell Bell|[of] p1a: Gardevoir\n|\n|-damage|p1a: Gardevoir|46\/100 psn|[from] psn\n|-damage|p1a: Gardevoir|34\/100 psn|[from] Salt Cure\n|upkeep\n|turn|29\n|\n|t:|1701098436\n|switch|p2a: Appletun|Appletun, F, shiny|57\/100\n|-damage|p2a: Appletun|44\/100|[from] Stealth Rock\n|move|p1a: Gardevoir|Draining Kiss|p2a: Appletun\n|-supereffective|p2a: Appletun\n|-damage|p2a: Appletun|0 fnt\n|-heal|p1a: Gardevoir|77\/100 psn|[from] drain|[of] p2a: Appletun\n|faint|p2a: Appletun\n|\n|-damage|p1a: Gardevoir|65\/100 psn|[from] psn\n|-damage|p1a: Gardevoir|52\/100 psn|[from] Salt Cure\n|upkeep\n|\n|t:|1701098449\n|switch|p2a: Hurtin urchin|Toxapex, M, shiny|100\/100\n|-damage|p2a: Hurtin urchin|88\/100|[from] Stealth Rock\n|turn|30\n|\n|t:|1701098473\n|move|p2a: Hurtin urchin|Baneful Bunker|p2a: Hurtin urchin\n|-singleturn|p2a: Hurtin urchin|move: Protect\n|move|p1a: Gardevoir|Draining Kiss|p2a: Hurtin urchin\n|-activate|p2a: Hurtin urchin|move: Protect\n|\n|-heal|p2a: Hurtin urchin|94\/100|[from] item: Black Sludge\n|-damage|p1a: Gardevoir|40\/100 psn|[from] psn\n|-damage|p1a: Gardevoir|28\/100 psn|[from] Salt Cure\n|upkeep\n|turn|31\n|\n|t:|1701098487\n|move|p1a: Gardevoir|Draining Kiss|p2a: Hurtin urchin\n|-resisted|p2a: Hurtin urchin\n|-damage|p2a: Hurtin urchin|85\/100\n|-heal|p1a: Gardevoir|34\/100 psn|[from] drain|[of] p2a: Hurtin urchin\n|move|p2a: Hurtin urchin|Infestation|p1a: Gardevoir\n|-damage|p1a: Gardevoir|31\/100 psn\n|-activate|p1a: Gardevoir|move: Infestation|[of] p2a: Hurtin urchin\n|\n|-heal|p2a: Hurtin urchin|91\/100|[from] item: Black Sludge\n|-damage|p1a: Gardevoir|19\/100 psn|[from] psn\n|-damage|p1a: Gardevoir|7\/100 psn|[from] Salt Cure\n|-damage|p1a: Gardevoir|0 fnt|[from] move: Infestation|[partiallytrapped]\n|faint|p1a: Gardevoir\n|\n|win|Lawstinyhesauce\n|upkeep\n|raw|Thendermite88's rating: 1025 &rarr; <strong>1010<\/strong><br \/>(-15 for losing)\n|raw|Lawstinyhesauce's rating: 1000 &rarr; <strong>1043<\/strong><br \/>(+43 for winning)\n|l|\u2606Thendermite88\n","uploadtime":1701098504,"views":15,"p1id":"thendermite88","p2id":"lawstinyhesauce","formatid":"gen9ou","rating":1010,"private":0,"password":""}