{"id":"gen9ou-1997882204","p1":"Sakuta24","p2":"usadfjeidk","format":"[Gen 9] OU","log":"|j|\u2606Sakuta24\n|j|\u2606usadfjeidk\n|t:|1700863242\n|gametype|singles\n|player|p1|Sakuta24|courtney|1137\n|player|p2|usadfjeidk|265|1107\n|teamsize|p1|6\n|teamsize|p2|6\n|gen|9\n|tier|[Gen 9] OU\n|rated|\n|rule|Sleep Clause Mod: Limit one foe put to sleep\n|rule|Species Clause: Limit one of each Pok\u00e9mon\n|rule|OHKO Clause: OHKO moves are banned\n|rule|Evasion Items Clause: Evasion items are banned\n|rule|Evasion Moves Clause: Evasion moves are banned\n|rule|Endless Battle Clause: Forcing endless battles is banned\n|rule|HP Percentage Mod: HP is shown in percentages\n|clearpoke\n|poke|p1|Lokix, M|\n|poke|p1|Ceruledge, F|\n|poke|p1|Ribombee, M|\n|poke|p1|Iron Treads|\n|poke|p1|Scizor, M|\n|poke|p1|Iron Moth|\n|poke|p2|Rillaboom, F|\n|poke|p2|Cinderace, M|\n|poke|p2|Ogerpon-Cornerstone, F|\n|poke|p2|Kingambit, F|\n|poke|p2|Great Tusk|\n|poke|p2|Iron Valiant|\n|teampreview\n|inactive|Battle timer is ON: inactive players will automatically lose when time's up. (requested by Sakuta24)\n|\n|t:|1700863263\n|start\n|switch|p1a: Ribombee|Ribombee, M|100\/100\n|switch|p2a: Cinderace|Cinderace, M|100\/100\n|turn|1\n|\n|t:|1700863266\n|move|p2a: Cinderace|Pyro Ball|p1a: Ribombee\n|-supereffective|p1a: Ribombee\n|-enditem|p1a: Ribombee|Focus Sash\n|-damage|p1a: Ribombee|1\/100\n|move|p1a: Ribombee|Sticky Web|p2a: Cinderace\n|-sidestart|p2: usadfjeidk|move: Sticky Web\n|\n|upkeep\n|turn|2\n|\n|t:|1700863273\n|switch|p1a: Ceruledge|Ceruledge, F|100\/100\n|move|p2a: Cinderace|Court Change|p2a: Cinderace\n|-swapsideconditions\n|-activate|p2a: Cinderace|move: Court Change\n|\n|upkeep\n|turn|3\n|\n|t:|1700863281\n|switch|p2a: Great Tusk|Great Tusk|100\/100\n|move|p1a: Ceruledge|Destiny Bond|p1a: Ceruledge\n|-singlemove|p1a: Ceruledge|Destiny Bond\n|\n|upkeep\n|turn|4\n|\n|t:|1700863288\n|move|p1a: Ceruledge|Endure|p1a: Ceruledge\n|-singleturn|p1a: Ceruledge|move: Endure\n|move|p2a: Great Tusk|Stealth Rock|p1a: Ceruledge\n|-sidestart|p1: Sakuta24|move: Stealth Rock\n|\n|upkeep\n|turn|5\n|\n|t:|1700863294\n|move|p2a: Great Tusk|Earthquake|p1a: Ceruledge\n|-supereffective|p1a: Ceruledge\n|-damage|p1a: Ceruledge|0 fnt\n|faint|p1a: Ceruledge\n|\n|upkeep\n|\n|t:|1700863320\n|switch|p1a: Iron Treads|Iron Treads|100\/100\n|-activate|p1a: Iron Treads|move: Sticky Web\n|-unboost|p1a: Iron Treads|spe|1\n|-damage|p1a: Iron Treads|97\/100|[from] Stealth Rock\n|-enditem|p1a: Iron Treads|Booster Energy\n|-activate|p1a: Iron Treads|ability: Quark Drive|[fromitem]\n|-start|p1a: Iron Treads|quarkdriveatk\n|turn|6\n|\n|t:|1700863324\n|-terastallize|p1a: Iron Treads|Bug\n|move|p2a: Great Tusk|Earthquake|p1a: Iron Treads\n|-resisted|p1a: Iron Treads\n|-damage|p1a: Iron Treads|76\/100\n|move|p1a: Iron Treads|Rapid Spin|p2a: Great Tusk\n|-damage|p2a: Great Tusk|88\/100\n|-boost|p1a: Iron Treads|spe|1\n|-damage|p1a: Iron Treads|60\/100|[from] item: Rocky Helmet|[of] p2a: Great Tusk\n|-sideend|p1: Sakuta24|Stealth Rock|[from] move: Rapid Spin|[of] p1a: Iron Treads\n|-sideend|p1: Sakuta24|Sticky Web|[from] move: Rapid Spin|[of] p1a: Iron Treads\n|\n|upkeep\n|turn|7\n|\n|t:|1700863341\n|move|p1a: Iron Treads|Ice Spinner|p2a: Great Tusk\n|-supereffective|p2a: Great Tusk\n|-damage|p2a: Great Tusk|50\/100\n|-damage|p1a: Iron Treads|43\/100|[from] item: Rocky Helmet|[of] p2a: Great Tusk\n|move|p2a: Great Tusk|Ice Spinner|p1a: Iron Treads\n|-damage|p1a: Iron Treads|23\/100\n|\n|upkeep\n|turn|8\n|\n|t:|1700863355\n|move|p1a: Iron Treads|Earthquake|p2a: Great Tusk\n|-damage|p2a: Great Tusk|9\/100\n|move|p2a: Great Tusk|Rapid Spin|p1a: Iron Treads\n|-damage|p1a: Iron Treads|9\/100\n|-boost|p2a: Great Tusk|spe|1\n|\n|upkeep\n|turn|9\n|\n|t:|1700863380\n|-end|p1a: Iron Treads|Quark Drive|[silent]\n|switch|p1a: Lokix|Lokix, M|100\/100\n|move|p2a: Great Tusk|Rapid Spin|p1a: Lokix\n|-damage|p1a: Lokix|80\/100\n|-boost|p2a: Great Tusk|spe|1\n|\n|upkeep\n|turn|10\n|\n|t:|1700863385\n|move|p1a: Lokix|First Impression|p2a: Great Tusk\n|-resisted|p2a: Great Tusk\n|-damage|p2a: Great Tusk|0 fnt\n|-damage|p1a: Lokix|64\/100|[from] item: Rocky Helmet|[of] p2a: Great Tusk\n|faint|p2a: Great Tusk\n|-end|p2a: Great Tusk|Protosynthesis|[silent]\n|\n|upkeep\n|\n|t:|1700863388\n|switch|p2a: Cinderace|Cinderace, M|100\/100\n|turn|11\n|\n|t:|1700863398\n|switch|p1a: Ribombee|Ribombee, M|1\/100\n|move|p2a: Cinderace|U-turn|p1a: Ribombee\n|-resisted|p1a: Ribombee\n|-damage|p1a: Ribombee|0 fnt\n|faint|p1a: Ribombee\n|\n|t:|1700863405\n|switch|p2a: Ogerpon|Ogerpon-Cornerstone, F|100\/100|[from] U-turn\n|\n|upkeep\n|\n|t:|1700863417\n|switch|p1a: Scizor|Scizor, M|100\/100\n|turn|12\n|inactive|usadfjeidk has 120 seconds left.\n|c|\u2606Sakuta24|Play\n|\n|t:|1700863466\n|move|p2a: Ogerpon|Ivy Cudgel|p1a: Scizor|[anim] Ivy Cudgel Rock\n|-damage|p1a: Scizor|27\/100\n|move|p1a: Scizor|Swords Dance|p1a: Scizor\n|-boost|p1a: Scizor|atk|2\n|\n|upkeep\n|turn|13\n|\n|t:|1700863471\n|move|p1a: Scizor|Bullet Punch|p2a: Ogerpon\n|-supereffective|p2a: Ogerpon\n|-ability|p2a: Ogerpon|Sturdy\n|-damage|p2a: Ogerpon|1\/100\n|move|p2a: Ogerpon|Ivy Cudgel|p1a: Scizor|[anim] Ivy Cudgel Rock\n|-crit|p1a: Scizor\n|-damage|p1a: Scizor|0 fnt\n|faint|p1a: Scizor\n|\n|upkeep\n|\n|t:|1700863475\n|switch|p1a: Lokix|Lokix, M|64\/100\n|turn|14\n|\n|t:|1700863483\n|switch|p2a: Kingambit|Kingambit, F|100\/100\n|-activate|p2a: Kingambit|ability: Supreme Overlord\n|-start|p2a: Kingambit|fallen1|[silent]\n|-item|p2a: Kingambit|Air Balloon\n|move|p1a: Lokix|First Impression|p2a: Kingambit\n|-damage|p2a: Kingambit|71\/100\n|-enditem|p2a: Kingambit|Air Balloon\n|\n|upkeep\n|turn|15\n|\n|t:|1700863488\n|move|p1a: Lokix|U-turn|p2a: Kingambit\n|-damage|p2a: Kingambit|47\/100\n|\n|t:|1700863491\n|switch|p1a: Iron Moth|Iron Moth|100\/100|[from] U-turn\n|-enditem|p1a: Iron Moth|Booster Energy\n|-activate|p1a: Iron Moth|ability: Quark Drive|[fromitem]\n|-start|p1a: Iron Moth|quarkdrivespa\n|move|p2a: Kingambit|Iron Head|p1a: Iron Moth\n|-resisted|p1a: Iron Moth\n|-damage|p1a: Iron Moth|57\/100\n|\n|upkeep\n|turn|16\n|\n|t:|1700863499\n|move|p2a: Kingambit|Sucker Punch|p1a: Iron Moth\n|-damage|p1a: Iron Moth|0 fnt\n|faint|p1a: Iron Moth\n|-end|p1a: Iron Moth|Quark Drive|[silent]\n|\n|upkeep\n|\n|t:|1700863505\n|switch|p1a: Iron Treads|Iron Treads, tera:Bug|9\/100\n|turn|17\n|\n|t:|1700863509\n|move|p2a: Kingambit|Sucker Punch|p1a: Iron Treads\n|-crit|p1a: Iron Treads\n|-damage|p1a: Iron Treads|0 fnt\n|faint|p1a: Iron Treads\n|-end|p1a: Iron Treads|Quark Drive|[silent]\n|\n|upkeep\n|-message|Sakuta24 forfeited.\n|\n|win|usadfjeidk\n|raw|Sakuta24's rating: 1137 &rarr; <strong>1110<\/strong><br \/>(-27 for losing)\n|raw|usadfjeidk's rating: 1107 &rarr; <strong>1134<\/strong><br \/>(+27 for winning)\n|l|\u2606Sakuta24\n","uploadtime":1700863526,"views":11,"p1id":"sakuta24","p2id":"usadfjeidk","formatid":"gen9ou","rating":1110,"private":0,"password":""}