{"id":"gen9ou-1994223836","p1":"niyonni","p2":"kitty_Venom","format":"[Gen 9] OU","log":"|j|\u2606niyonni\n|j|\u2606kitty_Venom\n|t:|1700420703\n|gametype|singles\n|player|p1|niyonni|guitarist|1157\n|player|p2|kitty_Venom|clair|1183\n|teamsize|p1|6\n|teamsize|p2|6\n|gen|9\n|tier|[Gen 9] OU\n|rated|\n|rule|Sleep Clause Mod: Limit one foe put to sleep\n|rule|Species Clause: Limit one of each Pok\u00e9mon\n|rule|OHKO Clause: OHKO moves are banned\n|rule|Evasion Items Clause: Evasion items are banned\n|rule|Evasion Moves Clause: Evasion moves are banned\n|rule|Endless Battle Clause: Forcing endless battles is banned\n|rule|HP Percentage Mod: HP is shown in percentages\n|clearpoke\n|poke|p1|Cinderace, M|\n|poke|p1|Ting-Lu|\n|poke|p1|Alomomola, F|\n|poke|p1|Ogerpon-Cornerstone, F|\n|poke|p1|Great Tusk|\n|poke|p1|Iron Valiant|\n|poke|p2|Dragonite, F|\n|poke|p2|Iron Valiant|\n|poke|p2|Cinderace, M|\n|poke|p2|Weezing-Galar, F|\n|poke|p2|Empoleon, M|\n|poke|p2|Rillaboom, F|\n|teampreview\n|inactive|Battle timer is ON: inactive players will automatically lose when time's up. (requested by kitty_Venom)\n|inactive|niyonni has 120 seconds left.\n|\n|t:|1700420751\n|start\n|switch|p1a: Iron Valiant|Iron Valiant|100\/100\n|switch|p2a: Weezing|Weezing-Galar, F|100\/100\n|turn|1\n|\n|t:|1700420780\n|switch|p2a: Empoleon|Empoleon, M|100\/100\n|move|p1a: Iron Valiant|Psyshock|p2a: Empoleon\n|-resisted|p2a: Empoleon\n|-damage|p2a: Empoleon|79\/100\n|\n|-heal|p2a: Empoleon|85\/100|[from] item: Leftovers\n|upkeep\n|turn|2\n|\n|t:|1700420799\n|-end|p1a: Iron Valiant|Quark Drive|[silent]\n|switch|p1a: Great Tusk|Great Tusk|100\/100\n|move|p2a: Empoleon|Stealth Rock|p1a: Great Tusk\n|-sidestart|p1: niyonni|move: Stealth Rock\n|\n|-heal|p2a: Empoleon|92\/100|[from] item: Leftovers\n|upkeep\n|turn|3\n|\n|t:|1700420812\n|switch|p2a: Rillaboom|Rillaboom, F|100\/100\n|-fieldstart|move: Grassy Terrain|[from] ability: Grassy Surge|[of] p2a: Rillaboom\n|move|p1a: Great Tusk|Close Combat|p2a: Rillaboom\n|-damage|p2a: Rillaboom|13\/100\n|-unboost|p1a: Great Tusk|def|1\n|-unboost|p1a: Great Tusk|spd|1\n|\n|-heal|p2a: Rillaboom|19\/100|[from] Grassy Terrain\n|upkeep\n|turn|4\n|inactive|kitty_Venom has 120 seconds left.\n|\n|t:|1700420835\n|-terastallize|p1a: Great Tusk|Steel\n|move|p2a: Rillaboom|Grassy Glide|p1a: Great Tusk\n|-resisted|p1a: Great Tusk\n|-damage|p1a: Great Tusk|77\/100\n|move|p1a: Great Tusk|Close Combat|p2a: Rillaboom\n|-damage|p2a: Rillaboom|0 fnt\n|-unboost|p1a: Great Tusk|def|1\n|-unboost|p1a: Great Tusk|spd|1\n|faint|p2a: Rillaboom\n|\n|-heal|p1a: Great Tusk|83\/100|[from] Grassy Terrain\n|upkeep\n|inactive|kitty_Venom has 120 seconds left.\n|\n|t:|1700420855\n|switch|p2a: Iron Valiant|Iron Valiant|100\/100\n|-enditem|p2a: Iron Valiant|Booster Energy\n|-activate|p2a: Iron Valiant|ability: Quark Drive|[fromitem]\n|-start|p2a: Iron Valiant|quarkdrivespe\n|turn|5\n|\n|t:|1700420865\n|-end|p1a: Great Tusk|Protosynthesis|[silent]\n|switch|p1a: Ting-Lu|Ting-Lu|100\/100\n|-damage|p1a: Ting-Lu|94\/100|[from] Stealth Rock\n|-ability|p1a: Ting-Lu|Vessel of Ruin\n|move|p2a: Iron Valiant|Close Combat|p1a: Ting-Lu\n|-supereffective|p1a: Ting-Lu\n|-damage|p1a: Ting-Lu|30\/100\n|-unboost|p2a: Iron Valiant|def|1\n|-unboost|p2a: Iron Valiant|spd|1\n|\n|-heal|p1a: Ting-Lu|36\/100|[from] Grassy Terrain\n|-heal|p1a: Ting-Lu|43\/100|[from] item: Leftovers\n|upkeep\n|turn|6\n|inactive|kitty_Venom has 120 seconds left.\n|\n|t:|1700420875\n|move|p1a: Ting-Lu|Protect|p1a: Ting-Lu\n|-singleturn|p1a: Ting-Lu|Protect\n|move|p2a: Iron Valiant|Close Combat|p1a: Ting-Lu\n|-activate|p1a: Ting-Lu|move: Protect\n|\n|-heal|p1a: Ting-Lu|49\/100|[from] Grassy Terrain\n|-heal|p1a: Ting-Lu|55\/100|[from] item: Leftovers\n|upkeep\n|turn|7\n|\n|t:|1700420888\n|move|p1a: Ting-Lu|Protect||[still]\n|-fail|p1a: Ting-Lu\n|move|p2a: Iron Valiant|Close Combat|p1a: Ting-Lu\n|-supereffective|p1a: Ting-Lu\n|-damage|p1a: Ting-Lu|0 fnt\n|-unboost|p2a: Iron Valiant|def|1\n|-unboost|p2a: Iron Valiant|spd|1\n|faint|p1a: Ting-Lu\n|\n|-fieldend|move: Grassy Terrain\n|upkeep\n|inactive|niyonni has 120 seconds left.\n|\n|t:|1700420915\n|switch|p1a: Cinderace|Cinderace, M|100\/100\n|turn|8\n|\n|t:|1700420923\n|-end|p2a: Iron Valiant|Quark Drive|[silent]\n|switch|p2a: Weezing|Weezing-Galar, F|100\/100\n|move|p1a: Cinderace|Gunk Shot|p2a: Weezing|[miss]\n|-start|p1a: Cinderace|typechange|Poison|[from] ability: Libero\n|-miss|p1a: Cinderace|p2a: Weezing\n|\n|upkeep\n|turn|9\n|\n|t:|1700420937\n|move|p1a: Cinderace|Pyro Ball|p2a: Weezing\n|-damage|p2a: Weezing|74\/100\n|move|p2a: Weezing|Will-O-Wisp|p1a: Cinderace|[miss]\n|-miss|p2a: Weezing|p1a: Cinderace\n|\n|-heal|p2a: Weezing|80\/100|[from] item: Black Sludge\n|upkeep\n|turn|10\n|\n|t:|1700420947\n|move|p1a: Cinderace|U-turn|p2a: Weezing\n|-resisted|p2a: Weezing\n|-damage|p2a: Weezing|76\/100\n|\n|t:|1700420954\n|switch|p1a: Great Tusk|Great Tusk, tera:Steel|83\/100|[from] U-turn\n|-damage|p1a: Great Tusk|77\/100|[from] Stealth Rock\n|move|p2a: Weezing|Strange Steam|p1a: Great Tusk\n|-resisted|p1a: Great Tusk\n|-damage|p1a: Great Tusk|58\/100\n|\n|-heal|p2a: Weezing|82\/100|[from] item: Black Sludge\n|upkeep\n|turn|11\n|\n|t:|1700420980\n|move|p1a: Great Tusk|Ice Spinner|p2a: Weezing\n|-damage|p2a: Weezing|53\/100\n|move|p2a: Weezing|Will-O-Wisp|p1a: Great Tusk\n|-status|p1a: Great Tusk|brn\n|\n|-heal|p2a: Weezing|59\/100|[from] item: Black Sludge\n|-damage|p1a: Great Tusk|52\/100 brn|[from] brn\n|upkeep\n|turn|12\n|\n|t:|1700420997\n|-end|p1a: Great Tusk|Protosynthesis|[silent]\n|switch|p1a: Alomomola|Alomomola, F|100\/100\n|-damage|p1a: Alomomola|88\/100|[from] Stealth Rock\n|move|p2a: Weezing|Strange Steam|p1a: Alomomola\n|-damage|p1a: Alomomola|53\/100\n|\n|-heal|p2a: Weezing|65\/100|[from] item: Black Sludge\n|upkeep\n|turn|13\n|\n|t:|1700421007\n|switch|p2a: Empoleon|Empoleon, M|92\/100\n|move|p1a: Alomomola|Wish|p1a: Alomomola\n|\n|-heal|p2a: Empoleon|98\/100|[from] item: Leftovers\n|upkeep\n|turn|14\n|\n|t:|1700421016\n|move|p1a: Alomomola|Protect|p1a: Alomomola\n|-singleturn|p1a: Alomomola|Protect\n|move|p2a: Empoleon|Ice Beam|p1a: Alomomola\n|-activate|p1a: Alomomola|move: Protect\n|\n|-heal|p1a: Alomomola|100\/100|[from] move: Wish|[wisher] Alomomola\n|-heal|p2a: Empoleon|100\/100|[from] item: Leftovers\n|upkeep\n|turn|15\n|\n|t:|1700421030\n|move|p2a: Empoleon|Flip Turn|p1a: Alomomola\n|-resisted|p1a: Alomomola\n|-crit|p1a: Alomomola\n|-damage|p1a: Alomomola|93\/100\n|\n|t:|1700421036\n|switch|p2a: Weezing|Weezing-Galar, F|65\/100|[from] Flip Turn\n|move|p1a: Alomomola|Scald|p2a: Weezing\n|-damage|p2a: Weezing|47\/100\n|\n|-heal|p2a: Weezing|53\/100|[from] item: Black Sludge\n|upkeep\n|turn|16\n|\n|t:|1700421046\n|move|p2a: Weezing|Will-O-Wisp|p1a: Alomomola\n|-status|p1a: Alomomola|brn\n|move|p1a: Alomomola|Wish|p1a: Alomomola\n|\n|-heal|p2a: Weezing|59\/100|[from] item: Black Sludge\n|-damage|p1a: Alomomola|87\/100 brn|[from] brn\n|upkeep\n|turn|17\n|\n|t:|1700421057\n|move|p2a: Weezing|Sludge Bomb|p1a: Alomomola\n|-damage|p1a: Alomomola|53\/100 brn\n|move|p1a: Alomomola|Flip Turn|p2a: Weezing\n|-damage|p2a: Weezing|54\/100\n|\n|t:|1700421062\n|switch|p1a: Great Tusk|Great Tusk, tera:Steel|52\/100 brn|[from] Flip Turn\n|-damage|p1a: Great Tusk|46\/100 brn|[from] Stealth Rock\n|\n|-heal|p1a: Great Tusk|100\/100 brn|[from] move: Wish|[wisher] Alomomola\n|-heal|p2a: Weezing|60\/100|[from] item: Black Sludge\n|-damage|p1a: Great Tusk|94\/100 brn|[from] brn\n|upkeep\n|turn|18\n|\n|t:|1700421072\n|move|p1a: Great Tusk|Headlong Rush|p2a: Weezing\n|-immune|p2a: Weezing|[from] ability: Levitate\n|move|p2a: Weezing|Strange Steam|p1a: Great Tusk|[miss]\n|-miss|p2a: Weezing|p1a: Great Tusk\n|\n|-heal|p2a: Weezing|66\/100|[from] item: Black Sludge\n|-damage|p1a: Great Tusk|88\/100 brn|[from] brn\n|upkeep\n|turn|19\n|\n|t:|1700421098\n|-end|p1a: Great Tusk|Protosynthesis|[silent]\n|switch|p1a: Cinderace|Cinderace, M|100\/100\n|move|p2a: Weezing|Strange Steam|p1a: Cinderace\n|-resisted|p1a: Cinderace\n|-damage|p1a: Cinderace|81\/100\n|\n|-heal|p2a: Weezing|72\/100|[from] item: Black Sludge\n|upkeep\n|turn|20\n|\n|t:|1700421109\n|move|p1a: Cinderace|U-turn|p2a: Weezing\n|-start|p1a: Cinderace|typechange|Bug|[from] ability: Libero\n|-resisted|p2a: Weezing\n|-damage|p2a: Weezing|66\/100\n|\n|t:|1700421113\n|switch|p1a: Iron Valiant|Iron Valiant|100\/100|[from] U-turn\n|-damage|p1a: Iron Valiant|94\/100|[from] Stealth Rock\n|move|p2a: Weezing|Strange Steam|p1a: Iron Valiant\n|-supereffective|p1a: Iron Valiant\n|-damage|p1a: Iron Valiant|3\/100\n|\n|-heal|p2a: Weezing|72\/100|[from] item: Black Sludge\n|upkeep\n|turn|21\n|\n|t:|1700421123\n|switch|p2a: Empoleon|Empoleon, M|100\/100\n|move|p1a: Iron Valiant|Psyshock|p2a: Empoleon\n|-resisted|p2a: Empoleon\n|-damage|p2a: Empoleon|79\/100\n|\n|-heal|p2a: Empoleon|85\/100|[from] item: Leftovers\n|upkeep\n|turn|22\n|\n|t:|1700421135\n|-end|p1a: Iron Valiant|Quark Drive|[silent]\n|switch|p1a: Great Tusk|Great Tusk, tera:Steel|88\/100 brn\n|-damage|p1a: Great Tusk|82\/100 brn|[from] Stealth Rock\n|move|p2a: Empoleon|Flip Turn|p1a: Great Tusk\n|-damage|p1a: Great Tusk|67\/100 brn\n|\n|t:|1700421150\n|switch|p2a: Iron Valiant|Iron Valiant|100\/100|[from] Flip Turn\n|\n|-damage|p1a: Great Tusk|61\/100 brn|[from] brn\n|upkeep\n|turn|23\n|inactive|niyonni has 120 seconds left.\n|\n|t:|1700421181\n|move|p2a: Iron Valiant|Close Combat|p1a: Great Tusk\n|-supereffective|p1a: Great Tusk\n|-damage|p1a: Great Tusk|0 fnt\n|-unboost|p2a: Iron Valiant|def|1\n|-unboost|p2a: Iron Valiant|spd|1\n|faint|p1a: Great Tusk\n|-end|p1a: Great Tusk|Protosynthesis|[silent]\n|\n|upkeep\n|inactive|niyonni has 120 seconds left.\n|\n|t:|1700421192\n|switch|p1a: Cinderace|Cinderace, M|81\/100\n|turn|24\n|inactive|niyonni has 120 seconds left.\n|\n|t:|1700421204\n|-end|p2a: Iron Valiant|Quark Drive|[silent]\n|switch|p2a: Weezing|Weezing-Galar, F|72\/100\n|move|p1a: Cinderace|Court Change|p1a: Cinderace\n|-start|p1a: Cinderace|typechange|Normal|[from] ability: Libero\n|-swapsideconditions\n|-activate|p1a: Cinderace|move: Court Change\n|\n|-heal|p2a: Weezing|78\/100|[from] item: Black Sludge\n|upkeep\n|turn|25\n|inactive|niyonni has 120 seconds left.\n|\n|t:|1700421219\n|move|p1a: Cinderace|U-turn|p2a: Weezing\n|-resisted|p2a: Weezing\n|-damage|p2a: Weezing|75\/100\n|\n|t:|1700421224\n|switch|p1a: Alomomola|Alomomola, F|86\/100 brn|[from] U-turn\n|move|p2a: Weezing|Defog|p1a: Alomomola\n|-unboost|p1a: Alomomola|evasion|1\n|-sideend|p2: kitty_Venom|Stealth Rock|[from] move: Defog|[of] p2a: Weezing\n|\n|-heal|p2a: Weezing|81\/100|[from] item: Black Sludge\n|-damage|p1a: Alomomola|80\/100 brn|[from] brn\n|upkeep\n|turn|26\n|\n|t:|1700421230\n|move|p2a: Weezing|Strange Steam|p1a: Alomomola\n|-crit|p1a: Alomomola\n|-damage|p1a: Alomomola|32\/100 brn\n|move|p1a: Alomomola|Wish|p1a: Alomomola\n|\n|-heal|p2a: Weezing|87\/100|[from] item: Black Sludge\n|-damage|p1a: Alomomola|26\/100 brn|[from] brn\n|upkeep\n|turn|27\n|\n|t:|1700421236\n|switch|p2a: Empoleon|Empoleon, M|85\/100\n|move|p1a: Alomomola|Flip Turn|p2a: Empoleon\n|-resisted|p2a: Empoleon\n|-damage|p2a: Empoleon|82\/100\n|\n|t:|1700421241\n|switch|p1a: Iron Valiant|Iron Valiant|3\/100|[from] Flip Turn\n|\n|-heal|p1a: Iron Valiant|95\/100|[from] move: Wish|[wisher] Alomomola\n|-heal|p2a: Empoleon|88\/100|[from] item: Leftovers\n|upkeep\n|turn|28\n|\n|t:|1700421250\n|move|p1a: Iron Valiant|Thunderbolt|p2a: Empoleon\n|-supereffective|p2a: Empoleon\n|-damage|p2a: Empoleon|27\/100\n|move|p2a: Empoleon|Flip Turn|p1a: Iron Valiant\n|-damage|p1a: Iron Valiant|73\/100\n|\n|t:|1700421259\n|switch|p2a: Iron Valiant|Iron Valiant|100\/100|[from] Flip Turn\n|\n|upkeep\n|turn|29\n|\n|t:|1700421266\n|move|p2a: Iron Valiant|Moonblast|p1a: Iron Valiant\n|-supereffective|p1a: Iron Valiant\n|-damage|p1a: Iron Valiant|0 fnt\n|faint|p1a: Iron Valiant\n|-end|p1a: Iron Valiant|Quark Drive|[silent]\n|\n|upkeep\n|\n|t:|1700421279\n|switch|p1a: Ogerpon|Ogerpon-Cornerstone, F|100\/100\n|turn|30\n|\n|t:|1700421293\n|move|p2a: Iron Valiant|Moonblast|p1a: Ogerpon\n|-damage|p1a: Ogerpon|55\/100\n|move|p1a: Ogerpon|Low Sweep|p2a: Iron Valiant\n|-resisted|p2a: Iron Valiant\n|-damage|p2a: Iron Valiant|84\/100\n|-unboost|p2a: Iron Valiant|spe|1\n|\n|upkeep\n|turn|31\n|\n|t:|1700421308\n|-end|p2a: Iron Valiant|Quark Drive|[silent]\n|switch|p2a: Weezing|Weezing-Galar, F|87\/100\n|move|p1a: Ogerpon|Swords Dance|p1a: Ogerpon\n|-boost|p1a: Ogerpon|atk|2\n|\n|-heal|p2a: Weezing|93\/100|[from] item: Black Sludge\n|upkeep\n|turn|32\n|\n|t:|1700421320\n|move|p1a: Ogerpon|Ivy Cudgel|p2a: Weezing|[anim] Ivy Cudgel Rock\n|-damage|p2a: Weezing|20\/100\n|move|p2a: Weezing|Will-O-Wisp|p1a: Ogerpon\n|-status|p1a: Ogerpon|brn\n|\n|-heal|p2a: Weezing|26\/100|[from] item: Black Sludge\n|-damage|p1a: Ogerpon|49\/100 brn|[from] brn\n|upkeep\n|turn|33\n|\n|t:|1700421330\n|switch|p2a: Empoleon|Empoleon, M|27\/100\n|move|p1a: Ogerpon|Ivy Cudgel|p2a: Empoleon|[anim] Ivy Cudgel Rock\n|-resisted|p2a: Empoleon\n|-damage|p2a: Empoleon|0 fnt\n|faint|p2a: Empoleon\n|\n|-damage|p1a: Ogerpon|43\/100 brn|[from] brn\n|upkeep\n|\n|t:|1700421335\n|switch|p2a: Iron Valiant|Iron Valiant|84\/100\n|turn|34\n|\n|t:|1700421343\n|switch|p1a: Alomomola|Alomomola, F|59\/100 brn\n|move|p2a: Iron Valiant|Moonblast|p1a: Alomomola\n|-damage|p1a: Alomomola|11\/100 brn\n|-enditem|p1a: Alomomola|Aguav Berry|[eat]\n|-heal|p1a: Alomomola|44\/100 brn|[from] item: Aguav Berry\n|\n|-damage|p1a: Alomomola|38\/100 brn|[from] brn\n|upkeep\n|turn|35\n|\n|t:|1700421357\n|move|p1a: Alomomola|Protect|p1a: Alomomola\n|-singleturn|p1a: Alomomola|Protect\n|move|p2a: Iron Valiant|Close Combat|p1a: Alomomola\n|-activate|p1a: Alomomola|move: Protect\n|\n|-damage|p1a: Alomomola|32\/100 brn|[from] brn\n|upkeep\n|turn|36\n|\n|t:|1700421363\n|switch|p1a: Cinderace|Cinderace, M|81\/100\n|move|p2a: Iron Valiant|Close Combat|p1a: Cinderace\n|-damage|p1a: Cinderace|0 fnt\n|-unboost|p2a: Iron Valiant|def|1\n|-unboost|p2a: Iron Valiant|spd|1\n|faint|p1a: Cinderace\n|\n|upkeep\n|\n|t:|1700421368\n|switch|p1a: Alomomola|Alomomola, F|65\/100 brn\n|turn|37\n|\n|t:|1700421374\n|move|p2a: Iron Valiant|Close Combat|p1a: Alomomola\n|-crit|p1a: Alomomola\n|-damage|p1a: Alomomola|13\/100 brn\n|-unboost|p2a: Iron Valiant|def|1\n|-unboost|p2a: Iron Valiant|spd|1\n|move|p1a: Alomomola|Wish|p1a: Alomomola\n|\n|-damage|p1a: Alomomola|6\/100 brn|[from] brn\n|upkeep\n|turn|38\n|\n|t:|1700421389\n|-end|p2a: Iron Valiant|Quark Drive|[silent]\n|switch|p2a: Weezing|Weezing-Galar, F|26\/100\n|move|p1a: Alomomola|Protect||[still]\n|-fail|p1a: Alomomola\n|\n|-heal|p1a: Alomomola|56\/100 brn|[from] move: Wish|[wisher] Alomomola\n|-heal|p2a: Weezing|32\/100|[from] item: Black Sludge\n|-damage|p1a: Alomomola|50\/100 brn|[from] brn\n|upkeep\n|turn|39\n|\n|t:|1700421401\n|move|p2a: Weezing|Sludge Bomb|p1a: Alomomola\n|-damage|p1a: Alomomola|19\/100 brn\n|move|p1a: Alomomola|Wish|p1a: Alomomola\n|\n|-heal|p2a: Weezing|38\/100|[from] item: Black Sludge\n|-damage|p1a: Alomomola|13\/100 brn|[from] brn\n|upkeep\n|turn|40\n|\n|t:|1700421410\n|move|p1a: Alomomola|Protect|p1a: Alomomola\n|-singleturn|p1a: Alomomola|Protect\n|move|p2a: Weezing|Sludge Bomb|p1a: Alomomola\n|-activate|p1a: Alomomola|move: Protect\n|\n|-heal|p1a: Alomomola|63\/100 brn|[from] move: Wish|[wisher] Alomomola\n|-heal|p2a: Weezing|44\/100|[from] item: Black Sludge\n|-damage|p1a: Alomomola|57\/100 brn|[from] brn\n|upkeep\n|turn|41\n|\n|t:|1700421417\n|move|p2a: Weezing|Sludge Bomb|p1a: Alomomola\n|-crit|p1a: Alomomola\n|-damage|p1a: Alomomola|10\/100 brn\n|move|p1a: Alomomola|Wish|p1a: Alomomola\n|\n|-heal|p2a: Weezing|50\/100|[from] item: Black Sludge\n|-damage|p1a: Alomomola|4\/100 brn|[from] brn\n|upkeep\n|turn|42\n|\n|t:|1700421430\n|switch|p1a: Ogerpon|Ogerpon-Cornerstone, F|43\/100 brn\n|move|p2a: Weezing|Defog|p1a: Ogerpon\n|-unboost|p1a: Ogerpon|evasion|1\n|\n|-heal|p1a: Ogerpon|100\/100 brn|[from] move: Wish|[wisher] Alomomola\n|-heal|p2a: Weezing|56\/100|[from] item: Black Sludge\n|-damage|p1a: Ogerpon|95\/100 brn|[from] brn\n|upkeep\n|turn|43\n|\n|t:|1700421440\n|move|p1a: Ogerpon|Swords Dance|p1a: Ogerpon\n|-boost|p1a: Ogerpon|atk|2\n|move|p2a: Weezing|Sludge Bomb|p1a: Ogerpon\n|-damage|p1a: Ogerpon|64\/100 brn\n|\n|-heal|p2a: Weezing|62\/100|[from] item: Black Sludge\n|-damage|p1a: Ogerpon|58\/100 brn|[from] brn\n|upkeep\n|turn|44\n|\n|t:|1700421451\n|move|p1a: Ogerpon|Ivy Cudgel|p2a: Weezing|[anim] Ivy Cudgel Rock\n|-damage|p2a: Weezing|25\/100\n|move|p2a: Weezing|Strange Steam|p1a: Ogerpon\n|-damage|p1a: Ogerpon|27\/100 brn\n|\n|-heal|p2a: Weezing|31\/100|[from] item: Black Sludge\n|-damage|p1a: Ogerpon|21\/100 brn|[from] brn\n|upkeep\n|turn|45\n|\n|t:|1700421460\n|move|p1a: Ogerpon|Ivy Cudgel|p2a: Weezing|[anim] Ivy Cudgel Rock\n|-crit|p2a: Weezing\n|-damage|p2a: Weezing|0 fnt\n|faint|p2a: Weezing\n|\n|-damage|p1a: Ogerpon|15\/100 brn|[from] brn\n|upkeep\n|\n|t:|1700421466\n|switch|p2a: Dragonite|Dragonite, F|100\/100\n|turn|46\n|\n|t:|1700421469\n|-terastallize|p2a: Dragonite|Normal\n|move|p2a: Dragonite|Extreme Speed|p1a: Ogerpon\n|-resisted|p1a: Ogerpon\n|-damage|p1a: Ogerpon|0 fnt\n|faint|p1a: Ogerpon\n|\n|upkeep\n|\n|t:|1700421473\n|switch|p1a: Alomomola|Alomomola, F|37\/100 brn\n|turn|47\n|\n|t:|1700421476\n|move|p2a: Dragonite|Extreme Speed|p1a: Alomomola\n|-damage|p1a: Alomomola|0 fnt\n|faint|p1a: Alomomola\n|\n|win|kitty_Venom\n|raw|niyonni's rating: 1157 &rarr; <strong>1134<\/strong><br \/>(-23 for losing)\n|raw|kitty_Venom's rating: 1183 &rarr; <strong>1206<\/strong><br \/>(+23 for winning)\n|l|\u2606niyonni\n","uploadtime":1700421485,"views":10,"p1id":"niyonni","p2id":"kittyvenom","formatid":"gen9ou","rating":1134,"private":0,"password":""}