{"id":"gen9ou-1994112325","p1":"lemaoxD","p2":"Nerdiestyt","format":"[Gen 9] OU","log":"|j|\u2606lemaoxD\n|j|\u2606Nerdiestyt\n|t:|1700408308\n|gametype|singles\n|player|p1|lemaoxD|preschooler|1320\n|player|p2|Nerdiestyt|lucas|1367\n|teamsize|p1|6\n|teamsize|p2|6\n|gen|9\n|tier|[Gen 9] OU\n|rated|\n|rule|Sleep Clause Mod: Limit one foe put to sleep\n|rule|Species Clause: Limit one of each Pok\u00e9mon\n|rule|OHKO Clause: OHKO moves are banned\n|rule|Evasion Items Clause: Evasion items are banned\n|rule|Evasion Moves Clause: Evasion moves are banned\n|rule|Endless Battle Clause: Forcing endless battles is banned\n|rule|HP Percentage Mod: HP is shown in percentages\n|clearpoke\n|poke|p1|Poliwrath, F|\n|poke|p1|Pelipper, M|\n|poke|p1|Overqwil, M|\n|poke|p1|Rillaboom, F|\n|poke|p1|Iron Treads|\n|poke|p1|Zapdos|\n|poke|p2|Dragapult, M|\n|poke|p2|Infernape, M|\n|poke|p2|Grimmsnarl, M|\n|poke|p2|Ribombee, F|\n|poke|p2|Great Tusk|\n|poke|p2|Gholdengo|\n|teampreview\n|\n|t:|1700408322\n|start\n|switch|p1a: Pelipper|Pelipper, M|100\/100\n|switch|p2a: Iced macchiato|Ribombee, F, shiny|100\/100\n|-weather|RainDance|[from] ability: Drizzle|[of] p1a: Pelipper\n|turn|1\n|\n|t:|1700408341\n|move|p2a: Iced macchiato|Sticky Web|p1a: Pelipper\n|-sidestart|p1: lemaoxD|move: Sticky Web\n|move|p1a: Pelipper|Hurricane|p2a: Iced macchiato\n|-supereffective|p2a: Iced macchiato\n|-enditem|p2a: Iced macchiato|Focus Sash\n|-damage|p2a: Iced macchiato|1\/100\n|\n|-weather|RainDance|[upkeep]\n|upkeep\n|turn|2\n|\n|t:|1700408350\n|move|p2a: Iced macchiato|Moonblast|p1a: Pelipper\n|-damage|p1a: Pelipper|50\/100\n|move|p1a: Pelipper|Hurricane|p2a: Iced macchiato\n|-supereffective|p2a: Iced macchiato\n|-damage|p2a: Iced macchiato|0 fnt\n|faint|p2a: Iced macchiato\n|\n|-weather|RainDance|[upkeep]\n|upkeep\n|\n|t:|1700408358\n|switch|p2a: Fighter jet man|Dragapult, M, shiny|100\/100\n|turn|3\n|\n|t:|1700408370\n|move|p2a: Fighter jet man|Shadow Ball|p1a: Pelipper\n|-damage|p1a: Pelipper|0 fnt\n|faint|p1a: Pelipper\n|\n|-weather|RainDance|[upkeep]\n|upkeep\n|\n|t:|1700408399\n|switch|p1a: Rillaboom|Rillaboom, F|100\/100\n|-activate|p1a: Rillaboom|move: Sticky Web\n|-unboost|p1a: Rillaboom|spe|1\n|-fieldstart|move: Grassy Terrain|[from] ability: Grassy Surge|[of] p1a: Rillaboom\n|turn|4\n|\n|t:|1700408407\n|move|p2a: Fighter jet man|Shadow Ball|p1a: Rillaboom\n|-damage|p1a: Rillaboom|29\/100\n|move|p1a: Rillaboom|Knock Off|p2a: Fighter jet man\n|-supereffective|p2a: Fighter jet man\n|-damage|p2a: Fighter jet man|0 fnt\n|-enditem|p2a: Fighter jet man|Choice Specs|[from] move: Knock Off|[of] p1a: Rillaboom\n|faint|p2a: Fighter jet man\n|\n|-weather|RainDance|[upkeep]\n|-heal|p1a: Rillaboom|35\/100|[from] Grassy Terrain\n|upkeep\n|\n|t:|1700408414\n|switch|p2a: Sun Wukong|Infernape, M|100\/100\n|turn|5\n|\n|t:|1700408426\n|switch|p1a: Zapdos|Zapdos|100\/100\n|move|p2a: Sun Wukong|Close Combat|p1a: Zapdos\n|-resisted|p1a: Zapdos\n|-damage|p1a: Zapdos|49\/100\n|-unboost|p2a: Sun Wukong|def|1\n|-unboost|p2a: Sun Wukong|spd|1\n|\n|-weather|RainDance|[upkeep]\n|upkeep\n|turn|6\n|j| Ruinous Tusk\n|\n|t:|1700408447\n|switch|p2a: Radical\u26a1\ufe0f\u270c\ufe0f\ud83c\udf0a|Gholdengo, shiny|100\/100\n|-item|p2a: Radical\u26a1\ufe0f\u270c\ufe0f\ud83c\udf0a|Air Balloon\n|move|p1a: Zapdos|Hurricane|p2a: Radical\u26a1\ufe0f\u270c\ufe0f\ud83c\udf0a\n|-resisted|p2a: Radical\u26a1\ufe0f\u270c\ufe0f\ud83c\udf0a\n|-damage|p2a: Radical\u26a1\ufe0f\u270c\ufe0f\ud83c\udf0a|66\/100\n|-enditem|p2a: Radical\u26a1\ufe0f\u270c\ufe0f\ud83c\udf0a|Air Balloon\n|\n|-weather|RainDance|[upkeep]\n|-heal|p2a: Radical\u26a1\ufe0f\u270c\ufe0f\ud83c\udf0a|72\/100|[from] Grassy Terrain\n|upkeep\n|turn|7\n|\n|t:|1700408466\n|move|p1a: Zapdos|Thunder|p2a: Radical\u26a1\ufe0f\u270c\ufe0f\ud83c\udf0a\n|-damage|p2a: Radical\u26a1\ufe0f\u270c\ufe0f\ud83c\udf0a|9\/100\n|move|p2a: Radical\u26a1\ufe0f\u270c\ufe0f\ud83c\udf0a|Focus Blast|p1a: Zapdos\n|-resisted|p1a: Zapdos\n|-damage|p1a: Zapdos|22\/100\n|\n|-weather|RainDance|[upkeep]\n|-heal|p2a: Radical\u26a1\ufe0f\u270c\ufe0f\ud83c\udf0a|15\/100|[from] Grassy Terrain\n|upkeep\n|turn|8\n|\n|t:|1700408478\n|move|p1a: Zapdos|Weather Ball|p2a: Radical\u26a1\ufe0f\u270c\ufe0f\ud83c\udf0a\n|-damage|p2a: Radical\u26a1\ufe0f\u270c\ufe0f\ud83c\udf0a|0 fnt\n|faint|p2a: Radical\u26a1\ufe0f\u270c\ufe0f\ud83c\udf0a\n|\n|-weather|none\n|-fieldend|move: Grassy Terrain\n|upkeep\n|\n|t:|1700408486\n|switch|p2a: Shrek\u2019s Bro|Grimmsnarl, M|100\/100\n|turn|9\n|\n|t:|1700408491\n|move|p2a: Shrek\u2019s Bro|Light Screen|p2a: Shrek\u2019s Bro\n|-sidestart|p2: Nerdiestyt|move: Light Screen\n|move|p1a: Zapdos|Roost|p1a: Zapdos\n|-heal|p1a: Zapdos|72\/100\n|-singleturn|p1a: Zapdos|move: Roost\n|\n|upkeep\n|turn|10\n|\n|t:|1700408500\n|switch|p1a: Iron Treads|Iron Treads|100\/100\n|-activate|p1a: Iron Treads|move: Sticky Web\n|-unboost|p1a: Iron Treads|spe|1\n|move|p2a: Shrek\u2019s Bro|Reflect|p2a: Shrek\u2019s Bro\n|-sidestart|p2: Nerdiestyt|Reflect\n|\n|upkeep\n|turn|11\n|\n|t:|1700408508\n|move|p1a: Iron Treads|Rapid Spin|p2a: Shrek\u2019s Bro\n|-damage|p2a: Shrek\u2019s Bro|92\/100\n|-boost|p1a: Iron Treads|spe|1\n|-sideend|p1: lemaoxD|Sticky Web|[from] move: Rapid Spin|[of] p1a: Iron Treads\n|move|p2a: Shrek\u2019s Bro|Foul Play|p1a: Iron Treads\n|-damage|p1a: Iron Treads|67\/100\n|\n|upkeep\n|turn|12\n|\n|t:|1700408525\n|move|p2a: Shrek\u2019s Bro|Parting Shot|p1a: Iron Treads\n|-unboost|p1a: Iron Treads|atk|1\n|-unboost|p1a: Iron Treads|spa|1\n|\n|t:|1700408530\n|switch|p2a: Mr spikey|Great Tusk|100\/100|[from] Parting Shot\n|-enditem|p2a: Mr spikey|Booster Energy\n|-activate|p2a: Mr spikey|ability: Protosynthesis|[fromitem]\n|-start|p2a: Mr spikey|protosynthesisatk\n|move|p1a: Iron Treads|Earth Power|p2a: Mr spikey\n|-damage|p2a: Mr spikey|81\/100\n|\n|upkeep\n|turn|13\n|\n|t:|1700408553\n|-end|p1a: Iron Treads|Quark Drive|[silent]\n|switch|p1a: Zapdos|Zapdos|72\/100\n|move|p2a: Mr spikey|Rapid Spin|p1a: Zapdos\n|-damage|p1a: Zapdos|43\/100\n|-boost|p2a: Mr spikey|spe|1\n|\n|upkeep\n|turn|14\n|\n|t:|1700408563\n|move|p2a: Mr spikey|Knock Off|p1a: Zapdos\n|-damage|p1a: Zapdos|0 fnt\n|-enditem|p1a: Zapdos|Heavy-Duty Boots|[from] move: Knock Off|[of] p2a: Mr spikey\n|faint|p1a: Zapdos\n|\n|upkeep\n|\n|t:|1700408594\n|switch|p1a: Rillaboom|Rillaboom, F|35\/100\n|-fieldstart|move: Grassy Terrain|[from] ability: Grassy Surge|[of] p1a: Rillaboom\n|turn|15\n|\n|t:|1700408601\n|-terastallize|p2a: Mr spikey|Steel\n|-terastallize|p1a: Rillaboom|Grass\n|move|p1a: Rillaboom|Grassy Glide|p2a: Mr spikey\n|-resisted|p2a: Mr spikey\n|-damage|p2a: Mr spikey|67\/100\n|move|p2a: Mr spikey|Knock Off|p1a: Rillaboom\n|-damage|p1a: Rillaboom|0 fnt\n|-enditem|p1a: Rillaboom|Choice Band|[from] move: Knock Off|[of] p2a: Mr spikey\n|faint|p1a: Rillaboom\n|\n|-heal|p2a: Mr spikey|73\/100|[from] Grassy Terrain\n|upkeep\n|-message|lemaoxD forfeited.\n|\n|win|Nerdiestyt\n|raw|lemaoxD's rating: 1320 &rarr; <strong>1303<\/strong><br \/>(-17 for losing)\n|raw|Nerdiestyt's rating: 1367 &rarr; <strong>1384<\/strong><br \/>(+17 for winning)\n|l|\u2606lemaoxD\n","uploadtime":1700408613,"views":6,"p1id":"lemaoxd","p2id":"nerdiestyt","formatid":"gen9ou","rating":1303,"private":0,"password":""}