{"id":"gen9ou-1989006269","p1":"Pearsquare","p2":"Yassuto_78","format":"[Gen 9] OU","log":"|j|\u2606Pearsquare\n|j|\u2606Yassuto_78\n|t:|1699801303\n|gametype|singles\n|player|p1|Pearsquare|caitlin|1000\n|player|p2|Yassuto_78|2|1067\n|teamsize|p1|6\n|teamsize|p2|6\n|gen|9\n|tier|[Gen 9] OU\n|rated|\n|rule|Sleep Clause Mod: Limit one foe put to sleep\n|rule|Species Clause: Limit one of each Pok\u00e9mon\n|rule|OHKO Clause: OHKO moves are banned\n|rule|Evasion Items Clause: Evasion items are banned\n|rule|Evasion Moves Clause: Evasion moves are banned\n|rule|Endless Battle Clause: Forcing endless battles is banned\n|rule|HP Percentage Mod: HP is shown in percentages\n|clearpoke\n|poke|p1|Meloetta|\n|poke|p1|Gardevoir, F|\n|poke|p1|Ninetales-Alola, M|\n|poke|p1|Ceruledge, F|\n|poke|p1|Lilligant-Hisui, F|\n|poke|p1|Tatsugiri, F|\n|poke|p2|Corviknight, F|\n|poke|p2|Greninja-*, M|\n|poke|p2|Dragapult, F|\n|poke|p2|Heatran, F|\n|poke|p2|Enamorus, F|\n|poke|p2|Great Tusk|\n|teampreview\n|\n|t:|1699801316\n|start\n|switch|p1a: Fluff|Ninetales-Alola, M|100\/100\n|switch|p2a: Heatran|Heatran, F|100\/100\n|-weather|Snow|[from] ability: Snow Warning|[of] p1a: Fluff\n|turn|1\n|inactive|Battle timer is ON: inactive players will automatically lose when time's up. (requested by Yassuto_78)\n|l|\u2606Pearsquare\n|inactive|Pearsquare disconnected and has a minute to reconnect!\n|player|p1|\n|j|\u2606Pearsquare\n|inactive|Pearsquare reconnected and has 135 seconds left.\n|player|p1|Pearsquare|caitlin\n|inactive|Pearsquare has 120 seconds left.\n|inactive|Pearsquare has 90 seconds left.\n|\n|t:|1699801397\n|switch|p1a: Lolani|Tatsugiri, F|100\/100\n|move|p2a: Heatran|Stealth Rock|p1a: Lolani\n|-sidestart|p1: Pearsquare|move: Stealth Rock\n|\n|-weather|Snow|[upkeep]\n|upkeep\n|turn|2\n|\n|t:|1699801412\n|switch|p2a: Corviknight|Corviknight, F, shiny|100\/100\n|-ability|p2a: Corviknight|Pressure\n|move|p1a: Lolani|Nasty Plot|p1a: Lolani\n|-boost|p1a: Lolani|spa|2\n|\n|-weather|Snow|[upkeep]\n|upkeep\n|turn|3\n|\n|t:|1699801423\n|move|p1a: Lolani|Protect|p1a: Lolani\n|-singleturn|p1a: Lolani|Protect\n|move|p2a: Corviknight|Brave Bird|p1a: Lolani\n|-activate|p1a: Lolani|move: Protect\n|\n|-weather|Snow|[upkeep]\n|upkeep\n|turn|4\n|\n|t:|1699801437\n|move|p1a: Lolani|Draco Meteor|p2a: Corviknight\n|-resisted|p2a: Corviknight\n|-damage|p2a: Corviknight|38\/100\n|-unboost|p1a: Lolani|spa|2\n|move|p2a: Corviknight|Brave Bird|p1a: Lolani\n|-damage|p1a: Lolani|26\/100\n|-damage|p2a: Corviknight|21\/100|[from] Recoil\n|\n|-weather|Snow|[upkeep]\n|upkeep\n|turn|5\n|\n|t:|1699801449\n|switch|p2a: Enamorus|Enamorus, F|100\/100\n|move|p1a: Lolani|Surf|p2a: Enamorus\n|-damage|p2a: Enamorus|33\/100\n|\n|-weather|none\n|-heal|p2a: Enamorus|39\/100|[from] item: Leftovers\n|upkeep\n|turn|6\n|\n|t:|1699801458\n|move|p1a: Lolani|Protect|p1a: Lolani\n|-singleturn|p1a: Lolani|Protect\n|move|p2a: Enamorus|Play Rough|p1a: Lolani\n|-activate|p1a: Lolani|move: Protect\n|\n|-heal|p2a: Enamorus|45\/100|[from] item: Leftovers\n|upkeep\n|turn|7\n|\n|t:|1699801468\n|move|p1a: Lolani|Protect|p1a: Lolani\n|-singleturn|p1a: Lolani|Protect\n|move|p2a: Enamorus|Play Rough|p1a: Lolani\n|-activate|p1a: Lolani|move: Protect\n|\n|-heal|p2a: Enamorus|52\/100|[from] item: Leftovers\n|upkeep\n|turn|8\n|\n|t:|1699801478\n|move|p2a: Enamorus|Play Rough|p1a: Lolani\n|-supereffective|p1a: Lolani\n|-damage|p1a: Lolani|0 fnt\n|faint|p1a: Lolani\n|\n|-heal|p2a: Enamorus|58\/100|[from] item: Leftovers\n|upkeep\n|\n|t:|1699801493\n|switch|p1a: Lin|Ceruledge, F|100\/100\n|turn|9\n|\n|t:|1699801510\n|switch|p2a: Greninja|Greninja, M, shiny|100\/100\n|move|p1a: Lin|Bulk Up|p1a: Lin\n|-boost|p1a: Lin|atk|1\n|-boost|p1a: Lin|def|1\n|\n|upkeep\n|turn|10\n|inactive|Pearsquare has 120 seconds left.\n|\n|t:|1699801543\n|-terastallize|p1a: Lin|Fairy\n|move|p1a: Lin|Shadow Sneak|p2a: Greninja\n|-resisted|p2a: Greninja\n|-damage|p2a: Greninja|75\/100\n|move|p2a: Greninja|Surf|p1a: Lin\n|-start|p2a: Greninja|typechange|Water|[from] ability: Protean\n|-damage|p1a: Lin|55\/100\n|\n|upkeep\n|turn|11\n|inactive|Pearsquare has 90 seconds left.\n|\n|t:|1699801574\n|switch|p2a: Heatran|Heatran, F|100\/100\n|switch|p1a: Fluff|Ninetales-Alola, M|100\/100\n|-damage|p1a: Fluff|75\/100|[from] Stealth Rock\n|-weather|Snow|[from] ability: Snow Warning|[of] p1a: Fluff\n|\n|-weather|Snow|[upkeep]\n|upkeep\n|turn|12\n|inactive|Pearsquare has 90 seconds left.\n|\n|t:|1699801598\n|move|p1a: Fluff|Aurora Veil|p1a: Fluff\n|-sidestart|p1: Pearsquare|move: Aurora Veil\n|move|p2a: Heatran|Flash Cannon|p1a: Fluff\n|-supereffective|p1a: Fluff\n|-damage|p1a: Fluff|0 fnt\n|faint|p1a: Fluff\n|\n|-weather|Snow|[upkeep]\n|upkeep\n|inactive|Pearsquare has 60 seconds left.\n|\n|t:|1699801630\n|switch|p1a: Mitsuki|Lilligant-Hisui, F|100\/100\n|-damage|p1a: Mitsuki|94\/100|[from] Stealth Rock\n|turn|13\n|\n|t:|1699801644\n|move|p1a: Mitsuki|Close Combat|p2a: Heatran\n|-supereffective|p2a: Heatran\n|-damage|p2a: Heatran|0 fnt\n|-unboost|p1a: Mitsuki|def|1\n|-unboost|p1a: Mitsuki|spd|1\n|faint|p2a: Heatran\n|\n|-weather|Snow|[upkeep]\n|upkeep\n|\n|t:|1699801652\n|switch|p2a: Corviknight|Corviknight, F, shiny|21\/100\n|-ability|p2a: Corviknight|Pressure\n|turn|14\n|\n|t:|1699801663\n|move|p1a: Mitsuki|Close Combat|p2a: Corviknight\n|-damage|p2a: Corviknight|0 fnt\n|-unboost|p1a: Mitsuki|def|1\n|-unboost|p1a: Mitsuki|spd|1\n|faint|p2a: Corviknight\n|\n|-weather|Snow|[upkeep]\n|upkeep\n|\n|t:|1699801677\n|switch|p2a: Enamorus|Enamorus, F|58\/100\n|turn|15\n|inactive|Pearsquare has 60 seconds left.\n|\n|t:|1699801712\n|switch|p1a: Lin|Ceruledge, F, tera:Fairy|55\/100\n|move|p2a: Enamorus|Play Rough|p1a: Lin\n|-damage|p1a: Lin|23\/100\n|\n|-weather|none\n|-heal|p2a: Enamorus|64\/100|[from] item: Leftovers\n|upkeep\n|turn|16\n|\n|t:|1699801723\n|move|p2a: Enamorus|Superpower|p1a: Lin\n|-resisted|p1a: Lin\n|-damage|p1a: Lin|10\/100\n|-boost|p2a: Enamorus|atk|1\n|-boost|p2a: Enamorus|def|1\n|move|p1a: Lin|Bitter Blade|p2a: Enamorus\n|-damage|p2a: Enamorus|18\/100\n|-heal|p1a: Lin|32\/100|[from] drain|[of] p2a: Enamorus\n|\n|-heal|p2a: Enamorus|25\/100|[from] item: Leftovers\n|upkeep\n|turn|17\n|\n|t:|1699801736\n|move|p1a: Lin|Shadow Sneak|p2a: Enamorus\n|-damage|p2a: Enamorus|2\/100\n|move|p2a: Enamorus|Superpower|p1a: Lin\n|-resisted|p1a: Lin\n|-damage|p1a: Lin|12\/100\n|-boost|p2a: Enamorus|atk|1\n|-boost|p2a: Enamorus|def|1\n|\n|-heal|p2a: Enamorus|8\/100|[from] item: Leftovers\n|upkeep\n|turn|18\n|\n|t:|1699801745\n|move|p1a: Lin|Shadow Sneak|p2a: Enamorus\n|-damage|p2a: Enamorus|0 fnt\n|faint|p2a: Enamorus\n|\n|upkeep\n|\n|t:|1699801752\n|switch|p2a: Greninja|Greninja, M, shiny|75\/100\n|turn|19\n|-message|Yassuto_78 forfeited.\n|\n|win|Pearsquare\n|raw|Pearsquare's rating: 1000 &rarr; <strong>1048<\/strong><br \/>(+48 for winning)\n|raw|Yassuto_78's rating: 1067 &rarr; <strong>1043<\/strong><br \/>(-24 for losing)\n|l|\u2606Yassuto_78\n","uploadtime":1699801769,"views":33,"p1id":"pearsquare","p2id":"yassuto78","formatid":"gen9ou","rating":1043,"private":0,"password":""}