{"id":"gen9ou-1994659180","p1":"mohuanjiamianmao","p2":"Daevank5","format":"[Gen 9] OU","log":"|j|\u2606mohuanjiamianmao\n|j|\u2606Daevank5\n|t:|1700476908\n|gametype|singles\n|player|p1|mohuanjiamianmao|101|1864\n|player|p2|Daevank5|workerice|1898\n|teamsize|p1|6\n|teamsize|p2|6\n|gen|9\n|tier|[Gen 9] OU\n|rated|\n|rule|Sleep Clause Mod: Limit one foe put to sleep\n|rule|Species Clause: Limit one of each Pok\u00e9mon\n|rule|OHKO Clause: OHKO moves are banned\n|rule|Evasion Items Clause: Evasion items are banned\n|rule|Evasion Moves Clause: Evasion moves are banned\n|rule|Endless Battle Clause: Forcing endless battles is banned\n|rule|HP Percentage Mod: HP is shown in percentages\n|clearpoke\n|poke|p1|Meowscarada, F|\n|poke|p1|Great Tusk|\n|poke|p1|Garganacl, F|\n|poke|p1|Glimmora, M|\n|poke|p1|Gholdengo|\n|poke|p1|Blissey, F|\n|poke|p2|Clefable, M|\n|poke|p2|Gholdengo|\n|poke|p2|Ting-Lu|\n|poke|p2|Toxapex, M|\n|poke|p2|Zapdos|\n|poke|p2|Landorus-Therian, M|\n|teampreview\n|j| dfghhhg\n|\n|t:|1700476916\n|start\n|switch|p1a: Meowscarada|Meowscarada, F|100\/100\n|switch|p2a: Landorus|Landorus-Therian, M|100\/100\n|-ability|p2a: Landorus|Intimidate|boost\n|-unboost|p1a: Meowscarada|atk|1\n|turn|1\n|inactive|Battle timer is ON: inactive players will automatically lose when time's up. (requested by Daevank5)\n|\n|t:|1700476924\n|move|p2a: Landorus|U-turn|p1a: Meowscarada\n|-supereffective|p1a: Meowscarada\n|-enditem|p1a: Meowscarada|Focus Sash\n|-damage|p1a: Meowscarada|1\/100\n|j| mew852\n|inactive|Daevank5 has 120 seconds left.\n|\n|t:|1700476956\n|switch|p2a: Zapdos|Zapdos|100\/100|[from] U-turn\n|move|p1a: Meowscarada|Flower Trick|p2a: Zapdos\n|-resisted|p2a: Zapdos\n|-crit|p2a: Zapdos\n|-damage|p2a: Zapdos|72\/100\n|\n|upkeep\n|turn|2\n|\n|t:|1700476966\n|move|p1a: Meowscarada|Spikes|p2a: Zapdos\n|-sidestart|p2: Daevank5|Spikes\n|move|p2a: Zapdos|Volt Switch|p1a: Meowscarada\n|-resisted|p1a: Meowscarada\n|-damage|p1a: Meowscarada|0 fnt\n|faint|p1a: Meowscarada\n|\n|t:|1700476970\n|switch|p2a: Landorus|Landorus-Therian, M|100\/100|[from] Volt Switch\n|\n|upkeep\n|\n|t:|1700476975\n|switch|p1a: Great Tusk|Great Tusk|100\/100\n|turn|3\n|\n|t:|1700476978\n|-terastallize|p2a: Landorus|Grass\n|move|p2a: Landorus|Grass Knot|p1a: Great Tusk\n|-supereffective|p1a: Great Tusk\n|-damage|p1a: Great Tusk|0 fnt\n|faint|p1a: Great Tusk\n|-end|p1a: Great Tusk|Protosynthesis|[silent]\n|\n|upkeep\n|\n|t:|1700476987\n|switch|p1a: Glimmora|Glimmora, M|100\/100\n|turn|4\n|\n|t:|1700476992\n|switch|p2a: Ting-Lu|Ting-Lu|100\/100\n|-damage|p2a: Ting-Lu|88\/100|[from] Spikes\n|-ability|p2a: Ting-Lu|Vessel of Ruin\n|move|p1a: Glimmora|Sludge Bomb|p2a: Ting-Lu\n|-resisted|p2a: Ting-Lu\n|-damage|p2a: Ting-Lu|77\/100\n|\n|-heal|p2a: Ting-Lu|83\/100|[from] item: Leftovers\n|upkeep\n|turn|5\n|\n|t:|1700477002\n|switch|p1a: Blissey|Blissey, F|100\/100\n|move|p2a: Ting-Lu|Earthquake|p1a: Blissey\n|-damage|p1a: Blissey|62\/100\n|\n|-heal|p1a: Blissey|68\/100|[from] item: Leftovers\n|-heal|p2a: Ting-Lu|89\/100|[from] item: Leftovers\n|upkeep\n|turn|6\n|\n|t:|1700477010\n|move|p1a: Blissey|Calm Mind|p1a: Blissey\n|-boost|p1a: Blissey|spa|1\n|-boost|p1a: Blissey|spd|1\n|move|p2a: Ting-Lu|Spikes|p1a: Blissey\n|-sidestart|p1: mohuanjiamianmao|Spikes\n|\n|-heal|p1a: Blissey|74\/100|[from] item: Leftovers\n|-heal|p2a: Ting-Lu|95\/100|[from] item: Leftovers\n|upkeep\n|turn|7\n|\n|t:|1700477018\n|move|p1a: Blissey|Calm Mind|p1a: Blissey\n|-boost|p1a: Blissey|spa|1\n|-boost|p1a: Blissey|spd|1\n|move|p2a: Ting-Lu|Stealth Rock|p1a: Blissey\n|-sidestart|p1: mohuanjiamianmao|move: Stealth Rock\n|\n|-heal|p1a: Blissey|80\/100|[from] item: Leftovers\n|-heal|p2a: Ting-Lu|100\/100|[from] item: Leftovers\n|upkeep\n|turn|8\n|\n|t:|1700477026\n|move|p1a: Blissey|Ice Beam|p2a: Ting-Lu\n|-supereffective|p2a: Ting-Lu\n|-damage|p2a: Ting-Lu|60\/100\n|move|p2a: Ting-Lu|Whirlwind|p1a: Blissey\n|drag|p1a: Glimmora|Glimmora, M|100\/100\n|-damage|p1a: Glimmora|88\/100|[from] Spikes\n|-damage|p1a: Glimmora|76\/100|[from] Stealth Rock\n|\n|-heal|p2a: Ting-Lu|67\/100|[from] item: Leftovers\n|upkeep\n|turn|9\n|\n|t:|1700477035\n|move|p1a: Glimmora|Sludge Bomb|p2a: Ting-Lu\n|-resisted|p2a: Ting-Lu\n|-damage|p2a: Ting-Lu|56\/100\n|-status|p2a: Ting-Lu|psn\n|move|p2a: Ting-Lu|Earthquake|p1a: Glimmora\n|-supereffective|p1a: Glimmora\n|-damage|p1a: Glimmora|0 fnt\n|-activate|p1a: Glimmora|ability: Toxic Debris\n|-sidestart|p2: Daevank5|move: Toxic Spikes\n|faint|p1a: Glimmora\n|\n|-heal|p2a: Ting-Lu|62\/100 psn|[from] item: Leftovers\n|-damage|p2a: Ting-Lu|49\/100 psn|[from] psn\n|upkeep\n|\n|t:|1700477048\n|switch|p1a: Gholdengo|Gholdengo|100\/100\n|-damage|p1a: Gholdengo|88\/100|[from] Spikes\n|-damage|p1a: Gholdengo|82\/100|[from] Stealth Rock\n|turn|10\n|\n|t:|1700477052\n|move|p1a: Gholdengo|Trick|p2a: Ting-Lu\n|-activate|p1a: Gholdengo|move: Trick|[of] p2a: Ting-Lu\n|-item|p2a: Ting-Lu|Choice Scarf|[from] move: Trick\n|-item|p1a: Gholdengo|Leftovers|[from] move: Trick\n|move|p2a: Ting-Lu|Earthquake|p1a: Gholdengo\n|-supereffective|p1a: Gholdengo\n|-damage|p1a: Gholdengo|0 fnt\n|faint|p1a: Gholdengo\n|\n|-damage|p2a: Ting-Lu|37\/100 psn|[from] psn\n|upkeep\n|\n|t:|1700477061\n|switch|p1a: Garganacl|Garganacl, F|100\/100\n|-damage|p1a: Garganacl|88\/100|[from] Spikes\n|-damage|p1a: Garganacl|76\/100|[from] Stealth Rock\n|turn|11\n|j| westcottike\n|\n|t:|1700477066\n|-terastallize|p1a: Garganacl|Ghost\n|move|p2a: Ting-Lu|Earthquake|p1a: Garganacl\n|-damage|p1a: Garganacl|52\/100\n|move|p1a: Garganacl|Iron Defense|p1a: Garganacl\n|-boost|p1a: Garganacl|def|2\n|\n|-heal|p1a: Garganacl|58\/100|[from] item: Leftovers\n|-damage|p2a: Ting-Lu|24\/100 psn|[from] psn\n|upkeep\n|turn|12\n|\n|t:|1700477076\n|switch|p2a: Clefable|Clefable, M|100\/100\n|-status|p2a: Clefable|psn\n|move|p1a: Garganacl|Salt Cure|p2a: Clefable\n|-damage|p2a: Clefable|90\/100 psn\n|-start|p2a: Clefable|Salt Cure\n|\n|-heal|p2a: Clefable|96\/100 psn|[from] item: Leftovers\n|-heal|p1a: Garganacl|64\/100|[from] item: Leftovers\n|upkeep\n|turn|13\n|\n|t:|1700477088\n|move|p2a: Clefable|Knock Off|p1a: Garganacl\n|-supereffective|p1a: Garganacl\n|-damage|p1a: Garganacl|54\/100\n|-enditem|p1a: Garganacl|Leftovers|[from] move: Knock Off|[of] p2a: Clefable\n|move|p1a: Garganacl|Recover|p1a: Garganacl\n|-heal|p1a: Garganacl|100\/100\n|\n|-heal|p2a: Clefable|100\/100 psn|[from] item: Leftovers\n|upkeep\n|turn|14\n|\n|t:|1700477097\n|switch|p2a: Ting-Lu|Ting-Lu|24\/100 psn\n|-damage|p2a: Ting-Lu|12\/100 psn|[from] Spikes\n|-ability|p2a: Ting-Lu|Vessel of Ruin\n|move|p1a: Garganacl|Iron Defense|p1a: Garganacl\n|-boost|p1a: Garganacl|def|2\n|\n|-damage|p2a: Ting-Lu|0 fnt|[from] psn\n|faint|p2a: Ting-Lu\n|upkeep\n|\n|t:|1700477101\n|switch|p2a: Gholdengo|Gholdengo|100\/100\n|-damage|p2a: Gholdengo|88\/100|[from] Spikes\n|turn|15\n|\n|t:|1700477111\n|move|p2a: Gholdengo|Make It Rain|p1a: Garganacl\n|-damage|p1a: Garganacl|30\/100\n|-unboost|p2a: Gholdengo|spa|1\n|move|p1a: Garganacl|Salt Cure|p2a: Gholdengo\n|-resisted|p2a: Gholdengo\n|-damage|p2a: Gholdengo|80\/100\n|-start|p2a: Gholdengo|Salt Cure\n|\n|-damage|p2a: Gholdengo|55\/100|[from] Salt Cure\n|upkeep\n|turn|16\n|\n|t:|1700477122\n|move|p2a: Gholdengo|Make It Rain|p1a: Garganacl\n|-damage|p1a: Garganacl|0 fnt\n|-unboost|p2a: Gholdengo|spa|1\n|faint|p1a: Garganacl\n|\n|-damage|p2a: Gholdengo|30\/100|[from] Salt Cure\n|upkeep\n|\n|t:|1700477129\n|switch|p1a: Blissey|Blissey, F|80\/100\n|-damage|p1a: Blissey|68\/100|[from] Spikes\n|-damage|p1a: Blissey|55\/100|[from] Stealth Rock\n|turn|17\n|\n|t:|1700477136\n|switch|p2a: Landorus|Landorus-Therian, M, tera:Grass|100\/100\n|-damage|p2a: Landorus|88\/100|[from] Spikes\n|-status|p2a: Landorus|psn\n|-ability|p2a: Landorus|Intimidate|boost\n|-unboost|p1a: Blissey|atk|1\n|move|p1a: Blissey|Calm Mind|p1a: Blissey\n|-boost|p1a: Blissey|spa|1\n|-boost|p1a: Blissey|spd|1\n|\n|-heal|p1a: Blissey|61\/100|[from] item: Leftovers\n|-damage|p2a: Landorus|76\/100 psn|[from] psn\n|upkeep\n|turn|18\n|\n|t:|1700477147\n|move|p2a: Landorus|Earthquake|p1a: Blissey\n|-damage|p1a: Blissey|6\/100\n|move|p1a: Blissey|Soft-Boiled|p1a: Blissey\n|-heal|p1a: Blissey|56\/100\n|\n|-heal|p1a: Blissey|62\/100|[from] item: Leftovers\n|-damage|p2a: Landorus|64\/100 psn|[from] psn\n|upkeep\n|turn|19\n|\n|t:|1700477155\n|move|p2a: Landorus|Earthquake|p1a: Blissey\n|-crit|p1a: Blissey\n|-damage|p1a: Blissey|0 fnt\n|faint|p1a: Blissey\n|\n|win|Daevank5\n|raw|mohuanjiamianmao's rating: 1864 &rarr; <strong>1846<\/strong><br \/>(-18 for losing)\n|raw|Daevank5's rating: 1898 &rarr; <strong>1916<\/strong><br \/>(+18 for winning)\n|l|\u2606mohuanjiamianmao\n|l| westcottike\n|l|\u2606Daevank5\n","uploadtime":1700477203,"views":35,"p1id":"mohuanjiamianmao","p2id":"daevank5","formatid":"gen9ou","rating":1846,"private":0,"password":""}