{"id":"gen9ou-1995343221","p1":"Apamea","p2":"RuSh1629","format":"[Gen 9] OU","log":"|j|\u2606Apamea\n|j|\u2606RuSh1629\n|t:|1700556967\n|gametype|singles\n|player|p1|Apamea|rosa-wonderlauncher|1459\n|player|p2|RuSh1629|265|1384\n|teamsize|p1|6\n|teamsize|p2|6\n|gen|9\n|tier|[Gen 9] OU\n|rated|\n|rule|Sleep Clause Mod: Limit one foe put to sleep\n|rule|Species Clause: Limit one of each Pok\u00e9mon\n|rule|OHKO Clause: OHKO moves are banned\n|rule|Evasion Items Clause: Evasion items are banned\n|rule|Evasion Moves Clause: Evasion moves are banned\n|rule|Endless Battle Clause: Forcing endless battles is banned\n|rule|HP Percentage Mod: HP is shown in percentages\n|clearpoke\n|poke|p1|Glimmora, M|\n|poke|p1|Gholdengo|\n|poke|p1|Kingambit, F|\n|poke|p1|Ting-Lu|\n|poke|p1|Dragapult, F|\n|poke|p1|Staraptor, M|\n|poke|p2|Ribombee, M|\n|poke|p2|Samurott-Hisui, M|\n|poke|p2|Iron Treads|\n|poke|p2|Skeledirge, F|\n|poke|p2|Chesnaught, F|\n|poke|p2|Zapdos|\n|teampreview\n|inactive|Battle timer is ON: inactive players will automatically lose when time's up. (requested by Apamea)\n|\n|t:|1700556988\n|start\n|switch|p1a: Gholdengo|Gholdengo|100\/100\n|switch|p2a: Beyblade Burst|Iron Treads|100\/100\n|turn|1\n|\n|t:|1700557012\n|move|p1a: Gholdengo|Shadow Ball|p2a: Beyblade Burst\n|-crit|p2a: Beyblade Burst\n|-damage|p2a: Beyblade Burst|35\/100\n|move|p2a: Beyblade Burst|Knock Off|p1a: Gholdengo\n|-supereffective|p1a: Gholdengo\n|-damage|p1a: Gholdengo|26\/100\n|-enditem|p1a: Gholdengo|Choice Scarf|[from] move: Knock Off|[of] p2a: Beyblade Burst\n|\n|upkeep\n|turn|2\n|inactive|Apamea has 120 seconds left.\n|\n|t:|1700557033\n|switch|p1a: Ting-Lu|Ting-Lu|100\/100\n|-ability|p1a: Ting-Lu|Vessel of Ruin\n|move|p2a: Beyblade Burst|Knock Off|p1a: Ting-Lu\n|-resisted|p1a: Ting-Lu\n|-damage|p1a: Ting-Lu|92\/100\n|-enditem|p1a: Ting-Lu|Leftovers|[from] move: Knock Off|[of] p2a: Beyblade Burst\n|\n|upkeep\n|turn|3\n|\n|t:|1700557046\n|-end|p2a: Beyblade Burst|Quark Drive|[silent]\n|switch|p2a: Ribombee|Ribombee, M, shiny|100\/100\n|move|p1a: Ting-Lu|Earthquake|p2a: Ribombee\n|-resisted|p2a: Ribombee\n|-damage|p2a: Ribombee|66\/100\n|\n|upkeep\n|turn|4\n|\n|t:|1700557058\n|switch|p1a: Glimmora|Glimmora, M|100\/100\n|move|p2a: Ribombee|Sticky Web|p1a: Glimmora\n|-sidestart|p1: Apamea|move: Sticky Web\n|\n|upkeep\n|turn|5\n|\n|t:|1700557088\n|switch|p2a: Zapdos|Zapdos|100\/100\n|move|p1a: Glimmora|Earth Power|p2a: Zapdos\n|-immune|p2a: Zapdos\n|\n|upkeep\n|turn|6\n|\n|t:|1700557093\n|switch|p2a: Beyblade Burst|Iron Treads|35\/100\n|move|p1a: Glimmora|Mortal Spin|p2a: Beyblade Burst\n|-immune|p2a: Beyblade Burst\n|\n|upkeep\n|turn|7\n|\n|t:|1700557098\n|switch|p1a: Staraptor|Staraptor, M|100\/100\n|-ability|p1a: Staraptor|Intimidate|boost\n|-unboost|p2a: Beyblade Burst|atk|1\n|move|p2a: Beyblade Burst|Earthquake|p1a: Staraptor\n|-immune|p1a: Staraptor\n|\n|upkeep\n|turn|8\n|\n|t:|1700557108\n|-end|p2a: Beyblade Burst|Quark Drive|[silent]\n|switch|p2a: Skeledirge|Skeledirge, F|100\/100\n|move|p1a: Staraptor|U-turn|p2a: Skeledirge\n|-resisted|p2a: Skeledirge\n|-damage|p2a: Skeledirge|97\/100\n|\n|t:|1700557115\n|switch|p1a: Glimmora|Glimmora, M|100\/100|[from] U-turn\n|-activate|p1a: Glimmora|move: Sticky Web\n|-unboost|p1a: Glimmora|spe|1\n|\n|-heal|p2a: Skeledirge|100\/100|[from] item: Leftovers\n|upkeep\n|turn|9\n|\n|t:|1700557128\n|move|p2a: Skeledirge|Shadow Ball|p1a: Glimmora\n|-damage|p1a: Glimmora|58\/100\n|move|p1a: Glimmora|Mortal Spin|p2a: Skeledirge\n|-resisted|p2a: Skeledirge\n|-damage|p2a: Skeledirge|98\/100\n|-status|p2a: Skeledirge|psn\n|-sideend|p1: Apamea|Sticky Web|[from] move: Mortal Spin|[of] p1a: Glimmora\n|\n|-heal|p2a: Skeledirge|100\/100 psn|[from] item: Leftovers\n|-damage|p2a: Skeledirge|88\/100 psn|[from] psn\n|upkeep\n|turn|10\n|\n|t:|1700557149\n|switch|p2a: Samurott|Samurott-Hisui, M|100\/100\n|move|p1a: Glimmora|Earth Power|p2a: Samurott\n|-damage|p2a: Samurott|57\/100\n|\n|upkeep\n|turn|11\n|\n|t:|1700557160\n|switch|p1a: Staraptor|Staraptor, M|100\/100\n|-ability|p1a: Staraptor|Intimidate|boost\n|-unboost|p2a: Samurott|atk|1\n|move|p2a: Samurott|Razor Shell|p1a: Staraptor\n|-damage|p1a: Staraptor|56\/100\n|-unboost|p1a: Staraptor|def|1\n|\n|upkeep\n|turn|12\n|\n|t:|1700557169\n|move|p2a: Samurott|Sucker Punch|p1a: Staraptor\n|-damage|p1a: Staraptor|8\/100\n|move|p1a: Staraptor|Close Combat|p2a: Samurott\n|-supereffective|p2a: Samurott\n|-damage|p2a: Samurott|0 fnt\n|-unboost|p1a: Staraptor|def|1\n|-unboost|p1a: Staraptor|spd|1\n|faint|p2a: Samurott\n|\n|upkeep\n|\n|t:|1700557183\n|switch|p2a: Beyblade Burst|Iron Treads|35\/100\n|turn|13\n|\n|t:|1700557186\n|move|p1a: Staraptor|Close Combat|p2a: Beyblade Burst\n|-supereffective|p2a: Beyblade Burst\n|-damage|p2a: Beyblade Burst|0 fnt\n|-unboost|p1a: Staraptor|def|1\n|-unboost|p1a: Staraptor|spd|1\n|faint|p2a: Beyblade Burst\n|-end|p2a: Beyblade Burst|Quark Drive|[silent]\n|\n|upkeep\n|\n|t:|1700557191\n|switch|p2a: Ribombee|Ribombee, M, shiny|66\/100\n|turn|14\n|\n|t:|1700557206\n|switch|p1a: Gholdengo|Gholdengo|26\/100\n|move|p2a: Ribombee|Moonblast|p1a: Gholdengo\n|-resisted|p1a: Gholdengo\n|-damage|p1a: Gholdengo|4\/100\n|\n|upkeep\n|turn|15\n|\n|t:|1700557215\n|move|p2a: Ribombee|U-turn|p1a: Gholdengo\n|-resisted|p1a: Gholdengo\n|-damage|p1a: Gholdengo|1\/100\n|\n|t:|1700557220\n|switch|p2a: Zapdos|Zapdos|100\/100|[from] U-turn\n|move|p1a: Gholdengo|Make It Rain|p2a: Zapdos\n|-resisted|p2a: Zapdos\n|-damage|p2a: Zapdos|78\/100\n|-unboost|p1a: Gholdengo|spa|1\n|\n|upkeep\n|turn|16\n|\n|t:|1700557241\n|move|p1a: Gholdengo|Trick|p2a: Zapdos\n|-activate|p1a: Gholdengo|move: Trick|[of] p2a: Zapdos\n|-enditem|p2a: Zapdos|Heavy-Duty Boots|[silent]|[from] move: Trick\n|-item|p1a: Gholdengo|Heavy-Duty Boots|[from] move: Trick\n|move|p2a: Zapdos|Discharge|p1a: Gholdengo\n|-damage|p1a: Gholdengo|0 fnt\n|faint|p1a: Gholdengo\n|\n|upkeep\n|inactive|Apamea has 120 seconds left.\n|\n|t:|1700557264\n|switch|p1a: Glimmora|Glimmora, M|58\/100\n|turn|17\n|inactive|Apamea has 120 seconds left.\n|\n|t:|1700557269\n|move|p1a: Glimmora|Stealth Rock|p2a: Zapdos\n|-sidestart|p2: RuSh1629|move: Stealth Rock\n|move|p2a: Zapdos|Discharge|p1a: Glimmora\n|-damage|p1a: Glimmora|15\/100\n|-status|p1a: Glimmora|par\n|\n|upkeep\n|turn|18\n|\n|t:|1700557275\n|move|p2a: Zapdos|Discharge|p1a: Glimmora\n|-damage|p1a: Glimmora|0 fnt\n|faint|p1a: Glimmora\n|\n|upkeep\n|\n|t:|1700557282\n|switch|p1a: Ting-Lu|Ting-Lu|92\/100\n|-ability|p1a: Ting-Lu|Vessel of Ruin\n|turn|19\n|\n|t:|1700557285\n|move|p2a: Zapdos|U-turn|p1a: Ting-Lu\n|-supereffective|p1a: Ting-Lu\n|-crit|p1a: Ting-Lu\n|-damage|p1a: Ting-Lu|70\/100\n|\n|t:|1700557291\n|switch|p2a: Blue Shell|Chesnaught, F|100\/100|[from] U-turn\n|-damage|p2a: Blue Shell|94\/100|[from] Stealth Rock\n|move|p1a: Ting-Lu|Spikes|p2a: Blue Shell\n|-sidestart|p2: RuSh1629|Spikes\n|\n|-heal|p2a: Blue Shell|100\/100|[from] item: Leftovers\n|upkeep\n|turn|20\n|\n|t:|1700557300\n|move|p2a: Blue Shell|Leech Seed|p1a: Ting-Lu\n|-start|p1a: Ting-Lu|move: Leech Seed\n|move|p1a: Ting-Lu|Whirlwind|p2a: Blue Shell\n|drag|p2a: Skeledirge|Skeledirge, F|88\/100 psn\n|-damage|p2a: Skeledirge|63\/100 psn|[from] Stealth Rock\n|-damage|p2a: Skeledirge|51\/100 psn|[from] Spikes\n|\n|-heal|p2a: Skeledirge|57\/100 psn|[from] item: Leftovers\n|-damage|p1a: Ting-Lu|57\/100|[from] Leech Seed|[of] p2a: Skeledirge\n|-heal|p2a: Skeledirge|72\/100 psn|[silent]\n|-damage|p2a: Skeledirge|59\/100 psn|[from] psn\n|upkeep\n|turn|21\n|\n|t:|1700557312\n|move|p2a: Skeledirge|Slack Off|p2a: Skeledirge\n|-heal|p2a: Skeledirge|100\/100 psn\n|move|p1a: Ting-Lu|Earthquake|p2a: Skeledirge\n|-supereffective|p2a: Skeledirge\n|-damage|p2a: Skeledirge|32\/100 psn\n|\n|-heal|p2a: Skeledirge|38\/100 psn|[from] item: Leftovers\n|-damage|p1a: Ting-Lu|45\/100|[from] Leech Seed|[of] p2a: Skeledirge\n|-heal|p2a: Skeledirge|52\/100 psn|[silent]\n|-damage|p2a: Skeledirge|40\/100 psn|[from] psn\n|upkeep\n|turn|22\n|\n|t:|1700557319\n|switch|p1a: Staraptor|Staraptor, M|8\/100\n|-ability|p1a: Staraptor|Intimidate|boost\n|-unboost|p2a: Skeledirge|atk|1\n|move|p2a: Skeledirge|Slack Off|p2a: Skeledirge\n|-heal|p2a: Skeledirge|90\/100 psn\n|\n|-heal|p2a: Skeledirge|96\/100 psn|[from] item: Leftovers\n|-damage|p2a: Skeledirge|84\/100 psn|[from] psn\n|upkeep\n|turn|23\n|\n|t:|1700557333\n|move|p1a: Staraptor|U-turn|p2a: Skeledirge\n|-resisted|p2a: Skeledirge\n|-damage|p2a: Skeledirge|80\/100 psn\n|\n|t:|1700557338\n|switch|p1a: Ting-Lu|Ting-Lu|45\/100|[from] U-turn\n|-ability|p1a: Ting-Lu|Vessel of Ruin\n|move|p2a: Skeledirge|Torch Song|p1a: Ting-Lu\n|-damage|p1a: Ting-Lu|29\/100\n|-boost|p2a: Skeledirge|spa|1\n|\n|-heal|p2a: Skeledirge|86\/100 psn|[from] item: Leftovers\n|-damage|p2a: Skeledirge|74\/100 psn|[from] psn\n|upkeep\n|turn|24\n|inactive|Apamea has 120 seconds left.\n|\n|t:|1700557374\n|switch|p2a: Ribombee|Ribombee, M, shiny|66\/100\n|-damage|p2a: Ribombee|41\/100|[from] Stealth Rock\n|-damage|p2a: Ribombee|29\/100|[from] Spikes\n|move|p1a: Ting-Lu|Whirlwind|p2a: Ribombee\n|drag|p2a: Blue Shell|Chesnaught, F|100\/100\n|-damage|p2a: Blue Shell|94\/100|[from] Stealth Rock\n|-damage|p2a: Blue Shell|82\/100|[from] Spikes\n|\n|-heal|p2a: Blue Shell|88\/100|[from] item: Leftovers\n|upkeep\n|turn|25\n|inactive|Apamea has 120 seconds left.\n|\n|t:|1700557389\n|move|p2a: Blue Shell|Drain Punch|p1a: Ting-Lu\n|-supereffective|p1a: Ting-Lu\n|-damage|p1a: Ting-Lu|0 fnt\n|-heal|p2a: Blue Shell|100\/100|[from] drain|[of] p1a: Ting-Lu\n|faint|p1a: Ting-Lu\n|\n|upkeep\n|\n|t:|1700557400\n|switch|p1a: Staraptor|Staraptor, M|8\/100\n|-ability|p1a: Staraptor|Intimidate|boost\n|-unboost|p2a: Blue Shell|atk|1\n|turn|26\n|\n|t:|1700557412\n|move|p2a: Blue Shell|Spiky Shield|p2a: Blue Shell\n|-singleturn|p2a: Blue Shell|move: Protect\n|move|p1a: Staraptor|Brave Bird|p2a: Blue Shell\n|-activate|p2a: Blue Shell|move: Protect\n|-damage|p1a: Staraptor|0 fnt|[from] Spiky Shield|[of] p2a: Blue Shell\n|faint|p1a: Staraptor\n|\n|upkeep\n|\n|t:|1700557415\n|switch|p1a: Dragapult|Dragapult, F|100\/100\n|turn|27\n|inactive|Apamea has 120 seconds left.\n|\n|t:|1700557423\n|switch|p2a: Ribombee|Ribombee, M, shiny|29\/100\n|-damage|p2a: Ribombee|4\/100|[from] Stealth Rock\n|-damage|p2a: Ribombee|0 fnt|[from] Spikes\n|faint|p2a: Ribombee\n|move|p1a: Dragapult|Curse|p2: Ribombee|[notarget]\n|-fail|p1a: Dragapult\n|\n|upkeep\n|\n|t:|1700557436\n|switch|p2a: Skeledirge|Skeledirge, F|74\/100 psn\n|-damage|p2a: Skeledirge|49\/100 psn|[from] Stealth Rock\n|-damage|p2a: Skeledirge|36\/100 psn|[from] Spikes\n|turn|28\n|\n|t:|1700557442\n|move|p1a: Dragapult|Light Screen|p1a: Dragapult\n|-sidestart|p1: Apamea|move: Light Screen\n|move|p2a: Skeledirge|Shadow Ball|p1a: Dragapult\n|-supereffective|p1a: Dragapult\n|-damage|p1a: Dragapult|68\/100\n|\n|-heal|p2a: Skeledirge|42\/100 psn|[from] item: Leftovers\n|-damage|p2a: Skeledirge|30\/100 psn|[from] psn\n|upkeep\n|turn|29\n|\n|t:|1700557451\n|move|p1a: Dragapult|Curse|p2a: Skeledirge\n|-start|p2a: Skeledirge|Curse|[of] p1a: Dragapult\n|-damage|p1a: Dragapult|18\/100\n|move|p2a: Skeledirge|Slack Off|p2a: Skeledirge\n|-heal|p2a: Skeledirge|80\/100 psn\n|\n|-heal|p2a: Skeledirge|86\/100 psn|[from] item: Leftovers\n|-damage|p2a: Skeledirge|74\/100 psn|[from] psn\n|-damage|p2a: Skeledirge|49\/100 psn|[from] Curse\n|upkeep\n|turn|30\n|\n|t:|1700557462\n|move|p1a: Dragapult|Reflect|p1a: Dragapult\n|-sidestart|p1: Apamea|Reflect\n|move|p2a: Skeledirge|Shadow Ball|p1a: Dragapult\n|-supereffective|p1a: Dragapult\n|-damage|p1a: Dragapult|0 fnt\n|faint|p1a: Dragapult\n|\n|-heal|p2a: Skeledirge|55\/100 psn|[from] item: Leftovers\n|-damage|p2a: Skeledirge|42\/100 psn|[from] psn\n|-damage|p2a: Skeledirge|17\/100 psn|[from] Curse\n|upkeep\n|\n|t:|1700557466\n|switch|p1a: Kingambit|Kingambit, F|100\/100\n|-activate|p1a: Kingambit|ability: Supreme Overlord\n|-start|p1a: Kingambit|fallen5|[silent]\n|turn|31\n|inactive|Apamea has 120 seconds left.\n|\n|t:|1700557502\n|move|p2a: Skeledirge|Torch Song|p1a: Kingambit\n|-supereffective|p1a: Kingambit\n|-damage|p1a: Kingambit|66\/100\n|-boost|p2a: Skeledirge|spa|1\n|move|p1a: Kingambit|Night Slash|p2a: Skeledirge\n|-supereffective|p2a: Skeledirge\n|-crit|p2a: Skeledirge\n|-damage|p2a: Skeledirge|0 fnt\n|faint|p2a: Skeledirge\n|\n|-heal|p1a: Kingambit|72\/100|[from] item: Leftovers\n|upkeep\n|\n|t:|1700557510\n|switch|p2a: Blue Shell|Chesnaught, F|100\/100\n|-damage|p2a: Blue Shell|94\/100|[from] Stealth Rock\n|-damage|p2a: Blue Shell|82\/100|[from] Spikes\n|turn|32\n|inactive|Apamea has 120 seconds left.\n|\n|t:|1700557521\n|-terastallize|p1a: Kingambit|Fairy\n|move|p1a: Kingambit|Tera Blast|p2a: Blue Shell|[anim] Tera Blast Fairy\n|-supereffective|p2a: Blue Shell\n|-damage|p2a: Blue Shell|0 fnt\n|faint|p2a: Blue Shell\n|\n|-heal|p1a: Kingambit|78\/100|[from] item: Leftovers\n|upkeep\n|\n|t:|1700557525\n|switch|p2a: Zapdos|Zapdos|78\/100\n|-damage|p2a: Zapdos|53\/100|[from] Stealth Rock\n|turn|33\n|\n|t:|1700557531\n|move|p1a: Kingambit|Sucker Punch|p2a: Zapdos\n|-damage|p2a: Zapdos|0 fnt\n|faint|p2a: Zapdos\n|\n|win|Apamea\n|raw|Apamea's rating: 1459 &rarr; <strong>1475<\/strong><br \/>(+16 for winning)\n|raw|RuSh1629's rating: 1384 &rarr; <strong>1368<\/strong><br \/>(-16 for losing)\n","uploadtime":1700557535,"views":2,"p1id":"apamea","p2id":"rush1629","formatid":"gen9ou","rating":1368,"private":0,"password":""}