{"id":"gen9ou-1993000131","p1":"CHIKENUGET","p2":"dddddannyboy","format":"[Gen 9] OU","log":"|j|\u2606CHIKENUGET\n|j|\u203ddddddannyboy\n|t:|1700254204\n|gametype|singles\n|player|p1|CHIKENUGET|101|1427\n|player|p2|dddddannyboy|cynthia|1330\n|teamsize|p1|6\n|teamsize|p2|6\n|gen|9\n|tier|[Gen 9] OU\n|rated|\n|rule|Sleep Clause Mod: Limit one foe put to sleep\n|rule|Species Clause: Limit one of each Pok\u00e9mon\n|rule|OHKO Clause: OHKO moves are banned\n|rule|Evasion Items Clause: Evasion items are banned\n|rule|Evasion Moves Clause: Evasion moves are banned\n|rule|Endless Battle Clause: Forcing endless battles is banned\n|rule|HP Percentage Mod: HP is shown in percentages\n|clearpoke\n|poke|p1|Ceruledge, F|\n|poke|p1|Walking Wake|\n|poke|p1|Hatterene, F|\n|poke|p1|Kingambit, M|\n|poke|p1|Ogerpon-Cornerstone, F|\n|poke|p1|Enamorus, F|\n|poke|p2|Ribombee, F|\n|poke|p2|Gholdengo|\n|poke|p2|Manaphy|\n|poke|p2|Great Tusk|\n|poke|p2|Kingambit, F|\n|poke|p2|Iron Moth|\n|teampreview\n|inactive|Battle timer is ON: inactive players will automatically lose when time's up. (requested by CHIKENUGET)\n|\n|t:|1700254215\n|start\n|switch|p1a: Ogerpon|Ogerpon-Cornerstone, F|100\/100\n|switch|p2a: Iron Moth|Iron Moth|100\/100\n|-enditem|p2a: Iron Moth|Booster Energy\n|-activate|p2a: Iron Moth|ability: Quark Drive|[fromitem]\n|-start|p2a: Iron Moth|quarkdrivespe\n|turn|1\n|\n|t:|1700254231\n|move|p2a: Iron Moth|Fiery Dance|p1a: Ogerpon\n|-damage|p1a: Ogerpon|49\/100\n|move|p1a: Ogerpon|Ivy Cudgel|p2a: Iron Moth|[anim] Ivy Cudgel Rock\n|-supereffective|p2a: Iron Moth\n|-damage|p2a: Iron Moth|0 fnt\n|faint|p2a: Iron Moth\n|-end|p2a: Iron Moth|Quark Drive|[silent]\n|\n|upkeep\n|inactive|dddddannyboy has 120 seconds left.\n|\n|t:|1700254268\n|switch|p2a: Ribombee|Ribombee, F|100\/100\n|turn|2\n|\n|t:|1700254293\n|move|p2a: Ribombee|Moonblast|p1a: Ogerpon\n|-damage|p1a: Ogerpon|0 fnt\n|faint|p1a: Ogerpon\n|\n|upkeep\n|\n|t:|1700254298\n|switch|p1a: Ceruledge|Ceruledge, F|100\/100\n|turn|3\n|inactive|dddddannyboy has 120 seconds left.\n|inactive|dddddannyboy has 90 seconds left.\n|inactive|dddddannyboy has 60 seconds left.\n|\n|t:|1700254373\n|move|p2a: Ribombee|Sticky Web|p1a: Ceruledge\n|-sidestart|p1: CHIKENUGET|move: Sticky Web\n|move|p1a: Ceruledge|Swords Dance|p1a: Ceruledge\n|-boost|p1a: Ceruledge|atk|2\n|\n|upkeep\n|turn|4\n|\n|t:|1700254381\n|move|p2a: Ribombee|Stun Spore|p1a: Ceruledge\n|-status|p1a: Ceruledge|par\n|cant|p1a: Ceruledge|par\n|\n|upkeep\n|turn|5\n|\n|t:|1700254387\n|move|p2a: Ribombee|Psychic|p1a: Ceruledge\n|-damage|p1a: Ceruledge|71\/100 par\n|cant|p1a: Ceruledge|par\n|\n|upkeep\n|turn|6\n|\n|t:|1700254393\n|switch|p2a: Gholdengo|Gholdengo|100\/100\n|-item|p2a: Gholdengo|Air Balloon\n|move|p1a: Ceruledge|Bitter Blade|p2a: Gholdengo\n|-supereffective|p2a: Gholdengo\n|-damage|p2a: Gholdengo|0 fnt\n|-heal|p1a: Ceruledge|100\/100 par|[from] drain|[of] p2a: Gholdengo\n|-enditem|p2a: Gholdengo|Air Balloon\n|faint|p2a: Gholdengo\n|\n|upkeep\n|\n|t:|1700254406\n|switch|p2a: Manaphy|Manaphy|100\/100\n|turn|7\n|\n|t:|1700254412\n|move|p2a: Manaphy|Tail Glow|p2a: Manaphy\n|-boost|p2a: Manaphy|spa|3\n|move|p1a: Ceruledge|Poltergeist|p2a: Manaphy\n|-activate|p2a: Manaphy|move: Poltergeist|Leftovers\n|-damage|p2a: Manaphy|0 fnt\n|faint|p2a: Manaphy\n|\n|upkeep\n|inactive|dddddannyboy has 90 seconds left.\n|\n|t:|1700254421\n|switch|p2a: Great Tusk|Great Tusk|100\/100\n|turn|8\n|\n|t:|1700254432\n|move|p2a: Great Tusk|Bulk Up|p2a: Great Tusk\n|-boost|p2a: Great Tusk|atk|1\n|-boost|p2a: Great Tusk|def|1\n|move|p1a: Ceruledge|Poltergeist|p2a: Great Tusk\n|-activate|p2a: Great Tusk|move: Poltergeist|Leftovers\n|-damage|p2a: Great Tusk|50\/100\n|\n|-heal|p2a: Great Tusk|56\/100|[from] item: Leftovers\n|upkeep\n|turn|9\n|\n|t:|1700254442\n|move|p2a: Great Tusk|Earthquake|p1a: Ceruledge\n|-supereffective|p1a: Ceruledge\n|-enditem|p1a: Ceruledge|Focus Sash\n|-damage|p1a: Ceruledge|1\/100 par\n|-ability|p1a: Ceruledge|Weak Armor|boost\n|-unboost|p1a: Ceruledge|def|1\n|-boost|p1a: Ceruledge|spe|2\n|move|p1a: Ceruledge|Swords Dance|p1a: Ceruledge\n|-boost|p1a: Ceruledge|atk|2\n|\n|-heal|p2a: Great Tusk|62\/100|[from] item: Leftovers\n|upkeep\n|turn|10\n|\n|t:|1700254453\n|move|p2a: Great Tusk|Earthquake|p1a: Ceruledge\n|-supereffective|p1a: Ceruledge\n|-damage|p1a: Ceruledge|0 fnt\n|faint|p1a: Ceruledge\n|\n|-heal|p2a: Great Tusk|69\/100|[from] item: Leftovers\n|upkeep\n|\n|t:|1700254462\n|switch|p1a: Walking Wake|Walking Wake|100\/100\n|-activate|p1a: Walking Wake|move: Sticky Web\n|-unboost|p1a: Walking Wake|spe|1\n|-enditem|p1a: Walking Wake|Booster Energy\n|-activate|p1a: Walking Wake|ability: Protosynthesis|[fromitem]\n|-start|p1a: Walking Wake|protosynthesisspa\n|turn|11\n|\n|t:|1700254469\n|-terastallize|p2a: Great Tusk|Electric\n|move|p2a: Great Tusk|Close Combat|p1a: Walking Wake\n|-damage|p1a: Walking Wake|6\/100\n|-unboost|p2a: Great Tusk|def|1\n|-unboost|p2a: Great Tusk|spd|1\n|move|p1a: Walking Wake|Hydro Steam|p2a: Great Tusk\n|-damage|p2a: Great Tusk|0 fnt\n|faint|p2a: Great Tusk\n|-end|p2a: Great Tusk|Protosynthesis|[silent]\n|\n|upkeep\n|\n|t:|1700254478\n|switch|p2a: Ribombee|Ribombee, F|100\/100\n|turn|12\n|\n|t:|1700254504\n|move|p2a: Ribombee|Moonblast|p1a: Walking Wake\n|-supereffective|p1a: Walking Wake\n|-damage|p1a: Walking Wake|0 fnt\n|faint|p1a: Walking Wake\n|-end|p1a: Walking Wake|Protosynthesis|[silent]\n|\n|upkeep\n|inactive|CHIKENUGET has 120 seconds left.\n|\n|t:|1700254516\n|switch|p1a: Enamorus|Enamorus, F|100\/100\n|turn|13\n|\n|t:|1700254526\n|move|p1a: Enamorus|Moonblast|p2a: Ribombee\n|-damage|p2a: Ribombee|7\/100\n|move|p2a: Ribombee|Stun Spore|p1a: Enamorus\n|-status|p1a: Enamorus|par\n|\n|upkeep\n|turn|14\n|\n|t:|1700254532\n|move|p2a: Ribombee|Moonblast|p1a: Enamorus\n|-damage|p1a: Enamorus|45\/100 par\n|move|p1a: Enamorus|Moonblast|p2a: Ribombee\n|-damage|p2a: Ribombee|0 fnt\n|faint|p2a: Ribombee\n|\n|upkeep\n|\n|t:|1700254534\n|switch|p2a: Kingambit|Kingambit, F|100\/100\n|-activate|p2a: Kingambit|ability: Supreme Overlord\n|-start|p2a: Kingambit|fallen5|[silent]\n|turn|15\n|\n|t:|1700254541\n|move|p1a: Enamorus|Moonblast|p2a: Kingambit\n|-damage|p2a: Kingambit|46\/100\n|move|p2a: Kingambit|Iron Head|p1a: Enamorus\n|-supereffective|p1a: Enamorus\n|-damage|p1a: Enamorus|0 fnt\n|faint|p1a: Enamorus\n|\n|-heal|p2a: Kingambit|52\/100|[from] item: Leftovers\n|upkeep\n|\n|t:|1700254556\n|switch|p1a: Kingambit|Kingambit, M|100\/100\n|-activate|p1a: Kingambit|move: Sticky Web\n|-unboost|p1a: Kingambit|spe|1\n|-activate|p1a: Kingambit|ability: Supreme Overlord\n|-start|p1a: Kingambit|fallen4|[silent]\n|turn|16\n|\n|t:|1700254580\n|-terastallize|p1a: Kingambit|Dark\n|move|p2a: Kingambit|Iron Head|p1a: Kingambit\n|-damage|p1a: Kingambit|39\/100\n|cant|p1a: Kingambit|flinch\n|\n|-heal|p2a: Kingambit|58\/100|[from] item: Leftovers\n|upkeep\n|turn|17\n|\n|t:|1700254605\n|move|p1a: Kingambit|Sucker Punch|p2a: Kingambit\n|-resisted|p2a: Kingambit\n|-damage|p2a: Kingambit|26\/100\n|move|p2a: Kingambit|Iron Head|p1a: Kingambit\n|-damage|p1a: Kingambit|0 fnt\n|faint|p1a: Kingambit\n|-end|p1a: Kingambit|fallen4|[silent]\n|\n|-heal|p2a: Kingambit|32\/100|[from] item: Leftovers\n|upkeep\n|\n|t:|1700254611\n|switch|p1a: Hatterene|Hatterene, F|100\/100\n|-activate|p1a: Hatterene|move: Sticky Web\n|-unboost|p1a: Hatterene|spe|1\n|turn|18\n|\n|t:|1700254614\n|move|p2a: Kingambit|Iron Head|p1a: Hatterene\n|-supereffective|p1a: Hatterene\n|-damage|p1a: Hatterene|0 fnt\n|faint|p1a: Hatterene\n|\n|win|dddddannyboy\n|raw|CHIKENUGET's rating: 1427 &rarr; <strong>1402<\/strong><br \/>(-25 for losing)\n|raw|dddddannyboy's rating: 1330 &rarr; <strong>1355<\/strong><br \/>(+25 for winning)\n|c|\u2606CHIKENUGET|fk u\n","uploadtime":1700254644,"views":17,"p1id":"chikenuget","p2id":"dddddannyboy","formatid":"gen9ou","rating":1355,"private":0,"password":""}