{"id":"gen9ou-1990841968","p1":"Steez Ibanez","p2":"Username momento","format":"[Gen 9] OU","log":"|j|\u2606Steez Ibanez\n|j|\u2606Username momento\n|inactive|Battle timer is ON: inactive players will automatically lose when time's up.\n|t:|1700006515\n|gametype|singles\n|player|p1|Steez Ibanez|lance-gen2|\n|player|p2|Username momento|ninjaboy|\n|teamsize|p1|6\n|teamsize|p2|6\n|gen|9\n|tier|[Gen 9] OU\n|rated|Tournament battle\n|rule|Sleep Clause Mod: Limit one foe put to sleep\n|rule|Species Clause: Limit one of each Pok\u00e9mon\n|rule|OHKO Clause: OHKO moves are banned\n|rule|Evasion Items Clause: Evasion items are banned\n|rule|Evasion Moves Clause: Evasion moves are banned\n|rule|Endless Battle Clause: Forcing endless battles is banned\n|rule|HP Percentage Mod: HP is shown in percentages\n|clearpoke\n|poke|p1|Dragapult, M|\n|poke|p1|Zapdos|\n|poke|p1|Great Tusk|\n|poke|p1|Ogerpon-Wellspring, F|\n|poke|p1|Ting-Lu|\n|poke|p1|Iron Moth|\n|poke|p2|Meowscarada, F|\n|poke|p2|Kingambit, M|\n|poke|p2|Zapdos|\n|poke|p2|Zamazenta-*|\n|poke|p2|Great Tusk|\n|poke|p2|Iron Moth|\n|teampreview\n|\n|t:|1700006529\n|start\n|switch|p1a: Zeus|Zapdos|100\/100\n|switch|p2a: Great Tusk|Great Tusk|100\/100\n|-enditem|p2a: Great Tusk|Booster Energy\n|-activate|p2a: Great Tusk|ability: Protosynthesis|[fromitem]\n|-start|p2a: Great Tusk|protosynthesisatk\n|turn|1\n|\n|t:|1700006536\n|-end|p2a: Great Tusk|Protosynthesis|[silent]\n|switch|p2a: Zapdos|Zapdos|100\/100\n|move|p1a: Zeus|Hurricane|p2a: Zapdos\n|-resisted|p2a: Zapdos\n|-damage|p2a: Zapdos|79\/100\n|\n|-heal|p2a: Zapdos|85\/100|[from] item: Leftovers\n|upkeep\n|turn|2\n|j| Chimeling\n|\n|t:|1700006545\n|move|p1a: Zeus|Volt Switch|p2a: Zapdos\n|-damage|p2a: Zapdos|59\/100\n|\n|t:|1700006547\n|switch|p1a: Clicker|Ting-Lu|100\/100|[from] Volt Switch\n|-ability|p1a: Clicker|Vessel of Ruin\n|move|p2a: Zapdos|Hurricane|p1a: Clicker\n|-damage|p1a: Clicker|80\/100\n|-start|p1a: Clicker|confusion\n|\n|-heal|p2a: Zapdos|65\/100|[from] item: Leftovers\n|-heal|p1a: Clicker|87\/100|[from] item: Leftovers\n|upkeep\n|turn|3\n|\n|t:|1700006555\n|switch|p2a: Zamazenta|Zamazenta|100\/100\n|-ability|p2a: Zamazenta|Dauntless Shield|boost\n|-boost|p2a: Zamazenta|def|1\n|-activate|p1a: Clicker|confusion\n|move|p1a: Clicker|Stealth Rock|p2a: Zamazenta\n|-sidestart|p2: Username momento|move: Stealth Rock\n|\n|-heal|p1a: Clicker|93\/100|[from] item: Leftovers\n|upkeep\n|turn|4\n|j|@Disorient@!\n|\n|t:|1700006566\n|switch|p1a: Zeus|Zapdos|100\/100\n|move|p2a: Zamazenta|Iron Defense|p2a: Zamazenta\n|-boost|p2a: Zamazenta|def|2\n|\n|upkeep\n|turn|5\n|j| Meelll0\n|\n|t:|1700006569\n|-terastallize|p2a: Zamazenta|Steel\n|move|p2a: Zamazenta|Stone Edge|p1a: Zeus\n|-supereffective|p1a: Zeus\n|-damage|p1a: Zeus|56\/100\n|move|p1a: Zeus|Hurricane|p2a: Zamazenta|[miss]\n|-miss|p1a: Zeus|p2a: Zamazenta\n|\n|upkeep\n|turn|6\n|\n|t:|1700006575\n|move|p2a: Zamazenta|Stone Edge|p1a: Zeus\n|-supereffective|p1a: Zeus\n|-damage|p1a: Zeus|11\/100\n|move|p1a: Zeus|Volt Switch|p2a: Zamazenta\n|-damage|p2a: Zamazenta|74\/100\n|\n|t:|1700006579\n|switch|p1a: Clicker|Ting-Lu|93\/100|[from] Volt Switch\n|-ability|p1a: Clicker|Vessel of Ruin\n|\n|-heal|p2a: Zamazenta|81\/100|[from] item: Leftovers\n|-heal|p1a: Clicker|99\/100|[from] item: Leftovers\n|upkeep\n|turn|7\n|\n|t:|1700006585\n|-terastallize|p1a: Clicker|Poison\n|move|p2a: Zamazenta|Body Press|p1a: Clicker\n|-resisted|p1a: Clicker\n|-damage|p1a: Clicker|73\/100\n|move|p1a: Clicker|Whirlwind|p2a: Zamazenta\n|drag|p2a: Zapdos|Zapdos|65\/100\n|-damage|p2a: Zapdos|40\/100|[from] Stealth Rock\n|\n|-heal|p2a: Zapdos|46\/100|[from] item: Leftovers\n|-heal|p1a: Clicker|79\/100|[from] item: Leftovers\n|upkeep\n|turn|8\n|\n|t:|1700006590\n|switch|p1a: Zeus|Zapdos|11\/100\n|move|p2a: Zapdos|Roost|p2a: Zapdos\n|-heal|p2a: Zapdos|96\/100\n|-singleturn|p2a: Zapdos|move: Roost\n|\n|-heal|p2a: Zapdos|100\/100|[from] item: Leftovers\n|upkeep\n|turn|9\n|\n|t:|1700006592\n|move|p1a: Zeus|Roost|p1a: Zeus\n|-heal|p1a: Zeus|61\/100\n|-singleturn|p1a: Zeus|move: Roost\n|move|p2a: Zapdos|Volt Switch|p1a: Zeus\n|-resisted|p1a: Zeus\n|-damage|p1a: Zeus|48\/100\n|\n|t:|1700006611\n|switch|p2a: Meowscarada|Meowscarada, F|100\/100|[from] Volt Switch\n|-damage|p2a: Meowscarada|88\/100|[from] Stealth Rock\n|\n|upkeep\n|turn|10\n|\n|t:|1700006616\n|move|p2a: Meowscarada|Knock Off|p1a: Zeus\n|-start|p2a: Meowscarada|typechange|Dark|[from] ability: Protean\n|-damage|p1a: Zeus|0 fnt\n|-status|p2a: Meowscarada|par|[from] ability: Static|[of] p1a: Zeus\n|-enditem|p1a: Zeus|Heavy-Duty Boots|[from] move: Knock Off|[of] p2a: Meowscarada\n|faint|p1a: Zeus\n|\n|upkeep\n|\n|t:|1700006623\n|switch|p1a: Toothless|Dragapult, M|100\/100\n|turn|11\n|\n|t:|1700006627\n|move|p1a: Toothless|U-turn|p2a: Meowscarada\n|-supereffective|p2a: Meowscarada\n|-damage|p2a: Meowscarada|22\/100 par\n|\n|t:|1700006629\n|switch|p1a: Manny|Great Tusk|100\/100|[from] U-turn\n|cant|p2a: Meowscarada|par\n|\n|upkeep\n|turn|12\n|\n|t:|1700006635\n|move|p1a: Manny|Knock Off|p2a: Meowscarada\n|-resisted|p2a: Meowscarada\n|-crit|p2a: Meowscarada\n|-damage|p2a: Meowscarada|0 fnt\n|-enditem|p2a: Meowscarada|Choice Band|[from] move: Knock Off|[of] p1a: Manny\n|faint|p2a: Meowscarada\n|\n|upkeep\n|\n|t:|1700006638\n|switch|p2a: Zapdos|Zapdos|100\/100\n|-damage|p2a: Zapdos|75\/100|[from] Stealth Rock\n|turn|13\n|\n|t:|1700006642\n|-end|p1a: Manny|Protosynthesis|[silent]\n|switch|p1a: Clicker|Ting-Lu, tera:Poison|79\/100\n|-ability|p1a: Clicker|Vessel of Ruin\n|move|p2a: Zapdos|Hurricane|p1a: Clicker|[miss]\n|-miss|p2a: Zapdos|p1a: Clicker\n|\n|-heal|p2a: Zapdos|82\/100|[from] item: Leftovers\n|-heal|p1a: Clicker|86\/100|[from] item: Leftovers\n|upkeep\n|turn|14\n|\n|t:|1700006646\n|move|p2a: Zapdos|Discharge|p1a: Clicker\n|-damage|p1a: Clicker|72\/100\n|move|p1a: Clicker|Ruination|p2a: Zapdos\n|-damage|p2a: Zapdos|41\/100\n|\n|-heal|p2a: Zapdos|47\/100|[from] item: Leftovers\n|-heal|p1a: Clicker|78\/100|[from] item: Leftovers\n|upkeep\n|turn|15\n|\n|t:|1700006652\n|move|p2a: Zapdos|Discharge|p1a: Clicker\n|-damage|p1a: Clicker|64\/100\n|move|p1a: Clicker|Ruination|p2a: Zapdos\n|-damage|p2a: Zapdos|24\/100\n|\n|-heal|p2a: Zapdos|30\/100|[from] item: Leftovers\n|-heal|p1a: Clicker|70\/100|[from] item: Leftovers\n|upkeep\n|turn|16\n|\n|t:|1700006657\n|move|p2a: Zapdos|Discharge|p1a: Clicker\n|-damage|p1a: Clicker|57\/100\n|-status|p1a: Clicker|par\n|move|p1a: Clicker|Whirlwind|p2a: Zapdos\n|drag|p2a: Iron Moth|Iron Moth|100\/100\n|-damage|p2a: Iron Moth|76\/100|[from] Stealth Rock\n|-enditem|p2a: Iron Moth|Booster Energy\n|-activate|p2a: Iron Moth|ability: Quark Drive|[fromitem]\n|-start|p2a: Iron Moth|quarkdrivespe\n|\n|-heal|p1a: Clicker|63\/100 par|[from] item: Leftovers\n|upkeep\n|turn|17\n|\n|t:|1700006671\n|-end|p2a: Iron Moth|Quark Drive|[silent]\n|switch|p2a: Zapdos|Zapdos|30\/100\n|-damage|p2a: Zapdos|5\/100|[from] Stealth Rock\n|cant|p1a: Clicker|par\n|\n|-heal|p2a: Zapdos|11\/100|[from] item: Leftovers\n|-heal|p1a: Clicker|70\/100 par|[from] item: Leftovers\n|upkeep\n|turn|18\n|\n|t:|1700006674\n|move|p2a: Zapdos|Roost|p2a: Zapdos\n|-heal|p2a: Zapdos|61\/100\n|-singleturn|p2a: Zapdos|move: Roost\n|move|p1a: Clicker|Earthquake|p2a: Zapdos\n|-supereffective|p2a: Zapdos\n|-damage|p2a: Zapdos|12\/100\n|\n|-heal|p2a: Zapdos|19\/100|[from] item: Leftovers\n|-heal|p1a: Clicker|76\/100 par|[from] item: Leftovers\n|upkeep\n|turn|19\n|\n|t:|1700006683\n|move|p2a: Zapdos|Roost|p2a: Zapdos\n|-heal|p2a: Zapdos|69\/100\n|-singleturn|p2a: Zapdos|move: Roost\n|move|p1a: Clicker|Whirlwind|p2a: Zapdos\n|drag|p2a: Iron Moth|Iron Moth|76\/100\n|-damage|p2a: Iron Moth|51\/100|[from] Stealth Rock\n|\n|-heal|p1a: Clicker|82\/100 par|[from] item: Leftovers\n|upkeep\n|turn|20\n|\n|t:|1700006693\n|switch|p1a: Amaterasu|Iron Moth|100\/100\n|move|p2a: Iron Moth|Fiery Dance|p1a: Amaterasu\n|-resisted|p1a: Amaterasu\n|-damage|p1a: Amaterasu|78\/100\n|-boost|p2a: Iron Moth|spa|1\n|\n|upkeep\n|turn|21\n|\n|t:|1700006697\n|move|p2a: Iron Moth|Sludge Wave|p1a: Amaterasu\n|-resisted|p1a: Amaterasu\n|-damage|p1a: Amaterasu|39\/100\n|move|p1a: Amaterasu|Toxic Spikes|p2a: Iron Moth\n|-sidestart|p2: Username momento|move: Toxic Spikes\n|\n|upkeep\n|turn|22\n|\n|t:|1700006703\n|move|p1a: Amaterasu|Sludge Wave|p2a: Iron Moth\n|-resisted|p2a: Iron Moth\n|-damage|p2a: Iron Moth|27\/100\n|move|p2a: Iron Moth|Sludge Wave|p1a: Amaterasu\n|-resisted|p1a: Amaterasu\n|-damage|p1a: Amaterasu|3\/100\n|\n|upkeep\n|turn|23\n|\n|t:|1700006708\n|move|p2a: Iron Moth|Fiery Dance|p1a: Amaterasu\n|-resisted|p1a: Amaterasu\n|-damage|p1a: Amaterasu|0 fnt\n|faint|p1a: Amaterasu\n|-end|p1a: Amaterasu|Quark Drive|[silent]\n|\n|upkeep\n|\n|t:|1700006710\n|switch|p1a: Toothless|Dragapult, M|100\/100\n|turn|24\n|\n|t:|1700006712\n|move|p1a: Toothless|Dragon Darts|p2a: Iron Moth\n|-damage|p2a: Iron Moth|0 fnt\n|faint|p2a: Iron Moth\n|-end|p2a: Iron Moth|Quark Drive|[silent]\n|\n|upkeep\n|\n|t:|1700006719\n|switch|p2a: Kingambit|Kingambit, M|100\/100\n|-damage|p2a: Kingambit|94\/100|[from] Stealth Rock\n|-activate|p2a: Kingambit|ability: Supreme Overlord\n|-start|p2a: Kingambit|fallen2|[silent]\n|turn|25\n|\n|t:|1700006722\n|move|p1a: Toothless|U-turn|p2a: Kingambit\n|-damage|p2a: Kingambit|79\/100\n|\n|t:|1700006725\n|switch|p1a: Manny|Great Tusk|100\/100|[from] U-turn\n|move|p2a: Kingambit|Iron Head|p1a: Manny\n|-damage|p1a: Manny|61\/100\n|\n|-heal|p2a: Kingambit|86\/100|[from] item: Leftovers\n|upkeep\n|turn|26\n|j| alejofer1534\n|c| alejofer1534|broo\n|\n|t:|1700006731\n|-end|p1a: Manny|Protosynthesis|[silent]\n|switch|p1a: Katara|Ogerpon-Wellspring, F|100\/100\n|-end|p2a: Kingambit|fallen2|[silent]\n|switch|p2a: Zamazenta|Zamazenta, tera:Steel|81\/100\n|-damage|p2a: Zamazenta|74\/100|[from] Stealth Rock\n|\n|-heal|p2a: Zamazenta|81\/100|[from] item: Leftovers\n|upkeep\n|turn|27\n|c| alejofer1534|username momento\n|\n|t:|1700006737\n|move|p2a: Zamazenta|Iron Defense|p2a: Zamazenta\n|-boost|p2a: Zamazenta|def|2\n|move|p1a: Katara|Knock Off|p2a: Zamazenta\n|-damage|p2a: Zamazenta|66\/100\n|-enditem|p2a: Zamazenta|Leftovers|[from] move: Knock Off|[of] p1a: Katara\n|\n|upkeep\n|turn|28\n|c| alejofer1534|i got to finals\n|\n|t:|1700006742\n|switch|p1a: Clicker|Ting-Lu, tera:Poison|82\/100 par\n|-ability|p1a: Clicker|Vessel of Ruin\n|move|p2a: Zamazenta|Body Press|p1a: Clicker\n|-resisted|p1a: Clicker\n|-damage|p1a: Clicker|60\/100 par\n|\n|-heal|p1a: Clicker|66\/100 par|[from] item: Leftovers\n|upkeep\n|turn|29\n|c| alejofer1534|i hope to c u ther\n|\n|t:|1700006748\n|move|p2a: Zamazenta|Body Press|p1a: Clicker\n|-resisted|p1a: Clicker\n|-damage|p1a: Clicker|45\/100 par\n|move|p1a: Clicker|Whirlwind|p2a: Zamazenta\n|drag|p2a: Zapdos|Zapdos|69\/100\n|-damage|p2a: Zapdos|44\/100|[from] Stealth Rock\n|\n|-heal|p2a: Zapdos|50\/100|[from] item: Leftovers\n|-heal|p1a: Clicker|51\/100 par|[from] item: Leftovers\n|upkeep\n|turn|30\n|\n|t:|1700006757\n|move|p2a: Zapdos|Hurricane|p1a: Clicker\n|-damage|p1a: Clicker|33\/100 par\n|move|p1a: Clicker|Ruination|p2a: Zapdos\n|-damage|p2a: Zapdos|25\/100\n|\n|-heal|p2a: Zapdos|31\/100|[from] item: Leftovers\n|-heal|p1a: Clicker|39\/100 par|[from] item: Leftovers\n|upkeep\n|turn|31\n|\n|t:|1700006764\n|move|p2a: Zapdos|Roost|p2a: Zapdos\n|-heal|p2a: Zapdos|81\/100\n|-singleturn|p2a: Zapdos|move: Roost\n|move|p1a: Clicker|Whirlwind|p2a: Zapdos\n|drag|p2a: Great Tusk|Great Tusk|100\/100\n|-damage|p2a: Great Tusk|98\/100|[from] Stealth Rock\n|-status|p2a: Great Tusk|psn\n|\n|-heal|p1a: Clicker|45\/100 par|[from] item: Leftovers\n|-damage|p2a: Great Tusk|85\/100 psn|[from] psn\n|upkeep\n|turn|32\n|\n|t:|1700006772\n|switch|p1a: Toothless|Dragapult, M|100\/100\n|move|p2a: Great Tusk|Knock Off|p1a: Toothless\n|-supereffective|p1a: Toothless\n|-damage|p1a: Toothless|0 fnt\n|-enditem|p1a: Toothless|Heavy-Duty Boots|[from] move: Knock Off|[of] p2a: Great Tusk\n|faint|p1a: Toothless\n|\n|-damage|p2a: Great Tusk|73\/100 psn|[from] psn\n|upkeep\n|\n|t:|1700006777\n|switch|p1a: Katara|Ogerpon-Wellspring, F|100\/100\n|turn|33\n|\n|t:|1700006790\n|move|p1a: Katara|Ivy Cudgel|p2a: Great Tusk|[anim] Ivy Cudgel Water\n|-supereffective|p2a: Great Tusk\n|-damage|p2a: Great Tusk|0 fnt\n|faint|p2a: Great Tusk\n|-end|p2a: Great Tusk|Protosynthesis|[silent]\n|\n|upkeep\n|\n|t:|1700006794\n|switch|p2a: Zamazenta|Zamazenta, tera:Steel|66\/100\n|-damage|p2a: Zamazenta|59\/100|[from] Stealth Rock\n|turn|34\n|\n|t:|1700006797\n|move|p2a: Zamazenta|Iron Defense|p2a: Zamazenta\n|-boost|p2a: Zamazenta|def|2\n|move|p1a: Katara|Ivy Cudgel|p2a: Zamazenta|[anim] Ivy Cudgel Water\n|-damage|p2a: Zamazenta|38\/100\n|\n|upkeep\n|turn|35\n|\n|t:|1700006801\n|switch|p1a: Clicker|Ting-Lu, tera:Poison|45\/100 par\n|-ability|p1a: Clicker|Vessel of Ruin\n|move|p2a: Zamazenta|Body Press|p1a: Clicker\n|-resisted|p1a: Clicker\n|-damage|p1a: Clicker|23\/100 par\n|\n|-heal|p1a: Clicker|29\/100 par|[from] item: Leftovers\n|upkeep\n|turn|36\n|\n|t:|1700006806\n|move|p2a: Zamazenta|Body Press|p1a: Clicker\n|-resisted|p1a: Clicker\n|-damage|p1a: Clicker|9\/100 par\n|move|p1a: Clicker|Whirlwind|p2a: Zamazenta\n|drag|p2a: Kingambit|Kingambit, M|86\/100\n|-damage|p2a: Kingambit|79\/100|[from] Stealth Rock\n|-activate|p2a: Kingambit|ability: Supreme Overlord\n|-start|p2a: Kingambit|fallen3|[silent]\n|\n|-heal|p2a: Kingambit|86\/100|[from] item: Leftovers\n|-heal|p1a: Clicker|15\/100 par|[from] item: Leftovers\n|upkeep\n|turn|37\n|\n|t:|1700006813\n|move|p2a: Kingambit|Iron Head|p1a: Clicker\n|-damage|p1a: Clicker|0 fnt\n|faint|p1a: Clicker\n|\n|-heal|p2a: Kingambit|92\/100|[from] item: Leftovers\n|upkeep\n|\n|t:|1700006815\n|switch|p1a: Manny|Great Tusk|61\/100\n|turn|38\n|\n|t:|1700006819\n|-end|p1a: Manny|Protosynthesis|[silent]\n|switch|p1a: Katara|Ogerpon-Wellspring, F|100\/100\n|-end|p2a: Kingambit|fallen3|[silent]\n|switch|p2a: Zapdos|Zapdos|81\/100\n|-damage|p2a: Zapdos|56\/100|[from] Stealth Rock\n|\n|-heal|p2a: Zapdos|63\/100|[from] item: Leftovers\n|upkeep\n|turn|39\n|\n|t:|1700006823\n|move|p1a: Katara|Ivy Cudgel|p2a: Zapdos|[anim] Ivy Cudgel Water\n|-damage|p2a: Zapdos|24\/100\n|move|p2a: Zapdos|Hurricane|p1a: Katara|[miss]\n|-miss|p2a: Zapdos|p1a: Katara\n|\n|-heal|p2a: Zapdos|30\/100|[from] item: Leftovers\n|upkeep\n|turn|40\n|\n|t:|1700006827\n|move|p1a: Katara|Ivy Cudgel|p2a: Zapdos|[anim] Ivy Cudgel Water\n|-crit|p2a: Zapdos\n|-damage|p2a: Zapdos|0 fnt\n|faint|p2a: Zapdos\n|\n|upkeep\n|\n|t:|1700006832\n|switch|p2a: Zamazenta|Zamazenta, tera:Steel|38\/100\n|-damage|p2a: Zamazenta|32\/100|[from] Stealth Rock\n|turn|41\n|c|\u2606Username momento|That miss is devastating\n|\n|t:|1700006851\n|move|p2a: Zamazenta|Iron Defense|p2a: Zamazenta\n|-boost|p2a: Zamazenta|def|2\n|move|p1a: Katara|Swords Dance|p1a: Katara\n|-boost|p1a: Katara|atk|2\n|\n|upkeep\n|turn|42\n|\n|t:|1700006857\n|move|p2a: Zamazenta|Body Press|p1a: Katara\n|-damage|p1a: Katara|0 fnt\n|faint|p1a: Katara\n|\n|upkeep\n|\n|t:|1700006860\n|switch|p1a: Manny|Great Tusk|61\/100\n|turn|43\n|\n|t:|1700006862\n|move|p2a: Zamazenta|Body Press|p1a: Manny\n|-damage|p1a: Manny|6\/100\n|move|p1a: Manny|Headlong Rush|p2a: Zamazenta\n|-supereffective|p2a: Zamazenta\n|-damage|p2a: Zamazenta|0 fnt\n|-unboost|p1a: Manny|def|1\n|-unboost|p1a: Manny|spd|1\n|faint|p2a: Zamazenta\n|\n|upkeep\n|c| alejofer1534|indeed\n|\n|t:|1700006866\n|switch|p2a: Kingambit|Kingambit, M|92\/100\n|-damage|p2a: Kingambit|86\/100|[from] Stealth Rock\n|-activate|p2a: Kingambit|ability: Supreme Overlord\n|-start|p2a: Kingambit|fallen5|[silent]\n|turn|44\n|\n|t:|1700006871\n|move|p2a: Kingambit|Sucker Punch|p1a: Manny\n|-resisted|p1a: Manny\n|-damage|p1a: Manny|0 fnt\n|faint|p1a: Manny\n|-end|p1a: Manny|Protosynthesis|[silent]\n|\n|win|Username momento\n|n|\u2606Steez Ibanez|steezibanez\n|n|\u2606Username momento|usernamemomento\n|n| Chimeling|chimeling\n|n|+Disorient@!|disorient\n|n| Meelll0|meelll0\n|n| alejofer1534|alejofer1534\n|c|\u2606Username momento|Do I still win? yeah\n|l|\u2606Steez Ibanez\n|c|\u2606Username momento|gg\n","uploadtime":1700006878,"views":16,"p1id":"steezibanez","p2id":"usernamemomento","formatid":"gen9ou","rating":0,"private":0,"password":""}