{"id":"gen9ou-1993371387","p1":"ajolote xd xd","p2":"Eiiroo","format":"[Gen 9] OU","log":"|j|\u2606ajolote xd xd\n|j|\u2606Eiiroo\n|t:|1700307771\n|gametype|singles\n|player|p1|ajolote xd xd|wattson|1000\n|player|p2|Eiiroo|gambler|1046\n|teamsize|p1|6\n|teamsize|p2|6\n|gen|9\n|tier|[Gen 9] OU\n|rated|\n|rule|Sleep Clause Mod: Limit one foe put to sleep\n|rule|Species Clause: Limit one of each Pok\u00e9mon\n|rule|OHKO Clause: OHKO moves are banned\n|rule|Evasion Items Clause: Evasion items are banned\n|rule|Evasion Moves Clause: Evasion moves are banned\n|rule|Endless Battle Clause: Forcing endless battles is banned\n|rule|HP Percentage Mod: HP is shown in percentages\n|clearpoke\n|poke|p1|Scizor, M|\n|poke|p1|Polteageist-Antique|\n|poke|p1|Kommo-o, F|\n|poke|p1|Manaphy|\n|poke|p1|Landorus-Therian, M|\n|poke|p1|Cinderace, M|\n|poke|p2|Ogerpon-Cornerstone, F|\n|poke|p2|Kingambit, M|\n|poke|p2|Iron Moth|\n|poke|p2|Rillaboom, F|\n|poke|p2|Ceruledge, F|\n|poke|p2|Iron Hands|\n|teampreview\n|\n|t:|1700307780\n|start\n|switch|p1a: Polteageist|Polteageist-Antique|100\/100\n|switch|p2a: Kingambit|Kingambit, M|100\/100\n|turn|1\n|\n|t:|1700307790\n|move|p1a: Polteageist|Shell Smash|p1a: Polteageist\n|-unboost|p1a: Polteageist|def|1\n|-unboost|p1a: Polteageist|spd|1\n|-boost|p1a: Polteageist|atk|2\n|-boost|p1a: Polteageist|spa|2\n|-boost|p1a: Polteageist|spe|2\n|move|p2a: Kingambit|Swords Dance|p2a: Kingambit\n|-boost|p2a: Kingambit|atk|2\n|\n|upkeep\n|turn|2\n|\n|t:|1700307800\n|move|p2a: Kingambit|Sucker Punch||[still]\n|-fail|p2a: Kingambit\n|move|p1a: Polteageist|Shell Smash|p1a: Polteageist\n|-unboost|p1a: Polteageist|def|1\n|-unboost|p1a: Polteageist|spd|1\n|-boost|p1a: Polteageist|atk|2\n|-boost|p1a: Polteageist|spa|2\n|-boost|p1a: Polteageist|spe|2\n|\n|upkeep\n|turn|3\n|\n|t:|1700307813\n|move|p1a: Polteageist|Shell Smash|p1a: Polteageist\n|-unboost|p1a: Polteageist|def|1\n|-unboost|p1a: Polteageist|spd|1\n|-boost|p1a: Polteageist|atk|2\n|-boost|p1a: Polteageist|spa|2\n|-boost|p1a: Polteageist|spe|2\n|move|p2a: Kingambit|Tera Blast|p1a: Polteageist\n|-immune|p1a: Polteageist\n|\n|upkeep\n|turn|4\n|\n|t:|1700307845\n|-terastallize|p2a: Kingambit|Fairy\n|move|p1a: Polteageist|Shadow Ball|p2a: Kingambit\n|-damage|p2a: Kingambit|0 fnt\n|faint|p2a: Kingambit\n|-end|p2a: Kingambit|fallenundefined|[silent]\n|\n|upkeep\n|\n|t:|1700307852\n|switch|p2a: Iron Moth|Iron Moth|100\/100\n|-enditem|p2a: Iron Moth|Booster Energy\n|-activate|p2a: Iron Moth|ability: Quark Drive|[fromitem]\n|-start|p2a: Iron Moth|quarkdrivespe\n|turn|5\n|\n|t:|1700307860\n|move|p1a: Polteageist|Stored Power|p2a: Iron Moth\n|-supereffective|p2a: Iron Moth\n|-damage|p2a: Iron Moth|0 fnt\n|faint|p2a: Iron Moth\n|-end|p2a: Iron Moth|Quark Drive|[silent]\n|\n|upkeep\n|\n|t:|1700307865\n|switch|p2a: Ogerpon|Ogerpon-Cornerstone, F|100\/100\n|turn|6\n|\n|t:|1700307870\n|move|p1a: Polteageist|Stored Power|p2a: Ogerpon\n|-crit|p2a: Ogerpon\n|-ability|p2a: Ogerpon|Sturdy\n|-damage|p2a: Ogerpon|1\/100\n|move|p2a: Ogerpon|Ivy Cudgel|p1a: Polteageist|[anim] Ivy Cudgel Rock\n|-enditem|p1a: Polteageist|Focus Sash\n|-damage|p1a: Polteageist|1\/100\n|-ability|p1a: Polteageist|Weak Armor|boost\n|-unboost|p1a: Polteageist|def|1\n|\n|upkeep\n|turn|7\n|\n|t:|1700307882\n|move|p1a: Polteageist|Stored Power|p2a: Ogerpon\n|-damage|p2a: Ogerpon|0 fnt\n|faint|p2a: Ogerpon\n|\n|upkeep\n|\n|t:|1700307888\n|switch|p2a: Iron Hands|Iron Hands|100\/100\n|turn|8\n|\n|t:|1700307891\n|move|p1a: Polteageist|Stored Power|p2a: Iron Hands\n|-supereffective|p2a: Iron Hands\n|-damage|p2a: Iron Hands|0 fnt\n|faint|p2a: Iron Hands\n|-end|p2a: Iron Hands|Quark Drive|[silent]\n|\n|upkeep\n|\n|t:|1700307896\n|switch|p2a: Ceruledge|Ceruledge, F|100\/100\n|turn|9\n|\n|t:|1700307902\n|move|p1a: Polteageist|Shadow Ball|p2a: Ceruledge\n|-supereffective|p2a: Ceruledge\n|-enditem|p2a: Ceruledge|Focus Sash\n|-damage|p2a: Ceruledge|1\/100\n|move|p2a: Ceruledge|Poltergeist||[still]\n|-fail|p2a: Ceruledge\n|\n|upkeep\n|turn|10\n|\n|t:|1700307933\n|move|p1a: Polteageist|Shadow Ball|p2a: Ceruledge\n|-supereffective|p2a: Ceruledge\n|-damage|p2a: Ceruledge|0 fnt\n|faint|p2a: Ceruledge\n|\n|upkeep\n|\n|t:|1700307938\n|switch|p2a: Rillaboom|Rillaboom, F|100\/100\n|-fieldstart|move: Grassy Terrain|[from] ability: Grassy Surge|[of] p2a: Rillaboom\n|turn|11\n|\n|t:|1700307945\n|move|p1a: Polteageist|Stored Power|p2a: Rillaboom\n|-damage|p2a: Rillaboom|0 fnt\n|faint|p2a: Rillaboom\n|\n|win|ajolote xd xd\n|raw|ajolote xd xd's rating: 1000 &rarr; <strong>1045<\/strong><br \/>(+45 for winning)\n|raw|Eiiroo's rating: 1046 &rarr; <strong>1027<\/strong><br \/>(-19 for losing)\n|l|\u2606Eiiroo\n|c|\u2606ajolote xd xd|XD\n","uploadtime":1700307973,"views":26,"p1id":"ajolotexdxd","p2id":"eiiroo","formatid":"gen9ou","rating":1027,"private":0,"password":""}