{"id":"gen9ou-1989319305","p1":"Splitless","p2":"SS_Wobblewok","format":"[Gen 9] OU","log":"|j|\u2606Splitless\n|j|\u2606SS_Wobblewok\n|t:|1699835878\n|gametype|singles\n|player|p1|Splitless|fisherman|1085\n|player|p2|SS_Wobblewok|parasollady|1000\n|teamsize|p1|6\n|teamsize|p2|6\n|gen|9\n|tier|[Gen 9] OU\n|rated|\n|rule|Sleep Clause Mod: Limit one foe put to sleep\n|rule|Species Clause: Limit one of each Pok\u00e9mon\n|rule|OHKO Clause: OHKO moves are banned\n|rule|Evasion Items Clause: Evasion items are banned\n|rule|Evasion Moves Clause: Evasion moves are banned\n|rule|Endless Battle Clause: Forcing endless battles is banned\n|rule|HP Percentage Mod: HP is shown in percentages\n|clearpoke\n|poke|p1|Masquerain, F|\n|poke|p1|Gholdengo|\n|poke|p1|Dragapult, F|\n|poke|p1|Kingambit, M|\n|poke|p1|Breloom, F|\n|poke|p1|Azumarill, M|\n|poke|p2|Delphox, F|\n|poke|p2|Kilowattrel, M|\n|poke|p2|Polteageist|\n|poke|p2|Slither Wing|\n|poke|p2|Mudsdale, F|\n|poke|p2|Forretress, F|\n|teampreview\n|\n|t:|1699835886\n|start\n|switch|p1a: Dragapult|Dragapult, F|100\/100\n|switch|p2a: Polteageist|Polteageist|100\/100\n|turn|1\n|\n|t:|1699835892\n|-terastallize|p1a: Dragapult|Water\n|move|p1a: Dragapult|Surf|p2a: Polteageist\n|-damage|p2a: Polteageist|21\/100\n|move|p2a: Polteageist|Shell Smash|p2a: Polteageist\n|-unboost|p2a: Polteageist|def|1\n|-unboost|p2a: Polteageist|spd|1\n|-boost|p2a: Polteageist|atk|2\n|-boost|p2a: Polteageist|spa|2\n|-boost|p2a: Polteageist|spe|2\n|\n|upkeep\n|turn|2\n|\n|t:|1699835902\n|move|p2a: Polteageist|Shadow Ball|p1a: Dragapult\n|-damage|p1a: Dragapult|0 fnt\n|faint|p1a: Dragapult\n|\n|upkeep\n|\n|t:|1699835908\n|switch|p1a: Azumarill|Azumarill, M|100\/100\n|turn|3\n|\n|t:|1699835915\n|move|p2a: Polteageist|Stored Power|p1a: Azumarill\n|-damage|p1a: Azumarill|0 fnt\n|faint|p1a: Azumarill\n|\n|upkeep\n|\n|t:|1699835919\n|switch|p1a: Gholdengo|Gholdengo|100\/100\n|turn|4\n|\n|t:|1699835923\n|move|p2a: Polteageist|Shadow Ball|p1a: Gholdengo\n|-supereffective|p1a: Gholdengo\n|-damage|p1a: Gholdengo|0 fnt\n|faint|p1a: Gholdengo\n|\n|upkeep\n|\n|t:|1699835929\n|switch|p1a: Breloom|Breloom, F|100\/100\n|turn|5\n|\n|t:|1699835934\n|move|p2a: Polteageist|Stored Power|p1a: Breloom\n|-supereffective|p1a: Breloom\n|-damage|p1a: Breloom|0 fnt\n|faint|p1a: Breloom\n|\n|upkeep\n|\n|t:|1699835938\n|switch|p1a: Masquerain|Masquerain, F, shiny|100\/100\n|-ability|p1a: Masquerain|Intimidate|boost\n|-unboost|p2a: Polteageist|atk|1\n|turn|6\n|\n|t:|1699835947\n|move|p2a: Polteageist|Shadow Ball|p1a: Masquerain\n|-damage|p1a: Masquerain|0 fnt\n|faint|p1a: Masquerain\n|\n|upkeep\n|\n|t:|1699835951\n|switch|p1a: Kingambit|Kingambit, M|100\/100\n|-activate|p1a: Kingambit|ability: Supreme Overlord\n|-start|p1a: Kingambit|fallen5|[silent]\n|turn|7\n|\n|t:|1699835955\n|-terastallize|p2a: Polteageist|Fighting\n|move|p2a: Polteageist|Tera Blast|p1a: Kingambit|[anim] Tera Blast Fighting\n|-supereffective|p1a: Kingambit\n|-damage|p1a: Kingambit|0 fnt\n|faint|p1a: Kingambit\n|-end|p1a: Kingambit|fallen5|[silent]\n|\n|win|SS_Wobblewok\n|raw|Splitless's rating: 1085 &rarr; <strong>1057<\/strong><br \/>(-28 for losing)\n|raw|SS_Wobblewok's rating: 1000 &rarr; <strong>1050<\/strong><br \/>(+50 for winning)\n|l|\u2606Splitless\n","uploadtime":1699835980,"views":19,"p1id":"splitless","p2id":"sswobblewok","formatid":"gen9ou","rating":1050,"private":0,"password":""}