{"id":"gen9ou-1997446327","p1":"DragsIThink","p2":"Test_fuzzle98","format":"[Gen 9] OU","log":"|j|\u2606DragsIThink\n|j|\u2606Test_fuzzle98\n|t:|1700806635\n|gametype|singles\n|player|p1|DragsIThink|roxie|1194\n|player|p2|Test_fuzzle98|rocketgrunt|1280\n|teamsize|p1|6\n|teamsize|p2|6\n|gen|9\n|tier|[Gen 9] OU\n|rated|\n|rule|Sleep Clause Mod: Limit one foe put to sleep\n|rule|Species Clause: Limit one of each Pok\u00e9mon\n|rule|OHKO Clause: OHKO moves are banned\n|rule|Evasion Items Clause: Evasion items are banned\n|rule|Evasion Moves Clause: Evasion moves are banned\n|rule|Endless Battle Clause: Forcing endless battles is banned\n|rule|HP Percentage Mod: HP is shown in percentages\n|clearpoke\n|poke|p1|Sandslash, M|\n|poke|p1|Forretress, M|\n|poke|p1|Armarouge, M|\n|poke|p1|Enamorus-Therian, F|\n|poke|p1|Sinistcha|\n|poke|p1|Ambipom, F|\n|poke|p2|Basculegion, M|\n|poke|p2|Pelipper, M|\n|poke|p2|Samurott-Hisui, F|\n|poke|p2|Heatran, M|\n|poke|p2|Walking Wake|\n|poke|p2|Mandibuzz, F|\n|teampreview\n|c|\u2606DragsIThink|glhf\n|\n|t:|1700806646\n|start\n|switch|p1a: Ligma|Sinistcha, shiny|100\/100\n|switch|p2a: Samurott|Samurott-Hisui, F|100\/100\n|turn|1\n|\n|t:|1700806656\n|switch|p1a: Wall-E|Forretress, M, shiny|100\/100\n|move|p2a: Samurott|Ceaseless Edge|p1a: Wall-E\n|-damage|p1a: Wall-E|75\/100\n|-sidestart|p1: DragsIThink|Spikes\n|\n|-heal|p1a: Wall-E|81\/100|[from] item: Leftovers\n|upkeep\n|turn|2\n|inactive|Battle timer is ON: inactive players will automatically lose when time's up. (requested by DragsIThink)\n|\n|t:|1700806672\n|switch|p2a: Heatran|Heatran, M|100\/100\n|move|p1a: Wall-E|Stealth Rock|p2a: Heatran\n|-sidestart|p2: Test_fuzzle98|move: Stealth Rock\n|\n|-heal|p1a: Wall-E|87\/100|[from] item: Leftovers\n|upkeep\n|turn|3\n|\n|t:|1700806686\n|switch|p1a: Mega Man|Armarouge, M|100\/100\n|-damage|p1a: Mega Man|88\/100|[from] Spikes\n|move|p2a: Heatran|Stealth Rock|p1a: Mega Man\n|-sidestart|p1: DragsIThink|move: Stealth Rock\n|\n|upkeep\n|turn|4\n|\n|t:|1700806695\n|move|p1a: Mega Man|Aura Sphere|p2a: Heatran\n|-supereffective|p2a: Heatran\n|-damage|p2a: Heatran|51\/100\n|move|p2a: Heatran|Dark Pulse|p1a: Mega Man\n|-supereffective|p1a: Mega Man\n|-damage|p1a: Mega Man|11\/100\n|\n|-heal|p2a: Heatran|57\/100|[from] item: Leftovers\n|upkeep\n|turn|5\n|\n|t:|1700806706\n|move|p1a: Mega Man|Aura Sphere|p2a: Heatran\n|-supereffective|p2a: Heatran\n|-damage|p2a: Heatran|14\/100\n|move|p2a: Heatran|Dark Pulse|p1a: Mega Man\n|-supereffective|p1a: Mega Man\n|-damage|p1a: Mega Man|0 fnt\n|faint|p1a: Mega Man\n|\n|-heal|p2a: Heatran|20\/100|[from] item: Leftovers\n|upkeep\n|c|\u2606DragsIThink|wtf is this set\n|\n|t:|1700806717\n|switch|p1a: Wall-E|Forretress, M, shiny|87\/100\n|-damage|p1a: Wall-E|75\/100|[from] Spikes\n|-damage|p1a: Wall-E|62\/100|[from] Stealth Rock\n|turn|6\n|\n|t:|1700806725\n|move|p2a: Heatran|Magma Storm|p1a: Wall-E\n|-supereffective|p1a: Wall-E\n|-damage|p1a: Wall-E|0 fnt\n|faint|p1a: Wall-E\n|\n|-heal|p2a: Heatran|26\/100|[from] item: Leftovers\n|upkeep\n|\n|t:|1700806728\n|switch|p1a: Tiddles|Enamorus-Therian, F|100\/100\n|-damage|p1a: Tiddles|75\/100|[from] Stealth Rock\n|turn|7\n|\n|t:|1700806736\n|move|p2a: Heatran|Flash Cannon|p1a: Tiddles\n|-supereffective|p1a: Tiddles\n|-damage|p1a: Tiddles|23\/100\n|move|p1a: Tiddles|Earth Power|p2a: Heatran\n|-supereffective|p2a: Heatran\n|-damage|p2a: Heatran|0 fnt\n|faint|p2a: Heatran\n|\n|upkeep\n|\n|t:|1700806748\n|switch|p2a: Pelipper|Pelipper, M|100\/100\n|-damage|p2a: Pelipper|76\/100|[from] Stealth Rock\n|-weather|RainDance|[from] ability: Drizzle|[of] p2a: Pelipper\n|turn|8\n|\n|t:|1700806757\n|move|p2a: Pelipper|U-turn|p1a: Tiddles\n|-resisted|p1a: Tiddles\n|-damage|p1a: Tiddles|21\/100\n|\n|t:|1700806769\n|switch|p2a: Samurott|Samurott-Hisui, F|100\/100|[from] U-turn\n|-damage|p2a: Samurott|88\/100|[from] Stealth Rock\n|move|p1a: Tiddles|Moonblast|p2a: Samurott\n|-supereffective|p2a: Samurott\n|-damage|p2a: Samurott|0 fnt\n|faint|p2a: Samurott\n|\n|-weather|RainDance|[upkeep]\n|upkeep\n|\n|t:|1700806780\n|switch|p2a: Basculegion|Basculegion, M|100\/100\n|-damage|p2a: Basculegion|88\/100|[from] Stealth Rock\n|turn|9\n|\n|t:|1700806788\n|move|p2a: Basculegion|Wave Crash|p1a: Tiddles\n|-damage|p1a: Tiddles|0 fnt\n|faint|p1a: Tiddles\n|-damage|p2a: Basculegion|82\/100|[from] Recoil\n|\n|-weather|RainDance|[upkeep]\n|upkeep\n|\n|t:|1700806794\n|switch|p1a: Ligma|Sinistcha, shiny|100\/100\n|-damage|p1a: Ligma|88\/100|[from] Spikes\n|-damage|p1a: Ligma|76\/100|[from] Stealth Rock\n|turn|10\n|\n|t:|1700806802\n|-terastallize|p2a: Basculegion|Water\n|move|p2a: Basculegion|Wave Crash|p1a: Ligma\n|-resisted|p1a: Ligma\n|-damage|p1a: Ligma|5\/100\n|-damage|p2a: Basculegion|61\/100|[from] Recoil\n|move|p1a: Ligma|Strength Sap|p2a: Basculegion\n|-unboost|p2a: Basculegion|atk|1\n|-heal|p1a: Ligma|100\/100\n|\n|-weather|RainDance|[upkeep]\n|upkeep\n|turn|11\n|\n|t:|1700806815\n|switch|p2a: Mandibuzz|Mandibuzz, F|100\/100\n|move|p1a: Ligma|Matcha Gotcha|p2a: Mandibuzz\n|-resisted|p2a: Mandibuzz\n|-damage|p2a: Mandibuzz|90\/100\n|\n|-weather|RainDance|[upkeep]\n|upkeep\n|turn|12\n|\n|t:|1700806824\n|move|p1a: Ligma|Protect|p1a: Ligma\n|-singleturn|p1a: Ligma|Protect\n|move|p2a: Mandibuzz|Knock Off|p1a: Ligma\n|-activate|p1a: Ligma|move: Protect\n|\n|-weather|RainDance|[upkeep]\n|upkeep\n|turn|13\n|\n|t:|1700806829\n|switch|p1a: Harmless Monke.|Ambipom, F|100\/100\n|-damage|p1a: Harmless Monke.|88\/100|[from] Spikes\n|-damage|p1a: Harmless Monke.|76\/100|[from] Stealth Rock\n|move|p2a: Mandibuzz|U-turn|p1a: Harmless Monke.\n|-damage|p1a: Harmless Monke.|56\/100\n|\n|t:|1700806838\n|switch|p2a: Basculegion|Basculegion, M, tera:Water|61\/100|[from] U-turn\n|-damage|p2a: Basculegion|49\/100|[from] Stealth Rock\n|\n|-weather|RainDance|[upkeep]\n|upkeep\n|turn|14\n|\n|t:|1700806850\n|-terastallize|p1a: Harmless Monke.|Normal\n|move|p1a: Harmless Monke.|Fake Out|p2a: Basculegion\n|-damage|p2a: Basculegion|0 fnt\n|faint|p2a: Basculegion\n|\n|-weather|RainDance|[upkeep]\n|upkeep\n|\n|t:|1700806860\n|switch|p2a: Walking Wake|Walking Wake|100\/100\n|-damage|p2a: Walking Wake|88\/100|[from] Stealth Rock\n|turn|15\n|\n|t:|1700806867\n|move|p1a: Harmless Monke.|Double Hit|p2a: Walking Wake\n|-damage|p2a: Walking Wake|48\/100\n|-damage|p2a: Walking Wake|11\/100\n|-hitcount|p2a: Walking Wake|2\n|move|p2a: Walking Wake|Hydro Steam|p1a: Harmless Monke.\n|-damage|p1a: Harmless Monke.|0 fnt\n|faint|p1a: Harmless Monke.\n|\n|-weather|none\n|upkeep\n|\n|t:|1700806870\n|switch|p1a: Ligma|Sinistcha, shiny|100\/100\n|-damage|p1a: Ligma|88\/100|[from] Spikes\n|-damage|p1a: Ligma|76\/100|[from] Stealth Rock\n|turn|16\n|\n|t:|1700806885\n|-end|p2a: Walking Wake|Protosynthesis|[silent]\n|switch|p2a: Mandibuzz|Mandibuzz, F|90\/100\n|move|p1a: Ligma|Matcha Gotcha|p2a: Mandibuzz\n|-resisted|p2a: Mandibuzz\n|-damage|p2a: Mandibuzz|77\/100\n|-heal|p1a: Ligma|83\/100|[from] drain|[of] p2a: Mandibuzz\n|-status|p2a: Mandibuzz|brn\n|\n|-heal|p1a: Ligma|89\/100|[from] item: Leftovers\n|-damage|p2a: Mandibuzz|71\/100 brn|[from] brn\n|upkeep\n|turn|17\n|\n|t:|1700806903\n|move|p1a: Ligma|Protect|p1a: Ligma\n|-singleturn|p1a: Ligma|Protect\n|move|p2a: Mandibuzz|Defog|p1a: Ligma\n|-activate|p1a: Ligma|move: Protect\n|\n|-heal|p1a: Ligma|95\/100|[from] item: Leftovers\n|-damage|p2a: Mandibuzz|65\/100 brn|[from] brn\n|upkeep\n|turn|18\n|\n|t:|1700806916\n|switch|p1a: Reki|Sandslash, M, shiny|100\/100\n|-damage|p1a: Reki|88\/100|[from] Spikes\n|-damage|p1a: Reki|82\/100|[from] Stealth Rock\n|move|p2a: Mandibuzz|Defog|p1a: Reki\n|-unboost|p1a: Reki|evasion|1\n|-sideend|p1: DragsIThink|Spikes|[from] move: Defog|[of] p2a: Mandibuzz\n|-sideend|p1: DragsIThink|Stealth Rock|[from] move: Defog|[of] p2a: Mandibuzz\n|-sideend|p2: Test_fuzzle98|Stealth Rock|[from] move: Defog|[of] p2a: Mandibuzz\n|\n|-heal|p1a: Reki|88\/100|[from] item: Leftovers\n|-damage|p2a: Mandibuzz|59\/100 brn|[from] brn\n|upkeep\n|turn|19\n|\n|t:|1700806925\n|move|p1a: Reki|Rapid Spin|p2a: Mandibuzz\n|-crit|p2a: Mandibuzz\n|-damage|p2a: Mandibuzz|42\/100 brn\n|-boost|p1a: Reki|spe|1\n|move|p2a: Mandibuzz|Roost|p2a: Mandibuzz\n|-heal|p2a: Mandibuzz|92\/100 brn\n|-singleturn|p2a: Mandibuzz|move: Roost\n|\n|-heal|p1a: Reki|94\/100|[from] item: Leftovers\n|-damage|p2a: Mandibuzz|86\/100 brn|[from] brn\n|upkeep\n|turn|20\n|\n|t:|1700806930\n|move|p1a: Reki|Swords Dance|p1a: Reki\n|-boost|p1a: Reki|atk|2\n|move|p2a: Mandibuzz|Knock Off|p1a: Reki\n|-damage|p1a: Reki|83\/100\n|-enditem|p1a: Reki|Leftovers|[from] move: Knock Off|[of] p2a: Mandibuzz\n|\n|-damage|p2a: Mandibuzz|80\/100 brn|[from] brn\n|upkeep\n|turn|21\n|\n|t:|1700806937\n|move|p1a: Reki|Swords Dance|p1a: Reki\n|-boost|p1a: Reki|atk|2\n|move|p2a: Mandibuzz|U-turn|p1a: Reki\n|-damage|p1a: Reki|77\/100\n|\n|t:|1700806940\n|switch|p2a: Pelipper|Pelipper, M|76\/100|[from] U-turn\n|-weather|RainDance|[from] ability: Drizzle|[of] p2a: Pelipper\n|\n|-weather|RainDance|[upkeep]\n|upkeep\n|turn|22\n|\n|t:|1700806948\n|move|p1a: Reki|Rapid Spin|p2a: Pelipper\n|-damage|p2a: Pelipper|37\/100\n|-boost|p1a: Reki|spe|1\n|move|p2a: Pelipper|Hydro Pump|p1a: Reki\n|-supereffective|p1a: Reki\n|-damage|p1a: Reki|0 fnt\n|faint|p1a: Reki\n|\n|-weather|RainDance|[upkeep]\n|upkeep\n|\n|t:|1700806950\n|switch|p1a: Ligma|Sinistcha, shiny|95\/100\n|turn|23\n|c|\u2606DragsIThink|ggas\n|\n|t:|1700806959\n|move|p1a: Ligma|Matcha Gotcha|p2a: Pelipper\n|-damage|p2a: Pelipper|0 fnt\n|-heal|p1a: Ligma|100\/100|[from] drain|[of] p2a: Pelipper\n|faint|p2a: Pelipper\n|\n|-weather|RainDance|[upkeep]\n|upkeep\n|\n|t:|1700806966\n|switch|p2a: Mandibuzz|Mandibuzz, F|80\/100 brn\n|turn|24\n|\n|t:|1700806971\n|move|p2a: Mandibuzz|Knock Off|p1a: Ligma\n|-supereffective|p1a: Ligma\n|-damage|p1a: Ligma|80\/100\n|-enditem|p1a: Ligma|Leftovers|[from] move: Knock Off|[of] p2a: Mandibuzz\n|move|p1a: Ligma|Strength Sap|p2a: Mandibuzz\n|-unboost|p2a: Mandibuzz|atk|1\n|-heal|p1a: Ligma|100\/100\n|\n|-weather|RainDance|[upkeep]\n|-damage|p2a: Mandibuzz|74\/100 brn|[from] brn\n|upkeep\n|turn|25\n|\n|t:|1700806978\n|move|p2a: Mandibuzz|Knock Off|p1a: Ligma\n|-supereffective|p1a: Ligma\n|-damage|p1a: Ligma|91\/100\n|move|p1a: Ligma|Strength Sap|p2a: Mandibuzz\n|-unboost|p2a: Mandibuzz|atk|1\n|-heal|p1a: Ligma|100\/100\n|\n|-weather|RainDance|[upkeep]\n|-damage|p2a: Mandibuzz|68\/100 brn|[from] brn\n|upkeep\n|turn|26\n|\n|t:|1700806983\n|move|p2a: Mandibuzz|Knock Off|p1a: Ligma\n|-supereffective|p1a: Ligma\n|-damage|p1a: Ligma|92\/100\n|move|p1a: Ligma|Matcha Gotcha|p2a: Mandibuzz\n|-resisted|p2a: Mandibuzz\n|-damage|p2a: Mandibuzz|57\/100 brn\n|-heal|p1a: Ligma|99\/100|[from] drain|[of] p2a: Mandibuzz\n|\n|-weather|RainDance|[upkeep]\n|-damage|p2a: Mandibuzz|50\/100 brn|[from] brn\n|upkeep\n|turn|27\n|\n|t:|1700806986\n|move|p2a: Mandibuzz|Roost|p2a: Mandibuzz\n|-heal|p2a: Mandibuzz|100\/100 brn\n|-singleturn|p2a: Mandibuzz|move: Roost\n|move|p1a: Ligma|Matcha Gotcha|p2a: Mandibuzz\n|-damage|p2a: Mandibuzz|75\/100 brn\n|-heal|p1a: Ligma|100\/100|[from] drain|[of] p2a: Mandibuzz\n|\n|-weather|RainDance|[upkeep]\n|-damage|p2a: Mandibuzz|69\/100 brn|[from] brn\n|upkeep\n|turn|28\n|\n|t:|1700806994\n|move|p2a: Mandibuzz|Knock Off|p1a: Ligma\n|-supereffective|p1a: Ligma\n|-damage|p1a: Ligma|92\/100\n|move|p1a: Ligma|Matcha Gotcha|p2a: Mandibuzz\n|-resisted|p2a: Mandibuzz\n|-damage|p2a: Mandibuzz|57\/100 brn\n|-heal|p1a: Ligma|99\/100|[from] drain|[of] p2a: Mandibuzz\n|\n|-weather|none\n|-damage|p2a: Mandibuzz|51\/100 brn|[from] brn\n|upkeep\n|turn|29\n|\n|t:|1700806999\n|move|p2a: Mandibuzz|Roost|p2a: Mandibuzz\n|-heal|p2a: Mandibuzz|100\/100 brn\n|-singleturn|p2a: Mandibuzz|move: Roost\n|move|p1a: Ligma|Matcha Gotcha|p2a: Mandibuzz\n|-damage|p2a: Mandibuzz|78\/100 brn\n|-heal|p1a: Ligma|100\/100|[from] drain|[of] p2a: Mandibuzz\n|\n|-damage|p2a: Mandibuzz|71\/100 brn|[from] brn\n|upkeep\n|turn|30\n|\n|t:|1700807004\n|move|p2a: Mandibuzz|U-turn|p1a: Ligma\n|-damage|p1a: Ligma|98\/100\n|\n|t:|1700807007\n|switch|p2a: Walking Wake|Walking Wake|11\/100|[from] U-turn\n|move|p1a: Ligma|Matcha Gotcha|p2a: Walking Wake\n|-damage|p2a: Walking Wake|0 fnt\n|-heal|p1a: Ligma|100\/100|[from] drain|[of] p2a: Walking Wake\n|faint|p2a: Walking Wake\n|-end|p2a: Walking Wake|Protosynthesis|[silent]\n|\n|upkeep\n|-message|Test_fuzzle98 forfeited.\n|\n|win|DragsIThink\n|raw|DragsIThink's rating: 1194 &rarr; <strong>1225<\/strong><br \/>(+31 for winning)\n|raw|Test_fuzzle98's rating: 1280 &rarr; <strong>1249<\/strong><br \/>(-31 for losing)\n|l|\u2606Test_fuzzle98\n","uploadtime":1700807028,"views":14,"p1id":"dragsithink","p2id":"testfuzzle98","formatid":"gen9ou","rating":1225,"private":0,"password":""}