{"id":"gen9ou-1993005641","p1":"OUFC Test1","p2":"Toxicr0akIsCool","format":"[Gen 9] OU","log":"|j|\u2606OUFC Test1\n|j|\u2606Toxicr0akIsCool\n|t:|1700254736\n|gametype|singles\n|player|p1|OUFC Test1|iono|1725\n|player|p2|Toxicr0akIsCool|burglar|1775\n|teamsize|p1|6\n|teamsize|p2|6\n|gen|9\n|tier|[Gen 9] OU\n|rated|\n|rule|Sleep Clause Mod: Limit one foe put to sleep\n|rule|Species Clause: Limit one of each Pok\u00e9mon\n|rule|OHKO Clause: OHKO moves are banned\n|rule|Evasion Items Clause: Evasion items are banned\n|rule|Evasion Moves Clause: Evasion moves are banned\n|rule|Endless Battle Clause: Forcing endless battles is banned\n|rule|HP Percentage Mod: HP is shown in percentages\n|clearpoke\n|poke|p1|Zamazenta-*|\n|poke|p1|Ting-Lu|\n|poke|p1|Moltres|\n|poke|p1|Gholdengo|\n|poke|p1|Clefable, M|\n|poke|p1|Ogerpon-Wellspring, F|\n|poke|p2|Ogerpon-Cornerstone, F|\n|poke|p2|Hoopa-Unbound|\n|poke|p2|Kingambit, M|\n|poke|p2|Scizor, M|\n|poke|p2|Iron Valiant|\n|poke|p2|Great Tusk|\n|teampreview\n|\n|t:|1700254764\n|start\n|switch|p1a: Ogerpon|Ogerpon-Wellspring, F|100\/100\n|switch|p2a: Scizor|Scizor, M|100\/100\n|turn|1\n|\n|t:|1700254771\n|move|p1a: Ogerpon|U-turn|p2a: Scizor\n|-resisted|p2a: Scizor\n|-damage|p2a: Scizor|87\/100\n|\n|t:|1700254774\n|switch|p1a: Moltres|Moltres|100\/100|[from] U-turn\n|move|p2a: Scizor|U-turn|p1a: Moltres\n|-resisted|p1a: Moltres\n|-damage|p1a: Moltres|93\/100\n|\n|t:|1700254777\n|switch|p2a: Ogerpon|Ogerpon-Cornerstone, F|100\/100|[from] U-turn\n|\n|upkeep\n|turn|2\n|\n|t:|1700254783\n|switch|p1a: Zamazenta|Zamazenta|100\/100\n|-ability|p1a: Zamazenta|Dauntless Shield|boost\n|-boost|p1a: Zamazenta|def|1\n|move|p2a: Ogerpon|Ivy Cudgel|p1a: Zamazenta|[anim] Ivy Cudgel Rock\n|-resisted|p1a: Zamazenta\n|-damage|p1a: Zamazenta|82\/100\n|\n|upkeep\n|turn|3\n|\n|t:|1700254787\n|switch|p2a: Iron Valiant|Iron Valiant, shiny|100\/100\n|move|p1a: Zamazenta|Heavy Slam|p2a: Iron Valiant\n|-supereffective|p2a: Iron Valiant\n|-damage|p2a: Iron Valiant|5\/100\n|\n|upkeep\n|turn|4\n|\n|t:|1700254797\n|move|p2a: Iron Valiant|Moonblast|p1a: Zamazenta\n|-supereffective|p1a: Zamazenta\n|-damage|p1a: Zamazenta|0 fnt\n|faint|p1a: Zamazenta\n|\n|upkeep\n|\n|t:|1700254807\n|switch|p1a: Moltres|Moltres|93\/100\n|turn|5\n|\n|t:|1700254814\n|-end|p2a: Iron Valiant|Quark Drive|[silent]\n|switch|p2a: Great Tusk|Great Tusk, shiny|100\/100\n|move|p1a: Moltres|U-turn|p2a: Great Tusk\n|-resisted|p2a: Great Tusk\n|-damage|p2a: Great Tusk|97\/100\n|-damage|p1a: Moltres|77\/100|[from] item: Rocky Helmet|[of] p2a: Great Tusk\n|\n|t:|1700254820\n|switch|p1a: Clefable|Clefable, M|100\/100|[from] U-turn\n|\n|upkeep\n|turn|6\n|\n|t:|1700254832\n|-end|p2a: Great Tusk|Protosynthesis|[silent]\n|switch|p2a: Kingambit|Kingambit, M, shiny|100\/100\n|move|p1a: Clefable|Stealth Rock|p2a: Kingambit\n|-sidestart|p2: Toxicr0akIsCool|move: Stealth Rock\n|\n|upkeep\n|turn|7\n|\n|t:|1700254843\n|switch|p1a: Moltres|Moltres|77\/100\n|-end|p2a: Kingambit|fallenundefined|[silent]\n|switch|p2a: Ogerpon|Ogerpon-Cornerstone, F|100\/100\n|-damage|p2a: Ogerpon|88\/100|[from] Stealth Rock\n|\n|upkeep\n|turn|8\n|\n|t:|1700254852\n|switch|p1a: Gholdengo|Gholdengo|100\/100\n|move|p2a: Ogerpon|Ivy Cudgel|p1a: Gholdengo|[anim] Ivy Cudgel Rock\n|-resisted|p1a: Gholdengo\n|-damage|p1a: Gholdengo|69\/100\n|\n|upkeep\n|turn|9\n|\n|t:|1700254859\n|switch|p2a: Hoopa|Hoopa-Unbound|100\/100\n|-damage|p2a: Hoopa|88\/100|[from] Stealth Rock\n|move|p1a: Gholdengo|Focus Blast|p2a: Hoopa\n|-damage|p2a: Hoopa|43\/100\n|\n|upkeep\n|turn|10\n|\n|t:|1700254869\n|switch|p1a: Moltres|Moltres|77\/100\n|move|p2a: Hoopa|Knock Off|p1a: Moltres\n|-crit|p1a: Moltres\n|-damage|p1a: Moltres|25\/100\n|-enditem|p1a: Moltres|Heavy-Duty Boots|[from] move: Knock Off|[of] p2a: Hoopa\n|\n|upkeep\n|turn|11\n|\n|t:|1700254878\n|move|p2a: Hoopa|Psychic|p1a: Moltres\n|-damage|p1a: Moltres|0 fnt\n|faint|p1a: Moltres\n|\n|upkeep\n|\n|t:|1700254880\n|switch|p1a: Ogerpon|Ogerpon-Wellspring, F|100\/100\n|turn|12\n|\n|t:|1700254888\n|move|p1a: Ogerpon|U-turn|p2a: Hoopa\n|-supereffective|p2a: Hoopa\n|-damage|p2a: Hoopa|0 fnt\n|faint|p2a: Hoopa\n|\n|t:|1700254893\n|switch|p1a: Gholdengo|Gholdengo|69\/100|[from] U-turn\n|\n|upkeep\n|\n|t:|1700254899\n|switch|p2a: Scizor|Scizor, M|87\/100\n|turn|13\n|\n|t:|1700254917\n|-terastallize|p1a: Gholdengo|Fighting\n|move|p1a: Gholdengo|Focus Blast|p2a: Scizor\n|-damage|p2a: Scizor|0 fnt\n|faint|p2a: Scizor\n|\n|upkeep\n|j| Shimeon91\n|l| Shimeon91\n|j| LT_Alt1\n|\n|t:|1700254951\n|switch|p2a: Kingambit|Kingambit, M, shiny|100\/100\n|-damage|p2a: Kingambit|94\/100|[from] Stealth Rock\n|-activate|p2a: Kingambit|ability: Supreme Overlord\n|-start|p2a: Kingambit|fallen2|[silent]\n|turn|14\n|j| Shimeon91\n|\n|t:|1700254957\n|switch|p1a: Ogerpon|Ogerpon-Wellspring, F|100\/100\n|-terastallize|p2a: Kingambit|Flying\n|move|p2a: Kingambit|Iron Head|p1a: Ogerpon\n|-resisted|p1a: Ogerpon\n|-damage|p1a: Ogerpon|66\/100\n|\n|-heal|p2a: Kingambit|100\/100|[from] item: Leftovers\n|upkeep\n|turn|15\n|\n|t:|1700254963\n|move|p1a: Ogerpon|Encore|p2a: Kingambit\n|-start|p2a: Kingambit|Encore\n|move|p2a: Kingambit|Iron Head|p1a: Ogerpon\n|-resisted|p1a: Ogerpon\n|-damage|p1a: Ogerpon|30\/100\n|\n|upkeep\n|turn|16\n|\n|t:|1700254967\n|move|p1a: Ogerpon|U-turn|p2a: Kingambit\n|-resisted|p2a: Kingambit\n|-damage|p2a: Kingambit|90\/100\n|\n|t:|1700254970\n|switch|p1a: Ting-Lu|Ting-Lu|100\/100|[from] U-turn\n|-ability|p1a: Ting-Lu|Vessel of Ruin\n|move|p2a: Kingambit|Iron Head|p1a: Ting-Lu\n|-damage|p1a: Ting-Lu|71\/100\n|\n|-heal|p2a: Kingambit|96\/100|[from] item: Leftovers\n|-heal|p1a: Ting-Lu|77\/100|[from] item: Leftovers\n|upkeep\n|turn|17\n|\n|t:|1700254974\n|move|p2a: Kingambit|Iron Head|p1a: Ting-Lu\n|-damage|p1a: Ting-Lu|45\/100\n|move|p1a: Ting-Lu|Ruination|p2a: Kingambit\n|-damage|p2a: Kingambit|49\/100\n|\n|-heal|p2a: Kingambit|55\/100|[from] item: Leftovers\n|-heal|p1a: Ting-Lu|51\/100|[from] item: Leftovers\n|-end|p2a: Kingambit|Encore\n|upkeep\n|turn|18\n|\n|t:|1700254979\n|move|p2a: Kingambit|Iron Head|p1a: Ting-Lu\n|-damage|p1a: Ting-Lu|22\/100\n|cant|p1a: Ting-Lu|flinch\n|\n|-heal|p2a: Kingambit|61\/100|[from] item: Leftovers\n|-heal|p1a: Ting-Lu|28\/100|[from] item: Leftovers\n|upkeep\n|turn|19\n|\n|t:|1700254982\n|move|p2a: Kingambit|Iron Head|p1a: Ting-Lu\n|-damage|p1a: Ting-Lu|0 fnt\n|faint|p1a: Ting-Lu\n|\n|-heal|p2a: Kingambit|67\/100|[from] item: Leftovers\n|upkeep\n|\n|t:|1700254985\n|switch|p1a: Gholdengo|Gholdengo, tera:Fighting|69\/100\n|turn|20\n|j| dfghhhg\n|j| Jontrendline\n|\n|t:|1700255012\n|-end|p2a: Kingambit|fallen2|[silent]\n|switch|p2a: Iron Valiant|Iron Valiant, shiny|5\/100\n|-damage|p2a: Iron Valiant|0 fnt|[from] Stealth Rock\n|faint|p2a: Iron Valiant\n|-end|p2a: Iron Valiant|Quark Drive|[silent]\n|move|p1a: Gholdengo|Make It Rain|p2: Iron Valiant|[notarget]\n|-fail|p1a: Gholdengo\n|\n|upkeep\n|\n|t:|1700255018\n|switch|p2a: Ogerpon|Ogerpon-Cornerstone, F|88\/100\n|-damage|p2a: Ogerpon|76\/100|[from] Stealth Rock\n|turn|21\n|\n|t:|1700255026\n|move|p2a: Ogerpon|Horn Leech|p1a: Gholdengo\n|-damage|p1a: Gholdengo|20\/100\n|-heal|p2a: Ogerpon|100\/100|[from] drain|[of] p1a: Gholdengo\n|move|p1a: Gholdengo|Make It Rain|p2a: Ogerpon\n|-supereffective|p2a: Ogerpon\n|-ability|p2a: Ogerpon|Sturdy\n|-damage|p2a: Ogerpon|1\/100\n|-unboost|p1a: Gholdengo|spa|1\n|\n|upkeep\n|turn|22\n|\n|t:|1700255038\n|move|p2a: Ogerpon|Ivy Cudgel|p1a: Gholdengo|[anim] Ivy Cudgel Rock\n|-resisted|p1a: Gholdengo\n|-damage|p1a: Gholdengo|0 fnt\n|faint|p1a: Gholdengo\n|\n|upkeep\n|\n|t:|1700255040\n|switch|p1a: Ogerpon|Ogerpon-Wellspring, F|30\/100\n|turn|23\n|\n|t:|1700255042\n|move|p2a: Ogerpon|Ivy Cudgel|p1a: Ogerpon|[anim] Ivy Cudgel Rock\n|-damage|p1a: Ogerpon|0 fnt\n|faint|p1a: Ogerpon\n|\n|upkeep\n|\n|t:|1700255044\n|switch|p1a: Clefable|Clefable, M|100\/100\n|turn|24\n|\n|t:|1700255046\n|move|p2a: Ogerpon|Ivy Cudgel|p1a: Clefable|[anim] Ivy Cudgel Rock\n|-damage|p1a: Clefable|58\/100\n|move|p1a: Clefable|Moonblast|p2a: Ogerpon\n|-damage|p2a: Ogerpon|0 fnt\n|faint|p2a: Ogerpon\n|\n|-heal|p1a: Clefable|64\/100|[from] item: Leftovers\n|upkeep\n|\n|t:|1700255051\n|switch|p2a: Kingambit|Kingambit, M, shiny, tera:Flying|67\/100\n|-damage|p2a: Kingambit|42\/100|[from] Stealth Rock\n|-activate|p2a: Kingambit|ability: Supreme Overlord\n|-start|p2a: Kingambit|fallen4|[silent]\n|turn|25\n|\n|t:|1700255053\n|move|p1a: Clefable|Moonblast|p2a: Kingambit\n|-damage|p2a: Kingambit|12\/100\n|-unboost|p2a: Kingambit|spa|1\n|move|p2a: Kingambit|Iron Head|p1a: Clefable\n|-supereffective|p1a: Clefable\n|-damage|p1a: Clefable|0 fnt\n|faint|p1a: Clefable\n|\n|win|Toxicr0akIsCool\n|raw|OUFC Test1's rating: 1725 &rarr; <strong>1708<\/strong><br \/>(-17 for losing)\n|raw|Toxicr0akIsCool's rating: 1775 &rarr; <strong>1792<\/strong><br \/>(+17 for winning)\n|c|\u2606Toxicr0akIsCool|gg\n|c|\u2606OUFC Test1|gg\n|l|\u2606OUFC Test1\n|l| LT_Alt1\n|l|\u2606Toxicr0akIsCool\n|j|\u2606OUFC Test1\n|player|p1|OUFC Test1|iono\n|l| Shimeon91\n","uploadtime":1700255073,"views":11,"p1id":"oufctest1","p2id":"toxicr0akiscool","formatid":"gen9ou","rating":1708,"private":0,"password":""}