{"id":"gen9ou-1999773212","p1":"J2icy","p2":"Power Panpour","format":"[Gen 9] OU","log":"|j|\u2606J2icy\n|j|\u2606Power Panpour\n|t:|1701115384\n|gametype|singles\n|player|p1|J2icy|101|1086\n|player|p2|Power Panpour|ingo|1011\n|teamsize|p1|6\n|teamsize|p2|6\n|gen|9\n|tier|[Gen 9] OU\n|rated|\n|rule|Sleep Clause Mod: Limit one foe put to sleep\n|rule|Species Clause: Limit one of each Pok\u00e9mon\n|rule|OHKO Clause: OHKO moves are banned\n|rule|Evasion Items Clause: Evasion items are banned\n|rule|Evasion Moves Clause: Evasion moves are banned\n|rule|Endless Battle Clause: Forcing endless battles is banned\n|rule|HP Percentage Mod: HP is shown in percentages\n|clearpoke\n|poke|p1|Conkeldurr, M|\n|poke|p1|Kingambit, F|\n|poke|p1|Dragonite, F|\n|poke|p1|Venomoth, M|\n|poke|p1|Glimmora, M|\n|poke|p1|Landorus-Therian, M|\n|poke|p2|Volcanion|\n|poke|p2|Landorus-Therian, M|\n|poke|p2|Gholdengo|\n|poke|p2|Enamorus, F|\n|poke|p2|Ogerpon-Wellspring, F|\n|poke|p2|Iron Valiant|\n|teampreview\n|inactive|Battle timer is ON: inactive players will automatically lose when time's up. (requested by Power Panpour)\n|\n|t:|1701115480\n|start\n|switch|p1a: Venomoth|Venomoth, M, shiny|100\/100\n|switch|p2a: Lando Slando|Landorus-Therian, M|100\/100\n|-ability|p2a: Lando Slando|Intimidate|boost\n|-unboost|p1a: Venomoth|atk|1\n|turn|1\n|\n|t:|1701115490\n|move|p2a: Lando Slando|Stealth Rock|p1a: Venomoth\n|-sidestart|p1: J2icy|move: Stealth Rock\n|move|p1a: Venomoth|Quiver Dance|p1a: Venomoth\n|-boost|p1a: Venomoth|spa|1\n|-boost|p1a: Venomoth|spd|1\n|-boost|p1a: Venomoth|spe|1\n|\n|upkeep\n|turn|2\n|\n|t:|1701115496\n|switch|p2a: My waifu|Volcanion|100\/100\n|move|p1a: Venomoth|Quiver Dance|p1a: Venomoth\n|-boost|p1a: Venomoth|spa|1\n|-boost|p1a: Venomoth|spd|1\n|-boost|p1a: Venomoth|spe|1\n|\n|upkeep\n|turn|3\n|\n|t:|1701115502\n|move|p1a: Venomoth|Quiver Dance|p1a: Venomoth\n|-boost|p1a: Venomoth|spa|1\n|-boost|p1a: Venomoth|spd|1\n|-boost|p1a: Venomoth|spe|1\n|move|p2a: My waifu|Flare Blitz|p1a: Venomoth\n|-supereffective|p1a: Venomoth\n|-damage|p1a: Venomoth|0 fnt\n|faint|p1a: Venomoth\n|-damage|p2a: My waifu|73\/100|[from] Recoil\n|\n|upkeep\n|\n|t:|1701115515\n|switch|p1a: Landorus|Landorus-Therian, M, shiny|100\/100\n|-damage|p1a: Landorus|88\/100|[from] Stealth Rock\n|-ability|p1a: Landorus|Intimidate|boost\n|-unboost|p2a: My waifu|atk|1\n|turn|4\n|\n|t:|1701115533\n|switch|p2a: Lando Slando|Landorus-Therian, M|100\/100\n|-ability|p2a: Lando Slando|Intimidate|boost\n|-unboost|p1a: Landorus|atk|1\n|move|p1a: Landorus|Earthquake|p2a: Lando Slando\n|-immune|p2a: Lando Slando\n|\n|upkeep\n|turn|5\n|\n|t:|1701115537\n|switch|p1a: Dragonite|Dragonite, F|100\/100\n|-damage|p1a: Dragonite|76\/100|[from] Stealth Rock\n|move|p2a: Lando Slando|U-turn|p1a: Dragonite\n|-resisted|p1a: Dragonite\n|-damage|p1a: Dragonite|59\/100\n|\n|t:|1701115547\n|switch|p2a: Horomones|Iron Valiant|100\/100|[from] U-turn\n|\n|upkeep\n|turn|6\n|\n|t:|1701115553\n|switch|p1a: Glimmora|Glimmora, M, shiny|100\/100\n|-damage|p1a: Glimmora|88\/100|[from] Stealth Rock\n|move|p2a: Horomones|Hypnosis|p1a: Glimmora\n|-status|p1a: Glimmora|slp|[from] move: Hypnosis\n|\n|upkeep\n|turn|7\n|\n|t:|1701115563\n|-end|p2a: Horomones|Quark Drive|[silent]\n|switch|p2a: Gholden ghetti|Gholdengo|100\/100\n|cant|p1a: Glimmora|slp\n|\n|upkeep\n|turn|8\n|\n|t:|1701115568\n|switch|p1a: Kingambit|Kingambit, F, shiny|100\/100\n|-damage|p1a: Kingambit|94\/100|[from] Stealth Rock\n|-activate|p1a: Kingambit|ability: Supreme Overlord\n|-start|p1a: Kingambit|fallen1|[silent]\n|move|p2a: Gholden ghetti|Make It Rain|p1a: Kingambit\n|-resisted|p1a: Kingambit\n|-damage|p1a: Kingambit|65\/100\n|-unboost|p2a: Gholden ghetti|spa|1\n|\n|upkeep\n|turn|9\n|\n|t:|1701115597\n|-terastallize|p2a: Gholden ghetti|Fighting\n|move|p2a: Gholden ghetti|Focus Blast|p1a: Kingambit\n|-supereffective|p1a: Kingambit\n|-damage|p1a: Kingambit|0 fnt\n|faint|p1a: Kingambit\n|-end|p1a: Kingambit|fallen1|[silent]\n|\n|upkeep\n|\n|t:|1701115602\n|switch|p1a: Conkeldurr|Conkeldurr, M|100\/100\n|-damage|p1a: Conkeldurr|94\/100|[from] Stealth Rock\n|turn|10\n|\n|t:|1701115607\n|switch|p2a: Stupid ugly|Enamorus, F|100\/100\n|move|p1a: Conkeldurr|Ice Punch|p2a: Stupid ugly\n|-supereffective|p2a: Stupid ugly\n|-damage|p2a: Stupid ugly|21\/100\n|\n|upkeep\n|turn|11\n|\n|t:|1701115611\n|switch|p1a: Glimmora|Glimmora, M, shiny|88\/100 slp\n|-damage|p1a: Glimmora|76\/100 slp|[from] Stealth Rock\n|move|p2a: Stupid ugly|Moonblast|p1a: Glimmora\n|-resisted|p1a: Glimmora\n|-damage|p1a: Glimmora|50\/100 slp\n|\n|upkeep\n|turn|12\n|\n|t:|1701115615\n|move|p2a: Stupid ugly|Earth Power|p1a: Glimmora\n|-supereffective|p1a: Glimmora\n|-damage|p1a: Glimmora|0 fnt\n|faint|p1a: Glimmora\n|\n|upkeep\n|\n|t:|1701115618\n|switch|p1a: Dragonite|Dragonite, F|59\/100\n|-damage|p1a: Dragonite|35\/100|[from] Stealth Rock\n|turn|13\n|\n|t:|1701115622\n|move|p1a: Dragonite|Extreme Speed|p2a: Stupid ugly\n|-damage|p2a: Stupid ugly|0 fnt\n|faint|p2a: Stupid ugly\n|\n|upkeep\n|\n|t:|1701115627\n|switch|p2a: Lando Slando|Landorus-Therian, M|100\/100\n|-ability|p2a: Lando Slando|Intimidate|boost\n|-fail|p1a: Dragonite|unboost|Attack|[from] ability: Inner Focus|[of] p1a: Dragonite\n|turn|14\n|\n|t:|1701115629\n|switch|p1a: Landorus|Landorus-Therian, M, shiny|88\/100\n|-damage|p1a: Landorus|76\/100|[from] Stealth Rock\n|-ability|p1a: Landorus|Intimidate|boost\n|-unboost|p2a: Lando Slando|atk|1\n|move|p2a: Lando Slando|Outrage|p1a: Landorus\n|-damage|p1a: Landorus|45\/100\n|\n|upkeep\n|turn|15\n|\n|t:|1701115641\n|move|p2a: Lando Slando|Outrage|p1a: Landorus|[from]lockedmove\n|-crit|p1a: Landorus\n|-damage|p1a: Landorus|0 fnt\n|faint|p1a: Landorus\n|-start|p2a: Lando Slando|confusion|[fatigue]\n|\n|upkeep\n|\n|t:|1701115645\n|switch|p1a: Conkeldurr|Conkeldurr, M|94\/100\n|-damage|p1a: Conkeldurr|88\/100|[from] Stealth Rock\n|turn|16\n|\n|t:|1701115647\n|switch|p2a: Horomones|Iron Valiant|100\/100\n|move|p1a: Conkeldurr|Ice Punch|p2a: Horomones\n|-damage|p2a: Horomones|71\/100\n|\n|upkeep\n|turn|17\n|\n|t:|1701115655\n|move|p2a: Horomones|Hypnosis|p1a: Conkeldurr\n|-status|p1a: Conkeldurr|slp|[from] move: Hypnosis\n|cant|p1a: Conkeldurr|slp\n|\n|upkeep\n|turn|18\n|\n|t:|1701115657\n|-end|p2a: Horomones|Quark Drive|[silent]\n|switch|p2a: My waifu|Volcanion|73\/100\n|cant|p1a: Conkeldurr|slp\n|\n|upkeep\n|turn|19\n|\n|t:|1701115660\n|move|p2a: My waifu|Explosion|p1a: Conkeldurr\n|-damage|p1a: Conkeldurr|0 fnt\n|faint|p2a: My waifu\n|faint|p1a: Conkeldurr\n|\n|upkeep\n|\n|t:|1701115663\n|switch|p2a: Horomones|Iron Valiant|71\/100\n|switch|p1a: Dragonite|Dragonite, F|35\/100\n|-damage|p1a: Dragonite|10\/100|[from] Stealth Rock\n|turn|20\n|\n|t:|1701115669\n|-terastallize|p1a: Dragonite|Dragon\n|move|p1a: Dragonite|Ice Beam|p2a: Horomones\n|-damage|p2a: Horomones|31\/100\n|move|p2a: Horomones|Moonblast|p1a: Dragonite\n|-supereffective|p1a: Dragonite\n|-damage|p1a: Dragonite|0 fnt\n|faint|p1a: Dragonite\n|-damage|p2a: Horomones|21\/100|[from] item: Life Orb\n|\n|win|Power Panpour\n|raw|J2icy's rating: 1086 &rarr; <strong>1058<\/strong><br \/>(-28 for losing)\n|raw|Power Panpour's rating: 1011 &rarr; <strong>1058<\/strong><br \/>(+47 for winning)\n|l|\u2606J2icy\n","uploadtime":1701115676,"views":11,"p1id":"j2icy","p2id":"powerpanpour","formatid":"gen9ou","rating":1058,"private":0,"password":""}