{"id":"gen9ou-1992773829","p1":"stoner wizard","p2":"williwont","format":"[Gen 9] OU","log":"|j|\u2606stoner wizard\n|j|\u2606williwont\n|t:|1700234238\n|gametype|singles\n|player|p1|stoner wizard|battlegirl|\n|player|p2|williwont|rosa|\n|teamsize|p1|6\n|teamsize|p2|6\n|gen|9\n|tier|[Gen 9] OU\n|rule|Sleep Clause Mod: Limit one foe put to sleep\n|rule|Species Clause: Limit one of each Pok\u00e9mon\n|rule|OHKO Clause: OHKO moves are banned\n|rule|Evasion Items Clause: Evasion items are banned\n|rule|Evasion Moves Clause: Evasion moves are banned\n|rule|Endless Battle Clause: Forcing endless battles is banned\n|rule|HP Percentage Mod: HP is shown in percentages\n|clearpoke\n|poke|p1|Slither Wing|\n|poke|p1|Garganacl, M|\n|poke|p1|Tatsugiri, M|\n|poke|p1|Basculegion-F, F|\n|poke|p1|Ceruledge, M|\n|poke|p1|Cinderace, F|\n|poke|p2|Thundurus-Therian, M|\n|poke|p2|Conkeldurr, M|\n|poke|p2|Milotic, M|\n|poke|p2|Infernape, M|\n|poke|p2|Tornadus-Therian, M|\n|poke|p2|Leavanny, M|\n|teampreview\n|inactive|Battle timer is ON: inactive players will automatically lose when time's up. (requested by williwont)\n|\n|t:|1700234249\n|start\n|switch|p1a: Bug Shaker|Slither Wing|100\/100\n|switch|p2a: Infernape|Infernape, M, shiny|100\/100\n|turn|1\n|\n|t:|1700234267\n|move|p2a: Infernape|Fake Out|p1a: Bug Shaker\n|-damage|p1a: Bug Shaker|85\/100\n|cant|p1a: Bug Shaker|flinch\n|\n|upkeep\n|turn|2\n|\n|t:|1700234273\n|move|p2a: Infernape|Flare Blitz|p1a: Bug Shaker\n|-supereffective|p1a: Bug Shaker\n|-damage|p1a: Bug Shaker|0 fnt\n|faint|p1a: Bug Shaker\n|-end|p1a: Bug Shaker|Protosynthesis|[silent]\n|-damage|p2a: Infernape|71\/100|[from] Recoil\n|\n|upkeep\n|\n|t:|1700234293\n|switch|p1a: Trip Hop|Basculegion-F, F|100\/100\n|turn|3\n|\n|t:|1700234296\n|move|p2a: Infernape|Knock Off|p1a: Trip Hop\n|-supereffective|p1a: Trip Hop\n|-damage|p1a: Trip Hop|24\/100\n|-enditem|p1a: Trip Hop|Choice Specs|[from] move: Knock Off|[of] p2a: Infernape\n|move|p1a: Trip Hop|Surf|p2a: Infernape\n|-supereffective|p2a: Infernape\n|-damage|p2a: Infernape|0 fnt\n|faint|p2a: Infernape\n|\n|upkeep\n|\n|t:|1700234305\n|switch|p2a: Leavanny|Leavanny, M, shiny|100\/100\n|turn|4\n|\n|t:|1700234317\n|switch|p1a: Bitter Sweet|Ceruledge, M|100\/100\n|move|p2a: Leavanny|Leaf Blade|p1a: Bitter Sweet\n|-resisted|p1a: Bitter Sweet\n|-damage|p1a: Bitter Sweet|70\/100\n|\n|upkeep\n|turn|5\n|\n|t:|1700234325\n|move|p2a: Leavanny|Knock Off|p1a: Bitter Sweet\n|-supereffective|p1a: Bitter Sweet\n|-damage|p1a: Bitter Sweet|0 fnt\n|-enditem|p1a: Bitter Sweet|Choice Band|[from] move: Knock Off|[of] p2a: Leavanny\n|faint|p1a: Bitter Sweet\n|\n|upkeep\n|\n|t:|1700234330\n|switch|p1a: Arda|Cinderace, F|100\/100\n|turn|6\n|\n|t:|1700234335\n|move|p1a: Arda|Pyro Ball|p2a: Leavanny\n|-supereffective|p2a: Leavanny\n|-enditem|p2a: Leavanny|Focus Sash\n|-damage|p2a: Leavanny|1\/100\n|move|p2a: Leavanny|Knock Off|p1a: Arda\n|-damage|p1a: Arda|63\/100\n|-enditem|p1a: Arda|Choice Scarf|[from] move: Knock Off|[of] p2a: Leavanny\n|\n|upkeep\n|turn|7\n|\n|t:|1700234344\n|move|p1a: Arda|Pyro Ball|p2a: Leavanny\n|-supereffective|p2a: Leavanny\n|-damage|p2a: Leavanny|0 fnt\n|faint|p2a: Leavanny\n|\n|upkeep\n|\n|t:|1700234350\n|switch|p2a: Milotic|Milotic, M, shiny|100\/100\n|turn|8\n|\n|t:|1700234357\n|move|p1a: Arda|U-turn|p2a: Milotic\n|-start|p1a: Arda|typechange|Bug|[from] ability: Libero\n|-damage|p2a: Milotic|75\/100\n|\n|t:|1700234362\n|switch|p1a: Yippee|Tatsugiri, M|100\/100|[from] U-turn\n|move|p2a: Milotic|Scald|p1a: Yippee\n|-ability|p1a: Yippee|Storm Drain|boost\n|-boost|p1a: Yippee|spa|1\n|\n|-heal|p2a: Milotic|81\/100|[from] item: Leftovers\n|upkeep\n|turn|9\n|\n|t:|1700234372\n|move|p1a: Yippee|Draco Meteor|p2a: Milotic\n|-damage|p2a: Milotic|10\/100\n|-unboost|p1a: Yippee|spa|2\n|move|p2a: Milotic|Recover|p2a: Milotic\n|-heal|p2a: Milotic|60\/100\n|\n|-heal|p2a: Milotic|66\/100|[from] item: Leftovers\n|upkeep\n|turn|10\n|\n|t:|1700234385\n|switch|p1a: Trip Hop|Basculegion-F, F|24\/100\n|switch|p2a: Thundurus|Thundurus-Therian, M|100\/100\n|\n|upkeep\n|turn|11\n|\n|t:|1700234405\n|switch|p2a: Milotic|Milotic, M, shiny|66\/100\n|switch|p1a: Iodium|Garganacl, M|100\/100\n|\n|-heal|p2a: Milotic|73\/100|[from] item: Leftovers\n|upkeep\n|turn|12\n|\n|t:|1700234418\n|switch|p2a: Conkeldurr|Conkeldurr, M, shiny|100\/100\n|-terastallize|p1a: Iodium|Fairy\n|move|p1a: Iodium|Salt Cure|p2a: Conkeldurr\n|-resisted|p2a: Conkeldurr\n|-damage|p2a: Conkeldurr|96\/100\n|-start|p2a: Conkeldurr|Salt Cure\n|\n|-heal|p2a: Conkeldurr|100\/100|[from] item: Leftovers\n|-damage|p2a: Conkeldurr|88\/100|[from] Salt Cure\n|upkeep\n|turn|13\n|\n|t:|1700234427\n|switch|p1a: Trip Hop|Basculegion-F, F|24\/100\n|move|p2a: Conkeldurr|Knock Off|p1a: Trip Hop\n|-supereffective|p1a: Trip Hop\n|-damage|p1a: Trip Hop|0 fnt\n|faint|p1a: Trip Hop\n|\n|-heal|p2a: Conkeldurr|94\/100|[from] item: Leftovers\n|-damage|p2a: Conkeldurr|82\/100|[from] Salt Cure\n|upkeep\n|\n|t:|1700234437\n|switch|p1a: Arda|Cinderace, F|63\/100\n|turn|14\n|\n|t:|1700234443\n|move|p1a: Arda|Pyro Ball|p2a: Conkeldurr\n|-damage|p2a: Conkeldurr|46\/100\n|move|p2a: Conkeldurr|Close Combat|p1a: Arda\n|-crit|p1a: Arda\n|-damage|p1a: Arda|0 fnt\n|-unboost|p2a: Conkeldurr|def|1\n|-unboost|p2a: Conkeldurr|spd|1\n|faint|p1a: Arda\n|\n|-heal|p2a: Conkeldurr|52\/100|[from] item: Leftovers\n|-damage|p2a: Conkeldurr|40\/100|[from] Salt Cure\n|upkeep\n|\n|t:|1700234454\n|switch|p1a: Yippee|Tatsugiri, M|100\/100\n|turn|15\n|\n|t:|1700234460\n|move|p2a: Conkeldurr|Mach Punch|p1a: Yippee\n|-damage|p1a: Yippee|64\/100\n|move|p1a: Yippee|Draco Meteor|p2a: Conkeldurr\n|-damage|p2a: Conkeldurr|0 fnt\n|-unboost|p1a: Yippee|spa|2\n|faint|p2a: Conkeldurr\n|\n|upkeep\n|\n|t:|1700234467\n|switch|p2a: Thundurus|Thundurus-Therian, M|100\/100\n|turn|16\n|\n|t:|1700234476\n|switch|p1a: Iodium|Garganacl, M, tera:Fairy|100\/100\n|move|p2a: Thundurus|Nasty Plot|p2a: Thundurus\n|-boost|p2a: Thundurus|spa|2\n|\n|upkeep\n|turn|17\n|\n|t:|1700234492\n|move|p2a: Thundurus|Thunderbolt|p1a: Iodium\n|-damage|p1a: Iodium|20\/100\n|move|p1a: Iodium|Salt Cure|p2a: Thundurus\n|-supereffective|p2a: Thundurus\n|-crit|p2a: Thundurus\n|-damage|p2a: Thundurus|36\/100\n|-start|p2a: Thundurus|Salt Cure\n|\n|-heal|p1a: Iodium|26\/100|[from] item: Leftovers\n|-damage|p2a: Thundurus|23\/100|[from] Salt Cure\n|upkeep\n|turn|18\n|\n|t:|1700234502\n|switch|p1a: Yippee|Tatsugiri, M|64\/100\n|move|p2a: Thundurus|Thunderbolt|p1a: Yippee\n|-damage|p1a: Yippee|0 fnt\n|faint|p1a: Yippee\n|\n|-damage|p2a: Thundurus|11\/100|[from] Salt Cure\n|upkeep\n|c|\u2606stoner wizard|gg\n|\n|t:|1700234510\n|switch|p1a: Iodium|Garganacl, M, tera:Fairy|26\/100\n|turn|19\n|\n|t:|1700234513\n|move|p2a: Thundurus|Thunderbolt|p1a: Iodium\n|-damage|p1a: Iodium|0 fnt\n|faint|p1a: Iodium\n|\n|win|williwont\n|c|\u2606williwont|gg\n","uploadtime":1700234521,"views":14,"p1id":"stonerwizard","p2id":"williwont","formatid":"gen9ou","rating":0,"private":0,"password":""}