{"id":"gen9ou-1989051314","p1":"mathismathin","p2":"TBECurry","format":"[Gen 9] OU","log":"|j|\u2606mathismathin\n|j|\u2606TBECurry\n|t:|1699806748\n|gametype|singles\n|player|p1|mathismathin|nate|1714\n|player|p2|TBECurry|acetrainer-gen4dp|1636\n|teamsize|p1|6\n|teamsize|p2|6\n|gen|9\n|tier|[Gen 9] OU\n|rated|\n|rule|Sleep Clause Mod: Limit one foe put to sleep\n|rule|Species Clause: Limit one of each Pok\u00e9mon\n|rule|OHKO Clause: OHKO moves are banned\n|rule|Evasion Items Clause: Evasion items are banned\n|rule|Evasion Moves Clause: Evasion moves are banned\n|rule|Endless Battle Clause: Forcing endless battles is banned\n|rule|HP Percentage Mod: HP is shown in percentages\n|clearpoke\n|poke|p1|Tyranitar, F|\n|poke|p1|Moltres|\n|poke|p1|Rotom-Wash|\n|poke|p1|Clodsire, F|\n|poke|p1|Dragapult, M|\n|poke|p1|Great Tusk|\n|poke|p2|Ribombee, F|\n|poke|p2|Gholdengo|\n|poke|p2|Manaphy|\n|poke|p2|Iron Moth|\n|poke|p2|Iron Valiant|\n|poke|p2|Kingambit, F|\n|teampreview\n|inactive|Battle timer is ON: inactive players will automatically lose when time's up. (requested by TBECurry)\n|inactive|mathismathin has 120 seconds left.\n|\n|t:|1699806785\n|start\n|switch|p1a: Tyranitar|Tyranitar, F|100\/100\n|switch|p2a: Iron Valiant|Iron Valiant|100\/100\n|-weather|Sandstorm|[from] ability: Sand Stream|[of] p1a: Tyranitar\n|-enditem|p2a: Iron Valiant|Booster Energy\n|-activate|p2a: Iron Valiant|ability: Quark Drive|[fromitem]\n|-start|p2a: Iron Valiant|quarkdrivespe\n|turn|1\n|\n|t:|1699806802\n|switch|p1a: Clodsire|Clodsire, F|100\/100\n|move|p2a: Iron Valiant|Close Combat|p1a: Clodsire\n|-resisted|p1a: Clodsire\n|-damage|p1a: Clodsire|67\/100\n|-unboost|p2a: Iron Valiant|def|1\n|-unboost|p2a: Iron Valiant|spd|1\n|\n|-weather|Sandstorm|[upkeep]\n|-damage|p2a: Iron Valiant|94\/100|[from] Sandstorm\n|-heal|p1a: Clodsire|73\/100|[from] item: Leftovers\n|upkeep\n|turn|2\n|inactive|mathismathin has 120 seconds left.\n|\n|t:|1699806836\n|move|p2a: Iron Valiant|Knock Off|p1a: Clodsire\n|-damage|p1a: Clodsire|38\/100\n|-enditem|p1a: Clodsire|Leftovers|[from] move: Knock Off|[of] p2a: Iron Valiant\n|move|p1a: Clodsire|Stealth Rock|p2a: Iron Valiant\n|-sidestart|p2: TBECurry|move: Stealth Rock\n|\n|-weather|Sandstorm|[upkeep]\n|-damage|p2a: Iron Valiant|88\/100|[from] Sandstorm\n|upkeep\n|turn|3\n|\n|t:|1699806843\n|move|p2a: Iron Valiant|Encore|p1a: Clodsire\n|-start|p1a: Clodsire|Encore\n|move|p1a: Clodsire|Stealth Rock||[still]\n|-fail|p1a: Clodsire\n|\n|-weather|Sandstorm|[upkeep]\n|-damage|p2a: Iron Valiant|82\/100|[from] Sandstorm\n|upkeep\n|turn|4\n|\n|t:|1699806849\n|switch|p1a: Moltres|Moltres|100\/100\n|move|p2a: Iron Valiant|Swords Dance|p2a: Iron Valiant\n|-boost|p2a: Iron Valiant|atk|2\n|\n|-weather|Sandstorm|[upkeep]\n|-damage|p2a: Iron Valiant|76\/100|[from] Sandstorm\n|-damage|p1a: Moltres|94\/100|[from] Sandstorm\n|upkeep\n|turn|5\n|\n|t:|1699806856\n|move|p2a: Iron Valiant|Knock Off|p1a: Moltres\n|-damage|p1a: Moltres|47\/100\n|-status|p2a: Iron Valiant|brn|[from] ability: Flame Body|[of] p1a: Moltres\n|-enditem|p1a: Moltres|Heavy-Duty Boots|[from] move: Knock Off|[of] p2a: Iron Valiant\n|move|p1a: Moltres|Flamethrower|p2a: Iron Valiant\n|-damage|p2a: Iron Valiant|0 fnt\n|faint|p2a: Iron Valiant\n|-end|p2a: Iron Valiant|Quark Drive|[silent]\n|\n|-weather|none\n|upkeep\n|\n|t:|1699806873\n|switch|p2a: Manaphy|Manaphy|100\/100\n|-damage|p2a: Manaphy|88\/100|[from] Stealth Rock\n|turn|6\n|\n|t:|1699806879\n|move|p2a: Manaphy|Take Heart|p2a: Manaphy\n|-boost|p2a: Manaphy|spa|1\n|-boost|p2a: Manaphy|spd|1\n|move|p1a: Moltres|U-turn|p2a: Manaphy\n|-damage|p2a: Manaphy|78\/100\n|\n|t:|1699806882\n|switch|p1a: Tyranitar|Tyranitar, F|100\/100|[from] U-turn\n|-weather|Sandstorm|[from] ability: Sand Stream|[of] p1a: Tyranitar\n|\n|-weather|Sandstorm|[upkeep]\n|-damage|p2a: Manaphy|72\/100|[from] Sandstorm\n|-heal|p2a: Manaphy|78\/100|[from] item: Leftovers\n|upkeep\n|turn|7\n|\n|t:|1699806889\n|move|p2a: Manaphy|Scald|p1a: Tyranitar\n|-supereffective|p1a: Tyranitar\n|-damage|p1a: Tyranitar|44\/100\n|move|p1a: Tyranitar|Knock Off|p2a: Manaphy\n|-damage|p2a: Manaphy|26\/100\n|-enditem|p2a: Manaphy|Leftovers|[from] move: Knock Off|[of] p1a: Tyranitar\n|\n|-weather|Sandstorm|[upkeep]\n|-damage|p2a: Manaphy|20\/100|[from] Sandstorm\n|upkeep\n|turn|8\n|\n|t:|1699806919\n|switch|p1a: Dragapult|Dragapult, M|100\/100\n|move|p2a: Manaphy|Scald|p1a: Dragapult\n|-resisted|p1a: Dragapult\n|-damage|p1a: Dragapult|74\/100\n|-status|p1a: Dragapult|brn\n|\n|-weather|Sandstorm|[upkeep]\n|-damage|p1a: Dragapult|68\/100 brn|[from] Sandstorm\n|-damage|p2a: Manaphy|14\/100|[from] Sandstorm\n|-damage|p1a: Dragapult|62\/100 brn|[from] brn\n|upkeep\n|turn|9\n|\n|t:|1699806929\n|move|p1a: Dragapult|Shadow Ball|p2a: Manaphy\n|-damage|p2a: Manaphy|0 fnt\n|faint|p2a: Manaphy\n|\n|-weather|Sandstorm|[upkeep]\n|-damage|p1a: Dragapult|56\/100 brn|[from] Sandstorm\n|-damage|p1a: Dragapult|50\/100 brn|[from] brn\n|upkeep\n|\n|t:|1699806938\n|switch|p2a: Ribombee|Ribombee, F|100\/100\n|-damage|p2a: Ribombee|76\/100|[from] Stealth Rock\n|turn|10\n|\n|t:|1699806942\n|move|p1a: Dragapult|Shadow Ball|p2a: Ribombee\n|-damage|p2a: Ribombee|0 fnt\n|faint|p2a: Ribombee\n|\n|-weather|none\n|-damage|p1a: Dragapult|44\/100 brn|[from] brn\n|upkeep\n|\n|t:|1699806951\n|switch|p2a: Iron Moth|Iron Moth|100\/100\n|-damage|p2a: Iron Moth|76\/100|[from] Stealth Rock\n|-enditem|p2a: Iron Moth|Booster Energy\n|-activate|p2a: Iron Moth|ability: Quark Drive|[fromitem]\n|-start|p2a: Iron Moth|quarkdrivespe\n|turn|11\n|\n|t:|1699806963\n|switch|p1a: Tyranitar|Tyranitar, F|44\/100\n|-weather|Sandstorm|[from] ability: Sand Stream|[of] p1a: Tyranitar\n|move|p2a: Iron Moth|Fiery Dance|p1a: Tyranitar\n|-resisted|p1a: Tyranitar\n|-damage|p1a: Tyranitar|31\/100\n|-boost|p2a: Iron Moth|spa|1\n|\n|-weather|Sandstorm|[upkeep]\n|-damage|p2a: Iron Moth|70\/100|[from] Sandstorm\n|upkeep\n|turn|12\n|\n|t:|1699806974\n|-terastallize|p2a: Iron Moth|Ground\n|move|p2a: Iron Moth|Tera Blast|p1a: Tyranitar|[anim] Tera Blast Ground\n|-supereffective|p1a: Tyranitar\n|-damage|p1a: Tyranitar|0 fnt\n|faint|p1a: Tyranitar\n|\n|-weather|Sandstorm|[upkeep]\n|upkeep\n|\n|t:|1699806980\n|switch|p1a: Rotom|Rotom-Wash|100\/100\n|turn|13\n|\n|t:|1699806984\n|move|p2a: Iron Moth|Sludge Wave|p1a: Rotom\n|-damage|p1a: Rotom|19\/100\n|move|p1a: Rotom|Hydro Pump|p2a: Iron Moth\n|-supereffective|p2a: Iron Moth\n|-damage|p2a: Iron Moth|0 fnt\n|faint|p2a: Iron Moth\n|-end|p2a: Iron Moth|Quark Drive|[silent]\n|\n|-weather|Sandstorm|[upkeep]\n|-damage|p1a: Rotom|12\/100|[from] Sandstorm\n|-heal|p1a: Rotom|19\/100|[from] item: Leftovers\n|upkeep\n|\n|t:|1699806992\n|switch|p2a: Kingambit|Kingambit, F|100\/100\n|-damage|p2a: Kingambit|94\/100|[from] Stealth Rock\n|-activate|p2a: Kingambit|ability: Supreme Overlord\n|-start|p2a: Kingambit|fallen4|[silent]\n|turn|14\n|\n|t:|1699806997\n|move|p1a: Rotom|Will-O-Wisp|p2a: Kingambit\n|-status|p2a: Kingambit|brn\n|move|p2a: Kingambit|Kowtow Cleave|p1a: Rotom\n|-damage|p1a: Rotom|0 fnt\n|faint|p1a: Rotom\n|\n|-weather|Sandstorm|[upkeep]\n|-heal|p2a: Kingambit|100\/100 brn|[from] item: Leftovers\n|-damage|p2a: Kingambit|94\/100 brn|[from] brn\n|upkeep\n|\n|t:|1699807001\n|switch|p1a: Great Tusk|Great Tusk|100\/100\n|turn|15\n|-message|TBECurry forfeited.\n|\n|win|mathismathin\n|raw|mathismathin's rating: 1714 &rarr; <strong>1730<\/strong><br \/>(+16 for winning)\n|raw|TBECurry's rating: 1636 &rarr; <strong>1620<\/strong><br \/>(-16 for losing)\n|l|\u2606TBECurry\n","uploadtime":1699807005,"views":19,"p1id":"mathismathin","p2id":"tbecurry","formatid":"gen9ou","rating":1620,"private":0,"password":""}