{"id":"gen9ou-1998182728","p1":"WRLD_Endu","p2":"yiyv1234321","format":"[Gen 9] OU","log":"|j|\u2606WRLD_Endu\n|j|\u2606yiyv1234321\n|t:|1700908015\n|gametype|singles\n|player|p1|WRLD_Endu|lance|1129\n|player|p2|yiyv1234321|1|1070\n|teamsize|p1|6\n|teamsize|p2|6\n|gen|9\n|tier|[Gen 9] OU\n|rated|\n|rule|Sleep Clause Mod: Limit one foe put to sleep\n|rule|Species Clause: Limit one of each Pok\u00e9mon\n|rule|OHKO Clause: OHKO moves are banned\n|rule|Evasion Items Clause: Evasion items are banned\n|rule|Evasion Moves Clause: Evasion moves are banned\n|rule|Endless Battle Clause: Forcing endless battles is banned\n|rule|HP Percentage Mod: HP is shown in percentages\n|clearpoke\n|poke|p1|Dragapult, M|\n|poke|p1|Dondozo, F|\n|poke|p1|Corviknight, F|\n|poke|p1|Dragonite, M|\n|poke|p1|Ting-Lu|\n|poke|p1|Zapdos|\n|poke|p2|Dragonite, F|\n|poke|p2|Grimmsnarl, M|\n|poke|p2|Hatterene, F|\n|poke|p2|Clefable, F|\n|poke|p2|Ceruledge, M|\n|poke|p2|Toxapex, F|\n|teampreview\n|\n|t:|1700908038\n|start\n|switch|p1a: Best of the trio|Zapdos, shiny|100\/100\n|switch|p2a: Clefable|Clefable, F|100\/100\n|turn|1\n|inactive|Battle timer is ON: inactive players will automatically lose when time's up. (requested by WRLD_Endu)\n|\n|t:|1700908045\n|move|p1a: Best of the trio|Hurricane|p2a: Clefable\n|-damage|p2a: Clefable|61\/100\n|-start|p2a: Clefable|confusion\n|-activate|p2a: Clefable|confusion\n|move|p2a: Clefable|Trick|p1a: Best of the trio\n|-activate|p2a: Clefable|move: Trick|[of] p1a: Best of the trio\n|-item|p1a: Best of the trio|Toxic Orb|[from] move: Trick\n|-item|p2a: Clefable|Heavy-Duty Boots|[from] move: Trick\n|\n|-status|p1a: Best of the trio|tox|[from] item: Toxic Orb\n|upkeep\n|turn|2\n|\n|t:|1700908055\n|move|p1a: Best of the trio|Volt Switch|p2a: Clefable\n|-damage|p2a: Clefable|34\/100\n|\n|t:|1700908061\n|switch|p1a: LUH mysterious|Ting-Lu|100\/100|[from] Volt Switch\n|-ability|p1a: LUH mysterious|Vessel of Ruin\n|-end|p2a: Clefable|confusion\n|move|p2a: Clefable|Moonlight|p2a: Clefable\n|-heal|p2a: Clefable|84\/100\n|\n|upkeep\n|turn|3\n|\n|t:|1700908070\n|switch|p2a: Hatterene|Hatterene, F|100\/100\n|move|p1a: LUH mysterious|Stealth Rock|p2a: Hatterene\n|move|p2a: Hatterene|Stealth Rock|p1a: LUH mysterious|[from]ability: Magic Bounce\n|-sidestart|p1: WRLD_Endu|move: Stealth Rock\n|\n|upkeep\n|turn|4\n|\n|t:|1700908078\n|switch|p1a: raven|Corviknight, F, shiny|100\/100\n|-damage|p1a: raven|88\/100|[from] Stealth Rock\n|-ability|p1a: raven|Pressure\n|move|p2a: Hatterene|Metronome|p2a: Hatterene\n|move|p2a: Hatterene|Triple Axel|p1a: raven|[from]move: Metronome\n|-damage|p1a: raven|86\/100\n|-damage|p1a: raven|81\/100\n|-crit|p1a: raven\n|-damage|p1a: raven|70\/100\n|-hitcount|p1a: raven|3\n|\n|-heal|p1a: raven|76\/100|[from] item: Leftovers\n|upkeep\n|turn|5\n|\n|t:|1700908094\n|switch|p2a: Toxapex|Toxapex, F|100\/100\n|move|p1a: raven|Defog|p2a: Toxapex\n|-unboost|p2a: Toxapex|evasion|1\n|-sideend|p1: WRLD_Endu|Stealth Rock|[from] move: Defog|[of] p1a: raven\n|\n|-heal|p1a: raven|82\/100|[from] item: Leftovers\n|upkeep\n|turn|6\n|\n|t:|1700908105\n|move|p1a: raven|U-turn|p2a: Toxapex\n|-resisted|p2a: Toxapex\n|-damage|p2a: Toxapex|96\/100\n|-damage|p1a: raven|65\/100|[from] item: Rocky Helmet|[of] p2a: Toxapex\n|\n|t:|1700908109\n|switch|p1a: Best of the trio|Zapdos, shiny|100\/100 tox|[from] U-turn\n|move|p2a: Toxapex|Toxic Spikes|p1a: Best of the trio\n|-sidestart|p1: WRLD_Endu|move: Toxic Spikes\n|\n|-damage|p1a: Best of the trio|94\/100 tox|[from] psn\n|upkeep\n|turn|7\n|\n|t:|1700908118\n|move|p1a: Best of the trio|Thunderbolt|p2a: Toxapex\n|-supereffective|p2a: Toxapex\n|-damage|p2a: Toxapex|32\/100\n|move|p2a: Toxapex|Icy Wind|p1a: Best of the trio\n|-supereffective|p1a: Best of the trio\n|-damage|p1a: Best of the trio|77\/100 tox\n|-unboost|p1a: Best of the trio|spe|1\n|\n|-damage|p1a: Best of the trio|64\/100 tox|[from] psn\n|upkeep\n|turn|8\n|\n|t:|1700908139\n|switch|p2a: Clefable|Clefable, F|84\/100\n|move|p1a: Best of the trio|Volt Switch|p2a: Clefable\n|-damage|p2a: Clefable|57\/100\n|\n|t:|1700908144\n|switch|p1a: raven|Corviknight, F, shiny|65\/100|[from] Volt Switch\n|-ability|p1a: raven|Pressure\n|\n|-heal|p1a: raven|71\/100|[from] item: Leftovers\n|upkeep\n|turn|9\n|\n|t:|1700908152\n|move|p1a: raven|U-turn|p2a: Clefable\n|-resisted|p2a: Clefable\n|-damage|p2a: Clefable|51\/100\n|\n|t:|1700908158\n|switch|p1a: Best of the trio|Zapdos, shiny|64\/100 tox|[from] U-turn\n|move|p2a: Clefable|Trick|p1a: Best of the trio\n|-activate|p2a: Clefable|move: Trick|[of] p1a: Best of the trio\n|-item|p1a: Best of the trio|Heavy-Duty Boots|[from] move: Trick\n|-item|p2a: Clefable|Toxic Orb|[from] move: Trick\n|\n|-damage|p1a: Best of the trio|58\/100 tox|[from] psn\n|-status|p2a: Clefable|tox|[from] item: Toxic Orb\n|upkeep\n|turn|10\n|\n|t:|1700908168\n|move|p1a: Best of the trio|Volt Switch|p2a: Clefable\n|-damage|p2a: Clefable|23\/100 tox\n|\n|t:|1700908171\n|switch|p1a: raven|Corviknight, F, shiny|71\/100|[from] Volt Switch\n|-ability|p1a: raven|Pressure\n|move|p2a: Clefable|Moonlight|p2a: Clefable\n|-heal|p2a: Clefable|73\/100 tox\n|\n|-heal|p1a: raven|77\/100|[from] item: Leftovers\n|upkeep\n|turn|11\n|\n|t:|1700908182\n|switch|p2a: Ceruledge|Ceruledge, M|100\/100\n|move|p1a: raven|Defog|p2a: Ceruledge\n|-unboost|p2a: Ceruledge|evasion|1\n|-sideend|p1: WRLD_Endu|Toxic Spikes|[from] move: Defog|[of] p1a: raven\n|\n|-heal|p1a: raven|83\/100|[from] item: Leftovers\n|upkeep\n|turn|12\n|\n|t:|1700908190\n|switch|p1a: Don kreig|Dondozo, F, shiny|100\/100\n|move|p2a: Ceruledge|Bitter Blade|p1a: Don kreig\n|-resisted|p1a: Don kreig\n|-damage|p1a: Don kreig|91\/100\n|\n|upkeep\n|turn|13\n|\n|t:|1700908204\n|switch|p2a: Clefable|Clefable, F|73\/100 tox\n|move|p1a: Don kreig|Liquidation|p2a: Clefable\n|-damage|p2a: Clefable|43\/100 tox\n|-unboost|p2a: Clefable|def|1\n|\n|upkeep\n|turn|14\n|\n|t:|1700908215\n|switch|p2a: Toxapex|Toxapex, F|66\/100\n|switch|p1a: raven|Corviknight, F, shiny|83\/100\n|-ability|p1a: raven|Pressure\n|\n|-heal|p1a: raven|89\/100|[from] item: Leftovers\n|upkeep\n|turn|15\n|\n|t:|1700908225\n|move|p1a: raven|U-turn|p2a: Toxapex\n|-resisted|p2a: Toxapex\n|-damage|p2a: Toxapex|61\/100\n|-damage|p1a: raven|73\/100|[from] item: Rocky Helmet|[of] p2a: Toxapex\n|\n|t:|1700908227\n|switch|p1a: Best of the trio|Zapdos, shiny|58\/100 tox|[from] U-turn\n|move|p2a: Toxapex|Icy Wind|p1a: Best of the trio\n|-supereffective|p1a: Best of the trio\n|-damage|p1a: Best of the trio|38\/100 tox\n|-unboost|p1a: Best of the trio|spe|1\n|\n|-damage|p1a: Best of the trio|32\/100 tox|[from] psn\n|upkeep\n|turn|16\n|\n|t:|1700908241\n|switch|p2a: Hatterene|Hatterene, F|100\/100\n|move|p1a: Best of the trio|Roost|p1a: Best of the trio\n|-heal|p1a: Best of the trio|82\/100 tox\n|-singleturn|p1a: Best of the trio|move: Roost\n|\n|-damage|p1a: Best of the trio|70\/100 tox|[from] psn\n|upkeep\n|turn|17\n|\n|t:|1700908253\n|switch|p1a: raven|Corviknight, F, shiny|73\/100\n|-ability|p1a: raven|Pressure\n|move|p2a: Hatterene|Metronome|p2a: Hatterene\n|move|p2a: Hatterene|Double-Edge|p1a: raven|[from]move: Metronome\n|-resisted|p1a: raven\n|-damage|p1a: raven|66\/100\n|-damage|p2a: Hatterene|98\/100|[from] Recoil\n|\n|-heal|p1a: raven|72\/100|[from] item: Leftovers\n|-heal|p2a: Hatterene|100\/100|[from] item: Leftovers\n|upkeep\n|turn|18\n|\n|t:|1700908269\n|move|p1a: raven|U-turn|p2a: Hatterene\n|-crit|p2a: Hatterene\n|-damage|p2a: Hatterene|76\/100\n|\n|t:|1700908273\n|switch|p1a: U-20 spy plane|Dragapult, M, shiny|100\/100|[from] U-turn\n|move|p2a: Hatterene|Nuzzle|p1a: U-20 spy plane\n|-resisted|p1a: U-20 spy plane\n|-damage|p1a: U-20 spy plane|98\/100\n|-status|p1a: U-20 spy plane|par\n|\n|-heal|p2a: Hatterene|82\/100|[from] item: Leftovers\n|upkeep\n|turn|19\n|\n|t:|1700908283\n|switch|p2a: Grimmsnarl|Grimmsnarl, M|100\/100\n|move|p1a: U-20 spy plane|Shadow Ball|p2a: Grimmsnarl\n|-resisted|p2a: Grimmsnarl\n|-damage|p2a: Grimmsnarl|74\/100\n|\n|-heal|p2a: Grimmsnarl|81\/100|[from] item: Leftovers\n|upkeep\n|turn|20\n|\n|t:|1700908291\n|switch|p1a: LUH mysterious|Ting-Lu|100\/100\n|-ability|p1a: LUH mysterious|Vessel of Ruin\n|move|p2a: Grimmsnarl|Metronome|p2a: Grimmsnarl\n|move|p2a: Grimmsnarl|Ice Shard|p1a: LUH mysterious|[from]move: Metronome\n|-hint|Since gen 7, Dark is immune to Prankster moves.\n|-immune|p1a: LUH mysterious\n|\n|-heal|p2a: Grimmsnarl|87\/100|[from] item: Leftovers\n|upkeep\n|turn|21\n|\n|t:|1700908313\n|switch|p2a: Hatterene|Hatterene, F|82\/100\n|move|p1a: LUH mysterious|Stone Edge|p2a: Hatterene\n|-damage|p2a: Hatterene|53\/100\n|\n|-heal|p2a: Hatterene|59\/100|[from] item: Leftovers\n|upkeep\n|turn|22\n|\n|t:|1700908322\n|switch|p1a: Best of the trio|Zapdos, shiny|70\/100 tox\n|move|p2a: Hatterene|Metronome|p2a: Hatterene\n|move|p2a: Hatterene|Flying Press|p1a: Best of the trio|[from]move: Metronome\n|-resisted|p1a: Best of the trio\n|-damage|p1a: Best of the trio|64\/100 tox\n|\n|-heal|p2a: Hatterene|65\/100|[from] item: Leftovers\n|-damage|p1a: Best of the trio|58\/100 tox|[from] psn\n|upkeep\n|turn|23\n|\n|t:|1700908331\n|move|p1a: Best of the trio|Hurricane|p2a: Hatterene|[miss]\n|-miss|p1a: Best of the trio|p2a: Hatterene\n|move|p2a: Hatterene|Metronome|p2a: Hatterene\n|move|p2a: Hatterene|Echoed Voice|p1a: Best of the trio|[from]move: Metronome\n|-damage|p1a: Best of the trio|41\/100 tox\n|\n|-heal|p2a: Hatterene|71\/100|[from] item: Leftovers\n|-damage|p1a: Best of the trio|29\/100 tox|[from] psn\n|upkeep\n|turn|24\n|\n|t:|1700908340\n|move|p1a: Best of the trio|Roost|p1a: Best of the trio\n|-heal|p1a: Best of the trio|79\/100 tox\n|-singleturn|p1a: Best of the trio|move: Roost\n|move|p2a: Hatterene|Metronome|p2a: Hatterene\n|move|p2a: Hatterene|Swagger|p1a: Best of the trio|[from]move: Metronome\n|-boost|p1a: Best of the trio|atk|2\n|-start|p1a: Best of the trio|confusion\n|\n|-heal|p2a: Hatterene|77\/100|[from] item: Leftovers\n|-damage|p1a: Best of the trio|60\/100 tox|[from] psn\n|upkeep\n|turn|25\n|\n|t:|1700908354\n|switch|p1a: Don kreig|Dondozo, F, shiny|91\/100\n|move|p2a: Hatterene|Metronome|p2a: Hatterene\n|move|p2a: Hatterene|Last Respects|p1a: Don kreig|[from]move: Metronome\n|-damage|p1a: Don kreig|87\/100\n|\n|-heal|p2a: Hatterene|83\/100|[from] item: Leftovers\n|upkeep\n|turn|26\n|\n|t:|1700908364\n|switch|p2a: Toxapex|Toxapex, F|94\/100\n|move|p1a: Don kreig|Liquidation|p2a: Toxapex\n|-resisted|p2a: Toxapex\n|-damage|p2a: Toxapex|84\/100\n|-damage|p1a: Don kreig|70\/100|[from] item: Rocky Helmet|[of] p2a: Toxapex\n|\n|upkeep\n|turn|27\n|\n|t:|1700908371\n|switch|p1a: U-20 spy plane|Dragapult, M, shiny|98\/100 par\n|move|p2a: Toxapex|Toxic Spikes|p1a: U-20 spy plane\n|-sidestart|p1: WRLD_Endu|move: Toxic Spikes\n|\n|upkeep\n|turn|28\n|\n|t:|1700908377\n|move|p1a: U-20 spy plane|Draco Meteor|p2a: Toxapex\n|-damage|p2a: Toxapex|28\/100\n|-unboost|p1a: U-20 spy plane|spa|2\n|move|p2a: Toxapex|Icy Wind|p1a: U-20 spy plane\n|-supereffective|p1a: U-20 spy plane\n|-damage|p1a: U-20 spy plane|77\/100 par\n|-unboost|p1a: U-20 spy plane|spe|1\n|\n|upkeep\n|turn|29\n|\n|t:|1700908387\n|switch|p1a: raven|Corviknight, F, shiny|72\/100\n|-ability|p1a: raven|Pressure\n|switch|p2a: Grimmsnarl|Grimmsnarl, M|87\/100\n|\n|-heal|p1a: raven|78\/100|[from] item: Leftovers\n|-heal|p2a: Grimmsnarl|93\/100|[from] item: Leftovers\n|upkeep\n|turn|30\n|\n|t:|1700908398\n|switch|p2a: Hatterene|Hatterene, F|83\/100\n|move|p1a: raven|Defog|p2a: Hatterene\n|move|p2a: Hatterene|Defog|p1a: raven|[from]ability: Magic Bounce\n|-unboost|p1a: raven|evasion|1\n|-sideend|p1: WRLD_Endu|Toxic Spikes|[from] move: Defog|[of] p2a: Hatterene\n|\n|-heal|p1a: raven|84\/100|[from] item: Leftovers\n|-heal|p2a: Hatterene|89\/100|[from] item: Leftovers\n|upkeep\n|turn|31\n|\n|t:|1700908408\n|move|p1a: raven|U-turn|p2a: Hatterene\n|-damage|p2a: Hatterene|72\/100\n|\n|t:|1700908411\n|switch|p1a: Don kreig|Dondozo, F, shiny|70\/100|[from] U-turn\n|move|p2a: Hatterene|Metronome|p2a: Hatterene\n|move|p2a: Hatterene|Triple Dive|p1a: Don kreig|[from]move: Metronome\n|-resisted|p1a: Don kreig\n|-damage|p1a: Don kreig|69\/100\n|-resisted|p1a: Don kreig\n|-damage|p1a: Don kreig|67\/100\n|-resisted|p1a: Don kreig\n|-damage|p1a: Don kreig|66\/100\n|-hitcount|p1a: Don kreig|3\n|\n|-heal|p2a: Hatterene|78\/100|[from] item: Leftovers\n|upkeep\n|turn|32\n|\n|t:|1700908423\n|switch|p1a: Is it a bird....|Dragonite, M, shiny|100\/100\n|move|p2a: Hatterene|Nuzzle|p1a: Is it a bird....\n|-damage|p1a: Is it a bird....|98\/100\n|-status|p1a: Is it a bird....|par\n|\n|-heal|p2a: Hatterene|84\/100|[from] item: Leftovers\n|upkeep\n|turn|33\n|\n|t:|1700908434\n|move|p1a: Is it a bird....|Dragon Dance|p1a: Is it a bird....\n|-boost|p1a: Is it a bird....|atk|1\n|-boost|p1a: Is it a bird....|spe|1\n|move|p2a: Hatterene|Metronome|p2a: Hatterene\n|move|p2a: Hatterene|Bug Bite|p1a: Is it a bird....|[from]move: Metronome\n|-resisted|p1a: Is it a bird....\n|-damage|p1a: Is it a bird....|92\/100 par\n|\n|-heal|p2a: Hatterene|90\/100|[from] item: Leftovers\n|upkeep\n|turn|34\n|\n|t:|1700908443\n|switch|p2a: Ceruledge|Ceruledge, M|100\/100\n|cant|p1a: Is it a bird....|par\n|\n|upkeep\n|turn|35\n|\n|t:|1700908449\n|move|p2a: Ceruledge|Bitter Blade|p1a: Is it a bird....\n|-resisted|p1a: Is it a bird....\n|-damage|p1a: Is it a bird....|66\/100 par\n|cant|p1a: Is it a bird....|par\n|\n|upkeep\n|turn|36\n|\n|t:|1700908457\n|move|p2a: Ceruledge|Bitter Blade|p1a: Is it a bird....\n|-resisted|p1a: Is it a bird....\n|-crit|p1a: Is it a bird....\n|-damage|p1a: Is it a bird....|27\/100 par\n|move|p1a: Is it a bird....|Roost|p1a: Is it a bird....\n|-heal|p1a: Is it a bird....|77\/100 par\n|-singleturn|p1a: Is it a bird....|move: Roost\n|\n|upkeep\n|turn|37\n|\n|t:|1700908465\n|move|p2a: Ceruledge|Bitter Blade|p1a: Is it a bird....\n|-resisted|p1a: Is it a bird....\n|-damage|p1a: Is it a bird....|51\/100 par\n|move|p1a: Is it a bird....|Roost|p1a: Is it a bird....\n|-heal|p1a: Is it a bird....|100\/100 par\n|-singleturn|p1a: Is it a bird....|move: Roost\n|\n|upkeep\n|turn|38\n|\n|t:|1700908473\n|switch|p2a: Grimmsnarl|Grimmsnarl, M|93\/100\n|cant|p1a: Is it a bird....|par\n|\n|-heal|p2a: Grimmsnarl|99\/100|[from] item: Leftovers\n|upkeep\n|turn|39\n|\n|t:|1700908479\n|move|p2a: Grimmsnarl|Metronome|p2a: Grimmsnarl\n|move|p2a: Grimmsnarl|Explosion|p1a: Is it a bird....|[from]move: Metronome\n|-damage|p1a: Is it a bird....|61\/100 par\n|faint|p2a: Grimmsnarl\n|move|p1a: Is it a bird....|Dragon Dance|p1a: Is it a bird....\n|-boost|p1a: Is it a bird....|atk|1\n|-boost|p1a: Is it a bird....|spe|1\n|\n|upkeep\n|\n|t:|1700908495\n|switch|p2a: Toxapex|Toxapex, F|61\/100\n|turn|40\n|\n|t:|1700908502\n|cant|p1a: Is it a bird....|par\n|move|p2a: Toxapex|Icy Wind|p1a: Is it a bird....\n|-supereffective|p1a: Is it a bird....\n|-crit|p1a: Is it a bird....\n|-damage|p1a: Is it a bird....|15\/100 par\n|-unboost|p1a: Is it a bird....|spe|1\n|\n|upkeep\n|turn|41\n|\n|t:|1700908508\n|cant|p1a: Is it a bird....|par\n|move|p2a: Toxapex|Icy Wind|p1a: Is it a bird....\n|-supereffective|p1a: Is it a bird....\n|-damage|p1a: Is it a bird....|0 fnt\n|faint|p1a: Is it a bird....\n|\n|upkeep\n|\n|t:|1700908516\n|switch|p1a: Best of the trio|Zapdos, shiny|60\/100 tox\n|turn|42\n|\n|t:|1700908522\n|switch|p2a: Hatterene|Hatterene, F|90\/100\n|move|p1a: Best of the trio|Thunderbolt|p2a: Hatterene\n|-damage|p2a: Hatterene|45\/100\n|\n|-heal|p2a: Hatterene|51\/100|[from] item: Leftovers\n|-damage|p1a: Best of the trio|54\/100 tox|[from] psn\n|upkeep\n|turn|43\n|\n|t:|1700908530\n|move|p1a: Best of the trio|Hurricane|p2a: Hatterene|[miss]\n|-miss|p1a: Best of the trio|p2a: Hatterene\n|move|p2a: Hatterene|Rest|p2a: Hatterene\n|-status|p2a: Hatterene|slp|[from] move: Rest\n|-heal|p2a: Hatterene|100\/100 slp|[silent]\n|\n|-damage|p1a: Best of the trio|41\/100 tox|[from] psn\n|upkeep\n|turn|44\n|\n|t:|1700908538\n|move|p1a: Best of the trio|Roost|p1a: Best of the trio\n|-heal|p1a: Best of the trio|91\/100 tox\n|-singleturn|p1a: Best of the trio|move: Roost\n|cant|p2a: Hatterene|slp\n|move|p2a: Hatterene|Sleep Talk|p2a: Hatterene\n|move|p2a: Hatterene|Nuzzle|p1a: Best of the trio|[from]move: Sleep Talk\n|-resisted|p1a: Best of the trio\n|-damage|p1a: Best of the trio|89\/100 tox\n|\n|-damage|p1a: Best of the trio|71\/100 tox|[from] psn\n|upkeep\n|turn|45\n|\n|t:|1700908548\n|move|p1a: Best of the trio|Hurricane|p2a: Hatterene\n|-damage|p2a: Hatterene|39\/100 slp\n|cant|p2a: Hatterene|slp\n|move|p2a: Hatterene|Sleep Talk|p2a: Hatterene\n|move|p2a: Hatterene|Rest||[from]move: Sleep Talk|[still]\n|-fail|p2a: Hatterene\n|\n|-heal|p2a: Hatterene|45\/100 slp|[from] item: Leftovers\n|-damage|p1a: Best of the trio|46\/100 tox|[from] psn\n|upkeep\n|turn|46\n|\n|t:|1700908558\n|move|p1a: Best of the trio|Thunderbolt|p2a: Hatterene\n|-damage|p2a: Hatterene|1\/100 slp\n|-curestatus|p2a: Hatterene|slp|[msg]\n|move|p2a: Hatterene|Rest|p2a: Hatterene\n|-status|p2a: Hatterene|slp|[from] move: Rest\n|-heal|p2a: Hatterene|100\/100 slp|[silent]\n|\n|-damage|p1a: Best of the trio|15\/100 tox|[from] psn\n|upkeep\n|turn|47\n|c|\u2606WRLD_Endu|ur so pathetic\n|inactive|WRLD_Endu has 120 seconds left.\n|\n|t:|1700908588\n|switch|p1a: LUH mysterious|Ting-Lu|100\/100\n|-ability|p1a: LUH mysterious|Vessel of Ruin\n|cant|p2a: Hatterene|slp\n|move|p2a: Hatterene|Sleep Talk|p2a: Hatterene\n|move|p2a: Hatterene|Nuzzle|p1a: LUH mysterious|[from]move: Sleep Talk\n|-immune|p1a: LUH mysterious\n|\n|upkeep\n|turn|48\n|inactive|WRLD_Endu has 120 seconds left.\n|c|\u2606WRLD_Endu|boring ass bitch\n|-message|WRLD_Endu forfeited.\n|\n|win|yiyv1234321\n|raw|WRLD_Endu's rating: 1129 &rarr; <strong>1100<\/strong><br \/>(-29 for losing)\n|raw|yiyv1234321's rating: 1070 &rarr; <strong>1104<\/strong><br \/>(+34 for winning)\n|l|\u2606WRLD_Endu\n","uploadtime":1700908613,"views":0,"p1id":"wrldendu","p2id":"yiyv1234321","formatid":"gen9ou","rating":1100,"private":0,"password":""}