{"id":"gen9ou-1998059770","p1":"HEAVY-DUTY B0OTY","p2":"poketough","format":"[Gen 9] OU","log":"|j|\u2606HEAVY-DUTY B0OTY\n|j|\u2606poketough\n|inactive|Battle timer is ON: inactive players will automatically lose when time's up.\n|t:|1700885124\n|gametype|singles\n|player|p1|HEAVY-DUTY B0OTY|swimmerf-gen6|\n|player|p2|poketough|emmet|\n|teamsize|p1|3\n|teamsize|p2|3\n|gen|9\n|tier|[Gen 9] OU\n|rated|Tournament battle\n|rule|Sleep Clause Mod: Limit one foe put to sleep\n|rule|Species Clause: Limit one of each Pok\u00e9mon\n|rule|OHKO Clause: OHKO moves are banned\n|rule|Evasion Items Clause: Evasion items are banned\n|rule|Evasion Moves Clause: Evasion moves are banned\n|rule|Endless Battle Clause: Forcing endless battles is banned\n|rule|HP Percentage Mod: HP is shown in percentages\n|clearpoke\n|poke|p1|Dragapult, F|\n|poke|p1|Cufant, M|\n|poke|p1|Noctowl, M|\n|poke|p2|Polteageist-Antique|\n|poke|p2|Empoleon, F|\n|poke|p2|Magneton|\n|teampreview\n|j|*Lady Monita \u2746\n|inactive|poketough also wants the timer to be on.\n|j| Maxecuter Executor\n|j| allenak1\n|j| mommy_shynx\n|l| allenak1\n|c| Maxecuter Executor|glhf\n|c|\u2606HEAVY-DUTY B0OTY|gl\n|c|\u2606poketough|glhf\n|inactive|HEAVY-DUTY B0OTY has 120 seconds left.\n|\n|t:|1700885160\n|start\n|switch|p1a: Cufant|Cufant, M|100\/100\n|switch|p2a: Magneton|Magneton|100\/100\n|turn|1\n|\n|t:|1700885189\n|move|p2a: Magneton|Thunderbolt|p1a: Cufant\n|-damage|p1a: Cufant|21\/100\n|move|p1a: Cufant|Earthquake|p2a: Magneton\n|-supereffective|p2a: Magneton\n|-ability|p2a: Magneton|Sturdy\n|-damage|p2a: Magneton|1\/100\n|\n|upkeep\n|turn|2\n|\n|t:|1700885195\n|move|p2a: Magneton|Thunderbolt|p1a: Cufant\n|-damage|p1a: Cufant|0 fnt\n|faint|p1a: Cufant\n|\n|upkeep\n|\n|t:|1700885206\n|switch|p1a: Dragapult|Dragapult, F|100\/100\n|turn|3\n|\n|t:|1700885235\n|move|p2a: Magneton|Thunderbolt|p1a: Dragapult\n|-resisted|p1a: Dragapult\n|-damage|p1a: Dragapult|72\/100\n|move|p1a: Dragapult|Dragon Darts|p2a: Magneton\n|-resisted|p2a: Magneton\n|-damage|p2a: Magneton|0 fnt\n|faint|p2a: Magneton\n|\n|upkeep\n|\n|t:|1700885246\n|switch|p2a: Empoleon|Empoleon, F, shiny|100\/100\n|turn|4\n|\n|t:|1700885254\n|switch|p1a: Noctowl|Noctowl, M|100\/100\n|move|p2a: Empoleon|Ice Beam|p1a: Noctowl\n|-supereffective|p1a: Noctowl\n|-damage|p1a: Noctowl|34\/100\n|\n|upkeep\n|turn|5\n|\n|t:|1700885260\n|move|p1a: Noctowl|Hypnosis|p2a: Empoleon\n|-status|p2a: Empoleon|slp|[from] move: Hypnosis\n|cant|p2a: Empoleon|slp\n|\n|upkeep\n|turn|6\n|\n|t:|1700885267\n|move|p1a: Noctowl|Hyper Voice|p2a: Empoleon\n|-resisted|p2a: Empoleon\n|-damage|p2a: Empoleon|77\/100 slp\n|cant|p2a: Empoleon|slp\n|\n|upkeep\n|turn|7\n|\n|t:|1700885272\n|move|p1a: Noctowl|Hyper Voice|p2a: Empoleon\n|-resisted|p2a: Empoleon\n|-damage|p2a: Empoleon|55\/100 slp\n|cant|p2a: Empoleon|slp\n|\n|upkeep\n|turn|8\n|\n|t:|1700885279\n|switch|p2a: Polteageist|Polteageist-Antique, shiny|100\/100\n|move|p1a: Noctowl|Hyper Voice|p2a: Polteageist\n|-immune|p2a: Polteageist\n|\n|upkeep\n|turn|9\n|\n|t:|1700885284\n|switch|p1a: Dragapult|Dragapult, F|72\/100\n|move|p2a: Polteageist|Shell Smash|p2a: Polteageist\n|-unboost|p2a: Polteageist|def|1\n|-unboost|p2a: Polteageist|spd|1\n|-boost|p2a: Polteageist|atk|2\n|-boost|p2a: Polteageist|spa|2\n|-boost|p2a: Polteageist|spe|2\n|\n|upkeep\n|turn|10\n|\n|t:|1700885293\n|-terastallize|p1a: Dragapult|Electric\n|move|p2a: Polteageist|Stored Power|p1a: Dragapult\n|-damage|p1a: Dragapult|0 fnt\n|faint|p1a: Dragapult\n|\n|upkeep\n|c|\u2606HEAVY-DUTY B0OTY|gg\n|-message|HEAVY-DUTY B0OTY forfeited.\n|\n|win|poketough\n|n|\u2606HEAVY-DUTY B0OTY|heavydutyb0oty\n|n|\u2606poketough|poketough\n|n|*Lady Monita \u2746|ladymonita\n|n| Maxecuter Executor|maxecuterexecutor\n|n| mommy_shynx|mommyshynx\n","uploadtime":1700885299,"views":1,"p1id":"heavydutyb0oty","p2id":"poketough","formatid":"gen9ou","rating":0,"private":0,"password":""}