{"id":"gen9ou-1994430623","p1":"JiR0k","p2":"Ohdadyespls","format":"[Gen 9] OU","log":"|j|\u2606JiR0k\n|j|\u2606Ohdadyespls\n|t:|1700443099\n|gametype|singles\n|player|p1|JiR0k|red|1621\n|player|p2|Ohdadyespls|elesa|1500\n|teamsize|p1|6\n|teamsize|p2|6\n|gen|9\n|tier|[Gen 9] OU\n|rated|\n|rule|Sleep Clause Mod: Limit one foe put to sleep\n|rule|Species Clause: Limit one of each Pok\u00e9mon\n|rule|OHKO Clause: OHKO moves are banned\n|rule|Evasion Items Clause: Evasion items are banned\n|rule|Evasion Moves Clause: Evasion moves are banned\n|rule|Endless Battle Clause: Forcing endless battles is banned\n|rule|HP Percentage Mod: HP is shown in percentages\n|clearpoke\n|poke|p1|Great Tusk|\n|poke|p1|Dondozo, M|\n|poke|p1|Slowking-Galar, M|\n|poke|p1|Rillaboom, M|\n|poke|p1|Iron Moth|\n|poke|p1|Zapdos|\n|poke|p2|Dragapult, M|\n|poke|p2|Heatran, F|\n|poke|p2|Iron Valiant|\n|poke|p2|Rillaboom, F|\n|poke|p2|Great Tusk|\n|poke|p2|Zapdos|\n|teampreview\n|inactive|Battle timer is ON: inactive players will automatically lose when time's up. (requested by JiR0k)\n|\n|t:|1700443124\n|start\n|switch|p1a: Zapdos|Zapdos|100\/100\n|switch|p2a: Heatran|Heatran, F|100\/100\n|turn|1\n|\n|t:|1700443129\n|move|p1a: Zapdos|Volt Switch|p2a: Heatran\n|-damage|p2a: Heatran|79\/100\n|\n|t:|1700443133\n|switch|p1a: Slowking|Slowking-Galar, M|100\/100|[from] Volt Switch\n|move|p2a: Heatran|Stealth Rock|p1a: Slowking\n|-sidestart|p1: JiR0k|move: Stealth Rock\n|\n|-heal|p2a: Heatran|85\/100|[from] item: Leftovers\n|upkeep\n|turn|2\n|\n|t:|1700443138\n|move|p2a: Heatran|Magma Storm|p1a: Slowking\n|-damage|p1a: Slowking|75\/100\n|-activate|p1a: Slowking|move: Magma Storm|[of] p2a: Heatran\n|move|p1a: Slowking|Surf|p2a: Heatran\n|-supereffective|p2a: Heatran\n|-damage|p2a: Heatran|42\/100\n|\n|-heal|p2a: Heatran|49\/100|[from] item: Leftovers\n|-damage|p1a: Slowking|63\/100|[from] move: Magma Storm|[partiallytrapped]\n|upkeep\n|turn|3\n|\n|t:|1700443144\n|move|p2a: Heatran|Earth Power|p1a: Slowking\n|-supereffective|p1a: Slowking\n|-damage|p1a: Slowking|31\/100\n|move|p1a: Slowking|Surf|p2a: Heatran\n|-supereffective|p2a: Heatran\n|-damage|p2a: Heatran|9\/100\n|\n|-heal|p2a: Heatran|15\/100|[from] item: Leftovers\n|-damage|p1a: Slowking|19\/100|[from] move: Magma Storm|[partiallytrapped]\n|upkeep\n|turn|4\n|\n|t:|1700443153\n|move|p2a: Heatran|Earth Power|p1a: Slowking\n|-supereffective|p1a: Slowking\n|-damage|p1a: Slowking|0 fnt\n|faint|p1a: Slowking\n|\n|-heal|p2a: Heatran|21\/100|[from] item: Leftovers\n|upkeep\n|\n|t:|1700443155\n|switch|p1a: Zapdos|Zapdos|100\/100\n|turn|5\n|\n|t:|1700443161\n|switch|p2a: Great Tusk|Great Tusk|100\/100\n|move|p1a: Zapdos|Hurricane|p2a: Great Tusk\n|-supereffective|p2a: Great Tusk\n|-damage|p2a: Great Tusk|0 fnt\n|faint|p2a: Great Tusk\n|-end|p2a: Great Tusk|Protosynthesis|[silent]\n|\n|upkeep\n|\n|t:|1700443171\n|switch|p2a: Dragapult|Dragapult, M|100\/100\n|turn|6\n|\n|t:|1700443178\n|move|p2a: Dragapult|Draco Meteor|p1a: Zapdos\n|-damage|p1a: Zapdos|13\/100\n|-unboost|p2a: Dragapult|spa|2\n|move|p1a: Zapdos|Hurricane|p2a: Dragapult\n|-damage|p2a: Dragapult|39\/100\n|\n|upkeep\n|turn|7\n|\n|t:|1700443185\n|move|p2a: Dragapult|Draco Meteor|p1a: Zapdos\n|-damage|p1a: Zapdos|0 fnt\n|-unboost|p2a: Dragapult|spa|2\n|faint|p1a: Zapdos\n|\n|upkeep\n|\n|t:|1700443188\n|switch|p1a: Rillaboom|Rillaboom, M|100\/100\n|-damage|p1a: Rillaboom|88\/100|[from] Stealth Rock\n|-fieldstart|move: Grassy Terrain|[from] ability: Grassy Surge|[of] p1a: Rillaboom\n|turn|8\n|\n|t:|1700443192\n|switch|p2a: Zapdos|Zapdos|100\/100\n|move|p1a: Rillaboom|U-turn|p2a: Zapdos\n|-resisted|p2a: Zapdos\n|-damage|p2a: Zapdos|82\/100\n|-status|p1a: Rillaboom|par|[from] ability: Static|[of] p2a: Zapdos\n|\n|t:|1700443202\n|switch|p1a: Iron Moth|Iron Moth|100\/100|[from] U-turn\n|-damage|p1a: Iron Moth|75\/100|[from] Stealth Rock\n|-enditem|p1a: Iron Moth|Booster Energy\n|-activate|p1a: Iron Moth|ability: Quark Drive|[fromitem]\n|-start|p1a: Iron Moth|quarkdrivespe\n|\n|-heal|p1a: Iron Moth|82\/100|[from] Grassy Terrain\n|upkeep\n|turn|9\n|\n|t:|1700443211\n|move|p1a: Iron Moth|Psychic|p2a: Zapdos\n|-damage|p2a: Zapdos|53\/100\n|move|p2a: Zapdos|Discharge|p1a: Iron Moth\n|-damage|p1a: Iron Moth|50\/100\n|\n|-heal|p1a: Iron Moth|56\/100|[from] Grassy Terrain\n|upkeep\n|turn|10\n|\n|t:|1700443215\n|switch|p2a: Heatran|Heatran, F|21\/100\n|move|p1a: Iron Moth|Fiery Dance|p2a: Heatran\n|-start|p2a: Heatran|ability: Flash Fire\n|\n|-heal|p1a: Iron Moth|62\/100|[from] Grassy Terrain\n|-heal|p2a: Heatran|27\/100|[from] Grassy Terrain\n|-heal|p2a: Heatran|33\/100|[from] item: Leftovers\n|upkeep\n|turn|11\n|\n|t:|1700443221\n|-end|p1a: Iron Moth|Quark Drive|[silent]\n|switch|p1a: Great Tusk|Great Tusk|100\/100\n|-damage|p1a: Great Tusk|98\/100|[from] Stealth Rock\n|move|p2a: Heatran|Magma Storm|p1a: Great Tusk\n|-damage|p1a: Great Tusk|33\/100\n|-activate|p1a: Great Tusk|move: Magma Storm|[of] p2a: Heatran\n|\n|-heal|p1a: Great Tusk|40\/100|[from] Grassy Terrain\n|-heal|p2a: Heatran|40\/100|[from] Grassy Terrain\n|-heal|p2a: Heatran|46\/100|[from] item: Leftovers\n|-damage|p1a: Great Tusk|27\/100|[from] move: Magma Storm|[partiallytrapped]\n|upkeep\n|turn|12\n|\n|t:|1700443229\n|-end|p2a: Heatran|ability: Flash Fire|[silent]\n|switch|p2a: Zapdos|Zapdos|53\/100\n|move|p1a: Great Tusk|Rapid Spin|p2a: Zapdos\n|-damage|p2a: Zapdos|32\/100\n|-boost|p1a: Great Tusk|spe|1\n|-status|p1a: Great Tusk|par|[from] ability: Static|[of] p2a: Zapdos\n|-sideend|p1: JiR0k|Stealth Rock|[from] move: Rapid Spin|[of] p1a: Great Tusk\n|-end|p1a: Great Tusk|Magma Storm|[partiallytrapped]\n|\n|-heal|p1a: Great Tusk|33\/100 par|[from] Grassy Terrain\n|-fieldend|move: Grassy Terrain\n|upkeep\n|turn|13\n|\n|t:|1700443235\n|move|p2a: Zapdos|Roost|p2a: Zapdos\n|-heal|p2a: Zapdos|82\/100\n|-singleturn|p2a: Zapdos|move: Roost\n|move|p1a: Great Tusk|Rapid Spin|p2a: Zapdos\n|-damage|p2a: Zapdos|63\/100\n|-boost|p1a: Great Tusk|spe|1\n|\n|upkeep\n|turn|14\n|\n|t:|1700443244\n|move|p2a: Zapdos|Heat Wave|p1a: Great Tusk\n|-damage|p1a: Great Tusk|2\/100 par\n|move|p1a: Great Tusk|Ice Spinner|p2a: Zapdos\n|-supereffective|p2a: Zapdos\n|-damage|p2a: Zapdos|2\/100\n|\n|upkeep\n|turn|15\n|\n|t:|1700443255\n|move|p2a: Zapdos|Roost|p2a: Zapdos\n|-heal|p2a: Zapdos|52\/100\n|-singleturn|p2a: Zapdos|move: Roost\n|cant|p1a: Great Tusk|par\n|\n|upkeep\n|turn|16\n|\n|t:|1700443260\n|move|p2a: Zapdos|Heat Wave|p1a: Great Tusk\n|-damage|p1a: Great Tusk|0 fnt\n|faint|p1a: Great Tusk\n|-end|p1a: Great Tusk|Protosynthesis|[silent]\n|\n|upkeep\n|\n|t:|1700443267\n|switch|p1a: Iron Moth|Iron Moth|62\/100\n|turn|17\n|\n|t:|1700443273\n|switch|p2a: Heatran|Heatran, F|46\/100\n|move|p1a: Iron Moth|Psychic|p2a: Heatran\n|-resisted|p2a: Heatran\n|-damage|p2a: Heatran|36\/100\n|\n|-heal|p2a: Heatran|42\/100|[from] item: Leftovers\n|upkeep\n|turn|18\n|\n|t:|1700443283\n|move|p1a: Iron Moth|Dazzling Gleam|p2a: Heatran\n|-resisted|p2a: Heatran\n|-damage|p2a: Heatran|38\/100\n|move|p2a: Heatran|Stealth Rock|p1a: Iron Moth\n|-sidestart|p1: JiR0k|move: Stealth Rock\n|\n|-heal|p2a: Heatran|44\/100|[from] item: Leftovers\n|upkeep\n|turn|19\n|\n|t:|1700443286\n|move|p1a: Iron Moth|Dazzling Gleam|p2a: Heatran\n|-resisted|p2a: Heatran\n|-damage|p2a: Heatran|39\/100\n|move|p2a: Heatran|Earth Power|p1a: Iron Moth\n|-supereffective|p1a: Iron Moth\n|-damage|p1a: Iron Moth|0 fnt\n|faint|p1a: Iron Moth\n|-end|p1a: Iron Moth|Quark Drive|[silent]\n|\n|-heal|p2a: Heatran|46\/100|[from] item: Leftovers\n|upkeep\n|\n|t:|1700443301\n|switch|p1a: Rillaboom|Rillaboom, M|88\/100 par\n|-damage|p1a: Rillaboom|76\/100 par|[from] Stealth Rock\n|-fieldstart|move: Grassy Terrain|[from] ability: Grassy Surge|[of] p1a: Rillaboom\n|turn|20\n|\n|t:|1700443320\n|move|p2a: Heatran|Magma Storm|p1a: Rillaboom\n|-supereffective|p1a: Rillaboom\n|-damage|p1a: Rillaboom|0 fnt\n|faint|p1a: Rillaboom\n|\n|-heal|p2a: Heatran|52\/100|[from] Grassy Terrain\n|-heal|p2a: Heatran|58\/100|[from] item: Leftovers\n|upkeep\n|\n|t:|1700443323\n|switch|p1a: Dondozo|Dondozo, M|100\/100\n|-damage|p1a: Dondozo|88\/100|[from] Stealth Rock\n|turn|21\n|\n|t:|1700443327\n|-terastallize|p2a: Heatran|Grass\n|move|p2a: Heatran|Taunt|p1a: Dondozo\n|-start|p1a: Dondozo|move: Taunt\n|cant|p1a: Dondozo|move: Taunt|Curse\n|\n|-heal|p2a: Heatran|64\/100|[from] Grassy Terrain\n|-heal|p2a: Heatran|71\/100|[from] item: Leftovers\n|-heal|p1a: Dondozo|94\/100|[from] Grassy Terrain\n|-heal|p1a: Dondozo|100\/100|[from] item: Leftovers\n|upkeep\n|turn|22\n|\n|t:|1700443335\n|move|p2a: Heatran|Magma Storm|p1a: Dondozo\n|-resisted|p1a: Dondozo\n|-damage|p1a: Dondozo|85\/100\n|-activate|p1a: Dondozo|move: Magma Storm|[of] p2a: Heatran\n|move|p1a: Dondozo|Waterfall|p2a: Heatran\n|-resisted|p2a: Heatran\n|-damage|p2a: Heatran|59\/100\n|\n|-heal|p2a: Heatran|65\/100|[from] Grassy Terrain\n|-heal|p2a: Heatran|72\/100|[from] item: Leftovers\n|-heal|p1a: Dondozo|91\/100|[from] Grassy Terrain\n|-heal|p1a: Dondozo|97\/100|[from] item: Leftovers\n|-damage|p1a: Dondozo|85\/100|[from] move: Magma Storm|[partiallytrapped]\n|upkeep\n|turn|23\n|\n|t:|1700443341\n|move|p2a: Heatran|Earth Power|p1a: Dondozo\n|-damage|p1a: Dondozo|65\/100\n|move|p1a: Dondozo|Waterfall|p2a: Heatran\n|-resisted|p2a: Heatran\n|-damage|p2a: Heatran|59\/100\n|\n|-heal|p2a: Heatran|65\/100|[from] Grassy Terrain\n|-heal|p2a: Heatran|72\/100|[from] item: Leftovers\n|-heal|p1a: Dondozo|71\/100|[from] Grassy Terrain\n|-heal|p1a: Dondozo|77\/100|[from] item: Leftovers\n|-damage|p1a: Dondozo|65\/100|[from] move: Magma Storm|[partiallytrapped]\n|-end|p1a: Dondozo|move: Taunt\n|upkeep\n|turn|24\n|\n|t:|1700443346\n|move|p2a: Heatran|Taunt|p1a: Dondozo\n|-start|p1a: Dondozo|move: Taunt\n|move|p1a: Dondozo|Waterfall|p2a: Heatran\n|-resisted|p2a: Heatran\n|-damage|p2a: Heatran|59\/100\n|\n|-heal|p2a: Heatran|66\/100|[from] Grassy Terrain\n|-heal|p2a: Heatran|72\/100|[from] item: Leftovers\n|-heal|p1a: Dondozo|71\/100|[from] Grassy Terrain\n|-heal|p1a: Dondozo|77\/100|[from] item: Leftovers\n|-damage|p1a: Dondozo|65\/100|[from] move: Magma Storm|[partiallytrapped]\n|-fieldend|move: Grassy Terrain\n|upkeep\n|turn|25\n|\n|t:|1700443349\n|move|p2a: Heatran|Earth Power|p1a: Dondozo\n|-damage|p1a: Dondozo|46\/100\n|move|p1a: Dondozo|Waterfall|p2a: Heatran\n|-resisted|p2a: Heatran\n|-damage|p2a: Heatran|59\/100\n|\n|-heal|p2a: Heatran|66\/100|[from] item: Leftovers\n|-heal|p1a: Dondozo|52\/100|[from] item: Leftovers\n|-damage|p1a: Dondozo|40\/100|[from] move: Magma Storm|[partiallytrapped]\n|upkeep\n|turn|26\n|\n|t:|1700443353\n|move|p2a: Heatran|Earth Power|p1a: Dondozo\n|-damage|p1a: Dondozo|22\/100\n|move|p1a: Dondozo|Waterfall|p2a: Heatran\n|-resisted|p2a: Heatran\n|-damage|p2a: Heatran|55\/100\n|\n|-heal|p2a: Heatran|61\/100|[from] item: Leftovers\n|-heal|p1a: Dondozo|28\/100|[from] item: Leftovers\n|-end|p1a: Dondozo|Magma Storm|[partiallytrapped]\n|-end|p1a: Dondozo|move: Taunt\n|upkeep\n|turn|27\n|-message|JiR0k forfeited.\n|\n|win|Ohdadyespls\n|raw|JiR0k's rating: 1621 &rarr; <strong>1594<\/strong><br \/>(-27 for losing)\n|raw|Ohdadyespls's rating: 1500 &rarr; <strong>1527<\/strong><br \/>(+27 for winning)\n|l|\u2606JiR0k\n","uploadtime":1700443359,"views":10,"p1id":"jir0k","p2id":"ohdadyespls","formatid":"gen9ou","rating":1527,"private":0,"password":""}