{"id":"gen9ou-1992502166","p1":"S3PP1","p2":"ArbysDealer23","format":"[Gen 9] OU","log":"|j|\u2606S3PP1\n|j|\u2606ArbysDealer23\n|t:|1700195889\n|gametype|singles\n|player|p1|S3PP1|chuck|\n|player|p2|ArbysDealer23|clair|\n|teamsize|p1|6\n|teamsize|p2|6\n|gen|9\n|tier|[Gen 9] OU\n|rule|Sleep Clause Mod: Limit one foe put to sleep\n|rule|Species Clause: Limit one of each Pok\u00e9mon\n|rule|OHKO Clause: OHKO moves are banned\n|rule|Evasion Items Clause: Evasion items are banned\n|rule|Evasion Moves Clause: Evasion moves are banned\n|rule|Endless Battle Clause: Forcing endless battles is banned\n|rule|HP Percentage Mod: HP is shown in percentages\n|clearpoke\n|poke|p1|Landorus-Therian, M|\n|poke|p1|Toxapex, M|\n|poke|p1|Conkeldurr, M|\n|poke|p1|Kleavor, M|\n|poke|p1|Chandelure, M|\n|poke|p1|Pawmot, F|\n|poke|p2|Greninja-*, M|\n|poke|p2|Iron Valiant|\n|poke|p2|Breloom, M|\n|poke|p2|Clodsire, M|\n|poke|p2|Magnezone|\n|poke|p2|Noivern, F|\n|teampreview\n|inactive|Battle timer is ON: inactive players will automatically lose when time's up. (requested by S3PP1)\n|\n|t:|1700195903\n|start\n|switch|p1a: Kleavor|Kleavor, M|100\/100\n|switch|p2a: Daisy FRFR|Clodsire, M|100\/100\n|turn|1\n|j| BeardoftheRed\n|\n|t:|1700195909\n|move|p1a: Kleavor|Stone Axe|p2a: Daisy FRFR\n|-resisted|p2a: Daisy FRFR\n|-damage|p2a: Daisy FRFR|73\/100\n|-sidestart|p2: ArbysDealer23|move: Stealth Rock\n|move|p2a: Daisy FRFR|Stealth Rock|p1a: Kleavor\n|-sidestart|p1: S3PP1|move: Stealth Rock\n|\n|-heal|p2a: Daisy FRFR|79\/100|[from] item: Leftovers\n|upkeep\n|turn|2\n|\n|t:|1700195920\n|switch|p1a: Nimbus|Landorus-Therian, M|100\/100\n|-damage|p1a: Nimbus|88\/100|[from] Stealth Rock\n|-ability|p1a: Nimbus|Intimidate|boost\n|-unboost|p2a: Daisy FRFR|atk|1\n|move|p2a: Daisy FRFR|Yawn|p1a: Nimbus\n|-start|p1a: Nimbus|move: Yawn|[of] p2a: Daisy FRFR\n|\n|-heal|p1a: Nimbus|94\/100|[from] item: Leftovers\n|-heal|p2a: Daisy FRFR|86\/100|[from] item: Leftovers\n|upkeep\n|turn|3\n|\n|t:|1700195934\n|switch|p2a: Mom's Fridge|Magnezone|100\/100\n|-damage|p2a: Mom's Fridge|94\/100|[from] Stealth Rock\n|move|p1a: Nimbus|U-turn|p2a: Mom's Fridge\n|-resisted|p2a: Mom's Fridge\n|-damage|p2a: Mom's Fridge|84\/100\n|\n|t:|1700195939\n|switch|p1a: Lumiere|Chandelure, M|100\/100|[from] U-turn\n|-damage|p1a: Lumiere|76\/100|[from] Stealth Rock\n|\n|upkeep\n|turn|4\n|\n|t:|1700195953\n|-terastallize|p2a: Mom's Fridge|Normal\n|move|p1a: Lumiere|Flamethrower|p2a: Mom's Fridge\n|-damage|p2a: Mom's Fridge|6\/100\n|move|p2a: Mom's Fridge|Volt Switch|p1a: Lumiere\n|-damage|p1a: Lumiere|0 fnt\n|faint|p1a: Lumiere\n|\n|t:|1700195972\n|switch|p2a: Daisy FRFR|Clodsire, M|86\/100|[from] Volt Switch\n|-damage|p2a: Daisy FRFR|79\/100|[from] Stealth Rock\n|\n|-heal|p2a: Daisy FRFR|86\/100|[from] item: Leftovers\n|upkeep\n|\n|t:|1700195979\n|switch|p1a: Nimbus|Landorus-Therian, M|94\/100\n|-damage|p1a: Nimbus|82\/100|[from] Stealth Rock\n|-ability|p1a: Nimbus|Intimidate|boost\n|-unboost|p2a: Daisy FRFR|atk|1\n|turn|5\n|\n|t:|1700195985\n|move|p1a: Nimbus|Earthquake|p2a: Daisy FRFR\n|-supereffective|p2a: Daisy FRFR\n|-damage|p2a: Daisy FRFR|0 fnt\n|faint|p2a: Daisy FRFR\n|\n|-heal|p1a: Nimbus|88\/100|[from] item: Leftovers\n|upkeep\n|\n|t:|1700195995\n|switch|p2a: Mom's Fridge|Magnezone, tera:Normal|6\/100\n|-damage|p2a: Mom's Fridge|0 fnt|[from] Stealth Rock\n|faint|p2a: Mom's Fridge\n|\n|t:|1700196008\n|switch|p2a: Bat Soup|Noivern, F|100\/100\n|-item|p1a: Nimbus|Leftovers|[from] ability: Frisk|[of] p2a: Bat Soup|[identify]\n|turn|6\n|\n|t:|1700196019\n|move|p2a: Bat Soup|Draco Meteor|p1a: Nimbus\n|-damage|p1a: Nimbus|8\/100\n|-unboost|p2a: Bat Soup|spa|2\n|move|p1a: Nimbus|Stone Edge|p2a: Bat Soup\n|-supereffective|p2a: Bat Soup\n|-damage|p2a: Bat Soup|3\/100\n|\n|-heal|p1a: Nimbus|14\/100|[from] item: Leftovers\n|upkeep\n|turn|7\n|\n|t:|1700196031\n|move|p2a: Bat Soup|Draco Meteor|p1a: Nimbus\n|-damage|p1a: Nimbus|0 fnt\n|-unboost|p2a: Bat Soup|spa|2\n|faint|p1a: Nimbus\n|\n|upkeep\n|\n|t:|1700196034\n|switch|p1a: Buggy|Conkeldurr, M|100\/100\n|-damage|p1a: Buggy|94\/100|[from] Stealth Rock\n|turn|8\n|\n|t:|1700196043\n|switch|p2a: Literal Fembussy|Iron Valiant|100\/100\n|-damage|p2a: Literal Fembussy|94\/100|[from] Stealth Rock\n|-enditem|p2a: Literal Fembussy|Booster Energy\n|-activate|p2a: Literal Fembussy|ability: Quark Drive|[fromitem]\n|-start|p2a: Literal Fembussy|quarkdrivespe\n|move|p1a: Buggy|Mach Punch|p2a: Literal Fembussy\n|-resisted|p2a: Literal Fembussy\n|-damage|p2a: Literal Fembussy|79\/100\n|\n|-status|p1a: Buggy|brn|[from] item: Flame Orb\n|upkeep\n|turn|9\n|\n|t:|1700196055\n|-terastallize|p1a: Buggy|Normal\n|move|p2a: Literal Fembussy|Encore|p1a: Buggy\n|-start|p1a: Buggy|Encore\n|move|p1a: Buggy|Mach Punch|p2a: Literal Fembussy\n|-resisted|p2a: Literal Fembussy\n|-damage|p2a: Literal Fembussy|54\/100\n|\n|-damage|p1a: Buggy|88\/100 brn|[from] brn\n|upkeep\n|turn|10\n|\n|t:|1700196064\n|switch|p1a: OU: DA PEX|Toxapex, M|100\/100\n|-damage|p1a: OU: DA PEX|88\/100|[from] Stealth Rock\n|move|p2a: Literal Fembussy|Close Combat|p1a: OU: DA PEX\n|-resisted|p1a: OU: DA PEX\n|-damage|p1a: OU: DA PEX|69\/100\n|-unboost|p2a: Literal Fembussy|def|1\n|-unboost|p2a: Literal Fembussy|spd|1\n|\n|-heal|p1a: OU: DA PEX|75\/100|[from] item: Black Sludge\n|upkeep\n|turn|11\n|\n|t:|1700196075\n|move|p2a: Literal Fembussy|Knock Off|p1a: OU: DA PEX\n|-damage|p1a: OU: DA PEX|54\/100\n|-enditem|p1a: OU: DA PEX|Black Sludge|[from] move: Knock Off|[of] p2a: Literal Fembussy\n|move|p1a: OU: DA PEX|Toxic|p2a: Literal Fembussy\n|-status|p2a: Literal Fembussy|tox\n|\n|-damage|p2a: Literal Fembussy|48\/100 tox|[from] psn\n|upkeep\n|turn|12\n|\n|t:|1700196083\n|move|p2a: Literal Fembussy|Swords Dance|p2a: Literal Fembussy\n|-boost|p2a: Literal Fembussy|atk|2\n|move|p1a: OU: DA PEX|Recover|p1a: OU: DA PEX\n|-heal|p1a: OU: DA PEX|100\/100\n|\n|-damage|p2a: Literal Fembussy|35\/100 tox|[from] psn\n|upkeep\n|turn|13\n|\n|t:|1700196090\n|move|p2a: Literal Fembussy|Knock Off|p1a: OU: DA PEX\n|-damage|p1a: OU: DA PEX|72\/100\n|move|p1a: OU: DA PEX|Haze|p1a: OU: DA PEX\n|-clearallboost\n|\n|-damage|p2a: Literal Fembussy|16\/100 tox|[from] psn\n|upkeep\n|turn|14\n|\n|t:|1700196097\n|move|p2a: Literal Fembussy|Close Combat|p1a: OU: DA PEX\n|-resisted|p1a: OU: DA PEX\n|-damage|p1a: OU: DA PEX|51\/100\n|-unboost|p2a: Literal Fembussy|def|1\n|-unboost|p2a: Literal Fembussy|spd|1\n|move|p1a: OU: DA PEX|Recover|p1a: OU: DA PEX\n|-heal|p1a: OU: DA PEX|100\/100\n|\n|-damage|p2a: Literal Fembussy|0 fnt|[from] psn\n|faint|p2a: Literal Fembussy\n|-end|p2a: Literal Fembussy|Quark Drive|[silent]\n|upkeep\n|\n|t:|1700196110\n|switch|p2a: Bat Soup|Noivern, F|3\/100\n|turn|15\n|\n|t:|1700196114\n|move|p2a: Bat Soup|Roost|p2a: Bat Soup\n|-heal|p2a: Bat Soup|53\/100\n|-singleturn|p2a: Bat Soup|move: Roost\n|move|p1a: OU: DA PEX|Surf|p2a: Bat Soup\n|-resisted|p2a: Bat Soup\n|-damage|p2a: Bat Soup|40\/100\n|\n|upkeep\n|turn|16\n|\n|t:|1700196121\n|move|p2a: Bat Soup|Draco Meteor|p1a: OU: DA PEX|[miss]\n|-miss|p2a: Bat Soup|p1a: OU: DA PEX\n|move|p1a: OU: DA PEX|Toxic|p2a: Bat Soup\n|-status|p2a: Bat Soup|tox\n|\n|-damage|p2a: Bat Soup|34\/100 tox|[from] psn\n|upkeep\n|turn|17\n|\n|t:|1700196128\n|move|p2a: Bat Soup|Roost|p2a: Bat Soup\n|-heal|p2a: Bat Soup|84\/100 tox\n|-singleturn|p2a: Bat Soup|move: Roost\n|move|p1a: OU: DA PEX|Surf|p2a: Bat Soup\n|-resisted|p2a: Bat Soup\n|-damage|p2a: Bat Soup|72\/100 tox\n|\n|-damage|p2a: Bat Soup|60\/100 tox|[from] psn\n|upkeep\n|turn|18\n|\n|t:|1700196139\n|switch|p1a: Kleavor|Kleavor, M|100\/100\n|-damage|p1a: Kleavor|76\/100|[from] Stealth Rock\n|move|p2a: Bat Soup|Draco Meteor|p1a: Kleavor\n|-damage|p1a: Kleavor|0 fnt\n|-unboost|p2a: Bat Soup|spa|2\n|faint|p1a: Kleavor\n|\n|-damage|p2a: Bat Soup|41\/100 tox|[from] psn\n|upkeep\n|\n|t:|1700196142\n|switch|p1a: Defibulator|Pawmot, F|100\/100\n|-damage|p1a: Defibulator|94\/100|[from] Stealth Rock\n|turn|19\n|\n|t:|1700196160\n|switch|p2a: Correct Usage|Breloom, M|100\/100\n|-damage|p2a: Correct Usage|94\/100|[from] Stealth Rock\n|move|p1a: Defibulator|Double Shock|p2a: Correct Usage\n|-resisted|p2a: Correct Usage\n|-damage|p2a: Correct Usage|71\/100\n|-start|p1a: Defibulator|typechange|???\/Fighting|[from] move: Double Shock\n|\n|-status|p2a: Correct Usage|tox|[from] item: Toxic Orb\n|upkeep\n|turn|20\n|\n|t:|1700196171\n|move|p1a: Defibulator|Revival Blessing|p1a: Defibulator\n|-enditem|p1a: Defibulator|Leppa Berry|[eat]\n|-activate|p1a: Defibulator|item: Leppa Berry|Revival Blessing|[consumed]\n|\n|t:|1700196180\n|-heal|p1: Kleavor|50\/100|[from] move: Revival Blessing\n|move|p2a: Correct Usage|Leech Seed|p1a: Defibulator|[miss]\n|-miss|p2a: Correct Usage|p1a: Defibulator\n|\n|-heal|p2a: Correct Usage|84\/100 tox|[from] ability: Poison Heal\n|upkeep\n|turn|21\n|\n|t:|1700196187\n|move|p1a: Defibulator|Revival Blessing|p1a: Defibulator\n|\n|t:|1700196192\n|-heal|p1: Nimbus|50\/100|[from] move: Revival Blessing\n|move|p2a: Correct Usage|Spore|p1a: Defibulator\n|-status|p1a: Defibulator|slp|[from] move: Spore\n|\n|-heal|p2a: Correct Usage|96\/100 tox|[from] ability: Poison Heal\n|upkeep\n|turn|22\n|\n|t:|1700196200\n|switch|p1a: Nimbus|Landorus-Therian, M|50\/100\n|-damage|p1a: Nimbus|38\/100|[from] Stealth Rock\n|-ability|p1a: Nimbus|Intimidate|boost\n|-unboost|p2a: Correct Usage|atk|1\n|move|p2a: Correct Usage|Leech Seed|p1a: Nimbus\n|-start|p1a: Nimbus|move: Leech Seed\n|\n|-heal|p1a: Nimbus|44\/100|[from] item: Leftovers\n|-damage|p1a: Nimbus|32\/100|[from] Leech Seed|[of] p2a: Correct Usage\n|-heal|p2a: Correct Usage|100\/100 tox|[silent]\n|upkeep\n|turn|23\n|\n|t:|1700196210\n|move|p1a: Nimbus|U-turn|p2a: Correct Usage\n|-damage|p2a: Correct Usage|75\/100 tox\n|\n|t:|1700196213\n|switch|p1a: Kleavor|Kleavor, M|50\/100|[from] U-turn\n|-damage|p1a: Kleavor|25\/100|[from] Stealth Rock\n|move|p2a: Correct Usage|Seed Bomb|p1a: Kleavor\n|-damage|p1a: Kleavor|0 fnt\n|faint|p1a: Kleavor\n|\n|-heal|p2a: Correct Usage|88\/100 tox|[from] ability: Poison Heal\n|upkeep\n|\n|t:|1700196226\n|switch|p1a: Buggy|Conkeldurr, M, tera:Normal|88\/100 brn\n|-damage|p1a: Buggy|76\/100 brn|[from] Stealth Rock\n|turn|24\n|\n|t:|1700196232\n|move|p2a: Correct Usage|Mach Punch|p1a: Buggy\n|-supereffective|p1a: Buggy\n|-damage|p1a: Buggy|56\/100 brn\n|move|p1a: Buggy|Facade|p2a: Correct Usage\n|-damage|p2a: Correct Usage|0 fnt\n|faint|p2a: Correct Usage\n|\n|-damage|p1a: Buggy|50\/100 brn|[from] brn\n|upkeep\n|\n|t:|1700196240\n|switch|p2a: Bat Soup|Noivern, F|41\/100 tox\n|-item|p1a: Buggy|Flame Orb|[from] ability: Frisk|[of] p2a: Bat Soup|[identify]\n|turn|25\n|\n|t:|1700196246\n|switch|p1a: Defibulator|Pawmot, F|94\/100 slp\n|-damage|p1a: Defibulator|88\/100 slp|[from] Stealth Rock\n|move|p2a: Bat Soup|Air Slash|p1a: Defibulator\n|-damage|p1a: Defibulator|29\/100 slp\n|\n|-damage|p2a: Bat Soup|35\/100 tox|[from] psn\n|upkeep\n|turn|26\n|\n|t:|1700196255\n|move|p2a: Bat Soup|Draco Meteor|p1a: Defibulator\n|-damage|p1a: Defibulator|0 fnt\n|-unboost|p2a: Bat Soup|spa|2\n|faint|p1a: Defibulator\n|\n|-damage|p2a: Bat Soup|23\/100 tox|[from] psn\n|upkeep\n|\n|t:|1700196259\n|switch|p1a: Nimbus|Landorus-Therian, M|32\/100\n|-damage|p1a: Nimbus|20\/100|[from] Stealth Rock\n|-ability|p1a: Nimbus|Intimidate|boost\n|-unboost|p2a: Bat Soup|atk|1\n|turn|27\n|\n|t:|1700196267\n|move|p2a: Bat Soup|Draco Meteor|p1a: Nimbus\n|-damage|p1a: Nimbus|0 fnt\n|-unboost|p2a: Bat Soup|spa|2\n|faint|p1a: Nimbus\n|\n|-damage|p2a: Bat Soup|5\/100 tox|[from] psn\n|upkeep\n|\n|t:|1700196269\n|switch|p1a: OU: DA PEX|Toxapex, M|100\/100\n|-damage|p1a: OU: DA PEX|88\/100|[from] Stealth Rock\n|turn|28\n|\n|t:|1700196277\n|switch|p2a: Ol' Blacky|Greninja, M, shiny|100\/100\n|-damage|p2a: Ol' Blacky|88\/100|[from] Stealth Rock\n|move|p1a: OU: DA PEX|Recover|p1a: OU: DA PEX\n|-heal|p1a: OU: DA PEX|100\/100\n|\n|upkeep\n|turn|29\n|\n|t:|1700196287\n|move|p2a: Ol' Blacky|Dark Pulse|p1a: OU: DA PEX\n|-damage|p1a: OU: DA PEX|62\/100\n|-damage|p2a: Ol' Blacky|78\/100|[from] item: Life Orb\n|move|p1a: OU: DA PEX|Toxic|p2a: Ol' Blacky\n|-status|p2a: Ol' Blacky|tox\n|\n|-damage|p2a: Ol' Blacky|72\/100 tox|[from] psn\n|upkeep\n|turn|30\n|\n|t:|1700196301\n|move|p2a: Ol' Blacky|Dark Pulse|p1a: OU: DA PEX\n|-damage|p1a: OU: DA PEX|25\/100\n|-damage|p2a: Ol' Blacky|63\/100 tox|[from] item: Life Orb\n|move|p1a: OU: DA PEX|Recover|p1a: OU: DA PEX\n|-heal|p1a: OU: DA PEX|75\/100\n|\n|-damage|p2a: Ol' Blacky|51\/100 tox|[from] psn\n|upkeep\n|turn|31\n|\n|t:|1700196309\n|move|p2a: Ol' Blacky|Dark Pulse|p1a: OU: DA PEX\n|-damage|p1a: OU: DA PEX|39\/100\n|-damage|p2a: Ol' Blacky|41\/100 tox|[from] item: Life Orb\n|move|p1a: OU: DA PEX|Recover|p1a: OU: DA PEX\n|-heal|p1a: OU: DA PEX|89\/100\n|\n|-damage|p2a: Ol' Blacky|23\/100 tox|[from] psn\n|upkeep\n|turn|32\n|\n|t:|1700196319\n|move|p2a: Ol' Blacky|Ice Beam|p1a: OU: DA PEX\n|-resisted|p1a: OU: DA PEX\n|-damage|p1a: OU: DA PEX|75\/100\n|-damage|p2a: Ol' Blacky|13\/100 tox|[from] item: Life Orb\n|move|p1a: OU: DA PEX|Recover|p1a: OU: DA PEX\n|-heal|p1a: OU: DA PEX|100\/100\n|\n|-damage|p2a: Ol' Blacky|0 fnt|[from] psn\n|faint|p2a: Ol' Blacky\n|upkeep\n|\n|t:|1700196327\n|switch|p2a: Bat Soup|Noivern, F|5\/100 tox\n|turn|33\n|\n|t:|1700196331\n|switch|p1a: Buggy|Conkeldurr, M, tera:Normal|50\/100 brn\n|-damage|p1a: Buggy|37\/100 brn|[from] Stealth Rock\n|move|p2a: Bat Soup|Draco Meteor|p1a: Buggy\n|-damage|p1a: Buggy|0 fnt\n|-unboost|p2a: Bat Soup|spa|2\n|faint|p1a: Buggy\n|\n|-damage|p2a: Bat Soup|0 fnt|[from] psn\n|faint|p2a: Bat Soup\n|\n|win|S3PP1\n|upkeep\n","uploadtime":1700196339,"views":8,"p1id":"s3pp1","p2id":"arbysdealer23","formatid":"gen9ou","rating":0,"private":0,"password":""}