{"id":"gen9ou-1991092891","p1":"KEL NUKE","p2":"BOX CRUSHER","format":"[Gen 9] OU","log":"|j|\u2606KEL NUKE\n|j|\u2606BOX CRUSHER\n|t:|1700041723\n|gametype|singles\n|player|p1|KEL NUKE|winona|1319\n|player|p2|BOX CRUSHER|ruinmaniac|1244\n|teamsize|p1|6\n|teamsize|p2|6\n|gen|9\n|tier|[Gen 9] OU\n|rated|\n|rule|Sleep Clause Mod: Limit one foe put to sleep\n|rule|Species Clause: Limit one of each Pok\u00e9mon\n|rule|OHKO Clause: OHKO moves are banned\n|rule|Evasion Items Clause: Evasion items are banned\n|rule|Evasion Moves Clause: Evasion moves are banned\n|rule|Endless Battle Clause: Forcing endless battles is banned\n|rule|HP Percentage Mod: HP is shown in percentages\n|clearpoke\n|poke|p1|Ogerpon-Wellspring, F|\n|poke|p1|Slowking-Galar, M|\n|poke|p1|Samurott-Hisui, M|\n|poke|p1|Dragonite, M|\n|poke|p1|Cinderace, F|\n|poke|p1|Dragapult, M|\n|poke|p2|Hippowdon, F|\n|poke|p2|Bronzong|\n|poke|p2|Clefable, F|\n|poke|p2|Tatsugiri, M|\n|poke|p2|Landorus-Therian, M|\n|poke|p2|Kingambit, M|\n|teampreview\n|inactive|Battle timer is ON: inactive players will automatically lose when time's up. (requested by KEL NUKE)\n|\n|t:|1700041735\n|start\n|switch|p1a: Samurott|Samurott-Hisui, M, shiny|100\/100\n|switch|p2a: Landorus|Landorus-Therian, M|100\/100\n|-ability|p2a: Landorus|Intimidate|boost\n|-unboost|p1a: Samurott|atk|1\n|turn|1\n|\n|t:|1700041762\n|move|p2a: Landorus|U-turn|p1a: Samurott\n|-supereffective|p1a: Samurott\n|-damage|p1a: Samurott|35\/100\n|\n|t:|1700041768\n|switch|p2a: Clefable|Clefable, F|100\/100|[from] U-turn\n|move|p1a: Samurott|Ceaseless Edge|p2a: Clefable\n|-resisted|p2a: Clefable\n|-damage|p2a: Clefable|85\/100\n|-sidestart|p2: BOX CRUSHER|Spikes\n|\n|upkeep\n|turn|2\n|\n|t:|1700041779\n|switch|p1a: Slowking|Slowking-Galar, M, shiny|100\/100\n|move|p2a: Clefable|Moonblast|p1a: Slowking\n|-resisted|p1a: Slowking\n|-crit|p1a: Slowking\n|-damage|p1a: Slowking|83\/100\n|\n|upkeep\n|turn|3\n|\n|t:|1700041793\n|switch|p2a: Bronzong|Bronzong|100\/100\n|move|p1a: Slowking|Future Sight|p2a: Bronzong\n|-start|p1a: Slowking|move: Future Sight\n|\n|upkeep\n|turn|4\n|\n|t:|1700041801\n|move|p2a: Bronzong|Stealth Rock|p1a: Slowking\n|-sidestart|p1: KEL NUKE|move: Stealth Rock\n|move|p1a: Slowking|Thunder Wave|p2a: Bronzong\n|-status|p2a: Bronzong|par\n|\n|upkeep\n|turn|5\n|\n|t:|1700041806\n|move|p1a: Slowking|Chilly Reception|p1a: Slowking\n|-weather|Snow\n|\n|t:|1700041811\n|switch|p1a: Samurott|Samurott-Hisui, M, shiny|35\/100|[from] Chilly Reception\n|-damage|p1a: Samurott|23\/100|[from] Stealth Rock\n|cant|p2a: Bronzong|par\n|\n|-weather|Snow|[upkeep]\n|-end|p2a: Bronzong|move: Future Sight\n|-resisted|p2a: Bronzong\n|-damage|p2a: Bronzong|93\/100 par\n|-heal|p2a: Bronzong|99\/100 par|[from] item: Leftovers\n|upkeep\n|turn|6\n|\n|t:|1700041821\n|switch|p2a: Landorus|Landorus-Therian, M|100\/100\n|-ability|p2a: Landorus|Intimidate|boost\n|-unboost|p1a: Samurott|atk|1\n|move|p1a: Samurott|Ceaseless Edge|p2a: Landorus\n|-damage|p2a: Landorus|65\/100\n|-sidestart|p2: BOX CRUSHER|Spikes\n|\n|-weather|Snow|[upkeep]\n|upkeep\n|turn|7\n|\n|t:|1700041841\n|switch|p1a: Slowking|Slowking-Galar, M, shiny|100\/100\n|-damage|p1a: Slowking|88\/100|[from] Stealth Rock\n|move|p2a: Landorus|U-turn|p1a: Slowking\n|-damage|p1a: Slowking|69\/100\n|-damage|p2a: Landorus|48\/100|[from] item: Rocky Helmet|[of] p1a: Slowking\n|\n|t:|1700041845\n|switch|p2a: Tatsugiri|Tatsugiri, M|100\/100|[from] U-turn\n|\n|-weather|Snow|[upkeep]\n|upkeep\n|turn|8\n|\n|t:|1700041852\n|switch|p2a: Landorus|Landorus-Therian, M|48\/100\n|-ability|p2a: Landorus|Intimidate|boost\n|-unboost|p1a: Slowking|atk|1\n|move|p1a: Slowking|Thunder Wave|p2a: Landorus\n|-immune|p2a: Landorus\n|\n|-weather|Snow|[upkeep]\n|upkeep\n|turn|9\n|\n|t:|1700041862\n|move|p2a: Landorus|Earthquake|p1a: Slowking\n|-supereffective|p1a: Slowking\n|-damage|p1a: Slowking|0 fnt\n|faint|p1a: Slowking\n|\n|-weather|none\n|upkeep\n|\n|t:|1700041890\n|switch|p1a: Dragapult|Dragapult, M, shiny|100\/100\n|-damage|p1a: Dragapult|88\/100|[from] Stealth Rock\n|turn|10\n|\n|t:|1700041896\n|switch|p2a: Hippowdon|Hippowdon, F|100\/100\n|-damage|p2a: Hippowdon|84\/100|[from] Spikes\n|-weather|Sandstorm|[from] ability: Sand Stream|[of] p2a: Hippowdon\n|move|p1a: Dragapult|U-turn|p2a: Hippowdon\n|-damage|p2a: Hippowdon|72\/100\n|\n|t:|1700041910\n|switch|p1a: Samurott|Samurott-Hisui, M, shiny|23\/100|[from] U-turn\n|-damage|p1a: Samurott|10\/100|[from] Stealth Rock\n|\n|-weather|Sandstorm|[upkeep]\n|-damage|p1a: Samurott|4\/100|[from] Sandstorm\n|upkeep\n|turn|11\n|\n|t:|1700041935\n|switch|p2a: Clefable|Clefable, F|85\/100\n|move|p1a: Samurott|Razor Shell|p2a: Clefable\n|-damage|p2a: Clefable|47\/100\n|\n|-weather|Sandstorm|[upkeep]\n|-damage|p1a: Samurott|0 fnt|[from] Sandstorm\n|-damage|p2a: Clefable|41\/100|[from] Sandstorm\n|faint|p1a: Samurott\n|upkeep\n|\n|t:|1700041950\n|switch|p1a: Cinderace|Cinderace, F|100\/100\n|turn|12\n|\n|t:|1700041963\n|switch|p2a: Bronzong|Bronzong|99\/100 par\n|move|p1a: Cinderace|Pyro Ball|p2a: Bronzong\n|-supereffective|p2a: Bronzong\n|-damage|p2a: Bronzong|0 fnt\n|faint|p2a: Bronzong\n|\n|-weather|Sandstorm|[upkeep]\n|-damage|p1a: Cinderace|95\/100|[from] Sandstorm\n|upkeep\n|\n|t:|1700041970\n|switch|p2a: Tatsugiri|Tatsugiri, M|100\/100\n|turn|13\n|\n|t:|1700041976\n|move|p1a: Cinderace|U-turn|p2a: Tatsugiri\n|-start|p1a: Cinderace|typechange|Bug|[from] ability: Libero\n|-damage|p2a: Tatsugiri|34\/100\n|\n|t:|1700041986\n|switch|p1a: Ogerpon|Ogerpon-Wellspring, F|100\/100|[from] U-turn\n|-damage|p1a: Ogerpon|88\/100|[from] Stealth Rock\n|move|p2a: Tatsugiri|Rapid Spin|p1a: Ogerpon\n|-damage|p1a: Ogerpon|82\/100\n|-boost|p2a: Tatsugiri|spe|1\n|-sideend|p2: BOX CRUSHER|Spikes|[from] move: Rapid Spin|[of] p2a: Tatsugiri\n|\n|-weather|Sandstorm|[upkeep]\n|-damage|p2a: Tatsugiri|28\/100|[from] Sandstorm\n|-damage|p1a: Ogerpon|76\/100|[from] Sandstorm\n|upkeep\n|turn|14\n|\n|t:|1700042005\n|switch|p2a: Clefable|Clefable, F|41\/100\n|move|p1a: Ogerpon|Trailblaze|p2a: Clefable\n|-damage|p2a: Clefable|24\/100\n|-boost|p1a: Ogerpon|spe|1\n|\n|-weather|Sandstorm|[upkeep]\n|-damage|p1a: Ogerpon|70\/100|[from] Sandstorm\n|-damage|p2a: Clefable|18\/100|[from] Sandstorm\n|upkeep\n|turn|15\n|\n|t:|1700042016\n|move|p1a: Ogerpon|Swords Dance|p1a: Ogerpon\n|-boost|p1a: Ogerpon|atk|2\n|move|p2a: Clefable|Wish|p2a: Clefable\n|\n|-weather|Sandstorm|[upkeep]\n|-damage|p1a: Ogerpon|64\/100|[from] Sandstorm\n|-damage|p2a: Clefable|12\/100|[from] Sandstorm\n|upkeep\n|turn|16\n|\n|t:|1700042023\n|move|p1a: Ogerpon|Ivy Cudgel|p2a: Clefable|[anim] Ivy Cudgel Water\n|-damage|p2a: Clefable|0 fnt\n|faint|p2a: Clefable\n|\n|-weather|Sandstorm|[upkeep]\n|-damage|p1a: Ogerpon|58\/100|[from] Sandstorm\n|upkeep\n|\n|t:|1700042027\n|switch|p2a: Hippowdon|Hippowdon, F|72\/100\n|turn|17\n|\n|t:|1700042031\n|-terastallize|p2a: Hippowdon|Grass\n|move|p1a: Ogerpon|Ivy Cudgel|p2a: Hippowdon|[anim] Ivy Cudgel Water\n|-resisted|p2a: Hippowdon\n|-damage|p2a: Hippowdon|37\/100\n|move|p2a: Hippowdon|Whirlwind|p1a: Ogerpon\n|drag|p1a: Dragapult|Dragapult, M, shiny|88\/100\n|-damage|p1a: Dragapult|76\/100|[from] Stealth Rock\n|\n|-weather|none\n|upkeep\n|turn|18\n|\n|t:|1700042041\n|move|p1a: Dragapult|U-turn|p2a: Hippowdon\n|-supereffective|p2a: Hippowdon\n|-damage|p2a: Hippowdon|12\/100\n|\n|t:|1700042048\n|switch|p1a: Ogerpon|Ogerpon-Wellspring, F|58\/100|[from] U-turn\n|-damage|p1a: Ogerpon|45\/100|[from] Stealth Rock\n|move|p2a: Hippowdon|Slack Off|p2a: Hippowdon\n|-heal|p2a: Hippowdon|62\/100\n|\n|upkeep\n|turn|19\n|\n|t:|1700042056\n|move|p1a: Ogerpon|Knock Off|p2a: Hippowdon\n|-damage|p2a: Hippowdon|40\/100\n|-enditem|p2a: Hippowdon|Smooth Rock|[from] move: Knock Off|[of] p1a: Ogerpon\n|move|p2a: Hippowdon|Whirlwind|p1a: Ogerpon\n|drag|p1a: Dragonite|Dragonite, M|100\/100\n|-damage|p1a: Dragonite|76\/100|[from] Stealth Rock\n|\n|upkeep\n|turn|20\n|\n|t:|1700042068\n|switch|p2a: Landorus|Landorus-Therian, M|48\/100\n|-ability|p2a: Landorus|Intimidate|boost\n|-unboost|p1a: Dragonite|atk|1\n|move|p1a: Dragonite|Dragon Dance|p1a: Dragonite\n|-boost|p1a: Dragonite|atk|1\n|-boost|p1a: Dragonite|spe|1\n|\n|upkeep\n|turn|21\n|\n|t:|1700042087\n|-terastallize|p1a: Dragonite|Normal\n|move|p1a: Dragonite|Rest|p1a: Dragonite\n|-status|p1a: Dragonite|slp|[from] move: Rest\n|-heal|p1a: Dragonite|100\/100 slp|[silent]\n|-enditem|p1a: Dragonite|Chesto Berry|[eat]\n|-curestatus|p1a: Dragonite|slp|[msg]\n|move|p2a: Landorus|Smack Down|p1a: Dragonite\n|-damage|p1a: Dragonite|92\/100\n|\n|upkeep\n|turn|22\n|\n|t:|1700042100\n|move|p1a: Dragonite|Dragon Dance|p1a: Dragonite\n|-boost|p1a: Dragonite|atk|1\n|-boost|p1a: Dragonite|spe|1\n|move|p2a: Landorus|Earthquake|p1a: Dragonite\n|-damage|p1a: Dragonite|33\/100\n|\n|upkeep\n|turn|23\n|\n|t:|1700042108\n|move|p1a: Dragonite|Extreme Speed|p2a: Landorus\n|-crit|p2a: Landorus\n|-damage|p2a: Landorus|0 fnt\n|faint|p2a: Landorus\n|\n|upkeep\n|\n|t:|1700042111\n|switch|p2a: Kingambit|Kingambit, M|100\/100\n|-activate|p2a: Kingambit|ability: Supreme Overlord\n|-start|p2a: Kingambit|fallen3|[silent]\n|turn|24\n|\n|t:|1700042119\n|move|p1a: Dragonite|Earthquake|p2a: Kingambit\n|-supereffective|p2a: Kingambit\n|-damage|p2a: Kingambit|42\/100\n|move|p2a: Kingambit|Iron Head|p1a: Dragonite\n|-damage|p1a: Dragonite|0 fnt\n|faint|p1a: Dragonite\n|\n|upkeep\n|\n|t:|1700042128\n|switch|p1a: Cinderace|Cinderace, F|95\/100\n|turn|25\n|\n|t:|1700042143\n|-end|p2a: Kingambit|fallen3|[silent]\n|switch|p2a: Tatsugiri|Tatsugiri, M|28\/100\n|move|p1a: Cinderace|Pyro Ball|p2a: Tatsugiri|[miss]\n|-miss|p1a: Cinderace|p2a: Tatsugiri\n|\n|upkeep\n|turn|26\n|\n|t:|1700042163\n|move|p1a: Cinderace|Pyro Ball|p2a: Tatsugiri\n|-resisted|p2a: Tatsugiri\n|-damage|p2a: Tatsugiri|0 fnt\n|faint|p2a: Tatsugiri\n|\n|upkeep\n|\n|t:|1700042170\n|switch|p2a: Kingambit|Kingambit, M|42\/100\n|-activate|p2a: Kingambit|ability: Supreme Overlord\n|-start|p2a: Kingambit|fallen4|[silent]\n|turn|27\n|\n|t:|1700042175\n|move|p2a: Kingambit|Sucker Punch|p1a: Cinderace\n|-damage|p1a: Cinderace|0 fnt\n|faint|p1a: Cinderace\n|\n|upkeep\n|\n|t:|1700042180\n|switch|p1a: Ogerpon|Ogerpon-Wellspring, F|45\/100\n|-damage|p1a: Ogerpon|33\/100|[from] Stealth Rock\n|turn|28\n|\n|t:|1700042184\n|-end|p2a: Kingambit|fallen4|[silent]\n|switch|p2a: Hippowdon|Hippowdon, F, tera:Grass|40\/100\n|-weather|Sandstorm|[from] ability: Sand Stream|[of] p2a: Hippowdon\n|move|p1a: Ogerpon|Ivy Cudgel|p2a: Hippowdon|[anim] Ivy Cudgel Water\n|-resisted|p2a: Hippowdon\n|-damage|p2a: Hippowdon|23\/100\n|\n|-weather|Sandstorm|[upkeep]\n|-damage|p1a: Ogerpon|27\/100|[from] Sandstorm\n|-damage|p2a: Hippowdon|17\/100|[from] Sandstorm\n|upkeep\n|turn|29\n|\n|t:|1700042195\n|move|p1a: Ogerpon|Ivy Cudgel|p2a: Hippowdon|[anim] Ivy Cudgel Water\n|-resisted|p2a: Hippowdon\n|-damage|p2a: Hippowdon|0 fnt\n|faint|p2a: Hippowdon\n|\n|-weather|Sandstorm|[upkeep]\n|-damage|p1a: Ogerpon|21\/100|[from] Sandstorm\n|upkeep\n|\n|t:|1700042197\n|switch|p2a: Kingambit|Kingambit, M|42\/100\n|-activate|p2a: Kingambit|ability: Supreme Overlord\n|-start|p2a: Kingambit|fallen5|[silent]\n|turn|30\n|\n|t:|1700042218\n|move|p2a: Kingambit|Sucker Punch|p1a: Ogerpon\n|-damage|p1a: Ogerpon|0 fnt\n|faint|p1a: Ogerpon\n|\n|-weather|Sandstorm|[upkeep]\n|upkeep\n|\n|t:|1700042220\n|switch|p1a: Dragapult|Dragapult, M, shiny|76\/100\n|-damage|p1a: Dragapult|64\/100|[from] Stealth Rock\n|turn|31\n|\n|t:|1700042224\n|move|p2a: Kingambit|Sucker Punch|p1a: Dragapult\n|-supereffective|p1a: Dragapult\n|-damage|p1a: Dragapult|0 fnt\n|faint|p1a: Dragapult\n|\n|win|BOX CRUSHER\n|raw|KEL NUKE's rating: 1319 &rarr; <strong>1295<\/strong><br \/>(-24 for losing)\n|raw|BOX CRUSHER's rating: 1244 &rarr; <strong>1274<\/strong><br \/>(+30 for winning)\n|l|\u2606KEL NUKE\n","uploadtime":1700042231,"views":11,"p1id":"kelnuke","p2id":"boxcrusher","formatid":"gen9ou","rating":1274,"private":0,"password":""}