{"id":"gen9ou-1997040358","p1":"PLAYB0I R0BBIE B","p2":"Daedro93","format":"[Gen 9] OU","log":"|j|\u2606PLAYB0I R0BBIE B\n|j|\u2606Daedro93\n|t:|1700758481\n|gametype|singles\n|player|p1|PLAYB0I R0BBIE B|eusine|1265\n|player|p2|Daedro93|169|1350\n|teamsize|p1|6\n|teamsize|p2|6\n|gen|9\n|tier|[Gen 9] OU\n|rated|\n|rule|Sleep Clause Mod: Limit one foe put to sleep\n|rule|Species Clause: Limit one of each Pok\u00e9mon\n|rule|OHKO Clause: OHKO moves are banned\n|rule|Evasion Items Clause: Evasion items are banned\n|rule|Evasion Moves Clause: Evasion moves are banned\n|rule|Endless Battle Clause: Forcing endless battles is banned\n|rule|HP Percentage Mod: HP is shown in percentages\n|clearpoke\n|poke|p1|Meowscarada, F|\n|poke|p1|Heatran, F|\n|poke|p1|Thundurus-Therian, M|\n|poke|p1|Dragapult, F|\n|poke|p1|Great Tusk|\n|poke|p1|Azumarill, F|\n|poke|p2|Rillaboom, M|\n|poke|p2|Garganacl, F|\n|poke|p2|Great Tusk|\n|poke|p2|Heatran, M|\n|poke|p2|Zapdos|\n|poke|p2|Walking Wake|\n|teampreview\n|\n|t:|1700758484\n|start\n|switch|p1a: SICKO MODE|Meowscarada, F|100\/100\n|switch|p2a: Walking Wake|Walking Wake|100\/100\n|turn|1\n|\n|t:|1700758489\n|-end|p2a: Walking Wake|Protosynthesis|[silent]\n|switch|p2a: Zapdos|Zapdos|100\/100\n|move|p1a: SICKO MODE|U-turn|p2a: Zapdos\n|-start|p1a: SICKO MODE|typechange|Bug|[from] ability: Protean\n|-resisted|p2a: Zapdos\n|-damage|p2a: Zapdos|78\/100\n|\n|t:|1700758493\n|switch|p1a: ASTROTHUNDER|Thundurus-Therian, M|100\/100|[from] U-turn\n|\n|upkeep\n|turn|2\n|\n|t:|1700758500\n|move|p1a: ASTROTHUNDER|Volt Switch|p2a: Zapdos\n|-damage|p2a: Zapdos|36\/100\n|\n|t:|1700758505\n|switch|p1a: CAN'T SAY|Azumarill, F|100\/100|[from] Volt Switch\n|move|p2a: Zapdos|Hurricane|p1a: CAN'T SAY\n|-damage|p1a: CAN'T SAY|70\/100\n|-start|p1a: CAN'T SAY|confusion\n|\n|upkeep\n|turn|3\n|\n|t:|1700758512\n|switch|p1a: ASTROTHUNDER|Thundurus-Therian, M|100\/100\n|move|p2a: Zapdos|Roost|p2a: Zapdos\n|-heal|p2a: Zapdos|86\/100\n|-singleturn|p2a: Zapdos|move: Roost\n|\n|upkeep\n|turn|4\n|\n|t:|1700758523\n|switch|p2a: Heatran|Heatran, M|100\/100\n|move|p1a: ASTROTHUNDER|Tera Blast|p2a: Heatran\n|-resisted|p2a: Heatran\n|-damage|p2a: Heatran|91\/100\n|\n|-heal|p2a: Heatran|98\/100|[from] item: Leftovers\n|upkeep\n|turn|5\n|\n|t:|1700758528\n|move|p1a: ASTROTHUNDER|Volt Switch|p2a: Heatran\n|-damage|p2a: Heatran|73\/100\n|\n|t:|1700758530\n|switch|p1a: 5% TINT|Heatran, F|100\/100|[from] Volt Switch\n|-item|p1a: 5% TINT|Air Balloon\n|move|p2a: Heatran|Magma Storm|p1a: 5% TINT\n|-start|p1a: 5% TINT|ability: Flash Fire\n|\n|-heal|p2a: Heatran|79\/100|[from] item: Leftovers\n|upkeep\n|turn|6\n|\n|t:|1700758539\n|switch|p2a: Zapdos|Zapdos|86\/100\n|move|p1a: 5% TINT|Magma Storm|p2a: Zapdos\n|-damage|p2a: Zapdos|12\/100\n|-activate|p2a: Zapdos|move: Magma Storm|[of] p1a: 5% TINT\n|\n|-damage|p2a: Zapdos|0 fnt|[from] move: Magma Storm|[partiallytrapped]\n|faint|p2a: Zapdos\n|upkeep\n|\n|t:|1700758548\n|switch|p2a: Walking Wake|Walking Wake|100\/100\n|turn|7\n|\n|t:|1700758552\n|-end|p1a: 5% TINT|ability: Flash Fire|[silent]\n|switch|p1a: CAN'T SAY|Azumarill, F|70\/100\n|move|p2a: Walking Wake|Flip Turn|p1a: CAN'T SAY\n|-resisted|p1a: CAN'T SAY\n|-damage|p1a: CAN'T SAY|62\/100\n|\n|t:|1700758557\n|-end|p2a: Walking Wake|Protosynthesis|[silent]\n|switch|p2a: Rillaboom|Rillaboom, M|100\/100|[from] Flip Turn\n|-fieldstart|move: Grassy Terrain|[from] ability: Grassy Surge|[of] p2a: Rillaboom\n|\n|-heal|p1a: CAN'T SAY|68\/100|[from] Grassy Terrain\n|upkeep\n|turn|8\n|\n|t:|1700758561\n|switch|p1a: NO BYSTANDERS|Dragapult, F|100\/100\n|move|p2a: Rillaboom|Grassy Glide|p1a: NO BYSTANDERS\n|-resisted|p1a: NO BYSTANDERS\n|-damage|p1a: NO BYSTANDERS|57\/100\n|\n|-heal|p1a: NO BYSTANDERS|63\/100|[from] Grassy Terrain\n|upkeep\n|turn|9\n|\n|t:|1700758568\n|move|p2a: Rillaboom|Grassy Glide|p1a: NO BYSTANDERS\n|-resisted|p1a: NO BYSTANDERS\n|-damage|p1a: NO BYSTANDERS|16\/100\n|move|p1a: NO BYSTANDERS|U-turn|p2a: Rillaboom\n|-supereffective|p2a: Rillaboom\n|-damage|p2a: Rillaboom|59\/100\n|\n|t:|1700758580\n|switch|p1a: SICKO MODE|Meowscarada, F|100\/100|[from] U-turn\n|\n|-heal|p2a: Rillaboom|65\/100|[from] Grassy Terrain\n|upkeep\n|turn|10\n|\n|t:|1700758585\n|switch|p2a: Heatran|Heatran, M|79\/100\n|move|p1a: SICKO MODE|U-turn|p2a: Heatran\n|-start|p1a: SICKO MODE|typechange|Bug|[from] ability: Protean\n|-resisted|p2a: Heatran\n|-damage|p2a: Heatran|69\/100\n|\n|t:|1700758589\n|switch|p1a: 5% TINT|Heatran, F|100\/100|[from] U-turn\n|-item|p1a: 5% TINT|Air Balloon\n|\n|-heal|p2a: Heatran|75\/100|[from] Grassy Terrain\n|-heal|p2a: Heatran|81\/100|[from] item: Leftovers\n|upkeep\n|turn|11\n|\n|t:|1700758596\n|switch|p2a: Walking Wake|Walking Wake|100\/100\n|move|p1a: 5% TINT|Earth Power|p2a: Walking Wake\n|-damage|p2a: Walking Wake|60\/100\n|\n|-heal|p2a: Walking Wake|66\/100|[from] Grassy Terrain\n|-fieldend|move: Grassy Terrain\n|upkeep\n|turn|12\n|\n|t:|1700758601\n|switch|p1a: CAN'T SAY|Azumarill, F|68\/100\n|move|p2a: Walking Wake|Scald|p1a: CAN'T SAY\n|-resisted|p1a: CAN'T SAY\n|-damage|p1a: CAN'T SAY|56\/100\n|\n|upkeep\n|turn|13\n|\n|t:|1700758606\n|move|p2a: Walking Wake|Knock Off|p1a: CAN'T SAY\n|-resisted|p1a: CAN'T SAY\n|-damage|p1a: CAN'T SAY|47\/100\n|-enditem|p1a: CAN'T SAY|Assault Vest|[from] move: Knock Off|[of] p2a: Walking Wake\n|move|p1a: CAN'T SAY|Ice Spinner|p2a: Walking Wake\n|-damage|p2a: Walking Wake|32\/100\n|\n|upkeep\n|turn|14\n|\n|t:|1700758611\n|move|p2a: Walking Wake|Flip Turn|p1a: CAN'T SAY\n|-resisted|p1a: CAN'T SAY\n|-damage|p1a: CAN'T SAY|39\/100\n|\n|t:|1700758616\n|-end|p2a: Walking Wake|Protosynthesis|[silent]\n|switch|p2a: Rillaboom|Rillaboom, M|65\/100|[from] Flip Turn\n|-fieldstart|move: Grassy Terrain|[from] ability: Grassy Surge|[of] p2a: Rillaboom\n|move|p1a: CAN'T SAY|Play Rough|p2a: Rillaboom\n|-damage|p2a: Rillaboom|0 fnt\n|faint|p2a: Rillaboom\n|\n|-heal|p1a: CAN'T SAY|45\/100|[from] Grassy Terrain\n|upkeep\n|\n|t:|1700758626\n|switch|p2a: Garganacl|Garganacl, F|100\/100\n|turn|15\n|\n|t:|1700758637\n|switch|p1a: ASTROTHUNDER|Thundurus-Therian, M|100\/100\n|-terastallize|p2a: Garganacl|Fairy\n|move|p2a: Garganacl|Iron Defense|p2a: Garganacl\n|-boost|p2a: Garganacl|def|2\n|\n|upkeep\n|turn|16\n|\n|t:|1700758651\n|-terastallize|p1a: ASTROTHUNDER|Flying\n|move|p1a: ASTROTHUNDER|Tera Blast|p2a: Garganacl|[anim] Tera Blast Flying\n|-damage|p2a: Garganacl|63\/100\n|move|p2a: Garganacl|Salt Cure|p1a: ASTROTHUNDER\n|-supereffective|p1a: ASTROTHUNDER\n|-damage|p1a: ASTROTHUNDER|60\/100\n|-start|p1a: ASTROTHUNDER|Salt Cure\n|\n|-heal|p2a: Garganacl|70\/100|[from] Grassy Terrain\n|-heal|p2a: Garganacl|76\/100|[from] item: Leftovers\n|-damage|p1a: ASTROTHUNDER|47\/100|[from] Salt Cure\n|upkeep\n|turn|17\n|\n|t:|1700758665\n|move|p1a: ASTROTHUNDER|Tera Blast|p2a: Garganacl|[anim] Tera Blast Flying\n|-damage|p2a: Garganacl|34\/100\n|move|p2a: Garganacl|Iron Defense|p2a: Garganacl\n|-boost|p2a: Garganacl|def|2\n|\n|-heal|p2a: Garganacl|41\/100|[from] Grassy Terrain\n|-heal|p2a: Garganacl|47\/100|[from] item: Leftovers\n|-damage|p1a: ASTROTHUNDER|35\/100|[from] Salt Cure\n|upkeep\n|turn|18\n|\n|t:|1700758669\n|move|p1a: ASTROTHUNDER|Tera Blast|p2a: Garganacl|[anim] Tera Blast Flying\n|-damage|p2a: Garganacl|4\/100\n|move|p2a: Garganacl|Recover|p2a: Garganacl\n|-heal|p2a: Garganacl|54\/100\n|\n|-heal|p2a: Garganacl|61\/100|[from] Grassy Terrain\n|-heal|p2a: Garganacl|67\/100|[from] item: Leftovers\n|-damage|p1a: ASTROTHUNDER|23\/100|[from] Salt Cure\n|-fieldend|move: Grassy Terrain\n|upkeep\n|turn|19\n|\n|t:|1700758679\n|move|p1a: ASTROTHUNDER|Tera Blast|p2a: Garganacl|[anim] Tera Blast Flying\n|-damage|p2a: Garganacl|27\/100\n|move|p2a: Garganacl|Salt Cure|p1a: ASTROTHUNDER\n|-supereffective|p1a: ASTROTHUNDER\n|-damage|p1a: ASTROTHUNDER|0 fnt\n|faint|p1a: ASTROTHUNDER\n|\n|-heal|p2a: Garganacl|34\/100|[from] item: Leftovers\n|upkeep\n|\n|t:|1700758683\n|switch|p1a: SICKO MODE|Meowscarada, F|100\/100\n|turn|20\n|\n|t:|1700758686\n|move|p1a: SICKO MODE|Flower Trick|p2a: Garganacl\n|-start|p1a: SICKO MODE|typechange|Grass|[from] ability: Protean\n|-crit|p2a: Garganacl\n|-damage|p2a: Garganacl|0 fnt\n|faint|p2a: Garganacl\n|\n|upkeep\n|\n|t:|1700758692\n|switch|p2a: Heatran|Heatran, M|81\/100\n|turn|21\n|\n|t:|1700758695\n|switch|p1a: 5% TINT|Heatran, F|100\/100\n|-item|p1a: 5% TINT|Air Balloon\n|move|p2a: Heatran|Magma Storm|p1a: 5% TINT\n|-start|p1a: 5% TINT|ability: Flash Fire\n|\n|-heal|p2a: Heatran|87\/100|[from] item: Leftovers\n|upkeep\n|turn|22\n|-message|Daedro93 forfeited.\n|\n|win|PLAYB0I R0BBIE B\n|raw|PLAYB0I R0BBIE B's rating: 1265 &rarr; <strong>1296<\/strong><br \/>(+31 for winning)\n|raw|Daedro93's rating: 1350 &rarr; <strong>1325<\/strong><br \/>(-25 for losing)\n|l|\u2606Daedro93\n","uploadtime":1700758701,"views":2,"p1id":"playb0ir0bbieb","p2id":"daedro93","formatid":"gen9ou","rating":1296,"private":0,"password":""}