{"id":"gen9ou-1996806102","p1":"CorphishGamign","p2":"AQWorld","format":"[Gen 9] OU","log":"|j|\u2606CorphishGamign\n|j|\u2606AQWorld\n|t:|1700728350\n|gametype|singles\n|player|p1|CorphishGamign|camper|1040\n|player|p2|AQWorld|firebreather|1135\n|teamsize|p1|6\n|teamsize|p2|6\n|gen|9\n|tier|[Gen 9] OU\n|rated|\n|rule|Sleep Clause Mod: Limit one foe put to sleep\n|rule|Species Clause: Limit one of each Pok\u00e9mon\n|rule|OHKO Clause: OHKO moves are banned\n|rule|Evasion Items Clause: Evasion items are banned\n|rule|Evasion Moves Clause: Evasion moves are banned\n|rule|Endless Battle Clause: Forcing endless battles is banned\n|rule|HP Percentage Mod: HP is shown in percentages\n|clearpoke\n|poke|p1|Garganacl, F|\n|poke|p1|Rotom-Wash|\n|poke|p1|Scizor, F|\n|poke|p1|Clefable, M|\n|poke|p1|Zamazenta-*|\n|poke|p1|Slowking-Galar, F|\n|poke|p2|Armarouge, M|\n|poke|p2|Iron Valiant|\n|poke|p2|Mandibuzz, F|\n|poke|p2|Toxapex, M|\n|poke|p2|Zapdos|\n|poke|p2|Ogerpon-Cornerstone, F|\n|teampreview\n|inactive|Battle timer is ON: inactive players will automatically lose when time's up. (requested by AQWorld)\n|\n|t:|1700728375\n|start\n|switch|p1a: Rotom|Rotom-Wash|100\/100\n|switch|p2a: Mandibuzz|Mandibuzz, F|100\/100\n|turn|1\n|\n|t:|1700728386\n|move|p2a: Mandibuzz|Knock Off|p1a: Rotom\n|-damage|p1a: Rotom|82\/100\n|-enditem|p1a: Rotom|Leftovers|[from] move: Knock Off|[of] p2a: Mandibuzz\n|move|p1a: Rotom|Volt Switch|p2a: Mandibuzz\n|-supereffective|p2a: Mandibuzz\n|-damage|p2a: Mandibuzz|65\/100\n|\n|t:|1700728400\n|switch|p1a: Clefable|Clefable, M|100\/100|[from] Volt Switch\n|\n|upkeep\n|turn|2\n|\n|t:|1700728411\n|-terastallize|p2a: Mandibuzz|Poison\n|move|p2a: Mandibuzz|Knock Off|p1a: Clefable\n|-resisted|p1a: Clefable\n|-damage|p1a: Clefable|88\/100\n|-enditem|p1a: Clefable|Leftovers|[from] move: Knock Off|[of] p2a: Mandibuzz\n|move|p1a: Clefable|Moonblast|p2a: Mandibuzz\n|-resisted|p2a: Mandibuzz\n|-damage|p2a: Mandibuzz|53\/100\n|-unboost|p2a: Mandibuzz|spa|1\n|\n|upkeep\n|turn|3\n|\n|t:|1700728426\n|switch|p1a: Rotom|Rotom-Wash|82\/100\n|move|p2a: Mandibuzz|Roost|p2a: Mandibuzz\n|-heal|p2a: Mandibuzz|100\/100\n|\n|upkeep\n|turn|4\n|\n|t:|1700728430\n|move|p2a: Mandibuzz|U-turn|p1a: Rotom\n|-damage|p1a: Rotom|73\/100\n|\n|t:|1700728436\n|switch|p2a: Ogerpon|Ogerpon-Cornerstone, F|100\/100|[from] U-turn\n|move|p1a: Rotom|Thunder Wave|p2a: Ogerpon\n|-status|p2a: Ogerpon|par\n|\n|upkeep\n|turn|5\n|inactive|AQWorld has 120 seconds left.\n|\n|t:|1700728478\n|move|p1a: Rotom|Volt Switch|p2a: Ogerpon\n|-resisted|p2a: Ogerpon\n|-damage|p2a: Ogerpon|85\/100 par\n|\n|t:|1700728483\n|switch|p1a: Scizor|Scizor, F|100\/100|[from] Volt Switch\n|move|p2a: Ogerpon|Power Whip|p1a: Scizor\n|-resisted|p1a: Scizor\n|-damage|p1a: Scizor|83\/100\n|\n|upkeep\n|turn|6\n|inactive|AQWorld has 120 seconds left.\n|\n|t:|1700728501\n|switch|p2a: Toxapex|Toxapex, M|100\/100\n|move|p1a: Scizor|U-turn|p2a: Toxapex\n|-resisted|p2a: Toxapex\n|-damage|p2a: Toxapex|83\/100\n|-damage|p1a: Scizor|66\/100|[from] item: Rocky Helmet|[of] p2a: Toxapex\n|\n|t:|1700728517\n|switch|p1a: Garganacl|Garganacl, F|100\/100|[from] U-turn\n|\n|upkeep\n|turn|7\n|inactive|AQWorld has 120 seconds left.\n|\n|t:|1700728532\n|switch|p2a: Iron Valiant|Iron Valiant|100\/100\n|-enditem|p2a: Iron Valiant|Booster Energy\n|-activate|p2a: Iron Valiant|ability: Quark Drive|[fromitem]\n|-start|p2a: Iron Valiant|quarkdriveatk\n|-terastallize|p1a: Garganacl|Fairy\n|move|p1a: Garganacl|Salt Cure|p2a: Iron Valiant\n|-resisted|p2a: Iron Valiant\n|-damage|p2a: Iron Valiant|93\/100\n|-start|p2a: Iron Valiant|Salt Cure\n|\n|-damage|p2a: Iron Valiant|80\/100|[from] Salt Cure\n|upkeep\n|turn|8\n|inactive|AQWorld has 120 seconds left.\n|inactive|CorphishGamign has 120 seconds left.\n|\n|t:|1700728557\n|move|p2a: Iron Valiant|Knock Off|p1a: Garganacl\n|-resisted|p1a: Garganacl\n|-damage|p1a: Garganacl|88\/100\n|-enditem|p1a: Garganacl|Leftovers|[from] move: Knock Off|[of] p2a: Iron Valiant\n|move|p1a: Garganacl|Stealth Rock|p2a: Iron Valiant\n|-sidestart|p2: AQWorld|move: Stealth Rock\n|\n|-damage|p2a: Iron Valiant|68\/100|[from] Salt Cure\n|upkeep\n|turn|9\n|\n|t:|1700728565\n|move|p1a: Garganacl|Protect|p1a: Garganacl\n|-singleturn|p1a: Garganacl|Protect\n|move|p2a: Iron Valiant|Spirit Break|p1a: Garganacl\n|-activate|p1a: Garganacl|move: Protect\n|\n|-damage|p2a: Iron Valiant|56\/100|[from] Salt Cure\n|upkeep\n|turn|10\n|\n|t:|1700728571\n|-end|p2a: Iron Valiant|Quark Drive|[silent]\n|switch|p2a: Toxapex|Toxapex, M|100\/100\n|-damage|p2a: Toxapex|88\/100|[from] Stealth Rock\n|move|p1a: Garganacl|Recover|p1a: Garganacl\n|-heal|p1a: Garganacl|100\/100\n|\n|upkeep\n|turn|11\n|inactive|AQWorld has 120 seconds left.\n|\n|t:|1700728595\n|switch|p2a: Mandibuzz|Mandibuzz, F, tera:Poison|100\/100\n|move|p1a: Garganacl|Salt Cure|p2a: Mandibuzz\n|-damage|p2a: Mandibuzz|90\/100\n|-start|p2a: Mandibuzz|Salt Cure\n|\n|-damage|p2a: Mandibuzz|78\/100|[from] Salt Cure\n|upkeep\n|turn|12\n|\n|t:|1700728614\n|move|p2a: Mandibuzz|Defog|p1a: Garganacl\n|-unboost|p1a: Garganacl|evasion|1\n|-sideend|p2: AQWorld|Stealth Rock|[from] move: Defog|[of] p2a: Mandibuzz\n|move|p1a: Garganacl|Salt Cure|p2a: Mandibuzz\n|-damage|p2a: Mandibuzz|69\/100\n|\n|-damage|p2a: Mandibuzz|57\/100|[from] Salt Cure\n|upkeep\n|turn|13\n|inactive|AQWorld has 120 seconds left.\n|\n|t:|1700728625\n|move|p2a: Mandibuzz|Roost|p2a: Mandibuzz\n|-heal|p2a: Mandibuzz|100\/100\n|move|p1a: Garganacl|Salt Cure|p2a: Mandibuzz\n|-damage|p2a: Mandibuzz|91\/100\n|\n|-damage|p2a: Mandibuzz|79\/100|[from] Salt Cure\n|upkeep\n|turn|14\n|\n|t:|1700728630\n|move|p2a: Mandibuzz|U-turn|p1a: Garganacl\n|-resisted|p1a: Garganacl\n|-damage|p1a: Garganacl|97\/100\n|\n|t:|1700728635\n|switch|p2a: Armarouge|Armarouge, M|100\/100|[from] U-turn\n|move|p1a: Garganacl|Salt Cure|p2a: Armarouge\n|-supereffective|p2a: Armarouge\n|-crit|p2a: Armarouge\n|-damage|p2a: Armarouge|61\/100\n|-start|p2a: Armarouge|Salt Cure\n|-ability|p2a: Armarouge|Weak Armor|boost\n|-unboost|p2a: Armarouge|def|1\n|-boost|p2a: Armarouge|spe|2\n|-enditem|p2a: Armarouge|Weakness Policy\n|-boost|p2a: Armarouge|atk|2|[from] item: Weakness Policy\n|-boost|p2a: Armarouge|spa|2|[from] item: Weakness Policy\n|\n|-damage|p2a: Armarouge|49\/100|[from] Salt Cure\n|upkeep\n|turn|15\n|inactive|AQWorld has 120 seconds left.\n|\n|t:|1700728658\n|move|p1a: Garganacl|Protect|p1a: Garganacl\n|-singleturn|p1a: Garganacl|Protect\n|move|p2a: Armarouge|Stored Power|p1a: Garganacl\n|-activate|p1a: Garganacl|move: Protect\n|\n|-damage|p2a: Armarouge|36\/100|[from] Salt Cure\n|upkeep\n|turn|16\n|inactive|AQWorld has 120 seconds left.\n|\n|t:|1700728665\n|switch|p1a: Scizor|Scizor, F|66\/100\n|move|p2a: Armarouge|Stored Power|p1a: Scizor\n|-resisted|p1a: Scizor\n|-damage|p1a: Scizor|0 fnt\n|faint|p1a: Scizor\n|\n|-damage|p2a: Armarouge|24\/100|[from] Salt Cure\n|upkeep\n|inactive|CorphishGamign has 120 seconds left.\n|\n|t:|1700728699\n|switch|p1a: Rotom|Rotom-Wash|73\/100\n|turn|17\n|\n|t:|1700728704\n|move|p1a: Rotom|Protect|p1a: Rotom\n|-singleturn|p1a: Rotom|Protect\n|move|p2a: Armarouge|Stored Power|p1a: Rotom\n|-activate|p1a: Rotom|move: Protect\n|\n|-damage|p2a: Armarouge|12\/100|[from] Salt Cure\n|upkeep\n|turn|18\n|\n|t:|1700728711\n|move|p1a: Rotom|Protect||[still]\n|-fail|p1a: Rotom\n|move|p2a: Armarouge|Stored Power|p1a: Rotom\n|-damage|p1a: Rotom|0 fnt\n|faint|p1a: Rotom\n|\n|-damage|p2a: Armarouge|0 fnt|[from] Salt Cure\n|faint|p2a: Armarouge\n|upkeep\n|inactive|AQWorld has 120 seconds left.\n|\n|t:|1700728754\n|switch|p2a: Ogerpon|Ogerpon-Cornerstone, F|85\/100 par\n|switch|p1a: Garganacl|Garganacl, F, tera:Fairy|97\/100\n|turn|19\n|\n|t:|1700728765\n|cant|p2a: Ogerpon|par\n|move|p1a: Garganacl|Salt Cure|p2a: Ogerpon\n|-damage|p2a: Ogerpon|67\/100 par\n|-start|p2a: Ogerpon|Salt Cure\n|\n|-damage|p2a: Ogerpon|54\/100 par|[from] Salt Cure\n|upkeep\n|turn|20\n|inactive|AQWorld has 120 seconds left.\n|\n|t:|1700728776\n|move|p2a: Ogerpon|Horn Leech|p1a: Garganacl\n|-damage|p1a: Garganacl|71\/100\n|-heal|p2a: Ogerpon|72\/100 par|[from] drain|[of] p1a: Garganacl\n|move|p1a: Garganacl|Stealth Rock|p2a: Ogerpon\n|-sidestart|p2: AQWorld|move: Stealth Rock\n|\n|-damage|p2a: Ogerpon|60\/100 par|[from] Salt Cure\n|upkeep\n|turn|21\n|inactive|AQWorld has 120 seconds left.\n|\n|t:|1700728784\n|move|p1a: Garganacl|Protect|p1a: Garganacl\n|-singleturn|p1a: Garganacl|Protect\n|move|p2a: Ogerpon|Horn Leech|p1a: Garganacl\n|-activate|p1a: Garganacl|move: Protect\n|\n|-damage|p2a: Ogerpon|48\/100 par|[from] Salt Cure\n|upkeep\n|turn|22\n|\n|t:|1700728794\n|switch|p1a: Zamazenta|Zamazenta|100\/100\n|-ability|p1a: Zamazenta|Dauntless Shield|boost\n|-boost|p1a: Zamazenta|def|1\n|move|p2a: Ogerpon|Horn Leech|p1a: Zamazenta\n|-damage|p1a: Zamazenta|78\/100\n|-heal|p2a: Ogerpon|62\/100 par|[from] drain|[of] p1a: Zamazenta\n|\n|-heal|p1a: Zamazenta|84\/100|[from] item: Leftovers\n|-damage|p2a: Ogerpon|50\/100 par|[from] Salt Cure\n|upkeep\n|turn|23\n|\n|t:|1700728804\n|switch|p2a: Zapdos|Zapdos|100\/100\n|move|p1a: Zamazenta|Substitute|p1a: Zamazenta\n|-start|p1a: Zamazenta|Substitute\n|-damage|p1a: Zamazenta|59\/100\n|\n|-heal|p1a: Zamazenta|65\/100|[from] item: Leftovers\n|upkeep\n|turn|24\n|\n|t:|1700728814\n|move|p1a: Zamazenta|Iron Defense|p1a: Zamazenta\n|-boost|p1a: Zamazenta|def|2\n|move|p2a: Zapdos|Hurricane|p1a: Zamazenta|[miss]\n|-miss|p2a: Zapdos|p1a: Zamazenta\n|\n|-heal|p1a: Zamazenta|71\/100|[from] item: Leftovers\n|upkeep\n|turn|25\n|\n|t:|1700728824\n|move|p1a: Zamazenta|Iron Defense|p1a: Zamazenta\n|-boost|p1a: Zamazenta|def|2\n|move|p2a: Zapdos|Hurricane|p1a: Zamazenta|[miss]\n|-miss|p2a: Zapdos|p1a: Zamazenta\n|\n|-heal|p1a: Zamazenta|78\/100|[from] item: Leftovers\n|upkeep\n|turn|26\n|\n|t:|1700728828\n|move|p1a: Zamazenta|Body Press|p2a: Zapdos\n|-resisted|p2a: Zapdos\n|-damage|p2a: Zapdos|29\/100\n|move|p2a: Zapdos|Hurricane|p1a: Zamazenta|[miss]\n|-miss|p2a: Zapdos|p1a: Zamazenta\n|\n|-heal|p1a: Zamazenta|84\/100|[from] item: Leftovers\n|upkeep\n|turn|27\n|c|\u2606AQWorld|fukin loser\n|-message|AQWorld forfeited.\n|\n|win|CorphishGamign\n|raw|CorphishGamign's rating: 1040 &rarr; <strong>1083<\/strong><br \/>(+43 for winning)\n|raw|AQWorld's rating: 1135 &rarr; <strong>1103<\/strong><br \/>(-32 for losing)\n|l|\u2606AQWorld\n","uploadtime":1700728838,"views":2,"p1id":"corphishgamign","p2id":"aqworld","formatid":"gen9ou","rating":1083,"private":0,"password":""}