{"id":"gen9ou-1993180074","p1":"Im dumb srly","p2":"bleahey","format":"[Gen 9] OU","log":"|j|\u2606Im dumb srly\n|j|\u2606bleahey\n|inactive|Battle timer is ON: inactive players will automatically lose when time's up.\n|t:|1700274599\n|gametype|singles\n|player|p1|Im dumb srly|cheryl|\n|player|p2|bleahey|brendan|\n|teamsize|p1|3\n|teamsize|p2|3\n|gen|9\n|tier|[Gen 9] OU\n|rated|Tournament battle\n|rule|Sleep Clause Mod: Limit one foe put to sleep\n|rule|Species Clause: Limit one of each Pok\u00e9mon\n|rule|OHKO Clause: OHKO moves are banned\n|rule|Evasion Items Clause: Evasion items are banned\n|rule|Evasion Moves Clause: Evasion moves are banned\n|rule|Endless Battle Clause: Forcing endless battles is banned\n|rule|HP Percentage Mod: HP is shown in percentages\n|clearpoke\n|poke|p1|Drednaw, F|\n|poke|p1|Dragonite, M|\n|poke|p1|Crabrawler, F|\n|poke|p2|Noivern, M|\n|poke|p2|Sneasel, M|\n|poke|p2|Pawmot, M|\n|teampreview\n|j|*Lady Monita \u2746\n|inactive|bleahey also wants the timer to be on.\n|c|\u2606bleahey|glhf\n|c|\u2606Im dumb srly|U2\n|\n|t:|1700274611\n|start\n|switch|p1a: Crabrawler|Crabrawler, F, shiny|100\/100\n|switch|p2a: Sneasel|Sneasel, M|100\/100\n|turn|1\n|\n|t:|1700274621\n|move|p2a: Sneasel|Swords Dance|p2a: Sneasel\n|-boost|p2a: Sneasel|atk|2\n|move|p1a: Crabrawler|Drain Punch|p2a: Sneasel\n|-supereffective|p2a: Sneasel\n|-enditem|p2a: Sneasel|Focus Sash\n|-damage|p2a: Sneasel|1\/100\n|\n|upkeep\n|turn|2\n|\n|t:|1700274636\n|-terastallize|p2a: Sneasel|Ice\n|move|p2a: Sneasel|Icicle Crash|p1a: Crabrawler\n|-damage|p1a: Crabrawler|0 fnt\n|faint|p1a: Crabrawler\n|\n|upkeep\n|\n|t:|1700274641\n|switch|p1a: Dragonite|Dragonite, M, shiny|100\/100\n|turn|3\n|\n|t:|1700274643\n|move|p1a: Dragonite|Extreme Speed|p2a: Sneasel\n|-damage|p2a: Sneasel|0 fnt\n|faint|p2a: Sneasel\n|\n|upkeep\n|\n|t:|1700274653\n|switch|p2a: Noivern|Noivern, M|100\/100\n|-item|p1a: Dragonite|Choice Band|[from] ability: Frisk|[of] p2a: Noivern|[identify]\n|turn|4\n|\n|t:|1700274662\n|move|p1a: Dragonite|Extreme Speed|p2a: Noivern\n|-damage|p2a: Noivern|34\/100\n|move|p2a: Noivern|U-turn|p1a: Dragonite\n|-resisted|p1a: Dragonite\n|-damage|p1a: Dragonite|98\/100\n|\n|t:|1700274667\n|switch|p2a: Pawmot|Pawmot, M|100\/100|[from] U-turn\n|\n|upkeep\n|turn|5\n|\n|t:|1700274671\n|switch|p1a: Drednaw|Drednaw, F, shiny|100\/100\n|move|p2a: Pawmot|Double Shock|p1a: Drednaw\n|-supereffective|p1a: Drednaw\n|-enditem|p1a: Drednaw|Focus Sash\n|-damage|p1a: Drednaw|1\/100\n|-start|p2a: Pawmot|typechange|???\/Fighting|[from] move: Double Shock\n|-damage|p2a: Pawmot|91\/100|[from] item: Life Orb\n|\n|upkeep\n|turn|6\n|\n|t:|1700274675\n|move|p2a: Pawmot|Mach Punch|p1a: Drednaw\n|-supereffective|p1a: Drednaw\n|-damage|p1a: Drednaw|0 fnt\n|faint|p1a: Drednaw\n|-damage|p2a: Pawmot|81\/100|[from] item: Life Orb\n|\n|upkeep\n|\n|t:|1700274677\n|switch|p1a: Dragonite|Dragonite, M, shiny|98\/100\n|turn|7\n|\n|t:|1700274684\n|-terastallize|p1a: Dragonite|Normal\n|move|p1a: Dragonite|Extreme Speed|p2a: Pawmot\n|-damage|p2a: Pawmot|0 fnt\n|faint|p2a: Pawmot\n|\n|upkeep\n|c|\u2606bleahey|gg\n|\n|t:|1700274690\n|switch|p2a: Noivern|Noivern, M|34\/100\n|-item|p1a: Dragonite|Choice Band|[from] ability: Frisk|[of] p2a: Noivern|[identify]\n|turn|8\n|c|\u2606Im dumb srly|Gg\n|\n|t:|1700274695\n|move|p1a: Dragonite|Extreme Speed|p2a: Noivern\n|-damage|p2a: Noivern|0 fnt\n|faint|p2a: Noivern\n|\n|win|Im dumb srly\n|n|\u2606Im dumb srly|imdumbsrly\n|n|\u2606bleahey|bleahey\n|n|*Lady Monita \u2746|ladymonita\n","uploadtime":1700274697,"views":13,"p1id":"imdumbsrly","p2id":"bleahey","formatid":"gen9ou","rating":0,"private":0,"password":""}