{"id":"gen9ou-1997832376","p1":"GoTE Heartless","p2":"big wo chien","format":"[Gen 9] OU","log":"|j|\u2606GoTE Heartless\n|j|\u2606big wo chien\n|t:|1700857555\n|gametype|singles\n|player|p1|GoTE Heartless|guzma|1458\n|player|p2|big wo chien|266|1568\n|teamsize|p1|6\n|teamsize|p2|6\n|gen|9\n|tier|[Gen 9] OU\n|rated|\n|rule|Sleep Clause Mod: Limit one foe put to sleep\n|rule|Species Clause: Limit one of each Pok\u00e9mon\n|rule|OHKO Clause: OHKO moves are banned\n|rule|Evasion Items Clause: Evasion items are banned\n|rule|Evasion Moves Clause: Evasion moves are banned\n|rule|Endless Battle Clause: Forcing endless battles is banned\n|rule|HP Percentage Mod: HP is shown in percentages\n|clearpoke\n|poke|p1|Conkeldurr, M|\n|poke|p1|Gholdengo|\n|poke|p1|Rillaboom, F|\n|poke|p1|Cinderace, M|\n|poke|p1|Gardevoir, M|\n|poke|p1|Greninja-*, M|\n|poke|p2|Kingambit, F|\n|poke|p2|Glimmora, F|\n|poke|p2|Zamazenta-*|\n|poke|p2|Iron Valiant|\n|poke|p2|Iron Moth|\n|poke|p2|Ogerpon-Wellspring, F|\n|teampreview\n|inactive|Battle timer is ON: inactive players will automatically lose when time's up. (requested by big wo chien)\n|inactive|GoTE Heartless also wants the timer to be on.\n|inactive|big wo chien has 120 seconds left.\n|\n|t:|1700857592\n|start\n|switch|p1a: Cinderace|Cinderace, M|100\/100\n|switch|p2a: Ogerpon|Ogerpon-Wellspring, F|100\/100\n|turn|1\n|\n|t:|1700857604\n|move|p1a: Cinderace|U-turn|p2a: Ogerpon\n|-supereffective|p2a: Ogerpon\n|-damage|p2a: Ogerpon|49\/100\n|\n|t:|1700857607\n|switch|p1a: Rillaboom|Rillaboom, F|100\/100|[from] U-turn\n|-fieldstart|move: Grassy Terrain|[from] ability: Grassy Surge|[of] p1a: Rillaboom\n|move|p2a: Ogerpon|Ivy Cudgel|p1a: Rillaboom|[anim] Ivy Cudgel Water\n|-resisted|p1a: Rillaboom\n|-crit|p1a: Rillaboom\n|-damage|p1a: Rillaboom|54\/100\n|\n|-heal|p2a: Ogerpon|55\/100|[from] Grassy Terrain\n|-heal|p1a: Rillaboom|60\/100|[from] Grassy Terrain\n|upkeep\n|turn|2\n|\n|t:|1700857618\n|switch|p2a: Iron Moth|Iron Moth|100\/100\n|-enditem|p2a: Iron Moth|Booster Energy\n|-activate|p2a: Iron Moth|ability: Quark Drive|[fromitem]\n|-start|p2a: Iron Moth|quarkdrivespe\n|move|p1a: Rillaboom|U-turn|p2a: Iron Moth\n|-resisted|p2a: Iron Moth\n|-damage|p2a: Iron Moth|86\/100\n|\n|t:|1700857629\n|switch|p1a: Conkeldurr|Conkeldurr, M|100\/100|[from] U-turn\n|\n|-heal|p2a: Iron Moth|92\/100|[from] Grassy Terrain\n|-status|p1a: Conkeldurr|brn|[from] item: Flame Orb\n|upkeep\n|turn|3\n|\n|t:|1700857637\n|move|p2a: Iron Moth|Substitute|p2a: Iron Moth\n|-start|p2a: Iron Moth|Substitute\n|-damage|p2a: Iron Moth|67\/100\n|move|p1a: Conkeldurr|Facade|p2a: Iron Moth\n|-end|p2a: Iron Moth|Substitute\n|\n|-heal|p2a: Iron Moth|73\/100|[from] Grassy Terrain\n|-damage|p1a: Conkeldurr|94\/100 brn|[from] brn\n|upkeep\n|turn|4\n|\n|t:|1700857656\n|move|p2a: Iron Moth|Substitute|p2a: Iron Moth\n|-start|p2a: Iron Moth|Substitute\n|-damage|p2a: Iron Moth|48\/100\n|move|p1a: Conkeldurr|Facade|p2a: Iron Moth\n|-end|p2a: Iron Moth|Substitute\n|\n|-heal|p2a: Iron Moth|54\/100|[from] Grassy Terrain\n|-heal|p1a: Conkeldurr|100\/100 brn|[from] Grassy Terrain\n|-damage|p1a: Conkeldurr|94\/100 brn|[from] brn\n|upkeep\n|turn|5\n|\n|t:|1700857672\n|-end|p2a: Iron Moth|Quark Drive|[silent]\n|switch|p2a: Glimmora|Glimmora, F|100\/100\n|move|p1a: Conkeldurr|Facade|p2a: Glimmora\n|-resisted|p2a: Glimmora\n|-damage|p2a: Glimmora|50\/100\n|-activate|p2a: Glimmora|ability: Toxic Debris\n|-sidestart|p1: GoTE Heartless|move: Toxic Spikes\n|\n|-heal|p2a: Glimmora|56\/100|[from] Grassy Terrain\n|-heal|p1a: Conkeldurr|100\/100 brn|[from] Grassy Terrain\n|-damage|p1a: Conkeldurr|94\/100 brn|[from] brn\n|-fieldend|move: Grassy Terrain\n|upkeep\n|turn|6\n|\n|t:|1700857685\n|move|p2a: Glimmora|Stealth Rock|p1a: Conkeldurr\n|-sidestart|p1: GoTE Heartless|move: Stealth Rock\n|move|p1a: Conkeldurr|Knock Off|p2a: Glimmora\n|-damage|p2a: Glimmora|0 fnt\n|-activate|p2a: Glimmora|ability: Toxic Debris\n|-sidestart|p1: GoTE Heartless|move: Toxic Spikes\n|-enditem|p2a: Glimmora|Focus Sash|[from] move: Knock Off|[of] p1a: Conkeldurr\n|faint|p2a: Glimmora\n|\n|-damage|p1a: Conkeldurr|88\/100 brn|[from] brn\n|upkeep\n|inactive|big wo chien has 120 seconds left.\n|\n|t:|1700857702\n|switch|p2a: Iron Valiant|Iron Valiant|100\/100\n|-enditem|p2a: Iron Valiant|Booster Energy\n|-activate|p2a: Iron Valiant|ability: Quark Drive|[fromitem]\n|-start|p2a: Iron Valiant|quarkdrivespe\n|turn|7\n|\n|t:|1700857707\n|switch|p1a: Gholdengo|Gholdengo|100\/100\n|-damage|p1a: Gholdengo|94\/100|[from] Stealth Rock\n|-item|p1a: Gholdengo|Air Balloon\n|move|p2a: Iron Valiant|Moonblast|p1a: Gholdengo\n|-resisted|p1a: Gholdengo\n|-damage|p1a: Gholdengo|68\/100\n|-enditem|p1a: Gholdengo|Air Balloon\n|\n|upkeep\n|turn|8\n|\n|t:|1700857721\n|-end|p2a: Iron Valiant|Quark Drive|[silent]\n|switch|p2a: Iron Moth|Iron Moth|54\/100\n|move|p1a: Gholdengo|Make It Rain|p2a: Iron Moth\n|-resisted|p2a: Iron Moth\n|-damage|p2a: Iron Moth|19\/100\n|-unboost|p1a: Gholdengo|spa|1\n|\n|upkeep\n|turn|9\n|\n|t:|1700857731\n|switch|p1a: Cinderace|Cinderace, M|100\/100\n|move|p2a: Iron Moth|Fiery Dance|p1a: Cinderace\n|-resisted|p1a: Cinderace\n|-damage|p1a: Cinderace|74\/100\n|\n|upkeep\n|turn|10\n|\n|t:|1700857738\n|move|p1a: Cinderace|Court Change|p1a: Cinderace\n|-swapsideconditions\n|-activate|p1a: Cinderace|move: Court Change\n|move|p2a: Iron Moth|Sludge Wave|p1a: Cinderace\n|-crit|p1a: Cinderace\n|-damage|p1a: Cinderace|0 fnt\n|faint|p1a: Cinderace\n|\n|upkeep\n|\n|t:|1700857744\n|switch|p1a: Rillaboom|Rillaboom, F|60\/100\n|-fieldstart|move: Grassy Terrain|[from] ability: Grassy Surge|[of] p1a: Rillaboom\n|turn|11\n|\n|t:|1700857749\n|move|p1a: Rillaboom|Grassy Glide|p2a: Iron Moth\n|-resisted|p2a: Iron Moth\n|-damage|p2a: Iron Moth|0 fnt\n|faint|p2a: Iron Moth\n|-end|p2a: Iron Moth|Quark Drive|[silent]\n|\n|-heal|p1a: Rillaboom|67\/100|[from] Grassy Terrain\n|upkeep\n|\n|t:|1700857769\n|switch|p2a: Zamazenta|Zamazenta, shiny|100\/100\n|-status|p2a: Zamazenta|tox\n|-damage|p2a: Zamazenta|94\/100 tox|[from] Stealth Rock\n|-ability|p2a: Zamazenta|Dauntless Shield|boost\n|-boost|p2a: Zamazenta|def|1\n|turn|12\n|\n|t:|1700857780\n|switch|p1a: Gardevoir|Gardevoir, M|100\/100\n|-ability|p1a: Gardevoir|Dauntless Shield|boost\n|-boost|p1a: Gardevoir|def|1\n|-ability|p1a: Gardevoir|Dauntless Shield|[from] ability: Trace|[of] p2a: Zamazenta\n|move|p2a: Zamazenta|Crunch|p1a: Gardevoir\n|-damage|p1a: Gardevoir|71\/100\n|\n|-heal|p1a: Gardevoir|77\/100|[from] Grassy Terrain\n|-heal|p2a: Zamazenta|100\/100 tox|[from] Grassy Terrain\n|-damage|p2a: Zamazenta|94\/100 tox|[from] psn\n|upkeep\n|turn|13\n|\n|t:|1700857796\n|switch|p2a: Kingambit|Kingambit, F|100\/100\n|-damage|p2a: Kingambit|94\/100|[from] Stealth Rock\n|-activate|p2a: Kingambit|ability: Supreme Overlord\n|-start|p2a: Kingambit|fallen2|[silent]\n|move|p1a: Gardevoir|Moonblast|p2a: Kingambit\n|-damage|p2a: Kingambit|34\/100\n|\n|-heal|p1a: Gardevoir|83\/100|[from] Grassy Terrain\n|-heal|p2a: Kingambit|40\/100|[from] Grassy Terrain\n|upkeep\n|turn|14\n|\n|t:|1700857803\n|move|p2a: Kingambit|Sucker Punch|p1a: Gardevoir\n|-damage|p1a: Gardevoir|15\/100\n|move|p1a: Gardevoir|Moonblast|p2a: Kingambit\n|-damage|p2a: Kingambit|0 fnt\n|faint|p2a: Kingambit\n|-end|p2a: Kingambit|fallen2|[silent]\n|\n|-heal|p1a: Gardevoir|21\/100|[from] Grassy Terrain\n|upkeep\n|\n|t:|1700857812\n|switch|p2a: Iron Valiant|Iron Valiant|100\/100\n|-status|p2a: Iron Valiant|tox\n|-damage|p2a: Iron Valiant|94\/100 tox|[from] Stealth Rock\n|turn|15\n|\n|t:|1700857818\n|move|p1a: Gardevoir|Moonblast|p2a: Iron Valiant\n|-supereffective|p2a: Iron Valiant\n|-damage|p2a: Iron Valiant|0 fnt\n|faint|p2a: Iron Valiant\n|-end|p2a: Iron Valiant|Quark Drive|[silent]\n|\n|-heal|p1a: Gardevoir|27\/100|[from] Grassy Terrain\n|-fieldend|move: Grassy Terrain\n|upkeep\n|-message|big wo chien forfeited.\n|\n|win|GoTE Heartless\n|raw|GoTE Heartless's rating: 1458 &rarr; <strong>1484<\/strong><br \/>(+26 for winning)\n|raw|big wo chien's rating: 1568 &rarr; <strong>1542<\/strong><br \/>(-26 for losing)\n|l|\u2606big wo chien\n","uploadtime":1700857828,"views":2,"p1id":"goteheartless","p2id":"bigwochien","formatid":"gen9ou","rating":1484,"private":0,"password":""}