{"id":"gen9ou-1994130789","p1":"zshmoneyy","p2":"swampass911","format":"[Gen 9] OU","log":"|j|\u2606zshmoneyy\n|j|\u2606swampass911\n|t:|1700410514\n|gametype|singles\n|player|p1|zshmoneyy|clerk-unite|1410\n|player|p2|swampass911|swimmerf|1565\n|teamsize|p1|6\n|teamsize|p2|6\n|gen|9\n|tier|[Gen 9] OU\n|rated|\n|rule|Sleep Clause Mod: Limit one foe put to sleep\n|rule|Species Clause: Limit one of each Pok\u00e9mon\n|rule|OHKO Clause: OHKO moves are banned\n|rule|Evasion Items Clause: Evasion items are banned\n|rule|Evasion Moves Clause: Evasion moves are banned\n|rule|Endless Battle Clause: Forcing endless battles is banned\n|rule|HP Percentage Mod: HP is shown in percentages\n|clearpoke\n|poke|p1|Kingambit, M|\n|poke|p1|Cinderace, M|\n|poke|p1|Manaphy|\n|poke|p1|Gholdengo|\n|poke|p1|Dragonite, F|\n|poke|p1|Slowking-Galar, M|\n|poke|p2|Clefable, M|\n|poke|p2|Cinderace, M|\n|poke|p2|Lokix, M|\n|poke|p2|Rillaboom, M|\n|poke|p2|Sneasler, M|\n|poke|p2|Heatran, F|\n|teampreview\n|inactive|Battle timer is ON: inactive players will automatically lose when time's up. (requested by swampass911)\n|\n|t:|1700410537\n|start\n|switch|p1a: Dragonite|Dragonite, F|100\/100\n|switch|p2a: Lokix|Lokix, M|100\/100\n|turn|1\n|\n|t:|1700410545\n|move|p2a: Lokix|Knock Off|p1a: Dragonite\n|-damage|p1a: Dragonite|69\/100\n|-enditem|p1a: Dragonite|Heavy-Duty Boots|[from] move: Knock Off|[of] p2a: Lokix\n|move|p1a: Dragonite|Roost|p1a: Dragonite\n|-heal|p1a: Dragonite|100\/100\n|-singleturn|p1a: Dragonite|move: Roost\n|\n|upkeep\n|turn|2\n|\n|t:|1700410563\n|switch|p2a: Clefable|Clefable, M|100\/100\n|move|p1a: Dragonite|Extreme Speed|p2a: Clefable\n|-damage|p2a: Clefable|75\/100\n|\n|-heal|p2a: Clefable|81\/100|[from] item: Leftovers\n|upkeep\n|turn|3\n|\n|t:|1700410573\n|switch|p1a: Slowking|Slowking-Galar, M|100\/100\n|move|p2a: Clefable|Moonblast|p1a: Slowking\n|-resisted|p1a: Slowking\n|-damage|p1a: Slowking|88\/100\n|-unboost|p1a: Slowking|spa|1\n|\n|-heal|p2a: Clefable|87\/100|[from] item: Leftovers\n|upkeep\n|turn|4\n|\n|t:|1700410583\n|switch|p2a: Heatran|Heatran, F|100\/100\n|move|p1a: Slowking|Future Sight|p2a: Heatran\n|-start|p1a: Slowking|move: Future Sight\n|\n|upkeep\n|turn|5\n|\n|t:|1700410590\n|move|p2a: Heatran|Stealth Rock|p1a: Slowking\n|-sidestart|p1: zshmoneyy|move: Stealth Rock\n|move|p1a: Slowking|Chilly Reception|p1a: Slowking\n|-weather|Snow\n|\n|t:|1700410596\n|switch|p1a: Fire Fist Sabo\ud83d\udd25|Cinderace, M|100\/100|[from] Chilly Reception\n|\n|-weather|Snow|[upkeep]\n|upkeep\n|turn|6\n|\n|t:|1700410602\n|move|p1a: Fire Fist Sabo\ud83d\udd25|High Jump Kick|p2a: Heatran\n|-start|p1a: Fire Fist Sabo\ud83d\udd25|typechange|Fighting|[from] ability: Libero\n|-supereffective|p2a: Heatran\n|-damage|p2a: Heatran|0 fnt\n|faint|p2a: Heatran\n|\n|-weather|Snow|[upkeep]\n|-hint|Future Sight did not hit because the target is fainted.\n|upkeep\n|inactive|swampass911 has 120 seconds left.\n|inactive|swampass911 has 90 seconds left.\n|\n|t:|1700410664\n|switch|p2a: Clefable|Clefable, M|87\/100\n|turn|7\n|\n|t:|1700410672\n|switch|p1a: Slowking|Slowking-Galar, M|88\/100\n|move|p2a: Clefable|Cosmic Power|p2a: Clefable\n|-boost|p2a: Clefable|def|1\n|-boost|p2a: Clefable|spd|1\n|\n|-weather|Snow|[upkeep]\n|-heal|p2a: Clefable|93\/100|[from] item: Leftovers\n|upkeep\n|turn|8\n|\n|t:|1700410681\n|move|p2a: Clefable|Cosmic Power|p2a: Clefable\n|-boost|p2a: Clefable|def|1\n|-boost|p2a: Clefable|spd|1\n|move|p1a: Slowking|Sludge Bomb|p2a: Clefable\n|-supereffective|p2a: Clefable\n|-damage|p2a: Clefable|59\/100\n|\n|-weather|Snow|[upkeep]\n|-heal|p2a: Clefable|65\/100|[from] item: Leftovers\n|upkeep\n|turn|9\n|\n|t:|1700410702\n|switch|p1a: Gholdengo|Gholdengo|100\/100\n|-damage|p1a: Gholdengo|94\/100|[from] Stealth Rock\n|-terastallize|p2a: Clefable|Poison\n|move|p2a: Clefable|Cosmic Power|p2a: Clefable\n|-boost|p2a: Clefable|def|1\n|-boost|p2a: Clefable|spd|1\n|\n|-weather|none\n|-heal|p2a: Clefable|72\/100|[from] item: Leftovers\n|upkeep\n|turn|10\n|inactive|swampass911 has 120 seconds left.\n|\n|t:|1700410712\n|move|p1a: Gholdengo|Trick|p2a: Clefable\n|-activate|p1a: Gholdengo|move: Trick|[of] p2a: Clefable\n|-item|p2a: Clefable|Choice Scarf|[from] move: Trick\n|-item|p1a: Gholdengo|Leftovers|[from] move: Trick\n|move|p2a: Clefable|Moonlight|p2a: Clefable\n|-heal|p2a: Clefable|100\/100\n|\n|-heal|p1a: Gholdengo|100\/100|[from] item: Leftovers\n|upkeep\n|turn|11\n|inactive|swampass911 has 120 seconds left.\n|inactive|zshmoneyy has 120 seconds left.\n|\n|t:|1700410738\n|switch|p2a: Cinderace|Cinderace, M|100\/100\n|move|p1a: Gholdengo|Make It Rain|p2a: Cinderace\n|-resisted|p2a: Cinderace\n|-damage|p2a: Cinderace|62\/100\n|-unboost|p1a: Gholdengo|spa|1\n|\n|upkeep\n|turn|12\n|inactive|zshmoneyy has 120 seconds left.\n|inactive|swampass911 has 120 seconds left.\n|\n|t:|1700410752\n|switch|p1a: Slowking|Slowking-Galar, M|88\/100\n|move|p2a: Cinderace|U-turn|p1a: Slowking\n|-start|p2a: Cinderace|typechange|Bug|[from] ability: Libero\n|-damage|p1a: Slowking|66\/100\n|inactive|swampass911 has 120 seconds left.\n|\n|t:|1700410767\n|switch|p2a: Rillaboom|Rillaboom, M|100\/100|[from] U-turn\n|-fieldstart|move: Grassy Terrain|[from] ability: Grassy Surge|[of] p2a: Rillaboom\n|\n|-heal|p1a: Slowking|72\/100|[from] Grassy Terrain\n|upkeep\n|turn|13\n|inactive|zshmoneyy has 120 seconds left.\n|inactive|zshmoneyy has 90 seconds left.\n|\n|t:|1700410816\n|switch|p1a: Gholdengo|Gholdengo|100\/100\n|-damage|p1a: Gholdengo|94\/100|[from] Stealth Rock\n|move|p2a: Rillaboom|U-turn|p1a: Gholdengo\n|-resisted|p1a: Gholdengo\n|-damage|p1a: Gholdengo|83\/100\n|inactive|swampass911 has 120 seconds left.\n|\n|t:|1700410846\n|switch|p2a: Cinderace|Cinderace, M|62\/100|[from] U-turn\n|\n|-heal|p2a: Cinderace|68\/100|[from] Grassy Terrain\n|-heal|p1a: Gholdengo|89\/100|[from] Grassy Terrain\n|-heal|p1a: Gholdengo|95\/100|[from] item: Leftovers\n|upkeep\n|turn|14\n|c|\u2606zshmoneyy|sneasler got banned :\/\n|inactive|zshmoneyy has 90 seconds left.\n|c|\u2606swampass911|oh I didn't know :(\n|c|\u2606zshmoneyy|like 30 mins ago\n|\n|t:|1700410878\n|switch|p1a: Poseidon|Manaphy|100\/100\n|-damage|p1a: Poseidon|88\/100|[from] Stealth Rock\n|move|p2a: Cinderace|Pyro Ball|p1a: Poseidon\n|-resisted|p1a: Poseidon\n|-damage|p1a: Poseidon|68\/100\n|\n|-heal|p2a: Cinderace|74\/100|[from] Grassy Terrain\n|-heal|p1a: Poseidon|74\/100|[from] Grassy Terrain\n|-heal|p1a: Poseidon|80\/100|[from] item: Leftovers\n|upkeep\n|turn|15\n|inactive|swampass911 has 120 seconds left.\n|c|\u2606zshmoneyy|banning everything\n|c|\u2606zshmoneyy|lmao\n|c|\u2606swampass911|yep really dumb lol\n|\n|t:|1700410902\n|move|p2a: Cinderace|U-turn|p1a: Poseidon\n|-start|p2a: Cinderace|typechange|Bug|[from] ability: Libero\n|-damage|p1a: Poseidon|57\/100\n|inactive|swampass911 has 120 seconds left.\n|\n|t:|1700410914\n|switch|p2a: Lokix|Lokix, M|100\/100|[from] U-turn\n|move|p1a: Poseidon|Acid Armor|p1a: Poseidon\n|-boost|p1a: Poseidon|def|2\n|\n|-heal|p1a: Poseidon|63\/100|[from] Grassy Terrain\n|-heal|p1a: Poseidon|70\/100|[from] item: Leftovers\n|upkeep\n|turn|16\n|\n|t:|1700410932\n|move|p2a: Lokix|U-turn|p1a: Poseidon\n|-damage|p1a: Poseidon|49\/100\n|inactive|swampass911 has 120 seconds left.\n|\n|t:|1700410944\n|switch|p2a: Clefable|Clefable, M, tera:Poison|100\/100|[from] U-turn\n|move|p1a: Poseidon|Scald|p2a: Clefable\n|-damage|p2a: Clefable|66\/100\n|\n|-heal|p1a: Poseidon|55\/100|[from] Grassy Terrain\n|-heal|p1a: Poseidon|62\/100|[from] item: Leftovers\n|-heal|p2a: Clefable|72\/100|[from] Grassy Terrain\n|-fieldend|move: Grassy Terrain\n|upkeep\n|turn|17\n|\n|t:|1700410958\n|move|p1a: Poseidon|Take Heart|p1a: Poseidon\n|-boost|p1a: Poseidon|spa|1\n|-boost|p1a: Poseidon|spd|1\n|move|p2a: Clefable|Moonblast|p1a: Poseidon\n|-damage|p1a: Poseidon|35\/100\n|\n|-heal|p1a: Poseidon|42\/100|[from] item: Leftovers\n|upkeep\n|turn|18\n|\n|t:|1700410968\n|move|p1a: Poseidon|Stored Power|p2a: Clefable\n|-supereffective|p2a: Clefable\n|-damage|p2a: Clefable|15\/100\n|move|p2a: Clefable|Moonblast|p1a: Poseidon\n|-damage|p1a: Poseidon|15\/100\n|\n|-heal|p1a: Poseidon|21\/100|[from] item: Leftovers\n|upkeep\n|turn|19\n|\n|t:|1700410981\n|move|p1a: Poseidon|Scald|p2a: Clefable\n|-crit|p2a: Clefable\n|-damage|p2a: Clefable|0 fnt\n|faint|p2a: Clefable\n|\n|-heal|p1a: Poseidon|27\/100|[from] item: Leftovers\n|upkeep\n|\n|t:|1700410984\n|switch|p2a: Rillaboom|Rillaboom, M|100\/100\n|-fieldstart|move: Grassy Terrain|[from] ability: Grassy Surge|[of] p2a: Rillaboom\n|turn|20\n|\n|t:|1700411005\n|move|p2a: Rillaboom|U-turn|p1a: Poseidon\n|-damage|p1a: Poseidon|10\/100\n|\n|t:|1700411008\n|switch|p2a: Lokix|Lokix, M|100\/100|[from] U-turn\n|move|p1a: Poseidon|Stored Power|p2a: Lokix\n|-immune|p2a: Lokix\n|\n|-heal|p1a: Poseidon|16\/100|[from] Grassy Terrain\n|-heal|p1a: Poseidon|22\/100|[from] item: Leftovers\n|upkeep\n|turn|21\n|\n|t:|1700411018\n|move|p2a: Lokix|U-turn|p1a: Poseidon\n|-damage|p1a: Poseidon|0 fnt\n|faint|p1a: Poseidon\n|\n|t:|1700411026\n|switch|p2a: Cinderace|Cinderace, M|74\/100|[from] U-turn\n|\n|-heal|p2a: Cinderace|81\/100|[from] Grassy Terrain\n|upkeep\n|\n|t:|1700411034\n|switch|p1a: Fire Fist Sabo\ud83d\udd25|Cinderace, M|100\/100\n|turn|22\n|\n|t:|1700411054\n|move|p1a: Fire Fist Sabo\ud83d\udd25|Court Change|p1a: Fire Fist Sabo\ud83d\udd25\n|-start|p1a: Fire Fist Sabo\ud83d\udd25|typechange|Normal|[from] ability: Libero\n|-swapsideconditions\n|-activate|p1a: Fire Fist Sabo\ud83d\udd25|move: Court Change\n|move|p2a: Cinderace|Will-O-Wisp|p1a: Fire Fist Sabo\ud83d\udd25\n|-status|p1a: Fire Fist Sabo\ud83d\udd25|brn\n|\n|-heal|p2a: Cinderace|87\/100|[from] Grassy Terrain\n|-damage|p1a: Fire Fist Sabo\ud83d\udd25|95\/100 brn|[from] brn\n|upkeep\n|turn|23\n|inactive|zshmoneyy has 60 seconds left.\n|\n|t:|1700411084\n|move|p1a: Fire Fist Sabo\ud83d\udd25|High Jump Kick|p2a: Cinderace\n|-damage|p2a: Cinderace|59\/100\n|move|p2a: Cinderace|Court Change|p2a: Cinderace\n|-start|p2a: Cinderace|typechange|Normal|[from] ability: Libero\n|-swapsideconditions\n|-activate|p2a: Cinderace|move: Court Change\n|\n|-heal|p2a: Cinderace|65\/100|[from] Grassy Terrain\n|-heal|p1a: Fire Fist Sabo\ud83d\udd25|100\/100 brn|[from] Grassy Terrain\n|-damage|p1a: Fire Fist Sabo\ud83d\udd25|95\/100 brn|[from] brn\n|upkeep\n|turn|24\n|inactive|zshmoneyy has 60 seconds left.\n|\n|t:|1700411101\n|switch|p2a: Lokix|Lokix, M|100\/100\n|move|p1a: Fire Fist Sabo\ud83d\udd25|High Jump Kick|p2a: Lokix\n|-crit|p2a: Lokix\n|-damage|p2a: Lokix|54\/100\n|\n|-heal|p1a: Fire Fist Sabo\ud83d\udd25|100\/100 brn|[from] Grassy Terrain\n|-heal|p2a: Lokix|60\/100|[from] Grassy Terrain\n|-damage|p1a: Fire Fist Sabo\ud83d\udd25|95\/100 brn|[from] brn\n|-fieldend|move: Grassy Terrain\n|upkeep\n|turn|25\n|inactive|zshmoneyy has 60 seconds left.\n|\n|t:|1700411120\n|move|p2a: Lokix|First Impression|p1a: Fire Fist Sabo\ud83d\udd25\n|-damage|p1a: Fire Fist Sabo\ud83d\udd25|0 fnt\n|faint|p1a: Fire Fist Sabo\ud83d\udd25\n|\n|upkeep\n|inactive|zshmoneyy has 30 seconds left.\n|\n|t:|1700411154\n|switch|p1a: ShankZ(YONKO BRUH)|Kingambit, M|100\/100\n|-damage|p1a: ShankZ(YONKO BRUH)|94\/100|[from] Stealth Rock\n|-activate|p1a: ShankZ(YONKO BRUH)|ability: Supreme Overlord\n|-start|p1a: ShankZ(YONKO BRUH)|fallen2|[silent]\n|turn|26\n|inactive|zshmoneyy has 30 seconds left.\n|inactive|zshmoneyy has 20 seconds left.\n|inactive|zshmoneyy has 15 seconds left.\n|inactive|swampass911 has 120 seconds left.\n|\n|t:|1700411193\n|switch|p2a: Cinderace|Cinderace, M|65\/100\n|-terastallize|p1a: ShankZ(YONKO BRUH)|Flying\n|move|p1a: ShankZ(YONKO BRUH)|Tera Blast|p2a: Cinderace|[anim] Tera Blast Flying\n|-damage|p2a: Cinderace|0 fnt\n|faint|p2a: Cinderace\n|\n|upkeep\n|inactive|zshmoneyy has 20 seconds left this turn.\n|\n|t:|1700411205\n|switch|p2a: Rillaboom|Rillaboom, M|100\/100\n|-fieldstart|move: Grassy Terrain|[from] ability: Grassy Surge|[of] p2a: Rillaboom\n|turn|27\n|inactive|zshmoneyy has 30 seconds left this turn.\n|\n|t:|1700411211\n|move|p2a: Rillaboom|Wood Hammer|p1a: ShankZ(YONKO BRUH)\n|-resisted|p1a: ShankZ(YONKO BRUH)\n|-damage|p1a: ShankZ(YONKO BRUH)|47\/100\n|-damage|p2a: Rillaboom|82\/100|[from] Recoil\n|move|p1a: ShankZ(YONKO BRUH)|Tera Blast|p2a: Rillaboom|[anim] Tera Blast Flying\n|-supereffective|p2a: Rillaboom\n|-damage|p2a: Rillaboom|0 fnt\n|faint|p2a: Rillaboom\n|\n|upkeep\n|inactive|zshmoneyy has 30 seconds left this turn.\n|inactive|swampass911 has 120 seconds left.\n|\n|t:|1700411221\n|switch|p2a: Sneasler|Sneasler, M|100\/100\n|-enditem|p2a: Sneasler|Grassy Seed\n|-boost|p2a: Sneasler|def|1|[from] item: Grassy Seed\n|turn|28\n|inactive|swampass911 has 120 seconds left.\n|inactive|zshmoneyy has 30 seconds left.\n|\n|t:|1700411239\n|-end|p1a: ShankZ(YONKO BRUH)|fallen2|[silent]\n|switch|p1a: Slowking|Slowking-Galar, M|72\/100\n|move|p2a: Sneasler|Swords Dance|p2a: Sneasler\n|-boost|p2a: Sneasler|atk|2\n|\n|-heal|p1a: Slowking|78\/100|[from] Grassy Terrain\n|upkeep\n|turn|29\n|inactive|zshmoneyy has 30 seconds left.\n|inactive|swampass911 has 120 seconds left.\n|\n|t:|1700411253\n|move|p2a: Sneasler|Acrobatics|p1a: Slowking\n|-damage|p1a: Slowking|16\/100\n|move|p1a: Slowking|Future Sight|p2a: Sneasler\n|-start|p1a: Slowking|move: Future Sight\n|\n|-heal|p1a: Slowking|22\/100|[from] Grassy Terrain\n|upkeep\n|turn|30\n|inactive|zshmoneyy has 30 seconds left.\n|inactive|zshmoneyy has 20 seconds left.\n|\n|t:|1700411269\n|move|p2a: Sneasler|Acrobatics|p1a: Slowking\n|-damage|p1a: Slowking|0 fnt\n|faint|p1a: Slowking\n|\n|upkeep\n|inactive|zshmoneyy has 25 seconds left this turn.\n|inactive|zshmoneyy has 20 seconds left.\n|\n|t:|1700411278\n|switch|p1a: Gholdengo|Gholdengo|95\/100\n|-damage|p1a: Gholdengo|89\/100|[from] Stealth Rock\n|turn|31\n|inactive|zshmoneyy has 30 seconds left this turn.\n|\n|t:|1700411285\n|move|p2a: Sneasler|Acrobatics|p1a: Gholdengo\n|-resisted|p1a: Gholdengo\n|-damage|p1a: Gholdengo|40\/100\n|move|p1a: Gholdengo|Make It Rain|p2a: Sneasler\n|-damage|p2a: Sneasler|24\/100\n|-unboost|p1a: Gholdengo|spa|1\n|\n|-end|p2a: Sneasler|move: Future Sight\n|-supereffective|p2a: Sneasler\n|-damage|p2a: Sneasler|0 fnt\n|faint|p2a: Sneasler\n|-heal|p1a: Gholdengo|46\/100|[from] Grassy Terrain\n|-heal|p1a: Gholdengo|52\/100|[from] item: Leftovers\n|-fieldend|move: Grassy Terrain\n|upkeep\n|inactive|zshmoneyy has 30 seconds left this turn.\n|\n|t:|1700411288\n|switch|p2a: Lokix|Lokix, M|60\/100\n|turn|32\n|inactive|zshmoneyy has 30 seconds left.\n|\n|t:|1700411306\n|move|p1a: Gholdengo|Make It Rain|p2a: Lokix\n|-damage|p2a: Lokix|0 fnt\n|-unboost|p1a: Gholdengo|spa|1\n|faint|p2a: Lokix\n|\n|win|zshmoneyy\n|inactive|zshmoneyy has 30 seconds left this turn.\n|raw|zshmoneyy's rating: 1410 &rarr; <strong>1438<\/strong><br \/>(+28 for winning)\n|raw|swampass911's rating: 1565 &rarr; <strong>1537<\/strong><br \/>(-28 for losing)\n|c|\u2606swampass911|gg\n|c|\u2606zshmoneyy|gg\n|l|\u2606swampass911\n","uploadtime":1700411320,"views":6,"p1id":"zshmoneyy","p2id":"swampass911","formatid":"gen9ou","rating":1438,"private":0,"password":""}