{"id":"gen9ou-2000071769","p1":"Shuckle15","p2":"Im dumb srly","format":"[Gen 9] OU","log":"|j|\u2606Shuckle15\n|j|\u2606Im dumb srly\n|inactive|Battle timer is ON: inactive players will automatically lose when time's up.\n|t:|1701149583\n|gametype|singles\n|player|p1|Shuckle15|cynthia-gen4|\n|player|p2|Im dumb srly|cheryl|\n|teamsize|p1|3\n|teamsize|p2|3\n|gen|9\n|tier|[Gen 9] OU\n|rated|Tournament battle\n|rule|Sleep Clause Mod: Limit one foe put to sleep\n|rule|Species Clause: Limit one of each Pok\u00e9mon\n|rule|OHKO Clause: OHKO moves are banned\n|rule|Evasion Items Clause: Evasion items are banned\n|rule|Evasion Moves Clause: Evasion moves are banned\n|rule|Endless Battle Clause: Forcing endless battles is banned\n|rule|HP Percentage Mod: HP is shown in percentages\n|clearpoke\n|poke|p1|Weavile, F|\n|poke|p1|Skeledirge, F|\n|poke|p1|Qwilfish-Hisui, F|\n|poke|p2|Haxorus, F|\n|poke|p2|Staravia, M|\n|poke|p2|Meowscarada, F|\n|teampreview\n|j|*Lady Monita \u2746\n|inactive|Shuckle15 also wants the timer to be on.\n|\n|t:|1701149594\n|start\n|switch|p1a: Qwilfish|Qwilfish-Hisui, F|100\/100\n|switch|p2a: Staravia|Staravia, M, shiny|100\/100\n|-ability|p2a: Staravia|Intimidate|boost\n|-unboost|p1a: Qwilfish|atk|1\n|-ability|p1a: Qwilfish|Intimidate|boost\n|-unboost|p2a: Staravia|atk|1\n|turn|1\n|\n|t:|1701149598\n|move|p2a: Staravia|Tailwind|p2a: Staravia\n|-sidestart|p2: Im dumb srly|move: Tailwind\n|move|p1a: Qwilfish|Spikes|p2a: Staravia\n|-sidestart|p2: Im dumb srly|Spikes\n|\n|upkeep\n|turn|2\n|\n|t:|1701149615\n|move|p2a: Staravia|Final Gambit|p1a: Qwilfish\n|-damage|p1a: Qwilfish|25\/100\n|faint|p2a: Staravia\n|move|p1a: Qwilfish|Barb Barrage|p2: Staravia|[notarget]\n|-fail|p1a: Qwilfish\n|\n|upkeep\n|\n|t:|1701149622\n|switch|p2a: Haxorus|Haxorus, F, shiny|100\/100\n|-ability|p2a: Haxorus|Unnerve\n|-damage|p2a: Haxorus|88\/100|[from] Spikes\n|turn|3\n|\n|t:|1701149625\n|move|p2a: Haxorus|First Impression|p1a: Qwilfish\n|-damage|p1a: Qwilfish|1\/100\n|move|p1a: Qwilfish|Haze|p1a: Qwilfish\n|-clearallboost\n|\n|upkeep\n|turn|4\n|\n|t:|1701149632\n|move|p2a: Haxorus|Iron Head|p1a: Qwilfish\n|-damage|p1a: Qwilfish|0 fnt\n|faint|p1a: Qwilfish\n|\n|-sideend|p2: Im dumb srly|move: Tailwind\n|upkeep\n|\n|t:|1701149634\n|switch|p1a: Weavile|Weavile, F|100\/100\n|turn|5\n|\n|t:|1701149639\n|-terastallize|p2a: Haxorus|Steel\n|move|p1a: Weavile|Icicle Spear|p2a: Haxorus\n|-resisted|p2a: Haxorus\n|-damage|p2a: Haxorus|80\/100\n|-resisted|p2a: Haxorus\n|-damage|p2a: Haxorus|72\/100\n|-resisted|p2a: Haxorus\n|-damage|p2a: Haxorus|64\/100\n|-resisted|p2a: Haxorus\n|-damage|p2a: Haxorus|57\/100\n|-resisted|p2a: Haxorus\n|-damage|p2a: Haxorus|49\/100\n|-hitcount|p2a: Haxorus|5\n|move|p2a: Haxorus|Iron Head|p1a: Weavile\n|-supereffective|p1a: Weavile\n|-crit|p1a: Weavile\n|-damage|p1a: Weavile|0 fnt\n|faint|p1a: Weavile\n|\n|upkeep\n|\n|t:|1701149642\n|switch|p1a: Skeledirge|Skeledirge, F|100\/100\n|turn|6\n|\n|t:|1701149646\n|move|p2a: Haxorus|Outrage|p1a: Skeledirge\n|-damage|p1a: Skeledirge|44\/100\n|move|p1a: Skeledirge|Torch Song|p2a: Haxorus\n|-supereffective|p2a: Haxorus\n|-damage|p2a: Haxorus|0 fnt\n|-boost|p1a: Skeledirge|spa|1\n|faint|p2a: Haxorus\n|\n|-heal|p1a: Skeledirge|51\/100|[from] item: Leftovers\n|upkeep\n|\n|t:|1701149648\n|switch|p2a: Meowscarada|Meowscarada, F, shiny|100\/100\n|-damage|p2a: Meowscarada|88\/100|[from] Spikes\n|turn|7\n|\n|t:|1701149654\n|-terastallize|p1a: Skeledirge|Fairy\n|move|p2a: Meowscarada|Knock Off|p1a: Skeledirge\n|-resisted|p1a: Skeledirge\n|-damage|p1a: Skeledirge|29\/100\n|-enditem|p1a: Skeledirge|Leftovers|[from] move: Knock Off|[of] p2a: Meowscarada\n|move|p1a: Skeledirge|Slack Off|p1a: Skeledirge\n|-heal|p1a: Skeledirge|80\/100\n|\n|upkeep\n|turn|8\n|\n|t:|1701149660\n|move|p2a: Meowscarada|Flower Trick|p1a: Skeledirge\n|-crit|p1a: Skeledirge\n|-damage|p1a: Skeledirge|33\/100\n|move|p1a: Skeledirge|Torch Song|p2a: Meowscarada\n|-supereffective|p2a: Meowscarada\n|-damage|p2a: Meowscarada|0 fnt\n|-boost|p1a: Skeledirge|spa|1\n|faint|p2a: Meowscarada\n|\n|win|Shuckle15\n|n|\u2606Shuckle15|shuckle15\n|n|\u2606Im dumb srly|imdumbsrly\n|n|*Lady Monita \u2746|ladymonita\n","uploadtime":1701149661,"views":8,"p1id":"shuckle15","p2id":"imdumbsrly","formatid":"gen9ou","rating":0,"private":0,"password":""}