{"id":"gen9ou-1997023498","p1":"Outdated Ahh Team","p2":"PieMcMuffin","format":"[Gen 9] OU","log":"|j|\u2606Outdated Ahh Team\n|j|\u2606PieMcMuffin\n|t:|1700756754\n|gametype|singles\n|player|p1|Outdated Ahh Team|will-gen2|1625\n|player|p2|PieMcMuffin|caitlin|1513\n|teamsize|p1|6\n|teamsize|p2|6\n|gen|9\n|tier|[Gen 9] OU\n|rated|\n|rule|Sleep Clause Mod: Limit one foe put to sleep\n|rule|Species Clause: Limit one of each Pok\u00e9mon\n|rule|OHKO Clause: OHKO moves are banned\n|rule|Evasion Items Clause: Evasion items are banned\n|rule|Evasion Moves Clause: Evasion moves are banned\n|rule|Endless Battle Clause: Forcing endless battles is banned\n|rule|HP Percentage Mod: HP is shown in percentages\n|clearpoke\n|poke|p1|Zapdos|\n|poke|p1|Ogerpon-Wellspring, F|\n|poke|p1|Iron Moth|\n|poke|p1|Ting-Lu|\n|poke|p1|Ursaluna, F|\n|poke|p1|Zamazenta-*|\n|poke|p2|Scizor, M|\n|poke|p2|Zapdos|\n|poke|p2|Cinderace, M|\n|poke|p2|Ogerpon-Wellspring, F|\n|poke|p2|Landorus-Therian, M|\n|poke|p2|Lycanroc-Dusk, M|\n|teampreview\n|inactive|Battle timer is ON: inactive players will automatically lose when time's up. (requested by Outdated Ahh Team)\n|\n|t:|1700756774\n|start\n|switch|p1a: Zapdos|Zapdos|100\/100\n|switch|p2a: Scizor|Scizor, M|100\/100\n|turn|1\n|\n|t:|1700756783\n|switch|p2a: Landorus|Landorus-Therian, M|100\/100\n|-ability|p2a: Landorus|Intimidate|boost\n|-unboost|p1a: Zapdos|atk|1\n|move|p1a: Zapdos|Heat Wave|p2a: Landorus\n|-damage|p2a: Landorus|64\/100\n|\n|-heal|p2a: Landorus|70\/100|[from] item: Leftovers\n|upkeep\n|turn|2\n|\n|t:|1700756798\n|switch|p2a: Zapdos|Zapdos|100\/100\n|move|p1a: Zapdos|Hurricane|p2a: Zapdos\n|-resisted|p2a: Zapdos\n|-damage|p2a: Zapdos|77\/100\n|-start|p2a: Zapdos|confusion\n|\n|upkeep\n|turn|3\n|\n|t:|1700756806\n|switch|p1a: Ting-Lu|Ting-Lu|100\/100\n|-ability|p1a: Ting-Lu|Vessel of Ruin\n|-activate|p2a: Zapdos|confusion\n|-damage|p2a: Zapdos|70\/100|[from] confusion\n|\n|upkeep\n|turn|4\n|\n|t:|1700756828\n|-activate|p2a: Zapdos|confusion\n|move|p2a: Zapdos|U-turn|p1a: Ting-Lu\n|-supereffective|p1a: Ting-Lu\n|-damage|p1a: Ting-Lu|87\/100\n|\n|t:|1700756832\n|switch|p2a: Scizor|Scizor, M|100\/100|[from] U-turn\n|move|p1a: Ting-Lu|Ruination|p2a: Scizor\n|-damage|p2a: Scizor|50\/100\n|\n|-heal|p2a: Scizor|57\/100|[from] item: Leftovers\n|-heal|p1a: Ting-Lu|93\/100|[from] item: Leftovers\n|upkeep\n|turn|5\n|\n|t:|1700756836\n|switch|p1a: Zapdos|Zapdos|100\/100\n|move|p2a: Scizor|Knock Off|p1a: Zapdos\n|-damage|p1a: Zapdos|67\/100\n|-enditem|p1a: Zapdos|Heavy-Duty Boots|[from] move: Knock Off|[of] p2a: Scizor\n|\n|-heal|p2a: Scizor|62\/100|[from] item: Leftovers\n|upkeep\n|turn|6\n|\n|t:|1700756852\n|switch|p2a: Lycanroc|Lycanroc-Dusk, M|100\/100\n|move|p1a: Zapdos|Discharge|p2a: Lycanroc\n|-damage|p2a: Lycanroc|47\/100\n|\n|upkeep\n|turn|7\n|\n|t:|1700756867\n|switch|p1a: Zamazenta|Zamazenta|100\/100\n|-ability|p1a: Zamazenta|Dauntless Shield|boost\n|-boost|p1a: Zamazenta|def|1\n|move|p2a: Lycanroc|Accelerock|p1a: Zamazenta\n|-resisted|p1a: Zamazenta\n|-damage|p1a: Zamazenta|90\/100\n|-damage|p2a: Lycanroc|37\/100|[from] item: Life Orb\n|\n|upkeep\n|turn|8\n|\n|t:|1700756877\n|switch|p2a: Landorus|Landorus-Therian, M|70\/100\n|-ability|p2a: Landorus|Intimidate|boost\n|-unboost|p1a: Zamazenta|atk|1\n|-terastallize|p1a: Zamazenta|Ice\n|move|p1a: Zamazenta|Tera Blast|p2a: Landorus|[anim] Tera Blast Ice\n|-supereffective|p2a: Landorus\n|-damage|p2a: Landorus|0 fnt\n|faint|p2a: Landorus\n|\n|upkeep\n|\n|t:|1700756892\n|switch|p2a: Cinderace|Cinderace, M|100\/100\n|turn|9\n|inactive|Outdated Ahh Team has 120 seconds left.\n|\n|t:|1700756927\n|switch|p1a: Ting-Lu|Ting-Lu|93\/100\n|-ability|p1a: Ting-Lu|Vessel of Ruin\n|move|p2a: Cinderace|Pyro Ball|p1a: Ting-Lu\n|-damage|p1a: Ting-Lu|59\/100\n|\n|-heal|p1a: Ting-Lu|65\/100|[from] item: Leftovers\n|upkeep\n|turn|10\n|inactive|Outdated Ahh Team has 120 seconds left.\n|inactive|Outdated Ahh Team has 90 seconds left.\n|\n|t:|1700756964\n|move|p2a: Cinderace|High Jump Kick|p1a: Ting-Lu\n|-start|p2a: Cinderace|typechange|Fighting|[from] ability: Libero\n|-supereffective|p1a: Ting-Lu\n|-damage|p1a: Ting-Lu|0 fnt\n|faint|p1a: Ting-Lu\n|\n|upkeep\n|inactive|Outdated Ahh Team has 90 seconds left.\n|\n|t:|1700756972\n|switch|p1a: Iron Moth|Iron Moth|100\/100\n|-enditem|p1a: Iron Moth|Booster Energy\n|-activate|p1a: Iron Moth|ability: Quark Drive|[fromitem]\n|-start|p1a: Iron Moth|quarkdrivespe\n|turn|11\n|\n|t:|1700756981\n|switch|p2a: Scizor|Scizor, M|62\/100\n|move|p1a: Iron Moth|Substitute|p1a: Iron Moth\n|-start|p1a: Iron Moth|Substitute\n|-damage|p1a: Iron Moth|76\/100\n|\n|-heal|p2a: Scizor|68\/100|[from] item: Leftovers\n|upkeep\n|turn|12\n|\n|t:|1700756984\n|move|p1a: Iron Moth|Fiery Dance|p2a: Scizor\n|-supereffective|p2a: Scizor\n|-damage|p2a: Scizor|0 fnt\n|faint|p2a: Scizor\n|\n|upkeep\n|\n|t:|1700756992\n|switch|p2a: Cinderace|Cinderace, M|100\/100\n|turn|13\n|inactive|Outdated Ahh Team has 120 seconds left.\n|inactive|Outdated Ahh Team has 90 seconds left.\n|\n|t:|1700757036\n|move|p1a: Iron Moth|Sludge Wave|p2a: Cinderace\n|-damage|p2a: Cinderace|32\/100\n|move|p2a: Cinderace|Pyro Ball|p1a: Iron Moth\n|-resisted|p1a: Iron Moth\n|-end|p1a: Iron Moth|Substitute\n|\n|upkeep\n|turn|14\n|inactive|Outdated Ahh Team has 90 seconds left.\n|\n|t:|1700757061\n|move|p1a: Iron Moth|Sludge Wave|p2a: Cinderace\n|-damage|p2a: Cinderace|0 fnt\n|faint|p2a: Cinderace\n|\n|upkeep\n|\n|t:|1700757064\n|switch|p2a: Lycanroc|Lycanroc-Dusk, M|37\/100\n|turn|15\n|inactive|Outdated Ahh Team has 60 seconds left.\n|\n|t:|1700757113\n|-end|p1a: Iron Moth|Quark Drive|[silent]\n|switch|p1a: Ursaluna|Ursaluna, F|100\/100\n|move|p2a: Lycanroc|Close Combat|p1a: Ursaluna\n|-supereffective|p1a: Ursaluna\n|-damage|p1a: Ursaluna|0 fnt\n|-unboost|p2a: Lycanroc|def|1\n|-unboost|p2a: Lycanroc|spd|1\n|faint|p1a: Ursaluna\n|-damage|p2a: Lycanroc|27\/100|[from] item: Life Orb\n|\n|upkeep\n|inactive|Outdated Ahh Team has 30 seconds left.\n|\n|t:|1700757136\n|switch|p1a: Ogerpon|Ogerpon-Wellspring, F|100\/100\n|turn|16\n|\n|t:|1700757144\n|move|p1a: Ogerpon|Horn Leech|p2a: Lycanroc\n|-supereffective|p2a: Lycanroc\n|-damage|p2a: Lycanroc|0 fnt\n|faint|p2a: Lycanroc\n|\n|upkeep\n|\n|t:|1700757149\n|switch|p2a: Zapdos|Zapdos|70\/100\n|turn|17\n|\n|t:|1700757160\n|move|p1a: Ogerpon|Ivy Cudgel|p2a: Zapdos|[anim] Ivy Cudgel Water\n|-damage|p2a: Zapdos|5\/100\n|move|p2a: Zapdos|Hurricane|p1a: Ogerpon\n|-supereffective|p1a: Ogerpon\n|-damage|p1a: Ogerpon|0 fnt\n|faint|p1a: Ogerpon\n|\n|upkeep\n|\n|t:|1700757167\n|switch|p1a: Iron Moth|Iron Moth|76\/100\n|turn|18\n|\n|t:|1700757171\n|move|p1a: Iron Moth|Substitute|p1a: Iron Moth\n|-start|p1a: Iron Moth|Substitute\n|-damage|p1a: Iron Moth|51\/100\n|move|p2a: Zapdos|Discharge|p1a: Iron Moth\n|-end|p1a: Iron Moth|Substitute\n|\n|upkeep\n|turn|19\n|\n|t:|1700757175\n|move|p1a: Iron Moth|Fiery Dance|p2a: Zapdos\n|-damage|p2a: Zapdos|0 fnt\n|faint|p2a: Zapdos\n|\n|upkeep\n|\n|t:|1700757178\n|switch|p2a: Ogerpon|Ogerpon-Wellspring, F|100\/100\n|turn|20\n|\n|t:|1700757184\n|-terastallize|p2a: Ogerpon|Water\n|detailschange|p2a: Ogerpon|Ogerpon-Wellspring-Tera, F, tera:Water\n|-ability|p2a: Ogerpon|Embody Aspect (Wellspring)|boost\n|-boost|p2a: Ogerpon|spd|1\n|move|p1a: Iron Moth|Sludge Wave|p2a: Ogerpon\n|-damage|p2a: Ogerpon|64\/100\n|-status|p2a: Ogerpon|psn\n|move|p2a: Ogerpon|Ivy Cudgel|p1a: Iron Moth|[anim] Ivy Cudgel Water\n|-supereffective|p1a: Iron Moth\n|-damage|p1a: Iron Moth|0 fnt\n|faint|p1a: Iron Moth\n|-end|p1a: Iron Moth|Quark Drive|[silent]\n|\n|-damage|p2a: Ogerpon|52\/100 psn|[from] psn\n|upkeep\n|\n|t:|1700757196\n|switch|p1a: Zamazenta|Zamazenta, tera:Ice|90\/100\n|turn|21\n|\n|t:|1700757198\n|move|p1a: Zamazenta|Close Combat|p2a: Ogerpon\n|-damage|p2a: Ogerpon|0 fnt\n|-unboost|p1a: Zamazenta|def|1\n|-unboost|p1a: Zamazenta|spd|1\n|faint|p2a: Ogerpon\n|\n|win|Outdated Ahh Team\n|raw|Outdated Ahh Team's rating: 1625 &rarr; <strong>1639<\/strong><br \/>(+14 for winning)\n|raw|PieMcMuffin's rating: 1513 &rarr; <strong>1499<\/strong><br \/>(-14 for losing)\n","uploadtime":1700757204,"views":0,"p1id":"outdatedahhteam","p2id":"piemcmuffin","formatid":"gen9ou","rating":1499,"private":0,"password":""}