{"id":"gen9ou-1988947120","p1":"pecurto23","p2":"agency paid actor","format":"[Gen 9] OU","log":"|j|\u2606pecurto23\n|j|\u2606agency paid actor\n|t:|1699792755\n|gametype|singles\n|player|p1|pecurto23|rosa|1672\n|player|p2|agency paid actor|rocketgruntf|1660\n|teamsize|p1|6\n|teamsize|p2|6\n|gen|9\n|tier|[Gen 9] OU\n|rated|\n|rule|Sleep Clause Mod: Limit one foe put to sleep\n|rule|Species Clause: Limit one of each Pok\u00e9mon\n|rule|OHKO Clause: OHKO moves are banned\n|rule|Evasion Items Clause: Evasion items are banned\n|rule|Evasion Moves Clause: Evasion moves are banned\n|rule|Endless Battle Clause: Forcing endless battles is banned\n|rule|HP Percentage Mod: HP is shown in percentages\n|clearpoke\n|poke|p1|Rillaboom, M|\n|poke|p1|Sneasler, M|\n|poke|p1|Zamazenta-*|\n|poke|p1|Manaphy|\n|poke|p1|Heatran, M|\n|poke|p1|Hatterene, F|\n|poke|p2|Glimmora, M|\n|poke|p2|Magnezone|\n|poke|p2|Iron Leaves|\n|poke|p2|Iron Valiant|\n|poke|p2|Landorus-Therian, M|\n|poke|p2|Dragonite, F|\n|teampreview\n|inactive|Battle timer is ON: inactive players will automatically lose when time's up. (requested by agency paid actor)\n|j| galefang\n|inactive|agency paid actor has 120 seconds left.\n|inactive|agency paid actor has 90 seconds left.\n|\n|t:|1699792816\n|start\n|switch|p1a: Heatran|Heatran, M|100\/100\n|switch|p2a: Landorus|Landorus-Therian, M|100\/100\n|-ability|p2a: Landorus|Intimidate|boost\n|-unboost|p1a: Heatran|atk|1\n|-item|p1a: Heatran|Air Balloon\n|turn|1\n|\n|t:|1699792820\n|move|p2a: Landorus|Stone Edge|p1a: Heatran\n|-damage|p1a: Heatran|69\/100\n|-enditem|p1a: Heatran|Air Balloon\n|move|p1a: Heatran|Earth Power|p2a: Landorus\n|-immune|p2a: Landorus\n|\n|upkeep\n|turn|2\n|\n|t:|1699792829\n|switch|p2a: Glimmora|Glimmora, M|100\/100\n|switch|p1a: Manaphy|Manaphy|100\/100\n|\n|upkeep\n|turn|3\n|\n|t:|1699792834\n|move|p1a: Manaphy|Surf|p2a: Glimmora\n|-supereffective|p2a: Glimmora\n|-damage|p2a: Glimmora|20\/100\n|move|p2a: Glimmora|Energy Ball|p1a: Manaphy\n|-supereffective|p1a: Manaphy\n|-damage|p1a: Manaphy|45\/100\n|-enditem|p1a: Manaphy|Sitrus Berry|[eat]\n|-heal|p1a: Manaphy|70\/100|[from] item: Sitrus Berry\n|\n|upkeep\n|turn|4\n|\n|t:|1699792843\n|move|p1a: Manaphy|Surf|p2a: Glimmora\n|-supereffective|p2a: Glimmora\n|-damage|p2a: Glimmora|0 fnt\n|faint|p2a: Glimmora\n|\n|upkeep\n|\n|t:|1699792844\n|switch|p2a: Magnezone|Magnezone|100\/100\n|turn|5\n|\n|t:|1699792853\n|switch|p1a: Rillaboom|Rillaboom, M|100\/100\n|-fieldstart|move: Grassy Terrain|[from] ability: Grassy Surge|[of] p1a: Rillaboom\n|move|p2a: Magnezone|Volt Switch|p1a: Rillaboom\n|-resisted|p1a: Rillaboom\n|-damage|p1a: Rillaboom|68\/100\n|\n|t:|1699792867\n|switch|p2a: Landorus|Landorus-Therian, M|100\/100|[from] Volt Switch\n|-ability|p2a: Landorus|Intimidate|boost\n|-unboost|p1a: Rillaboom|atk|1\n|\n|-heal|p1a: Rillaboom|74\/100|[from] Grassy Terrain\n|upkeep\n|turn|6\n|\n|t:|1699792870\n|switch|p1a: Heatran|Heatran, M|69\/100\n|move|p2a: Landorus|U-turn|p1a: Heatran\n|-resisted|p1a: Heatran\n|-damage|p1a: Heatran|63\/100\n|\n|t:|1699792874\n|switch|p2a: Magnezone|Magnezone|100\/100|[from] U-turn\n|\n|-heal|p1a: Heatran|70\/100|[from] Grassy Terrain\n|upkeep\n|turn|7\n|\n|t:|1699792882\n|move|p2a: Magnezone|Thunderbolt|p1a: Heatran\n|-damage|p1a: Heatran|24\/100\n|move|p1a: Heatran|Will-O-Wisp|p2a: Magnezone\n|-status|p2a: Magnezone|brn\n|\n|-heal|p1a: Heatran|31\/100|[from] Grassy Terrain\n|-damage|p2a: Magnezone|94\/100 brn|[from] brn\n|upkeep\n|turn|8\n|\n|t:|1699792887\n|move|p2a: Magnezone|Thunderbolt|p1a: Heatran\n|-damage|p1a: Heatran|0 fnt\n|faint|p1a: Heatran\n|\n|-heal|p2a: Magnezone|100\/100 brn|[from] Grassy Terrain\n|-damage|p2a: Magnezone|94\/100 brn|[from] brn\n|upkeep\n|inactive|pecurto23 has 120 seconds left.\n|\n|t:|1699792920\n|switch|p1a: Sneasler|Sneasler, M|100\/100\n|-enditem|p1a: Sneasler|Grassy Seed\n|-boost|p1a: Sneasler|def|1|[from] item: Grassy Seed\n|turn|9\n|\n|t:|1699792928\n|move|p1a: Sneasler|Lash Out|p2a: Magnezone\n|-damage|p2a: Magnezone|62\/100 brn\n|move|p2a: Magnezone|Thunderbolt|p1a: Sneasler\n|-damage|p1a: Sneasler|13\/100\n|\n|-heal|p1a: Sneasler|19\/100|[from] Grassy Terrain\n|-heal|p2a: Magnezone|68\/100 brn|[from] Grassy Terrain\n|-damage|p2a: Magnezone|62\/100 brn|[from] brn\n|-fieldend|move: Grassy Terrain\n|upkeep\n|turn|10\n|\n|t:|1699792933\n|switch|p2a: Landorus|Landorus-Therian, M|100\/100\n|-ability|p2a: Landorus|Intimidate|boost\n|-unboost|p1a: Sneasler|atk|1\n|move|p1a: Sneasler|Close Combat|p2a: Landorus\n|-resisted|p2a: Landorus\n|-damage|p2a: Landorus|73\/100\n|-unboost|p1a: Sneasler|def|1\n|-unboost|p1a: Sneasler|spd|1\n|\n|upkeep\n|turn|11\n|\n|t:|1699792937\n|move|p1a: Sneasler|Dire Claw|p2a: Landorus\n|-resisted|p2a: Landorus\n|-damage|p2a: Landorus|56\/100\n|-status|p2a: Landorus|par\n|move|p2a: Landorus|U-turn|p1a: Sneasler\n|-resisted|p1a: Sneasler\n|-damage|p1a: Sneasler|10\/100\n|\n|t:|1699792940\n|switch|p2a: Dragonite|Dragonite, F|100\/100|[from] U-turn\n|\n|upkeep\n|turn|12\n|\n|t:|1699792947\n|move|p2a: Dragonite|Extreme Speed|p1a: Sneasler\n|-damage|p1a: Sneasler|0 fnt\n|faint|p1a: Sneasler\n|\n|upkeep\n|\n|t:|1699792950\n|switch|p1a: Rillaboom|Rillaboom, M|74\/100\n|-fieldstart|move: Grassy Terrain|[from] ability: Grassy Surge|[of] p1a: Rillaboom\n|turn|13\n|\n|t:|1699792967\n|switch|p1a: Zamazenta|Zamazenta, shiny|100\/100\n|-ability|p1a: Zamazenta|Dauntless Shield|boost\n|-boost|p1a: Zamazenta|def|1\n|move|p2a: Dragonite|Dragon Dance|p2a: Dragonite\n|-boost|p2a: Dragonite|atk|1\n|-boost|p2a: Dragonite|spe|1\n|\n|upkeep\n|turn|14\n|\n|t:|1699792974\n|switch|p2a: Iron Valiant|Iron Valiant|100\/100\n|-enditem|p2a: Iron Valiant|Booster Energy\n|-activate|p2a: Iron Valiant|ability: Quark Drive|[fromitem]\n|-start|p2a: Iron Valiant|quarkdrivespe\n|move|p1a: Zamazenta|Iron Defense|p1a: Zamazenta\n|-boost|p1a: Zamazenta|def|2\n|\n|upkeep\n|turn|15\n|\n|t:|1699792977\n|-terastallize|p1a: Zamazenta|Steel\n|move|p2a: Iron Valiant|Moonblast|p1a: Zamazenta\n|-resisted|p1a: Zamazenta\n|-damage|p1a: Zamazenta|80\/100\n|move|p1a: Zamazenta|Heavy Slam|p2a: Iron Valiant\n|-supereffective|p2a: Iron Valiant\n|-damage|p2a: Iron Valiant|0 fnt\n|faint|p2a: Iron Valiant\n|-end|p2a: Iron Valiant|Quark Drive|[silent]\n|\n|-heal|p1a: Zamazenta|86\/100|[from] Grassy Terrain\n|-heal|p1a: Zamazenta|92\/100|[from] item: Leftovers\n|upkeep\n|j| angrrry\n|\n|t:|1699792982\n|switch|p2a: Magnezone|Magnezone|62\/100 brn\n|turn|16\n|\n|t:|1699792994\n|-terastallize|p2a: Magnezone|Fairy\n|move|p1a: Zamazenta|Body Press|p2a: Magnezone\n|-resisted|p2a: Magnezone\n|-damage|p2a: Magnezone|7\/100 brn\n|move|p2a: Magnezone|Thunderbolt|p1a: Zamazenta\n|-damage|p1a: Zamazenta|34\/100\n|\n|-heal|p1a: Zamazenta|40\/100|[from] Grassy Terrain\n|-heal|p1a: Zamazenta|46\/100|[from] item: Leftovers\n|-heal|p2a: Magnezone|13\/100 brn|[from] Grassy Terrain\n|-damage|p2a: Magnezone|7\/100 brn|[from] brn\n|upkeep\n|turn|17\n|\n|t:|1699793001\n|move|p1a: Zamazenta|Body Press|p2a: Magnezone\n|-resisted|p2a: Magnezone\n|-damage|p2a: Magnezone|0 fnt\n|faint|p2a: Magnezone\n|\n|-heal|p1a: Zamazenta|52\/100|[from] Grassy Terrain\n|-heal|p1a: Zamazenta|59\/100|[from] item: Leftovers\n|-fieldend|move: Grassy Terrain\n|upkeep\n|\n|t:|1699793002\n|switch|p2a: Iron Leaves|Iron Leaves|100\/100\n|-enditem|p2a: Iron Leaves|Booster Energy\n|-activate|p2a: Iron Leaves|ability: Quark Drive|[fromitem]\n|-start|p2a: Iron Leaves|quarkdrivespe\n|turn|18\n|\n|t:|1699793006\n|move|p2a: Iron Leaves|Swords Dance|p2a: Iron Leaves\n|-boost|p2a: Iron Leaves|atk|2\n|move|p1a: Zamazenta|Iron Defense|p1a: Zamazenta\n|-boost|p1a: Zamazenta|def|2\n|\n|-heal|p1a: Zamazenta|65\/100|[from] item: Leftovers\n|upkeep\n|turn|19\n|\n|t:|1699793012\n|move|p2a: Iron Leaves|Swords Dance|p2a: Iron Leaves\n|-boost|p2a: Iron Leaves|atk|2\n|move|p1a: Zamazenta|Body Press|p2a: Iron Leaves\n|-resisted|p2a: Iron Leaves\n|-damage|p2a: Iron Leaves|32\/100\n|\n|-heal|p1a: Zamazenta|71\/100|[from] item: Leftovers\n|upkeep\n|turn|20\n|\n|t:|1699793020\n|switch|p1a: Manaphy|Manaphy|70\/100\n|move|p2a: Iron Leaves|Close Combat|p1a: Manaphy\n|-damage|p1a: Manaphy|0 fnt\n|-unboost|p2a: Iron Leaves|def|1\n|-unboost|p2a: Iron Leaves|spd|1\n|faint|p1a: Manaphy\n|\n|upkeep\n|\n|t:|1699793025\n|switch|p1a: Rillaboom|Rillaboom, M|74\/100\n|-fieldstart|move: Grassy Terrain|[from] ability: Grassy Surge|[of] p1a: Rillaboom\n|turn|21\n|\n|t:|1699793042\n|move|p1a: Rillaboom|Grassy Glide|p2a: Iron Leaves\n|-resisted|p2a: Iron Leaves\n|-crit|p2a: Iron Leaves\n|-damage|p2a: Iron Leaves|0 fnt\n|faint|p2a: Iron Leaves\n|-end|p2a: Iron Leaves|Quark Drive|[silent]\n|\n|-heal|p1a: Rillaboom|80\/100|[from] Grassy Terrain\n|upkeep\n|\n|t:|1699793043\n|switch|p2a: Landorus|Landorus-Therian, M|56\/100 par\n|-ability|p2a: Landorus|Intimidate|boost\n|-unboost|p1a: Rillaboom|atk|1\n|turn|22\n|\n|t:|1699793049\n|switch|p1a: Hatterene|Hatterene, F, shiny|100\/100\n|-enditem|p1a: Hatterene|Grassy Seed\n|-boost|p1a: Hatterene|def|1|[from] item: Grassy Seed\n|move|p2a: Landorus|U-turn|p1a: Hatterene\n|-damage|p1a: Hatterene|84\/100\n|\n|t:|1699793051\n|switch|p2a: Dragonite|Dragonite, F|100\/100|[from] U-turn\n|\n|-heal|p1a: Hatterene|90\/100|[from] Grassy Terrain\n|upkeep\n|turn|23\n|\n|t:|1699793059\n|switch|p2a: Landorus|Landorus-Therian, M|56\/100 par\n|-ability|p2a: Landorus|Intimidate|boost\n|-unboost|p1a: Hatterene|atk|1\n|move|p1a: Hatterene|Calm Mind|p1a: Hatterene\n|-boost|p1a: Hatterene|spa|1\n|-boost|p1a: Hatterene|spd|1\n|\n|-heal|p1a: Hatterene|96\/100|[from] Grassy Terrain\n|upkeep\n|turn|24\n|\n|t:|1699793065\n|move|p2a: Landorus|Earthquake|p1a: Hatterene\n|-crit|p1a: Hatterene\n|-damage|p1a: Hatterene|64\/100\n|move|p1a: Hatterene|Draining Kiss|p2a: Landorus\n|-damage|p2a: Landorus|4\/100 par\n|-heal|p1a: Hatterene|100\/100|[from] drain|[of] p2a: Landorus\n|\n|upkeep\n|turn|25\n|\n|t:|1699793068\n|move|p2a: Landorus|Earthquake|p1a: Hatterene\n|-damage|p1a: Hatterene|85\/100\n|move|p1a: Hatterene|Draining Kiss|p2a: Landorus\n|-damage|p2a: Landorus|0 fnt\n|-heal|p1a: Hatterene|88\/100|[from] drain|[of] p2a: Landorus\n|faint|p2a: Landorus\n|\n|-heal|p1a: Hatterene|94\/100|[from] Grassy Terrain\n|-fieldend|move: Grassy Terrain\n|upkeep\n|\n|t:|1699793070\n|switch|p2a: Dragonite|Dragonite, F|100\/100\n|turn|26\n|c|\u2606pecurto23|gg\n|\n|t:|1699793074\n|move|p2a: Dragonite|Earthquake|p1a: Hatterene\n|-damage|p1a: Hatterene|73\/100\n|move|p1a: Hatterene|Draining Kiss|p2a: Dragonite\n|-supereffective|p2a: Dragonite\n|-damage|p2a: Dragonite|64\/100\n|-heal|p1a: Hatterene|100\/100|[from] drain|[of] p2a: Dragonite\n|\n|upkeep\n|turn|27\n|\n|t:|1699793077\n|move|p2a: Dragonite|Earthquake|p1a: Hatterene\n|-damage|p1a: Hatterene|79\/100\n|move|p1a: Hatterene|Draining Kiss|p2a: Dragonite\n|-supereffective|p2a: Dragonite\n|-damage|p2a: Dragonite|0 fnt\n|-heal|p1a: Hatterene|100\/100|[from] drain|[of] p2a: Dragonite\n|faint|p2a: Dragonite\n|\n|win|pecurto23\n|raw|pecurto23's rating: 1672 &rarr; <strong>1691<\/strong><br \/>(+19 for winning)\n|raw|agency paid actor's rating: 1660 &rarr; <strong>1641<\/strong><br \/>(-19 for losing)\n|l|\u2606agency paid actor\n|c|\u2606pecurto23|roasting finch and losing to me twice is crazy\n","uploadtime":1699793101,"views":11,"p1id":"pecurto23","p2id":"agencypaidactor","formatid":"gen9ou","rating":1641,"private":0,"password":""}