{"id":"gen9ou-1993613959","p1":"ShinyPending","p2":"D3vilKnight","format":"[Gen 9] OU","log":"|j|\u2606ShinyPending\n|j|\u2606D3vilKnight\n|t:|1700337615\n|gametype|singles\n|player|p1|ShinyPending|acerola|1372\n|player|p2|D3vilKnight|1|1345\n|teamsize|p1|6\n|teamsize|p2|6\n|gen|9\n|tier|[Gen 9] OU\n|rated|\n|rule|Sleep Clause Mod: Limit one foe put to sleep\n|rule|Species Clause: Limit one of each Pok\u00e9mon\n|rule|OHKO Clause: OHKO moves are banned\n|rule|Evasion Items Clause: Evasion items are banned\n|rule|Evasion Moves Clause: Evasion moves are banned\n|rule|Endless Battle Clause: Forcing endless battles is banned\n|rule|HP Percentage Mod: HP is shown in percentages\n|clearpoke\n|poke|p1|Uxie|\n|poke|p1|Lucario, F|\n|poke|p1|Samurott-Hisui, F|\n|poke|p1|Cetitan, F|\n|poke|p1|Dragonite, M|\n|poke|p1|Slowking-Galar, F|\n|poke|p2|Rillaboom, F|\n|poke|p2|Sneasler, F|\n|poke|p2|Zamazenta-*|\n|poke|p2|Ogerpon-Wellspring, F|\n|poke|p2|Heatran, M|\n|poke|p2|Hatterene, F|\n|teampreview\n|\n|t:|1700337619\n|start\n|switch|p1a: Samurott|Samurott-Hisui, F|100\/100\n|switch|p2a: Schierke|Hatterene, F|100\/100\n|turn|1\n|inactive|Battle timer is ON: inactive players will automatically lose when time's up. (requested by ShinyPending)\n|\n|t:|1700337633\n|switch|p2a: Zazza|Zamazenta|100\/100\n|-ability|p2a: Zazza|Dauntless Shield|boost\n|-boost|p2a: Zazza|def|1\n|move|p1a: Samurott|Ceaseless Edge|p2a: Zazza\n|-resisted|p2a: Zazza\n|-damage|p2a: Zazza|89\/100\n|-sidestart|p2: D3vilKnight|Spikes\n|\n|-heal|p2a: Zazza|95\/100|[from] item: Leftovers\n|upkeep\n|turn|2\n|c|\u2606ShinyPending|My team is so silly :3\n|\n|t:|1700337647\n|move|p2a: Zazza|Iron Defense|p2a: Zazza\n|-boost|p2a: Zazza|def|2\n|move|p1a: Samurott|Ceaseless Edge|p2a: Zazza\n|-resisted|p2a: Zazza\n|-damage|p2a: Zazza|89\/100\n|-sidestart|p2: D3vilKnight|Spikes\n|\n|-heal|p2a: Zazza|95\/100|[from] item: Leftovers\n|upkeep\n|turn|3\n|c|\u2606D3vilKnight|Yeah bro\n|\n|t:|1700337652\n|move|p2a: Zazza|Iron Defense|p2a: Zazza\n|-boost|p2a: Zazza|def|2\n|move|p1a: Samurott|Ceaseless Edge|p2a: Zazza\n|-resisted|p2a: Zazza\n|-damage|p2a: Zazza|91\/100\n|-sidestart|p2: D3vilKnight|Spikes\n|\n|-heal|p2a: Zazza|97\/100|[from] item: Leftovers\n|upkeep\n|turn|4\n|\n|t:|1700337656\n|move|p2a: Zazza|Iron Defense|p2a: Zazza\n|-boost|p2a: Zazza|def|1\n|move|p1a: Samurott|Knock Off|p2a: Zazza\n|-resisted|p2a: Zazza\n|-damage|p2a: Zazza|92\/100\n|-enditem|p2a: Zazza|Leftovers|[from] move: Knock Off|[of] p1a: Samurott\n|\n|upkeep\n|turn|5\n|\n|t:|1700337673\n|move|p2a: Zazza|Body Press|p1a: Samurott\n|-supereffective|p1a: Samurott\n|-enditem|p1a: Samurott|Focus Sash\n|-damage|p1a: Samurott|1\/100\n|move|p1a: Samurott|Razor Shell|p2a: Zazza\n|-damage|p2a: Zazza|83\/100\n|-unboost|p2a: Zazza|def|1\n|\n|upkeep\n|turn|6\n|\n|t:|1700337681\n|move|p2a: Zazza|Body Press|p1a: Samurott\n|-supereffective|p1a: Samurott\n|-damage|p1a: Samurott|0 fnt\n|faint|p1a: Samurott\n|\n|upkeep\n|\n|t:|1700337690\n|switch|p1a: Uxie|Uxie|100\/100\n|turn|7\n|\n|t:|1700337697\n|-terastallize|p2a: Zazza|Steel\n|move|p2a: Zazza|Body Press|p1a: Uxie\n|-resisted|p1a: Uxie\n|-damage|p1a: Uxie|56\/100\n|move|p1a: Uxie|Magic Room|p1a: Uxie\n|-fieldstart|move: Magic Room|[of] p1a: Uxie\n|\n|upkeep\n|turn|8\n|\n|t:|1700337718\n|move|p2a: Zazza|Crunch|p1a: Uxie\n|-supereffective|p1a: Uxie\n|-damage|p1a: Uxie|27\/100\n|move|p1a: Uxie|U-turn|p2a: Zazza\n|-resisted|p2a: Zazza\n|-damage|p2a: Zazza|82\/100\n|\n|t:|1700337729\n|switch|p1a: Slowking|Slowking-Galar, F|100\/100|[from] U-turn\n|\n|upkeep\n|turn|9\n|\n|t:|1700337739\n|move|p2a: Zazza|Body Press|p1a: Slowking\n|-resisted|p1a: Slowking\n|-damage|p1a: Slowking|78\/100\n|move|p1a: Slowking|Thunder Wave|p2a: Zazza\n|-status|p2a: Zazza|par\n|\n|upkeep\n|turn|10\n|\n|t:|1700337749\n|move|p2a: Zazza|Body Press|p1a: Slowking\n|-resisted|p1a: Slowking\n|-damage|p1a: Slowking|53\/100\n|move|p1a: Slowking|Chilly Reception|p1a: Slowking\n|-weather|Snow\n|\n|t:|1700337752\n|switch|p1a: Dragonite|Dragonite, M|100\/100|[from] Chilly Reception\n|\n|-weather|Snow|[upkeep]\n|upkeep\n|turn|11\n|\n|t:|1700337759\n|move|p1a: Dragonite|Dragon Dance|p1a: Dragonite\n|-boost|p1a: Dragonite|atk|1\n|-boost|p1a: Dragonite|spe|1\n|move|p2a: Zazza|Body Press|p1a: Dragonite\n|-resisted|p1a: Dragonite\n|-damage|p1a: Dragonite|66\/100\n|\n|-weather|Snow|[upkeep]\n|-fieldend|move: Magic Room|[of] p1: Uxie\n|upkeep\n|turn|12\n|\n|t:|1700337772\n|move|p1a: Dragonite|Earthquake|p2a: Zazza\n|-supereffective|p2a: Zazza\n|-damage|p2a: Zazza|45\/100 par\n|cant|p2a: Zazza|par\n|\n|-weather|Snow|[upkeep]\n|upkeep\n|turn|13\n|\n|t:|1700337788\n|move|p1a: Dragonite|Earthquake|p2a: Zazza\n|-supereffective|p2a: Zazza\n|-crit|p2a: Zazza\n|-damage|p2a: Zazza|0 fnt\n|faint|p2a: Zazza\n|\n|-weather|Snow|[upkeep]\n|upkeep\n|c|\u2606ShinyPending|Spicy crit\n|\n|t:|1700337796\n|switch|p2a: It's not HEATROVER|Heatran, M|100\/100\n|-item|p2a: It's not HEATROVER|Air Balloon\n|turn|14\n|\n|t:|1700337801\n|switch|p1a: Slowking|Slowking-Galar, F|86\/100\n|move|p2a: It's not HEATROVER|Will-O-Wisp|p1a: Slowking\n|-status|p1a: Slowking|brn\n|\n|-weather|none\n|-damage|p1a: Slowking|80\/100 brn|[from] brn\n|upkeep\n|turn|15\n|\n|t:|1700337811\n|move|p2a: It's not HEATROVER|Taunt|p1a: Slowking\n|-start|p1a: Slowking|move: Taunt\n|move|p1a: Slowking|Future Sight|p2a: It's not HEATROVER\n|-start|p1a: Slowking|move: Future Sight\n|\n|-damage|p1a: Slowking|74\/100 brn|[from] brn\n|upkeep\n|turn|16\n|\n|t:|1700337817\n|switch|p1a: Uxie|Uxie|27\/100\n|move|p2a: It's not HEATROVER|Magma Storm|p1a: Uxie\n|-damage|p1a: Uxie|0 fnt\n|faint|p1a: Uxie\n|\n|upkeep\n|\n|t:|1700337823\n|switch|p1a: Lucario|Lucario, F|100\/100\n|turn|17\n|\n|t:|1700337831\n|-terastallize|p1a: Lucario|Fighting\n|move|p1a: Lucario|Aura Sphere|p2a: It's not HEATROVER\n|-supereffective|p2a: It's not HEATROVER\n|-damage|p2a: It's not HEATROVER|0 fnt\n|-enditem|p2a: It's not HEATROVER|Air Balloon\n|faint|p2a: It's not HEATROVER\n|\n|-hint|Future Sight did not hit because the target is fainted.\n|upkeep\n|\n|t:|1700337841\n|switch|p2a: Schierke|Hatterene, F|100\/100\n|-damage|p2a: Schierke|76\/100|[from] Spikes\n|turn|18\n|\n|t:|1700337844\n|switch|p1a: Slowking|Slowking-Galar, F|100\/100 brn\n|move|p2a: Schierke|Draining Kiss|p1a: Slowking\n|-resisted|p1a: Slowking\n|-damage|p1a: Slowking|92\/100 brn\n|-heal|p2a: Schierke|84\/100|[from] drain|[of] p1a: Slowking\n|\n|-damage|p1a: Slowking|86\/100 brn|[from] brn\n|upkeep\n|turn|19\n|\n|t:|1700337851\n|move|p2a: Schierke|Psyshock|p1a: Slowking\n|-damage|p1a: Slowking|61\/100 brn\n|move|p1a: Slowking|Sludge Bomb|p2a: Schierke\n|-supereffective|p2a: Schierke\n|-damage|p2a: Schierke|15\/100\n|\n|-damage|p1a: Slowking|55\/100 brn|[from] brn\n|upkeep\n|turn|20\n|\n|t:|1700337858\n|move|p2a: Schierke|Psyshock|p1a: Slowking\n|-damage|p1a: Slowking|30\/100 brn\n|move|p1a: Slowking|Sludge Bomb|p2a: Schierke\n|-supereffective|p2a: Schierke\n|-damage|p2a: Schierke|0 fnt\n|faint|p2a: Schierke\n|\n|-damage|p1a: Slowking|24\/100 brn|[from] brn\n|upkeep\n|\n|t:|1700337863\n|switch|p2a: Great Monkey|Rillaboom, F|100\/100\n|-damage|p2a: Great Monkey|76\/100|[from] Spikes\n|-fieldstart|move: Grassy Terrain|[from] ability: Grassy Surge|[of] p2a: Great Monkey\n|turn|21\n|\n|t:|1700337875\n|switch|p1a: Dragonite|Dragonite, M|66\/100\n|move|p2a: Great Monkey|Knock Off|p1a: Dragonite\n|-damage|p1a: Dragonite|4\/100\n|-enditem|p1a: Dragonite|Choice Band|[from] move: Knock Off|[of] p2a: Great Monkey\n|\n|-heal|p2a: Great Monkey|82\/100|[from] Grassy Terrain\n|upkeep\n|turn|22\n|\n|t:|1700337884\n|move|p1a: Dragonite|Extreme Speed|p2a: Great Monkey\n|-damage|p2a: Great Monkey|50\/100\n|move|p2a: Great Monkey|Knock Off|p1a: Dragonite\n|-crit|p1a: Dragonite\n|-damage|p1a: Dragonite|0 fnt\n|faint|p1a: Dragonite\n|\n|-heal|p2a: Great Monkey|56\/100|[from] Grassy Terrain\n|upkeep\n|\n|t:|1700337888\n|switch|p1a: Lucario|Lucario, F, tera:Fighting|100\/100\n|turn|23\n|\n|t:|1700337891\n|switch|p2a: Snitcher|Sneasler, F|100\/100\n|-damage|p2a: Snitcher|76\/100|[from] Spikes\n|-enditem|p2a: Snitcher|Grassy Seed\n|-boost|p2a: Snitcher|def|1|[from] item: Grassy Seed\n|move|p1a: Lucario|Vacuum Wave|p2a: Snitcher\n|-resisted|p2a: Snitcher\n|-damage|p2a: Snitcher|49\/100\n|\n|-heal|p2a: Snitcher|55\/100|[from] Grassy Terrain\n|upkeep\n|turn|24\n|\n|t:|1700337900\n|switch|p1a: Slowking|Slowking-Galar, F|58\/100 brn\n|move|p2a: Snitcher|Close Combat|p1a: Slowking\n|-resisted|p1a: Slowking\n|-damage|p1a: Slowking|45\/100 brn\n|-unboost|p2a: Snitcher|def|1\n|-unboost|p2a: Snitcher|spd|1\n|\n|-heal|p2a: Snitcher|61\/100|[from] Grassy Terrain\n|-heal|p1a: Slowking|52\/100 brn|[from] Grassy Terrain\n|-damage|p1a: Slowking|45\/100 brn|[from] brn\n|upkeep\n|turn|25\n|\n|t:|1700337914\n|move|p2a: Snitcher|Lash Out|p1a: Slowking\n|-supereffective|p1a: Slowking\n|-damage|p1a: Slowking|1\/100 brn\n|move|p1a: Slowking|Thunder Wave|p2a: Snitcher\n|-status|p2a: Snitcher|par\n|\n|-heal|p2a: Snitcher|67\/100 par|[from] Grassy Terrain\n|-heal|p1a: Slowking|7\/100 brn|[from] Grassy Terrain\n|-damage|p1a: Slowking|1\/100 brn|[from] brn\n|-fieldend|move: Grassy Terrain\n|upkeep\n|turn|26\n|\n|t:|1700337922\n|switch|p2a: Great Monkey|Rillaboom, F|56\/100\n|-damage|p2a: Great Monkey|31\/100|[from] Spikes\n|-fieldstart|move: Grassy Terrain|[from] ability: Grassy Surge|[of] p2a: Great Monkey\n|move|p1a: Slowking|Chilly Reception|p1a: Slowking\n|-weather|Snow\n|\n|t:|1700337925\n|switch|p1a: Lucario|Lucario, F, tera:Fighting|100\/100|[from] Chilly Reception\n|\n|-weather|Snow|[upkeep]\n|-heal|p2a: Great Monkey|37\/100|[from] Grassy Terrain\n|upkeep\n|turn|27\n|\n|t:|1700337933\n|move|p1a: Lucario|Vacuum Wave|p2a: Great Monkey\n|-damage|p2a: Great Monkey|0 fnt\n|faint|p2a: Great Monkey\n|\n|-weather|Snow|[upkeep]\n|upkeep\n|\n|t:|1700337939\n|switch|p2a: Ogerpouops|Ogerpon-Wellspring, F|100\/100\n|-damage|p2a: Ogerpouops|76\/100|[from] Spikes\n|turn|28\n|\n|t:|1700337943\n|move|p1a: Lucario|Vacuum Wave|p2a: Ogerpouops\n|-damage|p2a: Ogerpouops|28\/100\n|move|p2a: Ogerpouops|Horn Leech|p1a: Lucario\n|-crit|p1a: Lucario\n|-damage|p1a: Lucario|0 fnt\n|-heal|p2a: Ogerpouops|75\/100|[from] drain|[of] p1a: Lucario\n|faint|p1a: Lucario\n|\n|-weather|Snow|[upkeep]\n|-heal|p2a: Ogerpouops|81\/100|[from] Grassy Terrain\n|upkeep\n|\n|t:|1700337948\n|switch|p1a: Cetitan|Cetitan, F|100\/100\n|turn|29\n|c|\u2606ShinyPending|Unfort crit\n|c|\u2606ShinyPending|no crit wouldve won\n|c|\u2606ShinyPending|big rip\n|\n|t:|1700337965\n|move|p1a: Cetitan|Ice Shard|p2a: Ogerpouops\n|-damage|p2a: Ogerpouops|36\/100\n|move|p2a: Ogerpouops|Ivy Cudgel|p1a: Cetitan|[anim] Ivy Cudgel Water\n|-damage|p1a: Cetitan|64\/100\n|\n|-weather|Snow|[upkeep]\n|-heal|p2a: Ogerpouops|42\/100|[from] Grassy Terrain\n|-heal|p1a: Cetitan|70\/100|[from] Grassy Terrain\n|upkeep\n|turn|30\n|c|\u2606D3vilKnight|rip bro\n|c|\u2606ShinyPending|good thing cetitan is insanely bulky\n|c|\u2606ShinyPending|holy shit dude\n|\n|t:|1700337985\n|move|p1a: Cetitan|Ice Shard|p2a: Ogerpouops\n|-damage|p2a: Ogerpouops|0 fnt\n|faint|p2a: Ogerpouops\n|\n|-weather|none\n|-heal|p1a: Cetitan|77\/100|[from] Grassy Terrain\n|-fieldend|move: Grassy Terrain\n|upkeep\n|\n|t:|1700337988\n|switch|p2a: Snitcher|Sneasler, F|67\/100 par\n|-damage|p2a: Snitcher|42\/100 par|[from] Spikes\n|turn|31\n|c|\u2606ShinyPending|who decided to give this dude a hundred million health\n|\n|t:|1700337996\n|move|p1a: Cetitan|Ice Shard|p2a: Snitcher\n|-damage|p2a: Snitcher|0 fnt\n|faint|p2a: Snitcher\n|\n|win|ShinyPending\n|raw|ShinyPending's rating: 1372 &rarr; <strong>1390<\/strong><br \/>(+18 for winning)\n|raw|D3vilKnight's rating: 1345 &rarr; <strong>1327<\/strong><br \/>(-18 for losing)\n|c|\u2606ShinyPending|gg\n|c|\u2606D3vilKnight|gg bro\n|c|\u2606D3vilKnight|have a good night\n|c|\u2606ShinyPending|you too\n","uploadtime":1700338017,"views":16,"p1id":"shinypending","p2id":"d3vilknight","formatid":"gen9ou","rating":1327,"private":0,"password":""}