{"id":"gen9ou-1996234216","p1":"jw0311","p2":"yyysneasel","format":"[Gen 9] OU","log":"|j|\u2606jw0311\n|j|\u2606yyysneasel\n|t:|1700662291\n|gametype|singles\n|player|p1|jw0311|ghetsis-gen5bw|1784\n|player|p2|yyysneasel|bugcatcher-gen4dp|1692\n|teamsize|p1|6\n|teamsize|p2|6\n|gen|9\n|tier|[Gen 9] OU\n|rated|\n|rule|Sleep Clause Mod: Limit one foe put to sleep\n|rule|Species Clause: Limit one of each Pok\u00e9mon\n|rule|OHKO Clause: OHKO moves are banned\n|rule|Evasion Items Clause: Evasion items are banned\n|rule|Evasion Moves Clause: Evasion moves are banned\n|rule|Endless Battle Clause: Forcing endless battles is banned\n|rule|HP Percentage Mod: HP is shown in percentages\n|clearpoke\n|poke|p1|Dragapult, F|\n|poke|p1|Toxapex, M|\n|poke|p1|Iron Valiant|\n|poke|p1|Kingambit, M|\n|poke|p1|Great Tusk|\n|poke|p1|Dondozo, M|\n|poke|p2|Corviknight, M|\n|poke|p2|Toxapex, M|\n|poke|p2|Dondozo, M|\n|poke|p2|Slowking-Galar, M|\n|poke|p2|Blissey, F|\n|poke|p2|Clefable, M|\n|teampreview\n|inactive|Battle timer is ON: inactive players will automatically lose when time's up. (requested by jw0311)\n|\n|t:|1700662298\n|start\n|switch|p1a: Toxapex|Toxapex, M|100\/100\n|switch|p2a: stannin on bihness|Toxapex, M|100\/100\n|turn|1\n|\n|t:|1700662322\n|switch|p2a: Slowking|Slowking-Galar, M|100\/100\n|move|p1a: Toxapex|Infestation|p2a: Slowking\n|-damage|p2a: Slowking|96\/100\n|-activate|p2a: Slowking|move: Infestation|[of] p1a: Toxapex\n|\n|-damage|p2a: Slowking|84\/100|[from] move: Infestation|[partiallytrapped]\n|upkeep\n|turn|2\n|\n|t:|1700662327\n|switch|p1a: Iron Valiant|Iron Valiant|100\/100\n|-enditem|p1a: Iron Valiant|Booster Energy\n|-activate|p1a: Iron Valiant|ability: Quark Drive|[fromitem]\n|-start|p1a: Iron Valiant|quarkdrivespe\n|move|p2a: Slowking|Trick|p1a: Iron Valiant\n|-activate|p2a: Slowking|move: Trick|[of] p1a: Iron Valiant\n|-item|p1a: Iron Valiant|Choice Scarf|[from] move: Trick\n|-enditem|p2a: Slowking|Choice Scarf|[silent]|[from] move: Trick\n|\n|-end|p2a: Slowking|Infestation|[partiallytrapped]|[silent]\n|upkeep\n|turn|3\n|\n|t:|1700662337\n|switch|p2a: stannin on bihness|Toxapex, M|100\/100\n|move|p1a: Iron Valiant|Psyshock|p2a: stannin on bihness\n|-supereffective|p2a: stannin on bihness\n|-damage|p2a: stannin on bihness|68\/100\n|\n|upkeep\n|turn|4\n|\n|t:|1700662342\n|-end|p1a: Iron Valiant|Quark Drive|[silent]\n|switch|p1a: Toxapex|Toxapex, M|100\/100\n|move|p2a: stannin on bihness|Infestation|p1a: Toxapex\n|-resisted|p1a: Toxapex\n|-damage|p1a: Toxapex|99\/100\n|-activate|p1a: Toxapex|move: Infestation|[of] p2a: stannin on bihness\n|\n|-damage|p1a: Toxapex|87\/100|[from] move: Infestation|[partiallytrapped]\n|upkeep\n|turn|5\n|\n|t:|1700662345\n|switch|p2a: Slowking|Slowking-Galar, M|100\/100\n|move|p1a: Toxapex|Infestation|p2a: Slowking\n|-damage|p2a: Slowking|97\/100\n|-activate|p2a: Slowking|move: Infestation|[of] p1a: Toxapex\n|\n|-damage|p2a: Slowking|84\/100|[from] move: Infestation|[partiallytrapped]\n|-end|p1a: Toxapex|Infestation|[partiallytrapped]|[silent]\n|upkeep\n|turn|6\n|\n|t:|1700662352\n|switch|p1a: Iron Valiant|Iron Valiant|100\/100\n|move|p2a: Slowking|Future Sight|p1a: Iron Valiant\n|-start|p2a: Slowking|move: Future Sight\n|\n|-end|p2a: Slowking|Infestation|[partiallytrapped]|[silent]\n|upkeep\n|turn|7\n|\n|t:|1700662359\n|move|p1a: Iron Valiant|Psyshock|p2a: Slowking\n|-damage|p2a: Slowking|53\/100\n|move|p2a: Slowking|Sludge Bomb|p1a: Iron Valiant\n|-supereffective|p1a: Iron Valiant\n|-damage|p1a: Iron Valiant|0 fnt\n|faint|p1a: Iron Valiant\n|-end|p1a: Iron Valiant|Quark Drive|[silent]\n|\n|upkeep\n|\n|t:|1700662361\n|switch|p1a: Kingambit|Kingambit, M|100\/100\n|-activate|p1a: Kingambit|ability: Supreme Overlord\n|-start|p1a: Kingambit|fallen1|[silent]\n|turn|8\n|\n|t:|1700662366\n|switch|p2a: stannin on bihness|Toxapex, M|100\/100\n|move|p1a: Kingambit|Kowtow Cleave|p2a: stannin on bihness\n|-damage|p2a: stannin on bihness|67\/100\n|\n|-end|p1a: Kingambit|move: Future Sight\n|-immune|p1a: Kingambit\n|upkeep\n|turn|9\n|\n|t:|1700662369\n|move|p1a: Kingambit|Swords Dance|p1a: Kingambit\n|-boost|p1a: Kingambit|atk|2\n|move|p2a: stannin on bihness|Infestation|p1a: Kingambit\n|-damage|p1a: Kingambit|98\/100\n|-activate|p1a: Kingambit|move: Infestation|[of] p2a: stannin on bihness\n|\n|-heal|p1a: Kingambit|100\/100|[from] item: Leftovers\n|-damage|p1a: Kingambit|88\/100|[from] move: Infestation|[partiallytrapped]\n|upkeep\n|turn|10\n|\n|t:|1700662373\n|switch|p2a: Ripbozo \ud83d\ude02 \ud83d\ude02|Dondozo, M|100\/100\n|move|p1a: Kingambit|Kowtow Cleave|p2a: Ripbozo \ud83d\ude02 \ud83d\ude02\n|-damage|p2a: Ripbozo \ud83d\ude02 \ud83d\ude02|77\/100\n|\n|-heal|p1a: Kingambit|94\/100|[from] item: Leftovers\n|-heal|p2a: Ripbozo \ud83d\ude02 \ud83d\ude02|83\/100|[from] item: Leftovers\n|-end|p1a: Kingambit|Infestation|[partiallytrapped]|[silent]\n|upkeep\n|turn|11\n|\n|t:|1700662376\n|-end|p1a: Kingambit|fallen1|[silent]\n|switch|p1a: Great Tusk|Great Tusk|100\/100\n|move|p2a: Ripbozo \ud83d\ude02 \ud83d\ude02|Curse|p2a: Ripbozo \ud83d\ude02 \ud83d\ude02\n|-unboost|p2a: Ripbozo \ud83d\ude02 \ud83d\ude02|spe|1\n|-boost|p2a: Ripbozo \ud83d\ude02 \ud83d\ude02|atk|1\n|-boost|p2a: Ripbozo \ud83d\ude02 \ud83d\ude02|def|1\n|\n|-heal|p2a: Ripbozo \ud83d\ude02 \ud83d\ude02|90\/100|[from] item: Leftovers\n|upkeep\n|turn|12\n|\n|t:|1700662378\n|move|p1a: Great Tusk|Knock Off|p2a: Ripbozo \ud83d\ude02 \ud83d\ude02\n|-damage|p2a: Ripbozo \ud83d\ude02 \ud83d\ude02|81\/100\n|-enditem|p2a: Ripbozo \ud83d\ude02 \ud83d\ude02|Leftovers|[from] move: Knock Off|[of] p1a: Great Tusk\n|move|p2a: Ripbozo \ud83d\ude02 \ud83d\ude02|Wave Crash|p1a: Great Tusk\n|-supereffective|p1a: Great Tusk\n|-damage|p1a: Great Tusk|41\/100\n|-damage|p2a: Ripbozo \ud83d\ude02 \ud83d\ude02|65\/100|[from] Recoil\n|\n|-heal|p1a: Great Tusk|47\/100|[from] item: Leftovers\n|upkeep\n|turn|13\n|\n|t:|1700662382\n|-end|p1a: Great Tusk|Protosynthesis|[silent]\n|switch|p1a: Toxapex|Toxapex, M|100\/100\n|move|p2a: Ripbozo \ud83d\ude02 \ud83d\ude02|Wave Crash|p1a: Toxapex\n|-resisted|p1a: Toxapex\n|-damage|p1a: Toxapex|76\/100\n|-damage|p2a: Ripbozo \ud83d\ude02 \ud83d\ude02|60\/100|[from] Recoil\n|\n|upkeep\n|turn|14\n|\n|t:|1700662389\n|switch|p1a: Kingambit|Kingambit, M|94\/100\n|-activate|p1a: Kingambit|ability: Supreme Overlord\n|-start|p1a: Kingambit|fallen1|[silent]\n|switch|p2a: Slowking|Slowking-Galar, M|87\/100\n|\n|-heal|p1a: Kingambit|100\/100|[from] item: Leftovers\n|upkeep\n|turn|15\n|\n|t:|1700662391\n|switch|p2a: Ripbozo \ud83d\ude02 \ud83d\ude02|Dondozo, M|60\/100\n|move|p1a: Kingambit|Kowtow Cleave|p2a: Ripbozo \ud83d\ude02 \ud83d\ude02\n|-damage|p2a: Ripbozo \ud83d\ude02 \ud83d\ude02|36\/100\n|\n|upkeep\n|turn|16\n|\n|t:|1700662395\n|move|p1a: Kingambit|Kowtow Cleave|p2a: Ripbozo \ud83d\ude02 \ud83d\ude02\n|-damage|p2a: Ripbozo \ud83d\ude02 \ud83d\ude02|12\/100\n|move|p2a: Ripbozo \ud83d\ude02 \ud83d\ude02|Rest|p2a: Ripbozo \ud83d\ude02 \ud83d\ude02\n|-status|p2a: Ripbozo \ud83d\ude02 \ud83d\ude02|slp|[from] move: Rest\n|-heal|p2a: Ripbozo \ud83d\ude02 \ud83d\ude02|100\/100 slp|[silent]\n|\n|upkeep\n|turn|17\n|\n|t:|1700662397\n|move|p1a: Kingambit|Kowtow Cleave|p2a: Ripbozo \ud83d\ude02 \ud83d\ude02\n|-damage|p2a: Ripbozo \ud83d\ude02 \ud83d\ude02|74\/100 slp\n|cant|p2a: Ripbozo \ud83d\ude02 \ud83d\ude02|slp\n|move|p2a: Ripbozo \ud83d\ude02 \ud83d\ude02|Sleep Talk|p2a: Ripbozo \ud83d\ude02 \ud83d\ude02\n|move|p2a: Ripbozo \ud83d\ude02 \ud83d\ude02|Curse|p2a: Ripbozo \ud83d\ude02 \ud83d\ude02|[from]move: Sleep Talk\n|-unboost|p2a: Ripbozo \ud83d\ude02 \ud83d\ude02|spe|1\n|-boost|p2a: Ripbozo \ud83d\ude02 \ud83d\ude02|atk|1\n|-boost|p2a: Ripbozo \ud83d\ude02 \ud83d\ude02|def|1\n|\n|upkeep\n|turn|18\n|\n|t:|1700662400\n|move|p1a: Kingambit|Kowtow Cleave|p2a: Ripbozo \ud83d\ude02 \ud83d\ude02\n|-damage|p2a: Ripbozo \ud83d\ude02 \ud83d\ude02|57\/100 slp\n|cant|p2a: Ripbozo \ud83d\ude02 \ud83d\ude02|slp\n|move|p2a: Ripbozo \ud83d\ude02 \ud83d\ude02|Sleep Talk|p2a: Ripbozo \ud83d\ude02 \ud83d\ude02\n|move|p2a: Ripbozo \ud83d\ude02 \ud83d\ude02|Rest||[from]move: Sleep Talk|[still]\n|-fail|p2a: Ripbozo \ud83d\ude02 \ud83d\ude02\n|\n|upkeep\n|turn|19\n|\n|t:|1700662404\n|-end|p1a: Kingambit|fallen1|[silent]\n|switch|p1a: Toxapex|Toxapex, M|100\/100\n|-curestatus|p2a: Ripbozo \ud83d\ude02 \ud83d\ude02|slp|[msg]\n|move|p2a: Ripbozo \ud83d\ude02 \ud83d\ude02|Wave Crash|p1a: Toxapex\n|-resisted|p1a: Toxapex\n|-damage|p1a: Toxapex|78\/100\n|-damage|p2a: Ripbozo \ud83d\ude02 \ud83d\ude02|53\/100|[from] Recoil\n|\n|upkeep\n|turn|20\n|\n|t:|1700662408\n|switch|p1a: Kingambit|Kingambit, M|100\/100\n|-activate|p1a: Kingambit|ability: Supreme Overlord\n|-start|p1a: Kingambit|fallen1|[silent]\n|switch|p2a: stannin on bihness|Toxapex, M|99\/100\n|\n|upkeep\n|turn|21\n|\n|t:|1700662411\n|move|p1a: Kingambit|Swords Dance|p1a: Kingambit\n|-boost|p1a: Kingambit|atk|2\n|move|p2a: stannin on bihness|Infestation|p1a: Kingambit\n|-damage|p1a: Kingambit|98\/100\n|-activate|p1a: Kingambit|move: Infestation|[of] p2a: stannin on bihness\n|\n|-heal|p1a: Kingambit|100\/100|[from] item: Leftovers\n|-damage|p1a: Kingambit|88\/100|[from] move: Infestation|[partiallytrapped]\n|upkeep\n|turn|22\n|\n|t:|1700662414\n|move|p1a: Kingambit|Kowtow Cleave|p2a: stannin on bihness\n|-damage|p2a: stannin on bihness|30\/100\n|move|p2a: stannin on bihness|Surf|p1a: Kingambit\n|-damage|p1a: Kingambit|70\/100\n|\n|-heal|p1a: Kingambit|76\/100|[from] item: Leftovers\n|-damage|p1a: Kingambit|63\/100|[from] move: Infestation|[partiallytrapped]\n|upkeep\n|turn|23\n|\n|t:|1700662417\n|switch|p2a: Ripbozo \ud83d\ude02 \ud83d\ude02|Dondozo, M|53\/100\n|move|p1a: Kingambit|Kowtow Cleave|p2a: Ripbozo \ud83d\ude02 \ud83d\ude02\n|-damage|p2a: Ripbozo \ud83d\ude02 \ud83d\ude02|29\/100\n|\n|-heal|p1a: Kingambit|70\/100|[from] item: Leftovers\n|-end|p1a: Kingambit|Infestation|[partiallytrapped]|[silent]\n|upkeep\n|turn|24\n|\n|t:|1700662421\n|move|p1a: Kingambit|Kowtow Cleave|p2a: Ripbozo \ud83d\ude02 \ud83d\ude02\n|-damage|p2a: Ripbozo \ud83d\ude02 \ud83d\ude02|6\/100\n|move|p2a: Ripbozo \ud83d\ude02 \ud83d\ude02|Rest|p2a: Ripbozo \ud83d\ude02 \ud83d\ude02\n|-status|p2a: Ripbozo \ud83d\ude02 \ud83d\ude02|slp|[from] move: Rest\n|-heal|p2a: Ripbozo \ud83d\ude02 \ud83d\ude02|100\/100 slp|[silent]\n|\n|-heal|p1a: Kingambit|76\/100|[from] item: Leftovers\n|upkeep\n|turn|25\n|\n|t:|1700662426\n|-end|p1a: Kingambit|fallen1|[silent]\n|switch|p1a: Toxapex|Toxapex, M|100\/100\n|cant|p2a: Ripbozo \ud83d\ude02 \ud83d\ude02|slp\n|move|p2a: Ripbozo \ud83d\ude02 \ud83d\ude02|Sleep Talk|p2a: Ripbozo \ud83d\ude02 \ud83d\ude02\n|move|p2a: Ripbozo \ud83d\ude02 \ud83d\ude02|Wave Crash|p1a: Toxapex|[from]move: Sleep Talk\n|-resisted|p1a: Toxapex\n|-damage|p1a: Toxapex|84\/100\n|-damage|p2a: Ripbozo \ud83d\ude02 \ud83d\ude02|97\/100 slp|[from] Recoil\n|\n|upkeep\n|turn|26\n|\n|t:|1700662433\n|switch|p2a: Slowking|Slowking-Galar, M|100\/100\n|switch|p1a: Dragapult|Dragapult, F|100\/100\n|\n|upkeep\n|turn|27\n|j| mew852\n|\n|t:|1700662436\n|switch|p2a: ban dengo ffs|Blissey, F|100\/100\n|-terastallize|p1a: Dragapult|Dragon\n|move|p1a: Dragapult|Dragon Darts|p2a: ban dengo ffs\n|-damage|p2a: ban dengo ffs|52\/100\n|-anim|p1a: Dragapult|Dragon Darts|p2a: ban dengo ffs\n|-damage|p2a: ban dengo ffs|8\/100\n|\n|upkeep\n|turn|28\n|\n|t:|1700662440\n|switch|p1a: Toxapex|Toxapex, M|100\/100\n|switch|p2a: It's Joever|Clefable, M|100\/100\n|\n|upkeep\n|turn|29\n|\n|t:|1700662445\n|switch|p2a: Slowking|Slowking-Galar, M|100\/100\n|switch|p1a: Dragapult|Dragapult, F, tera:Dragon|100\/100\n|\n|upkeep\n|turn|30\n|\n|t:|1700662449\n|switch|p2a: It's Joever|Clefable, M|100\/100\n|move|p1a: Dragapult|U-turn|p2a: It's Joever\n|-resisted|p2a: It's Joever\n|-damage|p2a: It's Joever|81\/100\n|\n|t:|1700662451\n|switch|p1a: Toxapex|Toxapex, M|100\/100|[from] U-turn\n|\n|upkeep\n|turn|31\n|\n|t:|1700662453\n|switch|p1a: Dragapult|Dragapult, F, tera:Dragon|100\/100\n|move|p2a: It's Joever|Protect||[still]\n|-fail|p2a: It's Joever\n|\n|upkeep\n|turn|32\n|\n|t:|1700662456\n|switch|p1a: Toxapex|Toxapex, M|100\/100\n|move|p2a: It's Joever|Wish|p2a: It's Joever\n|\n|upkeep\n|turn|33\n|\n|t:|1700662460\n|move|p2a: It's Joever|Protect|p2a: It's Joever\n|-singleturn|p2a: It's Joever|Protect\n|move|p1a: Toxapex|Sludge Bomb|p2a: It's Joever\n|-activate|p2a: It's Joever|move: Protect\n|\n|-heal|p2a: It's Joever|100\/100|[from] move: Wish|[wisher] It's Joever\n|upkeep\n|turn|34\n|\n|t:|1700662463\n|switch|p2a: Slowking|Slowking-Galar, M|100\/100\n|move|p1a: Toxapex|Infestation|p2a: Slowking\n|-damage|p2a: Slowking|96\/100\n|-activate|p2a: Slowking|move: Infestation|[of] p1a: Toxapex\n|\n|-damage|p2a: Slowking|84\/100|[from] move: Infestation|[partiallytrapped]\n|upkeep\n|turn|35\n|\n|t:|1700662465\n|move|p2a: Slowking|Future Sight|p1a: Toxapex\n|-start|p2a: Slowking|move: Future Sight\n|move|p1a: Toxapex|Acid Spray|p2a: Slowking\n|-resisted|p2a: Slowking\n|-damage|p2a: Slowking|78\/100\n|-unboost|p2a: Slowking|spd|2\n|\n|-damage|p2a: Slowking|65\/100|[from] move: Infestation|[partiallytrapped]\n|upkeep\n|turn|36\n|\n|t:|1700662472\n|move|p2a: Slowking|Trick|p1a: Toxapex\n|-activate|p2a: Slowking|move: Trick|[of] p1a: Toxapex\n|-enditem|p1a: Toxapex|Assault Vest|[silent]|[from] move: Trick\n|-item|p2a: Slowking|Assault Vest|[from] move: Trick\n|move|p1a: Toxapex|Surf|p2a: Slowking\n|-damage|p2a: Slowking|29\/100\n|\n|-damage|p2a: Slowking|16\/100|[from] move: Infestation|[partiallytrapped]\n|upkeep\n|turn|37\n|\n|t:|1700662479\n|move|p2a: Slowking|Sludge Bomb|p1a: Toxapex\n|-resisted|p1a: Toxapex\n|-damage|p1a: Toxapex|84\/100\n|move|p1a: Toxapex|Surf|p2a: Slowking\n|-crit|p2a: Slowking\n|-damage|p2a: Slowking|0 fnt\n|faint|p2a: Slowking\n|\n|-end|p1a: Toxapex|move: Future Sight\n|-supereffective|p1a: Toxapex\n|-damage|p1a: Toxapex|0 fnt\n|faint|p1a: Toxapex\n|upkeep\n|\n|t:|1700662484\n|switch|p2a: stannin on bihness|Toxapex, M|63\/100\n|switch|p1a: Dragapult|Dragapult, F, tera:Dragon|100\/100\n|turn|38\n|\n|t:|1700662489\n|switch|p2a: It's Joever|Clefable, M|100\/100\n|move|p1a: Dragapult|Dragon Darts|p2a: It's Joever\n|-immune|p2a: It's Joever\n|\n|upkeep\n|turn|39\n|c|\u2606yyysneasel|gg\n|\n|t:|1700662498\n|switch|p1a: Kingambit|Kingambit, M|76\/100\n|-activate|p1a: Kingambit|ability: Supreme Overlord\n|-start|p1a: Kingambit|fallen2|[silent]\n|move|p2a: It's Joever|Knock Off|p1a: Kingambit\n|-resisted|p1a: Kingambit\n|-damage|p1a: Kingambit|69\/100\n|-enditem|p1a: Kingambit|Leftovers|[from] move: Knock Off|[of] p2a: It's Joever\n|\n|upkeep\n|turn|40\n|\n|t:|1700662503\n|switch|p2a: stannin on bihness|Toxapex, M|96\/100\n|move|p1a: Kingambit|Iron Head|p2a: stannin on bihness\n|-resisted|p2a: stannin on bihness\n|-damage|p2a: stannin on bihness|80\/100\n|\n|upkeep\n|turn|41\n|\n|t:|1700662505\n|move|p1a: Kingambit|Swords Dance|p1a: Kingambit\n|-boost|p1a: Kingambit|atk|2\n|move|p2a: stannin on bihness|Infestation|p1a: Kingambit\n|-damage|p1a: Kingambit|66\/100\n|-activate|p1a: Kingambit|move: Infestation|[of] p2a: stannin on bihness\n|\n|-damage|p1a: Kingambit|54\/100|[from] move: Infestation|[partiallytrapped]\n|upkeep\n|turn|42\n|\n|t:|1700662510\n|move|p1a: Kingambit|Kowtow Cleave|p2a: stannin on bihness\n|-damage|p2a: stannin on bihness|6\/100\n|move|p2a: stannin on bihness|Surf|p1a: Kingambit\n|-damage|p1a: Kingambit|35\/100\n|\n|-damage|p1a: Kingambit|22\/100|[from] move: Infestation|[partiallytrapped]\n|upkeep\n|turn|43\n|\n|t:|1700662513\n|switch|p2a: Ripbozo \ud83d\ude02 \ud83d\ude02|Dondozo, M|97\/100 slp\n|move|p1a: Kingambit|Iron Head|p2a: Ripbozo \ud83d\ude02 \ud83d\ude02\n|-resisted|p2a: Ripbozo \ud83d\ude02 \ud83d\ude02\n|-damage|p2a: Ripbozo \ud83d\ude02 \ud83d\ude02|85\/100 slp\n|\n|-end|p1a: Kingambit|Infestation|[partiallytrapped]|[silent]\n|upkeep\n|turn|44\n|\n|t:|1700662518\n|-end|p1a: Kingambit|fallen2|[silent]\n|switch|p1a: Great Tusk|Great Tusk|47\/100\n|cant|p2a: Ripbozo \ud83d\ude02 \ud83d\ude02|slp\n|move|p2a: Ripbozo \ud83d\ude02 \ud83d\ude02|Sleep Talk|p2a: Ripbozo \ud83d\ude02 \ud83d\ude02\n|move|p2a: Ripbozo \ud83d\ude02 \ud83d\ude02|Wave Crash|p1a: Great Tusk|[from]move: Sleep Talk\n|-supereffective|p1a: Great Tusk\n|-damage|p1a: Great Tusk|7\/100\n|-damage|p2a: Ripbozo \ud83d\ude02 \ud83d\ude02|74\/100 slp|[from] Recoil\n|\n|-heal|p1a: Great Tusk|13\/100|[from] item: Leftovers\n|upkeep\n|turn|45\n|\n|t:|1700662522\n|move|p1a: Great Tusk|Stealth Rock|p2a: Ripbozo \ud83d\ude02 \ud83d\ude02\n|-sidestart|p2: yyysneasel|move: Stealth Rock\n|-curestatus|p2a: Ripbozo \ud83d\ude02 \ud83d\ude02|slp|[msg]\n|move|p2a: Ripbozo \ud83d\ude02 \ud83d\ude02|Wave Crash|p1a: Great Tusk\n|-supereffective|p1a: Great Tusk\n|-damage|p1a: Great Tusk|0 fnt\n|faint|p1a: Great Tusk\n|-end|p1a: Great Tusk|Protosynthesis|[silent]\n|-damage|p2a: Ripbozo \ud83d\ude02 \ud83d\ude02|70\/100|[from] Recoil\n|\n|upkeep\n|\n|t:|1700662525\n|switch|p1a: Dragapult|Dragapult, F, tera:Dragon|100\/100\n|turn|46\n|\n|t:|1700662528\n|switch|p2a: It's Joever|Clefable, M|100\/100\n|move|p1a: Dragapult|U-turn|p2a: It's Joever\n|-resisted|p2a: It's Joever\n|-damage|p2a: It's Joever|78\/100\n|\n|t:|1700662532\n|switch|p1a: Kingambit|Kingambit, M|22\/100|[from] U-turn\n|-activate|p1a: Kingambit|ability: Supreme Overlord\n|-start|p1a: Kingambit|fallen3|[silent]\n|\n|upkeep\n|turn|47\n|\n|t:|1700662536\n|switch|p2a: Ripbozo \ud83d\ude02 \ud83d\ude02|Dondozo, M|70\/100\n|-damage|p2a: Ripbozo \ud83d\ude02 \ud83d\ude02|57\/100|[from] Stealth Rock\n|move|p1a: Kingambit|Iron Head|p2a: Ripbozo \ud83d\ude02 \ud83d\ude02\n|-resisted|p2a: Ripbozo \ud83d\ude02 \ud83d\ude02\n|-damage|p2a: Ripbozo \ud83d\ude02 \ud83d\ude02|45\/100\n|\n|upkeep\n|turn|48\n|\n|t:|1700662541\n|-end|p1a: Kingambit|fallen3|[silent]\n|switch|p1a: Dragapult|Dragapult, F, tera:Dragon|100\/100\n|move|p2a: Ripbozo \ud83d\ude02 \ud83d\ude02|Rest|p2a: Ripbozo \ud83d\ude02 \ud83d\ude02\n|-status|p2a: Ripbozo \ud83d\ude02 \ud83d\ude02|slp|[from] move: Rest\n|-heal|p2a: Ripbozo \ud83d\ude02 \ud83d\ude02|100\/100 slp|[silent]\n|\n|upkeep\n|turn|49\n|\n|t:|1700662543\n|switch|p2a: ban dengo ffs|Blissey, F|8\/100\n|move|p1a: Dragapult|U-turn|p2a: ban dengo ffs\n|-damage|p2a: ban dengo ffs|0 fnt\n|faint|p2a: ban dengo ffs\n|\n|t:|1700662547\n|switch|p1a: Kingambit|Kingambit, M|22\/100|[from] U-turn\n|-activate|p1a: Kingambit|ability: Supreme Overlord\n|-start|p1a: Kingambit|fallen3|[silent]\n|\n|upkeep\n|\n|t:|1700662551\n|switch|p2a: stannin on bihness|Toxapex, M|39\/100\n|turn|50\n|\n|t:|1700662555\n|switch|p2a: FreePalestine\ud83c\uddf5\ud83c\uddf8|Corviknight, M|100\/100\n|-damage|p2a: FreePalestine\ud83c\uddf5\ud83c\uddf8|88\/100|[from] Stealth Rock\n|-ability|p2a: FreePalestine\ud83c\uddf5\ud83c\uddf8|Pressure\n|move|p1a: Kingambit|Kowtow Cleave|p2a: FreePalestine\ud83c\uddf5\ud83c\uddf8\n|-damage|p2a: FreePalestine\ud83c\uddf5\ud83c\uddf8|47\/100\n|-damage|p1a: Kingambit|6\/100|[from] item: Rocky Helmet|[of] p2a: FreePalestine\ud83c\uddf5\ud83c\uddf8\n|\n|upkeep\n|turn|51\n|\n|t:|1700662559\n|-end|p1a: Kingambit|fallen3|[silent]\n|switch|p1a: Dondozo|Dondozo, M|100\/100\n|move|p2a: FreePalestine\ud83c\uddf5\ud83c\uddf8|Defog|p1a: Dondozo\n|-unboost|p1a: Dondozo|evasion|1\n|-sideend|p2: yyysneasel|Stealth Rock|[from] move: Defog|[of] p2a: FreePalestine\ud83c\uddf5\ud83c\uddf8\n|\n|upkeep\n|turn|52\n|\n|t:|1700662562\n|move|p2a: FreePalestine\ud83c\uddf5\ud83c\uddf8|Roost|p2a: FreePalestine\ud83c\uddf5\ud83c\uddf8\n|-heal|p2a: FreePalestine\ud83c\uddf5\ud83c\uddf8|97\/100\n|-singleturn|p2a: FreePalestine\ud83c\uddf5\ud83c\uddf8|move: Roost\n|move|p1a: Dondozo|Curse|p1a: Dondozo\n|-unboost|p1a: Dondozo|spe|1\n|-boost|p1a: Dondozo|atk|1\n|-boost|p1a: Dondozo|def|1\n|\n|upkeep\n|turn|53\n|\n|t:|1700662565\n|switch|p2a: stannin on bihness|Toxapex, M|72\/100\n|move|p1a: Dondozo|Curse|p1a: Dondozo\n|-unboost|p1a: Dondozo|spe|1\n|-boost|p1a: Dondozo|atk|1\n|-boost|p1a: Dondozo|def|1\n|\n|upkeep\n|turn|54\n|\n|t:|1700662567\n|move|p2a: stannin on bihness|Toxic|p1a: Dondozo\n|-status|p1a: Dondozo|tox\n|move|p1a: Dondozo|Waterfall|p2a: stannin on bihness\n|-resisted|p2a: stannin on bihness\n|-damage|p2a: stannin on bihness|55\/100\n|\n|-damage|p1a: Dondozo|94\/100 tox|[from] psn\n|upkeep\n|turn|55\n|\n|t:|1700662569\n|move|p2a: stannin on bihness|Infestation|p1a: Dondozo\n|-damage|p1a: Dondozo|92\/100 tox\n|-activate|p1a: Dondozo|move: Infestation|[of] p2a: stannin on bihness\n|-damage|p2a: stannin on bihness|38\/100|[from] item: Rocky Helmet|[of] p1a: Dondozo\n|move|p1a: Dondozo|Waterfall|p2a: stannin on bihness\n|-resisted|p2a: stannin on bihness\n|-damage|p2a: stannin on bihness|22\/100\n|\n|-damage|p1a: Dondozo|79\/100 tox|[from] psn\n|-damage|p1a: Dondozo|67\/100 tox|[from] move: Infestation|[partiallytrapped]\n|upkeep\n|turn|56\n|\n|t:|1700662572\n|move|p2a: stannin on bihness|Recover|p2a: stannin on bihness\n|-heal|p2a: stannin on bihness|72\/100\n|move|p1a: Dondozo|Waterfall|p2a: stannin on bihness\n|-resisted|p2a: stannin on bihness\n|-damage|p2a: stannin on bihness|55\/100\n|\n|-damage|p1a: Dondozo|48\/100 tox|[from] psn\n|-damage|p1a: Dondozo|36\/100 tox|[from] move: Infestation|[partiallytrapped]\n|upkeep\n|turn|57\n|\n|t:|1700662574\n|move|p2a: stannin on bihness|Recover|p2a: stannin on bihness\n|-heal|p2a: stannin on bihness|100\/100\n|move|p1a: Dondozo|Rest|p1a: Dondozo\n|-status|p1a: Dondozo|slp|[from] move: Rest\n|-heal|p1a: Dondozo|100\/100 slp|[silent]\n|\n|-damage|p1a: Dondozo|88\/100 slp|[from] move: Infestation|[partiallytrapped]\n|upkeep\n|turn|58\n|\n|t:|1700662578\n|move|p2a: stannin on bihness|Surf|p1a: Dondozo\n|-resisted|p1a: Dondozo\n|-damage|p1a: Dondozo|79\/100 slp\n|cant|p1a: Dondozo|slp\n|move|p1a: Dondozo|Sleep Talk|p1a: Dondozo\n|move|p1a: Dondozo|Rest||[from]move: Sleep Talk|[still]\n|-fail|p1a: Dondozo\n|\n|-damage|p1a: Dondozo|66\/100 slp|[from] move: Infestation|[partiallytrapped]\n|upkeep\n|turn|59\n|\n|t:|1700662581\n|move|p2a: stannin on bihness|Surf|p1a: Dondozo\n|-resisted|p1a: Dondozo\n|-damage|p1a: Dondozo|57\/100 slp\n|cant|p1a: Dondozo|slp\n|move|p1a: Dondozo|Sleep Talk|p1a: Dondozo\n|move|p1a: Dondozo|Rest||[from]move: Sleep Talk|[still]\n|-fail|p1a: Dondozo\n|\n|-end|p1a: Dondozo|Infestation|[partiallytrapped]\n|upkeep\n|turn|60\n|\n|t:|1700662585\n|move|p2a: stannin on bihness|Infestation|p1a: Dondozo\n|-damage|p1a: Dondozo|54\/100 slp\n|-activate|p1a: Dondozo|move: Infestation|[of] p2a: stannin on bihness\n|-damage|p2a: stannin on bihness|84\/100|[from] item: Rocky Helmet|[of] p1a: Dondozo\n|-curestatus|p1a: Dondozo|slp|[msg]\n|move|p1a: Dondozo|Curse|p1a: Dondozo\n|-unboost|p1a: Dondozo|spe|1\n|-boost|p1a: Dondozo|atk|1\n|-boost|p1a: Dondozo|def|1\n|\n|-damage|p1a: Dondozo|42\/100|[from] move: Infestation|[partiallytrapped]\n|upkeep\n|turn|61\n|\n|t:|1700662588\n|move|p2a: stannin on bihness|Toxic|p1a: Dondozo\n|-status|p1a: Dondozo|tox\n|move|p1a: Dondozo|Curse|p1a: Dondozo\n|-unboost|p1a: Dondozo|spe|1\n|-boost|p1a: Dondozo|atk|1\n|-boost|p1a: Dondozo|def|1\n|\n|-damage|p1a: Dondozo|36\/100 tox|[from] psn\n|-damage|p1a: Dondozo|23\/100 tox|[from] move: Infestation|[partiallytrapped]\n|upkeep\n|turn|62\n|\n|t:|1700662590\n|move|p2a: stannin on bihness|Surf|p1a: Dondozo\n|-resisted|p1a: Dondozo\n|-damage|p1a: Dondozo|15\/100 tox\n|move|p1a: Dondozo|Rest|p1a: Dondozo\n|-status|p1a: Dondozo|slp|[from] move: Rest\n|-heal|p1a: Dondozo|100\/100 slp|[silent]\n|\n|-damage|p1a: Dondozo|88\/100 slp|[from] move: Infestation|[partiallytrapped]\n|upkeep\n|turn|63\n|\n|t:|1700662593\n|move|p2a: stannin on bihness|Infestation|p1a: Dondozo\n|-damage|p1a: Dondozo|85\/100 slp\n|-damage|p2a: stannin on bihness|67\/100|[from] item: Rocky Helmet|[of] p1a: Dondozo\n|cant|p1a: Dondozo|slp\n|move|p1a: Dondozo|Sleep Talk|p1a: Dondozo\n|move|p1a: Dondozo|Curse|p1a: Dondozo|[from]move: Sleep Talk\n|-unboost|p1a: Dondozo|spe|1\n|-boost|p1a: Dondozo|atk|1\n|-boost|p1a: Dondozo|def|1\n|\n|-damage|p1a: Dondozo|73\/100 slp|[from] move: Infestation|[partiallytrapped]\n|upkeep\n|turn|64\n|\n|t:|1700662597\n|move|p2a: stannin on bihness|Infestation|p1a: Dondozo\n|-damage|p1a: Dondozo|70\/100 slp\n|-damage|p2a: stannin on bihness|51\/100|[from] item: Rocky Helmet|[of] p1a: Dondozo\n|cant|p1a: Dondozo|slp\n|move|p1a: Dondozo|Sleep Talk|p1a: Dondozo\n|move|p1a: Dondozo|Waterfall|p2a: stannin on bihness|[from]move: Sleep Talk\n|-resisted|p2a: stannin on bihness\n|-damage|p2a: stannin on bihness|22\/100\n|\n|-end|p1a: Dondozo|Infestation|[partiallytrapped]\n|upkeep\n|turn|65\n|\n|t:|1700662600\n|move|p2a: stannin on bihness|Recover|p2a: stannin on bihness\n|-heal|p2a: stannin on bihness|72\/100\n|-curestatus|p1a: Dondozo|slp|[msg]\n|move|p1a: Dondozo|Waterfall|p2a: stannin on bihness\n|-resisted|p2a: stannin on bihness\n|-damage|p2a: stannin on bihness|41\/100\n|\n|upkeep\n|turn|66\n|\n|t:|1700662603\n|move|p2a: stannin on bihness|Recover|p2a: stannin on bihness\n|-heal|p2a: stannin on bihness|91\/100\n|move|p1a: Dondozo|Waterfall|p2a: stannin on bihness\n|-resisted|p2a: stannin on bihness\n|-damage|p2a: stannin on bihness|62\/100\n|\n|upkeep\n|turn|67\n|\n|t:|1700662605\n|move|p2a: stannin on bihness|Toxic|p1a: Dondozo\n|-status|p1a: Dondozo|tox\n|move|p1a: Dondozo|Waterfall|p2a: stannin on bihness\n|-resisted|p2a: stannin on bihness\n|-damage|p2a: stannin on bihness|31\/100\n|\n|-damage|p1a: Dondozo|64\/100 tox|[from] psn\n|upkeep\n|turn|68\n|\n|t:|1700662608\n|move|p2a: stannin on bihness|Recover|p2a: stannin on bihness\n|-heal|p2a: stannin on bihness|81\/100\n|move|p1a: Dondozo|Waterfall|p2a: stannin on bihness\n|-resisted|p2a: stannin on bihness\n|-damage|p2a: stannin on bihness|51\/100\n|\n|-damage|p1a: Dondozo|51\/100 tox|[from] psn\n|upkeep\n|turn|69\n|\n|t:|1700662611\n|switch|p2a: Ripbozo \ud83d\ude02 \ud83d\ude02|Dondozo, M|100\/100 slp\n|move|p1a: Dondozo|Waterfall|p2a: Ripbozo \ud83d\ude02 \ud83d\ude02\n|-resisted|p2a: Ripbozo \ud83d\ude02 \ud83d\ude02\n|-crit|p2a: Ripbozo \ud83d\ude02 \ud83d\ude02\n|-damage|p2a: Ripbozo \ud83d\ude02 \ud83d\ude02|92\/100 slp\n|\n|-damage|p1a: Dondozo|33\/100 tox|[from] psn\n|upkeep\n|turn|70\n|\n|t:|1700662613\n|switch|p2a: stannin on bihness|Toxapex, M|85\/100\n|move|p1a: Dondozo|Rest|p1a: Dondozo\n|-status|p1a: Dondozo|slp|[from] move: Rest\n|-heal|p1a: Dondozo|100\/100 slp|[silent]\n|\n|upkeep\n|turn|71\n|\n|t:|1700662617\n|move|p2a: stannin on bihness|Infestation|p1a: Dondozo\n|-damage|p1a: Dondozo|97\/100 slp\n|-activate|p1a: Dondozo|move: Infestation|[of] p2a: stannin on bihness\n|-damage|p2a: stannin on bihness|68\/100|[from] item: Rocky Helmet|[of] p1a: Dondozo\n|cant|p1a: Dondozo|slp\n|move|p1a: Dondozo|Sleep Talk|p1a: Dondozo\n|move|p1a: Dondozo|Rest||[from]move: Sleep Talk|[still]\n|-fail|p1a: Dondozo\n|\n|-damage|p1a: Dondozo|85\/100 slp|[from] move: Infestation|[partiallytrapped]\n|upkeep\n|turn|72\n|\n|t:|1700662621\n|switch|p2a: Ripbozo \ud83d\ude02 \ud83d\ude02|Dondozo, M|92\/100 slp\n|cant|p1a: Dondozo|slp\n|move|p1a: Dondozo|Sleep Talk|p1a: Dondozo\n|move|p1a: Dondozo|Rest||[from]move: Sleep Talk|[still]\n|-fail|p1a: Dondozo\n|\n|-end|p1a: Dondozo|Infestation|[partiallytrapped]|[silent]\n|upkeep\n|turn|73\n|\n|t:|1700662624\n|switch|p2a: stannin on bihness|Toxapex, M|100\/100\n|switch|p1a: Dragapult|Dragapult, F, tera:Dragon|100\/100\n|\n|upkeep\n|turn|74\n|\n|t:|1700662627\n|move|p1a: Dragapult|Psychic Fangs|p2a: stannin on bihness\n|-supereffective|p2a: stannin on bihness\n|-crit|p2a: stannin on bihness\n|-damage|p2a: stannin on bihness|17\/100\n|move|p2a: stannin on bihness|Toxic|p1a: Dragapult\n|-status|p1a: Dragapult|tox\n|\n|-damage|p1a: Dragapult|95\/100 tox|[from] psn\n|upkeep\n|turn|75\n|\n|t:|1700662632\n|switch|p1a: Dondozo|Dondozo, M|85\/100 slp\n|switch|p2a: It's Joever|Clefable, M|78\/100\n|\n|upkeep\n|turn|76\n|-message|jw0311 forfeited.\n|\n|win|yyysneasel\n|raw|jw0311's rating: 1784 &rarr; <strong>1759<\/strong><br \/>(-25 for losing)\n|raw|yyysneasel's rating: 1692 &rarr; <strong>1717<\/strong><br \/>(+25 for winning)\n|l|\u2606jw0311\n|l|\u2606yyysneasel\n","uploadtime":1700662667,"views":0,"p1id":"jw0311","p2id":"yyysneasel","formatid":"gen9ou","rating":1717,"private":0,"password":""}