{"id":"gen9ou-1995721167","p1":"pok3monjake","p2":"Leohard","format":"[Gen 9] OU","log":"|j|\u2606pok3monjake\n|j|\u2606Leohard\n|t:|1700596981\n|gametype|singles\n|player|p1|pok3monjake|unknown|1497\n|player|p2|Leohard|nate|1476\n|teamsize|p1|6\n|teamsize|p2|6\n|gen|9\n|tier|[Gen 9] OU\n|rated|\n|rule|Sleep Clause Mod: Limit one foe put to sleep\n|rule|Species Clause: Limit one of each Pok\u00e9mon\n|rule|OHKO Clause: OHKO moves are banned\n|rule|Evasion Items Clause: Evasion items are banned\n|rule|Evasion Moves Clause: Evasion moves are banned\n|rule|Endless Battle Clause: Forcing endless battles is banned\n|rule|HP Percentage Mod: HP is shown in percentages\n|clearpoke\n|poke|p1|Hatterene, F|\n|poke|p1|Rillaboom, F|\n|poke|p1|Hawlucha, M|\n|poke|p1|Great Tusk|\n|poke|p1|Dragapult, M|\n|poke|p1|Kingambit, F|\n|poke|p2|Rillaboom, M|\n|poke|p2|Cinderace, M|\n|poke|p2|Ogerpon-Cornerstone, F|\n|poke|p2|Kingambit, F|\n|poke|p2|Great Tusk|\n|poke|p2|Iron Valiant|\n|teampreview\n|inactive|Battle timer is ON: inactive players will automatically lose when time's up. (requested by Leohard)\n|\n|t:|1700596996\n|start\n|switch|p1a: Dragapult|Dragapult, M|100\/100\n|switch|p2a: Kingambit|Kingambit, F|100\/100\n|-item|p2a: Kingambit|Air Balloon\n|turn|1\n|inactive|pok3monjake has 120 seconds left.\n|\n|t:|1700597038\n|switch|p1a: Hawlucha|Hawlucha, M|100\/100\n|-end|p2a: Kingambit|fallenundefined|[silent]\n|switch|p2a: Cinderace|Cinderace, M|100\/100\n|\n|upkeep\n|turn|2\n|\n|t:|1700597048\n|switch|p1a: Dragapult|Dragapult, M|100\/100\n|move|p2a: Cinderace|Will-O-Wisp|p1a: Dragapult\n|-status|p1a: Dragapult|brn\n|\n|-damage|p1a: Dragapult|95\/100 brn|[from] brn\n|upkeep\n|turn|3\n|inactive|pok3monjake has 120 seconds left.\n|\n|t:|1700597056\n|move|p1a: Dragapult|U-turn|p2a: Cinderace\n|-resisted|p2a: Cinderace\n|-damage|p2a: Cinderace|95\/100\n|\n|t:|1700597060\n|switch|p1a: Great Tusk|Great Tusk|100\/100|[from] U-turn\n|move|p2a: Cinderace|U-turn|p1a: Great Tusk\n|-resisted|p1a: Great Tusk\n|-damage|p1a: Great Tusk|94\/100\n|\n|t:|1700597067\n|switch|p2a: Rillaboom|Rillaboom, M|100\/100|[from] U-turn\n|-fieldstart|move: Grassy Terrain|[from] ability: Grassy Surge|[of] p2a: Rillaboom\n|\n|-heal|p1a: Great Tusk|99\/100|[from] Grassy Terrain\n|upkeep\n|turn|4\n|inactive|pok3monjake has 120 seconds left.\n|inactive|pok3monjake has 90 seconds left.\n|\n|t:|1700597131\n|-end|p1a: Great Tusk|Protosynthesis|[silent]\n|switch|p1a: Kingambit|Kingambit, F|100\/100\n|move|p2a: Rillaboom|Wood Hammer|p1a: Kingambit\n|-resisted|p1a: Kingambit\n|-damage|p1a: Kingambit|53\/100\n|-damage|p2a: Rillaboom|84\/100|[from] Recoil\n|\n|-heal|p2a: Rillaboom|90\/100|[from] Grassy Terrain\n|-heal|p1a: Kingambit|60\/100|[from] Grassy Terrain\n|-heal|p1a: Kingambit|66\/100|[from] item: Leftovers\n|upkeep\n|turn|5\n|\n|t:|1700597146\n|switch|p2a: Cinderace|Cinderace, M|95\/100\n|move|p1a: Kingambit|Iron Head|p2a: Cinderace\n|-resisted|p2a: Cinderace\n|-damage|p2a: Cinderace|67\/100\n|\n|-heal|p2a: Cinderace|73\/100|[from] Grassy Terrain\n|-heal|p1a: Kingambit|72\/100|[from] Grassy Terrain\n|-heal|p1a: Kingambit|78\/100|[from] item: Leftovers\n|upkeep\n|turn|6\n|\n|t:|1700597158\n|-end|p1a: Kingambit|fallenundefined|[silent]\n|switch|p1a: Dragapult|Dragapult, M|95\/100 brn\n|move|p2a: Cinderace|U-turn|p1a: Dragapult\n|-resisted|p1a: Dragapult\n|-damage|p1a: Dragapult|82\/100 brn\n|\n|t:|1700597164\n|switch|p2a: Rillaboom|Rillaboom, M|90\/100|[from] U-turn\n|\n|-heal|p1a: Dragapult|88\/100 brn|[from] Grassy Terrain\n|-heal|p2a: Rillaboom|96\/100|[from] Grassy Terrain\n|-damage|p1a: Dragapult|82\/100 brn|[from] brn\n|upkeep\n|turn|7\n|\n|t:|1700597170\n|move|p1a: Dragapult|U-turn|p2a: Rillaboom\n|-supereffective|p2a: Rillaboom\n|-damage|p2a: Rillaboom|77\/100\n|\n|t:|1700597175\n|switch|p1a: Kingambit|Kingambit, F|78\/100|[from] U-turn\n|move|p2a: Rillaboom|Knock Off|p1a: Kingambit\n|-resisted|p1a: Kingambit\n|-damage|p1a: Kingambit|57\/100\n|-enditem|p1a: Kingambit|Leftovers|[from] move: Knock Off|[of] p2a: Rillaboom\n|\n|-heal|p2a: Rillaboom|83\/100|[from] Grassy Terrain\n|-heal|p1a: Kingambit|64\/100|[from] Grassy Terrain\n|-fieldend|move: Grassy Terrain\n|upkeep\n|turn|8\n|\n|t:|1700597184\n|switch|p2a: Great Tusk|Great Tusk|100\/100\n|move|p1a: Kingambit|Iron Head|p2a: Great Tusk\n|-damage|p2a: Great Tusk|71\/100\n|-damage|p1a: Kingambit|47\/100|[from] item: Rocky Helmet|[of] p2a: Great Tusk\n|\n|upkeep\n|turn|9\n|\n|t:|1700597195\n|-end|p1a: Kingambit|fallenundefined|[silent]\n|switch|p1a: Great Tusk|Great Tusk|99\/100\n|move|p2a: Great Tusk|Earthquake|p1a: Great Tusk\n|-damage|p1a: Great Tusk|68\/100\n|\n|upkeep\n|turn|10\n|\n|t:|1700597219\n|move|p1a: Great Tusk|Stealth Rock|p2a: Great Tusk\n|-sidestart|p2: Leohard|move: Stealth Rock\n|move|p2a: Great Tusk|Rapid Spin|p1a: Great Tusk\n|-damage|p1a: Great Tusk|57\/100\n|-boost|p2a: Great Tusk|spe|1\n|-sideend|p2: Leohard|Stealth Rock|[from] move: Rapid Spin|[of] p2a: Great Tusk\n|\n|upkeep\n|turn|11\n|inactive|pok3monjake has 90 seconds left.\n|\n|t:|1700597248\n|move|p2a: Great Tusk|Ice Spinner|p1a: Great Tusk\n|-supereffective|p1a: Great Tusk\n|-crit|p1a: Great Tusk\n|-damage|p1a: Great Tusk|4\/100\n|move|p1a: Great Tusk|Headlong Rush|p2a: Great Tusk\n|-damage|p2a: Great Tusk|35\/100\n|-unboost|p1a: Great Tusk|def|1\n|-unboost|p1a: Great Tusk|spd|1\n|-damage|p1a: Great Tusk|0 fnt|[from] item: Rocky Helmet|[of] p2a: Great Tusk\n|faint|p1a: Great Tusk\n|-end|p1a: Great Tusk|Protosynthesis|[silent]\n|\n|upkeep\n|\n|t:|1700597253\n|switch|p1a: Rillaboom|Rillaboom, F|100\/100\n|-fieldstart|move: Grassy Terrain|[from] ability: Grassy Surge|[of] p1a: Rillaboom\n|turn|12\n|inactive|pok3monjake has 90 seconds left.\n|\n|t:|1700597263\n|move|p2a: Great Tusk|Ice Spinner|p1a: Rillaboom\n|-supereffective|p1a: Rillaboom\n|-damage|p1a: Rillaboom|59\/100\n|-fieldend|move: Grassy Terrain\n|move|p1a: Rillaboom|U-turn|p2a: Great Tusk\n|-resisted|p2a: Great Tusk\n|-damage|p2a: Great Tusk|27\/100\n|-damage|p1a: Rillaboom|42\/100|[from] item: Rocky Helmet|[of] p2a: Great Tusk\n|\n|t:|1700597266\n|switch|p1a: Dragapult|Dragapult, M|82\/100 brn|[from] U-turn\n|\n|-damage|p1a: Dragapult|76\/100 brn|[from] brn\n|upkeep\n|turn|13\n|\n|t:|1700597277\n|move|p2a: Great Tusk|Ice Spinner|p1a: Dragapult\n|-supereffective|p1a: Dragapult\n|-damage|p1a: Dragapult|10\/100 brn\n|move|p1a: Dragapult|Shadow Ball|p2a: Great Tusk\n|-damage|p2a: Great Tusk|0 fnt\n|faint|p2a: Great Tusk\n|-end|p2a: Great Tusk|Protosynthesis|[silent]\n|\n|-damage|p1a: Dragapult|4\/100 brn|[from] brn\n|upkeep\n|\n|t:|1700597291\n|switch|p2a: Kingambit|Kingambit, F|100\/100\n|-activate|p2a: Kingambit|ability: Supreme Overlord\n|-start|p2a: Kingambit|fallen1|[silent]\n|-item|p2a: Kingambit|Air Balloon\n|turn|14\n|\n|t:|1700597301\n|switch|p1a: Hawlucha|Hawlucha, M|100\/100\n|move|p2a: Kingambit|Swords Dance|p2a: Kingambit\n|-boost|p2a: Kingambit|atk|2\n|\n|upkeep\n|turn|15\n|inactive|pok3monjake has 120 seconds left.\n|\n|t:|1700597310\n|switch|p1a: Rillaboom|Rillaboom, F|42\/100\n|-fieldstart|move: Grassy Terrain|[from] ability: Grassy Surge|[of] p1a: Rillaboom\n|-end|p2a: Kingambit|fallen1|[silent]\n|switch|p2a: Cinderace|Cinderace, M|73\/100\n|\n|-heal|p2a: Cinderace|79\/100|[from] Grassy Terrain\n|-heal|p1a: Rillaboom|48\/100|[from] Grassy Terrain\n|upkeep\n|turn|16\n|inactive|pok3monjake has 120 seconds left.\n|\n|t:|1700597323\n|move|p2a: Cinderace|U-turn|p1a: Rillaboom\n|-supereffective|p1a: Rillaboom\n|-damage|p1a: Rillaboom|13\/100\n|\n|t:|1700597330\n|switch|p2a: Kingambit|Kingambit, F|100\/100|[from] U-turn\n|-activate|p2a: Kingambit|ability: Supreme Overlord\n|-start|p2a: Kingambit|fallen1|[silent]\n|-item|p2a: Kingambit|Air Balloon\n|move|p1a: Rillaboom|U-turn|p2a: Kingambit\n|-damage|p2a: Kingambit|78\/100\n|-enditem|p2a: Kingambit|Air Balloon\n|inactive|pok3monjake has 120 seconds left.\n|inactive|pok3monjake has 90 seconds left.\n|\n|t:|1700597382\n|switch|p1a: Hawlucha|Hawlucha, M|100\/100|[from] U-turn\n|-enditem|p1a: Hawlucha|Grassy Seed\n|-boost|p1a: Hawlucha|def|1|[from] item: Grassy Seed\n|\n|-heal|p2a: Kingambit|84\/100|[from] Grassy Terrain\n|upkeep\n|turn|17\n|\n|t:|1700597398\n|-terastallize|p2a: Kingambit|Flying\n|move|p1a: Hawlucha|Swords Dance|p1a: Hawlucha\n|-boost|p1a: Hawlucha|atk|2\n|move|p2a: Kingambit|Iron Head|p1a: Hawlucha\n|-damage|p1a: Hawlucha|58\/100\n|\n|upkeep\n|turn|18\n|inactive|pok3monjake has 90 seconds left.\n|\n|t:|1700597430\n|move|p1a: Hawlucha|Acrobatics|p2a: Kingambit\n|-damage|p2a: Kingambit|0 fnt\n|faint|p2a: Kingambit\n|-end|p2a: Kingambit|fallen1|[silent]\n|\n|upkeep\n|\n|t:|1700597435\n|switch|p2a: Ogerpon|Ogerpon-Cornerstone, F|100\/100\n|turn|19\n|inactive|pok3monjake has 60 seconds left.\n|\n|t:|1700597461\n|move|p1a: Hawlucha|Acrobatics|p2a: Ogerpon\n|-ability|p2a: Ogerpon|Sturdy\n|-damage|p2a: Ogerpon|1\/100\n|move|p2a: Ogerpon|Ivy Cudgel|p1a: Hawlucha|[anim] Ivy Cudgel Rock\n|-damage|p1a: Hawlucha|4\/100\n|\n|-heal|p2a: Ogerpon|7\/100|[from] Grassy Terrain\n|upkeep\n|turn|20\n|\n|t:|1700597476\n|move|p1a: Hawlucha|Acrobatics|p2a: Ogerpon\n|-damage|p2a: Ogerpon|0 fnt\n|faint|p2a: Ogerpon\n|\n|upkeep\n|\n|t:|1700597481\n|switch|p2a: Rillaboom|Rillaboom, M|83\/100\n|turn|21\n|\n|t:|1700597496\n|move|p2a: Rillaboom|Grassy Glide|p1a: Hawlucha\n|-resisted|p1a: Hawlucha\n|-damage|p1a: Hawlucha|0 fnt\n|faint|p1a: Hawlucha\n|\n|-heal|p2a: Rillaboom|89\/100|[from] Grassy Terrain\n|upkeep\n|\n|t:|1700597500\n|switch|p1a: Kingambit|Kingambit, F|47\/100\n|-activate|p1a: Kingambit|ability: Supreme Overlord\n|-start|p1a: Kingambit|fallen2|[silent]\n|turn|22\n|\n|t:|1700597505\n|switch|p2a: Cinderace|Cinderace, M|79\/100\n|move|p1a: Kingambit|Kowtow Cleave|p2a: Cinderace\n|-damage|p2a: Cinderace|12\/100\n|\n|-heal|p2a: Cinderace|18\/100|[from] Grassy Terrain\n|-heal|p1a: Kingambit|53\/100|[from] Grassy Terrain\n|-fieldend|move: Grassy Terrain\n|upkeep\n|turn|23\n|\n|t:|1700597514\n|-end|p1a: Kingambit|fallen2|[silent]\n|switch|p1a: Rillaboom|Rillaboom, F|13\/100\n|-fieldstart|move: Grassy Terrain|[from] ability: Grassy Surge|[of] p1a: Rillaboom\n|move|p2a: Cinderace|Will-O-Wisp|p1a: Rillaboom\n|-status|p1a: Rillaboom|brn\n|\n|-heal|p2a: Cinderace|25\/100|[from] Grassy Terrain\n|-heal|p1a: Rillaboom|19\/100 brn|[from] Grassy Terrain\n|-damage|p1a: Rillaboom|13\/100 brn|[from] brn\n|upkeep\n|turn|24\n|\n|t:|1700597526\n|move|p2a: Cinderace|Pyro Ball|p1a: Rillaboom\n|-supereffective|p1a: Rillaboom\n|-damage|p1a: Rillaboom|0 fnt\n|faint|p1a: Rillaboom\n|\n|-heal|p2a: Cinderace|31\/100|[from] Grassy Terrain\n|upkeep\n|\n|t:|1700597529\n|switch|p1a: Dragapult|Dragapult, M|4\/100 brn\n|turn|25\n|\n|t:|1700597543\n|switch|p2a: Rillaboom|Rillaboom, M|89\/100\n|move|p1a: Dragapult|Shadow Ball|p2a: Rillaboom\n|-damage|p2a: Rillaboom|14\/100\n|\n|-heal|p1a: Dragapult|10\/100 brn|[from] Grassy Terrain\n|-heal|p2a: Rillaboom|20\/100|[from] Grassy Terrain\n|-damage|p1a: Dragapult|4\/100 brn|[from] brn\n|upkeep\n|turn|26\n|\n|t:|1700597552\n|switch|p1a: Kingambit|Kingambit, F|53\/100\n|-activate|p1a: Kingambit|ability: Supreme Overlord\n|-start|p1a: Kingambit|fallen3|[silent]\n|move|p2a: Rillaboom|Grassy Glide|p1a: Kingambit\n|-resisted|p1a: Kingambit\n|-damage|p1a: Kingambit|30\/100\n|\n|-heal|p2a: Rillaboom|26\/100|[from] Grassy Terrain\n|-heal|p1a: Kingambit|37\/100|[from] Grassy Terrain\n|upkeep\n|turn|27\n|\n|t:|1700597562\n|move|p2a: Rillaboom|Grassy Glide|p1a: Kingambit\n|-resisted|p1a: Kingambit\n|-damage|p1a: Kingambit|14\/100\n|move|p1a: Kingambit|Iron Head|p2a: Rillaboom\n|-damage|p2a: Rillaboom|0 fnt\n|faint|p2a: Rillaboom\n|\n|-heal|p1a: Kingambit|20\/100|[from] Grassy Terrain\n|upkeep\n|\n|t:|1700597572\n|switch|p2a: Iron Valiant|Iron Valiant|100\/100\n|-enditem|p2a: Iron Valiant|Booster Energy\n|-activate|p2a: Iron Valiant|ability: Quark Drive|[fromitem]\n|-start|p2a: Iron Valiant|quarkdrivespe\n|turn|28\n|\n|t:|1700597578\n|move|p2a: Iron Valiant|Moonblast|p1a: Kingambit\n|-damage|p1a: Kingambit|0 fnt\n|faint|p1a: Kingambit\n|-end|p1a: Kingambit|fallen3|[silent]\n|\n|upkeep\n|\n|t:|1700597580\n|switch|p1a: Hatterene|Hatterene, F|100\/100\n|-enditem|p1a: Hatterene|Grassy Seed\n|-boost|p1a: Hatterene|def|1|[from] item: Grassy Seed\n|turn|29\n|\n|t:|1700597592\n|move|p2a: Iron Valiant|Calm Mind|p2a: Iron Valiant\n|-boost|p2a: Iron Valiant|spa|1\n|-boost|p2a: Iron Valiant|spd|1\n|move|p1a: Hatterene|Calm Mind|p1a: Hatterene\n|-boost|p1a: Hatterene|spa|1\n|-boost|p1a: Hatterene|spd|1\n|\n|upkeep\n|turn|30\n|inactive|pok3monjake has 120 seconds left.\n|\n|t:|1700597625\n|move|p2a: Iron Valiant|Calm Mind|p2a: Iron Valiant\n|-boost|p2a: Iron Valiant|spa|1\n|-boost|p2a: Iron Valiant|spd|1\n|move|p1a: Hatterene|Stored Power|p2a: Iron Valiant\n|-supereffective|p2a: Iron Valiant\n|-damage|p2a: Iron Valiant|1\/100\n|\n|-heal|p2a: Iron Valiant|7\/100|[from] Grassy Terrain\n|-fieldend|move: Grassy Terrain\n|upkeep\n|turn|31\n|inactive|pok3monjake has 120 seconds left.\n|\n|t:|1700597634\n|move|p2a: Iron Valiant|Moonblast|p1a: Hatterene\n|-damage|p1a: Hatterene|35\/100\n|move|p1a: Hatterene|Stored Power|p2a: Iron Valiant\n|-supereffective|p2a: Iron Valiant\n|-damage|p2a: Iron Valiant|0 fnt\n|faint|p2a: Iron Valiant\n|-end|p2a: Iron Valiant|Quark Drive|[silent]\n|\n|upkeep\n|\n|t:|1700597640\n|switch|p2a: Cinderace|Cinderace, M|31\/100\n|turn|32\n|\n|t:|1700597643\n|move|p2a: Cinderace|Pyro Ball|p1a: Hatterene\n|-damage|p1a: Hatterene|0 fnt\n|faint|p1a: Hatterene\n|\n|upkeep\n|\n|t:|1700597645\n|switch|p1a: Dragapult|Dragapult, M|4\/100 brn\n|turn|33\n|\n|t:|1700597650\n|move|p1a: Dragapult|Shadow Ball|p2a: Cinderace\n|-damage|p2a: Cinderace|0 fnt\n|faint|p2a: Cinderace\n|\n|win|pok3monjake\n|raw|pok3monjake's rating: 1497 &rarr; <strong>1516<\/strong><br \/>(+19 for winning)\n|raw|Leohard's rating: 1476 &rarr; <strong>1457<\/strong><br \/>(-19 for losing)\n","uploadtime":1700597655,"views":4,"p1id":"pok3monjake","p2id":"leohard","formatid":"gen9ou","rating":1457,"private":0,"password":""}