{"id":"gen9ou-1995856946","p1":"Docter_Peng99","p2":"Fumimico","format":"[Gen 9] OU","log":"|j|\u2606Docter_Peng99\n|j|\u2606Fumimico\n|t:|1700610255\n|gametype|singles\n|player|p1|Docter_Peng99|larry|1342\n|player|p2|Fumimico|backersf|1407\n|teamsize|p1|6\n|teamsize|p2|6\n|gen|9\n|tier|[Gen 9] OU\n|rated|\n|rule|Sleep Clause Mod: Limit one foe put to sleep\n|rule|Species Clause: Limit one of each Pok\u00e9mon\n|rule|OHKO Clause: OHKO moves are banned\n|rule|Evasion Items Clause: Evasion items are banned\n|rule|Evasion Moves Clause: Evasion moves are banned\n|rule|Endless Battle Clause: Forcing endless battles is banned\n|rule|HP Percentage Mod: HP is shown in percentages\n|clearpoke\n|poke|p1|Glimmora, M|\n|poke|p1|Great Tusk|\n|poke|p1|Iron Moth|\n|poke|p1|Iron Valiant|\n|poke|p1|Dragapult, M|\n|poke|p1|Kingambit, M|\n|poke|p2|Sylveon, M|\n|poke|p2|Meowscarada, F|\n|poke|p2|Iron Moth|\n|poke|p2|Garchomp, F|\n|poke|p2|Iron Treads|\n|poke|p2|Iron Valiant|\n|teampreview\n|inactive|Battle timer is ON: inactive players will automatically lose when time's up. (requested by Fumimico)\n|\n|t:|1700610268\n|start\n|switch|p1a: Stealth|Glimmora, M|100\/100\n|switch|p2a: Garchomp|Garchomp, F|100\/100\n|turn|1\n|\n|t:|1700610274\n|move|p2a: Garchomp|Stealth Rock|p1a: Stealth\n|-sidestart|p1: Docter_Peng99|move: Stealth Rock\n|move|p1a: Stealth|Stealth Rock|p2a: Garchomp\n|-sidestart|p2: Fumimico|move: Stealth Rock\n|\n|upkeep\n|turn|2\n|\n|t:|1700610282\n|move|p2a: Garchomp|Earthquake|p1a: Stealth\n|-supereffective|p1a: Stealth\n|-enditem|p1a: Stealth|Focus Sash\n|-damage|p1a: Stealth|1\/100\n|-activate|p1a: Stealth|ability: Toxic Debris\n|-sidestart|p2: Fumimico|move: Toxic Spikes\n|move|p1a: Stealth|Mortal Spin|p2a: Garchomp\n|-resisted|p2a: Garchomp\n|-damage|p2a: Garchomp|98\/100\n|-status|p2a: Garchomp|psn\n|-damage|p1a: Stealth|0 fnt|[from] ability: Rough Skin|[of] p2a: Garchomp\n|faint|p1a: Stealth\n|\n|-damage|p2a: Garchomp|85\/100 psn|[from] psn\n|upkeep\n|\n|t:|1700610285\n|switch|p1a: Ancient Elephant|Great Tusk|100\/100\n|-damage|p1a: Ancient Elephant|98\/100|[from] Stealth Rock\n|turn|3\n|\n|t:|1700610295\n|move|p2a: Garchomp|Stealth Rock||[still]\n|-fail|p2a: Garchomp\n|move|p1a: Ancient Elephant|Rapid Spin|p2a: Garchomp\n|-damage|p2a: Garchomp|70\/100 psn\n|-boost|p1a: Ancient Elephant|spe|1\n|-damage|p1a: Ancient Elephant|85\/100|[from] ability: Rough Skin|[of] p2a: Garchomp\n|-damage|p1a: Ancient Elephant|68\/100|[from] item: Rocky Helmet|[of] p2a: Garchomp\n|-sideend|p1: Docter_Peng99|Stealth Rock|[from] move: Rapid Spin|[of] p1a: Ancient Elephant\n|\n|-damage|p2a: Garchomp|57\/100 psn|[from] psn\n|upkeep\n|turn|4\n|\n|t:|1700610300\n|move|p2a: Garchomp|Stealth Rock|p1a: Ancient Elephant\n|-sidestart|p1: Docter_Peng99|move: Stealth Rock\n|move|p1a: Ancient Elephant|Rapid Spin|p2a: Garchomp\n|-damage|p2a: Garchomp|42\/100 psn\n|-boost|p1a: Ancient Elephant|spe|1\n|-damage|p1a: Ancient Elephant|56\/100|[from] ability: Rough Skin|[of] p2a: Garchomp\n|-damage|p1a: Ancient Elephant|39\/100|[from] item: Rocky Helmet|[of] p2a: Garchomp\n|-sideend|p1: Docter_Peng99|Stealth Rock|[from] move: Rapid Spin|[of] p1a: Ancient Elephant\n|\n|-damage|p2a: Garchomp|30\/100 psn|[from] psn\n|upkeep\n|turn|5\n|\n|t:|1700610303\n|move|p1a: Ancient Elephant|Ice Spinner|p2a: Garchomp\n|-supereffective|p2a: Garchomp\n|-damage|p2a: Garchomp|0 fnt\n|-damage|p1a: Ancient Elephant|27\/100|[from] ability: Rough Skin|[of] p2a: Garchomp\n|-damage|p1a: Ancient Elephant|10\/100|[from] item: Rocky Helmet|[of] p2a: Garchomp\n|faint|p2a: Garchomp\n|\n|upkeep\n|\n|t:|1700610306\n|switch|p2a: Iron Treads|Iron Treads|100\/100\n|-damage|p2a: Iron Treads|97\/100|[from] Stealth Rock\n|turn|6\n|\n|t:|1700610310\n|move|p1a: Ancient Elephant|Earthquake|p2a: Iron Treads\n|-supereffective|p2a: Iron Treads\n|-damage|p2a: Iron Treads|17\/100\n|move|p2a: Iron Treads|Rapid Spin|p1a: Ancient Elephant\n|-damage|p1a: Ancient Elephant|3\/100\n|-boost|p2a: Iron Treads|spe|1\n|-sideend|p2: Fumimico|Toxic Spikes|[from] move: Rapid Spin|[of] p2a: Iron Treads\n|-sideend|p2: Fumimico|Stealth Rock|[from] move: Rapid Spin|[of] p2a: Iron Treads\n|\n|-heal|p2a: Iron Treads|23\/100|[from] item: Leftovers\n|upkeep\n|turn|7\n|\n|t:|1700610319\n|move|p2a: Iron Treads|Rapid Spin|p1a: Ancient Elephant\n|-damage|p1a: Ancient Elephant|0 fnt\n|-boost|p2a: Iron Treads|spe|1\n|faint|p1a: Ancient Elephant\n|-end|p1a: Ancient Elephant|Protosynthesis|[silent]\n|\n|-heal|p2a: Iron Treads|30\/100|[from] item: Leftovers\n|upkeep\n|\n|t:|1700610324\n|switch|p1a: Gotta Sweep|Dragapult, M, shiny|100\/100\n|turn|8\n|\n|t:|1700610330\n|move|p2a: Iron Treads|Earthquake|p1a: Gotta Sweep\n|-damage|p1a: Gotta Sweep|46\/100\n|move|p1a: Gotta Sweep|Shadow Ball|p2a: Iron Treads\n|-crit|p2a: Iron Treads\n|-damage|p2a: Iron Treads|0 fnt\n|faint|p2a: Iron Treads\n|-end|p2a: Iron Treads|Quark Drive|[silent]\n|\n|upkeep\n|\n|t:|1700610341\n|switch|p2a: Meowscarada|Meowscarada, F|100\/100\n|turn|9\n|\n|t:|1700610350\n|move|p1a: Gotta Sweep|Shadow Ball|p2a: Meowscarada\n|-resisted|p2a: Meowscarada\n|-damage|p2a: Meowscarada|63\/100\n|-unboost|p2a: Meowscarada|spd|1\n|move|p2a: Meowscarada|Knock Off|p1a: Gotta Sweep\n|-start|p2a: Meowscarada|typechange|Dark|[from] ability: Protean\n|-supereffective|p1a: Gotta Sweep\n|-damage|p1a: Gotta Sweep|0 fnt\n|-enditem|p1a: Gotta Sweep|Choice Specs|[from] move: Knock Off|[of] p2a: Meowscarada\n|faint|p1a: Gotta Sweep\n|\n|upkeep\n|\n|t:|1700610353\n|switch|p1a: Solarflare|Iron Moth|100\/100\n|-enditem|p1a: Solarflare|Booster Energy\n|-activate|p1a: Solarflare|ability: Quark Drive|[fromitem]\n|-start|p1a: Solarflare|quarkdrivespe\n|turn|10\n|\n|t:|1700610361\n|switch|p2a: Iron Moth|Iron Moth|100\/100\n|-enditem|p2a: Iron Moth|Booster Energy\n|-activate|p2a: Iron Moth|ability: Quark Drive|[fromitem]\n|-start|p2a: Iron Moth|quarkdrivespe\n|move|p1a: Solarflare|Fiery Dance|p2a: Iron Moth\n|-resisted|p2a: Iron Moth\n|-damage|p2a: Iron Moth|80\/100\n|-boost|p1a: Solarflare|spa|1\n|\n|upkeep\n|turn|11\n|\n|t:|1700610372\n|-terastallize|p2a: Iron Moth|Ground\n|move|p2a: Iron Moth|Tera Blast|p1a: Solarflare|[anim] Tera Blast Ground\n|-supereffective|p1a: Solarflare\n|-damage|p1a: Solarflare|0 fnt\n|faint|p1a: Solarflare\n|-end|p1a: Solarflare|Quark Drive|[silent]\n|\n|upkeep\n|\n|t:|1700610377\n|switch|p1a: Metaslayer|Iron Valiant|100\/100\n|-enditem|p1a: Metaslayer|Booster Energy\n|-activate|p1a: Metaslayer|ability: Quark Drive|[fromitem]\n|-start|p1a: Metaslayer|quarkdrivespe\n|turn|12\n|\n|t:|1700610382\n|move|p1a: Metaslayer|Moonblast|p2a: Iron Moth\n|-damage|p2a: Iron Moth|33\/100\n|move|p2a: Iron Moth|Sludge Wave|p1a: Metaslayer\n|-supereffective|p1a: Metaslayer\n|-damage|p1a: Metaslayer|0 fnt\n|faint|p1a: Metaslayer\n|-end|p1a: Metaslayer|Quark Drive|[silent]\n|\n|upkeep\n|\n|t:|1700610384\n|switch|p1a: Checkmate|Kingambit, M, shiny|100\/100\n|-activate|p1a: Checkmate|ability: Supreme Overlord\n|-start|p1a: Checkmate|fallen5|[silent]\n|turn|13\n|\n|t:|1700610388\n|move|p1a: Checkmate|Sucker Punch|p2a: Iron Moth\n|-damage|p2a: Iron Moth|0 fnt\n|faint|p2a: Iron Moth\n|-end|p2a: Iron Moth|Quark Drive|[silent]\n|\n|upkeep\n|\n|t:|1700610390\n|switch|p2a: Sylveon|Sylveon, M|100\/100\n|turn|14\n|\n|t:|1700610397\n|move|p2a: Sylveon|Hyper Beam|p1a: Checkmate|[miss]\n|-miss|p2a: Sylveon|p1a: Checkmate\n|move|p1a: Checkmate|Swords Dance|p1a: Checkmate\n|-boost|p1a: Checkmate|atk|2\n|\n|upkeep\n|turn|15\n|\n|t:|1700610400\n|move|p2a: Sylveon|Hyper Beam|p1a: Checkmate\n|-damage|p1a: Checkmate|0 fnt\n|-mustrecharge|p2a: Sylveon\n|faint|p1a: Checkmate\n|-end|p1a: Checkmate|fallen5|[silent]\n|\n|win|Fumimico\n|raw|Docter_Peng99's rating: 1342 &rarr; <strong>1326<\/strong><br \/>(-16 for losing)\n|raw|Fumimico's rating: 1407 &rarr; <strong>1423<\/strong><br \/>(+16 for winning)\n|c|\u2606Docter_Peng99|Ok\n|c|\u2606Fumimico|?\n|c|\u2606Docter_Peng99|gg but seriously\n|c|\u2606Docter_Peng99|Pixilate hyper beam?\n|c|\u2606Fumimico|why wouldn't i use it\n|c|\u2606Docter_Peng99|Thats just a one shot to every thing\n|c|\u2606Fumimico|its not like i have any other moves to use\n|c|\u2606Docter_Peng99|No one uses that because of the recharge turn\n|c|\u2606Fumimico|yea it can ohko standard gholdengo\n|c|\u2606Docter_Peng99|There is hyper voice\n|c|\u2606Fumimico|i only use it for the last ko\n|c|\u2606Fumimico|i have both\n|c|\u2606Docter_Peng99|To hit through sub\n|c|\u2606Fumimico|!showset 1\n|c| Fumimico|\/raw <div class=\"infobox\">Sylveon (M) @ Choice Specs  <br \/>Ability: Pixilate  <br \/>Tera Type: Fairy  <br \/>EVs: 80 HP &#x2f; 252 SpA &#x2f; 176 Spe  <br \/>Modest Nature  <br \/>IVs: 0 Atk  <br \/>- Hyper Beam  <br \/>- Hyper Voice  <br \/>- Shadow Ball  <br \/>- Psyshock  <br \/><br \/><\/div>\n|c|\u2606Docter_Peng99|Ok that's seems overkill\n|c|\u2606Docter_Peng99|Specs hyper beam\n|c|\u2606Fumimico|sylveon doesn't really get anything else to run\n|c|\u2606Fumimico|252+ SpA Choice Specs Pixilate Tera Fairy Sylveon Hyper Beam vs. 0 HP \/ 4 SpD Gholdengo: 309-364 (98 - 115.5%) -- 87.5% chance to OHKO\n|c|\u2606Fumimico|makes for a nasty surprise\n|l|\u2606Fumimico\n","uploadtime":1700610743,"views":7,"p1id":"docterpeng99","p2id":"fumimico","formatid":"gen9ou","rating":1326,"private":0,"password":""}