{"id":"gen9ou-1989201585","p1":"SAGGYBAWLZ","p2":"mops2002","format":"[Gen 9] OU","log":"|j|\u2606SAGGYBAWLZ\n|j|\u2606mops2002\n|t:|1699822853\n|gametype|singles\n|player|p1|SAGGYBAWLZ|infielder|1183\n|player|p2|mops2002|169|1167\n|teamsize|p1|6\n|teamsize|p2|6\n|gen|9\n|tier|[Gen 9] OU\n|rated|\n|rule|Sleep Clause Mod: Limit one foe put to sleep\n|rule|Species Clause: Limit one of each Pok\u00e9mon\n|rule|OHKO Clause: OHKO moves are banned\n|rule|Evasion Items Clause: Evasion items are banned\n|rule|Evasion Moves Clause: Evasion moves are banned\n|rule|Endless Battle Clause: Forcing endless battles is banned\n|rule|HP Percentage Mod: HP is shown in percentages\n|clearpoke\n|poke|p1|Alomomola, F|\n|poke|p1|Toxapex, M|\n|poke|p1|Ting-Lu|\n|poke|p1|Gholdengo|\n|poke|p1|Garganacl, F|\n|poke|p1|Torterra, M|\n|poke|p2|Dragapult, M|\n|poke|p2|Cinderace, M|\n|poke|p2|Slowking-Galar, F|\n|poke|p2|Thundurus-Therian, M|\n|poke|p2|Great Tusk|\n|poke|p2|Alomomola, F|\n|teampreview\n|inactive|Battle timer is ON: inactive players will automatically lose when time's up. (requested by mops2002)\n|\n|t:|1699822864\n|start\n|switch|p1a: Ting-Lu|Ting-Lu|100\/100\n|switch|p2a: Dragapult|Dragapult, M|100\/100\n|-ability|p1a: Ting-Lu|Vessel of Ruin\n|turn|1\n|\n|t:|1699822877\n|move|p2a: Dragapult|U-turn|p1a: Ting-Lu\n|-supereffective|p1a: Ting-Lu\n|-damage|p1a: Ting-Lu|85\/100\n|\n|t:|1699822890\n|switch|p2a: Rizz|Thundurus-Therian, M|100\/100|[from] U-turn\n|move|p1a: Ting-Lu|Stealth Rock|p2a: Rizz\n|-sidestart|p2: mops2002|move: Stealth Rock\n|\n|-heal|p1a: Ting-Lu|92\/100|[from] item: Leftovers\n|upkeep\n|turn|2\n|\n|t:|1699822901\n|move|p2a: Rizz|Grass Knot|p1a: Ting-Lu\n|-supereffective|p1a: Ting-Lu\n|-damage|p1a: Ting-Lu|38\/100\n|move|p1a: Ting-Lu|Spikes|p2a: Rizz\n|-sidestart|p2: mops2002|Spikes\n|\n|-heal|p1a: Ting-Lu|44\/100|[from] item: Leftovers\n|upkeep\n|turn|3\n|\n|t:|1699822919\n|switch|p1a: Gholdengo|Gholdengo|100\/100\n|-item|p1a: Gholdengo|Air Balloon\n|move|p2a: Rizz|Grass Knot|p1a: Gholdengo\n|-resisted|p1a: Gholdengo\n|-damage|p1a: Gholdengo|90\/100\n|-enditem|p1a: Gholdengo|Air Balloon\n|\n|upkeep\n|turn|4\n|\n|t:|1699822931\n|move|p2a: Rizz|Volt Switch|p1a: Gholdengo\n|-damage|p1a: Gholdengo|51\/100\n|\n|t:|1699822935\n|switch|p2a: Cinderace|Cinderace, M|100\/100|[from] Volt Switch\n|move|p1a: Gholdengo|Nasty Plot|p1a: Gholdengo\n|-boost|p1a: Gholdengo|spa|2\n|\n|upkeep\n|turn|5\n|\n|t:|1699822944\n|-terastallize|p1a: Gholdengo|Fire\n|move|p2a: Cinderace|Pyro Ball|p1a: Gholdengo\n|-resisted|p1a: Gholdengo\n|-damage|p1a: Gholdengo|29\/100\n|move|p1a: Gholdengo|Shadow Ball|p2a: Cinderace\n|-damage|p2a: Cinderace|13\/100\n|\n|upkeep\n|turn|6\n|\n|t:|1699822954\n|switch|p2a: Alomomola|Alomomola, F|100\/100\n|-damage|p2a: Alomomola|88\/100|[from] Stealth Rock\n|-damage|p2a: Alomomola|76\/100|[from] Spikes\n|move|p1a: Gholdengo|Recover|p1a: Gholdengo\n|-heal|p1a: Gholdengo|79\/100\n|\n|upkeep\n|turn|7\n|\n|t:|1699822963\n|move|p1a: Gholdengo|Shadow Ball|p2a: Alomomola\n|-damage|p2a: Alomomola|15\/100\n|-enditem|p2a: Alomomola|Red Card|[of] p1a: Gholdengo\n|drag|p1a: Garganacl|Garganacl, F|100\/100\n|move|p2a: Alomomola|Wish|p2a: Alomomola\n|\n|upkeep\n|turn|8\n|\n|t:|1699822974\n|move|p2a: Alomomola|Flip Turn|p1a: Garganacl\n|-supereffective|p1a: Garganacl\n|-damage|p1a: Garganacl|83\/100\n|\n|t:|1699822987\n|switch|p2a: Great Tusk|Great Tusk|100\/100|[from] Flip Turn\n|-damage|p2a: Great Tusk|98\/100|[from] Stealth Rock\n|-damage|p2a: Great Tusk|85\/100|[from] Spikes\n|move|p1a: Garganacl|Iron Defense|p1a: Garganacl\n|-boost|p1a: Garganacl|def|2\n|\n|-heal|p2a: Great Tusk|100\/100|[from] move: Wish|[wisher] Alomomola\n|-heal|p1a: Garganacl|89\/100|[from] item: Leftovers\n|upkeep\n|turn|9\n|\n|t:|1699823005\n|move|p2a: Great Tusk|Headlong Rush|p1a: Garganacl\n|-supereffective|p1a: Garganacl\n|-damage|p1a: Garganacl|42\/100\n|-unboost|p2a: Great Tusk|def|1\n|-unboost|p2a: Great Tusk|spd|1\n|-damage|p2a: Great Tusk|91\/100|[from] item: Life Orb\n|move|p1a: Garganacl|Iron Defense|p1a: Garganacl\n|-boost|p1a: Garganacl|def|2\n|\n|-heal|p1a: Garganacl|48\/100|[from] item: Leftovers\n|upkeep\n|turn|10\n|\n|t:|1699823018\n|move|p2a: Great Tusk|Knock Off|p1a: Garganacl\n|-damage|p1a: Garganacl|40\/100\n|-enditem|p1a: Garganacl|Leftovers|[from] move: Knock Off|[of] p2a: Great Tusk\n|-damage|p2a: Great Tusk|81\/100|[from] item: Life Orb\n|move|p1a: Garganacl|Recover|p1a: Garganacl\n|-heal|p1a: Garganacl|90\/100\n|\n|upkeep\n|turn|11\n|\n|t:|1699823026\n|-end|p2a: Great Tusk|Protosynthesis|[silent]\n|switch|p2a: Alomomola|Alomomola, F|48\/100\n|-damage|p2a: Alomomola|36\/100|[from] Stealth Rock\n|-damage|p2a: Alomomola|23\/100|[from] Spikes\n|move|p1a: Garganacl|Salt Cure|p2a: Alomomola\n|-damage|p2a: Alomomola|15\/100\n|-start|p2a: Alomomola|Salt Cure\n|\n|-damage|p2a: Alomomola|0 fnt|[from] Salt Cure\n|faint|p2a: Alomomola\n|upkeep\n|\n|t:|1699823038\n|switch|p2a: Cinderace|Cinderace, M|13\/100\n|turn|12\n|\n|t:|1699823042\n|move|p2a: Cinderace|Court Change|p2a: Cinderace\n|-start|p2a: Cinderace|typechange|Normal|[from] ability: Libero\n|-swapsideconditions\n|-activate|p2a: Cinderace|move: Court Change\n|move|p1a: Garganacl|Salt Cure|p2a: Cinderace\n|-damage|p2a: Cinderace|0 fnt\n|faint|p2a: Cinderace\n|\n|upkeep\n|\n|t:|1699823059\n|switch|p2a: Dragapult|Dragapult, M|100\/100\n|turn|13\n|\n|t:|1699823068\n|move|p2a: Dragapult|Draco Meteor|p1a: Garganacl\n|-damage|p1a: Garganacl|16\/100\n|-unboost|p2a: Dragapult|spa|2\n|move|p1a: Garganacl|Salt Cure|p2a: Dragapult\n|-damage|p2a: Dragapult|82\/100\n|-start|p2a: Dragapult|Salt Cure\n|\n|-damage|p2a: Dragapult|69\/100|[from] Salt Cure\n|upkeep\n|turn|14\n|\n|t:|1699823082\n|switch|p1a: Toxapex|Toxapex, M, shiny|100\/100\n|-damage|p1a: Toxapex|88\/100|[from] Stealth Rock\n|-damage|p1a: Toxapex|76\/100|[from] Spikes\n|move|p2a: Dragapult|Draco Meteor|p1a: Toxapex\n|-damage|p1a: Toxapex|41\/100\n|-unboost|p2a: Dragapult|spa|2\n|\n|-heal|p1a: Toxapex|47\/100|[from] item: Leftovers\n|-damage|p2a: Dragapult|57\/100|[from] Salt Cure\n|upkeep\n|turn|15\n|\n|t:|1699823098\n|switch|p2a: Slowking|Slowking-Galar, F|100\/100\n|move|p1a: Toxapex|Recover|p1a: Toxapex\n|-heal|p1a: Toxapex|98\/100\n|\n|-heal|p1a: Toxapex|100\/100|[from] item: Leftovers\n|upkeep\n|turn|16\n|\n|t:|1699823112\n|switch|p1a: Gholdengo|Gholdengo, tera:Fire|79\/100\n|-damage|p1a: Gholdengo|54\/100|[from] Stealth Rock\n|-damage|p1a: Gholdengo|42\/100|[from] Spikes\n|move|p2a: Slowking|Future Sight|p1a: Gholdengo\n|-start|p2a: Slowking|move: Future Sight\n|\n|upkeep\n|turn|17\n|\n|t:|1699823122\n|move|p1a: Gholdengo|Shadow Ball|p2a: Slowking\n|-supereffective|p2a: Slowking\n|-damage|p2a: Slowking|62\/100\n|move|p2a: Slowking|Sludge Bomb|p1a: Gholdengo\n|-damage|p1a: Gholdengo|10\/100\n|-status|p1a: Gholdengo|psn\n|\n|-damage|p1a: Gholdengo|0 fnt|[from] psn\n|faint|p1a: Gholdengo\n|upkeep\n|\n|t:|1699823145\n|switch|p1a: Alomomola|Alomomola, F|100\/100\n|-damage|p1a: Alomomola|88\/100|[from] Stealth Rock\n|-damage|p1a: Alomomola|76\/100|[from] Spikes\n|turn|18\n|\n|t:|1699823151\n|move|p1a: Alomomola|Aqua Ring|p1a: Alomomola\n|-start|p1a: Alomomola|Aqua Ring\n|move|p2a: Slowking|Sludge Bomb|p1a: Alomomola\n|-damage|p1a: Alomomola|47\/100\n|\n|-end|p1a: Alomomola|move: Future Sight\n|-damage|p1a: Alomomola|12\/100\n|-heal|p1a: Alomomola|20\/100|[from] Aqua Ring\n|upkeep\n|turn|19\n|\n|t:|1699823160\n|move|p1a: Alomomola|Protect|p1a: Alomomola\n|-singleturn|p1a: Alomomola|Protect\n|move|p2a: Slowking|Sludge Bomb|p1a: Alomomola\n|-activate|p1a: Alomomola|move: Protect\n|\n|-heal|p1a: Alomomola|28\/100|[from] Aqua Ring\n|upkeep\n|turn|20\n|\n|t:|1699823168\n|move|p1a: Alomomola|Wish|p1a: Alomomola\n|move|p2a: Slowking|Sludge Bomb|p1a: Alomomola\n|-damage|p1a: Alomomola|0 fnt\n|faint|p1a: Alomomola\n|\n|upkeep\n|\n|t:|1699823173\n|switch|p1a: Garganacl|Garganacl, F|16\/100\n|-damage|p1a: Garganacl|3\/100|[from] Stealth Rock\n|-damage|p1a: Garganacl|0 fnt|[from] Spikes\n|faint|p1a: Garganacl\n|\n|t:|1699823178\n|switch|p1a: Ting-Lu|Ting-Lu|44\/100\n|-damage|p1a: Ting-Lu|38\/100|[from] Stealth Rock\n|-damage|p1a: Ting-Lu|25\/100|[from] Spikes\n|-ability|p1a: Ting-Lu|Vessel of Ruin\n|turn|21\n|\n|t:|1699823187\n|switch|p2a: Rizz|Thundurus-Therian, M|100\/100\n|move|p1a: Ting-Lu|Earthquake|p2a: Rizz\n|-immune|p2a: Rizz\n|\n|-heal|p1a: Ting-Lu|77\/100|[from] move: Wish|[wisher] Alomomola\n|-heal|p1a: Ting-Lu|84\/100|[from] item: Leftovers\n|upkeep\n|turn|22\n|\n|t:|1699823196\n|move|p2a: Rizz|Grass Knot|p1a: Ting-Lu\n|-supereffective|p1a: Ting-Lu\n|-damage|p1a: Ting-Lu|31\/100\n|move|p1a: Ting-Lu|Whirlwind|p2a: Rizz\n|drag|p2a: Great Tusk|Great Tusk|81\/100\n|\n|-heal|p1a: Ting-Lu|37\/100|[from] item: Leftovers\n|upkeep\n|turn|23\n|\n|t:|1699823204\n|move|p2a: Great Tusk|Ice Spinner|p1a: Ting-Lu\n|-supereffective|p1a: Ting-Lu\n|-damage|p1a: Ting-Lu|5\/100\n|-damage|p2a: Great Tusk|71\/100|[from] item: Life Orb\n|move|p1a: Ting-Lu|Earthquake|p2a: Great Tusk\n|-damage|p2a: Great Tusk|46\/100\n|\n|-heal|p1a: Ting-Lu|11\/100|[from] item: Leftovers\n|upkeep\n|turn|24\n|\n|t:|1699823214\n|-end|p2a: Great Tusk|Protosynthesis|[silent]\n|switch|p2a: Rizz|Thundurus-Therian, M|100\/100\n|move|p1a: Ting-Lu|Earthquake|p2a: Rizz\n|-immune|p2a: Rizz\n|\n|-heal|p1a: Ting-Lu|17\/100|[from] item: Leftovers\n|upkeep\n|turn|25\n|\n|t:|1699823223\n|move|p2a: Rizz|Grass Knot|p1a: Ting-Lu\n|-supereffective|p1a: Ting-Lu\n|-damage|p1a: Ting-Lu|0 fnt\n|faint|p1a: Ting-Lu\n|\n|upkeep\n|\n|t:|1699823228\n|switch|p1a: Toxapex|Toxapex, M, shiny|100\/100\n|-damage|p1a: Toxapex|88\/100|[from] Stealth Rock\n|-damage|p1a: Toxapex|76\/100|[from] Spikes\n|turn|26\n|\n|t:|1699823234\n|move|p1a: Toxapex|Baneful Bunker|p1a: Toxapex\n|-singleturn|p1a: Toxapex|move: Protect\n|move|p2a: Rizz|Thunderbolt|p1a: Toxapex\n|-activate|p1a: Toxapex|move: Protect\n|\n|-heal|p1a: Toxapex|82\/100|[from] item: Leftovers\n|upkeep\n|turn|27\n|\n|t:|1699823243\n|switch|p1a: Torterra|Torterra, M|100\/100\n|-damage|p1a: Torterra|94\/100|[from] Stealth Rock\n|-damage|p1a: Torterra|82\/100|[from] Spikes\n|move|p2a: Rizz|Thunderbolt|p1a: Torterra\n|-immune|p1a: Torterra\n|\n|-heal|p1a: Torterra|88\/100|[from] item: Leftovers\n|upkeep\n|turn|28\n|\n|t:|1699823253\n|move|p2a: Rizz|Knock Off|p1a: Torterra\n|-damage|p1a: Torterra|68\/100\n|-enditem|p1a: Torterra|Leftovers|[from] move: Knock Off|[of] p2a: Rizz\n|move|p1a: Torterra|Shell Smash|p1a: Torterra\n|-unboost|p1a: Torterra|def|1\n|-unboost|p1a: Torterra|spd|1\n|-boost|p1a: Torterra|atk|2\n|-boost|p1a: Torterra|spa|2\n|-boost|p1a: Torterra|spe|2\n|\n|upkeep\n|turn|29\n|\n|t:|1699823265\n|switch|p2a: Great Tusk|Great Tusk|46\/100\n|move|p1a: Torterra|Giga Drain|p2a: Great Tusk\n|-supereffective|p2a: Great Tusk\n|-damage|p2a: Great Tusk|0 fnt\n|-heal|p1a: Torterra|89\/100|[from] drain|[of] p2a: Great Tusk\n|faint|p2a: Great Tusk\n|-end|p2a: Great Tusk|Protosynthesis|[silent]\n|\n|upkeep\n|\n|t:|1699823272\n|switch|p2a: Slowking|Slowking-Galar, F|96\/100\n|turn|30\n|\n|t:|1699823280\n|move|p1a: Torterra|Earthquake|p2a: Slowking\n|-supereffective|p2a: Slowking\n|-damage|p2a: Slowking|0 fnt\n|faint|p2a: Slowking\n|\n|upkeep\n|\n|t:|1699823285\n|switch|p2a: Dragapult|Dragapult, M|57\/100\n|turn|31\n|\n|t:|1699823293\n|-terastallize|p2a: Dragapult|Fairy\n|move|p2a: Dragapult|Shadow Ball|p1a: Torterra\n|-damage|p1a: Torterra|31\/100\n|move|p1a: Torterra|Giga Drain|p2a: Dragapult\n|-damage|p2a: Dragapult|0 fnt\n|-heal|p1a: Torterra|54\/100|[from] drain|[of] p2a: Dragapult\n|faint|p2a: Dragapult\n|\n|upkeep\n|-message|mops2002 forfeited.\n|\n|win|SAGGYBAWLZ\n|raw|SAGGYBAWLZ's rating: 1183 &rarr; <strong>1207<\/strong><br \/>(+24 for winning)\n|raw|mops2002's rating: 1167 &rarr; <strong>1143<\/strong><br \/>(-24 for losing)\n|l|\u2606mops2002\n","uploadtime":1699823328,"views":10,"p1id":"saggybawlz","p2id":"mops2002","formatid":"gen9ou","rating":1143,"private":0,"password":""}