{"id":"gen9ou-1995829922","p1":"freezedry667","p2":"Zulneily","format":"[Gen 9] OU","log":"|j|\u2606freezedry667\n|j|\u2606Zulneily\n|t:|1700607342\n|gametype|singles\n|player|p1|freezedry667|volkner|1217\n|player|p2|Zulneily|hilda-wonderlauncher|1258\n|teamsize|p1|6\n|teamsize|p2|6\n|gen|9\n|tier|[Gen 9] OU\n|rated|\n|rule|Sleep Clause Mod: Limit one foe put to sleep\n|rule|Species Clause: Limit one of each Pok\u00e9mon\n|rule|OHKO Clause: OHKO moves are banned\n|rule|Evasion Items Clause: Evasion items are banned\n|rule|Evasion Moves Clause: Evasion moves are banned\n|rule|Endless Battle Clause: Forcing endless battles is banned\n|rule|HP Percentage Mod: HP is shown in percentages\n|clearpoke\n|poke|p1|Landorus-Therian, M|\n|poke|p1|Corviknight, M|\n|poke|p1|Greninja-*, M|\n|poke|p1|Kingambit, F|\n|poke|p1|Zapdos|\n|poke|p1|Ceruledge, M|\n|poke|p2|Great Tusk|\n|poke|p2|Gholdengo|\n|poke|p2|Ogerpon, F|\n|poke|p2|Iron Moth|\n|poke|p2|Gastrodon-East, M|\n|poke|p2|Enamorus, F|\n|teampreview\n|c|\u2606freezedry667|gl bro\n|inactive|Battle timer is ON: inactive players will automatically lose when time's up. (requested by freezedry667)\n|\n|t:|1700607362\n|start\n|switch|p1a: Landorus|Landorus-Therian, M|100\/100\n|switch|p2a: Gastrodon|Gastrodon-East, M|100\/100\n|-ability|p1a: Landorus|Intimidate|boost\n|-unboost|p2a: Gastrodon|atk|1\n|turn|1\n|\n|t:|1700607371\n|move|p1a: Landorus|Grass Knot|p2a: Gastrodon\n|-supereffective|p2a: Gastrodon\n|-damage|p2a: Gastrodon|64\/100\n|move|p2a: Gastrodon|Yawn|p1a: Landorus\n|-start|p1a: Landorus|move: Yawn|[of] p2a: Gastrodon\n|\n|-heal|p2a: Gastrodon|70\/100|[from] item: Leftovers\n|upkeep\n|turn|2\n|\n|t:|1700607383\n|switch|p1a: Corviknight|Corviknight, M|100\/100\n|-ability|p1a: Corviknight|Pressure\n|move|p2a: Gastrodon|Recover|p2a: Gastrodon\n|-heal|p2a: Gastrodon|100\/100\n|\n|upkeep\n|turn|3\n|\n|t:|1700607392\n|move|p1a: Corviknight|Taunt|p2a: Gastrodon\n|-start|p2a: Gastrodon|move: Taunt\n|cant|p2a: Gastrodon|move: Taunt|Yawn\n|\n|upkeep\n|turn|4\n|\n|t:|1700607405\n|switch|p1a: Landorus|Landorus-Therian, M|100\/100\n|-ability|p1a: Landorus|Intimidate|boost\n|-unboost|p2a: Gastrodon|atk|1\n|move|p2a: Gastrodon|Surf|p1a: Landorus\n|-supereffective|p1a: Landorus\n|-damage|p1a: Landorus|40\/100\n|\n|upkeep\n|turn|5\n|\n|t:|1700607421\n|move|p1a: Landorus|U-turn|p2a: Gastrodon\n|-damage|p2a: Gastrodon|75\/100\n|\n|t:|1700607433\n|switch|p1a: Greninja|Greninja, M|100\/100|[from] U-turn\n|move|p2a: Gastrodon|Surf|p1a: Greninja\n|-resisted|p1a: Greninja\n|-damage|p1a: Greninja|76\/100\n|\n|-heal|p2a: Gastrodon|81\/100|[from] item: Leftovers\n|-end|p2a: Gastrodon|move: Taunt\n|upkeep\n|turn|6\n|\n|t:|1700607446\n|move|p1a: Greninja|Dark Pulse|p2a: Gastrodon\n|-damage|p2a: Gastrodon|50\/100\n|-damage|p1a: Greninja|66\/100|[from] item: Life Orb\n|cant|p2a: Gastrodon|flinch\n|\n|-heal|p2a: Gastrodon|56\/100|[from] item: Leftovers\n|upkeep\n|turn|7\n|\n|t:|1700607465\n|move|p1a: Greninja|Dark Pulse|p2a: Gastrodon\n|-damage|p2a: Gastrodon|26\/100\n|-damage|p1a: Greninja|57\/100|[from] item: Life Orb\n|move|p2a: Gastrodon|Recover|p2a: Gastrodon\n|-heal|p2a: Gastrodon|76\/100\n|\n|-heal|p2a: Gastrodon|82\/100|[from] item: Leftovers\n|upkeep\n|turn|8\n|\n|t:|1700607479\n|move|p1a: Greninja|Ice Beam|p2a: Gastrodon\n|-damage|p2a: Gastrodon|61\/100\n|-damage|p1a: Greninja|47\/100|[from] item: Life Orb\n|move|p2a: Gastrodon|Yawn|p1a: Greninja\n|-start|p1a: Greninja|move: Yawn|[of] p2a: Gastrodon\n|\n|-heal|p2a: Gastrodon|67\/100|[from] item: Leftovers\n|upkeep\n|turn|9\n|\n|t:|1700607491\n|move|p1a: Greninja|Dark Pulse|p2a: Gastrodon\n|-damage|p2a: Gastrodon|35\/100\n|-damage|p1a: Greninja|37\/100|[from] item: Life Orb\n|move|p2a: Gastrodon|Surf|p1a: Greninja\n|-resisted|p1a: Greninja\n|-damage|p1a: Greninja|13\/100\n|\n|-heal|p2a: Gastrodon|41\/100|[from] item: Leftovers\n|-end|p1a: Greninja|move: Yawn|[silent]\n|-status|p1a: Greninja|slp\n|upkeep\n|turn|10\n|\n|t:|1700607500\n|cant|p1a: Greninja|slp\n|move|p2a: Gastrodon|Recover|p2a: Gastrodon\n|-heal|p2a: Gastrodon|91\/100\n|\n|-heal|p2a: Gastrodon|97\/100|[from] item: Leftovers\n|upkeep\n|turn|11\n|\n|t:|1700607506\n|-curestatus|p1a: Greninja|slp|[msg]\n|move|p1a: Greninja|Dark Pulse|p2a: Gastrodon\n|-damage|p2a: Gastrodon|68\/100\n|-damage|p1a: Greninja|3\/100|[from] item: Life Orb\n|move|p2a: Gastrodon|Surf|p1a: Greninja\n|-resisted|p1a: Greninja\n|-damage|p1a: Greninja|0 fnt\n|faint|p1a: Greninja\n|\n|-heal|p2a: Gastrodon|74\/100|[from] item: Leftovers\n|upkeep\n|\n|t:|1700607516\n|switch|p1a: Corviknight|Corviknight, M|100\/100\n|-ability|p1a: Corviknight|Pressure\n|turn|12\n|\n|t:|1700607531\n|switch|p2a: Gholdengo|Gholdengo|100\/100\n|move|p1a: Corviknight|Taunt|p2a: Gholdengo\n|-immune|p2a: Gholdengo|[from] ability: Good as Gold\n|\n|upkeep\n|turn|13\n|\n|t:|1700607544\n|switch|p1a: Kingambit|Kingambit, F|100\/100\n|-activate|p1a: Kingambit|ability: Supreme Overlord\n|-start|p1a: Kingambit|fallen1|[silent]\n|move|p2a: Gholdengo|Shadow Ball|p1a: Kingambit\n|-resisted|p1a: Kingambit\n|-damage|p1a: Kingambit|73\/100\n|-damage|p2a: Gholdengo|91\/100|[from] item: Life Orb\n|\n|upkeep\n|turn|14\n|\n|t:|1700607561\n|switch|p2a: Enamorus|Enamorus, F|100\/100\n|move|p1a: Kingambit|Swords Dance|p1a: Kingambit\n|-boost|p1a: Kingambit|atk|2\n|\n|upkeep\n|turn|15\n|\n|t:|1700607579\n|-end|p1a: Kingambit|fallen1|[silent]\n|switch|p1a: Corviknight|Corviknight, M|100\/100\n|-ability|p1a: Corviknight|Pressure\n|move|p2a: Enamorus|Superpower|p1a: Corviknight\n|-crit|p1a: Corviknight\n|-damage|p1a: Corviknight|64\/100\n|-boost|p2a: Enamorus|atk|1\n|-boost|p2a: Enamorus|def|1\n|\n|upkeep\n|turn|16\n|inactive|freezedry667 has 120 seconds left.\n|inactive|Zulneily has 120 seconds left.\n|\n|t:|1700607617\n|switch|p2a: Great Tusk|Great Tusk|100\/100\n|switch|p1a: Ceruledge|Ceruledge, M|100\/100\n|\n|upkeep\n|turn|17\n|inactive|Zulneily has 120 seconds left.\n|\n|t:|1700607628\n|switch|p1a: Landorus|Landorus-Therian, M|40\/100\n|-ability|p1a: Landorus|Intimidate|boost\n|-unboost|p2a: Great Tusk|atk|1\n|move|p2a: Great Tusk|Knock Off|p1a: Landorus\n|-damage|p1a: Landorus|18\/100\n|-enditem|p1a: Landorus|Choice Scarf|[from] move: Knock Off|[of] p2a: Great Tusk\n|\n|upkeep\n|turn|18\n|inactive|Zulneily has 120 seconds left.\n|\n|t:|1700607650\n|move|p1a: Landorus|Grass Knot|p2a: Great Tusk\n|-supereffective|p2a: Great Tusk\n|-damage|p2a: Great Tusk|39\/100\n|move|p2a: Great Tusk|Stealth Rock|p1a: Landorus\n|-sidestart|p1: freezedry667|move: Stealth Rock\n|\n|-heal|p2a: Great Tusk|45\/100|[from] item: Leftovers\n|upkeep\n|turn|19\n|\n|t:|1700607669\n|-end|p2a: Great Tusk|Protosynthesis|[silent]\n|switch|p2a: Ogerpon|Ogerpon, F|100\/100\n|move|p1a: Landorus|Grass Knot|p2a: Ogerpon\n|-resisted|p2a: Ogerpon\n|-damage|p2a: Ogerpon|92\/100\n|\n|upkeep\n|turn|20\n|inactive|Zulneily has 90 seconds left.\n|\n|t:|1700607702\n|switch|p2a: Gastrodon|Gastrodon-East, M|74\/100\n|move|p1a: Landorus|U-turn|p2a: Gastrodon\n|-damage|p2a: Gastrodon|51\/100\n|\n|t:|1700607710\n|switch|p1a: Corviknight|Corviknight, M|64\/100|[from] U-turn\n|-ability|p1a: Corviknight|Pressure\n|\n|-heal|p2a: Gastrodon|58\/100|[from] item: Leftovers\n|upkeep\n|turn|21\n|inactive|Zulneily has 90 seconds left.\n|\n|t:|1700607721\n|switch|p2a: Great Tusk|Great Tusk|45\/100\n|move|p1a: Corviknight|Taunt|p2a: Great Tusk\n|-start|p2a: Great Tusk|move: Taunt\n|\n|-heal|p2a: Great Tusk|51\/100|[from] item: Leftovers\n|upkeep\n|turn|22\n|inactive|Zulneily has 90 seconds left.\n|\n|t:|1700607733\n|move|p2a: Great Tusk|Knock Off|p1a: Corviknight\n|-damage|p1a: Corviknight|42\/100\n|-enditem|p1a: Corviknight|Heavy-Duty Boots|[from] move: Knock Off|[of] p2a: Great Tusk\n|move|p1a: Corviknight|Defog|p2a: Great Tusk\n|-unboost|p2a: Great Tusk|evasion|1\n|-sideend|p1: freezedry667|Stealth Rock|[from] move: Defog|[of] p1a: Corviknight\n|\n|-heal|p2a: Great Tusk|57\/100|[from] item: Leftovers\n|upkeep\n|turn|23\n|inactive|Zulneily has 90 seconds left.\n|\n|t:|1700607753\n|move|p2a: Great Tusk|Body Press|p1a: Corviknight\n|-damage|p1a: Corviknight|5\/100\n|move|p1a: Corviknight|Roost|p1a: Corviknight\n|-heal|p1a: Corviknight|56\/100\n|-singleturn|p1a: Corviknight|move: Roost\n|\n|-heal|p2a: Great Tusk|64\/100|[from] item: Leftovers\n|-end|p2a: Great Tusk|move: Taunt\n|upkeep\n|turn|24\n|\n|t:|1700607775\n|-end|p2a: Great Tusk|Protosynthesis|[silent]\n|switch|p2a: Iron Moth|Iron Moth|100\/100\n|-enditem|p2a: Iron Moth|Booster Energy\n|-activate|p2a: Iron Moth|ability: Quark Drive|[fromitem]\n|-start|p2a: Iron Moth|quarkdrivespe\n|move|p1a: Corviknight|Roost|p1a: Corviknight\n|-heal|p1a: Corviknight|100\/100\n|-singleturn|p1a: Corviknight|move: Roost\n|\n|upkeep\n|turn|25\n|\n|t:|1700607797\n|-terastallize|p1a: Corviknight|Ground\n|move|p2a: Iron Moth|Substitute|p2a: Iron Moth\n|-start|p2a: Iron Moth|Substitute\n|-damage|p2a: Iron Moth|76\/100\n|move|p1a: Corviknight|Taunt|p2a: Iron Moth\n|-start|p2a: Iron Moth|move: Taunt\n|\n|upkeep\n|turn|26\n|\n|t:|1700607813\n|switch|p1a: Ceruledge|Ceruledge, M|100\/100\n|move|p2a: Iron Moth|Energy Ball|p1a: Ceruledge\n|-resisted|p1a: Ceruledge\n|-damage|p1a: Ceruledge|82\/100\n|-unboost|p1a: Ceruledge|spd|1\n|\n|upkeep\n|turn|27\n|\n|t:|1700607828\n|move|p2a: Iron Moth|Sludge Wave|p1a: Ceruledge\n|-resisted|p1a: Ceruledge\n|-damage|p1a: Ceruledge|38\/100\n|move|p1a: Ceruledge|Poltergeist||[still]\n|-fail|p1a: Ceruledge\n|\n|upkeep\n|turn|28\n|\n|t:|1700607838\n|switch|p1a: Kingambit|Kingambit, F|73\/100\n|-activate|p1a: Kingambit|ability: Supreme Overlord\n|-start|p1a: Kingambit|fallen1|[silent]\n|move|p2a: Iron Moth|Sludge Wave|p1a: Kingambit\n|-immune|p1a: Kingambit\n|\n|-end|p2a: Iron Moth|move: Taunt\n|upkeep\n|turn|29\n|\n|t:|1700607851\n|move|p2a: Iron Moth|Fiery Dance|p1a: Kingambit\n|-supereffective|p1a: Kingambit\n|-damage|p1a: Kingambit|0 fnt\n|faint|p1a: Kingambit\n|-end|p1a: Kingambit|fallen1|[silent]\n|\n|upkeep\n|\n|t:|1700607859\n|switch|p1a: Landorus|Landorus-Therian, M|18\/100\n|-ability|p1a: Landorus|Intimidate|boost\n|-immune|p2a: Iron Moth\n|turn|30\n|\n|t:|1700607865\n|move|p2a: Iron Moth|Fiery Dance|p1a: Landorus\n|-damage|p1a: Landorus|0 fnt\n|-boost|p2a: Iron Moth|spa|1\n|faint|p1a: Landorus\n|\n|upkeep\n|-message|freezedry667 forfeited.\n|\n|win|Zulneily\n|raw|freezedry667's rating: 1217 &rarr; <strong>1195<\/strong><br \/>(-22 for losing)\n|raw|Zulneily's rating: 1258 &rarr; <strong>1280<\/strong><br \/>(+22 for winning)\n|l|\u2606freezedry667\n","uploadtime":1700607913,"views":7,"p1id":"freezedry667","p2id":"zulneily","formatid":"gen9ou","rating":1195,"private":0,"password":""}