{"id":"gen9ou-1995997220","p1":"James K Polk","p2":"punkmag","format":"[Gen 9] OU","log":"|j|\u2606James K Polk\n|j|\u2606punkmag\n|t:|1700627063\n|gametype|singles\n|player|p1|James K Polk|ninjaboy|1235\n|player|p2|punkmag|waitress-gen4|1336\n|teamsize|p1|6\n|teamsize|p2|6\n|gen|9\n|tier|[Gen 9] OU\n|rated|\n|rule|Sleep Clause Mod: Limit one foe put to sleep\n|rule|Species Clause: Limit one of each Pok\u00e9mon\n|rule|OHKO Clause: OHKO moves are banned\n|rule|Evasion Items Clause: Evasion items are banned\n|rule|Evasion Moves Clause: Evasion moves are banned\n|rule|Endless Battle Clause: Forcing endless battles is banned\n|rule|HP Percentage Mod: HP is shown in percentages\n|clearpoke\n|poke|p1|Weavile, F|\n|poke|p1|Great Tusk|\n|poke|p1|Greninja-*, F|\n|poke|p1|Scizor, F|\n|poke|p1|Landorus-Therian, M|\n|poke|p1|Hoopa-Unbound|\n|poke|p2|Tinkaton, F|\n|poke|p2|Rillaboom, F|\n|poke|p2|Toxtricity, M|\n|poke|p2|Greninja-*, F|\n|poke|p2|Mandibuzz, F|\n|poke|p2|Iron Moth|\n|teampreview\n|inactive|Battle timer is ON: inactive players will automatically lose when time's up. (requested by punkmag)\n|inactive|James K Polk has 120 seconds left.\n|\n|t:|1700627105\n|start\n|switch|p1a: Greninja|Greninja, F|100\/100\n|switch|p2a: Shurikens|Greninja, F|100\/100\n|turn|1\n|\n|t:|1700627120\n|switch|p2a: Amazon|Tinkaton, F|100\/100\n|-ability|p2a: Amazon|Mold Breaker\n|move|p1a: Greninja|U-turn|p2a: Amazon\n|-start|p1a: Greninja|typechange|Bug|[from] ability: Protean\n|-resisted|p2a: Amazon\n|-damage|p2a: Amazon|94\/100\n|\n|t:|1700627137\n|switch|p1a: Landorus|Landorus-Therian, M|100\/100|[from] U-turn\n|-ability|p1a: Landorus|Intimidate|boost\n|-unboost|p2a: Amazon|atk|1\n|\n|-heal|p2a: Amazon|99\/100|[from] item: Leftovers\n|upkeep\n|turn|2\n|\n|t:|1700627148\n|move|p2a: Amazon|Knock Off|p1a: Landorus\n|-damage|p1a: Landorus|88\/100\n|-enditem|p1a: Landorus|Assault Vest|[from] move: Knock Off|[of] p2a: Amazon\n|move|p1a: Landorus|Sandsear Storm|p2a: Amazon\n|-supereffective|p2a: Amazon\n|-damage|p2a: Amazon|30\/100\n|\n|-heal|p2a: Amazon|36\/100|[from] item: Leftovers\n|upkeep\n|turn|3\n|\n|t:|1700627165\n|switch|p2a: Mandibuzz|Mandibuzz, F|100\/100\n|switch|p1a: Greninja|Greninja, F|100\/100\n|\n|upkeep\n|turn|4\n|\n|t:|1700627174\n|move|p1a: Greninja|Ice Beam|p2a: Mandibuzz\n|-start|p1a: Greninja|typechange|Ice|[from] ability: Protean\n|-supereffective|p2a: Mandibuzz\n|-damage|p2a: Mandibuzz|37\/100\n|move|p2a: Mandibuzz|Toxic|p1a: Greninja\n|-status|p1a: Greninja|tox\n|\n|-heal|p2a: Mandibuzz|43\/100|[from] item: Leftovers\n|-damage|p1a: Greninja|95\/100 tox|[from] psn\n|upkeep\n|turn|5\n|\n|t:|1700627199\n|switch|p2a: Amazon|Tinkaton, F|36\/100\n|-ability|p2a: Amazon|Mold Breaker\n|move|p1a: Greninja|Ice Beam|p2a: Amazon\n|-resisted|p2a: Amazon\n|-damage|p2a: Amazon|20\/100\n|\n|-heal|p2a: Amazon|26\/100|[from] item: Leftovers\n|-damage|p1a: Greninja|83\/100 tox|[from] psn\n|upkeep\n|turn|6\n|\n|t:|1700627214\n|switch|p1a: Landorus|Landorus-Therian, M|88\/100\n|-ability|p1a: Landorus|Intimidate|boost\n|-unboost|p2a: Amazon|atk|1\n|move|p2a: Amazon|Gigaton Hammer|p1a: Landorus\n|-damage|p1a: Landorus|55\/100\n|\n|-heal|p2a: Amazon|32\/100|[from] item: Leftovers\n|upkeep\n|turn|7\n|inactive|punkmag has 120 seconds left.\n|\n|t:|1700627242\n|switch|p2a: Bass Vs|Toxtricity, M|100\/100\n|-item|p2a: Bass Vs|Air Balloon\n|move|p1a: Landorus|Sandsear Storm|p2a: Bass Vs\n|-immune|p2a: Bass Vs\n|\n|upkeep\n|turn|8\n|inactive|James K Polk has 120 seconds left.\n|inactive|punkmag has 120 seconds left.\n|\n|t:|1700627264\n|switch|p2a: Mandibuzz|Mandibuzz, F|43\/100\n|move|p1a: Landorus|Tera Blast|p2a: Mandibuzz\n|-damage|p2a: Mandibuzz|21\/100\n|\n|-heal|p2a: Mandibuzz|27\/100|[from] item: Leftovers\n|upkeep\n|turn|9\n|inactive|James K Polk has 120 seconds left.\n|inactive|punkmag has 120 seconds left.\n|\n|t:|1700627271\n|move|p1a: Landorus|Sludge Bomb|p2a: Mandibuzz\n|-damage|p2a: Mandibuzz|6\/100\n|move|p2a: Mandibuzz|Roost|p2a: Mandibuzz\n|-heal|p2a: Mandibuzz|56\/100\n|-singleturn|p2a: Mandibuzz|move: Roost\n|\n|-heal|p2a: Mandibuzz|62\/100|[from] item: Leftovers\n|upkeep\n|turn|10\n|inactive|punkmag has 120 seconds left.\n|\n|t:|1700627288\n|switch|p1a: Scizor|Scizor, F|100\/100\n|move|p2a: Mandibuzz|Foul Play|p1a: Scizor\n|-damage|p1a: Scizor|34\/100\n|\n|-heal|p2a: Mandibuzz|69\/100|[from] item: Leftovers\n|upkeep\n|turn|11\n|inactive|punkmag has 120 seconds left.\n|\n|t:|1700627298\n|switch|p1a: Landorus|Landorus-Therian, M|55\/100\n|-ability|p1a: Landorus|Intimidate|boost\n|-unboost|p2a: Mandibuzz|atk|1\n|move|p2a: Mandibuzz|Roost|p2a: Mandibuzz\n|-heal|p2a: Mandibuzz|100\/100\n|-singleturn|p2a: Mandibuzz|move: Roost\n|\n|upkeep\n|turn|12\n|\n|t:|1700627307\n|move|p1a: Landorus|Sludge Bomb|p2a: Mandibuzz\n|-damage|p2a: Mandibuzz|78\/100\n|move|p2a: Mandibuzz|Foul Play|p1a: Landorus\n|-damage|p1a: Landorus|9\/100\n|\n|-heal|p2a: Mandibuzz|84\/100|[from] item: Leftovers\n|upkeep\n|turn|13\n|\n|t:|1700627316\n|switch|p2a: Amazon|Tinkaton, F|32\/100\n|-ability|p2a: Amazon|Mold Breaker\n|move|p1a: Landorus|Sludge Bomb|p2a: Amazon\n|-immune|p2a: Amazon\n|\n|-heal|p2a: Amazon|38\/100|[from] item: Leftovers\n|upkeep\n|turn|14\n|\n|t:|1700627327\n|move|p2a: Amazon|Gigaton Hammer|p1a: Landorus\n|-damage|p1a: Landorus|0 fnt\n|faint|p1a: Landorus\n|\n|-heal|p2a: Amazon|44\/100|[from] item: Leftovers\n|upkeep\n|\n|t:|1700627336\n|switch|p1a: Great Tusk|Great Tusk|100\/100\n|turn|15\n|\n|t:|1700627360\n|switch|p2a: Pinecones|Rillaboom, F|100\/100\n|-fieldstart|move: Grassy Terrain|[from] ability: Grassy Surge|[of] p2a: Pinecones\n|move|p1a: Great Tusk|Headlong Rush|p2a: Pinecones\n|-resisted|p2a: Pinecones\n|-damage|p2a: Pinecones|66\/100\n|-unboost|p1a: Great Tusk|def|1\n|-unboost|p1a: Great Tusk|spd|1\n|\n|-heal|p2a: Pinecones|72\/100|[from] Grassy Terrain\n|-heal|p2a: Pinecones|78\/100|[from] item: Leftovers\n|upkeep\n|turn|16\n|\n|t:|1700627373\n|-end|p1a: Great Tusk|Protosynthesis|[silent]\n|switch|p1a: Scizor|Scizor, F|34\/100\n|move|p2a: Pinecones|Grassy Glide|p1a: Scizor\n|-resisted|p1a: Scizor\n|-damage|p1a: Scizor|24\/100\n|\n|-heal|p2a: Pinecones|84\/100|[from] Grassy Terrain\n|-heal|p2a: Pinecones|91\/100|[from] item: Leftovers\n|-heal|p1a: Scizor|30\/100|[from] Grassy Terrain\n|upkeep\n|turn|17\n|\n|t:|1700627392\n|move|p2a: Pinecones|Knock Off|p1a: Scizor\n|-damage|p1a: Scizor|0 fnt\n|-enditem|p1a: Scizor|Life Orb|[from] move: Knock Off|[of] p2a: Pinecones\n|faint|p1a: Scizor\n|\n|-heal|p2a: Pinecones|97\/100|[from] Grassy Terrain\n|-heal|p2a: Pinecones|100\/100|[from] item: Leftovers\n|upkeep\n|inactive|James K Polk has 120 seconds left.\n|\n|t:|1700627426\n|switch|p1a: Weavile|Weavile, F|100\/100\n|-ability|p1a: Weavile|Pressure\n|turn|18\n|\n|t:|1700627433\n|switch|p2a: Amazon|Tinkaton, F|44\/100\n|-ability|p2a: Amazon|Mold Breaker\n|move|p1a: Weavile|Ice Spinner|p2a: Amazon\n|-resisted|p2a: Amazon\n|-damage|p2a: Amazon|3\/100\n|-fieldend|move: Grassy Terrain\n|\n|-heal|p2a: Amazon|9\/100|[from] item: Leftovers\n|upkeep\n|turn|19\n|\n|t:|1700627445\n|move|p1a: Weavile|Ice Spinner|p2a: Amazon\n|-resisted|p2a: Amazon\n|-damage|p2a: Amazon|0 fnt\n|faint|p2a: Amazon\n|\n|upkeep\n|\n|t:|1700627464\n|switch|p2a: Shurikens|Greninja, F|100\/100\n|turn|20\n|\n|t:|1700627472\n|switch|p1a: Greninja|Greninja, F|83\/100 tox\n|move|p2a: Shurikens|Surf|p1a: Greninja\n|-start|p2a: Shurikens|typechange|Water|[from] ability: Protean\n|-resisted|p1a: Greninja\n|-damage|p1a: Greninja|53\/100 tox\n|\n|-damage|p1a: Greninja|47\/100 tox|[from] psn\n|upkeep\n|turn|21\n|\n|t:|1700627480\n|move|p1a: Greninja|Dark Pulse|p2a: Shurikens\n|-start|p1a: Greninja|typechange|Dark|[from] ability: Protean\n|-damage|p2a: Shurikens|47\/100\n|move|p2a: Shurikens|Surf|p1a: Greninja\n|-damage|p1a: Greninja|0 fnt\n|faint|p1a: Greninja\n|\n|upkeep\n|\n|t:|1700627489\n|switch|p1a: Weavile|Weavile, F|100\/100\n|-ability|p1a: Weavile|Pressure\n|turn|22\n|\n|t:|1700627496\n|move|p1a: Weavile|Knock Off|p2a: Shurikens\n|-damage|p2a: Shurikens|0 fnt\n|-enditem|p2a: Shurikens|Expert Belt|[from] move: Knock Off|[of] p1a: Weavile\n|faint|p2a: Shurikens\n|\n|upkeep\n|\n|t:|1700627507\n|switch|p2a: Mandibuzz|Mandibuzz, F|84\/100\n|turn|23\n|\n|t:|1700627514\n|switch|p1a: Hoopa|Hoopa-Unbound|100\/100\n|move|p2a: Mandibuzz|Toxic|p1a: Hoopa\n|-status|p1a: Hoopa|tox\n|\n|-heal|p2a: Mandibuzz|90\/100|[from] item: Leftovers\n|-damage|p1a: Hoopa|95\/100 tox|[from] psn\n|upkeep\n|turn|24\n|\n|t:|1700627521\n|-terastallize|p1a: Hoopa|Steel\n|move|p1a: Hoopa|Tera Blast|p2a: Mandibuzz|[anim] Tera Blast Steel\n|-damage|p2a: Mandibuzz|24\/100\n|move|p2a: Mandibuzz|Foul Play|p1a: Hoopa\n|-damage|p1a: Hoopa|23\/100 tox\n|\n|-heal|p2a: Mandibuzz|30\/100|[from] item: Leftovers\n|-damage|p1a: Hoopa|11\/100 tox|[from] psn\n|upkeep\n|turn|25\n|\n|t:|1700627537\n|move|p1a: Hoopa|Tera Blast|p2a: Mandibuzz|[anim] Tera Blast Steel\n|-damage|p2a: Mandibuzz|0 fnt\n|faint|p2a: Mandibuzz\n|\n|-damage|p1a: Hoopa|0 fnt|[from] psn\n|faint|p1a: Hoopa\n|upkeep\n|\n|t:|1700627554\n|switch|p1a: Weavile|Weavile, F|100\/100\n|switch|p2a: Bass Vs|Toxtricity, M|100\/100\n|-ability|p1a: Weavile|Pressure\n|-item|p2a: Bass Vs|Air Balloon\n|turn|26\n|\n|t:|1700627583\n|move|p1a: Weavile|Knock Off|p2a: Bass Vs\n|-damage|p2a: Bass Vs|12\/100\n|-enditem|p2a: Bass Vs|Air Balloon\n|move|p2a: Bass Vs|Drain Punch|p1a: Weavile\n|-supereffective|p1a: Weavile\n|-damage|p1a: Weavile|0 fnt\n|-heal|p2a: Bass Vs|51\/100|[from] drain|[of] p1a: Weavile\n|faint|p1a: Weavile\n|\n|upkeep\n|\n|t:|1700627587\n|switch|p1a: Great Tusk|Great Tusk|100\/100\n|turn|27\n|\n|t:|1700627598\n|move|p1a: Great Tusk|Headlong Rush|p2a: Bass Vs\n|-supereffective|p2a: Bass Vs\n|-damage|p2a: Bass Vs|0 fnt\n|-unboost|p1a: Great Tusk|def|1\n|-unboost|p1a: Great Tusk|spd|1\n|faint|p2a: Bass Vs\n|\n|upkeep\n|\n|t:|1700627604\n|switch|p2a: Pinecones|Rillaboom, F|100\/100\n|-fieldstart|move: Grassy Terrain|[from] ability: Grassy Surge|[of] p2a: Pinecones\n|turn|28\n|\n|t:|1700627617\n|-terastallize|p2a: Pinecones|Grass\n|move|p2a: Pinecones|Grassy Glide|p1a: Great Tusk\n|-supereffective|p1a: Great Tusk\n|-damage|p1a: Great Tusk|0 fnt\n|faint|p1a: Great Tusk\n|-end|p1a: Great Tusk|Protosynthesis|[silent]\n|\n|win|punkmag\n|raw|James K Polk's rating: 1235 &rarr; <strong>1217<\/strong><br \/>(-18 for losing)\n|raw|punkmag's rating: 1336 &rarr; <strong>1350<\/strong><br \/>(+14 for winning)\n","uploadtime":1700627624,"views":0,"p1id":"jameskpolk","p2id":"punkmag","formatid":"gen9ou","rating":1217,"private":0,"password":""}