{"id":"gen9ou-1989640368","p1":"thelocalhoodrat","p2":"omenkiller rollo","format":"[Gen 9] OU","log":"|j|\u2606thelocalhoodrat\n|j|\u2606omenkiller rollo\n|t:|1699882128\n|gametype|singles\n|player|p1|thelocalhoodrat|170|1226\n|player|p2|omenkiller rollo|policeman-gen4|1287\n|teamsize|p1|6\n|teamsize|p2|6\n|gen|9\n|tier|[Gen 9] OU\n|rated|\n|rule|Sleep Clause Mod: Limit one foe put to sleep\n|rule|Species Clause: Limit one of each Pok\u00e9mon\n|rule|OHKO Clause: OHKO moves are banned\n|rule|Evasion Items Clause: Evasion items are banned\n|rule|Evasion Moves Clause: Evasion moves are banned\n|rule|Endless Battle Clause: Forcing endless battles is banned\n|rule|HP Percentage Mod: HP is shown in percentages\n|clearpoke\n|poke|p1|Tauros-Paldea-Blaze, M|\n|poke|p1|Kingambit, M|\n|poke|p1|Enamorus, F|\n|poke|p1|Dragapult, F|\n|poke|p1|Corviknight, M|\n|poke|p1|Clefable, F|\n|poke|p2|Jirachi|\n|poke|p2|Garchomp, F|\n|poke|p2|Mandibuzz, F|\n|poke|p2|Tauros-Paldea-Aqua, M|\n|poke|p2|Ogerpon, F|\n|poke|p2|Slowking-Galar, M|\n|teampreview\n|\n|t:|1699882155\n|start\n|switch|p1a: Dragapult|Dragapult, F|100\/100\n|switch|p2a: Jirachi|Jirachi|100\/100\n|turn|1\n|\n|t:|1699882167\n|switch|p2a: Slowking|Slowking-Galar, M|100\/100\n|move|p1a: Dragapult|Shadow Ball|p2a: Slowking\n|-supereffective|p2a: Slowking\n|-damage|p2a: Slowking|25\/100\n|\n|-heal|p2a: Slowking|31\/100|[from] item: Black Sludge\n|upkeep\n|turn|2\n|inactive|Battle timer is ON: inactive players will automatically lose when time's up. (requested by thelocalhoodrat)\n|\n|t:|1699882193\n|switch|p2a: Mandibuzz|Mandibuzz, F|100\/100\n|move|p1a: Dragapult|Shadow Ball|p2a: Mandibuzz\n|-resisted|p2a: Mandibuzz\n|-damage|p2a: Mandibuzz|79\/100\n|\n|upkeep\n|turn|3\n|\n|t:|1699882209\n|switch|p1a: Enamorus|Enamorus, F|100\/100\n|switch|p2a: Jirachi|Jirachi|100\/100\n|\n|upkeep\n|turn|4\n|\n|t:|1699882215\n|-terastallize|p1a: Enamorus|Ground\n|move|p1a: Enamorus|Earth Power|p2a: Jirachi\n|-supereffective|p2a: Jirachi\n|-damage|p2a: Jirachi|17\/100\n|move|p2a: Jirachi|Doom Desire|p1a: Enamorus\n|-start|p2a: Jirachi|Doom Desire\n|\n|-heal|p2a: Jirachi|23\/100|[from] item: Leftovers\n|upkeep\n|turn|5\n|\n|t:|1699882231\n|switch|p2a: Mandibuzz|Mandibuzz, F|79\/100\n|move|p1a: Enamorus|Superpower|p2a: Mandibuzz\n|-damage|p2a: Mandibuzz|59\/100\n|-boost|p1a: Enamorus|atk|1\n|-boost|p1a: Enamorus|def|1\n|\n|upkeep\n|turn|6\n|\n|t:|1699882253\n|switch|p2a: Garchomp|Garchomp, F|100\/100\n|move|p1a: Enamorus|Moonblast|p2a: Garchomp\n|-supereffective|p2a: Garchomp\n|-crit|p2a: Garchomp\n|-damage|p2a: Garchomp|9\/100\n|\n|-end|p1a: Enamorus|move: Doom Desire\n|-damage|p1a: Enamorus|0 fnt\n|faint|p1a: Enamorus\n|-heal|p2a: Garchomp|15\/100|[from] item: Leftovers\n|upkeep\n|\n|t:|1699882265\n|switch|p1a: Tauros|Tauros-Paldea-Blaze, M|100\/100\n|-ability|p1a: Tauros|Intimidate|boost\n|-unboost|p2a: Garchomp|atk|1\n|turn|7\n|\n|t:|1699882274\n|switch|p2a: Tauros|Tauros-Paldea-Aqua, M, shiny|100\/100\n|-ability|p2a: Tauros|Intimidate|boost\n|-unboost|p1a: Tauros|atk|1\n|move|p1a: Tauros|Bulk Up|p1a: Tauros\n|-boost|p1a: Tauros|atk|1\n|-boost|p1a: Tauros|def|1\n|\n|upkeep\n|turn|8\n|\n|t:|1699882291\n|switch|p1a: Corviknight|Corviknight, M, shiny|100\/100\n|-ability|p1a: Corviknight|Pressure\n|move|p2a: Tauros|Bulk Up|p2a: Tauros\n|-boost|p2a: Tauros|atk|1\n|-boost|p2a: Tauros|def|1\n|\n|upkeep\n|turn|9\n|\n|t:|1699882302\n|switch|p2a: Jirachi|Jirachi|23\/100\n|move|p1a: Corviknight|Brave Bird|p2a: Jirachi\n|-resisted|p2a: Jirachi\n|-damage|p2a: Jirachi|5\/100\n|-damage|p1a: Corviknight|95\/100|[from] Recoil\n|\n|-heal|p2a: Jirachi|11\/100|[from] item: Leftovers\n|upkeep\n|turn|10\n|inactive|thelocalhoodrat has 120 seconds left.\n|\n|t:|1699882348\n|move|p2a: Jirachi|Stealth Rock|p1a: Corviknight\n|-sidestart|p1: thelocalhoodrat|move: Stealth Rock\n|move|p1a: Corviknight|Brave Bird|p2a: Jirachi\n|-resisted|p2a: Jirachi\n|-damage|p2a: Jirachi|0 fnt\n|faint|p2a: Jirachi\n|-damage|p1a: Corviknight|92\/100|[from] Recoil\n|\n|upkeep\n|inactive|omenkiller rollo has 120 seconds left.\n|\n|t:|1699882381\n|switch|p2a: Garchomp|Garchomp, F|15\/100\n|turn|11\n|\n|t:|1699882393\n|move|p2a: Garchomp|Rest|p2a: Garchomp\n|-status|p2a: Garchomp|slp|[from] move: Rest\n|-heal|p2a: Garchomp|100\/100 slp|[silent]\n|move|p1a: Corviknight|Defog|p2a: Garchomp\n|-unboost|p2a: Garchomp|evasion|1\n|-sideend|p1: thelocalhoodrat|Stealth Rock|[from] move: Defog|[of] p1a: Corviknight\n|\n|upkeep\n|turn|12\n|\n|t:|1699882405\n|switch|p2a: Slowking|Slowking-Galar, M|65\/100\n|switch|p1a: Tauros|Tauros-Paldea-Blaze, M|100\/100\n|-ability|p1a: Tauros|Intimidate|boost\n|-unboost|p2a: Slowking|atk|1\n|\n|-heal|p2a: Slowking|71\/100|[from] item: Black Sludge\n|upkeep\n|turn|13\n|\n|t:|1699882415\n|switch|p2a: Tauros|Tauros-Paldea-Aqua, M, shiny|100\/100\n|-ability|p2a: Tauros|Intimidate|boost\n|-unboost|p1a: Tauros|atk|1\n|move|p1a: Tauros|Raging Bull|p2a: Tauros\n|-resisted|p2a: Tauros\n|-damage|p2a: Tauros|93\/100\n|\n|-heal|p2a: Tauros|99\/100|[from] item: Leftovers\n|upkeep\n|turn|14\n|\n|t:|1699882427\n|switch|p1a: Corviknight|Corviknight, M, shiny|92\/100\n|-ability|p1a: Corviknight|Pressure\n|move|p2a: Tauros|Raging Bull|p1a: Corviknight\n|-crit|p1a: Corviknight\n|-damage|p1a: Corviknight|59\/100\n|-damage|p2a: Tauros|82\/100|[from] item: Rocky Helmet|[of] p1a: Corviknight\n|\n|-heal|p2a: Tauros|89\/100|[from] item: Leftovers\n|upkeep\n|turn|15\n|inactive|thelocalhoodrat has 120 seconds left.\n|\n|t:|1699882439\n|switch|p2a: Slowking|Slowking-Galar, M|100\/100\n|move|p1a: Corviknight|Roost|p1a: Corviknight\n|-heal|p1a: Corviknight|100\/100\n|-singleturn|p1a: Corviknight|move: Roost\n|\n|upkeep\n|turn|16\n|inactive|thelocalhoodrat has 120 seconds left.\n|\n|t:|1699882451\n|move|p1a: Corviknight|U-turn|p2a: Slowking\n|-damage|p2a: Slowking|89\/100\n|inactive|thelocalhoodrat has 120 seconds left.\n|\n|t:|1699882458\n|switch|p1a: Clefable|Clefable, F|100\/100|[from] U-turn\n|move|p2a: Slowking|Future Sight|p1a: Clefable\n|-start|p2a: Slowking|move: Future Sight\n|\n|-heal|p2a: Slowking|95\/100|[from] item: Black Sludge\n|upkeep\n|turn|17\n|\n|t:|1699882468\n|switch|p1a: Corviknight|Corviknight, M, shiny|100\/100\n|-ability|p1a: Corviknight|Pressure\n|move|p2a: Slowking|Chilly Reception|p2a: Slowking\n|-weather|Snow\n|\n|t:|1699882483\n|switch|p2a: Mandibuzz|Mandibuzz, F|59\/100|[from] Chilly Reception\n|\n|-weather|Snow|[upkeep]\n|upkeep\n|turn|18\n|\n|t:|1699882488\n|move|p1a: Corviknight|U-turn|p2a: Mandibuzz\n|-damage|p2a: Mandibuzz|52\/100\n|\n|t:|1699882499\n|switch|p1a: Dragapult|Dragapult, F|100\/100|[from] U-turn\n|move|p2a: Mandibuzz|Whirlwind|p1a: Dragapult\n|drag|p1a: Clefable|Clefable, F|100\/100\n|\n|-weather|Snow|[upkeep]\n|-end|p1a: Clefable|move: Future Sight\n|-damage|p1a: Clefable|71\/100\n|upkeep\n|turn|19\n|\n|t:|1699882514\n|switch|p2a: Slowking|Slowking-Galar, M|100\/100\n|move|p1a: Clefable|Moonblast|p2a: Slowking\n|-resisted|p2a: Slowking\n|-damage|p2a: Slowking|88\/100\n|\n|-weather|Snow|[upkeep]\n|-heal|p2a: Slowking|94\/100|[from] item: Black Sludge\n|upkeep\n|turn|20\n|\n|t:|1699882523\n|move|p1a: Clefable|Wish|p1a: Clefable\n|move|p2a: Slowking|Future Sight|p1a: Clefable\n|-start|p2a: Slowking|move: Future Sight\n|\n|-weather|Snow|[upkeep]\n|-heal|p2a: Slowking|100\/100|[from] item: Black Sludge\n|upkeep\n|turn|21\n|\n|t:|1699882529\n|move|p1a: Clefable|Calm Mind|p1a: Clefable\n|-boost|p1a: Clefable|spa|1\n|-boost|p1a: Clefable|spd|1\n|move|p2a: Slowking|Ice Beam|p1a: Clefable\n|-crit|p1a: Clefable\n|-damage|p1a: Clefable|47\/100\n|\n|-weather|none\n|-heal|p1a: Clefable|97\/100|[from] move: Wish|[wisher] Clefable\n|upkeep\n|turn|22\n|inactive|omenkiller rollo has 120 seconds left.\n|\n|t:|1699882569\n|switch|p2a: Mandibuzz|Mandibuzz, F|52\/100\n|move|p1a: Clefable|Calm Mind|p1a: Clefable\n|-boost|p1a: Clefable|spa|1\n|-boost|p1a: Clefable|spd|1\n|\n|-end|p1a: Clefable|move: Future Sight\n|-damage|p1a: Clefable|82\/100\n|upkeep\n|turn|23\n|\n|t:|1699882578\n|move|p1a: Clefable|Moonblast|p2a: Mandibuzz\n|-supereffective|p2a: Mandibuzz\n|-damage|p2a: Mandibuzz|0 fnt\n|faint|p2a: Mandibuzz\n|\n|upkeep\n|\n|t:|1699882584\n|switch|p2a: Ogerpon|Ogerpon, F|100\/100\n|turn|24\n|\n|t:|1699882587\n|-terastallize|p2a: Ogerpon|Grass\n|detailschange|p2a: Ogerpon|Ogerpon-Teal-Tera, F, tera:Grass\n|-ability|p2a: Ogerpon|Embody Aspect (Teal)|boost\n|-boost|p2a: Ogerpon|spe|1\n|move|p2a: Ogerpon|Ivy Cudgel|p1a: Clefable\n|-damage|p1a: Clefable|10\/100\n|move|p1a: Clefable|Moonblast|p2a: Ogerpon\n|-damage|p2a: Ogerpon|32\/100\n|\n|upkeep\n|turn|25\n|\n|t:|1699882599\n|switch|p1a: Tauros|Tauros-Paldea-Blaze, M|100\/100\n|-ability|p1a: Tauros|Intimidate|boost\n|-unboost|p2a: Ogerpon|atk|1\n|move|p2a: Ogerpon|Ivy Cudgel|p1a: Tauros\n|-resisted|p1a: Tauros\n|-crit|p1a: Tauros\n|-damage|p1a: Tauros|50\/100\n|\n|-heal|p1a: Tauros|56\/100|[from] item: Leftovers\n|upkeep\n|turn|26\n|\n|t:|1699882628\n|switch|p2a: Tauros|Tauros-Paldea-Aqua, M, shiny|89\/100\n|-ability|p2a: Tauros|Intimidate|boost\n|-unboost|p1a: Tauros|atk|1\n|switch|p1a: Clefable|Clefable, F|10\/100\n|\n|-heal|p2a: Tauros|95\/100|[from] item: Leftovers\n|upkeep\n|turn|27\n|\n|t:|1699882637\n|move|p2a: Tauros|Raging Bull|p1a: Clefable\n|-damage|p1a: Clefable|0 fnt\n|faint|p1a: Clefable\n|\n|-heal|p2a: Tauros|100\/100|[from] item: Leftovers\n|upkeep\n|\n|t:|1699882641\n|switch|p1a: Dragapult|Dragapult, F|100\/100\n|turn|28\n|\n|t:|1699882652\n|move|p2a: Tauros|Protect|p2a: Tauros\n|-singleturn|p2a: Tauros|Protect\n|move|p1a: Dragapult|Draco Meteor|p2a: Tauros\n|-activate|p2a: Tauros|move: Protect\n|\n|upkeep\n|turn|29\n|\n|t:|1699882682\n|switch|p1a: Kingambit|Kingambit, M, shiny|100\/100\n|-activate|p1a: Kingambit|ability: Supreme Overlord\n|-start|p1a: Kingambit|fallen2|[silent]\n|switch|p2a: Slowking|Slowking-Galar, M|100\/100\n|\n|upkeep\n|turn|30\n|\n|t:|1699882693\n|-end|p1a: Kingambit|fallen2|[silent]\n|switch|p1a: Dragapult|Dragapult, F|100\/100\n|switch|p2a: Tauros|Tauros-Paldea-Aqua, M, shiny|100\/100\n|-ability|p2a: Tauros|Intimidate|boost\n|-unboost|p1a: Dragapult|atk|1\n|\n|upkeep\n|turn|31\n|\n|t:|1699882702\n|move|p2a: Tauros|Protect|p2a: Tauros\n|-singleturn|p2a: Tauros|Protect\n|move|p1a: Dragapult|Shadow Ball|p2a: Tauros\n|-activate|p2a: Tauros|move: Protect\n|\n|upkeep\n|turn|32\n|inactive|omenkiller rollo has 120 seconds left.\n|\n|t:|1699882722\n|switch|p2a: Garchomp|Garchomp, F|100\/100 slp\n|move|p1a: Dragapult|Shadow Ball|p2a: Garchomp\n|-damage|p2a: Garchomp|64\/100 slp\n|\n|-heal|p2a: Garchomp|70\/100 slp|[from] item: Leftovers\n|upkeep\n|turn|33\n|inactive|omenkiller rollo has 120 seconds left.\n|\n|t:|1699882740\n|move|p1a: Dragapult|Shadow Ball|p2a: Garchomp\n|-damage|p2a: Garchomp|36\/100 slp\n|cant|p2a: Garchomp|slp\n|move|p2a: Garchomp|Sleep Talk|p2a: Garchomp\n|move|p2a: Garchomp|Rest||[from]move: Sleep Talk|[still]\n|-fail|p2a: Garchomp\n|\n|-heal|p2a: Garchomp|42\/100 slp|[from] item: Leftovers\n|upkeep\n|turn|34\n|inactive|omenkiller rollo has 120 seconds left.\n|\n|t:|1699882766\n|switch|p1a: Tauros|Tauros-Paldea-Blaze, M|56\/100\n|-ability|p1a: Tauros|Intimidate|boost\n|-unboost|p2a: Garchomp|atk|1\n|cant|p2a: Garchomp|slp\n|move|p2a: Garchomp|Sleep Talk|p2a: Garchomp\n|move|p2a: Garchomp|Dragon Tail|p1a: Tauros|[from]move: Sleep Talk\n|-damage|p1a: Tauros|37\/100\n|drag|p1a: Dragapult|Dragapult, F|100\/100\n|\n|-heal|p2a: Garchomp|48\/100 slp|[from] item: Leftovers\n|upkeep\n|turn|35\n|\n|t:|1699882788\n|switch|p2a: Slowking|Slowking-Galar, M|100\/100\n|move|p1a: Dragapult|Shadow Ball|p2a: Slowking\n|-supereffective|p2a: Slowking\n|-damage|p2a: Slowking|21\/100\n|-unboost|p2a: Slowking|spd|1\n|\n|-heal|p2a: Slowking|27\/100|[from] item: Black Sludge\n|upkeep\n|turn|36\n|\n|t:|1699882799\n|switch|p2a: Garchomp|Garchomp, F|48\/100 slp\n|move|p1a: Dragapult|Shadow Ball|p2a: Garchomp\n|-damage|p2a: Garchomp|12\/100 slp\n|\n|-heal|p2a: Garchomp|18\/100 slp|[from] item: Leftovers\n|upkeep\n|turn|37\n|\n|t:|1699882811\n|move|p1a: Dragapult|Shadow Ball|p2a: Garchomp\n|-damage|p2a: Garchomp|0 fnt\n|faint|p2a: Garchomp\n|\n|upkeep\n|\n|t:|1699882817\n|switch|p2a: Ogerpon|Ogerpon-Teal-Tera, F, tera:Grass|32\/100\n|-ability|p2a: Ogerpon|Embody Aspect (Teal)|boost\n|-boost|p2a: Ogerpon|spe|1\n|turn|38\n|inactive|thelocalhoodrat has 120 seconds left.\n|\n|t:|1699882847\n|switch|p1a: Corviknight|Corviknight, M, shiny|100\/100\n|-ability|p1a: Corviknight|Pressure\n|move|p2a: Ogerpon|Knock Off|p1a: Corviknight\n|-damage|p1a: Corviknight|81\/100\n|-damage|p2a: Ogerpon|15\/100|[from] item: Rocky Helmet|[of] p1a: Corviknight\n|-enditem|p1a: Corviknight|Rocky Helmet|[from] move: Knock Off|[of] p2a: Ogerpon\n|\n|upkeep\n|turn|39\n|inactive|thelocalhoodrat has 120 seconds left.\n|\n|t:|1699882873\n|switch|p2a: Slowking|Slowking-Galar, M|60\/100\n|move|p1a: Corviknight|U-turn|p2a: Slowking\n|-damage|p2a: Slowking|48\/100\n|\n|t:|1699882881\n|switch|p1a: Dragapult|Dragapult, F|100\/100|[from] U-turn\n|\n|-heal|p2a: Slowking|54\/100|[from] item: Black Sludge\n|upkeep\n|turn|40\n|inactive|omenkiller rollo has 120 seconds left.\n|\n|t:|1699882892\n|move|p1a: Dragapult|Shadow Ball|p2a: Slowking\n|-supereffective|p2a: Slowking\n|-damage|p2a: Slowking|0 fnt\n|faint|p2a: Slowking\n|\n|upkeep\n|-message|omenkiller rollo forfeited.\n|\n|win|thelocalhoodrat\n|raw|thelocalhoodrat's rating: 1245 &rarr; <strong>1273<\/strong><br \/>(+28 for winning)\n|raw|omenkiller rollo's rating: 1287 &rarr; <strong>1259<\/strong><br \/>(-28 for losing)\n|l|\u2606omenkiller rollo\n","uploadtime":1699882981,"views":9,"p1id":"thelocalhoodrat","p2id":"omenkillerrollo","formatid":"gen9ou","rating":1259,"private":0,"password":""}