{"id":"gen9ou-1994160738","p1":"outdated ahh team","p2":"artic111","format":"[Gen 9] OU","log":"|j|\u2606outdated ahh team\n|j|\u203dartic111\n|t:|1700413914\n|gametype|singles\n|player|p1|outdated ahh team|bruno-gen2|1529\n|player|p2|artic111|ghetsis|1604\n|teamsize|p1|6\n|teamsize|p2|6\n|gen|9\n|tier|[Gen 9] OU\n|rated|\n|rule|Sleep Clause Mod: Limit one foe put to sleep\n|rule|Species Clause: Limit one of each Pok\u00e9mon\n|rule|OHKO Clause: OHKO moves are banned\n|rule|Evasion Items Clause: Evasion items are banned\n|rule|Evasion Moves Clause: Evasion moves are banned\n|rule|Endless Battle Clause: Forcing endless battles is banned\n|rule|HP Percentage Mod: HP is shown in percentages\n|clearpoke\n|poke|p1|Sinistcha-Masterpiece|\n|poke|p1|Rillaboom, M|\n|poke|p1|Tyranitar, M|\n|poke|p1|Heatran, M|\n|poke|p1|Gholdengo|\n|poke|p1|Muk-Alola, M|\n|poke|p2|Charizard, F|\n|poke|p2|Great Tusk|\n|poke|p2|Torkoal, M|\n|poke|p2|Walking Wake|\n|poke|p2|Rillaboom, M|\n|poke|p2|Iron Valiant|\n|teampreview\n|inactive|Battle timer is ON: inactive players will automatically lose when time's up. (requested by outdated ahh team)\n|\n|t:|1700413929\n|start\n|switch|p1a: Magellan \u2623\ufe0f|Muk-Alola, M|100\/100\n|switch|p2a: Iron Valiant|Iron Valiant|100\/100\n|-enditem|p2a: Iron Valiant|Booster Energy\n|-activate|p2a: Iron Valiant|ability: Quark Drive|[fromitem]\n|-start|p2a: Iron Valiant|quarkdrivespe\n|turn|1\n|\n|t:|1700413935\n|move|p2a: Iron Valiant|Swords Dance|p2a: Iron Valiant\n|-boost|p2a: Iron Valiant|atk|2\n|move|p1a: Magellan \u2623\ufe0f|Poison Jab|p2a: Iron Valiant\n|-supereffective|p2a: Iron Valiant\n|-damage|p2a: Iron Valiant|19\/100\n|-status|p2a: Iron Valiant|psn|[from] ability: Poison Touch|[of] p1a: Magellan \u2623\ufe0f\n|\n|-damage|p2a: Iron Valiant|6\/100 psn|[from] psn\n|upkeep\n|turn|2\n|\n|t:|1700413940\n|move|p1a: Magellan \u2623\ufe0f|Protect|p1a: Magellan \u2623\ufe0f\n|-singleturn|p1a: Magellan \u2623\ufe0f|Protect\n|move|p2a: Iron Valiant|Close Combat|p1a: Magellan \u2623\ufe0f\n|-activate|p1a: Magellan \u2623\ufe0f|move: Protect\n|\n|-damage|p2a: Iron Valiant|0 fnt|[from] psn\n|faint|p2a: Iron Valiant\n|-end|p2a: Iron Valiant|Quark Drive|[silent]\n|upkeep\n|\n|t:|1700413946\n|switch|p2a: Torkoal|Torkoal, M|100\/100\n|-weather|SunnyDay|[from] ability: Drought|[of] p2a: Torkoal\n|turn|3\n|\n|t:|1700413950\n|switch|p1a: Reiner \ud83d\uddff|Tyranitar, M|100\/100\n|-weather|Sandstorm|[from] ability: Sand Stream|[of] p1a: Reiner \ud83d\uddff\n|switch|p2a: Walking Wake|Walking Wake|100\/100\n|\n|-weather|Sandstorm|[upkeep]\n|-damage|p2a: Walking Wake|94\/100|[from] Sandstorm\n|upkeep\n|turn|4\n|\n|t:|1700413962\n|switch|p1a: Magellan \u2623\ufe0f|Muk-Alola, M|100\/100\n|-terastallize|p2a: Walking Wake|Water\n|move|p2a: Walking Wake|Hydro Steam|p1a: Magellan \u2623\ufe0f\n|-damage|p1a: Magellan \u2623\ufe0f|52\/100\n|\n|-weather|Sandstorm|[upkeep]\n|-damage|p2a: Walking Wake|88\/100|[from] Sandstorm\n|-damage|p1a: Magellan \u2623\ufe0f|46\/100|[from] Sandstorm\n|-heal|p1a: Magellan \u2623\ufe0f|52\/100|[from] item: Leftovers\n|upkeep\n|turn|5\n|\n|t:|1700413967\n|-end|p2a: Walking Wake|Protosynthesis|[silent]\n|switch|p2a: Torkoal|Torkoal, M|100\/100\n|-weather|SunnyDay|[from] ability: Drought|[of] p2a: Torkoal\n|move|p1a: Magellan \u2623\ufe0f|Knock Off|p2a: Torkoal\n|-damage|p2a: Torkoal|76\/100\n|-enditem|p2a: Torkoal|Heat Rock|[from] move: Knock Off|[of] p1a: Magellan \u2623\ufe0f\n|\n|-weather|SunnyDay|[upkeep]\n|-heal|p1a: Magellan \u2623\ufe0f|58\/100|[from] item: Leftovers\n|upkeep\n|turn|6\n|\n|t:|1700413973\n|move|p1a: Magellan \u2623\ufe0f|Protect|p1a: Magellan \u2623\ufe0f\n|-singleturn|p1a: Magellan \u2623\ufe0f|Protect\n|move|p2a: Torkoal|Yawn|p1a: Magellan \u2623\ufe0f\n|-activate|p1a: Magellan \u2623\ufe0f|move: Protect\n|\n|-weather|SunnyDay|[upkeep]\n|-heal|p1a: Magellan \u2623\ufe0f|64\/100|[from] item: Leftovers\n|upkeep\n|turn|7\n|\n|t:|1700413979\n|move|p1a: Magellan \u2623\ufe0f|Drain Punch|p2a: Torkoal\n|-damage|p2a: Torkoal|63\/100\n|-heal|p1a: Magellan \u2623\ufe0f|70\/100|[from] drain|[of] p2a: Torkoal\n|move|p2a: Torkoal|Yawn|p1a: Magellan \u2623\ufe0f\n|-start|p1a: Magellan \u2623\ufe0f|move: Yawn|[of] p2a: Torkoal\n|\n|-weather|SunnyDay|[upkeep]\n|-heal|p1a: Magellan \u2623\ufe0f|76\/100|[from] item: Leftovers\n|upkeep\n|turn|8\n|\n|t:|1700413983\n|switch|p1a: Reiner \ud83d\uddff|Tyranitar, M|100\/100\n|-weather|Sandstorm|[from] ability: Sand Stream|[of] p1a: Reiner \ud83d\uddff\n|switch|p2a: Walking Wake|Walking Wake, tera:Water|88\/100\n|\n|-weather|Sandstorm|[upkeep]\n|-damage|p2a: Walking Wake|82\/100|[from] Sandstorm\n|upkeep\n|turn|9\n|inactive|outdated ahh team has 120 seconds left.\n|\n|t:|1700414015\n|switch|p1a: Magellan \u2623\ufe0f|Muk-Alola, M|76\/100\n|move|p2a: Walking Wake|Hydro Steam|p1a: Magellan \u2623\ufe0f\n|-damage|p1a: Magellan \u2623\ufe0f|27\/100\n|\n|-weather|Sandstorm|[upkeep]\n|-damage|p2a: Walking Wake|76\/100|[from] Sandstorm\n|-damage|p1a: Magellan \u2623\ufe0f|20\/100|[from] Sandstorm\n|-heal|p1a: Magellan \u2623\ufe0f|27\/100|[from] item: Leftovers\n|upkeep\n|turn|10\n|\n|t:|1700414021\n|move|p1a: Magellan \u2623\ufe0f|Protect|p1a: Magellan \u2623\ufe0f\n|-singleturn|p1a: Magellan \u2623\ufe0f|Protect\n|move|p2a: Walking Wake|Hydro Steam|p1a: Magellan \u2623\ufe0f\n|-activate|p1a: Magellan \u2623\ufe0f|move: Protect\n|\n|-weather|Sandstorm|[upkeep]\n|-damage|p2a: Walking Wake|70\/100|[from] Sandstorm\n|-damage|p1a: Magellan \u2623\ufe0f|20\/100|[from] Sandstorm\n|-heal|p1a: Magellan \u2623\ufe0f|27\/100|[from] item: Leftovers\n|upkeep\n|turn|11\n|inactive|outdated ahh team has 120 seconds left.\n|\n|t:|1700414042\n|switch|p1a: Zeke \ud83e\udd8d|Rillaboom, M|100\/100\n|-fieldstart|move: Grassy Terrain|[from] ability: Grassy Surge|[of] p1a: Zeke \ud83e\udd8d\n|move|p2a: Walking Wake|Hydro Steam|p1a: Zeke \ud83e\udd8d\n|-resisted|p1a: Zeke \ud83e\udd8d\n|-damage|p1a: Zeke \ud83e\udd8d|47\/100\n|\n|-weather|Sandstorm|[upkeep]\n|-damage|p2a: Walking Wake|64\/100|[from] Sandstorm\n|-damage|p1a: Zeke \ud83e\udd8d|41\/100|[from] Sandstorm\n|-heal|p2a: Walking Wake|70\/100|[from] Grassy Terrain\n|-heal|p1a: Zeke \ud83e\udd8d|47\/100|[from] Grassy Terrain\n|upkeep\n|turn|12\n|\n|t:|1700414049\n|-end|p2a: Walking Wake|Protosynthesis|[silent]\n|switch|p2a: Torkoal|Torkoal, M|63\/100\n|-weather|SunnyDay|[from] ability: Drought|[of] p2a: Torkoal\n|-terastallize|p1a: Zeke \ud83e\udd8d|Grass\n|move|p1a: Zeke \ud83e\udd8d|Grassy Glide|p2a: Torkoal\n|-resisted|p2a: Torkoal\n|-damage|p2a: Torkoal|30\/100\n|\n|-weather|SunnyDay|[upkeep]\n|-heal|p1a: Zeke \ud83e\udd8d|53\/100|[from] Grassy Terrain\n|-heal|p2a: Torkoal|36\/100|[from] Grassy Terrain\n|upkeep\n|turn|13\n|\n|t:|1700414068\n|switch|p1a: Magellan \u2623\ufe0f|Muk-Alola, M|27\/100\n|move|p2a: Torkoal|Yawn|p1a: Magellan \u2623\ufe0f\n|-start|p1a: Magellan \u2623\ufe0f|move: Yawn|[of] p2a: Torkoal\n|\n|-weather|SunnyDay|[upkeep]\n|-heal|p1a: Magellan \u2623\ufe0f|33\/100|[from] Grassy Terrain\n|-heal|p1a: Magellan \u2623\ufe0f|39\/100|[from] item: Leftovers\n|-heal|p2a: Torkoal|42\/100|[from] Grassy Terrain\n|upkeep\n|turn|14\n|\n|t:|1700414080\n|switch|p1a: Reiner \ud83d\uddff|Tyranitar, M|100\/100\n|-weather|Sandstorm|[from] ability: Sand Stream|[of] p1a: Reiner \ud83d\uddff\n|switch|p2a: Walking Wake|Walking Wake, tera:Water|70\/100\n|\n|-weather|Sandstorm|[upkeep]\n|-damage|p2a: Walking Wake|64\/100|[from] Sandstorm\n|-heal|p2a: Walking Wake|70\/100|[from] Grassy Terrain\n|upkeep\n|turn|15\n|inactive|outdated ahh team has 120 seconds left.\n|\n|t:|1700414114\n|move|p2a: Walking Wake|Hydro Steam|p1a: Reiner \ud83d\uddff\n|-supereffective|p1a: Reiner \ud83d\uddff\n|-damage|p1a: Reiner \ud83d\uddff|9\/100\n|move|p1a: Reiner \ud83d\uddff|Knock Off|p2a: Walking Wake\n|-damage|p2a: Walking Wake|15\/100\n|-enditem|p2a: Walking Wake|Choice Specs|[from] move: Knock Off|[of] p1a: Reiner \ud83d\uddff\n|\n|-weather|Sandstorm|[upkeep]\n|-damage|p2a: Walking Wake|8\/100|[from] Sandstorm\n|-heal|p2a: Walking Wake|15\/100|[from] Grassy Terrain\n|-heal|p1a: Reiner \ud83d\uddff|16\/100|[from] Grassy Terrain\n|-fieldend|move: Grassy Terrain\n|upkeep\n|turn|16\n|\n|t:|1700414128\n|switch|p1a: Magellan \u2623\ufe0f|Muk-Alola, M|39\/100\n|move|p2a: Walking Wake|Hydro Steam|p1a: Magellan \u2623\ufe0f\n|-damage|p1a: Magellan \u2623\ufe0f|7\/100\n|\n|-weather|Sandstorm|[upkeep]\n|-damage|p2a: Walking Wake|8\/100|[from] Sandstorm\n|-damage|p1a: Magellan \u2623\ufe0f|0 fnt|[from] Sandstorm\n|faint|p1a: Magellan \u2623\ufe0f\n|upkeep\n|\n|t:|1700414132\n|switch|p1a: Zeke \ud83e\udd8d|Rillaboom, M, tera:Grass|53\/100\n|-fieldstart|move: Grassy Terrain|[from] ability: Grassy Surge|[of] p1a: Zeke \ud83e\udd8d\n|turn|17\n|\n|t:|1700414140\n|-end|p2a: Walking Wake|Protosynthesis|[silent]\n|switch|p2a: Rillaboom|Rillaboom, M|100\/100\n|move|p1a: Zeke \ud83e\udd8d|Grassy Glide|p2a: Rillaboom\n|-resisted|p2a: Rillaboom\n|-crit|p2a: Rillaboom\n|-damage|p2a: Rillaboom|37\/100\n|\n|-weather|Sandstorm|[upkeep]\n|-damage|p2a: Rillaboom|31\/100|[from] Sandstorm\n|-damage|p1a: Zeke \ud83e\udd8d|47\/100|[from] Sandstorm\n|-heal|p1a: Zeke \ud83e\udd8d|53\/100|[from] Grassy Terrain\n|-heal|p2a: Rillaboom|37\/100|[from] Grassy Terrain\n|upkeep\n|turn|18\n|\n|t:|1700414147\n|switch|p1a: Akainu \ud83c\udf0b|Heatran, M|100\/100\n|-item|p1a: Akainu \ud83c\udf0b|Air Balloon\n|move|p2a: Rillaboom|U-turn|p1a: Akainu \ud83c\udf0b\n|-resisted|p1a: Akainu \ud83c\udf0b\n|-damage|p1a: Akainu \ud83c\udf0b|90\/100\n|-enditem|p1a: Akainu \ud83c\udf0b|Air Balloon\n|\n|t:|1700414155\n|switch|p2a: Great Tusk|Great Tusk|100\/100|[from] U-turn\n|-enditem|p2a: Great Tusk|Booster Energy\n|-activate|p2a: Great Tusk|ability: Protosynthesis|[fromitem]\n|-start|p2a: Great Tusk|protosynthesisspe\n|\n|-weather|none\n|-heal|p1a: Akainu \ud83c\udf0b|96\/100|[from] Grassy Terrain\n|upkeep\n|turn|19\n|\n|t:|1700414162\n|switch|p1a: Cosmo \ud83c\udf75|Sinistcha-Masterpiece|100\/100\n|move|p2a: Great Tusk|Headlong Rush|p1a: Cosmo \ud83c\udf75\n|-resisted|p1a: Cosmo \ud83c\udf75\n|-damage|p1a: Cosmo \ud83c\udf75|84\/100\n|-unboost|p2a: Great Tusk|def|1\n|-unboost|p2a: Great Tusk|spd|1\n|\n|-heal|p1a: Cosmo \ud83c\udf75|90\/100|[from] Grassy Terrain\n|upkeep\n|turn|20\n|\n|t:|1700414172\n|move|p2a: Great Tusk|Ice Spinner|p1a: Cosmo \ud83c\udf75\n|-supereffective|p1a: Cosmo \ud83c\udf75\n|-damage|p1a: Cosmo \ud83c\udf75|59\/100\n|-fieldend|move: Grassy Terrain\n|move|p1a: Cosmo \ud83c\udf75|Hex|p2a: Great Tusk\n|-damage|p2a: Great Tusk|51\/100\n|\n|upkeep\n|turn|21\n|\n|t:|1700414178\n|move|p2a: Great Tusk|Bulk Up|p2a: Great Tusk\n|-boost|p2a: Great Tusk|atk|1\n|-boost|p2a: Great Tusk|def|1\n|move|p1a: Cosmo \ud83c\udf75|Strength Sap|p2a: Great Tusk\n|-unboost|p2a: Great Tusk|atk|1\n|-heal|p1a: Cosmo \ud83c\udf75|100\/100\n|\n|upkeep\n|turn|22\n|\n|t:|1700414185\n|-end|p2a: Great Tusk|Protosynthesis|[silent]\n|switch|p2a: Torkoal|Torkoal, M|42\/100\n|-weather|SunnyDay|[from] ability: Drought|[of] p2a: Torkoal\n|move|p1a: Cosmo \ud83c\udf75|Matcha Gotcha|p2a: Torkoal\n|-resisted|p2a: Torkoal\n|-damage|p2a: Torkoal|19\/100\n|\n|-weather|SunnyDay|[upkeep]\n|upkeep\n|turn|23\n|\n|t:|1700414190\n|switch|p2a: Charizard|Charizard, F|100\/100\n|move|p1a: Cosmo \ud83c\udf75|Hex|p2a: Charizard\n|-damage|p2a: Charizard|64\/100\n|\n|-weather|SunnyDay|[upkeep]\n|-damage|p2a: Charizard|52\/100|[from] ability: Solar Power|[of] p2a: Charizard\n|upkeep\n|turn|24\n|\n|t:|1700414197\n|switch|p1a: Akainu \ud83c\udf0b|Heatran, M|96\/100\n|move|p2a: Charizard|Weather Ball|p1a: Akainu \ud83c\udf0b\n|-damage|p1a: Akainu \ud83c\udf0b|0 fnt\n|faint|p1a: Akainu \ud83c\udf0b\n|\n|-weather|SunnyDay|[upkeep]\n|-damage|p2a: Charizard|39\/100|[from] ability: Solar Power|[of] p2a: Charizard\n|upkeep\n|\n|t:|1700414202\n|switch|p1a: Zeke \ud83e\udd8d|Rillaboom, M, tera:Grass|53\/100\n|-fieldstart|move: Grassy Terrain|[from] ability: Grassy Surge|[of] p1a: Zeke \ud83e\udd8d\n|turn|25\n|\n|t:|1700414205\n|move|p1a: Zeke \ud83e\udd8d|Grassy Glide|p2a: Charizard\n|-resisted|p2a: Charizard\n|-damage|p2a: Charizard|11\/100\n|move|p2a: Charizard|Weather Ball|p1a: Zeke \ud83e\udd8d\n|-supereffective|p1a: Zeke \ud83e\udd8d\n|-damage|p1a: Zeke \ud83e\udd8d|0 fnt\n|faint|p1a: Zeke \ud83e\udd8d\n|\n|-weather|SunnyDay|[upkeep]\n|-damage|p2a: Charizard|0 fnt|[from] ability: Solar Power|[of] p2a: Charizard\n|faint|p2a: Charizard\n|upkeep\n|inactive|artic111 has 120 seconds left.\n|\n|t:|1700414237\n|switch|p2a: Rillaboom|Rillaboom, M|37\/100\n|switch|p1a: TracyMinaj \ud83d\udcb0|Gholdengo|100\/100\n|turn|26\n|\n|t:|1700414240\n|move|p1a: TracyMinaj \ud83d\udcb0|Shadow Ball|p2a: Rillaboom\n|-damage|p2a: Rillaboom|0 fnt\n|faint|p2a: Rillaboom\n|\n|-weather|none\n|upkeep\n|\n|t:|1700414244\n|switch|p2a: Torkoal|Torkoal, M|19\/100\n|-weather|SunnyDay|[from] ability: Drought|[of] p2a: Torkoal\n|turn|27\n|\n|t:|1700414249\n|move|p1a: TracyMinaj \ud83d\udcb0|Shadow Ball|p2a: Torkoal\n|-damage|p2a: Torkoal|0 fnt\n|faint|p2a: Torkoal\n|\n|-weather|SunnyDay|[upkeep]\n|upkeep\n|\n|t:|1700414253\n|switch|p2a: Walking Wake|Walking Wake, tera:Water|8\/100\n|-activate|p2a: Walking Wake|ability: Protosynthesis\n|-start|p2a: Walking Wake|protosynthesisspe\n|turn|28\n|\n|t:|1700414256\n|switch|p1a: Reiner \ud83d\uddff|Tyranitar, M|16\/100\n|-weather|Sandstorm|[from] ability: Sand Stream|[of] p1a: Reiner \ud83d\uddff\n|-end|p2a: Walking Wake|Protosynthesis\n|move|p2a: Walking Wake|Hydro Steam|p1a: Reiner \ud83d\uddff\n|-supereffective|p1a: Reiner \ud83d\uddff\n|-damage|p1a: Reiner \ud83d\uddff|0 fnt\n|faint|p1a: Reiner \ud83d\uddff\n|\n|-weather|Sandstorm|[upkeep]\n|-damage|p2a: Walking Wake|2\/100|[from] Sandstorm\n|-heal|p2a: Walking Wake|8\/100|[from] Grassy Terrain\n|upkeep\n|\n|t:|1700414259\n|switch|p1a: TracyMinaj \ud83d\udcb0|Gholdengo|100\/100\n|turn|29\n|\n|t:|1700414262\n|move|p1a: TracyMinaj \ud83d\udcb0|Shadow Ball|p2a: Walking Wake\n|-damage|p2a: Walking Wake|0 fnt\n|faint|p2a: Walking Wake\n|-end|p2a: Walking Wake|Protosynthesis|[silent]\n|\n|-weather|Sandstorm|[upkeep]\n|-fieldend|move: Grassy Terrain\n|upkeep\n|c|\u2606outdated ahh team|gg\n|\n|t:|1700414269\n|switch|p2a: Great Tusk|Great Tusk|51\/100\n|turn|30\n|\n|t:|1700414271\n|move|p1a: TracyMinaj \ud83d\udcb0|Shadow Ball|p2a: Great Tusk\n|-damage|p2a: Great Tusk|0 fnt\n|faint|p2a: Great Tusk\n|-end|p2a: Great Tusk|Protosynthesis|[silent]\n|\n|win|outdated ahh team\n|raw|outdated ahh team's rating: 1529 &rarr; <strong>1554<\/strong><br \/>(+25 for winning)\n|raw|artic111's rating: 1619 &rarr; <strong>1594<\/strong><br \/>(-25 for losing)\n","uploadtime":1700414276,"views":9,"p1id":"outdatedahhteam","p2id":"artic111","formatid":"gen9ou","rating":1554,"private":0,"password":""}