{"id":"gen9ou-1993421694","p1":"lunareclipse_20","p2":"markx","format":"[Gen 9] OU","log":"|j|\u2606lunareclipse_20\n|j|\u2606markx\n|t:|1700315751\n|gametype|singles\n|player|p1|lunareclipse_20|2|1196\n|player|p2|markx|hugh|1141\n|teamsize|p1|6\n|teamsize|p2|6\n|gen|9\n|tier|[Gen 9] OU\n|rated|\n|rule|Sleep Clause Mod: Limit one foe put to sleep\n|rule|Species Clause: Limit one of each Pok\u00e9mon\n|rule|OHKO Clause: OHKO moves are banned\n|rule|Evasion Items Clause: Evasion items are banned\n|rule|Evasion Moves Clause: Evasion moves are banned\n|rule|Endless Battle Clause: Forcing endless battles is banned\n|rule|HP Percentage Mod: HP is shown in percentages\n|clearpoke\n|poke|p1|Ting-Lu|\n|poke|p1|Zamazenta-*|\n|poke|p1|Ninetales-Alola, F|\n|poke|p1|Gholdengo|\n|poke|p1|Rillaboom, F|\n|poke|p1|Tornadus-Therian, M|\n|poke|p2|Iron Valiant|\n|poke|p2|Zamazenta-*|\n|poke|p2|Glimmora, F|\n|poke|p2|Ogerpon-Wellspring, F|\n|poke|p2|Ceruledge, M|\n|poke|p2|Enamorus, F|\n|teampreview\n|inactive|Battle timer is ON: inactive players will automatically lose when time's up. (requested by markx)\n|\n|t:|1700315770\n|start\n|switch|p1a: Ting-Lu|Ting-Lu|100\/100\n|switch|p2a: Glimmora|Glimmora, F, shiny|100\/100\n|-ability|p1a: Ting-Lu|Vessel of Ruin\n|turn|1\n|\n|t:|1700315782\n|move|p2a: Glimmora|Toxic|p1a: Ting-Lu\n|-status|p1a: Ting-Lu|tox\n|move|p1a: Ting-Lu|Earthquake|p2a: Glimmora\n|-supereffective|p2a: Glimmora\n|-enditem|p2a: Glimmora|Focus Sash\n|-damage|p2a: Glimmora|1\/100\n|\n|-damage|p1a: Ting-Lu|94\/100 tox|[from] psn\n|upkeep\n|turn|2\n|\n|t:|1700315803\n|move|p2a: Glimmora|Power Gem|p1a: Ting-Lu\n|-resisted|p1a: Ting-Lu\n|-damage|p1a: Ting-Lu|87\/100 tox\n|move|p1a: Ting-Lu|Spikes|p2a: Glimmora\n|-sidestart|p2: markx|Spikes\n|\n|-heal|p1a: Ting-Lu|93\/100 tox|[from] item: Leftovers\n|-damage|p1a: Ting-Lu|80\/100 tox|[from] psn\n|upkeep\n|turn|3\n|\n|t:|1700315817\n|move|p2a: Glimmora|Earth Power|p1a: Ting-Lu\n|-damage|p1a: Ting-Lu|70\/100 tox\n|move|p1a: Ting-Lu|Spikes|p2a: Glimmora\n|-sidestart|p2: markx|Spikes\n|\n|-heal|p1a: Ting-Lu|76\/100 tox|[from] item: Leftovers\n|-damage|p1a: Ting-Lu|58\/100 tox|[from] psn\n|upkeep\n|turn|4\n|\n|t:|1700315835\n|switch|p2a: Ceruledge|Ceruledge, M|100\/100\n|move|p1a: Ting-Lu|Whirlwind|p2a: Ceruledge\n|drag|p2a: Zamazenta|Zamazenta|100\/100\n|-damage|p2a: Zamazenta|84\/100|[from] Spikes\n|-ability|p2a: Zamazenta|Dauntless Shield|boost\n|-boost|p2a: Zamazenta|def|1\n|\n|-heal|p2a: Zamazenta|90\/100|[from] item: Leftovers\n|-heal|p1a: Ting-Lu|64\/100 tox|[from] item: Leftovers\n|-damage|p1a: Ting-Lu|39\/100 tox|[from] psn\n|upkeep\n|turn|5\n|\n|t:|1700315851\n|switch|p1a: Gholdengo|Gholdengo|100\/100\n|-item|p1a: Gholdengo|Air Balloon\n|move|p2a: Zamazenta|Iron Defense|p2a: Zamazenta\n|-boost|p2a: Zamazenta|def|2\n|\n|-heal|p2a: Zamazenta|96\/100|[from] item: Leftovers\n|upkeep\n|turn|6\n|\n|t:|1700315867\n|-terastallize|p1a: Gholdengo|Fighting\n|move|p2a: Zamazenta|Crunch|p1a: Gholdengo\n|-resisted|p1a: Gholdengo\n|-damage|p1a: Gholdengo|89\/100\n|-enditem|p1a: Gholdengo|Air Balloon\n|move|p1a: Gholdengo|Nasty Plot|p1a: Gholdengo\n|-boost|p1a: Gholdengo|spa|2\n|\n|-heal|p2a: Zamazenta|100\/100|[from] item: Leftovers\n|upkeep\n|turn|7\n|inactive|lunareclipse_20 has 120 seconds left.\n|\n|t:|1700315887\n|move|p1a: Gholdengo|Make It Rain|p2a: Zamazenta\n|-damage|p2a: Zamazenta|0 fnt\n|-unboost|p1a: Gholdengo|spa|1\n|faint|p2a: Zamazenta\n|\n|upkeep\n|\n|t:|1700315896\n|switch|p2a: Ceruledge|Ceruledge, M|100\/100\n|turn|8\n|\n|t:|1700315904\n|-terastallize|p2a: Ceruledge|Fire\n|move|p2a: Ceruledge|Bitter Blade|p1a: Gholdengo\n|-damage|p1a: Gholdengo|24\/100\n|move|p1a: Gholdengo|Shadow Ball|p2a: Ceruledge\n|-damage|p2a: Ceruledge|25\/100\n|\n|upkeep\n|turn|9\n|inactive|lunareclipse_20 has 120 seconds left.\n|\n|t:|1700315934\n|move|p2a: Ceruledge|Bitter Blade|p1a: Gholdengo\n|-damage|p1a: Gholdengo|0 fnt\n|-heal|p2a: Ceruledge|38\/100|[from] drain|[of] p1a: Gholdengo\n|faint|p1a: Gholdengo\n|\n|upkeep\n|inactive|lunareclipse_20 has 90 seconds left.\n|\n|t:|1700315987\n|switch|p1a: Zamazenta|Zamazenta|100\/100\n|-ability|p1a: Zamazenta|Dauntless Shield|boost\n|-boost|p1a: Zamazenta|def|1\n|turn|10\n|\n|t:|1700315995\n|move|p1a: Zamazenta|Body Press|p2a: Ceruledge\n|-damage|p2a: Ceruledge|0 fnt\n|faint|p2a: Ceruledge\n|\n|upkeep\n|\n|t:|1700316004\n|switch|p2a: Iron Valiant|Iron Valiant, shiny|100\/100\n|-damage|p2a: Iron Valiant|84\/100|[from] Spikes\n|-enditem|p2a: Iron Valiant|Booster Energy\n|-activate|p2a: Iron Valiant|ability: Quark Drive|[fromitem]\n|-start|p2a: Iron Valiant|quarkdrivespe\n|turn|11\n|\n|t:|1700316013\n|switch|p1a: Ninetales|Ninetales-Alola, F|100\/100\n|-weather|Snow|[from] ability: Snow Warning|[of] p1a: Ninetales\n|move|p2a: Iron Valiant|Moonblast|p1a: Ninetales\n|-damage|p1a: Ninetales|58\/100\n|\n|-weather|Snow|[upkeep]\n|upkeep\n|turn|12\n|inactive|lunareclipse_20 has 90 seconds left.\n|\n|t:|1700316036\n|move|p2a: Iron Valiant|Moonblast|p1a: Ninetales\n|-damage|p1a: Ninetales|9\/100\n|-unboost|p1a: Ninetales|spa|1\n|move|p1a: Ninetales|Hypnosis|p2a: Iron Valiant|[miss]\n|-miss|p1a: Ninetales|p2a: Iron Valiant\n|\n|-weather|Snow|[upkeep]\n|upkeep\n|turn|13\n|inactive|lunareclipse_20 has 90 seconds left.\n|\n|t:|1700316050\n|switch|p1a: Tornadus|Tornadus-Therian, M|100\/100\n|move|p2a: Iron Valiant|Moonblast|p1a: Tornadus\n|-damage|p1a: Tornadus|70\/100\n|\n|-weather|Snow|[upkeep]\n|upkeep\n|turn|14\n|inactive|lunareclipse_20 has 90 seconds left.\n|\n|t:|1700316060\n|move|p2a: Iron Valiant|Thunderbolt|p1a: Tornadus\n|-supereffective|p1a: Tornadus\n|-damage|p1a: Tornadus|32\/100\n|move|p1a: Tornadus|Bleakwind Storm|p2a: Iron Valiant\n|-supereffective|p2a: Iron Valiant\n|-crit|p2a: Iron Valiant\n|-damage|p2a: Iron Valiant|0 fnt\n|faint|p2a: Iron Valiant\n|-end|p2a: Iron Valiant|Quark Drive|[silent]\n|\n|-weather|Snow|[upkeep]\n|upkeep\n|\n|t:|1700316079\n|switch|p2a: Enamorus|Enamorus, F|100\/100\n|turn|15\n|\n|t:|1700316092\n|move|p1a: Tornadus|U-turn|p2a: Enamorus\n|-resisted|p2a: Enamorus\n|-damage|p2a: Enamorus|95\/100\n|\n|t:|1700316106\n|switch|p1a: Ting-Lu|Ting-Lu|39\/100 tox|[from] U-turn\n|-ability|p1a: Ting-Lu|Vessel of Ruin\n|move|p2a: Enamorus|Moonblast|p1a: Ting-Lu\n|-supereffective|p1a: Ting-Lu\n|-damage|p1a: Ting-Lu|0 fnt\n|faint|p1a: Ting-Lu\n|\n|-weather|none\n|upkeep\n|\n|t:|1700316117\n|switch|p1a: Ninetales|Ninetales-Alola, F|9\/100\n|-weather|Snow|[from] ability: Snow Warning|[of] p1a: Ninetales\n|turn|16\n|\n|t:|1700316121\n|move|p1a: Ninetales|Aurora Veil|p1a: Ninetales\n|-sidestart|p1: lunareclipse_20|move: Aurora Veil\n|move|p2a: Enamorus|Moonblast|p1a: Ninetales\n|-damage|p1a: Ninetales|0 fnt\n|faint|p1a: Ninetales\n|\n|-weather|Snow|[upkeep]\n|upkeep\n|\n|t:|1700316131\n|switch|p1a: Zamazenta|Zamazenta|100\/100\n|turn|17\n|\n|t:|1700316135\n|move|p1a: Zamazenta|Heavy Slam|p2a: Enamorus\n|-supereffective|p2a: Enamorus\n|-crit|p2a: Enamorus\n|-damage|p2a: Enamorus|0 fnt\n|faint|p2a: Enamorus\n|\n|-weather|Snow|[upkeep]\n|upkeep\n|-message|markx forfeited.\n|\n|win|lunareclipse_20\n|raw|lunareclipse_20's rating: 1196 &rarr; <strong>1217<\/strong><br \/>(+21 for winning)\n|raw|markx's rating: 1141 &rarr; <strong>1120<\/strong><br \/>(-21 for losing)\n|l|\u2606markx\n","uploadtime":1700316162,"views":21,"p1id":"lunareclipse20","p2id":"markx","formatid":"gen9ou","rating":1120,"private":0,"password":""}