{"id":"gen9ou-1997581682","p1":"ohio_florida_man","p2":"Kingliabus","format":"[Gen 9] OU","log":"|j|\u2606ohio_florida_man\n|j|\u2606Kingliabus\n|t:|1700828744\n|gametype|singles\n|player|p1|ohio_florida_man|sailor-gen1|1271\n|player|p2|Kingliabus|2|1272\n|teamsize|p1|6\n|teamsize|p2|6\n|gen|9\n|tier|[Gen 9] OU\n|rated|\n|rule|Sleep Clause Mod: Limit one foe put to sleep\n|rule|Species Clause: Limit one of each Pok\u00e9mon\n|rule|OHKO Clause: OHKO moves are banned\n|rule|Evasion Items Clause: Evasion items are banned\n|rule|Evasion Moves Clause: Evasion moves are banned\n|rule|Endless Battle Clause: Forcing endless battles is banned\n|rule|HP Percentage Mod: HP is shown in percentages\n|clearpoke\n|poke|p1|Iron Moth|\n|poke|p1|Kommo-o, M|\n|poke|p1|Ninetales-Alola, F|\n|poke|p1|Hatterene, F|\n|poke|p1|Kingambit, M|\n|poke|p1|Great Tusk|\n|poke|p2|Arcanine-Hisui, F|\n|poke|p2|Samurott-Hisui, M|\n|poke|p2|Braviary-Hisui, M|\n|poke|p2|Basculegion, M|\n|poke|p2|Goodra, M|\n|poke|p2|Kleavor, M|\n|teampreview\n|\n|t:|1700828757\n|start\n|switch|p1a: Kommo-o|Kommo-o, M|100\/100\n|switch|p2a: Kleavor|Kleavor, M|100\/100\n|turn|1\n|\n|t:|1700828775\n|move|p1a: Kommo-o|Clangorous Soul|p1a: Kommo-o\n|-boost|p1a: Kommo-o|atk|1\n|-boost|p1a: Kommo-o|def|1\n|-boost|p1a: Kommo-o|spa|1\n|-boost|p1a: Kommo-o|spd|1\n|-boost|p1a: Kommo-o|spe|1\n|-damage|p1a: Kommo-o|68\/100\n|-enditem|p1a: Kommo-o|Throat Spray\n|-boost|p1a: Kommo-o|spa|1|[from] item: Throat Spray\n|move|p2a: Kleavor|U-turn|p1a: Kommo-o\n|-resisted|p1a: Kommo-o\n|-damage|p1a: Kommo-o|48\/100\n|\n|t:|1700828803\n|switch|p2a: Arcanine|Arcanine-Hisui, F, shiny|100\/100|[from] U-turn\n|\n|upkeep\n|turn|2\n|\n|t:|1700828843\n|move|p2a: Arcanine|Head Smash|p1a: Kommo-o\n|-resisted|p1a: Kommo-o\n|-crit|p1a: Kommo-o\n|-damage|p1a: Kommo-o|0 fnt\n|faint|p1a: Kommo-o\n|\n|upkeep\n|\n|t:|1700828848\n|switch|p1a: Kingambit|Kingambit, M|100\/100\n|-activate|p1a: Kingambit|ability: Supreme Overlord\n|-start|p1a: Kingambit|fallen1|[silent]\n|turn|3\n|\n|t:|1700828866\n|switch|p2a: Samurott|Samurott-Hisui, M|100\/100\n|move|p1a: Kingambit|Low Kick|p2a: Samurott\n|-supereffective|p2a: Samurott\n|-damage|p2a: Samurott|13\/100\n|\n|upkeep\n|turn|4\n|\n|t:|1700828873\n|move|p1a: Kingambit|Sucker Punch|p2a: Samurott\n|-resisted|p2a: Samurott\n|-damage|p2a: Samurott|0 fnt\n|faint|p2a: Samurott\n|\n|upkeep\n|\n|t:|1700828880\n|switch|p2a: Arcanine|Arcanine-Hisui, F, shiny|100\/100\n|turn|5\n|\n|t:|1700828883\n|move|p2a: Arcanine|Flare Blitz|p1a: Kingambit\n|-supereffective|p1a: Kingambit\n|-damage|p1a: Kingambit|13\/100\n|move|p1a: Kingambit|Low Kick|p2a: Arcanine\n|-supereffective|p2a: Arcanine\n|-damage|p2a: Arcanine|0 fnt\n|faint|p2a: Arcanine\n|\n|-heal|p1a: Kingambit|19\/100|[from] item: Leftovers\n|upkeep\n|\n|t:|1700828898\n|switch|p2a: Braviary|Braviary-Hisui, M, shiny|100\/100\n|turn|6\n|\n|t:|1700828931\n|move|p2a: Braviary|Vacuum Wave|p1a: Kingambit\n|-supereffective|p1a: Kingambit\n|-damage|p1a: Kingambit|0 fnt\n|faint|p1a: Kingambit\n|-end|p1a: Kingambit|fallen1|[silent]\n|\n|upkeep\n|\n|t:|1700828936\n|switch|p1a: Ninetales|Ninetales-Alola, F|100\/100\n|-weather|Snow|[from] ability: Snow Warning|[of] p1a: Ninetales\n|turn|7\n|\n|t:|1700828951\n|switch|p2a: Kleavor|Kleavor, M|100\/100\n|move|p1a: Ninetales|Freeze-Dry|p2a: Kleavor\n|-damage|p2a: Kleavor|66\/100\n|\n|-weather|Snow|[upkeep]\n|upkeep\n|turn|8\n|\n|t:|1700828962\n|move|p1a: Ninetales|Aurora Veil|p1a: Ninetales\n|-sidestart|p1: ohio_florida_man|move: Aurora Veil\n|move|p2a: Kleavor|Stone Axe|p1a: Ninetales|[miss]\n|-miss|p2a: Kleavor|p1a: Ninetales\n|\n|-weather|Snow|[upkeep]\n|upkeep\n|turn|9\n|\n|t:|1700828970\n|move|p1a: Ninetales|Hypnosis|p2a: Kleavor|[miss]\n|-miss|p1a: Ninetales|p2a: Kleavor\n|move|p2a: Kleavor|Stone Axe|p1a: Ninetales\n|-supereffective|p1a: Ninetales\n|-damage|p1a: Ninetales|33\/100\n|-sidestart|p1: ohio_florida_man|move: Stealth Rock\n|\n|-weather|Snow|[upkeep]\n|upkeep\n|turn|10\n|\n|t:|1700828996\n|switch|p1a: Hatterene|Hatterene, F|100\/100\n|-damage|p1a: Hatterene|88\/100|[from] Stealth Rock\n|move|p2a: Kleavor|Stone Axe|p1a: Hatterene\n|-damage|p1a: Hatterene|48\/100\n|\n|-weather|Snow|[upkeep]\n|-heal|p1a: Hatterene|54\/100|[from] item: Leftovers\n|upkeep\n|turn|11\n|\n|t:|1700829015\n|move|p2a: Kleavor|Stone Axe|p1a: Hatterene\n|-damage|p1a: Hatterene|13\/100\n|move|p1a: Hatterene|Calm Mind|p1a: Hatterene\n|-boost|p1a: Hatterene|spa|1\n|-boost|p1a: Hatterene|spd|1\n|\n|-weather|none\n|-heal|p1a: Hatterene|19\/100|[from] item: Leftovers\n|upkeep\n|turn|12\n|\n|t:|1700829024\n|move|p2a: Kleavor|Stone Axe|p1a: Hatterene|[miss]\n|-miss|p2a: Kleavor|p1a: Hatterene\n|move|p1a: Hatterene|Stored Power|p2a: Kleavor\n|-damage|p2a: Kleavor|0 fnt\n|faint|p2a: Kleavor\n|\n|-heal|p1a: Hatterene|25\/100|[from] item: Leftovers\n|upkeep\n|\n|t:|1700829038\n|switch|p2a: Basculegion|Basculegion, M, shiny|100\/100\n|turn|13\n|\n|t:|1700829050\n|-terastallize|p2a: Basculegion|Water\n|move|p2a: Basculegion|Aqua Jet|p1a: Hatterene\n|-damage|p1a: Hatterene|4\/100\n|move|p1a: Hatterene|Stored Power|p2a: Basculegion\n|-damage|p2a: Basculegion|62\/100\n|\n|-heal|p1a: Hatterene|10\/100|[from] item: Leftovers\n|upkeep\n|turn|14\n|\n|t:|1700829060\n|move|p2a: Basculegion|Aqua Jet|p1a: Hatterene\n|-damage|p1a: Hatterene|0 fnt\n|faint|p1a: Hatterene\n|\n|upkeep\n|\n|t:|1700829068\n|switch|p1a: Ninetales|Ninetales-Alola, F|33\/100\n|-damage|p1a: Ninetales|8\/100|[from] Stealth Rock\n|-weather|Snow|[from] ability: Snow Warning|[of] p1a: Ninetales\n|turn|15\n|\n|t:|1700829074\n|move|p2a: Basculegion|Aqua Jet|p1a: Ninetales\n|-damage|p1a: Ninetales|0 fnt\n|faint|p1a: Ninetales\n|\n|-weather|Snow|[upkeep]\n|-sideend|p1: ohio_florida_man|move: Aurora Veil\n|upkeep\n|\n|t:|1700829076\n|switch|p1a: Iron Moth|Iron Moth|100\/100\n|-damage|p1a: Iron Moth|76\/100|[from] Stealth Rock\n|-enditem|p1a: Iron Moth|Booster Energy\n|-activate|p1a: Iron Moth|ability: Quark Drive|[fromitem]\n|-start|p1a: Iron Moth|quarkdrivespe\n|turn|16\n|\n|t:|1700829085\n|-terastallize|p1a: Iron Moth|Water\n|move|p2a: Basculegion|Aqua Jet|p1a: Iron Moth\n|-resisted|p1a: Iron Moth\n|-damage|p1a: Iron Moth|50\/100\n|move|p1a: Iron Moth|Sludge Wave|p2a: Basculegion\n|-damage|p2a: Basculegion|19\/100\n|-status|p2a: Basculegion|psn\n|\n|-weather|Snow|[upkeep]\n|-damage|p2a: Basculegion|7\/100 psn|[from] psn\n|upkeep\n|turn|17\n|inactive|Battle timer is ON: inactive players will automatically lose when time's up. (requested by Kingliabus)\n|\n|t:|1700829123\n|move|p2a: Basculegion|Aqua Jet|p1a: Iron Moth\n|-resisted|p1a: Iron Moth\n|-damage|p1a: Iron Moth|24\/100\n|move|p1a: Iron Moth|Sludge Wave|p2a: Basculegion\n|-damage|p2a: Basculegion|0 fnt\n|faint|p2a: Basculegion\n|\n|-weather|Snow|[upkeep]\n|upkeep\n|\n|t:|1700829133\n|switch|p2a: Goodra|Goodra, M|100\/100\n|turn|18\n|\n|t:|1700829144\n|move|p1a: Iron Moth|Dazzling Gleam|p2a: Goodra\n|-supereffective|p2a: Goodra\n|-damage|p2a: Goodra|69\/100\n|move|p2a: Goodra|Dragon Tail|p1a: Iron Moth\n|-damage|p1a: Iron Moth|0 fnt\n|faint|p1a: Iron Moth\n|-end|p1a: Iron Moth|Quark Drive|[silent]\n|\n|-weather|Snow|[upkeep]\n|-heal|p2a: Goodra|75\/100|[from] item: Leftovers\n|upkeep\n|\n|t:|1700829147\n|switch|p1a: Great Tusk|Great Tusk|100\/100\n|-damage|p1a: Great Tusk|98\/100|[from] Stealth Rock\n|-enditem|p1a: Great Tusk|Booster Energy\n|-activate|p1a: Great Tusk|ability: Protosynthesis|[fromitem]\n|-start|p1a: Great Tusk|protosynthesisatk\n|turn|19\n|\n|t:|1700829160\n|move|p1a: Great Tusk|Ice Spinner|p2a: Goodra\n|-supereffective|p2a: Goodra\n|-damage|p2a: Goodra|0 fnt\n|faint|p2a: Goodra\n|\n|-weather|none\n|upkeep\n|\n|t:|1700829166\n|switch|p2a: Braviary|Braviary-Hisui, M, shiny|100\/100\n|turn|20\n|\n|t:|1700829180\n|move|p1a: Great Tusk|Ice Spinner|p2a: Braviary\n|-supereffective|p2a: Braviary\n|-damage|p2a: Braviary|2\/100\n|move|p2a: Braviary|Esper Wing|p1a: Great Tusk\n|-supereffective|p1a: Great Tusk\n|-damage|p1a: Great Tusk|0 fnt\n|-boost|p2a: Braviary|spe|1\n|faint|p1a: Great Tusk\n|-end|p1a: Great Tusk|Protosynthesis|[silent]\n|\n|win|Kingliabus\n|raw|ohio_florida_man's rating: 1271 &rarr; <strong>1246<\/strong><br \/>(-25 for losing)\n|raw|Kingliabus's rating: 1272 &rarr; <strong>1297<\/strong><br \/>(+25 for winning)\n|c|\u2606Kingliabus|Holy gg\n|c|\u2606ohio_florida_man|gg\n|l|\u2606Kingliabus\n","uploadtime":1700829197,"views":2,"p1id":"ohiofloridaman","p2id":"kingliabus","formatid":"gen9ou","rating":1246,"private":0,"password":""}