{"id":"gen9ou-1989468958","p1":"ChandosH","p2":"1owercase","format":"[Gen 9] OU","log":"|j|\u2606ChandosH\n|j|\u26061owercase\n|t:|1699855396\n|gametype|singles\n|player|p1|ChandosH|n-masters|1699\n|player|p2|1owercase|flannery|1642\n|teamsize|p1|6\n|teamsize|p2|6\n|gen|9\n|tier|[Gen 9] OU\n|rated|\n|rule|Sleep Clause Mod: Limit one foe put to sleep\n|rule|Species Clause: Limit one of each Pok\u00e9mon\n|rule|OHKO Clause: OHKO moves are banned\n|rule|Evasion Items Clause: Evasion items are banned\n|rule|Evasion Moves Clause: Evasion moves are banned\n|rule|Endless Battle Clause: Forcing endless battles is banned\n|rule|HP Percentage Mod: HP is shown in percentages\n|clearpoke\n|poke|p1|Alomomola, M|\n|poke|p1|Great Tusk|\n|poke|p1|Iron Valiant|\n|poke|p1|Slowking-Galar, M|\n|poke|p1|Cinderace, M|\n|poke|p1|Thundurus-Therian, M|\n|poke|p2|Torkoal, F|\n|poke|p2|Walking Wake|\n|poke|p2|Brute Bonnet|\n|poke|p2|Cinderace, M|\n|poke|p2|Sandy Shocks|\n|poke|p2|Lilligant-Hisui, F|\n|teampreview\n|inactive|Battle timer is ON: inactive players will automatically lose when time's up. (requested by 1owercase)\n|\n|t:|1699855417\n|start\n|switch|p1a: Thundurus|Thundurus-Therian, M|100\/100\n|switch|p2a: Torkoal|Torkoal, F|100\/100\n|-weather|SunnyDay|[from] ability: Drought|[of] p2a: Torkoal\n|turn|1\n|\n|t:|1699855435\n|move|p1a: Thundurus|Volt Switch|p2a: Torkoal\n|-damage|p2a: Torkoal|51\/100\n|j| encostoo\n|\n|t:|1699855447\n|switch|p1a: Great Tusk|Great Tusk|100\/100|[from] Volt Switch\n|-activate|p1a: Great Tusk|ability: Protosynthesis\n|-start|p1a: Great Tusk|protosynthesisdef\n|move|p2a: Torkoal|Flamethrower|p1a: Great Tusk\n|-damage|p1a: Great Tusk|37\/100\n|\n|-weather|SunnyDay|[upkeep]\n|upkeep\n|turn|2\n|l| encostoo\n|inactive|ChandosH has 120 seconds left.\n|\n|t:|1699855478\n|switch|p2a: Brute Bonnet|Brute Bonnet|100\/100\n|-activate|p2a: Brute Bonnet|ability: Protosynthesis\n|-start|p2a: Brute Bonnet|protosynthesisatk\n|move|p1a: Great Tusk|Earthquake|p2a: Brute Bonnet\n|-resisted|p2a: Brute Bonnet\n|-damage|p2a: Brute Bonnet|82\/100\n|\n|-weather|SunnyDay|[upkeep]\n|upkeep\n|turn|3\n|inactive|ChandosH has 120 seconds left.\n|\n|t:|1699855492\n|move|p1a: Great Tusk|Stealth Rock|p2a: Brute Bonnet\n|-sidestart|p2: 1owercase|move: Stealth Rock\n|move|p2a: Brute Bonnet|Bullet Seed|p1a: Great Tusk\n|-supereffective|p1a: Great Tusk\n|-damage|p1a: Great Tusk|20\/100\n|-supereffective|p1a: Great Tusk\n|-damage|p1a: Great Tusk|1\/100\n|-supereffective|p1a: Great Tusk\n|-crit|p1a: Great Tusk\n|-damage|p1a: Great Tusk|0 fnt\n|faint|p1a: Great Tusk\n|-end|p1a: Great Tusk|Protosynthesis|[silent]\n|-hitcount|p1: Great Tusk|3\n|\n|-weather|SunnyDay|[upkeep]\n|upkeep\n|\n|t:|1699855497\n|switch|p1a: Cinderace|Cinderace, M|100\/100\n|turn|4\n|\n|t:|1699855501\n|-end|p2a: Brute Bonnet|Protosynthesis|[silent]\n|switch|p2a: Cinderace|Cinderace, M|100\/100\n|move|p1a: Cinderace|Pyro Ball|p2a: Cinderace\n|-resisted|p2a: Cinderace\n|-damage|p2a: Cinderace|58\/100\n|\n|-weather|SunnyDay|[upkeep]\n|upkeep\n|turn|5\n|\n|t:|1699855516\n|switch|p1a: Alomomola|Alomomola, M|100\/100\n|move|p2a: Cinderace|Pyro Ball|p1a: Alomomola\n|-resisted|p1a: Alomomola\n|-damage|p1a: Alomomola|80\/100\n|\n|-weather|SunnyDay|[upkeep]\n|upkeep\n|turn|6\n|\n|t:|1699855528\n|move|p2a: Cinderace|Court Change|p2a: Cinderace\n|-swapsideconditions\n|-activate|p2a: Cinderace|move: Court Change\n|move|p1a: Alomomola|Scald|p2a: Cinderace\n|-supereffective|p2a: Cinderace\n|-damage|p2a: Cinderace|40\/100\n|\n|-weather|SunnyDay|[upkeep]\n|upkeep\n|turn|7\n|\n|t:|1699855536\n|move|p2a: Cinderace|U-turn|p1a: Alomomola\n|-damage|p1a: Alomomola|71\/100\n|\n|t:|1699855540\n|switch|p2a: Lilligant|Lilligant-Hisui, F|100\/100|[from] U-turn\n|move|p1a: Alomomola|Flip Turn|p2a: Lilligant\n|-resisted|p2a: Lilligant\n|-damage|p2a: Lilligant|95\/100\n|\n|t:|1699855550\n|switch|p1a: Slowking|Slowking-Galar, M|100\/100|[from] Flip Turn\n|\n|-weather|SunnyDay|[upkeep]\n|upkeep\n|turn|8\n|\n|t:|1699855557\n|switch|p2a: Sandy Shocks|Sandy Shocks|100\/100\n|-activate|p2a: Sandy Shocks|ability: Protosynthesis\n|-start|p2a: Sandy Shocks|protosynthesisspe\n|move|p1a: Slowking|Sludge Bomb|p2a: Sandy Shocks\n|-resisted|p2a: Sandy Shocks\n|-damage|p2a: Sandy Shocks|81\/100\n|\n|-weather|none\n|-end|p2a: Sandy Shocks|Protosynthesis\n|upkeep\n|turn|9\n|\n|t:|1699855563\n|move|p2a: Sandy Shocks|Earth Power|p1a: Slowking\n|-supereffective|p1a: Slowking\n|-damage|p1a: Slowking|48\/100\n|move|p1a: Slowking|Ice Beam|p2a: Sandy Shocks\n|-supereffective|p2a: Sandy Shocks\n|-damage|p2a: Sandy Shocks|31\/100\n|\n|upkeep\n|turn|10\n|\n|t:|1699855570\n|switch|p1a: Thundurus|Thundurus-Therian, M|100\/100\n|-damage|p1a: Thundurus|76\/100|[from] Stealth Rock\n|move|p2a: Sandy Shocks|Earth Power|p1a: Thundurus\n|-immune|p1a: Thundurus\n|\n|upkeep\n|turn|11\n|\n|t:|1699855577\n|move|p1a: Thundurus|Tera Blast|p2a: Sandy Shocks\n|-damage|p2a: Sandy Shocks|0 fnt\n|faint|p2a: Sandy Shocks\n|-end|p2a: Sandy Shocks|Protosynthesis|[silent]\n|\n|upkeep\n|\n|t:|1699855583\n|switch|p2a: Cinderace|Cinderace, M|40\/100\n|turn|12\n|\n|t:|1699855589\n|switch|p1a: Alomomola|Alomomola, M|100\/100\n|move|p2a: Cinderace|U-turn|p1a: Alomomola\n|-damage|p1a: Alomomola|89\/100\n|\n|t:|1699855591\n|switch|p2a: Brute Bonnet|Brute Bonnet|82\/100|[from] U-turn\n|\n|upkeep\n|turn|13\n|\n|t:|1699855605\n|switch|p1a: Cinderace|Cinderace, M|100\/100\n|move|p2a: Brute Bonnet|Spore|p1a: Cinderace\n|-status|p1a: Cinderace|slp|[from] move: Spore\n|\n|upkeep\n|turn|14\n|\n|t:|1699855619\n|-end|p2a: Brute Bonnet|Protosynthesis|[silent]\n|switch|p2a: Walking Wake|Walking Wake|100\/100\n|cant|p1a: Cinderace|slp\n|\n|upkeep\n|turn|15\n|\n|t:|1699855623\n|switch|p1a: Slowking|Slowking-Galar, M|81\/100\n|move|p2a: Walking Wake|Hydro Steam|p1a: Slowking\n|-damage|p1a: Slowking|49\/100\n|\n|upkeep\n|turn|16\n|\n|t:|1699855632\n|-end|p2a: Walking Wake|Protosynthesis|[silent]\n|switch|p2a: Brute Bonnet|Brute Bonnet|82\/100\n|move|p1a: Slowking|Chilly Reception|p1a: Slowking\n|-weather|Snow\n|\n|t:|1699855640\n|switch|p1a: Cinderace|Cinderace, M|100\/100 slp|[from] Chilly Reception\n|\n|-weather|Snow|[upkeep]\n|upkeep\n|turn|17\n|\n|t:|1699855650\n|-end|p2a: Brute Bonnet|Protosynthesis|[silent]\n|switch|p2a: Torkoal|Torkoal, F|51\/100\n|-weather|SunnyDay|[from] ability: Drought|[of] p2a: Torkoal\n|cant|p1a: Cinderace|slp\n|\n|-weather|SunnyDay|[upkeep]\n|upkeep\n|turn|18\n|\n|t:|1699855658\n|-curestatus|p1a: Cinderace|slp|[msg]\n|move|p1a: Cinderace|Pyro Ball|p2a: Torkoal\n|-resisted|p2a: Torkoal\n|-damage|p2a: Torkoal|25\/100\n|move|p2a: Torkoal|Rapid Spin|p1a: Cinderace\n|-damage|p1a: Cinderace|90\/100\n|-boost|p2a: Torkoal|spe|1\n|\n|-weather|SunnyDay|[upkeep]\n|upkeep\n|turn|19\n|\n|t:|1699855670\n|move|p1a: Cinderace|Court Change|p1a: Cinderace\n|-swapsideconditions\n|-activate|p1a: Cinderace|move: Court Change\n|move|p2a: Torkoal|Rest|p2a: Torkoal\n|-status|p2a: Torkoal|slp|[from] move: Rest\n|-heal|p2a: Torkoal|100\/100 slp|[silent]\n|\n|-weather|SunnyDay|[upkeep]\n|upkeep\n|turn|20\n|\n|t:|1699855679\n|switch|p1a: Thundurus|Thundurus-Therian, M|76\/100\n|cant|p2a: Torkoal|slp\n|\n|-weather|SunnyDay|[upkeep]\n|upkeep\n|turn|21\n|\n|t:|1699855699\n|move|p1a: Thundurus|Volt Switch|p2a: Torkoal\n|-damage|p2a: Torkoal|48\/100 slp\n|\n|t:|1699855702\n|switch|p1a: Iron Valiant|Iron Valiant|100\/100|[from] Volt Switch\n|cant|p2a: Torkoal|slp\n|\n|-weather|SunnyDay|[upkeep]\n|upkeep\n|turn|22\n|\n|t:|1699855706\n|move|p1a: Iron Valiant|Close Combat|p2a: Torkoal\n|-damage|p2a: Torkoal|0 fnt\n|-unboost|p1a: Iron Valiant|def|1\n|-unboost|p1a: Iron Valiant|spd|1\n|faint|p2a: Torkoal\n|\n|-weather|SunnyDay|[upkeep]\n|upkeep\n|\n|t:|1699855722\n|switch|p2a: Lilligant|Lilligant-Hisui, F|95\/100\n|-damage|p2a: Lilligant|89\/100|[from] Stealth Rock\n|turn|23\n|\n|t:|1699855729\n|-end|p1a: Iron Valiant|Quark Drive|[silent]\n|switch|p1a: Slowking|Slowking-Galar, M|82\/100\n|move|p2a: Lilligant|Victory Dance|p2a: Lilligant\n|-boost|p2a: Lilligant|atk|1\n|-boost|p2a: Lilligant|def|1\n|-boost|p2a: Lilligant|spe|1\n|\n|-weather|SunnyDay|[upkeep]\n|upkeep\n|turn|24\n|\n|t:|1699855738\n|-terastallize|p2a: Lilligant|Electric\n|move|p2a: Lilligant|Victory Dance|p2a: Lilligant\n|-boost|p2a: Lilligant|atk|1\n|-boost|p2a: Lilligant|def|1\n|-boost|p2a: Lilligant|spe|1\n|move|p1a: Slowking|Sludge Bomb|p2a: Lilligant\n|-damage|p2a: Lilligant|50\/100\n|\n|-weather|none\n|upkeep\n|turn|25\n|j| encostoo\n|l| encostoo\n|j| adyu1\n|inactive|ChandosH has 120 seconds left.\n|inactive|ChandosH has 90 seconds left.\n|\n|t:|1699855817\n|switch|p1a: Thundurus|Thundurus-Therian, M|76\/100\n|move|p2a: Lilligant|Tera Blast|p1a: Thundurus|[anim] Tera Blast Electric\n|-heal|p1a: Thundurus|100\/100|[from] ability: Volt Absorb|[of] p2a: Lilligant\n|\n|upkeep\n|turn|26\n|inactive|ChandosH has 60 seconds left.\n|\n|t:|1699855853\n|move|p2a: Lilligant|Ice Spinner|p1a: Thundurus\n|-supereffective|p1a: Thundurus\n|-damage|p1a: Thundurus|0 fnt\n|faint|p1a: Thundurus\n|\n|upkeep\n|inactive|ChandosH has 30 seconds left.\n|inactive|ChandosH has 20 seconds left.\n|\n|t:|1699855892\n|switch|p1a: Alomomola|Alomomola, M|100\/100\n|turn|27\n|inactive|ChandosH has 30 seconds left this turn.\n|\n|t:|1699855902\n|-terastallize|p1a: Alomomola|Fairy\n|move|p2a: Lilligant|Victory Dance|p2a: Lilligant\n|-boost|p2a: Lilligant|atk|1\n|-boost|p2a: Lilligant|def|1\n|-boost|p2a: Lilligant|spe|1\n|move|p1a: Alomomola|Scald|p2a: Lilligant\n|-damage|p2a: Lilligant|35\/100\n|\n|upkeep\n|turn|28\n|inactive|ChandosH has 30 seconds left.\n|\n|t:|1699855915\n|move|p2a: Lilligant|Victory Dance|p2a: Lilligant\n|-boost|p2a: Lilligant|atk|1\n|-boost|p2a: Lilligant|def|1\n|-boost|p2a: Lilligant|spe|1\n|move|p1a: Alomomola|Scald|p2a: Lilligant\n|-damage|p2a: Lilligant|18\/100\n|\n|upkeep\n|turn|29\n|\n|t:|1699855922\n|move|p2a: Lilligant|Tera Blast|p1a: Alomomola|[anim] Tera Blast Electric\n|-damage|p1a: Alomomola|41\/100\n|move|p1a: Alomomola|Scald|p2a: Lilligant\n|-crit|p2a: Lilligant\n|-damage|p2a: Lilligant|0 fnt\n|faint|p2a: Lilligant\n|\n|upkeep\n|j| STK OTG\n|\n|t:|1699855941\n|switch|p2a: Brute Bonnet|Brute Bonnet|82\/100\n|-damage|p2a: Brute Bonnet|70\/100|[from] Stealth Rock\n|turn|30\n|\n|t:|1699855964\n|move|p2a: Brute Bonnet|Spore|p1a: Alomomola\n|-status|p1a: Alomomola|slp|[from] move: Spore\n|cant|p1a: Alomomola|slp\n|\n|upkeep\n|turn|31\n|\n|t:|1699855967\n|move|p2a: Brute Bonnet|Bullet Seed|p1a: Alomomola\n|-damage|p1a: Alomomola|33\/100 slp\n|-damage|p1a: Alomomola|26\/100 slp\n|-damage|p1a: Alomomola|18\/100 slp\n|-damage|p1a: Alomomola|11\/100 slp\n|-hitcount|p1a: Alomomola|4\n|cant|p1a: Alomomola|slp\n|\n|upkeep\n|turn|32\n|\n|t:|1699855975\n|switch|p1a: Cinderace|Cinderace, M|90\/100\n|move|p2a: Brute Bonnet|Bullet Seed|p1a: Cinderace\n|-resisted|p1a: Cinderace\n|-damage|p1a: Cinderace|81\/100\n|-resisted|p1a: Cinderace\n|-damage|p1a: Cinderace|73\/100\n|-resisted|p1a: Cinderace\n|-damage|p1a: Cinderace|64\/100\n|-resisted|p1a: Cinderace\n|-damage|p1a: Cinderace|55\/100\n|-hitcount|p1a: Cinderace|4\n|\n|upkeep\n|turn|33\n|\n|t:|1699855983\n|move|p2a: Brute Bonnet|Sucker Punch||[still]\n|-fail|p2a: Brute Bonnet\n|move|p1a: Cinderace|Will-O-Wisp|p2a: Brute Bonnet|[miss]\n|-miss|p1a: Cinderace|p2a: Brute Bonnet\n|\n|upkeep\n|turn|34\n|\n|t:|1699855992\n|-end|p2a: Brute Bonnet|Protosynthesis|[silent]\n|switch|p2a: Cinderace|Cinderace, M|40\/100\n|move|p1a: Cinderace|Pyro Ball|p2a: Cinderace\n|-resisted|p2a: Cinderace\n|-damage|p2a: Cinderace|8\/100\n|\n|upkeep\n|turn|35\n|\n|t:|1699855997\n|move|p1a: Cinderace|Pyro Ball|p2a: Cinderace\n|-resisted|p2a: Cinderace\n|-damage|p2a: Cinderace|0 fnt\n|faint|p2a: Cinderace\n|\n|upkeep\n|\n|t:|1699855999\n|switch|p2a: Walking Wake|Walking Wake|100\/100\n|-damage|p2a: Walking Wake|88\/100|[from] Stealth Rock\n|turn|36\n|\n|t:|1699856004\n|move|p1a: Cinderace|U-turn|p2a: Walking Wake\n|-damage|p2a: Walking Wake|68\/100\n|\n|t:|1699856007\n|switch|p1a: Slowking|Slowking-Galar, M|100\/100|[from] U-turn\n|move|p2a: Walking Wake|Hydro Steam|p1a: Slowking\n|-damage|p1a: Slowking|69\/100\n|\n|upkeep\n|turn|37\n|\n|t:|1699856014\n|move|p2a: Walking Wake|Hydro Steam|p1a: Slowking\n|-damage|p1a: Slowking|36\/100\n|move|p1a: Slowking|Chilly Reception|p1a: Slowking\n|-weather|Snow\n|\n|t:|1699856021\n|switch|p1a: Iron Valiant|Iron Valiant|100\/100|[from] Chilly Reception\n|\n|-weather|Snow|[upkeep]\n|upkeep\n|turn|38\n|\n|t:|1699856024\n|move|p1a: Iron Valiant|Spirit Break|p2a: Walking Wake\n|-supereffective|p2a: Walking Wake\n|-damage|p2a: Walking Wake|0 fnt\n|faint|p2a: Walking Wake\n|-end|p2a: Walking Wake|Protosynthesis|[silent]\n|\n|-weather|Snow|[upkeep]\n|upkeep\n|c|\u2606ChandosH|gg\n|-message|1owercase forfeited.\n|\n|win|ChandosH\n|raw|ChandosH's rating: 1699 &rarr; <strong>1716<\/strong><br \/>(+17 for winning)\n|raw|1owercase's rating: 1642 &rarr; <strong>1625<\/strong><br \/>(-17 for losing)\n|l|\u26061owercase\n|l| STK OTG\n","uploadtime":1699856034,"views":13,"p1id":"chandosh","p2id":"1owercase","formatid":"gen9ou","rating":1625,"private":0,"password":""}