{"id":"gen9ou-1988771891","p1":"Crystalzee","p2":"BramXDead","format":"[Gen 9] OU","log":"|j|\u2606Crystalzee\n|j|\u2606BramXDead\n|t:|1699761081\n|gametype|singles\n|player|p1|Crystalzee|karen|1134\n|player|p2|BramXDead|fisherman-gen4|1103\n|teamsize|p1|6\n|teamsize|p2|6\n|gen|9\n|tier|[Gen 9] OU\n|rated|\n|rule|Sleep Clause Mod: Limit one foe put to sleep\n|rule|Species Clause: Limit one of each Pok\u00e9mon\n|rule|OHKO Clause: OHKO moves are banned\n|rule|Evasion Items Clause: Evasion items are banned\n|rule|Evasion Moves Clause: Evasion moves are banned\n|rule|Endless Battle Clause: Forcing endless battles is banned\n|rule|HP Percentage Mod: HP is shown in percentages\n|clearpoke\n|poke|p1|Gliscor, M|\n|poke|p1|Manaphy|\n|poke|p1|Alomomola, F|\n|poke|p1|Great Tusk|\n|poke|p1|Iron Valiant|\n|poke|p1|Sinistcha|\n|poke|p2|Maushold-Four|\n|poke|p2|Pelipper, F|\n|poke|p2|Manaphy|\n|poke|p2|Espeon, F|\n|poke|p2|Dragapult, M|\n|poke|p2|Kingambit, F|\n|teampreview\n|inactive|Battle timer is ON: inactive players will automatically lose when time's up. (requested by BramXDead)\n|\n|t:|1699761111\n|start\n|switch|p1a: Alomomola|Alomomola, F|100\/100\n|switch|p2a: Pelipper|Pelipper, F|100\/100\n|-weather|RainDance|[from] ability: Drizzle|[of] p2a: Pelipper\n|turn|1\n|\n|t:|1699761117\n|move|p2a: Pelipper|Tailwind|p2a: Pelipper\n|-sidestart|p2: BramXDead|move: Tailwind\n|move|p1a: Alomomola|Play Rough|p2a: Pelipper\n|-damage|p2a: Pelipper|87\/100\n|\n|-weather|RainDance|[upkeep]\n|upkeep\n|turn|2\n|\n|t:|1699761126\n|move|p2a: Pelipper|Hurricane|p1a: Alomomola\n|-damage|p1a: Alomomola|69\/100\n|-start|p1a: Alomomola|confusion\n|-activate|p1a: Alomomola|confusion\n|move|p1a: Alomomola|Flip Turn|p2a: Pelipper\n|-resisted|p2a: Pelipper\n|-damage|p2a: Pelipper|78\/100\n|\n|t:|1699761139\n|switch|p1a: Manaphy|Manaphy|100\/100|[from] Flip Turn\n|\n|-weather|RainDance|[upkeep]\n|upkeep\n|turn|3\n|\n|t:|1699761151\n|switch|p2a: Maushold|Maushold-Four|100\/100\n|move|p1a: Manaphy|Tail Glow|p1a: Manaphy\n|-boost|p1a: Manaphy|spa|3\n|\n|-weather|RainDance|[upkeep]\n|upkeep\n|turn|4\n|\n|t:|1699761157\n|switch|p1a: Sinistcha|Sinistcha|100\/100\n|-terastallize|p2a: Maushold|Normal\n|move|p2a: Maushold|Population Bomb|p1a: Sinistcha\n|-immune|p1a: Sinistcha\n|\n|-weather|RainDance|[upkeep]\n|-sideend|p2: BramXDead|move: Tailwind\n|upkeep\n|turn|5\n|\n|t:|1699761166\n|move|p2a: Maushold|Tidy Up|p2a: Maushold\n|-boost|p2a: Maushold|atk|1\n|-boost|p2a: Maushold|spe|1\n|move|p1a: Sinistcha|Strength Sap|p2a: Maushold\n|-unboost|p2a: Maushold|atk|1\n|\n|-weather|RainDance|[upkeep]\n|upkeep\n|turn|6\n|\n|t:|1699761172\n|move|p2a: Maushold|Aerial Ace|p1a: Sinistcha\n|-supereffective|p1a: Sinistcha\n|-damage|p1a: Sinistcha|68\/100\n|move|p1a: Sinistcha|Calm Mind|p1a: Sinistcha\n|-boost|p1a: Sinistcha|spa|1\n|-boost|p1a: Sinistcha|spd|1\n|\n|-weather|RainDance|[upkeep]\n|-heal|p1a: Sinistcha|74\/100|[from] item: Leftovers\n|upkeep\n|turn|7\n|\n|t:|1699761176\n|move|p2a: Maushold|Tidy Up|p2a: Maushold\n|-boost|p2a: Maushold|atk|1\n|-boost|p2a: Maushold|spe|1\n|move|p1a: Sinistcha|Matcha Gotcha|p2a: Maushold\n|-damage|p2a: Maushold|22\/100\n|-heal|p1a: Sinistcha|100\/100|[from] drain|[of] p2a: Maushold\n|\n|-weather|RainDance|[upkeep]\n|upkeep\n|turn|8\n|\n|t:|1699761179\n|move|p2a: Maushold|Aerial Ace|p1a: Sinistcha\n|-supereffective|p1a: Sinistcha\n|-damage|p1a: Sinistcha|51\/100\n|move|p1a: Sinistcha|Strength Sap|p2a: Maushold\n|-unboost|p2a: Maushold|atk|1\n|-heal|p1a: Sinistcha|100\/100\n|\n|-weather|none\n|upkeep\n|turn|9\n|\n|t:|1699761187\n|switch|p2a: Pelipper|Pelipper, F|78\/100\n|-weather|RainDance|[from] ability: Drizzle|[of] p2a: Pelipper\n|move|p1a: Sinistcha|Matcha Gotcha|p2a: Pelipper\n|-damage|p2a: Pelipper|10\/100\n|\n|-weather|RainDance|[upkeep]\n|upkeep\n|turn|10\n|\n|t:|1699761198\n|-terastallize|p1a: Sinistcha|Steel\n|move|p1a: Sinistcha|Shadow Ball|p2a: Pelipper\n|-damage|p2a: Pelipper|0 fnt\n|faint|p2a: Pelipper\n|\n|-weather|RainDance|[upkeep]\n|upkeep\n|\n|t:|1699761210\n|switch|p2a: Manaphy|Manaphy|100\/100\n|turn|11\n|\n|t:|1699761213\n|move|p2a: Manaphy|Tail Glow|p2a: Manaphy\n|-boost|p2a: Manaphy|spa|3\n|move|p1a: Sinistcha|Calm Mind|p1a: Sinistcha\n|-boost|p1a: Sinistcha|spa|1\n|-boost|p1a: Sinistcha|spd|1\n|\n|-weather|RainDance|[upkeep]\n|upkeep\n|turn|12\n|\n|t:|1699761220\n|move|p2a: Manaphy|Scald|p1a: Sinistcha\n|-damage|p1a: Sinistcha|16\/100\n|move|p1a: Sinistcha|Matcha Gotcha|p2a: Manaphy\n|-supereffective|p2a: Manaphy\n|-damage|p2a: Manaphy|0 fnt\n|-heal|p1a: Sinistcha|66\/100|[from] drain|[of] p2a: Manaphy\n|faint|p2a: Manaphy\n|\n|-weather|RainDance|[upkeep]\n|-heal|p1a: Sinistcha|72\/100|[from] item: Leftovers\n|upkeep\n|\n|t:|1699761229\n|switch|p2a: Espeon|Espeon, F, shiny|100\/100\n|turn|13\n|\n|t:|1699761237\n|move|p2a: Espeon|Shadow Ball|p1a: Sinistcha\n|-damage|p1a: Sinistcha|48\/100\n|-unboost|p1a: Sinistcha|spd|1\n|move|p1a: Sinistcha|Shadow Ball|p2a: Espeon\n|-supereffective|p2a: Espeon\n|-damage|p2a: Espeon|0 fnt\n|faint|p2a: Espeon\n|\n|-weather|RainDance|[upkeep]\n|-heal|p1a: Sinistcha|54\/100|[from] item: Leftovers\n|upkeep\n|\n|t:|1699761241\n|switch|p2a: Maushold|Maushold-Four, tera:Normal|22\/100\n|turn|14\n|\n|t:|1699761244\n|move|p2a: Maushold|Low Kick|p1a: Sinistcha\n|-supereffective|p1a: Sinistcha\n|-damage|p1a: Sinistcha|44\/100\n|move|p1a: Sinistcha|Matcha Gotcha|p2a: Maushold\n|-damage|p2a: Maushold|0 fnt\n|-heal|p1a: Sinistcha|53\/100|[from] drain|[of] p2a: Maushold\n|faint|p2a: Maushold\n|\n|-weather|RainDance|[upkeep]\n|-heal|p1a: Sinistcha|59\/100|[from] item: Leftovers\n|upkeep\n|\n|t:|1699761248\n|switch|p2a: Dragapult|Dragapult, M|100\/100\n|turn|15\n|\n|t:|1699761253\n|move|p2a: Dragapult|Dragon Dance|p2a: Dragapult\n|-boost|p2a: Dragapult|atk|1\n|-boost|p2a: Dragapult|spe|1\n|move|p1a: Sinistcha|Shadow Ball|p2a: Dragapult\n|-supereffective|p2a: Dragapult\n|-damage|p2a: Dragapult|0 fnt\n|faint|p2a: Dragapult\n|\n|-weather|RainDance|[upkeep]\n|-heal|p1a: Sinistcha|65\/100|[from] item: Leftovers\n|upkeep\n|\n|t:|1699761256\n|switch|p2a: Kingambit|Kingambit, F|100\/100\n|-activate|p2a: Kingambit|ability: Supreme Overlord\n|-start|p2a: Kingambit|fallen5|[silent]\n|-item|p2a: Kingambit|Air Balloon\n|turn|16\n|\n|t:|1699761263\n|move|p1a: Sinistcha|Matcha Gotcha|p2a: Kingambit\n|-resisted|p2a: Kingambit\n|-damage|p2a: Kingambit|70\/100\n|-heal|p1a: Sinistcha|83\/100|[from] drain|[of] p2a: Kingambit\n|-status|p2a: Kingambit|brn\n|-enditem|p2a: Kingambit|Air Balloon\n|move|p2a: Kingambit|Swords Dance|p2a: Kingambit\n|-boost|p2a: Kingambit|atk|2\n|\n|-weather|none\n|-heal|p1a: Sinistcha|89\/100|[from] item: Leftovers\n|-damage|p2a: Kingambit|64\/100 brn|[from] brn\n|upkeep\n|turn|17\n|\n|t:|1699761273\n|move|p1a: Sinistcha|Strength Sap|p2a: Kingambit\n|-unboost|p2a: Kingambit|atk|1\n|-heal|p1a: Sinistcha|100\/100\n|move|p2a: Kingambit|Kowtow Cleave|p1a: Sinistcha\n|-damage|p1a: Sinistcha|58\/100\n|\n|-heal|p1a: Sinistcha|64\/100|[from] item: Leftovers\n|-damage|p2a: Kingambit|58\/100 brn|[from] brn\n|upkeep\n|turn|18\n|-message|BramXDead forfeited.\n|\n|win|Crystalzee\n|raw|Crystalzee's rating: 1134 &rarr; <strong>1157<\/strong><br \/>(+23 for winning)\n|raw|BramXDead's rating: 1103 &rarr; <strong>1080<\/strong><br \/>(-23 for losing)\n|l|\u2606BramXDead\n","uploadtime":1699761286,"views":23,"p1id":"crystalzee","p2id":"bramxdead","formatid":"gen9ou","rating":1080,"private":0,"password":""}