{"id":"gen9ou-1999530244","p1":"El Stefano","p2":"Eucalipto69!","format":"[Gen 9] OU","log":"|j|\u2606El Stefano\n|j|\u2606Eucalipto69!\n|t:|1701093041\n|gametype|singles\n|player|p1|El Stefano|1|1786\n|player|p2|Eucalipto69!|alder|1749\n|teamsize|p1|6\n|teamsize|p2|6\n|gen|9\n|tier|[Gen 9] OU\n|rated|\n|rule|Sleep Clause Mod: Limit one foe put to sleep\n|rule|Species Clause: Limit one of each Pok\u00e9mon\n|rule|OHKO Clause: OHKO moves are banned\n|rule|Evasion Items Clause: Evasion items are banned\n|rule|Evasion Moves Clause: Evasion moves are banned\n|rule|Endless Battle Clause: Forcing endless battles is banned\n|rule|HP Percentage Mod: HP is shown in percentages\n|clearpoke\n|poke|p1|Slowking, M|\n|poke|p1|Chesnaught, F|\n|poke|p1|Talonflame, M|\n|poke|p1|Clodsire, F|\n|poke|p1|Dondozo, M|\n|poke|p1|Clefable, F|\n|poke|p2|Scizor, F|\n|poke|p2|Dragapult, F|\n|poke|p2|Kilowattrel, F|\n|poke|p2|Samurott-Hisui, F|\n|poke|p2|Great Tusk|\n|poke|p2|Ogerpon-Cornerstone, F|\n|teampreview\n|\n|t:|1701093047\n|start\n|switch|p1a: Clefable|Clefable, F|100\/100\n|switch|p2a: Scizor|Scizor, F|100\/100\n|turn|1\n|inactive|Battle timer is ON: inactive players will automatically lose when time's up. (requested by El Stefano)\n|\n|t:|1701093055\n|switch|p1a: Chesnaught|Chesnaught, F|100\/100\n|move|p2a: Scizor|Knock Off|p1a: Chesnaught\n|-resisted|p1a: Chesnaught\n|-damage|p1a: Chesnaught|91\/100\n|-enditem|p1a: Chesnaught|Heavy-Duty Boots|[from] move: Knock Off|[of] p2a: Scizor\n|\n|upkeep\n|turn|2\n|j| Amelie9\n|\n|t:|1701093066\n|move|p1a: Chesnaught|Spikes|p2a: Scizor\n|-sidestart|p2: Eucalipto69!|Spikes\n|move|p2a: Scizor|U-turn|p1a: Chesnaught\n|-damage|p1a: Chesnaught|69\/100\n|j| cdx\n|\n|t:|1701093078\n|switch|p2a: Kilowattrel|Kilowattrel, F|100\/100|[from] U-turn\n|\n|upkeep\n|turn|3\n|\n|t:|1701093085\n|switch|p1a: Slowking|Slowking, M, shiny|100\/100\n|move|p2a: Kilowattrel|U-turn|p1a: Slowking\n|-supereffective|p1a: Slowking\n|-damage|p1a: Slowking|79\/100\n|\n|t:|1701093092\n|switch|p2a: Scizor|Scizor, F|100\/100|[from] U-turn\n|\n|upkeep\n|turn|4\n|\n|t:|1701093098\n|switch|p1a: Talonflame|Talonflame, M|100\/100\n|move|p2a: Scizor|U-turn|p1a: Talonflame\n|-resisted|p1a: Talonflame\n|-damage|p1a: Talonflame|92\/100\n|\n|t:|1701093108\n|switch|p2a: Dragapult|Dragapult, F|100\/100|[from] U-turn\n|-damage|p2a: Dragapult|88\/100|[from] Spikes\n|\n|-heal|p2a: Dragapult|94\/100|[from] item: Leftovers\n|upkeep\n|turn|5\n|\n|t:|1701093114\n|switch|p1a: Slowking|Slowking, M, shiny|100\/100\n|-terastallize|p2a: Dragapult|Water\n|move|p2a: Dragapult|Hydro Pump|p1a: Slowking|[miss]\n|-miss|p2a: Dragapult|p1a: Slowking\n|\n|-heal|p2a: Dragapult|100\/100|[from] item: Leftovers\n|upkeep\n|turn|6\n|\n|t:|1701093126\n|move|p2a: Dragapult|Will-O-Wisp|p1a: Slowking\n|-status|p1a: Slowking|brn\n|move|p1a: Slowking|Scald|p2a: Dragapult\n|-resisted|p2a: Dragapult\n|-damage|p2a: Dragapult|80\/100\n|\n|-heal|p2a: Dragapult|86\/100|[from] item: Leftovers\n|-damage|p1a: Slowking|94\/100 brn|[from] brn\n|upkeep\n|turn|7\n|\n|t:|1701093137\n|move|p2a: Dragapult|Hex|p1a: Slowking\n|-supereffective|p1a: Slowking\n|-damage|p1a: Slowking|33\/100 brn\n|move|p1a: Slowking|Scald|p2a: Dragapult\n|-resisted|p2a: Dragapult\n|-damage|p2a: Dragapult|67\/100\n|\n|-heal|p2a: Dragapult|73\/100|[from] item: Leftovers\n|-damage|p1a: Slowking|27\/100 brn|[from] brn\n|upkeep\n|turn|8\n|j| Flamax\n|\n|t:|1701093150\n|-terastallize|p1a: Slowking|Normal\n|move|p2a: Dragapult|Dragon Darts|p1a: Slowking\n|-damage|p1a: Slowking|5\/100 brn\n|-anim|p2a: Dragapult|Dragon Darts|p1a: Slowking\n|-damage|p1a: Slowking|0 fnt\n|faint|p1a: Slowking\n|\n|-heal|p2a: Dragapult|79\/100|[from] item: Leftovers\n|upkeep\n|inactive|El Stefano has 120 seconds left.\n|inactive|El Stefano has 90 seconds left.\n|\n|t:|1701093220\n|switch|p1a: Clefable|Clefable, F|100\/100\n|turn|9\n|j| Jreeletree\n|\n|t:|1701093226\n|switch|p2a: Scizor|Scizor, F|100\/100\n|move|p1a: Clefable|Moonblast|p2a: Scizor\n|-resisted|p2a: Scizor\n|-damage|p2a: Scizor|81\/100\n|-unboost|p2a: Scizor|spa|1\n|\n|upkeep\n|turn|10\n|\n|t:|1701093232\n|switch|p1a: Talonflame|Talonflame, M|92\/100\n|move|p2a: Scizor|Defog|p1a: Talonflame\n|-unboost|p1a: Talonflame|evasion|1\n|-sideend|p2: Eucalipto69!|Spikes|[from] move: Defog|[of] p2a: Scizor\n|\n|upkeep\n|turn|11\n|\n|t:|1701093238\n|switch|p2a: Dragapult|Dragapult, F, tera:Water|79\/100\n|move|p1a: Talonflame|Will-O-Wisp|p2a: Dragapult\n|-status|p2a: Dragapult|brn\n|\n|-heal|p2a: Dragapult|85\/100 brn|[from] item: Leftovers\n|-damage|p2a: Dragapult|79\/100 brn|[from] brn\n|upkeep\n|turn|12\n|\n|t:|1701093249\n|switch|p1a: Dondozo|Dondozo, M|100\/100\n|move|p2a: Dragapult|Will-O-Wisp|p1a: Dondozo\n|-status|p1a: Dondozo|brn\n|\n|-heal|p2a: Dragapult|85\/100 brn|[from] item: Leftovers\n|-damage|p2a: Dragapult|79\/100 brn|[from] brn\n|-damage|p1a: Dondozo|94\/100 brn|[from] brn\n|upkeep\n|turn|13\n|\n|t:|1701093271\n|switch|p1a: Clefable|Clefable, F|100\/100\n|move|p2a: Dragapult|Hex|p1a: Clefable\n|-damage|p1a: Clefable|72\/100\n|\n|-heal|p2a: Dragapult|85\/100 brn|[from] item: Leftovers\n|-heal|p1a: Clefable|78\/100|[from] item: Leftovers\n|-damage|p2a: Dragapult|79\/100 brn|[from] brn\n|upkeep\n|turn|14\n|\n|t:|1701093276\n|switch|p2a: Scizor|Scizor, F|81\/100\n|move|p1a: Clefable|Knock Off|p2a: Scizor\n|-damage|p2a: Scizor|66\/100\n|-enditem|p2a: Scizor|Heavy-Duty Boots|[from] move: Knock Off|[of] p1a: Clefable\n|\n|-heal|p1a: Clefable|84\/100|[from] item: Leftovers\n|upkeep\n|turn|15\n|\n|t:|1701093284\n|switch|p1a: Talonflame|Talonflame, M|92\/100\n|move|p2a: Scizor|Knock Off|p1a: Talonflame\n|-damage|p1a: Talonflame|63\/100\n|-enditem|p1a: Talonflame|Heavy-Duty Boots|[from] move: Knock Off|[of] p2a: Scizor\n|\n|upkeep\n|turn|16\n|\n|t:|1701093294\n|move|p1a: Talonflame|Roost|p1a: Talonflame\n|-heal|p1a: Talonflame|100\/100\n|-singleturn|p1a: Talonflame|move: Roost\n|move|p2a: Scizor|U-turn|p1a: Talonflame\n|-resisted|p1a: Talonflame\n|-damage|p1a: Talonflame|82\/100\n|-status|p2a: Scizor|brn|[from] ability: Flame Body|[of] p1a: Talonflame\n|\n|t:|1701093319\n|switch|p2a: Dragapult|Dragapult, F, tera:Water|79\/100 brn|[from] U-turn\n|\n|-heal|p2a: Dragapult|85\/100 brn|[from] item: Leftovers\n|-damage|p2a: Dragapult|79\/100 brn|[from] brn\n|upkeep\n|turn|17\n|\n|t:|1701093329\n|switch|p1a: Dondozo|Dondozo, M|94\/100 brn\n|move|p2a: Dragapult|Will-O-Wisp|p1a: Dondozo\n|-fail|p1a: Dondozo|brn\n|\n|-heal|p2a: Dragapult|85\/100 brn|[from] item: Leftovers\n|-damage|p2a: Dragapult|79\/100 brn|[from] brn\n|-damage|p1a: Dondozo|88\/100 brn|[from] brn\n|upkeep\n|turn|18\n|\n|t:|1701093332\n|switch|p1a: Clefable|Clefable, F|84\/100\n|move|p2a: Dragapult|Will-O-Wisp|p1a: Clefable\n|-status|p1a: Clefable|brn\n|\n|-heal|p2a: Dragapult|85\/100 brn|[from] item: Leftovers\n|-heal|p1a: Clefable|90\/100 brn|[from] item: Leftovers\n|-damage|p2a: Dragapult|79\/100 brn|[from] brn\n|upkeep\n|turn|19\n|\n|t:|1701093337\n|move|p2a: Dragapult|Hex|p1a: Clefable\n|-damage|p1a: Clefable|37\/100 brn\n|move|p1a: Clefable|Knock Off|p2a: Dragapult\n|-damage|p2a: Dragapult|69\/100 brn\n|-enditem|p2a: Dragapult|Leftovers|[from] move: Knock Off|[of] p1a: Clefable\n|\n|-heal|p1a: Clefable|43\/100 brn|[from] item: Leftovers\n|-damage|p2a: Dragapult|63\/100 brn|[from] brn\n|upkeep\n|turn|20\n|\n|t:|1701093346\n|switch|p1a: Clodsire|Clodsire, F|100\/100\n|move|p2a: Dragapult|Will-O-Wisp|p1a: Clodsire|[miss]\n|-miss|p2a: Dragapult|p1a: Clodsire\n|\n|-damage|p2a: Dragapult|57\/100 brn|[from] brn\n|upkeep\n|turn|21\n|l| Jreeletree\n|\n|t:|1701093370\n|switch|p2a: Scizor|Scizor, F|66\/100 brn\n|switch|p1a: Clefable|Clefable, F|43\/100 brn\n|\n|-heal|p1a: Clefable|49\/100 brn|[from] item: Leftovers\n|-damage|p2a: Scizor|60\/100 brn|[from] brn\n|upkeep\n|turn|22\n|\n|t:|1701093375\n|switch|p1a: Chesnaught|Chesnaught, F|69\/100\n|move|p2a: Scizor|Bullet Punch|p1a: Chesnaught\n|-damage|p1a: Chesnaught|60\/100\n|\n|-damage|p2a: Scizor|54\/100 brn|[from] brn\n|upkeep\n|turn|23\n|j| Jreeletree\n|\n|t:|1701093384\n|move|p1a: Chesnaught|Knock Off|p2a: Scizor\n|-damage|p2a: Scizor|38\/100 brn\n|move|p2a: Scizor|U-turn|p1a: Chesnaught\n|-crit|p1a: Chesnaught\n|-damage|p1a: Chesnaught|44\/100\n|\n|t:|1701093388\n|switch|p2a: Great Tusk|Great Tusk|100\/100|[from] U-turn\n|\n|upkeep\n|turn|24\n|\n|t:|1701093392\n|move|p2a: Great Tusk|Stealth Rock|p1a: Chesnaught\n|-sidestart|p1: El Stefano|move: Stealth Rock\n|move|p1a: Chesnaught|Synthesis|p1a: Chesnaught\n|-heal|p1a: Chesnaught|94\/100\n|\n|upkeep\n|turn|25\n|\n|t:|1701093400\n|-end|p2a: Great Tusk|Protosynthesis|[silent]\n|switch|p2a: Scizor|Scizor, F|38\/100 brn\n|move|p1a: Chesnaught|Spikes|p2a: Scizor\n|-sidestart|p2: Eucalipto69!|Spikes\n|\n|-damage|p2a: Scizor|31\/100 brn|[from] brn\n|upkeep\n|turn|26\n|\n|t:|1701093408\n|move|p1a: Chesnaught|Spikes|p2a: Scizor\n|-sidestart|p2: Eucalipto69!|Spikes\n|move|p2a: Scizor|U-turn|p1a: Chesnaught\n|-damage|p1a: Chesnaught|83\/100\n|\n|t:|1701093413\n|switch|p2a: Ogerpon|Ogerpon-Cornerstone, F|100\/100|[from] U-turn\n|-damage|p2a: Ogerpon|84\/100|[from] Spikes\n|\n|upkeep\n|turn|27\n|\n|t:|1701093422\n|move|p2a: Ogerpon|Encore|p1a: Chesnaught\n|-start|p1a: Chesnaught|Encore\n|move|p1a: Chesnaught|Spikes|p2a: Ogerpon\n|-sidestart|p2: Eucalipto69!|Spikes\n|\n|upkeep\n|turn|28\n|\n|t:|1701093426\n|switch|p1a: Dondozo|Dondozo, M|88\/100 brn\n|move|p2a: Ogerpon|Swords Dance|p2a: Ogerpon\n|-boost|p2a: Ogerpon|atk|2\n|\n|-damage|p1a: Dondozo|82\/100 brn|[from] brn\n|upkeep\n|turn|29\n|\n|t:|1701093433\n|switch|p1a: Chesnaught|Chesnaught, F|83\/100\n|-damage|p1a: Chesnaught|77\/100|[from] Stealth Rock\n|move|p2a: Ogerpon|Horn Leech|p1a: Chesnaught\n|-resisted|p1a: Chesnaught\n|-damage|p1a: Chesnaught|50\/100\n|-heal|p2a: Ogerpon|100\/100|[from] drain|[of] p1a: Chesnaught\n|\n|upkeep\n|turn|30\n|\n|t:|1701093445\n|switch|p2a: Great Tusk|Great Tusk|100\/100\n|-damage|p2a: Great Tusk|76\/100|[from] Spikes\n|move|p1a: Chesnaught|Synthesis|p1a: Chesnaught\n|-heal|p1a: Chesnaught|99\/100\n|\n|upkeep\n|turn|31\n|j| cheese miestro\n|\n|t:|1701093459\n|move|p2a: Great Tusk|Rapid Spin|p1a: Chesnaught\n|-damage|p1a: Chesnaught|92\/100\n|-boost|p2a: Great Tusk|spe|1\n|-sideend|p2: Eucalipto69!|Spikes|[from] move: Rapid Spin|[of] p2a: Great Tusk\n|move|p1a: Chesnaught|Knock Off|p2a: Great Tusk\n|-resisted|p2a: Great Tusk\n|-damage|p2a: Great Tusk|70\/100\n|-damage|p1a: Chesnaught|75\/100|[from] item: Rocky Helmet|[of] p2a: Great Tusk\n|-enditem|p2a: Great Tusk|Rocky Helmet|[from] move: Knock Off|[of] p1a: Chesnaught\n|\n|upkeep\n|turn|32\n|\n|t:|1701093466\n|-end|p2a: Great Tusk|Protosynthesis|[silent]\n|switch|p2a: Ogerpon|Ogerpon-Cornerstone, F|100\/100\n|move|p1a: Chesnaught|Spikes|p2a: Ogerpon\n|-sidestart|p2: Eucalipto69!|Spikes\n|\n|upkeep\n|turn|33\n|l| Jreeletree\n|\n|t:|1701093473\n|switch|p1a: Talonflame|Talonflame, M|82\/100\n|-damage|p1a: Talonflame|32\/100|[from] Stealth Rock\n|move|p2a: Ogerpon|Swords Dance|p2a: Ogerpon\n|-boost|p2a: Ogerpon|atk|2\n|\n|upkeep\n|turn|34\n|j| Large_Rodent\n|\n|t:|1701093493\n|switch|p2a: Dragapult|Dragapult, F, tera:Water|57\/100 brn\n|-damage|p2a: Dragapult|45\/100 brn|[from] Spikes\n|move|p1a: Talonflame|Defog|p2a: Dragapult\n|-unboost|p2a: Dragapult|evasion|1\n|-sideend|p2: Eucalipto69!|Spikes|[from] move: Defog|[of] p1a: Talonflame\n|-sideend|p1: El Stefano|Stealth Rock|[from] move: Defog|[of] p1a: Talonflame\n|\n|-damage|p2a: Dragapult|39\/100 brn|[from] brn\n|upkeep\n|turn|35\n|l| cheese miestro\n|\n|t:|1701093514\n|switch|p2a: Great Tusk|Great Tusk|70\/100\n|switch|p1a: Dondozo|Dondozo, M|82\/100 brn\n|\n|-damage|p1a: Dondozo|76\/100 brn|[from] brn\n|upkeep\n|turn|36\n|\n|t:|1701093517\n|switch|p1a: Talonflame|Talonflame, M|32\/100\n|move|p2a: Great Tusk|Stealth Rock|p1a: Talonflame\n|-sidestart|p1: El Stefano|move: Stealth Rock\n|\n|upkeep\n|turn|37\n|j| SwabbyYabby\n|\n|t:|1701093524\n|move|p1a: Talonflame|Roost|p1a: Talonflame\n|-heal|p1a: Talonflame|82\/100\n|-singleturn|p1a: Talonflame|move: Roost\n|move|p2a: Great Tusk|Ice Spinner|p1a: Talonflame\n|-resisted|p1a: Talonflame\n|-damage|p1a: Talonflame|72\/100\n|-status|p2a: Great Tusk|brn|[from] ability: Flame Body|[of] p1a: Talonflame\n|\n|-damage|p2a: Great Tusk|64\/100 brn|[from] brn\n|upkeep\n|turn|38\n|j| Jreeletree\n|\n|t:|1701093533\n|-end|p2a: Great Tusk|Protosynthesis|[silent]\n|switch|p2a: Kilowattrel|Kilowattrel, F|100\/100\n|move|p1a: Talonflame|Defog|p2a: Kilowattrel\n|-unboost|p2a: Kilowattrel|evasion|1\n|-sideend|p1: El Stefano|Stealth Rock|[from] move: Defog|[of] p1a: Talonflame\n|\n|upkeep\n|turn|39\n|\n|t:|1701093539\n|switch|p1a: Clodsire|Clodsire, F|100\/100\n|move|p2a: Kilowattrel|U-turn|p1a: Clodsire\n|-resisted|p1a: Clodsire\n|-damage|p1a: Clodsire|95\/100\n|\n|t:|1701093548\n|switch|p2a: Samurott|Samurott-Hisui, F, shiny|100\/100|[from] U-turn\n|\n|upkeep\n|turn|40\n|\n|t:|1701093562\n|switch|p1a: Chesnaught|Chesnaught, F|75\/100\n|move|p2a: Samurott|Ceaseless Edge|p1a: Chesnaught\n|-resisted|p1a: Chesnaught\n|-damage|p1a: Chesnaught|60\/100\n|-sidestart|p1: El Stefano|Spikes\n|\n|upkeep\n|turn|41\n|\n|t:|1701093574\n|switch|p2a: Great Tusk|Great Tusk|64\/100 brn\n|move|p1a: Chesnaught|Spikes|p2a: Great Tusk\n|-sidestart|p2: Eucalipto69!|Spikes\n|\n|-damage|p2a: Great Tusk|58\/100 brn|[from] brn\n|upkeep\n|turn|42\n|inactive|Eucalipto69! has 120 seconds left.\n|\n|t:|1701093613\n|switch|p1a: Talonflame|Talonflame, M|72\/100\n|move|p2a: Great Tusk|Rapid Spin|p1a: Talonflame\n|-damage|p1a: Talonflame|66\/100\n|-boost|p2a: Great Tusk|spe|1\n|-sideend|p2: Eucalipto69!|Spikes|[from] move: Rapid Spin|[of] p2a: Great Tusk\n|\n|-damage|p2a: Great Tusk|52\/100 brn|[from] brn\n|upkeep\n|turn|43\n|inactive|Eucalipto69! has 120 seconds left.\n|l| Flamax\n|\n|t:|1701093625\n|-end|p2a: Great Tusk|Protosynthesis|[silent]\n|switch|p2a: Dragapult|Dragapult, F, tera:Water|39\/100 brn\n|move|p1a: Talonflame|Brave Bird|p2a: Dragapult\n|-damage|p2a: Dragapult|0 fnt\n|faint|p2a: Dragapult\n|-damage|p1a: Talonflame|55\/100|[from] Recoil\n|\n|upkeep\n|inactive|Eucalipto69! has 120 seconds left.\n|\n|t:|1701093642\n|switch|p2a: Kilowattrel|Kilowattrel, F|100\/100\n|turn|44\n|\n|t:|1701093646\n|switch|p1a: Clodsire|Clodsire, F|95\/100\n|move|p2a: Kilowattrel|Thunderbolt|p1a: Clodsire\n|-immune|p1a: Clodsire\n|\n|upkeep\n|turn|45\n|j| Kingston9629\n|\n|t:|1701093656\n|switch|p2a: Scizor|Scizor, F|31\/100 brn\n|move|p1a: Clodsire|Poison Jab|p2a: Scizor\n|-immune|p2a: Scizor\n|\n|-damage|p2a: Scizor|25\/100 brn|[from] brn\n|upkeep\n|turn|46\n|\n|t:|1701093661\n|switch|p1a: Talonflame|Talonflame, M|55\/100\n|move|p2a: Scizor|Knock Off|p1a: Talonflame\n|-damage|p1a: Talonflame|45\/100\n|\n|-damage|p2a: Scizor|19\/100 brn|[from] brn\n|upkeep\n|turn|47\n|\n|t:|1701093667\n|move|p1a: Talonflame|Roost|p1a: Talonflame\n|-heal|p1a: Talonflame|95\/100\n|-singleturn|p1a: Talonflame|move: Roost\n|move|p2a: Scizor|U-turn|p1a: Talonflame\n|-resisted|p1a: Talonflame\n|-damage|p1a: Talonflame|87\/100\n|\n|t:|1701093673\n|switch|p2a: Kilowattrel|Kilowattrel, F|100\/100|[from] U-turn\n|\n|upkeep\n|turn|48\n|\n|t:|1701093678\n|switch|p1a: Clodsire|Clodsire, F|95\/100\n|move|p2a: Kilowattrel|U-turn|p1a: Clodsire\n|-resisted|p1a: Clodsire\n|-damage|p1a: Clodsire|90\/100\n|\n|t:|1701093690\n|switch|p2a: Ogerpon|Ogerpon-Cornerstone, F|100\/100|[from] U-turn\n|\n|upkeep\n|turn|49\n|\n|t:|1701093702\n|switch|p1a: Clefable|Clefable, F|49\/100 brn\n|move|p2a: Ogerpon|Swords Dance|p2a: Ogerpon\n|-boost|p2a: Ogerpon|atk|2\n|\n|-heal|p1a: Clefable|55\/100 brn|[from] item: Leftovers\n|upkeep\n|turn|50\n|\n|t:|1701093710\n|move|p2a: Ogerpon|Ivy Cudgel|p1a: Clefable|[anim] Ivy Cudgel Rock\n|-damage|p1a: Clefable|0 fnt\n|faint|p1a: Clefable\n|\n|upkeep\n|\n|t:|1701093713\n|switch|p1a: Chesnaught|Chesnaught, F|60\/100\n|-damage|p1a: Chesnaught|48\/100|[from] Spikes\n|turn|51\n|\n|t:|1701093723\n|move|p2a: Ogerpon|Swords Dance|p2a: Ogerpon\n|-boost|p2a: Ogerpon|atk|2\n|move|p1a: Chesnaught|Body Press|p2a: Ogerpon\n|-supereffective|p2a: Ogerpon\n|-ability|p2a: Ogerpon|Sturdy\n|-damage|p2a: Ogerpon|1\/100\n|\n|upkeep\n|turn|52\n|\n|t:|1701093752\n|move|p2a: Ogerpon|Ivy Cudgel|p1a: Chesnaught|[anim] Ivy Cudgel Rock\n|-resisted|p1a: Chesnaught\n|-damage|p1a: Chesnaught|0 fnt\n|faint|p1a: Chesnaught\n|\n|upkeep\n|\n|t:|1701093755\n|switch|p1a: Clodsire|Clodsire, F|90\/100\n|turn|53\n|\n|t:|1701093763\n|move|p2a: Ogerpon|Horn Leech|p1a: Clodsire\n|-damage|p1a: Clodsire|45\/100\n|-heal|p2a: Ogerpon|35\/100|[from] drain|[of] p1a: Clodsire\n|move|p1a: Clodsire|Earthquake|p2a: Ogerpon\n|-damage|p2a: Ogerpon|3\/100\n|\n|upkeep\n|turn|54\n|\n|t:|1701093775\n|move|p2a: Ogerpon|Ivy Cudgel|p1a: Clodsire|[anim] Ivy Cudgel Rock\n|-resisted|p1a: Clodsire\n|-damage|p1a: Clodsire|16\/100\n|move|p1a: Clodsire|Earthquake|p2a: Ogerpon\n|-damage|p2a: Ogerpon|0 fnt\n|faint|p2a: Ogerpon\n|\n|upkeep\n|\n|t:|1701093788\n|switch|p2a: Samurott|Samurott-Hisui, F, shiny|100\/100\n|turn|55\n|\n|t:|1701093796\n|switch|p1a: Dondozo|Dondozo, M|76\/100 brn\n|move|p2a: Samurott|Ceaseless Edge|p1a: Dondozo\n|-damage|p1a: Dondozo|54\/100 brn\n|-sidestart|p1: El Stefano|Spikes\n|\n|-damage|p1a: Dondozo|48\/100 brn|[from] brn\n|upkeep\n|turn|56\n|\n|t:|1701093813\n|switch|p2a: Scizor|Scizor, F|19\/100 brn\n|move|p1a: Dondozo|Rest|p1a: Dondozo\n|-status|p1a: Dondozo|slp|[from] move: Rest\n|-heal|p1a: Dondozo|100\/100 slp|[silent]\n|\n|-damage|p2a: Scizor|13\/100 brn|[from] brn\n|upkeep\n|turn|57\n|\n|t:|1701093819\n|move|p2a: Scizor|Knock Off|p1a: Dondozo\n|-damage|p1a: Dondozo|92\/100 slp\n|-enditem|p1a: Dondozo|Heavy-Duty Boots|[from] move: Knock Off|[of] p2a: Scizor\n|cant|p1a: Dondozo|slp\n|move|p1a: Dondozo|Sleep Talk|p1a: Dondozo\n|move|p1a: Dondozo|Curse|p1a: Dondozo|[from]move: Sleep Talk\n|-unboost|p1a: Dondozo|spe|1\n|-boost|p1a: Dondozo|atk|1\n|-boost|p1a: Dondozo|def|1\n|\n|-damage|p2a: Scizor|7\/100 brn|[from] brn\n|upkeep\n|turn|58\n|\n|t:|1701093843\n|move|p2a: Scizor|U-turn|p1a: Dondozo\n|-damage|p1a: Dondozo|86\/100 slp\n|\n|t:|1701093847\n|switch|p2a: Kilowattrel|Kilowattrel, F|100\/100|[from] U-turn\n|cant|p1a: Dondozo|slp\n|move|p1a: Dondozo|Sleep Talk|p1a: Dondozo\n|move|p1a: Dondozo|Waterfall|p2a: Kilowattrel|[from]move: Sleep Talk\n|-damage|p2a: Kilowattrel|25\/100\n|\n|upkeep\n|turn|59\n|\n|t:|1701093855\n|switch|p1a: Talonflame|Talonflame, M|87\/100\n|move|p2a: Kilowattrel|U-turn|p1a: Talonflame\n|-resisted|p1a: Talonflame\n|-damage|p1a: Talonflame|85\/100\n|-status|p2a: Kilowattrel|brn|[from] ability: Flame Body|[of] p1a: Talonflame\n|\n|t:|1701093866\n|switch|p2a: Samurott|Samurott-Hisui, F, shiny|100\/100|[from] U-turn\n|\n|upkeep\n|turn|60\n|\n|t:|1701093871\n|switch|p1a: Dondozo|Dondozo, M|86\/100 slp\n|-damage|p1a: Dondozo|69\/100 slp|[from] Spikes\n|move|p2a: Samurott|Aqua Cutter|p1a: Dondozo\n|-resisted|p1a: Dondozo\n|-damage|p1a: Dondozo|57\/100 slp\n|\n|upkeep\n|turn|61\n|\n|t:|1701093878\n|move|p2a: Samurott|Sacred Sword|p1a: Dondozo\n|-damage|p1a: Dondozo|38\/100 slp\n|-curestatus|p1a: Dondozo|slp|[msg]\n|move|p1a: Dondozo|Rest|p1a: Dondozo\n|-status|p1a: Dondozo|slp|[from] move: Rest\n|-heal|p1a: Dondozo|100\/100 slp|[silent]\n|\n|upkeep\n|turn|62\n|\n|t:|1701093886\n|switch|p2a: Great Tusk|Great Tusk|52\/100 brn\n|cant|p1a: Dondozo|slp\n|move|p1a: Dondozo|Sleep Talk|p1a: Dondozo\n|move|p1a: Dondozo|Rest||[from]move: Sleep Talk|[still]\n|-fail|p1a: Dondozo\n|\n|-damage|p2a: Great Tusk|45\/100 brn|[from] brn\n|upkeep\n|turn|63\n|\n|t:|1701093893\n|-end|p2a: Great Tusk|Protosynthesis|[silent]\n|switch|p2a: Samurott|Samurott-Hisui, F, shiny|100\/100\n|switch|p1a: Talonflame|Talonflame, M|85\/100\n|\n|upkeep\n|turn|64\n|\n|t:|1701093911\n|move|p1a: Talonflame|Will-O-Wisp|p2a: Samurott\n|-status|p2a: Samurott|brn\n|move|p2a: Samurott|Aqua Cutter|p1a: Talonflame\n|-supereffective|p1a: Talonflame\n|-damage|p1a: Talonflame|44\/100\n|\n|-damage|p2a: Samurott|94\/100 brn|[from] brn\n|upkeep\n|turn|65\n|\n|t:|1701093923\n|move|p1a: Talonflame|Roost|p1a: Talonflame\n|-heal|p1a: Talonflame|94\/100\n|-singleturn|p1a: Talonflame|move: Roost\n|move|p2a: Samurott|Aqua Cutter|p1a: Talonflame\n|-supereffective|p1a: Talonflame\n|-crit|p1a: Talonflame\n|-damage|p1a: Talonflame|28\/100\n|\n|-damage|p2a: Samurott|88\/100 brn|[from] brn\n|upkeep\n|turn|66\n|\n|t:|1701093938\n|move|p1a: Talonflame|Roost|p1a: Talonflame\n|-heal|p1a: Talonflame|78\/100\n|-singleturn|p1a: Talonflame|move: Roost\n|move|p2a: Samurott|Ceaseless Edge|p1a: Talonflame\n|-damage|p1a: Talonflame|58\/100\n|-sidestart|p1: El Stefano|Spikes\n|\n|-damage|p2a: Samurott|82\/100 brn|[from] brn\n|upkeep\n|turn|67\n|\n|t:|1701093945\n|switch|p1a: Dondozo|Dondozo, M|100\/100 slp\n|-damage|p1a: Dondozo|75\/100 slp|[from] Spikes\n|move|p2a: Samurott|Aqua Cutter|p1a: Dondozo\n|-resisted|p1a: Dondozo\n|-damage|p1a: Dondozo|69\/100 slp\n|\n|-damage|p2a: Samurott|75\/100 brn|[from] brn\n|upkeep\n|turn|68\n|\n|t:|1701093953\n|switch|p2a: Great Tusk|Great Tusk|45\/100 brn\n|cant|p1a: Dondozo|slp\n|move|p1a: Dondozo|Sleep Talk|p1a: Dondozo\n|move|p1a: Dondozo|Rest||[from]move: Sleep Talk|[still]\n|-fail|p1a: Dondozo\n|\n|-damage|p2a: Great Tusk|39\/100 brn|[from] brn\n|upkeep\n|turn|69\n|\n|t:|1701093960\n|switch|p1a: Talonflame|Talonflame, M|58\/100\n|move|p2a: Great Tusk|Rapid Spin|p1a: Talonflame\n|-damage|p1a: Talonflame|51\/100\n|-boost|p2a: Great Tusk|spe|1\n|\n|-damage|p2a: Great Tusk|33\/100 brn|[from] brn\n|upkeep\n|turn|70\n|\n|t:|1701093967\n|move|p2a: Great Tusk|Stealth Rock|p1a: Talonflame\n|-sidestart|p1: El Stefano|move: Stealth Rock\n|move|p1a: Talonflame|Defog|p2a: Great Tusk\n|-unboost|p2a: Great Tusk|evasion|1\n|-sideend|p1: El Stefano|Spikes|[from] move: Defog|[of] p1a: Talonflame\n|-sideend|p1: El Stefano|Stealth Rock|[from] move: Defog|[of] p1a: Talonflame\n|\n|-damage|p2a: Great Tusk|27\/100 brn|[from] brn\n|upkeep\n|turn|71\n|\n|t:|1701093976\n|move|p2a: Great Tusk|Stealth Rock|p1a: Talonflame\n|-sidestart|p1: El Stefano|move: Stealth Rock\n|move|p1a: Talonflame|Roost|p1a: Talonflame\n|-heal|p1a: Talonflame|100\/100\n|-singleturn|p1a: Talonflame|move: Roost\n|\n|-damage|p2a: Great Tusk|21\/100 brn|[from] brn\n|upkeep\n|turn|72\n|\n|t:|1701093984\n|-end|p2a: Great Tusk|Protosynthesis|[silent]\n|switch|p2a: Kilowattrel|Kilowattrel, F|25\/100 brn\n|move|p1a: Talonflame|Defog|p2a: Kilowattrel\n|-unboost|p2a: Kilowattrel|evasion|1\n|-sideend|p1: El Stefano|Stealth Rock|[from] move: Defog|[of] p1a: Talonflame\n|\n|-damage|p2a: Kilowattrel|19\/100 brn|[from] brn\n|upkeep\n|turn|73\n|\n|t:|1701093990\n|move|p2a: Kilowattrel|Air Slash|p1a: Talonflame|[miss]\n|-miss|p2a: Kilowattrel|p1a: Talonflame\n|move|p1a: Talonflame|Brave Bird|p2a: Kilowattrel\n|-resisted|p2a: Kilowattrel\n|-damage|p2a: Kilowattrel|0 fnt\n|faint|p2a: Kilowattrel\n|-damage|p1a: Talonflame|96\/100|[from] Recoil\n|\n|upkeep\n|-message|Eucalipto69! forfeited.\n|\n|win|El Stefano\n|raw|El Stefano's rating: 1786 &rarr; <strong>1804<\/strong><br \/>(+18 for winning)\n|raw|Eucalipto69!'s rating: 1749 &rarr; <strong>1731<\/strong><br \/>(-18 for losing)\n|l|\u2606Eucalipto69!\n|l| cdx\n|l|\u2606El Stefano\n|l| Jreeletree\n","uploadtime":1701094038,"views":42,"p1id":"elstefano","p2id":"eucalipto69","formatid":"gen9ou","rating":1731,"private":0,"password":""}