{"id":"gen9ou-1996607000","p1":"Nerdiestyt","p2":"Naudit","format":"[Gen 9] OU","log":"|j|\u2606Nerdiestyt\n|j|\u2606Naudit\n|t:|1700699908\n|gametype|singles\n|player|p1|Nerdiestyt|lucas|1232\n|player|p2|Naudit|nate|1148\n|teamsize|p1|6\n|teamsize|p2|6\n|gen|9\n|tier|[Gen 9] OU\n|rated|\n|rule|Sleep Clause Mod: Limit one foe put to sleep\n|rule|Species Clause: Limit one of each Pok\u00e9mon\n|rule|OHKO Clause: OHKO moves are banned\n|rule|Evasion Items Clause: Evasion items are banned\n|rule|Evasion Moves Clause: Evasion moves are banned\n|rule|Endless Battle Clause: Forcing endless battles is banned\n|rule|HP Percentage Mod: HP is shown in percentages\n|clearpoke\n|poke|p1|Glastrier|\n|poke|p1|Hatterene, F|\n|poke|p1|Conkeldurr, F|\n|poke|p1|Golem-Alola, M|\n|poke|p1|Cresselia, F|\n|poke|p1|Ursaluna, M|\n|poke|p2|Garganacl, F|\n|poke|p2|Dragonite, F|\n|poke|p2|Great Tusk|\n|poke|p2|Ogerpon, F|\n|poke|p2|Toxtricity, F|\n|poke|p2|Hatterene, F|\n|teampreview\n|\n|t:|1700699924\n|start\n|switch|p1a: Cresselia|Cresselia, F|100\/100\n|switch|p2a: Toxtricity|Toxtricity, F, shiny|100\/100\n|turn|1\n|\n|t:|1700699938\n|move|p2a: Toxtricity|Shift Gear|p2a: Toxtricity\n|-boost|p2a: Toxtricity|spe|2\n|-boost|p2a: Toxtricity|atk|1\n|move|p1a: Cresselia|Trick Room|p1a: Cresselia\n|-fieldstart|move: Trick Room|[of] p1a: Cresselia\n|\n|upkeep\n|turn|2\n|\n|t:|1700699963\n|-terastallize|p1a: Cresselia|Poison\n|-terastallize|p2a: Toxtricity|Normal\n|move|p1a: Cresselia|Psychic|p2a: Toxtricity\n|-damage|p2a: Toxtricity|63\/100\n|move|p2a: Toxtricity|Boomburst|p1a: Cresselia\n|-damage|p1a: Cresselia|49\/100\n|-enditem|p2a: Toxtricity|Throat Spray\n|-boost|p2a: Toxtricity|spa|1|[from] item: Throat Spray\n|\n|-heal|p1a: Cresselia|55\/100|[from] item: Leftovers\n|upkeep\n|turn|3\n|\n|t:|1700699977\n|switch|p1a: Golem|Golem-Alola, M|100\/100\n|move|p2a: Toxtricity|Boomburst|p1a: Golem\n|-resisted|p1a: Golem\n|-damage|p1a: Golem|4\/100\n|\n|upkeep\n|turn|4\n|\n|t:|1700699985\n|move|p1a: Golem|Explosion|p2a: Toxtricity\n|-damage|p2a: Toxtricity|0 fnt\n|faint|p1a: Golem\n|faint|p2a: Toxtricity\n|\n|upkeep\n|\n|t:|1700699990\n|switch|p1a: Cresselia|Cresselia, F, tera:Poison|55\/100\n|switch|p2a: Ogerpon|Ogerpon, F|100\/100\n|turn|5\n|\n|t:|1700699999\n|move|p1a: Cresselia|Psychic|p2a: Ogerpon\n|-damage|p2a: Ogerpon|73\/100\n|move|p2a: Ogerpon|Swords Dance|p2a: Ogerpon\n|-boost|p2a: Ogerpon|atk|2\n|\n|-heal|p1a: Cresselia|62\/100|[from] item: Leftovers\n|-fieldend|move: Trick Room\n|upkeep\n|turn|6\n|\n|t:|1700700007\n|move|p2a: Ogerpon|Knock Off|p1a: Cresselia\n|-damage|p1a: Cresselia|12\/100\n|-enditem|p1a: Cresselia|Leftovers|[from] move: Knock Off|[of] p2a: Ogerpon\n|-damage|p2a: Ogerpon|63\/100|[from] item: Life Orb\n|move|p1a: Cresselia|Trick Room|p1a: Cresselia\n|-fieldstart|move: Trick Room|[of] p1a: Cresselia\n|\n|upkeep\n|turn|7\n|\n|t:|1700700017\n|move|p1a: Cresselia|Psychic|p2a: Ogerpon\n|-damage|p2a: Ogerpon|33\/100\n|move|p2a: Ogerpon|Knock Off|p1a: Cresselia\n|-damage|p1a: Cresselia|0 fnt\n|faint|p1a: Cresselia\n|-damage|p2a: Ogerpon|23\/100|[from] item: Life Orb\n|\n|upkeep\n|\n|t:|1700700028\n|switch|p1a: Ursaluna|Ursaluna, M|100\/100\n|turn|8\n|\n|t:|1700700032\n|move|p1a: Ursaluna|Fire Punch|p2a: Ogerpon\n|-supereffective|p2a: Ogerpon\n|-damage|p2a: Ogerpon|0 fnt\n|faint|p2a: Ogerpon\n|\n|upkeep\n|\n|t:|1700700044\n|switch|p2a: Great Tusk|Great Tusk|100\/100\n|turn|9\n|\n|t:|1700700051\n|move|p1a: Ursaluna|Headlong Rush|p2a: Great Tusk\n|-damage|p2a: Great Tusk|53\/100\n|-unboost|p1a: Ursaluna|def|1\n|-unboost|p1a: Ursaluna|spd|1\n|move|p2a: Great Tusk|Close Combat|p1a: Ursaluna\n|-supereffective|p1a: Ursaluna\n|-damage|p1a: Ursaluna|0 fnt\n|-unboost|p2a: Great Tusk|def|1\n|-unboost|p2a: Great Tusk|spd|1\n|faint|p1a: Ursaluna\n|\n|upkeep\n|\n|t:|1700700061\n|switch|p1a: Hatterene|Hatterene, F|100\/100\n|turn|10\n|\n|t:|1700700065\n|-end|p2a: Great Tusk|Protosynthesis|[silent]\n|switch|p2a: Garganacl|Garganacl, F|100\/100\n|move|p1a: Hatterene|Draining Kiss|p2a: Garganacl\n|-damage|p2a: Garganacl|79\/100\n|\n|-heal|p2a: Garganacl|86\/100|[from] item: Leftovers\n|-fieldend|move: Trick Room\n|upkeep\n|turn|11\n|\n|t:|1700700068\n|move|p2a: Garganacl|Salt Cure|p1a: Hatterene\n|-damage|p1a: Hatterene|86\/100\n|-start|p1a: Hatterene|Salt Cure\n|-enditem|p1a: Hatterene|Red Card|[of] p2a: Garganacl\n|drag|p2a: Great Tusk|Great Tusk|53\/100\n|move|p1a: Hatterene|Trick Room|p1a: Hatterene\n|-fieldstart|move: Trick Room|[of] p1a: Hatterene\n|\n|-damage|p1a: Hatterene|74\/100|[from] Salt Cure\n|upkeep\n|turn|12\n|\n|t:|1700700075\n|move|p1a: Hatterene|Psychic|p2a: Great Tusk\n|-supereffective|p2a: Great Tusk\n|-damage|p2a: Great Tusk|0 fnt\n|faint|p2a: Great Tusk\n|-end|p2a: Great Tusk|Protosynthesis|[silent]\n|\n|-damage|p1a: Hatterene|62\/100|[from] Salt Cure\n|upkeep\n|\n|t:|1700700096\n|switch|p2a: Dragonite|Dragonite, F|100\/100\n|turn|13\n|\n|t:|1700700100\n|move|p1a: Hatterene|Draining Kiss|p2a: Dragonite\n|-supereffective|p2a: Dragonite\n|-damage|p2a: Dragonite|68\/100\n|-heal|p1a: Hatterene|86\/100|[from] drain|[of] p2a: Dragonite\n|-enditem|p2a: Dragonite|Weakness Policy\n|-boost|p2a: Dragonite|atk|2|[from] item: Weakness Policy\n|-boost|p2a: Dragonite|spa|2|[from] item: Weakness Policy\n|move|p2a: Dragonite|Dragon Dance|p2a: Dragonite\n|-boost|p2a: Dragonite|atk|1\n|-boost|p2a: Dragonite|spe|1\n|\n|-damage|p1a: Hatterene|74\/100|[from] Salt Cure\n|upkeep\n|turn|14\n|\n|t:|1700700112\n|move|p2a: Dragonite|Extreme Speed|p1a: Hatterene\n|-damage|p1a: Hatterene|0 fnt\n|faint|p1a: Hatterene\n|\n|upkeep\n|\n|t:|1700700117\n|switch|p1a: Conkeldurr|Conkeldurr, F|100\/100\n|turn|15\n|\n|t:|1700700121\n|move|p2a: Dragonite|Extreme Speed|p1a: Conkeldurr\n|-damage|p1a: Conkeldurr|32\/100\n|move|p1a: Conkeldurr|Ice Punch|p2a: Dragonite\n|-supereffective|p2a: Dragonite\n|-damage|p2a: Dragonite|0 fnt\n|faint|p2a: Dragonite\n|\n|-fieldend|move: Trick Room\n|-status|p1a: Conkeldurr|brn|[from] item: Flame Orb\n|upkeep\n|\n|t:|1700700128\n|switch|p2a: Hatterene|Hatterene, F|100\/100\n|turn|16\n|\n|t:|1700700131\n|move|p1a: Conkeldurr|Poison Jab|p2a: Hatterene\n|-supereffective|p2a: Hatterene\n|-damage|p2a: Hatterene|0 fnt\n|faint|p2a: Hatterene\n|\n|-damage|p1a: Conkeldurr|26\/100 brn|[from] brn\n|upkeep\n|\n|t:|1700700133\n|switch|p2a: Garganacl|Garganacl, F|86\/100\n|turn|17\n|\n|t:|1700700136\n|move|p1a: Conkeldurr|Drain Punch|p2a: Garganacl\n|-supereffective|p2a: Garganacl\n|-damage|p2a: Garganacl|0 fnt\n|-heal|p1a: Conkeldurr|68\/100 brn|[from] drain|[of] p2a: Garganacl\n|faint|p2a: Garganacl\n|\n|win|Nerdiestyt\n|raw|Nerdiestyt's rating: 1232 &rarr; <strong>1251<\/strong><br \/>(+19 for winning)\n|raw|Naudit's rating: 1148 &rarr; <strong>1129<\/strong><br \/>(-19 for losing)\n|l|\u2606Naudit\n|l|\u2606Nerdiestyt\n|j|\u2606Nerdiestyt\n|player|p1|Nerdiestyt|lucas\n","uploadtime":1700700179,"views":11,"p1id":"nerdiestyt","p2id":"naudit","formatid":"gen9ou","rating":1129,"private":0,"password":""}