{"id":"gen9ou-1996795961","p1":"socialist zombie","p2":"G0 easy I'm new","format":"[Gen 9] OU","log":"|j|\u2606socialist zombie\n|j|\u2606G0 easy I'm new\n|t:|1700726684\n|gametype|singles\n|player|p1|socialist zombie|gambler|1094\n|player|p2|G0 easy I'm new|preschooler|1040\n|teamsize|p1|6\n|teamsize|p2|6\n|gen|9\n|tier|[Gen 9] OU\n|rated|\n|rule|Sleep Clause Mod: Limit one foe put to sleep\n|rule|Species Clause: Limit one of each Pok\u00e9mon\n|rule|OHKO Clause: OHKO moves are banned\n|rule|Evasion Items Clause: Evasion items are banned\n|rule|Evasion Moves Clause: Evasion moves are banned\n|rule|Endless Battle Clause: Forcing endless battles is banned\n|rule|HP Percentage Mod: HP is shown in percentages\n|clearpoke\n|poke|p1|Politoed, F|\n|poke|p1|Greninja-*, F|\n|poke|p1|Dondozo, M|\n|poke|p1|Toxicroak, M|\n|poke|p1|Clodsire, M|\n|poke|p1|Quagsire, F|\n|poke|p2|Iron Moth|\n|poke|p2|Iron Valiant|\n|poke|p2|Kingambit, F|\n|poke|p2|Great Tusk|\n|poke|p2|Samurott-Hisui, M|\n|poke|p2|Enamorus, F|\n|teampreview\n|\n|t:|1700726703\n|start\n|switch|p1a: unload the toad|Toxicroak, M|100\/100\n|switch|p2a: Samurott|Samurott-Hisui, M|100\/100\n|turn|1\n|\n|t:|1700726712\n|switch|p2a: Great Tusk|Great Tusk|100\/100\n|-enditem|p2a: Great Tusk|Booster Energy\n|-activate|p2a: Great Tusk|ability: Protosynthesis|[fromitem]\n|-start|p2a: Great Tusk|protosynthesisspe\n|move|p1a: unload the toad|Bulk Up|p1a: unload the toad\n|-boost|p1a: unload the toad|atk|1\n|-boost|p1a: unload the toad|def|1\n|\n|upkeep\n|turn|2\n|\n|t:|1700726723\n|move|p2a: Great Tusk|Headlong Rush|p1a: unload the toad\n|-supereffective|p1a: unload the toad\n|-damage|p1a: unload the toad|9\/100\n|-unboost|p2a: Great Tusk|def|1\n|-unboost|p2a: Great Tusk|spd|1\n|move|p1a: unload the toad|Drain Punch|p2a: Great Tusk\n|-damage|p2a: Great Tusk|65\/100\n|-heal|p1a: unload the toad|30\/100|[from] drain|[of] p2a: Great Tusk\n|\n|-heal|p1a: unload the toad|36\/100|[from] item: Leftovers\n|upkeep\n|turn|3\n|\n|t:|1700726733\n|switch|p1a: unroll the tadpole|Quagsire, F|100\/100\n|move|p2a: Great Tusk|Headlong Rush|p1a: unroll the tadpole\n|-damage|p1a: unroll the tadpole|63\/100\n|-unboost|p2a: Great Tusk|def|1\n|-unboost|p2a: Great Tusk|spd|1\n|\n|-heal|p1a: unroll the tadpole|69\/100|[from] item: Leftovers\n|upkeep\n|turn|4\n|\n|t:|1700726747\n|move|p2a: Great Tusk|Headlong Rush|p1a: unroll the tadpole\n|-damage|p1a: unroll the tadpole|30\/100\n|-unboost|p2a: Great Tusk|def|1\n|-unboost|p2a: Great Tusk|spd|1\n|move|p1a: unroll the tadpole|Stealth Rock|p2a: Great Tusk\n|-sidestart|p2: G0 easy I'm new|move: Stealth Rock\n|\n|-heal|p1a: unroll the tadpole|37\/100|[from] item: Leftovers\n|upkeep\n|turn|5\n|\n|t:|1700726759\n|switch|p1a: unbench the kench|Dondozo, M|100\/100\n|move|p2a: Great Tusk|Headlong Rush|p1a: unbench the kench\n|-damage|p1a: unbench the kench|77\/100\n|-unboost|p2a: Great Tusk|def|1\n|-unboost|p2a: Great Tusk|spd|1\n|\n|upkeep\n|turn|6\n|\n|t:|1700726782\n|-end|p2a: Great Tusk|Protosynthesis|[silent]\n|switch|p2a: Iron Valiant|Iron Valiant|100\/100\n|-damage|p2a: Iron Valiant|94\/100|[from] Stealth Rock\n|-enditem|p2a: Iron Valiant|Booster Energy\n|-activate|p2a: Iron Valiant|ability: Quark Drive|[fromitem]\n|-start|p2a: Iron Valiant|quarkdrivespe\n|move|p1a: unbench the kench|Avalanche|p2a: Iron Valiant\n|-damage|p2a: Iron Valiant|75\/100\n|\n|upkeep\n|turn|7\n|\n|t:|1700726799\n|switch|p1a: unstick the lick|Clodsire, M|100\/100\n|move|p2a: Iron Valiant|Encore||[still]\n|-fail|p2a: Iron Valiant\n|\n|upkeep\n|turn|8\n|\n|t:|1700726811\n|move|p2a: Iron Valiant|Knock Off|p1a: unstick the lick\n|-damage|p1a: unstick the lick|64\/100\n|-enditem|p1a: unstick the lick|Leftovers|[from] move: Knock Off|[of] p2a: Iron Valiant\n|move|p1a: unstick the lick|Toxic|p2a: Iron Valiant\n|-status|p2a: Iron Valiant|tox\n|\n|-damage|p2a: Iron Valiant|69\/100 tox|[from] psn\n|upkeep\n|turn|9\n|\n|t:|1700726818\n|move|p2a: Iron Valiant|Encore|p1a: unstick the lick\n|-start|p1a: unstick the lick|Encore\n|move|p1a: unstick the lick|Toxic|p2a: Iron Valiant\n|-fail|p2a: Iron Valiant|tox\n|\n|-damage|p2a: Iron Valiant|57\/100 tox|[from] psn\n|upkeep\n|turn|10\n|\n|t:|1700726823\n|switch|p1a: permit the kermit|Politoed, F|100\/100\n|-weather|RainDance|[from] ability: Drizzle|[of] p1a: permit the kermit\n|move|p2a: Iron Valiant|Knock Off|p1a: permit the kermit\n|-damage|p1a: permit the kermit|60\/100\n|-enditem|p1a: permit the kermit|Damp Rock|[from] move: Knock Off|[of] p2a: Iron Valiant\n|\n|-weather|RainDance|[upkeep]\n|-damage|p2a: Iron Valiant|38\/100 tox|[from] psn\n|upkeep\n|turn|11\n|\n|t:|1700726829\n|switch|p1a: unstick the lick|Clodsire, M|64\/100\n|move|p2a: Iron Valiant|Close Combat|p1a: unstick the lick\n|-resisted|p1a: unstick the lick\n|-damage|p1a: unstick the lick|26\/100\n|-unboost|p2a: Iron Valiant|def|1\n|-unboost|p2a: Iron Valiant|spd|1\n|\n|-weather|RainDance|[upkeep]\n|-damage|p2a: Iron Valiant|13\/100 tox|[from] psn\n|upkeep\n|turn|12\n|\n|t:|1700726838\n|move|p2a: Iron Valiant|Close Combat|p1a: unstick the lick\n|-resisted|p1a: unstick the lick\n|-damage|p1a: unstick the lick|0 fnt\n|-unboost|p2a: Iron Valiant|def|1\n|-unboost|p2a: Iron Valiant|spd|1\n|faint|p1a: unstick the lick\n|\n|-weather|RainDance|[upkeep]\n|-damage|p2a: Iron Valiant|0 fnt|[from] psn\n|faint|p2a: Iron Valiant\n|-end|p2a: Iron Valiant|Quark Drive|[silent]\n|upkeep\n|\n|t:|1700726847\n|switch|p2a: Iron Moth|Iron Moth|100\/100\n|switch|p1a: unload the toad|Toxicroak, M|36\/100\n|-damage|p2a: Iron Moth|76\/100|[from] Stealth Rock\n|-enditem|p2a: Iron Moth|Booster Energy\n|-activate|p2a: Iron Moth|ability: Quark Drive|[fromitem]\n|-start|p2a: Iron Moth|quarkdrivespe\n|turn|13\n|\n|t:|1700726870\n|move|p2a: Iron Moth|Substitute|p2a: Iron Moth\n|-start|p2a: Iron Moth|Substitute\n|-damage|p2a: Iron Moth|51\/100\n|move|p1a: unload the toad|Drain Punch|p2a: Iron Moth\n|-resisted|p2a: Iron Moth\n|-activate|p2a: Iron Moth|move: Substitute|[damage]\n|-heal|p1a: unload the toad|44\/100|[from] drain|[of] p2a: Iron Moth\n|\n|-weather|RainDance|[upkeep]\n|-heal|p1a: unload the toad|56\/100|[from] ability: Dry Skin\n|-heal|p1a: unload the toad|63\/100|[from] item: Leftovers\n|upkeep\n|turn|14\n|\n|t:|1700726878\n|move|p2a: Iron Moth|Fiery Dance|p1a: unload the toad\n|-damage|p1a: unload the toad|39\/100\n|-boost|p2a: Iron Moth|spa|1\n|move|p1a: unload the toad|Drain Punch|p2a: Iron Moth\n|-resisted|p2a: Iron Moth\n|-end|p2a: Iron Moth|Substitute\n|-heal|p1a: unload the toad|42\/100|[from] drain|[of] p2a: Iron Moth\n|\n|-weather|RainDance|[upkeep]\n|-heal|p1a: unload the toad|54\/100|[from] ability: Dry Skin\n|-heal|p1a: unload the toad|60\/100|[from] item: Leftovers\n|upkeep\n|turn|15\n|\n|t:|1700726898\n|move|p2a: Iron Moth|Fiery Dance|p1a: unload the toad\n|-damage|p1a: unload the toad|27\/100\n|move|p1a: unload the toad|Substitute|p1a: unload the toad\n|-start|p1a: unload the toad|Substitute\n|-damage|p1a: unload the toad|2\/100\n|\n|-weather|RainDance|[upkeep]\n|-heal|p1a: unload the toad|15\/100|[from] ability: Dry Skin\n|-heal|p1a: unload the toad|21\/100|[from] item: Leftovers\n|upkeep\n|turn|16\n|\n|t:|1700726904\n|move|p2a: Iron Moth|Fiery Dance|p1a: unload the toad\n|-end|p1a: unload the toad|Substitute\n|move|p1a: unload the toad|Drain Punch|p2a: Iron Moth\n|-resisted|p2a: Iron Moth\n|-damage|p2a: Iron Moth|32\/100\n|-heal|p1a: unload the toad|29\/100|[from] drain|[of] p2a: Iron Moth\n|\n|-weather|RainDance|[upkeep]\n|-heal|p1a: unload the toad|41\/100|[from] ability: Dry Skin\n|-heal|p1a: unload the toad|47\/100|[from] item: Leftovers\n|upkeep\n|turn|17\n|\n|t:|1700726915\n|move|p2a: Iron Moth|Substitute|p2a: Iron Moth\n|-start|p2a: Iron Moth|Substitute\n|-damage|p2a: Iron Moth|7\/100\n|move|p1a: unload the toad|Drain Punch|p2a: Iron Moth\n|-resisted|p2a: Iron Moth\n|-activate|p2a: Iron Moth|move: Substitute|[damage]\n|-heal|p1a: unload the toad|55\/100|[from] drain|[of] p2a: Iron Moth\n|\n|-weather|none\n|-heal|p1a: unload the toad|61\/100|[from] item: Leftovers\n|upkeep\n|turn|18\n|\n|t:|1700726920\n|move|p2a: Iron Moth|Fiery Dance|p1a: unload the toad\n|-damage|p1a: unload the toad|0 fnt\n|-boost|p2a: Iron Moth|spa|1\n|faint|p1a: unload the toad\n|\n|upkeep\n|\n|t:|1700726929\n|switch|p1a: unclog the frog|Greninja, F|100\/100\n|turn|19\n|\n|t:|1700726936\n|-terastallize|p2a: Iron Moth|Water\n|move|p2a: Iron Moth|Sludge Wave|p1a: unclog the frog\n|-damage|p1a: unclog the frog|0 fnt\n|faint|p1a: unclog the frog\n|\n|upkeep\n|-message|socialist zombie forfeited.\n|\n|win|G0 easy I'm new\n|raw|socialist zombie's rating: 1094 &rarr; <strong>1066<\/strong><br \/>(-28 for losing)\n|raw|G0 easy I&apos;m new's rating: 1040 &rarr; <strong>1079<\/strong><br \/>(+39 for winning)\n","uploadtime":1700726959,"views":6,"p1id":"socialistzombie","p2id":"g0easyimnew","formatid":"gen9ou","rating":1066,"private":0,"password":""}