{"id":"gen9ou-1990733092","p1":"BizarreSlime","p2":"Psyc0x","format":"[Gen 9] OU","log":"|j|\u2606BizarreSlime\n|j|\u2606Psyc0x\n|t:|1699995768\n|gametype|singles\n|player|p1|BizarreSlime|archer|1332\n|player|p2|Psyc0x|doubleteam|1377\n|teamsize|p1|6\n|teamsize|p2|6\n|gen|9\n|tier|[Gen 9] OU\n|rated|\n|rule|Sleep Clause Mod: Limit one foe put to sleep\n|rule|Species Clause: Limit one of each Pok\u00e9mon\n|rule|OHKO Clause: OHKO moves are banned\n|rule|Evasion Items Clause: Evasion items are banned\n|rule|Evasion Moves Clause: Evasion moves are banned\n|rule|Endless Battle Clause: Forcing endless battles is banned\n|rule|HP Percentage Mod: HP is shown in percentages\n|clearpoke\n|poke|p1|Clefable, F|\n|poke|p1|Garchomp, F|\n|poke|p1|Azelf|\n|poke|p1|Landorus-Therian, M|\n|poke|p1|Heatran, M|\n|poke|p1|Iron Valiant|\n|poke|p2|Kingambit, M|\n|poke|p2|Great Tusk|\n|poke|p2|Dragapult, F|\n|poke|p2|Ogerpon-Wellspring, F|\n|poke|p2|Blissey, F|\n|poke|p2|Zapdos|\n|teampreview\n|\n|t:|1699995785\n|start\n|switch|p1a: Azelf|Azelf|100\/100\n|switch|p2a: Dragapult|Dragapult, F|100\/100\n|turn|1\n|\n|t:|1699995794\n|move|p2a: Dragapult|Shadow Ball|p1a: Azelf\n|-supereffective|p1a: Azelf\n|-enditem|p1a: Azelf|Focus Sash\n|-damage|p1a: Azelf|1\/100\n|move|p1a: Azelf|Stealth Rock|p2a: Dragapult\n|-sidestart|p2: Psyc0x|move: Stealth Rock\n|\n|upkeep\n|turn|2\n|\n|t:|1699995809\n|move|p2a: Dragapult|Shadow Ball|p1a: Azelf\n|-supereffective|p1a: Azelf\n|-damage|p1a: Azelf|0 fnt\n|faint|p1a: Azelf\n|\n|upkeep\n|\n|t:|1699995825\n|switch|p1a: Iron Valiant|Iron Valiant|100\/100\n|turn|3\n|inactive|Battle timer is ON: inactive players will automatically lose when time's up. (requested by Psyc0x)\n|\n|t:|1699995853\n|-terastallize|p2a: Dragapult|Ghost\n|move|p2a: Dragapult|Shadow Ball|p1a: Iron Valiant\n|-damage|p1a: Iron Valiant|0 fnt\n|faint|p1a: Iron Valiant\n|-end|p1a: Iron Valiant|Quark Drive|[silent]\n|\n|upkeep\n|\n|t:|1699995859\n|switch|p1a: Clefable|Clefable, F|100\/100\n|turn|4\n|\n|t:|1699995862\n|move|p2a: Dragapult|Shadow Ball|p1a: Clefable\n|-damage|p1a: Clefable|30\/100\n|-unboost|p1a: Clefable|spd|1\n|move|p1a: Clefable|Moonblast|p2a: Dragapult\n|-damage|p2a: Dragapult|41\/100\n|\n|upkeep\n|turn|5\n|\n|t:|1699995868\n|move|p2a: Dragapult|Shadow Ball|p1a: Clefable\n|-damage|p1a: Clefable|0 fnt\n|faint|p1a: Clefable\n|\n|upkeep\n|\n|t:|1699995870\n|switch|p1a: Landorus|Landorus-Therian, M|100\/100\n|-ability|p1a: Landorus|Intimidate|boost\n|-unboost|p2a: Dragapult|atk|1\n|turn|6\n|\n|t:|1699995878\n|switch|p2a: Zapdos|Zapdos|100\/100\n|move|p1a: Landorus|Stone Edge|p2a: Zapdos\n|-supereffective|p2a: Zapdos\n|-damage|p2a: Zapdos|40\/100\n|\n|upkeep\n|turn|7\n|\n|t:|1699995905\n|move|p1a: Landorus|Stone Edge|p2a: Zapdos\n|-supereffective|p2a: Zapdos\n|-damage|p2a: Zapdos|0 fnt\n|faint|p2a: Zapdos\n|\n|upkeep\n|\n|t:|1699995909\n|switch|p2a: Great Tusk|Great Tusk|100\/100\n|-damage|p2a: Great Tusk|98\/100|[from] Stealth Rock\n|turn|8\n|\n|t:|1699995914\n|switch|p1a: Heatran|Heatran, M, shiny|100\/100\n|-item|p1a: Heatran|Air Balloon\n|move|p2a: Great Tusk|Bulk Up|p2a: Great Tusk\n|-boost|p2a: Great Tusk|atk|1\n|-boost|p2a: Great Tusk|def|1\n|\n|-heal|p2a: Great Tusk|100\/100|[from] item: Leftovers\n|upkeep\n|turn|9\n|\n|t:|1699995923\n|move|p2a: Great Tusk|Rapid Spin|p1a: Heatran\n|-resisted|p1a: Heatran\n|-damage|p1a: Heatran|91\/100\n|-boost|p2a: Great Tusk|spe|1\n|-enditem|p1a: Heatran|Air Balloon\n|-sideend|p2: Psyc0x|Stealth Rock|[from] move: Rapid Spin|[of] p2a: Great Tusk\n|move|p1a: Heatran|Magma Storm|p2a: Great Tusk\n|-damage|p2a: Great Tusk|30\/100\n|-activate|p2a: Great Tusk|move: Magma Storm|[of] p1a: Heatran\n|\n|-heal|p2a: Great Tusk|36\/100|[from] item: Leftovers\n|-damage|p2a: Great Tusk|24\/100|[from] move: Magma Storm|[partiallytrapped]\n|upkeep\n|turn|10\n|\n|t:|1699995934\n|switch|p1a: Landorus|Landorus-Therian, M|100\/100\n|-ability|p1a: Landorus|Intimidate|boost\n|-unboost|p2a: Great Tusk|atk|1\n|move|p2a: Great Tusk|Earthquake|p1a: Landorus\n|-immune|p1a: Landorus\n|\n|-heal|p2a: Great Tusk|30\/100|[from] item: Leftovers\n|-end|p2a: Great Tusk|Magma Storm|[partiallytrapped]|[silent]\n|upkeep\n|turn|11\n|\n|t:|1699995945\n|move|p1a: Landorus|Earthquake|p2a: Great Tusk\n|-damage|p2a: Great Tusk|6\/100\n|move|p2a: Great Tusk|Knock Off|p1a: Landorus\n|-damage|p1a: Landorus|68\/100\n|-enditem|p1a: Landorus|Choice Scarf|[from] move: Knock Off|[of] p2a: Great Tusk\n|\n|-heal|p2a: Great Tusk|12\/100|[from] item: Leftovers\n|upkeep\n|turn|12\n|\n|t:|1699995960\n|move|p2a: Great Tusk|Knock Off|p1a: Landorus\n|-damage|p1a: Landorus|45\/100\n|move|p1a: Landorus|Earthquake|p2a: Great Tusk\n|-damage|p2a: Great Tusk|0 fnt\n|faint|p2a: Great Tusk\n|-end|p2a: Great Tusk|Protosynthesis|[silent]\n|\n|upkeep\n|\n|t:|1699995966\n|switch|p2a: Dragapult|Dragapult, F, tera:Ghost|41\/100\n|turn|13\n|\n|t:|1699995971\n|move|p2a: Dragapult|Shadow Ball|p1a: Landorus\n|-damage|p1a: Landorus|0 fnt\n|faint|p1a: Landorus\n|\n|upkeep\n|\n|t:|1699995973\n|switch|p1a: Garchomp|Garchomp, F|100\/100\n|turn|14\n|\n|t:|1699995978\n|move|p2a: Dragapult|Shadow Ball|p1a: Garchomp\n|-damage|p1a: Garchomp|28\/100\n|move|p1a: Garchomp|Scale Shot|p2a: Dragapult\n|-damage|p2a: Dragapult|23\/100\n|-damage|p2a: Dragapult|5\/100\n|-damage|p2a: Dragapult|0 fnt\n|faint|p2a: Dragapult\n|-hitcount|p2: Dragapult|3\n|-unboost|p1a: Garchomp|def|1\n|-boost|p1a: Garchomp|spe|1\n|\n|upkeep\n|\n|t:|1699995988\n|switch|p2a: Ogerpon|Ogerpon-Wellspring, F|100\/100\n|turn|15\n|\n|t:|1699995996\n|move|p1a: Garchomp|Scale Shot|p2a: Ogerpon\n|-damage|p2a: Ogerpon|84\/100\n|-damage|p2a: Ogerpon|66\/100\n|-damage|p2a: Ogerpon|48\/100\n|-damage|p2a: Ogerpon|31\/100\n|-hitcount|p2a: Ogerpon|4\n|-unboost|p1a: Garchomp|def|1\n|-boost|p1a: Garchomp|spe|1\n|move|p2a: Ogerpon|Ivy Cudgel|p1a: Garchomp|[anim] Ivy Cudgel Water\n|-damage|p1a: Garchomp|0 fnt\n|faint|p1a: Garchomp\n|\n|upkeep\n|\n|t:|1699996003\n|switch|p1a: Heatran|Heatran, M, shiny|91\/100\n|turn|16\n|\n|t:|1699996010\n|-terastallize|p1a: Heatran|Flying\n|move|p2a: Ogerpon|Ivy Cudgel|p1a: Heatran|[anim] Ivy Cudgel Water\n|-damage|p1a: Heatran|41\/100\n|move|p1a: Heatran|Magma Storm|p2a: Ogerpon|[miss]\n|-miss|p1a: Heatran|p2a: Ogerpon\n|\n|upkeep\n|turn|17\n|-message|BizarreSlime forfeited.\n|\n|win|Psyc0x\n|raw|BizarreSlime's rating: 1332 &rarr; <strong>1315<\/strong><br \/>(-17 for losing)\n|raw|Psyc0x's rating: 1377 &rarr; <strong>1394<\/strong><br \/>(+17 for winning)\n|l|\u2606BizarreSlime\n","uploadtime":1699996024,"views":18,"p1id":"bizarreslime","p2id":"psyc0x","formatid":"gen9ou","rating":1315,"private":0,"password":""}