{"id":"gen9ou-1992553901","p1":"ekansnsns","p2":"AkiDes","format":"[Gen 9] OU","log":"|j|\u2606ekansnsns\n|j|\u2606AkiDes\n|t:|1700204689\n|gametype|singles\n|player|p1|ekansnsns|1|1110\n|player|p2|AkiDes|volkner|1164\n|teamsize|p1|6\n|teamsize|p2|6\n|gen|9\n|tier|[Gen 9] OU\n|rated|\n|rule|Sleep Clause Mod: Limit one foe put to sleep\n|rule|Species Clause: Limit one of each Pok\u00e9mon\n|rule|OHKO Clause: OHKO moves are banned\n|rule|Evasion Items Clause: Evasion items are banned\n|rule|Evasion Moves Clause: Evasion moves are banned\n|rule|Endless Battle Clause: Forcing endless battles is banned\n|rule|HP Percentage Mod: HP is shown in percentages\n|clearpoke\n|poke|p1|Cresselia, F|\n|poke|p1|Arcanine-Hisui, F|\n|poke|p1|Toxapex, F|\n|poke|p1|Sylveon, F|\n|poke|p1|Garganacl, F|\n|poke|p1|Lokix, M|\n|poke|p2|Greninja-*, M|\n|poke|p2|Dragonite, M|\n|poke|p2|Cinderace, M|\n|poke|p2|Mandibuzz, F|\n|poke|p2|Jolteon, F|\n|poke|p2|Gengar, M|\n|teampreview\n|inactive|Battle timer is ON: inactive players will automatically lose when time's up. (requested by ekansnsns)\n|\n|t:|1700204700\n|start\n|switch|p1a: Arcanine|Arcanine-Hisui, F|100\/100\n|switch|p2a: Jolteon|Jolteon, F|100\/100\n|turn|1\n|\n|t:|1700204710\n|move|p1a: Arcanine|Flare Blitz|p2a: Jolteon\n|-damage|p2a: Jolteon|0 fnt\n|faint|p2a: Jolteon\n|\n|upkeep\n|\n|t:|1700204717\n|switch|p2a: Cinderace|Cinderace, M|100\/100\n|turn|2\n|\n|t:|1700204723\n|move|p1a: Arcanine|Flare Blitz|p2a: Cinderace\n|-resisted|p2a: Cinderace\n|-damage|p2a: Cinderace|57\/100\n|move|p2a: Cinderace|U-turn|p1a: Arcanine\n|-start|p2a: Cinderace|typechange|Bug|[from] ability: Libero\n|-resisted|p1a: Arcanine\n|-damage|p1a: Arcanine|79\/100\n|\n|t:|1700204729\n|switch|p2a: Greninja|Greninja, M, shiny|100\/100|[from] U-turn\n|\n|upkeep\n|turn|3\n|\n|t:|1700204731\n|move|p2a: Greninja|Hydro Pump|p1a: Arcanine\n|-start|p2a: Greninja|typechange|Water|[from] ability: Protean\n|-supereffective|p1a: Arcanine\n|-damage|p1a: Arcanine|0 fnt\n|faint|p1a: Arcanine\n|\n|upkeep\n|\n|t:|1700204749\n|switch|p1a: Sylveon|Sylveon, F|100\/100\n|turn|4\n|\n|t:|1700204753\n|switch|p2a: Cinderace|Cinderace, M|57\/100\n|move|p1a: Sylveon|Calm Mind|p1a: Sylveon\n|-boost|p1a: Sylveon|spa|1\n|-boost|p1a: Sylveon|spd|1\n|\n|upkeep\n|turn|5\n|\n|t:|1700204760\n|move|p2a: Cinderace|Pyro Ball|p1a: Sylveon\n|-damage|p1a: Sylveon|51\/100\n|move|p1a: Sylveon|Hyper Voice|p2a: Cinderace\n|-resisted|p2a: Cinderace\n|-damage|p2a: Cinderace|28\/100\n|\n|upkeep\n|turn|6\n|\n|t:|1700204784\n|move|p2a: Cinderace|Pyro Ball|p1a: Sylveon\n|-damage|p1a: Sylveon|8\/100\n|move|p1a: Sylveon|Wish|p1a: Sylveon\n|\n|upkeep\n|turn|7\n|\n|t:|1700204797\n|move|p1a: Sylveon|Protect|p1a: Sylveon\n|-singleturn|p1a: Sylveon|Protect\n|move|p2a: Cinderace|U-turn|p1a: Sylveon\n|-start|p2a: Cinderace|typechange|Bug|[from] ability: Libero\n|-activate|p1a: Sylveon|move: Protect\n|\n|-heal|p1a: Sylveon|58\/100|[from] move: Wish|[wisher] Sylveon\n|upkeep\n|turn|8\n|\n|t:|1700204810\n|move|p2a: Cinderace|Pyro Ball|p1a: Sylveon\n|-damage|p1a: Sylveon|29\/100\n|move|p1a: Sylveon|Hyper Voice|p2a: Cinderace\n|-damage|p2a: Cinderace|0 fnt\n|faint|p2a: Cinderace\n|\n|upkeep\n|\n|t:|1700204819\n|switch|p2a: Dragonite|Dragonite, M|100\/100\n|turn|9\n|\n|t:|1700204829\n|-terastallize|p2a: Dragonite|Normal\n|-terastallize|p1a: Sylveon|Steel\n|move|p2a: Dragonite|Dragon Dance|p2a: Dragonite\n|-boost|p2a: Dragonite|atk|1\n|-boost|p2a: Dragonite|spe|1\n|move|p1a: Sylveon|Wish|p1a: Sylveon\n|\n|upkeep\n|turn|10\n|\n|t:|1700204838\n|move|p1a: Sylveon|Protect|p1a: Sylveon\n|-singleturn|p1a: Sylveon|Protect\n|move|p2a: Dragonite|Dragon Dance|p2a: Dragonite\n|-boost|p2a: Dragonite|atk|1\n|-boost|p2a: Dragonite|spe|1\n|\n|-heal|p1a: Sylveon|79\/100|[from] move: Wish|[wisher] Sylveon\n|upkeep\n|turn|11\n|\n|t:|1700204841\n|move|p2a: Dragonite|Earthquake|p1a: Sylveon\n|-supereffective|p1a: Sylveon\n|-damage|p1a: Sylveon|0 fnt\n|faint|p1a: Sylveon\n|\n|upkeep\n|\n|t:|1700204867\n|switch|p1a: Lokix|Lokix, M|100\/100\n|turn|12\n|\n|t:|1700204870\n|move|p2a: Dragonite|Extreme Speed|p1a: Lokix\n|-damage|p1a: Lokix|0 fnt\n|faint|p1a: Lokix\n|\n|upkeep\n|\n|t:|1700204877\n|switch|p1a: Toxapex|Toxapex, F|100\/100\n|turn|13\n|\n|t:|1700204880\n|move|p1a: Toxapex|Baneful Bunker|p1a: Toxapex\n|-singleturn|p1a: Toxapex|move: Protect\n|move|p2a: Dragonite|Earthquake|p1a: Toxapex\n|-activate|p1a: Toxapex|move: Protect\n|\n|upkeep\n|turn|14\n|\n|t:|1700204888\n|move|p2a: Dragonite|Earthquake|p1a: Toxapex\n|-supereffective|p1a: Toxapex\n|-damage|p1a: Toxapex|0 fnt\n|faint|p1a: Toxapex\n|\n|upkeep\n|\n|t:|1700204892\n|switch|p1a: Garganacl|Garganacl, F|100\/100\n|turn|15\n|\n|t:|1700204896\n|move|p2a: Dragonite|Earthquake|p1a: Garganacl\n|-supereffective|p1a: Garganacl\n|-damage|p1a: Garganacl|28\/100\n|move|p1a: Garganacl|Salt Cure|p2a: Dragonite\n|-damage|p2a: Dragonite|94\/100\n|-start|p2a: Dragonite|Salt Cure\n|\n|-heal|p1a: Garganacl|34\/100|[from] item: Leftovers\n|-damage|p2a: Dragonite|81\/100|[from] Salt Cure\n|upkeep\n|turn|16\n|\n|t:|1700204903\n|move|p2a: Dragonite|Earthquake|p1a: Garganacl\n|-supereffective|p1a: Garganacl\n|-damage|p1a: Garganacl|0 fnt\n|faint|p1a: Garganacl\n|\n|-damage|p2a: Dragonite|69\/100|[from] Salt Cure\n|upkeep\n|\n|t:|1700204905\n|switch|p1a: Cresselia|Cresselia, F|100\/100\n|turn|17\n|\n|t:|1700204911\n|move|p2a: Dragonite|Extreme Speed|p1a: Cresselia\n|-damage|p1a: Cresselia|49\/100\n|move|p1a: Cresselia|Thunder Wave|p2a: Dragonite\n|-status|p2a: Dragonite|par\n|\n|-heal|p1a: Cresselia|55\/100|[from] item: Leftovers\n|-damage|p2a: Dragonite|57\/100 par|[from] Salt Cure\n|upkeep\n|turn|18\n|\n|t:|1700204920\n|cant|p2a: Dragonite|par\n|move|p1a: Cresselia|Moonlight|p1a: Cresselia\n|-heal|p1a: Cresselia|100\/100\n|\n|-damage|p2a: Dragonite|44\/100 par|[from] Salt Cure\n|upkeep\n|turn|19\n|\n|t:|1700204931\n|move|p2a: Dragonite|Dragon Dance|p2a: Dragonite\n|-boost|p2a: Dragonite|atk|1\n|-boost|p2a: Dragonite|spe|1\n|move|p1a: Cresselia|Moonlight|p1a: Cresselia\n|-fail|p1a: Cresselia|heal\n|\n|-damage|p2a: Dragonite|32\/100 par|[from] Salt Cure\n|upkeep\n|turn|20\n|\n|t:|1700204940\n|cant|p2a: Dragonite|par\n|move|p1a: Cresselia|Moonlight|p1a: Cresselia\n|-fail|p1a: Cresselia|heal\n|\n|-damage|p2a: Dragonite|19\/100 par|[from] Salt Cure\n|upkeep\n|turn|21\n|\n|t:|1700204946\n|move|p2a: Dragonite|Extreme Speed|p1a: Cresselia\n|-damage|p1a: Cresselia|40\/100\n|move|p1a: Cresselia|Moonlight|p1a: Cresselia\n|-heal|p1a: Cresselia|90\/100\n|\n|-heal|p1a: Cresselia|96\/100|[from] item: Leftovers\n|-damage|p2a: Dragonite|7\/100 par|[from] Salt Cure\n|upkeep\n|turn|22\n|\n|t:|1700204956\n|move|p2a: Dragonite|Extreme Speed|p1a: Cresselia\n|-damage|p1a: Cresselia|37\/100\n|move|p1a: Cresselia|Moonlight|p1a: Cresselia\n|-heal|p1a: Cresselia|87\/100\n|\n|-heal|p1a: Cresselia|93\/100|[from] item: Leftovers\n|-damage|p2a: Dragonite|0 fnt|[from] Salt Cure\n|faint|p2a: Dragonite\n|upkeep\n|\n|t:|1700204963\n|switch|p2a: Gengar|Gengar, M|100\/100\n|turn|23\n|\n|t:|1700204968\n|move|p2a: Gengar|Substitute|p2a: Gengar\n|-start|p2a: Gengar|Substitute\n|-damage|p2a: Gengar|76\/100\n|move|p1a: Cresselia|Thunder Wave||[still]\n|-fail|p1a: Cresselia\n|\n|-heal|p2a: Gengar|82\/100|[from] item: Leftovers\n|-heal|p1a: Cresselia|99\/100|[from] item: Leftovers\n|upkeep\n|turn|24\n|\n|t:|1700204972\n|move|p2a: Gengar|Shadow Ball|p1a: Cresselia\n|-supereffective|p1a: Cresselia\n|-damage|p1a: Cresselia|46\/100\n|-unboost|p1a: Cresselia|spd|1\n|move|p1a: Cresselia|Moonblast|p2a: Gengar\n|-resisted|p2a: Gengar\n|-activate|p2a: Gengar|move: Substitute|[damage]\n|\n|-heal|p2a: Gengar|88\/100|[from] item: Leftovers\n|-heal|p1a: Cresselia|52\/100|[from] item: Leftovers\n|upkeep\n|turn|25\n|-message|ekansnsns forfeited.\n|\n|win|AkiDes\n|raw|ekansnsns's rating: 1110 &rarr; <strong>1089<\/strong><br \/>(-21 for losing)\n|raw|AkiDes's rating: 1164 &rarr; <strong>1185<\/strong><br \/>(+21 for winning)\n|l|\u2606ekansnsns\n","uploadtime":1700204982,"views":7,"p1id":"ekansnsns","p2id":"akides","formatid":"gen9ou","rating":1089,"private":0,"password":""}