{"id":"gen9ou-1994550804","p1":"superiax","p2":"insurance scammer","format":"[Gen 9] OU","log":"|j|\u2606superiax\n|j|\u2606insurance scammer\n|t:|1700458378\n|gametype|singles\n|player|p1|superiax|whitney|1172\n|player|p2|insurance scammer|swimmer|1140\n|teamsize|p1|6\n|teamsize|p2|6\n|gen|9\n|tier|[Gen 9] OU\n|rated|\n|rule|Sleep Clause Mod: Limit one foe put to sleep\n|rule|Species Clause: Limit one of each Pok\u00e9mon\n|rule|OHKO Clause: OHKO moves are banned\n|rule|Evasion Items Clause: Evasion items are banned\n|rule|Evasion Moves Clause: Evasion moves are banned\n|rule|Endless Battle Clause: Forcing endless battles is banned\n|rule|HP Percentage Mod: HP is shown in percentages\n|clearpoke\n|poke|p1|Kingambit, M|\n|poke|p1|Ninetales-Alola, F|\n|poke|p1|Iron Moth|\n|poke|p1|Cinderace, M|\n|poke|p1|Gholdengo|\n|poke|p1|Ogerpon-Wellspring, F|\n|poke|p2|Weezing-Galar, M|\n|poke|p2|Dragonite, F|\n|poke|p2|Skeledirge, M|\n|poke|p2|Clodsire, F|\n|poke|p2|Milotic, M|\n|poke|p2|Corviknight, M|\n|teampreview\n|inactive|Battle timer is ON: inactive players will automatically lose when time's up. (requested by insurance scammer)\n|\n|t:|1700458399\n|start\n|switch|p1a: Captain Cold|Ninetales-Alola, F, shiny|100\/100\n|switch|p2a: Weezing|Weezing-Galar, M|100\/100\n|-ability|p2a: Weezing|Neutralizing Gas\n|turn|1\n|\n|t:|1700458406\n|move|p1a: Captain Cold|Aurora Veil||[still]\n|-fail|p1a: Captain Cold\n|move|p2a: Weezing|Sludge Bomb|p1a: Captain Cold\n|-supereffective|p1a: Captain Cold\n|-damage|p1a: Captain Cold|50\/100\n|\n|upkeep\n|turn|2\n|\n|t:|1700458419\n|switch|p1a: Golden Glider|Gholdengo|100\/100\n|move|p2a: Weezing|Will-O-Wisp|p1a: Golden Glider\n|-status|p1a: Golden Glider|brn\n|\n|-damage|p1a: Golden Glider|94\/100 brn|[from] brn\n|upkeep\n|turn|3\n|\n|t:|1700458435\n|-end|p2a: Weezing|ability: Neutralizing Gas\n|switch|p2a: Clodsire|Clodsire, F|100\/100\n|move|p1a: Golden Glider|Make It Rain|p2a: Clodsire\n|-damage|p2a: Clodsire|74\/100\n|-unboost|p1a: Golden Glider|spa|1\n|\n|-heal|p2a: Clodsire|80\/100|[from] item: Leftovers\n|-damage|p1a: Golden Glider|88\/100 brn|[from] brn\n|upkeep\n|turn|4\n|\n|t:|1700458457\n|move|p1a: Golden Glider|Nasty Plot|p1a: Golden Glider\n|-boost|p1a: Golden Glider|spa|2\n|move|p2a: Clodsire|Stealth Rock|p1a: Golden Glider\n|-sidestart|p1: superiax|move: Stealth Rock\n|\n|-heal|p2a: Clodsire|86\/100|[from] item: Leftovers\n|-damage|p1a: Golden Glider|82\/100 brn|[from] brn\n|upkeep\n|turn|5\n|\n|t:|1700458465\n|move|p1a: Golden Glider|Nasty Plot|p1a: Golden Glider\n|-boost|p1a: Golden Glider|spa|2\n|move|p2a: Clodsire|Earthquake|p1a: Golden Glider\n|-supereffective|p1a: Golden Glider\n|-damage|p1a: Golden Glider|44\/100 brn\n|\n|-heal|p2a: Clodsire|92\/100|[from] item: Leftovers\n|-damage|p1a: Golden Glider|38\/100 brn|[from] brn\n|upkeep\n|turn|6\n|\n|t:|1700458474\n|move|p1a: Golden Glider|Recover|p1a: Golden Glider\n|-heal|p1a: Golden Glider|88\/100 brn\n|move|p2a: Clodsire|Earthquake|p1a: Golden Glider\n|-supereffective|p1a: Golden Glider\n|-damage|p1a: Golden Glider|48\/100 brn\n|\n|-heal|p2a: Clodsire|98\/100|[from] item: Leftovers\n|-damage|p1a: Golden Glider|42\/100 brn|[from] brn\n|upkeep\n|turn|7\n|\n|t:|1700458483\n|move|p1a: Golden Glider|Shadow Ball|p2a: Clodsire\n|-damage|p2a: Clodsire|80\/100\n|move|p2a: Clodsire|Stealth Rock||[still]\n|-fail|p2a: Clodsire\n|\n|-heal|p2a: Clodsire|86\/100|[from] item: Leftovers\n|-damage|p1a: Golden Glider|36\/100 brn|[from] brn\n|upkeep\n|turn|8\n|\n|t:|1700458494\n|switch|p1a: Captain Cold|Ninetales-Alola, F, shiny|50\/100\n|-damage|p1a: Captain Cold|25\/100|[from] Stealth Rock\n|-weather|Snow|[from] ability: Snow Warning|[of] p1a: Captain Cold\n|move|p2a: Clodsire|Earthquake|p1a: Captain Cold\n|-damage|p1a: Captain Cold|3\/100\n|\n|-weather|Snow|[upkeep]\n|-heal|p2a: Clodsire|92\/100|[from] item: Leftovers\n|upkeep\n|turn|9\n|\n|t:|1700458503\n|move|p1a: Captain Cold|Aurora Veil|p1a: Captain Cold\n|-sidestart|p1: superiax|move: Aurora Veil\n|move|p2a: Clodsire|Earthquake|p1a: Captain Cold\n|-damage|p1a: Captain Cold|0 fnt\n|faint|p1a: Captain Cold\n|\n|-weather|Snow|[upkeep]\n|-heal|p2a: Clodsire|98\/100|[from] item: Leftovers\n|upkeep\n|\n|t:|1700458510\n|switch|p1a: Weather Wizard|Ogerpon-Wellspring, F|100\/100\n|-damage|p1a: Weather Wizard|88\/100|[from] Stealth Rock\n|turn|10\n|\n|t:|1700458520\n|move|p1a: Weather Wizard|Substitute|p1a: Weather Wizard\n|-start|p1a: Weather Wizard|Substitute\n|-damage|p1a: Weather Wizard|63\/100\n|move|p2a: Clodsire|Toxic||[still]\n|-fail|p2a: Clodsire\n|\n|-weather|Snow|[upkeep]\n|-heal|p2a: Clodsire|100\/100|[from] item: Leftovers\n|upkeep\n|turn|11\n|\n|t:|1700458533\n|switch|p2a: Corviknight|Corviknight, M|100\/100\n|-ability|p2a: Corviknight|Pressure\n|move|p1a: Weather Wizard|Swords Dance|p1a: Weather Wizard\n|-boost|p1a: Weather Wizard|atk|2\n|\n|-weather|Snow|[upkeep]\n|upkeep\n|turn|12\n|\n|t:|1700458543\n|move|p1a: Weather Wizard|Swords Dance|p1a: Weather Wizard\n|-boost|p1a: Weather Wizard|atk|2\n|move|p2a: Corviknight|Brave Bird|p1a: Weather Wizard\n|-supereffective|p1a: Weather Wizard\n|-end|p1a: Weather Wizard|Substitute\n|-damage|p2a: Corviknight|94\/100|[from] Recoil|[of] p1a: Weather Wizard\n|\n|-weather|none\n|-heal|p2a: Corviknight|99\/100|[from] item: Leftovers\n|upkeep\n|turn|13\n|\n|t:|1700458552\n|move|p1a: Weather Wizard|Ivy Cudgel|p2a: Corviknight|[anim] Ivy Cudgel Water\n|-damage|p2a: Corviknight|0 fnt\n|faint|p2a: Corviknight\n|\n|upkeep\n|\n|t:|1700458578\n|switch|p2a: Dragonite|Dragonite, F|100\/100\n|turn|14\n|\n|t:|1700458589\n|move|p1a: Weather Wizard|Ivy Cudgel|p2a: Dragonite|[anim] Ivy Cudgel Water\n|-resisted|p2a: Dragonite\n|-damage|p2a: Dragonite|48\/100\n|move|p2a: Dragonite|Outrage|p1a: Weather Wizard\n|-damage|p1a: Weather Wizard|0 fnt\n|faint|p1a: Weather Wizard\n|\n|upkeep\n|\n|t:|1700458605\n|switch|p1a: Golden Glider|Gholdengo|36\/100 brn\n|-damage|p1a: Golden Glider|30\/100 brn|[from] Stealth Rock\n|turn|15\n|\n|t:|1700458614\n|move|p2a: Dragonite|Outrage|p1a: Golden Glider|[from]lockedmove\n|-resisted|p1a: Golden Glider\n|-damage|p1a: Golden Glider|13\/100 brn\n|move|p1a: Golden Glider|Recover|p1a: Golden Glider\n|-heal|p1a: Golden Glider|63\/100 brn\n|\n|-damage|p1a: Golden Glider|57\/100 brn|[from] brn\n|upkeep\n|turn|16\n|\n|t:|1700458622\n|move|p2a: Dragonite|Outrage|p1a: Golden Glider|[from]lockedmove\n|-resisted|p1a: Golden Glider\n|-damage|p1a: Golden Glider|39\/100 brn\n|-start|p2a: Dragonite|confusion|[fatigue]\n|move|p1a: Golden Glider|Make It Rain|p2a: Dragonite\n|-damage|p2a: Dragonite|0 fnt\n|-unboost|p1a: Golden Glider|spa|1\n|faint|p2a: Dragonite\n|\n|-damage|p1a: Golden Glider|33\/100 brn|[from] brn\n|-sideend|p1: superiax|move: Aurora Veil\n|upkeep\n|\n|t:|1700458632\n|switch|p2a: Milotic|Milotic, M|100\/100\n|turn|17\n|\n|t:|1700458636\n|move|p2a: Milotic|Scald|p1a: Golden Glider\n|-damage|p1a: Golden Glider|4\/100 brn\n|move|p1a: Golden Glider|Shadow Ball|p2a: Milotic\n|-damage|p2a: Milotic|86\/100\n|-unboost|p2a: Milotic|spd|1\n|\n|-damage|p1a: Golden Glider|0 fnt|[from] brn\n|faint|p1a: Golden Glider\n|upkeep\n|\n|t:|1700458647\n|switch|p1a: Heatwave|Iron Moth, shiny|100\/100\n|-damage|p1a: Heatwave|76\/100|[from] Stealth Rock\n|-enditem|p1a: Heatwave|Booster Energy\n|-activate|p1a: Heatwave|ability: Quark Drive|[fromitem]\n|-start|p1a: Heatwave|quarkdrivespe\n|turn|18\n|\n|t:|1700458659\n|move|p1a: Heatwave|Energy Ball|p2a: Milotic\n|-supereffective|p2a: Milotic\n|-damage|p2a: Milotic|37\/100\n|move|p2a: Milotic|Scald|p1a: Heatwave\n|-supereffective|p1a: Heatwave\n|-damage|p1a: Heatwave|13\/100\n|\n|upkeep\n|turn|19\n|\n|t:|1700458670\n|switch|p2a: Weezing|Weezing-Galar, M|100\/100\n|-ability|p2a: Weezing|Neutralizing Gas\n|move|p1a: Heatwave|Energy Ball|p2a: Weezing\n|-resisted|p2a: Weezing\n|-damage|p2a: Weezing|80\/100\n|\n|upkeep\n|turn|20\n|\n|t:|1700458686\n|-terastallize|p1a: Heatwave|Ground\n|move|p1a: Heatwave|Tera Blast|p2a: Weezing|[anim] Tera Blast Ground\n|-supereffective|p2a: Weezing\n|-damage|p2a: Weezing|0 fnt\n|faint|p2a: Weezing\n|-end|p2a: Weezing|ability: Neutralizing Gas\n|\n|upkeep\n|inactive|insurance scammer has 120 seconds left.\n|\n|t:|1700458723\n|switch|p2a: Skeledirge|Skeledirge, M|100\/100\n|turn|21\n|inactive|insurance scammer has 120 seconds left.\n|\n|t:|1700458730\n|-terastallize|p2a: Skeledirge|Fairy\n|move|p1a: Heatwave|Tera Blast|p2a: Skeledirge|[anim] Tera Blast Ground\n|-damage|p2a: Skeledirge|69\/100\n|move|p2a: Skeledirge|Torch Song|p1a: Heatwave\n|-damage|p1a: Heatwave|0 fnt\n|-boost|p2a: Skeledirge|spa|1\n|faint|p1a: Heatwave\n|-end|p1a: Heatwave|Quark Drive|[silent]\n|\n|upkeep\n|\n|t:|1700458742\n|switch|p1a: Flash|Cinderace, M, shiny|100\/100\n|turn|22\n|\n|t:|1700458749\n|move|p1a: Flash|Court Change|p1a: Flash\n|-start|p1a: Flash|typechange|Normal|[from] ability: Libero\n|-swapsideconditions\n|-activate|p1a: Flash|move: Court Change\n|move|p2a: Skeledirge|Hex|p1a: Flash\n|-immune|p1a: Flash\n|\n|upkeep\n|turn|23\n|\n|t:|1700458756\n|move|p1a: Flash|Pyro Ball|p2a: Skeledirge\n|-damage|p2a: Skeledirge|38\/100\n|move|p2a: Skeledirge|Torch Song|p1a: Flash\n|-damage|p1a: Flash|41\/100\n|-boost|p2a: Skeledirge|spa|1\n|\n|upkeep\n|turn|24\n|\n|t:|1700458764\n|move|p1a: Flash|Pyro Ball|p2a: Skeledirge\n|-damage|p2a: Skeledirge|6\/100\n|move|p2a: Skeledirge|Slack Off|p2a: Skeledirge\n|-heal|p2a: Skeledirge|56\/100\n|\n|upkeep\n|turn|25\n|\n|t:|1700458770\n|move|p1a: Flash|Pyro Ball|p2a: Skeledirge\n|-damage|p2a: Skeledirge|26\/100\n|move|p2a: Skeledirge|Slack Off|p2a: Skeledirge\n|-heal|p2a: Skeledirge|76\/100\n|\n|upkeep\n|turn|26\n|\n|t:|1700458777\n|move|p1a: Flash|Pyro Ball|p2a: Skeledirge\n|-damage|p2a: Skeledirge|44\/100\n|move|p2a: Skeledirge|Torch Song|p1a: Flash\n|-damage|p1a: Flash|0 fnt\n|-boost|p2a: Skeledirge|spa|1\n|faint|p1a: Flash\n|\n|upkeep\n|\n|t:|1700458785\n|switch|p1a: Captain Boomerang|Kingambit, M, shiny|100\/100\n|-activate|p1a: Captain Boomerang|ability: Supreme Overlord\n|-start|p1a: Captain Boomerang|fallen5|[silent]\n|turn|27\n|\n|t:|1700458792\n|move|p1a: Captain Boomerang|Iron Head|p2a: Skeledirge\n|-supereffective|p2a: Skeledirge\n|-damage|p2a: Skeledirge|0 fnt\n|faint|p2a: Skeledirge\n|\n|upkeep\n|\n|t:|1700458795\n|switch|p2a: Clodsire|Clodsire, F|100\/100\n|-damage|p2a: Clodsire|94\/100|[from] Stealth Rock\n|turn|28\n|\n|t:|1700458805\n|move|p1a: Captain Boomerang|Kowtow Cleave|p2a: Clodsire\n|-damage|p2a: Clodsire|16\/100\n|move|p2a: Clodsire|Earthquake|p1a: Captain Boomerang\n|-supereffective|p1a: Captain Boomerang\n|-damage|p1a: Captain Boomerang|58\/100\n|\n|-heal|p2a: Clodsire|22\/100|[from] item: Leftovers\n|upkeep\n|turn|29\n|\n|t:|1700458812\n|move|p1a: Captain Boomerang|Kowtow Cleave|p2a: Clodsire\n|-damage|p2a: Clodsire|0 fnt\n|faint|p2a: Clodsire\n|\n|upkeep\n|\n|t:|1700458814\n|switch|p2a: Milotic|Milotic, M|37\/100\n|turn|30\n|\n|t:|1700458818\n|move|p2a: Milotic|Scald|p1a: Captain Boomerang\n|-damage|p1a: Captain Boomerang|29\/100\n|-status|p1a: Captain Boomerang|brn\n|-enditem|p1a: Captain Boomerang|Lum Berry|[eat]\n|-curestatus|p1a: Captain Boomerang|brn|[msg]\n|move|p1a: Captain Boomerang|Kowtow Cleave|p2a: Milotic\n|-damage|p2a: Milotic|0 fnt\n|faint|p2a: Milotic\n|\n|win|superiax\n|raw|superiax's rating: 1172 &rarr; <strong>1195<\/strong><br \/>(+23 for winning)\n|raw|insurance scammer's rating: 1140 &rarr; <strong>1117<\/strong><br \/>(-23 for losing)\n|c|\u2606superiax|gg\n|l|\u2606insurance scammer\n","uploadtime":1700458831,"views":10,"p1id":"superiax","p2id":"insurancescammer","formatid":"gen9ou","rating":1117,"private":0,"password":""}