{"id":"gen9ou-1991037471","p1":"Skaraptor2.1","p2":"jdison13","format":"[Gen 9] OU","log":"|j|\u2606Skaraptor2.1\n|j|\u2606jdison13\n|t:|1700032366\n|gametype|singles\n|player|p1|Skaraptor2.1|bodybuilderf-gen9|1271\n|player|p2|jdison13|266|1253\n|teamsize|p1|6\n|teamsize|p2|6\n|gen|9\n|tier|[Gen 9] OU\n|rated|\n|rule|Sleep Clause Mod: Limit one foe put to sleep\n|rule|Species Clause: Limit one of each Pok\u00e9mon\n|rule|OHKO Clause: OHKO moves are banned\n|rule|Evasion Items Clause: Evasion items are banned\n|rule|Evasion Moves Clause: Evasion moves are banned\n|rule|Endless Battle Clause: Forcing endless battles is banned\n|rule|HP Percentage Mod: HP is shown in percentages\n|clearpoke\n|poke|p1|Ribombee, M|\n|poke|p1|Ogerpon-Wellspring, F|\n|poke|p1|Iron Moth|\n|poke|p1|Zamazenta-*|\n|poke|p1|Iron Valiant|\n|poke|p1|Kingambit, F|\n|poke|p2|Ribombee, F|\n|poke|p2|Zoroark-Hisui, M|\n|poke|p2|Ceruledge, M|\n|poke|p2|Iron Moth|\n|poke|p2|Alomomola, F|\n|poke|p2|Torkoal, M|\n|teampreview\n|inactive|Battle timer is ON: inactive players will automatically lose when time's up. (requested by Skaraptor2.1)\n|\n|t:|1700032386\n|start\n|switch|p1a: Twink|Ribombee, M|100\/100\n|switch|p2a: Ribombee|Ribombee, F|100\/100\n|turn|1\n|\n|t:|1700032392\n|move|p2a: Ribombee|Sticky Web|p1a: Twink\n|-sidestart|p1: Skaraptor2.1|move: Sticky Web\n|move|p1a: Twink|Stun Spore|p2a: Ribombee\n|-status|p2a: Ribombee|par\n|\n|upkeep\n|turn|2\n|\n|t:|1700032399\n|move|p1a: Twink|Sticky Web|p2a: Ribombee\n|-sidestart|p2: jdison13|move: Sticky Web\n|move|p2a: Ribombee|Moonblast|p1a: Twink\n|-damage|p1a: Twink|40\/100\n|\n|upkeep\n|turn|3\n|\n|t:|1700032404\n|move|p1a: Twink|Moonblast|p2a: Ribombee\n|-damage|p2a: Ribombee|42\/100 par\n|move|p2a: Ribombee|Moonblast|p1a: Twink\n|-damage|p1a: Twink|0 fnt\n|faint|p1a: Twink\n|\n|upkeep\n|\n|t:|1700032415\n|switch|p1a: Solar Panels|Iron Moth|100\/100\n|-activate|p1a: Solar Panels|move: Sticky Web\n|-unboost|p1a: Solar Panels|spe|1\n|-enditem|p1a: Solar Panels|Booster Energy\n|-activate|p1a: Solar Panels|ability: Quark Drive|[fromitem]\n|-start|p1a: Solar Panels|quarkdrivespa\n|turn|4\n|\n|t:|1700032426\n|move|p1a: Solar Panels|Fiery Dance|p2a: Ribombee\n|-supereffective|p2a: Ribombee\n|-damage|p2a: Ribombee|0 fnt\n|faint|p2a: Ribombee\n|\n|upkeep\n|\n|t:|1700032430\n|switch|p2a: Torkoal|Torkoal, M|100\/100\n|-weather|SunnyDay|[from] ability: Drought|[of] p2a: Torkoal\n|turn|5\n|\n|t:|1700032437\n|move|p1a: Solar Panels|Sludge Wave|p2a: Torkoal\n|-damage|p2a: Torkoal|18\/100\n|move|p2a: Torkoal|Rapid Spin|p1a: Solar Panels\n|-damage|p1a: Solar Panels|86\/100\n|-boost|p2a: Torkoal|spe|1\n|-sideend|p2: jdison13|Sticky Web|[from] move: Rapid Spin|[of] p2a: Torkoal\n|\n|-weather|SunnyDay|[upkeep]\n|upkeep\n|turn|6\n|\n|t:|1700032444\n|move|p1a: Solar Panels|Sludge Wave|p2a: Torkoal\n|-damage|p2a: Torkoal|0 fnt\n|faint|p2a: Torkoal\n|\n|-weather|SunnyDay|[upkeep]\n|upkeep\n|\n|t:|1700032454\n|switch|p2a: Alomomola|Alomomola, F|100\/100\n|turn|7\n|inactive|Skaraptor2.1 has 120 seconds left.\n|inactive|Skaraptor2.1 has 90 seconds left.\n|inactive|Skaraptor2.1 has 60 seconds left.\n|\n|t:|1700032574\n|move|p1a: Solar Panels|Energy Ball|p2a: Alomomola\n|-supereffective|p2a: Alomomola\n|-damage|p2a: Alomomola|30\/100\n|-enditem|p2a: Alomomola|Red Card|[of] p1a: Solar Panels\n|-end|p1a: Solar Panels|Quark Drive|[silent]\n|drag|p1a: Bigender|Iron Valiant|100\/100\n|-activate|p1a: Bigender|move: Sticky Web\n|-unboost|p1a: Bigender|spe|1\n|-enditem|p1a: Bigender|Booster Energy\n|-activate|p1a: Bigender|ability: Quark Drive|[fromitem]\n|-start|p1a: Bigender|quarkdrivespa\n|move|p2a: Alomomola|Flip Turn|p1a: Bigender\n|-damage|p1a: Bigender|90\/100\n|l|\u2606Skaraptor2.1\n|inactive|Skaraptor2.1 disconnected and has a minute to reconnect!\n|player|p1|\n|\n|t:|1700032592\n|switch|p2a: Ceruledge|Ceruledge, M|100\/100|[from] Flip Turn\n|\n|-weather|SunnyDay|[upkeep]\n|upkeep\n|turn|8\n|j|\u2606Skaraptor2.1\n|inactive|Skaraptor2.1 reconnected and has 50 seconds left.\n|player|p1|Skaraptor2.1|bodybuilderf-gen9\n|\n|t:|1700032600\n|move|p2a: Ceruledge|Shadow Ball|p1a: Bigender\n|-damage|p1a: Bigender|0 fnt\n|faint|p1a: Bigender\n|-end|p1a: Bigender|Quark Drive|[silent]\n|\n|-weather|SunnyDay|[upkeep]\n|upkeep\n|\n|t:|1700032606\n|switch|p1a: Solar Panels|Iron Moth|86\/100\n|-activate|p1a: Solar Panels|move: Sticky Web\n|-unboost|p1a: Solar Panels|spe|1\n|turn|9\n|\n|t:|1700032626\n|move|p2a: Ceruledge|Shadow Ball|p1a: Solar Panels\n|-damage|p1a: Solar Panels|22\/100\n|move|p1a: Solar Panels|Sludge Wave|p2a: Ceruledge\n|-resisted|p2a: Ceruledge\n|-damage|p2a: Ceruledge|47\/100\n|replace|p2a: Zoroark|Zoroark-Hisui, M, shiny\n|-end|p2a: Zoroark|Illusion\n|\n|-weather|none\n|upkeep\n|turn|10\n|inactive|Skaraptor2.1 has 60 seconds left.\n|\n|t:|1700032644\n|move|p2a: Zoroark|Shadow Ball|p1a: Solar Panels\n|-damage|p1a: Solar Panels|0 fnt\n|faint|p1a: Solar Panels\n|-end|p1a: Solar Panels|Quark Drive|[silent]\n|\n|upkeep\n|\n|t:|1700032648\n|switch|p1a: Queengambit|Kingambit, F|100\/100\n|-activate|p1a: Queengambit|move: Sticky Web\n|-unboost|p1a: Queengambit|spe|1\n|-activate|p1a: Queengambit|ability: Supreme Overlord\n|-start|p1a: Queengambit|fallen3|[silent]\n|turn|11\n|\n|t:|1700032655\n|switch|p2a: Alomomola|Alomomola, F|63\/100\n|move|p1a: Queengambit|Iron Head|p2a: Alomomola\n|-resisted|p2a: Alomomola\n|-damage|p2a: Alomomola|46\/100\n|\n|upkeep\n|turn|12\n|\n|t:|1700032662\n|move|p2a: Alomomola|Wish|p2a: Alomomola\n|move|p1a: Queengambit|Swords Dance|p1a: Queengambit\n|-boost|p1a: Queengambit|atk|2\n|\n|upkeep\n|turn|13\n|\n|t:|1700032667\n|move|p2a: Alomomola|Scald|p1a: Queengambit\n|-damage|p1a: Queengambit|88\/100\n|move|p1a: Queengambit|Iron Head|p2a: Alomomola\n|-resisted|p2a: Alomomola\n|-damage|p2a: Alomomola|7\/100\n|\n|-heal|p2a: Alomomola|57\/100|[from] move: Wish|[wisher] Alomomola\n|-heal|p1a: Queengambit|94\/100|[from] item: Leftovers\n|upkeep\n|turn|14\n|inactive|Skaraptor2.1 has 90 seconds left.\n|\n|t:|1700032677\n|move|p2a: Alomomola|Wish|p2a: Alomomola\n|move|p1a: Queengambit|Swords Dance|p1a: Queengambit\n|-boost|p1a: Queengambit|atk|2\n|\n|-heal|p1a: Queengambit|99\/100|[from] item: Leftovers\n|upkeep\n|turn|15\n|\n|t:|1700032682\n|move|p2a: Alomomola|Scald|p1a: Queengambit\n|-damage|p1a: Queengambit|87\/100\n|move|p1a: Queengambit|Iron Head|p2a: Alomomola\n|-resisted|p2a: Alomomola\n|-damage|p2a: Alomomola|3\/100\n|\n|-heal|p2a: Alomomola|53\/100|[from] move: Wish|[wisher] Alomomola\n|-heal|p1a: Queengambit|93\/100|[from] item: Leftovers\n|upkeep\n|turn|16\n|\n|t:|1700032688\n|move|p1a: Queengambit|Sucker Punch||[still]\n|-fail|p1a: Queengambit\n|move|p2a: Alomomola|Wish|p2a: Alomomola\n|\n|-heal|p1a: Queengambit|99\/100|[from] item: Leftovers\n|upkeep\n|turn|17\n|\n|t:|1700032695\n|move|p2a: Alomomola|Scald|p1a: Queengambit\n|-damage|p1a: Queengambit|87\/100\n|move|p1a: Queengambit|Iron Head|p2a: Alomomola\n|-resisted|p2a: Alomomola\n|-crit|p2a: Alomomola\n|-damage|p2a: Alomomola|0 fnt\n|faint|p2a: Alomomola\n|\n|-heal|p1a: Queengambit|94\/100|[from] item: Leftovers\n|upkeep\n|\n|t:|1700032701\n|switch|p2a: Ceruledge|Ceruledge, M|47\/100\n|turn|18\n|inactive|Skaraptor2.1 has 120 seconds left.\n|\n|t:|1700032708\n|move|p2a: Ceruledge|Trick|p1a: Queengambit\n|-activate|p2a: Ceruledge|move: Trick|[of] p1a: Queengambit\n|-item|p1a: Queengambit|Choice Specs|[from] move: Trick\n|-item|p2a: Ceruledge|Leftovers|[from] move: Trick\n|move|p1a: Queengambit|Iron Head|p2a: Ceruledge\n|-damage|p2a: Ceruledge|0 fnt\n|replace|p2a: Zoroark|Zoroark-Hisui, M, shiny\n|-end|p2a: Zoroark|Illusion\n|faint|p2a: Zoroark\n|\n|upkeep\n|\n|t:|1700032720\n|switch|p2a: Ceruledge|Ceruledge, M|100\/100\n|turn|19\n|\n|t:|1700032726\n|move|p2a: Ceruledge|Swords Dance|p2a: Ceruledge\n|-boost|p2a: Ceruledge|atk|2\n|move|p1a: Queengambit|Iron Head|p2a: Ceruledge\n|-resisted|p2a: Ceruledge\n|-enditem|p2a: Ceruledge|Focus Sash\n|-damage|p2a: Ceruledge|1\/100\n|-ability|p2a: Ceruledge|Weak Armor|boost\n|-unboost|p2a: Ceruledge|def|1\n|-boost|p2a: Ceruledge|spe|2\n|\n|upkeep\n|turn|20\n|\n|t:|1700032737\n|move|p2a: Ceruledge|Bitter Blade|p1a: Queengambit\n|-supereffective|p1a: Queengambit\n|-crit|p1a: Queengambit\n|-damage|p1a: Queengambit|0 fnt\n|-heal|p2a: Ceruledge|65\/100|[from] drain|[of] p1a: Queengambit\n|faint|p1a: Queengambit\n|-end|p1a: Queengambit|fallen3|[silent]\n|\n|upkeep\n|\n|t:|1700032740\n|switch|p1a: Defender of Trans|Zamazenta, shiny|100\/100\n|-activate|p1a: Defender of Trans|move: Sticky Web\n|-unboost|p1a: Defender of Trans|spe|1\n|-ability|p1a: Defender of Trans|Dauntless Shield|boost\n|-boost|p1a: Defender of Trans|def|1\n|turn|21\n|\n|t:|1700032755\n|-terastallize|p1a: Defender of Trans|Fire\n|move|p2a: Ceruledge|Bitter Blade|p1a: Defender of Trans\n|-resisted|p1a: Defender of Trans\n|-damage|p1a: Defender of Trans|82\/100\n|-heal|p2a: Ceruledge|78\/100|[from] drain|[of] p1a: Defender of Trans\n|move|p1a: Defender of Trans|Crunch|p2a: Ceruledge\n|-supereffective|p2a: Ceruledge\n|-damage|p2a: Ceruledge|0 fnt\n|faint|p2a: Ceruledge\n|\n|-heal|p1a: Defender of Trans|88\/100|[from] item: Leftovers\n|upkeep\n|\n|t:|1700032758\n|switch|p2a: Iron Moth|Iron Moth|100\/100\n|-enditem|p2a: Iron Moth|Booster Energy\n|-activate|p2a: Iron Moth|ability: Quark Drive|[fromitem]\n|-start|p2a: Iron Moth|quarkdrivespe\n|turn|22\n|\n|t:|1700032772\n|move|p2a: Iron Moth|Fiery Dance|p1a: Defender of Trans\n|-resisted|p1a: Defender of Trans\n|-damage|p1a: Defender of Trans|71\/100\n|-boost|p2a: Iron Moth|spa|1\n|move|p1a: Defender of Trans|Heavy Slam|p2a: Iron Moth\n|-resisted|p2a: Iron Moth\n|-damage|p2a: Iron Moth|79\/100\n|\n|-heal|p1a: Defender of Trans|78\/100|[from] item: Leftovers\n|upkeep\n|turn|23\n|\n|t:|1700032782\n|move|p2a: Iron Moth|Substitute|p2a: Iron Moth\n|-start|p2a: Iron Moth|Substitute\n|-damage|p2a: Iron Moth|54\/100\n|move|p1a: Defender of Trans|Crunch|p2a: Iron Moth\n|-end|p2a: Iron Moth|Substitute\n|\n|-heal|p1a: Defender of Trans|84\/100|[from] item: Leftovers\n|upkeep\n|turn|24\n|\n|t:|1700032785\n|move|p2a: Iron Moth|Sludge Wave|p1a: Defender of Trans\n|-damage|p1a: Defender of Trans|23\/100\n|move|p1a: Defender of Trans|Crunch|p2a: Iron Moth\n|-damage|p2a: Iron Moth|23\/100\n|\n|-heal|p1a: Defender of Trans|30\/100|[from] item: Leftovers\n|upkeep\n|turn|25\n|\n|t:|1700032790\n|move|p2a: Iron Moth|Sludge Wave|p1a: Defender of Trans\n|-damage|p1a: Defender of Trans|0 fnt\n|faint|p1a: Defender of Trans\n|\n|upkeep\n|\n|t:|1700032791\n|switch|p1a: Transfem|Ogerpon-Wellspring, F|100\/100\n|-activate|p1a: Transfem|move: Sticky Web\n|-unboost|p1a: Transfem|spe|1\n|turn|26\n|\n|t:|1700032797\n|move|p2a: Iron Moth|Sludge Wave|p1a: Transfem\n|-supereffective|p1a: Transfem\n|-damage|p1a: Transfem|0 fnt\n|faint|p1a: Transfem\n|\n|win|jdison13\n|raw|Skaraptor2.1's rating: 1271 &rarr; <strong>1245<\/strong><br \/>(-26 for losing)\n|raw|jdison13's rating: 1253 &rarr; <strong>1279<\/strong><br \/>(+26 for winning)\n","uploadtime":1700032799,"views":5,"p1id":"skaraptor21","p2id":"jdison13","formatid":"gen9ou","rating":1245,"private":0,"password":""}