{"id":"gen9ou-1996597913","p1":"BiEla","p2":"burriteiro","format":"[Gen 9] OU","log":"|j|\u2606BiEla\n|j|\u2606burriteiro\n|t:|1700698806\n|gametype|singles\n|player|p1|BiEla|101|1280\n|player|p2|burriteiro|acetrainer-gen4dp|1200\n|teamsize|p1|6\n|teamsize|p2|6\n|gen|9\n|tier|[Gen 9] OU\n|rated|\n|rule|Sleep Clause Mod: Limit one foe put to sleep\n|rule|Species Clause: Limit one of each Pok\u00e9mon\n|rule|OHKO Clause: OHKO moves are banned\n|rule|Evasion Items Clause: Evasion items are banned\n|rule|Evasion Moves Clause: Evasion moves are banned\n|rule|Endless Battle Clause: Forcing endless battles is banned\n|rule|HP Percentage Mod: HP is shown in percentages\n|clearpoke\n|poke|p1|Toxapex, F|\n|poke|p1|Blissey, F|\n|poke|p1|Sableye, M|\n|poke|p1|Clodsire, F|\n|poke|p1|Quagsire, F|\n|poke|p1|Corviknight, M|\n|poke|p2|Dondozo, M|\n|poke|p2|Dragapult, F|\n|poke|p2|Kingambit, F|\n|poke|p2|Ceruledge, M|\n|poke|p2|Slowking-Galar, F|\n|poke|p2|Glimmora, F|\n|teampreview\n|\n|t:|1700698810\n|start\n|switch|p1a: Toxapex|Toxapex, F|100\/100\n|switch|p2a: Ceruledge|Ceruledge, M|100\/100\n|turn|1\n|inactive|Battle timer is ON: inactive players will automatically lose when time's up. (requested by burriteiro)\n|\n|t:|1700698820\n|switch|p2a: Slowking|Slowking-Galar, F|100\/100\n|move|p1a: Toxapex|Toxic Spikes|p2a: Slowking\n|-sidestart|p2: burriteiro|move: Toxic Spikes\n|\n|upkeep\n|turn|2\n|\n|t:|1700698828\n|switch|p1a: Clodsire|Clodsire, F|100\/100\n|move|p2a: Slowking|Future Sight|p1a: Clodsire\n|-start|p2a: Slowking|move: Future Sight\n|\n|upkeep\n|turn|3\n|\n|t:|1700698837\n|switch|p2a: Glimmora|Glimmora, F|100\/100\n|-sideend|p2: burriteiro|move: Toxic Spikes|[of] p2a: Glimmora\n|move|p1a: Clodsire|Spikes|p2a: Glimmora\n|-sidestart|p2: burriteiro|Spikes\n|\n|upkeep\n|turn|4\n|\n|t:|1700698843\n|move|p2a: Glimmora|Mortal Spin|p1a: Clodsire\n|-resisted|p1a: Clodsire\n|-damage|p1a: Clodsire|99\/100\n|-sideend|p2: burriteiro|Spikes|[from] move: Mortal Spin|[of] p2a: Glimmora\n|move|p1a: Clodsire|Spikes|p2a: Glimmora\n|-sidestart|p2: burriteiro|Spikes\n|\n|-end|p1a: Clodsire|move: Future Sight\n|-supereffective|p1a: Clodsire\n|-damage|p1a: Clodsire|43\/100\n|-heal|p1a: Clodsire|50\/100|[from] item: Leftovers\n|upkeep\n|turn|5\n|\n|t:|1700698853\n|move|p2a: Glimmora|Stealth Rock|p1a: Clodsire\n|-sidestart|p1: BiEla|move: Stealth Rock\n|move|p1a: Clodsire|Recover|p1a: Clodsire\n|-heal|p1a: Clodsire|99\/100\n|\n|-heal|p1a: Clodsire|100\/100|[from] item: Leftovers\n|upkeep\n|turn|6\n|inactive|burriteiro has 120 seconds left.\n|inactive|burriteiro has 90 seconds left.\n|\n|t:|1700698935\n|move|p2a: Glimmora|Mortal Spin|p1a: Clodsire\n|-resisted|p1a: Clodsire\n|-damage|p1a: Clodsire|99\/100\n|-sideend|p2: burriteiro|Spikes|[from] move: Mortal Spin|[of] p2a: Glimmora\n|move|p1a: Clodsire|Spikes|p2a: Glimmora\n|-sidestart|p2: burriteiro|Spikes\n|\n|-heal|p1a: Clodsire|100\/100|[from] item: Leftovers\n|upkeep\n|turn|7\n|inactive|BiEla has 120 seconds left.\n|\n|t:|1700698983\n|switch|p2a: Dragapult|Dragapult, F|100\/100\n|-damage|p2a: Dragapult|88\/100|[from] Spikes\n|move|p1a: Clodsire|Earthquake|p2a: Dragapult\n|-damage|p2a: Dragapult|57\/100\n|\n|upkeep\n|turn|8\n|inactive|burriteiro has 60 seconds left.\n|\n|t:|1700699023\n|switch|p1a: Blissey|Blissey, F|100\/100\n|-damage|p1a: Blissey|88\/100|[from] Stealth Rock\n|move|p2a: Dragapult|Reflect|p2a: Dragapult\n|-sidestart|p2: burriteiro|Reflect\n|\n|-heal|p1a: Blissey|94\/100|[from] item: Leftovers\n|upkeep\n|turn|9\n|\n|t:|1700699037\n|move|p2a: Dragapult|Light Screen|p2a: Dragapult\n|-sidestart|p2: burriteiro|move: Light Screen\n|move|p1a: Blissey|Stealth Rock|p2a: Dragapult\n|-sidestart|p2: burriteiro|move: Stealth Rock\n|\n|-heal|p1a: Blissey|99\/100|[from] item: Leftovers\n|upkeep\n|turn|10\n|inactive|BiEla has 90 seconds left.\n|\n|t:|1700699063\n|switch|p1a: Clodsire|Clodsire, F|100\/100\n|-damage|p1a: Clodsire|94\/100|[from] Stealth Rock\n|move|p2a: Dragapult|Curse|p1a: Clodsire\n|-start|p1a: Clodsire|Curse|[of] p2a: Dragapult\n|-damage|p2a: Dragapult|7\/100\n|\n|-heal|p1a: Clodsire|100\/100|[from] item: Leftovers\n|-damage|p1a: Clodsire|75\/100|[from] Curse\n|upkeep\n|turn|11\n|inactive|BiEla has 90 seconds left.\n|inactive|burriteiro has 60 seconds left.\n|\n|t:|1700699078\n|switch|p1a: Toxapex|Toxapex, F|100\/100\n|-damage|p1a: Toxapex|88\/100|[from] Stealth Rock\n|move|p2a: Dragapult|U-turn|p1a: Toxapex\n|-resisted|p1a: Toxapex\n|-crit|p1a: Toxapex\n|-damage|p1a: Toxapex|79\/100\n|\n|t:|1700699084\n|switch|p2a: Glimmora|Glimmora, F|100\/100|[from] U-turn\n|-damage|p2a: Glimmora|88\/100|[from] Spikes\n|-damage|p2a: Glimmora|76\/100|[from] Stealth Rock\n|\n|-heal|p1a: Toxapex|85\/100|[from] item: Leftovers\n|upkeep\n|turn|12\n|inactive|BiEla has 90 seconds left.\n|\n|t:|1700699096\n|move|p2a: Glimmora|Mortal Spin|p1a: Toxapex\n|-resisted|p1a: Toxapex\n|-crit|p1a: Toxapex\n|-damage|p1a: Toxapex|83\/100\n|-sideend|p2: burriteiro|Spikes|[from] move: Mortal Spin|[of] p2a: Glimmora\n|-sideend|p2: burriteiro|Stealth Rock|[from] move: Mortal Spin|[of] p2a: Glimmora\n|move|p1a: Toxapex|Surf|p2a: Glimmora\n|-supereffective|p2a: Glimmora\n|-damage|p2a: Glimmora|53\/100\n|\n|-heal|p1a: Toxapex|89\/100|[from] item: Leftovers\n|upkeep\n|turn|13\n|inactive|BiEla has 90 seconds left.\n|\n|t:|1700699111\n|move|p2a: Glimmora|Earth Power|p1a: Toxapex\n|-supereffective|p1a: Toxapex\n|-damage|p1a: Toxapex|41\/100\n|move|p1a: Toxapex|Surf|p2a: Glimmora\n|-supereffective|p2a: Glimmora\n|-damage|p2a: Glimmora|27\/100\n|\n|-heal|p1a: Toxapex|47\/100|[from] item: Leftovers\n|upkeep\n|turn|14\n|inactive|BiEla has 90 seconds left.\n|\n|t:|1700699123\n|switch|p1a: Blissey|Blissey, F|99\/100\n|-damage|p1a: Blissey|88\/100|[from] Stealth Rock\n|move|p2a: Glimmora|Earth Power|p1a: Blissey\n|-damage|p1a: Blissey|77\/100\n|\n|-heal|p1a: Blissey|83\/100|[from] item: Leftovers\n|upkeep\n|turn|15\n|inactive|BiEla has 90 seconds left.\n|\n|t:|1700699134\n|move|p2a: Glimmora|Mortal Spin|p1a: Blissey\n|-damage|p1a: Blissey|78\/100\n|-status|p1a: Blissey|psn\n|move|p1a: Blissey|Stealth Rock|p2a: Glimmora\n|-sidestart|p2: burriteiro|move: Stealth Rock\n|\n|-heal|p1a: Blissey|84\/100 psn|[from] item: Leftovers\n|-damage|p1a: Blissey|72\/100 psn|[from] psn\n|-sideend|p2: burriteiro|Reflect\n|upkeep\n|turn|16\n|inactive|BiEla has 90 seconds left.\n|\n|t:|1700699154\n|move|p2a: Glimmora|Mortal Spin|p1a: Blissey\n|-damage|p1a: Blissey|66\/100 psn\n|-sideend|p2: burriteiro|Stealth Rock|[from] move: Mortal Spin|[of] p2a: Glimmora\n|move|p1a: Blissey|Heal Bell|p1a: Blissey\n|-activate|p1a: Blissey|move: Heal Bell\n|-curestatus|p1a: Blissey|psn|[msg]\n|\n|-heal|p1a: Blissey|72\/100|[from] item: Leftovers\n|-sideend|p2: burriteiro|move: Light Screen\n|upkeep\n|turn|17\n|inactive|burriteiro has 90 seconds left.\n|\n|t:|1700699162\n|switch|p2a: Dragapult|Dragapult, F|7\/100\n|move|p1a: Blissey|Stealth Rock|p2a: Dragapult\n|-sidestart|p2: burriteiro|move: Stealth Rock\n|\n|-heal|p1a: Blissey|78\/100|[from] item: Leftovers\n|upkeep\n|turn|18\n|inactive|BiEla has 90 seconds left.\n|\n|t:|1700699179\n|switch|p1a: Clodsire|Clodsire, F|75\/100\n|-damage|p1a: Clodsire|69\/100|[from] Stealth Rock\n|move|p2a: Dragapult|Reflect|p2a: Dragapult\n|-sidestart|p2: burriteiro|Reflect\n|\n|-heal|p1a: Clodsire|75\/100|[from] item: Leftovers\n|upkeep\n|turn|19\n|inactive|BiEla has 90 seconds left.\n|inactive|burriteiro has 90 seconds left.\n|\n|t:|1700699198\n|move|p2a: Dragapult|U-turn|p1a: Clodsire\n|-resisted|p1a: Clodsire\n|-damage|p1a: Clodsire|66\/100\n|\n|t:|1700699201\n|switch|p2a: Glimmora|Glimmora, F|27\/100|[from] U-turn\n|-damage|p2a: Glimmora|15\/100|[from] Stealth Rock\n|move|p1a: Clodsire|Spikes|p2a: Glimmora\n|-sidestart|p2: burriteiro|Spikes\n|\n|-heal|p1a: Clodsire|72\/100|[from] item: Leftovers\n|upkeep\n|turn|20\n|inactive|BiEla has 90 seconds left.\n|\n|t:|1700699216\n|move|p2a: Glimmora|Mortal Spin|p1a: Clodsire\n|-resisted|p1a: Clodsire\n|-damage|p1a: Clodsire|71\/100\n|-sideend|p2: burriteiro|Spikes|[from] move: Mortal Spin|[of] p2a: Glimmora\n|-sideend|p2: burriteiro|Stealth Rock|[from] move: Mortal Spin|[of] p2a: Glimmora\n|move|p1a: Clodsire|Earthquake|p2a: Glimmora\n|-supereffective|p2a: Glimmora\n|-damage|p2a: Glimmora|0 fnt\n|-activate|p2a: Glimmora|ability: Toxic Debris\n|-sidestart|p1: BiEla|move: Toxic Spikes\n|faint|p2a: Glimmora\n|\n|-heal|p1a: Clodsire|77\/100|[from] item: Leftovers\n|upkeep\n|\n|t:|1700699224\n|switch|p2a: Ceruledge|Ceruledge, M|100\/100\n|turn|21\n|\n|t:|1700699229\n|switch|p1a: Toxapex|Toxapex, F|80\/100\n|-damage|p1a: Toxapex|68\/100|[from] Stealth Rock\n|-sideend|p1: BiEla|move: Toxic Spikes|[of] p1a: Toxapex\n|move|p2a: Ceruledge|Swords Dance|p2a: Ceruledge\n|-boost|p2a: Ceruledge|atk|2\n|\n|-heal|p1a: Toxapex|74\/100|[from] item: Leftovers\n|upkeep\n|turn|22\n|inactive|burriteiro has 120 seconds left.\n|\n|t:|1700699238\n|move|p2a: Ceruledge|Poltergeist|p1a: Toxapex\n|-activate|p1a: Toxapex|move: Poltergeist|Leftovers\n|-damage|p1a: Toxapex|11\/100\n|move|p1a: Toxapex|Haze|p1a: Toxapex\n|-clearallboost\n|\n|-heal|p1a: Toxapex|17\/100|[from] item: Leftovers\n|upkeep\n|turn|23\n|inactive|BiEla has 120 seconds left.\n|inactive|burriteiro has 120 seconds left.\n|\n|t:|1700699249\n|switch|p1a: Quagsire|Quagsire, F|100\/100\n|-damage|p1a: Quagsire|94\/100|[from] Stealth Rock\n|move|p2a: Ceruledge|Poltergeist|p1a: Quagsire\n|-activate|p1a: Quagsire|move: Poltergeist|Leftovers\n|-damage|p1a: Quagsire|56\/100\n|\n|-heal|p1a: Quagsire|62\/100|[from] item: Leftovers\n|upkeep\n|turn|24\n|inactive|burriteiro has 120 seconds left.\n|\n|t:|1700699274\n|switch|p2a: Slowking|Slowking-Galar, F|100\/100\n|move|p1a: Quagsire|Recover|p1a: Quagsire\n|-heal|p1a: Quagsire|100\/100\n|\n|upkeep\n|turn|25\n|inactive|BiEla has 120 seconds left.\n|\n|t:|1700699290\n|switch|p1a: Toxapex|Toxapex, F|50\/100\n|-damage|p1a: Toxapex|38\/100|[from] Stealth Rock\n|move|p2a: Slowking|Future Sight|p1a: Toxapex\n|-start|p2a: Slowking|move: Future Sight\n|\n|-heal|p1a: Toxapex|44\/100|[from] item: Leftovers\n|-sideend|p2: burriteiro|Reflect\n|upkeep\n|turn|26\n|\n|t:|1700699299\n|switch|p1a: Blissey|Blissey, F|78\/100\n|-damage|p1a: Blissey|65\/100|[from] Stealth Rock\n|switch|p2a: Dragapult|Dragapult, F|7\/100\n|\n|-heal|p1a: Blissey|72\/100|[from] item: Leftovers\n|upkeep\n|turn|27\n|\n|t:|1700699309\n|switch|p1a: Clodsire|Clodsire, F|77\/100\n|-damage|p1a: Clodsire|71\/100|[from] Stealth Rock\n|move|p2a: Dragapult|Reflect|p2a: Dragapult\n|-sidestart|p2: burriteiro|Reflect\n|\n|-end|p1a: Clodsire|move: Future Sight\n|-supereffective|p1a: Clodsire\n|-damage|p1a: Clodsire|18\/100\n|-heal|p1a: Clodsire|25\/100|[from] item: Leftovers\n|upkeep\n|turn|28\n|c|\u2606burriteiro|Your team is a shit\n|c|\u2606BiEla|kkkk\n|\n|t:|1700699324\n|move|p2a: Dragapult|U-turn|p1a: Clodsire\n|-resisted|p1a: Clodsire\n|-damage|p1a: Clodsire|14\/100\n|\n|t:|1700699331\n|switch|p2a: Slowking|Slowking-Galar, F|100\/100|[from] U-turn\n|move|p1a: Clodsire|Recover|p1a: Clodsire\n|-heal|p1a: Clodsire|64\/100\n|\n|-heal|p1a: Clodsire|70\/100|[from] item: Leftovers\n|upkeep\n|turn|29\n|\n|t:|1700699340\n|move|p2a: Slowking|Future Sight|p1a: Clodsire\n|-start|p2a: Slowking|move: Future Sight\n|move|p1a: Clodsire|Spikes|p2a: Slowking\n|-sidestart|p2: burriteiro|Spikes\n|\n|-heal|p1a: Clodsire|76\/100|[from] item: Leftovers\n|upkeep\n|turn|30\n|c|\u2606burriteiro|Vsfd mlk\n|c|\u2606BiEla|brazuka?\n|c|\u2606BiEla|kkkk\n|c|\u2606burriteiro|Porra de stall chato da porra\n|\n|t:|1700699366\n|move|p2a: Slowking|Ice Beam|p1a: Clodsire\n|-supereffective|p1a: Clodsire\n|-damage|p1a: Clodsire|51\/100\n|move|p1a: Clodsire|Spikes|p2a: Slowking\n|-sidestart|p2: burriteiro|Spikes\n|\n|-heal|p1a: Clodsire|57\/100|[from] item: Leftovers\n|upkeep\n|turn|31\n|c|\u2606BiEla|kkkkk\n|c|\u2606BiEla|e a\u00ed mano\n|c|\u2606BiEla|\u00e9 a especialidade do chef kkk\n|c|\u2606BiEla|tem whatsap?\n|c|\u2606burriteiro|Tenho\n|\n|t:|1700699394\n|switch|p2a: Ceruledge|Ceruledge, M|100\/100\n|-damage|p2a: Ceruledge|84\/100|[from] Spikes\n|move|p1a: Clodsire|Recover|p1a: Clodsire\n|-heal|p1a: Clodsire|100\/100\n|\n|-end|p1a: Clodsire|move: Future Sight\n|-supereffective|p1a: Clodsire\n|-damage|p1a: Clodsire|46\/100\n|-heal|p1a: Clodsire|52\/100|[from] item: Leftovers\n|upkeep\n|turn|32\n|c|\u2606burriteiro|21981931974\n|\n|t:|1700699406\n|switch|p1a: Quagsire|Quagsire, F|100\/100\n|-damage|p1a: Quagsire|94\/100|[from] Stealth Rock\n|move|p2a: Ceruledge|Swords Dance|p2a: Ceruledge\n|-boost|p2a: Ceruledge|atk|2\n|\n|-heal|p1a: Quagsire|100\/100|[from] item: Leftovers\n|upkeep\n|turn|33\n|c|\u2606BiEla|fechou\n|\n|t:|1700699414\n|move|p2a: Ceruledge|Poltergeist|p1a: Quagsire\n|-activate|p1a: Quagsire|move: Poltergeist|Leftovers\n|-damage|p1a: Quagsire|61\/100\n|move|p1a: Quagsire|Stockpile|p1a: Quagsire\n|-start|p1a: Quagsire|stockpile1\n|-boost|p1a: Quagsire|def|1\n|-boost|p1a: Quagsire|spd|1\n|\n|-heal|p1a: Quagsire|68\/100|[from] item: Leftovers\n|upkeep\n|turn|34\n|\n|t:|1700699433\n|switch|p2a: Dondozo|Dondozo, M|100\/100\n|move|p1a: Quagsire|Recover|p1a: Quagsire\n|-heal|p1a: Quagsire|100\/100\n|\n|-sideend|p2: burriteiro|Reflect\n|upkeep\n|turn|35\n|\n|t:|1700699441\n|move|p2a: Dondozo|Liquidation|p1a: Quagsire\n|-damage|p1a: Quagsire|80\/100\n|move|p1a: Quagsire|Toxic|p2a: Dondozo|[miss]\n|-miss|p1a: Quagsire|p2a: Dondozo\n|\n|-heal|p1a: Quagsire|86\/100|[from] item: Leftovers\n|upkeep\n|turn|36\n|\n|t:|1700699451\n|switch|p2a: Dragapult|Dragapult, F|7\/100\n|-damage|p2a: Dragapult|0 fnt|[from] Spikes\n|faint|p2a: Dragapult\n|move|p1a: Quagsire|Toxic|p2: Dragapult|[notarget]\n|-fail|p1a: Quagsire\n|\n|-heal|p1a: Quagsire|92\/100|[from] item: Leftovers\n|upkeep\n|\n|t:|1700699463\n|switch|p2a: Slowking|Slowking-Galar, F|100\/100\n|-damage|p2a: Slowking|84\/100|[from] Spikes\n|turn|37\n|\n|t:|1700699473\n|switch|p1a: Blissey|Blissey, F|72\/100\n|-damage|p1a: Blissey|59\/100|[from] Stealth Rock\n|move|p2a: Slowking|Future Sight|p1a: Blissey\n|-start|p2a: Slowking|move: Future Sight\n|\n|-heal|p1a: Blissey|65\/100|[from] item: Leftovers\n|upkeep\n|turn|38\n|\n|t:|1700699485\n|switch|p2a: Dondozo|Dondozo, M|100\/100\n|move|p1a: Blissey|Stealth Rock|p2a: Dondozo\n|-sidestart|p2: burriteiro|move: Stealth Rock\n|\n|-heal|p1a: Blissey|72\/100|[from] item: Leftovers\n|upkeep\n|turn|39\n|\n|t:|1700699491\n|switch|p1a: Toxapex|Toxapex, F|77\/100\n|-damage|p1a: Toxapex|65\/100|[from] Stealth Rock\n|move|p2a: Dondozo|Body Press|p1a: Toxapex\n|-resisted|p1a: Toxapex\n|-damage|p1a: Toxapex|57\/100\n|\n|-end|p1a: Toxapex|move: Future Sight\n|-supereffective|p1a: Toxapex\n|-damage|p1a: Toxapex|0 fnt\n|faint|p1a: Toxapex\n|upkeep\n|c|\u2606BiEla|vacilei\n|\n|t:|1700699512\n|switch|p1a: Clodsire|Clodsire, F|52\/100\n|-damage|p1a: Clodsire|46\/100|[from] Stealth Rock\n|turn|40\n|\n|t:|1700699520\n|switch|p2a: Slowking|Slowking-Galar, F|100\/100\n|-damage|p2a: Slowking|84\/100|[from] Spikes\n|-damage|p2a: Slowking|72\/100|[from] Stealth Rock\n|move|p1a: Clodsire|Recover|p1a: Clodsire\n|-heal|p1a: Clodsire|96\/100\n|\n|-heal|p1a: Clodsire|100\/100|[from] item: Leftovers\n|upkeep\n|turn|41\n|\n|t:|1700699527\n|move|p2a: Slowking|Future Sight|p1a: Clodsire\n|-start|p2a: Slowking|move: Future Sight\n|move|p1a: Clodsire|Spikes|p2a: Slowking\n|-sidestart|p2: burriteiro|Spikes\n|\n|upkeep\n|turn|42\n|\n|t:|1700699542\n|switch|p2a: Ceruledge|Ceruledge, M|84\/100\n|-damage|p2a: Ceruledge|59\/100|[from] Spikes\n|-damage|p2a: Ceruledge|35\/100|[from] Stealth Rock\n|switch|p1a: Blissey|Blissey, F|72\/100\n|-damage|p1a: Blissey|59\/100|[from] Stealth Rock\n|\n|-heal|p1a: Blissey|65\/100|[from] item: Leftovers\n|upkeep\n|turn|43\n|\n|t:|1700699555\n|switch|p1a: Quagsire|Quagsire, F|92\/100\n|-damage|p1a: Quagsire|86\/100|[from] Stealth Rock\n|move|p2a: Ceruledge|Bitter Blade|p1a: Quagsire\n|-resisted|p1a: Quagsire\n|-damage|p1a: Quagsire|69\/100\n|-heal|p2a: Ceruledge|46\/100|[from] drain|[of] p1a: Quagsire\n|\n|-end|p1a: Quagsire|move: Future Sight\n|-damage|p1a: Quagsire|5\/100\n|-heal|p1a: Quagsire|11\/100|[from] item: Leftovers\n|upkeep\n|turn|44\n|inactive|BiEla has 120 seconds left.\n|\n|t:|1700699587\n|move|p2a: Ceruledge|Poltergeist|p1a: Quagsire\n|-activate|p1a: Quagsire|move: Poltergeist|Leftovers\n|-damage|p1a: Quagsire|0 fnt\n|faint|p1a: Quagsire\n|\n|upkeep\n|inactive|BiEla has 120 seconds left.\n|\n|t:|1700699599\n|switch|p1a: Clodsire|Clodsire, F|100\/100\n|-damage|p1a: Clodsire|94\/100|[from] Stealth Rock\n|turn|45\n|inactive|burriteiro has 120 seconds left.\n|\n|t:|1700699641\n|-terastallize|p2a: Ceruledge|Flying\n|move|p2a: Ceruledge|Swords Dance|p2a: Ceruledge\n|-boost|p2a: Ceruledge|atk|2\n|move|p1a: Clodsire|Earthquake|p2a: Ceruledge\n|-immune|p2a: Ceruledge\n|\n|-heal|p1a: Clodsire|100\/100|[from] item: Leftovers\n|upkeep\n|turn|46\n|c|\u2606BiEla|tomei no cu\n|inactive|BiEla has 120 seconds left.\n|\n|t:|1700699657\n|move|p2a: Ceruledge|Poltergeist|p1a: Clodsire|[miss]\n|-miss|p2a: Ceruledge|p1a: Clodsire\n|move|p1a: Clodsire|Poison Jab|p2a: Ceruledge\n|-damage|p2a: Ceruledge|14\/100\n|-status|p2a: Ceruledge|psn\n|-ability|p2a: Ceruledge|Weak Armor|boost\n|-unboost|p2a: Ceruledge|def|1\n|-boost|p2a: Ceruledge|spe|2\n|\n|-damage|p2a: Ceruledge|2\/100 psn|[from] psn\n|upkeep\n|turn|47\n|inactive|burriteiro has 90 seconds left.\n|\n|t:|1700699693\n|move|p2a: Ceruledge|Bitter Blade|p1a: Clodsire\n|-damage|p1a: Clodsire|46\/100\n|-heal|p2a: Ceruledge|45\/100 psn|[from] drain|[of] p1a: Clodsire\n|move|p1a: Clodsire|Recover|p1a: Clodsire\n|-heal|p1a: Clodsire|96\/100\n|\n|-heal|p1a: Clodsire|100\/100|[from] item: Leftovers\n|-damage|p2a: Ceruledge|33\/100 psn|[from] psn\n|upkeep\n|turn|48\n|inactive|burriteiro has 90 seconds left.\n|inactive|BiEla has 120 seconds left.\n|\n|t:|1700699710\n|move|p2a: Ceruledge|Bitter Blade|p1a: Clodsire\n|-damage|p1a: Clodsire|49\/100\n|-heal|p2a: Ceruledge|74\/100 psn|[from] drain|[of] p1a: Clodsire\n|move|p1a: Clodsire|Poison Jab|p2a: Ceruledge\n|-damage|p2a: Ceruledge|42\/100 psn\n|-ability|p2a: Ceruledge|Weak Armor|boost\n|-unboost|p2a: Ceruledge|def|1\n|-boost|p2a: Ceruledge|spe|2\n|\n|-heal|p1a: Clodsire|55\/100|[from] item: Leftovers\n|-damage|p2a: Ceruledge|30\/100 psn|[from] psn\n|upkeep\n|turn|49\n|inactive|burriteiro has 90 seconds left.\n|\n|t:|1700699744\n|move|p2a: Ceruledge|Bitter Blade|p1a: Clodsire\n|-damage|p1a: Clodsire|8\/100\n|-heal|p2a: Ceruledge|67\/100 psn|[from] drain|[of] p1a: Clodsire\n|move|p1a: Clodsire|Poison Jab|p2a: Ceruledge\n|-damage|p2a: Ceruledge|36\/100 psn\n|-ability|p2a: Ceruledge|Weak Armor|boost\n|-unboost|p2a: Ceruledge|def|1\n|-boost|p2a: Ceruledge|spe|2\n|\n|-heal|p1a: Clodsire|15\/100|[from] item: Leftovers\n|-damage|p2a: Ceruledge|24\/100 psn|[from] psn\n|upkeep\n|turn|50\n|inactive|BiEla has 120 seconds left.\n|\n|t:|1700699761\n|switch|p1a: Corviknight|Corviknight, M|100\/100\n|-damage|p1a: Corviknight|88\/100|[from] Stealth Rock\n|-ability|p1a: Corviknight|Pressure\n|move|p2a: Ceruledge|Bitter Blade|p1a: Corviknight\n|-supereffective|p1a: Corviknight\n|-damage|p1a: Corviknight|0 fnt\n|-heal|p2a: Ceruledge|84\/100 psn|[from] drain|[of] p1a: Corviknight\n|faint|p1a: Corviknight\n|\n|-damage|p2a: Ceruledge|71\/100 psn|[from] psn\n|upkeep\n|inactive|BiEla has 120 seconds left.\n|-message|BiEla forfeited.\n|\n|win|burriteiro\n|raw|BiEla's rating: 1280 &rarr; <strong>1249<\/strong><br \/>(-31 for losing)\n|raw|burriteiro's rating: 1200 &rarr; <strong>1231<\/strong><br \/>(+31 for winning)\n|l|\u2606BiEla\n","uploadtime":1700699363,"views":2,"p1id":"biela","p2id":"burriteiro","formatid":"gen9ou","rating":1231,"private":0,"password":""}