{"id":"gen9ou-1988900302","p1":"Bigsylveon","p2":"Diamond_Apa","format":"[Gen 9] OU","log":"|j|\u2606Bigsylveon\n|j|\u2606Diamond_Apa\n|t:|1699784031\n|gametype|singles\n|player|p1|Bigsylveon|acetrainerf|1336\n|player|p2|Diamond_Apa|grusha|1443\n|teamsize|p1|6\n|teamsize|p2|6\n|gen|9\n|tier|[Gen 9] OU\n|rated|\n|rule|Sleep Clause Mod: Limit one foe put to sleep\n|rule|Species Clause: Limit one of each Pok\u00e9mon\n|rule|OHKO Clause: OHKO moves are banned\n|rule|Evasion Items Clause: Evasion items are banned\n|rule|Evasion Moves Clause: Evasion moves are banned\n|rule|Endless Battle Clause: Forcing endless battles is banned\n|rule|HP Percentage Mod: HP is shown in percentages\n|clearpoke\n|poke|p1|Enamorus, F|\n|poke|p1|Ogerpon-Wellspring, F|\n|poke|p1|Iron Moth|\n|poke|p1|Glimmora, M|\n|poke|p1|Kingambit, M|\n|poke|p1|Zamazenta-*|\n|poke|p2|Ceruledge, M|\n|poke|p2|Enamorus, F|\n|poke|p2|Samurott-Hisui, M|\n|poke|p2|Landorus-Therian, M|\n|poke|p2|Gholdengo|\n|poke|p2|Cinderace, F|\n|teampreview\n|inactive|Battle timer is ON: inactive players will automatically lose when time's up. (requested by Bigsylveon)\n|\n|t:|1699784063\n|start\n|switch|p1a: Glimmora|Glimmora, M|100\/100\n|switch|p2a: Landorus|Landorus-Therian, M|100\/100\n|-ability|p2a: Landorus|Intimidate|boost\n|-unboost|p1a: Glimmora|atk|1\n|turn|1\n|\n|t:|1699784070\n|move|p1a: Glimmora|Stealth Rock|p2a: Landorus\n|-sidestart|p2: Diamond_Apa|move: Stealth Rock\n|move|p2a: Landorus|Earthquake|p1a: Glimmora\n|-supereffective|p1a: Glimmora\n|-enditem|p1a: Glimmora|Focus Sash\n|-damage|p1a: Glimmora|1\/100\n|-activate|p1a: Glimmora|ability: Toxic Debris\n|-sidestart|p2: Diamond_Apa|move: Toxic Spikes\n|\n|upkeep\n|turn|2\n|\n|t:|1699784078\n|move|p1a: Glimmora|Sludge Bomb|p2a: Landorus\n|-resisted|p2a: Landorus\n|-damage|p2a: Landorus|74\/100\n|move|p2a: Landorus|U-turn|p1a: Glimmora\n|-resisted|p1a: Glimmora\n|-damage|p1a: Glimmora|0 fnt\n|-activate|p1a: Glimmora|ability: Toxic Debris\n|-sidestart|p2: Diamond_Apa|move: Toxic Spikes\n|faint|p1a: Glimmora\n|\n|t:|1699784085\n|switch|p2a: Cinderace|Cinderace, F|100\/100|[from] U-turn\n|\n|upkeep\n|\n|t:|1699784095\n|switch|p1a: Ogerpon|Ogerpon-Wellspring, F|100\/100\n|turn|3\n|\n|t:|1699784111\n|move|p2a: Cinderace|Will-O-Wisp|p1a: Ogerpon\n|-status|p1a: Ogerpon|brn\n|move|p1a: Ogerpon|Ivy Cudgel|p2a: Cinderace\n|-supereffective|p2a: Cinderace\n|-damage|p2a: Cinderace|29\/100\n|\n|-damage|p1a: Ogerpon|95\/100 brn|[from] brn\n|upkeep\n|turn|4\n|\n|t:|1699784117\n|move|p2a: Cinderace|Court Change|p2a: Cinderace\n|-swapsideconditions\n|-activate|p2a: Cinderace|move: Court Change\n|move|p1a: Ogerpon|Ivy Cudgel|p2a: Cinderace\n|-supereffective|p2a: Cinderace\n|-crit|p2a: Cinderace\n|-damage|p2a: Cinderace|0 fnt\n|faint|p2a: Cinderace\n|\n|-damage|p1a: Ogerpon|89\/100 brn|[from] brn\n|upkeep\n|\n|t:|1699784131\n|switch|p2a: Samurott|Samurott-Hisui, M|100\/100\n|turn|5\n|\n|t:|1699784141\n|move|p2a: Samurott|Ceaseless Edge|p1a: Ogerpon\n|-damage|p1a: Ogerpon|26\/100 brn\n|-sidestart|p1: Bigsylveon|Spikes\n|move|p1a: Ogerpon|Horn Leech|p2a: Samurott\n|-supereffective|p2a: Samurott\n|-damage|p2a: Samurott|40\/100\n|-heal|p1a: Ogerpon|59\/100 brn|[from] drain|[of] p2a: Samurott\n|\n|-damage|p1a: Ogerpon|53\/100 brn|[from] brn\n|upkeep\n|turn|6\n|\n|t:|1699784148\n|move|p2a: Samurott|Ceaseless Edge|p1a: Ogerpon\n|-damage|p1a: Ogerpon|0 fnt\n|-sidestart|p1: Bigsylveon|Spikes\n|faint|p1a: Ogerpon\n|\n|upkeep\n|\n|t:|1699784158\n|switch|p1a: Enamorus|Enamorus, F|100\/100\n|-damage|p1a: Enamorus|76\/100|[from] Stealth Rock\n|turn|7\n|\n|t:|1699784172\n|switch|p2a: Gholdengo|Gholdengo|100\/100\n|move|p1a: Enamorus|Moonblast|p2a: Gholdengo\n|-resisted|p2a: Gholdengo\n|-crit|p2a: Gholdengo\n|-damage|p2a: Gholdengo|70\/100\n|\n|-heal|p1a: Enamorus|82\/100|[from] item: Leftovers\n|-heal|p2a: Gholdengo|76\/100|[from] item: Leftovers\n|upkeep\n|turn|8\n|\n|t:|1699784177\n|move|p1a: Enamorus|Earth Power|p2a: Gholdengo\n|-supereffective|p2a: Gholdengo\n|-damage|p2a: Gholdengo|28\/100\n|-unboost|p2a: Gholdengo|spd|1\n|move|p2a: Gholdengo|Thunder Wave|p1a: Enamorus\n|-status|p1a: Enamorus|par\n|\n|-heal|p2a: Gholdengo|34\/100|[from] item: Leftovers\n|-heal|p1a: Enamorus|88\/100 par|[from] item: Leftovers\n|upkeep\n|turn|9\n|\n|t:|1699784187\n|switch|p2a: Landorus|Landorus-Therian, M|74\/100\n|-ability|p2a: Landorus|Intimidate|boost\n|-unboost|p1a: Enamorus|atk|1\n|move|p1a: Enamorus|Earth Power|p2a: Landorus\n|-immune|p2a: Landorus\n|\n|-heal|p1a: Enamorus|94\/100 par|[from] item: Leftovers\n|upkeep\n|turn|10\n|\n|t:|1699784193\n|move|p2a: Landorus|U-turn|p1a: Enamorus\n|-resisted|p1a: Enamorus\n|-damage|p1a: Enamorus|86\/100 par\n|\n|t:|1699784201\n|switch|p2a: Ceruledge|Ceruledge, M|100\/100|[from] U-turn\n|move|p1a: Enamorus|Moonblast|p2a: Ceruledge\n|-resisted|p2a: Ceruledge\n|-damage|p2a: Ceruledge|69\/100\n|\n|-heal|p1a: Enamorus|92\/100 par|[from] item: Leftovers\n|upkeep\n|turn|11\n|\n|t:|1699784212\n|move|p2a: Ceruledge|Bitter Blade|p1a: Enamorus\n|-damage|p1a: Enamorus|20\/100 par\n|-heal|p2a: Ceruledge|100\/100|[from] drain|[of] p1a: Enamorus\n|-start|p2a: Ceruledge|Attract|[from] ability: Cute Charm|[of] p1a: Enamorus\n|move|p1a: Enamorus|Earth Power|p2a: Ceruledge\n|-supereffective|p2a: Ceruledge\n|-damage|p2a: Ceruledge|30\/100\n|\n|-heal|p1a: Enamorus|26\/100 par|[from] item: Leftovers\n|upkeep\n|turn|12\n|\n|t:|1699784220\n|-activate|p2a: Ceruledge|move: Attract|[of] p1a: Enamorus\n|cant|p2a: Ceruledge|Attract\n|move|p1a: Enamorus|Earth Power|p2a: Ceruledge\n|-supereffective|p2a: Ceruledge\n|-damage|p2a: Ceruledge|0 fnt\n|faint|p2a: Ceruledge\n|\n|-heal|p1a: Enamorus|33\/100 par|[from] item: Leftovers\n|upkeep\n|c|\u2606Bigsylveon|LMAO\n|\n|t:|1699784228\n|switch|p2a: Enamorus|Enamorus, F|100\/100\n|turn|13\n|\n|t:|1699784236\n|move|p2a: Enamorus|Substitute|p2a: Enamorus\n|-start|p2a: Enamorus|Substitute\n|-damage|p2a: Enamorus|76\/100\n|move|p1a: Enamorus|Moonblast|p2a: Enamorus\n|-end|p2a: Enamorus|Substitute\n|\n|-heal|p2a: Enamorus|82\/100|[from] item: Leftovers\n|-heal|p1a: Enamorus|39\/100 par|[from] item: Leftovers\n|upkeep\n|turn|14\n|\n|t:|1699784241\n|move|p2a: Enamorus|Substitute|p2a: Enamorus\n|-start|p2a: Enamorus|Substitute\n|-damage|p2a: Enamorus|57\/100\n|move|p1a: Enamorus|Moonblast|p2a: Enamorus\n|-end|p2a: Enamorus|Substitute\n|\n|-heal|p2a: Enamorus|63\/100|[from] item: Leftovers\n|-heal|p1a: Enamorus|45\/100 par|[from] item: Leftovers\n|upkeep\n|turn|15\n|\n|t:|1699784246\n|move|p2a: Enamorus|Substitute|p2a: Enamorus\n|-start|p2a: Enamorus|Substitute\n|-damage|p2a: Enamorus|38\/100\n|cant|p1a: Enamorus|par\n|\n|-heal|p2a: Enamorus|44\/100|[from] item: Leftovers\n|-heal|p1a: Enamorus|51\/100 par|[from] item: Leftovers\n|upkeep\n|turn|16\n|\n|t:|1699784250\n|move|p2a: Enamorus|Moonblast|p1a: Enamorus\n|-damage|p1a: Enamorus|0 fnt\n|faint|p1a: Enamorus\n|\n|-heal|p2a: Enamorus|51\/100|[from] item: Leftovers\n|upkeep\n|\n|t:|1699784255\n|switch|p1a: Iron Moth|Iron Moth|100\/100\n|-damage|p1a: Iron Moth|76\/100|[from] Stealth Rock\n|-sideend|p1: Bigsylveon|move: Toxic Spikes|[of] p1a: Iron Moth\n|-damage|p1a: Iron Moth|59\/100|[from] Spikes\n|-enditem|p1a: Iron Moth|Booster Energy\n|-activate|p1a: Iron Moth|ability: Quark Drive|[fromitem]\n|-start|p1a: Iron Moth|quarkdrivespe\n|turn|17\n|\n|t:|1699784261\n|move|p1a: Iron Moth|Sludge Wave|p2a: Enamorus\n|-supereffective|p2a: Enamorus\n|-crit|p2a: Enamorus\n|-end|p2a: Enamorus|Substitute\n|move|p2a: Enamorus|Earth Power|p1a: Iron Moth\n|-supereffective|p1a: Iron Moth\n|-damage|p1a: Iron Moth|0 fnt\n|faint|p1a: Iron Moth\n|-end|p1a: Iron Moth|Quark Drive|[silent]\n|\n|-heal|p2a: Enamorus|57\/100|[from] item: Leftovers\n|upkeep\n|\n|t:|1699784265\n|switch|p1a: Kingambit|Kingambit, M|100\/100\n|-damage|p1a: Kingambit|94\/100|[from] Stealth Rock\n|-damage|p1a: Kingambit|78\/100|[from] Spikes\n|-activate|p1a: Kingambit|ability: Supreme Overlord\n|-start|p1a: Kingambit|fallen4|[silent]\n|turn|18\n|\n|t:|1699784275\n|switch|p2a: Landorus|Landorus-Therian, M|74\/100\n|-ability|p2a: Landorus|Intimidate|boost\n|-unboost|p1a: Kingambit|atk|1\n|move|p1a: Kingambit|Iron Head|p2a: Landorus\n|-damage|p2a: Landorus|41\/100\n|-damage|p1a: Kingambit|61\/100|[from] item: Rocky Helmet|[of] p2a: Landorus\n|\n|upkeep\n|turn|19\n|\n|t:|1699784287\n|move|p2a: Landorus|Earthquake|p1a: Kingambit\n|-supereffective|p1a: Kingambit\n|-damage|p1a: Kingambit|0 fnt\n|faint|p1a: Kingambit\n|-end|p1a: Kingambit|fallen4|[silent]\n|\n|upkeep\n|\n|t:|1699784291\n|switch|p1a: Zamazenta|Zamazenta|100\/100\n|-ability|p1a: Zamazenta|Dauntless Shield|boost\n|-boost|p1a: Zamazenta|def|1\n|turn|20\n|\n|t:|1699784295\n|move|p1a: Zamazenta|Iron Defense|p1a: Zamazenta\n|-boost|p1a: Zamazenta|def|2\n|move|p2a: Landorus|U-turn|p1a: Zamazenta\n|-resisted|p1a: Zamazenta\n|-damage|p1a: Zamazenta|96\/100\n|\n|t:|1699784298\n|switch|p2a: Enamorus|Enamorus, F|57\/100|[from] U-turn\n|\n|-heal|p2a: Enamorus|63\/100|[from] item: Leftovers\n|upkeep\n|turn|21\n|\n|t:|1699784304\n|-terastallize|p1a: Zamazenta|Steel\n|move|p1a: Zamazenta|Heavy Slam|p2a: Enamorus\n|-supereffective|p2a: Enamorus\n|-damage|p2a: Enamorus|0 fnt\n|faint|p2a: Enamorus\n|\n|upkeep\n|\n|t:|1699784312\n|switch|p2a: Gholdengo|Gholdengo|34\/100\n|turn|22\n|\n|t:|1699784315\n|-terastallize|p2a: Gholdengo|Steel\n|move|p1a: Zamazenta|Crunch|p2a: Gholdengo\n|-damage|p2a: Gholdengo|7\/100\n|move|p2a: Gholdengo|Thunder Wave|p1a: Zamazenta|[miss]\n|-miss|p2a: Gholdengo|p1a: Zamazenta\n|\n|-heal|p2a: Gholdengo|13\/100|[from] item: Leftovers\n|upkeep\n|turn|23\n|c|\u2606Diamond_Apa|Rlly ?\n|c|\u2606Diamond_Apa|I hope ur joking\n|\n|t:|1699784335\n|move|p1a: Zamazenta|Body Press|p2a: Gholdengo\n|-supereffective|p2a: Gholdengo\n|-damage|p2a: Gholdengo|0 fnt\n|faint|p2a: Gholdengo\n|\n|upkeep\n|\n|t:|1699784340\n|switch|p2a: Samurott|Samurott-Hisui, M|40\/100\n|turn|24\n|c|\u2606Bigsylveon|probably didnt matter\n|c|\u2606Diamond_Apa|...\n|c|\u2606Bigsylveon|unless mega hax\n|inactive|Diamond_Apa has 120 seconds left.\n|c|\u2606Diamond_Apa|Hex + Twave + Sacred Sword kille\n|\n|t:|1699784375\n|move|p2a: Samurott|Sacred Sword|p1a: Zamazenta\n|-supereffective|p1a: Zamazenta\n|-damage|p1a: Zamazenta|14\/100\n|move|p1a: Zamazenta|Body Press|p2a: Samurott\n|-supereffective|p2a: Samurott\n|-damage|p2a: Samurott|0 fnt\n|faint|p2a: Samurott\n|\n|upkeep\n|inactive|Diamond_Apa has 120 seconds left.\n|c|\u2606Bigsylveon|i forgor about sacred sword\n|c|\u2606Bigsylveon|my b\n|\n|t:|1699784393\n|switch|p2a: Landorus|Landorus-Therian, M|41\/100\n|-ability|p2a: Landorus|Intimidate|boost\n|-unboost|p1a: Zamazenta|atk|1\n|turn|25\n|\n|t:|1699784400\n|move|p1a: Zamazenta|Heavy Slam|p2a: Landorus\n|-damage|p2a: Landorus|20\/100\n|-damage|p1a: Zamazenta|0 fnt|[from] item: Rocky Helmet|[of] p2a: Landorus\n|faint|p1a: Zamazenta\n|\n|win|Diamond_Apa\n|raw|Bigsylveon's rating: 1336 &rarr; <strong>1322<\/strong><br \/>(-14 for losing)\n|raw|Diamond_Apa's rating: 1443 &rarr; <strong>1457<\/strong><br \/>(+14 for winning)\n|c|\u2606Diamond_Apa|Oh yeah gg\n|l|\u2606Bigsylveon\n","uploadtime":1699784417,"views":10,"p1id":"bigsylveon","p2id":"diamondapa","formatid":"gen9ou","rating":1322,"private":0,"password":""}