{"id":"gen9ou-1994544386","p1":"KJgamer22","p2":"sgyyds","format":"[Gen 9] OU","log":"|j|\u2606KJgamer22\n|j|\u2606sgyyds\n|t:|1700457352\n|gametype|singles\n|player|p1|KJgamer22|iris-gen5bw2|1034\n|player|p2|sgyyds|lucas|1000\n|teamsize|p1|6\n|teamsize|p2|6\n|gen|9\n|tier|[Gen 9] OU\n|rated|\n|rule|Sleep Clause Mod: Limit one foe put to sleep\n|rule|Species Clause: Limit one of each Pok\u00e9mon\n|rule|OHKO Clause: OHKO moves are banned\n|rule|Evasion Items Clause: Evasion items are banned\n|rule|Evasion Moves Clause: Evasion moves are banned\n|rule|Endless Battle Clause: Forcing endless battles is banned\n|rule|HP Percentage Mod: HP is shown in percentages\n|clearpoke\n|poke|p1|Ninetales-Alola, M|\n|poke|p1|Mamoswine, M|\n|poke|p1|Empoleon, M|\n|poke|p1|Clodsire, M|\n|poke|p1|Dipplin, F|\n|poke|p1|Dragonite, F|\n|poke|p2|Dragonite, M|\n|poke|p2|Garganacl, F|\n|poke|p2|Rillaboom, F|\n|poke|p2|Clodsire, F|\n|poke|p2|Rotom-Heat|\n|poke|p2|Azumarill, F|\n|teampreview\n|\n|t:|1700457360\n|start\n|switch|p1a: Ninetales|Ninetales-Alola, M|100\/100\n|switch|p2a: Rotom|Rotom-Heat|100\/100\n|-weather|Snow|[from] ability: Snow Warning|[of] p1a: Ninetales\n|turn|1\n|\n|t:|1700457371\n|move|p1a: Ninetales|Aurora Veil|p1a: Ninetales\n|-sidestart|p1: KJgamer22|move: Aurora Veil\n|move|p2a: Rotom|Overheat|p1a: Ninetales\n|-supereffective|p1a: Ninetales\n|-damage|p1a: Ninetales|44\/100\n|-unboost|p2a: Rotom|spa|2\n|\n|-weather|Snow|[upkeep]\n|upkeep\n|turn|2\n|\n|t:|1700457388\n|switch|p2a: Azumarill|Azumarill, F|100\/100\n|move|p1a: Ninetales|Blizzard|p2a: Azumarill\n|-resisted|p2a: Azumarill\n|-damage|p2a: Azumarill|81\/100\n|\n|-weather|Snow|[upkeep]\n|upkeep\n|turn|3\n|\n|t:|1700457400\n|move|p2a: Azumarill|Aqua Jet|p1a: Ninetales\n|-damage|p1a: Ninetales|35\/100\n|move|p1a: Ninetales|Freeze-Dry|p2a: Azumarill\n|-supereffective|p2a: Azumarill\n|-damage|p2a: Azumarill|30\/100\n|\n|-weather|Snow|[upkeep]\n|upkeep\n|turn|4\n|\n|t:|1700457412\n|-terastallize|p2a: Azumarill|Ice\n|move|p1a: Ninetales|Freeze-Dry|p2a: Azumarill\n|-resisted|p2a: Azumarill\n|-crit|p2a: Azumarill\n|-damage|p2a: Azumarill|11\/100\n|move|p2a: Azumarill|Ice Spinner|p1a: Ninetales\n|-resisted|p1a: Ninetales\n|-crit|p1a: Ninetales\n|-damage|p1a: Ninetales|8\/100\n|\n|-weather|Snow|[upkeep]\n|upkeep\n|turn|5\n|\n|t:|1700457428\n|move|p2a: Azumarill|Aqua Jet|p1a: Ninetales\n|-damage|p1a: Ninetales|0 fnt\n|faint|p1a: Ninetales\n|\n|-weather|Snow|[upkeep]\n|-sideend|p1: KJgamer22|move: Aurora Veil\n|upkeep\n|\n|t:|1700457441\n|switch|p1a: Empoleon|Empoleon, M|100\/100\n|turn|6\n|\n|t:|1700457447\n|move|p1a: Empoleon|Aqua Jet|p2a: Azumarill\n|-damage|p2a: Azumarill|3\/100\n|move|p2a: Azumarill|Ice Spinner|p1a: Empoleon\n|-resisted|p1a: Empoleon\n|-damage|p1a: Empoleon|92\/100\n|\n|-weather|Snow|[upkeep]\n|-heal|p1a: Empoleon|98\/100|[from] item: Leftovers\n|upkeep\n|turn|7\n|\n|t:|1700457461\n|switch|p2a: Rotom|Rotom-Heat|100\/100\n|move|p1a: Empoleon|Aqua Jet|p2a: Rotom\n|-supereffective|p2a: Rotom\n|-damage|p2a: Rotom|80\/100\n|\n|-weather|Snow|[upkeep]\n|-heal|p1a: Empoleon|100\/100|[from] item: Leftovers\n|upkeep\n|turn|8\n|\n|t:|1700457476\n|move|p2a: Rotom|Thunderbolt|p1a: Empoleon\n|-supereffective|p1a: Empoleon\n|-damage|p1a: Empoleon|39\/100\n|move|p1a: Empoleon|Air Slash|p2a: Rotom\n|-resisted|p2a: Rotom\n|-damage|p2a: Rotom|67\/100\n|\n|-weather|none\n|-heal|p1a: Empoleon|45\/100|[from] item: Leftovers\n|upkeep\n|turn|9\n|\n|t:|1700457486\n|move|p1a: Empoleon|Aqua Jet|p2a: Rotom\n|-supereffective|p2a: Rotom\n|-damage|p2a: Rotom|46\/100\n|move|p2a: Rotom|Thunderbolt|p1a: Empoleon\n|-supereffective|p1a: Empoleon\n|-damage|p1a: Empoleon|0 fnt\n|faint|p1a: Empoleon\n|\n|upkeep\n|\n|t:|1700457506\n|switch|p1a: Dragonite|Dragonite, F|100\/100\n|turn|10\n|\n|t:|1700457511\n|-terastallize|p1a: Dragonite|Normal\n|move|p1a: Dragonite|Extreme Speed|p2a: Rotom\n|-damage|p2a: Rotom|0 fnt\n|faint|p2a: Rotom\n|-damage|p1a: Dragonite|91\/100|[from] item: Life Orb\n|\n|upkeep\n|\n|t:|1700457521\n|switch|p2a: Azumarill|Azumarill, F, tera:Ice|3\/100\n|turn|11\n|\n|t:|1700457526\n|move|p1a: Dragonite|Extreme Speed|p2a: Azumarill\n|-damage|p2a: Azumarill|0 fnt\n|faint|p2a: Azumarill\n|-damage|p1a: Dragonite|81\/100|[from] item: Life Orb\n|\n|upkeep\n|\n|t:|1700457530\n|switch|p2a: Dragonite|Dragonite, M|100\/100\n|turn|12\n|\n|t:|1700457537\n|move|p1a: Dragonite|Dragon Dance|p1a: Dragonite\n|-boost|p1a: Dragonite|atk|1\n|-boost|p1a: Dragonite|spe|1\n|move|p2a: Dragonite|Fire Spin|p1a: Dragonite\n|-damage|p1a: Dragonite|70\/100\n|-activate|p1a: Dragonite|move: Fire Spin|[of] p2a: Dragonite\n|\n|-damage|p1a: Dragonite|58\/100|[from] move: Fire Spin|[partiallytrapped]\n|upkeep\n|turn|13\n|\n|t:|1700457551\n|switch|p2a: Clodsire|Clodsire, F|100\/100\n|move|p1a: Dragonite|Extreme Speed|p2a: Clodsire\n|-damage|p2a: Clodsire|0 fnt\n|faint|p2a: Clodsire\n|-damage|p1a: Dragonite|48\/100|[from] item: Life Orb\n|\n|-end|p1a: Dragonite|Fire Spin|[partiallytrapped]|[silent]\n|upkeep\n|\n|t:|1700457559\n|switch|p2a: Dragonite|Dragonite, M|100\/100\n|turn|14\n|\n|t:|1700457565\n|move|p1a: Dragonite|Extreme Speed|p2a: Dragonite\n|-damage|p2a: Dragonite|46\/100\n|-damage|p1a: Dragonite|38\/100|[from] item: Life Orb\n|move|p2a: Dragonite|Extreme Speed|p1a: Dragonite\n|-damage|p1a: Dragonite|13\/100\n|\n|-heal|p2a: Dragonite|52\/100|[from] item: Leftovers\n|upkeep\n|turn|15\n|\n|t:|1700457578\n|move|p1a: Dragonite|Extreme Speed|p2a: Dragonite\n|-damage|p2a: Dragonite|0 fnt\n|faint|p2a: Dragonite\n|-damage|p1a: Dragonite|3\/100|[from] item: Life Orb\n|\n|upkeep\n|\n|t:|1700457585\n|switch|p2a: Garganacl|Garganacl, F|100\/100\n|turn|16\n|\n|t:|1700457590\n|move|p1a: Dragonite|Earthquake|p2a: Garganacl\n|-supereffective|p2a: Garganacl\n|-damage|p2a: Garganacl|5\/100\n|-damage|p1a: Dragonite|0 fnt|[from] item: Life Orb\n|faint|p1a: Dragonite\n|move|p2a: Garganacl|Recover|p2a: Garganacl\n|-heal|p2a: Garganacl|55\/100\n|\n|-heal|p2a: Garganacl|61\/100|[from] item: Leftovers\n|upkeep\n|\n|t:|1700457604\n|switch|p1a: Dipplin|Dipplin, F|100\/100\n|-ability|p1a: Dipplin|Supersweet Syrup\n|-ability|p1a: Dipplin|Supersweet Syrup|boost\n|-unboost|p2a: Garganacl|evasion|1\n|turn|17\n|\n|t:|1700457617\n|move|p1a: Dipplin|Syrup Bomb|p2a: Garganacl\n|-supereffective|p2a: Garganacl\n|-damage|p2a: Garganacl|24\/100\n|-start|p2a: Garganacl|Syrup Bomb\n|move|p2a: Garganacl|Salt Cure|p1a: Dipplin\n|-damage|p1a: Dipplin|90\/100\n|-start|p1a: Dipplin|Salt Cure\n|\n|-heal|p2a: Garganacl|30\/100|[from] item: Leftovers\n|-damage|p1a: Dipplin|77\/100|[from] Salt Cure\n|-unboost|p2a: Garganacl|spe|1\n|upkeep\n|turn|18\n|\n|t:|1700457630\n|move|p1a: Dipplin|Giga Drain|p2a: Garganacl\n|-supereffective|p2a: Garganacl\n|-damage|p2a: Garganacl|0 fnt\n|-heal|p1a: Dipplin|94\/100|[from] drain|[of] p2a: Garganacl\n|faint|p2a: Garganacl\n|\n|-damage|p1a: Dipplin|82\/100|[from] Salt Cure\n|upkeep\n|\n|t:|1700457634\n|switch|p2a: Rillaboom|Rillaboom, F|100\/100\n|-fieldstart|move: Grassy Terrain|[from] ability: Grassy Surge|[of] p2a: Rillaboom\n|turn|19\n|-message|sgyyds forfeited.\n|\n|win|KJgamer22\n|raw|KJgamer22's rating: 1034 &rarr; <strong>1065<\/strong><br \/>(+31 for winning)\n|raw|sgyyds's rating: 1000 &rarr; <strong>1000<\/strong><br \/>(+0 for losing)\n|l|\u2606sgyyds\n","uploadtime":1700457659,"views":11,"p1id":"kjgamer22","p2id":"sgyyds","formatid":"gen9ou","rating":1000,"private":0,"password":""}