{"id":"gen9ou-1997837193","p1":"Offline","p2":"lostroncos","format":"[Gen 9] OU","log":"|j|\u2606Offline\n|j|\u2606lostroncos\n|t:|1700858097\n|gametype|singles\n|player|p1|Offline|marnie-masters2|1698\n|player|p2|lostroncos|266|1835\n|teamsize|p1|6\n|teamsize|p2|6\n|gen|9\n|tier|[Gen 9] OU\n|rated|\n|rule|Sleep Clause Mod: Limit one foe put to sleep\n|rule|Species Clause: Limit one of each Pok\u00e9mon\n|rule|OHKO Clause: OHKO moves are banned\n|rule|Evasion Items Clause: Evasion items are banned\n|rule|Evasion Moves Clause: Evasion moves are banned\n|rule|Endless Battle Clause: Forcing endless battles is banned\n|rule|HP Percentage Mod: HP is shown in percentages\n|clearpoke\n|poke|p1|Rillaboom, M|\n|poke|p1|Ursaluna, F|\n|poke|p1|Dragapult, M|\n|poke|p1|Zapdos|\n|poke|p1|Zamazenta-*|\n|poke|p1|Heatran, F|\n|poke|p2|Torkoal, F|\n|poke|p2|Walking Wake|\n|poke|p2|Great Tusk|\n|poke|p2|Cinderace, M|\n|poke|p2|Charizard, M|\n|poke|p2|Brute Bonnet|\n|teampreview\n|inactive|Battle timer is ON: inactive players will automatically lose when time's up. (requested by Offline)\n|\n|t:|1700858115\n|start\n|switch|p1a: Zapdos|Zapdos|100\/100\n|switch|p2a: Torkoal|Torkoal, F|100\/100\n|-weather|SunnyDay|[from] ability: Drought|[of] p2a: Torkoal\n|turn|1\n|\n|t:|1700858131\n|move|p1a: Zapdos|Volt Switch|p2a: Torkoal\n|-damage|p2a: Torkoal|59\/100\n|\n|t:|1700858133\n|switch|p1a: Heatran|Heatran, F|100\/100|[from] Volt Switch\n|move|p2a: Torkoal|Yawn|p1a: Heatran\n|-start|p1a: Heatran|move: Yawn|[of] p2a: Torkoal\n|\n|-weather|SunnyDay|[upkeep]\n|upkeep\n|turn|2\n|\n|t:|1700858147\n|switch|p2a: Walking Wake|Walking Wake|100\/100\n|-activate|p2a: Walking Wake|ability: Protosynthesis\n|-start|p2a: Walking Wake|protosynthesisspe\n|move|p1a: Heatran|Magma Storm|p2a: Walking Wake\n|-resisted|p2a: Walking Wake\n|-damage|p2a: Walking Wake|82\/100\n|-activate|p2a: Walking Wake|move: Magma Storm|[of] p1a: Heatran\n|\n|-weather|SunnyDay|[upkeep]\n|-damage|p2a: Walking Wake|70\/100|[from] move: Magma Storm|[partiallytrapped]\n|-end|p1a: Heatran|move: Yawn|[silent]\n|-status|p1a: Heatran|slp\n|upkeep\n|turn|3\n|\n|t:|1700858160\n|switch|p1a: Rillaboom|Rillaboom, M|100\/100\n|-fieldstart|move: Grassy Terrain|[from] ability: Grassy Surge|[of] p1a: Rillaboom\n|move|p2a: Walking Wake|Hydro Steam|p1a: Rillaboom\n|-resisted|p1a: Rillaboom\n|-damage|p1a: Rillaboom|37\/100\n|\n|-weather|SunnyDay|[upkeep]\n|-heal|p2a: Walking Wake|76\/100|[from] Grassy Terrain\n|-heal|p1a: Rillaboom|43\/100|[from] Grassy Terrain\n|-end|p2a: Walking Wake|Magma Storm|[partiallytrapped]|[silent]\n|upkeep\n|turn|4\n|\n|t:|1700858176\n|-end|p2a: Walking Wake|Protosynthesis|[silent]\n|switch|p2a: Cinderace|Cinderace, M|100\/100\n|move|p1a: Rillaboom|Grassy Glide|p2a: Cinderace\n|-resisted|p2a: Cinderace\n|-damage|p2a: Cinderace|59\/100\n|\n|-weather|SunnyDay|[upkeep]\n|-heal|p2a: Cinderace|65\/100|[from] Grassy Terrain\n|-heal|p1a: Rillaboom|50\/100|[from] Grassy Terrain\n|upkeep\n|turn|5\n|\n|t:|1700858185\n|switch|p1a: Zapdos|Zapdos|100\/100\n|move|p2a: Cinderace|U-turn|p1a: Zapdos\n|-start|p2a: Cinderace|typechange|Bug|[from] ability: Libero\n|-resisted|p1a: Zapdos\n|-damage|p1a: Zapdos|88\/100\n|\n|t:|1700858194\n|switch|p2a: Walking Wake|Walking Wake|76\/100|[from] U-turn\n|-activate|p2a: Walking Wake|ability: Protosynthesis\n|-start|p2a: Walking Wake|protosynthesisspe\n|\n|-weather|SunnyDay|[upkeep]\n|-heal|p2a: Walking Wake|82\/100|[from] Grassy Terrain\n|upkeep\n|turn|6\n|\n|t:|1700858201\n|switch|p1a: Rillaboom|Rillaboom, M|50\/100\n|-terastallize|p2a: Walking Wake|Water\n|move|p2a: Walking Wake|Hydro Steam|p1a: Rillaboom\n|-resisted|p1a: Rillaboom\n|-damage|p1a: Rillaboom|0 fnt\n|faint|p1a: Rillaboom\n|\n|-weather|SunnyDay|[upkeep]\n|-heal|p2a: Walking Wake|88\/100|[from] Grassy Terrain\n|upkeep\n|\n|t:|1700858204\n|switch|p1a: Dragapult|Dragapult, M|100\/100\n|turn|7\n|\n|t:|1700858214\n|-end|p2a: Walking Wake|Protosynthesis|[silent]\n|switch|p2a: Brute Bonnet|Brute Bonnet|100\/100\n|-activate|p2a: Brute Bonnet|ability: Protosynthesis\n|-start|p2a: Brute Bonnet|protosynthesisatk\n|move|p1a: Dragapult|Thunder Wave|p2a: Brute Bonnet\n|-status|p2a: Brute Bonnet|par\n|\n|-weather|SunnyDay|[upkeep]\n|-fieldend|move: Grassy Terrain\n|upkeep\n|turn|8\n|\n|t:|1700858223\n|switch|p1a: Zapdos|Zapdos|88\/100\n|move|p2a: Brute Bonnet|Sucker Punch||[still]\n|-fail|p2a: Brute Bonnet\n|\n|-weather|none\n|-end|p2a: Brute Bonnet|Protosynthesis\n|upkeep\n|turn|9\n|j| Wobble24\n|\n|t:|1700858239\n|-end|p2a: Brute Bonnet|Protosynthesis|[silent]\n|switch|p2a: Great Tusk|Great Tusk|100\/100\n|move|p1a: Zapdos|Volt Switch|p2a: Great Tusk\n|-immune|p2a: Great Tusk\n|\n|upkeep\n|turn|10\n|\n|t:|1700858247\n|move|p2a: Great Tusk|Ice Spinner|p1a: Zapdos\n|-supereffective|p1a: Zapdos\n|-damage|p1a: Zapdos|44\/100\n|move|p1a: Zapdos|Volt Switch|p2a: Great Tusk\n|-immune|p2a: Great Tusk\n|\n|upkeep\n|turn|11\n|\n|t:|1700858256\n|move|p2a: Great Tusk|Ice Spinner|p1a: Zapdos\n|-supereffective|p1a: Zapdos\n|-damage|p1a: Zapdos|4\/100\n|-status|p2a: Great Tusk|par|[from] ability: Static|[of] p1a: Zapdos\n|move|p1a: Zapdos|Hurricane|p2a: Great Tusk\n|-supereffective|p2a: Great Tusk\n|-damage|p2a: Great Tusk|0 fnt\n|faint|p2a: Great Tusk\n|-end|p2a: Great Tusk|Protosynthesis|[silent]\n|\n|upkeep\n|\n|t:|1700858269\n|switch|p2a: Walking Wake|Walking Wake, tera:Water|88\/100\n|turn|12\n|\n|t:|1700858274\n|move|p2a: Walking Wake|Hydro Steam|p1a: Zapdos\n|-damage|p1a: Zapdos|0 fnt\n|faint|p1a: Zapdos\n|\n|upkeep\n|\n|t:|1700858276\n|switch|p1a: Dragapult|Dragapult, M|100\/100\n|turn|13\n|\n|t:|1700858284\n|-end|p2a: Walking Wake|Protosynthesis|[silent]\n|switch|p2a: Torkoal|Torkoal, F|59\/100\n|-weather|SunnyDay|[from] ability: Drought|[of] p2a: Torkoal\n|move|p1a: Dragapult|Dragon Darts|p2a: Torkoal\n|-damage|p2a: Torkoal|45\/100\n|-anim|p1a: Dragapult|Dragon Darts|p2a: Torkoal\n|-damage|p2a: Torkoal|34\/100\n|\n|-weather|SunnyDay|[upkeep]\n|upkeep\n|turn|14\n|\n|t:|1700858298\n|switch|p2a: Brute Bonnet|Brute Bonnet|100\/100 par\n|-activate|p2a: Brute Bonnet|ability: Protosynthesis\n|-start|p2a: Brute Bonnet|protosynthesisatk\n|move|p1a: Dragapult|Draco Meteor|p2a: Brute Bonnet\n|-damage|p2a: Brute Bonnet|47\/100 par\n|-unboost|p1a: Dragapult|spa|2\n|\n|-weather|SunnyDay|[upkeep]\n|upkeep\n|turn|15\n|\n|t:|1700858308\n|switch|p1a: Heatran|Heatran, F|100\/100 slp\n|move|p2a: Brute Bonnet|Seed Bomb|p1a: Heatran\n|-resisted|p1a: Heatran\n|-damage|p1a: Heatran|84\/100 slp\n|-damage|p2a: Brute Bonnet|37\/100 par|[from] item: Life Orb\n|\n|-weather|SunnyDay|[upkeep]\n|-heal|p1a: Heatran|90\/100 slp|[from] item: Leftovers\n|upkeep\n|turn|16\n|\n|t:|1700858316\n|cant|p1a: Heatran|slp\n|move|p2a: Brute Bonnet|Close Combat|p1a: Heatran\n|-supereffective|p1a: Heatran\n|-damage|p1a: Heatran|0 fnt\n|-unboost|p2a: Brute Bonnet|def|1\n|-unboost|p2a: Brute Bonnet|spd|1\n|faint|p1a: Heatran\n|-damage|p2a: Brute Bonnet|27\/100 par|[from] item: Life Orb\n|\n|-weather|SunnyDay|[upkeep]\n|upkeep\n|\n|t:|1700858321\n|switch|p1a: Ursaluna|Ursaluna, F|100\/100\n|turn|17\n|\n|t:|1700858329\n|move|p1a: Ursaluna|Facade|p2a: Brute Bonnet\n|-damage|p2a: Brute Bonnet|0 fnt\n|faint|p2a: Brute Bonnet\n|-end|p2a: Brute Bonnet|Protosynthesis|[silent]\n|\n|-weather|SunnyDay|[upkeep]\n|-status|p1a: Ursaluna|brn|[from] item: Flame Orb\n|upkeep\n|\n|t:|1700858335\n|switch|p2a: Walking Wake|Walking Wake, tera:Water|88\/100\n|-activate|p2a: Walking Wake|ability: Protosynthesis\n|-start|p2a: Walking Wake|protosynthesisspe\n|turn|18\n|\n|t:|1700858340\n|-terastallize|p1a: Ursaluna|Dragon\n|move|p2a: Walking Wake|Hydro Steam|p1a: Ursaluna\n|-resisted|p1a: Ursaluna\n|-damage|p1a: Ursaluna|34\/100 brn\n|move|p1a: Ursaluna|Facade|p2a: Walking Wake\n|-damage|p2a: Walking Wake|0 fnt\n|faint|p2a: Walking Wake\n|-end|p2a: Walking Wake|Protosynthesis|[silent]\n|\n|-weather|SunnyDay|[upkeep]\n|-damage|p1a: Ursaluna|28\/100 brn|[from] brn\n|upkeep\n|\n|t:|1700858350\n|switch|p2a: Cinderace|Cinderace, M|65\/100\n|turn|19\n|\n|t:|1700858355\n|move|p2a: Cinderace|U-turn|p1a: Ursaluna\n|-start|p2a: Cinderace|typechange|Bug|[from] ability: Libero\n|-damage|p1a: Ursaluna|1\/100 brn\n|\n|t:|1700858359\n|switch|p2a: Torkoal|Torkoal, F|34\/100|[from] U-turn\n|move|p1a: Ursaluna|Facade|p2a: Torkoal\n|-damage|p2a: Torkoal|0 fnt\n|faint|p2a: Torkoal\n|\n|-weather|SunnyDay|[upkeep]\n|-damage|p1a: Ursaluna|0 fnt|[from] brn\n|faint|p1a: Ursaluna\n|upkeep\n|j| Nanatsu no ippo\n|\n|t:|1700858368\n|switch|p1a: Dragapult|Dragapult, M|100\/100\n|switch|p2a: Charizard|Charizard, M|100\/100\n|turn|20\n|\n|t:|1700858376\n|switch|p2a: Cinderace|Cinderace, M|65\/100\n|move|p1a: Dragapult|Dragon Darts|p2a: Cinderace\n|-damage|p2a: Cinderace|32\/100\n|-anim|p1a: Dragapult|Dragon Darts|p2a: Cinderace\n|-damage|p2a: Cinderace|2\/100\n|\n|-weather|none\n|upkeep\n|turn|21\n|\n|t:|1700858383\n|move|p2a: Cinderace|Sucker Punch|p1a: Dragapult\n|-start|p2a: Cinderace|typechange|Dark|[from] ability: Libero\n|-supereffective|p1a: Dragapult\n|-damage|p1a: Dragapult|1\/100\n|move|p1a: Dragapult|Dragon Darts|p2a: Cinderace\n|-damage|p2a: Cinderace|0 fnt\n|faint|p2a: Cinderace\n|\n|upkeep\n|\n|t:|1700858392\n|switch|p2a: Charizard|Charizard, M|100\/100\n|turn|22\n|\n|t:|1700858396\n|move|p1a: Dragapult|Dragon Darts|p2a: Charizard\n|-damage|p2a: Charizard|67\/100\n|-anim|p1a: Dragapult|Dragon Darts|p2a: Charizard\n|-damage|p2a: Charizard|35\/100\n|move|p2a: Charizard|Air Slash|p1a: Dragapult\n|-damage|p1a: Dragapult|0 fnt\n|faint|p1a: Dragapult\n|\n|upkeep\n|\n|t:|1700858401\n|switch|p1a: Zamazenta|Zamazenta|100\/100\n|-ability|p1a: Zamazenta|Dauntless Shield|boost\n|-boost|p1a: Zamazenta|def|1\n|turn|23\n|\n|t:|1700858408\n|move|p1a: Zamazenta|Crunch|p2a: Charizard\n|-damage|p2a: Charizard|6\/100\n|move|p2a: Charizard|Air Slash|p1a: Zamazenta\n|-supereffective|p1a: Zamazenta\n|-damage|p1a: Zamazenta|17\/100\n|\n|-heal|p1a: Zamazenta|23\/100|[from] item: Leftovers\n|upkeep\n|turn|24\n|j| Snozy\n|l| Snozy\n|\n|t:|1700858415\n|move|p1a: Zamazenta|Body Press|p2a: Charizard\n|-resisted|p2a: Charizard\n|-damage|p2a: Charizard|0 fnt\n|faint|p2a: Charizard\n|\n|win|Offline\n|raw|Offline's rating: 1698 &rarr; <strong>1726<\/strong><br \/>(+28 for winning)\n|raw|lostroncos's rating: 1835 &rarr; <strong>1807<\/strong><br \/>(-28 for losing)\n|l|\u2606Offline\n|l|\u2606lostroncos\n","uploadtime":1700858426,"views":8,"p1id":"offline","p2id":"lostroncos","formatid":"gen9ou","rating":1726,"private":0,"password":""}