{"id":"gen9ou-1994849946","p1":"Philip Witt.","p2":"damn im permaban","format":"[Gen 9] OU","log":"|j|\u2606Philip Witt.\n|j|\u203ddamn im permaban\n|t:|1700498475\n|gametype|singles\n|player|p1|Philip Witt.|calem-masters|1409\n|player|p2|damn im permaban|morty|1423\n|teamsize|p1|6\n|teamsize|p2|6\n|gen|9\n|tier|[Gen 9] OU\n|rated|\n|rule|Sleep Clause Mod: Limit one foe put to sleep\n|rule|Species Clause: Limit one of each Pok\u00e9mon\n|rule|OHKO Clause: OHKO moves are banned\n|rule|Evasion Items Clause: Evasion items are banned\n|rule|Evasion Moves Clause: Evasion moves are banned\n|rule|Endless Battle Clause: Forcing endless battles is banned\n|rule|HP Percentage Mod: HP is shown in percentages\n|clearpoke\n|poke|p1|Greninja-*, M|\n|poke|p1|Decidueye-Hisui, M|\n|poke|p1|Ursaluna, M|\n|poke|p1|Iron Valiant|\n|poke|p1|Gholdengo|\n|poke|p1|Iron Moth|\n|poke|p2|Landorus-Therian, M|\n|poke|p2|Heatran, F|\n|poke|p2|Clefable, F|\n|poke|p2|Dondozo, M|\n|poke|p2|Corviknight, M|\n|poke|p2|Toxapex, M|\n|teampreview\n|inactive|Battle timer is ON: inactive players will automatically lose when time's up. (requested by Philip Witt.)\n|\n|t:|1700498486\n|start\n|switch|p1a: Volcarobo|Iron Moth, shiny|100\/100\n|switch|p2a: Landorus|Landorus-Therian, M|100\/100\n|-ability|p2a: Landorus|Intimidate|boost\n|-unboost|p1a: Volcarobo|atk|1\n|turn|1\n|\n|t:|1700498491\n|-end|p1a: Volcarobo|Quark Drive|[silent]\n|switch|p1a: Snails|Gholdengo, shiny|100\/100\n|-item|p1a: Snails|Air Balloon\n|move|p2a: Landorus|Earthquake|p1a: Snails\n|-immune|p1a: Snails\n|\n|upkeep\n|turn|2\n|\n|t:|1700498500\n|switch|p2a: Heatran|Heatran, F|100\/100\n|move|p1a: Snails|Nasty Plot|p1a: Snails\n|-boost|p1a: Snails|spa|2\n|\n|upkeep\n|turn|3\n|\n|t:|1700498505\n|move|p1a: Snails|Focus Blast|p2a: Heatran\n|-supereffective|p2a: Heatran\n|-damage|p2a: Heatran|0 fnt\n|faint|p2a: Heatran\n|\n|upkeep\n|\n|t:|1700498514\n|switch|p2a: Dondozo|Dondozo, M|100\/100\n|turn|4\n|\n|t:|1700498521\n|switch|p1a: Owlbert|Decidueye-Hisui, M|100\/100\n|move|p2a: Dondozo|Liquidation|p1a: Owlbert\n|-resisted|p1a: Owlbert\n|-damage|p1a: Owlbert|81\/100\n|\n|upkeep\n|turn|5\n|\n|t:|1700498527\n|switch|p2a: Toxapex|Toxapex, M|100\/100\n|move|p1a: Owlbert|Knock Off|p2a: Toxapex\n|-damage|p2a: Toxapex|77\/100\n|-enditem|p2a: Toxapex|Leftovers|[from] move: Knock Off|[of] p1a: Owlbert\n|\n|upkeep\n|turn|6\n|\n|t:|1700498538\n|switch|p1a: Mr. Grizz|Ursaluna, M, shiny|100\/100\n|move|p2a: Toxapex|Toxic Spikes|p1a: Mr. Grizz\n|-sidestart|p1: Philip Witt.|move: Toxic Spikes\n|\n|-status|p1a: Mr. Grizz|brn|[from] item: Flame Orb\n|upkeep\n|turn|7\n|\n|t:|1700498544\n|switch|p2a: Corviknight|Corviknight, M|100\/100\n|-ability|p2a: Corviknight|Pressure\n|move|p1a: Mr. Grizz|Facade|p2a: Corviknight\n|-resisted|p2a: Corviknight\n|-damage|p2a: Corviknight|48\/100\n|\n|-heal|p2a: Corviknight|54\/100|[from] item: Leftovers\n|-damage|p1a: Mr. Grizz|94\/100 brn|[from] brn\n|upkeep\n|turn|8\n|\n|t:|1700498556\n|move|p2a: Corviknight|Bulk Up|p2a: Corviknight\n|-boost|p2a: Corviknight|atk|1\n|-boost|p2a: Corviknight|def|1\n|move|p1a: Mr. Grizz|Facade|p2a: Corviknight\n|-resisted|p2a: Corviknight\n|-damage|p2a: Corviknight|21\/100\n|\n|-heal|p2a: Corviknight|27\/100|[from] item: Leftovers\n|-damage|p1a: Mr. Grizz|88\/100 brn|[from] brn\n|upkeep\n|turn|9\n|\n|t:|1700498572\n|-terastallize|p2a: Corviknight|Dark\n|move|p2a: Corviknight|Roost|p2a: Corviknight\n|-heal|p2a: Corviknight|77\/100\n|move|p1a: Mr. Grizz|Earthquake|p2a: Corviknight\n|-damage|p2a: Corviknight|29\/100\n|\n|-heal|p2a: Corviknight|35\/100|[from] item: Leftovers\n|-damage|p1a: Mr. Grizz|82\/100 brn|[from] brn\n|upkeep\n|turn|10\n|\n|t:|1700498581\n|move|p2a: Corviknight|Roost|p2a: Corviknight\n|-heal|p2a: Corviknight|85\/100\n|move|p1a: Mr. Grizz|Drain Punch|p2a: Corviknight\n|-supereffective|p2a: Corviknight\n|-damage|p2a: Corviknight|39\/100\n|-heal|p1a: Mr. Grizz|100\/100 brn|[from] drain|[of] p2a: Corviknight\n|\n|-heal|p2a: Corviknight|45\/100|[from] item: Leftovers\n|-damage|p1a: Mr. Grizz|94\/100 brn|[from] brn\n|upkeep\n|turn|11\n|\n|t:|1700498590\n|move|p2a: Corviknight|Roost|p2a: Corviknight\n|-heal|p2a: Corviknight|95\/100\n|move|p1a: Mr. Grizz|Drain Punch|p2a: Corviknight\n|-supereffective|p2a: Corviknight\n|-damage|p2a: Corviknight|43\/100\n|-heal|p1a: Mr. Grizz|100\/100 brn|[from] drain|[of] p2a: Corviknight\n|\n|-heal|p2a: Corviknight|49\/100|[from] item: Leftovers\n|-damage|p1a: Mr. Grizz|94\/100 brn|[from] brn\n|upkeep\n|turn|12\n|\n|t:|1700498597\n|switch|p2a: Landorus|Landorus-Therian, M|100\/100\n|-ability|p2a: Landorus|Intimidate|boost\n|-unboost|p1a: Mr. Grizz|atk|1\n|move|p1a: Mr. Grizz|Drain Punch|p2a: Landorus\n|-resisted|p2a: Landorus\n|-crit|p2a: Landorus\n|-damage|p2a: Landorus|59\/100\n|-heal|p1a: Mr. Grizz|100\/100 brn|[from] drain|[of] p2a: Landorus\n|\n|-damage|p1a: Mr. Grizz|94\/100 brn|[from] brn\n|upkeep\n|turn|13\n|-message|damn im permaban forfeited.\n|\n|win|Philip Witt.\n|raw|Philip Witt.'s rating: 1409 &rarr; <strong>1430<\/strong><br \/>(+21 for winning)\n|raw|damn im permaban's rating: 1423 &rarr; <strong>1402<\/strong><br \/>(-21 for losing)\n|l|\u203ddamn im permaban\n","uploadtime":1700498603,"views":11,"p1id":"philipwitt","p2id":"damnimpermaban","formatid":"gen9ou","rating":1402,"private":0,"password":""}