{"id":"gen9ou-1991210204","p1":"Aerodragon3","p2":"GGXDWOWDONE","format":"[Gen 9] OU","log":"|j|\u2606Aerodragon3\n|j|\u2606GGXDWOWDONE\n|t:|1700057473\n|gametype|singles\n|player|p1|Aerodragon3|dragontamer|1323\n|player|p2|GGXDWOWDONE|winona|1220\n|teamsize|p1|6\n|teamsize|p2|6\n|gen|9\n|tier|[Gen 9] OU\n|rated|\n|rule|Sleep Clause Mod: Limit one foe put to sleep\n|rule|Species Clause: Limit one of each Pok\u00e9mon\n|rule|OHKO Clause: OHKO moves are banned\n|rule|Evasion Items Clause: Evasion items are banned\n|rule|Evasion Moves Clause: Evasion moves are banned\n|rule|Endless Battle Clause: Forcing endless battles is banned\n|rule|HP Percentage Mod: HP is shown in percentages\n|clearpoke\n|poke|p1|Glimmora, F|\n|poke|p1|Ceruledge, M|\n|poke|p1|Great Tusk|\n|poke|p1|Ogerpon-Wellspring, F|\n|poke|p1|Enamorus, F|\n|poke|p1|Greninja-*, M|\n|poke|p2|Ogerpon-Wellspring, F|\n|poke|p2|Zapdos|\n|poke|p2|Glimmora, F|\n|poke|p2|Dragapult, F|\n|poke|p2|Corviknight, M|\n|poke|p2|Ribombee, M|\n|teampreview\n|inactive|Battle timer is ON: inactive players will automatically lose when time's up. (requested by GGXDWOWDONE)\n|\n|t:|1700057482\n|start\n|switch|p1a: Glimmora|Glimmora, F|100\/100\n|switch|p2a: Ribombee|Ribombee, M|100\/100\n|turn|1\n|\n|t:|1700057493\n|switch|p2a: Corviknight|Corviknight, M|100\/100\n|move|p1a: Glimmora|Mortal Spin|p2a: Corviknight\n|-immune|p2a: Corviknight\n|\n|upkeep\n|turn|2\n|\n|t:|1700057497\n|move|p1a: Glimmora|Stealth Rock|p2a: Corviknight\n|-sidestart|p2: GGXDWOWDONE|move: Stealth Rock\n|move|p2a: Corviknight|Iron Defense|p2a: Corviknight\n|-boost|p2a: Corviknight|def|2\n|\n|upkeep\n|turn|3\n|\n|t:|1700057504\n|switch|p1a: Enamorus|Enamorus, F|100\/100\n|move|p2a: Corviknight|Iron Defense|p2a: Corviknight\n|-boost|p2a: Corviknight|def|2\n|\n|upkeep\n|turn|4\n|\n|t:|1700057507\n|move|p1a: Enamorus|Mystical Fire|p2a: Corviknight\n|-supereffective|p2a: Corviknight\n|-damage|p2a: Corviknight|56\/100\n|-ability|p2a: Corviknight|Mirror Armor\n|-unboost|p1a: Enamorus|spa|1\n|-damage|p1a: Enamorus|91\/100|[from] item: Life Orb\n|move|p2a: Corviknight|Body Press|p1a: Enamorus\n|-resisted|p1a: Enamorus\n|-damage|p1a: Enamorus|69\/100\n|\n|-heal|p2a: Corviknight|62\/100|[from] item: Leftovers\n|upkeep\n|turn|5\n|\n|t:|1700057517\n|move|p1a: Enamorus|Mystical Fire|p2a: Corviknight\n|-supereffective|p2a: Corviknight\n|-damage|p2a: Corviknight|32\/100\n|-ability|p2a: Corviknight|Mirror Armor\n|-unboost|p1a: Enamorus|spa|1\n|-damage|p1a: Enamorus|60\/100|[from] item: Life Orb\n|move|p2a: Corviknight|Defog|p1a: Enamorus\n|-unboost|p1a: Enamorus|evasion|1\n|-sideend|p2: GGXDWOWDONE|Stealth Rock|[from] move: Defog|[of] p2a: Corviknight\n|\n|-heal|p2a: Corviknight|38\/100|[from] item: Leftovers\n|upkeep\n|turn|6\n|\n|t:|1700057522\n|switch|p1a: Greninja|Greninja, M|100\/100\n|move|p2a: Corviknight|Iron Head|p1a: Greninja\n|-resisted|p1a: Greninja\n|-damage|p1a: Greninja|82\/100\n|\n|-heal|p2a: Corviknight|44\/100|[from] item: Leftovers\n|upkeep\n|turn|7\n|\n|t:|1700057526\n|move|p1a: Greninja|Hydro Pump|p2a: Corviknight\n|-damage|p2a: Corviknight|0 fnt\n|faint|p2a: Corviknight\n|-ability|p1a: Greninja|Battle Bond|boost\n|-boost|p1a: Greninja|atk|1\n|-boost|p1a: Greninja|spa|1\n|-boost|p1a: Greninja|spe|1\n|-activate|p1a: Greninja|ability: Battle Bond\n|-damage|p1a: Greninja|72\/100|[from] item: Life Orb\n|\n|upkeep\n|\n|t:|1700057539\n|switch|p2a: Ribombee|Ribombee, M|100\/100\n|turn|8\n|\n|t:|1700057545\n|move|p1a: Greninja|Dark Pulse|p2a: Ribombee\n|-resisted|p2a: Ribombee\n|-damage|p2a: Ribombee|43\/100\n|-damage|p1a: Greninja|62\/100|[from] item: Life Orb\n|move|p2a: Ribombee|Quiver Dance|p2a: Ribombee\n|-boost|p2a: Ribombee|spa|1\n|-boost|p2a: Ribombee|spd|1\n|-boost|p2a: Ribombee|spe|1\n|\n|upkeep\n|turn|9\n|\n|t:|1700057556\n|move|p1a: Greninja|Dark Pulse|p2a: Ribombee\n|-resisted|p2a: Ribombee\n|-damage|p2a: Ribombee|6\/100\n|-damage|p1a: Greninja|52\/100|[from] item: Life Orb\n|move|p2a: Ribombee|Quiver Dance|p2a: Ribombee\n|-boost|p2a: Ribombee|spa|1\n|-boost|p2a: Ribombee|spd|1\n|-boost|p2a: Ribombee|spe|1\n|\n|upkeep\n|turn|10\n|\n|t:|1700057560\n|move|p2a: Ribombee|Moonblast|p1a: Greninja\n|-supereffective|p1a: Greninja\n|-damage|p1a: Greninja|0 fnt\n|faint|p1a: Greninja\n|\n|upkeep\n|\n|t:|1700057562\n|switch|p1a: Glimmora|Glimmora, F|100\/100\n|turn|11\n|\n|t:|1700057579\n|switch|p2a: Glimmora|Glimmora, F|100\/100\n|move|p1a: Glimmora|Mortal Spin|p2a: Glimmora\n|-resisted|p2a: Glimmora\n|-damage|p2a: Glimmora|99\/100\n|-activate|p2a: Glimmora|ability: Toxic Debris\n|-sidestart|p1: Aerodragon3|move: Toxic Spikes\n|-sideend|p1: Aerodragon3|Toxic Spikes|[from] move: Mortal Spin|[of] p1a: Glimmora\n|\n|upkeep\n|turn|12\n|\n|t:|1700057587\n|switch|p2a: Dragapult|Dragapult, F|100\/100\n|move|p1a: Glimmora|Stealth Rock|p2a: Dragapult\n|-sidestart|p2: GGXDWOWDONE|move: Stealth Rock\n|\n|upkeep\n|turn|13\n|\n|t:|1700057590\n|move|p2a: Dragapult|Dragon Dance|p2a: Dragapult\n|-boost|p2a: Dragapult|atk|1\n|-boost|p2a: Dragapult|spe|1\n|move|p1a: Glimmora|Mortal Spin|p2a: Dragapult\n|-resisted|p2a: Dragapult\n|-damage|p2a: Dragapult|97\/100\n|-status|p2a: Dragapult|psn\n|\n|-damage|p2a: Dragapult|84\/100 psn|[from] psn\n|upkeep\n|turn|14\n|\n|t:|1700057594\n|switch|p1a: Enamorus|Enamorus, F|60\/100\n|move|p2a: Dragapult|Dragon Dance|p2a: Dragapult\n|-boost|p2a: Dragapult|atk|1\n|-boost|p2a: Dragapult|spe|1\n|\n|-damage|p2a: Dragapult|72\/100 psn|[from] psn\n|upkeep\n|turn|15\n|\n|t:|1700057602\n|switch|p1a: Glimmora|Glimmora, F|100\/100\n|move|p2a: Dragapult|U-turn|p1a: Glimmora\n|-resisted|p1a: Glimmora\n|-damage|p1a: Glimmora|62\/100\n|-activate|p1a: Glimmora|ability: Toxic Debris\n|-sidestart|p2: GGXDWOWDONE|move: Toxic Spikes\n|-damage|p2a: Dragapult|62\/100 psn|[from] item: Life Orb\n|\n|t:|1700057607\n|switch|p2a: Ogerpon|Ogerpon-Wellspring, F|100\/100|[from] U-turn\n|-damage|p2a: Ogerpon|88\/100|[from] Stealth Rock\n|-status|p2a: Ogerpon|psn\n|\n|-damage|p2a: Ogerpon|76\/100 psn|[from] psn\n|upkeep\n|turn|16\n|\n|t:|1700057613\n|move|p2a: Ogerpon|Swords Dance|p2a: Ogerpon\n|-boost|p2a: Ogerpon|atk|2\n|move|p1a: Glimmora|Energy Ball|p2a: Ogerpon\n|-damage|p2a: Ogerpon|41\/100 psn\n|\n|-damage|p2a: Ogerpon|29\/100 psn|[from] psn\n|upkeep\n|turn|17\n|\n|t:|1700057618\n|move|p2a: Ogerpon|Horn Leech|p1a: Glimmora\n|-damage|p1a: Glimmora|0 fnt\n|-heal|p2a: Ogerpon|60\/100 psn|[from] drain|[of] p1a: Glimmora\n|-activate|p1a: Glimmora|ability: Toxic Debris\n|-sidestart|p2: GGXDWOWDONE|move: Toxic Spikes\n|faint|p1a: Glimmora\n|\n|-damage|p2a: Ogerpon|48\/100 psn|[from] psn\n|upkeep\n|\n|t:|1700057624\n|switch|p1a: Enamorus|Enamorus, F|60\/100\n|turn|18\n|\n|t:|1700057628\n|move|p2a: Ogerpon|Ivy Cudgel|p1a: Enamorus|[anim] Ivy Cudgel Water\n|-damage|p1a: Enamorus|0 fnt\n|faint|p1a: Enamorus\n|\n|-damage|p2a: Ogerpon|36\/100 psn|[from] psn\n|upkeep\n|\n|t:|1700057631\n|switch|p1a: Ogerpon|Ogerpon-Wellspring, F|100\/100\n|turn|19\n|\n|t:|1700057634\n|move|p1a: Ogerpon|Horn Leech|p2a: Ogerpon\n|-damage|p2a: Ogerpon|0 fnt\n|faint|p2a: Ogerpon\n|\n|upkeep\n|\n|t:|1700057652\n|switch|p2a: Zapdos|Zapdos|100\/100\n|-damage|p2a: Zapdos|75\/100|[from] Stealth Rock\n|turn|20\n|\n|t:|1700057658\n|move|p1a: Ogerpon|Swords Dance|p1a: Ogerpon\n|-boost|p1a: Ogerpon|atk|2\n|move|p2a: Zapdos|Volt Switch|p1a: Ogerpon\n|-damage|p1a: Ogerpon|56\/100\n|\n|t:|1700057664\n|switch|p2a: Dragapult|Dragapult, F|62\/100 psn|[from] Volt Switch\n|-damage|p2a: Dragapult|50\/100 psn|[from] Stealth Rock\n|\n|-damage|p2a: Dragapult|38\/100 psn|[from] psn\n|upkeep\n|turn|21\n|\n|t:|1700057667\n|move|p2a: Dragapult|U-turn|p1a: Ogerpon\n|-supereffective|p1a: Ogerpon\n|-damage|p1a: Ogerpon|0 fnt\n|faint|p1a: Ogerpon\n|-damage|p2a: Dragapult|28\/100 psn|[from] item: Life Orb\n|\n|t:|1700057674\n|switch|p2a: Glimmora|Glimmora, F|99\/100|[from] U-turn\n|-damage|p2a: Glimmora|86\/100|[from] Stealth Rock\n|-sideend|p2: GGXDWOWDONE|move: Toxic Spikes|[of] p2a: Glimmora\n|\n|upkeep\n|\n|t:|1700057677\n|switch|p1a: Great Tusk|Great Tusk|100\/100\n|turn|22\n|\n|t:|1700057685\n|-terastallize|p2a: Glimmora|Grass\n|move|p1a: Great Tusk|Rapid Spin|p2a: Glimmora\n|-damage|p2a: Glimmora|69\/100\n|-boost|p1a: Great Tusk|spe|1\n|-activate|p2a: Glimmora|ability: Toxic Debris\n|-sidestart|p1: Aerodragon3|move: Toxic Spikes\n|-sideend|p1: Aerodragon3|Toxic Spikes|[from] move: Rapid Spin|[of] p1a: Great Tusk\n|move|p2a: Glimmora|Mortal Spin|p1a: Great Tusk\n|-resisted|p1a: Great Tusk\n|-damage|p1a: Great Tusk|98\/100\n|-status|p1a: Great Tusk|psn\n|-sideend|p2: GGXDWOWDONE|Stealth Rock|[from] move: Mortal Spin|[of] p2a: Glimmora\n|\n|-heal|p1a: Great Tusk|100\/100 psn|[from] item: Leftovers\n|-damage|p1a: Great Tusk|88\/100 psn|[from] psn\n|upkeep\n|turn|23\n|\n|t:|1700057696\n|move|p1a: Great Tusk|Close Combat|p2a: Glimmora\n|-crit|p2a: Glimmora\n|-damage|p2a: Glimmora|0 fnt\n|-unboost|p1a: Great Tusk|def|1\n|-unboost|p1a: Great Tusk|spd|1\n|-activate|p2a: Glimmora|ability: Toxic Debris\n|-sidestart|p1: Aerodragon3|move: Toxic Spikes\n|faint|p2a: Glimmora\n|\n|-heal|p1a: Great Tusk|94\/100 psn|[from] item: Leftovers\n|-damage|p1a: Great Tusk|82\/100 psn|[from] psn\n|upkeep\n|\n|t:|1700057701\n|switch|p2a: Ribombee|Ribombee, M|6\/100\n|turn|24\n|\n|t:|1700057703\n|move|p1a: Great Tusk|Rapid Spin|p2a: Ribombee\n|-damage|p2a: Ribombee|0 fnt\n|-boost|p1a: Great Tusk|spe|1\n|-sideend|p1: Aerodragon3|Toxic Spikes|[from] move: Rapid Spin|[of] p1a: Great Tusk\n|faint|p2a: Ribombee\n|\n|-heal|p1a: Great Tusk|88\/100 psn|[from] item: Leftovers\n|-damage|p1a: Great Tusk|76\/100 psn|[from] psn\n|upkeep\n|\n|t:|1700057710\n|switch|p2a: Zapdos|Zapdos|75\/100\n|turn|25\n|\n|t:|1700057714\n|move|p1a: Great Tusk|Knock Off|p2a: Zapdos\n|-damage|p2a: Zapdos|42\/100\n|-enditem|p2a: Zapdos|Leftovers|[from] move: Knock Off|[of] p1a: Great Tusk\n|move|p2a: Zapdos|Heat Wave|p1a: Great Tusk\n|-damage|p1a: Great Tusk|0 fnt\n|faint|p1a: Great Tusk\n|-end|p1a: Great Tusk|Protosynthesis|[silent]\n|\n|upkeep\n|\n|t:|1700057720\n|switch|p1a: Ceruledge|Ceruledge, M|100\/100\n|turn|26\n|\n|t:|1700057724\n|move|p1a: Ceruledge|Bitter Blade|p2a: Zapdos\n|-damage|p2a: Zapdos|0 fnt\n|-status|p1a: Ceruledge|par|[from] ability: Static|[of] p2a: Zapdos\n|faint|p2a: Zapdos\n|\n|upkeep\n|\n|t:|1700057727\n|switch|p2a: Dragapult|Dragapult, F|28\/100 psn\n|turn|27\n|\n|t:|1700057730\n|move|p1a: Ceruledge|Endure|p1a: Ceruledge\n|-singleturn|p1a: Ceruledge|move: Endure\n|move|p2a: Dragapult|Dragon Darts|p1a: Ceruledge\n|-damage|p1a: Ceruledge|50\/100 par\n|-ability|p1a: Ceruledge|Weak Armor|boost\n|-unboost|p1a: Ceruledge|def|1\n|-boost|p1a: Ceruledge|spe|2\n|-anim|p2a: Dragapult|Dragon Darts|p1a: Ceruledge\n|-activate|p1a: Ceruledge|move: Endure\n|-damage|p1a: Ceruledge|1\/100 par\n|-ability|p1a: Ceruledge|Weak Armor|boost\n|-unboost|p1a: Ceruledge|def|1\n|-boost|p1a: Ceruledge|spe|2\n|-damage|p2a: Dragapult|18\/100 psn|[from] item: Life Orb\n|\n|-damage|p2a: Dragapult|6\/100 psn|[from] psn\n|upkeep\n|turn|28\n|\n|t:|1700057743\n|cant|p1a: Ceruledge|par\n|move|p2a: Dragapult|Dragon Darts|p1a: Ceruledge\n|-damage|p1a: Ceruledge|0 fnt\n|faint|p1a: Ceruledge\n|-damage|p2a: Dragapult|0 fnt|[from] item: Life Orb\n|faint|p2a: Dragapult\n|\n|win|GGXDWOWDONE\n|raw|Aerodragon3's rating: 1323 &rarr; <strong>1297<\/strong><br \/>(-26 for losing)\n|raw|GGXDWOWDONE's rating: 1220 &rarr; <strong>1252<\/strong><br \/>(+32 for winning)\n|l|\u2606Aerodragon3\n","uploadtime":1700057749,"views":11,"p1id":"aerodragon3","p2id":"ggxdwowdone","formatid":"gen9ou","rating":1252,"private":0,"password":""}