{"id":"gen9ou-1988619112","p1":"tricktrale","p2":"gcy9","format":"[Gen 9] OU","log":"|j|\u2606tricktrale\n|j|\u2606gcy9\n|t:|1699742667\n|gametype|singles\n|player|p1|tricktrale|101|1311\n|player|p2|gcy9|265|1365\n|teamsize|p1|6\n|teamsize|p2|6\n|gen|9\n|tier|[Gen 9] OU\n|rated|\n|rule|Sleep Clause Mod: Limit one foe put to sleep\n|rule|Species Clause: Limit one of each Pok\u00e9mon\n|rule|OHKO Clause: OHKO moves are banned\n|rule|Evasion Items Clause: Evasion items are banned\n|rule|Evasion Moves Clause: Evasion moves are banned\n|rule|Endless Battle Clause: Forcing endless battles is banned\n|rule|HP Percentage Mod: HP is shown in percentages\n|clearpoke\n|poke|p1|Torkoal, M|\n|poke|p1|Charizard, M|\n|poke|p1|Lilligant-Hisui, F|\n|poke|p1|Great Tusk|\n|poke|p1|Walking Wake|\n|poke|p1|Hatterene, F|\n|poke|p2|Mandibuzz, F|\n|poke|p2|Jirachi|\n|poke|p2|Garchomp, M|\n|poke|p2|Slowking-Galar, F|\n|poke|p2|Ogerpon, F|\n|poke|p2|Tauros-Paldea-Aqua, M|\n|teampreview\n|\n|t:|1699742692\n|start\n|switch|p1a: Torkoal|Torkoal, M|100\/100\n|switch|p2a: Slowking|Slowking-Galar, F|100\/100\n|-weather|SunnyDay|[from] ability: Drought|[of] p1a: Torkoal\n|turn|1\n|\n|t:|1699742702\n|move|p1a: Torkoal|Stealth Rock|p2a: Slowking\n|-sidestart|p2: gcy9|move: Stealth Rock\n|move|p2a: Slowking|Trick|p1a: Torkoal\n|-activate|p2a: Slowking|move: Trick|[of] p1a: Torkoal\n|-item|p1a: Torkoal|Black Sludge|[from] move: Trick\n|-item|p2a: Slowking|Heat Rock|[from] move: Trick\n|\n|-weather|SunnyDay|[upkeep]\n|-damage|p1a: Torkoal|88\/100|[from] item: Black Sludge\n|upkeep\n|turn|2\n|\n|t:|1699742719\n|switch|p1a: Walking Wake|Walking Wake|100\/100\n|-activate|p1a: Walking Wake|ability: Protosynthesis\n|-start|p1a: Walking Wake|protosynthesisspe\n|move|p2a: Slowking|Chilly Reception|p2a: Slowking\n|-weather|Snow\n|-end|p1a: Walking Wake|Protosynthesis\n|inactive|Battle timer is ON: inactive players will automatically lose when time's up. (requested by tricktrale)\n|\n|t:|1699742765\n|switch|p2a: Garchomp|Garchomp, M|100\/100|[from] Chilly Reception\n|-damage|p2a: Garchomp|94\/100|[from] Stealth Rock\n|\n|-weather|Snow|[upkeep]\n|-heal|p2a: Garchomp|100\/100|[from] item: Leftovers\n|upkeep\n|turn|3\n|\n|t:|1699742776\n|-terastallize|p2a: Garchomp|Fairy\n|move|p1a: Walking Wake|Draco Meteor|p2a: Garchomp\n|-immune|p2a: Garchomp\n|move|p2a: Garchomp|Dragon Tail|p1a: Walking Wake\n|-supereffective|p1a: Walking Wake\n|-damage|p1a: Walking Wake|44\/100\n|-end|p1a: Walking Wake|Protosynthesis|[silent]\n|drag|p1a: Hatterene|Hatterene, F|100\/100\n|\n|-weather|Snow|[upkeep]\n|upkeep\n|turn|4\n|\n|t:|1699742792\n|switch|p2a: Slowking|Slowking-Galar, F|100\/100\n|-damage|p2a: Slowking|88\/100|[from] Stealth Rock\n|switch|p1a: Torkoal|Torkoal, M|88\/100\n|-weather|SunnyDay|[from] ability: Drought|[of] p1a: Torkoal\n|\n|-weather|SunnyDay|[upkeep]\n|-damage|p1a: Torkoal|76\/100|[from] item: Black Sludge\n|upkeep\n|turn|5\n|-message|tricktrale forfeited.\n|\n|win|gcy9\n|raw|tricktrale's rating: 1311 &rarr; <strong>1294<\/strong><br \/>(-17 for losing)\n|raw|gcy9's rating: 1365 &rarr; <strong>1382<\/strong><br \/>(+17 for winning)\n|l|\u2606tricktrale\n","uploadtime":1699742800,"views":26,"p1id":"tricktrale","p2id":"gcy9","formatid":"gen9ou","rating":1294,"private":0,"password":""}