{"id":"gen9ou-1993356101","p1":"tumblezz","p2":"ilikebeasts","format":"[Gen 9] OU","log":"|j|\u2606tumblezz\n|j|\u2606ilikebeasts\n|inactive|Battle timer is ON: inactive players will automatically lose when time's up.\n|t:|1700304964\n|gametype|singles\n|player|p1|tumblezz|170|\n|player|p2|ilikebeasts|265|\n|teamsize|p1|4\n|teamsize|p2|4\n|gen|9\n|tier|[Gen 9] OU\n|rated|Tournament battle\n|rule|Sleep Clause Mod: Limit one foe put to sleep\n|rule|Species Clause: Limit one of each Pok\u00e9mon\n|rule|OHKO Clause: OHKO moves are banned\n|rule|Evasion Items Clause: Evasion items are banned\n|rule|Evasion Moves Clause: Evasion moves are banned\n|rule|Endless Battle Clause: Forcing endless battles is banned\n|rule|HP Percentage Mod: HP is shown in percentages\n|clearpoke\n|poke|p1|Venomoth, M|\n|poke|p1|Brambleghast, M|\n|poke|p1|Azumarill, F|\n|poke|p1|Pawmo, F|\n|poke|p2|Tinkaton, F|\n|poke|p2|Cinderace, F|\n|poke|p2|Phantump, M|\n|poke|p2|Palossand, F|\n|teampreview\n|j|*Lady Monita \u2746\n|inactive|ilikebeasts also wants the timer to be on.\n|\n|t:|1700304985\n|start\n|switch|p1a: Azumarill|Azumarill, F|100\/100\n|switch|p2a: Cinderace|Cinderace, F|100\/100\n|turn|1\n|\n|t:|1700304990\n|-terastallize|p2a: Cinderace|Water\n|move|p2a: Cinderace|Gunk Shot|p1a: Azumarill|[miss]\n|-miss|p2a: Cinderace|p1a: Azumarill\n|move|p1a: Azumarill|Belly Drum|p1a: Azumarill\n|-damage|p1a: Azumarill|50\/100\n|-setboost|p1a: Azumarill|atk|6|[from] move: Belly Drum\n|-enditem|p1a: Azumarill|Sitrus Berry|[eat]\n|-heal|p1a: Azumarill|75\/100|[from] item: Sitrus Berry\n|\n|upkeep\n|turn|2\n|j| ranis_elh\n|\n|t:|1700305000\n|-terastallize|p1a: Azumarill|Water\n|move|p1a: Azumarill|Aqua Jet|p2a: Cinderace\n|-resisted|p2a: Cinderace\n|-damage|p2a: Cinderace|3\/100\n|move|p2a: Cinderace|Gunk Shot|p1a: Azumarill\n|-damage|p1a: Azumarill|12\/100\n|-damage|p2a: Cinderace|0 fnt|[from] item: Life Orb\n|faint|p2a: Cinderace\n|\n|upkeep\n|\n|t:|1700305008\n|switch|p2a: Phantump|Phantump, M|100\/100\n|turn|3\n|\n|t:|1700305013\n|move|p2a: Phantump|Sucker Punch|p1a: Azumarill\n|-damage|p1a: Azumarill|0 fnt\n|faint|p1a: Azumarill\n|\n|upkeep\n|\n|t:|1700305017\n|switch|p1a: Venomoth|Venomoth, M|100\/100\n|turn|4\n|\n|t:|1700305021\n|move|p1a: Venomoth|Sleep Powder|p2a: Phantump\n|-immune|p2a: Phantump\n|move|p2a: Phantump|Poltergeist|p1a: Venomoth|[miss]\n|-miss|p2a: Phantump|p1a: Venomoth\n|\n|upkeep\n|turn|5\n|\n|t:|1700305031\n|move|p1a: Venomoth|Bug Buzz|p2a: Phantump\n|-damage|p2a: Phantump|55\/100\n|move|p2a: Phantump|Poltergeist|p1a: Venomoth\n|-activate|p1a: Venomoth|move: Poltergeist|Sitrus Berry\n|-damage|p1a: Venomoth|19\/100\n|-enditem|p1a: Venomoth|Sitrus Berry|[eat]\n|-heal|p1a: Venomoth|44\/100|[from] item: Sitrus Berry\n|\n|upkeep\n|turn|6\n|\n|t:|1700305041\n|switch|p1a: Pawmo|Pawmo, F|100\/100\n|move|p2a: Phantump|Poltergeist|p1a: Pawmo\n|-activate|p1a: Pawmo|move: Poltergeist|Eviolite\n|-damage|p1a: Pawmo|64\/100\n|\n|upkeep\n|turn|7\n|\n|t:|1700305058\n|move|p1a: Pawmo|Wish|p1a: Pawmo\n|move|p2a: Phantump|Poltergeist|p1a: Pawmo\n|-activate|p1a: Pawmo|move: Poltergeist|Eviolite\n|-damage|p1a: Pawmo|31\/100\n|\n|upkeep\n|turn|8\n|\n|t:|1700305064\n|move|p1a: Pawmo|Rest|p1a: Pawmo\n|-status|p1a: Pawmo|slp|[from] move: Rest\n|-heal|p1a: Pawmo|100\/100 slp|[silent]\n|move|p2a: Phantump|Horn Leech|p1a: Pawmo\n|-damage|p1a: Pawmo|76\/100 slp\n|-heal|p2a: Phantump|68\/100|[from] drain|[of] p1a: Pawmo\n|\n|-heal|p1a: Pawmo|100\/100 slp|[from] move: Wish|[wisher] Pawmo\n|upkeep\n|turn|9\n|\n|t:|1700305074\n|-curestatus|p1a: Pawmo|slp|[from] ability: Natural Cure\n|switch|p1a: Brambleghast|Brambleghast, M|100\/100\n|move|p2a: Phantump|Horn Leech|p1a: Brambleghast\n|-resisted|p1a: Brambleghast\n|-damage|p1a: Brambleghast|81\/100\n|-heal|p2a: Phantump|79\/100|[from] drain|[of] p1a: Brambleghast\n|\n|upkeep\n|turn|10\n|\n|t:|1700305082\n|move|p1a: Brambleghast|Poltergeist|p2a: Phantump\n|-activate|p2a: Phantump|move: Poltergeist|Eviolite\n|-supereffective|p2a: Phantump\n|-damage|p2a: Phantump|0 fnt\n|faint|p2a: Phantump\n|\n|upkeep\n|\n|t:|1700305089\n|switch|p2a: Tinkaton|Tinkaton, F|100\/100\n|-ability|p2a: Tinkaton|Mold Breaker\n|turn|11\n|\n|t:|1700305095\n|move|p2a: Tinkaton|Knock Off|p1a: Brambleghast\n|-supereffective|p1a: Brambleghast\n|-damage|p1a: Brambleghast|0 fnt\n|-enditem|p1a: Brambleghast|Heavy-Duty Boots|[from] move: Knock Off|[of] p2a: Tinkaton\n|faint|p1a: Brambleghast\n|-damage|p2a: Tinkaton|91\/100|[from] item: Life Orb\n|\n|upkeep\n|\n|t:|1700305098\n|switch|p1a: Venomoth|Venomoth, M|44\/100\n|turn|12\n|\n|t:|1700305103\n|move|p2a: Tinkaton|Gigaton Hammer|p1a: Venomoth\n|-damage|p1a: Venomoth|0 fnt\n|faint|p1a: Venomoth\n|-damage|p2a: Tinkaton|81\/100|[from] item: Life Orb\n|\n|upkeep\n|\n|t:|1700305106\n|switch|p1a: Pawmo|Pawmo, F|100\/100\n|turn|13\n|\n|t:|1700305108\n|move|p2a: Tinkaton|Play Rough|p1a: Pawmo\n|-supereffective|p1a: Pawmo\n|-damage|p1a: Pawmo|32\/100\n|-damage|p2a: Tinkaton|71\/100|[from] item: Life Orb\n|move|p1a: Pawmo|Nuzzle|p2a: Tinkaton\n|-damage|p2a: Tinkaton|64\/100\n|-status|p2a: Tinkaton|par\n|\n|upkeep\n|turn|14\n|j| WafflyWaff\n|\n|t:|1700305118\n|move|p1a: Pawmo|Wish|p1a: Pawmo\n|move|p2a: Tinkaton|Play Rough|p1a: Pawmo\n|-supereffective|p1a: Pawmo\n|-damage|p1a: Pawmo|0 fnt\n|faint|p1a: Pawmo\n|-damage|p2a: Tinkaton|54\/100 par|[from] item: Life Orb\n|\n|win|ilikebeasts\n|n|\u2606tumblezz|tumblezz\n|n|\u2606ilikebeasts|ilikebeasts\n|n|*Lady Monita \u2746|ladymonita\n|n| ranis_elh|raniselh\n|n| WafflyWaff|wafflywaff\n","uploadtime":1700305118,"views":9,"p1id":"tumblezz","p2id":"ilikebeasts","formatid":"gen9ou","rating":0,"private":0,"password":""}