{"id":"gen9ou-1997542795","p1":"Blizzchor","p2":"It's classified","format":"[Gen 9] OU","log":"|j|\u2606Blizzchor\n|j|\u2606It's classified\n|t:|1700822896\n|gametype|singles\n|player|p1|Blizzchor|colress|1516\n|player|p2|It's classified|pokemonranger-gen4|1608\n|teamsize|p1|6\n|teamsize|p2|6\n|gen|9\n|tier|[Gen 9] OU\n|rated|\n|rule|Sleep Clause Mod: Limit one foe put to sleep\n|rule|Species Clause: Limit one of each Pok\u00e9mon\n|rule|OHKO Clause: OHKO moves are banned\n|rule|Evasion Items Clause: Evasion items are banned\n|rule|Evasion Moves Clause: Evasion moves are banned\n|rule|Endless Battle Clause: Forcing endless battles is banned\n|rule|HP Percentage Mod: HP is shown in percentages\n|clearpoke\n|poke|p1|Rillaboom, M|\n|poke|p1|Arcanine-Hisui, M|\n|poke|p1|Walking Wake|\n|poke|p1|Great Tusk|\n|poke|p1|Gholdengo|\n|poke|p1|Muk-Alola, M|\n|poke|p2|Ceruledge, F|\n|poke|p2|Ninetales-Alola, M|\n|poke|p2|Iron Valiant|\n|poke|p2|Great Tusk|\n|poke|p2|Manaphy|\n|poke|p2|Kingambit, F|\n|teampreview\n|inactive|Battle timer is ON: inactive players will automatically lose when time's up. (requested by It's classified)\n|\n|t:|1700822901\n|start\n|switch|p1a: Mouk\u2019d|Muk-Alola, M|100\/100\n|switch|p2a: Ninetales|Ninetales-Alola, M|100\/100\n|-weather|Snow|[from] ability: Snow Warning|[of] p2a: Ninetales\n|turn|1\n|\n|t:|1700822906\n|move|p2a: Ninetales|Aurora Veil|p2a: Ninetales\n|-sidestart|p2: It's classified|move: Aurora Veil\n|move|p1a: Mouk\u2019d|Knock Off|p2a: Ninetales\n|-resisted|p2a: Ninetales\n|-damage|p2a: Ninetales|91\/100\n|-status|p2a: Ninetales|psn|[from] ability: Poison Touch|[of] p1a: Mouk\u2019d\n|-enditem|p2a: Ninetales|Light Clay|[from] move: Knock Off|[of] p1a: Mouk\u2019d\n|\n|-weather|Snow|[upkeep]\n|-damage|p2a: Ninetales|79\/100 psn|[from] psn\n|upkeep\n|turn|2\n|\n|t:|1700822913\n|move|p2a: Ninetales|Hypnosis|p1a: Mouk\u2019d\n|-status|p1a: Mouk\u2019d|slp|[from] move: Hypnosis\n|cant|p1a: Mouk\u2019d|slp\n|\n|-weather|Snow|[upkeep]\n|-damage|p2a: Ninetales|66\/100 psn|[from] psn\n|upkeep\n|turn|3\n|\n|t:|1700822918\n|switch|p2a: Great Tusk|Great Tusk|100\/100\n|-enditem|p2a: Great Tusk|Booster Energy\n|-activate|p2a: Great Tusk|ability: Protosynthesis|[fromitem]\n|-start|p2a: Great Tusk|protosynthesisspe\n|-curestatus|p1a: Mouk\u2019d|slp|[msg]\n|move|p1a: Mouk\u2019d|Ice Punch|p2a: Great Tusk\n|-supereffective|p2a: Great Tusk\n|-damage|p2a: Great Tusk|84\/100\n|\n|-weather|Snow|[upkeep]\n|upkeep\n|turn|4\n|\n|t:|1700822929\n|switch|p1a: Unrup\u2019d|Great Tusk|100\/100\n|move|p2a: Great Tusk|Bulk Up|p2a: Great Tusk\n|-boost|p2a: Great Tusk|atk|1\n|-boost|p2a: Great Tusk|def|1\n|\n|-weather|Snow|[upkeep]\n|upkeep\n|turn|5\n|\n|t:|1700822936\n|-end|p1a: Unrup\u2019d|Protosynthesis|[silent]\n|switch|p1a: Strough\u2019d|Gholdengo|100\/100\n|-item|p1a: Strough\u2019d|Air Balloon\n|move|p2a: Great Tusk|Bulk Up|p2a: Great Tusk\n|-boost|p2a: Great Tusk|atk|1\n|-boost|p2a: Great Tusk|def|1\n|\n|-weather|none\n|upkeep\n|turn|6\n|\n|t:|1700822943\n|move|p2a: Great Tusk|Ice Spinner|p1a: Strough\u2019d\n|-resisted|p1a: Strough\u2019d\n|-damage|p1a: Strough\u2019d|84\/100\n|-enditem|p1a: Strough\u2019d|Air Balloon\n|move|p1a: Strough\u2019d|Nasty Plot|p1a: Strough\u2019d\n|-boost|p1a: Strough\u2019d|spa|2\n|\n|upkeep\n|turn|7\n|\n|t:|1700822950\n|-terastallize|p1a: Strough\u2019d|Normal\n|move|p2a: Great Tusk|Headlong Rush|p1a: Strough\u2019d\n|-damage|p1a: Strough\u2019d|7\/100\n|-unboost|p2a: Great Tusk|def|1\n|-unboost|p2a: Great Tusk|spd|1\n|move|p1a: Strough\u2019d|Hex|p2a: Great Tusk\n|-damage|p2a: Great Tusk|29\/100\n|\n|upkeep\n|turn|8\n|\n|t:|1700822959\n|move|p2a: Great Tusk|Rapid Spin|p1a: Strough\u2019d\n|-damage|p1a: Strough\u2019d|0 fnt\n|-boost|p2a: Great Tusk|spe|1\n|faint|p1a: Strough\u2019d\n|\n|-sideend|p2: It's classified|move: Aurora Veil\n|upkeep\n|\n|t:|1700822962\n|switch|p1a: Quash\u2019d|Rillaboom, M, shiny|100\/100\n|-fieldstart|move: Grassy Terrain|[from] ability: Grassy Surge|[of] p1a: Quash\u2019d\n|turn|9\n|\n|t:|1700822969\n|-terastallize|p2a: Great Tusk|Ice\n|move|p1a: Quash\u2019d|Grassy Glide|p2a: Great Tusk\n|-damage|p2a: Great Tusk|6\/100\n|move|p2a: Great Tusk|Ice Spinner|p1a: Quash\u2019d\n|-supereffective|p1a: Quash\u2019d\n|-damage|p1a: Quash\u2019d|0 fnt\n|-fieldend|move: Grassy Terrain\n|faint|p1a: Quash\u2019d\n|\n|upkeep\n|\n|t:|1700822976\n|switch|p1a: Unrup\u2019d|Great Tusk|100\/100\n|turn|10\n|\n|t:|1700822982\n|move|p2a: Great Tusk|Ice Spinner|p1a: Unrup\u2019d\n|-supereffective|p1a: Unrup\u2019d\n|-damage|p1a: Unrup\u2019d|0 fnt\n|faint|p1a: Unrup\u2019d\n|-end|p1a: Unrup\u2019d|Protosynthesis|[silent]\n|\n|upkeep\n|\n|t:|1700822987\n|switch|p1a: Goob\u2019d|Walking Wake|100\/100\n|turn|11\n|\n|t:|1700822990\n|move|p2a: Great Tusk|Headlong Rush|p1a: Goob\u2019d\n|-damage|p1a: Goob\u2019d|0 fnt\n|-unboost|p2a: Great Tusk|def|1\n|-unboost|p2a: Great Tusk|spd|1\n|faint|p1a: Goob\u2019d\n|-end|p1a: Goob\u2019d|Protosynthesis|[silent]\n|\n|upkeep\n|\n|t:|1700822992\n|switch|p1a: Mouk\u2019d|Muk-Alola, M|100\/100\n|turn|12\n|\n|t:|1700822994\n|move|p2a: Great Tusk|Headlong Rush|p1a: Mouk\u2019d\n|-supereffective|p1a: Mouk\u2019d\n|-damage|p1a: Mouk\u2019d|0 fnt\n|-unboost|p2a: Great Tusk|def|1\n|-unboost|p2a: Great Tusk|spd|1\n|faint|p1a: Mouk\u2019d\n|\n|upkeep\n|\n|t:|1700822996\n|switch|p1a: Krankl\u2019d|Arcanine-Hisui, M|100\/100\n|turn|13\n|\n|t:|1700822998\n|move|p2a: Great Tusk|Headlong Rush|p1a: Krankl\u2019d\n|-supereffective|p1a: Krankl\u2019d\n|-damage|p1a: Krankl\u2019d|0 fnt\n|-unboost|p2a: Great Tusk|def|1\n|-unboost|p2a: Great Tusk|spd|1\n|faint|p1a: Krankl\u2019d\n|\n|win|It's classified\n|raw|Blizzchor's rating: 1516 &rarr; <strong>1501<\/strong><br \/>(-15 for losing)\n|raw|It&apos;s classified's rating: 1608 &rarr; <strong>1623<\/strong><br \/>(+15 for winning)\n|l|\u2606Blizzchor\n","uploadtime":1700823012,"views":25,"p1id":"blizzchor","p2id":"itsclassified","formatid":"gen9ou","rating":1501,"private":0,"password":""}