{"id":"gen9ou-1988530883","p1":"FavMon=Garchomp","p2":"GodKmi","format":"[Gen 9] OU","log":"|j|\u2606FavMon=Garchomp\n|j|\u2606GodKmi\n|t:|1699732901\n|gametype|singles\n|player|p1|FavMon=Garchomp|hilbert|\n|player|p2|GodKmi|saguaro|\n|teamsize|p1|6\n|teamsize|p2|6\n|gen|9\n|tier|[Gen 9] OU\n|rule|Sleep Clause Mod: Limit one foe put to sleep\n|rule|Species Clause: Limit one of each Pok\u00e9mon\n|rule|OHKO Clause: OHKO moves are banned\n|rule|Evasion Items Clause: Evasion items are banned\n|rule|Evasion Moves Clause: Evasion moves are banned\n|rule|Endless Battle Clause: Forcing endless battles is banned\n|rule|HP Percentage Mod: HP is shown in percentages\n|clearpoke\n|poke|p1|Samurott-Hisui, F|\n|poke|p1|Dragapult, F|\n|poke|p1|Gholdengo|\n|poke|p1|Enamorus, F|\n|poke|p1|Great Tusk|\n|poke|p1|Kingambit, F|\n|poke|p2|Sandy Shocks|\n|poke|p2|Arcanine-Hisui, F|\n|poke|p2|Kingambit, F|\n|poke|p2|Landorus-Therian, M|\n|poke|p2|Medicham, M|\n|poke|p2|Scizor, F|\n|teampreview\n|inactive|Battle timer is ON: inactive players will automatically lose when time's up. (requested by FavMon=Garchomp)\n|\n|t:|1699732916\n|start\n|switch|p1a: Samurott|Samurott-Hisui, F|100\/100\n|switch|p2a: Sandy Shocks|Sandy Shocks|100\/100\n|turn|1\n|j| shyguyry\n|\n|t:|1699732921\n|move|p2a: Sandy Shocks|Gravity|p2a: Sandy Shocks\n|-fieldstart|move: Gravity\n|move|p1a: Samurott|Surf|p2a: Sandy Shocks\n|-supereffective|p2a: Sandy Shocks\n|-enditem|p2a: Sandy Shocks|Focus Sash\n|-damage|p2a: Sandy Shocks|1\/100\n|\n|upkeep\n|turn|2\n|\n|t:|1699732925\n|move|p1a: Samurott|Aqua Jet|p2a: Sandy Shocks\n|-supereffective|p2a: Sandy Shocks\n|-damage|p2a: Sandy Shocks|0 fnt\n|faint|p2a: Sandy Shocks\n|-end|p2a: Sandy Shocks|Protosynthesis|[silent]\n|\n|upkeep\n|\n|t:|1699732929\n|switch|p2a: Medicham|Medicham, M|100\/100\n|turn|3\n|\n|t:|1699732935\n|switch|p1a: Dragapult|Dragapult, F|100\/100\n|move|p2a: Medicham|Dynamic Punch|p1a: Dragapult\n|-immune|p1a: Dragapult\n|\n|upkeep\n|turn|4\n|\n|t:|1699732943\n|switch|p2a: Arcanine|Arcanine-Hisui, F|100\/100\n|move|p1a: Dragapult|Will-O-Wisp|p2a: Arcanine\n|-immune|p2a: Arcanine\n|\n|upkeep\n|turn|5\n|\n|t:|1699732949\n|move|p1a: Dragapult|Hex|p2a: Arcanine\n|-damage|p2a: Arcanine|66\/100\n|move|p2a: Arcanine|Head Smash|p1a: Dragapult\n|-damage|p1a: Dragapult|0 fnt\n|faint|p1a: Dragapult\n|\n|-fieldend|move: Gravity\n|upkeep\n|\n|t:|1699732955\n|switch|p1a: Samurott|Samurott-Hisui, F|100\/100\n|turn|6\n|\n|t:|1699732961\n|move|p2a: Arcanine|Head Smash|p1a: Samurott\n|-enditem|p1a: Samurott|Focus Sash\n|-damage|p1a: Samurott|1\/100\n|move|p1a: Samurott|Surf|p2a: Arcanine\n|-supereffective|p2a: Arcanine\n|-damage|p2a: Arcanine|0 fnt\n|faint|p2a: Arcanine\n|\n|upkeep\n|\n|t:|1699732966\n|switch|p2a: Landorus|Landorus-Therian, M|100\/100\n|-ability|p2a: Landorus|Intimidate|boost\n|-unboost|p1a: Samurott|atk|1\n|turn|7\n|\n|t:|1699732970\n|move|p2a: Landorus|U-turn|p1a: Samurott\n|-supereffective|p1a: Samurott\n|-damage|p1a: Samurott|0 fnt\n|faint|p1a: Samurott\n|\n|t:|1699732978\n|switch|p2a: Scizor|Scizor, F|100\/100|[from] U-turn\n|\n|upkeep\n|\n|t:|1699732995\n|switch|p1a: Tuskuthy|Great Tusk|100\/100\n|-enditem|p1a: Tuskuthy|Booster Energy\n|-activate|p1a: Tuskuthy|ability: Protosynthesis|[fromitem]\n|-start|p1a: Tuskuthy|protosynthesisspe\n|turn|8\n|\n|t:|1699733002\n|move|p2a: Scizor|Bullet Punch|p1a: Tuskuthy\n|-damage|p1a: Tuskuthy|78\/100\n|move|p1a: Tuskuthy|Stealth Rock|p2a: Scizor\n|-sidestart|p2: GodKmi|move: Stealth Rock\n|\n|upkeep\n|turn|9\n|\n|t:|1699733007\n|move|p2a: Scizor|Bullet Punch|p1a: Tuskuthy\n|-damage|p1a: Tuskuthy|50\/100\n|move|p1a: Tuskuthy|Earthquake|p2a: Scizor\n|-damage|p2a: Scizor|58\/100\n|\n|upkeep\n|turn|10\n|\n|t:|1699733014\n|move|p2a: Scizor|Bullet Punch|p1a: Tuskuthy\n|-damage|p1a: Tuskuthy|17\/100\n|move|p1a: Tuskuthy|Knock Off|p2a: Scizor\n|-damage|p2a: Scizor|31\/100\n|-enditem|p2a: Scizor|Metronome|[from] move: Knock Off|[of] p1a: Tuskuthy\n|\n|upkeep\n|turn|11\n|\n|t:|1699733025\n|move|p2a: Scizor|Bullet Punch|p1a: Tuskuthy\n|-damage|p1a: Tuskuthy|0 fnt\n|faint|p1a: Tuskuthy\n|-end|p1a: Tuskuthy|Protosynthesis|[silent]\n|\n|upkeep\n|\n|t:|1699733042\n|switch|p1a: Gholdengo|Gholdengo|100\/100\n|-item|p1a: Gholdengo|Air Balloon\n|turn|12\n|\n|t:|1699733061\n|move|p2a: Scizor|Bullet Punch|p1a: Gholdengo\n|-resisted|p1a: Gholdengo\n|-damage|p1a: Gholdengo|85\/100\n|-enditem|p1a: Gholdengo|Air Balloon\n|move|p1a: Gholdengo|Shadow Ball|p2a: Scizor\n|-damage|p2a: Scizor|0 fnt\n|faint|p2a: Scizor\n|\n|upkeep\n|\n|t:|1699733066\n|switch|p2a: Kingambit|Kingambit, F|100\/100\n|-damage|p2a: Kingambit|94\/100|[from] Stealth Rock\n|-activate|p2a: Kingambit|ability: Supreme Overlord\n|-start|p2a: Kingambit|fallen3|[silent]\n|turn|13\n|\n|t:|1699733080\n|switch|p1a: Enamorus|Enamorus, F|100\/100\n|move|p2a: Kingambit|Kowtow Cleave|p1a: Enamorus\n|-resisted|p1a: Enamorus\n|-damage|p1a: Enamorus|25\/100\n|\n|upkeep\n|turn|14\n|\n|t:|1699733090\n|-end|p2a: Kingambit|fallen3|[silent]\n|switch|p2a: Landorus|Landorus-Therian, M|100\/100\n|-damage|p2a: Landorus|88\/100|[from] Stealth Rock\n|-ability|p2a: Landorus|Intimidate|boost\n|-unboost|p1a: Enamorus|atk|1\n|move|p1a: Enamorus|Mystical Fire|p2a: Landorus\n|-damage|p2a: Landorus|53\/100\n|-unboost|p2a: Landorus|spa|1\n|\n|upkeep\n|turn|15\n|\n|t:|1699733097\n|switch|p1a: Gholdengo|Gholdengo|85\/100\n|move|p2a: Landorus|Stone Edge|p1a: Gholdengo\n|-resisted|p1a: Gholdengo\n|-damage|p1a: Gholdengo|68\/100\n|\n|upkeep\n|turn|16\n|\n|t:|1699733110\n|switch|p2a: Kingambit|Kingambit, F|94\/100\n|-damage|p2a: Kingambit|88\/100|[from] Stealth Rock\n|-activate|p2a: Kingambit|ability: Supreme Overlord\n|-start|p2a: Kingambit|fallen3|[silent]\n|move|p1a: Gholdengo|Shadow Ball|p2a: Kingambit\n|-resisted|p2a: Kingambit\n|-damage|p2a: Kingambit|70\/100\n|\n|upkeep\n|turn|17\n|\n|t:|1699733116\n|move|p1a: Gholdengo|Shadow Ball|p2a: Kingambit\n|-resisted|p2a: Kingambit\n|-damage|p2a: Kingambit|51\/100\n|move|p2a: Kingambit|Low Kick|p1a: Gholdengo\n|-immune|p1a: Gholdengo\n|\n|upkeep\n|turn|18\n|\n|t:|1699733125\n|switch|p1a: Enamorus|Enamorus, F|25\/100\n|move|p2a: Kingambit|Low Kick|p1a: Enamorus\n|-resisted|p1a: Enamorus\n|-damage|p1a: Enamorus|7\/100\n|\n|upkeep\n|turn|19\n|\n|t:|1699733138\n|move|p1a: Enamorus|Healing Wish|p1a: Enamorus\n|faint|p1a: Enamorus\n|move|p2a: Kingambit|Low Kick|p1: Enamorus|[notarget]\n|-fail|p2a: Kingambit\n|\n|upkeep\n|\n|t:|1699733142\n|switch|p1a: Gholdengo|Gholdengo|68\/100\n|-heal|p1a: Gholdengo|100\/100|[from] move: Healing Wish\n|turn|20\n|\n|t:|1699733149\n|-end|p2a: Kingambit|fallen3|[silent]\n|switch|p2a: Medicham|Medicham, M|100\/100\n|-damage|p2a: Medicham|94\/100|[from] Stealth Rock\n|move|p1a: Gholdengo|Shadow Ball|p2a: Medicham\n|-supereffective|p2a: Medicham\n|-damage|p2a: Medicham|0 fnt\n|faint|p2a: Medicham\n|\n|upkeep\n|\n|t:|1699733151\n|switch|p2a: Landorus|Landorus-Therian, M|53\/100\n|-damage|p2a: Landorus|41\/100|[from] Stealth Rock\n|-ability|p2a: Landorus|Intimidate|boost\n|-unboost|p1a: Gholdengo|atk|1\n|turn|21\n|\n|t:|1699733165\n|-terastallize|p2a: Landorus|Ground\n|move|p2a: Landorus|Earthquake|p1a: Gholdengo\n|-supereffective|p1a: Gholdengo\n|-damage|p1a: Gholdengo|0 fnt\n|faint|p1a: Gholdengo\n|\n|upkeep\n|\n|t:|1699733167\n|switch|p1a: Kingambit|Kingambit, F|100\/100\n|-activate|p1a: Kingambit|ability: Supreme Overlord\n|-start|p1a: Kingambit|fallen5|[silent]\n|turn|22\n|\n|t:|1699733173\n|-terastallize|p1a: Kingambit|Fairy\n|move|p2a: Landorus|Earthquake|p1a: Kingambit\n|-damage|p1a: Kingambit|45\/100\n|move|p1a: Kingambit|Swords Dance|p1a: Kingambit\n|-boost|p1a: Kingambit|atk|2\n|\n|-heal|p1a: Kingambit|51\/100|[from] item: Leftovers\n|upkeep\n|turn|23\n|\n|t:|1699733177\n|move|p1a: Kingambit|Sucker Punch|p2a: Landorus\n|-damage|p2a: Landorus|0 fnt\n|faint|p2a: Landorus\n|\n|-heal|p1a: Kingambit|57\/100|[from] item: Leftovers\n|upkeep\n|\n|t:|1699733178\n|switch|p2a: Kingambit|Kingambit, F|51\/100\n|-damage|p2a: Kingambit|45\/100|[from] Stealth Rock\n|-activate|p2a: Kingambit|ability: Supreme Overlord\n|-start|p2a: Kingambit|fallen5|[silent]\n|turn|24\n|\n|t:|1699733182\n|move|p1a: Kingambit|Kowtow Cleave|p2a: Kingambit\n|-resisted|p2a: Kingambit\n|-damage|p2a: Kingambit|0 fnt\n|faint|p2a: Kingambit\n|-end|p2a: Kingambit|fallen5|[silent]\n|\n|win|FavMon=Garchomp\n","uploadtime":1699733185,"views":11,"p1id":"favmongarchomp","p2id":"godkmi","formatid":"gen9ou","rating":0,"private":0,"password":""}