{"id":"gen9ou-1996799665","p1":"liaoya","p2":"PlayWhatYouSee","format":"[Gen 9] OU","log":"|j|\u2606liaoya\n|j|\u2606PlayWhatYouSee\n|t:|1700727296\n|gametype|singles\n|player|p1|liaoya|petrel|1576\n|player|p2|PlayWhatYouSee|olympia|1518\n|teamsize|p1|6\n|teamsize|p2|6\n|gen|9\n|tier|[Gen 9] OU\n|rated|\n|rule|Sleep Clause Mod: Limit one foe put to sleep\n|rule|Species Clause: Limit one of each Pok\u00e9mon\n|rule|OHKO Clause: OHKO moves are banned\n|rule|Evasion Items Clause: Evasion items are banned\n|rule|Evasion Moves Clause: Evasion moves are banned\n|rule|Endless Battle Clause: Forcing endless battles is banned\n|rule|HP Percentage Mod: HP is shown in percentages\n|clearpoke\n|poke|p1|Drifblim, F|\n|poke|p1|Garganacl, M|\n|poke|p1|Umbreon, F|\n|poke|p1|Rotom-Wash|\n|poke|p1|Glimmora, F|\n|poke|p1|Espeon, M|\n|poke|p2|Ogerpon-Wellspring, F|\n|poke|p2|Clefable, M|\n|poke|p2|Thundurus-Therian, M|\n|poke|p2|Clodsire, M|\n|poke|p2|Corviknight, M|\n|poke|p2|Great Tusk|\n|teampreview\n|inactive|Battle timer is ON: inactive players will automatically lose when time's up. (requested by PlayWhatYouSee)\n|\n|t:|1700727301\n|start\n|switch|p1a: Rotom|Rotom-Wash|100\/100\n|switch|p2a: The Hard Way|Clodsire, M|100\/100\n|turn|1\n|\n|t:|1700727308\n|move|p1a: Rotom|Trick|p2a: The Hard Way\n|-activate|p1a: Rotom|move: Trick|[of] p2a: The Hard Way\n|-item|p2a: The Hard Way|Choice Scarf|[from] move: Trick\n|-item|p1a: Rotom|Black Sludge|[from] move: Trick\n|move|p2a: The Hard Way|Stealth Rock|p1a: Rotom\n|-sidestart|p1: liaoya|move: Stealth Rock\n|\n|-damage|p1a: Rotom|88\/100|[from] item: Black Sludge\n|upkeep\n|turn|2\n|\n|t:|1700727317\n|switch|p2a: I Want You|Clefable, M|100\/100\n|move|p1a: Rotom|Will-O-Wisp|p2a: I Want You\n|-status|p2a: I Want You|brn\n|\n|-damage|p1a: Rotom|75\/100|[from] item: Black Sludge\n|upkeep\n|turn|3\n|\n|t:|1700727321\n|move|p1a: Rotom|Trick|p2a: I Want You\n|-activate|p1a: Rotom|move: Trick|[of] p2a: I Want You\n|-item|p2a: I Want You|Black Sludge|[from] move: Trick\n|-item|p1a: Rotom|Leftovers|[from] move: Trick\n|move|p2a: I Want You|Moonblast|p1a: Rotom\n|-damage|p1a: Rotom|45\/100\n|-unboost|p1a: Rotom|spa|1\n|\n|-heal|p1a: Rotom|51\/100|[from] item: Leftovers\n|upkeep\n|turn|4\n|\n|t:|1700727341\n|move|p1a: Rotom|Volt Switch|p2a: I Want You\n|-damage|p2a: I Want You|79\/100 brn\n|\n|t:|1700727350\n|switch|p1a: Glimmora|Glimmora, F|100\/100|[from] Volt Switch\n|-damage|p1a: Glimmora|88\/100|[from] Stealth Rock\n|move|p2a: I Want You|Moonblast|p1a: Glimmora\n|-resisted|p1a: Glimmora\n|-damage|p1a: Glimmora|71\/100\n|\n|upkeep\n|turn|5\n|\n|t:|1700727353\n|switch|p2a: The Hard Way|Clodsire, M|100\/100\n|move|p1a: Glimmora|Mortal Spin|p2a: The Hard Way\n|-resisted|p2a: The Hard Way\n|-damage|p2a: The Hard Way|99\/100\n|-sideend|p1: liaoya|Stealth Rock|[from] move: Mortal Spin|[of] p1a: Glimmora\n|\n|upkeep\n|turn|6\n|\n|t:|1700727360\n|switch|p1a: Espeon|Espeon, M|100\/100\n|move|p2a: The Hard Way|Earthquake|p1a: Espeon\n|-damage|p1a: Espeon|70\/100\n|\n|upkeep\n|turn|7\n|\n|t:|1700727371\n|move|p1a: Espeon|Trick|p2a: The Hard Way\n|-activate|p1a: Espeon|move: Trick|[of] p2a: The Hard Way\n|-item|p2a: The Hard Way|Choice Scarf|[from] move: Trick\n|-item|p1a: Espeon|Choice Scarf|[from] move: Trick\n|move|p2a: The Hard Way|Earthquake|p1a: Espeon\n|-damage|p1a: Espeon|38\/100\n|\n|upkeep\n|turn|8\n|\n|t:|1700727380\n|switch|p1a: Rotom|Rotom-Wash|51\/100\n|switch|p2a: The Easy Way|Thundurus-Therian, M|100\/100\n|\n|-heal|p1a: Rotom|57\/100|[from] item: Leftovers\n|upkeep\n|turn|9\n|\n|t:|1700727386\n|move|p2a: The Easy Way|Volt Switch|p1a: Rotom\n|-damage|p1a: Rotom|0 fnt\n|faint|p1a: Rotom\n|\n|t:|1700727389\n|switch|p2a: I Want You|Clefable, M|79\/100 brn|[from] Volt Switch\n|\n|upkeep\n|\n|t:|1700727400\n|switch|p1a: Drifblim|Drifblim, F|100\/100\n|turn|10\n|\n|t:|1700727403\n|move|p1a: Drifblim|Trick|p2a: I Want You\n|-activate|p1a: Drifblim|move: Trick|[of] p2a: I Want You\n|-item|p2a: I Want You|Choice Scarf|[from] move: Trick\n|-item|p1a: Drifblim|Black Sludge|[from] move: Trick\n|move|p2a: I Want You|Thunder Wave|p1a: Drifblim\n|-status|p1a: Drifblim|par\n|\n|-damage|p1a: Drifblim|88\/100 par|[from] item: Black Sludge\n|upkeep\n|turn|11\n|\n|t:|1700727413\n|switch|p2a: The Easy Way|Thundurus-Therian, M|100\/100\n|move|p1a: Drifblim|Trick|p2a: The Easy Way\n|-activate|p1a: Drifblim|move: Trick|[of] p2a: The Easy Way\n|-item|p2a: The Easy Way|Black Sludge|[from] move: Trick\n|-item|p1a: Drifblim|Choice Specs|[from] move: Trick\n|\n|-damage|p2a: The Easy Way|88\/100|[from] item: Black Sludge\n|upkeep\n|turn|12\n|\n|t:|1700727424\n|switch|p1a: Umbreon|Umbreon, F, shiny|100\/100\n|move|p2a: The Easy Way|Volt Switch|p1a: Umbreon\n|-damage|p1a: Umbreon|72\/100\n|\n|t:|1700727432\n|switch|p2a: Choice Is Yours|Corviknight, M|100\/100|[from] Volt Switch\n|-ability|p2a: Choice Is Yours|Pressure\n|\n|-heal|p1a: Umbreon|78\/100|[from] item: Leftovers\n|upkeep\n|turn|13\n|\n|t:|1700727445\n|switch|p1a: Glimmora|Glimmora, F|71\/100\n|move|p2a: Choice Is Yours|Body Press|p1a: Glimmora\n|-damage|p1a: Glimmora|49\/100\n|-activate|p1a: Glimmora|ability: Toxic Debris\n|-sidestart|p2: PlayWhatYouSee|move: Toxic Spikes\n|\n|upkeep\n|turn|14\n|\n|t:|1700727453\n|switch|p2a: The Hard Way|Clodsire, M|99\/100\n|-sideend|p2: PlayWhatYouSee|move: Toxic Spikes|[of] p2a: The Hard Way\n|move|p1a: Glimmora|Stealth Rock|p2a: The Hard Way\n|-sidestart|p2: PlayWhatYouSee|move: Stealth Rock\n|\n|upkeep\n|turn|15\n|\n|t:|1700727469\n|switch|p1a: Garganacl|Garganacl, M, shiny|100\/100\n|move|p2a: The Hard Way|Stealth Rock|p1a: Garganacl\n|-sidestart|p1: liaoya|move: Stealth Rock\n|\n|upkeep\n|turn|16\n|\n|t:|1700727475\n|switch|p2a: I Want You|Clefable, M|79\/100 brn\n|move|p1a: Garganacl|Salt Cure|p2a: I Want You\n|-damage|p2a: I Want You|69\/100 brn\n|-start|p2a: I Want You|Salt Cure\n|\n|upkeep\n|turn|17\n|\n|t:|1700727499\n|switch|p1a: Glimmora|Glimmora, F|49\/100\n|-damage|p1a: Glimmora|36\/100|[from] Stealth Rock\n|move|p2a: I Want You|Wish|p2a: I Want You\n|\n|upkeep\n|turn|18\n|\n|t:|1700727511\n|switch|p2a: The Hard Way|Clodsire, M|99\/100\n|-damage|p2a: The Hard Way|93\/100|[from] Stealth Rock\n|move|p1a: Glimmora|Mortal Spin|p2a: The Hard Way\n|-resisted|p2a: The Hard Way\n|-damage|p2a: The Hard Way|91\/100\n|-sideend|p1: liaoya|Stealth Rock|[from] move: Mortal Spin|[of] p1a: Glimmora\n|\n|-heal|p2a: The Hard Way|100\/100|[from] move: Wish|[wisher] I Want You\n|upkeep\n|turn|19\n|\n|t:|1700727520\n|switch|p1a: Espeon|Espeon, M|38\/100\n|move|p2a: The Hard Way|Stealth Rock|p1a: Espeon\n|move|p1a: Espeon|Stealth Rock||[from]ability: Magic Bounce|[still]\n|-fail|p1a: Espeon\n|\n|upkeep\n|turn|20\n|\n|t:|1700727538\n|move|p1a: Espeon|Psyshock|p2a: The Hard Way\n|-supereffective|p2a: The Hard Way\n|-damage|p2a: The Hard Way|25\/100\n|move|p2a: The Hard Way|Stealth Rock|p1a: Espeon\n|move|p1a: Espeon|Stealth Rock||[from]ability: Magic Bounce|[still]\n|-fail|p1a: Espeon\n|\n|upkeep\n|turn|21\n|\n|t:|1700727551\n|switch|p2a: Choice Is Yours|Corviknight, M|100\/100\n|-damage|p2a: Choice Is Yours|88\/100|[from] Stealth Rock\n|-ability|p2a: Choice Is Yours|Pressure\n|move|p1a: Espeon|Psyshock|p2a: Choice Is Yours\n|-resisted|p2a: Choice Is Yours\n|-damage|p2a: Choice Is Yours|78\/100\n|\n|-heal|p2a: Choice Is Yours|84\/100|[from] item: Leftovers\n|upkeep\n|turn|22\n|\n|t:|1700727558\n|switch|p1a: Drifblim|Drifblim, F|88\/100 par\n|move|p2a: Choice Is Yours|Defog|p1a: Drifblim\n|-unboost|p1a: Drifblim|evasion|1\n|-sideend|p2: PlayWhatYouSee|Stealth Rock|[from] move: Defog|[of] p2a: Choice Is Yours\n|\n|-heal|p2a: Choice Is Yours|90\/100|[from] item: Leftovers\n|upkeep\n|turn|23\n|\n|t:|1700727565\n|move|p2a: Choice Is Yours|U-turn|p1a: Drifblim\n|-resisted|p1a: Drifblim\n|-damage|p1a: Drifblim|83\/100 par\n|\n|t:|1700727570\n|switch|p2a: The Easy Way|Thundurus-Therian, M|88\/100|[from] U-turn\n|move|p1a: Drifblim|Trick|p2a: The Easy Way\n|-activate|p1a: Drifblim|move: Trick|[of] p2a: The Easy Way\n|-item|p2a: The Easy Way|Choice Specs|[from] move: Trick\n|-item|p1a: Drifblim|Black Sludge|[from] move: Trick\n|\n|-damage|p1a: Drifblim|71\/100 par|[from] item: Black Sludge\n|upkeep\n|turn|24\n|\n|t:|1700727592\n|switch|p1a: Garganacl|Garganacl, M, shiny|100\/100\n|move|p2a: The Easy Way|Volt Switch|p1a: Garganacl\n|-damage|p1a: Garganacl|59\/100\n|\n|t:|1700727609\n|switch|p2a: Man's Butt|Great Tusk|100\/100|[from] Volt Switch\n|-enditem|p2a: Man's Butt|Booster Energy\n|-activate|p2a: Man's Butt|ability: Protosynthesis|[fromitem]\n|-start|p2a: Man's Butt|protosynthesisspe\n|\n|-heal|p1a: Garganacl|65\/100|[from] item: Leftovers\n|upkeep\n|turn|25\n|\n|t:|1700727615\n|-terastallize|p1a: Garganacl|Ghost\n|move|p2a: Man's Butt|Close Combat|p1a: Garganacl\n|-immune|p1a: Garganacl\n|move|p1a: Garganacl|Recover|p1a: Garganacl\n|-heal|p1a: Garganacl|100\/100\n|\n|upkeep\n|turn|26\n|\n|t:|1700727629\n|-end|p2a: Man's Butt|Protosynthesis|[silent]\n|switch|p2a: I Want You|Clefable, M|69\/100 brn\n|move|p1a: Garganacl|Iron Defense|p1a: Garganacl\n|-boost|p1a: Garganacl|def|2\n|\n|upkeep\n|turn|27\n|\n|t:|1700727639\n|move|p2a: I Want You|Wish|p2a: I Want You\n|move|p1a: Garganacl|Salt Cure|p2a: I Want You\n|-damage|p2a: I Want You|59\/100 brn\n|-start|p2a: I Want You|Salt Cure\n|\n|upkeep\n|turn|28\n|\n|t:|1700727649\n|switch|p2a: The Hard Way|Clodsire, M|25\/100\n|move|p1a: Garganacl|Salt Cure|p2a: The Hard Way\n|-resisted|p2a: The Hard Way\n|-crit|p2a: The Hard Way\n|-damage|p2a: The Hard Way|15\/100\n|-start|p2a: The Hard Way|Salt Cure\n|\n|-heal|p2a: The Hard Way|57\/100|[from] move: Wish|[wisher] I Want You\n|-damage|p2a: The Hard Way|44\/100|[from] Salt Cure\n|upkeep\n|turn|29\n|\n|t:|1700727676\n|switch|p1a: Espeon|Espeon, M|38\/100\n|move|p2a: The Hard Way|Recover|p2a: The Hard Way\n|-heal|p2a: The Hard Way|94\/100\n|\n|-damage|p2a: The Hard Way|82\/100|[from] Salt Cure\n|upkeep\n|turn|30\n|\n|t:|1700727688\n|switch|p2a: Choice Is Yours|Corviknight, M|90\/100\n|-ability|p2a: Choice Is Yours|Pressure\n|move|p1a: Espeon|Trick|p2a: Choice Is Yours\n|-activate|p1a: Espeon|move: Trick|[of] p2a: Choice Is Yours\n|-item|p2a: Choice Is Yours|Choice Scarf|[from] move: Trick\n|-item|p1a: Espeon|Leftovers|[from] move: Trick\n|\n|-heal|p1a: Espeon|44\/100|[from] item: Leftovers\n|upkeep\n|turn|31\n|\n|t:|1700727698\n|switch|p1a: Garganacl|Garganacl, M, shiny, tera:Ghost|100\/100\n|move|p2a: Choice Is Yours|U-turn|p1a: Garganacl\n|-resisted|p1a: Garganacl\n|-damage|p1a: Garganacl|96\/100\n|\n|t:|1700727711\n|switch|p2a: The Easy Way|Thundurus-Therian, M|88\/100|[from] U-turn\n|\n|-heal|p1a: Garganacl|100\/100|[from] item: Leftovers\n|upkeep\n|turn|32\n|\n|t:|1700727719\n|move|p2a: The Easy Way|Volt Switch|p1a: Garganacl\n|-damage|p1a: Garganacl|55\/100\n|\n|t:|1700727722\n|switch|p2a: I Like You|Ogerpon-Wellspring, F|100\/100|[from] Volt Switch\n|move|p1a: Garganacl|Iron Defense|p1a: Garganacl\n|-boost|p1a: Garganacl|def|2\n|\n|-heal|p1a: Garganacl|61\/100|[from] item: Leftovers\n|upkeep\n|turn|33\n|\n|t:|1700727732\n|move|p2a: I Like You|Ivy Cudgel|p1a: Garganacl|[anim] Ivy Cudgel Water\n|-damage|p1a: Garganacl|43\/100\n|move|p1a: Garganacl|Salt Cure|p2a: I Like You\n|-damage|p2a: I Like You|83\/100\n|-start|p2a: I Like You|Salt Cure\n|\n|-heal|p1a: Garganacl|49\/100|[from] item: Leftovers\n|-damage|p2a: I Like You|58\/100|[from] Salt Cure\n|upkeep\n|turn|34\n|\n|t:|1700727753\n|switch|p2a: The Easy Way|Thundurus-Therian, M|88\/100\n|move|p1a: Garganacl|Recover|p1a: Garganacl\n|-heal|p1a: Garganacl|99\/100\n|\n|-heal|p1a: Garganacl|100\/100|[from] item: Leftovers\n|upkeep\n|turn|35\n|\n|t:|1700727763\n|-terastallize|p2a: The Easy Way|Flying\n|move|p2a: The Easy Way|Tera Blast|p1a: Garganacl|[anim] Tera Blast Flying\n|-damage|p1a: Garganacl|41\/100\n|move|p1a: Garganacl|Salt Cure|p2a: The Easy Way\n|-supereffective|p2a: The Easy Way\n|-damage|p2a: The Easy Way|42\/100\n|-start|p2a: The Easy Way|Salt Cure\n|\n|-heal|p1a: Garganacl|47\/100|[from] item: Leftovers\n|-damage|p2a: The Easy Way|30\/100|[from] Salt Cure\n|upkeep\n|turn|36\n|\n|t:|1700727777\n|switch|p1a: Espeon|Espeon, M|44\/100\n|move|p2a: The Easy Way|Tera Blast|p1a: Espeon|[anim] Tera Blast Flying\n|-damage|p1a: Espeon|0 fnt\n|faint|p1a: Espeon\n|\n|-damage|p2a: The Easy Way|17\/100|[from] Salt Cure\n|upkeep\n|\n|t:|1700727780\n|switch|p1a: Umbreon|Umbreon, F, shiny|78\/100\n|turn|37\n|\n|t:|1700727784\n|switch|p2a: I Want You|Clefable, M|59\/100 brn\n|move|p1a: Umbreon|Wish|p1a: Umbreon\n|\n|-heal|p1a: Umbreon|84\/100|[from] item: Leftovers\n|upkeep\n|turn|38\n|\n|t:|1700727798\n|switch|p1a: Glimmora|Glimmora, F|36\/100\n|move|p2a: I Want You|Thunder Wave|p1a: Glimmora|[miss]\n|-miss|p2a: I Want You|p1a: Glimmora\n|\n|-heal|p1a: Glimmora|89\/100|[from] move: Wish|[wisher] Umbreon\n|upkeep\n|turn|39\n|\n|t:|1700727805\n|move|p2a: I Want You|Thunder Wave|p1a: Glimmora|[miss]\n|-miss|p2a: I Want You|p1a: Glimmora\n|move|p1a: Glimmora|Light Screen|p1a: Glimmora\n|-sidestart|p1: liaoya|move: Light Screen\n|\n|upkeep\n|turn|40\n|\n|t:|1700727817\n|switch|p1a: Garganacl|Garganacl, M, shiny, tera:Ghost|47\/100\n|move|p2a: I Want You|Thunder Wave|p1a: Garganacl\n|-immune|p1a: Garganacl|[from] ability: Purifying Salt\n|\n|-heal|p1a: Garganacl|53\/100|[from] item: Leftovers\n|upkeep\n|turn|41\n|inactive|PlayWhatYouSee has 120 seconds left.\n|\n|t:|1700727865\n|switch|p2a: Choice Is Yours|Corviknight, M|90\/100\n|-ability|p2a: Choice Is Yours|Pressure\n|move|p1a: Garganacl|Recover|p1a: Garganacl\n|-heal|p1a: Garganacl|100\/100\n|\n|upkeep\n|turn|42\n|\n|t:|1700727870\n|move|p2a: Choice Is Yours|U-turn|p1a: Garganacl\n|-resisted|p1a: Garganacl\n|-damage|p1a: Garganacl|96\/100\n|\n|t:|1700727886\n|switch|p2a: I Want You|Clefable, M|59\/100 brn|[from] U-turn\n|move|p1a: Garganacl|Iron Defense|p1a: Garganacl\n|-boost|p1a: Garganacl|def|2\n|\n|-heal|p1a: Garganacl|100\/100|[from] item: Leftovers\n|upkeep\n|turn|43\n|\n|t:|1700727891\n|move|p2a: I Want You|Wish|p2a: I Want You\n|move|p1a: Garganacl|Salt Cure|p2a: I Want You\n|-damage|p2a: I Want You|48\/100 brn\n|-start|p2a: I Want You|Salt Cure\n|\n|-sideend|p1: liaoya|move: Light Screen\n|upkeep\n|turn|44\n|inactive|PlayWhatYouSee has 120 seconds left.\n|\n|t:|1700727913\n|switch|p2a: I Like You|Ogerpon-Wellspring, F|58\/100\n|move|p1a: Garganacl|Salt Cure|p2a: I Like You\n|-damage|p2a: I Like You|38\/100\n|-start|p2a: I Like You|Salt Cure\n|\n|-heal|p2a: I Like You|100\/100|[from] move: Wish|[wisher] I Want You\n|-damage|p2a: I Like You|76\/100|[from] Salt Cure\n|upkeep\n|turn|45\n|\n|t:|1700727917\n|move|p2a: I Like You|Swords Dance|p2a: I Like You\n|-boost|p2a: I Like You|atk|2\n|move|p1a: Garganacl|Body Press|p2a: I Like You\n|-damage|p2a: I Like You|13\/100\n|\n|-damage|p2a: I Like You|0 fnt|[from] Salt Cure\n|faint|p2a: I Like You\n|upkeep\n|\n|t:|1700727920\n|switch|p2a: The Easy Way|Thundurus-Therian, M, tera:Flying|17\/100\n|turn|46\n|\n|t:|1700727926\n|move|p2a: The Easy Way|Volt Switch|p1a: Garganacl\n|-damage|p1a: Garganacl|61\/100\n|\n|t:|1700727929\n|switch|p2a: I Want You|Clefable, M|48\/100 brn|[from] Volt Switch\n|move|p1a: Garganacl|Salt Cure|p2a: I Want You\n|-damage|p2a: I Want You|37\/100 brn\n|-start|p2a: I Want You|Salt Cure\n|\n|-heal|p1a: Garganacl|67\/100|[from] item: Leftovers\n|upkeep\n|turn|47\n|\n|t:|1700727935\n|switch|p2a: The Easy Way|Thundurus-Therian, M, tera:Flying|17\/100\n|move|p1a: Garganacl|Iron Defense|p1a: Garganacl\n|-boost|p1a: Garganacl|def|2\n|\n|-heal|p1a: Garganacl|74\/100|[from] item: Leftovers\n|upkeep\n|turn|48\n|\n|t:|1700727942\n|move|p2a: The Easy Way|Volt Switch|p1a: Garganacl\n|-damage|p1a: Garganacl|34\/100\n|\n|t:|1700727949\n|switch|p2a: I Want You|Clefable, M|37\/100 brn|[from] Volt Switch\n|move|p1a: Garganacl|Recover|p1a: Garganacl\n|-heal|p1a: Garganacl|84\/100\n|\n|-heal|p1a: Garganacl|90\/100|[from] item: Leftovers\n|upkeep\n|turn|49\n|\n|t:|1700727955\n|move|p2a: I Want You|Wish|p2a: I Want You\n|move|p1a: Garganacl|Body Press|p2a: I Want You\n|-resisted|p2a: I Want You\n|-damage|p2a: I Want You|13\/100 brn\n|\n|-heal|p1a: Garganacl|97\/100|[from] item: Leftovers\n|upkeep\n|turn|50\n|\n|t:|1700727963\n|switch|p2a: The Hard Way|Clodsire, M|82\/100\n|move|p1a: Garganacl|Salt Cure|p2a: The Hard Way\n|-resisted|p2a: The Hard Way\n|-damage|p2a: The Hard Way|74\/100\n|-start|p2a: The Hard Way|Salt Cure\n|\n|-heal|p2a: The Hard Way|100\/100|[from] move: Wish|[wisher] I Want You\n|-heal|p1a: Garganacl|100\/100|[from] item: Leftovers\n|-damage|p2a: The Hard Way|88\/100|[from] Salt Cure\n|upkeep\n|turn|51\n|\n|t:|1700727973\n|move|p2a: The Hard Way|Stealth Rock|p1a: Garganacl\n|-sidestart|p1: liaoya|move: Stealth Rock\n|move|p1a: Garganacl|Salt Cure|p2a: The Hard Way\n|-resisted|p2a: The Hard Way\n|-damage|p2a: The Hard Way|80\/100\n|\n|-damage|p2a: The Hard Way|67\/100|[from] Salt Cure\n|upkeep\n|turn|52\n|\n|t:|1700727977\n|switch|p2a: Choice Is Yours|Corviknight, M|90\/100\n|-ability|p2a: Choice Is Yours|Pressure\n|move|p1a: Garganacl|Body Press|p2a: Choice Is Yours\n|-damage|p2a: Choice Is Yours|49\/100\n|\n|upkeep\n|turn|53\n|\n|t:|1700727984\n|move|p2a: Choice Is Yours|Roost|p2a: Choice Is Yours\n|-heal|p2a: Choice Is Yours|99\/100\n|-singleturn|p2a: Choice Is Yours|move: Roost\n|move|p1a: Garganacl|Salt Cure|p2a: Choice Is Yours\n|-resisted|p2a: Choice Is Yours\n|-damage|p2a: Choice Is Yours|94\/100\n|-start|p2a: Choice Is Yours|Salt Cure\n|\n|-damage|p2a: Choice Is Yours|70\/100|[from] Salt Cure\n|upkeep\n|turn|54\n|\n|t:|1700727987\n|move|p2a: Choice Is Yours|Roost|p2a: Choice Is Yours\n|-heal|p2a: Choice Is Yours|100\/100\n|-singleturn|p2a: Choice Is Yours|move: Roost\n|move|p1a: Garganacl|Body Press|p2a: Choice Is Yours\n|-supereffective|p2a: Choice Is Yours\n|-damage|p2a: Choice Is Yours|20\/100\n|\n|-damage|p2a: Choice Is Yours|0 fnt|[from] Salt Cure\n|faint|p2a: Choice Is Yours\n|upkeep\n|j| Christian Dior III\n|\n|t:|1700727999\n|switch|p2a: I Want You|Clefable, M|13\/100 brn\n|turn|55\n|\n|t:|1700728004\n|move|p2a: I Want You|Wish|p2a: I Want You\n|move|p1a: Garganacl|Salt Cure|p2a: I Want You\n|-damage|p2a: I Want You|1\/100 brn\n|-start|p2a: I Want You|Salt Cure\n|\n|upkeep\n|turn|56\n|\n|t:|1700728020\n|switch|p2a: The Hard Way|Clodsire, M|67\/100\n|move|p1a: Garganacl|Salt Cure|p2a: The Hard Way\n|-resisted|p2a: The Hard Way\n|-damage|p2a: The Hard Way|60\/100\n|-start|p2a: The Hard Way|Salt Cure\n|\n|-heal|p2a: The Hard Way|100\/100|[from] move: Wish|[wisher] I Want You\n|-damage|p2a: The Hard Way|88\/100|[from] Salt Cure\n|upkeep\n|turn|57\n|\n|t:|1700728028\n|move|p2a: The Hard Way|Earthquake|p1a: Garganacl\n|-damage|p1a: Garganacl|83\/100\n|move|p1a: Garganacl|Salt Cure|p2a: The Hard Way\n|-resisted|p2a: The Hard Way\n|-damage|p2a: The Hard Way|80\/100\n|\n|-heal|p1a: Garganacl|89\/100|[from] item: Leftovers\n|-damage|p2a: The Hard Way|68\/100|[from] Salt Cure\n|upkeep\n|turn|58\n|\n|t:|1700728039\n|move|p2a: The Hard Way|Earthquake|p1a: Garganacl\n|-damage|p1a: Garganacl|72\/100\n|move|p1a: Garganacl|Salt Cure|p2a: The Hard Way\n|-resisted|p2a: The Hard Way\n|-damage|p2a: The Hard Way|60\/100\n|\n|-heal|p1a: Garganacl|78\/100|[from] item: Leftovers\n|-damage|p2a: The Hard Way|47\/100|[from] Salt Cure\n|upkeep\n|turn|59\n|\n|t:|1700728041\n|move|p2a: The Hard Way|Earthquake|p1a: Garganacl\n|-damage|p1a: Garganacl|60\/100\n|move|p1a: Garganacl|Body Press|p2a: The Hard Way\n|-resisted|p2a: The Hard Way\n|-damage|p2a: The Hard Way|34\/100\n|\n|-heal|p1a: Garganacl|66\/100|[from] item: Leftovers\n|-damage|p2a: The Hard Way|22\/100|[from] Salt Cure\n|upkeep\n|turn|60\n|\n|t:|1700728044\n|move|p2a: The Hard Way|Earthquake|p1a: Garganacl\n|-damage|p1a: Garganacl|46\/100\n|move|p1a: Garganacl|Recover|p1a: Garganacl\n|-heal|p1a: Garganacl|96\/100\n|\n|-heal|p1a: Garganacl|100\/100|[from] item: Leftovers\n|-damage|p2a: The Hard Way|9\/100|[from] Salt Cure\n|upkeep\n|turn|61\n|\n|t:|1700728050\n|move|p2a: The Hard Way|Earthquake|p1a: Garganacl\n|-damage|p1a: Garganacl|81\/100\n|move|p1a: Garganacl|Salt Cure|p2a: The Hard Way\n|-resisted|p2a: The Hard Way\n|-damage|p2a: The Hard Way|2\/100\n|\n|-heal|p1a: Garganacl|87\/100|[from] item: Leftovers\n|-damage|p2a: The Hard Way|0 fnt|[from] Salt Cure\n|faint|p2a: The Hard Way\n|upkeep\n|\n|t:|1700728054\n|switch|p2a: I Want You|Clefable, M|1\/100 brn\n|turn|62\n|\n|t:|1700728061\n|move|p2a: I Want You|Wish|p2a: I Want You\n|move|p1a: Garganacl|Iron Defense|p1a: Garganacl\n|-boost|p1a: Garganacl|def|2\n|\n|-heal|p1a: Garganacl|93\/100|[from] item: Leftovers\n|upkeep\n|turn|63\n|l| Christian Dior III\n|\n|t:|1700728067\n|switch|p2a: Man's Butt|Great Tusk|100\/100\n|move|p1a: Garganacl|Salt Cure|p2a: Man's Butt\n|-resisted|p2a: Man's Butt\n|-damage|p2a: Man's Butt|98\/100\n|-start|p2a: Man's Butt|Salt Cure\n|\n|-heal|p2a: Man's Butt|100\/100|[from] move: Wish|[wisher] I Want You\n|-heal|p1a: Garganacl|99\/100|[from] item: Leftovers\n|-damage|p2a: Man's Butt|88\/100|[from] Salt Cure\n|upkeep\n|turn|64\n|\n|t:|1700728080\n|move|p2a: Man's Butt|Headlong Rush|p1a: Garganacl\n|-damage|p1a: Garganacl|91\/100\n|-unboost|p2a: Man's Butt|def|1\n|-unboost|p2a: Man's Butt|spd|1\n|move|p1a: Garganacl|Body Press|p2a: Man's Butt\n|-damage|p2a: Man's Butt|3\/100\n|\n|-heal|p1a: Garganacl|97\/100|[from] item: Leftovers\n|-damage|p2a: Man's Butt|0 fnt|[from] Salt Cure\n|faint|p2a: Man's Butt\n|-end|p2a: Man's Butt|Protosynthesis|[silent]\n|upkeep\n|\n|t:|1700728083\n|switch|p2a: I Want You|Clefable, M|1\/100 brn\n|turn|65\n|\n|t:|1700728089\n|move|p2a: I Want You|Wish|p2a: I Want You\n|move|p1a: Garganacl|Iron Defense|p1a: Garganacl\n|-boost|p1a: Garganacl|def|0\n|\n|-heal|p1a: Garganacl|100\/100|[from] item: Leftovers\n|upkeep\n|turn|66\n|\n|t:|1700728092\n|move|p2a: I Want You|Wish||[still]\n|-fail|p2a: I Want You\n|move|p1a: Garganacl|Salt Cure|p2a: I Want You\n|-damage|p2a: I Want You|0 fnt\n|faint|p2a: I Want You\n|\n|upkeep\n|\n|t:|1700728097\n|switch|p2a: The Easy Way|Thundurus-Therian, M, tera:Flying|17\/100\n|turn|67\n|\n|t:|1700728102\n|move|p2a: The Easy Way|Tera Blast|p1a: Garganacl|[anim] Tera Blast Flying\n|-damage|p1a: Garganacl|31\/100\n|move|p1a: Garganacl|Salt Cure|p2a: The Easy Way\n|-supereffective|p2a: The Easy Way\n|-damage|p2a: The Easy Way|0 fnt\n|faint|p2a: The Easy Way\n|\n|win|liaoya\n|raw|liaoya's rating: 1576 &rarr; <strong>1593<\/strong><br \/>(+17 for winning)\n|raw|PlayWhatYouSee's rating: 1518 &rarr; <strong>1501<\/strong><br \/>(-17 for losing)\n|c|\u2606liaoya|gg\n","uploadtime":1700728108,"views":3,"p1id":"liaoya","p2id":"playwhatyousee","formatid":"gen9ou","rating":1501,"private":0,"password":""}