{"id":"gen9ou-1991532434","p1":"taised","p2":"ElGranVaron","format":"[Gen 9] OU","log":"|j|\u2606taised\n|j|\u2606ElGranVaron\n|t:|1700085650\n|gametype|singles\n|player|p1|taised|cyrus-masters|1164\n|player|p2|ElGranVaron|2|1201\n|teamsize|p1|6\n|teamsize|p2|6\n|gen|9\n|tier|[Gen 9] OU\n|rated|\n|rule|Sleep Clause Mod: Limit one foe put to sleep\n|rule|Species Clause: Limit one of each Pok\u00e9mon\n|rule|OHKO Clause: OHKO moves are banned\n|rule|Evasion Items Clause: Evasion items are banned\n|rule|Evasion Moves Clause: Evasion moves are banned\n|rule|Endless Battle Clause: Forcing endless battles is banned\n|rule|HP Percentage Mod: HP is shown in percentages\n|clearpoke\n|poke|p1|Kingambit, F|\n|poke|p1|Landorus-Therian, M|\n|poke|p1|Bisharp, F|\n|poke|p1|Gholdengo|\n|poke|p1|Enamorus, F|\n|poke|p1|Ceruledge, F|\n|poke|p2|Skeledirge, F|\n|poke|p2|Dragapult, F|\n|poke|p2|Ting-Lu|\n|poke|p2|Kingambit, M|\n|poke|p2|Corviknight, F|\n|poke|p2|Amoonguss, M|\n|teampreview\n|inactive|Battle timer is ON: inactive players will automatically lose when time's up. (requested by ElGranVaron)\n|c|\u2606ElGranVaron|glhf\n|c|\u2606taised|hf\n|inactive|ElGranVaron has 120 seconds left.\n|\n|t:|1700085686\n|start\n|switch|p1a: Landorus|Landorus-Therian, M|100\/100\n|switch|p2a: the urge|Skeledirge, F|100\/100\n|-ability|p1a: Landorus|Intimidate|boost\n|-unboost|p2a: the urge|atk|1\n|turn|1\n|\n|t:|1700085691\n|switch|p2a: Corviknight|Corviknight, F|100\/100\n|-ability|p2a: Corviknight|Pressure\n|move|p1a: Landorus|Taunt|p2a: Corviknight\n|-start|p2a: Corviknight|move: Taunt\n|\n|upkeep\n|turn|2\n|\n|t:|1700085699\n|move|p1a: Landorus|Stealth Rock|p2a: Corviknight\n|-sidestart|p2: ElGranVaron|move: Stealth Rock\n|move|p2a: Corviknight|U-turn|p1a: Landorus\n|-resisted|p1a: Landorus\n|-damage|p1a: Landorus|93\/100\n|\n|t:|1700085712\n|switch|p2a: Amoonguss|Amoonguss, M|100\/100|[from] U-turn\n|-damage|p2a: Amoonguss|88\/100|[from] Stealth Rock\n|\n|upkeep\n|turn|3\n|\n|t:|1700085717\n|move|p1a: Landorus|Taunt|p2a: Amoonguss\n|-start|p2a: Amoonguss|move: Taunt\n|move|p2a: Amoonguss|Giga Drain|p1a: Landorus\n|-damage|p1a: Landorus|68\/100\n|-heal|p2a: Amoonguss|99\/100|[from] drain|[of] p1a: Landorus\n|\n|upkeep\n|turn|4\n|\n|t:|1700085741\n|switch|p2a: Corviknight|Corviknight, F|100\/100\n|-damage|p2a: Corviknight|88\/100|[from] Stealth Rock\n|-ability|p2a: Corviknight|Pressure\n|move|p1a: Landorus|U-turn|p2a: Corviknight\n|-resisted|p2a: Corviknight\n|-damage|p2a: Corviknight|85\/100\n|\n|t:|1700085752\n|switch|p1a: Gholdengo|Gholdengo|100\/100|[from] U-turn\n|\n|-heal|p2a: Corviknight|91\/100|[from] item: Leftovers\n|upkeep\n|turn|5\n|\n|t:|1700085774\n|switch|p2a: Ting-Lu|Ting-Lu|100\/100\n|-damage|p2a: Ting-Lu|94\/100|[from] Stealth Rock\n|-ability|p2a: Ting-Lu|Vessel of Ruin\n|move|p1a: Gholdengo|Thunder Wave|p2a: Ting-Lu\n|-immune|p2a: Ting-Lu\n|\n|-heal|p2a: Ting-Lu|100\/100|[from] item: Leftovers\n|upkeep\n|turn|6\n|\n|t:|1700085785\n|switch|p1a: Landorus|Landorus-Therian, M|68\/100\n|-ability|p1a: Landorus|Intimidate|boost\n|-unboost|p2a: Ting-Lu|atk|1\n|move|p2a: Ting-Lu|Spikes|p1a: Landorus\n|-sidestart|p1: taised|Spikes\n|\n|upkeep\n|turn|7\n|\n|t:|1700085792\n|switch|p2a: Amoonguss|Amoonguss, M|100\/100\n|-damage|p2a: Amoonguss|88\/100|[from] Stealth Rock\n|move|p1a: Landorus|Taunt|p2a: Amoonguss\n|-start|p2a: Amoonguss|move: Taunt\n|\n|upkeep\n|turn|8\n|\n|t:|1700085805\n|switch|p2a: Corviknight|Corviknight, F|91\/100\n|-damage|p2a: Corviknight|79\/100|[from] Stealth Rock\n|-ability|p2a: Corviknight|Pressure\n|move|p1a: Landorus|U-turn|p2a: Corviknight\n|-resisted|p2a: Corviknight\n|-damage|p2a: Corviknight|76\/100\n|\n|t:|1700085808\n|switch|p1a: Ceruledge|Ceruledge, F|100\/100|[from] U-turn\n|\n|-heal|p2a: Corviknight|82\/100|[from] item: Leftovers\n|upkeep\n|turn|9\n|\n|t:|1700085822\n|switch|p2a: Ting-Lu|Ting-Lu|100\/100\n|-damage|p2a: Ting-Lu|94\/100|[from] Stealth Rock\n|-ability|p2a: Ting-Lu|Vessel of Ruin\n|move|p1a: Ceruledge|Bitter Blade|p2a: Ting-Lu\n|-crit|p2a: Ting-Lu\n|-damage|p2a: Ting-Lu|65\/100\n|\n|-heal|p2a: Ting-Lu|71\/100|[from] item: Leftovers\n|upkeep\n|turn|10\n|\n|t:|1700085830\n|move|p1a: Ceruledge|Taunt|p2a: Ting-Lu\n|-start|p2a: Ting-Lu|move: Taunt\n|cant|p2a: Ting-Lu|move: Taunt|Whirlwind\n|\n|-heal|p2a: Ting-Lu|77\/100|[from] item: Leftovers\n|upkeep\n|turn|11\n|\n|t:|1700085840\n|switch|p1a: Landorus|Landorus-Therian, M|68\/100\n|-ability|p1a: Landorus|Intimidate|boost\n|-unboost|p2a: Ting-Lu|atk|1\n|move|p2a: Ting-Lu|Earthquake|p1a: Landorus\n|-immune|p1a: Landorus\n|\n|-heal|p2a: Ting-Lu|83\/100|[from] item: Leftovers\n|upkeep\n|turn|12\n|\n|t:|1700085846\n|switch|p2a: Amoonguss|Amoonguss, M|100\/100\n|-damage|p2a: Amoonguss|88\/100|[from] Stealth Rock\n|move|p1a: Landorus|U-turn|p2a: Amoonguss\n|-damage|p2a: Amoonguss|73\/100\n|-damage|p1a: Landorus|52\/100|[from] item: Rocky Helmet|[of] p2a: Amoonguss\n|\n|t:|1700085855\n|switch|p1a: Enamorus|Enamorus, F|100\/100|[from] U-turn\n|\n|upkeep\n|turn|13\n|\n|t:|1700085859\n|switch|p1a: Gholdengo|Gholdengo|100\/100\n|-damage|p1a: Gholdengo|88\/100|[from] Spikes\n|move|p2a: Amoonguss|Sludge Bomb|p1a: Gholdengo\n|-immune|p1a: Gholdengo\n|\n|-heal|p1a: Gholdengo|94\/100|[from] item: Leftovers\n|upkeep\n|turn|14\n|\n|t:|1700085873\n|switch|p1a: Landorus|Landorus-Therian, M|52\/100\n|-ability|p1a: Landorus|Intimidate|boost\n|-unboost|p2a: Amoonguss|atk|1\n|switch|p2a: Ting-Lu|Ting-Lu|83\/100\n|-damage|p2a: Ting-Lu|77\/100|[from] Stealth Rock\n|-ability|p2a: Ting-Lu|Vessel of Ruin\n|\n|-heal|p2a: Ting-Lu|83\/100|[from] item: Leftovers\n|upkeep\n|turn|15\n|\n|t:|1700085883\n|switch|p2a: Amoonguss|Amoonguss, M|100\/100\n|-damage|p2a: Amoonguss|88\/100|[from] Stealth Rock\n|move|p1a: Landorus|Taunt|p2a: Amoonguss\n|-start|p2a: Amoonguss|move: Taunt\n|\n|upkeep\n|turn|16\n|\n|t:|1700085891\n|move|p1a: Landorus|U-turn|p2a: Amoonguss\n|-damage|p2a: Amoonguss|72\/100\n|-damage|p1a: Landorus|35\/100|[from] item: Rocky Helmet|[of] p2a: Amoonguss\n|\n|t:|1700085894\n|switch|p1a: Kingambit|Kingambit, F|100\/100|[from] U-turn\n|-damage|p1a: Kingambit|88\/100|[from] Spikes\n|move|p2a: Amoonguss|Giga Drain|p1a: Kingambit\n|-resisted|p1a: Kingambit\n|-damage|p1a: Kingambit|77\/100\n|-heal|p2a: Amoonguss|78\/100|[from] drain|[of] p1a: Kingambit\n|\n|-heal|p1a: Kingambit|83\/100|[from] item: Leftovers\n|upkeep\n|turn|17\n|\n|t:|1700085910\n|switch|p2a: Kingambit|Kingambit, M|100\/100\n|move|p1a: Kingambit|Kowtow Cleave|p2a: Kingambit\n|-resisted|p2a: Kingambit\n|-damage|p2a: Kingambit|81\/100\n|\n|-heal|p1a: Kingambit|89\/100|[from] item: Leftovers\n|upkeep\n|turn|18\n|inactive|taised has 120 seconds left.\n|\n|t:|1700085939\n|-end|p1a: Kingambit|fallenundefined|[silent]\n|switch|p1a: Gholdengo|Gholdengo|94\/100\n|-damage|p1a: Gholdengo|82\/100|[from] Spikes\n|move|p2a: Kingambit|Low Kick|p1a: Gholdengo\n|-immune|p1a: Gholdengo\n|\n|-heal|p1a: Gholdengo|88\/100|[from] item: Leftovers\n|upkeep\n|turn|19\n|\n|t:|1700085955\n|-end|p2a: Kingambit|fallenundefined|[silent]\n|switch|p2a: Amoonguss|Amoonguss, M|100\/100\n|-damage|p2a: Amoonguss|88\/100|[from] Stealth Rock\n|move|p1a: Gholdengo|Thunder Wave|p2a: Amoonguss|[miss]\n|-miss|p1a: Gholdengo|p2a: Amoonguss\n|\n|-heal|p1a: Gholdengo|94\/100|[from] item: Leftovers\n|upkeep\n|turn|20\n|\n|t:|1700085967\n|switch|p2a: Ting-Lu|Ting-Lu|83\/100\n|-damage|p2a: Ting-Lu|77\/100|[from] Stealth Rock\n|-ability|p2a: Ting-Lu|Vessel of Ruin\n|move|p1a: Gholdengo|Thunder Wave|p2a: Ting-Lu\n|-immune|p2a: Ting-Lu\n|\n|-heal|p1a: Gholdengo|99\/100|[from] item: Leftovers\n|-heal|p2a: Ting-Lu|83\/100|[from] item: Leftovers\n|upkeep\n|turn|21\n|\n|t:|1700085980\n|switch|p1a: Enamorus|Enamorus, F|100\/100\n|move|p2a: Ting-Lu|Spikes|p1a: Enamorus\n|-sidestart|p1: taised|Spikes\n|\n|-heal|p2a: Ting-Lu|89\/100|[from] item: Leftovers\n|upkeep\n|turn|22\n|\n|t:|1700085988\n|move|p1a: Enamorus|Moonblast|p2a: Ting-Lu\n|-supereffective|p2a: Ting-Lu\n|-crit|p2a: Ting-Lu\n|-damage|p2a: Ting-Lu|28\/100\n|move|p2a: Ting-Lu|Whirlwind|p1a: Enamorus\n|drag|p1a: Kingambit|Kingambit, F|89\/100\n|-damage|p1a: Kingambit|73\/100|[from] Spikes\n|\n|-heal|p1a: Kingambit|79\/100|[from] item: Leftovers\n|-heal|p2a: Ting-Lu|35\/100|[from] item: Leftovers\n|upkeep\n|turn|23\n|inactive|ElGranVaron has 120 seconds left.\n|\n|t:|1700086022\n|switch|p2a: Kingambit|Kingambit, M|81\/100\n|move|p1a: Kingambit|Iron Head|p2a: Kingambit\n|-resisted|p2a: Kingambit\n|-damage|p2a: Kingambit|61\/100\n|\n|-heal|p1a: Kingambit|85\/100|[from] item: Leftovers\n|upkeep\n|turn|24\n|inactive|taised has 120 seconds left.\n|\n|t:|1700086042\n|-end|p1a: Kingambit|fallenundefined|[silent]\n|switch|p1a: Bisharp|Bisharp, F|100\/100\n|-damage|p1a: Bisharp|84\/100|[from] Spikes\n|move|p2a: Kingambit|Kowtow Cleave|p1a: Bisharp\n|-resisted|p1a: Bisharp\n|-damage|p1a: Bisharp|64\/100\n|\n|upkeep\n|turn|25\n|inactive|taised has 120 seconds left.\n|\n|t:|1700086052\n|-end|p2a: Kingambit|fallenundefined|[silent]\n|switch|p2a: Amoonguss|Amoonguss, M|100\/100\n|-damage|p2a: Amoonguss|88\/100|[from] Stealth Rock\n|switch|p1a: Enamorus|Enamorus, F|100\/100\n|\n|upkeep\n|turn|26\n|\n|t:|1700086057\n|switch|p1a: Gholdengo|Gholdengo|99\/100\n|-damage|p1a: Gholdengo|83\/100|[from] Spikes\n|move|p2a: Amoonguss|Spore|p1a: Gholdengo\n|-immune|p1a: Gholdengo|[from] ability: Good as Gold\n|\n|-heal|p1a: Gholdengo|89\/100|[from] item: Leftovers\n|upkeep\n|turn|27\n|\n|t:|1700086067\n|switch|p1a: Landorus|Landorus-Therian, M|35\/100\n|-ability|p1a: Landorus|Intimidate|boost\n|-unboost|p2a: Amoonguss|atk|1\n|switch|p2a: Ting-Lu|Ting-Lu|35\/100\n|-damage|p2a: Ting-Lu|28\/100|[from] Stealth Rock\n|-ability|p2a: Ting-Lu|Vessel of Ruin\n|\n|-heal|p2a: Ting-Lu|35\/100|[from] item: Leftovers\n|upkeep\n|turn|28\n|\n|t:|1700086079\n|switch|p2a: Corviknight|Corviknight, F|82\/100\n|-damage|p2a: Corviknight|69\/100|[from] Stealth Rock\n|-ability|p2a: Corviknight|Pressure\n|move|p1a: Landorus|U-turn|p2a: Corviknight\n|-resisted|p2a: Corviknight\n|-crit|p2a: Corviknight\n|-damage|p2a: Corviknight|64\/100\n|\n|t:|1700086092\n|switch|p1a: Ceruledge|Ceruledge, F|100\/100|[from] U-turn\n|\n|-heal|p2a: Corviknight|70\/100|[from] item: Leftovers\n|upkeep\n|turn|29\n|\n|t:|1700086110\n|switch|p2a: the urge|Skeledirge, F|100\/100\n|move|p1a: Ceruledge|Taunt|p2a: the urge\n|-start|p2a: the urge|move: Taunt\n|\n|upkeep\n|turn|30\n|\n|t:|1700086116\n|move|p1a: Ceruledge|Shadow Sneak|p2a: the urge\n|-supereffective|p2a: the urge\n|-damage|p2a: the urge|74\/100\n|move|p2a: the urge|Shadow Ball|p1a: Ceruledge\n|-supereffective|p1a: Ceruledge\n|-damage|p1a: Ceruledge|57\/100\n|\n|upkeep\n|turn|31\n|\n|t:|1700086134\n|-terastallize|p2a: the urge|Water\n|move|p1a: Ceruledge|Shadow Sneak|p2a: the urge\n|-damage|p2a: the urge|60\/100\n|move|p2a: the urge|Torch Song|p1a: Ceruledge\n|-start|p1a: Ceruledge|ability: Flash Fire\n|\n|-end|p2a: the urge|move: Taunt\n|upkeep\n|turn|32\n|\n|t:|1700086144\n|move|p1a: Ceruledge|Bitter Blade|p2a: the urge\n|-resisted|p2a: the urge\n|-damage|p2a: the urge|41\/100\n|-heal|p1a: Ceruledge|70\/100|[from] drain|[of] p2a: the urge\n|move|p2a: the urge|Shadow Ball|p1a: Ceruledge\n|-supereffective|p1a: Ceruledge\n|-damage|p1a: Ceruledge|18\/100\n|\n|upkeep\n|turn|33\n|\n|t:|1700086159\n|move|p1a: Ceruledge|Destiny Bond|p1a: Ceruledge\n|-singlemove|p1a: Ceruledge|Destiny Bond\n|move|p2a: the urge|Slack Off|p2a: the urge\n|-heal|p2a: the urge|91\/100\n|\n|upkeep\n|turn|34\n|\n|t:|1700086176\n|move|p1a: Ceruledge|Bitter Blade|p2a: the urge\n|-resisted|p2a: the urge\n|-damage|p2a: the urge|70\/100\n|-heal|p1a: Ceruledge|32\/100|[from] drain|[of] p2a: the urge\n|move|p2a: the urge|Shadow Ball|p1a: Ceruledge\n|-supereffective|p1a: Ceruledge\n|-damage|p1a: Ceruledge|0 fnt\n|faint|p1a: Ceruledge\n|\n|upkeep\n|inactive|taised has 120 seconds left.\n|\n|t:|1700086194\n|switch|p1a: Gholdengo|Gholdengo|89\/100\n|-damage|p1a: Gholdengo|73\/100|[from] Spikes\n|turn|35\n|\n|t:|1700086202\n|switch|p2a: Ting-Lu|Ting-Lu|35\/100\n|-damage|p2a: Ting-Lu|28\/100|[from] Stealth Rock\n|-ability|p2a: Ting-Lu|Vessel of Ruin\n|move|p1a: Gholdengo|Thunder Wave|p2a: Ting-Lu\n|-immune|p2a: Ting-Lu\n|\n|-heal|p1a: Gholdengo|79\/100|[from] item: Leftovers\n|-heal|p2a: Ting-Lu|35\/100|[from] item: Leftovers\n|upkeep\n|turn|36\n|\n|t:|1700086207\n|switch|p1a: Landorus|Landorus-Therian, M|35\/100\n|-ability|p1a: Landorus|Intimidate|boost\n|-unboost|p2a: Ting-Lu|atk|1\n|move|p2a: Ting-Lu|Rest|p2a: Ting-Lu\n|-status|p2a: Ting-Lu|slp|[from] move: Rest\n|-heal|p2a: Ting-Lu|100\/100 slp|[silent]\n|\n|upkeep\n|turn|37\n|\n|t:|1700086224\n|move|p1a: Landorus|Taunt|p2a: Ting-Lu\n|-start|p2a: Ting-Lu|move: Taunt\n|cant|p2a: Ting-Lu|slp\n|\n|upkeep\n|turn|38\n|\n|t:|1700086228\n|switch|p2a: Amoonguss|Amoonguss, M|100\/100\n|-damage|p2a: Amoonguss|88\/100|[from] Stealth Rock\n|move|p1a: Landorus|U-turn|p2a: Amoonguss\n|-damage|p2a: Amoonguss|71\/100\n|-damage|p1a: Landorus|19\/100|[from] item: Rocky Helmet|[of] p2a: Amoonguss\n|\n|t:|1700086234\n|switch|p1a: Gholdengo|Gholdengo|79\/100|[from] U-turn\n|-damage|p1a: Gholdengo|62\/100|[from] Spikes\n|\n|-heal|p1a: Gholdengo|68\/100|[from] item: Leftovers\n|upkeep\n|turn|39\n|inactive|taised has 120 seconds left.\n|\n|t:|1700086270\n|switch|p1a: Enamorus|Enamorus, F|100\/100\n|switch|p2a: Ting-Lu|Ting-Lu|100\/100 slp\n|-damage|p2a: Ting-Lu|94\/100 slp|[from] Stealth Rock\n|-ability|p2a: Ting-Lu|Vessel of Ruin\n|\n|-heal|p2a: Ting-Lu|100\/100 slp|[from] item: Leftovers\n|upkeep\n|turn|40\n|inactive|taised has 120 seconds left.\n|\n|t:|1700086286\n|switch|p2a: Amoonguss|Amoonguss, M|100\/100\n|-damage|p2a: Amoonguss|88\/100|[from] Stealth Rock\n|move|p1a: Enamorus|Calm Mind|p1a: Enamorus\n|-boost|p1a: Enamorus|spa|1\n|-boost|p1a: Enamorus|spd|1\n|\n|upkeep\n|turn|41\n|inactive|taised has 120 seconds left.\n|inactive|taised has 90 seconds left.\n|\n|t:|1700086333\n|move|p1a: Enamorus|Mystical Fire|p2a: Amoonguss\n|-supereffective|p2a: Amoonguss\n|-damage|p2a: Amoonguss|5\/100\n|-unboost|p2a: Amoonguss|spa|1\n|move|p2a: Amoonguss|Spore|p1a: Enamorus\n|-status|p1a: Enamorus|slp|[from] move: Spore\n|\n|upkeep\n|turn|42\n|inactive|taised has 90 seconds left.\n|\n|t:|1700086342\n|cant|p1a: Enamorus|slp\n|move|p2a: Amoonguss|Clear Smog|p1a: Enamorus\n|-supereffective|p1a: Enamorus\n|-damage|p1a: Enamorus|83\/100 slp\n|-clearboost|p1a: Enamorus\n|\n|upkeep\n|turn|43\n|\n|t:|1700086355\n|switch|p2a: the urge|Skeledirge, F, tera:Water|70\/100\n|cant|p1a: Enamorus|slp\n|\n|upkeep\n|turn|44\n|\n|t:|1700086368\n|-curestatus|p1a: Enamorus|slp|[msg]\n|move|p1a: Enamorus|Moonblast|p2a: the urge\n|-damage|p2a: the urge|28\/100\n|move|p2a: the urge|Torch Song|p1a: Enamorus\n|-damage|p1a: Enamorus|43\/100\n|-boost|p2a: the urge|spa|1\n|\n|upkeep\n|turn|45\n|\n|t:|1700086394\n|move|p1a: Enamorus|Mystical Fire|p2a: the urge\n|-resisted|p2a: the urge\n|-damage|p2a: the urge|17\/100\n|-unboost|p2a: the urge|spa|1\n|move|p2a: the urge|Torch Song|p1a: Enamorus\n|-damage|p1a: Enamorus|2\/100\n|-boost|p2a: the urge|spa|1\n|\n|upkeep\n|turn|46\n|\n|t:|1700086402\n|move|p1a: Enamorus|Moonblast|p2a: the urge\n|-damage|p2a: the urge|0 fnt\n|faint|p2a: the urge\n|\n|upkeep\n|\n|t:|1700086410\n|switch|p2a: Dragapult|Dragapult, F|100\/100\n|-damage|p2a: Dragapult|88\/100|[from] Stealth Rock\n|turn|47\n|\n|t:|1700086414\n|move|p2a: Dragapult|U-turn|p1a: Enamorus\n|-resisted|p1a: Enamorus\n|-damage|p1a: Enamorus|0 fnt\n|faint|p1a: Enamorus\n|\n|t:|1700086425\n|switch|p2a: Amoonguss|Amoonguss, M|38\/100|[from] U-turn\n|-damage|p2a: Amoonguss|26\/100|[from] Stealth Rock\n|\n|upkeep\n|inactive|taised has 120 seconds left.\n|\n|t:|1700086443\n|switch|p1a: Bisharp|Bisharp, F|64\/100\n|-damage|p1a: Bisharp|48\/100|[from] Spikes\n|turn|48\n|\n|t:|1700086462\n|switch|p2a: Ting-Lu|Ting-Lu|100\/100 slp\n|-damage|p2a: Ting-Lu|94\/100 slp|[from] Stealth Rock\n|-ability|p2a: Ting-Lu|Vessel of Ruin\n|move|p1a: Bisharp|Iron Head|p2a: Ting-Lu\n|-damage|p2a: Ting-Lu|72\/100 slp\n|\n|-heal|p2a: Ting-Lu|78\/100 slp|[from] item: Leftovers\n|upkeep\n|turn|49\n|\n|t:|1700086470\n|move|p1a: Bisharp|Swords Dance|p1a: Bisharp\n|-boost|p1a: Bisharp|atk|2\n|cant|p2a: Ting-Lu|slp\n|\n|-heal|p2a: Ting-Lu|84\/100 slp|[from] item: Leftovers\n|upkeep\n|turn|50\n|\n|t:|1700086473\n|move|p1a: Bisharp|Iron Head|p2a: Ting-Lu\n|-damage|p2a: Ting-Lu|37\/100 slp\n|-curestatus|p2a: Ting-Lu|slp|[msg]\n|move|p2a: Ting-Lu|Earthquake|p1a: Bisharp\n|-supereffective|p1a: Bisharp\n|-damage|p1a: Bisharp|0 fnt\n|faint|p1a: Bisharp\n|\n|-heal|p2a: Ting-Lu|43\/100|[from] item: Leftovers\n|upkeep\n|inactive|taised has 120 seconds left.\n|\n|t:|1700086508\n|switch|p1a: Landorus|Landorus-Therian, M|19\/100\n|-ability|p1a: Landorus|Intimidate|boost\n|-unboost|p2a: Ting-Lu|atk|1\n|turn|51\n|\n|t:|1700086515\n|move|p1a: Landorus|Taunt|p2a: Ting-Lu\n|-start|p2a: Ting-Lu|move: Taunt\n|cant|p2a: Ting-Lu|move: Taunt|Rest\n|\n|-heal|p2a: Ting-Lu|50\/100|[from] item: Leftovers\n|upkeep\n|turn|52\n|\n|t:|1700086521\n|switch|p2a: Amoonguss|Amoonguss, M|59\/100\n|-damage|p2a: Amoonguss|47\/100|[from] Stealth Rock\n|move|p1a: Landorus|U-turn|p2a: Amoonguss\n|-damage|p2a: Amoonguss|30\/100\n|-damage|p1a: Landorus|2\/100|[from] item: Rocky Helmet|[of] p2a: Amoonguss\n|\n|t:|1700086530\n|switch|p1a: Gholdengo|Gholdengo|68\/100|[from] U-turn\n|-damage|p1a: Gholdengo|52\/100|[from] Spikes\n|\n|-heal|p1a: Gholdengo|58\/100|[from] item: Leftovers\n|upkeep\n|turn|53\n|\n|t:|1700086542\n|switch|p1a: Landorus|Landorus-Therian, M|2\/100\n|-ability|p1a: Landorus|Intimidate|boost\n|-unboost|p2a: Amoonguss|atk|1\n|switch|p2a: Corviknight|Corviknight, F|70\/100\n|-damage|p2a: Corviknight|58\/100|[from] Stealth Rock\n|-ability|p2a: Corviknight|Pressure\n|\n|-heal|p2a: Corviknight|64\/100|[from] item: Leftovers\n|upkeep\n|turn|54\n|inactive|taised has 120 seconds left.\n|\n|t:|1700086554\n|switch|p1a: Gholdengo|Gholdengo|58\/100\n|-damage|p1a: Gholdengo|41\/100|[from] Spikes\n|move|p2a: Corviknight|U-turn|p1a: Gholdengo\n|-resisted|p1a: Gholdengo\n|-damage|p1a: Gholdengo|39\/100\n|\n|t:|1700086568\n|switch|p2a: Ting-Lu|Ting-Lu|50\/100|[from] U-turn\n|-damage|p2a: Ting-Lu|43\/100|[from] Stealth Rock\n|-ability|p2a: Ting-Lu|Vessel of Ruin\n|\n|-heal|p1a: Gholdengo|45\/100|[from] item: Leftovers\n|-heal|p2a: Ting-Lu|50\/100|[from] item: Leftovers\n|upkeep\n|turn|55\n|\n|t:|1700086577\n|switch|p1a: Landorus|Landorus-Therian, M|2\/100\n|-ability|p1a: Landorus|Intimidate|boost\n|-unboost|p2a: Ting-Lu|atk|1\n|move|p2a: Ting-Lu|Rest|p2a: Ting-Lu\n|-status|p2a: Ting-Lu|slp|[from] move: Rest\n|-heal|p2a: Ting-Lu|100\/100 slp|[silent]\n|\n|upkeep\n|turn|56\n|\n|t:|1700086586\n|switch|p2a: Amoonguss|Amoonguss, M|63\/100\n|-damage|p2a: Amoonguss|50\/100|[from] Stealth Rock\n|move|p1a: Landorus|Taunt|p2a: Amoonguss\n|-start|p2a: Amoonguss|move: Taunt\n|\n|upkeep\n|turn|57\n|\n|t:|1700086594\n|move|p1a: Landorus|Earthquake|p2a: Amoonguss\n|-crit|p2a: Amoonguss\n|-damage|p2a: Amoonguss|3\/100\n|move|p2a: Amoonguss|Giga Drain|p1a: Landorus\n|-damage|p1a: Landorus|0 fnt\n|-heal|p2a: Amoonguss|4\/100|[from] drain|[of] p1a: Landorus\n|faint|p1a: Landorus\n|\n|upkeep\n|\n|t:|1700086601\n|switch|p1a: Kingambit|Kingambit, F|85\/100\n|-damage|p1a: Kingambit|69\/100|[from] Spikes\n|-activate|p1a: Kingambit|ability: Supreme Overlord\n|-start|p1a: Kingambit|fallen4|[silent]\n|turn|58\n|\n|t:|1700086623\n|switch|p2a: Kingambit|Kingambit, M|61\/100\n|-activate|p2a: Kingambit|ability: Supreme Overlord\n|-start|p2a: Kingambit|fallen1|[silent]\n|move|p1a: Kingambit|Swords Dance|p1a: Kingambit\n|-boost|p1a: Kingambit|atk|2\n|\n|-heal|p1a: Kingambit|75\/100|[from] item: Leftovers\n|upkeep\n|turn|59\n|\n|t:|1700086636\n|-terastallize|p1a: Kingambit|Fairy\n|move|p2a: Kingambit|Low Kick|p1a: Kingambit\n|-resisted|p1a: Kingambit\n|-damage|p1a: Kingambit|59\/100\n|move|p1a: Kingambit|Iron Head|p2a: Kingambit\n|-resisted|p2a: Kingambit\n|-damage|p2a: Kingambit|4\/100\n|\n|-heal|p1a: Kingambit|66\/100|[from] item: Leftovers\n|upkeep\n|turn|60\n|inactive|taised has 120 seconds left.\n|inactive|taised has 90 seconds left.\n|\n|t:|1700086709\n|-end|p1a: Kingambit|fallen4|[silent]\n|switch|p1a: Gholdengo|Gholdengo|45\/100\n|-damage|p1a: Gholdengo|28\/100|[from] Spikes\n|move|p2a: Kingambit|Sucker Punch||[still]\n|-fail|p2a: Kingambit\n|\n|-heal|p1a: Gholdengo|34\/100|[from] item: Leftovers\n|upkeep\n|turn|61\n|\n|t:|1700086723\n|move|p1a: Gholdengo|Thunder Wave|p2a: Kingambit\n|-status|p2a: Kingambit|par\n|move|p2a: Kingambit|Kowtow Cleave|p1a: Gholdengo\n|-supereffective|p1a: Gholdengo\n|-crit|p1a: Gholdengo\n|-damage|p1a: Gholdengo|0 fnt\n|faint|p1a: Gholdengo\n|\n|upkeep\n|\n|t:|1700086727\n|switch|p1a: Kingambit|Kingambit, F, tera:Fairy|66\/100\n|-damage|p1a: Kingambit|49\/100|[from] Spikes\n|-activate|p1a: Kingambit|ability: Supreme Overlord\n|-start|p1a: Kingambit|fallen5|[silent]\n|turn|62\n|\n|t:|1700086734\n|move|p1a: Kingambit|Sucker Punch|p2a: Kingambit\n|-resisted|p2a: Kingambit\n|-damage|p2a: Kingambit|0 fnt\n|faint|p2a: Kingambit\n|-end|p2a: Kingambit|fallen1|[silent]\n|\n|-heal|p1a: Kingambit|56\/100|[from] item: Leftovers\n|upkeep\n|\n|t:|1700086738\n|switch|p2a: Corviknight|Corviknight, F|64\/100\n|-damage|p2a: Corviknight|52\/100|[from] Stealth Rock\n|-ability|p2a: Corviknight|Pressure\n|turn|63\n|\n|t:|1700086743\n|move|p2a: Corviknight|Iron Head|p1a: Kingambit\n|-supereffective|p1a: Kingambit\n|-damage|p1a: Kingambit|19\/100\n|cant|p1a: Kingambit|flinch\n|\n|-heal|p2a: Corviknight|58\/100|[from] item: Leftovers\n|-heal|p1a: Kingambit|26\/100|[from] item: Leftovers\n|upkeep\n|turn|64\n|\n|t:|1700086747\n|move|p1a: Kingambit|Sucker Punch|p2a: Corviknight\n|-damage|p2a: Corviknight|20\/100\n|move|p2a: Corviknight|Iron Head|p1a: Kingambit\n|-supereffective|p1a: Kingambit\n|-damage|p1a: Kingambit|0 fnt\n|faint|p1a: Kingambit\n|-end|p1a: Kingambit|fallen5|[silent]\n|\n|win|ElGranVaron\n|raw|taised's rating: 1164 &rarr; <strong>1142<\/strong><br \/>(-22 for losing)\n|raw|ElGranVaron's rating: 1201 &rarr; <strong>1223<\/strong><br \/>(+22 for winning)\n|c|\u2606taised|ughh\n|c|\u2606taised|gg\n|c|\u2606ElGranVaron|gg\n","uploadtime":1700086758,"views":8,"p1id":"taised","p2id":"elgranvaron","formatid":"gen9ou","rating":1142,"private":0,"password":""}