{"id":"gen9ou-1989443791","p1":"bunnelby to NU","p2":"tdd20070515\u5179\u4f0f\u5947\u5927\u543e","format":"[Gen 9] OU","log":"|j|\u2606bunnelby to NU\n|j|\u2606tdd20070515\u5179\u4f0f\u5947\u5927\u543e\n|t:|1699851299\n|gametype|singles\n|player|p1|bunnelby to NU|169|1180\n|player|p2|tdd20070515\u5179\u4f0f\u5947\u5927\u543e|steven|1124\n|teamsize|p1|6\n|teamsize|p2|6\n|gen|9\n|tier|[Gen 9] OU\n|rated|\n|rule|Sleep Clause Mod: Limit one foe put to sleep\n|rule|Species Clause: Limit one of each Pok\u00e9mon\n|rule|OHKO Clause: OHKO moves are banned\n|rule|Evasion Items Clause: Evasion items are banned\n|rule|Evasion Moves Clause: Evasion moves are banned\n|rule|Endless Battle Clause: Forcing endless battles is banned\n|rule|HP Percentage Mod: HP is shown in percentages\n|clearpoke\n|poke|p1|Breloom, M|\n|poke|p1|Blissey, F|\n|poke|p1|Iron Valiant|\n|poke|p1|Ogerpon-Cornerstone, F|\n|poke|p1|Great Tusk|\n|poke|p1|Alomomola, F|\n|poke|p2|Pelipper, M|\n|poke|p2|Greninja-*, M|\n|poke|p2|Basculegion, M|\n|poke|p2|Zapdos|\n|poke|p2|Sandy Shocks|\n|poke|p2|Scizor, M|\n|teampreview\n|\n|t:|1699851308\n|start\n|switch|p1a: Ogerpon|Ogerpon-Cornerstone, F|100\/100\n|switch|p2a: Pelipper|Pelipper, M|100\/100\n|-weather|RainDance|[from] ability: Drizzle|[of] p2a: Pelipper\n|turn|1\n|\n|t:|1699851316\n|switch|p2a: Sandy Shocks|Sandy Shocks|100\/100\n|-enditem|p2a: Sandy Shocks|Booster Energy\n|-activate|p2a: Sandy Shocks|ability: Protosynthesis|[fromitem]\n|-start|p2a: Sandy Shocks|protosynthesisspe\n|move|p1a: Ogerpon|Ivy Cudgel|p2a: Sandy Shocks\n|-resisted|p2a: Sandy Shocks\n|-damage|p2a: Sandy Shocks|71\/100\n|\n|-weather|RainDance|[upkeep]\n|upkeep\n|turn|2\n|inactive|Battle timer is ON: inactive players will automatically lose when time's up. (requested by bunnelby to NU)\n|\n|t:|1699851329\n|move|p2a: Sandy Shocks|Earth Power|p1a: Ogerpon\n|-damage|p1a: Ogerpon|47\/100\n|move|p1a: Ogerpon|Horn Leech|p2a: Sandy Shocks\n|-supereffective|p2a: Sandy Shocks\n|-damage|p2a: Sandy Shocks|0 fnt\n|-heal|p1a: Ogerpon|85\/100|[from] drain|[of] p2a: Sandy Shocks\n|faint|p2a: Sandy Shocks\n|-end|p2a: Sandy Shocks|Protosynthesis|[silent]\n|\n|-weather|RainDance|[upkeep]\n|upkeep\n|\n|t:|1699851335\n|switch|p2a: Basculegion|Basculegion, M|100\/100\n|turn|3\n|\n|t:|1699851341\n|switch|p1a: Alomomola|Alomomola, F|100\/100\n|-terastallize|p2a: Basculegion|Water\n|move|p2a: Basculegion|Wave Crash|p1a: Alomomola\n|-resisted|p1a: Alomomola\n|-damage|p1a: Alomomola|52\/100\n|-damage|p2a: Basculegion|78\/100|[from] Recoil\n|\n|-weather|RainDance|[upkeep]\n|upkeep\n|turn|4\n|\n|t:|1699851352\n|switch|p2a: Zapdos|Zapdos|100\/100\n|move|p1a: Alomomola|Wish|p1a: Alomomola\n|\n|-weather|RainDance|[upkeep]\n|upkeep\n|turn|5\n|\n|t:|1699851359\n|switch|p1a: Great Tusk|Great Tusk|100\/100\n|move|p2a: Zapdos|Thunder|p1a: Great Tusk\n|-immune|p1a: Great Tusk\n|\n|-weather|RainDance|[upkeep]\n|upkeep\n|turn|6\n|\n|t:|1699851370\n|move|p2a: Zapdos|Hurricane|p1a: Great Tusk\n|-supereffective|p1a: Great Tusk\n|-damage|p1a: Great Tusk|0 fnt\n|faint|p1a: Great Tusk\n|-end|p1a: Great Tusk|Protosynthesis|[silent]\n|\n|-weather|RainDance|[upkeep]\n|upkeep\n|\n|t:|1699851373\n|switch|p1a: Blissey|Blissey, F|100\/100\n|turn|7\n|\n|t:|1699851376\n|move|p2a: Zapdos|U-turn|p1a: Blissey\n|-damage|p1a: Blissey|89\/100\n|\n|t:|1699851380\n|switch|p2a: Basculegion|Basculegion, M, tera:Water|78\/100|[from] U-turn\n|move|p1a: Blissey|Gravity|p1a: Blissey\n|-fieldstart|move: Gravity\n|\n|-weather|RainDance|[upkeep]\n|upkeep\n|turn|8\n|\n|t:|1699851386\n|move|p2a: Basculegion|Wave Crash|p1a: Blissey\n|-damage|p1a: Blissey|0 fnt\n|faint|p1a: Blissey\n|-damage|p2a: Basculegion|23\/100|[from] Recoil\n|\n|-weather|none\n|upkeep\n|\n|t:|1699851390\n|switch|p1a: Iron Valiant|Iron Valiant|100\/100\n|turn|9\n|\n|t:|1699851401\n|switch|p2a: Pelipper|Pelipper, M|100\/100\n|-weather|RainDance|[from] ability: Drizzle|[of] p2a: Pelipper\n|move|p1a: Iron Valiant|Hypnosis|p2a: Pelipper\n|-status|p2a: Pelipper|slp|[from] move: Hypnosis\n|\n|-weather|RainDance|[upkeep]\n|upkeep\n|turn|10\n|\n|t:|1699851406\n|switch|p2a: Scizor|Scizor, M|100\/100\n|move|p1a: Iron Valiant|Calm Mind|p1a: Iron Valiant\n|-boost|p1a: Iron Valiant|spa|1\n|-boost|p1a: Iron Valiant|spd|1\n|\n|-weather|RainDance|[upkeep]\n|upkeep\n|turn|11\n|\n|t:|1699851417\n|-terastallize|p1a: Iron Valiant|Fairy\n|move|p2a: Scizor|Bullet Punch|p1a: Iron Valiant\n|-supereffective|p1a: Iron Valiant\n|-enditem|p1a: Iron Valiant|Focus Sash\n|-damage|p1a: Iron Valiant|1\/100\n|move|p1a: Iron Valiant|Moonblast|p2a: Scizor\n|-resisted|p2a: Scizor\n|-damage|p2a: Scizor|48\/100\n|\n|-weather|RainDance|[upkeep]\n|-fieldend|move: Gravity\n|upkeep\n|turn|12\n|\n|t:|1699851428\n|-end|p1a: Iron Valiant|Quark Drive|[silent]\n|switch|p1a: Alomomola|Alomomola, F|85\/100\n|move|p2a: Scizor|Bullet Punch|p1a: Alomomola\n|-resisted|p1a: Alomomola\n|-damage|p1a: Alomomola|77\/100\n|\n|-weather|RainDance|[upkeep]\n|upkeep\n|turn|13\n|\n|t:|1699851431\n|move|p2a: Scizor|U-turn|p1a: Alomomola\n|-damage|p1a: Alomomola|57\/100\n|\n|t:|1699851434\n|switch|p2a: Basculegion|Basculegion, M, tera:Water|23\/100|[from] U-turn\n|move|p1a: Alomomola|Wish|p1a: Alomomola\n|\n|-weather|RainDance|[upkeep]\n|upkeep\n|turn|14\n|\n|t:|1699851442\n|move|p2a: Basculegion|Wave Crash|p1a: Alomomola\n|-resisted|p1a: Alomomola\n|-crit|p1a: Alomomola\n|-damage|p1a: Alomomola|0 fnt\n|faint|p1a: Alomomola\n|-damage|p2a: Basculegion|0 fnt|[from] Recoil\n|faint|p2a: Basculegion\n|\n|-weather|RainDance|[upkeep]\n|upkeep\n|c|\u2606bunnelby to NU|nice crit mf\n|\n|t:|1699851454\n|switch|p2a: Greninja|Greninja, M|100\/100\n|switch|p1a: Breloom|Breloom, M|100\/100\n|turn|15\n|\n|t:|1699851459\n|move|p1a: Breloom|Mach Punch|p2a: Greninja\n|-supereffective|p2a: Greninja\n|-crit|p2a: Greninja\n|-damage|p2a: Greninja|0 fnt\n|faint|p2a: Greninja\n|\n|-weather|RainDance|[upkeep]\n|upkeep\n|\n|t:|1699851464\n|switch|p2a: Zapdos|Zapdos|100\/100\n|turn|16\n|\n|t:|1699851467\n|switch|p1a: Iron Valiant|Iron Valiant, tera:Fairy|1\/100\n|move|p2a: Zapdos|Hurricane|p1a: Iron Valiant\n|-damage|p1a: Iron Valiant|0 fnt\n|faint|p1a: Iron Valiant\n|-end|p1a: Iron Valiant|Quark Drive|[silent]\n|\n|-weather|none\n|upkeep\n|\n|t:|1699851473\n|switch|p1a: Breloom|Breloom, M|100\/100\n|turn|17\n|\n|t:|1699851476\n|switch|p2a: Pelipper|Pelipper, M|100\/100 slp\n|-weather|RainDance|[from] ability: Drizzle|[of] p2a: Pelipper\n|move|p1a: Breloom|Rock Tomb|p2a: Pelipper\n|-supereffective|p2a: Pelipper\n|-damage|p2a: Pelipper|0 fnt\n|faint|p2a: Pelipper\n|\n|-weather|RainDance|[upkeep]\n|upkeep\n|\n|t:|1699851480\n|switch|p2a: Zapdos|Zapdos|100\/100\n|turn|18\n|c|\u2606bunnelby to NU|fucking zap user always needs their daily fix of RNG hell\n|\n|t:|1699851495\n|move|p2a: Zapdos|Hurricane|p1a: Breloom\n|-supereffective|p1a: Breloom\n|-damage|p1a: Breloom|0 fnt\n|faint|p1a: Breloom\n|\n|-weather|RainDance|[upkeep]\n|upkeep\n|\n|t:|1699851498\n|switch|p1a: Ogerpon|Ogerpon-Cornerstone, F|85\/100\n|turn|19\n|\n|t:|1699851501\n|move|p1a: Ogerpon|Ivy Cudgel|p2a: Zapdos\n|-supereffective|p2a: Zapdos\n|-damage|p2a: Zapdos|0 fnt\n|faint|p2a: Zapdos\n|\n|-weather|RainDance|[upkeep]\n|upkeep\n|\n|t:|1699851503\n|switch|p2a: Scizor|Scizor, M|48\/100\n|turn|20\n|\n|t:|1699851507\n|move|p1a: Ogerpon|Ivy Cudgel|p2a: Scizor\n|-damage|p2a: Scizor|0 fnt\n|faint|p2a: Scizor\n|\n|win|bunnelby to NU\n|raw|bunnelby to NU's rating: 1180 &rarr; <strong>1201<\/strong><br \/>(+21 for winning)\n|raw|tdd20070515\u5179\u4f0f\u5947\u5927\u543e's rating: 1124 &rarr; <strong>1103<\/strong><br \/>(-21 for losing)\n","uploadtime":1699851495,"views":8,"p1id":"bunnelbytonu","p2id":"tdd20070515","formatid":"gen9ou","rating":1103,"private":0,"password":""}