{"id":"gen9ou-1999380572","p1":"Lets ogg","p2":"Charlesdobronx","format":"[Gen 9] OU","log":"|j|\u2606Lets ogg\n|j|\u2606Charlesdobronx\n|t:|1701070477\n|gametype|singles\n|player|p1|Lets ogg|2|1575\n|player|p2|Charlesdobronx|266|1492\n|teamsize|p1|6\n|teamsize|p2|6\n|gen|9\n|tier|[Gen 9] OU\n|rated|\n|rule|Sleep Clause Mod: Limit one foe put to sleep\n|rule|Species Clause: Limit one of each Pok\u00e9mon\n|rule|OHKO Clause: OHKO moves are banned\n|rule|Evasion Items Clause: Evasion items are banned\n|rule|Evasion Moves Clause: Evasion moves are banned\n|rule|Endless Battle Clause: Forcing endless battles is banned\n|rule|HP Percentage Mod: HP is shown in percentages\n|clearpoke\n|poke|p1|Ogerpon-Wellspring, F|\n|poke|p1|Iron Moth|\n|poke|p1|Glimmora, F|\n|poke|p1|Garganacl, F|\n|poke|p1|Zamazenta-*|\n|poke|p1|Sinistcha|\n|poke|p2|Garchomp, F|\n|poke|p2|Corviknight, F|\n|poke|p2|Clodsire, M|\n|poke|p2|Iron Valiant|\n|poke|p2|Dragapult, M|\n|poke|p2|Enamorus, F|\n|teampreview\n|inactive|Battle timer is ON: inactive players will automatically lose when time's up. (requested by Lets ogg)\n|\n|t:|1701070483\n|start\n|switch|p1a: Ogerpon|Ogerpon-Wellspring, F|100\/100\n|switch|p2a: Dragapult|Dragapult, M|100\/100\n|turn|1\n|c|\u2606Charlesdobronx|gl\n|\n|t:|1701070498\n|switch|p1a: Sinistcha|Sinistcha|100\/100\n|move|p2a: Dragapult|U-turn|p1a: Sinistcha\n|-crit|p1a: Sinistcha\n|-damage|p1a: Sinistcha|62\/100\n|c|\u2606Lets ogg|Charlie olives\n|inactive|Charlesdobronx has 120 seconds left.\n|\n|t:|1701070530\n|switch|p2a: Iron Valiant|Iron Valiant|100\/100|[from] U-turn\n|\n|-heal|p1a: Sinistcha|68\/100|[from] item: Leftovers\n|upkeep\n|turn|2\n|\n|t:|1701070537\n|move|p2a: Iron Valiant|Moonblast|p1a: Sinistcha\n|-damage|p1a: Sinistcha|1\/100\n|-damage|p2a: Iron Valiant|91\/100|[from] item: Life Orb\n|move|p1a: Sinistcha|Strength Sap|p2a: Iron Valiant\n|-unboost|p2a: Iron Valiant|atk|1\n|-heal|p1a: Sinistcha|71\/100\n|\n|-heal|p1a: Sinistcha|78\/100|[from] item: Leftovers\n|upkeep\n|turn|3\n|c|\u2606Charlesdobronx|goat\n|inactive|Charlesdobronx has 120 seconds left.\n|\n|t:|1701070561\n|switch|p1a: Glimmora|Glimmora, F|100\/100\n|move|p2a: Iron Valiant|Moonblast|p1a: Glimmora\n|-resisted|p1a: Glimmora\n|-damage|p1a: Glimmora|58\/100\n|-unboost|p1a: Glimmora|spa|1\n|-damage|p2a: Iron Valiant|81\/100|[from] item: Life Orb\n|\n|upkeep\n|turn|4\n|\n|t:|1701070570\n|move|p2a: Iron Valiant|Psyshock|p1a: Glimmora\n|-supereffective|p1a: Glimmora\n|-damage|p1a: Glimmora|0 fnt\n|faint|p1a: Glimmora\n|-damage|p2a: Iron Valiant|71\/100|[from] item: Life Orb\n|\n|upkeep\n|\n|t:|1701070574\n|switch|p1a: Zamazenta|Zamazenta|100\/100\n|-ability|p1a: Zamazenta|Dauntless Shield|boost\n|-boost|p1a: Zamazenta|def|1\n|turn|5\n|\n|t:|1701070580\n|-end|p2a: Iron Valiant|Quark Drive|[silent]\n|switch|p2a: Corviknight|Corviknight, F|100\/100\n|-ability|p2a: Corviknight|Pressure\n|move|p1a: Zamazenta|Heavy Slam|p2a: Corviknight\n|-resisted|p2a: Corviknight\n|-crit|p2a: Corviknight\n|-damage|p2a: Corviknight|90\/100\n|\n|-heal|p2a: Corviknight|96\/100|[from] item: Leftovers\n|upkeep\n|turn|6\n|\n|t:|1701070587\n|switch|p1a: Garganacl|Garganacl, F|100\/100\n|move|p2a: Corviknight|U-turn|p1a: Garganacl\n|-damage|p1a: Garganacl|92\/100\n|\n|t:|1701070595\n|switch|p2a: Iron Valiant|Iron Valiant|71\/100|[from] U-turn\n|\n|-heal|p1a: Garganacl|98\/100|[from] item: Leftovers\n|upkeep\n|turn|7\n|\n|t:|1701070607\n|-terastallize|p1a: Garganacl|Ghost\n|move|p2a: Iron Valiant|Aura Sphere|p1a: Garganacl\n|-immune|p1a: Garganacl\n|move|p1a: Garganacl|Salt Cure|p2a: Iron Valiant\n|-resisted|p2a: Iron Valiant\n|-damage|p2a: Iron Valiant|62\/100\n|-start|p2a: Iron Valiant|Salt Cure\n|\n|-heal|p1a: Garganacl|100\/100|[from] item: Leftovers\n|-damage|p2a: Iron Valiant|49\/100|[from] Salt Cure\n|upkeep\n|turn|8\n|\n|t:|1701070620\n|-end|p2a: Iron Valiant|Quark Drive|[silent]\n|switch|p2a: Dragapult|Dragapult, M|100\/100\n|move|p1a: Garganacl|Iron Defense|p1a: Garganacl\n|-boost|p1a: Garganacl|def|2\n|\n|upkeep\n|turn|9\n|\n|t:|1701070628\n|move|p2a: Dragapult|U-turn|p1a: Garganacl\n|-resisted|p1a: Garganacl\n|-damage|p1a: Garganacl|95\/100\n|\n|t:|1701070633\n|switch|p2a: Iron Valiant|Iron Valiant|49\/100|[from] U-turn\n|move|p1a: Garganacl|Salt Cure|p2a: Iron Valiant\n|-resisted|p2a: Iron Valiant\n|-damage|p2a: Iron Valiant|40\/100\n|-start|p2a: Iron Valiant|Salt Cure\n|\n|-heal|p1a: Garganacl|100\/100|[from] item: Leftovers\n|-damage|p2a: Iron Valiant|28\/100|[from] Salt Cure\n|upkeep\n|turn|10\n|\n|t:|1701070642\n|move|p2a: Iron Valiant|Moonblast|p1a: Garganacl\n|-damage|p1a: Garganacl|63\/100\n|-unboost|p1a: Garganacl|spa|1\n|-damage|p2a: Iron Valiant|18\/100|[from] item: Life Orb\n|move|p1a: Garganacl|Recover|p1a: Garganacl\n|-heal|p1a: Garganacl|100\/100\n|\n|-damage|p2a: Iron Valiant|6\/100|[from] Salt Cure\n|upkeep\n|turn|11\n|\n|t:|1701070656\n|-end|p2a: Iron Valiant|Quark Drive|[silent]\n|switch|p2a: Enamorus|Enamorus, F|100\/100\n|move|p1a: Garganacl|Salt Cure|p2a: Enamorus\n|-supereffective|p2a: Enamorus\n|-damage|p2a: Enamorus|59\/100\n|-start|p2a: Enamorus|Salt Cure\n|\n|-damage|p2a: Enamorus|47\/100|[from] Salt Cure\n|upkeep\n|turn|12\n|inactive|Charlesdobronx has 120 seconds left.\n|\n|t:|1701070692\n|move|p2a: Enamorus|Healing Wish|p2a: Enamorus\n|faint|p2a: Enamorus\n|move|p1a: Garganacl|Salt Cure|p2: Enamorus|[notarget]\n|-fail|p1a: Garganacl\n|\n|upkeep\n|\n|t:|1701070696\n|switch|p2a: Iron Valiant|Iron Valiant|6\/100\n|-heal|p2a: Iron Valiant|100\/100|[from] move: Healing Wish\n|turn|13\n|\n|t:|1701070700\n|-terastallize|p2a: Iron Valiant|Fairy\n|move|p2a: Iron Valiant|Moonblast|p1a: Garganacl\n|-damage|p1a: Garganacl|51\/100\n|-damage|p2a: Iron Valiant|91\/100|[from] item: Life Orb\n|move|p1a: Garganacl|Salt Cure|p2a: Iron Valiant\n|-damage|p2a: Iron Valiant|74\/100\n|-start|p2a: Iron Valiant|Salt Cure\n|\n|-heal|p1a: Garganacl|57\/100|[from] item: Leftovers\n|-damage|p2a: Iron Valiant|62\/100|[from] Salt Cure\n|upkeep\n|turn|14\n|\n|t:|1701070715\n|move|p2a: Iron Valiant|Moonblast|p1a: Garganacl\n|-damage|p1a: Garganacl|2\/100\n|-unboost|p1a: Garganacl|spa|1\n|-damage|p2a: Iron Valiant|52\/100|[from] item: Life Orb\n|move|p1a: Garganacl|Recover|p1a: Garganacl\n|-heal|p1a: Garganacl|52\/100\n|\n|-heal|p1a: Garganacl|59\/100|[from] item: Leftovers\n|-damage|p2a: Iron Valiant|40\/100|[from] Salt Cure\n|upkeep\n|turn|15\n|inactive|Charlesdobronx has 120 seconds left.\n|c|\u2606Charlesdobronx|U wanna do this for 10 hours ?\n|\n|t:|1701070744\n|-end|p2a: Iron Valiant|Quark Drive|[silent]\n|switch|p2a: Clodsire|Clodsire, M|100\/100\n|move|p1a: Garganacl|Recover|p1a: Garganacl\n|-heal|p1a: Garganacl|100\/100\n|\n|upkeep\n|turn|16\n|inactive|Charlesdobronx has 120 seconds left.\n|c|\u2606Lets ogg|No but what option i got lol\n|c|\u2606Lets ogg|Val hurts\n|inactive|Lets ogg has 120 seconds left.\n|c|\u2606Charlesdobronx|switching lol\n|\n|t:|1701070772\n|move|p1a: Garganacl|Salt Cure|p2a: Clodsire\n|-resisted|p2a: Clodsire\n|-damage|p2a: Clodsire|93\/100\n|-start|p2a: Clodsire|Salt Cure\n|move|p2a: Clodsire|Stealth Rock|p1a: Garganacl\n|-sidestart|p1: Lets ogg|move: Stealth Rock\n|\n|-heal|p2a: Clodsire|99\/100|[from] item: Leftovers\n|-damage|p2a: Clodsire|87\/100|[from] Salt Cure\n|upkeep\n|turn|17\n|inactive|Charlesdobronx has 120 seconds left.\n|\n|t:|1701070782\n|move|p1a: Garganacl|Iron Defense|p1a: Garganacl\n|-boost|p1a: Garganacl|def|2\n|move|p2a: Clodsire|Earthquake|p1a: Garganacl\n|-damage|p1a: Garganacl|81\/100\n|\n|-heal|p1a: Garganacl|87\/100|[from] item: Leftovers\n|-heal|p2a: Clodsire|93\/100|[from] item: Leftovers\n|-damage|p2a: Clodsire|81\/100|[from] Salt Cure\n|upkeep\n|turn|18\n|inactive|Charlesdobronx has 120 seconds left.\n|\n|t:|1701070793\n|switch|p2a: Corviknight|Corviknight, F|96\/100\n|-ability|p2a: Corviknight|Pressure\n|move|p1a: Garganacl|Iron Defense|p1a: Garganacl\n|-boost|p1a: Garganacl|def|2\n|\n|-heal|p2a: Corviknight|100\/100|[from] item: Leftovers\n|-heal|p1a: Garganacl|94\/100|[from] item: Leftovers\n|upkeep\n|turn|19\n|\n|t:|1701070801\n|move|p2a: Corviknight|U-turn|p1a: Garganacl\n|-resisted|p1a: Garganacl\n|-damage|p1a: Garganacl|92\/100\n|\n|t:|1701070805\n|switch|p2a: Clodsire|Clodsire, M|81\/100|[from] U-turn\n|move|p1a: Garganacl|Salt Cure|p2a: Clodsire\n|-resisted|p2a: Clodsire\n|-crit|p2a: Clodsire\n|-damage|p2a: Clodsire|68\/100\n|-start|p2a: Clodsire|Salt Cure\n|\n|-heal|p1a: Garganacl|99\/100|[from] item: Leftovers\n|-heal|p2a: Clodsire|74\/100|[from] item: Leftovers\n|-damage|p2a: Clodsire|62\/100|[from] Salt Cure\n|upkeep\n|turn|20\n|\n|t:|1701070808\n|move|p1a: Garganacl|Body Press|p2a: Clodsire\n|-resisted|p2a: Clodsire\n|-damage|p2a: Clodsire|50\/100\n|move|p2a: Clodsire|Recover|p2a: Clodsire\n|-heal|p2a: Clodsire|99\/100\n|\n|-heal|p1a: Garganacl|100\/100|[from] item: Leftovers\n|-heal|p2a: Clodsire|100\/100|[from] item: Leftovers\n|-damage|p2a: Clodsire|88\/100|[from] Salt Cure\n|upkeep\n|turn|21\n|\n|t:|1701070830\n|switch|p2a: Corviknight|Corviknight, F|100\/100\n|-ability|p2a: Corviknight|Pressure\n|move|p1a: Garganacl|Iron Defense|p1a: Garganacl\n|-boost|p1a: Garganacl|def|0\n|\n|upkeep\n|turn|22\n|\n|t:|1701070847\n|move|p2a: Corviknight|Brave Bird|p1a: Garganacl\n|-damage|p1a: Garganacl|94\/100\n|-damage|p2a: Corviknight|98\/100|[from] Recoil\n|move|p1a: Garganacl|Body Press|p2a: Corviknight\n|-damage|p2a: Corviknight|48\/100\n|\n|-heal|p2a: Corviknight|54\/100|[from] item: Leftovers\n|-heal|p1a: Garganacl|99\/100|[from] item: Leftovers\n|upkeep\n|turn|23\n|c|\u2606Lets ogg|So hows your eyebrow healing\n|\n|t:|1701070855\n|move|p2a: Corviknight|Roost|p2a: Corviknight\n|-heal|p2a: Corviknight|100\/100\n|-singleturn|p2a: Corviknight|move: Roost\n|move|p1a: Garganacl|Salt Cure|p2a: Corviknight\n|-resisted|p2a: Corviknight\n|-damage|p2a: Corviknight|96\/100\n|-start|p2a: Corviknight|Salt Cure\n|\n|-heal|p2a: Corviknight|100\/100|[from] item: Leftovers\n|-heal|p1a: Garganacl|100\/100|[from] item: Leftovers\n|-damage|p2a: Corviknight|75\/100|[from] Salt Cure\n|upkeep\n|turn|24\n|\n|t:|1701070865\n|move|p2a: Corviknight|U-turn|p1a: Garganacl\n|-resisted|p1a: Garganacl\n|-damage|p1a: Garganacl|99\/100\n|\n|t:|1701070867\n|switch|p2a: Clodsire|Clodsire, M|88\/100|[from] U-turn\n|move|p1a: Garganacl|Body Press|p2a: Clodsire\n|-resisted|p2a: Clodsire\n|-damage|p2a: Clodsire|74\/100\n|\n|-heal|p1a: Garganacl|100\/100|[from] item: Leftovers\n|-heal|p2a: Clodsire|81\/100|[from] item: Leftovers\n|upkeep\n|turn|25\n|\n|t:|1701070878\n|move|p1a: Garganacl|Iron Defense|p1a: Garganacl\n|-boost|p1a: Garganacl|def|0\n|move|p2a: Clodsire|Toxic|p1a: Garganacl\n|-immune|p1a: Garganacl|[from] ability: Purifying Salt\n|\n|-heal|p2a: Clodsire|87\/100|[from] item: Leftovers\n|upkeep\n|turn|26\n|\n|t:|1701070886\n|move|p1a: Garganacl|Salt Cure|p2a: Clodsire\n|-resisted|p2a: Clodsire\n|-damage|p2a: Clodsire|79\/100\n|-start|p2a: Clodsire|Salt Cure\n|move|p2a: Clodsire|Earthquake|p1a: Garganacl\n|-damage|p1a: Garganacl|80\/100\n|\n|-heal|p1a: Garganacl|86\/100|[from] item: Leftovers\n|-heal|p2a: Clodsire|86\/100|[from] item: Leftovers\n|-damage|p2a: Clodsire|73\/100|[from] Salt Cure\n|upkeep\n|turn|27\n|inactive|Lets ogg has 120 seconds left.\n|inactive|Lets ogg has 90 seconds left.\n|inactive|Lets ogg has 60 seconds left.\n|\n|t:|1701070998\n|move|p1a: Garganacl|Body Press|p2a: Clodsire\n|-resisted|p2a: Clodsire\n|-damage|p2a: Clodsire|61\/100\n|move|p2a: Clodsire|Earthquake|p1a: Garganacl\n|-damage|p1a: Garganacl|68\/100\n|\n|-heal|p1a: Garganacl|74\/100|[from] item: Leftovers\n|-heal|p2a: Clodsire|67\/100|[from] item: Leftovers\n|-damage|p2a: Clodsire|54\/100|[from] Salt Cure\n|upkeep\n|turn|28\n|\n|t:|1701071008\n|switch|p1a: Ogerpon|Ogerpon-Wellspring, F|100\/100\n|-damage|p1a: Ogerpon|88\/100|[from] Stealth Rock\n|move|p2a: Clodsire|Recover|p2a: Clodsire\n|-heal|p2a: Clodsire|100\/100\n|\n|-damage|p2a: Clodsire|88\/100|[from] Salt Cure\n|upkeep\n|turn|29\n|\n|t:|1701071017\n|switch|p2a: Corviknight|Corviknight, F|75\/100\n|-ability|p2a: Corviknight|Pressure\n|move|p1a: Ogerpon|Knock Off|p2a: Corviknight\n|-damage|p2a: Corviknight|53\/100\n|-enditem|p2a: Corviknight|Leftovers|[from] move: Knock Off|[of] p1a: Ogerpon\n|\n|upkeep\n|turn|30\n|c|\u2606Charlesdobronx|finally\n|\n|t:|1701071031\n|move|p1a: Ogerpon|Ivy Cudgel|p2a: Corviknight|[anim] Ivy Cudgel Water\n|-damage|p2a: Corviknight|20\/100\n|move|p2a: Corviknight|Roost|p2a: Corviknight\n|-heal|p2a: Corviknight|70\/100\n|-singleturn|p2a: Corviknight|move: Roost\n|\n|upkeep\n|turn|31\n|\n|t:|1701071037\n|move|p1a: Ogerpon|Ivy Cudgel|p2a: Corviknight|[anim] Ivy Cudgel Water\n|-damage|p2a: Corviknight|35\/100\n|move|p2a: Corviknight|U-turn|p1a: Ogerpon\n|-supereffective|p1a: Ogerpon\n|-damage|p1a: Ogerpon|52\/100\n|\n|t:|1701071044\n|switch|p2a: Dragapult|Dragapult, M|100\/100|[from] U-turn\n|\n|upkeep\n|turn|32\n|\n|t:|1701071052\n|move|p2a: Dragapult|Dragon Darts|p1a: Ogerpon\n|-crit|p1a: Ogerpon\n|-damage|p1a: Ogerpon|0 fnt\n|faint|p1a: Ogerpon\n|\n|upkeep\n|\n|t:|1701071058\n|switch|p1a: Sinistcha|Sinistcha|78\/100\n|-damage|p1a: Sinistcha|65\/100|[from] Stealth Rock\n|turn|33\n|\n|t:|1701071060\n|move|p2a: Dragapult|Dragon Darts|p1a: Sinistcha\n|-damage|p1a: Sinistcha|38\/100\n|-anim|p2a: Dragapult|Dragon Darts|p1a: Sinistcha\n|-damage|p1a: Sinistcha|14\/100\n|move|p1a: Sinistcha|Strength Sap|p2a: Dragapult\n|-unboost|p2a: Dragapult|atk|1\n|-heal|p1a: Sinistcha|100\/100\n|\n|upkeep\n|turn|34\n|\n|t:|1701071070\n|switch|p2a: Clodsire|Clodsire, M|88\/100\n|move|p1a: Sinistcha|Calm Mind|p1a: Sinistcha\n|-boost|p1a: Sinistcha|spa|1\n|-boost|p1a: Sinistcha|spd|1\n|\n|-heal|p2a: Clodsire|94\/100|[from] item: Leftovers\n|upkeep\n|turn|35\n|inactive|Lets ogg has 60 seconds left.\n|c|\u2606Charlesdobronx|u cant touch clodsire with any of ur pokemons bro\n|c|\u2606Charlesdobronx|just ff\n|c|\u2606Lets ogg|Nah wanna waste ur time\n|c|\u2606Charlesdobronx|hahahaha\n|inactive|Lets ogg has 30 seconds left.\n|inactive|Lets ogg has 20 seconds left.\n|inactive|Lets ogg has 15 seconds left.\n|\n|t:|1701071149\n|move|p1a: Sinistcha|Shadow Ball|p2a: Clodsire\n|-damage|p2a: Clodsire|78\/100\n|move|p2a: Clodsire|Toxic|p1a: Sinistcha\n|-status|p1a: Sinistcha|tox\n|\n|-heal|p2a: Clodsire|84\/100|[from] item: Leftovers\n|-damage|p1a: Sinistcha|94\/100 tox|[from] psn\n|upkeep\n|turn|36\n|inactive|Lets ogg has 25 seconds left this turn.\n|inactive|Lets ogg has 20 seconds left.\n|\n|t:|1701071157\n|move|p1a: Sinistcha|Matcha Gotcha|p2a: Clodsire\n|-damage|p2a: Clodsire|67\/100\n|-heal|p1a: Sinistcha|100\/100 tox|[from] drain|[of] p2a: Clodsire\n|move|p2a: Clodsire|Stealth Rock||[still]\n|-fail|p2a: Clodsire\n|\n|-heal|p2a: Clodsire|73\/100|[from] item: Leftovers\n|-damage|p1a: Sinistcha|88\/100 tox|[from] psn\n|upkeep\n|turn|37\n|inactive|Lets ogg has 30 seconds left this turn.\n|\n|t:|1701071170\n|move|p1a: Sinistcha|Matcha Gotcha|p2a: Clodsire\n|-damage|p2a: Clodsire|55\/100\n|-heal|p1a: Sinistcha|99\/100 tox|[from] drain|[of] p2a: Clodsire\n|move|p2a: Clodsire|Recover|p2a: Clodsire\n|-heal|p2a: Clodsire|100\/100\n|\n|-heal|p1a: Sinistcha|100\/100 tox|[from] item: Leftovers\n|-damage|p1a: Sinistcha|82\/100 tox|[from] psn\n|upkeep\n|turn|38\n|inactive|Lets ogg has 30 seconds left.\n|\n|t:|1701071187\n|switch|p2a: Garchomp|Garchomp, F|100\/100\n|move|p1a: Sinistcha|Shadow Ball|p2a: Garchomp\n|-damage|p2a: Garchomp|50\/100\n|\n|-heal|p1a: Sinistcha|88\/100 tox|[from] item: Leftovers\n|-damage|p1a: Sinistcha|63\/100 tox|[from] psn\n|upkeep\n|turn|39\n|inactive|Lets ogg has 30 seconds left.\n|\n|t:|1701071198\n|move|p2a: Garchomp|Scale Shot|p1a: Sinistcha\n|-damage|p1a: Sinistcha|54\/100 tox\n|-damage|p1a: Sinistcha|45\/100 tox\n|-damage|p1a: Sinistcha|36\/100 tox\n|-damage|p1a: Sinistcha|27\/100 tox\n|-hitcount|p1a: Sinistcha|4\n|-unboost|p2a: Garchomp|def|1\n|-boost|p2a: Garchomp|spe|1\n|move|p1a: Sinistcha|Strength Sap|p2a: Garchomp\n|-unboost|p2a: Garchomp|atk|1\n|-heal|p1a: Sinistcha|100\/100 tox\n|\n|-damage|p1a: Sinistcha|70\/100 tox|[from] psn\n|upkeep\n|turn|40\n|inactive|Lets ogg has 30 seconds left.\n|\n|t:|1701071211\n|switch|p2a: Clodsire|Clodsire, M|100\/100\n|move|p1a: Sinistcha|Matcha Gotcha|p2a: Clodsire\n|-damage|p2a: Clodsire|84\/100\n|-heal|p1a: Sinistcha|81\/100 tox|[from] drain|[of] p2a: Clodsire\n|\n|-heal|p1a: Sinistcha|87\/100 tox|[from] item: Leftovers\n|-heal|p2a: Clodsire|91\/100|[from] item: Leftovers\n|-damage|p1a: Sinistcha|50\/100 tox|[from] psn\n|upkeep\n|turn|41\n|\n|t:|1701071221\n|move|p1a: Sinistcha|Matcha Gotcha|p2a: Clodsire\n|-damage|p2a: Clodsire|74\/100\n|-heal|p1a: Sinistcha|61\/100 tox|[from] drain|[of] p2a: Clodsire\n|move|p2a: Clodsire|Stealth Rock||[still]\n|-fail|p2a: Clodsire\n|\n|-heal|p1a: Sinistcha|67\/100 tox|[from] item: Leftovers\n|-heal|p2a: Clodsire|80\/100|[from] item: Leftovers\n|-damage|p1a: Sinistcha|24\/100 tox|[from] psn\n|upkeep\n|turn|42\n|\n|t:|1701071231\n|move|p1a: Sinistcha|Matcha Gotcha|p2a: Clodsire\n|-damage|p2a: Clodsire|64\/100\n|-heal|p1a: Sinistcha|35\/100 tox|[from] drain|[of] p2a: Clodsire\n|move|p2a: Clodsire|Toxic|p1a: Sinistcha\n|-fail|p1a: Sinistcha|tox\n|\n|-heal|p1a: Sinistcha|41\/100 tox|[from] item: Leftovers\n|-heal|p2a: Clodsire|71\/100|[from] item: Leftovers\n|-damage|p1a: Sinistcha|0 fnt|[from] psn\n|faint|p1a: Sinistcha\n|upkeep\n|\n|t:|1701071235\n|switch|p1a: Garganacl|Garganacl, F, tera:Ghost|74\/100\n|-damage|p1a: Garganacl|62\/100|[from] Stealth Rock\n|turn|43\n|\n|t:|1701071254\n|switch|p2a: Garchomp|Garchomp, F|50\/100\n|move|p1a: Garganacl|Iron Defense|p1a: Garganacl\n|-boost|p1a: Garganacl|def|2\n|\n|-heal|p1a: Garganacl|68\/100|[from] item: Leftovers\n|upkeep\n|turn|44\n|\n|t:|1701071260\n|switch|p2a: Clodsire|Clodsire, M|71\/100\n|move|p1a: Garganacl|Recover|p1a: Garganacl\n|-heal|p1a: Garganacl|100\/100\n|\n|-heal|p2a: Clodsire|77\/100|[from] item: Leftovers\n|upkeep\n|turn|45\n|\n|t:|1701071272\n|move|p1a: Garganacl|Salt Cure|p2a: Clodsire\n|-resisted|p2a: Clodsire\n|-damage|p2a: Clodsire|68\/100\n|-start|p2a: Clodsire|Salt Cure\n|move|p2a: Clodsire|Earthquake|p1a: Garganacl\n|-damage|p1a: Garganacl|81\/100\n|\n|-heal|p1a: Garganacl|87\/100|[from] item: Leftovers\n|-heal|p2a: Clodsire|75\/100|[from] item: Leftovers\n|-damage|p2a: Clodsire|62\/100|[from] Salt Cure\n|upkeep\n|turn|46\n|\n|t:|1701071280\n|move|p1a: Garganacl|Iron Defense|p1a: Garganacl\n|-boost|p1a: Garganacl|def|2\n|move|p2a: Clodsire|Earthquake|p1a: Garganacl\n|-damage|p1a: Garganacl|68\/100\n|\n|-heal|p1a: Garganacl|74\/100|[from] item: Leftovers\n|-heal|p2a: Clodsire|68\/100|[from] item: Leftovers\n|-damage|p2a: Clodsire|56\/100|[from] Salt Cure\n|upkeep\n|turn|47\n|\n|t:|1701071287\n|move|p1a: Garganacl|Iron Defense|p1a: Garganacl\n|-boost|p1a: Garganacl|def|2\n|move|p2a: Clodsire|Recover|p2a: Clodsire\n|-heal|p2a: Clodsire|100\/100\n|\n|-heal|p1a: Garganacl|80\/100|[from] item: Leftovers\n|-damage|p2a: Clodsire|88\/100|[from] Salt Cure\n|upkeep\n|turn|48\n|inactive|Lets ogg has 90 seconds left.\n|\n|t:|1701071302\n|move|p1a: Garganacl|Iron Defense|p1a: Garganacl\n|-boost|p1a: Garganacl|def|0\n|move|p2a: Clodsire|Earthquake|p1a: Garganacl\n|-damage|p1a: Garganacl|60\/100\n|\n|-heal|p1a: Garganacl|66\/100|[from] item: Leftovers\n|-heal|p2a: Clodsire|94\/100|[from] item: Leftovers\n|-damage|p2a: Clodsire|82\/100|[from] Salt Cure\n|upkeep\n|turn|49\n|inactive|Lets ogg has 90 seconds left.\n|c|\u2606Charlesdobronx|ure just wasting your own time bcs ull lose and i wont ff\n|inactive|Lets ogg has 60 seconds left.\n|c|\u2606Lets ogg|Im doing quotes for work im good\n|inactive|Lets ogg has 30 seconds left.\n|inactive|Lets ogg has 20 seconds left.\n|inactive|Lets ogg has 15 seconds left.\n|inactive|Lets ogg has 10 seconds left.\n|c|\u2606Charlesdobronx|enjoy bro\n|\n|t:|1701071388\n|move|p1a: Garganacl|Iron Defense|p1a: Garganacl\n|-boost|p1a: Garganacl|def|0\n|move|p2a: Clodsire|Stealth Rock||[still]\n|-fail|p2a: Clodsire\n|\n|-heal|p1a: Garganacl|72\/100|[from] item: Leftovers\n|-heal|p2a: Clodsire|88\/100|[from] item: Leftovers\n|-damage|p2a: Clodsire|75\/100|[from] Salt Cure\n|upkeep\n|turn|50\n|inactive|Lets ogg has 20 seconds left this turn.\n|\n|t:|1701071404\n|move|p1a: Garganacl|Iron Defense|p1a: Garganacl\n|-boost|p1a: Garganacl|def|0\n|move|p2a: Clodsire|Stealth Rock||[still]\n|-fail|p2a: Clodsire\n|\n|-heal|p1a: Garganacl|78\/100|[from] item: Leftovers\n|-heal|p2a: Clodsire|82\/100|[from] item: Leftovers\n|-damage|p2a: Clodsire|69\/100|[from] Salt Cure\n|upkeep\n|turn|51\n|inactive|Lets ogg has 30 seconds left this turn.\n|\n|t:|1701071414\n|move|p1a: Garganacl|Salt Cure|p2a: Clodsire\n|-resisted|p2a: Clodsire\n|-damage|p2a: Clodsire|61\/100\n|move|p2a: Clodsire|Toxic|p1a: Garganacl\n|-immune|p1a: Garganacl|[from] ability: Purifying Salt\n|\n|-heal|p1a: Garganacl|85\/100|[from] item: Leftovers\n|-heal|p2a: Clodsire|68\/100|[from] item: Leftovers\n|-damage|p2a: Clodsire|55\/100|[from] Salt Cure\n|upkeep\n|turn|52\n|inactive|Lets ogg has 30 seconds left.\n|\n|t:|1701071423\n|move|p1a: Garganacl|Body Press|p2a: Clodsire\n|-resisted|p2a: Clodsire\n|-damage|p2a: Clodsire|43\/100\n|move|p2a: Clodsire|Toxic|p1a: Garganacl\n|-immune|p1a: Garganacl|[from] ability: Purifying Salt\n|\n|-heal|p1a: Garganacl|91\/100|[from] item: Leftovers\n|-heal|p2a: Clodsire|49\/100|[from] item: Leftovers\n|-damage|p2a: Clodsire|36\/100|[from] Salt Cure\n|upkeep\n|turn|53\n|inactive|Lets ogg has 30 seconds left.\n|\n|t:|1701071438\n|switch|p1a: Iron Moth|Iron Moth|100\/100\n|-damage|p1a: Iron Moth|76\/100|[from] Stealth Rock\n|-enditem|p1a: Iron Moth|Booster Energy\n|-activate|p1a: Iron Moth|ability: Quark Drive|[fromitem]\n|-start|p1a: Iron Moth|quarkdrivespe\n|move|p2a: Clodsire|Recover|p2a: Clodsire\n|-heal|p2a: Clodsire|86\/100\n|\n|-heal|p2a: Clodsire|93\/100|[from] item: Leftovers\n|-damage|p2a: Clodsire|80\/100|[from] Salt Cure\n|upkeep\n|turn|54\n|\n|t:|1701071442\n|move|p1a: Iron Moth|Fiery Dance|p2a: Clodsire\n|-damage|p2a: Clodsire|60\/100\n|move|p2a: Clodsire|Earthquake|p1a: Iron Moth\n|-supereffective|p1a: Iron Moth\n|-damage|p1a: Iron Moth|0 fnt\n|faint|p1a: Iron Moth\n|-end|p1a: Iron Moth|Quark Drive|[silent]\n|\n|-heal|p2a: Clodsire|66\/100|[from] item: Leftovers\n|-damage|p2a: Clodsire|54\/100|[from] Salt Cure\n|upkeep\n|\n|t:|1701071447\n|switch|p1a: Garganacl|Garganacl, F, tera:Ghost|91\/100\n|-damage|p1a: Garganacl|78\/100|[from] Stealth Rock\n|turn|55\n|\n|t:|1701071455\n|move|p1a: Garganacl|Iron Defense|p1a: Garganacl\n|-boost|p1a: Garganacl|def|2\n|move|p2a: Clodsire|Earthquake|p1a: Garganacl\n|-damage|p1a: Garganacl|59\/100\n|\n|-heal|p1a: Garganacl|65\/100|[from] item: Leftovers\n|-heal|p2a: Clodsire|60\/100|[from] item: Leftovers\n|-damage|p2a: Clodsire|47\/100|[from] Salt Cure\n|upkeep\n|turn|56\n|\n|t:|1701071463\n|move|p1a: Garganacl|Body Press|p2a: Clodsire\n|-resisted|p2a: Clodsire\n|-damage|p2a: Clodsire|34\/100\n|move|p2a: Clodsire|Recover|p2a: Clodsire\n|-heal|p2a: Clodsire|84\/100\n|\n|-heal|p1a: Garganacl|71\/100|[from] item: Leftovers\n|-heal|p2a: Clodsire|90\/100|[from] item: Leftovers\n|-damage|p2a: Clodsire|78\/100|[from] Salt Cure\n|upkeep\n|turn|57\n|inactive|Lets ogg has 60 seconds left.\n|\n|t:|1701071471\n|move|p1a: Garganacl|Iron Defense|p1a: Garganacl\n|-boost|p1a: Garganacl|def|2\n|move|p2a: Clodsire|Stealth Rock||[still]\n|-fail|p2a: Clodsire\n|\n|-heal|p1a: Garganacl|77\/100|[from] item: Leftovers\n|-heal|p2a: Clodsire|84\/100|[from] item: Leftovers\n|-damage|p2a: Clodsire|72\/100|[from] Salt Cure\n|upkeep\n|turn|58\n|\n|t:|1701071481\n|move|p1a: Garganacl|Body Press|p2a: Clodsire\n|-resisted|p2a: Clodsire\n|-damage|p2a: Clodsire|60\/100\n|move|p2a: Clodsire|Stealth Rock||[still]\n|-fail|p2a: Clodsire\n|\n|-heal|p1a: Garganacl|84\/100|[from] item: Leftovers\n|-heal|p2a: Clodsire|66\/100|[from] item: Leftovers\n|-damage|p2a: Clodsire|54\/100|[from] Salt Cure\n|upkeep\n|turn|59\n|\n|t:|1701071493\n|move|p1a: Garganacl|Body Press|p2a: Clodsire\n|-resisted|p2a: Clodsire\n|-damage|p2a: Clodsire|42\/100\n|move|p2a: Clodsire|Stealth Rock||[still]\n|-fail|p2a: Clodsire\n|\n|-heal|p1a: Garganacl|90\/100|[from] item: Leftovers\n|-heal|p2a: Clodsire|48\/100|[from] item: Leftovers\n|-damage|p2a: Clodsire|36\/100|[from] Salt Cure\n|upkeep\n|turn|60\n|\n|t:|1701071500\n|move|p1a: Garganacl|Salt Cure|p2a: Clodsire\n|-resisted|p2a: Clodsire\n|-damage|p2a: Clodsire|28\/100\n|move|p2a: Clodsire|Recover|p2a: Clodsire\n|-heal|p2a: Clodsire|78\/100\n|\n|-heal|p1a: Garganacl|96\/100|[from] item: Leftovers\n|-heal|p2a: Clodsire|84\/100|[from] item: Leftovers\n|-damage|p2a: Clodsire|71\/100|[from] Salt Cure\n|upkeep\n|turn|61\n|\n|t:|1701071505\n|switch|p2a: Dragapult|Dragapult, M|100\/100\n|move|p1a: Garganacl|Body Press|p2a: Dragapult\n|-immune|p2a: Dragapult\n|\n|-heal|p1a: Garganacl|100\/100|[from] item: Leftovers\n|upkeep\n|turn|62\n|\n|t:|1701071512\n|move|p2a: Dragapult|U-turn|p1a: Garganacl\n|-resisted|p1a: Garganacl\n|-damage|p1a: Garganacl|96\/100\n|\n|t:|1701071514\n|switch|p2a: Clodsire|Clodsire, M|71\/100|[from] U-turn\n|move|p1a: Garganacl|Salt Cure|p2a: Clodsire\n|-resisted|p2a: Clodsire\n|-damage|p2a: Clodsire|64\/100\n|-start|p2a: Clodsire|Salt Cure\n|\n|-heal|p1a: Garganacl|100\/100|[from] item: Leftovers\n|-heal|p2a: Clodsire|70\/100|[from] item: Leftovers\n|-damage|p2a: Clodsire|57\/100|[from] Salt Cure\n|upkeep\n|turn|63\n|\n|t:|1701071533\n|switch|p2a: Corviknight|Corviknight, F|35\/100\n|-ability|p2a: Corviknight|Pressure\n|move|p1a: Garganacl|Recover||[still]\n|-fail|p1a: Garganacl|heal\n|\n|upkeep\n|turn|64\n|\n|t:|1701071539\n|move|p2a: Corviknight|Roost|p2a: Corviknight\n|-heal|p2a: Corviknight|85\/100\n|-singleturn|p2a: Corviknight|move: Roost\n|move|p1a: Garganacl|Salt Cure|p2a: Corviknight\n|-resisted|p2a: Corviknight\n|-damage|p2a: Corviknight|80\/100\n|-start|p2a: Corviknight|Salt Cure\n|\n|-damage|p2a: Corviknight|55\/100|[from] Salt Cure\n|upkeep\n|turn|65\n|\n|t:|1701071552\n|move|p2a: Corviknight|Roost|p2a: Corviknight\n|-heal|p2a: Corviknight|100\/100\n|-singleturn|p2a: Corviknight|move: Roost\n|move|p1a: Garganacl|Salt Cure|p2a: Corviknight\n|-resisted|p2a: Corviknight\n|-damage|p2a: Corviknight|97\/100\n|\n|-damage|p2a: Corviknight|72\/100|[from] Salt Cure\n|upkeep\n|turn|66\n|\n|t:|1701071563\n|move|p2a: Corviknight|Brave Bird|p1a: Garganacl\n|-damage|p1a: Garganacl|92\/100\n|-damage|p2a: Corviknight|69\/100|[from] Recoil\n|move|p1a: Garganacl|Iron Defense|p1a: Garganacl\n|-boost|p1a: Garganacl|def|2\n|\n|-heal|p1a: Garganacl|98\/100|[from] item: Leftovers\n|-damage|p2a: Corviknight|44\/100|[from] Salt Cure\n|upkeep\n|turn|67\n|\n|t:|1701071569\n|move|p2a: Corviknight|Roost|p2a: Corviknight\n|-heal|p2a: Corviknight|94\/100\n|-singleturn|p2a: Corviknight|move: Roost\n|move|p1a: Garganacl|Body Press|p2a: Corviknight\n|-supereffective|p2a: Corviknight\n|-damage|p2a: Corviknight|0 fnt\n|faint|p2a: Corviknight\n|\n|-heal|p1a: Garganacl|100\/100|[from] item: Leftovers\n|upkeep\n|l|\u2606Charlesdobronx\n|inactive|Charlesdobronx disconnected and has a minute to reconnect!\n|player|p2|\n|j|\u2606Charlesdobronx\n|inactive|Charlesdobronx reconnected and has 120 seconds left.\n|player|p2|Charlesdobronx|266\n|\n|t:|1701071622\n|switch|p2a: Dragapult|Dragapult, M|100\/100\n|turn|68\n|\n|t:|1701071627\n|move|p2a: Dragapult|U-turn|p1a: Garganacl\n|-resisted|p1a: Garganacl\n|-damage|p1a: Garganacl|98\/100\n|\n|t:|1701071628\n|switch|p2a: Garchomp|Garchomp, F|50\/100|[from] U-turn\n|move|p1a: Garganacl|Salt Cure|p2a: Garchomp\n|-resisted|p2a: Garchomp\n|-damage|p2a: Garchomp|44\/100\n|-start|p2a: Garchomp|Salt Cure\n|\n|-heal|p1a: Garganacl|100\/100|[from] item: Leftovers\n|-damage|p2a: Garchomp|31\/100|[from] Salt Cure\n|upkeep\n|turn|69\n|\n|t:|1701071641\n|switch|p2a: Dragapult|Dragapult, M|100\/100\n|move|p1a: Garganacl|Iron Defense|p1a: Garganacl\n|-boost|p1a: Garganacl|def|0\n|\n|upkeep\n|turn|70\n|\n|t:|1701071648\n|move|p2a: Dragapult|U-turn|p1a: Garganacl\n|-resisted|p1a: Garganacl\n|-damage|p1a: Garganacl|98\/100\n|\n|t:|1701071650\n|switch|p2a: Garchomp|Garchomp, F|31\/100|[from] U-turn\n|move|p1a: Garganacl|Body Press|p2a: Garchomp\n|-damage|p2a: Garchomp|0 fnt\n|-damage|p1a: Garganacl|85\/100|[from] ability: Rough Skin|[of] p2a: Garchomp\n|faint|p2a: Garchomp\n|\n|-heal|p1a: Garganacl|92\/100|[from] item: Leftovers\n|upkeep\n|inactive|Charlesdobronx has 120 seconds left.\n|\n|t:|1701071656\n|switch|p2a: Dragapult|Dragapult, M|100\/100\n|turn|71\n|inactive|Charlesdobronx has 120 seconds left.\n|\n|t:|1701071669\n|move|p2a: Dragapult|Dragon Darts|p1a: Garganacl\n|-damage|p1a: Garganacl|85\/100\n|-anim|p2a: Dragapult|Dragon Darts|p1a: Garganacl\n|-damage|p1a: Garganacl|78\/100\n|move|p1a: Garganacl|Iron Defense|p1a: Garganacl\n|-boost|p1a: Garganacl|def|0\n|\n|-heal|p1a: Garganacl|84\/100|[from] item: Leftovers\n|upkeep\n|turn|72\n|\n|t:|1701071676\n|move|p2a: Dragapult|Dragon Darts|p1a: Garganacl\n|-damage|p1a: Garganacl|77\/100\n|-anim|p2a: Dragapult|Dragon Darts|p1a: Garganacl\n|-damage|p1a: Garganacl|70\/100\n|move|p1a: Garganacl|Salt Cure|p2a: Dragapult\n|-damage|p2a: Dragapult|80\/100\n|-start|p2a: Dragapult|Salt Cure\n|\n|-heal|p1a: Garganacl|76\/100|[from] item: Leftovers\n|-damage|p2a: Dragapult|67\/100|[from] Salt Cure\n|upkeep\n|turn|73\n|\n|t:|1701071684\n|switch|p2a: Clodsire|Clodsire, M|57\/100\n|move|p1a: Garganacl|Iron Defense|p1a: Garganacl\n|-boost|p1a: Garganacl|def|0\n|\n|-heal|p1a: Garganacl|83\/100|[from] item: Leftovers\n|-heal|p2a: Clodsire|64\/100|[from] item: Leftovers\n|upkeep\n|turn|74\n|\n|t:|1701071692\n|switch|p2a: Dragapult|Dragapult, M|67\/100\n|move|p1a: Garganacl|Salt Cure|p2a: Dragapult\n|-damage|p2a: Dragapult|47\/100\n|-start|p2a: Dragapult|Salt Cure\n|\n|-heal|p1a: Garganacl|89\/100|[from] item: Leftovers\n|-damage|p2a: Dragapult|35\/100|[from] Salt Cure\n|upkeep\n|turn|75\n|\n|t:|1701071706\n|move|p2a: Dragapult|Dragon Darts|p1a: Garganacl\n|-damage|p1a: Garganacl|83\/100\n|-anim|p2a: Dragapult|Dragon Darts|p1a: Garganacl\n|-damage|p1a: Garganacl|75\/100\n|move|p1a: Garganacl|Iron Defense|p1a: Garganacl\n|-boost|p1a: Garganacl|def|0\n|\n|-heal|p1a: Garganacl|81\/100|[from] item: Leftovers\n|-damage|p2a: Dragapult|23\/100|[from] Salt Cure\n|upkeep\n|turn|76\n|\n|t:|1701071715\n|switch|p2a: Clodsire|Clodsire, M|64\/100\n|move|p1a: Garganacl|Iron Defense|p1a: Garganacl\n|-boost|p1a: Garganacl|def|0\n|\n|-heal|p1a: Garganacl|88\/100|[from] item: Leftovers\n|-heal|p2a: Clodsire|70\/100|[from] item: Leftovers\n|upkeep\n|turn|77\n|\n|t:|1701071728\n|move|p1a: Garganacl|Salt Cure|p2a: Clodsire\n|-resisted|p2a: Clodsire\n|-damage|p2a: Clodsire|62\/100\n|-start|p2a: Clodsire|Salt Cure\n|move|p2a: Clodsire|Stealth Rock||[still]\n|-fail|p2a: Clodsire\n|\n|-heal|p1a: Garganacl|94\/100|[from] item: Leftovers\n|-heal|p2a: Clodsire|68\/100|[from] item: Leftovers\n|-damage|p2a: Clodsire|56\/100|[from] Salt Cure\n|upkeep\n|turn|78\n|\n|t:|1701071737\n|move|p1a: Garganacl|Body Press|p2a: Clodsire\n|-resisted|p2a: Clodsire\n|-damage|p2a: Clodsire|43\/100\n|move|p2a: Clodsire|Recover|p2a: Clodsire\n|-heal|p2a: Clodsire|93\/100\n|\n|-heal|p1a: Garganacl|99\/100|[from] item: Leftovers\n|-heal|p2a: Clodsire|99\/100|[from] item: Leftovers\n|-damage|p2a: Clodsire|87\/100|[from] Salt Cure\n|upkeep\n|turn|79\n|\n|t:|1701071751\n|move|p1a: Garganacl|Iron Defense|p1a: Garganacl\n|-boost|p1a: Garganacl|def|0\n|move|p2a: Clodsire|Stealth Rock||[still]\n|-fail|p2a: Clodsire\n|\n|-heal|p1a: Garganacl|100\/100|[from] item: Leftovers\n|-heal|p2a: Clodsire|93\/100|[from] item: Leftovers\n|-damage|p2a: Clodsire|81\/100|[from] Salt Cure\n|upkeep\n|turn|80\n|\n|t:|1701071759\n|switch|p2a: Dragapult|Dragapult, M|23\/100\n|move|p1a: Garganacl|Body Press|p2a: Dragapult\n|-immune|p2a: Dragapult\n|\n|upkeep\n|turn|81\n|\n|t:|1701071766\n|switch|p2a: Clodsire|Clodsire, M|81\/100\n|move|p1a: Garganacl|Salt Cure|p2a: Clodsire\n|-resisted|p2a: Clodsire\n|-damage|p2a: Clodsire|74\/100\n|-start|p2a: Clodsire|Salt Cure\n|\n|-heal|p2a: Clodsire|80\/100|[from] item: Leftovers\n|-damage|p2a: Clodsire|67\/100|[from] Salt Cure\n|upkeep\n|turn|82\n|\n|t:|1701071780\n|move|p1a: Garganacl|Iron Defense|p1a: Garganacl\n|-boost|p1a: Garganacl|def|0\n|move|p2a: Clodsire|Earthquake|p1a: Garganacl\n|-damage|p1a: Garganacl|83\/100\n|\n|-heal|p1a: Garganacl|89\/100|[from] item: Leftovers\n|-heal|p2a: Clodsire|74\/100|[from] item: Leftovers\n|-damage|p2a: Clodsire|61\/100|[from] Salt Cure\n|upkeep\n|turn|83\n|c|\u2606Charlesdobronx|u can maybe win with zamazenta why dont u just finish this\n|\n|t:|1701071810\n|move|p1a: Garganacl|Iron Defense|p1a: Garganacl\n|-boost|p1a: Garganacl|def|0\n|move|p2a: Clodsire|Stealth Rock||[still]\n|-fail|p2a: Clodsire\n|\n|-heal|p1a: Garganacl|96\/100|[from] item: Leftovers\n|-heal|p2a: Clodsire|67\/100|[from] item: Leftovers\n|-damage|p2a: Clodsire|55\/100|[from] Salt Cure\n|upkeep\n|turn|84\n|c|\u2606Lets ogg|U scared yet\n|\n|t:|1701071824\n|switch|p2a: Dragapult|Dragapult, M|23\/100\n|move|p1a: Garganacl|Body Press|p2a: Dragapult\n|-immune|p2a: Dragapult\n|\n|-heal|p1a: Garganacl|100\/100|[from] item: Leftovers\n|upkeep\n|turn|85\n|c|\u2606Charlesdobronx|no im good bro\n|\n|t:|1701071835\n|switch|p2a: Clodsire|Clodsire, M|55\/100\n|move|p1a: Garganacl|Recover||[still]\n|-fail|p1a: Garganacl|heal\n|\n|-heal|p2a: Clodsire|61\/100|[from] item: Leftovers\n|upkeep\n|turn|86\n|\n|t:|1701071845\n|move|p1a: Garganacl|Salt Cure|p2a: Clodsire\n|-resisted|p2a: Clodsire\n|-damage|p2a: Clodsire|54\/100\n|-start|p2a: Clodsire|Salt Cure\n|move|p2a: Clodsire|Stealth Rock||[still]\n|-fail|p2a: Clodsire\n|\n|-heal|p2a: Clodsire|60\/100|[from] item: Leftovers\n|-damage|p2a: Clodsire|48\/100|[from] Salt Cure\n|upkeep\n|turn|87\n|\n|t:|1701071863\n|switch|p2a: Dragapult|Dragapult, M|23\/100\n|move|p1a: Garganacl|Iron Defense|p1a: Garganacl\n|-boost|p1a: Garganacl|def|0\n|\n|upkeep\n|turn|88\n|\n|t:|1701071876\n|move|p2a: Dragapult|Psychic Fangs|p1a: Garganacl\n|-damage|p1a: Garganacl|93\/100\n|move|p1a: Garganacl|Iron Defense|p1a: Garganacl\n|-boost|p1a: Garganacl|def|0\n|\n|-heal|p1a: Garganacl|99\/100|[from] item: Leftovers\n|upkeep\n|turn|89\n|inactive|Lets ogg has 120 seconds left.\n|\n|t:|1701071896\n|move|p2a: Dragapult|Psychic Fangs|p1a: Garganacl\n|-damage|p1a: Garganacl|92\/100\n|move|p1a: Garganacl|Recover|p1a: Garganacl\n|-heal|p1a: Garganacl|100\/100\n|\n|upkeep\n|turn|90\n|\n|t:|1701071907\n|switch|p2a: Clodsire|Clodsire, M|48\/100\n|move|p1a: Garganacl|Recover||[still]\n|-fail|p1a: Garganacl|heal\n|\n|-heal|p2a: Clodsire|54\/100|[from] item: Leftovers\n|upkeep\n|turn|91\n|\n|t:|1701071916\n|-activate|p1a: Garganacl|move: Struggle\n|move|p1a: Garganacl|Struggle|p2a: Clodsire\n|-damage|p2a: Clodsire|41\/100\n|-damage|p1a: Garganacl|75\/100|[from] recoil\n|move|p2a: Clodsire|Stealth Rock||[still]\n|-fail|p2a: Clodsire\n|\n|-heal|p1a: Garganacl|82\/100|[from] item: Leftovers\n|-heal|p2a: Clodsire|47\/100|[from] item: Leftovers\n|upkeep\n|turn|92\n|inactive|Charlesdobronx has 120 seconds left.\n|\n|t:|1701071928\n|-activate|p1a: Garganacl|move: Struggle\n|move|p1a: Garganacl|Struggle|p2a: Clodsire\n|-damage|p2a: Clodsire|33\/100\n|-damage|p1a: Garganacl|57\/100|[from] recoil\n|move|p2a: Clodsire|Stealth Rock||[still]\n|-fail|p2a: Clodsire\n|\n|-heal|p1a: Garganacl|63\/100|[from] item: Leftovers\n|-heal|p2a: Clodsire|40\/100|[from] item: Leftovers\n|upkeep\n|turn|93\n|\n|t:|1701071938\n|-activate|p1a: Garganacl|move: Struggle\n|move|p1a: Garganacl|Struggle|p2a: Clodsire\n|-damage|p2a: Clodsire|27\/100\n|-damage|p1a: Garganacl|38\/100|[from] recoil\n|move|p2a: Clodsire|Earthquake|p1a: Garganacl\n|-damage|p1a: Garganacl|18\/100\n|\n|-heal|p1a: Garganacl|25\/100|[from] item: Leftovers\n|-heal|p2a: Clodsire|33\/100|[from] item: Leftovers\n|upkeep\n|turn|94\n|\n|t:|1701071947\n|-activate|p1a: Garganacl|move: Struggle\n|move|p1a: Garganacl|Struggle|p2a: Clodsire\n|-damage|p2a: Clodsire|19\/100\n|-damage|p1a: Garganacl|0 fnt|[from] recoil\n|faint|p1a: Garganacl\n|move|p2a: Clodsire|Earthquake|p1: Garganacl|[notarget]\n|-fail|p2a: Clodsire\n|\n|-heal|p2a: Clodsire|25\/100|[from] item: Leftovers\n|upkeep\n|\n|t:|1701071950\n|switch|p1a: Zamazenta|Zamazenta|100\/100\n|turn|95\n|\n|t:|1701071955\n|move|p1a: Zamazenta|Iron Defense|p1a: Zamazenta\n|-boost|p1a: Zamazenta|def|2\n|move|p2a: Clodsire|Toxic|p1a: Zamazenta\n|-status|p1a: Zamazenta|tox\n|\n|-heal|p2a: Clodsire|32\/100|[from] item: Leftovers\n|-damage|p1a: Zamazenta|94\/100 tox|[from] psn\n|upkeep\n|turn|96\n|\n|t:|1701071963\n|move|p1a: Zamazenta|Crunch|p2a: Clodsire\n|-damage|p2a: Clodsire|0 fnt\n|faint|p2a: Clodsire\n|\n|-damage|p1a: Zamazenta|82\/100 tox|[from] psn\n|upkeep\n|\n|t:|1701071974\n|switch|p2a: Iron Valiant|Iron Valiant, tera:Fairy|40\/100\n|turn|97\n|\n|t:|1701071978\n|move|p1a: Zamazenta|Heavy Slam|p2a: Iron Valiant\n|-supereffective|p2a: Iron Valiant\n|-damage|p2a: Iron Valiant|0 fnt\n|faint|p2a: Iron Valiant\n|-end|p2a: Iron Valiant|Quark Drive|[silent]\n|\n|-damage|p1a: Zamazenta|64\/100 tox|[from] psn\n|upkeep\n|\n|t:|1701071980\n|switch|p2a: Dragapult|Dragapult, M|23\/100\n|turn|98\n|c|\u2606Lets ogg|Dont tell me\n|c|\u2606Charlesdobronx|hahahah u got it\n|c|\u2606Lets ogg|Wowwwwwwww\n|c|\u2606Charlesdobronx|Ure a rat but u got it\n|\n|t:|1701071994\n|move|p2a: Dragapult|Psychic Fangs|p1a: Zamazenta\n|-supereffective|p1a: Zamazenta\n|-damage|p1a: Zamazenta|22\/100 tox\n|move|p1a: Zamazenta|Crunch|p2a: Dragapult\n|-supereffective|p2a: Dragapult\n|-damage|p2a: Dragapult|0 fnt\n|faint|p2a: Dragapult\n|\n|win|Lets ogg\n|raw|Lets ogg's rating: 1575 &rarr; <strong>1590<\/strong><br \/>(+15 for winning)\n|raw|Charlesdobronx's rating: 1492 &rarr; <strong>1477<\/strong><br \/>(-15 for losing)\n|c|\u2606Lets ogg|Gg\n|c|\u2606Charlesdobronx|gg\n","uploadtime":1701072017,"views":17,"p1id":"letsogg","p2id":"charlesdobronx","formatid":"gen9ou","rating":1477,"private":0,"password":""}