{"id":"gen9ou-1990136279","p1":"Jamel1","p2":"mathismathin","format":"[Gen 9] OU","log":"|j|\u2606Jamel1\n|j|\u2606mathismathin\n|t:|1699928470\n|gametype|singles\n|player|p1|Jamel1|cyrus|1745\n|player|p2|mathismathin|nate|1784\n|teamsize|p1|6\n|teamsize|p2|6\n|gen|9\n|tier|[Gen 9] OU\n|rated|\n|rule|Sleep Clause Mod: Limit one foe put to sleep\n|rule|Species Clause: Limit one of each Pok\u00e9mon\n|rule|OHKO Clause: OHKO moves are banned\n|rule|Evasion Items Clause: Evasion items are banned\n|rule|Evasion Moves Clause: Evasion moves are banned\n|rule|Endless Battle Clause: Forcing endless battles is banned\n|rule|HP Percentage Mod: HP is shown in percentages\n|clearpoke\n|poke|p1|Jirachi|\n|poke|p1|Kommo-o, M|\n|poke|p1|Gyarados, M|\n|poke|p1|Armarouge, F|\n|poke|p1|Azumarill, M|\n|poke|p1|Ninetales-Alola, M|\n|poke|p2|Weavile, F|\n|poke|p2|Weezing-Galar, M|\n|poke|p2|Alomomola, M|\n|poke|p2|Ting-Lu|\n|poke|p2|Corviknight, M|\n|poke|p2|Dondozo, F|\n|teampreview\n|\n|t:|1699928506\n|start\n|switch|p1a: Azumarill|Azumarill, M|100\/100\n|switch|p2a: Weavile|Weavile, F|100\/100\n|-ability|p2a: Weavile|Pressure\n|turn|1\n|\n|t:|1699928510\n|switch|p2a: Weezing|Weezing-Galar, M|100\/100\n|-ability|p2a: Weezing|Neutralizing Gas\n|move|p1a: Azumarill|Belly Drum|p1a: Azumarill\n|-damage|p1a: Azumarill|50\/100\n|-setboost|p1a: Azumarill|atk|6|[from] move: Belly Drum\n|-enditem|p1a: Azumarill|Sitrus Berry|[eat]\n|-heal|p1a: Azumarill|75\/100|[from] item: Sitrus Berry\n|\n|upkeep\n|turn|2\n|\n|t:|1699928515\n|move|p2a: Weezing|Will-O-Wisp|p1a: Azumarill\n|-status|p1a: Azumarill|brn\n|move|p1a: Azumarill|Facade|p2a: Weezing\n|-damage|p2a: Weezing|30\/100\n|\n|-damage|p1a: Azumarill|69\/100 brn|[from] brn\n|upkeep\n|turn|3\n|\n|t:|1699928521\n|-end|p2a: Weezing|ability: Neutralizing Gas\n|switch|p2a: Dondozo|Dondozo, F|100\/100\n|move|p1a: Azumarill|Facade|p2a: Dondozo\n|-damage|p2a: Dondozo|66\/100\n|\n|-heal|p2a: Dondozo|73\/100|[from] item: Leftovers\n|-damage|p1a: Azumarill|63\/100 brn|[from] brn\n|upkeep\n|turn|4\n|j| cheese miestro\n|\n|t:|1699928528\n|move|p1a: Azumarill|Facade|p2a: Dondozo\n|-damage|p2a: Dondozo|39\/100\n|move|p2a: Dondozo|Curse|p2a: Dondozo\n|-unboost|p2a: Dondozo|spe|1\n|-boost|p2a: Dondozo|atk|1\n|-boost|p2a: Dondozo|def|1\n|\n|-heal|p2a: Dondozo|45\/100|[from] item: Leftovers\n|-damage|p1a: Azumarill|57\/100 brn|[from] brn\n|upkeep\n|turn|5\n|\n|t:|1699928533\n|move|p1a: Azumarill|Facade|p2a: Dondozo\n|-damage|p2a: Dondozo|19\/100\n|move|p2a: Dondozo|Rest|p2a: Dondozo\n|-status|p2a: Dondozo|slp|[from] move: Rest\n|-heal|p2a: Dondozo|100\/100 slp|[silent]\n|\n|-damage|p1a: Azumarill|51\/100 brn|[from] brn\n|upkeep\n|turn|6\n|\n|t:|1699928539\n|move|p1a: Azumarill|Facade|p2a: Dondozo\n|-damage|p2a: Dondozo|78\/100 slp\n|cant|p2a: Dondozo|slp\n|\n|-heal|p2a: Dondozo|84\/100 slp|[from] item: Leftovers\n|-damage|p1a: Azumarill|45\/100 brn|[from] brn\n|upkeep\n|turn|7\n|\n|t:|1699928543\n|move|p1a: Azumarill|Facade|p2a: Dondozo\n|-damage|p2a: Dondozo|61\/100 slp\n|cant|p2a: Dondozo|slp\n|\n|-heal|p2a: Dondozo|67\/100 slp|[from] item: Leftovers\n|-damage|p1a: Azumarill|39\/100 brn|[from] brn\n|upkeep\n|turn|8\n|\n|t:|1699928547\n|move|p1a: Azumarill|Facade|p2a: Dondozo\n|-damage|p2a: Dondozo|43\/100 slp\n|-curestatus|p2a: Dondozo|slp|[msg]\n|move|p2a: Dondozo|Rest|p2a: Dondozo\n|-status|p2a: Dondozo|slp|[from] move: Rest\n|-heal|p2a: Dondozo|100\/100 slp|[silent]\n|\n|-damage|p1a: Azumarill|32\/100 brn|[from] brn\n|upkeep\n|turn|9\n|\n|t:|1699928550\n|move|p1a: Azumarill|Facade|p2a: Dondozo\n|-damage|p2a: Dondozo|77\/100 slp\n|cant|p2a: Dondozo|slp\n|\n|-heal|p2a: Dondozo|83\/100 slp|[from] item: Leftovers\n|-damage|p1a: Azumarill|26\/100 brn|[from] brn\n|upkeep\n|turn|10\n|\n|t:|1699928558\n|move|p1a: Azumarill|Facade|p2a: Dondozo\n|-damage|p2a: Dondozo|59\/100 slp\n|cant|p2a: Dondozo|slp\n|\n|-heal|p2a: Dondozo|65\/100 slp|[from] item: Leftovers\n|-damage|p1a: Azumarill|20\/100 brn|[from] brn\n|upkeep\n|turn|11\n|j| Z the S Tier\n|\n|t:|1699928561\n|move|p1a: Azumarill|Facade|p2a: Dondozo\n|-damage|p2a: Dondozo|40\/100 slp\n|-curestatus|p2a: Dondozo|slp|[msg]\n|move|p2a: Dondozo|Rest|p2a: Dondozo\n|-status|p2a: Dondozo|slp|[from] move: Rest\n|-heal|p2a: Dondozo|100\/100 slp|[silent]\n|\n|-damage|p1a: Azumarill|14\/100 brn|[from] brn\n|upkeep\n|turn|12\n|\n|t:|1699928564\n|move|p1a: Azumarill|Facade|p2a: Dondozo\n|-damage|p2a: Dondozo|77\/100 slp\n|cant|p2a: Dondozo|slp\n|\n|-heal|p2a: Dondozo|83\/100 slp|[from] item: Leftovers\n|-damage|p1a: Azumarill|8\/100 brn|[from] brn\n|upkeep\n|turn|13\n|\n|t:|1699928565\n|move|p1a: Azumarill|Facade|p2a: Dondozo\n|-damage|p2a: Dondozo|60\/100 slp\n|cant|p2a: Dondozo|slp\n|\n|-heal|p2a: Dondozo|66\/100 slp|[from] item: Leftovers\n|-damage|p1a: Azumarill|2\/100 brn|[from] brn\n|upkeep\n|turn|14\n|\n|t:|1699928568\n|move|p1a: Azumarill|Facade|p2a: Dondozo\n|-damage|p2a: Dondozo|43\/100 slp\n|-curestatus|p2a: Dondozo|slp|[msg]\n|move|p2a: Dondozo|Rest|p2a: Dondozo\n|-status|p2a: Dondozo|slp|[from] move: Rest\n|-heal|p2a: Dondozo|100\/100 slp|[silent]\n|\n|-damage|p1a: Azumarill|0 fnt|[from] brn\n|faint|p1a: Azumarill\n|upkeep\n|\n|t:|1699928571\n|switch|p1a: Ninetales|Ninetales-Alola, M|100\/100\n|-weather|Snow|[from] ability: Snow Warning|[of] p1a: Ninetales\n|turn|15\n|\n|t:|1699928578\n|switch|p2a: Weavile|Weavile, F|100\/100\n|-ability|p2a: Weavile|Pressure\n|move|p1a: Ninetales|Freeze-Dry|p2a: Weavile\n|-resisted|p2a: Weavile\n|-crit|p2a: Weavile\n|-damage|p2a: Weavile|78\/100\n|\n|-weather|Snow|[upkeep]\n|-heal|p2a: Weavile|84\/100|[from] item: Leftovers\n|upkeep\n|turn|16\n|\n|t:|1699928581\n|move|p2a: Weavile|Knock Off|p1a: Ninetales\n|-resisted|p1a: Ninetales\n|-crit|p1a: Ninetales\n|-damage|p1a: Ninetales|72\/100\n|-enditem|p1a: Ninetales|Light Clay|[from] move: Knock Off|[of] p2a: Weavile\n|move|p1a: Ninetales|Aurora Veil|p1a: Ninetales\n|-sidestart|p1: Jamel1|move: Aurora Veil\n|\n|-weather|Snow|[upkeep]\n|-heal|p2a: Weavile|90\/100|[from] item: Leftovers\n|upkeep\n|turn|17\n|j| lilvortex\n|\n|t:|1699928584\n|move|p2a: Weavile|Substitute|p2a: Weavile\n|-start|p2a: Weavile|Substitute\n|-damage|p2a: Weavile|66\/100\n|move|p1a: Ninetales|Hypnosis|p2a: Weavile|[miss]\n|-miss|p1a: Ninetales|p2a: Weavile\n|\n|-weather|Snow|[upkeep]\n|-heal|p2a: Weavile|72\/100|[from] item: Leftovers\n|upkeep\n|turn|18\n|\n|t:|1699928587\n|move|p2a: Weavile|Poison Jab|p1a: Ninetales\n|-supereffective|p1a: Ninetales\n|-damage|p1a: Ninetales|51\/100\n|move|p1a: Ninetales|Chilling Water|p2a: Weavile\n|-activate|p2a: Weavile|move: Substitute|[damage]\n|\n|-weather|Snow|[upkeep]\n|-heal|p2a: Weavile|78\/100|[from] item: Leftovers\n|upkeep\n|turn|19\n|\n|t:|1699928593\n|switch|p1a: Jirachi|Jirachi|100\/100\n|move|p2a: Weavile|Poison Jab|p1a: Jirachi\n|-immune|p1a: Jirachi\n|\n|-weather|none\n|-heal|p2a: Weavile|84\/100|[from] item: Leftovers\n|upkeep\n|turn|20\n|\n|t:|1699928596\n|move|p2a: Weavile|Knock Off|p1a: Jirachi\n|-supereffective|p1a: Jirachi\n|-damage|p1a: Jirachi|61\/100\n|-enditem|p1a: Jirachi|Weakness Policy\n|-boost|p1a: Jirachi|atk|2|[from] item: Weakness Policy\n|-boost|p1a: Jirachi|spa|2|[from] item: Weakness Policy\n|move|p1a: Jirachi|Cosmic Power|p1a: Jirachi\n|-boost|p1a: Jirachi|def|1\n|-boost|p1a: Jirachi|spd|1\n|\n|-heal|p2a: Weavile|90\/100|[from] item: Leftovers\n|-sideend|p1: Jamel1|move: Aurora Veil\n|upkeep\n|turn|21\n|\n|t:|1699928600\n|move|p2a: Weavile|Knock Off|p1a: Jirachi\n|-supereffective|p1a: Jirachi\n|-damage|p1a: Jirachi|30\/100\n|move|p1a: Jirachi|Wish|p1a: Jirachi\n|\n|-heal|p2a: Weavile|96\/100|[from] item: Leftovers\n|upkeep\n|turn|22\n|\n|t:|1699928604\n|move|p2a: Weavile|Knock Off|p1a: Jirachi\n|-supereffective|p1a: Jirachi\n|-damage|p1a: Jirachi|0 fnt\n|faint|p1a: Jirachi\n|\n|-heal|p2a: Weavile|100\/100|[from] item: Leftovers\n|upkeep\n|\n|t:|1699928607\n|switch|p1a: Ninetales|Ninetales-Alola, M|51\/100\n|-weather|Snow|[from] ability: Snow Warning|[of] p1a: Ninetales\n|turn|23\n|\n|t:|1699928611\n|move|p2a: Weavile|Poison Jab|p1a: Ninetales\n|-supereffective|p1a: Ninetales\n|-damage|p1a: Ninetales|6\/100\n|move|p1a: Ninetales|Aurora Veil|p1a: Ninetales\n|-sidestart|p1: Jamel1|move: Aurora Veil\n|\n|-weather|Snow|[upkeep]\n|upkeep\n|turn|24\n|\n|t:|1699928623\n|switch|p1a: Armarouge|Armarouge, F|100\/100\n|move|p2a: Weavile|Poison Jab|p1a: Armarouge\n|-damage|p1a: Armarouge|93\/100\n|-status|p1a: Armarouge|psn\n|-ability|p1a: Armarouge|Weak Armor|boost\n|-unboost|p1a: Armarouge|def|1\n|-boost|p1a: Armarouge|spe|2\n|\n|-weather|Snow|[upkeep]\n|-damage|p1a: Armarouge|81\/100 psn|[from] psn\n|upkeep\n|turn|25\n|\n|t:|1699928626\n|move|p2a: Weavile|Knock Off|p1a: Armarouge\n|-supereffective|p1a: Armarouge\n|-damage|p1a: Armarouge|42\/100 psn\n|-ability|p1a: Armarouge|Weak Armor|boost\n|-unboost|p1a: Armarouge|def|1\n|-boost|p1a: Armarouge|spe|2\n|-enditem|p1a: Armarouge|Weakness Policy\n|-boost|p1a: Armarouge|atk|2|[from] item: Weakness Policy\n|-boost|p1a: Armarouge|spa|2|[from] item: Weakness Policy\n|move|p1a: Armarouge|Aura Sphere|p2a: Weavile\n|-supereffective|p2a: Weavile\n|-crit|p2a: Weavile\n|-end|p2a: Weavile|Substitute\n|\n|-weather|Snow|[upkeep]\n|-damage|p1a: Armarouge|30\/100 psn|[from] psn\n|upkeep\n|turn|26\n|\n|t:|1699928634\n|move|p2a: Weavile|Protect|p2a: Weavile\n|-singleturn|p2a: Weavile|Protect\n|move|p1a: Armarouge|Aura Sphere|p2a: Weavile\n|-activate|p2a: Weavile|move: Protect\n|\n|-weather|Snow|[upkeep]\n|-damage|p1a: Armarouge|18\/100 psn|[from] psn\n|upkeep\n|turn|27\n|j| t-modesty\n|\n|t:|1699928637\n|switch|p2a: Weezing|Weezing-Galar, M|30\/100\n|-ability|p2a: Weezing|Neutralizing Gas\n|move|p1a: Armarouge|Aura Sphere|p2a: Weezing\n|-resisted|p2a: Weezing\n|-damage|p2a: Weezing|15\/100\n|\n|-weather|none\n|-damage|p1a: Armarouge|5\/100 psn|[from] psn\n|-sideend|p1: Jamel1|move: Aurora Veil\n|upkeep\n|turn|28\n|\n|t:|1699928640\n|move|p1a: Armarouge|Stored Power|p2a: Weezing\n|-supereffective|p2a: Weezing\n|-damage|p2a: Weezing|0 fnt\n|faint|p2a: Weezing\n|-end|p2a: Weezing|ability: Neutralizing Gas\n|\n|-damage|p1a: Armarouge|0 fnt|[from] psn\n|faint|p1a: Armarouge\n|upkeep\n|\n|t:|1699928645\n|switch|p1a: Ninetales|Ninetales-Alola, M|6\/100\n|switch|p2a: Weavile|Weavile, F|100\/100\n|-ability|p2a: Weavile|Pressure\n|-weather|Snow|[from] ability: Snow Warning|[of] p1a: Ninetales\n|turn|29\n|\n|t:|1699928648\n|move|p2a: Weavile|Knock Off|p1a: Ninetales\n|-resisted|p1a: Ninetales\n|-crit|p1a: Ninetales\n|-damage|p1a: Ninetales|0 fnt\n|faint|p1a: Ninetales\n|\n|-weather|Snow|[upkeep]\n|upkeep\n|\n|t:|1699928650\n|switch|p1a: Gyarados|Gyarados, M, shiny|100\/100\n|turn|30\n|\n|t:|1699928654\n|move|p2a: Weavile|Knock Off|p1a: Gyarados\n|-damage|p1a: Gyarados|55\/100\n|-enditem|p1a: Gyarados|Leftovers|[from] move: Knock Off|[of] p2a: Weavile\n|move|p1a: Gyarados|Dragon Dance|p1a: Gyarados\n|-boost|p1a: Gyarados|atk|1\n|-boost|p1a: Gyarados|spe|1\n|\n|-weather|Snow|[upkeep]\n|upkeep\n|turn|31\n|\n|t:|1699928656\n|switch|p2a: Dondozo|Dondozo, F|100\/100 slp\n|move|p1a: Gyarados|Waterfall|p2a: Dondozo\n|-resisted|p2a: Dondozo\n|-damage|p2a: Dondozo|87\/100 slp\n|\n|-weather|Snow|[upkeep]\n|-heal|p2a: Dondozo|94\/100 slp|[from] item: Leftovers\n|upkeep\n|turn|32\n|\n|t:|1699928659\n|switch|p1a: Kommo-o|Kommo-o, M|100\/100\n|cant|p2a: Dondozo|slp\n|\n|-weather|Snow|[upkeep]\n|-heal|p2a: Dondozo|99\/100 slp|[from] item: Leftovers\n|upkeep\n|turn|33\n|\n|t:|1699928661\n|move|p1a: Kommo-o|Clangorous Soul|p1a: Kommo-o\n|-boost|p1a: Kommo-o|atk|1\n|-boost|p1a: Kommo-o|def|1\n|-boost|p1a: Kommo-o|spa|1\n|-boost|p1a: Kommo-o|spd|1\n|-boost|p1a: Kommo-o|spe|1\n|-damage|p1a: Kommo-o|68\/100\n|cant|p2a: Dondozo|slp\n|\n|-weather|none\n|-heal|p2a: Dondozo|100\/100 slp|[from] item: Leftovers\n|upkeep\n|turn|34\n|\n|t:|1699928665\n|move|p1a: Kommo-o|Clangorous Soul|p1a: Kommo-o\n|-boost|p1a: Kommo-o|atk|1\n|-boost|p1a: Kommo-o|def|1\n|-boost|p1a: Kommo-o|spa|1\n|-boost|p1a: Kommo-o|spd|1\n|-boost|p1a: Kommo-o|spe|1\n|-damage|p1a: Kommo-o|35\/100\n|-curestatus|p2a: Dondozo|slp|[msg]\n|move|p2a: Dondozo|Avalanche|p1a: Kommo-o\n|-supereffective|p1a: Kommo-o\n|-damage|p1a: Kommo-o|8\/100\n|-enditem|p1a: Kommo-o|Lansat Berry|[eat]\n|-start|p1a: Kommo-o|move: Focus Energy\n|\n|upkeep\n|turn|35\n|\n|t:|1699928668\n|move|p1a: Kommo-o|Drain Punch|p2a: Dondozo\n|-crit|p2a: Dondozo\n|-damage|p2a: Dondozo|64\/100\n|-heal|p1a: Kommo-o|39\/100|[from] drain|[of] p2a: Dondozo\n|move|p2a: Dondozo|Avalanche|p1a: Kommo-o\n|-supereffective|p1a: Kommo-o\n|-damage|p1a: Kommo-o|0 fnt\n|faint|p1a: Kommo-o\n|\n|-heal|p2a: Dondozo|70\/100|[from] item: Leftovers\n|upkeep\n|-message|Jamel1 forfeited.\n|\n|win|mathismathin\n|raw|Jamel1's rating: 1745 &rarr; <strong>1727<\/strong><br \/>(-18 for losing)\n|raw|mathismathin's rating: 1784 &rarr; <strong>1802<\/strong><br \/>(+18 for winning)\n|l|\u2606Jamel1\n","uploadtime":1699928680,"views":13,"p1id":"jamel1","p2id":"mathismathin","formatid":"gen9ou","rating":1727,"private":0,"password":""}