{"id":"gen9ou-1990265726","p1":"bamzilla12","p2":"PHDDORK","format":"[Gen 9] OU","log":"|j|\u2606bamzilla12\n|j|\u2606PHDDORK\n|t:|1699947402\n|gametype|singles\n|player|p1|bamzilla12|lucas-gen4pt|1055\n|player|p2|PHDDORK|1|1017\n|teamsize|p1|6\n|teamsize|p2|6\n|gen|9\n|tier|[Gen 9] OU\n|rated|\n|rule|Sleep Clause Mod: Limit one foe put to sleep\n|rule|Species Clause: Limit one of each Pok\u00e9mon\n|rule|OHKO Clause: OHKO moves are banned\n|rule|Evasion Items Clause: Evasion items are banned\n|rule|Evasion Moves Clause: Evasion moves are banned\n|rule|Endless Battle Clause: Forcing endless battles is banned\n|rule|HP Percentage Mod: HP is shown in percentages\n|clearpoke\n|poke|p1|Ogerpon-Wellspring, F|\n|poke|p1|Zapdos|\n|poke|p1|Mamoswine, F|\n|poke|p1|Yanmega, F|\n|poke|p1|Garganacl, M|\n|poke|p1|Meowscarada, F|\n|poke|p2|Rillaboom, F|\n|poke|p2|Sableye, M|\n|poke|p2|Kommo-o, M|\n|poke|p2|Toxtricity, F|\n|poke|p2|Maushold-Four|\n|poke|p2|Cinderace, M|\n|teampreview\n|inactive|Battle timer is ON: inactive players will automatically lose when time's up. (requested by bamzilla12)\n|\n|t:|1699947421\n|start\n|switch|p1a: Garganacl|Garganacl, M|100\/100\n|switch|p2a: Kommo-o|Kommo-o, M, shiny|100\/100\n|turn|1\n|-activate|p1a: Garganacl|item: Quick Claw\n|\n|t:|1699947431\n|move|p1a: Garganacl|Stealth Rock|p2a: Kommo-o\n|-sidestart|p2: PHDDORK|move: Stealth Rock\n|move|p2a: Kommo-o|Clangorous Soul|p2a: Kommo-o\n|-boost|p2a: Kommo-o|atk|1\n|-boost|p2a: Kommo-o|def|1\n|-boost|p2a: Kommo-o|spa|1\n|-boost|p2a: Kommo-o|spd|1\n|-boost|p2a: Kommo-o|spe|1\n|-damage|p2a: Kommo-o|68\/100\n|-enditem|p2a: Kommo-o|Throat Spray\n|-boost|p2a: Kommo-o|spa|1|[from] item: Throat Spray\n|\n|upkeep\n|turn|2\n|-activate|p1a: Garganacl|item: Quick Claw\n|\n|t:|1699947443\n|move|p2a: Kommo-o|Vacuum Wave|p1a: Garganacl\n|-supereffective|p1a: Garganacl\n|-damage|p1a: Garganacl|41\/100\n|move|p1a: Garganacl|Salt Cure|p2a: Kommo-o\n|-resisted|p2a: Kommo-o\n|-damage|p2a: Kommo-o|64\/100\n|-start|p2a: Kommo-o|Salt Cure\n|\n|-damage|p2a: Kommo-o|51\/100|[from] Salt Cure\n|upkeep\n|turn|3\n|\n|t:|1699947458\n|-terastallize|p1a: Garganacl|Ghost\n|move|p2a: Kommo-o|Vacuum Wave|p1a: Garganacl\n|-immune|p1a: Garganacl\n|move|p1a: Garganacl|Recover|p1a: Garganacl\n|-heal|p1a: Garganacl|91\/100\n|\n|-damage|p2a: Kommo-o|39\/100|[from] Salt Cure\n|upkeep\n|turn|4\n|\n|t:|1699947469\n|move|p2a: Kommo-o|Clanging Scales|p1a: Garganacl\n|-damage|p1a: Garganacl|5\/100\n|-unboost|p2a: Kommo-o|def|1\n|move|p1a: Garganacl|Earthquake|p2a: Kommo-o\n|-damage|p2a: Kommo-o|19\/100\n|\n|-damage|p2a: Kommo-o|7\/100|[from] Salt Cure\n|upkeep\n|turn|5\n|\n|t:|1699947479\n|move|p2a: Kommo-o|Clanging Scales|p1a: Garganacl\n|-damage|p1a: Garganacl|0 fnt\n|faint|p1a: Garganacl\n|-unboost|p2a: Kommo-o|def|1\n|\n|-damage|p2a: Kommo-o|0 fnt|[from] Salt Cure\n|faint|p2a: Kommo-o\n|upkeep\n|\n|t:|1699947493\n|switch|p2a: Maushold|Maushold-Four|100\/100\n|switch|p1a: Mamoswine|Mamoswine, F|100\/100\n|-damage|p2a: Maushold|88\/100|[from] Stealth Rock\n|turn|6\n|\n|t:|1699947503\n|move|p2a: Maushold|Tidy Up|p2a: Maushold\n|-sideend|p2: PHDDORK|Stealth Rock\n|-activate|p2a: Maushold|move: Tidy Up\n|-boost|p2a: Maushold|atk|1\n|-boost|p2a: Maushold|spe|1\n|move|p1a: Mamoswine|Icicle Spear|p2a: Maushold\n|-damage|p2a: Maushold|66\/100\n|-damage|p2a: Maushold|45\/100\n|-damage|p2a: Maushold|24\/100\n|-damage|p2a: Maushold|2\/100\n|-damage|p2a: Maushold|0 fnt\n|faint|p2a: Maushold\n|-hitcount|p2: Maushold|5\n|\n|upkeep\n|\n|t:|1699947520\n|switch|p2a: Sableye|Sableye, M, shiny|100\/100\n|turn|7\n|\n|t:|1699947526\n|move|p2a: Sableye|Will-O-Wisp|p1a: Mamoswine\n|-status|p1a: Mamoswine|brn\n|move|p1a: Mamoswine|Icicle Spear|p2a: Sableye\n|-damage|p2a: Sableye|95\/100\n|-damage|p2a: Sableye|88\/100\n|-damage|p2a: Sableye|81\/100\n|-damage|p2a: Sableye|75\/100\n|-hitcount|p2a: Sableye|4\n|\n|-heal|p2a: Sableye|82\/100|[from] item: Leftovers\n|-damage|p1a: Mamoswine|94\/100 brn|[from] brn\n|upkeep\n|turn|8\n|\n|t:|1699947538\n|switch|p1a: Ogerpon|Ogerpon-Wellspring, F|100\/100\n|move|p2a: Sableye|Knock Off|p1a: Ogerpon\n|-damage|p1a: Ogerpon|78\/100\n|\n|-heal|p2a: Sableye|88\/100|[from] item: Leftovers\n|upkeep\n|turn|9\n|\n|t:|1699947553\n|move|p2a: Sableye|Will-O-Wisp|p1a: Ogerpon\n|-status|p1a: Ogerpon|brn\n|move|p1a: Ogerpon|Knock Off|p2a: Sableye\n|-damage|p2a: Sableye|71\/100\n|-enditem|p2a: Sableye|Leftovers|[from] move: Knock Off|[of] p1a: Ogerpon\n|\n|-damage|p1a: Ogerpon|72\/100 brn|[from] brn\n|upkeep\n|turn|10\n|\n|t:|1699947562\n|move|p1a: Ogerpon|Swords Dance|p1a: Ogerpon\n|-boost|p1a: Ogerpon|atk|2\n|move|p2a: Sableye|Knock Off|p1a: Ogerpon\n|-damage|p1a: Ogerpon|50\/100 brn\n|\n|-damage|p1a: Ogerpon|44\/100 brn|[from] brn\n|upkeep\n|turn|11\n|\n|t:|1699947582\n|move|p1a: Ogerpon|Horn Leech|p2a: Sableye\n|-crit|p2a: Sableye\n|-damage|p2a: Sableye|10\/100\n|-heal|p1a: Ogerpon|75\/100 brn|[from] drain|[of] p2a: Sableye\n|move|p2a: Sableye|Knock Off|p1a: Ogerpon\n|-damage|p1a: Ogerpon|54\/100 brn\n|\n|-damage|p1a: Ogerpon|48\/100 brn|[from] brn\n|upkeep\n|turn|12\n|\n|t:|1699947598\n|move|p2a: Sableye|Recover|p2a: Sableye\n|-heal|p2a: Sableye|60\/100\n|move|p1a: Ogerpon|Horn Leech|p2a: Sableye\n|-damage|p2a: Sableye|17\/100\n|-heal|p1a: Ogerpon|70\/100 brn|[from] drain|[of] p2a: Sableye\n|\n|-damage|p1a: Ogerpon|64\/100 brn|[from] brn\n|upkeep\n|turn|13\n|\n|t:|1699947608\n|switch|p2a: Rillaboom|Rillaboom, F|100\/100\n|-fieldstart|move: Grassy Terrain|[from] ability: Grassy Surge|[of] p2a: Rillaboom\n|-enditem|p2a: Rillaboom|Grassy Seed\n|-boost|p2a: Rillaboom|def|1|[from] item: Grassy Seed\n|move|p1a: Ogerpon|Horn Leech|p2a: Rillaboom\n|-resisted|p2a: Rillaboom\n|-damage|p2a: Rillaboom|82\/100\n|-heal|p1a: Ogerpon|76\/100 brn|[from] drain|[of] p2a: Rillaboom\n|\n|-heal|p1a: Ogerpon|82\/100 brn|[from] Grassy Terrain\n|-heal|p2a: Rillaboom|88\/100|[from] Grassy Terrain\n|-damage|p1a: Ogerpon|76\/100 brn|[from] brn\n|upkeep\n|turn|14\n|\n|t:|1699947620\n|move|p1a: Ogerpon|Knock Off|p2a: Rillaboom\n|-damage|p2a: Rillaboom|73\/100\n|move|p2a: Rillaboom|Acrobatics|p1a: Ogerpon\n|-supereffective|p1a: Ogerpon\n|-damage|p1a: Ogerpon|0 fnt\n|faint|p1a: Ogerpon\n|\n|-heal|p2a: Rillaboom|79\/100|[from] Grassy Terrain\n|upkeep\n|\n|t:|1699947629\n|switch|p1a: Zapdos|Zapdos|100\/100\n|turn|15\n|\n|t:|1699947657\n|switch|p2a: Toxtricity|Toxtricity, F|100\/100\n|move|p1a: Zapdos|Heat Wave|p2a: Toxtricity\n|-damage|p2a: Toxtricity|55\/100\n|\n|-heal|p2a: Toxtricity|62\/100|[from] Grassy Terrain\n|upkeep\n|turn|16\n|\n|t:|1699947674\n|-terastallize|p2a: Toxtricity|Normal\n|move|p1a: Zapdos|Thunderbolt|p2a: Toxtricity\n|-damage|p2a: Toxtricity|3\/100\n|move|p2a: Toxtricity|Boomburst|p1a: Zapdos\n|-damage|p1a: Zapdos|0 fnt\n|faint|p1a: Zapdos\n|\n|-heal|p2a: Toxtricity|9\/100|[from] Grassy Terrain\n|upkeep\n|\n|t:|1699947682\n|switch|p1a: Meowscarada|Meowscarada, F|100\/100\n|turn|17\n|\n|t:|1699947688\n|move|p1a: Meowscarada|Knock Off|p2a: Toxtricity\n|-start|p1a: Meowscarada|typechange|Dark|[from] ability: Protean\n|-damage|p2a: Toxtricity|0 fnt\n|-enditem|p2a: Toxtricity|Choice Specs|[from] move: Knock Off|[of] p1a: Meowscarada\n|faint|p2a: Toxtricity\n|-damage|p1a: Meowscarada|91\/100|[from] item: Life Orb\n|\n|-heal|p1a: Meowscarada|97\/100|[from] Grassy Terrain\n|-fieldend|move: Grassy Terrain\n|upkeep\n|\n|t:|1699947692\n|switch|p2a: Cinderace|Cinderace, M|100\/100\n|turn|18\n|\n|t:|1699947696\n|move|p2a: Cinderace|High Jump Kick|p1a: Meowscarada\n|-start|p2a: Cinderace|typechange|Fighting|[from] ability: Libero\n|-supereffective|p1a: Meowscarada\n|-damage|p1a: Meowscarada|0 fnt\n|faint|p1a: Meowscarada\n|\n|upkeep\n|\n|t:|1699947702\n|switch|p1a: Yanmega|Yanmega, F|100\/100\n|turn|19\n|\n|t:|1699947709\n|move|p2a: Cinderace|Pyro Ball|p1a: Yanmega\n|-supereffective|p1a: Yanmega\n|-damage|p1a: Yanmega|13\/100\n|move|p1a: Yanmega|Air Slash|p2a: Cinderace\n|-supereffective|p2a: Cinderace\n|-damage|p2a: Cinderace|0 fnt\n|faint|p2a: Cinderace\n|-damage|p1a: Yanmega|3\/100|[from] item: Life Orb\n|\n|upkeep\n|\n|t:|1699947716\n|switch|p2a: Sableye|Sableye, M, shiny|17\/100\n|turn|20\n|\n|t:|1699947721\n|move|p2a: Sableye|Recover|p2a: Sableye\n|-heal|p2a: Sableye|67\/100\n|move|p1a: Yanmega|Tailwind|p1a: Yanmega\n|-sidestart|p1: bamzilla12|move: Tailwind\n|\n|upkeep\n|turn|21\n|\n|t:|1699947735\n|move|p2a: Sableye|Recover|p2a: Sableye\n|-heal|p2a: Sableye|100\/100\n|move|p1a: Yanmega|Bug Buzz|p2a: Sableye\n|-damage|p2a: Sableye|18\/100\n|-damage|p1a: Yanmega|0 fnt|[from] item: Life Orb\n|faint|p1a: Yanmega\n|\n|upkeep\n|\n|t:|1699947742\n|switch|p1a: Mamoswine|Mamoswine, F|94\/100 brn\n|turn|22\n|\n|t:|1699947745\n|move|p2a: Sableye|Recover|p2a: Sableye\n|-heal|p2a: Sableye|68\/100\n|move|p1a: Mamoswine|Icicle Spear|p2a: Sableye\n|-damage|p2a: Sableye|62\/100\n|-damage|p2a: Sableye|55\/100\n|-damage|p2a: Sableye|49\/100\n|-damage|p2a: Sableye|42\/100\n|-hitcount|p2a: Sableye|4\n|\n|-damage|p1a: Mamoswine|88\/100 brn|[from] brn\n|upkeep\n|turn|23\n|\n|t:|1699947750\n|move|p2a: Sableye|Recover|p2a: Sableye\n|-heal|p2a: Sableye|92\/100\n|move|p1a: Mamoswine|Icicle Spear|p2a: Sableye\n|-damage|p2a: Sableye|85\/100\n|-damage|p2a: Sableye|79\/100\n|-damage|p2a: Sableye|73\/100\n|-damage|p2a: Sableye|67\/100\n|-damage|p2a: Sableye|61\/100\n|-hitcount|p2a: Sableye|5\n|\n|-damage|p1a: Mamoswine|82\/100 brn|[from] brn\n|-sideend|p1: bamzilla12|move: Tailwind\n|upkeep\n|turn|24\n|\n|t:|1699947762\n|move|p1a: Mamoswine|Icicle Spear|p2a: Sableye\n|-damage|p2a: Sableye|55\/100\n|-damage|p2a: Sableye|50\/100\n|-damage|p2a: Sableye|43\/100\n|-damage|p2a: Sableye|36\/100\n|-damage|p2a: Sableye|30\/100\n|-hitcount|p2a: Sableye|5\n|move|p2a: Sableye|Knock Off|p1a: Mamoswine\n|-damage|p1a: Mamoswine|54\/100 brn\n|-enditem|p1a: Mamoswine|Loaded Dice|[from] move: Knock Off|[of] p2a: Sableye\n|\n|-damage|p1a: Mamoswine|48\/100 brn|[from] brn\n|upkeep\n|turn|25\n|\n|t:|1699947765\n|move|p2a: Sableye|Recover|p2a: Sableye\n|-heal|p2a: Sableye|80\/100\n|move|p1a: Mamoswine|Icicle Spear|p2a: Sableye\n|-damage|p2a: Sableye|73\/100\n|-damage|p2a: Sableye|66\/100\n|-hitcount|p2a: Sableye|2\n|\n|-damage|p1a: Mamoswine|41\/100 brn|[from] brn\n|upkeep\n|turn|26\n|\n|t:|1699947775\n|move|p1a: Mamoswine|Icicle Spear|p2a: Sableye\n|-damage|p2a: Sableye|60\/100\n|-damage|p2a: Sableye|53\/100\n|-hitcount|p2a: Sableye|2\n|move|p2a: Sableye|Knock Off|p1a: Mamoswine\n|-damage|p1a: Mamoswine|22\/100 brn\n|\n|-damage|p1a: Mamoswine|16\/100 brn|[from] brn\n|upkeep\n|turn|27\n|\n|t:|1699947783\n|move|p2a: Sableye|Recover|p2a: Sableye\n|-heal|p2a: Sableye|100\/100\n|move|p1a: Mamoswine|Earthquake|p2a: Sableye\n|-damage|p2a: Sableye|76\/100\n|\n|-damage|p1a: Mamoswine|10\/100 brn|[from] brn\n|upkeep\n|turn|28\n|l|\u2606bamzilla12\n|inactive|bamzilla12 disconnected and has a minute to reconnect!\n|player|p1|\n|\n|t:|1699947792\n|move|p1a: Mamoswine|Iron Head|p2a: Sableye\n|-damage|p2a: Sableye|63\/100\n|cant|p2a: Sableye|flinch\n|\n|-damage|p1a: Mamoswine|4\/100 brn|[from] brn\n|upkeep\n|turn|29\n|inactive|bamzilla12 has 30 seconds to reconnect!\n|inactive|bamzilla12 has 20 seconds to reconnect!\n|inactive|bamzilla12 has 15 seconds to reconnect!\n|inactive|bamzilla12 has 10 seconds to reconnect!\n|inactive|bamzilla12 has 5 seconds to reconnect!\n|-message|bamzilla12 lost due to inactivity.\n|\n|win|PHDDORK\n|raw|bamzilla12's rating: 1055 &rarr; <strong>1035<\/strong><br \/>(-20 for losing)\n|raw|PHDDORK's rating: 1017 &rarr; <strong>1059<\/strong><br \/>(+42 for winning)\n","uploadtime":1699947870,"views":20,"p1id":"bamzilla12","p2id":"phddork","formatid":"gen9ou","rating":1035,"private":0,"password":""}