{"id":"gen9ou-1999518772","p1":"Lenoxum","p2":"guru000","format":"[Gen 9] OU","log":"|j|\u2606Lenoxum\n|j|\u2606guru000\n|inactive|Battle timer is ON: inactive players will automatically lose when time's up.\n|t:|1701091765\n|gametype|singles\n|player|p1|Lenoxum|turo-ai|\n|player|p2|guru000|101|\n|teamsize|p1|5\n|teamsize|p2|5\n|gen|9\n|tier|[Gen 9] OU\n|rated|Tournament battle\n|rule|Sleep Clause Mod: Limit one foe put to sleep\n|rule|Species Clause: Limit one of each Pok\u00e9mon\n|rule|OHKO Clause: OHKO moves are banned\n|rule|Evasion Items Clause: Evasion items are banned\n|rule|Evasion Moves Clause: Evasion moves are banned\n|rule|Endless Battle Clause: Forcing endless battles is banned\n|rule|HP Percentage Mod: HP is shown in percentages\n|clearpoke\n|poke|p1|Luxray, M|\n|poke|p1|Lilligant-Hisui, F|\n|poke|p1|Kommo-o, F|\n|poke|p1|Haunter, M|\n|poke|p1|Dragapult, M|\n|poke|p2|Toxicroak, F|\n|poke|p2|Lokix, F|\n|poke|p2|Skuntank, M|\n|poke|p2|Floatzel, F|\n|poke|p2|Electrode-Hisui|\n|teampreview\n|j|*Lady Monita \u2746\n|j| mexicanpasta\n|c|\u2606Lenoxum|glhf\n|inactive|Lenoxum has 120 seconds left.\n|c|\u2606Lenoxum|named the mons after those i caught them from btw\n|j| poketough\n|c| mexicanpasta|you took the electrode from me??????\n|inactive|guru000 has 120 seconds left.\n|\n|t:|1701091810\n|start\n|switch|p1a: Luxray|Luxray, M, shiny|100\/100\n|switch|p2a: Skuntank|Skuntank, M|100\/100\n|-ability|p1a: Luxray|Intimidate|boost\n|-unboost|p2a: Skuntank|atk|1\n|turn|1\n|c| mexicanpasta|interesting\n|\n|t:|1701091827\n|switch|p2a: Lokix|Lokix, F|100\/100\n|move|p1a: Luxray|Wild Charge|p2a: Lokix\n|-damage|p2a: Lokix|34\/100\n|-damage|p1a: Luxray|85\/100|[from] Recoil\n|\n|upkeep\n|turn|2\n|n| RomeoNJuliet|poketough\n|\n|t:|1701091835\n|move|p2a: Lokix|First Impression|p1a: Luxray\n|-damage|p1a: Luxray|26\/100\n|move|p1a: Luxray|Wild Charge|p2a: Lokix\n|-damage|p2a: Lokix|0 fnt\n|faint|p2a: Lokix\n|-damage|p1a: Luxray|18\/100|[from] Recoil\n|\n|upkeep\n|\n|t:|1701091846\n|switch|p2a: Electrode|Electrode-Hisui|100\/100\n|turn|3\n|\n|t:|1701091858\n|move|p2a: Electrode|Giga Drain|p1a: Luxray\n|-damage|p1a: Luxray|0 fnt\n|faint|p1a: Luxray\n|\n|upkeep\n|j| dgzdr\n|inactive|Lenoxum has 120 seconds left.\n|l| dgzdr\n|\n|t:|1701091887\n|switch|p1a: Lenoxum 2|Lilligant-Hisui, F, shiny|100\/100\n|turn|4\n|c|\u2606guru000|ya\n|\n|t:|1701091913\n|-terastallize|p2a: Electrode|Flying\n|move|p2a: Electrode|Tera Blast|p1a: Lenoxum 2|[anim] Tera Blast Flying\n|-supereffective|p1a: Lenoxum 2\n|-enditem|p1a: Lenoxum 2|Focus Sash\n|-damage|p1a: Lenoxum 2|1\/100\n|move|p1a: Lenoxum 2|Victory Dance|p1a: Lenoxum 2\n|-boost|p1a: Lenoxum 2|atk|1\n|-boost|p1a: Lenoxum 2|def|1\n|-boost|p1a: Lenoxum 2|spe|1\n|\n|upkeep\n|turn|5\n|\n|t:|1701091927\n|move|p1a: Lenoxum 2|Close Combat|p2a: Electrode\n|-resisted|p2a: Electrode\n|-damage|p2a: Electrode|25\/100\n|-unboost|p1a: Lenoxum 2|def|1\n|-unboost|p1a: Lenoxum 2|spd|1\n|move|p2a: Electrode|Tera Blast|p1a: Lenoxum 2|[anim] Tera Blast Flying\n|-supereffective|p1a: Lenoxum 2\n|-damage|p1a: Lenoxum 2|0 fnt\n|faint|p1a: Lenoxum 2\n|\n|upkeep\n|\n|t:|1701091939\n|switch|p1a: MythAst|Kommo-o, F, shiny|100\/100\n|turn|6\n|\n|t:|1701091943\n|-terastallize|p1a: MythAst|Steel\n|move|p2a: Electrode|Tera Blast|p1a: MythAst|[anim] Tera Blast Flying\n|-resisted|p1a: MythAst\n|-damage|p1a: MythAst|85\/100\n|move|p1a: MythAst|Clangorous Soul|p1a: MythAst\n|-boost|p1a: MythAst|atk|1\n|-boost|p1a: MythAst|def|1\n|-boost|p1a: MythAst|spa|1\n|-boost|p1a: MythAst|spd|1\n|-boost|p1a: MythAst|spe|1\n|-damage|p1a: MythAst|52\/100\n|-enditem|p1a: MythAst|Throat Spray\n|-boost|p1a: MythAst|spa|1|[from] item: Throat Spray\n|\n|upkeep\n|turn|7\n|\n|t:|1701091955\n|move|p1a: MythAst|Flash Cannon|p2a: Electrode\n|-damage|p2a: Electrode|0 fnt\n|faint|p2a: Electrode\n|\n|upkeep\n|\n|t:|1701091959\n|switch|p2a: Skuntank|Skuntank, M|100\/100\n|turn|8\n|\n|t:|1701091966\n|move|p1a: MythAst|Flash Cannon|p2a: Skuntank\n|-damage|p2a: Skuntank|0 fnt\n|faint|p2a: Skuntank\n|\n|upkeep\n|\n|t:|1701091971\n|switch|p2a: Toxicroak|Toxicroak, F|100\/100\n|turn|9\n|\n|t:|1701091975\n|move|p1a: MythAst|Flash Cannon|p2a: Toxicroak\n|-damage|p2a: Toxicroak|0 fnt\n|faint|p2a: Toxicroak\n|\n|upkeep\n|c|\u2606Lenoxum|gg\n|\n|t:|1701091978\n|switch|p2a: Floatzel|Floatzel, F|100\/100\n|turn|10\n|\n|t:|1701091984\n|move|p1a: MythAst|Clanging Scales|p2a: Floatzel\n|-damage|p2a: Floatzel|0 fnt\n|faint|p2a: Floatzel\n|\n|win|Lenoxum\n|n|\u2606Lenoxum|lenoxum\n|n|\u2606guru000|guru000\n|n|*Lady Monita \u2746|ladymonita\n|n| mexicanpasta|mexicanpasta\n|n| RomeoNJuliet|romeonjuliet\n","uploadtime":1701091985,"views":4,"p1id":"lenoxum","p2id":"guru000","formatid":"gen9ou","rating":0,"private":0,"password":""}