{"id":"gen9ou-1990211379","p1":"rxtxs","p2":"Chamkila","format":"[Gen 9] OU","log":"|j|\u2606rxtxs\n|j|\u2606Chamkila\n|t:|1699938039\n|gametype|singles\n|player|p1|rxtxs|1|1074\n|player|p2|Chamkila|red|1155\n|teamsize|p1|6\n|teamsize|p2|6\n|gen|9\n|tier|[Gen 9] OU\n|rated|\n|rule|Sleep Clause Mod: Limit one foe put to sleep\n|rule|Species Clause: Limit one of each Pok\u00e9mon\n|rule|OHKO Clause: OHKO moves are banned\n|rule|Evasion Items Clause: Evasion items are banned\n|rule|Evasion Moves Clause: Evasion moves are banned\n|rule|Endless Battle Clause: Forcing endless battles is banned\n|rule|HP Percentage Mod: HP is shown in percentages\n|clearpoke\n|poke|p1|Glaceon, F|\n|poke|p1|Slowking-Galar, M|\n|poke|p1|Great Tusk|\n|poke|p1|Kingambit, M|\n|poke|p1|Volcanion|\n|poke|p1|Enamorus, F|\n|poke|p2|Maushold|\n|poke|p2|Rillaboom, F|\n|poke|p2|Great Tusk|\n|poke|p2|Heatran, M|\n|poke|p2|Enamorus, F|\n|poke|p2|Kingambit, F|\n|teampreview\n|inactive|Battle timer is ON: inactive players will automatically lose when time's up. (requested by Chamkila)\n|\n|t:|1699938056\n|start\n|switch|p1a: Slowking|Slowking-Galar, M|100\/100\n|switch|p2a: Happy Family|Maushold|100\/100\n|turn|1\n|\n|t:|1699938069\n|move|p2a: Happy Family|Tidy Up|p2a: Happy Family\n|-boost|p2a: Happy Family|atk|1\n|-boost|p2a: Happy Family|spe|1\n|move|p1a: Slowking|Thunder Wave|p2a: Happy Family\n|-status|p2a: Happy Family|par\n|\n|upkeep\n|turn|2\n|\n|t:|1699938076\n|move|p2a: Happy Family|Tidy Up|p2a: Happy Family\n|-boost|p2a: Happy Family|atk|1\n|-boost|p2a: Happy Family|spe|1\n|move|p1a: Slowking|Future Sight|p2a: Happy Family\n|-start|p1a: Slowking|move: Future Sight\n|\n|upkeep\n|turn|3\n|\n|t:|1699938080\n|move|p2a: Happy Family|Tidy Up|p2a: Happy Family\n|-boost|p2a: Happy Family|atk|1\n|-boost|p2a: Happy Family|spe|1\n|move|p1a: Slowking|Sludge Bomb|p2a: Happy Family\n|-damage|p2a: Happy Family|48\/100 par\n|\n|upkeep\n|turn|4\n|\n|t:|1699938084\n|move|p2a: Happy Family|Population Bomb|p1a: Slowking\n|-damage|p1a: Slowking|79\/100\n|-damage|p1a: Slowking|58\/100\n|-damage|p1a: Slowking|36\/100\n|-damage|p1a: Slowking|14\/100\n|-damage|p1a: Slowking|0 fnt\n|faint|p1a: Slowking\n|-hitcount|p1: Slowking|5\n|\n|-end|p2a: Happy Family|move: Future Sight\n|-damage|p2a: Happy Family|0 fnt\n|faint|p2a: Happy Family\n|upkeep\n|c|\u2606Chamkila|bomboclattt\n|\n|t:|1699938100\n|switch|p2a: A$AP Ferg|Rillaboom, F|100\/100\n|switch|p1a: Great Tusk|Great Tusk|100\/100\n|-fieldstart|move: Grassy Terrain|[from] ability: Grassy Surge|[of] p2a: A$AP Ferg\n|turn|5\n|\n|t:|1699938124\n|-end|p1a: Great Tusk|Protosynthesis|[silent]\n|switch|p1a: Enamorus|Enamorus, F|100\/100\n|move|p2a: A$AP Ferg|Knock Off|p1a: Enamorus\n|-resisted|p1a: Enamorus\n|-damage|p1a: Enamorus|54\/100\n|-enditem|p1a: Enamorus|Choice Scarf|[from] move: Knock Off|[of] p2a: A$AP Ferg\n|\n|upkeep\n|turn|6\n|c|\u2606rxtxs|WAGWAN\n|c|\u2606Chamkila|wagwan crodie\n|\n|t:|1699938145\n|switch|p2a: P Litty|Enamorus, F, shiny|100\/100\n|move|p1a: Enamorus|Mystical Fire|p2a: P Litty\n|-damage|p2a: P Litty|64\/100\n|-boost|p2a: P Litty|spa|1\n|\n|upkeep\n|turn|7\n|\n|t:|1699938158\n|switch|p1a: Volcanion|Volcanion|100\/100\n|move|p2a: P Litty|Moonblast|p1a: Volcanion\n|-resisted|p1a: Volcanion\n|-crit|p1a: Volcanion\n|-damage|p1a: Volcanion|39\/100\n|\n|-heal|p1a: Volcanion|45\/100|[from] Grassy Terrain\n|upkeep\n|turn|8\n|c|\u2606rxtxs|CHILLIN\n|\n|t:|1699938166\n|move|p2a: P Litty|Moonblast|p1a: Volcanion\n|-resisted|p1a: Volcanion\n|-damage|p1a: Volcanion|5\/100\n|move|p1a: Volcanion|Steam Eruption|p2a: P Litty\n|-damage|p2a: P Litty|0 fnt\n|faint|p2a: P Litty\n|\n|-heal|p1a: Volcanion|11\/100|[from] Grassy Terrain\n|upkeep\n|c|\u2606Chamkila|good tingz\n|c|\u2606rxtxs|YESSS\n|n|!Chamkila|chamkila\n|inactive|Chamkila has 120 seconds left.\n|\n|t:|1699938189\n|switch|p2a: A$AP Ferg|Rillaboom, F|100\/100\n|turn|9\n|\n|t:|1699938195\n|move|p2a: A$AP Ferg|Grassy Glide|p1a: Volcanion\n|-damage|p1a: Volcanion|0 fnt\n|faint|p1a: Volcanion\n|\n|-fieldend|move: Grassy Terrain\n|upkeep\n|\n|t:|1699938202\n|switch|p1a: Kingambit|Kingambit, M|100\/100\n|-activate|p1a: Kingambit|ability: Supreme Overlord\n|-start|p1a: Kingambit|fallen2|[silent]\n|turn|10\n|\n|t:|1699938208\n|switch|p2a: Meattran|Heatran, M, shiny|100\/100\n|-terastallize|p1a: Kingambit|Fairy\n|move|p1a: Kingambit|Swords Dance|p1a: Kingambit\n|-boost|p1a: Kingambit|atk|2\n|\n|upkeep\n|turn|11\n|\n|t:|1699938225\n|-end|p1a: Kingambit|fallen2|[silent]\n|switch|p1a: Great Tusk|Great Tusk|100\/100\n|move|p2a: Meattran|Magma Storm|p1a: Great Tusk\n|-damage|p1a: Great Tusk|42\/100\n|-activate|p1a: Great Tusk|move: Magma Storm|[of] p2a: Meattran\n|\n|-damage|p1a: Great Tusk|30\/100|[from] move: Magma Storm|[partiallytrapped]\n|upkeep\n|turn|12\n|\n|t:|1699938230\n|move|p1a: Great Tusk|Earthquake|p2a: Meattran\n|-supereffective|p2a: Meattran\n|-damage|p2a: Meattran|0 fnt\n|faint|p2a: Meattran\n|\n|-end|p1a: Great Tusk|Magma Storm|[partiallytrapped]|[silent]\n|upkeep\n|\n|t:|1699938237\n|switch|p2a: A$AP Ferg|Rillaboom, F|100\/100\n|-fieldstart|move: Grassy Terrain|[from] ability: Grassy Surge|[of] p2a: A$AP Ferg\n|turn|13\n|\n|t:|1699938265\n|-end|p1a: Great Tusk|Protosynthesis|[silent]\n|switch|p1a: Enamorus|Enamorus, F|54\/100\n|move|p2a: A$AP Ferg|Knock Off|p1a: Enamorus\n|-resisted|p1a: Enamorus\n|-damage|p1a: Enamorus|26\/100\n|\n|upkeep\n|turn|14\n|\n|t:|1699938277\n|move|p1a: Enamorus|Mystical Fire|p2a: A$AP Ferg\n|-supereffective|p2a: A$AP Ferg\n|-damage|p2a: A$AP Ferg|30\/100\n|-unboost|p2a: A$AP Ferg|spa|1\n|move|p2a: A$AP Ferg|Knock Off|p1a: Enamorus\n|-resisted|p1a: Enamorus\n|-damage|p1a: Enamorus|0 fnt\n|faint|p1a: Enamorus\n|\n|-heal|p2a: A$AP Ferg|36\/100|[from] Grassy Terrain\n|upkeep\n|\n|t:|1699938283\n|switch|p1a: Kingambit|Kingambit, M, tera:Fairy|100\/100\n|-activate|p1a: Kingambit|ability: Supreme Overlord\n|-start|p1a: Kingambit|fallen3|[silent]\n|turn|15\n|\n|t:|1699938290\n|move|p2a: A$AP Ferg|Knock Off|p1a: Kingambit\n|-resisted|p1a: Kingambit\n|-damage|p1a: Kingambit|81\/100\n|-enditem|p1a: Kingambit|Lum Berry|[from] move: Knock Off|[of] p2a: A$AP Ferg\n|move|p1a: Kingambit|Swords Dance|p1a: Kingambit\n|-boost|p1a: Kingambit|atk|2\n|\n|-heal|p2a: A$AP Ferg|42\/100|[from] Grassy Terrain\n|-heal|p1a: Kingambit|88\/100|[from] Grassy Terrain\n|upkeep\n|turn|16\n|\n|t:|1699938298\n|move|p2a: A$AP Ferg|Knock Off|p1a: Kingambit\n|-resisted|p1a: Kingambit\n|-damage|p1a: Kingambit|75\/100\n|move|p1a: Kingambit|Kowtow Cleave|p2a: A$AP Ferg\n|-damage|p2a: A$AP Ferg|0 fnt\n|faint|p2a: A$AP Ferg\n|\n|-heal|p1a: Kingambit|81\/100|[from] Grassy Terrain\n|upkeep\n|\n|t:|1699938301\n|switch|p2a: Flintstone|Great Tusk|100\/100\n|turn|17\n|\n|t:|1699938312\n|move|p1a: Kingambit|Sucker Punch|p2a: Flintstone\n|-resisted|p2a: Flintstone\n|-damage|p2a: Flintstone|66\/100\n|move|p2a: Flintstone|Headlong Rush|p1a: Kingambit\n|-damage|p1a: Kingambit|44\/100\n|-unboost|p2a: Flintstone|def|1\n|-unboost|p2a: Flintstone|spd|1\n|\n|-heal|p2a: Flintstone|72\/100|[from] Grassy Terrain\n|-heal|p2a: Flintstone|78\/100|[from] item: Leftovers\n|-heal|p1a: Kingambit|50\/100|[from] Grassy Terrain\n|-fieldend|move: Grassy Terrain\n|upkeep\n|turn|18\n|\n|t:|1699938319\n|-end|p2a: Flintstone|Protosynthesis|[silent]\n|switch|p2a: Banned Soon|Kingambit, F, shiny|100\/100\n|-activate|p2a: Banned Soon|ability: Supreme Overlord\n|-start|p2a: Banned Soon|fallen4|[silent]\n|move|p1a: Kingambit|Kowtow Cleave|p2a: Banned Soon\n|-resisted|p2a: Banned Soon\n|-damage|p2a: Banned Soon|51\/100\n|\n|-heal|p2a: Banned Soon|57\/100|[from] item: Leftovers\n|upkeep\n|turn|19\n|\n|t:|1699938330\n|-terastallize|p2a: Banned Soon|Flying\n|move|p1a: Kingambit|Sucker Punch||[still]\n|-fail|p1a: Kingambit\n|move|p2a: Banned Soon|Swords Dance|p2a: Banned Soon\n|-boost|p2a: Banned Soon|atk|2\n|\n|-heal|p2a: Banned Soon|63\/100|[from] item: Leftovers\n|upkeep\n|turn|20\n|\n|t:|1699938341\n|move|p1a: Kingambit|Sucker Punch|p2a: Banned Soon\n|-damage|p2a: Banned Soon|0 fnt\n|faint|p2a: Banned Soon\n|-end|p2a: Banned Soon|fallen4|[silent]\n|\n|upkeep\n|\n|t:|1699938346\n|switch|p2a: Flintstone|Great Tusk|78\/100\n|turn|21\n|\n|t:|1699938363\n|move|p2a: Flintstone|Bulk Up|p2a: Flintstone\n|-boost|p2a: Flintstone|atk|1\n|-boost|p2a: Flintstone|def|1\n|move|p1a: Kingambit|Iron Head|p2a: Flintstone\n|-damage|p2a: Flintstone|31\/100\n|\n|-heal|p2a: Flintstone|37\/100|[from] item: Leftovers\n|upkeep\n|turn|22\n|\n|t:|1699938373\n|move|p2a: Flintstone|Headlong Rush|p1a: Kingambit\n|-damage|p1a: Kingambit|0 fnt\n|-unboost|p2a: Flintstone|def|1\n|-unboost|p2a: Flintstone|spd|1\n|faint|p1a: Kingambit\n|-end|p1a: Kingambit|fallen3|[silent]\n|\n|-heal|p2a: Flintstone|44\/100|[from] item: Leftovers\n|upkeep\n|\n|t:|1699938378\n|switch|p1a: Great Tusk|Great Tusk|30\/100\n|turn|23\n|\n|t:|1699938388\n|move|p1a: Great Tusk|Ice Spinner|p2a: Flintstone\n|-supereffective|p2a: Flintstone\n|-damage|p2a: Flintstone|14\/100\n|move|p2a: Flintstone|Ice Spinner|p1a: Great Tusk\n|-supereffective|p1a: Great Tusk\n|-damage|p1a: Great Tusk|0 fnt\n|-damage|p2a: Flintstone|0 fnt|[from] item: Rocky Helmet|[of] p1a: Great Tusk\n|faint|p1a: Great Tusk\n|-end|p1a: Great Tusk|Protosynthesis|[silent]\n|faint|p2a: Flintstone\n|-end|p2a: Flintstone|Protosynthesis|[silent]\n|\n|win|rxtxs\n|raw|rxtxs's rating: 1074 &rarr; <strong>1110<\/strong><br \/>(+36 for winning)\n|raw|Chamkila's rating: 1155 &rarr; <strong>1124<\/strong><br \/>(-31 for losing)\n","uploadtime":1699938184,"views":8,"p1id":"rxtxs","p2id":"chamkila","formatid":"gen9ou","rating":1110,"private":0,"password":""}