{"id":"gen9ou-1988336278","p1":"xdswl","p2":"EhrenApfel6.9","format":"[Gen 9] OU","log":"|j|\u2606xdswl\n|j|\u2606EhrenApfel6.9\n|t:|1699710432\n|gametype|singles\n|player|p1|xdswl|101|1221\n|player|p2|EhrenApfel6.9|cyrus|1167\n|teamsize|p1|6\n|teamsize|p2|6\n|gen|9\n|tier|[Gen 9] OU\n|rated|\n|rule|Sleep Clause Mod: Limit one foe put to sleep\n|rule|Species Clause: Limit one of each Pok\u00e9mon\n|rule|OHKO Clause: OHKO moves are banned\n|rule|Evasion Items Clause: Evasion items are banned\n|rule|Evasion Moves Clause: Evasion moves are banned\n|rule|Endless Battle Clause: Forcing endless battles is banned\n|rule|HP Percentage Mod: HP is shown in percentages\n|clearpoke\n|poke|p1|Hoopa-Unbound|\n|poke|p1|Crawdaunt, F|\n|poke|p1|Hatterene, F|\n|poke|p1|Torkoal, M|\n|poke|p1|Ursaluna, F|\n|poke|p1|Diancie|\n|poke|p2|Thundurus-Therian, M|\n|poke|p2|Slowking-Galar, M|\n|poke|p2|Gholdengo|\n|poke|p2|Samurott-Hisui, M|\n|poke|p2|Great Tusk|\n|poke|p2|Kingambit, F|\n|teampreview\n|\n|t:|1699710438\n|start\n|switch|p1a: Hatterene|Hatterene, F|100\/100\n|switch|p2a: Thundurus|Thundurus-Therian, M|100\/100\n|turn|1\n|inactive|Battle timer is ON: inactive players will automatically lose when time's up. (requested by xdswl)\n|\n|t:|1699710441\n|move|p2a: Thundurus|Volt Switch|p1a: Hatterene\n|-damage|p1a: Hatterene|42\/100\n|\n|t:|1699710444\n|switch|p2a: Kingambit|Kingambit, F|100\/100|[from] Volt Switch\n|move|p1a: Hatterene|Trick Room|p1a: Hatterene\n|-fieldstart|move: Trick Room|[of] p1a: Hatterene\n|\n|upkeep\n|turn|2\n|\n|t:|1699710451\n|move|p1a: Hatterene|Mystical Fire|p2a: Kingambit\n|-supereffective|p2a: Kingambit\n|-damage|p2a: Kingambit|41\/100\n|-unboost|p2a: Kingambit|spa|1\n|move|p2a: Kingambit|Iron Head|p1a: Hatterene\n|-supereffective|p1a: Hatterene\n|-damage|p1a: Hatterene|0 fnt\n|faint|p1a: Hatterene\n|\n|-heal|p2a: Kingambit|48\/100|[from] item: Leftovers\n|upkeep\n|\n|t:|1699710459\n|switch|p1a: Crawdaunt|Crawdaunt, F|100\/100\n|turn|3\n|\n|t:|1699710466\n|move|p2a: Kingambit|Sucker Punch|p1a: Crawdaunt\n|-resisted|p1a: Crawdaunt\n|-damage|p1a: Crawdaunt|77\/100\n|move|p1a: Crawdaunt|Crabhammer|p2a: Kingambit\n|-damage|p2a: Kingambit|0 fnt\n|faint|p2a: Kingambit\n|-end|p2a: Kingambit|fallenundefined|[silent]\n|-damage|p1a: Crawdaunt|67\/100|[from] item: Life Orb\n|\n|upkeep\n|\n|t:|1699710469\n|switch|p2a: Samurott|Samurott-Hisui, M|100\/100\n|turn|4\n|\n|t:|1699710473\n|move|p1a: Crawdaunt|Close Combat|p2a: Samurott\n|-supereffective|p2a: Samurott\n|-enditem|p2a: Samurott|Focus Sash\n|-damage|p2a: Samurott|1\/100\n|-unboost|p1a: Crawdaunt|def|1\n|-unboost|p1a: Crawdaunt|spd|1\n|-damage|p1a: Crawdaunt|57\/100|[from] item: Life Orb\n|move|p2a: Samurott|Ceaseless Edge|p1a: Crawdaunt\n|-resisted|p1a: Crawdaunt\n|-damage|p1a: Crawdaunt|17\/100\n|-sidestart|p1: xdswl|Spikes\n|\n|upkeep\n|turn|5\n|\n|t:|1699710482\n|move|p1a: Crawdaunt|Aqua Jet|p2a: Samurott\n|-resisted|p2a: Samurott\n|-damage|p2a: Samurott|0 fnt\n|faint|p2a: Samurott\n|-damage|p1a: Crawdaunt|7\/100|[from] item: Life Orb\n|\n|-fieldend|move: Trick Room\n|upkeep\n|\n|t:|1699710486\n|switch|p2a: Thundurus|Thundurus-Therian, M|100\/100\n|turn|6\n|\n|t:|1699710490\n|-terastallize|p2a: Thundurus|Flying\n|move|p1a: Crawdaunt|Aqua Jet|p2a: Thundurus\n|-damage|p2a: Thundurus|41\/100\n|-damage|p1a: Crawdaunt|0 fnt|[from] item: Life Orb\n|faint|p1a: Crawdaunt\n|move|p2a: Thundurus|Volt Switch|p1: Crawdaunt|[notarget]\n|-fail|p2a: Thundurus\n|\n|upkeep\n|\n|t:|1699710499\n|switch|p1a: Hoopa|Hoopa-Unbound|100\/100\n|-damage|p1a: Hoopa|88\/100|[from] Spikes\n|turn|7\n|\n|t:|1699710502\n|move|p2a: Thundurus|Volt Switch|p1a: Hoopa\n|-damage|p1a: Hoopa|41\/100\n|\n|t:|1699710505\n|switch|p2a: Great Tusk|Great Tusk|100\/100|[from] Volt Switch\n|move|p1a: Hoopa|Trick Room|p1a: Hoopa\n|-fieldstart|move: Trick Room|[of] p1a: Hoopa\n|\n|upkeep\n|turn|8\n|\n|t:|1699710510\n|move|p1a: Hoopa|Psychic|p2a: Great Tusk\n|-supereffective|p2a: Great Tusk\n|-damage|p2a: Great Tusk|0 fnt\n|faint|p2a: Great Tusk\n|-end|p2a: Great Tusk|Protosynthesis|[silent]\n|\n|upkeep\n|\n|t:|1699710515\n|switch|p2a: Slowking|Slowking-Galar, M|100\/100\n|turn|9\n|\n|t:|1699710519\n|move|p2a: Slowking|Thunder Wave|p1a: Hoopa\n|-status|p1a: Hoopa|par\n|move|p1a: Hoopa|Hyperspace Fury|p2a: Slowking\n|-supereffective|p2a: Slowking\n|-damage|p2a: Slowking|6\/100\n|-unboost|p1a: Hoopa|def|1\n|\n|upkeep\n|turn|10\n|\n|t:|1699710524\n|move|p2a: Slowking|Sludge Bomb|p1a: Hoopa\n|-damage|p1a: Hoopa|15\/100 par\n|cant|p1a: Hoopa|par\n|\n|upkeep\n|turn|11\n|\n|t:|1699710530\n|move|p2a: Slowking|Sludge Bomb|p1a: Hoopa\n|-damage|p1a: Hoopa|0 fnt\n|faint|p1a: Hoopa\n|\n|-fieldend|move: Trick Room\n|upkeep\n|\n|t:|1699710531\n|switch|p1a: Diancie|Diancie|100\/100\n|-damage|p1a: Diancie|88\/100|[from] Spikes\n|turn|12\n|\n|t:|1699710540\n|switch|p2a: Gholdengo|Gholdengo|100\/100\n|move|p1a: Diancie|Trick Room|p1a: Diancie\n|-fieldstart|move: Trick Room|[of] p1a: Diancie\n|\n|upkeep\n|turn|13\n|\n|t:|1699710555\n|move|p1a: Diancie|Diamond Storm|p2a: Gholdengo\n|-resisted|p2a: Gholdengo\n|-damage|p2a: Gholdengo|84\/100\n|-boost|p1a: Diancie|def|2\n|move|p2a: Gholdengo|Hex|p1a: Diancie\n|-damage|p1a: Diancie|67\/100\n|\n|-heal|p2a: Gholdengo|90\/100|[from] item: Leftovers\n|upkeep\n|turn|14\n|\n|t:|1699710564\n|switch|p1a: Ursaluna|Ursaluna, F|100\/100\n|-damage|p1a: Ursaluna|88\/100|[from] Spikes\n|move|p2a: Gholdengo|Hex|p1a: Ursaluna\n|-immune|p1a: Ursaluna\n|\n|-heal|p2a: Gholdengo|96\/100|[from] item: Leftovers\n|-status|p1a: Ursaluna|brn|[from] item: Flame Orb\n|upkeep\n|turn|15\n|\n|t:|1699710571\n|switch|p2a: Thundurus|Thundurus-Therian, M, tera:Flying|41\/100\n|move|p1a: Ursaluna|Headlong Rush|p2a: Thundurus\n|-immune|p2a: Thundurus\n|\n|-damage|p1a: Ursaluna|82\/100 brn|[from] brn\n|upkeep\n|turn|16\n|\n|t:|1699710577\n|move|p1a: Ursaluna|Ice Punch|p2a: Thundurus\n|-supereffective|p2a: Thundurus\n|-damage|p2a: Thundurus|0 fnt\n|faint|p2a: Thundurus\n|\n|-damage|p1a: Ursaluna|76\/100 brn|[from] brn\n|-fieldend|move: Trick Room\n|upkeep\n|\n|t:|1699710580\n|switch|p2a: Gholdengo|Gholdengo|96\/100\n|turn|17\n|\n|t:|1699710586\n|switch|p2a: Slowking|Slowking-Galar, M|39\/100\n|move|p1a: Ursaluna|Headlong Rush|p2a: Slowking\n|-supereffective|p2a: Slowking\n|-damage|p2a: Slowking|0 fnt\n|-unboost|p1a: Ursaluna|def|1\n|-unboost|p1a: Ursaluna|spd|1\n|faint|p2a: Slowking\n|\n|-damage|p1a: Ursaluna|70\/100 brn|[from] brn\n|upkeep\n|\n|t:|1699710589\n|switch|p2a: Gholdengo|Gholdengo|96\/100\n|turn|18\n|-message|EhrenApfel6.9 forfeited.\n|\n|win|xdswl\n|raw|xdswl's rating: 1221 &rarr; <strong>1242<\/strong><br \/>(+21 for winning)\n|raw|EhrenApfel6.9's rating: 1167 &rarr; <strong>1146<\/strong><br \/>(-21 for losing)\n|l|\u2606EhrenApfel6.9\n","uploadtime":1699710596,"views":14,"p1id":"xdswl","p2id":"ehrenapfel69","formatid":"gen9ou","rating":1146,"private":0,"password":""}