{"id":"gen9ou-1994679303","p1":"Zapsuki","p2":"Lemmy","format":"[Gen 9] OU","log":"|j|\u2606Zapsuki\n|j|\u2606Lemmy\n|t:|1700479932\n|gametype|singles\n|player|p1|Zapsuki|serena-masters2|1588\n|player|p2|Lemmy|cilan|1644\n|teamsize|p1|6\n|teamsize|p2|6\n|gen|9\n|tier|[Gen 9] OU\n|rated|\n|rule|Sleep Clause Mod: Limit one foe put to sleep\n|rule|Species Clause: Limit one of each Pok\u00e9mon\n|rule|OHKO Clause: OHKO moves are banned\n|rule|Evasion Items Clause: Evasion items are banned\n|rule|Evasion Moves Clause: Evasion moves are banned\n|rule|Endless Battle Clause: Forcing endless battles is banned\n|rule|HP Percentage Mod: HP is shown in percentages\n|clearpoke\n|poke|p1|Dragonite, F|\n|poke|p1|Garchomp, M|\n|poke|p1|Kommo-o, F|\n|poke|p1|Dragapult, M|\n|poke|p1|Tinkaton, F|\n|poke|p1|Walking Wake|\n|poke|p2|Kingambit, M|\n|poke|p2|Glimmora, M|\n|poke|p2|Zamazenta-*|\n|poke|p2|Iron Valiant|\n|poke|p2|Iron Moth|\n|poke|p2|Ogerpon-Wellspring, F|\n|teampreview\n|inactive|Battle timer is ON: inactive players will automatically lose when time's up. (requested by Zapsuki)\n|\n|t:|1700479940\n|start\n|switch|p1a: Walking Wake|Walking Wake|100\/100\n|switch|p2a: Glimmora|Glimmora, M|100\/100\n|turn|1\n|\n|t:|1700479942\n|move|p1a: Walking Wake|Scald|p2a: Glimmora\n|-supereffective|p2a: Glimmora\n|-enditem|p2a: Glimmora|Focus Sash\n|-damage|p2a: Glimmora|1\/100\n|-status|p2a: Glimmora|brn\n|move|p2a: Glimmora|Stealth Rock|p1a: Walking Wake\n|-sidestart|p1: Zapsuki|move: Stealth Rock\n|\n|-damage|p2a: Glimmora|0 fnt|[from] brn\n|faint|p2a: Glimmora\n|upkeep\n|\n|t:|1700479963\n|switch|p2a: Ferropalad\u00edn|Iron Valiant|100\/100\n|-enditem|p2a: Ferropalad\u00edn|Booster Energy\n|-activate|p2a: Ferropalad\u00edn|ability: Quark Drive|[fromitem]\n|-start|p2a: Ferropalad\u00edn|quarkdrivespe\n|turn|2\n|\n|t:|1700479967\n|-terastallize|p1a: Walking Wake|Poison\n|move|p2a: Ferropalad\u00edn|Hypnosis|p1a: Walking Wake|[miss]\n|-miss|p2a: Ferropalad\u00edn|p1a: Walking Wake\n|move|p1a: Walking Wake|Tera Blast|p2a: Ferropalad\u00edn|[anim] Tera Blast Poison\n|-supereffective|p2a: Ferropalad\u00edn\n|-damage|p2a: Ferropalad\u00edn|0 fnt\n|faint|p2a: Ferropalad\u00edn\n|-end|p2a: Ferropalad\u00edn|Quark Drive|[silent]\n|\n|upkeep\n|\n|t:|1700479975\n|switch|p2a: Ferropolilla|Iron Moth|100\/100\n|-enditem|p2a: Ferropolilla|Booster Energy\n|-activate|p2a: Ferropolilla|ability: Quark Drive|[fromitem]\n|-start|p2a: Ferropolilla|quarkdrivespe\n|turn|3\n|\n|t:|1700479991\n|-terastallize|p2a: Ferropolilla|Fairy\n|move|p2a: Ferropolilla|Fiery Dance|p1a: Walking Wake\n|-damage|p1a: Walking Wake|51\/100\n|move|p1a: Walking Wake|Scald|p2a: Ferropolilla\n|-damage|p2a: Ferropolilla|61\/100\n|\n|upkeep\n|turn|4\n|\n|t:|1700479996\n|move|p2a: Ferropolilla|Fiery Dance|p1a: Walking Wake\n|-damage|p1a: Walking Wake|0 fnt\n|faint|p1a: Walking Wake\n|-end|p1a: Walking Wake|Protosynthesis|[silent]\n|\n|upkeep\n|\n|t:|1700479999\n|switch|p1a: Tinkaton|Tinkaton, F, shiny|100\/100\n|-damage|p1a: Tinkaton|94\/100|[from] Stealth Rock\n|-ability|p1a: Tinkaton|Mold Breaker\n|turn|5\n|\n|t:|1700480002\n|move|p2a: Ferropolilla|Fiery Dance|p1a: Tinkaton\n|-supereffective|p1a: Tinkaton\n|-damage|p1a: Tinkaton|46\/100\n|-boost|p2a: Ferropolilla|spa|1\n|move|p1a: Tinkaton|Gigaton Hammer|p2a: Ferropolilla\n|-supereffective|p2a: Ferropolilla\n|-damage|p2a: Ferropolilla|0 fnt\n|faint|p2a: Ferropolilla\n|-end|p2a: Ferropolilla|Quark Drive|[silent]\n|\n|-heal|p1a: Tinkaton|52\/100|[from] item: Leftovers\n|upkeep\n|\n|t:|1700480009\n|switch|p2a: Ogerpon-Fuente|Ogerpon-Wellspring, F|100\/100\n|turn|6\n|\n|t:|1700480012\n|move|p2a: Ogerpon-Fuente|Ivy Cudgel|p1a: Tinkaton|[anim] Ivy Cudgel Water\n|-damage|p1a: Tinkaton|0 fnt\n|faint|p1a: Tinkaton\n|\n|upkeep\n|j|+Dragonillis\n|\n|t:|1700480034\n|switch|p1a: Dragonite|Dragonite, F|100\/100\n|turn|7\n|\n|t:|1700480044\n|move|p2a: Ogerpon-Fuente|Knock Off|p1a: Dragonite\n|-damage|p1a: Dragonite|79\/100\n|-enditem|p1a: Dragonite|Heavy-Duty Boots|[from] move: Knock Off|[of] p2a: Ogerpon-Fuente\n|move|p1a: Dragonite|Dragon Claw|p2a: Ogerpon-Fuente\n|-crit|p2a: Ogerpon-Fuente\n|-damage|p2a: Ogerpon-Fuente|19\/100\n|\n|upkeep\n|turn|8\n|\n|t:|1700480046\n|move|p1a: Dragonite|Extreme Speed|p2a: Ogerpon-Fuente\n|-crit|p2a: Ogerpon-Fuente\n|-damage|p2a: Ogerpon-Fuente|0 fnt\n|faint|p2a: Ogerpon-Fuente\n|\n|upkeep\n|\n|t:|1700480049\n|switch|p2a: Zamazenta|Zamazenta, shiny|100\/100\n|-ability|p2a: Zamazenta|Dauntless Shield|boost\n|-boost|p2a: Zamazenta|def|1\n|turn|9\n|\n|t:|1700480051\n|switch|p1a: Dragapult|Dragapult, M|100\/100\n|move|p2a: Zamazenta|Iron Defense|p2a: Zamazenta\n|-boost|p2a: Zamazenta|def|2\n|\n|upkeep\n|turn|10\n|\n|t:|1700480054\n|move|p1a: Dragapult|Will-O-Wisp|p2a: Zamazenta\n|-status|p2a: Zamazenta|brn\n|move|p2a: Zamazenta|Crunch|p1a: Dragapult\n|-supereffective|p1a: Dragapult\n|-damage|p1a: Dragapult|58\/100\n|\n|-damage|p2a: Zamazenta|94\/100 brn|[from] brn\n|upkeep\n|turn|11\n|\n|t:|1700480057\n|move|p1a: Dragapult|Hex|p2a: Zamazenta\n|-damage|p2a: Zamazenta|41\/100 brn\n|move|p2a: Zamazenta|Crunch|p1a: Dragapult\n|-supereffective|p1a: Dragapult\n|-damage|p1a: Dragapult|20\/100\n|-unboost|p1a: Dragapult|def|1\n|\n|-heal|p2a: Zamazenta|48\/100 brn|[from] item: Leftovers\n|-damage|p2a: Zamazenta|41\/100 brn|[from] brn\n|upkeep\n|turn|12\n|\n|t:|1700480060\n|move|p1a: Dragapult|Hex|p2a: Zamazenta\n|-crit|p2a: Zamazenta\n|-damage|p2a: Zamazenta|0 fnt\n|faint|p2a: Zamazenta\n|\n|upkeep\n|\n|t:|1700480061\n|switch|p2a: Kingambit|Kingambit, M|100\/100\n|-activate|p2a: Kingambit|ability: Supreme Overlord\n|-start|p2a: Kingambit|fallen5|[silent]\n|turn|13\n|\n|t:|1700480064\n|move|p1a: Dragapult|Will-O-Wisp|p2a: Kingambit|[miss]\n|-miss|p1a: Dragapult|p2a: Kingambit\n|move|p2a: Kingambit|Swords Dance|p2a: Kingambit\n|-boost|p2a: Kingambit|atk|2\n|\n|upkeep\n|turn|14\n|\n|t:|1700480066\n|move|p1a: Dragapult|Will-O-Wisp|p2a: Kingambit\n|-status|p2a: Kingambit|brn\n|move|p2a: Kingambit|Swords Dance|p2a: Kingambit\n|-boost|p2a: Kingambit|atk|2\n|\n|-damage|p2a: Kingambit|94\/100 brn|[from] brn\n|upkeep\n|turn|15\n|\n|t:|1700480074\n|move|p1a: Dragapult|Hex|p2a: Kingambit\n|-resisted|p2a: Kingambit\n|-damage|p2a: Kingambit|62\/100 brn\n|move|p2a: Kingambit|Kowtow Cleave|p1a: Dragapult\n|-supereffective|p1a: Dragapult\n|-damage|p1a: Dragapult|0 fnt\n|faint|p1a: Dragapult\n|\n|-damage|p2a: Kingambit|56\/100 brn|[from] brn\n|upkeep\n|\n|t:|1700480078\n|switch|p1a: Garchomp|Garchomp, M|100\/100\n|-damage|p1a: Garchomp|94\/100|[from] Stealth Rock\n|turn|16\n|\n|t:|1700480083\n|move|p2a: Kingambit|Sucker Punch|p1a: Garchomp\n|-damage|p1a: Garchomp|4\/100\n|-damage|p2a: Kingambit|44\/100 brn|[from] ability: Rough Skin|[of] p1a: Garchomp\n|-damage|p2a: Kingambit|27\/100 brn|[from] item: Rocky Helmet|[of] p1a: Garchomp\n|move|p1a: Garchomp|Earthquake|p2a: Kingambit\n|-supereffective|p2a: Kingambit\n|-damage|p2a: Kingambit|0 fnt\n|faint|p2a: Kingambit\n|-end|p2a: Kingambit|fallen5|[silent]\n|\n|win|Zapsuki\n|raw|Zapsuki's rating: 1588 &rarr; <strong>1611<\/strong><br \/>(+23 for winning)\n|raw|Lemmy's rating: 1644 &rarr; <strong>1621<\/strong><br \/>(-23 for losing)\n|l|\u2606Lemmy\n|j| AntiDinkus\n|l|+Dragonillis\n|l| AntiDinkus\n","uploadtime":1700480113,"views":5,"p1id":"zapsuki","p2id":"lemmy","formatid":"gen9ou","rating":1611,"private":0,"password":""}