{"id":"gen9ou-1990207937","p1":"pure water 393","p2":"Hanchzha","format":"[Gen 9] OU","log":"|j|\u2606pure water 393\n|j|\u2606Hanchzha\n|t:|1699937525\n|gametype|singles\n|player|p1|pure water 393|scientist-gen4dp|1194\n|player|p2|Hanchzha|fisherman-gen4|1122\n|teamsize|p1|6\n|teamsize|p2|6\n|gen|9\n|tier|[Gen 9] OU\n|rated|\n|rule|Sleep Clause Mod: Limit one foe put to sleep\n|rule|Species Clause: Limit one of each Pok\u00e9mon\n|rule|OHKO Clause: OHKO moves are banned\n|rule|Evasion Items Clause: Evasion items are banned\n|rule|Evasion Moves Clause: Evasion moves are banned\n|rule|Endless Battle Clause: Forcing endless battles is banned\n|rule|HP Percentage Mod: HP is shown in percentages\n|clearpoke\n|poke|p1|Staraptor, F|\n|poke|p1|Sableye, F|\n|poke|p1|Great Tusk|\n|poke|p1|Clodsire, M|\n|poke|p1|Cloyster, M|\n|poke|p1|Heatran, M|\n|poke|p2|Clefable, M|\n|poke|p2|Alomomola, F|\n|poke|p2|Blissey, F|\n|poke|p2|Clodsire, F|\n|poke|p2|Dondozo, M|\n|poke|p2|Amoonguss, M|\n|teampreview\n|inactive|Battle timer is ON: inactive players will automatically lose when time's up. (requested by Hanchzha)\n|inactive|pure water 393 also wants the timer to be on.\n|\n|t:|1699937549\n|start\n|switch|p1a: Clodsire|Clodsire, M|100\/100\n|switch|p2a: Amoonguss|Amoonguss, M|100\/100\n|turn|1\n|\n|t:|1699937569\n|switch|p2a: Clefable|Clefable, M|100\/100\n|move|p1a: Clodsire|Spikes|p2a: Clefable\n|-sidestart|p2: Hanchzha|Spikes\n|\n|upkeep\n|turn|2\n|\n|t:|1699937576\n|switch|p1a: Heatran|Heatran, M|100\/100\n|move|p2a: Clefable|Knock Off|p1a: Heatran\n|-damage|p1a: Heatran|88\/100\n|-enditem|p1a: Heatran|Choice Specs|[from] move: Knock Off|[of] p2a: Clefable\n|\n|upkeep\n|turn|3\n|\n|t:|1699937583\n|move|p2a: Clefable|Protect|p2a: Clefable\n|-singleturn|p2a: Clefable|Protect\n|move|p1a: Heatran|Flash Cannon|p2a: Clefable\n|-activate|p2a: Clefable|move: Protect\n|\n|upkeep\n|turn|4\n|\n|t:|1699937593\n|switch|p1a: Cloyster|Cloyster, M|100\/100\n|switch|p2a: Blissey|Blissey, F|100\/100\n|\n|upkeep\n|turn|5\n|\n|t:|1699937600\n|switch|p1a: Clodsire|Clodsire, M|100\/100\n|switch|p2a: Alomomola|Alomomola, F|100\/100\n|\n|upkeep\n|turn|6\n|\n|t:|1699937611\n|switch|p2a: Clefable|Clefable, M|100\/100\n|move|p1a: Clodsire|Spikes|p2a: Clefable\n|-sidestart|p2: Hanchzha|Spikes\n|\n|upkeep\n|turn|7\n|\n|t:|1699937621\n|move|p2a: Clefable|Knock Off|p1a: Clodsire\n|-damage|p1a: Clodsire|84\/100\n|-enditem|p1a: Clodsire|Leftovers|[from] move: Knock Off|[of] p2a: Clefable\n|move|p1a: Clodsire|Earthquake|p2a: Clefable\n|-damage|p2a: Clefable|80\/100\n|\n|-heal|p2a: Clefable|86\/100|[from] item: Leftovers\n|upkeep\n|turn|8\n|\n|t:|1699937628\n|move|p2a: Clefable|Knock Off|p1a: Clodsire\n|-damage|p1a: Clodsire|72\/100\n|move|p1a: Clodsire|Toxic|p2a: Clefable\n|-status|p2a: Clefable|tox\n|\n|-heal|p2a: Clefable|92\/100 tox|[from] item: Leftovers\n|upkeep\n|turn|9\n|\n|t:|1699937639\n|move|p2a: Clefable|Wish|p2a: Clefable\n|move|p1a: Clodsire|Spikes|p2a: Clefable\n|-sidestart|p2: Hanchzha|Spikes\n|\n|-heal|p2a: Clefable|98\/100 tox|[from] item: Leftovers\n|upkeep\n|turn|10\n|\n|t:|1699937654\n|switch|p2a: Amoonguss|Amoonguss, M|100\/100\n|move|p1a: Clodsire|Recover|p1a: Clodsire\n|-heal|p1a: Clodsire|100\/100\n|\n|upkeep\n|turn|11\n|\n|t:|1699937663\n|move|p1a: Clodsire|Earthquake|p2a: Amoonguss\n|-damage|p2a: Amoonguss|82\/100\n|move|p2a: Amoonguss|Spore|p1a: Clodsire\n|-status|p1a: Clodsire|slp|[from] move: Spore\n|\n|upkeep\n|turn|12\n|\n|t:|1699937689\n|cant|p1a: Clodsire|slp\n|move|p2a: Amoonguss|Foul Play|p1a: Clodsire\n|-damage|p1a: Clodsire|81\/100 slp\n|\n|upkeep\n|turn|13\n|\n|t:|1699937696\n|cant|p1a: Clodsire|slp\n|move|p2a: Amoonguss|Giga Drain|p1a: Clodsire\n|-damage|p1a: Clodsire|69\/100 slp\n|-heal|p2a: Amoonguss|89\/100|[from] drain|[of] p1a: Clodsire\n|\n|upkeep\n|turn|14\n|\n|t:|1699937713\n|switch|p2a: Clefable|Clefable, M|98\/100 tox\n|-curestatus|p1a: Clodsire|slp|[msg]\n|move|p1a: Clodsire|Earthquake|p2a: Clefable\n|-damage|p2a: Clefable|77\/100 tox\n|\n|-heal|p2a: Clefable|83\/100 tox|[from] item: Leftovers\n|upkeep\n|turn|15\n|\n|t:|1699937722\n|move|p2a: Clefable|Knock Off|p1a: Clodsire\n|-damage|p1a: Clodsire|58\/100\n|move|p1a: Clodsire|Recover|p1a: Clodsire\n|-heal|p1a: Clodsire|100\/100\n|\n|-heal|p2a: Clefable|89\/100 tox|[from] item: Leftovers\n|upkeep\n|turn|16\n|\n|t:|1699937728\n|switch|p1a: Heatran|Heatran, M|88\/100\n|move|p2a: Clefable|Moonblast|p1a: Heatran\n|-resisted|p1a: Heatran\n|-damage|p1a: Heatran|81\/100\n|\n|-heal|p2a: Clefable|95\/100 tox|[from] item: Leftovers\n|upkeep\n|turn|17\n|\n|t:|1699937736\n|switch|p1a: Sableye|Sableye, F|100\/100\n|move|p2a: Clefable|Protect||[still]\n|-fail|p2a: Clefable\n|\n|-heal|p2a: Clefable|100\/100 tox|[from] item: Leftovers\n|upkeep\n|turn|18\n|\n|t:|1699937756\n|move|p1a: Sableye|Encore|p2a: Clefable\n|-start|p2a: Clefable|Encore\n|move|p2a: Clefable|Protect||[still]\n|-fail|p2a: Clefable\n|\n|upkeep\n|turn|19\n|\n|t:|1699937763\n|switch|p2a: Alomomola|Alomomola, F|100\/100\n|move|p1a: Sableye|Knock Off|p2a: Alomomola\n|-damage|p2a: Alomomola|85\/100\n|-enditem|p2a: Alomomola|Heavy-Duty Boots|[from] move: Knock Off|[of] p1a: Sableye\n|\n|upkeep\n|turn|20\n|\n|t:|1699937769\n|move|p1a: Sableye|Substitute|p1a: Sableye\n|-start|p1a: Sableye|Substitute\n|-damage|p1a: Sableye|76\/100\n|move|p2a: Alomomola|Flip Turn|p1a: Sableye\n|-activate|p1a: Sableye|move: Substitute|[damage]\n|\n|t:|1699937794\n|switch|p2a: Amoonguss|Amoonguss, M|100\/100|[from] Flip Turn\n|\n|-heal|p1a: Sableye|82\/100|[from] item: Leftovers\n|upkeep\n|turn|21\n|\n|t:|1699937804\n|switch|p2a: Alomomola|Alomomola, F|100\/100\n|-damage|p2a: Alomomola|76\/100|[from] Spikes\n|move|p1a: Sableye|Knock Off|p2a: Alomomola\n|-damage|p2a: Alomomola|66\/100\n|\n|-heal|p1a: Sableye|88\/100|[from] item: Leftovers\n|upkeep\n|turn|22\n|\n|t:|1699937815\n|move|p1a: Sableye|Knock Off|p2a: Alomomola\n|-damage|p2a: Alomomola|57\/100\n|move|p2a: Alomomola|Flip Turn|p1a: Sableye\n|-end|p1a: Sableye|Substitute\n|inactive|Hanchzha has 120 seconds left.\n|\n|t:|1699937841\n|switch|p2a: Clefable|Clefable, M|100\/100 tox|[from] Flip Turn\n|\n|-heal|p1a: Sableye|94\/100|[from] item: Leftovers\n|upkeep\n|turn|23\n|\n|t:|1699937852\n|switch|p1a: Heatran|Heatran, M|81\/100\n|move|p2a: Clefable|Knock Off|p1a: Heatran\n|-damage|p1a: Heatran|73\/100\n|\n|upkeep\n|turn|24\n|\n|t:|1699937862\n|switch|p1a: Great Tusk|Great Tusk|100\/100\n|switch|p2a: Blissey|Blissey, F|100\/100\n|\n|upkeep\n|turn|25\n|\n|t:|1699937867\n|switch|p2a: Amoonguss|Amoonguss, M|100\/100\n|move|p1a: Great Tusk|Stealth Rock|p2a: Amoonguss\n|-sidestart|p2: Hanchzha|move: Stealth Rock\n|\n|upkeep\n|turn|26\n|\n|t:|1699937875\n|-end|p1a: Great Tusk|Protosynthesis|[silent]\n|switch|p1a: Clodsire|Clodsire, M|100\/100\n|move|p2a: Amoonguss|Giga Drain|p1a: Clodsire\n|-damage|p1a: Clodsire|89\/100\n|\n|upkeep\n|turn|27\n|\n|t:|1699937881\n|move|p1a: Clodsire|Toxic|p2a: Amoonguss\n|-immune|p2a: Amoonguss\n|move|p2a: Amoonguss|Foul Play|p1a: Clodsire\n|-damage|p1a: Clodsire|69\/100\n|\n|upkeep\n|turn|28\n|\n|t:|1699937887\n|move|p1a: Clodsire|Recover|p1a: Clodsire\n|-heal|p1a: Clodsire|100\/100\n|move|p2a: Amoonguss|Foul Play|p1a: Clodsire\n|-damage|p1a: Clodsire|80\/100\n|\n|upkeep\n|turn|29\n|\n|t:|1699937891\n|switch|p1a: Heatran|Heatran, M|73\/100\n|move|p2a: Amoonguss|Foul Play|p1a: Heatran\n|-damage|p1a: Heatran|60\/100\n|\n|upkeep\n|turn|30\n|\n|t:|1699937900\n|switch|p1a: Staraptor|Staraptor, F|100\/100\n|switch|p2a: Blissey|Blissey, F|100\/100\n|\n|upkeep\n|turn|31\n|\n|t:|1699937905\n|switch|p2a: Alomomola|Alomomola, F|90\/100\n|-damage|p2a: Alomomola|65\/100|[from] Spikes\n|-damage|p2a: Alomomola|53\/100|[from] Stealth Rock\n|move|p1a: Staraptor|U-turn|p2a: Alomomola\n|-damage|p2a: Alomomola|39\/100\n|\n|t:|1699937919\n|switch|p1a: Clodsire|Clodsire, M|80\/100|[from] U-turn\n|\n|upkeep\n|turn|32\n|\n|t:|1699937925\n|switch|p2a: Amoonguss|Amoonguss, M|100\/100\n|move|p1a: Clodsire|Toxic|p2a: Amoonguss\n|-immune|p2a: Amoonguss\n|\n|upkeep\n|turn|33\n|\n|t:|1699937941\n|switch|p2a: Clefable|Clefable, M|100\/100 tox\n|move|p1a: Clodsire|Toxic|p2a: Clefable\n|-fail|p2a: Clefable|tox\n|\n|upkeep\n|turn|34\n|\n|t:|1699937948\n|move|p2a: Clefable|Wish|p2a: Clefable\n|move|p1a: Clodsire|Earthquake|p2a: Clefable\n|-damage|p2a: Clefable|80\/100 tox\n|\n|-heal|p2a: Clefable|86\/100 tox|[from] item: Leftovers\n|upkeep\n|turn|35\n|\n|t:|1699937962\n|move|p2a: Clefable|Knock Off|p1a: Clodsire\n|-damage|p1a: Clodsire|69\/100\n|move|p1a: Clodsire|Toxic|p2a: Clefable\n|-fail|p2a: Clefable|tox\n|\n|-heal|p2a: Clefable|100\/100 tox|[from] move: Wish|[wisher] Clefable\n|upkeep\n|turn|36\n|\n|t:|1699937973\n|switch|p2a: Amoonguss|Amoonguss, M|100\/100\n|move|p1a: Clodsire|Earthquake|p2a: Amoonguss\n|-damage|p2a: Amoonguss|82\/100\n|\n|upkeep\n|turn|37\n|\n|t:|1699937979\n|switch|p1a: Heatran|Heatran, M|60\/100\n|move|p2a: Amoonguss|Foul Play|p1a: Heatran\n|-damage|p1a: Heatran|47\/100\n|\n|upkeep\n|turn|38\n|\n|t:|1699937987\n|switch|p1a: Staraptor|Staraptor, F|100\/100\n|switch|p2a: Blissey|Blissey, F|100\/100\n|\n|upkeep\n|turn|39\n|\n|t:|1699937993\n|switch|p2a: Dondozo|Dondozo, M|100\/100\n|-terastallize|p1a: Staraptor|Flying\n|move|p1a: Staraptor|Brave Bird|p2a: Dondozo\n|-damage|p2a: Dondozo|57\/100\n|-damage|p1a: Staraptor|77\/100|[from] Recoil\n|\n|upkeep\n|turn|40\n|\n|t:|1699938012\n|switch|p1a: Sableye|Sableye, F|94\/100\n|move|p2a: Dondozo|Rest|p2a: Dondozo\n|-status|p2a: Dondozo|slp|[from] move: Rest\n|-heal|p2a: Dondozo|100\/100 slp|[silent]\n|\n|-heal|p1a: Sableye|99\/100|[from] item: Leftovers\n|upkeep\n|turn|41\n|\n|t:|1699938021\n|switch|p2a: Alomomola|Alomomola, F|72\/100\n|-damage|p2a: Alomomola|47\/100|[from] Spikes\n|-damage|p2a: Alomomola|35\/100|[from] Stealth Rock\n|move|p1a: Sableye|Knock Off|p2a: Alomomola\n|-damage|p2a: Alomomola|25\/100\n|\n|-heal|p1a: Sableye|100\/100|[from] item: Leftovers\n|upkeep\n|turn|42\n|\n|t:|1699938038\n|move|p1a: Sableye|Substitute|p1a: Sableye\n|-start|p1a: Sableye|Substitute\n|-damage|p1a: Sableye|76\/100\n|move|p2a: Alomomola|Wish|p2a: Alomomola\n|\n|-heal|p1a: Sableye|82\/100|[from] item: Leftovers\n|upkeep\n|turn|43\n|\n|t:|1699938044\n|move|p2a: Alomomola|Protect|p2a: Alomomola\n|-singleturn|p2a: Alomomola|Protect\n|move|p1a: Sableye|Knock Off|p2a: Alomomola\n|-activate|p2a: Alomomola|move: Protect\n|\n|-heal|p2a: Alomomola|75\/100|[from] move: Wish|[wisher] Alomomola\n|-heal|p1a: Sableye|88\/100|[from] item: Leftovers\n|upkeep\n|turn|44\n|inactive|Hanchzha has 120 seconds left.\n|\n|t:|1699938092\n|switch|p2a: Amoonguss|Amoonguss, M|100\/100\n|move|p1a: Sableye|Knock Off|p2a: Amoonguss\n|-damage|p2a: Amoonguss|81\/100\n|-enditem|p2a: Amoonguss|Heavy-Duty Boots|[from] move: Knock Off|[of] p1a: Sableye\n|\n|-heal|p1a: Sableye|94\/100|[from] item: Leftovers\n|upkeep\n|turn|45\n|\n|t:|1699938107\n|-terastallize|p2a: Amoonguss|Flying\n|move|p1a: Sableye|Knock Off|p2a: Amoonguss\n|-damage|p2a: Amoonguss|69\/100\n|move|p2a: Amoonguss|Foul Play|p1a: Sableye\n|-activate|p1a: Sableye|move: Substitute|[damage]\n|\n|-heal|p1a: Sableye|99\/100|[from] item: Leftovers\n|upkeep\n|turn|46\n|\n|t:|1699938115\n|switch|p2a: Alomomola|Alomomola, F|100\/100\n|-damage|p2a: Alomomola|76\/100|[from] Spikes\n|-damage|p2a: Alomomola|63\/100|[from] Stealth Rock\n|move|p1a: Sableye|Encore||[still]\n|-fail|p1a: Sableye\n|\n|-heal|p1a: Sableye|100\/100|[from] item: Leftovers\n|upkeep\n|turn|47\n|inactive|Hanchzha has 120 seconds left.\n|\n|t:|1699938124\n|switch|p2a: Amoonguss|Amoonguss, M, tera:Flying|100\/100\n|-damage|p2a: Amoonguss|76\/100|[from] Stealth Rock\n|move|p1a: Sableye|Knock Off|p2a: Amoonguss\n|-damage|p2a: Amoonguss|62\/100\n|\n|upkeep\n|turn|48\n|\n|t:|1699938133\n|switch|p2a: Alomomola|Alomomola, F|96\/100\n|-damage|p2a: Alomomola|71\/100|[from] Spikes\n|-damage|p2a: Alomomola|59\/100|[from] Stealth Rock\n|move|p1a: Sableye|Knock Off|p2a: Alomomola\n|-damage|p2a: Alomomola|49\/100\n|\n|upkeep\n|turn|49\n|\n|t:|1699938140\n|move|p1a: Sableye|Knock Off|p2a: Alomomola\n|-damage|p2a: Alomomola|39\/100\n|move|p2a: Alomomola|Wish|p2a: Alomomola\n|\n|upkeep\n|turn|50\n|\n|t:|1699938144\n|move|p2a: Alomomola|Protect|p2a: Alomomola\n|-singleturn|p2a: Alomomola|Protect\n|move|p1a: Sableye|Knock Off|p2a: Alomomola\n|-activate|p2a: Alomomola|move: Protect\n|\n|-heal|p2a: Alomomola|89\/100|[from] move: Wish|[wisher] Alomomola\n|upkeep\n|turn|51\n|\n|t:|1699938149\n|switch|p2a: Amoonguss|Amoonguss, M, tera:Flying|96\/100\n|-damage|p2a: Amoonguss|71\/100|[from] Stealth Rock\n|move|p1a: Sableye|Knock Off|p2a: Amoonguss\n|-damage|p2a: Amoonguss|57\/100\n|\n|upkeep\n|turn|52\n|\n|t:|1699938157\n|switch|p1a: Staraptor|Staraptor, F, tera:Flying|77\/100\n|switch|p2a: Alomomola|Alomomola, F|100\/100\n|-damage|p2a: Alomomola|76\/100|[from] Spikes\n|-damage|p2a: Alomomola|63\/100|[from] Stealth Rock\n|\n|upkeep\n|turn|53\n|\n|t:|1699938165\n|move|p2a: Alomomola|Protect|p2a: Alomomola\n|-singleturn|p2a: Alomomola|Protect\n|move|p1a: Staraptor|U-turn|p2a: Alomomola\n|-activate|p2a: Alomomola|move: Protect\n|\n|upkeep\n|turn|54\n|\n|t:|1699938184\n|switch|p2a: Amoonguss|Amoonguss, M, tera:Flying|90\/100\n|-damage|p2a: Amoonguss|65\/100|[from] Stealth Rock\n|move|p1a: Staraptor|U-turn|p2a: Amoonguss\n|-resisted|p2a: Amoonguss\n|-damage|p2a: Amoonguss|55\/100\n|\n|t:|1699938202\n|switch|p1a: Heatran|Heatran, M|47\/100|[from] U-turn\n|\n|upkeep\n|turn|55\n|\n|t:|1699938217\n|switch|p2a: Blissey|Blissey, F|100\/100\n|move|p1a: Heatran|Flamethrower|p2a: Blissey\n|-damage|p2a: Blissey|86\/100\n|\n|upkeep\n|turn|56\n|\n|t:|1699938225\n|switch|p1a: Great Tusk|Great Tusk|100\/100\n|move|p2a: Blissey|Stealth Rock|p1a: Great Tusk\n|-sidestart|p1: pure water 393|move: Stealth Rock\n|\n|upkeep\n|turn|57\n|\n|t:|1699938236\n|switch|p2a: Alomomola|Alomomola, F|96\/100\n|-damage|p2a: Alomomola|71\/100|[from] Spikes\n|-damage|p2a: Alomomola|59\/100|[from] Stealth Rock\n|move|p1a: Great Tusk|Rapid Spin|p2a: Alomomola\n|-damage|p2a: Alomomola|51\/100\n|-boost|p1a: Great Tusk|spe|1\n|-sideend|p1: pure water 393|Stealth Rock|[from] move: Rapid Spin|[of] p1a: Great Tusk\n|\n|upkeep\n|turn|58\n|\n|t:|1699938257\n|-end|p1a: Great Tusk|Protosynthesis|[silent]\n|switch|p1a: Clodsire|Clodsire, M|69\/100\n|move|p2a: Alomomola|Wish|p2a: Alomomola\n|\n|upkeep\n|turn|59\n|\n|t:|1699938262\n|move|p2a: Alomomola|Protect|p2a: Alomomola\n|-singleturn|p2a: Alomomola|Protect\n|move|p1a: Clodsire|Toxic|p2a: Alomomola\n|-activate|p2a: Alomomola|move: Protect\n|\n|-heal|p2a: Alomomola|100\/100|[from] move: Wish|[wisher] Alomomola\n|upkeep\n|turn|60\n|\n|t:|1699938271\n|switch|p2a: Clefable|Clefable, M|100\/100 tox\n|switch|p1a: Staraptor|Staraptor, F, tera:Flying|77\/100\n|\n|upkeep\n|turn|61\n|\n|t:|1699938279\n|switch|p1a: Heatran|Heatran, M|47\/100\n|move|p2a: Clefable|Protect||[still]\n|-fail|p2a: Clefable\n|\n|upkeep\n|turn|62\n|\n|t:|1699938284\n|switch|p2a: Blissey|Blissey, F|86\/100\n|move|p1a: Heatran|Flash Cannon|p2a: Blissey\n|-damage|p2a: Blissey|74\/100\n|\n|upkeep\n|turn|63\n|\n|t:|1699938291\n|switch|p1a: Great Tusk|Great Tusk|100\/100\n|move|p2a: Blissey|Seismic Toss|p1a: Great Tusk\n|-damage|p1a: Great Tusk|77\/100\n|\n|-heal|p1a: Great Tusk|84\/100|[from] item: Leftovers\n|upkeep\n|turn|64\n|\n|t:|1699938301\n|switch|p2a: Amoonguss|Amoonguss, M, tera:Flying|88\/100\n|-damage|p2a: Amoonguss|64\/100|[from] Stealth Rock\n|move|p1a: Great Tusk|Earthquake|p2a: Amoonguss\n|-immune|p2a: Amoonguss\n|\n|-heal|p1a: Great Tusk|90\/100|[from] item: Leftovers\n|upkeep\n|turn|65\n|\n|t:|1699938316\n|-end|p1a: Great Tusk|Protosynthesis|[silent]\n|switch|p1a: Clodsire|Clodsire, M|69\/100\n|move|p2a: Amoonguss|Giga Drain|p1a: Clodsire\n|-damage|p1a: Clodsire|57\/100\n|-heal|p2a: Amoonguss|70\/100|[from] drain|[of] p1a: Clodsire\n|\n|upkeep\n|turn|66\n|\n|t:|1699938322\n|switch|p2a: Clefable|Clefable, M|100\/100 tox\n|move|p1a: Clodsire|Recover|p1a: Clodsire\n|-heal|p1a: Clodsire|100\/100\n|\n|upkeep\n|turn|67\n|\n|t:|1699938337\n|move|p2a: Clefable|Wish|p2a: Clefable\n|move|p1a: Clodsire|Earthquake|p2a: Clefable\n|-damage|p2a: Clefable|81\/100 tox\n|\n|-heal|p2a: Clefable|87\/100 tox|[from] item: Leftovers\n|upkeep\n|turn|68\n|\n|t:|1699938344\n|switch|p1a: Sableye|Sableye, F|100\/100\n|move|p2a: Clefable|Knock Off|p1a: Sableye\n|-damage|p1a: Sableye|86\/100\n|-enditem|p1a: Sableye|Leftovers|[from] move: Knock Off|[of] p2a: Clefable\n|\n|-heal|p2a: Clefable|100\/100 tox|[from] move: Wish|[wisher] Clefable\n|upkeep\n|turn|69\n|\n|t:|1699938354\n|switch|p2a: Amoonguss|Amoonguss, M, tera:Flying|100\/100\n|-damage|p2a: Amoonguss|76\/100|[from] Stealth Rock\n|move|p1a: Sableye|Knock Off|p2a: Amoonguss\n|-damage|p2a: Amoonguss|63\/100\n|\n|upkeep\n|turn|70\n|\n|t:|1699938366\n|switch|p1a: Clodsire|Clodsire, M|100\/100\n|move|p2a: Amoonguss|Spore|p1a: Clodsire\n|-status|p1a: Clodsire|slp|[from] move: Spore\n|\n|upkeep\n|turn|71\n|\n|t:|1699938373\n|switch|p2a: Clodsire|Clodsire, F|100\/100\n|cant|p1a: Clodsire|slp\n|\n|upkeep\n|turn|72\n|\n|t:|1699938382\n|switch|p1a: Great Tusk|Great Tusk|90\/100\n|move|p2a: Clodsire|Poison Jab|p1a: Great Tusk\n|-resisted|p1a: Great Tusk\n|-damage|p1a: Great Tusk|85\/100\n|\n|-heal|p1a: Great Tusk|91\/100|[from] item: Leftovers\n|upkeep\n|turn|73\n|\n|t:|1699938392\n|-end|p1a: Great Tusk|Protosynthesis|[silent]\n|switch|p1a: Staraptor|Staraptor, F, tera:Flying|77\/100\n|switch|p2a: Amoonguss|Amoonguss, M, tera:Flying|96\/100\n|-damage|p2a: Amoonguss|71\/100|[from] Stealth Rock\n|\n|upkeep\n|turn|74\n|\n|t:|1699938401\n|move|p1a: Staraptor|Brave Bird|p2a: Amoonguss\n|-damage|p2a: Amoonguss|0 fnt\n|faint|p2a: Amoonguss\n|-damage|p1a: Staraptor|45\/100|[from] Recoil\n|\n|upkeep\n|-message|Hanchzha forfeited.\n|\n|win|pure water 393\n|raw|pure water 393's rating: 1194 &rarr; <strong>1214<\/strong><br \/>(+20 for winning)\n|raw|Hanchzha's rating: 1122 &rarr; <strong>1102<\/strong><br \/>(-20 for losing)\n|l|\u2606Hanchzha\n","uploadtime":1699938415,"views":9,"p1id":"purewater393","p2id":"hanchzha","formatid":"gen9ou","rating":1102,"private":0,"password":""}