{"id":"gen9ou-1989087665","p1":"lucascarneiro","p2":"NewGodOfThisWorld","format":"[Gen 9] OU","log":"|j|\u2606lucascarneiro\n|j|\u2606NewGodOfThisWorld\n|t:|1699810797\n|gametype|singles\n|player|p1|lucascarneiro|1|1320\n|player|p2|NewGodOfThisWorld|ghetsis|1243\n|teamsize|p1|6\n|teamsize|p2|6\n|gen|9\n|tier|[Gen 9] OU\n|rated|\n|rule|Sleep Clause Mod: Limit one foe put to sleep\n|rule|Species Clause: Limit one of each Pok\u00e9mon\n|rule|OHKO Clause: OHKO moves are banned\n|rule|Evasion Items Clause: Evasion items are banned\n|rule|Evasion Moves Clause: Evasion moves are banned\n|rule|Endless Battle Clause: Forcing endless battles is banned\n|rule|HP Percentage Mod: HP is shown in percentages\n|clearpoke\n|poke|p1|Zapdos|\n|poke|p1|Pelipper, F|\n|poke|p1|Landorus-Therian, M|\n|poke|p1|Overqwil, F|\n|poke|p1|Goodra, F|\n|poke|p1|Corviknight, F|\n|poke|p2|Pachirisu, M|\n|poke|p2|Sandslash-Alola, F|\n|poke|p2|Trevenant, F|\n|poke|p2|Empoleon, M|\n|poke|p2|Talonflame, F|\n|poke|p2|Froslass, F|\n|teampreview\n|\n|t:|1699810801\n|start\n|switch|p1a: Pelipper|Pelipper, F|100\/100\n|switch|p2a: Froslass|Froslass, F|100\/100\n|-weather|RainDance|[from] ability: Drizzle|[of] p1a: Pelipper\n|turn|1\n|inactive|Battle timer is ON: inactive players will automatically lose when time's up. (requested by lucascarneiro)\n|\n|t:|1699810808\n|move|p2a: Froslass|Snowscape|p2a: Froslass\n|-weather|Snow\n|move|p1a: Pelipper|U-turn|p2a: Froslass\n|-resisted|p2a: Froslass\n|-damage|p2a: Froslass|96\/100\n|-start|p1a: Pelipper|Disable|U-turn|[from] ability: Cursed Body|[of] p2a: Froslass\n|\n|t:|1699810813\n|switch|p1a: Corviknight|Corviknight, F|100\/100|[from] U-turn\n|\n|-weather|Snow|[upkeep]\n|upkeep\n|turn|2\n|\n|t:|1699810823\n|move|p2a: Froslass|Aurora Veil|p2a: Froslass\n|-sidestart|p2: NewGodOfThisWorld|move: Aurora Veil\n|move|p1a: Corviknight|U-turn|p2a: Froslass\n|-resisted|p2a: Froslass\n|-damage|p2a: Froslass|92\/100\n|\n|t:|1699810827\n|switch|p1a: Pelipper|Pelipper, F|100\/100|[from] U-turn\n|-weather|RainDance|[from] ability: Drizzle|[of] p1a: Pelipper\n|\n|-weather|RainDance|[upkeep]\n|upkeep\n|turn|3\n|\n|t:|1699810833\n|switch|p2a: Pachirisu|Pachirisu, M|100\/100\n|move|p1a: Pelipper|U-turn|p2a: Pachirisu\n|-damage|p2a: Pachirisu|94\/100\n|-enditem|p2a: Pachirisu|Eject Button\n|\n|t:|1699810841\n|switch|p2a: Froslass|Froslass, F|92\/100\n|\n|-weather|RainDance|[upkeep]\n|upkeep\n|turn|4\n|\n|t:|1699810851\n|move|p2a: Froslass|Snowscape|p2a: Froslass\n|-weather|Snow\n|move|p1a: Pelipper|U-turn|p2a: Froslass\n|-resisted|p2a: Froslass\n|-damage|p2a: Froslass|90\/100\n|\n|t:|1699810855\n|switch|p1a: Corviknight|Corviknight, F|100\/100|[from] U-turn\n|\n|-weather|Snow|[upkeep]\n|upkeep\n|turn|5\n|\n|t:|1699810862\n|move|p2a: Froslass|Snowscape||[still]\n|-fail|p2a: Froslass\n|move|p1a: Corviknight|Defog|p2a: Froslass\n|-unboost|p2a: Froslass|evasion|1\n|-sideend|p2: NewGodOfThisWorld|move: Aurora Veil\n|\n|-weather|Snow|[upkeep]\n|upkeep\n|turn|6\n|\n|t:|1699810869\n|switch|p2a: Talonflame|Talonflame, F|100\/100\n|move|p1a: Corviknight|Brave Bird|p2a: Talonflame\n|-damage|p2a: Talonflame|48\/100\n|-damage|p1a: Corviknight|87\/100|[from] Recoil\n|\n|-weather|Snow|[upkeep]\n|-heal|p1a: Corviknight|94\/100|[from] item: Leftovers\n|upkeep\n|turn|7\n|\n|t:|1699810883\n|switch|p1a: Pelipper|Pelipper, F|100\/100\n|-weather|RainDance|[from] ability: Drizzle|[of] p1a: Pelipper\n|move|p2a: Talonflame|Tailwind|p2a: Talonflame\n|-sidestart|p2: NewGodOfThisWorld|move: Tailwind\n|\n|-weather|RainDance|[upkeep]\n|upkeep\n|turn|8\n|\n|t:|1699810894\n|move|p2a: Talonflame|Brave Bird|p1a: Pelipper\n|-damage|p1a: Pelipper|69\/100\n|-damage|p2a: Talonflame|36\/100|[from] Recoil\n|move|p1a: Pelipper|Surf|p2a: Talonflame\n|-supereffective|p2a: Talonflame\n|-damage|p2a: Talonflame|0 fnt\n|faint|p2a: Talonflame\n|\n|-weather|RainDance|[upkeep]\n|upkeep\n|\n|t:|1699810909\n|switch|p2a: Empoleon|Empoleon, M|100\/100\n|turn|9\n|\n|t:|1699810917\n|switch|p1a: Corviknight|Corviknight, F|94\/100\n|move|p2a: Empoleon|Hydro Pump|p1a: Corviknight\n|-damage|p1a: Corviknight|3\/100\n|\n|-weather|RainDance|[upkeep]\n|-heal|p1a: Corviknight|9\/100|[from] item: Leftovers\n|upkeep\n|turn|10\n|\n|t:|1699810935\n|switch|p1a: Goodra|Goodra, F|100\/100\n|move|p2a: Empoleon|Hydro Pump|p1a: Goodra\n|-resisted|p1a: Goodra\n|-damage|p1a: Goodra|60\/100\n|\n|-weather|RainDance|[upkeep]\n|-heal|p1a: Goodra|67\/100|[from] item: Leftovers\n|-sideend|p2: NewGodOfThisWorld|move: Tailwind\n|upkeep\n|turn|11\n|\n|t:|1699810945\n|move|p1a: Goodra|Curse|p1a: Goodra\n|-unboost|p1a: Goodra|spe|1\n|-boost|p1a: Goodra|atk|1\n|-boost|p1a: Goodra|def|1\n|move|p2a: Empoleon|Hydro Pump|p1a: Goodra|[miss]\n|-miss|p2a: Empoleon|p1a: Goodra\n|\n|-weather|RainDance|[upkeep]\n|-heal|p1a: Goodra|73\/100|[from] item: Leftovers\n|upkeep\n|turn|12\n|\n|t:|1699810953\n|move|p2a: Empoleon|Hydro Pump|p1a: Goodra\n|-resisted|p1a: Goodra\n|-damage|p1a: Goodra|30\/100\n|move|p1a: Goodra|Curse|p1a: Goodra\n|-unboost|p1a: Goodra|spe|1\n|-boost|p1a: Goodra|atk|1\n|-boost|p1a: Goodra|def|1\n|\n|-weather|RainDance|[upkeep]\n|-heal|p1a: Goodra|36\/100|[from] item: Leftovers\n|upkeep\n|turn|13\n|\n|t:|1699810962\n|move|p2a: Empoleon|Hydro Pump|p1a: Goodra\n|-resisted|p1a: Goodra\n|-damage|p1a: Goodra|0 fnt\n|faint|p1a: Goodra\n|\n|-weather|RainDance|[upkeep]\n|upkeep\n|\n|t:|1699810968\n|switch|p1a: Zapdos|Zapdos|100\/100\n|turn|14\n|\n|t:|1699810973\n|switch|p2a: Pachirisu|Pachirisu, M|94\/100\n|move|p1a: Zapdos|Thunder|p2a: Pachirisu\n|-heal|p2a: Pachirisu|100\/100|[from] ability: Volt Absorb|[of] p1a: Zapdos\n|\n|-weather|none\n|upkeep\n|turn|15\n|\n|t:|1699810980\n|switch|p1a: Corviknight|Corviknight, F|9\/100\n|move|p2a: Pachirisu|Encore||[still]\n|-fail|p2a: Pachirisu\n|\n|-heal|p1a: Corviknight|15\/100|[from] item: Leftovers\n|upkeep\n|turn|16\n|\n|t:|1699810987\n|switch|p1a: Landorus|Landorus-Therian, M|100\/100\n|-ability|p1a: Landorus|Intimidate|boost\n|-unboost|p2a: Pachirisu|atk|1\n|move|p2a: Pachirisu|Volt Switch|p1a: Landorus\n|-immune|p1a: Landorus\n|\n|upkeep\n|turn|17\n|\n|t:|1699810995\n|move|p2a: Pachirisu|Light Screen|p2a: Pachirisu\n|-sidestart|p2: NewGodOfThisWorld|move: Light Screen\n|move|p1a: Landorus|Stealth Rock|p2a: Pachirisu\n|-sidestart|p2: NewGodOfThisWorld|move: Stealth Rock\n|\n|upkeep\n|turn|18\n|\n|t:|1699810999\n|move|p2a: Pachirisu|Encore|p1a: Landorus\n|-start|p1a: Landorus|Encore\n|move|p1a: Landorus|Stealth Rock||[still]\n|-fail|p1a: Landorus\n|\n|upkeep\n|turn|19\n|\n|t:|1699811007\n|switch|p1a: Corviknight|Corviknight, F|15\/100\n|move|p2a: Pachirisu|Nuzzle|p1a: Corviknight\n|-supereffective|p1a: Corviknight\n|-damage|p1a: Corviknight|11\/100\n|-status|p1a: Corviknight|par\n|\n|-heal|p1a: Corviknight|17\/100 par|[from] item: Leftovers\n|upkeep\n|turn|20\n|\n|t:|1699811018\n|switch|p2a: Froslass|Froslass, F|90\/100\n|-damage|p2a: Froslass|65\/100|[from] Stealth Rock\n|cant|p1a: Corviknight|par\n|\n|-heal|p1a: Corviknight|23\/100 par|[from] item: Leftovers\n|upkeep\n|turn|21\n|\n|t:|1699811026\n|move|p2a: Froslass|Snowscape|p2a: Froslass\n|-weather|Snow\n|move|p1a: Corviknight|Roost|p1a: Corviknight\n|-heal|p1a: Corviknight|73\/100 par\n|-singleturn|p1a: Corviknight|move: Roost\n|\n|-weather|Snow|[upkeep]\n|-heal|p1a: Corviknight|80\/100 par|[from] item: Leftovers\n|-sideend|p2: NewGodOfThisWorld|move: Light Screen\n|upkeep\n|turn|22\n|\n|t:|1699811036\n|switch|p2a: Sandslash|Sandslash-Alola, F|100\/100\n|-damage|p2a: Sandslash|88\/100|[from] Stealth Rock\n|switch|p1a: Pelipper|Pelipper, F|69\/100\n|-weather|RainDance|[from] ability: Drizzle|[of] p1a: Pelipper\n|\n|-weather|RainDance|[upkeep]\n|upkeep\n|turn|23\n|\n|t:|1699811045\n|move|p2a: Sandslash|Swords Dance|p2a: Sandslash\n|-boost|p2a: Sandslash|atk|2\n|move|p1a: Pelipper|U-turn|p2a: Sandslash\n|-resisted|p2a: Sandslash\n|-damage|p2a: Sandslash|84\/100\n|\n|t:|1699811050\n|switch|p1a: Overqwil|Overqwil, F|100\/100|[from] U-turn\n|\n|-weather|RainDance|[upkeep]\n|upkeep\n|turn|24\n|\n|t:|1699811055\n|move|p1a: Overqwil|Swords Dance|p1a: Overqwil\n|-boost|p1a: Overqwil|atk|2\n|move|p2a: Sandslash|Ice Spinner|p1a: Overqwil\n|-enditem|p1a: Overqwil|Focus Sash\n|-damage|p1a: Overqwil|1\/100\n|-damage|p2a: Sandslash|75\/100|[from] item: Life Orb\n|\n|-weather|RainDance|[upkeep]\n|upkeep\n|turn|25\n|\n|t:|1699811064\n|move|p2a: Sandslash|Ice Shard|p1a: Overqwil\n|-damage|p1a: Overqwil|0 fnt\n|faint|p1a: Overqwil\n|-damage|p2a: Sandslash|65\/100|[from] item: Life Orb\n|\n|-weather|RainDance|[upkeep]\n|upkeep\n|\n|t:|1699811071\n|switch|p1a: Zapdos|Zapdos|100\/100\n|turn|26\n|\n|t:|1699811076\n|move|p1a: Zapdos|Thunder|p2a: Sandslash\n|-damage|p2a: Sandslash|0 fnt\n|faint|p2a: Sandslash\n|-damage|p1a: Zapdos|91\/100|[from] item: Life Orb\n|\n|-weather|RainDance|[upkeep]\n|upkeep\n|\n|t:|1699811081\n|switch|p2a: Trevenant|Trevenant, F|100\/100\n|-damage|p2a: Trevenant|88\/100|[from] Stealth Rock\n|turn|27\n|\n|t:|1699811088\n|-terastallize|p2a: Trevenant|Dark\n|move|p1a: Zapdos|Hurricane|p2a: Trevenant\n|-damage|p2a: Trevenant|32\/100\n|-enditem|p2a: Trevenant|Sitrus Berry|[eat]\n|-heal|p2a: Trevenant|57\/100|[from] item: Sitrus Berry\n|-damage|p1a: Zapdos|81\/100|[from] item: Life Orb\n|move|p2a: Trevenant|Leech Seed|p1a: Zapdos\n|-start|p1a: Zapdos|move: Leech Seed\n|\n|-weather|RainDance|[upkeep]\n|-damage|p1a: Zapdos|68\/100|[from] Leech Seed|[of] p2a: Trevenant\n|-heal|p2a: Trevenant|68\/100|[silent]\n|upkeep\n|turn|28\n|\n|t:|1699811099\n|move|p1a: Zapdos|Roost|p1a: Zapdos\n|-heal|p1a: Zapdos|100\/100\n|-singleturn|p1a: Zapdos|move: Roost\n|move|p2a: Trevenant|Substitute|p2a: Trevenant\n|-start|p2a: Trevenant|Substitute\n|-damage|p2a: Trevenant|43\/100\n|\n|-weather|RainDance|[upkeep]\n|-damage|p1a: Zapdos|88\/100|[from] Leech Seed|[of] p2a: Trevenant\n|-heal|p2a: Trevenant|54\/100|[silent]\n|upkeep\n|turn|29\n|\n|t:|1699811109\n|switch|p1a: Landorus|Landorus-Therian, M|100\/100\n|-ability|p1a: Landorus|Intimidate|boost\n|-immune|p2a: Trevenant\n|move|p2a: Trevenant|Knock Off|p1a: Landorus\n|-crit|p1a: Landorus\n|-damage|p1a: Landorus|65\/100\n|-damage|p2a: Trevenant|37\/100|[from] item: Rocky Helmet|[of] p1a: Landorus\n|-enditem|p1a: Landorus|Rocky Helmet|[from] move: Knock Off|[of] p2a: Trevenant\n|\n|-weather|none\n|-item|p2a: Trevenant|Sitrus Berry|[from] ability: Harvest\n|upkeep\n|-enditem|p2a: Trevenant|Sitrus Berry|[eat]\n|-heal|p2a: Trevenant|62\/100|[from] item: Sitrus Berry\n|turn|30\n|\n|t:|1699811122\n|move|p1a: Landorus|U-turn|p2a: Trevenant\n|-supereffective|p2a: Trevenant\n|-end|p2a: Trevenant|Substitute\n|\n|t:|1699811127\n|switch|p1a: Pelipper|Pelipper, F|69\/100|[from] U-turn\n|-weather|RainDance|[from] ability: Drizzle|[of] p1a: Pelipper\n|move|p2a: Trevenant|Leech Seed|p1a: Pelipper\n|-start|p1a: Pelipper|move: Leech Seed\n|\n|-weather|RainDance|[upkeep]\n|-damage|p1a: Pelipper|56\/100|[from] Leech Seed|[of] p2a: Trevenant\n|-heal|p2a: Trevenant|73\/100|[silent]\n|-item|p2a: Trevenant|Sitrus Berry|[from] ability: Harvest\n|upkeep\n|turn|31\n|\n|t:|1699811136\n|move|p2a: Trevenant|Substitute|p2a: Trevenant\n|-start|p2a: Trevenant|Substitute\n|-damage|p2a: Trevenant|48\/100\n|-enditem|p2a: Trevenant|Sitrus Berry|[eat]\n|-heal|p2a: Trevenant|73\/100|[from] item: Sitrus Berry\n|move|p1a: Pelipper|U-turn|p2a: Trevenant\n|-supereffective|p2a: Trevenant\n|-activate|p2a: Trevenant|move: Substitute|[damage]\n|\n|t:|1699811145\n|switch|p1a: Landorus|Landorus-Therian, M|65\/100|[from] U-turn\n|-ability|p1a: Landorus|Intimidate|boost\n|-immune|p2a: Trevenant\n|\n|-weather|RainDance|[upkeep]\n|-item|p2a: Trevenant|Sitrus Berry|[from] ability: Harvest\n|upkeep\n|turn|32\n|\n|t:|1699811152\n|move|p1a: Landorus|U-turn|p2a: Trevenant\n|-supereffective|p2a: Trevenant\n|-end|p2a: Trevenant|Substitute\n|\n|t:|1699811155\n|switch|p1a: Zapdos|Zapdos|88\/100|[from] U-turn\n|move|p2a: Trevenant|Leech Seed|p1a: Zapdos\n|-start|p1a: Zapdos|move: Leech Seed\n|\n|-weather|RainDance|[upkeep]\n|-damage|p1a: Zapdos|76\/100|[from] Leech Seed|[of] p2a: Trevenant\n|-heal|p2a: Trevenant|84\/100|[silent]\n|upkeep\n|turn|33\n|\n|t:|1699811163\n|move|p1a: Zapdos|Thunder|p2a: Trevenant\n|-damage|p2a: Trevenant|26\/100\n|-status|p2a: Trevenant|par\n|-enditem|p2a: Trevenant|Sitrus Berry|[eat]\n|-heal|p2a: Trevenant|51\/100 par|[from] item: Sitrus Berry\n|-damage|p1a: Zapdos|66\/100|[from] item: Life Orb\n|move|p2a: Trevenant|Knock Off|p1a: Zapdos\n|-damage|p1a: Zapdos|21\/100\n|-enditem|p1a: Zapdos|Life Orb|[from] move: Knock Off|[of] p2a: Trevenant\n|\n|-weather|RainDance|[upkeep]\n|-damage|p1a: Zapdos|8\/100|[from] Leech Seed|[of] p2a: Trevenant\n|-heal|p2a: Trevenant|62\/100 par|[silent]\n|upkeep\n|turn|34\n|\n|t:|1699811176\n|move|p1a: Zapdos|Roost|p1a: Zapdos\n|-heal|p1a: Zapdos|58\/100\n|-singleturn|p1a: Zapdos|move: Roost\n|move|p2a: Trevenant|Substitute|p2a: Trevenant\n|-start|p2a: Trevenant|Substitute\n|-damage|p2a: Trevenant|37\/100 par\n|\n|-weather|RainDance|[upkeep]\n|-damage|p1a: Zapdos|46\/100|[from] Leech Seed|[of] p2a: Trevenant\n|-heal|p2a: Trevenant|47\/100 par|[silent]\n|upkeep\n|turn|35\n|\n|t:|1699811190\n|move|p1a: Zapdos|Roost|p1a: Zapdos\n|-heal|p1a: Zapdos|96\/100\n|-singleturn|p1a: Zapdos|move: Roost\n|move|p2a: Trevenant|Knock Off|p1a: Zapdos\n|-damage|p1a: Zapdos|64\/100\n|\n|-weather|RainDance|[upkeep]\n|-damage|p1a: Zapdos|52\/100|[from] Leech Seed|[of] p2a: Trevenant\n|-heal|p2a: Trevenant|58\/100 par|[silent]\n|upkeep\n|turn|36\n|-message|lucascarneiro forfeited.\n|\n|win|NewGodOfThisWorld\n|raw|lucascarneiro's rating: 1320 &rarr; <strong>1296<\/strong><br \/>(-24 for losing)\n|raw|NewGodOfThisWorld's rating: 1243 &rarr; <strong>1273<\/strong><br \/>(+30 for winning)\n|l|\u2606lucascarneiro\n","uploadtime":1699811202,"views":25,"p1id":"lucascarneiro","p2id":"newgodofthisworld","formatid":"gen9ou","rating":1273,"private":0,"password":""}