{"id":"gen9ou-1999716431","p1":"UdAngel","p2":"Large Goat Man","format":"[Gen 9] OU","log":"|j|\u2606UdAngel\n|j|\u2606Large Goat Man\n|t:|1701110407\n|gametype|singles\n|player|p1|UdAngel|2|1472\n|player|p2|Large Goat Man|101|1550\n|teamsize|p1|6\n|teamsize|p2|6\n|gen|9\n|tier|[Gen 9] OU\n|rated|\n|rule|Sleep Clause Mod: Limit one foe put to sleep\n|rule|Species Clause: Limit one of each Pok\u00e9mon\n|rule|OHKO Clause: OHKO moves are banned\n|rule|Evasion Items Clause: Evasion items are banned\n|rule|Evasion Moves Clause: Evasion moves are banned\n|rule|Endless Battle Clause: Forcing endless battles is banned\n|rule|HP Percentage Mod: HP is shown in percentages\n|clearpoke\n|poke|p1|Ceruledge, F|\n|poke|p1|Rillaboom, M|\n|poke|p1|Ogerpon-Wellspring, F|\n|poke|p1|Enamorus, F|\n|poke|p1|Ninetales-Alola, M|\n|poke|p1|Great Tusk|\n|poke|p2|Dragonite, M|\n|poke|p2|Enamorus, F|\n|poke|p2|Kingambit, F|\n|poke|p2|Basculegion-F, F|\n|poke|p2|Great Tusk|\n|poke|p2|Iron Moth|\n|teampreview\n|\n|t:|1701110426\n|start\n|switch|p1a: Ninetales|Ninetales-Alola, M|100\/100\n|switch|p2a: SPICY HOT HOT HOT|Iron Moth|100\/100\n|-weather|Snow|[from] ability: Snow Warning|[of] p1a: Ninetales\n|-enditem|p2a: SPICY HOT HOT HOT|Booster Energy\n|-activate|p2a: SPICY HOT HOT HOT|ability: Quark Drive|[fromitem]\n|-start|p2a: SPICY HOT HOT HOT|quarkdrivespa\n|turn|1\n|\n|t:|1701110439\n|move|p2a: SPICY HOT HOT HOT|Fiery Dance|p1a: Ninetales\n|-supereffective|p1a: Ninetales\n|-damage|p1a: Ninetales|0 fnt\n|faint|p1a: Ninetales\n|\n|-weather|Snow|[upkeep]\n|upkeep\n|\n|t:|1701110456\n|switch|p1a: Great Tusk|Great Tusk|100\/100\n|turn|2\n|\n|t:|1701110461\n|-terastallize|p2a: SPICY HOT HOT HOT|Flying\n|move|p2a: SPICY HOT HOT HOT|Hurricane|p1a: Great Tusk\n|-supereffective|p1a: Great Tusk\n|-damage|p1a: Great Tusk|0 fnt\n|faint|p1a: Great Tusk\n|-end|p1a: Great Tusk|Protosynthesis|[silent]\n|\n|-weather|Snow|[upkeep]\n|upkeep\n|\n|t:|1701110478\n|switch|p1a: Ogerpon|Ogerpon-Wellspring, F|100\/100\n|turn|3\n|\n|t:|1701110483\n|-terastallize|p1a: Ogerpon|Water\n|detailschange|p1a: Ogerpon|Ogerpon-Wellspring-Tera, F, tera:Water\n|-ability|p1a: Ogerpon|Embody Aspect (Wellspring)|boost\n|-boost|p1a: Ogerpon|spd|1\n|move|p1a: Ogerpon|Ivy Cudgel|p2a: SPICY HOT HOT HOT|[anim] Ivy Cudgel Water\n|-damage|p2a: SPICY HOT HOT HOT|0 fnt\n|faint|p2a: SPICY HOT HOT HOT\n|-end|p2a: SPICY HOT HOT HOT|Quark Drive|[silent]\n|\n|-weather|Snow|[upkeep]\n|upkeep\n|\n|t:|1701110492\n|switch|p2a: Zero skill garbage|Kingambit, F|100\/100\n|-activate|p2a: Zero skill garbage|ability: Supreme Overlord\n|-start|p2a: Zero skill garbage|fallen1|[silent]\n|turn|4\n|\n|t:|1701110499\n|switch|p1a: Enamorus|Enamorus, F|100\/100\n|move|p2a: Zero skill garbage|Stealth Rock|p1a: Enamorus\n|-sidestart|p1: UdAngel|move: Stealth Rock\n|\n|-weather|Snow|[upkeep]\n|upkeep\n|turn|5\n|\n|t:|1701110509\n|-end|p2a: Zero skill garbage|fallen1|[silent]\n|switch|p2a: TrashDondozoPlayer|Basculegion-F, F|100\/100\n|move|p1a: Enamorus|Moonblast|p2a: TrashDondozoPlayer\n|-damage|p2a: TrashDondozoPlayer|15\/100\n|-unboost|p2a: TrashDondozoPlayer|spa|1\n|\n|-weather|none\n|upkeep\n|turn|6\n|\n|t:|1701110518\n|move|p1a: Enamorus|Moonblast|p2a: TrashDondozoPlayer\n|-damage|p2a: TrashDondozoPlayer|0 fnt\n|faint|p2a: TrashDondozoPlayer\n|\n|upkeep\n|\n|t:|1701110523\n|switch|p2a: MOONBLASTER|Enamorus, F|100\/100\n|turn|7\n|\n|t:|1701110530\n|move|p1a: Enamorus|Moonblast|p2a: MOONBLASTER\n|-damage|p2a: MOONBLASTER|0 fnt\n|faint|p2a: MOONBLASTER\n|\n|upkeep\n|\n|t:|1701110533\n|switch|p2a: Zero skill garbage|Kingambit, F|100\/100\n|-activate|p2a: Zero skill garbage|ability: Supreme Overlord\n|-start|p2a: Zero skill garbage|fallen3|[silent]\n|turn|8\n|\n|t:|1701110546\n|move|p2a: Zero skill garbage|Sucker Punch|p1a: Enamorus\n|-resisted|p1a: Enamorus\n|-damage|p1a: Enamorus|59\/100\n|move|p1a: Enamorus|Moonblast|p2a: Zero skill garbage\n|-damage|p2a: Zero skill garbage|24\/100\n|\n|upkeep\n|turn|9\n|\n|t:|1701110554\n|move|p1a: Enamorus|Moonblast|p2a: Zero skill garbage\n|-damage|p2a: Zero skill garbage|0 fnt\n|faint|p2a: Zero skill garbage\n|-end|p2a: Zero skill garbage|fallen3|[silent]\n|\n|upkeep\n|\n|t:|1701110556\n|switch|p2a: Ultra Speed|Dragonite, M|100\/100\n|turn|10\n|\n|t:|1701110578\n|move|p1a: Enamorus|Moonblast|p2a: Ultra Speed\n|-supereffective|p2a: Ultra Speed\n|-damage|p2a: Ultra Speed|20\/100\n|move|p2a: Ultra Speed|Dragon Dance|p2a: Ultra Speed\n|-boost|p2a: Ultra Speed|atk|1\n|-boost|p2a: Ultra Speed|spe|1\n|\n|upkeep\n|turn|11\n|\n|t:|1701110586\n|move|p2a: Ultra Speed|Extreme Speed|p1a: Enamorus\n|-damage|p1a: Enamorus|0 fnt\n|faint|p1a: Enamorus\n|\n|upkeep\n|\n|t:|1701110593\n|switch|p1a: Rillaboom|Rillaboom, M|100\/100\n|-damage|p1a: Rillaboom|88\/100|[from] Stealth Rock\n|-fieldstart|move: Grassy Terrain|[from] ability: Grassy Surge|[of] p1a: Rillaboom\n|turn|12\n|\n|t:|1701110599\n|move|p2a: Ultra Speed|Extreme Speed|p1a: Rillaboom\n|-damage|p1a: Rillaboom|35\/100\n|move|p1a: Rillaboom|Grassy Glide|p2a: Ultra Speed\n|-resisted|p2a: Ultra Speed\n|-damage|p2a: Ultra Speed|5\/100\n|\n|-heal|p1a: Rillaboom|41\/100|[from] Grassy Terrain\n|upkeep\n|turn|13\n|\n|t:|1701110608\n|move|p2a: Ultra Speed|Extreme Speed|p1a: Rillaboom\n|-damage|p1a: Rillaboom|0 fnt\n|faint|p1a: Rillaboom\n|\n|upkeep\n|\n|t:|1701110614\n|switch|p1a: Ceruledge|Ceruledge, F|100\/100\n|-damage|p1a: Ceruledge|76\/100|[from] Stealth Rock\n|turn|14\n|\n|t:|1701110620\n|switch|p2a: CHIG BUNGUS|Great Tusk|100\/100\n|move|p1a: Ceruledge|Shadow Sneak|p2a: CHIG BUNGUS\n|-damage|p2a: CHIG BUNGUS|87\/100\n|-damage|p1a: Ceruledge|59\/100|[from] item: Rocky Helmet|[of] p2a: CHIG BUNGUS\n|\n|-heal|p2a: CHIG BUNGUS|93\/100|[from] Grassy Terrain\n|-heal|p1a: Ceruledge|65\/100|[from] Grassy Terrain\n|upkeep\n|turn|15\n|\n|t:|1701110631\n|switch|p1a: Ogerpon|Ogerpon-Wellspring-Tera, F, tera:Water|100\/100\n|-damage|p1a: Ogerpon|88\/100|[from] Stealth Rock\n|-ability|p1a: Ogerpon|Embody Aspect (Wellspring)|boost\n|-boost|p1a: Ogerpon|spd|1\n|move|p2a: CHIG BUNGUS|Rapid Spin|p1a: Ogerpon\n|-damage|p1a: Ogerpon|65\/100\n|-boost|p2a: CHIG BUNGUS|spe|1\n|\n|-heal|p2a: CHIG BUNGUS|99\/100|[from] Grassy Terrain\n|-heal|p1a: Ogerpon|71\/100|[from] Grassy Terrain\n|upkeep\n|turn|16\n|\n|t:|1701110645\n|move|p2a: CHIG BUNGUS|Brick Break|p1a: Ogerpon\n|-damage|p1a: Ogerpon|18\/100\n|move|p1a: Ogerpon|Horn Leech|p2a: CHIG BUNGUS\n|-supereffective|p2a: CHIG BUNGUS\n|-damage|p2a: CHIG BUNGUS|12\/100\n|-heal|p1a: Ogerpon|72\/100|[from] drain|[of] p2a: CHIG BUNGUS\n|-damage|p1a: Ogerpon|55\/100|[from] item: Rocky Helmet|[of] p2a: CHIG BUNGUS\n|\n|-heal|p2a: CHIG BUNGUS|18\/100|[from] Grassy Terrain\n|-heal|p1a: Ogerpon|61\/100|[from] Grassy Terrain\n|-fieldend|move: Grassy Terrain\n|upkeep\n|turn|17\n|\n|t:|1701110658\n|move|p2a: CHIG BUNGUS|Earthquake|p1a: Ogerpon\n|-damage|p1a: Ogerpon|0 fnt\n|faint|p1a: Ogerpon\n|\n|upkeep\n|\n|t:|1701110663\n|switch|p1a: Ceruledge|Ceruledge, F|65\/100\n|-damage|p1a: Ceruledge|41\/100|[from] Stealth Rock\n|turn|18\n|\n|t:|1701110667\n|move|p1a: Ceruledge|Shadow Sneak|p2a: CHIG BUNGUS\n|-damage|p2a: CHIG BUNGUS|2\/100\n|-damage|p1a: Ceruledge|24\/100|[from] item: Rocky Helmet|[of] p2a: CHIG BUNGUS\n|move|p2a: CHIG BUNGUS|Earthquake|p1a: Ceruledge\n|-supereffective|p1a: Ceruledge\n|-damage|p1a: Ceruledge|0 fnt\n|faint|p1a: Ceruledge\n|\n|win|Large Goat Man\n|raw|UdAngel's rating: 1472 &rarr; <strong>1456<\/strong><br \/>(-16 for losing)\n|raw|Large Goat Man's rating: 1550 &rarr; <strong>1566<\/strong><br \/>(+16 for winning)\n|l|\u2606UdAngel\n","uploadtime":1701110672,"views":6,"p1id":"udangel","p2id":"largegoatman","formatid":"gen9ou","rating":1456,"private":0,"password":""}