{"id":"gen9ou-1992109245","p1":"Zovafire","p2":"Nugget O Silver","format":"[Gen 9] OU","log":"|j|\u2606Zovafire\n|j|\u2606Nugget O Silver\n|t:|1700155850\n|gametype|singles\n|player|p1|Zovafire|roxie|\n|player|p2|Nugget O Silver|colress|\n|teamsize|p1|6\n|teamsize|p2|6\n|gen|9\n|tier|[Gen 9] OU\n|rule|Sleep Clause Mod: Limit one foe put to sleep\n|rule|Species Clause: Limit one of each Pok\u00e9mon\n|rule|OHKO Clause: OHKO moves are banned\n|rule|Evasion Items Clause: Evasion items are banned\n|rule|Evasion Moves Clause: Evasion moves are banned\n|rule|Endless Battle Clause: Forcing endless battles is banned\n|rule|HP Percentage Mod: HP is shown in percentages\n|clearpoke\n|poke|p1|Garchomp, M|\n|poke|p1|Ninetales-Alola, F|\n|poke|p1|Phione|\n|poke|p1|Glimmora, M|\n|poke|p1|Jirachi|\n|poke|p1|Scizor, M|\n|poke|p2|Rillaboom, M|\n|poke|p2|Sneasler, F|\n|poke|p2|Zamazenta-*|\n|poke|p2|Ogerpon-Cornerstone, F|\n|poke|p2|Great Tusk|\n|poke|p2|Iron Moth|\n|teampreview\n|inactive|Battle timer is ON: inactive players will automatically lose when time's up. (requested by Zovafire)\n|\n|t:|1700155861\n|start\n|switch|p1a: Finch's girl|Ninetales-Alola, F|100\/100\n|switch|p2a: Ogerpon|Ogerpon-Cornerstone, F|100\/100\n|-weather|Snow|[from] ability: Snow Warning|[of] p1a: Finch's girl\n|turn|1\n|\n|t:|1700155865\n|switch|p1a: Bugmon|Scizor, M|100\/100\n|move|p2a: Ogerpon|Ivy Cudgel|p1a: Bugmon|[anim] Ivy Cudgel Rock\n|-damage|p1a: Bugmon|24\/100\n|\n|-weather|Snow|[upkeep]\n|upkeep\n|turn|2\n|\n|t:|1700155869\n|switch|p2a: Zamazenta|Zamazenta|100\/100\n|-ability|p2a: Zamazenta|Dauntless Shield|boost\n|-boost|p2a: Zamazenta|def|1\n|move|p1a: Bugmon|Bullet Punch|p2a: Zamazenta\n|-damage|p2a: Zamazenta|83\/100\n|\n|-weather|Snow|[upkeep]\n|-heal|p2a: Zamazenta|89\/100|[from] item: Leftovers\n|upkeep\n|turn|3\n|\n|t:|1700155875\n|move|p2a: Zamazenta|Body Press|p1a: Bugmon\n|-damage|p1a: Bugmon|0 fnt\n|faint|p1a: Bugmon\n|\n|-weather|Snow|[upkeep]\n|-heal|p2a: Zamazenta|95\/100|[from] item: Leftovers\n|upkeep\n|\n|t:|1700155882\n|switch|p1a: ChoccyMilkMafia|Glimmora, M|100\/100\n|turn|4\n|\n|t:|1700155888\n|move|p2a: Zamazenta|Body Press|p1a: ChoccyMilkMafia\n|-damage|p1a: ChoccyMilkMafia|42\/100\n|-activate|p1a: ChoccyMilkMafia|ability: Toxic Debris\n|-sidestart|p2: Nugget O Silver|move: Toxic Spikes\n|move|p1a: ChoccyMilkMafia|Stealth Rock|p2a: Zamazenta\n|-sidestart|p2: Nugget O Silver|move: Stealth Rock\n|\n|-weather|Snow|[upkeep]\n|-heal|p2a: Zamazenta|100\/100|[from] item: Leftovers\n|upkeep\n|turn|5\n|\n|t:|1700155893\n|move|p2a: Zamazenta|Body Press|p1a: ChoccyMilkMafia\n|-damage|p1a: ChoccyMilkMafia|0 fnt\n|-activate|p1a: ChoccyMilkMafia|ability: Toxic Debris\n|-sidestart|p2: Nugget O Silver|move: Toxic Spikes\n|faint|p1a: ChoccyMilkMafia\n|\n|-weather|none\n|upkeep\n|\n|t:|1700155899\n|switch|p1a: Rose of area zero|Jirachi, shiny|100\/100\n|turn|6\n|\n|t:|1700155910\n|move|p2a: Zamazenta|Iron Defense|p2a: Zamazenta\n|-boost|p2a: Zamazenta|def|2\n|move|p1a: Rose of area zero|Body Slam|p2a: Zamazenta\n|-damage|p2a: Zamazenta|92\/100\n|\n|-heal|p2a: Zamazenta|98\/100|[from] item: Leftovers\n|upkeep\n|turn|7\n|\n|t:|1700155913\n|move|p2a: Zamazenta|Body Press|p1a: Rose of area zero\n|-damage|p1a: Rose of area zero|18\/100\n|move|p1a: Rose of area zero|Body Slam|p2a: Zamazenta\n|-damage|p2a: Zamazenta|90\/100\n|-status|p2a: Zamazenta|par\n|\n|-heal|p1a: Rose of area zero|24\/100|[from] item: Leftovers\n|-heal|p2a: Zamazenta|96\/100 par|[from] item: Leftovers\n|upkeep\n|turn|8\n|\n|t:|1700155919\n|move|p1a: Rose of area zero|Zen Headbutt|p2a: Zamazenta\n|-supereffective|p2a: Zamazenta\n|-damage|p2a: Zamazenta|72\/100 par\n|cant|p2a: Zamazenta|flinch\n|\n|-heal|p1a: Rose of area zero|30\/100|[from] item: Leftovers\n|-heal|p2a: Zamazenta|78\/100 par|[from] item: Leftovers\n|upkeep\n|turn|9\n|\n|t:|1700155923\n|move|p1a: Rose of area zero|Zen Headbutt|p2a: Zamazenta\n|-supereffective|p2a: Zamazenta\n|-damage|p2a: Zamazenta|54\/100 par\n|move|p2a: Zamazenta|Body Press|p1a: Rose of area zero\n|-damage|p1a: Rose of area zero|0 fnt\n|faint|p1a: Rose of area zero\n|\n|-heal|p2a: Zamazenta|60\/100 par|[from] item: Leftovers\n|upkeep\n|\n|t:|1700155928\n|switch|p1a: Finch's girl|Ninetales-Alola, F|100\/100\n|-weather|Snow|[from] ability: Snow Warning|[of] p1a: Finch's girl\n|turn|10\n|\n|t:|1700155932\n|move|p1a: Finch's girl|Aurora Veil|p1a: Finch's girl\n|-sidestart|p1: Zovafire|move: Aurora Veil\n|cant|p2a: Zamazenta|par\n|\n|-weather|Snow|[upkeep]\n|-heal|p2a: Zamazenta|66\/100 par|[from] item: Leftovers\n|upkeep\n|turn|11\n|\n|t:|1700155935\n|move|p1a: Finch's girl|Moonblast|p2a: Zamazenta\n|-supereffective|p2a: Zamazenta\n|-damage|p2a: Zamazenta|1\/100 par\n|cant|p2a: Zamazenta|par\n|\n|-weather|Snow|[upkeep]\n|-heal|p2a: Zamazenta|7\/100 par|[from] item: Leftovers\n|upkeep\n|turn|12\n|\n|t:|1700155939\n|move|p1a: Finch's girl|Moonblast|p2a: Zamazenta\n|-supereffective|p2a: Zamazenta\n|-damage|p2a: Zamazenta|0 fnt\n|faint|p2a: Zamazenta\n|\n|-weather|Snow|[upkeep]\n|upkeep\n|\n|t:|1700155942\n|switch|p2a: Iron Moth|Iron Moth|100\/100\n|-sideend|p2: Nugget O Silver|move: Toxic Spikes|[of] p2a: Iron Moth\n|-damage|p2a: Iron Moth|76\/100|[from] Stealth Rock\n|-enditem|p2a: Iron Moth|Booster Energy\n|-activate|p2a: Iron Moth|ability: Quark Drive|[fromitem]\n|-start|p2a: Iron Moth|quarkdrivespe\n|turn|13\n|\n|t:|1700155946\n|move|p2a: Iron Moth|Fiery Dance|p1a: Finch's girl\n|-supereffective|p1a: Finch's girl\n|-damage|p1a: Finch's girl|51\/100\n|-boost|p2a: Iron Moth|spa|1\n|move|p1a: Finch's girl|Encore|p2a: Iron Moth\n|-start|p2a: Iron Moth|Encore\n|\n|-weather|Snow|[upkeep]\n|upkeep\n|turn|14\n|\n|t:|1700155953\n|switch|p1a: Sliver Nugget|Phione|100\/100\n|move|p2a: Iron Moth|Fiery Dance|p1a: Sliver Nugget\n|-resisted|p1a: Sliver Nugget\n|-damage|p1a: Sliver Nugget|82\/100\n|-boost|p2a: Iron Moth|spa|1\n|\n|-weather|none\n|-heal|p1a: Sliver Nugget|88\/100|[from] item: Leftovers\n|upkeep\n|turn|15\n|\n|t:|1700155964\n|move|p2a: Iron Moth|Fiery Dance|p1a: Sliver Nugget\n|-resisted|p1a: Sliver Nugget\n|-damage|p1a: Sliver Nugget|65\/100\n|-boost|p2a: Iron Moth|spa|1\n|move|p1a: Sliver Nugget|Take Heart|p1a: Sliver Nugget\n|-boost|p1a: Sliver Nugget|spa|1\n|-boost|p1a: Sliver Nugget|spd|1\n|\n|-heal|p1a: Sliver Nugget|71\/100|[from] item: Leftovers\n|upkeep\n|turn|16\n|\n|t:|1700155972\n|-terastallize|p2a: Iron Moth|Ghost\n|move|p2a: Iron Moth|Fiery Dance|p1a: Sliver Nugget\n|-resisted|p1a: Sliver Nugget\n|-damage|p1a: Sliver Nugget|51\/100\n|move|p1a: Sliver Nugget|Scald|p2a: Iron Moth\n|-damage|p2a: Iron Moth|41\/100\n|\n|-heal|p1a: Sliver Nugget|57\/100|[from] item: Leftovers\n|-end|p2a: Iron Moth|Encore\n|upkeep\n|turn|17\n|\n|t:|1700155981\n|move|p2a: Iron Moth|Energy Ball|p1a: Sliver Nugget\n|-supereffective|p1a: Sliver Nugget\n|-damage|p1a: Sliver Nugget|1\/100\n|move|p1a: Sliver Nugget|Take Heart|p1a: Sliver Nugget\n|-boost|p1a: Sliver Nugget|spa|1\n|-boost|p1a: Sliver Nugget|spd|1\n|\n|-heal|p1a: Sliver Nugget|7\/100|[from] item: Leftovers\n|-sideend|p1: Zovafire|move: Aurora Veil\n|upkeep\n|turn|18\n|\n|t:|1700155992\n|move|p2a: Iron Moth|Fiery Dance|p1a: Sliver Nugget\n|-resisted|p1a: Sliver Nugget\n|-damage|p1a: Sliver Nugget|0 fnt\n|faint|p1a: Sliver Nugget\n|\n|upkeep\n|\n|t:|1700155994\n|switch|p1a: Finch's girl|Ninetales-Alola, F|51\/100\n|-weather|Snow|[from] ability: Snow Warning|[of] p1a: Finch's girl\n|turn|19\n|\n|t:|1700155998\n|move|p2a: Iron Moth|Fiery Dance|p1a: Finch's girl\n|-supereffective|p1a: Finch's girl\n|-damage|p1a: Finch's girl|0 fnt\n|faint|p1a: Finch's girl\n|\n|-weather|Snow|[upkeep]\n|upkeep\n|\n|t:|1700155999\n|switch|p1a: Finchinator|Garchomp, M|100\/100\n|turn|20\n|\n|t:|1700156002\n|-terastallize|p1a: Finchinator|Dragon\n|move|p2a: Iron Moth|Dazzling Gleam|p1a: Finchinator\n|-supereffective|p1a: Finchinator\n|-damage|p1a: Finchinator|0 fnt\n|faint|p1a: Finchinator\n|\n|win|Nugget O Silver\n|c|\u2606Nugget O Silver|gg\n|c|\u2606Zovafire|gg\n|c|\u2606Zovafire|lmao\n|c|\u2606Nugget O Silver|Iron Moth moment\n|c|\u2606Zovafire|fr\n|l|\u2606Nugget O Silver\n","uploadtime":1700156046,"views":20,"p1id":"zovafire","p2id":"nuggetosilver","formatid":"gen9ou","rating":0,"private":0,"password":""}