{"id":"gen9ou-1989061580","p1":"TBECurry","p2":"mathismathin","format":"[Gen 9] OU","log":"|j|\u2606TBECurry\n|j|\u2606mathismathin\n|t:|1699807929\n|gametype|singles\n|player|p1|TBECurry|acetrainer-gen4dp|1610\n|player|p2|mathismathin|nate|1716\n|teamsize|p1|6\n|teamsize|p2|6\n|gen|9\n|tier|[Gen 9] OU\n|rated|\n|rule|Sleep Clause Mod: Limit one foe put to sleep\n|rule|Species Clause: Limit one of each Pok\u00e9mon\n|rule|OHKO Clause: OHKO moves are banned\n|rule|Evasion Items Clause: Evasion items are banned\n|rule|Evasion Moves Clause: Evasion moves are banned\n|rule|Endless Battle Clause: Forcing endless battles is banned\n|rule|HP Percentage Mod: HP is shown in percentages\n|clearpoke\n|poke|p1|Ribombee, F|\n|poke|p1|Gholdengo|\n|poke|p1|Manaphy|\n|poke|p1|Iron Moth|\n|poke|p1|Iron Valiant|\n|poke|p1|Kingambit, M|\n|poke|p2|Iron Hands|\n|poke|p2|Kingambit, F|\n|poke|p2|Amoonguss, F|\n|poke|p2|Garchomp, M|\n|poke|p2|Dragapult, F|\n|poke|p2|Cinderace, F|\n|teampreview\n|inactive|Battle timer is ON: inactive players will automatically lose when time's up. (requested by TBECurry)\n|\n|t:|1699807952\n|start\n|switch|p1a: Ribombee|Ribombee, F|100\/100\n|switch|p2a: Cinderace|Cinderace, F|100\/100\n|turn|1\n|\n|t:|1699807959\n|move|p1a: Ribombee|Stun Spore|p2a: Cinderace\n|-status|p2a: Cinderace|par\n|move|p2a: Cinderace|Pyro Ball|p1a: Ribombee\n|-supereffective|p1a: Ribombee\n|-enditem|p1a: Ribombee|Focus Sash\n|-damage|p1a: Ribombee|1\/100\n|\n|upkeep\n|turn|2\n|\n|t:|1699807966\n|move|p1a: Ribombee|Sticky Web|p2a: Cinderace\n|-sidestart|p2: mathismathin|move: Sticky Web\n|cant|p2a: Cinderace|par\n|\n|upkeep\n|turn|3\n|\n|t:|1699807974\n|switch|p1a: Iron Moth|Iron Moth|100\/100\n|-enditem|p1a: Iron Moth|Booster Energy\n|-activate|p1a: Iron Moth|ability: Quark Drive|[fromitem]\n|-start|p1a: Iron Moth|quarkdrivespe\n|move|p2a: Cinderace|Court Change|p2a: Cinderace\n|-swapsideconditions\n|-activate|p2a: Cinderace|move: Court Change\n|\n|upkeep\n|turn|4\n|j|+Shellnuts\n|\n|t:|1699807981\n|move|p1a: Iron Moth|Fiery Dance|p2a: Cinderace\n|-resisted|p2a: Cinderace\n|-damage|p2a: Cinderace|74\/100 par\n|-boost|p1a: Iron Moth|spa|1\n|move|p2a: Cinderace|U-turn|p1a: Iron Moth\n|-resisted|p1a: Iron Moth\n|-crit|p1a: Iron Moth\n|-damage|p1a: Iron Moth|91\/100\n|\n|t:|1699807986\n|switch|p2a: Garchomp|Garchomp, M|100\/100|[from] U-turn\n|\n|upkeep\n|turn|5\n|\n|t:|1699807997\n|-terastallize|p1a: Iron Moth|Ground\n|move|p1a: Iron Moth|Tera Blast|p2a: Garchomp|[anim] Tera Blast Ground\n|-damage|p2a: Garchomp|46\/100\n|move|p2a: Garchomp|Earthquake|p1a: Iron Moth\n|-damage|p1a: Iron Moth|29\/100\n|\n|upkeep\n|turn|6\n|\n|t:|1699808004\n|move|p1a: Iron Moth|Tera Blast|p2a: Garchomp|[anim] Tera Blast Ground\n|-damage|p2a: Garchomp|0 fnt\n|faint|p2a: Garchomp\n|\n|upkeep\n|\n|t:|1699808010\n|switch|p2a: Kingambit|Kingambit, F|100\/100\n|-activate|p2a: Kingambit|ability: Supreme Overlord\n|-start|p2a: Kingambit|fallen1|[silent]\n|turn|7\n|\n|t:|1699808015\n|move|p2a: Kingambit|Sucker Punch|p1a: Iron Moth\n|-damage|p1a: Iron Moth|0 fnt\n|faint|p1a: Iron Moth\n|-end|p1a: Iron Moth|Quark Drive|[silent]\n|\n|upkeep\n|\n|t:|1699808039\n|switch|p1a: Ribombee|Ribombee, F|1\/100\n|-activate|p1a: Ribombee|move: Sticky Web\n|-unboost|p1a: Ribombee|spe|1\n|turn|8\n|\n|t:|1699808047\n|move|p1a: Ribombee|Sticky Web|p2a: Kingambit\n|-sidestart|p2: mathismathin|move: Sticky Web\n|move|p2a: Kingambit|Kowtow Cleave|p1a: Ribombee\n|-resisted|p1a: Ribombee\n|-damage|p1a: Ribombee|0 fnt\n|faint|p1a: Ribombee\n|\n|upkeep\n|inactive|TBECurry has 120 seconds left.\n|\n|t:|1699808088\n|switch|p1a: Iron Valiant|Iron Valiant|100\/100\n|-activate|p1a: Iron Valiant|move: Sticky Web\n|-unboost|p1a: Iron Valiant|spe|1\n|-enditem|p1a: Iron Valiant|Booster Energy\n|-activate|p1a: Iron Valiant|ability: Quark Drive|[fromitem]\n|-start|p1a: Iron Valiant|quarkdriveatk\n|turn|9\n|\n|t:|1699808098\n|-end|p2a: Kingambit|fallen1|[silent]\n|switch|p2a: Amoonguss|Amoonguss, F|100\/100\n|-activate|p2a: Amoonguss|move: Sticky Web\n|-unboost|p2a: Amoonguss|spe|1\n|move|p1a: Iron Valiant|Close Combat|p2a: Amoonguss\n|-resisted|p2a: Amoonguss\n|-damage|p2a: Amoonguss|63\/100\n|-unboost|p1a: Iron Valiant|def|1\n|-unboost|p1a: Iron Valiant|spd|1\n|-enditem|p2a: Amoonguss|Red Card|[of] p1a: Iron Valiant\n|-end|p1a: Iron Valiant|Quark Drive|[silent]\n|drag|p1a: Gholdengo|Gholdengo|100\/100\n|-item|p1a: Gholdengo|Air Balloon\n|\n|upkeep\n|turn|10\n|\n|t:|1699808116\n|switch|p2a: Kingambit|Kingambit, F|100\/100\n|-activate|p2a: Kingambit|move: Sticky Web\n|-unboost|p2a: Kingambit|spe|1\n|-activate|p2a: Kingambit|ability: Supreme Overlord\n|-start|p2a: Kingambit|fallen1|[silent]\n|move|p1a: Gholdengo|Psyshock|p2a: Kingambit\n|-immune|p2a: Kingambit\n|\n|upkeep\n|turn|11\n|inactive|TBECurry has 90 seconds left.\n|\n|t:|1699808148\n|switch|p1a: Iron Valiant|Iron Valiant|100\/100\n|-activate|p1a: Iron Valiant|move: Sticky Web\n|-unboost|p1a: Iron Valiant|spe|1\n|move|p2a: Kingambit|Kowtow Cleave|p1a: Iron Valiant\n|-resisted|p1a: Iron Valiant\n|-damage|p1a: Iron Valiant|83\/100\n|\n|upkeep\n|turn|12\n|inactive|TBECurry has 90 seconds left.\n|\n|t:|1699808158\n|-end|p2a: Kingambit|fallen1|[silent]\n|switch|p2a: Amoonguss|Amoonguss, F|96\/100\n|-activate|p2a: Amoonguss|move: Sticky Web\n|-unboost|p2a: Amoonguss|spe|1\n|move|p1a: Iron Valiant|Swords Dance|p1a: Iron Valiant\n|-boost|p1a: Iron Valiant|atk|2\n|\n|upkeep\n|turn|13\n|\n|t:|1699808166\n|move|p1a: Iron Valiant|Knock Off|p2a: Amoonguss\n|-damage|p2a: Amoonguss|56\/100\n|move|p2a: Amoonguss|Sludge Bomb|p1a: Iron Valiant\n|-supereffective|p1a: Iron Valiant\n|-damage|p1a: Iron Valiant|0 fnt\n|faint|p1a: Iron Valiant\n|-end|p1a: Iron Valiant|Quark Drive|[silent]\n|\n|upkeep\n|inactive|TBECurry has 90 seconds left.\n|\n|t:|1699808180\n|switch|p1a: Gholdengo|Gholdengo|100\/100\n|-item|p1a: Gholdengo|Air Balloon\n|turn|14\n|-message|TBECurry forfeited.\n|\n|win|mathismathin\n|raw|TBECurry's rating: 1610 &rarr; <strong>1596<\/strong><br \/>(-14 for losing)\n|raw|mathismathin's rating: 1716 &rarr; <strong>1730<\/strong><br \/>(+14 for winning)\n|l|\u2606TBECurry\n","uploadtime":1699808187,"views":13,"p1id":"tbecurry","p2id":"mathismathin","formatid":"gen9ou","rating":1596,"private":0,"password":""}