{"id":"gen9ou-1994421846","p1":"DerickCC","p2":"minosprimeyaoi","format":"[Gen 9] OU","log":"|j|\u2606DerickCC\n|j|\u2606minosprimeyaoi\n|t:|1700442112\n|gametype|singles\n|player|p1|DerickCC|maid|1120\n|player|p2|minosprimeyaoi|swimmerf-gen4|1111\n|teamsize|p1|6\n|teamsize|p2|6\n|gen|9\n|tier|[Gen 9] OU\n|rated|\n|rule|Sleep Clause Mod: Limit one foe put to sleep\n|rule|Species Clause: Limit one of each Pok\u00e9mon\n|rule|OHKO Clause: OHKO moves are banned\n|rule|Evasion Items Clause: Evasion items are banned\n|rule|Evasion Moves Clause: Evasion moves are banned\n|rule|Endless Battle Clause: Forcing endless battles is banned\n|rule|HP Percentage Mod: HP is shown in percentages\n|clearpoke\n|poke|p1|Skeledirge, M|\n|poke|p1|Ribombee, F|\n|poke|p1|Lilligant, F|\n|poke|p1|Ursaluna, M|\n|poke|p1|Kingambit, F|\n|poke|p1|Gallade, M|\n|poke|p2|Tornadus-Therian, M|\n|poke|p2|Iron Leaves|\n|poke|p2|Iron Moth|\n|poke|p2|Kommo-o, F|\n|poke|p2|Morpeko, M|\n|poke|p2|Kingambit, F|\n|teampreview\n|inactive|Battle timer is ON: inactive players will automatically lose when time's up. (requested by minosprimeyaoi)\n|\n|t:|1700442117\n|start\n|switch|p1a: Arthur|Gallade, M, shiny|100\/100\n|switch|p2a: Snoop Dog Stopped|Iron Leaves|100\/100\n|turn|1\n|\n|t:|1700442124\n|switch|p1a: Elton John|Ribombee, F, shiny|100\/100\n|move|p2a: Snoop Dog Stopped|Electric Terrain|p2a: Snoop Dog Stopped\n|-fieldstart|move: Electric Terrain\n|-activate|p2a: Snoop Dog Stopped|ability: Quark Drive\n|-start|p2a: Snoop Dog Stopped|quarkdrivespe\n|\n|upkeep\n|turn|2\n|\n|t:|1700442132\n|move|p2a: Snoop Dog Stopped|Psyblade|p1a: Elton John\n|-damage|p1a: Elton John|0 fnt\n|faint|p1a: Elton John\n|\n|upkeep\n|\n|t:|1700442142\n|switch|p1a: Cerati|Skeledirge, M, shiny|100\/100\n|turn|3\n|\n|t:|1700442151\n|move|p2a: Snoop Dog Stopped|Psyblade|p1a: Cerati\n|-damage|p1a: Cerati|47\/100\n|move|p1a: Cerati|Torch Song|p2a: Snoop Dog Stopped\n|-supereffective|p2a: Snoop Dog Stopped\n|-damage|p2a: Snoop Dog Stopped|34\/100\n|-boost|p1a: Cerati|spa|1\n|\n|-heal|p1a: Cerati|53\/100|[from] item: Leftovers\n|upkeep\n|turn|4\n|\n|t:|1700442165\n|move|p2a: Snoop Dog Stopped|Psyblade|p1a: Cerati\n|-damage|p1a: Cerati|0 fnt\n|faint|p1a: Cerati\n|\n|upkeep\n|\n|t:|1700442175\n|switch|p1a: Lillymon|Lilligant, F|100\/100\n|turn|5\n|\n|t:|1700442182\n|move|p2a: Snoop Dog Stopped|Psyblade|p1a: Lillymon\n|-damage|p1a: Lillymon|15\/100\n|move|p1a: Lillymon|Quiver Dance|p1a: Lillymon\n|-boost|p1a: Lillymon|spa|1\n|-boost|p1a: Lillymon|spd|1\n|-boost|p1a: Lillymon|spe|1\n|\n|upkeep\n|turn|6\n|\n|t:|1700442188\n|move|p2a: Snoop Dog Stopped|Psyblade|p1a: Lillymon\n|-damage|p1a: Lillymon|0 fnt\n|faint|p1a: Lillymon\n|\n|upkeep\n|\n|t:|1700442191\n|switch|p1a: Arthur|Gallade, M, shiny|100\/100\n|turn|7\n|\n|t:|1700442193\n|move|p2a: Snoop Dog Stopped|Psyblade|p1a: Arthur\n|-damage|p1a: Arthur|0 fnt\n|faint|p1a: Arthur\n|\n|upkeep\n|\n|t:|1700442196\n|switch|p1a: Samurai Jack|Kingambit, F|100\/100\n|-activate|p1a: Samurai Jack|ability: Supreme Overlord\n|-start|p1a: Samurai Jack|fallen4|[silent]\n|-item|p1a: Samurai Jack|Air Balloon\n|turn|8\n|\n|t:|1700442197\n|move|p1a: Samurai Jack|Sucker Punch|p2a: Snoop Dog Stopped\n|-supereffective|p2a: Snoop Dog Stopped\n|-damage|p2a: Snoop Dog Stopped|0 fnt\n|faint|p2a: Snoop Dog Stopped\n|-end|p2a: Snoop Dog Stopped|Quark Drive|[silent]\n|\n|-fieldend|move: Electric Terrain\n|upkeep\n|\n|t:|1700442203\n|switch|p2a: Kum Creature|Kommo-o, F|100\/100\n|turn|9\n|\n|t:|1700442223\n|move|p2a: Kum Creature|Flamethrower|p1a: Samurai Jack\n|-supereffective|p1a: Samurai Jack\n|-damage|p1a: Samurai Jack|49\/100\n|-enditem|p1a: Samurai Jack|Air Balloon\n|move|p1a: Samurai Jack|Iron Head|p2a: Kum Creature\n|-damage|p2a: Kum Creature|36\/100\n|\n|upkeep\n|turn|10\n|\n|t:|1700442230\n|move|p2a: Kum Creature|Clangorous Soul|p2a: Kum Creature\n|-boost|p2a: Kum Creature|atk|1\n|-boost|p2a: Kum Creature|def|1\n|-boost|p2a: Kum Creature|spa|1\n|-boost|p2a: Kum Creature|spd|1\n|-boost|p2a: Kum Creature|spe|1\n|-damage|p2a: Kum Creature|3\/100\n|-enditem|p2a: Kum Creature|Throat Spray\n|-boost|p2a: Kum Creature|spa|1|[from] item: Throat Spray\n|move|p1a: Samurai Jack|Iron Head|p2a: Kum Creature\n|-damage|p2a: Kum Creature|0 fnt\n|faint|p2a: Kum Creature\n|\n|upkeep\n|\n|t:|1700442233\n|switch|p2a: i wish i could|Iron Moth|100\/100\n|turn|11\n|\n|t:|1700442245\n|move|p1a: Samurai Jack|Sucker Punch||[still]\n|-fail|p1a: Samurai Jack\n|move|p2a: i wish i could|Toxic Spikes|p1a: Samurai Jack\n|-sidestart|p1: DerickCC|move: Toxic Spikes\n|\n|upkeep\n|turn|12\n|\n|t:|1700442249\n|move|p2a: i wish i could|Toxic Spikes|p1a: Samurai Jack\n|-sidestart|p1: DerickCC|move: Toxic Spikes\n|move|p1a: Samurai Jack|Iron Head|p2a: i wish i could\n|-resisted|p2a: i wish i could\n|-damage|p2a: i wish i could|44\/100\n|\n|upkeep\n|turn|13\n|\n|t:|1700442254\n|move|p1a: Samurai Jack|Sucker Punch||[still]\n|-fail|p1a: Samurai Jack\n|move|p2a: i wish i could|Morning Sun|p2a: i wish i could\n|-heal|p2a: i wish i could|94\/100\n|\n|upkeep\n|turn|14\n|\n|t:|1700442262\n|move|p1a: Samurai Jack|Sucker Punch|p2a: i wish i could\n|-damage|p2a: i wish i could|0 fnt\n|faint|p2a: i wish i could\n|-end|p2a: i wish i could|Quark Drive|[silent]\n|\n|upkeep\n|\n|t:|1700442268\n|switch|p2a: Tornado Twister|Tornadus-Therian, M|100\/100\n|turn|15\n|inactive|DerickCC has 120 seconds left.\n|\n|t:|1700442299\n|-terastallize|p2a: Tornado Twister|Dark\n|move|p2a: Tornado Twister|Focus Blast|p1a: Samurai Jack\n|-supereffective|p1a: Samurai Jack\n|-damage|p1a: Samurai Jack|0 fnt\n|faint|p1a: Samurai Jack\n|-end|p1a: Samurai Jack|fallen4|[silent]\n|\n|upkeep\n|inactive|DerickCC has 120 seconds left.\n|\n|t:|1700442305\n|switch|p1a: Shepard|Ursaluna, M|100\/100\n|-status|p1a: Shepard|tox\n|turn|16\n|inactive|DerickCC has 120 seconds left.\n|\n|t:|1700442317\n|-terastallize|p1a: Shepard|Ghost\n|move|p2a: Tornado Twister|Focus Blast|p1a: Shepard\n|-immune|p1a: Shepard\n|move|p1a: Shepard|Facade|p2a: Tornado Twister\n|-damage|p2a: Tornado Twister|0 fnt\n|faint|p2a: Tornado Twister\n|\n|-damage|p1a: Shepard|94\/100 tox|[from] psn\n|upkeep\n|\n|t:|1700442320\n|switch|p2a: yeaH.|Kingambit, F|100\/100\n|-activate|p2a: yeaH.|ability: Supreme Overlord\n|-start|p2a: yeaH.|fallen4|[silent]\n|turn|17\n|\n|t:|1700442331\n|move|p2a: yeaH.|Sucker Punch|p1a: Shepard\n|-supereffective|p1a: Shepard\n|-damage|p1a: Shepard|8\/100 tox\n|move|p1a: Shepard|Earthquake|p2a: yeaH.\n|-supereffective|p2a: yeaH.\n|-damage|p2a: yeaH.|0 fnt\n|faint|p2a: yeaH.\n|-end|p2a: yeaH.|fallen4|[silent]\n|\n|-damage|p1a: Shepard|0 fnt|[from] psn\n|faint|p1a: Shepard\n|\n|win|minosprimeyaoi\n|upkeep\n|raw|DerickCC's rating: 1120 &rarr; <strong>1094<\/strong><br \/>(-26 for losing)\n|raw|minosprimeyaoi's rating: 1111 &rarr; <strong>1137<\/strong><br \/>(+26 for winning)\n","uploadtime":1700442342,"views":10,"p1id":"derickcc","p2id":"minosprimeyaoi","formatid":"gen9ou","rating":1094,"private":0,"password":""}