{"id":"gen9ou-1990039506","p1":"King Ghetsis 13666","p2":"Silly_Acadia","format":"[Gen 9] OU","log":"|j|\u2606King Ghetsis 13666\n|j|\u2606Silly_Acadia\n|t:|1699918047\n|gametype|singles\n|player|p1|King Ghetsis 13666|blue-gen1rbchampion|1124\n|player|p2|Silly_Acadia|skierf|1100\n|teamsize|p1|6\n|teamsize|p2|6\n|gen|9\n|tier|[Gen 9] OU\n|rated|\n|rule|Sleep Clause Mod: Limit one foe put to sleep\n|rule|Species Clause: Limit one of each Pok\u00e9mon\n|rule|OHKO Clause: OHKO moves are banned\n|rule|Evasion Items Clause: Evasion items are banned\n|rule|Evasion Moves Clause: Evasion moves are banned\n|rule|Endless Battle Clause: Forcing endless battles is banned\n|rule|HP Percentage Mod: HP is shown in percentages\n|clearpoke\n|poke|p1|Overqwil, M|\n|poke|p1|Torkoal, M|\n|poke|p1|Walking Wake|\n|poke|p1|Sandy Shocks|\n|poke|p1|Iron Valiant|\n|poke|p1|Gholdengo|\n|poke|p2|Zamazenta-*|\n|poke|p2|Kingambit, F|\n|poke|p2|Slowking, F|\n|poke|p2|Landorus-Therian, M|\n|poke|p2|Jirachi|\n|poke|p2|Meowscarada, F|\n|teampreview\n|c|\u2606Silly_Acadia|gl hf\n|\n|t:|1699918065\n|start\n|switch|p1a: Torkoal|Torkoal, M|100\/100\n|switch|p2a: Slowking|Slowking, F|100\/100\n|-weather|SunnyDay|[from] ability: Drought|[of] p1a: Torkoal\n|turn|1\n|\n|t:|1699918073\n|move|p1a: Torkoal|Solar Beam||[still]\n|-prepare|p1a: Torkoal|Solar Beam\n|-anim|p1a: Torkoal|Solar Beam|p2a: Slowking\n|-supereffective|p2a: Slowking\n|-damage|p2a: Slowking|57\/100\n|move|p2a: Slowking|Scald|p1a: Torkoal\n|-supereffective|p1a: Torkoal\n|-damage|p1a: Torkoal|65\/100\n|\n|-weather|SunnyDay|[upkeep]\n|upkeep\n|turn|2\n|\n|t:|1699918090\n|move|p1a: Torkoal|Yawn|p2a: Slowking\n|-start|p2a: Slowking|move: Yawn|[of] p1a: Torkoal\n|move|p2a: Slowking|Chilly Reception|p2a: Slowking\n|-weather|Snow\n|\n|t:|1699918102\n|switch|p2a: Landorus|Landorus-Therian, M|100\/100|[from] Chilly Reception\n|-ability|p2a: Landorus|Intimidate|boost\n|-unboost|p1a: Torkoal|atk|1\n|\n|-weather|Snow|[upkeep]\n|upkeep\n|turn|3\n|\n|t:|1699918119\n|switch|p1a: Walking Wake|Walking Wake|100\/100\n|move|p2a: Landorus|Swords Dance|p2a: Landorus\n|-boost|p2a: Landorus|atk|2\n|\n|-weather|Snow|[upkeep]\n|upkeep\n|turn|4\n|\n|t:|1699918130\n|move|p1a: Walking Wake|Flip Turn|p2a: Landorus\n|-supereffective|p2a: Landorus\n|-damage|p2a: Landorus|69\/100\n|-damage|p1a: Walking Wake|84\/100|[from] item: Rocky Helmet|[of] p2a: Landorus\n|\n|t:|1699918137\n|-end|p1a: Walking Wake|Protosynthesis|[silent]\n|switch|p1a: Torkoal|Torkoal, M|65\/100|[from] Flip Turn\n|-weather|SunnyDay|[from] ability: Drought|[of] p1a: Torkoal\n|move|p2a: Landorus|U-turn|p1a: Torkoal\n|-resisted|p1a: Torkoal\n|-damage|p1a: Torkoal|45\/100\n|\n|t:|1699918146\n|switch|p2a: Slowking|Slowking, F|91\/100|[from] U-turn\n|\n|-weather|SunnyDay|[upkeep]\n|upkeep\n|turn|5\n|\n|t:|1699918152\n|move|p1a: Torkoal|Solar Beam||[still]\n|-prepare|p1a: Torkoal|Solar Beam\n|-anim|p1a: Torkoal|Solar Beam|p2a: Slowking\n|-supereffective|p2a: Slowking\n|-damage|p2a: Slowking|51\/100\n|move|p2a: Slowking|Scald|p1a: Torkoal\n|-supereffective|p1a: Torkoal\n|-damage|p1a: Torkoal|8\/100\n|\n|-weather|SunnyDay|[upkeep]\n|upkeep\n|turn|6\n|\n|t:|1699918163\n|move|p1a: Torkoal|Solar Beam||[still]\n|-prepare|p1a: Torkoal|Solar Beam\n|-anim|p1a: Torkoal|Solar Beam|p2a: Slowking\n|-supereffective|p2a: Slowking\n|-damage|p2a: Slowking|13\/100\n|move|p2a: Slowking|Scald|p1a: Torkoal\n|-supereffective|p1a: Torkoal\n|-damage|p1a: Torkoal|0 fnt\n|faint|p1a: Torkoal\n|\n|-weather|SunnyDay|[upkeep]\n|upkeep\n|\n|t:|1699918172\n|switch|p1a: Walking Wake|Walking Wake|84\/100\n|-activate|p1a: Walking Wake|ability: Protosynthesis\n|-start|p1a: Walking Wake|protosynthesisspa\n|turn|7\n|\n|t:|1699918183\n|-terastallize|p1a: Walking Wake|Steel\n|move|p1a: Walking Wake|Hydro Steam|p2a: Slowking\n|-resisted|p2a: Slowking\n|-damage|p2a: Slowking|0 fnt\n|faint|p2a: Slowking\n|\n|-weather|SunnyDay|[upkeep]\n|upkeep\n|\n|t:|1699918198\n|switch|p2a: Jirachi|Jirachi|100\/100\n|turn|8\n|\n|t:|1699918205\n|move|p1a: Walking Wake|Hydro Steam|p2a: Jirachi\n|-damage|p2a: Jirachi|4\/100\n|-enditem|p2a: Jirachi|Red Card|[of] p1a: Walking Wake\n|-end|p1a: Walking Wake|Protosynthesis|[silent]\n|drag|p1a: Sandy Shocks|Sandy Shocks|100\/100\n|-activate|p1a: Sandy Shocks|ability: Protosynthesis\n|-start|p1a: Sandy Shocks|protosynthesisspe\n|move|p2a: Jirachi|Drain Punch|p1a: Sandy Shocks\n|-damage|p1a: Sandy Shocks|72\/100\n|-heal|p2a: Jirachi|15\/100|[from] drain|[of] p1a: Sandy Shocks\n|\n|-weather|SunnyDay|[upkeep]\n|upkeep\n|turn|9\n|\n|t:|1699918226\n|move|p1a: Sandy Shocks|Earth Power|p2a: Jirachi\n|-supereffective|p2a: Jirachi\n|-damage|p2a: Jirachi|0 fnt\n|faint|p2a: Jirachi\n|-damage|p1a: Sandy Shocks|62\/100|[from] item: Life Orb\n|\n|-weather|SunnyDay|[upkeep]\n|upkeep\n|\n|t:|1699918234\n|switch|p2a: Kingambit|Kingambit, F|100\/100\n|-activate|p2a: Kingambit|ability: Supreme Overlord\n|-start|p2a: Kingambit|fallen2|[silent]\n|turn|10\n|\n|t:|1699918242\n|move|p2a: Kingambit|Sucker Punch|p1a: Sandy Shocks\n|-damage|p1a: Sandy Shocks|0 fnt\n|faint|p1a: Sandy Shocks\n|-end|p1a: Sandy Shocks|Protosynthesis|[silent]\n|\n|-weather|SunnyDay|[upkeep]\n|upkeep\n|\n|t:|1699918247\n|switch|p1a: Gholdengo|Gholdengo|100\/100\n|turn|11\n|\n|t:|1699918258\n|move|p1a: Gholdengo|Focus Blast|p2a: Kingambit\n|-supereffective|p2a: Kingambit\n|-damage|p2a: Kingambit|0 fnt\n|faint|p2a: Kingambit\n|-end|p2a: Kingambit|fallen2|[silent]\n|\n|-weather|none\n|upkeep\n|\n|t:|1699918265\n|switch|p2a: Meowscarada|Meowscarada, F|100\/100\n|turn|12\n|\n|t:|1699918268\n|move|p1a: Gholdengo|Focus Blast|p2a: Meowscarada\n|-supereffective|p2a: Meowscarada\n|-enditem|p2a: Meowscarada|Focus Sash\n|-damage|p2a: Meowscarada|1\/100\n|move|p2a: Meowscarada|Knock Off|p1a: Gholdengo\n|-supereffective|p1a: Gholdengo\n|-damage|p1a: Gholdengo|24\/100\n|-enditem|p1a: Gholdengo|Choice Scarf|[from] move: Knock Off|[of] p2a: Meowscarada\n|\n|upkeep\n|turn|13\n|\n|t:|1699918281\n|move|p2a: Meowscarada|Taunt|p1a: Gholdengo\n|-immune|p1a: Gholdengo|[from] ability: Good as Gold\n|move|p1a: Gholdengo|Dazzling Gleam|p2a: Meowscarada\n|-supereffective|p2a: Meowscarada\n|-damage|p2a: Meowscarada|0 fnt\n|faint|p2a: Meowscarada\n|\n|upkeep\n|c|\u2606Silly_Acadia|Missclick D:\n|\n|t:|1699918295\n|switch|p2a: Landorus|Landorus-Therian, M|69\/100\n|-ability|p2a: Landorus|Intimidate|boost\n|-unboost|p1a: Gholdengo|atk|1\n|turn|14\n|\n|t:|1699918305\n|move|p1a: Gholdengo|Shadow Ball|p2a: Landorus\n|-damage|p2a: Landorus|26\/100\n|move|p2a: Landorus|Earthquake|p1a: Gholdengo\n|-supereffective|p1a: Gholdengo\n|-damage|p1a: Gholdengo|0 fnt\n|faint|p1a: Gholdengo\n|\n|upkeep\n|\n|t:|1699918314\n|switch|p1a: Walking Wake|Walking Wake, tera:Steel|84\/100\n|turn|15\n|\n|t:|1699918319\n|move|p1a: Walking Wake|Hydro Steam|p2a: Landorus\n|-supereffective|p2a: Landorus\n|-damage|p2a: Landorus|0 fnt\n|faint|p2a: Landorus\n|\n|upkeep\n|\n|t:|1699918324\n|switch|p2a: Zamazenta|Zamazenta, shiny|100\/100\n|-ability|p2a: Zamazenta|Dauntless Shield|boost\n|-boost|p2a: Zamazenta|def|1\n|turn|16\n|\n|t:|1699918329\n|move|p2a: Zamazenta|Iron Defense|p2a: Zamazenta\n|-boost|p2a: Zamazenta|def|2\n|move|p1a: Walking Wake|Hydro Steam|p2a: Zamazenta\n|-crit|p2a: Zamazenta\n|-damage|p2a: Zamazenta|16\/100\n|\n|-heal|p2a: Zamazenta|22\/100|[from] item: Leftovers\n|upkeep\n|turn|17\n|\n|t:|1699918336\n|move|p2a: Zamazenta|Body Press|p1a: Walking Wake\n|-supereffective|p1a: Walking Wake\n|-damage|p1a: Walking Wake|0 fnt\n|faint|p1a: Walking Wake\n|-end|p1a: Walking Wake|Protosynthesis|[silent]\n|\n|-heal|p2a: Zamazenta|28\/100|[from] item: Leftovers\n|upkeep\n|\n|t:|1699918345\n|switch|p1a: Iron Valiant|Iron Valiant|100\/100\n|-enditem|p1a: Iron Valiant|Booster Energy\n|-activate|p1a: Iron Valiant|ability: Quark Drive|[fromitem]\n|-start|p1a: Iron Valiant|quarkdrivespe\n|turn|18\n|\n|t:|1699918359\n|-terastallize|p2a: Zamazenta|Fire\n|move|p1a: Iron Valiant|Spirit Break|p2a: Zamazenta\n|-resisted|p2a: Zamazenta\n|-damage|p2a: Zamazenta|21\/100\n|-unboost|p2a: Zamazenta|spa|1\n|move|p2a: Zamazenta|Body Press|p1a: Iron Valiant\n|-resisted|p1a: Iron Valiant\n|-damage|p1a: Iron Valiant|49\/100\n|\n|-heal|p2a: Zamazenta|27\/100|[from] item: Leftovers\n|upkeep\n|turn|19\n|\n|t:|1699918371\n|move|p1a: Iron Valiant|Close Combat|p2a: Zamazenta\n|-damage|p2a: Zamazenta|6\/100\n|-unboost|p1a: Iron Valiant|def|1\n|-unboost|p1a: Iron Valiant|spd|1\n|move|p2a: Zamazenta|Stone Edge|p1a: Iron Valiant\n|-resisted|p1a: Iron Valiant\n|-damage|p1a: Iron Valiant|17\/100\n|\n|-heal|p2a: Zamazenta|12\/100|[from] item: Leftovers\n|upkeep\n|turn|20\n|\n|t:|1699918382\n|move|p1a: Iron Valiant|Shadow Sneak|p2a: Zamazenta\n|-damage|p2a: Zamazenta|7\/100\n|move|p2a: Zamazenta|Stone Edge|p1a: Iron Valiant\n|-resisted|p1a: Iron Valiant\n|-damage|p1a: Iron Valiant|0 fnt\n|faint|p1a: Iron Valiant\n|-end|p1a: Iron Valiant|Quark Drive|[silent]\n|\n|-heal|p2a: Zamazenta|13\/100|[from] item: Leftovers\n|upkeep\n|\n|t:|1699918389\n|switch|p1a: Overqwil|Overqwil, M|100\/100\n|-ability|p1a: Overqwil|Intimidate|boost\n|-unboost|p2a: Zamazenta|atk|1\n|turn|21\n|\n|t:|1699918397\n|move|p2a: Zamazenta|Body Press|p1a: Overqwil\n|-crit|p1a: Overqwil\n|-damage|p1a: Overqwil|11\/100\n|move|p1a: Overqwil|Haze|p1a: Overqwil\n|-clearallboost\n|\n|-heal|p2a: Zamazenta|19\/100|[from] item: Leftovers\n|-heal|p1a: Overqwil|18\/100|[from] item: Black Sludge\n|upkeep\n|turn|22\n|\n|t:|1699918406\n|move|p1a: Overqwil|Protect|p1a: Overqwil\n|-singleturn|p1a: Overqwil|Protect\n|move|p2a: Zamazenta|Body Press|p1a: Overqwil\n|-activate|p1a: Overqwil|move: Protect\n|\n|-heal|p2a: Zamazenta|25\/100|[from] item: Leftovers\n|-heal|p1a: Overqwil|24\/100|[from] item: Black Sludge\n|upkeep\n|turn|23\n|\n|t:|1699918414\n|move|p2a: Zamazenta|Body Press|p1a: Overqwil\n|-damage|p1a: Overqwil|0 fnt\n|faint|p1a: Overqwil\n|\n|win|Silly_Acadia\n|raw|King Ghetsis 13666's rating: 1124 &rarr; <strong>1097<\/strong><br \/>(-27 for losing)\n|raw|Silly_Acadia's rating: 1100 &rarr; <strong>1127<\/strong><br \/>(+27 for winning)\n|c|\u2606Silly_Acadia|gg\n","uploadtime":1699918428,"views":11,"p1id":"kingghetsis13666","p2id":"sillyacadia","formatid":"gen9ou","rating":1097,"private":0,"password":""}