{"id":"gen9ou-1994239895","p1":"Lawrence1307","p2":"froody95","format":"[Gen 9] OU","log":"|j|\u2606Lawrence1307\n|j|\u2606froody95\n|t:|1700422362\n|gametype|singles\n|player|p1|Lawrence1307|101|1145\n|player|p2|froody95|unknown|1226\n|teamsize|p1|6\n|teamsize|p2|6\n|gen|9\n|tier|[Gen 9] OU\n|rated|\n|rule|Sleep Clause Mod: Limit one foe put to sleep\n|rule|Species Clause: Limit one of each Pok\u00e9mon\n|rule|OHKO Clause: OHKO moves are banned\n|rule|Evasion Items Clause: Evasion items are banned\n|rule|Evasion Moves Clause: Evasion moves are banned\n|rule|Endless Battle Clause: Forcing endless battles is banned\n|rule|HP Percentage Mod: HP is shown in percentages\n|clearpoke\n|poke|p1|Ninetales, F|\n|poke|p1|Gardevoir, F|\n|poke|p1|Walking Wake|\n|poke|p1|Corviknight, F|\n|poke|p1|Great Tusk|\n|poke|p1|Ting-Lu|\n|poke|p2|Greninja-*, M|\n|poke|p2|Ninetales-Alola, M|\n|poke|p2|Pelipper, F|\n|poke|p2|Goodra-Hisui, M|\n|poke|p2|Glimmora, F|\n|poke|p2|Samurott-Hisui, F|\n|teampreview\n|\n|t:|1700422375\n|start\n|switch|p1a: Ninetales|Ninetales, F|100\/100\n|switch|p2a: Ninetales|Ninetales-Alola, M|100\/100\n|-weather|Snow|[from] ability: Snow Warning|[of] p2a: Ninetales\n|-weather|SunnyDay|[from] ability: Drought|[of] p1a: Ninetales\n|turn|1\n|\n|t:|1700422384\n|switch|p2a: Pelipper|Pelipper, F, shiny|100\/100\n|-weather|RainDance|[from] ability: Drizzle|[of] p2a: Pelipper\n|move|p1a: Ninetales|Fire Blast|p2a: Pelipper\n|-resisted|p2a: Pelipper\n|-damage|p2a: Pelipper|89\/100\n|\n|-weather|RainDance|[upkeep]\n|upkeep\n|turn|2\n|\n|t:|1700422405\n|switch|p1a: Walking Wake|Walking Wake|100\/100\n|move|p2a: Pelipper|Chilling Water|p1a: Walking Wake\n|-resisted|p1a: Walking Wake\n|-damage|p1a: Walking Wake|93\/100\n|-unboost|p1a: Walking Wake|atk|1\n|\n|-weather|RainDance|[upkeep]\n|upkeep\n|turn|3\n|\n|t:|1700422438\n|move|p1a: Walking Wake|Flip Turn|p2a: Pelipper\n|-resisted|p2a: Pelipper\n|-damage|p2a: Pelipper|81\/100\n|\n|t:|1700422443\n|-end|p1a: Walking Wake|Protosynthesis|[silent]\n|switch|p1a: Ninetales|Ninetales, F|100\/100|[from] Flip Turn\n|-weather|SunnyDay|[from] ability: Drought|[of] p1a: Ninetales\n|move|p2a: Pelipper|Hurricane|p1a: Ninetales|[miss]\n|-miss|p2a: Pelipper|p1a: Ninetales\n|\n|-weather|SunnyDay|[upkeep]\n|upkeep\n|turn|4\n|\n|t:|1700422478\n|switch|p2a: Ninetales|Ninetales-Alola, M|100\/100\n|-weather|Snow|[from] ability: Snow Warning|[of] p2a: Ninetales\n|move|p1a: Ninetales|Solar Beam||[still]\n|-prepare|p1a: Ninetales|Solar Beam\n|\n|-weather|Snow|[upkeep]\n|upkeep\n|turn|5\n|\n|t:|1700422502\n|move|p2a: Ninetales|Aurora Veil|p2a: Ninetales\n|-sidestart|p2: froody95|move: Aurora Veil\n|move|p1a: Ninetales|Solar Beam|p2a: Ninetales|[from]lockedmove\n|-damage|p2a: Ninetales|92\/100\n|\n|-weather|Snow|[upkeep]\n|upkeep\n|turn|6\n|\n|t:|1700422542\n|switch|p1a: Walking Wake|Walking Wake|93\/100\n|move|p2a: Ninetales|Nasty Plot|p2a: Ninetales\n|-boost|p2a: Ninetales|spa|2\n|\n|-weather|Snow|[upkeep]\n|upkeep\n|turn|7\n|\n|t:|1700422555\n|move|p1a: Walking Wake|Flamethrower|p2a: Ninetales\n|-supereffective|p2a: Ninetales\n|-damage|p2a: Ninetales|57\/100\n|move|p2a: Ninetales|Moonblast|p1a: Walking Wake\n|-supereffective|p1a: Walking Wake\n|-damage|p1a: Walking Wake|0 fnt\n|faint|p1a: Walking Wake\n|-end|p1a: Walking Wake|Protosynthesis|[silent]\n|\n|-weather|Snow|[upkeep]\n|upkeep\n|\n|t:|1700422567\n|switch|p1a: Gardevoir|Gardevoir, F|100\/100\n|-ability|p1a: Gardevoir|Snow Warning|[from] ability: Trace|[of] p2a: Ninetales\n|turn|8\n|\n|t:|1700422574\n|move|p1a: Gardevoir|Mystical Fire|p2a: Ninetales\n|-supereffective|p2a: Ninetales\n|-damage|p2a: Ninetales|24\/100\n|-unboost|p2a: Ninetales|spa|1\n|move|p2a: Ninetales|Freeze-Dry|p1a: Gardevoir\n|-damage|p1a: Gardevoir|60\/100\n|-status|p1a: Gardevoir|frz\n|\n|-weather|none\n|upkeep\n|turn|9\n|\n|t:|1700422588\n|cant|p1a: Gardevoir|frz\n|move|p2a: Ninetales|Nasty Plot|p2a: Ninetales\n|-boost|p2a: Ninetales|spa|2\n|\n|upkeep\n|turn|10\n|\n|t:|1700422595\n|switch|p1a: Ninetales|Ninetales, F|100\/100\n|-weather|SunnyDay|[from] ability: Drought|[of] p1a: Ninetales\n|move|p2a: Ninetales|Moonblast|p1a: Ninetales\n|-resisted|p1a: Ninetales\n|-damage|p1a: Ninetales|58\/100\n|\n|-weather|SunnyDay|[upkeep]\n|upkeep\n|turn|11\n|inactive|Battle timer is ON: inactive players will automatically lose when time's up. (requested by froody95)\n|\n|t:|1700422605\n|move|p2a: Ninetales|Moonblast|p1a: Ninetales\n|-resisted|p1a: Ninetales\n|-damage|p1a: Ninetales|14\/100\n|move|p1a: Ninetales|Fire Blast|p2a: Ninetales\n|-supereffective|p2a: Ninetales\n|-damage|p2a: Ninetales|0 fnt\n|faint|p2a: Ninetales\n|\n|-weather|SunnyDay|[upkeep]\n|upkeep\n|\n|t:|1700422610\n|switch|p2a: Pelipper|Pelipper, F, shiny|81\/100\n|-weather|RainDance|[from] ability: Drizzle|[of] p2a: Pelipper\n|turn|12\n|\n|t:|1700422625\n|switch|p1a: Gardevoir|Gardevoir, F|60\/100 frz\n|-ability|p1a: Gardevoir|Drizzle|[from] ability: Trace|[of] p2a: Pelipper\n|switch|p2a: Greninja|Greninja, M|100\/100\n|\n|-weather|RainDance|[upkeep]\n|-sideend|p2: froody95|move: Aurora Veil\n|upkeep\n|turn|13\n|c|\u2606froody95|gg\n|\n|t:|1700422635\n|-terastallize|p2a: Greninja|Water\n|cant|p1a: Gardevoir|frz\n|move|p2a: Greninja|Surf|p1a: Gardevoir\n|-damage|p1a: Gardevoir|0 fnt\n|faint|p1a: Gardevoir\n|-ability|p2a: Greninja|Battle Bond|boost\n|-boost|p2a: Greninja|atk|1\n|-boost|p2a: Greninja|spa|1\n|-boost|p2a: Greninja|spe|1\n|-activate|p2a: Greninja|ability: Battle Bond\n|\n|-weather|RainDance|[upkeep]\n|upkeep\n|\n|t:|1700422652\n|switch|p1a: Corviknight|Corviknight, F|100\/100\n|-ability|p1a: Corviknight|Pressure\n|turn|14\n|\n|t:|1700422656\n|move|p2a: Greninja|Surf|p1a: Corviknight\n|-damage|p1a: Corviknight|0 fnt\n|faint|p1a: Corviknight\n|\n|-weather|RainDance|[upkeep]\n|upkeep\n|c|\u2606froody95|get the sun out\n|\n|t:|1700422662\n|switch|p1a: Great Tusk|Great Tusk|100\/100\n|turn|15\n|\n|t:|1700422667\n|move|p2a: Greninja|Surf|p1a: Great Tusk\n|-supereffective|p1a: Great Tusk\n|-damage|p1a: Great Tusk|0 fnt\n|faint|p1a: Great Tusk\n|-end|p1a: Great Tusk|Protosynthesis|[silent]\n|\n|-weather|RainDance|[upkeep]\n|upkeep\n|c|\u2606froody95|noo\n|\n|t:|1700422674\n|switch|p1a: Ting-Lu|Ting-Lu|100\/100\n|-ability|p1a: Ting-Lu|Vessel of Ruin\n|turn|16\n|\n|t:|1700422681\n|move|p2a: Greninja|Surf|p1a: Ting-Lu\n|-supereffective|p1a: Ting-Lu\n|-damage|p1a: Ting-Lu|0 fnt\n|faint|p1a: Ting-Lu\n|\n|-weather|RainDance|[upkeep]\n|upkeep\n|\n|t:|1700422687\n|switch|p1a: Ninetales|Ninetales, F|14\/100\n|-weather|SunnyDay|[from] ability: Drought|[of] p1a: Ninetales\n|turn|17\n|\n|t:|1700422693\n|move|p2a: Greninja|Surf|p1a: Ninetales\n|-supereffective|p1a: Ninetales\n|-damage|p1a: Ninetales|0 fnt\n|faint|p1a: Ninetales\n|\n|win|froody95\n|raw|Lawrence1307's rating: 1145 &rarr; <strong>1126<\/strong><br \/>(-19 for losing)\n|raw|froody95's rating: 1226 &rarr; <strong>1245<\/strong><br \/>(+19 for winning)\n","uploadtime":1700422701,"views":23,"p1id":"lawrence1307","p2id":"froody95","formatid":"gen9ou","rating":1126,"private":0,"password":""}