{"id":"gen9ou-1994861323","p1":"goldenfreedy.exe","p2":"AkRAA22555","format":"[Gen 9] OU","log":"|j|\u2606goldenfreedy.exe\n|j|\u2606AkRAA22555\n|t:|1700499500\n|gametype|singles\n|player|p1|goldenfreedy.exe|steven|1104\n|player|p2|AkRAA22555|gambler|1052\n|teamsize|p1|6\n|teamsize|p2|6\n|gen|9\n|tier|[Gen 9] OU\n|rated|\n|rule|Sleep Clause Mod: Limit one foe put to sleep\n|rule|Species Clause: Limit one of each Pok\u00e9mon\n|rule|OHKO Clause: OHKO moves are banned\n|rule|Evasion Items Clause: Evasion items are banned\n|rule|Evasion Moves Clause: Evasion moves are banned\n|rule|Endless Battle Clause: Forcing endless battles is banned\n|rule|HP Percentage Mod: HP is shown in percentages\n|clearpoke\n|poke|p1|Azumarill, M|\n|poke|p1|Rillaboom, M|\n|poke|p1|Dragapult, M|\n|poke|p1|Eelektross, M|\n|poke|p1|Ludicolo, F|\n|poke|p1|Iron Valiant|\n|poke|p2|Gholdengo|\n|poke|p2|Breloom, F|\n|poke|p2|Garganacl, F|\n|poke|p2|Haxorus, F|\n|poke|p2|Grafaiai, M|\n|poke|p2|Oricorio-Pom-Pom, F|\n|teampreview\n|inactive|Battle timer is ON: inactive players will automatically lose when time's up. (requested by AkRAA22555)\n|\n|t:|1700499514\n|start\n|switch|p1a: Azumarill|Azumarill, M|100\/100\n|switch|p2a: Breloom|Breloom, F, shiny|100\/100\n|turn|1\n|\n|t:|1700499523\n|move|p2a: Breloom|Spore|p1a: Azumarill\n|-status|p1a: Azumarill|slp|[from] move: Spore\n|cant|p1a: Azumarill|slp\n|\n|upkeep\n|turn|2\n|\n|t:|1700499535\n|switch|p2a: Haxorus|Haxorus, F, shiny|100\/100\n|-ability|p2a: Haxorus|Mold Breaker\n|-curestatus|p1a: Azumarill|slp|[msg]\n|move|p1a: Azumarill|Belly Drum|p1a: Azumarill\n|-damage|p1a: Azumarill|50\/100\n|-setboost|p1a: Azumarill|atk|6|[from] move: Belly Drum\n|\n|-heal|p1a: Azumarill|57\/100|[from] item: Leftovers\n|upkeep\n|turn|3\n|\n|t:|1700499552\n|move|p2a: Haxorus|Earthquake|p1a: Azumarill\n|-damage|p1a: Azumarill|4\/100\n|-damage|p2a: Haxorus|91\/100|[from] item: Life Orb\n|move|p1a: Azumarill|Play Rough|p2a: Haxorus\n|-supereffective|p2a: Haxorus\n|-damage|p2a: Haxorus|0 fnt\n|faint|p2a: Haxorus\n|\n|-heal|p1a: Azumarill|11\/100|[from] item: Leftovers\n|upkeep\n|\n|t:|1700499568\n|switch|p2a: Breloom|Breloom, F, shiny|100\/100\n|turn|4\n|\n|t:|1700499573\n|move|p2a: Breloom|Mach Punch|p1a: Azumarill\n|-resisted|p1a: Azumarill\n|-damage|p1a: Azumarill|0 fnt\n|faint|p1a: Azumarill\n|\n|upkeep\n|\n|t:|1700499583\n|switch|p1a: Iron Valiant|Iron Valiant|100\/100\n|turn|5\n|\n|t:|1700499589\n|move|p1a: Iron Valiant|Moonblast|p2a: Breloom\n|-supereffective|p2a: Breloom\n|-damage|p2a: Breloom|0 fnt\n|faint|p2a: Breloom\n|\n|upkeep\n|\n|t:|1700499596\n|switch|p2a: Gholdengo|Gholdengo, shiny|100\/100\n|turn|6\n|\n|t:|1700499603\n|move|p2a: Gholdengo|Make It Rain|p1a: Iron Valiant\n|-supereffective|p1a: Iron Valiant\n|-enditem|p1a: Iron Valiant|Focus Sash\n|-damage|p1a: Iron Valiant|1\/100\n|-unboost|p2a: Gholdengo|spa|1\n|move|p1a: Iron Valiant|Destiny Bond|p1a: Iron Valiant\n|-singlemove|p1a: Iron Valiant|Destiny Bond\n|\n|upkeep\n|turn|7\n|\n|t:|1700499615\n|switch|p2a: Oricorio|Oricorio-Pom-Pom, F, shiny|100\/100\n|move|p1a: Iron Valiant|Destiny Bond||[still]\n|-fail|p1a: Iron Valiant\n|\n|upkeep\n|turn|8\n|\n|t:|1700499622\n|move|p2a: Oricorio|Quiver Dance|p2a: Oricorio\n|-boost|p2a: Oricorio|spa|1\n|-boost|p2a: Oricorio|spd|1\n|-boost|p2a: Oricorio|spe|1\n|move|p1a: Iron Valiant|Destiny Bond|p1a: Iron Valiant\n|-singlemove|p1a: Iron Valiant|Destiny Bond\n|\n|upkeep\n|turn|9\n|\n|t:|1700499632\n|move|p2a: Oricorio|Quiver Dance|p2a: Oricorio\n|-boost|p2a: Oricorio|spa|1\n|-boost|p2a: Oricorio|spd|1\n|-boost|p2a: Oricorio|spe|1\n|move|p1a: Iron Valiant|Destiny Bond||[still]\n|-fail|p1a: Iron Valiant\n|\n|upkeep\n|turn|10\n|\n|t:|1700499640\n|move|p2a: Oricorio|Revelation Dance|p1a: Iron Valiant\n|-damage|p1a: Iron Valiant|0 fnt\n|faint|p1a: Iron Valiant\n|-end|p1a: Iron Valiant|Quark Drive|[silent]\n|\n|upkeep\n|\n|t:|1700499649\n|switch|p1a: Dragapult|Dragapult, M|100\/100\n|turn|11\n|\n|t:|1700499657\n|-terastallize|p2a: Oricorio|Fairy\n|move|p1a: Dragapult|Hydro Pump|p2a: Oricorio\n|-damage|p2a: Oricorio|76\/100\n|move|p2a: Oricorio|Revelation Dance|p1a: Dragapult\n|-supereffective|p1a: Dragapult\n|-damage|p1a: Dragapult|0 fnt\n|faint|p1a: Dragapult\n|\n|upkeep\n|\n|t:|1700499676\n|switch|p1a: Eelektross|Eelektross, M|100\/100\n|turn|12\n|\n|t:|1700499680\n|move|p2a: Oricorio|Revelation Dance|p1a: Eelektross\n|-damage|p1a: Eelektross|11\/100\n|move|p1a: Eelektross|Dragon Tail|p2a: Oricorio\n|-immune|p2a: Oricorio\n|\n|upkeep\n|turn|13\n|\n|t:|1700499692\n|move|p2a: Oricorio|Revelation Dance|p1a: Eelektross\n|-damage|p1a: Eelektross|0 fnt\n|faint|p1a: Eelektross\n|\n|upkeep\n|\n|t:|1700499699\n|switch|p1a: Rillaboom|Rillaboom, M|100\/100\n|turn|14\n|\n|t:|1700499705\n|move|p2a: Oricorio|Revelation Dance|p1a: Rillaboom\n|-damage|p1a: Rillaboom|8\/100\n|move|p1a: Rillaboom|Earthquake|p2a: Oricorio\n|-damage|p2a: Oricorio|30\/100\n|\n|upkeep\n|turn|15\n|\n|t:|1700499713\n|move|p2a: Oricorio|Revelation Dance|p1a: Rillaboom\n|-damage|p1a: Rillaboom|0 fnt\n|faint|p1a: Rillaboom\n|\n|upkeep\n|\n|t:|1700499720\n|switch|p1a: Ludicolo|Ludicolo, F|100\/100\n|turn|16\n|\n|t:|1700499730\n|move|p2a: Oricorio|Revelation Dance|p1a: Ludicolo\n|-damage|p1a: Ludicolo|0 fnt\n|faint|p1a: Ludicolo\n|\n|win|AkRAA22555\n|raw|goldenfreedy.exe's rating: 1104 &rarr; <strong>1075<\/strong><br \/>(-29 for losing)\n|raw|AkRAA22555's rating: 1052 &rarr; <strong>1089<\/strong><br \/>(+37 for winning)\n|l|\u2606goldenfreedy.exe\n","uploadtime":1700499745,"views":6,"p1id":"goldenfreedyexe","p2id":"akraa22555","formatid":"gen9ou","rating":1075,"private":0,"password":""}