{"id":"gen9ou-1994851516","p1":"Philip Witt.","p2":"Sachx","format":"[Gen 9] OU","log":"|j|\u2606Philip Witt.\n|j|\u2606Sachx\n|t:|1700498618\n|gametype|singles\n|player|p1|Philip Witt.|calem-masters|1430\n|player|p2|Sachx|guitarist|1350\n|teamsize|p1|6\n|teamsize|p2|6\n|gen|9\n|tier|[Gen 9] OU\n|rated|\n|rule|Sleep Clause Mod: Limit one foe put to sleep\n|rule|Species Clause: Limit one of each Pok\u00e9mon\n|rule|OHKO Clause: OHKO moves are banned\n|rule|Evasion Items Clause: Evasion items are banned\n|rule|Evasion Moves Clause: Evasion moves are banned\n|rule|Endless Battle Clause: Forcing endless battles is banned\n|rule|HP Percentage Mod: HP is shown in percentages\n|clearpoke\n|poke|p1|Greninja-*, M|\n|poke|p1|Decidueye-Hisui, M|\n|poke|p1|Ursaluna, M|\n|poke|p1|Iron Valiant|\n|poke|p1|Gholdengo|\n|poke|p1|Iron Moth|\n|poke|p2|Gallade, M|\n|poke|p2|Iron Valiant|\n|poke|p2|Garganacl, F|\n|poke|p2|Rotom-Wash|\n|poke|p2|Rillaboom, F|\n|poke|p2|Corviknight, M|\n|teampreview\n|inactive|Battle timer is ON: inactive players will automatically lose when time's up. (requested by Sachx)\n|inactive|Philip Witt. also wants the timer to be on.\n|\n|t:|1700498637\n|start\n|switch|p1a: Owlbert|Decidueye-Hisui, M|100\/100\n|switch|p2a: Gallade|Gallade, M, shiny|100\/100\n|turn|1\n|\n|t:|1700498649\n|switch|p1a: Blight|Greninja, M|100\/100\n|move|p2a: Gallade|Psycho Cut|p1a: Blight\n|-immune|p1a: Blight\n|\n|upkeep\n|turn|2\n|\n|t:|1700498660\n|switch|p2a: Rotom|Rotom-Wash|100\/100\n|-terastallize|p1a: Blight|Poison\n|move|p1a: Blight|Water Shuriken|p2a: Rotom\n|-resisted|p2a: Rotom\n|-damage|p2a: Rotom|98\/100\n|-resisted|p2a: Rotom\n|-damage|p2a: Rotom|95\/100\n|-resisted|p2a: Rotom\n|-damage|p2a: Rotom|93\/100\n|-resisted|p2a: Rotom\n|-damage|p2a: Rotom|90\/100\n|-hitcount|p2a: Rotom|4\n|\n|-heal|p2a: Rotom|96\/100|[from] item: Leftovers\n|upkeep\n|turn|3\n|\n|t:|1700498678\n|switch|p1a: Owlbert|Decidueye-Hisui, M|100\/100\n|move|p2a: Rotom|Hydro Pump|p1a: Owlbert\n|-resisted|p1a: Owlbert\n|-damage|p1a: Owlbert|86\/100\n|\n|-heal|p2a: Rotom|100\/100|[from] item: Leftovers\n|upkeep\n|turn|4\n|\n|t:|1700498692\n|move|p1a: Owlbert|Trailblaze|p2a: Rotom\n|-supereffective|p2a: Rotom\n|-damage|p2a: Rotom|49\/100\n|-boost|p1a: Owlbert|spe|1\n|move|p2a: Rotom|Will-O-Wisp|p1a: Owlbert\n|-status|p1a: Owlbert|brn\n|\n|-heal|p2a: Rotom|55\/100|[from] item: Leftovers\n|-damage|p1a: Owlbert|80\/100 brn|[from] brn\n|upkeep\n|turn|5\n|\n|t:|1700498702\n|switch|p2a: Corviknight|Corviknight, M|100\/100\n|-ability|p2a: Corviknight|Pressure\n|move|p1a: Owlbert|Leaf Blade|p2a: Corviknight\n|-resisted|p2a: Corviknight\n|-damage|p2a: Corviknight|97\/100\n|-damage|p1a: Owlbert|64\/100 brn|[from] item: Rocky Helmet|[of] p2a: Corviknight\n|\n|-damage|p1a: Owlbert|58\/100 brn|[from] brn\n|upkeep\n|turn|6\n|\n|t:|1700498713\n|switch|p1a: Volcarobo|Iron Moth, shiny|100\/100\n|move|p2a: Corviknight|U-turn|p1a: Volcarobo\n|-resisted|p1a: Volcarobo\n|-crit|p1a: Volcarobo\n|-damage|p1a: Volcarobo|92\/100\n|\n|t:|1700498721\n|switch|p2a: Iron Valiant|Iron Valiant|100\/100|[from] U-turn\n|-enditem|p2a: Iron Valiant|Booster Energy\n|-activate|p2a: Iron Valiant|ability: Quark Drive|[fromitem]\n|-start|p2a: Iron Valiant|quarkdrivespe\n|\n|upkeep\n|turn|7\n|\n|t:|1700498725\n|-end|p1a: Volcarobo|Quark Drive|[silent]\n|switch|p1a: Owlbert|Decidueye-Hisui, M|58\/100 brn\n|move|p2a: Iron Valiant|Psyshock|p1a: Owlbert\n|-supereffective|p1a: Owlbert\n|-damage|p1a: Owlbert|0 fnt\n|faint|p1a: Owlbert\n|\n|upkeep\n|\n|t:|1700498733\n|switch|p1a: Volcarobo|Iron Moth, shiny|92\/100\n|turn|8\n|\n|t:|1700498739\n|move|p2a: Iron Valiant|Psyshock|p1a: Volcarobo\n|-supereffective|p1a: Volcarobo\n|-damage|p1a: Volcarobo|8\/100\n|move|p1a: Volcarobo|Sludge Wave|p2a: Iron Valiant\n|-supereffective|p2a: Iron Valiant\n|-damage|p2a: Iron Valiant|0 fnt\n|faint|p2a: Iron Valiant\n|-end|p2a: Iron Valiant|Quark Drive|[silent]\n|\n|upkeep\n|\n|t:|1700498747\n|switch|p2a: Gallade|Gallade, M, shiny|100\/100\n|turn|9\n|\n|t:|1700498750\n|move|p2a: Gallade|Shadow Sneak|p1a: Volcarobo\n|-damage|p1a: Volcarobo|0 fnt\n|faint|p1a: Volcarobo\n|-end|p1a: Volcarobo|Quark Drive|[silent]\n|\n|upkeep\n|\n|t:|1700498756\n|switch|p1a: Gallevoir|Iron Valiant, shiny|100\/100\n|turn|10\n|\n|t:|1700498774\n|switch|p2a: Corviknight|Corviknight, M|97\/100\n|-ability|p2a: Corviknight|Pressure\n|move|p1a: Gallevoir|Spirit Break|p2a: Corviknight\n|-resisted|p2a: Corviknight\n|-damage|p2a: Corviknight|83\/100\n|-unboost|p2a: Corviknight|spa|1\n|-damage|p1a: Gallevoir|84\/100|[from] item: Rocky Helmet|[of] p2a: Corviknight\n|-damage|p1a: Gallevoir|74\/100|[from] item: Life Orb\n|\n|upkeep\n|turn|11\n|\n|t:|1700498785\n|move|p1a: Gallevoir|Thunder Punch|p2a: Corviknight\n|-supereffective|p2a: Corviknight\n|-damage|p2a: Corviknight|44\/100\n|-damage|p1a: Gallevoir|57\/100|[from] item: Rocky Helmet|[of] p2a: Corviknight\n|-damage|p1a: Gallevoir|47\/100|[from] item: Life Orb\n|move|p2a: Corviknight|U-turn|p1a: Gallevoir\n|-resisted|p1a: Gallevoir\n|-damage|p1a: Gallevoir|43\/100\n|\n|t:|1700498794\n|switch|p2a: Gallade|Gallade, M, shiny|100\/100|[from] U-turn\n|\n|upkeep\n|turn|12\n|\n|t:|1700498797\n|move|p2a: Gallade|Shadow Sneak|p1a: Gallevoir\n|-damage|p1a: Gallevoir|17\/100\n|move|p1a: Gallevoir|Spirit Break|p2a: Gallade\n|-supereffective|p2a: Gallade\n|-damage|p2a: Gallade|0 fnt\n|faint|p2a: Gallade\n|-damage|p1a: Gallevoir|7\/100|[from] item: Life Orb\n|\n|upkeep\n|\n|t:|1700498803\n|switch|p2a: Corviknight|Corviknight, M|44\/100\n|-ability|p2a: Corviknight|Pressure\n|turn|13\n|\n|t:|1700498807\n|move|p1a: Gallevoir|Thunder Punch|p2a: Corviknight\n|-supereffective|p2a: Corviknight\n|-damage|p2a: Corviknight|3\/100\n|-damage|p1a: Gallevoir|0 fnt|[from] item: Rocky Helmet|[of] p2a: Corviknight\n|faint|p1a: Gallevoir\n|-end|p1a: Gallevoir|Quark Drive|[silent]\n|move|p2a: Corviknight|Roost|p2a: Corviknight\n|-heal|p2a: Corviknight|53\/100\n|-singleturn|p2a: Corviknight|move: Roost\n|\n|upkeep\n|\n|t:|1700498811\n|switch|p1a: Snails|Gholdengo, shiny|100\/100\n|-item|p1a: Snails|Air Balloon\n|turn|14\n|\n|t:|1700498820\n|switch|p2a: Rotom|Rotom-Wash|55\/100\n|move|p1a: Snails|Nasty Plot|p1a: Snails\n|-boost|p1a: Snails|spa|2\n|\n|-heal|p2a: Rotom|61\/100|[from] item: Leftovers\n|upkeep\n|turn|15\n|\n|t:|1700498827\n|move|p1a: Snails|Shadow Ball|p2a: Rotom\n|-damage|p2a: Rotom|0 fnt\n|faint|p2a: Rotom\n|\n|upkeep\n|\n|t:|1700498834\n|switch|p2a: Garganacl|Garganacl, F|100\/100\n|turn|16\n|\n|t:|1700498840\n|move|p1a: Snails|Shadow Ball|p2a: Garganacl\n|-damage|p2a: Garganacl|64\/100\n|move|p2a: Garganacl|Salt Cure|p1a: Snails\n|-resisted|p1a: Snails\n|-damage|p1a: Snails|93\/100\n|-start|p1a: Snails|Salt Cure\n|-enditem|p1a: Snails|Air Balloon\n|\n|-heal|p2a: Garganacl|70\/100|[from] item: Leftovers\n|-damage|p1a: Snails|68\/100|[from] Salt Cure\n|upkeep\n|turn|17\n|\n|t:|1700498850\n|switch|p2a: Rillaboom|Rillaboom, F|100\/100\n|-fieldstart|move: Grassy Terrain|[from] ability: Grassy Surge|[of] p2a: Rillaboom\n|move|p1a: Snails|Make It Rain|p2a: Rillaboom\n|-damage|p2a: Rillaboom|0 fnt\n|-unboost|p1a: Snails|spa|1\n|faint|p2a: Rillaboom\n|\n|-heal|p1a: Snails|74\/100|[from] Grassy Terrain\n|-damage|p1a: Snails|49\/100|[from] Salt Cure\n|upkeep\n|\n|t:|1700498862\n|switch|p2a: Corviknight|Corviknight, M|53\/100\n|-ability|p2a: Corviknight|Pressure\n|turn|18\n|\n|t:|1700498865\n|-terastallize|p2a: Corviknight|Ground\n|move|p1a: Snails|Shadow Ball|p2a: Corviknight\n|-damage|p2a: Corviknight|0 fnt\n|faint|p2a: Corviknight\n|\n|-heal|p1a: Snails|55\/100|[from] Grassy Terrain\n|-damage|p1a: Snails|30\/100|[from] Salt Cure\n|upkeep\n|\n|t:|1700498871\n|switch|p2a: Garganacl|Garganacl, F|70\/100\n|turn|19\n|\n|t:|1700498875\n|move|p1a: Snails|Make It Rain|p2a: Garganacl\n|-supereffective|p2a: Garganacl\n|-damage|p2a: Garganacl|0 fnt\n|-unboost|p1a: Snails|spa|1\n|faint|p2a: Garganacl\n|\n|win|Philip Witt.\n|raw|Philip Witt.'s rating: 1430 &rarr; <strong>1445<\/strong><br \/>(+15 for winning)\n|raw|Sachx's rating: 1350 &rarr; <strong>1335<\/strong><br \/>(-15 for losing)\n|l|\u2606Sachx\n","uploadtime":1700498878,"views":12,"p1id":"philipwitt","p2id":"sachx","formatid":"gen9ou","rating":1335,"private":0,"password":""}