{"id":"gen9ou-1999831612","p1":"Kikote13","p2":"FiodorD.","format":"[Gen 9] OU","log":"|j|\u2606Kikote13\n|j|\u2606FiodorD.\n|t:|1701120831\n|gametype|singles\n|player|p1|Kikote13|1|\n|player|p2|FiodorD.|2|\n|teamsize|p1|6\n|teamsize|p2|6\n|gen|9\n|tier|[Gen 9] OU\n|rule|Sleep Clause Mod: Limit one foe put to sleep\n|rule|Species Clause: Limit one of each Pok\u00e9mon\n|rule|OHKO Clause: OHKO moves are banned\n|rule|Evasion Items Clause: Evasion items are banned\n|rule|Evasion Moves Clause: Evasion moves are banned\n|rule|Endless Battle Clause: Forcing endless battles is banned\n|rule|HP Percentage Mod: HP is shown in percentages\n|clearpoke\n|poke|p1|Moltres|\n|poke|p1|Landorus-Therian, M|\n|poke|p1|Kingambit, F|\n|poke|p1|Cresselia, F|\n|poke|p1|Dragonite, F|\n|poke|p1|Ogerpon-Wellspring, F|\n|poke|p2|Arcanine-Hisui, M|\n|poke|p2|Greninja-*, M|\n|poke|p2|Corviknight, F|\n|poke|p2|Iron Hands|\n|poke|p2|Slowking-Galar, F|\n|poke|p2|Landorus-Therian, M|\n|teampreview\n|\n|t:|1701120845\n|start\n|switch|p1a: Moltres|Moltres|100\/100\n|switch|p2a: Greninja|Greninja, M|100\/100\n|turn|1\n|\n|t:|1701120852\n|switch|p1a: Ogerpon|Ogerpon-Wellspring, F|100\/100\n|move|p2a: Greninja|Dark Pulse|p1a: Ogerpon\n|-damage|p1a: Ogerpon|40\/100\n|\n|upkeep\n|turn|2\n|\n|t:|1701120865\n|move|p2a: Greninja|Dark Pulse|p1a: Ogerpon\n|-damage|p1a: Ogerpon|0 fnt\n|faint|p1a: Ogerpon\n|-ability|p2a: Greninja|Battle Bond|boost\n|-boost|p2a: Greninja|atk|1\n|-boost|p2a: Greninja|spa|1\n|-boost|p2a: Greninja|spe|1\n|-activate|p2a: Greninja|ability: Battle Bond\n|\n|upkeep\n|\n|t:|1701120875\n|switch|p1a: Kingambit|Kingambit, F|100\/100\n|-activate|p1a: Kingambit|ability: Supreme Overlord\n|-start|p1a: Kingambit|fallen1|[silent]\n|turn|3\n|\n|t:|1701120881\n|switch|p2a: Corviknight|Corviknight, F|100\/100\n|-ability|p2a: Corviknight|Pressure\n|move|p1a: Kingambit|Low Kick|p2a: Corviknight\n|-damage|p2a: Corviknight|81\/100\n|-damage|p1a: Kingambit|84\/100|[from] item: Rocky Helmet|[of] p2a: Corviknight\n|\n|upkeep\n|turn|4\n|c|\u2606Kikote13|Ya la he liado ajjajajaja\n|\n|t:|1701120897\n|-end|p1a: Kingambit|fallen1|[silent]\n|switch|p1a: Moltres|Moltres|100\/100\n|move|p2a: Corviknight|U-turn|p1a: Moltres\n|-resisted|p1a: Moltres\n|-damage|p1a: Moltres|97\/100\n|\n|t:|1701120906\n|switch|p2a: Arcanine|Arcanine-Hisui, M|100\/100|[from] U-turn\n|\n|upkeep\n|turn|5\n|\n|t:|1701120920\n|switch|p1a: Landorus|Landorus-Therian, M|100\/100\n|-ability|p1a: Landorus|Intimidate|boost\n|-unboost|p2a: Arcanine|atk|1\n|move|p2a: Arcanine|Head Smash|p1a: Landorus|[miss]\n|-miss|p2a: Arcanine|p1a: Landorus\n|\n|upkeep\n|turn|6\n|c|\u2606FiodorD.|jajajaja\n|\n|t:|1701120932\n|switch|p2a: Landorus|Landorus-Therian, M|100\/100\n|-ability|p2a: Landorus|Intimidate|boost\n|-unboost|p1a: Landorus|atk|1\n|move|p1a: Landorus|Stone Edge|p2a: Landorus\n|-crit|p2a: Landorus\n|-damage|p2a: Landorus|61\/100\n|\n|upkeep\n|turn|7\n|\n|t:|1701120945\n|switch|p1a: Kingambit|Kingambit, F|84\/100\n|-activate|p1a: Kingambit|ability: Supreme Overlord\n|-start|p1a: Kingambit|fallen1|[silent]\n|move|p2a: Landorus|Stealth Rock|p1a: Kingambit\n|-sidestart|p1: Kikote13|move: Stealth Rock\n|\n|upkeep\n|turn|8\n|\n|t:|1701120955\n|-end|p1a: Kingambit|fallen1|[silent]\n|switch|p1a: Moltres|Moltres|97\/100\n|move|p2a: Landorus|Earthquake|p1a: Moltres\n|-immune|p1a: Moltres\n|\n|upkeep\n|turn|9\n|\n|t:|1701120959\n|move|p2a: Landorus|U-turn|p1a: Moltres\n|-resisted|p1a: Moltres\n|-damage|p1a: Moltres|92\/100\n|\n|t:|1701120962\n|switch|p2a: Slowking|Slowking-Galar, F|100\/100|[from] U-turn\n|move|p1a: Moltres|Flamethrower|p2a: Slowking\n|-damage|p2a: Slowking|73\/100\n|\n|upkeep\n|turn|10\n|\n|t:|1701120971\n|move|p1a: Moltres|U-turn|p2a: Slowking\n|-damage|p2a: Slowking|59\/100\n|\n|t:|1701120975\n|switch|p1a: Kingambit|Kingambit, F|84\/100|[from] U-turn\n|-damage|p1a: Kingambit|78\/100|[from] Stealth Rock\n|-activate|p1a: Kingambit|ability: Supreme Overlord\n|-start|p1a: Kingambit|fallen1|[silent]\n|move|p2a: Slowking|Future Sight|p1a: Kingambit\n|-start|p2a: Slowking|move: Future Sight\n|\n|upkeep\n|turn|11\n|\n|t:|1701120983\n|-end|p1a: Kingambit|fallen1|[silent]\n|switch|p1a: Moltres|Moltres|92\/100\n|switch|p2a: Corviknight|Corviknight, F|81\/100\n|-ability|p2a: Corviknight|Pressure\n|\n|upkeep\n|turn|12\n|\n|t:|1701120996\n|switch|p2a: Slowking|Slowking-Galar, F|92\/100\n|move|p1a: Moltres|Hurricane|p2a: Slowking\n|-damage|p2a: Slowking|55\/100\n|-start|p2a: Slowking|confusion\n|\n|-end|p1a: Moltres|move: Future Sight\n|-damage|p1a: Moltres|42\/100\n|upkeep\n|turn|13\n|\n|t:|1701121008\n|switch|p2a: Iron Hands|Iron Hands|100\/100\n|move|p1a: Moltres|Roost|p1a: Moltres\n|-heal|p1a: Moltres|92\/100\n|-singleturn|p1a: Moltres|move: Roost\n|\n|upkeep\n|turn|14\n|\n|t:|1701121022\n|switch|p1a: Landorus|Landorus-Therian, M|100\/100\n|-damage|p1a: Landorus|88\/100|[from] Stealth Rock\n|-ability|p1a: Landorus|Intimidate|boost\n|-unboost|p2a: Iron Hands|atk|1\n|move|p2a: Iron Hands|Ice Punch|p1a: Landorus\n|-supereffective|p1a: Landorus\n|-damage|p1a: Landorus|0 fnt\n|faint|p1a: Landorus\n|\n|upkeep\n|c|\u2606Kikote13|Iuuuuuuu vaya product lokoooo\n|c|\u2606Kikote13|SUUUUU\n|\n|t:|1701121047\n|switch|p1a: Cresselia|Cresselia, F|100\/100\n|-damage|p1a: Cresselia|88\/100|[from] Stealth Rock\n|turn|15\n|\n|t:|1701121051\n|-end|p2a: Iron Hands|Quark Drive|[silent]\n|switch|p2a: Slowking|Slowking-Galar, F|89\/100\n|move|p1a: Cresselia|Calm Mind|p1a: Cresselia\n|-boost|p1a: Cresselia|spa|1\n|-boost|p1a: Cresselia|spd|1\n|\n|-heal|p1a: Cresselia|94\/100|[from] item: Leftovers\n|upkeep\n|turn|16\n|\n|t:|1701121065\n|move|p1a: Cresselia|Calm Mind|p1a: Cresselia\n|-boost|p1a: Cresselia|spa|1\n|-boost|p1a: Cresselia|spd|1\n|move|p2a: Slowking|Chilly Reception|p2a: Slowking\n|-weather|Snow\n|\n|t:|1701121073\n|switch|p2a: Arcanine|Arcanine-Hisui, M|100\/100|[from] Chilly Reception\n|\n|-weather|Snow|[upkeep]\n|-heal|p1a: Cresselia|99\/100|[from] item: Leftovers\n|upkeep\n|turn|17\n|\n|t:|1701121079\n|move|p2a: Arcanine|Head Smash|p1a: Cresselia\n|-damage|p1a: Cresselia|19\/100\n|move|p1a: Cresselia|Moonblast|p2a: Arcanine\n|-resisted|p2a: Arcanine\n|-damage|p2a: Arcanine|71\/100\n|-unboost|p2a: Arcanine|spa|1\n|\n|-weather|Snow|[upkeep]\n|-heal|p1a: Cresselia|25\/100|[from] item: Leftovers\n|upkeep\n|turn|18\n|\n|t:|1701121086\n|move|p2a: Arcanine|Head Smash|p1a: Cresselia\n|-damage|p1a: Cresselia|0 fnt\n|faint|p1a: Cresselia\n|\n|-weather|Snow|[upkeep]\n|upkeep\n|\n|t:|1701121088\n|switch|p1a: Moltres|Moltres|92\/100\n|turn|19\n|\n|t:|1701121091\n|move|p2a: Arcanine|Head Smash|p1a: Moltres\n|-supereffective|p1a: Moltres\n|-damage|p1a: Moltres|0 fnt\n|faint|p1a: Moltres\n|\n|-weather|Snow|[upkeep]\n|upkeep\n|\n|t:|1701121093\n|switch|p1a: Dragonite|Dragonite, F|100\/100\n|turn|20\n|\n|t:|1701121098\n|move|p2a: Arcanine|Head Smash|p1a: Dragonite\n|-supereffective|p1a: Dragonite\n|-damage|p1a: Dragonite|0 fnt\n|faint|p1a: Dragonite\n|\n|-weather|none\n|upkeep\n|\n|t:|1701121100\n|switch|p1a: Kingambit|Kingambit, F|78\/100\n|-damage|p1a: Kingambit|72\/100|[from] Stealth Rock\n|-activate|p1a: Kingambit|ability: Supreme Overlord\n|-start|p1a: Kingambit|fallen5|[silent]\n|turn|21\n|c|\u2606Kikote13|Gg\n|\n|t:|1701121105\n|switch|p2a: Landorus|Landorus-Therian, M|61\/100\n|-ability|p2a: Landorus|Intimidate|boost\n|-unboost|p1a: Kingambit|atk|1\n|move|p1a: Kingambit|Low Kick|p2a: Landorus\n|-resisted|p2a: Landorus\n|-damage|p2a: Landorus|52\/100\n|-damage|p1a: Kingambit|55\/100|[from] item: Rocky Helmet|[of] p2a: Landorus\n|\n|upkeep\n|turn|22\n|c|\u2606FiodorD.|gg\n|\n|t:|1701121113\n|move|p1a: Kingambit|Low Kick|p2a: Landorus\n|-resisted|p2a: Landorus\n|-damage|p2a: Landorus|42\/100\n|-damage|p1a: Kingambit|39\/100|[from] item: Rocky Helmet|[of] p2a: Landorus\n|move|p2a: Landorus|Earthquake|p1a: Kingambit\n|-supereffective|p1a: Kingambit\n|-damage|p1a: Kingambit|0 fnt\n|faint|p1a: Kingambit\n|-end|p1a: Kingambit|fallen5|[silent]\n|\n|win|FiodorD.\n|c|\u2606Kikote13|P\u00e1salo porfa\n|c|\u2606FiodorD.|voy\n|l|\u2606Kikote13\n","uploadtime":1701121128,"views":16,"p1id":"kikote13","p2id":"fiodord","formatid":"gen9ou","rating":0,"private":0,"password":""}