{"id":"gen9ou-1991019553","p1":"rj yoip","p2":"FishOfTheSea","format":"[Gen 9] OU","log":"|j|\u2606rj yoip\n|j|\u2606FishOfTheSea\n|t:|1700029075\n|gametype|singles\n|player|p1|rj yoip|iono|1531\n|player|p2|FishOfTheSea|unknown|1565\n|teamsize|p1|6\n|teamsize|p2|6\n|gen|9\n|tier|[Gen 9] OU\n|rated|\n|rule|Sleep Clause Mod: Limit one foe put to sleep\n|rule|Species Clause: Limit one of each Pok\u00e9mon\n|rule|OHKO Clause: OHKO moves are banned\n|rule|Evasion Items Clause: Evasion items are banned\n|rule|Evasion Moves Clause: Evasion moves are banned\n|rule|Endless Battle Clause: Forcing endless battles is banned\n|rule|HP Percentage Mod: HP is shown in percentages\n|clearpoke\n|poke|p1|Slowking-Galar, M|\n|poke|p1|Zapdos|\n|poke|p1|Garganacl, F|\n|poke|p1|Salamence, F|\n|poke|p1|Kingambit, F|\n|poke|p1|Iron Valiant|\n|poke|p2|Gholdengo|\n|poke|p2|Dondozo, M|\n|poke|p2|Slowking-Galar, M|\n|poke|p2|Ting-Lu|\n|poke|p2|Rillaboom, F|\n|poke|p2|Cinderace, F|\n|teampreview\n|inactive|Battle timer is ON: inactive players will automatically lose when time's up. (requested by FishOfTheSea)\n|\n|t:|1700029085\n|start\n|switch|p1a: Garganacl|Garganacl, F|100\/100\n|switch|p2a: Ting-Lu|Ting-Lu|100\/100\n|-ability|p2a: Ting-Lu|Vessel of Ruin\n|turn|1\n|\n|t:|1700029087\n|move|p2a: Ting-Lu|Stealth Rock|p1a: Garganacl\n|-sidestart|p1: rj yoip|move: Stealth Rock\n|move|p1a: Garganacl|Salt Cure|p2a: Ting-Lu\n|-resisted|p2a: Ting-Lu\n|-damage|p2a: Ting-Lu|96\/100\n|-start|p2a: Ting-Lu|Salt Cure\n|\n|-heal|p2a: Ting-Lu|100\/100|[from] item: Leftovers\n|-damage|p2a: Ting-Lu|88\/100|[from] Salt Cure\n|upkeep\n|turn|2\n|\n|t:|1700029091\n|switch|p2a: Rillaboom|Rillaboom, F|100\/100\n|-fieldstart|move: Grassy Terrain|[from] ability: Grassy Surge|[of] p2a: Rillaboom\n|move|p1a: Garganacl|Stealth Rock|p2a: Rillaboom\n|-sidestart|p2: FishOfTheSea|move: Stealth Rock\n|\n|upkeep\n|turn|3\n|\n|t:|1700029094\n|move|p1a: Garganacl|Protect|p1a: Garganacl\n|-singleturn|p1a: Garganacl|Protect\n|move|p2a: Rillaboom|Knock Off|p1a: Garganacl\n|-activate|p1a: Garganacl|move: Protect\n|\n|upkeep\n|turn|4\n|\n|t:|1700029100\n|switch|p1a: Zapdos|Zapdos|100\/100\n|move|p2a: Rillaboom|Knock Off|p1a: Zapdos\n|-damage|p1a: Zapdos|55\/100\n|-enditem|p1a: Zapdos|Heavy-Duty Boots|[from] move: Knock Off|[of] p2a: Rillaboom\n|\n|upkeep\n|turn|5\n|\n|t:|1700029103\n|switch|p2a: Slowking|Slowking-Galar, M|100\/100\n|move|p1a: Zapdos|Roost|p1a: Zapdos\n|-heal|p1a: Zapdos|100\/100\n|-singleturn|p1a: Zapdos|move: Roost\n|\n|upkeep\n|turn|6\n|\n|t:|1700029106\n|move|p1a: Zapdos|Volt Switch|p2a: Slowking\n|-damage|p2a: Slowking|83\/100\n|\n|t:|1700029111\n|switch|p1a: Kingambit|Kingambit, F|100\/100|[from] Volt Switch\n|-damage|p1a: Kingambit|94\/100|[from] Stealth Rock\n|move|p2a: Slowking|Chilly Reception|p2a: Slowking\n|-weather|Snow\n|\n|t:|1700029116\n|switch|p2a: Cinderace|Cinderace, F|100\/100|[from] Chilly Reception\n|\n|-weather|Snow|[upkeep]\n|-heal|p1a: Kingambit|100\/100|[from] Grassy Terrain\n|-fieldend|move: Grassy Terrain\n|upkeep\n|turn|7\n|\n|t:|1700029120\n|-end|p1a: Kingambit|fallenundefined|[silent]\n|switch|p1a: Garganacl|Garganacl, F|100\/100\n|-damage|p1a: Garganacl|88\/100|[from] Stealth Rock\n|move|p2a: Cinderace|U-turn|p1a: Garganacl\n|-damage|p1a: Garganacl|78\/100\n|\n|t:|1700029125\n|switch|p2a: Rillaboom|Rillaboom, F|100\/100|[from] U-turn\n|-damage|p2a: Rillaboom|88\/100|[from] Stealth Rock\n|-fieldstart|move: Grassy Terrain|[from] ability: Grassy Surge|[of] p2a: Rillaboom\n|\n|-weather|Snow|[upkeep]\n|-heal|p2a: Rillaboom|94\/100|[from] Grassy Terrain\n|-heal|p1a: Garganacl|84\/100|[from] Grassy Terrain\n|-heal|p1a: Garganacl|90\/100|[from] item: Leftovers\n|upkeep\n|turn|8\n|\n|t:|1700029129\n|move|p1a: Garganacl|Protect|p1a: Garganacl\n|-singleturn|p1a: Garganacl|Protect\n|move|p2a: Rillaboom|U-turn|p1a: Garganacl\n|-activate|p1a: Garganacl|move: Protect\n|\n|-weather|Snow|[upkeep]\n|-heal|p2a: Rillaboom|100\/100|[from] Grassy Terrain\n|-heal|p1a: Garganacl|96\/100|[from] Grassy Terrain\n|-heal|p1a: Garganacl|100\/100|[from] item: Leftovers\n|upkeep\n|turn|9\n|\n|t:|1700029131\n|switch|p1a: Zapdos|Zapdos|100\/100\n|-damage|p1a: Zapdos|75\/100|[from] Stealth Rock\n|move|p2a: Rillaboom|U-turn|p1a: Zapdos\n|-resisted|p1a: Zapdos\n|-damage|p1a: Zapdos|57\/100\n|\n|t:|1700029136\n|switch|p2a: Slowking|Slowking-Galar, M|100\/100|[from] U-turn\n|\n|-weather|Snow|[upkeep]\n|upkeep\n|turn|10\n|\n|t:|1700029138\n|move|p1a: Zapdos|Roost|p1a: Zapdos\n|-heal|p1a: Zapdos|100\/100\n|-singleturn|p1a: Zapdos|move: Roost\n|move|p2a: Slowking|Sludge Bomb|p1a: Zapdos\n|-damage|p1a: Zapdos|65\/100\n|\n|-weather|none\n|-heal|p1a: Zapdos|71\/100|[from] Grassy Terrain\n|upkeep\n|turn|11\n|\n|t:|1700029142\n|move|p1a: Zapdos|Volt Switch|p2a: Slowking\n|-damage|p2a: Slowking|83\/100\n|\n|t:|1700029145\n|switch|p1a: Slowking|Slowking-Galar, M|100\/100|[from] Volt Switch\n|move|p2a: Slowking|Chilly Reception|p2a: Slowking\n|-weather|Snow\n|\n|t:|1700029152\n|switch|p2a: Ting-Lu|Ting-Lu|88\/100|[from] Chilly Reception\n|-damage|p2a: Ting-Lu|82\/100|[from] Stealth Rock\n|-ability|p2a: Ting-Lu|Vessel of Ruin\n|\n|-weather|Snow|[upkeep]\n|-heal|p2a: Ting-Lu|88\/100|[from] Grassy Terrain\n|-heal|p2a: Ting-Lu|94\/100|[from] item: Leftovers\n|-fieldend|move: Grassy Terrain\n|upkeep\n|turn|12\n|\n|t:|1700029156\n|move|p2a: Ting-Lu|Earthquake|p1a: Slowking\n|-supereffective|p1a: Slowking\n|-damage|p1a: Slowking|45\/100\n|move|p1a: Slowking|Chilly Reception|p1a: Slowking\n|\n|t:|1700029161\n|switch|p1a: Salamence|Salamence, F|100\/100|[from] Chilly Reception\n|-ability|p1a: Salamence|Intimidate|boost\n|-unboost|p2a: Ting-Lu|atk|1\n|\n|-weather|Snow|[upkeep]\n|-heal|p2a: Ting-Lu|100\/100|[from] item: Leftovers\n|upkeep\n|turn|13\n|\n|t:|1700029165\n|move|p1a: Salamence|Dragon Dance|p1a: Salamence\n|-boost|p1a: Salamence|atk|1\n|-boost|p1a: Salamence|spe|1\n|move|p2a: Ting-Lu|Whirlwind|p1a: Salamence\n|drag|p1a: Kingambit|Kingambit, F|100\/100\n|-damage|p1a: Kingambit|94\/100|[from] Stealth Rock\n|\n|-weather|Snow|[upkeep]\n|-heal|p1a: Kingambit|100\/100|[from] item: Leftovers\n|upkeep\n|turn|14\n|\n|t:|1700029170\n|move|p1a: Kingambit|Swords Dance|p1a: Kingambit\n|-boost|p1a: Kingambit|atk|2\n|move|p2a: Ting-Lu|Ruination|p1a: Kingambit\n|-damage|p1a: Kingambit|50\/100\n|\n|-weather|Snow|[upkeep]\n|-heal|p1a: Kingambit|57\/100|[from] item: Leftovers\n|upkeep\n|turn|15\n|\n|t:|1700029172\n|switch|p2a: Dondozo|Dondozo, M|100\/100\n|move|p1a: Kingambit|Iron Head|p2a: Dondozo\n|-resisted|p2a: Dondozo\n|-damage|p2a: Dondozo|90\/100\n|\n|-weather|none\n|-heal|p1a: Kingambit|63\/100|[from] item: Leftovers\n|upkeep\n|turn|16\n|\n|t:|1700029175\n|-end|p1a: Kingambit|fallenundefined|[silent]\n|switch|p1a: Zapdos|Zapdos|71\/100\n|-damage|p1a: Zapdos|46\/100|[from] Stealth Rock\n|move|p2a: Dondozo|Body Press|p1a: Zapdos\n|-resisted|p1a: Zapdos\n|-damage|p1a: Zapdos|33\/100\n|-status|p2a: Dondozo|par|[from] ability: Static|[of] p1a: Zapdos\n|\n|upkeep\n|turn|17\n|\n|t:|1700029178\n|switch|p2a: Slowking|Slowking-Galar, M|100\/100\n|move|p1a: Zapdos|Roost|p1a: Zapdos\n|-heal|p1a: Zapdos|83\/100\n|-singleturn|p1a: Zapdos|move: Roost\n|\n|upkeep\n|turn|18\n|\n|t:|1700029181\n|move|p1a: Zapdos|Volt Switch|p2a: Slowking\n|-damage|p2a: Slowking|83\/100\n|\n|t:|1700029184\n|switch|p1a: Kingambit|Kingambit, F|63\/100|[from] Volt Switch\n|-damage|p1a: Kingambit|57\/100|[from] Stealth Rock\n|move|p2a: Slowking|Future Sight|p1a: Kingambit\n|-start|p2a: Slowking|move: Future Sight\n|\n|-heal|p1a: Kingambit|63\/100|[from] item: Leftovers\n|upkeep\n|turn|19\n|\n|t:|1700029187\n|switch|p2a: Dondozo|Dondozo, M|90\/100 par\n|move|p1a: Kingambit|Kowtow Cleave|p2a: Dondozo\n|-damage|p2a: Dondozo|67\/100 par\n|\n|-heal|p1a: Kingambit|69\/100|[from] item: Leftovers\n|upkeep\n|turn|20\n|\n|t:|1700029190\n|-end|p1a: Kingambit|fallenundefined|[silent]\n|switch|p1a: Zapdos|Zapdos|83\/100\n|-damage|p1a: Zapdos|58\/100|[from] Stealth Rock\n|move|p2a: Dondozo|Body Press|p1a: Zapdos\n|-resisted|p1a: Zapdos\n|-damage|p1a: Zapdos|46\/100\n|\n|-end|p1a: Zapdos|move: Future Sight\n|-damage|p1a: Zapdos|5\/100\n|upkeep\n|turn|21\n|\n|t:|1700029197\n|switch|p2a: Slowking|Slowking-Galar, M|100\/100\n|move|p1a: Zapdos|Roost|p1a: Zapdos\n|-heal|p1a: Zapdos|55\/100\n|-singleturn|p1a: Zapdos|move: Roost\n|\n|upkeep\n|turn|22\n|\n|t:|1700029199\n|move|p1a: Zapdos|Roost|p1a: Zapdos\n|-heal|p1a: Zapdos|100\/100\n|-singleturn|p1a: Zapdos|move: Roost\n|move|p2a: Slowking|Sludge Bomb|p1a: Zapdos\n|-damage|p1a: Zapdos|65\/100\n|\n|upkeep\n|turn|23\n|\n|t:|1700029204\n|move|p1a: Zapdos|Volt Switch|p2a: Slowking\n|-damage|p2a: Slowking|81\/100\n|\n|t:|1700029218\n|switch|p1a: Garganacl|Garganacl, F|100\/100|[from] Volt Switch\n|-damage|p1a: Garganacl|88\/100|[from] Stealth Rock\n|move|p2a: Slowking|Chilly Reception|p2a: Slowking\n|-weather|Snow\n|\n|t:|1700029225\n|switch|p2a: Rillaboom|Rillaboom, F|100\/100|[from] Chilly Reception\n|-damage|p2a: Rillaboom|88\/100|[from] Stealth Rock\n|-fieldstart|move: Grassy Terrain|[from] ability: Grassy Surge|[of] p2a: Rillaboom\n|\n|-weather|Snow|[upkeep]\n|-heal|p2a: Rillaboom|94\/100|[from] Grassy Terrain\n|-heal|p1a: Garganacl|94\/100|[from] Grassy Terrain\n|-heal|p1a: Garganacl|100\/100|[from] item: Leftovers\n|upkeep\n|turn|24\n|\n|t:|1700029230\n|move|p1a: Garganacl|Protect|p1a: Garganacl\n|-singleturn|p1a: Garganacl|Protect\n|move|p2a: Rillaboom|Grassy Glide|p1a: Garganacl\n|-activate|p1a: Garganacl|move: Protect\n|\n|-weather|Snow|[upkeep]\n|-heal|p2a: Rillaboom|100\/100|[from] Grassy Terrain\n|upkeep\n|turn|25\n|\n|t:|1700029233\n|switch|p1a: Zapdos|Zapdos|65\/100\n|-damage|p1a: Zapdos|40\/100|[from] Stealth Rock\n|move|p2a: Rillaboom|Grassy Glide|p1a: Zapdos\n|-resisted|p1a: Zapdos\n|-damage|p1a: Zapdos|13\/100\n|-status|p2a: Rillaboom|par|[from] ability: Static|[of] p1a: Zapdos\n|\n|-weather|Snow|[upkeep]\n|upkeep\n|turn|26\n|\n|t:|1700029240\n|cant|p2a: Rillaboom|par\n|move|p1a: Zapdos|Roost|p1a: Zapdos\n|-heal|p1a: Zapdos|63\/100\n|-singleturn|p1a: Zapdos|move: Roost\n|\n|-weather|Snow|[upkeep]\n|-heal|p1a: Zapdos|69\/100|[from] Grassy Terrain\n|upkeep\n|turn|27\n|\n|t:|1700029244\n|switch|p2a: Slowking|Slowking-Galar, M|100\/100\n|move|p1a: Zapdos|Hurricane|p2a: Slowking|[miss]\n|-miss|p1a: Zapdos|p2a: Slowking\n|\n|-weather|none\n|-fieldend|move: Grassy Terrain\n|upkeep\n|turn|28\n|\n|t:|1700029260\n|move|p1a: Zapdos|Discharge|p2a: Slowking\n|-damage|p2a: Slowking|81\/100\n|move|p2a: Slowking|Sludge Bomb|p1a: Zapdos\n|-damage|p1a: Zapdos|37\/100\n|\n|upkeep\n|turn|29\n|\n|t:|1700029266\n|move|p1a: Zapdos|Roost|p1a: Zapdos\n|-heal|p1a: Zapdos|87\/100\n|-singleturn|p1a: Zapdos|move: Roost\n|move|p2a: Slowking|Sludge Bomb|p1a: Zapdos\n|-damage|p1a: Zapdos|57\/100\n|-status|p1a: Zapdos|psn\n|\n|-damage|p1a: Zapdos|44\/100 psn|[from] psn\n|upkeep\n|turn|30\n|\n|t:|1700029271\n|switch|p2a: Ting-Lu|Ting-Lu|100\/100\n|-damage|p2a: Ting-Lu|94\/100|[from] Stealth Rock\n|-ability|p2a: Ting-Lu|Vessel of Ruin\n|move|p1a: Zapdos|Discharge|p2a: Ting-Lu\n|-immune|p2a: Ting-Lu\n|\n|-heal|p2a: Ting-Lu|100\/100|[from] item: Leftovers\n|-damage|p1a: Zapdos|32\/100 psn|[from] psn\n|upkeep\n|turn|31\n|\n|t:|1700029277\n|move|p1a: Zapdos|Hurricane|p2a: Ting-Lu\n|-damage|p2a: Ting-Lu|82\/100\n|move|p2a: Ting-Lu|Earthquake|p1a: Zapdos\n|-immune|p1a: Zapdos\n|\n|-heal|p2a: Ting-Lu|88\/100|[from] item: Leftovers\n|-damage|p1a: Zapdos|19\/100 psn|[from] psn\n|upkeep\n|turn|32\n|\n|t:|1700029281\n|switch|p2a: Slowking|Slowking-Galar, M|100\/100\n|move|p1a: Zapdos|Roost|p1a: Zapdos\n|-heal|p1a: Zapdos|69\/100 psn\n|-singleturn|p1a: Zapdos|move: Roost\n|\n|-damage|p1a: Zapdos|57\/100 psn|[from] psn\n|upkeep\n|turn|33\n|\n|t:|1700029284\n|switch|p2a: Ting-Lu|Ting-Lu|88\/100\n|-damage|p2a: Ting-Lu|82\/100|[from] Stealth Rock\n|-ability|p2a: Ting-Lu|Vessel of Ruin\n|move|p1a: Zapdos|Hurricane|p2a: Ting-Lu\n|-damage|p2a: Ting-Lu|62\/100\n|\n|-heal|p2a: Ting-Lu|68\/100|[from] item: Leftovers\n|-damage|p1a: Zapdos|44\/100 psn|[from] psn\n|upkeep\n|turn|34\n|\n|t:|1700029287\n|switch|p2a: Slowking|Slowking-Galar, M|100\/100\n|move|p1a: Zapdos|Hurricane|p2a: Slowking|[miss]\n|-miss|p1a: Zapdos|p2a: Slowking\n|\n|-damage|p1a: Zapdos|32\/100 psn|[from] psn\n|upkeep\n|turn|35\n|\n|t:|1700029291\n|move|p1a: Zapdos|Hurricane|p2a: Slowking\n|-damage|p2a: Slowking|74\/100\n|move|p2a: Slowking|Chilly Reception|p2a: Slowking\n|-weather|Snow\n|\n|t:|1700029294\n|switch|p2a: Ting-Lu|Ting-Lu|68\/100|[from] Chilly Reception\n|-damage|p2a: Ting-Lu|62\/100|[from] Stealth Rock\n|-ability|p2a: Ting-Lu|Vessel of Ruin\n|\n|-weather|Snow|[upkeep]\n|-heal|p2a: Ting-Lu|68\/100|[from] item: Leftovers\n|-damage|p1a: Zapdos|19\/100 psn|[from] psn\n|upkeep\n|turn|36\n|\n|t:|1700029297\n|switch|p2a: Slowking|Slowking-Galar, M|100\/100\n|move|p1a: Zapdos|Hurricane|p2a: Slowking\n|-damage|p2a: Slowking|72\/100\n|\n|-weather|Snow|[upkeep]\n|-damage|p1a: Zapdos|7\/100 psn|[from] psn\n|upkeep\n|turn|37\n|\n|t:|1700029300\n|move|p1a: Zapdos|Hurricane|p2a: Slowking\n|-damage|p2a: Slowking|45\/100\n|move|p2a: Slowking|Chilly Reception|p2a: Slowking\n|\n|t:|1700029309\n|switch|p2a: Ting-Lu|Ting-Lu|68\/100|[from] Chilly Reception\n|-damage|p2a: Ting-Lu|62\/100|[from] Stealth Rock\n|-ability|p2a: Ting-Lu|Vessel of Ruin\n|\n|-weather|Snow|[upkeep]\n|-heal|p2a: Ting-Lu|68\/100|[from] item: Leftovers\n|-damage|p1a: Zapdos|0 fnt|[from] psn\n|faint|p1a: Zapdos\n|upkeep\n|\n|t:|1700029311\n|switch|p1a: Iron Valiant|Iron Valiant|100\/100\n|-damage|p1a: Iron Valiant|94\/100|[from] Stealth Rock\n|turn|38\n|\n|t:|1700029319\n|switch|p2a: Slowking|Slowking-Galar, M|78\/100\n|move|p1a: Iron Valiant|Trick|p2a: Slowking\n|-activate|p1a: Iron Valiant|move: Trick|[of] p2a: Slowking\n|-item|p2a: Slowking|Choice Scarf|[from] move: Trick\n|-item|p1a: Iron Valiant|Heavy-Duty Boots|[from] move: Trick\n|\n|-weather|Snow|[upkeep]\n|upkeep\n|turn|39\n|\n|t:|1700029323\n|-end|p1a: Iron Valiant|Quark Drive|[silent]\n|switch|p1a: Garganacl|Garganacl, F|100\/100\n|-damage|p1a: Garganacl|88\/100|[from] Stealth Rock\n|move|p2a: Slowking|Chilly Reception|p2a: Slowking\n|\n|t:|1700029326\n|switch|p2a: Rillaboom|Rillaboom, F|100\/100 par|[from] Chilly Reception\n|-damage|p2a: Rillaboom|88\/100 par|[from] Stealth Rock\n|-fieldstart|move: Grassy Terrain|[from] ability: Grassy Surge|[of] p2a: Rillaboom\n|\n|-weather|none\n|-heal|p2a: Rillaboom|94\/100 par|[from] Grassy Terrain\n|-heal|p1a: Garganacl|94\/100|[from] Grassy Terrain\n|-heal|p1a: Garganacl|100\/100|[from] item: Leftovers\n|upkeep\n|turn|40\n|\n|t:|1700029328\n|move|p1a: Garganacl|Protect|p1a: Garganacl\n|-singleturn|p1a: Garganacl|Protect\n|move|p2a: Rillaboom|Knock Off|p1a: Garganacl\n|-activate|p1a: Garganacl|move: Protect\n|\n|-heal|p2a: Rillaboom|100\/100 par|[from] Grassy Terrain\n|upkeep\n|turn|41\n|\n|t:|1700029333\n|switch|p1a: Iron Valiant|Iron Valiant|94\/100\n|cant|p2a: Rillaboom|par\n|\n|-heal|p1a: Iron Valiant|100\/100|[from] Grassy Terrain\n|upkeep\n|turn|42\n|\n|t:|1700029338\n|-end|p1a: Iron Valiant|Quark Drive|[silent]\n|switch|p1a: Garganacl|Garganacl, F|100\/100\n|-damage|p1a: Garganacl|88\/100|[from] Stealth Rock\n|switch|p2a: Slowking|Slowking-Galar, M|100\/100\n|-damage|p2a: Slowking|88\/100|[from] Stealth Rock\n|\n|-heal|p1a: Garganacl|94\/100|[from] Grassy Terrain\n|-heal|p1a: Garganacl|100\/100|[from] item: Leftovers\n|-heal|p2a: Slowking|94\/100|[from] Grassy Terrain\n|upkeep\n|turn|43\n|\n|t:|1700029340\n|move|p1a: Garganacl|Salt Cure|p2a: Slowking\n|-damage|p2a: Slowking|81\/100\n|-start|p2a: Slowking|Salt Cure\n|move|p2a: Slowking|Chilly Reception|p2a: Slowking\n|-weather|Snow\n|\n|t:|1700029344\n|switch|p2a: Ting-Lu|Ting-Lu|68\/100|[from] Chilly Reception\n|-damage|p2a: Ting-Lu|62\/100|[from] Stealth Rock\n|-ability|p2a: Ting-Lu|Vessel of Ruin\n|\n|-weather|Snow|[upkeep]\n|-heal|p2a: Ting-Lu|68\/100|[from] Grassy Terrain\n|-heal|p2a: Ting-Lu|74\/100|[from] item: Leftovers\n|-fieldend|move: Grassy Terrain\n|upkeep\n|turn|44\n|\n|t:|1700029346\n|move|p2a: Ting-Lu|Earthquake|p1a: Garganacl\n|-supereffective|p1a: Garganacl\n|-damage|p1a: Garganacl|57\/100\n|move|p1a: Garganacl|Salt Cure|p2a: Ting-Lu\n|-resisted|p2a: Ting-Lu\n|-damage|p2a: Ting-Lu|70\/100\n|-start|p2a: Ting-Lu|Salt Cure\n|\n|-weather|Snow|[upkeep]\n|-heal|p2a: Ting-Lu|77\/100|[from] item: Leftovers\n|-heal|p1a: Garganacl|63\/100|[from] item: Leftovers\n|-damage|p2a: Ting-Lu|64\/100|[from] Salt Cure\n|upkeep\n|turn|45\n|\n|t:|1700029350\n|switch|p2a: Slowking|Slowking-Galar, M|100\/100\n|-damage|p2a: Slowking|88\/100|[from] Stealth Rock\n|move|p1a: Garganacl|Salt Cure|p2a: Slowking\n|-damage|p2a: Slowking|73\/100\n|-start|p2a: Slowking|Salt Cure\n|\n|-weather|Snow|[upkeep]\n|-heal|p1a: Garganacl|69\/100|[from] item: Leftovers\n|-damage|p2a: Slowking|60\/100|[from] Salt Cure\n|upkeep\n|turn|46\n|\n|t:|1700029353\n|move|p1a: Garganacl|Salt Cure|p2a: Slowking\n|-damage|p2a: Slowking|46\/100\n|move|p2a: Slowking|Chilly Reception|p2a: Slowking\n|\n|t:|1700029355\n|switch|p2a: Gholdengo|Gholdengo|100\/100|[from] Chilly Reception\n|-damage|p2a: Gholdengo|94\/100|[from] Stealth Rock\n|-item|p2a: Gholdengo|Air Balloon\n|\n|-weather|Snow|[upkeep]\n|-heal|p1a: Garganacl|75\/100|[from] item: Leftovers\n|upkeep\n|turn|47\n|\n|t:|1700029358\n|-terastallize|p1a: Garganacl|Water\n|move|p2a: Gholdengo|Make It Rain|p1a: Garganacl\n|-resisted|p1a: Garganacl\n|-damage|p1a: Garganacl|50\/100\n|-unboost|p2a: Gholdengo|spa|1\n|move|p1a: Garganacl|Salt Cure|p2a: Gholdengo\n|-resisted|p2a: Gholdengo\n|-damage|p2a: Gholdengo|86\/100\n|-start|p2a: Gholdengo|Salt Cure\n|-enditem|p2a: Gholdengo|Air Balloon\n|\n|-weather|none\n|-heal|p1a: Garganacl|56\/100|[from] item: Leftovers\n|-damage|p2a: Gholdengo|61\/100|[from] Salt Cure\n|upkeep\n|turn|48\n|\n|t:|1700029361\n|switch|p2a: Slowking|Slowking-Galar, M|79\/100\n|-damage|p2a: Slowking|66\/100|[from] Stealth Rock\n|move|p1a: Garganacl|Salt Cure|p2a: Slowking\n|-damage|p2a: Slowking|52\/100\n|-start|p2a: Slowking|Salt Cure\n|\n|-heal|p1a: Garganacl|62\/100|[from] item: Leftovers\n|-damage|p2a: Slowking|40\/100|[from] Salt Cure\n|upkeep\n|turn|49\n|\n|t:|1700029364\n|move|p1a: Garganacl|Salt Cure|p2a: Slowking\n|-damage|p2a: Slowking|26\/100\n|move|p2a: Slowking|Chilly Reception|p2a: Slowking\n|-weather|Snow\n|\n|t:|1700029367\n|switch|p2a: Rillaboom|Rillaboom, F|100\/100 par|[from] Chilly Reception\n|-damage|p2a: Rillaboom|88\/100 par|[from] Stealth Rock\n|-fieldstart|move: Grassy Terrain|[from] ability: Grassy Surge|[of] p2a: Rillaboom\n|\n|-weather|Snow|[upkeep]\n|-heal|p2a: Rillaboom|94\/100 par|[from] Grassy Terrain\n|-heal|p1a: Garganacl|68\/100|[from] Grassy Terrain\n|-heal|p1a: Garganacl|74\/100|[from] item: Leftovers\n|upkeep\n|turn|50\n|\n|t:|1700029372\n|move|p1a: Garganacl|Protect|p1a: Garganacl\n|-singleturn|p1a: Garganacl|Protect\n|move|p2a: Rillaboom|Grassy Glide|p1a: Garganacl\n|-activate|p1a: Garganacl|move: Protect\n|\n|-weather|Snow|[upkeep]\n|-heal|p2a: Rillaboom|100\/100 par|[from] Grassy Terrain\n|-heal|p1a: Garganacl|80\/100|[from] Grassy Terrain\n|-heal|p1a: Garganacl|87\/100|[from] item: Leftovers\n|upkeep\n|turn|51\n|\n|t:|1700029374\n|switch|p1a: Slowking|Slowking-Galar, M|78\/100\n|move|p2a: Rillaboom|Grassy Glide|p1a: Slowking\n|-resisted|p1a: Slowking\n|-damage|p1a: Slowking|58\/100\n|\n|-weather|Snow|[upkeep]\n|-heal|p1a: Slowking|64\/100|[from] Grassy Terrain\n|upkeep\n|turn|52\n|\n|t:|1700029378\n|switch|p2a: Slowking|Slowking-Galar, M|60\/100\n|-damage|p2a: Slowking|47\/100|[from] Stealth Rock\n|move|p1a: Slowking|Chilly Reception|p1a: Slowking\n|\n|t:|1700029383\n|switch|p1a: Salamence|Salamence, F|100\/100|[from] Chilly Reception\n|-ability|p1a: Salamence|Intimidate|boost\n|-unboost|p2a: Slowking|atk|1\n|\n|-weather|Snow|[upkeep]\n|-heal|p2a: Slowking|53\/100|[from] Grassy Terrain\n|upkeep\n|turn|53\n|\n|t:|1700029388\n|switch|p2a: Dondozo|Dondozo, M|67\/100 par\n|move|p1a: Salamence|Dual Wingbeat|p2a: Dondozo|[miss]\n|-miss|p1a: Salamence|p2a: Dondozo\n|\n|-weather|none\n|-heal|p2a: Dondozo|73\/100 par|[from] Grassy Terrain\n|-fieldend|move: Grassy Terrain\n|upkeep\n|turn|54\n|\n|t:|1700029396\n|move|p1a: Salamence|Dual Wingbeat|p2a: Dondozo\n|-damage|p2a: Dondozo|64\/100 par\n|-damage|p2a: Dondozo|53\/100 par\n|-hitcount|p2a: Dondozo|2\n|cant|p2a: Dondozo|par\n|\n|upkeep\n|turn|55\n|\n|t:|1700029401\n|move|p1a: Salamence|Dual Wingbeat|p2a: Dondozo\n|-damage|p2a: Dondozo|43\/100 par\n|-damage|p2a: Dondozo|32\/100 par\n|-hitcount|p2a: Dondozo|2\n|cant|p2a: Dondozo|par\n|\n|upkeep\n|turn|56\n|\n|t:|1700029407\n|move|p1a: Salamence|Dual Wingbeat|p2a: Dondozo\n|-damage|p2a: Dondozo|22\/100 par\n|-damage|p2a: Dondozo|11\/100 par\n|-hitcount|p2a: Dondozo|2\n|move|p2a: Dondozo|Rest|p2a: Dondozo\n|-status|p2a: Dondozo|slp|[from] move: Rest\n|-heal|p2a: Dondozo|100\/100 slp|[silent]\n|\n|upkeep\n|turn|57\n|\n|t:|1700029409\n|switch|p1a: Garganacl|Garganacl, F, tera:Water|87\/100\n|-damage|p1a: Garganacl|74\/100|[from] Stealth Rock\n|cant|p2a: Dondozo|slp\n|move|p2a: Dondozo|Sleep Talk|p2a: Dondozo\n|move|p2a: Dondozo|Body Press|p1a: Garganacl|[from]move: Sleep Talk\n|-damage|p1a: Garganacl|59\/100\n|\n|-heal|p1a: Garganacl|65\/100|[from] item: Leftovers\n|upkeep\n|turn|58\n|\n|t:|1700029417\n|switch|p2a: Slowking|Slowking-Galar, M|87\/100\n|-damage|p2a: Slowking|74\/100|[from] Stealth Rock\n|move|p1a: Garganacl|Salt Cure|p2a: Slowking\n|-damage|p2a: Slowking|60\/100\n|-start|p2a: Slowking|Salt Cure\n|\n|-heal|p1a: Garganacl|71\/100|[from] item: Leftovers\n|-damage|p2a: Slowking|48\/100|[from] Salt Cure\n|upkeep\n|turn|59\n|\n|t:|1700029420\n|move|p1a: Garganacl|Salt Cure|p2a: Slowking\n|-damage|p2a: Slowking|34\/100\n|move|p2a: Slowking|Chilly Reception|p2a: Slowking\n|-weather|Snow\n|\n|t:|1700029423\n|switch|p2a: Rillaboom|Rillaboom, F|100\/100 par|[from] Chilly Reception\n|-damage|p2a: Rillaboom|88\/100 par|[from] Stealth Rock\n|-fieldstart|move: Grassy Terrain|[from] ability: Grassy Surge|[of] p2a: Rillaboom\n|\n|-weather|Snow|[upkeep]\n|-heal|p2a: Rillaboom|94\/100 par|[from] Grassy Terrain\n|-heal|p1a: Garganacl|77\/100|[from] Grassy Terrain\n|-heal|p1a: Garganacl|84\/100|[from] item: Leftovers\n|upkeep\n|turn|60\n|\n|t:|1700029424\n|move|p1a: Garganacl|Protect|p1a: Garganacl\n|-singleturn|p1a: Garganacl|Protect\n|move|p2a: Rillaboom|Knock Off|p1a: Garganacl\n|-activate|p1a: Garganacl|move: Protect\n|\n|-weather|Snow|[upkeep]\n|-heal|p2a: Rillaboom|100\/100 par|[from] Grassy Terrain\n|-heal|p1a: Garganacl|90\/100|[from] Grassy Terrain\n|-heal|p1a: Garganacl|96\/100|[from] item: Leftovers\n|upkeep\n|turn|61\n|\n|t:|1700029428\n|switch|p1a: Iron Valiant|Iron Valiant|100\/100\n|cant|p2a: Rillaboom|par\n|\n|-weather|Snow|[upkeep]\n|upkeep\n|turn|62\n|\n|t:|1700029435\n|-end|p1a: Iron Valiant|Quark Drive|[silent]\n|switch|p1a: Kingambit|Kingambit, F|69\/100\n|-damage|p1a: Kingambit|63\/100|[from] Stealth Rock\n|-activate|p1a: Kingambit|ability: Supreme Overlord\n|-start|p1a: Kingambit|fallen1|[silent]\n|switch|p2a: Slowking|Slowking-Galar, M|67\/100\n|-damage|p2a: Slowking|55\/100|[from] Stealth Rock\n|\n|-weather|Snow|[upkeep]\n|-heal|p1a: Kingambit|69\/100|[from] Grassy Terrain\n|-heal|p1a: Kingambit|75\/100|[from] item: Leftovers\n|-heal|p2a: Slowking|61\/100|[from] Grassy Terrain\n|upkeep\n|turn|63\n|\n|t:|1700029439\n|switch|p2a: Dondozo|Dondozo, M|100\/100 slp\n|move|p1a: Kingambit|Kowtow Cleave|p2a: Dondozo\n|-damage|p2a: Dondozo|78\/100 slp\n|\n|-weather|none\n|-heal|p1a: Kingambit|82\/100|[from] Grassy Terrain\n|-heal|p1a: Kingambit|88\/100|[from] item: Leftovers\n|-heal|p2a: Dondozo|84\/100 slp|[from] Grassy Terrain\n|-fieldend|move: Grassy Terrain\n|upkeep\n|turn|64\n|\n|t:|1700029443\n|-end|p1a: Kingambit|fallen1|[silent]\n|switch|p1a: Garganacl|Garganacl, F, tera:Water|96\/100\n|-damage|p1a: Garganacl|84\/100|[from] Stealth Rock\n|cant|p2a: Dondozo|slp\n|move|p2a: Dondozo|Sleep Talk|p2a: Dondozo\n|move|p2a: Dondozo|Liquidation|p1a: Garganacl|[from]move: Sleep Talk\n|-resisted|p1a: Garganacl\n|-damage|p1a: Garganacl|76\/100\n|\n|-heal|p1a: Garganacl|82\/100|[from] item: Leftovers\n|upkeep\n|turn|65\n|\n|t:|1700029448\n|switch|p1a: Slowking|Slowking-Galar, M|97\/100\n|switch|p2a: Slowking|Slowking-Galar, M|94\/100\n|-damage|p2a: Slowking|81\/100|[from] Stealth Rock\n|\n|upkeep\n|turn|66\n|\n|t:|1700029451\n|move|p2a: Slowking|Chilly Reception|p2a: Slowking\n|-weather|Snow\n|\n|t:|1700029453\n|switch|p2a: Ting-Lu|Ting-Lu|64\/100|[from] Chilly Reception\n|-damage|p2a: Ting-Lu|58\/100|[from] Stealth Rock\n|-ability|p2a: Ting-Lu|Vessel of Ruin\n|move|p1a: Slowking|Future Sight|p2a: Ting-Lu\n|-start|p1a: Slowking|move: Future Sight\n|\n|-weather|Snow|[upkeep]\n|-heal|p2a: Ting-Lu|64\/100|[from] item: Leftovers\n|upkeep\n|turn|67\n|\n|t:|1700029460\n|move|p2a: Ting-Lu|Earthquake|p1a: Slowking\n|-supereffective|p1a: Slowking\n|-damage|p1a: Slowking|43\/100\n|move|p1a: Slowking|Chilly Reception|p1a: Slowking\n|\n|t:|1700029463\n|switch|p1a: Garganacl|Garganacl, F, tera:Water|82\/100|[from] Chilly Reception\n|-damage|p1a: Garganacl|70\/100|[from] Stealth Rock\n|\n|-weather|Snow|[upkeep]\n|-heal|p2a: Ting-Lu|70\/100|[from] item: Leftovers\n|-heal|p1a: Garganacl|76\/100|[from] item: Leftovers\n|upkeep\n|turn|68\n|\n|t:|1700029467\n|move|p2a: Ting-Lu|Ruination|p1a: Garganacl\n|-damage|p1a: Garganacl|38\/100\n|move|p1a: Garganacl|Salt Cure|p2a: Ting-Lu\n|-resisted|p2a: Ting-Lu\n|-damage|p2a: Ting-Lu|66\/100\n|-start|p2a: Ting-Lu|Salt Cure\n|\n|-weather|Snow|[upkeep]\n|-end|p2a: Ting-Lu|move: Future Sight\n|-immune|p2a: Ting-Lu\n|-heal|p2a: Ting-Lu|73\/100|[from] item: Leftovers\n|-heal|p1a: Garganacl|44\/100|[from] item: Leftovers\n|-damage|p2a: Ting-Lu|60\/100|[from] Salt Cure\n|upkeep\n|turn|69\n|\n|t:|1700029471\n|switch|p2a: Rillaboom|Rillaboom, F|100\/100 par\n|-damage|p2a: Rillaboom|88\/100 par|[from] Stealth Rock\n|-fieldstart|move: Grassy Terrain|[from] ability: Grassy Surge|[of] p2a: Rillaboom\n|move|p1a: Garganacl|Salt Cure|p2a: Rillaboom\n|-damage|p2a: Rillaboom|73\/100 par\n|-start|p2a: Rillaboom|Salt Cure\n|\n|-weather|Snow|[upkeep]\n|-heal|p2a: Rillaboom|79\/100 par|[from] Grassy Terrain\n|-heal|p1a: Garganacl|50\/100|[from] Grassy Terrain\n|-heal|p1a: Garganacl|57\/100|[from] item: Leftovers\n|-damage|p2a: Rillaboom|67\/100 par|[from] Salt Cure\n|upkeep\n|turn|70\n|\n|t:|1700029476\n|switch|p2a: Ting-Lu|Ting-Lu|60\/100\n|-damage|p2a: Ting-Lu|54\/100|[from] Stealth Rock\n|-ability|p2a: Ting-Lu|Vessel of Ruin\n|move|p1a: Garganacl|Protect||[still]\n|-fail|p1a: Garganacl\n|\n|-weather|none\n|-heal|p2a: Ting-Lu|60\/100|[from] Grassy Terrain\n|-heal|p2a: Ting-Lu|66\/100|[from] item: Leftovers\n|-heal|p1a: Garganacl|63\/100|[from] Grassy Terrain\n|-heal|p1a: Garganacl|69\/100|[from] item: Leftovers\n|upkeep\n|turn|71\n|\n|t:|1700029479\n|move|p2a: Ting-Lu|Ruination|p1a: Garganacl\n|-damage|p1a: Garganacl|35\/100\n|move|p1a: Garganacl|Salt Cure|p2a: Ting-Lu\n|-resisted|p2a: Ting-Lu\n|-damage|p2a: Ting-Lu|63\/100\n|-start|p2a: Ting-Lu|Salt Cure\n|\n|-heal|p2a: Ting-Lu|69\/100|[from] Grassy Terrain\n|-heal|p2a: Ting-Lu|75\/100|[from] item: Leftovers\n|-heal|p1a: Garganacl|41\/100|[from] Grassy Terrain\n|-heal|p1a: Garganacl|47\/100|[from] item: Leftovers\n|-damage|p2a: Ting-Lu|63\/100|[from] Salt Cure\n|upkeep\n|turn|72\n|\n|t:|1700029481\n|move|p1a: Garganacl|Salt Cure|p2a: Ting-Lu\n|-resisted|p2a: Ting-Lu\n|-damage|p2a: Ting-Lu|59\/100\n|move|p2a: Ting-Lu|Whirlwind|p1a: Garganacl\n|drag|p1a: Iron Valiant|Iron Valiant|100\/100\n|\n|-heal|p2a: Ting-Lu|65\/100|[from] Grassy Terrain\n|-heal|p2a: Ting-Lu|72\/100|[from] item: Leftovers\n|-damage|p2a: Ting-Lu|59\/100|[from] Salt Cure\n|upkeep\n|turn|73\n|\n|t:|1700029484\n|switch|p2a: Slowking|Slowking-Galar, M|100\/100\n|-damage|p2a: Slowking|88\/100|[from] Stealth Rock\n|move|p1a: Iron Valiant|Close Combat|p2a: Slowking\n|-resisted|p2a: Slowking\n|-damage|p2a: Slowking|75\/100\n|-unboost|p1a: Iron Valiant|def|1\n|-unboost|p1a: Iron Valiant|spd|1\n|\n|-heal|p2a: Slowking|81\/100|[from] Grassy Terrain\n|-fieldend|move: Grassy Terrain\n|upkeep\n|turn|74\n|\n|t:|1700029487\n|-end|p1a: Iron Valiant|Quark Drive|[silent]\n|switch|p1a: Garganacl|Garganacl, F, tera:Water|47\/100\n|-damage|p1a: Garganacl|35\/100|[from] Stealth Rock\n|move|p2a: Slowking|Chilly Reception|p2a: Slowking\n|-weather|Snow\n|\n|t:|1700029494\n|switch|p2a: Rillaboom|Rillaboom, F|67\/100 par|[from] Chilly Reception\n|-damage|p2a: Rillaboom|54\/100 par|[from] Stealth Rock\n|-fieldstart|move: Grassy Terrain|[from] ability: Grassy Surge|[of] p2a: Rillaboom\n|\n|-weather|Snow|[upkeep]\n|-heal|p2a: Rillaboom|61\/100 par|[from] Grassy Terrain\n|-heal|p1a: Garganacl|41\/100|[from] Grassy Terrain\n|-heal|p1a: Garganacl|47\/100|[from] item: Leftovers\n|upkeep\n|turn|75\n|\n|t:|1700029497\n|move|p1a: Garganacl|Protect|p1a: Garganacl\n|-singleturn|p1a: Garganacl|Protect\n|move|p2a: Rillaboom|Grassy Glide|p1a: Garganacl\n|-activate|p1a: Garganacl|move: Protect\n|\n|-weather|Snow|[upkeep]\n|-heal|p2a: Rillaboom|67\/100 par|[from] Grassy Terrain\n|-heal|p1a: Garganacl|53\/100|[from] Grassy Terrain\n|-heal|p1a: Garganacl|60\/100|[from] item: Leftovers\n|upkeep\n|turn|76\n|\n|t:|1700029503\n|switch|p2a: Cinderace|Cinderace, F|100\/100\n|switch|p1a: Slowking|Slowking-Galar, M|77\/100\n|\n|-weather|Snow|[upkeep]\n|-heal|p1a: Slowking|83\/100|[from] Grassy Terrain\n|upkeep\n|turn|77\n|\n|t:|1700029506\n|move|p2a: Cinderace|U-turn|p1a: Slowking\n|-damage|p1a: Slowking|68\/100\n|\n|t:|1700029508\n|switch|p2a: Slowking|Slowking-Galar, M|100\/100|[from] U-turn\n|-damage|p2a: Slowking|88\/100|[from] Stealth Rock\n|move|p1a: Slowking|Thunder Wave|p2a: Slowking\n|-status|p2a: Slowking|par\n|\n|-weather|Snow|[upkeep]\n|-heal|p1a: Slowking|74\/100|[from] Grassy Terrain\n|-heal|p2a: Slowking|94\/100 par|[from] Grassy Terrain\n|upkeep\n|turn|78\n|\n|t:|1700029512\n|move|p1a: Slowking|Future Sight|p2a: Slowking\n|-start|p1a: Slowking|move: Future Sight\n|move|p2a: Slowking|Chilly Reception|p2a: Slowking\n|\n|t:|1700029516\n|switch|p2a: Ting-Lu|Ting-Lu|59\/100|[from] Chilly Reception\n|-damage|p2a: Ting-Lu|53\/100|[from] Stealth Rock\n|-ability|p2a: Ting-Lu|Vessel of Ruin\n|\n|-weather|none\n|-heal|p2a: Ting-Lu|59\/100|[from] Grassy Terrain\n|-heal|p2a: Ting-Lu|65\/100|[from] item: Leftovers\n|-heal|p1a: Slowking|80\/100|[from] Grassy Terrain\n|-fieldend|move: Grassy Terrain\n|upkeep\n|turn|79\n|\n|t:|1700029519\n|switch|p1a: Garganacl|Garganacl, F, tera:Water|60\/100\n|-damage|p1a: Garganacl|47\/100|[from] Stealth Rock\n|move|p2a: Ting-Lu|Earthquake|p1a: Garganacl\n|-damage|p1a: Garganacl|28\/100\n|\n|-heal|p2a: Ting-Lu|72\/100|[from] item: Leftovers\n|-heal|p1a: Garganacl|34\/100|[from] item: Leftovers\n|upkeep\n|turn|80\n|\n|t:|1700029532\n|move|p1a: Garganacl|Salt Cure|p2a: Ting-Lu\n|-resisted|p2a: Ting-Lu\n|-damage|p2a: Ting-Lu|68\/100\n|-start|p2a: Ting-Lu|Salt Cure\n|move|p2a: Ting-Lu|Whirlwind|p1a: Garganacl\n|drag|p1a: Salamence|Salamence, F|100\/100\n|-ability|p1a: Salamence|Intimidate|boost\n|-unboost|p2a: Ting-Lu|atk|1\n|\n|-end|p2a: Ting-Lu|move: Future Sight\n|-immune|p2a: Ting-Lu\n|-heal|p2a: Ting-Lu|74\/100|[from] item: Leftovers\n|-damage|p2a: Ting-Lu|62\/100|[from] Salt Cure\n|upkeep\n|turn|81\n|\n|t:|1700029539\n|switch|p1a: Garganacl|Garganacl, F, tera:Water|34\/100\n|-damage|p1a: Garganacl|22\/100|[from] Stealth Rock\n|move|p2a: Ting-Lu|Ruination|p1a: Garganacl|[miss]\n|-miss|p2a: Ting-Lu|p1a: Garganacl\n|\n|-heal|p2a: Ting-Lu|68\/100|[from] item: Leftovers\n|-heal|p1a: Garganacl|28\/100|[from] item: Leftovers\n|-damage|p2a: Ting-Lu|56\/100|[from] Salt Cure\n|upkeep\n|turn|82\n|\n|t:|1700029542\n|move|p1a: Garganacl|Recover|p1a: Garganacl\n|-heal|p1a: Garganacl|78\/100\n|move|p2a: Ting-Lu|Whirlwind|p1a: Garganacl\n|drag|p1a: Kingambit|Kingambit, F|88\/100\n|-damage|p1a: Kingambit|82\/100|[from] Stealth Rock\n|-activate|p1a: Kingambit|ability: Supreme Overlord\n|-start|p1a: Kingambit|fallen1|[silent]\n|\n|-heal|p1a: Kingambit|88\/100|[from] item: Leftovers\n|-heal|p2a: Ting-Lu|62\/100|[from] item: Leftovers\n|-damage|p2a: Ting-Lu|49\/100|[from] Salt Cure\n|upkeep\n|turn|83\n|\n|t:|1700029547\n|switch|p2a: Dondozo|Dondozo, M|84\/100 slp\n|move|p1a: Kingambit|Kowtow Cleave|p2a: Dondozo\n|-damage|p2a: Dondozo|60\/100 slp\n|\n|-heal|p1a: Kingambit|94\/100|[from] item: Leftovers\n|upkeep\n|turn|84\n|\n|t:|1700029551\n|-end|p1a: Kingambit|fallen1|[silent]\n|switch|p1a: Garganacl|Garganacl, F, tera:Water|78\/100\n|-damage|p1a: Garganacl|65\/100|[from] Stealth Rock\n|-curestatus|p2a: Dondozo|slp|[msg]\n|move|p2a: Dondozo|Body Press|p1a: Garganacl\n|-damage|p1a: Garganacl|50\/100\n|\n|-heal|p1a: Garganacl|56\/100|[from] item: Leftovers\n|upkeep\n|turn|85\n|\n|t:|1700029554\n|switch|p2a: Slowking|Slowking-Galar, M|100\/100 par\n|-damage|p2a: Slowking|88\/100 par|[from] Stealth Rock\n|move|p1a: Garganacl|Salt Cure|p2a: Slowking\n|-damage|p2a: Slowking|74\/100 par\n|-start|p2a: Slowking|Salt Cure\n|\n|-heal|p1a: Garganacl|62\/100|[from] item: Leftovers\n|-damage|p2a: Slowking|62\/100 par|[from] Salt Cure\n|upkeep\n|turn|86\n|\n|t:|1700029560\n|switch|p1a: Slowking|Slowking-Galar, M|100\/100\n|move|p2a: Slowking|Chilly Reception|p2a: Slowking\n|-weather|Snow\n|\n|t:|1700029563\n|switch|p2a: Ting-Lu|Ting-Lu|49\/100|[from] Chilly Reception\n|-damage|p2a: Ting-Lu|43\/100|[from] Stealth Rock\n|-ability|p2a: Ting-Lu|Vessel of Ruin\n|\n|-weather|Snow|[upkeep]\n|-heal|p2a: Ting-Lu|49\/100|[from] item: Leftovers\n|upkeep\n|turn|87\n|\n|t:|1700029565\n|move|p2a: Ting-Lu|Earthquake|p1a: Slowking\n|-supereffective|p1a: Slowking\n|-damage|p1a: Slowking|44\/100\n|move|p1a: Slowking|Chilly Reception|p1a: Slowking\n|\n|t:|1700029567\n|switch|p1a: Iron Valiant|Iron Valiant|100\/100|[from] Chilly Reception\n|\n|-weather|Snow|[upkeep]\n|-heal|p2a: Ting-Lu|56\/100|[from] item: Leftovers\n|upkeep\n|turn|88\n|\n|t:|1700029574\n|-end|p1a: Iron Valiant|Quark Drive|[silent]\n|switch|p1a: Kingambit|Kingambit, F|94\/100\n|-damage|p1a: Kingambit|88\/100|[from] Stealth Rock\n|-activate|p1a: Kingambit|ability: Supreme Overlord\n|-start|p1a: Kingambit|fallen1|[silent]\n|switch|p2a: Slowking|Slowking-Galar, M|95\/100 par\n|-damage|p2a: Slowking|83\/100 par|[from] Stealth Rock\n|\n|-weather|Snow|[upkeep]\n|-heal|p1a: Kingambit|94\/100|[from] item: Leftovers\n|upkeep\n|turn|89\n|\n|t:|1700029576\n|-end|p1a: Kingambit|fallen1|[silent]\n|switch|p1a: Iron Valiant|Iron Valiant|100\/100\n|switch|p2a: Dondozo|Dondozo, M|60\/100\n|\n|-weather|Snow|[upkeep]\n|upkeep\n|turn|90\n|\n|t:|1700029582\n|switch|p2a: Slowking|Slowking-Galar, M|100\/100 par\n|-damage|p2a: Slowking|88\/100 par|[from] Stealth Rock\n|move|p1a: Iron Valiant|Moonblast|p2a: Slowking\n|-resisted|p2a: Slowking\n|-damage|p2a: Slowking|75\/100 par\n|\n|-weather|none\n|upkeep\n|turn|91\n|\n|t:|1700029586\n|-end|p1a: Iron Valiant|Quark Drive|[silent]\n|switch|p1a: Kingambit|Kingambit, F|94\/100\n|-damage|p1a: Kingambit|88\/100|[from] Stealth Rock\n|-activate|p1a: Kingambit|ability: Supreme Overlord\n|-start|p1a: Kingambit|fallen1|[silent]\n|move|p2a: Slowking|Chilly Reception|p2a: Slowking\n|-weather|Snow\n|\n|t:|1700029588\n|switch|p2a: Cinderace|Cinderace, F|100\/100|[from] Chilly Reception\n|\n|-weather|Snow|[upkeep]\n|-heal|p1a: Kingambit|94\/100|[from] item: Leftovers\n|upkeep\n|turn|92\n|\n|t:|1700029592\n|-end|p1a: Kingambit|fallen1|[silent]\n|switch|p1a: Garganacl|Garganacl, F, tera:Water|62\/100\n|-damage|p1a: Garganacl|50\/100|[from] Stealth Rock\n|move|p2a: Cinderace|U-turn|p1a: Garganacl\n|-damage|p1a: Garganacl|39\/100\n|\n|t:|1700029598\n|switch|p2a: Rillaboom|Rillaboom, F|67\/100 par|[from] U-turn\n|-damage|p2a: Rillaboom|54\/100 par|[from] Stealth Rock\n|-fieldstart|move: Grassy Terrain|[from] ability: Grassy Surge|[of] p2a: Rillaboom\n|\n|-weather|Snow|[upkeep]\n|-heal|p2a: Rillaboom|61\/100 par|[from] Grassy Terrain\n|-heal|p1a: Garganacl|45\/100|[from] Grassy Terrain\n|-heal|p1a: Garganacl|51\/100|[from] item: Leftovers\n|upkeep\n|turn|93\n|\n|t:|1700029601\n|move|p1a: Garganacl|Protect|p1a: Garganacl\n|-singleturn|p1a: Garganacl|Protect\n|move|p2a: Rillaboom|Knock Off|p1a: Garganacl\n|-activate|p1a: Garganacl|move: Protect\n|\n|-weather|Snow|[upkeep]\n|-heal|p2a: Rillaboom|67\/100 par|[from] Grassy Terrain\n|-heal|p1a: Garganacl|57\/100|[from] Grassy Terrain\n|-heal|p1a: Garganacl|63\/100|[from] item: Leftovers\n|upkeep\n|turn|94\n|\n|t:|1700029604\n|switch|p1a: Iron Valiant|Iron Valiant|100\/100\n|move|p2a: Rillaboom|Knock Off|p1a: Iron Valiant\n|-resisted|p1a: Iron Valiant\n|-damage|p1a: Iron Valiant|82\/100\n|-enditem|p1a: Iron Valiant|Heavy-Duty Boots|[from] move: Knock Off|[of] p2a: Rillaboom\n|\n|-weather|Snow|[upkeep]\n|-heal|p1a: Iron Valiant|88\/100|[from] Grassy Terrain\n|-heal|p2a: Rillaboom|73\/100 par|[from] Grassy Terrain\n|upkeep\n|turn|95\n|\n|t:|1700029613\n|switch|p2a: Slowking|Slowking-Galar, M|100\/100 par\n|-damage|p2a: Slowking|88\/100 par|[from] Stealth Rock\n|move|p1a: Iron Valiant|Moonblast|p2a: Slowking\n|-resisted|p2a: Slowking\n|-damage|p2a: Slowking|74\/100 par\n|-unboost|p2a: Slowking|spa|1\n|\n|-weather|none\n|-heal|p1a: Iron Valiant|94\/100|[from] Grassy Terrain\n|-heal|p2a: Slowking|80\/100 par|[from] Grassy Terrain\n|upkeep\n|turn|96\n|\n|t:|1700029619\n|move|p1a: Iron Valiant|Moonblast|p2a: Slowking\n|-resisted|p2a: Slowking\n|-crit|p2a: Slowking\n|-damage|p2a: Slowking|60\/100 par\n|move|p2a: Slowking|Chilly Reception|p2a: Slowking\n|-weather|Snow\n|\n|t:|1700029621\n|switch|p2a: Cinderace|Cinderace, F|100\/100|[from] Chilly Reception\n|\n|-weather|Snow|[upkeep]\n|-heal|p1a: Iron Valiant|100\/100|[from] Grassy Terrain\n|-fieldend|move: Grassy Terrain\n|upkeep\n|turn|97\n|\n|t:|1700029626\n|-end|p1a: Iron Valiant|Quark Drive|[silent]\n|switch|p1a: Garganacl|Garganacl, F, tera:Water|63\/100\n|-damage|p1a: Garganacl|51\/100|[from] Stealth Rock\n|move|p2a: Cinderace|U-turn|p1a: Garganacl\n|-damage|p1a: Garganacl|40\/100\n|\n|t:|1700029633\n|switch|p2a: Ting-Lu|Ting-Lu|56\/100|[from] U-turn\n|-damage|p2a: Ting-Lu|49\/100|[from] Stealth Rock\n|-ability|p2a: Ting-Lu|Vessel of Ruin\n|\n|-weather|Snow|[upkeep]\n|-heal|p2a: Ting-Lu|56\/100|[from] item: Leftovers\n|-heal|p1a: Garganacl|46\/100|[from] item: Leftovers\n|upkeep\n|turn|98\n|\n|t:|1700029639\n|move|p1a: Garganacl|Salt Cure|p2a: Ting-Lu\n|-resisted|p2a: Ting-Lu\n|-damage|p2a: Ting-Lu|51\/100\n|-start|p2a: Ting-Lu|Salt Cure\n|move|p2a: Ting-Lu|Whirlwind|p1a: Garganacl\n|drag|p1a: Slowking|Slowking-Galar, M|77\/100\n|\n|-weather|Snow|[upkeep]\n|-heal|p2a: Ting-Lu|58\/100|[from] item: Leftovers\n|-damage|p2a: Ting-Lu|45\/100|[from] Salt Cure\n|upkeep\n|turn|99\n|\n|t:|1700029642\n|switch|p2a: Slowking|Slowking-Galar, M|94\/100 par\n|-damage|p2a: Slowking|81\/100 par|[from] Stealth Rock\n|switch|p1a: Salamence|Salamence, F|100\/100\n|-ability|p1a: Salamence|Intimidate|boost\n|-unboost|p2a: Slowking|atk|1\n|\n|-weather|Snow|[upkeep]\n|upkeep\n|turn|100\n|\n|t:|1700029651\n|switch|p1a: Garganacl|Garganacl, F, tera:Water|46\/100\n|-damage|p1a: Garganacl|33\/100|[from] Stealth Rock\n|switch|p2a: Dondozo|Dondozo, M|60\/100\n|\n|-weather|none\n|-heal|p1a: Garganacl|40\/100|[from] item: Leftovers\n|upkeep\n|turn|101\n|\n|t:|1700029658\n|switch|p2a: Slowking|Slowking-Galar, M|100\/100 par\n|-damage|p2a: Slowking|88\/100 par|[from] Stealth Rock\n|move|p1a: Garganacl|Salt Cure|p2a: Slowking\n|-damage|p2a: Slowking|75\/100 par\n|-start|p2a: Slowking|Salt Cure\n|\n|-heal|p1a: Garganacl|46\/100|[from] item: Leftovers\n|-damage|p2a: Slowking|63\/100 par|[from] Salt Cure\n|upkeep\n|turn|102\n|\n|t:|1700029661\n|move|p1a: Garganacl|Recover|p1a: Garganacl\n|-heal|p1a: Garganacl|96\/100\n|move|p2a: Slowking|Future Sight|p1a: Garganacl\n|-start|p2a: Slowking|move: Future Sight\n|\n|-heal|p1a: Garganacl|100\/100|[from] item: Leftovers\n|-damage|p2a: Slowking|50\/100 par|[from] Salt Cure\n|upkeep\n|turn|103\n|\n|t:|1700029667\n|switch|p2a: Ting-Lu|Ting-Lu|45\/100\n|-damage|p2a: Ting-Lu|39\/100|[from] Stealth Rock\n|-ability|p2a: Ting-Lu|Vessel of Ruin\n|move|p1a: Garganacl|Salt Cure|p2a: Ting-Lu\n|-resisted|p2a: Ting-Lu\n|-damage|p2a: Ting-Lu|35\/100\n|-start|p2a: Ting-Lu|Salt Cure\n|\n|-heal|p2a: Ting-Lu|41\/100|[from] item: Leftovers\n|-damage|p2a: Ting-Lu|29\/100|[from] Salt Cure\n|upkeep\n|turn|104\n|\n|t:|1700029671\n|switch|p2a: Rillaboom|Rillaboom, F|73\/100 par\n|-damage|p2a: Rillaboom|61\/100 par|[from] Stealth Rock\n|-fieldstart|move: Grassy Terrain|[from] ability: Grassy Surge|[of] p2a: Rillaboom\n|move|p1a: Garganacl|Protect||[still]\n|-fail|p1a: Garganacl\n|\n|-end|p1a: Garganacl|move: Future Sight\n|-damage|p1a: Garganacl|66\/100\n|-heal|p2a: Rillaboom|67\/100 par|[from] Grassy Terrain\n|-heal|p1a: Garganacl|73\/100|[from] Grassy Terrain\n|-heal|p1a: Garganacl|79\/100|[from] item: Leftovers\n|upkeep\n|turn|105\n|\n|t:|1700029676\n|move|p1a: Garganacl|Protect|p1a: Garganacl\n|-singleturn|p1a: Garganacl|Protect\n|move|p2a: Rillaboom|Knock Off|p1a: Garganacl\n|-activate|p1a: Garganacl|move: Protect\n|\n|-heal|p2a: Rillaboom|73\/100 par|[from] Grassy Terrain\n|-heal|p1a: Garganacl|85\/100|[from] Grassy Terrain\n|-heal|p1a: Garganacl|91\/100|[from] item: Leftovers\n|upkeep\n|turn|106\n|\n|t:|1700029680\n|switch|p1a: Iron Valiant|Iron Valiant|100\/100\n|-damage|p1a: Iron Valiant|94\/100|[from] Stealth Rock\n|move|p2a: Rillaboom|Knock Off|p1a: Iron Valiant\n|-resisted|p1a: Iron Valiant\n|-damage|p1a: Iron Valiant|82\/100\n|\n|-heal|p1a: Iron Valiant|88\/100|[from] Grassy Terrain\n|-heal|p2a: Rillaboom|79\/100 par|[from] Grassy Terrain\n|upkeep\n|turn|107\n|\n|t:|1700029691\n|-end|p1a: Iron Valiant|Quark Drive|[silent]\n|switch|p1a: Garganacl|Garganacl, F, tera:Water|91\/100\n|-damage|p1a: Garganacl|79\/100|[from] Stealth Rock\n|switch|p2a: Slowking|Slowking-Galar, M|83\/100 par\n|-damage|p2a: Slowking|71\/100 par|[from] Stealth Rock\n|\n|-heal|p1a: Garganacl|85\/100|[from] Grassy Terrain\n|-heal|p1a: Garganacl|91\/100|[from] item: Leftovers\n|-heal|p2a: Slowking|77\/100 par|[from] Grassy Terrain\n|upkeep\n|turn|108\n|\n|t:|1700029695\n|move|p1a: Garganacl|Salt Cure|p2a: Slowking\n|-damage|p2a: Slowking|63\/100 par\n|-start|p2a: Slowking|Salt Cure\n|move|p2a: Slowking|Future Sight|p1a: Garganacl\n|-start|p2a: Slowking|move: Future Sight\n|\n|-heal|p1a: Garganacl|97\/100|[from] Grassy Terrain\n|-heal|p1a: Garganacl|100\/100|[from] item: Leftovers\n|-heal|p2a: Slowking|69\/100 par|[from] Grassy Terrain\n|-damage|p2a: Slowking|56\/100 par|[from] Salt Cure\n|-fieldend|move: Grassy Terrain\n|upkeep\n|turn|109\n|\n|t:|1700029701\n|switch|p2a: Cinderace|Cinderace, F|100\/100\n|move|p1a: Garganacl|Salt Cure|p2a: Cinderace\n|-supereffective|p2a: Cinderace\n|-damage|p2a: Cinderace|67\/100\n|-start|p2a: Cinderace|Salt Cure\n|\n|-damage|p2a: Cinderace|55\/100|[from] Salt Cure\n|upkeep\n|turn|110\n|\n|t:|1700029704\n|move|p1a: Garganacl|Protect|p1a: Garganacl\n|-singleturn|p1a: Garganacl|Protect\n|move|p2a: Cinderace|U-turn|p1a: Garganacl\n|-activate|p1a: Garganacl|move: Protect\n|\n|-end|p1a: Garganacl|move: Future Sight\n|-damage|p1a: Garganacl|65\/100\n|-heal|p1a: Garganacl|72\/100|[from] item: Leftovers\n|-damage|p2a: Cinderace|42\/100|[from] Salt Cure\n|upkeep\n|turn|111\n|\n|t:|1700029707\n|move|p2a: Cinderace|U-turn|p1a: Garganacl\n|-damage|p1a: Garganacl|62\/100\n|\n|t:|1700029709\n|switch|p2a: Slowking|Slowking-Galar, M|90\/100 par|[from] U-turn\n|-damage|p2a: Slowking|77\/100 par|[from] Stealth Rock\n|move|p1a: Garganacl|Salt Cure|p2a: Slowking\n|-damage|p2a: Slowking|62\/100 par\n|-start|p2a: Slowking|Salt Cure\n|\n|-heal|p1a: Garganacl|68\/100|[from] item: Leftovers\n|-damage|p2a: Slowking|49\/100 par|[from] Salt Cure\n|upkeep\n|turn|112\n|\n|t:|1700029718\n|switch|p2a: Ting-Lu|Ting-Lu|29\/100\n|-damage|p2a: Ting-Lu|22\/100|[from] Stealth Rock\n|-ability|p2a: Ting-Lu|Vessel of Ruin\n|move|p1a: Garganacl|Stealth Rock||[still]\n|-fail|p1a: Garganacl\n|\n|-heal|p2a: Ting-Lu|29\/100|[from] item: Leftovers\n|-heal|p1a: Garganacl|74\/100|[from] item: Leftovers\n|upkeep\n|turn|113\n|\n|t:|1700029724\n|switch|p2a: Slowking|Slowking-Galar, M|83\/100 par\n|-damage|p2a: Slowking|70\/100 par|[from] Stealth Rock\n|move|p1a: Garganacl|Salt Cure|p2a: Slowking\n|-damage|p2a: Slowking|56\/100 par\n|-start|p2a: Slowking|Salt Cure\n|\n|-heal|p1a: Garganacl|80\/100|[from] item: Leftovers\n|-damage|p2a: Slowking|43\/100 par|[from] Salt Cure\n|upkeep\n|turn|114\n|\n|t:|1700029728\n|switch|p2a: Ting-Lu|Ting-Lu|29\/100\n|-damage|p2a: Ting-Lu|22\/100|[from] Stealth Rock\n|-ability|p2a: Ting-Lu|Vessel of Ruin\n|move|p1a: Garganacl|Salt Cure|p2a: Ting-Lu\n|-resisted|p2a: Ting-Lu\n|-damage|p2a: Ting-Lu|19\/100\n|-start|p2a: Ting-Lu|Salt Cure\n|\n|-heal|p2a: Ting-Lu|25\/100|[from] item: Leftovers\n|-heal|p1a: Garganacl|87\/100|[from] item: Leftovers\n|-damage|p2a: Ting-Lu|12\/100|[from] Salt Cure\n|upkeep\n|turn|115\n|\n|t:|1700029732\n|switch|p2a: Slowking|Slowking-Galar, M|77\/100 par\n|-damage|p2a: Slowking|64\/100 par|[from] Stealth Rock\n|move|p1a: Garganacl|Stealth Rock||[still]\n|-fail|p1a: Garganacl\n|\n|-heal|p1a: Garganacl|93\/100|[from] item: Leftovers\n|upkeep\n|turn|116\n|\n|t:|1700029735\n|switch|p2a: Ting-Lu|Ting-Lu|12\/100\n|-damage|p2a: Ting-Lu|6\/100|[from] Stealth Rock\n|-ability|p2a: Ting-Lu|Vessel of Ruin\n|move|p1a: Garganacl|Stealth Rock||[still]\n|-fail|p1a: Garganacl\n|\n|-heal|p2a: Ting-Lu|12\/100|[from] item: Leftovers\n|-heal|p1a: Garganacl|99\/100|[from] item: Leftovers\n|upkeep\n|turn|117\n|\n|t:|1700029739\n|switch|p1a: Salamence|Salamence, F|100\/100\n|-ability|p1a: Salamence|Intimidate|boost\n|-unboost|p2a: Ting-Lu|atk|1\n|move|p2a: Ting-Lu|Ruination|p1a: Salamence\n|-damage|p1a: Salamence|51\/100\n|\n|-heal|p2a: Ting-Lu|19\/100|[from] item: Leftovers\n|upkeep\n|turn|118\n|\n|t:|1700029745\n|switch|p1a: Iron Valiant|Iron Valiant|88\/100\n|-damage|p1a: Iron Valiant|82\/100|[from] Stealth Rock\n|switch|p2a: Dondozo|Dondozo, M|60\/100\n|\n|upkeep\n|turn|119\n|\n|t:|1700029748\n|-end|p1a: Iron Valiant|Quark Drive|[silent]\n|switch|p1a: Kingambit|Kingambit, F|94\/100\n|-damage|p1a: Kingambit|88\/100|[from] Stealth Rock\n|-activate|p1a: Kingambit|ability: Supreme Overlord\n|-start|p1a: Kingambit|fallen1|[silent]\n|switch|p2a: Slowking|Slowking-Galar, M|97\/100 par\n|-damage|p2a: Slowking|85\/100 par|[from] Stealth Rock\n|\n|-heal|p1a: Kingambit|94\/100|[from] item: Leftovers\n|upkeep\n|turn|120\n|\n|t:|1700029750\n|switch|p2a: Dondozo|Dondozo, M|60\/100\n|move|p1a: Kingambit|Kowtow Cleave|p2a: Dondozo\n|-damage|p2a: Dondozo|34\/100\n|\n|-heal|p1a: Kingambit|100\/100|[from] item: Leftovers\n|upkeep\n|turn|121\n|\n|t:|1700029753\n|-end|p1a: Kingambit|fallen1|[silent]\n|switch|p1a: Iron Valiant|Iron Valiant|82\/100\n|-damage|p1a: Iron Valiant|76\/100|[from] Stealth Rock\n|move|p2a: Dondozo|Rest|p2a: Dondozo\n|-status|p2a: Dondozo|slp|[from] move: Rest\n|-heal|p2a: Dondozo|100\/100 slp|[silent]\n|\n|upkeep\n|turn|122\n|\n|t:|1700029757\n|-end|p1a: Iron Valiant|Quark Drive|[silent]\n|switch|p1a: Salamence|Salamence, F|51\/100\n|-ability|p1a: Salamence|Intimidate|boost\n|-unboost|p2a: Dondozo|atk|1\n|switch|p2a: Slowking|Slowking-Galar, M|100\/100 par\n|-damage|p2a: Slowking|88\/100 par|[from] Stealth Rock\n|\n|upkeep\n|turn|123\n|\n|t:|1700029759\n|switch|p2a: Dondozo|Dondozo, M|100\/100 slp\n|move|p1a: Salamence|Dual Wingbeat|p2a: Dondozo\n|-damage|p2a: Dondozo|90\/100 slp\n|-damage|p2a: Dondozo|79\/100 slp\n|-hitcount|p2a: Dondozo|2\n|\n|upkeep\n|turn|124\n|\n|t:|1700029765\n|move|p1a: Salamence|Dual Wingbeat|p2a: Dondozo\n|-damage|p2a: Dondozo|68\/100 slp\n|-damage|p2a: Dondozo|57\/100 slp\n|-hitcount|p2a: Dondozo|2\n|cant|p2a: Dondozo|slp\n|move|p2a: Dondozo|Sleep Talk|p2a: Dondozo\n|move|p2a: Dondozo|Body Press|p1a: Salamence|[from]move: Sleep Talk\n|-resisted|p1a: Salamence\n|-damage|p1a: Salamence|34\/100\n|\n|upkeep\n|turn|125\n|\n|t:|1700029770\n|move|p1a: Salamence|Roost|p1a: Salamence\n|-heal|p1a: Salamence|84\/100\n|-singleturn|p1a: Salamence|move: Roost\n|cant|p2a: Dondozo|slp\n|move|p2a: Dondozo|Sleep Talk|p2a: Dondozo\n|move|p2a: Dondozo|Rest||[from]move: Sleep Talk|[still]\n|-fail|p2a: Dondozo\n|\n|upkeep\n|turn|126\n|\n|t:|1700029780\n|move|p1a: Salamence|Dual Wingbeat|p2a: Dondozo\n|-damage|p2a: Dondozo|46\/100 slp\n|-damage|p2a: Dondozo|35\/100 slp\n|-hitcount|p2a: Dondozo|2\n|-curestatus|p2a: Dondozo|slp|[msg]\n|move|p2a: Dondozo|Liquidation|p1a: Salamence\n|-resisted|p1a: Salamence\n|-damage|p1a: Salamence|67\/100\n|\n|upkeep\n|turn|127\n|\n|t:|1700029786\n|move|p1a: Salamence|Earthquake|p2a: Dondozo\n|-crit|p2a: Dondozo\n|-damage|p2a: Dondozo|7\/100\n|move|p2a: Dondozo|Rest|p2a: Dondozo\n|-status|p2a: Dondozo|slp|[from] move: Rest\n|-heal|p2a: Dondozo|100\/100 slp|[silent]\n|\n|upkeep\n|turn|128\n|\n|t:|1700029790\n|move|p1a: Salamence|Earthquake|p2a: Dondozo\n|-damage|p2a: Dondozo|83\/100 slp\n|cant|p2a: Dondozo|slp\n|move|p2a: Dondozo|Sleep Talk|p2a: Dondozo\n|move|p2a: Dondozo|Body Press|p1a: Salamence|[from]move: Sleep Talk\n|-resisted|p1a: Salamence\n|-crit|p1a: Salamence\n|-damage|p1a: Salamence|40\/100\n|\n|upkeep\n|turn|129\n|\n|t:|1700029794\n|move|p1a: Salamence|Roost|p1a: Salamence\n|-heal|p1a: Salamence|91\/100\n|-singleturn|p1a: Salamence|move: Roost\n|cant|p2a: Dondozo|slp\n|move|p2a: Dondozo|Sleep Talk|p2a: Dondozo\n|move|p2a: Dondozo|Body Press|p1a: Salamence|[from]move: Sleep Talk\n|-damage|p1a: Salamence|58\/100\n|\n|upkeep\n|turn|130\n|\n|t:|1700029798\n|move|p1a: Salamence|Dragon Dance|p1a: Salamence\n|-boost|p1a: Salamence|atk|1\n|-boost|p1a: Salamence|spe|1\n|-curestatus|p2a: Dondozo|slp|[msg]\n|move|p2a: Dondozo|Liquidation|p1a: Salamence\n|-resisted|p1a: Salamence\n|-damage|p1a: Salamence|41\/100\n|\n|upkeep\n|turn|131\n|\n|t:|1700029802\n|move|p1a: Salamence|Roost|p1a: Salamence\n|-heal|p1a: Salamence|91\/100\n|-singleturn|p1a: Salamence|move: Roost\n|move|p2a: Dondozo|Body Press|p1a: Salamence\n|-damage|p1a: Salamence|59\/100\n|\n|upkeep\n|turn|132\n|\n|t:|1700029805\n|move|p1a: Salamence|Earthquake|p2a: Dondozo\n|-damage|p2a: Dondozo|67\/100\n|move|p2a: Dondozo|Liquidation|p1a: Salamence\n|-resisted|p1a: Salamence\n|-damage|p1a: Salamence|40\/100\n|-unboost|p1a: Salamence|def|1\n|\n|upkeep\n|turn|133\n|\n|t:|1700029810\n|move|p1a: Salamence|Dual Wingbeat|p2a: Dondozo\n|-damage|p2a: Dondozo|56\/100\n|-damage|p2a: Dondozo|46\/100\n|-hitcount|p2a: Dondozo|2\n|move|p2a: Dondozo|Body Press|p1a: Salamence\n|-resisted|p1a: Salamence\n|-damage|p1a: Salamence|23\/100\n|\n|upkeep\n|turn|134\n|\n|t:|1700029814\n|move|p1a: Salamence|Roost|p1a: Salamence\n|-heal|p1a: Salamence|73\/100\n|-singleturn|p1a: Salamence|move: Roost\n|move|p2a: Dondozo|Rest|p2a: Dondozo\n|-status|p2a: Dondozo|slp|[from] move: Rest\n|-heal|p2a: Dondozo|100\/100 slp|[silent]\n|\n|upkeep\n|turn|135\n|\n|t:|1700029818\n|move|p1a: Salamence|Earthquake|p2a: Dondozo\n|-damage|p2a: Dondozo|83\/100 slp\n|cant|p2a: Dondozo|slp\n|move|p2a: Dondozo|Sleep Talk|p2a: Dondozo\n|move|p2a: Dondozo|Body Press|p1a: Salamence|[from]move: Sleep Talk\n|-resisted|p1a: Salamence\n|-damage|p1a: Salamence|55\/100\n|\n|upkeep\n|turn|136\n|\n|t:|1700029820\n|move|p1a: Salamence|Earthquake|p2a: Dondozo\n|-damage|p2a: Dondozo|66\/100 slp\n|cant|p2a: Dondozo|slp\n|move|p2a: Dondozo|Sleep Talk|p2a: Dondozo\n|move|p2a: Dondozo|Liquidation|p1a: Salamence|[from]move: Sleep Talk\n|-resisted|p1a: Salamence\n|-damage|p1a: Salamence|38\/100\n|-unboost|p1a: Salamence|def|1\n|\n|upkeep\n|turn|137\n|\n|t:|1700029825\n|move|p1a: Salamence|Earthquake|p2a: Dondozo\n|-damage|p2a: Dondozo|50\/100 slp\n|-curestatus|p2a: Dondozo|slp|[msg]\n|move|p2a: Dondozo|Body Press|p1a: Salamence\n|-resisted|p1a: Salamence\n|-damage|p1a: Salamence|19\/100\n|\n|upkeep\n|turn|138\n|\n|t:|1700029829\n|move|p1a: Salamence|Roost|p1a: Salamence\n|-heal|p1a: Salamence|69\/100\n|-singleturn|p1a: Salamence|move: Roost\n|move|p2a: Dondozo|Rest|p2a: Dondozo\n|-status|p2a: Dondozo|slp|[from] move: Rest\n|-heal|p2a: Dondozo|100\/100 slp|[silent]\n|\n|upkeep\n|turn|139\n|\n|t:|1700029833\n|move|p1a: Salamence|Earthquake|p2a: Dondozo\n|-damage|p2a: Dondozo|82\/100 slp\n|cant|p2a: Dondozo|slp\n|move|p2a: Dondozo|Sleep Talk|p2a: Dondozo\n|move|p2a: Dondozo|Rest||[from]move: Sleep Talk|[still]\n|-fail|p2a: Dondozo\n|\n|upkeep\n|turn|140\n|\n|t:|1700029836\n|move|p1a: Salamence|Earthquake|p2a: Dondozo\n|-damage|p2a: Dondozo|65\/100 slp\n|cant|p2a: Dondozo|slp\n|move|p2a: Dondozo|Sleep Talk|p2a: Dondozo\n|move|p2a: Dondozo|Rest||[from]move: Sleep Talk|[still]\n|-fail|p2a: Dondozo\n|\n|upkeep\n|turn|141\n|\n|t:|1700029843\n|move|p1a: Salamence|Dual Wingbeat|p2a: Dondozo\n|-damage|p2a: Dondozo|55\/100 slp\n|-damage|p2a: Dondozo|45\/100 slp\n|-hitcount|p2a: Dondozo|2\n|-curestatus|p2a: Dondozo|slp|[msg]\n|move|p2a: Dondozo|Body Press|p1a: Salamence\n|-resisted|p1a: Salamence\n|-damage|p1a: Salamence|52\/100\n|\n|upkeep\n|turn|142\n|\n|t:|1700029848\n|move|p1a: Salamence|Earthquake|p2a: Dondozo\n|-damage|p2a: Dondozo|28\/100\n|move|p2a: Dondozo|Rest|p2a: Dondozo\n|-status|p2a: Dondozo|slp|[from] move: Rest\n|-heal|p2a: Dondozo|100\/100 slp|[silent]\n|\n|upkeep\n|turn|143\n|\n|t:|1700029851\n|move|p1a: Salamence|Earthquake|p2a: Dondozo\n|-damage|p2a: Dondozo|81\/100 slp\n|cant|p2a: Dondozo|slp\n|move|p2a: Dondozo|Sleep Talk|p2a: Dondozo\n|move|p2a: Dondozo|Body Press|p1a: Salamence|[from]move: Sleep Talk\n|-resisted|p1a: Salamence\n|-damage|p1a: Salamence|36\/100\n|\n|upkeep\n|turn|144\n|\n|t:|1700029856\n|move|p1a: Salamence|Earthquake|p2a: Dondozo\n|-crit|p2a: Dondozo\n|-damage|p2a: Dondozo|54\/100 slp\n|cant|p2a: Dondozo|slp\n|move|p2a: Dondozo|Sleep Talk|p2a: Dondozo\n|move|p2a: Dondozo|Rest||[from]move: Sleep Talk|[still]\n|-fail|p2a: Dondozo\n|\n|upkeep\n|turn|145\n|\n|t:|1700029858\n|move|p1a: Salamence|Earthquake|p2a: Dondozo\n|-damage|p2a: Dondozo|37\/100 slp\n|-curestatus|p2a: Dondozo|slp|[msg]\n|move|p2a: Dondozo|Body Press|p1a: Salamence\n|-resisted|p1a: Salamence\n|-damage|p1a: Salamence|19\/100\n|\n|upkeep\n|turn|146\n|\n|t:|1700029861\n|move|p1a: Salamence|Roost|p1a: Salamence\n|-heal|p1a: Salamence|69\/100\n|-singleturn|p1a: Salamence|move: Roost\n|move|p2a: Dondozo|Rest|p2a: Dondozo\n|-status|p2a: Dondozo|slp|[from] move: Rest\n|-heal|p2a: Dondozo|100\/100 slp|[silent]\n|\n|upkeep\n|turn|147\n|\n|t:|1700029866\n|move|p1a: Salamence|Dragon Dance|p1a: Salamence\n|-boost|p1a: Salamence|atk|1\n|-boost|p1a: Salamence|spe|1\n|cant|p2a: Dondozo|slp\n|move|p2a: Dondozo|Sleep Talk|p2a: Dondozo\n|move|p2a: Dondozo|Body Press|p1a: Salamence|[from]move: Sleep Talk\n|-resisted|p1a: Salamence\n|-damage|p1a: Salamence|53\/100\n|\n|upkeep\n|turn|148\n|\n|t:|1700029870\n|move|p1a: Salamence|Dual Wingbeat|p2a: Dondozo\n|-damage|p2a: Dondozo|91\/100 slp\n|-damage|p2a: Dondozo|80\/100 slp\n|-hitcount|p2a: Dondozo|2\n|cant|p2a: Dondozo|slp\n|move|p2a: Dondozo|Sleep Talk|p2a: Dondozo\n|move|p2a: Dondozo|Rest||[from]move: Sleep Talk|[still]\n|-fail|p2a: Dondozo\n|\n|upkeep\n|turn|149\n|\n|t:|1700029874\n|move|p1a: Salamence|Earthquake|p2a: Dondozo\n|-damage|p2a: Dondozo|61\/100 slp\n|-curestatus|p2a: Dondozo|slp|[msg]\n|move|p2a: Dondozo|Body Press|p1a: Salamence\n|-resisted|p1a: Salamence\n|-damage|p1a: Salamence|36\/100\n|\n|upkeep\n|turn|150\n|\n|t:|1700029879\n|move|p1a: Salamence|Dual Wingbeat|p2a: Dondozo\n|-damage|p2a: Dondozo|50\/100\n|-damage|p2a: Dondozo|41\/100\n|-hitcount|p2a: Dondozo|2\n|move|p2a: Dondozo|Body Press|p1a: Salamence\n|-resisted|p1a: Salamence\n|-damage|p1a: Salamence|17\/100\n|\n|upkeep\n|turn|151\n|\n|t:|1700029882\n|move|p1a: Salamence|Roost|p1a: Salamence\n|-heal|p1a: Salamence|67\/100\n|-singleturn|p1a: Salamence|move: Roost\n|move|p2a: Dondozo|Body Press|p1a: Salamence\n|-damage|p1a: Salamence|33\/100\n|\n|upkeep\n|turn|152\n|\n|t:|1700029885\n|move|p1a: Salamence|Earthquake|p2a: Dondozo\n|-damage|p2a: Dondozo|22\/100\n|move|p2a: Dondozo|Rest|p2a: Dondozo\n|-status|p2a: Dondozo|slp|[from] move: Rest\n|-heal|p2a: Dondozo|100\/100 slp|[silent]\n|\n|upkeep\n|turn|153\n|\n|t:|1700029888\n|move|p1a: Salamence|Dual Wingbeat|p2a: Dondozo\n|-damage|p2a: Dondozo|89\/100 slp\n|-damage|p2a: Dondozo|79\/100 slp\n|-hitcount|p2a: Dondozo|2\n|cant|p2a: Dondozo|slp\n|move|p2a: Dondozo|Sleep Talk|p2a: Dondozo\n|move|p2a: Dondozo|Liquidation|p1a: Salamence|[from]move: Sleep Talk\n|-resisted|p1a: Salamence\n|-damage|p1a: Salamence|15\/100\n|\n|upkeep\n|turn|154\n|\n|t:|1700029890\n|move|p1a: Salamence|Roost|p1a: Salamence\n|-heal|p1a: Salamence|65\/100\n|-singleturn|p1a: Salamence|move: Roost\n|cant|p2a: Dondozo|slp\n|move|p2a: Dondozo|Sleep Talk|p2a: Dondozo\n|move|p2a: Dondozo|Body Press|p1a: Salamence|[from]move: Sleep Talk\n|-damage|p1a: Salamence|29\/100\n|\n|upkeep\n|turn|155\n|\n|t:|1700029895\n|move|p1a: Salamence|Dual Wingbeat|p2a: Dondozo\n|-damage|p2a: Dondozo|69\/100 slp\n|-damage|p2a: Dondozo|58\/100 slp\n|-hitcount|p2a: Dondozo|2\n|-curestatus|p2a: Dondozo|slp|[msg]\n|move|p2a: Dondozo|Body Press|p1a: Salamence\n|-resisted|p1a: Salamence\n|-damage|p1a: Salamence|13\/100\n|\n|upkeep\n|turn|156\n|\n|t:|1700029900\n|move|p1a: Salamence|Dual Wingbeat|p2a: Dondozo\n|-damage|p2a: Dondozo|47\/100\n|-damage|p2a: Dondozo|37\/100\n|-hitcount|p2a: Dondozo|2\n|move|p2a: Dondozo|Body Press|p1a: Salamence\n|-resisted|p1a: Salamence\n|-damage|p1a: Salamence|0 fnt\n|faint|p1a: Salamence\n|\n|upkeep\n|\n|t:|1700029909\n|switch|p1a: Iron Valiant|Iron Valiant|76\/100\n|-damage|p1a: Iron Valiant|70\/100|[from] Stealth Rock\n|turn|157\n|\n|t:|1700029916\n|switch|p2a: Slowking|Slowking-Galar, M|100\/100 par\n|-damage|p2a: Slowking|88\/100 par|[from] Stealth Rock\n|move|p1a: Iron Valiant|Moonblast|p2a: Slowking\n|-resisted|p2a: Slowking\n|-damage|p2a: Slowking|74\/100 par\n|\n|upkeep\n|turn|158\n|\n|t:|1700029921\n|-end|p1a: Iron Valiant|Quark Drive|[silent]\n|switch|p1a: Kingambit|Kingambit, F|100\/100\n|-damage|p1a: Kingambit|94\/100|[from] Stealth Rock\n|-activate|p1a: Kingambit|ability: Supreme Overlord\n|-start|p1a: Kingambit|fallen2|[silent]\n|move|p2a: Slowking|Sludge Bomb|p1a: Kingambit\n|-immune|p1a: Kingambit\n|\n|-heal|p1a: Kingambit|100\/100|[from] item: Leftovers\n|upkeep\n|turn|159\n|\n|t:|1700029931\n|switch|p2a: Rillaboom|Rillaboom, F|79\/100 par\n|-damage|p2a: Rillaboom|67\/100 par|[from] Stealth Rock\n|-fieldstart|move: Grassy Terrain|[from] ability: Grassy Surge|[of] p2a: Rillaboom\n|move|p1a: Kingambit|Kowtow Cleave|p2a: Rillaboom\n|-damage|p2a: Rillaboom|5\/100 par\n|\n|-heal|p2a: Rillaboom|11\/100 par|[from] Grassy Terrain\n|upkeep\n|turn|160\n|\n|t:|1700029935\n|move|p1a: Kingambit|Sucker Punch|p2a: Rillaboom\n|-damage|p2a: Rillaboom|0 fnt\n|faint|p2a: Rillaboom\n|\n|upkeep\n|\n|t:|1700029943\n|switch|p2a: Cinderace|Cinderace, F|42\/100\n|turn|161\n|\n|t:|1700029947\n|-end|p1a: Kingambit|fallen2|[silent]\n|switch|p1a: Garganacl|Garganacl, F, tera:Water|99\/100\n|-damage|p1a: Garganacl|87\/100|[from] Stealth Rock\n|move|p2a: Cinderace|Will-O-Wisp|p1a: Garganacl\n|-immune|p1a: Garganacl|[from] ability: Purifying Salt\n|\n|-heal|p2a: Cinderace|48\/100|[from] Grassy Terrain\n|-heal|p1a: Garganacl|93\/100|[from] Grassy Terrain\n|-heal|p1a: Garganacl|99\/100|[from] item: Leftovers\n|upkeep\n|turn|162\n|\n|t:|1700029952\n|switch|p1a: Slowking|Slowking-Galar, M|100\/100\n|move|p2a: Cinderace|Pyro Ball|p1a: Slowking\n|-damage|p1a: Slowking|68\/100\n|\n|-heal|p2a: Cinderace|55\/100|[from] Grassy Terrain\n|-heal|p1a: Slowking|74\/100|[from] Grassy Terrain\n|upkeep\n|turn|163\n|\n|t:|1700029960\n|move|p2a: Cinderace|Pyro Ball|p1a: Slowking\n|-damage|p1a: Slowking|41\/100\n|move|p1a: Slowking|Chilly Reception|p1a: Slowking\n|-weather|Snow\n|\n|t:|1700029963\n|switch|p1a: Garganacl|Garganacl, F, tera:Water|99\/100|[from] Chilly Reception\n|-damage|p1a: Garganacl|87\/100|[from] Stealth Rock\n|\n|-weather|Snow|[upkeep]\n|-heal|p2a: Cinderace|61\/100|[from] Grassy Terrain\n|-heal|p1a: Garganacl|93\/100|[from] Grassy Terrain\n|-heal|p1a: Garganacl|99\/100|[from] item: Leftovers\n|-fieldend|move: Grassy Terrain\n|upkeep\n|turn|164\n|\n|t:|1700029967\n|switch|p1a: Slowking|Slowking-Galar, M|74\/100\n|move|p2a: Cinderace|U-turn|p1a: Slowking\n|-damage|p1a: Slowking|60\/100\n|\n|t:|1700029972\n|switch|p2a: Ting-Lu|Ting-Lu|19\/100|[from] U-turn\n|-damage|p2a: Ting-Lu|12\/100|[from] Stealth Rock\n|-ability|p2a: Ting-Lu|Vessel of Ruin\n|\n|-weather|Snow|[upkeep]\n|-heal|p2a: Ting-Lu|19\/100|[from] item: Leftovers\n|upkeep\n|turn|165\n|\n|t:|1700029975\n|switch|p1a: Iron Valiant|Iron Valiant|70\/100\n|-damage|p1a: Iron Valiant|63\/100|[from] Stealth Rock\n|move|p2a: Ting-Lu|Earthquake|p1a: Iron Valiant\n|-damage|p1a: Iron Valiant|13\/100\n|\n|-weather|Snow|[upkeep]\n|-heal|p2a: Ting-Lu|25\/100|[from] item: Leftovers\n|upkeep\n|turn|166\n|\n|t:|1700029980\n|switch|p2a: Slowking|Slowking-Galar, M|100\/100 par\n|-damage|p2a: Slowking|88\/100 par|[from] Stealth Rock\n|move|p1a: Iron Valiant|Moonblast|p2a: Slowking\n|-resisted|p2a: Slowking\n|-crit|p2a: Slowking\n|-damage|p2a: Slowking|68\/100 par\n|\n|-weather|Snow|[upkeep]\n|upkeep\n|turn|167\n|\n|t:|1700029984\n|move|p1a: Iron Valiant|Moonblast|p2a: Slowking\n|-resisted|p2a: Slowking\n|-damage|p2a: Slowking|53\/100 par\n|move|p2a: Slowking|Future Sight|p1a: Iron Valiant\n|-start|p2a: Slowking|move: Future Sight\n|\n|-weather|none\n|upkeep\n|turn|168\n|\n|t:|1700029989\n|move|p1a: Iron Valiant|Moonblast|p2a: Slowking\n|-resisted|p2a: Slowking\n|-damage|p2a: Slowking|40\/100 par\n|move|p2a: Slowking|Future Sight||[still]\n|-fail|p2a: Slowking\n|\n|upkeep\n|turn|169\n|\n|t:|1700029995\n|-end|p1a: Iron Valiant|Quark Drive|[silent]\n|switch|p1a: Kingambit|Kingambit, F|100\/100\n|-damage|p1a: Kingambit|94\/100|[from] Stealth Rock\n|-activate|p1a: Kingambit|ability: Supreme Overlord\n|-start|p1a: Kingambit|fallen2|[silent]\n|switch|p2a: Cinderace|Cinderace, F|61\/100\n|\n|-end|p1a: Kingambit|move: Future Sight\n|-immune|p1a: Kingambit\n|-heal|p1a: Kingambit|100\/100|[from] item: Leftovers\n|upkeep\n|turn|170\n|\n|t:|1700029998\n|-end|p1a: Kingambit|fallen2|[silent]\n|switch|p1a: Garganacl|Garganacl, F, tera:Water|99\/100\n|-damage|p1a: Garganacl|87\/100|[from] Stealth Rock\n|move|p2a: Cinderace|Will-O-Wisp|p1a: Garganacl\n|-immune|p1a: Garganacl|[from] ability: Purifying Salt\n|\n|-heal|p1a: Garganacl|93\/100|[from] item: Leftovers\n|upkeep\n|turn|171\n|\n|t:|1700030003\n|move|p2a: Cinderace|U-turn|p1a: Garganacl\n|-damage|p1a: Garganacl|83\/100\n|\n|t:|1700030005\n|switch|p2a: Ting-Lu|Ting-Lu|25\/100|[from] U-turn\n|-damage|p2a: Ting-Lu|19\/100|[from] Stealth Rock\n|-ability|p2a: Ting-Lu|Vessel of Ruin\n|move|p1a: Garganacl|Stealth Rock||[still]\n|-fail|p1a: Garganacl\n|\n|-heal|p2a: Ting-Lu|25\/100|[from] item: Leftovers\n|-heal|p1a: Garganacl|89\/100|[from] item: Leftovers\n|upkeep\n|turn|172\n|\n|t:|1700030012\n|switch|p1a: Iron Valiant|Iron Valiant|13\/100\n|-damage|p1a: Iron Valiant|7\/100|[from] Stealth Rock\n|move|p2a: Ting-Lu|Ruination|p1a: Iron Valiant\n|-damage|p1a: Iron Valiant|4\/100\n|\n|-heal|p2a: Ting-Lu|31\/100|[from] item: Leftovers\n|upkeep\n|turn|173\n|\n|t:|1700030016\n|switch|p2a: Slowking|Slowking-Galar, M|74\/100 par\n|-damage|p2a: Slowking|61\/100 par|[from] Stealth Rock\n|move|p1a: Iron Valiant|Moonblast|p2a: Slowking\n|-resisted|p2a: Slowking\n|-damage|p2a: Slowking|46\/100 par\n|\n|upkeep\n|turn|174\n|\n|t:|1700030019\n|move|p1a: Iron Valiant|Moonblast|p2a: Slowking\n|-resisted|p2a: Slowking\n|-damage|p2a: Slowking|32\/100 par\n|move|p2a: Slowking|Sludge Bomb|p1a: Iron Valiant\n|-supereffective|p1a: Iron Valiant\n|-crit|p1a: Iron Valiant\n|-damage|p1a: Iron Valiant|0 fnt\n|faint|p1a: Iron Valiant\n|-end|p1a: Iron Valiant|Quark Drive|[silent]\n|\n|upkeep\n|\n|t:|1700030021\n|switch|p1a: Kingambit|Kingambit, F|100\/100\n|-damage|p1a: Kingambit|94\/100|[from] Stealth Rock\n|-activate|p1a: Kingambit|ability: Supreme Overlord\n|-start|p1a: Kingambit|fallen3|[silent]\n|turn|175\n|inactive|FishOfTheSea has 120 seconds left.\n|\n|t:|1700030062\n|move|p1a: Kingambit|Kowtow Cleave|p2a: Slowking\n|-supereffective|p2a: Slowking\n|-damage|p2a: Slowking|0 fnt\n|faint|p2a: Slowking\n|\n|-heal|p1a: Kingambit|100\/100|[from] item: Leftovers\n|upkeep\n|\n|t:|1700030065\n|switch|p2a: Cinderace|Cinderace, F|61\/100\n|turn|176\n|\n|t:|1700030067\n|-end|p1a: Kingambit|fallen3|[silent]\n|switch|p1a: Garganacl|Garganacl, F, tera:Water|89\/100\n|-damage|p1a: Garganacl|76\/100|[from] Stealth Rock\n|move|p2a: Cinderace|Will-O-Wisp|p1a: Garganacl|[miss]\n|-miss|p2a: Cinderace|p1a: Garganacl\n|\n|-heal|p1a: Garganacl|83\/100|[from] item: Leftovers\n|upkeep\n|turn|177\n|\n|t:|1700030075\n|switch|p1a: Slowking|Slowking-Galar, M|94\/100\n|move|p2a: Cinderace|U-turn|p1a: Slowking\n|-damage|p1a: Slowking|81\/100\n|\n|t:|1700030078\n|switch|p2a: Ting-Lu|Ting-Lu|31\/100|[from] U-turn\n|-damage|p2a: Ting-Lu|25\/100|[from] Stealth Rock\n|-ability|p2a: Ting-Lu|Vessel of Ruin\n|\n|-heal|p2a: Ting-Lu|31\/100|[from] item: Leftovers\n|upkeep\n|turn|178\n|\n|t:|1700030080\n|move|p2a: Ting-Lu|Earthquake|p1a: Slowking\n|-supereffective|p1a: Slowking\n|-damage|p1a: Slowking|29\/100\n|move|p1a: Slowking|Chilly Reception|p1a: Slowking\n|-weather|Snow\n|\n|t:|1700030082\n|switch|p1a: Kingambit|Kingambit, F|100\/100|[from] Chilly Reception\n|-damage|p1a: Kingambit|94\/100|[from] Stealth Rock\n|-activate|p1a: Kingambit|ability: Supreme Overlord\n|-start|p1a: Kingambit|fallen3|[silent]\n|\n|-weather|Snow|[upkeep]\n|-heal|p1a: Kingambit|100\/100|[from] item: Leftovers\n|-heal|p2a: Ting-Lu|37\/100|[from] item: Leftovers\n|upkeep\n|turn|179\n|\n|t:|1700030086\n|switch|p2a: Gholdengo|Gholdengo|61\/100\n|-damage|p2a: Gholdengo|55\/100|[from] Stealth Rock\n|move|p1a: Kingambit|Kowtow Cleave|p2a: Gholdengo\n|-supereffective|p2a: Gholdengo\n|-damage|p2a: Gholdengo|0 fnt\n|faint|p2a: Gholdengo\n|\n|-weather|Snow|[upkeep]\n|upkeep\n|\n|t:|1700030090\n|switch|p2a: Cinderace|Cinderace, F|61\/100\n|turn|180\n|\n|t:|1700030092\n|-end|p1a: Kingambit|fallen3|[silent]\n|switch|p1a: Garganacl|Garganacl, F, tera:Water|83\/100\n|-damage|p1a: Garganacl|70\/100|[from] Stealth Rock\n|move|p2a: Cinderace|U-turn|p1a: Garganacl\n|-damage|p1a: Garganacl|60\/100\n|\n|t:|1700030094\n|switch|p2a: Ting-Lu|Ting-Lu|37\/100|[from] U-turn\n|-damage|p2a: Ting-Lu|31\/100|[from] Stealth Rock\n|-ability|p2a: Ting-Lu|Vessel of Ruin\n|\n|-weather|Snow|[upkeep]\n|-heal|p2a: Ting-Lu|37\/100|[from] item: Leftovers\n|-heal|p1a: Garganacl|66\/100|[from] item: Leftovers\n|upkeep\n|turn|181\n|\n|t:|1700030100\n|move|p2a: Ting-Lu|Ruination|p1a: Garganacl\n|-damage|p1a: Garganacl|33\/100\n|move|p1a: Garganacl|Stealth Rock||[still]\n|-fail|p1a: Garganacl\n|\n|-weather|Snow|[upkeep]\n|-heal|p2a: Ting-Lu|43\/100|[from] item: Leftovers\n|-heal|p1a: Garganacl|40\/100|[from] item: Leftovers\n|upkeep\n|turn|182\n|\n|t:|1700030106\n|switch|p1a: Slowking|Slowking-Galar, M|62\/100\n|move|p2a: Ting-Lu|Ruination|p1a: Slowking\n|-damage|p1a: Slowking|31\/100\n|\n|-weather|none\n|-heal|p2a: Ting-Lu|50\/100|[from] item: Leftovers\n|upkeep\n|turn|183\n|\n|t:|1700030108\n|switch|p1a: Garganacl|Garganacl, F, tera:Water|40\/100\n|-damage|p1a: Garganacl|27\/100|[from] Stealth Rock\n|move|p2a: Ting-Lu|Earthquake|p1a: Garganacl\n|-damage|p1a: Garganacl|7\/100\n|\n|-heal|p2a: Ting-Lu|56\/100|[from] item: Leftovers\n|-heal|p1a: Garganacl|13\/100|[from] item: Leftovers\n|upkeep\n|turn|184\n|\n|t:|1700030113\n|switch|p1a: Slowking|Slowking-Galar, M|65\/100\n|move|p2a: Ting-Lu|Earthquake|p1a: Slowking\n|-supereffective|p1a: Slowking\n|-damage|p1a: Slowking|8\/100\n|\n|-heal|p2a: Ting-Lu|62\/100|[from] item: Leftovers\n|upkeep\n|turn|185\n|\n|t:|1700030116\n|switch|p1a: Garganacl|Garganacl, F, tera:Water|13\/100\n|-damage|p1a: Garganacl|1\/100|[from] Stealth Rock\n|move|p2a: Ting-Lu|Earthquake|p1a: Garganacl\n|-damage|p1a: Garganacl|0 fnt\n|faint|p1a: Garganacl\n|\n|-heal|p2a: Ting-Lu|68\/100|[from] item: Leftovers\n|upkeep\n|\n|t:|1700030117\n|switch|p1a: Kingambit|Kingambit, F|100\/100\n|-damage|p1a: Kingambit|94\/100|[from] Stealth Rock\n|-activate|p1a: Kingambit|ability: Supreme Overlord\n|-start|p1a: Kingambit|fallen4|[silent]\n|turn|186\n|\n|t:|1700030129\n|move|p1a: Kingambit|Iron Head|p2a: Ting-Lu\n|-crit|p2a: Ting-Lu\n|-damage|p2a: Ting-Lu|15\/100\n|move|p2a: Ting-Lu|Earthquake|p1a: Kingambit\n|-supereffective|p1a: Kingambit\n|-damage|p1a: Kingambit|41\/100\n|\n|-heal|p1a: Kingambit|47\/100|[from] item: Leftovers\n|-heal|p2a: Ting-Lu|22\/100|[from] item: Leftovers\n|upkeep\n|turn|187\n|\n|t:|1700030139\n|switch|p2a: Dondozo|Dondozo, M|37\/100\n|move|p1a: Kingambit|Kowtow Cleave|p2a: Dondozo\n|-damage|p2a: Dondozo|6\/100\n|\n|-heal|p1a: Kingambit|54\/100|[from] item: Leftovers\n|upkeep\n|turn|188\n|\n|t:|1700030143\n|move|p1a: Kingambit|Kowtow Cleave|p2a: Dondozo\n|-damage|p2a: Dondozo|0 fnt\n|faint|p2a: Dondozo\n|\n|-heal|p1a: Kingambit|60\/100|[from] item: Leftovers\n|upkeep\n|\n|t:|1700030145\n|switch|p2a: Cinderace|Cinderace, F|61\/100\n|turn|189\n|\n|t:|1700030149\n|-end|p1a: Kingambit|fallen4|[silent]\n|switch|p1a: Slowking|Slowking-Galar, M|42\/100\n|move|p2a: Cinderace|Will-O-Wisp|p1a: Slowking|[miss]\n|-miss|p2a: Cinderace|p1a: Slowking\n|\n|upkeep\n|turn|190\n|\n|t:|1700030160\n|-terastallize|p2a: Cinderace|Fire\n|move|p2a: Cinderace|Pyro Ball|p1a: Slowking\n|-damage|p1a: Slowking|0 fnt\n|faint|p1a: Slowking\n|\n|upkeep\n|\n|t:|1700030163\n|switch|p1a: Kingambit|Kingambit, F|60\/100\n|-damage|p1a: Kingambit|54\/100|[from] Stealth Rock\n|-activate|p1a: Kingambit|ability: Supreme Overlord\n|-start|p1a: Kingambit|fallen5|[silent]\n|turn|191\n|\n|t:|1700030165\n|move|p2a: Cinderace|Will-O-Wisp|p1a: Kingambit\n|-status|p1a: Kingambit|brn\n|move|p1a: Kingambit|Kowtow Cleave|p2a: Cinderace\n|-damage|p2a: Cinderace|19\/100\n|\n|-heal|p1a: Kingambit|60\/100 brn|[from] item: Leftovers\n|-damage|p1a: Kingambit|54\/100 brn|[from] brn\n|upkeep\n|turn|192\n|\n|t:|1700030170\n|move|p1a: Kingambit|Sucker Punch|p2a: Cinderace\n|-damage|p2a: Cinderace|0 fnt\n|faint|p2a: Cinderace\n|\n|-heal|p1a: Kingambit|60\/100 brn|[from] item: Leftovers\n|-damage|p1a: Kingambit|54\/100 brn|[from] brn\n|upkeep\n|\n|t:|1700030172\n|switch|p2a: Ting-Lu|Ting-Lu|22\/100\n|-damage|p2a: Ting-Lu|15\/100|[from] Stealth Rock\n|-ability|p2a: Ting-Lu|Vessel of Ruin\n|turn|193\n|\n|t:|1700030174\n|move|p1a: Kingambit|Iron Head|p2a: Ting-Lu\n|-damage|p2a: Ting-Lu|0 fnt\n|faint|p2a: Ting-Lu\n|\n|win|rj yoip\n|raw|rj yoip's rating: 1531 &rarr; <strong>1553<\/strong><br \/>(+22 for winning)\n|raw|FishOfTheSea's rating: 1565 &rarr; <strong>1543<\/strong><br \/>(-22 for losing)\n|l|\u2606FishOfTheSea\n|c|\u2606rj yoip|200 turns\n|c|\u2606rj yoip|fuck balance\n","uploadtime":1700030183,"views":7,"p1id":"rjyoip","p2id":"fishofthesea","formatid":"gen9ou","rating":1543,"private":0,"password":""}