{"id":"gen9ou-1992931648","p1":"Itswinefri","p2":"Solliccto","format":"[Gen 9] OU","log":"|j|\u203dItswinefri\n|j|\u2606Solliccto\n|t:|1700247924\n|gametype|singles\n|player|p1|Itswinefri|cynthia|1311\n|player|p2|Solliccto|266|1350\n|teamsize|p1|6\n|teamsize|p2|6\n|gen|9\n|tier|[Gen 9] OU\n|rated|\n|rule|Sleep Clause Mod: Limit one foe put to sleep\n|rule|Species Clause: Limit one of each Pok\u00e9mon\n|rule|OHKO Clause: OHKO moves are banned\n|rule|Evasion Items Clause: Evasion items are banned\n|rule|Evasion Moves Clause: Evasion moves are banned\n|rule|Endless Battle Clause: Forcing endless battles is banned\n|rule|HP Percentage Mod: HP is shown in percentages\n|clearpoke\n|poke|p1|Sneasler, M|\n|poke|p1|Skeledirge, M|\n|poke|p1|Rillaboom, M|\n|poke|p1|Kingambit, M|\n|poke|p1|Dragapult, M|\n|poke|p1|Ogerpon-Cornerstone, F|\n|poke|p2|Samurott-Hisui, F|\n|poke|p2|Dondozo, F|\n|poke|p2|Iron Treads|\n|poke|p2|Amoonguss, M|\n|poke|p2|Thundurus-Therian, M|\n|poke|p2|Clefable, M|\n|teampreview\n|inactive|Battle timer is ON: inactive players will automatically lose when time's up. (requested by Itswinefri)\n|\n|t:|1700247943\n|start\n|switch|p1a: Rillaboom|Rillaboom, M, shiny|100\/100\n|switch|p2a: Amoonguss|Amoonguss, M|100\/100\n|-fieldstart|move: Grassy Terrain|[from] ability: Grassy Surge|[of] p1a: Rillaboom\n|turn|1\n|\n|t:|1700247955\n|-terastallize|p1a: Rillaboom|Fire\n|move|p1a: Rillaboom|Swords Dance|p1a: Rillaboom\n|-boost|p1a: Rillaboom|atk|2\n|move|p2a: Amoonguss|Sludge Bomb|p1a: Rillaboom\n|-damage|p1a: Rillaboom|69\/100\n|\n|-heal|p1a: Rillaboom|75\/100|[from] Grassy Terrain\n|upkeep\n|turn|2\n|\n|t:|1700247973\n|move|p1a: Rillaboom|Tera Blast|p2a: Amoonguss|[anim] Tera Blast Fire\n|-supereffective|p2a: Amoonguss\n|-damage|p2a: Amoonguss|0 fnt\n|faint|p2a: Amoonguss\n|\n|-heal|p1a: Rillaboom|81\/100|[from] Grassy Terrain\n|upkeep\n|\n|t:|1700247985\n|switch|p2a: Iron Treads|Iron Treads|100\/100\n|turn|3\n|\n|t:|1700247992\n|move|p1a: Rillaboom|Grassy Glide|p2a: Iron Treads\n|-damage|p2a: Iron Treads|32\/100\n|move|p2a: Iron Treads|Volt Switch|p1a: Rillaboom\n|-damage|p1a: Rillaboom|67\/100\n|\n|t:|1700248000\n|-end|p2a: Iron Treads|Quark Drive|[silent]\n|switch|p2a: Thundurus|Thundurus-Therian, M|100\/100|[from] Volt Switch\n|\n|-heal|p1a: Rillaboom|73\/100|[from] Grassy Terrain\n|upkeep\n|turn|4\n|\n|t:|1700248018\n|-terastallize|p2a: Thundurus|Flying\n|move|p2a: Thundurus|Tera Blast|p1a: Rillaboom|[anim] Tera Blast Flying\n|-damage|p1a: Rillaboom|0 fnt\n|faint|p1a: Rillaboom\n|\n|upkeep\n|\n|t:|1700248029\n|switch|p1a: Sneasler|Sneasler, M|100\/100\n|-enditem|p1a: Sneasler|Grassy Seed\n|-boost|p1a: Sneasler|def|1|[from] item: Grassy Seed\n|turn|5\n|\n|t:|1700248038\n|switch|p2a: Dondozo|Dondozo, F|100\/100\n|move|p1a: Sneasler|Dire Claw|p2a: Dondozo\n|-damage|p2a: Dondozo|80\/100\n|\n|-heal|p2a: Dondozo|86\/100|[from] Grassy Terrain\n|-fieldend|move: Grassy Terrain\n|upkeep\n|turn|6\n|\n|t:|1700248048\n|move|p1a: Sneasler|Swords Dance|p1a: Sneasler\n|-boost|p1a: Sneasler|atk|2\n|move|p2a: Dondozo|Earthquake|p1a: Sneasler\n|-supereffective|p1a: Sneasler\n|-damage|p1a: Sneasler|38\/100\n|\n|upkeep\n|turn|7\n|\n|t:|1700248056\n|move|p1a: Sneasler|Shadow Claw|p2a: Dondozo\n|-damage|p2a: Dondozo|73\/100\n|move|p2a: Dondozo|Earthquake|p1a: Sneasler\n|-supereffective|p1a: Sneasler\n|-damage|p1a: Sneasler|0 fnt\n|faint|p1a: Sneasler\n|\n|upkeep\n|\n|t:|1700248067\n|switch|p1a: Skeledirge|Skeledirge, M, shiny|100\/100\n|turn|8\n|\n|t:|1700248076\n|move|p1a: Skeledirge|Will-O-Wisp|p2a: Dondozo\n|-status|p2a: Dondozo|brn\n|move|p2a: Dondozo|Earthquake|p1a: Skeledirge\n|-supereffective|p1a: Skeledirge\n|-damage|p1a: Skeledirge|85\/100\n|\n|-damage|p2a: Dondozo|67\/100 brn|[from] brn\n|upkeep\n|turn|9\n|\n|t:|1700248086\n|switch|p1a: Dragapult|Dragapult, M, shiny|100\/100\n|move|p2a: Dondozo|Rest|p2a: Dondozo\n|-status|p2a: Dondozo|slp|[from] move: Rest\n|-heal|p2a: Dondozo|100\/100 slp|[silent]\n|\n|upkeep\n|turn|10\n|\n|t:|1700248094\n|switch|p2a: Clefable|Clefable, M|100\/100\n|move|p1a: Dragapult|Hex|p2a: Clefable\n|-crit|p2a: Clefable\n|-damage|p2a: Clefable|69\/100\n|\n|-heal|p2a: Clefable|75\/100|[from] item: Leftovers\n|upkeep\n|turn|11\n|\n|t:|1700248106\n|move|p1a: Dragapult|Thunder Wave|p2a: Clefable\n|-status|p2a: Clefable|par\n|cant|p2a: Clefable|par\n|\n|-heal|p2a: Clefable|81\/100 par|[from] item: Leftovers\n|upkeep\n|turn|12\n|\n|t:|1700248115\n|move|p1a: Dragapult|U-turn|p2a: Clefable\n|-resisted|p2a: Clefable\n|-damage|p2a: Clefable|71\/100 par\n|\n|t:|1700248119\n|switch|p1a: Ogerpon|Ogerpon-Cornerstone, F|100\/100|[from] U-turn\n|move|p2a: Clefable|Moonblast|p1a: Ogerpon\n|-damage|p1a: Ogerpon|64\/100\n|\n|-heal|p2a: Clefable|77\/100 par|[from] item: Leftovers\n|upkeep\n|turn|13\n|\n|t:|1700248137\n|move|p1a: Ogerpon|Swords Dance|p1a: Ogerpon\n|-boost|p1a: Ogerpon|atk|2\n|move|p2a: Clefable|Moonblast|p1a: Ogerpon\n|-damage|p1a: Ogerpon|28\/100\n|-unboost|p1a: Ogerpon|spa|1\n|\n|-heal|p2a: Clefable|83\/100 par|[from] item: Leftovers\n|upkeep\n|turn|14\n|\n|t:|1700248149\n|switch|p2a: Iron Treads|Iron Treads|32\/100\n|move|p1a: Ogerpon|Horn Leech|p2a: Iron Treads\n|-damage|p2a: Iron Treads|0 fnt\n|-heal|p1a: Ogerpon|45\/100|[from] drain|[of] p2a: Iron Treads\n|faint|p2a: Iron Treads\n|-end|p2a: Iron Treads|Quark Drive|[silent]\n|\n|upkeep\n|\n|t:|1700248158\n|switch|p2a: Samurott|Samurott-Hisui, F|100\/100\n|turn|15\n|\n|t:|1700248163\n|move|p2a: Samurott|Sucker Punch|p1a: Ogerpon\n|-damage|p1a: Ogerpon|0 fnt\n|faint|p1a: Ogerpon\n|-damage|p2a: Samurott|91\/100|[from] item: Life Orb\n|\n|upkeep\n|\n|t:|1700248170\n|switch|p1a: Dragapult|Dragapult, M, shiny|100\/100\n|turn|16\n|\n|t:|1700248180\n|switch|p2a: Clefable|Clefable, M|83\/100 par\n|move|p1a: Dragapult|U-turn|p2a: Clefable\n|-resisted|p2a: Clefable\n|-damage|p2a: Clefable|74\/100 par\n|\n|t:|1700248185\n|switch|p1a: Kingambit|Kingambit, M, shiny|100\/100|[from] U-turn\n|-activate|p1a: Kingambit|ability: Supreme Overlord\n|-start|p1a: Kingambit|fallen3|[silent]\n|\n|-heal|p2a: Clefable|80\/100 par|[from] item: Leftovers\n|upkeep\n|turn|17\n|\n|t:|1700248211\n|switch|p2a: Dondozo|Dondozo, F|100\/100 slp\n|move|p1a: Kingambit|Swords Dance|p1a: Kingambit\n|-boost|p1a: Kingambit|atk|2\n|\n|upkeep\n|turn|18\n|\n|t:|1700248218\n|move|p1a: Kingambit|Swords Dance|p1a: Kingambit\n|-boost|p1a: Kingambit|atk|2\n|cant|p2a: Dondozo|slp\n|\n|upkeep\n|turn|19\n|\n|t:|1700248227\n|move|p1a: Kingambit|Low Kick|p2a: Dondozo\n|-crit|p2a: Dondozo\n|-damage|p2a: Dondozo|63\/100 slp\n|cant|p2a: Dondozo|slp\n|move|p2a: Dondozo|Sleep Talk|p2a: Dondozo\n|move|p2a: Dondozo|Earthquake|p1a: Kingambit|[from]move: Sleep Talk\n|-supereffective|p1a: Kingambit\n|-damage|p1a: Kingambit|59\/100\n|\n|upkeep\n|turn|20\n|\n|t:|1700248237\n|move|p1a: Kingambit|Iron Head|p2a: Dondozo\n|-resisted|p2a: Dondozo\n|-damage|p2a: Dondozo|51\/100 slp\n|-curestatus|p2a: Dondozo|slp|[msg]\n|cant|p2a: Dondozo|flinch\n|\n|upkeep\n|turn|21\n|\n|t:|1700248250\n|move|p1a: Kingambit|Sucker Punch|p2a: Dondozo\n|-damage|p2a: Dondozo|29\/100\n|move|p2a: Dondozo|Body Press|p1a: Kingambit\n|-supereffective|p1a: Kingambit\n|-damage|p1a: Kingambit|0 fnt\n|faint|p1a: Kingambit\n|-end|p1a: Kingambit|fallen3|[silent]\n|\n|upkeep\n|\n|t:|1700248259\n|switch|p1a: Dragapult|Dragapult, M, shiny|100\/100\n|turn|22\n|\n|t:|1700248263\n|move|p1a: Dragapult|Draco Meteor|p2a: Dondozo\n|-damage|p2a: Dondozo|0 fnt\n|-unboost|p1a: Dragapult|spa|2\n|faint|p2a: Dondozo\n|\n|upkeep\n|\n|t:|1700248275\n|switch|p2a: Thundurus|Thundurus-Therian, M, tera:Flying|100\/100\n|turn|23\n|\n|t:|1700248279\n|move|p1a: Dragapult|U-turn|p2a: Thundurus\n|-resisted|p2a: Thundurus\n|-damage|p2a: Thundurus|88\/100\n|\n|t:|1700248282\n|switch|p1a: Skeledirge|Skeledirge, M, shiny|85\/100|[from] U-turn\n|move|p2a: Thundurus|Tera Blast|p1a: Skeledirge|[anim] Tera Blast Flying\n|-damage|p1a: Skeledirge|17\/100\n|\n|upkeep\n|turn|24\n|-message|Itswinefri forfeited.\n|\n|win|Solliccto\n|raw|Itswinefri's rating: 1311 &rarr; <strong>1293<\/strong><br \/>(-18 for losing)\n|raw|Solliccto's rating: 1350 &rarr; <strong>1368<\/strong><br \/>(+18 for winning)\n|l|\u203dItswinefri\n|l|\u2606Solliccto\n|j|\u2606Solliccto\n|player|p2|Solliccto|266\n","uploadtime":1700248349,"views":13,"p1id":"itswinefri","p2id":"solliccto","formatid":"gen9ou","rating":1293,"private":0,"password":""}