{"id":"gen9ou-1994485906","p1":"LegacyShowden","p2":"waha8","format":"[Gen 9] OU","log":"|j|\u2606LegacyShowden\n|j|\u2606waha8\n|t:|1700449497\n|gametype|singles\n|player|p1|LegacyShowden|rosa|1529\n|player|p2|waha8|265|1573\n|teamsize|p1|6\n|teamsize|p2|6\n|gen|9\n|tier|[Gen 9] OU\n|rated|\n|rule|Sleep Clause Mod: Limit one foe put to sleep\n|rule|Species Clause: Limit one of each Pok\u00e9mon\n|rule|OHKO Clause: OHKO moves are banned\n|rule|Evasion Items Clause: Evasion items are banned\n|rule|Evasion Moves Clause: Evasion moves are banned\n|rule|Endless Battle Clause: Forcing endless battles is banned\n|rule|HP Percentage Mod: HP is shown in percentages\n|clearpoke\n|poke|p1|Great Tusk|\n|poke|p1|Samurott-Hisui, M|\n|poke|p1|Dragapult, M|\n|poke|p1|Gholdengo|\n|poke|p1|Heatran, M|\n|poke|p1|Rillaboom, M|\n|poke|p2|Indeedee, M|\n|poke|p2|Ninetales-Alola, F|\n|poke|p2|Sneasler, F|\n|poke|p2|Gallade, M|\n|poke|p2|Slowking-Galar, M|\n|poke|p2|Haxorus, M|\n|teampreview\n|inactive|Battle timer is ON: inactive players will automatically lose when time's up. (requested by LegacyShowden)\n|\n|t:|1700449515\n|start\n|switch|p1a: Heatran|Heatran, M, shiny|100\/100\n|switch|p2a: Mavis|Ninetales-Alola, F|100\/100\n|-weather|Snow|[from] ability: Snow Warning|[of] p2a: Mavis\n|turn|1\n|\n|t:|1700449523\n|switch|p2a: DoNotCare|Haxorus, M|100\/100\n|-ability|p2a: DoNotCare|Mold Breaker\n|move|p1a: Heatran|Magma Storm|p2a: DoNotCare\n|-resisted|p2a: DoNotCare\n|-damage|p2a: DoNotCare|66\/100\n|-activate|p2a: DoNotCare|move: Magma Storm|[of] p1a: Heatran\n|\n|-weather|Snow|[upkeep]\n|-damage|p2a: DoNotCare|54\/100|[from] move: Magma Storm|[partiallytrapped]\n|upkeep\n|turn|2\n|\n|t:|1700449532\n|move|p2a: DoNotCare|Dragon Dance|p2a: DoNotCare\n|-boost|p2a: DoNotCare|atk|1\n|-boost|p2a: DoNotCare|spe|1\n|move|p1a: Heatran|Will-O-Wisp|p2a: DoNotCare\n|-status|p2a: DoNotCare|brn\n|\n|-weather|Snow|[upkeep]\n|-damage|p2a: DoNotCare|47\/100 brn|[from] brn\n|-damage|p2a: DoNotCare|35\/100 brn|[from] move: Magma Storm|[partiallytrapped]\n|upkeep\n|turn|3\n|\n|t:|1700449542\n|switch|p1a: Great Tusk|Great Tusk|100\/100\n|move|p2a: DoNotCare|Earthquake|p1a: Great Tusk\n|-damage|p1a: Great Tusk|71\/100\n|-damage|p2a: DoNotCare|25\/100 brn|[from] item: Life Orb\n|\n|-weather|Snow|[upkeep]\n|-damage|p2a: DoNotCare|19\/100 brn|[from] brn\n|-end|p2a: DoNotCare|Magma Storm|[partiallytrapped]|[silent]\n|upkeep\n|turn|4\n|\n|t:|1700449550\n|move|p2a: DoNotCare|Outrage|p1a: Great Tusk\n|-damage|p1a: Great Tusk|22\/100\n|-enditem|p1a: Great Tusk|Sitrus Berry|[eat]\n|-heal|p1a: Great Tusk|47\/100|[from] item: Sitrus Berry\n|-damage|p2a: DoNotCare|9\/100 brn|[from] item: Life Orb\n|move|p1a: Great Tusk|Rapid Spin|p2a: DoNotCare\n|-damage|p2a: DoNotCare|0 fnt\n|-boost|p1a: Great Tusk|spe|1\n|faint|p2a: DoNotCare\n|\n|-weather|Snow|[upkeep]\n|upkeep\n|\n|t:|1700449562\n|switch|p2a: DeeDee|Indeedee, M|100\/100\n|-fieldstart|move: Psychic Terrain|[from] ability: Psychic Surge|[of] p2a: DeeDee\n|turn|5\n|\n|t:|1700449566\n|move|p1a: Great Tusk|Close Combat|p2a: DeeDee\n|-damage|p2a: DeeDee|0 fnt\n|-unboost|p1a: Great Tusk|def|1\n|-unboost|p1a: Great Tusk|spd|1\n|faint|p2a: DeeDee\n|\n|-weather|none\n|upkeep\n|\n|t:|1700449569\n|switch|p2a: Sonic|Sneasler, F|100\/100\n|-enditem|p2a: Sonic|Psychic Seed\n|-boost|p2a: Sonic|spd|1|[from] item: Psychic Seed\n|turn|6\n|\n|t:|1700449574\n|-terastallize|p2a: Sonic|Flying\n|move|p2a: Sonic|Swords Dance|p2a: Sonic\n|-boost|p2a: Sonic|atk|2\n|move|p1a: Great Tusk|Ice Spinner|p2a: Sonic\n|-supereffective|p2a: Sonic\n|-damage|p2a: Sonic|9\/100\n|-fieldend|move: Psychic Terrain\n|\n|upkeep\n|turn|7\n|\n|t:|1700449581\n|move|p2a: Sonic|Acrobatics|p1a: Great Tusk\n|-supereffective|p1a: Great Tusk\n|-damage|p1a: Great Tusk|0 fnt\n|faint|p1a: Great Tusk\n|-end|p1a: Great Tusk|Protosynthesis|[silent]\n|\n|upkeep\n|\n|t:|1700449590\n|switch|p1a: Rillaboom|Rillaboom, M|100\/100\n|-fieldstart|move: Grassy Terrain|[from] ability: Grassy Surge|[of] p1a: Rillaboom\n|turn|8\n|\n|t:|1700449594\n|move|p1a: Rillaboom|Grassy Glide|p2a: Sonic\n|-resisted|p2a: Sonic\n|-damage|p2a: Sonic|0 fnt\n|faint|p2a: Sonic\n|\n|upkeep\n|\n|t:|1700449605\n|switch|p2a: Lee|Gallade, M|100\/100\n|turn|9\n|\n|t:|1700449616\n|move|p1a: Rillaboom|Grassy Glide|p2a: Lee\n|-damage|p2a: Lee|10\/100\n|move|p2a: Lee|Psycho Cut|p1a: Rillaboom\n|-damage|p1a: Rillaboom|13\/100\n|-damage|p2a: Lee|0 fnt|[from] item: Life Orb\n|faint|p2a: Lee\n|\n|-heal|p1a: Rillaboom|19\/100|[from] Grassy Terrain\n|upkeep\n|-message|waha8 forfeited.\n|\n|win|LegacyShowden\n|raw|LegacyShowden's rating: 1529 &rarr; <strong>1552<\/strong><br \/>(+23 for winning)\n|raw|waha8's rating: 1573 &rarr; <strong>1550<\/strong><br \/>(-23 for losing)\n|l|\u2606waha8\n","uploadtime":1700449633,"views":11,"p1id":"legacyshowden","p2id":"waha8","formatid":"gen9ou","rating":1550,"private":0,"password":""}