{"id":"gen9ou-1994787261","p1":"Doubleedged9527","p2":"VanPokeMum","format":"[Gen 9] OU","log":"|j|\u2606Doubleedged9527\n|j|\u2606VanPokeMum\n|t:|1700492731\n|gametype|singles\n|player|p1|Doubleedged9527|1|1000\n|player|p2|VanPokeMum|caitlin|1031\n|teamsize|p1|6\n|teamsize|p2|6\n|gen|9\n|tier|[Gen 9] OU\n|rated|\n|rule|Sleep Clause Mod: Limit one foe put to sleep\n|rule|Species Clause: Limit one of each Pok\u00e9mon\n|rule|OHKO Clause: OHKO moves are banned\n|rule|Evasion Items Clause: Evasion items are banned\n|rule|Evasion Moves Clause: Evasion moves are banned\n|rule|Endless Battle Clause: Forcing endless battles is banned\n|rule|HP Percentage Mod: HP is shown in percentages\n|clearpoke\n|poke|p1|Great Tusk|\n|poke|p1|Grimmsnarl, M|\n|poke|p1|Corviknight, M|\n|poke|p1|Gengar, M|\n|poke|p1|Spidops, M|\n|poke|p1|Dragonite, F|\n|poke|p2|Mienshao, F|\n|poke|p2|Corviknight, M|\n|poke|p2|Iron Valiant|\n|poke|p2|Ceruledge, F|\n|poke|p2|Samurott-Hisui, M|\n|poke|p2|Goodra, M|\n|teampreview\n|\n|t:|1700492791\n|start\n|switch|p1a: Spidops|Spidops, M|100\/100\n|switch|p2a: Iron Valiant|Iron Valiant|100\/100\n|-enditem|p2a: Iron Valiant|Booster Energy\n|-activate|p2a: Iron Valiant|ability: Quark Drive|[fromitem]\n|-start|p2a: Iron Valiant|quarkdrivespe\n|turn|1\n|\n|t:|1700492803\n|move|p2a: Iron Valiant|Moonblast|p1a: Spidops\n|-damage|p1a: Spidops|46\/100\n|move|p1a: Spidops|Sticky Web|p2a: Iron Valiant\n|-sidestart|p2: VanPokeMum|move: Sticky Web\n|\n|upkeep\n|turn|2\n|\n|t:|1700492812\n|move|p2a: Iron Valiant|Moonblast|p1a: Spidops\n|-damage|p1a: Spidops|0 fnt\n|faint|p1a: Spidops\n|\n|upkeep\n|\n|t:|1700492825\n|switch|p1a: Gengar|Gengar, M|100\/100\n|turn|3\n|\n|t:|1700492839\n|-end|p2a: Iron Valiant|Quark Drive|[silent]\n|switch|p2a: Corviknight|Corviknight, M|100\/100\n|-ability|p2a: Corviknight|Pressure\n|move|p1a: Gengar|Nasty Plot|p1a: Gengar\n|-boost|p1a: Gengar|spa|2\n|\n|upkeep\n|turn|4\n|\n|t:|1700492848\n|move|p1a: Gengar|Thunder|p2a: Corviknight\n|-supereffective|p2a: Corviknight\n|-damage|p2a: Corviknight|0 fnt\n|faint|p2a: Corviknight\n|-damage|p1a: Gengar|91\/100|[from] item: Life Orb\n|\n|upkeep\n|\n|t:|1700492858\n|switch|p2a: Samurott|Samurott-Hisui, M|100\/100\n|-activate|p2a: Samurott|move: Sticky Web\n|-unboost|p2a: Samurott|spe|1\n|turn|5\n|\n|t:|1700492870\n|-terastallize|p2a: Samurott|Ghost\n|move|p1a: Gengar|Energy Ball|p2a: Samurott\n|-enditem|p2a: Samurott|Focus Sash\n|-damage|p2a: Samurott|1\/100\n|-damage|p1a: Gengar|81\/100|[from] item: Life Orb\n|move|p2a: Samurott|Ceaseless Edge|p1a: Gengar\n|-supereffective|p1a: Gengar\n|-damage|p1a: Gengar|0 fnt\n|-start|p2a: Samurott|Disable|Ceaseless Edge|[from] ability: Cursed Body|[of] p1a: Gengar\n|-sidestart|p1: Doubleedged9527|Spikes\n|faint|p1a: Gengar\n|\n|upkeep\n|\n|t:|1700492893\n|switch|p1a: Grimmsnarl|Grimmsnarl, M|100\/100\n|-damage|p1a: Grimmsnarl|88\/100|[from] Spikes\n|turn|6\n|\n|t:|1700492902\n|move|p2a: Samurott|Aqua Jet|p1a: Grimmsnarl\n|-damage|p1a: Grimmsnarl|69\/100\n|move|p1a: Grimmsnarl|Reflect|p1a: Grimmsnarl\n|-sidestart|p1: Doubleedged9527|Reflect\n|\n|upkeep\n|turn|7\n|\n|t:|1700492909\n|move|p1a: Grimmsnarl|Parting Shot|p2a: Samurott\n|-unboost|p2a: Samurott|atk|1\n|-unboost|p2a: Samurott|spa|1\n|\n|t:|1700492918\n|switch|p1a: Great Tusk|Great Tusk|100\/100|[from] Parting Shot\n|-damage|p1a: Great Tusk|88\/100|[from] Spikes\n|-enditem|p1a: Great Tusk|Booster Energy\n|-activate|p1a: Great Tusk|ability: Protosynthesis|[fromitem]\n|-start|p1a: Great Tusk|protosynthesisatk\n|move|p2a: Samurott|Knock Off|p1a: Great Tusk\n|-resisted|p1a: Great Tusk\n|-damage|p1a: Great Tusk|84\/100\n|\n|upkeep\n|turn|8\n|\n|t:|1700492942\n|move|p2a: Samurott|Aqua Jet|p1a: Great Tusk\n|-supereffective|p1a: Great Tusk\n|-damage|p1a: Great Tusk|74\/100\n|move|p1a: Great Tusk|Earthquake|p2a: Samurott\n|-damage|p2a: Samurott|0 fnt\n|faint|p2a: Samurott\n|\n|upkeep\n|\n|t:|1700492950\n|switch|p2a: Iron Valiant|Iron Valiant|100\/100\n|-activate|p2a: Iron Valiant|move: Sticky Web\n|-unboost|p2a: Iron Valiant|spe|1\n|turn|9\n|\n|t:|1700492984\n|move|p1a: Great Tusk|Earthquake|p2a: Iron Valiant\n|-crit|p2a: Iron Valiant\n|-damage|p2a: Iron Valiant|0 fnt\n|faint|p2a: Iron Valiant\n|-end|p2a: Iron Valiant|Quark Drive|[silent]\n|\n|upkeep\n|\n|t:|1700492991\n|switch|p2a: Goodra|Goodra, M|100\/100\n|-activate|p2a: Goodra|move: Sticky Web\n|-unboost|p2a: Goodra|spe|1\n|turn|10\n|\n|t:|1700492997\n|move|p1a: Great Tusk|Ice Spinner|p2a: Goodra\n|-supereffective|p2a: Goodra\n|-damage|p2a: Goodra|28\/100\n|move|p2a: Goodra|Rain Dance|p2a: Goodra\n|-weather|RainDance\n|\n|-weather|RainDance|[upkeep]\n|-heal|p2a: Goodra|34\/100|[from] item: Leftovers\n|upkeep\n|turn|11\n|\n|t:|1700493004\n|move|p1a: Great Tusk|Ice Spinner|p2a: Goodra\n|-supereffective|p2a: Goodra\n|-damage|p2a: Goodra|0 fnt\n|faint|p2a: Goodra\n|\n|-weather|RainDance|[upkeep]\n|upkeep\n|\n|t:|1700493012\n|switch|p2a: Mienshao|Mienshao, F|100\/100\n|-activate|p2a: Mienshao|move: Sticky Web\n|-unboost|p2a: Mienshao|spe|1\n|turn|12\n|\n|t:|1700493020\n|move|p2a: Mienshao|Fake Out|p1a: Great Tusk\n|-damage|p1a: Great Tusk|69\/100\n|cant|p1a: Great Tusk|flinch\n|\n|-weather|RainDance|[upkeep]\n|upkeep\n|turn|13\n|\n|t:|1700493026\n|move|p1a: Great Tusk|Close Combat|p2a: Mienshao\n|-damage|p2a: Mienshao|0 fnt\n|-unboost|p1a: Great Tusk|def|1\n|-unboost|p1a: Great Tusk|spd|1\n|faint|p2a: Mienshao\n|\n|-weather|RainDance|[upkeep]\n|-sideend|p1: Doubleedged9527|Reflect\n|upkeep\n|-message|VanPokeMum forfeited.\n|\n|win|Doubleedged9527\n|raw|Doubleedged9527's rating: 1000 &rarr; <strong>1044<\/strong><br \/>(+44 for winning)\n|raw|VanPokeMum's rating: 1031 &rarr; <strong>1015<\/strong><br \/>(-16 for losing)\n|l|\u2606VanPokeMum\n","uploadtime":1700493041,"views":6,"p1id":"doubleedged9527","p2id":"vanpokemum","formatid":"gen9ou","rating":1015,"private":0,"password":""}