{"id":"gen9ou-1995139543","p1":"ReDemonic","p2":"PLAYB0I R0BBIE B","format":"[Gen 9] OU","log":"|j|\u2606ReDemonic\n|j|\u2606PLAYB0I R0BBIE B\n|t:|1700526970\n|gametype|singles\n|player|p1|ReDemonic|tucker-gen3|1353\n|player|p2|PLAYB0I R0BBIE B|eusine|1263\n|teamsize|p1|6\n|teamsize|p2|6\n|gen|9\n|tier|[Gen 9] OU\n|rated|\n|rule|Sleep Clause Mod: Limit one foe put to sleep\n|rule|Species Clause: Limit one of each Pok\u00e9mon\n|rule|OHKO Clause: OHKO moves are banned\n|rule|Evasion Items Clause: Evasion items are banned\n|rule|Evasion Moves Clause: Evasion moves are banned\n|rule|Endless Battle Clause: Forcing endless battles is banned\n|rule|HP Percentage Mod: HP is shown in percentages\n|clearpoke\n|poke|p1|Goodra-Hisui, F|\n|poke|p1|Toxapex, M|\n|poke|p1|Cresselia, F|\n|poke|p1|Enamorus, F|\n|poke|p1|Cyclizar, F|\n|poke|p1|Gallade, M|\n|poke|p2|Meowscarada, F|\n|poke|p2|Heatran, F|\n|poke|p2|Thundurus-Therian, M|\n|poke|p2|Dragapult, F|\n|poke|p2|Great Tusk|\n|poke|p2|Azumarill, F|\n|teampreview\n|\n|t:|1700526987\n|start\n|switch|p1a: Gallade|Gallade, M|100\/100\n|switch|p2a: CAN'T SAY|Azumarill, F|100\/100\n|turn|1\n|\n|t:|1700526990\n|move|p1a: Gallade|Leaf Blade|p2a: CAN'T SAY\n|-supereffective|p2a: CAN'T SAY\n|-damage|p2a: CAN'T SAY|0 fnt\n|faint|p2a: CAN'T SAY\n|\n|upkeep\n|\n|t:|1700526994\n|switch|p2a: SICKO MODE|Meowscarada, F|100\/100\n|turn|2\n|\n|t:|1700526999\n|switch|p1a: Toxapex|Toxapex, M|100\/100\n|move|p2a: SICKO MODE|Knock Off|p1a: Toxapex\n|-start|p2a: SICKO MODE|typechange|Dark|[from] ability: Protean\n|-damage|p1a: Toxapex|63\/100\n|-enditem|p1a: Toxapex|Leftovers|[from] move: Knock Off|[of] p2a: SICKO MODE\n|\n|upkeep\n|turn|3\n|\n|t:|1700527008\n|switch|p2a: ASTROTHUNDER|Thundurus-Therian, M|100\/100\n|move|p1a: Toxapex|Infestation|p2a: ASTROTHUNDER\n|-resisted|p2a: ASTROTHUNDER\n|-damage|p2a: ASTROTHUNDER|98\/100\n|-activate|p2a: ASTROTHUNDER|move: Infestation|[of] p1a: Toxapex\n|\n|-damage|p2a: ASTROTHUNDER|86\/100|[from] move: Infestation|[partiallytrapped]\n|upkeep\n|turn|4\n|\n|t:|1700527017\n|switch|p1a: Goodra|Goodra-Hisui, F|100\/100\n|move|p2a: ASTROTHUNDER|Volt Switch|p1a: Goodra\n|-resisted|p1a: Goodra\n|-damage|p1a: Goodra|87\/100\n|\n|t:|1700527021\n|switch|p2a: YOSEMITE|Great Tusk|100\/100|[from] Volt Switch\n|\n|upkeep\n|turn|5\n|\n|t:|1700527030\n|-terastallize|p1a: Goodra|Flying\n|move|p2a: YOSEMITE|Rapid Spin|p1a: Goodra\n|-damage|p1a: Goodra|71\/100\n|-boost|p2a: YOSEMITE|spe|1\n|move|p1a: Goodra|Draco Meteor|p2a: YOSEMITE\n|-crit|p2a: YOSEMITE\n|-damage|p2a: YOSEMITE|0 fnt\n|-unboost|p1a: Goodra|spa|2\n|faint|p2a: YOSEMITE\n|-end|p2a: YOSEMITE|Protosynthesis|[silent]\n|\n|upkeep\n|\n|t:|1700527034\n|switch|p2a: ASTROTHUNDER|Thundurus-Therian, M|86\/100\n|turn|6\n|\n|t:|1700527044\n|switch|p1a: Toxapex|Toxapex, M|96\/100\n|move|p2a: ASTROTHUNDER|Volt Switch|p1a: Toxapex\n|-supereffective|p1a: Toxapex\n|-damage|p1a: Toxapex|0 fnt\n|faint|p1a: Toxapex\n|\n|t:|1700527056\n|switch|p2a: SICKO MODE|Meowscarada, F|100\/100|[from] Volt Switch\n|\n|upkeep\n|\n|t:|1700527061\n|switch|p1a: Enamorus|Enamorus, F|100\/100\n|turn|7\n|\n|t:|1700527069\n|switch|p2a: 5% TINT|Heatran, F|100\/100\n|-item|p2a: 5% TINT|Air Balloon\n|move|p1a: Enamorus|Moonblast|p2a: 5% TINT\n|-resisted|p2a: 5% TINT\n|-damage|p2a: 5% TINT|90\/100\n|-enditem|p2a: 5% TINT|Air Balloon\n|\n|upkeep\n|turn|8\n|\n|t:|1700527076\n|switch|p1a: Cyclizar|Cyclizar, F|100\/100\n|move|p2a: 5% TINT|Magma Storm|p1a: Cyclizar|[miss]\n|-miss|p2a: 5% TINT|p1a: Cyclizar\n|\n|upkeep\n|turn|9\n|\n|t:|1700527082\n|move|p1a: Cyclizar|Draco Meteor|p2a: 5% TINT\n|-resisted|p2a: 5% TINT\n|-damage|p2a: 5% TINT|71\/100\n|-unboost|p1a: Cyclizar|spa|2\n|-enditem|p1a: Cyclizar|Eject Pack\n|\n|t:|1700527090\n|switch|p1a: Goodra|Goodra-Hisui, F, tera:Flying|71\/100\n|move|p2a: 5% TINT|Magma Storm|p1a: Goodra\n|-damage|p1a: Goodra|45\/100\n|-activate|p1a: Goodra|move: Magma Storm|[of] p2a: 5% TINT\n|\n|-damage|p1a: Goodra|33\/100|[from] move: Magma Storm|[partiallytrapped]\n|upkeep\n|turn|10\n|\n|t:|1700527096\n|move|p2a: 5% TINT|Magma Storm|p1a: Goodra\n|-damage|p1a: Goodra|8\/100\n|move|p1a: Goodra|Surf|p2a: 5% TINT\n|-supereffective|p2a: 5% TINT\n|-damage|p2a: 5% TINT|12\/100\n|\n|-damage|p1a: Goodra|0 fnt|[from] move: Magma Storm|[partiallytrapped]\n|faint|p1a: Goodra\n|upkeep\n|\n|t:|1700527106\n|switch|p1a: Cyclizar|Cyclizar, F|100\/100\n|turn|11\n|\n|t:|1700527115\n|switch|p2a: NO BYSTANDERS|Dragapult, F|100\/100\n|move|p1a: Cyclizar|Rapid Spin|p2a: NO BYSTANDERS\n|-immune|p2a: NO BYSTANDERS\n|\n|upkeep\n|turn|12\n|\n|t:|1700527121\n|switch|p1a: Enamorus|Enamorus, F|100\/100\n|move|p2a: NO BYSTANDERS|Thunder Wave|p1a: Enamorus\n|-status|p1a: Enamorus|par\n|\n|upkeep\n|turn|13\n|\n|t:|1700527126\n|move|p2a: NO BYSTANDERS|Hex|p1a: Enamorus\n|-damage|p1a: Enamorus|25\/100 par\n|move|p1a: Enamorus|Moonblast|p2a: NO BYSTANDERS\n|-supereffective|p2a: NO BYSTANDERS\n|-damage|p2a: NO BYSTANDERS|0 fnt\n|faint|p2a: NO BYSTANDERS\n|\n|upkeep\n|\n|t:|1700527129\n|switch|p2a: ASTROTHUNDER|Thundurus-Therian, M|86\/100\n|turn|14\n|\n|t:|1700527132\n|move|p2a: ASTROTHUNDER|Volt Switch|p1a: Enamorus\n|-supereffective|p1a: Enamorus\n|-damage|p1a: Enamorus|0 fnt\n|faint|p1a: Enamorus\n|\n|t:|1700527135\n|switch|p2a: SICKO MODE|Meowscarada, F|100\/100|[from] Volt Switch\n|\n|upkeep\n|\n|t:|1700527143\n|switch|p1a: Cyclizar|Cyclizar, F|100\/100\n|turn|15\n|\n|t:|1700527148\n|move|p2a: SICKO MODE|Low Kick|p1a: Cyclizar\n|-start|p2a: SICKO MODE|typechange|Fighting|[from] ability: Protean\n|-supereffective|p1a: Cyclizar\n|-damage|p1a: Cyclizar|0 fnt\n|faint|p1a: Cyclizar\n|\n|upkeep\n|inactive|Battle timer is ON: inactive players will automatically lose when time's up. (requested by PLAYB0I R0BBIE B)\n|\n|t:|1700527154\n|switch|p1a: Gallade|Gallade, M|100\/100\n|turn|16\n|\n|t:|1700527157\n|switch|p2a: 5% TINT|Heatran, F|12\/100\n|move|p1a: Gallade|Psycho Cut|p2a: 5% TINT\n|-resisted|p2a: 5% TINT\n|-damage|p2a: 5% TINT|0 fnt\n|faint|p2a: 5% TINT\n|\n|upkeep\n|\n|t:|1700527161\n|switch|p2a: ASTROTHUNDER|Thundurus-Therian, M|86\/100\n|turn|17\n|\n|t:|1700527164\n|-terastallize|p2a: ASTROTHUNDER|Flying\n|move|p2a: ASTROTHUNDER|Tera Blast|p1a: Gallade|[anim] Tera Blast Flying\n|-supereffective|p1a: Gallade\n|-damage|p1a: Gallade|0 fnt\n|faint|p1a: Gallade\n|\n|upkeep\n|\n|t:|1700527168\n|switch|p1a: Cresselia|Cresselia, F|100\/100\n|turn|18\n|\n|t:|1700527171\n|move|p2a: ASTROTHUNDER|Tera Blast|p1a: Cresselia|[anim] Tera Blast Flying\n|-damage|p1a: Cresselia|39\/100\n|move|p1a: Cresselia|Moonblast|p2a: ASTROTHUNDER\n|-damage|p2a: ASTROTHUNDER|52\/100\n|\n|-heal|p1a: Cresselia|45\/100|[from] item: Leftovers\n|upkeep\n|turn|19\n|\n|t:|1700527175\n|move|p2a: ASTROTHUNDER|Tera Blast|p1a: Cresselia|[anim] Tera Blast Flying\n|-damage|p1a: Cresselia|0 fnt\n|faint|p1a: Cresselia\n|\n|win|PLAYB0I R0BBIE B\n|raw|ReDemonic's rating: 1353 &rarr; <strong>1328<\/strong><br \/>(-25 for losing)\n|raw|PLAYB0I R0BBIE B's rating: 1263 &rarr; <strong>1294<\/strong><br \/>(+31 for winning)\n","uploadtime":1700527179,"views":5,"p1id":"redemonic","p2id":"playb0ir0bbieb","formatid":"gen9ou","rating":1294,"private":0,"password":""}