{"id":"gen9ou-1991649325","p1":"wooloo supremacy","p2":"deliriousdarkwolf","format":"[Gen 9] OU","log":"|j|\u2606wooloo supremacy\n|j|\u2606deliriousdarkwolf\n|t:|1700098344\n|gametype|singles\n|player|p1|wooloo supremacy|adaman|1754\n|player|p2|deliriousdarkwolf|pokemaniac|1724\n|teamsize|p1|6\n|teamsize|p2|6\n|gen|9\n|tier|[Gen 9] OU\n|rated|\n|rule|Sleep Clause Mod: Limit one foe put to sleep\n|rule|Species Clause: Limit one of each Pok\u00e9mon\n|rule|OHKO Clause: OHKO moves are banned\n|rule|Evasion Items Clause: Evasion items are banned\n|rule|Evasion Moves Clause: Evasion moves are banned\n|rule|Endless Battle Clause: Forcing endless battles is banned\n|rule|HP Percentage Mod: HP is shown in percentages\n|clearpoke\n|poke|p1|Great Tusk|\n|poke|p1|Hatterene, F|\n|poke|p1|Dondozo, F|\n|poke|p1|Mandibuzz, F|\n|poke|p1|Heatran, F|\n|poke|p1|Dragapult, F|\n|poke|p2|Samurott-Hisui, F|\n|poke|p2|Gholdengo|\n|poke|p2|Enamorus, F|\n|poke|p2|Ogerpon-Cornerstone, F|\n|poke|p2|Dragonite, F|\n|poke|p2|Great Tusk|\n|teampreview\n|inactive|Battle timer is ON: inactive players will automatically lose when time's up. (requested by deliriousdarkwolf)\n|inactive|wooloo supremacy also wants the timer to be on.\n|\n|t:|1700098373\n|start\n|switch|p1a: Hatterene|Hatterene, F|100\/100\n|switch|p2a: Jerma|Ogerpon-Cornerstone, F|100\/100\n|turn|1\n|j| youity\n|\n|t:|1700098386\n|-terastallize|p2a: Jerma|Rock\n|detailschange|p2a: Jerma|Ogerpon-Cornerstone-Tera, F, tera:Rock\n|-ability|p2a: Jerma|Embody Aspect (Cornerstone)|boost\n|-boost|p2a: Jerma|def|1\n|move|p2a: Jerma|Ivy Cudgel|p1a: Hatterene|[anim] Ivy Cudgel Rock\n|-damage|p1a: Hatterene|36\/100\n|move|p1a: Hatterene|Nuzzle|p2a: Jerma\n|-damage|p2a: Jerma|97\/100\n|-status|p2a: Jerma|par\n|\n|-heal|p1a: Hatterene|42\/100|[from] item: Leftovers\n|upkeep\n|turn|2\n|\n|t:|1700098399\n|switch|p1a: Great Tusk|Great Tusk|100\/100\n|move|p2a: Jerma|Ivy Cudgel|p1a: Great Tusk|[anim] Ivy Cudgel Rock\n|-resisted|p1a: Great Tusk\n|-damage|p1a: Great Tusk|87\/100\n|\n|upkeep\n|turn|3\n|\n|t:|1700098405\n|switch|p2a: Regina George|Enamorus, F|100\/100\n|move|p1a: Great Tusk|Headlong Rush|p2a: Regina George\n|-immune|p2a: Regina George\n|\n|upkeep\n|turn|4\n|\n|t:|1700098410\n|-end|p1a: Great Tusk|Protosynthesis|[silent]\n|switch|p1a: Dondozo|Dondozo, F|100\/100\n|move|p2a: Regina George|Earth Power|p1a: Dondozo\n|-damage|p1a: Dondozo|78\/100\n|\n|-heal|p1a: Dondozo|85\/100|[from] item: Leftovers\n|upkeep\n|turn|5\n|\n|t:|1700098417\n|switch|p2a: INUYASHA|Samurott-Hisui, F|100\/100\n|switch|p1a: Hatterene|Hatterene, F|42\/100\n|\n|-heal|p1a: Hatterene|48\/100|[from] item: Leftovers\n|upkeep\n|turn|6\n|\n|t:|1700098421\n|move|p2a: INUYASHA|Razor Shell|p1a: Hatterene\n|-damage|p1a: Hatterene|4\/100\n|move|p1a: Hatterene|Draining Kiss|p2a: INUYASHA\n|-supereffective|p2a: INUYASHA\n|-damage|p2a: INUYASHA|36\/100\n|-heal|p1a: Hatterene|52\/100|[from] drain|[of] p2a: INUYASHA\n|\n|-heal|p1a: Hatterene|58\/100|[from] item: Leftovers\n|upkeep\n|turn|7\n|\n|t:|1700098427\n|switch|p2a: Gholdengo|Gholdengo|100\/100\n|move|p1a: Hatterene|Draining Kiss|p2a: Gholdengo\n|-resisted|p2a: Gholdengo\n|-crit|p2a: Gholdengo\n|-damage|p2a: Gholdengo|81\/100\n|-heal|p1a: Hatterene|73\/100|[from] drain|[of] p2a: Gholdengo\n|\n|-heal|p1a: Hatterene|78\/100|[from] item: Leftovers\n|upkeep\n|turn|8\n|\n|t:|1700098431\n|switch|p2a: Jerma|Ogerpon-Cornerstone-Tera, F, tera:Rock|97\/100 par\n|-ability|p2a: Jerma|Embody Aspect (Cornerstone)|boost\n|-boost|p2a: Jerma|def|1\n|switch|p1a: Heatran|Heatran, F|100\/100\n|\n|upkeep\n|turn|9\n|\n|t:|1700098447\n|move|p1a: Heatran|Protect|p1a: Heatran\n|-singleturn|p1a: Heatran|Protect\n|move|p2a: Jerma|Ivy Cudgel|p1a: Heatran|[anim] Ivy Cudgel Rock\n|-activate|p1a: Heatran|move: Protect\n|\n|upkeep\n|turn|10\n|\n|t:|1700098454\n|switch|p1a: Great Tusk|Great Tusk|87\/100\n|move|p2a: Jerma|Ivy Cudgel|p1a: Great Tusk|[anim] Ivy Cudgel Rock\n|-resisted|p1a: Great Tusk\n|-crit|p1a: Great Tusk\n|-damage|p1a: Great Tusk|64\/100\n|\n|upkeep\n|turn|11\n|\n|t:|1700098462\n|switch|p2a: INUYASHA|Samurott-Hisui, F|36\/100\n|move|p1a: Great Tusk|Ice Spinner|p2a: INUYASHA\n|-resisted|p2a: INUYASHA\n|-damage|p2a: INUYASHA|8\/100\n|\n|upkeep\n|turn|12\n|\n|t:|1700098467\n|move|p1a: Great Tusk|Ice Spinner|p2a: INUYASHA\n|-resisted|p2a: INUYASHA\n|-damage|p2a: INUYASHA|0 fnt\n|faint|p2a: INUYASHA\n|\n|upkeep\n|\n|t:|1700098473\n|switch|p2a: Gholdengo|Gholdengo|81\/100\n|turn|13\n|\n|t:|1700098477\n|-end|p1a: Great Tusk|Protosynthesis|[silent]\n|switch|p1a: Heatran|Heatran, F|100\/100\n|move|p2a: Gholdengo|Make It Rain|p1a: Heatran\n|-resisted|p1a: Heatran\n|-crit|p1a: Heatran\n|-damage|p1a: Heatran|86\/100\n|-unboost|p2a: Gholdengo|spa|1\n|\n|-heal|p1a: Heatran|92\/100|[from] item: Leftovers\n|upkeep\n|turn|14\n|\n|t:|1700098481\n|switch|p2a: Kalsarin|Dragonite, F|100\/100\n|move|p1a: Heatran|Magma Storm|p2a: Kalsarin\n|-resisted|p2a: Kalsarin\n|-damage|p2a: Kalsarin|90\/100\n|-activate|p2a: Kalsarin|move: Magma Storm|[of] p1a: Heatran\n|\n|-heal|p1a: Heatran|98\/100|[from] item: Leftovers\n|-damage|p2a: Kalsarin|78\/100|[from] move: Magma Storm|[partiallytrapped]\n|upkeep\n|turn|15\n|\n|t:|1700098489\n|switch|p1a: Mandibuzz|Mandibuzz, F|100\/100\n|move|p2a: Kalsarin|Earthquake|p1a: Mandibuzz\n|-immune|p1a: Mandibuzz\n|\n|-end|p2a: Kalsarin|Magma Storm|[partiallytrapped]|[silent]\n|upkeep\n|turn|16\n|\n|t:|1700098493\n|switch|p2a: Regina George|Enamorus, F|100\/100\n|move|p1a: Mandibuzz|U-turn|p2a: Regina George\n|-resisted|p2a: Regina George\n|-damage|p2a: Regina George|96\/100\n|-message|deliriousdarkwolf forfeited.\n|\n|win|wooloo supremacy\n|raw|wooloo supremacy's rating: 1754 &rarr; <strong>1772<\/strong><br \/>(+18 for winning)\n|raw|deliriousdarkwolf's rating: 1724 &rarr; <strong>1706<\/strong><br \/>(-18 for losing)\n|l|\u2606deliriousdarkwolf\n","uploadtime":1700098502,"views":7,"p1id":"wooloosupremacy","p2id":"deliriousdarkwolf","formatid":"gen9ou","rating":1706,"private":0,"password":""}