{"id":"gen9ou-1989487515","p1":"gett guuud","p2":"theultimateperson8","format":"[Gen 9] OU","log":"|j|\u2606gett guuud\n|j|\u2606theultimateperson8\n|t:|1699858854\n|gametype|singles\n|player|p1|gett guuud|cyclist|1375\n|player|p2|theultimateperson8|170|1330\n|teamsize|p1|6\n|teamsize|p2|6\n|gen|9\n|tier|[Gen 9] OU\n|rated|\n|rule|Sleep Clause Mod: Limit one foe put to sleep\n|rule|Species Clause: Limit one of each Pok\u00e9mon\n|rule|OHKO Clause: OHKO moves are banned\n|rule|Evasion Items Clause: Evasion items are banned\n|rule|Evasion Moves Clause: Evasion moves are banned\n|rule|Endless Battle Clause: Forcing endless battles is banned\n|rule|HP Percentage Mod: HP is shown in percentages\n|clearpoke\n|poke|p1|Hatterene, F|\n|poke|p1|Ursaluna, F|\n|poke|p1|Zamazenta-*|\n|poke|p1|Breloom, F|\n|poke|p1|Slowking-Galar, F|\n|poke|p1|Corviknight, F|\n|poke|p2|Samurott-Hisui, F|\n|poke|p2|Heatran, F|\n|poke|p2|Hydreigon, M|\n|poke|p2|Sneasler, F|\n|poke|p2|Landorus-Therian, M|\n|poke|p2|Zapdos|\n|teampreview\n|inactive|Battle timer is ON: inactive players will automatically lose when time's up. (requested by gett guuud)\n|\n|t:|1699858870\n|start\n|switch|p1a: Breloom|Breloom, F|100\/100\n|switch|p2a: Samurott|Samurott-Hisui, F|100\/100\n|turn|1\n|\n|t:|1699858880\n|switch|p2a: Zapdos|Zapdos|100\/100\n|move|p1a: Breloom|Spore|p2a: Zapdos\n|-status|p2a: Zapdos|slp|[from] move: Spore\n|\n|upkeep\n|turn|2\n|\n|t:|1699858886\n|move|p1a: Breloom|Rock Tomb|p2a: Zapdos\n|-supereffective|p2a: Zapdos\n|-damage|p2a: Zapdos|28\/100 slp\n|-unboost|p2a: Zapdos|spe|1\n|cant|p2a: Zapdos|slp\n|\n|upkeep\n|turn|3\n|\n|t:|1699858893\n|move|p1a: Breloom|Rock Tomb|p2a: Zapdos\n|-supereffective|p2a: Zapdos\n|-damage|p2a: Zapdos|0 fnt\n|faint|p2a: Zapdos\n|\n|upkeep\n|\n|t:|1699858898\n|switch|p2a: Sneasler|Sneasler, F|100\/100\n|turn|4\n|\n|t:|1699858906\n|switch|p1a: Slowking|Slowking-Galar, F|100\/100\n|-terastallize|p2a: Sneasler|Flying\n|move|p2a: Sneasler|Acrobatics|p1a: Slowking\n|-damage|p1a: Slowking|67\/100\n|\n|upkeep\n|turn|5\n|\n|t:|1699858914\n|switch|p2a: Heatran|Heatran, F|100\/100\n|move|p1a: Slowking|Trick Room|p1a: Slowking\n|-fieldstart|move: Trick Room|[of] p1a: Slowking\n|\n|upkeep\n|turn|6\n|\n|t:|1699858923\n|switch|p1a: Ursaluna|Ursaluna, F|100\/100\n|move|p2a: Heatran|Magma Storm|p1a: Ursaluna\n|-damage|p1a: Ursaluna|61\/100\n|-activate|p1a: Ursaluna|move: Magma Storm|[of] p2a: Heatran\n|\n|-damage|p1a: Ursaluna|48\/100|[from] move: Magma Storm|[partiallytrapped]\n|-status|p1a: Ursaluna|brn|[from] item: Flame Orb\n|upkeep\n|turn|7\n|\n|t:|1699858931\n|move|p2a: Heatran|Protect|p2a: Heatran\n|-singleturn|p2a: Heatran|Protect\n|move|p1a: Ursaluna|Facade|p2a: Heatran\n|-activate|p2a: Heatran|move: Protect\n|\n|-damage|p1a: Ursaluna|42\/100 brn|[from] brn\n|-damage|p1a: Ursaluna|30\/100 brn|[from] move: Magma Storm|[partiallytrapped]\n|upkeep\n|turn|8\n|inactive|theultimateperson8 has 120 seconds left.\n|c|\u2606gett guuud|not that hard\n|c|\u2606gett guuud|stay or swtch\n|c|\u2606gett guuud|stay\n|inactive|theultimateperson8 has 90 seconds left.\n|c|\u2606gett guuud|stay\n|\n|t:|1699858997\n|switch|p2a: Landorus|Landorus-Therian, M|100\/100\n|-ability|p2a: Landorus|Intimidate|boost\n|-unboost|p1a: Ursaluna|atk|1\n|move|p1a: Ursaluna|Headlong Rush|p2a: Landorus\n|-immune|p2a: Landorus\n|\n|-damage|p1a: Ursaluna|24\/100 brn|[from] brn\n|-end|p1a: Ursaluna|Magma Storm|[partiallytrapped]|[silent]\n|upkeep\n|turn|9\n|inactive|theultimateperson8 has 90 seconds left.\n|c|\u2606gett guuud|stay\n|\n|t:|1699859008\n|move|p1a: Ursaluna|Facade|p2a: Landorus\n|-damage|p2a: Landorus|39\/100\n|-damage|p1a: Ursaluna|7\/100 brn|[from] item: Rocky Helmet|[of] p2a: Landorus\n|move|p2a: Landorus|Earthquake|p1a: Ursaluna\n|-damage|p1a: Ursaluna|0 fnt\n|faint|p1a: Ursaluna\n|\n|-fieldend|move: Trick Room\n|upkeep\n|\n|t:|1699859015\n|switch|p1a: Breloom|Breloom, F|100\/100\n|turn|10\n|inactive|theultimateperson8 has 90 seconds left.\n|\n|t:|1699859025\n|move|p1a: Breloom|Spore|p2a: Landorus\n|-status|p2a: Landorus|slp|[from] move: Spore\n|cant|p2a: Landorus|slp\n|\n|upkeep\n|turn|11\n|\n|t:|1699859030\n|move|p1a: Breloom|Rock Tomb|p2a: Landorus\n|-damage|p2a: Landorus|14\/100 slp\n|-unboost|p2a: Landorus|spe|1\n|cant|p2a: Landorus|slp\n|\n|upkeep\n|turn|12\n|c|\u2606gett guuud|sleep\n|\n|t:|1699859036\n|move|p1a: Breloom|Rock Tomb|p2a: Landorus\n|-damage|p2a: Landorus|0 fnt\n|faint|p2a: Landorus\n|\n|upkeep\n|\n|t:|1699859046\n|switch|p2a: Sneasler|Sneasler, F, tera:Flying|100\/100\n|turn|13\n|\n|t:|1699859052\n|switch|p1a: Slowking|Slowking-Galar, F|99\/100\n|move|p2a: Sneasler|Acrobatics|p1a: Slowking\n|-crit|p1a: Slowking\n|-damage|p1a: Slowking|44\/100\n|\n|upkeep\n|turn|14\n|inactive|theultimateperson8 has 120 seconds left.\n|c|\u2606gett guuud|crit too\n|c|\u2606gett guuud|omfg\n|inactive|theultimateperson8 has 90 seconds left.\n|c|\u2606gett guuud|slowaf\n|\n|t:|1699859092\n|switch|p2a: Heatran|Heatran, F|100\/100\n|move|p1a: Slowking|Trick Room|p1a: Slowking\n|-fieldstart|move: Trick Room|[of] p1a: Slowking\n|\n|upkeep\n|turn|15\n|inactive|theultimateperson8 has 90 seconds left.\n|\n|t:|1699859099\n|move|p1a: Slowking|Surf|p2a: Heatran\n|-supereffective|p2a: Heatran\n|-damage|p2a: Heatran|51\/100\n|-damage|p1a: Slowking|35\/100|[from] item: Life Orb\n|move|p2a: Heatran|Magma Storm|p1a: Slowking\n|-damage|p1a: Slowking|2\/100\n|-activate|p1a: Slowking|move: Magma Storm|[of] p2a: Heatran\n|\n|-heal|p2a: Heatran|57\/100|[from] item: Leftovers\n|-damage|p1a: Slowking|0 fnt|[from] move: Magma Storm|[partiallytrapped]\n|faint|p1a: Slowking\n|upkeep\n|\n|t:|1699859103\n|switch|p1a: Hatterene|Hatterene, F|100\/100\n|turn|16\n|c|\u2606gett guuud|protect\n|\n|t:|1699859113\n|-terastallize|p1a: Hatterene|Water\n|move|p1a: Hatterene|Calm Mind|p1a: Hatterene\n|-boost|p1a: Hatterene|spa|1\n|-boost|p1a: Hatterene|spd|1\n|move|p2a: Heatran|Magma Storm|p1a: Hatterene|[miss]\n|-miss|p2a: Heatran|p1a: Hatterene\n|\n|-heal|p2a: Heatran|63\/100|[from] item: Leftovers\n|upkeep\n|turn|17\n|\n|t:|1699859122\n|move|p1a: Hatterene|Calm Mind|p1a: Hatterene\n|-boost|p1a: Hatterene|spa|1\n|-boost|p1a: Hatterene|spd|1\n|move|p2a: Heatran|Magma Storm|p1a: Hatterene|[miss]\n|-miss|p2a: Heatran|p1a: Hatterene\n|\n|-heal|p2a: Heatran|69\/100|[from] item: Leftovers\n|upkeep\n|turn|18\n|c|\u2606gett guuud|yumm\n|\n|t:|1699859130\n|move|p1a: Hatterene|Calm Mind|p1a: Hatterene\n|-boost|p1a: Hatterene|spa|1\n|-boost|p1a: Hatterene|spd|1\n|move|p2a: Heatran|Magma Storm|p1a: Hatterene\n|-resisted|p1a: Hatterene\n|-damage|p1a: Hatterene|90\/100\n|-activate|p1a: Hatterene|move: Magma Storm|[of] p2a: Heatran\n|\n|-heal|p1a: Hatterene|96\/100|[from] item: Leftovers\n|-heal|p2a: Heatran|76\/100|[from] item: Leftovers\n|-damage|p1a: Hatterene|84\/100|[from] move: Magma Storm|[partiallytrapped]\n|-fieldend|move: Trick Room\n|upkeep\n|turn|19\n|\n|t:|1699859148\n|move|p2a: Heatran|Protect|p2a: Heatran\n|-singleturn|p2a: Heatran|Protect\n|move|p1a: Hatterene|Trick Room|p1a: Hatterene\n|-fieldstart|move: Trick Room|[of] p1a: Hatterene\n|\n|-heal|p1a: Hatterene|90\/100|[from] item: Leftovers\n|-heal|p2a: Heatran|82\/100|[from] item: Leftovers\n|-damage|p1a: Hatterene|78\/100|[from] move: Magma Storm|[partiallytrapped]\n|upkeep\n|turn|20\n|c|\u2606gett guuud|gg\n|\n|t:|1699859156\n|move|p1a: Hatterene|Stored Power|p2a: Heatran\n|-resisted|p2a: Heatran\n|-damage|p2a: Heatran|35\/100\n|move|p2a: Heatran|Earth Power|p1a: Hatterene\n|-damage|p1a: Hatterene|66\/100\n|\n|-heal|p1a: Hatterene|72\/100|[from] item: Leftovers\n|-heal|p2a: Heatran|41\/100|[from] item: Leftovers\n|-damage|p1a: Hatterene|60\/100|[from] move: Magma Storm|[partiallytrapped]\n|upkeep\n|turn|21\n|c|\u2606gett guuud|protect\n|\n|t:|1699859178\n|move|p2a: Heatran|Protect|p2a: Heatran\n|-singleturn|p2a: Heatran|Protect\n|move|p1a: Hatterene|Stored Power|p2a: Heatran\n|-activate|p2a: Heatran|move: Protect\n|\n|-heal|p1a: Hatterene|66\/100|[from] item: Leftovers\n|-heal|p2a: Heatran|47\/100|[from] item: Leftovers\n|-damage|p1a: Hatterene|53\/100|[from] move: Magma Storm|[partiallytrapped]\n|upkeep\n|turn|22\n|\n|t:|1699859190\n|move|p2a: Heatran|Protect||[still]\n|-fail|p2a: Heatran\n|move|p1a: Hatterene|Draining Kiss|p2a: Heatran\n|-resisted|p2a: Heatran\n|-damage|p2a: Heatran|38\/100\n|-heal|p1a: Hatterene|62\/100|[from] drain|[of] p2a: Heatran\n|\n|-heal|p1a: Hatterene|68\/100|[from] item: Leftovers\n|-heal|p2a: Heatran|45\/100|[from] item: Leftovers\n|-damage|p1a: Hatterene|55\/100|[from] move: Magma Storm|[partiallytrapped]\n|upkeep\n|turn|23\n|c|\u2606gett guuud|Zama wins\n|inactive|theultimateperson8 has 90 seconds left.\n|\n|t:|1699859238\n|switch|p2a: Sneasler|Sneasler, F, tera:Flying|100\/100\n|move|p1a: Hatterene|Draining Kiss|p2a: Sneasler\n|-damage|p2a: Sneasler|17\/100\n|-heal|p1a: Hatterene|100\/100|[from] drain|[of] p2a: Sneasler\n|\n|-end|p1a: Hatterene|Magma Storm|[partiallytrapped]\n|-fieldend|move: Trick Room\n|upkeep\n|turn|24\n|c|\u2606gett guuud|kek\n|c|\u2606gett guuud|reset room\n|c|\u2606gett guuud|sweep\n|\n|t:|1699859253\n|move|p2a: Sneasler|Dire Claw|p1a: Hatterene\n|-damage|p1a: Hatterene|64\/100\n|move|p1a: Hatterene|Trick Room|p1a: Hatterene\n|-fieldstart|move: Trick Room|[of] p1a: Hatterene\n|\n|-heal|p1a: Hatterene|70\/100|[from] item: Leftovers\n|upkeep\n|turn|25\n|\n|t:|1699859261\n|move|p1a: Hatterene|Stored Power|p2a: Sneasler\n|-damage|p2a: Sneasler|0 fnt\n|faint|p2a: Sneasler\n|\n|-heal|p1a: Hatterene|76\/100|[from] item: Leftovers\n|upkeep\n|\n|t:|1699859270\n|switch|p2a: Heatran|Heatran, F|45\/100\n|turn|26\n|\n|t:|1699859274\n|move|p1a: Hatterene|Calm Mind|p1a: Hatterene\n|-boost|p1a: Hatterene|spa|1\n|-boost|p1a: Hatterene|spd|1\n|move|p2a: Heatran|Magma Storm|p1a: Hatterene|[miss]\n|-miss|p2a: Heatran|p1a: Hatterene\n|\n|-heal|p1a: Hatterene|82\/100|[from] item: Leftovers\n|-heal|p2a: Heatran|51\/100|[from] item: Leftovers\n|upkeep\n|turn|27\n|c|\u2606gett guuud|loll\n|\n|t:|1699859282\n|move|p1a: Hatterene|Stored Power|p2a: Heatran\n|-resisted|p2a: Heatran\n|-damage|p2a: Heatran|0 fnt\n|faint|p2a: Heatran\n|\n|-heal|p1a: Hatterene|88\/100|[from] item: Leftovers\n|upkeep\n|-message|theultimateperson8 forfeited.\n|\n|win|gett guuud\n|raw|gett guuud's rating: 1375 &rarr; <strong>1392<\/strong><br \/>(+17 for winning)\n|raw|theultimateperson8's rating: 1330 &rarr; <strong>1313<\/strong><br \/>(-17 for losing)\n|l|\u2606theultimateperson8\n","uploadtime":1699859290,"views":9,"p1id":"gettguuud","p2id":"theultimateperson8","formatid":"gen9ou","rating":1313,"private":0,"password":""}