{"id":"gen9ou-1994346094","p1":"Venomous Crunch","p2":"gingersquatch","format":"[Gen 9] OU","log":"|j|\u2606Venomous Crunch\n|j|\u2606gingersquatch\n|t:|1700433516\n|gametype|singles\n|player|p1|Venomous Crunch|winona|1662\n|player|p2|gingersquatch|1|1665\n|teamsize|p1|6\n|teamsize|p2|6\n|gen|9\n|tier|[Gen 9] OU\n|rated|\n|rule|Sleep Clause Mod: Limit one foe put to sleep\n|rule|Species Clause: Limit one of each Pok\u00e9mon\n|rule|OHKO Clause: OHKO moves are banned\n|rule|Evasion Items Clause: Evasion items are banned\n|rule|Evasion Moves Clause: Evasion moves are banned\n|rule|Endless Battle Clause: Forcing endless battles is banned\n|rule|HP Percentage Mod: HP is shown in percentages\n|clearpoke\n|poke|p1|Ninetales-Alola, M|\n|poke|p1|Klefki, M|\n|poke|p1|Sneasler, F|\n|poke|p1|Manaphy|\n|poke|p1|Articuno-Galar|\n|poke|p1|Maushold-Four|\n|poke|p2|Ribombee, F|\n|poke|p2|Manaphy|\n|poke|p2|Iron Moth|\n|poke|p2|Kingambit, M|\n|poke|p2|Gholdengo|\n|poke|p2|Breloom, M|\n|teampreview\n|inactive|Battle timer is ON: inactive players will automatically lose when time's up. (requested by Venomous Crunch)\n|inactive|gingersquatch also wants the timer to be on.\n|\n|t:|1700433530\n|start\n|switch|p1a: Ninetales|Ninetales-Alola, M|100\/100\n|switch|p2a: Ribombee|Ribombee, F|100\/100\n|-weather|Snow|[from] ability: Snow Warning|[of] p1a: Ninetales\n|turn|1\n|\n|t:|1700433535\n|move|p2a: Ribombee|Sticky Web|p1a: Ninetales\n|-sidestart|p1: Venomous Crunch|move: Sticky Web\n|move|p1a: Ninetales|Encore|p2a: Ribombee\n|-start|p2a: Ribombee|Encore\n|\n|-weather|Snow|[upkeep]\n|upkeep\n|turn|2\n|j| Jeanmilapipe\n|\n|t:|1700433546\n|switch|p2a: Iron Moth|Iron Moth|100\/100\n|-enditem|p2a: Iron Moth|Booster Energy\n|-activate|p2a: Iron Moth|ability: Quark Drive|[fromitem]\n|-start|p2a: Iron Moth|quarkdrivespa\n|move|p1a: Ninetales|Aurora Veil|p1a: Ninetales\n|-sidestart|p1: Venomous Crunch|move: Aurora Veil\n|\n|-weather|Snow|[upkeep]\n|upkeep\n|turn|3\n|\n|t:|1700433552\n|switch|p1a: Manaphy|Manaphy, shiny|100\/100\n|-activate|p1a: Manaphy|move: Sticky Web\n|-unboost|p1a: Manaphy|spe|1\n|move|p2a: Iron Moth|Fiery Dance|p1a: Manaphy\n|-resisted|p1a: Manaphy\n|-damage|p1a: Manaphy|88\/100\n|\n|-weather|Snow|[upkeep]\n|-heal|p1a: Manaphy|94\/100|[from] item: Leftovers\n|upkeep\n|turn|4\n|j| Golden Oreos\n|\n|t:|1700433561\n|move|p2a: Iron Moth|Sludge Wave|p1a: Manaphy\n|-damage|p1a: Manaphy|66\/100\n|move|p1a: Manaphy|Scald|p2a: Iron Moth\n|-supereffective|p2a: Iron Moth\n|-damage|p2a: Iron Moth|28\/100\n|\n|-weather|Snow|[upkeep]\n|-heal|p1a: Manaphy|72\/100|[from] item: Leftovers\n|upkeep\n|turn|5\n|\n|t:|1700433569\n|move|p2a: Iron Moth|Substitute|p2a: Iron Moth\n|-start|p2a: Iron Moth|Substitute\n|-damage|p2a: Iron Moth|3\/100\n|move|p1a: Manaphy|Scald|p2a: Iron Moth\n|-supereffective|p2a: Iron Moth\n|-end|p2a: Iron Moth|Substitute\n|\n|-weather|none\n|-heal|p1a: Manaphy|78\/100|[from] item: Leftovers\n|upkeep\n|turn|6\n|\n|t:|1700433576\n|move|p2a: Iron Moth|Sludge Wave|p1a: Manaphy\n|-damage|p1a: Manaphy|50\/100\n|move|p1a: Manaphy|Scald|p2a: Iron Moth\n|-supereffective|p2a: Iron Moth\n|-damage|p2a: Iron Moth|0 fnt\n|faint|p2a: Iron Moth\n|-end|p2a: Iron Moth|Quark Drive|[silent]\n|\n|-heal|p1a: Manaphy|56\/100|[from] item: Leftovers\n|upkeep\n|\n|t:|1700433580\n|switch|p2a: Breloom|Breloom, M|100\/100\n|turn|7\n|\n|t:|1700433586\n|switch|p1a: Sneasler|Sneasler, F|100\/100\n|-item|p1a: Sneasler|Air Balloon\n|move|p2a: Breloom|Bullet Seed|p1a: Sneasler\n|-resisted|p1a: Sneasler\n|-damage|p1a: Sneasler|95\/100\n|-enditem|p1a: Sneasler|Air Balloon\n|-resisted|p1a: Sneasler\n|-damage|p1a: Sneasler|89\/100\n|-resisted|p1a: Sneasler\n|-damage|p1a: Sneasler|83\/100\n|-resisted|p1a: Sneasler\n|-damage|p1a: Sneasler|77\/100\n|-hitcount|p1a: Sneasler|4\n|\n|upkeep\n|turn|8\n|\n|t:|1700433598\n|move|p1a: Sneasler|Swords Dance|p1a: Sneasler\n|-boost|p1a: Sneasler|atk|2\n|move|p2a: Breloom|Spore|p1a: Sneasler\n|-status|p1a: Sneasler|slp|[from] move: Spore\n|\n|upkeep\n|turn|9\n|\n|t:|1700433604\n|switch|p2a: Ribombee|Ribombee, F|100\/100\n|cant|p1a: Sneasler|slp\n|\n|-sideend|p1: Venomous Crunch|move: Aurora Veil\n|upkeep\n|turn|10\n|\n|t:|1700433609\n|cant|p1a: Sneasler|slp\n|move|p2a: Ribombee|Psychic|p1a: Sneasler\n|-supereffective|p1a: Sneasler\n|-damage|p1a: Sneasler|0 fnt\n|faint|p1a: Sneasler\n|\n|upkeep\n|\n|t:|1700433614\n|switch|p1a: Klefki|Klefki, M|100\/100\n|-activate|p1a: Klefki|move: Sticky Web\n|-unboost|p1a: Klefki|spe|1\n|turn|11\n|\n|t:|1700433618\n|move|p1a: Klefki|Light Screen|p1a: Klefki\n|-sidestart|p1: Venomous Crunch|move: Light Screen\n|move|p2a: Ribombee|Stun Spore|p1a: Klefki\n|-status|p1a: Klefki|par\n|\n|upkeep\n|turn|12\n|c|\u2606gingersquatch|god I hate no skill cheese teams\n|\n|t:|1700433633\n|switch|p2a: Manaphy|Manaphy|100\/100\n|cant|p1a: Klefki|par\n|\n|upkeep\n|turn|13\n|\n|t:|1700433638\n|cant|p1a: Klefki|par\n|move|p2a: Manaphy|Tail Glow|p2a: Manaphy\n|-boost|p2a: Manaphy|spa|3\n|\n|upkeep\n|turn|14\n|\n|t:|1700433644\n|cant|p1a: Klefki|par\n|move|p2a: Manaphy|Tail Glow|p2a: Manaphy\n|-boost|p2a: Manaphy|spa|3\n|\n|upkeep\n|turn|15\n|\n|t:|1700433648\n|move|p1a: Klefki|Thunder Wave|p2a: Manaphy\n|-status|p2a: Manaphy|par\n|cant|p2a: Manaphy|par\n|\n|upkeep\n|turn|16\n|\n|t:|1700433655\n|move|p1a: Klefki|Reflect|p1a: Klefki\n|-sidestart|p1: Venomous Crunch|Reflect\n|move|p2a: Manaphy|Surf|p1a: Klefki\n|-damage|p1a: Klefki|0 fnt\n|faint|p1a: Klefki\n|\n|upkeep\n|\n|t:|1700433662\n|switch|p1a: Maushold|Maushold-Four|100\/100\n|-activate|p1a: Maushold|move: Sticky Web\n|-unboost|p1a: Maushold|spe|1\n|turn|17\n|\n|t:|1700433666\n|move|p1a: Maushold|Population Bomb|p2a: Manaphy\n|-damage|p2a: Manaphy|90\/100 par\n|-damage|p2a: Manaphy|78\/100 par\n|-damage|p2a: Manaphy|68\/100 par\n|-damage|p2a: Manaphy|58\/100 par\n|-damage|p2a: Manaphy|46\/100 par\n|-damage|p2a: Manaphy|35\/100 par\n|-damage|p2a: Manaphy|24\/100 par\n|-crit|p2a: Manaphy\n|-damage|p2a: Manaphy|9\/100 par\n|-damage|p2a: Manaphy|0 fnt\n|faint|p2a: Manaphy\n|-hitcount|p2: Manaphy|9\n|\n|upkeep\n|\n|t:|1700433681\n|switch|p2a: Gholdengo|Gholdengo|100\/100\n|-item|p2a: Gholdengo|Air Balloon\n|turn|18\n|j| Arishima Alice\n|\n|t:|1700433685\n|move|p2a: Gholdengo|Nasty Plot|p2a: Gholdengo\n|-boost|p2a: Gholdengo|spa|2\n|move|p1a: Maushold|Tidy Up|p1a: Maushold\n|-sideend|p1: Venomous Crunch|Sticky Web\n|-activate|p1a: Maushold|move: Tidy Up\n|-boost|p1a: Maushold|atk|1\n|-boost|p1a: Maushold|spe|1\n|\n|-sideend|p1: Venomous Crunch|move: Light Screen\n|upkeep\n|turn|19\n|\n|t:|1700433695\n|move|p2a: Gholdengo|Psyshock|p1a: Maushold\n|-damage|p1a: Maushold|19\/100\n|move|p1a: Maushold|Bite|p2a: Gholdengo\n|-supereffective|p2a: Gholdengo\n|-crit|p2a: Gholdengo\n|-damage|p2a: Gholdengo|0 fnt\n|-enditem|p2a: Gholdengo|Air Balloon\n|faint|p2a: Gholdengo\n|\n|upkeep\n|c|\u2606gingersquatch|and you get lucky\n|n|!gingersquatch|gingersquatch\n|\n|t:|1700433714\n|switch|p2a: Breloom|Breloom, M|100\/100\n|turn|20\n|\n|t:|1700433717\n|-terastallize|p1a: Maushold|Ghost\n|move|p2a: Breloom|Mach Punch|p1a: Maushold\n|-immune|p1a: Maushold\n|move|p1a: Maushold|Population Bomb|p2a: Breloom\n|-damage|p2a: Breloom|75\/100\n|-damage|p2a: Breloom|45\/100\n|-damage|p2a: Breloom|16\/100\n|-damage|p2a: Breloom|0 fnt\n|faint|p2a: Breloom\n|-hitcount|p2: Breloom|4\n|\n|upkeep\n|\n|t:|1700433721\n|switch|p2a: Ribombee|Ribombee, F|100\/100\n|turn|21\n|\n|t:|1700433733\n|move|p2a: Ribombee|Moonblast|p1a: Maushold\n|-damage|p1a: Maushold|0 fnt\n|faint|p1a: Maushold\n|\n|upkeep\n|\n|t:|1700433737\n|switch|p1a: Ninetales|Ninetales-Alola, M|100\/100\n|-weather|Snow|[from] ability: Snow Warning|[of] p1a: Ninetales\n|turn|22\n|\n|t:|1700433744\n|move|p2a: Ribombee|Moonblast|p1a: Ninetales\n|-damage|p1a: Ninetales|49\/100\n|move|p1a: Ninetales|Aurora Veil|p1a: Ninetales\n|-sidestart|p1: Venomous Crunch|move: Aurora Veil\n|\n|-weather|Snow|[upkeep]\n|upkeep\n|turn|23\n|\n|t:|1700433752\n|move|p2a: Ribombee|Moonblast|p1a: Ninetales\n|-damage|p1a: Ninetales|28\/100\n|move|p1a: Ninetales|Hypnosis|p2a: Ribombee\n|-status|p2a: Ribombee|slp|[from] move: Hypnosis\n|\n|-weather|Snow|[upkeep]\n|-sideend|p1: Venomous Crunch|Reflect\n|upkeep\n|turn|24\n|\n|t:|1700433758\n|switch|p1a: Manaphy|Manaphy, shiny|56\/100\n|cant|p2a: Ribombee|slp\n|\n|-weather|Snow|[upkeep]\n|-heal|p1a: Manaphy|63\/100|[from] item: Leftovers\n|upkeep\n|turn|25\n|\n|t:|1700433764\n|-curestatus|p2a: Ribombee|slp|[msg]\n|move|p2a: Ribombee|Stun Spore|p1a: Manaphy\n|-status|p1a: Manaphy|par\n|move|p1a: Manaphy|Take Heart|p1a: Manaphy\n|-boost|p1a: Manaphy|spa|1\n|-boost|p1a: Manaphy|spd|1\n|-curestatus|p1a: Manaphy|par|[msg]\n|\n|-weather|Snow|[upkeep]\n|-heal|p1a: Manaphy|69\/100|[from] item: Leftovers\n|upkeep\n|turn|26\n|\n|t:|1700433773\n|switch|p2a: Kingambit|Kingambit, M|100\/100\n|-activate|p2a: Kingambit|ability: Supreme Overlord\n|-start|p2a: Kingambit|fallen4|[silent]\n|move|p1a: Manaphy|Take Heart|p1a: Manaphy\n|-boost|p1a: Manaphy|spa|1\n|-boost|p1a: Manaphy|spd|1\n|\n|-weather|none\n|-heal|p1a: Manaphy|75\/100|[from] item: Leftovers\n|upkeep\n|turn|27\n|\n|t:|1700433781\n|move|p1a: Manaphy|Acid Armor|p1a: Manaphy\n|-boost|p1a: Manaphy|def|2\n|move|p2a: Kingambit|Kowtow Cleave|p1a: Manaphy\n|-damage|p1a: Manaphy|60\/100\n|\n|-heal|p1a: Manaphy|66\/100|[from] item: Leftovers\n|upkeep\n|turn|28\n|\n|t:|1700433787\n|move|p1a: Manaphy|Scald|p2a: Kingambit\n|-damage|p2a: Kingambit|18\/100\n|move|p2a: Kingambit|Kowtow Cleave|p1a: Manaphy\n|-damage|p1a: Manaphy|52\/100\n|\n|-heal|p1a: Manaphy|58\/100|[from] item: Leftovers\n|upkeep\n|turn|29\n|-message|gingersquatch forfeited.\n|\n|win|Venomous Crunch\n|raw|Venomous Crunch's rating: 1662 &rarr; <strong>1682<\/strong><br \/>(+20 for winning)\n|raw|gingersquatch's rating: 1665 &rarr; <strong>1645<\/strong><br \/>(-20 for losing)\n|l|!gingersquatch\n","uploadtime":1700433707,"views":8,"p1id":"venomouscrunch","p2id":"gingersquatch","formatid":"gen9ou","rating":1645,"private":0,"password":""}