{"id":"gen9ou-1992163367","p1":"cooltrainerjosh","p2":"RSDPM","format":"[Gen 9] OU","log":"|j|\u203dcooltrainerjosh\n|j|\u2606RSDPM\n|t:|1700160266\n|gametype|singles\n|player|p1|cooltrainerjosh|brock|1396\n|player|p2|RSDPM|riley|1320\n|teamsize|p1|6\n|teamsize|p2|6\n|gen|9\n|tier|[Gen 9] OU\n|rated|\n|rule|Sleep Clause Mod: Limit one foe put to sleep\n|rule|Species Clause: Limit one of each Pok\u00e9mon\n|rule|OHKO Clause: OHKO moves are banned\n|rule|Evasion Items Clause: Evasion items are banned\n|rule|Evasion Moves Clause: Evasion moves are banned\n|rule|Endless Battle Clause: Forcing endless battles is banned\n|rule|HP Percentage Mod: HP is shown in percentages\n|clearpoke\n|poke|p1|Lucario, F|\n|poke|p1|Gengar, M|\n|poke|p1|Dragonite, M|\n|poke|p1|Clefable, F|\n|poke|p1|Dondozo, F|\n|poke|p1|Skeledirge, M|\n|poke|p2|Wyrdeer, F|\n|poke|p2|Kleavor, F|\n|poke|p2|Ursaluna, M|\n|poke|p2|Basculegion-F, F|\n|poke|p2|Sneasler, M|\n|poke|p2|Overqwil, F|\n|teampreview\n|\n|t:|1700160291\n|start\n|switch|p1a: Dondozo|Dondozo, F|100\/100\n|switch|p2a: Overqwil|Overqwil, F|100\/100\n|-ability|p2a: Overqwil|Intimidate|boost\n|-unboost|p1a: Dondozo|atk|1\n|turn|1\n|\n|t:|1700160299\n|move|p2a: Overqwil|Toxic|p1a: Dondozo\n|-status|p1a: Dondozo|tox\n|move|p1a: Dondozo|Curse|p1a: Dondozo\n|-unboost|p1a: Dondozo|spe|1\n|-boost|p1a: Dondozo|atk|1\n|-boost|p1a: Dondozo|def|1\n|\n|-damage|p1a: Dondozo|94\/100 tox|[from] psn\n|upkeep\n|turn|2\n|\n|t:|1700160306\n|move|p2a: Overqwil|Spikes|p1a: Dondozo\n|-sidestart|p1: cooltrainerjosh|Spikes\n|move|p1a: Dondozo|Curse|p1a: Dondozo\n|-unboost|p1a: Dondozo|spe|1\n|-boost|p1a: Dondozo|atk|1\n|-boost|p1a: Dondozo|def|1\n|\n|-heal|p1a: Dondozo|100\/100 tox|[from] item: Leftovers\n|-damage|p1a: Dondozo|88\/100 tox|[from] psn\n|upkeep\n|turn|3\n|\n|t:|1700160316\n|move|p2a: Overqwil|Spikes|p1a: Dondozo\n|-sidestart|p1: cooltrainerjosh|Spikes\n|move|p1a: Dondozo|Curse|p1a: Dondozo\n|-unboost|p1a: Dondozo|spe|1\n|-boost|p1a: Dondozo|atk|1\n|-boost|p1a: Dondozo|def|1\n|\n|-heal|p1a: Dondozo|94\/100 tox|[from] item: Leftovers\n|-damage|p1a: Dondozo|76\/100 tox|[from] psn\n|upkeep\n|turn|4\n|\n|t:|1700160324\n|move|p2a: Overqwil|Spikes|p1a: Dondozo\n|-sidestart|p1: cooltrainerjosh|Spikes\n|move|p1a: Dondozo|Curse|p1a: Dondozo\n|-unboost|p1a: Dondozo|spe|1\n|-boost|p1a: Dondozo|atk|1\n|-boost|p1a: Dondozo|def|1\n|\n|-heal|p1a: Dondozo|82\/100 tox|[from] item: Leftovers\n|-damage|p1a: Dondozo|57\/100 tox|[from] psn\n|upkeep\n|turn|5\n|\n|t:|1700160334\n|switch|p2a: Ursaluna|Ursaluna, M|100\/100\n|move|p1a: Dondozo|Rest|p1a: Dondozo\n|-status|p1a: Dondozo|slp|[from] move: Rest\n|-heal|p1a: Dondozo|100\/100 slp|[silent]\n|\n|-status|p2a: Ursaluna|brn|[from] item: Flame Orb\n|upkeep\n|turn|6\n|\n|t:|1700160342\n|switch|p2a: Overqwil|Overqwil, F|100\/100\n|-ability|p2a: Overqwil|Intimidate|boost\n|-unboost|p1a: Dondozo|atk|1\n|cant|p1a: Dondozo|slp\n|\n|upkeep\n|turn|7\n|\n|t:|1700160350\n|switch|p2a: Sneasler|Sneasler, M|100\/100\n|cant|p1a: Dondozo|slp\n|\n|upkeep\n|turn|8\n|\n|t:|1700160356\n|move|p2a: Sneasler|Bulk Up|p2a: Sneasler\n|-boost|p2a: Sneasler|atk|1\n|-boost|p2a: Sneasler|def|1\n|-curestatus|p1a: Dondozo|slp|[msg]\n|move|p1a: Dondozo|Curse|p1a: Dondozo\n|-unboost|p1a: Dondozo|spe|1\n|-boost|p1a: Dondozo|atk|1\n|-boost|p1a: Dondozo|def|1\n|\n|upkeep\n|turn|9\n|\n|t:|1700160364\n|move|p2a: Sneasler|Bulk Up|p2a: Sneasler\n|-boost|p2a: Sneasler|atk|1\n|-boost|p2a: Sneasler|def|1\n|move|p1a: Dondozo|Liquidation|p2a: Sneasler\n|-damage|p2a: Sneasler|0 fnt\n|faint|p2a: Sneasler\n|\n|upkeep\n|\n|t:|1700160378\n|switch|p2a: Basculegion|Basculegion-F, F|100\/100\n|turn|10\n|\n|t:|1700160384\n|move|p2a: Basculegion|Shadow Ball|p1a: Dondozo\n|-damage|p1a: Dondozo|60\/100\n|-damage|p2a: Basculegion|91\/100|[from] item: Life Orb\n|move|p1a: Dondozo|Curse|p1a: Dondozo\n|-unboost|p1a: Dondozo|spe|1\n|-boost|p1a: Dondozo|atk|1\n|-boost|p1a: Dondozo|def|1\n|\n|-heal|p1a: Dondozo|66\/100|[from] item: Leftovers\n|upkeep\n|turn|11\n|\n|t:|1700160394\n|move|p2a: Basculegion|Shadow Ball|p1a: Dondozo\n|-damage|p1a: Dondozo|27\/100\n|-damage|p2a: Basculegion|81\/100|[from] item: Life Orb\n|move|p1a: Dondozo|Liquidation|p2a: Basculegion\n|-resisted|p2a: Basculegion\n|-damage|p2a: Basculegion|17\/100\n|-unboost|p2a: Basculegion|def|1\n|\n|-heal|p1a: Dondozo|33\/100|[from] item: Leftovers\n|upkeep\n|turn|12\n|\n|t:|1700160403\n|move|p2a: Basculegion|Shadow Ball|p1a: Dondozo\n|-damage|p1a: Dondozo|0 fnt\n|faint|p1a: Dondozo\n|-damage|p2a: Basculegion|7\/100|[from] item: Life Orb\n|\n|upkeep\n|\n|t:|1700160412\n|switch|p1a: Dragonite|Dragonite, M|100\/100\n|turn|13\n|\n|t:|1700160416\n|move|p2a: Basculegion|Ice Beam|p1a: Dragonite\n|-supereffective|p1a: Dragonite\n|-damage|p1a: Dragonite|24\/100\n|-enditem|p1a: Dragonite|Weakness Policy\n|-boost|p1a: Dragonite|atk|2|[from] item: Weakness Policy\n|-boost|p1a: Dragonite|spa|2|[from] item: Weakness Policy\n|-damage|p2a: Basculegion|0 fnt|[from] item: Life Orb\n|faint|p2a: Basculegion\n|move|p1a: Dragonite|Dragon Dance|p1a: Dragonite\n|-boost|p1a: Dragonite|atk|1\n|-boost|p1a: Dragonite|spe|1\n|\n|upkeep\n|\n|t:|1700160429\n|switch|p2a: Kleavor|Kleavor, F|100\/100\n|turn|14\n|\n|t:|1700160435\n|move|p2a: Kleavor|Stone Axe|p1a: Dragonite\n|-supereffective|p1a: Dragonite\n|-damage|p1a: Dragonite|0 fnt\n|-sidestart|p1: cooltrainerjosh|move: Stealth Rock\n|faint|p1a: Dragonite\n|\n|upkeep\n|\n|t:|1700160442\n|switch|p1a: Lucario|Lucario, F|100\/100\n|-damage|p1a: Lucario|76\/100|[from] Spikes\n|-damage|p1a: Lucario|73\/100|[from] Stealth Rock\n|turn|15\n|\n|t:|1700160449\n|switch|p2a: Overqwil|Overqwil, F|100\/100\n|-ability|p2a: Overqwil|Intimidate|boost\n|-fail|p1a: Lucario|unboost|Attack|[from] ability: Inner Focus|[of] p1a: Lucario\n|move|p1a: Lucario|Swords Dance|p1a: Lucario\n|-boost|p1a: Lucario|atk|2\n|\n|upkeep\n|turn|16\n|\n|t:|1700160465\n|switch|p2a: Wyrdeer|Wyrdeer, F|100\/100\n|move|p1a: Lucario|Swords Dance|p1a: Lucario\n|-boost|p1a: Lucario|atk|2\n|\n|upkeep\n|turn|17\n|\n|t:|1700160470\n|move|p1a: Lucario|Drain Punch|p2a: Wyrdeer\n|-damage|p2a: Wyrdeer|0 fnt\n|-heal|p1a: Lucario|100\/100|[from] drain|[of] p2a: Wyrdeer\n|faint|p2a: Wyrdeer\n|\n|upkeep\n|\n|t:|1700160477\n|switch|p2a: Ursaluna|Ursaluna, M|100\/100 brn\n|turn|18\n|\n|t:|1700160482\n|-terastallize|p2a: Ursaluna|Ghost\n|move|p1a: Lucario|Drain Punch|p2a: Ursaluna\n|-immune|p2a: Ursaluna\n|move|p2a: Ursaluna|Drain Punch|p1a: Lucario\n|-supereffective|p1a: Lucario\n|-damage|p1a: Lucario|0 fnt\n|faint|p1a: Lucario\n|\n|-damage|p2a: Ursaluna|94\/100 brn|[from] brn\n|upkeep\n|\n|t:|1700160492\n|switch|p1a: Gengar|Gengar, M|100\/100\n|-damage|p1a: Gengar|76\/100|[from] Spikes\n|-damage|p1a: Gengar|63\/100|[from] Stealth Rock\n|turn|19\n|\n|t:|1700160500\n|switch|p2a: Overqwil|Overqwil, F|100\/100\n|-ability|p2a: Overqwil|Intimidate|boost\n|-unboost|p1a: Gengar|atk|1\n|move|p1a: Gengar|Destiny Bond|p1a: Gengar\n|-singlemove|p1a: Gengar|Destiny Bond\n|\n|-heal|p1a: Gengar|69\/100|[from] item: Black Sludge\n|upkeep\n|turn|20\n|\n|t:|1700160512\n|move|p1a: Gengar|Thunderbolt|p2a: Overqwil\n|-damage|p2a: Overqwil|61\/100\n|move|p2a: Overqwil|Crunch|p1a: Gengar\n|-supereffective|p1a: Gengar\n|-damage|p1a: Gengar|0 fnt\n|-start|p2a: Overqwil|Disable|Crunch|[from] ability: Cursed Body|[of] p1a: Gengar\n|faint|p1a: Gengar\n|\n|-heal|p2a: Overqwil|68\/100|[from] item: Black Sludge\n|upkeep\n|\n|t:|1700160521\n|switch|p1a: Skeledirge|Skeledirge, M|100\/100\n|-damage|p1a: Skeledirge|75\/100|[from] Spikes\n|-damage|p1a: Skeledirge|50\/100|[from] Stealth Rock\n|turn|21\n|\n|t:|1700160527\n|move|p2a: Overqwil|Toxic|p1a: Skeledirge\n|-status|p1a: Skeledirge|tox\n|move|p1a: Skeledirge|Will-O-Wisp|p2a: Overqwil\n|-status|p2a: Overqwil|brn\n|\n|-heal|p2a: Overqwil|74\/100 brn|[from] item: Black Sludge\n|-heal|p1a: Skeledirge|57\/100 tox|[from] item: Leftovers\n|-damage|p1a: Skeledirge|50\/100 tox|[from] psn\n|-damage|p2a: Overqwil|68\/100 brn|[from] brn\n|upkeep\n|turn|22\n|\n|t:|1700160539\n|move|p2a: Overqwil|Toxic|p1a: Skeledirge\n|-fail|p1a: Skeledirge|tox\n|move|p1a: Skeledirge|Slack Off|p1a: Skeledirge\n|-heal|p1a: Skeledirge|100\/100 tox\n|\n|-heal|p2a: Overqwil|74\/100 brn|[from] item: Black Sludge\n|-damage|p1a: Skeledirge|88\/100 tox|[from] psn\n|-damage|p2a: Overqwil|68\/100 brn|[from] brn\n|upkeep\n|turn|23\n|\n|t:|1700160547\n|move|p2a: Overqwil|Toxic|p1a: Skeledirge\n|-fail|p1a: Skeledirge|tox\n|move|p1a: Skeledirge|Torch Song|p2a: Overqwil\n|-damage|p2a: Overqwil|26\/100 brn\n|-boost|p1a: Skeledirge|spa|1\n|\n|-heal|p2a: Overqwil|33\/100 brn|[from] item: Black Sludge\n|-heal|p1a: Skeledirge|94\/100 tox|[from] item: Leftovers\n|-damage|p1a: Skeledirge|76\/100 tox|[from] psn\n|-damage|p2a: Overqwil|26\/100 brn|[from] brn\n|-end|p2a: Overqwil|Disable\n|upkeep\n|turn|24\n|\n|t:|1700160561\n|move|p2a: Overqwil|Crunch|p1a: Skeledirge\n|-supereffective|p1a: Skeledirge\n|-damage|p1a: Skeledirge|49\/100 tox\n|move|p1a: Skeledirge|Torch Song|p2a: Overqwil\n|-damage|p2a: Overqwil|0 fnt\n|-boost|p1a: Skeledirge|spa|1\n|faint|p2a: Overqwil\n|\n|-heal|p1a: Skeledirge|55\/100 tox|[from] item: Leftovers\n|-damage|p1a: Skeledirge|31\/100 tox|[from] psn\n|upkeep\n|\n|t:|1700160569\n|switch|p2a: Kleavor|Kleavor, F|100\/100\n|turn|25\n|\n|t:|1700160574\n|move|p2a: Kleavor|Stone Axe|p1a: Skeledirge\n|-supereffective|p1a: Skeledirge\n|-damage|p1a: Skeledirge|0 fnt\n|faint|p1a: Skeledirge\n|\n|upkeep\n|\n|t:|1700160579\n|switch|p1a: Clefable|Clefable, F|100\/100\n|-damage|p1a: Clefable|76\/100|[from] Spikes\n|-damage|p1a: Clefable|63\/100|[from] Stealth Rock\n|turn|26\n|\n|t:|1700160585\n|move|p2a: Kleavor|Stone Axe|p1a: Clefable\n|-damage|p1a: Clefable|23\/100\n|move|p1a: Clefable|Moonlight|p1a: Clefable\n|-heal|p1a: Clefable|73\/100\n|\n|-heal|p1a: Clefable|79\/100|[from] item: Leftovers\n|upkeep\n|turn|27\n|\n|t:|1700160592\n|move|p2a: Kleavor|Stone Axe|p1a: Clefable\n|-damage|p1a: Clefable|42\/100\n|move|p1a: Clefable|Moonblast|p2a: Kleavor\n|-crit|p2a: Kleavor\n|-damage|p2a: Kleavor|29\/100\n|-unboost|p2a: Kleavor|spa|1\n|\n|-heal|p1a: Clefable|48\/100|[from] item: Leftovers\n|upkeep\n|turn|28\n|\n|t:|1700160600\n|move|p2a: Kleavor|Stone Axe|p1a: Clefable\n|-damage|p1a: Clefable|11\/100\n|move|p1a: Clefable|Moonlight|p1a: Clefable\n|-heal|p1a: Clefable|61\/100\n|\n|-heal|p1a: Clefable|67\/100|[from] item: Leftovers\n|upkeep\n|turn|29\n|\n|t:|1700160607\n|move|p2a: Kleavor|Stone Axe|p1a: Clefable\n|-damage|p1a: Clefable|25\/100\n|move|p1a: Clefable|Moonblast|p2a: Kleavor\n|-crit|p2a: Kleavor\n|-damage|p2a: Kleavor|0 fnt\n|faint|p2a: Kleavor\n|\n|-heal|p1a: Clefable|31\/100|[from] item: Leftovers\n|upkeep\n|\n|t:|1700160610\n|switch|p2a: Ursaluna|Ursaluna, M, tera:Ghost|94\/100 brn\n|turn|30\n|\n|t:|1700160617\n|move|p1a: Clefable|Moonlight|p1a: Clefable\n|-heal|p1a: Clefable|81\/100\n|move|p2a: Ursaluna|Facade|p1a: Clefable\n|-damage|p1a: Clefable|0 fnt\n|faint|p1a: Clefable\n|\n|win|RSDPM\n|raw|cooltrainerjosh's rating: 1396 &rarr; <strong>1372<\/strong><br \/>(-24 for losing)\n|raw|RSDPM's rating: 1320 &rarr; <strong>1344<\/strong><br \/>(+24 for winning)\n|l|\u203dcooltrainerjosh\n|c|\u2606RSDPM|gg\n","uploadtime":1700160635,"views":8,"p1id":"cooltrainerjosh","p2id":"rsdpm","formatid":"gen9ou","rating":1344,"private":0,"password":""}