{"id":"gen9ou-1994822423","p1":"Kurosu eX","p2":"edzigoto","format":"[Gen 9] OU","log":"|j|\u2606Kurosu eX\n|j|\u2606edzigoto\n|t:|1700496020\n|gametype|singles\n|player|p1|Kurosu eX|alec-anime|1707\n|player|p2|edzigoto|101|1784\n|teamsize|p1|6\n|teamsize|p2|6\n|gen|9\n|tier|[Gen 9] OU\n|rated|\n|rule|Sleep Clause Mod: Limit one foe put to sleep\n|rule|Species Clause: Limit one of each Pok\u00e9mon\n|rule|OHKO Clause: OHKO moves are banned\n|rule|Evasion Items Clause: Evasion items are banned\n|rule|Evasion Moves Clause: Evasion moves are banned\n|rule|Endless Battle Clause: Forcing endless battles is banned\n|rule|HP Percentage Mod: HP is shown in percentages\n|clearpoke\n|poke|p1|Kingambit, F|\n|poke|p1|Glimmora, M|\n|poke|p1|Zamazenta-*|\n|poke|p1|Iron Valiant|\n|poke|p1|Ogerpon-Wellspring, F|\n|poke|p1|Gholdengo|\n|poke|p2|Dragonite, F|\n|poke|p2|Cinderace, F|\n|poke|p2|Great Tusk|\n|poke|p2|Kingambit, F|\n|poke|p2|Ogerpon-Wellspring, F|\n|poke|p2|Gholdengo|\n|teampreview\n|inactive|Battle timer is ON: inactive players will automatically lose when time's up. (requested by Kurosu eX)\n|j| enrage warrior hs\n|\n|t:|1700496040\n|start\n|switch|p1a: Glimmora|Glimmora, M|100\/100\n|switch|p2a: Cinderace|Cinderace, F|100\/100\n|turn|1\n|j| deneme12\n|\n|t:|1700496045\n|move|p2a: Cinderace|High Jump Kick|p1a: Glimmora\n|-start|p2a: Cinderace|typechange|Fighting|[from] ability: Libero\n|-damage|p1a: Glimmora|21\/100\n|-activate|p1a: Glimmora|ability: Toxic Debris\n|-sidestart|p2: edzigoto|move: Toxic Spikes\n|move|p1a: Glimmora|Power Gem|p2a: Cinderace\n|-resisted|p2a: Cinderace\n|-damage|p2a: Cinderace|68\/100\n|\n|upkeep\n|turn|2\n|j| mew852\n|\n|t:|1700496055\n|move|p2a: Cinderace|High Jump Kick|p1a: Glimmora\n|-damage|p1a: Glimmora|0 fnt\n|-activate|p1a: Glimmora|ability: Toxic Debris\n|-sidestart|p2: edzigoto|move: Toxic Spikes\n|faint|p1a: Glimmora\n|\n|upkeep\n|\n|t:|1700496063\n|switch|p1a: Iron Valiant|Iron Valiant|100\/100\n|-enditem|p1a: Iron Valiant|Booster Energy\n|-activate|p1a: Iron Valiant|ability: Quark Drive|[fromitem]\n|-start|p1a: Iron Valiant|quarkdrivespe\n|turn|3\n|\n|t:|1700496069\n|switch|p2a: Gholdengo|Gholdengo|100\/100\n|move|p1a: Iron Valiant|Moonblast|p2a: Gholdengo\n|-resisted|p2a: Gholdengo\n|-crit|p2a: Gholdengo\n|-damage|p2a: Gholdengo|56\/100\n|\n|upkeep\n|turn|4\n|\n|t:|1700496078\n|move|p1a: Iron Valiant|Shadow Ball|p2a: Gholdengo\n|-supereffective|p2a: Gholdengo\n|-damage|p2a: Gholdengo|0 fnt\n|faint|p2a: Gholdengo\n|\n|upkeep\n|\n|t:|1700496086\n|switch|p2a: Kingambit|Kingambit, F|100\/100\n|-activate|p2a: Kingambit|ability: Supreme Overlord\n|-start|p2a: Kingambit|fallen1|[silent]\n|turn|5\n|\n|t:|1700496091\n|-end|p1a: Iron Valiant|Quark Drive|[silent]\n|switch|p1a: Zamazenta|Zamazenta, shiny|100\/100\n|-ability|p1a: Zamazenta|Dauntless Shield|boost\n|-boost|p1a: Zamazenta|def|1\n|-terastallize|p2a: Kingambit|Fairy\n|move|p2a: Kingambit|Iron Head|p1a: Zamazenta\n|-damage|p1a: Zamazenta|70\/100\n|\n|-heal|p1a: Zamazenta|76\/100|[from] item: Leftovers\n|upkeep\n|turn|6\n|\n|t:|1700496105\n|move|p1a: Zamazenta|Iron Defense|p1a: Zamazenta\n|-boost|p1a: Zamazenta|def|2\n|move|p2a: Kingambit|Swords Dance|p2a: Kingambit\n|-boost|p2a: Kingambit|atk|2\n|\n|-heal|p1a: Zamazenta|82\/100|[from] item: Leftovers\n|upkeep\n|turn|7\n|\n|t:|1700496110\n|move|p1a: Zamazenta|Iron Defense|p1a: Zamazenta\n|-boost|p1a: Zamazenta|def|2\n|move|p2a: Kingambit|Swords Dance|p2a: Kingambit\n|-boost|p2a: Kingambit|atk|2\n|\n|-heal|p1a: Zamazenta|88\/100|[from] item: Leftovers\n|upkeep\n|turn|8\n|\n|t:|1700496115\n|move|p1a: Zamazenta|Body Press|p2a: Kingambit\n|-resisted|p2a: Kingambit\n|-damage|p2a: Kingambit|53\/100\n|move|p2a: Kingambit|Iron Head|p1a: Zamazenta\n|-damage|p1a: Zamazenta|52\/100\n|\n|-heal|p1a: Zamazenta|58\/100|[from] item: Leftovers\n|-heal|p2a: Kingambit|59\/100|[from] item: Leftovers\n|upkeep\n|turn|9\n|\n|t:|1700496121\n|move|p1a: Zamazenta|Iron Defense|p1a: Zamazenta\n|-boost|p1a: Zamazenta|def|1\n|move|p2a: Kingambit|Iron Head|p1a: Zamazenta\n|-damage|p1a: Zamazenta|27\/100\n|\n|-heal|p1a: Zamazenta|33\/100|[from] item: Leftovers\n|-heal|p2a: Kingambit|65\/100|[from] item: Leftovers\n|upkeep\n|turn|10\n|\n|t:|1700496127\n|move|p1a: Zamazenta|Body Press|p2a: Kingambit\n|-resisted|p2a: Kingambit\n|-damage|p2a: Kingambit|19\/100\n|move|p2a: Kingambit|Iron Head|p1a: Zamazenta\n|-damage|p1a: Zamazenta|0 fnt\n|faint|p1a: Zamazenta\n|\n|-heal|p2a: Kingambit|25\/100|[from] item: Leftovers\n|upkeep\n|\n|t:|1700496134\n|switch|p1a: Iron Valiant|Iron Valiant|100\/100\n|turn|11\n|\n|t:|1700496143\n|-end|p2a: Kingambit|fallen1|[silent]\n|switch|p2a: Cinderace|Cinderace, F|68\/100\n|move|p1a: Iron Valiant|Moonblast|p2a: Cinderace\n|-resisted|p2a: Cinderace\n|-damage|p2a: Cinderace|34\/100\n|\n|upkeep\n|turn|12\n|l| mew852\n|\n|t:|1700496153\n|move|p2a: Cinderace|Pyro Ball|p1a: Iron Valiant\n|-damage|p1a: Iron Valiant|22\/100\n|move|p1a: Iron Valiant|Moonblast|p2a: Cinderace\n|-resisted|p2a: Cinderace\n|-damage|p2a: Cinderace|1\/100\n|\n|upkeep\n|turn|13\n|\n|t:|1700496161\n|move|p2a: Cinderace|Court Change|p2a: Cinderace\n|-start|p2a: Cinderace|typechange|Normal|[from] ability: Libero\n|-swapsideconditions\n|-activate|p2a: Cinderace|move: Court Change\n|move|p1a: Iron Valiant|Moonblast|p2a: Cinderace\n|-damage|p2a: Cinderace|0 fnt\n|faint|p2a: Cinderace\n|\n|upkeep\n|\n|t:|1700496164\n|switch|p2a: Dragonite|Dragonite, F|100\/100\n|turn|14\n|\n|t:|1700496168\n|-end|p1a: Iron Valiant|Quark Drive|[silent]\n|switch|p1a: Gholdengo|Gholdengo|100\/100\n|-item|p1a: Gholdengo|Air Balloon\n|move|p2a: Dragonite|Extreme Speed|p1a: Gholdengo\n|-immune|p1a: Gholdengo\n|\n|upkeep\n|turn|15\n|\n|t:|1700496179\n|move|p1a: Gholdengo|Nasty Plot|p1a: Gholdengo\n|-boost|p1a: Gholdengo|spa|2\n|move|p2a: Dragonite|Ice Beam|p1a: Gholdengo\n|-resisted|p1a: Gholdengo\n|-damage|p1a: Gholdengo|88\/100\n|-enditem|p1a: Gholdengo|Air Balloon\n|\n|upkeep\n|turn|16\n|\n|t:|1700496184\n|move|p1a: Gholdengo|Shadow Ball|p2a: Dragonite\n|-crit|p2a: Dragonite\n|-damage|p2a: Dragonite|23\/100\n|move|p2a: Dragonite|Earthquake|p1a: Gholdengo\n|-supereffective|p1a: Gholdengo\n|-damage|p1a: Gholdengo|0 fnt\n|faint|p1a: Gholdengo\n|\n|upkeep\n|\n|t:|1700496194\n|switch|p1a: Kingambit|Kingambit, F|100\/100\n|-activate|p1a: Kingambit|ability: Supreme Overlord\n|-start|p1a: Kingambit|fallen3|[silent]\n|turn|17\n|\n|t:|1700496205\n|move|p1a: Kingambit|Sucker Punch|p2a: Dragonite\n|-damage|p2a: Dragonite|0 fnt\n|faint|p2a: Dragonite\n|\n|upkeep\n|\n|t:|1700496221\n|switch|p2a: Ogerpon|Ogerpon-Wellspring, F|100\/100\n|turn|18\n|\n|t:|1700496227\n|move|p2a: Ogerpon|Swords Dance|p2a: Ogerpon\n|-boost|p2a: Ogerpon|atk|2\n|move|p1a: Kingambit|Kowtow Cleave|p2a: Ogerpon\n|-damage|p2a: Ogerpon|6\/100\n|\n|upkeep\n|turn|19\n|\n|t:|1700496234\n|move|p1a: Kingambit|Sucker Punch||[still]\n|-fail|p1a: Kingambit\n|move|p2a: Ogerpon|Swords Dance|p2a: Ogerpon\n|-boost|p2a: Ogerpon|atk|2\n|\n|upkeep\n|turn|20\n|\n|t:|1700496238\n|move|p1a: Kingambit|Sucker Punch||[still]\n|-fail|p1a: Kingambit\n|move|p2a: Ogerpon|Swords Dance|p2a: Ogerpon\n|-boost|p2a: Ogerpon|atk|2\n|\n|upkeep\n|turn|21\n|\n|t:|1700496241\n|move|p1a: Kingambit|Sucker Punch||[still]\n|-fail|p1a: Kingambit\n|move|p2a: Ogerpon|Swords Dance|p2a: Ogerpon\n|-boost|p2a: Ogerpon|atk|0\n|\n|upkeep\n|turn|22\n|\n|t:|1700496243\n|move|p1a: Kingambit|Sucker Punch||[still]\n|-fail|p1a: Kingambit\n|move|p2a: Ogerpon|Swords Dance|p2a: Ogerpon\n|-boost|p2a: Ogerpon|atk|0\n|\n|upkeep\n|turn|23\n|\n|t:|1700496245\n|move|p2a: Ogerpon|Swords Dance|p2a: Ogerpon\n|-boost|p2a: Ogerpon|atk|0\n|move|p1a: Kingambit|Kowtow Cleave|p2a: Ogerpon\n|-damage|p2a: Ogerpon|0 fnt\n|faint|p2a: Ogerpon\n|\n|upkeep\n|\n|t:|1700496253\n|switch|p2a: Great Tusk|Great Tusk|100\/100\n|-enditem|p2a: Great Tusk|Booster Energy\n|-activate|p2a: Great Tusk|ability: Protosynthesis|[fromitem]\n|-start|p2a: Great Tusk|protosynthesisspe\n|turn|24\n|\n|t:|1700496259\n|-end|p1a: Kingambit|fallen3|[silent]\n|switch|p1a: Iron Valiant|Iron Valiant|22\/100\n|-status|p1a: Iron Valiant|tox\n|move|p2a: Great Tusk|Bulk Up|p2a: Great Tusk\n|-boost|p2a: Great Tusk|atk|1\n|-boost|p2a: Great Tusk|def|1\n|\n|-damage|p1a: Iron Valiant|15\/100 tox|[from] psn\n|upkeep\n|turn|25\n|j| all hips no lies\n|\n|t:|1700496267\n|move|p2a: Great Tusk|Ice Spinner|p1a: Iron Valiant\n|-damage|p1a: Iron Valiant|0 fnt\n|faint|p1a: Iron Valiant\n|-end|p1a: Iron Valiant|Quark Drive|[silent]\n|\n|upkeep\n|\n|t:|1700496271\n|switch|p1a: Ogerpon|Ogerpon-Wellspring, F|100\/100\n|-status|p1a: Ogerpon|tox\n|turn|26\n|inactive|edzigoto has 120 seconds left.\n|\n|t:|1700496315\n|-terastallize|p1a: Ogerpon|Water\n|detailschange|p1a: Ogerpon|Ogerpon-Wellspring-Tera, F, tera:Water\n|-ability|p1a: Ogerpon|Embody Aspect (Wellspring)|boost\n|-boost|p1a: Ogerpon|spd|1\n|move|p2a: Great Tusk|Bulk Up|p2a: Great Tusk\n|-boost|p2a: Great Tusk|atk|1\n|-boost|p2a: Great Tusk|def|1\n|move|p1a: Ogerpon|Ivy Cudgel|p2a: Great Tusk|[anim] Ivy Cudgel Water\n|-supereffective|p2a: Great Tusk\n|-damage|p2a: Great Tusk|53\/100\n|\n|-damage|p1a: Ogerpon|95\/100 tox|[from] psn\n|upkeep\n|turn|27\n|\n|t:|1700496340\n|move|p2a: Great Tusk|Close Combat|p1a: Ogerpon\n|-damage|p1a: Ogerpon|0 fnt\n|-unboost|p2a: Great Tusk|def|1\n|-unboost|p2a: Great Tusk|spd|1\n|faint|p1a: Ogerpon\n|\n|upkeep\n|-message|Kurosu eX forfeited.\n|\n|win|edzigoto\n|raw|Kurosu eX's rating: 1707 &rarr; <strong>1691<\/strong><br \/>(-16 for losing)\n|raw|edzigoto's rating: 1784 &rarr; <strong>1800<\/strong><br \/>(+16 for winning)\n|l|\u2606Kurosu eX\n|j| simplegent\n","uploadtime":1700496354,"views":4,"p1id":"kurosuex","p2id":"edzigoto","formatid":"gen9ou","rating":1691,"private":0,"password":""}