{"id":"gen9ou-1988950419","p1":"wyverbal","p2":"PhobosBetray","format":"[Gen 9] OU","log":"|j|\u2606wyverbal\n|j|\u2606PhobosBetray\n|t:|1699793291\n|gametype|singles\n|player|p1|wyverbal|2|1061\n|player|p2|PhobosBetray|101|1019\n|teamsize|p1|6\n|teamsize|p2|6\n|gen|9\n|tier|[Gen 9] OU\n|rated|\n|rule|Sleep Clause Mod: Limit one foe put to sleep\n|rule|Species Clause: Limit one of each Pok\u00e9mon\n|rule|OHKO Clause: OHKO moves are banned\n|rule|Evasion Items Clause: Evasion items are banned\n|rule|Evasion Moves Clause: Evasion moves are banned\n|rule|Endless Battle Clause: Forcing endless battles is banned\n|rule|HP Percentage Mod: HP is shown in percentages\n|clearpoke\n|poke|p1|Kommo-o, F|\n|poke|p1|Lumineon, F|\n|poke|p1|Kleavor, M|\n|poke|p1|Moltres|\n|poke|p1|Glimmora, F|\n|poke|p1|Blissey, F|\n|poke|p2|Conkeldurr, F|\n|poke|p2|Goodra-Hisui, F|\n|poke|p2|Alomomola, F|\n|poke|p2|Sneasler, M|\n|poke|p2|Indeedee, M|\n|poke|p2|Basculegion, M|\n|teampreview\n|inactive|Battle timer is ON: inactive players will automatically lose when time's up. (requested by wyverbal)\n|\n|t:|1699793316\n|start\n|switch|p1a: Kleavor|Kleavor, M, shiny|100\/100\n|switch|p2a: Conkeldurr|Conkeldurr, F|100\/100\n|turn|1\n|\n|t:|1699793322\n|move|p1a: Kleavor|Stone Axe|p2a: Conkeldurr\n|-resisted|p2a: Conkeldurr\n|-damage|p2a: Conkeldurr|84\/100\n|-sidestart|p2: PhobosBetray|move: Stealth Rock\n|move|p2a: Conkeldurr|Drain Punch|p1a: Kleavor\n|-damage|p1a: Kleavor|58\/100\n|-heal|p2a: Conkeldurr|98\/100|[from] drain|[of] p1a: Kleavor\n|\n|-status|p2a: Conkeldurr|brn|[from] item: Flame Orb\n|upkeep\n|turn|2\n|\n|t:|1699793336\n|move|p1a: Kleavor|U-turn|p2a: Conkeldurr\n|-resisted|p2a: Conkeldurr\n|-damage|p2a: Conkeldurr|87\/100 brn\n|\n|t:|1699793342\n|switch|p1a: Moltres|Moltres, shiny|100\/100|[from] U-turn\n|move|p2a: Conkeldurr|Bulk Up|p2a: Conkeldurr\n|-boost|p2a: Conkeldurr|atk|1\n|-boost|p2a: Conkeldurr|def|1\n|\n|-damage|p2a: Conkeldurr|81\/100 brn|[from] brn\n|upkeep\n|turn|3\n|\n|t:|1699793347\n|move|p1a: Moltres|Overheat|p2a: Conkeldurr\n|-damage|p2a: Conkeldurr|12\/100 brn\n|-unboost|p1a: Moltres|spa|2\n|move|p2a: Conkeldurr|Knock Off|p1a: Moltres\n|-damage|p1a: Moltres|54\/100\n|-enditem|p1a: Moltres|Heavy-Duty Boots|[from] move: Knock Off|[of] p2a: Conkeldurr\n|\n|-damage|p2a: Conkeldurr|6\/100 brn|[from] brn\n|upkeep\n|turn|4\n|\n|t:|1699793360\n|switch|p2a: Goodra|Goodra-Hisui, F|100\/100\n|-damage|p2a: Goodra|94\/100|[from] Stealth Rock\n|move|p1a: Moltres|Overheat|p2a: Goodra\n|-damage|p2a: Goodra|85\/100\n|-unboost|p1a: Moltres|spa|2\n|\n|upkeep\n|turn|5\n|\n|t:|1699793374\n|move|p1a: Moltres|U-turn|p2a: Goodra\n|-resisted|p2a: Goodra\n|-damage|p2a: Goodra|77\/100\n|-ability|p2a: Goodra|Gooey\n|-unboost|p1a: Moltres|spe|1\n|\n|t:|1699793401\n|switch|p1a: Kommo-o|Kommo-o, F, shiny|100\/100|[from] U-turn\n|move|p2a: Goodra|Chilling Water|p1a: Kommo-o\n|-resisted|p1a: Kommo-o\n|-damage|p1a: Kommo-o|95\/100\n|-unboost|p1a: Kommo-o|atk|1\n|\n|upkeep\n|turn|6\n|\n|t:|1699793410\n|switch|p2a: Alomomola|Alomomola, F|100\/100\n|-damage|p2a: Alomomola|88\/100|[from] Stealth Rock\n|move|p1a: Kommo-o|Body Press|p2a: Alomomola\n|-damage|p2a: Alomomola|67\/100\n|-damage|p1a: Kommo-o|79\/100|[from] item: Rocky Helmet|[of] p2a: Alomomola\n|\n|upkeep\n|turn|7\n|\n|t:|1699793419\n|move|p1a: Kommo-o|Iron Defense|p1a: Kommo-o\n|-boost|p1a: Kommo-o|def|2\n|move|p2a: Alomomola|Icy Wind|p1a: Kommo-o\n|-supereffective|p1a: Kommo-o\n|-damage|p1a: Kommo-o|67\/100\n|-unboost|p1a: Kommo-o|spe|1\n|\n|upkeep\n|turn|8\n|\n|t:|1699793427\n|move|p2a: Alomomola|Wish|p2a: Alomomola\n|move|p1a: Kommo-o|Iron Defense|p1a: Kommo-o\n|-boost|p1a: Kommo-o|def|2\n|\n|upkeep\n|turn|9\n|\n|t:|1699793439\n|move|p2a: Alomomola|Scald|p1a: Kommo-o\n|-resisted|p1a: Kommo-o\n|-damage|p1a: Kommo-o|61\/100\n|move|p1a: Kommo-o|Body Press|p2a: Alomomola\n|-damage|p2a: Alomomola|4\/100\n|-damage|p1a: Kommo-o|44\/100|[from] item: Rocky Helmet|[of] p2a: Alomomola\n|\n|-heal|p2a: Alomomola|54\/100|[from] move: Wish|[wisher] Alomomola\n|upkeep\n|turn|10\n|\n|t:|1699793450\n|move|p2a: Alomomola|Wish|p2a: Alomomola\n|move|p1a: Kommo-o|Iron Defense|p1a: Kommo-o\n|-boost|p1a: Kommo-o|def|2\n|\n|upkeep\n|turn|11\n|\n|t:|1699793455\n|move|p2a: Alomomola|Scald|p1a: Kommo-o\n|-resisted|p1a: Kommo-o\n|-damage|p1a: Kommo-o|38\/100\n|move|p1a: Kommo-o|Rest|p1a: Kommo-o\n|-status|p1a: Kommo-o|slp|[from] move: Rest\n|-heal|p1a: Kommo-o|100\/100 slp|[silent]\n|-enditem|p1a: Kommo-o|Chesto Berry|[eat]\n|-curestatus|p1a: Kommo-o|slp|[msg]\n|\n|-heal|p2a: Alomomola|100\/100|[from] move: Wish|[wisher] Alomomola\n|upkeep\n|turn|12\n|inactive|PhobosBetray has 120 seconds left.\n|l|\u2606PhobosBetray\n|inactive|PhobosBetray disconnected and has a minute to reconnect!\n|player|p2|\n|j|\u2606PhobosBetray\n|inactive|PhobosBetray reconnected and has 105 seconds left.\n|player|p2|PhobosBetray|101\n|\n|t:|1699793511\n|switch|p2a: Basculegion|Basculegion, M|100\/100\n|-damage|p2a: Basculegion|88\/100|[from] Stealth Rock\n|move|p1a: Kommo-o|Dragon Tail|p2a: Basculegion|[miss]\n|-miss|p1a: Kommo-o|p2a: Basculegion\n|\n|upkeep\n|turn|13\n|\n|t:|1699793521\n|move|p2a: Basculegion|Shadow Ball|p1a: Kommo-o\n|-immune|p1a: Kommo-o|[from] ability: Bulletproof\n|move|p1a: Kommo-o|Dragon Tail|p2a: Basculegion|[miss]\n|-miss|p1a: Kommo-o|p2a: Basculegion\n|\n|upkeep\n|turn|14\n|\n|t:|1699793530\n|move|p2a: Basculegion|Shadow Ball|p1a: Kommo-o\n|-immune|p1a: Kommo-o|[from] ability: Bulletproof\n|move|p1a: Kommo-o|Dragon Tail|p2a: Basculegion\n|-damage|p2a: Basculegion|67\/100\n|drag|p2a: Indeedee|Indeedee, M|100\/100\n|-damage|p2a: Indeedee|88\/100|[from] Stealth Rock\n|-fieldstart|move: Psychic Terrain|[from] ability: Psychic Surge|[of] p2a: Indeedee\n|\n|-heal|p2a: Indeedee|94\/100|[from] item: Leftovers\n|upkeep\n|turn|15\n|\n|t:|1699793546\n|-terastallize|p1a: Kommo-o|Poison\n|move|p2a: Indeedee|Psychic|p1a: Kommo-o\n|-supereffective|p1a: Kommo-o\n|-damage|p1a: Kommo-o|16\/100\n|move|p1a: Kommo-o|Body Press|p2a: Indeedee\n|-damage|p2a: Indeedee|0 fnt\n|faint|p2a: Indeedee\n|\n|upkeep\n|inactive|PhobosBetray has 90 seconds left.\n|\n|t:|1699793581\n|switch|p2a: Sneasler|Sneasler, M|100\/100\n|-damage|p2a: Sneasler|95\/100|[from] Stealth Rock\n|-enditem|p2a: Sneasler|Psychic Seed\n|-boost|p2a: Sneasler|spd|1|[from] item: Psychic Seed\n|turn|16\n|inactive|PhobosBetray has 90 seconds left.\n|\n|t:|1699793588\n|move|p2a: Sneasler|Acrobatics|p1a: Kommo-o\n|-damage|p1a: Kommo-o|9\/100\n|move|p1a: Kommo-o|Rest|p1a: Kommo-o\n|-status|p1a: Kommo-o|slp|[from] move: Rest\n|-heal|p1a: Kommo-o|100\/100 slp|[silent]\n|\n|upkeep\n|turn|17\n|\n|t:|1699793597\n|switch|p2a: Goodra|Goodra-Hisui, F|77\/100\n|-damage|p2a: Goodra|71\/100|[from] Stealth Rock\n|cant|p1a: Kommo-o|slp\n|\n|upkeep\n|turn|18\n|\n|t:|1699793605\n|move|p2a: Goodra|Fire Blast|p1a: Kommo-o\n|-damage|p1a: Kommo-o|75\/100 slp\n|cant|p1a: Kommo-o|slp\n|\n|-fieldend|move: Psychic Terrain\n|upkeep\n|turn|19\n|\n|t:|1699793612\n|move|p2a: Goodra|Fire Blast|p1a: Kommo-o\n|-damage|p1a: Kommo-o|51\/100 slp\n|-curestatus|p1a: Kommo-o|slp|[msg]\n|move|p1a: Kommo-o|Body Press|p2a: Goodra\n|-supereffective|p2a: Goodra\n|-damage|p2a: Goodra|0 fnt\n|-ability|p2a: Goodra|Gooey\n|-unboost|p1a: Kommo-o|spe|1\n|faint|p2a: Goodra\n|\n|upkeep\n|\n|t:|1699793621\n|switch|p2a: Basculegion|Basculegion, M|67\/100\n|-damage|p2a: Basculegion|55\/100|[from] Stealth Rock\n|turn|20\n|\n|t:|1699793627\n|move|p2a: Basculegion|Wave Crash|p1a: Kommo-o\n|-damage|p1a: Kommo-o|38\/100\n|-damage|p2a: Basculegion|51\/100|[from] Recoil\n|move|p1a: Kommo-o|Dragon Tail|p2a: Basculegion\n|-damage|p2a: Basculegion|33\/100\n|drag|p2a: Conkeldurr|Conkeldurr, F|6\/100 brn\n|-damage|p2a: Conkeldurr|0 fnt|[from] Stealth Rock\n|faint|p2a: Conkeldurr\n|\n|upkeep\n|l|\u2606PhobosBetray\n|inactive|PhobosBetray disconnected and has a minute to reconnect!\n|player|p2|\n|inactive|PhobosBetray has 30 seconds to reconnect!\n|inactive|PhobosBetray has 20 seconds to reconnect!\n|inactive|PhobosBetray has 15 seconds to reconnect!\n|inactive|PhobosBetray has 10 seconds to reconnect!\n|inactive|PhobosBetray has 5 seconds to reconnect!\n|-message|PhobosBetray lost due to inactivity.\n|\n|win|wyverbal\n|raw|wyverbal's rating: 1061 &rarr; <strong>1088<\/strong><br \/>(+27 for winning)\n|raw|PhobosBetray's rating: 1019 &rarr; <strong>1008<\/strong><br \/>(-11 for losing)\n","uploadtime":1699793702,"views":15,"p1id":"wyverbal","p2id":"phobosbetray","formatid":"gen9ou","rating":1008,"private":0,"password":""}