{"id":"gen9ou-1994760890","p1":"Necrozminator","p2":"King of kind","format":"[Gen 9] OU","log":"|j|\u2606Necrozminator\n|j|\u2606King of kind\n|t:|1700490089\n|gametype|singles\n|player|p1|Necrozminator|will|1386\n|player|p2|King of kind|volkner|1355\n|teamsize|p1|6\n|teamsize|p2|6\n|gen|9\n|tier|[Gen 9] OU\n|rated|\n|rule|Sleep Clause Mod: Limit one foe put to sleep\n|rule|Species Clause: Limit one of each Pok\u00e9mon\n|rule|OHKO Clause: OHKO moves are banned\n|rule|Evasion Items Clause: Evasion items are banned\n|rule|Evasion Moves Clause: Evasion moves are banned\n|rule|Endless Battle Clause: Forcing endless battles is banned\n|rule|HP Percentage Mod: HP is shown in percentages\n|clearpoke\n|poke|p1|Breloom, M|\n|poke|p1|Ceruledge, F|\n|poke|p1|Goodra-Hisui, F|\n|poke|p1|Great Tusk|\n|poke|p1|Clefable, M|\n|poke|p1|Samurott-Hisui, M|\n|poke|p2|Scyther, M|\n|poke|p2|Scizor, M|\n|poke|p2|Kleavor, M|\n|poke|p2|Typhlosion, M|\n|poke|p2|Sinistcha|\n|poke|p2|Mandibuzz, F|\n|teampreview\n|inactive|Battle timer is ON: inactive players will automatically lose when time's up. (requested by Necrozminator)\n|\n|t:|1700490108\n|start\n|switch|p1a: Clyde|Goodra-Hisui, F, shiny|100\/100\n|switch|p2a: Scyther|Scyther, M|100\/100\n|turn|1\n|\n|t:|1700490115\n|move|p2a: Scyther|Close Combat|p1a: Clyde\n|-supereffective|p1a: Clyde\n|-damage|p1a: Clyde|40\/100\n|-unboost|p2a: Scyther|def|1\n|-unboost|p2a: Scyther|spd|1\n|-ability|p1a: Clyde|Gooey\n|-unboost|p2a: Scyther|spe|1\n|move|p1a: Clyde|Flamethrower|p2a: Scyther\n|-supereffective|p2a: Scyther\n|-damage|p2a: Scyther|16\/100\n|\n|upkeep\n|turn|2\n|\n|t:|1700490130\n|switch|p1a: Arizona Ranger|Ceruledge, F|100\/100\n|move|p2a: Scyther|Dual Wingbeat|p1a: Arizona Ranger\n|-damage|p1a: Arizona Ranger|58\/100\n|-damage|p1a: Arizona Ranger|16\/100\n|-hitcount|p1a: Arizona Ranger|2\n|\n|upkeep\n|turn|3\n|\n|t:|1700490139\n|move|p1a: Arizona Ranger|Bitter Blade|p2a: Scyther\n|-supereffective|p2a: Scyther\n|-damage|p2a: Scyther|0 fnt\n|-heal|p1a: Arizona Ranger|24\/100|[from] drain|[of] p2a: Scyther\n|faint|p2a: Scyther\n|\n|upkeep\n|\n|t:|1700490146\n|switch|p2a: Kleavor|Kleavor, M|100\/100\n|turn|4\n|\n|t:|1700490149\n|switch|p1a: Bonnie|Clefable, M|100\/100\n|move|p2a: Kleavor|Stone Axe|p1a: Bonnie|[miss]\n|-miss|p2a: Kleavor|p1a: Bonnie\n|\n|upkeep\n|turn|5\n|\n|t:|1700490154\n|move|p2a: Kleavor|Stone Axe|p1a: Bonnie\n|-damage|p1a: Bonnie|62\/100\n|-sidestart|p1: Necrozminator|move: Stealth Rock\n|move|p1a: Bonnie|Wish|p1a: Bonnie\n|\n|-heal|p1a: Bonnie|68\/100|[from] item: Leftovers\n|upkeep\n|turn|6\n|\n|t:|1700490162\n|switch|p1a: Clyde|Goodra-Hisui, F, shiny|40\/100\n|-damage|p1a: Clyde|34\/100|[from] Stealth Rock\n|move|p2a: Kleavor|Stone Axe|p1a: Clyde\n|-resisted|p1a: Clyde\n|-damage|p1a: Clyde|13\/100\n|-ability|p1a: Clyde|Gooey\n|-unboost|p2a: Kleavor|spe|1\n|\n|-heal|p1a: Clyde|68\/100|[from] move: Wish|[wisher] Bonnie\n|upkeep\n|turn|7\n|\n|t:|1700490169\n|switch|p2a: Sinistcha|Sinistcha|100\/100\n|move|p1a: Clyde|Flash Cannon|p2a: Sinistcha\n|-damage|p2a: Sinistcha|54\/100\n|\n|-heal|p2a: Sinistcha|60\/100|[from] item: Leftovers\n|upkeep\n|turn|8\n|\n|t:|1700490177\n|move|p2a: Sinistcha|Calm Mind|p2a: Sinistcha\n|-boost|p2a: Sinistcha|spa|1\n|-boost|p2a: Sinistcha|spd|1\n|move|p1a: Clyde|Dragon Pulse|p2a: Sinistcha\n|-damage|p2a: Sinistcha|30\/100\n|\n|-heal|p2a: Sinistcha|36\/100|[from] item: Leftovers\n|upkeep\n|turn|9\n|\n|t:|1700490187\n|switch|p1a: Bonnie|Clefable, M|68\/100\n|-damage|p1a: Bonnie|56\/100|[from] Stealth Rock\n|move|p2a: Sinistcha|Shadow Ball|p1a: Bonnie\n|-damage|p1a: Bonnie|17\/100\n|\n|-heal|p2a: Sinistcha|42\/100|[from] item: Leftovers\n|-heal|p1a: Bonnie|23\/100|[from] item: Leftovers\n|upkeep\n|turn|10\n|\n|t:|1700490190\n|move|p1a: Bonnie|Protect|p1a: Bonnie\n|-singleturn|p1a: Bonnie|Protect\n|move|p2a: Sinistcha|Matcha Gotcha|p1a: Bonnie\n|-activate|p1a: Bonnie|move: Protect\n|\n|-heal|p2a: Sinistcha|48\/100|[from] item: Leftovers\n|-heal|p1a: Bonnie|29\/100|[from] item: Leftovers\n|upkeep\n|turn|11\n|\n|t:|1700490201\n|move|p2a: Sinistcha|Calm Mind|p2a: Sinistcha\n|-boost|p2a: Sinistcha|spa|1\n|-boost|p2a: Sinistcha|spd|1\n|move|p1a: Bonnie|Wish|p1a: Bonnie\n|\n|-heal|p2a: Sinistcha|54\/100|[from] item: Leftovers\n|-heal|p1a: Bonnie|35\/100|[from] item: Leftovers\n|upkeep\n|turn|12\n|\n|t:|1700490205\n|move|p1a: Bonnie|Protect|p1a: Bonnie\n|-singleturn|p1a: Bonnie|Protect\n|move|p2a: Sinistcha|Calm Mind|p2a: Sinistcha\n|-boost|p2a: Sinistcha|spa|1\n|-boost|p2a: Sinistcha|spd|1\n|\n|-heal|p1a: Bonnie|85\/100|[from] move: Wish|[wisher] Bonnie\n|-heal|p2a: Sinistcha|60\/100|[from] item: Leftovers\n|-heal|p1a: Bonnie|91\/100|[from] item: Leftovers\n|upkeep\n|turn|13\n|\n|t:|1700490222\n|switch|p1a: Texas Red|Breloom, M, shiny|100\/100\n|-damage|p1a: Texas Red|94\/100|[from] Stealth Rock\n|move|p2a: Sinistcha|Matcha Gotcha|p1a: Texas Red\n|-resisted|p1a: Texas Red\n|-damage|p1a: Texas Red|0 fnt\n|-heal|p2a: Sinistcha|96\/100|[from] drain|[of] p1a: Texas Red\n|faint|p1a: Texas Red\n|\n|-heal|p2a: Sinistcha|100\/100|[from] item: Leftovers\n|upkeep\n|\n|t:|1700490226\n|switch|p1a: Arizona Ranger|Ceruledge, F|24\/100\n|turn|14\n|\n|t:|1700490238\n|move|p1a: Arizona Ranger|Poltergeist|p2a: Sinistcha\n|-activate|p2a: Sinistcha|move: Poltergeist|Leftovers\n|-supereffective|p2a: Sinistcha\n|-damage|p2a: Sinistcha|0 fnt\n|faint|p2a: Sinistcha\n|\n|upkeep\n|\n|t:|1700490247\n|switch|p2a: Kleavor|Kleavor, M|100\/100\n|turn|15\n|\n|t:|1700490252\n|switch|p1a: Clyde|Goodra-Hisui, F, shiny|68\/100\n|-damage|p1a: Clyde|61\/100|[from] Stealth Rock\n|move|p2a: Kleavor|U-turn|p1a: Clyde\n|-resisted|p1a: Clyde\n|-damage|p1a: Clyde|46\/100\n|-ability|p1a: Clyde|Gooey\n|-unboost|p2a: Kleavor|spe|1\n|\n|t:|1700490260\n|switch|p2a: Scizor|Scizor, M|100\/100|[from] U-turn\n|\n|upkeep\n|turn|16\n|\n|t:|1700490266\n|move|p2a: Scizor|Swords Dance|p2a: Scizor\n|-boost|p2a: Scizor|atk|2\n|move|p1a: Clyde|Flamethrower|p2a: Scizor\n|-supereffective|p2a: Scizor\n|-damage|p2a: Scizor|0 fnt\n|faint|p2a: Scizor\n|\n|upkeep\n|\n|t:|1700490271\n|switch|p2a: Kleavor|Kleavor, M|100\/100\n|turn|17\n|\n|t:|1700490275\n|switch|p1a: Bonnie|Clefable, M|91\/100\n|-damage|p1a: Bonnie|79\/100|[from] Stealth Rock\n|move|p2a: Kleavor|Close Combat|p1a: Bonnie\n|-resisted|p1a: Bonnie\n|-damage|p1a: Bonnie|61\/100\n|-unboost|p2a: Kleavor|def|1\n|-unboost|p2a: Kleavor|spd|1\n|\n|-heal|p1a: Bonnie|68\/100|[from] item: Leftovers\n|upkeep\n|turn|18\n|\n|t:|1700490279\n|switch|p2a: Mandibuzz|Mandibuzz, F|100\/100\n|move|p1a: Bonnie|Wish|p1a: Bonnie\n|\n|-heal|p1a: Bonnie|74\/100|[from] item: Leftovers\n|upkeep\n|turn|19\n|\n|t:|1700490284\n|switch|p2a: Typhlosion|Typhlosion, M|100\/100\n|switch|p1a: Clyde|Goodra-Hisui, F, shiny|46\/100\n|-damage|p1a: Clyde|40\/100|[from] Stealth Rock\n|\n|-heal|p1a: Clyde|94\/100|[from] move: Wish|[wisher] Bonnie\n|upkeep\n|turn|20\n|\n|t:|1700490290\n|-terastallize|p2a: Typhlosion|Fire\n|move|p2a: Typhlosion|Eruption|p1a: Clyde\n|-damage|p1a: Clyde|52\/100\n|move|p1a: Clyde|Dragon Pulse|p2a: Typhlosion\n|-damage|p2a: Typhlosion|49\/100\n|\n|upkeep\n|turn|21\n|-message|King of kind forfeited.\n|\n|win|Necrozminator\n|raw|Necrozminator's rating: 1386 &rarr; <strong>1404<\/strong><br \/>(+18 for winning)\n|raw|King of kind's rating: 1355 &rarr; <strong>1337<\/strong><br \/>(-18 for losing)\n|l|\u2606King of kind\n","uploadtime":1700490309,"views":11,"p1id":"necrozminator","p2id":"kingofkind","formatid":"gen9ou","rating":1337,"private":0,"password":""}