{"id":"gen9ou-1988691250","p1":"Granny Pie","p2":"HYper","format":"[Gen 9] OU","log":"|j|\u2606Granny Pie\n|j|\u2606HYper\n|t:|1699751184\n|gametype|singles\n|player|p1|Granny Pie|medium|1356\n|player|p2|HYper|#wcop2023canada|1407\n|teamsize|p1|6\n|teamsize|p2|6\n|gen|9\n|tier|[Gen 9] OU\n|rated|\n|rule|Sleep Clause Mod: Limit one foe put to sleep\n|rule|Species Clause: Limit one of each Pok\u00e9mon\n|rule|OHKO Clause: OHKO moves are banned\n|rule|Evasion Items Clause: Evasion items are banned\n|rule|Evasion Moves Clause: Evasion moves are banned\n|rule|Endless Battle Clause: Forcing endless battles is banned\n|rule|HP Percentage Mod: HP is shown in percentages\n|clearpoke\n|poke|p1|Landorus-Therian, M|\n|poke|p1|Slowking-Galar, F|\n|poke|p1|Enamorus, F|\n|poke|p1|Dragapult, F|\n|poke|p1|Zapdos|\n|poke|p1|Dragonite, M|\n|poke|p2|Cyclizar, F|\n|poke|p2|Fezandipiti, M|\n|poke|p2|Iron Leaves|\n|poke|p2|Gholdengo|\n|poke|p2|Ting-Lu|\n|poke|p2|Heatran, M|\n|teampreview\n|inactive|Battle timer is ON: inactive players will automatically lose when time's up. (requested by HYper)\n|\n|t:|1699751207\n|start\n|switch|p1a: Dragapult|Dragapult, F|100\/100\n|switch|p2a: Fezandipiti|Fezandipiti, M|100\/100\n|turn|1\n|\n|t:|1699751221\n|switch|p1a: Slowking|Slowking-Galar, F|100\/100\n|move|p2a: Fezandipiti|Beat Up|p1a: Slowking\n|-supereffective|p1a: Slowking\n|-crit|p1a: Slowking\n|-damage|p1a: Slowking|94\/100\n|-supereffective|p1a: Slowking\n|-damage|p1a: Slowking|90\/100\n|-supereffective|p1a: Slowking\n|-damage|p1a: Slowking|84\/100\n|-supereffective|p1a: Slowking\n|-damage|p1a: Slowking|81\/100\n|-supereffective|p1a: Slowking\n|-damage|p1a: Slowking|76\/100\n|-supereffective|p1a: Slowking\n|-crit|p1a: Slowking\n|-damage|p1a: Slowking|69\/100\n|-hitcount|p1a: Slowking|6\n|\n|upkeep\n|turn|2\n|c|\u2606Granny Pie|Real\n|\n|t:|1699751237\n|move|p2a: Fezandipiti|Beat Up|p1a: Slowking\n|-supereffective|p1a: Slowking\n|-damage|p1a: Slowking|64\/100\n|-supereffective|p1a: Slowking\n|-damage|p1a: Slowking|60\/100\n|-supereffective|p1a: Slowking\n|-damage|p1a: Slowking|54\/100\n|-supereffective|p1a: Slowking\n|-damage|p1a: Slowking|51\/100\n|-supereffective|p1a: Slowking\n|-damage|p1a: Slowking|47\/100\n|-supereffective|p1a: Slowking\n|-damage|p1a: Slowking|42\/100\n|-hitcount|p1a: Slowking|6\n|move|p1a: Slowking|Future Sight|p2a: Fezandipiti\n|-start|p1a: Slowking|move: Future Sight\n|\n|upkeep\n|turn|3\n|\n|t:|1699751247\n|move|p2a: Fezandipiti|Beat Up|p1a: Slowking\n|-supereffective|p1a: Slowking\n|-damage|p1a: Slowking|38\/100\n|-supereffective|p1a: Slowking\n|-damage|p1a: Slowking|33\/100\n|-supereffective|p1a: Slowking\n|-damage|p1a: Slowking|28\/100\n|-supereffective|p1a: Slowking\n|-damage|p1a: Slowking|24\/100\n|-supereffective|p1a: Slowking\n|-damage|p1a: Slowking|19\/100\n|-supereffective|p1a: Slowking\n|-damage|p1a: Slowking|15\/100\n|-hitcount|p1a: Slowking|6\n|move|p1a: Slowking|Chilly Reception|p1a: Slowking\n|-weather|Snow\n|\n|t:|1699751262\n|switch|p1a: Landorus|Landorus-Therian, M|100\/100|[from] Chilly Reception\n|-ability|p1a: Landorus|Intimidate|boost\n|-unboost|p2a: Fezandipiti|atk|1\n|\n|-weather|Snow|[upkeep]\n|upkeep\n|turn|4\n|\n|t:|1699751273\n|switch|p2a: Ting-Lu|Ting-Lu|100\/100\n|-ability|p2a: Ting-Lu|Vessel of Ruin\n|move|p1a: Landorus|U-turn|p2a: Ting-Lu\n|-supereffective|p2a: Ting-Lu\n|-damage|p2a: Ting-Lu|72\/100\n|inactive|Granny Pie has 120 seconds left.\n|\n|t:|1699751306\n|switch|p1a: Dragonite|Dragonite, M|100\/100|[from] U-turn\n|\n|-weather|Snow|[upkeep]\n|-end|p2a: Ting-Lu|move: Future Sight\n|-immune|p2a: Ting-Lu\n|-heal|p2a: Ting-Lu|79\/100|[from] item: Leftovers\n|upkeep\n|turn|5\n|\n|t:|1699751312\n|move|p1a: Dragonite|Outrage|p2a: Ting-Lu\n|-damage|p2a: Ting-Lu|17\/100\n|move|p2a: Ting-Lu|Whirlwind|p1a: Dragonite\n|drag|p1a: Slowking|Slowking-Galar, F|48\/100\n|\n|-weather|Snow|[upkeep]\n|-heal|p2a: Ting-Lu|24\/100|[from] item: Leftovers\n|upkeep\n|turn|6\n|inactive|Granny Pie has 120 seconds left.\n|\n|t:|1699751327\n|switch|p2a: Heatran|Heatran, M|100\/100\n|-item|p2a: Heatran|Air Balloon\n|move|p1a: Slowking|Future Sight|p2a: Heatran\n|-start|p1a: Slowking|move: Future Sight\n|\n|-weather|Snow|[upkeep]\n|upkeep\n|turn|7\n|inactive|Granny Pie has 120 seconds left.\n|\n|t:|1699751338\n|move|p2a: Heatran|Stealth Rock|p1a: Slowking\n|-sidestart|p1: Granny Pie|move: Stealth Rock\n|move|p1a: Slowking|Chilly Reception|p1a: Slowking\n|\n|t:|1699751354\n|switch|p1a: Zapdos|Zapdos|100\/100|[from] Chilly Reception\n|\n|-weather|none\n|upkeep\n|turn|8\n|\n|t:|1699751360\n|switch|p2a: Ting-Lu|Ting-Lu|24\/100\n|-ability|p2a: Ting-Lu|Vessel of Ruin\n|move|p1a: Zapdos|Hurricane|p2a: Ting-Lu\n|-damage|p2a: Ting-Lu|0 fnt\n|faint|p2a: Ting-Lu\n|\n|-hint|Future Sight did not hit because the target is fainted.\n|upkeep\n|\n|t:|1699751363\n|switch|p2a: Cyclizar|Cyclizar, F|100\/100\n|turn|9\n|inactive|Granny Pie has 120 seconds left.\n|\n|t:|1699751379\n|move|p2a: Cyclizar|Knock Off|p1a: Zapdos\n|-damage|p1a: Zapdos|76\/100\n|-enditem|p1a: Zapdos|Heavy-Duty Boots|[from] move: Knock Off|[of] p2a: Cyclizar\n|move|p1a: Zapdos|Volt Switch|p2a: Cyclizar\n|-resisted|p2a: Cyclizar\n|-damage|p2a: Cyclizar|68\/100\n|inactive|Granny Pie has 90 seconds left.\n|\n|t:|1699751415\n|switch|p1a: Slowking|Slowking-Galar, F|81\/100|[from] Volt Switch\n|\n|upkeep\n|turn|10\n|\n|t:|1699751422\n|move|p2a: Cyclizar|Knock Off|p1a: Slowking\n|-supereffective|p1a: Slowking\n|-crit|p1a: Slowking\n|-damage|p1a: Slowking|37\/100\n|-enditem|p1a: Slowking|Heavy-Duty Boots|[from] move: Knock Off|[of] p2a: Cyclizar\n|move|p1a: Slowking|Future Sight|p2a: Cyclizar\n|-start|p1a: Slowking|move: Future Sight\n|\n|upkeep\n|turn|11\n|inactive|Granny Pie has 90 seconds left.\n|\n|t:|1699751428\n|move|p2a: Cyclizar|Taunt|p1a: Slowking\n|-start|p1a: Slowking|move: Taunt\n|cant|p1a: Slowking|move: Taunt|Chilly Reception\n|\n|upkeep\n|turn|12\n|inactive|Granny Pie has 90 seconds left.\n|\n|t:|1699751441\n|switch|p1a: Zapdos|Zapdos|76\/100\n|-damage|p1a: Zapdos|51\/100|[from] Stealth Rock\n|move|p2a: Cyclizar|U-turn|p1a: Zapdos\n|-resisted|p1a: Zapdos\n|-damage|p1a: Zapdos|42\/100\n|\n|t:|1699751447\n|switch|p2a: Fezandipiti|Fezandipiti, M|100\/100|[from] U-turn\n|\n|-end|p2a: Fezandipiti|move: Future Sight\n|-supereffective|p2a: Fezandipiti\n|-damage|p2a: Fezandipiti|17\/100\n|upkeep\n|turn|13\n|\n|t:|1699751452\n|move|p2a: Fezandipiti|Beat Up|p1a: Zapdos\n|-crit|p1a: Zapdos\n|-damage|p1a: Zapdos|36\/100\n|-status|p1a: Zapdos|tox|[from] ability: Toxic Chain|[of] p2a: Fezandipiti\n|-damage|p1a: Zapdos|32\/100 tox\n|-damage|p1a: Zapdos|29\/100 tox\n|-damage|p1a: Zapdos|25\/100 tox\n|-damage|p1a: Zapdos|22\/100 tox\n|-hitcount|p1a: Zapdos|5\n|move|p1a: Zapdos|Volt Switch|p2a: Fezandipiti\n|-damage|p2a: Fezandipiti|0 fnt\n|faint|p2a: Fezandipiti\n|\n|t:|1699751460\n|switch|p1a: Slowking|Slowking-Galar, F|70\/100|[from] Volt Switch\n|-damage|p1a: Slowking|57\/100|[from] Stealth Rock\n|\n|upkeep\n|\n|t:|1699751464\n|switch|p2a: Gholdengo|Gholdengo|100\/100\n|turn|14\n|inactive|Granny Pie has 90 seconds left.\n|\n|t:|1699751493\n|move|p2a: Gholdengo|Hex|p1a: Slowking\n|-supereffective|p1a: Slowking\n|-damage|p1a: Slowking|0 fnt\n|faint|p1a: Slowking\n|\n|upkeep\n|\n|t:|1699751497\n|switch|p1a: Zapdos|Zapdos|22\/100 tox\n|-damage|p1a: Zapdos|0 fnt|[from] Stealth Rock\n|faint|p1a: Zapdos\n|inactive|Granny Pie has 90 seconds left.\n|\n|t:|1699751517\n|switch|p1a: Dragapult|Dragapult, F|100\/100\n|-damage|p1a: Dragapult|88\/100|[from] Stealth Rock\n|turn|15\n|\n|t:|1699751522\n|switch|p2a: Cyclizar|Cyclizar, F|100\/100\n|move|p1a: Dragapult|Phantom Force||[still]\n|-prepare|p1a: Dragapult|Phantom Force\n|\n|-heal|p1a: Dragapult|94\/100|[from] item: Leftovers\n|upkeep\n|turn|16\n|c|\u2606Granny Pie|Real af\n|\n|t:|1699751531\n|move|p1a: Dragapult|Phantom Force|p2a: Cyclizar|[from]lockedmove\n|-immune|p2a: Cyclizar\n|move|p2a: Cyclizar|Knock Off|p1a: Dragapult\n|-supereffective|p1a: Dragapult\n|-damage|p1a: Dragapult|34\/100\n|-enditem|p1a: Dragapult|Leftovers|[from] move: Knock Off|[of] p2a: Cyclizar\n|\n|upkeep\n|turn|17\n|\n|t:|1699751535\n|switch|p2a: Heatran|Heatran, M|100\/100\n|-item|p2a: Heatran|Air Balloon\n|move|p1a: Dragapult|Dragon Darts|p2a: Heatran\n|-resisted|p2a: Heatran\n|-damage|p2a: Heatran|93\/100\n|-enditem|p2a: Heatran|Air Balloon\n|-anim|p1a: Dragapult|Dragon Darts|p2a: Heatran\n|-resisted|p2a: Heatran\n|-damage|p2a: Heatran|85\/100\n|\n|upkeep\n|turn|18\n|\n|t:|1699751544\n|move|p1a: Dragapult|Dragon Dance|p1a: Dragapult\n|-boost|p1a: Dragapult|atk|1\n|-boost|p1a: Dragapult|spe|1\n|move|p2a: Heatran|Will-O-Wisp|p1a: Dragapult\n|-status|p1a: Dragapult|brn\n|\n|-damage|p1a: Dragapult|28\/100 brn|[from] brn\n|upkeep\n|turn|19\n|\n|t:|1699751552\n|move|p1a: Dragapult|Dragon Darts|p2a: Heatran\n|-resisted|p2a: Heatran\n|-damage|p2a: Heatran|78\/100\n|-anim|p1a: Dragapult|Dragon Darts|p2a: Heatran\n|-resisted|p2a: Heatran\n|-damage|p2a: Heatran|73\/100\n|move|p2a: Heatran|Will-O-Wisp|p1a: Dragapult\n|-fail|p1a: Dragapult|brn\n|\n|-damage|p1a: Dragapult|22\/100 brn|[from] brn\n|upkeep\n|turn|20\n|\n|t:|1699751555\n|move|p1a: Dragapult|Dragon Darts|p2a: Heatran\n|-resisted|p2a: Heatran\n|-damage|p2a: Heatran|68\/100\n|-anim|p1a: Dragapult|Dragon Darts|p2a: Heatran\n|-resisted|p2a: Heatran\n|-damage|p2a: Heatran|62\/100\n|move|p2a: Heatran|Earth Power|p1a: Dragapult\n|-damage|p1a: Dragapult|0 fnt\n|faint|p1a: Dragapult\n|\n|upkeep\n|inactive|Granny Pie has 120 seconds left.\n|\n|t:|1699751570\n|switch|p1a: Landorus|Landorus-Therian, M|100\/100\n|-damage|p1a: Landorus|88\/100|[from] Stealth Rock\n|-ability|p1a: Landorus|Intimidate|boost\n|-unboost|p2a: Heatran|atk|1\n|turn|21\n|inactive|Granny Pie has 120 seconds left.\n|\n|t:|1699751586\n|switch|p2a: Gholdengo|Gholdengo|100\/100\n|move|p1a: Landorus|Earthquake|p2a: Gholdengo\n|-supereffective|p2a: Gholdengo\n|-damage|p2a: Gholdengo|0 fnt\n|faint|p2a: Gholdengo\n|\n|upkeep\n|\n|t:|1699751588\n|switch|p2a: Iron Leaves|Iron Leaves|100\/100\n|-enditem|p2a: Iron Leaves|Booster Energy\n|-activate|p2a: Iron Leaves|ability: Quark Drive|[fromitem]\n|-start|p2a: Iron Leaves|quarkdrivespe\n|turn|22\n|\n|t:|1699751598\n|switch|p1a: Enamorus|Enamorus, F|100\/100\n|-damage|p1a: Enamorus|76\/100|[from] Stealth Rock\n|move|p2a: Iron Leaves|Swords Dance|p2a: Iron Leaves\n|-boost|p2a: Iron Leaves|atk|2\n|\n|upkeep\n|turn|23\n|\n|t:|1699751605\n|move|p2a: Iron Leaves|Leaf Blade|p1a: Enamorus\n|-resisted|p1a: Enamorus\n|-damage|p1a: Enamorus|10\/100\n|move|p1a: Enamorus|Moonblast|p2a: Iron Leaves\n|-damage|p2a: Iron Leaves|25\/100\n|\n|upkeep\n|turn|24\n|\n|t:|1699751608\n|move|p2a: Iron Leaves|Leaf Blade|p1a: Enamorus\n|-resisted|p1a: Enamorus\n|-damage|p1a: Enamorus|0 fnt\n|faint|p1a: Enamorus\n|\n|upkeep\n|\n|t:|1699751612\n|switch|p1a: Dragonite|Dragonite, M|100\/100\n|-damage|p1a: Dragonite|76\/100|[from] Stealth Rock\n|turn|25\n|\n|t:|1699751613\n|-end|p2a: Iron Leaves|Quark Drive|[silent]\n|switch|p2a: Heatran|Heatran, M|62\/100\n|-terastallize|p1a: Dragonite|Normal\n|move|p1a: Dragonite|Extreme Speed|p2a: Heatran\n|-resisted|p2a: Heatran\n|-damage|p2a: Heatran|38\/100\n|-status|p1a: Dragonite|brn|[from] ability: Flame Body|[of] p2a: Heatran\n|\n|-damage|p1a: Dragonite|70\/100 brn|[from] brn\n|upkeep\n|turn|26\n|\n|t:|1699751618\n|move|p1a: Dragonite|Extreme Speed|p2a: Heatran\n|-resisted|p2a: Heatran\n|-damage|p2a: Heatran|26\/100\n|move|p2a: Heatran|Magma Storm|p1a: Dragonite\n|-damage|p1a: Dragonite|26\/100 brn\n|-activate|p1a: Dragonite|move: Magma Storm|[of] p2a: Heatran\n|\n|-damage|p1a: Dragonite|20\/100 brn|[from] brn\n|-damage|p1a: Dragonite|7\/100 brn|[from] move: Magma Storm|[partiallytrapped]\n|upkeep\n|turn|27\n|\n|t:|1699751622\n|switch|p2a: Iron Leaves|Iron Leaves|25\/100\n|move|p1a: Dragonite|Extreme Speed|p2a: Iron Leaves\n|-damage|p2a: Iron Leaves|0 fnt\n|faint|p2a: Iron Leaves\n|-end|p2a: Iron Leaves|Quark Drive|[silent]\n|\n|-damage|p1a: Dragonite|1\/100 brn|[from] brn\n|-end|p1a: Dragonite|Magma Storm|[partiallytrapped]|[silent]\n|upkeep\n|\n|t:|1699751624\n|switch|p2a: Cyclizar|Cyclizar, F|100\/100\n|turn|28\n|\n|t:|1699751627\n|move|p1a: Dragonite|Extreme Speed|p2a: Cyclizar\n|-damage|p2a: Cyclizar|59\/100\n|move|p2a: Cyclizar|Knock Off|p1a: Dragonite\n|-damage|p1a: Dragonite|0 fnt\n|-enditem|p1a: Dragonite|Choice Band|[from] move: Knock Off|[of] p2a: Cyclizar\n|faint|p1a: Dragonite\n|\n|upkeep\n|\n|t:|1699751630\n|switch|p1a: Landorus|Landorus-Therian, M|88\/100\n|-damage|p1a: Landorus|76\/100|[from] Stealth Rock\n|-ability|p1a: Landorus|Intimidate|boost\n|-unboost|p2a: Cyclizar|atk|1\n|turn|29\n|\n|t:|1699751632\n|move|p1a: Landorus|Earthquake|p2a: Cyclizar\n|-damage|p2a: Cyclizar|0 fnt\n|faint|p2a: Cyclizar\n|\n|upkeep\n|\n|t:|1699751633\n|switch|p2a: Heatran|Heatran, M|26\/100\n|turn|30\n|c|\u2606HYper|gg\n|\n|t:|1699751637\n|-terastallize|p2a: Heatran|Flying\n|move|p1a: Landorus|Earthquake|p2a: Heatran\n|-immune|p2a: Heatran\n|move|p2a: Heatran|Magma Storm|p1a: Landorus\n|-damage|p1a: Landorus|16\/100\n|-activate|p1a: Landorus|move: Magma Storm|[of] p2a: Heatran\n|\n|-damage|p1a: Landorus|4\/100|[from] move: Magma Storm|[partiallytrapped]\n|upkeep\n|turn|31\n|\n|t:|1699751645\n|move|p1a: Landorus|Earthquake|p2a: Heatran\n|-immune|p2a: Heatran\n|move|p2a: Heatran|Will-O-Wisp|p1a: Landorus\n|-status|p1a: Landorus|brn\n|\n|-damage|p1a: Landorus|0 fnt|[from] brn\n|faint|p1a: Landorus\n|\n|win|HYper\n|upkeep\n|raw|Granny Pie's rating: 1356 &rarr; <strong>1339<\/strong><br \/>(-17 for losing)\n|raw|HYper's rating: 1407 &rarr; <strong>1424<\/strong><br \/>(+17 for winning)\n","uploadtime":1699751648,"views":8,"p1id":"grannypie","p2id":"hyper","formatid":"gen9ou","rating":1339,"private":0,"password":""}