{"id":"gen9ou-1993022955","p1":"Blastoise Expert","p2":"Welcometoearth420","format":"[Gen 9] OU","log":"|j|\u2606Blastoise Expert\n|j|\u2606Welcometoearth420\n|t:|1700256422\n|gametype|singles\n|player|p1|Blastoise Expert|1|1533\n|player|p2|Welcometoearth420|169|1512\n|teamsize|p1|6\n|teamsize|p2|6\n|gen|9\n|tier|[Gen 9] OU\n|rated|\n|rule|Sleep Clause Mod: Limit one foe put to sleep\n|rule|Species Clause: Limit one of each Pok\u00e9mon\n|rule|OHKO Clause: OHKO moves are banned\n|rule|Evasion Items Clause: Evasion items are banned\n|rule|Evasion Moves Clause: Evasion moves are banned\n|rule|Endless Battle Clause: Forcing endless battles is banned\n|rule|HP Percentage Mod: HP is shown in percentages\n|clearpoke\n|poke|p1|Dragonite, F|\n|poke|p1|Amoonguss, M|\n|poke|p1|Blissey, F|\n|poke|p1|Cinderace, M|\n|poke|p1|Gastrodon-East, F|\n|poke|p1|Slowbro, M|\n|poke|p2|Corviknight, F|\n|poke|p2|Dragapult, F|\n|poke|p2|Slowking-Galar, F|\n|poke|p2|Alomomola, M|\n|poke|p2|Iron Valiant|\n|poke|p2|Tornadus-Therian, M|\n|teampreview\n|\n|t:|1700256445\n|start\n|switch|p1a: Amoonguss|Amoonguss, M|100\/100\n|switch|p2a: Dragapult|Dragapult, F|100\/100\n|turn|1\n|\n|t:|1700256448\n|move|p2a: Dragapult|Flamethrower|p1a: Amoonguss\n|-supereffective|p1a: Amoonguss\n|-damage|p1a: Amoonguss|25\/100\n|move|p1a: Amoonguss|Sludge Bomb|p2a: Dragapult\n|-resisted|p2a: Dragapult\n|-damage|p2a: Dragapult|81\/100\n|-status|p2a: Dragapult|psn\n|\n|-heal|p1a: Amoonguss|31\/100|[from] item: Leftovers\n|-damage|p2a: Dragapult|69\/100 psn|[from] psn\n|upkeep\n|turn|2\n|\n|t:|1700256452\n|switch|p1a: Blissey|Blissey, F|100\/100\n|move|p2a: Dragapult|Flamethrower|p1a: Blissey\n|-damage|p1a: Blissey|89\/100\n|\n|-damage|p2a: Dragapult|57\/100 psn|[from] psn\n|upkeep\n|turn|3\n|\n|t:|1700256456\n|switch|p2a: Tornadus|Tornadus-Therian, M|100\/100\n|switch|p1a: Amoonguss|Amoonguss, M|64\/100\n|\n|-heal|p1a: Amoonguss|70\/100|[from] item: Leftovers\n|upkeep\n|turn|4\n|\n|t:|1700256463\n|switch|p1a: Gastrodon|Gastrodon-East, F|100\/100\n|move|p2a: Tornadus|Hurricane|p1a: Gastrodon|[miss]\n|-miss|p2a: Tornadus|p1a: Gastrodon\n|\n|upkeep\n|turn|5\n|\n|t:|1700256467\n|move|p2a: Tornadus|Knock Off|p1a: Gastrodon\n|-damage|p1a: Gastrodon|78\/100\n|-enditem|p1a: Gastrodon|Heavy-Duty Boots|[from] move: Knock Off|[of] p2a: Tornadus\n|move|p1a: Gastrodon|Ice Beam|p2a: Tornadus\n|-supereffective|p2a: Tornadus\n|-damage|p2a: Tornadus|79\/100\n|\n|upkeep\n|turn|6\n|\n|t:|1700256476\n|move|p2a: Tornadus|U-turn|p1a: Gastrodon\n|-damage|p1a: Gastrodon|63\/100\n|\n|t:|1700256477\n|switch|p2a: Alomomola|Alomomola, M|100\/100|[from] U-turn\n|move|p1a: Gastrodon|Spikes|p2a: Alomomola\n|-sidestart|p2: Welcometoearth420|Spikes\n|\n|upkeep\n|turn|7\n|\n|t:|1700256484\n|switch|p2a: Corviknight|Corviknight, F|100\/100\n|move|p1a: Gastrodon|Spikes|p2a: Corviknight\n|-sidestart|p2: Welcometoearth420|Spikes\n|\n|upkeep\n|turn|8\n|\n|t:|1700256487\n|move|p2a: Corviknight|Brave Bird|p1a: Gastrodon\n|-damage|p1a: Gastrodon|20\/100\n|-damage|p2a: Corviknight|85\/100|[from] Recoil\n|move|p1a: Gastrodon|Ice Beam|p2a: Corviknight\n|-damage|p2a: Corviknight|67\/100\n|\n|upkeep\n|turn|9\n|\n|t:|1700256493\n|move|p2a: Corviknight|Body Press|p1a: Gastrodon\n|-damage|p1a: Gastrodon|0 fnt\n|faint|p1a: Gastrodon\n|\n|upkeep\n|\n|t:|1700256497\n|switch|p1a: Cinderace|Cinderace, M|100\/100\n|turn|10\n|\n|t:|1700256500\n|switch|p2a: Alomomola|Alomomola, M|100\/100\n|move|p1a: Cinderace|Will-O-Wisp|p2a: Alomomola\n|-status|p2a: Alomomola|brn\n|\n|-damage|p2a: Alomomola|94\/100 brn|[from] brn\n|upkeep\n|turn|11\n|\n|t:|1700256507\n|switch|p1a: Amoonguss|Amoonguss, M|100\/100\n|move|p2a: Alomomola|Scald|p1a: Amoonguss\n|-resisted|p1a: Amoonguss\n|-damage|p1a: Amoonguss|94\/100\n|\n|-heal|p1a: Amoonguss|100\/100|[from] item: Leftovers\n|-damage|p2a: Alomomola|88\/100 brn|[from] brn\n|upkeep\n|turn|12\n|\n|t:|1700256515\n|move|p2a: Alomomola|Flip Turn|p1a: Amoonguss\n|-resisted|p1a: Amoonguss\n|-damage|p1a: Amoonguss|97\/100\n|\n|t:|1700256517\n|switch|p2a: Tornadus|Tornadus-Therian, M|100\/100|[from] Flip Turn\n|move|p1a: Amoonguss|Spore|p2a: Tornadus\n|-status|p2a: Tornadus|slp|[from] move: Spore\n|\n|-heal|p1a: Amoonguss|100\/100|[from] item: Leftovers\n|upkeep\n|turn|13\n|\n|t:|1700256526\n|switch|p2a: Corviknight|Corviknight, F|67\/100\n|switch|p1a: Cinderace|Cinderace, M|100\/100\n|\n|upkeep\n|turn|14\n|\n|t:|1700256529\n|switch|p2a: Alomomola|Alomomola, M|100\/100 brn\n|move|p1a: Cinderace|Pyro Ball|p2a: Alomomola\n|-resisted|p2a: Alomomola\n|-damage|p2a: Alomomola|85\/100 brn\n|\n|-damage|p2a: Alomomola|79\/100 brn|[from] brn\n|upkeep\n|turn|15\n|\n|t:|1700256534\n|switch|p1a: Amoonguss|Amoonguss, M|100\/100\n|move|p2a: Alomomola|Flip Turn|p1a: Amoonguss\n|-resisted|p1a: Amoonguss\n|-damage|p1a: Amoonguss|98\/100\n|\n|t:|1700256538\n|switch|p2a: Dragapult|Dragapult, F|57\/100 psn|[from] Flip Turn\n|-damage|p2a: Dragapult|40\/100 psn|[from] Spikes\n|\n|-heal|p1a: Amoonguss|100\/100|[from] item: Leftovers\n|-damage|p2a: Dragapult|28\/100 psn|[from] psn\n|upkeep\n|turn|16\n|\n|t:|1700256542\n|move|p2a: Dragapult|Flamethrower|p1a: Amoonguss\n|-supereffective|p1a: Amoonguss\n|-damage|p1a: Amoonguss|29\/100\n|-status|p1a: Amoonguss|brn\n|move|p1a: Amoonguss|Sludge Bomb|p2a: Dragapult\n|-resisted|p2a: Dragapult\n|-damage|p2a: Dragapult|9\/100 psn\n|\n|-heal|p1a: Amoonguss|35\/100 brn|[from] item: Leftovers\n|-damage|p2a: Dragapult|0 fnt|[from] psn\n|faint|p2a: Dragapult\n|-damage|p1a: Amoonguss|29\/100 brn|[from] brn\n|upkeep\n|\n|t:|1700256550\n|switch|p2a: Corviknight|Corviknight, F|67\/100\n|turn|17\n|\n|t:|1700256555\n|switch|p1a: Slowbro|Slowbro, M|100\/100\n|move|p2a: Corviknight|Defog|p1a: Slowbro\n|-unboost|p1a: Slowbro|evasion|1\n|-sideend|p2: Welcometoearth420|Spikes|[from] move: Defog|[of] p2a: Corviknight\n|\n|upkeep\n|turn|18\n|\n|t:|1700256560\n|switch|p2a: Slowking|Slowking-Galar, F|100\/100\n|move|p1a: Slowbro|Future Sight|p2a: Slowking\n|-start|p1a: Slowbro|move: Future Sight\n|\n|upkeep\n|turn|19\n|\n|t:|1700256564\n|switch|p1a: Blissey|Blissey, F|89\/100\n|move|p2a: Slowking|Thunder Wave|p1a: Blissey\n|-status|p1a: Blissey|par\n|\n|upkeep\n|turn|20\n|\n|t:|1700256568\n|cant|p1a: Blissey|par\n|move|p2a: Slowking|Future Sight|p1a: Blissey\n|-start|p2a: Slowking|move: Future Sight\n|\n|-end|p2a: Slowking|move: Future Sight\n|-damage|p2a: Slowking|75\/100\n|upkeep\n|turn|21\n|\n|t:|1700256572\n|move|p1a: Blissey|Stealth Rock|p2a: Slowking\n|-sidestart|p2: Welcometoearth420|move: Stealth Rock\n|move|p2a: Slowking|Chilly Reception|p2a: Slowking\n|-weather|Snow\n|\n|t:|1700256574\n|switch|p2a: Iron Valiant|Iron Valiant|100\/100|[from] Chilly Reception\n|-damage|p2a: Iron Valiant|94\/100|[from] Stealth Rock\n|-enditem|p2a: Iron Valiant|Booster Energy\n|-activate|p2a: Iron Valiant|ability: Quark Drive|[fromitem]\n|-start|p2a: Iron Valiant|quarkdrivespe\n|\n|-weather|Snow|[upkeep]\n|upkeep\n|turn|22\n|\n|t:|1700256581\n|-curestatus|p1a: Blissey|par|[from] ability: Natural Cure\n|switch|p1a: Slowbro|Slowbro, M|100\/100\n|move|p2a: Iron Valiant|Swords Dance|p2a: Iron Valiant\n|-boost|p2a: Iron Valiant|atk|2\n|\n|-weather|Snow|[upkeep]\n|-end|p1a: Slowbro|move: Future Sight\n|-resisted|p1a: Slowbro\n|-damage|p1a: Slowbro|77\/100\n|upkeep\n|turn|23\n|\n|t:|1700256586\n|move|p2a: Iron Valiant|Knock Off|p1a: Slowbro\n|-supereffective|p1a: Slowbro\n|-damage|p1a: Slowbro|5\/100\n|-enditem|p1a: Slowbro|Covert Cloak|[from] move: Knock Off|[of] p2a: Iron Valiant\n|move|p1a: Slowbro|Future Sight|p2a: Iron Valiant\n|-start|p1a: Slowbro|move: Future Sight\n|\n|-weather|Snow|[upkeep]\n|upkeep\n|turn|24\n|\n|t:|1700256593\n|switch|p1a: Amoonguss|Amoonguss, M|62\/100 brn\n|move|p2a: Iron Valiant|Spirit Break|p1a: Amoonguss\n|-resisted|p1a: Amoonguss\n|-damage|p1a: Amoonguss|32\/100 brn\n|-unboost|p1a: Amoonguss|spa|1\n|\n|-weather|Snow|[upkeep]\n|-heal|p1a: Amoonguss|38\/100 brn|[from] item: Leftovers\n|-damage|p1a: Amoonguss|32\/100 brn|[from] brn\n|upkeep\n|turn|25\n|\n|t:|1700256599\n|switch|p1a: Slowbro|Slowbro, M|38\/100\n|-terastallize|p2a: Iron Valiant|Dark\n|move|p2a: Iron Valiant|Knock Off|p1a: Slowbro\n|-supereffective|p1a: Slowbro\n|-damage|p1a: Slowbro|0 fnt\n|faint|p1a: Slowbro\n|\n|-weather|none\n|-end|p2a: Iron Valiant|move: Future Sight\n|-immune|p2a: Iron Valiant\n|upkeep\n|\n|t:|1700256613\n|switch|p1a: Dragonite|Dragonite, F, shiny|100\/100\n|turn|26\n|\n|t:|1700256618\n|-terastallize|p1a: Dragonite|Normal\n|move|p2a: Iron Valiant|Knock Off|p1a: Dragonite\n|-damage|p1a: Dragonite|43\/100\n|-enditem|p1a: Dragonite|Heavy-Duty Boots|[from] move: Knock Off|[of] p2a: Iron Valiant\n|move|p1a: Dragonite|Dragon Dance|p1a: Dragonite\n|-boost|p1a: Dragonite|atk|1\n|-boost|p1a: Dragonite|spe|1\n|\n|upkeep\n|turn|27\n|\n|t:|1700256622\n|move|p1a: Dragonite|Extreme Speed|p2a: Iron Valiant\n|-damage|p2a: Iron Valiant|11\/100\n|move|p2a: Iron Valiant|Spirit Break|p1a: Dragonite\n|-damage|p1a: Dragonite|0 fnt\n|faint|p1a: Dragonite\n|\n|upkeep\n|\n|t:|1700256627\n|switch|p1a: Amoonguss|Amoonguss, M|66\/100 brn\n|turn|28\n|\n|t:|1700256629\n|move|p2a: Iron Valiant|Knock Off|p1a: Amoonguss\n|-damage|p1a: Amoonguss|0 fnt\n|-enditem|p1a: Amoonguss|Leftovers|[from] move: Knock Off|[of] p2a: Iron Valiant\n|faint|p1a: Amoonguss\n|\n|upkeep\n|-message|Blastoise Expert forfeited.\n|\n|win|Welcometoearth420\n|raw|Blastoise Expert's rating: 1533 &rarr; <strong>1512<\/strong><br \/>(-21 for losing)\n|raw|Welcometoearth420's rating: 1512 &rarr; <strong>1533<\/strong><br \/>(+21 for winning)\n|l|\u2606Blastoise Expert\n|l|\u2606Welcometoearth420\n|j|\u2606Welcometoearth420\n|player|p2|Welcometoearth420|169\n","uploadtime":1700256638,"views":12,"p1id":"blastoiseexpert","p2id":"welcometoearth420","formatid":"gen9ou","rating":1512,"private":0,"password":""}