{"id":"gen9ou-1997276977","p1":"Vixen 4 Life","p2":"snurke","format":"[Gen 9] OU","log":"|j|\u2606Vixen 4 Life\n|j|\u2606snurke\n|t:|1700783625\n|gametype|singles\n|player|p1|Vixen 4 Life|penny|1471\n|player|p2|snurke|sisandbro|1577\n|teamsize|p1|6\n|teamsize|p2|6\n|gen|9\n|tier|[Gen 9] OU\n|rated|\n|rule|Sleep Clause Mod: Limit one foe put to sleep\n|rule|Species Clause: Limit one of each Pok\u00e9mon\n|rule|OHKO Clause: OHKO moves are banned\n|rule|Evasion Items Clause: Evasion items are banned\n|rule|Evasion Moves Clause: Evasion moves are banned\n|rule|Endless Battle Clause: Forcing endless battles is banned\n|rule|HP Percentage Mod: HP is shown in percentages\n|clearpoke\n|poke|p1|Toxapex, M|\n|poke|p1|Clodsire, M|\n|poke|p1|Corviknight, M|\n|poke|p1|Skeledirge, M|\n|poke|p1|Slowbro-Galar, F|\n|poke|p1|Ting-Lu|\n|poke|p2|Iron Valiant|\n|poke|p2|Great Tusk|\n|poke|p2|Jirachi|\n|poke|p2|Ninetales-Alola, F|\n|poke|p2|Manaphy|\n|poke|p2|Zapdos|\n|teampreview\n|\n|t:|1700783664\n|start\n|switch|p1a: El Cantante|Skeledirge, M, shiny|100\/100\n|switch|p2a: Ninetales|Ninetales-Alola, F, shiny|100\/100\n|-weather|Snow|[from] ability: Snow Warning|[of] p2a: Ninetales\n|turn|1\n|\n|t:|1700783668\n|move|p2a: Ninetales|Aurora Veil|p2a: Ninetales\n|-sidestart|p2: snurke|move: Aurora Veil\n|move|p1a: El Cantante|Torch Song|p2a: Ninetales\n|-supereffective|p2a: Ninetales\n|-damage|p2a: Ninetales|67\/100\n|-boost|p1a: El Cantante|spa|1\n|\n|-weather|Snow|[upkeep]\n|upkeep\n|turn|2\n|inactive|Battle timer is ON: inactive players will automatically lose when time's up. (requested by Vixen 4 Life)\n|\n|t:|1700783721\n|switch|p2a: Manaphy|Manaphy, shiny|100\/100\n|move|p1a: El Cantante|Torch Song|p2a: Manaphy\n|-resisted|p2a: Manaphy\n|-damage|p2a: Manaphy|89\/100\n|-boost|p1a: El Cantante|spa|1\n|\n|-weather|Snow|[upkeep]\n|-heal|p2a: Manaphy|95\/100|[from] item: Leftovers\n|upkeep\n|turn|3\n|\n|t:|1700783733\n|move|p2a: Manaphy|Scald|p1a: El Cantante\n|-supereffective|p1a: El Cantante\n|-crit|p1a: El Cantante\n|-damage|p1a: El Cantante|12\/100\n|move|p1a: El Cantante|Earth Power|p2a: Manaphy\n|-damage|p2a: Manaphy|74\/100\n|\n|-weather|Snow|[upkeep]\n|-heal|p2a: Manaphy|80\/100|[from] item: Leftovers\n|-heal|p1a: El Cantante|18\/100|[from] item: Leftovers\n|upkeep\n|turn|4\n|\n|t:|1700783755\n|switch|p1a: Da Dirtiest Baby|Clodsire, M, shiny|100\/100\n|move|p2a: Manaphy|Take Heart|p2a: Manaphy\n|-boost|p2a: Manaphy|spa|1\n|-boost|p2a: Manaphy|spd|1\n|\n|-weather|Snow|[upkeep]\n|-heal|p2a: Manaphy|86\/100|[from] item: Leftovers\n|upkeep\n|turn|5\n|\n|t:|1700783766\n|move|p2a: Manaphy|Acid Armor|p2a: Manaphy\n|-boost|p2a: Manaphy|def|2\n|move|p1a: Da Dirtiest Baby|Earthquake|p2a: Manaphy\n|-damage|p2a: Manaphy|79\/100\n|\n|-weather|none\n|-heal|p2a: Manaphy|85\/100|[from] item: Leftovers\n|upkeep\n|turn|6\n|\n|t:|1700783772\n|-terastallize|p1a: Da Dirtiest Baby|Dark\n|move|p2a: Manaphy|Take Heart|p2a: Manaphy\n|-boost|p2a: Manaphy|spa|1\n|-boost|p2a: Manaphy|spd|1\n|move|p1a: Da Dirtiest Baby|Poison Jab|p2a: Manaphy\n|-damage|p2a: Manaphy|80\/100\n|-status|p2a: Manaphy|psn\n|\n|-heal|p2a: Manaphy|86\/100 psn|[from] item: Leftovers\n|-damage|p2a: Manaphy|74\/100 psn|[from] psn\n|upkeep\n|turn|7\n|\n|t:|1700783781\n|move|p2a: Manaphy|Take Heart|p2a: Manaphy\n|-boost|p2a: Manaphy|spa|1\n|-boost|p2a: Manaphy|spd|1\n|-curestatus|p2a: Manaphy|psn|[msg]\n|move|p1a: Da Dirtiest Baby|Earthquake|p2a: Manaphy\n|-crit|p2a: Manaphy\n|-damage|p2a: Manaphy|35\/100\n|\n|-heal|p2a: Manaphy|41\/100|[from] item: Leftovers\n|upkeep\n|turn|8\n|\n|t:|1700783789\n|move|p2a: Manaphy|Scald|p1a: Da Dirtiest Baby\n|-immune|p1a: Da Dirtiest Baby|[from] ability: Water Absorb\n|move|p1a: Da Dirtiest Baby|Earthquake|p2a: Manaphy\n|-damage|p2a: Manaphy|34\/100\n|\n|-heal|p2a: Manaphy|40\/100|[from] item: Leftovers\n|-sideend|p2: snurke|move: Aurora Veil\n|upkeep\n|turn|9\n|c|\u2606snurke|what is thids\n|c|\u2606snurke|thids\n|c|\u2606snurke|thid\n|c|\u2606snurke|this\n|c|\u2606Vixen 4 Life|What?\n|inactive|snurke has 120 seconds left.\n|c|\u2606snurke|what the fuck is this set\n|c|\u2606snurke|is this the anti manaphy?\n|c|\u2606Vixen 4 Life|No\n|c|\u2606Vixen 4 Life|Just fake stall\n|inactive|snurke has 90 seconds left.\n|\n|t:|1700783853\n|switch|p2a: Ninetales|Ninetales-Alola, F, shiny|67\/100\n|-weather|Snow|[from] ability: Snow Warning|[of] p2a: Ninetales\n|move|p1a: Da Dirtiest Baby|Poison Jab|p2a: Ninetales\n|-supereffective|p2a: Ninetales\n|-damage|p2a: Ninetales|17\/100\n|\n|-weather|Snow|[upkeep]\n|upkeep\n|turn|10\n|\n|t:|1700783863\n|switch|p1a: Slowbro|Slowbro-Galar, F|100\/100\n|move|p2a: Ninetales|Aurora Veil|p2a: Ninetales\n|-sidestart|p2: snurke|move: Aurora Veil\n|\n|-weather|Snow|[upkeep]\n|upkeep\n|turn|11\n|c|\u2606snurke|so is this guy gonna quick draw sweep me then?\n|inactive|snurke has 90 seconds left.\n|\n|t:|1700783884\n|switch|p2a: Jirachi|Jirachi, shiny|100\/100\n|move|p1a: Slowbro|Belly Drum|p1a: Slowbro\n|-damage|p1a: Slowbro|51\/100\n|-setboost|p1a: Slowbro|atk|6|[from] move: Belly Drum\n|\n|-weather|Snow|[upkeep]\n|upkeep\n|turn|12\n|inactive|snurke has 90 seconds left.\n|c|\u2606Vixen 4 Life|Maybe\n|\n|t:|1700783901\n|move|p2a: Jirachi|Doom Desire|p1a: Slowbro\n|-start|p2a: Jirachi|Doom Desire\n|move|p1a: Slowbro|Drain Punch|p2a: Jirachi\n|-damage|p2a: Jirachi|59\/100\n|-heal|p1a: Slowbro|72\/100|[from] drain|[of] p2a: Jirachi\n|\n|-weather|Snow|[upkeep]\n|-heal|p2a: Jirachi|65\/100|[from] item: Leftovers\n|upkeep\n|turn|13\n|inactive|snurke has 90 seconds left.\n|inactive|snurke has 60 seconds left.\n|\n|t:|1700783966\n|switch|p2a: Iron Valiant|Iron Valiant|100\/100\n|-enditem|p2a: Iron Valiant|Booster Energy\n|-activate|p2a: Iron Valiant|ability: Quark Drive|[fromitem]\n|-start|p2a: Iron Valiant|quarkdrivespe\n|move|p1a: Slowbro|Substitute|p1a: Slowbro\n|-start|p1a: Slowbro|Substitute\n|-damage|p1a: Slowbro|47\/100\n|\n|-weather|none\n|upkeep\n|turn|14\n|inactive|snurke has 30 seconds left.\n|-activate|p1a: Slowbro|item: Quick Claw\n|\n|t:|1700783986\n|move|p1a: Slowbro|Waterfall|p2a: Iron Valiant\n|-damage|p2a: Iron Valiant|33\/100\n|cant|p2a: Iron Valiant|flinch\n|\n|-end|p1a: Slowbro|move: Doom Desire\n|-end|p1a: Slowbro|Substitute\n|upkeep\n|turn|15\n|inactive|snurke has 30 seconds left.\n|-activate|p1a: Slowbro|item: Quick Claw\n|\n|t:|1700783999\n|move|p1a: Slowbro|Waterfall|p2a: Iron Valiant\n|-damage|p2a: Iron Valiant|0 fnt\n|faint|p2a: Iron Valiant\n|-end|p2a: Iron Valiant|Quark Drive|[silent]\n|\n|upkeep\n|inactive|snurke has 30 seconds left this turn.\n|inactive|snurke has 20 seconds left.\n|inactive|snurke has 15 seconds left.\n|\n|t:|1700784016\n|switch|p2a: Great Tusk|Great Tusk|100\/100\n|turn|16\n|inactive|snurke has 25 seconds left this turn.\n|inactive|snurke has 20 seconds left.\n|inactive|snurke has 15 seconds left.\n|\n|t:|1700784031\n|move|p2a: Great Tusk|Earthquake|p1a: Slowbro\n|-supereffective|p1a: Slowbro\n|-damage|p1a: Slowbro|0 fnt\n|faint|p1a: Slowbro\n|\n|upkeep\n|inactive|snurke has 20 seconds left this turn.\n|\n|t:|1700784034\n|switch|p1a: Sir Typhoon|Corviknight, M, shiny|100\/100\n|turn|17\n|inactive|snurke has 30 seconds left this turn.\n|\n|t:|1700784041\n|switch|p1a: Ting-Lu Reaction|Ting-Lu|100\/100\n|-ability|p1a: Ting-Lu Reaction|Vessel of Ruin\n|move|p2a: Great Tusk|Knock Off|p1a: Ting-Lu Reaction\n|-resisted|p1a: Ting-Lu Reaction\n|-damage|p1a: Ting-Lu Reaction|93\/100\n|-enditem|p1a: Ting-Lu Reaction|Choice Band|[from] move: Knock Off|[of] p2a: Great Tusk\n|\n|-sideend|p2: snurke|move: Aurora Veil\n|upkeep\n|turn|18\n|inactive|snurke has 30 seconds left.\n|\n|t:|1700784056\n|move|p2a: Great Tusk|Stealth Rock|p1a: Ting-Lu Reaction\n|-sidestart|p1: Vixen 4 Life|move: Stealth Rock\n|move|p1a: Ting-Lu Reaction|Earthquake|p2a: Great Tusk\n|-damage|p2a: Great Tusk|80\/100\n|\n|-heal|p2a: Great Tusk|86\/100|[from] item: Leftovers\n|upkeep\n|turn|19\n|inactive|snurke has 30 seconds left.\n|\n|t:|1700784069\n|move|p2a: Great Tusk|Earthquake|p1a: Ting-Lu Reaction\n|-damage|p1a: Ting-Lu Reaction|70\/100\n|move|p1a: Ting-Lu Reaction|Earthquake|p2a: Great Tusk\n|-damage|p2a: Great Tusk|64\/100\n|\n|-heal|p2a: Great Tusk|71\/100|[from] item: Leftovers\n|upkeep\n|turn|20\n|inactive|snurke has 30 seconds left.\n|\n|t:|1700784080\n|move|p2a: Great Tusk|Earthquake|p1a: Ting-Lu Reaction\n|-crit|p1a: Ting-Lu Reaction\n|-damage|p1a: Ting-Lu Reaction|32\/100\n|move|p1a: Ting-Lu Reaction|Zen Headbutt|p2a: Great Tusk\n|-supereffective|p2a: Great Tusk\n|-damage|p2a: Great Tusk|48\/100\n|\n|-heal|p2a: Great Tusk|55\/100|[from] item: Leftovers\n|upkeep\n|turn|21\n|inactive|snurke has 30 seconds left.\n|\n|t:|1700784086\n|move|p2a: Great Tusk|Earthquake|p1a: Ting-Lu Reaction\n|-damage|p1a: Ting-Lu Reaction|7\/100\n|move|p1a: Ting-Lu Reaction|Earthquake|p2a: Great Tusk\n|-damage|p2a: Great Tusk|35\/100\n|\n|-heal|p2a: Great Tusk|41\/100|[from] item: Leftovers\n|upkeep\n|turn|22\n|\n|t:|1700784094\n|move|p2a: Great Tusk|Earthquake|p1a: Ting-Lu Reaction\n|-damage|p1a: Ting-Lu Reaction|0 fnt\n|faint|p1a: Ting-Lu Reaction\n|\n|-heal|p2a: Great Tusk|47\/100|[from] item: Leftovers\n|upkeep\n|\n|t:|1700784095\n|switch|p1a: Sir Typhoon|Corviknight, M, shiny|100\/100\n|-damage|p1a: Sir Typhoon|88\/100|[from] Stealth Rock\n|turn|23\n|\n|t:|1700784098\n|move|p2a: Great Tusk|Knock Off|p1a: Sir Typhoon\n|-damage|p1a: Sir Typhoon|64\/100\n|-enditem|p1a: Sir Typhoon|Leftovers|[from] move: Knock Off|[of] p2a: Great Tusk\n|move|p1a: Sir Typhoon|Bulk Up|p1a: Sir Typhoon\n|-boost|p1a: Sir Typhoon|atk|1\n|-boost|p1a: Sir Typhoon|def|1\n|\n|-heal|p2a: Great Tusk|53\/100|[from] item: Leftovers\n|upkeep\n|turn|24\n|\n|t:|1700784105\n|-end|p2a: Great Tusk|Protosynthesis|[silent]\n|switch|p2a: Ninetales|Ninetales-Alola, F, shiny|17\/100\n|-weather|Snow|[from] ability: Snow Warning|[of] p2a: Ninetales\n|move|p1a: Sir Typhoon|Roost|p1a: Sir Typhoon\n|-heal|p1a: Sir Typhoon|100\/100\n|-singleturn|p1a: Sir Typhoon|move: Roost\n|\n|-weather|Snow|[upkeep]\n|upkeep\n|turn|25\n|\n|t:|1700784109\n|switch|p1a: Pex-A-Plex|Toxapex, M, shiny|100\/100\n|-damage|p1a: Pex-A-Plex|88\/100|[from] Stealth Rock\n|move|p2a: Ninetales|Encore||[still]\n|-fail|p2a: Ninetales\n|\n|-weather|Snow|[upkeep]\n|upkeep\n|turn|26\n|\n|t:|1700784117\n|move|p2a: Ninetales|Aurora Veil|p2a: Ninetales\n|-sidestart|p2: snurke|move: Aurora Veil\n|move|p1a: Pex-A-Plex|Liquidation|p2a: Ninetales\n|-damage|p2a: Ninetales|0 fnt\n|faint|p2a: Ninetales\n|\n|-weather|Snow|[upkeep]\n|upkeep\n|\n|t:|1700784124\n|switch|p2a: Zapdos|Zapdos, shiny|100\/100\n|turn|27\n|\n|t:|1700784131\n|switch|p1a: El Cantante|Skeledirge, M, shiny|18\/100\n|-damage|p1a: El Cantante|0 fnt|[from] Stealth Rock\n|faint|p1a: El Cantante\n|-terastallize|p2a: Zapdos|Electric\n|move|p2a: Zapdos|Thunderbolt|p1: El Cantante|[notarget]\n|-fail|p2a: Zapdos\n|\n|-weather|Snow|[upkeep]\n|upkeep\n|\n|t:|1700784139\n|switch|p1a: Da Dirtiest Baby|Clodsire, M, shiny, tera:Dark|100\/100\n|turn|28\n|\n|t:|1700784141\n|move|p2a: Zapdos|Volt Switch|p1a: Da Dirtiest Baby\n|-damage|p1a: Da Dirtiest Baby|66\/100\n|\n|t:|1700784146\n|switch|p2a: Jirachi|Jirachi, shiny|65\/100|[from] Volt Switch\n|move|p1a: Da Dirtiest Baby|Earthquake|p2a: Jirachi\n|-supereffective|p2a: Jirachi\n|-damage|p2a: Jirachi|30\/100\n|\n|-weather|none\n|-heal|p2a: Jirachi|36\/100|[from] item: Leftovers\n|upkeep\n|turn|29\n|\n|t:|1700784153\n|move|p2a: Jirachi|Doom Desire|p1a: Da Dirtiest Baby\n|-start|p2a: Jirachi|Doom Desire\n|move|p1a: Da Dirtiest Baby|Earthquake|p2a: Jirachi\n|-supereffective|p2a: Jirachi\n|-crit|p2a: Jirachi\n|-damage|p2a: Jirachi|0 fnt\n|faint|p2a: Jirachi\n|\n|upkeep\n|\n|t:|1700784165\n|switch|p2a: Great Tusk|Great Tusk|53\/100\n|turn|30\n|\n|t:|1700784170\n|move|p2a: Great Tusk|Knock Off|p1a: Da Dirtiest Baby\n|-resisted|p1a: Da Dirtiest Baby\n|-damage|p1a: Da Dirtiest Baby|49\/100\n|-enditem|p1a: Da Dirtiest Baby|Heavy-Duty Boots|[from] move: Knock Off|[of] p2a: Great Tusk\n|move|p1a: Da Dirtiest Baby|Recover|p1a: Da Dirtiest Baby\n|-heal|p1a: Da Dirtiest Baby|99\/100\n|\n|-heal|p2a: Great Tusk|59\/100|[from] item: Leftovers\n|upkeep\n|turn|31\n|inactive|snurke has 120 seconds left.\n|\n|t:|1700784179\n|switch|p1a: Sir Typhoon|Corviknight, M, shiny|100\/100\n|-damage|p1a: Sir Typhoon|88\/100|[from] Stealth Rock\n|move|p2a: Great Tusk|Earthquake|p1a: Sir Typhoon\n|-immune|p1a: Sir Typhoon\n|\n|-end|p1a: Sir Typhoon|move: Doom Desire\n|-resisted|p1a: Sir Typhoon\n|-damage|p1a: Sir Typhoon|68\/100\n|-heal|p2a: Great Tusk|66\/100|[from] item: Leftovers\n|upkeep\n|turn|32\n|\n|t:|1700784189\n|-end|p2a: Great Tusk|Protosynthesis|[silent]\n|switch|p2a: Zapdos|Zapdos, shiny, tera:Electric|100\/100\n|switch|p1a: Pex-A-Plex|Toxapex, M, shiny|100\/100\n|-damage|p1a: Pex-A-Plex|88\/100|[from] Stealth Rock\n|\n|upkeep\n|turn|33\n|\n|t:|1700784193\n|move|p2a: Zapdos|Volt Switch|p1a: Pex-A-Plex\n|-supereffective|p1a: Pex-A-Plex\n|-damage|p1a: Pex-A-Plex|2\/100\n|\n|t:|1700784196\n|switch|p2a: Manaphy|Manaphy, shiny|40\/100|[from] Volt Switch\n|move|p1a: Pex-A-Plex|Poison Jab|p2a: Manaphy\n|-damage|p2a: Manaphy|27\/100\n|\n|-heal|p2a: Manaphy|33\/100|[from] item: Leftovers\n|-sideend|p2: snurke|move: Aurora Veil\n|upkeep\n|turn|34\n|\n|t:|1700784202\n|switch|p2a: Zapdos|Zapdos, shiny, tera:Electric|100\/100\n|move|p1a: Pex-A-Plex|Poison Jab|p2a: Zapdos\n|-damage|p2a: Zapdos|52\/100\n|-status|p2a: Zapdos|psn\n|\n|-damage|p2a: Zapdos|39\/100 psn|[from] psn\n|upkeep\n|turn|35\n|\n|t:|1700784205\n|move|p2a: Zapdos|Volt Switch|p1a: Pex-A-Plex\n|-supereffective|p1a: Pex-A-Plex\n|-damage|p1a: Pex-A-Plex|0 fnt\n|faint|p1a: Pex-A-Plex\n|\n|t:|1700784208\n|switch|p2a: Great Tusk|Great Tusk|66\/100|[from] Volt Switch\n|\n|-heal|p2a: Great Tusk|72\/100|[from] item: Leftovers\n|upkeep\n|\n|t:|1700784210\n|switch|p1a: Sir Typhoon|Corviknight, M, shiny|68\/100\n|-damage|p1a: Sir Typhoon|56\/100|[from] Stealth Rock\n|turn|36\n|\n|t:|1700784215\n|-end|p2a: Great Tusk|Protosynthesis|[silent]\n|switch|p2a: Zapdos|Zapdos, shiny, tera:Electric|39\/100 psn\n|move|p1a: Sir Typhoon|Roost|p1a: Sir Typhoon\n|-heal|p1a: Sir Typhoon|100\/100\n|-singleturn|p1a: Sir Typhoon|move: Roost\n|\n|-damage|p2a: Zapdos|27\/100 psn|[from] psn\n|upkeep\n|turn|37\n|\n|t:|1700784220\n|move|p2a: Zapdos|Roost|p2a: Zapdos\n|-heal|p2a: Zapdos|77\/100 psn\n|move|p1a: Sir Typhoon|Dual Wingbeat|p2a: Zapdos\n|-resisted|p2a: Zapdos\n|-damage|p2a: Zapdos|69\/100 psn\n|-status|p1a: Sir Typhoon|par|[from] ability: Static|[of] p2a: Zapdos\n|-resisted|p2a: Zapdos\n|-damage|p2a: Zapdos|61\/100 psn\n|-hitcount|p2a: Zapdos|2\n|\n|-damage|p2a: Zapdos|49\/100 psn|[from] psn\n|upkeep\n|turn|38\n|\n|t:|1700784228\n|move|p2a: Zapdos|Volt Switch|p1a: Sir Typhoon\n|-supereffective|p1a: Sir Typhoon\n|-damage|p1a: Sir Typhoon|22\/100 par\n|\n|t:|1700784231\n|switch|p2a: Manaphy|Manaphy, shiny|33\/100|[from] Volt Switch\n|move|p1a: Sir Typhoon|Roost|p1a: Sir Typhoon\n|-heal|p1a: Sir Typhoon|72\/100 par\n|-singleturn|p1a: Sir Typhoon|move: Roost\n|\n|-heal|p2a: Manaphy|39\/100|[from] item: Leftovers\n|upkeep\n|turn|39\n|\n|t:|1700784236\n|move|p2a: Manaphy|Scald|p1a: Sir Typhoon\n|-damage|p1a: Sir Typhoon|52\/100 par\n|move|p1a: Sir Typhoon|Bulk Up|p1a: Sir Typhoon\n|-boost|p1a: Sir Typhoon|atk|1\n|-boost|p1a: Sir Typhoon|def|1\n|\n|-heal|p2a: Manaphy|46\/100|[from] item: Leftovers\n|upkeep\n|turn|40\n|\n|t:|1700784243\n|move|p2a: Manaphy|Scald|p1a: Sir Typhoon\n|-damage|p1a: Sir Typhoon|30\/100 par\n|move|p1a: Sir Typhoon|Roost|p1a: Sir Typhoon\n|-heal|p1a: Sir Typhoon|80\/100 par\n|-singleturn|p1a: Sir Typhoon|move: Roost\n|\n|-heal|p2a: Manaphy|52\/100|[from] item: Leftovers\n|upkeep\n|turn|41\n|\n|t:|1700784249\n|move|p2a: Manaphy|Scald|p1a: Sir Typhoon\n|-damage|p1a: Sir Typhoon|57\/100 par\n|move|p1a: Sir Typhoon|Bulk Up|p1a: Sir Typhoon\n|-boost|p1a: Sir Typhoon|atk|1\n|-boost|p1a: Sir Typhoon|def|1\n|\n|-heal|p2a: Manaphy|58\/100|[from] item: Leftovers\n|upkeep\n|turn|42\n|\n|t:|1700784254\n|switch|p2a: Zapdos|Zapdos, shiny, tera:Electric|49\/100 psn\n|move|p1a: Sir Typhoon|Roost|p1a: Sir Typhoon\n|-heal|p1a: Sir Typhoon|100\/100 par\n|-singleturn|p1a: Sir Typhoon|move: Roost\n|\n|-damage|p2a: Zapdos|36\/100 psn|[from] psn\n|upkeep\n|turn|43\n|\n|t:|1700784256\n|move|p2a: Zapdos|Thunderbolt|p1a: Sir Typhoon\n|-supereffective|p1a: Sir Typhoon\n|-damage|p1a: Sir Typhoon|2\/100 par\n|cant|p1a: Sir Typhoon|par\n|\n|-damage|p2a: Zapdos|24\/100 psn|[from] psn\n|upkeep\n|turn|44\n|\n|t:|1700784261\n|move|p2a: Zapdos|Volt Switch|p1a: Sir Typhoon\n|-supereffective|p1a: Sir Typhoon\n|-damage|p1a: Sir Typhoon|0 fnt\n|faint|p1a: Sir Typhoon\n|\n|t:|1700784264\n|switch|p2a: Great Tusk|Great Tusk|72\/100|[from] Volt Switch\n|\n|-heal|p2a: Great Tusk|78\/100|[from] item: Leftovers\n|upkeep\n|\n|t:|1700784265\n|switch|p1a: Da Dirtiest Baby|Clodsire, M, shiny, tera:Dark|99\/100\n|-damage|p1a: Da Dirtiest Baby|87\/100|[from] Stealth Rock\n|turn|45\n|\n|t:|1700784268\n|move|p2a: Great Tusk|Earthquake|p1a: Da Dirtiest Baby\n|-damage|p1a: Da Dirtiest Baby|36\/100\n|move|p1a: Da Dirtiest Baby|Poison Jab|p2a: Great Tusk\n|-resisted|p2a: Great Tusk\n|-damage|p2a: Great Tusk|70\/100\n|-status|p2a: Great Tusk|psn\n|\n|-heal|p2a: Great Tusk|77\/100 psn|[from] item: Leftovers\n|-damage|p2a: Great Tusk|64\/100 psn|[from] psn\n|upkeep\n|turn|46\n|\n|t:|1700784272\n|move|p2a: Great Tusk|Earthquake|p1a: Da Dirtiest Baby\n|-damage|p1a: Da Dirtiest Baby|0 fnt\n|faint|p1a: Da Dirtiest Baby\n|\n|win|snurke\n|raw|Vixen 4 Life's rating: 1471 &rarr; <strong>1457<\/strong><br \/>(-14 for losing)\n|raw|snurke's rating: 1577 &rarr; <strong>1591<\/strong><br \/>(+14 for winning)\n|c|\u2606snurke|gg\n|c|\u2606Vixen 4 Life|Gg\n|c|\u2606snurke|nice team tbh\n|c|\u2606Vixen 4 Life|Ty\n|c|\u2606snurke|i was pissed at firs\n|c|\u2606snurke|but i like the fake stall\n|c|\u2606Vixen 4 Life|\"Oh god stall\"\n|c|\u2606snurke|like i saw your team and i thought thanksgiving is over\n|c|\u2606snurke|happy holidays\n|c|\u2606Vixen 4 Life|Yea, btw, corv's last move was power trip\n|c|\u2606snurke|ofc\n|c|\u2606snurke|i love that corv set\n|c|\u2606Vixen 4 Life|Heh\n|c|\u2606snurke|power trip is dank\n|c|\u2606Vixen 4 Life|No one expects it\n|c|\u2606Vixen 4 Life|Anyway, happy thanksgiving man\n","uploadtime":1700784366,"views":5,"p1id":"vixen4life","p2id":"snurke","formatid":"gen9ou","rating":1457,"private":0,"password":""}