{"id":"gen9ou-1988583173","p1":"ShadowSlayersX","p2":"saft tackos","format":"[Gen 9] OU","log":"|j|\u2606ShadowSlayersX\n|j|\u2606saft tackos\n|t:|1699738677\n|gametype|singles\n|player|p1|ShadowSlayersX|hilbert-wonderlauncher|1000\n|player|p2|saft tackos|1|1080\n|teamsize|p1|6\n|teamsize|p2|6\n|gen|9\n|tier|[Gen 9] OU\n|rated|\n|rule|Sleep Clause Mod: Limit one foe put to sleep\n|rule|Species Clause: Limit one of each Pok\u00e9mon\n|rule|OHKO Clause: OHKO moves are banned\n|rule|Evasion Items Clause: Evasion items are banned\n|rule|Evasion Moves Clause: Evasion moves are banned\n|rule|Endless Battle Clause: Forcing endless battles is banned\n|rule|HP Percentage Mod: HP is shown in percentages\n|clearpoke\n|poke|p1|Munkidori, M|\n|poke|p1|Ceruledge, M|\n|poke|p1|Golem-Alola, M|\n|poke|p1|Qwilfish-Hisui, F|\n|poke|p1|Chansey, F|\n|poke|p1|Scizor, M|\n|poke|p2|Ninetales-Alola, F|\n|poke|p2|Mamoswine, F|\n|poke|p2|Sneasler, M|\n|poke|p2|Infernape, M|\n|poke|p2|Gholdengo|\n|poke|p2|Ceruledge, M|\n|teampreview\n|\n|t:|1699738696\n|start\n|switch|p1a: Golem|Golem-Alola, M|100\/100\n|switch|p2a: Ceruledge|Ceruledge, M|100\/100\n|turn|1\n|\n|t:|1699738715\n|move|p2a: Ceruledge|Swords Dance|p2a: Ceruledge\n|-boost|p2a: Ceruledge|atk|2\n|move|p1a: Golem|Stealth Rock|p2a: Ceruledge\n|-sidestart|p2: saft tackos|move: Stealth Rock\n|\n|upkeep\n|turn|2\n|\n|t:|1699738722\n|move|p2a: Ceruledge|Swords Dance|p2a: Ceruledge\n|-boost|p2a: Ceruledge|atk|2\n|move|p1a: Golem|Earthquake|p2a: Ceruledge\n|-supereffective|p2a: Ceruledge\n|-damage|p2a: Ceruledge|7\/100\n|-ability|p2a: Ceruledge|Weak Armor|boost\n|-unboost|p2a: Ceruledge|def|1\n|-boost|p2a: Ceruledge|spe|2\n|\n|upkeep\n|turn|3\n|\n|t:|1699738750\n|move|p2a: Ceruledge|Close Combat|p1a: Golem\n|-supereffective|p1a: Golem\n|-ability|p1a: Golem|Sturdy\n|-damage|p1a: Golem|1\/100\n|-unboost|p2a: Ceruledge|def|1\n|-unboost|p2a: Ceruledge|spd|1\n|move|p1a: Golem|Earthquake|p2a: Ceruledge\n|-supereffective|p2a: Ceruledge\n|-damage|p2a: Ceruledge|0 fnt\n|faint|p2a: Ceruledge\n|\n|upkeep\n|\n|t:|1699738754\n|switch|p2a: Mamoswine|Mamoswine, F|100\/100\n|-damage|p2a: Mamoswine|88\/100|[from] Stealth Rock\n|turn|4\n|-enditem|p1a: Golem|Custap Berry|[eat]\n|-activate|p1a: Golem|item: Custap Berry|[consumed]\n|\n|t:|1699738766\n|move|p2a: Mamoswine|Ice Shard|p1a: Golem\n|-damage|p1a: Golem|0 fnt\n|faint|p1a: Golem\n|\n|upkeep\n|\n|t:|1699738779\n|switch|p1a: Scizor|Scizor, M|100\/100\n|turn|5\n|\n|t:|1699738791\n|-terastallize|p1a: Scizor|Steel\n|-terastallize|p2a: Mamoswine|Water\n|move|p1a: Scizor|Bullet Punch|p2a: Mamoswine\n|-resisted|p2a: Mamoswine\n|-damage|p2a: Mamoswine|56\/100\n|move|p2a: Mamoswine|Knock Off|p1a: Scizor\n|-damage|p1a: Scizor|59\/100\n|-enditem|p1a: Scizor|Choice Band|[from] move: Knock Off|[of] p2a: Mamoswine\n|\n|upkeep\n|turn|6\n|\n|t:|1699738807\n|move|p1a: Scizor|Trailblaze|p2a: Mamoswine\n|-supereffective|p2a: Mamoswine\n|-damage|p2a: Mamoswine|6\/100\n|-boost|p1a: Scizor|spe|1\n|move|p2a: Mamoswine|Tera Blast|p1a: Scizor|[anim] Tera Blast Water\n|-damage|p1a: Scizor|1\/100\n|\n|upkeep\n|turn|7\n|\n|t:|1699738815\n|move|p1a: Scizor|Bullet Punch|p2a: Mamoswine\n|-resisted|p2a: Mamoswine\n|-damage|p2a: Mamoswine|0 fnt\n|faint|p2a: Mamoswine\n|\n|upkeep\n|\n|t:|1699738825\n|switch|p2a: Gholdengo|Gholdengo|100\/100\n|-damage|p2a: Gholdengo|94\/100|[from] Stealth Rock\n|turn|8\n|\n|t:|1699738841\n|move|p2a: Gholdengo|Thunderbolt|p1a: Scizor\n|-damage|p1a: Scizor|0 fnt\n|faint|p1a: Scizor\n|\n|upkeep\n|\n|t:|1699738850\n|switch|p1a: Ceruledge|Ceruledge, M|100\/100\n|turn|9\n|\n|t:|1699738881\n|move|p2a: Gholdengo|Thunderbolt|p1a: Ceruledge\n|-damage|p1a: Ceruledge|66\/100\n|-status|p1a: Ceruledge|par\n|move|p1a: Ceruledge|Bitter Blade|p2a: Gholdengo\n|-supereffective|p2a: Gholdengo\n|-damage|p2a: Gholdengo|0 fnt\n|-heal|p1a: Ceruledge|100\/100 par|[from] drain|[of] p2a: Gholdengo\n|faint|p2a: Gholdengo\n|-damage|p1a: Ceruledge|91\/100 par|[from] item: Life Orb\n|\n|upkeep\n|\n|t:|1699738888\n|switch|p2a: Infernape|Infernape, M|100\/100\n|-damage|p2a: Infernape|88\/100|[from] Stealth Rock\n|turn|10\n|\n|t:|1699738898\n|move|p2a: Infernape|Nasty Plot|p2a: Infernape\n|-boost|p2a: Infernape|spa|2\n|move|p1a: Ceruledge|Close Combat|p2a: Infernape\n|-damage|p2a: Infernape|0 fnt\n|-unboost|p1a: Ceruledge|def|1\n|-unboost|p1a: Ceruledge|spd|1\n|faint|p2a: Infernape\n|-damage|p1a: Ceruledge|81\/100 par|[from] item: Life Orb\n|\n|upkeep\n|\n|t:|1699738902\n|switch|p2a: Sneasler|Sneasler, M|100\/100\n|-damage|p2a: Sneasler|95\/100|[from] Stealth Rock\n|turn|11\n|\n|t:|1699738916\n|switch|p1a: Qwilfish|Qwilfish-Hisui, F|100\/100\n|-ability|p1a: Qwilfish|Intimidate|boost\n|-unboost|p2a: Sneasler|atk|1\n|move|p2a: Sneasler|Dire Claw|p1a: Qwilfish\n|-resisted|p1a: Qwilfish\n|-damage|p1a: Qwilfish|89\/100\n|-damage|p2a: Sneasler|78\/100|[from] item: Rocky Helmet|[of] p1a: Qwilfish\n|\n|upkeep\n|turn|12\n|\n|t:|1699738932\n|move|p2a: Sneasler|Dire Claw|p1a: Qwilfish\n|-resisted|p1a: Qwilfish\n|-damage|p1a: Qwilfish|77\/100\n|-damage|p2a: Sneasler|61\/100|[from] item: Rocky Helmet|[of] p1a: Qwilfish\n|move|p1a: Qwilfish|Sludge Bomb|p2a: Sneasler\n|-resisted|p2a: Sneasler\n|-damage|p2a: Sneasler|48\/100\n|\n|upkeep\n|turn|13\n|\n|t:|1699738942\n|move|p2a: Sneasler|Dire Claw|p1a: Qwilfish\n|-resisted|p1a: Qwilfish\n|-damage|p1a: Qwilfish|65\/100\n|-status|p1a: Qwilfish|slp\n|-damage|p2a: Sneasler|31\/100|[from] item: Rocky Helmet|[of] p1a: Qwilfish\n|cant|p1a: Qwilfish|slp\n|\n|upkeep\n|turn|14\n|\n|t:|1699738951\n|switch|p2a: Ninetales|Ninetales-Alola, F|100\/100\n|-damage|p2a: Ninetales|76\/100|[from] Stealth Rock\n|-weather|Snow|[from] ability: Snow Warning|[of] p2a: Ninetales\n|cant|p1a: Qwilfish|slp\n|move|p1a: Qwilfish|Sleep Talk|p1a: Qwilfish\n|move|p1a: Qwilfish|Rest||[from]move: Sleep Talk|[still]\n|-fail|p1a: Qwilfish\n|\n|-weather|Snow|[upkeep]\n|upkeep\n|turn|15\n|\n|t:|1699738966\n|move|p2a: Ninetales|Moonblast|p1a: Qwilfish\n|-damage|p1a: Qwilfish|0 fnt\n|faint|p1a: Qwilfish\n|\n|-weather|Snow|[upkeep]\n|upkeep\n|\n|t:|1699738979\n|switch|p1a: Chansey|Chansey, F|100\/100\n|turn|16\n|\n|t:|1699738997\n|move|p2a: Ninetales|Moonblast|p1a: Chansey\n|-damage|p1a: Chansey|83\/100\n|move|p1a: Chansey|Thunder Wave|p2a: Ninetales\n|-status|p2a: Ninetales|par\n|\n|-weather|Snow|[upkeep]\n|upkeep\n|turn|17\n|\n|t:|1699739007\n|move|p2a: Ninetales|Moonblast|p1a: Chansey\n|-damage|p1a: Chansey|66\/100\n|move|p1a: Chansey|Seismic Toss|p2a: Ninetales\n|-damage|p2a: Ninetales|41\/100 par\n|\n|-weather|Snow|[upkeep]\n|upkeep\n|turn|18\n|\n|t:|1699739015\n|switch|p2a: Sneasler|Sneasler, M|31\/100\n|-damage|p2a: Sneasler|25\/100|[from] Stealth Rock\n|move|p1a: Chansey|Seismic Toss|p2a: Sneasler\n|-damage|p2a: Sneasler|0 fnt\n|faint|p2a: Sneasler\n|\n|-weather|none\n|upkeep\n|\n|t:|1699739019\n|switch|p2a: Ninetales|Ninetales-Alola, F|41\/100 par\n|-damage|p2a: Ninetales|16\/100 par|[from] Stealth Rock\n|-weather|Snow|[from] ability: Snow Warning|[of] p2a: Ninetales\n|turn|19\n|\n|t:|1699739029\n|move|p2a: Ninetales|Moonblast|p1a: Chansey\n|-damage|p1a: Chansey|48\/100\n|move|p1a: Chansey|Seismic Toss|p2a: Ninetales\n|-damage|p2a: Ninetales|0 fnt\n|faint|p2a: Ninetales\n|\n|win|ShadowSlayersX\n|raw|ShadowSlayersX's rating: 1000 &rarr; <strong>1049<\/strong><br \/>(+49 for winning)\n|raw|saft tackos's rating: 1080 &rarr; <strong>1053<\/strong><br \/>(-27 for losing)\n|l|\u2606saft tackos\n","uploadtime":1699739049,"views":27,"p1id":"shadowslayersx","p2id":"safttackos","formatid":"gen9ou","rating":1049,"private":0,"password":""}