{"id":"gen9ou-1994592287","p1":"Knight_Garland","p2":"CyberH3","format":"[Gen 9] OU","log":"|j|\u2606Knight_Garland\n|j|\u2606CyberH3\n|t:|1700465771\n|gametype|singles\n|player|p1|Knight_Garland|170|1412\n|player|p2|CyberH3|mars|1413\n|teamsize|p1|6\n|teamsize|p2|6\n|gen|9\n|tier|[Gen 9] OU\n|rated|\n|rule|Sleep Clause Mod: Limit one foe put to sleep\n|rule|Species Clause: Limit one of each Pok\u00e9mon\n|rule|OHKO Clause: OHKO moves are banned\n|rule|Evasion Items Clause: Evasion items are banned\n|rule|Evasion Moves Clause: Evasion moves are banned\n|rule|Endless Battle Clause: Forcing endless battles is banned\n|rule|HP Percentage Mod: HP is shown in percentages\n|clearpoke\n|poke|p1|Gholdengo|\n|poke|p1|Samurott-Hisui, M|\n|poke|p1|Glimmora, M|\n|poke|p1|Garganacl, F|\n|poke|p1|Great Tusk|\n|poke|p1|Dragonite, F|\n|poke|p2|Goodra-Hisui, M|\n|poke|p2|Scizor, F|\n|poke|p2|Mimikyu, F|\n|poke|p2|Iron Valiant|\n|poke|p2|Talonflame, F|\n|poke|p2|Lokix, M|\n|teampreview\n|\n|t:|1700465783\n|start\n|switch|p1a: Glimmora|Glimmora, M|100\/100\n|switch|p2a: Snailtare|Goodra-Hisui, M|100\/100\n|turn|1\n|inactive|Battle timer is ON: inactive players will automatically lose when time's up. (requested by Knight_Garland)\n|\n|t:|1700465789\n|switch|p1a: Great Tusk|Great Tusk|100\/100\n|-enditem|p1a: Great Tusk|Booster Energy\n|-activate|p1a: Great Tusk|ability: Protosynthesis|[fromitem]\n|-start|p1a: Great Tusk|protosynthesisatk\n|move|p2a: Snailtare|Hydro Pump|p1a: Great Tusk\n|-supereffective|p1a: Great Tusk\n|-damage|p1a: Great Tusk|0 fnt\n|faint|p1a: Great Tusk\n|-end|p1a: Great Tusk|Protosynthesis|[silent]\n|\n|upkeep\n|\n|t:|1700465800\n|switch|p1a: Dragonite|Dragonite, F|100\/100\n|turn|2\n|\n|t:|1700465802\n|move|p1a: Dragonite|Dragon Dance|p1a: Dragonite\n|-boost|p1a: Dragonite|atk|1\n|-boost|p1a: Dragonite|spe|1\n|move|p2a: Snailtare|Draco Meteor|p1a: Dragonite\n|-supereffective|p1a: Dragonite\n|-damage|p1a: Dragonite|31\/100\n|-unboost|p2a: Snailtare|spa|2\n|\n|-heal|p1a: Dragonite|38\/100|[from] item: Leftovers\n|upkeep\n|turn|3\n|\n|t:|1700465808\n|move|p2a: Snailtare|Protect|p2a: Snailtare\n|-singleturn|p2a: Snailtare|Protect\n|move|p1a: Dragonite|Earthquake|p2a: Snailtare\n|-activate|p2a: Snailtare|move: Protect\n|\n|-heal|p1a: Dragonite|44\/100|[from] item: Leftovers\n|upkeep\n|turn|4\n|\n|t:|1700465812\n|move|p1a: Dragonite|Roost|p1a: Dragonite\n|-heal|p1a: Dragonite|94\/100\n|-singleturn|p1a: Dragonite|move: Roost\n|move|p2a: Snailtare|Draco Meteor|p1a: Dragonite\n|-supereffective|p1a: Dragonite\n|-damage|p1a: Dragonite|23\/100\n|-unboost|p2a: Snailtare|spa|2\n|\n|-heal|p1a: Dragonite|30\/100|[from] item: Leftovers\n|upkeep\n|turn|5\n|\n|t:|1700465820\n|switch|p2a: The XO|Talonflame, F|100\/100\n|move|p1a: Dragonite|Roost|p1a: Dragonite\n|-heal|p1a: Dragonite|80\/100\n|-singleturn|p1a: Dragonite|move: Roost\n|\n|-heal|p1a: Dragonite|86\/100|[from] item: Leftovers\n|upkeep\n|turn|6\n|\n|t:|1700465824\n|move|p1a: Dragonite|Ice Spinner|p2a: The XO\n|-damage|p2a: The XO|32\/100\n|move|p2a: The XO|Will-O-Wisp|p1a: Dragonite|[miss]\n|-miss|p2a: The XO|p1a: Dragonite\n|\n|-heal|p1a: Dragonite|92\/100|[from] item: Leftovers\n|-heal|p2a: The XO|39\/100|[from] item: Leftovers\n|upkeep\n|turn|7\n|\n|t:|1700465829\n|move|p1a: Dragonite|Ice Spinner|p2a: The XO\n|-damage|p2a: The XO|0 fnt\n|faint|p2a: The XO\n|\n|-heal|p1a: Dragonite|98\/100|[from] item: Leftovers\n|upkeep\n|\n|t:|1700465833\n|switch|p2a: R-TRUS|Iron Valiant|100\/100\n|-enditem|p2a: R-TRUS|Booster Energy\n|-activate|p2a: R-TRUS|ability: Quark Drive|[fromitem]\n|-start|p2a: R-TRUS|quarkdrivespe\n|turn|8\n|\n|t:|1700465840\n|switch|p1a: Gholdengo|Gholdengo|100\/100\n|move|p2a: R-TRUS|Moonblast|p1a: Gholdengo\n|-resisted|p1a: Gholdengo\n|-damage|p1a: Gholdengo|75\/100\n|\n|upkeep\n|turn|9\n|\n|t:|1700465851\n|-end|p2a: R-TRUS|Quark Drive|[silent]\n|switch|p2a: Eat With Scissors|Scizor, F|100\/100\n|move|p1a: Gholdengo|Thunderbolt|p2a: Eat With Scissors\n|-damage|p2a: Eat With Scissors|41\/100\n|\n|upkeep\n|turn|10\n|\n|t:|1700465859\n|move|p1a: Gholdengo|Thunderbolt|p2a: Eat With Scissors\n|-damage|p2a: Eat With Scissors|0 fnt\n|faint|p2a: Eat With Scissors\n|\n|upkeep\n|\n|t:|1700465861\n|switch|p2a: Morf LeRosh|Lokix, M|100\/100\n|turn|11\n|\n|t:|1700465868\n|move|p2a: Morf LeRosh|Knock Off|p1a: Gholdengo\n|-supereffective|p1a: Gholdengo\n|-damage|p1a: Gholdengo|0 fnt\n|-enditem|p1a: Gholdengo|Choice Specs|[from] move: Knock Off|[of] p2a: Morf LeRosh\n|faint|p1a: Gholdengo\n|-damage|p2a: Morf LeRosh|91\/100|[from] item: Life Orb\n|\n|upkeep\n|\n|t:|1700465873\n|switch|p1a: Glimmora|Glimmora, M|100\/100\n|turn|12\n|\n|t:|1700465881\n|move|p1a: Glimmora|Power Gem|p2a: Morf LeRosh\n|-supereffective|p2a: Morf LeRosh\n|-damage|p2a: Morf LeRosh|0 fnt\n|faint|p2a: Morf LeRosh\n|\n|upkeep\n|\n|t:|1700465885\n|switch|p2a: Snailtare|Goodra-Hisui, M|100\/100\n|turn|13\n|\n|t:|1700465890\n|move|p1a: Glimmora|Power Gem|p2a: Snailtare\n|-resisted|p2a: Snailtare\n|-damage|p2a: Snailtare|88\/100\n|move|p2a: Snailtare|Hydro Pump|p1a: Glimmora\n|-supereffective|p1a: Glimmora\n|-damage|p1a: Glimmora|0 fnt\n|faint|p1a: Glimmora\n|\n|-heal|p2a: Snailtare|94\/100|[from] item: Leftovers\n|upkeep\n|\n|t:|1700465897\n|switch|p1a: Samurott|Samurott-Hisui, M|100\/100\n|turn|14\n|\n|t:|1700465902\n|move|p1a: Samurott|Sacred Sword|p2a: Snailtare\n|-supereffective|p2a: Snailtare\n|-damage|p2a: Snailtare|0 fnt\n|faint|p2a: Snailtare\n|\n|upkeep\n|\n|t:|1700465905\n|switch|p2a: R-TRUS|Iron Valiant|100\/100\n|turn|15\n|\n|t:|1700465910\n|move|p1a: Samurott|Aqua Jet|p2a: R-TRUS\n|-damage|p2a: R-TRUS|74\/100\n|move|p2a: R-TRUS|Moonblast|p1a: Samurott\n|-supereffective|p1a: Samurott\n|-crit|p1a: Samurott\n|-damage|p1a: Samurott|0 fnt\n|faint|p1a: Samurott\n|\n|upkeep\n|\n|t:|1700465914\n|switch|p1a: Garganacl|Garganacl, F|100\/100\n|turn|16\n|\n|t:|1700465918\n|-terastallize|p1a: Garganacl|Ghost\n|move|p2a: R-TRUS|Aura Sphere|p1a: Garganacl\n|-immune|p1a: Garganacl\n|move|p1a: Garganacl|Salt Cure|p2a: R-TRUS\n|-resisted|p2a: R-TRUS\n|-damage|p2a: R-TRUS|65\/100\n|-start|p2a: R-TRUS|Salt Cure\n|\n|-damage|p2a: R-TRUS|53\/100|[from] Salt Cure\n|upkeep\n|turn|17\n|\n|t:|1700465921\n|move|p2a: R-TRUS|Moonblast|p1a: Garganacl\n|-damage|p1a: Garganacl|70\/100\n|move|p1a: Garganacl|Iron Defense|p1a: Garganacl\n|-boost|p1a: Garganacl|def|2\n|\n|-heal|p1a: Garganacl|76\/100|[from] item: Leftovers\n|-damage|p2a: R-TRUS|40\/100|[from] Salt Cure\n|upkeep\n|turn|18\n|\n|t:|1700465925\n|move|p2a: R-TRUS|Encore|p1a: Garganacl\n|-start|p1a: Garganacl|Encore\n|move|p1a: Garganacl|Iron Defense|p1a: Garganacl\n|-boost|p1a: Garganacl|def|2\n|\n|-heal|p1a: Garganacl|82\/100|[from] item: Leftovers\n|-damage|p2a: R-TRUS|28\/100|[from] Salt Cure\n|upkeep\n|turn|19\n|\n|t:|1700465931\n|move|p2a: R-TRUS|Moonblast|p1a: Garganacl\n|-damage|p1a: Garganacl|50\/100\n|move|p1a: Garganacl|Iron Defense|p1a: Garganacl\n|-boost|p1a: Garganacl|def|2\n|\n|-heal|p1a: Garganacl|56\/100|[from] item: Leftovers\n|-damage|p2a: R-TRUS|15\/100|[from] Salt Cure\n|upkeep\n|turn|20\n|\n|t:|1700465935\n|move|p2a: R-TRUS|Moonblast|p1a: Garganacl\n|-damage|p1a: Garganacl|25\/100\n|move|p1a: Garganacl|Iron Defense|p1a: Garganacl\n|-boost|p1a: Garganacl|def|0\n|\n|-heal|p1a: Garganacl|31\/100|[from] item: Leftovers\n|-damage|p2a: R-TRUS|3\/100|[from] Salt Cure\n|-end|p1a: Garganacl|Encore\n|upkeep\n|turn|21\n|\n|t:|1700465938\n|move|p2a: R-TRUS|Moonblast|p1a: Garganacl\n|-damage|p1a: Garganacl|0 fnt\n|faint|p1a: Garganacl\n|\n|-damage|p2a: R-TRUS|0 fnt|[from] Salt Cure\n|faint|p2a: R-TRUS\n|-end|p2a: R-TRUS|Quark Drive|[silent]\n|upkeep\n|\n|t:|1700465940\n|switch|p2a: OHAYOLLIE|Mimikyu, F|100\/100\n|switch|p1a: Dragonite|Dragonite, F|98\/100\n|turn|22\n|\n|t:|1700465945\n|move|p2a: OHAYOLLIE|Play Rough|p1a: Dragonite\n|-supereffective|p1a: Dragonite\n|-damage|p1a: Dragonite|0 fnt\n|faint|p1a: Dragonite\n|-damage|p2a: OHAYOLLIE|91\/100|[from] item: Life Orb\n|\n|win|CyberH3\n|raw|Knight_Garland's rating: 1394 &rarr; <strong>1375<\/strong><br \/>(-19 for losing)\n|raw|CyberH3's rating: 1413 &rarr; <strong>1432<\/strong><br \/>(+19 for winning)\n|l|\u2606Knight_Garland\n","uploadtime":1700465951,"views":11,"p1id":"knightgarland","p2id":"cyberh3","formatid":"gen9ou","rating":1375,"private":0,"password":""}