{"id":"gen9ou-1992499696","p1":"Eucalipto69!","p2":"liaoya","format":"[Gen 9] OU","log":"|j|\u2606Eucalipto69!\n|j|\u2606liaoya\n|t:|1700195523\n|gametype|singles\n|player|p1|Eucalipto69!|alder|1645\n|player|p2|liaoya|petrel|1606\n|teamsize|p1|6\n|teamsize|p2|6\n|gen|9\n|tier|[Gen 9] OU\n|rated|\n|rule|Sleep Clause Mod: Limit one foe put to sleep\n|rule|Species Clause: Limit one of each Pok\u00e9mon\n|rule|OHKO Clause: OHKO moves are banned\n|rule|Evasion Items Clause: Evasion items are banned\n|rule|Evasion Moves Clause: Evasion moves are banned\n|rule|Endless Battle Clause: Forcing endless battles is banned\n|rule|HP Percentage Mod: HP is shown in percentages\n|clearpoke\n|poke|p1|Scizor, F|\n|poke|p1|Dragapult, F|\n|poke|p1|Kilowattrel, M|\n|poke|p1|Samurott-Hisui, M|\n|poke|p1|Great Tusk|\n|poke|p1|Ogerpon-Cornerstone, F|\n|poke|p2|Drifblim, M|\n|poke|p2|Garganacl, F|\n|poke|p2|Umbreon, F|\n|poke|p2|Rotom-Wash|\n|poke|p2|Glimmora, M|\n|poke|p2|Espeon, F|\n|teampreview\n|inactive|Battle timer is ON: inactive players will automatically lose when time's up. (requested by liaoya)\n|\n|t:|1700195533\n|start\n|switch|p1a: Scizor|Scizor, F|100\/100\n|switch|p2a: Glimmora|Glimmora, M|100\/100\n|turn|1\n|\n|t:|1700195540\n|move|p1a: Scizor|Bullet Punch|p2a: Glimmora\n|-supereffective|p2a: Glimmora\n|-crit|p2a: Glimmora\n|-damage|p2a: Glimmora|24\/100\n|-activate|p2a: Glimmora|ability: Toxic Debris\n|-sidestart|p1: Eucalipto69!|move: Toxic Spikes\n|move|p2a: Glimmora|Stealth Rock|p1a: Scizor\n|-sidestart|p1: Eucalipto69!|move: Stealth Rock\n|\n|upkeep\n|turn|2\n|\n|t:|1700195544\n|move|p2a: Glimmora|Stealth Rock||[still]\n|-fail|p2a: Glimmora\n|move|p1a: Scizor|Defog|p2a: Glimmora\n|-unboost|p2a: Glimmora|evasion|1\n|-sideend|p1: Eucalipto69!|Toxic Spikes|[from] move: Defog|[of] p1a: Scizor\n|-sideend|p1: Eucalipto69!|Stealth Rock|[from] move: Defog|[of] p1a: Scizor\n|\n|upkeep\n|turn|3\n|\n|t:|1700195550\n|switch|p2a: Rotom|Rotom-Wash|100\/100\n|move|p1a: Scizor|Bullet Punch|p2a: Rotom\n|-resisted|p2a: Rotom\n|-damage|p2a: Rotom|92\/100\n|\n|upkeep\n|turn|4\n|\n|t:|1700195555\n|switch|p1a: Dragapult|Dragapult, F|100\/100\n|move|p2a: Rotom|Will-O-Wisp|p1a: Dragapult|[miss]\n|-miss|p2a: Rotom|p1a: Dragapult\n|\n|upkeep\n|turn|5\n|\n|t:|1700195563\n|switch|p2a: Garganacl|Garganacl, F, shiny|100\/100\n|move|p1a: Dragapult|Will-O-Wisp|p2a: Garganacl\n|-immune|p2a: Garganacl|[from] ability: Purifying Salt\n|\n|upkeep\n|turn|6\n|j| Bad Players\n|\n|t:|1700195566\n|switch|p1a: Great Tusk|Great Tusk|100\/100\n|move|p2a: Garganacl|Salt Cure|p1a: Great Tusk\n|-resisted|p1a: Great Tusk\n|-damage|p1a: Great Tusk|99\/100\n|-start|p1a: Great Tusk|Salt Cure\n|\n|-damage|p1a: Great Tusk|86\/100|[from] Salt Cure\n|upkeep\n|turn|7\n|\n|t:|1700195573\n|-terastallize|p2a: Garganacl|Ghost\n|move|p1a: Great Tusk|Stealth Rock|p2a: Garganacl\n|-sidestart|p2: liaoya|move: Stealth Rock\n|move|p2a: Garganacl|Iron Defense|p2a: Garganacl\n|-boost|p2a: Garganacl|def|2\n|\n|-damage|p1a: Great Tusk|74\/100|[from] Salt Cure\n|upkeep\n|turn|8\n|\n|t:|1700195585\n|-end|p1a: Great Tusk|Protosynthesis|[silent]\n|switch|p1a: Scizor|Scizor, F|100\/100\n|move|p2a: Garganacl|Salt Cure|p1a: Scizor\n|-damage|p1a: Scizor|87\/100\n|-start|p1a: Scizor|Salt Cure\n|\n|-damage|p1a: Scizor|63\/100|[from] Salt Cure\n|upkeep\n|turn|9\n|\n|t:|1700195595\n|move|p1a: Scizor|Knock Off|p2a: Garganacl\n|-supereffective|p2a: Garganacl\n|-damage|p2a: Garganacl|76\/100\n|-enditem|p2a: Garganacl|Leftovers|[from] move: Knock Off|[of] p1a: Scizor\n|move|p2a: Garganacl|Iron Defense|p2a: Garganacl\n|-boost|p2a: Garganacl|def|2\n|\n|-damage|p1a: Scizor|38\/100|[from] Salt Cure\n|upkeep\n|turn|10\n|\n|t:|1700195602\n|move|p1a: Scizor|Bullet Punch|p2a: Garganacl\n|-damage|p2a: Garganacl|68\/100\n|move|p2a: Garganacl|Salt Cure|p1a: Scizor\n|-damage|p1a: Scizor|24\/100\n|\n|-damage|p1a: Scizor|0 fnt|[from] Salt Cure\n|faint|p1a: Scizor\n|upkeep\n|\n|t:|1700195626\n|switch|p1a: Great Tusk|Great Tusk|74\/100\n|turn|11\n|\n|t:|1700195629\n|move|p1a: Great Tusk|Earthquake|p2a: Garganacl\n|-damage|p2a: Garganacl|58\/100\n|move|p2a: Garganacl|Recover|p2a: Garganacl\n|-heal|p2a: Garganacl|100\/100\n|\n|upkeep\n|turn|12\n|\n|t:|1700195634\n|move|p1a: Great Tusk|Earthquake|p2a: Garganacl\n|-damage|p2a: Garganacl|90\/100\n|move|p2a: Garganacl|Salt Cure|p1a: Great Tusk\n|-resisted|p1a: Great Tusk\n|-damage|p1a: Great Tusk|72\/100\n|-start|p1a: Great Tusk|Salt Cure\n|\n|-damage|p1a: Great Tusk|60\/100|[from] Salt Cure\n|upkeep\n|turn|13\n|\n|t:|1700195637\n|-end|p1a: Great Tusk|Protosynthesis|[silent]\n|switch|p1a: Ogerpon|Ogerpon-Cornerstone, F|100\/100\n|move|p2a: Garganacl|Body Press|p1a: Ogerpon\n|-supereffective|p1a: Ogerpon\n|-ability|p1a: Ogerpon|Sturdy\n|-damage|p1a: Ogerpon|1\/100\n|\n|upkeep\n|turn|14\n|-message|Eucalipto69! forfeited.\n|\n|win|liaoya\n|raw|Eucalipto69!'s rating: 1645 &rarr; <strong>1623<\/strong><br \/>(-22 for losing)\n|raw|liaoya's rating: 1606 &rarr; <strong>1628<\/strong><br \/>(+22 for winning)\n|l|\u2606Eucalipto69!\n","uploadtime":1700195646,"views":11,"p1id":"eucalipto69","p2id":"liaoya","formatid":"gen9ou","rating":1623,"private":0,"password":""}