{"id":"gen9ou-1996240677","p1":"Mr.Shadowdusk","p2":"poyo3.0","format":"[Gen 9] OU","log":"|j|\u2606Mr.Shadowdusk\n|j|\u2606poyo3.0\n|t:|1700662978\n|gametype|singles\n|player|p1|Mr.Shadowdusk|ghetsis|1380\n|player|p2|poyo3.0|1|1489\n|teamsize|p1|6\n|teamsize|p2|6\n|gen|9\n|tier|[Gen 9] OU\n|rated|\n|rule|Sleep Clause Mod: Limit one foe put to sleep\n|rule|Species Clause: Limit one of each Pok\u00e9mon\n|rule|OHKO Clause: OHKO moves are banned\n|rule|Evasion Items Clause: Evasion items are banned\n|rule|Evasion Moves Clause: Evasion moves are banned\n|rule|Endless Battle Clause: Forcing endless battles is banned\n|rule|HP Percentage Mod: HP is shown in percentages\n|clearpoke\n|poke|p1|Hatterene, F|\n|poke|p1|Kingambit, M|\n|poke|p1|Thundurus-Therian, M|\n|poke|p1|Dondozo, F|\n|poke|p1|Goodra-Hisui, M|\n|poke|p1|Cinderace, M|\n|poke|p2|Gholdengo|\n|poke|p2|Heatran, F|\n|poke|p2|Iron Valiant|\n|poke|p2|Great Tusk|\n|poke|p2|Ogerpon-Wellspring, F|\n|poke|p2|Ninetales-Alola, F|\n|teampreview\n|c|\u2606poyo3.0|glhf\n|\n|t:|1700662986\n|start\n|switch|p1a: Thundurus|Thundurus-Therian, M|100\/100\n|switch|p2a: Great Tusk|Great Tusk|100\/100\n|turn|1\n|\n|t:|1700662992\n|move|p1a: Thundurus|Grass Knot|p2a: Great Tusk\n|-supereffective|p2a: Great Tusk\n|-damage|p2a: Great Tusk|0 fnt\n|faint|p2a: Great Tusk\n|-end|p2a: Great Tusk|Protosynthesis|[silent]\n|\n|upkeep\n|\n|t:|1700662996\n|switch|p2a: Ninetales|Ninetales-Alola, F|100\/100\n|-weather|Snow|[from] ability: Snow Warning|[of] p2a: Ninetales\n|turn|2\n|\n|t:|1700663014\n|switch|p1a: Cinderace|Cinderace, M, shiny|100\/100\n|move|p2a: Ninetales|Encore||[still]\n|-fail|p2a: Ninetales\n|\n|-weather|Snow|[upkeep]\n|upkeep\n|turn|3\n|\n|t:|1700663025\n|switch|p2a: Heatran|Heatran, F|100\/100\n|move|p1a: Cinderace|Pyro Ball|p2a: Heatran\n|-crit|p2a: Heatran\n|-damage|p2a: Heatran|30\/100\n|\n|-weather|Snow|[upkeep]\n|upkeep\n|turn|4\n|\n|t:|1700663037\n|move|p1a: Cinderace|High Jump Kick|p2a: Heatran\n|-start|p1a: Cinderace|typechange|Fighting|[from] ability: Libero\n|-supereffective|p2a: Heatran\n|-damage|p2a: Heatran|0 fnt\n|faint|p2a: Heatran\n|\n|-weather|Snow|[upkeep]\n|upkeep\n|\n|t:|1700663046\n|switch|p2a: Ogerpon|Ogerpon-Wellspring, F|100\/100\n|turn|5\n|\n|t:|1700663051\n|switch|p1a: Dondozo|Dondozo, F|100\/100\n|move|p2a: Ogerpon|Trailblaze|p1a: Dondozo\n|-supereffective|p1a: Dondozo\n|-damage|p1a: Dondozo|74\/100\n|-boost|p2a: Ogerpon|spe|1\n|-damage|p2a: Ogerpon|84\/100|[from] item: Rocky Helmet|[of] p1a: Dondozo\n|\n|-weather|Snow|[upkeep]\n|upkeep\n|turn|6\n|\n|t:|1700663061\n|switch|p1a: Goodra|Goodra-Hisui, M|100\/100\n|move|p2a: Ogerpon|Swords Dance|p2a: Ogerpon\n|-boost|p2a: Ogerpon|atk|2\n|\n|-weather|none\n|upkeep\n|turn|7\n|\n|t:|1700663077\n|switch|p1a: Dondozo|Dondozo, F|74\/100\n|move|p2a: Ogerpon|Swords Dance|p2a: Ogerpon\n|-boost|p2a: Ogerpon|atk|2\n|\n|upkeep\n|turn|8\n|\n|t:|1700663089\n|switch|p1a: Goodra|Goodra-Hisui, M|100\/100\n|move|p2a: Ogerpon|Horn Leech|p1a: Goodra\n|-ability|p1a: Goodra|Sap Sipper|boost\n|-boost|p1a: Goodra|atk|1\n|\n|upkeep\n|turn|9\n|\n|t:|1700663097\n|move|p2a: Ogerpon|Ivy Cudgel|p1a: Goodra|[anim] Ivy Cudgel Water\n|-resisted|p1a: Goodra\n|-damage|p1a: Goodra|21\/100\n|move|p1a: Goodra|Heavy Slam|p2a: Ogerpon\n|-resisted|p2a: Ogerpon\n|-damage|p2a: Ogerpon|45\/100\n|\n|upkeep\n|turn|10\n|\n|t:|1700663104\n|move|p2a: Ogerpon|Ivy Cudgel|p1a: Goodra|[anim] Ivy Cudgel Water\n|-resisted|p1a: Goodra\n|-damage|p1a: Goodra|0 fnt\n|faint|p1a: Goodra\n|\n|upkeep\n|\n|t:|1700663107\n|switch|p1a: Kingambit|Kingambit, M|100\/100\n|-activate|p1a: Kingambit|ability: Supreme Overlord\n|-start|p1a: Kingambit|fallen1|[silent]\n|turn|11\n|\n|t:|1700663113\n|move|p1a: Kingambit|Sucker Punch|p2a: Ogerpon\n|-damage|p2a: Ogerpon|0 fnt\n|faint|p2a: Ogerpon\n|-damage|p1a: Kingambit|91\/100|[from] item: Life Orb\n|\n|upkeep\n|\n|t:|1700663118\n|switch|p2a: Iron Valiant|Iron Valiant|100\/100\n|-enditem|p2a: Iron Valiant|Booster Energy\n|-activate|p2a: Iron Valiant|ability: Quark Drive|[fromitem]\n|-start|p2a: Iron Valiant|quarkdrivespe\n|turn|12\n|\n|t:|1700663125\n|-end|p1a: Kingambit|fallen1|[silent]\n|switch|p1a: Hatterene|Hatterene, F, shiny|100\/100\n|move|p2a: Iron Valiant|Aura Sphere|p1a: Hatterene\n|-resisted|p1a: Hatterene\n|-crit|p1a: Hatterene\n|-damage|p1a: Hatterene|84\/100\n|\n|-heal|p1a: Hatterene|90\/100|[from] item: Leftovers\n|upkeep\n|turn|13\n|\n|t:|1700663135\n|-end|p2a: Iron Valiant|Quark Drive|[silent]\n|switch|p2a: Ninetales|Ninetales-Alola, F|100\/100\n|-weather|Snow|[from] ability: Snow Warning|[of] p2a: Ninetales\n|move|p1a: Hatterene|Draining Kiss|p2a: Ninetales\n|-damage|p2a: Ninetales|77\/100\n|-heal|p1a: Hatterene|100\/100|[from] drain|[of] p2a: Ninetales\n|\n|-weather|Snow|[upkeep]\n|upkeep\n|turn|14\n|\n|t:|1700663143\n|switch|p1a: Cinderace|Cinderace, M, shiny|100\/100\n|move|p2a: Ninetales|Aurora Veil|p2a: Ninetales\n|-sidestart|p2: poyo3.0|move: Aurora Veil\n|\n|-weather|Snow|[upkeep]\n|upkeep\n|turn|15\n|\n|t:|1700663149\n|move|p1a: Cinderace|Court Change|p1a: Cinderace\n|-start|p1a: Cinderace|typechange|Normal|[from] ability: Libero\n|-swapsideconditions\n|-activate|p1a: Cinderace|move: Court Change\n|move|p2a: Ninetales|Blizzard|p1a: Cinderace\n|-damage|p1a: Cinderace|76\/100\n|\n|-weather|Snow|[upkeep]\n|upkeep\n|turn|16\n|\n|t:|1700663155\n|move|p1a: Cinderace|Pyro Ball|p2a: Ninetales\n|-supereffective|p2a: Ninetales\n|-damage|p2a: Ninetales|16\/100\n|move|p2a: Ninetales|Aurora Veil|p2a: Ninetales\n|-sidestart|p2: poyo3.0|move: Aurora Veil\n|\n|-weather|Snow|[upkeep]\n|upkeep\n|turn|17\n|\n|t:|1700663167\n|switch|p2a: Iron Valiant|Iron Valiant|100\/100\n|move|p1a: Cinderace|Pyro Ball|p2a: Iron Valiant\n|-damage|p2a: Iron Valiant|75\/100\n|\n|-weather|none\n|upkeep\n|turn|18\n|\n|t:|1700663177\n|switch|p1a: Hatterene|Hatterene, F, shiny|100\/100\n|move|p2a: Iron Valiant|Moonblast|p1a: Hatterene\n|-damage|p1a: Hatterene|75\/100\n|-unboost|p1a: Hatterene|spa|1\n|\n|-heal|p1a: Hatterene|81\/100|[from] item: Leftovers\n|upkeep\n|turn|19\n|\n|t:|1700663185\n|move|p2a: Iron Valiant|Moonblast|p1a: Hatterene\n|-damage|p1a: Hatterene|56\/100\n|-unboost|p1a: Hatterene|spa|1\n|move|p1a: Hatterene|Draining Kiss|p2a: Iron Valiant\n|-supereffective|p2a: Iron Valiant\n|-damage|p2a: Iron Valiant|55\/100\n|-heal|p1a: Hatterene|70\/100|[from] drain|[of] p2a: Iron Valiant\n|\n|-heal|p1a: Hatterene|76\/100|[from] item: Leftovers\n|upkeep\n|turn|20\n|\n|t:|1700663196\n|-end|p2a: Iron Valiant|Quark Drive|[silent]\n|switch|p2a: Gholdengo|Gholdengo|100\/100\n|-item|p2a: Gholdengo|Air Balloon\n|move|p1a: Hatterene|Psyshock|p2a: Gholdengo\n|-resisted|p2a: Gholdengo\n|-damage|p2a: Gholdengo|95\/100\n|-enditem|p2a: Gholdengo|Air Balloon\n|\n|-heal|p1a: Hatterene|82\/100|[from] item: Leftovers\n|upkeep\n|turn|21\n|\n|t:|1700663208\n|switch|p1a: Cinderace|Cinderace, M, shiny|76\/100\n|move|p2a: Gholdengo|Nasty Plot|p2a: Gholdengo\n|-boost|p2a: Gholdengo|spa|2\n|\n|-sideend|p1: Mr.Shadowdusk|move: Aurora Veil\n|upkeep\n|turn|22\n|\n|t:|1700663221\n|move|p1a: Cinderace|Pyro Ball|p2a: Gholdengo\n|-supereffective|p2a: Gholdengo\n|-damage|p2a: Gholdengo|28\/100\n|move|p2a: Gholdengo|Shadow Ball|p1a: Cinderace\n|-damage|p1a: Cinderace|0 fnt\n|faint|p1a: Cinderace\n|\n|upkeep\n|\n|t:|1700663229\n|switch|p1a: Thundurus|Thundurus-Therian, M|100\/100\n|turn|23\n|\n|t:|1700663233\n|move|p1a: Thundurus|Volt Switch|p2a: Gholdengo\n|-damage|p2a: Gholdengo|3\/100\n|\n|t:|1700663238\n|switch|p1a: Kingambit|Kingambit, M|91\/100|[from] Volt Switch\n|-activate|p1a: Kingambit|ability: Supreme Overlord\n|-start|p1a: Kingambit|fallen2|[silent]\n|move|p2a: Gholdengo|Shadow Ball|p1a: Kingambit\n|-resisted|p1a: Kingambit\n|-damage|p1a: Kingambit|45\/100\n|-unboost|p1a: Kingambit|spd|1\n|\n|-sideend|p2: poyo3.0|move: Aurora Veil\n|upkeep\n|turn|24\n|\n|t:|1700663247\n|move|p1a: Kingambit|Sucker Punch||[still]\n|-fail|p1a: Kingambit\n|move|p2a: Gholdengo|Nasty Plot|p2a: Gholdengo\n|-boost|p2a: Gholdengo|spa|2\n|\n|upkeep\n|turn|25\n|\n|t:|1700663252\n|move|p2a: Gholdengo|Make It Rain|p1a: Kingambit\n|-resisted|p1a: Kingambit\n|-damage|p1a: Kingambit|0 fnt\n|-unboost|p2a: Gholdengo|spa|1\n|faint|p1a: Kingambit\n|-end|p1a: Kingambit|fallen2|[silent]\n|\n|upkeep\n|\n|t:|1700663259\n|switch|p1a: Thundurus|Thundurus-Therian, M|100\/100\n|turn|26\n|\n|t:|1700663265\n|move|p1a: Thundurus|Volt Switch|p2a: Gholdengo\n|-damage|p2a: Gholdengo|0 fnt\n|faint|p2a: Gholdengo\n|\n|t:|1700663271\n|switch|p1a: Hatterene|Hatterene, F, shiny|82\/100|[from] Volt Switch\n|\n|-heal|p1a: Hatterene|88\/100|[from] item: Leftovers\n|upkeep\n|\n|t:|1700663276\n|switch|p2a: Ninetales|Ninetales-Alola, F|16\/100\n|-weather|Snow|[from] ability: Snow Warning|[of] p2a: Ninetales\n|turn|27\n|\n|t:|1700663285\n|move|p2a: Ninetales|Aurora Veil|p2a: Ninetales\n|-sidestart|p2: poyo3.0|move: Aurora Veil\n|move|p1a: Hatterene|Calm Mind|p1a: Hatterene\n|-boost|p1a: Hatterene|spa|1\n|-boost|p1a: Hatterene|spd|1\n|\n|-weather|Snow|[upkeep]\n|-heal|p1a: Hatterene|94\/100|[from] item: Leftovers\n|upkeep\n|turn|28\n|\n|t:|1700663291\n|move|p2a: Ninetales|Blizzard|p1a: Hatterene\n|-crit|p1a: Hatterene\n|-damage|p1a: Hatterene|42\/100\n|move|p1a: Hatterene|Calm Mind|p1a: Hatterene\n|-boost|p1a: Hatterene|spa|1\n|-boost|p1a: Hatterene|spd|1\n|\n|-weather|Snow|[upkeep]\n|-heal|p1a: Hatterene|48\/100|[from] item: Leftovers\n|upkeep\n|turn|29\n|\n|t:|1700663304\n|move|p2a: Ninetales|Blizzard|p1a: Hatterene\n|-damage|p1a: Hatterene|31\/100\n|move|p1a: Hatterene|Draining Kiss|p2a: Ninetales\n|-damage|p2a: Ninetales|0 fnt\n|-heal|p1a: Hatterene|44\/100|[from] drain|[of] p2a: Ninetales\n|faint|p2a: Ninetales\n|\n|-weather|Snow|[upkeep]\n|-heal|p1a: Hatterene|50\/100|[from] item: Leftovers\n|upkeep\n|\n|t:|1700663313\n|switch|p2a: Iron Valiant|Iron Valiant|55\/100\n|turn|30\n|\n|t:|1700663317\n|-terastallize|p2a: Iron Valiant|Fairy\n|move|p2a: Iron Valiant|Moonblast|p1a: Hatterene\n|-damage|p1a: Hatterene|14\/100\n|move|p1a: Hatterene|Draining Kiss|p2a: Iron Valiant\n|-damage|p2a: Iron Valiant|15\/100\n|-heal|p1a: Hatterene|41\/100|[from] drain|[of] p2a: Iron Valiant\n|\n|-weather|Snow|[upkeep]\n|-heal|p1a: Hatterene|47\/100|[from] item: Leftovers\n|upkeep\n|turn|31\n|\n|t:|1700663327\n|move|p2a: Iron Valiant|Moonblast|p1a: Hatterene\n|-damage|p1a: Hatterene|13\/100\n|-unboost|p1a: Hatterene|spa|1\n|move|p1a: Hatterene|Psyshock|p2a: Iron Valiant\n|-damage|p2a: Iron Valiant|0 fnt\n|faint|p2a: Iron Valiant\n|-end|p2a: Iron Valiant|Quark Drive|[silent]\n|\n|win|Mr.Shadowdusk\n|raw|Mr.Shadowdusk's rating: 1380 &rarr; <strong>1406<\/strong><br \/>(+26 for winning)\n|raw|poyo3.0's rating: 1489 &rarr; <strong>1463<\/strong><br \/>(-26 for losing)\n","uploadtime":1700663350,"views":1,"p1id":"mrshadowdusk","p2id":"poyo30","formatid":"gen9ou","rating":1406,"private":0,"password":""}