{"id":"gen9ou-1988521384","p1":"arcthesavior","p2":"Slaaaine","format":"[Gen 9] OU","log":"|j|\u2606arcthesavior\n|j|\u2606Slaaaine\n|t:|1699731852\n|gametype|singles\n|player|p1|arcthesavior|elesa-masters|1353\n|player|p2|Slaaaine|n|1326\n|teamsize|p1|6\n|teamsize|p2|6\n|gen|9\n|tier|[Gen 9] OU\n|rated|\n|rule|Sleep Clause Mod: Limit one foe put to sleep\n|rule|Species Clause: Limit one of each Pok\u00e9mon\n|rule|OHKO Clause: OHKO moves are banned\n|rule|Evasion Items Clause: Evasion items are banned\n|rule|Evasion Moves Clause: Evasion moves are banned\n|rule|Endless Battle Clause: Forcing endless battles is banned\n|rule|HP Percentage Mod: HP is shown in percentages\n|clearpoke\n|poke|p1|Ribombee, M|\n|poke|p1|Manaphy|\n|poke|p1|Gholdengo|\n|poke|p1|Iron Moth|\n|poke|p1|Ogerpon-Wellspring, F|\n|poke|p1|Kingambit, F|\n|poke|p2|Manaphy|\n|poke|p2|Kingambit, F|\n|poke|p2|Ribombee, M|\n|poke|p2|Gholdengo|\n|poke|p2|Iron Moth|\n|poke|p2|Ogerpon-Wellspring, F|\n|teampreview\n|c|\u2606arcthesavior|nice team\n|c|\u2606Slaaaine|u too\n|c|\u2606Slaaaine|:D\n|\n|t:|1699731893\n|start\n|switch|p1a: beep bop|Iron Moth|100\/100\n|switch|p2a: faya|Ogerpon-Wellspring, F|100\/100\n|-enditem|p1a: beep bop|Booster Energy\n|-activate|p1a: beep bop|ability: Quark Drive|[fromitem]\n|-start|p1a: beep bop|quarkdrivespe\n|turn|1\n|\n|t:|1699731927\n|-terastallize|p1a: beep bop|Fairy\n|-terastallize|p2a: faya|Water\n|detailschange|p2a: faya|Ogerpon-Wellspring-Tera, F, tera:Water\n|-ability|p2a: faya|Embody Aspect (Wellspring)|boost\n|-boost|p2a: faya|spd|1\n|move|p1a: beep bop|Sludge Wave|p2a: faya\n|-damage|p2a: faya|66\/100\n|move|p2a: faya|Ivy Cudgel|p1a: beep bop\n|-damage|p1a: beep bop|0 fnt\n|faint|p1a: beep bop\n|-end|p1a: beep bop|Quark Drive|[silent]\n|\n|upkeep\n|inactive|Battle timer is ON: inactive players will automatically lose when time's up. (requested by Slaaaine)\n|\n|t:|1699731945\n|switch|p1a: sob|Ogerpon-Wellspring, F|100\/100\n|turn|2\n|\n|t:|1699731956\n|switch|p2a: wildfiree|Ribombee, M|100\/100\n|move|p1a: sob|Swords Dance|p1a: sob\n|-boost|p1a: sob|atk|2\n|\n|upkeep\n|turn|3\n|\n|t:|1699731965\n|move|p2a: wildfiree|Sticky Web|p1a: sob\n|-sidestart|p1: arcthesavior|move: Sticky Web\n|move|p1a: sob|Swords Dance|p1a: sob\n|-boost|p1a: sob|atk|2\n|\n|upkeep\n|turn|4\n|\n|t:|1699731971\n|move|p2a: wildfiree|Moonblast|p1a: sob\n|-damage|p1a: sob|51\/100\n|move|p1a: sob|Ivy Cudgel|p2a: wildfiree\n|-enditem|p2a: wildfiree|Focus Sash\n|-damage|p2a: wildfiree|1\/100\n|\n|upkeep\n|turn|5\n|\n|t:|1699731978\n|move|p2a: wildfiree|Moonblast|p1a: sob\n|-damage|p1a: sob|8\/100\n|-unboost|p1a: sob|spa|1\n|move|p1a: sob|Ivy Cudgel|p2a: wildfiree\n|-damage|p2a: wildfiree|0 fnt\n|faint|p2a: wildfiree\n|\n|upkeep\n|\n|t:|1699731987\n|switch|p2a: scarlet|Iron Moth|100\/100\n|-enditem|p2a: scarlet|Booster Energy\n|-activate|p2a: scarlet|ability: Quark Drive|[fromitem]\n|-start|p2a: scarlet|quarkdrivespe\n|turn|6\n|\n|t:|1699731993\n|move|p2a: scarlet|Fiery Dance|p1a: sob\n|-damage|p1a: sob|0 fnt\n|-boost|p2a: scarlet|spa|1\n|faint|p1a: sob\n|\n|upkeep\n|\n|t:|1699731999\n|switch|p1a: Wildfire|Ribombee, M, shiny|100\/100\n|-activate|p1a: Wildfire|move: Sticky Web\n|-unboost|p1a: Wildfire|spe|1\n|turn|7\n|\n|t:|1699732004\n|move|p2a: scarlet|Substitute|p2a: scarlet\n|-start|p2a: scarlet|Substitute\n|-damage|p2a: scarlet|76\/100\n|move|p1a: Wildfire|Sticky Web|p2a: scarlet\n|-sidestart|p2: Slaaaine|move: Sticky Web\n|\n|upkeep\n|turn|8\n|\n|t:|1699732009\n|move|p2a: scarlet|Fiery Dance|p1a: Wildfire\n|-supereffective|p1a: Wildfire\n|-enditem|p1a: Wildfire|Focus Sash\n|-damage|p1a: Wildfire|1\/100\n|move|p1a: Wildfire|Psychic|p2a: scarlet\n|-supereffective|p2a: scarlet\n|-end|p2a: scarlet|Substitute\n|\n|upkeep\n|turn|9\n|\n|t:|1699732018\n|move|p2a: scarlet|Fiery Dance|p1a: Wildfire\n|-supereffective|p1a: Wildfire\n|-damage|p1a: Wildfire|0 fnt\n|faint|p1a: Wildfire\n|\n|upkeep\n|\n|t:|1699732024\n|switch|p1a: Ranger|Manaphy, shiny|100\/100\n|-activate|p1a: Ranger|move: Sticky Web\n|-unboost|p1a: Ranger|spe|1\n|turn|10\n|\n|t:|1699732032\n|move|p2a: scarlet|Psychic|p1a: Ranger\n|-damage|p1a: Ranger|54\/100\n|move|p1a: Ranger|Tail Glow|p1a: Ranger\n|-boost|p1a: Ranger|spa|3\n|\n|-heal|p1a: Ranger|60\/100|[from] item: Leftovers\n|upkeep\n|turn|11\n|\n|t:|1699732040\n|move|p2a: scarlet|Psychic|p1a: Ranger\n|-damage|p1a: Ranger|21\/100\n|move|p1a: Ranger|Surf|p2a: scarlet\n|-supereffective|p2a: scarlet\n|-crit|p2a: scarlet\n|-damage|p2a: scarlet|0 fnt\n|faint|p2a: scarlet\n|-end|p2a: scarlet|Quark Drive|[silent]\n|\n|-heal|p1a: Ranger|27\/100|[from] item: Leftovers\n|upkeep\n|\n|t:|1699732048\n|switch|p2a: faya|Ogerpon-Wellspring-Tera, F, tera:Water|66\/100\n|-activate|p2a: faya|move: Sticky Web\n|-unboost|p2a: faya|spe|1\n|-ability|p2a: faya|Embody Aspect (Wellspring)|boost\n|-boost|p2a: faya|spd|1\n|turn|12\n|\n|t:|1699732055\n|move|p2a: faya|Power Whip|p1a: Ranger|[miss]\n|-miss|p2a: faya|p1a: Ranger\n|move|p1a: Ranger|Energy Ball|p2a: faya\n|-supereffective|p2a: faya\n|-damage|p2a: faya|0 fnt\n|faint|p2a: faya\n|\n|-heal|p1a: Ranger|33\/100|[from] item: Leftovers\n|upkeep\n|c|\u2606Slaaaine|ggs i lost\n|\n|t:|1699732074\n|switch|p2a: wessin|Gholdengo|100\/100\n|-item|p2a: wessin|Air Balloon\n|turn|13\n|\n|t:|1699732080\n|move|p2a: wessin|Shadow Ball|p1a: Ranger\n|-damage|p1a: Ranger|0 fnt\n|faint|p1a: Ranger\n|\n|upkeep\n|\n|t:|1699732085\n|switch|p1a: 1 billion dollars|Gholdengo|100\/100\n|-item|p1a: 1 billion dollars|Air Balloon\n|turn|14\n|\n|t:|1699732094\n|move|p2a: wessin|Make It Rain|p1a: 1 billion dollars\n|-resisted|p1a: 1 billion dollars\n|-damage|p1a: 1 billion dollars|68\/100\n|-unboost|p2a: wessin|spa|1\n|-enditem|p1a: 1 billion dollars|Air Balloon\n|move|p1a: 1 billion dollars|Shadow Ball|p2a: wessin\n|-supereffective|p2a: wessin\n|-damage|p2a: wessin|3\/100\n|-enditem|p2a: wessin|Air Balloon\n|\n|upkeep\n|turn|15\n|\n|t:|1699732107\n|move|p2a: wessin|Shadow Ball|p1a: 1 billion dollars\n|-supereffective|p1a: 1 billion dollars\n|-damage|p1a: 1 billion dollars|6\/100\n|-unboost|p1a: 1 billion dollars|spd|1\n|move|p1a: 1 billion dollars|Shadow Ball|p2a: wessin\n|-supereffective|p2a: wessin\n|-damage|p2a: wessin|0 fnt\n|faint|p2a: wessin\n|\n|upkeep\n|\n|t:|1699732117\n|switch|p2a: awyp|Kingambit, F|100\/100\n|-activate|p2a: awyp|move: Sticky Web\n|-unboost|p2a: awyp|spe|1\n|-activate|p2a: awyp|ability: Supreme Overlord\n|-start|p2a: awyp|fallen4|[silent]\n|turn|16\n|\n|t:|1699732123\n|move|p1a: 1 billion dollars|Recover|p1a: 1 billion dollars\n|-heal|p1a: 1 billion dollars|56\/100\n|move|p2a: awyp|Swords Dance|p2a: awyp\n|-boost|p2a: awyp|atk|2\n|\n|upkeep\n|turn|17\n|c|\u2606Slaaaine|or maybe speedtie?\n|\n|t:|1699732142\n|move|p1a: 1 billion dollars|Make It Rain|p2a: awyp\n|-resisted|p2a: awyp\n|-damage|p2a: awyp|64\/100\n|-unboost|p1a: 1 billion dollars|spa|1\n|move|p2a: awyp|Kowtow Cleave|p1a: 1 billion dollars\n|-supereffective|p1a: 1 billion dollars\n|-damage|p1a: 1 billion dollars|0 fnt\n|faint|p1a: 1 billion dollars\n|\n|upkeep\n|\n|t:|1699732150\n|switch|p1a: Checkmate|Kingambit, F|100\/100\n|-activate|p1a: Checkmate|move: Sticky Web\n|-unboost|p1a: Checkmate|spe|1\n|-activate|p1a: Checkmate|ability: Supreme Overlord\n|-start|p1a: Checkmate|fallen5|[silent]\n|turn|18\n|\n|t:|1699732159\n|move|p2a: awyp|Low Kick|p1a: Checkmate\n|-supereffective|p1a: Checkmate\n|-damage|p1a: Checkmate|0 fnt\n|faint|p1a: Checkmate\n|-end|p1a: Checkmate|fallen5|[silent]\n|\n|win|Slaaaine\n|raw|arcthesavior's rating: 1353 &rarr; <strong>1331<\/strong><br \/>(-22 for losing)\n|raw|Slaaaine's rating: 1326 &rarr; <strong>1348<\/strong><br \/>(+22 for winning)\n|c|\u2606Slaaaine|gg\n|c|\u2606arcthesavior|gg\n|c|\u2606Slaaaine|wp\n|c|\u2606arcthesavior|ut\n|l|\u2606arcthesavior\n","uploadtime":1699732180,"views":19,"p1id":"arcthesavior","p2id":"slaaaine","formatid":"gen9ou","rating":1331,"private":0,"password":""}