{"id":"gen9ou-1995096362","p1":"Outdated AHH Team","p2":"deathprofessor21","format":"[Gen 9] OU","log":"|j|\u2606Outdated AHH Team\n|j|\u2606deathprofessor21\n|t:|1700522124\n|gametype|singles\n|player|p1|Outdated AHH Team|bruno-gen2|1601\n|player|p2|deathprofessor21|1|1510\n|teamsize|p1|6\n|teamsize|p2|6\n|gen|9\n|tier|[Gen 9] OU\n|rated|\n|rule|Sleep Clause Mod: Limit one foe put to sleep\n|rule|Species Clause: Limit one of each Pok\u00e9mon\n|rule|OHKO Clause: OHKO moves are banned\n|rule|Evasion Items Clause: Evasion items are banned\n|rule|Evasion Moves Clause: Evasion moves are banned\n|rule|Endless Battle Clause: Forcing endless battles is banned\n|rule|HP Percentage Mod: HP is shown in percentages\n|clearpoke\n|poke|p1|Kingambit, M|\n|poke|p1|Ogerpon-Wellspring, F|\n|poke|p1|Hoopa-Unbound|\n|poke|p1|Iron Valiant|\n|poke|p1|Arcanine-Hisui, F|\n|poke|p1|Great Tusk|\n|poke|p2|Rillaboom, M|\n|poke|p2|Ogerpon, F|\n|poke|p2|Glimmora, M|\n|poke|p2|Gholdengo|\n|poke|p2|Iron Valiant|\n|poke|p2|Samurott-Hisui, M|\n|teampreview\n|inactive|Battle timer is ON: inactive players will automatically lose when time's up. (requested by Outdated AHH Team)\n|\n|t:|1700522133\n|start\n|switch|p1a: Alisa Bosconovitch|Iron Valiant|100\/100\n|switch|p2a: Samurott|Samurott-Hisui, M|100\/100\n|turn|1\n|\n|t:|1700522139\n|switch|p2a: Gholdengo|Gholdengo|100\/100\n|move|p1a: Alisa Bosconovitch|Moonblast|p2a: Gholdengo\n|-resisted|p2a: Gholdengo\n|-damage|p2a: Gholdengo|76\/100\n|\n|-heal|p2a: Gholdengo|83\/100|[from] item: Leftovers\n|upkeep\n|turn|2\n|\n|t:|1700522147\n|-end|p1a: Alisa Bosconovitch|Quark Drive|[silent]\n|switch|p1a: Ryomen Sukuna \u26e9\ufe0f|Hoopa-Unbound|100\/100\n|move|p2a: Gholdengo|Make It Rain|p1a: Ryomen Sukuna \u26e9\ufe0f\n|-damage|p1a: Ryomen Sukuna \u26e9\ufe0f|70\/100\n|-unboost|p2a: Gholdengo|spa|1\n|\n|-heal|p2a: Gholdengo|89\/100|[from] item: Leftovers\n|upkeep\n|turn|3\n|\n|t:|1700522162\n|switch|p2a: Samurott|Samurott-Hisui, M|100\/100\n|move|p1a: Ryomen Sukuna \u26e9\ufe0f|Thunderbolt|p2a: Samurott\n|-supereffective|p2a: Samurott\n|-damage|p2a: Samurott|0 fnt\n|faint|p2a: Samurott\n|\n|upkeep\n|\n|t:|1700522170\n|switch|p2a: Glimmora|Glimmora, M|100\/100\n|turn|4\n|\n|t:|1700522178\n|move|p2a: Glimmora|Stealth Rock|p1a: Ryomen Sukuna \u26e9\ufe0f\n|-sidestart|p1: Outdated AHH Team|move: Stealth Rock\n|move|p1a: Ryomen Sukuna \u26e9\ufe0f|Psychic|p2a: Glimmora\n|-supereffective|p2a: Glimmora\n|-enditem|p2a: Glimmora|Focus Sash\n|-damage|p2a: Glimmora|1\/100\n|\n|upkeep\n|turn|5\n|\n|t:|1700522197\n|move|p2a: Glimmora|Spikes|p1a: Ryomen Sukuna \u26e9\ufe0f\n|-sidestart|p1: Outdated AHH Team|Spikes\n|move|p1a: Ryomen Sukuna \u26e9\ufe0f|Thunderbolt|p2a: Glimmora\n|-damage|p2a: Glimmora|0 fnt\n|faint|p2a: Glimmora\n|\n|upkeep\n|inactive|deathprofessor21 has 120 seconds left.\n|\n|t:|1700522248\n|switch|p2a: Rillaboom|Rillaboom, M|100\/100\n|-fieldstart|move: Grassy Terrain|[from] ability: Grassy Surge|[of] p2a: Rillaboom\n|turn|6\n|\n|t:|1700522258\n|switch|p1a: Guts \u2694\ufe0f|Kingambit, M|100\/100\n|-damage|p1a: Guts \u2694\ufe0f|94\/100|[from] Stealth Rock\n|-damage|p1a: Guts \u2694\ufe0f|82\/100|[from] Spikes\n|move|p2a: Rillaboom|U-turn|p1a: Guts \u2694\ufe0f\n|-damage|p1a: Guts \u2694\ufe0f|51\/100\n|\n|t:|1700522278\n|switch|p2a: Gholdengo|Gholdengo|89\/100|[from] U-turn\n|\n|-heal|p2a: Gholdengo|95\/100|[from] Grassy Terrain\n|-heal|p2a: Gholdengo|100\/100|[from] item: Leftovers\n|-heal|p1a: Guts \u2694\ufe0f|57\/100|[from] Grassy Terrain\n|-heal|p1a: Guts \u2694\ufe0f|64\/100|[from] item: Leftovers\n|upkeep\n|turn|7\n|\n|t:|1700522295\n|-end|p1a: Guts \u2694\ufe0f|fallenundefined|[silent]\n|switch|p1a: Casca \u2694\ufe0f|Ogerpon-Wellspring, F|100\/100\n|-damage|p1a: Casca \u2694\ufe0f|88\/100|[from] Stealth Rock\n|-damage|p1a: Casca \u2694\ufe0f|76\/100|[from] Spikes\n|move|p2a: Gholdengo|Focus Blast|p1a: Casca \u2694\ufe0f\n|-damage|p1a: Casca \u2694\ufe0f|28\/100\n|\n|-heal|p1a: Casca \u2694\ufe0f|34\/100|[from] Grassy Terrain\n|upkeep\n|turn|8\n|inactive|deathprofessor21 has 90 seconds left.\n|\n|t:|1700522322\n|move|p1a: Casca \u2694\ufe0f|Ivy Cudgel|p2a: Gholdengo|[anim] Ivy Cudgel Water\n|-damage|p2a: Gholdengo|50\/100\n|move|p2a: Gholdengo|Focus Blast|p1a: Casca \u2694\ufe0f|[miss]\n|-miss|p2a: Gholdengo|p1a: Casca \u2694\ufe0f\n|\n|-heal|p1a: Casca \u2694\ufe0f|40\/100|[from] Grassy Terrain\n|-heal|p2a: Gholdengo|57\/100|[from] Grassy Terrain\n|-heal|p2a: Gholdengo|63\/100|[from] item: Leftovers\n|upkeep\n|turn|9\n|\n|t:|1700522329\n|move|p1a: Casca \u2694\ufe0f|Ivy Cudgel|p2a: Gholdengo|[anim] Ivy Cudgel Water\n|-damage|p2a: Gholdengo|18\/100\n|move|p2a: Gholdengo|Focus Blast|p1a: Casca \u2694\ufe0f\n|-damage|p1a: Casca \u2694\ufe0f|0 fnt\n|faint|p1a: Casca \u2694\ufe0f\n|\n|-heal|p2a: Gholdengo|24\/100|[from] Grassy Terrain\n|-heal|p2a: Gholdengo|30\/100|[from] item: Leftovers\n|upkeep\n|\n|t:|1700522352\n|switch|p1a: Ryomen Sukuna \u26e9\ufe0f|Hoopa-Unbound|70\/100\n|-damage|p1a: Ryomen Sukuna \u26e9\ufe0f|58\/100|[from] Stealth Rock\n|-damage|p1a: Ryomen Sukuna \u26e9\ufe0f|45\/100|[from] Spikes\n|turn|10\n|inactive|deathprofessor21 has 90 seconds left.\n|\n|t:|1700522380\n|move|p1a: Ryomen Sukuna \u26e9\ufe0f|Knock Off|p2a: Gholdengo\n|-supereffective|p2a: Gholdengo\n|-damage|p2a: Gholdengo|0 fnt\n|-enditem|p2a: Gholdengo|Leftovers|[from] move: Knock Off|[of] p1a: Ryomen Sukuna \u26e9\ufe0f\n|faint|p2a: Gholdengo\n|\n|-heal|p1a: Ryomen Sukuna \u26e9\ufe0f|51\/100|[from] Grassy Terrain\n|-fieldend|move: Grassy Terrain\n|upkeep\n|\n|t:|1700522383\n|switch|p2a: Rillaboom|Rillaboom, M|100\/100\n|-fieldstart|move: Grassy Terrain|[from] ability: Grassy Surge|[of] p2a: Rillaboom\n|turn|11\n|\n|t:|1700522388\n|move|p2a: Rillaboom|U-turn|p1a: Ryomen Sukuna \u26e9\ufe0f\n|-supereffective|p1a: Ryomen Sukuna \u26e9\ufe0f\n|-damage|p1a: Ryomen Sukuna \u26e9\ufe0f|0 fnt\n|faint|p1a: Ryomen Sukuna \u26e9\ufe0f\n|\n|t:|1700522400\n|switch|p2a: Iron Valiant|Iron Valiant|100\/100|[from] U-turn\n|\n|upkeep\n|\n|t:|1700522404\n|switch|p1a: Tuskuthy the Great|Great Tusk|100\/100\n|turn|12\n|\n|t:|1700522412\n|-terastallize|p1a: Tuskuthy the Great|Steel\n|move|p2a: Iron Valiant|Moonblast|p1a: Tuskuthy the Great\n|-resisted|p1a: Tuskuthy the Great\n|-crit|p1a: Tuskuthy the Great\n|-damage|p1a: Tuskuthy the Great|24\/100\n|-unboost|p1a: Tuskuthy the Great|spa|1\n|-damage|p2a: Iron Valiant|90\/100|[from] item: Life Orb\n|move|p1a: Tuskuthy the Great|Rapid Spin|p2a: Iron Valiant\n|-damage|p2a: Iron Valiant|68\/100\n|-boost|p1a: Tuskuthy the Great|spe|1\n|-sideend|p1: Outdated AHH Team|Spikes|[from] move: Rapid Spin|[of] p1a: Tuskuthy the Great\n|-sideend|p1: Outdated AHH Team|Stealth Rock|[from] move: Rapid Spin|[of] p1a: Tuskuthy the Great\n|\n|-heal|p1a: Tuskuthy the Great|30\/100|[from] Grassy Terrain\n|-heal|p2a: Iron Valiant|74\/100|[from] Grassy Terrain\n|upkeep\n|turn|13\n|\n|t:|1700522425\n|move|p1a: Tuskuthy the Great|Headlong Rush|p2a: Iron Valiant\n|-damage|p2a: Iron Valiant|0 fnt\n|-unboost|p1a: Tuskuthy the Great|def|1\n|-unboost|p1a: Tuskuthy the Great|spd|1\n|faint|p2a: Iron Valiant\n|-end|p2a: Iron Valiant|Quark Drive|[silent]\n|\n|-heal|p1a: Tuskuthy the Great|37\/100|[from] Grassy Terrain\n|upkeep\n|\n|t:|1700522435\n|switch|p2a: Ogerpon|Ogerpon, F|100\/100\n|-enditem|p2a: Ogerpon|Grassy Seed\n|-boost|p2a: Ogerpon|def|1|[from] item: Grassy Seed\n|turn|14\n|\n|t:|1700522441\n|move|p1a: Tuskuthy the Great|Ice Spinner|p2a: Ogerpon\n|-supereffective|p2a: Ogerpon\n|-damage|p2a: Ogerpon|55\/100\n|-fieldend|move: Grassy Terrain\n|move|p2a: Ogerpon|Swords Dance|p2a: Ogerpon\n|-boost|p2a: Ogerpon|atk|2\n|\n|upkeep\n|turn|15\n|inactive|deathprofessor21 has 120 seconds left.\n|c|\u2606Outdated AHH Team|gg\n|\n|t:|1700522467\n|-terastallize|p2a: Ogerpon|Grass\n|detailschange|p2a: Ogerpon|Ogerpon-Teal-Tera, F, tera:Grass\n|-ability|p2a: Ogerpon|Embody Aspect (Teal)|boost\n|-boost|p2a: Ogerpon|spe|1\n|move|p1a: Tuskuthy the Great|Ice Spinner|p2a: Ogerpon\n|-supereffective|p2a: Ogerpon\n|-damage|p2a: Ogerpon|5\/100\n|move|p2a: Ogerpon|Horn Leech|p1a: Tuskuthy the Great\n|-resisted|p1a: Tuskuthy the Great\n|-damage|p1a: Tuskuthy the Great|0 fnt\n|-heal|p2a: Ogerpon|27\/100|[from] drain|[of] p1a: Tuskuthy the Great\n|faint|p1a: Tuskuthy the Great\n|-end|p1a: Tuskuthy the Great|Protosynthesis|[silent]\n|\n|upkeep\n|\n|t:|1700522473\n|switch|p1a: Alpha \ud83d\udc15|Arcanine-Hisui, F|100\/100\n|turn|16\n|c|\u2606deathprofessor21|Gg\n|\n|t:|1700522502\n|move|p2a: Ogerpon|Horn Leech|p1a: Alpha \ud83d\udc15\n|-crit|p1a: Alpha \ud83d\udc15\n|-enditem|p1a: Alpha \ud83d\udc15|Focus Sash\n|-damage|p1a: Alpha \ud83d\udc15|1\/100\n|-heal|p2a: Ogerpon|82\/100|[from] drain|[of] p1a: Alpha \ud83d\udc15\n|move|p1a: Alpha \ud83d\udc15|Flare Blitz|p2a: Ogerpon\n|-supereffective|p2a: Ogerpon\n|-damage|p2a: Ogerpon|0 fnt\n|faint|p2a: Ogerpon\n|\n|upkeep\n|\n|t:|1700522508\n|switch|p2a: Rillaboom|Rillaboom, M|100\/100\n|-fieldstart|move: Grassy Terrain|[from] ability: Grassy Surge|[of] p2a: Rillaboom\n|turn|17\n|\n|t:|1700522519\n|move|p1a: Alpha \ud83d\udc15|Extreme Speed|p2a: Rillaboom\n|-damage|p2a: Rillaboom|73\/100\n|move|p2a: Rillaboom|Grassy Glide|p1a: Alpha \ud83d\udc15\n|-damage|p1a: Alpha \ud83d\udc15|0 fnt\n|faint|p1a: Alpha \ud83d\udc15\n|\n|-heal|p2a: Rillaboom|79\/100|[from] Grassy Terrain\n|upkeep\n|\n|t:|1700522534\n|switch|p1a: Alisa Bosconovitch|Iron Valiant|100\/100\n|turn|18\n|\n|t:|1700522541\n|move|p2a: Rillaboom|Grassy Glide|p1a: Alisa Bosconovitch\n|-damage|p1a: Alisa Bosconovitch|26\/100\n|move|p1a: Alisa Bosconovitch|Moonblast|p2a: Rillaboom\n|-damage|p2a: Rillaboom|20\/100\n|-unboost|p2a: Rillaboom|spa|1\n|\n|-heal|p1a: Alisa Bosconovitch|33\/100|[from] Grassy Terrain\n|-heal|p2a: Rillaboom|27\/100|[from] Grassy Terrain\n|upkeep\n|turn|19\n|\n|t:|1700522547\n|move|p2a: Rillaboom|Grassy Glide|p1a: Alisa Bosconovitch\n|-damage|p1a: Alisa Bosconovitch|0 fnt\n|faint|p1a: Alisa Bosconovitch\n|-end|p1a: Alisa Bosconovitch|Quark Drive|[silent]\n|\n|-heal|p2a: Rillaboom|33\/100|[from] Grassy Terrain\n|upkeep\n|\n|t:|1700522550\n|switch|p1a: Guts \u2694\ufe0f|Kingambit, M|64\/100\n|-activate|p1a: Guts \u2694\ufe0f|ability: Supreme Overlord\n|-start|p1a: Guts \u2694\ufe0f|fallen5|[silent]\n|turn|20\n|\n|t:|1700522552\n|move|p2a: Rillaboom|Grassy Glide|p1a: Guts \u2694\ufe0f\n|-resisted|p1a: Guts \u2694\ufe0f\n|-damage|p1a: Guts \u2694\ufe0f|42\/100\n|move|p1a: Guts \u2694\ufe0f|Sucker Punch||[still]\n|-fail|p1a: Guts \u2694\ufe0f\n|\n|-heal|p2a: Rillaboom|39\/100|[from] Grassy Terrain\n|-heal|p1a: Guts \u2694\ufe0f|48\/100|[from] Grassy Terrain\n|-heal|p1a: Guts \u2694\ufe0f|54\/100|[from] item: Leftovers\n|upkeep\n|turn|21\n|\n|t:|1700522556\n|move|p2a: Rillaboom|Grassy Glide|p1a: Guts \u2694\ufe0f\n|-resisted|p1a: Guts \u2694\ufe0f\n|-damage|p1a: Guts \u2694\ufe0f|30\/100\n|move|p1a: Guts \u2694\ufe0f|Iron Head|p2a: Rillaboom\n|-damage|p2a: Rillaboom|0 fnt\n|faint|p2a: Rillaboom\n|\n|win|Outdated AHH Team\n|raw|Outdated AHH Team's rating: 1601 &rarr; <strong>1616<\/strong><br \/>(+15 for winning)\n|raw|deathprofessor21's rating: 1510 &rarr; <strong>1495<\/strong><br \/>(-15 for losing)\n","uploadtime":1700522561,"views":5,"p1id":"outdatedahhteam","p2id":"deathprofessor21","formatid":"gen9ou","rating":1495,"private":0,"password":""}