{"id":"gen9ou-1989866764","p1":"PorkChap05","p2":"TaxesAreEvil","format":"[Gen 9] OU","log":"|j|\u2606PorkChap05\n|j|\u2606TaxesAreEvil\n|t:|1699902314\n|gametype|singles\n|player|p1|PorkChap05|flannery|1240\n|player|p2|TaxesAreEvil|170|1222\n|teamsize|p1|6\n|teamsize|p2|6\n|gen|9\n|tier|[Gen 9] OU\n|rated|\n|rule|Sleep Clause Mod: Limit one foe put to sleep\n|rule|Species Clause: Limit one of each Pok\u00e9mon\n|rule|OHKO Clause: OHKO moves are banned\n|rule|Evasion Items Clause: Evasion items are banned\n|rule|Evasion Moves Clause: Evasion moves are banned\n|rule|Endless Battle Clause: Forcing endless battles is banned\n|rule|HP Percentage Mod: HP is shown in percentages\n|clearpoke\n|poke|p1|Enamorus, F|\n|poke|p1|Iron Moth|\n|poke|p1|Dragapult, F|\n|poke|p1|Ogerpon-Wellspring, F|\n|poke|p1|Glimmora, F|\n|poke|p1|Great Tusk|\n|poke|p2|Eiscue, M|\n|poke|p2|Crawdaunt, F|\n|poke|p2|Ninetales-Alola, M|\n|poke|p2|Slowking-Galar, F|\n|poke|p2|Conkeldurr, M|\n|poke|p2|Glimmora, F|\n|teampreview\n|inactive|Battle timer is ON: inactive players will automatically lose when time's up. (requested by PorkChap05)\n|\n|t:|1699902318\n|start\n|switch|p1a: Dragapult|Dragapult, F|100\/100\n|switch|p2a: Slowking|Slowking-Galar, F|100\/100\n|turn|1\n|\n|t:|1699902328\n|move|p1a: Dragapult|Shadow Ball|p2a: Slowking\n|-supereffective|p2a: Slowking\n|-damage|p2a: Slowking|47\/100\n|-unboost|p2a: Slowking|spd|1\n|move|p2a: Slowking|Psychic|p1a: Dragapult\n|-damage|p1a: Dragapult|34\/100\n|\n|upkeep\n|turn|2\n|\n|t:|1699902338\n|switch|p2a: Ninetales|Ninetales-Alola, M|100\/100\n|-weather|Snow|[from] ability: Snow Warning|[of] p2a: Ninetales\n|move|p1a: Dragapult|Shadow Ball|p2a: Ninetales\n|-damage|p2a: Ninetales|45\/100\n|\n|-weather|Snow|[upkeep]\n|upkeep\n|turn|3\n|\n|t:|1699902352\n|switch|p2a: Glimmora|Glimmora, F|100\/100\n|move|p1a: Dragapult|Shadow Ball|p2a: Glimmora\n|-damage|p2a: Glimmora|41\/100\n|-unboost|p2a: Glimmora|spd|1\n|\n|-weather|Snow|[upkeep]\n|-heal|p2a: Glimmora|47\/100|[from] item: Leftovers\n|upkeep\n|turn|4\n|\n|t:|1699902361\n|move|p1a: Dragapult|Shadow Ball|p2a: Glimmora\n|-damage|p2a: Glimmora|0 fnt\n|faint|p2a: Glimmora\n|\n|-weather|Snow|[upkeep]\n|upkeep\n|\n|t:|1699902367\n|switch|p2a: Conkeldurr|Conkeldurr, M|100\/100\n|turn|5\n|\n|t:|1699902373\n|switch|p1a: Glimmora|Glimmora, F|100\/100\n|move|p2a: Conkeldurr|Knock Off|p1a: Glimmora\n|-damage|p1a: Glimmora|62\/100\n|-activate|p1a: Glimmora|ability: Toxic Debris\n|-sidestart|p2: TaxesAreEvil|move: Toxic Spikes\n|-enditem|p1a: Glimmora|Focus Sash|[from] move: Knock Off|[of] p2a: Conkeldurr\n|\n|-weather|Snow|[upkeep]\n|upkeep\n|turn|6\n|\n|t:|1699902382\n|move|p1a: Glimmora|Stealth Rock|p2a: Conkeldurr\n|-sidestart|p2: TaxesAreEvil|move: Stealth Rock\n|move|p2a: Conkeldurr|Drain Punch|p1a: Glimmora\n|-damage|p1a: Glimmora|10\/100\n|-activate|p1a: Glimmora|ability: Toxic Debris\n|-sidestart|p2: TaxesAreEvil|move: Toxic Spikes\n|\n|-weather|none\n|upkeep\n|turn|7\n|\n|t:|1699902389\n|move|p2a: Conkeldurr|Mach Punch|p1a: Glimmora\n|-damage|p1a: Glimmora|0 fnt\n|faint|p1a: Glimmora\n|\n|upkeep\n|\n|t:|1699902391\n|switch|p1a: Enamorus|Enamorus, F|100\/100\n|turn|8\n|\n|t:|1699902395\n|move|p1a: Enamorus|Moonblast|p2a: Conkeldurr\n|-supereffective|p2a: Conkeldurr\n|-damage|p2a: Conkeldurr|26\/100\n|move|p2a: Conkeldurr|Knock Off|p1a: Enamorus\n|-resisted|p1a: Enamorus\n|-damage|p1a: Enamorus|72\/100\n|-enditem|p1a: Enamorus|Choice Scarf|[from] move: Knock Off|[of] p2a: Conkeldurr\n|\n|upkeep\n|turn|9\n|\n|t:|1699902404\n|move|p2a: Conkeldurr|Mach Punch|p1a: Enamorus\n|-resisted|p1a: Enamorus\n|-damage|p1a: Enamorus|61\/100\n|move|p1a: Enamorus|Moonblast|p2a: Conkeldurr\n|-supereffective|p2a: Conkeldurr\n|-crit|p2a: Conkeldurr\n|-damage|p2a: Conkeldurr|0 fnt\n|faint|p2a: Conkeldurr\n|\n|upkeep\n|\n|t:|1699902415\n|switch|p2a: Ninetales|Ninetales-Alola, M|45\/100\n|-status|p2a: Ninetales|tox\n|-damage|p2a: Ninetales|20\/100 tox|[from] Stealth Rock\n|-weather|Snow|[from] ability: Snow Warning|[of] p2a: Ninetales\n|turn|10\n|\n|t:|1699902421\n|switch|p1a: Dragapult|Dragapult, F|34\/100\n|move|p2a: Ninetales|Aurora Veil|p2a: Ninetales\n|-sidestart|p2: TaxesAreEvil|move: Aurora Veil\n|\n|-weather|Snow|[upkeep]\n|-damage|p2a: Ninetales|15\/100 tox|[from] psn\n|upkeep\n|turn|11\n|\n|t:|1699902427\n|move|p1a: Dragapult|Shadow Ball|p2a: Ninetales\n|-crit|p2a: Ninetales\n|-damage|p2a: Ninetales|0 fnt\n|faint|p2a: Ninetales\n|\n|-weather|Snow|[upkeep]\n|upkeep\n|\n|t:|1699902432\n|switch|p2a: Slowking|Slowking-Galar, F|80\/100\n|-sideend|p2: TaxesAreEvil|move: Toxic Spikes|[of] p2a: Slowking\n|-damage|p2a: Slowking|68\/100|[from] Stealth Rock\n|turn|12\n|\n|t:|1699902443\n|-terastallize|p1a: Dragapult|Ghost\n|-terastallize|p2a: Slowking|Water\n|move|p1a: Dragapult|Shadow Ball|p2a: Slowking\n|-damage|p2a: Slowking|33\/100\n|move|p2a: Slowking|Psychic|p1a: Dragapult\n|-damage|p1a: Dragapult|0 fnt\n|faint|p1a: Dragapult\n|\n|-weather|Snow|[upkeep]\n|upkeep\n|\n|t:|1699902450\n|switch|p1a: Ogerpon|Ogerpon-Wellspring, F|100\/100\n|turn|13\n|\n|t:|1699902455\n|switch|p2a: Crawdaunt|Crawdaunt, F|100\/100\n|-damage|p2a: Crawdaunt|88\/100|[from] Stealth Rock\n|move|p1a: Ogerpon|Swords Dance|p1a: Ogerpon\n|-boost|p1a: Ogerpon|atk|2\n|\n|-weather|Snow|[upkeep]\n|upkeep\n|turn|14\n|\n|t:|1699902462\n|move|p1a: Ogerpon|Horn Leech|p2a: Crawdaunt\n|-supereffective|p2a: Crawdaunt\n|-damage|p2a: Crawdaunt|0 fnt\n|faint|p2a: Crawdaunt\n|\n|-weather|none\n|upkeep\n|\n|t:|1699902467\n|switch|p2a: Eiscue|Eiscue, M|100\/100\n|-damage|p2a: Eiscue|76\/100|[from] Stealth Rock\n|turn|15\n|\n|t:|1699902474\n|move|p1a: Ogerpon|Knock Off|p2a: Eiscue\n|-activate|p2a: Eiscue|ability: Ice Face\n|-damage|p2a: Eiscue|76\/100\n|-enditem|p2a: Eiscue|Loaded Dice|[from] move: Knock Off|[of] p1a: Ogerpon\n|detailschange|p2a: Eiscue|Eiscue-Noice, M\n|move|p2a: Eiscue|Belly Drum|p2a: Eiscue\n|-damage|p2a: Eiscue|26\/100\n|-setboost|p2a: Eiscue|atk|6|[from] move: Belly Drum\n|\n|upkeep\n|turn|16\n|\n|t:|1699902483\n|move|p2a: Eiscue|Zen Headbutt|p1a: Ogerpon\n|-damage|p1a: Ogerpon|0 fnt\n|faint|p1a: Ogerpon\n|\n|upkeep\n|\n|t:|1699902499\n|switch|p1a: Enamorus|Enamorus, F|61\/100\n|turn|17\n|\n|t:|1699902502\n|move|p2a: Eiscue|Icicle Spear|p1a: Enamorus\n|-supereffective|p1a: Enamorus\n|-damage|p1a: Enamorus|0 fnt\n|faint|p1a: Enamorus\n|-hitcount|p1: Enamorus|1\n|\n|-sideend|p2: TaxesAreEvil|move: Aurora Veil\n|upkeep\n|\n|t:|1699902503\n|switch|p1a: Iron Moth|Iron Moth|100\/100\n|-enditem|p1a: Iron Moth|Booster Energy\n|-activate|p1a: Iron Moth|ability: Quark Drive|[fromitem]\n|-start|p1a: Iron Moth|quarkdrivespa\n|turn|18\n|\n|t:|1699902512\n|move|p2a: Eiscue|Zen Headbutt|p1a: Iron Moth\n|-supereffective|p1a: Iron Moth\n|-damage|p1a: Iron Moth|0 fnt\n|faint|p1a: Iron Moth\n|-end|p1a: Iron Moth|Quark Drive|[silent]\n|\n|upkeep\n|\n|t:|1699902514\n|switch|p1a: Great Tusk|Great Tusk|100\/100\n|turn|19\n|\n|t:|1699902518\n|move|p2a: Eiscue|Zen Headbutt|p1a: Great Tusk\n|-supereffective|p1a: Great Tusk\n|-damage|p1a: Great Tusk|0 fnt\n|faint|p1a: Great Tusk\n|-end|p1a: Great Tusk|Protosynthesis|[silent]\n|\n|win|TaxesAreEvil\n|raw|PorkChap05's rating: 1240 &rarr; <strong>1214<\/strong><br \/>(-26 for losing)\n|raw|TaxesAreEvil's rating: 1222 &rarr; <strong>1248<\/strong><br \/>(+26 for winning)\n|c|\u2606PorkChap05|Wow\n","uploadtime":1699902524,"views":11,"p1id":"porkchap05","p2id":"taxesareevil","formatid":"gen9ou","rating":1214,"private":0,"password":""}