{"id":"gen9ou-1994269329","p1":"Lasagne Crustle","p2":"Slprs","format":"[Gen 9] OU","log":"|j|\u2606Lasagne Crustle\n|j|\u2606Slprs\n|t:|1700425429\n|gametype|singles\n|player|p1|Lasagne Crustle|lucas|1072\n|player|p2|Slprs|101|1026\n|teamsize|p1|6\n|teamsize|p2|6\n|gen|9\n|tier|[Gen 9] OU\n|rated|\n|rule|Sleep Clause Mod: Limit one foe put to sleep\n|rule|Species Clause: Limit one of each Pok\u00e9mon\n|rule|OHKO Clause: OHKO moves are banned\n|rule|Evasion Items Clause: Evasion items are banned\n|rule|Evasion Moves Clause: Evasion moves are banned\n|rule|Endless Battle Clause: Forcing endless battles is banned\n|rule|HP Percentage Mod: HP is shown in percentages\n|clearpoke\n|poke|p1|Clefable, F|\n|poke|p1|Dondozo, F|\n|poke|p1|Tornadus-Therian, M|\n|poke|p1|Toxapex, M|\n|poke|p1|Talonflame, M|\n|poke|p1|Corviknight, F|\n|poke|p2|Toxapex, M|\n|poke|p2|Ceruledge, M|\n|poke|p2|Ribombee, M|\n|poke|p2|Corviknight, M|\n|poke|p2|Rotom-Wash|\n|poke|p2|Krookodile, F|\n|teampreview\n|inactive|Battle timer is ON: inactive players will automatically lose when time's up. (requested by Lasagne Crustle)\n|\n|t:|1700425438\n|start\n|switch|p1a: Talonflame|Talonflame, M|100\/100\n|switch|p2a: Rotom|Rotom-Wash|100\/100\n|turn|1\n|\n|t:|1700425444\n|move|p1a: Talonflame|U-turn|p2a: Rotom\n|-damage|p2a: Rotom|73\/100\n|\n|t:|1700425447\n|switch|p1a: Dondozo|Dondozo, F|100\/100|[from] U-turn\n|move|p2a: Rotom|Thunderbolt|p1a: Dondozo\n|-supereffective|p1a: Dondozo\n|-damage|p1a: Dondozo|29\/100\n|\n|upkeep\n|turn|2\n|\n|t:|1700425454\n|move|p2a: Rotom|Thunderbolt|p1a: Dondozo\n|-supereffective|p1a: Dondozo\n|-damage|p1a: Dondozo|0 fnt\n|faint|p1a: Dondozo\n|\n|upkeep\n|\n|t:|1700425465\n|switch|p1a: Clefable|Clefable, F|100\/100\n|turn|3\n|\n|t:|1700425476\n|move|p2a: Rotom|Hydro Pump|p1a: Clefable\n|-damage|p1a: Clefable|52\/100\n|move|p1a: Clefable|Moonblast|p2a: Rotom\n|-damage|p2a: Rotom|27\/100\n|-unboost|p2a: Rotom|spa|1\n|\n|upkeep\n|turn|4\n|\n|t:|1700425485\n|move|p2a: Rotom|Thunderbolt|p1a: Clefable\n|-damage|p1a: Clefable|25\/100\n|move|p1a: Clefable|Moonblast|p2a: Rotom\n|-damage|p2a: Rotom|0 fnt\n|faint|p2a: Rotom\n|\n|upkeep\n|\n|t:|1700425497\n|switch|p2a: Toxapex|Toxapex, M|100\/100\n|turn|5\n|\n|t:|1700425504\n|move|p1a: Clefable|Calm Mind|p1a: Clefable\n|-boost|p1a: Clefable|spa|1\n|-boost|p1a: Clefable|spd|1\n|move|p2a: Toxapex|Toxic|p1a: Clefable\n|-status|p1a: Clefable|tox\n|\n|upkeep\n|turn|6\n|\n|t:|1700425513\n|move|p2a: Toxapex|Baneful Bunker|p2a: Toxapex\n|-singleturn|p2a: Toxapex|move: Protect\n|move|p1a: Clefable|Moonblast|p2a: Toxapex\n|-activate|p2a: Toxapex|move: Protect\n|\n|upkeep\n|turn|7\n|\n|t:|1700425522\n|move|p1a: Clefable|Moonblast|p2a: Toxapex\n|-resisted|p2a: Toxapex\n|-damage|p2a: Toxapex|63\/100\n|move|p2a: Toxapex|Liquidation|p1a: Clefable\n|-crit|p1a: Clefable\n|-damage|p1a: Clefable|0 fnt\n|faint|p1a: Clefable\n|\n|-heal|p2a: Toxapex|69\/100|[from] item: Black Sludge\n|upkeep\n|\n|t:|1700425535\n|switch|p1a: Corviknight|Corviknight, F|100\/100\n|turn|8\n|\n|t:|1700425546\n|move|p2a: Toxapex|Baneful Bunker|p2a: Toxapex\n|-singleturn|p2a: Toxapex|move: Protect\n|move|p1a: Corviknight|Nasty Plot|p1a: Corviknight\n|-boost|p1a: Corviknight|spa|2\n|\n|-heal|p2a: Toxapex|75\/100|[from] item: Black Sludge\n|upkeep\n|turn|9\n|\n|t:|1700425554\n|move|p1a: Corviknight|Nasty Plot|p1a: Corviknight\n|-boost|p1a: Corviknight|spa|2\n|move|p2a: Toxapex|Liquidation|p1a: Corviknight\n|-damage|p1a: Corviknight|75\/100\n|\n|-heal|p2a: Toxapex|81\/100|[from] item: Black Sludge\n|upkeep\n|turn|10\n|\n|t:|1700425561\n|move|p1a: Corviknight|Hurricane|p2a: Toxapex\n|-damage|p2a: Toxapex|0 fnt\n|faint|p2a: Toxapex\n|-damage|p1a: Corviknight|65\/100|[from] item: Life Orb\n|\n|upkeep\n|\n|t:|1700425574\n|switch|p2a: Ceruledge|Ceruledge, M|100\/100\n|turn|11\n|\n|t:|1700425588\n|-terastallize|p1a: Corviknight|Flying\n|move|p1a: Corviknight|Tera Blast|p2a: Ceruledge|[anim] Tera Blast Flying\n|-damage|p2a: Ceruledge|0 fnt\n|faint|p2a: Ceruledge\n|-damage|p1a: Corviknight|56\/100|[from] item: Life Orb\n|\n|upkeep\n|\n|t:|1700425599\n|switch|p2a: Corviknight|Corviknight, M|100\/100\n|turn|12\n|\n|t:|1700425604\n|move|p1a: Corviknight|Hurricane|p2a: Corviknight\n|-resisted|p2a: Corviknight\n|-damage|p2a: Corviknight|17\/100\n|-start|p2a: Corviknight|confusion\n|-damage|p1a: Corviknight|46\/100|[from] item: Life Orb\n|-activate|p2a: Corviknight|confusion\n|move|p2a: Corviknight|Brave Bird|p1a: Corviknight\n|-damage|p1a: Corviknight|3\/100\n|-damage|p2a: Corviknight|4\/100|[from] Recoil\n|\n|-heal|p2a: Corviknight|10\/100|[from] item: Leftovers\n|upkeep\n|turn|13\n|\n|t:|1700425617\n|move|p1a: Corviknight|Tera Blast|p2a: Corviknight|[anim] Tera Blast Flying\n|-resisted|p2a: Corviknight\n|-damage|p2a: Corviknight|0 fnt\n|faint|p2a: Corviknight\n|-damage|p1a: Corviknight|0 fnt|[from] item: Life Orb\n|faint|p1a: Corviknight\n|\n|upkeep\n|\n|t:|1700425647\n|switch|p1a: Tornadus|Tornadus-Therian, M|100\/100\n|switch|p2a: Ribombee|Ribombee, M|100\/100\n|turn|14\n|\n|t:|1700425656\n|move|p1a: Tornadus|Heat Wave|p2a: Ribombee\n|-supereffective|p2a: Ribombee\n|-damage|p2a: Ribombee|0 fnt\n|faint|p2a: Ribombee\n|-damage|p1a: Tornadus|91\/100|[from] item: Life Orb\n|\n|upkeep\n|\n|t:|1700425661\n|switch|p2a: Krookodile|Krookodile, F|100\/100\n|-ability|p2a: Krookodile|Intimidate|boost\n|-unboost|p1a: Tornadus|atk|1\n|turn|15\n|\n|t:|1700425668\n|move|p1a: Tornadus|Focus Blast|p2a: Krookodile\n|-supereffective|p2a: Krookodile\n|-damage|p2a: Krookodile|0 fnt\n|faint|p2a: Krookodile\n|-damage|p1a: Tornadus|81\/100|[from] item: Life Orb\n|\n|win|Lasagne Crustle\n|raw|Lasagne Crustle's rating: 1072 &rarr; <strong>1097<\/strong><br \/>(+25 for winning)\n|raw|Slprs's rating: 1026 &rarr; <strong>1014<\/strong><br \/>(-12 for losing)\n|c|\u2606Slprs|gg\n|l|\u2606Slprs\n","uploadtime":1700425759,"views":20,"p1id":"lasagnecrustle","p2id":"slprs","formatid":"gen9ou","rating":1014,"private":0,"password":""}