{"id":"gen9ou-1996227418","p1":"MR. REMORAIDD","p2":"Tuckz2sav","format":"[Gen 9] OU","log":"|j|\u2606MR. REMORAIDD\n|j|\u2606Tuckz2sav\n|t:|1700661525\n|gametype|singles\n|player|p1|MR. REMORAIDD|hiker-gen4|1069\n|player|p2|Tuckz2sav|1|1074\n|teamsize|p1|6\n|teamsize|p2|6\n|gen|9\n|tier|[Gen 9] OU\n|rated|\n|rule|Sleep Clause Mod: Limit one foe put to sleep\n|rule|Species Clause: Limit one of each Pok\u00e9mon\n|rule|OHKO Clause: OHKO moves are banned\n|rule|Evasion Items Clause: Evasion items are banned\n|rule|Evasion Moves Clause: Evasion moves are banned\n|rule|Endless Battle Clause: Forcing endless battles is banned\n|rule|HP Percentage Mod: HP is shown in percentages\n|clearpoke\n|poke|p1|Arcanine-Hisui, M|\n|poke|p1|Grimmsnarl, M|\n|poke|p1|Goodra-Hisui, F|\n|poke|p1|Ursaluna, F|\n|poke|p1|Quaquaval, M|\n|poke|p1|Braviary-Hisui, M|\n|poke|p2|Cinderace, F|\n|poke|p2|Dragonite, M|\n|poke|p2|Corviknight, M|\n|poke|p2|Manaphy|\n|poke|p2|Ninetales-Alola, F|\n|poke|p2|Iron Valiant|\n|teampreview\n|inactive|Battle timer is ON: inactive players will automatically lose when time's up. (requested by MR. REMORAIDD)\n|\n|t:|1700661538\n|start\n|switch|p1a: Ryuk|Grimmsnarl, M, shiny|100\/100\n|switch|p2a: Manaphy|Manaphy|100\/100\n|turn|1\n|\n|t:|1700661553\n|move|p1a: Ryuk|Light Screen|p1a: Ryuk\n|-sidestart|p1: MR. REMORAIDD|move: Light Screen\n|move|p2a: Manaphy|Light Screen|p2a: Manaphy\n|-sidestart|p2: Tuckz2sav|move: Light Screen\n|\n|upkeep\n|turn|2\n|\n|t:|1700661558\n|move|p1a: Ryuk|Reflect|p1a: Ryuk\n|-sidestart|p1: MR. REMORAIDD|Reflect\n|move|p2a: Manaphy|Reflect|p2a: Manaphy\n|-sidestart|p2: Tuckz2sav|Reflect\n|\n|upkeep\n|turn|3\n|\n|t:|1700661565\n|move|p1a: Ryuk|Parting Shot|p2a: Manaphy\n|-unboost|p2a: Manaphy|atk|1\n|-unboost|p2a: Manaphy|spa|1\n|\n|t:|1700661578\n|switch|p1a: Braveheart|Braviary-Hisui, M|100\/100|[from] Parting Shot\n|move|p2a: Manaphy|Calm Mind|p2a: Manaphy\n|-boost|p2a: Manaphy|spa|1\n|-boost|p2a: Manaphy|spd|1\n|\n|upkeep\n|turn|4\n|\n|t:|1700661584\n|move|p2a: Manaphy|Calm Mind|p2a: Manaphy\n|-boost|p2a: Manaphy|spa|1\n|-boost|p2a: Manaphy|spd|1\n|move|p1a: Braveheart|Calm Mind|p1a: Braveheart\n|-boost|p1a: Braveheart|spa|1\n|-boost|p1a: Braveheart|spd|1\n|\n|upkeep\n|turn|5\n|\n|t:|1700661591\n|move|p2a: Manaphy|Dazzling Gleam|p1a: Braveheart\n|-damage|p1a: Braveheart|89\/100\n|move|p1a: Braveheart|Calm Mind|p1a: Braveheart\n|-boost|p1a: Braveheart|spa|1\n|-boost|p1a: Braveheart|spd|1\n|\n|-sideend|p2: Tuckz2sav|move: Light Screen\n|upkeep\n|turn|6\n|\n|t:|1700661601\n|move|p2a: Manaphy|Light Screen|p2a: Manaphy\n|-sidestart|p2: Tuckz2sav|move: Light Screen\n|move|p1a: Braveheart|Calm Mind|p1a: Braveheart\n|-boost|p1a: Braveheart|spa|1\n|-boost|p1a: Braveheart|spd|1\n|\n|-sideend|p2: Tuckz2sav|Reflect\n|upkeep\n|turn|7\n|\n|t:|1700661609\n|move|p2a: Manaphy|Light Screen||[still]\n|-fail|p2a: Manaphy\n|move|p1a: Braveheart|Calm Mind|p1a: Braveheart\n|-boost|p1a: Braveheart|spa|1\n|-boost|p1a: Braveheart|spd|1\n|\n|upkeep\n|turn|8\n|\n|t:|1700661620\n|move|p2a: Manaphy|Calm Mind|p2a: Manaphy\n|-boost|p2a: Manaphy|spa|1\n|-boost|p2a: Manaphy|spd|1\n|move|p1a: Braveheart|Calm Mind|p1a: Braveheart\n|-boost|p1a: Braveheart|spa|1\n|-boost|p1a: Braveheart|spd|1\n|\n|-sideend|p1: MR. REMORAIDD|move: Light Screen\n|upkeep\n|turn|9\n|\n|t:|1700661632\n|move|p2a: Manaphy|Calm Mind|p2a: Manaphy\n|-boost|p2a: Manaphy|spa|1\n|-boost|p2a: Manaphy|spd|1\n|move|p1a: Braveheart|Hurricane|p2a: Manaphy|[miss]\n|-miss|p1a: Braveheart|p2a: Manaphy\n|\n|-sideend|p1: MR. REMORAIDD|Reflect\n|upkeep\n|turn|10\n|\n|t:|1700661641\n|move|p2a: Manaphy|Dazzling Gleam|p1a: Braveheart\n|-damage|p1a: Braveheart|72\/100\n|move|p1a: Braveheart|Esper Wing|p2a: Manaphy\n|-damage|p2a: Manaphy|80\/100\n|-boost|p1a: Braveheart|spe|1\n|\n|-heal|p2a: Manaphy|86\/100|[from] item: Leftovers\n|-sideend|p2: Tuckz2sav|move: Light Screen\n|upkeep\n|turn|11\n|\n|t:|1700661653\n|move|p1a: Braveheart|Calm Mind|p1a: Braveheart\n|-boost|p1a: Braveheart|spa|1\n|-boost|p1a: Braveheart|spd|1\n|move|p2a: Manaphy|Dazzling Gleam|p1a: Braveheart\n|-damage|p1a: Braveheart|58\/100\n|\n|-heal|p2a: Manaphy|93\/100|[from] item: Leftovers\n|upkeep\n|turn|12\n|\n|t:|1700661661\n|move|p1a: Braveheart|Hurricane|p2a: Manaphy\n|-damage|p2a: Manaphy|29\/100\n|move|p2a: Manaphy|Calm Mind|p2a: Manaphy\n|-boost|p2a: Manaphy|spa|1\n|-boost|p2a: Manaphy|spd|1\n|\n|-heal|p2a: Manaphy|35\/100|[from] item: Leftovers\n|upkeep\n|turn|13\n|\n|t:|1700661669\n|move|p1a: Braveheart|Hurricane|p2a: Manaphy|[miss]\n|-miss|p1a: Braveheart|p2a: Manaphy\n|move|p2a: Manaphy|Dazzling Gleam|p1a: Braveheart\n|-damage|p1a: Braveheart|40\/100\n|\n|-heal|p2a: Manaphy|41\/100|[from] item: Leftovers\n|upkeep\n|turn|14\n|\n|t:|1700661676\n|move|p1a: Braveheart|Roost|p1a: Braveheart\n|-heal|p1a: Braveheart|90\/100\n|-singleturn|p1a: Braveheart|move: Roost\n|move|p2a: Manaphy|Dazzling Gleam|p1a: Braveheart\n|-damage|p1a: Braveheart|71\/100\n|\n|-heal|p2a: Manaphy|47\/100|[from] item: Leftovers\n|upkeep\n|turn|15\n|\n|t:|1700661685\n|move|p1a: Braveheart|Hurricane|p2a: Manaphy|[miss]\n|-miss|p1a: Braveheart|p2a: Manaphy\n|move|p2a: Manaphy|Calm Mind|p2a: Manaphy\n|-boost|p2a: Manaphy|spa|1\n|-boost|p2a: Manaphy|spd|1\n|\n|-heal|p2a: Manaphy|54\/100|[from] item: Leftovers\n|upkeep\n|turn|16\n|\n|t:|1700661692\n|move|p1a: Braveheart|Hurricane|p2a: Manaphy|[miss]\n|-miss|p1a: Braveheart|p2a: Manaphy\n|move|p2a: Manaphy|Dazzling Gleam|p1a: Braveheart\n|-damage|p1a: Braveheart|50\/100\n|\n|-heal|p2a: Manaphy|60\/100|[from] item: Leftovers\n|upkeep\n|turn|17\n|c|\u2606MR. REMORAIDD|fffffffcccccccckkkkkkk\n|\n|t:|1700661702\n|move|p1a: Braveheart|Hurricane|p2a: Manaphy\n|-damage|p2a: Manaphy|15\/100\n|move|p2a: Manaphy|Dazzling Gleam|p1a: Braveheart\n|-damage|p1a: Braveheart|30\/100\n|\n|-heal|p2a: Manaphy|21\/100|[from] item: Leftovers\n|upkeep\n|turn|18\n|\n|t:|1700661712\n|move|p1a: Braveheart|Esper Wing|p2a: Manaphy\n|-damage|p2a: Manaphy|0 fnt\n|-boost|p1a: Braveheart|spe|1\n|faint|p2a: Manaphy\n|\n|upkeep\n|\n|t:|1700661726\n|switch|p2a: Dragonite|Dragonite, M, shiny|100\/100\n|turn|19\n|\n|t:|1700661734\n|move|p2a: Dragonite|Aqua Jet|p1a: Braveheart\n|-damage|p1a: Braveheart|15\/100\n|move|p1a: Braveheart|Roost|p1a: Braveheart\n|-heal|p1a: Braveheart|65\/100\n|-singleturn|p1a: Braveheart|move: Roost\n|\n|upkeep\n|turn|20\n|\n|t:|1700661748\n|move|p2a: Dragonite|Extreme Speed|p1a: Braveheart\n|-damage|p1a: Braveheart|38\/100\n|move|p1a: Braveheart|Hurricane|p2a: Dragonite\n|-damage|p2a: Dragonite|6\/100\n|\n|-heal|p2a: Dragonite|12\/100|[from] item: Leftovers\n|upkeep\n|turn|21\n|c|\u2606MR. REMORAIDD|gg\n|\n|t:|1700661760\n|move|p2a: Dragonite|Extreme Speed|p1a: Braveheart\n|-damage|p1a: Braveheart|8\/100\n|move|p1a: Braveheart|Roost|p1a: Braveheart\n|-heal|p1a: Braveheart|58\/100\n|-singleturn|p1a: Braveheart|move: Roost\n|\n|-heal|p2a: Dragonite|18\/100|[from] item: Leftovers\n|upkeep\n|turn|22\n|\n|t:|1700661770\n|move|p2a: Dragonite|Extreme Speed|p1a: Braveheart\n|-damage|p1a: Braveheart|27\/100\n|move|p1a: Braveheart|Roost|p1a: Braveheart\n|-heal|p1a: Braveheart|77\/100\n|-singleturn|p1a: Braveheart|move: Roost\n|\n|-heal|p2a: Dragonite|24\/100|[from] item: Leftovers\n|upkeep\n|turn|23\n|\n|t:|1700661779\n|move|p2a: Dragonite|Extreme Speed|p1a: Braveheart\n|-damage|p1a: Braveheart|45\/100\n|move|p1a: Braveheart|Esper Wing|p2a: Dragonite\n|-damage|p2a: Dragonite|0 fnt\n|-boost|p1a: Braveheart|spe|1\n|faint|p2a: Dragonite\n|\n|upkeep\n|\n|t:|1700661782\n|switch|p2a: Corviknight|Corviknight, M|100\/100\n|-ability|p2a: Corviknight|Pressure\n|turn|24\n|\n|t:|1700661791\n|move|p1a: Braveheart|Esper Wing|p2a: Corviknight\n|-resisted|p2a: Corviknight\n|-damage|p2a: Corviknight|0 fnt\n|-boost|p1a: Braveheart|spe|1\n|faint|p2a: Corviknight\n|\n|upkeep\n|\n|t:|1700661801\n|switch|p2a: Iron Valiant|Iron Valiant|100\/100\n|turn|25\n|\n|t:|1700661806\n|move|p1a: Braveheart|Esper Wing|p2a: Iron Valiant\n|-supereffective|p2a: Iron Valiant\n|-damage|p2a: Iron Valiant|0 fnt\n|-boost|p1a: Braveheart|spe|1\n|faint|p2a: Iron Valiant\n|-end|p2a: Iron Valiant|Quark Drive|[silent]\n|\n|upkeep\n|\n|t:|1700661813\n|switch|p2a: Cinderace|Cinderace, F, shiny|100\/100\n|turn|26\n|\n|t:|1700661824\n|move|p1a: Braveheart|Esper Wing|p2a: Cinderace\n|-enditem|p2a: Cinderace|Focus Sash\n|-damage|p2a: Cinderace|1\/100\n|-boost|p1a: Braveheart|spe|1\n|move|p2a: Cinderace|Bulk Up|p2a: Cinderace\n|-boost|p2a: Cinderace|atk|1\n|-boost|p2a: Cinderace|def|1\n|\n|upkeep\n|turn|27\n|\n|t:|1700661849\n|move|p1a: Braveheart|Esper Wing|p2a: Cinderace\n|-damage|p2a: Cinderace|0 fnt\n|faint|p2a: Cinderace\n|\n|upkeep\n|\n|t:|1700661851\n|switch|p2a: Ninetales|Ninetales-Alola, F, shiny|100\/100\n|-weather|Snow|[from] ability: Snow Warning|[of] p2a: Ninetales\n|turn|28\n|\n|t:|1700661858\n|move|p1a: Braveheart|Esper Wing|p2a: Ninetales\n|-damage|p2a: Ninetales|0 fnt\n|faint|p2a: Ninetales\n|\n|win|MR. REMORAIDD\n|raw|MR. REMORAIDD's rating: 1069 &rarr; <strong>1099<\/strong><br \/>(+30 for winning)\n|raw|Tuckz2sav's rating: 1074 &rarr; <strong>1053<\/strong><br \/>(-21 for losing)\n","uploadtime":1700661701,"views":0,"p1id":"mrremoraidd","p2id":"tuckz2sav","formatid":"gen9ou","rating":1053,"private":0,"password":""}