{"id":"gen9ou-1994741119","p1":"Cranberru22","p2":"Lyons77","format":"[Gen 9] OU","log":"|j|\u2606Cranberru22\n|j|\u2606Lyons77\n|t:|1700487949\n|gametype|singles\n|player|p1|Cranberru22|2|1115\n|player|p2|Lyons77|gambler|1066\n|teamsize|p1|6\n|teamsize|p2|6\n|gen|9\n|tier|[Gen 9] OU\n|rated|\n|rule|Sleep Clause Mod: Limit one foe put to sleep\n|rule|Species Clause: Limit one of each Pok\u00e9mon\n|rule|OHKO Clause: OHKO moves are banned\n|rule|Evasion Items Clause: Evasion items are banned\n|rule|Evasion Moves Clause: Evasion moves are banned\n|rule|Endless Battle Clause: Forcing endless battles is banned\n|rule|HP Percentage Mod: HP is shown in percentages\n|clearpoke\n|poke|p1|Torkoal, M|\n|poke|p1|Charizard, F|\n|poke|p1|Volcanion|\n|poke|p1|Pelipper, M|\n|poke|p1|Beartic, M|\n|poke|p1|Walking Wake|\n|poke|p2|Ceruledge, M|\n|poke|p2|Garganacl, M|\n|poke|p2|Scizor, M|\n|poke|p2|Volcanion|\n|poke|p2|Glimmora, M|\n|poke|p2|Corviknight, M|\n|teampreview\n|\n|t:|1700487961\n|start\n|switch|p1a: Torkoal|Torkoal, M|100\/100\n|switch|p2a: Glimmora|Glimmora, M|100\/100\n|-weather|SunnyDay|[from] ability: Drought|[of] p1a: Torkoal\n|turn|1\n|l|\u2606Lyons77\n|player|p2|\n|inactive|Battle timer is ON: inactive players will automatically lose when time's up. (requested by Cranberru22)\n|j|\u2606Lyons77\n|inactive|Lyons77 reconnected and has 145 seconds left.\n|player|p2|Lyons77|gambler\n|\n|t:|1700487993\n|move|p2a: Glimmora|Stealth Rock|p1a: Torkoal\n|-sidestart|p1: Cranberru22|move: Stealth Rock\n|move|p1a: Torkoal|Yawn|p2a: Glimmora\n|-start|p2a: Glimmora|move: Yawn|[of] p1a: Torkoal\n|\n|-weather|SunnyDay|[upkeep]\n|upkeep\n|turn|2\n|\n|t:|1700488005\n|switch|p2a: Volcanion|Volcanion|100\/100\n|move|p1a: Torkoal|Rapid Spin|p2a: Volcanion\n|-damage|p2a: Volcanion|94\/100\n|-boost|p1a: Torkoal|spe|1\n|-sideend|p1: Cranberru22|Stealth Rock|[from] move: Rapid Spin|[of] p1a: Torkoal\n|\n|-weather|SunnyDay|[upkeep]\n|upkeep\n|turn|3\n|\n|t:|1700488015\n|move|p2a: Volcanion|Steam Eruption|p1a: Torkoal\n|-supereffective|p1a: Torkoal\n|-damage|p1a: Torkoal|43\/100\n|move|p1a: Torkoal|Stealth Rock|p2a: Volcanion\n|-sidestart|p2: Lyons77|move: Stealth Rock\n|\n|-weather|SunnyDay|[upkeep]\n|upkeep\n|turn|4\n|\n|t:|1700488027\n|switch|p1a: Volcanion|Volcanion|100\/100\n|move|p2a: Volcanion|Steam Eruption|p1a: Volcanion\n|-immune|p1a: Volcanion|[from] ability: Water Absorb\n|\n|-weather|SunnyDay|[upkeep]\n|upkeep\n|turn|5\n|j| xlr8benten\n|c| xlr8benten|cran\n|\n|t:|1700488050\n|-terastallize|p1a: Volcanion|Ground\n|move|p1a: Volcanion|Tera Blast|p2a: Volcanion|[anim] Tera Blast Ground\n|-supereffective|p2a: Volcanion\n|-damage|p2a: Volcanion|30\/100\n|move|p2a: Volcanion|Earth Power|p1a: Volcanion\n|-damage|p1a: Volcanion|56\/100\n|\n|-weather|SunnyDay|[upkeep]\n|upkeep\n|turn|6\n|c| xlr8benten|do it\n|\n|t:|1700488063\n|switch|p2a: Corviknight|Corviknight, M, shiny|100\/100\n|-damage|p2a: Corviknight|88\/100|[from] Stealth Rock\n|move|p1a: Volcanion|Tera Blast|p2a: Corviknight|[anim] Tera Blast Ground\n|-immune|p2a: Corviknight\n|\n|-weather|SunnyDay|[upkeep]\n|-heal|p2a: Corviknight|94\/100|[from] item: Leftovers\n|upkeep\n|turn|7\n|inactive|Lyons77 has 120 seconds left.\n|\n|t:|1700488088\n|switch|p1a: Pelipper|Pelipper, M|100\/100\n|-weather|RainDance|[from] ability: Drizzle|[of] p1a: Pelipper\n|switch|p2a: Ceruledge|Ceruledge, M, shiny|100\/100\n|-damage|p2a: Ceruledge|76\/100|[from] Stealth Rock\n|\n|-weather|RainDance|[upkeep]\n|upkeep\n|turn|8\n|inactive|Lyons77 has 120 seconds left.\n|c|\u2606Cranberru22|multi tasking 2 games but still we up\n|\n|t:|1700488104\n|switch|p2a: Scizor|Scizor, M|100\/100\n|-damage|p2a: Scizor|88\/100|[from] Stealth Rock\n|move|p1a: Pelipper|Weather Ball|p2a: Scizor\n|-damage|p2a: Scizor|24\/100\n|\n|-weather|RainDance|[upkeep]\n|-heal|p2a: Scizor|30\/100|[from] item: Leftovers\n|upkeep\n|turn|9\n|c| xlr8benten|yes\n|c| xlr8benten|i know\n|c| xlr8benten|i saw it\n|\n|t:|1700488114\n|move|p1a: Pelipper|Weather Ball|p2a: Scizor\n|-damage|p2a: Scizor|0 fnt\n|faint|p2a: Scizor\n|\n|-weather|RainDance|[upkeep]\n|upkeep\n|\n|t:|1700488121\n|switch|p2a: Glimmora|Glimmora, M|100\/100\n|-damage|p2a: Glimmora|88\/100|[from] Stealth Rock\n|turn|10\n|\n|t:|1700488139\n|move|p2a: Glimmora|Stealth Rock|p1a: Pelipper\n|-sidestart|p1: Cranberru22|move: Stealth Rock\n|move|p1a: Pelipper|Weather Ball|p2a: Glimmora\n|-supereffective|p2a: Glimmora\n|-damage|p2a: Glimmora|0 fnt\n|faint|p2a: Glimmora\n|\n|-weather|RainDance|[upkeep]\n|upkeep\n|\n|t:|1700488151\n|switch|p2a: Corviknight|Corviknight, M, shiny|94\/100\n|-damage|p2a: Corviknight|82\/100|[from] Stealth Rock\n|turn|11\n|\n|t:|1700488170\n|move|p2a: Corviknight|Roost|p2a: Corviknight\n|-heal|p2a: Corviknight|100\/100\n|-singleturn|p2a: Corviknight|move: Roost\n|move|p1a: Pelipper|Weather Ball|p2a: Corviknight\n|-damage|p2a: Corviknight|57\/100\n|\n|-weather|RainDance|[upkeep]\n|-heal|p2a: Corviknight|63\/100|[from] item: Leftovers\n|upkeep\n|turn|12\n|\n|t:|1700488185\n|move|p2a: Corviknight|Hurricane|p1a: Pelipper\n|-damage|p1a: Pelipper|67\/100\n|-start|p1a: Pelipper|confusion\n|-activate|p1a: Pelipper|confusion\n|-damage|p1a: Pelipper|63\/100|[from] confusion\n|\n|-weather|RainDance|[upkeep]\n|-heal|p2a: Corviknight|69\/100|[from] item: Leftovers\n|upkeep\n|turn|13\n|\n|t:|1700488199\n|move|p2a: Corviknight|Nasty Plot|p2a: Corviknight\n|-boost|p2a: Corviknight|spa|2\n|-end|p1a: Pelipper|confusion\n|move|p1a: Pelipper|U-turn|p2a: Corviknight\n|-resisted|p2a: Corviknight\n|-damage|p2a: Corviknight|68\/100\n|c|\u2606Cranberru22|?\n|c|\u2606Cranberru22|strange\n|\n|t:|1700488212\n|switch|p1a: Torkoal|Torkoal, M|43\/100|[from] U-turn\n|-damage|p1a: Torkoal|18\/100|[from] Stealth Rock\n|-weather|SunnyDay|[from] ability: Drought|[of] p1a: Torkoal\n|\n|-weather|SunnyDay|[upkeep]\n|-heal|p2a: Corviknight|74\/100|[from] item: Leftovers\n|upkeep\n|turn|14\n|inactive|Lyons77 has 120 seconds left.\n|c| xlr8benten|hmm\n|\n|t:|1700488230\n|move|p2a: Corviknight|Tera Blast|p1a: Torkoal\n|-damage|p1a: Torkoal|0 fnt\n|faint|p1a: Torkoal\n|\n|-weather|SunnyDay|[upkeep]\n|-heal|p2a: Corviknight|81\/100|[from] item: Leftovers\n|upkeep\n|\n|t:|1700488236\n|switch|p1a: Charizard|Charizard, F|100\/100\n|-damage|p1a: Charizard|51\/100|[from] Stealth Rock\n|turn|15\n|inactive|Lyons77 has 120 seconds left.\n|\n|t:|1700488246\n|move|p1a: Charizard|Overheat|p2a: Corviknight\n|-supereffective|p2a: Corviknight\n|-damage|p2a: Corviknight|0 fnt\n|-unboost|p1a: Charizard|spa|2\n|faint|p2a: Corviknight\n|\n|-weather|SunnyDay|[upkeep]\n|-damage|p1a: Charizard|38\/100|[from] ability: Solar Power|[of] p1a: Charizard\n|upkeep\n|\n|t:|1700488257\n|switch|p2a: Ceruledge|Ceruledge, M, shiny|76\/100\n|-damage|p2a: Ceruledge|51\/100|[from] Stealth Rock\n|turn|16\n|\n|t:|1700488264\n|switch|p1a: Pelipper|Pelipper, M|63\/100\n|-damage|p1a: Pelipper|39\/100|[from] Stealth Rock\n|-weather|RainDance|[from] ability: Drizzle|[of] p1a: Pelipper\n|move|p2a: Ceruledge|Poltergeist|p1a: Pelipper\n|-activate|p1a: Pelipper|move: Poltergeist|Damp Rock\n|-damage|p1a: Pelipper|0 fnt\n|faint|p1a: Pelipper\n|-damage|p2a: Ceruledge|41\/100|[from] item: Life Orb\n|\n|-weather|RainDance|[upkeep]\n|upkeep\n|\n|t:|1700488277\n|switch|p1a: Beartic|Beartic, M|100\/100\n|-damage|p1a: Beartic|76\/100|[from] Stealth Rock\n|turn|17\n|c|\u2606Cranberru22|its time for the 'tic\n|\n|t:|1700488284\n|move|p1a: Beartic|Liquidation|p2a: Ceruledge\n|-supereffective|p2a: Ceruledge\n|-damage|p2a: Ceruledge|0 fnt\n|faint|p2a: Ceruledge\n|-damage|p1a: Beartic|66\/100|[from] item: Life Orb\n|\n|-weather|RainDance|[upkeep]\n|upkeep\n|\n|t:|1700488292\n|switch|p2a: Garganacl|Garganacl, M, shiny|100\/100\n|-damage|p2a: Garganacl|88\/100|[from] Stealth Rock\n|turn|18\n|\n|t:|1700488297\n|move|p1a: Beartic|Close Combat|p2a: Garganacl\n|-supereffective|p2a: Garganacl\n|-damage|p2a: Garganacl|37\/100\n|-unboost|p1a: Beartic|def|1\n|-unboost|p1a: Beartic|spd|1\n|-damage|p1a: Beartic|49\/100|[from] item: Rocky Helmet|[of] p2a: Garganacl\n|-damage|p1a: Beartic|40\/100|[from] item: Life Orb\n|move|p2a: Garganacl|Iron Defense|p2a: Garganacl\n|-boost|p2a: Garganacl|def|2\n|\n|-weather|RainDance|[upkeep]\n|upkeep\n|turn|19\n|\n|t:|1700488310\n|move|p1a: Beartic|Close Combat|p2a: Garganacl\n|-supereffective|p2a: Garganacl\n|-crit|p2a: Garganacl\n|-damage|p2a: Garganacl|0 fnt\n|-unboost|p1a: Beartic|def|1\n|-unboost|p1a: Beartic|spd|1\n|-damage|p1a: Beartic|23\/100|[from] item: Rocky Helmet|[of] p2a: Garganacl\n|faint|p2a: Garganacl\n|-damage|p1a: Beartic|13\/100|[from] item: Life Orb\n|\n|-weather|RainDance|[upkeep]\n|upkeep\n|\n|t:|1700488322\n|switch|p2a: Volcanion|Volcanion|30\/100\n|-damage|p2a: Volcanion|5\/100|[from] Stealth Rock\n|turn|20\n|\n|t:|1700488329\n|move|p1a: Beartic|Icicle Crash|p2a: Volcanion\n|-resisted|p2a: Volcanion\n|-crit|p2a: Volcanion\n|-damage|p2a: Volcanion|0 fnt\n|faint|p2a: Volcanion\n|-damage|p1a: Beartic|4\/100|[from] item: Life Orb\n|\n|win|Cranberru22\n|raw|Cranberru22's rating: 1115 &rarr; <strong>1136<\/strong><br \/>(+21 for winning)\n|raw|Lyons77's rating: 1066 &rarr; <strong>1049<\/strong><br \/>(-17 for losing)\n|c|\u2606Cranberru22|gg wp\n|l|\u2606Lyons77\n|l| xlr8benten\n","uploadtime":1700488338,"views":4,"p1id":"cranberru22","p2id":"lyons77","formatid":"gen9ou","rating":1049,"private":0,"password":""}