{"id":"gen9ou-1990328661","p1":"galefang","p2":"Pikoow","format":"[Gen 9] OU","log":"|j|\u2606galefang\n|j|\u2606Pikoow\n|t:|1699957518\n|gametype|singles\n|player|p1|galefang|lance|1507\n|player|p2|Pikoow|266|1580\n|teamsize|p1|6\n|teamsize|p2|6\n|gen|9\n|tier|[Gen 9] OU\n|rated|\n|rule|Sleep Clause Mod: Limit one foe put to sleep\n|rule|Species Clause: Limit one of each Pok\u00e9mon\n|rule|OHKO Clause: OHKO moves are banned\n|rule|Evasion Items Clause: Evasion items are banned\n|rule|Evasion Moves Clause: Evasion moves are banned\n|rule|Endless Battle Clause: Forcing endless battles is banned\n|rule|HP Percentage Mod: HP is shown in percentages\n|clearpoke\n|poke|p1|Ribombee, F|\n|poke|p1|Ogerpon-Wellspring, F|\n|poke|p1|Iron Moth|\n|poke|p1|Kingambit, M|\n|poke|p1|Gholdengo|\n|poke|p1|Iron Valiant|\n|poke|p2|Kingambit, F|\n|poke|p2|Glimmora, M|\n|poke|p2|Zamazenta-*|\n|poke|p2|Iron Valiant|\n|poke|p2|Iron Moth|\n|poke|p2|Ogerpon-Wellspring, F|\n|teampreview\n|inactive|Battle timer is ON: inactive players will automatically lose when time's up. (requested by Pikoow)\n|inactive|galefang has 120 seconds left.\n|inactive|galefang has 90 seconds left.\n|\n|t:|1699957593\n|start\n|switch|p1a: Ribombee|Ribombee, F|100\/100\n|switch|p2a: Glimmora|Glimmora, M|100\/100\n|turn|1\n|inactive|galefang has 120 seconds left.\n|\n|t:|1699957640\n|switch|p1a: Kingambit|Kingambit, M|100\/100\n|move|p2a: Glimmora|Power Gem|p1a: Kingambit\n|-resisted|p1a: Kingambit\n|-damage|p1a: Kingambit|79\/100\n|\n|upkeep\n|turn|2\n|\n|t:|1699957651\n|move|p2a: Glimmora|Earth Power|p1a: Kingambit\n|-supereffective|p1a: Kingambit\n|-damage|p1a: Kingambit|3\/100\n|move|p1a: Kingambit|Iron Head|p2a: Glimmora\n|-supereffective|p2a: Glimmora\n|-enditem|p2a: Glimmora|Focus Sash\n|-damage|p2a: Glimmora|1\/100\n|-activate|p2a: Glimmora|ability: Toxic Debris\n|-sidestart|p1: galefang|move: Toxic Spikes\n|\n|upkeep\n|turn|3\n|\n|t:|1699957661\n|move|p2a: Glimmora|Stealth Rock|p1a: Kingambit\n|-sidestart|p1: galefang|move: Stealth Rock\n|move|p1a: Kingambit|Iron Head|p2a: Glimmora\n|-supereffective|p2a: Glimmora\n|-damage|p2a: Glimmora|0 fnt\n|-activate|p2a: Glimmora|ability: Toxic Debris\n|-sidestart|p1: galefang|move: Toxic Spikes\n|faint|p2a: Glimmora\n|\n|upkeep\n|\n|t:|1699957669\n|switch|p2a: Zamazenta|Zamazenta, shiny|100\/100\n|-ability|p2a: Zamazenta|Dauntless Shield|boost\n|-boost|p2a: Zamazenta|def|1\n|turn|4\n|\n|t:|1699957682\n|-end|p1a: Kingambit|fallenundefined|[silent]\n|switch|p1a: Ribombee|Ribombee, F|100\/100\n|-status|p1a: Ribombee|tox\n|-damage|p1a: Ribombee|76\/100 tox|[from] Stealth Rock\n|move|p2a: Zamazenta|Body Press|p1a: Ribombee\n|-resisted|p1a: Ribombee\n|-damage|p1a: Ribombee|50\/100 tox\n|\n|-damage|p1a: Ribombee|43\/100 tox|[from] psn\n|upkeep\n|turn|5\n|\n|t:|1699957700\n|move|p1a: Ribombee|Sticky Web|p2a: Zamazenta\n|-sidestart|p2: Pikoow|move: Sticky Web\n|move|p2a: Zamazenta|Stone Edge|p1a: Ribombee\n|-supereffective|p1a: Ribombee\n|-damage|p1a: Ribombee|0 fnt\n|faint|p1a: Ribombee\n|\n|upkeep\n|\n|t:|1699957717\n|switch|p1a: Iron Valiant|Iron Valiant|100\/100\n|-status|p1a: Iron Valiant|tox\n|-damage|p1a: Iron Valiant|94\/100 tox|[from] Stealth Rock\n|-enditem|p1a: Iron Valiant|Booster Energy\n|-activate|p1a: Iron Valiant|ability: Quark Drive|[fromitem]\n|-start|p1a: Iron Valiant|quarkdrivespe\n|turn|6\n|\n|t:|1699957728\n|-terastallize|p2a: Zamazenta|Fire\n|move|p1a: Iron Valiant|Moonblast|p2a: Zamazenta\n|-resisted|p2a: Zamazenta\n|-damage|p2a: Zamazenta|81\/100\n|move|p2a: Zamazenta|Iron Defense|p2a: Zamazenta\n|-boost|p2a: Zamazenta|def|2\n|\n|-heal|p2a: Zamazenta|87\/100|[from] item: Leftovers\n|-damage|p1a: Iron Valiant|88\/100 tox|[from] psn\n|upkeep\n|turn|7\n|\n|t:|1699957743\n|move|p1a: Iron Valiant|Knock Off|p2a: Zamazenta\n|-damage|p2a: Zamazenta|76\/100\n|-enditem|p2a: Zamazenta|Leftovers|[from] move: Knock Off|[of] p1a: Iron Valiant\n|move|p2a: Zamazenta|Body Press|p1a: Iron Valiant\n|-resisted|p1a: Iron Valiant\n|-damage|p1a: Iron Valiant|36\/100 tox\n|\n|-damage|p1a: Iron Valiant|24\/100 tox|[from] psn\n|upkeep\n|turn|8\n|\n|t:|1699957753\n|move|p1a: Iron Valiant|Destiny Bond|p1a: Iron Valiant\n|-singlemove|p1a: Iron Valiant|Destiny Bond\n|move|p2a: Zamazenta|Body Press|p1a: Iron Valiant\n|-resisted|p1a: Iron Valiant\n|-damage|p1a: Iron Valiant|0 fnt\n|faint|p1a: Iron Valiant\n|-activate|p1a: Iron Valiant|move: Destiny Bond\n|-end|p1a: Iron Valiant|Quark Drive|[silent]\n|faint|p2a: Zamazenta\n|\n|upkeep\n|\n|t:|1699957768\n|switch|p2a: Iron Moth|Iron Moth|100\/100\n|switch|p1a: Iron Moth|Iron Moth|100\/100\n|-sideend|p1: galefang|move: Toxic Spikes|[of] p1a: Iron Moth\n|-damage|p1a: Iron Moth|76\/100|[from] Stealth Rock\n|-activate|p2a: Iron Moth|move: Sticky Web\n|-unboost|p2a: Iron Moth|spe|1\n|-enditem|p1a: Iron Moth|Booster Energy\n|-activate|p1a: Iron Moth|ability: Quark Drive|[fromitem]\n|-start|p1a: Iron Moth|quarkdrivespa\n|-enditem|p2a: Iron Moth|Booster Energy\n|-activate|p2a: Iron Moth|ability: Quark Drive|[fromitem]\n|-start|p2a: Iron Moth|quarkdrivespa\n|turn|9\n|inactive|galefang has 120 seconds left.\n|\n|t:|1699957783\n|move|p1a: Iron Moth|Fiery Dance|p2a: Iron Moth\n|-resisted|p2a: Iron Moth\n|-damage|p2a: Iron Moth|72\/100\n|-boost|p1a: Iron Moth|spa|1\n|move|p2a: Iron Moth|Fiery Dance|p1a: Iron Moth\n|-resisted|p1a: Iron Moth\n|-damage|p1a: Iron Moth|47\/100\n|-boost|p2a: Iron Moth|spa|1\n|\n|upkeep\n|turn|10\n|inactive|galefang has 120 seconds left.\n|c|\u2606galefang|now the one that matters\n|\n|t:|1699957796\n|move|p1a: Iron Moth|Psychic|p2a: Iron Moth\n|-supereffective|p2a: Iron Moth\n|-damage|p2a: Iron Moth|0 fnt\n|faint|p2a: Iron Moth\n|-end|p2a: Iron Moth|Quark Drive|[silent]\n|\n|upkeep\n|\n|t:|1699957803\n|switch|p2a: Kingambit|Kingambit, F|100\/100\n|-activate|p2a: Kingambit|move: Sticky Web\n|-unboost|p2a: Kingambit|spe|1\n|-activate|p2a: Kingambit|ability: Supreme Overlord\n|-start|p2a: Kingambit|fallen3|[silent]\n|turn|11\n|\n|t:|1699957809\n|move|p2a: Kingambit|Sucker Punch||[still]\n|-fail|p2a: Kingambit\n|move|p1a: Iron Moth|Substitute|p1a: Iron Moth\n|-start|p1a: Iron Moth|Substitute\n|-damage|p1a: Iron Moth|22\/100\n|\n|upkeep\n|turn|12\n|c|\u2606galefang|gg\n|j| Noob 0_o\n|\n|t:|1699957834\n|move|p2a: Kingambit|Sucker Punch|p1a: Iron Moth\n|-end|p1a: Iron Moth|Substitute\n|move|p1a: Iron Moth|Fiery Dance|p2a: Kingambit\n|-supereffective|p2a: Kingambit\n|-damage|p2a: Kingambit|0 fnt\n|faint|p2a: Kingambit\n|-end|p2a: Kingambit|fallen3|[silent]\n|\n|upkeep\n|\n|t:|1699957840\n|switch|p2a: Ogerpon|Ogerpon-Wellspring, F|100\/100\n|-activate|p2a: Ogerpon|move: Sticky Web\n|-unboost|p2a: Ogerpon|spe|1\n|turn|13\n|\n|t:|1699957846\n|move|p1a: Iron Moth|Sludge Wave|p2a: Ogerpon\n|-supereffective|p2a: Ogerpon\n|-damage|p2a: Ogerpon|0 fnt\n|faint|p2a: Ogerpon\n|\n|upkeep\n|-message|Pikoow forfeited.\n|\n|win|galefang\n|raw|galefang's rating: 1507 &rarr; <strong>1531<\/strong><br \/>(+24 for winning)\n|raw|Pikoow's rating: 1580 &rarr; <strong>1556<\/strong><br \/>(-24 for losing)\n|l|\u2606Pikoow\n","uploadtime":1699957856,"views":4,"p1id":"galefang","p2id":"pikoow","formatid":"gen9ou","rating":1531,"private":0,"password":""}