{"id":"gen9ou-1990297766","p1":"Huelyqi","p2":"PureWhiteIvory","format":"[Gen 9] OU","log":"|j|\u2606Huelyqi\n|j|\u2606PureWhiteIvory\n|t:|1699952759\n|gametype|singles\n|player|p1|Huelyqi|pokekid|1037\n|player|p2|PureWhiteIvory|ghetsis-gen5bw|1036\n|teamsize|p1|6\n|teamsize|p2|6\n|gen|9\n|tier|[Gen 9] OU\n|rated|\n|rule|Sleep Clause Mod: Limit one foe put to sleep\n|rule|Species Clause: Limit one of each Pok\u00e9mon\n|rule|OHKO Clause: OHKO moves are banned\n|rule|Evasion Items Clause: Evasion items are banned\n|rule|Evasion Moves Clause: Evasion moves are banned\n|rule|Endless Battle Clause: Forcing endless battles is banned\n|rule|HP Percentage Mod: HP is shown in percentages\n|clearpoke\n|poke|p1|Toxapex, M|\n|poke|p1|Cinderace, M|\n|poke|p1|Maushold-Four|\n|poke|p1|Alomomola, M|\n|poke|p1|Gholdengo|\n|poke|p1|Dondozo, M|\n|poke|p2|Tsareena, F|\n|poke|p2|Azumarill, F|\n|poke|p2|Thundurus-Therian, M|\n|poke|p2|Ninetales-Alola, M|\n|poke|p2|Hydreigon, F|\n|poke|p2|Ceruledge, M|\n|teampreview\n|j| keke2023\n|\n|t:|1699952771\n|start\n|switch|p1a: Maushold|Maushold-Four|100\/100\n|switch|p2a: Thundurus|Thundurus-Therian, M|100\/100\n|turn|1\n|\n|t:|1699952782\n|move|p1a: Maushold|Population Bomb|p2a: Thundurus\n|-damage|p2a: Thundurus|84\/100\n|-damage|p2a: Thundurus|67\/100\n|-damage|p2a: Thundurus|51\/100\n|-damage|p2a: Thundurus|35\/100\n|-damage|p2a: Thundurus|20\/100\n|-damage|p2a: Thundurus|5\/100\n|-damage|p2a: Thundurus|0 fnt\n|faint|p2a: Thundurus\n|-hitcount|p2: Thundurus|7\n|\n|upkeep\n|\n|t:|1699952795\n|switch|p2a: Ceruledge|Ceruledge, M|100\/100\n|turn|2\n|\n|t:|1699952805\n|switch|p1a: Dondozo|Dondozo, M, shiny|100\/100\n|move|p2a: Ceruledge|Swords Dance|p2a: Ceruledge\n|-boost|p2a: Ceruledge|atk|2\n|\n|upkeep\n|turn|3\n|\n|t:|1699952817\n|switch|p2a: Tsareena|Tsareena, F|100\/100\n|move|p1a: Dondozo|Liquidation|p2a: Tsareena\n|-resisted|p2a: Tsareena\n|-damage|p2a: Tsareena|87\/100\n|\n|upkeep\n|turn|4\n|\n|t:|1699952825\n|move|p1a: Dondozo|Protect|p1a: Dondozo\n|-singleturn|p1a: Dondozo|Protect\n|move|p2a: Tsareena|Acupressure|p2a: Tsareena\n|-boost|p2a: Tsareena|accuracy|2\n|\n|upkeep\n|turn|5\n|\n|t:|1699952839\n|switch|p1a: Cinderace|Cinderace, M|100\/100\n|move|p2a: Tsareena|Acupressure|p2a: Tsareena\n|-boost|p2a: Tsareena|accuracy|2\n|\n|upkeep\n|turn|6\n|\n|t:|1699952862\n|switch|p2a: Azumarill|Azumarill, F|100\/100\n|move|p1a: Cinderace|Pyro Ball|p2a: Azumarill\n|-resisted|p2a: Azumarill\n|-damage|p2a: Azumarill|70\/100\n|\n|upkeep\n|turn|7\n|\n|t:|1699952872\n|move|p1a: Cinderace|U-turn|p2a: Azumarill\n|-start|p1a: Cinderace|typechange|Bug|[from] ability: Libero\n|-resisted|p2a: Azumarill\n|-damage|p2a: Azumarill|53\/100\n|\n|t:|1699952881\n|switch|p1a: Maushold|Maushold-Four|100\/100|[from] U-turn\n|move|p2a: Azumarill|Belly Drum|p2a: Azumarill\n|-damage|p2a: Azumarill|3\/100\n|-setboost|p2a: Azumarill|atk|6|[from] move: Belly Drum\n|-enditem|p2a: Azumarill|Sitrus Berry|[eat]\n|-heal|p2a: Azumarill|28\/100|[from] item: Sitrus Berry\n|\n|upkeep\n|turn|8\n|\n|t:|1699952894\n|move|p2a: Azumarill|Aqua Jet|p1a: Maushold\n|-damage|p1a: Maushold|25\/100\n|move|p1a: Maushold|Population Bomb|p2a: Azumarill\n|-damage|p2a: Azumarill|17\/100\n|-damage|p2a: Azumarill|7\/100\n|-damage|p2a: Azumarill|0 fnt\n|faint|p2a: Azumarill\n|-hitcount|p2: Azumarill|3\n|\n|upkeep\n|\n|t:|1699952905\n|switch|p2a: Ceruledge|Ceruledge, M|100\/100\n|turn|9\n|\n|t:|1699952916\n|move|p2a: Ceruledge|Shadow Sneak|p1a: Maushold\n|-immune|p1a: Maushold\n|move|p1a: Maushold|Population Bomb|p2a: Ceruledge\n|-immune|p2a: Ceruledge\n|\n|upkeep\n|turn|10\n|\n|t:|1699952926\n|move|p1a: Maushold|Aerial Ace|p2a: Ceruledge\n|-damage|p2a: Ceruledge|69\/100\n|-ability|p2a: Ceruledge|Weak Armor|boost\n|-unboost|p2a: Ceruledge|def|1\n|-boost|p2a: Ceruledge|spe|2\n|move|p2a: Ceruledge|Swords Dance|p2a: Ceruledge\n|-boost|p2a: Ceruledge|atk|2\n|\n|upkeep\n|turn|11\n|\n|t:|1699952936\n|-terastallize|p1a: Maushold|Flying\n|move|p2a: Ceruledge|Bitter Blade|p1a: Maushold\n|-damage|p1a: Maushold|0 fnt\n|-heal|p2a: Ceruledge|81\/100|[from] drain|[of] p1a: Maushold\n|faint|p1a: Maushold\n|\n|upkeep\n|\n|t:|1699952944\n|switch|p1a: Dondozo|Dondozo, M, shiny|100\/100\n|turn|12\n|\n|t:|1699952950\n|-terastallize|p2a: Ceruledge|Fairy\n|move|p2a: Ceruledge|Shadow Sneak|p1a: Dondozo\n|-damage|p1a: Dondozo|87\/100\n|move|p1a: Dondozo|Curse|p1a: Dondozo\n|-unboost|p1a: Dondozo|spe|1\n|-boost|p1a: Dondozo|atk|1\n|-boost|p1a: Dondozo|def|1\n|\n|-heal|p1a: Dondozo|94\/100|[from] item: Leftovers\n|upkeep\n|turn|13\n|\n|t:|1699952963\n|move|p2a: Ceruledge|Bitter Blade|p1a: Dondozo\n|-resisted|p1a: Dondozo\n|-damage|p1a: Dondozo|85\/100\n|-heal|p2a: Ceruledge|88\/100|[from] drain|[of] p1a: Dondozo\n|move|p1a: Dondozo|Body Press|p2a: Ceruledge\n|-resisted|p2a: Ceruledge\n|-damage|p2a: Ceruledge|66\/100\n|-ability|p2a: Ceruledge|Weak Armor|boost\n|-unboost|p2a: Ceruledge|def|1\n|-boost|p2a: Ceruledge|spe|2\n|\n|-heal|p1a: Dondozo|91\/100|[from] item: Leftovers\n|upkeep\n|turn|14\n|\n|t:|1699952977\n|switch|p2a: Tsareena|Tsareena, F|87\/100\n|move|p1a: Dondozo|Liquidation|p2a: Tsareena\n|-resisted|p2a: Tsareena\n|-damage|p2a: Tsareena|65\/100\n|-unboost|p2a: Tsareena|def|1\n|\n|-heal|p1a: Dondozo|98\/100|[from] item: Leftovers\n|upkeep\n|turn|15\n|\n|t:|1699952988\n|move|p2a: Tsareena|Acupressure|p2a: Tsareena\n|-boost|p2a: Tsareena|atk|2\n|move|p1a: Dondozo|Curse|p1a: Dondozo\n|-unboost|p1a: Dondozo|spe|1\n|-boost|p1a: Dondozo|atk|1\n|-boost|p1a: Dondozo|def|1\n|\n|-heal|p1a: Dondozo|100\/100|[from] item: Leftovers\n|upkeep\n|turn|16\n|\n|t:|1699953000\n|move|p2a: Tsareena|Power Whip|p1a: Dondozo\n|-supereffective|p1a: Dondozo\n|-damage|p1a: Dondozo|58\/100\n|move|p1a: Dondozo|Body Press|p2a: Tsareena\n|-damage|p2a: Tsareena|25\/100\n|\n|-heal|p1a: Dondozo|65\/100|[from] item: Leftovers\n|upkeep\n|turn|17\n|\n|t:|1699953009\n|move|p2a: Tsareena|Power Whip|p1a: Dondozo\n|-supereffective|p1a: Dondozo\n|-crit|p1a: Dondozo\n|-damage|p1a: Dondozo|0 fnt\n|faint|p1a: Dondozo\n|\n|upkeep\n|\n|t:|1699953018\n|switch|p1a: Toxapex|Toxapex, M|100\/100\n|turn|18\n|\n|t:|1699953029\n|move|p2a: Tsareena|Power Whip|p1a: Toxapex\n|-damage|p1a: Toxapex|25\/100\n|move|p1a: Toxapex|Haze|p1a: Toxapex\n|-clearallboost\n|\n|-heal|p1a: Toxapex|31\/100|[from] item: Black Sludge\n|upkeep\n|turn|19\n|\n|t:|1699953038\n|move|p2a: Tsareena|Power Whip|p1a: Toxapex\n|-damage|p1a: Toxapex|0 fnt\n|faint|p1a: Toxapex\n|\n|upkeep\n|\n|t:|1699953043\n|switch|p1a: Cinderace|Cinderace, M|100\/100\n|turn|20\n|\n|t:|1699953050\n|switch|p2a: Ceruledge|Ceruledge, M, tera:Fairy|66\/100\n|move|p1a: Cinderace|Pyro Ball|p2a: Ceruledge\n|-damage|p2a: Ceruledge|0 fnt\n|faint|p2a: Ceruledge\n|\n|upkeep\n|\n|t:|1699953058\n|switch|p2a: Hydreigon|Hydreigon, F|100\/100\n|turn|21\n|\n|t:|1699953068\n|move|p1a: Cinderace|Sucker Punch|p2a: Hydreigon\n|-start|p1a: Cinderace|typechange|Dark|[from] ability: Libero\n|-resisted|p2a: Hydreigon\n|-damage|p2a: Hydreigon|79\/100\n|move|p2a: Hydreigon|Dark Pulse|p1a: Cinderace\n|-resisted|p1a: Cinderace\n|-damage|p1a: Cinderace|73\/100\n|\n|upkeep\n|turn|22\n|\n|t:|1699953079\n|move|p2a: Hydreigon|Dark Pulse|p1a: Cinderace\n|-resisted|p1a: Cinderace\n|-damage|p1a: Cinderace|45\/100\n|cant|p1a: Cinderace|flinch\n|\n|upkeep\n|turn|23\n|\n|t:|1699953086\n|move|p2a: Hydreigon|Dark Pulse|p1a: Cinderace\n|-resisted|p1a: Cinderace\n|-damage|p1a: Cinderace|15\/100\n|move|p1a: Cinderace|U-turn|p2a: Hydreigon\n|-supereffective|p2a: Hydreigon\n|-damage|p2a: Hydreigon|27\/100\n|\n|t:|1699953092\n|switch|p1a: Alomomola|Alomomola, M|100\/100|[from] U-turn\n|\n|upkeep\n|turn|24\n|\n|t:|1699953099\n|switch|p2a: Ninetales|Ninetales-Alola, M|100\/100\n|-weather|Snow|[from] ability: Snow Warning|[of] p2a: Ninetales\n|move|p1a: Alomomola|Wish|p1a: Alomomola\n|\n|-weather|Snow|[upkeep]\n|upkeep\n|turn|25\n|\n|t:|1699953111\n|switch|p1a: Cinderace|Cinderace, M|15\/100\n|move|p2a: Ninetales|Moonblast|p1a: Cinderace\n|-resisted|p1a: Cinderace\n|-damage|p1a: Cinderace|0 fnt\n|faint|p1a: Cinderace\n|\n|-weather|Snow|[upkeep]\n|upkeep\n|\n|t:|1699953119\n|switch|p1a: Gholdengo|Gholdengo, shiny|100\/100\n|turn|26\n|\n|t:|1699953125\n|move|p2a: Ninetales|Aurora Veil|p2a: Ninetales\n|-sidestart|p2: PureWhiteIvory|move: Aurora Veil\n|move|p1a: Gholdengo|Nasty Plot|p1a: Gholdengo\n|-boost|p1a: Gholdengo|spa|2\n|\n|-weather|Snow|[upkeep]\n|upkeep\n|turn|27\n|\n|t:|1699953134\n|move|p2a: Ninetales|Moonblast|p1a: Gholdengo\n|-resisted|p1a: Gholdengo\n|-damage|p1a: Gholdengo|84\/100\n|move|p1a: Gholdengo|Make It Rain|p2a: Ninetales\n|-supereffective|p2a: Ninetales\n|-damage|p2a: Ninetales|0 fnt\n|-unboost|p1a: Gholdengo|spa|1\n|faint|p2a: Ninetales\n|\n|-weather|Snow|[upkeep]\n|upkeep\n|\n|t:|1699953149\n|switch|p2a: Hydreigon|Hydreigon, F|27\/100\n|turn|28\n|\n|t:|1699953155\n|move|p2a: Hydreigon|Dark Pulse|p1a: Gholdengo\n|-supereffective|p1a: Gholdengo\n|-damage|p1a: Gholdengo|0 fnt\n|faint|p1a: Gholdengo\n|\n|-weather|none\n|upkeep\n|\n|t:|1699953160\n|switch|p1a: Alomomola|Alomomola, M|100\/100\n|turn|29\n|c|\u2606PureWhiteIvory|Get fucked ha\n|\n|t:|1699953171\n|move|p2a: Hydreigon|Dark Pulse|p1a: Alomomola\n|-damage|p1a: Alomomola|56\/100\n|move|p1a: Alomomola|Whirlpool|p2a: Hydreigon\n|-resisted|p2a: Hydreigon\n|-damage|p2a: Hydreigon|25\/100\n|-activate|p2a: Hydreigon|move: Whirlpool|[of] p1a: Alomomola\n|\n|-damage|p2a: Hydreigon|13\/100|[from] move: Whirlpool|[partiallytrapped]\n|upkeep\n|turn|30\n|\n|t:|1699953187\n|move|p2a: Hydreigon|Dark Pulse|p1a: Alomomola\n|-damage|p1a: Alomomola|10\/100\n|cant|p1a: Alomomola|flinch\n|\n|-damage|p2a: Hydreigon|0 fnt|[from] move: Whirlpool|[partiallytrapped]\n|faint|p2a: Hydreigon\n|upkeep\n|\n|t:|1699953199\n|switch|p2a: Tsareena|Tsareena, F|25\/100\n|turn|31\n|\n|t:|1699953217\n|move|p2a: Tsareena|Play Rough|p1a: Alomomola\n|-damage|p1a: Alomomola|0 fnt\n|faint|p1a: Alomomola\n|\n|win|PureWhiteIvory\n|raw|Huelyqi's rating: 1037 &rarr; <strong>1021<\/strong><br \/>(-16 for losing)\n|raw|PureWhiteIvory's rating: 1036 &rarr; <strong>1071<\/strong><br \/>(+35 for winning)\n","uploadtime":1699953169,"views":12,"p1id":"huelyqi","p2id":"purewhiteivory","formatid":"gen9ou","rating":1021,"private":0,"password":""}