{"id":"gen9ou-1995032382","p1":"Chris6497","p2":"alezi9","format":"[Gen 9] OU","log":"|j|\u2606Chris6497\n|j|\u2606alezi9\n|t:|1700515320\n|gametype|singles\n|player|p1|Chris6497|koga|1332\n|player|p2|alezi9|hilbert|1287\n|teamsize|p1|6\n|teamsize|p2|6\n|gen|9\n|tier|[Gen 9] OU\n|rated|\n|rule|Sleep Clause Mod: Limit one foe put to sleep\n|rule|Species Clause: Limit one of each Pok\u00e9mon\n|rule|OHKO Clause: OHKO moves are banned\n|rule|Evasion Items Clause: Evasion items are banned\n|rule|Evasion Moves Clause: Evasion moves are banned\n|rule|Endless Battle Clause: Forcing endless battles is banned\n|rule|HP Percentage Mod: HP is shown in percentages\n|clearpoke\n|poke|p1|Gholdengo|\n|poke|p1|Dragapult, F|\n|poke|p1|Great Tusk|\n|poke|p1|Iron Moth|\n|poke|p1|Ribombee, M|\n|poke|p1|Hatterene, F|\n|poke|p2|Dudunsparce-*, M|\n|poke|p2|Clefable, M|\n|poke|p2|Basculegion, M|\n|poke|p2|Toedscruel, M|\n|poke|p2|Kilowattrel, M|\n|poke|p2|Arcanine, M|\n|teampreview\n|inactive|Battle timer is ON: inactive players will automatically lose when time's up. (requested by Chris6497)\n|\n|t:|1700515328\n|start\n|switch|p1a: Ribombee|Ribombee, M|100\/100\n|switch|p2a: Toedscruel|Toedscruel, M, shiny|100\/100\n|turn|1\n|\n|t:|1700515336\n|move|p1a: Ribombee|Sticky Web|p2a: Toedscruel\n|-sidestart|p2: alezi9|move: Sticky Web\n|move|p2a: Toedscruel|Sludge Bomb|p1a: Ribombee\n|-supereffective|p1a: Ribombee\n|-damage|p1a: Ribombee|55\/100\n|\n|upkeep\n|turn|2\n|\n|t:|1700515346\n|switch|p1a: Dragapult|Dragapult, F|100\/100\n|move|p2a: Toedscruel|Rapid Spin|p1a: Dragapult\n|-immune|p1a: Dragapult\n|\n|upkeep\n|turn|3\n|\n|t:|1700515359\n|move|p1a: Dragapult|Dragon Dance|p1a: Dragapult\n|-boost|p1a: Dragapult|atk|1\n|-boost|p1a: Dragapult|spe|1\n|move|p2a: Toedscruel|Earth Power|p1a: Dragapult\n|-crit|p1a: Dragapult\n|-damage|p1a: Dragapult|51\/100\n|\n|-heal|p1a: Dragapult|57\/100|[from] item: Leftovers\n|upkeep\n|turn|4\n|\n|t:|1700515372\n|switch|p2a: Arcanine|Arcanine, M, shiny|100\/100\n|-ability|p2a: Arcanine|Intimidate|boost\n|-fail|p1a: Dragapult|unboost|[from] ability: Clear Body|[of] p1a: Dragapult\n|move|p1a: Dragapult|Dragon Darts|p2a: Arcanine\n|-damage|p2a: Arcanine|74\/100\n|-anim|p1a: Dragapult|Dragon Darts|p2a: Arcanine\n|-damage|p2a: Arcanine|47\/100\n|\n|-heal|p1a: Dragapult|63\/100|[from] item: Leftovers\n|upkeep\n|turn|5\n|\n|t:|1700515386\n|move|p1a: Dragapult|Shadow Ball|p2a: Arcanine\n|-crit|p2a: Arcanine\n|-damage|p2a: Arcanine|0 fnt\n|faint|p2a: Arcanine\n|\n|-heal|p1a: Dragapult|69\/100|[from] item: Leftovers\n|upkeep\n|\n|t:|1700515395\n|switch|p2a: Clefable|Clefable, M, shiny|100\/100\n|-activate|p2a: Clefable|move: Sticky Web\n|-unboost|p2a: Clefable|spe|1\n|turn|6\n|\n|t:|1700515400\n|-terastallize|p1a: Dragapult|Steel\n|move|p1a: Dragapult|Dragon Dance|p1a: Dragapult\n|-boost|p1a: Dragapult|atk|1\n|-boost|p1a: Dragapult|spe|1\n|move|p2a: Clefable|Moonblast|p1a: Dragapult\n|-resisted|p1a: Dragapult\n|-damage|p1a: Dragapult|48\/100\n|\n|-heal|p1a: Dragapult|54\/100|[from] item: Leftovers\n|upkeep\n|turn|7\n|\n|t:|1700515413\n|move|p1a: Dragapult|Tera Blast|p2a: Clefable|[anim] Tera Blast Steel\n|-supereffective|p2a: Clefable\n|-damage|p2a: Clefable|19\/100\n|move|p2a: Clefable|Flamethrower|p1a: Dragapult\n|-supereffective|p1a: Dragapult\n|-damage|p1a: Dragapult|4\/100\n|\n|-heal|p1a: Dragapult|10\/100|[from] item: Leftovers\n|-heal|p2a: Clefable|25\/100|[from] item: Leftovers\n|upkeep\n|turn|8\n|\n|t:|1700515427\n|move|p1a: Dragapult|Shadow Ball|p2a: Clefable\n|-damage|p2a: Clefable|2\/100\n|move|p2a: Clefable|Flamethrower|p1a: Dragapult\n|-supereffective|p1a: Dragapult\n|-damage|p1a: Dragapult|0 fnt\n|faint|p1a: Dragapult\n|\n|-heal|p2a: Clefable|8\/100|[from] item: Leftovers\n|upkeep\n|\n|t:|1700515436\n|switch|p1a: Great Tusk|Great Tusk|100\/100\n|-enditem|p1a: Great Tusk|Booster Energy\n|-activate|p1a: Great Tusk|ability: Protosynthesis|[fromitem]\n|-start|p1a: Great Tusk|protosynthesisatk\n|turn|9\n|\n|t:|1700515448\n|move|p1a: Great Tusk|Rapid Spin|p2a: Clefable\n|-damage|p2a: Clefable|0 fnt\n|-boost|p1a: Great Tusk|spe|1\n|faint|p2a: Clefable\n|\n|upkeep\n|\n|t:|1700515462\n|switch|p2a: Toedscruel|Toedscruel, M, shiny|100\/100\n|-activate|p2a: Toedscruel|move: Sticky Web\n|-unboost|p2a: Toedscruel|spe|1\n|turn|10\n|\n|t:|1700515468\n|move|p1a: Great Tusk|Close Combat|p2a: Toedscruel\n|-damage|p2a: Toedscruel|0 fnt\n|-unboost|p1a: Great Tusk|def|1\n|-unboost|p1a: Great Tusk|spd|1\n|faint|p2a: Toedscruel\n|\n|upkeep\n|\n|t:|1700515500\n|switch|p2a: Dudunsparce|Dudunsparce-Three-Segment, M|100\/100\n|-activate|p2a: Dudunsparce|move: Sticky Web\n|-unboost|p2a: Dudunsparce|spe|1\n|turn|11\n|\n|t:|1700515507\n|-terastallize|p2a: Dudunsparce|Ghost\n|move|p1a: Great Tusk|Knock Off|p2a: Dudunsparce\n|-supereffective|p2a: Dudunsparce\n|-crit|p2a: Dudunsparce\n|-damage|p2a: Dudunsparce|23\/100\n|-damage|p1a: Great Tusk|84\/100|[from] item: Rocky Helmet|[of] p2a: Dudunsparce\n|-enditem|p2a: Dudunsparce|Rocky Helmet|[from] move: Knock Off|[of] p1a: Great Tusk\n|move|p2a: Dudunsparce|Body Slam|p1a: Great Tusk\n|-damage|p1a: Great Tusk|51\/100\n|\n|upkeep\n|turn|12\n|inactive|alezi9 has 120 seconds left.\n|c|\u2606Chris6497|crit was unnecessary\n|\n|t:|1700515536\n|move|p1a: Great Tusk|Knock Off|p2a: Dudunsparce\n|-supereffective|p2a: Dudunsparce\n|-damage|p2a: Dudunsparce|0 fnt\n|faint|p2a: Dudunsparce\n|\n|upkeep\n|c|\u2606Chris6497|lol\n|\n|t:|1700515545\n|switch|p2a: Kilowattrel|Kilowattrel, M, shiny|100\/100\n|turn|13\n|\n|t:|1700515550\n|move|p1a: Great Tusk|Knock Off|p2a: Kilowattrel\n|-damage|p2a: Kilowattrel|26\/100\n|-enditem|p2a: Kilowattrel|Choice Specs|[from] move: Knock Off|[of] p1a: Great Tusk\n|move|p2a: Kilowattrel|Air Slash|p1a: Great Tusk\n|-supereffective|p1a: Great Tusk\n|-damage|p1a: Great Tusk|0 fnt\n|faint|p1a: Great Tusk\n|-end|p1a: Great Tusk|Protosynthesis|[silent]\n|\n|upkeep\n|\n|t:|1700515559\n|switch|p1a: Gholdengo|Gholdengo|100\/100\n|turn|14\n|\n|t:|1700515574\n|move|p1a: Gholdengo|Shadow Ball|p2a: Kilowattrel\n|-damage|p2a: Kilowattrel|0 fnt\n|faint|p2a: Kilowattrel\n|\n|upkeep\n|\n|t:|1700515579\n|switch|p2a: Basculegion|Basculegion, M|100\/100\n|-activate|p2a: Basculegion|move: Sticky Web\n|-unboost|p2a: Basculegion|spe|1\n|turn|15\n|c|\u2606Chris6497|gg\n|\n|t:|1700515587\n|move|p1a: Gholdengo|Shadow Ball|p2a: Basculegion\n|-supereffective|p2a: Basculegion\n|-damage|p2a: Basculegion|11\/100\n|-unboost|p2a: Basculegion|spd|1\n|move|p2a: Basculegion|Wave Crash|p1a: Gholdengo\n|-damage|p1a: Gholdengo|11\/100\n|-damage|p2a: Basculegion|0 fnt|[from] Recoil\n|faint|p2a: Basculegion\n|\n|win|Chris6497\n|raw|Chris6497's rating: 1332 &rarr; <strong>1349<\/strong><br \/>(+17 for winning)\n|raw|alezi9's rating: 1287 &rarr; <strong>1265<\/strong><br \/>(-22 for losing)\n|c|\u2606Chris6497|lol\n","uploadtime":1700515604,"views":6,"p1id":"chris6497","p2id":"alezi9","formatid":"gen9ou","rating":1265,"private":0,"password":""}