{"id":"gen9ou-1988445480","p1":"EG Jhonx","p2":"actualonion","format":"[Gen 9] OU","log":"|j|\u2606EG Jhonx\n|j|\u2606actualonion\n|t:|1699723726\n|gametype|singles\n|player|p1|EG Jhonx|169|1547\n|player|p2|actualonion|allister|1518\n|teamsize|p1|6\n|teamsize|p2|6\n|gen|9\n|tier|[Gen 9] OU\n|rated|\n|rule|Sleep Clause Mod: Limit one foe put to sleep\n|rule|Species Clause: Limit one of each Pok\u00e9mon\n|rule|OHKO Clause: OHKO moves are banned\n|rule|Evasion Items Clause: Evasion items are banned\n|rule|Evasion Moves Clause: Evasion moves are banned\n|rule|Endless Battle Clause: Forcing endless battles is banned\n|rule|HP Percentage Mod: HP is shown in percentages\n|clearpoke\n|poke|p1|Arcanine-Hisui, M|\n|poke|p1|Iron Treads|\n|poke|p1|Kingambit, M|\n|poke|p1|Dragapult, M|\n|poke|p1|Amoonguss, M|\n|poke|p1|Enamorus-Therian, F|\n|poke|p2|Zapdos|\n|poke|p2|Slowking-Galar, M|\n|poke|p2|Garganacl, F|\n|poke|p2|Mamoswine, M|\n|poke|p2|Ogerpon-Wellspring, F|\n|poke|p2|Cinderace, F|\n|teampreview\n|j| EG Gonz\n|c|\u2606EG Jhonx|hf\n|c|\u2606actualonion|u2\n|\n|t:|1699723777\n|start\n|switch|p1a: Obsidian|Arcanine-Hisui, M, shiny|100\/100\n|switch|p2a: Slowking|Slowking-Galar, M|100\/100\n|turn|1\n|\n|t:|1699723837\n|move|p1a: Obsidian|Head Smash|p2a: Slowking\n|-damage|p2a: Slowking|24\/100\n|move|p2a: Slowking|Trick|p1a: Obsidian\n|-activate|p2a: Slowking|move: Trick|[of] p1a: Obsidian\n|-item|p1a: Obsidian|Black Sludge|[from] move: Trick\n|-item|p2a: Slowking|Choice Band|[from] move: Trick\n|\n|-damage|p1a: Obsidian|88\/100|[from] item: Black Sludge\n|upkeep\n|turn|2\n|\n|t:|1699723850\n|switch|p2a: Garganacl|Garganacl, F|100\/100\n|move|p1a: Obsidian|Flare Blitz|p2a: Garganacl\n|-resisted|p2a: Garganacl\n|-damage|p2a: Garganacl|82\/100\n|\n|-damage|p1a: Obsidian|76\/100|[from] item: Black Sludge\n|-heal|p2a: Garganacl|88\/100|[from] item: Leftovers\n|upkeep\n|turn|3\n|\n|t:|1699723858\n|switch|p1a: Behemoth|Iron Treads, shiny|100\/100\n|move|p2a: Garganacl|Iron Defense|p2a: Garganacl\n|-boost|p2a: Garganacl|def|2\n|\n|-heal|p2a: Garganacl|94\/100|[from] item: Leftovers\n|upkeep\n|turn|4\n|\n|t:|1699723865\n|move|p1a: Behemoth|Stealth Rock|p2a: Garganacl\n|-sidestart|p2: actualonion|move: Stealth Rock\n|move|p2a: Garganacl|Salt Cure|p1a: Behemoth\n|-resisted|p1a: Behemoth\n|-damage|p1a: Behemoth|98\/100\n|-start|p1a: Behemoth|Salt Cure\n|\n|-heal|p1a: Behemoth|100\/100|[from] item: Leftovers\n|-heal|p2a: Garganacl|100\/100|[from] item: Leftovers\n|-damage|p1a: Behemoth|76\/100|[from] Salt Cure\n|upkeep\n|turn|5\n|\n|t:|1699723874\n|-end|p1a: Behemoth|Quark Drive|[silent]\n|switch|p1a: Fungus|Amoonguss, M, shiny|100\/100\n|move|p2a: Garganacl|Iron Defense|p2a: Garganacl\n|-boost|p2a: Garganacl|def|2\n|\n|upkeep\n|turn|6\n|\n|t:|1699723879\n|move|p2a: Garganacl|Salt Cure|p1a: Fungus\n|-damage|p1a: Fungus|89\/100\n|-start|p1a: Fungus|Salt Cure\n|move|p1a: Fungus|Spore|p2a: Garganacl\n|-immune|p2a: Garganacl|[from] ability: Purifying Salt\n|\n|-damage|p1a: Fungus|77\/100|[from] Salt Cure\n|upkeep\n|turn|7\n|\n|t:|1699723887\n|-terastallize|p2a: Garganacl|Electric\n|move|p2a: Garganacl|Iron Defense|p2a: Garganacl\n|-boost|p2a: Garganacl|def|2\n|move|p1a: Fungus|Spore|p2a: Garganacl\n|-immune|p2a: Garganacl|[from] ability: Purifying Salt\n|\n|-damage|p1a: Fungus|65\/100|[from] Salt Cure\n|upkeep\n|turn|8\n|\n|t:|1699723895\n|move|p2a: Garganacl|Body Press|p1a: Fungus\n|-resisted|p1a: Fungus\n|-damage|p1a: Fungus|35\/100\n|-damage|p2a: Garganacl|84\/100|[from] item: Rocky Helmet|[of] p1a: Fungus\n|move|p1a: Fungus|Clear Smog|p2a: Garganacl\n|-damage|p2a: Garganacl|74\/100\n|-clearboost|p2a: Garganacl\n|\n|-heal|p2a: Garganacl|80\/100|[from] item: Leftovers\n|-damage|p1a: Fungus|22\/100|[from] Salt Cure\n|upkeep\n|turn|9\n|\n|t:|1699723910\n|switch|p1a: Angeallen|Enamorus-Therian, F, shiny|100\/100\n|move|p2a: Garganacl|Iron Defense|p2a: Garganacl\n|-boost|p2a: Garganacl|def|2\n|\n|-heal|p2a: Garganacl|87\/100|[from] item: Leftovers\n|upkeep\n|turn|10\n|\n|t:|1699723917\n|move|p1a: Angeallen|Iron Defense|p1a: Angeallen\n|-boost|p1a: Angeallen|def|2\n|move|p2a: Garganacl|Salt Cure|p1a: Angeallen\n|-supereffective|p1a: Angeallen\n|-damage|p1a: Angeallen|91\/100\n|-start|p1a: Angeallen|Salt Cure\n|\n|-heal|p1a: Angeallen|97\/100|[from] item: Leftovers\n|-heal|p2a: Garganacl|93\/100|[from] item: Leftovers\n|-damage|p1a: Angeallen|85\/100|[from] Salt Cure\n|upkeep\n|turn|11\n|\n|t:|1699723932\n|switch|p2a: Slowking|Slowking-Galar, M|57\/100\n|-damage|p2a: Slowking|45\/100|[from] Stealth Rock\n|move|p1a: Angeallen|Calm Mind|p1a: Angeallen\n|-boost|p1a: Angeallen|spa|1\n|-boost|p1a: Angeallen|spd|1\n|\n|-heal|p1a: Angeallen|91\/100|[from] item: Leftovers\n|-damage|p1a: Angeallen|79\/100|[from] Salt Cure\n|upkeep\n|turn|12\n|\n|t:|1699723941\n|switch|p1a: Obsidian|Arcanine-Hisui, M, shiny|76\/100\n|move|p2a: Slowking|Trick|p1a: Obsidian\n|-activate|p2a: Slowking|move: Trick|[of] p1a: Obsidian\n|-item|p1a: Obsidian|Choice Band|[from] move: Trick\n|-item|p2a: Slowking|Black Sludge|[from] move: Trick\n|\n|-heal|p2a: Slowking|51\/100|[from] item: Black Sludge\n|upkeep\n|turn|13\n|\n|t:|1699723957\n|-terastallize|p1a: Obsidian|Normal\n|move|p1a: Obsidian|Double-Edge|p2a: Slowking\n|-damage|p2a: Slowking|0 fnt\n|faint|p2a: Slowking\n|\n|upkeep\n|\n|t:|1699723962\n|switch|p2a: Zapdos|Zapdos|100\/100\n|turn|14\n|\n|t:|1699723965\n|move|p1a: Obsidian|Double-Edge|p2a: Zapdos\n|-damage|p2a: Zapdos|18\/100\n|-status|p1a: Obsidian|par|[from] ability: Static|[of] p2a: Zapdos\n|move|p2a: Zapdos|Heat Wave|p1a: Obsidian\n|-damage|p1a: Obsidian|42\/100 par\n|\n|upkeep\n|turn|15\n|\n|t:|1699723973\n|switch|p1a: Behemoth|Iron Treads, shiny|76\/100\n|move|p2a: Zapdos|Roost|p2a: Zapdos\n|-heal|p2a: Zapdos|68\/100\n|-singleturn|p2a: Zapdos|move: Roost\n|\n|-heal|p1a: Behemoth|82\/100|[from] item: Leftovers\n|upkeep\n|turn|16\n|\n|t:|1699723980\n|move|p2a: Zapdos|Heat Wave|p1a: Behemoth\n|-supereffective|p1a: Behemoth\n|-damage|p1a: Behemoth|36\/100\n|move|p1a: Behemoth|Ice Spinner|p2a: Zapdos\n|-supereffective|p2a: Zapdos\n|-damage|p2a: Zapdos|29\/100\n|-status|p1a: Behemoth|par|[from] ability: Static|[of] p2a: Zapdos\n|\n|-heal|p1a: Behemoth|42\/100 par|[from] item: Leftovers\n|upkeep\n|turn|17\n|\n|t:|1699723988\n|move|p2a: Zapdos|Roost|p2a: Zapdos\n|-heal|p2a: Zapdos|79\/100\n|-singleturn|p2a: Zapdos|move: Roost\n|move|p1a: Behemoth|Earthquake|p2a: Zapdos\n|-supereffective|p2a: Zapdos\n|-damage|p2a: Zapdos|10\/100\n|\n|-heal|p1a: Behemoth|48\/100 par|[from] item: Leftovers\n|upkeep\n|turn|18\n|\n|t:|1699723997\n|move|p2a: Zapdos|Heat Wave|p1a: Behemoth\n|-supereffective|p1a: Behemoth\n|-damage|p1a: Behemoth|2\/100 par\n|cant|p1a: Behemoth|par\n|\n|-heal|p1a: Behemoth|8\/100 par|[from] item: Leftovers\n|upkeep\n|turn|19\n|\n|t:|1699724003\n|move|p2a: Zapdos|Heat Wave|p1a: Behemoth\n|-supereffective|p1a: Behemoth\n|-damage|p1a: Behemoth|0 fnt\n|faint|p1a: Behemoth\n|-end|p1a: Behemoth|Quark Drive|[silent]\n|\n|upkeep\n|\n|t:|1699724020\n|switch|p1a: Obsidian|Arcanine-Hisui, M, shiny, tera:Normal|42\/100 par\n|turn|20\n|\n|t:|1699724029\n|switch|p2a: Garganacl|Garganacl, F, tera:Electric|93\/100\n|-damage|p2a: Garganacl|80\/100|[from] Stealth Rock\n|move|p1a: Obsidian|Extreme Speed|p2a: Garganacl\n|-crit|p2a: Garganacl\n|-damage|p2a: Garganacl|24\/100\n|\n|-heal|p2a: Garganacl|30\/100|[from] item: Leftovers\n|upkeep\n|turn|21\n|\n|t:|1699724046\n|cant|p1a: Obsidian|par\n|move|p2a: Garganacl|Recover|p2a: Garganacl\n|-heal|p2a: Garganacl|80\/100\n|\n|-heal|p2a: Garganacl|86\/100|[from] item: Leftovers\n|upkeep\n|turn|22\n|\n|t:|1699724052\n|switch|p1a: Fungus|Amoonguss, M, shiny|55\/100\n|move|p2a: Garganacl|Iron Defense|p2a: Garganacl\n|-boost|p2a: Garganacl|def|2\n|\n|-heal|p2a: Garganacl|92\/100|[from] item: Leftovers\n|upkeep\n|turn|23\n|\n|t:|1699724058\n|move|p2a: Garganacl|Salt Cure|p1a: Fungus\n|-damage|p1a: Fungus|45\/100\n|-start|p1a: Fungus|Salt Cure\n|move|p1a: Fungus|Clear Smog|p2a: Garganacl\n|-damage|p2a: Garganacl|82\/100\n|-clearboost|p2a: Garganacl\n|\n|-heal|p2a: Garganacl|88\/100|[from] item: Leftovers\n|-damage|p1a: Fungus|33\/100|[from] Salt Cure\n|upkeep\n|turn|24\n|\n|t:|1699724068\n|move|p2a: Garganacl|Iron Defense|p2a: Garganacl\n|-boost|p2a: Garganacl|def|2\n|move|p1a: Fungus|Giga Drain|p2a: Garganacl\n|-damage|p2a: Garganacl|74\/100\n|-heal|p1a: Fungus|39\/100|[from] drain|[of] p2a: Garganacl\n|\n|-heal|p2a: Garganacl|80\/100|[from] item: Leftovers\n|-damage|p1a: Fungus|27\/100|[from] Salt Cure\n|upkeep\n|turn|25\n|\n|t:|1699724076\n|move|p2a: Garganacl|Salt Cure|p1a: Fungus\n|-damage|p1a: Fungus|17\/100\n|move|p1a: Fungus|Clear Smog|p2a: Garganacl\n|-damage|p2a: Garganacl|69\/100\n|-clearboost|p2a: Garganacl\n|\n|-heal|p2a: Garganacl|75\/100|[from] item: Leftovers\n|-damage|p1a: Fungus|5\/100|[from] Salt Cure\n|upkeep\n|turn|26\n|\n|t:|1699724086\n|switch|p1a: Angeallen|Enamorus-Therian, F, shiny|79\/100\n|move|p2a: Garganacl|Salt Cure|p1a: Angeallen\n|-supereffective|p1a: Angeallen\n|-damage|p1a: Angeallen|59\/100\n|-start|p1a: Angeallen|Salt Cure\n|\n|-heal|p1a: Angeallen|65\/100|[from] item: Leftovers\n|-heal|p2a: Garganacl|81\/100|[from] item: Leftovers\n|-damage|p1a: Angeallen|53\/100|[from] Salt Cure\n|upkeep\n|turn|27\n|\n|t:|1699724097\n|switch|p2a: Zapdos|Zapdos|10\/100\n|move|p1a: Angeallen|Draining Kiss|p2a: Zapdos\n|-damage|p2a: Zapdos|0 fnt\n|-heal|p1a: Angeallen|61\/100|[from] drain|[of] p2a: Zapdos\n|-status|p1a: Angeallen|par|[from] ability: Static|[of] p2a: Zapdos\n|faint|p2a: Zapdos\n|\n|-heal|p1a: Angeallen|67\/100 par|[from] item: Leftovers\n|-damage|p1a: Angeallen|55\/100 par|[from] Salt Cure\n|upkeep\n|\n|t:|1699724112\n|switch|p2a: Ogerpon|Ogerpon-Wellspring, F|100\/100\n|-damage|p2a: Ogerpon|88\/100|[from] Stealth Rock\n|turn|28\n|\n|t:|1699724122\n|switch|p1a: Fungus|Amoonguss, M, shiny|38\/100\n|move|p2a: Ogerpon|Swords Dance|p2a: Ogerpon\n|-boost|p2a: Ogerpon|atk|2\n|\n|upkeep\n|turn|29\n|j| EG Sato\n|\n|t:|1699724128\n|switch|p1a: Angeallen|Enamorus-Therian, F, shiny|55\/100 par\n|move|p2a: Ogerpon|Ivy Cudgel|p1a: Angeallen\n|-damage|p1a: Angeallen|0 fnt\n|faint|p1a: Angeallen\n|\n|upkeep\n|\n|t:|1699724139\n|switch|p1a: Fungus|Amoonguss, M, shiny|71\/100\n|turn|30\n|\n|t:|1699724145\n|switch|p2a: Mamoswine|Mamoswine, M|100\/100\n|-damage|p2a: Mamoswine|88\/100|[from] Stealth Rock\n|move|p1a: Fungus|Clear Smog|p2a: Mamoswine\n|-resisted|p2a: Mamoswine\n|-damage|p2a: Mamoswine|76\/100\n|-clearboost|p2a: Mamoswine\n|\n|upkeep\n|turn|31\n|\n|t:|1699724155\n|move|p2a: Mamoswine|Earthquake|p1a: Fungus\n|-damage|p1a: Fungus|33\/100\n|move|p1a: Fungus|Giga Drain|p2a: Mamoswine\n|-supereffective|p2a: Mamoswine\n|-damage|p2a: Mamoswine|8\/100\n|-heal|p1a: Fungus|61\/100|[from] drain|[of] p2a: Mamoswine\n|\n|upkeep\n|turn|32\n|\n|t:|1699724166\n|switch|p1a: Overgod|Kingambit, M, shiny|100\/100\n|-activate|p1a: Overgod|ability: Supreme Overlord\n|-start|p1a: Overgod|fallen2|[silent]\n|move|p2a: Mamoswine|Earthquake|p1a: Overgod\n|-supereffective|p1a: Overgod\n|-damage|p1a: Overgod|20\/100\n|\n|-heal|p1a: Overgod|26\/100|[from] item: Leftovers\n|upkeep\n|turn|33\n|\n|t:|1699724175\n|switch|p2a: Cinderace|Cinderace, F|100\/100\n|move|p1a: Overgod|Kowtow Cleave|p2a: Cinderace\n|-damage|p2a: Cinderace|25\/100\n|\n|-heal|p1a: Overgod|33\/100|[from] item: Leftovers\n|upkeep\n|turn|34\n|\n|t:|1699724189\n|move|p2a: Cinderace|Pyro Ball|p1a: Overgod\n|-supereffective|p1a: Overgod\n|-damage|p1a: Overgod|0 fnt\n|faint|p1a: Overgod\n|-end|p1a: Overgod|fallen2|[silent]\n|\n|upkeep\n|\n|t:|1699724192\n|switch|p1a: Obsidian|Arcanine-Hisui, M, shiny, tera:Normal|42\/100 par\n|turn|35\n|\n|t:|1699724203\n|move|p1a: Obsidian|Extreme Speed|p2a: Cinderace\n|-damage|p2a: Cinderace|0 fnt\n|faint|p2a: Cinderace\n|\n|upkeep\n|\n|t:|1699724214\n|switch|p2a: Garganacl|Garganacl, F, tera:Electric|81\/100\n|-damage|p2a: Garganacl|69\/100|[from] Stealth Rock\n|turn|36\n|\n|t:|1699724220\n|move|p1a: Obsidian|Extreme Speed|p2a: Garganacl\n|-damage|p2a: Garganacl|27\/100\n|move|p2a: Garganacl|Recover|p2a: Garganacl\n|-heal|p2a: Garganacl|77\/100\n|\n|-heal|p2a: Garganacl|84\/100|[from] item: Leftovers\n|upkeep\n|turn|37\n|\n|t:|1699724227\n|switch|p1a: Fungus|Amoonguss, M, shiny|94\/100\n|move|p2a: Garganacl|Iron Defense|p2a: Garganacl\n|-boost|p2a: Garganacl|def|2\n|\n|-heal|p2a: Garganacl|90\/100|[from] item: Leftovers\n|upkeep\n|turn|38\n|\n|t:|1699724233\n|move|p2a: Garganacl|Salt Cure|p1a: Fungus\n|-damage|p1a: Fungus|84\/100\n|-start|p1a: Fungus|Salt Cure\n|move|p1a: Fungus|Clear Smog|p2a: Garganacl\n|-damage|p2a: Garganacl|79\/100\n|-clearboost|p2a: Garganacl\n|\n|-heal|p2a: Garganacl|86\/100|[from] item: Leftovers\n|-damage|p1a: Fungus|72\/100|[from] Salt Cure\n|upkeep\n|turn|39\n|\n|t:|1699724252\n|move|p2a: Garganacl|Salt Cure|p1a: Fungus\n|-damage|p1a: Fungus|62\/100\n|move|p1a: Fungus|Giga Drain|p2a: Garganacl\n|-damage|p2a: Garganacl|70\/100\n|-heal|p1a: Fungus|69\/100|[from] drain|[of] p2a: Garganacl\n|\n|-heal|p2a: Garganacl|76\/100|[from] item: Leftovers\n|-damage|p1a: Fungus|57\/100|[from] Salt Cure\n|upkeep\n|turn|40\n|\n|t:|1699724261\n|move|p2a: Garganacl|Salt Cure|p1a: Fungus\n|-damage|p1a: Fungus|47\/100\n|move|p1a: Fungus|Clear Smog|p2a: Garganacl\n|-damage|p2a: Garganacl|66\/100\n|-clearboost|p2a: Garganacl\n|\n|-heal|p2a: Garganacl|72\/100|[from] item: Leftovers\n|-damage|p1a: Fungus|35\/100|[from] Salt Cure\n|upkeep\n|turn|41\n|\n|t:|1699724270\n|move|p2a: Garganacl|Salt Cure|p1a: Fungus\n|-damage|p1a: Fungus|24\/100\n|move|p1a: Fungus|Giga Drain|p2a: Garganacl\n|-damage|p2a: Garganacl|55\/100\n|-heal|p1a: Fungus|32\/100|[from] drain|[of] p2a: Garganacl\n|\n|-heal|p2a: Garganacl|62\/100|[from] item: Leftovers\n|-damage|p1a: Fungus|20\/100|[from] Salt Cure\n|upkeep\n|turn|42\n|\n|t:|1699724278\n|move|p2a: Garganacl|Salt Cure|p1a: Fungus\n|-damage|p1a: Fungus|9\/100\n|move|p1a: Fungus|Giga Drain|p2a: Garganacl\n|-damage|p2a: Garganacl|47\/100\n|-heal|p1a: Fungus|16\/100|[from] drain|[of] p2a: Garganacl\n|\n|-heal|p2a: Garganacl|53\/100|[from] item: Leftovers\n|-damage|p1a: Fungus|3\/100|[from] Salt Cure\n|upkeep\n|turn|43\n|\n|t:|1699724287\n|switch|p1a: Leviathan|Dragapult, M, shiny|100\/100\n|move|p2a: Garganacl|Recover|p2a: Garganacl\n|-heal|p2a: Garganacl|100\/100\n|\n|upkeep\n|turn|44\n|\n|t:|1699724293\n|move|p1a: Leviathan|Substitute|p1a: Leviathan\n|-start|p1a: Leviathan|Substitute\n|-damage|p1a: Leviathan|76\/100\n|move|p2a: Garganacl|Salt Cure|p1a: Leviathan\n|-activate|p1a: Leviathan|move: Substitute|[damage]\n|\n|-heal|p1a: Leviathan|82\/100|[from] item: Leftovers\n|upkeep\n|turn|45\n|\n|t:|1699724302\n|move|p1a: Leviathan|Hex|p2a: Garganacl\n|-damage|p2a: Garganacl|91\/100\n|move|p2a: Garganacl|Iron Defense|p2a: Garganacl\n|-boost|p2a: Garganacl|def|2\n|\n|-heal|p1a: Leviathan|88\/100|[from] item: Leftovers\n|-heal|p2a: Garganacl|97\/100|[from] item: Leftovers\n|upkeep\n|turn|46\n|\n|t:|1699724310\n|move|p1a: Leviathan|Will-O-Wisp|p2a: Garganacl\n|-immune|p2a: Garganacl|[from] ability: Purifying Salt\n|move|p2a: Garganacl|Iron Defense|p2a: Garganacl\n|-boost|p2a: Garganacl|def|2\n|\n|-heal|p1a: Leviathan|94\/100|[from] item: Leftovers\n|-heal|p2a: Garganacl|100\/100|[from] item: Leftovers\n|upkeep\n|turn|47\n|\n|t:|1699724318\n|switch|p1a: Fungus|Amoonguss, M, shiny|36\/100\n|move|p2a: Garganacl|Iron Defense|p2a: Garganacl\n|-boost|p2a: Garganacl|def|2\n|\n|upkeep\n|turn|48\n|\n|t:|1699724324\n|switch|p1a: Leviathan|Dragapult, M, shiny|94\/100\n|move|p2a: Garganacl|Body Press|p1a: Leviathan\n|-immune|p1a: Leviathan\n|\n|-heal|p1a: Leviathan|99\/100|[from] item: Leftovers\n|upkeep\n|turn|49\n|\n|t:|1699724331\n|move|p1a: Leviathan|Substitute|p1a: Leviathan\n|-start|p1a: Leviathan|Substitute\n|-damage|p1a: Leviathan|75\/100\n|move|p2a: Garganacl|Salt Cure|p1a: Leviathan\n|-activate|p1a: Leviathan|move: Substitute|[damage]\n|\n|-heal|p1a: Leviathan|81\/100|[from] item: Leftovers\n|upkeep\n|turn|50\n|\n|t:|1699724338\n|move|p1a: Leviathan|Hex|p2a: Garganacl\n|-damage|p2a: Garganacl|92\/100\n|move|p2a: Garganacl|Salt Cure|p1a: Leviathan\n|-end|p1a: Leviathan|Substitute\n|\n|-heal|p1a: Leviathan|87\/100|[from] item: Leftovers\n|-heal|p2a: Garganacl|98\/100|[from] item: Leftovers\n|upkeep\n|turn|51\n|inactive|Battle timer is ON: inactive players will automatically lose when time's up. (requested by EG Jhonx)\n|\n|t:|1699724368\n|switch|p2a: Ogerpon|Ogerpon-Wellspring, F|88\/100\n|-damage|p2a: Ogerpon|76\/100|[from] Stealth Rock\n|move|p1a: Leviathan|Substitute|p1a: Leviathan\n|-start|p1a: Leviathan|Substitute\n|-damage|p1a: Leviathan|62\/100\n|\n|-heal|p1a: Leviathan|68\/100|[from] item: Leftovers\n|upkeep\n|turn|52\n|\n|t:|1699724375\n|move|p1a: Leviathan|Will-O-Wisp|p2a: Ogerpon\n|-status|p2a: Ogerpon|brn\n|move|p2a: Ogerpon|Encore|p1a: Leviathan\n|-start|p1a: Leviathan|Encore\n|\n|-heal|p1a: Leviathan|74\/100|[from] item: Leftovers\n|-damage|p2a: Ogerpon|70\/100 brn|[from] brn\n|upkeep\n|turn|53\n|\n|t:|1699724383\n|switch|p1a: Fungus|Amoonguss, M, shiny|70\/100\n|move|p2a: Ogerpon|Swords Dance|p2a: Ogerpon\n|-boost|p2a: Ogerpon|atk|2\n|\n|-damage|p2a: Ogerpon|64\/100 brn|[from] brn\n|upkeep\n|turn|54\n|\n|t:|1699724390\n|move|p2a: Ogerpon|Ivy Cudgel|p1a: Fungus\n|-resisted|p1a: Fungus\n|-damage|p1a: Fungus|50\/100\n|move|p1a: Fungus|Clear Smog|p2a: Ogerpon\n|-supereffective|p2a: Ogerpon\n|-crit|p2a: Ogerpon\n|-damage|p2a: Ogerpon|7\/100 brn\n|-clearboost|p2a: Ogerpon\n|\n|-damage|p2a: Ogerpon|1\/100 brn|[from] brn\n|upkeep\n|turn|55\n|\n|t:|1699724402\n|switch|p1a: Obsidian|Arcanine-Hisui, M, shiny, tera:Normal|42\/100 par\n|move|p2a: Ogerpon|Ivy Cudgel|p1a: Obsidian\n|-crit|p1a: Obsidian\n|-damage|p1a: Obsidian|0 fnt\n|faint|p1a: Obsidian\n|\n|-damage|p2a: Ogerpon|0 fnt|[from] brn\n|faint|p2a: Ogerpon\n|upkeep\n|c|\u2606EG Jhonx|lol\n|\n|t:|1699724414\n|switch|p2a: Mamoswine|Mamoswine, M|8\/100\n|switch|p1a: Fungus|Amoonguss, M, shiny|83\/100\n|-damage|p2a: Mamoswine|0 fnt|[from] Stealth Rock\n|faint|p2a: Mamoswine\n|\n|t:|1699724419\n|switch|p2a: Garganacl|Garganacl, F, tera:Electric|98\/100\n|-damage|p2a: Garganacl|85\/100|[from] Stealth Rock\n|turn|56\n|\n|t:|1699724424\n|move|p2a: Garganacl|Salt Cure|p1a: Fungus\n|-damage|p1a: Fungus|73\/100\n|-start|p1a: Fungus|Salt Cure\n|move|p1a: Fungus|Giga Drain|p2a: Garganacl\n|-damage|p2a: Garganacl|70\/100\n|-heal|p1a: Fungus|80\/100|[from] drain|[of] p2a: Garganacl\n|\n|-heal|p2a: Garganacl|76\/100|[from] item: Leftovers\n|-damage|p1a: Fungus|68\/100|[from] Salt Cure\n|upkeep\n|turn|57\n|\n|t:|1699724432\n|switch|p1a: Leviathan|Dragapult, M, shiny|74\/100\n|move|p2a: Garganacl|Salt Cure|p1a: Leviathan\n|-damage|p1a: Leviathan|55\/100\n|-start|p1a: Leviathan|Salt Cure\n|\n|-heal|p1a: Leviathan|61\/100|[from] item: Leftovers\n|-heal|p2a: Garganacl|83\/100|[from] item: Leftovers\n|-damage|p1a: Leviathan|48\/100|[from] Salt Cure\n|upkeep\n|turn|58\n|\n|t:|1699724441\n|switch|p1a: Fungus|Amoonguss, M, shiny|100\/100\n|move|p2a: Garganacl|Salt Cure|p1a: Fungus\n|-damage|p1a: Fungus|91\/100\n|-start|p1a: Fungus|Salt Cure\n|\n|-heal|p2a: Garganacl|89\/100|[from] item: Leftovers\n|-damage|p1a: Fungus|79\/100|[from] Salt Cure\n|upkeep\n|turn|59\n|\n|t:|1699724449\n|switch|p1a: Leviathan|Dragapult, M, shiny|48\/100\n|move|p2a: Garganacl|Salt Cure|p1a: Leviathan\n|-damage|p1a: Leviathan|31\/100\n|-start|p1a: Leviathan|Salt Cure\n|\n|-heal|p1a: Leviathan|37\/100|[from] item: Leftovers\n|-heal|p2a: Garganacl|95\/100|[from] item: Leftovers\n|-damage|p1a: Leviathan|25\/100|[from] Salt Cure\n|upkeep\n|turn|60\n|\n|t:|1699724458\n|switch|p1a: Fungus|Amoonguss, M, shiny|100\/100\n|move|p2a: Garganacl|Iron Defense|p2a: Garganacl\n|-boost|p2a: Garganacl|def|2\n|\n|-heal|p2a: Garganacl|100\/100|[from] item: Leftovers\n|upkeep\n|turn|61\n|c| EG Gonz|te gano esa mieo\n|\n|t:|1699724465\n|move|p2a: Garganacl|Salt Cure|p1a: Fungus\n|-damage|p1a: Fungus|90\/100\n|-start|p1a: Fungus|Salt Cure\n|move|p1a: Fungus|Clear Smog|p2a: Garganacl\n|-damage|p2a: Garganacl|91\/100\n|-clearboost|p2a: Garganacl\n|\n|-heal|p2a: Garganacl|97\/100|[from] item: Leftovers\n|-damage|p1a: Fungus|78\/100|[from] Salt Cure\n|upkeep\n|turn|62\n|c|\u2606EG Jhonx|no\n|c| EG Gonz|mielda\n|\n|t:|1699724477\n|switch|p1a: Leviathan|Dragapult, M, shiny|25\/100\n|move|p2a: Garganacl|Salt Cure|p1a: Leviathan\n|-damage|p1a: Leviathan|6\/100\n|-start|p1a: Leviathan|Salt Cure\n|\n|-heal|p1a: Leviathan|12\/100|[from] item: Leftovers\n|-heal|p2a: Garganacl|100\/100|[from] item: Leftovers\n|-damage|p1a: Leviathan|0 fnt|[from] Salt Cure\n|faint|p1a: Leviathan\n|upkeep\n|c|\u2606EG Jhonx|pero\n|c|\u2606EG Jhonx|que este mmg\n|c|\u2606EG Jhonx|es tonto\n|\n|t:|1699724489\n|switch|p1a: Fungus|Amoonguss, M, shiny|100\/100\n|turn|63\n|\n|t:|1699724496\n|move|p2a: Garganacl|Salt Cure|p1a: Fungus\n|-damage|p1a: Fungus|90\/100\n|-start|p1a: Fungus|Salt Cure\n|move|p1a: Fungus|Foul Play|p2a: Garganacl\n|-damage|p2a: Garganacl|85\/100\n|\n|-heal|p2a: Garganacl|91\/100|[from] item: Leftovers\n|-damage|p1a: Fungus|78\/100|[from] Salt Cure\n|upkeep\n|turn|64\n|\n|t:|1699724505\n|move|p2a: Garganacl|Iron Defense|p2a: Garganacl\n|-boost|p2a: Garganacl|def|2\n|move|p1a: Fungus|Giga Drain|p2a: Garganacl\n|-damage|p2a: Garganacl|77\/100\n|-heal|p1a: Fungus|84\/100|[from] drain|[of] p2a: Garganacl\n|\n|-heal|p2a: Garganacl|83\/100|[from] item: Leftovers\n|-damage|p1a: Fungus|72\/100|[from] Salt Cure\n|upkeep\n|turn|65\n|\n|t:|1699724514\n|move|p2a: Garganacl|Iron Defense|p2a: Garganacl\n|-boost|p2a: Garganacl|def|2\n|move|p1a: Fungus|Clear Smog|p2a: Garganacl\n|-damage|p2a: Garganacl|73\/100\n|-clearboost|p2a: Garganacl\n|\n|-heal|p2a: Garganacl|79\/100|[from] item: Leftovers\n|-damage|p1a: Fungus|60\/100|[from] Salt Cure\n|upkeep\n|turn|66\n|\n|t:|1699724523\n|move|p2a: Garganacl|Iron Defense|p2a: Garganacl\n|-boost|p2a: Garganacl|def|2\n|move|p1a: Fungus|Clear Smog|p2a: Garganacl\n|-damage|p2a: Garganacl|69\/100\n|-clearboost|p2a: Garganacl\n|\n|-heal|p2a: Garganacl|75\/100|[from] item: Leftovers\n|-damage|p1a: Fungus|48\/100|[from] Salt Cure\n|upkeep\n|turn|67\n|\n|t:|1699724531\n|move|p2a: Garganacl|Iron Defense|p2a: Garganacl\n|-boost|p2a: Garganacl|def|2\n|move|p1a: Fungus|Giga Drain|p2a: Garganacl\n|-damage|p2a: Garganacl|60\/100\n|-heal|p1a: Fungus|55\/100|[from] drain|[of] p2a: Garganacl\n|\n|-heal|p2a: Garganacl|67\/100|[from] item: Leftovers\n|-damage|p1a: Fungus|42\/100|[from] Salt Cure\n|upkeep\n|turn|68\n|\n|t:|1699724540\n|move|p2a: Garganacl|Iron Defense|p2a: Garganacl\n|-boost|p2a: Garganacl|def|2\n|move|p1a: Fungus|Clear Smog|p2a: Garganacl\n|-damage|p2a: Garganacl|56\/100\n|-clearboost|p2a: Garganacl\n|\n|-heal|p2a: Garganacl|62\/100|[from] item: Leftovers\n|-damage|p1a: Fungus|30\/100|[from] Salt Cure\n|upkeep\n|turn|69\n|\n|t:|1699724548\n|move|p2a: Garganacl|Iron Defense|p2a: Garganacl\n|-boost|p2a: Garganacl|def|2\n|move|p1a: Fungus|Giga Drain|p2a: Garganacl\n|-damage|p2a: Garganacl|47\/100\n|-heal|p1a: Fungus|38\/100|[from] drain|[of] p2a: Garganacl\n|\n|-heal|p2a: Garganacl|53\/100|[from] item: Leftovers\n|-damage|p1a: Fungus|25\/100|[from] Salt Cure\n|upkeep\n|turn|70\n|\n|t:|1699724559\n|move|p2a: Garganacl|Recover|p2a: Garganacl\n|-heal|p2a: Garganacl|100\/100\n|move|p1a: Fungus|Giga Drain|p2a: Garganacl\n|-damage|p2a: Garganacl|86\/100\n|-heal|p1a: Fungus|32\/100|[from] drain|[of] p2a: Garganacl\n|\n|-heal|p2a: Garganacl|92\/100|[from] item: Leftovers\n|-damage|p1a: Fungus|20\/100|[from] Salt Cure\n|upkeep\n|turn|71\n|c|\u2606actualonion|GG\n|\n|t:|1699724570\n|move|p2a: Garganacl|Salt Cure|p1a: Fungus\n|-damage|p1a: Fungus|9\/100\n|move|p1a: Fungus|Giga Drain|p2a: Garganacl\n|-damage|p2a: Garganacl|77\/100\n|-heal|p1a: Fungus|16\/100|[from] drain|[of] p2a: Garganacl\n|\n|-heal|p2a: Garganacl|83\/100|[from] item: Leftovers\n|-damage|p1a: Fungus|4\/100|[from] Salt Cure\n|upkeep\n|turn|72\n|c|\u2606EG Jhonx|gg\n|\n|t:|1699724579\n|move|p2a: Garganacl|Body Press|p1a: Fungus\n|-resisted|p1a: Fungus\n|-damage|p1a: Fungus|0 fnt\n|-damage|p2a: Garganacl|67\/100|[from] item: Rocky Helmet|[of] p1a: Fungus\n|faint|p1a: Fungus\n|\n|win|actualonion\n|raw|EG Jhonx's rating: 1547 &rarr; <strong>1525<\/strong><br \/>(-22 for losing)\n|raw|actualonion's rating: 1518 &rarr; <strong>1540<\/strong><br \/>(+22 for winning)\n|l| EG Gonz\n|l|\u2606EG Jhonx\n","uploadtime":1699724589,"views":20,"p1id":"egjhonx","p2id":"actualonion","formatid":"gen9ou","rating":1525,"private":0,"password":""}