{"id":"gen9ou-1992294279","p1":"FiveFingerIcePunch","p2":"Vireces","format":"[Gen 9] OU","log":"|j|\u2606FiveFingerIcePunch\n|j|\u2606Vireces\n|t:|1700171788\n|gametype|singles\n|player|p1|FiveFingerIcePunch|workerice|1185\n|player|p2|Vireces|gambler|1154\n|teamsize|p1|6\n|teamsize|p2|6\n|gen|9\n|tier|[Gen 9] OU\n|rated|\n|rule|Sleep Clause Mod: Limit one foe put to sleep\n|rule|Species Clause: Limit one of each Pok\u00e9mon\n|rule|OHKO Clause: OHKO moves are banned\n|rule|Evasion Items Clause: Evasion items are banned\n|rule|Evasion Moves Clause: Evasion moves are banned\n|rule|Endless Battle Clause: Forcing endless battles is banned\n|rule|HP Percentage Mod: HP is shown in percentages\n|clearpoke\n|poke|p1|Iron Valiant|\n|poke|p1|Toxapex, F|\n|poke|p1|Corviknight, M|\n|poke|p1|Sneasler, F|\n|poke|p1|Weavile, F|\n|poke|p1|Ceruledge, M|\n|poke|p2|Goodra-Hisui, F|\n|poke|p2|Pawmot, M|\n|poke|p2|Great Tusk|\n|poke|p2|Inteleon, M|\n|poke|p2|Mimikyu, M|\n|poke|p2|Kleavor, M|\n|teampreview\n|\n|t:|1700171824\n|start\n|switch|p1a: Bastille|Corviknight, M, shiny|100\/100\n|switch|p2a: Goodra|Goodra-Hisui, F|100\/100\n|turn|1\n|\n|t:|1700171834\n|move|p1a: Bastille|U-turn|p2a: Goodra\n|-resisted|p2a: Goodra\n|-damage|p2a: Goodra|95\/100\n|\n|t:|1700171836\n|switch|p1a: Hatred|Toxapex, F, shiny|100\/100|[from] U-turn\n|move|p2a: Goodra|Knock Off|p1a: Hatred\n|-damage|p1a: Hatred|81\/100\n|-enditem|p1a: Hatred|Black Sludge|[from] move: Knock Off|[of] p2a: Goodra\n|\n|-heal|p2a: Goodra|100\/100|[from] item: Leftovers\n|upkeep\n|turn|2\n|\n|t:|1700171846\n|move|p2a: Goodra|Earthquake|p1a: Hatred\n|-supereffective|p1a: Hatred\n|-damage|p1a: Hatred|42\/100\n|move|p1a: Hatred|Chilling Water|p2a: Goodra\n|-resisted|p2a: Goodra\n|-damage|p2a: Goodra|98\/100\n|-unboost|p2a: Goodra|atk|1\n|\n|-heal|p2a: Goodra|100\/100|[from] item: Leftovers\n|upkeep\n|turn|3\n|\n|t:|1700171854\n|move|p2a: Goodra|Earthquake|p1a: Hatred\n|-supereffective|p1a: Hatred\n|-damage|p1a: Hatred|17\/100\n|move|p1a: Hatred|Recover|p1a: Hatred\n|-heal|p1a: Hatred|67\/100\n|\n|upkeep\n|turn|4\n|\n|t:|1700171864\n|move|p2a: Goodra|Earthquake|p1a: Hatred\n|-supereffective|p1a: Hatred\n|-damage|p1a: Hatred|43\/100\n|move|p1a: Hatred|Chilling Water|p2a: Goodra\n|-resisted|p2a: Goodra\n|-damage|p2a: Goodra|98\/100\n|-unboost|p2a: Goodra|atk|1\n|\n|-heal|p2a: Goodra|100\/100|[from] item: Leftovers\n|upkeep\n|turn|5\n|\n|t:|1700171878\n|switch|p2a: Pawmot|Pawmot, M|100\/100\n|move|p1a: Hatred|Recover|p1a: Hatred\n|-heal|p1a: Hatred|93\/100\n|\n|upkeep\n|turn|6\n|\n|t:|1700171883\n|move|p2a: Pawmot|Double Shock|p1a: Hatred\n|-supereffective|p1a: Hatred\n|-damage|p1a: Hatred|1\/100\n|-start|p2a: Pawmot|typechange|???\/Fighting|[from] move: Double Shock\n|move|p1a: Hatred|Chilling Water|p2a: Pawmot\n|-damage|p2a: Pawmot|80\/100\n|-unboost|p2a: Pawmot|atk|1\n|\n|upkeep\n|turn|7\n|\n|t:|1700171892\n|switch|p1a: Bastille|Corviknight, M, shiny|100\/100\n|move|p2a: Pawmot|Ice Punch|p1a: Bastille\n|-damage|p1a: Bastille|91\/100\n|\n|-heal|p1a: Bastille|97\/100|[from] item: Leftovers\n|upkeep\n|turn|8\n|\n|t:|1700171905\n|switch|p2a: Goodra|Goodra-Hisui, F|100\/100\n|move|p1a: Bastille|U-turn|p2a: Goodra\n|-resisted|p2a: Goodra\n|-damage|p2a: Goodra|94\/100\n|\n|t:|1700171908\n|switch|p1a: Hatred|Toxapex, F, shiny|35\/100|[from] U-turn\n|\n|-heal|p2a: Goodra|99\/100|[from] item: Leftovers\n|upkeep\n|turn|9\n|\n|t:|1700171914\n|switch|p1a: Bastille|Corviknight, M, shiny|97\/100\n|move|p2a: Goodra|Earthquake|p1a: Bastille\n|-immune|p1a: Bastille\n|\n|-heal|p1a: Bastille|100\/100|[from] item: Leftovers\n|-heal|p2a: Goodra|100\/100|[from] item: Leftovers\n|upkeep\n|turn|10\n|\n|t:|1700171923\n|move|p1a: Bastille|U-turn|p2a: Goodra\n|-resisted|p2a: Goodra\n|-damage|p2a: Goodra|94\/100\n|\n|t:|1700171924\n|switch|p1a: All Out|Sneasler, F, shiny|100\/100|[from] U-turn\n|-item|p1a: All Out|Air Balloon\n|move|p2a: Goodra|Knock Off|p1a: All Out\n|-resisted|p1a: All Out\n|-damage|p1a: All Out|79\/100\n|-enditem|p1a: All Out|Air Balloon\n|\n|-heal|p2a: Goodra|100\/100|[from] item: Leftovers\n|upkeep\n|turn|11\n|\n|t:|1700171935\n|-terastallize|p1a: All Out|Flying\n|move|p1a: All Out|Swords Dance|p1a: All Out\n|-boost|p1a: All Out|atk|2\n|move|p2a: Goodra|Earthquake|p1a: All Out\n|-immune|p1a: All Out\n|\n|upkeep\n|turn|12\n|\n|t:|1700171942\n|move|p1a: All Out|Close Combat|p2a: Goodra\n|-supereffective|p2a: Goodra\n|-damage|p2a: Goodra|0 fnt\n|-unboost|p1a: All Out|def|1\n|-unboost|p1a: All Out|spd|1\n|faint|p2a: Goodra\n|\n|upkeep\n|\n|t:|1700171950\n|switch|p2a: Mimikyu|Mimikyu, M|100\/100\n|turn|13\n|\n|t:|1700171956\n|move|p1a: All Out|Dire Claw|p2a: Mimikyu\n|-activate|p2a: Mimikyu|ability: Disguise\n|-damage|p2a: Mimikyu|100\/100\n|detailschange|p2a: Mimikyu|Mimikyu-Busted, M\n|-damage|p2a: Mimikyu|88\/100|[from] pokemon: Mimikyu-Busted\n|move|p2a: Mimikyu|Swords Dance|p2a: Mimikyu\n|-boost|p2a: Mimikyu|atk|2\n|\n|upkeep\n|turn|14\n|\n|t:|1700171965\n|move|p2a: Mimikyu|Shadow Sneak|p1a: All Out\n|-damage|p1a: All Out|0 fnt\n|faint|p1a: All Out\n|-damage|p2a: Mimikyu|78\/100|[from] item: Life Orb\n|\n|upkeep\n|\n|t:|1700171968\n|switch|p1a: The Knight|Ceruledge, M, shiny|100\/100\n|turn|15\n|\n|t:|1700171977\n|move|p2a: Mimikyu|Shadow Sneak|p1a: The Knight\n|-supereffective|p1a: The Knight\n|-damage|p1a: The Knight|3\/100\n|-ability|p1a: The Knight|Weak Armor|boost\n|-unboost|p1a: The Knight|def|1\n|-boost|p1a: The Knight|spe|2\n|-damage|p2a: Mimikyu|68\/100|[from] item: Life Orb\n|move|p1a: The Knight|Shadow Claw|p2a: Mimikyu\n|-supereffective|p2a: Mimikyu\n|-damage|p2a: Mimikyu|0 fnt\n|faint|p2a: Mimikyu\n|\n|upkeep\n|\n|t:|1700171990\n|switch|p2a: Inteleon|Inteleon, M|100\/100\n|turn|16\n|\n|t:|1700171996\n|move|p1a: The Knight|Shadow Claw|p2a: Inteleon\n|-damage|p2a: Inteleon|41\/100\n|move|p2a: Inteleon|Snipe Shot|p1a: The Knight\n|-supereffective|p1a: The Knight\n|-crit|p1a: The Knight\n|-damage|p1a: The Knight|0 fnt\n|faint|p1a: The Knight\n|\n|upkeep\n|\n|t:|1700172002\n|switch|p1a: Soda Machine|Iron Valiant|100\/100\n|-enditem|p1a: Soda Machine|Booster Energy\n|-activate|p1a: Soda Machine|ability: Quark Drive|[fromitem]\n|-start|p1a: Soda Machine|quarkdrivespe\n|turn|17\n|\n|t:|1700172009\n|move|p1a: Soda Machine|Calm Mind|p1a: Soda Machine\n|-boost|p1a: Soda Machine|spa|1\n|-boost|p1a: Soda Machine|spd|1\n|move|p2a: Inteleon|Snipe Shot|p1a: Soda Machine\n|-damage|p1a: Soda Machine|53\/100\n|\n|upkeep\n|turn|18\n|\n|t:|1700172017\n|move|p1a: Soda Machine|Moonblast|p2a: Inteleon\n|-damage|p2a: Inteleon|0 fnt\n|faint|p2a: Inteleon\n|\n|upkeep\n|\n|t:|1700172022\n|switch|p2a: Pawmot|Pawmot, M|80\/100\n|turn|19\n|\n|t:|1700172026\n|move|p1a: Soda Machine|Moonblast|p2a: Pawmot\n|-supereffective|p2a: Pawmot\n|-damage|p2a: Pawmot|0 fnt\n|faint|p2a: Pawmot\n|\n|upkeep\n|\n|t:|1700172033\n|switch|p2a: Kleavor|Kleavor, M|100\/100\n|turn|20\n|\n|t:|1700172037\n|move|p1a: Soda Machine|Moonblast|p2a: Kleavor\n|-damage|p2a: Kleavor|0 fnt\n|faint|p2a: Kleavor\n|\n|upkeep\n|\n|t:|1700172041\n|switch|p2a: Great Tusk|Great Tusk|100\/100\n|-enditem|p2a: Great Tusk|Booster Energy\n|-activate|p2a: Great Tusk|ability: Protosynthesis|[fromitem]\n|-start|p2a: Great Tusk|protosynthesisspe\n|turn|21\n|\n|t:|1700172050\n|move|p1a: Soda Machine|Moonblast|p2a: Great Tusk\n|-supereffective|p2a: Great Tusk\n|-damage|p2a: Great Tusk|0 fnt\n|faint|p2a: Great Tusk\n|-end|p2a: Great Tusk|Protosynthesis|[silent]\n|\n|win|FiveFingerIcePunch\n|raw|FiveFingerIcePunch's rating: 1185 &rarr; <strong>1208<\/strong><br \/>(+23 for winning)\n|raw|Vireces's rating: 1154 &rarr; <strong>1131<\/strong><br \/>(-23 for losing)\n|l|\u2606Vireces\n|c|\u2606FiveFingerIcePunch|Ggs\n","uploadtime":1700172064,"views":22,"p1id":"fivefingericepunch","p2id":"vireces","formatid":"gen9ou","rating":1131,"private":0,"password":""}