{"id":"gen9ou-1999841157","p1":"lostroncos","p2":"VivaHonduras","format":"[Gen 9] OU","log":"|j|\u2606lostroncos\n|j|\u2606VivaHonduras\n|t:|1701121747\n|gametype|singles\n|player|p1|lostroncos|266|1727\n|player|p2|VivaHonduras|265|1895\n|teamsize|p1|6\n|teamsize|p2|6\n|gen|9\n|tier|[Gen 9] OU\n|rated|\n|rule|Sleep Clause Mod: Limit one foe put to sleep\n|rule|Species Clause: Limit one of each Pok\u00e9mon\n|rule|OHKO Clause: OHKO moves are banned\n|rule|Evasion Items Clause: Evasion items are banned\n|rule|Evasion Moves Clause: Evasion moves are banned\n|rule|Endless Battle Clause: Forcing endless battles is banned\n|rule|HP Percentage Mod: HP is shown in percentages\n|clearpoke\n|poke|p1|Torkoal, M|\n|poke|p1|Walking Wake|\n|poke|p1|Great Tusk|\n|poke|p1|Cinderace, M|\n|poke|p1|Charizard, F|\n|poke|p1|Brute Bonnet|\n|poke|p2|Infernape, M|\n|poke|p2|Ribombee, F|\n|poke|p2|Gholdengo|\n|poke|p2|Manaphy|\n|poke|p2|Landorus-Therian, M|\n|poke|p2|Kommo-o, M|\n|teampreview\n|inactive|Battle timer is ON: inactive players will automatically lose when time's up. (requested by VivaHonduras)\n|inactive|VivaHonduras has 120 seconds left.\n|\n|t:|1701121780\n|start\n|switch|p1a: Torkoal|Torkoal, M|100\/100\n|switch|p2a: Landorus|Landorus-Therian, M|100\/100\n|-ability|p2a: Landorus|Intimidate|boost\n|-unboost|p1a: Torkoal|atk|1\n|-weather|SunnyDay|[from] ability: Drought|[of] p1a: Torkoal\n|turn|1\n|\n|t:|1701121787\n|switch|p1a: Charizard|Charizard, F|100\/100\n|move|p2a: Landorus|Substitute|p2a: Landorus\n|-start|p2a: Landorus|Substitute\n|-damage|p2a: Landorus|76\/100\n|\n|-weather|SunnyDay|[upkeep]\n|-damage|p1a: Charizard|88\/100|[from] ability: Solar Power|[of] p1a: Charizard\n|-heal|p2a: Landorus|82\/100|[from] item: Leftovers\n|upkeep\n|turn|2\n|\n|t:|1701121796\n|switch|p1a: Great Tusk|Great Tusk|100\/100\n|-activate|p1a: Great Tusk|ability: Protosynthesis\n|-start|p1a: Great Tusk|protosynthesisatk\n|move|p2a: Landorus|Smack Down|p1a: Great Tusk\n|-resisted|p1a: Great Tusk\n|-damage|p1a: Great Tusk|97\/100\n|\n|-weather|SunnyDay|[upkeep]\n|-heal|p2a: Landorus|88\/100|[from] item: Leftovers\n|-heal|p1a: Great Tusk|100\/100|[from] item: Leftovers\n|upkeep\n|turn|3\n|\n|t:|1701121808\n|move|p2a: Landorus|Earthquake|p1a: Great Tusk\n|-damage|p1a: Great Tusk|58\/100\n|move|p1a: Great Tusk|Rapid Spin|p2a: Landorus\n|-end|p2a: Landorus|Substitute\n|-boost|p1a: Great Tusk|spe|1\n|\n|-weather|SunnyDay|[upkeep]\n|-heal|p1a: Great Tusk|64\/100|[from] item: Leftovers\n|-heal|p2a: Landorus|94\/100|[from] item: Leftovers\n|upkeep\n|turn|4\n|\n|t:|1701121818\n|switch|p2a: Manaphy|Manaphy|100\/100\n|move|p1a: Great Tusk|Ice Spinner|p2a: Manaphy\n|-resisted|p2a: Manaphy\n|-damage|p2a: Manaphy|81\/100\n|\n|-weather|SunnyDay|[upkeep]\n|-heal|p1a: Great Tusk|71\/100|[from] item: Leftovers\n|-heal|p2a: Manaphy|87\/100|[from] item: Leftovers\n|upkeep\n|turn|5\n|\n|t:|1701121828\n|switch|p2a: McFries|Gholdengo|100\/100\n|-item|p2a: McFries|Air Balloon\n|move|p1a: Great Tusk|Earthquake|p2a: McFries\n|-immune|p2a: McFries\n|\n|-weather|SunnyDay|[upkeep]\n|-heal|p1a: Great Tusk|77\/100|[from] item: Leftovers\n|upkeep\n|turn|6\n|\n|t:|1701121840\n|-end|p1a: Great Tusk|Protosynthesis|[silent]\n|switch|p1a: Charizard|Charizard, F|88\/100\n|move|p2a: McFries|Make It Rain|p1a: Charizard\n|-resisted|p1a: Charizard\n|-damage|p1a: Charizard|44\/100\n|-unboost|p2a: McFries|spa|1\n|\n|-weather|SunnyDay|[upkeep]\n|-damage|p1a: Charizard|31\/100|[from] ability: Solar Power|[of] p1a: Charizard\n|upkeep\n|turn|7\n|\n|t:|1701121850\n|switch|p2a: Ribombee|Ribombee, F|100\/100\n|move|p1a: Charizard|Flamethrower|p2a: Ribombee\n|-supereffective|p2a: Ribombee\n|-enditem|p2a: Ribombee|Focus Sash\n|-damage|p2a: Ribombee|1\/100\n|\n|-weather|SunnyDay|[upkeep]\n|-damage|p1a: Charizard|19\/100|[from] ability: Solar Power|[of] p1a: Charizard\n|upkeep\n|turn|8\n|\n|t:|1701121858\n|move|p2a: Ribombee|Sticky Web|p1a: Charizard\n|-sidestart|p1: lostroncos|move: Sticky Web\n|move|p1a: Charizard|Flamethrower|p2a: Ribombee\n|-supereffective|p2a: Ribombee\n|-damage|p2a: Ribombee|0 fnt\n|faint|p2a: Ribombee\n|\n|-weather|none\n|upkeep\n|\n|t:|1701121865\n|switch|p2a: Landorus|Landorus-Therian, M|94\/100\n|-ability|p2a: Landorus|Intimidate|boost\n|-unboost|p1a: Charizard|atk|1\n|turn|9\n|\n|t:|1701121870\n|move|p1a: Charizard|Flamethrower|p2a: Landorus\n|-damage|p2a: Landorus|16\/100\n|move|p2a: Landorus|Smack Down|p1a: Charizard\n|-supereffective|p1a: Charizard\n|-damage|p1a: Charizard|0 fnt\n|faint|p1a: Charizard\n|\n|-heal|p2a: Landorus|22\/100|[from] item: Leftovers\n|upkeep\n|\n|t:|1701121881\n|switch|p1a: Cinderace|Cinderace, M|100\/100\n|turn|10\n|\n|t:|1701121895\n|move|p1a: Cinderace|Court Change|p1a: Cinderace\n|-start|p1a: Cinderace|typechange|Normal|[from] ability: Libero\n|-swapsideconditions\n|-activate|p1a: Cinderace|move: Court Change\n|move|p2a: Landorus|Earthquake|p1a: Cinderace\n|-damage|p1a: Cinderace|21\/100\n|\n|-heal|p2a: Landorus|27\/100|[from] item: Leftovers\n|upkeep\n|turn|11\n|\n|t:|1701121902\n|move|p1a: Cinderace|Pyro Ball|p2a: Landorus\n|-damage|p2a: Landorus|0 fnt\n|faint|p2a: Landorus\n|\n|upkeep\n|\n|t:|1701121905\n|switch|p2a: Son Goku|Infernape, M|100\/100\n|-activate|p2a: Son Goku|move: Sticky Web\n|-unboost|p2a: Son Goku|spe|1\n|turn|12\n|\n|t:|1701121909\n|move|p1a: Cinderace|U-turn|p2a: Son Goku\n|-resisted|p2a: Son Goku\n|-damage|p2a: Son Goku|93\/100\n|\n|t:|1701121912\n|switch|p1a: Torkoal|Torkoal, M|100\/100|[from] U-turn\n|-weather|SunnyDay|[from] ability: Drought|[of] p1a: Torkoal\n|move|p2a: Son Goku|Swords Dance|p2a: Son Goku\n|-boost|p2a: Son Goku|atk|2\n|\n|-weather|SunnyDay|[upkeep]\n|upkeep\n|turn|13\n|\n|t:|1701121931\n|switch|p1a: Cinderace|Cinderace, M|21\/100\n|move|p2a: Son Goku|Fire Punch|p1a: Cinderace\n|-resisted|p1a: Cinderace\n|-damage|p1a: Cinderace|0 fnt\n|faint|p1a: Cinderace\n|-damage|p2a: Son Goku|83\/100|[from] item: Life Orb\n|\n|-weather|SunnyDay|[upkeep]\n|upkeep\n|\n|t:|1701121939\n|switch|p1a: Walking Wake|Walking Wake|100\/100\n|-activate|p1a: Walking Wake|ability: Protosynthesis\n|-start|p1a: Walking Wake|protosynthesisspe\n|turn|14\n|j| MiniLarry\n|\n|t:|1701121956\n|move|p2a: Son Goku|Mach Punch|p1a: Walking Wake\n|-damage|p1a: Walking Wake|40\/100\n|-damage|p2a: Son Goku|73\/100|[from] item: Life Orb\n|move|p1a: Walking Wake|Hydro Steam|p2a: Son Goku\n|-supereffective|p2a: Son Goku\n|-damage|p2a: Son Goku|0 fnt\n|faint|p2a: Son Goku\n|\n|-weather|SunnyDay|[upkeep]\n|upkeep\n|\n|t:|1701121960\n|switch|p2a: Manaphy|Manaphy|87\/100\n|-activate|p2a: Manaphy|move: Sticky Web\n|-unboost|p2a: Manaphy|spe|1\n|turn|15\n|\n|t:|1701121972\n|-end|p1a: Walking Wake|Protosynthesis|[silent]\n|switch|p1a: Brute Bonnet|Brute Bonnet|100\/100\n|-activate|p1a: Brute Bonnet|ability: Protosynthesis\n|-start|p1a: Brute Bonnet|protosynthesisatk\n|move|p2a: Manaphy|Dazzling Gleam|p1a: Brute Bonnet\n|-supereffective|p1a: Brute Bonnet\n|-damage|p1a: Brute Bonnet|54\/100\n|\n|-weather|SunnyDay|[upkeep]\n|-heal|p2a: Manaphy|93\/100|[from] item: Leftovers\n|upkeep\n|turn|16\n|\n|t:|1701121983\n|move|p2a: Manaphy|Dazzling Gleam|p1a: Brute Bonnet\n|-supereffective|p1a: Brute Bonnet\n|-damage|p1a: Brute Bonnet|10\/100\n|move|p1a: Brute Bonnet|Seed Bomb|p2a: Manaphy\n|-supereffective|p2a: Manaphy\n|-damage|p2a: Manaphy|0 fnt\n|faint|p2a: Manaphy\n|-damage|p1a: Brute Bonnet|0 fnt|[from] item: Life Orb\n|faint|p1a: Brute Bonnet\n|-end|p1a: Brute Bonnet|Protosynthesis|[silent]\n|\n|-weather|SunnyDay|[upkeep]\n|upkeep\n|\n|t:|1701121997\n|switch|p2a: McFries|Gholdengo|100\/100\n|switch|p1a: Walking Wake|Walking Wake|40\/100\n|-activate|p1a: Walking Wake|ability: Protosynthesis\n|-start|p1a: Walking Wake|protosynthesisspe\n|-item|p2a: McFries|Air Balloon\n|turn|17\n|\n|t:|1701122005\n|move|p1a: Walking Wake|Flamethrower|p2a: McFries\n|-supereffective|p2a: McFries\n|-damage|p2a: McFries|0 fnt\n|-enditem|p2a: McFries|Air Balloon\n|faint|p2a: McFries\n|\n|-weather|SunnyDay|[upkeep]\n|upkeep\n|\n|t:|1701122007\n|switch|p2a: Kommo-o|Kommo-o, M|100\/100\n|-activate|p2a: Kommo-o|move: Sticky Web\n|-unboost|p2a: Kommo-o|spe|1\n|turn|18\n|\n|t:|1701122014\n|-end|p1a: Walking Wake|Protosynthesis|[silent]\n|switch|p1a: Great Tusk|Great Tusk|77\/100\n|-activate|p1a: Great Tusk|ability: Protosynthesis\n|-start|p1a: Great Tusk|protosynthesisatk\n|move|p2a: Kommo-o|Clangorous Soul|p2a: Kommo-o\n|-boost|p2a: Kommo-o|atk|1\n|-boost|p2a: Kommo-o|def|1\n|-boost|p2a: Kommo-o|spa|1\n|-boost|p2a: Kommo-o|spd|1\n|-boost|p2a: Kommo-o|spe|1\n|-damage|p2a: Kommo-o|68\/100\n|-enditem|p2a: Kommo-o|Throat Spray\n|-boost|p2a: Kommo-o|spa|1|[from] item: Throat Spray\n|\n|-weather|SunnyDay|[upkeep]\n|-heal|p1a: Great Tusk|83\/100|[from] item: Leftovers\n|upkeep\n|turn|19\n|\n|t:|1701122033\n|-terastallize|p2a: Kommo-o|Fairy\n|move|p1a: Great Tusk|Ice Spinner|p2a: Kommo-o\n|-damage|p2a: Kommo-o|43\/100\n|move|p2a: Kommo-o|Clangorous Soul|p2a: Kommo-o\n|-boost|p2a: Kommo-o|atk|1\n|-boost|p2a: Kommo-o|def|1\n|-boost|p2a: Kommo-o|spa|1\n|-boost|p2a: Kommo-o|spd|1\n|-boost|p2a: Kommo-o|spe|1\n|-damage|p2a: Kommo-o|10\/100\n|\n|-weather|none\n|-end|p1a: Great Tusk|Protosynthesis\n|-heal|p1a: Great Tusk|89\/100|[from] item: Leftovers\n|upkeep\n|turn|20\n|j| NicksRokaya\n|\n|t:|1701122046\n|move|p2a: Kommo-o|Boomburst|p1a: Great Tusk\n|-damage|p1a: Great Tusk|0 fnt\n|faint|p1a: Great Tusk\n|-end|p1a: Great Tusk|Protosynthesis|[silent]\n|\n|upkeep\n|\n|t:|1701122050\n|switch|p1a: Torkoal|Torkoal, M|100\/100\n|-weather|SunnyDay|[from] ability: Drought|[of] p1a: Torkoal\n|turn|21\n|\n|t:|1701122064\n|move|p2a: Kommo-o|Clanging Scales|p1a: Torkoal\n|-damage|p1a: Torkoal|0 fnt\n|faint|p1a: Torkoal\n|-unboost|p2a: Kommo-o|def|1\n|\n|-weather|SunnyDay|[upkeep]\n|upkeep\n|\n|t:|1701122070\n|switch|p1a: Walking Wake|Walking Wake|40\/100\n|-activate|p1a: Walking Wake|ability: Protosynthesis\n|-start|p1a: Walking Wake|protosynthesisspe\n|turn|22\n|\n|t:|1701122075\n|-terastallize|p1a: Walking Wake|Water\n|move|p1a: Walking Wake|Hydro Steam|p2a: Kommo-o\n|-damage|p2a: Kommo-o|0 fnt\n|faint|p2a: Kommo-o\n|\n|win|lostroncos\n|raw|lostroncos's rating: 1727 &rarr; <strong>1756<\/strong><br \/>(+29 for winning)\n|raw|VivaHonduras's rating: 1895 &rarr; <strong>1866<\/strong><br \/>(-29 for losing)\n|l|\u2606VivaHonduras\n|l| MiniLarry\n|c|\u2606lostroncos|gg\n","uploadtime":1701122105,"views":12,"p1id":"lostroncos","p2id":"vivahonduras","formatid":"gen9ou","rating":1756,"private":0,"password":""}