{"id":"gen9ou-1990569893","p1":"N-Zoroark stan","p2":"Theonreekgreyjoy","format":"[Gen 9] OU","log":"|j|\u2606N-Zoroark stan\n|j|\u2606Theonreekgreyjoy\n|t:|1699982256\n|gametype|singles\n|player|p1|N-Zoroark stan|riley|1783\n|player|p2|Theonreekgreyjoy|102|1816\n|teamsize|p1|6\n|teamsize|p2|6\n|gen|9\n|tier|[Gen 9] OU\n|rated|\n|rule|Sleep Clause Mod: Limit one foe put to sleep\n|rule|Species Clause: Limit one of each Pok\u00e9mon\n|rule|OHKO Clause: OHKO moves are banned\n|rule|Evasion Items Clause: Evasion items are banned\n|rule|Evasion Moves Clause: Evasion moves are banned\n|rule|Endless Battle Clause: Forcing endless battles is banned\n|rule|HP Percentage Mod: HP is shown in percentages\n|clearpoke\n|poke|p1|Zoroark-Hisui, M|\n|poke|p1|Corviknight, F|\n|poke|p1|Ogerpon-Wellspring, F|\n|poke|p1|Sandy Shocks|\n|poke|p1|Lokix, M|\n|poke|p1|Greninja-*, F|\n|poke|p2|Hatterene, F|\n|poke|p2|Manaphy|\n|poke|p2|Heatran, F|\n|poke|p2|Zamazenta-*|\n|poke|p2|Sneasler, F|\n|poke|p2|Rillaboom, F|\n|teampreview\n|inactive|Battle timer is ON: inactive players will automatically lose when time's up. (requested by N-Zoroark stan)\n|c|\u2606N-Zoroark stan|glhf\n|c|\u2606Theonreekgreyjoy|u2\n|j| Ghosty187\n|inactive|N-Zoroark stan has 120 seconds left.\n|\n|t:|1699982288\n|start\n|switch|p1a: Ogerpon|Ogerpon-Wellspring, F|100\/100\n|switch|p2a: Rillaboom|Rillaboom, F|100\/100\n|-fieldstart|move: Grassy Terrain|[from] ability: Grassy Surge|[of] p2a: Rillaboom\n|turn|1\n|\n|t:|1699982306\n|move|p1a: Ogerpon|U-turn|p2a: Rillaboom\n|-supereffective|p2a: Rillaboom\n|-damage|p2a: Rillaboom|42\/100\n|\n|t:|1699982308\n|switch|p1a: Corviknight|Corviknight, F|100\/100|[from] U-turn\n|-ability|p1a: Corviknight|Pressure\n|move|p2a: Rillaboom|U-turn|p1a: Corviknight\n|-resisted|p1a: Corviknight\n|-damage|p1a: Corviknight|94\/100\n|-damage|p2a: Rillaboom|26\/100|[from] item: Rocky Helmet|[of] p1a: Corviknight\n|\n|t:|1699982312\n|switch|p2a: Heatran|Heatran, F|100\/100|[from] U-turn\n|-item|p2a: Heatran|Air Balloon\n|\n|upkeep\n|turn|2\n|\n|t:|1699982321\n|switch|p1a: Ogerpon|Ogerpon-Wellspring, F|100\/100\n|move|p2a: Heatran|Will-O-Wisp|p1a: Ogerpon\n|-status|p1a: Ogerpon|brn\n|\n|-damage|p1a: Ogerpon|95\/100 brn|[from] brn\n|upkeep\n|turn|3\n|\n|t:|1699982337\n|switch|p2a: Manaphy|Manaphy|100\/100\n|move|p1a: Ogerpon|U-turn|p2a: Manaphy\n|-damage|p2a: Manaphy|91\/100\n|\n|t:|1699982340\n|switch|p1a: Sandy Shocks|Sandy Shocks|100\/100|[from] U-turn\n|\n|-heal|p2a: Manaphy|97\/100|[from] Grassy Terrain\n|-heal|p2a: Manaphy|100\/100|[from] item: Leftovers\n|upkeep\n|turn|4\n|\n|t:|1699982362\n|move|p1a: Sandy Shocks|Volt Switch|p2a: Manaphy\n|-supereffective|p2a: Manaphy\n|-damage|p2a: Manaphy|36\/100\n|j| amb2127\n|\n|t:|1699982364\n|-end|p1a: Sandy Shocks|Protosynthesis|[silent]\n|switch|p1a: Ogerpon|Ogerpon-Wellspring, F|95\/100 brn|[from] Volt Switch\n|move|p2a: Manaphy|Scald|p1a: Ogerpon\n|-heal|p1a: Ogerpon|100\/100 brn|[from] ability: Water Absorb|[of] p2a: Manaphy\n|\n|-heal|p2a: Manaphy|42\/100|[from] Grassy Terrain\n|-heal|p2a: Manaphy|49\/100|[from] item: Leftovers\n|-damage|p1a: Ogerpon|95\/100 brn|[from] brn\n|upkeep\n|turn|5\n|\n|t:|1699982370\n|switch|p2a: Hatterene|Hatterene, F|100\/100\n|-enditem|p2a: Hatterene|Grassy Seed\n|-boost|p2a: Hatterene|def|1|[from] item: Grassy Seed\n|move|p1a: Ogerpon|U-turn|p2a: Hatterene\n|-damage|p2a: Hatterene|93\/100\n|\n|t:|1699982378\n|switch|p1a: Corviknight|Corviknight, F|100\/100|[from] U-turn\n|\n|-heal|p2a: Hatterene|99\/100|[from] Grassy Terrain\n|-fieldend|move: Grassy Terrain\n|upkeep\n|turn|6\n|j| ewew3r\n|\n|t:|1699982387\n|-terastallize|p2a: Hatterene|Water\n|move|p1a: Corviknight|Shadow Ball|p2a: Hatterene\n|-damage|p2a: Hatterene|57\/100\n|move|p2a: Hatterene|Nuzzle|p1a: Corviknight\n|-crit|p1a: Corviknight\n|-damage|p1a: Corviknight|89\/100\n|-status|p1a: Corviknight|par\n|replace|p1a: Zoroark|Zoroark-Hisui, M, shiny\n|-end|p1a: Zoroark|Illusion\n|\n|upkeep\n|turn|7\n|\n|t:|1699982399\n|move|p1a: Zoroark|U-turn|p2a: Hatterene\n|-damage|p2a: Hatterene|49\/100\n|\n|t:|1699982401\n|switch|p1a: Ogerpon|Ogerpon-Wellspring, F|95\/100 brn|[from] U-turn\n|move|p2a: Hatterene|Draining Kiss|p1a: Ogerpon\n|-damage|p1a: Ogerpon|67\/100 brn\n|-heal|p2a: Hatterene|68\/100|[from] drain|[of] p1a: Ogerpon\n|\n|-damage|p1a: Ogerpon|61\/100 brn|[from] brn\n|upkeep\n|turn|8\n|\n|t:|1699982411\n|move|p1a: Ogerpon|Horn Leech|p2a: Hatterene\n|-supereffective|p2a: Hatterene\n|-damage|p2a: Hatterene|45\/100\n|-heal|p1a: Ogerpon|73\/100 brn|[from] drain|[of] p2a: Hatterene\n|move|p2a: Hatterene|Draining Kiss|p1a: Ogerpon\n|-damage|p1a: Ogerpon|47\/100 brn\n|-heal|p2a: Hatterene|64\/100|[from] drain|[of] p1a: Ogerpon\n|\n|-damage|p1a: Ogerpon|41\/100 brn|[from] brn\n|upkeep\n|turn|9\n|\n|t:|1699982421\n|move|p1a: Ogerpon|Horn Leech|p2a: Hatterene\n|-supereffective|p2a: Hatterene\n|-damage|p2a: Hatterene|40\/100\n|-heal|p1a: Ogerpon|53\/100 brn|[from] drain|[of] p2a: Hatterene\n|move|p2a: Hatterene|Draining Kiss|p1a: Ogerpon\n|-damage|p1a: Ogerpon|24\/100 brn\n|-heal|p2a: Hatterene|61\/100|[from] drain|[of] p1a: Ogerpon\n|\n|-damage|p1a: Ogerpon|18\/100 brn|[from] brn\n|upkeep\n|turn|10\n|\n|t:|1699982429\n|move|p1a: Ogerpon|Horn Leech|p2a: Hatterene\n|-supereffective|p2a: Hatterene\n|-damage|p2a: Hatterene|34\/100\n|-heal|p1a: Ogerpon|32\/100 brn|[from] drain|[of] p2a: Hatterene\n|move|p2a: Hatterene|Draining Kiss|p1a: Ogerpon\n|-damage|p1a: Ogerpon|6\/100 brn\n|-heal|p2a: Hatterene|53\/100|[from] drain|[of] p1a: Ogerpon\n|\n|-damage|p1a: Ogerpon|0 fnt|[from] brn\n|faint|p1a: Ogerpon\n|upkeep\n|\n|t:|1699982438\n|switch|p1a: Sandy Shocks|Sandy Shocks|100\/100\n|turn|11\n|\n|t:|1699982446\n|move|p1a: Sandy Shocks|Volt Switch|p2a: Hatterene\n|-supereffective|p2a: Hatterene\n|-damage|p2a: Hatterene|0 fnt\n|faint|p2a: Hatterene\n|\n|t:|1699982451\n|-end|p1a: Sandy Shocks|Protosynthesis|[silent]\n|switch|p1a: Greninja|Greninja, F|100\/100|[from] Volt Switch\n|\n|upkeep\n|l| Ghosty187\n|\n|t:|1699982455\n|switch|p2a: Rillaboom|Rillaboom, F|26\/100\n|-fieldstart|move: Grassy Terrain|[from] ability: Grassy Surge|[of] p2a: Rillaboom\n|turn|12\n|\n|t:|1699982460\n|switch|p2a: Heatran|Heatran, F|100\/100\n|-item|p2a: Heatran|Air Balloon\n|move|p1a: Greninja|U-turn|p2a: Heatran\n|-start|p1a: Greninja|typechange|Bug|[from] ability: Protean\n|-resisted|p2a: Heatran\n|-damage|p2a: Heatran|96\/100\n|-enditem|p2a: Heatran|Air Balloon\n|j| Lucrodium\n|\n|t:|1699982463\n|switch|p1a: Sandy Shocks|Sandy Shocks|100\/100|[from] U-turn\n|\n|-heal|p2a: Heatran|100\/100|[from] Grassy Terrain\n|upkeep\n|turn|13\n|j| Magikarp but good\n|j| kdsakdksa\n|inactive|Theonreekgreyjoy has 120 seconds left.\n|\n|t:|1699982500\n|switch|p2a: Rillaboom|Rillaboom, F|26\/100\n|move|p1a: Sandy Shocks|Earth Power|p2a: Rillaboom\n|-resisted|p2a: Rillaboom\n|-damage|p2a: Rillaboom|0 fnt\n|faint|p2a: Rillaboom\n|\n|upkeep\n|\n|t:|1699982512\n|switch|p2a: Sneasler|Sneasler, F|100\/100\n|-enditem|p2a: Sneasler|Grassy Seed\n|-boost|p2a: Sneasler|def|1|[from] item: Grassy Seed\n|turn|14\n|\n|t:|1699982516\n|move|p2a: Sneasler|Dire Claw|p1a: Sandy Shocks\n|-resisted|p1a: Sandy Shocks\n|-damage|p1a: Sandy Shocks|76\/100\n|move|p1a: Sandy Shocks|Earth Power|p2a: Sneasler\n|-supereffective|p2a: Sneasler\n|-damage|p2a: Sneasler|1\/100\n|\n|-heal|p2a: Sneasler|7\/100|[from] Grassy Terrain\n|-heal|p1a: Sandy Shocks|82\/100|[from] Grassy Terrain\n|upkeep\n|turn|15\n|\n|t:|1699982521\n|-end|p1a: Sandy Shocks|Protosynthesis|[silent]\n|switch|p1a: Corviknight|Corviknight, F|94\/100\n|-ability|p1a: Corviknight|Pressure\n|move|p2a: Sneasler|Dire Claw|p1a: Corviknight\n|-immune|p1a: Corviknight\n|\n|-heal|p2a: Sneasler|13\/100|[from] Grassy Terrain\n|upkeep\n|turn|16\n|\n|t:|1699982528\n|move|p2a: Sneasler|Close Combat|p1a: Corviknight\n|-damage|p1a: Corviknight|51\/100\n|-unboost|p2a: Sneasler|def|1\n|-unboost|p2a: Sneasler|spd|1\n|-damage|p2a: Sneasler|0 fnt|[from] item: Rocky Helmet|[of] p1a: Corviknight\n|faint|p2a: Sneasler\n|move|p1a: Corviknight|U-turn|p2: Sneasler|[notarget]\n|-fail|p1a: Corviknight\n|\n|-fieldend|move: Grassy Terrain\n|upkeep\n|\n|t:|1699982530\n|switch|p2a: Zamazenta|Zamazenta|100\/100\n|-ability|p2a: Zamazenta|Dauntless Shield|boost\n|-boost|p2a: Zamazenta|def|1\n|turn|17\n|\n|t:|1699982532\n|move|p2a: Zamazenta|Iron Defense|p2a: Zamazenta\n|-boost|p2a: Zamazenta|def|2\n|move|p1a: Corviknight|U-turn|p2a: Zamazenta\n|-resisted|p2a: Zamazenta\n|-damage|p2a: Zamazenta|98\/100\n|\n|t:|1699982542\n|switch|p1a: Greninja|Greninja, F|100\/100|[from] U-turn\n|\n|-heal|p2a: Zamazenta|100\/100|[from] item: Leftovers\n|upkeep\n|turn|18\n|\n|t:|1699982544\n|move|p1a: Greninja|Switcheroo|p2a: Zamazenta\n|-start|p1a: Greninja|typechange|Dark|[from] ability: Protean\n|-activate|p1a: Greninja|move: Trick|[of] p2a: Zamazenta\n|-item|p2a: Zamazenta|Choice Scarf|[from] move: Switcheroo\n|-item|p1a: Greninja|Leftovers|[from] move: Switcheroo\n|move|p2a: Zamazenta|Body Press|p1a: Greninja\n|-supereffective|p1a: Greninja\n|-damage|p1a: Greninja|0 fnt\n|faint|p1a: Greninja\n|\n|upkeep\n|\n|t:|1699982546\n|switch|p1a: Sandy Shocks|Sandy Shocks|89\/100 par\n|turn|19\n|\n|t:|1699982559\n|switch|p2a: Heatran|Heatran, F|100\/100\n|cant|p1a: Sandy Shocks|par\n|\n|upkeep\n|turn|20\n|\n|t:|1699982574\n|switch|p1a: Sandy Shocks|Sandy Shocks|82\/100\n|move|p2a: Heatran|Earth Power|p1a: Sandy Shocks\n|-supereffective|p1a: Sandy Shocks\n|-damage|p1a: Sandy Shocks|18\/100\n|-unboost|p1a: Sandy Shocks|spd|1\n|\n|upkeep\n|turn|21\n|\n|t:|1699982577\n|switch|p2a: Manaphy|Manaphy|49\/100\n|move|p1a: Sandy Shocks|Earth Power|p2a: Manaphy\n|-damage|p2a: Manaphy|12\/100\n|-unboost|p2a: Manaphy|spd|1\n|\n|-heal|p2a: Manaphy|18\/100|[from] item: Leftovers\n|upkeep\n|turn|22\n|l| ewew3r\n|\n|t:|1699982582\n|move|p1a: Sandy Shocks|Volt Switch|p2a: Manaphy\n|-supereffective|p2a: Manaphy\n|-damage|p2a: Manaphy|0 fnt\n|faint|p2a: Manaphy\n|\n|t:|1699982586\n|-end|p1a: Sandy Shocks|Protosynthesis|[silent]\n|switch|p1a: Lokix|Lokix, M|100\/100|[from] Volt Switch\n|\n|upkeep\n|j| ewew3r\n|\n|t:|1699982594\n|switch|p2a: Zamazenta|Zamazenta|100\/100\n|turn|23\n|\n|t:|1699982603\n|move|p2a: Zamazenta|Body Press|p1a: Lokix\n|-damage|p1a: Lokix|47\/100\n|move|p1a: Lokix|U-turn|p2a: Zamazenta\n|-resisted|p2a: Zamazenta\n|-damage|p2a: Zamazenta|65\/100\n|\n|t:|1699982608\n|switch|p1a: Lokix|Lokix, M|89\/100 par|[from] U-turn\n|\n|upkeep\n|turn|24\n|\n|t:|1699982613\n|switch|p2a: Heatran|Heatran, F|100\/100\n|cant|p1a: Lokix|par\n|\n|upkeep\n|turn|25\n|\n|t:|1699982616\n|move|p2a: Heatran|Magma Storm|p1a: Lokix\n|-damage|p1a: Lokix|2\/100 par\n|-activate|p1a: Lokix|move: Magma Storm|[of] p2a: Heatran\n|replace|p1a: Zoroark|Zoroark-Hisui, M, shiny\n|-end|p1a: Zoroark|Illusion\n|cant|p1a: Zoroark|par\n|\n|-damage|p1a: Zoroark|0 fnt|[from] move: Magma Storm|[partiallytrapped]\n|faint|p1a: Zoroark\n|upkeep\n|\n|t:|1699982622\n|switch|p1a: Sandy Shocks|Sandy Shocks|18\/100\n|turn|26\n|\n|t:|1699982624\n|switch|p2a: Zamazenta|Zamazenta|65\/100\n|move|p1a: Sandy Shocks|Earth Power|p2a: Zamazenta\n|-damage|p2a: Zamazenta|23\/100\n|\n|upkeep\n|turn|27\n|\n|t:|1699982627\n|switch|p2a: Heatran|Heatran, F|100\/100\n|-end|p1a: Sandy Shocks|Protosynthesis|[silent]\n|switch|p1a: Corviknight|Corviknight, F|51\/100\n|-ability|p1a: Corviknight|Pressure\n|\n|upkeep\n|turn|28\n|\n|t:|1699982634\n|move|p2a: Heatran|Magma Storm|p1a: Corviknight\n|-supereffective|p1a: Corviknight\n|-damage|p1a: Corviknight|0 fnt\n|faint|p1a: Corviknight\n|\n|upkeep\n|\n|t:|1699982636\n|switch|p1a: Sandy Shocks|Sandy Shocks|18\/100\n|turn|29\n|\n|t:|1699982644\n|move|p1a: Sandy Shocks|Earth Power|p2a: Heatran\n|-supereffective|p2a: Heatran\n|-damage|p2a: Heatran|0 fnt\n|faint|p2a: Heatran\n|\n|upkeep\n|c|\u2606N-Zoroark stan|ggwp\n|\n|t:|1699982646\n|switch|p2a: Zamazenta|Zamazenta|23\/100\n|turn|30\n|c|\u2606Theonreekgreyjoy|i played like shit but a bit lucky so that the game wasnt over long ago lol but thanks anyway\n|\n|t:|1699982669\n|move|p2a: Zamazenta|Body Press|p1a: Sandy Shocks\n|-damage|p1a: Sandy Shocks|0 fnt\n|faint|p1a: Sandy Shocks\n|-end|p1a: Sandy Shocks|Protosynthesis|[silent]\n|\n|upkeep\n|\n|t:|1699982674\n|switch|p1a: Lokix|Lokix, M|47\/100\n|turn|31\n|\n|t:|1699982677\n|-terastallize|p1a: Lokix|Bug\n|move|p1a: Lokix|First Impression|p2a: Zamazenta\n|-resisted|p2a: Zamazenta\n|-damage|p2a: Zamazenta|0 fnt\n|faint|p2a: Zamazenta\n|\n|win|N-Zoroark stan\n|raw|N-Zoroark stan's rating: 1783 &rarr; <strong>1805<\/strong><br \/>(+22 for winning)\n|raw|Theonreekgreyjoy's rating: 1816 &rarr; <strong>1794<\/strong><br \/>(-22 for losing)\n|l| amb2127\n|l| kdsakdksa\n|l| Magikarp but good\n|l| ewew3r\n","uploadtime":1699982887,"views":14,"p1id":"nzoroarkstan","p2id":"theonreekgreyjoy","formatid":"gen9ou","rating":1794,"private":0,"password":""}