{"id":"gen9ou-1997203562","p1":"empoleon9000","p2":"arielk","format":"[Gen 9] OU","log":"|j|\u2606empoleon9000\n|j|\u2606arielk\n|t:|1700775208\n|gametype|singles\n|player|p1|empoleon9000|102|\n|player|p2|arielk|rika|\n|teamsize|p1|6\n|teamsize|p2|6\n|gen|9\n|tier|[Gen 9] OU\n|rule|Sleep Clause Mod: Limit one foe put to sleep\n|rule|Species Clause: Limit one of each Pok\u00e9mon\n|rule|OHKO Clause: OHKO moves are banned\n|rule|Evasion Items Clause: Evasion items are banned\n|rule|Evasion Moves Clause: Evasion moves are banned\n|rule|Endless Battle Clause: Forcing endless battles is banned\n|rule|HP Percentage Mod: HP is shown in percentages\n|clearpoke\n|poke|p1|Alomomola, F|\n|poke|p1|Slowking-Galar, F|\n|poke|p1|Frosmoth, M|\n|poke|p1|Kingambit, M|\n|poke|p1|Landorus-Therian, M|\n|poke|p1|Cinderace, M|\n|poke|p2|Rillaboom, M|\n|poke|p2|Sneasler, M|\n|poke|p2|Zamazenta-*|\n|poke|p2|Manaphy|\n|poke|p2|Heatran, F|\n|poke|p2|Hatterene, F|\n|teampreview\n|c|\u2606empoleon9000|glhf\n|c|\u2606arielk|gl\n|j| Hallowed_Hazel\n|c|\u2606arielk|oh shit i forgot to remove the nicknames from the team i stole\n|c|\u2606empoleon9000|wanna rechall?\n|c|\u2606arielk|hmmm\n|c|\u2606arielk|its fine\n|c|\u2606arielk|just know that i dont get the jokes\n|c|\u2606empoleon9000|i promise not to google them\n|c|\u2606arielk|lol\n|c|\u2606empoleon9000|tho i can't promise that of others\n|c|\u2606empoleon9000|ig they can probably find it anyway\n|c|\u2606arielk|im pretty sure this team is like, fairly well known\n|c|\u2606arielk|so idrc\n|\n|t:|1700775314\n|start\n|switch|p1a: Cinderace|Cinderace, M|100\/100\n|switch|p2a: Iron Bands|Rillaboom, M|100\/100\n|-fieldstart|move: Grassy Terrain|[from] ability: Grassy Surge|[of] p2a: Iron Bands\n|turn|1\n|\n|t:|1700775336\n|switch|p2a: Peculiar Mixture|Manaphy|100\/100\n|move|p1a: Cinderace|U-turn|p2a: Peculiar Mixture\n|-start|p1a: Cinderace|typechange|Bug|[from] ability: Libero\n|-damage|p2a: Peculiar Mixture|73\/100\n|\n|t:|1700775429\n|switch|p1a: Slowking|Slowking-Galar, F|100\/100|[from] U-turn\n|\n|-heal|p2a: Peculiar Mixture|80\/100|[from] Grassy Terrain\n|upkeep\n|turn|2\n|\n|t:|1700775435\n|move|p2a: Peculiar Mixture|Tail Glow|p2a: Peculiar Mixture\n|-boost|p2a: Peculiar Mixture|spa|3\n|move|p1a: Slowking|Future Sight|p2a: Peculiar Mixture\n|-start|p1a: Slowking|move: Future Sight\n|\n|-heal|p2a: Peculiar Mixture|86\/100|[from] Grassy Terrain\n|upkeep\n|turn|3\n|\n|t:|1700775441\n|move|p2a: Peculiar Mixture|Surf|p1a: Slowking\n|-damage|p1a: Slowking|68\/100\n|move|p1a: Slowking|Sludge Bomb|p2a: Peculiar Mixture\n|-damage|p2a: Peculiar Mixture|51\/100\n|\n|-heal|p2a: Peculiar Mixture|58\/100|[from] Grassy Terrain\n|-heal|p1a: Slowking|74\/100|[from] Grassy Terrain\n|upkeep\n|turn|4\n|c|\u2606arielk|32......\n|c|\u2606empoleon9000|chip\n|\n|t:|1700775475\n|switch|p2a: Mr Worldwide|Heatran, F|100\/100\n|-item|p2a: Mr Worldwide|Air Balloon\n|move|p1a: Slowking|Sludge Bomb|p2a: Mr Worldwide\n|-immune|p2a: Mr Worldwide\n|\n|-end|p2a: Mr Worldwide|move: Future Sight\n|-resisted|p2a: Mr Worldwide\n|-damage|p2a: Mr Worldwide|84\/100\n|-enditem|p2a: Mr Worldwide|Air Balloon\n|-heal|p2a: Mr Worldwide|90\/100|[from] Grassy Terrain\n|-heal|p1a: Slowking|80\/100|[from] Grassy Terrain\n|upkeep\n|turn|5\n|\n|t:|1700775483\n|switch|p1a: Alomomola|Alomomola, F|100\/100\n|move|p2a: Mr Worldwide|Taunt|p1a: Alomomola\n|-start|p1a: Alomomola|move: Taunt\n|\n|-heal|p2a: Mr Worldwide|97\/100|[from] Grassy Terrain\n|-fieldend|move: Grassy Terrain\n|upkeep\n|turn|6\n|\n|t:|1700775487\n|move|p2a: Mr Worldwide|Magma Storm|p1a: Alomomola\n|-resisted|p1a: Alomomola\n|-damage|p1a: Alomomola|73\/100\n|-activate|p1a: Alomomola|move: Magma Storm|[of] p2a: Mr Worldwide\n|move|p1a: Alomomola|Flip Turn|p2a: Mr Worldwide\n|-supereffective|p2a: Mr Worldwide\n|-crit|p2a: Mr Worldwide\n|-damage|p2a: Mr Worldwide|51\/100\n|c|\u2606arielk|how does that flip turn do more than the surf\n|c|\u2606empoleon9000|mola's been working out\n|c|\u2606arielk|respectable\n|\n|t:|1700775532\n|switch|p1a: Landorus|Landorus-Therian, M|100\/100|[from] Flip Turn\n|-ability|p1a: Landorus|Intimidate|boost\n|-unboost|p2a: Mr Worldwide|atk|1\n|\n|upkeep\n|turn|7\n|\n|t:|1700775550\n|switch|p2a: Peculiar Mixture|Manaphy|58\/100\n|move|p1a: Landorus|U-turn|p2a: Peculiar Mixture\n|-damage|p2a: Peculiar Mixture|35\/100\n|-enditem|p2a: Peculiar Mixture|Sitrus Berry|[eat]\n|-heal|p2a: Peculiar Mixture|60\/100|[from] item: Sitrus Berry\n|\n|t:|1700775573\n|switch|p1a: Slowking|Slowking-Galar, F|100\/100|[from] U-turn\n|\n|upkeep\n|turn|8\n|\n|t:|1700775577\n|switch|p2a: Mr Worldwide|Heatran, F|51\/100\n|move|p1a: Slowking|Future Sight|p2a: Mr Worldwide\n|-start|p1a: Slowking|move: Future Sight\n|\n|upkeep\n|turn|9\n|\n|t:|1700775617\n|switch|p1a: Alomomola|Alomomola, F|100\/100\n|move|p2a: Mr Worldwide|Will-O-Wisp|p1a: Alomomola\n|-status|p1a: Alomomola|brn\n|\n|-damage|p1a: Alomomola|94\/100 brn|[from] brn\n|upkeep\n|turn|10\n|\n|t:|1700775633\n|switch|p2a: Peculiar Mixture|Manaphy|60\/100\n|move|p1a: Alomomola|Flip Turn|p2a: Peculiar Mixture\n|-resisted|p2a: Peculiar Mixture\n|-damage|p2a: Peculiar Mixture|57\/100\n|\n|t:|1700775642\n|switch|p1a: Cinderace|Cinderace, M|100\/100|[from] Flip Turn\n|\n|-end|p2a: Peculiar Mixture|move: Future Sight\n|-damage|p2a: Peculiar Mixture|12\/100\n|upkeep\n|turn|11\n|\n|t:|1700775649\n|switch|p2a: Mr Worldwide|Heatran, F|51\/100\n|move|p1a: Cinderace|U-turn|p2a: Mr Worldwide\n|-start|p1a: Cinderace|typechange|Bug|[from] ability: Libero\n|-resisted|p2a: Mr Worldwide\n|-damage|p2a: Mr Worldwide|45\/100\n|\n|t:|1700775654\n|switch|p1a: Landorus|Landorus-Therian, M|100\/100|[from] U-turn\n|-ability|p1a: Landorus|Intimidate|boost\n|-unboost|p2a: Mr Worldwide|atk|1\n|\n|upkeep\n|turn|12\n|\n|t:|1700775661\n|switch|p2a: Iron Bands|Rillaboom, M|100\/100\n|-fieldstart|move: Grassy Terrain|[from] ability: Grassy Surge|[of] p2a: Iron Bands\n|move|p1a: Landorus|Earthquake|p2a: Iron Bands\n|-resisted|p2a: Iron Bands\n|-damage|p2a: Iron Bands|87\/100\n|\n|-heal|p2a: Iron Bands|93\/100|[from] Grassy Terrain\n|upkeep\n|turn|13\n|\n|t:|1700775696\n|switch|p1a: Kingambit|Kingambit, M|100\/100\n|move|p2a: Iron Bands|U-turn|p1a: Kingambit\n|-damage|p1a: Kingambit|70\/100\n|\n|t:|1700775708\n|switch|p2a: Michael Vick|Zamazenta|100\/100|[from] U-turn\n|-ability|p2a: Michael Vick|Dauntless Shield|boost\n|-boost|p2a: Michael Vick|def|1\n|\n|-heal|p1a: Kingambit|76\/100|[from] Grassy Terrain\n|-heal|p1a: Kingambit|83\/100|[from] item: Leftovers\n|upkeep\n|turn|14\n|\n|t:|1700775715\n|-end|p1a: Kingambit|fallenundefined|[silent]\n|switch|p1a: Alomomola|Alomomola, F|100\/100 brn\n|move|p2a: Michael Vick|Iron Defense|p2a: Michael Vick\n|-boost|p2a: Michael Vick|def|2\n|\n|-damage|p1a: Alomomola|94\/100 brn|[from] brn\n|upkeep\n|turn|15\n|\n|t:|1700775771\n|move|p2a: Michael Vick|Iron Defense|p2a: Michael Vick\n|-boost|p2a: Michael Vick|def|2\n|move|p1a: Alomomola|Flip Turn|p2a: Michael Vick\n|-damage|p2a: Michael Vick|99\/100\n|\n|t:|1700775772\n|switch|p1a: Slowking|Slowking-Galar, F|100\/100|[from] Flip Turn\n|\n|-heal|p2a: Michael Vick|100\/100|[from] Grassy Terrain\n|upkeep\n|turn|16\n|c| Hallowed_Hazel|chip\n|\n|t:|1700775793\n|move|p2a: Michael Vick|Crunch|p1a: Slowking\n|-supereffective|p1a: Slowking\n|-damage|p1a: Slowking|54\/100\n|move|p1a: Slowking|Future Sight|p2a: Michael Vick\n|-start|p1a: Slowking|move: Future Sight\n|\n|-heal|p1a: Slowking|60\/100|[from] Grassy Terrain\n|-fieldend|move: Grassy Terrain\n|upkeep\n|turn|17\n|\n|t:|1700775809\n|switch|p1a: Landorus|Landorus-Therian, M|100\/100\n|-ability|p1a: Landorus|Intimidate|boost\n|-unboost|p2a: Michael Vick|atk|1\n|move|p2a: Michael Vick|Body Press|p1a: Landorus\n|-resisted|p1a: Landorus\n|-damage|p1a: Landorus|16\/100\n|\n|upkeep\n|turn|18\n|\n|t:|1700775818\n|-terastallize|p2a: Michael Vick|Steel\n|move|p1a: Landorus|U-turn|p2a: Michael Vick\n|-resisted|p2a: Michael Vick\n|-damage|p2a: Michael Vick|98\/100\n|\n|t:|1700775822\n|switch|p1a: Slowking|Slowking-Galar, F|93\/100|[from] U-turn\n|move|p2a: Michael Vick|Body Press|p1a: Slowking\n|-resisted|p1a: Slowking\n|-damage|p1a: Slowking|62\/100\n|\n|-end|p2a: Michael Vick|move: Future Sight\n|-resisted|p2a: Michael Vick\n|-damage|p2a: Michael Vick|78\/100\n|-heal|p2a: Michael Vick|84\/100|[from] item: Leftovers\n|upkeep\n|turn|19\n|\n|t:|1700775843\n|switch|p1a: Landorus|Landorus-Therian, M|16\/100\n|-ability|p1a: Landorus|Intimidate|boost\n|-unboost|p2a: Michael Vick|atk|1\n|move|p2a: Michael Vick|Crunch|p1a: Landorus\n|-damage|p1a: Landorus|3\/100\n|\n|-heal|p2a: Michael Vick|90\/100|[from] item: Leftovers\n|upkeep\n|turn|20\n|\n|t:|1700775862\n|move|p1a: Landorus|U-turn|p2a: Michael Vick\n|-resisted|p2a: Michael Vick\n|-damage|p2a: Michael Vick|87\/100\n|\n|t:|1700775869\n|switch|p1a: Slowking|Slowking-Galar, F|95\/100|[from] U-turn\n|move|p2a: Michael Vick|Body Press|p1a: Slowking\n|-resisted|p1a: Slowking\n|-damage|p1a: Slowking|63\/100\n|\n|-heal|p2a: Michael Vick|94\/100|[from] item: Leftovers\n|upkeep\n|turn|21\n|\n|t:|1700775883\n|move|p2a: Michael Vick|Body Press|p1a: Slowking\n|-resisted|p1a: Slowking\n|-damage|p1a: Slowking|28\/100\n|move|p1a: Slowking|Flamethrower|p2a: Michael Vick\n|-supereffective|p2a: Michael Vick\n|-damage|p2a: Michael Vick|52\/100\n|\n|-heal|p2a: Michael Vick|58\/100|[from] item: Leftovers\n|upkeep\n|turn|22\n|\n|t:|1700775908\n|switch|p1a: Alomomola|Alomomola, F|100\/100 brn\n|move|p2a: Michael Vick|Body Press|p1a: Alomomola\n|-damage|p1a: Alomomola|31\/100 brn\n|-damage|p2a: Michael Vick|42\/100|[from] item: Rocky Helmet|[of] p1a: Alomomola\n|\n|-heal|p2a: Michael Vick|48\/100|[from] item: Leftovers\n|-damage|p1a: Alomomola|25\/100 brn|[from] brn\n|upkeep\n|turn|23\n|\n|t:|1700775920\n|switch|p1a: Landorus|Landorus-Therian, M|3\/100\n|-ability|p1a: Landorus|Intimidate|boost\n|-unboost|p2a: Michael Vick|atk|1\n|move|p2a: Michael Vick|Body Press|p1a: Landorus\n|-resisted|p1a: Landorus\n|-damage|p1a: Landorus|0 fnt\n|faint|p1a: Landorus\n|\n|-heal|p2a: Michael Vick|54\/100|[from] item: Leftovers\n|upkeep\n|\n|t:|1700775922\n|switch|p1a: Slowking|Slowking-Galar, F|61\/100\n|turn|24\n|\n|t:|1700775928\n|move|p2a: Michael Vick|Body Press|p1a: Slowking\n|-resisted|p1a: Slowking\n|-damage|p1a: Slowking|28\/100\n|move|p1a: Slowking|Flamethrower|p2a: Michael Vick\n|-supereffective|p2a: Michael Vick\n|-damage|p2a: Michael Vick|14\/100\n|\n|-heal|p2a: Michael Vick|20\/100|[from] item: Leftovers\n|upkeep\n|turn|25\n|\n|t:|1700775983\n|switch|p1a: Alomomola|Alomomola, F|59\/100 brn\n|move|p2a: Michael Vick|Body Press|p1a: Alomomola\n|-damage|p1a: Alomomola|0 fnt\n|-damage|p2a: Michael Vick|3\/100|[from] item: Rocky Helmet|[of] p1a: Alomomola\n|faint|p1a: Alomomola\n|\n|-heal|p2a: Michael Vick|9\/100|[from] item: Leftovers\n|upkeep\n|\n|t:|1700775985\n|switch|p1a: Slowking|Slowking-Galar, F|61\/100\n|turn|26\n|\n|t:|1700776016\n|switch|p2a: Mr Worldwide|Heatran, F|45\/100\n|move|p1a: Slowking|Ice Beam|p2a: Mr Worldwide\n|-resisted|p2a: Mr Worldwide\n|-damage|p2a: Mr Worldwide|41\/100\n|-status|p2a: Mr Worldwide|frz\n|\n|upkeep\n|turn|27\n|c|\u2606arielk|lol\n|\n|t:|1700776069\n|switch|p2a: Peculiar Mixture|Manaphy|12\/100\n|switch|p1a: Kingambit|Kingambit, M|83\/100\n|-activate|p1a: Kingambit|ability: Supreme Overlord\n|-start|p1a: Kingambit|fallen2|[silent]\n|\n|-heal|p1a: Kingambit|89\/100|[from] item: Leftovers\n|upkeep\n|turn|28\n|\n|t:|1700776092\n|move|p1a: Kingambit|Sucker Punch|p2a: Peculiar Mixture\n|-damage|p2a: Peculiar Mixture|0 fnt\n|faint|p2a: Peculiar Mixture\n|\n|-heal|p1a: Kingambit|95\/100|[from] item: Leftovers\n|upkeep\n|\n|t:|1700776097\n|switch|p2a: Michael Vick|Zamazenta, tera:Steel|9\/100\n|turn|29\n|\n|t:|1700776111\n|move|p1a: Kingambit|Sucker Punch|p2a: Michael Vick\n|-damage|p2a: Michael Vick|0 fnt\n|faint|p2a: Michael Vick\n|\n|-heal|p1a: Kingambit|100\/100|[from] item: Leftovers\n|upkeep\n|\n|t:|1700776130\n|switch|p2a: Iron Bands|Rillaboom, M|93\/100\n|-fieldstart|move: Grassy Terrain|[from] ability: Grassy Surge|[of] p2a: Iron Bands\n|turn|30\n|\n|t:|1700776154\n|-end|p1a: Kingambit|fallen2|[silent]\n|switch|p1a: Frosmoth|Frosmoth, M|100\/100\n|move|p2a: Iron Bands|U-turn|p1a: Frosmoth\n|-damage|p1a: Frosmoth|61\/100\n|\n|t:|1700776163\n|switch|p2a: Creepin'|Sneasler, M|100\/100|[from] U-turn\n|-enditem|p2a: Creepin'|Grassy Seed\n|-boost|p2a: Creepin'|def|1|[from] item: Grassy Seed\n|\n|-heal|p1a: Frosmoth|67\/100|[from] Grassy Terrain\n|upkeep\n|turn|31\n|\n|t:|1700776197\n|move|p2a: Creepin'|Swords Dance|p2a: Creepin'\n|-boost|p2a: Creepin'|atk|2\n|move|p1a: Frosmoth|Ice Beam|p2a: Creepin'\n|-damage|p2a: Creepin'|53\/100\n|\n|-heal|p2a: Creepin'|59\/100|[from] Grassy Terrain\n|-heal|p1a: Frosmoth|73\/100|[from] Grassy Terrain\n|upkeep\n|turn|32\n|\n|t:|1700776213\n|move|p2a: Creepin'|Dire Claw|p1a: Frosmoth\n|-damage|p1a: Frosmoth|0 fnt\n|faint|p1a: Frosmoth\n|\n|-heal|p2a: Creepin'|65\/100|[from] Grassy Terrain\n|upkeep\n|\n|t:|1700776232\n|switch|p1a: Slowking|Slowking-Galar, F|95\/100\n|turn|33\n|\n|t:|1700776241\n|move|p2a: Creepin'|Lash Out|p1a: Slowking\n|-supereffective|p1a: Slowking\n|-damage|p1a: Slowking|0 fnt\n|faint|p1a: Slowking\n|\n|-heal|p2a: Creepin'|71\/100|[from] Grassy Terrain\n|upkeep\n|\n|t:|1700776264\n|switch|p1a: Kingambit|Kingambit, M|100\/100\n|-activate|p1a: Kingambit|ability: Supreme Overlord\n|-start|p1a: Kingambit|fallen4|[silent]\n|turn|34\n|\n|t:|1700776399\n|-terastallize|p1a: Kingambit|Fairy\n|move|p2a: Creepin'|Dire Claw|p1a: Kingambit\n|-supereffective|p1a: Kingambit\n|-damage|p1a: Kingambit|0 fnt\n|faint|p1a: Kingambit\n|-end|p1a: Kingambit|fallen4|[silent]\n|\n|-heal|p2a: Creepin'|77\/100|[from] Grassy Terrain\n|-fieldend|move: Grassy Terrain\n|upkeep\n|c|\u2606empoleon9000|gg\n|\n|t:|1700776405\n|switch|p1a: Cinderace|Cinderace, M|100\/100\n|turn|35\n|\n|t:|1700776411\n|move|p2a: Creepin'|Close Combat|p1a: Cinderace\n|-damage|p1a: Cinderace|0 fnt\n|-unboost|p2a: Creepin'|def|1\n|-unboost|p2a: Creepin'|spd|1\n|faint|p1a: Cinderace\n|\n|win|arielk\n|c|\u2606arielk|ggs\n","uploadtime":1700776423,"views":22,"p1id":"empoleon9000","p2id":"arielk","formatid":"gen9ou","rating":0,"private":0,"password":""}