{"id":"gen9ou-1995676397","p1":"Nah Nah64","p2":"Kioddh","format":"[Gen 9] OU","log":"|j|\u2606Nah Nah64\n|j|\u2606Kioddh\n|t:|1700593037\n|gametype|singles\n|player|p1|Nah Nah64|dancer|1360\n|player|p2|Kioddh|unknown|1453\n|teamsize|p1|6\n|teamsize|p2|6\n|gen|9\n|tier|[Gen 9] OU\n|rated|\n|rule|Sleep Clause Mod: Limit one foe put to sleep\n|rule|Species Clause: Limit one of each Pok\u00e9mon\n|rule|OHKO Clause: OHKO moves are banned\n|rule|Evasion Items Clause: Evasion items are banned\n|rule|Evasion Moves Clause: Evasion moves are banned\n|rule|Endless Battle Clause: Forcing endless battles is banned\n|rule|HP Percentage Mod: HP is shown in percentages\n|clearpoke\n|poke|p1|Scizor, M|\n|poke|p1|Zoroark-Hisui, M|\n|poke|p1|Samurott-Hisui, F|\n|poke|p1|Ceruledge, F|\n|poke|p1|Skeledirge, F|\n|poke|p1|Corviknight, F|\n|poke|p2|Toxapex, F|\n|poke|p2|Tyranitar, F|\n|poke|p2|Great Tusk|\n|poke|p2|Glimmora, F|\n|poke|p2|Gastrodon-East, F|\n|poke|p2|Sinistcha|\n|teampreview\n|\n|t:|1700593051\n|start\n|switch|p1a: Mint Metal|Scizor, M, shiny|100\/100\n|switch|p2a: Tyranitar|Tyranitar, F|100\/100\n|-weather|Sandstorm|[from] ability: Sand Stream|[of] p2a: Tyranitar\n|turn|1\n|\n|t:|1700593058\n|move|p1a: Mint Metal|Close Combat|p2a: Tyranitar\n|-supereffective|p2a: Tyranitar\n|-damage|p2a: Tyranitar|0 fnt\n|-unboost|p1a: Mint Metal|def|1\n|-unboost|p1a: Mint Metal|spd|1\n|faint|p2a: Tyranitar\n|\n|-weather|Sandstorm|[upkeep]\n|upkeep\n|\n|t:|1700593066\n|switch|p2a: Great Tusk|Great Tusk|100\/100\n|turn|2\n|\n|t:|1700593071\n|switch|p1a: Knight Kazer|Corviknight, F, shiny|100\/100\n|-ability|p1a: Knight Kazer|Unnerve\n|move|p2a: Great Tusk|Bulk Up|p2a: Great Tusk\n|-boost|p2a: Great Tusk|atk|1\n|-boost|p2a: Great Tusk|def|1\n|\n|-weather|Sandstorm|[upkeep]\n|upkeep\n|turn|3\n|\n|t:|1700593080\n|move|p2a: Great Tusk|Bulk Up|p2a: Great Tusk\n|-boost|p2a: Great Tusk|atk|1\n|-boost|p2a: Great Tusk|def|1\n|move|p1a: Knight Kazer|Brave Bird|p2a: Great Tusk\n|-supereffective|p2a: Great Tusk\n|-damage|p2a: Great Tusk|77\/100\n|-damage|p1a: Knight Kazer|93\/100|[from] Recoil\n|\n|-weather|Sandstorm|[upkeep]\n|-heal|p2a: Great Tusk|83\/100|[from] item: Leftovers\n|upkeep\n|turn|4\n|\n|t:|1700593091\n|move|p2a: Great Tusk|Rapid Spin|p1a: Knight Kazer\n|-resisted|p1a: Knight Kazer\n|-damage|p1a: Knight Kazer|84\/100\n|-boost|p2a: Great Tusk|spe|1\n|-damage|p2a: Great Tusk|67\/100|[from] item: Rocky Helmet|[of] p1a: Knight Kazer\n|move|p1a: Knight Kazer|Brave Bird|p2a: Great Tusk\n|-supereffective|p2a: Great Tusk\n|-damage|p2a: Great Tusk|40\/100\n|-damage|p1a: Knight Kazer|76\/100|[from] Recoil\n|\n|-weather|Sandstorm|[upkeep]\n|-heal|p2a: Great Tusk|46\/100|[from] item: Leftovers\n|upkeep\n|turn|5\n|\n|t:|1700593102\n|move|p2a: Great Tusk|Bulk Up|p2a: Great Tusk\n|-boost|p2a: Great Tusk|atk|1\n|-boost|p2a: Great Tusk|def|1\n|move|p1a: Knight Kazer|Roost|p1a: Knight Kazer\n|-heal|p1a: Knight Kazer|100\/100\n|-singleturn|p1a: Knight Kazer|move: Roost\n|\n|-weather|none\n|-heal|p2a: Great Tusk|53\/100|[from] item: Leftovers\n|upkeep\n|turn|6\n|\n|t:|1700593110\n|move|p2a: Great Tusk|Bulk Up|p2a: Great Tusk\n|-boost|p2a: Great Tusk|atk|1\n|-boost|p2a: Great Tusk|def|1\n|move|p1a: Knight Kazer|Brave Bird|p2a: Great Tusk\n|-supereffective|p2a: Great Tusk\n|-damage|p2a: Great Tusk|34\/100\n|-damage|p1a: Knight Kazer|94\/100|[from] Recoil\n|\n|-heal|p2a: Great Tusk|40\/100|[from] item: Leftovers\n|upkeep\n|turn|7\n|\n|t:|1700593119\n|move|p2a: Great Tusk|Bulk Up|p2a: Great Tusk\n|-boost|p2a: Great Tusk|atk|1\n|-boost|p2a: Great Tusk|def|1\n|move|p1a: Knight Kazer|Brave Bird|p2a: Great Tusk\n|-supereffective|p2a: Great Tusk\n|-damage|p2a: Great Tusk|24\/100\n|-damage|p1a: Knight Kazer|89\/100|[from] Recoil\n|\n|-heal|p2a: Great Tusk|30\/100|[from] item: Leftovers\n|upkeep\n|turn|8\n|\n|t:|1700593128\n|move|p2a: Great Tusk|Bulk Up|p2a: Great Tusk\n|-boost|p2a: Great Tusk|atk|1\n|-boost|p2a: Great Tusk|def|1\n|move|p1a: Knight Kazer|Brave Bird|p2a: Great Tusk\n|-supereffective|p2a: Great Tusk\n|-damage|p2a: Great Tusk|17\/100\n|-damage|p1a: Knight Kazer|85\/100|[from] Recoil\n|\n|-heal|p2a: Great Tusk|23\/100|[from] item: Leftovers\n|upkeep\n|turn|9\n|\n|t:|1700593142\n|-terastallize|p2a: Great Tusk|Steel\n|move|p2a: Great Tusk|Bulk Up|p2a: Great Tusk\n|-boost|p2a: Great Tusk|atk|0\n|-boost|p2a: Great Tusk|def|0\n|move|p1a: Knight Kazer|Brave Bird|p2a: Great Tusk\n|-resisted|p2a: Great Tusk\n|-damage|p2a: Great Tusk|20\/100\n|-damage|p1a: Knight Kazer|84\/100|[from] Recoil\n|\n|-heal|p2a: Great Tusk|26\/100|[from] item: Leftovers\n|upkeep\n|turn|10\n|\n|t:|1700593153\n|move|p2a: Great Tusk|Bulk Up|p2a: Great Tusk\n|-boost|p2a: Great Tusk|atk|0\n|-boost|p2a: Great Tusk|def|0\n|move|p1a: Knight Kazer|Defog|p2a: Great Tusk\n|-unboost|p2a: Great Tusk|evasion|1\n|\n|-heal|p2a: Great Tusk|32\/100|[from] item: Leftovers\n|upkeep\n|turn|11\n|\n|t:|1700593162\n|move|p2a: Great Tusk|Bulk Up|p2a: Great Tusk\n|-boost|p2a: Great Tusk|atk|0\n|-boost|p2a: Great Tusk|def|0\n|move|p1a: Knight Kazer|Brave Bird|p2a: Great Tusk\n|-resisted|p2a: Great Tusk\n|-damage|p2a: Great Tusk|29\/100\n|-damage|p1a: Knight Kazer|83\/100|[from] Recoil\n|\n|-heal|p2a: Great Tusk|35\/100|[from] item: Leftovers\n|upkeep\n|turn|12\n|\n|t:|1700593172\n|move|p2a: Great Tusk|Bulk Up|p2a: Great Tusk\n|-boost|p2a: Great Tusk|atk|0\n|-boost|p2a: Great Tusk|def|0\n|move|p1a: Knight Kazer|Roost|p1a: Knight Kazer\n|-heal|p1a: Knight Kazer|100\/100\n|-singleturn|p1a: Knight Kazer|move: Roost\n|\n|-heal|p2a: Great Tusk|41\/100|[from] item: Leftovers\n|upkeep\n|turn|13\n|\n|t:|1700593181\n|move|p2a: Great Tusk|Rapid Spin|p1a: Knight Kazer\n|-resisted|p1a: Knight Kazer\n|-damage|p1a: Knight Kazer|80\/100\n|-boost|p2a: Great Tusk|spe|1\n|-damage|p2a: Great Tusk|24\/100|[from] item: Rocky Helmet|[of] p1a: Knight Kazer\n|move|p1a: Knight Kazer|U-turn|p2a: Great Tusk\n|-resisted|p2a: Great Tusk\n|-damage|p2a: Great Tusk|23\/100\n|\n|t:|1700593187\n|switch|p1a: Mint Metal|Scizor, M, shiny|100\/100|[from] U-turn\n|\n|-heal|p2a: Great Tusk|29\/100|[from] item: Leftovers\n|upkeep\n|turn|14\n|\n|t:|1700593192\n|switch|p1a: Knight Kazer|Corviknight, F, shiny|80\/100\n|-ability|p1a: Knight Kazer|Unnerve\n|move|p2a: Great Tusk|Earthquake|p1a: Knight Kazer\n|-immune|p1a: Knight Kazer\n|\n|-heal|p2a: Great Tusk|35\/100|[from] item: Leftovers\n|upkeep\n|turn|15\n|\n|t:|1700593203\n|move|p2a: Great Tusk|Bulk Up|p2a: Great Tusk\n|-boost|p2a: Great Tusk|atk|0\n|-boost|p2a: Great Tusk|def|0\n|move|p1a: Knight Kazer|Brave Bird|p2a: Great Tusk\n|-resisted|p2a: Great Tusk\n|-damage|p2a: Great Tusk|32\/100\n|-damage|p1a: Knight Kazer|79\/100|[from] Recoil\n|\n|-heal|p2a: Great Tusk|38\/100|[from] item: Leftovers\n|upkeep\n|turn|16\n|\n|t:|1700593215\n|move|p2a: Great Tusk|Bulk Up|p2a: Great Tusk\n|-boost|p2a: Great Tusk|atk|0\n|-boost|p2a: Great Tusk|def|0\n|move|p1a: Knight Kazer|Defog|p2a: Great Tusk\n|-unboost|p2a: Great Tusk|evasion|1\n|\n|-heal|p2a: Great Tusk|44\/100|[from] item: Leftovers\n|upkeep\n|turn|17\n|\n|t:|1700593223\n|move|p2a: Great Tusk|Bulk Up|p2a: Great Tusk\n|-boost|p2a: Great Tusk|atk|0\n|-boost|p2a: Great Tusk|def|0\n|move|p1a: Knight Kazer|Defog|p2a: Great Tusk\n|-unboost|p2a: Great Tusk|evasion|1\n|\n|-heal|p2a: Great Tusk|50\/100|[from] item: Leftovers\n|upkeep\n|turn|18\n|\n|t:|1700593230\n|move|p2a: Great Tusk|Bulk Up|p2a: Great Tusk\n|-boost|p2a: Great Tusk|atk|0\n|-boost|p2a: Great Tusk|def|0\n|move|p1a: Knight Kazer|Brave Bird|p2a: Great Tusk\n|-resisted|p2a: Great Tusk\n|-damage|p2a: Great Tusk|47\/100\n|-damage|p1a: Knight Kazer|78\/100|[from] Recoil\n|\n|-heal|p2a: Great Tusk|53\/100|[from] item: Leftovers\n|upkeep\n|turn|19\n|\n|t:|1700593239\n|move|p2a: Great Tusk|Bulk Up|p2a: Great Tusk\n|-boost|p2a: Great Tusk|atk|0\n|-boost|p2a: Great Tusk|def|0\n|move|p1a: Knight Kazer|Brave Bird|p2a: Great Tusk\n|-resisted|p2a: Great Tusk\n|-damage|p2a: Great Tusk|49\/100\n|-damage|p1a: Knight Kazer|77\/100|[from] Recoil\n|\n|-heal|p2a: Great Tusk|56\/100|[from] item: Leftovers\n|upkeep\n|turn|20\n|\n|t:|1700593250\n|move|p2a: Great Tusk|Rapid Spin|p1a: Knight Kazer\n|-resisted|p1a: Knight Kazer\n|-crit|p1a: Knight Kazer\n|-damage|p1a: Knight Kazer|49\/100\n|-boost|p2a: Great Tusk|spe|1\n|-damage|p2a: Great Tusk|39\/100|[from] item: Rocky Helmet|[of] p1a: Knight Kazer\n|move|p1a: Knight Kazer|U-turn|p2a: Great Tusk\n|-resisted|p2a: Great Tusk\n|-damage|p2a: Great Tusk|38\/100\n|\n|t:|1700593252\n|switch|p1a: Crocogetor|Skeledirge, F|100\/100|[from] U-turn\n|\n|-heal|p2a: Great Tusk|44\/100|[from] item: Leftovers\n|upkeep\n|turn|21\n|\n|t:|1700593261\n|move|p2a: Great Tusk|Earthquake|p1a: Crocogetor\n|-supereffective|p1a: Crocogetor\n|-damage|p1a: Crocogetor|20\/100\n|move|p1a: Crocogetor|Torch Song|p2a: Great Tusk\n|-supereffective|p2a: Great Tusk\n|-damage|p2a: Great Tusk|0 fnt\n|-boost|p1a: Crocogetor|spa|1\n|faint|p2a: Great Tusk\n|-end|p2a: Great Tusk|Protosynthesis|[silent]\n|\n|-heal|p1a: Crocogetor|26\/100|[from] item: Leftovers\n|upkeep\n|\n|t:|1700593278\n|switch|p2a: Glimmora|Glimmora, F|100\/100\n|-item|p2a: Glimmora|Air Balloon\n|turn|22\n|\n|t:|1700593284\n|move|p2a: Glimmora|Earth Power|p1a: Crocogetor\n|-supereffective|p1a: Crocogetor\n|-damage|p1a: Crocogetor|0 fnt\n|faint|p1a: Crocogetor\n|\n|upkeep\n|\n|t:|1700593290\n|switch|p1a: Mint Metal|Scizor, M, shiny|100\/100\n|turn|23\n|\n|t:|1700593296\n|switch|p2a: Toxapex|Toxapex, F|100\/100\n|move|p1a: Mint Metal|Bullet Punch|p2a: Toxapex\n|-resisted|p2a: Toxapex\n|-damage|p2a: Toxapex|84\/100\n|\n|-heal|p2a: Toxapex|91\/100|[from] item: Leftovers\n|upkeep\n|turn|24\n|\n|t:|1700593303\n|switch|p1a: Knight Kazer|Corviknight, F, shiny|49\/100\n|-ability|p1a: Knight Kazer|Unnerve\n|move|p2a: Toxapex|Infestation|p1a: Knight Kazer\n|-resisted|p1a: Knight Kazer\n|-crit|p1a: Knight Kazer\n|-damage|p1a: Knight Kazer|48\/100\n|-activate|p1a: Knight Kazer|move: Infestation|[of] p2a: Toxapex\n|-damage|p2a: Toxapex|74\/100|[from] item: Rocky Helmet|[of] p1a: Knight Kazer\n|\n|-heal|p2a: Toxapex|80\/100|[from] item: Leftovers\n|-damage|p1a: Knight Kazer|36\/100|[from] move: Infestation|[partiallytrapped]\n|upkeep\n|turn|25\n|\n|t:|1700593317\n|switch|p2a: Gastrodon|Gastrodon-East, F|100\/100\n|move|p1a: Knight Kazer|Roost|p1a: Knight Kazer\n|-heal|p1a: Knight Kazer|86\/100\n|-singleturn|p1a: Knight Kazer|move: Roost\n|\n|-end|p1a: Knight Kazer|Infestation|[partiallytrapped]|[silent]\n|upkeep\n|turn|26\n|\n|t:|1700593324\n|switch|p1a: Mazka|Samurott-Hisui, F, shiny|100\/100\n|move|p2a: Gastrodon|Surf|p1a: Mazka\n|-resisted|p1a: Mazka\n|-damage|p1a: Mazka|86\/100\n|\n|upkeep\n|turn|27\n|\n|t:|1700593337\n|move|p1a: Mazka|Ceaseless Edge|p2a: Gastrodon\n|-damage|p2a: Gastrodon|62\/100\n|-sidestart|p2: Kioddh|Spikes\n|move|p2a: Gastrodon|Earth Power|p1a: Mazka\n|-damage|p1a: Mazka|54\/100\n|\n|-heal|p2a: Gastrodon|68\/100|[from] item: Leftovers\n|upkeep\n|turn|28\n|\n|t:|1700593353\n|move|p1a: Mazka|Ceaseless Edge|p2a: Gastrodon\n|-damage|p2a: Gastrodon|27\/100\n|-sidestart|p2: Kioddh|Spikes\n|move|p2a: Gastrodon|Recover|p2a: Gastrodon\n|-heal|p2a: Gastrodon|77\/100\n|\n|-heal|p2a: Gastrodon|84\/100|[from] item: Leftovers\n|upkeep\n|turn|29\n|\n|t:|1700593362\n|move|p1a: Mazka|Ceaseless Edge|p2a: Gastrodon\n|-damage|p2a: Gastrodon|45\/100\n|-sidestart|p2: Kioddh|Spikes\n|move|p2a: Gastrodon|Earth Power|p1a: Mazka\n|-damage|p1a: Mazka|24\/100\n|\n|-heal|p2a: Gastrodon|51\/100|[from] item: Leftovers\n|upkeep\n|turn|30\n|\n|t:|1700593370\n|move|p1a: Mazka|Sacred Sword|p2a: Gastrodon\n|-damage|p2a: Gastrodon|10\/100\n|move|p2a: Gastrodon|Recover|p2a: Gastrodon\n|-heal|p2a: Gastrodon|60\/100\n|\n|-heal|p2a: Gastrodon|66\/100|[from] item: Leftovers\n|upkeep\n|turn|31\n|\n|t:|1700593378\n|move|p1a: Mazka|Ceaseless Edge|p2a: Gastrodon|[miss]\n|-miss|p1a: Mazka|p2a: Gastrodon\n|move|p2a: Gastrodon|Recover|p2a: Gastrodon\n|-heal|p2a: Gastrodon|100\/100\n|\n|upkeep\n|turn|32\n|\n|t:|1700593384\n|move|p1a: Mazka|Ceaseless Edge|p2a: Gastrodon|[miss]\n|-miss|p1a: Mazka|p2a: Gastrodon\n|move|p2a: Gastrodon|Earth Power|p1a: Mazka\n|-damage|p1a: Mazka|0 fnt\n|faint|p1a: Mazka\n|\n|upkeep\n|\n|t:|1700593400\n|switch|p1a: Mint Metal|Scizor, M, shiny|100\/100\n|turn|33\n|\n|t:|1700593404\n|-terastallize|p1a: Mint Metal|Normal\n|move|p1a: Mint Metal|Hyper Voice|p2a: Gastrodon\n|-damage|p2a: Gastrodon|24\/100\n|move|p2a: Gastrodon|Surf|p1a: Mint Metal\n|-damage|p1a: Mint Metal|38\/100\n|replace|p1a: Button|Zoroark-Hisui, M, shiny\n|-end|p1a: Button|Illusion\n|\n|-heal|p2a: Gastrodon|30\/100|[from] item: Leftovers\n|upkeep\n|turn|34\n|\n|t:|1700593415\n|move|p1a: Button|Hyper Voice|p2a: Gastrodon\n|-damage|p2a: Gastrodon|0 fnt\n|faint|p2a: Gastrodon\n|\n|upkeep\n|\n|t:|1700593424\n|switch|p2a: Glimmora|Glimmora, F|100\/100\n|-item|p2a: Glimmora|Air Balloon\n|turn|35\n|\n|t:|1700593436\n|switch|p1a: Knight Kazer|Corviknight, F, shiny|86\/100\n|-ability|p1a: Knight Kazer|Unnerve\n|move|p2a: Glimmora|Mortal Spin|p1a: Knight Kazer\n|-immune|p1a: Knight Kazer\n|\n|upkeep\n|turn|36\n|\n|t:|1700593446\n|move|p2a: Glimmora|Energy Ball|p1a: Knight Kazer\n|-resisted|p1a: Knight Kazer\n|-damage|p1a: Knight Kazer|79\/100\n|move|p1a: Knight Kazer|Brave Bird|p2a: Glimmora\n|-resisted|p2a: Glimmora\n|-crit|p2a: Glimmora\n|-damage|p2a: Glimmora|72\/100\n|-activate|p2a: Glimmora|ability: Toxic Debris\n|-sidestart|p1: Nah Nah64|move: Toxic Spikes\n|-enditem|p2a: Glimmora|Air Balloon\n|-damage|p1a: Knight Kazer|70\/100|[from] Recoil\n|\n|upkeep\n|turn|37\n|\n|t:|1700593456\n|move|p2a: Glimmora|Energy Ball|p1a: Knight Kazer\n|-resisted|p1a: Knight Kazer\n|-damage|p1a: Knight Kazer|63\/100\n|move|p1a: Knight Kazer|U-turn|p2a: Glimmora\n|-resisted|p2a: Glimmora\n|-damage|p2a: Glimmora|65\/100\n|-activate|p2a: Glimmora|ability: Toxic Debris\n|-sidestart|p1: Nah Nah64|move: Toxic Spikes\n|\n|t:|1700593460\n|switch|p1a: Mint Metal|Scizor, M, shiny|100\/100|[from] U-turn\n|\n|upkeep\n|turn|38\n|\n|t:|1700593467\n|switch|p2a: Toxapex|Toxapex, F|100\/100\n|-damage|p2a: Toxapex|75\/100|[from] Spikes\n|move|p1a: Mint Metal|Bullet Punch|p2a: Toxapex\n|-resisted|p2a: Toxapex\n|-damage|p2a: Toxapex|59\/100\n|\n|-heal|p2a: Toxapex|66\/100|[from] item: Leftovers\n|upkeep\n|turn|39\n|\n|t:|1700593480\n|switch|p1a: Knight Kazer|Corviknight, F, shiny|63\/100\n|-ability|p1a: Knight Kazer|Unnerve\n|move|p2a: Toxapex|Infestation|p1a: Knight Kazer\n|-resisted|p1a: Knight Kazer\n|-damage|p1a: Knight Kazer|62\/100\n|-activate|p1a: Knight Kazer|move: Infestation|[of] p2a: Toxapex\n|-damage|p2a: Toxapex|49\/100|[from] item: Rocky Helmet|[of] p1a: Knight Kazer\n|\n|-heal|p2a: Toxapex|55\/100|[from] item: Leftovers\n|-damage|p1a: Knight Kazer|50\/100|[from] move: Infestation|[partiallytrapped]\n|upkeep\n|turn|40\n|\n|t:|1700593491\n|move|p1a: Knight Kazer|Defog|p2a: Toxapex\n|-unboost|p2a: Toxapex|evasion|1\n|-sideend|p2: Kioddh|Spikes|[from] move: Defog|[of] p1a: Knight Kazer\n|-sideend|p1: Nah Nah64|Toxic Spikes|[from] move: Defog|[of] p1a: Knight Kazer\n|move|p2a: Toxapex|Recover|p2a: Toxapex\n|-heal|p2a: Toxapex|100\/100\n|\n|-damage|p1a: Knight Kazer|38\/100|[from] move: Infestation|[partiallytrapped]\n|upkeep\n|turn|41\n|\n|t:|1700593501\n|switch|p2a: Glimmora|Glimmora, F|65\/100\n|move|p1a: Knight Kazer|Roost|p1a: Knight Kazer\n|-heal|p1a: Knight Kazer|88\/100\n|-singleturn|p1a: Knight Kazer|move: Roost\n|\n|-end|p1a: Knight Kazer|Infestation|[partiallytrapped]|[silent]\n|upkeep\n|turn|42\n|\n|t:|1700593508\n|move|p2a: Glimmora|Energy Ball|p1a: Knight Kazer\n|-resisted|p1a: Knight Kazer\n|-damage|p1a: Knight Kazer|80\/100\n|move|p1a: Knight Kazer|U-turn|p2a: Glimmora\n|-resisted|p2a: Glimmora\n|-damage|p2a: Glimmora|58\/100\n|-activate|p2a: Glimmora|ability: Toxic Debris\n|-sidestart|p1: Nah Nah64|move: Toxic Spikes\n|\n|t:|1700593512\n|switch|p1a: Mint Metal|Scizor, M, shiny|100\/100|[from] U-turn\n|\n|upkeep\n|turn|43\n|\n|t:|1700593518\n|switch|p2a: Toxapex|Toxapex, F|100\/100\n|move|p1a: Mint Metal|Thief|p2a: Toxapex\n|-damage|p2a: Toxapex|70\/100\n|\n|-heal|p2a: Toxapex|76\/100|[from] item: Leftovers\n|upkeep\n|turn|44\n|\n|t:|1700593529\n|move|p1a: Mint Metal|Thief|p2a: Toxapex\n|-damage|p2a: Toxapex|44\/100\n|move|p2a: Toxapex|Infestation|p1a: Mint Metal\n|-resisted|p1a: Mint Metal\n|-damage|p1a: Mint Metal|99\/100\n|-activate|p1a: Mint Metal|move: Infestation|[of] p2a: Toxapex\n|\n|-heal|p2a: Toxapex|50\/100|[from] item: Leftovers\n|-damage|p1a: Mint Metal|87\/100|[from] move: Infestation|[partiallytrapped]\n|upkeep\n|turn|45\n|\n|t:|1700593537\n|move|p1a: Mint Metal|Thief|p2a: Toxapex\n|-damage|p2a: Toxapex|22\/100\n|move|p2a: Toxapex|Recover|p2a: Toxapex\n|-heal|p2a: Toxapex|72\/100\n|\n|-heal|p2a: Toxapex|78\/100|[from] item: Leftovers\n|-damage|p1a: Mint Metal|74\/100|[from] move: Infestation|[partiallytrapped]\n|upkeep\n|turn|46\n|\n|t:|1700593548\n|move|p1a: Mint Metal|Thief|p2a: Toxapex\n|-damage|p2a: Toxapex|47\/100\n|move|p2a: Toxapex|Infestation|p1a: Mint Metal\n|-resisted|p1a: Mint Metal\n|-crit|p1a: Mint Metal\n|-damage|p1a: Mint Metal|71\/100\n|\n|-heal|p2a: Toxapex|53\/100|[from] item: Leftovers\n|-damage|p1a: Mint Metal|59\/100|[from] move: Infestation|[partiallytrapped]\n|upkeep\n|turn|47\n|\n|t:|1700593555\n|move|p1a: Mint Metal|Thief|p2a: Toxapex\n|-damage|p2a: Toxapex|23\/100\n|move|p2a: Toxapex|Recover|p2a: Toxapex\n|-heal|p2a: Toxapex|73\/100\n|\n|-heal|p2a: Toxapex|79\/100|[from] item: Leftovers\n|-damage|p1a: Mint Metal|47\/100|[from] move: Infestation|[partiallytrapped]\n|upkeep\n|turn|48\n|\n|t:|1700593562\n|move|p1a: Mint Metal|Thief|p2a: Toxapex\n|-damage|p2a: Toxapex|48\/100\n|move|p2a: Toxapex|Infestation|p1a: Mint Metal\n|-resisted|p1a: Mint Metal\n|-damage|p1a: Mint Metal|45\/100\n|\n|-heal|p2a: Toxapex|54\/100|[from] item: Leftovers\n|-damage|p1a: Mint Metal|33\/100|[from] move: Infestation|[partiallytrapped]\n|upkeep\n|turn|49\n|\n|t:|1700593571\n|move|p1a: Mint Metal|Thief|p2a: Toxapex\n|-damage|p2a: Toxapex|25\/100\n|move|p2a: Toxapex|Recover|p2a: Toxapex\n|-heal|p2a: Toxapex|75\/100\n|\n|-heal|p2a: Toxapex|81\/100|[from] item: Leftovers\n|-end|p1a: Mint Metal|Infestation|[partiallytrapped]\n|upkeep\n|turn|50\n|\n|t:|1700593579\n|move|p1a: Mint Metal|Thief|p2a: Toxapex\n|-damage|p2a: Toxapex|50\/100\n|move|p2a: Toxapex|Infestation|p1a: Mint Metal\n|-resisted|p1a: Mint Metal\n|-damage|p1a: Mint Metal|31\/100\n|-activate|p1a: Mint Metal|move: Infestation|[of] p2a: Toxapex\n|\n|-heal|p2a: Toxapex|56\/100|[from] item: Leftovers\n|-damage|p1a: Mint Metal|19\/100|[from] move: Infestation|[partiallytrapped]\n|upkeep\n|turn|51\n|\n|t:|1700593588\n|move|p1a: Mint Metal|Thief|p2a: Toxapex\n|-damage|p2a: Toxapex|26\/100\n|move|p2a: Toxapex|Recover|p2a: Toxapex\n|-heal|p2a: Toxapex|76\/100\n|\n|-heal|p2a: Toxapex|82\/100|[from] item: Leftovers\n|-damage|p1a: Mint Metal|6\/100|[from] move: Infestation|[partiallytrapped]\n|upkeep\n|turn|52\n|\n|t:|1700593595\n|move|p1a: Mint Metal|Thief|p2a: Toxapex\n|-damage|p2a: Toxapex|54\/100\n|move|p2a: Toxapex|Recover|p2a: Toxapex\n|-heal|p2a: Toxapex|100\/100\n|\n|-damage|p1a: Mint Metal|0 fnt|[from] move: Infestation|[partiallytrapped]\n|faint|p1a: Mint Metal\n|upkeep\n|\n|t:|1700593601\n|switch|p1a: Knight Kazer|Corviknight, F, shiny|80\/100\n|-ability|p1a: Knight Kazer|Unnerve\n|turn|53\n|\n|t:|1700593605\n|move|p1a: Knight Kazer|Defog|p2a: Toxapex\n|-unboost|p2a: Toxapex|evasion|1\n|-sideend|p1: Nah Nah64|Toxic Spikes|[from] move: Defog|[of] p1a: Knight Kazer\n|move|p2a: Toxapex|Infestation|p1a: Knight Kazer\n|-resisted|p1a: Knight Kazer\n|-damage|p1a: Knight Kazer|79\/100\n|-activate|p1a: Knight Kazer|move: Infestation|[of] p2a: Toxapex\n|-damage|p2a: Toxapex|84\/100|[from] item: Rocky Helmet|[of] p1a: Knight Kazer\n|\n|-heal|p2a: Toxapex|90\/100|[from] item: Leftovers\n|-damage|p1a: Knight Kazer|67\/100|[from] move: Infestation|[partiallytrapped]\n|upkeep\n|turn|54\n|\n|t:|1700593617\n|move|p1a: Knight Kazer|Brave Bird|p2a: Toxapex\n|-damage|p2a: Toxapex|67\/100\n|-damage|p1a: Knight Kazer|61\/100|[from] Recoil\n|move|p2a: Toxapex|Haze|p2a: Toxapex\n|-clearallboost\n|\n|-heal|p2a: Toxapex|73\/100|[from] item: Leftovers\n|-damage|p1a: Knight Kazer|49\/100|[from] move: Infestation|[partiallytrapped]\n|upkeep\n|turn|55\n|\n|t:|1700593628\n|move|p1a: Knight Kazer|Roost|p1a: Knight Kazer\n|-heal|p1a: Knight Kazer|99\/100\n|-singleturn|p1a: Knight Kazer|move: Roost\n|move|p2a: Toxapex|Haze|p2a: Toxapex\n|-clearallboost\n|\n|-heal|p2a: Toxapex|79\/100|[from] item: Leftovers\n|-damage|p1a: Knight Kazer|87\/100|[from] move: Infestation|[partiallytrapped]\n|upkeep\n|turn|56\n|\n|t:|1700593638\n|switch|p2a: Glimmora|Glimmora, F|58\/100\n|move|p1a: Knight Kazer|Brave Bird|p2a: Glimmora\n|-resisted|p2a: Glimmora\n|-damage|p2a: Glimmora|39\/100\n|-activate|p2a: Glimmora|ability: Toxic Debris\n|-sidestart|p1: Nah Nah64|move: Toxic Spikes\n|-damage|p1a: Knight Kazer|81\/100|[from] Recoil\n|\n|-end|p1a: Knight Kazer|Infestation|[partiallytrapped]|[silent]\n|upkeep\n|turn|57\n|\n|t:|1700593651\n|move|p2a: Glimmora|Energy Ball|p1a: Knight Kazer\n|-resisted|p1a: Knight Kazer\n|-damage|p1a: Knight Kazer|73\/100\n|move|p1a: Knight Kazer|U-turn|p2a: Glimmora\n|-resisted|p2a: Glimmora\n|-damage|p2a: Glimmora|31\/100\n|-activate|p2a: Glimmora|ability: Toxic Debris\n|-sidestart|p1: Nah Nah64|move: Toxic Spikes\n|\n|t:|1700593660\n|switch|p1a: Neo Dusted|Ceruledge, F, shiny, tera:Normal|38\/100|[from] U-turn\n|-status|p1a: Neo Dusted|tox\n|\n|-damage|p1a: Neo Dusted|32\/100 tox|[from] psn\n|upkeep\n|turn|58\n|\n|t:|1700593672\n|move|p1a: Neo Dusted|Hyper Voice|p2a: Glimmora\n|-resisted|p2a: Glimmora\n|-damage|p2a: Glimmora|0 fnt\n|faint|p2a: Glimmora\n|\n|-damage|p1a: Neo Dusted|20\/100 tox|[from] psn\n|upkeep\n|\n|t:|1700593677\n|switch|p2a: Sinistcha|Sinistcha|100\/100\n|turn|59\n|\n|t:|1700593681\n|switch|p1a: Knight Kazer|Corviknight, F, shiny|73\/100\n|-ability|p1a: Knight Kazer|Unnerve\n|move|p2a: Sinistcha|Calm Mind|p2a: Sinistcha\n|-boost|p2a: Sinistcha|spa|1\n|-boost|p2a: Sinistcha|spd|1\n|\n|upkeep\n|turn|60\n|\n|t:|1700593688\n|move|p2a: Sinistcha|Calm Mind|p2a: Sinistcha\n|-boost|p2a: Sinistcha|spa|1\n|-boost|p2a: Sinistcha|spd|1\n|move|p1a: Knight Kazer|Defog|p2a: Sinistcha\n|-unboost|p2a: Sinistcha|evasion|1\n|-sideend|p1: Nah Nah64|Toxic Spikes|[from] move: Defog|[of] p1a: Knight Kazer\n|\n|upkeep\n|turn|61\n|\n|t:|1700593694\n|move|p2a: Sinistcha|Calm Mind|p2a: Sinistcha\n|-boost|p2a: Sinistcha|spa|1\n|-boost|p2a: Sinistcha|spd|1\n|move|p1a: Knight Kazer|Brave Bird|p2a: Sinistcha\n|-supereffective|p2a: Sinistcha\n|-damage|p2a: Sinistcha|43\/100\n|-damage|p1a: Knight Kazer|57\/100|[from] Recoil\n|\n|-heal|p2a: Sinistcha|50\/100|[from] item: Leftovers\n|upkeep\n|turn|62\n|\n|t:|1700593705\n|move|p2a: Sinistcha|Strength Sap|p1a: Knight Kazer\n|-unboost|p1a: Knight Kazer|atk|1\n|-heal|p2a: Sinistcha|100\/100\n|move|p1a: Knight Kazer|U-turn|p2a: Sinistcha\n|-damage|p2a: Sinistcha|93\/100\n|\n|t:|1700593710\n|switch|p1a: Neo Dusted|Ceruledge, F, shiny|100\/100|[from] U-turn\n|\n|-heal|p2a: Sinistcha|99\/100|[from] item: Leftovers\n|upkeep\n|turn|63\n|\n|t:|1700593716\n|move|p1a: Neo Dusted|Swords Dance|p1a: Neo Dusted\n|-boost|p1a: Neo Dusted|atk|2\n|move|p2a: Sinistcha|Shadow Ball|p1a: Neo Dusted\n|-supereffective|p1a: Neo Dusted\n|-enditem|p1a: Neo Dusted|Focus Sash\n|-damage|p1a: Neo Dusted|1\/100\n|\n|-heal|p2a: Sinistcha|100\/100|[from] item: Leftovers\n|upkeep\n|turn|64\n|\n|t:|1700593729\n|move|p1a: Neo Dusted|Bitter Blade|p2a: Sinistcha\n|-supereffective|p2a: Sinistcha\n|-damage|p2a: Sinistcha|30\/100\n|-heal|p1a: Neo Dusted|41\/100|[from] drain|[of] p2a: Sinistcha\n|move|p2a: Sinistcha|Shadow Ball|p1a: Neo Dusted\n|-supereffective|p1a: Neo Dusted\n|-damage|p1a: Neo Dusted|0 fnt\n|faint|p1a: Neo Dusted\n|\n|-heal|p2a: Sinistcha|37\/100|[from] item: Leftovers\n|upkeep\n|\n|t:|1700593733\n|switch|p1a: Knight Kazer|Corviknight, F, shiny, tera:Normal|20\/100 tox\n|turn|65\n|\n|t:|1700593747\n|move|p1a: Knight Kazer|Flamethrower|p2a: Sinistcha\n|-supereffective|p2a: Sinistcha\n|-damage|p2a: Sinistcha|17\/100\n|move|p2a: Sinistcha|Matcha Gotcha|p1a: Knight Kazer|[miss]\n|-miss|p2a: Sinistcha|p1a: Knight Kazer\n|\n|-heal|p2a: Sinistcha|23\/100|[from] item: Leftovers\n|-damage|p1a: Knight Kazer|14\/100 tox|[from] psn\n|upkeep\n|turn|66\n|\n|t:|1700593759\n|switch|p1a: Knight Kazer|Corviknight, F, shiny|57\/100\n|-ability|p1a: Knight Kazer|Unnerve\n|move|p2a: Sinistcha|Strength Sap|p1a: Knight Kazer\n|-unboost|p1a: Knight Kazer|atk|1\n|-heal|p2a: Sinistcha|86\/100\n|\n|-heal|p2a: Sinistcha|92\/100|[from] item: Leftovers\n|upkeep\n|turn|67\n|\n|t:|1700593768\n|move|p2a: Sinistcha|Calm Mind|p2a: Sinistcha\n|-boost|p2a: Sinistcha|spa|1\n|-boost|p2a: Sinistcha|spd|1\n|move|p1a: Knight Kazer|Brave Bird|p2a: Sinistcha\n|-supereffective|p2a: Sinistcha\n|-damage|p2a: Sinistcha|58\/100\n|-damage|p1a: Knight Kazer|48\/100|[from] Recoil\n|\n|-heal|p2a: Sinistcha|64\/100|[from] item: Leftovers\n|upkeep\n|turn|68\n|\n|t:|1700593779\n|move|p2a: Sinistcha|Strength Sap|p1a: Knight Kazer\n|-unboost|p1a: Knight Kazer|atk|1\n|-heal|p2a: Sinistcha|100\/100\n|move|p1a: Knight Kazer|Roost|p1a: Knight Kazer\n|-heal|p1a: Knight Kazer|98\/100\n|-singleturn|p1a: Knight Kazer|move: Roost\n|\n|upkeep\n|turn|69\n|\n|t:|1700593790\n|move|p2a: Sinistcha|Calm Mind|p2a: Sinistcha\n|-boost|p2a: Sinistcha|spa|1\n|-boost|p2a: Sinistcha|spd|1\n|move|p1a: Knight Kazer|U-turn|p2a: Sinistcha\n|-damage|p2a: Sinistcha|95\/100\n|\n|t:|1700593793\n|switch|p1a: Knight Kazer|Corviknight, F, shiny, tera:Normal|14\/100 tox|[from] U-turn\n|\n|-heal|p2a: Sinistcha|100\/100|[from] item: Leftovers\n|-damage|p1a: Knight Kazer|8\/100 tox|[from] psn\n|upkeep\n|turn|70\n|\n|t:|1700593806\n|move|p1a: Knight Kazer|Flamethrower|p2a: Sinistcha\n|-supereffective|p2a: Sinistcha\n|-damage|p2a: Sinistcha|86\/100\n|move|p2a: Sinistcha|Shadow Ball|p1a: Knight Kazer\n|-immune|p1a: Knight Kazer\n|\n|-heal|p2a: Sinistcha|92\/100|[from] item: Leftovers\n|-damage|p1a: Knight Kazer|0 fnt|[from] psn\n|faint|p1a: Knight Kazer\n|upkeep\n|\n|t:|1700593811\n|switch|p1a: Knight Kazer|Corviknight, F, shiny|98\/100\n|-ability|p1a: Knight Kazer|Unnerve\n|turn|71\n|\n|t:|1700593821\n|move|p2a: Sinistcha|Strength Sap|p1a: Knight Kazer\n|-unboost|p1a: Knight Kazer|atk|1\n|-heal|p2a: Sinistcha|100\/100\n|move|p1a: Knight Kazer|Brave Bird|p2a: Sinistcha\n|-supereffective|p2a: Sinistcha\n|-damage|p2a: Sinistcha|67\/100\n|-damage|p1a: Knight Kazer|88\/100|[from] Recoil\n|\n|-heal|p2a: Sinistcha|73\/100|[from] item: Leftovers\n|upkeep\n|turn|72\n|\n|t:|1700593831\n|move|p2a: Sinistcha|Strength Sap|p1a: Knight Kazer\n|-unboost|p1a: Knight Kazer|atk|1\n|-heal|p2a: Sinistcha|100\/100\n|move|p1a: Knight Kazer|Brave Bird|p2a: Sinistcha\n|-supereffective|p2a: Sinistcha\n|-crit|p2a: Sinistcha\n|-damage|p2a: Sinistcha|17\/100\n|-damage|p1a: Knight Kazer|65\/100|[from] Recoil\n|\n|-heal|p2a: Sinistcha|23\/100|[from] item: Leftovers\n|upkeep\n|turn|73\n|\n|t:|1700593841\n|move|p2a: Sinistcha|Strength Sap|p1a: Knight Kazer\n|-unboost|p1a: Knight Kazer|atk|1\n|-heal|p2a: Sinistcha|54\/100\n|move|p1a: Knight Kazer|Brave Bird|p2a: Sinistcha\n|-supereffective|p2a: Sinistcha\n|-damage|p2a: Sinistcha|31\/100\n|-damage|p1a: Knight Kazer|59\/100|[from] Recoil\n|\n|-heal|p2a: Sinistcha|37\/100|[from] item: Leftovers\n|upkeep\n|turn|74\n|\n|t:|1700593850\n|move|p2a: Sinistcha|Matcha Gotcha|p1a: Knight Kazer|[miss]\n|-miss|p2a: Sinistcha|p1a: Knight Kazer\n|move|p1a: Knight Kazer|Brave Bird|p2a: Sinistcha\n|-supereffective|p2a: Sinistcha\n|-damage|p2a: Sinistcha|14\/100\n|-damage|p1a: Knight Kazer|52\/100|[from] Recoil\n|\n|-heal|p2a: Sinistcha|20\/100|[from] item: Leftovers\n|upkeep\n|turn|75\n|\n|t:|1700593862\n|move|p2a: Sinistcha|Strength Sap|p1a: Knight Kazer\n|-unboost|p1a: Knight Kazer|atk|1\n|-heal|p2a: Sinistcha|45\/100\n|move|p1a: Knight Kazer|Brave Bird|p2a: Sinistcha\n|-supereffective|p2a: Sinistcha\n|-damage|p2a: Sinistcha|28\/100\n|-damage|p1a: Knight Kazer|47\/100|[from] Recoil\n|\n|-heal|p2a: Sinistcha|34\/100|[from] item: Leftovers\n|upkeep\n|turn|76\n|\n|t:|1700593871\n|move|p2a: Sinistcha|Matcha Gotcha|p1a: Knight Kazer\n|-resisted|p1a: Knight Kazer\n|-damage|p1a: Knight Kazer|21\/100\n|-heal|p2a: Sinistcha|50\/100|[from] drain|[of] p1a: Knight Kazer\n|move|p1a: Knight Kazer|Brave Bird|p2a: Sinistcha\n|-supereffective|p2a: Sinistcha\n|-damage|p2a: Sinistcha|31\/100\n|-damage|p1a: Knight Kazer|16\/100|[from] Recoil\n|\n|-heal|p2a: Sinistcha|37\/100|[from] item: Leftovers\n|upkeep\n|turn|77\n|\n|t:|1700593882\n|move|p2a: Sinistcha|Matcha Gotcha|p1a: Knight Kazer|[miss]\n|-miss|p2a: Sinistcha|p1a: Knight Kazer\n|move|p1a: Knight Kazer|Roost|p1a: Knight Kazer\n|-heal|p1a: Knight Kazer|66\/100\n|-singleturn|p1a: Knight Kazer|move: Roost\n|\n|-heal|p2a: Sinistcha|44\/100|[from] item: Leftovers\n|upkeep\n|turn|78\n|\n|t:|1700593893\n|move|p2a: Sinistcha|Calm Mind|p2a: Sinistcha\n|-boost|p2a: Sinistcha|spa|1\n|-boost|p2a: Sinistcha|spd|1\n|move|p1a: Knight Kazer|Brave Bird|p2a: Sinistcha\n|-supereffective|p2a: Sinistcha\n|-damage|p2a: Sinistcha|24\/100\n|-damage|p1a: Knight Kazer|60\/100|[from] Recoil\n|\n|-heal|p2a: Sinistcha|30\/100|[from] item: Leftovers\n|upkeep\n|turn|79\n|\n|t:|1700593901\n|move|p2a: Sinistcha|Matcha Gotcha|p1a: Knight Kazer\n|-resisted|p1a: Knight Kazer\n|-damage|p1a: Knight Kazer|30\/100\n|-heal|p2a: Sinistcha|48\/100|[from] drain|[of] p1a: Knight Kazer\n|move|p1a: Knight Kazer|Brave Bird|p2a: Sinistcha\n|-supereffective|p2a: Sinistcha\n|-damage|p2a: Sinistcha|30\/100\n|-damage|p1a: Knight Kazer|25\/100|[from] Recoil\n|\n|-heal|p2a: Sinistcha|36\/100|[from] item: Leftovers\n|upkeep\n|turn|80\n|\n|t:|1700593912\n|move|p2a: Sinistcha|Matcha Gotcha|p1a: Knight Kazer\n|-resisted|p1a: Knight Kazer\n|-damage|p1a: Knight Kazer|0 fnt\n|-heal|p2a: Sinistcha|50\/100|[from] drain|[of] p1a: Knight Kazer\n|faint|p1a: Knight Kazer\n|\n|win|Kioddh\n|raw|Nah Nah64's rating: 1360 &rarr; <strong>1345<\/strong><br \/>(-15 for losing)\n|raw|Kioddh's rating: 1453 &rarr; <strong>1468<\/strong><br \/>(+15 for winning)\n|c|\u2606Nah Nah64|No gg.\n|l|\u2606Kioddh\n","uploadtime":1700593937,"views":2,"p1id":"nahnah64","p2id":"kioddh","formatid":"gen9ou","rating":1345,"private":0,"password":""}