{"id":"gen9ou-1995030814","p1":"PLAYB0I R0BBIE B","p2":"Testingmood","format":"[Gen 9] OU","log":"|j|\u2606PLAYB0I R0BBIE B\n|j|\u2606Testingmood\n|t:|1700515157\n|gametype|singles\n|player|p1|PLAYB0I R0BBIE B|eusine|1354\n|player|p2|Testingmood|medium|1460\n|teamsize|p1|6\n|teamsize|p2|6\n|gen|9\n|tier|[Gen 9] OU\n|rated|\n|rule|Sleep Clause Mod: Limit one foe put to sleep\n|rule|Species Clause: Limit one of each Pok\u00e9mon\n|rule|OHKO Clause: OHKO moves are banned\n|rule|Evasion Items Clause: Evasion items are banned\n|rule|Evasion Moves Clause: Evasion moves are banned\n|rule|Endless Battle Clause: Forcing endless battles is banned\n|rule|HP Percentage Mod: HP is shown in percentages\n|clearpoke\n|poke|p1|Meowscarada, F|\n|poke|p1|Heatran, F|\n|poke|p1|Thundurus-Therian, M|\n|poke|p1|Dragapult, F|\n|poke|p1|Great Tusk|\n|poke|p1|Azumarill, F|\n|poke|p2|Salamence, M|\n|poke|p2|Great Tusk|\n|poke|p2|Slowking-Galar, M|\n|poke|p2|Rillaboom, M|\n|poke|p2|Tinkaton, F|\n|poke|p2|Greninja-*, M|\n|teampreview\n|inactive|Battle timer is ON: inactive players will automatically lose when time's up. (requested by PLAYB0I R0BBIE B)\n|\n|t:|1700515183\n|start\n|switch|p1a: SICKO MODE|Meowscarada, F|100\/100\n|switch|p2a: Tinkaton|Tinkaton, F|100\/100\n|-ability|p2a: Tinkaton|Mold Breaker\n|turn|1\n|\n|t:|1700515203\n|move|p1a: SICKO MODE|U-turn|p2a: Tinkaton\n|-start|p1a: SICKO MODE|typechange|Bug|[from] ability: Protean\n|-resisted|p2a: Tinkaton\n|-damage|p2a: Tinkaton|88\/100\n|\n|t:|1700515208\n|switch|p1a: CAN'T SAY|Azumarill, F|100\/100|[from] U-turn\n|move|p2a: Tinkaton|Stealth Rock|p1a: CAN'T SAY\n|-sidestart|p1: PLAYB0I R0BBIE B|move: Stealth Rock\n|\n|-heal|p2a: Tinkaton|94\/100|[from] item: Leftovers\n|upkeep\n|turn|2\n|\n|t:|1700515219\n|move|p2a: Tinkaton|Knock Off|p1a: CAN'T SAY\n|-resisted|p1a: CAN'T SAY\n|-damage|p1a: CAN'T SAY|91\/100\n|-enditem|p1a: CAN'T SAY|Assault Vest|[from] move: Knock Off|[of] p2a: Tinkaton\n|move|p1a: CAN'T SAY|Liquidation|p2a: Tinkaton\n|-damage|p2a: Tinkaton|32\/100\n|\n|-heal|p2a: Tinkaton|38\/100|[from] item: Leftovers\n|upkeep\n|turn|3\n|\n|t:|1700515237\n|switch|p2a: Rillaboom|Rillaboom, M, shiny|100\/100\n|-fieldstart|move: Grassy Terrain|[from] ability: Grassy Surge|[of] p2a: Rillaboom\n|move|p1a: CAN'T SAY|Liquidation|p2a: Rillaboom\n|-resisted|p2a: Rillaboom\n|-damage|p2a: Rillaboom|75\/100\n|\n|-heal|p2a: Rillaboom|81\/100|[from] Grassy Terrain\n|-heal|p1a: CAN'T SAY|97\/100|[from] Grassy Terrain\n|upkeep\n|turn|4\n|\n|t:|1700515248\n|switch|p1a: SICKO MODE|Meowscarada, F|100\/100\n|-damage|p1a: SICKO MODE|88\/100|[from] Stealth Rock\n|move|p2a: Rillaboom|U-turn|p1a: SICKO MODE\n|-supereffective|p1a: SICKO MODE\n|-damage|p1a: SICKO MODE|0 fnt\n|faint|p1a: SICKO MODE\n|\n|t:|1700515257\n|switch|p2a: Tinkaton|Tinkaton, F|38\/100|[from] U-turn\n|-ability|p2a: Tinkaton|Mold Breaker\n|\n|-heal|p2a: Tinkaton|45\/100|[from] Grassy Terrain\n|-heal|p2a: Tinkaton|51\/100|[from] item: Leftovers\n|upkeep\n|\n|t:|1700515263\n|switch|p1a: CAN'T SAY|Azumarill, F|97\/100\n|-damage|p1a: CAN'T SAY|85\/100|[from] Stealth Rock\n|turn|5\n|\n|t:|1700515273\n|switch|p2a: Slowking|Slowking-Galar, M|100\/100\n|move|p1a: CAN'T SAY|Ice Spinner|p2a: Slowking\n|-damage|p2a: Slowking|68\/100\n|-fieldend|move: Grassy Terrain\n|\n|upkeep\n|turn|6\n|\n|t:|1700515283\n|move|p1a: CAN'T SAY|Liquidation|p2a: Slowking\n|-damage|p2a: Slowking|14\/100\n|move|p2a: Slowking|Future Sight|p1a: CAN'T SAY\n|-start|p2a: Slowking|move: Future Sight\n|\n|upkeep\n|turn|7\n|\n|t:|1700515292\n|switch|p2a: Great Tusk|Great Tusk|100\/100\n|move|p1a: CAN'T SAY|Ice Spinner|p2a: Great Tusk\n|-supereffective|p2a: Great Tusk\n|-damage|p2a: Great Tusk|67\/100\n|-damage|p1a: CAN'T SAY|68\/100|[from] item: Rocky Helmet|[of] p2a: Great Tusk\n|\n|upkeep\n|turn|8\n|\n|t:|1700515308\n|-end|p2a: Great Tusk|Protosynthesis|[silent]\n|switch|p2a: Rillaboom|Rillaboom, M, shiny|81\/100\n|-fieldstart|move: Grassy Terrain|[from] ability: Grassy Surge|[of] p2a: Rillaboom\n|move|p1a: CAN'T SAY|Liquidation|p2a: Rillaboom\n|-resisted|p2a: Rillaboom\n|-damage|p2a: Rillaboom|56\/100\n|\n|-end|p1a: CAN'T SAY|move: Future Sight\n|-damage|p1a: CAN'T SAY|21\/100\n|-heal|p2a: Rillaboom|62\/100|[from] Grassy Terrain\n|-heal|p1a: CAN'T SAY|27\/100|[from] Grassy Terrain\n|upkeep\n|turn|9\n|\n|t:|1700515318\n|switch|p1a: NO BYSTANDERS|Dragapult, F|100\/100\n|move|p2a: Rillaboom|Grassy Glide|p1a: NO BYSTANDERS\n|-resisted|p1a: NO BYSTANDERS\n|-damage|p1a: NO BYSTANDERS|71\/100\n|\n|-heal|p1a: NO BYSTANDERS|77\/100|[from] Grassy Terrain\n|-heal|p2a: Rillaboom|68\/100|[from] Grassy Terrain\n|upkeep\n|turn|10\n|\n|t:|1700515326\n|switch|p2a: Tinkaton|Tinkaton, F|51\/100\n|-ability|p2a: Tinkaton|Mold Breaker\n|move|p1a: NO BYSTANDERS|U-turn|p2a: Tinkaton\n|-resisted|p2a: Tinkaton\n|-damage|p2a: Tinkaton|46\/100\n|\n|t:|1700515330\n|switch|p1a: 5% TINT|Heatran, F|100\/100|[from] U-turn\n|-damage|p1a: 5% TINT|88\/100|[from] Stealth Rock\n|-item|p1a: 5% TINT|Air Balloon\n|\n|-heal|p2a: Tinkaton|52\/100|[from] Grassy Terrain\n|-heal|p2a: Tinkaton|58\/100|[from] item: Leftovers\n|upkeep\n|turn|11\n|\n|t:|1700515343\n|move|p2a: Tinkaton|Knock Off|p1a: 5% TINT\n|-damage|p1a: 5% TINT|71\/100\n|-enditem|p1a: 5% TINT|Air Balloon\n|move|p1a: 5% TINT|Magma Storm|p2a: Tinkaton\n|-supereffective|p2a: Tinkaton\n|-damage|p2a: Tinkaton|0 fnt\n|faint|p2a: Tinkaton\n|\n|-heal|p1a: 5% TINT|77\/100|[from] Grassy Terrain\n|upkeep\n|\n|t:|1700515358\n|switch|p2a: Greninja|Greninja, M, shiny|100\/100\n|turn|12\n|\n|t:|1700515370\n|switch|p1a: NO BYSTANDERS|Dragapult, F|77\/100\n|move|p2a: Greninja|Surf|p1a: NO BYSTANDERS\n|-start|p2a: Greninja|typechange|Water|[from] ability: Protean\n|-resisted|p1a: NO BYSTANDERS\n|-damage|p1a: NO BYSTANDERS|38\/100\n|\n|-heal|p1a: NO BYSTANDERS|44\/100|[from] Grassy Terrain\n|upkeep\n|turn|13\n|\n|t:|1700515388\n|switch|p2a: Great Tusk|Great Tusk|67\/100\n|move|p1a: NO BYSTANDERS|Draco Meteor|p2a: Great Tusk\n|-damage|p2a: Great Tusk|0 fnt\n|-unboost|p1a: NO BYSTANDERS|spa|2\n|faint|p2a: Great Tusk\n|-end|p2a: Great Tusk|Protosynthesis|[silent]\n|\n|-heal|p1a: NO BYSTANDERS|50\/100|[from] Grassy Terrain\n|upkeep\n|\n|t:|1700515395\n|switch|p2a: Slowking|Slowking-Galar, M|48\/100\n|turn|14\n|\n|t:|1700515399\n|move|p1a: NO BYSTANDERS|U-turn|p2a: Slowking\n|-damage|p2a: Slowking|27\/100\n|\n|t:|1700515401\n|switch|p1a: YOSEMITE|Great Tusk|100\/100|[from] U-turn\n|move|p2a: Slowking|Future Sight|p1a: YOSEMITE\n|-start|p2a: Slowking|move: Future Sight\n|\n|-heal|p2a: Slowking|33\/100|[from] Grassy Terrain\n|upkeep\n|turn|15\n|\n|t:|1700515411\n|move|p1a: YOSEMITE|Rapid Spin|p2a: Slowking\n|-damage|p2a: Slowking|13\/100\n|-boost|p1a: YOSEMITE|spe|1\n|-sideend|p1: PLAYB0I R0BBIE B|Stealth Rock|[from] move: Rapid Spin|[of] p1a: YOSEMITE\n|move|p2a: Slowking|Surf|p1a: YOSEMITE\n|-supereffective|p1a: YOSEMITE\n|-damage|p1a: YOSEMITE|24\/100\n|\n|-heal|p1a: YOSEMITE|31\/100|[from] Grassy Terrain\n|-heal|p2a: Slowking|20\/100|[from] Grassy Terrain\n|-fieldend|move: Grassy Terrain\n|upkeep\n|turn|16\n|\n|t:|1700515427\n|move|p1a: YOSEMITE|Ice Spinner|p2a: Slowking\n|-damage|p2a: Slowking|0 fnt\n|faint|p2a: Slowking\n|\n|-end|p1a: YOSEMITE|move: Future Sight\n|-supereffective|p1a: YOSEMITE\n|-damage|p1a: YOSEMITE|0 fnt\n|faint|p1a: YOSEMITE\n|-end|p1a: YOSEMITE|Protosynthesis|[silent]\n|upkeep\n|\n|t:|1700515442\n|switch|p1a: CAN'T SAY|Azumarill, F|27\/100\n|switch|p2a: Rillaboom|Rillaboom, M, shiny|68\/100\n|-fieldstart|move: Grassy Terrain|[from] ability: Grassy Surge|[of] p2a: Rillaboom\n|turn|17\n|\n|t:|1700515449\n|switch|p1a: ASTROTHUNDER|Thundurus-Therian, M|100\/100\n|move|p2a: Rillaboom|Grassy Glide|p1a: ASTROTHUNDER\n|-resisted|p1a: ASTROTHUNDER\n|-damage|p1a: ASTROTHUNDER|69\/100\n|\n|-heal|p2a: Rillaboom|74\/100|[from] Grassy Terrain\n|upkeep\n|turn|18\n|\n|t:|1700515460\n|-terastallize|p1a: ASTROTHUNDER|Flying\n|move|p1a: ASTROTHUNDER|Tera Blast|p2a: Rillaboom|[anim] Tera Blast Flying\n|-supereffective|p2a: Rillaboom\n|-damage|p2a: Rillaboom|0 fnt\n|faint|p2a: Rillaboom\n|\n|upkeep\n|\n|t:|1700515464\n|switch|p2a: Salamence|Salamence, M|100\/100\n|-ability|p2a: Salamence|Intimidate|boost\n|-unboost|p1a: ASTROTHUNDER|atk|1\n|turn|19\n|\n|t:|1700515484\n|-terastallize|p2a: Salamence|Steel\n|move|p1a: ASTROTHUNDER|Tera Blast|p2a: Salamence|[anim] Tera Blast Flying\n|-resisted|p2a: Salamence\n|-damage|p2a: Salamence|45\/100\n|move|p2a: Salamence|Hurricane|p1a: ASTROTHUNDER\n|-damage|p1a: ASTROTHUNDER|0 fnt\n|faint|p1a: ASTROTHUNDER\n|\n|-heal|p2a: Salamence|51\/100|[from] Grassy Terrain\n|upkeep\n|\n|t:|1700515492\n|switch|p1a: 5% TINT|Heatran, F|77\/100\n|turn|20\n|\n|t:|1700515497\n|move|p2a: Salamence|Hydro Pump|p1a: 5% TINT|[miss]\n|-miss|p2a: Salamence|p1a: 5% TINT\n|move|p1a: 5% TINT|Magma Storm|p2a: Salamence\n|-supereffective|p2a: Salamence\n|-damage|p2a: Salamence|0 fnt\n|faint|p2a: Salamence\n|\n|-heal|p1a: 5% TINT|83\/100|[from] Grassy Terrain\n|upkeep\n|\n|t:|1700515504\n|switch|p2a: Greninja|Greninja, M, shiny|100\/100\n|turn|21\n|-message|Testingmood forfeited.\n|\n|win|PLAYB0I R0BBIE B\n|raw|PLAYB0I R0BBIE B's rating: 1354 &rarr; <strong>1380<\/strong><br \/>(+26 for winning)\n|raw|Testingmood's rating: 1460 &rarr; <strong>1434<\/strong><br \/>(-26 for losing)\n|l|\u2606Testingmood\n","uploadtime":1700515520,"views":5,"p1id":"playb0ir0bbieb","p2id":"testingmood","formatid":"gen9ou","rating":1380,"private":0,"password":""}