{"id":"gen9ou-1995222660","p1":"It's classified","p2":"Despito","format":"[Gen 9] OU","log":"|j|\u2606It's classified\n|j|\u2606Despito\n|t:|1700536497\n|gametype|singles\n|player|p1|It's classified|pokemonranger-gen4|1521\n|player|p2|Despito|169|1460\n|teamsize|p1|6\n|teamsize|p2|6\n|gen|9\n|tier|[Gen 9] OU\n|rated|\n|rule|Sleep Clause Mod: Limit one foe put to sleep\n|rule|Species Clause: Limit one of each Pok\u00e9mon\n|rule|OHKO Clause: OHKO moves are banned\n|rule|Evasion Items Clause: Evasion items are banned\n|rule|Evasion Moves Clause: Evasion moves are banned\n|rule|Endless Battle Clause: Forcing endless battles is banned\n|rule|HP Percentage Mod: HP is shown in percentages\n|clearpoke\n|poke|p1|Ceruledge, M|\n|poke|p1|Ninetales-Alola, M|\n|poke|p1|Iron Valiant|\n|poke|p1|Great Tusk|\n|poke|p1|Manaphy|\n|poke|p1|Kingambit, M|\n|poke|p2|Sandy Shocks|\n|poke|p2|Scizor, M|\n|poke|p2|Iron Valiant|\n|poke|p2|Iron Moth|\n|poke|p2|Quagsire, M|\n|poke|p2|Walking Wake|\n|teampreview\n|inactive|Battle timer is ON: inactive players will automatically lose when time's up. (requested by It's classified)\n|\n|t:|1700536500\n|start\n|switch|p1a: Ninetales|Ninetales-Alola, M|100\/100\n|switch|p2a: Sandy Shocks|Sandy Shocks|100\/100\n|-weather|Snow|[from] ability: Snow Warning|[of] p1a: Ninetales\n|-enditem|p2a: Sandy Shocks|Booster Energy\n|-activate|p2a: Sandy Shocks|ability: Protosynthesis|[fromitem]\n|-start|p2a: Sandy Shocks|protosynthesisspe\n|turn|1\n|\n|t:|1700536507\n|move|p2a: Sandy Shocks|Discharge|p1a: Ninetales\n|-crit|p1a: Ninetales\n|-damage|p1a: Ninetales|46\/100\n|move|p1a: Ninetales|Aurora Veil|p1a: Ninetales\n|-sidestart|p1: It's classified|move: Aurora Veil\n|\n|-weather|Snow|[upkeep]\n|upkeep\n|turn|2\n|\n|t:|1700536514\n|-terastallize|p2a: Sandy Shocks|Ice\n|move|p2a: Sandy Shocks|Discharge|p1a: Ninetales\n|-damage|p1a: Ninetales|28\/100\n|-status|p1a: Ninetales|par\n|cant|p1a: Ninetales|par\n|\n|-weather|Snow|[upkeep]\n|upkeep\n|turn|3\n|\n|t:|1700536530\n|move|p2a: Sandy Shocks|Earth Power|p1a: Ninetales\n|-damage|p1a: Ninetales|9\/100 par\n|move|p1a: Ninetales|Encore|p2a: Sandy Shocks\n|-start|p2a: Sandy Shocks|Encore\n|\n|-weather|Snow|[upkeep]\n|upkeep\n|turn|4\n|\n|t:|1700536536\n|switch|p1a: Ceruledge|Ceruledge, M|100\/100\n|-item|p1a: Ceruledge|Air Balloon\n|move|p2a: Sandy Shocks|Earth Power|p1a: Ceruledge\n|-immune|p1a: Ceruledge\n|\n|-weather|Snow|[upkeep]\n|upkeep\n|turn|5\n|\n|t:|1700536542\n|-end|p2a: Sandy Shocks|Protosynthesis|[silent]\n|switch|p2a: Walking Wake|Walking Wake|100\/100\n|move|p1a: Ceruledge|Swords Dance|p1a: Ceruledge\n|-boost|p1a: Ceruledge|atk|2\n|\n|-weather|none\n|upkeep\n|turn|6\n|\n|t:|1700536549\n|move|p1a: Ceruledge|Poltergeist|p2a: Walking Wake\n|-activate|p2a: Walking Wake|move: Poltergeist|Assault Vest\n|-crit|p2a: Walking Wake\n|-damage|p2a: Walking Wake|0 fnt\n|faint|p2a: Walking Wake\n|-end|p2a: Walking Wake|Protosynthesis|[silent]\n|\n|upkeep\n|\n|t:|1700536556\n|switch|p2a: Quagsire|Quagsire, M|100\/100\n|turn|7\n|\n|t:|1700536559\n|move|p1a: Ceruledge|Poltergeist|p2a: Quagsire\n|-activate|p2a: Quagsire|move: Poltergeist|Leftovers\n|-damage|p2a: Quagsire|21\/100\n|move|p2a: Quagsire|Yawn|p1a: Ceruledge\n|-start|p1a: Ceruledge|move: Yawn|[of] p2a: Quagsire\n|\n|-heal|p2a: Quagsire|27\/100|[from] item: Leftovers\n|upkeep\n|turn|8\n|\n|t:|1700536567\n|switch|p1a: Ninetales|Ninetales-Alola, M|9\/100 par\n|-weather|Snow|[from] ability: Snow Warning|[of] p1a: Ninetales\n|move|p2a: Quagsire|Earthquake|p1a: Ninetales\n|-damage|p1a: Ninetales|0 fnt\n|faint|p1a: Ninetales\n|\n|-weather|Snow|[upkeep]\n|-heal|p2a: Quagsire|33\/100|[from] item: Leftovers\n|-sideend|p1: It's classified|move: Aurora Veil\n|upkeep\n|\n|t:|1700536583\n|switch|p1a: Ceruledge|Ceruledge, M|100\/100\n|-item|p1a: Ceruledge|Air Balloon\n|turn|9\n|\n|t:|1700536586\n|move|p1a: Ceruledge|Poltergeist|p2a: Quagsire\n|-activate|p2a: Quagsire|move: Poltergeist|Leftovers\n|-damage|p2a: Quagsire|0 fnt\n|faint|p2a: Quagsire\n|\n|-weather|Snow|[upkeep]\n|upkeep\n|\n|t:|1700536591\n|switch|p2a: Sandy Shocks|Sandy Shocks, tera:Ice|100\/100\n|turn|10\n|\n|t:|1700536609\n|move|p2a: Sandy Shocks|Discharge|p1a: Ceruledge\n|-damage|p1a: Ceruledge|58\/100\n|-enditem|p1a: Ceruledge|Air Balloon\n|move|p1a: Ceruledge|Bitter Blade|p2a: Sandy Shocks\n|-supereffective|p2a: Sandy Shocks\n|-damage|p2a: Sandy Shocks|32\/100\n|-heal|p1a: Ceruledge|96\/100|[from] drain|[of] p2a: Sandy Shocks\n|\n|-weather|Snow|[upkeep]\n|upkeep\n|turn|11\n|inactive|It's classified has 120 seconds left.\n|\n|t:|1700536644\n|switch|p1a: Iron Valiant|Iron Valiant|100\/100\n|-enditem|p1a: Iron Valiant|Booster Energy\n|-activate|p1a: Iron Valiant|ability: Quark Drive|[fromitem]\n|-start|p1a: Iron Valiant|quarkdrivespe\n|move|p2a: Sandy Shocks|Earth Power|p1a: Iron Valiant\n|-damage|p1a: Iron Valiant|28\/100\n|\n|-weather|Snow|[upkeep]\n|upkeep\n|turn|12\n|\n|t:|1700536650\n|move|p1a: Iron Valiant|Moonblast|p2a: Sandy Shocks\n|-damage|p2a: Sandy Shocks|0 fnt\n|faint|p2a: Sandy Shocks\n|-end|p2a: Sandy Shocks|Protosynthesis|[silent]\n|\n|-weather|none\n|upkeep\n|\n|t:|1700536652\n|switch|p2a: Scizor|Scizor, M|100\/100\n|turn|13\n|\n|t:|1700536657\n|-end|p1a: Iron Valiant|Quark Drive|[silent]\n|switch|p1a: Ceruledge|Ceruledge, M|96\/100\n|move|p2a: Scizor|U-turn|p1a: Ceruledge\n|-resisted|p1a: Ceruledge\n|-damage|p1a: Ceruledge|82\/100\n|-ability|p1a: Ceruledge|Weak Armor|boost\n|-unboost|p1a: Ceruledge|def|1\n|-boost|p1a: Ceruledge|spe|2\n|\n|t:|1700536666\n|switch|p2a: Iron Moth|Iron Moth|100\/100|[from] U-turn\n|-enditem|p2a: Iron Moth|Booster Energy\n|-activate|p2a: Iron Moth|ability: Quark Drive|[fromitem]\n|-start|p2a: Iron Moth|quarkdrivespe\n|\n|upkeep\n|turn|14\n|\n|t:|1700536675\n|move|p1a: Ceruledge|Swords Dance|p1a: Ceruledge\n|-boost|p1a: Ceruledge|atk|2\n|move|p2a: Iron Moth|Sludge Wave|p1a: Ceruledge\n|-resisted|p1a: Ceruledge\n|-damage|p1a: Ceruledge|53\/100\n|\n|upkeep\n|turn|15\n|\n|t:|1700536682\n|move|p1a: Ceruledge|Bitter Blade|p2a: Iron Moth\n|-resisted|p2a: Iron Moth\n|-damage|p2a: Iron Moth|31\/100\n|-heal|p1a: Ceruledge|92\/100|[from] drain|[of] p2a: Iron Moth\n|move|p2a: Iron Moth|Sludge Wave|p1a: Ceruledge\n|-resisted|p1a: Ceruledge\n|-damage|p1a: Ceruledge|62\/100\n|\n|upkeep\n|turn|16\n|\n|t:|1700536688\n|move|p1a: Ceruledge|Bitter Blade|p2a: Iron Moth\n|-resisted|p2a: Iron Moth\n|-damage|p2a: Iron Moth|0 fnt\n|-heal|p1a: Ceruledge|80\/100|[from] drain|[of] p2a: Iron Moth\n|faint|p2a: Iron Moth\n|-end|p2a: Iron Moth|Quark Drive|[silent]\n|\n|upkeep\n|\n|t:|1700536690\n|switch|p2a: Scizor|Scizor, M|100\/100\n|turn|17\n|\n|t:|1700536693\n|move|p2a: Scizor|Bullet Punch|p1a: Ceruledge\n|-resisted|p1a: Ceruledge\n|-damage|p1a: Ceruledge|41\/100\n|-ability|p1a: Ceruledge|Weak Armor|boost\n|-unboost|p1a: Ceruledge|def|1\n|-boost|p1a: Ceruledge|spe|2\n|move|p1a: Ceruledge|Bitter Blade|p2a: Scizor\n|-supereffective|p2a: Scizor\n|-damage|p2a: Scizor|0 fnt\n|-heal|p1a: Ceruledge|100\/100|[from] drain|[of] p2a: Scizor\n|faint|p2a: Scizor\n|\n|upkeep\n|\n|t:|1700536695\n|switch|p2a: Iron Valiant|Iron Valiant|100\/100\n|-enditem|p2a: Iron Valiant|Booster Energy\n|-activate|p2a: Iron Valiant|ability: Quark Drive|[fromitem]\n|-start|p2a: Iron Valiant|quarkdrivespe\n|turn|18\n|\n|t:|1700536704\n|move|p1a: Ceruledge|Bitter Blade|p2a: Iron Valiant\n|-damage|p2a: Iron Valiant|0 fnt\n|faint|p2a: Iron Valiant\n|-end|p2a: Iron Valiant|Quark Drive|[silent]\n|\n|win|It's classified\n|raw|It&apos;s classified's rating: 1521 &rarr; <strong>1538<\/strong><br \/>(+17 for winning)\n|raw|Despito's rating: 1460 &rarr; <strong>1443<\/strong><br \/>(-17 for losing)\n|l|\u2606Despito\n","uploadtime":1700536713,"views":15,"p1id":"itsclassified","p2id":"despito","formatid":"gen9ou","rating":1443,"private":0,"password":""}