{"id":"gen9ou-1991304727","p1":"sauronflex","p2":"InsomniacHS","format":"[Gen 9] OU","log":"|j|\u2606sauronflex\n|j|\u2606InsomniacHS\n|t:|1700065954\n|gametype|singles\n|player|p1|sauronflex|twins-gen4dp|1429\n|player|p2|InsomniacHS|n|1458\n|teamsize|p1|6\n|teamsize|p2|6\n|gen|9\n|tier|[Gen 9] OU\n|rated|\n|rule|Sleep Clause Mod: Limit one foe put to sleep\n|rule|Species Clause: Limit one of each Pok\u00e9mon\n|rule|OHKO Clause: OHKO moves are banned\n|rule|Evasion Items Clause: Evasion items are banned\n|rule|Evasion Moves Clause: Evasion moves are banned\n|rule|Endless Battle Clause: Forcing endless battles is banned\n|rule|HP Percentage Mod: HP is shown in percentages\n|clearpoke\n|poke|p1|Ceruledge, M|\n|poke|p1|Walking Wake|\n|poke|p1|Hatterene, F|\n|poke|p1|Kingambit, F|\n|poke|p1|Ogerpon-Cornerstone, F|\n|poke|p1|Enamorus, F|\n|poke|p2|Vikavolt, F|\n|poke|p2|Enamorus, F|\n|poke|p2|Great Tusk|\n|poke|p2|Gholdengo|\n|poke|p2|Kommo-o, M|\n|poke|p2|Iron Moth|\n|teampreview\n|inactive|Battle timer is ON: inactive players will automatically lose when time's up. (requested by InsomniacHS)\n|c|\u2606InsomniacHS|glhf\n|\n|t:|1700065972\n|start\n|switch|p1a: Ogerpon|Ogerpon-Cornerstone, F|100\/100\n|switch|p2a: Djengo Unrained|Gholdengo|100\/100\n|-item|p2a: Djengo Unrained|Air Balloon\n|turn|1\n|inactive|sauronflex has 120 seconds left.\n|c|\u2606sauronflex|hf\n|\n|t:|1700066021\n|move|p1a: Ogerpon|Power Whip|p2a: Djengo Unrained\n|-resisted|p2a: Djengo Unrained\n|-damage|p2a: Djengo Unrained|63\/100\n|-enditem|p2a: Djengo Unrained|Air Balloon\n|move|p2a: Djengo Unrained|Make It Rain|p1a: Ogerpon\n|-supereffective|p1a: Ogerpon\n|-ability|p1a: Ogerpon|Sturdy\n|-damage|p1a: Ogerpon|1\/100\n|-unboost|p2a: Djengo Unrained|spa|1\n|\n|upkeep\n|turn|2\n|\n|t:|1700066035\n|move|p1a: Ogerpon|Spikes|p2a: Djengo Unrained\n|-sidestart|p2: InsomniacHS|Spikes\n|move|p2a: Djengo Unrained|Thunderbolt|p1a: Ogerpon\n|-resisted|p1a: Ogerpon\n|-damage|p1a: Ogerpon|0 fnt\n|faint|p1a: Ogerpon\n|\n|upkeep\n|\n|t:|1700066042\n|switch|p1a: Kingambit|Kingambit, F|100\/100\n|-activate|p1a: Kingambit|ability: Supreme Overlord\n|-start|p1a: Kingambit|fallen1|[silent]\n|turn|3\n|\n|t:|1700066046\n|switch|p2a: Dentist G-Ram|Great Tusk|100\/100\n|-damage|p2a: Dentist G-Ram|88\/100|[from] Spikes\n|-enditem|p2a: Dentist G-Ram|Booster Energy\n|-activate|p2a: Dentist G-Ram|ability: Protosynthesis|[fromitem]\n|-start|p2a: Dentist G-Ram|protosynthesisatk\n|move|p1a: Kingambit|Sucker Punch||[still]\n|-fail|p1a: Kingambit\n|\n|upkeep\n|turn|4\n|\n|t:|1700066052\n|-end|p1a: Kingambit|fallen1|[silent]\n|switch|p1a: Enamorus|Enamorus, F|100\/100\n|move|p2a: Dentist G-Ram|Stealth Rock|p1a: Enamorus\n|-sidestart|p1: sauronflex|move: Stealth Rock\n|\n|upkeep\n|turn|5\n|inactive|sauronflex has 120 seconds left.\n|\n|t:|1700066074\n|-end|p2a: Dentist G-Ram|Protosynthesis|[silent]\n|switch|p2a: Djengo Unrained|Gholdengo|63\/100\n|-damage|p2a: Djengo Unrained|51\/100|[from] Spikes\n|move|p1a: Enamorus|Moonblast|p2a: Djengo Unrained\n|-resisted|p2a: Djengo Unrained\n|-damage|p2a: Djengo Unrained|20\/100\n|\n|upkeep\n|turn|6\n|\n|t:|1700066085\n|move|p1a: Enamorus|Moonblast|p2a: Djengo Unrained\n|-resisted|p2a: Djengo Unrained\n|-damage|p2a: Djengo Unrained|0 fnt\n|faint|p2a: Djengo Unrained\n|\n|upkeep\n|\n|t:|1700066102\n|switch|p2a: Vicodi\u00f1o|Vikavolt, F|100\/100\n|turn|7\n|inactive|sauronflex has 120 seconds left.\n|\n|t:|1700066128\n|move|p1a: Enamorus|Moonblast|p2a: Vicodi\u00f1o\n|-damage|p2a: Vicodi\u00f1o|44\/100\n|-unboost|p2a: Vicodi\u00f1o|spa|1\n|move|p2a: Vicodi\u00f1o|Volt Switch|p1a: Enamorus\n|-supereffective|p1a: Enamorus\n|-damage|p1a: Enamorus|19\/100\n|\n|t:|1700066143\n|switch|p2a: Both Baby|Iron Moth|100\/100|[from] Volt Switch\n|-damage|p2a: Both Baby|88\/100|[from] Spikes\n|-enditem|p2a: Both Baby|Booster Energy\n|-activate|p2a: Both Baby|ability: Quark Drive|[fromitem]\n|-start|p2a: Both Baby|quarkdrivespe\n|\n|upkeep\n|turn|8\n|inactive|sauronflex has 120 seconds left.\n|\n|t:|1700066169\n|move|p2a: Both Baby|Fiery Dance|p1a: Enamorus\n|-damage|p1a: Enamorus|0 fnt\n|-boost|p2a: Both Baby|spa|1\n|faint|p1a: Enamorus\n|\n|upkeep\n|\n|t:|1700066173\n|switch|p1a: Walking Wake|Walking Wake|100\/100\n|-damage|p1a: Walking Wake|88\/100|[from] Stealth Rock\n|-enditem|p1a: Walking Wake|Booster Energy\n|-activate|p1a: Walking Wake|ability: Protosynthesis|[fromitem]\n|-start|p1a: Walking Wake|protosynthesisspa\n|turn|9\n|\n|t:|1700066178\n|move|p2a: Both Baby|Dazzling Gleam|p1a: Walking Wake\n|-supereffective|p1a: Walking Wake\n|-damage|p1a: Walking Wake|0 fnt\n|faint|p1a: Walking Wake\n|-end|p1a: Walking Wake|Protosynthesis|[silent]\n|\n|upkeep\n|inactive|sauronflex has 120 seconds left.\n|\n|t:|1700066190\n|switch|p1a: Hatterene|Hatterene, F|100\/100\n|-damage|p1a: Hatterene|88\/100|[from] Stealth Rock\n|turn|10\n|inactive|sauronflex has 120 seconds left.\n|\n|t:|1700066209\n|-terastallize|p1a: Hatterene|Water\n|move|p2a: Both Baby|Sludge Wave|p1a: Hatterene\n|-damage|p1a: Hatterene|12\/100\n|move|p1a: Hatterene|Psyshock|p2a: Both Baby\n|-supereffective|p2a: Both Baby\n|-damage|p2a: Both Baby|0 fnt\n|faint|p2a: Both Baby\n|-end|p2a: Both Baby|Quark Drive|[silent]\n|\n|-heal|p1a: Hatterene|17\/100|[from] item: Leftovers\n|upkeep\n|\n|t:|1700066227\n|switch|p2a: Dentist G-Ram|Great Tusk|88\/100\n|-damage|p2a: Dentist G-Ram|76\/100|[from] Spikes\n|turn|11\n|inactive|sauronflex has 120 seconds left.\n|\n|t:|1700066254\n|move|p2a: Dentist G-Ram|Headlong Rush|p1a: Hatterene\n|-damage|p1a: Hatterene|0 fnt\n|-unboost|p2a: Dentist G-Ram|def|1\n|-unboost|p2a: Dentist G-Ram|spd|1\n|faint|p1a: Hatterene\n|\n|upkeep\n|\n|t:|1700066258\n|switch|p1a: Ceruledge|Ceruledge, M|100\/100\n|-damage|p1a: Ceruledge|76\/100|[from] Stealth Rock\n|turn|12\n|inactive|sauronflex has 120 seconds left.\n|\n|t:|1700066263\n|move|p2a: Dentist G-Ram|Headlong Rush|p1a: Ceruledge\n|-supereffective|p1a: Ceruledge\n|-damage|p1a: Ceruledge|0 fnt\n|-unboost|p2a: Dentist G-Ram|def|1\n|-unboost|p2a: Dentist G-Ram|spd|1\n|faint|p1a: Ceruledge\n|\n|upkeep\n|\n|t:|1700066265\n|switch|p1a: Kingambit|Kingambit, F|100\/100\n|-damage|p1a: Kingambit|94\/100|[from] Stealth Rock\n|-activate|p1a: Kingambit|ability: Supreme Overlord\n|-start|p1a: Kingambit|fallen5|[silent]\n|turn|13\n|\n|t:|1700066270\n|move|p1a: Kingambit|Sucker Punch||[still]\n|-fail|p1a: Kingambit\n|move|p2a: Dentist G-Ram|Stealth Rock||[still]\n|-fail|p2a: Dentist G-Ram\n|\n|upkeep\n|turn|14\n|\n|t:|1700066274\n|move|p2a: Dentist G-Ram|Headlong Rush|p1a: Kingambit\n|-supereffective|p1a: Kingambit\n|-damage|p1a: Kingambit|0 fnt\n|-unboost|p2a: Dentist G-Ram|def|1\n|-unboost|p2a: Dentist G-Ram|spd|1\n|faint|p1a: Kingambit\n|-end|p1a: Kingambit|fallen5|[silent]\n|\n|win|InsomniacHS\n|raw|sauronflex's rating: 1429 &rarr; <strong>1411<\/strong><br \/>(-18 for losing)\n|raw|InsomniacHS's rating: 1458 &rarr; <strong>1476<\/strong><br \/>(+18 for winning)\n|l|\u2606sauronflex\n|c|\u2606InsomniacHS|gg\n","uploadtime":1700066358,"views":7,"p1id":"sauronflex","p2id":"insomniachs","formatid":"gen9ou","rating":1411,"private":0,"password":""}