{"id":"gen9ou-1995370451","p1":"liaoya","p2":"sleepcooling","format":"[Gen 9] OU","log":"|j|\u2606liaoya\n|j|\u2606sleepcooling\n|t:|1700561336\n|gametype|singles\n|player|p1|liaoya|petrel|1578\n|player|p2|sleepcooling|bianca|1580\n|teamsize|p1|6\n|teamsize|p2|6\n|gen|9\n|tier|[Gen 9] OU\n|rated|\n|rule|Sleep Clause Mod: Limit one foe put to sleep\n|rule|Species Clause: Limit one of each Pok\u00e9mon\n|rule|OHKO Clause: OHKO moves are banned\n|rule|Evasion Items Clause: Evasion items are banned\n|rule|Evasion Moves Clause: Evasion moves are banned\n|rule|Endless Battle Clause: Forcing endless battles is banned\n|rule|HP Percentage Mod: HP is shown in percentages\n|clearpoke\n|poke|p1|Drifblim, M|\n|poke|p1|Garganacl, F|\n|poke|p1|Umbreon, F|\n|poke|p1|Rotom-Wash|\n|poke|p1|Glimmora, F|\n|poke|p1|Espeon, M|\n|poke|p2|Ceruledge, M|\n|poke|p2|Hawlucha, F|\n|poke|p2|Great Tusk|\n|poke|p2|Rillaboom, F|\n|poke|p2|Ogerpon-Cornerstone, F|\n|poke|p2|Dragapult, M|\n|teampreview\n|inactive|Battle timer is ON: inactive players will automatically lose when time's up. (requested by liaoya)\n|\n|t:|1700561346\n|start\n|switch|p1a: Rotom|Rotom-Wash|100\/100\n|switch|p2a: \u5de5\u5177\u4eba|Great Tusk|100\/100\n|turn|1\n|\n|t:|1700561354\n|-end|p2a: \u5de5\u5177\u4eba|Protosynthesis|[silent]\n|switch|p2a: \u5361\u749e\u7329\u7329|Rillaboom, F|100\/100\n|-fieldstart|move: Grassy Terrain|[from] ability: Grassy Surge|[of] p2a: \u5361\u749e\u7329\u7329\n|move|p1a: Rotom|Will-O-Wisp|p2a: \u5361\u749e\u7329\u7329\n|-status|p2a: \u5361\u749e\u7329\u7329|brn\n|\n|-damage|p2a: \u5361\u749e\u7329\u7329|94\/100 brn|[from] brn\n|upkeep\n|turn|2\n|\n|t:|1700561365\n|switch|p1a: Glimmora|Glimmora, F|100\/100\n|move|p2a: \u5361\u749e\u7329\u7329|Knock Off|p1a: Glimmora\n|-damage|p1a: Glimmora|86\/100\n|-activate|p1a: Glimmora|ability: Toxic Debris\n|-sidestart|p2: sleepcooling|move: Toxic Spikes\n|-enditem|p1a: Glimmora|Focus Sash|[from] move: Knock Off|[of] p2a: \u5361\u749e\u7329\u7329\n|\n|-heal|p1a: Glimmora|92\/100|[from] Grassy Terrain\n|-heal|p2a: \u5361\u749e\u7329\u7329|100\/100 brn|[from] Grassy Terrain\n|-damage|p2a: \u5361\u749e\u7329\u7329|94\/100 brn|[from] brn\n|upkeep\n|turn|3\n|\n|t:|1700561369\n|move|p1a: Glimmora|Mortal Spin|p2a: \u5361\u749e\u7329\u7329\n|-supereffective|p2a: \u5361\u749e\u7329\u7329\n|-damage|p2a: \u5361\u749e\u7329\u7329|84\/100 brn\n|-enditem|p2a: \u5361\u749e\u7329\u7329|Eject Button\n|\n|t:|1700561378\n|switch|p2a: \u5de5\u5177\u4eba|Great Tusk|100\/100\n|-status|p2a: \u5de5\u5177\u4eba|psn\n|\n|-heal|p1a: Glimmora|99\/100|[from] Grassy Terrain\n|-damage|p2a: \u5de5\u5177\u4eba|88\/100 psn|[from] psn\n|upkeep\n|turn|4\n|\n|t:|1700561383\n|move|p2a: \u5de5\u5177\u4eba|Stealth Rock|p1a: Glimmora\n|-sidestart|p1: liaoya|move: Stealth Rock\n|move|p1a: Glimmora|Light Screen|p1a: Glimmora\n|-sidestart|p1: liaoya|move: Light Screen\n|\n|-heal|p2a: \u5de5\u5177\u4eba|94\/100 psn|[from] Grassy Terrain\n|-heal|p1a: Glimmora|100\/100|[from] Grassy Terrain\n|-damage|p2a: \u5de5\u5177\u4eba|82\/100 psn|[from] psn\n|upkeep\n|turn|5\n|\n|t:|1700561387\n|move|p2a: \u5de5\u5177\u4eba|Headlong Rush|p1a: Glimmora\n|-supereffective|p1a: Glimmora\n|-damage|p1a: Glimmora|0 fnt\n|-unboost|p2a: \u5de5\u5177\u4eba|def|1\n|-unboost|p2a: \u5de5\u5177\u4eba|spd|1\n|-activate|p1a: Glimmora|ability: Toxic Debris\n|-sidestart|p2: sleepcooling|move: Toxic Spikes\n|faint|p1a: Glimmora\n|\n|-heal|p2a: \u5de5\u5177\u4eba|88\/100 psn|[from] Grassy Terrain\n|-damage|p2a: \u5de5\u5177\u4eba|76\/100 psn|[from] psn\n|-fieldend|move: Grassy Terrain\n|upkeep\n|\n|t:|1700561389\n|switch|p1a: Garganacl|Garganacl, F, shiny|100\/100\n|-damage|p1a: Garganacl|88\/100|[from] Stealth Rock\n|turn|6\n|\n|t:|1700561392\n|-terastallize|p1a: Garganacl|Ghost\n|move|p2a: \u5de5\u5177\u4eba|Rapid Spin|p1a: Garganacl\n|-immune|p1a: Garganacl\n|move|p1a: Garganacl|Iron Defense|p1a: Garganacl\n|-boost|p1a: Garganacl|def|2\n|\n|-heal|p1a: Garganacl|94\/100|[from] item: Leftovers\n|-damage|p2a: \u5de5\u5177\u4eba|63\/100 psn|[from] psn\n|upkeep\n|turn|7\n|inactive|sleepcooling has 120 seconds left.\n|\n|t:|1700561431\n|-end|p2a: \u5de5\u5177\u4eba|Protosynthesis|[silent]\n|switch|p2a: \u5361\u749e\u7329\u7329|Rillaboom, F|84\/100 brn\n|-fieldstart|move: Grassy Terrain|[from] ability: Grassy Surge|[of] p2a: \u5361\u749e\u7329\u7329\n|move|p1a: Garganacl|Salt Cure|p2a: \u5361\u749e\u7329\u7329\n|-damage|p2a: \u5361\u749e\u7329\u7329|71\/100 brn\n|-start|p2a: \u5361\u749e\u7329\u7329|Salt Cure\n|\n|-heal|p2a: \u5361\u749e\u7329\u7329|77\/100 brn|[from] Grassy Terrain\n|-heal|p1a: Garganacl|100\/100|[from] Grassy Terrain\n|-damage|p2a: \u5361\u749e\u7329\u7329|71\/100 brn|[from] brn\n|-damage|p2a: \u5361\u749e\u7329\u7329|58\/100 brn|[from] Salt Cure\n|upkeep\n|turn|8\n|inactive|sleepcooling has 120 seconds left.\n|\n|t:|1700561438\n|move|p2a: \u5361\u749e\u7329\u7329|Knock Off|p1a: Garganacl\n|-supereffective|p1a: Garganacl\n|-damage|p1a: Garganacl|88\/100\n|-enditem|p1a: Garganacl|Leftovers|[from] move: Knock Off|[of] p2a: \u5361\u749e\u7329\u7329\n|move|p1a: Garganacl|Iron Defense|p1a: Garganacl\n|-boost|p1a: Garganacl|def|2\n|\n|-heal|p2a: \u5361\u749e\u7329\u7329|64\/100 brn|[from] Grassy Terrain\n|-heal|p1a: Garganacl|95\/100|[from] Grassy Terrain\n|-damage|p2a: \u5361\u749e\u7329\u7329|58\/100 brn|[from] brn\n|-damage|p2a: \u5361\u749e\u7329\u7329|46\/100 brn|[from] Salt Cure\n|-sideend|p1: liaoya|move: Light Screen\n|upkeep\n|turn|9\n|\n|t:|1700561444\n|move|p2a: \u5361\u749e\u7329\u7329|U-turn|p1a: Garganacl\n|-resisted|p1a: Garganacl\n|-damage|p1a: Garganacl|93\/100\n|inactive|sleepcooling has 120 seconds left.\n|\n|t:|1700561459\n|switch|p2a: Ceruledge|Ceruledge, M|100\/100|[from] U-turn\n|move|p1a: Garganacl|Salt Cure|p2a: Ceruledge\n|-supereffective|p2a: Ceruledge\n|-damage|p2a: Ceruledge|59\/100\n|-start|p2a: Ceruledge|Salt Cure\n|\n|-heal|p2a: Ceruledge|65\/100|[from] Grassy Terrain\n|-heal|p1a: Garganacl|99\/100|[from] Grassy Terrain\n|-damage|p2a: Ceruledge|53\/100|[from] Salt Cure\n|upkeep\n|turn|10\n|inactive|sleepcooling has 120 seconds left.\n|\n|t:|1700561468\n|move|p2a: Ceruledge|Bitter Blade|p1a: Garganacl\n|-damage|p1a: Garganacl|88\/100\n|-heal|p2a: Ceruledge|61\/100|[from] drain|[of] p1a: Garganacl\n|move|p1a: Garganacl|Iron Defense|p1a: Garganacl\n|-boost|p1a: Garganacl|def|2\n|\n|-heal|p2a: Ceruledge|67\/100|[from] Grassy Terrain\n|-heal|p1a: Garganacl|94\/100|[from] Grassy Terrain\n|-damage|p2a: Ceruledge|55\/100|[from] Salt Cure\n|upkeep\n|turn|11\n|\n|t:|1700561471\n|move|p2a: Ceruledge|Bitter Blade|p1a: Garganacl\n|-damage|p1a: Garganacl|86\/100\n|-heal|p2a: Ceruledge|60\/100|[from] drain|[of] p1a: Garganacl\n|move|p1a: Garganacl|Salt Cure|p2a: Ceruledge\n|-supereffective|p2a: Ceruledge\n|-damage|p2a: Ceruledge|21\/100\n|\n|-heal|p2a: Ceruledge|27\/100|[from] Grassy Terrain\n|-heal|p1a: Garganacl|92\/100|[from] Grassy Terrain\n|-damage|p2a: Ceruledge|15\/100|[from] Salt Cure\n|-fieldend|move: Grassy Terrain\n|upkeep\n|turn|12\n|\n|t:|1700561475\n|move|p2a: Ceruledge|Bitter Blade|p1a: Garganacl\n|-damage|p1a: Garganacl|84\/100\n|-heal|p2a: Ceruledge|21\/100|[from] drain|[of] p1a: Garganacl\n|move|p1a: Garganacl|Salt Cure|p2a: Ceruledge\n|-supereffective|p2a: Ceruledge\n|-damage|p2a: Ceruledge|0 fnt\n|faint|p2a: Ceruledge\n|\n|upkeep\n|\n|t:|1700561482\n|switch|p2a: \u9e1f\u4eba|Hawlucha, F|100\/100\n|turn|13\n|\n|t:|1700561485\n|move|p2a: \u9e1f\u4eba|Swords Dance|p2a: \u9e1f\u4eba\n|-boost|p2a: \u9e1f\u4eba|atk|2\n|move|p1a: Garganacl|Salt Cure|p2a: \u9e1f\u4eba\n|-damage|p2a: \u9e1f\u4eba|81\/100\n|-start|p2a: \u9e1f\u4eba|Salt Cure\n|\n|-damage|p2a: \u9e1f\u4eba|69\/100|[from] Salt Cure\n|upkeep\n|turn|14\n|\n|t:|1700561491\n|move|p2a: \u9e1f\u4eba|Swords Dance|p2a: \u9e1f\u4eba\n|-boost|p2a: \u9e1f\u4eba|atk|2\n|move|p1a: Garganacl|Body Press|p2a: \u9e1f\u4eba\n|-resisted|p2a: \u9e1f\u4eba\n|-damage|p2a: \u9e1f\u4eba|10\/100\n|\n|-damage|p2a: \u9e1f\u4eba|0 fnt|[from] Salt Cure\n|faint|p2a: \u9e1f\u4eba\n|upkeep\n|c|\u2606liaoya|Chinese people?\n|inactive|sleepcooling has 120 seconds left.\n|\n|t:|1700561527\n|switch|p2a: Dragapult|Dragapult, M|100\/100\n|turn|15\n|inactive|sleepcooling has 120 seconds left.\n|\n|t:|1700561534\n|move|p2a: Dragapult|Phantom Force||[still]\n|-prepare|p2a: Dragapult|Phantom Force\n|move|p1a: Garganacl|Recover|p1a: Garganacl\n|-heal|p1a: Garganacl|100\/100\n|\n|upkeep\n|turn|16\n|\n|t:|1700561539\n|move|p2a: Dragapult|Phantom Force|p1a: Garganacl|[from]lockedmove\n|-supereffective|p1a: Garganacl\n|-damage|p1a: Garganacl|93\/100\n|move|p1a: Garganacl|Salt Cure|p2a: Dragapult\n|-damage|p2a: Dragapult|82\/100\n|-start|p2a: Dragapult|Salt Cure\n|\n|-damage|p2a: Dragapult|69\/100|[from] Salt Cure\n|upkeep\n|turn|17\n|\n|t:|1700561552\n|move|p2a: Dragapult|Dragon Darts|p1a: Garganacl\n|-damage|p1a: Garganacl|88\/100\n|-anim|p2a: Dragapult|Dragon Darts|p1a: Garganacl\n|-damage|p1a: Garganacl|83\/100\n|move|p1a: Garganacl|Salt Cure|p2a: Dragapult\n|-damage|p2a: Dragapult|50\/100\n|\n|-damage|p2a: Dragapult|38\/100|[from] Salt Cure\n|upkeep\n|turn|18\n|\n|t:|1700561566\n|move|p2a: Dragapult|Dragon Darts|p1a: Garganacl\n|-damage|p1a: Garganacl|78\/100\n|-anim|p2a: Dragapult|Dragon Darts|p1a: Garganacl\n|-damage|p1a: Garganacl|73\/100\n|move|p1a: Garganacl|Salt Cure|p2a: Dragapult\n|-damage|p2a: Dragapult|18\/100\n|\n|-damage|p2a: Dragapult|6\/100|[from] Salt Cure\n|upkeep\n|turn|19\n|c|\u2606liaoya|gg\n|\n|t:|1700561573\n|move|p2a: Dragapult|Dragon Darts|p1a: Garganacl\n|-damage|p1a: Garganacl|69\/100\n|-anim|p2a: Dragapult|Dragon Darts|p1a: Garganacl\n|-damage|p1a: Garganacl|64\/100\n|move|p1a: Garganacl|Recover|p1a: Garganacl\n|-heal|p1a: Garganacl|100\/100\n|\n|-damage|p2a: Dragapult|0 fnt|[from] Salt Cure\n|faint|p2a: Dragapult\n|upkeep\n|-message|sleepcooling forfeited.\n|\n|win|liaoya\n|raw|liaoya's rating: 1578 &rarr; <strong>1598<\/strong><br \/>(+20 for winning)\n|raw|sleepcooling's rating: 1580 &rarr; <strong>1560<\/strong><br \/>(-20 for losing)\n|l|\u2606sleepcooling\n","uploadtime":1700561587,"views":13,"p1id":"liaoya","p2id":"sleepcooling","formatid":"gen9ou","rating":1560,"private":0,"password":""}