{"id":"gen9ou-1995721046","p1":"V1xen_120","p2":"GabiruDelicia","format":"[Gen 9] OU","log":"|j|\u2606V1xen_120\n|j|\u2606GabiruDelicia\n|t:|1700596971\n|gametype|singles\n|player|p1|V1xen_120|266|1437\n|player|p2|GabiruDelicia|iris|1494\n|teamsize|p1|6\n|teamsize|p2|6\n|gen|9\n|tier|[Gen 9] OU\n|rated|\n|rule|Sleep Clause Mod: Limit one foe put to sleep\n|rule|Species Clause: Limit one of each Pok\u00e9mon\n|rule|OHKO Clause: OHKO moves are banned\n|rule|Evasion Items Clause: Evasion items are banned\n|rule|Evasion Moves Clause: Evasion moves are banned\n|rule|Endless Battle Clause: Forcing endless battles is banned\n|rule|HP Percentage Mod: HP is shown in percentages\n|clearpoke\n|poke|p1|Alomomola, F|\n|poke|p1|Slowking-Galar, F|\n|poke|p1|Kingambit, F|\n|poke|p1|Great Tusk|\n|poke|p1|Cinderace, F|\n|poke|p1|Thundurus-Therian, M|\n|poke|p2|Zamazenta-*|\n|poke|p2|Gholdengo|\n|poke|p2|Samurott-Hisui, M|\n|poke|p2|Enamorus, F|\n|poke|p2|Zapdos|\n|poke|p2|Great Tusk|\n|teampreview\n|inactive|Battle timer is ON: inactive players will automatically lose when time's up. (requested by GabiruDelicia)\n|\n|t:|1700596977\n|start\n|switch|p1a: Cinderace|Cinderace, F|100\/100\n|switch|p2a: Enamorus|Enamorus, F|100\/100\n|turn|1\n|\n|t:|1700596981\n|switch|p2a: Great Tusk|Great Tusk|100\/100\n|move|p1a: Cinderace|U-turn|p2a: Great Tusk\n|-start|p1a: Cinderace|typechange|Bug|[from] ability: Libero\n|-resisted|p2a: Great Tusk\n|-damage|p2a: Great Tusk|89\/100\n|\n|t:|1700596994\n|switch|p1a: Alomomola|Alomomola, F|100\/100|[from] U-turn\n|\n|upkeep\n|turn|2\n|\n|t:|1700597004\n|-end|p2a: Great Tusk|Protosynthesis|[silent]\n|switch|p2a: Samurott|Samurott-Hisui, M|100\/100\n|move|p1a: Alomomola|Scald|p2a: Samurott\n|-resisted|p2a: Samurott\n|-damage|p2a: Samurott|90\/100\n|-status|p2a: Samurott|brn\n|\n|-damage|p2a: Samurott|84\/100 brn|[from] brn\n|upkeep\n|turn|3\n|\n|t:|1700597016\n|move|p2a: Samurott|Aqua Cutter|p1a: Alomomola\n|-resisted|p1a: Alomomola\n|-damage|p1a: Alomomola|93\/100\n|-enditem|p1a: Alomomola|Red Card|[of] p2a: Samurott\n|drag|p2a: Great Tusk|Great Tusk|89\/100\n|move|p1a: Alomomola|Flip Turn|p2a: Great Tusk\n|-supereffective|p2a: Great Tusk\n|-damage|p2a: Great Tusk|66\/100\n|\n|t:|1700597030\n|switch|p1a: Thundurus|Thundurus-Therian, M|100\/100|[from] Flip Turn\n|\n|upkeep\n|turn|4\n|\n|t:|1700597034\n|-end|p2a: Great Tusk|Protosynthesis|[silent]\n|switch|p2a: Zapdos|Zapdos|100\/100\n|move|p1a: Thundurus|Grass Knot|p2a: Zapdos\n|-resisted|p2a: Zapdos\n|-damage|p2a: Zapdos|77\/100\n|\n|upkeep\n|turn|5\n|\n|t:|1700597041\n|switch|p1a: Slowking|Slowking-Galar, F|100\/100\n|switch|p2a: Gholdengo|Gholdengo|100\/100\n|\n|upkeep\n|turn|6\n|\n|t:|1700597045\n|switch|p2a: Zamazenta|Zamazenta|100\/100\n|-ability|p2a: Zamazenta|Dauntless Shield|boost\n|-boost|p2a: Zamazenta|def|1\n|switch|p1a: Kingambit|Kingambit, F|100\/100\n|\n|upkeep\n|turn|7\n|\n|t:|1700597051\n|-end|p1a: Kingambit|fallenundefined|[silent]\n|switch|p1a: Slowking|Slowking-Galar, F|100\/100\n|move|p2a: Zamazenta|Stone Edge|p1a: Slowking|[miss]\n|-miss|p2a: Zamazenta|p1a: Slowking\n|\n|upkeep\n|turn|8\n|\n|t:|1700597055\n|switch|p2a: Samurott|Samurott-Hisui, M|84\/100 brn\n|move|p1a: Slowking|Future Sight|p2a: Samurott\n|-start|p1a: Slowking|move: Future Sight\n|\n|-damage|p2a: Samurott|78\/100 brn|[from] brn\n|upkeep\n|turn|9\n|\n|t:|1700597065\n|switch|p1a: Great Tusk|Great Tusk|100\/100\n|move|p2a: Samurott|Ceaseless Edge|p1a: Great Tusk\n|-resisted|p1a: Great Tusk\n|-damage|p1a: Great Tusk|92\/100\n|-damage|p2a: Samurott|61\/100 brn|[from] item: Rocky Helmet|[of] p1a: Great Tusk\n|-sidestart|p1: V1xen_120|Spikes\n|\n|-damage|p2a: Samurott|55\/100 brn|[from] brn\n|upkeep\n|turn|10\n|\n|t:|1700597083\n|move|p1a: Great Tusk|Stealth Rock|p2a: Samurott\n|-sidestart|p2: GabiruDelicia|move: Stealth Rock\n|move|p2a: Samurott|Ceaseless Edge|p1a: Great Tusk\n|-resisted|p1a: Great Tusk\n|-damage|p1a: Great Tusk|84\/100\n|-damage|p2a: Samurott|39\/100 brn|[from] item: Rocky Helmet|[of] p1a: Great Tusk\n|-sidestart|p1: V1xen_120|Spikes\n|\n|-end|p2a: Samurott|move: Future Sight\n|-immune|p2a: Samurott\n|-damage|p2a: Samurott|32\/100 brn|[from] brn\n|upkeep\n|turn|11\n|\n|t:|1700597088\n|switch|p2a: Gholdengo|Gholdengo|100\/100\n|-damage|p2a: Gholdengo|94\/100|[from] Stealth Rock\n|move|p1a: Great Tusk|Rapid Spin|p2a: Gholdengo\n|-immune|p2a: Gholdengo\n|\n|upkeep\n|turn|12\n|\n|t:|1700597092\n|switch|p2a: Zapdos|Zapdos|77\/100\n|move|p1a: Great Tusk|Headlong Rush|p2a: Zapdos\n|-immune|p2a: Zapdos\n|\n|upkeep\n|turn|13\n|\n|t:|1700597102\n|move|p1a: Great Tusk|Headlong Rush|p2a: Zapdos\n|-immune|p2a: Zapdos\n|move|p2a: Zapdos|Hurricane|p1a: Great Tusk\n|-supereffective|p1a: Great Tusk\n|-damage|p1a: Great Tusk|0 fnt\n|faint|p1a: Great Tusk\n|-end|p1a: Great Tusk|Protosynthesis|[silent]\n|\n|upkeep\n|\n|t:|1700597113\n|switch|p1a: Thundurus|Thundurus-Therian, M|100\/100\n|turn|14\n|\n|t:|1700597121\n|switch|p2a: Great Tusk|Great Tusk|66\/100\n|move|p1a: Thundurus|Knock Off|p2a: Great Tusk\n|-resisted|p2a: Great Tusk\n|-damage|p2a: Great Tusk|58\/100\n|-enditem|p2a: Great Tusk|Heavy-Duty Boots|[from] move: Knock Off|[of] p1a: Thundurus\n|\n|upkeep\n|turn|15\n|\n|t:|1700597129\n|switch|p1a: Alomomola|Alomomola, F|100\/100\n|-damage|p1a: Alomomola|84\/100|[from] Spikes\n|move|p2a: Great Tusk|Rapid Spin|p1a: Alomomola\n|-damage|p1a: Alomomola|73\/100\n|-boost|p2a: Great Tusk|spe|1\n|-sideend|p2: GabiruDelicia|Stealth Rock|[from] move: Rapid Spin|[of] p2a: Great Tusk\n|\n|upkeep\n|turn|16\n|\n|t:|1700597134\n|-end|p2a: Great Tusk|Protosynthesis|[silent]\n|switch|p2a: Samurott|Samurott-Hisui, M|32\/100 brn\n|move|p1a: Alomomola|Flip Turn|p2a: Samurott\n|-resisted|p2a: Samurott\n|-damage|p2a: Samurott|21\/100 brn\n|inactive|V1xen_120 has 120 seconds left.\n|\n|t:|1700597177\n|switch|p1a: Thundurus|Thundurus-Therian, M|100\/100|[from] Flip Turn\n|\n|-damage|p2a: Samurott|15\/100 brn|[from] brn\n|upkeep\n|turn|17\n|\n|t:|1700597184\n|move|p2a: Samurott|Aqua Jet|p1a: Thundurus\n|-damage|p1a: Thundurus|87\/100\n|move|p1a: Thundurus|Grass Knot|p2a: Samurott\n|-supereffective|p2a: Samurott\n|-damage|p2a: Samurott|0 fnt\n|faint|p2a: Samurott\n|\n|upkeep\n|\n|t:|1700597199\n|switch|p2a: Enamorus|Enamorus, F|100\/100\n|turn|18\n|\n|t:|1700597203\n|switch|p1a: Slowking|Slowking-Galar, F|100\/100\n|move|p2a: Enamorus|Earth Power|p1a: Slowking\n|-supereffective|p1a: Slowking\n|-damage|p1a: Slowking|41\/100\n|\n|upkeep\n|turn|19\n|\n|t:|1700597209\n|switch|p2a: Zamazenta|Zamazenta|100\/100\n|switch|p1a: Thundurus|Thundurus-Therian, M|87\/100\n|\n|upkeep\n|turn|20\n|\n|t:|1700597217\n|-terastallize|p1a: Thundurus|Flying\n|move|p2a: Zamazenta|Stone Edge|p1a: Thundurus|[miss]\n|-miss|p2a: Zamazenta|p1a: Thundurus\n|move|p1a: Thundurus|Tera Blast|p2a: Zamazenta|[anim] Tera Blast Flying\n|-supereffective|p2a: Zamazenta\n|-damage|p2a: Zamazenta|0 fnt\n|faint|p2a: Zamazenta\n|\n|upkeep\n|\n|t:|1700597221\n|switch|p2a: Enamorus|Enamorus, F|100\/100\n|turn|21\n|\n|t:|1700597224\n|move|p2a: Enamorus|Moonblast|p1a: Thundurus\n|-damage|p1a: Thundurus|0 fnt\n|faint|p1a: Thundurus\n|\n|upkeep\n|\n|t:|1700597234\n|switch|p1a: Slowking|Slowking-Galar, F|75\/100\n|turn|22\n|\n|t:|1700597244\n|switch|p2a: Gholdengo|Gholdengo|94\/100\n|move|p1a: Slowking|Future Sight|p2a: Gholdengo\n|-start|p1a: Slowking|move: Future Sight\n|\n|upkeep\n|turn|23\n|\n|t:|1700597259\n|move|p2a: Gholdengo|Shadow Ball|p1a: Slowking\n|-supereffective|p1a: Slowking\n|-damage|p1a: Slowking|21\/100\n|-unboost|p1a: Slowking|spd|1\n|move|p1a: Slowking|Chilly Reception|p1a: Slowking\n|-weather|Snow\n|\n|t:|1700597270\n|switch|p1a: Kingambit|Kingambit, F|100\/100|[from] Chilly Reception\n|-damage|p1a: Kingambit|84\/100|[from] Spikes\n|-activate|p1a: Kingambit|ability: Supreme Overlord\n|-start|p1a: Kingambit|fallen2|[silent]\n|\n|-weather|Snow|[upkeep]\n|-heal|p1a: Kingambit|90\/100|[from] item: Leftovers\n|upkeep\n|turn|24\n|\n|t:|1700597281\n|switch|p2a: Great Tusk|Great Tusk|58\/100\n|move|p1a: Kingambit|Kowtow Cleave|p2a: Great Tusk\n|-resisted|p2a: Great Tusk\n|-damage|p2a: Great Tusk|36\/100\n|\n|-weather|Snow|[upkeep]\n|-end|p2a: Great Tusk|move: Future Sight\n|-supereffective|p2a: Great Tusk\n|-damage|p2a: Great Tusk|0 fnt\n|faint|p2a: Great Tusk\n|-end|p2a: Great Tusk|Protosynthesis|[silent]\n|-heal|p1a: Kingambit|96\/100|[from] item: Leftovers\n|upkeep\n|\n|t:|1700597283\n|switch|p2a: Enamorus|Enamorus, F|100\/100\n|turn|25\n|\n|t:|1700597291\n|-end|p1a: Kingambit|fallen2|[silent]\n|switch|p1a: Alomomola|Alomomola, F|100\/100\n|-damage|p1a: Alomomola|84\/100|[from] Spikes\n|move|p2a: Enamorus|Earth Power|p1a: Alomomola\n|-damage|p1a: Alomomola|37\/100\n|\n|-weather|Snow|[upkeep]\n|upkeep\n|turn|26\n|\n|t:|1700597298\n|move|p2a: Enamorus|Earth Power|p1a: Alomomola\n|-damage|p1a: Alomomola|0 fnt\n|faint|p1a: Alomomola\n|\n|-weather|Snow|[upkeep]\n|upkeep\n|\n|t:|1700597311\n|switch|p1a: Cinderace|Cinderace, F|100\/100\n|turn|27\n|\n|t:|1700597320\n|switch|p2a: Gholdengo|Gholdengo|94\/100\n|move|p1a: Cinderace|Pyro Ball|p2a: Gholdengo\n|-supereffective|p2a: Gholdengo\n|-damage|p2a: Gholdengo|0 fnt\n|faint|p2a: Gholdengo\n|\n|-weather|none\n|upkeep\n|\n|t:|1700597323\n|switch|p2a: Zapdos|Zapdos|77\/100\n|turn|28\n|\n|t:|1700597333\n|move|p1a: Cinderace|Pyro Ball|p2a: Zapdos\n|-damage|p2a: Zapdos|19\/100\n|-status|p2a: Zapdos|brn\n|move|p2a: Zapdos|Thunderbolt|p1a: Cinderace\n|-damage|p1a: Cinderace|32\/100\n|\n|-damage|p2a: Zapdos|13\/100 brn|[from] brn\n|upkeep\n|turn|29\n|\n|t:|1700597343\n|move|p1a: Cinderace|Pyro Ball|p2a: Zapdos\n|-damage|p2a: Zapdos|0 fnt\n|faint|p2a: Zapdos\n|\n|upkeep\n|\n|t:|1700597345\n|switch|p2a: Enamorus|Enamorus, F|100\/100\n|turn|30\n|\n|t:|1700597347\n|move|p1a: Cinderace|Pyro Ball|p2a: Enamorus\n|-damage|p2a: Enamorus|5\/100\n|-status|p2a: Enamorus|brn\n|move|p2a: Enamorus|Earth Power|p1a: Cinderace\n|-supereffective|p1a: Cinderace\n|-damage|p1a: Cinderace|0 fnt\n|faint|p1a: Cinderace\n|\n|-damage|p2a: Enamorus|0 fnt|[from] brn\n|faint|p2a: Enamorus\n|\n|win|V1xen_120\n|upkeep\n|raw|V1xen_120's rating: 1437 &rarr; <strong>1460<\/strong><br \/>(+23 for winning)\n|raw|GabiruDelicia's rating: 1494 &rarr; <strong>1471<\/strong><br \/>(-23 for losing)\n|l|\u2606V1xen_120\n","uploadtime":1700597355,"views":7,"p1id":"v1xen120","p2id":"gabirudelicia","formatid":"gen9ou","rating":1460,"private":0,"password":""}