{"id":"gen9ou-1993842947","p1":"lavatwocan","p2":"bruc3wi11is","format":"[Gen 9] OU","log":"|j|\u2606lavatwocan\n|j|\u2606bruc3wi11is\n|t:|1700364163\n|gametype|singles\n|player|p1|lavatwocan|dawn|1281\n|player|p2|bruc3wi11is|102|1213\n|teamsize|p1|6\n|teamsize|p2|6\n|gen|9\n|tier|[Gen 9] OU\n|rated|\n|rule|Sleep Clause Mod: Limit one foe put to sleep\n|rule|Species Clause: Limit one of each Pok\u00e9mon\n|rule|OHKO Clause: OHKO moves are banned\n|rule|Evasion Items Clause: Evasion items are banned\n|rule|Evasion Moves Clause: Evasion moves are banned\n|rule|Endless Battle Clause: Forcing endless battles is banned\n|rule|HP Percentage Mod: HP is shown in percentages\n|clearpoke\n|poke|p1|Pelipper, M|\n|poke|p1|Barraskewda, F|\n|poke|p1|Zapdos|\n|poke|p1|Manaphy|\n|poke|p1|Great Tusk|\n|poke|p1|Kingambit, M|\n|poke|p2|Kingambit, M|\n|poke|p2|Iron Valiant|\n|poke|p2|Thundurus-Therian, M|\n|poke|p2|Sneasler, F|\n|poke|p2|Goodra-Hisui, M|\n|poke|p2|Great Tusk|\n|teampreview\n|inactive|Battle timer is ON: inactive players will automatically lose when time's up. (requested by bruc3wi11is)\n|\n|t:|1700364169\n|start\n|switch|p1a: Toilet Bird|Pelipper, M, shiny|100\/100\n|switch|p2a: Thundurus|Thundurus-Therian, M|100\/100\n|-weather|RainDance|[from] ability: Drizzle|[of] p1a: Toilet Bird\n|turn|1\n|\n|t:|1700364176\n|switch|p1a: Republican|Great Tusk|100\/100\n|-enditem|p1a: Republican|Booster Energy\n|-activate|p1a: Republican|ability: Protosynthesis|[fromitem]\n|-start|p1a: Republican|protosynthesisspe\n|move|p2a: Thundurus|Nasty Plot|p2a: Thundurus\n|-boost|p2a: Thundurus|spa|2\n|\n|-weather|RainDance|[upkeep]\n|upkeep\n|turn|2\n|\n|t:|1700364189\n|move|p1a: Republican|Ice Spinner|p2a: Thundurus\n|-supereffective|p2a: Thundurus\n|-damage|p2a: Thundurus|34\/100\n|move|p2a: Thundurus|Grass Knot|p1a: Republican\n|-supereffective|p1a: Republican\n|-damage|p1a: Republican|0 fnt\n|faint|p1a: Republican\n|-end|p1a: Republican|Protosynthesis|[silent]\n|\n|-weather|RainDance|[upkeep]\n|upkeep\n|\n|t:|1700364198\n|switch|p1a: Fast and Fishious|Barraskewda, F|100\/100\n|turn|3\n|\n|t:|1700364201\n|move|p1a: Fast and Fishious|Liquidation|p2a: Thundurus\n|-damage|p2a: Thundurus|0 fnt\n|faint|p2a: Thundurus\n|\n|-weather|RainDance|[upkeep]\n|upkeep\n|\n|t:|1700364205\n|switch|p2a: Great Tusk|Great Tusk|100\/100\n|turn|4\n|\n|t:|1700364211\n|move|p1a: Fast and Fishious|Liquidation|p2a: Great Tusk\n|-supereffective|p2a: Great Tusk\n|-damage|p2a: Great Tusk|0 fnt\n|-damage|p1a: Fast and Fishious|84\/100|[from] item: Rocky Helmet|[of] p2a: Great Tusk\n|faint|p2a: Great Tusk\n|-end|p2a: Great Tusk|Protosynthesis|[silent]\n|\n|-weather|RainDance|[upkeep]\n|upkeep\n|\n|t:|1700364218\n|switch|p2a: Kingambit|Kingambit, M|100\/100\n|-activate|p2a: Kingambit|ability: Supreme Overlord\n|-start|p2a: Kingambit|fallen2|[silent]\n|turn|5\n|\n|t:|1700364223\n|move|p1a: Fast and Fishious|Liquidation|p2a: Kingambit\n|-damage|p2a: Kingambit|5\/100\n|-unboost|p2a: Kingambit|def|1\n|move|p2a: Kingambit|Kowtow Cleave|p1a: Fast and Fishious\n|-damage|p1a: Fast and Fishious|0 fnt\n|faint|p1a: Fast and Fishious\n|\n|-weather|RainDance|[upkeep]\n|upkeep\n|\n|t:|1700364232\n|switch|p1a: KFC|Zapdos|100\/100\n|turn|6\n|\n|t:|1700364240\n|move|p2a: Kingambit|Sucker Punch|p1a: KFC\n|-damage|p1a: KFC|25\/100\n|move|p1a: KFC|Thunderbolt|p2a: Kingambit\n|-damage|p2a: Kingambit|0 fnt\n|faint|p2a: Kingambit\n|-end|p2a: Kingambit|fallen2|[silent]\n|\n|-weather|RainDance|[upkeep]\n|upkeep\n|\n|t:|1700364246\n|switch|p2a: Iron Valiant|Iron Valiant|100\/100\n|-enditem|p2a: Iron Valiant|Booster Energy\n|-activate|p2a: Iron Valiant|ability: Quark Drive|[fromitem]\n|-start|p2a: Iron Valiant|quarkdrivespe\n|turn|7\n|\n|t:|1700364255\n|-terastallize|p2a: Iron Valiant|Steel\n|move|p2a: Iron Valiant|Swords Dance|p2a: Iron Valiant\n|-boost|p2a: Iron Valiant|atk|2\n|move|p1a: KFC|Hurricane|p2a: Iron Valiant\n|-resisted|p2a: Iron Valiant\n|-damage|p2a: Iron Valiant|48\/100\n|-start|p2a: Iron Valiant|confusion\n|\n|-weather|RainDance|[upkeep]\n|upkeep\n|turn|8\n|\n|t:|1700364266\n|-activate|p2a: Iron Valiant|confusion\n|move|p2a: Iron Valiant|Spirit Break|p1a: KFC\n|-damage|p1a: KFC|0 fnt\n|-status|p2a: Iron Valiant|par|[from] ability: Static|[of] p1a: KFC\n|faint|p1a: KFC\n|\n|-weather|none\n|upkeep\n|\n|t:|1700364272\n|switch|p1a: Toilet Bird|Pelipper, M, shiny|100\/100\n|-weather|RainDance|[from] ability: Drizzle|[of] p1a: Toilet Bird\n|turn|9\n|\n|t:|1700364277\n|-end|p2a: Iron Valiant|confusion\n|move|p2a: Iron Valiant|Spirit Break|p1a: Toilet Bird\n|-crit|p1a: Toilet Bird\n|-damage|p1a: Toilet Bird|9\/100\n|-unboost|p1a: Toilet Bird|spa|1\n|move|p1a: Toilet Bird|Surf|p2a: Iron Valiant\n|-damage|p2a: Iron Valiant|0 fnt\n|faint|p2a: Iron Valiant\n|-end|p2a: Iron Valiant|Quark Drive|[silent]\n|\n|-weather|RainDance|[upkeep]\n|upkeep\n|\n|t:|1700364288\n|switch|p2a: Sneasler|Sneasler, F|100\/100\n|-item|p2a: Sneasler|Air Balloon\n|turn|10\n|\n|t:|1700364293\n|move|p2a: Sneasler|Dire Claw|p1a: Toilet Bird\n|-crit|p1a: Toilet Bird\n|-damage|p1a: Toilet Bird|0 fnt\n|faint|p1a: Toilet Bird\n|\n|-weather|RainDance|[upkeep]\n|upkeep\n|\n|t:|1700364298\n|switch|p1a: Silly Goober|Manaphy|100\/100\n|turn|11\n|\n|t:|1700364302\n|move|p2a: Sneasler|Dire Claw|p1a: Silly Goober\n|-damage|p1a: Silly Goober|57\/100\n|-status|p1a: Silly Goober|slp\n|cant|p1a: Silly Goober|slp\n|\n|-weather|RainDance|[upkeep]\n|-activate|p1a: Silly Goober|ability: Hydration\n|-curestatus|p1a: Silly Goober|slp|[msg]\n|-heal|p1a: Silly Goober|63\/100|[from] item: Leftovers\n|upkeep\n|turn|12\n|\n|t:|1700364313\n|move|p2a: Sneasler|Dire Claw|p1a: Silly Goober\n|-damage|p1a: Silly Goober|21\/100\n|move|p1a: Silly Goober|Tail Glow|p1a: Silly Goober\n|-boost|p1a: Silly Goober|spa|3\n|\n|-weather|RainDance|[upkeep]\n|-heal|p1a: Silly Goober|27\/100|[from] item: Leftovers\n|upkeep\n|turn|13\n|\n|t:|1700364324\n|switch|p1a: OUBL|Kingambit, M|100\/100\n|-activate|p1a: OUBL|ability: Supreme Overlord\n|-start|p1a: OUBL|fallen4|[silent]\n|move|p2a: Sneasler|Dire Claw|p1a: OUBL\n|-immune|p1a: OUBL\n|\n|-weather|RainDance|[upkeep]\n|upkeep\n|turn|14\n|\n|t:|1700364335\n|-terastallize|p1a: OUBL|Fairy\n|move|p2a: Sneasler|Close Combat|p1a: OUBL\n|-resisted|p1a: OUBL\n|-damage|p1a: OUBL|76\/100\n|-unboost|p2a: Sneasler|def|1\n|-unboost|p2a: Sneasler|spd|1\n|move|p1a: OUBL|Iron Head|p2a: Sneasler\n|-damage|p2a: Sneasler|0 fnt\n|-enditem|p2a: Sneasler|Air Balloon\n|faint|p2a: Sneasler\n|\n|-weather|RainDance|[upkeep]\n|-heal|p1a: OUBL|83\/100|[from] item: Leftovers\n|upkeep\n|\n|t:|1700364338\n|switch|p2a: Goodra|Goodra-Hisui, M|100\/100\n|turn|15\n|\n|t:|1700364354\n|move|p2a: Goodra|Flash Cannon|p1a: OUBL\n|-supereffective|p1a: OUBL\n|-damage|p1a: OUBL|24\/100\n|move|p1a: OUBL|Kowtow Cleave|p2a: Goodra\n|-damage|p2a: Goodra|53\/100\n|\n|-weather|RainDance|[upkeep]\n|-heal|p2a: Goodra|59\/100|[from] item: Leftovers\n|-heal|p1a: OUBL|30\/100|[from] item: Leftovers\n|upkeep\n|turn|16\n|\n|t:|1700364362\n|move|p1a: OUBL|Sucker Punch|p2a: Goodra\n|-damage|p2a: Goodra|16\/100\n|move|p2a: Goodra|Flash Cannon|p1a: OUBL\n|-supereffective|p1a: OUBL\n|-damage|p1a: OUBL|0 fnt\n|faint|p1a: OUBL\n|-end|p1a: OUBL|fallen4|[silent]\n|\n|-weather|none\n|-heal|p2a: Goodra|22\/100|[from] item: Leftovers\n|upkeep\n|\n|t:|1700364370\n|switch|p1a: Silly Goober|Manaphy|27\/100\n|turn|17\n|\n|t:|1700364375\n|move|p1a: Silly Goober|Surf|p2a: Goodra\n|-resisted|p2a: Goodra\n|-damage|p2a: Goodra|11\/100\n|move|p2a: Goodra|Draco Meteor|p1a: Silly Goober\n|-damage|p1a: Silly Goober|0 fnt\n|-unboost|p2a: Goodra|spa|2\n|faint|p1a: Silly Goober\n|\n|win|bruc3wi11is\n|raw|lavatwocan's rating: 1281 &rarr; <strong>1251<\/strong><br \/>(-30 for losing)\n|raw|bruc3wi11is's rating: 1213 &rarr; <strong>1243<\/strong><br \/>(+30 for winning)\n|l|\u2606lavatwocan\n","uploadtime":1700364390,"views":15,"p1id":"lavatwocan","p2id":"bruc3wi11is","formatid":"gen9ou","rating":1243,"private":0,"password":""}