{"id":"gen9ou-1994026240","p1":"ashlebebela","p2":"FromRussiaWithLove","format":"[Gen 9] OU","log":"|j|\u2606ashlebebela\n|j|\u2606FromRussiaWithLove\n|t:|1700395906\n|gametype|singles\n|player|p1|ashlebebela|265|1118\n|player|p2|FromRussiaWithLove|swimmerf|1049\n|teamsize|p1|6\n|teamsize|p2|6\n|gen|9\n|tier|[Gen 9] OU\n|rated|\n|rule|Sleep Clause Mod: Limit one foe put to sleep\n|rule|Species Clause: Limit one of each Pok\u00e9mon\n|rule|OHKO Clause: OHKO moves are banned\n|rule|Evasion Items Clause: Evasion items are banned\n|rule|Evasion Moves Clause: Evasion moves are banned\n|rule|Endless Battle Clause: Forcing endless battles is banned\n|rule|HP Percentage Mod: HP is shown in percentages\n|clearpoke\n|poke|p1|Enamorus, F|\n|poke|p1|Dragapult, F|\n|poke|p1|Iron Valiant|\n|poke|p1|Gholdengo|\n|poke|p1|Iron Treads|\n|poke|p1|Dragonite, M|\n|poke|p2|Tinkaton, F|\n|poke|p2|Sneasler, M|\n|poke|p2|Grimmsnarl, M|\n|poke|p2|Lilligant-Hisui, F|\n|poke|p2|Vivillon-Pokeball, M|\n|poke|p2|Arcanine-Hisui, M|\n|teampreview\n|inactive|Battle timer is ON: inactive players will automatically lose when time's up. (requested by FromRussiaWithLove)\n|inactive|ashlebebela also wants the timer to be on.\n|\n|t:|1700395914\n|start\n|switch|p1a: Iron Treads|Iron Treads|100\/100\n|switch|p2a: BUTTERFLY|Vivillon-Pokeball, M|100\/100\n|-enditem|p1a: Iron Treads|Booster Energy\n|-activate|p1a: Iron Treads|ability: Quark Drive|[fromitem]\n|-start|p1a: Iron Treads|quarkdrivespe\n|turn|1\n|\n|t:|1700395930\n|move|p1a: Iron Treads|Knock Off|p2a: BUTTERFLY\n|-damage|p2a: BUTTERFLY|48\/100\n|-enditem|p2a: BUTTERFLY|Wide Lens|[from] move: Knock Off|[of] p1a: Iron Treads\n|move|p2a: BUTTERFLY|Sleep Powder|p1a: Iron Treads\n|-status|p1a: Iron Treads|slp|[from] move: Sleep Powder\n|\n|upkeep\n|turn|2\n|\n|t:|1700395941\n|-end|p1a: Iron Treads|Quark Drive|[silent]\n|switch|p1a: Dragonite|Dragonite, M|100\/100\n|move|p2a: BUTTERFLY|Quiver Dance|p2a: BUTTERFLY\n|-boost|p2a: BUTTERFLY|spa|1\n|-boost|p2a: BUTTERFLY|spd|1\n|-boost|p2a: BUTTERFLY|spe|1\n|\n|upkeep\n|turn|3\n|\n|t:|1700395950\n|-terastallize|p2a: BUTTERFLY|Ghost\n|move|p1a: Dragonite|Extreme Speed|p2a: BUTTERFLY\n|-immune|p2a: BUTTERFLY\n|move|p2a: BUTTERFLY|Hurricane|p1a: Dragonite\n|-damage|p1a: Dragonite|60\/100\n|-start|p1a: Dragonite|confusion\n|\n|upkeep\n|turn|4\n|\n|t:|1700395959\n|move|p2a: BUTTERFLY|Hurricane|p1a: Dragonite\n|-damage|p1a: Dragonite|0 fnt\n|faint|p1a: Dragonite\n|\n|upkeep\n|\n|t:|1700395972\n|switch|p1a: Iron Valiant|Iron Valiant|100\/100\n|-enditem|p1a: Iron Valiant|Booster Energy\n|-activate|p1a: Iron Valiant|ability: Quark Drive|[fromitem]\n|-start|p1a: Iron Valiant|quarkdrivespe\n|turn|5\n|\n|t:|1700395983\n|move|p1a: Iron Valiant|Calm Mind|p1a: Iron Valiant\n|-boost|p1a: Iron Valiant|spa|1\n|-boost|p1a: Iron Valiant|spd|1\n|move|p2a: BUTTERFLY|Hurricane|p1a: Iron Valiant\n|-supereffective|p1a: Iron Valiant\n|-damage|p1a: Iron Valiant|0 fnt\n|faint|p1a: Iron Valiant\n|-end|p1a: Iron Valiant|Quark Drive|[silent]\n|\n|upkeep\n|\n|t:|1700395996\n|switch|p1a: Enamorus|Enamorus, F|100\/100\n|turn|6\n|\n|t:|1700396002\n|move|p2a: BUTTERFLY|Hurricane|p1a: Enamorus\n|-damage|p1a: Enamorus|5\/100\n|move|p1a: Enamorus|Moonblast|p2a: BUTTERFLY\n|-damage|p2a: BUTTERFLY|0 fnt\n|faint|p2a: BUTTERFLY\n|\n|-heal|p1a: Enamorus|11\/100|[from] item: Leftovers\n|upkeep\n|\n|t:|1700396011\n|switch|p2a: SLASHER|Sneasler, M|100\/100\n|turn|7\n|\n|t:|1700396020\n|move|p2a: SLASHER|Quick Attack|p1a: Enamorus\n|-damage|p1a: Enamorus|0 fnt\n|faint|p1a: Enamorus\n|\n|upkeep\n|\n|t:|1700396025\n|switch|p1a: Dragapult|Dragapult, F|100\/100\n|turn|8\n|\n|t:|1700396030\n|move|p2a: SLASHER|Endure|p2a: SLASHER\n|-singleturn|p2a: SLASHER|move: Endure\n|move|p1a: Dragapult|Dragon Dance|p1a: Dragapult\n|-boost|p1a: Dragapult|atk|1\n|-boost|p1a: Dragapult|spe|1\n|\n|upkeep\n|turn|9\n|\n|t:|1700396040\n|switch|p2a: GNARLY|Grimmsnarl, M, shiny|100\/100\n|move|p1a: Dragapult|Dragon Darts|p2a: GNARLY\n|-immune|p2a: GNARLY\n|\n|upkeep\n|turn|10\n|\n|t:|1700396045\n|-terastallize|p1a: Dragapult|Fire\n|move|p2a: GNARLY|Reflect|p2a: GNARLY\n|-sidestart|p2: FromRussiaWithLove|Reflect\n|move|p1a: Dragapult|Tera Blast|p2a: GNARLY|[anim] Tera Blast Fire\n|-damage|p2a: GNARLY|35\/100\n|\n|upkeep\n|turn|11\n|\n|t:|1700396055\n|move|p2a: GNARLY|Parting Shot|p1a: Dragapult\n|-unboost|p1a: Dragapult|atk|1\n|-unboost|p1a: Dragapult|spa|1\n|\n|t:|1700396061\n|switch|p2a: DOGGY|Arcanine-Hisui, M|100\/100|[from] Parting Shot\n|move|p1a: Dragapult|Tera Blast|p2a: DOGGY|[anim] Tera Blast Fire\n|-resisted|p2a: DOGGY\n|-damage|p2a: DOGGY|88\/100\n|\n|upkeep\n|turn|12\n|\n|t:|1700396072\n|switch|p1a: Iron Treads|Iron Treads|100\/100 slp\n|move|p2a: DOGGY|Head Smash|p1a: Iron Treads\n|-resisted|p1a: Iron Treads\n|-damage|p1a: Iron Treads|80\/100 slp\n|\n|upkeep\n|turn|13\n|\n|t:|1700396086\n|switch|p2a: ELEGANT|Lilligant-Hisui, F|100\/100\n|cant|p1a: Iron Treads|slp\n|\n|upkeep\n|turn|14\n|\n|t:|1700396095\n|-end|p1a: Iron Treads|Quark Drive|[silent]\n|switch|p1a: Dragapult|Dragapult, F, tera:Fire|100\/100\n|move|p2a: ELEGANT|Victory Dance|p2a: ELEGANT\n|-boost|p2a: ELEGANT|atk|1\n|-boost|p2a: ELEGANT|def|1\n|-boost|p2a: ELEGANT|spe|1\n|\n|upkeep\n|turn|15\n|\n|t:|1700396104\n|move|p2a: ELEGANT|Close Combat|p1a: Dragapult\n|-enditem|p1a: Dragapult|Focus Sash\n|-damage|p1a: Dragapult|1\/100\n|-unboost|p2a: ELEGANT|def|1\n|-unboost|p2a: ELEGANT|spd|1\n|move|p1a: Dragapult|Dragon Dance|p1a: Dragapult\n|-boost|p1a: Dragapult|atk|1\n|-boost|p1a: Dragapult|spe|1\n|\n|upkeep\n|turn|16\n|\n|t:|1700396113\n|move|p1a: Dragapult|Tera Blast|p2a: ELEGANT|[anim] Tera Blast Fire\n|-supereffective|p2a: ELEGANT\n|-damage|p2a: ELEGANT|0 fnt\n|faint|p2a: ELEGANT\n|\n|upkeep\n|\n|t:|1700396116\n|switch|p2a: SLASHER|Sneasler, M|100\/100\n|turn|17\n|\n|t:|1700396123\n|switch|p1a: Gholdengo|Gholdengo|100\/100\n|-item|p1a: Gholdengo|Air Balloon\n|move|p2a: SLASHER|Quick Attack|p1a: Gholdengo\n|-immune|p1a: Gholdengo\n|\n|-sideend|p2: FromRussiaWithLove|Reflect\n|upkeep\n|turn|18\n|\n|t:|1700396134\n|switch|p2a: GNARLY|Grimmsnarl, M, shiny|35\/100\n|move|p1a: Gholdengo|Psyshock|p2a: GNARLY\n|-immune|p2a: GNARLY\n|\n|upkeep\n|turn|19\n|\n|t:|1700396143\n|move|p2a: GNARLY|Light Screen|p2a: GNARLY\n|-sidestart|p2: FromRussiaWithLove|move: Light Screen\n|move|p1a: Gholdengo|Make It Rain|p2a: GNARLY\n|-supereffective|p2a: GNARLY\n|-damage|p2a: GNARLY|0 fnt\n|-unboost|p1a: Gholdengo|spa|1\n|faint|p2a: GNARLY\n|\n|upkeep\n|\n|t:|1700396150\n|switch|p2a: DOGGY|Arcanine-Hisui, M|88\/100\n|turn|20\n|\n|t:|1700396155\n|switch|p1a: Iron Treads|Iron Treads|80\/100 slp\n|move|p2a: DOGGY|Flare Blitz|p1a: Iron Treads\n|-supereffective|p1a: Iron Treads\n|-damage|p1a: Iron Treads|0 fnt\n|faint|p1a: Iron Treads\n|-end|p1a: Iron Treads|Quark Drive|[silent]\n|\n|upkeep\n|\n|t:|1700396163\n|switch|p1a: Dragapult|Dragapult, F, tera:Fire|1\/100\n|turn|21\n|\n|t:|1700396171\n|move|p1a: Dragapult|Phantom Force||[still]\n|-prepare|p1a: Dragapult|Phantom Force\n|move|p2a: DOGGY|Flare Blitz|p1a: Dragapult|[miss]\n|-miss|p2a: DOGGY|p1a: Dragapult\n|\n|upkeep\n|turn|22\n|\n|t:|1700396177\n|move|p1a: Dragapult|Phantom Force|p2a: DOGGY|[from]lockedmove\n|-damage|p2a: DOGGY|29\/100\n|move|p2a: DOGGY|Flare Blitz|p1a: Dragapult\n|-resisted|p1a: Dragapult\n|-damage|p1a: Dragapult|0 fnt\n|faint|p1a: Dragapult\n|\n|upkeep\n|\n|t:|1700396185\n|switch|p1a: Gholdengo|Gholdengo|100\/100\n|-item|p1a: Gholdengo|Air Balloon\n|turn|23\n|\n|t:|1700396193\n|move|p2a: DOGGY|Flare Blitz|p1a: Gholdengo\n|-supereffective|p1a: Gholdengo\n|-damage|p1a: Gholdengo|0 fnt\n|-enditem|p1a: Gholdengo|Air Balloon\n|faint|p1a: Gholdengo\n|\n|win|FromRussiaWithLove\n|raw|ashlebebela's rating: 1118 &rarr; <strong>1088<\/strong><br \/>(-30 for losing)\n|raw|FromRussiaWithLove's rating: 1049 &rarr; <strong>1088<\/strong><br \/>(+39 for winning)\n|l|\u2606ashlebebela\n","uploadtime":1700396199,"views":6,"p1id":"ashlebebela","p2id":"fromrussiawithlove","formatid":"gen9ou","rating":1088,"private":0,"password":""}