{"id":"gen9ou-1999888352","p1":"utsudere","p2":"YinGsJ","format":"[Gen 9] OU","log":"|j|\u2606utsudere\n|j|\u2606YinGsJ\n|t:|1701126603\n|gametype|singles\n|player|p1|utsudere|acerola|1002\n|player|p2|YinGsJ|red-masters|1078\n|teamsize|p1|6\n|teamsize|p2|6\n|gen|9\n|tier|[Gen 9] OU\n|rated|\n|rule|Sleep Clause Mod: Limit one foe put to sleep\n|rule|Species Clause: Limit one of each Pok\u00e9mon\n|rule|OHKO Clause: OHKO moves are banned\n|rule|Evasion Items Clause: Evasion items are banned\n|rule|Evasion Moves Clause: Evasion moves are banned\n|rule|Endless Battle Clause: Forcing endless battles is banned\n|rule|HP Percentage Mod: HP is shown in percentages\n|clearpoke\n|poke|p1|Mimikyu, F|\n|poke|p1|Rotom-Heat|\n|poke|p1|Maushold|\n|poke|p1|Ribombee, M|\n|poke|p1|Ting-Lu|\n|poke|p1|Dragapult, F|\n|poke|p2|Torkoal, M|\n|poke|p2|Walking Wake|\n|poke|p2|Gholdengo|\n|poke|p2|Lilligant-Hisui, F|\n|poke|p2|Umbreon, M|\n|poke|p2|Scream Tail|\n|teampreview\n|inactive|Battle timer is ON: inactive players will automatically lose when time's up. (requested by utsudere)\n|inactive|YinGsJ has 120 seconds left.\n|\n|t:|1701126657\n|start\n|switch|p1a: Maushold|Maushold|100\/100\n|switch|p2a: Torkoal|Torkoal, M|100\/100\n|-weather|SunnyDay|[from] ability: Drought|[of] p2a: Torkoal\n|turn|1\n|\n|t:|1701126685\n|move|p1a: Maushold|Population Bomb|p2a: Torkoal\n|-damage|p2a: Torkoal|94\/100\n|-damage|p2a: Torkoal|87\/100\n|-damage|p2a: Torkoal|81\/100\n|-damage|p2a: Torkoal|75\/100\n|-damage|p2a: Torkoal|68\/100\n|-damage|p2a: Torkoal|62\/100\n|-damage|p2a: Torkoal|56\/100\n|-damage|p2a: Torkoal|49\/100\n|-damage|p2a: Torkoal|43\/100\n|-damage|p2a: Torkoal|36\/100\n|-hitcount|p2a: Torkoal|10\n|move|p2a: Torkoal|Stealth Rock|p1a: Maushold\n|-sidestart|p1: utsudere|move: Stealth Rock\n|\n|-weather|SunnyDay|[upkeep]\n|upkeep\n|turn|2\n|inactive|utsudere has 120 seconds left.\n|\n|t:|1701126710\n|switch|p2a: Umbreon|Umbreon, M, shiny|100\/100\n|move|p1a: Maushold|Tidy Up|p1a: Maushold\n|-sideend|p1: utsudere|Stealth Rock\n|-activate|p1a: Maushold|move: Tidy Up\n|-boost|p1a: Maushold|atk|1\n|-boost|p1a: Maushold|spe|1\n|\n|-weather|SunnyDay|[upkeep]\n|upkeep\n|turn|3\n|inactive|utsudere has 120 seconds left.\n|\n|t:|1701126731\n|move|p1a: Maushold|Population Bomb|p2a: Umbreon\n|-damage|p2a: Umbreon|90\/100\n|-damage|p2a: Umbreon|80\/100\n|-damage|p2a: Umbreon|70\/100\n|-damage|p2a: Umbreon|59\/100\n|-damage|p2a: Umbreon|48\/100\n|-damage|p2a: Umbreon|37\/100\n|-damage|p2a: Umbreon|27\/100\n|-damage|p2a: Umbreon|16\/100\n|-damage|p2a: Umbreon|5\/100\n|-damage|p2a: Umbreon|0 fnt\n|faint|p2a: Umbreon\n|-hitcount|p2: Umbreon|10\n|\n|-weather|SunnyDay|[upkeep]\n|upkeep\n|\n|t:|1701126738\n|switch|p2a: Scream Tail|Scream Tail|100\/100\n|-activate|p2a: Scream Tail|ability: Protosynthesis\n|-start|p2a: Scream Tail|protosynthesisspe\n|turn|4\n|inactive|utsudere has 120 seconds left.\n|\n|t:|1701126763\n|move|p2a: Scream Tail|Reflect|p2a: Scream Tail\n|-sidestart|p2: YinGsJ|Reflect\n|move|p1a: Maushold|Population Bomb|p2a: Scream Tail\n|-damage|p2a: Scream Tail|94\/100\n|-damage|p2a: Scream Tail|87\/100\n|-damage|p2a: Scream Tail|81\/100\n|-hitcount|p2a: Scream Tail|3\n|\n|-weather|SunnyDay|[upkeep]\n|upkeep\n|turn|5\n|\n|t:|1701126783\n|switch|p1a: Ribombee|Ribombee, M|100\/100\n|move|p2a: Scream Tail|Thunder Wave|p1a: Ribombee\n|-status|p1a: Ribombee|par\n|\n|-weather|SunnyDay|[upkeep]\n|upkeep\n|turn|6\n|\n|t:|1701126804\n|-end|p2a: Scream Tail|Protosynthesis|[silent]\n|switch|p2a: Torkoal|Torkoal, M|36\/100\n|move|p1a: Ribombee|Sticky Web|p2a: Torkoal\n|-sidestart|p2: YinGsJ|move: Sticky Web\n|\n|-weather|SunnyDay|[upkeep]\n|upkeep\n|turn|7\n|inactive|utsudere has 90 seconds left.\n|\n|t:|1701126834\n|cant|p1a: Ribombee|par\n|move|p2a: Torkoal|Rapid Spin|p1a: Ribombee\n|-damage|p1a: Ribombee|84\/100 par\n|-boost|p2a: Torkoal|spe|1\n|-sideend|p2: YinGsJ|Sticky Web|[from] move: Rapid Spin|[of] p2a: Torkoal\n|\n|-weather|SunnyDay|[upkeep]\n|upkeep\n|turn|8\n|inactive|utsudere has 90 seconds left.\n|\n|t:|1701126843\n|move|p1a: Ribombee|Moonblast|p2a: Torkoal\n|-resisted|p2a: Torkoal\n|-damage|p2a: Torkoal|10\/100\n|-unboost|p2a: Torkoal|spa|1\n|move|p2a: Torkoal|Lava Plume|p1a: Ribombee\n|-supereffective|p1a: Ribombee\n|-damage|p1a: Ribombee|0 fnt\n|faint|p1a: Ribombee\n|\n|-weather|none\n|upkeep\n|inactive|utsudere has 90 seconds left.\n|\n|t:|1701126856\n|switch|p1a: Ting-Lu|Ting-Lu|100\/100\n|-ability|p1a: Ting-Lu|Vessel of Ruin\n|turn|9\n|\n|t:|1701126865\n|switch|p2a: Walking Wake|Walking Wake|100\/100\n|move|p1a: Ting-Lu|Earthquake|p2a: Walking Wake\n|-damage|p2a: Walking Wake|78\/100\n|\n|upkeep\n|turn|10\n|inactive|utsudere has 90 seconds left.\n|\n|t:|1701126880\n|switch|p1a: Dragapult|Dragapult, F|100\/100\n|move|p2a: Walking Wake|Hydro Steam|p1a: Dragapult\n|-resisted|p1a: Dragapult\n|-damage|p1a: Dragapult|68\/100\n|\n|upkeep\n|turn|11\n|\n|t:|1701126888\n|-end|p2a: Walking Wake|Protosynthesis|[silent]\n|switch|p2a: Torkoal|Torkoal, M|10\/100\n|-weather|SunnyDay|[from] ability: Drought|[of] p2a: Torkoal\n|move|p1a: Dragapult|Draco Meteor|p2a: Torkoal\n|-damage|p2a: Torkoal|0 fnt\n|-unboost|p1a: Dragapult|spa|2\n|faint|p2a: Torkoal\n|\n|-weather|SunnyDay|[upkeep]\n|-sideend|p2: YinGsJ|Reflect\n|upkeep\n|\n|t:|1701126892\n|switch|p2a: Gholdengo|Gholdengo, shiny|100\/100\n|-item|p2a: Gholdengo|Air Balloon\n|turn|12\n|inactive|utsudere has 90 seconds left.\n|\n|t:|1701126928\n|switch|p1a: Rotom|Rotom-Heat, shiny|100\/100\n|move|p2a: Gholdengo|Nasty Plot|p2a: Gholdengo\n|-boost|p2a: Gholdengo|spa|2\n|\n|-weather|SunnyDay|[upkeep]\n|upkeep\n|turn|13\n|\n|t:|1701126946\n|-terastallize|p2a: Gholdengo|Fighting\n|move|p2a: Gholdengo|Shadow Ball|p1a: Rotom\n|-damage|p1a: Rotom|35\/100\n|move|p1a: Rotom|Overheat|p2a: Gholdengo\n|-damage|p2a: Gholdengo|25\/100\n|-unboost|p1a: Rotom|spa|2\n|-enditem|p2a: Gholdengo|Air Balloon\n|\n|-weather|SunnyDay|[upkeep]\n|upkeep\n|turn|14\n|\n|t:|1701126966\n|switch|p1a: Ting-Lu|Ting-Lu|100\/100\n|-ability|p1a: Ting-Lu|Vessel of Ruin\n|move|p2a: Gholdengo|Shadow Ball|p1a: Ting-Lu\n|-resisted|p1a: Ting-Lu\n|-damage|p1a: Ting-Lu|82\/100\n|-enditem|p1a: Ting-Lu|Red Card|[of] p2a: Gholdengo\n|drag|p2a: Walking Wake|Walking Wake|78\/100\n|-activate|p2a: Walking Wake|ability: Protosynthesis\n|-start|p2a: Walking Wake|protosynthesisspa\n|\n|-weather|SunnyDay|[upkeep]\n|upkeep\n|turn|15\n|\n|t:|1701126979\n|switch|p1a: Dragapult|Dragapult, F|68\/100\n|move|p2a: Walking Wake|Hydro Steam|p1a: Dragapult\n|-resisted|p1a: Dragapult\n|-damage|p1a: Dragapult|10\/100\n|\n|-weather|SunnyDay|[upkeep]\n|upkeep\n|turn|16\n|\n|t:|1701126987\n|move|p2a: Walking Wake|Hydro Steam|p1a: Dragapult\n|-resisted|p1a: Dragapult\n|-damage|p1a: Dragapult|0 fnt\n|faint|p1a: Dragapult\n|\n|-weather|SunnyDay|[upkeep]\n|upkeep\n|\n|t:|1701126993\n|switch|p1a: Maushold|Maushold|100\/100\n|turn|17\n|\n|t:|1701126998\n|move|p2a: Walking Wake|Hydro Steam|p1a: Maushold\n|-damage|p1a: Maushold|0 fnt\n|faint|p1a: Maushold\n|\n|-weather|SunnyDay|[upkeep]\n|upkeep\n|-message|utsudere forfeited.\n|\n|win|YinGsJ\n|raw|utsudere's rating: 1002 &rarr; <strong>1000<\/strong><br \/>(-2 for losing)\n|raw|YinGsJ's rating: 1078 &rarr; <strong>1100<\/strong><br \/>(+22 for winning)\n|l|\u2606utsudere\n","uploadtime":1701127021,"views":24,"p1id":"utsudere","p2id":"yingsj","formatid":"gen9ou","rating":1000,"private":0,"password":""}