{"id":"gen9ou-1990707554","p1":"i samurai l","p2":"Sadboi29","format":"[Gen 9] OU","log":"|j|\u2606i samurai l\n|j|\u2606Sadboi29\n|t:|1699993556\n|gametype|singles\n|player|p1|i samurai l|hilbert|1371\n|player|p2|Sadboi29|266|1365\n|teamsize|p1|6\n|teamsize|p2|6\n|gen|9\n|tier|[Gen 9] OU\n|rated|\n|rule|Sleep Clause Mod: Limit one foe put to sleep\n|rule|Species Clause: Limit one of each Pok\u00e9mon\n|rule|OHKO Clause: OHKO moves are banned\n|rule|Evasion Items Clause: Evasion items are banned\n|rule|Evasion Moves Clause: Evasion moves are banned\n|rule|Endless Battle Clause: Forcing endless battles is banned\n|rule|HP Percentage Mod: HP is shown in percentages\n|clearpoke\n|poke|p1|Torkoal, F|\n|poke|p1|Iron Moth|\n|poke|p1|Walking Wake|\n|poke|p1|Kingambit, M|\n|poke|p1|Great Tusk|\n|poke|p1|Meowscarada, M|\n|poke|p2|Iron Valiant|\n|poke|p2|Landorus-Therian, M|\n|poke|p2|Heatran, F|\n|poke|p2|Ogerpon-Wellspring, F|\n|poke|p2|Slowking-Galar, M|\n|poke|p2|Cinderace, M|\n|teampreview\n|inactive|Battle timer is ON: inactive players will automatically lose when time's up. (requested by Sadboi29)\n|\n|t:|1699993569\n|start\n|switch|p1a: Pesad\u00e3o|Great Tusk|100\/100\n|switch|p2a: Ogerpon|Ogerpon-Wellspring, F|100\/100\n|turn|1\n|\n|t:|1699993575\n|move|p1a: Pesad\u00e3o|Close Combat|p2a: Ogerpon\n|-damage|p2a: Ogerpon|24\/100\n|-unboost|p1a: Pesad\u00e3o|def|1\n|-unboost|p1a: Pesad\u00e3o|spd|1\n|move|p2a: Ogerpon|Horn Leech|p1a: Pesad\u00e3o\n|-supereffective|p1a: Pesad\u00e3o\n|-damage|p1a: Pesad\u00e3o|0 fnt\n|-heal|p2a: Ogerpon|86\/100|[from] drain|[of] p1a: Pesad\u00e3o\n|faint|p1a: Pesad\u00e3o\n|-end|p1a: Pesad\u00e3o|Protosynthesis|[silent]\n|\n|upkeep\n|\n|t:|1699993582\n|switch|p1a: miiiiaaaau|Meowscarada, M, shiny|100\/100\n|turn|2\n|\n|t:|1699993586\n|switch|p2a: Slowking|Slowking-Galar, M|100\/100\n|move|p1a: miiiiaaaau|Flower Trick|p2a: Slowking\n|-start|p1a: miiiiaaaau|typechange|Grass|[from] ability: Protean\n|-resisted|p2a: Slowking\n|-crit|p2a: Slowking\n|-damage|p2a: Slowking|73\/100\n|\n|upkeep\n|turn|3\n|\n|t:|1699993589\n|switch|p1a: U GAS|Torkoal, F|100\/100\n|-weather|SunnyDay|[from] ability: Drought|[of] p1a: U GAS\n|move|p2a: Slowking|Chilly Reception|p2a: Slowking\n|-weather|Snow\n|\n|t:|1699993600\n|switch|p2a: Ogerpon|Ogerpon-Wellspring, F|86\/100|[from] Chilly Reception\n|\n|-weather|Snow|[upkeep]\n|upkeep\n|turn|4\n|\n|t:|1699993605\n|move|p2a: Ogerpon|Ivy Cudgel|p1a: U GAS|[anim] Ivy Cudgel Water\n|-supereffective|p1a: U GAS\n|-damage|p1a: U GAS|31\/100\n|move|p1a: U GAS|Yawn|p2a: Ogerpon\n|-start|p2a: Ogerpon|move: Yawn|[of] p1a: U GAS\n|\n|-weather|Snow|[upkeep]\n|upkeep\n|turn|5\n|\n|t:|1699993611\n|switch|p2a: Slowking|Slowking-Galar, M|100\/100\n|move|p1a: U GAS|Stealth Rock|p2a: Slowking\n|-sidestart|p2: Sadboi29|move: Stealth Rock\n|\n|-weather|Snow|[upkeep]\n|upkeep\n|turn|6\n|\n|t:|1699993619\n|switch|p1a: Irelia?|Iron Moth|100\/100\n|-enditem|p1a: Irelia?|Booster Energy\n|-activate|p1a: Irelia?|ability: Quark Drive|[fromitem]\n|-start|p1a: Irelia?|quarkdrivespe\n|move|p2a: Slowking|Sludge Bomb|p1a: Irelia?\n|-resisted|p1a: Irelia?\n|-damage|p1a: Irelia?|83\/100\n|\n|-weather|Snow|[upkeep]\n|upkeep\n|turn|7\n|\n|t:|1699993627\n|move|p1a: Irelia?|Fiery Dance|p2a: Slowking\n|-damage|p2a: Slowking|69\/100\n|move|p2a: Slowking|Thunder Wave|p1a: Irelia?\n|-status|p1a: Irelia?|par\n|\n|-weather|none\n|upkeep\n|turn|8\n|\n|t:|1699993634\n|move|p1a: Irelia?|Fiery Dance|p2a: Slowking\n|-damage|p2a: Slowking|36\/100\n|move|p2a: Slowking|Chilly Reception|p2a: Slowking\n|-weather|Snow\n|\n|t:|1699993637\n|switch|p2a: Heatran|Heatran, F|100\/100|[from] Chilly Reception\n|-damage|p2a: Heatran|88\/100|[from] Stealth Rock\n|-item|p2a: Heatran|Air Balloon\n|\n|-weather|Snow|[upkeep]\n|upkeep\n|turn|9\n|\n|t:|1699993644\n|-end|p1a: Irelia?|Quark Drive|[silent]\n|switch|p1a: U GAS|Torkoal, F|31\/100\n|-weather|SunnyDay|[from] ability: Drought|[of] p1a: U GAS\n|move|p2a: Heatran|Magma Storm|p1a: U GAS|[miss]\n|-miss|p2a: Heatran|p1a: U GAS\n|\n|-weather|SunnyDay|[upkeep]\n|upkeep\n|turn|10\n|\n|t:|1699993652\n|move|p2a: Heatran|Earth Power|p1a: U GAS\n|-supereffective|p1a: U GAS\n|-damage|p1a: U GAS|0 fnt\n|faint|p1a: U GAS\n|\n|-weather|SunnyDay|[upkeep]\n|upkeep\n|\n|t:|1699993657\n|switch|p1a: Ela Desfila|Walking Wake|100\/100\n|-activate|p1a: Ela Desfila|ability: Protosynthesis\n|-start|p1a: Ela Desfila|protosynthesisspe\n|turn|11\n|\n|t:|1699993661\n|switch|p2a: Cinderace|Cinderace, M|100\/100\n|move|p1a: Ela Desfila|Draco Meteor|p2a: Cinderace\n|-damage|p2a: Cinderace|0 fnt\n|-unboost|p1a: Ela Desfila|spa|2\n|faint|p2a: Cinderace\n|\n|-weather|SunnyDay|[upkeep]\n|upkeep\n|\n|t:|1699993666\n|switch|p2a: Ogerpon|Ogerpon-Wellspring, F|86\/100\n|-damage|p2a: Ogerpon|74\/100|[from] Stealth Rock\n|turn|12\n|\n|t:|1699993668\n|move|p1a: Ela Desfila|Draco Meteor|p2a: Ogerpon\n|-damage|p2a: Ogerpon|13\/100\n|-unboost|p1a: Ela Desfila|spa|2\n|move|p2a: Ogerpon|Horn Leech|p1a: Ela Desfila\n|-damage|p1a: Ela Desfila|55\/100\n|-heal|p2a: Ogerpon|39\/100|[from] drain|[of] p1a: Ela Desfila\n|\n|-weather|SunnyDay|[upkeep]\n|upkeep\n|turn|13\n|\n|t:|1699993671\n|move|p1a: Ela Desfila|Draco Meteor|p2a: Ogerpon\n|-damage|p2a: Ogerpon|2\/100\n|-unboost|p1a: Ela Desfila|spa|2\n|move|p2a: Ogerpon|Horn Leech|p1a: Ela Desfila\n|-damage|p1a: Ela Desfila|3\/100\n|-heal|p2a: Ogerpon|32\/100|[from] drain|[of] p1a: Ela Desfila\n|\n|-weather|SunnyDay|[upkeep]\n|upkeep\n|turn|14\n|\n|t:|1699993675\n|move|p1a: Ela Desfila|Draco Meteor|p2a: Ogerpon\n|-damage|p2a: Ogerpon|1\/100\n|move|p2a: Ogerpon|Knock Off|p1a: Ela Desfila\n|-damage|p1a: Ela Desfila|0 fnt\n|-enditem|p1a: Ela Desfila|Choice Specs|[from] move: Knock Off|[of] p2a: Ogerpon\n|faint|p1a: Ela Desfila\n|-end|p1a: Ela Desfila|Protosynthesis|[silent]\n|\n|-weather|SunnyDay|[upkeep]\n|upkeep\n|\n|t:|1699993681\n|switch|p1a: miiiiaaaau|Meowscarada, M, shiny|100\/100\n|turn|15\n|\n|t:|1699993687\n|move|p1a: miiiiaaaau|Knock Off|p2a: Ogerpon\n|-start|p1a: miiiiaaaau|typechange|Dark|[from] ability: Protean\n|-damage|p2a: Ogerpon|0 fnt\n|faint|p2a: Ogerpon\n|\n|-weather|SunnyDay|[upkeep]\n|upkeep\n|\n|t:|1699993692\n|switch|p2a: Heatran|Heatran, F|88\/100\n|-damage|p2a: Heatran|76\/100|[from] Stealth Rock\n|-item|p2a: Heatran|Air Balloon\n|turn|16\n|\n|t:|1699993697\n|move|p1a: miiiiaaaau|Knock Off|p2a: Heatran\n|-damage|p2a: Heatran|15\/100\n|-enditem|p2a: Heatran|Air Balloon\n|move|p2a: Heatran|Magma Storm|p1a: miiiiaaaau\n|-damage|p1a: miiiiaaaau|0 fnt\n|faint|p1a: miiiiaaaau\n|\n|-weather|none\n|upkeep\n|\n|t:|1699993701\n|switch|p1a: Irelia?|Iron Moth|83\/100 par\n|turn|17\n|\n|t:|1699993704\n|move|p2a: Heatran|Earth Power|p1a: Irelia?\n|-supereffective|p1a: Irelia?\n|-damage|p1a: Irelia?|0 fnt\n|faint|p1a: Irelia?\n|-end|p1a: Irelia?|Quark Drive|[silent]\n|\n|upkeep\n|\n|t:|1699993708\n|switch|p1a: Rei do Gambito|Kingambit, M|100\/100\n|-activate|p1a: Rei do Gambito|ability: Supreme Overlord\n|-start|p1a: Rei do Gambito|fallen5|[silent]\n|turn|18\n|\n|t:|1699993712\n|-terastallize|p1a: Rei do Gambito|Flying\n|move|p1a: Rei do Gambito|Swords Dance|p1a: Rei do Gambito\n|-boost|p1a: Rei do Gambito|atk|2\n|move|p2a: Heatran|Will-O-Wisp|p1a: Rei do Gambito|[miss]\n|-miss|p2a: Heatran|p1a: Rei do Gambito\n|\n|upkeep\n|turn|19\n|\n|t:|1699993719\n|move|p1a: Rei do Gambito|Swords Dance|p1a: Rei do Gambito\n|-boost|p1a: Rei do Gambito|atk|2\n|move|p2a: Heatran|Will-O-Wisp|p1a: Rei do Gambito\n|-status|p1a: Rei do Gambito|brn\n|-enditem|p1a: Rei do Gambito|Lum Berry|[eat]\n|-curestatus|p1a: Rei do Gambito|brn|[msg]\n|\n|upkeep\n|turn|20\n|\n|t:|1699993727\n|move|p1a: Rei do Gambito|Kowtow Cleave|p2a: Heatran\n|-damage|p2a: Heatran|0 fnt\n|faint|p2a: Heatran\n|\n|upkeep\n|\n|t:|1699993732\n|switch|p2a: Landorus|Landorus-Therian, M|100\/100\n|-damage|p2a: Landorus|88\/100|[from] Stealth Rock\n|-ability|p2a: Landorus|Intimidate|boost\n|-unboost|p1a: Rei do Gambito|atk|1\n|turn|21\n|\n|t:|1699993737\n|move|p2a: Landorus|Substitute|p2a: Landorus\n|-start|p2a: Landorus|Substitute\n|-damage|p2a: Landorus|63\/100\n|move|p1a: Rei do Gambito|Kowtow Cleave|p2a: Landorus\n|-end|p2a: Landorus|Substitute\n|\n|-heal|p2a: Landorus|70\/100|[from] item: Leftovers\n|upkeep\n|turn|22\n|\n|t:|1699993739\n|move|p2a: Landorus|Substitute|p2a: Landorus\n|-start|p2a: Landorus|Substitute\n|-damage|p2a: Landorus|45\/100\n|move|p1a: Rei do Gambito|Kowtow Cleave|p2a: Landorus\n|-end|p2a: Landorus|Substitute\n|\n|-heal|p2a: Landorus|51\/100|[from] item: Leftovers\n|upkeep\n|turn|23\n|\n|t:|1699993742\n|move|p2a: Landorus|Smack Down|p1a: Rei do Gambito\n|-supereffective|p1a: Rei do Gambito\n|-damage|p1a: Rei do Gambito|68\/100\n|-start|p1a: Rei do Gambito|Smack Down\n|move|p1a: Rei do Gambito|Kowtow Cleave|p2a: Landorus\n|-damage|p2a: Landorus|0 fnt\n|faint|p2a: Landorus\n|\n|upkeep\n|\n|t:|1699993743\n|switch|p2a: Slowking|Slowking-Galar, M|70\/100\n|turn|24\n|\n|t:|1699993751\n|move|p1a: Rei do Gambito|Iron Head|p2a: Slowking\n|-damage|p2a: Slowking|0 fnt\n|faint|p2a: Slowking\n|\n|upkeep\n|\n|t:|1699993753\n|switch|p2a: Iron Valiant|Iron Valiant|100\/100\n|-damage|p2a: Iron Valiant|94\/100|[from] Stealth Rock\n|-enditem|p2a: Iron Valiant|Booster Energy\n|-activate|p2a: Iron Valiant|ability: Quark Drive|[fromitem]\n|-start|p2a: Iron Valiant|quarkdrivespe\n|turn|25\n|\n|t:|1699993757\n|-terastallize|p2a: Iron Valiant|Fairy\n|move|p1a: Rei do Gambito|Sucker Punch|p2a: Iron Valiant\n|-resisted|p2a: Iron Valiant\n|-damage|p2a: Iron Valiant|0 fnt\n|faint|p2a: Iron Valiant\n|-end|p2a: Iron Valiant|Quark Drive|[silent]\n|\n|win|i samurai l\n|raw|i samurai l's rating: 1371 &rarr; <strong>1391<\/strong><br \/>(+20 for winning)\n|raw|Sadboi29's rating: 1365 &rarr; <strong>1345<\/strong><br \/>(-20 for losing)\n|l|\u2606Sadboi29\n","uploadtime":1699993765,"views":12,"p1id":"isamurail","p2id":"sadboi29","formatid":"gen9ou","rating":1345,"private":0,"password":""}