{"id":"gen9ou-1990908409","p1":"AquiIo","p2":"blisteringbigfoot","format":"[Gen 9] OU","log":"|j|\u2606AquiIo\n|j|\u2606blisteringbigfoot\n|t:|1700013896\n|gametype|singles\n|player|p1|AquiIo|psychic|1424\n|player|p2|blisteringbigfoot|roxie|1347\n|teamsize|p1|6\n|teamsize|p2|6\n|gen|9\n|tier|[Gen 9] OU\n|rated|\n|rule|Sleep Clause Mod: Limit one foe put to sleep\n|rule|Species Clause: Limit one of each Pok\u00e9mon\n|rule|OHKO Clause: OHKO moves are banned\n|rule|Evasion Items Clause: Evasion items are banned\n|rule|Evasion Moves Clause: Evasion moves are banned\n|rule|Endless Battle Clause: Forcing endless battles is banned\n|rule|HP Percentage Mod: HP is shown in percentages\n|clearpoke\n|poke|p1|Ursaluna, F|\n|poke|p1|Hatterene, F|\n|poke|p1|Crawdaunt, F|\n|poke|p1|Hoopa-Unbound|\n|poke|p1|Cresselia, F|\n|poke|p1|Kingambit, F|\n|poke|p2|Iron Moth|\n|poke|p2|Iron Valiant|\n|poke|p2|Ninetales-Alola, F|\n|poke|p2|Greninja-*, M|\n|poke|p2|Great Tusk|\n|poke|p2|Kingambit, F|\n|teampreview\n|inactive|Battle timer is ON: inactive players will automatically lose when time's up. (requested by blisteringbigfoot)\n|inactive|AquiIo also wants the timer to be on.\n|\n|t:|1700013921\n|start\n|switch|p1a: Hex Witch|Hatterene, F|100\/100\n|switch|p2a: Ninetales|Ninetales-Alola, F|100\/100\n|-weather|Snow|[from] ability: Snow Warning|[of] p2a: Ninetales\n|turn|1\n|\n|t:|1700013927\n|move|p2a: Ninetales|Aurora Veil|p2a: Ninetales\n|-sidestart|p2: blisteringbigfoot|move: Aurora Veil\n|move|p1a: Hex Witch|Trick Room|p1a: Hex Witch\n|-fieldstart|move: Trick Room|[of] p1a: Hex Witch\n|\n|-weather|Snow|[upkeep]\n|upkeep\n|turn|2\n|\n|t:|1700013939\n|move|p1a: Hex Witch|Psychic|p2a: Ninetales\n|-damage|p2a: Ninetales|76\/100\n|-unboost|p2a: Ninetales|spd|1\n|move|p2a: Ninetales|Moonblast|p1a: Hex Witch\n|-damage|p1a: Hex Witch|69\/100\n|\n|-weather|Snow|[upkeep]\n|upkeep\n|turn|3\n|\n|t:|1700013945\n|move|p1a: Hex Witch|Misty Explosion|p2a: Ninetales\n|-damage|p2a: Ninetales|31\/100\n|faint|p1a: Hex Witch\n|move|p2a: Ninetales|Moonblast|p1: Hex Witch|[notarget]\n|-fail|p2a: Ninetales\n|\n|-weather|Snow|[upkeep]\n|upkeep\n|\n|t:|1700013966\n|switch|p1a: 5 Turns in TR|Ursaluna, F|100\/100\n|turn|4\n|\n|t:|1700013988\n|move|p1a: 5 Turns in TR|Headlong Rush|p2a: Ninetales\n|-damage|p2a: Ninetales|4\/100\n|-unboost|p1a: 5 Turns in TR|def|1\n|-unboost|p1a: 5 Turns in TR|spd|1\n|move|p2a: Ninetales|Freeze-Dry|p1a: 5 Turns in TR\n|-supereffective|p1a: 5 Turns in TR\n|-damage|p1a: 5 Turns in TR|52\/100\n|-status|p1a: 5 Turns in TR|frz\n|\n|-weather|Snow|[upkeep]\n|upkeep\n|turn|5\n|\n|t:|1700013997\n|cant|p1a: 5 Turns in TR|frz\n|move|p2a: Ninetales|Freeze-Dry|p1a: 5 Turns in TR\n|-supereffective|p1a: 5 Turns in TR\n|-damage|p1a: 5 Turns in TR|6\/100 frz\n|\n|-weather|none\n|-fieldend|move: Trick Room\n|upkeep\n|turn|6\n|\n|t:|1700014001\n|switch|p1a: Moon Duck|Cresselia, F|100\/100\n|move|p2a: Ninetales|Freeze-Dry|p1a: Moon Duck\n|-crit|p1a: Moon Duck\n|-damage|p1a: Moon Duck|86\/100\n|\n|-heal|p1a: Moon Duck|92\/100|[from] item: Leftovers\n|upkeep\n|turn|7\n|\n|t:|1700014013\n|switch|p2a: Kingambit|Kingambit, F|100\/100\n|move|p1a: Moon Duck|Trick Room|p1a: Moon Duck\n|-fieldstart|move: Trick Room|[of] p1a: Moon Duck\n|\n|-heal|p1a: Moon Duck|98\/100|[from] item: Leftovers\n|upkeep\n|turn|8\n|\n|t:|1700014020\n|move|p1a: Moon Duck|Lunar Dance|p1a: Moon Duck\n|faint|p1a: Moon Duck\n|move|p2a: Kingambit|Swords Dance|p2a: Kingambit\n|-boost|p2a: Kingambit|atk|2\n|\n|-sideend|p2: blisteringbigfoot|move: Aurora Veil\n|upkeep\n|\n|t:|1700014024\n|switch|p1a: 5 Turns in TR|Ursaluna, F|6\/100 frz\n|-heal|p1a: 5 Turns in TR|100\/100|[from] move: Lunar Dance\n|turn|9\n|\n|t:|1700014043\n|-terastallize|p2a: Kingambit|Dark\n|move|p1a: 5 Turns in TR|Protect|p1a: 5 Turns in TR\n|-singleturn|p1a: 5 Turns in TR|Protect\n|move|p2a: Kingambit|Sucker Punch||[still]\n|-fail|p2a: Kingambit\n|\n|-status|p1a: 5 Turns in TR|brn|[from] item: Flame Orb\n|upkeep\n|turn|10\n|inactive|AquiIo has 120 seconds left.\n|\n|t:|1700014085\n|-terastallize|p1a: 5 Turns in TR|Normal\n|move|p2a: Kingambit|Sucker Punch|p1a: 5 Turns in TR\n|-damage|p1a: 5 Turns in TR|15\/100 brn\n|move|p1a: 5 Turns in TR|Facade|p2a: Kingambit\n|-damage|p2a: Kingambit|0 fnt\n|faint|p2a: Kingambit\n|-end|p2a: Kingambit|fallenundefined|[silent]\n|\n|-damage|p1a: 5 Turns in TR|9\/100 brn|[from] brn\n|upkeep\n|\n|t:|1700014098\n|switch|p2a: Greninja|Greninja, M|100\/100\n|turn|11\n|inactive|AquiIo has 120 seconds left.\n|\n|t:|1700014106\n|switch|p1a: Throwing Hands|Hoopa-Unbound|100\/100\n|move|p2a: Greninja|Water Shuriken|p1a: Throwing Hands\n|-damage|p1a: Throwing Hands|94\/100\n|-damage|p1a: Throwing Hands|87\/100\n|-damage|p1a: Throwing Hands|81\/100\n|-damage|p1a: Throwing Hands|74\/100\n|-hitcount|p1a: Throwing Hands|4\n|-damage|p2a: Greninja|91\/100|[from] item: Life Orb\n|\n|-fieldend|move: Trick Room\n|upkeep\n|turn|12\n|\n|t:|1700014123\n|move|p2a: Greninja|Hydro Pump|p1a: Throwing Hands|[miss]\n|-miss|p2a: Greninja|p1a: Throwing Hands\n|move|p1a: Throwing Hands|Trick Room|p1a: Throwing Hands\n|-fieldstart|move: Trick Room|[of] p1a: Throwing Hands\n|\n|upkeep\n|turn|13\n|\n|t:|1700014130\n|move|p2a: Greninja|Water Shuriken|p1a: Throwing Hands\n|-damage|p1a: Throwing Hands|67\/100\n|-damage|p1a: Throwing Hands|61\/100\n|-damage|p1a: Throwing Hands|55\/100\n|-hitcount|p1a: Throwing Hands|3\n|-damage|p2a: Greninja|81\/100|[from] item: Life Orb\n|move|p1a: Throwing Hands|Gunk Shot|p2a: Greninja|[miss]\n|-miss|p1a: Throwing Hands|p2a: Greninja\n|\n|upkeep\n|turn|14\n|\n|t:|1700014141\n|move|p2a: Greninja|Water Shuriken|p1a: Throwing Hands\n|-damage|p1a: Throwing Hands|48\/100\n|-damage|p1a: Throwing Hands|41\/100\n|-damage|p1a: Throwing Hands|34\/100\n|-hitcount|p1a: Throwing Hands|3\n|-damage|p2a: Greninja|71\/100|[from] item: Life Orb\n|move|p1a: Throwing Hands|Psychic|p2a: Greninja\n|-immune|p2a: Greninja\n|\n|upkeep\n|turn|15\n|\n|t:|1700014150\n|move|p2a: Greninja|Water Shuriken|p1a: Throwing Hands\n|-damage|p1a: Throwing Hands|28\/100\n|-damage|p1a: Throwing Hands|21\/100\n|-damage|p1a: Throwing Hands|14\/100\n|-hitcount|p1a: Throwing Hands|3\n|-damage|p2a: Greninja|61\/100|[from] item: Life Orb\n|move|p1a: Throwing Hands|Gunk Shot|p2a: Greninja\n|-damage|p2a: Greninja|0 fnt\n|faint|p2a: Greninja\n|-damage|p1a: Throwing Hands|4\/100|[from] item: Life Orb\n|\n|upkeep\n|\n|t:|1700014174\n|switch|p2a: Great Tusk|Great Tusk|100\/100\n|-enditem|p2a: Great Tusk|Booster Energy\n|-activate|p2a: Great Tusk|ability: Protosynthesis|[fromitem]\n|-start|p2a: Great Tusk|protosynthesisspe\n|turn|16\n|\n|t:|1700014195\n|move|p1a: Throwing Hands|Psychic|p2a: Great Tusk\n|-supereffective|p2a: Great Tusk\n|-damage|p2a: Great Tusk|0 fnt\n|faint|p2a: Great Tusk\n|-end|p2a: Great Tusk|Protosynthesis|[silent]\n|-damage|p1a: Throwing Hands|0 fnt|[from] item: Life Orb\n|faint|p1a: Throwing Hands\n|\n|-fieldend|move: Trick Room\n|upkeep\n|\n|t:|1700014202\n|switch|p2a: Ninetales|Ninetales-Alola, F|4\/100\n|switch|p1a: Mr. Craw \ud83d\udcde|Crawdaunt, F|100\/100\n|-weather|Snow|[from] ability: Snow Warning|[of] p2a: Ninetales\n|turn|17\n|\n|t:|1700014205\n|move|p1a: Mr. Craw \ud83d\udcde|Aqua Jet|p2a: Ninetales\n|-damage|p2a: Ninetales|0 fnt\n|faint|p2a: Ninetales\n|\n|-weather|Snow|[upkeep]\n|upkeep\n|\n|t:|1700014209\n|switch|p2a: Iron Valiant|Iron Valiant|100\/100\n|-enditem|p2a: Iron Valiant|Booster Energy\n|-activate|p2a: Iron Valiant|ability: Quark Drive|[fromitem]\n|-start|p2a: Iron Valiant|quarkdrivespe\n|turn|18\n|inactive|blisteringbigfoot has 120 seconds left.\n|\n|t:|1700014242\n|switch|p1a: 5 Turns in TR|Ursaluna, F, tera:Normal|9\/100 brn\n|move|p2a: Iron Valiant|Spirit Break|p1a: 5 Turns in TR\n|-damage|p1a: 5 Turns in TR|0 fnt\n|faint|p1a: 5 Turns in TR\n|\n|-weather|Snow|[upkeep]\n|upkeep\n|inactive|AquiIo has 120 seconds left.\n|\n|t:|1700014272\n|switch|p1a: Mate in 6|Kingambit, F|100\/100\n|-activate|p1a: Mate in 6|ability: Supreme Overlord\n|-start|p1a: Mate in 6|fallen4|[silent]\n|turn|19\n|inactive|blisteringbigfoot has 120 seconds left.\n|\n|t:|1700014294\n|move|p2a: Iron Valiant|Close Combat|p1a: Mate in 6\n|-supereffective|p1a: Mate in 6\n|-damage|p1a: Mate in 6|0 fnt\n|-unboost|p2a: Iron Valiant|def|1\n|-unboost|p2a: Iron Valiant|spd|1\n|faint|p1a: Mate in 6\n|-end|p1a: Mate in 6|fallen4|[silent]\n|\n|-weather|Snow|[upkeep]\n|upkeep\n|\n|t:|1700014296\n|switch|p1a: Mr. Craw \ud83d\udcde|Crawdaunt, F|100\/100\n|turn|20\n|\n|t:|1700014299\n|move|p1a: Mr. Craw \ud83d\udcde|Aqua Jet|p2a: Iron Valiant\n|-damage|p2a: Iron Valiant|19\/100\n|move|p2a: Iron Valiant|Spirit Break|p1a: Mr. Craw \ud83d\udcde\n|-supereffective|p1a: Mr. Craw \ud83d\udcde\n|-damage|p1a: Mr. Craw \ud83d\udcde|8\/100\n|-unboost|p1a: Mr. Craw \ud83d\udcde|spa|1\n|\n|-weather|Snow|[upkeep]\n|upkeep\n|turn|21\n|\n|t:|1700014305\n|move|p1a: Mr. Craw \ud83d\udcde|Aqua Jet|p2a: Iron Valiant\n|-damage|p2a: Iron Valiant|0 fnt\n|faint|p2a: Iron Valiant\n|-end|p2a: Iron Valiant|Quark Drive|[silent]\n|\n|-weather|none\n|upkeep\n|\n|t:|1700014306\n|switch|p2a: Hemlock|Iron Moth|100\/100\n|-enditem|p2a: Hemlock|Booster Energy\n|-activate|p2a: Hemlock|ability: Quark Drive|[fromitem]\n|-start|p2a: Hemlock|quarkdrivespe\n|turn|22\n|c|\u2606AquiIo|ggs\n|c|\u2606AquiIo|wp\n|\n|t:|1700014317\n|move|p1a: Mr. Craw \ud83d\udcde|Aqua Jet|p2a: Hemlock\n|-supereffective|p2a: Hemlock\n|-damage|p2a: Hemlock|0 fnt\n|faint|p2a: Hemlock\n|-end|p2a: Hemlock|Quark Drive|[silent]\n|\n|win|AquiIo\n|raw|AquiIo's rating: 1424 &rarr; <strong>1440<\/strong><br \/>(+16 for winning)\n|raw|blisteringbigfoot's rating: 1347 &rarr; <strong>1331<\/strong><br \/>(-16 for losing)\n","uploadtime":1700014323,"views":22,"p1id":"aquiio","p2id":"blisteringbigfoot","formatid":"gen9ou","rating":1331,"private":0,"password":""}