{"id":"gen9ou-1991107970","p1":"qa<3MeowscaRD","p2":"BIued","format":"[Gen 9] OU","log":"|j|\u2606qa<3MeowscaRD\n|j|\u2606BIued\n|t:|1700044105\n|gametype|singles\n|player|p1|qa<3MeowscaRD|ninjaboy|\n|player|p2|BIued|cress|\n|teamsize|p1|6\n|teamsize|p2|6\n|gen|9\n|tier|[Gen 9] OU\n|rule|Sleep Clause Mod: Limit one foe put to sleep\n|rule|Species Clause: Limit one of each Pok\u00e9mon\n|rule|OHKO Clause: OHKO moves are banned\n|rule|Evasion Items Clause: Evasion items are banned\n|rule|Evasion Moves Clause: Evasion moves are banned\n|rule|Endless Battle Clause: Forcing endless battles is banned\n|rule|HP Percentage Mod: HP is shown in percentages\n|clearpoke\n|poke|p1|Yanmega, F|\n|poke|p1|Appletun, M|\n|poke|p1|Copperajah, F|\n|poke|p1|Leafeon, M|\n|poke|p1|Drifblim, F|\n|poke|p1|Breloom, M|\n|poke|p2|Hatterene, F|\n|poke|p2|Conkeldurr, M|\n|poke|p2|Floatzel, M|\n|poke|p2|Magnezone|\n|poke|p2|Weavile, F|\n|poke|p2|Mudsdale, M|\n|teampreview\n|\n|t:|1700044115\n|start\n|switch|p1a: Copperajah|Copperajah, F|100\/100\n|switch|p2a: Mudsdale|Mudsdale, M|100\/100\n|turn|1\n|\n|t:|1700044126\n|move|p1a: Copperajah|Stealth Rock|p2a: Mudsdale\n|-sidestart|p2: BIued|move: Stealth Rock\n|move|p2a: Mudsdale|Stealth Rock|p1a: Copperajah\n|-sidestart|p1: qa<3MeowscaRD|move: Stealth Rock\n|\n|upkeep\n|turn|2\n|\n|t:|1700044131\n|move|p2a: Mudsdale|Body Press|p1a: Copperajah\n|-supereffective|p1a: Copperajah\n|-damage|p1a: Copperajah|50\/100\n|move|p1a: Copperajah|Whirlwind|p2a: Mudsdale\n|drag|p2a: Conkeldurr|Conkeldurr, M|100\/100\n|-damage|p2a: Conkeldurr|94\/100|[from] Stealth Rock\n|\n|-heal|p1a: Copperajah|56\/100|[from] item: Leftovers\n|-status|p2a: Conkeldurr|brn|[from] item: Flame Orb\n|upkeep\n|turn|3\n|c|\u2606qa<3MeowscaRD|Fk\n|c|\u2606qa<3MeowscaRD|\u0110e\u0301o pha\u0309i con na\u0300y ch\u01b0\u0301\n|\n|t:|1700044159\n|switch|p1a: Drifblim|Drifblim, F|100\/100\n|-damage|p1a: Drifblim|75\/100|[from] Stealth Rock\n|move|p2a: Conkeldurr|Knock Off|p1a: Drifblim\n|-supereffective|p1a: Drifblim\n|-damage|p1a: Drifblim|0 fnt\n|-enditem|p1a: Drifblim|Sitrus Berry|[from] move: Knock Off|[of] p2a: Conkeldurr\n|faint|p1a: Drifblim\n|\n|-damage|p2a: Conkeldurr|88\/100 brn|[from] brn\n|upkeep\n|\n|t:|1700044184\n|switch|p1a: Yanmega|Yanmega, F|100\/100\n|turn|4\n|\n|t:|1700044195\n|-terastallize|p2a: Conkeldurr|Steel\n|move|p1a: Yanmega|Substitute|p1a: Yanmega\n|-start|p1a: Yanmega|Substitute\n|-damage|p1a: Yanmega|76\/100\n|move|p2a: Conkeldurr|Facade|p1a: Yanmega\n|-end|p1a: Yanmega|Substitute\n|\n|-damage|p2a: Conkeldurr|82\/100 brn|[from] brn\n|-ability|p1a: Yanmega|Speed Boost|boost\n|-boost|p1a: Yanmega|spe|1\n|upkeep\n|turn|5\n|\n|t:|1700044225\n|move|p1a: Yanmega|Air Slash|p2a: Conkeldurr\n|-resisted|p2a: Conkeldurr\n|-damage|p2a: Conkeldurr|60\/100 brn\n|move|p2a: Conkeldurr|Facade|p1a: Yanmega\n|-damage|p1a: Yanmega|0 fnt\n|faint|p1a: Yanmega\n|\n|-damage|p2a: Conkeldurr|54\/100 brn|[from] brn\n|upkeep\n|c|\u2606qa<3MeowscaRD|Deo flinched\n|c|\u2606BIued|?\n|\n|t:|1700044265\n|switch|p1a: Leafeon|Leafeon, M|100\/100\n|-damage|p1a: Leafeon|88\/100|[from] Stealth Rock\n|turn|6\n|\n|t:|1700044273\n|-terastallize|p1a: Leafeon|Ground\n|move|p1a: Leafeon|Tera Blast|p2a: Conkeldurr|[anim] Tera Blast Ground\n|-supereffective|p2a: Conkeldurr\n|-damage|p2a: Conkeldurr|0 fnt\n|faint|p2a: Conkeldurr\n|\n|upkeep\n|\n|t:|1700044293\n|switch|p2a: Weavile|Weavile, F|100\/100\n|-damage|p2a: Weavile|76\/100|[from] Stealth Rock\n|-ability|p2a: Weavile|Pressure\n|turn|7\n|j| Yankiken\n|\n|t:|1700044317\n|switch|p1a: Copperajah|Copperajah, F|56\/100\n|-damage|p1a: Copperajah|50\/100|[from] Stealth Rock\n|move|p2a: Weavile|Swords Dance|p2a: Weavile\n|-boost|p2a: Weavile|atk|2\n|\n|-heal|p1a: Copperajah|56\/100|[from] item: Leftovers\n|upkeep\n|turn|8\n|inactive|Battle timer is ON: inactive players will automatically lose when time's up. (requested by BIued)\n|c| Yankiken|Ok\n|\n|t:|1700044346\n|move|p2a: Weavile|Low Kick|p1a: Copperajah\n|-supereffective|p1a: Copperajah\n|-crit|p1a: Copperajah\n|-damage|p1a: Copperajah|0 fnt\n|faint|p1a: Copperajah\n|\n|upkeep\n|j| Ultramanball1\n|l| Ultramanball1\n|\n|t:|1700044369\n|switch|p1a: Breloom|Breloom, M|100\/100\n|-damage|p1a: Breloom|94\/100|[from] Stealth Rock\n|turn|9\n|j| rfegehet\n|j| Ultramanball1\n|inactive|qa<3MeowscaRD has 270 seconds left.\n|\n|t:|1700044391\n|move|p2a: Weavile|Ice Shard|p1a: Breloom\n|-supereffective|p1a: Breloom\n|-damage|p1a: Breloom|0 fnt\n|faint|p1a: Breloom\n|\n|upkeep\n|c| rfegehet|welp\n|inactive|qa<3MeowscaRD has 270 seconds left.\n|j| Nakafuyu Yuki\n|c| rfegehet|nhin\n|c|\u2606qa<3MeowscaRD|Ok nhin\n|c| rfegehet|an nham srry\n|c|\u2606BIued|All my fellas\n|\n|t:|1700044421\n|switch|p1a: Appletun|Appletun, M|100\/100\n|-damage|p1a: Appletun|88\/100|[from] Stealth Rock\n|turn|10\n|c| Yankiken|M\u1ea1nh m\u00e0 ch\u1ecdn chi\u00eau ngu t l\u00e0m ch\u00f3\n|j| poyetu\n|c|\u2606BIued|Ch\u00f3 \u01a1i\n|l| Ultramanball1\n|c| rfegehet|night slash or content\n|inactive|qa<3MeowscaRD has 240 seconds left.\n|c| rfegehet|*for\n|j| Ultramanball1\n|c|\u2606qa<3MeowscaRD|H la\u0300m j\n|c|\u2606BIued|No night slash mfk\n|inactive|qa<3MeowscaRD has 210 seconds left.\n|c| rfegehet|lau kick\n|c| Yankiken|Sau tr\u1eadn th\u1eb1ng Long t ko th\u1ec3 tin t\u01b0\u1edfng \u0111c\n|c| Yankiken|Run run ki\u1ec3u g\u00ec\n|c|\u2606qa<3MeowscaRD|H la\u0300m j\n|inactive|qa<3MeowscaRD has 180 seconds left.\n|c| Nakafuyu Yuki|th\u1ea5y n\u00fat x kh\u00f4ng\n|c|\u2606BIued|h forfeit\n|c| Ultramanball1|Team s\u1ee3 weavile s\u1eb5n\n|\n|t:|1700044514\n|move|p2a: Weavile|Icicle Spear|p1a: Appletun\n|-supereffective|p1a: Appletun\n|-damage|p1a: Appletun|53\/100\n|-supereffective|p1a: Appletun\n|-damage|p1a: Appletun|15\/100\n|-supereffective|p1a: Appletun\n|-damage|p1a: Appletun|0 fnt\n|faint|p1a: Appletun\n|-hitcount|p1: Appletun|3\n|\n|upkeep\n|c| Ultramanball1|it\u2019s joever\n|c|\u2606BIued|It\u2019s blue-over for you\n|c| rfegehet|ca team deu thua weavile\n|c|\u2606qa<3MeowscaRD|H forfeit :v\n|c| rfegehet|ko bt chon team kieu j\n|inactive|qa<3MeowscaRD has 150 seconds left.\n|c|\u2606qa<3MeowscaRD|Co\u0300n co\u0301 6 con na\u0300y\n|c|\u2606BIued|Throwing for content\n|c|\u2606qa<3MeowscaRD|M\u00e2\u0301y \u00f4ng kia l\u00e2\u0301y h\u00ea\u0301t mon r\n|c|\u2606BIued|Nhanh b\u1ea1n \u01a1i\n|inactive|qa<3MeowscaRD has 120 seconds left.\n|\n|t:|1700044570\n|switch|p1a: Leafeon|Leafeon, M, tera:Ground|88\/100\n|-damage|p1a: Leafeon|82\/100|[from] Stealth Rock\n|turn|11\n|inactive|qa<3MeowscaRD has 120 seconds left.\n|\n|t:|1700044581\n|move|p1a: Leafeon|Quick Attack|p2a: Weavile\n|-damage|p2a: Weavile|54\/100\n|move|p2a: Weavile|Icicle Spear|p1a: Leafeon\n|-supereffective|p1a: Leafeon\n|-damage|p1a: Leafeon|31\/100\n|-supereffective|p1a: Leafeon\n|-damage|p1a: Leafeon|0 fnt\n|faint|p1a: Leafeon\n|-hitcount|p1: Leafeon|2\n|\n|win|BIued\n|c|\u2606qa<3MeowscaRD|Gg\n","uploadtime":1700044587,"views":31,"p1id":"qa3meowscard","p2id":"biued","formatid":"gen9ou","rating":0,"private":0,"password":""}