{"id":"gen9ou-1999541250","p1":"Slo Overdose","p2":"Drake115","format":"[Gen 9] OU","log":"|j|\u2606Slo Overdose\n|j|\u2606Drake115\n|t:|1701094236\n|gametype|singles\n|player|p1|Slo Overdose|anabel|1406\n|player|p2|Drake115|gambler|1459\n|teamsize|p1|6\n|teamsize|p2|6\n|gen|9\n|tier|[Gen 9] OU\n|rated|\n|rule|Sleep Clause Mod: Limit one foe put to sleep\n|rule|Species Clause: Limit one of each Pok\u00e9mon\n|rule|OHKO Clause: OHKO moves are banned\n|rule|Evasion Items Clause: Evasion items are banned\n|rule|Evasion Moves Clause: Evasion moves are banned\n|rule|Endless Battle Clause: Forcing endless battles is banned\n|rule|HP Percentage Mod: HP is shown in percentages\n|clearpoke\n|poke|p1|Clefable, M|\n|poke|p1|Zapdos|\n|poke|p1|Ogerpon-Wellspring, F|\n|poke|p1|Heatran, M|\n|poke|p1|Toxapex, F|\n|poke|p1|Conkeldurr, M|\n|poke|p2|Kingambit, F|\n|poke|p2|Iron Valiant|\n|poke|p2|Weezing-Galar, F|\n|poke|p2|Samurott-Hisui, M|\n|poke|p2|Moltres|\n|poke|p2|Tyranitar, F|\n|teampreview\n|inactive|Battle timer is ON: inactive players will automatically lose when time's up. (requested by Slo Overdose)\n|\n|t:|1701094250\n|start\n|switch|p1a: Toxapex|Toxapex, F|100\/100\n|switch|p2a: Samurott|Samurott-Hisui, M|100\/100\n|turn|1\n|\n|t:|1701094256\n|move|p2a: Samurott|Ceaseless Edge|p1a: Toxapex\n|-damage|p1a: Toxapex|69\/100\n|-sidestart|p1: Slo Overdose|Spikes\n|move|p1a: Toxapex|Toxic Spikes|p2a: Samurott\n|-sidestart|p2: Drake115|move: Toxic Spikes\n|\n|-heal|p1a: Toxapex|75\/100|[from] item: Leftovers\n|upkeep\n|turn|2\n|\n|t:|1701094261\n|move|p2a: Samurott|Ceaseless Edge|p1a: Toxapex\n|-damage|p1a: Toxapex|40\/100\n|-sidestart|p1: Slo Overdose|Spikes\n|move|p1a: Toxapex|Toxic Spikes|p2a: Samurott\n|-sidestart|p2: Drake115|move: Toxic Spikes\n|\n|-heal|p1a: Toxapex|46\/100|[from] item: Leftovers\n|upkeep\n|turn|3\n|\n|t:|1701094271\n|move|p2a: Samurott|Ceaseless Edge|p1a: Toxapex\n|-damage|p1a: Toxapex|15\/100\n|-sidestart|p1: Slo Overdose|Spikes\n|move|p1a: Toxapex|Recover|p1a: Toxapex\n|-heal|p1a: Toxapex|65\/100\n|\n|-heal|p1a: Toxapex|71\/100|[from] item: Leftovers\n|upkeep\n|turn|4\n|\n|t:|1701094279\n|switch|p1a: Conkeldurr|Conkeldurr, M|100\/100\n|-damage|p1a: Conkeldurr|76\/100|[from] Spikes\n|move|p2a: Samurott|Ceaseless Edge|p1a: Conkeldurr\n|-resisted|p1a: Conkeldurr\n|-damage|p1a: Conkeldurr|55\/100\n|\n|-status|p1a: Conkeldurr|brn|[from] item: Flame Orb\n|upkeep\n|turn|5\n|\n|t:|1701094290\n|move|p2a: Samurott|Razor Shell|p1a: Conkeldurr\n|-damage|p1a: Conkeldurr|7\/100 brn\n|-unboost|p1a: Conkeldurr|def|1\n|move|p1a: Conkeldurr|Drain Punch|p2a: Samurott\n|-supereffective|p2a: Samurott\n|-enditem|p2a: Samurott|Focus Sash\n|-damage|p2a: Samurott|1\/100\n|-heal|p1a: Conkeldurr|49\/100 brn|[from] drain|[of] p2a: Samurott\n|\n|-damage|p1a: Conkeldurr|43\/100 brn|[from] brn\n|upkeep\n|turn|6\n|\n|t:|1701094298\n|move|p1a: Conkeldurr|Mach Punch|p2a: Samurott\n|-supereffective|p2a: Samurott\n|-damage|p2a: Samurott|0 fnt\n|faint|p2a: Samurott\n|\n|-damage|p1a: Conkeldurr|37\/100 brn|[from] brn\n|upkeep\n|\n|t:|1701094300\n|switch|p2a: Weezing|Weezing-Galar, F|100\/100\n|-ability|p2a: Weezing|Neutralizing Gas\n|-sideend|p2: Drake115|move: Toxic Spikes|[of] p2a: Weezing\n|turn|7\n|\n|t:|1701094317\n|move|p1a: Conkeldurr|Facade|p2a: Weezing\n|-damage|p2a: Weezing|61\/100\n|move|p2a: Weezing|Toxic Spikes|p1a: Conkeldurr\n|-sidestart|p1: Slo Overdose|move: Toxic Spikes\n|\n|-damage|p1a: Conkeldurr|31\/100 brn|[from] brn\n|upkeep\n|turn|8\n|\n|t:|1701094330\n|move|p1a: Conkeldurr|Facade|p2a: Weezing\n|-damage|p2a: Weezing|21\/100\n|move|p2a: Weezing|Strange Steam|p1a: Conkeldurr\n|-supereffective|p1a: Conkeldurr\n|-damage|p1a: Conkeldurr|0 fnt\n|faint|p1a: Conkeldurr\n|\n|upkeep\n|\n|t:|1701094349\n|switch|p1a: Zapdos|Zapdos|100\/100\n|turn|9\n|\n|t:|1701094354\n|move|p1a: Zapdos|Discharge|p2a: Weezing\n|-damage|p2a: Weezing|0 fnt\n|faint|p2a: Weezing\n|-end|p2a: Weezing|ability: Neutralizing Gas\n|\n|upkeep\n|\n|t:|1701094360\n|switch|p2a: Tyranitar|Tyranitar, F, shiny|100\/100\n|-weather|Sandstorm|[from] ability: Sand Stream|[of] p2a: Tyranitar\n|turn|10\n|\n|t:|1701094367\n|switch|p1a: Toxapex|Toxapex, F|100\/100\n|-damage|p1a: Toxapex|76\/100|[from] Spikes\n|-sideend|p1: Slo Overdose|move: Toxic Spikes|[of] p1a: Toxapex\n|move|p2a: Tyranitar|Knock Off|p1a: Toxapex\n|-damage|p1a: Toxapex|42\/100\n|-enditem|p1a: Toxapex|Leftovers|[from] move: Knock Off|[of] p2a: Tyranitar\n|\n|-weather|Sandstorm|[upkeep]\n|-damage|p1a: Toxapex|36\/100|[from] Sandstorm\n|upkeep\n|turn|11\n|\n|t:|1701094387\n|move|p2a: Tyranitar|Thunderbolt|p1a: Toxapex\n|-supereffective|p1a: Toxapex\n|-damage|p1a: Toxapex|8\/100\n|-status|p1a: Toxapex|par\n|move|p1a: Toxapex|Toxic|p2a: Tyranitar\n|-status|p2a: Tyranitar|tox\n|\n|-weather|Sandstorm|[upkeep]\n|-damage|p1a: Toxapex|2\/100 par|[from] Sandstorm\n|-damage|p2a: Tyranitar|94\/100 tox|[from] psn\n|upkeep\n|turn|12\n|\n|t:|1701094395\n|switch|p1a: Ogerpon|Ogerpon-Wellspring, F|100\/100\n|-damage|p1a: Ogerpon|75\/100|[from] Spikes\n|move|p2a: Tyranitar|Knock Off|p1a: Ogerpon\n|-damage|p1a: Ogerpon|49\/100\n|\n|-weather|Sandstorm|[upkeep]\n|-damage|p1a: Ogerpon|43\/100|[from] Sandstorm\n|-damage|p2a: Tyranitar|82\/100 tox|[from] psn\n|upkeep\n|turn|13\n|\n|t:|1701094402\n|move|p1a: Ogerpon|Horn Leech|p2a: Tyranitar\n|-supereffective|p2a: Tyranitar\n|-damage|p2a: Tyranitar|28\/100 tox\n|-heal|p1a: Ogerpon|73\/100|[from] drain|[of] p2a: Tyranitar\n|move|p2a: Tyranitar|Dragon Tail|p1a: Ogerpon\n|-damage|p1a: Ogerpon|55\/100\n|drag|p1a: Toxapex|Toxapex, F|35\/100 par\n|-damage|p1a: Toxapex|10\/100 par|[from] Spikes\n|\n|-weather|Sandstorm|[upkeep]\n|-damage|p1a: Toxapex|4\/100 par|[from] Sandstorm\n|-damage|p2a: Tyranitar|9\/100 tox|[from] psn\n|upkeep\n|turn|14\n|\n|t:|1701094415\n|move|p2a: Tyranitar|Knock Off|p1a: Toxapex\n|-damage|p1a: Toxapex|0 fnt\n|faint|p1a: Toxapex\n|\n|-weather|none\n|-damage|p2a: Tyranitar|0 fnt|[from] psn\n|faint|p2a: Tyranitar\n|upkeep\n|\n|t:|1701094431\n|switch|p2a: Kingambit|Kingambit, F, shiny|100\/100\n|switch|p1a: Zapdos|Zapdos|100\/100\n|-activate|p2a: Kingambit|ability: Supreme Overlord\n|-start|p2a: Kingambit|fallen3|[silent]\n|turn|15\n|\n|t:|1701094438\n|move|p1a: Zapdos|Heat Wave|p2a: Kingambit\n|-supereffective|p2a: Kingambit\n|-damage|p2a: Kingambit|50\/100\n|move|p2a: Kingambit|Swords Dance|p2a: Kingambit\n|-boost|p2a: Kingambit|atk|2\n|\n|-heal|p2a: Kingambit|57\/100|[from] item: Leftovers\n|upkeep\n|turn|16\n|\n|t:|1701094443\n|-terastallize|p2a: Kingambit|Fire\n|move|p1a: Zapdos|Heat Wave|p2a: Kingambit\n|-resisted|p2a: Kingambit\n|-damage|p2a: Kingambit|43\/100\n|move|p2a: Kingambit|Kowtow Cleave|p1a: Zapdos\n|-damage|p1a: Zapdos|5\/100\n|-status|p2a: Kingambit|par|[from] ability: Static|[of] p1a: Zapdos\n|\n|-heal|p1a: Zapdos|11\/100|[from] item: Leftovers\n|-heal|p2a: Kingambit|49\/100 par|[from] item: Leftovers\n|upkeep\n|turn|17\n|\n|t:|1701094450\n|move|p2a: Kingambit|Sucker Punch||[still]\n|-fail|p2a: Kingambit\n|move|p1a: Zapdos|Roost|p1a: Zapdos\n|-heal|p1a: Zapdos|61\/100\n|-singleturn|p1a: Zapdos|move: Roost\n|\n|-heal|p1a: Zapdos|67\/100|[from] item: Leftovers\n|-heal|p2a: Kingambit|55\/100 par|[from] item: Leftovers\n|upkeep\n|turn|18\n|\n|t:|1701094452\n|move|p1a: Zapdos|Discharge|p2a: Kingambit\n|-damage|p2a: Kingambit|23\/100 par\n|move|p2a: Kingambit|Kowtow Cleave|p1a: Zapdos\n|-damage|p1a: Zapdos|0 fnt\n|faint|p1a: Zapdos\n|\n|-heal|p2a: Kingambit|29\/100 par|[from] item: Leftovers\n|upkeep\n|\n|t:|1701094481\n|switch|p1a: Clefable|Clefable, M|100\/100\n|turn|19\n|\n|t:|1701094487\n|-terastallize|p1a: Clefable|Water\n|move|p1a: Clefable|Cosmic Power|p1a: Clefable\n|-boost|p1a: Clefable|def|1\n|-boost|p1a: Clefable|spd|1\n|move|p2a: Kingambit|Iron Head|p1a: Clefable\n|-resisted|p1a: Clefable\n|-damage|p1a: Clefable|71\/100\n|\n|-heal|p1a: Clefable|77\/100|[from] item: Leftovers\n|-heal|p2a: Kingambit|35\/100 par|[from] item: Leftovers\n|upkeep\n|turn|20\n|inactive|Slo Overdose has 120 seconds left.\n|\n|t:|1701094507\n|move|p1a: Clefable|Cosmic Power|p1a: Clefable\n|-boost|p1a: Clefable|def|1\n|-boost|p1a: Clefable|spd|1\n|move|p2a: Kingambit|Kowtow Cleave|p1a: Clefable\n|-damage|p1a: Clefable|25\/100\n|\n|-heal|p1a: Clefable|31\/100|[from] item: Leftovers\n|-heal|p2a: Kingambit|41\/100 par|[from] item: Leftovers\n|upkeep\n|turn|21\n|\n|t:|1701094516\n|move|p1a: Clefable|Stored Power|p2a: Kingambit\n|-damage|p2a: Kingambit|19\/100 par\n|cant|p2a: Kingambit|par\n|\n|-heal|p1a: Clefable|37\/100|[from] item: Leftovers\n|-heal|p2a: Kingambit|25\/100 par|[from] item: Leftovers\n|upkeep\n|turn|22\n|\n|t:|1701094524\n|move|p1a: Clefable|Wish|p1a: Clefable\n|cant|p2a: Kingambit|par\n|\n|-heal|p1a: Clefable|43\/100|[from] item: Leftovers\n|-heal|p2a: Kingambit|31\/100 par|[from] item: Leftovers\n|upkeep\n|turn|23\n|\n|t:|1701094529\n|move|p1a: Clefable|Cosmic Power|p1a: Clefable\n|-boost|p1a: Clefable|def|1\n|-boost|p1a: Clefable|spd|1\n|move|p2a: Kingambit|Swords Dance|p2a: Kingambit\n|-boost|p2a: Kingambit|atk|2\n|\n|-heal|p1a: Clefable|93\/100|[from] move: Wish|[wisher] Clefable\n|-heal|p1a: Clefable|99\/100|[from] item: Leftovers\n|-heal|p2a: Kingambit|37\/100 par|[from] item: Leftovers\n|upkeep\n|turn|24\n|\n|t:|1701094539\n|move|p1a: Clefable|Cosmic Power|p1a: Clefable\n|-boost|p1a: Clefable|def|1\n|-boost|p1a: Clefable|spd|1\n|move|p2a: Kingambit|Kowtow Cleave|p1a: Clefable\n|-damage|p1a: Clefable|51\/100\n|\n|-heal|p1a: Clefable|57\/100|[from] item: Leftovers\n|-heal|p2a: Kingambit|43\/100 par|[from] item: Leftovers\n|upkeep\n|turn|25\n|\n|t:|1701094548\n|move|p1a: Clefable|Stored Power|p2a: Kingambit\n|-damage|p2a: Kingambit|3\/100 par\n|move|p2a: Kingambit|Kowtow Cleave|p1a: Clefable\n|-damage|p1a: Clefable|11\/100\n|\n|-heal|p1a: Clefable|17\/100|[from] item: Leftovers\n|-heal|p2a: Kingambit|9\/100 par|[from] item: Leftovers\n|upkeep\n|turn|26\n|\n|t:|1701094556\n|move|p1a: Clefable|Stored Power|p2a: Kingambit\n|-damage|p2a: Kingambit|0 fnt\n|faint|p2a: Kingambit\n|-end|p2a: Kingambit|fallen3|[silent]\n|\n|-heal|p1a: Clefable|23\/100|[from] item: Leftovers\n|upkeep\n|\n|t:|1701094565\n|switch|p2a: Iron Valiant|Iron Valiant, shiny|100\/100\n|-enditem|p2a: Iron Valiant|Booster Energy\n|-activate|p2a: Iron Valiant|ability: Quark Drive|[fromitem]\n|-start|p2a: Iron Valiant|quarkdrivespe\n|turn|27\n|\n|t:|1701094573\n|move|p2a: Iron Valiant|Close Combat|p1a: Clefable\n|-damage|p1a: Clefable|7\/100\n|-unboost|p2a: Iron Valiant|def|1\n|-unboost|p2a: Iron Valiant|spd|1\n|move|p1a: Clefable|Stored Power|p2a: Iron Valiant\n|-supereffective|p2a: Iron Valiant\n|-damage|p2a: Iron Valiant|0 fnt\n|faint|p2a: Iron Valiant\n|-end|p2a: Iron Valiant|Quark Drive|[silent]\n|\n|-heal|p1a: Clefable|13\/100|[from] item: Leftovers\n|upkeep\n|\n|t:|1701094577\n|switch|p2a: Moltres|Moltres|100\/100\n|turn|28\n|-message|Drake115 forfeited.\n|\n|win|Slo Overdose\n|raw|Slo Overdose's rating: 1406 &rarr; <strong>1429<\/strong><br \/>(+23 for winning)\n|raw|Drake115's rating: 1459 &rarr; <strong>1436<\/strong><br \/>(-23 for losing)\n|l|\u2606Drake115\n","uploadtime":1701094585,"views":2,"p1id":"slooverdose","p2id":"drake115","formatid":"gen9ou","rating":1429,"private":0,"password":""}