{"id":"gen9ou-1988894112","p1":"bxkwx","p2":"red violet blue","format":"[Gen 9] OU","log":"|j|\u2606bxkwx\n|j|\u2606red violet blue\n|t:|1699782785\n|gametype|singles\n|player|p1|bxkwx|marley|1505\n|player|p2|red violet blue|169|1430\n|teamsize|p1|6\n|teamsize|p2|6\n|gen|9\n|tier|[Gen 9] OU\n|rated|\n|rule|Sleep Clause Mod: Limit one foe put to sleep\n|rule|Species Clause: Limit one of each Pok\u00e9mon\n|rule|OHKO Clause: OHKO moves are banned\n|rule|Evasion Items Clause: Evasion items are banned\n|rule|Evasion Moves Clause: Evasion moves are banned\n|rule|Endless Battle Clause: Forcing endless battles is banned\n|rule|HP Percentage Mod: HP is shown in percentages\n|clearpoke\n|poke|p1|Shaymin|\n|poke|p1|Rillaboom, M|\n|poke|p1|Sneasler, M|\n|poke|p1|Gholdengo|\n|poke|p1|Great Tusk|\n|poke|p1|Iron Moth|\n|poke|p2|Glimmora, M|\n|poke|p2|Gholdengo|\n|poke|p2|Iron Moth|\n|poke|p2|Kingambit, F|\n|poke|p2|Ogerpon-Wellspring, F|\n|poke|p2|Dragonite, M|\n|teampreview\n|inactive|Battle timer is ON: inactive players will automatically lose when time's up. (requested by red violet blue)\n|\n|t:|1699782810\n|start\n|switch|p1a: Shaymin|Shaymin|100\/100\n|switch|p2a: Glimmora|Glimmora, M|100\/100\n|turn|1\n|\n|t:|1699782817\n|move|p1a: Shaymin|Earth Power|p2a: Glimmora\n|-supereffective|p2a: Glimmora\n|-enditem|p2a: Glimmora|Focus Sash\n|-damage|p2a: Glimmora|1\/100\n|-damage|p1a: Shaymin|91\/100|[from] item: Life Orb\n|move|p2a: Glimmora|Stealth Rock|p1a: Shaymin\n|-sidestart|p1: bxkwx|move: Stealth Rock\n|\n|upkeep\n|turn|2\n|\n|t:|1699782833\n|move|p1a: Shaymin|Tera Blast|p2a: Glimmora\n|-resisted|p2a: Glimmora\n|-damage|p2a: Glimmora|0 fnt\n|faint|p2a: Glimmora\n|-damage|p1a: Shaymin|81\/100|[from] item: Life Orb\n|\n|upkeep\n|inactive|red violet blue has 120 seconds left.\n|\n|t:|1699782872\n|switch|p2a: Ogerpon|Ogerpon-Wellspring, F|100\/100\n|turn|3\n|\n|t:|1699782883\n|move|p2a: Ogerpon|Encore|p1a: Shaymin\n|-start|p1a: Shaymin|Encore\n|move|p1a: Shaymin|Tera Blast|p2a: Ogerpon\n|-damage|p2a: Ogerpon|62\/100\n|-damage|p1a: Shaymin|71\/100|[from] item: Life Orb\n|\n|upkeep\n|turn|4\n|inactive|red violet blue has 120 seconds left.\n|\n|t:|1699782897\n|switch|p1a: Rillaboom|Rillaboom, M|100\/100\n|-damage|p1a: Rillaboom|88\/100|[from] Stealth Rock\n|-fieldstart|move: Grassy Terrain|[from] ability: Grassy Surge|[of] p1a: Rillaboom\n|move|p2a: Ogerpon|Power Whip|p1a: Rillaboom\n|-resisted|p1a: Rillaboom\n|-damage|p1a: Rillaboom|37\/100\n|\n|-heal|p2a: Ogerpon|68\/100|[from] Grassy Terrain\n|-heal|p1a: Rillaboom|43\/100|[from] Grassy Terrain\n|upkeep\n|turn|5\n|inactive|red violet blue has 120 seconds left.\n|\n|t:|1699782923\n|switch|p2a: Kingambit|Kingambit, F|100\/100\n|-activate|p2a: Kingambit|ability: Supreme Overlord\n|-start|p2a: Kingambit|fallen1|[silent]\n|move|p1a: Rillaboom|Grassy Glide|p2a: Kingambit\n|-resisted|p2a: Kingambit\n|-damage|p2a: Kingambit|76\/100\n|\n|-heal|p1a: Rillaboom|49\/100|[from] Grassy Terrain\n|-heal|p2a: Kingambit|82\/100|[from] Grassy Terrain\n|upkeep\n|turn|6\n|inactive|red violet blue has 120 seconds left.\n|\n|t:|1699782935\n|switch|p1a: Great Tusk|Great Tusk|100\/100\n|-end|p2a: Kingambit|fallen1|[silent]\n|switch|p2a: Gholdengo|Gholdengo|100\/100\n|-item|p2a: Gholdengo|Air Balloon\n|\n|upkeep\n|turn|7\n|inactive|red violet blue has 120 seconds left.\n|\n|t:|1699782948\n|move|p1a: Great Tusk|Ice Spinner|p2a: Gholdengo\n|-resisted|p2a: Gholdengo\n|-damage|p2a: Gholdengo|86\/100\n|-enditem|p2a: Gholdengo|Air Balloon\n|-fieldend|move: Grassy Terrain\n|move|p2a: Gholdengo|Shadow Ball|p1a: Great Tusk\n|-damage|p1a: Great Tusk|34\/100\n|\n|upkeep\n|turn|8\n|\n|t:|1699782955\n|switch|p2a: Ogerpon|Ogerpon-Wellspring, F|68\/100\n|move|p1a: Great Tusk|Headlong Rush|p2a: Ogerpon\n|-resisted|p2a: Ogerpon\n|-damage|p2a: Ogerpon|27\/100\n|-unboost|p1a: Great Tusk|def|1\n|-unboost|p1a: Great Tusk|spd|1\n|\n|upkeep\n|turn|9\n|\n|t:|1699782975\n|-end|p1a: Great Tusk|Protosynthesis|[silent]\n|switch|p1a: Rillaboom|Rillaboom, M|49\/100\n|-damage|p1a: Rillaboom|37\/100|[from] Stealth Rock\n|-fieldstart|move: Grassy Terrain|[from] ability: Grassy Surge|[of] p1a: Rillaboom\n|move|p2a: Ogerpon|Ivy Cudgel|p1a: Rillaboom\n|-resisted|p1a: Rillaboom\n|-damage|p1a: Rillaboom|4\/100\n|\n|-heal|p2a: Ogerpon|33\/100|[from] Grassy Terrain\n|-heal|p1a: Rillaboom|10\/100|[from] Grassy Terrain\n|upkeep\n|turn|10\n|\n|t:|1699782987\n|move|p1a: Rillaboom|Grassy Glide|p2a: Ogerpon\n|-damage|p2a: Ogerpon|0 fnt\n|faint|p2a: Ogerpon\n|\n|-heal|p1a: Rillaboom|16\/100|[from] Grassy Terrain\n|upkeep\n|inactive|red violet blue has 120 seconds left.\n|\n|t:|1699783012\n|switch|p2a: Dragonite|Dragonite, M|100\/100\n|turn|11\n|\n|t:|1699783019\n|move|p1a: Rillaboom|Grassy Glide|p2a: Dragonite\n|-resisted|p2a: Dragonite\n|-damage|p2a: Dragonite|93\/100\n|move|p2a: Dragonite|Dragon Dance|p2a: Dragonite\n|-boost|p2a: Dragonite|atk|1\n|-boost|p2a: Dragonite|spe|1\n|\n|-heal|p1a: Rillaboom|22\/100|[from] Grassy Terrain\n|upkeep\n|turn|12\n|\n|t:|1699783033\n|switch|p1a: Sneasler|Sneasler, M|100\/100\n|-damage|p1a: Sneasler|94\/100|[from] Stealth Rock\n|-enditem|p1a: Sneasler|Grassy Seed\n|-boost|p1a: Sneasler|def|1|[from] item: Grassy Seed\n|move|p2a: Dragonite|Dragon Dance|p2a: Dragonite\n|-boost|p2a: Dragonite|atk|1\n|-boost|p2a: Dragonite|spe|1\n|\n|-heal|p1a: Sneasler|100\/100|[from] Grassy Terrain\n|upkeep\n|turn|13\n|inactive|red violet blue has 120 seconds left.\n|\n|t:|1699783058\n|-terastallize|p1a: Sneasler|Flying\n|move|p2a: Dragonite|Extreme Speed|p1a: Sneasler\n|-damage|p1a: Sneasler|34\/100\n|move|p1a: Sneasler|Dire Claw|p2a: Dragonite\n|-damage|p2a: Dragonite|48\/100\n|\n|-fieldend|move: Grassy Terrain\n|upkeep\n|turn|14\n|\n|t:|1699783076\n|switch|p1a: Gholdengo|Gholdengo|100\/100\n|-damage|p1a: Gholdengo|94\/100|[from] Stealth Rock\n|move|p2a: Dragonite|Extreme Speed|p1a: Gholdengo\n|-immune|p1a: Gholdengo\n|\n|upkeep\n|turn|15\n|inactive|red violet blue has 120 seconds left.\n|\n|t:|1699783085\n|switch|p1a: Sneasler|Sneasler, M, tera:Flying|34\/100\n|-damage|p1a: Sneasler|9\/100|[from] Stealth Rock\n|move|p2a: Dragonite|Earthquake|p1a: Sneasler\n|-immune|p1a: Sneasler\n|\n|upkeep\n|turn|16\n|\n|t:|1699783096\n|move|p2a: Dragonite|Fire Punch|p1a: Sneasler\n|-damage|p1a: Sneasler|0 fnt\n|faint|p1a: Sneasler\n|\n|upkeep\n|inactive|bxkwx has 120 seconds left.\n|inactive|bxkwx has 90 seconds left.\n|\n|t:|1699783150\n|switch|p1a: Gholdengo|Gholdengo|94\/100\n|-damage|p1a: Gholdengo|88\/100|[from] Stealth Rock\n|turn|17\n|\n|t:|1699783157\n|move|p2a: Dragonite|Earthquake|p1a: Gholdengo\n|-supereffective|p1a: Gholdengo\n|-damage|p1a: Gholdengo|0 fnt\n|faint|p1a: Gholdengo\n|\n|upkeep\n|\n|t:|1699783161\n|switch|p1a: Shaymin|Shaymin|71\/100\n|-damage|p1a: Shaymin|58\/100|[from] Stealth Rock\n|turn|18\n|\n|t:|1699783169\n|move|p2a: Dragonite|Fire Punch|p1a: Shaymin\n|-supereffective|p1a: Shaymin\n|-damage|p1a: Shaymin|0 fnt\n|faint|p1a: Shaymin\n|\n|upkeep\n|\n|t:|1699783172\n|switch|p1a: Rillaboom|Rillaboom, M|22\/100\n|-damage|p1a: Rillaboom|10\/100|[from] Stealth Rock\n|-fieldstart|move: Grassy Terrain|[from] ability: Grassy Surge|[of] p1a: Rillaboom\n|turn|19\n|-message|bxkwx forfeited.\n|\n|win|red violet blue\n|raw|bxkwx's rating: 1505 &rarr; <strong>1481<\/strong><br \/>(-24 for losing)\n|raw|red violet blue's rating: 1430 &rarr; <strong>1454<\/strong><br \/>(+24 for winning)\n|l|\u2606bxkwx\n|c|\u2606red violet blue|Gg\n","uploadtime":1699783187,"views":17,"p1id":"bxkwx","p2id":"redvioletblue","formatid":"gen9ou","rating":1454,"private":0,"password":""}