{"id":"gen9ou-1999909797","p1":"midius","p2":"ArayAlex","format":"[Gen 9] OU","log":"|j|\u2606midius\n|j|\u2606ArayAlex\n|t:|1701128965\n|gametype|singles\n|player|p1|midius|266|1091\n|player|p2|ArayAlex|102|1204\n|teamsize|p1|6\n|teamsize|p2|6\n|gen|9\n|tier|[Gen 9] OU\n|rated|\n|rule|Sleep Clause Mod: Limit one foe put to sleep\n|rule|Species Clause: Limit one of each Pok\u00e9mon\n|rule|OHKO Clause: OHKO moves are banned\n|rule|Evasion Items Clause: Evasion items are banned\n|rule|Evasion Moves Clause: Evasion moves are banned\n|rule|Endless Battle Clause: Forcing endless battles is banned\n|rule|HP Percentage Mod: HP is shown in percentages\n|clearpoke\n|poke|p1|Ogerpon-Wellspring, F|\n|poke|p1|Zapdos-Galar|\n|poke|p1|Weezing-Galar, M|\n|poke|p1|Iron Moth|\n|poke|p1|Landorus-Therian, M|\n|poke|p1|Ribombee, F|\n|poke|p2|Alomomola, F|\n|poke|p2|Skeledirge, M|\n|poke|p2|Blissey, F|\n|poke|p2|Zapdos|\n|poke|p2|Great Tusk|\n|poke|p2|Amoonguss, M|\n|teampreview\n|inactive|Battle timer is ON: inactive players will automatically lose when time's up. (requested by midius)\n|\n|t:|1701128976\n|start\n|switch|p1a: Ribombee|Ribombee, F, shiny|100\/100\n|switch|p2a: Amoonguss|Amoonguss, M|100\/100\n|turn|1\n|\n|t:|1701128991\n|switch|p1a: Ogerpon|Ogerpon-Wellspring, F|100\/100\n|move|p2a: Amoonguss|Sludge Bomb|p1a: Ogerpon\n|-supereffective|p1a: Ogerpon\n|-damage|p1a: Ogerpon|31\/100\n|\n|upkeep\n|turn|2\n|\n|t:|1701129011\n|move|p1a: Ogerpon|Knock Off|p2a: Amoonguss\n|-damage|p2a: Amoonguss|58\/100\n|-enditem|p2a: Amoonguss|Black Sludge|[from] move: Knock Off|[of] p1a: Ogerpon\n|move|p2a: Amoonguss|Foul Play|p1a: Ogerpon\n|-damage|p1a: Ogerpon|0 fnt\n|faint|p1a: Ogerpon\n|\n|upkeep\n|\n|t:|1701129020\n|switch|p1a: Zapdos|Zapdos-Galar|100\/100\n|turn|3\n|\n|t:|1701129040\n|switch|p2a: Alomomola|Alomomola, F|100\/100\n|move|p1a: Zapdos|Drill Peck|p2a: Alomomola\n|-damage|p2a: Alomomola|80\/100\n|-damage|p1a: Zapdos|84\/100|[from] item: Rocky Helmet|[of] p2a: Alomomola\n|\n|upkeep\n|turn|4\n|inactive|midius has 120 seconds left.\n|\n|t:|1701129061\n|move|p1a: Zapdos|Trailblaze|p2a: Alomomola\n|-supereffective|p2a: Alomomola\n|-damage|p2a: Alomomola|63\/100\n|-boost|p1a: Zapdos|spe|1\n|-damage|p1a: Zapdos|67\/100|[from] item: Rocky Helmet|[of] p2a: Alomomola\n|move|p2a: Alomomola|Scald|p1a: Zapdos\n|-damage|p1a: Zapdos|53\/100\n|\n|upkeep\n|turn|5\n|inactive|midius has 120 seconds left.\n|\n|t:|1701129077\n|move|p1a: Zapdos|Focus Energy|p1a: Zapdos\n|-start|p1a: Zapdos|move: Focus Energy\n|move|p2a: Alomomola|Scald|p1a: Zapdos\n|-damage|p1a: Zapdos|39\/100\n|\n|upkeep\n|turn|6\n|inactive|ArayAlex has 120 seconds left.\n|\n|t:|1701129095\n|move|p1a: Zapdos|Thunderous Kick|p2a: Alomomola\n|-damage|p2a: Alomomola|37\/100\n|-unboost|p2a: Alomomola|def|1\n|-damage|p1a: Zapdos|22\/100|[from] item: Rocky Helmet|[of] p2a: Alomomola\n|move|p2a: Alomomola|Flip Turn|p1a: Zapdos\n|-damage|p1a: Zapdos|2\/100\n|inactive|ArayAlex has 120 seconds left.\n|\n|t:|1701129104\n|switch|p2a: Amoonguss|Amoonguss, M|91\/100|[from] Flip Turn\n|\n|upkeep\n|turn|7\n|inactive|ArayAlex has 120 seconds left.\n|\n|t:|1701129117\n|move|p1a: Zapdos|Drill Peck|p2a: Amoonguss\n|-supereffective|p2a: Amoonguss\n|-crit|p2a: Amoonguss\n|-damage|p2a: Amoonguss|0 fnt\n|faint|p2a: Amoonguss\n|\n|upkeep\n|inactive|ArayAlex has 120 seconds left.\n|\n|t:|1701129133\n|switch|p2a: Skeledirge|Skeledirge, M|100\/100\n|turn|8\n|\n|t:|1701129142\n|move|p1a: Zapdos|Drill Peck|p2a: Skeledirge\n|-crit|p2a: Skeledirge\n|-damage|p2a: Skeledirge|64\/100\n|move|p2a: Skeledirge|Torch Song|p1a: Zapdos\n|-damage|p1a: Zapdos|0 fnt\n|-boost|p2a: Skeledirge|spa|1\n|faint|p1a: Zapdos\n|-enditem|p2a: Skeledirge|Throat Spray\n|-boost|p2a: Skeledirge|spa|1|[from] item: Throat Spray\n|\n|upkeep\n|\n|t:|1701129161\n|switch|p1a: Ribombee|Ribombee, F, shiny|100\/100\n|turn|9\n|inactive|ArayAlex has 120 seconds left.\n|inactive|ArayAlex has 90 seconds left.\n|\n|t:|1701129203\n|switch|p1a: Landorus|Landorus-Therian, M|100\/100\n|-ability|p1a: Landorus|Intimidate|boost\n|-unboost|p2a: Skeledirge|atk|1\n|-terastallize|p2a: Skeledirge|Water\n|move|p2a: Skeledirge|Torch Song|p1a: Landorus\n|-damage|p1a: Landorus|39\/100\n|-boost|p2a: Skeledirge|spa|1\n|\n|upkeep\n|turn|10\n|inactive|ArayAlex has 90 seconds left.\n|\n|t:|1701129221\n|move|p1a: Landorus|Earthquake|p2a: Skeledirge\n|-damage|p2a: Skeledirge|36\/100\n|move|p2a: Skeledirge|Slack Off|p2a: Skeledirge\n|-heal|p2a: Skeledirge|86\/100\n|\n|upkeep\n|turn|11\n|inactive|ArayAlex has 90 seconds left.\n|\n|t:|1701129244\n|move|p1a: Landorus|Taunt|p2a: Skeledirge\n|-start|p2a: Skeledirge|move: Taunt\n|move|p2a: Skeledirge|Torch Song|p1a: Landorus\n|-damage|p1a: Landorus|0 fnt\n|-boost|p2a: Skeledirge|spa|1\n|faint|p1a: Landorus\n|\n|upkeep\n|inactive|midius has 120 seconds left.\n|\n|t:|1701129275\n|switch|p1a: Iron Moth|Iron Moth|100\/100\n|-enditem|p1a: Iron Moth|Booster Energy\n|-activate|p1a: Iron Moth|ability: Quark Drive|[fromitem]\n|-start|p1a: Iron Moth|quarkdrivespe\n|turn|12\n|inactive|ArayAlex has 90 seconds left.\n|\n|t:|1701129299\n|-terastallize|p1a: Iron Moth|Grass\n|move|p1a: Iron Moth|Substitute|p1a: Iron Moth\n|-start|p1a: Iron Moth|Substitute\n|-damage|p1a: Iron Moth|76\/100\n|move|p2a: Skeledirge|Torch Song|p1a: Iron Moth\n|-supereffective|p1a: Iron Moth\n|-damage|p1a: Iron Moth|0 fnt\n|-boost|p2a: Skeledirge|spa|1\n|faint|p1a: Iron Moth\n|-end|p1a: Iron Moth|Quark Drive|[silent]\n|\n|upkeep\n|\n|t:|1701129310\n|switch|p1a: Ribombee|Ribombee, F, shiny|100\/100\n|turn|13\n|\n|t:|1701129317\n|move|p1a: Ribombee|Draining Kiss|p2a: Skeledirge\n|-damage|p2a: Skeledirge|63\/100\n|move|p2a: Skeledirge|Torch Song|p1a: Ribombee\n|-supereffective|p1a: Ribombee\n|-damage|p1a: Ribombee|0 fnt\n|-boost|p2a: Skeledirge|spa|1\n|faint|p1a: Ribombee\n|\n|-end|p2a: Skeledirge|move: Taunt\n|upkeep\n|\n|t:|1701129322\n|switch|p1a: Weezing|Weezing-Galar, M|100\/100\n|-ability|p1a: Weezing|Neutralizing Gas\n|turn|14\n|inactive|midius has 120 seconds left.\n|\n|t:|1701129337\n|move|p1a: Weezing|Destiny Bond|p1a: Weezing\n|-singlemove|p1a: Weezing|Destiny Bond\n|move|p2a: Skeledirge|Torch Song|p1a: Weezing\n|-damage|p1a: Weezing|0 fnt\n|faint|p1a: Weezing\n|-activate|p1a: Weezing|move: Destiny Bond\n|-end|p1a: Weezing|ability: Neutralizing Gas\n|faint|p2a: Skeledirge\n|\n|win|ArayAlex\n|raw|midius's rating: 1123 &rarr; <strong>1104<\/strong><br \/>(-19 for losing)\n|raw|ArayAlex's rating: 1204 &rarr; <strong>1223<\/strong><br \/>(+19 for winning)\n|l|\u2606midius\n","uploadtime":1701129350,"views":3,"p1id":"midius","p2id":"arayalex","formatid":"gen9ou","rating":1104,"private":0,"password":""}