{"id":"gen9ou-1992919046","p1":"dagger4275","p2":"supervalou","format":"[Gen 9] OU","log":"|j|\u2606dagger4275\n|j|\u2606supervalou\n|t:|1700246802\n|gametype|singles\n|player|p1|dagger4275|fisherman-gen4|1122\n|player|p2|supervalou|170|1108\n|teamsize|p1|6\n|teamsize|p2|6\n|gen|9\n|tier|[Gen 9] OU\n|rated|\n|rule|Sleep Clause Mod: Limit one foe put to sleep\n|rule|Species Clause: Limit one of each Pok\u00e9mon\n|rule|OHKO Clause: OHKO moves are banned\n|rule|Evasion Items Clause: Evasion items are banned\n|rule|Evasion Moves Clause: Evasion moves are banned\n|rule|Endless Battle Clause: Forcing endless battles is banned\n|rule|HP Percentage Mod: HP is shown in percentages\n|clearpoke\n|poke|p1|Grafaiai, F|\n|poke|p1|Cinderace, F|\n|poke|p1|Rotom-Wash|\n|poke|p1|Corviknight, F|\n|poke|p1|Alomomola, F|\n|poke|p1|Floatzel, F|\n|poke|p2|Kingambit, M|\n|poke|p2|Great Tusk|\n|poke|p2|Dragapult, F|\n|poke|p2|Ogerpon-Wellspring, F|\n|poke|p2|Blissey, F|\n|poke|p2|Zapdos|\n|teampreview\n|inactive|Battle timer is ON: inactive players will automatically lose when time's up. (requested by dagger4275)\n|\n|t:|1700246822\n|start\n|switch|p1a: Cinderace|Cinderace, F|100\/100\n|switch|p2a: Blissey|Blissey, F|100\/100\n|turn|1\n|\n|t:|1700246830\n|move|p1a: Cinderace|U-turn|p2a: Blissey\n|-start|p1a: Cinderace|typechange|Bug|[from] ability: Libero\n|-damage|p2a: Blissey|55\/100\n|\n|t:|1700246835\n|switch|p1a: Rotom|Rotom-Wash|100\/100|[from] U-turn\n|move|p2a: Blissey|Stealth Rock|p1a: Rotom\n|-sidestart|p1: dagger4275|move: Stealth Rock\n|\n|upkeep\n|turn|2\n|\n|t:|1700246843\n|move|p1a: Rotom|Discharge|p2a: Blissey\n|-damage|p2a: Blissey|39\/100\n|move|p2a: Blissey|Soft-Boiled|p2a: Blissey\n|-heal|p2a: Blissey|89\/100\n|\n|upkeep\n|turn|3\n|\n|t:|1700246860\n|move|p1a: Rotom|Will-O-Wisp|p2a: Blissey\n|-status|p2a: Blissey|brn\n|move|p2a: Blissey|Seismic Toss|p1a: Rotom\n|-damage|p1a: Rotom|68\/100\n|\n|-heal|p1a: Rotom|74\/100|[from] item: Leftovers\n|-damage|p2a: Blissey|83\/100 brn|[from] brn\n|upkeep\n|turn|4\n|\n|t:|1700246870\n|move|p1a: Rotom|Volt Switch|p2a: Blissey\n|-damage|p2a: Blissey|70\/100 brn\n|\n|t:|1700246872\n|switch|p1a: Alomomola|Alomomola, F|100\/100|[from] Volt Switch\n|-damage|p1a: Alomomola|88\/100|[from] Stealth Rock\n|move|p2a: Blissey|Seismic Toss|p1a: Alomomola\n|-damage|p1a: Alomomola|69\/100\n|\n|-heal|p1a: Alomomola|76\/100|[from] item: Leftovers\n|-damage|p2a: Blissey|64\/100 brn|[from] brn\n|upkeep\n|turn|5\n|\n|t:|1700246885\n|move|p1a: Alomomola|Wish|p1a: Alomomola\n|move|p2a: Blissey|Soft-Boiled|p2a: Blissey\n|-heal|p2a: Blissey|100\/100 brn\n|\n|-heal|p1a: Alomomola|82\/100|[from] item: Leftovers\n|-damage|p2a: Blissey|94\/100 brn|[from] brn\n|upkeep\n|turn|6\n|\n|t:|1700246906\n|switch|p1a: Cinderace|Cinderace, F|100\/100\n|-damage|p1a: Cinderace|76\/100|[from] Stealth Rock\n|-curestatus|p2a: Blissey|brn|[from] ability: Natural Cure\n|switch|p2a: Zapdos|Zapdos|100\/100\n|\n|-heal|p1a: Cinderace|100\/100|[from] move: Wish|[wisher] Alomomola\n|upkeep\n|turn|7\n|\n|t:|1700246919\n|move|p1a: Cinderace|U-turn|p2a: Zapdos\n|-start|p1a: Cinderace|typechange|Bug|[from] ability: Libero\n|-resisted|p2a: Zapdos\n|-damage|p2a: Zapdos|82\/100\n|\n|t:|1700246924\n|switch|p1a: Rotom|Rotom-Wash|74\/100|[from] U-turn\n|-damage|p1a: Rotom|61\/100|[from] Stealth Rock\n|move|p2a: Zapdos|Volt Switch|p1a: Rotom\n|-damage|p1a: Rotom|31\/100\n|\n|t:|1700246934\n|switch|p2a: Dragapult|Dragapult, F|100\/100|[from] Volt Switch\n|\n|-heal|p1a: Rotom|38\/100|[from] item: Leftovers\n|upkeep\n|turn|8\n|\n|t:|1700246942\n|move|p2a: Dragapult|Shadow Ball|p1a: Rotom\n|-damage|p1a: Rotom|0 fnt\n|faint|p1a: Rotom\n|\n|upkeep\n|\n|t:|1700246951\n|switch|p1a: Grafaiai|Grafaiai, F|100\/100\n|-damage|p1a: Grafaiai|88\/100|[from] Stealth Rock\n|turn|9\n|\n|t:|1700246961\n|switch|p2a: Zapdos|Zapdos|82\/100\n|move|p1a: Grafaiai|Knock Off|p2a: Zapdos\n|-damage|p2a: Zapdos|59\/100\n|-status|p2a: Zapdos|psn|[from] ability: Poison Touch|[of] p1a: Grafaiai\n|-enditem|p2a: Zapdos|Heavy-Duty Boots|[from] move: Knock Off|[of] p1a: Grafaiai\n|\n|-damage|p2a: Zapdos|46\/100 psn|[from] psn\n|upkeep\n|turn|10\n|inactive|dagger4275 has 120 seconds left.\n|\n|t:|1700246995\n|move|p1a: Grafaiai|Parting Shot|p2a: Zapdos\n|-unboost|p2a: Zapdos|atk|1\n|-unboost|p2a: Zapdos|spa|1\n|inactive|dagger4275 has 120 seconds left.\n|\n|t:|1700247000\n|switch|p1a: Corviknight|Corviknight, F|100\/100|[from] Parting Shot\n|-damage|p1a: Corviknight|88\/100|[from] Stealth Rock\n|move|p2a: Zapdos|Volt Switch|p1a: Corviknight\n|-supereffective|p1a: Corviknight\n|-damage|p1a: Corviknight|51\/100\n|\n|t:|1700247012\n|switch|p2a: Dragapult|Dragapult, F|100\/100|[from] Volt Switch\n|\n|-heal|p1a: Corviknight|58\/100|[from] item: Leftovers\n|upkeep\n|turn|11\n|\n|t:|1700247019\n|move|p2a: Dragapult|Flamethrower|p1a: Corviknight\n|-supereffective|p1a: Corviknight\n|-damage|p1a: Corviknight|0 fnt\n|faint|p1a: Corviknight\n|\n|upkeep\n|\n|t:|1700247024\n|switch|p1a: Grafaiai|Grafaiai, F|88\/100\n|-damage|p1a: Grafaiai|76\/100|[from] Stealth Rock\n|turn|12\n|\n|t:|1700247030\n|switch|p2a: Kingambit|Kingambit, M|100\/100\n|move|p1a: Grafaiai|Knock Off|p2a: Kingambit\n|-resisted|p2a: Kingambit\n|-damage|p2a: Kingambit|89\/100\n|-enditem|p2a: Kingambit|Mental Herb|[from] move: Knock Off|[of] p1a: Grafaiai\n|\n|upkeep\n|turn|13\n|\n|t:|1700247038\n|move|p1a: Grafaiai|Parting Shot|p2a: Kingambit\n|-unboost|p2a: Kingambit|atk|1\n|-unboost|p2a: Kingambit|spa|1\n|\n|t:|1700247043\n|switch|p1a: Alomomola|Alomomola, F|100\/100|[from] Parting Shot\n|-damage|p1a: Alomomola|88\/100|[from] Stealth Rock\n|move|p2a: Kingambit|Swords Dance|p2a: Kingambit\n|-boost|p2a: Kingambit|atk|2\n|\n|-heal|p1a: Alomomola|94\/100|[from] item: Leftovers\n|upkeep\n|turn|14\n|\n|t:|1700247052\n|-end|p2a: Kingambit|fallenundefined|[silent]\n|switch|p2a: Great Tusk|Great Tusk|100\/100\n|move|p1a: Alomomola|Whirlpool|p2a: Great Tusk\n|-supereffective|p2a: Great Tusk\n|-crit|p2a: Great Tusk\n|-damage|p2a: Great Tusk|78\/100\n|-activate|p2a: Great Tusk|move: Whirlpool|[of] p1a: Alomomola\n|\n|-heal|p2a: Great Tusk|84\/100|[from] item: Leftovers\n|-heal|p1a: Alomomola|100\/100|[from] item: Leftovers\n|-damage|p2a: Great Tusk|72\/100|[from] move: Whirlpool|[partiallytrapped]\n|upkeep\n|turn|15\n|\n|t:|1700247068\n|move|p2a: Great Tusk|Earthquake|p1a: Alomomola\n|-damage|p1a: Alomomola|72\/100\n|move|p1a: Alomomola|Wish|p1a: Alomomola\n|\n|-heal|p2a: Great Tusk|78\/100|[from] item: Leftovers\n|-heal|p1a: Alomomola|78\/100|[from] item: Leftovers\n|-damage|p2a: Great Tusk|65\/100|[from] move: Whirlpool|[partiallytrapped]\n|upkeep\n|turn|16\n|\n|t:|1700247078\n|move|p2a: Great Tusk|Knock Off|p1a: Alomomola\n|-damage|p1a: Alomomola|56\/100\n|-enditem|p1a: Alomomola|Leftovers|[from] move: Knock Off|[of] p2a: Great Tusk\n|move|p1a: Alomomola|Body Slam|p2a: Great Tusk\n|-damage|p2a: Great Tusk|55\/100\n|\n|-heal|p1a: Alomomola|100\/100|[from] move: Wish|[wisher] Alomomola\n|-heal|p2a: Great Tusk|61\/100|[from] item: Leftovers\n|-damage|p2a: Great Tusk|49\/100|[from] move: Whirlpool|[partiallytrapped]\n|upkeep\n|turn|17\n|\n|t:|1700247091\n|move|p2a: Great Tusk|Bulk Up|p2a: Great Tusk\n|-boost|p2a: Great Tusk|atk|1\n|-boost|p2a: Great Tusk|def|1\n|move|p1a: Alomomola|Wish|p1a: Alomomola\n|\n|-heal|p2a: Great Tusk|55\/100|[from] item: Leftovers\n|-damage|p2a: Great Tusk|43\/100|[from] move: Whirlpool|[partiallytrapped]\n|upkeep\n|turn|18\n|\n|t:|1700247100\n|move|p2a: Great Tusk|Earthquake|p1a: Alomomola\n|-damage|p1a: Alomomola|51\/100\n|move|p1a: Alomomola|Flip Turn|p2a: Great Tusk\n|-supereffective|p2a: Great Tusk\n|-damage|p2a: Great Tusk|29\/100\n|\n|t:|1700247109\n|switch|p1a: Floatzel|Floatzel, F|100\/100|[from] Flip Turn\n|-damage|p1a: Floatzel|88\/100|[from] Stealth Rock\n|\n|-heal|p1a: Floatzel|100\/100|[from] move: Wish|[wisher] Alomomola\n|-heal|p2a: Great Tusk|35\/100|[from] item: Leftovers\n|-end|p2a: Great Tusk|Whirlpool|[partiallytrapped]\n|upkeep\n|turn|19\n|\n|t:|1700247121\n|-terastallize|p2a: Great Tusk|Steel\n|move|p1a: Floatzel|Flip Turn|p2a: Great Tusk\n|-damage|p2a: Great Tusk|17\/100\n|\n|t:|1700247127\n|switch|p1a: Alomomola|Alomomola, F|85\/100|[from] Flip Turn\n|-damage|p1a: Alomomola|72\/100|[from] Stealth Rock\n|move|p2a: Great Tusk|Earthquake|p1a: Alomomola\n|-damage|p1a: Alomomola|26\/100\n|\n|-heal|p2a: Great Tusk|23\/100|[from] item: Leftovers\n|upkeep\n|turn|20\n|\n|t:|1700247137\n|move|p2a: Great Tusk|Earthquake|p1a: Alomomola\n|-damage|p1a: Alomomola|0 fnt\n|faint|p1a: Alomomola\n|\n|-heal|p2a: Great Tusk|29\/100|[from] item: Leftovers\n|upkeep\n|\n|t:|1700247161\n|switch|p1a: Cinderace|Cinderace, F|100\/100\n|-damage|p1a: Cinderace|76\/100|[from] Stealth Rock\n|turn|21\n|\n|t:|1700247169\n|move|p1a: Cinderace|Pyro Ball|p2a: Great Tusk\n|-supereffective|p2a: Great Tusk\n|-damage|p2a: Great Tusk|0 fnt\n|faint|p2a: Great Tusk\n|-end|p2a: Great Tusk|Protosynthesis|[silent]\n|\n|upkeep\n|\n|t:|1700247185\n|switch|p2a: Dragapult|Dragapult, F|100\/100\n|turn|22\n|\n|t:|1700247193\n|switch|p1a: Floatzel|Floatzel, F|100\/100\n|-damage|p1a: Floatzel|88\/100|[from] Stealth Rock\n|move|p2a: Dragapult|Draco Meteor|p1a: Floatzel\n|-damage|p1a: Floatzel|0 fnt\n|-unboost|p2a: Dragapult|spa|2\n|faint|p1a: Floatzel\n|\n|upkeep\n|\n|t:|1700247195\n|switch|p1a: Grafaiai|Grafaiai, F|76\/100\n|-damage|p1a: Grafaiai|63\/100|[from] Stealth Rock\n|turn|23\n|\n|t:|1700247206\n|switch|p2a: Kingambit|Kingambit, M|89\/100\n|-activate|p2a: Kingambit|ability: Supreme Overlord\n|-start|p2a: Kingambit|fallen1|[silent]\n|move|p1a: Grafaiai|Parting Shot|p2a: Kingambit\n|-unboost|p2a: Kingambit|atk|1\n|-unboost|p2a: Kingambit|spa|1\n|\n|t:|1700247209\n|switch|p1a: Cinderace|Cinderace, F|76\/100|[from] Parting Shot\n|-damage|p1a: Cinderace|51\/100|[from] Stealth Rock\n|\n|upkeep\n|turn|24\n|\n|t:|1700247218\n|-terastallize|p1a: Cinderace|Fire\n|move|p2a: Kingambit|Sucker Punch|p1a: Cinderace\n|-damage|p1a: Cinderace|4\/100\n|move|p1a: Cinderace|Pyro Ball|p2a: Kingambit|[miss]\n|-miss|p1a: Cinderace|p2a: Kingambit\n|\n|upkeep\n|turn|25\n|\n|t:|1700247226\n|move|p1a: Cinderace|Pyro Ball|p2a: Kingambit|[miss]\n|-miss|p1a: Cinderace|p2a: Kingambit\n|move|p2a: Kingambit|Swords Dance|p2a: Kingambit\n|-boost|p2a: Kingambit|atk|2\n|\n|upkeep\n|turn|26\n|c|\u2606dagger4275|Fucking 90% my ass\n|\n|t:|1700247239\n|move|p2a: Kingambit|Sucker Punch|p1a: Cinderace\n|-damage|p1a: Cinderace|0 fnt\n|faint|p1a: Cinderace\n|\n|upkeep\n|-message|dagger4275 forfeited.\n|\n|win|supervalou\n|raw|dagger4275's rating: 1122 &rarr; <strong>1096<\/strong><br \/>(-26 for losing)\n|raw|supervalou's rating: 1108 &rarr; <strong>1134<\/strong><br \/>(+26 for winning)\n","uploadtime":1700247236,"views":21,"p1id":"dagger4275","p2id":"supervalou","formatid":"gen9ou","rating":1096,"private":0,"password":""}