{"id":"gen9ou-1993803964","p1":"daniplus","p2":"krelenlor","format":"[Gen 9] OU","log":"|j|\u2606daniplus\n|j|\u2606krelenlor\n|t:|1700359263\n|gametype|singles\n|player|p1|daniplus|riley|1083\n|player|p2|krelenlor|266|1052\n|teamsize|p1|6\n|teamsize|p2|6\n|gen|9\n|tier|[Gen 9] OU\n|rated|\n|rule|Sleep Clause Mod: Limit one foe put to sleep\n|rule|Species Clause: Limit one of each Pok\u00e9mon\n|rule|OHKO Clause: OHKO moves are banned\n|rule|Evasion Items Clause: Evasion items are banned\n|rule|Evasion Moves Clause: Evasion moves are banned\n|rule|Endless Battle Clause: Forcing endless battles is banned\n|rule|HP Percentage Mod: HP is shown in percentages\n|clearpoke\n|poke|p1|Clodsire, F|\n|poke|p1|Salazzle, F|\n|poke|p1|Toxtricity, M|\n|poke|p1|Forretress, F|\n|poke|p1|Glimmora, M|\n|poke|p1|Chansey, F|\n|poke|p2|Blissey, F|\n|poke|p2|Kingambit, F|\n|poke|p2|Iron Hands|\n|poke|p2|Skeledirge, M|\n|poke|p2|Sneasler, M|\n|poke|p2|Rillaboom, F|\n|teampreview\n|\n|t:|1700359291\n|start\n|switch|p1a: Glimmora|Glimmora, M, shiny|100\/100\n|switch|p2a: Rillaboom|Rillaboom, F, shiny|100\/100\n|-fieldstart|move: Grassy Terrain|[from] ability: Grassy Surge|[of] p2a: Rillaboom\n|turn|1\n|\n|t:|1700359309\n|move|p1a: Glimmora|Mortal Spin|p2a: Rillaboom\n|-supereffective|p2a: Rillaboom\n|-damage|p2a: Rillaboom|88\/100\n|-status|p2a: Rillaboom|psn\n|move|p2a: Rillaboom|Swords Dance|p2a: Rillaboom\n|-boost|p2a: Rillaboom|atk|2\n|\n|-heal|p2a: Rillaboom|94\/100 psn|[from] Grassy Terrain\n|-damage|p2a: Rillaboom|81\/100 psn|[from] psn\n|upkeep\n|turn|2\n|\n|t:|1700359326\n|move|p1a: Glimmora|Protect|p1a: Glimmora\n|-singleturn|p1a: Glimmora|Protect\n|move|p2a: Rillaboom|Knock Off|p1a: Glimmora\n|-activate|p1a: Glimmora|move: Protect\n|\n|-heal|p2a: Rillaboom|88\/100 psn|[from] Grassy Terrain\n|-damage|p2a: Rillaboom|75\/100 psn|[from] psn\n|upkeep\n|turn|3\n|\n|t:|1700359350\n|move|p1a: Glimmora|Stealth Rock|p2a: Rillaboom\n|-sidestart|p2: krelenlor|move: Stealth Rock\n|move|p2a: Rillaboom|Knock Off|p1a: Glimmora\n|-damage|p1a: Glimmora|31\/100\n|-activate|p1a: Glimmora|ability: Toxic Debris\n|-sidestart|p2: krelenlor|move: Toxic Spikes\n|-enditem|p1a: Glimmora|Focus Sash|[from] move: Knock Off|[of] p2a: Rillaboom\n|\n|-heal|p1a: Glimmora|37\/100|[from] Grassy Terrain\n|-heal|p2a: Rillaboom|81\/100 psn|[from] Grassy Terrain\n|-damage|p2a: Rillaboom|69\/100 psn|[from] psn\n|upkeep\n|turn|4\n|\n|t:|1700359361\n|move|p1a: Glimmora|Protect|p1a: Glimmora\n|-singleturn|p1a: Glimmora|Protect\n|move|p2a: Rillaboom|Grassy Glide|p1a: Glimmora\n|-activate|p1a: Glimmora|move: Protect\n|\n|-heal|p1a: Glimmora|43\/100|[from] Grassy Terrain\n|-heal|p2a: Rillaboom|75\/100 psn|[from] Grassy Terrain\n|-damage|p2a: Rillaboom|63\/100 psn|[from] psn\n|upkeep\n|turn|5\n|\n|t:|1700359389\n|move|p1a: Glimmora|Protect||[still]\n|-fail|p1a: Glimmora\n|move|p2a: Rillaboom|Swords Dance|p2a: Rillaboom\n|-boost|p2a: Rillaboom|atk|2\n|\n|-heal|p1a: Glimmora|49\/100|[from] Grassy Terrain\n|-heal|p2a: Rillaboom|69\/100 psn|[from] Grassy Terrain\n|-damage|p2a: Rillaboom|57\/100 psn|[from] psn\n|-fieldend|move: Grassy Terrain\n|upkeep\n|turn|6\n|\n|t:|1700359402\n|move|p1a: Glimmora|Protect|p1a: Glimmora\n|-singleturn|p1a: Glimmora|Protect\n|move|p2a: Rillaboom|Swords Dance|p2a: Rillaboom\n|-boost|p2a: Rillaboom|atk|2\n|\n|-damage|p2a: Rillaboom|44\/100 psn|[from] psn\n|upkeep\n|turn|7\n|\n|t:|1700359412\n|switch|p1a: Clodsire|Clodsire, F, shiny|100\/100\n|-item|p1a: Clodsire|Air Balloon\n|move|p2a: Rillaboom|Knock Off|p1a: Clodsire\n|-damage|p1a: Clodsire|0 fnt\n|-enditem|p1a: Clodsire|Air Balloon\n|faint|p1a: Clodsire\n|\n|-damage|p2a: Rillaboom|32\/100 psn|[from] psn\n|upkeep\n|\n|t:|1700359430\n|switch|p1a: Glimmora|Glimmora, M, shiny|49\/100\n|turn|8\n|\n|t:|1700359439\n|move|p1a: Glimmora|Mortal Spin|p2a: Rillaboom\n|-supereffective|p2a: Rillaboom\n|-damage|p2a: Rillaboom|19\/100 psn\n|move|p2a: Rillaboom|Knock Off|p1a: Glimmora\n|-damage|p1a: Glimmora|0 fnt\n|-activate|p1a: Glimmora|ability: Toxic Debris\n|-sidestart|p2: krelenlor|move: Toxic Spikes\n|faint|p1a: Glimmora\n|\n|-damage|p2a: Rillaboom|7\/100 psn|[from] psn\n|upkeep\n|\n|t:|1700359469\n|switch|p1a: Chansey|Chansey, F|100\/100\n|turn|9\n|\n|t:|1700359478\n|move|p1a: Chansey|Protect|p1a: Chansey\n|-singleturn|p1a: Chansey|Protect\n|move|p2a: Rillaboom|Knock Off|p1a: Chansey\n|-activate|p1a: Chansey|move: Protect\n|\n|-damage|p2a: Rillaboom|0 fnt|[from] psn\n|faint|p2a: Rillaboom\n|upkeep\n|\n|t:|1700359493\n|switch|p2a: Iron Hands|Iron Hands|100\/100\n|-damage|p2a: Iron Hands|94\/100|[from] Stealth Rock\n|-status|p2a: Iron Hands|tox\n|turn|10\n|\n|t:|1700359507\n|switch|p1a: Forretress|Forretress, F, shiny|100\/100\n|move|p2a: Iron Hands|Belly Drum|p2a: Iron Hands\n|-damage|p2a: Iron Hands|44\/100 tox\n|-setboost|p2a: Iron Hands|atk|6|[from] move: Belly Drum\n|-enditem|p2a: Iron Hands|Sitrus Berry|[eat]\n|-heal|p2a: Iron Hands|69\/100 tox|[from] item: Sitrus Berry\n|\n|-damage|p2a: Iron Hands|63\/100 tox|[from] psn\n|upkeep\n|turn|11\n|\n|t:|1700359535\n|move|p2a: Iron Hands|Drain Punch|p1a: Forretress\n|-damage|p1a: Forretress|26\/100\n|-heal|p2a: Iron Hands|92\/100 tox|[from] drain|[of] p1a: Forretress\n|move|p1a: Forretress|Gyro Ball|p2a: Iron Hands\n|-resisted|p2a: Iron Hands\n|-damage|p2a: Iron Hands|88\/100 tox\n|\n|-heal|p1a: Forretress|32\/100|[from] item: Leftovers\n|-damage|p2a: Iron Hands|76\/100 tox|[from] psn\n|upkeep\n|turn|12\n|\n|t:|1700359545\n|move|p1a: Forretress|Protect|p1a: Forretress\n|-singleturn|p1a: Forretress|Protect\n|move|p2a: Iron Hands|Drain Punch|p1a: Forretress\n|-activate|p1a: Forretress|move: Protect\n|\n|-heal|p1a: Forretress|38\/100|[from] item: Leftovers\n|-damage|p2a: Iron Hands|57\/100 tox|[from] psn\n|upkeep\n|turn|13\n|\n|t:|1700359566\n|move|p1a: Forretress|Protect|p1a: Forretress\n|-singleturn|p1a: Forretress|Protect\n|move|p2a: Iron Hands|Drain Punch|p1a: Forretress\n|-activate|p1a: Forretress|move: Protect\n|\n|-heal|p1a: Forretress|44\/100|[from] item: Leftovers\n|-damage|p2a: Iron Hands|32\/100 tox|[from] psn\n|upkeep\n|turn|14\n|\n|t:|1700359575\n|switch|p1a: Salazzle|Salazzle, F, shiny|100\/100\n|move|p2a: Iron Hands|Drain Punch|p1a: Salazzle\n|-resisted|p1a: Salazzle\n|-enditem|p1a: Salazzle|Focus Sash\n|-damage|p1a: Salazzle|1\/100\n|-heal|p2a: Iron Hands|70\/100 tox|[from] drain|[of] p1a: Salazzle\n|\n|-damage|p2a: Iron Hands|39\/100 tox|[from] psn\n|upkeep\n|turn|15\n|\n|t:|1700359593\n|move|p1a: Salazzle|Protect|p1a: Salazzle\n|-singleturn|p1a: Salazzle|Protect\n|move|p2a: Iron Hands|Drain Punch|p1a: Salazzle\n|-activate|p1a: Salazzle|move: Protect\n|\n|-damage|p2a: Iron Hands|1\/100 tox|[from] psn\n|upkeep\n|turn|16\n|\n|t:|1700359602\n|move|p1a: Salazzle|Protect|p1a: Salazzle\n|-singleturn|p1a: Salazzle|Protect\n|move|p2a: Iron Hands|Drain Punch|p1a: Salazzle\n|-activate|p1a: Salazzle|move: Protect\n|\n|-damage|p2a: Iron Hands|0 fnt|[from] psn\n|faint|p2a: Iron Hands\n|-end|p2a: Iron Hands|Quark Drive|[silent]\n|upkeep\n|\n|t:|1700359619\n|switch|p2a: Kingambit|Kingambit, F|100\/100\n|-damage|p2a: Kingambit|94\/100|[from] Stealth Rock\n|turn|17\n|\n|t:|1700359630\n|move|p1a: Salazzle|Toxic|p2a: Kingambit\n|-status|p2a: Kingambit|tox\n|move|p2a: Kingambit|Swords Dance|p2a: Kingambit\n|-boost|p2a: Kingambit|atk|2\n|\n|-damage|p2a: Kingambit|88\/100 tox|[from] psn\n|upkeep\n|turn|18\n|\n|t:|1700359652\n|switch|p1a: Forretress|Forretress, F, shiny|44\/100\n|-terastallize|p2a: Kingambit|Dark\n|move|p2a: Kingambit|Sucker Punch||[still]\n|-fail|p2a: Kingambit\n|\n|-heal|p1a: Forretress|50\/100|[from] item: Leftovers\n|-damage|p2a: Kingambit|76\/100 tox|[from] psn\n|upkeep\n|turn|19\n|\n|t:|1700359662\n|move|p1a: Forretress|Protect|p1a: Forretress\n|-singleturn|p1a: Forretress|Protect\n|move|p2a: Kingambit|Kowtow Cleave|p1a: Forretress\n|-activate|p1a: Forretress|move: Protect\n|\n|-heal|p1a: Forretress|57\/100|[from] item: Leftovers\n|-damage|p2a: Kingambit|57\/100 tox|[from] psn\n|upkeep\n|turn|20\n|c|\u2606krelenlor|fucking shit all of your mons have protect\n|\n|t:|1700359696\n|switch|p1a: Salazzle|Salazzle, F, shiny|1\/100\n|move|p2a: Kingambit|Kowtow Cleave|p1a: Salazzle\n|-damage|p1a: Salazzle|0 fnt\n|faint|p1a: Salazzle\n|\n|-damage|p2a: Kingambit|33\/100 tox|[from] psn\n|upkeep\n|\n|t:|1700359703\n|switch|p1a: Chansey|Chansey, F|100\/100\n|turn|21\n|c|\u2606daniplus|yes\n|\n|t:|1700359718\n|move|p1a: Chansey|Protect|p1a: Chansey\n|-singleturn|p1a: Chansey|Protect\n|move|p2a: Kingambit|Kowtow Cleave|p1a: Chansey\n|-activate|p1a: Chansey|move: Protect\n|\n|-damage|p2a: Kingambit|2\/100 tox|[from] psn\n|upkeep\n|turn|22\n|\n|t:|1700359729\n|switch|p1a: Forretress|Forretress, F, shiny|57\/100\n|move|p2a: Kingambit|Kowtow Cleave|p1a: Forretress\n|-crit|p1a: Forretress\n|-damage|p1a: Forretress|0 fnt\n|faint|p1a: Forretress\n|\n|-damage|p2a: Kingambit|0 fnt|[from] psn\n|faint|p2a: Kingambit\n|upkeep\n|c|\u2606krelenlor|this isn't doubles my guy\n|\n|t:|1700359746\n|switch|p2a: Skeledirge|Skeledirge, M|100\/100\n|switch|p1a: Toxtricity|Toxtricity, M, shiny|100\/100\n|turn|23\n|\n|t:|1700359758\n|move|p2a: Skeledirge|Will-O-Wisp|p1a: Toxtricity\n|-status|p1a: Toxtricity|brn\n|move|p1a: Toxtricity|Shift Gear|p1a: Toxtricity\n|-boost|p1a: Toxtricity|spe|2\n|-boost|p1a: Toxtricity|atk|1\n|\n|-damage|p1a: Toxtricity|94\/100 brn|[from] brn\n|upkeep\n|turn|24\n|\n|t:|1700359796\n|move|p1a: Toxtricity|Sludge Bomb|p2a: Skeledirge\n|-resisted|p2a: Skeledirge\n|-damage|p2a: Skeledirge|77\/100\n|move|p2a: Skeledirge|Hex|p1a: Toxtricity\n|-damage|p1a: Toxtricity|29\/100 brn\n|\n|-damage|p1a: Toxtricity|23\/100 brn|[from] brn\n|upkeep\n|turn|25\n|\n|t:|1700359809\n|-terastallize|p1a: Toxtricity|Electric\n|move|p1a: Toxtricity|Overdrive|p2a: Skeledirge\n|-damage|p2a: Skeledirge|0 fnt\n|faint|p2a: Skeledirge\n|\n|-damage|p1a: Toxtricity|16\/100 brn|[from] brn\n|upkeep\n|\n|t:|1700359823\n|switch|p2a: Blissey|Blissey, F|100\/100\n|-damage|p2a: Blissey|88\/100|[from] Stealth Rock\n|-status|p2a: Blissey|tox\n|turn|26\n|\n|t:|1700359831\n|move|p1a: Toxtricity|Sludge Bomb|p2a: Blissey\n|-damage|p2a: Blissey|72\/100 tox\n|move|p2a: Blissey|Flamethrower|p1a: Toxtricity\n|-damage|p1a: Toxtricity|0 fnt\n|faint|p1a: Toxtricity\n|\n|-heal|p2a: Blissey|78\/100 tox|[from] item: Leftovers\n|-damage|p2a: Blissey|72\/100 tox|[from] psn\n|upkeep\n|\n|t:|1700359840\n|switch|p1a: Chansey|Chansey, F|100\/100\n|turn|27\n|\n|t:|1700359846\n|move|p2a: Blissey|Ice Beam|p1a: Chansey\n|-damage|p1a: Chansey|93\/100\n|move|p1a: Chansey|Charm|p2a: Blissey\n|-unboost|p2a: Blissey|atk|2\n|\n|-heal|p2a: Blissey|78\/100 tox|[from] item: Leftovers\n|-damage|p2a: Blissey|65\/100 tox|[from] psn\n|upkeep\n|turn|28\n|\n|t:|1700359855\n|move|p2a: Blissey|Ice Beam|p1a: Chansey\n|-crit|p1a: Chansey\n|-damage|p1a: Chansey|81\/100\n|move|p1a: Chansey|Seismic Toss|p2a: Blissey\n|-damage|p2a: Blissey|50\/100 tox\n|\n|-heal|p2a: Blissey|56\/100 tox|[from] item: Leftovers\n|-damage|p2a: Blissey|38\/100 tox|[from] psn\n|upkeep\n|turn|29\n|\n|t:|1700359864\n|move|p2a: Blissey|Soft-Boiled|p2a: Blissey\n|-heal|p2a: Blissey|88\/100 tox\n|move|p1a: Chansey|Soft-Boiled|p1a: Chansey\n|-heal|p1a: Chansey|100\/100\n|\n|-heal|p2a: Blissey|94\/100 tox|[from] item: Leftovers\n|-damage|p2a: Blissey|69\/100 tox|[from] psn\n|upkeep\n|turn|30\n|\n|t:|1700359873\n|move|p1a: Chansey|Protect|p1a: Chansey\n|-singleturn|p1a: Chansey|Protect\n|move|p2a: Blissey|Ice Beam|p1a: Chansey\n|-activate|p1a: Chansey|move: Protect\n|\n|-heal|p2a: Blissey|75\/100 tox|[from] item: Leftovers\n|-damage|p2a: Blissey|45\/100 tox|[from] psn\n|upkeep\n|turn|31\n|\n|t:|1700359881\n|move|p2a: Blissey|Ice Beam|p1a: Chansey\n|-damage|p1a: Chansey|93\/100\n|move|p1a: Chansey|Charm|p2a: Blissey\n|-unboost|p2a: Blissey|atk|2\n|\n|-heal|p2a: Blissey|51\/100 tox|[from] item: Leftovers\n|-damage|p2a: Blissey|14\/100 tox|[from] psn\n|upkeep\n|turn|32\n|\n|t:|1700359904\n|move|p1a: Chansey|Protect|p1a: Chansey\n|-singleturn|p1a: Chansey|Protect\n|move|p2a: Blissey|Ice Beam|p1a: Chansey\n|-activate|p1a: Chansey|move: Protect\n|\n|-heal|p2a: Blissey|20\/100 tox|[from] item: Leftovers\n|-damage|p2a: Blissey|0 fnt|[from] psn\n|faint|p2a: Blissey\n|upkeep\n|\n|t:|1700359912\n|switch|p2a: Sneasler|Sneasler, M, shiny|100\/100\n|-damage|p2a: Sneasler|95\/100|[from] Stealth Rock\n|-sideend|p2: krelenlor|move: Toxic Spikes|[of] p2a: Sneasler\n|turn|33\n|inactive|Battle timer is ON: inactive players will automatically lose when time's up. (requested by krelenlor)\n|\n|t:|1700359987\n|move|p2a: Sneasler|Low Kick|p1a: Chansey\n|-supereffective|p1a: Chansey\n|-damage|p1a: Chansey|52\/100\n|move|p1a: Chansey|Charm|p2a: Sneasler\n|-unboost|p2a: Sneasler|atk|2\n|\n|upkeep\n|turn|34\n|\n|t:|1700359997\n|move|p2a: Sneasler|Swords Dance|p2a: Sneasler\n|-boost|p2a: Sneasler|atk|2\n|move|p1a: Chansey|Soft-Boiled|p1a: Chansey\n|-heal|p1a: Chansey|100\/100\n|\n|upkeep\n|turn|35\n|inactive|daniplus has 120 seconds left.\n|inactive|daniplus has 90 seconds left.\n|inactive|daniplus has 60 seconds left.\n|\n|t:|1700360099\n|move|p2a: Sneasler|Swords Dance|p2a: Sneasler\n|-boost|p2a: Sneasler|atk|2\n|move|p1a: Chansey|Charm|p2a: Sneasler\n|-unboost|p2a: Sneasler|atk|2\n|\n|upkeep\n|turn|36\n|\n|t:|1700360106\n|move|p2a: Sneasler|Dire Claw|p1a: Chansey\n|-damage|p1a: Chansey|70\/100\n|-status|p1a: Chansey|slp\n|cant|p1a: Chansey|slp\n|\n|upkeep\n|turn|37\n|inactive|daniplus has 60 seconds left.\n|\n|t:|1700360113\n|move|p2a: Sneasler|Swords Dance|p2a: Sneasler\n|-boost|p2a: Sneasler|atk|2\n|-curestatus|p1a: Chansey|slp|[msg]\n|move|p1a: Chansey|Charm|p2a: Sneasler\n|-unboost|p2a: Sneasler|atk|2\n|\n|upkeep\n|turn|38\n|\n|t:|1700360119\n|move|p2a: Sneasler|Dire Claw|p1a: Chansey\n|-damage|p1a: Chansey|41\/100\n|move|p1a: Chansey|Charm|p2a: Sneasler\n|-unboost|p2a: Sneasler|atk|2\n|\n|upkeep\n|turn|39\n|\n|t:|1700360125\n|move|p2a: Sneasler|Dire Claw|p1a: Chansey\n|-damage|p1a: Chansey|27\/100\n|move|p1a: Chansey|Soft-Boiled|p1a: Chansey\n|-heal|p1a: Chansey|77\/100\n|\n|upkeep\n|turn|40\n|\n|t:|1700360131\n|move|p2a: Sneasler|Dire Claw|p1a: Chansey\n|-damage|p1a: Chansey|61\/100\n|-status|p1a: Chansey|slp\n|cant|p1a: Chansey|slp\n|\n|upkeep\n|turn|41\n|\n|t:|1700360139\n|-curestatus|p1a: Chansey|slp|[msg]\n|move|p1a: Chansey|Protect|p1a: Chansey\n|-singleturn|p1a: Chansey|Protect\n|move|p2a: Sneasler|Swords Dance|p2a: Sneasler\n|-boost|p2a: Sneasler|atk|2\n|\n|upkeep\n|turn|42\n|\n|t:|1700360146\n|move|p2a: Sneasler|Dire Claw|p1a: Chansey\n|-damage|p1a: Chansey|33\/100\n|-status|p1a: Chansey|psn\n|move|p1a: Chansey|Charm|p2a: Sneasler\n|-unboost|p2a: Sneasler|atk|2\n|\n|-damage|p1a: Chansey|21\/100 psn|[from] psn\n|upkeep\n|turn|43\n|inactive|daniplus has 90 seconds left.\n|\n|t:|1700360155\n|move|p2a: Sneasler|Low Kick|p1a: Chansey\n|-supereffective|p1a: Chansey\n|-damage|p1a: Chansey|0 fnt\n|faint|p1a: Chansey\n|\n|win|krelenlor\n|raw|daniplus's rating: 1066 &rarr; <strong>1045<\/strong><br \/>(-21 for losing)\n|raw|krelenlor's rating: 1052 &rarr; <strong>1085<\/strong><br \/>(+33 for winning)\n","uploadtime":1700359684,"views":7,"p1id":"daniplus","p2id":"krelenlor","formatid":"gen9ou","rating":1045,"private":0,"password":""}