{"id":"gen9ou-1994625641","p1":"MIRAGEBLAZER","p2":"mrbadd","format":"[Gen 9] OU","log":"|j|\u2606MIRAGEBLAZER\n|j|\u2606mrbadd\n|t:|1700471506\n|gametype|singles\n|player|p1|MIRAGEBLAZER|2|1310\n|player|p2|mrbadd|rocker-gen1rb|1298\n|teamsize|p1|6\n|teamsize|p2|6\n|gen|9\n|tier|[Gen 9] OU\n|rated|\n|rule|Sleep Clause Mod: Limit one foe put to sleep\n|rule|Species Clause: Limit one of each Pok\u00e9mon\n|rule|OHKO Clause: OHKO moves are banned\n|rule|Evasion Items Clause: Evasion items are banned\n|rule|Evasion Moves Clause: Evasion moves are banned\n|rule|Endless Battle Clause: Forcing endless battles is banned\n|rule|HP Percentage Mod: HP is shown in percentages\n|clearpoke\n|poke|p1|Slowking-Galar, M|\n|poke|p1|Clefable, M|\n|poke|p1|Dragonite, F|\n|poke|p1|Empoleon, M|\n|poke|p1|Breloom, M|\n|poke|p1|Cinderace, M|\n|poke|p2|Dragapult, F|\n|poke|p2|Skeledirge, M|\n|poke|p2|Milotic, F|\n|poke|p2|Clefable, M|\n|poke|p2|Clodsire, M|\n|poke|p2|Mandibuzz, F|\n|teampreview\n|\n|t:|1700471525\n|start\n|switch|p1a: Empoleon|Empoleon, M|100\/100\n|switch|p2a: Creep|Dragapult, F, shiny|100\/100\n|-item|p1a: Empoleon|Air Balloon\n|turn|1\n|\n|t:|1700471533\n|move|p2a: Creep|U-turn|p1a: Empoleon\n|-resisted|p1a: Empoleon\n|-damage|p1a: Empoleon|92\/100\n|-enditem|p1a: Empoleon|Air Balloon\n|\n|t:|1700471540\n|switch|p2a: Burger Steak|Clodsire, M|100\/100|[from] U-turn\n|move|p1a: Empoleon|Ice Beam|p2a: Burger Steak\n|-supereffective|p2a: Burger Steak\n|-damage|p2a: Burger Steak|57\/100\n|\n|-heal|p2a: Burger Steak|63\/100|[from] item: Black Sludge\n|upkeep\n|turn|2\n|\n|t:|1700471554\n|switch|p2a: Cytherea|Milotic, F|100\/100\n|move|p1a: Empoleon|Stealth Rock|p2a: Cytherea\n|-sidestart|p2: mrbadd|move: Stealth Rock\n|\n|upkeep\n|turn|3\n|\n|t:|1700471562\n|switch|p1a: Slowking|Slowking-Galar, M|100\/100\n|move|p2a: Cytherea|Scald|p1a: Slowking\n|-damage|p1a: Slowking|83\/100\n|-status|p1a: Slowking|brn\n|\n|-heal|p1a: Slowking|89\/100 brn|[from] item: Leftovers\n|-damage|p1a: Slowking|83\/100 brn|[from] brn\n|upkeep\n|turn|4\n|\n|t:|1700471573\n|switch|p2a: Burger Steak|Clodsire, M|63\/100\n|-damage|p2a: Burger Steak|57\/100|[from] Stealth Rock\n|move|p1a: Slowking|Toxic|p2a: Burger Steak\n|-immune|p2a: Burger Steak\n|\n|-heal|p1a: Slowking|89\/100 brn|[from] item: Leftovers\n|-heal|p2a: Burger Steak|63\/100|[from] item: Black Sludge\n|-damage|p1a: Slowking|83\/100 brn|[from] brn\n|upkeep\n|turn|5\n|\n|t:|1700471587\n|move|p1a: Slowking|Future Sight|p2a: Burger Steak\n|-start|p1a: Slowking|move: Future Sight\n|move|p2a: Burger Steak|Recover|p2a: Burger Steak\n|-heal|p2a: Burger Steak|100\/100\n|\n|-heal|p1a: Slowking|89\/100 brn|[from] item: Leftovers\n|-damage|p1a: Slowking|83\/100 brn|[from] brn\n|upkeep\n|turn|6\n|\n|t:|1700471594\n|switch|p1a: Empoleon|Empoleon, M|92\/100\n|move|p2a: Burger Steak|Earthquake|p1a: Empoleon\n|-supereffective|p1a: Empoleon\n|-damage|p1a: Empoleon|35\/100\n|\n|upkeep\n|turn|7\n|\n|t:|1700471601\n|switch|p2a: Goth|Mandibuzz, F, shiny|100\/100\n|move|p1a: Empoleon|Surf|p2a: Goth\n|-damage|p2a: Goth|58\/100\n|\n|-end|p2a: Goth|move: Future Sight\n|-immune|p2a: Goth\n|upkeep\n|turn|8\n|\n|t:|1700471616\n|switch|p2a: Cytherea|Milotic, F|100\/100\n|move|p1a: Empoleon|Roost|p1a: Empoleon\n|-heal|p1a: Empoleon|85\/100\n|-singleturn|p1a: Empoleon|move: Roost\n|\n|upkeep\n|turn|9\n|\n|t:|1700471625\n|move|p2a: Cytherea|Scald|p1a: Empoleon\n|-resisted|p1a: Empoleon\n|-damage|p1a: Empoleon|73\/100\n|move|p1a: Empoleon|Surf|p2a: Cytherea\n|-resisted|p2a: Cytherea\n|-damage|p2a: Cytherea|88\/100\n|\n|upkeep\n|turn|10\n|\n|t:|1700471633\n|switch|p1a: Slowking|Slowking-Galar, M|100\/100 brn\n|move|p2a: Cytherea|Mirror Coat||[still]\n|-fail|p2a: Cytherea\n|\n|-damage|p1a: Slowking|94\/100 brn|[from] brn\n|upkeep\n|turn|11\n|\n|t:|1700471641\n|switch|p2a: Burger Steak|Clodsire, M|100\/100\n|-damage|p2a: Burger Steak|94\/100|[from] Stealth Rock\n|move|p1a: Slowking|Future Sight|p2a: Burger Steak\n|-start|p1a: Slowking|move: Future Sight\n|\n|-heal|p1a: Slowking|100\/100 brn|[from] item: Leftovers\n|-heal|p2a: Burger Steak|100\/100|[from] item: Black Sludge\n|-damage|p1a: Slowking|94\/100 brn|[from] brn\n|upkeep\n|turn|12\n|\n|t:|1700471651\n|move|p1a: Slowking|Protect|p1a: Slowking\n|-singleturn|p1a: Slowking|Protect\n|move|p2a: Burger Steak|Spikes|p1a: Slowking\n|-sidestart|p1: MIRAGEBLAZER|Spikes\n|\n|-heal|p1a: Slowking|100\/100 brn|[from] item: Leftovers\n|-damage|p1a: Slowking|94\/100 brn|[from] brn\n|upkeep\n|turn|13\n|\n|t:|1700471671\n|switch|p2a: Angel Eyes|Clefable, M, shiny|100\/100\n|move|p1a: Slowking|Toxic|p2a: Angel Eyes\n|-status|p2a: Angel Eyes|tox\n|\n|-end|p2a: Angel Eyes|move: Future Sight\n|-damage|p2a: Angel Eyes|59\/100 tox\n|-heal|p2a: Angel Eyes|65\/100 tox|[from] item: Leftovers\n|-heal|p1a: Slowking|100\/100 brn|[from] item: Leftovers\n|-damage|p1a: Slowking|94\/100 brn|[from] brn\n|upkeep\n|turn|14\n|\n|t:|1700471685\n|move|p2a: Angel Eyes|Stealth Rock|p1a: Slowking\n|-sidestart|p1: MIRAGEBLAZER|move: Stealth Rock\n|move|p1a: Slowking|Future Sight|p2a: Angel Eyes\n|-start|p1a: Slowking|move: Future Sight\n|\n|-heal|p2a: Angel Eyes|71\/100 tox|[from] item: Leftovers\n|-heal|p1a: Slowking|100\/100 brn|[from] item: Leftovers\n|-damage|p1a: Slowking|94\/100 brn|[from] brn\n|upkeep\n|turn|15\n|\n|t:|1700471694\n|move|p2a: Angel Eyes|Encore|p1a: Slowking\n|-start|p1a: Slowking|Encore\n|move|p1a: Slowking|Future Sight||[still]\n|-fail|p1a: Slowking\n|\n|-heal|p2a: Angel Eyes|77\/100 tox|[from] item: Leftovers\n|-heal|p1a: Slowking|100\/100 brn|[from] item: Leftovers\n|-damage|p1a: Slowking|94\/100 brn|[from] brn\n|upkeep\n|turn|16\n|inactive|Battle timer is ON: inactive players will automatically lose when time's up. (requested by MIRAGEBLAZER)\n|\n|t:|1700471703\n|switch|p1a: Empoleon|Empoleon, M|73\/100\n|-damage|p1a: Empoleon|61\/100|[from] Spikes\n|-damage|p1a: Empoleon|55\/100|[from] Stealth Rock\n|move|p2a: Angel Eyes|Moonblast|p1a: Empoleon\n|-resisted|p1a: Empoleon\n|-damage|p1a: Empoleon|41\/100\n|\n|-end|p2a: Angel Eyes|move: Future Sight\n|-damage|p2a: Angel Eyes|33\/100 tox\n|-heal|p2a: Angel Eyes|40\/100 tox|[from] item: Leftovers\n|upkeep\n|turn|17\n|\n|t:|1700471715\n|move|p1a: Empoleon|Roost|p1a: Empoleon\n|-heal|p1a: Empoleon|91\/100\n|-singleturn|p1a: Empoleon|move: Roost\n|move|p2a: Angel Eyes|Moonlight|p2a: Angel Eyes\n|-heal|p2a: Angel Eyes|90\/100 tox\n|\n|-heal|p2a: Angel Eyes|96\/100 tox|[from] item: Leftovers\n|upkeep\n|turn|18\n|\n|t:|1700471725\n|switch|p2a: Burger Steak|Clodsire, M|100\/100\n|-damage|p2a: Burger Steak|94\/100|[from] Stealth Rock\n|move|p1a: Empoleon|Surf|p2a: Burger Steak\n|-heal|p2a: Burger Steak|100\/100|[from] ability: Water Absorb|[of] p1a: Empoleon\n|\n|upkeep\n|turn|19\n|\n|t:|1700471733\n|move|p1a: Empoleon|Ice Beam|p2a: Burger Steak\n|-supereffective|p2a: Burger Steak\n|-damage|p2a: Burger Steak|60\/100\n|move|p2a: Burger Steak|Earthquake|p1a: Empoleon\n|-supereffective|p1a: Empoleon\n|-crit|p1a: Empoleon\n|-damage|p1a: Empoleon|11\/100\n|\n|-heal|p2a: Burger Steak|66\/100|[from] item: Black Sludge\n|upkeep\n|turn|20\n|\n|t:|1700471743\n|move|p1a: Empoleon|Roost|p1a: Empoleon\n|-heal|p1a: Empoleon|61\/100\n|-singleturn|p1a: Empoleon|move: Roost\n|move|p2a: Burger Steak|Toxic|p1a: Empoleon\n|-immune|p1a: Empoleon\n|\n|-heal|p2a: Burger Steak|72\/100|[from] item: Black Sludge\n|upkeep\n|turn|21\n|\n|t:|1700471754\n|switch|p2a: Cytherea|Milotic, F|88\/100\n|move|p1a: Empoleon|Roost|p1a: Empoleon\n|-heal|p1a: Empoleon|100\/100\n|-singleturn|p1a: Empoleon|move: Roost\n|\n|upkeep\n|turn|22\n|\n|t:|1700471763\n|switch|p1a: Slowking|Slowking-Galar, M|100\/100 brn\n|-damage|p1a: Slowking|88\/100 brn|[from] Spikes\n|-damage|p1a: Slowking|76\/100 brn|[from] Stealth Rock\n|move|p2a: Cytherea|Scald|p1a: Slowking\n|-damage|p1a: Slowking|60\/100 brn\n|\n|-heal|p1a: Slowking|66\/100 brn|[from] item: Leftovers\n|-damage|p1a: Slowking|60\/100 brn|[from] brn\n|upkeep\n|turn|23\n|\n|t:|1700471775\n|switch|p2a: Angel Eyes|Clefable, M, shiny|96\/100 tox\n|move|p1a: Slowking|Future Sight|p2a: Angel Eyes\n|-start|p1a: Slowking|move: Future Sight\n|\n|-heal|p2a: Angel Eyes|100\/100 tox|[from] item: Leftovers\n|-heal|p1a: Slowking|66\/100 brn|[from] item: Leftovers\n|-damage|p1a: Slowking|60\/100 brn|[from] brn\n|upkeep\n|turn|24\n|\n|t:|1700471785\n|switch|p1a: Empoleon|Empoleon, M|100\/100\n|-damage|p1a: Empoleon|88\/100|[from] Spikes\n|-damage|p1a: Empoleon|82\/100|[from] Stealth Rock\n|move|p2a: Angel Eyes|Encore||[still]\n|-fail|p2a: Angel Eyes\n|\n|upkeep\n|turn|25\n|\n|t:|1700471798\n|move|p2a: Angel Eyes|Moonlight|p2a: Angel Eyes\n|-fail|p2a: Angel Eyes|heal\n|move|p1a: Empoleon|Ice Beam|p2a: Angel Eyes\n|-damage|p2a: Angel Eyes|71\/100 tox\n|\n|-end|p2a: Angel Eyes|move: Future Sight\n|-damage|p2a: Angel Eyes|27\/100 tox\n|-heal|p2a: Angel Eyes|33\/100 tox|[from] item: Leftovers\n|upkeep\n|turn|26\n|\n|t:|1700471808\n|move|p2a: Angel Eyes|Moonlight|p2a: Angel Eyes\n|-heal|p2a: Angel Eyes|83\/100 tox\n|move|p1a: Empoleon|Ice Beam|p2a: Angel Eyes\n|-damage|p2a: Angel Eyes|55\/100 tox\n|\n|-heal|p2a: Angel Eyes|61\/100 tox|[from] item: Leftovers\n|upkeep\n|turn|27\n|\n|t:|1700471817\n|move|p2a: Angel Eyes|Encore|p1a: Empoleon\n|-start|p1a: Empoleon|Encore\n|move|p1a: Empoleon|Ice Beam|p2a: Angel Eyes\n|-damage|p2a: Angel Eyes|30\/100 tox\n|\n|-heal|p2a: Angel Eyes|36\/100 tox|[from] item: Leftovers\n|upkeep\n|turn|28\n|\n|t:|1700471825\n|move|p2a: Angel Eyes|Moonlight|p2a: Angel Eyes\n|-heal|p2a: Angel Eyes|86\/100 tox\n|move|p1a: Empoleon|Ice Beam|p2a: Angel Eyes\n|-damage|p2a: Angel Eyes|56\/100 tox\n|\n|-heal|p2a: Angel Eyes|62\/100 tox|[from] item: Leftovers\n|upkeep\n|turn|29\n|\n|t:|1700471834\n|move|p2a: Angel Eyes|Moonlight|p2a: Angel Eyes\n|-heal|p2a: Angel Eyes|100\/100 tox\n|move|p1a: Empoleon|Ice Beam|p2a: Angel Eyes\n|-damage|p2a: Angel Eyes|71\/100 tox\n|\n|-heal|p2a: Angel Eyes|77\/100 tox|[from] item: Leftovers\n|-end|p1a: Empoleon|Encore\n|upkeep\n|turn|30\n|\n|t:|1700471846\n|switch|p2a: Cytherea|Milotic, F|88\/100\n|move|p1a: Empoleon|Ice Beam|p2a: Cytherea\n|-resisted|p2a: Cytherea\n|-damage|p2a: Cytherea|79\/100\n|\n|upkeep\n|turn|31\n|\n|t:|1700471855\n|move|p2a: Cytherea|Scald|p1a: Empoleon\n|-resisted|p1a: Empoleon\n|-damage|p1a: Empoleon|69\/100\n|move|p1a: Empoleon|Surf|p2a: Cytherea\n|-resisted|p2a: Cytherea\n|-damage|p2a: Cytherea|66\/100\n|\n|upkeep\n|turn|32\n|\n|t:|1700471864\n|switch|p1a: Breloom|Breloom, M|100\/100\n|-damage|p1a: Breloom|88\/100|[from] Spikes\n|-damage|p1a: Breloom|82\/100|[from] Stealth Rock\n|move|p2a: Cytherea|Mirror Coat||[still]\n|-fail|p2a: Cytherea\n|\n|upkeep\n|turn|33\n|\n|t:|1700471873\n|switch|p2a: Angel Eyes|Clefable, M, shiny|77\/100 tox\n|move|p1a: Breloom|Spore||[still]\n|-fail|p1a: Breloom\n|\n|-heal|p2a: Angel Eyes|83\/100 tox|[from] item: Leftovers\n|upkeep\n|turn|34\n|\n|t:|1700471887\n|switch|p1a: Slowking|Slowking-Galar, M|93\/100 brn\n|-damage|p1a: Slowking|81\/100 brn|[from] Spikes\n|-damage|p1a: Slowking|69\/100 brn|[from] Stealth Rock\n|move|p2a: Angel Eyes|Moonblast|p1a: Slowking\n|-resisted|p1a: Slowking\n|-damage|p1a: Slowking|59\/100 brn\n|-unboost|p1a: Slowking|spa|1\n|\n|-heal|p2a: Angel Eyes|89\/100 tox|[from] item: Leftovers\n|-heal|p1a: Slowking|65\/100 brn|[from] item: Leftovers\n|-damage|p1a: Slowking|59\/100 brn|[from] brn\n|upkeep\n|turn|35\n|\n|t:|1700471901\n|switch|p2a: Burger Steak|Clodsire, M|72\/100\n|-damage|p2a: Burger Steak|66\/100|[from] Stealth Rock\n|move|p1a: Slowking|Future Sight|p2a: Burger Steak\n|-start|p1a: Slowking|move: Future Sight\n|\n|-heal|p1a: Slowking|65\/100 brn|[from] item: Leftovers\n|-heal|p2a: Burger Steak|72\/100|[from] item: Black Sludge\n|-damage|p1a: Slowking|59\/100 brn|[from] brn\n|upkeep\n|turn|36\n|\n|t:|1700471917\n|switch|p1a: Clefable|Clefable, M|100\/100\n|-damage|p1a: Clefable|88\/100|[from] Spikes\n|-damage|p1a: Clefable|76\/100|[from] Stealth Rock\n|move|p2a: Burger Steak|Earthquake|p1a: Clefable\n|-damage|p1a: Clefable|53\/100\n|\n|-heal|p1a: Clefable|59\/100|[from] item: Leftovers\n|-heal|p2a: Burger Steak|78\/100|[from] item: Black Sludge\n|upkeep\n|turn|37\n|\n|t:|1700471942\n|move|p1a: Clefable|Moonlight|p1a: Clefable\n|-heal|p1a: Clefable|100\/100\n|move|p2a: Burger Steak|Toxic|p1a: Clefable\n|-status|p1a: Clefable|tox\n|\n|-end|p2a: Burger Steak|move: Future Sight\n|-supereffective|p2a: Burger Steak\n|-damage|p2a: Burger Steak|13\/100\n|-heal|p2a: Burger Steak|19\/100|[from] item: Black Sludge\n|-damage|p1a: Clefable|94\/100 tox|[from] psn\n|upkeep\n|turn|38\n|\n|t:|1700471954\n|move|p1a: Clefable|Flamethrower|p2a: Burger Steak\n|-damage|p2a: Burger Steak|5\/100\n|move|p2a: Burger Steak|Recover|p2a: Burger Steak\n|-heal|p2a: Burger Steak|55\/100\n|\n|-heal|p1a: Clefable|100\/100 tox|[from] item: Leftovers\n|-heal|p2a: Burger Steak|61\/100|[from] item: Black Sludge\n|-damage|p1a: Clefable|88\/100 tox|[from] psn\n|upkeep\n|turn|39\n|\n|t:|1700471967\n|switch|p1a: Empoleon|Empoleon, M|69\/100\n|-damage|p1a: Empoleon|57\/100|[from] Spikes\n|-damage|p1a: Empoleon|50\/100|[from] Stealth Rock\n|move|p2a: Burger Steak|Recover|p2a: Burger Steak\n|-heal|p2a: Burger Steak|100\/100\n|\n|upkeep\n|turn|40\n|\n|t:|1700471976\n|move|p1a: Empoleon|Roost|p1a: Empoleon\n|-heal|p1a: Empoleon|100\/100\n|-singleturn|p1a: Empoleon|move: Roost\n|move|p2a: Burger Steak|Earthquake|p1a: Empoleon\n|-supereffective|p1a: Empoleon\n|-damage|p1a: Empoleon|47\/100\n|\n|upkeep\n|turn|41\n|\n|t:|1700471983\n|move|p1a: Empoleon|Roost|p1a: Empoleon\n|-heal|p1a: Empoleon|97\/100\n|-singleturn|p1a: Empoleon|move: Roost\n|move|p2a: Burger Steak|Earthquake|p1a: Empoleon\n|-supereffective|p1a: Empoleon\n|-damage|p1a: Empoleon|46\/100\n|\n|upkeep\n|turn|42\n|\n|t:|1700471992\n|switch|p1a: Clefable|Clefable, M|88\/100 tox\n|-damage|p1a: Clefable|76\/100 tox|[from] Spikes\n|-damage|p1a: Clefable|63\/100 tox|[from] Stealth Rock\n|move|p2a: Burger Steak|Earthquake|p1a: Clefable\n|-damage|p1a: Clefable|42\/100 tox\n|\n|-heal|p1a: Clefable|48\/100 tox|[from] item: Leftovers\n|-damage|p1a: Clefable|42\/100 tox|[from] psn\n|upkeep\n|turn|43\n|\n|t:|1700472015\n|move|p1a: Clefable|Moonblast|p2a: Burger Steak\n|-resisted|p2a: Burger Steak\n|-damage|p2a: Burger Steak|89\/100\n|-unboost|p2a: Burger Steak|spa|1\n|move|p2a: Burger Steak|Earthquake|p1a: Clefable\n|-damage|p1a: Clefable|20\/100 tox\n|\n|-heal|p1a: Clefable|26\/100 tox|[from] item: Leftovers\n|-heal|p2a: Burger Steak|95\/100|[from] item: Black Sludge\n|-damage|p1a: Clefable|14\/100 tox|[from] psn\n|upkeep\n|turn|44\n|\n|t:|1700472030\n|move|p1a: Clefable|Flamethrower|p2a: Burger Steak\n|-damage|p2a: Burger Steak|80\/100\n|-status|p2a: Burger Steak|brn\n|move|p2a: Burger Steak|Earthquake|p1a: Clefable\n|-damage|p1a: Clefable|3\/100 tox\n|\n|-heal|p1a: Clefable|9\/100 tox|[from] item: Leftovers\n|-heal|p2a: Burger Steak|86\/100 brn|[from] item: Black Sludge\n|-damage|p1a: Clefable|0 fnt|[from] psn\n|faint|p1a: Clefable\n|-damage|p2a: Burger Steak|80\/100 brn|[from] brn\n|upkeep\n|\n|t:|1700472034\n|switch|p1a: Breloom|Breloom, M|82\/100\n|-damage|p1a: Breloom|70\/100|[from] Spikes\n|-damage|p1a: Breloom|64\/100|[from] Stealth Rock\n|turn|45\n|inactive|mrbadd has 120 seconds left.\n|\n|t:|1700472054\n|move|p1a: Breloom|Bullet Seed|p2a: Burger Steak\n|-damage|p2a: Burger Steak|64\/100 brn\n|-damage|p2a: Burger Steak|47\/100 brn\n|-hitcount|p2a: Burger Steak|2\n|move|p2a: Burger Steak|Recover|p2a: Burger Steak\n|-heal|p2a: Burger Steak|97\/100 brn\n|\n|-heal|p2a: Burger Steak|100\/100 brn|[from] item: Black Sludge\n|-damage|p2a: Burger Steak|94\/100 brn|[from] brn\n|upkeep\n|turn|46\n|inactive|mrbadd has 120 seconds left.\n|\n|t:|1700472066\n|move|p1a: Breloom|Bullet Seed|p2a: Burger Steak\n|-damage|p2a: Burger Steak|79\/100 brn\n|-damage|p2a: Burger Steak|63\/100 brn\n|-damage|p2a: Burger Steak|47\/100 brn\n|-damage|p2a: Burger Steak|32\/100 brn\n|-damage|p2a: Burger Steak|16\/100 brn\n|-hitcount|p2a: Burger Steak|5\n|move|p2a: Burger Steak|Toxic|p1a: Breloom\n|-status|p1a: Breloom|tox\n|\n|-heal|p2a: Burger Steak|22\/100 brn|[from] item: Black Sludge\n|-damage|p1a: Breloom|58\/100 tox|[from] psn\n|-damage|p2a: Burger Steak|16\/100 brn|[from] brn\n|upkeep\n|turn|47\n|inactive|mrbadd has 120 seconds left.\n|\n|t:|1700472080\n|move|p1a: Breloom|Bullet Seed|p2a: Burger Steak\n|-damage|p2a: Burger Steak|0 fnt\n|faint|p2a: Burger Steak\n|-hitcount|p2: Burger Steak|1\n|\n|-damage|p1a: Breloom|46\/100 tox|[from] psn\n|upkeep\n|inactive|mrbadd has 120 seconds left.\n|\n|t:|1700472087\n|switch|p2a: Creep|Dragapult, F, shiny|100\/100\n|-damage|p2a: Creep|88\/100|[from] Stealth Rock\n|turn|48\n|\n|t:|1700472092\n|move|p2a: Creep|Shadow Ball|p1a: Breloom\n|-damage|p1a: Breloom|0 fnt\n|faint|p1a: Breloom\n|\n|upkeep\n|\n|t:|1700472096\n|switch|p1a: Slowking|Slowking-Galar, M|92\/100 brn\n|-damage|p1a: Slowking|80\/100 brn|[from] Spikes\n|-damage|p1a: Slowking|67\/100 brn|[from] Stealth Rock\n|turn|49\n|\n|t:|1700472101\n|-terastallize|p1a: Slowking|Dark\n|move|p2a: Creep|Shadow Ball|p1a: Slowking\n|-resisted|p1a: Slowking\n|-damage|p1a: Slowking|53\/100 brn\n|move|p1a: Slowking|Toxic|p2a: Creep\n|-status|p2a: Creep|tox\n|\n|-heal|p1a: Slowking|59\/100 brn|[from] item: Leftovers\n|-damage|p2a: Creep|82\/100 tox|[from] psn\n|-damage|p1a: Slowking|53\/100 brn|[from] brn\n|upkeep\n|turn|50\n|\n|t:|1700472115\n|switch|p2a: Angel Eyes|Clefable, M, shiny|89\/100 tox\n|switch|p1a: Cinderace|Cinderace, M|100\/100\n|-damage|p1a: Cinderace|88\/100|[from] Spikes\n|-damage|p1a: Cinderace|63\/100|[from] Stealth Rock\n|\n|-heal|p2a: Angel Eyes|95\/100 tox|[from] item: Leftovers\n|upkeep\n|turn|51\n|\n|t:|1700472125\n|switch|p2a: Creep|Dragapult, F, shiny|82\/100 tox\n|-damage|p2a: Creep|70\/100 tox|[from] Stealth Rock\n|move|p1a: Cinderace|Iron Head|p2a: Creep\n|-start|p1a: Cinderace|typechange|Steel|[from] ability: Libero\n|-damage|p2a: Creep|3\/100 tox\n|-damage|p1a: Cinderace|53\/100|[from] item: Life Orb\n|\n|-damage|p2a: Creep|0 fnt|[from] psn\n|faint|p2a: Creep\n|upkeep\n|\n|t:|1700472137\n|switch|p2a: Huling El Bimbo|Skeledirge, M, shiny|100\/100\n|turn|52\n|\n|t:|1700472141\n|move|p1a: Cinderace|Court Change|p1a: Cinderace\n|-swapsideconditions\n|-activate|p1a: Cinderace|move: Court Change\n|move|p2a: Huling El Bimbo|Torch Song|p1a: Cinderace\n|-supereffective|p1a: Cinderace\n|-damage|p1a: Cinderace|0 fnt\n|-boost|p2a: Huling El Bimbo|spa|1\n|faint|p1a: Cinderace\n|\n|upkeep\n|\n|t:|1700472147\n|switch|p1a: Slowking|Slowking-Galar, M, tera:Dark|86\/100 brn\n|-damage|p1a: Slowking|74\/100 brn|[from] Stealth Rock\n|turn|53\n|\n|t:|1700472155\n|switch|p2a: Angel Eyes|Clefable, M, shiny|95\/100 tox\n|move|p1a: Slowking|Toxic|p2a: Angel Eyes\n|-fail|p2a: Angel Eyes|tox\n|\n|-heal|p2a: Angel Eyes|100\/100 tox|[from] item: Leftovers\n|-heal|p1a: Slowking|80\/100 brn|[from] item: Leftovers\n|-damage|p1a: Slowking|74\/100 brn|[from] brn\n|upkeep\n|turn|54\n|\n|t:|1700472166\n|move|p2a: Angel Eyes|Moonblast|p1a: Slowking\n|-supereffective|p1a: Slowking\n|-damage|p1a: Slowking|40\/100 brn\n|move|p1a: Slowking|Future Sight|p2a: Angel Eyes\n|-start|p1a: Slowking|move: Future Sight\n|\n|-heal|p1a: Slowking|46\/100 brn|[from] item: Leftovers\n|-damage|p1a: Slowking|40\/100 brn|[from] brn\n|upkeep\n|turn|55\n|\n|t:|1700472177\n|move|p1a: Slowking|Protect|p1a: Slowking\n|-singleturn|p1a: Slowking|Protect\n|move|p2a: Angel Eyes|Moonblast|p1a: Slowking\n|-activate|p1a: Slowking|move: Protect\n|\n|-heal|p1a: Slowking|46\/100 brn|[from] item: Leftovers\n|-damage|p1a: Slowking|40\/100 brn|[from] brn\n|upkeep\n|turn|56\n|\n|t:|1700472186\n|switch|p1a: Empoleon|Empoleon, M|46\/100\n|-damage|p1a: Empoleon|39\/100|[from] Stealth Rock\n|move|p2a: Angel Eyes|Encore||[still]\n|-fail|p2a: Angel Eyes\n|\n|-end|p2a: Angel Eyes|move: Future Sight\n|-damage|p2a: Angel Eyes|59\/100 tox\n|-heal|p2a: Angel Eyes|65\/100 tox|[from] item: Leftovers\n|upkeep\n|turn|57\n|\n|t:|1700472199\n|move|p1a: Empoleon|Surf|p2a: Angel Eyes\n|-damage|p2a: Angel Eyes|21\/100 tox\n|move|p2a: Angel Eyes|Moonlight|p2a: Angel Eyes\n|-heal|p2a: Angel Eyes|71\/100 tox\n|\n|-heal|p2a: Angel Eyes|77\/100 tox|[from] item: Leftovers\n|upkeep\n|turn|58\n|\n|t:|1700472208\n|switch|p2a: Cytherea|Milotic, F|66\/100\n|move|p1a: Empoleon|Surf|p2a: Cytherea\n|-resisted|p2a: Cytherea\n|-damage|p2a: Cytherea|54\/100\n|\n|upkeep\n|turn|59\n|\n|t:|1700472215\n|move|p2a: Cytherea|Recover|p2a: Cytherea\n|-heal|p2a: Cytherea|100\/100\n|move|p1a: Empoleon|Roost|p1a: Empoleon\n|-heal|p1a: Empoleon|89\/100\n|-singleturn|p1a: Empoleon|move: Roost\n|\n|upkeep\n|turn|60\n|\n|t:|1700472222\n|move|p2a: Cytherea|Scald|p1a: Empoleon\n|-resisted|p1a: Empoleon\n|-crit|p1a: Empoleon\n|-damage|p1a: Empoleon|71\/100\n|move|p1a: Empoleon|Surf|p2a: Cytherea\n|-resisted|p2a: Cytherea\n|-damage|p2a: Cytherea|88\/100\n|\n|upkeep\n|turn|61\n|\n|t:|1700472231\n|move|p2a: Cytherea|Scald|p1a: Empoleon\n|-resisted|p1a: Empoleon\n|-damage|p1a: Empoleon|60\/100\n|move|p1a: Empoleon|Surf|p2a: Cytherea\n|-resisted|p2a: Cytherea\n|-damage|p2a: Cytherea|74\/100\n|\n|upkeep\n|turn|62\n|\n|t:|1700472239\n|move|p1a: Empoleon|Surf|p2a: Cytherea\n|-resisted|p2a: Cytherea\n|-damage|p2a: Cytherea|61\/100\n|move|p2a: Cytherea|Mirror Coat|p1a: Empoleon\n|-damage|p1a: Empoleon|32\/100\n|\n|upkeep\n|turn|63\n|\n|t:|1700472247\n|move|p2a: Cytherea|Scald|p1a: Empoleon\n|-resisted|p1a: Empoleon\n|-damage|p1a: Empoleon|20\/100\n|-status|p1a: Empoleon|brn\n|move|p1a: Empoleon|Roost|p1a: Empoleon\n|-heal|p1a: Empoleon|70\/100 brn\n|-singleturn|p1a: Empoleon|move: Roost\n|\n|-damage|p1a: Empoleon|63\/100 brn|[from] brn\n|upkeep\n|turn|64\n|\n|t:|1700472258\n|move|p2a: Cytherea|Recover|p2a: Cytherea\n|-heal|p2a: Cytherea|100\/100\n|move|p1a: Empoleon|Surf|p2a: Cytherea\n|-resisted|p2a: Cytherea\n|-damage|p2a: Cytherea|87\/100\n|\n|-damage|p1a: Empoleon|57\/100 brn|[from] brn\n|upkeep\n|turn|65\n|\n|t:|1700472266\n|move|p1a: Empoleon|Surf|p2a: Cytherea\n|-resisted|p2a: Cytherea\n|-damage|p2a: Cytherea|73\/100\n|move|p2a: Cytherea|Mirror Coat|p1a: Empoleon\n|-damage|p1a: Empoleon|28\/100 brn\n|\n|-damage|p1a: Empoleon|22\/100 brn|[from] brn\n|upkeep\n|turn|66\n|\n|t:|1700472276\n|move|p2a: Cytherea|Scald|p1a: Empoleon\n|-resisted|p1a: Empoleon\n|-damage|p1a: Empoleon|9\/100 brn\n|move|p1a: Empoleon|Surf|p2a: Cytherea\n|-resisted|p2a: Cytherea\n|-damage|p2a: Cytherea|60\/100\n|\n|-damage|p1a: Empoleon|3\/100 brn|[from] brn\n|upkeep\n|turn|67\n|\n|t:|1700472286\n|move|p2a: Cytherea|Recover|p2a: Cytherea\n|-heal|p2a: Cytherea|100\/100\n|move|p1a: Empoleon|Surf|p2a: Cytherea\n|-resisted|p2a: Cytherea\n|-damage|p2a: Cytherea|88\/100\n|\n|-damage|p1a: Empoleon|0 fnt|[from] brn\n|faint|p1a: Empoleon\n|upkeep\n|\n|t:|1700472299\n|switch|p1a: Dragonite|Dragonite, F|100\/100\n|turn|68\n|\n|t:|1700472303\n|move|p1a: Dragonite|Dragon Dance|p1a: Dragonite\n|-boost|p1a: Dragonite|atk|1\n|-boost|p1a: Dragonite|spe|1\n|move|p2a: Cytherea|Scald|p1a: Dragonite\n|-resisted|p1a: Dragonite\n|-damage|p1a: Dragonite|94\/100\n|\n|upkeep\n|turn|69\n|\n|t:|1700472311\n|move|p1a: Dragonite|Dragon Dance|p1a: Dragonite\n|-boost|p1a: Dragonite|atk|1\n|-boost|p1a: Dragonite|spe|1\n|move|p2a: Cytherea|Haze|p2a: Cytherea\n|-clearallboost\n|\n|upkeep\n|turn|70\n|\n|t:|1700472318\n|move|p1a: Dragonite|Earthquake|p2a: Cytherea\n|-damage|p2a: Cytherea|47\/100\n|move|p2a: Cytherea|Scald|p1a: Dragonite\n|-resisted|p1a: Dragonite\n|-damage|p1a: Dragonite|79\/100\n|-status|p1a: Dragonite|brn\n|\n|-damage|p1a: Dragonite|72\/100 brn|[from] brn\n|upkeep\n|turn|71\n|\n|t:|1700472329\n|move|p1a: Dragonite|Earthquake|p2a: Cytherea\n|-damage|p2a: Cytherea|29\/100\n|move|p2a: Cytherea|Recover|p2a: Cytherea\n|-heal|p2a: Cytherea|79\/100\n|\n|-damage|p1a: Dragonite|66\/100 brn|[from] brn\n|upkeep\n|turn|72\n|\n|t:|1700472337\n|move|p1a: Dragonite|Dragon Dance|p1a: Dragonite\n|-boost|p1a: Dragonite|atk|1\n|-boost|p1a: Dragonite|spe|1\n|move|p2a: Cytherea|Scald|p1a: Dragonite\n|-resisted|p1a: Dragonite\n|-damage|p1a: Dragonite|50\/100 brn\n|\n|-damage|p1a: Dragonite|44\/100 brn|[from] brn\n|upkeep\n|turn|73\n|\n|t:|1700472346\n|switch|p1a: Slowking|Slowking-Galar, M, tera:Dark|73\/100 brn\n|-damage|p1a: Slowking|61\/100 brn|[from] Stealth Rock\n|move|p2a: Cytherea|Haze|p2a: Cytherea\n|-clearallboost\n|\n|-heal|p1a: Slowking|67\/100 brn|[from] item: Leftovers\n|-damage|p1a: Slowking|61\/100 brn|[from] brn\n|upkeep\n|turn|74\n|\n|t:|1700472357\n|switch|p2a: Angel Eyes|Clefable, M, shiny|77\/100 tox\n|switch|p1a: Dragonite|Dragonite, F|44\/100 brn\n|\n|-heal|p2a: Angel Eyes|83\/100 tox|[from] item: Leftovers\n|-damage|p1a: Dragonite|38\/100 brn|[from] brn\n|upkeep\n|turn|75\n|\n|t:|1700472366\n|move|p1a: Dragonite|Earthquake|p2a: Angel Eyes\n|-damage|p2a: Angel Eyes|69\/100 tox\n|move|p2a: Angel Eyes|Moonblast|p1a: Dragonite\n|-supereffective|p1a: Dragonite\n|-damage|p1a: Dragonite|0 fnt\n|faint|p1a: Dragonite\n|\n|-heal|p2a: Angel Eyes|75\/100 tox|[from] item: Leftovers\n|upkeep\n|\n|t:|1700472371\n|switch|p1a: Slowking|Slowking-Galar, M, tera:Dark|94\/100 brn\n|-damage|p1a: Slowking|81\/100 brn|[from] Stealth Rock\n|turn|76\n|\n|t:|1700472379\n|move|p2a: Angel Eyes|Moonblast|p1a: Slowking\n|-supereffective|p1a: Slowking\n|-damage|p1a: Slowking|46\/100 brn\n|-unboost|p1a: Slowking|spa|1\n|move|p1a: Slowking|Future Sight|p2a: Angel Eyes\n|-start|p1a: Slowking|move: Future Sight\n|\n|-heal|p2a: Angel Eyes|81\/100 tox|[from] item: Leftovers\n|-heal|p1a: Slowking|53\/100 brn|[from] item: Leftovers\n|-damage|p1a: Slowking|46\/100 brn|[from] brn\n|upkeep\n|turn|77\n|-message|MIRAGEBLAZER forfeited.\n|\n|win|mrbadd\n|raw|MIRAGEBLAZER's rating: 1310 &rarr; <strong>1289<\/strong><br \/>(-21 for losing)\n|raw|mrbadd's rating: 1298 &rarr; <strong>1324<\/strong><br \/>(+26 for winning)\n|l|\u2606MIRAGEBLAZER\n","uploadtime":1700472396,"views":12,"p1id":"mirageblazer","p2id":"mrbadd","formatid":"gen9ou","rating":1289,"private":0,"password":""}