{"id":"gen9ou-1993595772","p1":"garmanitanisbroken","p2":"Sensei Milia","format":"[Gen 9] OU","log":"|j|\u2606garmanitanisbroken\n|j|\u2606Sensei Milia\n|t:|1700335654\n|gametype|singles\n|player|p1|garmanitanisbroken|ltsurge|1188\n|player|p2|Sensei Milia|swimmerf|1210\n|teamsize|p1|6\n|teamsize|p2|6\n|gen|9\n|tier|[Gen 9] OU\n|rated|\n|rule|Sleep Clause Mod: Limit one foe put to sleep\n|rule|Species Clause: Limit one of each Pok\u00e9mon\n|rule|OHKO Clause: OHKO moves are banned\n|rule|Evasion Items Clause: Evasion items are banned\n|rule|Evasion Moves Clause: Evasion moves are banned\n|rule|Endless Battle Clause: Forcing endless battles is banned\n|rule|HP Percentage Mod: HP is shown in percentages\n|clearpoke\n|poke|p1|Salazzle, F|\n|poke|p1|Hawlucha, M|\n|poke|p1|Rillaboom, M|\n|poke|p1|Corviknight, M|\n|poke|p1|Milotic, F|\n|poke|p1|Kommo-o, M|\n|poke|p2|Heatran, M|\n|poke|p2|Garganacl, M|\n|poke|p2|Ceruledge, M|\n|poke|p2|Clodsire, M|\n|poke|p2|Breloom, F|\n|poke|p2|Clefable, F|\n|teampreview\n|inactive|Battle timer is ON: inactive players will automatically lose when time's up. (requested by Sensei Milia)\n|\n|t:|1700335676\n|start\n|switch|p1a: Corviknight|Corviknight, M, shiny|100\/100\n|switch|p2a: Heatran|Heatran, M, shiny|100\/100\n|-item|p2a: Heatran|Air Balloon\n|turn|1\n|\n|t:|1700335683\n|switch|p1a: Milotic|Milotic, F, shiny|100\/100\n|move|p2a: Heatran|Magma Storm|p1a: Milotic|[miss]\n|-miss|p2a: Heatran|p1a: Milotic\n|\n|upkeep\n|turn|2\n|\n|t:|1700335689\n|switch|p2a: Breloom|Breloom, F|100\/100\n|move|p1a: Milotic|Scald|p2a: Breloom\n|-resisted|p2a: Breloom\n|-damage|p2a: Breloom|87\/100\n|\n|-status|p2a: Breloom|tox|[from] item: Toxic Orb\n|upkeep\n|turn|3\n|\n|t:|1700335701\n|switch|p1a: Corviknight|Corviknight, M, shiny|100\/100\n|move|p2a: Breloom|Bulk Up|p2a: Breloom\n|-boost|p2a: Breloom|atk|1\n|-boost|p2a: Breloom|def|1\n|\n|-heal|p2a: Breloom|99\/100 tox|[from] ability: Poison Heal\n|upkeep\n|turn|4\n|\n|t:|1700335705\n|move|p2a: Breloom|Spore|p1a: Corviknight\n|-status|p1a: Corviknight|slp|[from] move: Spore\n|cant|p1a: Corviknight|slp\n|\n|-heal|p2a: Breloom|100\/100 tox|[from] ability: Poison Heal\n|upkeep\n|turn|5\n|\n|t:|1700335711\n|move|p2a: Breloom|Bulk Up|p2a: Breloom\n|-boost|p2a: Breloom|atk|1\n|-boost|p2a: Breloom|def|1\n|cant|p1a: Corviknight|slp\n|\n|upkeep\n|turn|6\n|\n|t:|1700335714\n|move|p2a: Breloom|Bulk Up|p2a: Breloom\n|-boost|p2a: Breloom|atk|1\n|-boost|p2a: Breloom|def|1\n|cant|p1a: Corviknight|slp\n|\n|upkeep\n|turn|7\n|\n|t:|1700335718\n|move|p2a: Breloom|Thunder Punch|p1a: Corviknight\n|-supereffective|p1a: Corviknight\n|-damage|p1a: Corviknight|31\/100 slp\n|-damage|p2a: Breloom|84\/100 tox|[from] item: Rocky Helmet|[of] p1a: Corviknight\n|-curestatus|p1a: Corviknight|slp|[msg]\n|move|p1a: Corviknight|Iron Defense|p1a: Corviknight\n|-boost|p1a: Corviknight|def|2\n|\n|-heal|p2a: Breloom|96\/100 tox|[from] ability: Poison Heal\n|upkeep\n|turn|8\n|\n|t:|1700335727\n|move|p2a: Breloom|Spore|p1a: Corviknight\n|-status|p1a: Corviknight|slp|[from] move: Spore\n|cant|p1a: Corviknight|slp\n|\n|-heal|p2a: Breloom|100\/100 tox|[from] ability: Poison Heal\n|upkeep\n|turn|9\n|\n|t:|1700335739\n|move|p2a: Breloom|Thunder Punch|p1a: Corviknight\n|-supereffective|p1a: Corviknight\n|-damage|p1a: Corviknight|0 fnt\n|-damage|p2a: Breloom|84\/100 tox|[from] item: Rocky Helmet|[of] p1a: Corviknight\n|faint|p1a: Corviknight\n|\n|-heal|p2a: Breloom|96\/100 tox|[from] ability: Poison Heal\n|upkeep\n|\n|t:|1700335743\n|switch|p1a: Salazzle|Salazzle, F, shiny|100\/100\n|turn|10\n|\n|t:|1700335752\n|switch|p2a: Ceruledge|Ceruledge, M|100\/100\n|move|p1a: Salazzle|Flamethrower|p2a: Ceruledge\n|-resisted|p2a: Ceruledge\n|-damage|p2a: Ceruledge|84\/100\n|\n|upkeep\n|turn|11\n|\n|t:|1700335761\n|move|p1a: Salazzle|Toxic|p2a: Ceruledge\n|-status|p2a: Ceruledge|tox\n|move|p2a: Ceruledge|Swords Dance|p2a: Ceruledge\n|-boost|p2a: Ceruledge|atk|2\n|\n|-damage|p2a: Ceruledge|77\/100 tox|[from] psn\n|upkeep\n|turn|12\n|\n|t:|1700335765\n|move|p1a: Salazzle|Encore|p2a: Ceruledge\n|-start|p2a: Ceruledge|Encore\n|move|p2a: Ceruledge|Swords Dance|p2a: Ceruledge\n|-boost|p2a: Ceruledge|atk|2\n|\n|-damage|p2a: Ceruledge|65\/100 tox|[from] psn\n|upkeep\n|turn|13\n|\n|t:|1700335777\n|switch|p1a: Kommo-o|Kommo-o, M, shiny|100\/100\n|switch|p2a: Heatran|Heatran, M, shiny|100\/100\n|-item|p2a: Heatran|Air Balloon\n|\n|upkeep\n|turn|14\n|\n|t:|1700335790\n|switch|p2a: Garganacl|Garganacl, M, shiny|100\/100\n|move|p1a: Kommo-o|Aura Sphere|p2a: Garganacl\n|-supereffective|p2a: Garganacl\n|-damage|p2a: Garganacl|57\/100\n|\n|-heal|p2a: Garganacl|64\/100|[from] item: Leftovers\n|upkeep\n|turn|15\n|\n|t:|1700335800\n|-terastallize|p2a: Garganacl|Water\n|move|p1a: Kommo-o|Aura Sphere|p2a: Garganacl\n|-damage|p2a: Garganacl|40\/100\n|move|p2a: Garganacl|Iron Defense|p2a: Garganacl\n|-boost|p2a: Garganacl|def|2\n|\n|-heal|p2a: Garganacl|46\/100|[from] item: Leftovers\n|upkeep\n|turn|16\n|\n|t:|1700335809\n|move|p1a: Kommo-o|Clanging Scales|p2a: Garganacl\n|-damage|p2a: Garganacl|15\/100\n|-unboost|p1a: Kommo-o|def|1\n|-enditem|p1a: Kommo-o|Throat Spray\n|-boost|p1a: Kommo-o|spa|1|[from] item: Throat Spray\n|move|p2a: Garganacl|Recover|p2a: Garganacl\n|-heal|p2a: Garganacl|65\/100\n|\n|-heal|p2a: Garganacl|72\/100|[from] item: Leftovers\n|upkeep\n|turn|17\n|\n|t:|1700335817\n|move|p1a: Kommo-o|Clangorous Soul|p1a: Kommo-o\n|-boost|p1a: Kommo-o|atk|1\n|-boost|p1a: Kommo-o|def|1\n|-boost|p1a: Kommo-o|spa|1\n|-boost|p1a: Kommo-o|spd|1\n|-boost|p1a: Kommo-o|spe|1\n|-damage|p1a: Kommo-o|68\/100\n|move|p2a: Garganacl|Salt Cure|p1a: Kommo-o\n|-resisted|p1a: Kommo-o\n|-damage|p1a: Kommo-o|60\/100\n|-start|p1a: Kommo-o|Salt Cure\n|\n|-heal|p2a: Garganacl|78\/100|[from] item: Leftovers\n|-damage|p1a: Kommo-o|48\/100|[from] Salt Cure\n|upkeep\n|turn|18\n|\n|t:|1700335831\n|move|p1a: Kommo-o|Clanging Scales|p2a: Garganacl\n|-damage|p2a: Garganacl|19\/100\n|-unboost|p1a: Kommo-o|def|1\n|move|p2a: Garganacl|Recover|p2a: Garganacl\n|-heal|p2a: Garganacl|69\/100\n|\n|-heal|p2a: Garganacl|75\/100|[from] item: Leftovers\n|-damage|p1a: Kommo-o|36\/100|[from] Salt Cure\n|upkeep\n|turn|19\n|\n|t:|1700335845\n|switch|p1a: Rillaboom|Rillaboom, M, shiny|100\/100\n|-fieldstart|move: Grassy Terrain|[from] ability: Grassy Surge|[of] p1a: Rillaboom\n|move|p2a: Garganacl|Recover|p2a: Garganacl\n|-heal|p2a: Garganacl|100\/100\n|\n|upkeep\n|turn|20\n|\n|t:|1700335853\n|move|p1a: Rillaboom|Knock Off|p2a: Garganacl\n|-crit|p2a: Garganacl\n|-damage|p2a: Garganacl|48\/100\n|-enditem|p2a: Garganacl|Leftovers|[from] move: Knock Off|[of] p1a: Rillaboom\n|move|p2a: Garganacl|Iron Defense|p2a: Garganacl\n|-boost|p2a: Garganacl|def|2\n|\n|-heal|p2a: Garganacl|54\/100|[from] Grassy Terrain\n|upkeep\n|turn|21\n|\n|t:|1700335866\n|switch|p1a: Hawlucha|Hawlucha, M, shiny|100\/100\n|-enditem|p1a: Hawlucha|Grassy Seed\n|-boost|p1a: Hawlucha|def|1|[from] item: Grassy Seed\n|move|p2a: Garganacl|Recover|p2a: Garganacl\n|-heal|p2a: Garganacl|100\/100\n|\n|upkeep\n|turn|22\n|\n|t:|1700335873\n|move|p1a: Hawlucha|Swords Dance|p1a: Hawlucha\n|-boost|p1a: Hawlucha|atk|2\n|move|p2a: Garganacl|Salt Cure|p1a: Hawlucha\n|-damage|p1a: Hawlucha|87\/100\n|-start|p1a: Hawlucha|Salt Cure\n|\n|-damage|p1a: Hawlucha|75\/100|[from] Salt Cure\n|upkeep\n|turn|23\n|\n|t:|1700335877\n|move|p1a: Hawlucha|Swords Dance|p1a: Hawlucha\n|-boost|p1a: Hawlucha|atk|2\n|move|p2a: Garganacl|Iron Defense|p2a: Garganacl\n|-boost|p2a: Garganacl|def|2\n|\n|-damage|p1a: Hawlucha|62\/100|[from] Salt Cure\n|-fieldend|move: Grassy Terrain\n|upkeep\n|turn|24\n|\n|t:|1700335881\n|move|p1a: Hawlucha|Swords Dance|p1a: Hawlucha\n|-boost|p1a: Hawlucha|atk|2\n|move|p2a: Garganacl|Body Press|p1a: Hawlucha\n|-resisted|p1a: Hawlucha\n|-damage|p1a: Hawlucha|16\/100\n|\n|-damage|p1a: Hawlucha|4\/100|[from] Salt Cure\n|upkeep\n|turn|25\n|\n|t:|1700335888\n|move|p1a: Hawlucha|Drain Punch|p2a: Garganacl\n|-damage|p2a: Garganacl|77\/100\n|-heal|p1a: Hawlucha|20\/100|[from] drain|[of] p2a: Garganacl\n|move|p2a: Garganacl|Recover|p2a: Garganacl\n|-heal|p2a: Garganacl|100\/100\n|\n|-damage|p1a: Hawlucha|7\/100|[from] Salt Cure\n|upkeep\n|turn|26\n|\n|t:|1700335893\n|move|p1a: Hawlucha|Drain Punch|p2a: Garganacl\n|-damage|p2a: Garganacl|80\/100\n|-heal|p1a: Hawlucha|21\/100|[from] drain|[of] p2a: Garganacl\n|move|p2a: Garganacl|Body Press|p1a: Hawlucha\n|-resisted|p1a: Hawlucha\n|-damage|p1a: Hawlucha|0 fnt\n|faint|p1a: Hawlucha\n|\n|upkeep\n|\n|t:|1700335899\n|switch|p1a: Rillaboom|Rillaboom, M, shiny|100\/100\n|-fieldstart|move: Grassy Terrain|[from] ability: Grassy Surge|[of] p1a: Rillaboom\n|turn|27\n|\n|t:|1700335903\n|move|p1a: Rillaboom|Wood Hammer|p2a: Garganacl\n|-supereffective|p2a: Garganacl\n|-damage|p2a: Garganacl|39\/100\n|-damage|p1a: Rillaboom|85\/100|[from] Recoil\n|move|p2a: Garganacl|Salt Cure|p1a: Rillaboom\n|-damage|p1a: Rillaboom|69\/100\n|-start|p1a: Rillaboom|Salt Cure\n|\n|-heal|p1a: Rillaboom|75\/100|[from] Grassy Terrain\n|-heal|p2a: Garganacl|45\/100|[from] Grassy Terrain\n|-damage|p1a: Rillaboom|62\/100|[from] Salt Cure\n|upkeep\n|turn|28\n|\n|t:|1700335908\n|move|p1a: Rillaboom|Wood Hammer|p2a: Garganacl\n|-supereffective|p2a: Garganacl\n|-damage|p2a: Garganacl|5\/100\n|-damage|p1a: Rillaboom|47\/100|[from] Recoil\n|move|p2a: Garganacl|Recover|p2a: Garganacl\n|-heal|p2a: Garganacl|55\/100\n|\n|-heal|p1a: Rillaboom|53\/100|[from] Grassy Terrain\n|-heal|p2a: Garganacl|61\/100|[from] Grassy Terrain\n|-damage|p1a: Rillaboom|41\/100|[from] Salt Cure\n|upkeep\n|turn|29\n|\n|t:|1700335912\n|-terastallize|p1a: Rillaboom|Grass\n|move|p1a: Rillaboom|Wood Hammer|p2a: Garganacl\n|-supereffective|p2a: Garganacl\n|-damage|p2a: Garganacl|4\/100\n|-damage|p1a: Rillaboom|19\/100|[from] Recoil\n|move|p2a: Garganacl|Recover|p2a: Garganacl\n|-heal|p2a: Garganacl|54\/100\n|\n|-heal|p1a: Rillaboom|25\/100|[from] Grassy Terrain\n|-heal|p2a: Garganacl|61\/100|[from] Grassy Terrain\n|-damage|p1a: Rillaboom|12\/100|[from] Salt Cure\n|upkeep\n|turn|30\n|\n|t:|1700335925\n|move|p1a: Rillaboom|Wood Hammer|p2a: Garganacl\n|-supereffective|p2a: Garganacl\n|-damage|p2a: Garganacl|0 fnt\n|faint|p2a: Garganacl\n|-damage|p1a: Rillaboom|0 fnt|[from] Recoil\n|faint|p1a: Rillaboom\n|\n|upkeep\n|\n|t:|1700335934\n|switch|p1a: Milotic|Milotic, F, shiny|100\/100\n|switch|p2a: Clefable|Clefable, F|100\/100\n|turn|31\n|\n|t:|1700335941\n|move|p1a: Milotic|Scald|p2a: Clefable\n|-damage|p2a: Clefable|77\/100\n|move|p2a: Clefable|Calm Mind|p2a: Clefable\n|-boost|p2a: Clefable|spa|1\n|-boost|p2a: Clefable|spd|1\n|\n|-heal|p2a: Clefable|83\/100|[from] Grassy Terrain\n|-heal|p2a: Clefable|90\/100|[from] item: Leftovers\n|-fieldend|move: Grassy Terrain\n|upkeep\n|turn|32\n|\n|t:|1700335947\n|move|p1a: Milotic|Scald|p2a: Clefable\n|-damage|p2a: Clefable|75\/100\n|move|p2a: Clefable|Calm Mind|p2a: Clefable\n|-boost|p2a: Clefable|spa|1\n|-boost|p2a: Clefable|spd|1\n|\n|-heal|p2a: Clefable|81\/100|[from] item: Leftovers\n|upkeep\n|turn|33\n|\n|t:|1700335951\n|move|p1a: Milotic|Haze|p1a: Milotic\n|-clearallboost\n|move|p2a: Clefable|Calm Mind|p2a: Clefable\n|-boost|p2a: Clefable|spa|1\n|-boost|p2a: Clefable|spd|1\n|\n|-heal|p2a: Clefable|87\/100|[from] item: Leftovers\n|upkeep\n|turn|34\n|\n|t:|1700335958\n|move|p2a: Clefable|Draining Kiss|p1a: Milotic\n|-damage|p1a: Milotic|85\/100\n|-heal|p2a: Clefable|99\/100|[from] drain|[of] p1a: Milotic\n|move|p1a: Milotic|Mirror Coat|p2a: Clefable\n|-damage|p2a: Clefable|68\/100\n|\n|-heal|p1a: Milotic|91\/100|[from] item: Leftovers\n|-heal|p2a: Clefable|74\/100|[from] item: Leftovers\n|upkeep\n|turn|35\n|\n|t:|1700335964\n|move|p1a: Milotic|Haze|p1a: Milotic\n|-clearallboost\n|move|p2a: Clefable|Calm Mind|p2a: Clefable\n|-boost|p2a: Clefable|spa|1\n|-boost|p2a: Clefable|spd|1\n|\n|-heal|p1a: Milotic|97\/100|[from] item: Leftovers\n|-heal|p2a: Clefable|80\/100|[from] item: Leftovers\n|upkeep\n|turn|36\n|\n|t:|1700335970\n|move|p1a: Milotic|Haze|p1a: Milotic\n|-clearallboost\n|move|p2a: Clefable|Draining Kiss|p1a: Milotic\n|-damage|p1a: Milotic|85\/100\n|-heal|p2a: Clefable|89\/100|[from] drain|[of] p1a: Milotic\n|\n|-heal|p1a: Milotic|92\/100|[from] item: Leftovers\n|-heal|p2a: Clefable|95\/100|[from] item: Leftovers\n|upkeep\n|turn|37\n|\n|t:|1700335977\n|move|p1a: Milotic|Scald|p2a: Clefable\n|-damage|p2a: Clefable|74\/100\n|-status|p2a: Clefable|brn\n|move|p2a: Clefable|Calm Mind|p2a: Clefable\n|-boost|p2a: Clefable|spa|1\n|-boost|p2a: Clefable|spd|1\n|\n|-heal|p1a: Milotic|98\/100|[from] item: Leftovers\n|-heal|p2a: Clefable|80\/100 brn|[from] item: Leftovers\n|upkeep\n|turn|38\n|\n|t:|1700335979\n|move|p1a: Milotic|Scald|p2a: Clefable\n|-damage|p2a: Clefable|64\/100 brn\n|move|p2a: Clefable|Draining Kiss|p1a: Milotic\n|-damage|p1a: Milotic|82\/100\n|-heal|p2a: Clefable|76\/100 brn|[from] drain|[of] p1a: Milotic\n|\n|-heal|p1a: Milotic|88\/100|[from] item: Leftovers\n|-heal|p2a: Clefable|82\/100 brn|[from] item: Leftovers\n|upkeep\n|turn|39\n|\n|t:|1700335984\n|move|p2a: Clefable|Cosmic Power|p2a: Clefable\n|-boost|p2a: Clefable|def|1\n|-boost|p2a: Clefable|spd|1\n|move|p1a: Milotic|Mirror Coat||[still]\n|-fail|p1a: Milotic\n|\n|-heal|p1a: Milotic|94\/100|[from] item: Leftovers\n|-heal|p2a: Clefable|88\/100 brn|[from] item: Leftovers\n|upkeep\n|turn|40\n|\n|t:|1700335990\n|move|p1a: Milotic|Haze|p1a: Milotic\n|-clearallboost\n|move|p2a: Clefable|Stored Power|p1a: Milotic\n|-damage|p1a: Milotic|91\/100\n|\n|-heal|p1a: Milotic|97\/100|[from] item: Leftovers\n|-heal|p2a: Clefable|94\/100 brn|[from] item: Leftovers\n|upkeep\n|turn|41\n|\n|t:|1700335999\n|move|p1a: Milotic|Scald|p2a: Clefable\n|-damage|p2a: Clefable|71\/100 brn\n|move|p2a: Clefable|Calm Mind|p2a: Clefable\n|-boost|p2a: Clefable|spa|1\n|-boost|p2a: Clefable|spd|1\n|\n|-heal|p1a: Milotic|100\/100|[from] item: Leftovers\n|-heal|p2a: Clefable|77\/100 brn|[from] item: Leftovers\n|upkeep\n|turn|42\n|\n|t:|1700336007\n|move|p1a: Milotic|Haze|p1a: Milotic\n|-clearallboost\n|move|p2a: Clefable|Draining Kiss|p1a: Milotic\n|-damage|p1a: Milotic|90\/100\n|-heal|p2a: Clefable|85\/100 brn|[from] drain|[of] p1a: Milotic\n|\n|-heal|p1a: Milotic|96\/100|[from] item: Leftovers\n|-heal|p2a: Clefable|91\/100 brn|[from] item: Leftovers\n|upkeep\n|turn|43\n|\n|t:|1700336030\n|switch|p1a: Salazzle|Salazzle, F, shiny|100\/100\n|move|p2a: Clefable|Calm Mind|p2a: Clefable\n|-boost|p2a: Clefable|spa|1\n|-boost|p2a: Clefable|spd|1\n|\n|-heal|p2a: Clefable|97\/100 brn|[from] item: Leftovers\n|upkeep\n|turn|44\n|\n|t:|1700336038\n|move|p1a: Salazzle|Encore|p2a: Clefable\n|-start|p2a: Clefable|Encore\n|move|p2a: Clefable|Calm Mind|p2a: Clefable\n|-boost|p2a: Clefable|spa|1\n|-boost|p2a: Clefable|spd|1\n|\n|-heal|p2a: Clefable|100\/100 brn|[from] item: Leftovers\n|upkeep\n|turn|45\n|\n|t:|1700336042\n|switch|p1a: Kommo-o|Kommo-o, M, shiny|36\/100\n|move|p2a: Clefable|Calm Mind|p2a: Clefable\n|-boost|p2a: Clefable|spa|1\n|-boost|p2a: Clefable|spd|1\n|\n|upkeep\n|turn|46\n|\n|t:|1700336045\n|move|p1a: Kommo-o|Flash Cannon|p2a: Clefable\n|-supereffective|p2a: Clefable\n|-damage|p2a: Clefable|85\/100 brn\n|move|p2a: Clefable|Calm Mind|p2a: Clefable\n|-boost|p2a: Clefable|spa|1\n|-boost|p2a: Clefable|spd|1\n|\n|-heal|p2a: Clefable|91\/100 brn|[from] item: Leftovers\n|-end|p2a: Clefable|Encore\n|upkeep\n|turn|47\n|\n|t:|1700336049\n|switch|p1a: Milotic|Milotic, F, shiny|96\/100\n|move|p2a: Clefable|Draining Kiss|p1a: Milotic\n|-damage|p1a: Milotic|65\/100\n|-heal|p2a: Clefable|100\/100 brn|[from] drain|[of] p1a: Milotic\n|\n|-heal|p1a: Milotic|71\/100|[from] item: Leftovers\n|upkeep\n|turn|48\n|\n|t:|1700336057\n|switch|p2a: Breloom|Breloom, F|96\/100 tox\n|move|p1a: Milotic|Haze|p1a: Milotic\n|-clearallboost\n|\n|-heal|p1a: Milotic|77\/100|[from] item: Leftovers\n|-heal|p2a: Breloom|100\/100 tox|[from] ability: Poison Heal\n|upkeep\n|turn|49\n|\n|t:|1700336067\n|move|p1a: Milotic|Scald|p2a: Breloom\n|-resisted|p2a: Breloom\n|-damage|p2a: Breloom|85\/100 tox\n|move|p2a: Breloom|Spore|p1a: Milotic\n|-status|p1a: Milotic|slp|[from] move: Spore\n|\n|-heal|p1a: Milotic|83\/100 slp|[from] item: Leftovers\n|-heal|p2a: Breloom|97\/100 tox|[from] ability: Poison Heal\n|upkeep\n|turn|50\n|\n|t:|1700336088\n|switch|p1a: Salazzle|Salazzle, F, shiny|100\/100\n|switch|p2a: Clefable|Clefable, F|100\/100 brn\n|\n|upkeep\n|turn|51\n|\n|t:|1700336095\n|move|p1a: Salazzle|Encore||[still]\n|-fail|p1a: Salazzle\n|move|p2a: Clefable|Calm Mind|p2a: Clefable\n|-boost|p2a: Clefable|spa|1\n|-boost|p2a: Clefable|spd|1\n|\n|upkeep\n|turn|52\n|\n|t:|1700336098\n|move|p1a: Salazzle|Sludge Bomb|p2a: Clefable\n|-supereffective|p2a: Clefable\n|-damage|p2a: Clefable|54\/100 brn\n|move|p2a: Clefable|Calm Mind|p2a: Clefable\n|-boost|p2a: Clefable|spa|1\n|-boost|p2a: Clefable|spd|1\n|\n|-heal|p2a: Clefable|60\/100 brn|[from] item: Leftovers\n|upkeep\n|turn|53\n|\n|t:|1700336105\n|move|p1a: Salazzle|Encore|p2a: Clefable\n|-start|p2a: Clefable|Encore\n|move|p2a: Clefable|Calm Mind|p2a: Clefable\n|-boost|p2a: Clefable|spa|1\n|-boost|p2a: Clefable|spd|1\n|\n|-heal|p2a: Clefable|66\/100 brn|[from] item: Leftovers\n|upkeep\n|turn|54\n|\n|t:|1700336108\n|switch|p1a: Milotic|Milotic, F, shiny|83\/100 slp\n|move|p2a: Clefable|Calm Mind|p2a: Clefable\n|-boost|p2a: Clefable|spa|1\n|-boost|p2a: Clefable|spd|1\n|\n|-heal|p1a: Milotic|89\/100 slp|[from] item: Leftovers\n|-heal|p2a: Clefable|73\/100 brn|[from] item: Leftovers\n|upkeep\n|turn|55\n|\n|t:|1700336111\n|cant|p1a: Milotic|slp\n|move|p2a: Clefable|Calm Mind|p2a: Clefable\n|-boost|p2a: Clefable|spa|1\n|-boost|p2a: Clefable|spd|1\n|\n|-heal|p1a: Milotic|95\/100 slp|[from] item: Leftovers\n|-heal|p2a: Clefable|79\/100 brn|[from] item: Leftovers\n|-end|p2a: Clefable|Encore\n|upkeep\n|turn|56\n|\n|t:|1700336114\n|-curestatus|p1a: Milotic|slp|[msg]\n|move|p1a: Milotic|Haze|p1a: Milotic\n|-clearallboost\n|move|p2a: Clefable|Stored Power|p1a: Milotic\n|-damage|p1a: Milotic|92\/100\n|\n|-heal|p1a: Milotic|98\/100|[from] item: Leftovers\n|-heal|p2a: Clefable|85\/100 brn|[from] item: Leftovers\n|upkeep\n|turn|57\n|\n|t:|1700336122\n|move|p1a: Milotic|Scald|p2a: Clefable\n|-damage|p2a: Clefable|62\/100 brn\n|move|p2a: Clefable|Calm Mind|p2a: Clefable\n|-boost|p2a: Clefable|spa|1\n|-boost|p2a: Clefable|spd|1\n|\n|-heal|p1a: Milotic|100\/100|[from] item: Leftovers\n|-heal|p2a: Clefable|68\/100 brn|[from] item: Leftovers\n|upkeep\n|turn|58\n|\n|t:|1700336126\n|move|p1a: Milotic|Scald|p2a: Clefable\n|-damage|p2a: Clefable|52\/100 brn\n|move|p2a: Clefable|Draining Kiss|p1a: Milotic\n|-damage|p1a: Milotic|83\/100\n|-heal|p2a: Clefable|65\/100 brn|[from] drain|[of] p1a: Milotic\n|\n|-heal|p1a: Milotic|89\/100|[from] item: Leftovers\n|-heal|p2a: Clefable|71\/100 brn|[from] item: Leftovers\n|upkeep\n|turn|59\n|\n|t:|1700336137\n|move|p1a: Milotic|Haze|p1a: Milotic\n|-clearallboost\n|move|p2a: Clefable|Draining Kiss|p1a: Milotic\n|-damage|p1a: Milotic|79\/100\n|-heal|p2a: Clefable|79\/100 brn|[from] drain|[of] p1a: Milotic\n|\n|-heal|p1a: Milotic|85\/100|[from] item: Leftovers\n|-heal|p2a: Clefable|85\/100 brn|[from] item: Leftovers\n|upkeep\n|turn|60\n|\n|t:|1700336141\n|switch|p1a: Salazzle|Salazzle, F, shiny|100\/100\n|move|p2a: Clefable|Draining Kiss|p1a: Salazzle\n|-resisted|p1a: Salazzle\n|-damage|p1a: Salazzle|92\/100\n|-heal|p2a: Clefable|90\/100 brn|[from] drain|[of] p1a: Salazzle\n|\n|-heal|p2a: Clefable|96\/100 brn|[from] item: Leftovers\n|upkeep\n|turn|61\n|\n|t:|1700336150\n|move|p1a: Salazzle|Encore|p2a: Clefable\n|-start|p2a: Clefable|Encore\n|move|p2a: Clefable|Draining Kiss|p1a: Salazzle\n|-resisted|p1a: Salazzle\n|-damage|p1a: Salazzle|84\/100\n|-heal|p2a: Clefable|99\/100 brn|[from] drain|[of] p1a: Salazzle\n|\n|-heal|p2a: Clefable|100\/100 brn|[from] item: Leftovers\n|upkeep\n|turn|62\n|\n|t:|1700336154\n|switch|p2a: Clodsire|Clodsire, M|100\/100\n|move|p1a: Salazzle|Sludge Bomb|p2a: Clodsire\n|-resisted|p2a: Clodsire\n|-damage|p2a: Clodsire|95\/100\n|\n|-heal|p2a: Clodsire|100\/100|[from] item: Leftovers\n|upkeep\n|turn|63\n|\n|t:|1700336164\n|move|p1a: Salazzle|Toxic|p2a: Clodsire\n|-status|p2a: Clodsire|tox\n|move|p2a: Clodsire|Stealth Rock|p1a: Salazzle\n|-sidestart|p1: garmanitanisbroken|move: Stealth Rock\n|\n|-damage|p2a: Clodsire|94\/100 tox|[from] psn\n|upkeep\n|turn|64\n|\n|t:|1700336175\n|switch|p1a: Milotic|Milotic, F, shiny|85\/100\n|-damage|p1a: Milotic|72\/100|[from] Stealth Rock\n|switch|p2a: Ceruledge|Ceruledge, M|65\/100 tox\n|\n|-heal|p1a: Milotic|78\/100|[from] item: Leftovers\n|-damage|p2a: Ceruledge|59\/100 tox|[from] psn\n|upkeep\n|turn|65\n|\n|t:|1700336185\n|move|p1a: Milotic|Scald|p2a: Ceruledge\n|-supereffective|p2a: Ceruledge\n|-damage|p2a: Ceruledge|15\/100 tox\n|-enditem|p2a: Ceruledge|Weakness Policy\n|-boost|p2a: Ceruledge|atk|2|[from] item: Weakness Policy\n|-boost|p2a: Ceruledge|spa|2|[from] item: Weakness Policy\n|move|p2a: Ceruledge|Will-O-Wisp|p1a: Milotic\n|-status|p1a: Milotic|brn\n|\n|-heal|p1a: Milotic|84\/100 brn|[from] item: Leftovers\n|-damage|p2a: Ceruledge|2\/100 tox|[from] psn\n|-damage|p1a: Milotic|78\/100 brn|[from] brn\n|upkeep\n|turn|66\n|\n|t:|1700336197\n|switch|p1a: Kommo-o|Kommo-o, M, shiny|36\/100\n|-damage|p1a: Kommo-o|29\/100|[from] Stealth Rock\n|move|p2a: Ceruledge|Bitter Blade|p1a: Kommo-o\n|-resisted|p1a: Kommo-o\n|-damage|p1a: Kommo-o|0 fnt\n|-heal|p2a: Ceruledge|14\/100 tox|[from] drain|[of] p1a: Kommo-o\n|faint|p1a: Kommo-o\n|\n|-damage|p2a: Ceruledge|0 fnt|[from] psn\n|faint|p2a: Ceruledge\n|upkeep\n|\n|t:|1700336216\n|switch|p1a: Salazzle|Salazzle, F, shiny|84\/100\n|switch|p2a: Breloom|Breloom, F|97\/100 tox\n|turn|67\n|\n|t:|1700336228\n|switch|p2a: Heatran|Heatran, M, shiny|100\/100\n|-item|p2a: Heatran|Air Balloon\n|move|p1a: Salazzle|Sludge Bomb|p2a: Heatran\n|-immune|p2a: Heatran\n|\n|upkeep\n|turn|68\n|\n|t:|1700336236\n|switch|p1a: Milotic|Milotic, F, shiny|78\/100 brn\n|-damage|p1a: Milotic|66\/100 brn|[from] Stealth Rock\n|move|p2a: Heatran|Earth Power|p1a: Milotic\n|-damage|p1a: Milotic|44\/100 brn\n|\n|-heal|p1a: Milotic|50\/100 brn|[from] item: Leftovers\n|-damage|p1a: Milotic|44\/100 brn|[from] brn\n|upkeep\n|turn|69\n|\n|t:|1700336245\n|switch|p2a: Clefable|Clefable, F|100\/100 brn\n|move|p1a: Milotic|Recover|p1a: Milotic\n|-heal|p1a: Milotic|94\/100 brn\n|\n|-heal|p1a: Milotic|100\/100 brn|[from] item: Leftovers\n|-damage|p1a: Milotic|94\/100 brn|[from] brn\n|upkeep\n|turn|70\n|\n|t:|1700336256\n|move|p1a: Milotic|Scald|p2a: Clefable\n|-damage|p2a: Clefable|79\/100 brn\n|move|p2a: Clefable|Calm Mind|p2a: Clefable\n|-boost|p2a: Clefable|spa|1\n|-boost|p2a: Clefable|spd|1\n|\n|-heal|p1a: Milotic|100\/100 brn|[from] item: Leftovers\n|-heal|p2a: Clefable|85\/100 brn|[from] item: Leftovers\n|-damage|p1a: Milotic|94\/100 brn|[from] brn\n|upkeep\n|turn|71\n|\n|t:|1700336260\n|move|p1a: Milotic|Scald|p2a: Clefable\n|-damage|p2a: Clefable|70\/100 brn\n|move|p2a: Clefable|Draining Kiss|p1a: Milotic\n|-damage|p1a: Milotic|79\/100 brn\n|-heal|p2a: Clefable|82\/100 brn|[from] drain|[of] p1a: Milotic\n|\n|-heal|p1a: Milotic|85\/100 brn|[from] item: Leftovers\n|-heal|p2a: Clefable|88\/100 brn|[from] item: Leftovers\n|-damage|p1a: Milotic|79\/100 brn|[from] brn\n|upkeep\n|turn|72\n|\n|t:|1700336264\n|move|p1a: Milotic|Haze|p1a: Milotic\n|-clearallboost\n|move|p2a: Clefable|Draining Kiss|p1a: Milotic\n|-damage|p1a: Milotic|67\/100 brn\n|-heal|p2a: Clefable|97\/100 brn|[from] drain|[of] p1a: Milotic\n|\n|-heal|p1a: Milotic|73\/100 brn|[from] item: Leftovers\n|-heal|p2a: Clefable|100\/100 brn|[from] item: Leftovers\n|-damage|p1a: Milotic|67\/100 brn|[from] brn\n|upkeep\n|turn|73\n|\n|t:|1700336269\n|move|p2a: Clefable|Calm Mind|p2a: Clefable\n|-boost|p2a: Clefable|spa|1\n|-boost|p2a: Clefable|spd|1\n|move|p1a: Milotic|Mirror Coat||[still]\n|-fail|p1a: Milotic\n|\n|-heal|p1a: Milotic|73\/100 brn|[from] item: Leftovers\n|-damage|p1a: Milotic|67\/100 brn|[from] brn\n|upkeep\n|turn|74\n|\n|t:|1700336272\n|move|p1a: Milotic|Haze|p1a: Milotic\n|-clearallboost\n|move|p2a: Clefable|Draining Kiss|p1a: Milotic\n|-damage|p1a: Milotic|56\/100 brn\n|\n|-heal|p1a: Milotic|62\/100 brn|[from] item: Leftovers\n|-damage|p1a: Milotic|56\/100 brn|[from] brn\n|upkeep\n|turn|75\n|\n|t:|1700336277\n|move|p1a: Milotic|Scald|p2a: Clefable\n|-damage|p2a: Clefable|76\/100 brn\n|move|p2a: Clefable|Calm Mind|p2a: Clefable\n|-boost|p2a: Clefable|spa|1\n|-boost|p2a: Clefable|spd|1\n|\n|-heal|p1a: Milotic|62\/100 brn|[from] item: Leftovers\n|-heal|p2a: Clefable|82\/100 brn|[from] item: Leftovers\n|-damage|p1a: Milotic|56\/100 brn|[from] brn\n|upkeep\n|turn|76\n|\n|t:|1700336280\n|move|p2a: Clefable|Calm Mind|p2a: Clefable\n|-boost|p2a: Clefable|spa|1\n|-boost|p2a: Clefable|spd|1\n|move|p1a: Milotic|Mirror Coat||[still]\n|-fail|p1a: Milotic\n|\n|-heal|p1a: Milotic|62\/100 brn|[from] item: Leftovers\n|-heal|p2a: Clefable|88\/100 brn|[from] item: Leftovers\n|-damage|p1a: Milotic|56\/100 brn|[from] brn\n|upkeep\n|turn|77\n|\n|t:|1700336283\n|move|p2a: Clefable|Draining Kiss|p1a: Milotic\n|-damage|p1a: Milotic|34\/100 brn\n|-heal|p2a: Clefable|100\/100 brn|[from] drain|[of] p1a: Milotic\n|move|p1a: Milotic|Mirror Coat|p2a: Clefable\n|-damage|p2a: Clefable|56\/100 brn\n|\n|-heal|p1a: Milotic|40\/100 brn|[from] item: Leftovers\n|-heal|p2a: Clefable|62\/100 brn|[from] item: Leftovers\n|-damage|p1a: Milotic|34\/100 brn|[from] brn\n|upkeep\n|turn|78\n|\n|t:|1700336293\n|move|p1a: Milotic|Recover|p1a: Milotic\n|-heal|p1a: Milotic|84\/100 brn\n|move|p2a: Clefable|Stored Power|p1a: Milotic\n|-damage|p1a: Milotic|58\/100 brn\n|\n|-heal|p1a: Milotic|64\/100 brn|[from] item: Leftovers\n|-heal|p2a: Clefable|69\/100 brn|[from] item: Leftovers\n|-damage|p1a: Milotic|58\/100 brn|[from] brn\n|upkeep\n|turn|79\n|\n|t:|1700336302\n|move|p2a: Clefable|Calm Mind|p2a: Clefable\n|-boost|p2a: Clefable|spa|1\n|-boost|p2a: Clefable|spd|1\n|move|p1a: Milotic|Mirror Coat||[still]\n|-fail|p1a: Milotic\n|\n|-heal|p1a: Milotic|64\/100 brn|[from] item: Leftovers\n|-heal|p2a: Clefable|75\/100 brn|[from] item: Leftovers\n|-damage|p1a: Milotic|58\/100 brn|[from] brn\n|upkeep\n|turn|80\n|\n|t:|1700336311\n|move|p1a: Milotic|Haze|p1a: Milotic\n|-clearallboost\n|move|p2a: Clefable|Draining Kiss|p1a: Milotic\n|-damage|p1a: Milotic|47\/100 brn\n|-heal|p2a: Clefable|83\/100 brn|[from] drain|[of] p1a: Milotic\n|\n|-heal|p1a: Milotic|53\/100 brn|[from] item: Leftovers\n|-heal|p2a: Clefable|89\/100 brn|[from] item: Leftovers\n|-damage|p1a: Milotic|47\/100 brn|[from] brn\n|upkeep\n|turn|81\n|\n|t:|1700336317\n|move|p1a: Milotic|Recover|p1a: Milotic\n|-heal|p1a: Milotic|97\/100 brn\n|move|p2a: Clefable|Draining Kiss|p1a: Milotic\n|-damage|p1a: Milotic|86\/100 brn\n|-heal|p2a: Clefable|97\/100 brn|[from] drain|[of] p1a: Milotic\n|\n|-heal|p1a: Milotic|92\/100 brn|[from] item: Leftovers\n|-heal|p2a: Clefable|100\/100 brn|[from] item: Leftovers\n|-damage|p1a: Milotic|86\/100 brn|[from] brn\n|upkeep\n|turn|82\n|\n|t:|1700336323\n|switch|p1a: Salazzle|Salazzle, F, shiny|84\/100\n|move|p2a: Clefable|Cosmic Power|p2a: Clefable\n|-boost|p2a: Clefable|def|1\n|-boost|p2a: Clefable|spd|1\n|\n|upkeep\n|turn|83\n|\n|t:|1700336327\n|move|p1a: Salazzle|Encore|p2a: Clefable\n|-start|p2a: Clefable|Encore\n|move|p2a: Clefable|Cosmic Power|p2a: Clefable\n|-boost|p2a: Clefable|def|1\n|-boost|p2a: Clefable|spd|1\n|\n|upkeep\n|turn|84\n|\n|t:|1700336329\n|switch|p1a: Milotic|Milotic, F, shiny|86\/100 brn\n|-damage|p1a: Milotic|74\/100 brn|[from] Stealth Rock\n|move|p2a: Clefable|Cosmic Power|p2a: Clefable\n|-boost|p2a: Clefable|def|1\n|-boost|p2a: Clefable|spd|1\n|\n|-heal|p1a: Milotic|80\/100 brn|[from] item: Leftovers\n|-damage|p1a: Milotic|74\/100 brn|[from] brn\n|upkeep\n|turn|85\n|\n|t:|1700336332\n|move|p1a: Milotic|Haze|p1a: Milotic\n|-clearallboost\n|move|p2a: Clefable|Cosmic Power|p2a: Clefable\n|-boost|p2a: Clefable|def|1\n|-boost|p2a: Clefable|spd|1\n|\n|-heal|p1a: Milotic|80\/100 brn|[from] item: Leftovers\n|-damage|p1a: Milotic|74\/100 brn|[from] brn\n|-end|p2a: Clefable|Encore\n|upkeep\n|turn|86\n|\n|t:|1700336339\n|move|p2a: Clefable|Stored Power|p1a: Milotic\n|-damage|p1a: Milotic|64\/100 brn\n|move|p1a: Milotic|Mirror Coat|p2a: Clefable\n|-damage|p2a: Clefable|82\/100 brn\n|\n|-heal|p1a: Milotic|70\/100 brn|[from] item: Leftovers\n|-heal|p2a: Clefable|88\/100 brn|[from] item: Leftovers\n|-damage|p1a: Milotic|64\/100 brn|[from] brn\n|upkeep\n|turn|87\n|\n|t:|1700336348\n|move|p1a: Milotic|Haze|p1a: Milotic\n|-clearallboost\n|move|p2a: Clefable|Draining Kiss|p1a: Milotic\n|-damage|p1a: Milotic|54\/100 brn\n|-heal|p2a: Clefable|96\/100 brn|[from] drain|[of] p1a: Milotic\n|\n|-heal|p1a: Milotic|60\/100 brn|[from] item: Leftovers\n|-heal|p2a: Clefable|100\/100 brn|[from] item: Leftovers\n|-damage|p1a: Milotic|54\/100 brn|[from] brn\n|upkeep\n|turn|88\n|\n|t:|1700336360\n|move|p1a: Milotic|Recover|p1a: Milotic\n|-heal|p1a: Milotic|100\/100 brn\n|move|p2a: Clefable|Cosmic Power|p2a: Clefable\n|-boost|p2a: Clefable|def|1\n|-boost|p2a: Clefable|spd|1\n|\n|-damage|p1a: Milotic|94\/100 brn|[from] brn\n|upkeep\n|turn|89\n|\n|t:|1700336365\n|move|p1a: Milotic|Haze|p1a: Milotic\n|-clearallboost\n|move|p2a: Clefable|Cosmic Power|p2a: Clefable\n|-boost|p2a: Clefable|def|1\n|-boost|p2a: Clefable|spd|1\n|\n|-heal|p1a: Milotic|100\/100 brn|[from] item: Leftovers\n|-damage|p1a: Milotic|94\/100 brn|[from] brn\n|upkeep\n|turn|90\n|\n|t:|1700336368\n|move|p1a: Milotic|Haze|p1a: Milotic\n|-clearallboost\n|move|p2a: Clefable|Stored Power|p1a: Milotic\n|-damage|p1a: Milotic|91\/100 brn\n|\n|-heal|p1a: Milotic|97\/100 brn|[from] item: Leftovers\n|-damage|p1a: Milotic|91\/100 brn|[from] brn\n|upkeep\n|turn|91\n|\n|t:|1700336373\n|move|p1a: Milotic|Scald|p2a: Clefable\n|-damage|p2a: Clefable|76\/100 brn\n|move|p2a: Clefable|Cosmic Power|p2a: Clefable\n|-boost|p2a: Clefable|def|1\n|-boost|p2a: Clefable|spd|1\n|\n|-heal|p1a: Milotic|97\/100 brn|[from] item: Leftovers\n|-heal|p2a: Clefable|82\/100 brn|[from] item: Leftovers\n|-damage|p1a: Milotic|91\/100 brn|[from] brn\n|upkeep\n|turn|92\n|\n|t:|1700336378\n|move|p1a: Milotic|Scald|p2a: Clefable\n|-damage|p2a: Clefable|66\/100 brn\n|move|p2a: Clefable|Stored Power|p1a: Milotic\n|-damage|p1a: Milotic|82\/100 brn\n|\n|-heal|p1a: Milotic|89\/100 brn|[from] item: Leftovers\n|-heal|p2a: Clefable|73\/100 brn|[from] item: Leftovers\n|-damage|p1a: Milotic|82\/100 brn|[from] brn\n|upkeep\n|turn|93\n|\n|t:|1700336380\n|move|p1a: Milotic|Haze|p1a: Milotic\n|-clearallboost\n|move|p2a: Clefable|Cosmic Power|p2a: Clefable\n|-boost|p2a: Clefable|def|1\n|-boost|p2a: Clefable|spd|1\n|\n|-heal|p1a: Milotic|89\/100 brn|[from] item: Leftovers\n|-heal|p2a: Clefable|79\/100 brn|[from] item: Leftovers\n|-damage|p1a: Milotic|82\/100 brn|[from] brn\n|upkeep\n|turn|94\n|\n|t:|1700336384\n|move|p1a: Milotic|Haze|p1a: Milotic\n|-clearallboost\n|move|p2a: Clefable|Cosmic Power|p2a: Clefable\n|-boost|p2a: Clefable|def|1\n|-boost|p2a: Clefable|spd|1\n|\n|-heal|p1a: Milotic|89\/100 brn|[from] item: Leftovers\n|-heal|p2a: Clefable|85\/100 brn|[from] item: Leftovers\n|-damage|p1a: Milotic|82\/100 brn|[from] brn\n|upkeep\n|turn|95\n|\n|t:|1700336410\n|move|p1a: Milotic|Scald|p2a: Clefable\n|-damage|p2a: Clefable|70\/100 brn\n|move|p2a: Clefable|Cosmic Power|p2a: Clefable\n|-boost|p2a: Clefable|def|1\n|-boost|p2a: Clefable|spd|1\n|\n|-heal|p1a: Milotic|89\/100 brn|[from] item: Leftovers\n|-heal|p2a: Clefable|76\/100 brn|[from] item: Leftovers\n|-damage|p1a: Milotic|82\/100 brn|[from] brn\n|upkeep\n|turn|96\n|\n|t:|1700336414\n|move|p2a: Clefable|Stored Power|p1a: Milotic\n|-damage|p1a: Milotic|68\/100 brn\n|move|p1a: Milotic|Mirror Coat|p2a: Clefable\n|-damage|p2a: Clefable|47\/100 brn\n|\n|-heal|p1a: Milotic|74\/100 brn|[from] item: Leftovers\n|-heal|p2a: Clefable|53\/100 brn|[from] item: Leftovers\n|-damage|p1a: Milotic|68\/100 brn|[from] brn\n|upkeep\n|turn|97\n|\n|t:|1700336424\n|switch|p2a: Breloom|Breloom, F|97\/100 tox\n|move|p1a: Milotic|Haze|p1a: Milotic\n|-clearallboost\n|\n|-heal|p1a: Milotic|74\/100 brn|[from] item: Leftovers\n|-heal|p2a: Breloom|100\/100 tox|[from] ability: Poison Heal\n|-damage|p1a: Milotic|68\/100 brn|[from] brn\n|upkeep\n|turn|98\n|\n|t:|1700336438\n|move|p1a: Milotic|Recover|p1a: Milotic\n|-heal|p1a: Milotic|100\/100 brn\n|move|p2a: Breloom|Spore||[still]\n|-fail|p2a: Breloom\n|\n|-damage|p1a: Milotic|94\/100 brn|[from] brn\n|upkeep\n|turn|99\n|\n|t:|1700336441\n|move|p1a: Milotic|Scald|p2a: Breloom\n|-resisted|p2a: Breloom\n|-damage|p2a: Breloom|87\/100 tox\n|move|p2a: Breloom|Bulk Up|p2a: Breloom\n|-boost|p2a: Breloom|atk|1\n|-boost|p2a: Breloom|def|1\n|\n|-heal|p1a: Milotic|100\/100 brn|[from] item: Leftovers\n|-heal|p2a: Breloom|99\/100 tox|[from] ability: Poison Heal\n|-damage|p1a: Milotic|94\/100 brn|[from] brn\n|upkeep\n|turn|100\n|\n|t:|1700336446\n|switch|p1a: Salazzle|Salazzle, F, shiny|84\/100\n|move|p2a: Breloom|Thunder Punch|p1a: Salazzle\n|-damage|p1a: Salazzle|22\/100\n|\n|-heal|p2a: Breloom|100\/100 tox|[from] ability: Poison Heal\n|upkeep\n|turn|101\n|\n|t:|1700336453\n|switch|p2a: Heatran|Heatran, M, shiny|100\/100\n|-item|p2a: Heatran|Air Balloon\n|move|p1a: Salazzle|Sludge Bomb|p2a: Heatran\n|-immune|p2a: Heatran\n|\n|upkeep\n|turn|102\n|\n|t:|1700336460\n|move|p1a: Salazzle|Toxic|p2a: Heatran\n|-status|p2a: Heatran|tox\n|move|p2a: Heatran|Earth Power|p1a: Salazzle\n|-supereffective|p1a: Salazzle\n|-damage|p1a: Salazzle|0 fnt\n|faint|p1a: Salazzle\n|\n|-damage|p2a: Heatran|94\/100 tox|[from] psn\n|upkeep\n|\n|t:|1700336464\n|switch|p1a: Milotic|Milotic, F, shiny|94\/100 brn\n|-damage|p1a: Milotic|82\/100 brn|[from] Stealth Rock\n|turn|103\n|\n|t:|1700336471\n|move|p1a: Milotic|Scald|p2a: Heatran\n|-supereffective|p2a: Heatran\n|-damage|p2a: Heatran|45\/100 tox\n|-enditem|p2a: Heatran|Air Balloon\n|move|p2a: Heatran|Magma Storm|p1a: Milotic\n|-resisted|p1a: Milotic\n|-damage|p1a: Milotic|65\/100 brn\n|-activate|p1a: Milotic|move: Magma Storm|[of] p2a: Heatran\n|\n|-heal|p1a: Milotic|71\/100 brn|[from] item: Leftovers\n|-damage|p2a: Heatran|32\/100 tox|[from] psn\n|-damage|p1a: Milotic|65\/100 brn|[from] brn\n|-damage|p1a: Milotic|53\/100 brn|[from] move: Magma Storm|[partiallytrapped]\n|upkeep\n|turn|104\n|\n|t:|1700336484\n|switch|p2a: Breloom|Breloom, F|100\/100 tox\n|move|p1a: Milotic|Recover|p1a: Milotic\n|-heal|p1a: Milotic|100\/100 brn\n|\n|-damage|p1a: Milotic|94\/100 brn|[from] brn\n|-end|p1a: Milotic|Magma Storm|[partiallytrapped]|[silent]\n|upkeep\n|turn|105\n|\n|t:|1700336492\n|move|p1a: Milotic|Scald|p2a: Breloom\n|-resisted|p2a: Breloom\n|-damage|p2a: Breloom|86\/100 tox\n|move|p2a: Breloom|Bulk Up|p2a: Breloom\n|-boost|p2a: Breloom|atk|1\n|-boost|p2a: Breloom|def|1\n|\n|-heal|p1a: Milotic|100\/100 brn|[from] item: Leftovers\n|-heal|p2a: Breloom|98\/100 tox|[from] ability: Poison Heal\n|-damage|p1a: Milotic|94\/100 brn|[from] brn\n|upkeep\n|turn|106\n|\n|t:|1700336498\n|move|p1a: Milotic|Haze|p1a: Milotic\n|-clearallboost\n|move|p2a: Breloom|Drain Punch|p1a: Milotic\n|-damage|p1a: Milotic|71\/100 brn\n|-heal|p2a: Breloom|100\/100 tox|[from] drain|[of] p1a: Milotic\n|\n|-heal|p1a: Milotic|77\/100 brn|[from] item: Leftovers\n|-damage|p1a: Milotic|71\/100 brn|[from] brn\n|upkeep\n|turn|107\n|\n|t:|1700336502\n|move|p1a: Milotic|Scald|p2a: Breloom\n|-resisted|p2a: Breloom\n|-damage|p2a: Breloom|86\/100 tox\n|move|p2a: Breloom|Thunder Punch|p1a: Milotic\n|-supereffective|p1a: Milotic\n|-damage|p1a: Milotic|41\/100 brn\n|\n|-heal|p1a: Milotic|47\/100 brn|[from] item: Leftovers\n|-heal|p2a: Breloom|98\/100 tox|[from] ability: Poison Heal\n|-damage|p1a: Milotic|41\/100 brn|[from] brn\n|upkeep\n|turn|108\n|\n|t:|1700336506\n|move|p1a: Milotic|Recover|p1a: Milotic\n|-heal|p1a: Milotic|91\/100 brn\n|move|p2a: Breloom|Thunder Punch|p1a: Milotic\n|-supereffective|p1a: Milotic\n|-damage|p1a: Milotic|60\/100 brn\n|\n|-heal|p1a: Milotic|66\/100 brn|[from] item: Leftovers\n|-heal|p2a: Breloom|100\/100 tox|[from] ability: Poison Heal\n|-damage|p1a: Milotic|60\/100 brn|[from] brn\n|upkeep\n|turn|109\n|\n|t:|1700336511\n|move|p1a: Milotic|Scald|p2a: Breloom\n|-resisted|p2a: Breloom\n|-damage|p2a: Breloom|86\/100 tox\n|move|p2a: Breloom|Thunder Punch|p1a: Milotic\n|-supereffective|p1a: Milotic\n|-damage|p1a: Milotic|27\/100 brn\n|\n|-heal|p1a: Milotic|33\/100 brn|[from] item: Leftovers\n|-heal|p2a: Breloom|99\/100 tox|[from] ability: Poison Heal\n|-damage|p1a: Milotic|27\/100 brn|[from] brn\n|upkeep\n|turn|110\n|\n|t:|1700336514\n|move|p1a: Milotic|Recover|p1a: Milotic\n|-heal|p1a: Milotic|77\/100 brn\n|move|p2a: Breloom|Thunder Punch|p1a: Milotic\n|-supereffective|p1a: Milotic\n|-damage|p1a: Milotic|46\/100 brn\n|\n|-heal|p1a: Milotic|52\/100 brn|[from] item: Leftovers\n|-heal|p2a: Breloom|100\/100 tox|[from] ability: Poison Heal\n|-damage|p1a: Milotic|46\/100 brn|[from] brn\n|upkeep\n|turn|111\n|\n|t:|1700336521\n|move|p2a: Breloom|Thunder Punch|p1a: Milotic\n|-supereffective|p1a: Milotic\n|-damage|p1a: Milotic|15\/100 brn\n|move|p1a: Milotic|Mirror Coat||[still]\n|-fail|p1a: Milotic\n|\n|-heal|p1a: Milotic|21\/100 brn|[from] item: Leftovers\n|-damage|p1a: Milotic|15\/100 brn|[from] brn\n|upkeep\n|turn|112\n|\n|t:|1700336524\n|move|p1a: Milotic|Scald|p2a: Breloom\n|-resisted|p2a: Breloom\n|-damage|p2a: Breloom|85\/100 tox\n|move|p2a: Breloom|Thunder Punch|p1a: Milotic\n|-supereffective|p1a: Milotic\n|-damage|p1a: Milotic|0 fnt\n|faint|p1a: Milotic\n|\n|win|Sensei Milia\n|raw|garmanitanisbroken's rating: 1188 &rarr; <strong>1165<\/strong><br \/>(-23 for losing)\n|raw|Sensei Milia's rating: 1210 &rarr; <strong>1233<\/strong><br \/>(+23 for winning)\n|l|\u2606garmanitanisbroken\n","uploadtime":1700336547,"views":10,"p1id":"garmanitanisbroken","p2id":"senseimilia","formatid":"gen9ou","rating":1165,"private":0,"password":""}