{"id":"gen9ou-1990106569","p1":"Nugget O Silver","p2":"N1RankoKanzakiSimp","format":"[Gen 9] OU","log":"|j|\u2606Nugget O Silver\n|j|\u2606N1RankoKanzakiSimp\n|t:|1699925215\n|gametype|singles\n|player|p1|Nugget O Silver|colress|1601\n|player|p2|N1RankoKanzakiSimp|marnie-masters2|1727\n|teamsize|p1|6\n|teamsize|p2|6\n|gen|9\n|tier|[Gen 9] OU\n|rated|\n|rule|Sleep Clause Mod: Limit one foe put to sleep\n|rule|Species Clause: Limit one of each Pok\u00e9mon\n|rule|OHKO Clause: OHKO moves are banned\n|rule|Evasion Items Clause: Evasion items are banned\n|rule|Evasion Moves Clause: Evasion moves are banned\n|rule|Endless Battle Clause: Forcing endless battles is banned\n|rule|HP Percentage Mod: HP is shown in percentages\n|clearpoke\n|poke|p1|Kingambit, F|\n|poke|p1|Glimmora, M|\n|poke|p1|Zamazenta-*|\n|poke|p1|Iron Valiant|\n|poke|p1|Iron Moth|\n|poke|p1|Ogerpon-Wellspring, F|\n|poke|p2|Ninetales-Alola, M|\n|poke|p2|Manaphy|\n|poke|p2|Slowbro-Galar, F|\n|poke|p2|Iron Hands|\n|poke|p2|Kingambit, F|\n|poke|p2|Enamorus-Therian, F|\n|teampreview\n|inactive|Battle timer is ON: inactive players will automatically lose when time's up. (requested by N1RankoKanzakiSimp)\n|\n|t:|1699925226\n|start\n|switch|p1a: Glimmora|Glimmora, M|100\/100\n|switch|p2a: Ninetales|Ninetales-Alola, M|100\/100\n|-weather|Snow|[from] ability: Snow Warning|[of] p2a: Ninetales\n|turn|1\n|\n|t:|1699925231\n|move|p2a: Ninetales|Freeze-Dry|p1a: Glimmora\n|-damage|p1a: Glimmora|71\/100\n|move|p1a: Glimmora|Stealth Rock|p2a: Ninetales\n|-sidestart|p2: N1RankoKanzakiSimp|move: Stealth Rock\n|\n|-weather|Snow|[upkeep]\n|upkeep\n|turn|2\n|\n|t:|1699925234\n|move|p2a: Ninetales|Aurora Veil|p2a: Ninetales\n|-sidestart|p2: N1RankoKanzakiSimp|move: Aurora Veil\n|move|p1a: Glimmora|Power Gem|p2a: Ninetales\n|-supereffective|p2a: Ninetales\n|-damage|p2a: Ninetales|58\/100\n|\n|-weather|Snow|[upkeep]\n|upkeep\n|turn|3\n|\n|t:|1699925239\n|switch|p2a: Manaphy|Manaphy, shiny|100\/100\n|-damage|p2a: Manaphy|88\/100|[from] Stealth Rock\n|move|p1a: Glimmora|Mortal Spin|p2a: Manaphy\n|-damage|p2a: Manaphy|86\/100\n|-status|p2a: Manaphy|psn\n|\n|-weather|Snow|[upkeep]\n|-damage|p2a: Manaphy|73\/100 psn|[from] psn\n|upkeep\n|turn|4\n|j| SandGetsEverywhere\n|\n|t:|1699925247\n|switch|p1a: Ogerpon|Ogerpon-Wellspring, F|100\/100\n|move|p2a: Manaphy|Surf|p1a: Ogerpon\n|-immune|p1a: Ogerpon|[from] ability: Water Absorb\n|\n|-weather|Snow|[upkeep]\n|-damage|p2a: Manaphy|61\/100 psn|[from] psn\n|upkeep\n|turn|5\n|\n|t:|1699925251\n|move|p1a: Ogerpon|Power Whip|p2a: Manaphy\n|-supereffective|p2a: Manaphy\n|-crit|p2a: Manaphy\n|-damage|p2a: Manaphy|0 fnt\n|faint|p2a: Manaphy\n|\n|-weather|none\n|upkeep\n|\n|t:|1699925254\n|switch|p2a: Slowbro|Slowbro-Galar, F|100\/100\n|-damage|p2a: Slowbro|88\/100|[from] Stealth Rock\n|turn|6\n|-activate|p2a: Slowbro|item: Quick Claw\n|\n|t:|1699925257\n|switch|p1a: Glimmora|Glimmora, M|71\/100\n|move|p2a: Slowbro|Nasty Plot|p2a: Slowbro\n|-boost|p2a: Slowbro|spa|2\n|\n|upkeep\n|turn|7\n|\n|t:|1699925262\n|move|p1a: Glimmora|Earth Power|p2a: Slowbro\n|-supereffective|p2a: Slowbro\n|-damage|p2a: Slowbro|50\/100\n|-unboost|p2a: Slowbro|spd|1\n|move|p2a: Slowbro|Surf|p1a: Glimmora\n|-supereffective|p1a: Glimmora\n|-damage|p1a: Glimmora|0 fnt\n|faint|p1a: Glimmora\n|\n|upkeep\n|\n|t:|1699925274\n|switch|p1a: Kingambit|Kingambit, F|100\/100\n|-activate|p1a: Kingambit|ability: Supreme Overlord\n|-start|p1a: Kingambit|fallen1|[silent]\n|turn|8\n|\n|t:|1699925277\n|move|p1a: Kingambit|Kowtow Cleave|p2a: Slowbro\n|-supereffective|p2a: Slowbro\n|-damage|p2a: Slowbro|0 fnt\n|faint|p2a: Slowbro\n|\n|upkeep\n|\n|t:|1699925279\n|switch|p2a: Iron Hands|Iron Hands, shiny|100\/100\n|-damage|p2a: Iron Hands|94\/100|[from] Stealth Rock\n|turn|9\n|l| SandGetsEverywhere\n|\n|t:|1699925284\n|-end|p1a: Kingambit|fallen1|[silent]\n|switch|p1a: Zamazenta|Zamazenta|100\/100\n|-ability|p1a: Zamazenta|Dauntless Shield|boost\n|-boost|p1a: Zamazenta|def|1\n|move|p2a: Iron Hands|Swords Dance|p2a: Iron Hands\n|-boost|p2a: Iron Hands|atk|2\n|\n|-sideend|p2: N1RankoKanzakiSimp|move: Aurora Veil\n|upkeep\n|turn|10\n|-activate|p2a: Iron Hands|item: Quick Claw\n|\n|t:|1699925287\n|move|p2a: Iron Hands|Swords Dance|p2a: Iron Hands\n|-boost|p2a: Iron Hands|atk|2\n|move|p1a: Zamazenta|Iron Defense|p1a: Zamazenta\n|-boost|p1a: Zamazenta|def|2\n|\n|upkeep\n|turn|11\n|\n|t:|1699925294\n|move|p1a: Zamazenta|Iron Defense|p1a: Zamazenta\n|-boost|p1a: Zamazenta|def|2\n|move|p2a: Iron Hands|Swords Dance|p2a: Iron Hands\n|-boost|p2a: Iron Hands|atk|2\n|\n|upkeep\n|turn|12\n|\n|t:|1699925302\n|move|p1a: Zamazenta|Body Press|p2a: Iron Hands\n|-damage|p2a: Iron Hands|15\/100\n|move|p2a: Iron Hands|Drain Punch|p1a: Zamazenta\n|-damage|p1a: Zamazenta|60\/100\n|-heal|p2a: Iron Hands|28\/100|[from] drain|[of] p1a: Zamazenta\n|\n|-heal|p1a: Zamazenta|66\/100|[from] item: Leftovers\n|upkeep\n|turn|13\n|-activate|p2a: Iron Hands|item: Quick Claw\n|\n|t:|1699925305\n|move|p2a: Iron Hands|Drain Punch|p1a: Zamazenta\n|-damage|p1a: Zamazenta|20\/100\n|-heal|p2a: Iron Hands|42\/100|[from] drain|[of] p1a: Zamazenta\n|move|p1a: Zamazenta|Body Press|p2a: Iron Hands\n|-damage|p2a: Iron Hands|0 fnt\n|faint|p2a: Iron Hands\n|-end|p2a: Iron Hands|Quark Drive|[silent]\n|\n|-heal|p1a: Zamazenta|26\/100|[from] item: Leftovers\n|upkeep\n|\n|t:|1699925309\n|switch|p2a: Ninetales|Ninetales-Alola, M|58\/100\n|-damage|p2a: Ninetales|33\/100|[from] Stealth Rock\n|-weather|Snow|[from] ability: Snow Warning|[of] p2a: Ninetales\n|turn|14\n|\n|t:|1699925316\n|-terastallize|p1a: Zamazenta|Fire\n|move|p1a: Zamazenta|Body Press|p2a: Ninetales\n|-damage|p2a: Ninetales|0 fnt\n|faint|p2a: Ninetales\n|\n|-weather|Snow|[upkeep]\n|-heal|p1a: Zamazenta|32\/100|[from] item: Leftovers\n|upkeep\n|\n|t:|1699925320\n|switch|p2a: Enamorus|Enamorus-Therian, F, shiny|100\/100\n|-damage|p2a: Enamorus|76\/100|[from] Stealth Rock\n|turn|15\n|\n|t:|1699925323\n|move|p1a: Zamazenta|Stone Edge|p2a: Enamorus\n|-supereffective|p2a: Enamorus\n|-damage|p2a: Enamorus|18\/100\n|move|p2a: Enamorus|Earth Power|p1a: Zamazenta\n|-supereffective|p1a: Zamazenta\n|-damage|p1a: Zamazenta|0 fnt\n|faint|p1a: Zamazenta\n|\n|-weather|Snow|[upkeep]\n|upkeep\n|\n|t:|1699925329\n|switch|p1a: Iron Valiant|Iron Valiant|100\/100\n|-enditem|p1a: Iron Valiant|Booster Energy\n|-activate|p1a: Iron Valiant|ability: Quark Drive|[fromitem]\n|-start|p1a: Iron Valiant|quarkdrivespe\n|turn|16\n|\n|t:|1699925332\n|move|p1a: Iron Valiant|Thunderbolt|p2a: Enamorus\n|-supereffective|p2a: Enamorus\n|-crit|p2a: Enamorus\n|-damage|p2a: Enamorus|0 fnt\n|faint|p2a: Enamorus\n|\n|-weather|Snow|[upkeep]\n|upkeep\n|\n|t:|1699925334\n|switch|p2a: Kingambit|Kingambit, F, shiny|100\/100\n|-damage|p2a: Kingambit|94\/100|[from] Stealth Rock\n|-activate|p2a: Kingambit|ability: Supreme Overlord\n|-start|p2a: Kingambit|fallen5|[silent]\n|turn|17\n|\n|t:|1699925337\n|move|p1a: Iron Valiant|Moonblast|p2a: Kingambit\n|-damage|p2a: Kingambit|47\/100\n|move|p2a: Kingambit|Iron Head|p1a: Iron Valiant\n|-supereffective|p1a: Iron Valiant\n|-damage|p1a: Iron Valiant|0 fnt\n|faint|p1a: Iron Valiant\n|-end|p1a: Iron Valiant|Quark Drive|[silent]\n|\n|-weather|Snow|[upkeep]\n|upkeep\n|\n|t:|1699925342\n|switch|p1a: Iron Moth|Iron Moth|100\/100\n|-enditem|p1a: Iron Moth|Booster Energy\n|-activate|p1a: Iron Moth|ability: Quark Drive|[fromitem]\n|-start|p1a: Iron Moth|quarkdrivespe\n|turn|18\n|\n|t:|1699925345\n|move|p1a: Iron Moth|Fiery Dance|p2a: Kingambit\n|-supereffective|p2a: Kingambit\n|-damage|p2a: Kingambit|0 fnt\n|faint|p2a: Kingambit\n|-end|p2a: Kingambit|fallen5|[silent]\n|\n|win|Nugget O Silver\n|raw|Nugget O Silver's rating: 1601 &rarr; <strong>1628<\/strong><br \/>(+27 for winning)\n|raw|N1RankoKanzakiSimp's rating: 1727 &rarr; <strong>1700<\/strong><br \/>(-27 for losing)\n|j| SwabbyYabby\n|l|\u2606N1RankoKanzakiSimp\n","uploadtime":1699925360,"views":23,"p1id":"nuggetosilver","p2id":"n1rankokanzakisimp","formatid":"gen9ou","rating":1628,"private":0,"password":""}