{"id":"gen9ou-1988927734","p1":"Pokemonpadify","p2":"Daphyl","format":"[Gen 9] OU","log":"|j|\u2606Pokemonpadify\n|j|\u2606Daphyl\n|t:|1699789349\n|gametype|singles\n|player|p1|Pokemonpadify|benga|1048\n|player|p2|Daphyl|clerk|1128\n|teamsize|p1|6\n|teamsize|p2|6\n|gen|9\n|tier|[Gen 9] OU\n|rated|\n|rule|Sleep Clause Mod: Limit one foe put to sleep\n|rule|Species Clause: Limit one of each Pok\u00e9mon\n|rule|OHKO Clause: OHKO moves are banned\n|rule|Evasion Items Clause: Evasion items are banned\n|rule|Evasion Moves Clause: Evasion moves are banned\n|rule|Endless Battle Clause: Forcing endless battles is banned\n|rule|HP Percentage Mod: HP is shown in percentages\n|clearpoke\n|poke|p1|Alomomola, F|\n|poke|p1|Slowking-Galar, F|\n|poke|p1|Kingambit, F|\n|poke|p1|Great Tusk|\n|poke|p1|Cinderace, F|\n|poke|p1|Thundurus-Therian, M|\n|poke|p2|Hatterene, F|\n|poke|p2|Grafaiai, M|\n|poke|p2|Palossand, M|\n|poke|p2|Torterra, F|\n|poke|p2|Iron Valiant|\n|poke|p2|Ceruledge, M|\n|teampreview\n|inactive|Battle timer is ON: inactive players will automatically lose when time's up. (requested by Pokemonpadify)\n|c|\u2606Pokemonpadify|Do something\n|inactive|Daphyl has 120 seconds left.\n|c|\u2606Pokemonpadify|I am bored \ud83e\udd71\n|n|!Pokemonpadify|pokemonpadify\n|c|\u2606Daphyl|Only if I want\n|c|\u2606Daphyl|Chill))\n|inactive|Daphyl has 90 seconds left.\n|\n|t:|1699789415\n|start\n|switch|p1a: Rizz|Thundurus-Therian, M|100\/100\n|switch|p2a: Grafaiai|Grafaiai, M|100\/100\n|turn|1\n|\n|t:|1699789428\n|move|p2a: Grafaiai|Taunt|p1a: Rizz\n|-start|p1a: Rizz|move: Taunt\n|move|p1a: Rizz|Volt Switch|p2a: Grafaiai\n|-damage|p2a: Grafaiai|47\/100\n|\n|t:|1699789440\n|switch|p1a: W|Cinderace, F|100\/100|[from] Volt Switch\n|\n|-heal|p2a: Grafaiai|54\/100|[from] item: Leftovers\n|upkeep\n|turn|2\n|\n|t:|1699789453\n|switch|p2a: Ceruledge|Ceruledge, M|100\/100\n|move|p1a: W|Pyro Ball|p2a: Ceruledge\n|-resisted|p2a: Ceruledge\n|-damage|p2a: Ceruledge|60\/100\n|-ability|p2a: Ceruledge|Weak Armor|boost\n|-unboost|p2a: Ceruledge|def|1\n|-boost|p2a: Ceruledge|spe|2\n|\n|upkeep\n|turn|3\n|\n|t:|1699789479\n|switch|p1a: Finna|Alomomola, F|100\/100\n|move|p2a: Ceruledge|Swords Dance|p2a: Ceruledge\n|-boost|p2a: Ceruledge|atk|2\n|\n|upkeep\n|turn|4\n|\n|t:|1699789488\n|move|p2a: Ceruledge|Close Combat|p1a: Finna\n|-damage|p1a: Finna|48\/100\n|-unboost|p2a: Ceruledge|def|1\n|-unboost|p2a: Ceruledge|spd|1\n|-enditem|p1a: Finna|Red Card|[of] p2a: Ceruledge\n|drag|p2a: Palossand|Palossand, M|100\/100\n|move|p1a: Finna|Scald|p2a: Palossand\n|-supereffective|p2a: Palossand\n|-damage|p2a: Palossand|72\/100\n|-ability|p2a: Palossand|Water Compaction|boost\n|-boost|p2a: Palossand|def|2\n|\n|upkeep\n|turn|5\n|c|\u2606Daphyl|Thank you\n|inactive|Daphyl has 120 seconds left.\n|\n|t:|1699789518\n|move|p1a: Finna|Wish|p1a: Finna\n|move|p2a: Palossand|Stealth Rock|p1a: Finna\n|-sidestart|p1: Pokemonpadify|move: Stealth Rock\n|\n|upkeep\n|turn|6\n|\n|t:|1699789526\n|move|p1a: Finna|Flip Turn|p2a: Palossand\n|-supereffective|p2a: Palossand\n|-damage|p2a: Palossand|58\/100\n|-ability|p2a: Palossand|Water Compaction|boost\n|-boost|p2a: Palossand|def|2\n|\n|t:|1699789535\n|switch|p1a: Rizz|Thundurus-Therian, M|100\/100|[from] Flip Turn\n|-damage|p1a: Rizz|76\/100|[from] Stealth Rock\n|move|p2a: Palossand|Shadow Ball|p1a: Rizz\n|-damage|p1a: Rizz|6\/100\n|-damage|p2a: Palossand|48\/100|[from] item: Life Orb\n|\n|-heal|p1a: Rizz|85\/100|[from] move: Wish|[wisher] Finna\n|upkeep\n|turn|7\n|\n|t:|1699789548\n|move|p1a: Rizz|Grass Knot|p2a: Palossand\n|-supereffective|p2a: Palossand\n|-damage|p2a: Palossand|0 fnt\n|faint|p2a: Palossand\n|\n|upkeep\n|\n|t:|1699789553\n|switch|p2a: Torterra|Torterra, F|100\/100\n|turn|8\n|\n|t:|1699789574\n|switch|p1a: W|Cinderace, F|100\/100\n|move|p2a: Torterra|Shell Smash|p2a: Torterra\n|-unboost|p2a: Torterra|def|1\n|-unboost|p2a: Torterra|spd|1\n|-boost|p2a: Torterra|atk|2\n|-boost|p2a: Torterra|spa|2\n|-boost|p2a: Torterra|spe|2\n|-enditem|p2a: Torterra|White Herb\n|-clearnegativeboost|p2a: Torterra|[silent]\n|\n|upkeep\n|turn|9\n|\n|t:|1699789595\n|-terastallize|p2a: Torterra|Water\n|-terastallize|p1a: W|Grass\n|move|p2a: Torterra|Shell Smash|p2a: Torterra\n|-unboost|p2a: Torterra|def|1\n|-unboost|p2a: Torterra|spd|1\n|-boost|p2a: Torterra|atk|2\n|-boost|p2a: Torterra|spa|2\n|-boost|p2a: Torterra|spe|2\n|move|p1a: W|Pyro Ball|p2a: Torterra\n|-resisted|p2a: Torterra\n|-damage|p2a: Torterra|54\/100\n|\n|upkeep\n|turn|10\n|\n|t:|1699789625\n|switch|p2a: Ceruledge|Ceruledge, M|60\/100\n|move|p1a: W|Pyro Ball|p2a: Ceruledge\n|-resisted|p2a: Ceruledge\n|-damage|p2a: Ceruledge|21\/100\n|-ability|p2a: Ceruledge|Weak Armor|boost\n|-unboost|p2a: Ceruledge|def|1\n|-boost|p2a: Ceruledge|spe|2\n|\n|upkeep\n|turn|11\n|\n|t:|1699789636\n|switch|p1a: Finna|Alomomola, F|81\/100\n|-damage|p1a: Finna|69\/100|[from] Stealth Rock\n|move|p2a: Ceruledge|Bitter Blade|p1a: Finna\n|-resisted|p1a: Finna\n|-damage|p1a: Finna|55\/100\n|-heal|p2a: Ceruledge|32\/100|[from] drain|[of] p1a: Finna\n|\n|upkeep\n|turn|12\n|\n|t:|1699789649\n|switch|p2a: Grafaiai|Grafaiai, M|54\/100\n|move|p1a: Finna|Scald|p2a: Grafaiai\n|-damage|p2a: Grafaiai|40\/100\n|\n|-heal|p2a: Grafaiai|46\/100|[from] item: Leftovers\n|upkeep\n|turn|13\n|\n|t:|1699789661\n|move|p2a: Grafaiai|Gunk Shot|p1a: Finna\n|-damage|p1a: Finna|33\/100\n|move|p1a: Finna|Flip Turn|p2a: Grafaiai\n|-damage|p2a: Grafaiai|20\/100\n|inactive|Pokemonpadify has 120 seconds left.\n|\n|t:|1699789685\n|switch|p1a: Rizz|Thundurus-Therian, M|85\/100|[from] Flip Turn\n|-damage|p1a: Rizz|60\/100|[from] Stealth Rock\n|\n|-heal|p2a: Grafaiai|26\/100|[from] item: Leftovers\n|upkeep\n|turn|14\n|inactive|Daphyl has 120 seconds left.\n|\n|t:|1699789716\n|switch|p2a: Hatterene|Hatterene, F|100\/100\n|move|p1a: Rizz|Volt Switch|p2a: Hatterene\n|-damage|p2a: Hatterene|56\/100\n|inactive|Pokemonpadify has 120 seconds left.\n|\n|t:|1699789727\n|switch|p1a: Slay|Kingambit, F|100\/100|[from] Volt Switch\n|-damage|p1a: Slay|94\/100|[from] Stealth Rock\n|\n|-heal|p1a: Slay|100\/100|[from] item: Leftovers\n|upkeep\n|turn|15\n|inactive|Daphyl has 120 seconds left.\n|\n|t:|1699789737\n|move|p1a: Slay|Iron Head|p2a: Hatterene\n|-supereffective|p2a: Hatterene\n|-crit|p2a: Hatterene\n|-damage|p2a: Hatterene|0 fnt\n|faint|p2a: Hatterene\n|\n|upkeep\n|inactive|Daphyl has 120 seconds left.\n|\n|t:|1699789742\n|switch|p2a: Ceruledge|Ceruledge, M|32\/100\n|turn|16\n|\n|t:|1699789747\n|move|p1a: Slay|Sucker Punch||[still]\n|-fail|p1a: Slay\n|move|p2a: Ceruledge|Swords Dance|p2a: Ceruledge\n|-boost|p2a: Ceruledge|atk|2\n|\n|upkeep\n|turn|17\n|\n|t:|1699789755\n|move|p1a: Slay|Sucker Punch||[still]\n|-fail|p1a: Slay\n|move|p2a: Ceruledge|Swords Dance|p2a: Ceruledge\n|-boost|p2a: Ceruledge|atk|2\n|\n|upkeep\n|turn|18\n|\n|t:|1699789762\n|move|p1a: Slay|Sucker Punch|p2a: Ceruledge\n|-supereffective|p2a: Ceruledge\n|-damage|p2a: Ceruledge|0 fnt\n|faint|p2a: Ceruledge\n|\n|upkeep\n|\n|t:|1699789767\n|switch|p2a: Torterra|Torterra, F, tera:Water|54\/100\n|turn|19\n|\n|t:|1699789780\n|-end|p1a: Slay|fallenundefined|[silent]\n|switch|p1a: Rizz|Thundurus-Therian, M|60\/100\n|-damage|p1a: Rizz|35\/100|[from] Stealth Rock\n|move|p2a: Torterra|Shell Smash|p2a: Torterra\n|-unboost|p2a: Torterra|def|1\n|-unboost|p2a: Torterra|spd|1\n|-boost|p2a: Torterra|atk|2\n|-boost|p2a: Torterra|spa|2\n|-boost|p2a: Torterra|spe|2\n|\n|upkeep\n|turn|20\n|\n|t:|1699789790\n|move|p2a: Torterra|Tera Blast|p1a: Rizz|[anim] Tera Blast Water\n|-damage|p1a: Rizz|0 fnt\n|faint|p1a: Rizz\n|\n|upkeep\n|\n|t:|1699789796\n|switch|p1a: W|Cinderace, F, tera:Grass|100\/100\n|turn|21\n|\n|t:|1699789808\n|move|p2a: Torterra|Tera Blast|p1a: W|[anim] Tera Blast Water\n|-resisted|p1a: W\n|-damage|p1a: W|41\/100\n|move|p1a: W|Pyro Ball|p2a: Torterra\n|-resisted|p2a: Torterra\n|-damage|p2a: Torterra|10\/100\n|\n|upkeep\n|turn|22\n|\n|t:|1699789818\n|move|p2a: Torterra|Tera Blast|p1a: W|[anim] Tera Blast Water\n|-resisted|p1a: W\n|-damage|p1a: W|0 fnt\n|faint|p1a: W\n|\n|upkeep\n|n|\u2606Pokemonpadify|pokemonpadify\n|c|\u2606Pokemonpadify|Yo\n|\n|t:|1699789830\n|switch|p1a: Slay|Kingambit, F|100\/100\n|-damage|p1a: Slay|94\/100|[from] Stealth Rock\n|-activate|p1a: Slay|ability: Supreme Overlord\n|-start|p1a: Slay|fallen2|[silent]\n|turn|23\n|\n|t:|1699789841\n|move|p1a: Slay|Sucker Punch||[still]\n|-fail|p1a: Slay\n|move|p2a: Torterra|Shell Smash|p2a: Torterra\n|-unboost|p2a: Torterra|def|1\n|-unboost|p2a: Torterra|spd|1\n|-boost|p2a: Torterra|atk|2\n|-boost|p2a: Torterra|spa|2\n|-boost|p2a: Torterra|spe|2\n|\n|-heal|p1a: Slay|100\/100|[from] item: Leftovers\n|upkeep\n|turn|24\n|c|\u2606Pokemonpadify|Bro you are good\n|\n|t:|1699789857\n|move|p1a: Slay|Sucker Punch||[still]\n|-fail|p1a: Slay\n|move|p2a: Torterra|Shell Smash|p2a: Torterra\n|-unboost|p2a: Torterra|def|1\n|-unboost|p2a: Torterra|spd|1\n|-boost|p2a: Torterra|atk|2\n|-boost|p2a: Torterra|spa|2\n|-boost|p2a: Torterra|spe|2\n|\n|upkeep\n|turn|25\n|\n|t:|1699789867\n|move|p1a: Slay|Sucker Punch||[still]\n|-fail|p1a: Slay\n|move|p2a: Torterra|Shell Smash|p2a: Torterra\n|-unboost|p2a: Torterra|def|1\n|-unboost|p2a: Torterra|spd|1\n|-boost|p2a: Torterra|atk|0\n|-boost|p2a: Torterra|spa|0\n|-boost|p2a: Torterra|spe|0\n|\n|upkeep\n|turn|26\n|\n|t:|1699789885\n|move|p1a: Slay|Sucker Punch|p2a: Torterra\n|-damage|p2a: Torterra|0 fnt\n|faint|p2a: Torterra\n|\n|upkeep\n|\n|t:|1699789891\n|switch|p2a: Grafaiai|Grafaiai, M|26\/100\n|turn|27\n|\n|t:|1699789897\n|move|p2a: Grafaiai|Encore|p1a: Slay\n|-hint|Since gen 7, Dark is immune to Prankster moves.\n|-immune|p1a: Slay\n|move|p1a: Slay|Kowtow Cleave|p2a: Grafaiai\n|-damage|p2a: Grafaiai|0 fnt\n|faint|p2a: Grafaiai\n|\n|upkeep\n|\n|t:|1699789901\n|switch|p2a: Iron Valiant|Iron Valiant|100\/100\n|turn|28\n|c|\u2606Daphyl|gg\n|inactive|Pokemonpadify has 120 seconds left.\n|\n|t:|1699789956\n|move|p2a: Iron Valiant|Close Combat|p1a: Slay\n|-supereffective|p1a: Slay\n|-damage|p1a: Slay|0 fnt\n|-unboost|p2a: Iron Valiant|def|1\n|-unboost|p2a: Iron Valiant|spd|1\n|faint|p1a: Slay\n|-end|p1a: Slay|fallen2|[silent]\n|\n|upkeep\n|inactive|Pokemonpadify has 90 seconds left.\n|\n|t:|1699789975\n|switch|p1a: Yas Queen|Slowking-Galar, F|100\/100\n|turn|29\n|inactive|Pokemonpadify has 90 seconds left.\n|\n|t:|1699789981\n|move|p2a: Iron Valiant|Close Combat|p1a: Yas Queen\n|-resisted|p1a: Yas Queen\n|-damage|p1a: Yas Queen|78\/100\n|-unboost|p2a: Iron Valiant|def|1\n|-unboost|p2a: Iron Valiant|spd|1\n|move|p1a: Yas Queen|Sludge Bomb|p2a: Iron Valiant\n|-supereffective|p2a: Iron Valiant\n|-damage|p2a: Iron Valiant|0 fnt\n|faint|p2a: Iron Valiant\n|-end|p2a: Iron Valiant|Quark Drive|[silent]\n|\n|win|Pokemonpadify\n|raw|Pokemonpadify's rating: 1048 &rarr; <strong>1088<\/strong><br \/>(+40 for winning)\n|raw|Daphyl's rating: 1128 &rarr; <strong>1097<\/strong><br \/>(-31 for losing)\n","uploadtime":1699789400,"views":8,"p1id":"pokemonpadify","p2id":"daphyl","formatid":"gen9ou","rating":1088,"private":0,"password":""}