{"id":"gen9ou-1993386475","p1":"Lardoh","p2":"d18l","format":"[Gen 9] OU","log":"|j|\u2606Lardoh\n|j|\u2606d18l\n|t:|1700310370\n|gametype|singles\n|player|p1|Lardoh|170|1760\n|player|p2|d18l|backpacker|1728\n|teamsize|p1|6\n|teamsize|p2|6\n|gen|9\n|tier|[Gen 9] OU\n|rated|\n|rule|Sleep Clause Mod: Limit one foe put to sleep\n|rule|Species Clause: Limit one of each Pok\u00e9mon\n|rule|OHKO Clause: OHKO moves are banned\n|rule|Evasion Items Clause: Evasion items are banned\n|rule|Evasion Moves Clause: Evasion moves are banned\n|rule|Endless Battle Clause: Forcing endless battles is banned\n|rule|HP Percentage Mod: HP is shown in percentages\n|clearpoke\n|poke|p1|Hatterene, F|\n|poke|p1|Maushold|\n|poke|p1|Torkoal, F|\n|poke|p1|Ursaluna, F|\n|poke|p1|Hoopa|\n|poke|p1|Indeedee, M|\n|poke|p2|Ribombee, F|\n|poke|p2|Gholdengo|\n|poke|p2|Great Tusk|\n|poke|p2|Kingambit, F|\n|poke|p2|Ogerpon-Wellspring, F|\n|poke|p2|Iron Moth|\n|teampreview\n|inactive|Battle timer is ON: inactive players will automatically lose when time's up. (requested by Lardoh)\n|\n|t:|1700310390\n|start\n|switch|p1a: Mrs. Cooper|Hatterene, F, shiny|100\/100\n|switch|p2a: Ribombee|Ribombee, F|100\/100\n|turn|1\n|\n|t:|1700310396\n|move|p2a: Ribombee|Moonblast|p1a: Mrs. Cooper\n|-damage|p1a: Mrs. Cooper|60\/100\n|move|p1a: Mrs. Cooper|Tera Blast|p2a: Ribombee\n|-damage|p2a: Ribombee|47\/100\n|\n|upkeep\n|turn|2\n|\n|t:|1700310405\n|move|p2a: Ribombee|Moonblast|p1a: Mrs. Cooper\n|-damage|p1a: Mrs. Cooper|17\/100\n|move|p1a: Mrs. Cooper|Trick Room|p1a: Mrs. Cooper\n|-fieldstart|move: Trick Room|[of] p1a: Mrs. Cooper\n|\n|upkeep\n|turn|3\n|\n|t:|1700310413\n|move|p1a: Mrs. Cooper|Healing Wish|p1a: Mrs. Cooper\n|faint|p1a: Mrs. Cooper\n|move|p2a: Ribombee|Moonblast|p1: Mrs. Cooper|[notarget]\n|-fail|p2a: Ribombee\n|\n|upkeep\n|\n|t:|1700310416\n|switch|p1a: Young Shelldon|Torkoal, F|100\/100\n|-weather|SunnyDay|[from] ability: Drought|[of] p1a: Young Shelldon\n|turn|4\n|\n|t:|1700310423\n|move|p1a: Young Shelldon|Eruption|p2a: Ribombee\n|-supereffective|p2a: Ribombee\n|-damage|p2a: Ribombee|0 fnt\n|faint|p2a: Ribombee\n|\n|-weather|SunnyDay|[upkeep]\n|upkeep\n|inactive|d18l has 120 seconds left.\n|\n|t:|1700310461\n|switch|p2a: Iron Moth|Iron Moth|100\/100\n|-enditem|p2a: Iron Moth|Booster Energy\n|-activate|p2a: Iron Moth|ability: Quark Drive|[fromitem]\n|-start|p2a: Iron Moth|quarkdrivespe\n|turn|5\n|\n|t:|1700310464\n|switch|p1a: Georgie|Hoopa|100\/100\n|move|p2a: Iron Moth|Sludge Wave|p1a: Georgie\n|-resisted|p1a: Georgie\n|-damage|p1a: Georgie|81\/100\n|\n|-weather|SunnyDay|[upkeep]\n|upkeep\n|turn|6\n|\n|t:|1700310478\n|-end|p2a: Iron Moth|Quark Drive|[silent]\n|switch|p2a: Gholdengo|Gholdengo|100\/100\n|-item|p2a: Gholdengo|Air Balloon\n|move|p1a: Georgie|Focus Blast|p2a: Gholdengo\n|-immune|p2a: Gholdengo\n|\n|-weather|SunnyDay|[upkeep]\n|-fieldend|move: Trick Room\n|upkeep\n|turn|7\n|\n|t:|1700310487\n|switch|p1a: FamWenSheldonIsOn|Maushold, shiny|100\/100\n|move|p2a: Gholdengo|Shadow Ball|p1a: FamWenSheldonIsOn\n|-immune|p1a: FamWenSheldonIsOn\n|\n|-weather|SunnyDay|[upkeep]\n|upkeep\n|turn|8\n|\n|t:|1700310494\n|move|p1a: FamWenSheldonIsOn|Bite|p2a: Gholdengo\n|-supereffective|p2a: Gholdengo\n|-damage|p2a: Gholdengo|69\/100\n|-enditem|p2a: Gholdengo|Air Balloon\n|move|p2a: Gholdengo|Dazzling Gleam|p1a: FamWenSheldonIsOn\n|-damage|p1a: FamWenSheldonIsOn|65\/100\n|\n|-weather|none\n|upkeep\n|turn|9\n|\n|t:|1700310506\n|switch|p2a: Great Tusk|Great Tusk|100\/100\n|-enditem|p2a: Great Tusk|Booster Energy\n|-activate|p2a: Great Tusk|ability: Protosynthesis|[fromitem]\n|-start|p2a: Great Tusk|protosynthesisspe\n|move|p1a: FamWenSheldonIsOn|Bite|p2a: Great Tusk\n|-resisted|p2a: Great Tusk\n|-damage|p2a: Great Tusk|94\/100\n|\n|upkeep\n|turn|10\n|\n|t:|1700310511\n|move|p2a: Great Tusk|Earthquake|p1a: FamWenSheldonIsOn\n|-damage|p1a: FamWenSheldonIsOn|0 fnt\n|faint|p1a: FamWenSheldonIsOn\n|\n|upkeep\n|\n|t:|1700310515\n|switch|p1a: Indeedee|Indeedee, M|100\/100\n|-fieldstart|move: Psychic Terrain|[from] ability: Psychic Surge|[of] p1a: Indeedee\n|turn|11\n|\n|t:|1700310519\n|move|p2a: Great Tusk|Knock Off|p1a: Indeedee\n|-supereffective|p1a: Indeedee\n|-enditem|p1a: Indeedee|Focus Sash\n|-damage|p1a: Indeedee|1\/100\n|move|p1a: Indeedee|Trick Room|p1a: Indeedee\n|-fieldstart|move: Trick Room|[of] p1a: Indeedee\n|\n|upkeep\n|turn|12\n|\n|t:|1700310527\n|-end|p2a: Great Tusk|Protosynthesis|[silent]\n|switch|p2a: Gholdengo|Gholdengo|69\/100\n|move|p1a: Indeedee|Healing Wish|p1a: Indeedee\n|faint|p1a: Indeedee\n|\n|upkeep\n|\n|t:|1700310534\n|switch|p1a: Mr.Cooper|Ursaluna, F|100\/100\n|turn|13\n|\n|t:|1700310538\n|move|p1a: Mr.Cooper|Swords Dance|p1a: Mr.Cooper\n|-boost|p1a: Mr.Cooper|atk|2\n|move|p2a: Gholdengo|Dazzling Gleam|p1a: Mr.Cooper\n|-damage|p1a: Mr.Cooper|81\/100\n|\n|-status|p1a: Mr.Cooper|brn|[from] item: Flame Orb\n|upkeep\n|turn|14\n|\n|t:|1700310541\n|move|p1a: Mr.Cooper|Headlong Rush|p2a: Gholdengo\n|-supereffective|p2a: Gholdengo\n|-damage|p2a: Gholdengo|0 fnt\n|-unboost|p1a: Mr.Cooper|def|1\n|-unboost|p1a: Mr.Cooper|spd|1\n|faint|p2a: Gholdengo\n|\n|-damage|p1a: Mr.Cooper|75\/100 brn|[from] brn\n|upkeep\n|\n|t:|1700310556\n|switch|p2a: Great Tusk|Great Tusk|94\/100\n|turn|15\n|\n|t:|1700310562\n|move|p1a: Mr.Cooper|Facade|p2a: Great Tusk\n|-damage|p2a: Great Tusk|0 fnt\n|faint|p2a: Great Tusk\n|-end|p2a: Great Tusk|Protosynthesis|[silent]\n|\n|-damage|p1a: Mr.Cooper|69\/100 brn|[from] brn\n|-fieldend|move: Trick Room\n|-fieldend|move: Psychic Terrain\n|upkeep\n|\n|t:|1700310564\n|switch|p2a: Ogerpon|Ogerpon-Wellspring, F|100\/100\n|turn|16\n|\n|t:|1700310570\n|switch|p1a: Young Shelldon|Torkoal, F|100\/100\n|-weather|SunnyDay|[from] ability: Drought|[of] p1a: Young Shelldon\n|move|p2a: Ogerpon|Ivy Cudgel|p1a: Young Shelldon|[anim] Ivy Cudgel Water\n|-supereffective|p1a: Young Shelldon\n|-damage|p1a: Young Shelldon|59\/100\n|\n|-weather|SunnyDay|[upkeep]\n|upkeep\n|turn|17\n|inactive|Lardoh has 120 seconds left.\n|inactive|Lardoh has 90 seconds left.\n|\n|t:|1700310634\n|switch|p2a: Iron Moth|Iron Moth|100\/100\n|move|p1a: Young Shelldon|Earth Power|p2a: Iron Moth\n|-supereffective|p2a: Iron Moth\n|-damage|p2a: Iron Moth|0 fnt\n|faint|p2a: Iron Moth\n|-end|p2a: Iron Moth|Quark Drive|[silent]\n|\n|-weather|SunnyDay|[upkeep]\n|upkeep\n|inactive|d18l has 120 seconds left.\n|\n|t:|1700310652\n|switch|p2a: Ogerpon|Ogerpon-Wellspring, F|100\/100\n|turn|18\n|\n|t:|1700310659\n|move|p2a: Ogerpon|Swords Dance|p2a: Ogerpon\n|-boost|p2a: Ogerpon|atk|2\n|move|p1a: Young Shelldon|Earth Power|p2a: Ogerpon\n|-resisted|p2a: Ogerpon\n|-damage|p2a: Ogerpon|79\/100\n|\n|-weather|SunnyDay|[upkeep]\n|upkeep\n|turn|19\n|\n|t:|1700310666\n|move|p2a: Ogerpon|Swords Dance|p2a: Ogerpon\n|-boost|p2a: Ogerpon|atk|2\n|move|p1a: Young Shelldon|Earth Power|p2a: Ogerpon\n|-resisted|p2a: Ogerpon\n|-damage|p2a: Ogerpon|56\/100\n|\n|-weather|SunnyDay|[upkeep]\n|upkeep\n|turn|20\n|\n|t:|1700310673\n|move|p2a: Ogerpon|Ivy Cudgel|p1a: Young Shelldon|[anim] Ivy Cudgel Water\n|-supereffective|p1a: Young Shelldon\n|-damage|p1a: Young Shelldon|0 fnt\n|faint|p1a: Young Shelldon\n|\n|-weather|none\n|upkeep\n|\n|t:|1700310676\n|switch|p1a: Georgie|Hoopa|81\/100\n|-heal|p1a: Georgie|100\/100|[from] move: Healing Wish\n|turn|21\n|\n|t:|1700310686\n|move|p2a: Ogerpon|Ivy Cudgel|p1a: Georgie|[anim] Ivy Cudgel Water\n|-crit|p1a: Georgie\n|-enditem|p1a: Georgie|Focus Sash\n|-damage|p1a: Georgie|1\/100\n|move|p1a: Georgie|Trick Room|p1a: Georgie\n|-fieldstart|move: Trick Room|[of] p1a: Georgie\n|\n|upkeep\n|turn|22\n|\n|t:|1700310694\n|move|p1a: Georgie|Focus Blast|p2a: Ogerpon\n|-damage|p2a: Ogerpon|0 fnt\n|faint|p2a: Ogerpon\n|\n|upkeep\n|\n|t:|1700310697\n|switch|p2a: Kingambit|Kingambit, F|100\/100\n|-activate|p2a: Kingambit|ability: Supreme Overlord\n|-start|p2a: Kingambit|fallen5|[silent]\n|turn|23\n|\n|t:|1700310709\n|-terastallize|p2a: Kingambit|Fairy\n|move|p1a: Georgie|Focus Blast|p2a: Kingambit\n|-resisted|p2a: Kingambit\n|-damage|p2a: Kingambit|72\/100\n|-item|p1a: Georgie|Leftovers|[from] ability: Magician|[of] p2a: Kingambit\n|move|p2a: Kingambit|Kowtow Cleave|p1a: Georgie\n|-supereffective|p1a: Georgie\n|-damage|p1a: Georgie|0 fnt\n|faint|p1a: Georgie\n|\n|upkeep\n|\n|t:|1700310714\n|switch|p1a: Mr.Cooper|Ursaluna, F|69\/100 brn\n|turn|24\n|\n|t:|1700310716\n|move|p1a: Mr.Cooper|Facade|p2a: Kingambit\n|-damage|p2a: Kingambit|0 fnt\n|faint|p2a: Kingambit\n|-end|p2a: Kingambit|fallen5|[silent]\n|\n|win|Lardoh\n|raw|Lardoh's rating: 1760 &rarr; <strong>1778<\/strong><br \/>(+18 for winning)\n|raw|d18l's rating: 1728 &rarr; <strong>1710<\/strong><br \/>(-18 for losing)\n","uploadtime":1700310721,"views":10,"p1id":"lardoh","p2id":"d18l","formatid":"gen9ou","rating":1710,"private":0,"password":""}