{"id":"gen9ou-2000373010","p1":"weird eels","p2":"Phrensoph","format":"[Gen 9] OU","log":"|j|\u2606weird eels\n|j|\u2606Phrensoph\n|t:|1701189328\n|gametype|singles\n|player|p1|weird eels|camper|1139\n|player|p2|Phrensoph|n|1248\n|teamsize|p1|6\n|teamsize|p2|6\n|gen|9\n|tier|[Gen 9] OU\n|rated|\n|rule|Sleep Clause Mod: Limit one foe put to sleep\n|rule|Species Clause: Limit one of each Pok\u00e9mon\n|rule|OHKO Clause: OHKO moves are banned\n|rule|Evasion Items Clause: Evasion items are banned\n|rule|Evasion Moves Clause: Evasion moves are banned\n|rule|Endless Battle Clause: Forcing endless battles is banned\n|rule|HP Percentage Mod: HP is shown in percentages\n|clearpoke\n|poke|p1|Ogerpon, F|\n|poke|p1|Slowking-Galar, F|\n|poke|p1|Great Tusk|\n|poke|p1|Garganacl, F|\n|poke|p1|Kommo-o, F|\n|poke|p1|Talonflame, F|\n|poke|p2|Great Tusk|\n|poke|p2|Grimmsnarl, M|\n|poke|p2|Kommo-o, M|\n|poke|p2|Zarude|\n|poke|p2|Heatran, F|\n|poke|p2|Ogerpon-Wellspring, F|\n|teampreview\n|\n|t:|1701189344\n|start\n|switch|p1a: Slowking|Slowking-Galar, F|100\/100\n|switch|p2a: Grimmsnarl|Grimmsnarl, M|100\/100\n|turn|1\n|inactive|Battle timer is ON: inactive players will automatically lose when time's up. (requested by weird eels)\n|\n|t:|1701189354\n|move|p2a: Grimmsnarl|Light Screen|p2a: Grimmsnarl\n|-sidestart|p2: Phrensoph|move: Light Screen\n|move|p1a: Slowking|Sludge Bomb|p2a: Grimmsnarl\n|-supereffective|p2a: Grimmsnarl\n|-damage|p2a: Grimmsnarl|77\/100\n|\n|upkeep\n|turn|2\n|\n|t:|1701189363\n|move|p2a: Grimmsnarl|Parting Shot|p1a: Slowking\n|-unboost|p1a: Slowking|atk|1\n|-unboost|p1a: Slowking|spa|1\n|\n|t:|1701189372\n|switch|p2a: Heatran|Heatran, F|100\/100|[from] Parting Shot\n|move|p1a: Slowking|Sludge Bomb|p2a: Heatran\n|-immune|p2a: Heatran\n|\n|upkeep\n|turn|3\n|\n|t:|1701189388\n|move|p2a: Heatran|Taunt|p1a: Slowking\n|-start|p1a: Slowking|move: Taunt\n|cant|p1a: Slowking|move: Taunt|Chilly Reception\n|\n|upkeep\n|turn|4\n|\n|t:|1701189400\n|switch|p1a: Kommo-o|Kommo-o, F|100\/100\n|move|p2a: Heatran|Stealth Rock|p1a: Kommo-o\n|-sidestart|p1: weird eels|move: Stealth Rock\n|\n|upkeep\n|turn|5\n|\n|t:|1701189423\n|switch|p2a: Grimmsnarl|Grimmsnarl, M|77\/100\n|move|p1a: Kommo-o|Drain Punch|p2a: Grimmsnarl\n|-damage|p2a: Grimmsnarl|43\/100\n|\n|upkeep\n|turn|6\n|\n|t:|1701189436\n|switch|p1a: Slowking|Slowking-Galar, F|100\/100\n|move|p2a: Grimmsnarl|Thunder Wave|p1a: Slowking\n|-status|p1a: Slowking|par\n|\n|upkeep\n|turn|7\n|\n|t:|1701189443\n|move|p2a: Grimmsnarl|Parting Shot|p1a: Slowking\n|-unboost|p1a: Slowking|atk|1\n|-unboost|p1a: Slowking|spa|1\n|\n|t:|1701189448\n|switch|p2a: Heatran|Heatran, F|100\/100|[from] Parting Shot\n|cant|p1a: Slowking|par\n|\n|upkeep\n|turn|8\n|\n|t:|1701189454\n|move|p2a: Heatran|Taunt|p1a: Slowking\n|-start|p1a: Slowking|move: Taunt\n|cant|p1a: Slowking|move: Taunt|Chilly Reception\n|\n|-sideend|p2: Phrensoph|move: Light Screen\n|upkeep\n|turn|9\n|\n|t:|1701189467\n|switch|p1a: Garganacl|Garganacl, F|100\/100\n|-damage|p1a: Garganacl|88\/100|[from] Stealth Rock\n|move|p2a: Heatran|Magma Storm|p1a: Garganacl\n|-resisted|p1a: Garganacl\n|-damage|p1a: Garganacl|67\/100\n|-activate|p1a: Garganacl|move: Magma Storm|[of] p2a: Heatran\n|\n|-heal|p1a: Garganacl|73\/100|[from] item: Leftovers\n|-damage|p1a: Garganacl|60\/100|[from] move: Magma Storm|[partiallytrapped]\n|upkeep\n|turn|10\n|\n|t:|1701189479\n|move|p2a: Heatran|Earth Power|p1a: Garganacl\n|-supereffective|p1a: Garganacl\n|-damage|p1a: Garganacl|8\/100\n|move|p1a: Garganacl|Salt Cure|p2a: Heatran\n|-damage|p2a: Heatran|86\/100\n|-start|p2a: Heatran|Salt Cure\n|\n|-heal|p2a: Heatran|92\/100|[from] item: Leftovers\n|-heal|p1a: Garganacl|15\/100|[from] item: Leftovers\n|-damage|p2a: Heatran|67\/100|[from] Salt Cure\n|-damage|p1a: Garganacl|2\/100|[from] move: Magma Storm|[partiallytrapped]\n|upkeep\n|turn|11\n|inactive|Phrensoph has 120 seconds left.\n|\n|t:|1701189513\n|move|p2a: Heatran|Earth Power|p1a: Garganacl\n|-supereffective|p1a: Garganacl\n|-damage|p1a: Garganacl|0 fnt\n|faint|p1a: Garganacl\n|\n|-heal|p2a: Heatran|73\/100|[from] item: Leftovers\n|-damage|p2a: Heatran|48\/100|[from] Salt Cure\n|upkeep\n|inactive|weird eels has 120 seconds left.\n|\n|t:|1701189555\n|switch|p1a: Great Tusk|Great Tusk|100\/100\n|-damage|p1a: Great Tusk|98\/100|[from] Stealth Rock\n|turn|12\n|inactive|Phrensoph has 120 seconds left.\n|\n|t:|1701189574\n|switch|p2a: Ogerpon|Ogerpon-Wellspring, F|100\/100\n|move|p1a: Great Tusk|Close Combat|p2a: Ogerpon\n|-damage|p2a: Ogerpon|23\/100\n|-unboost|p1a: Great Tusk|def|1\n|-unboost|p1a: Great Tusk|spd|1\n|\n|-heal|p1a: Great Tusk|100\/100|[from] item: Leftovers\n|upkeep\n|turn|13\n|\n|t:|1701189586\n|-end|p1a: Great Tusk|Protosynthesis|[silent]\n|switch|p1a: Kommo-o|Kommo-o, F|100\/100\n|-damage|p1a: Kommo-o|94\/100|[from] Stealth Rock\n|move|p2a: Ogerpon|Ivy Cudgel|p1a: Kommo-o|[anim] Ivy Cudgel Water\n|-resisted|p1a: Kommo-o\n|-crit|p1a: Kommo-o\n|-damage|p1a: Kommo-o|49\/100\n|\n|-heal|p1a: Kommo-o|55\/100|[from] item: Leftovers\n|upkeep\n|turn|14\n|inactive|Phrensoph has 120 seconds left.\n|inactive|Phrensoph has 90 seconds left.\n|\n|t:|1701189644\n|move|p2a: Ogerpon|Power Whip|p1a: Kommo-o\n|-resisted|p1a: Kommo-o\n|-damage|p1a: Kommo-o|21\/100\n|move|p1a: Kommo-o|Drain Punch|p2a: Ogerpon\n|-damage|p2a: Ogerpon|0 fnt\n|-heal|p1a: Kommo-o|33\/100|[from] drain|[of] p2a: Ogerpon\n|faint|p2a: Ogerpon\n|\n|-heal|p1a: Kommo-o|39\/100|[from] item: Leftovers\n|upkeep\n|\n|t:|1701189658\n|switch|p2a: Grimmsnarl|Grimmsnarl, M|43\/100\n|turn|15\n|inactive|weird eels has 120 seconds left.\n|\n|t:|1701189676\n|switch|p1a: Great Tusk|Great Tusk|100\/100\n|-damage|p1a: Great Tusk|98\/100|[from] Stealth Rock\n|move|p2a: Grimmsnarl|Reflect|p2a: Grimmsnarl\n|-sidestart|p2: Phrensoph|Reflect\n|\n|-heal|p1a: Great Tusk|100\/100|[from] item: Leftovers\n|upkeep\n|turn|16\n|\n|t:|1701189695\n|move|p2a: Grimmsnarl|Parting Shot|p1a: Great Tusk\n|-unboost|p1a: Great Tusk|atk|1\n|-unboost|p1a: Great Tusk|spa|1\n|\n|t:|1701189712\n|switch|p2a: Zarude|Zarude|100\/100|[from] Parting Shot\n|move|p1a: Great Tusk|Knock Off|p2a: Zarude\n|-resisted|p2a: Zarude\n|-damage|p2a: Zarude|95\/100\n|-enditem|p2a: Zarude|Choice Band|[from] move: Knock Off|[of] p1a: Great Tusk\n|\n|upkeep\n|turn|17\n|\n|t:|1701189727\n|-end|p1a: Great Tusk|Protosynthesis|[silent]\n|switch|p1a: Talonflame|Talonflame, F|100\/100\n|move|p2a: Zarude|U-turn|p1a: Talonflame\n|-resisted|p1a: Talonflame\n|-damage|p1a: Talonflame|94\/100\n|inactive|Phrensoph has 60 seconds left.\n|\n|t:|1701189738\n|switch|p2a: Kommo-o|Kommo-o, M|100\/100|[from] U-turn\n|\n|upkeep\n|turn|18\n|\n|t:|1701189744\n|move|p1a: Talonflame|Air Slash|p2a: Kommo-o\n|-supereffective|p2a: Kommo-o\n|-damage|p2a: Kommo-o|57\/100\n|move|p2a: Kommo-o|Clangorous Soul|p2a: Kommo-o\n|-boost|p2a: Kommo-o|atk|1\n|-boost|p2a: Kommo-o|def|1\n|-boost|p2a: Kommo-o|spa|1\n|-boost|p2a: Kommo-o|spd|1\n|-boost|p2a: Kommo-o|spe|1\n|-damage|p2a: Kommo-o|24\/100\n|-enditem|p2a: Kommo-o|Throat Spray\n|-boost|p2a: Kommo-o|spa|1|[from] item: Throat Spray\n|\n|upkeep\n|turn|19\n|\n|t:|1701189759\n|-terastallize|p2a: Kommo-o|Normal\n|move|p2a: Kommo-o|Boomburst|p1a: Talonflame\n|-damage|p1a: Talonflame|0 fnt\n|faint|p1a: Talonflame\n|\n|upkeep\n|\n|t:|1701189765\n|switch|p1a: Slowking|Slowking-Galar, F|100\/100 par\n|turn|20\n|\n|t:|1701189780\n|move|p2a: Kommo-o|Boomburst|p1a: Slowking\n|-damage|p1a: Slowking|33\/100 par\n|move|p1a: Slowking|Future Sight|p2a: Kommo-o\n|-start|p1a: Slowking|move: Future Sight\n|\n|upkeep\n|turn|21\n|\n|t:|1701189803\n|switch|p1a: Kommo-o|Kommo-o, F|39\/100\n|-damage|p1a: Kommo-o|33\/100|[from] Stealth Rock\n|move|p2a: Kommo-o|Boomburst|p1a: Kommo-o\n|-damage|p1a: Kommo-o|0 fnt\n|faint|p1a: Kommo-o\n|\n|upkeep\n|\n|t:|1701189807\n|switch|p1a: Slowking|Slowking-Galar, F|66\/100 par\n|turn|22\n|\n|t:|1701189815\n|move|p2a: Kommo-o|Clanging Scales|p1a: Slowking\n|-damage|p1a: Slowking|14\/100 par\n|-unboost|p2a: Kommo-o|def|1\n|move|p1a: Slowking|Slack Off|p1a: Slowking\n|-heal|p1a: Slowking|64\/100 par\n|\n|-end|p2a: Kommo-o|move: Future Sight\n|-damage|p2a: Kommo-o|0 fnt\n|faint|p2a: Kommo-o\n|-sideend|p2: Phrensoph|Reflect\n|upkeep\n|\n|t:|1701189830\n|switch|p2a: Zarude|Zarude|95\/100\n|turn|23\n|\n|t:|1701189839\n|move|p2a: Zarude|Power Whip|p1a: Slowking\n|-resisted|p1a: Slowking\n|-damage|p1a: Slowking|31\/100 par\n|move|p1a: Slowking|Sludge Bomb|p2a: Zarude\n|-supereffective|p2a: Zarude\n|-damage|p2a: Zarude|30\/100\n|\n|upkeep\n|turn|24\n|\n|t:|1701189852\n|move|p2a: Zarude|Crunch|p1a: Slowking\n|-supereffective|p1a: Slowking\n|-damage|p1a: Slowking|0 fnt\n|faint|p1a: Slowking\n|\n|upkeep\n|\n|t:|1701189855\n|switch|p1a: Ogerpon|Ogerpon, F|100\/100\n|turn|25\n|\n|t:|1701189859\n|move|p1a: Ogerpon|Low Kick|p2a: Zarude\n|-supereffective|p2a: Zarude\n|-damage|p2a: Zarude|0 fnt\n|faint|p2a: Zarude\n|\n|upkeep\n|\n|t:|1701189866\n|switch|p2a: Grimmsnarl|Grimmsnarl, M|43\/100\n|turn|26\n|\n|t:|1701189876\n|switch|p1a: Great Tusk|Great Tusk|100\/100\n|-damage|p1a: Great Tusk|98\/100|[from] Stealth Rock\n|move|p2a: Grimmsnarl|Thunder Wave|p1a: Great Tusk\n|-immune|p1a: Great Tusk\n|\n|-heal|p1a: Great Tusk|100\/100|[from] item: Leftovers\n|upkeep\n|turn|27\n|\n|t:|1701189884\n|move|p2a: Grimmsnarl|Reflect|p2a: Grimmsnarl\n|-sidestart|p2: Phrensoph|Reflect\n|move|p1a: Great Tusk|Headlong Rush|p2a: Grimmsnarl\n|-damage|p2a: Grimmsnarl|1\/100\n|-unboost|p1a: Great Tusk|def|1\n|-unboost|p1a: Great Tusk|spd|1\n|\n|upkeep\n|turn|28\n|\n|t:|1701189891\n|move|p2a: Grimmsnarl|Parting Shot|p1a: Great Tusk\n|-unboost|p1a: Great Tusk|atk|1\n|-unboost|p1a: Great Tusk|spa|1\n|\n|t:|1701189899\n|switch|p2a: Horton|Great Tusk|100\/100|[from] Parting Shot\n|move|p1a: Great Tusk|Rapid Spin|p2a: Horton\n|-damage|p2a: Horton|96\/100\n|-boost|p1a: Great Tusk|spe|1\n|-sideend|p1: weird eels|Stealth Rock|[from] move: Rapid Spin|[of] p1a: Great Tusk\n|\n|upkeep\n|turn|29\n|inactive|Phrensoph has 120 seconds left.\n|\n|t:|1701189910\n|move|p1a: Great Tusk|Knock Off|p2a: Horton\n|-resisted|p2a: Horton\n|-damage|p2a: Horton|92\/100\n|-enditem|p2a: Horton|Heavy-Duty Boots|[from] move: Knock Off|[of] p1a: Great Tusk\n|move|p2a: Horton|Headlong Rush|p1a: Great Tusk\n|-damage|p1a: Great Tusk|33\/100\n|-unboost|p2a: Horton|def|1\n|-unboost|p2a: Horton|spd|1\n|\n|-heal|p1a: Great Tusk|40\/100|[from] item: Leftovers\n|upkeep\n|turn|30\n|inactive|Phrensoph has 120 seconds left.\n|\n|t:|1701189920\n|move|p1a: Great Tusk|Close Combat|p2a: Horton\n|-damage|p2a: Horton|68\/100\n|-unboost|p1a: Great Tusk|def|1\n|-unboost|p1a: Great Tusk|spd|1\n|move|p2a: Horton|Headlong Rush|p1a: Great Tusk\n|-damage|p1a: Great Tusk|0 fnt\n|-unboost|p2a: Horton|def|1\n|-unboost|p2a: Horton|spd|1\n|faint|p1a: Great Tusk\n|-end|p1a: Great Tusk|Protosynthesis|[silent]\n|\n|upkeep\n|\n|t:|1701189923\n|switch|p1a: Ogerpon|Ogerpon, F|100\/100\n|turn|31\n|inactive|Phrensoph has 120 seconds left.\n|\n|t:|1701189943\n|-terastallize|p1a: Ogerpon|Grass\n|detailschange|p1a: Ogerpon|Ogerpon-Teal-Tera, F, tera:Grass\n|-ability|p1a: Ogerpon|Embody Aspect (Teal)|boost\n|-boost|p1a: Ogerpon|spe|1\n|move|p1a: Ogerpon|Ivy Cudgel|p2a: Horton\n|-supereffective|p2a: Horton\n|-damage|p2a: Horton|0 fnt\n|faint|p2a: Horton\n|-end|p2a: Horton|Protosynthesis|[silent]\n|\n|upkeep\n|inactive|Phrensoph has 120 seconds left.\n|\n|t:|1701189950\n|switch|p2a: Grimmsnarl|Grimmsnarl, M|1\/100\n|turn|32\n|\n|t:|1701189955\n|move|p2a: Grimmsnarl|Thunder Wave|p1a: Ogerpon\n|-status|p1a: Ogerpon|par\n|move|p1a: Ogerpon|Ivy Cudgel|p2a: Grimmsnarl\n|-damage|p2a: Grimmsnarl|0 fnt\n|faint|p2a: Grimmsnarl\n|\n|upkeep\n|\n|t:|1701189961\n|switch|p2a: Heatran|Heatran, F|48\/100\n|turn|33\n|\n|t:|1701189964\n|move|p2a: Heatran|Magma Storm|p1a: Ogerpon\n|-supereffective|p1a: Ogerpon\n|-crit|p1a: Ogerpon\n|-damage|p1a: Ogerpon|0 fnt\n|faint|p1a: Ogerpon\n|\n|win|Phrensoph\n|raw|weird eels's rating: 1139 &rarr; <strong>1122<\/strong><br \/>(-17 for losing)\n|raw|Phrensoph's rating: 1248 &rarr; <strong>1265<\/strong><br \/>(+17 for winning)\n|c|\u2606Phrensoph|gg\n","uploadtime":1701189972,"views":4,"p1id":"weirdeels","p2id":"phrensoph","formatid":"gen9ou","rating":1122,"private":0,"password":""}