{"id":"gen9ou-1994107588","p1":"BoatMaster","p2":"kidix11","format":"[Gen 9] OU","log":"|j|\u2606BoatMaster\n|j|\u2606kidix11\n|t:|1700407742\n|gametype|singles\n|player|p1|BoatMaster|marnie-masters3|1445\n|player|p2|kidix11|pokekid|1367\n|teamsize|p1|6\n|teamsize|p2|6\n|gen|9\n|tier|[Gen 9] OU\n|rated|\n|rule|Sleep Clause Mod: Limit one foe put to sleep\n|rule|Species Clause: Limit one of each Pok\u00e9mon\n|rule|OHKO Clause: OHKO moves are banned\n|rule|Evasion Items Clause: Evasion items are banned\n|rule|Evasion Moves Clause: Evasion moves are banned\n|rule|Endless Battle Clause: Forcing endless battles is banned\n|rule|HP Percentage Mod: HP is shown in percentages\n|clearpoke\n|poke|p1|Sableye, F|\n|poke|p1|Cinderace, F|\n|poke|p1|Sneasler, M|\n|poke|p1|Alomomola, F|\n|poke|p1|Clodsire, F|\n|poke|p1|Skeledirge, M|\n|poke|p2|Glimmora, F|\n|poke|p2|Gholdengo|\n|poke|p2|Ogerpon-Wellspring, F|\n|poke|p2|Kingambit, M|\n|poke|p2|Iron Moth|\n|poke|p2|Enamorus, F|\n|teampreview\n|\n|t:|1700407756\n|start\n|switch|p1a: Clodsire|Clodsire, F|100\/100\n|switch|p2a: Glimmora|Glimmora, F|100\/100\n|turn|1\n|\n|t:|1700407777\n|move|p2a: Glimmora|Stealth Rock|p1a: Clodsire\n|-sidestart|p1: BoatMaster|move: Stealth Rock\n|move|p1a: Clodsire|Earthquake|p2a: Glimmora\n|-supereffective|p2a: Glimmora\n|-enditem|p2a: Glimmora|Focus Sash\n|-damage|p2a: Glimmora|1\/100\n|-activate|p2a: Glimmora|ability: Toxic Debris\n|-sidestart|p1: BoatMaster|move: Toxic Spikes\n|\n|upkeep\n|turn|2\n|\n|t:|1700407787\n|move|p2a: Glimmora|Earth Power|p1a: Clodsire\n|-supereffective|p1a: Clodsire\n|-damage|p1a: Clodsire|66\/100\n|move|p1a: Clodsire|Earthquake|p2a: Glimmora\n|-supereffective|p2a: Glimmora\n|-damage|p2a: Glimmora|0 fnt\n|-activate|p2a: Glimmora|ability: Toxic Debris\n|-sidestart|p1: BoatMaster|move: Toxic Spikes\n|faint|p2a: Glimmora\n|\n|-heal|p1a: Clodsire|72\/100|[from] item: Leftovers\n|upkeep\n|\n|t:|1700407806\n|switch|p2a: Gholdengo|Gholdengo|100\/100\n|-item|p2a: Gholdengo|Air Balloon\n|turn|3\n|\n|t:|1700407814\n|switch|p1a: Cinderace|Cinderace, F|100\/100\n|move|p2a: Gholdengo|Shadow Ball|p1a: Cinderace\n|-damage|p1a: Cinderace|38\/100\n|\n|upkeep\n|turn|4\n|\n|t:|1700407827\n|switch|p2a: Iron Moth|Iron Moth|100\/100\n|-enditem|p2a: Iron Moth|Booster Energy\n|-activate|p2a: Iron Moth|ability: Quark Drive|[fromitem]\n|-start|p2a: Iron Moth|quarkdrivespe\n|move|p1a: Cinderace|Court Change|p1a: Cinderace\n|-start|p1a: Cinderace|typechange|Normal|[from] ability: Libero\n|-swapsideconditions\n|-activate|p1a: Cinderace|move: Court Change\n|\n|upkeep\n|turn|5\n|\n|t:|1700407837\n|move|p2a: Iron Moth|Fiery Dance|p1a: Cinderace\n|-damage|p1a: Cinderace|0 fnt\n|-boost|p2a: Iron Moth|spa|1\n|faint|p1a: Cinderace\n|\n|upkeep\n|\n|t:|1700407852\n|switch|p1a: Skeledirge|Skeledirge, M|100\/100\n|turn|6\n|\n|t:|1700407873\n|-terastallize|p2a: Iron Moth|Ground\n|move|p2a: Iron Moth|Tera Blast|p1a: Skeledirge|[anim] Tera Blast Ground\n|-supereffective|p1a: Skeledirge\n|-crit|p1a: Skeledirge\n|-damage|p1a: Skeledirge|0 fnt\n|faint|p1a: Skeledirge\n|\n|upkeep\n|\n|t:|1700407909\n|switch|p1a: Sneasler|Sneasler, M|100\/100\n|turn|7\n|\n|t:|1700407925\n|move|p2a: Iron Moth|Substitute|p2a: Iron Moth\n|-start|p2a: Iron Moth|Substitute\n|-damage|p2a: Iron Moth|76\/100\n|move|p1a: Sneasler|Close Combat|p2a: Iron Moth\n|-end|p2a: Iron Moth|Substitute\n|-unboost|p1a: Sneasler|def|1\n|-unboost|p1a: Sneasler|spd|1\n|\n|upkeep\n|turn|8\n|\n|t:|1700407935\n|move|p2a: Iron Moth|Fiery Dance|p1a: Sneasler\n|-damage|p1a: Sneasler|0 fnt\n|faint|p1a: Sneasler\n|\n|upkeep\n|-message|BoatMaster forfeited.\n|\n|win|kidix11\n|raw|BoatMaster's rating: 1445 &rarr; <strong>1421<\/strong><br \/>(-24 for losing)\n|raw|kidix11's rating: 1367 &rarr; <strong>1391<\/strong><br \/>(+24 for winning)\n|l|\u2606BoatMaster\n","uploadtime":1700407943,"views":6,"p1id":"boatmaster","p2id":"kidix11","formatid":"gen9ou","rating":1391,"private":0,"password":""}