{"id":"gen9ou-1988893633","p1":"KirbyKillua","p2":"SweatyRon","format":"[Gen 9] OU","log":"|j|\u2606KirbyKillua\n|j|\u2606SweatyRon\n|t:|1699782695\n|gametype|singles\n|player|p1|KirbyKillua|alec-anime|1639\n|player|p2|SweatyRon|pokefan-gen4|1682\n|teamsize|p1|6\n|teamsize|p2|6\n|gen|9\n|tier|[Gen 9] OU\n|rated|\n|rule|Sleep Clause Mod: Limit one foe put to sleep\n|rule|Species Clause: Limit one of each Pok\u00e9mon\n|rule|OHKO Clause: OHKO moves are banned\n|rule|Evasion Items Clause: Evasion items are banned\n|rule|Evasion Moves Clause: Evasion moves are banned\n|rule|Endless Battle Clause: Forcing endless battles is banned\n|rule|HP Percentage Mod: HP is shown in percentages\n|clearpoke\n|poke|p1|Cinderace, F|\n|poke|p1|Meowscarada, M|\n|poke|p1|Ogerpon-Wellspring, F|\n|poke|p1|Ceruledge, M|\n|poke|p1|Iron Valiant|\n|poke|p1|Hatterene, F|\n|poke|p2|Dragapult, F|\n|poke|p2|Meowscarada, F|\n|poke|p2|Dondozo, F|\n|poke|p2|Heatran, M|\n|poke|p2|Zapdos|\n|poke|p2|Great Tusk|\n|teampreview\n|inactive|Battle timer is ON: inactive players will automatically lose when time's up. (requested by SweatyRon)\n|inactive|KirbyKillua also wants the timer to be on.\n|\n|t:|1699782715\n|start\n|switch|p1a: Cinderace|Cinderace, F|100\/100\n|switch|p2a: Meowscarada|Meowscarada, F|100\/100\n|turn|1\n|\n|t:|1699782719\n|move|p2a: Meowscarada|U-turn|p1a: Cinderace\n|-start|p2a: Meowscarada|typechange|Bug|[from] ability: Protean\n|-resisted|p1a: Cinderace\n|-damage|p1a: Cinderace|77\/100\n|\n|t:|1699782722\n|switch|p2a: Zapdos|Zapdos|100\/100|[from] U-turn\n|move|p1a: Cinderace|U-turn|p2a: Zapdos\n|-start|p1a: Cinderace|typechange|Bug|[from] ability: Libero\n|-resisted|p2a: Zapdos\n|-damage|p2a: Zapdos|86\/100\n|-damage|p1a: Cinderace|60\/100|[from] item: Rocky Helmet|[of] p2a: Zapdos\n|\n|t:|1699782744\n|switch|p1a: Meowscarada|Meowscarada, M|100\/100|[from] U-turn\n|\n|upkeep\n|turn|2\n|inactive|SweatyRon has 120 seconds left.\n|\n|t:|1699782803\n|move|p1a: Meowscarada|Knock Off|p2a: Zapdos\n|-start|p1a: Meowscarada|typechange|Dark|[from] ability: Protean\n|-damage|p2a: Zapdos|23\/100\n|-damage|p1a: Meowscarada|84\/100|[from] item: Rocky Helmet|[of] p2a: Zapdos\n|-enditem|p2a: Zapdos|Rocky Helmet|[from] move: Knock Off|[of] p1a: Meowscarada\n|move|p2a: Zapdos|Hurricane|p1a: Meowscarada|[miss]\n|-miss|p2a: Zapdos|p1a: Meowscarada\n|\n|upkeep\n|turn|3\n|j| fkmyluck\n|\n|t:|1699782810\n|switch|p2a: Great Tusk|Great Tusk|100\/100\n|move|p1a: Meowscarada|Knock Off|p2a: Great Tusk\n|-resisted|p2a: Great Tusk\n|-damage|p2a: Great Tusk|76\/100\n|-enditem|p2a: Great Tusk|Assault Vest|[from] move: Knock Off|[of] p1a: Meowscarada\n|\n|upkeep\n|turn|4\n|\n|t:|1699782814\n|switch|p1a: Alcremie's mom|Hatterene, F, shiny|100\/100\n|move|p2a: Great Tusk|Knock Off|p1a: Alcremie's mom\n|-damage|p1a: Alcremie's mom|73\/100\n|-enditem|p1a: Alcremie's mom|Leftovers|[from] move: Knock Off|[of] p2a: Great Tusk\n|\n|upkeep\n|turn|5\n|c| fkmyluck|lets go sweaty ron\n|c| fkmyluck|youre the goat\n|c|\u2606KirbyKillua|...\n|c|\u2606KirbyKillua|what\n|\n|t:|1699782832\n|-end|p2a: Great Tusk|Protosynthesis|[silent]\n|switch|p2a: Heatran|Heatran, M|100\/100\n|move|p1a: Alcremie's mom|Nuzzle|p2a: Heatran\n|-damage|p2a: Heatran|97\/100\n|-status|p2a: Heatran|par\n|\n|-heal|p2a: Heatran|100\/100 par|[from] item: Leftovers\n|upkeep\n|turn|6\n|c| fkmyluck|SweatyRon wins these\n|c|\u2606SweatyRon|ye idk whats going on :P\n|c| fkmyluck|fr\n|inactive|SweatyRon has 120 seconds left.\n|\n|t:|1699782842\n|switch|p1a: Ogerpon|Ogerpon-Wellspring, F|100\/100\n|cant|p2a: Heatran|par\n|\n|upkeep\n|turn|7\n|c| fkmyluck|hax\n|c| fkmyluck|nerd\n|inactive|SweatyRon has 120 seconds left.\n|c|\u2606SweatyRon|fkmyluck definately gave me his luck fr xD\n|\n|t:|1699782870\n|switch|p2a: Meowscarada|Meowscarada, F|100\/100\n|move|p1a: Ogerpon|Trailblaze|p2a: Meowscarada\n|-resisted|p2a: Meowscarada\n|-damage|p2a: Meowscarada|76\/100\n|-boost|p1a: Ogerpon|spe|1\n|\n|upkeep\n|turn|8\n|\n|t:|1699782878\n|switch|p1a: Cinderace|Cinderace, F|60\/100\n|move|p2a: Meowscarada|U-turn|p1a: Cinderace\n|-start|p2a: Meowscarada|typechange|Bug|[from] ability: Protean\n|-resisted|p1a: Cinderace\n|-damage|p1a: Cinderace|36\/100\n|c| fkmyluck|na u win thse\n|c| fkmyluck|these\n|\n|t:|1699782885\n|switch|p2a: Dragapult|Dragapult, F|100\/100|[from] U-turn\n|\n|upkeep\n|turn|9\n|c| fkmyluck|never seen u lose\n|inactive|SweatyRon has 120 seconds left.\n|\n|t:|1699782893\n|move|p1a: Cinderace|Sucker Punch|p2a: Dragapult\n|-start|p1a: Cinderace|typechange|Dark|[from] ability: Libero\n|-supereffective|p2a: Dragapult\n|-damage|p2a: Dragapult|13\/100\n|move|p2a: Dragapult|U-turn|p1a: Cinderace\n|-supereffective|p1a: Cinderace\n|-damage|p1a: Cinderace|0 fnt\n|faint|p1a: Cinderace\n|inactive|SweatyRon has 120 seconds left.\n|\n|t:|1699782917\n|switch|p2a: Meowscarada|Meowscarada, F|76\/100|[from] U-turn\n|\n|upkeep\n|\n|t:|1699782933\n|switch|p1a: Alcremie's mom|Hatterene, F, shiny|73\/100\n|turn|10\n|\n|t:|1699782938\n|switch|p1a: Ogerpon|Ogerpon-Wellspring, F|100\/100\n|move|p2a: Meowscarada|U-turn|p1a: Ogerpon\n|-start|p2a: Meowscarada|typechange|Bug|[from] ability: Protean\n|-supereffective|p1a: Ogerpon\n|-damage|p1a: Ogerpon|9\/100\n|\n|t:|1699782940\n|switch|p2a: Dragapult|Dragapult, F|13\/100|[from] U-turn\n|\n|upkeep\n|turn|11\n|\n|t:|1699782943\n|move|p2a: Dragapult|U-turn|p1a: Ogerpon\n|-supereffective|p1a: Ogerpon\n|-damage|p1a: Ogerpon|0 fnt\n|faint|p1a: Ogerpon\n|\n|t:|1699782946\n|switch|p2a: Meowscarada|Meowscarada, F|76\/100|[from] U-turn\n|\n|upkeep\n|\n|t:|1699782950\n|switch|p1a: Meowscarada|Meowscarada, M|84\/100\n|turn|12\n|c| fkmyluck|so ez\n|\n|t:|1699782953\n|move|p2a: Meowscarada|U-turn|p1a: Meowscarada\n|-start|p2a: Meowscarada|typechange|Bug|[from] ability: Protean\n|-supereffective|p1a: Meowscarada\n|-damage|p1a: Meowscarada|0 fnt\n|faint|p1a: Meowscarada\n|c| fkmyluck|for SweatyRon\n|c|\u2606KirbyKillua|...ok?\n|c| fkmyluck|freelo\n|c|\u2606SweatyRon|\ud83d\udc80\n|inactive|SweatyRon has 120 seconds left.\n|\n|t:|1699782990\n|switch|p2a: Zapdos|Zapdos|23\/100|[from] U-turn\n|\n|upkeep\n|\n|t:|1699783002\n|switch|p1a: Alcremie's mom|Hatterene, F, shiny|73\/100\n|turn|13\n|\n|t:|1699783004\n|move|p2a: Zapdos|Roost|p2a: Zapdos\n|-heal|p2a: Zapdos|73\/100\n|-singleturn|p2a: Zapdos|move: Roost\n|move|p1a: Alcremie's mom|Draining Kiss|p2a: Zapdos\n|-damage|p2a: Zapdos|47\/100\n|-heal|p1a: Alcremie's mom|97\/100|[from] drain|[of] p2a: Zapdos\n|-status|p1a: Alcremie's mom|par|[from] ability: Static|[of] p2a: Zapdos\n|\n|upkeep\n|turn|14\n|c|\u2606KirbyKillua|does this guy go to all your matches or\n|\n|t:|1699783014\n|move|p2a: Zapdos|Roost|p2a: Zapdos\n|-heal|p2a: Zapdos|97\/100\n|-singleturn|p2a: Zapdos|move: Roost\n|move|p1a: Alcremie's mom|Calm Mind|p1a: Alcremie's mom\n|-boost|p1a: Alcremie's mom|spa|1\n|-boost|p1a: Alcremie's mom|spd|1\n|\n|upkeep\n|turn|15\n|c|\u2606SweatyRon|no xD\n|\n|t:|1699783021\n|move|p2a: Zapdos|Volt Switch|p1a: Alcremie's mom\n|-damage|p1a: Alcremie's mom|75\/100 par\n|c| fkmyluck|i will from now on\n|\n|t:|1699783025\n|switch|p2a: Heatran|Heatran, M|100\/100 par|[from] Volt Switch\n|move|p1a: Alcremie's mom|Calm Mind|p1a: Alcremie's mom\n|-boost|p1a: Alcremie's mom|spa|1\n|-boost|p1a: Alcremie's mom|spd|1\n|\n|upkeep\n|turn|16\n|c| fkmyluck|sweatyron is my goat\n|\n|t:|1699783029\n|move|p2a: Heatran|Magma Storm|p1a: Alcremie's mom\n|-damage|p1a: Alcremie's mom|51\/100 par\n|-activate|p1a: Alcremie's mom|move: Magma Storm|[of] p2a: Heatran\n|move|p1a: Alcremie's mom|Psyshock|p2a: Heatran\n|-resisted|p2a: Heatran\n|-damage|p2a: Heatran|68\/100 par\n|\n|-heal|p2a: Heatran|74\/100 par|[from] item: Leftovers\n|-damage|p1a: Alcremie's mom|39\/100 par|[from] move: Magma Storm|[partiallytrapped]\n|upkeep\n|turn|17\n|\n|t:|1699783032\n|move|p2a: Heatran|Earth Power|p1a: Alcremie's mom\n|-damage|p1a: Alcremie's mom|24\/100 par\n|move|p1a: Alcremie's mom|Psyshock|p2a: Heatran\n|-resisted|p2a: Heatran\n|-damage|p2a: Heatran|40\/100 par\n|\n|-heal|p2a: Heatran|46\/100 par|[from] item: Leftovers\n|-damage|p1a: Alcremie's mom|12\/100 par|[from] move: Magma Storm|[partiallytrapped]\n|upkeep\n|turn|18\n|\n|t:|1699783034\n|cant|p2a: Heatran|par\n|move|p1a: Alcremie's mom|Psyshock|p2a: Heatran\n|-resisted|p2a: Heatran\n|-damage|p2a: Heatran|10\/100 par\n|\n|-heal|p2a: Heatran|17\/100 par|[from] item: Leftovers\n|-damage|p1a: Alcremie's mom|0 fnt|[from] move: Magma Storm|[partiallytrapped]\n|faint|p1a: Alcremie's mom\n|upkeep\n|c| fkmyluck|if SweatyRon has 1 million fans iam 1 of them\n|\n|t:|1699783052\n|switch|p1a: Iron Valiant|Iron Valiant|100\/100\n|-enditem|p1a: Iron Valiant|Booster Energy\n|-activate|p1a: Iron Valiant|ability: Quark Drive|[fromitem]\n|-start|p1a: Iron Valiant|quarkdrivespe\n|turn|19\n|c| fkmyluck|if SweatyRon has 100 fans iam one of them\n|c|\u2606SweatyRon|xD i legit don't know whats going on\n|c| fkmyluck|if SweatyRon has no fans that means i have died\n|\n|t:|1699783065\n|move|p1a: Iron Valiant|Knock Off|p2a: Heatran\n|-damage|p2a: Heatran|0 fnt\n|-enditem|p2a: Heatran|Leftovers|[from] move: Knock Off|[of] p1a: Iron Valiant\n|faint|p2a: Heatran\n|\n|upkeep\n|\n|t:|1699783068\n|switch|p2a: Meowscarada|Meowscarada, F|76\/100\n|turn|20\n|c|\u2606KirbyKillua|this is definitely my weirdest match\n|c|\u2606SweatyRon|xD\n|\n|t:|1699783080\n|move|p2a: Meowscarada|Play Rough|p1a: Iron Valiant\n|-start|p2a: Meowscarada|typechange|Fairy|[from] ability: Protean\n|-supereffective|p1a: Iron Valiant\n|-damage|p1a: Iron Valiant|0 fnt\n|faint|p1a: Iron Valiant\n|-end|p1a: Iron Valiant|Quark Drive|[silent]\n|\n|upkeep\n|\n|t:|1699783084\n|switch|p1a: Soulblades|Ceruledge, M|100\/100\n|turn|21\n|\n|t:|1699783088\n|switch|p2a: Zapdos|Zapdos|97\/100\n|move|p1a: Soulblades|Poltergeist||[still]\n|-fail|p1a: Soulblades\n|\n|upkeep\n|turn|22\n|-message|KirbyKillua forfeited.\n|\n|win|SweatyRon\n|raw|KirbyKillua's rating: 1639 &rarr; <strong>1622<\/strong><br \/>(-17 for losing)\n|raw|SweatyRon's rating: 1698 &rarr; <strong>1715<\/strong><br \/>(+17 for winning)\n|l|\u2606KirbyKillua\n|c|\u2606SweatyRon|GG\n|c|\u2606SweatyRon|ultimate hype man\n|j|\u2606KirbyKillua\n|player|p1|KirbyKillua|alec-anime\n|c| fkmyluck|EZZZ\n|c| fkmyluck|MY GOAT\n|c|\u2606SweatyRon|xD cheers\n","uploadtime":1699783120,"views":14,"p1id":"kirbykillua","p2id":"sweatyron","formatid":"gen9ou","rating":1622,"private":0,"password":""}