{"id":"gen9ou-1999787407","p1":"RewriteMothGal","p2":"allansbored","format":"[Gen 9] OU","log":"|j|\u2606RewriteMothGal\n|j|\u2606allansbored\n|t:|1701116671\n|gametype|singles\n|player|p1|RewriteMothGal|penny|1084\n|player|p2|allansbored|grimsley|1032\n|teamsize|p1|6\n|teamsize|p2|6\n|gen|9\n|tier|[Gen 9] OU\n|rated|\n|rule|Sleep Clause Mod: Limit one foe put to sleep\n|rule|Species Clause: Limit one of each Pok\u00e9mon\n|rule|OHKO Clause: OHKO moves are banned\n|rule|Evasion Items Clause: Evasion items are banned\n|rule|Evasion Moves Clause: Evasion moves are banned\n|rule|Endless Battle Clause: Forcing endless battles is banned\n|rule|HP Percentage Mod: HP is shown in percentages\n|clearpoke\n|poke|p1|Rotom-Wash|\n|poke|p1|Samurott-Hisui, M|\n|poke|p1|Kingambit, M|\n|poke|p1|Clodsire, M|\n|poke|p1|Conkeldurr, M|\n|poke|p1|Yanmega, M|\n|poke|p2|Bisharp, F|\n|poke|p2|Breloom, F|\n|poke|p2|Clodsire, F|\n|poke|p2|Polteageist-Antique|\n|poke|p2|Scizor, M|\n|poke|p2|Slowking-Galar, F|\n|teampreview\n|\n|t:|1701116677\n|start\n|switch|p1a: toesuckr|Clodsire, M|100\/100\n|switch|p2a: Scizor|Scizor, M|100\/100\n|turn|1\n|c|\u2606allansbored|glhf\n|c|\u2606RewriteMothGal|gl\n|\n|t:|1701116689\n|move|p2a: Scizor|Bug Bite|p1a: toesuckr\n|-resisted|p1a: toesuckr\n|-crit|p1a: toesuckr\n|-damage|p1a: toesuckr|51\/100\n|-damage|p2a: Scizor|91\/100|[from] item: Life Orb\n|move|p1a: toesuckr|Stealth Rock|p2a: Scizor\n|-sidestart|p2: allansbored|move: Stealth Rock\n|\n|-heal|p1a: toesuckr|57\/100|[from] item: Leftovers\n|upkeep\n|turn|2\n|\n|t:|1701116708\n|switch|p1a: hugh neutron|Conkeldurr, M, shiny|100\/100\n|move|p2a: Scizor|Dual Wingbeat|p1a: hugh neutron\n|-supereffective|p1a: hugh neutron\n|-damage|p1a: hugh neutron|52\/100\n|-supereffective|p1a: hugh neutron\n|-crit|p1a: hugh neutron\n|-damage|p1a: hugh neutron|0 fnt\n|faint|p1a: hugh neutron\n|-hitcount|p1: hugh neutron|2\n|-damage|p2a: Scizor|81\/100|[from] item: Life Orb\n|\n|upkeep\n|c|\u2606allansbored|YOO THE NAME\n|\n|t:|1701116716\n|switch|p1a: 25 cents|Rotom-Wash, shiny|100\/100\n|turn|3\n|\n|t:|1701116727\n|move|p1a: 25 cents|Will-O-Wisp|p2a: Scizor\n|-status|p2a: Scizor|brn\n|move|p2a: Scizor|Defog|p1a: 25 cents\n|-unboost|p1a: 25 cents|evasion|1\n|-sideend|p2: allansbored|Stealth Rock|[from] move: Defog|[of] p2a: Scizor\n|\n|-damage|p2a: Scizor|75\/100 brn|[from] brn\n|upkeep\n|turn|4\n|\n|t:|1701116737\n|move|p1a: 25 cents|Shadow Ball|p2a: Scizor\n|-damage|p2a: Scizor|46\/100 brn\n|move|p2a: Scizor|Bug Bite|p1a: 25 cents\n|-damage|p1a: 25 cents|67\/100\n|-damage|p2a: Scizor|36\/100 brn|[from] item: Life Orb\n|\n|-heal|p1a: 25 cents|74\/100|[from] item: Leftovers\n|-damage|p2a: Scizor|30\/100 brn|[from] brn\n|upkeep\n|turn|5\n|\n|t:|1701116746\n|move|p1a: 25 cents|Shadow Ball|p2a: Scizor\n|-damage|p2a: Scizor|0 fnt\n|faint|p2a: Scizor\n|\n|-heal|p1a: 25 cents|80\/100|[from] item: Leftovers\n|upkeep\n|\n|t:|1701116755\n|switch|p2a: Polteageist|Polteageist-Antique|100\/100\n|turn|6\n|\n|t:|1701116762\n|move|p2a: Polteageist|Shell Smash|p2a: Polteageist\n|-unboost|p2a: Polteageist|def|1\n|-unboost|p2a: Polteageist|spd|1\n|-boost|p2a: Polteageist|atk|2\n|-boost|p2a: Polteageist|spa|2\n|-boost|p2a: Polteageist|spe|2\n|move|p1a: 25 cents|Will-O-Wisp|p2a: Polteageist\n|-status|p2a: Polteageist|brn\n|\n|-heal|p1a: 25 cents|86\/100|[from] item: Leftovers\n|-damage|p2a: Polteageist|94\/100 brn|[from] brn\n|upkeep\n|turn|7\n|\n|t:|1701116774\n|move|p2a: Polteageist|Giga Drain|p1a: 25 cents\n|-supereffective|p1a: 25 cents\n|-damage|p1a: 25 cents|0 fnt\n|-heal|p2a: Polteageist|100\/100 brn|[from] drain|[of] p1a: 25 cents\n|faint|p1a: 25 cents\n|\n|-damage|p2a: Polteageist|94\/100 brn|[from] brn\n|upkeep\n|\n|t:|1701116781\n|switch|p1a: hot topic|Samurott-Hisui, M, shiny|100\/100\n|turn|8\n|\n|t:|1701116784\n|move|p1a: hot topic|Sucker Punch|p2a: Polteageist\n|-supereffective|p2a: Polteageist\n|-damage|p2a: Polteageist|0 fnt\n|faint|p2a: Polteageist\n|-damage|p1a: hot topic|91\/100|[from] item: Life Orb\n|\n|upkeep\n|\n|t:|1701116795\n|switch|p2a: Breloom|Breloom, F|100\/100\n|turn|9\n|\n|t:|1701116799\n|switch|p1a: top percent|Yanmega, M, shiny|100\/100\n|move|p2a: Breloom|Substitute|p2a: Breloom\n|-start|p2a: Breloom|Substitute\n|-damage|p2a: Breloom|76\/100\n|\n|-status|p2a: Breloom|tox|[from] item: Toxic Orb\n|upkeep\n|turn|10\n|\n|t:|1701116813\n|move|p1a: top percent|Bug Buzz|p2a: Breloom\n|-crit|p2a: Breloom\n|-damage|p2a: Breloom|0 fnt\n|faint|p2a: Breloom\n|\n|upkeep\n|\n|t:|1701116820\n|switch|p2a: Slowking|Slowking-Galar, F|100\/100\n|turn|11\n|\n|t:|1701116826\n|move|p1a: top percent|Bug Buzz|p2a: Slowking\n|-damage|p2a: Slowking|61\/100\n|move|p2a: Slowking|Thunder Wave|p1a: top percent\n|-status|p1a: top percent|par\n|\n|-heal|p2a: Slowking|67\/100|[from] item: Black Sludge\n|upkeep\n|turn|12\n|\n|t:|1701116835\n|switch|p1a: hot topic|Samurott-Hisui, M, shiny|91\/100\n|move|p2a: Slowking|Future Sight|p1a: hot topic\n|-start|p2a: Slowking|move: Future Sight\n|\n|-heal|p2a: Slowking|73\/100|[from] item: Black Sludge\n|upkeep\n|turn|13\n|\n|t:|1701116841\n|move|p1a: hot topic|Swords Dance|p1a: hot topic\n|-boost|p1a: hot topic|atk|2\n|move|p2a: Slowking|Thunder Wave|p1a: hot topic\n|-status|p1a: hot topic|par\n|\n|-heal|p2a: Slowking|79\/100|[from] item: Black Sludge\n|upkeep\n|turn|14\n|\n|t:|1701116851\n|move|p1a: hot topic|Ceaseless Edge|p2a: Slowking|[miss]\n|-miss|p1a: hot topic|p2a: Slowking\n|move|p2a: Slowking|Trick|p1a: hot topic\n|-activate|p2a: Slowking|move: Trick|[of] p1a: hot topic\n|-item|p1a: hot topic|Black Sludge|[from] move: Trick\n|-item|p2a: Slowking|Life Orb|[from] move: Trick\n|\n|-end|p1a: hot topic|move: Future Sight\n|-immune|p1a: hot topic\n|-damage|p2a: Slowking|69\/100|[from] item: Life Orb\n|-damage|p1a: hot topic|78\/100 par|[from] item: Black Sludge\n|upkeep\n|turn|15\n|\n|t:|1701116866\n|switch|p2a: Bisharp|Bisharp, F|100\/100\n|move|p1a: hot topic|Ceaseless Edge|p2a: Bisharp\n|-resisted|p2a: Bisharp\n|-damage|p2a: Bisharp|67\/100\n|-sidestart|p2: allansbored|Spikes\n|\n|-damage|p1a: hot topic|66\/100 par|[from] item: Black Sludge\n|upkeep\n|turn|16\n|\n|t:|1701116875\n|move|p2a: Bisharp|Brick Break|p1a: hot topic\n|-supereffective|p1a: hot topic\n|-damage|p1a: hot topic|0 fnt\n|faint|p1a: hot topic\n|\n|upkeep\n|\n|t:|1701116879\n|switch|p1a: top percent|Yanmega, M, shiny|100\/100 par\n|turn|17\n|\n|t:|1701116885\n|move|p2a: Bisharp|Sucker Punch|p1a: top percent\n|-damage|p1a: top percent|55\/100 par\n|move|p1a: top percent|Bug Buzz|p2a: Bisharp\n|-damage|p2a: Bisharp|0 fnt\n|faint|p2a: Bisharp\n|\n|upkeep\n|\n|t:|1701116894\n|switch|p2a: Slowking|Slowking-Galar, F|100\/100\n|-damage|p2a: Slowking|88\/100|[from] Spikes\n|turn|18\n|\n|t:|1701116898\n|switch|p1a: toesuckr|Clodsire, M|57\/100\n|move|p2a: Slowking|Future Sight|p1a: toesuckr\n|-start|p2a: Slowking|move: Future Sight\n|\n|-heal|p1a: toesuckr|64\/100|[from] item: Leftovers\n|upkeep\n|turn|19\n|\n|t:|1701116908\n|move|p2a: Slowking|Trick|p1a: toesuckr\n|-activate|p2a: Slowking|move: Trick|[of] p1a: toesuckr\n|-item|p1a: toesuckr|Life Orb|[from] move: Trick\n|-item|p2a: Slowking|Leftovers|[from] move: Trick\n|move|p1a: toesuckr|Earthquake|p2a: Slowking\n|-supereffective|p2a: Slowking\n|-damage|p2a: Slowking|9\/100\n|-damage|p1a: toesuckr|54\/100|[from] item: Life Orb\n|\n|-heal|p2a: Slowking|15\/100|[from] item: Leftovers\n|upkeep\n|turn|20\n|\n|t:|1701116918\n|move|p2a: Slowking|Future Sight||[still]\n|-fail|p2a: Slowking\n|move|p1a: toesuckr|Earthquake|p2a: Slowking\n|-supereffective|p2a: Slowking\n|-damage|p2a: Slowking|0 fnt\n|faint|p2a: Slowking\n|-damage|p1a: toesuckr|44\/100|[from] item: Life Orb\n|\n|-end|p1a: toesuckr|move: Future Sight\n|-supereffective|p1a: toesuckr\n|-damage|p1a: toesuckr|0 fnt\n|faint|p1a: toesuckr\n|upkeep\n|\n|t:|1701116927\n|switch|p2a: Clodsire|Clodsire, F|100\/100\n|switch|p1a: top percent|Yanmega, M, shiny|55\/100 par\n|-damage|p2a: Clodsire|88\/100|[from] Spikes\n|turn|21\n|\n|t:|1701116934\n|move|p1a: top percent|Giga Drain|p2a: Clodsire\n|-damage|p2a: Clodsire|68\/100\n|-heal|p1a: top percent|70\/100 par|[from] drain|[of] p2a: Clodsire\n|move|p2a: Clodsire|Curse|p2a: Clodsire\n|-unboost|p2a: Clodsire|spe|1\n|-boost|p2a: Clodsire|atk|1\n|-boost|p2a: Clodsire|def|1\n|\n|-heal|p2a: Clodsire|75\/100|[from] item: Leftovers\n|upkeep\n|turn|22\n|\n|t:|1701116943\n|move|p1a: top percent|Giga Drain|p2a: Clodsire\n|-damage|p2a: Clodsire|56\/100\n|-heal|p1a: top percent|84\/100 par|[from] drain|[of] p2a: Clodsire\n|move|p2a: Clodsire|Curse|p2a: Clodsire\n|-unboost|p2a: Clodsire|spe|1\n|-boost|p2a: Clodsire|atk|1\n|-boost|p2a: Clodsire|def|1\n|\n|-heal|p2a: Clodsire|62\/100|[from] item: Leftovers\n|upkeep\n|turn|23\n|\n|t:|1701116954\n|cant|p1a: top percent|par\n|move|p2a: Clodsire|Poison Jab|p1a: top percent\n|-damage|p1a: top percent|29\/100 par\n|\n|-heal|p2a: Clodsire|69\/100|[from] item: Leftovers\n|upkeep\n|turn|24\n|\n|t:|1701116960\n|move|p1a: top percent|Giga Drain|p2a: Clodsire\n|-damage|p2a: Clodsire|49\/100\n|-heal|p1a: top percent|44\/100 par|[from] drain|[of] p2a: Clodsire\n|move|p2a: Clodsire|Poison Jab|p1a: top percent\n|-damage|p1a: top percent|0 fnt\n|faint|p1a: top percent\n|\n|-heal|p2a: Clodsire|55\/100|[from] item: Leftovers\n|upkeep\n|\n|t:|1701116963\n|switch|p1a: hes sharp witted|Kingambit, M|100\/100\n|-activate|p1a: hes sharp witted|ability: Supreme Overlord\n|-start|p1a: hes sharp witted|fallen5|[silent]\n|turn|25\n|\n|t:|1701116971\n|-terastallize|p1a: hes sharp witted|Flying\n|move|p1a: hes sharp witted|Swords Dance|p1a: hes sharp witted\n|-boost|p1a: hes sharp witted|atk|2\n|move|p2a: Clodsire|Earthquake|p1a: hes sharp witted\n|-immune|p1a: hes sharp witted\n|\n|-heal|p2a: Clodsire|61\/100|[from] item: Leftovers\n|upkeep\n|turn|26\n|c|\u2606allansbored|that thing\n|\n|t:|1701116983\n|move|p1a: hes sharp witted|Sucker Punch|p2a: Clodsire\n|-crit|p2a: Clodsire\n|-damage|p2a: Clodsire|0 fnt\n|faint|p2a: Clodsire\n|\n|win|RewriteMothGal\n|raw|RewriteMothGal's rating: 1084 &rarr; <strong>1107<\/strong><br \/>(+23 for winning)\n|raw|allansbored's rating: 1032 &rarr; <strong>1019<\/strong><br \/>(-13 for losing)\n|c|\u2606allansbored|gg\n|c|\u2606RewriteMothGal|gg\n|l|\u2606allansbored\n","uploadtime":1701116991,"views":8,"p1id":"rewritemothgal","p2id":"allansbored","formatid":"gen9ou","rating":1019,"private":0,"password":""}