{"id":"gen9ou-1997459495","p1":"Magiquaza","p2":"MopisEdibles","format":"[Gen 9] OU","log":"|j|\u2606Magiquaza\n|j|\u2606MopisEdibles\n|inactive|Battle timer is ON: inactive players will automatically lose when time's up.\n|t:|1700809039\n|gametype|singles\n|player|p1|Magiquaza|265|\n|player|p2|MopisEdibles|flannery|\n|teamsize|p1|3\n|teamsize|p2|3\n|gen|9\n|tier|[Gen 9] OU\n|rated|Tournament battle\n|rule|Sleep Clause Mod: Limit one foe put to sleep\n|rule|Species Clause: Limit one of each Pok\u00e9mon\n|rule|OHKO Clause: OHKO moves are banned\n|rule|Evasion Items Clause: Evasion items are banned\n|rule|Evasion Moves Clause: Evasion moves are banned\n|rule|Endless Battle Clause: Forcing endless battles is banned\n|rule|HP Percentage Mod: HP is shown in percentages\n|clearpoke\n|poke|p1|Torterra, F|\n|poke|p1|Garganacl, M|\n|poke|p1|Sneasel-Hisui, M|\n|poke|p2|Dragonair, M|\n|poke|p2|Chansey, F|\n|poke|p2|Clawitzer, M|\n|teampreview\n|j|*Lady Monita \u2746\n|inactive|Magiquaza also wants the timer to be on.\n|inactive|MopisEdibles also wants the timer to be on.\n|\n|t:|1700809050\n|start\n|switch|p1a: Sneasel|Sneasel-Hisui, M|100\/100\n|switch|p2a: Chansey|Chansey, F|100\/100\n|turn|1\n|\n|t:|1700809080\n|move|p1a: Sneasel|Close Combat|p2a: Chansey\n|-supereffective|p2a: Chansey\n|-damage|p2a: Chansey|31\/100\n|-unboost|p1a: Sneasel|def|1\n|-unboost|p1a: Sneasel|spd|1\n|move|p2a: Chansey|Thunder Wave|p1a: Sneasel\n|-status|p1a: Sneasel|par\n|\n|upkeep\n|turn|2\n|\n|t:|1700809090\n|move|p1a: Sneasel|Close Combat|p2a: Chansey\n|-supereffective|p2a: Chansey\n|-damage|p2a: Chansey|0 fnt\n|-unboost|p1a: Sneasel|def|1\n|-unboost|p1a: Sneasel|spd|1\n|faint|p2a: Chansey\n|\n|upkeep\n|\n|t:|1700809100\n|switch|p2a: Dragonair|Dragonair, M|100\/100\n|turn|3\n|\n|t:|1700809106\n|move|p2a: Dragonair|Dragon Dance|p2a: Dragonair\n|-boost|p2a: Dragonair|atk|1\n|-boost|p2a: Dragonair|spe|1\n|cant|p1a: Sneasel|par\n|\n|upkeep\n|turn|4\n|\n|t:|1700809131\n|move|p2a: Dragonair|Dragon Dance|p2a: Dragonair\n|-boost|p2a: Dragonair|atk|1\n|-boost|p2a: Dragonair|spe|1\n|cant|p1a: Sneasel|par\n|\n|upkeep\n|turn|5\n|\n|t:|1700809144\n|move|p2a: Dragonair|Dragon Dance|p2a: Dragonair\n|-boost|p2a: Dragonair|atk|1\n|-boost|p2a: Dragonair|spe|1\n|move|p1a: Sneasel|Close Combat|p2a: Dragonair\n|-damage|p2a: Dragonair|35\/100\n|-unboost|p1a: Sneasel|def|1\n|-unboost|p1a: Sneasel|spd|1\n|\n|upkeep\n|turn|6\n|\n|t:|1700809157\n|move|p2a: Dragonair|Outrage|p1a: Sneasel\n|-crit|p1a: Sneasel\n|-enditem|p1a: Sneasel|Focus Sash\n|-damage|p1a: Sneasel|1\/100 par\n|cant|p1a: Sneasel|par\n|\n|upkeep\n|turn|7\n|\n|t:|1700809169\n|move|p2a: Dragonair|Outrage|p1a: Sneasel|[from]lockedmove\n|-damage|p1a: Sneasel|0 fnt\n|faint|p1a: Sneasel\n|-start|p2a: Dragonair|confusion|[fatigue]\n|\n|upkeep\n|\n|t:|1700809173\n|switch|p1a: Torterra|Torterra, F|100\/100\n|turn|8\n|\n|t:|1700809178\n|-terastallize|p1a: Torterra|Steel\n|-activate|p2a: Dragonair|confusion\n|-damage|p2a: Dragonair|0 fnt|[from] confusion\n|faint|p2a: Dragonair\n|move|p1a: Torterra|Headlong Rush|p2: Dragonair|[notarget]\n|-fail|p1a: Torterra\n|\n|upkeep\n|c|\u2606MopisEdibles|brooo\n|\n|t:|1700809186\n|switch|p2a: Clawitzer|Clawitzer, M|100\/100\n|turn|9\n|c|\u2606Magiquaza|you're complaining about luck?\n|\n|t:|1700809197\n|-terastallize|p2a: Clawitzer|Dragon\n|move|p1a: Torterra|Bullet Seed|p2a: Clawitzer\n|-resisted|p2a: Clawitzer\n|-damage|p2a: Clawitzer|93\/100\n|-resisted|p2a: Clawitzer\n|-damage|p2a: Clawitzer|86\/100\n|-resisted|p2a: Clawitzer\n|-damage|p2a: Clawitzer|77\/100\n|-resisted|p2a: Clawitzer\n|-damage|p2a: Clawitzer|70\/100\n|-resisted|p2a: Clawitzer\n|-damage|p2a: Clawitzer|62\/100\n|-hitcount|p2a: Clawitzer|5\n|move|p2a: Clawitzer|Aura Sphere|p1a: Torterra\n|-supereffective|p1a: Torterra\n|-damage|p1a: Torterra|0 fnt\n|faint|p1a: Torterra\n|\n|upkeep\n|\n|t:|1700809201\n|switch|p1a: Garganacl|Garganacl, M|100\/100\n|turn|10\n|c|\u2606Magiquaza|I mean I lose anyway\n|c|\u2606MopisEdibles|yep\n|c|\u2606Magiquaza|horrible misplay on my end\n|\n|t:|1700809214\n|move|p2a: Clawitzer|Aura Sphere|p1a: Garganacl\n|-supereffective|p1a: Garganacl\n|-damage|p1a: Garganacl|13\/100\n|move|p1a: Garganacl|Salt Cure|p2a: Clawitzer\n|-damage|p2a: Clawitzer|41\/100\n|-start|p2a: Clawitzer|Salt Cure\n|\n|-heal|p1a: Garganacl|19\/100|[from] item: Leftovers\n|-damage|p2a: Clawitzer|29\/100|[from] Salt Cure\n|upkeep\n|turn|11\n|\n|t:|1700809218\n|move|p2a: Clawitzer|Aura Sphere|p1a: Garganacl\n|-supereffective|p1a: Garganacl\n|-damage|p1a: Garganacl|0 fnt\n|faint|p1a: Garganacl\n|\n|win|MopisEdibles\n|n|\u2606Magiquaza|magiquaza\n|n|\u2606MopisEdibles|mopisedibles\n|n|*Lady Monita \u2746|ladymonita\n","uploadtime":1700809219,"views":5,"p1id":"magiquaza","p2id":"mopisedibles","formatid":"gen9ou","rating":0,"private":0,"password":""}