{"id":"gen9ou-1995754374","p1":"Rei Dyles","p2":"Alpinie","format":"[Gen 9] OU","log":"|j|\u2606Rei Dyles\n|j|\u2606Alpinie\n|t:|1700600029\n|gametype|singles\n|player|p1|Rei Dyles|burglar|1169\n|player|p2|Alpinie|veteran|1178\n|teamsize|p1|6\n|teamsize|p2|6\n|gen|9\n|tier|[Gen 9] OU\n|rated|\n|rule|Sleep Clause Mod: Limit one foe put to sleep\n|rule|Species Clause: Limit one of each Pok\u00e9mon\n|rule|OHKO Clause: OHKO moves are banned\n|rule|Evasion Items Clause: Evasion items are banned\n|rule|Evasion Moves Clause: Evasion moves are banned\n|rule|Endless Battle Clause: Forcing endless battles is banned\n|rule|HP Percentage Mod: HP is shown in percentages\n|clearpoke\n|poke|p1|Ceruledge, F|\n|poke|p1|Toxapex, M|\n|poke|p1|Vikavolt, M|\n|poke|p1|Ditto|\n|poke|p1|Golem, M|\n|poke|p1|Lurantis, M|\n|poke|p2|Arcanine-Hisui, M|\n|poke|p2|Ribombee, M|\n|poke|p2|Great Tusk|\n|poke|p2|Ogerpon-Wellspring, F|\n|poke|p2|Samurott-Hisui, F|\n|poke|p2|Gholdengo|\n|teampreview\n|inactive|Battle timer is ON: inactive players will automatically lose when time's up. (requested by Rei Dyles)\n|\n|t:|1700600054\n|start\n|switch|p1a: Ditto|Ditto|100\/100\n|switch|p2a: Ribombee|Ribombee, M, shiny|100\/100\n|-transform|p1a: Ditto|p2a: Ribombee|[from] ability: Imposter\n|turn|1\n|\n|t:|1700600066\n|move|p1a: Ditto|Moonblast|p2a: Ribombee\n|-damage|p2a: Ribombee|51\/100\n|-unboost|p2a: Ribombee|spa|1\n|move|p2a: Ribombee|Sticky Web|p1a: Ditto\n|-sidestart|p1: Rei Dyles|move: Sticky Web\n|\n|upkeep\n|turn|2\n|\n|t:|1700600073\n|move|p1a: Ditto|Moonblast|p2a: Ribombee\n|-damage|p2a: Ribombee|3\/100\n|-unboost|p2a: Ribombee|spa|1\n|move|p2a: Ribombee|Moonblast|p1a: Ditto\n|-damage|p1a: Ditto|75\/100\n|\n|upkeep\n|turn|3\n|\n|t:|1700600081\n|move|p1a: Ditto|Moonblast|p2a: Ribombee\n|-damage|p2a: Ribombee|0 fnt\n|faint|p2a: Ribombee\n|\n|upkeep\n|\n|t:|1700600084\n|switch|p2a: Arcanine|Arcanine-Hisui, M, shiny|100\/100\n|turn|4\n|\n|t:|1700600110\n|switch|p1a: Toxapex|Toxapex, M|100\/100\n|-activate|p1a: Toxapex|move: Sticky Web\n|-unboost|p1a: Toxapex|spe|1\n|move|p2a: Arcanine|Head Smash|p1a: Toxapex|[miss]\n|-miss|p2a: Arcanine|p1a: Toxapex\n|\n|upkeep\n|turn|5\n|\n|t:|1700600121\n|switch|p2a: Samurott|Samurott-Hisui, F, shiny|100\/100\n|move|p1a: Toxapex|Infestation|p2a: Samurott\n|-supereffective|p2a: Samurott\n|-damage|p2a: Samurott|89\/100\n|-activate|p2a: Samurott|move: Infestation|[of] p1a: Toxapex\n|\n|-damage|p2a: Samurott|77\/100|[from] move: Infestation|[partiallytrapped]\n|upkeep\n|turn|6\n|\n|t:|1700600129\n|move|p1a: Toxapex|Baneful Bunker|p1a: Toxapex\n|-singleturn|p1a: Toxapex|move: Protect\n|move|p2a: Samurott|Taunt|p1a: Toxapex\n|-activate|p1a: Toxapex|move: Protect\n|\n|-damage|p2a: Samurott|64\/100|[from] move: Infestation|[partiallytrapped]\n|upkeep\n|turn|7\n|\n|t:|1700600139\n|switch|p1a: Lurantis|Lurantis, M|100\/100\n|-activate|p1a: Lurantis|move: Sticky Web\n|-boost|p1a: Lurantis|spe|1\n|move|p2a: Samurott|Ceaseless Edge|p1a: Lurantis\n|-damage|p1a: Lurantis|53\/100\n|-sidestart|p1: Rei Dyles|Spikes\n|\n|-heal|p1a: Lurantis|60\/100|[from] item: Leftovers\n|-end|p2a: Samurott|Infestation|[partiallytrapped]|[silent]\n|upkeep\n|turn|8\n|\n|t:|1700600154\n|switch|p2a: Ogerpon|Ogerpon-Wellspring, F|100\/100\n|move|p1a: Lurantis|Defog|p2a: Ogerpon\n|-unboost|p2a: Ogerpon|evasion|1\n|-sideend|p1: Rei Dyles|Spikes|[from] move: Defog|[of] p1a: Lurantis\n|-sideend|p1: Rei Dyles|Sticky Web|[from] move: Defog|[of] p1a: Lurantis\n|\n|-heal|p1a: Lurantis|66\/100|[from] item: Leftovers\n|upkeep\n|turn|9\n|\n|t:|1700600162\n|move|p2a: Ogerpon|U-turn|p1a: Lurantis\n|-supereffective|p1a: Lurantis\n|-damage|p1a: Lurantis|9\/100\n|\n|t:|1700600168\n|switch|p2a: Samurott|Samurott-Hisui, F, shiny|64\/100|[from] U-turn\n|move|p1a: Lurantis|Leaf Storm|p2a: Samurott\n|-supereffective|p2a: Samurott\n|-damage|p2a: Samurott|0 fnt\n|-boost|p1a: Lurantis|spa|2\n|faint|p2a: Samurott\n|\n|-heal|p1a: Lurantis|15\/100|[from] item: Leftovers\n|upkeep\n|\n|t:|1700600176\n|switch|p2a: Arcanine|Arcanine-Hisui, M, shiny|100\/100\n|turn|10\n|\n|t:|1700600184\n|switch|p1a: Toxapex|Toxapex, M|100\/100\n|move|p2a: Arcanine|Extreme Speed|p1a: Toxapex\n|-damage|p1a: Toxapex|74\/100\n|\n|-heal|p1a: Toxapex|80\/100|[from] item: Leftovers\n|upkeep\n|turn|11\n|\n|t:|1700600193\n|switch|p2a: Gholdengo|Gholdengo|100\/100\n|-item|p2a: Gholdengo|Air Balloon\n|move|p1a: Toxapex|Infestation|p2a: Gholdengo\n|-resisted|p2a: Gholdengo\n|-crit|p2a: Gholdengo\n|-damage|p2a: Gholdengo|99\/100\n|-activate|p2a: Gholdengo|move: Infestation|[of] p1a: Toxapex\n|-enditem|p2a: Gholdengo|Air Balloon\n|\n|-heal|p1a: Toxapex|86\/100|[from] item: Leftovers\n|-damage|p2a: Gholdengo|87\/100|[from] move: Infestation|[partiallytrapped]\n|upkeep\n|turn|12\n|\n|t:|1700600206\n|move|p2a: Gholdengo|Recover|p2a: Gholdengo\n|-heal|p2a: Gholdengo|100\/100\n|move|p1a: Toxapex|Haze|p1a: Toxapex\n|-clearallboost\n|\n|-heal|p1a: Toxapex|92\/100|[from] item: Leftovers\n|-damage|p2a: Gholdengo|88\/100|[from] move: Infestation|[partiallytrapped]\n|upkeep\n|turn|13\n|\n|t:|1700600216\n|move|p2a: Gholdengo|Make It Rain|p1a: Toxapex\n|-resisted|p1a: Toxapex\n|-damage|p1a: Toxapex|63\/100\n|-unboost|p2a: Gholdengo|spa|1\n|move|p1a: Toxapex|Haze|p1a: Toxapex\n|-clearallboost\n|\n|-heal|p1a: Toxapex|69\/100|[from] item: Leftovers\n|-damage|p2a: Gholdengo|76\/100|[from] move: Infestation|[partiallytrapped]\n|upkeep\n|turn|14\n|\n|t:|1700600229\n|move|p2a: Gholdengo|Focus Blast|p1a: Toxapex|[miss]\n|-miss|p2a: Gholdengo|p1a: Toxapex\n|move|p1a: Toxapex|Recover|p1a: Toxapex\n|-heal|p1a: Toxapex|100\/100\n|\n|-damage|p2a: Gholdengo|63\/100|[from] move: Infestation|[partiallytrapped]\n|upkeep\n|turn|15\n|\n|t:|1700600238\n|move|p1a: Toxapex|Baneful Bunker|p1a: Toxapex\n|-singleturn|p1a: Toxapex|move: Protect\n|move|p2a: Gholdengo|Thunder Wave|p1a: Toxapex\n|-activate|p1a: Toxapex|move: Protect\n|\n|-end|p2a: Gholdengo|Infestation|[partiallytrapped]\n|upkeep\n|turn|16\n|\n|t:|1700600246\n|move|p2a: Gholdengo|Thunder Wave|p1a: Toxapex\n|-status|p1a: Toxapex|par\n|move|p1a: Toxapex|Infestation|p2a: Gholdengo\n|-resisted|p2a: Gholdengo\n|-damage|p2a: Gholdengo|63\/100\n|-activate|p2a: Gholdengo|move: Infestation|[of] p1a: Toxapex\n|\n|-damage|p2a: Gholdengo|50\/100|[from] move: Infestation|[partiallytrapped]\n|upkeep\n|turn|17\n|\n|t:|1700600259\n|switch|p2a: Great Tusk|Great Tusk|100\/100\n|switch|p1a: Golem|Golem, M|100\/100\n|\n|upkeep\n|turn|18\n|\n|t:|1700600274\n|move|p2a: Great Tusk|Bulk Up|p2a: Great Tusk\n|-boost|p2a: Great Tusk|atk|1\n|-boost|p2a: Great Tusk|def|1\n|move|p1a: Golem|Rock Polish|p1a: Golem\n|-boost|p1a: Golem|spe|2\n|\n|upkeep\n|turn|19\n|\n|t:|1700600283\n|move|p1a: Golem|Earthquake|p2a: Great Tusk\n|-damage|p2a: Great Tusk|81\/100\n|move|p2a: Great Tusk|Bulk Up|p2a: Great Tusk\n|-boost|p2a: Great Tusk|atk|1\n|-boost|p2a: Great Tusk|def|1\n|\n|-heal|p2a: Great Tusk|87\/100|[from] item: Leftovers\n|upkeep\n|turn|20\n|inactive|Rei Dyles has 120 seconds left.\n|\n|t:|1700600313\n|switch|p1a: Vikavolt|Vikavolt, M|100\/100\n|move|p2a: Great Tusk|Rapid Spin|p1a: Vikavolt\n|-damage|p1a: Vikavolt|52\/100\n|-boost|p2a: Great Tusk|spe|1\n|\n|-heal|p2a: Great Tusk|93\/100|[from] item: Leftovers\n|upkeep\n|turn|21\n|\n|t:|1700600323\n|move|p2a: Great Tusk|Ice Spinner|p1a: Vikavolt\n|-damage|p1a: Vikavolt|0 fnt\n|faint|p1a: Vikavolt\n|\n|-heal|p2a: Great Tusk|99\/100|[from] item: Leftovers\n|upkeep\n|\n|t:|1700600331\n|switch|p1a: Ditto|Ditto|75\/100\n|-transform|p1a: Ditto|p2a: Great Tusk|[from] ability: Imposter\n|turn|22\n|inactive|Rei Dyles has 120 seconds left.\n|\n|t:|1700600352\n|-terastallize|p2a: Great Tusk|Dark\n|move|p1a: Ditto|Earthquake|p2a: Great Tusk\n|-damage|p2a: Great Tusk|73\/100\n|move|p2a: Great Tusk|Ice Spinner|p1a: Ditto\n|-supereffective|p1a: Ditto\n|-damage|p1a: Ditto|37\/100\n|\n|-heal|p2a: Great Tusk|79\/100|[from] item: Leftovers\n|upkeep\n|turn|23\n|inactive|Rei Dyles has 120 seconds left.\n|\n|t:|1700600362\n|-end|p1a: Ditto|Protosynthesis|[silent]\n|switch|p1a: Toxapex|Toxapex, M|100\/100 par\n|move|p2a: Great Tusk|Ice Spinner|p1a: Toxapex\n|-resisted|p1a: Toxapex\n|-damage|p1a: Toxapex|83\/100 par\n|\n|-heal|p2a: Great Tusk|85\/100|[from] item: Leftovers\n|-heal|p1a: Toxapex|89\/100 par|[from] item: Leftovers\n|upkeep\n|turn|24\n|inactive|Rei Dyles has 120 seconds left.\n|\n|t:|1700600374\n|-terastallize|p1a: Toxapex|Flying\n|move|p2a: Great Tusk|Earthquake|p1a: Toxapex\n|-immune|p1a: Toxapex\n|move|p1a: Toxapex|Haze|p1a: Toxapex\n|-clearallboost\n|\n|-heal|p2a: Great Tusk|91\/100|[from] item: Leftovers\n|-heal|p1a: Toxapex|96\/100 par|[from] item: Leftovers\n|upkeep\n|turn|25\n|inactive|Rei Dyles has 120 seconds left.\n|\n|t:|1700600387\n|move|p2a: Great Tusk|Rapid Spin|p1a: Toxapex\n|-damage|p1a: Toxapex|85\/100 par\n|-boost|p2a: Great Tusk|spe|1\n|move|p1a: Toxapex|Infestation|p2a: Great Tusk\n|-supereffective|p2a: Great Tusk\n|-damage|p2a: Great Tusk|83\/100\n|-activate|p2a: Great Tusk|move: Infestation|[of] p1a: Toxapex\n|\n|-heal|p2a: Great Tusk|89\/100|[from] item: Leftovers\n|-heal|p1a: Toxapex|92\/100 par|[from] item: Leftovers\n|-damage|p2a: Great Tusk|77\/100|[from] move: Infestation|[partiallytrapped]\n|upkeep\n|turn|26\n|inactive|Rei Dyles has 120 seconds left.\n|\n|t:|1700600403\n|move|p2a: Great Tusk|Rapid Spin|p1a: Toxapex\n|-damage|p1a: Toxapex|80\/100 par\n|-boost|p2a: Great Tusk|spe|1\n|-end|p2a: Great Tusk|Infestation|[partiallytrapped]\n|move|p1a: Toxapex|Haze|p1a: Toxapex\n|-clearallboost\n|\n|-heal|p2a: Great Tusk|83\/100|[from] item: Leftovers\n|-heal|p1a: Toxapex|87\/100 par|[from] item: Leftovers\n|upkeep\n|turn|27\n|inactive|Rei Dyles has 120 seconds left.\n|\n|t:|1700600414\n|-end|p2a: Great Tusk|Protosynthesis|[silent]\n|switch|p2a: Arcanine|Arcanine-Hisui, M, shiny|100\/100\n|move|p1a: Toxapex|Infestation|p2a: Arcanine\n|-resisted|p2a: Arcanine\n|-damage|p2a: Arcanine|98\/100\n|-activate|p2a: Arcanine|move: Infestation|[of] p1a: Toxapex\n|\n|-heal|p1a: Toxapex|93\/100 par|[from] item: Leftovers\n|-damage|p2a: Arcanine|86\/100|[from] move: Infestation|[partiallytrapped]\n|upkeep\n|turn|28\n|inactive|Rei Dyles has 120 seconds left.\n|\n|t:|1700600424\n|move|p1a: Toxapex|Baneful Bunker|p1a: Toxapex\n|-singleturn|p1a: Toxapex|move: Protect\n|move|p2a: Arcanine|Head Smash|p1a: Toxapex\n|-activate|p1a: Toxapex|move: Protect\n|-status|p2a: Arcanine|psn\n|\n|-heal|p1a: Toxapex|99\/100 par|[from] item: Leftovers\n|-damage|p2a: Arcanine|74\/100 psn|[from] psn\n|-damage|p2a: Arcanine|61\/100 psn|[from] move: Infestation|[partiallytrapped]\n|upkeep\n|turn|29\n|inactive|Rei Dyles has 120 seconds left.\n|\n|t:|1700600437\n|switch|p1a: Lurantis|Lurantis, M|15\/100\n|move|p2a: Arcanine|Head Smash|p1a: Lurantis|[miss]\n|-miss|p2a: Arcanine|p1a: Lurantis\n|\n|-heal|p1a: Lurantis|21\/100|[from] item: Leftovers\n|-damage|p2a: Arcanine|49\/100 psn|[from] psn\n|-end|p2a: Arcanine|Infestation|[partiallytrapped]|[silent]\n|upkeep\n|turn|30\n|\n|t:|1700600447\n|move|p2a: Arcanine|Head Smash|p1a: Lurantis|[miss]\n|-miss|p2a: Arcanine|p1a: Lurantis\n|move|p1a: Lurantis|Synthesis|p1a: Lurantis\n|-heal|p1a: Lurantis|71\/100\n|\n|-heal|p1a: Lurantis|77\/100|[from] item: Leftovers\n|-damage|p2a: Arcanine|37\/100 psn|[from] psn\n|upkeep\n|turn|31\n|\n|t:|1700600457\n|move|p2a: Arcanine|Head Smash|p1a: Lurantis|[miss]\n|-miss|p2a: Arcanine|p1a: Lurantis\n|move|p1a: Lurantis|Superpower|p2a: Arcanine\n|-supereffective|p2a: Arcanine\n|-damage|p2a: Arcanine|0 fnt\n|-boost|p1a: Lurantis|atk|1\n|-boost|p1a: Lurantis|def|1\n|faint|p2a: Arcanine\n|\n|-heal|p1a: Lurantis|83\/100|[from] item: Leftovers\n|upkeep\n|n|!Alpinie|alpinie\n|\n|t:|1700600472\n|switch|p2a: Great Tusk|Great Tusk, tera:Dark|83\/100\n|turn|32\n|\n|t:|1700600476\n|move|p2a: Great Tusk|Ice Spinner|p1a: Lurantis\n|-supereffective|p1a: Lurantis\n|-damage|p1a: Lurantis|42\/100\n|move|p1a: Lurantis|Superpower|p2a: Great Tusk\n|-supereffective|p2a: Great Tusk\n|-damage|p2a: Great Tusk|39\/100\n|-boost|p1a: Lurantis|atk|1\n|-boost|p1a: Lurantis|def|1\n|\n|-heal|p2a: Great Tusk|45\/100|[from] item: Leftovers\n|-heal|p1a: Lurantis|48\/100|[from] item: Leftovers\n|upkeep\n|turn|33\n|\n|t:|1700600487\n|move|p2a: Great Tusk|Ice Spinner|p1a: Lurantis\n|-supereffective|p1a: Lurantis\n|-damage|p1a: Lurantis|15\/100\n|move|p1a: Lurantis|Superpower|p2a: Great Tusk\n|-supereffective|p2a: Great Tusk\n|-damage|p2a: Great Tusk|0 fnt\n|-boost|p1a: Lurantis|atk|1\n|-boost|p1a: Lurantis|def|1\n|faint|p2a: Great Tusk\n|-end|p2a: Great Tusk|Protosynthesis|[silent]\n|\n|-heal|p1a: Lurantis|21\/100|[from] item: Leftovers\n|upkeep\n|\n|t:|1700600495\n|switch|p2a: Gholdengo|Gholdengo|50\/100\n|turn|34\n|\n|t:|1700600504\n|move|p2a: Gholdengo|Make It Rain|p1a: Lurantis\n|-damage|p1a: Lurantis|0 fnt\n|-unboost|p2a: Gholdengo|spa|1\n|faint|p1a: Lurantis\n|\n|upkeep\n|\n|t:|1700600512\n|switch|p1a: Golem|Golem, M|100\/100\n|turn|35\n|\n|t:|1700600516\n|move|p2a: Gholdengo|Focus Blast|p1a: Golem\n|-supereffective|p1a: Golem\n|-damage|p1a: Golem|3\/100\n|-enditem|p1a: Golem|Weakness Policy\n|-boost|p1a: Golem|atk|2|[from] item: Weakness Policy\n|-boost|p1a: Golem|spa|2|[from] item: Weakness Policy\n|move|p1a: Golem|Rock Polish|p1a: Golem\n|-boost|p1a: Golem|spe|2\n|\n|upkeep\n|turn|36\n|\n|t:|1700600525\n|move|p1a: Golem|Earthquake|p2a: Gholdengo\n|-supereffective|p2a: Gholdengo\n|-damage|p2a: Gholdengo|0 fnt\n|faint|p2a: Gholdengo\n|\n|upkeep\n|\n|t:|1700600530\n|switch|p2a: Ogerpon|Ogerpon-Wellspring, F|100\/100\n|turn|37\n|\n|t:|1700600534\n|move|p1a: Golem|Rock Blast|p2a: Ogerpon\n|-damage|p2a: Ogerpon|68\/100\n|-damage|p2a: Ogerpon|34\/100\n|-damage|p2a: Ogerpon|0 fnt\n|faint|p2a: Ogerpon\n|-hitcount|p2: Ogerpon|3\n|\n|win|Rei Dyles\n|raw|Rei Dyles's rating: 1169 &rarr; <strong>1195<\/strong><br \/>(+26 for winning)\n|raw|Alpinie's rating: 1178 &rarr; <strong>1152<\/strong><br \/>(-26 for losing)\n","uploadtime":1700600466,"views":9,"p1id":"reidyles","p2id":"alpinie","formatid":"gen9ou","rating":1152,"private":0,"password":""}