{"id":"gen9ou-1989906395","p1":"tzolnows18","p2":"Majner","format":"[Gen 9] OU","log":"|j|\u2606tzolnows18\n|j|\u2606Majner\n|t:|1699905618\n|gametype|singles\n|player|p1|tzolnows18|alder|1124\n|player|p2|Majner|101|1063\n|teamsize|p1|6\n|teamsize|p2|5\n|gen|9\n|tier|[Gen 9] OU\n|rated|\n|rule|Sleep Clause Mod: Limit one foe put to sleep\n|rule|Species Clause: Limit one of each Pok\u00e9mon\n|rule|OHKO Clause: OHKO moves are banned\n|rule|Evasion Items Clause: Evasion items are banned\n|rule|Evasion Moves Clause: Evasion moves are banned\n|rule|Endless Battle Clause: Forcing endless battles is banned\n|rule|HP Percentage Mod: HP is shown in percentages\n|clearpoke\n|poke|p1|Toxapex, F|\n|poke|p1|Volcanion|\n|poke|p1|Garchomp, M|\n|poke|p1|Meowscarada, M|\n|poke|p1|Glastrier|\n|poke|p1|Ribombee, F|\n|poke|p2|Polteageist-Antique|\n|poke|p2|Indeedee, M|\n|poke|p2|Drifblim, M|\n|poke|p2|Ursaluna, F|\n|poke|p2|Frosmoth, F|\n|teampreview\n|\n|t:|1699905625\n|start\n|switch|p1a: Ribombee|Ribombee, F|100\/100\n|switch|p2a: Indeedee|Indeedee, M|100\/100\n|-fieldstart|move: Psychic Terrain|[from] ability: Psychic Surge|[of] p2a: Indeedee\n|turn|1\n|inactive|Battle timer is ON: inactive players will automatically lose when time's up. (requested by tzolnows18)\n|\n|t:|1699905634\n|switch|p2a: Drifblim|Drifblim, M|100\/100\n|-enditem|p2a: Drifblim|Psychic Seed\n|-boost|p2a: Drifblim|spd|1|[from] item: Psychic Seed\n|move|p1a: Ribombee|Sticky Web|p2a: Drifblim\n|-sidestart|p2: Majner|move: Sticky Web\n|\n|upkeep\n|turn|2\n|\n|t:|1699905645\n|move|p2a: Drifblim|Stockpile|p2a: Drifblim\n|-start|p2a: Drifblim|stockpile1\n|-boost|p2a: Drifblim|def|1\n|-boost|p2a: Drifblim|spd|1\n|move|p1a: Ribombee|Stun Spore|p2a: Drifblim\n|-status|p2a: Drifblim|par\n|\n|upkeep\n|turn|3\n|\n|t:|1699905654\n|switch|p1a: Meowscarada|Meowscarada, M|100\/100\n|cant|p2a: Drifblim|par\n|\n|upkeep\n|turn|4\n|\n|t:|1699905658\n|move|p1a: Meowscarada|Toxic Spikes|p2a: Drifblim\n|-start|p1a: Meowscarada|typechange|Poison|[from] ability: Protean\n|-sidestart|p2: Majner|move: Toxic Spikes\n|move|p2a: Drifblim|Will-O-Wisp|p1a: Meowscarada|[miss]\n|-miss|p2a: Drifblim|p1a: Meowscarada\n|\n|upkeep\n|turn|5\n|\n|t:|1699905664\n|move|p1a: Meowscarada|Knock Off|p2a: Drifblim\n|-supereffective|p2a: Drifblim\n|-damage|p2a: Drifblim|79\/100 par\n|move|p2a: Drifblim|Will-O-Wisp|p1a: Meowscarada|[miss]\n|-miss|p2a: Drifblim|p1a: Meowscarada\n|\n|upkeep\n|turn|6\n|c|\u2606Majner|unlucky\n|\n|t:|1699905673\n|move|p1a: Meowscarada|Flower Trick|p2a: Drifblim\n|-resisted|p2a: Drifblim\n|-crit|p2a: Drifblim\n|-damage|p2a: Drifblim|67\/100 par\n|move|p2a: Drifblim|Will-O-Wisp|p1a: Meowscarada\n|-status|p1a: Meowscarada|brn\n|\n|-damage|p1a: Meowscarada|94\/100 brn|[from] brn\n|upkeep\n|turn|7\n|\n|t:|1699905684\n|switch|p1a: Toxapex|Toxapex, F|100\/100\n|cant|p2a: Drifblim|par\n|\n|upkeep\n|turn|8\n|c|\u2606Majner|XD\n|\n|t:|1699905691\n|move|p2a: Drifblim|Stockpile|p2a: Drifblim\n|-start|p2a: Drifblim|stockpile2\n|-boost|p2a: Drifblim|def|1\n|-boost|p2a: Drifblim|spd|1\n|move|p1a: Toxapex|Toxic||[still]\n|-fail|p1a: Toxapex\n|\n|-fieldend|move: Psychic Terrain\n|upkeep\n|turn|9\n|\n|t:|1699905698\n|move|p2a: Drifblim|Strength Sap|p1a: Toxapex\n|-unboost|p1a: Toxapex|atk|1\n|-heal|p2a: Drifblim|99\/100 par\n|move|p1a: Toxapex|Toxic||[still]\n|-fail|p1a: Toxapex\n|\n|upkeep\n|turn|10\n|\n|t:|1699905707\n|switch|p1a: Garchomp|Garchomp, M|100\/100\n|cant|p2a: Drifblim|par\n|\n|upkeep\n|turn|11\n|c|\u2606Majner|wtf are the odds\n|inactive|Majner has 120 seconds left.\n|\n|t:|1699905740\n|-terastallize|p1a: Garchomp|Water\n|move|p1a: Garchomp|Swords Dance|p1a: Garchomp\n|-boost|p1a: Garchomp|atk|2\n|move|p2a: Drifblim|Will-O-Wisp|p1a: Garchomp\n|-status|p1a: Garchomp|brn\n|\n|-damage|p1a: Garchomp|94\/100 brn|[from] brn\n|upkeep\n|turn|12\n|\n|t:|1699905749\n|move|p1a: Garchomp|Swords Dance|p1a: Garchomp\n|-boost|p1a: Garchomp|atk|2\n|cant|p2a: Drifblim|par\n|\n|-damage|p1a: Garchomp|88\/100 brn|[from] brn\n|upkeep\n|turn|13\n|c|\u2606Majner|XDDDD\n|\n|t:|1699905756\n|move|p1a: Garchomp|Liquidation|p2a: Drifblim\n|-damage|p2a: Drifblim|77\/100 par\n|-unboost|p2a: Drifblim|def|1\n|cant|p2a: Drifblim|par\n|\n|-damage|p1a: Garchomp|82\/100 brn|[from] brn\n|upkeep\n|turn|14\n|c|\u2606Majner|WTFFF\n|\n|t:|1699905764\n|move|p1a: Garchomp|Liquidation|p2a: Drifblim\n|-damage|p2a: Drifblim|50\/100 par\n|move|p2a: Drifblim|Strength Sap|p1a: Garchomp\n|-unboost|p1a: Garchomp|atk|1\n|-heal|p2a: Drifblim|100\/100 par\n|\n|-damage|p1a: Garchomp|76\/100 brn|[from] brn\n|upkeep\n|turn|15\n|\n|t:|1699905772\n|move|p1a: Garchomp|Liquidation|p2a: Drifblim\n|-damage|p2a: Drifblim|77\/100 par\n|move|p2a: Drifblim|Hex|p1a: Garchomp\n|-damage|p1a: Garchomp|44\/100 brn\n|\n|-damage|p1a: Garchomp|38\/100 brn|[from] brn\n|upkeep\n|turn|16\n|\n|t:|1699905785\n|move|p1a: Garchomp|Liquidation|p2a: Drifblim\n|-damage|p2a: Drifblim|55\/100 par\n|cant|p2a: Drifblim|par\n|\n|-damage|p1a: Garchomp|32\/100 brn|[from] brn\n|upkeep\n|turn|17\n|\n|t:|1699905792\n|move|p1a: Garchomp|Liquidation|p2a: Drifblim\n|-damage|p2a: Drifblim|29\/100 par\n|cant|p2a: Drifblim|par\n|\n|-damage|p1a: Garchomp|25\/100 brn|[from] brn\n|upkeep\n|turn|18\n|c|\u2606Majner|u\n|c|\u2606Majner|got\n|c|\u2606Majner|fucking\n|c|\u2606Majner|8 paralysises\n|\n|t:|1699905803\n|move|p1a: Garchomp|Liquidation|p2a: Drifblim\n|-damage|p2a: Drifblim|5\/100 par\n|move|p2a: Drifblim|Strength Sap|p1a: Garchomp\n|-unboost|p1a: Garchomp|atk|1\n|-heal|p2a: Drifblim|100\/100 par\n|\n|-damage|p1a: Garchomp|19\/100 brn|[from] brn\n|upkeep\n|turn|19\n|\n|t:|1699905812\n|switch|p1a: Glastrier|Glastrier|100\/100\n|move|p2a: Drifblim|Stockpile|p2a: Drifblim\n|-start|p2a: Drifblim|stockpile3\n|-boost|p2a: Drifblim|def|1\n|-boost|p2a: Drifblim|spd|1\n|\n|upkeep\n|turn|20\n|\n|t:|1699905819\n|move|p2a: Drifblim|Will-O-Wisp|p1a: Glastrier\n|-status|p1a: Glastrier|brn\n|move|p1a: Glastrier|Icicle Crash|p2a: Drifblim\n|-supereffective|p2a: Drifblim\n|-damage|p2a: Drifblim|86\/100 par\n|\n|-damage|p1a: Glastrier|94\/100 brn|[from] brn\n|upkeep\n|turn|21\n|\n|t:|1699905827\n|move|p2a: Drifblim|Hex|p1a: Glastrier\n|-damage|p1a: Glastrier|65\/100 brn\n|move|p1a: Glastrier|Icicle Crash|p2a: Drifblim\n|-supereffective|p2a: Drifblim\n|-crit|p2a: Drifblim\n|-damage|p2a: Drifblim|37\/100 par\n|\n|-heal|p1a: Glastrier|71\/100 brn|[from] item: Leftovers\n|-damage|p1a: Glastrier|65\/100 brn|[from] brn\n|upkeep\n|turn|22\n|\n|t:|1699905837\n|cant|p2a: Drifblim|par\n|move|p1a: Glastrier|Icicle Crash|p2a: Drifblim|[miss]\n|-miss|p1a: Glastrier|p2a: Drifblim\n|\n|-heal|p1a: Glastrier|71\/100 brn|[from] item: Leftovers\n|-damage|p1a: Glastrier|65\/100 brn|[from] brn\n|upkeep\n|turn|23\n|\n|t:|1699905844\n|move|p2a: Drifblim|Strength Sap|p1a: Glastrier\n|-unboost|p1a: Glastrier|atk|1\n|-heal|p2a: Drifblim|100\/100 par\n|move|p1a: Glastrier|Icicle Crash|p2a: Drifblim\n|-supereffective|p2a: Drifblim\n|-damage|p2a: Drifblim|90\/100 par\n|\n|-heal|p1a: Glastrier|71\/100 brn|[from] item: Leftovers\n|-damage|p1a: Glastrier|65\/100 brn|[from] brn\n|upkeep\n|turn|24\n|\n|t:|1699905854\n|move|p2a: Drifblim|Stockpile||[still]\n|-fail|p2a: Drifblim\n|move|p1a: Glastrier|Icicle Crash|p2a: Drifblim\n|-supereffective|p2a: Drifblim\n|-crit|p2a: Drifblim\n|-damage|p2a: Drifblim|43\/100 par\n|\n|-heal|p1a: Glastrier|71\/100 brn|[from] item: Leftovers\n|-damage|p1a: Glastrier|65\/100 brn|[from] brn\n|upkeep\n|turn|25\n|c|\u2606Majner|crit morw\n|c|\u2606Majner|more\n|\n|t:|1699905864\n|move|p2a: Drifblim|Strength Sap|p1a: Glastrier\n|-unboost|p1a: Glastrier|atk|1\n|-heal|p2a: Drifblim|86\/100 par\n|move|p1a: Glastrier|Icicle Crash|p2a: Drifblim\n|-supereffective|p2a: Drifblim\n|-damage|p2a: Drifblim|77\/100 par\n|\n|-heal|p1a: Glastrier|71\/100 brn|[from] item: Leftovers\n|-damage|p1a: Glastrier|65\/100 brn|[from] brn\n|upkeep\n|turn|26\n|\n|t:|1699905874\n|switch|p1a: Volcanion|Volcanion|100\/100\n|move|p2a: Drifblim|Hex|p1a: Volcanion\n|-damage|p1a: Volcanion|86\/100\n|\n|upkeep\n|turn|27\n|\n|t:|1699905883\n|move|p2a: Drifblim|Strength Sap|p1a: Volcanion\n|-unboost|p1a: Volcanion|atk|1\n|-heal|p2a: Drifblim|100\/100 par\n|move|p1a: Volcanion|Steam Eruption|p2a: Drifblim\n|-damage|p2a: Drifblim|82\/100 par\n|\n|upkeep\n|turn|28\n|\n|t:|1699905891\n|move|p2a: Drifblim|Hex|p1a: Volcanion\n|-damage|p1a: Volcanion|73\/100\n|move|p1a: Volcanion|Steam Eruption|p2a: Drifblim\n|-damage|p2a: Drifblim|63\/100 par\n|\n|upkeep\n|turn|29\n|\n|t:|1699905898\n|move|p2a: Drifblim|Hex|p1a: Volcanion\n|-damage|p1a: Volcanion|61\/100\n|move|p1a: Volcanion|Steam Eruption|p2a: Drifblim\n|-damage|p2a: Drifblim|44\/100 par\n|\n|upkeep\n|turn|30\n|\n|t:|1699905905\n|move|p2a: Drifblim|Strength Sap|p1a: Volcanion\n|-unboost|p1a: Volcanion|atk|1\n|-heal|p2a: Drifblim|71\/100 par\n|move|p1a: Volcanion|Steam Eruption|p2a: Drifblim\n|-damage|p2a: Drifblim|51\/100 par\n|\n|upkeep\n|turn|31\n|\n|t:|1699905912\n|move|p2a: Drifblim|Hex|p1a: Volcanion\n|-damage|p1a: Volcanion|47\/100\n|move|p1a: Volcanion|Steam Eruption|p2a: Drifblim\n|-damage|p2a: Drifblim|31\/100 par\n|\n|upkeep\n|turn|32\n|\n|t:|1699905918\n|move|p2a: Drifblim|Hex|p1a: Volcanion\n|-damage|p1a: Volcanion|32\/100\n|move|p1a: Volcanion|Steam Eruption|p2a: Drifblim\n|-damage|p2a: Drifblim|13\/100 par\n|\n|upkeep\n|turn|33\n|\n|t:|1699905927\n|move|p2a: Drifblim|Strength Sap|p1a: Volcanion\n|-unboost|p1a: Volcanion|atk|1\n|-heal|p2a: Drifblim|33\/100 par\n|move|p1a: Volcanion|Steam Eruption|p2a: Drifblim\n|-damage|p2a: Drifblim|13\/100 par\n|\n|upkeep\n|turn|34\n|\n|t:|1699905935\n|-terastallize|p2a: Drifblim|Ghost\n|move|p2a: Drifblim|Hex|p1a: Volcanion\n|-damage|p1a: Volcanion|13\/100\n|move|p1a: Volcanion|Steam Eruption|p2a: Drifblim\n|-crit|p2a: Drifblim\n|-damage|p2a: Drifblim|0 fnt\n|faint|p2a: Drifblim\n|\n|upkeep\n|inactive|Majner has 120 seconds left.\n|\n|t:|1699905973\n|switch|p2a: Polteageist|Polteageist-Antique, shiny|100\/100\n|-activate|p2a: Polteageist|move: Sticky Web\n|-unboost|p2a: Polteageist|spe|1\n|-status|p2a: Polteageist|psn\n|turn|35\n|inactive|Majner has 120 seconds left.\n|\n|t:|1699905980\n|switch|p1a: Meowscarada|Meowscarada, M|94\/100 brn\n|move|p2a: Polteageist|Shell Smash|p2a: Polteageist\n|-unboost|p2a: Polteageist|def|1\n|-unboost|p2a: Polteageist|spd|1\n|-boost|p2a: Polteageist|atk|2\n|-boost|p2a: Polteageist|spa|2\n|-boost|p2a: Polteageist|spe|2\n|\n|-damage|p2a: Polteageist|88\/100 psn|[from] psn\n|-damage|p1a: Meowscarada|88\/100 brn|[from] brn\n|upkeep\n|turn|36\n|inactive|Majner has 120 seconds left.\n|\n|t:|1699905995\n|move|p1a: Meowscarada|Knock Off|p2a: Polteageist\n|-start|p1a: Meowscarada|typechange|Dark|[from] ability: Protean\n|-supereffective|p2a: Polteageist\n|-crit|p2a: Polteageist\n|-damage|p2a: Polteageist|0 fnt\n|-enditem|p2a: Polteageist|Focus Sash|[from] move: Knock Off|[of] p1a: Meowscarada\n|faint|p2a: Polteageist\n|\n|-damage|p1a: Meowscarada|82\/100 brn|[from] brn\n|upkeep\n|inactive|Majner has 120 seconds left.\n|\n|t:|1699906006\n|switch|p2a: Frosmoth|Frosmoth, F, shiny|100\/100\n|turn|37\n|\n|t:|1699906014\n|move|p1a: Meowscarada|Knock Off|p2a: Frosmoth\n|-damage|p2a: Frosmoth|71\/100\n|-enditem|p2a: Frosmoth|Heavy-Duty Boots|[from] move: Knock Off|[of] p1a: Meowscarada\n|move|p2a: Frosmoth|Substitute|p2a: Frosmoth\n|-start|p2a: Frosmoth|Substitute\n|-damage|p2a: Frosmoth|46\/100\n|\n|-damage|p1a: Meowscarada|76\/100 brn|[from] brn\n|upkeep\n|turn|38\n|\n|t:|1699906022\n|move|p1a: Meowscarada|Knock Off|p2a: Frosmoth\n|-activate|p2a: Frosmoth|move: Substitute|[damage]\n|move|p2a: Frosmoth|Quiver Dance|p2a: Frosmoth\n|-boost|p2a: Frosmoth|spa|1\n|-boost|p2a: Frosmoth|spd|1\n|-boost|p2a: Frosmoth|spe|1\n|\n|-damage|p1a: Meowscarada|70\/100 brn|[from] brn\n|upkeep\n|turn|39\n|\n|t:|1699906031\n|switch|p1a: Glastrier|Glastrier|65\/100 brn\n|move|p2a: Frosmoth|Quiver Dance|p2a: Frosmoth\n|-boost|p2a: Frosmoth|spa|1\n|-boost|p2a: Frosmoth|spd|1\n|-boost|p2a: Frosmoth|spe|1\n|\n|-heal|p1a: Glastrier|71\/100 brn|[from] item: Leftovers\n|-damage|p1a: Glastrier|65\/100 brn|[from] brn\n|upkeep\n|turn|40\n|\n|t:|1699906043\n|move|p2a: Frosmoth|Tera Blast|p1a: Glastrier\n|-damage|p1a: Glastrier|27\/100 brn\n|move|p1a: Glastrier|Icicle Crash|p2a: Frosmoth\n|-resisted|p2a: Frosmoth\n|-end|p2a: Frosmoth|Substitute\n|\n|-heal|p1a: Glastrier|33\/100 brn|[from] item: Leftovers\n|-damage|p1a: Glastrier|27\/100 brn|[from] brn\n|upkeep\n|turn|41\n|\n|t:|1699906054\n|move|p2a: Frosmoth|Tera Blast|p1a: Glastrier\n|-crit|p1a: Glastrier\n|-damage|p1a: Glastrier|0 fnt\n|faint|p1a: Glastrier\n|\n|upkeep\n|\n|t:|1699906058\n|switch|p1a: Ribombee|Ribombee, F|100\/100\n|turn|42\n|\n|t:|1699906062\n|move|p1a: Ribombee|Bug Buzz|p2a: Frosmoth\n|-damage|p2a: Frosmoth|36\/100\n|move|p2a: Frosmoth|Substitute|p2a: Frosmoth\n|-start|p2a: Frosmoth|Substitute\n|-damage|p2a: Frosmoth|11\/100\n|\n|upkeep\n|turn|43\n|\n|t:|1699906069\n|switch|p1a: Toxapex|Toxapex, F|100\/100\n|move|p2a: Frosmoth|Quiver Dance|p2a: Frosmoth\n|-boost|p2a: Frosmoth|spa|1\n|-boost|p2a: Frosmoth|spd|1\n|-boost|p2a: Frosmoth|spe|1\n|\n|upkeep\n|turn|44\n|\n|t:|1699906076\n|move|p2a: Frosmoth|Blizzard|p1a: Toxapex\n|-resisted|p1a: Toxapex\n|-damage|p1a: Toxapex|43\/100\n|move|p1a: Toxapex|Liquidation|p2a: Frosmoth\n|-end|p2a: Frosmoth|Substitute\n|\n|-heal|p1a: Toxapex|49\/100|[from] item: Black Sludge\n|upkeep\n|turn|45\n|\n|t:|1699906084\n|move|p1a: Toxapex|Baneful Bunker|p1a: Toxapex\n|-singleturn|p1a: Toxapex|move: Protect\n|move|p2a: Frosmoth|Blizzard|p1a: Toxapex\n|-activate|p1a: Toxapex|move: Protect\n|\n|-heal|p1a: Toxapex|55\/100|[from] item: Black Sludge\n|upkeep\n|turn|46\n|\n|t:|1699906091\n|move|p2a: Frosmoth|Blizzard|p1a: Toxapex\n|-resisted|p1a: Toxapex\n|-damage|p1a: Toxapex|0 fnt\n|faint|p1a: Toxapex\n|\n|upkeep\n|\n|t:|1699906099\n|switch|p1a: Ribombee|Ribombee, F|100\/100\n|turn|47\n|\n|t:|1699906108\n|move|p2a: Frosmoth|Tera Blast|p1a: Ribombee\n|-enditem|p1a: Ribombee|Focus Sash\n|-damage|p1a: Ribombee|1\/100\n|move|p1a: Ribombee|Bug Buzz|p2a: Frosmoth\n|-damage|p2a: Frosmoth|3\/100\n|\n|upkeep\n|turn|48\n|\n|t:|1699906116\n|move|p2a: Frosmoth|Tera Blast|p1a: Ribombee\n|-damage|p1a: Ribombee|0 fnt\n|faint|p1a: Ribombee\n|\n|upkeep\n|\n|t:|1699906121\n|switch|p1a: Meowscarada|Meowscarada, M|70\/100 brn\n|turn|49\n|\n|t:|1699906125\n|move|p2a: Frosmoth|Tera Blast|p1a: Meowscarada\n|-damage|p1a: Meowscarada|0 fnt\n|faint|p1a: Meowscarada\n|\n|upkeep\n|-message|tzolnows18 forfeited.\n|\n|win|Majner\n|raw|tzolnows18's rating: 1124 &rarr; <strong>1095<\/strong><br \/>(-29 for losing)\n|raw|Majner's rating: 1063 &rarr; <strong>1099<\/strong><br \/>(+36 for winning)\n|l|\u2606tzolnows18\n","uploadtime":1699906133,"views":12,"p1id":"tzolnows18","p2id":"majner","formatid":"gen9ou","rating":1095,"private":0,"password":""}