{"id":"gen9ou-1995814764","p1":"cangica","p2":"mmeira","format":"[Gen 9] OU","log":"|j|\u2606cangica\n|j|\u2606mmeira\n|t:|1700605797\n|gametype|singles\n|player|p1|cangica|102|\n|player|p2|mmeira|n-masters3|\n|teamsize|p1|6\n|teamsize|p2|6\n|gen|9\n|tier|[Gen 9] OU\n|rule|Sleep Clause Mod: Limit one foe put to sleep\n|rule|Species Clause: Limit one of each Pok\u00e9mon\n|rule|OHKO Clause: OHKO moves are banned\n|rule|Evasion Items Clause: Evasion items are banned\n|rule|Evasion Moves Clause: Evasion moves are banned\n|rule|Endless Battle Clause: Forcing endless battles is banned\n|rule|HP Percentage Mod: HP is shown in percentages\n|clearpoke\n|poke|p1|Walking Wake|\n|poke|p1|Ninetales, F|\n|poke|p1|Pincurchin, M|\n|poke|p1|Donphan, F|\n|poke|p1|Hawlucha, F|\n|poke|p1|Raichu-Alola, M|\n|poke|p2|Zapdos|\n|poke|p2|Tyranitar, F|\n|poke|p2|Arcanine-Hisui, M|\n|poke|p2|Brambleghast, M|\n|poke|p2|Scizor, M|\n|poke|p2|Chansey, F|\n|teampreview\n|inactive|Battle timer is ON: inactive players will automatically lose when time's up. (requested by mmeira)\n|inactiveoff|Battle timer is now OFF.\n|\n|t:|1700605852\n|start\n|switch|p1a: Donphan|Donphan, F|100\/100\n|switch|p2a: Brambleghast|Brambleghast, M|100\/100\n|turn|1\n|\n|t:|1700605875\n|switch|p1a: Ninetales|Ninetales, F|100\/100\n|-weather|SunnyDay|[from] ability: Drought|[of] p1a: Ninetales\n|move|p2a: Brambleghast|Power Whip|p1a: Ninetales|[miss]\n|-miss|p2a: Brambleghast|p1a: Ninetales\n|\n|-weather|SunnyDay|[upkeep]\n|upkeep\n|turn|2\n|\n|t:|1700605891\n|switch|p1a: Donphan|Donphan, F|100\/100\n|switch|p2a: Tyranitar|Tyranitar, F|100\/100\n|-weather|Sandstorm|[from] ability: Sand Stream|[of] p2a: Tyranitar\n|\n|-weather|Sandstorm|[upkeep]\n|upkeep\n|turn|3\n|\n|t:|1700605899\n|switch|p2a: Brambleghast|Brambleghast, M|100\/100\n|move|p1a: Donphan|Stealth Rock|p2a: Brambleghast\n|-sidestart|p2: mmeira|move: Stealth Rock\n|\n|-weather|Sandstorm|[upkeep]\n|-damage|p2a: Brambleghast|95\/100|[from] Sandstorm\n|upkeep\n|turn|4\n|\n|t:|1700605916\n|move|p2a: Brambleghast|Rapid Spin|p1a: Donphan\n|-damage|p1a: Donphan|92\/100\n|-boost|p2a: Brambleghast|spe|1\n|-sideend|p2: mmeira|Stealth Rock|[from] move: Rapid Spin|[of] p2a: Brambleghast\n|move|p1a: Donphan|Ice Spinner|p2a: Brambleghast\n|-supereffective|p2a: Brambleghast\n|-damage|p2a: Brambleghast|14\/100\n|\n|-weather|Sandstorm|[upkeep]\n|-damage|p2a: Brambleghast|8\/100|[from] Sandstorm\n|-heal|p1a: Donphan|98\/100|[from] item: Leftovers\n|upkeep\n|turn|5\n|\n|t:|1700605937\n|move|p2a: Brambleghast|Power Whip|p1a: Donphan\n|-supereffective|p1a: Donphan\n|-damage|p1a: Donphan|29\/100\n|move|p1a: Donphan|Stealth Rock|p2a: Brambleghast\n|-sidestart|p2: mmeira|move: Stealth Rock\n|\n|-weather|Sandstorm|[upkeep]\n|-damage|p2a: Brambleghast|2\/100|[from] Sandstorm\n|-heal|p1a: Donphan|35\/100|[from] item: Leftovers\n|upkeep\n|turn|6\n|\n|t:|1700605950\n|move|p2a: Brambleghast|Poltergeist|p1a: Donphan|[miss]\n|-miss|p2a: Brambleghast|p1a: Donphan\n|move|p1a: Donphan|Stealth Rock||[still]\n|-fail|p1a: Donphan\n|\n|-weather|none\n|-heal|p1a: Donphan|41\/100|[from] item: Leftovers\n|upkeep\n|turn|7\n|\n|t:|1700605965\n|switch|p1a: Ninetales|Ninetales, F|100\/100\n|-weather|SunnyDay|[from] ability: Drought|[of] p1a: Ninetales\n|move|p2a: Brambleghast|Rapid Spin|p1a: Ninetales\n|-damage|p1a: Ninetales|75\/100\n|-boost|p2a: Brambleghast|spe|1\n|-sideend|p2: mmeira|Stealth Rock|[from] move: Rapid Spin|[of] p2a: Brambleghast\n|\n|-weather|SunnyDay|[upkeep]\n|upkeep\n|turn|8\n|\n|t:|1700605991\n|move|p2a: Brambleghast|Spikes|p1a: Ninetales\n|-sidestart|p1: cangica|Spikes\n|move|p1a: Ninetales|Weather Ball|p2a: Brambleghast\n|-supereffective|p2a: Brambleghast\n|-damage|p2a: Brambleghast|0 fnt\n|faint|p2a: Brambleghast\n|\n|-weather|SunnyDay|[upkeep]\n|upkeep\n|\n|t:|1700605997\n|switch|p2a: Tyranitar|Tyranitar, F|100\/100\n|-weather|Sandstorm|[from] ability: Sand Stream|[of] p2a: Tyranitar\n|turn|9\n|\n|t:|1700606012\n|switch|p1a: Pincurchin|Pincurchin, M|100\/100\n|-damage|p1a: Pincurchin|88\/100|[from] Spikes\n|move|p2a: Tyranitar|Knock Off|p1a: Pincurchin\n|-damage|p1a: Pincurchin|39\/100\n|-enditem|p1a: Pincurchin|Terrain Extender|[from] move: Knock Off|[of] p2a: Tyranitar\n|\n|-weather|Sandstorm|[upkeep]\n|-damage|p1a: Pincurchin|33\/100|[from] Sandstorm\n|upkeep\n|turn|10\n|c|\u2606cangica|mds eu sou um animal\n|\n|t:|1700606036\n|move|p2a: Tyranitar|Earthquake|p1a: Pincurchin\n|-supereffective|p1a: Pincurchin\n|-damage|p1a: Pincurchin|0 fnt\n|faint|p1a: Pincurchin\n|\n|-weather|Sandstorm|[upkeep]\n|upkeep\n|\n|t:|1700606064\n|switch|p1a: Ninetales|Ninetales, F|75\/100\n|-damage|p1a: Ninetales|63\/100|[from] Spikes\n|-weather|SunnyDay|[from] ability: Drought|[of] p1a: Ninetales\n|turn|11\n|\n|t:|1700606076\n|switch|p2a: Chansey|Chansey, F|100\/100\n|move|p1a: Ninetales|Energy Ball|p2a: Chansey\n|-damage|p2a: Chansey|94\/100\n|\n|-weather|SunnyDay|[upkeep]\n|upkeep\n|turn|12\n|\n|t:|1700606083\n|switch|p1a: Hawlucha|Hawlucha, F|100\/100\n|move|p2a: Chansey|Stealth Rock|p1a: Hawlucha\n|-sidestart|p1: cangica|move: Stealth Rock\n|\n|-weather|SunnyDay|[upkeep]\n|upkeep\n|turn|13\n|\n|t:|1700606093\n|switch|p2a: Zapdos|Zapdos|100\/100\n|move|p1a: Hawlucha|Swords Dance|p1a: Hawlucha\n|-boost|p1a: Hawlucha|atk|2\n|\n|-weather|SunnyDay|[upkeep]\n|upkeep\n|turn|14\n|\n|t:|1700606105\n|switch|p1a: Donphan|Donphan, F|41\/100\n|-damage|p1a: Donphan|29\/100|[from] Spikes\n|-damage|p1a: Donphan|23\/100|[from] Stealth Rock\n|move|p2a: Zapdos|Discharge|p1a: Donphan\n|-immune|p1a: Donphan\n|\n|-weather|SunnyDay|[upkeep]\n|-heal|p1a: Donphan|29\/100|[from] item: Leftovers\n|upkeep\n|turn|15\n|\n|t:|1700606125\n|move|p2a: Zapdos|Hurricane|p1a: Donphan|[miss]\n|-miss|p2a: Zapdos|p1a: Donphan\n|move|p1a: Donphan|Ice Spinner|p2a: Zapdos\n|-supereffective|p2a: Zapdos\n|-damage|p2a: Zapdos|53\/100\n|-status|p1a: Donphan|par|[from] ability: Static|[of] p2a: Zapdos\n|\n|-weather|SunnyDay|[upkeep]\n|-heal|p1a: Donphan|35\/100 par|[from] item: Leftovers\n|upkeep\n|turn|16\n|\n|t:|1700606137\n|move|p2a: Zapdos|Roost|p2a: Zapdos\n|-heal|p2a: Zapdos|100\/100\n|-singleturn|p2a: Zapdos|move: Roost\n|move|p1a: Donphan|Rapid Spin|p2a: Zapdos\n|-damage|p2a: Zapdos|86\/100\n|-boost|p1a: Donphan|spe|1\n|-sideend|p1: cangica|Spikes|[from] move: Rapid Spin|[of] p1a: Donphan\n|-sideend|p1: cangica|Stealth Rock|[from] move: Rapid Spin|[of] p1a: Donphan\n|\n|-weather|SunnyDay|[upkeep]\n|-heal|p1a: Donphan|41\/100 par|[from] item: Leftovers\n|upkeep\n|turn|17\n|\n|t:|1700606148\n|move|p2a: Zapdos|Hurricane|p1a: Donphan\n|-damage|p1a: Donphan|0 fnt\n|faint|p1a: Donphan\n|\n|-weather|SunnyDay|[upkeep]\n|upkeep\n|\n|t:|1700606152\n|switch|p1a: Walking Wake|Walking Wake|100\/100\n|-activate|p1a: Walking Wake|ability: Protosynthesis\n|-start|p1a: Walking Wake|protosynthesisspa\n|turn|18\n|\n|t:|1700606161\n|switch|p2a: Tyranitar|Tyranitar, F|100\/100\n|-weather|Sandstorm|[from] ability: Sand Stream|[of] p2a: Tyranitar\n|-end|p1a: Walking Wake|Protosynthesis\n|move|p1a: Walking Wake|Hydro Steam|p2a: Tyranitar\n|-supereffective|p2a: Tyranitar\n|-damage|p2a: Tyranitar|52\/100\n|\n|-weather|Sandstorm|[upkeep]\n|-damage|p1a: Walking Wake|94\/100|[from] Sandstorm\n|upkeep\n|turn|19\n|\n|t:|1700606190\n|-end|p1a: Walking Wake|Protosynthesis|[silent]\n|switch|p1a: Ninetales|Ninetales, F|63\/100\n|-weather|SunnyDay|[from] ability: Drought|[of] p1a: Ninetales\n|move|p2a: Tyranitar|Earthquake|p1a: Ninetales\n|-supereffective|p1a: Ninetales\n|-damage|p1a: Ninetales|0 fnt\n|faint|p1a: Ninetales\n|\n|-weather|SunnyDay|[upkeep]\n|upkeep\n|\n|t:|1700606199\n|switch|p1a: Walking Wake|Walking Wake|94\/100\n|-activate|p1a: Walking Wake|ability: Protosynthesis\n|-start|p1a: Walking Wake|protosynthesisspa\n|turn|20\n|\n|t:|1700606208\n|switch|p2a: Chansey|Chansey, F|94\/100\n|move|p1a: Walking Wake|Hydro Steam|p2a: Chansey\n|-damage|p2a: Chansey|60\/100\n|\n|-weather|SunnyDay|[upkeep]\n|upkeep\n|turn|21\n|\n|t:|1700606217\n|move|p1a: Walking Wake|Hydro Steam|p2a: Chansey\n|-damage|p2a: Chansey|24\/100\n|move|p2a: Chansey|Thunder Wave|p1a: Walking Wake\n|-status|p1a: Walking Wake|par\n|\n|-weather|SunnyDay|[upkeep]\n|upkeep\n|turn|22\n|\n|t:|1700606224\n|cant|p1a: Walking Wake|par\n|move|p2a: Chansey|Soft-Boiled|p2a: Chansey\n|-heal|p2a: Chansey|74\/100\n|\n|-weather|SunnyDay|[upkeep]\n|upkeep\n|turn|23\n|\n|t:|1700606230\n|-end|p1a: Walking Wake|Protosynthesis|[silent]\n|switch|p1a: Hawlucha|Hawlucha, F|100\/100\n|move|p2a: Chansey|Stealth Rock|p1a: Hawlucha\n|-sidestart|p1: cangica|move: Stealth Rock\n|\n|-weather|SunnyDay|[upkeep]\n|upkeep\n|turn|24\n|\n|t:|1700606239\n|move|p1a: Hawlucha|Close Combat|p2a: Chansey\n|-supereffective|p2a: Chansey\n|-damage|p2a: Chansey|8\/100\n|-unboost|p1a: Hawlucha|def|1\n|-unboost|p1a: Hawlucha|spd|1\n|move|p2a: Chansey|Thunder Wave|p1a: Hawlucha|[miss]\n|-miss|p2a: Chansey|p1a: Hawlucha\n|\n|-weather|SunnyDay|[upkeep]\n|upkeep\n|turn|25\n|\n|t:|1700606256\n|switch|p2a: Zapdos|Zapdos|86\/100\n|move|p1a: Hawlucha|Close Combat|p2a: Zapdos\n|-resisted|p2a: Zapdos\n|-crit|p2a: Zapdos\n|-damage|p2a: Zapdos|44\/100\n|-unboost|p1a: Hawlucha|def|1\n|-unboost|p1a: Hawlucha|spd|1\n|-status|p1a: Hawlucha|par|[from] ability: Static|[of] p2a: Zapdos\n|\n|-weather|SunnyDay|[upkeep]\n|upkeep\n|turn|26\n|\n|t:|1700606267\n|switch|p1a: Raichu|Raichu-Alola, M|100\/100\n|-damage|p1a: Raichu|88\/100|[from] Stealth Rock\n|move|p2a: Zapdos|Roost|p2a: Zapdos\n|-heal|p2a: Zapdos|94\/100\n|-singleturn|p2a: Zapdos|move: Roost\n|\n|-weather|none\n|upkeep\n|turn|27\n|\n|t:|1700606289\n|move|p1a: Raichu|Nasty Plot|p1a: Raichu\n|-boost|p1a: Raichu|spa|2\n|move|p2a: Zapdos|U-turn|p1a: Raichu\n|-supereffective|p1a: Raichu\n|-damage|p1a: Raichu|32\/100\n|\n|t:|1700606298\n|switch|p2a: Tyranitar|Tyranitar, F|52\/100|[from] U-turn\n|-weather|Sandstorm|[from] ability: Sand Stream|[of] p2a: Tyranitar\n|\n|-weather|Sandstorm|[upkeep]\n|-damage|p1a: Raichu|25\/100|[from] Sandstorm\n|upkeep\n|turn|28\n|\n|t:|1700606313\n|-terastallize|p1a: Raichu|Electric\n|-terastallize|p2a: Tyranitar|Steel\n|move|p1a: Raichu|Thunderbolt|p2a: Tyranitar\n|-damage|p2a: Tyranitar|0 fnt\n|faint|p2a: Tyranitar\n|-damage|p1a: Raichu|15\/100|[from] item: Life Orb\n|\n|-weather|Sandstorm|[upkeep]\n|-damage|p1a: Raichu|9\/100|[from] Sandstorm\n|upkeep\n|\n|t:|1700606322\n|switch|p2a: Scizor|Scizor, M|100\/100\n|turn|29\n|\n|t:|1700606329\n|move|p2a: Scizor|Bullet Punch|p1a: Raichu\n|-resisted|p1a: Raichu\n|-damage|p1a: Raichu|0 fnt\n|faint|p1a: Raichu\n|-damage|p2a: Scizor|91\/100|[from] item: Life Orb\n|\n|-weather|Sandstorm|[upkeep]\n|upkeep\n|\n|t:|1700606341\n|switch|p1a: Walking Wake|Walking Wake|94\/100 par\n|-damage|p1a: Walking Wake|82\/100 par|[from] Stealth Rock\n|turn|30\n|\n|t:|1700606355\n|cant|p1a: Walking Wake|par\n|move|p2a: Scizor|Knock Off|p1a: Walking Wake\n|-damage|p1a: Walking Wake|25\/100 par\n|-enditem|p1a: Walking Wake|Choice Specs|[from] move: Knock Off|[of] p2a: Scizor\n|-damage|p2a: Scizor|81\/100|[from] item: Life Orb\n|\n|-weather|Sandstorm|[upkeep]\n|-damage|p1a: Walking Wake|18\/100 par|[from] Sandstorm\n|upkeep\n|turn|31\n|\n|t:|1700606363\n|move|p1a: Walking Wake|Hydro Steam|p2a: Scizor\n|-damage|p2a: Scizor|36\/100\n|move|p2a: Scizor|U-turn|p1a: Walking Wake\n|-damage|p1a: Walking Wake|0 fnt\n|faint|p1a: Walking Wake\n|-end|p1a: Walking Wake|Protosynthesis|[silent]\n|-damage|p2a: Scizor|26\/100|[from] item: Life Orb\n|\n|t:|1700606370\n|switch|p2a: Zapdos|Zapdos|94\/100|[from] U-turn\n|\n|-weather|none\n|upkeep\n|\n|t:|1700606374\n|switch|p1a: Hawlucha|Hawlucha, F|100\/100 par\n|-damage|p1a: Hawlucha|88\/100 par|[from] Stealth Rock\n|turn|32\n|\n|t:|1700606383\n|move|p2a: Zapdos|Discharge|p1a: Hawlucha\n|-supereffective|p1a: Hawlucha\n|-damage|p1a: Hawlucha|0 fnt\n|faint|p1a: Hawlucha\n|\n|win|mmeira\n|c|\u2606cangica|gg\n","uploadtime":1700606394,"views":19,"p1id":"cangica","p2id":"mmeira","formatid":"gen9ou","rating":0,"private":0,"password":""}