{"id":"gen9ou-2000608313","p1":"Jazz Ghost 0102","p2":"BugCatcherN8R1X","format":"[Gen 9] OU","log":"|j|\u2606Jazz Ghost 0102\n|j|\u2606BugCatcherN8R1X\n|t:|1701210065\n|gametype|singles\n|player|p1|Jazz Ghost 0102|101|1050\n|player|p2|BugCatcherN8R1X|bugcatcher-gen4dp|1134\n|teamsize|p1|6\n|teamsize|p2|6\n|gen|9\n|tier|[Gen 9] OU\n|rated|\n|rule|Sleep Clause Mod: Limit one foe put to sleep\n|rule|Species Clause: Limit one of each Pok\u00e9mon\n|rule|OHKO Clause: OHKO moves are banned\n|rule|Evasion Items Clause: Evasion items are banned\n|rule|Evasion Moves Clause: Evasion moves are banned\n|rule|Endless Battle Clause: Forcing endless battles is banned\n|rule|HP Percentage Mod: HP is shown in percentages\n|clearpoke\n|poke|p1|Zamazenta-*|\n|poke|p1|Garganacl, F|\n|poke|p1|Garchomp, F|\n|poke|p1|Heatran, F|\n|poke|p1|Toxapex, M|\n|poke|p1|Landorus-Therian, M|\n|poke|p2|Kleavor, M|\n|poke|p2|Lokix, M|\n|poke|p2|Yanmega, M|\n|poke|p2|Slither Wing|\n|poke|p2|Scizor, M|\n|poke|p2|Frosmoth, M|\n|teampreview\n|inactive|Battle timer is ON: inactive players will automatically lose when time's up. (requested by BugCatcherN8R1X)\n|\n|t:|1701210074\n|start\n|switch|p1a: Garchomp|Garchomp, F, shiny|100\/100\n|switch|p2a: Hachiman|Kleavor, M|100\/100\n|turn|1\n|\n|t:|1701210086\n|move|p2a: Hachiman|Stone Axe|p1a: Garchomp\n|-resisted|p1a: Garchomp\n|-damage|p1a: Garchomp|71\/100\n|-damage|p2a: Hachiman|88\/100|[from] ability: Rough Skin|[of] p1a: Garchomp\n|-sidestart|p1: Jazz Ghost 0102|move: Stealth Rock\n|move|p1a: Garchomp|Earthquake|p2a: Hachiman\n|-damage|p2a: Hachiman|26\/100\n|\n|-heal|p1a: Garchomp|77\/100|[from] item: Leftovers\n|upkeep\n|turn|2\n|\n|t:|1701210096\n|switch|p2a: Nidhogg|Yanmega, M|100\/100\n|move|p1a: Garchomp|Stealth Rock|p2a: Nidhogg\n|-sidestart|p2: BugCatcherN8R1X|move: Stealth Rock\n|\n|-heal|p1a: Garchomp|83\/100|[from] item: Leftovers\n|upkeep\n|turn|3\n|l|\u2606Jazz Ghost 0102\n|inactive|Jazz Ghost 0102 disconnected and has a minute to reconnect!\n|player|p1|\n|j|\u2606Jazz Ghost 0102\n|inactive|Jazz Ghost 0102 reconnected and has 130 seconds left.\n|player|p1|Jazz Ghost 0102|101\n|\n|t:|1701210126\n|move|p2a: Nidhogg|Bug Buzz|p1a: Garchomp\n|-damage|p1a: Garchomp|31\/100\n|-enditem|p2a: Nidhogg|Throat Spray\n|-boost|p2a: Nidhogg|spa|1|[from] item: Throat Spray\n|move|p1a: Garchomp|Dragon Tail|p2a: Nidhogg\n|-damage|p2a: Nidhogg|58\/100\n|drag|p2a: Hachiman|Kleavor, M|26\/100\n|-damage|p2a: Hachiman|1\/100|[from] Stealth Rock\n|\n|-heal|p1a: Garchomp|37\/100|[from] item: Leftovers\n|upkeep\n|turn|4\n|inactive|Jazz Ghost 0102 has 120 seconds left.\n|\n|t:|1701210141\n|move|p2a: Hachiman|Stone Axe|p1a: Garchomp\n|-resisted|p1a: Garchomp\n|-damage|p1a: Garchomp|10\/100\n|-damage|p2a: Hachiman|0 fnt|[from] ability: Rough Skin|[of] p1a: Garchomp\n|faint|p2a: Hachiman\n|move|p1a: Garchomp|Swords Dance|p1a: Garchomp\n|-boost|p1a: Garchomp|atk|2\n|\n|-heal|p1a: Garchomp|16\/100|[from] item: Leftovers\n|upkeep\n|\n|t:|1701210154\n|switch|p2a: Ares|Scizor, M|100\/100\n|-damage|p2a: Ares|88\/100|[from] Stealth Rock\n|turn|5\n|\n|t:|1701210161\n|move|p2a: Ares|Bullet Punch|p1a: Garchomp\n|-damage|p1a: Garchomp|0 fnt\n|-damage|p2a: Ares|76\/100|[from] ability: Rough Skin|[of] p1a: Garchomp\n|faint|p1a: Garchomp\n|-heal|p2a: Ares|78\/100|[from] item: Shell Bell|[of] p1: Garchomp\n|\n|upkeep\n|\n|t:|1701210173\n|switch|p1a: Heatran|Heatran, F, shiny|100\/100\n|-damage|p1a: Heatran|88\/100|[from] Stealth Rock\n|turn|6\n|\n|t:|1701210183\n|-terastallize|p2a: Ares|Water\n|move|p1a: Heatran|Magma Storm|p2a: Ares\n|-resisted|p2a: Ares\n|-damage|p2a: Ares|45\/100\n|-activate|p2a: Ares|move: Magma Storm|[of] p1a: Heatran\n|move|p2a: Ares|Swords Dance|p2a: Ares\n|-boost|p2a: Ares|atk|2\n|\n|-heal|p1a: Heatran|94\/100|[from] item: Leftovers\n|-damage|p2a: Ares|33\/100|[from] move: Magma Storm|[partiallytrapped]\n|upkeep\n|turn|7\n|inactive|Jazz Ghost 0102 has 120 seconds left.\n|\n|t:|1701210211\n|switch|p1a: Landorus|Landorus-Therian, M, shiny|100\/100\n|-damage|p1a: Landorus|88\/100|[from] Stealth Rock\n|-ability|p1a: Landorus|Intimidate|boost\n|-unboost|p2a: Ares|atk|1\n|move|p2a: Ares|Knock Off|p1a: Landorus\n|-damage|p1a: Landorus|18\/100\n|-enditem|p1a: Landorus|Choice Scarf|[from] move: Knock Off|[of] p2a: Ares\n|-heal|p2a: Ares|41\/100|[from] item: Shell Bell|[of] p1a: Landorus\n|\n|-end|p2a: Ares|Magma Storm|[partiallytrapped]|[silent]\n|upkeep\n|turn|8\n|l|\u2606Jazz Ghost 0102\n|inactive|Jazz Ghost 0102 disconnected and has a minute to reconnect!\n|player|p1|\n|j|\u2606Jazz Ghost 0102\n|inactive|Jazz Ghost 0102 reconnected and has 110 seconds left.\n|player|p1|Jazz Ghost 0102|101\n|\n|t:|1701210228\n|-terastallize|p1a: Landorus|Grass\n|move|p2a: Ares|Bullet Punch|p1a: Landorus\n|-damage|p1a: Landorus|0 fnt\n|faint|p1a: Landorus\n|-heal|p2a: Ares|43\/100|[from] item: Shell Bell|[of] p1: Landorus\n|\n|upkeep\n|\n|t:|1701210240\n|switch|p1a: Toxapex|Toxapex, M, shiny|100\/100\n|-damage|p1a: Toxapex|88\/100|[from] Stealth Rock\n|turn|9\n|\n|t:|1701210246\n|move|p1a: Toxapex|Baneful Bunker|p1a: Toxapex\n|-singleturn|p1a: Toxapex|move: Protect\n|move|p2a: Ares|Swords Dance|p2a: Ares\n|-boost|p2a: Ares|atk|2\n|\n|-heal|p1a: Toxapex|94\/100|[from] item: Leftovers\n|upkeep\n|turn|10\n|\n|t:|1701210256\n|move|p1a: Toxapex|Baneful Bunker||[still]\n|-fail|p1a: Toxapex\n|move|p2a: Ares|Knock Off|p1a: Toxapex\n|-damage|p1a: Toxapex|34\/100\n|-enditem|p1a: Toxapex|Leftovers|[from] move: Knock Off|[of] p2a: Ares\n|-heal|p2a: Ares|49\/100|[from] item: Shell Bell|[of] p1a: Toxapex\n|\n|upkeep\n|turn|11\n|\n|t:|1701210265\n|move|p1a: Toxapex|Baneful Bunker|p1a: Toxapex\n|-singleturn|p1a: Toxapex|move: Protect\n|move|p2a: Ares|Swords Dance|p2a: Ares\n|-boost|p2a: Ares|atk|2\n|\n|upkeep\n|turn|12\n|inactive|Jazz Ghost 0102 has 120 seconds left.\n|\n|t:|1701210271\n|move|p1a: Toxapex|Baneful Bunker|p1a: Toxapex\n|-singleturn|p1a: Toxapex|move: Protect\n|move|p2a: Ares|Trailblaze|p1a: Toxapex\n|-activate|p1a: Toxapex|move: Protect\n|-status|p2a: Ares|psn\n|\n|-damage|p2a: Ares|37\/100 psn|[from] psn\n|upkeep\n|turn|13\n|\n|t:|1701210281\n|move|p2a: Ares|Trailblaze|p1a: Toxapex\n|-damage|p1a: Toxapex|0 fnt\n|-boost|p2a: Ares|spe|1\n|faint|p1a: Toxapex\n|-heal|p2a: Ares|40\/100 psn|[from] item: Shell Bell|[of] p1: Toxapex\n|\n|-damage|p2a: Ares|28\/100 psn|[from] psn\n|upkeep\n|inactive|Jazz Ghost 0102 has 120 seconds left.\n|\n|t:|1701210295\n|switch|p1a: Zamazenta|Zamazenta, shiny|100\/100\n|-damage|p1a: Zamazenta|94\/100|[from] Stealth Rock\n|-ability|p1a: Zamazenta|Dauntless Shield|boost\n|-boost|p1a: Zamazenta|def|1\n|turn|14\n|inactive|Jazz Ghost 0102 has 120 seconds left.\n|\n|t:|1701210308\n|move|p1a: Zamazenta|Quick Attack|p2a: Ares\n|-damage|p2a: Ares|14\/100 psn\n|move|p2a: Ares|Bullet Punch|p1a: Zamazenta\n|-damage|p1a: Zamazenta|14\/100\n|-heal|p2a: Ares|23\/100 psn|[from] item: Shell Bell|[of] p1a: Zamazenta\n|\n|-damage|p2a: Ares|11\/100 psn|[from] psn\n|upkeep\n|turn|15\n|\n|t:|1701210317\n|move|p1a: Zamazenta|Quick Attack|p2a: Ares\n|-damage|p2a: Ares|0 fnt\n|faint|p2a: Ares\n|\n|upkeep\n|-message|Jazz Ghost 0102 forfeited.\n|\n|win|BugCatcherN8R1X\n|raw|Jazz Ghost 0102's rating: 1050 &rarr; <strong>1037<\/strong><br \/>(-13 for losing)\n|raw|BugCatcherN8R1X's rating: 1134 &rarr; <strong>1153<\/strong><br \/>(+19 for winning)\n|l|\u2606Jazz Ghost 0102\n","uploadtime":1701210333,"views":0,"p1id":"jazzghost0102","p2id":"bugcatchern8r1x","formatid":"gen9ou","rating":1037,"private":0,"password":""}