{"id":"gen9ou-1994752254","p1":"tua94892","p2":"sleepcooling","format":"[Gen 9] OU","log":"|j|\u2606tua94892\n|j|\u2606sleepcooling\n|t:|1700489177\n|gametype|singles\n|player|p1|tua94892|266|1462\n|player|p2|sleepcooling|bianca|1566\n|teamsize|p1|6\n|teamsize|p2|6\n|gen|9\n|tier|[Gen 9] OU\n|rated|\n|rule|Sleep Clause Mod: Limit one foe put to sleep\n|rule|Species Clause: Limit one of each Pok\u00e9mon\n|rule|OHKO Clause: OHKO moves are banned\n|rule|Evasion Items Clause: Evasion items are banned\n|rule|Evasion Moves Clause: Evasion moves are banned\n|rule|Endless Battle Clause: Forcing endless battles is banned\n|rule|HP Percentage Mod: HP is shown in percentages\n|clearpoke\n|poke|p1|Rillaboom, M|\n|poke|p1|Salamence, F|\n|poke|p1|Ursaluna, M|\n|poke|p1|Samurott-Hisui, M|\n|poke|p1|Gholdengo|\n|poke|p1|Noivern, M|\n|poke|p2|Weavile, F|\n|poke|p2|Hawlucha, M|\n|poke|p2|Great Tusk|\n|poke|p2|Rillaboom, F|\n|poke|p2|Ogerpon-Cornerstone, F|\n|poke|p2|Thundurus-Therian, M|\n|teampreview\n|inactive|Battle timer is ON: inactive players will automatically lose when time's up. (requested by tua94892)\n|\n|t:|1700489191\n|start\n|switch|p1a: Samurott|Samurott-Hisui, M|100\/100\n|switch|p2a: \u4e91\u4eba|Thundurus-Therian, M|100\/100\n|turn|1\n|\n|t:|1700489202\n|move|p2a: \u4e91\u4eba|Volt Switch|p1a: Samurott\n|-supereffective|p1a: Samurott\n|-enditem|p1a: Samurott|Focus Sash\n|-damage|p1a: Samurott|1\/100\n|\n|t:|1700489209\n|switch|p2a: \u5de5\u5177\u4eba|Great Tusk|100\/100|[from] Volt Switch\n|move|p1a: Samurott|Ceaseless Edge|p2a: \u5de5\u5177\u4eba\n|-resisted|p2a: \u5de5\u5177\u4eba\n|-damage|p2a: \u5de5\u5177\u4eba|83\/100\n|-sidestart|p2: sleepcooling|Spikes\n|\n|upkeep\n|turn|2\n|\n|t:|1700489218\n|switch|p1a: Gholdengo|Gholdengo|100\/100\n|move|p2a: \u5de5\u5177\u4eba|Stealth Rock|p1a: Gholdengo\n|-sidestart|p1: tua94892|move: Stealth Rock\n|\n|upkeep\n|turn|3\n|inactive|tua94892 has 120 seconds left.\n|\n|t:|1700489256\n|move|p2a: \u5de5\u5177\u4eba|Rapid Spin|p1a: Gholdengo\n|-immune|p1a: Gholdengo\n|move|p1a: Gholdengo|Make It Rain|p2a: \u5de5\u5177\u4eba\n|-damage|p2a: \u5de5\u5177\u4eba|0 fnt\n|-unboost|p1a: Gholdengo|spa|1\n|faint|p2a: \u5de5\u5177\u4eba\n|-end|p2a: \u5de5\u5177\u4eba|Protosynthesis|[silent]\n|\n|upkeep\n|\n|t:|1700489269\n|switch|p2a: \u5361\u749e\u7329\u7329|Rillaboom, F|100\/100\n|-damage|p2a: \u5361\u749e\u7329\u7329|88\/100|[from] Spikes\n|-fieldstart|move: Grassy Terrain|[from] ability: Grassy Surge|[of] p2a: \u5361\u749e\u7329\u7329\n|turn|4\n|\n|t:|1700489275\n|switch|p1a: Salamence|Salamence, F|100\/100\n|-damage|p1a: Salamence|76\/100|[from] Stealth Rock\n|-ability|p1a: Salamence|Intimidate|boost\n|-unboost|p2a: \u5361\u749e\u7329\u7329|atk|1\n|move|p2a: \u5361\u749e\u7329\u7329|Knock Off|p1a: Salamence\n|-damage|p1a: Salamence|59\/100\n|-damage|p2a: \u5361\u749e\u7329\u7329|72\/100|[from] item: Rocky Helmet|[of] p1a: Salamence\n|-enditem|p1a: Salamence|Rocky Helmet|[from] move: Knock Off|[of] p2a: \u5361\u749e\u7329\u7329\n|\n|-heal|p2a: \u5361\u749e\u7329\u7329|78\/100|[from] Grassy Terrain\n|upkeep\n|turn|5\n|\n|t:|1700489287\n|move|p2a: \u5361\u749e\u7329\u7329|U-turn|p1a: Salamence\n|-resisted|p1a: Salamence\n|-damage|p1a: Salamence|53\/100\n|\n|t:|1700489294\n|switch|p2a: \u4e91\u4eba|Thundurus-Therian, M|100\/100|[from] U-turn\n|move|p1a: Salamence|Dragon Tail|p2a: \u4e91\u4eba\n|-damage|p2a: \u4e91\u4eba|57\/100\n|drag|p2a: \u53ef\u7231\u634f|Ogerpon-Cornerstone, F|100\/100\n|-damage|p2a: \u53ef\u7231\u634f|88\/100|[from] Spikes\n|\n|-heal|p2a: \u53ef\u7231\u634f|94\/100|[from] Grassy Terrain\n|upkeep\n|turn|6\n|\n|t:|1700489305\n|switch|p1a: Samurott|Samurott-Hisui, M|1\/100\n|-damage|p1a: Samurott|0 fnt|[from] Stealth Rock\n|faint|p1a: Samurott\n|move|p2a: \u53ef\u7231\u634f|Ivy Cudgel|p1: Samurott|[notarget]\n|-fail|p2a: \u53ef\u7231\u634f\n|\n|-heal|p2a: \u53ef\u7231\u634f|99\/100|[from] Grassy Terrain\n|upkeep\n|\n|t:|1700489317\n|switch|p1a: Gholdengo|Gholdengo|100\/100\n|-damage|p1a: Gholdengo|94\/100|[from] Stealth Rock\n|turn|7\n|\n|t:|1700489322\n|move|p2a: \u53ef\u7231\u634f|Knock Off|p1a: Gholdengo\n|-supereffective|p1a: Gholdengo\n|-damage|p1a: Gholdengo|29\/100\n|-enditem|p1a: Gholdengo|Leftovers|[from] move: Knock Off|[of] p2a: \u53ef\u7231\u634f\n|move|p1a: Gholdengo|Make It Rain|p2a: \u53ef\u7231\u634f\n|-supereffective|p2a: \u53ef\u7231\u634f\n|-damage|p2a: \u53ef\u7231\u634f|0 fnt\n|-unboost|p1a: Gholdengo|spa|1\n|faint|p2a: \u53ef\u7231\u634f\n|\n|-heal|p1a: Gholdengo|35\/100|[from] Grassy Terrain\n|upkeep\n|\n|t:|1700489331\n|switch|p2a: \u9e1f\u4eba|Hawlucha, M|100\/100\n|-enditem|p2a: \u9e1f\u4eba|Grassy Seed\n|-boost|p2a: \u9e1f\u4eba|def|1|[from] item: Grassy Seed\n|turn|8\n|\n|t:|1700489338\n|move|p2a: \u9e1f\u4eba|Swords Dance|p2a: \u9e1f\u4eba\n|-boost|p2a: \u9e1f\u4eba|atk|2\n|move|p1a: Gholdengo|Psyshock|p2a: \u9e1f\u4eba\n|-supereffective|p2a: \u9e1f\u4eba\n|-damage|p2a: \u9e1f\u4eba|69\/100\n|\n|-heal|p1a: Gholdengo|41\/100|[from] Grassy Terrain\n|-fieldend|move: Grassy Terrain\n|upkeep\n|turn|9\n|\n|t:|1700489350\n|move|p2a: \u9e1f\u4eba|Acrobatics|p1a: Gholdengo\n|-resisted|p1a: Gholdengo\n|-damage|p1a: Gholdengo|0 fnt\n|faint|p1a: Gholdengo\n|\n|upkeep\n|\n|t:|1700489365\n|switch|p1a: Salamence|Salamence, F|53\/100\n|-damage|p1a: Salamence|28\/100|[from] Stealth Rock\n|-ability|p1a: Salamence|Intimidate|boost\n|-unboost|p2a: \u9e1f\u4eba|atk|1\n|turn|10\n|\n|t:|1700489385\n|move|p2a: \u9e1f\u4eba|Acrobatics|p1a: Salamence\n|-damage|p1a: Salamence|0 fnt\n|faint|p1a: Salamence\n|\n|upkeep\n|inactive|tua94892 has 120 seconds left.\n|\n|t:|1700489397\n|switch|p1a: Ursaluna|Ursaluna, M|100\/100\n|-damage|p1a: Ursaluna|94\/100|[from] Stealth Rock\n|turn|11\n|\n|t:|1700489406\n|-terastallize|p2a: \u9e1f\u4eba|Dark\n|-terastallize|p1a: Ursaluna|Ghost\n|move|p2a: \u9e1f\u4eba|Tera Blast|p1a: Ursaluna|[anim] Tera Blast Dark\n|-supereffective|p1a: Ursaluna\n|-damage|p1a: Ursaluna|21\/100\n|move|p1a: Ursaluna|Bulk Up|p1a: Ursaluna\n|-boost|p1a: Ursaluna|atk|1\n|-boost|p1a: Ursaluna|def|1\n|\n|-heal|p1a: Ursaluna|28\/100|[from] item: Leftovers\n|upkeep\n|turn|12\n|inactive|tua94892 has 120 seconds left.\n|c|\u2606sleepcooling|get\n|-message|tua94892 forfeited.\n|\n|win|sleepcooling\n|raw|tua94892's rating: 1462 &rarr; <strong>1448<\/strong><br \/>(-14 for losing)\n|raw|sleepcooling's rating: 1566 &rarr; <strong>1580<\/strong><br \/>(+14 for winning)\n|l|\u2606tua94892\n|l|\u2606sleepcooling\n|j|\u2606sleepcooling\n|player|p2|sleepcooling|bianca\n","uploadtime":1700489970,"views":5,"p1id":"tua94892","p2id":"sleepcooling","formatid":"gen9ou","rating":1448,"private":0,"password":""}