{"id":"gen9ou-1996490596","p1":"Shanubiki","p2":"mathismathin","format":"[Gen 9] OU","log":"|j|\u2606Shanubiki\n|j|\u2606mathismathin\n|t:|1700687108\n|gametype|singles\n|player|p1|Shanubiki|aaron|1624\n|player|p2|mathismathin|nate|1609\n|teamsize|p1|6\n|teamsize|p2|6\n|gen|9\n|tier|[Gen 9] OU\n|rated|\n|rule|Sleep Clause Mod: Limit one foe put to sleep\n|rule|Species Clause: Limit one of each Pok\u00e9mon\n|rule|OHKO Clause: OHKO moves are banned\n|rule|Evasion Items Clause: Evasion items are banned\n|rule|Evasion Moves Clause: Evasion moves are banned\n|rule|Endless Battle Clause: Forcing endless battles is banned\n|rule|HP Percentage Mod: HP is shown in percentages\n|clearpoke\n|poke|p1|Glimmora, F|\n|poke|p1|Cinderace, M|\n|poke|p1|Ogerpon-Wellspring, F|\n|poke|p1|Gholdengo|\n|poke|p1|Kingambit, F|\n|poke|p1|Iron Valiant|\n|poke|p2|Hatterene, F|\n|poke|p2|Pelipper, F|\n|poke|p2|Iron Hands|\n|poke|p2|Mimikyu, F|\n|poke|p2|Bronzong|\n|poke|p2|Kingambit, F|\n|teampreview\n|\n|t:|1700687124\n|start\n|switch|p1a: Ez|Glimmora, F|100\/100\n|switch|p2a: Bronzong|Bronzong|100\/100\n|turn|1\n|\n|t:|1700687129\n|switch|p1a: Cinderace|Cinderace, M|100\/100\n|move|p2a: Bronzong|Psychic|p1a: Cinderace\n|-crit|p1a: Cinderace\n|-damage|p1a: Cinderace|56\/100\n|\n|upkeep\n|turn|2\n|inactive|Battle timer is ON: inactive players will automatically lose when time's up. (requested by Shanubiki)\n|\n|t:|1700687137\n|switch|p2a: Pelipper|Pelipper, F|100\/100\n|-weather|RainDance|[from] ability: Drizzle|[of] p2a: Pelipper\n|move|p1a: Cinderace|Will-O-Wisp|p2a: Pelipper\n|-status|p2a: Pelipper|brn\n|\n|-weather|RainDance|[upkeep]\n|-damage|p2a: Pelipper|94\/100 brn|[from] brn\n|upkeep\n|turn|3\n|\n|t:|1700687141\n|move|p1a: Cinderace|U-turn|p2a: Pelipper\n|-resisted|p2a: Pelipper\n|-damage|p2a: Pelipper|84\/100 brn\n|\n|t:|1700687143\n|switch|p1a: Ez|Glimmora, F|100\/100|[from] U-turn\n|move|p2a: Pelipper|Hurricane|p1a: Ez\n|-resisted|p1a: Ez\n|-damage|p1a: Ez|54\/100\n|-start|p1a: Ez|confusion\n|\n|-weather|RainDance|[upkeep]\n|-damage|p2a: Pelipper|78\/100 brn|[from] brn\n|upkeep\n|turn|4\n|\n|t:|1700687147\n|switch|p2a: Bronzong|Bronzong|100\/100\n|-activate|p1a: Ez|confusion\n|-damage|p1a: Ez|47\/100|[from] confusion\n|\n|-weather|RainDance|[upkeep]\n|upkeep\n|turn|5\n|\n|t:|1700687154\n|switch|p1a: Gholdengo|Gholdengo|100\/100\n|-item|p1a: Gholdengo|Air Balloon\n|move|p2a: Bronzong|Trick Room|p2a: Bronzong\n|-fieldstart|move: Trick Room|[of] p2a: Bronzong\n|\n|-weather|RainDance|[upkeep]\n|upkeep\n|turn|6\n|\n|t:|1700687168\n|move|p2a: Bronzong|Stealth Rock|p1a: Gholdengo\n|-sidestart|p1: Shanubiki|move: Stealth Rock\n|move|p1a: Gholdengo|Shadow Ball|p2a: Bronzong\n|-supereffective|p2a: Bronzong\n|-damage|p2a: Bronzong|40\/100\n|-unboost|p2a: Bronzong|spd|1\n|\n|-weather|none\n|upkeep\n|turn|7\n|\n|t:|1700687171\n|move|p2a: Bronzong|Steel Beam|p1a: Gholdengo|[miss]\n|-miss|p2a: Bronzong|p1a: Gholdengo\n|-damage|p2a: Bronzong|0 fnt|[from] steelbeam\n|faint|p2a: Bronzong\n|move|p1a: Gholdengo|Shadow Ball|p2: Bronzong|[notarget]\n|-fail|p1a: Gholdengo\n|\n|upkeep\n|j| SpiderKing3261\n|\n|t:|1700687179\n|switch|p2a: Iron Hands|Iron Hands|100\/100\n|-enditem|p2a: Iron Hands|Booster Energy\n|-activate|p2a: Iron Hands|ability: Quark Drive|[fromitem]\n|-start|p2a: Iron Hands|quarkdriveatk\n|turn|8\n|l| SpiderKing3261\n|\n|t:|1700687183\n|switch|p1a: Ez|Glimmora, F|47\/100\n|-damage|p1a: Ez|35\/100|[from] Stealth Rock\n|move|p2a: Iron Hands|Swords Dance|p2a: Iron Hands\n|-boost|p2a: Iron Hands|atk|2\n|\n|upkeep\n|turn|9\n|\n|t:|1700687185\n|move|p2a: Iron Hands|Ice Punch|p1a: Ez\n|-damage|p1a: Ez|0 fnt\n|-activate|p1a: Ez|ability: Toxic Debris\n|-sidestart|p2: mathismathin|move: Toxic Spikes\n|faint|p1a: Ez\n|\n|-fieldend|move: Trick Room\n|upkeep\n|\n|t:|1700687189\n|switch|p1a: Cinderace|Cinderace, M|56\/100\n|turn|10\n|\n|t:|1700687197\n|move|p1a: Cinderace|Will-O-Wisp|p2a: Iron Hands\n|-status|p2a: Iron Hands|brn\n|move|p2a: Iron Hands|Wild Charge|p1a: Cinderace\n|-damage|p1a: Cinderace|0 fnt\n|faint|p1a: Cinderace\n|-damage|p2a: Iron Hands|89\/100 brn|[from] Recoil\n|\n|-damage|p2a: Iron Hands|83\/100 brn|[from] brn\n|upkeep\n|\n|t:|1700687208\n|switch|p1a: Iron Valiant|Iron Valiant|100\/100\n|-damage|p1a: Iron Valiant|94\/100|[from] Stealth Rock\n|-enditem|p1a: Iron Valiant|Booster Energy\n|-activate|p1a: Iron Valiant|ability: Quark Drive|[fromitem]\n|-start|p1a: Iron Valiant|quarkdrivespe\n|turn|11\n|\n|t:|1700687214\n|-end|p2a: Iron Hands|Quark Drive|[silent]\n|switch|p2a: Mimikyu|Mimikyu, F|100\/100\n|-status|p2a: Mimikyu|psn\n|move|p1a: Iron Valiant|Moonblast|p2a: Mimikyu\n|-activate|p2a: Mimikyu|ability: Disguise\n|-damage|p2a: Mimikyu|100\/100 psn\n|detailschange|p2a: Mimikyu|Mimikyu-Busted, F\n|-damage|p2a: Mimikyu|88\/100 psn|[from] pokemon: Mimikyu-Busted\n|\n|-damage|p2a: Mimikyu|76\/100 psn|[from] psn\n|upkeep\n|turn|12\n|\n|t:|1700687218\n|move|p1a: Iron Valiant|Moonblast|p2a: Mimikyu\n|-damage|p2a: Mimikyu|26\/100 psn\n|move|p2a: Mimikyu|Trick Room|p2a: Mimikyu\n|-fieldstart|move: Trick Room|[of] p2a: Mimikyu\n|\n|-damage|p2a: Mimikyu|13\/100 psn|[from] psn\n|upkeep\n|turn|13\n|\n|t:|1700687222\n|move|p2a: Mimikyu|Play Rough|p1a: Iron Valiant\n|-supereffective|p1a: Iron Valiant\n|-damage|p1a: Iron Valiant|0 fnt\n|faint|p1a: Iron Valiant\n|-end|p1a: Iron Valiant|Quark Drive|[silent]\n|-damage|p2a: Mimikyu|3\/100 psn|[from] item: Life Orb\n|\n|-damage|p2a: Mimikyu|0 fnt|[from] psn\n|faint|p2a: Mimikyu\n|upkeep\n|j| dfghhhg\n|\n|t:|1700687231\n|switch|p2a: Pelipper|Pelipper, F|78\/100 brn\n|switch|p1a: Gholdengo|Gholdengo|100\/100\n|-weather|RainDance|[from] ability: Drizzle|[of] p2a: Pelipper\n|-damage|p1a: Gholdengo|94\/100|[from] Stealth Rock\n|-item|p1a: Gholdengo|Air Balloon\n|turn|14\n|\n|t:|1700687235\n|move|p2a: Pelipper|Hurricane|p1a: Gholdengo\n|-resisted|p1a: Gholdengo\n|-damage|p1a: Gholdengo|48\/100\n|-enditem|p1a: Gholdengo|Air Balloon\n|move|p1a: Gholdengo|Shadow Ball|p2a: Pelipper\n|-damage|p2a: Pelipper|23\/100 brn\n|\n|-weather|RainDance|[upkeep]\n|-damage|p2a: Pelipper|17\/100 brn|[from] brn\n|upkeep\n|turn|15\n|\n|t:|1700687238\n|move|p2a: Pelipper|Hurricane|p1a: Gholdengo\n|-resisted|p1a: Gholdengo\n|-damage|p1a: Gholdengo|0 fnt\n|faint|p1a: Gholdengo\n|\n|-weather|RainDance|[upkeep]\n|-damage|p2a: Pelipper|11\/100 brn|[from] brn\n|upkeep\n|\n|t:|1700687241\n|switch|p1a: Kingambit|Kingambit, F|100\/100\n|-damage|p1a: Kingambit|94\/100|[from] Stealth Rock\n|-activate|p1a: Kingambit|ability: Supreme Overlord\n|-start|p1a: Kingambit|fallen4|[silent]\n|turn|16\n|\n|t:|1700687246\n|move|p2a: Pelipper|Hurricane|p1a: Kingambit\n|-resisted|p1a: Kingambit\n|-damage|p1a: Kingambit|56\/100\n|move|p1a: Kingambit|Swords Dance|p1a: Kingambit\n|-boost|p1a: Kingambit|atk|2\n|\n|-weather|RainDance|[upkeep]\n|-heal|p1a: Kingambit|62\/100|[from] item: Leftovers\n|-damage|p2a: Pelipper|5\/100 brn|[from] brn\n|-fieldend|move: Trick Room\n|upkeep\n|turn|17\n|\n|t:|1700687251\n|move|p1a: Kingambit|Kowtow Cleave|p2a: Pelipper\n|-crit|p2a: Pelipper\n|-damage|p2a: Pelipper|0 fnt\n|faint|p2a: Pelipper\n|\n|-weather|RainDance|[upkeep]\n|-heal|p1a: Kingambit|68\/100|[from] item: Leftovers\n|upkeep\n|\n|t:|1700687253\n|switch|p2a: Hatterene|Hatterene, F|100\/100\n|-status|p2a: Hatterene|psn\n|turn|18\n|\n|t:|1700687256\n|move|p1a: Kingambit|Kowtow Cleave|p2a: Hatterene\n|-enditem|p2a: Hatterene|Focus Sash\n|-damage|p2a: Hatterene|1\/100 psn\n|move|p2a: Hatterene|Trick Room|p2a: Hatterene\n|-fieldstart|move: Trick Room|[of] p2a: Hatterene\n|\n|-weather|none\n|-heal|p1a: Kingambit|74\/100|[from] item: Leftovers\n|-damage|p2a: Hatterene|0 fnt|[from] psn\n|faint|p2a: Hatterene\n|upkeep\n|\n|t:|1700687260\n|switch|p2a: Iron Hands|Iron Hands|83\/100 brn\n|turn|19\n|\n|t:|1700687263\n|-terastallize|p1a: Kingambit|Fairy\n|move|p2a: Iron Hands|Swords Dance|p2a: Iron Hands\n|-boost|p2a: Iron Hands|atk|2\n|move|p1a: Kingambit|Tera Blast|p2a: Iron Hands|[anim] Tera Blast Fairy\n|-supereffective|p2a: Iron Hands\n|-damage|p2a: Iron Hands|0 fnt\n|faint|p2a: Iron Hands\n|-end|p2a: Iron Hands|Quark Drive|[silent]\n|\n|-heal|p1a: Kingambit|80\/100|[from] item: Leftovers\n|upkeep\n|\n|t:|1700687265\n|switch|p2a: Kingambit|Kingambit, F|100\/100\n|-activate|p2a: Kingambit|ability: Supreme Overlord\n|-start|p2a: Kingambit|fallen5|[silent]\n|turn|20\n|\n|t:|1700687269\n|move|p1a: Kingambit|Sucker Punch|p2a: Kingambit\n|-resisted|p2a: Kingambit\n|-damage|p2a: Kingambit|62\/100\n|move|p2a: Kingambit|Iron Head|p1a: Kingambit\n|-supereffective|p1a: Kingambit\n|-damage|p1a: Kingambit|0 fnt\n|faint|p1a: Kingambit\n|-end|p1a: Kingambit|fallen4|[silent]\n|\n|upkeep\n|\n|t:|1700687271\n|switch|p1a: Ogerpon|Ogerpon-Wellspring, F|100\/100\n|-damage|p1a: Ogerpon|88\/100|[from] Stealth Rock\n|turn|21\n|\n|t:|1700687273\n|-terastallize|p2a: Kingambit|Dark\n|move|p2a: Kingambit|Kowtow Cleave|p1a: Ogerpon\n|-damage|p1a: Ogerpon|0 fnt\n|faint|p1a: Ogerpon\n|\n|win|mathismathin\n|raw|Shanubiki's rating: 1599 &rarr; <strong>1580<\/strong><br \/>(-19 for losing)\n|raw|mathismathin's rating: 1609 &rarr; <strong>1628<\/strong><br \/>(+19 for winning)\n","uploadtime":1700687276,"views":2,"p1id":"shanubiki","p2id":"mathismathin","formatid":"gen9ou","rating":1580,"private":0,"password":""}