{"id":"gen9ou-1991506794","p1":"Ashcatchhoe","p2":"rhaedog","format":"[Gen 9] OU","log":"|j|\u2606Ashcatchhoe\n|j|\u2606rhaedog\n|t:|1700083232\n|gametype|singles\n|player|p1|Ashcatchhoe|102|1121\n|player|p2|rhaedog|n|1096\n|teamsize|p1|6\n|teamsize|p2|6\n|gen|9\n|tier|[Gen 9] OU\n|rated|\n|rule|Sleep Clause Mod: Limit one foe put to sleep\n|rule|Species Clause: Limit one of each Pok\u00e9mon\n|rule|OHKO Clause: OHKO moves are banned\n|rule|Evasion Items Clause: Evasion items are banned\n|rule|Evasion Moves Clause: Evasion moves are banned\n|rule|Endless Battle Clause: Forcing endless battles is banned\n|rule|HP Percentage Mod: HP is shown in percentages\n|clearpoke\n|poke|p1|Zamazenta-*|\n|poke|p1|Dragonite, F|\n|poke|p1|Garganacl, F|\n|poke|p1|Blissey, F|\n|poke|p1|Kingambit, M|\n|poke|p1|Scizor, M|\n|poke|p2|Samurott-Hisui, M|\n|poke|p2|Arcanine-Hisui, M|\n|poke|p2|Kingambit, F|\n|poke|p2|Gholdengo|\n|poke|p2|Ribombee, F|\n|poke|p2|Garganacl, M|\n|teampreview\n|inactive|Battle timer is ON: inactive players will automatically lose when time's up. (requested by Ashcatchhoe)\n|\n|t:|1700083248\n|start\n|switch|p1a: CHEESECAKE|Garganacl, F|100\/100\n|switch|p2a: Samurott|Samurott-Hisui, M|100\/100\n|turn|1\n|\n|t:|1700083259\n|move|p2a: Samurott|Air Slash|p1a: CHEESECAKE\n|-resisted|p1a: CHEESECAKE\n|-damage|p1a: CHEESECAKE|89\/100\n|cant|p1a: CHEESECAKE|flinch\n|\n|-heal|p1a: CHEESECAKE|95\/100|[from] item: Leftovers\n|upkeep\n|turn|2\n|\n|t:|1700083266\n|move|p2a: Samurott|Aqua Cutter|p1a: CHEESECAKE\n|-supereffective|p1a: CHEESECAKE\n|-damage|p1a: CHEESECAKE|44\/100\n|move|p1a: CHEESECAKE|Stealth Rock|p2a: Samurott\n|-sidestart|p2: rhaedog|move: Stealth Rock\n|\n|-heal|p1a: CHEESECAKE|50\/100|[from] item: Leftovers\n|upkeep\n|turn|3\n|\n|t:|1700083278\n|move|p2a: Samurott|Aqua Cutter|p1a: CHEESECAKE\n|-supereffective|p1a: CHEESECAKE\n|-damage|p1a: CHEESECAKE|2\/100\n|move|p1a: CHEESECAKE|Recover|p1a: CHEESECAKE\n|-heal|p1a: CHEESECAKE|52\/100\n|\n|-heal|p1a: CHEESECAKE|59\/100|[from] item: Leftovers\n|upkeep\n|turn|4\n|\n|t:|1700083291\n|move|p2a: Samurott|Swords Dance|p2a: Samurott\n|-boost|p2a: Samurott|atk|2\n|move|p1a: CHEESECAKE|Salt Cure|p2a: Samurott\n|-damage|p2a: Samurott|81\/100\n|-start|p2a: Samurott|Salt Cure\n|\n|-heal|p1a: CHEESECAKE|65\/100|[from] item: Leftovers\n|-damage|p2a: Samurott|57\/100|[from] Salt Cure\n|upkeep\n|turn|5\n|\n|t:|1700083301\n|move|p2a: Samurott|Swords Dance|p2a: Samurott\n|-boost|p2a: Samurott|atk|2\n|move|p1a: CHEESECAKE|Recover|p1a: CHEESECAKE\n|-heal|p1a: CHEESECAKE|100\/100\n|\n|-damage|p2a: Samurott|32\/100|[from] Salt Cure\n|upkeep\n|turn|6\n|\n|t:|1700083309\n|move|p1a: CHEESECAKE|Protect|p1a: CHEESECAKE\n|-singleturn|p1a: CHEESECAKE|Protect\n|move|p2a: Samurott|Air Slash|p1a: CHEESECAKE\n|-activate|p1a: CHEESECAKE|move: Protect\n|\n|-damage|p2a: Samurott|7\/100|[from] Salt Cure\n|upkeep\n|turn|7\n|\n|t:|1700083320\n|move|p1a: CHEESECAKE|Protect|p1a: CHEESECAKE\n|-singleturn|p1a: CHEESECAKE|Protect\n|move|p2a: Samurott|Ceaseless Edge|p1a: CHEESECAKE\n|-activate|p1a: CHEESECAKE|move: Protect\n|\n|-damage|p2a: Samurott|0 fnt|[from] Salt Cure\n|faint|p2a: Samurott\n|upkeep\n|c|\u2606rhaedog|not the double protect\n|c|\u2606Ashcatchhoe|lmaooo\n|\n|t:|1700083337\n|switch|p2a: Garganacl|Garganacl, M|100\/100\n|-damage|p2a: Garganacl|88\/100|[from] Stealth Rock\n|turn|8\n|c|\u2606Ashcatchhoe|it worked out\n|\n|t:|1700083353\n|move|p1a: CHEESECAKE|Salt Cure|p2a: Garganacl\n|-damage|p2a: Garganacl|81\/100\n|-start|p2a: Garganacl|Salt Cure\n|move|p2a: Garganacl|Stealth Rock|p1a: CHEESECAKE\n|-sidestart|p1: Ashcatchhoe|move: Stealth Rock\n|\n|-heal|p2a: Garganacl|87\/100|[from] item: Leftovers\n|-damage|p2a: Garganacl|75\/100|[from] Salt Cure\n|upkeep\n|turn|9\n|\n|t:|1700083364\n|switch|p1a: MS.Bubbles|Scizor, M|100\/100\n|-damage|p1a: MS.Bubbles|88\/100|[from] Stealth Rock\n|move|p2a: Garganacl|Salt Cure|p1a: MS.Bubbles\n|-damage|p1a: MS.Bubbles|74\/100\n|-start|p1a: MS.Bubbles|Salt Cure\n|\n|-heal|p2a: Garganacl|81\/100|[from] item: Leftovers\n|-damage|p1a: MS.Bubbles|49\/100|[from] Salt Cure\n|-damage|p2a: Garganacl|68\/100|[from] Salt Cure\n|upkeep\n|turn|10\n|\n|t:|1700083374\n|switch|p2a: Gholdengo|Gholdengo|100\/100\n|move|p1a: MS.Bubbles|Knock Off|p2a: Gholdengo\n|-supereffective|p2a: Gholdengo\n|-damage|p2a: Gholdengo|9\/100\n|-enditem|p2a: Gholdengo|Heavy-Duty Boots|[from] move: Knock Off|[of] p1a: MS.Bubbles\n|-damage|p1a: MS.Bubbles|40\/100|[from] item: Life Orb\n|\n|-damage|p1a: MS.Bubbles|15\/100|[from] Salt Cure\n|upkeep\n|turn|11\n|\n|t:|1700083401\n|move|p1a: MS.Bubbles|Bullet Punch|p2a: Gholdengo\n|-resisted|p2a: Gholdengo\n|-damage|p2a: Gholdengo|0 fnt\n|faint|p2a: Gholdengo\n|-damage|p1a: MS.Bubbles|5\/100|[from] item: Life Orb\n|\n|-damage|p1a: MS.Bubbles|0 fnt|[from] Salt Cure\n|faint|p1a: MS.Bubbles\n|upkeep\n|\n|t:|1700083409\n|switch|p2a: Garganacl|Garganacl, M|68\/100\n|switch|p1a: CHEESECAKE|Garganacl, F|100\/100\n|-damage|p1a: CHEESECAKE|88\/100|[from] Stealth Rock\n|-damage|p2a: Garganacl|56\/100|[from] Stealth Rock\n|turn|12\n|\n|t:|1700083417\n|move|p1a: CHEESECAKE|Salt Cure|p2a: Garganacl\n|-damage|p2a: Garganacl|48\/100\n|-start|p2a: Garganacl|Salt Cure\n|move|p2a: Garganacl|Salt Cure|p1a: CHEESECAKE\n|-damage|p1a: CHEESECAKE|80\/100\n|-start|p1a: CHEESECAKE|Salt Cure\n|\n|-heal|p2a: Garganacl|54\/100|[from] item: Leftovers\n|-heal|p1a: CHEESECAKE|86\/100|[from] item: Leftovers\n|-damage|p1a: CHEESECAKE|74\/100|[from] Salt Cure\n|-damage|p2a: Garganacl|42\/100|[from] Salt Cure\n|upkeep\n|turn|13\n|\n|t:|1700083431\n|move|p1a: CHEESECAKE|Salt Cure|p2a: Garganacl\n|-damage|p2a: Garganacl|35\/100\n|move|p2a: Garganacl|Ice Punch|p1a: CHEESECAKE\n|-crit|p1a: CHEESECAKE\n|-damage|p1a: CHEESECAKE|60\/100\n|\n|-heal|p2a: Garganacl|41\/100|[from] item: Leftovers\n|-heal|p1a: CHEESECAKE|67\/100|[from] item: Leftovers\n|-damage|p2a: Garganacl|29\/100|[from] Salt Cure\n|-damage|p1a: CHEESECAKE|54\/100|[from] Salt Cure\n|upkeep\n|turn|14\n|\n|t:|1700083442\n|move|p1a: CHEESECAKE|Salt Cure|p2a: Garganacl\n|-damage|p2a: Garganacl|22\/100\n|move|p2a: Garganacl|Ice Punch|p1a: CHEESECAKE\n|-damage|p1a: CHEESECAKE|45\/100\n|\n|-heal|p2a: Garganacl|28\/100|[from] item: Leftovers\n|-heal|p1a: CHEESECAKE|51\/100|[from] item: Leftovers\n|-damage|p2a: Garganacl|15\/100|[from] Salt Cure\n|-damage|p1a: CHEESECAKE|39\/100|[from] Salt Cure\n|upkeep\n|turn|15\n|\n|t:|1700083452\n|move|p1a: CHEESECAKE|Recover|p1a: CHEESECAKE\n|-heal|p1a: CHEESECAKE|89\/100\n|move|p2a: Garganacl|Ice Punch|p1a: CHEESECAKE\n|-crit|p1a: CHEESECAKE\n|-damage|p1a: CHEESECAKE|75\/100\n|\n|-heal|p2a: Garganacl|22\/100|[from] item: Leftovers\n|-heal|p1a: CHEESECAKE|82\/100|[from] item: Leftovers\n|-damage|p2a: Garganacl|9\/100|[from] Salt Cure\n|-damage|p1a: CHEESECAKE|69\/100|[from] Salt Cure\n|upkeep\n|turn|16\n|c|\u2606rhaedog|freeze would be so awesome right now\n|\n|t:|1700083463\n|move|p2a: Garganacl|Ice Punch|p1a: CHEESECAKE\n|-damage|p1a: CHEESECAKE|60\/100\n|move|p1a: CHEESECAKE|Salt Cure|p2a: Garganacl\n|-damage|p2a: Garganacl|2\/100\n|\n|-heal|p2a: Garganacl|8\/100|[from] item: Leftovers\n|-heal|p1a: CHEESECAKE|66\/100|[from] item: Leftovers\n|-damage|p1a: CHEESECAKE|54\/100|[from] Salt Cure\n|-damage|p2a: Garganacl|0 fnt|[from] Salt Cure\n|faint|p2a: Garganacl\n|upkeep\n|\n|t:|1700083478\n|switch|p2a: Arcanine|Arcanine-Hisui, M|100\/100\n|-damage|p2a: Arcanine|76\/100|[from] Stealth Rock\n|turn|17\n|\n|t:|1700083490\n|move|p2a: Arcanine|Flame Charge|p1a: CHEESECAKE\n|-resisted|p1a: CHEESECAKE\n|-damage|p1a: CHEESECAKE|46\/100\n|-boost|p2a: Arcanine|spe|1\n|-damage|p2a: Arcanine|66\/100|[from] item: Life Orb\n|move|p1a: CHEESECAKE|Recover|p1a: CHEESECAKE\n|-heal|p1a: CHEESECAKE|96\/100\n|\n|-heal|p1a: CHEESECAKE|100\/100|[from] item: Leftovers\n|-damage|p1a: CHEESECAKE|88\/100|[from] Salt Cure\n|upkeep\n|turn|18\n|c|\u2606Ashcatchhoe|i wud of recover asap\n|\n|t:|1700083500\n|move|p2a: Arcanine|Head Smash|p1a: CHEESECAKE\n|-damage|p1a: CHEESECAKE|44\/100\n|-damage|p2a: Arcanine|56\/100|[from] item: Life Orb\n|move|p1a: CHEESECAKE|Salt Cure|p2a: Arcanine\n|-supereffective|p2a: Arcanine\n|-damage|p2a: Arcanine|19\/100\n|-start|p2a: Arcanine|Salt Cure\n|\n|-heal|p1a: CHEESECAKE|50\/100|[from] item: Leftovers\n|-damage|p2a: Arcanine|7\/100|[from] Salt Cure\n|-damage|p1a: CHEESECAKE|38\/100|[from] Salt Cure\n|upkeep\n|turn|19\n|\n|t:|1700083511\n|move|p1a: CHEESECAKE|Protect|p1a: CHEESECAKE\n|-singleturn|p1a: CHEESECAKE|Protect\n|move|p2a: Arcanine|Head Smash|p1a: CHEESECAKE\n|-activate|p1a: CHEESECAKE|move: Protect\n|\n|-heal|p1a: CHEESECAKE|44\/100|[from] item: Leftovers\n|-damage|p2a: Arcanine|0 fnt|[from] Salt Cure\n|faint|p2a: Arcanine\n|-damage|p1a: CHEESECAKE|31\/100|[from] Salt Cure\n|upkeep\n|c|\u2606Ashcatchhoe|gg\n|\n|t:|1700083522\n|switch|p2a: Ribombee|Ribombee, F|100\/100\n|-damage|p2a: Ribombee|76\/100|[from] Stealth Rock\n|turn|20\n|\n|t:|1700083528\n|move|p2a: Ribombee|Tailwind|p2a: Ribombee\n|-sidestart|p2: rhaedog|move: Tailwind\n|move|p1a: CHEESECAKE|Salt Cure|p2a: Ribombee\n|-supereffective|p2a: Ribombee\n|-damage|p2a: Ribombee|22\/100\n|\n|-heal|p1a: CHEESECAKE|38\/100|[from] item: Leftovers\n|-damage|p1a: CHEESECAKE|25\/100|[from] Salt Cure\n|upkeep\n|turn|21\n|\n|t:|1700083542\n|move|p2a: Ribombee|Sticky Web|p1a: CHEESECAKE\n|-sidestart|p1: Ashcatchhoe|move: Sticky Web\n|move|p1a: CHEESECAKE|Recover|p1a: CHEESECAKE\n|-heal|p1a: CHEESECAKE|75\/100\n|\n|-heal|p1a: CHEESECAKE|81\/100|[from] item: Leftovers\n|-damage|p1a: CHEESECAKE|69\/100|[from] Salt Cure\n|upkeep\n|turn|22\n|\n|t:|1700083554\n|move|p2a: Ribombee|Quiver Dance|p2a: Ribombee\n|-boost|p2a: Ribombee|spa|1\n|-boost|p2a: Ribombee|spd|1\n|-boost|p2a: Ribombee|spe|1\n|move|p1a: CHEESECAKE|Salt Cure|p2a: Ribombee\n|-supereffective|p2a: Ribombee\n|-damage|p2a: Ribombee|0 fnt\n|faint|p2a: Ribombee\n|\n|-heal|p1a: CHEESECAKE|75\/100|[from] item: Leftovers\n|-damage|p1a: CHEESECAKE|63\/100|[from] Salt Cure\n|upkeep\n|\n|t:|1700083564\n|switch|p2a: Kingambit|Kingambit, F|100\/100\n|-damage|p2a: Kingambit|94\/100|[from] Stealth Rock\n|-activate|p2a: Kingambit|ability: Supreme Overlord\n|-start|p2a: Kingambit|fallen5|[silent]\n|turn|23\n|\n|t:|1700083575\n|move|p2a: Kingambit|Swords Dance|p2a: Kingambit\n|-boost|p2a: Kingambit|atk|2\n|move|p1a: CHEESECAKE|Salt Cure|p2a: Kingambit\n|-resisted|p2a: Kingambit\n|-damage|p2a: Kingambit|89\/100\n|-start|p2a: Kingambit|Salt Cure\n|\n|-heal|p1a: CHEESECAKE|69\/100|[from] item: Leftovers\n|-damage|p2a: Kingambit|64\/100|[from] Salt Cure\n|-damage|p1a: CHEESECAKE|57\/100|[from] Salt Cure\n|-sideend|p2: rhaedog|move: Tailwind\n|upkeep\n|turn|24\n|\n|t:|1700083585\n|move|p2a: Kingambit|Kowtow Cleave|p1a: CHEESECAKE\n|-damage|p1a: CHEESECAKE|0 fnt\n|faint|p1a: CHEESECAKE\n|\n|-damage|p2a: Kingambit|39\/100|[from] Salt Cure\n|upkeep\n|\n|t:|1700083604\n|switch|p1a: MAILMAN|Dragonite, F|100\/100\n|turn|25\n|\n|t:|1700083610\n|move|p2a: Kingambit|Sucker Punch|p1a: MAILMAN\n|-crit|p1a: MAILMAN\n|-damage|p1a: MAILMAN|8\/100\n|move|p1a: MAILMAN|Earthquake|p2a: Kingambit\n|-supereffective|p2a: Kingambit\n|-damage|p2a: Kingambit|0 fnt\n|faint|p2a: Kingambit\n|-end|p2a: Kingambit|fallen5|[silent]\n|\n|win|Ashcatchhoe\n|raw|Ashcatchhoe's rating: 1121 &rarr; <strong>1144<\/strong><br \/>(+23 for winning)\n|raw|rhaedog's rating: 1096 &rarr; <strong>1073<\/strong><br \/>(-23 for losing)\n|c|\u2606rhaedog|gg\n|c|\u2606Ashcatchhoe|gg\n|l|\u2606rhaedog\n","uploadtime":1700083628,"views":23,"p1id":"ashcatchhoe","p2id":"rhaedog","formatid":"gen9ou","rating":1073,"private":0,"password":""}