{"id":"gen9ou-1995728052","p1":"itz_ado6","p2":"Itswinefri","format":"[Gen 9] OU","log":"|j|\u2606itz_ado6\n|j|\u203dItswinefri\n|t:|1700597608\n|gametype|singles\n|player|p1|itz_ado6|lady-gen4|1195\n|player|p2|Itswinefri|cynthia|1270\n|teamsize|p1|6\n|teamsize|p2|6\n|gen|9\n|tier|[Gen 9] OU\n|rated|\n|rule|Sleep Clause Mod: Limit one foe put to sleep\n|rule|Species Clause: Limit one of each Pok\u00e9mon\n|rule|OHKO Clause: OHKO moves are banned\n|rule|Evasion Items Clause: Evasion items are banned\n|rule|Evasion Moves Clause: Evasion moves are banned\n|rule|Endless Battle Clause: Forcing endless battles is banned\n|rule|HP Percentage Mod: HP is shown in percentages\n|clearpoke\n|poke|p1|Cinderace, F|\n|poke|p1|Zapdos|\n|poke|p1|Ogerpon-Wellspring, F|\n|poke|p1|Slowking-Galar, F|\n|poke|p1|Ting-Lu|\n|poke|p1|Dondozo, F|\n|poke|p2|Skeledirge, M|\n|poke|p2|Rillaboom, M|\n|poke|p2|Kingambit, M|\n|poke|p2|Dragapult, M|\n|poke|p2|Ogerpon-Cornerstone, F|\n|poke|p2|Cinderace, M|\n|teampreview\n|inactive|Battle timer is ON: inactive players will automatically lose when time's up. (requested by itz_ado6)\n|\n|t:|1700597620\n|start\n|switch|p1a: Ting-Lu|Ting-Lu|100\/100\n|switch|p2a: Dragapult|Dragapult, M, shiny|100\/100\n|-ability|p1a: Ting-Lu|Vessel of Ruin\n|turn|1\n|\n|t:|1700597628\n|move|p2a: Dragapult|U-turn|p1a: Ting-Lu\n|-supereffective|p1a: Ting-Lu\n|-damage|p1a: Ting-Lu|81\/100\n|\n|t:|1700597634\n|switch|p2a: Ogerpon|Ogerpon-Cornerstone, F|100\/100|[from] U-turn\n|move|p1a: Ting-Lu|Stealth Rock|p2a: Ogerpon\n|-sidestart|p2: Itswinefri|move: Stealth Rock\n|\n|-heal|p1a: Ting-Lu|87\/100|[from] item: Leftovers\n|upkeep\n|turn|2\n|c|\u2606itz_ado6|glhf\n|\n|t:|1700597644\n|move|p2a: Ogerpon|Swords Dance|p2a: Ogerpon\n|-boost|p2a: Ogerpon|atk|2\n|move|p1a: Ting-Lu|Whirlwind|p2a: Ogerpon\n|drag|p2a: Dragapult|Dragapult, M, shiny|100\/100\n|\n|-heal|p1a: Ting-Lu|93\/100|[from] item: Leftovers\n|upkeep\n|turn|3\n|\n|t:|1700597653\n|move|p2a: Dragapult|U-turn|p1a: Ting-Lu\n|-supereffective|p1a: Ting-Lu\n|-damage|p1a: Ting-Lu|76\/100\n|\n|t:|1700597656\n|switch|p2a: Cinderace|Cinderace, M|100\/100|[from] U-turn\n|move|p1a: Ting-Lu|Whirlwind|p2a: Cinderace\n|drag|p2a: Kingambit|Kingambit, M, shiny|100\/100\n|-damage|p2a: Kingambit|94\/100|[from] Stealth Rock\n|\n|-heal|p1a: Ting-Lu|82\/100|[from] item: Leftovers\n|upkeep\n|turn|4\n|\n|t:|1700597667\n|move|p2a: Kingambit|Swords Dance|p2a: Kingambit\n|-boost|p2a: Kingambit|atk|2\n|move|p1a: Ting-Lu|Earthquake|p2a: Kingambit\n|-supereffective|p2a: Kingambit\n|-damage|p2a: Kingambit|36\/100\n|\n|-heal|p1a: Ting-Lu|88\/100|[from] item: Leftovers\n|upkeep\n|turn|5\n|\n|t:|1700597677\n|move|p2a: Kingambit|Iron Head|p1a: Ting-Lu\n|-damage|p1a: Ting-Lu|42\/100\n|cant|p1a: Ting-Lu|flinch\n|\n|-heal|p1a: Ting-Lu|48\/100|[from] item: Leftovers\n|upkeep\n|turn|6\n|\n|t:|1700597685\n|switch|p1a: Cinderace|Cinderace, F|100\/100\n|move|p2a: Kingambit|Sucker Punch||[still]\n|-fail|p2a: Kingambit\n|\n|upkeep\n|turn|7\n|\n|t:|1700597691\n|move|p2a: Kingambit|Sucker Punch||[still]\n|-fail|p2a: Kingambit\n|move|p1a: Cinderace|Will-O-Wisp|p2a: Kingambit\n|-status|p2a: Kingambit|brn\n|-enditem|p2a: Kingambit|Lum Berry|[eat]\n|-curestatus|p2a: Kingambit|brn|[msg]\n|\n|upkeep\n|turn|8\n|\n|t:|1700597700\n|move|p2a: Kingambit|Sucker Punch||[still]\n|-fail|p2a: Kingambit\n|move|p1a: Cinderace|Will-O-Wisp|p2a: Kingambit|[miss]\n|-miss|p1a: Cinderace|p2a: Kingambit\n|\n|upkeep\n|turn|9\n|\n|t:|1700597706\n|-end|p2a: Kingambit|fallenundefined|[silent]\n|switch|p2a: Cinderace|Cinderace, M|100\/100\n|move|p1a: Cinderace|Will-O-Wisp|p2a: Cinderace\n|-immune|p2a: Cinderace\n|\n|upkeep\n|turn|10\n|\n|t:|1700597714\n|move|p1a: Cinderace|Court Change|p1a: Cinderace\n|-swapsideconditions\n|-activate|p1a: Cinderace|move: Court Change\n|move|p2a: Cinderace|Court Change|p2a: Cinderace\n|-start|p2a: Cinderace|typechange|Normal|[from] ability: Libero\n|-swapsideconditions\n|-activate|p2a: Cinderace|move: Court Change\n|\n|upkeep\n|turn|11\n|\n|t:|1700597731\n|move|p1a: Cinderace|Pyro Ball|p2a: Cinderace\n|-damage|p2a: Cinderace|33\/100\n|move|p2a: Cinderace|Court Change|p2a: Cinderace\n|-swapsideconditions\n|-activate|p2a: Cinderace|move: Court Change\n|\n|upkeep\n|turn|12\n|\n|t:|1700597739\n|move|p2a: Cinderace|Pyro Ball|p1a: Cinderace\n|-resisted|p1a: Cinderace\n|-damage|p1a: Cinderace|78\/100\n|move|p1a: Cinderace|Pyro Ball|p2a: Cinderace\n|-damage|p2a: Cinderace|0 fnt\n|faint|p2a: Cinderace\n|\n|upkeep\n|\n|t:|1700597749\n|switch|p2a: Dragapult|Dragapult, M, shiny|100\/100\n|turn|13\n|\n|t:|1700597754\n|move|p2a: Dragapult|Thunder Wave|p1a: Cinderace\n|-status|p1a: Cinderace|par\n|cant|p1a: Cinderace|par\n|\n|upkeep\n|turn|14\n|\n|t:|1700597760\n|move|p2a: Dragapult|Hex|p1a: Cinderace\n|-damage|p1a: Cinderace|7\/100 par\n|move|p1a: Cinderace|Court Change|p1a: Cinderace\n|-swapsideconditions\n|-activate|p1a: Cinderace|move: Court Change\n|\n|upkeep\n|turn|15\n|\n|t:|1700597768\n|move|p2a: Dragapult|Hex|p1a: Cinderace\n|-damage|p1a: Cinderace|0 fnt\n|faint|p1a: Cinderace\n|\n|upkeep\n|\n|t:|1700597774\n|switch|p1a: Ting-Lu|Ting-Lu|48\/100\n|-ability|p1a: Ting-Lu|Vessel of Ruin\n|turn|16\n|\n|t:|1700597779\n|move|p2a: Dragapult|U-turn|p1a: Ting-Lu\n|-supereffective|p1a: Ting-Lu\n|-damage|p1a: Ting-Lu|30\/100\n|\n|t:|1700597785\n|switch|p2a: Kingambit|Kingambit, M, shiny|36\/100|[from] U-turn\n|-damage|p2a: Kingambit|30\/100|[from] Stealth Rock\n|-activate|p2a: Kingambit|ability: Supreme Overlord\n|-start|p2a: Kingambit|fallen1|[silent]\n|move|p1a: Ting-Lu|Earthquake|p2a: Kingambit\n|-supereffective|p2a: Kingambit\n|-damage|p2a: Kingambit|0 fnt\n|faint|p2a: Kingambit\n|-end|p2a: Kingambit|fallen1|[silent]\n|\n|-heal|p1a: Ting-Lu|36\/100|[from] item: Leftovers\n|upkeep\n|\n|t:|1700597799\n|switch|p2a: Rillaboom|Rillaboom, M, shiny|100\/100\n|-fieldstart|move: Grassy Terrain|[from] ability: Grassy Surge|[of] p2a: Rillaboom\n|turn|17\n|\n|t:|1700597807\n|move|p2a: Rillaboom|Swords Dance|p2a: Rillaboom\n|-boost|p2a: Rillaboom|atk|2\n|move|p1a: Ting-Lu|Whirlwind|p2a: Rillaboom\n|drag|p2a: Dragapult|Dragapult, M, shiny|100\/100\n|\n|-heal|p1a: Ting-Lu|42\/100|[from] Grassy Terrain\n|-heal|p1a: Ting-Lu|48\/100|[from] item: Leftovers\n|upkeep\n|turn|18\n|\n|t:|1700597820\n|switch|p1a: Ogerpon|Ogerpon-Wellspring, F|100\/100\n|move|p2a: Dragapult|U-turn|p1a: Ogerpon\n|-supereffective|p1a: Ogerpon\n|-damage|p1a: Ogerpon|58\/100\n|\n|t:|1700597827\n|switch|p2a: Rillaboom|Rillaboom, M, shiny|100\/100|[from] U-turn\n|\n|-heal|p1a: Ogerpon|64\/100|[from] Grassy Terrain\n|upkeep\n|turn|19\n|\n|t:|1700597835\n|move|p1a: Ogerpon|Knock Off|p2a: Rillaboom\n|-damage|p2a: Rillaboom|59\/100\n|-enditem|p2a: Rillaboom|Heavy-Duty Boots|[from] move: Knock Off|[of] p1a: Ogerpon\n|move|p2a: Rillaboom|Swords Dance|p2a: Rillaboom\n|-boost|p2a: Rillaboom|atk|2\n|\n|-heal|p1a: Ogerpon|70\/100|[from] Grassy Terrain\n|-heal|p2a: Rillaboom|65\/100|[from] Grassy Terrain\n|upkeep\n|turn|20\n|\n|t:|1700597848\n|switch|p1a: Zapdos|Zapdos|100\/100\n|move|p2a: Rillaboom|Grassy Glide|p1a: Zapdos\n|-resisted|p1a: Zapdos\n|-damage|p1a: Zapdos|63\/100\n|\n|-heal|p2a: Rillaboom|71\/100|[from] Grassy Terrain\n|upkeep\n|turn|21\n|\n|t:|1700597857\n|-terastallize|p2a: Rillaboom|Fire\n|move|p1a: Zapdos|Thunder Wave|p2a: Rillaboom\n|-status|p2a: Rillaboom|par\n|move|p2a: Rillaboom|Tera Blast|p1a: Zapdos|[anim] Tera Blast Fire\n|-damage|p1a: Zapdos|0 fnt\n|faint|p1a: Zapdos\n|\n|-heal|p2a: Rillaboom|77\/100 par|[from] Grassy Terrain\n|-fieldend|move: Grassy Terrain\n|upkeep\n|\n|t:|1700597870\n|switch|p1a: Ogerpon|Ogerpon-Wellspring, F|70\/100\n|turn|22\n|\n|t:|1700597875\n|switch|p2a: Dragapult|Dragapult, M, shiny|100\/100\n|move|p1a: Ogerpon|Ivy Cudgel|p2a: Dragapult|[anim] Ivy Cudgel Water\n|-resisted|p2a: Dragapult\n|-damage|p2a: Dragapult|62\/100\n|\n|upkeep\n|turn|23\n|\n|t:|1700597882\n|move|p2a: Dragapult|U-turn|p1a: Ogerpon\n|-supereffective|p1a: Ogerpon\n|-damage|p1a: Ogerpon|29\/100\n|\n|t:|1700597886\n|switch|p2a: Ogerpon|Ogerpon-Cornerstone, F|100\/100|[from] U-turn\n|-damage|p2a: Ogerpon|88\/100|[from] Stealth Rock\n|move|p1a: Ogerpon|Knock Off|p2a: Ogerpon\n|-damage|p2a: Ogerpon|54\/100\n|\n|upkeep\n|turn|24\n|\n|t:|1700597900\n|move|p1a: Ogerpon|Ivy Cudgel|p2a: Ogerpon|[anim] Ivy Cudgel Water\n|-damage|p2a: Ogerpon|0 fnt\n|faint|p2a: Ogerpon\n|\n|upkeep\n|\n|t:|1700597908\n|switch|p2a: Rillaboom|Rillaboom, M, shiny, tera:Fire|77\/100 par\n|-damage|p2a: Rillaboom|52\/100 par|[from] Stealth Rock\n|-fieldstart|move: Grassy Terrain|[from] ability: Grassy Surge|[of] p2a: Rillaboom\n|turn|25\n|\n|t:|1700597914\n|switch|p1a: Slowking|Slowking-Galar, F|100\/100\n|move|p2a: Rillaboom|Grassy Glide|p1a: Slowking\n|-resisted|p1a: Slowking\n|-damage|p1a: Slowking|85\/100\n|\n|-heal|p2a: Rillaboom|58\/100 par|[from] Grassy Terrain\n|-heal|p1a: Slowking|91\/100|[from] Grassy Terrain\n|upkeep\n|turn|26\n|\n|t:|1700597924\n|switch|p2a: Skeledirge|Skeledirge, M, shiny|100\/100\n|move|p1a: Slowking|Future Sight|p2a: Skeledirge\n|-start|p1a: Slowking|move: Future Sight\n|\n|-heal|p1a: Slowking|97\/100|[from] Grassy Terrain\n|upkeep\n|turn|27\n|\n|t:|1700597933\n|move|p2a: Skeledirge|Torch Song|p1a: Slowking\n|-damage|p1a: Slowking|75\/100\n|-boost|p2a: Skeledirge|spa|1\n|move|p1a: Slowking|Sludge Bomb|p2a: Skeledirge\n|-resisted|p2a: Skeledirge\n|-damage|p2a: Skeledirge|83\/100\n|\n|-heal|p2a: Skeledirge|89\/100|[from] Grassy Terrain\n|-heal|p1a: Slowking|81\/100|[from] Grassy Terrain\n|upkeep\n|turn|28\n|\n|t:|1700597944\n|move|p2a: Skeledirge|Will-O-Wisp|p1a: Slowking\n|-status|p1a: Slowking|brn\n|move|p1a: Slowking|Sludge Bomb|p2a: Skeledirge\n|-resisted|p2a: Skeledirge\n|-damage|p2a: Skeledirge|70\/100\n|\n|-end|p2a: Skeledirge|move: Future Sight\n|-damage|p2a: Skeledirge|26\/100\n|-heal|p2a: Skeledirge|32\/100|[from] Grassy Terrain\n|-heal|p1a: Slowking|87\/100 brn|[from] Grassy Terrain\n|-damage|p1a: Slowking|81\/100 brn|[from] brn\n|upkeep\n|turn|29\n|\n|t:|1700597957\n|move|p2a: Skeledirge|Slack Off|p2a: Skeledirge\n|-heal|p2a: Skeledirge|82\/100\n|move|p1a: Slowking|Future Sight|p2a: Skeledirge\n|-start|p1a: Slowking|move: Future Sight\n|\n|-heal|p2a: Skeledirge|88\/100|[from] Grassy Terrain\n|-heal|p1a: Slowking|87\/100 brn|[from] Grassy Terrain\n|-damage|p1a: Slowking|81\/100 brn|[from] brn\n|-fieldend|move: Grassy Terrain\n|upkeep\n|turn|30\n|\n|t:|1700597967\n|move|p2a: Skeledirge|Hex|p1a: Slowking\n|-supereffective|p1a: Slowking\n|-damage|p1a: Slowking|0 fnt\n|faint|p1a: Slowking\n|\n|upkeep\n|\n|t:|1700597974\n|switch|p1a: Ogerpon|Ogerpon-Wellspring, F|29\/100\n|turn|31\n|\n|t:|1700597984\n|move|p1a: Ogerpon|Knock Off|p2a: Skeledirge\n|-supereffective|p2a: Skeledirge\n|-damage|p2a: Skeledirge|37\/100\n|-enditem|p2a: Skeledirge|Heavy-Duty Boots|[from] move: Knock Off|[of] p1a: Ogerpon\n|move|p2a: Skeledirge|Hex|p1a: Ogerpon\n|-damage|p1a: Ogerpon|0 fnt\n|faint|p1a: Ogerpon\n|\n|-end|p2a: Skeledirge|move: Future Sight\n|-damage|p2a: Skeledirge|0 fnt\n|faint|p2a: Skeledirge\n|upkeep\n|\n|t:|1700598005\n|switch|p1a: Dondozo|Dondozo, F|100\/100\n|switch|p2a: Rillaboom|Rillaboom, M, shiny, tera:Fire|58\/100 par\n|-damage|p2a: Rillaboom|33\/100 par|[from] Stealth Rock\n|-fieldstart|move: Grassy Terrain|[from] ability: Grassy Surge|[of] p2a: Rillaboom\n|turn|32\n|\n|t:|1700598014\n|-terastallize|p1a: Dondozo|Fairy\n|cant|p2a: Rillaboom|par\n|move|p1a: Dondozo|Body Press|p2a: Rillaboom\n|-crit|p2a: Rillaboom\n|-damage|p2a: Rillaboom|0 fnt\n|faint|p2a: Rillaboom\n|\n|upkeep\n|\n|t:|1700598022\n|switch|p2a: Dragapult|Dragapult, M, shiny|62\/100\n|turn|33\n|l|\u203dItswinefri\n|inactive|Itswinefri disconnected and has a minute to reconnect!\n|player|p2|\n|inactive|Itswinefri has 30 seconds to reconnect!\n|inactive|Itswinefri has 20 seconds to reconnect!\n|inactive|Itswinefri has 15 seconds to reconnect!\n|inactive|Itswinefri has 10 seconds to reconnect!\n|inactive|Itswinefri has 5 seconds to reconnect!\n|-message|Itswinefri lost due to inactivity.\n|\n|win|itz_ado6\n|raw|itz_ado6's rating: 1195 &rarr; <strong>1225<\/strong><br \/>(+30 for winning)\n|raw|Itswinefri's rating: 1270 &rarr; <strong>1240<\/strong><br \/>(-30 for losing)\n","uploadtime":1700598087,"views":6,"p1id":"itzado6","p2id":"itswinefri","formatid":"gen9ou","rating":1225,"private":0,"password":""}