{"id":"gen9ou-1994917868","p1":"finbarfinbarfinbar","p2":"sergio.andres0211","format":"[Gen 9] OU","log":"|j|\u2606finbarfinbarfinbar\n|j|\u2606sergio.andres0211\n|t:|1700504551\n|gametype|singles\n|player|p1|finbarfinbarfinbar|flannery|1491\n|player|p2|sergio.andres0211|265|1460\n|teamsize|p1|6\n|teamsize|p2|6\n|gen|9\n|tier|[Gen 9] OU\n|rated|\n|rule|Sleep Clause Mod: Limit one foe put to sleep\n|rule|Species Clause: Limit one of each Pok\u00e9mon\n|rule|OHKO Clause: OHKO moves are banned\n|rule|Evasion Items Clause: Evasion items are banned\n|rule|Evasion Moves Clause: Evasion moves are banned\n|rule|Endless Battle Clause: Forcing endless battles is banned\n|rule|HP Percentage Mod: HP is shown in percentages\n|clearpoke\n|poke|p1|Zamazenta-*|\n|poke|p1|Kingambit, F|\n|poke|p1|Heatran, F|\n|poke|p1|Slowking-Galar, M|\n|poke|p1|Yanmega, M|\n|poke|p1|Corviknight, M|\n|poke|p2|Meowscarada, F|\n|poke|p2|Quaquaval, M|\n|poke|p2|Gholdengo|\n|poke|p2|Glimmora, F|\n|poke|p2|Ceruledge, M|\n|poke|p2|Sandy Shocks|\n|teampreview\n|inactive|Battle timer is ON: inactive players will automatically lose when time's up. (requested by sergio.andres0211)\n|\n|t:|1700504583\n|start\n|switch|p1a: Trent|Corviknight, M|100\/100\n|switch|p2a: Glimmora|Glimmora, F|100\/100\n|-ability|p1a: Trent|Pressure\n|turn|1\n|\n|t:|1700504589\n|move|p2a: Glimmora|Toxic|p1a: Trent\n|-status|p1a: Trent|tox\n|move|p1a: Trent|U-turn|p2a: Glimmora\n|-resisted|p2a: Glimmora\n|-damage|p2a: Glimmora|95\/100\n|\n|t:|1700504593\n|switch|p1a: Heatran|Heatran, F|100\/100|[from] U-turn\n|-item|p1a: Heatran|Air Balloon\n|\n|-heal|p2a: Glimmora|100\/100|[from] item: Leftovers\n|upkeep\n|turn|2\n|\n|t:|1700504597\n|move|p2a: Glimmora|Spiky Shield|p2a: Glimmora\n|-singleturn|p2a: Glimmora|move: Protect\n|move|p1a: Heatran|Earth Power|p2a: Glimmora\n|-activate|p2a: Glimmora|move: Protect\n|\n|upkeep\n|turn|3\n|\n|t:|1700504611\n|-terastallize|p2a: Glimmora|Grass\n|move|p2a: Glimmora|Toxic|p1a: Heatran|[miss]\n|-miss|p2a: Glimmora|p1a: Heatran\n|move|p1a: Heatran|Earth Power|p2a: Glimmora\n|-resisted|p2a: Glimmora\n|-damage|p2a: Glimmora|86\/100\n|\n|-heal|p2a: Glimmora|92\/100|[from] item: Leftovers\n|upkeep\n|turn|4\n|\n|t:|1700504617\n|switch|p2a: Ceruledge|Ceruledge, M|100\/100\n|move|p1a: Heatran|Magma Storm|p2a: Ceruledge\n|-start|p2a: Ceruledge|ability: Flash Fire\n|\n|upkeep\n|turn|5\n|\n|t:|1700504621\n|-end|p2a: Ceruledge|ability: Flash Fire|[silent]\n|switch|p2a: Gholdengo|Gholdengo|100\/100\n|-item|p2a: Gholdengo|Air Balloon\n|move|p1a: Heatran|Earth Power|p2a: Gholdengo\n|-immune|p2a: Gholdengo\n|\n|upkeep\n|turn|6\n|\n|t:|1700504626\n|switch|p2a: Ceruledge|Ceruledge, M|100\/100\n|move|p1a: Heatran|Magma Storm|p2a: Ceruledge\n|-start|p2a: Ceruledge|ability: Flash Fire\n|\n|upkeep\n|turn|7\n|\n|t:|1700504630\n|move|p2a: Ceruledge|Close Combat|p1a: Heatran\n|-supereffective|p1a: Heatran\n|-crit|p1a: Heatran\n|-damage|p1a: Heatran|13\/100\n|-unboost|p2a: Ceruledge|def|1\n|-unboost|p2a: Ceruledge|spd|1\n|-enditem|p1a: Heatran|Air Balloon\n|move|p1a: Heatran|Earth Power|p2a: Ceruledge\n|-supereffective|p2a: Ceruledge\n|-damage|p2a: Ceruledge|46\/100\n|\n|upkeep\n|turn|8\n|\n|t:|1700504634\n|move|p1a: Heatran|Protect|p1a: Heatran\n|-singleturn|p1a: Heatran|Protect\n|move|p2a: Ceruledge|Shadow Sneak|p1a: Heatran\n|-activate|p1a: Heatran|move: Protect\n|\n|upkeep\n|turn|9\n|\n|t:|1700504650\n|move|p2a: Ceruledge|Shadow Sneak|p1a: Heatran\n|-damage|p1a: Heatran|0 fnt\n|faint|p1a: Heatran\n|\n|upkeep\n|\n|t:|1700504654\n|switch|p1a: Zamazenta|Zamazenta|100\/100\n|-ability|p1a: Zamazenta|Dauntless Shield|boost\n|-boost|p1a: Zamazenta|def|1\n|turn|10\n|\n|t:|1700504659\n|-end|p2a: Ceruledge|ability: Flash Fire|[silent]\n|switch|p2a: Glimmora|Glimmora, F, tera:Grass|92\/100\n|move|p1a: Zamazenta|Iron Head|p2a: Glimmora\n|-damage|p2a: Glimmora|74\/100\n|\n|-heal|p2a: Glimmora|80\/100|[from] item: Leftovers\n|upkeep\n|turn|11\n|\n|t:|1700504667\n|move|p1a: Zamazenta|Substitute|p1a: Zamazenta\n|-start|p1a: Zamazenta|Substitute\n|-damage|p1a: Zamazenta|75\/100\n|move|p2a: Glimmora|Toxic||[still]\n|-fail|p2a: Glimmora\n|\n|-heal|p1a: Zamazenta|82\/100|[from] item: Leftovers\n|-heal|p2a: Glimmora|86\/100|[from] item: Leftovers\n|upkeep\n|turn|12\n|\n|t:|1700504673\n|move|p1a: Zamazenta|Iron Defense|p1a: Zamazenta\n|-boost|p1a: Zamazenta|def|2\n|move|p2a: Glimmora|Energy Ball|p1a: Zamazenta\n|-end|p1a: Zamazenta|Substitute\n|\n|-heal|p1a: Zamazenta|88\/100|[from] item: Leftovers\n|-heal|p2a: Glimmora|92\/100|[from] item: Leftovers\n|upkeep\n|turn|13\n|\n|t:|1700504682\n|move|p1a: Zamazenta|Substitute|p1a: Zamazenta\n|-start|p1a: Zamazenta|Substitute\n|-damage|p1a: Zamazenta|63\/100\n|move|p2a: Glimmora|Energy Ball|p1a: Zamazenta\n|-end|p1a: Zamazenta|Substitute\n|\n|-heal|p1a: Zamazenta|69\/100|[from] item: Leftovers\n|-heal|p2a: Glimmora|99\/100|[from] item: Leftovers\n|upkeep\n|turn|14\n|\n|t:|1700504685\n|move|p1a: Zamazenta|Body Press|p2a: Glimmora\n|-damage|p2a: Glimmora|46\/100\n|move|p2a: Glimmora|Energy Ball|p1a: Zamazenta\n|-damage|p1a: Zamazenta|40\/100\n|\n|-heal|p1a: Zamazenta|47\/100|[from] item: Leftovers\n|-heal|p2a: Glimmora|52\/100|[from] item: Leftovers\n|upkeep\n|turn|15\n|\n|t:|1700504690\n|move|p1a: Zamazenta|Body Press|p2a: Glimmora\n|-damage|p2a: Glimmora|0 fnt\n|faint|p2a: Glimmora\n|\n|-heal|p1a: Zamazenta|53\/100|[from] item: Leftovers\n|upkeep\n|\n|t:|1700504695\n|switch|p2a: Gholdengo|Gholdengo|100\/100\n|-item|p2a: Gholdengo|Air Balloon\n|turn|16\n|\n|t:|1700504699\n|move|p1a: Zamazenta|Iron Head|p2a: Gholdengo\n|-resisted|p2a: Gholdengo\n|-crit|p2a: Gholdengo\n|-damage|p2a: Gholdengo|79\/100\n|-enditem|p2a: Gholdengo|Air Balloon\n|move|p2a: Gholdengo|Make It Rain|p1a: Zamazenta\n|-damage|p1a: Zamazenta|0 fnt\n|-unboost|p2a: Gholdengo|spa|1\n|faint|p1a: Zamazenta\n|\n|upkeep\n|\n|t:|1700504707\n|switch|p1a: Yanmega|Yanmega, M|100\/100\n|turn|17\n|\n|t:|1700504713\n|move|p2a: Gholdengo|Make It Rain|p1a: Yanmega\n|-damage|p1a: Yanmega|24\/100\n|-unboost|p2a: Gholdengo|spa|1\n|move|p1a: Yanmega|Bug Buzz|p2a: Gholdengo\n|-resisted|p2a: Gholdengo\n|-damage|p2a: Gholdengo|65\/100\n|-enditem|p1a: Yanmega|Throat Spray\n|-boost|p1a: Yanmega|spa|1|[from] item: Throat Spray\n|\n|-ability|p1a: Yanmega|Speed Boost|boost\n|-boost|p1a: Yanmega|spe|1\n|upkeep\n|turn|18\n|\n|t:|1700504722\n|move|p1a: Yanmega|Protect|p1a: Yanmega\n|-singleturn|p1a: Yanmega|Protect\n|move|p2a: Gholdengo|Shadow Ball|p1a: Yanmega\n|-activate|p1a: Yanmega|move: Protect\n|\n|-ability|p1a: Yanmega|Speed Boost|boost\n|-boost|p1a: Yanmega|spe|1\n|upkeep\n|turn|19\n|\n|t:|1700504730\n|-terastallize|p1a: Yanmega|Ground\n|move|p1a: Yanmega|Tera Blast|p2a: Gholdengo|[anim] Tera Blast Ground\n|-supereffective|p2a: Gholdengo\n|-damage|p2a: Gholdengo|0 fnt\n|faint|p2a: Gholdengo\n|\n|-ability|p1a: Yanmega|Speed Boost|boost\n|-boost|p1a: Yanmega|spe|1\n|upkeep\n|\n|t:|1700504738\n|switch|p2a: Ceruledge|Ceruledge, M|46\/100\n|turn|20\n|\n|t:|1700504742\n|move|p1a: Yanmega|Protect|p1a: Yanmega\n|-singleturn|p1a: Yanmega|Protect\n|move|p2a: Ceruledge|Shadow Sneak|p1a: Yanmega\n|-activate|p1a: Yanmega|move: Protect\n|\n|-ability|p1a: Yanmega|Speed Boost|boost\n|-boost|p1a: Yanmega|spe|1\n|upkeep\n|turn|21\n|\n|t:|1700504745\n|switch|p1a: Trent|Corviknight, M|100\/100 tox\n|-ability|p1a: Trent|Pressure\n|move|p2a: Ceruledge|Shadow Sneak|p1a: Trent\n|-damage|p1a: Trent|89\/100 tox\n|-damage|p2a: Ceruledge|30\/100|[from] item: Rocky Helmet|[of] p1a: Trent\n|\n|-damage|p1a: Trent|83\/100 tox|[from] psn\n|upkeep\n|turn|22\n|\n|t:|1700504750\n|switch|p1a: Slowking|Slowking-Galar, M|100\/100\n|move|p2a: Ceruledge|Bitter Blade|p1a: Slowking\n|-damage|p1a: Slowking|59\/100\n|-heal|p2a: Ceruledge|53\/100|[from] drain|[of] p1a: Slowking\n|\n|-heal|p1a: Slowking|65\/100|[from] item: Black Sludge\n|upkeep\n|turn|23\n|\n|t:|1700504753\n|move|p2a: Ceruledge|Bitter Blade|p1a: Slowking\n|-damage|p1a: Slowking|27\/100\n|-heal|p2a: Ceruledge|75\/100|[from] drain|[of] p1a: Slowking\n|move|p1a: Slowking|Future Sight|p2a: Ceruledge\n|-start|p1a: Slowking|move: Future Sight\n|\n|-heal|p1a: Slowking|33\/100|[from] item: Black Sludge\n|upkeep\n|turn|24\n|\n|t:|1700504759\n|move|p2a: Ceruledge|Bitter Blade|p1a: Slowking\n|-damage|p1a: Slowking|0 fnt\n|-heal|p2a: Ceruledge|93\/100|[from] drain|[of] p1a: Slowking\n|faint|p1a: Slowking\n|\n|upkeep\n|\n|t:|1700504765\n|switch|p1a: Kingambit|Kingambit, F|100\/100\n|-activate|p1a: Kingambit|ability: Supreme Overlord\n|-start|p1a: Kingambit|fallen3|[silent]\n|turn|25\n|\n|t:|1700504771\n|move|p1a: Kingambit|Sucker Punch||[still]\n|-fail|p1a: Kingambit\n|move|p2a: Ceruledge|Bulk Up|p2a: Ceruledge\n|-boost|p2a: Ceruledge|atk|1\n|-boost|p2a: Ceruledge|def|1\n|\n|-end|p2a: Ceruledge|move: Future Sight\n|-damage|p2a: Ceruledge|57\/100\n|upkeep\n|turn|26\n|\n|t:|1700504778\n|move|p2a: Ceruledge|Bulk Up|p2a: Ceruledge\n|-boost|p2a: Ceruledge|atk|1\n|-boost|p2a: Ceruledge|def|1\n|move|p1a: Kingambit|Iron Head|p2a: Ceruledge\n|-resisted|p2a: Ceruledge\n|-damage|p2a: Ceruledge|42\/100\n|\n|upkeep\n|turn|27\n|\n|t:|1700504782\n|move|p2a: Ceruledge|Shadow Sneak|p1a: Kingambit\n|-resisted|p1a: Kingambit\n|-crit|p1a: Kingambit\n|-damage|p1a: Kingambit|78\/100\n|move|p1a: Kingambit|Sucker Punch||[still]\n|-fail|p1a: Kingambit\n|\n|upkeep\n|turn|28\n|\n|t:|1700504785\n|move|p2a: Ceruledge|Bitter Blade|p1a: Kingambit\n|-supereffective|p1a: Kingambit\n|-damage|p1a: Kingambit|0 fnt\n|-heal|p2a: Ceruledge|82\/100|[from] drain|[of] p1a: Kingambit\n|faint|p1a: Kingambit\n|-end|p1a: Kingambit|fallen3|[silent]\n|\n|upkeep\n|-message|finbarfinbarfinbar forfeited.\n|\n|win|sergio.andres0211\n|raw|finbarfinbarfinbar's rating: 1491 &rarr; <strong>1469<\/strong><br \/>(-22 for losing)\n|raw|sergio.andres0211's rating: 1460 &rarr; <strong>1482<\/strong><br \/>(+22 for winning)\n|l|\u2606finbarfinbarfinbar\n","uploadtime":1700504796,"views":5,"p1id":"finbarfinbarfinbar","p2id":"sergioandres0211","formatid":"gen9ou","rating":1469,"private":0,"password":""}