{"id":"gen9ou-1988881755","p1":"ShizuOsaka","p2":"Elstefano","format":"[Gen 9] OU","log":"|j|\u2606ShizuOsaka\n|j|\u2606Elstefano\n|t:|1699780246\n|gametype|singles\n|player|p1|ShizuOsaka|lady|1859\n|player|p2|Elstefano|169|1875\n|teamsize|p1|6\n|teamsize|p2|6\n|gen|9\n|tier|[Gen 9] OU\n|rated|\n|rule|Sleep Clause Mod: Limit one foe put to sleep\n|rule|Species Clause: Limit one of each Pok\u00e9mon\n|rule|OHKO Clause: OHKO moves are banned\n|rule|Evasion Items Clause: Evasion items are banned\n|rule|Evasion Moves Clause: Evasion moves are banned\n|rule|Endless Battle Clause: Forcing endless battles is banned\n|rule|HP Percentage Mod: HP is shown in percentages\n|clearpoke\n|poke|p1|Great Tusk|\n|poke|p1|Amoonguss, M|\n|poke|p1|Kingambit, F|\n|poke|p1|Dragapult, M|\n|poke|p1|Dragonite, M|\n|poke|p1|Clefable, M|\n|poke|p2|Alomomola, M|\n|poke|p2|Dondozo, M|\n|poke|p2|Blissey, F|\n|poke|p2|Clodsire, F|\n|poke|p2|Clefable, F|\n|poke|p2|Corviknight, F|\n|teampreview\n|inactive|Battle timer is ON: inactive players will automatically lose when time's up. (requested by ShizuOsaka)\n|j| Ramplestilskin\n|\n|t:|1699780262\n|start\n|switch|p1a: Clefable|Clefable, M|100\/100\n|switch|p2a: Clefable|Clefable, F|100\/100\n|turn|1\n|\n|t:|1699780268\n|move|p1a: Clefable|Stealth Rock|p2a: Clefable\n|-sidestart|p2: Elstefano|move: Stealth Rock\n|move|p2a: Clefable|Knock Off|p1a: Clefable\n|-resisted|p1a: Clefable\n|-damage|p1a: Clefable|95\/100\n|-enditem|p1a: Clefable|Leftovers|[from] move: Knock Off|[of] p2a: Clefable\n|\n|upkeep\n|turn|2\n|\n|t:|1699780276\n|move|p1a: Clefable|Moonblast|p2a: Clefable\n|-crit|p2a: Clefable\n|-damage|p2a: Clefable|55\/100\n|move|p2a: Clefable|Calm Mind|p2a: Clefable\n|-boost|p2a: Clefable|spa|1\n|-boost|p2a: Clefable|spd|1\n|\n|-heal|p2a: Clefable|61\/100|[from] item: Leftovers\n|upkeep\n|turn|3\n|\n|t:|1699780282\n|switch|p1a: Kingambit|Kingambit, F|100\/100\n|move|p2a: Clefable|Knock Off|p1a: Kingambit\n|-resisted|p1a: Kingambit\n|-damage|p1a: Kingambit|93\/100\n|-enditem|p1a: Kingambit|Leftovers|[from] move: Knock Off|[of] p2a: Clefable\n|\n|-heal|p2a: Clefable|67\/100|[from] item: Leftovers\n|upkeep\n|turn|4\n|\n|t:|1699780294\n|switch|p2a: Corviknight|Corviknight, F|100\/100\n|-damage|p2a: Corviknight|88\/100|[from] Stealth Rock\n|-ability|p2a: Corviknight|Pressure\n|move|p1a: Kingambit|Kowtow Cleave|p2a: Corviknight\n|-damage|p2a: Corviknight|59\/100\n|-damage|p1a: Kingambit|77\/100|[from] item: Rocky Helmet|[of] p2a: Corviknight\n|\n|upkeep\n|turn|5\n|\n|t:|1699780304\n|-end|p1a: Kingambit|fallenundefined|[silent]\n|switch|p1a: Clefable|Clefable, M|95\/100\n|move|p2a: Corviknight|Roost|p2a: Corviknight\n|-heal|p2a: Corviknight|100\/100\n|-singleturn|p2a: Corviknight|move: Roost\n|\n|upkeep\n|turn|6\n|\n|t:|1699780316\n|switch|p2a: Blissey|Blissey, F|100\/100\n|move|p1a: Clefable|Wish|p1a: Clefable\n|\n|upkeep\n|turn|7\n|\n|t:|1699780322\n|switch|p1a: Kingambit|Kingambit, F|77\/100\n|move|p2a: Blissey|Stealth Rock|p1a: Kingambit\n|-sidestart|p1: ShizuOsaka|move: Stealth Rock\n|\n|-heal|p1a: Kingambit|100\/100|[from] move: Wish|[wisher] Clefable\n|upkeep\n|turn|8\n|\n|t:|1699780334\n|-end|p1a: Kingambit|fallenundefined|[silent]\n|switch|p1a: Great Tusk|Great Tusk|100\/100\n|-damage|p1a: Great Tusk|98\/100|[from] Stealth Rock\n|switch|p2a: Alomomola|Alomomola, M|100\/100\n|\n|-heal|p1a: Great Tusk|100\/100|[from] item: Leftovers\n|upkeep\n|turn|9\n|\n|t:|1699780345\n|move|p1a: Great Tusk|Knock Off|p2a: Alomomola\n|-damage|p2a: Alomomola|76\/100\n|-enditem|p2a: Alomomola|Heavy-Duty Boots|[from] move: Knock Off|[of] p1a: Great Tusk\n|move|p2a: Alomomola|Flip Turn|p1a: Great Tusk\n|-supereffective|p1a: Great Tusk\n|-damage|p1a: Great Tusk|77\/100\n|\n|t:|1699780352\n|switch|p2a: Clefable|Clefable, F|67\/100|[from] Flip Turn\n|\n|-heal|p1a: Great Tusk|84\/100|[from] item: Leftovers\n|-heal|p2a: Clefable|73\/100|[from] item: Leftovers\n|upkeep\n|turn|10\n|\n|t:|1699780359\n|-end|p1a: Great Tusk|Protosynthesis|[silent]\n|switch|p1a: Amoonguss|Amoonguss, M|100\/100\n|-damage|p1a: Amoonguss|88\/100|[from] Stealth Rock\n|move|p2a: Clefable|Knock Off|p1a: Amoonguss\n|-damage|p1a: Amoonguss|74\/100\n|-enditem|p1a: Amoonguss|Leftovers|[from] move: Knock Off|[of] p2a: Clefable\n|\n|-heal|p2a: Clefable|79\/100|[from] item: Leftovers\n|upkeep\n|turn|11\n|\n|t:|1699780369\n|switch|p2a: Clodsire|Clodsire, F|100\/100\n|switch|p1a: Great Tusk|Great Tusk|84\/100\n|-damage|p1a: Great Tusk|81\/100|[from] Stealth Rock\n|\n|-heal|p1a: Great Tusk|87\/100|[from] item: Leftovers\n|upkeep\n|turn|12\n|\n|t:|1699780380\n|switch|p2a: Clefable|Clefable, F|79\/100\n|move|p1a: Great Tusk|Knock Off|p2a: Clefable\n|-resisted|p2a: Clefable\n|-damage|p2a: Clefable|67\/100\n|-enditem|p2a: Clefable|Leftovers|[from] move: Knock Off|[of] p1a: Great Tusk\n|\n|-heal|p1a: Great Tusk|93\/100|[from] item: Leftovers\n|upkeep\n|turn|13\n|j| PantyPhantom\n|\n|t:|1699780389\n|-end|p1a: Great Tusk|Protosynthesis|[silent]\n|switch|p1a: Amoonguss|Amoonguss, M|100\/100\n|-damage|p1a: Amoonguss|88\/100|[from] Stealth Rock\n|move|p2a: Clefable|Knock Off|p1a: Amoonguss\n|-damage|p1a: Amoonguss|78\/100\n|\n|upkeep\n|turn|14\n|\n|t:|1699780415\n|switch|p2a: Alomomola|Alomomola, M|100\/100\n|-damage|p2a: Alomomola|88\/100|[from] Stealth Rock\n|switch|p1a: Kingambit|Kingambit, F|100\/100\n|-damage|p1a: Kingambit|94\/100|[from] Stealth Rock\n|\n|upkeep\n|turn|15\n|\n|t:|1699780425\n|-end|p1a: Kingambit|fallenundefined|[silent]\n|switch|p1a: Clefable|Clefable, M|95\/100\n|move|p2a: Alomomola|Wish|p2a: Alomomola\n|\n|upkeep\n|turn|16\n|\n|t:|1699780448\n|move|p2a: Alomomola|Flip Turn|p1a: Clefable\n|-damage|p1a: Clefable|81\/100\n|\n|t:|1699780451\n|switch|p2a: Clodsire|Clodsire, F|100\/100|[from] Flip Turn\n|move|p1a: Clefable|Wish|p1a: Clefable\n|\n|upkeep\n|turn|17\n|\n|t:|1699780456\n|switch|p1a: Kingambit|Kingambit, F|94\/100\n|-damage|p1a: Kingambit|88\/100|[from] Stealth Rock\n|move|p2a: Clodsire|Spikes|p1a: Kingambit\n|-sidestart|p1: ShizuOsaka|Spikes\n|\n|-heal|p1a: Kingambit|100\/100|[from] move: Wish|[wisher] Clefable\n|upkeep\n|turn|18\n|\n|t:|1699780463\n|switch|p2a: Alomomola|Alomomola, M|100\/100\n|-damage|p2a: Alomomola|88\/100|[from] Stealth Rock\n|move|p1a: Kingambit|Swords Dance|p1a: Kingambit\n|-boost|p1a: Kingambit|atk|2\n|\n|upkeep\n|turn|19\n|\n|t:|1699780471\n|move|p1a: Kingambit|Kowtow Cleave|p2a: Alomomola\n|-damage|p2a: Alomomola|24\/100\n|move|p2a: Alomomola|Flip Turn|p1a: Kingambit\n|-damage|p1a: Kingambit|89\/100\n|\n|t:|1699780478\n|switch|p2a: Dondozo|Dondozo, M|100\/100|[from] Flip Turn\n|\n|upkeep\n|turn|20\n|\n|t:|1699780486\n|-end|p1a: Kingambit|fallenundefined|[silent]\n|switch|p1a: Amoonguss|Amoonguss, M|100\/100\n|-damage|p1a: Amoonguss|88\/100|[from] Stealth Rock\n|-damage|p1a: Amoonguss|75\/100|[from] Spikes\n|switch|p2a: Clefable|Clefable, F|67\/100\n|\n|upkeep\n|turn|21\n|j| DR NEFARIO MD\n|\n|t:|1699780499\n|switch|p2a: Clodsire|Clodsire, F|100\/100\n|switch|p1a: Great Tusk|Great Tusk|93\/100\n|-damage|p1a: Great Tusk|90\/100|[from] Stealth Rock\n|-damage|p1a: Great Tusk|78\/100|[from] Spikes\n|\n|-heal|p1a: Great Tusk|84\/100|[from] item: Leftovers\n|upkeep\n|turn|22\n|\n|t:|1699780504\n|switch|p2a: Clefable|Clefable, F|67\/100\n|move|p1a: Great Tusk|Earthquake|p2a: Clefable\n|-damage|p2a: Clefable|25\/100\n|\n|-heal|p1a: Great Tusk|90\/100|[from] item: Leftovers\n|upkeep\n|turn|23\n|\n|t:|1699780514\n|switch|p2a: Corviknight|Corviknight, F|100\/100\n|-damage|p2a: Corviknight|88\/100|[from] Stealth Rock\n|-ability|p2a: Corviknight|Pressure\n|move|p1a: Great Tusk|Knock Off|p2a: Corviknight\n|-damage|p2a: Corviknight|67\/100\n|-damage|p1a: Great Tusk|74\/100|[from] item: Rocky Helmet|[of] p2a: Corviknight\n|-enditem|p2a: Corviknight|Rocky Helmet|[from] move: Knock Off|[of] p1a: Great Tusk\n|\n|-heal|p1a: Great Tusk|80\/100|[from] item: Leftovers\n|upkeep\n|turn|24\n|\n|t:|1699780521\n|switch|p2a: Alomomola|Alomomola, M|58\/100\n|-damage|p2a: Alomomola|45\/100|[from] Stealth Rock\n|move|p1a: Great Tusk|Rapid Spin|p2a: Alomomola\n|-damage|p2a: Alomomola|33\/100\n|-boost|p1a: Great Tusk|spe|1\n|-sideend|p1: ShizuOsaka|Spikes|[from] move: Rapid Spin|[of] p1a: Great Tusk\n|-sideend|p1: ShizuOsaka|Stealth Rock|[from] move: Rapid Spin|[of] p1a: Great Tusk\n|\n|-heal|p1a: Great Tusk|86\/100|[from] item: Leftovers\n|upkeep\n|turn|25\n|\n|t:|1699780529\n|switch|p2a: Corviknight|Corviknight, F|67\/100\n|-damage|p2a: Corviknight|54\/100|[from] Stealth Rock\n|-ability|p2a: Corviknight|Pressure\n|move|p1a: Great Tusk|Close Combat|p2a: Corviknight\n|-damage|p2a: Corviknight|17\/100\n|-unboost|p1a: Great Tusk|def|1\n|-unboost|p1a: Great Tusk|spd|1\n|\n|-heal|p1a: Great Tusk|92\/100|[from] item: Leftovers\n|upkeep\n|turn|26\n|\n|t:|1699780539\n|switch|p2a: Alomomola|Alomomola, M|66\/100\n|-damage|p2a: Alomomola|54\/100|[from] Stealth Rock\n|move|p1a: Great Tusk|Knock Off|p2a: Alomomola\n|-damage|p2a: Alomomola|40\/100\n|\n|-heal|p1a: Great Tusk|98\/100|[from] item: Leftovers\n|upkeep\n|turn|27\n|\n|t:|1699780545\n|-end|p1a: Great Tusk|Protosynthesis|[silent]\n|switch|p1a: Amoonguss|Amoonguss, M|100\/100\n|move|p2a: Alomomola|Wish|p2a: Alomomola\n|\n|upkeep\n|turn|28\n|\n|t:|1699780550\n|move|p2a: Alomomola|Protect|p2a: Alomomola\n|-singleturn|p2a: Alomomola|Protect\n|move|p1a: Amoonguss|Spore|p2a: Alomomola\n|-activate|p2a: Alomomola|move: Protect\n|\n|-heal|p2a: Alomomola|90\/100|[from] move: Wish|[wisher] Alomomola\n|upkeep\n|turn|29\n|\n|t:|1699780558\n|switch|p2a: Clodsire|Clodsire, F|100\/100\n|switch|p1a: Dragapult|Dragapult, M|100\/100\n|\n|upkeep\n|turn|30\n|\n|t:|1699780565\n|switch|p1a: Great Tusk|Great Tusk|98\/100\n|move|p2a: Clodsire|Spikes|p1a: Great Tusk\n|-sidestart|p1: ShizuOsaka|Spikes\n|\n|-heal|p1a: Great Tusk|100\/100|[from] item: Leftovers\n|upkeep\n|turn|31\n|\n|t:|1699780571\n|switch|p2a: Alomomola|Alomomola, M|100\/100\n|-damage|p2a: Alomomola|88\/100|[from] Stealth Rock\n|move|p1a: Great Tusk|Earthquake|p2a: Alomomola\n|-damage|p2a: Alomomola|53\/100\n|\n|upkeep\n|turn|32\n|j| helloplsinvme\n|j| guihg\n|\n|t:|1699780579\n|move|p1a: Great Tusk|Rapid Spin|p2a: Alomomola\n|-damage|p2a: Alomomola|41\/100\n|-boost|p1a: Great Tusk|spe|1\n|-sideend|p1: ShizuOsaka|Spikes|[from] move: Rapid Spin|[of] p1a: Great Tusk\n|move|p2a: Alomomola|Wish|p2a: Alomomola\n|\n|upkeep\n|turn|33\n|\n|t:|1699780584\n|move|p2a: Alomomola|Protect|p2a: Alomomola\n|-singleturn|p2a: Alomomola|Protect\n|move|p1a: Great Tusk|Close Combat|p2a: Alomomola\n|-activate|p2a: Alomomola|move: Protect\n|\n|-heal|p2a: Alomomola|91\/100|[from] move: Wish|[wisher] Alomomola\n|upkeep\n|turn|34\n|\n|t:|1699780588\n|-end|p1a: Great Tusk|Protosynthesis|[silent]\n|switch|p1a: Dragapult|Dragapult, M|100\/100\n|move|p2a: Alomomola|Wish|p2a: Alomomola\n|\n|upkeep\n|turn|35\n|\n|t:|1699780598\n|switch|p2a: Clodsire|Clodsire, F|100\/100\n|move|p1a: Dragapult|Shadow Ball|p2a: Clodsire\n|-damage|p2a: Clodsire|71\/100\n|\n|-heal|p2a: Clodsire|100\/100|[from] move: Wish|[wisher] Alomomola\n|upkeep\n|turn|36\n|\n|t:|1699780605\n|switch|p1a: Clefable|Clefable, M|81\/100\n|switch|p2a: Alomomola|Alomomola, M|100\/100\n|-damage|p2a: Alomomola|88\/100|[from] Stealth Rock\n|\n|upkeep\n|turn|37\n|\n|t:|1699780610\n|move|p2a: Alomomola|Wish|p2a: Alomomola\n|move|p1a: Clefable|Moonblast|p2a: Alomomola\n|-damage|p2a: Alomomola|62\/100\n|\n|upkeep\n|turn|38\n|\n|t:|1699780614\n|move|p1a: Clefable|Protect|p1a: Clefable\n|-singleturn|p1a: Clefable|Protect\n|move|p2a: Alomomola|Flip Turn|p1a: Clefable\n|-activate|p1a: Clefable|move: Protect\n|\n|-heal|p2a: Alomomola|100\/100|[from] move: Wish|[wisher] Alomomola\n|upkeep\n|turn|39\n|\n|t:|1699780618\n|move|p2a: Alomomola|Wish|p2a: Alomomola\n|move|p1a: Clefable|Wish|p1a: Clefable\n|\n|upkeep\n|turn|40\n|\n|t:|1699780624\n|move|p2a: Alomomola|Flip Turn|p1a: Clefable\n|-damage|p1a: Clefable|70\/100\n|\n|t:|1699780631\n|switch|p2a: Clodsire|Clodsire, F|100\/100|[from] Flip Turn\n|move|p1a: Clefable|Moonblast|p2a: Clodsire\n|-resisted|p2a: Clodsire\n|-damage|p2a: Clodsire|93\/100\n|\n|-heal|p1a: Clefable|100\/100|[from] move: Wish|[wisher] Clefable\n|-heal|p2a: Clodsire|100\/100|[from] move: Wish|[wisher] Alomomola\n|upkeep\n|turn|41\n|inactive|ShizuOsaka has 120 seconds left.\n|\n|t:|1699780667\n|switch|p1a: Kingambit|Kingambit, F|89\/100\n|move|p2a: Clodsire|Spikes|p1a: Kingambit\n|-sidestart|p1: ShizuOsaka|Spikes\n|\n|upkeep\n|turn|42\n|inactive|ShizuOsaka has 120 seconds left.\n|j| mono117\n|\n|t:|1699780676\n|switch|p2a: Alomomola|Alomomola, M|100\/100\n|-damage|p2a: Alomomola|88\/100|[from] Stealth Rock\n|move|p1a: Kingambit|Kowtow Cleave|p2a: Alomomola\n|-damage|p2a: Alomomola|57\/100\n|\n|upkeep\n|turn|43\n|\n|t:|1699780683\n|move|p1a: Kingambit|Swords Dance|p1a: Kingambit\n|-boost|p1a: Kingambit|atk|2\n|move|p2a: Alomomola|Flip Turn|p1a: Kingambit\n|-damage|p1a: Kingambit|76\/100\n|\n|t:|1699780688\n|switch|p2a: Dondozo|Dondozo, M|100\/100|[from] Flip Turn\n|\n|upkeep\n|turn|44\n|\n|t:|1699780693\n|-end|p1a: Kingambit|fallenundefined|[silent]\n|switch|p1a: Amoonguss|Amoonguss, M|100\/100\n|-damage|p1a: Amoonguss|88\/100|[from] Spikes\n|move|p2a: Dondozo|Waterfall|p1a: Amoonguss\n|-resisted|p1a: Amoonguss\n|-damage|p1a: Amoonguss|77\/100\n|\n|upkeep\n|turn|45\n|c| mono117|great stall team xd\n|\n|t:|1699780701\n|switch|p2a: Blissey|Blissey, F|100\/100\n|switch|p1a: Great Tusk|Great Tusk|100\/100\n|-damage|p1a: Great Tusk|88\/100|[from] Spikes\n|\n|-heal|p1a: Great Tusk|94\/100|[from] item: Leftovers\n|upkeep\n|turn|46\n|\n|t:|1699780711\n|switch|p2a: Alomomola|Alomomola, M|90\/100\n|-damage|p2a: Alomomola|78\/100|[from] Stealth Rock\n|move|p1a: Great Tusk|Knock Off|p2a: Alomomola\n|-damage|p2a: Alomomola|63\/100\n|\n|-heal|p1a: Great Tusk|100\/100|[from] item: Leftovers\n|upkeep\n|turn|47\n|\n|t:|1699780722\n|move|p1a: Great Tusk|Rapid Spin|p2a: Alomomola\n|-damage|p2a: Alomomola|52\/100\n|-boost|p1a: Great Tusk|spe|1\n|-sideend|p1: ShizuOsaka|Spikes|[from] move: Rapid Spin|[of] p1a: Great Tusk\n|move|p2a: Alomomola|Wish|p2a: Alomomola\n|\n|upkeep\n|turn|48\n|\n|t:|1699780732\n|-end|p1a: Great Tusk|Protosynthesis|[silent]\n|switch|p1a: Dragapult|Dragapult, M|100\/100\n|move|p2a: Alomomola|Flip Turn|p1a: Dragapult\n|-resisted|p1a: Dragapult\n|-damage|p1a: Dragapult|89\/100\n|\n|t:|1699780739\n|switch|p2a: Clefable|Clefable, F|25\/100|[from] Flip Turn\n|\n|-heal|p2a: Clefable|85\/100|[from] move: Wish|[wisher] Alomomola\n|upkeep\n|turn|49\n|\n|t:|1699780748\n|move|p1a: Dragapult|U-turn|p2a: Clefable\n|-resisted|p2a: Clefable\n|-damage|p2a: Clefable|79\/100\n|\n|t:|1699780751\n|switch|p1a: Amoonguss|Amoonguss, M|100\/100|[from] U-turn\n|move|p2a: Clefable|Moonblast|p1a: Amoonguss\n|-resisted|p1a: Amoonguss\n|-damage|p1a: Amoonguss|86\/100\n|-unboost|p1a: Amoonguss|spa|1\n|\n|upkeep\n|turn|50\n|\n|t:|1699780757\n|switch|p2a: Blissey|Blissey, F|100\/100\n|move|p1a: Amoonguss|Spore|p2a: Blissey\n|-status|p2a: Blissey|slp|[from] move: Spore\n|\n|upkeep\n|turn|51\n|\n|t:|1699780764\n|-curestatus|p2a: Blissey|slp|[from] ability: Natural Cure\n|switch|p2a: Alomomola|Alomomola, M|85\/100\n|-damage|p2a: Alomomola|73\/100|[from] Stealth Rock\n|switch|p1a: Kingambit|Kingambit, F|76\/100\n|\n|upkeep\n|turn|52\n|\n|t:|1699780774\n|move|p1a: Kingambit|Kowtow Cleave|p2a: Alomomola\n|-damage|p2a: Alomomola|41\/100\n|move|p2a: Alomomola|Flip Turn|p1a: Kingambit\n|-damage|p1a: Kingambit|63\/100\n|\n|t:|1699780783\n|switch|p2a: Dondozo|Dondozo, M|100\/100|[from] Flip Turn\n|\n|upkeep\n|turn|53\n|\n|t:|1699780794\n|-end|p1a: Kingambit|fallenundefined|[silent]\n|switch|p1a: Clefable|Clefable, M|100\/100\n|switch|p2a: Alomomola|Alomomola, M|75\/100\n|-damage|p2a: Alomomola|62\/100|[from] Stealth Rock\n|\n|upkeep\n|turn|54\n|\n|t:|1699780803\n|switch|p2a: Blissey|Blissey, F|100\/100\n|move|p1a: Clefable|Moonblast|p2a: Blissey\n|-damage|p2a: Blissey|90\/100\n|-unboost|p2a: Blissey|spa|1\n|\n|upkeep\n|turn|55\n|\n|t:|1699780809\n|move|p1a: Clefable|Wish|p1a: Clefable\n|move|p2a: Blissey|Stealth Rock|p1a: Clefable\n|-sidestart|p1: ShizuOsaka|move: Stealth Rock\n|\n|upkeep\n|turn|56\n|\n|t:|1699780813\n|switch|p1a: Kingambit|Kingambit, F|63\/100\n|-damage|p1a: Kingambit|56\/100|[from] Stealth Rock\n|switch|p2a: Alomomola|Alomomola, M|95\/100\n|-damage|p2a: Alomomola|83\/100|[from] Stealth Rock\n|\n|-heal|p1a: Kingambit|100\/100|[from] move: Wish|[wisher] Clefable\n|upkeep\n|turn|57\n|\n|t:|1699780823\n|move|p1a: Kingambit|Kowtow Cleave|p2a: Alomomola\n|-damage|p2a: Alomomola|51\/100\n|move|p2a: Alomomola|Wish|p2a: Alomomola\n|\n|upkeep\n|turn|58\n|\n|t:|1699780833\n|move|p1a: Kingambit|Kowtow Cleave|p2a: Alomomola\n|-damage|p2a: Alomomola|20\/100\n|move|p2a: Alomomola|Flip Turn|p1a: Kingambit\n|-damage|p1a: Kingambit|86\/100\n|\n|t:|1699780840\n|switch|p2a: Corviknight|Corviknight, F|17\/100|[from] Flip Turn\n|-damage|p2a: Corviknight|5\/100|[from] Stealth Rock\n|-ability|p2a: Corviknight|Pressure\n|\n|-heal|p2a: Corviknight|64\/100|[from] move: Wish|[wisher] Alomomola\n|upkeep\n|turn|59\n|\n|t:|1699780853\n|-end|p1a: Kingambit|fallenundefined|[silent]\n|switch|p1a: Clefable|Clefable, M|100\/100\n|move|p2a: Corviknight|Body Press|p1a: Clefable\n|-resisted|p1a: Clefable\n|-damage|p1a: Clefable|90\/100\n|\n|upkeep\n|turn|60\n|\n|t:|1699780859\n|move|p2a: Corviknight|Iron Defense|p2a: Corviknight\n|-boost|p2a: Corviknight|def|2\n|move|p1a: Clefable|Wish|p1a: Clefable\n|\n|upkeep\n|turn|61\n|\n|t:|1699780870\n|switch|p1a: Dragapult|Dragapult, M|89\/100\n|-damage|p1a: Dragapult|77\/100|[from] Stealth Rock\n|move|p2a: Corviknight|Roost|p2a: Corviknight\n|-heal|p2a: Corviknight|100\/100\n|-singleturn|p2a: Corviknight|move: Roost\n|\n|-heal|p1a: Dragapult|100\/100|[from] move: Wish|[wisher] Clefable\n|upkeep\n|turn|62\n|\n|t:|1699780880\n|switch|p2a: Blissey|Blissey, F|90\/100\n|move|p1a: Dragapult|U-turn|p2a: Blissey\n|-damage|p2a: Blissey|72\/100\n|\n|t:|1699780885\n|switch|p1a: Great Tusk|Great Tusk|100\/100|[from] U-turn\n|-damage|p1a: Great Tusk|98\/100|[from] Stealth Rock\n|\n|-heal|p1a: Great Tusk|100\/100|[from] item: Leftovers\n|upkeep\n|turn|63\n|\n|t:|1699780891\n|switch|p2a: Corviknight|Corviknight, F|100\/100\n|-damage|p2a: Corviknight|88\/100|[from] Stealth Rock\n|-ability|p2a: Corviknight|Pressure\n|move|p1a: Great Tusk|Rapid Spin|p2a: Corviknight\n|-resisted|p2a: Corviknight\n|-damage|p2a: Corviknight|83\/100\n|-boost|p1a: Great Tusk|spe|1\n|-sideend|p1: ShizuOsaka|Stealth Rock|[from] move: Rapid Spin|[of] p1a: Great Tusk\n|\n|upkeep\n|turn|64\n|\n|t:|1699780904\n|-end|p1a: Great Tusk|Protosynthesis|[silent]\n|switch|p1a: Dragapult|Dragapult, M|100\/100\n|switch|p2a: Alomomola|Alomomola, M|53\/100\n|-damage|p2a: Alomomola|40\/100|[from] Stealth Rock\n|\n|upkeep\n|turn|65\n|\n|t:|1699780911\n|move|p2a: Alomomola|Protect|p2a: Alomomola\n|-singleturn|p2a: Alomomola|Protect\n|move|p1a: Dragapult|U-turn|p2a: Alomomola\n|-activate|p2a: Alomomola|move: Protect\n|\n|upkeep\n|turn|66\n|\n|t:|1699780920\n|switch|p1a: Kingambit|Kingambit, F|86\/100\n|move|p2a: Alomomola|Wish|p2a: Alomomola\n|\n|upkeep\n|turn|67\n|\n|t:|1699780928\n|switch|p2a: Corviknight|Corviknight, F|83\/100\n|-damage|p2a: Corviknight|70\/100|[from] Stealth Rock\n|-ability|p2a: Corviknight|Pressure\n|move|p1a: Kingambit|Iron Head|p2a: Corviknight\n|-resisted|p2a: Corviknight\n|-damage|p2a: Corviknight|57\/100\n|\n|-heal|p2a: Corviknight|100\/100|[from] move: Wish|[wisher] Alomomola\n|upkeep\n|turn|68\n|\n|t:|1699780941\n|switch|p2a: Clefable|Clefable, F|79\/100\n|move|p1a: Kingambit|Kowtow Cleave|p2a: Clefable\n|-resisted|p2a: Clefable\n|-crit|p2a: Clefable\n|-damage|p2a: Clefable|50\/100\n|\n|upkeep\n|turn|69\n|\n|t:|1699780952\n|switch|p2a: Dondozo|Dondozo, M|100\/100\n|move|p1a: Kingambit|Iron Head|p2a: Dondozo\n|-resisted|p2a: Dondozo\n|-damage|p2a: Dondozo|90\/100\n|\n|upkeep\n|turn|70\n|\n|t:|1699780963\n|-end|p1a: Kingambit|fallenundefined|[silent]\n|switch|p1a: Amoonguss|Amoonguss, M|100\/100\n|switch|p2a: Alomomola|Alomomola, M|74\/100\n|-damage|p2a: Alomomola|61\/100|[from] Stealth Rock\n|\n|upkeep\n|turn|71\n|\n|t:|1699780970\n|switch|p2a: Blissey|Blissey, F|72\/100\n|move|p1a: Amoonguss|Sludge Bomb|p2a: Blissey\n|-damage|p2a: Blissey|64\/100\n|\n|upkeep\n|turn|72\n|\n|t:|1699780979\n|switch|p1a: Great Tusk|Great Tusk|100\/100\n|move|p2a: Blissey|Stealth Rock|p1a: Great Tusk\n|-sidestart|p1: ShizuOsaka|move: Stealth Rock\n|\n|upkeep\n|turn|73\n|\n|t:|1699780984\n|switch|p2a: Alomomola|Alomomola, M|94\/100\n|-damage|p2a: Alomomola|82\/100|[from] Stealth Rock\n|move|p1a: Great Tusk|Rapid Spin|p2a: Alomomola\n|-crit|p2a: Alomomola\n|-damage|p2a: Alomomola|64\/100\n|-boost|p1a: Great Tusk|spe|1\n|-sideend|p1: ShizuOsaka|Stealth Rock|[from] move: Rapid Spin|[of] p1a: Great Tusk\n|\n|upkeep\n|turn|74\n|\n|t:|1699780992\n|move|p1a: Great Tusk|Earthquake|p2a: Alomomola\n|-damage|p2a: Alomomola|28\/100\n|move|p2a: Alomomola|Wish|p2a: Alomomola\n|\n|upkeep\n|turn|75\n|\n|t:|1699780997\n|switch|p2a: Clefable|Clefable, F|50\/100\n|move|p1a: Great Tusk|Rapid Spin|p2a: Clefable\n|-damage|p2a: Clefable|38\/100\n|-boost|p1a: Great Tusk|spe|1\n|\n|-heal|p2a: Clefable|98\/100|[from] move: Wish|[wisher] Alomomola\n|upkeep\n|turn|76\n|\n|t:|1699781010\n|-end|p1a: Great Tusk|Protosynthesis|[silent]\n|switch|p1a: Amoonguss|Amoonguss, M|100\/100\n|-terastallize|p2a: Clefable|Ghost\n|move|p2a: Clefable|Moonblast|p1a: Amoonguss\n|-resisted|p1a: Amoonguss\n|-damage|p1a: Amoonguss|87\/100\n|\n|upkeep\n|turn|77\n|\n|t:|1699781022\n|switch|p2a: Blissey|Blissey, F|64\/100\n|switch|p1a: Dragonite|Dragonite, M|100\/100\n|\n|upkeep\n|turn|78\n|\n|t:|1699781027\n|switch|p1a: Dragapult|Dragapult, M|100\/100\n|switch|p2a: Dondozo|Dondozo, M|90\/100\n|\n|upkeep\n|turn|79\n|\n|t:|1699781032\n|switch|p2a: Clodsire|Clodsire, F|100\/100\n|move|p1a: Dragapult|Draco Meteor|p2a: Clodsire\n|-crit|p2a: Clodsire\n|-damage|p2a: Clodsire|30\/100\n|-unboost|p1a: Dragapult|spa|2\n|\n|upkeep\n|turn|80\n|\n|t:|1699781041\n|switch|p2a: Blissey|Blissey, F|64\/100\n|move|p1a: Dragapult|Draco Meteor|p2a: Blissey\n|-damage|p2a: Blissey|51\/100\n|-unboost|p1a: Dragapult|spa|2\n|\n|upkeep\n|turn|81\n|\n|t:|1699781046\n|switch|p1a: Kingambit|Kingambit, F|86\/100\n|move|p2a: Blissey|Stealth Rock|p1a: Kingambit\n|-sidestart|p1: ShizuOsaka|move: Stealth Rock\n|\n|upkeep\n|turn|82\n|\n|t:|1699781054\n|-end|p1a: Kingambit|fallenundefined|[silent]\n|switch|p1a: Great Tusk|Great Tusk|100\/100\n|-damage|p1a: Great Tusk|98\/100|[from] Stealth Rock\n|switch|p2a: Alomomola|Alomomola, M|61\/100\n|-damage|p2a: Alomomola|49\/100|[from] Stealth Rock\n|\n|-heal|p1a: Great Tusk|100\/100|[from] item: Leftovers\n|upkeep\n|turn|83\n|\n|t:|1699781063\n|move|p1a: Great Tusk|Close Combat|p2a: Alomomola\n|-damage|p2a: Alomomola|5\/100\n|-unboost|p1a: Great Tusk|def|1\n|-unboost|p1a: Great Tusk|spd|1\n|move|p2a: Alomomola|Flip Turn|p1a: Great Tusk\n|-supereffective|p1a: Great Tusk\n|-damage|p1a: Great Tusk|68\/100\n|l| guihg\n|\n|t:|1699781072\n|switch|p2a: Clefable|Clefable, F, tera:Ghost|98\/100|[from] Flip Turn\n|\n|-heal|p1a: Great Tusk|74\/100|[from] item: Leftovers\n|upkeep\n|turn|84\n|\n|t:|1699781079\n|-end|p1a: Great Tusk|Protosynthesis|[silent]\n|switch|p1a: Clefable|Clefable, M|90\/100\n|switch|p2a: Clodsire|Clodsire, F|30\/100\n|\n|upkeep\n|turn|85\n|\n|t:|1699781085\n|move|p1a: Clefable|Wish|p1a: Clefable\n|move|p2a: Clodsire|Recover|p2a: Clodsire\n|-heal|p2a: Clodsire|80\/100\n|\n|upkeep\n|turn|86\n|\n|t:|1699781087\n|switch|p1a: Great Tusk|Great Tusk|74\/100\n|-damage|p1a: Great Tusk|71\/100|[from] Stealth Rock\n|move|p2a: Clodsire|Spikes|p1a: Great Tusk\n|-sidestart|p1: ShizuOsaka|Spikes\n|\n|-heal|p1a: Great Tusk|100\/100|[from] move: Wish|[wisher] Clefable\n|upkeep\n|turn|87\n|\n|t:|1699781095\n|switch|p2a: Clefable|Clefable, F, tera:Ghost|98\/100\n|move|p1a: Great Tusk|Earthquake|p2a: Clefable\n|-damage|p2a: Clefable|57\/100\n|\n|upkeep\n|turn|88\n|\n|t:|1699781103\n|-end|p1a: Great Tusk|Protosynthesis|[silent]\n|switch|p1a: Clefable|Clefable, M|90\/100\n|move|p2a: Clefable|Moonlight|p2a: Clefable\n|-heal|p2a: Clefable|100\/100\n|\n|upkeep\n|turn|89\n|\n|t:|1699781119\n|move|p1a: Clefable|Wish|p1a: Clefable\n|move|p2a: Clefable|Moonblast|p1a: Clefable\n|-damage|p1a: Clefable|59\/100\n|\n|upkeep\n|turn|90\n|\n|t:|1699781123\n|switch|p2a: Clodsire|Clodsire, F|80\/100\n|move|p1a: Clefable|Moonblast|p2a: Clodsire\n|-resisted|p2a: Clodsire\n|-damage|p2a: Clodsire|71\/100\n|\n|-heal|p1a: Clefable|100\/100|[from] move: Wish|[wisher] Clefable\n|upkeep\n|turn|91\n|\n|t:|1699781128\n|switch|p1a: Amoonguss|Amoonguss, M|100\/100\n|-damage|p1a: Amoonguss|88\/100|[from] Stealth Rock\n|-damage|p1a: Amoonguss|75\/100|[from] Spikes\n|move|p2a: Clodsire|Spikes|p1a: Amoonguss\n|-sidestart|p1: ShizuOsaka|Spikes\n|\n|upkeep\n|turn|92\n|\n|t:|1699781136\n|move|p1a: Amoonguss|Spore|p2a: Clodsire\n|-status|p2a: Clodsire|slp|[from] move: Spore\n|cant|p2a: Clodsire|slp\n|\n|upkeep\n|turn|93\n|\n|t:|1699781140\n|move|p1a: Amoonguss|Stomping Tantrum|p2a: Clodsire\n|-supereffective|p2a: Clodsire\n|-damage|p2a: Clodsire|39\/100 slp\n|-curestatus|p2a: Clodsire|slp|[msg]\n|move|p2a: Clodsire|Spikes|p1a: Amoonguss\n|-sidestart|p1: ShizuOsaka|Spikes\n|\n|upkeep\n|turn|94\n|\n|t:|1699781148\n|move|p1a: Amoonguss|Spore|p2a: Clodsire\n|-status|p2a: Clodsire|slp|[from] move: Spore\n|cant|p2a: Clodsire|slp\n|\n|upkeep\n|turn|95\n|\n|t:|1699781151\n|switch|p2a: Blissey|Blissey, F|51\/100\n|move|p1a: Amoonguss|Giga Drain|p2a: Blissey\n|-damage|p2a: Blissey|44\/100\n|-heal|p1a: Amoonguss|81\/100|[from] drain|[of] p2a: Blissey\n|\n|upkeep\n|turn|96\n|\n|t:|1699781155\n|move|p2a: Blissey|Soft-Boiled|p2a: Blissey\n|-heal|p2a: Blissey|94\/100\n|move|p1a: Amoonguss|Stomping Tantrum|p2a: Blissey\n|-damage|p2a: Blissey|79\/100\n|\n|upkeep\n|turn|97\n|\n|t:|1699781161\n|move|p2a: Blissey|Seismic Toss|p1a: Amoonguss\n|-damage|p1a: Amoonguss|58\/100\n|move|p1a: Amoonguss|Sludge Bomb|p2a: Blissey\n|-damage|p2a: Blissey|71\/100\n|\n|upkeep\n|turn|98\n|\n|t:|1699781165\n|move|p2a: Blissey|Seismic Toss|p1a: Amoonguss\n|-damage|p1a: Amoonguss|35\/100\n|move|p1a: Amoonguss|Sludge Bomb|p2a: Blissey\n|-damage|p2a: Blissey|63\/100\n|\n|upkeep\n|turn|99\n|\n|t:|1699781170\n|switch|p1a: Clefable|Clefable, M|100\/100\n|move|p2a: Blissey|Seismic Toss|p1a: Clefable\n|-damage|p1a: Clefable|75\/100\n|\n|upkeep\n|turn|100\n|\n|t:|1699781180\n|move|p1a: Clefable|Wish|p1a: Clefable\n|move|p2a: Blissey|Seismic Toss|p1a: Clefable\n|-damage|p1a: Clefable|50\/100\n|\n|upkeep\n|turn|101\n|\n|t:|1699781187\n|move|p1a: Clefable|Moonblast|p2a: Blissey\n|-damage|p2a: Blissey|53\/100\n|move|p2a: Blissey|Seismic Toss|p1a: Clefable\n|-damage|p1a: Clefable|24\/100\n|\n|-heal|p1a: Clefable|74\/100|[from] move: Wish|[wisher] Clefable\n|upkeep\n|turn|102\n|\n|t:|1699781194\n|move|p1a: Clefable|Wish|p1a: Clefable\n|move|p2a: Blissey|Seismic Toss|p1a: Clefable\n|-damage|p1a: Clefable|49\/100\n|\n|upkeep\n|turn|103\n|\n|t:|1699781201\n|switch|p1a: Great Tusk|Great Tusk|100\/100\n|-damage|p1a: Great Tusk|98\/100|[from] Stealth Rock\n|-damage|p1a: Great Tusk|73\/100|[from] Spikes\n|move|p2a: Blissey|Soft-Boiled|p2a: Blissey\n|-heal|p2a: Blissey|100\/100\n|\n|-heal|p1a: Great Tusk|100\/100|[from] move: Wish|[wisher] Clefable\n|upkeep\n|turn|104\n|\n|t:|1699781204\n|switch|p2a: Clefable|Clefable, F, tera:Ghost|100\/100\n|move|p1a: Great Tusk|Knock Off|p2a: Clefable\n|-supereffective|p2a: Clefable\n|-damage|p2a: Clefable|69\/100\n|\n|upkeep\n|turn|105\n|\n|t:|1699781220\n|-terastallize|p1a: Great Tusk|Fire\n|move|p1a: Great Tusk|Earthquake|p2a: Clefable\n|-crit|p2a: Clefable\n|-damage|p2a: Clefable|10\/100\n|move|p2a: Clefable|Knock Off|p1a: Great Tusk\n|-damage|p1a: Great Tusk|89\/100\n|-enditem|p1a: Great Tusk|Leftovers|[from] move: Knock Off|[of] p2a: Clefable\n|\n|upkeep\n|turn|106\n|\n|t:|1699781234\n|switch|p2a: Corviknight|Corviknight, F|100\/100\n|-damage|p2a: Corviknight|88\/100|[from] Stealth Rock\n|-ability|p2a: Corviknight|Pressure\n|move|p1a: Great Tusk|Knock Off|p2a: Corviknight\n|-damage|p2a: Corviknight|73\/100\n|\n|upkeep\n|turn|107\n|\n|t:|1699781246\n|switch|p2a: Alomomola|Alomomola, M|39\/100\n|-damage|p2a: Alomomola|26\/100|[from] Stealth Rock\n|move|p1a: Great Tusk|Rapid Spin|p2a: Alomomola\n|-damage|p2a: Alomomola|13\/100\n|-boost|p1a: Great Tusk|spe|1\n|-sideend|p1: ShizuOsaka|Spikes|[from] move: Rapid Spin|[of] p1a: Great Tusk\n|-sideend|p1: ShizuOsaka|Stealth Rock|[from] move: Rapid Spin|[of] p1a: Great Tusk\n|\n|upkeep\n|turn|108\n|\n|t:|1699781254\n|switch|p2a: Corviknight|Corviknight, F|73\/100\n|-damage|p2a: Corviknight|61\/100|[from] Stealth Rock\n|-ability|p2a: Corviknight|Pressure\n|move|p1a: Great Tusk|Knock Off|p2a: Corviknight\n|-damage|p2a: Corviknight|47\/100\n|\n|upkeep\n|turn|109\n|inactive|Elstefano has 120 seconds left.\n|\n|t:|1699781267\n|-end|p1a: Great Tusk|Protosynthesis|[silent]\n|switch|p1a: Dragapult|Dragapult, M|100\/100\n|move|p2a: Corviknight|Roost|p2a: Corviknight\n|-heal|p2a: Corviknight|97\/100\n|-singleturn|p2a: Corviknight|move: Roost\n|\n|upkeep\n|turn|110\n|inactive|Elstefano has 120 seconds left.\n|inactive|Elstefano has 90 seconds left.\n|\n|t:|1699781311\n|switch|p2a: Blissey|Blissey, F|100\/100\n|move|p1a: Dragapult|U-turn|p2a: Blissey\n|-damage|p2a: Blissey|84\/100\n|\n|t:|1699781317\n|switch|p1a: Great Tusk|Great Tusk, tera:Fire|89\/100|[from] U-turn\n|\n|upkeep\n|turn|111\n|inactive|Elstefano has 90 seconds left.\n|\n|t:|1699781349\n|-end|p1a: Great Tusk|Protosynthesis|[silent]\n|switch|p1a: Amoonguss|Amoonguss, M|68\/100\n|switch|p2a: Corviknight|Corviknight, F|97\/100\n|-damage|p2a: Corviknight|84\/100|[from] Stealth Rock\n|-ability|p2a: Corviknight|Pressure\n|\n|upkeep\n|turn|112\n|\n|t:|1699781356\n|switch|p2a: Blissey|Blissey, F|84\/100\n|move|p1a: Amoonguss|Spore|p2a: Blissey\n|-message|Sleep Clause Mod activated.\n|-hint|Sleep Clause Mod prevents players from putting more than one of their opponent's Pok\u00e9mon to sleep at a time\n|\n|upkeep\n|turn|113\n|\n|t:|1699781364\n|switch|p2a: Alomomola|Alomomola, M|47\/100\n|-damage|p2a: Alomomola|34\/100|[from] Stealth Rock\n|switch|p1a: Great Tusk|Great Tusk, tera:Fire|89\/100\n|\n|upkeep\n|turn|114\n|\n|t:|1699781372\n|switch|p2a: Corviknight|Corviknight, F|84\/100\n|-damage|p2a: Corviknight|72\/100|[from] Stealth Rock\n|-ability|p2a: Corviknight|Pressure\n|move|p1a: Great Tusk|Close Combat|p2a: Corviknight\n|-damage|p2a: Corviknight|32\/100\n|-unboost|p1a: Great Tusk|def|1\n|-unboost|p1a: Great Tusk|spd|1\n|\n|upkeep\n|turn|115\n|j| fgbbvf\n|\n|t:|1699781382\n|move|p1a: Great Tusk|Earthquake|p2a: Corviknight\n|-immune|p2a: Corviknight\n|move|p2a: Corviknight|Roost|p2a: Corviknight\n|-heal|p2a: Corviknight|82\/100\n|-singleturn|p2a: Corviknight|move: Roost\n|\n|upkeep\n|turn|116\n|\n|t:|1699781388\n|-end|p1a: Great Tusk|Protosynthesis|[silent]\n|switch|p1a: Dragapult|Dragapult, M|100\/100\n|move|p2a: Corviknight|Iron Defense|p2a: Corviknight\n|-boost|p2a: Corviknight|def|2\n|\n|upkeep\n|turn|117\n|inactive|Elstefano has 60 seconds left.\n|\n|t:|1699781401\n|move|p1a: Dragapult|Flamethrower|p2a: Corviknight\n|-supereffective|p2a: Corviknight\n|-damage|p2a: Corviknight|6\/100\n|move|p2a: Corviknight|Body Press|p1a: Dragapult\n|-immune|p1a: Dragapult\n|\n|upkeep\n|turn|118\n|\n|t:|1699781407\n|switch|p2a: Blissey|Blissey, F|84\/100\n|move|p1a: Dragapult|Flamethrower|p2a: Blissey\n|-damage|p2a: Blissey|73\/100\n|\n|upkeep\n|turn|119\n|j| Flanagan7\n|inactive|Elstefano has 60 seconds left.\n|\n|t:|1699781421\n|switch|p1a: Great Tusk|Great Tusk, tera:Fire|89\/100\n|move|p2a: Blissey|Stealth Rock|p1a: Great Tusk\n|-sidestart|p1: ShizuOsaka|move: Stealth Rock\n|\n|upkeep\n|turn|120\n|inactive|Elstefano has 60 seconds left.\n|\n|t:|1699781430\n|switch|p2a: Clefable|Clefable, F, tera:Ghost|10\/100\n|move|p1a: Great Tusk|Knock Off|p2a: Clefable\n|-supereffective|p2a: Clefable\n|-crit|p2a: Clefable\n|-damage|p2a: Clefable|0 fnt\n|faint|p2a: Clefable\n|\n|upkeep\n|inactive|Elstefano has 60 seconds left.\n|\n|t:|1699781440\n|switch|p2a: Alomomola|Alomomola, M|67\/100\n|-damage|p2a: Alomomola|55\/100|[from] Stealth Rock\n|turn|121\n|\n|t:|1699781443\n|move|p1a: Great Tusk|Rapid Spin|p2a: Alomomola\n|-damage|p2a: Alomomola|43\/100\n|-boost|p1a: Great Tusk|spe|1\n|-sideend|p1: ShizuOsaka|Stealth Rock|[from] move: Rapid Spin|[of] p1a: Great Tusk\n|move|p2a: Alomomola|Wish|p2a: Alomomola\n|\n|upkeep\n|turn|122\n|\n|t:|1699781449\n|move|p2a: Alomomola|Protect|p2a: Alomomola\n|-singleturn|p2a: Alomomola|Protect\n|move|p1a: Great Tusk|Earthquake|p2a: Alomomola\n|-activate|p2a: Alomomola|move: Protect\n|\n|-heal|p2a: Alomomola|93\/100|[from] move: Wish|[wisher] Alomomola\n|upkeep\n|turn|123\n|\n|t:|1699781453\n|move|p1a: Great Tusk|Earthquake|p2a: Alomomola\n|-damage|p2a: Alomomola|57\/100\n|move|p2a: Alomomola|Wish|p2a: Alomomola\n|\n|upkeep\n|turn|124\n|\n|t:|1699781457\n|move|p1a: Great Tusk|Earthquake|p2a: Alomomola\n|-damage|p2a: Alomomola|24\/100\n|move|p2a: Alomomola|Flip Turn|p1a: Great Tusk\n|-supereffective|p1a: Great Tusk\n|-damage|p1a: Great Tusk|66\/100\n|\n|t:|1699781465\n|switch|p2a: Corviknight|Corviknight, F|6\/100|[from] Flip Turn\n|-damage|p2a: Corviknight|0 fnt|[from] Stealth Rock\n|faint|p2a: Corviknight\n|\n|upkeep\n|\n|t:|1699781473\n|switch|p2a: Dondozo|Dondozo, M|90\/100\n|turn|125\n|\n|t:|1699781477\n|move|p1a: Great Tusk|Knock Off|p2a: Dondozo\n|-damage|p2a: Dondozo|76\/100\n|-enditem|p2a: Dondozo|Heavy-Duty Boots|[from] move: Knock Off|[of] p1a: Great Tusk\n|move|p2a: Dondozo|Waterfall|p1a: Great Tusk\n|-supereffective|p1a: Great Tusk\n|-damage|p1a: Great Tusk|26\/100\n|\n|upkeep\n|turn|126\n|\n|t:|1699781483\n|-end|p1a: Great Tusk|Protosynthesis|[silent]\n|switch|p1a: Amoonguss|Amoonguss, M|100\/100\n|move|p2a: Dondozo|Curse|p2a: Dondozo\n|-unboost|p2a: Dondozo|spe|1\n|-boost|p2a: Dondozo|atk|1\n|-boost|p2a: Dondozo|def|1\n|\n|upkeep\n|turn|127\n|inactive|Elstefano has 90 seconds left.\n|-message|Elstefano forfeited.\n|\n|win|ShizuOsaka\n|raw|ShizuOsaka's rating: 1859 &rarr; <strong>1880<\/strong><br \/>(+21 for winning)\n|raw|Elstefano's rating: 1875 &rarr; <strong>1854<\/strong><br \/>(-21 for losing)\n|l|\u2606Elstefano\n|c| DR NEFARIO MD|wow\n|c| DR NEFARIO MD|wp\n","uploadtime":1699781501,"views":27,"p1id":"shizuosaka","p2id":"elstefano","formatid":"gen9ou","rating":1854,"private":0,"password":""}