{"id":"gen9ou-1996856546","p1":"benboss69","p2":"VTPooks","format":"[Gen 9] OU","log":"|j|\u2606benboss69\n|j|\u2606VTPooks\n|t:|1700736154\n|gametype|singles\n|player|p1|benboss69|olympia|\n|player|p2|VTPooks|blue|\n|teamsize|p1|6\n|teamsize|p2|6\n|gen|9\n|tier|[Gen 9] OU\n|rule|Sleep Clause Mod: Limit one foe put to sleep\n|rule|Species Clause: Limit one of each Pok\u00e9mon\n|rule|OHKO Clause: OHKO moves are banned\n|rule|Evasion Items Clause: Evasion items are banned\n|rule|Evasion Moves Clause: Evasion moves are banned\n|rule|Endless Battle Clause: Forcing endless battles is banned\n|rule|HP Percentage Mod: HP is shown in percentages\n|clearpoke\n|poke|p1|Dragonite, M|\n|poke|p1|Clodsire, M|\n|poke|p1|Maushold-Four|\n|poke|p1|Salazzle, F|\n|poke|p1|Cloyster, M|\n|poke|p1|Krookodile, F|\n|poke|p2|Landorus-Therian, M|\n|poke|p2|Ninetales-Alola, M|\n|poke|p2|Sandslash-Alola, M|\n|poke|p2|Basculegion, M|\n|poke|p2|Jirachi|\n|poke|p2|Hoopa|\n|teampreview\n|c|\u2606VTPooks|team name is bendi in 25min\n|c|\u2606benboss69|glhf\n|inactive|Battle timer is ON: inactive players will automatically lose when time's up. (requested by benboss69)\n|c|\u2606benboss69|lmao\n|c|\u2606VTPooks|glhf\n|c|\u2606VTPooks|ill send a photo of the bed once ive cleaned up the mess a bit\n|inactive|benboss69 has 270 seconds left.\n|c|\u2606VTPooks|very happy with it\n|\n|t:|1700736203\n|start\n|switch|p1a: Krookodile|Krookodile, F|100\/100\n|switch|p2a: Jirachi|Jirachi|100\/100\n|-ability|p1a: Krookodile|Intimidate|boost\n|-unboost|p2a: Jirachi|atk|1\n|turn|1\n|\n|t:|1700736218\n|move|p1a: Krookodile|Stealth Rock|p2a: Jirachi\n|-sidestart|p2: VTPooks|move: Stealth Rock\n|move|p2a: Jirachi|Stealth Rock|p1a: Krookodile\n|-sidestart|p1: benboss69|move: Stealth Rock\n|\n|upkeep\n|turn|2\n|\n|t:|1700736227\n|switch|p2a: Basculegion|Basculegion, M|100\/100\n|-damage|p2a: Basculegion|88\/100|[from] Stealth Rock\n|move|p1a: Krookodile|Knock Off|p2a: Basculegion\n|-supereffective|p2a: Basculegion\n|-damage|p2a: Basculegion|0 fnt\n|-enditem|p2a: Basculegion|Choice Scarf|[from] move: Knock Off|[of] p1a: Krookodile\n|faint|p2a: Basculegion\n|\n|upkeep\n|\n|t:|1700736239\n|switch|p2a: Ninetales|Ninetales-Alola, M|100\/100\n|-damage|p2a: Ninetales|76\/100|[from] Stealth Rock\n|-weather|Snow|[from] ability: Snow Warning|[of] p2a: Ninetales\n|turn|3\n|\n|t:|1700736268\n|switch|p1a: Salazzle|Salazzle, F|100\/100\n|-damage|p1a: Salazzle|75\/100|[from] Stealth Rock\n|move|p2a: Ninetales|Aurora Veil|p2a: Ninetales\n|-sidestart|p2: VTPooks|move: Aurora Veil\n|\n|-weather|Snow|[upkeep]\n|-heal|p1a: Salazzle|82\/100|[from] item: Leftovers\n|upkeep\n|turn|4\n|\n|t:|1700736276\n|switch|p2a: Landorus|Landorus-Therian, M|100\/100\n|-damage|p2a: Landorus|88\/100|[from] Stealth Rock\n|-ability|p2a: Landorus|Intimidate|boost\n|-unboost|p1a: Salazzle|atk|1\n|move|p1a: Salazzle|Protect||[still]\n|-fail|p1a: Salazzle\n|\n|-weather|Snow|[upkeep]\n|-heal|p1a: Salazzle|88\/100|[from] item: Leftovers\n|upkeep\n|turn|5\n|\n|t:|1700736285\n|move|p2a: Landorus|U-turn|p1a: Salazzle\n|-resisted|p1a: Salazzle\n|-damage|p1a: Salazzle|79\/100\n|\n|t:|1700736294\n|switch|p2a: Jirachi|Jirachi|100\/100|[from] U-turn\n|-damage|p2a: Jirachi|94\/100|[from] Stealth Rock\n|move|p1a: Salazzle|Toxic|p2a: Jirachi\n|-status|p2a: Jirachi|tox\n|\n|-weather|Snow|[upkeep]\n|-heal|p1a: Salazzle|85\/100|[from] item: Leftovers\n|-heal|p2a: Jirachi|100\/100 tox|[from] item: Leftovers\n|-damage|p2a: Jirachi|94\/100 tox|[from] psn\n|upkeep\n|turn|6\n|\n|t:|1700736303\n|move|p1a: Salazzle|Protect|p1a: Salazzle\n|-singleturn|p1a: Salazzle|Protect\n|move|p2a: Jirachi|Wish|p2a: Jirachi\n|\n|-weather|Snow|[upkeep]\n|-heal|p1a: Salazzle|91\/100|[from] item: Leftovers\n|-heal|p2a: Jirachi|100\/100 tox|[from] item: Leftovers\n|-damage|p2a: Jirachi|88\/100 tox|[from] psn\n|upkeep\n|turn|7\n|\n|t:|1700736315\n|switch|p2a: Sandslash|Sandslash-Alola, M|100\/100\n|-damage|p2a: Sandslash|88\/100|[from] Stealth Rock\n|move|p1a: Salazzle|Substitute|p1a: Salazzle\n|-start|p1a: Salazzle|Substitute\n|-damage|p1a: Salazzle|66\/100\n|\n|-weather|Snow|[upkeep]\n|-heal|p2a: Sandslash|100\/100|[from] move: Wish|[wisher] Jirachi\n|-heal|p1a: Salazzle|72\/100|[from] item: Leftovers\n|-sideend|p2: VTPooks|move: Aurora Veil\n|upkeep\n|turn|8\n|c|\u2606benboss69|this was my answer to goodra btw\n|c|\u2606VTPooks|ngl forgot the team\n|c|\u2606VTPooks|didnt know if goodra was on it\n|inactive|VTPooks has 270 seconds left.\n|c|\u2606VTPooks|does dragon tail beat sub?\n|\n|t:|1700736349\n|-terastallize|p2a: Sandslash|Poison\n|move|p2a: Sandslash|Earthquake|p1a: Salazzle\n|-supereffective|p1a: Salazzle\n|-end|p1a: Salazzle|Substitute\n|-damage|p2a: Sandslash|91\/100|[from] item: Life Orb\n|move|p1a: Salazzle|Flamethrower|p2a: Sandslash\n|-damage|p2a: Sandslash|39\/100\n|-status|p2a: Sandslash|brn\n|\n|-weather|Snow|[upkeep]\n|-heal|p1a: Salazzle|78\/100|[from] item: Leftovers\n|-damage|p2a: Sandslash|33\/100 brn|[from] brn\n|upkeep\n|turn|9\n|c|\u2606benboss69|nah honestly good that you didn't bring it\n|c|\u2606benboss69|coz my whole team is prepped for it basically\n|inactive|VTPooks has 270 seconds left.\n|c|\u2606VTPooks|fuckin kill myself\n|c|\u2606VTPooks|burn\n|c|\u2606VTPooks|so jover\n|c|\u2606VTPooks|ggs\n|\n|t:|1700736373\n|move|p2a: Sandslash|Earthquake|p1a: Salazzle\n|-supereffective|p1a: Salazzle\n|-crit|p1a: Salazzle\n|-damage|p1a: Salazzle|0 fnt\n|faint|p1a: Salazzle\n|-damage|p2a: Sandslash|23\/100 brn|[from] item: Life Orb\n|\n|-weather|Snow|[upkeep]\n|-damage|p2a: Sandslash|17\/100 brn|[from] brn\n|upkeep\n|\n|t:|1700736378\n|switch|p1a: Krookodile|Krookodile, F|100\/100\n|-damage|p1a: Krookodile|94\/100|[from] Stealth Rock\n|-ability|p1a: Krookodile|Intimidate|boost\n|-unboost|p2a: Sandslash|atk|1\n|turn|10\n|\n|t:|1700736387\n|move|p2a: Sandslash|Ice Spinner|p1a: Krookodile\n|-supereffective|p1a: Krookodile\n|-damage|p1a: Krookodile|58\/100\n|-damage|p2a: Sandslash|7\/100 brn|[from] item: Life Orb\n|move|p1a: Krookodile|Knock Off|p2a: Sandslash\n|-damage|p2a: Sandslash|0 fnt\n|-enditem|p2a: Sandslash|Life Orb|[from] move: Knock Off|[of] p1a: Krookodile\n|faint|p2a: Sandslash\n|\n|-weather|none\n|upkeep\n|inactive|VTPooks has 270 seconds left.\n|\n|t:|1700736397\n|switch|p2a: Ninetales|Ninetales-Alola, M|76\/100\n|-damage|p2a: Ninetales|51\/100|[from] Stealth Rock\n|-weather|Snow|[from] ability: Snow Warning|[of] p2a: Ninetales\n|turn|11\n|\n|t:|1700736404\n|move|p2a: Ninetales|Blizzard|p1a: Krookodile\n|-supereffective|p1a: Krookodile\n|-damage|p1a: Krookodile|0 fnt\n|faint|p1a: Krookodile\n|\n|-weather|Snow|[upkeep]\n|upkeep\n|\n|t:|1700736415\n|switch|p1a: Maushold|Maushold-Four|100\/100\n|-damage|p1a: Maushold|88\/100|[from] Stealth Rock\n|turn|12\n|\n|t:|1700736438\n|switch|p2a: Jirachi|Jirachi|88\/100 tox\n|-damage|p2a: Jirachi|82\/100 tox|[from] Stealth Rock\n|move|p1a: Maushold|Population Bomb|p2a: Jirachi\n|-resisted|p2a: Jirachi\n|-damage|p2a: Jirachi|78\/100 tox\n|-resisted|p2a: Jirachi\n|-damage|p2a: Jirachi|74\/100 tox\n|-resisted|p2a: Jirachi\n|-damage|p2a: Jirachi|71\/100 tox\n|-resisted|p2a: Jirachi\n|-damage|p2a: Jirachi|66\/100 tox\n|-hitcount|p2a: Jirachi|4\n|\n|-weather|Snow|[upkeep]\n|-heal|p2a: Jirachi|73\/100 tox|[from] item: Leftovers\n|-damage|p2a: Jirachi|66\/100 tox|[from] psn\n|upkeep\n|turn|13\n|c|\u2606VTPooks|ngl wanted to hard call a tidy up\n|\n|t:|1700736458\n|move|p1a: Maushold|Bite|p2a: Jirachi\n|-supereffective|p2a: Jirachi\n|-damage|p2a: Jirachi|30\/100 tox\n|move|p2a: Jirachi|Wish|p2a: Jirachi\n|\n|-weather|Snow|[upkeep]\n|-heal|p2a: Jirachi|36\/100 tox|[from] item: Leftovers\n|-damage|p2a: Jirachi|24\/100 tox|[from] psn\n|upkeep\n|turn|14\n|\n|t:|1700736467\n|move|p2a: Jirachi|Protect|p2a: Jirachi\n|-singleturn|p2a: Jirachi|Protect\n|move|p1a: Maushold|Tidy Up|p1a: Maushold\n|-sideend|p1: benboss69|Stealth Rock\n|-sideend|p2: VTPooks|Stealth Rock\n|-activate|p1a: Maushold|move: Tidy Up\n|-boost|p1a: Maushold|atk|1\n|-boost|p1a: Maushold|spe|1\n|\n|-weather|Snow|[upkeep]\n|-heal|p2a: Jirachi|74\/100 tox|[from] move: Wish|[wisher] Jirachi\n|-heal|p2a: Jirachi|80\/100 tox|[from] item: Leftovers\n|-damage|p2a: Jirachi|62\/100 tox|[from] psn\n|upkeep\n|turn|15\n|\n|t:|1700736474\n|move|p1a: Maushold|Bite|p2a: Jirachi\n|-supereffective|p2a: Jirachi\n|-damage|p2a: Jirachi|6\/100 tox\n|move|p2a: Jirachi|Wish|p2a: Jirachi\n|\n|-weather|Snow|[upkeep]\n|-heal|p2a: Jirachi|13\/100 tox|[from] item: Leftovers\n|-damage|p2a: Jirachi|0 fnt|[from] psn\n|faint|p2a: Jirachi\n|upkeep\n|\n|t:|1700736482\n|switch|p2a: Landorus|Landorus-Therian, M|88\/100\n|-ability|p2a: Landorus|Intimidate|boost\n|-unboost|p1a: Maushold|atk|1\n|turn|16\n|\n|t:|1700736486\n|move|p1a: Maushold|Population Bomb|p2a: Landorus\n|-damage|p2a: Landorus|74\/100\n|-damage|p2a: Landorus|61\/100\n|-damage|p2a: Landorus|47\/100\n|-damage|p2a: Landorus|35\/100\n|-hitcount|p2a: Landorus|4\n|move|p2a: Landorus|Earthquake|p1a: Maushold\n|-damage|p1a: Maushold|0 fnt\n|faint|p1a: Maushold\n|\n|-weather|Snow|[upkeep]\n|-heal|p2a: Landorus|98\/100|[from] move: Wish|[wisher] Jirachi\n|upkeep\n|\n|t:|1700736491\n|switch|p1a: Cloyster|Cloyster, M|100\/100\n|turn|17\n|\n|t:|1700736500\n|switch|p2a: Ninetales|Ninetales-Alola, M|51\/100\n|move|p1a: Cloyster|Shell Smash|p1a: Cloyster\n|-unboost|p1a: Cloyster|def|1\n|-unboost|p1a: Cloyster|spd|1\n|-boost|p1a: Cloyster|atk|2\n|-boost|p1a: Cloyster|spa|2\n|-boost|p1a: Cloyster|spe|2\n|\n|-weather|Snow|[upkeep]\n|upkeep\n|turn|18\n|\n|t:|1700736506\n|move|p1a: Cloyster|Rock Blast|p2a: Ninetales\n|-supereffective|p2a: Ninetales\n|-damage|p2a: Ninetales|21\/100\n|-supereffective|p2a: Ninetales\n|-damage|p2a: Ninetales|0 fnt\n|faint|p2a: Ninetales\n|-hitcount|p2: Ninetales|2\n|\n|-weather|none\n|upkeep\n|\n|t:|1700736519\n|switch|p2a: Landorus|Landorus-Therian, M|98\/100\n|-ability|p2a: Landorus|Intimidate|boost\n|-unboost|p1a: Cloyster|atk|1\n|turn|19\n|\n|t:|1700736525\n|move|p1a: Cloyster|Icicle Spear|p2a: Landorus\n|-supereffective|p2a: Landorus\n|-damage|p2a: Landorus|14\/100\n|-supereffective|p2a: Landorus\n|-damage|p2a: Landorus|0 fnt\n|faint|p2a: Landorus\n|-hitcount|p2: Landorus|2\n|\n|upkeep\n|\n|t:|1700736528\n|switch|p2a: Hoopa|Hoopa|100\/100\n|turn|20\n|\n|t:|1700736531\n|move|p1a: Cloyster|Icicle Spear|p2a: Hoopa\n|-damage|p2a: Hoopa|77\/100\n|-damage|p2a: Hoopa|54\/100\n|-damage|p2a: Hoopa|28\/100\n|-damage|p2a: Hoopa|5\/100\n|-damage|p2a: Hoopa|0 fnt\n|faint|p2a: Hoopa\n|-hitcount|p2: Hoopa|5\n|\n|win|benboss69\n|c|\u2606VTPooks|dam encore if only i out sped\n|c|\u2606benboss69|gg\n|c|\u2606benboss69|I got the replay\n|c|\u2606VTPooks|gg\n|l|\u2606VTPooks\n","uploadtime":1700736548,"views":4,"p1id":"benboss69","p2id":"vtpooks","formatid":"gen9ou","rating":0,"private":0,"password":""}