{"id":"gen9ou-1993731894","p1":"CarrotStix","p2":"Power Panpour","format":"[Gen 9] OU","log":"|j|\u2606CarrotStix\n|j|\u2606Power Panpour\n|t:|1700350644\n|gametype|singles\n|player|p1|CarrotStix|beauty|1048\n|player|p2|Power Panpour|ingo|1146\n|teamsize|p1|6\n|teamsize|p2|6\n|gen|9\n|tier|[Gen 9] OU\n|rated|\n|rule|Sleep Clause Mod: Limit one foe put to sleep\n|rule|Species Clause: Limit one of each Pok\u00e9mon\n|rule|OHKO Clause: OHKO moves are banned\n|rule|Evasion Items Clause: Evasion items are banned\n|rule|Evasion Moves Clause: Evasion moves are banned\n|rule|Endless Battle Clause: Forcing endless battles is banned\n|rule|HP Percentage Mod: HP is shown in percentages\n|clearpoke\n|poke|p1|Mismagius, M|\n|poke|p1|Alomomola, M|\n|poke|p1|Corviknight, F|\n|poke|p1|Hatterene, F|\n|poke|p1|Rillaboom, F|\n|poke|p1|Sneasler, F|\n|poke|p2|Landorus-Therian, M|\n|poke|p2|Iron Valiant|\n|poke|p2|Blissey, F|\n|poke|p2|Great Tusk|\n|poke|p2|Zapdos|\n|poke|p2|Alomomola, M|\n|teampreview\n|inactive|Battle timer is ON: inactive players will automatically lose when time's up. (requested by Power Panpour)\n|\n|t:|1700350662\n|start\n|switch|p1a: Mismagius|Mismagius, M|100\/100\n|switch|p2a: I'm so back baby|Landorus-Therian, M|100\/100\n|-ability|p2a: I'm so back baby|Intimidate|boost\n|-unboost|p1a: Mismagius|atk|1\n|turn|1\n|\n|t:|1700350670\n|move|p1a: Mismagius|Trick|p2a: I'm so back baby\n|-activate|p1a: Mismagius|move: Trick|[of] p2a: I'm so back baby\n|-item|p2a: I'm so back baby|Choice Scarf|[from] move: Trick\n|-item|p1a: Mismagius|Leftovers|[from] move: Trick\n|move|p2a: I'm so back baby|Stealth Rock|p1a: Mismagius\n|-sidestart|p1: CarrotStix|move: Stealth Rock\n|\n|upkeep\n|turn|2\n|\n|t:|1700350685\n|switch|p2a: Is but a bliss|Blissey, F|100\/100\n|move|p1a: Mismagius|Shadow Ball|p2a: Is but a bliss\n|-immune|p2a: Is but a bliss\n|\n|upkeep\n|turn|3\n|\n|t:|1700350699\n|switch|p1a: Hatterene|Hatterene, F|100\/100\n|-damage|p1a: Hatterene|88\/100|[from] Stealth Rock\n|switch|p2a: Dutchman III|Great Tusk|100\/100\n|\n|upkeep\n|turn|4\n|\n|t:|1700350706\n|-end|p2a: Dutchman III|Protosynthesis|[silent]\n|switch|p2a: Is but a bliss|Blissey, F|100\/100\n|move|p1a: Hatterene|Psychic|p2a: Is but a bliss\n|-damage|p2a: Is but a bliss|82\/100\n|\n|-heal|p2a: Is but a bliss|88\/100|[from] item: Leftovers\n|upkeep\n|turn|5\n|\n|t:|1700350716\n|switch|p1a: Rillaboom|Rillaboom, F|100\/100\n|-damage|p1a: Rillaboom|88\/100|[from] Stealth Rock\n|-fieldstart|move: Grassy Terrain|[from] ability: Grassy Surge|[of] p1a: Rillaboom\n|move|p2a: Is but a bliss|Calm Mind|p2a: Is but a bliss\n|-boost|p2a: Is but a bliss|spa|1\n|-boost|p2a: Is but a bliss|spd|1\n|\n|-heal|p1a: Rillaboom|94\/100|[from] Grassy Terrain\n|-heal|p2a: Is but a bliss|94\/100|[from] Grassy Terrain\n|-heal|p2a: Is but a bliss|100\/100|[from] item: Leftovers\n|upkeep\n|turn|6\n|\n|t:|1700350723\n|switch|p2a: I'm so back baby|Landorus-Therian, M|100\/100\n|-ability|p2a: I'm so back baby|Intimidate|boost\n|-unboost|p1a: Rillaboom|atk|1\n|move|p1a: Rillaboom|U-turn|p2a: I'm so back baby\n|-resisted|p2a: I'm so back baby\n|-damage|p2a: I'm so back baby|91\/100\n|-damage|p1a: Rillaboom|84\/100|[from] item: Life Orb\n|\n|t:|1700350749\n|switch|p1a: Corviknight|Corviknight, F|100\/100|[from] U-turn\n|-damage|p1a: Corviknight|88\/100|[from] Stealth Rock\n|\n|upkeep\n|turn|7\n|\n|t:|1700350756\n|move|p2a: I'm so back baby|U-turn|p1a: Corviknight\n|-resisted|p1a: Corviknight\n|-damage|p1a: Corviknight|84\/100\n|-damage|p2a: I'm so back baby|75\/100|[from] item: Rocky Helmet|[of] p1a: Corviknight\n|\n|t:|1700350760\n|switch|p2a: Boomer Bird|Zapdos|100\/100|[from] U-turn\n|move|p1a: Corviknight|Brave Bird|p2a: Boomer Bird\n|-resisted|p2a: Boomer Bird\n|-damage|p2a: Boomer Bird|83\/100\n|-status|p1a: Corviknight|par|[from] ability: Static|[of] p2a: Boomer Bird\n|-damage|p1a: Corviknight|77\/100 par|[from] Recoil\n|\n|-heal|p2a: Boomer Bird|89\/100|[from] item: Leftovers\n|upkeep\n|turn|8\n|\n|t:|1700350769\n|switch|p1a: Hatterene|Hatterene, F|88\/100\n|-damage|p1a: Hatterene|76\/100|[from] Stealth Rock\n|move|p2a: Boomer Bird|Hurricane|p1a: Hatterene|[miss]\n|-miss|p2a: Boomer Bird|p1a: Hatterene\n|\n|-heal|p2a: Boomer Bird|95\/100|[from] item: Leftovers\n|-heal|p1a: Hatterene|82\/100|[from] Grassy Terrain\n|upkeep\n|turn|9\n|\n|t:|1700350778\n|move|p2a: Boomer Bird|Hurricane|p1a: Hatterene|[miss]\n|-miss|p2a: Boomer Bird|p1a: Hatterene\n|move|p1a: Hatterene|Psychic|p2a: Boomer Bird\n|-damage|p2a: Boomer Bird|44\/100\n|\n|-heal|p2a: Boomer Bird|50\/100|[from] item: Leftovers\n|-heal|p1a: Hatterene|88\/100|[from] Grassy Terrain\n|-fieldend|move: Grassy Terrain\n|upkeep\n|turn|10\n|\n|t:|1700350783\n|switch|p2a: Is but a bliss|Blissey, F|100\/100\n|switch|p1a: Rillaboom|Rillaboom, F|84\/100\n|-damage|p1a: Rillaboom|72\/100|[from] Stealth Rock\n|-fieldstart|move: Grassy Terrain|[from] ability: Grassy Surge|[of] p1a: Rillaboom\n|\n|-heal|p1a: Rillaboom|78\/100|[from] Grassy Terrain\n|upkeep\n|turn|11\n|\n|t:|1700350790\n|switch|p2a: Boomer Bird|Zapdos|50\/100\n|move|p1a: Rillaboom|Grassy Glide|p2a: Boomer Bird\n|-resisted|p2a: Boomer Bird\n|-damage|p2a: Boomer Bird|26\/100\n|-damage|p1a: Rillaboom|68\/100|[from] item: Life Orb\n|\n|-heal|p1a: Rillaboom|74\/100|[from] Grassy Terrain\n|-heal|p2a: Boomer Bird|32\/100|[from] item: Leftovers\n|upkeep\n|turn|12\n|\n|t:|1700350797\n|-terastallize|p1a: Rillaboom|Grass\n|move|p1a: Rillaboom|Grassy Glide|p2a: Boomer Bird\n|-resisted|p2a: Boomer Bird\n|-damage|p2a: Boomer Bird|3\/100\n|-damage|p1a: Rillaboom|64\/100|[from] item: Life Orb\n|move|p2a: Boomer Bird|Roost|p2a: Boomer Bird\n|-heal|p2a: Boomer Bird|53\/100\n|-singleturn|p2a: Boomer Bird|move: Roost\n|\n|-heal|p1a: Rillaboom|71\/100|[from] Grassy Terrain\n|-heal|p2a: Boomer Bird|59\/100|[from] Grassy Terrain\n|-heal|p2a: Boomer Bird|65\/100|[from] item: Leftovers\n|upkeep\n|turn|13\n|\n|t:|1700350817\n|switch|p1a: Mismagius|Mismagius, M|100\/100\n|-damage|p1a: Mismagius|88\/100|[from] Stealth Rock\n|move|p2a: Boomer Bird|Roost|p2a: Boomer Bird\n|-heal|p2a: Boomer Bird|100\/100\n|-singleturn|p2a: Boomer Bird|move: Roost\n|\n|-heal|p1a: Mismagius|94\/100|[from] item: Leftovers\n|upkeep\n|turn|14\n|\n|t:|1700350823\n|move|p1a: Mismagius|Shadow Ball|p2a: Boomer Bird\n|-damage|p2a: Boomer Bird|65\/100\n|move|p2a: Boomer Bird|Hurricane|p1a: Mismagius\n|-damage|p1a: Mismagius|16\/100\n|\n|-heal|p1a: Mismagius|22\/100|[from] item: Leftovers\n|-heal|p2a: Boomer Bird|71\/100|[from] item: Leftovers\n|-fieldend|move: Grassy Terrain\n|upkeep\n|turn|15\n|\n|t:|1700350846\n|switch|p2a: Is but a bliss|Blissey, F|100\/100\n|move|p1a: Mismagius|Destiny Bond|p1a: Mismagius\n|-singlemove|p1a: Mismagius|Destiny Bond\n|\n|-heal|p1a: Mismagius|28\/100|[from] item: Leftovers\n|upkeep\n|turn|16\n|\n|t:|1700350862\n|move|p1a: Mismagius|Thunderbolt|p2a: Is but a bliss\n|-damage|p2a: Is but a bliss|90\/100\n|move|p2a: Is but a bliss|Calm Mind|p2a: Is but a bliss\n|-boost|p2a: Is but a bliss|spa|1\n|-boost|p2a: Is but a bliss|spd|1\n|\n|-heal|p1a: Mismagius|35\/100|[from] item: Leftovers\n|-heal|p2a: Is but a bliss|96\/100|[from] item: Leftovers\n|upkeep\n|turn|17\n|\n|t:|1700350871\n|switch|p1a: Rillaboom|Rillaboom, F, tera:Grass|71\/100\n|-damage|p1a: Rillaboom|58\/100|[from] Stealth Rock\n|-fieldstart|move: Grassy Terrain|[from] ability: Grassy Surge|[of] p1a: Rillaboom\n|switch|p2a: Pronouns: Activate|Iron Valiant|100\/100\n|\n|-heal|p1a: Rillaboom|64\/100|[from] Grassy Terrain\n|upkeep\n|turn|18\n|\n|t:|1700350877\n|-end|p2a: Pronouns: Activate|Quark Drive|[silent]\n|switch|p2a: Boomer Bird|Zapdos|71\/100\n|move|p1a: Rillaboom|Grassy Glide|p2a: Boomer Bird\n|-resisted|p2a: Boomer Bird\n|-damage|p2a: Boomer Bird|37\/100\n|-status|p1a: Rillaboom|par|[from] ability: Static|[of] p2a: Boomer Bird\n|-damage|p1a: Rillaboom|54\/100 par|[from] item: Life Orb\n|\n|-heal|p2a: Boomer Bird|43\/100|[from] item: Leftovers\n|-heal|p1a: Rillaboom|61\/100 par|[from] Grassy Terrain\n|upkeep\n|turn|19\n|\n|t:|1700350883\n|move|p2a: Boomer Bird|Roost|p2a: Boomer Bird\n|-heal|p2a: Boomer Bird|93\/100\n|-singleturn|p2a: Boomer Bird|move: Roost\n|move|p1a: Rillaboom|Earthquake|p2a: Boomer Bird\n|-supereffective|p2a: Boomer Bird\n|-damage|p2a: Boomer Bird|45\/100\n|-damage|p1a: Rillaboom|51\/100 par|[from] item: Life Orb\n|\n|-heal|p2a: Boomer Bird|51\/100|[from] Grassy Terrain\n|-heal|p2a: Boomer Bird|57\/100|[from] item: Leftovers\n|-heal|p1a: Rillaboom|57\/100 par|[from] Grassy Terrain\n|upkeep\n|turn|20\n|inactive|Power Panpour has 120 seconds left.\n|\n|t:|1700350922\n|switch|p1a: Hatterene|Hatterene, F|88\/100\n|-damage|p1a: Hatterene|76\/100|[from] Stealth Rock\n|move|p2a: Boomer Bird|Hurricane|p1a: Hatterene|[miss]\n|-miss|p2a: Boomer Bird|p1a: Hatterene\n|\n|-heal|p2a: Boomer Bird|63\/100|[from] item: Leftovers\n|-heal|p1a: Hatterene|82\/100|[from] Grassy Terrain\n|upkeep\n|turn|21\n|inactive|Power Panpour has 120 seconds left.\n|\n|t:|1700350931\n|switch|p2a: Is but a bliss|Blissey, F|96\/100\n|move|p1a: Hatterene|Psychic|p2a: Is but a bliss\n|-damage|p2a: Is but a bliss|78\/100\n|\n|-heal|p1a: Hatterene|88\/100|[from] Grassy Terrain\n|-heal|p2a: Is but a bliss|84\/100|[from] Grassy Terrain\n|-heal|p2a: Is but a bliss|90\/100|[from] item: Leftovers\n|-fieldend|move: Grassy Terrain\n|upkeep\n|turn|22\n|inactive|Power Panpour has 120 seconds left.\n|\n|t:|1700350953\n|move|p1a: Hatterene|Nuzzle|p2a: Is but a bliss\n|-damage|p2a: Is but a bliss|87\/100\n|-status|p2a: Is but a bliss|par\n|move|p2a: Is but a bliss|Calm Mind|p2a: Is but a bliss\n|-boost|p2a: Is but a bliss|spa|1\n|-boost|p2a: Is but a bliss|spd|1\n|\n|-heal|p2a: Is but a bliss|93\/100 par|[from] item: Leftovers\n|upkeep\n|turn|23\n|\n|t:|1700350959\n|switch|p1a: Rillaboom|Rillaboom, F, tera:Grass|57\/100 par\n|-damage|p1a: Rillaboom|44\/100 par|[from] Stealth Rock\n|-fieldstart|move: Grassy Terrain|[from] ability: Grassy Surge|[of] p1a: Rillaboom\n|cant|p2a: Is but a bliss|par\n|\n|-heal|p1a: Rillaboom|51\/100 par|[from] Grassy Terrain\n|-heal|p2a: Is but a bliss|99\/100 par|[from] Grassy Terrain\n|-heal|p2a: Is but a bliss|100\/100 par|[from] item: Leftovers\n|upkeep\n|turn|24\n|\n|t:|1700350964\n|-curestatus|p2a: Is but a bliss|par|[from] ability: Natural Cure\n|switch|p2a: Boomer Bird|Zapdos|63\/100\n|cant|p1a: Rillaboom|par\n|\n|-heal|p2a: Boomer Bird|69\/100|[from] item: Leftovers\n|-heal|p1a: Rillaboom|57\/100 par|[from] Grassy Terrain\n|upkeep\n|turn|25\n|\n|t:|1700350977\n|switch|p1a: Hatterene|Hatterene, F|88\/100\n|-damage|p1a: Hatterene|75\/100|[from] Stealth Rock\n|move|p2a: Boomer Bird|Hurricane|p1a: Hatterene\n|-damage|p1a: Hatterene|21\/100\n|\n|-heal|p2a: Boomer Bird|75\/100|[from] item: Leftovers\n|-heal|p1a: Hatterene|27\/100|[from] Grassy Terrain\n|upkeep\n|turn|26\n|\n|t:|1700350987\n|move|p2a: Boomer Bird|Hurricane|p1a: Hatterene|[miss]\n|-miss|p2a: Boomer Bird|p1a: Hatterene\n|move|p1a: Hatterene|Draining Kiss|p2a: Boomer Bird\n|-damage|p2a: Boomer Bird|49\/100\n|-heal|p1a: Hatterene|57\/100|[from] drain|[of] p2a: Boomer Bird\n|-status|p1a: Hatterene|par|[from] ability: Static|[of] p2a: Boomer Bird\n|\n|-heal|p2a: Boomer Bird|55\/100|[from] item: Leftovers\n|-heal|p1a: Hatterene|63\/100 par|[from] Grassy Terrain\n|upkeep\n|turn|27\n|c|\u2606CarrotStix|lets all be para ef fit\n|c|\u2606Power Panpour|?\n|\n|t:|1700351011\n|move|p2a: Boomer Bird|Hurricane|p1a: Hatterene\n|-damage|p1a: Hatterene|6\/100 par\n|move|p1a: Hatterene|Draining Kiss|p2a: Boomer Bird\n|-crit|p2a: Boomer Bird\n|-damage|p2a: Boomer Bird|9\/100\n|-heal|p1a: Hatterene|57\/100 par|[from] drain|[of] p2a: Boomer Bird\n|\n|-heal|p2a: Boomer Bird|15\/100|[from] item: Leftovers\n|-heal|p1a: Hatterene|63\/100 par|[from] Grassy Terrain\n|-fieldend|move: Grassy Terrain\n|upkeep\n|turn|28\n|c|\u2606CarrotStix|im letting all my mons be paralyzed\n|\n|t:|1700351022\n|move|p2a: Boomer Bird|Roost|p2a: Boomer Bird\n|-heal|p2a: Boomer Bird|65\/100\n|-singleturn|p2a: Boomer Bird|move: Roost\n|move|p1a: Hatterene|Draining Kiss|p2a: Boomer Bird\n|-damage|p2a: Boomer Bird|37\/100\n|-heal|p1a: Hatterene|95\/100 par|[from] drain|[of] p2a: Boomer Bird\n|\n|-heal|p2a: Boomer Bird|43\/100|[from] item: Leftovers\n|upkeep\n|turn|29\n|c|\u2606Power Panpour|Oh\n|c|\u2606CarrotStix|yeh...\n|\n|t:|1700351030\n|switch|p2a: Is but a bliss|Blissey, F|100\/100\n|cant|p1a: Hatterene|par\n|\n|upkeep\n|turn|30\n|\n|t:|1700351039\n|switch|p2a: Boomer Bird|Zapdos|43\/100\n|switch|p1a: Corviknight|Corviknight, F|77\/100 par\n|-damage|p1a: Corviknight|65\/100 par|[from] Stealth Rock\n|\n|-heal|p2a: Boomer Bird|49\/100|[from] item: Leftovers\n|upkeep\n|turn|31\n|\n|t:|1700351050\n|move|p2a: Boomer Bird|Roost|p2a: Boomer Bird\n|-heal|p2a: Boomer Bird|99\/100\n|-singleturn|p2a: Boomer Bird|move: Roost\n|move|p1a: Corviknight|Defog|p2a: Boomer Bird\n|-unboost|p2a: Boomer Bird|evasion|1\n|-sideend|p1: CarrotStix|Stealth Rock|[from] move: Defog|[of] p1a: Corviknight\n|\n|-heal|p2a: Boomer Bird|100\/100|[from] item: Leftovers\n|upkeep\n|turn|32\n|\n|t:|1700351059\n|switch|p1a: Hatterene|Hatterene, F|95\/100 par\n|move|p2a: Boomer Bird|Thunderbolt|p1a: Hatterene\n|-damage|p1a: Hatterene|53\/100 par\n|\n|upkeep\n|turn|33\n|\n|t:|1700351066\n|move|p2a: Boomer Bird|Hurricane|p1a: Hatterene|[miss]\n|-miss|p2a: Boomer Bird|p1a: Hatterene\n|cant|p1a: Hatterene|par\n|\n|upkeep\n|turn|34\n|\n|t:|1700351078\n|move|p2a: Boomer Bird|Hurricane|p1a: Hatterene|[miss]\n|-miss|p2a: Boomer Bird|p1a: Hatterene\n|move|p1a: Hatterene|Draining Kiss|p2a: Boomer Bird\n|-damage|p2a: Boomer Bird|69\/100\n|-heal|p1a: Hatterene|88\/100 par|[from] drain|[of] p2a: Boomer Bird\n|\n|-heal|p2a: Boomer Bird|75\/100|[from] item: Leftovers\n|upkeep\n|turn|35\n|c|\u2606Power Panpour|Why? Why? Why?\n|\n|t:|1700351092\n|move|p2a: Boomer Bird|Hurricane|p1a: Hatterene\n|-crit|p1a: Hatterene\n|-damage|p1a: Hatterene|10\/100 par\n|move|p1a: Hatterene|Psychic|p2a: Boomer Bird\n|-damage|p2a: Boomer Bird|19\/100\n|\n|-heal|p2a: Boomer Bird|25\/100|[from] item: Leftovers\n|upkeep\n|turn|36\n|c|\u2606CarrotStix|hmhmhmn\n|c|\u2606CarrotStix|OOP\n|\n|t:|1700351106\n|switch|p2a: Is but a bliss|Blissey, F|100\/100\n|cant|p1a: Hatterene|par\n|\n|upkeep\n|turn|37\n|c|\u2606CarrotStix|u got scared hehe\n|\n|t:|1700351118\n|switch|p2a: Boomer Bird|Zapdos|25\/100\n|switch|p1a: Corviknight|Corviknight, F|65\/100 par\n|\n|-heal|p2a: Boomer Bird|31\/100|[from] item: Leftovers\n|upkeep\n|turn|38\n|c|\u2606CarrotStix|erm...\n|\n|t:|1700351136\n|move|p2a: Boomer Bird|Roost|p2a: Boomer Bird\n|-heal|p2a: Boomer Bird|81\/100\n|-singleturn|p2a: Boomer Bird|move: Roost\n|cant|p1a: Corviknight|par\n|\n|-heal|p2a: Boomer Bird|87\/100|[from] item: Leftovers\n|upkeep\n|turn|39\n|\n|t:|1700351151\n|move|p2a: Boomer Bird|Thunderbolt|p1a: Corviknight\n|-supereffective|p1a: Corviknight\n|-damage|p1a: Corviknight|0 fnt\n|faint|p1a: Corviknight\n|\n|-heal|p2a: Boomer Bird|93\/100|[from] item: Leftovers\n|upkeep\n|inactive|CarrotStix has 120 seconds left.\n|\n|t:|1700351172\n|switch|p1a: Hatterene|Hatterene, F|10\/100 par\n|turn|40\n|\n|t:|1700351178\n|move|p2a: Boomer Bird|Thunderbolt|p1a: Hatterene\n|-damage|p1a: Hatterene|0 fnt\n|faint|p1a: Hatterene\n|\n|-heal|p2a: Boomer Bird|99\/100|[from] item: Leftovers\n|upkeep\n|\n|t:|1700351189\n|switch|p1a: Mismagius|Mismagius, M|35\/100\n|turn|41\n|\n|t:|1700351194\n|move|p1a: Mismagius|Shadow Ball|p2a: Boomer Bird\n|-damage|p2a: Boomer Bird|66\/100\n|move|p2a: Boomer Bird|Thunderbolt|p1a: Mismagius\n|-damage|p1a: Mismagius|0 fnt\n|faint|p1a: Mismagius\n|\n|-heal|p2a: Boomer Bird|72\/100|[from] item: Leftovers\n|upkeep\n|\n|t:|1700351205\n|switch|p1a: Rillaboom|Rillaboom, F, tera:Grass|57\/100 par\n|-fieldstart|move: Grassy Terrain|[from] ability: Grassy Surge|[of] p1a: Rillaboom\n|turn|42\n|c|\u2606Power Panpour|I think im winning\n|\n|t:|1700351214\n|cant|p1a: Rillaboom|par\n|move|p2a: Boomer Bird|Hurricane|p1a: Rillaboom|[miss]\n|-miss|p2a: Boomer Bird|p1a: Rillaboom\n|\n|-heal|p2a: Boomer Bird|78\/100|[from] item: Leftovers\n|-heal|p1a: Rillaboom|63\/100 par|[from] Grassy Terrain\n|upkeep\n|turn|43\n|c|\u2606Power Panpour|Wow\n|\n|t:|1700351222\n|cant|p1a: Rillaboom|par\n|move|p2a: Boomer Bird|Hurricane|p1a: Rillaboom\n|-supereffective|p1a: Rillaboom\n|-damage|p1a: Rillaboom|0 fnt\n|faint|p1a: Rillaboom\n|\n|-heal|p2a: Boomer Bird|84\/100|[from] item: Leftovers\n|upkeep\n|c|\u2606CarrotStix|well ther eu go\n|\n|t:|1700351232\n|switch|p1a: Sneasler|Sneasler, F|100\/100\n|-enditem|p1a: Sneasler|Grassy Seed\n|-boost|p1a: Sneasler|def|1|[from] item: Grassy Seed\n|turn|44\n|\n|t:|1700351238\n|move|p1a: Sneasler|Fake Out|p2a: Boomer Bird\n|-damage|p2a: Boomer Bird|69\/100\n|-status|p1a: Sneasler|par|[from] ability: Static|[of] p2a: Boomer Bird\n|cant|p2a: Boomer Bird|flinch\n|\n|-heal|p2a: Boomer Bird|75\/100|[from] item: Leftovers\n|upkeep\n|turn|45\n|c|\u2606Power Panpour|*snicker*\n|\n|t:|1700351250\n|cant|p1a: Sneasler|par\n|move|p2a: Boomer Bird|Hurricane|p1a: Sneasler\n|-supereffective|p1a: Sneasler\n|-damage|p1a: Sneasler|0 fnt\n|faint|p1a: Sneasler\n|\n|-heal|p2a: Boomer Bird|81\/100|[from] item: Leftovers\n|upkeep\n|c|\u2606CarrotStix|stop...\n|c|\u2606CarrotStix|omg\n|c|\u2606CarrotStix|i yield\n|-message|CarrotStix forfeited.\n|\n|win|Power Panpour\n|raw|CarrotStix's rating: 1048 &rarr; <strong>1036<\/strong><br \/>(-12 for losing)\n|raw|Power Panpour's rating: 1146 &rarr; <strong>1164<\/strong><br \/>(+18 for winning)\n|l|\u2606CarrotStix\n","uploadtime":1700351268,"views":8,"p1id":"carrotstix","p2id":"powerpanpour","formatid":"gen9ou","rating":1036,"private":0,"password":""}