{"id":"gen9ou-1997598972","p1":"ooj2","p2":"Gen23GOD","format":"[Gen 9] OU","log":"|j|\u2606ooj2\n|j|\u2606Gen23GOD\n|t:|1700831144\n|gametype|singles\n|player|p1|ooj2|psychicf-gen4|1515\n|player|p2|Gen23GOD|101|1453\n|teamsize|p1|6\n|teamsize|p2|6\n|gen|9\n|tier|[Gen 9] OU\n|rated|\n|rule|Sleep Clause Mod: Limit one foe put to sleep\n|rule|Species Clause: Limit one of each Pok\u00e9mon\n|rule|OHKO Clause: OHKO moves are banned\n|rule|Evasion Items Clause: Evasion items are banned\n|rule|Evasion Moves Clause: Evasion moves are banned\n|rule|Endless Battle Clause: Forcing endless battles is banned\n|rule|HP Percentage Mod: HP is shown in percentages\n|clearpoke\n|poke|p1|Garganacl, M|\n|poke|p1|Kingambit, M|\n|poke|p1|Great Tusk|\n|poke|p1|Dragapult, M|\n|poke|p1|Iron Moth|\n|poke|p1|Rillaboom, M|\n|poke|p2|Kingambit, M|\n|poke|p2|Zapdos|\n|poke|p2|Corviknight, F|\n|poke|p2|Clodsire, F|\n|poke|p2|Dondozo, F|\n|poke|p2|Garganacl, M|\n|teampreview\n|inactive|Battle timer is ON: inactive players will automatically lose when time's up. (requested by ooj2)\n|\n|t:|1700831157\n|start\n|switch|p1a: Garganacl|Garganacl, M, shiny|100\/100\n|switch|p2a: Zapdos|Zapdos|100\/100\n|-ability|p2a: Zapdos|Pressure\n|turn|1\n|\n|t:|1700831164\n|move|p2a: Zapdos|Substitute|p2a: Zapdos\n|-start|p2a: Zapdos|Substitute\n|-damage|p2a: Zapdos|76\/100\n|move|p1a: Garganacl|Stealth Rock|p2a: Zapdos\n|-sidestart|p2: Gen23GOD|move: Stealth Rock\n|\n|upkeep\n|turn|2\n|\n|t:|1700831168\n|move|p2a: Zapdos|Discharge|p1a: Garganacl\n|-damage|p1a: Garganacl|79\/100\n|move|p1a: Garganacl|Salt Cure|p2a: Zapdos\n|-supereffective|p2a: Zapdos\n|-end|p2a: Zapdos|Substitute\n|\n|-heal|p1a: Garganacl|85\/100|[from] item: Leftovers\n|upkeep\n|turn|3\n|\n|t:|1700831175\n|move|p2a: Zapdos|Substitute|p2a: Zapdos\n|-start|p2a: Zapdos|Substitute\n|-damage|p2a: Zapdos|51\/100\n|move|p1a: Garganacl|Salt Cure|p2a: Zapdos\n|-supereffective|p2a: Zapdos\n|-end|p2a: Zapdos|Substitute\n|\n|-heal|p1a: Garganacl|91\/100|[from] item: Leftovers\n|upkeep\n|turn|4\n|\n|t:|1700831186\n|move|p2a: Zapdos|Roost|p2a: Zapdos\n|-heal|p2a: Zapdos|100\/100\n|-singleturn|p2a: Zapdos|move: Roost\n|move|p1a: Garganacl|Salt Cure|p2a: Zapdos\n|-damage|p2a: Zapdos|88\/100\n|-start|p2a: Zapdos|Salt Cure\n|\n|-heal|p1a: Garganacl|98\/100|[from] item: Leftovers\n|-damage|p2a: Zapdos|75\/100|[from] Salt Cure\n|upkeep\n|turn|5\n|\n|t:|1700831192\n|switch|p2a: Garganacl|Garganacl, M|100\/100\n|-damage|p2a: Garganacl|88\/100|[from] Stealth Rock\n|move|p1a: Garganacl|Salt Cure|p2a: Garganacl\n|-damage|p2a: Garganacl|80\/100\n|-start|p2a: Garganacl|Salt Cure\n|\n|-heal|p1a: Garganacl|100\/100|[from] item: Leftovers\n|-heal|p2a: Garganacl|87\/100|[from] item: Leftovers\n|-damage|p2a: Garganacl|74\/100|[from] Salt Cure\n|upkeep\n|turn|6\n|\n|t:|1700831197\n|switch|p1a: Rillaboom|Rillaboom, M|100\/100\n|-fieldstart|move: Grassy Terrain|[from] ability: Grassy Surge|[of] p1a: Rillaboom\n|move|p2a: Garganacl|Salt Cure|p1a: Rillaboom\n|-damage|p1a: Rillaboom|86\/100\n|-start|p1a: Rillaboom|Salt Cure\n|\n|-heal|p1a: Rillaboom|92\/100|[from] Grassy Terrain\n|-heal|p2a: Garganacl|80\/100|[from] Grassy Terrain\n|-heal|p2a: Garganacl|87\/100|[from] item: Leftovers\n|-damage|p1a: Rillaboom|80\/100|[from] Salt Cure\n|-damage|p2a: Garganacl|74\/100|[from] Salt Cure\n|upkeep\n|turn|7\n|\n|t:|1700831207\n|switch|p1a: Garganacl|Garganacl, M, shiny|100\/100\n|move|p2a: Garganacl|Protect||[still]\n|-fail|p2a: Garganacl\n|\n|-heal|p2a: Garganacl|80\/100|[from] Grassy Terrain\n|-heal|p2a: Garganacl|87\/100|[from] item: Leftovers\n|-damage|p2a: Garganacl|74\/100|[from] Salt Cure\n|upkeep\n|turn|8\n|\n|t:|1700831210\n|move|p2a: Garganacl|Salt Cure|p1a: Garganacl\n|-damage|p1a: Garganacl|91\/100\n|-start|p1a: Garganacl|Salt Cure\n|move|p1a: Garganacl|Salt Cure|p2a: Garganacl\n|-damage|p2a: Garganacl|66\/100\n|\n|-heal|p2a: Garganacl|72\/100|[from] Grassy Terrain\n|-heal|p1a: Garganacl|97\/100|[from] Grassy Terrain\n|-heal|p1a: Garganacl|100\/100|[from] item: Leftovers\n|-heal|p2a: Garganacl|78\/100|[from] item: Leftovers\n|-damage|p2a: Garganacl|66\/100|[from] Salt Cure\n|-damage|p1a: Garganacl|88\/100|[from] Salt Cure\n|upkeep\n|turn|9\n|\n|t:|1700831218\n|move|p1a: Garganacl|Salt Cure|p2a: Garganacl\n|-damage|p2a: Garganacl|59\/100\n|move|p2a: Garganacl|Salt Cure|p1a: Garganacl\n|-damage|p1a: Garganacl|79\/100\n|\n|-heal|p1a: Garganacl|85\/100|[from] Grassy Terrain\n|-heal|p2a: Garganacl|65\/100|[from] Grassy Terrain\n|-heal|p1a: Garganacl|92\/100|[from] item: Leftovers\n|-heal|p2a: Garganacl|71\/100|[from] item: Leftovers\n|-damage|p2a: Garganacl|59\/100|[from] Salt Cure\n|-damage|p1a: Garganacl|79\/100|[from] Salt Cure\n|upkeep\n|turn|10\n|\n|t:|1700831224\n|move|p1a: Garganacl|Protect|p1a: Garganacl\n|-singleturn|p1a: Garganacl|Protect\n|move|p2a: Garganacl|Stealth Rock|p1a: Garganacl\n|-sidestart|p1: ooj2|move: Stealth Rock\n|\n|-heal|p2a: Garganacl|65\/100|[from] Grassy Terrain\n|-heal|p1a: Garganacl|85\/100|[from] Grassy Terrain\n|-heal|p2a: Garganacl|71\/100|[from] item: Leftovers\n|-heal|p1a: Garganacl|92\/100|[from] item: Leftovers\n|-damage|p1a: Garganacl|79\/100|[from] Salt Cure\n|-damage|p2a: Garganacl|59\/100|[from] Salt Cure\n|-fieldend|move: Grassy Terrain\n|upkeep\n|turn|11\n|\n|t:|1700831234\n|switch|p1a: Great Tusk|Great Tusk|100\/100\n|-damage|p1a: Great Tusk|98\/100|[from] Stealth Rock\n|move|p2a: Garganacl|Salt Cure|p1a: Great Tusk\n|-resisted|p1a: Great Tusk\n|-damage|p1a: Great Tusk|95\/100\n|-start|p1a: Great Tusk|Salt Cure\n|\n|-heal|p2a: Garganacl|65\/100|[from] item: Leftovers\n|-damage|p1a: Great Tusk|83\/100|[from] Salt Cure\n|-damage|p2a: Garganacl|52\/100|[from] Salt Cure\n|upkeep\n|turn|12\n|\n|t:|1700831242\n|switch|p2a: Corviknight|Corviknight, F|100\/100\n|-damage|p2a: Corviknight|88\/100|[from] Stealth Rock\n|-ability|p2a: Corviknight|Pressure\n|move|p1a: Great Tusk|Knock Off|p2a: Corviknight\n|-damage|p2a: Corviknight|66\/100\n|-enditem|p2a: Corviknight|Leftovers|[from] move: Knock Off|[of] p1a: Great Tusk\n|\n|-damage|p1a: Great Tusk|71\/100|[from] Salt Cure\n|upkeep\n|turn|13\n|\n|t:|1700831248\n|-end|p1a: Great Tusk|Protosynthesis|[silent]\n|switch|p1a: Garganacl|Garganacl, M, shiny|79\/100\n|-damage|p1a: Garganacl|67\/100|[from] Stealth Rock\n|move|p2a: Corviknight|Brave Bird|p1a: Garganacl\n|-resisted|p1a: Garganacl\n|-damage|p1a: Garganacl|55\/100\n|-damage|p2a: Corviknight|62\/100|[from] Recoil\n|\n|-heal|p1a: Garganacl|61\/100|[from] item: Leftovers\n|upkeep\n|turn|14\n|\n|t:|1700831261\n|switch|p2a: Garganacl|Garganacl, M|52\/100\n|-damage|p2a: Garganacl|40\/100|[from] Stealth Rock\n|move|p1a: Garganacl|Salt Cure|p2a: Garganacl\n|-damage|p2a: Garganacl|32\/100\n|-start|p2a: Garganacl|Salt Cure\n|\n|-heal|p2a: Garganacl|39\/100|[from] item: Leftovers\n|-heal|p1a: Garganacl|67\/100|[from] item: Leftovers\n|-damage|p2a: Garganacl|26\/100|[from] Salt Cure\n|upkeep\n|turn|15\n|\n|t:|1700831269\n|switch|p1a: Great Tusk|Great Tusk|71\/100\n|-damage|p1a: Great Tusk|68\/100|[from] Stealth Rock\n|move|p2a: Garganacl|Recover|p2a: Garganacl\n|-heal|p2a: Garganacl|76\/100\n|\n|-heal|p2a: Garganacl|82\/100|[from] item: Leftovers\n|-damage|p2a: Garganacl|70\/100|[from] Salt Cure\n|upkeep\n|turn|16\n|\n|t:|1700831275\n|switch|p2a: Corviknight|Corviknight, F|62\/100\n|-damage|p2a: Corviknight|50\/100|[from] Stealth Rock\n|-ability|p2a: Corviknight|Pressure\n|move|p1a: Great Tusk|Ice Spinner|p2a: Corviknight\n|-damage|p2a: Corviknight|33\/100\n|\n|upkeep\n|turn|17\n|\n|t:|1700831285\n|move|p1a: Great Tusk|Rapid Spin|p2a: Corviknight\n|-resisted|p2a: Corviknight\n|-damage|p2a: Corviknight|28\/100\n|-boost|p1a: Great Tusk|spe|1\n|-sideend|p1: ooj2|Stealth Rock|[from] move: Rapid Spin|[of] p1a: Great Tusk\n|move|p2a: Corviknight|Roost|p2a: Corviknight\n|-heal|p2a: Corviknight|78\/100\n|-singleturn|p2a: Corviknight|move: Roost\n|\n|upkeep\n|turn|18\n|inactive|ooj2 has 120 seconds left.\n|\n|t:|1700831322\n|move|p1a: Great Tusk|Knock Off|p2a: Corviknight\n|-damage|p2a: Corviknight|64\/100\n|move|p2a: Corviknight|Defog|p1a: Great Tusk\n|-unboost|p1a: Great Tusk|evasion|1\n|-sideend|p2: Gen23GOD|Stealth Rock|[from] move: Defog|[of] p2a: Corviknight\n|\n|upkeep\n|turn|19\n|\n|t:|1700831334\n|-end|p1a: Great Tusk|Protosynthesis|[silent]\n|switch|p1a: Garganacl|Garganacl, M, shiny|67\/100\n|move|p2a: Corviknight|Brave Bird|p1a: Garganacl\n|-resisted|p1a: Garganacl\n|-damage|p1a: Garganacl|55\/100\n|-damage|p2a: Corviknight|60\/100|[from] Recoil\n|\n|-heal|p1a: Garganacl|61\/100|[from] item: Leftovers\n|upkeep\n|turn|20\n|\n|t:|1700831338\n|switch|p2a: Garganacl|Garganacl, M|70\/100\n|move|p1a: Garganacl|Salt Cure|p2a: Garganacl\n|-damage|p2a: Garganacl|63\/100\n|-start|p2a: Garganacl|Salt Cure\n|\n|-heal|p2a: Garganacl|69\/100|[from] item: Leftovers\n|-heal|p1a: Garganacl|67\/100|[from] item: Leftovers\n|-damage|p2a: Garganacl|56\/100|[from] Salt Cure\n|upkeep\n|turn|21\n|\n|t:|1700831347\n|move|p1a: Garganacl|Protect|p1a: Garganacl\n|-singleturn|p1a: Garganacl|Protect\n|move|p2a: Garganacl|Salt Cure|p1a: Garganacl\n|-activate|p1a: Garganacl|move: Protect\n|\n|-heal|p2a: Garganacl|63\/100|[from] item: Leftovers\n|-heal|p1a: Garganacl|74\/100|[from] item: Leftovers\n|-damage|p2a: Garganacl|50\/100|[from] Salt Cure\n|upkeep\n|turn|22\n|\n|t:|1700831353\n|move|p2a: Garganacl|Salt Cure|p1a: Garganacl\n|-damage|p1a: Garganacl|63\/100\n|-start|p1a: Garganacl|Salt Cure\n|move|p1a: Garganacl|Stealth Rock|p2a: Garganacl\n|-sidestart|p2: Gen23GOD|move: Stealth Rock\n|\n|-heal|p2a: Garganacl|56\/100|[from] item: Leftovers\n|-heal|p1a: Garganacl|69\/100|[from] item: Leftovers\n|-damage|p1a: Garganacl|57\/100|[from] Salt Cure\n|-damage|p2a: Garganacl|44\/100|[from] Salt Cure\n|upkeep\n|turn|23\n|\n|t:|1700831363\n|switch|p1a: Iron Moth|Iron Moth|100\/100\n|-enditem|p1a: Iron Moth|Booster Energy\n|-activate|p1a: Iron Moth|ability: Quark Drive|[fromitem]\n|-start|p1a: Iron Moth|quarkdrivespe\n|move|p2a: Garganacl|Recover|p2a: Garganacl\n|-heal|p2a: Garganacl|94\/100\n|\n|-heal|p2a: Garganacl|99\/100|[from] item: Leftovers\n|-damage|p2a: Garganacl|88\/100|[from] Salt Cure\n|upkeep\n|turn|24\n|\n|t:|1700831370\n|-end|p1a: Iron Moth|Quark Drive|[silent]\n|switch|p1a: Rillaboom|Rillaboom, M|80\/100\n|-fieldstart|move: Grassy Terrain|[from] ability: Grassy Surge|[of] p1a: Rillaboom\n|switch|p2a: Clodsire|Clodsire, F|100\/100\n|-damage|p2a: Clodsire|94\/100|[from] Stealth Rock\n|\n|-heal|p1a: Rillaboom|86\/100|[from] Grassy Terrain\n|-heal|p2a: Clodsire|100\/100|[from] Grassy Terrain\n|upkeep\n|turn|25\n|\n|t:|1700831381\n|switch|p2a: Zapdos|Zapdos|75\/100\n|-ability|p2a: Zapdos|Pressure\n|move|p1a: Rillaboom|Wood Hammer|p2a: Zapdos\n|-resisted|p2a: Zapdos\n|-crit|p2a: Zapdos\n|-damage|p2a: Zapdos|23\/100\n|-damage|p1a: Rillaboom|66\/100|[from] Recoil\n|\n|-heal|p1a: Rillaboom|73\/100|[from] Grassy Terrain\n|upkeep\n|turn|26\n|\n|t:|1700831396\n|move|p1a: Rillaboom|Wood Hammer|p2a: Zapdos\n|-resisted|p2a: Zapdos\n|-damage|p2a: Zapdos|0 fnt\n|faint|p2a: Zapdos\n|-damage|p1a: Rillaboom|64\/100|[from] Recoil\n|\n|-heal|p1a: Rillaboom|71\/100|[from] Grassy Terrain\n|upkeep\n|\n|t:|1700831414\n|switch|p2a: Dondozo|Dondozo, F|100\/100\n|-damage|p2a: Dondozo|88\/100|[from] Stealth Rock\n|turn|27\n|\n|t:|1700831424\n|switch|p1a: Dragapult|Dragapult, M|100\/100\n|-terastallize|p2a: Dondozo|Grass\n|move|p2a: Dondozo|Curse|p2a: Dondozo\n|-unboost|p2a: Dondozo|spe|1\n|-boost|p2a: Dondozo|atk|1\n|-boost|p2a: Dondozo|def|1\n|\n|-heal|p2a: Dondozo|94\/100|[from] Grassy Terrain\n|-heal|p2a: Dondozo|99\/100|[from] item: Leftovers\n|upkeep\n|turn|28\n|\n|t:|1700831430\n|move|p2a: Dondozo|Protect|p2a: Dondozo\n|-singleturn|p2a: Dondozo|Protect\n|move|p1a: Dragapult|Flamethrower|p2a: Dondozo\n|-activate|p2a: Dondozo|move: Protect\n|\n|-heal|p2a: Dondozo|100\/100|[from] Grassy Terrain\n|-fieldend|move: Grassy Terrain\n|upkeep\n|turn|29\n|\n|t:|1700831440\n|move|p1a: Dragapult|U-turn|p2a: Dondozo\n|-supereffective|p2a: Dondozo\n|-damage|p2a: Dondozo|85\/100\n|\n|t:|1700831461\n|switch|p1a: Kingambit|Kingambit, M|100\/100|[from] U-turn\n|move|p2a: Dondozo|Curse|p2a: Dondozo\n|-unboost|p2a: Dondozo|spe|1\n|-boost|p2a: Dondozo|atk|1\n|-boost|p2a: Dondozo|def|1\n|\n|-heal|p2a: Dondozo|92\/100|[from] item: Leftovers\n|upkeep\n|turn|30\n|\n|t:|1700831466\n|-end|p1a: Kingambit|fallenundefined|[silent]\n|switch|p1a: Iron Moth|Iron Moth|100\/100\n|move|p2a: Dondozo|Body Press|p1a: Iron Moth\n|-resisted|p1a: Iron Moth\n|-crit|p1a: Iron Moth\n|-damage|p1a: Iron Moth|55\/100\n|\n|-heal|p2a: Dondozo|98\/100|[from] item: Leftovers\n|upkeep\n|turn|31\n|\n|t:|1700831479\n|-terastallize|p1a: Iron Moth|Grass\n|move|p1a: Iron Moth|Sludge Wave|p2a: Dondozo\n|-supereffective|p2a: Dondozo\n|-damage|p2a: Dondozo|40\/100\n|move|p2a: Dondozo|Liquidation|p1a: Iron Moth\n|-resisted|p1a: Iron Moth\n|-damage|p1a: Iron Moth|14\/100\n|\n|-heal|p2a: Dondozo|46\/100|[from] item: Leftovers\n|upkeep\n|turn|32\n|\n|t:|1700831487\n|move|p2a: Dondozo|Protect|p2a: Dondozo\n|-singleturn|p2a: Dondozo|Protect\n|move|p1a: Iron Moth|Fiery Dance|p2a: Dondozo\n|-activate|p2a: Dondozo|move: Protect\n|\n|-heal|p2a: Dondozo|52\/100|[from] item: Leftovers\n|upkeep\n|turn|33\n|\n|t:|1700831497\n|-end|p1a: Iron Moth|Quark Drive|[silent]\n|switch|p1a: Kingambit|Kingambit, M|100\/100\n|switch|p2a: Clodsire|Clodsire, F|100\/100\n|-damage|p2a: Clodsire|94\/100|[from] Stealth Rock\n|\n|-heal|p2a: Clodsire|100\/100|[from] item: Leftovers\n|upkeep\n|turn|34\n|\n|t:|1700831509\n|switch|p2a: Garganacl|Garganacl, M|88\/100\n|-damage|p2a: Garganacl|75\/100|[from] Stealth Rock\n|move|p1a: Kingambit|Kowtow Cleave|p2a: Garganacl\n|-damage|p2a: Garganacl|48\/100\n|\n|-heal|p2a: Garganacl|54\/100|[from] item: Leftovers\n|upkeep\n|turn|35\n|\n|t:|1700831516\n|move|p2a: Garganacl|Protect|p2a: Garganacl\n|-singleturn|p2a: Garganacl|Protect\n|move|p1a: Kingambit|Swords Dance|p1a: Kingambit\n|-boost|p1a: Kingambit|atk|2\n|\n|-heal|p2a: Garganacl|60\/100|[from] item: Leftovers\n|upkeep\n|turn|36\n|\n|t:|1700831519\n|move|p1a: Kingambit|Kowtow Cleave|p2a: Garganacl\n|-damage|p2a: Garganacl|1\/100\n|move|p2a: Garganacl|Salt Cure|p1a: Kingambit\n|-resisted|p1a: Kingambit\n|-damage|p1a: Kingambit|96\/100\n|-start|p1a: Kingambit|Salt Cure\n|\n|-heal|p2a: Garganacl|8\/100|[from] item: Leftovers\n|-damage|p1a: Kingambit|71\/100|[from] Salt Cure\n|upkeep\n|turn|37\n|\n|t:|1700831526\n|-end|p1a: Kingambit|fallenundefined|[silent]\n|switch|p1a: Iron Moth|Iron Moth, tera:Grass|14\/100\n|move|p2a: Garganacl|Protect||[still]\n|-fail|p2a: Garganacl\n|\n|-heal|p2a: Garganacl|14\/100|[from] item: Leftovers\n|upkeep\n|turn|38\n|\n|t:|1700831530\n|move|p2a: Garganacl|Protect|p2a: Garganacl\n|-singleturn|p2a: Garganacl|Protect\n|move|p1a: Iron Moth|Fiery Dance|p2a: Garganacl\n|-activate|p2a: Garganacl|move: Protect\n|\n|-heal|p2a: Garganacl|20\/100|[from] item: Leftovers\n|upkeep\n|turn|39\n|\n|t:|1700831534\n|switch|p2a: Clodsire|Clodsire, F|100\/100\n|-damage|p2a: Clodsire|94\/100|[from] Stealth Rock\n|move|p1a: Iron Moth|Fiery Dance|p2a: Clodsire\n|-damage|p2a: Clodsire|73\/100\n|-boost|p1a: Iron Moth|spa|1\n|\n|-heal|p2a: Clodsire|79\/100|[from] item: Leftovers\n|upkeep\n|turn|40\n|\n|t:|1700831538\n|-end|p1a: Iron Moth|Quark Drive|[silent]\n|switch|p1a: Rillaboom|Rillaboom, M|71\/100\n|-fieldstart|move: Grassy Terrain|[from] ability: Grassy Surge|[of] p1a: Rillaboom\n|move|p2a: Clodsire|Toxic|p1a: Rillaboom\n|-status|p1a: Rillaboom|tox\n|\n|-heal|p1a: Rillaboom|77\/100 tox|[from] Grassy Terrain\n|-heal|p2a: Clodsire|85\/100|[from] Grassy Terrain\n|-heal|p2a: Clodsire|91\/100|[from] item: Leftovers\n|-damage|p1a: Rillaboom|71\/100 tox|[from] psn\n|upkeep\n|turn|41\n|\n|t:|1700831545\n|switch|p2a: Garganacl|Garganacl, M|20\/100\n|-damage|p2a: Garganacl|8\/100|[from] Stealth Rock\n|move|p1a: Rillaboom|U-turn|p2a: Garganacl\n|-damage|p2a: Garganacl|0 fnt\n|faint|p2a: Garganacl\n|\n|t:|1700831561\n|switch|p1a: Great Tusk|Great Tusk|68\/100|[from] U-turn\n|\n|-heal|p1a: Great Tusk|74\/100|[from] Grassy Terrain\n|upkeep\n|\n|t:|1700831565\n|switch|p2a: Corviknight|Corviknight, F|60\/100\n|-damage|p2a: Corviknight|48\/100|[from] Stealth Rock\n|-ability|p2a: Corviknight|Pressure\n|turn|42\n|\n|t:|1700831572\n|-end|p1a: Great Tusk|Protosynthesis|[silent]\n|switch|p1a: Dragapult|Dragapult, M|100\/100\n|move|p2a: Corviknight|Roost|p2a: Corviknight\n|-heal|p2a: Corviknight|98\/100\n|-singleturn|p2a: Corviknight|move: Roost\n|\n|-heal|p2a: Corviknight|100\/100|[from] Grassy Terrain\n|upkeep\n|turn|43\n|\n|t:|1700831579\n|switch|p2a: Clodsire|Clodsire, F|91\/100\n|-damage|p2a: Clodsire|85\/100|[from] Stealth Rock\n|move|p1a: Dragapult|Flamethrower|p2a: Clodsire\n|-damage|p2a: Clodsire|72\/100\n|-status|p2a: Clodsire|brn\n|\n|-heal|p2a: Clodsire|78\/100 brn|[from] Grassy Terrain\n|-heal|p2a: Clodsire|84\/100 brn|[from] item: Leftovers\n|-damage|p2a: Clodsire|78\/100 brn|[from] brn\n|upkeep\n|turn|44\n|\n|t:|1700831587\n|move|p1a: Dragapult|U-turn|p2a: Clodsire\n|-resisted|p2a: Clodsire\n|-damage|p2a: Clodsire|68\/100 brn\n|\n|t:|1700831588\n|switch|p1a: Rillaboom|Rillaboom, M|71\/100 tox|[from] U-turn\n|move|p2a: Clodsire|Spikes|p1a: Rillaboom\n|-sidestart|p1: ooj2|Spikes\n|\n|-heal|p1a: Rillaboom|77\/100 tox|[from] Grassy Terrain\n|-heal|p2a: Clodsire|74\/100 brn|[from] Grassy Terrain\n|-heal|p2a: Clodsire|81\/100 brn|[from] item: Leftovers\n|-damage|p1a: Rillaboom|71\/100 tox|[from] psn\n|-damage|p2a: Clodsire|74\/100 brn|[from] brn\n|-fieldend|move: Grassy Terrain\n|upkeep\n|turn|45\n|\n|t:|1700831599\n|move|p1a: Rillaboom|U-turn|p2a: Clodsire\n|-resisted|p2a: Clodsire\n|-damage|p2a: Clodsire|62\/100 brn\n|\n|t:|1700831601\n|switch|p1a: Great Tusk|Great Tusk|74\/100|[from] U-turn\n|-damage|p1a: Great Tusk|61\/100|[from] Spikes\n|move|p2a: Clodsire|Toxic|p1a: Great Tusk\n|-status|p1a: Great Tusk|tox\n|\n|-heal|p2a: Clodsire|68\/100 brn|[from] item: Leftovers\n|-damage|p1a: Great Tusk|55\/100 tox|[from] psn\n|-damage|p2a: Clodsire|62\/100 brn|[from] brn\n|upkeep\n|turn|46\n|\n|t:|1700831607\n|switch|p2a: Corviknight|Corviknight, F|100\/100\n|-damage|p2a: Corviknight|88\/100|[from] Stealth Rock\n|-ability|p2a: Corviknight|Pressure\n|move|p1a: Great Tusk|Rapid Spin|p2a: Corviknight\n|-resisted|p2a: Corviknight\n|-damage|p2a: Corviknight|83\/100\n|-boost|p1a: Great Tusk|spe|1\n|-sideend|p1: ooj2|Spikes|[from] move: Rapid Spin|[of] p1a: Great Tusk\n|\n|-damage|p1a: Great Tusk|43\/100 tox|[from] psn\n|upkeep\n|turn|47\n|\n|t:|1700831618\n|-end|p1a: Great Tusk|Protosynthesis|[silent]\n|switch|p1a: Kingambit|Kingambit, M|71\/100\n|move|p2a: Corviknight|Defog|p1a: Kingambit\n|-unboost|p1a: Kingambit|evasion|1\n|-sideend|p2: Gen23GOD|Stealth Rock|[from] move: Defog|[of] p2a: Corviknight\n|\n|upkeep\n|turn|48\n|\n|t:|1700831626\n|move|p2a: Corviknight|U-turn|p1a: Kingambit\n|-damage|p1a: Kingambit|60\/100\n|\n|t:|1700831641\n|switch|p2a: Kingambit|Kingambit, M|100\/100|[from] U-turn\n|-ability|p2a: Kingambit|Pressure\n|move|p1a: Kingambit|Kowtow Cleave|p2a: Kingambit\n|-resisted|p2a: Kingambit\n|-damage|p2a: Kingambit|81\/100\n|\n|-heal|p2a: Kingambit|87\/100|[from] item: Leftovers\n|upkeep\n|turn|49\n|\n|t:|1700831651\n|switch|p2a: Dondozo|Dondozo, F, tera:Grass|52\/100\n|move|p1a: Kingambit|Swords Dance|p1a: Kingambit\n|-boost|p1a: Kingambit|atk|2\n|\n|-heal|p2a: Dondozo|59\/100|[from] item: Leftovers\n|upkeep\n|turn|50\n|\n|t:|1700831666\n|-end|p1a: Kingambit|fallenundefined|[silent]\n|switch|p1a: Dragapult|Dragapult, M|100\/100\n|move|p2a: Dondozo|Body Press|p1a: Dragapult\n|-immune|p1a: Dragapult\n|\n|-heal|p2a: Dondozo|65\/100|[from] item: Leftovers\n|upkeep\n|turn|51\n|\n|t:|1700831669\n|move|p2a: Dondozo|Protect|p2a: Dondozo\n|-singleturn|p2a: Dondozo|Protect\n|move|p1a: Dragapult|Flamethrower|p2a: Dondozo\n|-activate|p2a: Dondozo|move: Protect\n|\n|-heal|p2a: Dondozo|71\/100|[from] item: Leftovers\n|upkeep\n|turn|52\n|\n|t:|1700831675\n|switch|p2a: Clodsire|Clodsire, F|62\/100 brn\n|move|p1a: Dragapult|Draco Meteor|p2a: Clodsire\n|-damage|p2a: Clodsire|32\/100 brn\n|-unboost|p1a: Dragapult|spa|2\n|\n|-heal|p2a: Clodsire|39\/100 brn|[from] item: Leftovers\n|-damage|p2a: Clodsire|32\/100 brn|[from] brn\n|upkeep\n|turn|53\n|\n|t:|1700831685\n|move|p1a: Dragapult|U-turn|p2a: Clodsire\n|-resisted|p2a: Clodsire\n|-damage|p2a: Clodsire|23\/100 brn\n|\n|t:|1700831692\n|switch|p1a: Great Tusk|Great Tusk|43\/100 tox|[from] U-turn\n|move|p2a: Clodsire|Recover|p2a: Clodsire\n|-heal|p2a: Clodsire|73\/100 brn\n|\n|-heal|p2a: Clodsire|79\/100 brn|[from] item: Leftovers\n|-damage|p1a: Great Tusk|36\/100 tox|[from] psn\n|-damage|p2a: Clodsire|73\/100 brn|[from] brn\n|upkeep\n|turn|54\n|\n|t:|1700831701\n|-end|p1a: Great Tusk|Protosynthesis|[silent]\n|switch|p1a: Dragapult|Dragapult, M|100\/100\n|switch|p2a: Corviknight|Corviknight, F|83\/100\n|-ability|p2a: Corviknight|Pressure\n|\n|upkeep\n|turn|55\n|\n|t:|1700831707\n|switch|p2a: Clodsire|Clodsire, F|73\/100 brn\n|move|p1a: Dragapult|Shadow Ball|p2a: Clodsire\n|-damage|p2a: Clodsire|56\/100 brn\n|-unboost|p2a: Clodsire|spd|1\n|\n|-heal|p2a: Clodsire|62\/100 brn|[from] item: Leftovers\n|-damage|p2a: Clodsire|56\/100 brn|[from] brn\n|upkeep\n|turn|56\n|\n|t:|1700831713\n|switch|p2a: Kingambit|Kingambit, M|87\/100\n|-ability|p2a: Kingambit|Pressure\n|move|p1a: Dragapult|Draco Meteor|p2a: Kingambit\n|-resisted|p2a: Kingambit\n|-damage|p2a: Kingambit|67\/100\n|-unboost|p1a: Dragapult|spa|2\n|\n|-heal|p2a: Kingambit|74\/100|[from] item: Leftovers\n|upkeep\n|turn|57\n|\n|t:|1700831721\n|switch|p1a: Great Tusk|Great Tusk|36\/100 tox\n|move|p2a: Kingambit|Substitute|p2a: Kingambit\n|-start|p2a: Kingambit|Substitute\n|-damage|p2a: Kingambit|49\/100\n|\n|-heal|p2a: Kingambit|55\/100|[from] item: Leftovers\n|-damage|p1a: Great Tusk|30\/100 tox|[from] psn\n|upkeep\n|turn|58\n|\n|t:|1700831724\n|move|p2a: Kingambit|Protect|p2a: Kingambit\n|-singleturn|p2a: Kingambit|Protect\n|move|p1a: Great Tusk|Headlong Rush|p2a: Kingambit\n|-activate|p2a: Kingambit|move: Protect\n|\n|-heal|p2a: Kingambit|61\/100|[from] item: Leftovers\n|-damage|p1a: Great Tusk|18\/100 tox|[from] psn\n|upkeep\n|turn|59\n|\n|t:|1700831729\n|move|p1a: Great Tusk|Headlong Rush|p2a: Kingambit\n|-supereffective|p2a: Kingambit\n|-end|p2a: Kingambit|Substitute\n|-unboost|p1a: Great Tusk|def|1\n|-unboost|p1a: Great Tusk|spd|1\n|move|p2a: Kingambit|Substitute|p2a: Kingambit\n|-start|p2a: Kingambit|Substitute\n|-damage|p2a: Kingambit|36\/100\n|\n|-heal|p2a: Kingambit|43\/100|[from] item: Leftovers\n|-damage|p1a: Great Tusk|0 fnt|[from] psn\n|faint|p1a: Great Tusk\n|-end|p1a: Great Tusk|Protosynthesis|[silent]\n|upkeep\n|\n|t:|1700831751\n|switch|p1a: Kingambit|Kingambit, M|60\/100\n|-activate|p1a: Kingambit|ability: Supreme Overlord\n|-start|p1a: Kingambit|fallen1|[silent]\n|turn|60\n|\n|t:|1700831757\n|move|p2a: Kingambit|Kowtow Cleave|p1a: Kingambit\n|-resisted|p1a: Kingambit\n|-damage|p1a: Kingambit|47\/100\n|move|p1a: Kingambit|Swords Dance|p1a: Kingambit\n|-boost|p1a: Kingambit|atk|2\n|\n|-heal|p2a: Kingambit|49\/100|[from] item: Leftovers\n|upkeep\n|turn|61\n|\n|t:|1700831764\n|move|p2a: Kingambit|Protect|p2a: Kingambit\n|-singleturn|p2a: Kingambit|Protect\n|move|p1a: Kingambit|Kowtow Cleave|p2a: Kingambit\n|-activate|p2a: Kingambit|move: Protect\n|\n|-heal|p2a: Kingambit|55\/100|[from] item: Leftovers\n|upkeep\n|turn|62\n|\n|t:|1700831776\n|move|p2a: Kingambit|Kowtow Cleave|p1a: Kingambit\n|-resisted|p1a: Kingambit\n|-crit|p1a: Kingambit\n|-damage|p1a: Kingambit|27\/100\n|move|p1a: Kingambit|Kowtow Cleave|p2a: Kingambit\n|-resisted|p2a: Kingambit\n|-end|p2a: Kingambit|Substitute\n|\n|-heal|p2a: Kingambit|61\/100|[from] item: Leftovers\n|upkeep\n|turn|63\n|\n|t:|1700831783\n|move|p2a: Kingambit|Protect|p2a: Kingambit\n|-singleturn|p2a: Kingambit|Protect\n|move|p1a: Kingambit|Kowtow Cleave|p2a: Kingambit\n|-activate|p2a: Kingambit|move: Protect\n|\n|-heal|p2a: Kingambit|67\/100|[from] item: Leftovers\n|upkeep\n|turn|64\n|\n|t:|1700831787\n|move|p2a: Kingambit|Substitute|p2a: Kingambit\n|-start|p2a: Kingambit|Substitute\n|-damage|p2a: Kingambit|43\/100\n|move|p1a: Kingambit|Kowtow Cleave|p2a: Kingambit\n|-resisted|p2a: Kingambit\n|-end|p2a: Kingambit|Substitute\n|\n|-heal|p2a: Kingambit|49\/100|[from] item: Leftovers\n|upkeep\n|turn|65\n|\n|t:|1700831792\n|move|p2a: Kingambit|Protect|p2a: Kingambit\n|-singleturn|p2a: Kingambit|Protect\n|move|p1a: Kingambit|Swords Dance|p1a: Kingambit\n|-boost|p1a: Kingambit|atk|2\n|\n|-heal|p2a: Kingambit|55\/100|[from] item: Leftovers\n|upkeep\n|turn|66\n|\n|t:|1700831796\n|move|p2a: Kingambit|Substitute|p2a: Kingambit\n|-start|p2a: Kingambit|Substitute\n|-damage|p2a: Kingambit|30\/100\n|move|p1a: Kingambit|Kowtow Cleave|p2a: Kingambit\n|-resisted|p2a: Kingambit\n|-end|p2a: Kingambit|Substitute\n|\n|-heal|p2a: Kingambit|36\/100|[from] item: Leftovers\n|upkeep\n|turn|67\n|\n|t:|1700831802\n|move|p2a: Kingambit|Protect|p2a: Kingambit\n|-singleturn|p2a: Kingambit|Protect\n|move|p1a: Kingambit|Kowtow Cleave|p2a: Kingambit\n|-activate|p2a: Kingambit|move: Protect\n|\n|-heal|p2a: Kingambit|43\/100|[from] item: Leftovers\n|upkeep\n|turn|68\n|\n|t:|1700831813\n|-end|p1a: Kingambit|fallen1|[silent]\n|switch|p1a: Dragapult|Dragapult, M|100\/100\n|move|p2a: Kingambit|Substitute|p2a: Kingambit\n|-start|p2a: Kingambit|Substitute\n|-damage|p2a: Kingambit|18\/100\n|\n|-heal|p2a: Kingambit|24\/100|[from] item: Leftovers\n|upkeep\n|turn|69\n|\n|t:|1700831818\n|move|p2a: Kingambit|Protect|p2a: Kingambit\n|-singleturn|p2a: Kingambit|Protect\n|move|p1a: Dragapult|Flamethrower|p2a: Kingambit\n|-activate|p2a: Kingambit|move: Protect\n|\n|-heal|p2a: Kingambit|30\/100|[from] item: Leftovers\n|upkeep\n|turn|70\n|\n|t:|1700831836\n|move|p1a: Dragapult|Flamethrower|p2a: Kingambit\n|-supereffective|p2a: Kingambit\n|-damage|p2a: Kingambit|0 fnt\n|faint|p2a: Kingambit\n|\n|upkeep\n|\n|t:|1700831842\n|switch|p2a: Clodsire|Clodsire, F|56\/100 brn\n|turn|71\n|\n|t:|1700831846\n|move|p1a: Dragapult|Draco Meteor|p2a: Clodsire\n|-damage|p2a: Clodsire|27\/100 brn\n|-unboost|p1a: Dragapult|spa|2\n|move|p2a: Clodsire|Recover|p2a: Clodsire\n|-heal|p2a: Clodsire|77\/100 brn\n|\n|-heal|p2a: Clodsire|84\/100 brn|[from] item: Leftovers\n|-damage|p2a: Clodsire|77\/100 brn|[from] brn\n|upkeep\n|turn|72\n|\n|t:|1700831852\n|move|p1a: Dragapult|U-turn|p2a: Clodsire\n|-resisted|p2a: Clodsire\n|-damage|p2a: Clodsire|68\/100 brn\n|\n|t:|1700831855\n|switch|p1a: Rillaboom|Rillaboom, M|71\/100 tox|[from] U-turn\n|-fieldstart|move: Grassy Terrain|[from] ability: Grassy Surge|[of] p1a: Rillaboom\n|move|p2a: Clodsire|Spikes|p1a: Rillaboom\n|-sidestart|p1: ooj2|Spikes\n|\n|-heal|p1a: Rillaboom|77\/100 tox|[from] Grassy Terrain\n|-heal|p2a: Clodsire|74\/100 brn|[from] Grassy Terrain\n|-heal|p2a: Clodsire|80\/100 brn|[from] item: Leftovers\n|-damage|p1a: Rillaboom|71\/100 tox|[from] psn\n|-damage|p2a: Clodsire|74\/100 brn|[from] brn\n|upkeep\n|turn|73\n|\n|t:|1700831860\n|switch|p2a: Corviknight|Corviknight, F|83\/100\n|-ability|p2a: Corviknight|Pressure\n|move|p1a: Rillaboom|Wood Hammer|p2a: Corviknight\n|-resisted|p2a: Corviknight\n|-damage|p2a: Corviknight|71\/100\n|-damage|p1a: Rillaboom|66\/100 tox|[from] Recoil\n|\n|-heal|p1a: Rillaboom|72\/100 tox|[from] Grassy Terrain\n|-damage|p1a: Rillaboom|60\/100 tox|[from] psn\n|upkeep\n|turn|74\n|\n|t:|1700831867\n|switch|p1a: Garganacl|Garganacl, M, shiny|57\/100\n|-damage|p1a: Garganacl|45\/100|[from] Spikes\n|move|p2a: Corviknight|U-turn|p1a: Garganacl\n|-damage|p1a: Garganacl|36\/100\n|\n|t:|1700831872\n|switch|p2a: Dondozo|Dondozo, F, tera:Grass|71\/100|[from] U-turn\n|\n|-heal|p1a: Garganacl|42\/100|[from] Grassy Terrain\n|-heal|p2a: Dondozo|77\/100|[from] Grassy Terrain\n|-heal|p2a: Dondozo|83\/100|[from] item: Leftovers\n|-heal|p1a: Garganacl|48\/100|[from] item: Leftovers\n|upkeep\n|turn|75\n|\n|t:|1700831878\n|move|p1a: Garganacl|Recover|p1a: Garganacl\n|-heal|p1a: Garganacl|98\/100\n|move|p2a: Dondozo|Liquidation|p1a: Garganacl\n|-supereffective|p1a: Garganacl\n|-damage|p1a: Garganacl|62\/100\n|-unboost|p1a: Garganacl|def|1\n|\n|-heal|p1a: Garganacl|68\/100|[from] Grassy Terrain\n|-heal|p2a: Dondozo|89\/100|[from] Grassy Terrain\n|-heal|p1a: Garganacl|74\/100|[from] item: Leftovers\n|-heal|p2a: Dondozo|96\/100|[from] item: Leftovers\n|upkeep\n|turn|76\n|\n|t:|1700831898\n|move|p1a: Garganacl|Protect|p1a: Garganacl\n|-singleturn|p1a: Garganacl|Protect\n|move|p2a: Dondozo|Liquidation|p1a: Garganacl\n|-activate|p1a: Garganacl|move: Protect\n|\n|-heal|p1a: Garganacl|80\/100|[from] Grassy Terrain\n|-heal|p2a: Dondozo|100\/100|[from] Grassy Terrain\n|-heal|p1a: Garganacl|87\/100|[from] item: Leftovers\n|-fieldend|move: Grassy Terrain\n|upkeep\n|turn|77\n|\n|t:|1700831901\n|switch|p1a: Dragapult|Dragapult, M|100\/100\n|move|p2a: Dondozo|Curse|p2a: Dondozo\n|-unboost|p2a: Dondozo|spe|1\n|-boost|p2a: Dondozo|atk|1\n|-boost|p2a: Dondozo|def|1\n|\n|upkeep\n|turn|78\n|\n|t:|1700831905\n|move|p2a: Dondozo|Protect|p2a: Dondozo\n|-singleturn|p2a: Dondozo|Protect\n|move|p1a: Dragapult|Shadow Ball|p2a: Dondozo\n|-activate|p2a: Dondozo|move: Protect\n|\n|upkeep\n|turn|79\n|\n|t:|1700831915\n|switch|p2a: Clodsire|Clodsire, F|74\/100 brn\n|move|p1a: Dragapult|Shadow Ball|p2a: Clodsire\n|-damage|p2a: Clodsire|55\/100 brn\n|\n|-heal|p2a: Clodsire|61\/100 brn|[from] item: Leftovers\n|-damage|p2a: Clodsire|55\/100 brn|[from] brn\n|upkeep\n|turn|80\n|\n|t:|1700831923\n|move|p1a: Dragapult|Shadow Ball|p2a: Clodsire\n|-damage|p2a: Clodsire|36\/100 brn\n|-unboost|p2a: Clodsire|spd|1\n|move|p2a: Clodsire|Recover|p2a: Clodsire\n|-heal|p2a: Clodsire|86\/100 brn\n|\n|-heal|p2a: Clodsire|92\/100 brn|[from] item: Leftovers\n|-damage|p2a: Clodsire|86\/100 brn|[from] brn\n|upkeep\n|turn|81\n|\n|t:|1700831932\n|move|p1a: Dragapult|Shadow Ball|p2a: Clodsire\n|-damage|p2a: Clodsire|56\/100 brn\n|move|p2a: Clodsire|Spikes|p1a: Dragapult\n|-sidestart|p1: ooj2|Spikes\n|\n|-heal|p2a: Clodsire|62\/100 brn|[from] item: Leftovers\n|-damage|p2a: Clodsire|56\/100 brn|[from] brn\n|upkeep\n|turn|82\n|\n|t:|1700831944\n|move|p1a: Dragapult|Draco Meteor|p2a: Clodsire\n|-damage|p2a: Clodsire|11\/100 brn\n|-unboost|p1a: Dragapult|spa|2\n|move|p2a: Clodsire|Recover|p2a: Clodsire\n|-heal|p2a: Clodsire|61\/100 brn\n|\n|-heal|p2a: Clodsire|68\/100 brn|[from] item: Leftovers\n|-damage|p2a: Clodsire|61\/100 brn|[from] brn\n|upkeep\n|turn|83\n|\n|t:|1700831954\n|switch|p2a: Dondozo|Dondozo, F, tera:Grass|100\/100\n|move|p1a: Dragapult|U-turn|p2a: Dondozo\n|-supereffective|p2a: Dondozo\n|-damage|p2a: Dondozo|79\/100\n|\n|t:|1700831960\n|switch|p1a: Iron Moth|Iron Moth, tera:Grass|14\/100|[from] U-turn\n|-damage|p1a: Iron Moth|0 fnt|[from] Spikes\n|faint|p1a: Iron Moth\n|-end|p1a: Iron Moth|Quark Drive|[silent]\n|\n|-heal|p2a: Dondozo|85\/100|[from] item: Leftovers\n|upkeep\n|\n|t:|1700831966\n|switch|p1a: Dragapult|Dragapult, M|100\/100\n|turn|84\n|\n|t:|1700831971\n|move|p2a: Dondozo|Protect|p2a: Dondozo\n|-singleturn|p2a: Dondozo|Protect\n|move|p1a: Dragapult|Shadow Ball|p2a: Dondozo\n|-activate|p2a: Dondozo|move: Protect\n|\n|-heal|p2a: Dondozo|91\/100|[from] item: Leftovers\n|upkeep\n|turn|85\n|\n|t:|1700831979\n|switch|p2a: Clodsire|Clodsire, F|61\/100 brn\n|move|p1a: Dragapult|Flamethrower|p2a: Clodsire\n|-damage|p2a: Clodsire|47\/100 brn\n|\n|-heal|p2a: Clodsire|53\/100 brn|[from] item: Leftovers\n|-damage|p2a: Clodsire|47\/100 brn|[from] brn\n|upkeep\n|turn|86\n|\n|t:|1700831984\n|move|p1a: Dragapult|U-turn|p2a: Clodsire\n|-resisted|p2a: Clodsire\n|-damage|p2a: Clodsire|38\/100 brn\n|\n|t:|1700831987\n|switch|p1a: Garganacl|Garganacl, M, shiny|87\/100|[from] U-turn\n|-damage|p1a: Garganacl|70\/100|[from] Spikes\n|move|p2a: Clodsire|Recover|p2a: Clodsire\n|-heal|p2a: Clodsire|88\/100 brn\n|\n|-heal|p1a: Garganacl|76\/100|[from] item: Leftovers\n|-heal|p2a: Clodsire|94\/100 brn|[from] item: Leftovers\n|-damage|p2a: Clodsire|88\/100 brn|[from] brn\n|upkeep\n|turn|87\n|\n|t:|1700832003\n|switch|p2a: Dondozo|Dondozo, F, tera:Grass|91\/100\n|move|p1a: Garganacl|Salt Cure|p2a: Dondozo\n|-damage|p2a: Dondozo|83\/100\n|-start|p2a: Dondozo|Salt Cure\n|\n|-heal|p1a: Garganacl|82\/100|[from] item: Leftovers\n|-heal|p2a: Dondozo|89\/100|[from] item: Leftovers\n|-damage|p2a: Dondozo|76\/100|[from] Salt Cure\n|upkeep\n|turn|88\n|\n|t:|1700832008\n|switch|p1a: Dragapult|Dragapult, M|100\/100\n|move|p2a: Dondozo|Curse|p2a: Dondozo\n|-unboost|p2a: Dondozo|spe|1\n|-boost|p2a: Dondozo|atk|1\n|-boost|p2a: Dondozo|def|1\n|\n|-heal|p2a: Dondozo|82\/100|[from] item: Leftovers\n|-damage|p2a: Dondozo|70\/100|[from] Salt Cure\n|upkeep\n|turn|89\n|\n|t:|1700832014\n|switch|p2a: Clodsire|Clodsire, F|88\/100 brn\n|move|p1a: Dragapult|Flamethrower|p2a: Clodsire\n|-damage|p2a: Clodsire|75\/100 brn\n|\n|-heal|p2a: Clodsire|81\/100 brn|[from] item: Leftovers\n|-damage|p2a: Clodsire|75\/100 brn|[from] brn\n|upkeep\n|turn|90\n|\n|t:|1700832023\n|move|p1a: Dragapult|Shadow Ball|p2a: Clodsire\n|-crit|p2a: Clodsire\n|-damage|p2a: Clodsire|50\/100 brn\n|move|p2a: Clodsire|Spikes|p1a: Dragapult\n|-sidestart|p1: ooj2|Spikes\n|\n|-heal|p2a: Clodsire|56\/100 brn|[from] item: Leftovers\n|-damage|p2a: Clodsire|50\/100 brn|[from] brn\n|upkeep\n|turn|91\n|\n|t:|1700832026\n|move|p1a: Dragapult|Shadow Ball|p2a: Clodsire\n|-damage|p2a: Clodsire|30\/100 brn\n|-unboost|p2a: Clodsire|spd|1\n|move|p2a: Clodsire|Recover|p2a: Clodsire\n|-heal|p2a: Clodsire|80\/100 brn\n|\n|-heal|p2a: Clodsire|86\/100 brn|[from] item: Leftovers\n|-damage|p2a: Clodsire|80\/100 brn|[from] brn\n|upkeep\n|turn|92\n|\n|t:|1700832029\n|move|p1a: Dragapult|Shadow Ball|p2a: Clodsire\n|-crit|p2a: Clodsire\n|-damage|p2a: Clodsire|35\/100 brn\n|move|p2a: Clodsire|Toxic|p1a: Dragapult\n|-status|p1a: Dragapult|tox\n|\n|-heal|p2a: Clodsire|42\/100 brn|[from] item: Leftovers\n|-damage|p1a: Dragapult|95\/100 tox|[from] psn\n|-damage|p2a: Clodsire|35\/100 brn|[from] brn\n|upkeep\n|turn|93\n|\n|t:|1700832036\n|switch|p2a: Corviknight|Corviknight, F|71\/100\n|-ability|p2a: Corviknight|Pressure\n|move|p1a: Dragapult|Flamethrower|p2a: Corviknight\n|-supereffective|p2a: Corviknight\n|-damage|p2a: Corviknight|16\/100\n|\n|-damage|p1a: Dragapult|83\/100 tox|[from] psn\n|upkeep\n|turn|94\n|\n|t:|1700832045\n|move|p1a: Dragapult|Shadow Ball|p2a: Corviknight\n|-damage|p2a: Corviknight|0 fnt\n|faint|p2a: Corviknight\n|\n|-damage|p1a: Dragapult|65\/100 tox|[from] psn\n|upkeep\n|\n|t:|1700832047\n|switch|p2a: Clodsire|Clodsire, F|35\/100 brn\n|turn|95\n|\n|t:|1700832050\n|move|p1a: Dragapult|Draco Meteor|p2a: Clodsire\n|-damage|p2a: Clodsire|4\/100 brn\n|-unboost|p1a: Dragapult|spa|2\n|move|p2a: Clodsire|Recover|p2a: Clodsire\n|-heal|p2a: Clodsire|54\/100 brn\n|\n|-heal|p2a: Clodsire|60\/100 brn|[from] item: Leftovers\n|-damage|p1a: Dragapult|41\/100 tox|[from] psn\n|-damage|p2a: Clodsire|54\/100 brn|[from] brn\n|upkeep\n|turn|96\n|\n|t:|1700832056\n|switch|p2a: Dondozo|Dondozo, F, tera:Grass|70\/100\n|move|p1a: Dragapult|U-turn|p2a: Dondozo\n|-supereffective|p2a: Dondozo\n|-damage|p2a: Dondozo|49\/100\n|\n|t:|1700832069\n|switch|p1a: Garganacl|Garganacl, M, shiny|82\/100|[from] U-turn\n|-damage|p1a: Garganacl|57\/100|[from] Spikes\n|\n|-heal|p1a: Garganacl|64\/100|[from] item: Leftovers\n|-heal|p2a: Dondozo|55\/100|[from] item: Leftovers\n|upkeep\n|turn|97\n|\n|t:|1700832074\n|move|p2a: Dondozo|Curse|p2a: Dondozo\n|-unboost|p2a: Dondozo|spe|1\n|-boost|p2a: Dondozo|atk|1\n|-boost|p2a: Dondozo|def|1\n|move|p1a: Garganacl|Stealth Rock|p2a: Dondozo\n|-sidestart|p2: Gen23GOD|move: Stealth Rock\n|\n|-heal|p1a: Garganacl|70\/100|[from] item: Leftovers\n|-heal|p2a: Dondozo|61\/100|[from] item: Leftovers\n|upkeep\n|turn|98\n|\n|t:|1700832077\n|move|p1a: Garganacl|Salt Cure|p2a: Dondozo\n|-damage|p2a: Dondozo|55\/100\n|-start|p2a: Dondozo|Salt Cure\n|move|p2a: Dondozo|Liquidation|p1a: Garganacl\n|-supereffective|p1a: Garganacl\n|-damage|p1a: Garganacl|9\/100\n|\n|-heal|p1a: Garganacl|15\/100|[from] item: Leftovers\n|-heal|p2a: Dondozo|61\/100|[from] item: Leftovers\n|-damage|p2a: Dondozo|49\/100|[from] Salt Cure\n|upkeep\n|turn|99\n|\n|t:|1700832090\n|move|p1a: Garganacl|Protect|p1a: Garganacl\n|-singleturn|p1a: Garganacl|Protect\n|move|p2a: Dondozo|Liquidation|p1a: Garganacl\n|-activate|p1a: Garganacl|move: Protect\n|\n|-heal|p1a: Garganacl|21\/100|[from] item: Leftovers\n|-heal|p2a: Dondozo|55\/100|[from] item: Leftovers\n|-damage|p2a: Dondozo|43\/100|[from] Salt Cure\n|upkeep\n|turn|100\n|\n|t:|1700832097\n|move|p1a: Garganacl|Recover|p1a: Garganacl\n|-heal|p1a: Garganacl|71\/100\n|move|p2a: Dondozo|Liquidation|p1a: Garganacl\n|-supereffective|p1a: Garganacl\n|-damage|p1a: Garganacl|7\/100\n|-unboost|p1a: Garganacl|def|1\n|\n|-heal|p1a: Garganacl|14\/100|[from] item: Leftovers\n|-heal|p2a: Dondozo|49\/100|[from] item: Leftovers\n|-damage|p2a: Dondozo|36\/100|[from] Salt Cure\n|upkeep\n|turn|101\n|\n|t:|1700832101\n|move|p1a: Garganacl|Protect|p1a: Garganacl\n|-singleturn|p1a: Garganacl|Protect\n|move|p2a: Dondozo|Curse|p2a: Dondozo\n|-unboost|p2a: Dondozo|spe|1\n|-boost|p2a: Dondozo|atk|1\n|-boost|p2a: Dondozo|def|1\n|\n|-heal|p1a: Garganacl|20\/100|[from] item: Leftovers\n|-heal|p2a: Dondozo|42\/100|[from] item: Leftovers\n|-damage|p2a: Dondozo|30\/100|[from] Salt Cure\n|upkeep\n|turn|102\n|\n|t:|1700832112\n|move|p1a: Garganacl|Recover|p1a: Garganacl\n|-heal|p1a: Garganacl|70\/100\n|move|p2a: Dondozo|Liquidation|p1a: Garganacl\n|-supereffective|p1a: Garganacl\n|-damage|p1a: Garganacl|0 fnt\n|faint|p1a: Garganacl\n|\n|-heal|p2a: Dondozo|36\/100|[from] item: Leftovers\n|-damage|p2a: Dondozo|24\/100|[from] Salt Cure\n|upkeep\n|\n|t:|1700832121\n|switch|p1a: Dragapult|Dragapult, M|41\/100 tox\n|turn|103\n|\n|t:|1700832127\n|switch|p2a: Clodsire|Clodsire, F|54\/100 brn\n|-damage|p2a: Clodsire|48\/100 brn|[from] Stealth Rock\n|move|p1a: Dragapult|Shadow Ball|p2a: Clodsire\n|-damage|p2a: Clodsire|30\/100 brn\n|\n|-heal|p2a: Clodsire|37\/100 brn|[from] item: Leftovers\n|-damage|p1a: Dragapult|35\/100 tox|[from] psn\n|-damage|p2a: Clodsire|30\/100 brn|[from] brn\n|upkeep\n|turn|104\n|\n|t:|1700832142\n|move|p1a: Dragapult|Draco Meteor|p2a: Clodsire\n|-damage|p2a: Clodsire|2\/100 brn\n|-unboost|p1a: Dragapult|spa|2\n|move|p2a: Clodsire|Recover|p2a: Clodsire\n|-heal|p2a: Clodsire|52\/100 brn\n|\n|-heal|p2a: Clodsire|58\/100 brn|[from] item: Leftovers\n|-damage|p1a: Dragapult|23\/100 tox|[from] psn\n|-damage|p2a: Clodsire|52\/100 brn|[from] brn\n|upkeep\n|turn|105\n|\n|t:|1700832153\n|move|p1a: Dragapult|U-turn|p2a: Clodsire\n|-resisted|p2a: Clodsire\n|-damage|p2a: Clodsire|42\/100 brn\n|\n|t:|1700832155\n|switch|p1a: Kingambit|Kingambit, M|27\/100|[from] U-turn\n|-damage|p1a: Kingambit|2\/100|[from] Spikes\n|-activate|p1a: Kingambit|ability: Supreme Overlord\n|-start|p1a: Kingambit|fallen3|[silent]\n|move|p2a: Clodsire|Earthquake|p1a: Kingambit\n|-supereffective|p1a: Kingambit\n|-damage|p1a: Kingambit|0 fnt\n|faint|p1a: Kingambit\n|-end|p1a: Kingambit|fallen3|[silent]\n|\n|-heal|p2a: Clodsire|48\/100 brn|[from] item: Leftovers\n|-damage|p2a: Clodsire|42\/100 brn|[from] brn\n|upkeep\n|\n|t:|1700832162\n|switch|p1a: Rillaboom|Rillaboom, M|60\/100 tox\n|-damage|p1a: Rillaboom|35\/100 tox|[from] Spikes\n|-fieldstart|move: Grassy Terrain|[from] ability: Grassy Surge|[of] p1a: Rillaboom\n|turn|106\n|\n|t:|1700832167\n|move|p1a: Rillaboom|U-turn|p2a: Clodsire\n|-resisted|p2a: Clodsire\n|-damage|p2a: Clodsire|29\/100 brn\n|\n|t:|1700832170\n|switch|p1a: Dragapult|Dragapult, M|23\/100 tox|[from] U-turn\n|move|p2a: Clodsire|Earthquake|p1a: Dragapult\n|-damage|p1a: Dragapult|14\/100 tox\n|\n|-heal|p1a: Dragapult|20\/100 tox|[from] Grassy Terrain\n|-heal|p2a: Clodsire|36\/100 brn|[from] Grassy Terrain\n|-heal|p2a: Clodsire|42\/100 brn|[from] item: Leftovers\n|-damage|p1a: Dragapult|14\/100 tox|[from] psn\n|-damage|p2a: Clodsire|36\/100 brn|[from] brn\n|upkeep\n|turn|107\n|\n|t:|1700832178\n|move|p1a: Dragapult|U-turn|p2a: Clodsire\n|-resisted|p2a: Clodsire\n|-damage|p2a: Clodsire|27\/100 brn\n|\n|t:|1700832180\n|switch|p1a: Rillaboom|Rillaboom, M|35\/100 tox|[from] U-turn\n|-damage|p1a: Rillaboom|10\/100 tox|[from] Spikes\n|move|p2a: Clodsire|Earthquake|p1a: Rillaboom\n|-resisted|p1a: Rillaboom\n|-damage|p1a: Rillaboom|6\/100 tox\n|\n|-heal|p1a: Rillaboom|12\/100 tox|[from] Grassy Terrain\n|-heal|p2a: Clodsire|33\/100 brn|[from] Grassy Terrain\n|-heal|p2a: Clodsire|40\/100 brn|[from] item: Leftovers\n|-damage|p1a: Rillaboom|6\/100 tox|[from] psn\n|-damage|p2a: Clodsire|33\/100 brn|[from] brn\n|upkeep\n|turn|108\n|\n|t:|1700832189\n|move|p1a: Rillaboom|High Horsepower|p2a: Clodsire\n|-supereffective|p2a: Clodsire\n|-damage|p2a: Clodsire|0 fnt\n|faint|p2a: Clodsire\n|\n|-heal|p1a: Rillaboom|12\/100 tox|[from] Grassy Terrain\n|-damage|p1a: Rillaboom|0 fnt|[from] psn\n|faint|p1a: Rillaboom\n|upkeep\n|\n|t:|1700832192\n|switch|p1a: Dragapult|Dragapult, M|14\/100 tox\n|switch|p2a: Dondozo|Dondozo, F, tera:Grass|24\/100\n|-damage|p2a: Dondozo|11\/100|[from] Stealth Rock\n|turn|109\n|\n|t:|1700832198\n|move|p2a: Dondozo|Protect|p2a: Dondozo\n|-singleturn|p2a: Dondozo|Protect\n|move|p1a: Dragapult|Shadow Ball|p2a: Dondozo\n|-activate|p2a: Dondozo|move: Protect\n|\n|-heal|p1a: Dragapult|20\/100 tox|[from] Grassy Terrain\n|-heal|p2a: Dondozo|17\/100|[from] Grassy Terrain\n|-heal|p2a: Dondozo|23\/100|[from] item: Leftovers\n|-damage|p1a: Dragapult|14\/100 tox|[from] psn\n|upkeep\n|turn|110\n|\n|t:|1700832206\n|move|p2a: Dondozo|Protect||[still]\n|-fail|p2a: Dondozo\n|move|p1a: Dragapult|Draco Meteor|p2a: Dondozo\n|-damage|p2a: Dondozo|0 fnt\n|-unboost|p1a: Dragapult|spa|2\n|faint|p2a: Dondozo\n|\n|win|ooj2\n|raw|ooj2's rating: 1515 &rarr; <strong>1531<\/strong><br \/>(+16 for winning)\n|raw|Gen23GOD's rating: 1453 &rarr; <strong>1437<\/strong><br \/>(-16 for losing)\n|l|\u2606Gen23GOD\n","uploadtime":1700832224,"views":17,"p1id":"ooj2","p2id":"gen23god","formatid":"gen9ou","rating":1437,"private":0,"password":""}