{"id":"gen9ou-1992764927","p1":"MianyangJiejie","p2":"niekitje","format":"[Gen 9] OU","log":"|j|\u2606MianyangJiejie\n|j|\u2606niekitje\n|t:|1700233424\n|gametype|singles\n|player|p1|MianyangJiejie|irida|1615\n|player|p2|niekitje|169|1626\n|teamsize|p1|6\n|teamsize|p2|6\n|gen|9\n|tier|[Gen 9] OU\n|rated|\n|rule|Sleep Clause Mod: Limit one foe put to sleep\n|rule|Species Clause: Limit one of each Pok\u00e9mon\n|rule|OHKO Clause: OHKO moves are banned\n|rule|Evasion Items Clause: Evasion items are banned\n|rule|Evasion Moves Clause: Evasion moves are banned\n|rule|Endless Battle Clause: Forcing endless battles is banned\n|rule|HP Percentage Mod: HP is shown in percentages\n|clearpoke\n|poke|p1|Skeledirge, M|\n|poke|p1|Alomomola, F|\n|poke|p1|Ting-Lu|\n|poke|p1|Zapdos|\n|poke|p1|Hoopa-Unbound|\n|poke|p1|Dragapult, F|\n|poke|p2|Glimmora, F|\n|poke|p2|Slowking-Galar, F|\n|poke|p2|Landorus-Therian, M|\n|poke|p2|Clefable, M|\n|poke|p2|Walking Wake|\n|poke|p2|Kingambit, F|\n|teampreview\n|c|\u2606niekitje|gl hf\n|c|\u2606niekitje|:D\n|inactive|Battle timer is ON: inactive players will automatically lose when time's up. (requested by MianyangJiejie)\n|c|\u2606MianyangJiejie|gl hf\n|inactive|MianyangJiejie has 120 seconds left.\n|\n|t:|1700233462\n|start\n|switch|p1a: Zapdos|Zapdos|100\/100\n|switch|p2a: Glimmora|Glimmora, F|100\/100\n|turn|1\n|\n|t:|1700233476\n|move|p1a: Zapdos|Volt Switch|p2a: Glimmora\n|-damage|p2a: Glimmora|70\/100\n|\n|t:|1700233479\n|switch|p1a: Hoopa|Hoopa-Unbound|100\/100|[from] Volt Switch\n|move|p2a: Glimmora|Mortal Spin|p1a: Hoopa\n|-damage|p1a: Hoopa|94\/100\n|-status|p1a: Hoopa|psn\n|\n|-damage|p1a: Hoopa|82\/100 psn|[from] psn\n|upkeep\n|turn|2\n|\n|t:|1700233483\n|move|p1a: Hoopa|Psychic|p2a: Glimmora\n|-supereffective|p2a: Glimmora\n|-damage|p2a: Glimmora|0 fnt\n|faint|p2a: Glimmora\n|\n|-damage|p1a: Hoopa|70\/100 psn|[from] psn\n|upkeep\n|\n|t:|1700233487\n|switch|p2a: Landorus|Landorus-Therian, M|100\/100\n|-ability|p2a: Landorus|Intimidate|boost\n|-unboost|p1a: Hoopa|atk|1\n|turn|3\n|\n|t:|1700233495\n|switch|p1a: Alomomola|Alomomola, F|100\/100\n|move|p2a: Landorus|U-turn|p1a: Alomomola\n|-damage|p1a: Alomomola|84\/100\n|\n|t:|1700233498\n|switch|p2a: Slowking|Slowking-Galar, F|100\/100|[from] U-turn\n|\n|upkeep\n|turn|4\n|\n|t:|1700233505\n|move|p1a: Alomomola|Flip Turn|p2a: Slowking\n|-damage|p2a: Slowking|83\/100\n|\n|t:|1700233515\n|switch|p1a: Zapdos|Zapdos|100\/100|[from] Flip Turn\n|move|p2a: Slowking|Future Sight|p1a: Zapdos\n|-start|p2a: Slowking|move: Future Sight\n|\n|upkeep\n|turn|5\n|\n|t:|1700233522\n|move|p1a: Zapdos|Thunder Wave|p2a: Slowking\n|-status|p2a: Slowking|par\n|move|p2a: Slowking|Ice Beam|p1a: Zapdos\n|-supereffective|p1a: Zapdos\n|-damage|p1a: Zapdos|41\/100\n|\n|upkeep\n|turn|6\n|\n|t:|1700233531\n|move|p1a: Zapdos|Roost|p1a: Zapdos\n|-heal|p1a: Zapdos|91\/100\n|-singleturn|p1a: Zapdos|move: Roost\n|cant|p2a: Slowking|par\n|\n|-end|p1a: Zapdos|move: Future Sight\n|-damage|p1a: Zapdos|35\/100\n|upkeep\n|turn|7\n|c|\u2606niekitje|damn\n|\n|t:|1700233539\n|move|p1a: Zapdos|Roost|p1a: Zapdos\n|-heal|p1a: Zapdos|85\/100\n|-singleturn|p1a: Zapdos|move: Roost\n|move|p2a: Slowking|Future Sight|p1a: Zapdos\n|-start|p2a: Slowking|move: Future Sight\n|\n|upkeep\n|turn|8\n|c|\u2606niekitje|thats unfort\n|\n|t:|1700233544\n|switch|p1a: Alomomola|Alomomola, F|100\/100\n|move|p2a: Slowking|Sludge Bomb|p1a: Alomomola\n|-damage|p1a: Alomomola|58\/100\n|\n|upkeep\n|turn|9\n|\n|t:|1700233547\n|move|p1a: Alomomola|Flip Turn|p2a: Slowking\n|-damage|p2a: Slowking|67\/100 par\n|\n|t:|1700233550\n|switch|p1a: Ting-Lu|Ting-Lu|100\/100|[from] Flip Turn\n|-ability|p1a: Ting-Lu|Vessel of Ruin\n|move|p2a: Slowking|Sludge Bomb|p1a: Ting-Lu\n|-resisted|p1a: Ting-Lu\n|-damage|p1a: Ting-Lu|91\/100\n|\n|-end|p1a: Ting-Lu|move: Future Sight\n|-immune|p1a: Ting-Lu\n|upkeep\n|turn|10\n|\n|t:|1700233557\n|switch|p2a: Clefable|Clefable, M, shiny|100\/100\n|move|p1a: Ting-Lu|Stealth Rock|p2a: Clefable\n|-sidestart|p2: niekitje|move: Stealth Rock\n|\n|upkeep\n|turn|11\n|\n|t:|1700233563\n|move|p2a: Clefable|Cosmic Power|p2a: Clefable\n|-boost|p2a: Clefable|def|1\n|-boost|p2a: Clefable|spd|1\n|move|p1a: Ting-Lu|Heavy Slam|p2a: Clefable\n|-supereffective|p2a: Clefable\n|-damage|p2a: Clefable|70\/100\n|\n|-heal|p2a: Clefable|76\/100|[from] item: Leftovers\n|upkeep\n|turn|12\n|\n|t:|1700233572\n|move|p2a: Clefable|Moonblast|p1a: Ting-Lu\n|-supereffective|p1a: Ting-Lu\n|-damage|p1a: Ting-Lu|64\/100\n|-unboost|p1a: Ting-Lu|spa|1\n|move|p1a: Ting-Lu|Whirlwind|p2a: Clefable\n|drag|p2a: Kingambit|Kingambit, F, shiny|100\/100\n|-damage|p2a: Kingambit|94\/100|[from] Stealth Rock\n|-activate|p2a: Kingambit|ability: Supreme Overlord\n|-start|p2a: Kingambit|fallen1|[silent]\n|\n|-heal|p2a: Kingambit|100\/100|[from] item: Leftovers\n|upkeep\n|turn|13\n|\n|t:|1700233585\n|move|p2a: Kingambit|Low Kick|p1a: Ting-Lu\n|-supereffective|p1a: Ting-Lu\n|-damage|p1a: Ting-Lu|2\/100\n|move|p1a: Ting-Lu|Earthquake|p2a: Kingambit\n|-supereffective|p2a: Kingambit\n|-damage|p2a: Kingambit|40\/100\n|\n|-heal|p2a: Kingambit|46\/100|[from] item: Leftovers\n|upkeep\n|turn|14\n|\n|t:|1700233596\n|switch|p1a: Alomomola|Alomomola, F|92\/100\n|move|p2a: Kingambit|Kowtow Cleave|p1a: Alomomola\n|-damage|p1a: Alomomola|56\/100\n|\n|-heal|p2a: Kingambit|52\/100|[from] item: Leftovers\n|upkeep\n|turn|15\n|c|\u2606niekitje|damn\n|c|\u2606niekitje|sad that didnt kill\n|\n|t:|1700233605\n|move|p2a: Kingambit|Kowtow Cleave|p1a: Alomomola\n|-damage|p1a: Alomomola|21\/100\n|move|p1a: Alomomola|Wish|p1a: Alomomola\n|\n|-heal|p2a: Kingambit|58\/100|[from] item: Leftovers\n|upkeep\n|turn|16\n|\n|t:|1700233614\n|-end|p2a: Kingambit|fallen1|[silent]\n|switch|p2a: Slowking|Slowking-Galar, F|99\/100 par\n|-damage|p2a: Slowking|88\/100 par|[from] Stealth Rock\n|move|p1a: Alomomola|Flip Turn|p2a: Slowking\n|-damage|p2a: Slowking|69\/100 par\n|\n|t:|1700233624\n|switch|p1a: Ting-Lu|Ting-Lu|2\/100|[from] Flip Turn\n|-ability|p1a: Ting-Lu|Vessel of Ruin\n|\n|-heal|p1a: Ting-Lu|48\/100|[from] move: Wish|[wisher] Alomomola\n|upkeep\n|turn|17\n|\n|t:|1700233632\n|cant|p2a: Slowking|par\n|move|p1a: Ting-Lu|Whirlwind|p2a: Slowking\n|drag|p2a: Kingambit|Kingambit, F, shiny|58\/100\n|-damage|p2a: Kingambit|52\/100|[from] Stealth Rock\n|-activate|p2a: Kingambit|ability: Supreme Overlord\n|-start|p2a: Kingambit|fallen1|[silent]\n|\n|-heal|p2a: Kingambit|58\/100|[from] item: Leftovers\n|upkeep\n|turn|18\n|\n|t:|1700233641\n|switch|p1a: Alomomola|Alomomola, F|55\/100\n|move|p2a: Kingambit|Low Kick|p1a: Alomomola\n|-damage|p1a: Alomomola|40\/100\n|\n|-heal|p2a: Kingambit|65\/100|[from] item: Leftovers\n|upkeep\n|turn|19\n|\n|t:|1700233647\n|move|p2a: Kingambit|Kowtow Cleave|p1a: Alomomola\n|-damage|p1a: Alomomola|5\/100\n|move|p1a: Alomomola|Wish|p1a: Alomomola\n|\n|-heal|p2a: Kingambit|71\/100|[from] item: Leftovers\n|upkeep\n|turn|20\n|\n|t:|1700233652\n|move|p1a: Alomomola|Protect|p1a: Alomomola\n|-singleturn|p1a: Alomomola|Protect\n|move|p2a: Kingambit|Low Kick|p1a: Alomomola\n|-activate|p1a: Alomomola|move: Protect\n|\n|-heal|p1a: Alomomola|55\/100|[from] move: Wish|[wisher] Alomomola\n|-heal|p2a: Kingambit|77\/100|[from] item: Leftovers\n|upkeep\n|turn|21\n|\n|t:|1700233658\n|move|p2a: Kingambit|Kowtow Cleave|p1a: Alomomola\n|-damage|p1a: Alomomola|20\/100\n|move|p1a: Alomomola|Wish|p1a: Alomomola\n|\n|-heal|p2a: Kingambit|83\/100|[from] item: Leftovers\n|upkeep\n|turn|22\n|\n|t:|1700233666\n|move|p1a: Alomomola|Protect|p1a: Alomomola\n|-singleturn|p1a: Alomomola|Protect\n|move|p2a: Kingambit|Kowtow Cleave|p1a: Alomomola\n|-activate|p1a: Alomomola|move: Protect\n|\n|-heal|p1a: Alomomola|70\/100|[from] move: Wish|[wisher] Alomomola\n|-heal|p2a: Kingambit|90\/100|[from] item: Leftovers\n|upkeep\n|turn|23\n|\n|t:|1700233670\n|move|p2a: Kingambit|Kowtow Cleave|p1a: Alomomola\n|-damage|p1a: Alomomola|37\/100\n|move|p1a: Alomomola|Wish|p1a: Alomomola\n|\n|-heal|p2a: Kingambit|96\/100|[from] item: Leftovers\n|upkeep\n|turn|24\n|\n|t:|1700233674\n|move|p2a: Kingambit|Kowtow Cleave|p1a: Alomomola\n|-damage|p1a: Alomomola|4\/100\n|move|p1a: Alomomola|Flip Turn|p2a: Kingambit\n|-damage|p2a: Kingambit|84\/100\n|\n|t:|1700233682\n|switch|p1a: Skeledirge|Skeledirge, M|100\/100|[from] Flip Turn\n|\n|-heal|p2a: Kingambit|90\/100|[from] item: Leftovers\n|upkeep\n|turn|25\n|\n|t:|1700233687\n|-terastallize|p2a: Kingambit|Flying\n|move|p1a: Skeledirge|Will-O-Wisp|p2a: Kingambit\n|-status|p2a: Kingambit|brn\n|move|p2a: Kingambit|Kowtow Cleave|p1a: Skeledirge\n|-supereffective|p1a: Skeledirge\n|-damage|p1a: Skeledirge|62\/100\n|\n|-heal|p2a: Kingambit|96\/100 brn|[from] item: Leftovers\n|-damage|p2a: Kingambit|90\/100 brn|[from] brn\n|upkeep\n|turn|26\n|\n|t:|1700233695\n|move|p1a: Skeledirge|Hex|p2a: Kingambit\n|-damage|p2a: Kingambit|37\/100 brn\n|move|p2a: Kingambit|Kowtow Cleave|p1a: Skeledirge\n|-supereffective|p1a: Skeledirge\n|-damage|p1a: Skeledirge|25\/100\n|\n|-heal|p2a: Kingambit|43\/100 brn|[from] item: Leftovers\n|-damage|p2a: Kingambit|37\/100 brn|[from] brn\n|upkeep\n|turn|27\n|\n|t:|1700233699\n|move|p2a: Kingambit|Sucker Punch||[still]\n|-fail|p2a: Kingambit\n|move|p1a: Skeledirge|Slack Off|p1a: Skeledirge\n|-heal|p1a: Skeledirge|75\/100\n|\n|-heal|p2a: Kingambit|43\/100 brn|[from] item: Leftovers\n|-damage|p2a: Kingambit|37\/100 brn|[from] brn\n|upkeep\n|turn|28\n|\n|t:|1700233703\n|move|p1a: Skeledirge|Hex|p2a: Kingambit\n|-damage|p2a: Kingambit|0 fnt\n|faint|p2a: Kingambit\n|-end|p2a: Kingambit|fallen1|[silent]\n|\n|upkeep\n|\n|t:|1700233706\n|switch|p2a: Landorus|Landorus-Therian, M|100\/100\n|-damage|p2a: Landorus|88\/100|[from] Stealth Rock\n|-ability|p2a: Landorus|Intimidate|boost\n|-unboost|p1a: Skeledirge|atk|1\n|turn|29\n|\n|t:|1700233712\n|switch|p1a: Zapdos|Zapdos|85\/100\n|move|p2a: Landorus|Earthquake|p1a: Zapdos\n|-immune|p1a: Zapdos\n|\n|upkeep\n|turn|30\n|\n|t:|1700233718\n|switch|p2a: Clefable|Clefable, M, shiny|76\/100\n|-damage|p2a: Clefable|63\/100|[from] Stealth Rock\n|move|p1a: Zapdos|Hurricane|p2a: Clefable\n|-damage|p2a: Clefable|25\/100\n|-start|p2a: Clefable|confusion\n|\n|-heal|p2a: Clefable|31\/100|[from] item: Leftovers\n|upkeep\n|turn|31\n|\n|t:|1700233731\n|move|p1a: Zapdos|Hurricane|p2a: Clefable|[miss]\n|-miss|p1a: Zapdos|p2a: Clefable\n|-activate|p2a: Clefable|confusion\n|move|p2a: Clefable|Moonlight|p2a: Clefable\n|-heal|p2a: Clefable|81\/100\n|\n|-heal|p2a: Clefable|87\/100|[from] item: Leftovers\n|upkeep\n|turn|32\n|\n|t:|1700233735\n|move|p1a: Zapdos|Volt Switch|p2a: Clefable\n|-damage|p2a: Clefable|63\/100\n|\n|t:|1700233745\n|switch|p1a: Skeledirge|Skeledirge, M|75\/100|[from] Volt Switch\n|-end|p2a: Clefable|confusion\n|move|p2a: Clefable|Cosmic Power|p2a: Clefable\n|-boost|p2a: Clefable|def|1\n|-boost|p2a: Clefable|spd|1\n|\n|-heal|p2a: Clefable|69\/100|[from] item: Leftovers\n|upkeep\n|turn|33\n|\n|t:|1700233751\n|move|p1a: Skeledirge|Torch Song|p2a: Clefable\n|-damage|p2a: Clefable|42\/100\n|-boost|p1a: Skeledirge|spa|1\n|move|p2a: Clefable|Moonlight|p2a: Clefable\n|-heal|p2a: Clefable|92\/100\n|\n|-heal|p2a: Clefable|98\/100|[from] item: Leftovers\n|upkeep\n|turn|34\n|\n|t:|1700233754\n|move|p1a: Skeledirge|Torch Song|p2a: Clefable\n|-damage|p2a: Clefable|70\/100\n|-boost|p1a: Skeledirge|spa|1\n|move|p2a: Clefable|Cosmic Power|p2a: Clefable\n|-boost|p2a: Clefable|def|1\n|-boost|p2a: Clefable|spd|1\n|\n|-heal|p2a: Clefable|76\/100|[from] item: Leftovers\n|upkeep\n|turn|35\n|\n|t:|1700233758\n|move|p1a: Skeledirge|Torch Song|p2a: Clefable\n|-damage|p2a: Clefable|50\/100\n|-boost|p1a: Skeledirge|spa|1\n|move|p2a: Clefable|Cosmic Power|p2a: Clefable\n|-boost|p2a: Clefable|def|1\n|-boost|p2a: Clefable|spd|1\n|\n|-heal|p2a: Clefable|57\/100|[from] item: Leftovers\n|upkeep\n|turn|36\n|\n|t:|1700233764\n|move|p1a: Skeledirge|Torch Song|p2a: Clefable\n|-damage|p2a: Clefable|31\/100\n|-boost|p1a: Skeledirge|spa|1\n|move|p2a: Clefable|Moonlight|p2a: Clefable\n|-heal|p2a: Clefable|81\/100\n|\n|-heal|p2a: Clefable|87\/100|[from] item: Leftovers\n|upkeep\n|turn|37\n|\n|t:|1700233768\n|move|p1a: Skeledirge|Torch Song|p2a: Clefable\n|-damage|p2a: Clefable|61\/100\n|-boost|p1a: Skeledirge|spa|1\n|move|p2a: Clefable|Stored Power|p1a: Skeledirge\n|-damage|p1a: Skeledirge|50\/100\n|\n|-heal|p2a: Clefable|67\/100|[from] item: Leftovers\n|upkeep\n|turn|38\n|\n|t:|1700233781\n|move|p1a: Skeledirge|Slack Off|p1a: Skeledirge\n|-heal|p1a: Skeledirge|100\/100\n|move|p2a: Clefable|Moonlight|p2a: Clefable\n|-heal|p2a: Clefable|100\/100\n|\n|upkeep\n|turn|39\n|\n|t:|1700233784\n|move|p1a: Skeledirge|Will-O-Wisp|p2a: Clefable|[miss]\n|-miss|p1a: Skeledirge|p2a: Clefable\n|move|p2a: Clefable|Cosmic Power|p2a: Clefable\n|-boost|p2a: Clefable|def|1\n|-boost|p2a: Clefable|spd|1\n|\n|upkeep\n|turn|40\n|\n|t:|1700233787\n|move|p1a: Skeledirge|Will-O-Wisp|p2a: Clefable\n|-status|p2a: Clefable|brn\n|move|p2a: Clefable|Cosmic Power|p2a: Clefable\n|-boost|p2a: Clefable|def|1\n|-boost|p2a: Clefable|spd|1\n|\n|-damage|p2a: Clefable|94\/100 brn|[from] brn\n|upkeep\n|turn|41\n|\n|t:|1700233791\n|move|p1a: Skeledirge|Hex|p2a: Clefable\n|-damage|p2a: Clefable|52\/100 brn\n|move|p2a: Clefable|Cosmic Power|p2a: Clefable\n|-boost|p2a: Clefable|def|1\n|-boost|p2a: Clefable|spd|1\n|\n|-heal|p2a: Clefable|58\/100 brn|[from] item: Leftovers\n|-damage|p2a: Clefable|52\/100 brn|[from] brn\n|upkeep\n|turn|42\n|\n|t:|1700233794\n|move|p1a: Skeledirge|Hex|p2a: Clefable\n|-damage|p2a: Clefable|9\/100 brn\n|move|p2a: Clefable|Moonlight|p2a: Clefable\n|-heal|p2a: Clefable|59\/100 brn\n|\n|-heal|p2a: Clefable|65\/100 brn|[from] item: Leftovers\n|-damage|p2a: Clefable|59\/100 brn|[from] brn\n|upkeep\n|turn|43\n|\n|t:|1700233796\n|move|p1a: Skeledirge|Hex|p2a: Clefable\n|-damage|p2a: Clefable|16\/100 brn\n|move|p2a: Clefable|Moonlight|p2a: Clefable\n|-heal|p2a: Clefable|66\/100 brn\n|\n|-heal|p2a: Clefable|73\/100 brn|[from] item: Leftovers\n|-damage|p2a: Clefable|66\/100 brn|[from] brn\n|upkeep\n|turn|44\n|\n|t:|1700233799\n|move|p1a: Skeledirge|Hex|p2a: Clefable\n|-damage|p2a: Clefable|23\/100 brn\n|move|p2a: Clefable|Moonlight|p2a: Clefable\n|-heal|p2a: Clefable|73\/100 brn\n|\n|-heal|p2a: Clefable|79\/100 brn|[from] item: Leftovers\n|-damage|p2a: Clefable|73\/100 brn|[from] brn\n|upkeep\n|turn|45\n|\n|t:|1700233801\n|move|p1a: Skeledirge|Hex|p2a: Clefable\n|-damage|p2a: Clefable|31\/100 brn\n|move|p2a: Clefable|Moonlight|p2a: Clefable\n|-heal|p2a: Clefable|81\/100 brn\n|\n|-heal|p2a: Clefable|88\/100 brn|[from] item: Leftovers\n|-damage|p2a: Clefable|81\/100 brn|[from] brn\n|upkeep\n|turn|46\n|\n|t:|1700233803\n|move|p1a: Skeledirge|Hex|p2a: Clefable\n|-damage|p2a: Clefable|36\/100 brn\n|move|p2a: Clefable|Stored Power|p1a: Skeledirge\n|-damage|p1a: Skeledirge|55\/100\n|\n|-heal|p2a: Clefable|42\/100 brn|[from] item: Leftovers\n|-damage|p2a: Clefable|36\/100 brn|[from] brn\n|upkeep\n|turn|47\n|\n|t:|1700233806\n|move|p1a: Skeledirge|Hex|p2a: Clefable\n|-damage|p2a: Clefable|0 fnt\n|faint|p2a: Clefable\n|\n|upkeep\n|\n|t:|1700233808\n|switch|p2a: Walking Wake|Walking Wake|100\/100\n|-damage|p2a: Walking Wake|88\/100|[from] Stealth Rock\n|turn|48\n|\n|t:|1700233818\n|-terastallize|p1a: Skeledirge|Fairy\n|move|p2a: Walking Wake|Hydro Steam|p1a: Skeledirge\n|-damage|p1a: Skeledirge|15\/100\n|move|p1a: Skeledirge|Hex|p2a: Walking Wake\n|-damage|p2a: Walking Wake|0 fnt\n|faint|p2a: Walking Wake\n|-end|p2a: Walking Wake|Protosynthesis|[silent]\n|\n|upkeep\n|\n|t:|1700233824\n|switch|p2a: Landorus|Landorus-Therian, M|88\/100\n|-damage|p2a: Landorus|75\/100|[from] Stealth Rock\n|-ability|p2a: Landorus|Intimidate|boost\n|-unboost|p1a: Skeledirge|atk|1\n|turn|49\n|\n|t:|1700233830\n|switch|p1a: Zapdos|Zapdos|85\/100\n|move|p2a: Landorus|Rock Slide|p1a: Zapdos\n|-supereffective|p1a: Zapdos\n|-damage|p1a: Zapdos|28\/100\n|\n|upkeep\n|turn|50\n|\n|t:|1700233833\n|move|p2a: Landorus|Rock Slide|p1a: Zapdos\n|-supereffective|p1a: Zapdos\n|-damage|p1a: Zapdos|0 fnt\n|faint|p1a: Zapdos\n|\n|upkeep\n|\n|t:|1700233838\n|switch|p1a: Alomomola|Alomomola, F|37\/100\n|turn|51\n|\n|t:|1700233840\n|move|p2a: Landorus|Rock Slide|p1a: Alomomola\n|-crit|p1a: Alomomola\n|-damage|p1a: Alomomola|9\/100\n|move|p1a: Alomomola|Wish|p1a: Alomomola\n|\n|upkeep\n|turn|52\n|\n|t:|1700233844\n|move|p1a: Alomomola|Protect|p1a: Alomomola\n|-singleturn|p1a: Alomomola|Protect\n|move|p2a: Landorus|Rock Slide|p1a: Alomomola\n|-activate|p1a: Alomomola|move: Protect\n|\n|-heal|p1a: Alomomola|59\/100|[from] move: Wish|[wisher] Alomomola\n|upkeep\n|turn|53\n|\n|t:|1700233847\n|switch|p2a: Slowking|Slowking-Galar, F|100\/100 par\n|-damage|p2a: Slowking|88\/100 par|[from] Stealth Rock\n|move|p1a: Alomomola|Wish|p1a: Alomomola\n|\n|upkeep\n|turn|54\n|-message|niekitje forfeited.\n|\n|win|MianyangJiejie\n|raw|MianyangJiejie's rating: 1615 &rarr; <strong>1636<\/strong><br \/>(+21 for winning)\n|raw|niekitje's rating: 1626 &rarr; <strong>1605<\/strong><br \/>(-21 for losing)\n|l|\u2606niekitje\n","uploadtime":1700233862,"views":16,"p1id":"mianyangjiejie","p2id":"niekitje","formatid":"gen9ou","rating":1605,"private":0,"password":""}