{"id":"gen9ou-1995060206","p1":"junior_flow","p2":"McWizzle","format":"[Gen 9] OU","log":"|j|\u2606junior_flow\n|j|\u2606McWizzle\n|t:|1700518234\n|gametype|singles\n|player|p1|junior_flow|unknown|1114\n|player|p2|McWizzle|265|1098\n|teamsize|p1|6\n|teamsize|p2|6\n|gen|9\n|tier|[Gen 9] OU\n|rated|\n|rule|Sleep Clause Mod: Limit one foe put to sleep\n|rule|Species Clause: Limit one of each Pok\u00e9mon\n|rule|OHKO Clause: OHKO moves are banned\n|rule|Evasion Items Clause: Evasion items are banned\n|rule|Evasion Moves Clause: Evasion moves are banned\n|rule|Endless Battle Clause: Forcing endless battles is banned\n|rule|HP Percentage Mod: HP is shown in percentages\n|clearpoke\n|poke|p1|Ariados, F|\n|poke|p1|Shiftry, F|\n|poke|p1|Clefable, F|\n|poke|p1|Slowking-Galar, M|\n|poke|p1|Torkoal, F|\n|poke|p1|Arcanine-Hisui, F|\n|poke|p2|Pelipper, M|\n|poke|p2|Overqwil, M|\n|poke|p2|Basculegion, M|\n|poke|p2|Manaphy|\n|poke|p2|Zapdos|\n|poke|p2|Slowking-Galar, F|\n|teampreview\n|inactive|Battle timer is ON: inactive players will automatically lose when time's up. (requested by McWizzle)\n|\n|t:|1700518249\n|start\n|switch|p1a: Torkoal|Torkoal, F|100\/100\n|switch|p2a: Pelipper|Pelipper, M|100\/100\n|-weather|RainDance|[from] ability: Drizzle|[of] p2a: Pelipper\n|-weather|SunnyDay|[from] ability: Drought|[of] p1a: Torkoal\n|turn|1\n|\n|t:|1700518266\n|move|p2a: Pelipper|Hurricane|p1a: Torkoal\n|-crit|p1a: Torkoal\n|-damage|p1a: Torkoal|50\/100\n|-start|p1a: Torkoal|confusion\n|-activate|p1a: Torkoal|confusion\n|move|p1a: Torkoal|Yawn|p2a: Pelipper\n|-start|p2a: Pelipper|move: Yawn|[of] p1a: Torkoal\n|\n|-weather|SunnyDay|[upkeep]\n|upkeep\n|turn|2\n|\n|t:|1700518275\n|switch|p1a: Shiftry|Shiftry, F|100\/100\n|move|p2a: Pelipper|U-turn|p1a: Shiftry\n|-supereffective|p1a: Shiftry\n|-damage|p1a: Shiftry|46\/100\n|\n|t:|1700518282\n|switch|p2a: Overqwil|Overqwil, M|100\/100|[from] U-turn\n|\n|-weather|SunnyDay|[upkeep]\n|upkeep\n|turn|3\n|\n|t:|1700518296\n|-terastallize|p1a: Shiftry|Fighting\n|move|p2a: Overqwil|Barb Barrage|p1a: Shiftry\n|-damage|p1a: Shiftry|1\/100\n|move|p1a: Shiftry|Leech Seed|p2a: Overqwil\n|-start|p2a: Overqwil|move: Leech Seed\n|\n|-weather|SunnyDay|[upkeep]\n|-damage|p2a: Overqwil|88\/100|[from] Leech Seed|[of] p1a: Shiftry\n|-heal|p1a: Shiftry|11\/100|[silent]\n|upkeep\n|turn|4\n|\n|t:|1700518311\n|switch|p1a: Torkoal|Torkoal, F|50\/100\n|move|p2a: Overqwil|Barb Barrage|p1a: Torkoal\n|-damage|p1a: Torkoal|27\/100\n|-status|p1a: Torkoal|psn\n|\n|-weather|SunnyDay|[upkeep]\n|-damage|p2a: Overqwil|75\/100|[from] Leech Seed|[of] p1a: Torkoal\n|-heal|p1a: Torkoal|39\/100 psn|[silent]\n|-damage|p1a: Torkoal|27\/100 psn|[from] psn\n|upkeep\n|turn|5\n|\n|t:|1700518326\n|switch|p2a: Pelipper|Pelipper, M|100\/100\n|-weather|RainDance|[from] ability: Drizzle|[of] p2a: Pelipper\n|move|p1a: Torkoal|Lava Plume|p2a: Pelipper\n|-resisted|p2a: Pelipper\n|-damage|p2a: Pelipper|93\/100\n|\n|-weather|RainDance|[upkeep]\n|-heal|p2a: Pelipper|99\/100|[from] item: Leftovers\n|-damage|p1a: Torkoal|15\/100 psn|[from] psn\n|upkeep\n|turn|6\n|\n|t:|1700518340\n|move|p2a: Pelipper|U-turn|p1a: Torkoal\n|-resisted|p1a: Torkoal\n|-damage|p1a: Torkoal|11\/100 psn\n|\n|t:|1700518344\n|switch|p2a: Basculegion|Basculegion, M|100\/100|[from] U-turn\n|move|p1a: Torkoal|Yawn|p2a: Basculegion\n|-start|p2a: Basculegion|move: Yawn|[of] p1a: Torkoal\n|\n|-weather|RainDance|[upkeep]\n|-damage|p1a: Torkoal|0 fnt|[from] psn\n|faint|p1a: Torkoal\n|upkeep\n|\n|t:|1700518357\n|switch|p1a: Slowking|Slowking-Galar, M|100\/100\n|turn|7\n|\n|t:|1700518372\n|switch|p2a: Manaphy|Manaphy|100\/100\n|move|p1a: Slowking|Chilly Reception|p1a: Slowking\n|-weather|Snow\n|\n|t:|1700518386\n|switch|p1a: Ariados|Ariados, F, shiny|100\/100|[from] Chilly Reception\n|\n|-weather|Snow|[upkeep]\n|upkeep\n|turn|8\n|\n|t:|1700518396\n|move|p2a: Manaphy|Dazzling Gleam|p1a: Ariados\n|-resisted|p1a: Ariados\n|-damage|p1a: Ariados|82\/100\n|move|p1a: Ariados|Poison Jab|p2a: Manaphy\n|-damage|p2a: Manaphy|72\/100\n|-status|p2a: Manaphy|psn\n|\n|-weather|Snow|[upkeep]\n|-heal|p2a: Manaphy|79\/100 psn|[from] item: Leftovers\n|-heal|p1a: Ariados|88\/100|[from] item: Leftovers\n|-damage|p2a: Manaphy|66\/100 psn|[from] psn\n|upkeep\n|turn|9\n|\n|t:|1700518409\n|move|p2a: Manaphy|Flip Turn|p1a: Ariados\n|-damage|p1a: Ariados|68\/100\n|\n|t:|1700518413\n|switch|p2a: Pelipper|Pelipper, M|99\/100|[from] Flip Turn\n|-weather|RainDance|[from] ability: Drizzle|[of] p2a: Pelipper\n|move|p1a: Ariados|Leech Life|p2a: Pelipper\n|-resisted|p2a: Pelipper\n|-damage|p2a: Pelipper|84\/100\n|-heal|p1a: Ariados|76\/100|[from] drain|[of] p2a: Pelipper\n|\n|-weather|RainDance|[upkeep]\n|-heal|p2a: Pelipper|91\/100|[from] item: Leftovers\n|-heal|p1a: Ariados|82\/100|[from] item: Leftovers\n|upkeep\n|turn|10\n|\n|t:|1700518425\n|move|p2a: Pelipper|Hurricane|p1a: Ariados\n|-supereffective|p1a: Ariados\n|-damage|p1a: Ariados|0 fnt\n|faint|p1a: Ariados\n|\n|-weather|RainDance|[upkeep]\n|-heal|p2a: Pelipper|97\/100|[from] item: Leftovers\n|upkeep\n|\n|t:|1700518432\n|switch|p1a: Slowking|Slowking-Galar, M|100\/100\n|turn|11\n|\n|t:|1700518444\n|switch|p2a: Overqwil|Overqwil, M|75\/100\n|move|p1a: Slowking|Sludge Bomb|p2a: Overqwil\n|-resisted|p2a: Overqwil\n|-damage|p2a: Overqwil|51\/100\n|\n|-weather|RainDance|[upkeep]\n|upkeep\n|turn|12\n|\n|t:|1700518454\n|move|p2a: Overqwil|Liquidation|p1a: Slowking\n|-damage|p1a: Slowking|53\/100\n|-unboost|p1a: Slowking|def|1\n|move|p1a: Slowking|Chilly Reception|p1a: Slowking\n|-weather|Snow\n|\n|t:|1700518471\n|switch|p1a: Clefable|Clefable, F|100\/100|[from] Chilly Reception\n|\n|-weather|Snow|[upkeep]\n|upkeep\n|turn|13\n|\n|t:|1700518483\n|switch|p1a: Shiftry|Shiftry, F, tera:Fighting|11\/100\n|move|p2a: Overqwil|Barb Barrage|p1a: Shiftry\n|-damage|p1a: Shiftry|0 fnt\n|faint|p1a: Shiftry\n|\n|-weather|Snow|[upkeep]\n|upkeep\n|\n|t:|1700518490\n|switch|p1a: Arcanine|Arcanine-Hisui, F|100\/100\n|turn|14\n|\n|t:|1700518499\n|switch|p2a: Pelipper|Pelipper, M|97\/100\n|-weather|RainDance|[from] ability: Drizzle|[of] p2a: Pelipper\n|move|p1a: Arcanine|Close Combat|p2a: Pelipper\n|-resisted|p2a: Pelipper\n|-damage|p2a: Pelipper|76\/100\n|-unboost|p1a: Arcanine|def|1\n|-unboost|p1a: Arcanine|spd|1\n|\n|-weather|RainDance|[upkeep]\n|-heal|p2a: Pelipper|82\/100|[from] item: Leftovers\n|upkeep\n|turn|15\n|\n|t:|1700518509\n|move|p1a: Arcanine|Head Smash|p2a: Pelipper\n|-supereffective|p2a: Pelipper\n|-crit|p2a: Pelipper\n|-damage|p2a: Pelipper|0 fnt\n|faint|p2a: Pelipper\n|\n|-weather|RainDance|[upkeep]\n|upkeep\n|\n|t:|1700518515\n|switch|p2a: Basculegion|Basculegion, M|100\/100\n|turn|16\n|\n|t:|1700518522\n|switch|p1a: Clefable|Clefable, F|100\/100\n|-terastallize|p2a: Basculegion|Water\n|move|p2a: Basculegion|Wave Crash|p1a: Clefable\n|-damage|p1a: Clefable|0 fnt\n|faint|p1a: Clefable\n|-damage|p2a: Basculegion|66\/100|[from] Recoil\n|-damage|p2a: Basculegion|57\/100|[from] item: Life Orb\n|\n|-weather|RainDance|[upkeep]\n|upkeep\n|\n|t:|1700518532\n|switch|p1a: Slowking|Slowking-Galar, M|86\/100\n|turn|17\n|\n|t:|1700518541\n|move|p2a: Basculegion|Phantom Force||[still]\n|-prepare|p2a: Basculegion|Phantom Force\n|move|p1a: Slowking|Chilly Reception|p1a: Slowking\n|-weather|Snow\n|\n|t:|1700518546\n|switch|p1a: Arcanine|Arcanine-Hisui, F|100\/100|[from] Chilly Reception\n|\n|-weather|Snow|[upkeep]\n|upkeep\n|turn|18\n|\n|t:|1700518551\n|move|p1a: Arcanine|Head Smash|p2a: Basculegion|[miss]\n|-miss|p1a: Arcanine|p2a: Basculegion\n|move|p2a: Basculegion|Phantom Force|p1a: Arcanine|[from]lockedmove\n|-damage|p1a: Arcanine|23\/100\n|-damage|p2a: Basculegion|47\/100|[from] item: Life Orb\n|\n|-weather|Snow|[upkeep]\n|upkeep\n|turn|19\n|\n|t:|1700518560\n|move|p2a: Basculegion|Aqua Jet|p1a: Arcanine\n|-supereffective|p1a: Arcanine\n|-damage|p1a: Arcanine|0 fnt\n|faint|p1a: Arcanine\n|-damage|p2a: Basculegion|37\/100|[from] item: Life Orb\n|\n|-weather|Snow|[upkeep]\n|upkeep\n|\n|t:|1700518563\n|switch|p1a: Slowking|Slowking-Galar, M|100\/100\n|turn|20\n|\n|t:|1700518568\n|move|p2a: Basculegion|Phantom Force||[still]\n|-prepare|p2a: Basculegion|Phantom Force\n|move|p1a: Slowking|Eerie Spell|p2a: Basculegion|[miss]\n|-miss|p1a: Slowking|p2a: Basculegion\n|\n|-weather|Snow|[upkeep]\n|upkeep\n|turn|21\n|\n|t:|1700518577\n|move|p2a: Basculegion|Phantom Force|p1a: Slowking|[from]lockedmove\n|-supereffective|p1a: Slowking\n|-damage|p1a: Slowking|0 fnt\n|faint|p1a: Slowking\n|-damage|p2a: Basculegion|27\/100|[from] item: Life Orb\n|\n|win|McWizzle\n|raw|junior_flow's rating: 1114 &rarr; <strong>1088<\/strong><br \/>(-26 for losing)\n|raw|McWizzle's rating: 1098 &rarr; <strong>1124<\/strong><br \/>(+26 for winning)\n|l|\u2606junior_flow\n","uploadtime":1700518787,"views":5,"p1id":"juniorflow","p2id":"mcwizzle","formatid":"gen9ou","rating":1088,"private":0,"password":""}