{"id":"gen9ou-1991119405","p1":"pokewaiter","p2":"Onsen3gg","format":"[Gen 9] OU","log":"|j|\u2606pokewaiter\n|j|\u2606Onsen3gg\n|t:|1700045884\n|gametype|singles\n|player|p1|pokewaiter|waiter-gen4|1154\n|player|p2|Onsen3gg|1|1127\n|teamsize|p1|6\n|teamsize|p2|6\n|gen|9\n|tier|[Gen 9] OU\n|rated|\n|rule|Sleep Clause Mod: Limit one foe put to sleep\n|rule|Species Clause: Limit one of each Pok\u00e9mon\n|rule|OHKO Clause: OHKO moves are banned\n|rule|Evasion Items Clause: Evasion items are banned\n|rule|Evasion Moves Clause: Evasion moves are banned\n|rule|Endless Battle Clause: Forcing endless battles is banned\n|rule|HP Percentage Mod: HP is shown in percentages\n|clearpoke\n|poke|p1|Alomomola, F|\n|poke|p1|Slowking-Galar, F|\n|poke|p1|Kingambit, F|\n|poke|p1|Great Tusk|\n|poke|p1|Cinderace, F|\n|poke|p1|Thundurus-Therian, M|\n|poke|p2|Torkoal, F|\n|poke|p2|Victreebel, M|\n|poke|p2|Charizard, F|\n|poke|p2|Pawmot, M|\n|poke|p2|Corviknight, M|\n|poke|p2|Clodsire, M|\n|teampreview\n|inactive|Battle timer is ON: inactive players will automatically lose when time's up. (requested by pokewaiter)\n|\n|t:|1700045891\n|start\n|switch|p1a: Great Tusk|Great Tusk|100\/100\n|switch|p2a: Torkoal|Torkoal, F|100\/100\n|-weather|SunnyDay|[from] ability: Drought|[of] p2a: Torkoal\n|-activate|p1a: Great Tusk|ability: Protosynthesis\n|-start|p1a: Great Tusk|protosynthesisatk\n|turn|1\n|\n|t:|1700045906\n|move|p1a: Great Tusk|Stealth Rock|p2a: Torkoal\n|-sidestart|p2: Onsen3gg|move: Stealth Rock\n|move|p2a: Torkoal|Yawn|p1a: Great Tusk\n|-start|p1a: Great Tusk|move: Yawn|[of] p2a: Torkoal\n|\n|-weather|SunnyDay|[upkeep]\n|upkeep\n|turn|2\n|\n|t:|1700045918\n|-end|p1a: Great Tusk|Protosynthesis|[silent]\n|switch|p1a: Alomomola|Alomomola, F|100\/100\n|move|p2a: Torkoal|Stealth Rock|p1a: Alomomola\n|-sidestart|p1: pokewaiter|move: Stealth Rock\n|\n|-weather|SunnyDay|[upkeep]\n|upkeep\n|turn|3\n|\n|t:|1700045933\n|move|p1a: Alomomola|Flip Turn|p2a: Torkoal\n|-supereffective|p2a: Torkoal\n|-damage|p2a: Torkoal|90\/100\n|\n|t:|1700045936\n|switch|p1a: Great Tusk|Great Tusk|100\/100|[from] Flip Turn\n|-damage|p1a: Great Tusk|98\/100|[from] Stealth Rock\n|-activate|p1a: Great Tusk|ability: Protosynthesis\n|-start|p1a: Great Tusk|protosynthesisatk\n|move|p2a: Torkoal|Rapid Spin|p1a: Great Tusk\n|-damage|p1a: Great Tusk|91\/100\n|-boost|p2a: Torkoal|spe|1\n|-damage|p2a: Torkoal|73\/100|[from] item: Rocky Helmet|[of] p1a: Great Tusk\n|-sideend|p2: Onsen3gg|Stealth Rock|[from] move: Rapid Spin|[of] p2a: Torkoal\n|\n|-weather|SunnyDay|[upkeep]\n|upkeep\n|turn|4\n|\n|t:|1700045950\n|move|p1a: Great Tusk|Rapid Spin|p2a: Torkoal\n|-damage|p2a: Torkoal|60\/100\n|-boost|p1a: Great Tusk|spe|1\n|-sideend|p1: pokewaiter|Stealth Rock|[from] move: Rapid Spin|[of] p1a: Great Tusk\n|move|p2a: Torkoal|Yawn|p1a: Great Tusk\n|-start|p1a: Great Tusk|move: Yawn|[of] p2a: Torkoal\n|\n|-weather|SunnyDay|[upkeep]\n|upkeep\n|turn|5\n|\n|t:|1700045962\n|switch|p2a: Victreebel|Victreebel, M|100\/100\n|move|p1a: Great Tusk|Headlong Rush|p2a: Victreebel\n|-damage|p2a: Victreebel|0 fnt\n|-unboost|p1a: Great Tusk|def|1\n|-unboost|p1a: Great Tusk|spd|1\n|faint|p2a: Victreebel\n|\n|-weather|SunnyDay|[upkeep]\n|-end|p1a: Great Tusk|move: Yawn|[silent]\n|-status|p1a: Great Tusk|slp\n|upkeep\n|\n|t:|1700045974\n|switch|p2a: Charizard|Charizard, F|100\/100\n|turn|6\n|\n|t:|1700045983\n|-end|p1a: Great Tusk|Protosynthesis|[silent]\n|switch|p1a: Alomomola|Alomomola, F|100\/100\n|move|p2a: Charizard|Substitute|p2a: Charizard\n|-start|p2a: Charizard|Substitute\n|-damage|p2a: Charizard|75\/100\n|\n|-weather|SunnyDay|[upkeep]\n|upkeep\n|turn|7\n|\n|t:|1700045996\n|-terastallize|p2a: Charizard|Ghost\n|move|p2a: Charizard|Belly Drum|p2a: Charizard\n|-damage|p2a: Charizard|25\/100\n|-setboost|p2a: Charizard|atk|6|[from] move: Belly Drum\n|-enditem|p2a: Charizard|Salac Berry|[eat]\n|-boost|p2a: Charizard|spe|1|[from] item: Salac Berry\n|move|p1a: Alomomola|Scald|p2a: Charizard\n|-crit|p2a: Charizard\n|-activate|p2a: Charizard|move: Substitute|[damage]\n|\n|-weather|SunnyDay|[upkeep]\n|upkeep\n|turn|8\n|\n|t:|1700046013\n|move|p2a: Charizard|Acrobatics|p1a: Alomomola\n|-crit|p1a: Alomomola\n|-damage|p1a: Alomomola|0 fnt\n|faint|p1a: Alomomola\n|\n|-weather|none\n|upkeep\n|\n|t:|1700046038\n|switch|p1a: Great Tusk|Great Tusk|91\/100 slp\n|turn|9\n|\n|t:|1700046046\n|move|p2a: Charizard|Acrobatics|p1a: Great Tusk\n|-supereffective|p1a: Great Tusk\n|-crit|p1a: Great Tusk\n|-damage|p1a: Great Tusk|0 fnt\n|-damage|p2a: Charizard|9\/100|[from] item: Rocky Helmet|[of] p1a: Great Tusk\n|faint|p1a: Great Tusk\n|-end|p1a: Great Tusk|Protosynthesis|[silent]\n|\n|upkeep\n|\n|t:|1700046064\n|switch|p1a: Slowking|Slowking-Galar, F|100\/100\n|turn|10\n|\n|t:|1700046081\n|move|p2a: Charizard|Acrobatics|p1a: Slowking\n|-damage|p1a: Slowking|0 fnt\n|faint|p1a: Slowking\n|\n|upkeep\n|inactive|pokewaiter has 120 seconds left.\n|\n|t:|1700046093\n|switch|p1a: Kingambit|Kingambit, F|100\/100\n|-activate|p1a: Kingambit|ability: Supreme Overlord\n|-start|p1a: Kingambit|fallen3|[silent]\n|turn|11\n|\n|t:|1700046105\n|move|p1a: Kingambit|Sucker Punch|p2a: Charizard\n|-supereffective|p2a: Charizard\n|-end|p2a: Charizard|Substitute\n|move|p2a: Charizard|Acrobatics|p1a: Kingambit\n|-resisted|p1a: Kingambit\n|-damage|p1a: Kingambit|40\/100\n|\n|-heal|p1a: Kingambit|46\/100|[from] item: Leftovers\n|upkeep\n|turn|12\n|\n|t:|1700046116\n|move|p1a: Kingambit|Sucker Punch||[still]\n|-fail|p1a: Kingambit\n|move|p2a: Charizard|Substitute|p2a: Charizard\n|-fail|p2a: Charizard|move: Substitute|[weak]\n|\n|-heal|p1a: Kingambit|52\/100|[from] item: Leftovers\n|upkeep\n|turn|13\n|\n|t:|1700046126\n|move|p1a: Kingambit|Sucker Punch|p2a: Charizard\n|-supereffective|p2a: Charizard\n|-damage|p2a: Charizard|0 fnt\n|faint|p2a: Charizard\n|\n|-heal|p1a: Kingambit|58\/100|[from] item: Leftovers\n|upkeep\n|\n|t:|1700046137\n|switch|p2a: Pawmot|Pawmot, M|100\/100\n|turn|14\n|\n|t:|1700046152\n|-terastallize|p1a: Kingambit|Flying\n|move|p2a: Pawmot|Fake Out|p1a: Kingambit\n|-damage|p1a: Kingambit|48\/100\n|cant|p1a: Kingambit|flinch\n|\n|-heal|p1a: Kingambit|54\/100|[from] item: Leftovers\n|upkeep\n|turn|15\n|\n|t:|1700046164\n|-end|p1a: Kingambit|fallen3|[silent]\n|switch|p1a: Thundurus|Thundurus-Therian, M|100\/100\n|move|p2a: Pawmot|Nuzzle|p1a: Thundurus\n|-immune|p1a: Thundurus|[from] ability: Volt Absorb\n|\n|upkeep\n|turn|16\n|\n|t:|1700046175\n|move|p1a: Thundurus|Knock Off|p2a: Pawmot\n|-resisted|p2a: Pawmot\n|-damage|p2a: Pawmot|83\/100\n|-enditem|p2a: Pawmot|Focus Sash|[from] move: Knock Off|[of] p1a: Thundurus\n|move|p2a: Pawmot|Revival Blessing|p2a: Pawmot\n|\n|t:|1700046181\n|-heal|p2: Victreebel|50\/100|[from] move: Revival Blessing\n|\n|upkeep\n|turn|17\n|\n|t:|1700046194\n|switch|p1a: Cinderace|Cinderace, F|100\/100\n|move|p2a: Pawmot|Knock Off|p1a: Cinderace\n|-damage|p1a: Cinderace|52\/100\n|-enditem|p1a: Cinderace|Heavy-Duty Boots|[from] move: Knock Off|[of] p2a: Pawmot\n|\n|upkeep\n|turn|18\n|\n|t:|1700046202\n|switch|p2a: Torkoal|Torkoal, F|60\/100\n|-weather|SunnyDay|[from] ability: Drought|[of] p2a: Torkoal\n|move|p1a: Cinderace|Pyro Ball|p2a: Torkoal\n|-resisted|p2a: Torkoal\n|-damage|p2a: Torkoal|36\/100\n|\n|-weather|SunnyDay|[upkeep]\n|upkeep\n|turn|19\n|\n|t:|1700046218\n|move|p1a: Cinderace|Pyro Ball|p2a: Torkoal\n|-resisted|p2a: Torkoal\n|-damage|p2a: Torkoal|11\/100\n|move|p2a: Torkoal|Stealth Rock|p1a: Cinderace\n|-sidestart|p1: pokewaiter|move: Stealth Rock\n|\n|-weather|SunnyDay|[upkeep]\n|upkeep\n|turn|20\n|\n|t:|1700046229\n|move|p1a: Cinderace|Court Change|p1a: Cinderace\n|-start|p1a: Cinderace|typechange|Normal|[from] ability: Libero\n|-swapsideconditions\n|-activate|p1a: Cinderace|move: Court Change\n|move|p2a: Torkoal|Yawn|p1a: Cinderace\n|-start|p1a: Cinderace|move: Yawn|[of] p2a: Torkoal\n|\n|-weather|SunnyDay|[upkeep]\n|upkeep\n|turn|21\n|\n|t:|1700046239\n|move|p1a: Cinderace|U-turn|p2a: Torkoal\n|-resisted|p2a: Torkoal\n|-crit|p2a: Torkoal\n|-damage|p2a: Torkoal|2\/100\n|\n|t:|1700046245\n|switch|p1a: Kingambit|Kingambit, F, tera:Flying|54\/100|[from] U-turn\n|-activate|p1a: Kingambit|ability: Supreme Overlord\n|-start|p1a: Kingambit|fallen3|[silent]\n|move|p2a: Torkoal|Rapid Spin|p1a: Kingambit\n|-damage|p1a: Kingambit|48\/100\n|-boost|p2a: Torkoal|spe|1\n|-sideend|p2: Onsen3gg|Stealth Rock|[from] move: Rapid Spin|[of] p2a: Torkoal\n|\n|-weather|SunnyDay|[upkeep]\n|-heal|p1a: Kingambit|54\/100|[from] item: Leftovers\n|upkeep\n|turn|22\n|\n|t:|1700046259\n|move|p1a: Kingambit|Swords Dance|p1a: Kingambit\n|-boost|p1a: Kingambit|atk|2\n|move|p2a: Torkoal|Stealth Rock|p1a: Kingambit\n|-sidestart|p1: pokewaiter|move: Stealth Rock\n|\n|-weather|SunnyDay|[upkeep]\n|-heal|p1a: Kingambit|60\/100|[from] item: Leftovers\n|upkeep\n|turn|23\n|\n|t:|1700046267\n|move|p1a: Kingambit|Kowtow Cleave|p2a: Torkoal\n|-damage|p2a: Torkoal|0 fnt\n|faint|p2a: Torkoal\n|\n|-weather|SunnyDay|[upkeep]\n|-heal|p1a: Kingambit|66\/100|[from] item: Leftovers\n|upkeep\n|\n|t:|1700046279\n|switch|p2a: Victreebel|Victreebel, M|50\/100\n|turn|24\n|\n|t:|1700046288\n|move|p1a: Kingambit|Sucker Punch||[still]\n|-fail|p1a: Kingambit\n|move|p2a: Victreebel|Synthesis|p2a: Victreebel\n|-heal|p2a: Victreebel|100\/100\n|\n|-weather|SunnyDay|[upkeep]\n|-heal|p1a: Kingambit|73\/100|[from] item: Leftovers\n|upkeep\n|turn|25\n|\n|t:|1700046296\n|move|p2a: Victreebel|Weather Ball|p1a: Kingambit\n|-damage|p1a: Kingambit|18\/100\n|-damage|p2a: Victreebel|91\/100|[from] item: Life Orb\n|move|p1a: Kingambit|Kowtow Cleave|p2a: Victreebel\n|-damage|p2a: Victreebel|0 fnt\n|faint|p2a: Victreebel\n|\n|-weather|none\n|-heal|p1a: Kingambit|24\/100|[from] item: Leftovers\n|upkeep\n|\n|t:|1700046309\n|switch|p2a: Pawmot|Pawmot, M|83\/100\n|turn|26\n|\n|t:|1700046315\n|move|p2a: Pawmot|Fake Out|p1a: Kingambit\n|-damage|p1a: Kingambit|13\/100\n|cant|p1a: Kingambit|flinch\n|\n|-heal|p1a: Kingambit|19\/100|[from] item: Leftovers\n|upkeep\n|turn|27\n|\n|t:|1700046325\n|move|p1a: Kingambit|Sucker Punch|p2a: Pawmot\n|-resisted|p2a: Pawmot\n|-damage|p2a: Pawmot|0 fnt\n|faint|p2a: Pawmot\n|\n|-heal|p1a: Kingambit|26\/100|[from] item: Leftovers\n|upkeep\n|\n|t:|1700046333\n|switch|p2a: Clodsire|Clodsire, M|100\/100\n|-item|p2a: Clodsire|Air Balloon\n|turn|28\n|\n|t:|1700046342\n|move|p1a: Kingambit|Kowtow Cleave|p2a: Clodsire\n|-damage|p2a: Clodsire|0 fnt\n|-enditem|p2a: Clodsire|Air Balloon\n|faint|p2a: Clodsire\n|\n|-heal|p1a: Kingambit|32\/100|[from] item: Leftovers\n|upkeep\n|\n|t:|1700046350\n|switch|p2a: Corviknight|Corviknight, M|100\/100\n|-ability|p2a: Corviknight|Pressure\n|turn|29\n|\n|t:|1700046358\n|move|p2a: Corviknight|U-turn|p1a: Kingambit\n|-resisted|p1a: Kingambit\n|-damage|p1a: Kingambit|26\/100\n|move|p1a: Kingambit|Kowtow Cleave|p2a: Corviknight\n|-damage|p2a: Corviknight|20\/100\n|\n|-heal|p2a: Corviknight|26\/100|[from] item: Leftovers\n|-heal|p1a: Kingambit|33\/100|[from] item: Leftovers\n|upkeep\n|turn|30\n|c|\u2606pokewaiter|gg\n|\n|t:|1700046369\n|move|p2a: Corviknight|Roost|p2a: Corviknight\n|-heal|p2a: Corviknight|76\/100\n|-singleturn|p2a: Corviknight|move: Roost\n|move|p1a: Kingambit|Kowtow Cleave|p2a: Corviknight\n|-damage|p2a: Corviknight|0 fnt\n|faint|p2a: Corviknight\n|\n|win|pokewaiter\n|raw|pokewaiter's rating: 1154 &rarr; <strong>1177<\/strong><br \/>(+23 for winning)\n|raw|Onsen3gg's rating: 1127 &rarr; <strong>1104<\/strong><br \/>(-23 for losing)\n|l|\u2606Onsen3gg\n","uploadtime":1700046427,"views":13,"p1id":"pokewaiter","p2id":"onsen3gg","formatid":"gen9ou","rating":1104,"private":0,"password":""}