{"id":"gen9ou-1995374793","p1":"Ansoni777","p2":"SilkyNutz","format":"[Gen 9] OU","log":"|j|\u2606Ansoni777\n|j|\u2606SilkyNutz\n|t:|1700562006\n|gametype|singles\n|player|p1|Ansoni777|steven|1079\n|player|p2|SilkyNutz|waiter-gen4dp|1054\n|teamsize|p1|6\n|teamsize|p2|6\n|gen|9\n|tier|[Gen 9] OU\n|rated|\n|rule|Sleep Clause Mod: Limit one foe put to sleep\n|rule|Species Clause: Limit one of each Pok\u00e9mon\n|rule|OHKO Clause: OHKO moves are banned\n|rule|Evasion Items Clause: Evasion items are banned\n|rule|Evasion Moves Clause: Evasion moves are banned\n|rule|Endless Battle Clause: Forcing endless battles is banned\n|rule|HP Percentage Mod: HP is shown in percentages\n|clearpoke\n|poke|p1|Landorus-Therian, M|\n|poke|p1|Rillaboom, F|\n|poke|p1|Ogerpon-Wellspring, F|\n|poke|p1|Iron Moth|\n|poke|p1|Mandibuzz, F|\n|poke|p1|Garganacl, F|\n|poke|p2|Lucario, M|\n|poke|p2|Armarouge, F|\n|poke|p2|Landorus-Therian, M|\n|poke|p2|Goodra-Hisui, F|\n|poke|p2|Slowking-Galar, F|\n|poke|p2|Dondozo, M|\n|teampreview\n|inactive|Battle timer is ON: inactive players will automatically lose when time's up. (requested by SilkyNutz)\n|inactive|Ansoni777 has 120 seconds left.\n|\n|t:|1700562043\n|start\n|switch|p1a: Add|Landorus-Therian, M|100\/100\n|switch|p2a: Landorus|Landorus-Therian, M|100\/100\n|-ability|p2a: Landorus|Intimidate|boost\n|-unboost|p1a: Add|atk|1\n|-ability|p1a: Add|Intimidate|boost\n|-unboost|p2a: Landorus|atk|1\n|turn|1\n|\n|t:|1700562053\n|move|p2a: Landorus|Stealth Rock|p1a: Add\n|-sidestart|p1: Ansoni777|move: Stealth Rock\n|move|p1a: Add|Stealth Rock|p2a: Landorus\n|-sidestart|p2: SilkyNutz|move: Stealth Rock\n|\n|upkeep\n|turn|2\n|\n|t:|1700562062\n|move|p2a: Landorus|Fly||[still]\n|-prepare|p2a: Landorus|Fly\n|move|p1a: Add|U-turn|p2a: Landorus|[miss]\n|-miss|p1a: Add|p2a: Landorus\n|\n|upkeep\n|turn|3\n|\n|t:|1700562074\n|move|p2a: Landorus|Fly|p1a: Add|[from]lockedmove\n|-damage|p1a: Add|67\/100\n|-damage|p2a: Landorus|84\/100|[from] item: Rocky Helmet|[of] p1a: Add\n|move|p1a: Add|U-turn|p2a: Landorus\n|-resisted|p2a: Landorus\n|-damage|p2a: Landorus|77\/100\n|\n|t:|1700562091\n|switch|p1a: Ogerpon|Ogerpon-Wellspring, F|100\/100|[from] U-turn\n|-damage|p1a: Ogerpon|88\/100|[from] Stealth Rock\n|\n|-heal|p2a: Landorus|83\/100|[from] item: Leftovers\n|upkeep\n|turn|4\n|\n|t:|1700562107\n|switch|p2a: Goodra|Goodra-Hisui, F|100\/100\n|-damage|p2a: Goodra|94\/100|[from] Stealth Rock\n|move|p1a: Ogerpon|Ivy Cudgel|p2a: Goodra|[anim] Ivy Cudgel Water\n|-resisted|p2a: Goodra\n|-damage|p2a: Goodra|67\/100\n|\n|-heal|p2a: Goodra|73\/100|[from] item: Leftovers\n|upkeep\n|turn|5\n|\n|t:|1700562117\n|move|p1a: Ogerpon|Knock Off|p2a: Goodra\n|-damage|p2a: Goodra|39\/100\n|-enditem|p2a: Goodra|Leftovers|[from] move: Knock Off|[of] p1a: Ogerpon\n|move|p2a: Goodra|Acid Armor|p2a: Goodra\n|-boost|p2a: Goodra|def|2\n|\n|upkeep\n|turn|6\n|\n|t:|1700562123\n|switch|p1a: Garganacl|Garganacl, F|100\/100\n|-damage|p1a: Garganacl|88\/100|[from] Stealth Rock\n|move|p2a: Goodra|Thunder|p1a: Garganacl\n|-damage|p1a: Garganacl|70\/100\n|\n|upkeep\n|turn|7\n|\n|t:|1700562133\n|-terastallize|p1a: Garganacl|Fairy\n|move|p2a: Goodra|Body Press|p1a: Garganacl\n|-resisted|p1a: Garganacl\n|-damage|p1a: Garganacl|58\/100\n|move|p1a: Garganacl|Salt Cure|p2a: Goodra\n|-resisted|p2a: Goodra\n|-damage|p2a: Goodra|36\/100\n|-start|p2a: Goodra|Salt Cure\n|\n|-damage|p2a: Goodra|11\/100|[from] Salt Cure\n|upkeep\n|turn|8\n|\n|t:|1700562144\n|switch|p2a: Slowking|Slowking-Galar, F|100\/100\n|-damage|p2a: Slowking|88\/100|[from] Stealth Rock\n|move|p1a: Garganacl|Recover|p1a: Garganacl\n|-heal|p1a: Garganacl|100\/100\n|\n|-heal|p2a: Slowking|94\/100|[from] item: Black Sludge\n|upkeep\n|turn|9\n|\n|t:|1700562161\n|switch|p1a: Add|Landorus-Therian, M|67\/100\n|-damage|p1a: Add|54\/100|[from] Stealth Rock\n|-ability|p1a: Add|Intimidate|boost\n|-unboost|p2a: Slowking|atk|1\n|move|p2a: Slowking|Future Sight|p1a: Add\n|-start|p2a: Slowking|move: Future Sight\n|\n|-heal|p2a: Slowking|99\/100|[from] item: Black Sludge\n|upkeep\n|turn|10\n|\n|t:|1700562171\n|switch|p2a: Landorus|Landorus-Therian, M|83\/100\n|-damage|p2a: Landorus|70\/100|[from] Stealth Rock\n|-ability|p2a: Landorus|Intimidate|boost\n|-unboost|p1a: Add|atk|1\n|move|p1a: Add|U-turn|p2a: Landorus\n|-resisted|p2a: Landorus\n|-damage|p2a: Landorus|62\/100\n|\n|t:|1700562181\n|switch|p1a: Ogerpon|Ogerpon-Wellspring, F|88\/100|[from] U-turn\n|-damage|p1a: Ogerpon|76\/100|[from] Stealth Rock\n|\n|-heal|p2a: Landorus|68\/100|[from] item: Leftovers\n|upkeep\n|turn|11\n|\n|t:|1700562203\n|switch|p2a: Dondozo|Dondozo, M|100\/100\n|-damage|p2a: Dondozo|88\/100|[from] Stealth Rock\n|move|p1a: Ogerpon|Ivy Cudgel|p2a: Dondozo|[anim] Ivy Cudgel Water\n|-resisted|p2a: Dondozo\n|-damage|p2a: Dondozo|71\/100\n|\n|-end|p1a: Ogerpon|move: Future Sight\n|-damage|p1a: Ogerpon|1\/100\n|-heal|p2a: Dondozo|77\/100|[from] item: Leftovers\n|upkeep\n|turn|12\n|\n|t:|1700562220\n|move|p1a: Ogerpon|Horn Leech|p2a: Dondozo\n|-supereffective|p2a: Dondozo\n|-damage|p2a: Dondozo|22\/100\n|-heal|p1a: Ogerpon|47\/100|[from] drain|[of] p2a: Dondozo\n|move|p2a: Dondozo|Liquidation|p1a: Ogerpon\n|-heal|p1a: Ogerpon|72\/100|[from] ability: Water Absorb|[of] p2a: Dondozo\n|\n|-heal|p2a: Dondozo|28\/100|[from] item: Leftovers\n|upkeep\n|turn|13\n|-message|SilkyNutz forfeited.\n|\n|win|Ansoni777\n|raw|Ansoni777's rating: 1079 &rarr; <strong>1105<\/strong><br \/>(+26 for winning)\n|raw|SilkyNutz's rating: 1054 &rarr; <strong>1037<\/strong><br \/>(-17 for losing)\n|l|\u2606SilkyNutz\n","uploadtime":1700562381,"views":4,"p1id":"ansoni777","p2id":"silkynutz","formatid":"gen9ou","rating":1037,"private":0,"password":""}