{"id":"gen9ou-2000054248","p1":"Quamnckkk","p2":"three turns later","format":"[Gen 9] OU","log":"|j|\u2606Quamnckkk\n|j|\u2606three turns later\n|t:|1701146796\n|gametype|singles\n|player|p1|Quamnckkk|yellow|1784\n|player|p2|three turns later|266|1783\n|teamsize|p1|6\n|teamsize|p2|6\n|gen|9\n|tier|[Gen 9] OU\n|rated|\n|rule|Sleep Clause Mod: Limit one foe put to sleep\n|rule|Species Clause: Limit one of each Pok\u00e9mon\n|rule|OHKO Clause: OHKO moves are banned\n|rule|Evasion Items Clause: Evasion items are banned\n|rule|Evasion Moves Clause: Evasion moves are banned\n|rule|Endless Battle Clause: Forcing endless battles is banned\n|rule|HP Percentage Mod: HP is shown in percentages\n|clearpoke\n|poke|p1|Empoleon, M|\n|poke|p1|Clodsire, F|\n|poke|p1|Clefable, F|\n|poke|p1|Mandibuzz, F|\n|poke|p1|Skeledirge, M|\n|poke|p1|Greninja-*, F|\n|poke|p2|Ceruledge, F|\n|poke|p2|Iron Valiant|\n|poke|p2|Dragonite, M|\n|poke|p2|Scizor, M|\n|poke|p2|Samurott-Hisui, F|\n|poke|p2|Veluza, F|\n|teampreview\n|inactive|Battle timer is ON: inactive players will automatically lose when time's up. (requested by Quamnckkk)\n|\n|t:|1701146820\n|start\n|switch|p1a: Greninja|Greninja, F|100\/100\n|switch|p2a: Veluza|Veluza, F|100\/100\n|turn|1\n|\n|t:|1701146824\n|move|p2a: Veluza|Final Gambit|p1a: Greninja\n|-damage|p1a: Greninja|0 fnt\n|faint|p2a: Veluza\n|faint|p1a: Greninja\n|\n|upkeep\n|\n|t:|1701146832\n|switch|p1a: Clefable|Clefable, F|100\/100\n|switch|p2a: Samurott|Samurott-Hisui, F|100\/100\n|turn|2\n|\n|t:|1701146837\n|move|p1a: Clefable|Protect|p1a: Clefable\n|-singleturn|p1a: Clefable|Protect\n|move|p2a: Samurott|Copycat||[still]\n|-fail|p2a: Samurott\n|\n|upkeep\n|turn|3\n|c|\u2606Quamnckkk|lol\n|c|\u2606three turns later|how\n|\n|t:|1701146851\n|switch|p2a: Scizor|Scizor, M|100\/100\n|move|p1a: Clefable|Moonblast|p2a: Scizor\n|-resisted|p2a: Scizor\n|-damage|p2a: Scizor|77\/100\n|\n|upkeep\n|turn|4\n|j| gosuBX\n|c|\u2606Quamnckkk|well i saw the scarf veluza final gambit\n|c|\u2606Quamnckkk|and i know that rott knows copycat\n|c|\u2606Quamnckkk|and protecting doesnt cost me too much\n|inactive|Quamnckkk has 120 seconds left.\n|\n|t:|1701146883\n|switch|p2a: Ceruledge|Ceruledge, F|100\/100\n|switch|p1a: Mandibuzz|Mandibuzz, F|100\/100\n|\n|upkeep\n|turn|5\n|\n|t:|1701146892\n|switch|p2a: Samurott|Samurott-Hisui, F|100\/100\n|move|p1a: Mandibuzz|Foul Play|p2a: Samurott\n|-resisted|p2a: Samurott\n|-damage|p2a: Samurott|83\/100\n|\n|upkeep\n|turn|6\n|\n|t:|1701146897\n|move|p2a: Samurott|Ceaseless Edge|p1a: Mandibuzz\n|-resisted|p1a: Mandibuzz\n|-damage|p1a: Mandibuzz|91\/100\n|-sidestart|p1: Quamnckkk|Spikes\n|move|p1a: Mandibuzz|Iron Defense|p1a: Mandibuzz\n|-boost|p1a: Mandibuzz|def|2\n|\n|upkeep\n|turn|7\n|\n|t:|1701146901\n|switch|p2a: Iron Valiant|Iron Valiant|100\/100\n|move|p1a: Mandibuzz|Foul Play|p2a: Iron Valiant\n|-resisted|p2a: Iron Valiant\n|-damage|p2a: Iron Valiant|92\/100\n|\n|-heal|p2a: Iron Valiant|98\/100|[from] item: Leftovers\n|upkeep\n|turn|8\n|\n|t:|1701146912\n|-end|p2a: Iron Valiant|Quark Drive|[silent]\n|switch|p2a: Scizor|Scizor, M|77\/100\n|switch|p1a: Clefable|Clefable, F|100\/100\n|\n|upkeep\n|turn|9\n|\n|t:|1701146918\n|switch|p2a: Ceruledge|Ceruledge, F|100\/100\n|move|p1a: Clefable|Protect||[still]\n|-fail|p1a: Clefable\n|\n|upkeep\n|turn|10\n|\n|t:|1701146926\n|move|p2a: Ceruledge|Fire Spin|p1a: Clefable|[miss]\n|-miss|p2a: Ceruledge|p1a: Clefable\n|move|p1a: Clefable|Knock Off|p2a: Ceruledge\n|-supereffective|p2a: Ceruledge\n|-damage|p2a: Ceruledge|61\/100\n|-ability|p2a: Ceruledge|Weak Armor|boost\n|-unboost|p2a: Ceruledge|def|1\n|-boost|p2a: Ceruledge|spe|2\n|-enditem|p2a: Ceruledge|Focus Sash|[from] move: Knock Off|[of] p1a: Clefable\n|\n|upkeep\n|turn|11\n|\n|t:|1701146929\n|move|p2a: Ceruledge|Fire Spin|p1a: Clefable\n|-damage|p1a: Clefable|93\/100\n|-activate|p1a: Clefable|move: Fire Spin|[of] p2a: Ceruledge\n|move|p1a: Clefable|Knock Off|p2a: Ceruledge\n|-supereffective|p2a: Ceruledge\n|-damage|p2a: Ceruledge|17\/100\n|-ability|p2a: Ceruledge|Weak Armor|boost\n|-unboost|p2a: Ceruledge|def|1\n|-boost|p2a: Ceruledge|spe|2\n|\n|-heal|p1a: Clefable|99\/100|[from] item: Leftovers\n|upkeep\n|turn|12\n|j| SwabbyYabby\n|\n|t:|1701146939\n|move|p2a: Ceruledge|Taunt|p1a: Clefable\n|-start|p1a: Clefable|move: Taunt\n|move|p1a: Clefable|Knock Off|p2a: Ceruledge\n|-supereffective|p2a: Ceruledge\n|-damage|p2a: Ceruledge|0 fnt\n|faint|p2a: Ceruledge\n|\n|-heal|p1a: Clefable|100\/100|[from] item: Leftovers\n|-end|p1a: Clefable|Fire Spin|[partiallytrapped]|[silent]\n|upkeep\n|\n|t:|1701146945\n|switch|p2a: Scizor|Scizor, M|77\/100\n|turn|13\n|\n|t:|1701146957\n|switch|p1a: Empoleon|Empoleon, M|100\/100\n|move|p2a: Scizor|U-turn|p1a: Empoleon\n|-resisted|p1a: Empoleon\n|-damage|p1a: Empoleon|73\/100\n|\n|t:|1701146959\n|switch|p2a: Samurott|Samurott-Hisui, F|83\/100|[from] U-turn\n|\n|upkeep\n|turn|14\n|\n|t:|1701146965\n|switch|p1a: Clefable|Clefable, F|100\/100\n|move|p2a: Samurott|Copycat|p2a: Samurott\n|move|p2a: Samurott|U-turn|p1a: Clefable|[from]move: Copycat\n|-resisted|p1a: Clefable\n|-damage|p1a: Clefable|94\/100\n|\n|t:|1701146974\n|switch|p2a: Scizor|Scizor, M|77\/100|[from] U-turn\n|\n|-heal|p1a: Clefable|99\/100|[from] item: Leftovers\n|upkeep\n|turn|15\n|\n|t:|1701146977\n|move|p1a: Clefable|Protect|p1a: Clefable\n|-singleturn|p1a: Clefable|Protect\n|move|p2a: Scizor|Bullet Punch|p1a: Clefable\n|-activate|p1a: Clefable|move: Protect\n|\n|-heal|p1a: Clefable|100\/100|[from] item: Leftovers\n|upkeep\n|turn|16\n|\n|t:|1701146984\n|switch|p2a: Samurott|Samurott-Hisui, F|83\/100\n|switch|p1a: Empoleon|Empoleon, M|73\/100\n|\n|upkeep\n|turn|17\n|j| xxCOALLAxx\n|\n|t:|1701146990\n|move|p2a: Samurott|Sacred Sword|p1a: Empoleon\n|-supereffective|p1a: Empoleon\n|-damage|p1a: Empoleon|0 fnt\n|faint|p1a: Empoleon\n|\n|upkeep\n|\n|t:|1701146994\n|switch|p1a: Clodsire|Clodsire, F|100\/100\n|turn|18\n|\n|t:|1701146998\n|switch|p2a: Scizor|Scizor, M|77\/100\n|move|p1a: Clodsire|Spikes|p2a: Scizor\n|-sidestart|p2: three turns later|Spikes\n|\n|upkeep\n|turn|19\n|\n|t:|1701147002\n|move|p2a: Scizor|Knock Off|p1a: Clodsire\n|-damage|p1a: Clodsire|49\/100\n|-enditem|p1a: Clodsire|Heavy-Duty Boots|[from] move: Knock Off|[of] p2a: Scizor\n|move|p1a: Clodsire|Recover|p1a: Clodsire\n|-heal|p1a: Clodsire|99\/100\n|\n|upkeep\n|turn|20\n|\n|t:|1701147007\n|move|p2a: Scizor|Knock Off|p1a: Clodsire\n|-damage|p1a: Clodsire|60\/100\n|move|p1a: Clodsire|Toxic|p2a: Scizor\n|-immune|p2a: Scizor\n|\n|upkeep\n|turn|21\n|\n|t:|1701147010\n|move|p2a: Scizor|Knock Off|p1a: Clodsire\n|-damage|p1a: Clodsire|25\/100\n|move|p1a: Clodsire|Recover|p1a: Clodsire\n|-heal|p1a: Clodsire|75\/100\n|\n|upkeep\n|turn|22\n|\n|t:|1701147016\n|move|p2a: Scizor|Knock Off|p1a: Clodsire\n|-damage|p1a: Clodsire|38\/100\n|move|p1a: Clodsire|Spikes|p2a: Scizor\n|-sidestart|p2: three turns later|Spikes\n|\n|upkeep\n|turn|23\n|\n|t:|1701147018\n|move|p2a: Scizor|Knock Off|p1a: Clodsire\n|-damage|p1a: Clodsire|1\/100\n|move|p1a: Clodsire|Spikes|p2a: Scizor\n|-sidestart|p2: three turns later|Spikes\n|\n|upkeep\n|turn|24\n|\n|t:|1701147020\n|move|p2a: Scizor|Knock Off|p1a: Clodsire\n|-damage|p1a: Clodsire|0 fnt\n|faint|p1a: Clodsire\n|\n|upkeep\n|\n|t:|1701147023\n|switch|p1a: Mandibuzz|Mandibuzz, F|91\/100\n|turn|25\n|\n|t:|1701147035\n|switch|p2a: Iron Valiant|Iron Valiant|98\/100\n|-damage|p2a: Iron Valiant|73\/100|[from] Spikes\n|move|p1a: Mandibuzz|Foul Play|p2a: Iron Valiant\n|-resisted|p2a: Iron Valiant\n|-damage|p2a: Iron Valiant|65\/100\n|\n|-heal|p2a: Iron Valiant|71\/100|[from] item: Leftovers\n|upkeep\n|turn|26\n|\n|t:|1701147039\n|switch|p1a: Clefable|Clefable, F|100\/100\n|move|p2a: Iron Valiant|Moonblast|p1a: Clefable\n|-damage|p1a: Clefable|65\/100\n|\n|-heal|p2a: Iron Valiant|77\/100|[from] item: Leftovers\n|-heal|p1a: Clefable|71\/100|[from] item: Leftovers\n|upkeep\n|turn|27\n|\n|t:|1701147045\n|-end|p2a: Iron Valiant|Quark Drive|[silent]\n|switch|p2a: Scizor|Scizor, M|77\/100\n|-damage|p2a: Scizor|52\/100|[from] Spikes\n|move|p1a: Clefable|Moonblast|p2a: Scizor\n|-resisted|p2a: Scizor\n|-damage|p2a: Scizor|30\/100\n|-unboost|p2a: Scizor|spa|1\n|\n|-heal|p1a: Clefable|77\/100|[from] item: Leftovers\n|upkeep\n|turn|28\n|\n|t:|1701147050\n|move|p1a: Clefable|Protect|p1a: Clefable\n|-singleturn|p1a: Clefable|Protect\n|move|p2a: Scizor|Bullet Punch|p1a: Clefable\n|-activate|p1a: Clefable|move: Protect\n|\n|-heal|p1a: Clefable|83\/100|[from] item: Leftovers\n|upkeep\n|turn|29\n|\n|t:|1701147056\n|switch|p2a: Samurott|Samurott-Hisui, F|83\/100\n|-damage|p2a: Samurott|58\/100|[from] Spikes\n|switch|p1a: Skeledirge|Skeledirge, M|100\/100\n|\n|upkeep\n|turn|30\n|\n|t:|1701147063\n|switch|p1a: Clefable|Clefable, F|83\/100\n|move|p2a: Samurott|Aqua Cutter|p1a: Clefable\n|-damage|p1a: Clefable|52\/100\n|\n|-heal|p1a: Clefable|58\/100|[from] item: Leftovers\n|upkeep\n|turn|31\n|\n|t:|1701147067\n|move|p2a: Samurott|Aqua Cutter|p1a: Clefable\n|-damage|p1a: Clefable|31\/100\n|move|p1a: Clefable|Wish|p1a: Clefable\n|\n|-heal|p1a: Clefable|37\/100|[from] item: Leftovers\n|upkeep\n|turn|32\n|\n|t:|1701147079\n|switch|p2a: Scizor|Scizor, M|30\/100\n|-damage|p2a: Scizor|5\/100|[from] Spikes\n|move|p1a: Clefable|Protect||[still]\n|-fail|p1a: Clefable\n|\n|-heal|p1a: Clefable|87\/100|[from] move: Wish|[wisher] Clefable\n|-heal|p1a: Clefable|93\/100|[from] item: Leftovers\n|upkeep\n|turn|33\n|\n|t:|1701147094\n|move|p1a: Clefable|Protect|p1a: Clefable\n|-singleturn|p1a: Clefable|Protect\n|move|p2a: Scizor|Knock Off|p1a: Clefable\n|-activate|p1a: Clefable|move: Protect\n|\n|-heal|p1a: Clefable|99\/100|[from] item: Leftovers\n|upkeep\n|turn|34\n|\n|t:|1701147100\n|switch|p1a: Mandibuzz|Mandibuzz, F|91\/100\n|move|p2a: Scizor|Knock Off|p1a: Mandibuzz\n|-resisted|p1a: Mandibuzz\n|-damage|p1a: Mandibuzz|75\/100\n|-enditem|p1a: Mandibuzz|Heavy-Duty Boots|[from] move: Knock Off|[of] p2a: Scizor\n|\n|upkeep\n|turn|35\n|\n|t:|1701147107\n|switch|p2a: Samurott|Samurott-Hisui, F|58\/100\n|-damage|p2a: Samurott|33\/100|[from] Spikes\n|move|p1a: Mandibuzz|Roost|p1a: Mandibuzz\n|-heal|p1a: Mandibuzz|100\/100\n|-singleturn|p1a: Mandibuzz|move: Roost\n|\n|upkeep\n|turn|36\n|\n|t:|1701147113\n|move|p2a: Samurott|Copycat|p2a: Samurott\n|move|p2a: Samurott|Roost|p2a: Samurott|[from]move: Copycat\n|-heal|p2a: Samurott|83\/100\n|-singleturn|p2a: Samurott|move: Roost\n|move|p1a: Mandibuzz|Foul Play|p2a: Samurott\n|-resisted|p2a: Samurott\n|-damage|p2a: Samurott|64\/100\n|\n|upkeep\n|turn|37\n|\n|t:|1701147122\n|switch|p2a: Iron Valiant|Iron Valiant|77\/100\n|-damage|p2a: Iron Valiant|52\/100|[from] Spikes\n|move|p1a: Mandibuzz|Knock Off|p2a: Iron Valiant\n|-resisted|p2a: Iron Valiant\n|-damage|p2a: Iron Valiant|46\/100\n|-enditem|p2a: Iron Valiant|Leftovers|[from] move: Knock Off|[of] p1a: Mandibuzz\n|\n|upkeep\n|turn|38\n|\n|t:|1701147140\n|switch|p1a: Clefable|Clefable, F|99\/100\n|move|p2a: Iron Valiant|Moonblast|p1a: Clefable\n|-damage|p1a: Clefable|62\/100\n|\n|-heal|p1a: Clefable|68\/100|[from] item: Leftovers\n|upkeep\n|turn|39\n|\n|t:|1701147152\n|move|p2a: Iron Valiant|Moonblast|p1a: Clefable\n|-damage|p1a: Clefable|29\/100\n|-unboost|p1a: Clefable|spa|1\n|move|p1a: Clefable|Wish|p1a: Clefable\n|\n|-heal|p1a: Clefable|35\/100|[from] item: Leftovers\n|upkeep\n|turn|40\n|\n|t:|1701147161\n|move|p1a: Clefable|Protect|p1a: Clefable\n|-singleturn|p1a: Clefable|Protect\n|move|p2a: Iron Valiant|Calm Mind|p2a: Iron Valiant\n|-boost|p2a: Iron Valiant|spa|1\n|-boost|p2a: Iron Valiant|spd|1\n|\n|-heal|p1a: Clefable|85\/100|[from] move: Wish|[wisher] Clefable\n|-heal|p1a: Clefable|91\/100|[from] item: Leftovers\n|upkeep\n|turn|41\n|\n|t:|1701147168\n|move|p2a: Iron Valiant|Calm Mind|p2a: Iron Valiant\n|-boost|p2a: Iron Valiant|spa|1\n|-boost|p2a: Iron Valiant|spd|1\n|move|p1a: Clefable|Moonblast|p2a: Iron Valiant\n|-supereffective|p2a: Iron Valiant\n|-damage|p2a: Iron Valiant|15\/100\n|-unboost|p2a: Iron Valiant|spa|1\n|\n|-heal|p1a: Clefable|97\/100|[from] item: Leftovers\n|upkeep\n|turn|42\n|\n|t:|1701147172\n|move|p2a: Iron Valiant|Rest|p2a: Iron Valiant\n|-status|p2a: Iron Valiant|slp|[from] move: Rest\n|-heal|p2a: Iron Valiant|100\/100 slp|[silent]\n|move|p1a: Clefable|Moonblast|p2a: Iron Valiant\n|-supereffective|p2a: Iron Valiant\n|-damage|p2a: Iron Valiant|73\/100 slp\n|\n|-heal|p1a: Clefable|100\/100|[from] item: Leftovers\n|upkeep\n|turn|43\n|\n|t:|1701147176\n|switch|p1a: Skeledirge|Skeledirge, M|100\/100\n|cant|p2a: Iron Valiant|slp\n|move|p2a: Iron Valiant|Sleep Talk|p2a: Iron Valiant\n|move|p2a: Iron Valiant|Moonblast|p1a: Skeledirge|[from]move: Sleep Talk\n|-resisted|p1a: Skeledirge\n|-damage|p1a: Skeledirge|87\/100\n|\n|upkeep\n|turn|44\n|\n|t:|1701147187\n|-end|p2a: Iron Valiant|Quark Drive|[silent]\n|switch|p2a: Dragonite|Dragonite, M|100\/100\n|move|p1a: Skeledirge|Torch Song|p2a: Dragonite\n|-resisted|p2a: Dragonite\n|-damage|p2a: Dragonite|93\/100\n|-boost|p1a: Skeledirge|spa|1\n|\n|upkeep\n|turn|45\n|\n|t:|1701147191\n|switch|p1a: Mandibuzz|Mandibuzz, F|100\/100\n|move|p2a: Dragonite|Earthquake|p1a: Mandibuzz\n|-immune|p1a: Mandibuzz\n|\n|upkeep\n|turn|46\n|\n|t:|1701147197\n|switch|p2a: Iron Valiant|Iron Valiant|73\/100 slp\n|-damage|p2a: Iron Valiant|48\/100 slp|[from] Spikes\n|move|p1a: Mandibuzz|Foul Play|p2a: Iron Valiant\n|-resisted|p2a: Iron Valiant\n|-damage|p2a: Iron Valiant|40\/100 slp\n|\n|upkeep\n|turn|47\n|\n|t:|1701147201\n|switch|p1a: Skeledirge|Skeledirge, M|87\/100\n|cant|p2a: Iron Valiant|slp\n|move|p2a: Iron Valiant|Sleep Talk|p2a: Iron Valiant\n|move|p2a: Iron Valiant|Moonblast|p1a: Skeledirge|[from]move: Sleep Talk\n|-resisted|p1a: Skeledirge\n|-damage|p1a: Skeledirge|73\/100\n|\n|upkeep\n|turn|48\n|\n|t:|1701147218\n|-end|p2a: Iron Valiant|Quark Drive|[silent]\n|switch|p2a: Dragonite|Dragonite, M|93\/100\n|move|p1a: Skeledirge|Will-O-Wisp|p2a: Dragonite\n|-status|p2a: Dragonite|brn\n|\n|-damage|p2a: Dragonite|87\/100 brn|[from] brn\n|upkeep\n|turn|49\n|\n|t:|1701147223\n|switch|p2a: Samurott|Samurott-Hisui, F|64\/100\n|-damage|p2a: Samurott|39\/100|[from] Spikes\n|move|p1a: Skeledirge|Slack Off|p1a: Skeledirge\n|-heal|p1a: Skeledirge|100\/100\n|\n|upkeep\n|turn|50\n|\n|t:|1701147227\n|switch|p1a: Clefable|Clefable, F|100\/100\n|move|p2a: Samurott|Copycat|p2a: Samurott\n|move|p2a: Samurott|Slack Off|p2a: Samurott|[from]move: Copycat\n|-heal|p2a: Samurott|89\/100\n|\n|upkeep\n|turn|51\n|\n|t:|1701147232\n|switch|p2a: Scizor|Scizor, M|5\/100\n|-damage|p2a: Scizor|0 fnt|[from] Spikes\n|faint|p2a: Scizor\n|move|p1a: Clefable|Moonblast|p2: Scizor|[notarget]\n|-fail|p1a: Clefable\n|\n|upkeep\n|\n|t:|1701147236\n|switch|p2a: Iron Valiant|Iron Valiant|40\/100 slp\n|-damage|p2a: Iron Valiant|15\/100 slp|[from] Spikes\n|turn|52\n|\n|t:|1701147238\n|-curestatus|p2a: Iron Valiant|slp|[msg]\n|move|p2a: Iron Valiant|Moonblast|p1a: Clefable\n|-damage|p1a: Clefable|63\/100\n|-unboost|p1a: Clefable|spa|1\n|move|p1a: Clefable|Moonblast|p2a: Iron Valiant\n|-supereffective|p2a: Iron Valiant\n|-damage|p2a: Iron Valiant|0 fnt\n|faint|p2a: Iron Valiant\n|-end|p2a: Iron Valiant|Quark Drive|[silent]\n|\n|-heal|p1a: Clefable|69\/100|[from] item: Leftovers\n|upkeep\n|\n|t:|1701147240\n|switch|p2a: Samurott|Samurott-Hisui, F|89\/100\n|-damage|p2a: Samurott|64\/100|[from] Spikes\n|turn|53\n|\n|t:|1701147243\n|-terastallize|p2a: Samurott|Water\n|move|p1a: Clefable|Protect|p1a: Clefable\n|-singleturn|p1a: Clefable|Protect\n|move|p2a: Samurott|Aqua Cutter|p1a: Clefable\n|-activate|p1a: Clefable|move: Protect\n|\n|-heal|p1a: Clefable|75\/100|[from] item: Leftovers\n|upkeep\n|turn|54\n|\n|t:|1701147249\n|move|p2a: Samurott|Aqua Cutter|p1a: Clefable\n|-damage|p1a: Clefable|39\/100\n|move|p1a: Clefable|Wish|p1a: Clefable\n|\n|-heal|p1a: Clefable|45\/100|[from] item: Leftovers\n|upkeep\n|turn|55\n|-message|three turns later forfeited.\n|\n|win|Quamnckkk\n|raw|Quamnckkk's rating: 1784 &rarr; <strong>1804<\/strong><br \/>(+20 for winning)\n|raw|three turns later's rating: 1783 &rarr; <strong>1763<\/strong><br \/>(-20 for losing)\n|l|\u2606three turns later\n","uploadtime":1701147287,"views":4,"p1id":"quamnckkk","p2id":"threeturnslater","formatid":"gen9ou","rating":1763,"private":0,"password":""}