{"id":"gen9ou-1994886969","p1":"xcxcxxcxc","p2":"Cyny","format":"[Gen 9] OU","log":"|j|\u2606xcxcxxcxc\n|j|\u2606Cyny\n|t:|1700501786\n|gametype|singles\n|player|p1|xcxcxxcxc|lucas|1625\n|player|p2|Cyny|n-masters|1640\n|teamsize|p1|6\n|teamsize|p2|6\n|gen|9\n|tier|[Gen 9] OU\n|rated|\n|rule|Sleep Clause Mod: Limit one foe put to sleep\n|rule|Species Clause: Limit one of each Pok\u00e9mon\n|rule|OHKO Clause: OHKO moves are banned\n|rule|Evasion Items Clause: Evasion items are banned\n|rule|Evasion Moves Clause: Evasion moves are banned\n|rule|Endless Battle Clause: Forcing endless battles is banned\n|rule|HP Percentage Mod: HP is shown in percentages\n|clearpoke\n|poke|p1|Ninetales-Alola, F|\n|poke|p1|Cetitan, F|\n|poke|p1|Enamorus, F|\n|poke|p1|Corviknight, F|\n|poke|p1|Articuno-Galar|\n|poke|p1|Slowking, M|\n|poke|p2|Ogerpon-Wellspring, F|\n|poke|p2|Kingambit, F|\n|poke|p2|Glimmora, F|\n|poke|p2|Iron Valiant|\n|poke|p2|Iron Moth|\n|poke|p2|Zapdos|\n|teampreview\n|\n|t:|1700501798\n|start\n|switch|p1a: Slowking|Slowking, M|100\/100\n|switch|p2a: Kingambit|Kingambit, F|100\/100\n|turn|1\n|\n|t:|1700501805\n|switch|p1a: Corviknight|Corviknight, F, shiny|100\/100\n|move|p2a: Kingambit|Swords Dance|p2a: Kingambit\n|-boost|p2a: Kingambit|atk|2\n|\n|upkeep\n|turn|2\n|\n|t:|1700501811\n|move|p2a: Kingambit|Sucker Punch||[still]\n|-fail|p2a: Kingambit\n|move|p1a: Corviknight|Bulk Up|p1a: Corviknight\n|-boost|p1a: Corviknight|atk|1\n|-boost|p1a: Corviknight|def|1\n|\n|upkeep\n|turn|3\n|\n|t:|1700501813\n|-end|p2a: Kingambit|fallenundefined|[silent]\n|switch|p2a: Iron Moth|Iron Moth|100\/100\n|-enditem|p2a: Iron Moth|Booster Energy\n|-activate|p2a: Iron Moth|ability: Quark Drive|[fromitem]\n|-start|p2a: Iron Moth|quarkdrivespe\n|move|p1a: Corviknight|Body Press|p2a: Iron Moth\n|-resisted|p2a: Iron Moth\n|-damage|p2a: Iron Moth|75\/100\n|\n|upkeep\n|turn|4\n|\n|t:|1700501815\n|switch|p1a: Slowking|Slowking, M|100\/100\n|move|p2a: Iron Moth|Fiery Dance|p1a: Slowking\n|-resisted|p1a: Slowking\n|-damage|p1a: Slowking|88\/100\n|\n|upkeep\n|turn|5\n|\n|t:|1700501817\n|-end|p2a: Iron Moth|Quark Drive|[silent]\n|switch|p2a: Zapdos|Zapdos|100\/100\n|move|p1a: Slowking|Future Sight|p2a: Zapdos\n|-start|p1a: Slowking|move: Future Sight\n|\n|upkeep\n|turn|6\n|\n|t:|1700501820\n|move|p2a: Zapdos|Discharge|p1a: Slowking\n|-supereffective|p1a: Slowking\n|-damage|p1a: Slowking|48\/100\n|move|p1a: Slowking|Chilly Reception|p1a: Slowking\n|-weather|Snow\n|\n|t:|1700501825\n|switch|p1a: Ninetales|Ninetales-Alola, F|100\/100|[from] Chilly Reception\n|\n|-weather|Snow|[upkeep]\n|upkeep\n|turn|7\n|\n|t:|1700501828\n|switch|p2a: Iron Moth|Iron Moth|75\/100\n|move|p1a: Ninetales|Aurora Veil|p1a: Ninetales\n|-sidestart|p1: xcxcxxcxc|move: Aurora Veil\n|\n|-weather|Snow|[upkeep]\n|-end|p2a: Iron Moth|move: Future Sight\n|-supereffective|p2a: Iron Moth\n|-crit|p2a: Iron Moth\n|-damage|p2a: Iron Moth|0 fnt\n|faint|p2a: Iron Moth\n|-end|p2a: Iron Moth|Quark Drive|[silent]\n|upkeep\n|\n|t:|1700501830\n|switch|p2a: Glimmora|Glimmora, F|100\/100\n|turn|8\n|\n|t:|1700501832\n|switch|p1a: Slowking|Slowking, M|81\/100\n|move|p2a: Glimmora|Toxic|p1a: Slowking\n|-status|p1a: Slowking|tox\n|\n|-weather|Snow|[upkeep]\n|-damage|p1a: Slowking|75\/100 tox|[from] psn\n|upkeep\n|turn|9\n|\n|t:|1700501835\n|switch|p2a: Kingambit|Kingambit, F|100\/100\n|-activate|p2a: Kingambit|ability: Supreme Overlord\n|-start|p2a: Kingambit|fallen1|[silent]\n|move|p1a: Slowking|Future Sight|p2a: Kingambit\n|-start|p1a: Slowking|move: Future Sight\n|\n|-weather|Snow|[upkeep]\n|-damage|p1a: Slowking|63\/100 tox|[from] psn\n|upkeep\n|turn|10\n|\n|t:|1700501841\n|-end|p2a: Kingambit|fallen1|[silent]\n|switch|p2a: Zapdos|Zapdos|100\/100\n|switch|p1a: Cetitan|Cetitan, F|100\/100\n|\n|-weather|none\n|upkeep\n|turn|11\n|\n|t:|1700501849\n|move|p2a: Zapdos|Volt Switch|p1a: Cetitan\n|-damage|p1a: Cetitan|86\/100\n|\n|t:|1700501851\n|switch|p2a: Glimmora|Glimmora, F|100\/100|[from] Volt Switch\n|move|p1a: Cetitan|Belly Drum|p1a: Cetitan\n|-damage|p1a: Cetitan|36\/100\n|-setboost|p1a: Cetitan|atk|6|[from] move: Belly Drum\n|-enditem|p1a: Cetitan|Sitrus Berry|[eat]\n|-heal|p1a: Cetitan|61\/100|[from] item: Sitrus Berry\n|\n|-end|p2a: Glimmora|move: Future Sight\n|-supereffective|p2a: Glimmora\n|-damage|p2a: Glimmora|3\/100\n|upkeep\n|turn|12\n|\n|t:|1700501856\n|move|p1a: Cetitan|Ice Shard|p2a: Glimmora\n|-damage|p2a: Glimmora|0 fnt\n|faint|p2a: Glimmora\n|\n|upkeep\n|\n|t:|1700501860\n|switch|p2a: Kingambit|Kingambit, F|100\/100\n|-activate|p2a: Kingambit|ability: Supreme Overlord\n|-start|p2a: Kingambit|fallen2|[silent]\n|turn|13\n|\n|t:|1700501868\n|-terastallize|p2a: Kingambit|Flying\n|move|p1a: Cetitan|Earthquake|p2a: Kingambit\n|-immune|p2a: Kingambit\n|move|p2a: Kingambit|Iron Head|p1a: Cetitan\n|-supereffective|p1a: Cetitan\n|-damage|p1a: Cetitan|5\/100\n|\n|upkeep\n|turn|14\n|\n|t:|1700501874\n|move|p1a: Cetitan|Ice Shard|p2a: Kingambit\n|-supereffective|p2a: Kingambit\n|-damage|p2a: Kingambit|0 fnt\n|faint|p2a: Kingambit\n|-end|p2a: Kingambit|fallen2|[silent]\n|\n|-sideend|p1: xcxcxxcxc|move: Aurora Veil\n|upkeep\n|\n|t:|1700501881\n|switch|p2a: Iron Valiant|Iron Valiant|100\/100\n|turn|15\n|\n|t:|1700501886\n|move|p1a: Cetitan|Ice Shard|p2a: Iron Valiant\n|-damage|p2a: Iron Valiant|0 fnt\n|faint|p2a: Iron Valiant\n|-end|p2a: Iron Valiant|Quark Drive|[silent]\n|\n|upkeep\n|-message|Cyny forfeited.\n|\n|win|xcxcxxcxc\n|raw|xcxcxxcxc's rating: 1625 &rarr; <strong>1646<\/strong><br \/>(+21 for winning)\n|raw|Cyny's rating: 1640 &rarr; <strong>1619<\/strong><br \/>(-21 for losing)\n|l|\u2606Cyny\n|c|\u2606xcxcxxcxc|gg\n","uploadtime":1700501897,"views":7,"p1id":"xcxcxxcxc","p2id":"cyny","formatid":"gen9ou","rating":1619,"private":0,"password":""}