{"id":"gen9ou-1990368318","p1":"VectorAMV","p2":"Ritika3757","format":"[Gen 9] OU","log":"|j|\u2606VectorAMV\n|j|\u2606Ritika3757\n|t:|1699963107\n|gametype|singles\n|player|p1|VectorAMV|nate|1070\n|player|p2|Ritika3757|lady|1000\n|teamsize|p1|6\n|teamsize|p2|6\n|gen|9\n|tier|[Gen 9] OU\n|rated|\n|rule|Sleep Clause Mod: Limit one foe put to sleep\n|rule|Species Clause: Limit one of each Pok\u00e9mon\n|rule|OHKO Clause: OHKO moves are banned\n|rule|Evasion Items Clause: Evasion items are banned\n|rule|Evasion Moves Clause: Evasion moves are banned\n|rule|Endless Battle Clause: Forcing endless battles is banned\n|rule|HP Percentage Mod: HP is shown in percentages\n|clearpoke\n|poke|p1|Tinkatuff, F|\n|poke|p1|Ceruledge, M|\n|poke|p1|Great Tusk|\n|poke|p1|Glimmora, F|\n|poke|p1|Greninja-*, M|\n|poke|p1|Rillaboom, M|\n|poke|p2|Heatran, M|\n|poke|p2|Gholdengo|\n|poke|p2|Toxapex, F|\n|poke|p2|Mew|\n|poke|p2|Charizard, F|\n|poke|p2|Blissey, F|\n|teampreview\n|inactive|Battle timer is ON: inactive players will automatically lose when time's up. (requested by VectorAMV)\n|\n|t:|1699963129\n|start\n|switch|p1a: Gloria|Glimmora, F|100\/100\n|switch|p2a: Blissey|Blissey, F|100\/100\n|turn|1\n|\n|t:|1699963138\n|move|p1a: Gloria|Mortal Spin|p2a: Blissey\n|-damage|p2a: Blissey|91\/100\n|-status|p2a: Blissey|psn\n|move|p2a: Blissey|Tera Blast|p1a: Gloria\n|-resisted|p1a: Gloria\n|-damage|p1a: Gloria|85\/100\n|\n|-damage|p2a: Blissey|78\/100 psn|[from] psn\n|upkeep\n|turn|2\n|\n|t:|1699963149\n|move|p1a: Gloria|Stealth Rock|p2a: Blissey\n|-sidestart|p2: Ritika3757|move: Stealth Rock\n|move|p2a: Blissey|Body Slam|p1a: Gloria\n|-resisted|p1a: Gloria\n|-damage|p1a: Gloria|80\/100\n|-activate|p1a: Gloria|ability: Toxic Debris\n|-sidestart|p2: Ritika3757|move: Toxic Spikes\n|\n|-damage|p2a: Blissey|66\/100 psn|[from] psn\n|upkeep\n|turn|3\n|\n|t:|1699963160\n|move|p2a: Blissey|Protect|p2a: Blissey\n|-singleturn|p2a: Blissey|Protect\n|move|p1a: Gloria|Spikes|p2a: Blissey\n|-sidestart|p2: Ritika3757|Spikes\n|\n|-damage|p2a: Blissey|53\/100 psn|[from] psn\n|upkeep\n|turn|4\n|\n|t:|1699963170\n|move|p1a: Gloria|Spikes|p2a: Blissey\n|-sidestart|p2: Ritika3757|Spikes\n|move|p2a: Blissey|Facade|p1a: Gloria\n|-resisted|p1a: Gloria\n|-damage|p1a: Gloria|69\/100\n|-activate|p1a: Gloria|ability: Toxic Debris\n|-sidestart|p2: Ritika3757|move: Toxic Spikes\n|\n|-damage|p2a: Blissey|41\/100 psn|[from] psn\n|upkeep\n|turn|5\n|\n|t:|1699963184\n|-terastallize|p2a: Blissey|Normal\n|move|p1a: Gloria|Spikes|p2a: Blissey\n|-sidestart|p2: Ritika3757|Spikes\n|move|p2a: Blissey|Facade|p1a: Gloria\n|-resisted|p1a: Gloria\n|-damage|p1a: Gloria|56\/100\n|\n|-damage|p2a: Blissey|28\/100 psn|[from] psn\n|upkeep\n|turn|6\n|\n|t:|1699963196\n|move|p1a: Gloria|Explosion|p2a: Blissey\n|-damage|p2a: Blissey|0 fnt\n|faint|p1a: Gloria\n|faint|p2a: Blissey\n|\n|upkeep\n|\n|t:|1699963219\n|switch|p1a: Gerry|Great Tusk|100\/100\n|switch|p2a: Gholdengo|Gholdengo|100\/100\n|-damage|p2a: Gholdengo|94\/100|[from] Stealth Rock\n|-damage|p2a: Gholdengo|69\/100|[from] Spikes\n|turn|7\n|\n|t:|1699963239\n|move|p1a: Gerry|Knock Off|p2a: Gholdengo\n|-supereffective|p2a: Gholdengo\n|-damage|p2a: Gholdengo|15\/100\n|-enditem|p2a: Gholdengo|Aguav Berry|[from] move: Knock Off|[of] p1a: Gerry\n|move|p2a: Gholdengo|Make It Rain|p1a: Gerry\n|-damage|p1a: Gerry|16\/100\n|-unboost|p2a: Gholdengo|spa|1\n|\n|upkeep\n|turn|8\n|\n|t:|1699963253\n|move|p1a: Gerry|Knock Off|p2a: Gholdengo\n|-supereffective|p2a: Gholdengo\n|-crit|p2a: Gholdengo\n|-damage|p2a: Gholdengo|0 fnt\n|faint|p2a: Gholdengo\n|\n|upkeep\n|\n|t:|1699963260\n|switch|p2a: Mew|Mew|100\/100\n|-damage|p2a: Mew|88\/100|[from] Stealth Rock\n|-status|p2a: Mew|tox\n|-damage|p2a: Mew|63\/100 tox|[from] Spikes\n|turn|9\n|\n|t:|1699963270\n|move|p2a: Mew|Draco Meteor|p1a: Gerry\n|-damage|p1a: Gerry|0 fnt\n|-unboost|p2a: Mew|spa|2\n|faint|p1a: Gerry\n|-end|p1a: Gerry|Protosynthesis|[silent]\n|\n|-damage|p2a: Mew|57\/100 tox|[from] psn\n|upkeep\n|\n|t:|1699963276\n|switch|p1a: Gen|Greninja, M|100\/100\n|turn|10\n|\n|t:|1699963285\n|move|p1a: Gen|Dark Pulse|p2a: Mew\n|-supereffective|p2a: Mew\n|-damage|p2a: Mew|0 fnt\n|faint|p2a: Mew\n|-ability|p1a: Gen|Battle Bond|boost\n|-boost|p1a: Gen|atk|1\n|-boost|p1a: Gen|spa|1\n|-boost|p1a: Gen|spe|1\n|-activate|p1a: Gen|ability: Battle Bond\n|-damage|p1a: Gen|91\/100|[from] item: Life Orb\n|\n|upkeep\n|\n|t:|1699963296\n|switch|p2a: Toxapex|Toxapex, F|100\/100\n|-damage|p2a: Toxapex|88\/100|[from] Stealth Rock\n|-sideend|p2: Ritika3757|move: Toxic Spikes|[of] p2a: Toxapex\n|-damage|p2a: Toxapex|64\/100|[from] Spikes\n|turn|11\n|\n|t:|1699963305\n|-terastallize|p1a: Gen|Ground\n|move|p1a: Gen|Tera Blast|p2a: Toxapex|[anim] Tera Blast Ground\n|-supereffective|p2a: Toxapex\n|-damage|p2a: Toxapex|0 fnt\n|faint|p2a: Toxapex\n|-damage|p1a: Gen|81\/100|[from] item: Life Orb\n|\n|upkeep\n|\n|t:|1699963313\n|switch|p2a: Charizard|Charizard, F|100\/100\n|-damage|p2a: Charizard|51\/100|[from] Stealth Rock\n|turn|12\n|\n|t:|1699963323\n|move|p1a: Gen|Hydro Pump|p2a: Charizard\n|-supereffective|p2a: Charizard\n|-damage|p2a: Charizard|0 fnt\n|faint|p2a: Charizard\n|-damage|p1a: Gen|71\/100|[from] item: Life Orb\n|\n|upkeep\n|\n|t:|1699963332\n|switch|p2a: Heatran|Heatran, M|100\/100\n|-damage|p2a: Heatran|88\/100|[from] Stealth Rock\n|-damage|p2a: Heatran|63\/100|[from] Spikes\n|turn|13\n|\n|t:|1699963340\n|move|p1a: Gen|Tera Blast|p2a: Heatran|[anim] Tera Blast Ground\n|-supereffective|p2a: Heatran\n|-damage|p2a: Heatran|0 fnt\n|faint|p2a: Heatran\n|-damage|p1a: Gen|61\/100|[from] item: Life Orb\n|\n|win|VectorAMV\n|raw|VectorAMV's rating: 1070 &rarr; <strong>1094<\/strong><br \/>(+24 for winning)\n|raw|Ritika3757's rating: 1000 &rarr; <strong>1000<\/strong><br \/>(+0 for losing)\n|c|\u2606VectorAMV|gg???\n","uploadtime":1699963360,"views":8,"p1id":"vectoramv","p2id":"ritika3757","formatid":"gen9ou","rating":1000,"private":0,"password":""}