{"id":"gen9ou-1993459570","p1":"reisongoh","p2":"PeterGriffinOnline","format":"[Gen 9] OU","log":"|j|\u2606reisongoh\n|j|\u2606PeterGriffinOnline\n|t:|1700320533\n|gametype|singles\n|player|p1|reisongoh|102|1231\n|player|p2|PeterGriffinOnline|crasherwake|1285\n|teamsize|p1|6\n|teamsize|p2|6\n|gen|9\n|tier|[Gen 9] OU\n|rated|\n|rule|Sleep Clause Mod: Limit one foe put to sleep\n|rule|Species Clause: Limit one of each Pok\u00e9mon\n|rule|OHKO Clause: OHKO moves are banned\n|rule|Evasion Items Clause: Evasion items are banned\n|rule|Evasion Moves Clause: Evasion moves are banned\n|rule|Endless Battle Clause: Forcing endless battles is banned\n|rule|HP Percentage Mod: HP is shown in percentages\n|clearpoke\n|poke|p1|Okidogi, M|\n|poke|p1|Landorus-Therian, M|\n|poke|p1|Zapdos|\n|poke|p1|Gholdengo|\n|poke|p1|Weezing-Galar, M|\n|poke|p1|Dragapult, M|\n|poke|p2|Rillaboom, M|\n|poke|p2|Greninja-*, M|\n|poke|p2|Sneasler, M|\n|poke|p2|Slowking-Galar, F|\n|poke|p2|Zapdos|\n|poke|p2|Great Tusk|\n|teampreview\n|\n|t:|1700320545\n|start\n|switch|p1a: Okidogi|Okidogi, M|100\/100\n|switch|p2a: Greninja|Greninja, M|100\/100\n|turn|1\n|\n|t:|1700320553\n|switch|p2a: Zapdos|Zapdos|100\/100\n|move|p1a: Okidogi|Bulk Up|p1a: Okidogi\n|-boost|p1a: Okidogi|atk|1\n|-boost|p1a: Okidogi|def|1\n|\n|upkeep\n|turn|2\n|\n|t:|1700320562\n|move|p2a: Zapdos|Hurricane|p1a: Okidogi\n|-supereffective|p1a: Okidogi\n|-damage|p1a: Okidogi|0 fnt\n|faint|p1a: Okidogi\n|\n|upkeep\n|\n|t:|1700320567\n|switch|p1a: Zapdos|Zapdos|100\/100\n|turn|3\n|\n|t:|1700320570\n|switch|p2a: Slowking|Slowking-Galar, F|100\/100\n|move|p1a: Zapdos|Volt Switch|p2a: Slowking\n|-damage|p2a: Slowking|85\/100\n|\n|t:|1700320575\n|switch|p1a: Gholdengo|Gholdengo|100\/100|[from] Volt Switch\n|\n|upkeep\n|turn|4\n|\n|t:|1700320582\n|move|p1a: Gholdengo|Focus Blast|p2a: Slowking\n|-resisted|p2a: Slowking\n|-damage|p2a: Slowking|80\/100\n|move|p2a: Slowking|Flamethrower|p1a: Gholdengo\n|-supereffective|p1a: Gholdengo\n|-damage|p1a: Gholdengo|32\/100\n|\n|upkeep\n|turn|5\n|\n|t:|1700320588\n|switch|p1a: Dragapult|Dragapult, M|100\/100\n|move|p2a: Slowking|Future Sight|p1a: Dragapult\n|-start|p2a: Slowking|move: Future Sight\n|\n|upkeep\n|turn|6\n|\n|t:|1700320591\n|move|p1a: Dragapult|Shadow Ball|p2a: Slowking\n|-supereffective|p2a: Slowking\n|-damage|p2a: Slowking|28\/100\n|-unboost|p2a: Slowking|spd|1\n|move|p2a: Slowking|Sludge Bomb|p1a: Dragapult\n|-resisted|p1a: Dragapult\n|-damage|p1a: Dragapult|73\/100\n|-status|p1a: Dragapult|psn\n|\n|-damage|p1a: Dragapult|61\/100 psn|[from] psn\n|upkeep\n|turn|7\n|\n|t:|1700320596\n|switch|p2a: Greninja|Greninja, M|100\/100\n|move|p1a: Dragapult|Shadow Ball|p2a: Greninja\n|-resisted|p2a: Greninja\n|-damage|p2a: Greninja|60\/100\n|\n|-end|p1a: Dragapult|move: Future Sight\n|-damage|p1a: Dragapult|0 fnt\n|faint|p1a: Dragapult\n|upkeep\n|-message|reisongoh forfeited.\n|\n|win|PeterGriffinOnline\n|raw|reisongoh's rating: 1231 &rarr; <strong>1210<\/strong><br \/>(-21 for losing)\n|raw|PeterGriffinOnline's rating: 1285 &rarr; <strong>1306<\/strong><br \/>(+21 for winning)\n|l|\u2606reisongoh\n","uploadtime":1700320605,"views":9,"p1id":"reisongoh","p2id":"petergriffinonline","formatid":"gen9ou","rating":1210,"private":0,"password":""}