{"id":"gen9ou-1991084491","p1":"stargirlkirin","p2":"ALEX QSZE","format":"[Gen 9] OU","log":"|j|\u2606stargirlkirin\n|j|\u2606ALEX QSZE\n|t:|1700040388\n|gametype|singles\n|player|p1|stargirlkirin|hexmaniac-gen6|1125\n|player|p2|ALEX QSZE|170|1051\n|teamsize|p1|6\n|teamsize|p2|6\n|gen|9\n|tier|[Gen 9] OU\n|rated|\n|rule|Sleep Clause Mod: Limit one foe put to sleep\n|rule|Species Clause: Limit one of each Pok\u00e9mon\n|rule|OHKO Clause: OHKO moves are banned\n|rule|Evasion Items Clause: Evasion items are banned\n|rule|Evasion Moves Clause: Evasion moves are banned\n|rule|Endless Battle Clause: Forcing endless battles is banned\n|rule|HP Percentage Mod: HP is shown in percentages\n|clearpoke\n|poke|p1|Rillaboom, M|\n|poke|p1|Manaphy|\n|poke|p1|Sneasler, F|\n|poke|p1|Ogerpon-Cornerstone, F|\n|poke|p1|Iron Valiant|\n|poke|p1|Hatterene, F|\n|poke|p2|Dragapult, F|\n|poke|p2|Kingambit, F|\n|poke|p2|Rillaboom, M|\n|poke|p2|Hatterene, F|\n|poke|p2|Heatran, M|\n|poke|p2|Sneasler, M|\n|teampreview\n|inactive|Battle timer is ON: inactive players will automatically lose when time's up. (requested by stargirlkirin)\n|\n|t:|1700040395\n|start\n|switch|p1a: Coco|Rillaboom, M|100\/100\n|switch|p2a: Hatterene|Hatterene, F|100\/100\n|-fieldstart|move: Grassy Terrain|[from] ability: Grassy Surge|[of] p1a: Coco\n|turn|1\n|\n|t:|1700040401\n|move|p1a: Coco|U-turn|p2a: Hatterene\n|-damage|p2a: Hatterene|73\/100\n|\n|t:|1700040409\n|switch|p1a: Amelie|Hatterene, F, shiny|100\/100|[from] U-turn\n|-enditem|p1a: Amelie|Grassy Seed\n|-boost|p1a: Amelie|def|1|[from] item: Grassy Seed\n|move|p2a: Hatterene|Nuzzle|p1a: Amelie\n|-damage|p1a: Amelie|98\/100\n|-status|p1a: Amelie|par\n|\n|-heal|p2a: Hatterene|79\/100|[from] Grassy Terrain\n|-heal|p1a: Amelie|100\/100 par|[from] Grassy Terrain\n|upkeep\n|turn|2\n|\n|t:|1700040416\n|move|p2a: Hatterene|Calm Mind|p2a: Hatterene\n|-boost|p2a: Hatterene|spa|1\n|-boost|p2a: Hatterene|spd|1\n|move|p1a: Amelie|Calm Mind|p1a: Amelie\n|-boost|p1a: Amelie|spa|1\n|-boost|p1a: Amelie|spd|1\n|\n|-heal|p2a: Hatterene|85\/100|[from] Grassy Terrain\n|upkeep\n|turn|3\n|\n|t:|1700040422\n|move|p2a: Hatterene|Shadow Ball|p1a: Amelie\n|-supereffective|p1a: Amelie\n|-damage|p1a: Amelie|34\/100 par\n|move|p1a: Amelie|Calm Mind|p1a: Amelie\n|-boost|p1a: Amelie|spa|1\n|-boost|p1a: Amelie|spd|1\n|\n|-heal|p2a: Hatterene|91\/100|[from] Grassy Terrain\n|-heal|p1a: Amelie|40\/100 par|[from] Grassy Terrain\n|upkeep\n|turn|4\n|\n|t:|1700040430\n|-terastallize|p1a: Amelie|Water\n|move|p2a: Hatterene|Shadow Ball|p1a: Amelie\n|-damage|p1a: Amelie|15\/100 par\n|move|p1a: Amelie|Draining Kiss|p2a: Hatterene\n|-damage|p2a: Hatterene|60\/100\n|-heal|p1a: Amelie|39\/100 par|[from] drain|[of] p2a: Hatterene\n|\n|-heal|p2a: Hatterene|66\/100|[from] Grassy Terrain\n|-heal|p1a: Amelie|45\/100 par|[from] Grassy Terrain\n|upkeep\n|turn|5\n|\n|t:|1700040443\n|switch|p2a: Heatran|Heatran, M|100\/100\n|cant|p1a: Amelie|par\n|\n|-heal|p1a: Amelie|51\/100 par|[from] Grassy Terrain\n|upkeep\n|turn|6\n|\n|t:|1700040450\n|move|p2a: Heatran|Taunt|p1a: Amelie\n|move|p1a: Amelie|Taunt|p2a: Heatran|[from]ability: Magic Bounce\n|-start|p2a: Heatran|move: Taunt\n|cant|p1a: Amelie|par\n|\n|-heal|p1a: Amelie|57\/100 par|[from] Grassy Terrain\n|upkeep\n|turn|7\n|\n|t:|1700040458\n|switch|p2a: Kingambit|Kingambit, F|100\/100\n|move|p1a: Amelie|Calm Mind|p1a: Amelie\n|-boost|p1a: Amelie|spa|1\n|-boost|p1a: Amelie|spd|1\n|\n|-heal|p1a: Amelie|63\/100 par|[from] Grassy Terrain\n|upkeep\n|turn|8\n|\n|t:|1700040463\n|move|p2a: Kingambit|Swords Dance|p2a: Kingambit\n|-boost|p2a: Kingambit|atk|2\n|move|p1a: Amelie|Draining Kiss|p2a: Kingambit\n|-damage|p2a: Kingambit|48\/100\n|-heal|p1a: Amelie|100\/100 par|[from] drain|[of] p2a: Kingambit\n|\n|-heal|p2a: Kingambit|54\/100|[from] Grassy Terrain\n|-heal|p2a: Kingambit|60\/100|[from] item: Leftovers\n|-fieldend|move: Grassy Terrain\n|upkeep\n|turn|9\n|\n|t:|1700040469\n|-terastallize|p2a: Kingambit|Dark\n|move|p2a: Kingambit|Sucker Punch|p1a: Amelie\n|-crit|p1a: Amelie\n|-damage|p1a: Amelie|0 fnt\n|faint|p1a: Amelie\n|\n|-heal|p2a: Kingambit|66\/100|[from] item: Leftovers\n|upkeep\n|\n|t:|1700040474\n|switch|p1a: Coco|Rillaboom, M|100\/100\n|-fieldstart|move: Grassy Terrain|[from] ability: Grassy Surge|[of] p1a: Coco\n|turn|10\n|\n|t:|1700040483\n|move|p2a: Kingambit|Sucker Punch|p1a: Coco\n|-damage|p1a: Coco|0 fnt\n|faint|p1a: Coco\n|\n|-heal|p2a: Kingambit|73\/100|[from] Grassy Terrain\n|-heal|p2a: Kingambit|79\/100|[from] item: Leftovers\n|upkeep\n|\n|t:|1700040499\n|switch|p1a: Claire|Iron Valiant|100\/100\n|-enditem|p1a: Claire|Booster Energy\n|-activate|p1a: Claire|ability: Quark Drive|[fromitem]\n|-start|p1a: Claire|quarkdrivespe\n|turn|11\n|\n|t:|1700040512\n|-end|p2a: Kingambit|fallenundefined|[silent]\n|switch|p2a: Hatterene|Hatterene, F|66\/100\n|move|p1a: Claire|Moonblast|p2a: Hatterene\n|-damage|p2a: Hatterene|18\/100\n|\n|-heal|p2a: Hatterene|24\/100|[from] Grassy Terrain\n|upkeep\n|turn|12\n|\n|t:|1700040519\n|move|p1a: Claire|Thunderbolt|p2a: Hatterene\n|-damage|p2a: Hatterene|0 fnt\n|faint|p2a: Hatterene\n|\n|upkeep\n|\n|t:|1700040521\n|switch|p2a: Heatran|Heatran, M|100\/100\n|turn|13\n|\n|t:|1700040526\n|move|p1a: Claire|Calm Mind|p1a: Claire\n|-boost|p1a: Claire|spa|1\n|-boost|p1a: Claire|spd|1\n|move|p2a: Heatran|Magma Storm|p1a: Claire|[miss]\n|-miss|p2a: Heatran|p1a: Claire\n|\n|upkeep\n|turn|14\n|\n|t:|1700040531\n|move|p1a: Claire|Thunderbolt|p2a: Heatran\n|-damage|p2a: Heatran|74\/100\n|move|p2a: Heatran|Magma Storm|p1a: Claire\n|-damage|p1a: Claire|51\/100\n|-activate|p1a: Claire|move: Magma Storm|[of] p2a: Heatran\n|\n|-heal|p1a: Claire|58\/100|[from] Grassy Terrain\n|-heal|p2a: Heatran|80\/100|[from] Grassy Terrain\n|-heal|p2a: Heatran|87\/100|[from] item: Leftovers\n|-damage|p1a: Claire|45\/100|[from] move: Magma Storm|[partiallytrapped]\n|upkeep\n|turn|15\n|\n|t:|1700040537\n|move|p1a: Claire|Calm Mind|p1a: Claire\n|-boost|p1a: Claire|spa|1\n|-boost|p1a: Claire|spd|1\n|move|p2a: Heatran|Earth Power|p1a: Claire\n|-crit|p1a: Claire\n|-damage|p1a: Claire|0 fnt\n|faint|p1a: Claire\n|-end|p1a: Claire|Quark Drive|[silent]\n|\n|-heal|p2a: Heatran|93\/100|[from] Grassy Terrain\n|-heal|p2a: Heatran|99\/100|[from] item: Leftovers\n|upkeep\n|c|\u2606stargirlkirin|are u avd\n|c|\u2606stargirlkirin|MAN FUCK THAT SHIT\n|\n|t:|1700040549\n|switch|p1a: Pebbles|Ogerpon-Cornerstone, F|100\/100\n|turn|16\n|\n|t:|1700040559\n|move|p1a: Pebbles|Low Kick|p2a: Heatran\n|-supereffective|p2a: Heatran\n|-damage|p2a: Heatran|17\/100\n|move|p2a: Heatran|Earth Power|p1a: Pebbles\n|-damage|p1a: Pebbles|73\/100\n|\n|-heal|p1a: Pebbles|79\/100|[from] Grassy Terrain\n|-heal|p2a: Heatran|23\/100|[from] Grassy Terrain\n|-heal|p2a: Heatran|29\/100|[from] item: Leftovers\n|upkeep\n|turn|17\n|\n|t:|1700040565\n|move|p1a: Pebbles|Swords Dance|p1a: Pebbles\n|-boost|p1a: Pebbles|atk|2\n|move|p2a: Heatran|Magma Storm|p1a: Pebbles\n|-damage|p1a: Pebbles|28\/100\n|-activate|p1a: Pebbles|move: Magma Storm|[of] p2a: Heatran\n|\n|-heal|p1a: Pebbles|34\/100|[from] Grassy Terrain\n|-heal|p2a: Heatran|35\/100|[from] Grassy Terrain\n|-heal|p2a: Heatran|41\/100|[from] item: Leftovers\n|-damage|p1a: Pebbles|21\/100|[from] move: Magma Storm|[partiallytrapped]\n|-fieldend|move: Grassy Terrain\n|upkeep\n|turn|18\n|\n|t:|1700040573\n|move|p1a: Pebbles|Low Kick|p2a: Heatran\n|-supereffective|p2a: Heatran\n|-damage|p2a: Heatran|0 fnt\n|faint|p2a: Heatran\n|\n|-end|p1a: Pebbles|Magma Storm|[partiallytrapped]|[silent]\n|upkeep\n|\n|t:|1700040576\n|switch|p2a: Kingambit|Kingambit, F, tera:Dark|79\/100\n|-activate|p2a: Kingambit|ability: Supreme Overlord\n|-start|p2a: Kingambit|fallen2|[silent]\n|turn|19\n|\n|t:|1700040580\n|move|p1a: Pebbles|Swords Dance|p1a: Pebbles\n|-boost|p1a: Pebbles|atk|2\n|move|p2a: Kingambit|Swords Dance|p2a: Kingambit\n|-boost|p2a: Kingambit|atk|2\n|\n|-heal|p2a: Kingambit|85\/100|[from] item: Leftovers\n|upkeep\n|turn|20\n|\n|t:|1700040587\n|move|p2a: Kingambit|Sucker Punch|p1a: Pebbles\n|-damage|p1a: Pebbles|0 fnt\n|faint|p1a: Pebbles\n|\n|-heal|p2a: Kingambit|91\/100|[from] item: Leftovers\n|upkeep\n|\n|t:|1700040592\n|switch|p1a: Marina|Manaphy|100\/100\n|turn|21\n|\n|t:|1700040596\n|move|p2a: Kingambit|Sucker Punch|p1a: Marina\n|-damage|p1a: Marina|0 fnt\n|faint|p1a: Marina\n|\n|-heal|p2a: Kingambit|97\/100|[from] item: Leftovers\n|upkeep\n|\n|t:|1700040599\n|switch|p1a: Ivy|Sneasler, F|100\/100\n|turn|22\n|\n|t:|1700040606\n|move|p1a: Ivy|Swords Dance|p1a: Ivy\n|-boost|p1a: Ivy|atk|2\n|move|p2a: Kingambit|Iron Head|p1a: Ivy\n|-damage|p1a: Ivy|0 fnt\n|faint|p1a: Ivy\n|\n|win|ALEX QSZE\n|raw|stargirlkirin's rating: 1125 &rarr; <strong>1095<\/strong><br \/>(-30 for losing)\n|raw|ALEX QSZE's rating: 1051 &rarr; <strong>1090<\/strong><br \/>(+39 for winning)\n","uploadtime":1700040547,"views":14,"p1id":"stargirlkirin","p2id":"alexqsze","formatid":"gen9ou","rating":1090,"private":0,"password":""}