{"id":"gen9ou-1994583911","p1":"MrMimingtonII","p2":"kitty_Venom","format":"[Gen 9] OU","log":"|j|\u2606MrMimingtonII\n|j|\u2606kitty_Venom\n|t:|1700464206\n|gametype|singles\n|player|p1|MrMimingtonII|elesa-masters|1213\n|player|p2|kitty_Venom|clair|1316\n|teamsize|p1|6\n|teamsize|p2|6\n|gen|9\n|tier|[Gen 9] OU\n|rated|\n|rule|Sleep Clause Mod: Limit one foe put to sleep\n|rule|Species Clause: Limit one of each Pok\u00e9mon\n|rule|OHKO Clause: OHKO moves are banned\n|rule|Evasion Items Clause: Evasion items are banned\n|rule|Evasion Moves Clause: Evasion moves are banned\n|rule|Endless Battle Clause: Forcing endless battles is banned\n|rule|HP Percentage Mod: HP is shown in percentages\n|clearpoke\n|poke|p1|Flamigo, F|\n|poke|p1|Torterra, F|\n|poke|p1|Rillaboom, F|\n|poke|p1|Scizor, M|\n|poke|p1|Thundurus, M|\n|poke|p1|Dragapult, M|\n|poke|p2|Dragonite, M|\n|poke|p2|Thundurus-Therian, M|\n|poke|p2|Ogerpon-Wellspring, F|\n|poke|p2|Gholdengo|\n|poke|p2|Slowking-Galar, M|\n|poke|p2|Great Tusk|\n|teampreview\n|inactive|Battle timer is ON: inactive players will automatically lose when time's up. (requested by kitty_Venom)\n|inactive|MrMimingtonII has 120 seconds left.\n|\n|t:|1700464243\n|start\n|switch|p1a: Scizor|Scizor, M|100\/100\n|switch|p2a: Magi|Thundurus-Therian, M|100\/100\n|turn|1\n|\n|t:|1700464267\n|move|p2a: Magi|Focus Blast|p1a: Scizor\n|-damage|p1a: Scizor|27\/100\n|move|p1a: Scizor|Knock Off|p2a: Magi\n|-crit|p2a: Magi\n|-damage|p2a: Magi|0 fnt\n|-enditem|p2a: Magi|Choice Specs|[from] move: Knock Off|[of] p1a: Scizor\n|faint|p2a: Magi\n|-damage|p1a: Scizor|17\/100|[from] item: Life Orb\n|\n|upkeep\n|\n|t:|1700464278\n|switch|p2a: Chubbs|Dragonite, M|100\/100\n|turn|2\n|\n|t:|1700464281\n|move|p2a: Chubbs|Extreme Speed|p1a: Scizor\n|-resisted|p1a: Scizor\n|-damage|p1a: Scizor|0 fnt\n|faint|p1a: Scizor\n|\n|upkeep\n|\n|t:|1700464287\n|switch|p1a: Thundurus|Thundurus, M|100\/100\n|turn|3\n|\n|t:|1700464293\n|switch|p2a: STI|Slowking-Galar, M, shiny|100\/100\n|move|p1a: Thundurus|Thunder Wave|p2a: STI|[miss]\n|-miss|p1a: Thundurus|p2a: STI\n|\n|upkeep\n|turn|4\n|\n|t:|1700464309\n|switch|p1a: Torterra|Torterra, F|100\/100\n|move|p2a: STI|Ice Beam|p1a: Torterra\n|-supereffective|p1a: Torterra\n|-damage|p1a: Torterra|0 fnt\n|faint|p1a: Torterra\n|\n|upkeep\n|\n|t:|1700464327\n|switch|p1a: Rillaboom|Rillaboom, F|100\/100\n|-fieldstart|move: Grassy Terrain|[from] ability: Grassy Surge|[of] p1a: Rillaboom\n|turn|5\n|\n|t:|1700464339\n|switch|p2a: RhinoPill|Great Tusk|100\/100\n|move|p1a: Rillaboom|Knock Off|p2a: RhinoPill\n|-resisted|p2a: RhinoPill\n|-damage|p2a: RhinoPill|88\/100\n|-enditem|p2a: RhinoPill|Leftovers|[from] move: Knock Off|[of] p1a: Rillaboom\n|\n|-heal|p2a: RhinoPill|94\/100|[from] Grassy Terrain\n|upkeep\n|turn|6\n|\n|t:|1700464352\n|switch|p1a: Thundurus|Thundurus, M|100\/100\n|move|p2a: RhinoPill|Stealth Rock|p1a: Thundurus\n|-sidestart|p1: MrMimingtonII|move: Stealth Rock\n|\n|-heal|p2a: RhinoPill|100\/100|[from] Grassy Terrain\n|upkeep\n|turn|7\n|\n|t:|1700464360\n|-end|p2a: RhinoPill|Protosynthesis|[silent]\n|switch|p2a: STI|Slowking-Galar, M, shiny|100\/100\n|move|p1a: Thundurus|Rain Dance|p1a: Thundurus\n|-weather|RainDance\n|\n|-weather|RainDance|[upkeep]\n|upkeep\n|turn|8\n|\n|t:|1700464371\n|move|p1a: Thundurus|Thunder Wave|p2a: STI\n|-status|p2a: STI|par\n|move|p2a: STI|Future Sight|p1a: Thundurus\n|-start|p2a: STI|move: Future Sight\n|\n|-weather|RainDance|[upkeep]\n|upkeep\n|turn|9\n|\n|t:|1700464377\n|move|p1a: Thundurus|Thunder|p2a: STI\n|-damage|p2a: STI|77\/100 par\n|move|p2a: STI|Ice Beam|p1a: Thundurus\n|-supereffective|p1a: Thundurus\n|-damage|p1a: Thundurus|40\/100\n|\n|-weather|RainDance|[upkeep]\n|-heal|p2a: STI|83\/100 par|[from] Grassy Terrain\n|-fieldend|move: Grassy Terrain\n|upkeep\n|turn|10\n|\n|t:|1700464387\n|switch|p1a: Rillaboom|Rillaboom, F|100\/100\n|-damage|p1a: Rillaboom|88\/100|[from] Stealth Rock\n|-fieldstart|move: Grassy Terrain|[from] ability: Grassy Surge|[of] p1a: Rillaboom\n|move|p2a: STI|Ice Beam|p1a: Rillaboom\n|-supereffective|p1a: Rillaboom\n|-damage|p1a: Rillaboom|27\/100\n|\n|-weather|RainDance|[upkeep]\n|-end|p1a: Rillaboom|move: Future Sight\n|-damage|p1a: Rillaboom|0 fnt\n|faint|p1a: Rillaboom\n|-heal|p2a: STI|90\/100 par|[from] Grassy Terrain\n|upkeep\n|\n|t:|1700464395\n|switch|p1a: Dragapult|Dragapult, M|100\/100\n|-damage|p1a: Dragapult|88\/100|[from] Stealth Rock\n|turn|11\n|\n|t:|1700464405\n|move|p1a: Dragapult|Shadow Ball|p2a: STI\n|-supereffective|p2a: STI\n|-damage|p2a: STI|48\/100 par\n|move|p2a: STI|Ice Beam|p1a: Dragapult\n|-supereffective|p1a: Dragapult\n|-crit|p1a: Dragapult\n|-damage|p1a: Dragapult|0 fnt\n|faint|p1a: Dragapult\n|\n|-weather|RainDance|[upkeep]\n|-heal|p2a: STI|54\/100 par|[from] Grassy Terrain\n|upkeep\n|-message|MrMimingtonII forfeited.\n|\n|win|kitty_Venom\n|raw|MrMimingtonII's rating: 1213 &rarr; <strong>1195<\/strong><br \/>(-18 for losing)\n|raw|kitty_Venom's rating: 1316 &rarr; <strong>1330<\/strong><br \/>(+14 for winning)\n|l|\u2606MrMimingtonII\n","uploadtime":1700464418,"views":14,"p1id":"mrmimingtonii","p2id":"kittyvenom","formatid":"gen9ou","rating":1195,"private":0,"password":""}