{"id":"gen9ou-1991909662","p1":"TerabithianKnight","p2":"jzhuc1841","format":"[Gen 9] OU","log":"|j|\u2606TerabithianKnight\n|j|\u2606jzhuc1841\n|t:|1700136922\n|gametype|singles\n|player|p1|TerabithianKnight|plasmagrunt-gen5bw|1417\n|player|p2|jzhuc1841|hilbert-wonderlauncher|1534\n|teamsize|p1|6\n|teamsize|p2|6\n|gen|9\n|tier|[Gen 9] OU\n|rated|\n|rule|Sleep Clause Mod: Limit one foe put to sleep\n|rule|Species Clause: Limit one of each Pok\u00e9mon\n|rule|OHKO Clause: OHKO moves are banned\n|rule|Evasion Items Clause: Evasion items are banned\n|rule|Evasion Moves Clause: Evasion moves are banned\n|rule|Endless Battle Clause: Forcing endless battles is banned\n|rule|HP Percentage Mod: HP is shown in percentages\n|clearpoke\n|poke|p1|Ribombee, M|\n|poke|p1|Yanmega, M|\n|poke|p1|Ogerpon-Wellspring, F|\n|poke|p1|Kingambit, M|\n|poke|p1|Great Tusk|\n|poke|p1|Gholdengo|\n|poke|p2|Ogerpon-Wellspring, F|\n|poke|p2|Kingambit, F|\n|poke|p2|Iron Moth|\n|poke|p2|Iron Valiant|\n|poke|p2|Zamazenta-*|\n|poke|p2|Glimmora, M|\n|teampreview\n|inactive|Battle timer is ON: inactive players will automatically lose when time's up. (requested by TerabithianKnight)\n|\n|t:|1700136929\n|start\n|switch|p1a: Mr Bombastick|Ribombee, M|100\/100\n|switch|p2a: Iron Moth|Iron Moth|100\/100\n|-enditem|p2a: Iron Moth|Booster Energy\n|-activate|p2a: Iron Moth|ability: Quark Drive|[fromitem]\n|-start|p2a: Iron Moth|quarkdrivespe\n|turn|1\n|\n|t:|1700136937\n|move|p2a: Iron Moth|Substitute|p2a: Iron Moth\n|-start|p2a: Iron Moth|Substitute\n|-damage|p2a: Iron Moth|76\/100\n|move|p1a: Mr Bombastick|Psychic|p2a: Iron Moth\n|-supereffective|p2a: Iron Moth\n|-end|p2a: Iron Moth|Substitute\n|\n|upkeep\n|turn|2\n|\n|t:|1700136943\n|move|p2a: Iron Moth|Fiery Dance|p1a: Mr Bombastick\n|-supereffective|p1a: Mr Bombastick\n|-enditem|p1a: Mr Bombastick|Focus Sash\n|-damage|p1a: Mr Bombastick|1\/100\n|-boost|p2a: Iron Moth|spa|1\n|move|p1a: Mr Bombastick|Psychic|p2a: Iron Moth\n|-supereffective|p2a: Iron Moth\n|-damage|p2a: Iron Moth|19\/100\n|\n|upkeep\n|turn|3\n|\n|t:|1700136958\n|move|p2a: Iron Moth|Fiery Dance|p1a: Mr Bombastick\n|-supereffective|p1a: Mr Bombastick\n|-damage|p1a: Mr Bombastick|0 fnt\n|faint|p1a: Mr Bombastick\n|\n|upkeep\n|\n|t:|1700136963\n|switch|p1a: Kingambit|Kingambit, M|100\/100\n|-activate|p1a: Kingambit|ability: Supreme Overlord\n|-start|p1a: Kingambit|fallen1|[silent]\n|turn|4\n|\n|t:|1700136966\n|move|p1a: Kingambit|Sucker Punch||[still]\n|-fail|p1a: Kingambit\n|move|p2a: Iron Moth|Substitute|p2a: Iron Moth\n|-fail|p2a: Iron Moth|move: Substitute|[weak]\n|\n|upkeep\n|turn|5\n|\n|t:|1700136970\n|move|p2a: Iron Moth|Fiery Dance|p1a: Kingambit\n|-supereffective|p1a: Kingambit\n|-damage|p1a: Kingambit|0 fnt\n|faint|p1a: Kingambit\n|-end|p1a: Kingambit|fallen1|[silent]\n|\n|upkeep\n|c|\u2606TerabithianKnight|I misclicked iron head\n|c|\u2606TerabithianKnight|great\n|\n|t:|1700136995\n|switch|p1a: Ogerpon|Ogerpon-Wellspring, F|100\/100\n|turn|6\n|\n|t:|1700137001\n|-terastallize|p1a: Ogerpon|Water\n|detailschange|p1a: Ogerpon|Ogerpon-Wellspring-Tera, F, tera:Water\n|-ability|p1a: Ogerpon|Embody Aspect (Wellspring)|boost\n|-boost|p1a: Ogerpon|spd|1\n|move|p2a: Iron Moth|Sludge Wave|p1a: Ogerpon\n|-damage|p1a: Ogerpon|39\/100\n|move|p1a: Ogerpon|Knock Off|p2a: Iron Moth\n|-damage|p2a: Iron Moth|0 fnt\n|faint|p2a: Iron Moth\n|-end|p2a: Iron Moth|Quark Drive|[silent]\n|\n|upkeep\n|\n|t:|1700137011\n|switch|p2a: Zamazenta|Zamazenta|100\/100\n|-ability|p2a: Zamazenta|Dauntless Shield|boost\n|-boost|p2a: Zamazenta|def|1\n|turn|7\n|\n|t:|1700137016\n|move|p2a: Zamazenta|Body Press|p1a: Ogerpon\n|-damage|p1a: Ogerpon|0 fnt\n|faint|p1a: Ogerpon\n|\n|upkeep\n|\n|t:|1700137028\n|switch|p1a: Gholdengo|Gholdengo|100\/100\n|-item|p1a: Gholdengo|Air Balloon\n|turn|8\n|\n|t:|1700137032\n|move|p2a: Zamazenta|Crunch|p1a: Gholdengo\n|-supereffective|p1a: Gholdengo\n|-damage|p1a: Gholdengo|67\/100\n|-enditem|p1a: Gholdengo|Air Balloon\n|move|p1a: Gholdengo|Nasty Plot|p1a: Gholdengo\n|-boost|p1a: Gholdengo|spa|2\n|\n|upkeep\n|turn|9\n|\n|t:|1700137040\n|move|p2a: Zamazenta|Crunch|p1a: Gholdengo\n|-supereffective|p1a: Gholdengo\n|-damage|p1a: Gholdengo|32\/100\n|move|p1a: Gholdengo|Shadow Ball|p2a: Zamazenta\n|-crit|p2a: Zamazenta\n|-damage|p2a: Zamazenta|10\/100\n|\n|-heal|p2a: Zamazenta|16\/100|[from] item: Leftovers\n|upkeep\n|turn|10\n|\n|t:|1700137046\n|move|p2a: Zamazenta|Crunch|p1a: Gholdengo\n|-supereffective|p1a: Gholdengo\n|-damage|p1a: Gholdengo|0 fnt\n|faint|p1a: Gholdengo\n|\n|-heal|p2a: Zamazenta|22\/100|[from] item: Leftovers\n|upkeep\n|\n|t:|1700137051\n|switch|p1a: Great Tusk|Great Tusk|100\/100\n|-enditem|p1a: Great Tusk|Booster Energy\n|-activate|p1a: Great Tusk|ability: Protosynthesis|[fromitem]\n|-start|p1a: Great Tusk|protosynthesisatk\n|turn|11\n|\n|t:|1700137055\n|move|p2a: Zamazenta|Body Press|p1a: Great Tusk\n|-damage|p1a: Great Tusk|57\/100\n|move|p1a: Great Tusk|Rapid Spin|p2a: Zamazenta\n|-damage|p2a: Zamazenta|12\/100\n|-boost|p1a: Great Tusk|spe|1\n|\n|-heal|p2a: Zamazenta|18\/100|[from] item: Leftovers\n|upkeep\n|turn|12\n|\n|t:|1700137060\n|move|p1a: Great Tusk|Headlong Rush|p2a: Zamazenta\n|-damage|p2a: Zamazenta|0 fnt\n|-unboost|p1a: Great Tusk|def|1\n|-unboost|p1a: Great Tusk|spd|1\n|faint|p2a: Zamazenta\n|\n|upkeep\n|\n|t:|1700137063\n|switch|p2a: Iron Valiant|Iron Valiant|100\/100\n|-enditem|p2a: Iron Valiant|Booster Energy\n|-activate|p2a: Iron Valiant|ability: Quark Drive|[fromitem]\n|-start|p2a: Iron Valiant|quarkdrivespe\n|turn|13\n|\n|t:|1700137074\n|-end|p1a: Great Tusk|Protosynthesis|[silent]\n|switch|p1a: Yanmega|Yanmega, M|100\/100\n|move|p2a: Iron Valiant|Moonblast|p1a: Yanmega\n|-damage|p1a: Yanmega|14\/100\n|-unboost|p1a: Yanmega|spa|1\n|\n|upkeep\n|turn|14\n|-message|TerabithianKnight forfeited.\n|\n|win|jzhuc1841\n|raw|TerabithianKnight's rating: 1417 &rarr; <strong>1403<\/strong><br \/>(-14 for losing)\n|raw|jzhuc1841's rating: 1534 &rarr; <strong>1548<\/strong><br \/>(+14 for winning)\n|c|\u2606jzhuc1841|gg\n","uploadtime":1700137091,"views":13,"p1id":"terabithianknight","p2id":"jzhuc1841","formatid":"gen9ou","rating":1403,"private":0,"password":""}