{"id":"gen9ou-1999495324","p1":"ytewxvjurdd\u2026\u2026(\/\/)","p2":"2 am water","format":"[Gen 9] OU","log":"|j|\u2606ytewxvjurdd\u2026\u2026(\/\/)\n|j|\u26062 am water\n|t:|1701088922\n|gametype|singles\n|player|p1|ytewxvjurdd\u2026\u2026(\/\/)|170|1102\n|player|p2|2 am water|pilot|1175\n|teamsize|p1|6\n|teamsize|p2|6\n|gen|9\n|tier|[Gen 9] OU\n|rated|\n|rule|Sleep Clause Mod: Limit one foe put to sleep\n|rule|Species Clause: Limit one of each Pok\u00e9mon\n|rule|OHKO Clause: OHKO moves are banned\n|rule|Evasion Items Clause: Evasion items are banned\n|rule|Evasion Moves Clause: Evasion moves are banned\n|rule|Endless Battle Clause: Forcing endless battles is banned\n|rule|HP Percentage Mod: HP is shown in percentages\n|clearpoke\n|poke|p1|Great Tusk|\n|poke|p1|Landorus-Therian, M|\n|poke|p1|Empoleon, M|\n|poke|p1|Gholdengo|\n|poke|p1|Sinistcha-Masterpiece|\n|poke|p1|Glimmora, M|\n|poke|p2|Iron Jugulis|\n|poke|p2|Ogerpon-Wellspring, F|\n|poke|p2|Tinkaton, F|\n|poke|p2|Iron Moth|\n|poke|p2|Great Tusk|\n|poke|p2|Dragapult, M|\n|teampreview\n|\n|t:|1701088932\n|start\n|switch|p1a: Landorus|Landorus-Therian, M|100\/100\n|switch|p2a: TWINKATON|Tinkaton, F|100\/100\n|-item|p2a: TWINKATON|Air Balloon\n|-ability|p1a: Landorus|Intimidate|boost\n|-unboost|p2a: TWINKATON|atk|1\n|turn|1\n|\n|t:|1701088942\n|move|p2a: TWINKATON|Stealth Rock|p1a: Landorus\n|-sidestart|p1: ytewxvjurdd\u2026\u2026(\/\/)|move: Stealth Rock\n|move|p1a: Landorus|Taunt|p2a: TWINKATON\n|-start|p2a: TWINKATON|move: Taunt\n|\n|upkeep\n|turn|2\n|\n|t:|1701088958\n|switch|p2a: Great Tusk|Great Tusk|100\/100\n|-enditem|p2a: Great Tusk|Booster Energy\n|-activate|p2a: Great Tusk|ability: Protosynthesis|[fromitem]\n|-start|p2a: Great Tusk|protosynthesisspe\n|move|p1a: Landorus|U-turn|p2a: Great Tusk\n|-resisted|p2a: Great Tusk\n|-damage|p2a: Great Tusk|93\/100\n|\n|t:|1701088967\n|switch|p1a: Sinistcha|Sinistcha-Masterpiece|100\/100|[from] U-turn\n|-damage|p1a: Sinistcha|88\/100|[from] Stealth Rock\n|\n|upkeep\n|turn|3\n|\n|t:|1701088977\n|move|p2a: Great Tusk|Ice Spinner|p1a: Sinistcha\n|-supereffective|p1a: Sinistcha\n|-damage|p1a: Sinistcha|50\/100\n|-damage|p2a: Great Tusk|77\/100|[from] item: Rocky Helmet|[of] p1a: Sinistcha\n|move|p1a: Sinistcha|Strength Sap|p2a: Great Tusk\n|-unboost|p2a: Great Tusk|atk|1\n|-heal|p1a: Sinistcha|100\/100\n|\n|upkeep\n|turn|4\n|\n|t:|1701088988\n|-end|p2a: Great Tusk|Protosynthesis|[silent]\n|switch|p2a: Iron Moth|Iron Moth|100\/100\n|-enditem|p2a: Iron Moth|Booster Energy\n|-activate|p2a: Iron Moth|ability: Quark Drive|[fromitem]\n|-start|p2a: Iron Moth|quarkdrivespe\n|move|p1a: Sinistcha|Calm Mind|p1a: Sinistcha\n|-boost|p1a: Sinistcha|spa|1\n|-boost|p1a: Sinistcha|spd|1\n|\n|upkeep\n|turn|5\n|\n|t:|1701089022\n|move|p2a: Iron Moth|Fiery Dance|p1a: Sinistcha\n|-supereffective|p1a: Sinistcha\n|-damage|p1a: Sinistcha|69\/100\n|move|p1a: Sinistcha|Shadow Ball|p2a: Iron Moth\n|-crit|p2a: Iron Moth\n|-damage|p2a: Iron Moth|18\/100\n|\n|upkeep\n|turn|6\n|\n|t:|1701089032\n|-end|p2a: Iron Moth|Quark Drive|[silent]\n|switch|p2a: Iron Jugulis|Iron Jugulis|100\/100\n|-enditem|p2a: Iron Jugulis|Booster Energy\n|-activate|p2a: Iron Jugulis|ability: Quark Drive|[fromitem]\n|-start|p2a: Iron Jugulis|quarkdrivespe\n|move|p1a: Sinistcha|Shadow Ball|p2a: Iron Jugulis\n|-resisted|p2a: Iron Jugulis\n|-damage|p2a: Iron Jugulis|66\/100\n|-unboost|p2a: Iron Jugulis|spd|1\n|\n|upkeep\n|turn|7\n|\n|t:|1701089050\n|-terastallize|p2a: Iron Jugulis|Steel\n|-terastallize|p1a: Sinistcha|Grass\n|move|p2a: Iron Jugulis|Knock Off|p1a: Sinistcha\n|-damage|p1a: Sinistcha|47\/100\n|-damage|p2a: Iron Jugulis|49\/100|[from] item: Rocky Helmet|[of] p1a: Sinistcha\n|-enditem|p1a: Sinistcha|Rocky Helmet|[from] move: Knock Off|[of] p2a: Iron Jugulis\n|move|p1a: Sinistcha|Matcha Gotcha|p2a: Iron Jugulis\n|-resisted|p2a: Iron Jugulis\n|-damage|p2a: Iron Jugulis|0 fnt\n|-heal|p1a: Sinistcha|71\/100|[from] drain|[of] p2a: Iron Jugulis\n|faint|p2a: Iron Jugulis\n|-end|p2a: Iron Jugulis|Quark Drive|[silent]\n|\n|upkeep\n|\n|t:|1701089061\n|switch|p2a: TWINKATON|Tinkaton, F|100\/100\n|-item|p2a: TWINKATON|Air Balloon\n|turn|8\n|\n|t:|1701089070\n|move|p2a: TWINKATON|Thunder Wave|p1a: Sinistcha\n|-status|p1a: Sinistcha|par\n|move|p1a: Sinistcha|Strength Sap|p2a: TWINKATON\n|-unboost|p2a: TWINKATON|atk|1\n|-heal|p1a: Sinistcha|100\/100 par\n|\n|upkeep\n|turn|9\n|\n|t:|1701089083\n|move|p2a: TWINKATON|Encore|p1a: Sinistcha\n|-start|p1a: Sinistcha|Encore\n|cant|p1a: Sinistcha|par\n|\n|upkeep\n|turn|10\n|\n|t:|1701089115\n|switch|p2a: Great Tusk|Great Tusk|77\/100\n|switch|p1a: Gholdengo|Gholdengo|100\/100\n|-damage|p1a: Gholdengo|94\/100|[from] Stealth Rock\n|\n|-heal|p1a: Gholdengo|100\/100|[from] item: Leftovers\n|upkeep\n|turn|11\n|\n|t:|1701089129\n|switch|p1a: Landorus|Landorus-Therian, M|100\/100\n|-damage|p1a: Landorus|88\/100|[from] Stealth Rock\n|-ability|p1a: Landorus|Intimidate|boost\n|-unboost|p2a: Great Tusk|atk|1\n|move|p2a: Great Tusk|Ice Spinner|p1a: Landorus\n|-supereffective|p1a: Landorus\n|-damage|p1a: Landorus|36\/100\n|-damage|p2a: Great Tusk|60\/100|[from] item: Rocky Helmet|[of] p1a: Landorus\n|\n|upkeep\n|turn|12\n|\n|t:|1701089143\n|move|p1a: Landorus|U-turn|p2a: Great Tusk\n|-resisted|p2a: Great Tusk\n|-damage|p2a: Great Tusk|53\/100\n|\n|t:|1701089156\n|switch|p1a: Sinistcha|Sinistcha-Masterpiece, tera:Grass|100\/100 par|[from] U-turn\n|-damage|p1a: Sinistcha|88\/100 par|[from] Stealth Rock\n|move|p2a: Great Tusk|Bulk Up|p2a: Great Tusk\n|-boost|p2a: Great Tusk|atk|1\n|-boost|p2a: Great Tusk|def|1\n|\n|upkeep\n|turn|13\n|\n|t:|1701089167\n|move|p2a: Great Tusk|Ice Spinner|p1a: Sinistcha\n|-supereffective|p1a: Sinistcha\n|-damage|p1a: Sinistcha|55\/100 par\n|cant|p1a: Sinistcha|par\n|\n|upkeep\n|turn|14\n|\n|t:|1701089173\n|move|p2a: Great Tusk|Ice Spinner|p1a: Sinistcha\n|-supereffective|p1a: Sinistcha\n|-damage|p1a: Sinistcha|22\/100 par\n|move|p1a: Sinistcha|Matcha Gotcha|p2a: Great Tusk\n|-supereffective|p2a: Great Tusk\n|-damage|p2a: Great Tusk|0 fnt\n|-heal|p1a: Sinistcha|55\/100 par|[from] drain|[of] p2a: Great Tusk\n|faint|p2a: Great Tusk\n|-end|p2a: Great Tusk|Protosynthesis|[silent]\n|\n|upkeep\n|\n|t:|1701089179\n|switch|p2a: Iron Moth|Iron Moth|18\/100\n|turn|15\n|\n|t:|1701089190\n|switch|p1a: Empoleon|Empoleon, M|100\/100\n|-damage|p1a: Empoleon|94\/100|[from] Stealth Rock\n|move|p2a: Iron Moth|Fiery Dance|p1a: Empoleon\n|-damage|p1a: Empoleon|63\/100\n|-boost|p2a: Iron Moth|spa|1\n|\n|-heal|p1a: Empoleon|69\/100|[from] item: Leftovers\n|upkeep\n|turn|16\n|\n|t:|1701089205\n|-end|p2a: Iron Moth|Quark Drive|[silent]\n|switch|p2a: TWINKATON|Tinkaton, F|100\/100\n|-item|p2a: TWINKATON|Air Balloon\n|move|p1a: Empoleon|Yawn|p2a: TWINKATON\n|-start|p2a: TWINKATON|move: Yawn|[of] p1a: Empoleon\n|\n|-heal|p1a: Empoleon|75\/100|[from] item: Leftovers\n|upkeep\n|turn|17\n|\n|t:|1701089224\n|switch|p1a: Landorus|Landorus-Therian, M|36\/100\n|-damage|p1a: Landorus|23\/100|[from] Stealth Rock\n|-ability|p1a: Landorus|Intimidate|boost\n|-unboost|p2a: TWINKATON|atk|1\n|move|p2a: TWINKATON|Thunder Wave|p1a: Landorus\n|-immune|p1a: Landorus\n|\n|-end|p2a: TWINKATON|move: Yawn|[silent]\n|-status|p2a: TWINKATON|slp\n|upkeep\n|turn|18\n|\n|t:|1701089236\n|cant|p2a: TWINKATON|slp\n|move|p1a: Landorus|U-turn|p2a: TWINKATON\n|-resisted|p2a: TWINKATON\n|-damage|p2a: TWINKATON|94\/100 slp\n|-enditem|p2a: TWINKATON|Air Balloon\n|-enditem|p1a: Landorus|Rocky Helmet|[silent]|[from] ability: Pickpocket|[of] p1a: Landorus\n|-item|p2a: TWINKATON|Rocky Helmet|[from] ability: Pickpocket|[of] p1a: Landorus\n|\n|t:|1701089248\n|switch|p1a: Great Tusk|Great Tusk|100\/100|[from] U-turn\n|-damage|p1a: Great Tusk|98\/100|[from] Stealth Rock\n|\n|-heal|p1a: Great Tusk|100\/100|[from] item: Leftovers\n|upkeep\n|turn|19\n|\n|t:|1701089258\n|-curestatus|p2a: TWINKATON|slp|[msg]\n|move|p2a: TWINKATON|Play Rough|p1a: Great Tusk\n|-supereffective|p1a: Great Tusk\n|-damage|p1a: Great Tusk|76\/100\n|move|p1a: Great Tusk|Bulk Up|p1a: Great Tusk\n|-boost|p1a: Great Tusk|atk|1\n|-boost|p1a: Great Tusk|def|1\n|\n|-heal|p1a: Great Tusk|82\/100|[from] item: Leftovers\n|upkeep\n|turn|20\n|\n|t:|1701089270\n|move|p2a: TWINKATON|Encore|p1a: Great Tusk\n|-start|p1a: Great Tusk|Encore\n|move|p1a: Great Tusk|Bulk Up|p1a: Great Tusk\n|-boost|p1a: Great Tusk|atk|1\n|-boost|p1a: Great Tusk|def|1\n|\n|-heal|p1a: Great Tusk|88\/100|[from] item: Leftovers\n|upkeep\n|turn|21\n|\n|t:|1701089278\n|switch|p2a: Iron Moth|Iron Moth|18\/100\n|move|p1a: Great Tusk|Bulk Up|p1a: Great Tusk\n|-boost|p1a: Great Tusk|atk|1\n|-boost|p1a: Great Tusk|def|1\n|\n|-heal|p1a: Great Tusk|94\/100|[from] item: Leftovers\n|upkeep\n|turn|22\n|\n|t:|1701089289\n|-end|p1a: Great Tusk|Protosynthesis|[silent]\n|switch|p1a: Empoleon|Empoleon, M|75\/100\n|-damage|p1a: Empoleon|69\/100|[from] Stealth Rock\n|move|p2a: Iron Moth|Psychic|p1a: Empoleon\n|-resisted|p1a: Empoleon\n|-crit|p1a: Empoleon\n|-damage|p1a: Empoleon|51\/100\n|-unboost|p1a: Empoleon|spd|1\n|-ability|p1a: Empoleon|Competitive|boost\n|-boost|p1a: Empoleon|spa|2\n|\n|-heal|p1a: Empoleon|57\/100|[from] item: Leftovers\n|upkeep\n|turn|23\n|\n|t:|1701089302\n|move|p2a: Iron Moth|Fiery Dance|p1a: Empoleon\n|-damage|p1a: Empoleon|8\/100\n|-boost|p2a: Iron Moth|spa|1\n|move|p1a: Empoleon|Flash Cannon|p2a: Iron Moth\n|-resisted|p2a: Iron Moth\n|-damage|p2a: Iron Moth|0 fnt\n|faint|p2a: Iron Moth\n|-end|p2a: Iron Moth|Quark Drive|[silent]\n|\n|-heal|p1a: Empoleon|14\/100|[from] item: Leftovers\n|upkeep\n|\n|t:|1701089311\n|switch|p2a: TWINKATON|Tinkaton, F|94\/100\n|turn|24\n|\n|t:|1701089319\n|switch|p1a: Great Tusk|Great Tusk|94\/100\n|-damage|p1a: Great Tusk|91\/100|[from] Stealth Rock\n|move|p2a: TWINKATON|Play Rough|p1a: Great Tusk\n|-supereffective|p1a: Great Tusk\n|-damage|p1a: Great Tusk|57\/100\n|\n|-heal|p1a: Great Tusk|63\/100|[from] item: Leftovers\n|upkeep\n|turn|25\n|\n|t:|1701089332\n|move|p2a: TWINKATON|Play Rough|p1a: Great Tusk\n|-supereffective|p1a: Great Tusk\n|-damage|p1a: Great Tusk|29\/100\n|move|p1a: Great Tusk|Earthquake|p2a: TWINKATON\n|-supereffective|p2a: TWINKATON\n|-damage|p2a: TWINKATON|0 fnt\n|faint|p2a: TWINKATON\n|\n|-heal|p1a: Great Tusk|35\/100|[from] item: Leftovers\n|upkeep\n|\n|t:|1701089338\n|switch|p2a: Ogerpon|Ogerpon-Wellspring, F|100\/100\n|turn|26\n|\n|t:|1701089348\n|-end|p1a: Great Tusk|Protosynthesis|[silent]\n|switch|p1a: Landorus|Landorus-Therian, M|23\/100\n|-damage|p1a: Landorus|11\/100|[from] Stealth Rock\n|-ability|p1a: Landorus|Intimidate|boost\n|-unboost|p2a: Ogerpon|atk|1\n|move|p2a: Ogerpon|Ivy Cudgel|p1a: Landorus|[anim] Ivy Cudgel Water\n|-supereffective|p1a: Landorus\n|-damage|p1a: Landorus|0 fnt\n|faint|p1a: Landorus\n|\n|upkeep\n|\n|t:|1701089363\n|switch|p1a: Sinistcha|Sinistcha-Masterpiece, tera:Grass|55\/100 par\n|-damage|p1a: Sinistcha|42\/100 par|[from] Stealth Rock\n|turn|27\n|\n|t:|1701089368\n|move|p2a: Ogerpon|U-turn|p1a: Sinistcha\n|-supereffective|p1a: Sinistcha\n|-damage|p1a: Sinistcha|12\/100 par\n|\n|t:|1701089370\n|switch|p2a: Dragapult|Dragapult, M|100\/100|[from] U-turn\n|cant|p1a: Sinistcha|par\n|\n|upkeep\n|turn|28\n|\n|t:|1701089381\n|move|p2a: Dragapult|Shadow Ball|p1a: Sinistcha\n|-damage|p1a: Sinistcha|0 fnt\n|faint|p1a: Sinistcha\n|\n|upkeep\n|\n|t:|1701089391\n|switch|p1a: Glimmora|Glimmora, M|100\/100\n|-damage|p1a: Glimmora|88\/100|[from] Stealth Rock\n|turn|29\n|\n|t:|1701089402\n|move|p2a: Dragapult|Shadow Ball|p1a: Glimmora\n|-damage|p1a: Glimmora|25\/100\n|move|p1a: Glimmora|Stealth Rock|p2a: Dragapult\n|-sidestart|p2: 2 am water|move: Stealth Rock\n|\n|upkeep\n|turn|30\n|\n|t:|1701089415\n|move|p2a: Dragapult|Shadow Ball|p1a: Glimmora\n|-damage|p1a: Glimmora|0 fnt\n|faint|p1a: Glimmora\n|\n|upkeep\n|\n|t:|1701089422\n|switch|p1a: Gholdengo|Gholdengo|100\/100\n|-damage|p1a: Gholdengo|94\/100|[from] Stealth Rock\n|turn|31\n|\n|t:|1701089428\n|move|p2a: Dragapult|Shadow Ball|p1a: Gholdengo\n|-supereffective|p1a: Gholdengo\n|-damage|p1a: Gholdengo|0 fnt\n|faint|p1a: Gholdengo\n|\n|upkeep\n|-message|ytewxvjurdd\u2026\u2026(\/\/) forfeited.\n|\n|win|2 am water\n|raw|ytewxvjurdd\u2026\u2026(&#x2f;&#x2f;)'s rating: 1124 &rarr; <strong>1103<\/strong><br \/>(-21 for losing)\n|raw|2 am water's rating: 1175 &rarr; <strong>1196<\/strong><br \/>(+21 for winning)\n|l|\u2606ytewxvjurdd\u2026\u2026(\/\/)\n|player|p2|2 am water|pilot\n","uploadtime":1701089460,"views":4,"p1id":"ytewxvjurdd","p2id":"2amwater","formatid":"gen9ou","rating":1103,"private":0,"password":""}