{"id":"gen9ou-1998353012","p1":"empoleon9000","p2":"gfrostmoths","format":"[Gen 9] OU","log":"|j|\u2606empoleon9000\n|j|\u2606gfrostmoths\n|t:|1700932816\n|gametype|singles\n|player|p1|empoleon9000|169|\n|player|p2|gfrostmoths|adaman|\n|teamsize|p1|6\n|teamsize|p2|6\n|gen|9\n|tier|[Gen 9] OU\n|rule|Sleep Clause Mod: Limit one foe put to sleep\n|rule|Species Clause: Limit one of each Pok\u00e9mon\n|rule|OHKO Clause: OHKO moves are banned\n|rule|Evasion Items Clause: Evasion items are banned\n|rule|Evasion Moves Clause: Evasion moves are banned\n|rule|Endless Battle Clause: Forcing endless battles is banned\n|rule|HP Percentage Mod: HP is shown in percentages\n|clearpoke\n|poke|p1|Alomomola, F|\n|poke|p1|Slowking-Galar, M|\n|poke|p1|Frosmoth, F|\n|poke|p1|Kingambit, F|\n|poke|p1|Landorus-Therian, M|\n|poke|p1|Cinderace, M|\n|poke|p2|Dragapult, F|\n|poke|p2|Iron Moth|\n|poke|p2|Ogerpon-Cornerstone, F|\n|poke|p2|Empoleon, F|\n|poke|p2|Zapdos|\n|poke|p2|Great Tusk|\n|teampreview\n|\n|t:|1700932864\n|start\n|switch|p1a: Landorus|Landorus-Therian, M|100\/100\n|switch|p2a: Dragapult|Dragapult, F|100\/100\n|-ability|p1a: Landorus|Intimidate|boost\n|-unboost|p2a: Dragapult|atk|1\n|turn|1\n|\n|t:|1700932888\n|move|p2a: Dragapult|U-turn|p1a: Landorus\n|-resisted|p1a: Landorus\n|-damage|p1a: Landorus|97\/100\n|-damage|p2a: Dragapult|84\/100|[from] item: Rocky Helmet|[of] p1a: Landorus\n|\n|t:|1700932892\n|switch|p2a: Great Tusk|Great Tusk|100\/100|[from] U-turn\n|move|p1a: Landorus|Earthquake|p2a: Great Tusk\n|-damage|p2a: Great Tusk|71\/100\n|\n|-heal|p2a: Great Tusk|77\/100|[from] item: Leftovers\n|upkeep\n|turn|2\n|\n|t:|1700932906\n|switch|p1a: Alomomola|Alomomola, F|100\/100\n|move|p2a: Great Tusk|Knock Off|p1a: Alomomola\n|-damage|p1a: Alomomola|86\/100\n|-enditem|p1a: Alomomola|Heavy-Duty Boots|[from] move: Knock Off|[of] p2a: Great Tusk\n|\n|-heal|p2a: Great Tusk|84\/100|[from] item: Leftovers\n|upkeep\n|turn|3\n|\n|t:|1700932922\n|-end|p2a: Great Tusk|Protosynthesis|[silent]\n|switch|p2a: Empoleon|Empoleon, F|100\/100\n|move|p1a: Alomomola|Scald|p2a: Empoleon\n|-resisted|p2a: Empoleon\n|-damage|p2a: Empoleon|96\/100\n|\n|-heal|p2a: Empoleon|100\/100|[from] item: Leftovers\n|upkeep\n|turn|4\n|\n|t:|1700932934\n|move|p2a: Empoleon|Stealth Rock|p1a: Alomomola\n|-sidestart|p1: empoleon9000|move: Stealth Rock\n|move|p1a: Alomomola|Flip Turn|p2a: Empoleon\n|-resisted|p2a: Empoleon\n|-damage|p2a: Empoleon|92\/100\n|\n|t:|1700932960\n|switch|p1a: Frosmoth|Frosmoth, F|100\/100|[from] Flip Turn\n|\n|-heal|p2a: Empoleon|98\/100|[from] item: Leftovers\n|upkeep\n|turn|5\n|\n|t:|1700932981\n|move|p1a: Frosmoth|Quiver Dance|p1a: Frosmoth\n|-boost|p1a: Frosmoth|spa|1\n|-boost|p1a: Frosmoth|spd|1\n|-boost|p1a: Frosmoth|spe|1\n|move|p2a: Empoleon|Flip Turn|p1a: Frosmoth\n|-damage|p1a: Frosmoth|67\/100\n|\n|t:|1700933004\n|switch|p2a: Iron Moth|Iron Moth|100\/100|[from] Flip Turn\n|\n|upkeep\n|turn|6\n|\n|t:|1700933024\n|-terastallize|p2a: Iron Moth|Grass\n|-terastallize|p1a: Frosmoth|Ground\n|move|p2a: Iron Moth|Fiery Dance|p1a: Frosmoth\n|-damage|p1a: Frosmoth|46\/100\n|-boost|p2a: Iron Moth|spa|1\n|move|p1a: Frosmoth|Tera Blast|p2a: Iron Moth|[anim] Tera Blast Ground\n|-resisted|p2a: Iron Moth\n|-damage|p2a: Iron Moth|71\/100\n|\n|upkeep\n|turn|7\n|\n|t:|1700933039\n|-end|p2a: Iron Moth|Quark Drive|[silent]\n|switch|p2a: Zapdos|Zapdos|100\/100\n|move|p1a: Frosmoth|Quiver Dance|p1a: Frosmoth\n|-boost|p1a: Frosmoth|spa|1\n|-boost|p1a: Frosmoth|spd|1\n|-boost|p1a: Frosmoth|spe|1\n|\n|upkeep\n|turn|8\n|\n|t:|1700933050\n|move|p1a: Frosmoth|Ice Beam|p2a: Zapdos\n|-supereffective|p2a: Zapdos\n|-damage|p2a: Zapdos|0 fnt\n|faint|p2a: Zapdos\n|\n|upkeep\n|\n|t:|1700933058\n|switch|p2a: Empoleon|Empoleon, F|98\/100\n|turn|9\n|\n|t:|1700933065\n|move|p1a: Frosmoth|Tera Blast|p2a: Empoleon|[anim] Tera Blast Ground\n|-supereffective|p2a: Empoleon\n|-damage|p2a: Empoleon|0 fnt\n|faint|p2a: Empoleon\n|\n|upkeep\n|\n|t:|1700933072\n|switch|p2a: Ogerpon|Ogerpon-Cornerstone, F|100\/100\n|turn|10\n|c|\u2606gfrostmoths|oop\n|\n|t:|1700933098\n|move|p1a: Frosmoth|Substitute|p1a: Frosmoth\n|-start|p1a: Frosmoth|Substitute\n|-damage|p1a: Frosmoth|21\/100\n|move|p2a: Ogerpon|Horn Leech|p1a: Frosmoth\n|-supereffective|p1a: Frosmoth\n|-end|p1a: Frosmoth|Substitute\n|\n|upkeep\n|turn|11\n|\n|t:|1700933104\n|move|p1a: Frosmoth|Ice Beam|p2a: Ogerpon\n|-supereffective|p2a: Ogerpon\n|-ability|p2a: Ogerpon|Sturdy\n|-damage|p2a: Ogerpon|1\/100\n|move|p2a: Ogerpon|Trailblaze|p1a: Frosmoth\n|-supereffective|p1a: Frosmoth\n|-damage|p1a: Frosmoth|0 fnt\n|-boost|p2a: Ogerpon|spe|1\n|faint|p1a: Frosmoth\n|\n|upkeep\n|\n|t:|1700933132\n|switch|p1a: Kingambit|Kingambit, F|100\/100\n|-damage|p1a: Kingambit|94\/100|[from] Stealth Rock\n|-activate|p1a: Kingambit|ability: Supreme Overlord\n|-start|p1a: Kingambit|fallen1|[silent]\n|turn|12\n|\n|t:|1700933140\n|switch|p2a: Great Tusk|Great Tusk|84\/100\n|move|p1a: Kingambit|Kowtow Cleave|p2a: Great Tusk\n|-resisted|p2a: Great Tusk\n|-damage|p2a: Great Tusk|65\/100\n|\n|-heal|p2a: Great Tusk|71\/100|[from] item: Leftovers\n|upkeep\n|turn|13\n|\n|t:|1700933162\n|-end|p1a: Kingambit|fallen1|[silent]\n|switch|p1a: Alomomola|Alomomola, F|100\/100\n|-damage|p1a: Alomomola|88\/100|[from] Stealth Rock\n|move|p2a: Great Tusk|Knock Off|p1a: Alomomola\n|-damage|p1a: Alomomola|78\/100\n|\n|-heal|p2a: Great Tusk|77\/100|[from] item: Leftovers\n|upkeep\n|turn|14\n|\n|t:|1700933175\n|-end|p2a: Great Tusk|Protosynthesis|[silent]\n|switch|p2a: Dragapult|Dragapult, F|84\/100\n|move|p1a: Alomomola|Flip Turn|p2a: Dragapult\n|-resisted|p2a: Dragapult\n|-damage|p2a: Dragapult|73\/100\n|\n|t:|1700933180\n|switch|p1a: Kingambit|Kingambit, F|94\/100|[from] Flip Turn\n|-damage|p1a: Kingambit|88\/100|[from] Stealth Rock\n|-activate|p1a: Kingambit|ability: Supreme Overlord\n|-start|p1a: Kingambit|fallen1|[silent]\n|\n|upkeep\n|turn|15\n|\n|t:|1700933200\n|switch|p2a: Great Tusk|Great Tusk|77\/100\n|move|p1a: Kingambit|Kowtow Cleave|p2a: Great Tusk\n|-resisted|p2a: Great Tusk\n|-damage|p2a: Great Tusk|60\/100\n|\n|-heal|p2a: Great Tusk|66\/100|[from] item: Leftovers\n|upkeep\n|turn|16\n|\n|t:|1700933219\n|-end|p2a: Great Tusk|Protosynthesis|[silent]\n|switch|p2a: Ogerpon|Ogerpon-Cornerstone, F|1\/100\n|-end|p1a: Kingambit|fallen1|[silent]\n|switch|p1a: Alomomola|Alomomola, F|100\/100\n|-damage|p1a: Alomomola|88\/100|[from] Stealth Rock\n|\n|upkeep\n|turn|17\n|\n|t:|1700933235\n|switch|p1a: Landorus|Landorus-Therian, M|97\/100\n|-damage|p1a: Landorus|84\/100|[from] Stealth Rock\n|-ability|p1a: Landorus|Intimidate|boost\n|-unboost|p2a: Ogerpon|atk|1\n|move|p2a: Ogerpon|Horn Leech|p1a: Landorus\n|-damage|p1a: Landorus|62\/100\n|-heal|p2a: Ogerpon|15\/100|[from] drain|[of] p1a: Landorus\n|-damage|p2a: Ogerpon|0 fnt|[from] item: Rocky Helmet|[of] p1a: Landorus\n|faint|p2a: Ogerpon\n|\n|upkeep\n|\n|t:|1700933251\n|switch|p2a: Dragapult|Dragapult, F|73\/100\n|turn|18\n|\n|t:|1700933315\n|move|p2a: Dragapult|Shadow Ball|p1a: Landorus\n|-damage|p1a: Landorus|5\/100\n|move|p1a: Landorus|Earthquake|p2a: Dragapult\n|-damage|p2a: Dragapult|7\/100\n|\n|upkeep\n|turn|19\n|\n|t:|1700933330\n|switch|p2a: Iron Moth|Iron Moth, tera:Grass|71\/100\n|move|p1a: Landorus|U-turn|p2a: Iron Moth\n|-supereffective|p2a: Iron Moth\n|-damage|p2a: Iron Moth|1\/100\n|\n|t:|1700933360\n|switch|p1a: Slowking|Slowking-Galar, M|100\/100|[from] U-turn\n|-damage|p1a: Slowking|88\/100|[from] Stealth Rock\n|\n|upkeep\n|turn|20\n|\n|t:|1700933371\n|-end|p2a: Iron Moth|Quark Drive|[silent]\n|switch|p2a: Dragapult|Dragapult, F|7\/100\n|move|p1a: Slowking|Sludge Bomb|p2a: Dragapult\n|-resisted|p2a: Dragapult\n|-damage|p2a: Dragapult|0 fnt\n|faint|p2a: Dragapult\n|\n|upkeep\n|\n|t:|1700933377\n|switch|p2a: Great Tusk|Great Tusk|66\/100\n|turn|21\n|\n|t:|1700933381\n|move|p2a: Great Tusk|Knock Off|p1a: Slowking\n|-supereffective|p1a: Slowking\n|-damage|p1a: Slowking|26\/100\n|-enditem|p1a: Slowking|Choice Specs|[from] move: Knock Off|[of] p2a: Great Tusk\n|move|p1a: Slowking|Sludge Bomb|p2a: Great Tusk\n|-resisted|p2a: Great Tusk\n|-damage|p2a: Great Tusk|34\/100\n|-status|p2a: Great Tusk|psn\n|\n|-heal|p2a: Great Tusk|40\/100 psn|[from] item: Leftovers\n|-damage|p2a: Great Tusk|28\/100 psn|[from] psn\n|upkeep\n|turn|22\n|\n|t:|1700933400\n|switch|p1a: Alomomola|Alomomola, F|100\/100\n|-damage|p1a: Alomomola|88\/100|[from] Stealth Rock\n|move|p2a: Great Tusk|Close Combat|p1a: Alomomola\n|-damage|p1a: Alomomola|60\/100\n|-unboost|p2a: Great Tusk|def|1\n|-unboost|p2a: Great Tusk|spd|1\n|\n|-heal|p2a: Great Tusk|34\/100 psn|[from] item: Leftovers\n|-damage|p2a: Great Tusk|21\/100 psn|[from] psn\n|upkeep\n|turn|23\n|\n|t:|1700933427\n|move|p2a: Great Tusk|Close Combat|p1a: Alomomola\n|-damage|p1a: Alomomola|33\/100\n|-unboost|p2a: Great Tusk|def|1\n|-unboost|p2a: Great Tusk|spd|1\n|move|p1a: Alomomola|Flip Turn|p2a: Great Tusk\n|-supereffective|p2a: Great Tusk\n|-damage|p2a: Great Tusk|0 fnt\n|faint|p2a: Great Tusk\n|-end|p2a: Great Tusk|Protosynthesis|[silent]\n|\n|t:|1700933430\n|switch|p1a: Kingambit|Kingambit, F|88\/100|[from] Flip Turn\n|-damage|p1a: Kingambit|82\/100|[from] Stealth Rock\n|-activate|p1a: Kingambit|ability: Supreme Overlord\n|-start|p1a: Kingambit|fallen1|[silent]\n|\n|upkeep\n|\n|t:|1700933440\n|switch|p2a: Iron Moth|Iron Moth, tera:Grass|1\/100\n|turn|24\n|\n|t:|1700933443\n|move|p1a: Kingambit|Sucker Punch|p2a: Iron Moth\n|-damage|p2a: Iron Moth|0 fnt\n|faint|p2a: Iron Moth\n|-end|p2a: Iron Moth|Quark Drive|[silent]\n|\n|win|empoleon9000\n|c|\u2606empoleon9000|g\n|c|\u2606empoleon9000|gg*\n|c|\u2606gfrostmoths|gg\n","uploadtime":1700933457,"views":4,"p1id":"empoleon9000","p2id":"gfrostmoths","formatid":"gen9ou","rating":0,"private":0,"password":""}