{"id":"gen9ou-1993708459","p1":"FloweryFocus","p2":"MRxPERIWINKLE","format":"[Gen 9] OU","log":"|j|\u2606FloweryFocus\n|j|\u2606MRxPERIWINKLE\n|t:|1700347947\n|gametype|singles\n|player|p1|FloweryFocus|266|1358\n|player|p2|MRxPERIWINKLE|sabrina|1389\n|teamsize|p1|6\n|teamsize|p2|6\n|gen|9\n|tier|[Gen 9] OU\n|rated|\n|rule|Sleep Clause Mod: Limit one foe put to sleep\n|rule|Species Clause: Limit one of each Pok\u00e9mon\n|rule|OHKO Clause: OHKO moves are banned\n|rule|Evasion Items Clause: Evasion items are banned\n|rule|Evasion Moves Clause: Evasion moves are banned\n|rule|Endless Battle Clause: Forcing endless battles is banned\n|rule|HP Percentage Mod: HP is shown in percentages\n|clearpoke\n|poke|p1|Tyranitar, M|\n|poke|p1|Rillaboom, F|\n|poke|p1|Hatterene, F|\n|poke|p1|Alomomola, M|\n|poke|p1|Dragapult, M|\n|poke|p1|Scizor, M|\n|poke|p2|Pelipper, M|\n|poke|p2|Salamence, M|\n|poke|p2|Barraskewda, F|\n|poke|p2|Clefable, F|\n|poke|p2|Thundurus-Therian, M|\n|poke|p2|Kingambit, M|\n|teampreview\n|\n|t:|1700347964\n|start\n|switch|p1a: Dragapult|Dragapult, M|100\/100\n|switch|p2a: \"Not a Choke\"|Pelipper, M|100\/100\n|-weather|RainDance|[from] ability: Drizzle|[of] p2a: \"Not a Choke\"\n|turn|1\n|\n|t:|1700347970\n|move|p1a: Dragapult|Draco Meteor|p2a: \"Not a Choke\"\n|-damage|p2a: \"Not a Choke\"|0 fnt\n|-unboost|p1a: Dragapult|spa|2\n|faint|p2a: \"Not a Choke\"\n|\n|-weather|RainDance|[upkeep]\n|upkeep\n|\n|t:|1700347975\n|switch|p2a: TheChokeof2022|Barraskewda, F|100\/100\n|turn|2\n|\n|t:|1700347980\n|switch|p1a: Alomomola|Alomomola, M|100\/100\n|-terastallize|p2a: TheChokeof2022|Water\n|move|p2a: TheChokeof2022|Flip Turn|p1a: Alomomola\n|-resisted|p1a: Alomomola\n|-damage|p1a: Alomomola|75\/100\n|\n|t:|1700347985\n|switch|p2a: Soldier Boy|Thundurus-Therian, M|100\/100|[from] Flip Turn\n|\n|-weather|RainDance|[upkeep]\n|upkeep\n|turn|3\n|\n|t:|1700347988\n|switch|p1a: Tyranitar|Tyranitar, M|100\/100\n|-weather|Sandstorm|[from] ability: Sand Stream|[of] p1a: Tyranitar\n|move|p2a: Soldier Boy|Thunder|p1a: Tyranitar\n|-damage|p1a: Tyranitar|79\/100\n|-status|p1a: Tyranitar|par\n|\n|-weather|Sandstorm|[upkeep]\n|-damage|p2a: Soldier Boy|94\/100|[from] Sandstorm\n|upkeep\n|turn|4\n|\n|t:|1700347996\n|move|p2a: Soldier Boy|Focus Blast|p1a: Tyranitar\n|-supereffective|p1a: Tyranitar\n|-damage|p1a: Tyranitar|5\/100 par\n|move|p1a: Tyranitar|Knock Off|p2a: Soldier Boy\n|-damage|p2a: Soldier Boy|2\/100\n|-enditem|p2a: Soldier Boy|Heavy-Duty Boots|[from] move: Knock Off|[of] p1a: Tyranitar\n|\n|-weather|Sandstorm|[upkeep]\n|-damage|p2a: Soldier Boy|0 fnt|[from] Sandstorm\n|faint|p2a: Soldier Boy\n|upkeep\n|\n|t:|1700348007\n|switch|p2a: \"You've Won\"|Clefable, F|100\/100\n|turn|5\n|\n|t:|1700348012\n|switch|p1a: Hatterene|Hatterene, F|100\/100\n|move|p2a: \"You've Won\"|Stealth Rock|p1a: Hatterene\n|move|p1a: Hatterene|Stealth Rock|p2a: \"You've Won\"|[from]ability: Magic Bounce\n|-sidestart|p2: MRxPERIWINKLE|move: Stealth Rock\n|\n|-weather|Sandstorm|[upkeep]\n|-damage|p2a: \"You've Won\"|94\/100|[from] Sandstorm\n|-damage|p1a: Hatterene|95\/100|[from] Sandstorm\n|-heal|p2a: \"You've Won\"|100\/100|[from] item: Leftovers\n|-heal|p1a: Hatterene|100\/100|[from] item: Leftovers\n|upkeep\n|turn|6\n|\n|t:|1700348025\n|move|p2a: \"You've Won\"|Moonblast|p1a: Hatterene\n|-damage|p1a: Hatterene|69\/100\n|move|p1a: Hatterene|Psyshock|p2a: \"You've Won\"\n|-damage|p2a: \"You've Won\"|61\/100\n|\n|-weather|Sandstorm|[upkeep]\n|-damage|p2a: \"You've Won\"|55\/100|[from] Sandstorm\n|-damage|p1a: Hatterene|63\/100|[from] Sandstorm\n|-heal|p2a: \"You've Won\"|61\/100|[from] item: Leftovers\n|-heal|p1a: Hatterene|69\/100|[from] item: Leftovers\n|upkeep\n|turn|7\n|\n|t:|1700348037\n|move|p2a: \"You've Won\"|Moonblast|p1a: Hatterene\n|-damage|p1a: Hatterene|39\/100\n|move|p1a: Hatterene|Psyshock|p2a: \"You've Won\"\n|-damage|p2a: \"You've Won\"|24\/100\n|\n|-weather|none\n|-heal|p2a: \"You've Won\"|30\/100|[from] item: Leftovers\n|-heal|p1a: Hatterene|45\/100|[from] item: Leftovers\n|upkeep\n|turn|8\n|\n|t:|1700348044\n|move|p2a: \"You've Won\"|Moonlight|p2a: \"You've Won\"\n|-heal|p2a: \"You've Won\"|80\/100\n|move|p1a: Hatterene|Psyshock|p2a: \"You've Won\"\n|-damage|p2a: \"You've Won\"|39\/100\n|\n|-heal|p2a: \"You've Won\"|45\/100|[from] item: Leftovers\n|-heal|p1a: Hatterene|51\/100|[from] item: Leftovers\n|upkeep\n|turn|9\n|\n|t:|1700348047\n|move|p2a: \"You've Won\"|Moonlight|p2a: \"You've Won\"\n|-heal|p2a: \"You've Won\"|95\/100\n|move|p1a: Hatterene|Psyshock|p2a: \"You've Won\"\n|-damage|p2a: \"You've Won\"|57\/100\n|\n|-heal|p2a: \"You've Won\"|63\/100|[from] item: Leftovers\n|-heal|p1a: Hatterene|57\/100|[from] item: Leftovers\n|upkeep\n|turn|10\n|\n|t:|1700348053\n|move|p2a: \"You've Won\"|Moonblast|p1a: Hatterene\n|-damage|p1a: Hatterene|22\/100\n|move|p1a: Hatterene|Mystical Fire|p2a: \"You've Won\"\n|-damage|p2a: \"You've Won\"|49\/100\n|-unboost|p2a: \"You've Won\"|spa|1\n|\n|-heal|p2a: \"You've Won\"|55\/100|[from] item: Leftovers\n|-heal|p1a: Hatterene|28\/100|[from] item: Leftovers\n|upkeep\n|turn|11\n|\n|t:|1700348058\n|switch|p1a: Scizor|Scizor, M|100\/100\n|move|p2a: \"You've Won\"|Moonblast|p1a: Scizor\n|-resisted|p1a: Scizor\n|-damage|p1a: Scizor|85\/100\n|-unboost|p1a: Scizor|spa|1\n|\n|-heal|p2a: \"You've Won\"|61\/100|[from] item: Leftovers\n|upkeep\n|turn|12\n|\n|t:|1700348062\n|switch|p2a: SalaMorbius|Salamence, M|100\/100\n|-damage|p2a: SalaMorbius|76\/100|[from] Stealth Rock\n|-ability|p2a: SalaMorbius|Intimidate|boost\n|-unboost|p1a: Scizor|atk|1\n|move|p1a: Scizor|Bullet Punch|p2a: SalaMorbius\n|-damage|p2a: SalaMorbius|38\/100\n|-damage|p1a: Scizor|75\/100|[from] item: Life Orb\n|\n|upkeep\n|turn|13\n|\n|t:|1700348102\n|switch|p1a: Tyranitar|Tyranitar, M|5\/100 par\n|-weather|Sandstorm|[from] ability: Sand Stream|[of] p1a: Tyranitar\n|move|p2a: SalaMorbius|Fire Blast|p1a: Tyranitar\n|-resisted|p1a: Tyranitar\n|-damage|p1a: Tyranitar|0 fnt\n|faint|p1a: Tyranitar\n|\n|-weather|Sandstorm|[upkeep]\n|-damage|p2a: SalaMorbius|32\/100|[from] Sandstorm\n|upkeep\n|\n|t:|1700348114\n|switch|p1a: Dragapult|Dragapult, M|100\/100\n|turn|14\n|-message|MRxPERIWINKLE forfeited.\n|\n|win|FloweryFocus\n|raw|FloweryFocus's rating: 1358 &rarr; <strong>1380<\/strong><br \/>(+22 for winning)\n|raw|MRxPERIWINKLE's rating: 1389 &rarr; <strong>1367<\/strong><br \/>(-22 for losing)\n|l|\u2606MRxPERIWINKLE\n","uploadtime":1700348122,"views":8,"p1id":"floweryfocus","p2id":"mrxperiwinkle","formatid":"gen9ou","rating":1367,"private":0,"password":""}