{"id":"gen9ou-1996073514","p1":"Zuper_oce","p2":"heymarcusho","format":"[Gen 9] OU","log":"|j|\u2606Zuper_oce\n|j|\u2606heymarcusho\n|t:|1700639682\n|gametype|singles\n|player|p1|Zuper_oce|101|1140\n|player|p2|heymarcusho|101|1218\n|teamsize|p1|6\n|teamsize|p2|6\n|gen|9\n|tier|[Gen 9] OU\n|rated|\n|rule|Sleep Clause Mod: Limit one foe put to sleep\n|rule|Species Clause: Limit one of each Pok\u00e9mon\n|rule|OHKO Clause: OHKO moves are banned\n|rule|Evasion Items Clause: Evasion items are banned\n|rule|Evasion Moves Clause: Evasion moves are banned\n|rule|Endless Battle Clause: Forcing endless battles is banned\n|rule|HP Percentage Mod: HP is shown in percentages\n|clearpoke\n|poke|p1|Dragapult, F|\n|poke|p1|Corviknight, F|\n|poke|p1|Kingambit, F|\n|poke|p1|Ogerpon-Cornerstone, F|\n|poke|p1|Ceruledge, F|\n|poke|p1|Rillaboom, F|\n|poke|p2|Kingambit, M|\n|poke|p2|Landorus-Therian, M|\n|poke|p2|Ogerpon-Wellspring, F|\n|poke|p2|Dragapult, M|\n|poke|p2|Heatran, F|\n|poke|p2|Zapdos|\n|teampreview\n|inactive|Battle timer is ON: inactive players will automatically lose when time's up. (requested by Zuper_oce)\n|\n|t:|1700639700\n|start\n|switch|p1a: Dragapult|Dragapult, F, shiny|100\/100\n|switch|p2a: Heatran|Heatran, F|100\/100\n|turn|1\n|\n|t:|1700639716\n|move|p1a: Dragapult|Thunder Wave|p2a: Heatran\n|-status|p2a: Heatran|par\n|move|p2a: Heatran|Magma Storm|p1a: Dragapult|[miss]\n|-miss|p2a: Heatran|p1a: Dragapult\n|\n|upkeep\n|turn|2\n|inactive|Zuper_oce has 120 seconds left.\n|\n|t:|1700639750\n|move|p1a: Dragapult|Substitute|p1a: Dragapult\n|-start|p1a: Dragapult|Substitute\n|-damage|p1a: Dragapult|76\/100\n|cant|p2a: Heatran|par\n|\n|-heal|p1a: Dragapult|82\/100|[from] item: Leftovers\n|upkeep\n|turn|3\n|\n|t:|1700639759\n|switch|p2a: Kingambit|Kingambit, M|100\/100\n|move|p1a: Dragapult|Hex|p2a: Kingambit\n|-resisted|p2a: Kingambit\n|-damage|p2a: Kingambit|87\/100\n|\n|-heal|p1a: Dragapult|88\/100|[from] item: Leftovers\n|upkeep\n|turn|4\n|\n|t:|1700639778\n|move|p1a: Dragapult|Will-O-Wisp|p2a: Kingambit\n|-status|p2a: Kingambit|brn\n|move|p2a: Kingambit|Swords Dance|p2a: Kingambit\n|-boost|p2a: Kingambit|atk|2\n|\n|-heal|p1a: Dragapult|94\/100|[from] item: Leftovers\n|-damage|p2a: Kingambit|81\/100 brn|[from] brn\n|upkeep\n|turn|5\n|\n|t:|1700639788\n|move|p1a: Dragapult|Hex|p2a: Kingambit\n|-resisted|p2a: Kingambit\n|-damage|p2a: Kingambit|52\/100 brn\n|move|p2a: Kingambit|Swords Dance|p2a: Kingambit\n|-boost|p2a: Kingambit|atk|2\n|\n|-heal|p1a: Dragapult|99\/100|[from] item: Leftovers\n|-damage|p2a: Kingambit|46\/100 brn|[from] brn\n|upkeep\n|turn|6\n|\n|t:|1700639799\n|move|p1a: Dragapult|Hex|p2a: Kingambit\n|-resisted|p2a: Kingambit\n|-damage|p2a: Kingambit|20\/100 brn\n|move|p2a: Kingambit|Kowtow Cleave|p1a: Dragapult\n|-supereffective|p1a: Dragapult\n|-end|p1a: Dragapult|Substitute\n|\n|-heal|p1a: Dragapult|100\/100|[from] item: Leftovers\n|-damage|p2a: Kingambit|14\/100 brn|[from] brn\n|upkeep\n|turn|7\n|\n|t:|1700639809\n|move|p2a: Kingambit|Sucker Punch|p1a: Dragapult\n|-supereffective|p1a: Dragapult\n|-damage|p1a: Dragapult|0 fnt\n|faint|p1a: Dragapult\n|\n|-damage|p2a: Kingambit|8\/100 brn|[from] brn\n|upkeep\n|\n|t:|1700639819\n|switch|p1a: Corviknight|Corviknight, F, shiny|100\/100\n|-ability|p1a: Corviknight|Pressure\n|turn|8\n|\n|t:|1700639825\n|move|p2a: Kingambit|Sucker Punch||[still]\n|-fail|p2a: Kingambit\n|move|p1a: Corviknight|Roost||[still]\n|-fail|p1a: Corviknight|heal\n|\n|-damage|p2a: Kingambit|2\/100 brn|[from] brn\n|upkeep\n|turn|9\n|\n|t:|1700639834\n|move|p1a: Corviknight|U-turn|p2a: Kingambit\n|-damage|p2a: Kingambit|0 fnt\n|faint|p2a: Kingambit\n|\n|t:|1700639840\n|switch|p1a: Ogerpon|Ogerpon-Cornerstone, F|100\/100|[from] U-turn\n|\n|upkeep\n|\n|t:|1700639850\n|switch|p2a: Ogerpon|Ogerpon-Wellspring, F|100\/100\n|turn|10\n|\n|t:|1700639877\n|move|p1a: Ogerpon|Spikes|p2a: Ogerpon\n|-sidestart|p2: heymarcusho|Spikes\n|move|p2a: Ogerpon|Swords Dance|p2a: Ogerpon\n|-boost|p2a: Ogerpon|atk|2\n|\n|upkeep\n|turn|11\n|\n|t:|1700639885\n|move|p1a: Ogerpon|Taunt|p2a: Ogerpon\n|-start|p2a: Ogerpon|move: Taunt\n|move|p2a: Ogerpon|Horn Leech|p1a: Ogerpon\n|-ability|p1a: Ogerpon|Sturdy\n|-damage|p1a: Ogerpon|1\/100\n|\n|upkeep\n|turn|12\n|\n|t:|1700639896\n|switch|p1a: Corviknight|Corviknight, F, shiny|100\/100\n|-ability|p1a: Corviknight|Pressure\n|move|p2a: Ogerpon|Ivy Cudgel|p1a: Corviknight|[anim] Ivy Cudgel Water\n|-crit|p1a: Corviknight\n|-damage|p1a: Corviknight|16\/100\n|\n|-heal|p1a: Corviknight|22\/100|[from] item: Leftovers\n|upkeep\n|turn|13\n|\n|t:|1700639907\n|move|p2a: Ogerpon|Ivy Cudgel|p1a: Corviknight|[anim] Ivy Cudgel Water\n|-damage|p1a: Corviknight|0 fnt\n|faint|p1a: Corviknight\n|\n|-end|p2a: Ogerpon|move: Taunt\n|upkeep\n|\n|t:|1700639923\n|switch|p1a: Rillaboom|Rillaboom, F|100\/100\n|-fieldstart|move: Grassy Terrain|[from] ability: Grassy Surge|[of] p1a: Rillaboom\n|turn|14\n|\n|t:|1700639935\n|move|p2a: Ogerpon|Horn Leech|p1a: Rillaboom\n|-resisted|p1a: Rillaboom\n|-damage|p1a: Rillaboom|55\/100\n|move|p1a: Rillaboom|U-turn|p2a: Ogerpon\n|-supereffective|p2a: Ogerpon\n|-damage|p2a: Ogerpon|52\/100\n|inactive|Zuper_oce has 120 seconds left.\n|inactive|Zuper_oce has 90 seconds left.\n|\n|t:|1700639992\n|switch|p1a: Ogerpon|Ogerpon-Cornerstone, F|1\/100|[from] U-turn\n|\n|-heal|p1a: Ogerpon|7\/100|[from] Grassy Terrain\n|-heal|p2a: Ogerpon|58\/100|[from] Grassy Terrain\n|upkeep\n|turn|15\n|\n|t:|1700640009\n|move|p1a: Ogerpon|Power Whip|p2a: Ogerpon|[miss]\n|-miss|p1a: Ogerpon|p2a: Ogerpon\n|move|p2a: Ogerpon|Horn Leech|p1a: Ogerpon\n|-damage|p1a: Ogerpon|0 fnt\n|-heal|p2a: Ogerpon|61\/100|[from] drain|[of] p1a: Ogerpon\n|faint|p1a: Ogerpon\n|\n|-heal|p2a: Ogerpon|68\/100|[from] Grassy Terrain\n|upkeep\n|\n|t:|1700640022\n|switch|p1a: Ceruledge|Ceruledge, F, shiny|100\/100\n|turn|16\n|\n|t:|1700640028\n|-terastallize|p2a: Ogerpon|Water\n|detailschange|p2a: Ogerpon|Ogerpon-Wellspring-Tera, F, tera:Water\n|-ability|p2a: Ogerpon|Embody Aspect (Wellspring)|boost\n|-boost|p2a: Ogerpon|spd|1\n|move|p1a: Ceruledge|Swords Dance|p1a: Ceruledge\n|-boost|p1a: Ceruledge|atk|2\n|move|p2a: Ogerpon|Ivy Cudgel|p1a: Ceruledge|[anim] Ivy Cudgel Water\n|-supereffective|p1a: Ceruledge\n|-crit|p1a: Ceruledge\n|-enditem|p1a: Ceruledge|Focus Sash\n|-damage|p1a: Ceruledge|1\/100\n|-ability|p1a: Ceruledge|Weak Armor|boost\n|-unboost|p1a: Ceruledge|def|1\n|-boost|p1a: Ceruledge|spe|2\n|\n|-heal|p1a: Ceruledge|7\/100|[from] Grassy Terrain\n|-heal|p2a: Ogerpon|74\/100|[from] Grassy Terrain\n|upkeep\n|turn|17\n|\n|t:|1700640047\n|move|p2a: Ogerpon|Spiky Shield|p2a: Ogerpon\n|-singleturn|p2a: Ogerpon|move: Protect\n|move|p1a: Ceruledge|Poltergeist|p2a: Ogerpon\n|-activate|p2a: Ogerpon|move: Protect\n|\n|-heal|p1a: Ceruledge|13\/100|[from] Grassy Terrain\n|-heal|p2a: Ogerpon|80\/100|[from] Grassy Terrain\n|upkeep\n|turn|18\n|\n|t:|1700640058\n|move|p1a: Ceruledge|Poltergeist|p2a: Ogerpon\n|-activate|p2a: Ogerpon|move: Poltergeist|Wellspring Mask\n|-damage|p2a: Ogerpon|0 fnt\n|faint|p2a: Ogerpon\n|\n|-heal|p1a: Ceruledge|19\/100|[from] Grassy Terrain\n|-fieldend|move: Grassy Terrain\n|upkeep\n|\n|t:|1700640070\n|switch|p2a: Heatran|Heatran, F|100\/100 par\n|-damage|p2a: Heatran|88\/100 par|[from] Spikes\n|turn|19\n|\n|t:|1700640095\n|move|p1a: Ceruledge|Poltergeist|p2a: Heatran\n|-activate|p2a: Heatran|move: Poltergeist|Assault Vest\n|-damage|p2a: Heatran|0 fnt\n|faint|p2a: Heatran\n|\n|upkeep\n|\n|t:|1700640102\n|switch|p2a: Landorus|Landorus-Therian, M|100\/100\n|-ability|p2a: Landorus|Intimidate|boost\n|-unboost|p1a: Ceruledge|atk|1\n|turn|20\n|\n|t:|1700640121\n|move|p1a: Ceruledge|Poltergeist|p2a: Landorus\n|-activate|p2a: Landorus|move: Poltergeist|Choice Scarf\n|-damage|p2a: Landorus|0 fnt\n|faint|p2a: Landorus\n|\n|upkeep\n|\n|t:|1700640126\n|switch|p2a: Dragapult|Dragapult, M|100\/100\n|-damage|p2a: Dragapult|88\/100|[from] Spikes\n|turn|21\n|\n|t:|1700640134\n|move|p1a: Ceruledge|Poltergeist|p2a: Dragapult\n|-activate|p2a: Dragapult|move: Poltergeist|Sitrus Berry\n|-supereffective|p2a: Dragapult\n|-damage|p2a: Dragapult|0 fnt\n|faint|p2a: Dragapult\n|\n|upkeep\n|\n|t:|1700640136\n|switch|p2a: Zapdos|Zapdos|100\/100\n|turn|22\n|\n|t:|1700640143\n|move|p1a: Ceruledge|Poltergeist|p2a: Zapdos\n|-activate|p2a: Zapdos|move: Poltergeist|Life Orb\n|-damage|p2a: Zapdos|0 fnt\n|faint|p2a: Zapdos\n|\n|win|Zuper_oce\n|raw|Zuper_oce's rating: 1140 &rarr; <strong>1171<\/strong><br \/>(+31 for winning)\n|raw|heymarcusho's rating: 1218 &rarr; <strong>1187<\/strong><br \/>(-31 for losing)\n|l|\u2606heymarcusho\n","uploadtime":1700640177,"views":3,"p1id":"zuperoce","p2id":"heymarcusho","formatid":"gen9ou","rating":1171,"private":0,"password":""}