{"id":"gen9ou-1992546534","p1":"JocularMango","p2":"Daevank5","format":"[Gen 9] OU","log":"|j|\u2606JocularMango\n|j|\u2606Daevank5\n|t:|1700203339\n|gametype|singles\n|player|p1|JocularMango|170|1680\n|player|p2|Daevank5|workerice|1918\n|teamsize|p1|6\n|teamsize|p2|6\n|gen|9\n|tier|[Gen 9] OU\n|rated|\n|rule|Sleep Clause Mod: Limit one foe put to sleep\n|rule|Species Clause: Limit one of each Pok\u00e9mon\n|rule|OHKO Clause: OHKO moves are banned\n|rule|Evasion Items Clause: Evasion items are banned\n|rule|Evasion Moves Clause: Evasion moves are banned\n|rule|Endless Battle Clause: Forcing endless battles is banned\n|rule|HP Percentage Mod: HP is shown in percentages\n|clearpoke\n|poke|p1|Ribombee, M|\n|poke|p1|Breloom, F|\n|poke|p1|Heatran, M|\n|poke|p1|Garchomp, F|\n|poke|p1|Sandy Shocks|\n|poke|p1|Zoroark-Hisui, F|\n|poke|p2|Gholdengo|\n|poke|p2|Ting-Lu|\n|poke|p2|Clefable, F|\n|poke|p2|Toxapex, F|\n|poke|p2|Landorus-Therian, M|\n|poke|p2|Great Tusk|\n|teampreview\n|inactive|Battle timer is ON: inactive players will automatically lose when time's up. (requested by Daevank5)\n|inactive|JocularMango has 120 seconds left.\n|inactive|JocularMango has 90 seconds left.\n|\n|t:|1700203415\n|start\n|switch|p1a: Sandy Shocks|Sandy Shocks|100\/100\n|switch|p2a: Landorus|Landorus-Therian, M|100\/100\n|-ability|p2a: Landorus|Intimidate|boost\n|-unboost|p1a: Sandy Shocks|atk|1\n|-enditem|p1a: Sandy Shocks|Booster Energy\n|-activate|p1a: Sandy Shocks|ability: Protosynthesis|[fromitem]\n|-start|p1a: Sandy Shocks|protosynthesisspe\n|turn|1\n|\n|t:|1700203423\n|switch|p2a: Ting-Lu|Ting-Lu|100\/100\n|-ability|p2a: Ting-Lu|Vessel of Ruin\n|move|p1a: Sandy Shocks|Stealth Rock|p2a: Ting-Lu\n|-sidestart|p2: Daevank5|move: Stealth Rock\n|\n|upkeep\n|turn|2\n|\n|t:|1700203443\n|-end|p1a: Sandy Shocks|Protosynthesis|[silent]\n|switch|p1a: Heatran|Heatran, M|100\/100\n|move|p2a: Ting-Lu|Stealth Rock|p1a: Heatran\n|-sidestart|p1: JocularMango|move: Stealth Rock\n|\n|upkeep\n|turn|3\n|\n|t:|1700203451\n|move|p1a: Heatran|Nasty Plot|p1a: Heatran\n|-boost|p1a: Heatran|spa|2\n|move|p2a: Ting-Lu|Earthquake|p1a: Heatran\n|-damage|p1a: Heatran|29\/100\n|replace|p1a: Zoroark|Zoroark-Hisui, F\n|-end|p1a: Zoroark|Illusion\n|\n|upkeep\n|turn|4\n|inactive|Daevank5 has 120 seconds left.\n|\n|t:|1700203493\n|switch|p2a: Landorus|Landorus-Therian, M|100\/100\n|-damage|p2a: Landorus|88\/100|[from] Stealth Rock\n|-ability|p2a: Landorus|Intimidate|boost\n|-unboost|p1a: Zoroark|atk|1\n|move|p1a: Zoroark|Hyper Voice|p2a: Landorus\n|-damage|p2a: Landorus|0 fnt\n|faint|p2a: Landorus\n|\n|upkeep\n|\n|t:|1700203499\n|switch|p2a: Ting-Lu|Ting-Lu|100\/100\n|-damage|p2a: Ting-Lu|94\/100|[from] Stealth Rock\n|-ability|p2a: Ting-Lu|Vessel of Ruin\n|turn|5\n|\n|t:|1700203502\n|move|p1a: Zoroark|Hyper Voice|p2a: Ting-Lu\n|-crit|p2a: Ting-Lu\n|-damage|p2a: Ting-Lu|42\/100\n|move|p2a: Ting-Lu|Earthquake|p1a: Zoroark\n|-damage|p1a: Zoroark|0 fnt\n|faint|p1a: Zoroark\n|\n|-heal|p2a: Ting-Lu|48\/100|[from] item: Leftovers\n|upkeep\n|\n|t:|1700203517\n|switch|p1a: Ribombee|Ribombee, M|100\/100\n|-damage|p1a: Ribombee|76\/100|[from] Stealth Rock\n|turn|6\n|\n|t:|1700203522\n|move|p1a: Ribombee|Moonblast|p2a: Ting-Lu\n|-supereffective|p2a: Ting-Lu\n|-damage|p2a: Ting-Lu|16\/100\n|move|p2a: Ting-Lu|Spikes|p1a: Ribombee\n|-sidestart|p1: JocularMango|Spikes\n|\n|-heal|p2a: Ting-Lu|22\/100|[from] item: Leftovers\n|upkeep\n|turn|7\n|\n|t:|1700203531\n|move|p1a: Ribombee|Moonblast|p2a: Ting-Lu\n|-supereffective|p2a: Ting-Lu\n|-damage|p2a: Ting-Lu|0 fnt\n|faint|p2a: Ting-Lu\n|\n|upkeep\n|\n|t:|1700203540\n|switch|p2a: Gholdengo|Gholdengo|100\/100\n|-damage|p2a: Gholdengo|94\/100|[from] Stealth Rock\n|turn|8\n|\n|t:|1700203544\n|move|p1a: Ribombee|Moonblast|p2a: Gholdengo\n|-resisted|p2a: Gholdengo\n|-damage|p2a: Gholdengo|70\/100\n|-unboost|p2a: Gholdengo|spa|1\n|move|p2a: Gholdengo|Shadow Ball|p1a: Ribombee\n|-damage|p1a: Ribombee|0 fnt\n|faint|p1a: Ribombee\n|\n|upkeep\n|\n|t:|1700203552\n|switch|p1a: Sandy Shocks|Sandy Shocks|100\/100\n|-damage|p1a: Sandy Shocks|94\/100|[from] Stealth Rock\n|-damage|p1a: Sandy Shocks|82\/100|[from] Spikes\n|turn|9\n|\n|t:|1700203566\n|switch|p2a: Toxapex|Toxapex, F|100\/100\n|-damage|p2a: Toxapex|88\/100|[from] Stealth Rock\n|move|p1a: Sandy Shocks|Earth Power|p2a: Toxapex\n|-supereffective|p2a: Toxapex\n|-damage|p2a: Toxapex|29\/100\n|\n|-heal|p2a: Toxapex|35\/100|[from] item: Leftovers\n|upkeep\n|turn|10\n|\n|t:|1700203572\n|move|p1a: Sandy Shocks|Earth Power|p2a: Toxapex\n|-supereffective|p2a: Toxapex\n|-damage|p2a: Toxapex|0 fnt\n|faint|p2a: Toxapex\n|\n|upkeep\n|\n|t:|1700203574\n|switch|p2a: Clefable|Clefable, F|100\/100\n|turn|11\n|\n|t:|1700203591\n|-end|p1a: Sandy Shocks|Protosynthesis|[silent]\n|switch|p1a: Heatran|Heatran, M|100\/100\n|-damage|p1a: Heatran|88\/100|[from] Stealth Rock\n|-damage|p1a: Heatran|76\/100|[from] Spikes\n|move|p2a: Clefable|Wish|p2a: Clefable\n|\n|upkeep\n|turn|12\n|\n|t:|1700203599\n|switch|p2a: Great Tusk|Great Tusk|100\/100\n|-damage|p2a: Great Tusk|98\/100|[from] Stealth Rock\n|move|p1a: Heatran|Flash Cannon|p2a: Great Tusk\n|-damage|p2a: Great Tusk|0 fnt\n|faint|p2a: Great Tusk\n|-end|p2a: Great Tusk|Protosynthesis|[silent]\n|\n|upkeep\n|\n|t:|1700203605\n|switch|p2a: Clefable|Clefable, F|100\/100\n|turn|13\n|\n|t:|1700203623\n|-terastallize|p2a: Clefable|Water\n|move|p1a: Heatran|Flash Cannon|p2a: Clefable\n|-resisted|p2a: Clefable\n|-damage|p2a: Clefable|68\/100\n|move|p2a: Clefable|Calm Mind|p2a: Clefable\n|-boost|p2a: Clefable|spa|1\n|-boost|p2a: Clefable|spd|1\n|\n|-heal|p2a: Clefable|74\/100|[from] item: Leftovers\n|upkeep\n|turn|14\n|\n|t:|1700203629\n|switch|p1a: Sandy Shocks|Sandy Shocks|82\/100\n|-damage|p1a: Sandy Shocks|76\/100|[from] Stealth Rock\n|-damage|p1a: Sandy Shocks|63\/100|[from] Spikes\n|move|p2a: Clefable|Moonblast|p1a: Sandy Shocks\n|-damage|p1a: Sandy Shocks|9\/100\n|\n|-heal|p2a: Clefable|80\/100|[from] item: Leftovers\n|upkeep\n|turn|15\n|\n|t:|1700203634\n|move|p2a: Clefable|Protect|p2a: Clefable\n|-singleturn|p2a: Clefable|Protect\n|move|p1a: Sandy Shocks|Thunderbolt|p2a: Clefable\n|-activate|p2a: Clefable|move: Protect\n|\n|-heal|p2a: Clefable|86\/100|[from] item: Leftovers\n|upkeep\n|turn|16\n|\n|t:|1700203638\n|move|p1a: Sandy Shocks|Thunderbolt|p2a: Clefable\n|-supereffective|p2a: Clefable\n|-damage|p2a: Clefable|29\/100\n|move|p2a: Clefable|Wish|p2a: Clefable\n|\n|-heal|p2a: Clefable|35\/100|[from] item: Leftovers\n|upkeep\n|turn|17\n|\n|t:|1700203662\n|move|p2a: Clefable|Protect|p2a: Clefable\n|-singleturn|p2a: Clefable|Protect\n|move|p1a: Sandy Shocks|Thunderbolt|p2a: Clefable\n|-activate|p2a: Clefable|move: Protect\n|\n|-heal|p2a: Clefable|85\/100|[from] move: Wish|[wisher] Clefable\n|-heal|p2a: Clefable|91\/100|[from] item: Leftovers\n|upkeep\n|turn|18\n|\n|t:|1700203667\n|move|p1a: Sandy Shocks|Thunderbolt|p2a: Clefable\n|-supereffective|p2a: Clefable\n|-damage|p2a: Clefable|35\/100\n|-status|p2a: Clefable|par\n|move|p2a: Clefable|Calm Mind|p2a: Clefable\n|-boost|p2a: Clefable|spa|1\n|-boost|p2a: Clefable|spd|1\n|\n|-heal|p2a: Clefable|41\/100 par|[from] item: Leftovers\n|upkeep\n|turn|19\n|\n|t:|1700203669\n|move|p2a: Clefable|Protect|p2a: Clefable\n|-singleturn|p2a: Clefable|Protect\n|move|p1a: Sandy Shocks|Thunderbolt|p2a: Clefable\n|-activate|p2a: Clefable|move: Protect\n|\n|-heal|p2a: Clefable|47\/100 par|[from] item: Leftovers\n|upkeep\n|turn|20\n|\n|t:|1700203672\n|move|p1a: Sandy Shocks|Thunderbolt|p2a: Clefable\n|-supereffective|p2a: Clefable\n|-damage|p2a: Clefable|6\/100 par\n|move|p2a: Clefable|Wish|p2a: Clefable\n|\n|-heal|p2a: Clefable|12\/100 par|[from] item: Leftovers\n|upkeep\n|turn|21\n|\n|t:|1700203675\n|move|p2a: Clefable|Protect|p2a: Clefable\n|-singleturn|p2a: Clefable|Protect\n|move|p1a: Sandy Shocks|Thunderbolt|p2a: Clefable\n|-activate|p2a: Clefable|move: Protect\n|\n|-heal|p2a: Clefable|62\/100 par|[from] move: Wish|[wisher] Clefable\n|-heal|p2a: Clefable|68\/100 par|[from] item: Leftovers\n|upkeep\n|turn|22\n|\n|t:|1700203677\n|move|p1a: Sandy Shocks|Thunderbolt|p2a: Clefable\n|-supereffective|p2a: Clefable\n|-damage|p2a: Clefable|30\/100 par\n|move|p2a: Clefable|Wish|p2a: Clefable\n|\n|-heal|p2a: Clefable|36\/100 par|[from] item: Leftovers\n|upkeep\n|turn|23\n|\n|t:|1700203679\n|move|p2a: Clefable|Protect|p2a: Clefable\n|-singleturn|p2a: Clefable|Protect\n|move|p1a: Sandy Shocks|Thunderbolt|p2a: Clefable\n|-activate|p2a: Clefable|move: Protect\n|\n|-heal|p2a: Clefable|86\/100 par|[from] move: Wish|[wisher] Clefable\n|-heal|p2a: Clefable|92\/100 par|[from] item: Leftovers\n|upkeep\n|turn|24\n|j| Scrammysaur\n|\n|t:|1700203689\n|move|p1a: Sandy Shocks|Thunderbolt|p2a: Clefable\n|-supereffective|p2a: Clefable\n|-damage|p2a: Clefable|49\/100 par\n|cant|p2a: Clefable|par\n|\n|-heal|p2a: Clefable|55\/100 par|[from] item: Leftovers\n|upkeep\n|turn|25\n|\n|t:|1700203694\n|move|p2a: Clefable|Protect|p2a: Clefable\n|-singleturn|p2a: Clefable|Protect\n|move|p1a: Sandy Shocks|Thunderbolt|p2a: Clefable\n|-activate|p2a: Clefable|move: Protect\n|\n|-heal|p2a: Clefable|61\/100 par|[from] item: Leftovers\n|upkeep\n|turn|26\n|\n|t:|1700203698\n|move|p1a: Sandy Shocks|Thunderbolt|p2a: Clefable\n|-supereffective|p2a: Clefable\n|-damage|p2a: Clefable|18\/100 par\n|move|p2a: Clefable|Wish|p2a: Clefable\n|\n|-heal|p2a: Clefable|24\/100 par|[from] item: Leftovers\n|upkeep\n|turn|27\n|\n|t:|1700203705\n|move|p2a: Clefable|Protect|p2a: Clefable\n|-singleturn|p2a: Clefable|Protect\n|move|p1a: Sandy Shocks|Thunderbolt|p2a: Clefable\n|-activate|p2a: Clefable|move: Protect\n|\n|-heal|p2a: Clefable|74\/100 par|[from] move: Wish|[wisher] Clefable\n|-heal|p2a: Clefable|80\/100 par|[from] item: Leftovers\n|upkeep\n|turn|28\n|\n|t:|1700203710\n|move|p1a: Sandy Shocks|Thunderbolt|p2a: Clefable\n|-supereffective|p2a: Clefable\n|-damage|p2a: Clefable|36\/100 par\n|move|p2a: Clefable|Wish|p2a: Clefable\n|\n|-heal|p2a: Clefable|42\/100 par|[from] item: Leftovers\n|upkeep\n|turn|29\n|\n|t:|1700203715\n|move|p2a: Clefable|Protect|p2a: Clefable\n|-singleturn|p2a: Clefable|Protect\n|move|p1a: Sandy Shocks|Thunderbolt|p2a: Clefable\n|-activate|p2a: Clefable|move: Protect\n|\n|-heal|p2a: Clefable|92\/100 par|[from] move: Wish|[wisher] Clefable\n|-heal|p2a: Clefable|98\/100 par|[from] item: Leftovers\n|upkeep\n|turn|30\n|\n|t:|1700203718\n|move|p1a: Sandy Shocks|Thunderbolt|p2a: Clefable\n|-supereffective|p2a: Clefable\n|-damage|p2a: Clefable|59\/100 par\n|cant|p2a: Clefable|par\n|\n|-heal|p2a: Clefable|65\/100 par|[from] item: Leftovers\n|upkeep\n|turn|31\n|\n|t:|1700203723\n|move|p2a: Clefable|Protect|p2a: Clefable\n|-singleturn|p2a: Clefable|Protect\n|move|p1a: Sandy Shocks|Thunderbolt|p2a: Clefable\n|-activate|p2a: Clefable|move: Protect\n|\n|-heal|p2a: Clefable|72\/100 par|[from] item: Leftovers\n|upkeep\n|turn|32\n|\n|t:|1700203726\n|move|p1a: Sandy Shocks|Thunderbolt|p2a: Clefable\n|-supereffective|p2a: Clefable\n|-damage|p2a: Clefable|32\/100 par\n|move|p2a: Clefable|Wish|p2a: Clefable\n|\n|-heal|p2a: Clefable|38\/100 par|[from] item: Leftovers\n|upkeep\n|turn|33\n|\n|t:|1700203734\n|move|p2a: Clefable|Protect|p2a: Clefable\n|-singleturn|p2a: Clefable|Protect\n|move|p1a: Sandy Shocks|Thunderbolt|p2a: Clefable\n|-activate|p2a: Clefable|move: Protect\n|\n|-heal|p2a: Clefable|88\/100 par|[from] move: Wish|[wisher] Clefable\n|-heal|p2a: Clefable|94\/100 par|[from] item: Leftovers\n|upkeep\n|turn|34\n|\n|t:|1700203737\n|move|p1a: Sandy Shocks|Thunderbolt|p2a: Clefable\n|-supereffective|p2a: Clefable\n|-damage|p2a: Clefable|51\/100 par\n|move|p2a: Clefable|Calm Mind|p2a: Clefable\n|-boost|p2a: Clefable|spa|1\n|-boost|p2a: Clefable|spd|1\n|\n|-heal|p2a: Clefable|57\/100 par|[from] item: Leftovers\n|upkeep\n|turn|35\n|\n|t:|1700203743\n|move|p1a: Sandy Shocks|Thunderbolt|p2a: Clefable\n|-supereffective|p2a: Clefable\n|-damage|p2a: Clefable|24\/100 par\n|move|p2a: Clefable|Wish|p2a: Clefable\n|\n|-heal|p2a: Clefable|30\/100 par|[from] item: Leftovers\n|upkeep\n|turn|36\n|\n|t:|1700203752\n|move|p2a: Clefable|Protect|p2a: Clefable\n|-singleturn|p2a: Clefable|Protect\n|move|p1a: Sandy Shocks|Earth Power|p2a: Clefable\n|-activate|p2a: Clefable|move: Protect\n|\n|-heal|p2a: Clefable|80\/100 par|[from] move: Wish|[wisher] Clefable\n|-heal|p2a: Clefable|86\/100 par|[from] item: Leftovers\n|upkeep\n|turn|37\n|\n|t:|1700203756\n|move|p1a: Sandy Shocks|Thunderbolt|p2a: Clefable\n|-supereffective|p2a: Clefable\n|-damage|p2a: Clefable|52\/100 par\n|move|p2a: Clefable|Wish|p2a: Clefable\n|\n|-heal|p2a: Clefable|58\/100 par|[from] item: Leftovers\n|upkeep\n|turn|38\n|\n|t:|1700203764\n|move|p1a: Sandy Shocks|Earth Power|p2a: Clefable\n|-damage|p2a: Clefable|40\/100 par\n|-unboost|p2a: Clefable|spd|1\n|cant|p2a: Clefable|par\n|\n|-heal|p2a: Clefable|90\/100 par|[from] move: Wish|[wisher] Clefable\n|-heal|p2a: Clefable|96\/100 par|[from] item: Leftovers\n|upkeep\n|turn|39\n|\n|t:|1700203769\n|move|p1a: Sandy Shocks|Earth Power|p2a: Clefable\n|-damage|p2a: Clefable|77\/100 par\n|move|p2a: Clefable|Calm Mind|p2a: Clefable\n|-boost|p2a: Clefable|spa|1\n|-boost|p2a: Clefable|spd|1\n|\n|-heal|p2a: Clefable|83\/100 par|[from] item: Leftovers\n|upkeep\n|turn|40\n|\n|t:|1700203773\n|move|p1a: Sandy Shocks|Earth Power|p2a: Clefable\n|-damage|p2a: Clefable|65\/100 par\n|cant|p2a: Clefable|par\n|\n|-heal|p2a: Clefable|71\/100 par|[from] item: Leftovers\n|upkeep\n|turn|41\n|\n|t:|1700203776\n|move|p1a: Sandy Shocks|Earth Power|p2a: Clefable\n|-damage|p2a: Clefable|56\/100 par\n|move|p2a: Clefable|Wish|p2a: Clefable\n|\n|-heal|p2a: Clefable|62\/100 par|[from] item: Leftovers\n|upkeep\n|turn|42\n|\n|t:|1700203781\n|move|p1a: Sandy Shocks|Thunderbolt|p2a: Clefable\n|-supereffective|p2a: Clefable\n|-damage|p2a: Clefable|26\/100 par\n|move|p2a: Clefable|Calm Mind|p2a: Clefable\n|-boost|p2a: Clefable|spa|1\n|-boost|p2a: Clefable|spd|1\n|\n|-heal|p2a: Clefable|76\/100 par|[from] move: Wish|[wisher] Clefable\n|-heal|p2a: Clefable|82\/100 par|[from] item: Leftovers\n|upkeep\n|turn|43\n|\n|t:|1700203784\n|move|p2a: Clefable|Protect|p2a: Clefable\n|-singleturn|p2a: Clefable|Protect\n|move|p1a: Sandy Shocks|Earth Power|p2a: Clefable\n|-activate|p2a: Clefable|move: Protect\n|\n|-heal|p2a: Clefable|89\/100 par|[from] item: Leftovers\n|upkeep\n|turn|44\n|\n|t:|1700203789\n|move|p1a: Sandy Shocks|Earth Power|p2a: Clefable\n|-damage|p2a: Clefable|73\/100 par\n|-unboost|p2a: Clefable|spd|1\n|move|p2a: Clefable|Wish|p2a: Clefable\n|\n|-heal|p2a: Clefable|79\/100 par|[from] item: Leftovers\n|upkeep\n|turn|45\n|\n|t:|1700203795\n|move|p1a: Sandy Shocks|Thunderbolt|p2a: Clefable\n|-supereffective|p2a: Clefable\n|-damage|p2a: Clefable|47\/100 par\n|cant|p2a: Clefable|par\n|\n|-heal|p2a: Clefable|97\/100 par|[from] move: Wish|[wisher] Clefable\n|-heal|p2a: Clefable|100\/100 par|[from] item: Leftovers\n|upkeep\n|turn|46\n|\n|t:|1700203798\n|move|p1a: Sandy Shocks|Earth Power|p2a: Clefable\n|-damage|p2a: Clefable|84\/100 par\n|move|p2a: Clefable|Wish|p2a: Clefable\n|\n|-heal|p2a: Clefable|90\/100 par|[from] item: Leftovers\n|upkeep\n|turn|47\n|\n|t:|1700203803\n|move|p1a: Sandy Shocks|Earth Power|p2a: Clefable\n|-damage|p2a: Clefable|74\/100 par\n|-unboost|p2a: Clefable|spd|1\n|move|p2a: Clefable|Moonblast|p1a: Sandy Shocks\n|-damage|p1a: Sandy Shocks|0 fnt\n|faint|p1a: Sandy Shocks\n|-end|p1a: Sandy Shocks|Protosynthesis|[silent]\n|\n|-heal|p2a: Clefable|100\/100 par|[from] move: Wish|[wisher] Clefable\n|upkeep\n|\n|t:|1700203813\n|switch|p1a: Garchomp|Garchomp, F|100\/100\n|-damage|p1a: Garchomp|94\/100|[from] Stealth Rock\n|-damage|p1a: Garchomp|82\/100|[from] Spikes\n|turn|48\n|\n|t:|1700203820\n|move|p1a: Garchomp|Earthquake|p2a: Clefable\n|-damage|p2a: Clefable|60\/100 par\n|move|p2a: Clefable|Moonblast|p1a: Garchomp\n|-supereffective|p1a: Garchomp\n|-crit|p1a: Garchomp\n|-damage|p1a: Garchomp|0 fnt\n|faint|p1a: Garchomp\n|\n|-heal|p2a: Clefable|66\/100 par|[from] item: Leftovers\n|upkeep\n|\n|t:|1700203823\n|switch|p1a: Breloom|Breloom, F|100\/100\n|-damage|p1a: Breloom|94\/100|[from] Stealth Rock\n|-damage|p1a: Breloom|82\/100|[from] Spikes\n|turn|49\n|\n|t:|1700203826\n|move|p2a: Clefable|Protect|p2a: Clefable\n|-singleturn|p2a: Clefable|Protect\n|move|p1a: Breloom|Bullet Seed|p2a: Clefable\n|-activate|p2a: Clefable|move: Protect\n|\n|-heal|p2a: Clefable|72\/100 par|[from] item: Leftovers\n|upkeep\n|turn|50\n|\n|t:|1700203833\n|switch|p2a: Gholdengo|Gholdengo|70\/100\n|-damage|p2a: Gholdengo|64\/100|[from] Stealth Rock\n|move|p1a: Breloom|Bullet Seed|p2a: Gholdengo\n|-resisted|p2a: Gholdengo\n|-damage|p2a: Gholdengo|52\/100\n|-resisted|p2a: Gholdengo\n|-damage|p2a: Gholdengo|40\/100\n|-resisted|p2a: Gholdengo\n|-damage|p2a: Gholdengo|28\/100\n|-resisted|p2a: Gholdengo\n|-damage|p2a: Gholdengo|17\/100\n|-hitcount|p2a: Gholdengo|4\n|\n|upkeep\n|turn|51\n|\n|t:|1700203842\n|switch|p1a: Heatran|Heatran, M|76\/100\n|-damage|p1a: Heatran|63\/100|[from] Stealth Rock\n|-damage|p1a: Heatran|51\/100|[from] Spikes\n|move|p2a: Gholdengo|Shadow Ball|p1a: Heatran\n|-damage|p1a: Heatran|0 fnt\n|faint|p1a: Heatran\n|\n|upkeep\n|\n|t:|1700203843\n|switch|p1a: Breloom|Breloom, F|82\/100\n|-damage|p1a: Breloom|76\/100|[from] Stealth Rock\n|-damage|p1a: Breloom|64\/100|[from] Spikes\n|turn|52\n|\n|t:|1700203845\n|move|p2a: Gholdengo|Shadow Ball|p1a: Breloom\n|-damage|p1a: Breloom|0 fnt\n|faint|p1a: Breloom\n|\n|win|Daevank5\n|raw|JocularMango's rating: 1680 &rarr; <strong>1672<\/strong><br \/>(-8 for losing)\n|raw|Daevank5's rating: 1918 &rarr; <strong>1926<\/strong><br \/>(+8 for winning)\n|l|\u2606JocularMango\n","uploadtime":1700203872,"views":54,"p1id":"jocularmango","p2id":"daevank5","formatid":"gen9ou","rating":1672,"private":0,"password":""}