{"id":"gen9ou-1996591087","p1":"Kimun_Kamui","p2":"del water gap","format":"[Gen 9] OU","log":"|j|\u2606Kimun_Kamui\n|j|\u2606del water gap\n|t:|1700697956\n|gametype|singles\n|player|p1|Kimun_Kamui|gentleman-gen4dp|1572\n|player|p2|del water gap|acetrainersnowf|1598\n|teamsize|p1|6\n|teamsize|p2|6\n|gen|9\n|tier|[Gen 9] OU\n|rated|\n|rule|Sleep Clause Mod: Limit one foe put to sleep\n|rule|Species Clause: Limit one of each Pok\u00e9mon\n|rule|OHKO Clause: OHKO moves are banned\n|rule|Evasion Items Clause: Evasion items are banned\n|rule|Evasion Moves Clause: Evasion moves are banned\n|rule|Endless Battle Clause: Forcing endless battles is banned\n|rule|HP Percentage Mod: HP is shown in percentages\n|clearpoke\n|poke|p1|Clodsire, M|\n|poke|p1|Rotom-Wash|\n|poke|p1|Dragonite, F|\n|poke|p1|Amoonguss, F|\n|poke|p1|Scizor, M|\n|poke|p1|Cinderace, M|\n|poke|p2|Landorus-Therian, M|\n|poke|p2|Zamazenta-*|\n|poke|p2|Slowking-Galar, M|\n|poke|p2|Ogerpon-Wellspring, F|\n|poke|p2|Gholdengo|\n|poke|p2|Cinderace, M|\n|teampreview\n|inactive|Battle timer is ON: inactive players will automatically lose when time's up. (requested by Kimun_Kamui)\n|j| randomuser0000\n|\n|t:|1700697969\n|start\n|switch|p1a: L\u00edbero|Cinderace, M|100\/100\n|switch|p2a: Slowking|Slowking-Galar, M|100\/100\n|turn|1\n|\n|t:|1700697972\n|move|p1a: L\u00edbero|U-turn|p2a: Slowking\n|-start|p1a: L\u00edbero|typechange|Bug|[from] ability: Libero\n|-damage|p2a: Slowking|75\/100\n|\n|t:|1700697977\n|switch|p1a: Edward|Scizor, M|100\/100|[from] U-turn\n|move|p2a: Slowking|Chilly Reception|p2a: Slowking\n|-weather|Snow\n|\n|t:|1700697984\n|switch|p2a: Cinderace|Cinderace, M|100\/100|[from] Chilly Reception\n|\n|-weather|Snow|[upkeep]\n|upkeep\n|turn|2\n|\n|t:|1700697988\n|switch|p1a: Cloud Sire|Clodsire, M, shiny|100\/100\n|move|p2a: Cinderace|Pyro Ball|p1a: Cloud Sire\n|-damage|p1a: Cloud Sire|40\/100\n|\n|-weather|Snow|[upkeep]\n|-heal|p1a: Cloud Sire|46\/100|[from] item: Black Sludge\n|upkeep\n|turn|3\n|\n|t:|1700697993\n|switch|p1a: Expex|Dragonite, F|100\/100\n|move|p2a: Cinderace|Pyro Ball|p1a: Expex\n|-resisted|p1a: Expex\n|-damage|p1a: Expex|88\/100\n|\n|-weather|Snow|[upkeep]\n|upkeep\n|turn|4\n|\n|t:|1700698002\n|move|p2a: Cinderace|U-turn|p1a: Expex\n|-start|p2a: Cinderace|typechange|Bug|[from] ability: Libero\n|-resisted|p1a: Expex\n|-damage|p1a: Expex|71\/100\n|\n|t:|1700698005\n|switch|p2a: Landorus|Landorus-Therian, M|100\/100|[from] U-turn\n|-ability|p2a: Landorus|Intimidate|boost\n|-unboost|p1a: Expex|atk|1\n|move|p1a: Expex|Hurricane|p2a: Landorus\n|-damage|p2a: Landorus|48\/100\n|-start|p2a: Landorus|confusion\n|\n|-weather|Snow|[upkeep]\n|-heal|p2a: Landorus|54\/100|[from] item: Leftovers\n|upkeep\n|turn|5\n|\n|t:|1700698017\n|switch|p2a: Slowking|Slowking-Galar, M|100\/100\n|move|p1a: Expex|Hurricane|p2a: Slowking|[miss]\n|-miss|p1a: Expex|p2a: Slowking\n|\n|-weather|none\n|upkeep\n|turn|6\n|\n|t:|1700698021\n|switch|p1a: Cloud Sire|Clodsire, M, shiny|46\/100\n|move|p2a: Slowking|Ice Beam|p1a: Cloud Sire\n|-supereffective|p1a: Cloud Sire\n|-damage|p1a: Cloud Sire|23\/100\n|\n|-heal|p1a: Cloud Sire|29\/100|[from] item: Black Sludge\n|upkeep\n|turn|7\n|\n|t:|1700698025\n|move|p1a: Cloud Sire|Stealth Rock|p2a: Slowking\n|-sidestart|p2: del water gap|move: Stealth Rock\n|move|p2a: Slowking|Future Sight|p1a: Cloud Sire\n|-start|p2a: Slowking|move: Future Sight\n|\n|-heal|p1a: Cloud Sire|35\/100|[from] item: Black Sludge\n|upkeep\n|turn|8\n|\n|t:|1700698029\n|switch|p1a: Edward|Scizor, M|100\/100\n|move|p2a: Slowking|Chilly Reception|p2a: Slowking\n|-weather|Snow\n|\n|t:|1700698032\n|switch|p2a: Cinderace|Cinderace, M|100\/100|[from] Chilly Reception\n|\n|-weather|Snow|[upkeep]\n|upkeep\n|turn|9\n|\n|t:|1700698038\n|switch|p1a: Mui\u00e9|Rotom-Wash, shiny|100\/100\n|move|p2a: Cinderace|Pyro Ball|p1a: Mui\u00e9\n|-resisted|p1a: Mui\u00e9\n|-damage|p1a: Mui\u00e9|62\/100\n|\n|-weather|Snow|[upkeep]\n|-end|p1a: Mui\u00e9|move: Future Sight\n|-crit|p1a: Mui\u00e9\n|-damage|p1a: Mui\u00e9|0 fnt\n|faint|p1a: Mui\u00e9\n|upkeep\n|\n|t:|1700698046\n|switch|p1a: L\u00edbero|Cinderace, M|100\/100\n|turn|10\n|\n|t:|1700698064\n|move|p1a: L\u00edbero|Pyro Ball|p2a: Cinderace\n|-resisted|p2a: Cinderace\n|-damage|p2a: Cinderace|58\/100\n|move|p2a: Cinderace|Court Change|p2a: Cinderace\n|-start|p2a: Cinderace|typechange|Normal|[from] ability: Libero\n|-swapsideconditions\n|-activate|p2a: Cinderace|move: Court Change\n|\n|-weather|Snow|[upkeep]\n|upkeep\n|turn|11\n|\n|t:|1700698069\n|switch|p2a: Landorus|Landorus-Therian, M|54\/100\n|-ability|p2a: Landorus|Intimidate|boost\n|-unboost|p1a: L\u00edbero|atk|1\n|move|p1a: L\u00edbero|Court Change|p1a: L\u00edbero\n|-start|p1a: L\u00edbero|typechange|Normal|[from] ability: Libero\n|-swapsideconditions\n|-activate|p1a: L\u00edbero|move: Court Change\n|\n|-weather|Snow|[upkeep]\n|-heal|p2a: Landorus|60\/100|[from] item: Leftovers\n|upkeep\n|turn|12\n|\n|t:|1700698077\n|move|p1a: L\u00edbero|Will-O-Wisp|p2a: Landorus|[miss]\n|-miss|p1a: L\u00edbero|p2a: Landorus\n|move|p2a: Landorus|Smack Down|p1a: L\u00edbero\n|-damage|p1a: L\u00edbero|78\/100\n|\n|-weather|none\n|-heal|p2a: Landorus|66\/100|[from] item: Leftovers\n|upkeep\n|turn|13\n|\n|t:|1700698080\n|move|p1a: L\u00edbero|Will-O-Wisp|p2a: Landorus\n|-status|p2a: Landorus|brn\n|move|p2a: Landorus|Earthquake|p1a: L\u00edbero\n|-damage|p1a: L\u00edbero|44\/100\n|\n|-heal|p2a: Landorus|72\/100 brn|[from] item: Leftovers\n|-damage|p2a: Landorus|66\/100 brn|[from] brn\n|upkeep\n|turn|14\n|\n|t:|1700698082\n|move|p1a: L\u00edbero|U-turn|p2a: Landorus\n|-resisted|p2a: Landorus\n|-damage|p2a: Landorus|59\/100 brn\n|\n|t:|1700698085\n|switch|p1a: Edward|Scizor, M|100\/100|[from] U-turn\n|move|p2a: Landorus|Smack Down|p1a: Edward\n|-damage|p1a: Edward|93\/100\n|\n|-heal|p2a: Landorus|65\/100 brn|[from] item: Leftovers\n|-damage|p2a: Landorus|59\/100 brn|[from] brn\n|upkeep\n|turn|15\n|\n|t:|1700698093\n|move|p2a: Landorus|Earthquake|p1a: Edward\n|-damage|p1a: Edward|67\/100\n|move|p1a: Edward|Knock Off|p2a: Landorus\n|-damage|p2a: Landorus|5\/100 brn\n|-enditem|p2a: Landorus|Leftovers|[from] move: Knock Off|[of] p1a: Edward\n|\n|-damage|p2a: Landorus|0 fnt|[from] brn\n|faint|p2a: Landorus\n|upkeep\n|\n|t:|1700698096\n|switch|p2a: Cinderace|Cinderace, M|58\/100\n|turn|16\n|\n|t:|1700698099\n|switch|p1a: L\u00edbero|Cinderace, M|44\/100\n|move|p2a: Cinderace|Pyro Ball|p1a: L\u00edbero\n|-resisted|p1a: L\u00edbero\n|-damage|p1a: L\u00edbero|0 fnt\n|faint|p1a: L\u00edbero\n|\n|upkeep\n|\n|t:|1700698103\n|switch|p1a: Expex|Dragonite, F|71\/100\n|turn|17\n|\n|t:|1700698106\n|move|p2a: Cinderace|Court Change|p2a: Cinderace\n|-start|p2a: Cinderace|typechange|Normal|[from] ability: Libero\n|-swapsideconditions\n|-activate|p2a: Cinderace|move: Court Change\n|move|p1a: Expex|Hurricane|p2a: Cinderace|[miss]\n|-miss|p1a: Expex|p2a: Cinderace\n|\n|upkeep\n|turn|18\n|\n|t:|1700698117\n|move|p2a: Cinderace|Pyro Ball|p1a: Expex\n|-resisted|p1a: Expex\n|-damage|p1a: Expex|53\/100\n|move|p1a: Expex|Roost|p1a: Expex\n|-heal|p1a: Expex|100\/100\n|-singleturn|p1a: Expex|move: Roost\n|\n|upkeep\n|turn|19\n|\n|t:|1700698120\n|move|p2a: Cinderace|U-turn|p1a: Expex\n|-resisted|p1a: Expex\n|-damage|p1a: Expex|95\/100\n|\n|t:|1700698121\n|switch|p2a: Slowking|Slowking-Galar, M|100\/100|[from] U-turn\n|move|p1a: Expex|Hurricane|p2a: Slowking\n|-damage|p2a: Slowking|59\/100\n|\n|upkeep\n|turn|20\n|\n|t:|1700698124\n|switch|p1a: Cloud Sire|Clodsire, M, shiny|35\/100\n|-damage|p1a: Cloud Sire|29\/100|[from] Stealth Rock\n|move|p2a: Slowking|Ice Beam|p1a: Cloud Sire\n|-supereffective|p1a: Cloud Sire\n|-damage|p1a: Cloud Sire|4\/100\n|\n|-heal|p1a: Cloud Sire|10\/100|[from] item: Black Sludge\n|upkeep\n|turn|21\n|\n|t:|1700698132\n|switch|p1a: Edward|Scizor, M|67\/100\n|-damage|p1a: Edward|55\/100|[from] Stealth Rock\n|move|p2a: Slowking|Future Sight|p1a: Edward\n|-start|p2a: Slowking|move: Future Sight\n|\n|upkeep\n|turn|22\n|\n|t:|1700698136\n|switch|p2a: Cinderace|Cinderace, M|58\/100\n|move|p1a: Edward|Knock Off|p2a: Cinderace\n|-damage|p2a: Cinderace|0 fnt\n|-enditem|p2a: Cinderace|Heavy-Duty Boots|[from] move: Knock Off|[of] p1a: Edward\n|faint|p2a: Cinderace\n|\n|upkeep\n|\n|t:|1700698143\n|switch|p2a: Zamazenta|Zamazenta|100\/100\n|-ability|p2a: Zamazenta|Dauntless Shield|boost\n|-boost|p2a: Zamazenta|def|1\n|turn|23\n|\n|t:|1700698150\n|switch|p1a: Among Us|Amoonguss, F|100\/100\n|-damage|p1a: Among Us|88\/100|[from] Stealth Rock\n|move|p2a: Zamazenta|Iron Defense|p2a: Zamazenta\n|-boost|p2a: Zamazenta|def|2\n|\n|-end|p1a: Among Us|move: Future Sight\n|-supereffective|p1a: Among Us\n|-damage|p1a: Among Us|0 fnt\n|faint|p1a: Among Us\n|upkeep\n|\n|t:|1700698156\n|switch|p1a: Expex|Dragonite, F|95\/100\n|turn|24\n|\n|t:|1700698162\n|-terastallize|p2a: Zamazenta|Steel\n|move|p2a: Zamazenta|Substitute|p2a: Zamazenta\n|-start|p2a: Zamazenta|Substitute\n|-damage|p2a: Zamazenta|75\/100\n|move|p1a: Expex|Hurricane|p2a: Zamazenta\n|-resisted|p2a: Zamazenta\n|-activate|p2a: Zamazenta|move: Substitute|[damage]\n|\n|upkeep\n|turn|25\n|\n|t:|1700698164\n|move|p2a: Zamazenta|Body Press|p1a: Expex\n|-resisted|p1a: Expex\n|-damage|p1a: Expex|58\/100\n|move|p1a: Expex|Fire Blast|p2a: Zamazenta\n|-supereffective|p2a: Zamazenta\n|-end|p2a: Zamazenta|Substitute\n|\n|upkeep\n|turn|26\n|\n|t:|1700698171\n|move|p2a: Zamazenta|Body Press|p1a: Expex\n|-resisted|p1a: Expex\n|-damage|p1a: Expex|20\/100\n|move|p1a: Expex|Fire Blast|p2a: Zamazenta\n|-supereffective|p2a: Zamazenta\n|-damage|p2a: Zamazenta|21\/100\n|\n|upkeep\n|turn|27\n|\n|t:|1700698180\n|move|p2a: Zamazenta|Body Press|p1a: Expex\n|-resisted|p1a: Expex\n|-damage|p1a: Expex|0 fnt\n|faint|p1a: Expex\n|\n|upkeep\n|\n|t:|1700698182\n|switch|p1a: Edward|Scizor, M|55\/100\n|-damage|p1a: Edward|42\/100|[from] Stealth Rock\n|turn|28\n|\n|t:|1700698184\n|move|p2a: Zamazenta|Body Press|p1a: Edward\n|-damage|p1a: Edward|0 fnt\n|faint|p1a: Edward\n|\n|upkeep\n|-message|Kimun_Kamui forfeited.\n|\n|win|del water gap\n|raw|Kimun_Kamui's rating: 1572 &rarr; <strong>1553<\/strong><br \/>(-19 for losing)\n|raw|del water gap's rating: 1598 &rarr; <strong>1617<\/strong><br \/>(+19 for winning)\n|l|\u2606Kimun_Kamui\n","uploadtime":1700698194,"views":3,"p1id":"kimunkamui","p2id":"delwatergap","formatid":"gen9ou","rating":1553,"private":0,"password":""}