{"id":"gen9ou-1994948999","p1":"Ghosty_man08","p2":"ascet0","format":"[Gen 9] OU","log":"|j|\u2606Ghosty_man08\n|j|\u2606ascet0\n|t:|1700507293\n|gametype|singles\n|player|p1|Ghosty_man08|shadowtriad|1008\n|player|p2|ascet0|265|1079\n|teamsize|p1|6\n|teamsize|p2|6\n|gen|9\n|tier|[Gen 9] OU\n|rated|\n|rule|Sleep Clause Mod: Limit one foe put to sleep\n|rule|Species Clause: Limit one of each Pok\u00e9mon\n|rule|OHKO Clause: OHKO moves are banned\n|rule|Evasion Items Clause: Evasion items are banned\n|rule|Evasion Moves Clause: Evasion moves are banned\n|rule|Endless Battle Clause: Forcing endless battles is banned\n|rule|HP Percentage Mod: HP is shown in percentages\n|clearpoke\n|poke|p1|Greninja-*, M|\n|poke|p1|Iron Moth|\n|poke|p1|Great Tusk|\n|poke|p1|Kingambit, M|\n|poke|p1|Dragapult, F|\n|poke|p1|Iron Valiant|\n|poke|p2|Slowking, F|\n|poke|p2|Moltres|\n|poke|p2|Sandy Shocks|\n|poke|p2|Clefable, M|\n|poke|p2|Dragonite, M|\n|poke|p2|Kingambit, F|\n|teampreview\n|inactive|Battle timer is ON: inactive players will automatically lose when time's up. (requested by Ghosty_man08)\n|\n|t:|1700507311\n|start\n|switch|p1a: Iron Moth|Iron Moth|100\/100\n|switch|p2a: Moltres|Moltres|100\/100\n|-enditem|p1a: Iron Moth|Booster Energy\n|-activate|p1a: Iron Moth|ability: Quark Drive|[fromitem]\n|-start|p1a: Iron Moth|quarkdrivespa\n|turn|1\n|\n|t:|1700507321\n|move|p1a: Iron Moth|Fiery Dance|p2a: Moltres\n|-resisted|p2a: Moltres\n|-damage|p2a: Moltres|70\/100\n|move|p2a: Moltres|Hurricane|p1a: Iron Moth\n|-damage|p1a: Iron Moth|39\/100\n|-start|p1a: Iron Moth|confusion\n|\n|upkeep\n|turn|2\n|\n|t:|1700507335\n|-activate|p1a: Iron Moth|confusion\n|-damage|p1a: Iron Moth|27\/100|[from] confusion\n|move|p2a: Moltres|Roost|p2a: Moltres\n|-heal|p2a: Moltres|100\/100\n|-singleturn|p2a: Moltres|move: Roost\n|\n|upkeep\n|turn|3\n|\n|t:|1700507343\n|-activate|p1a: Iron Moth|confusion\n|-damage|p1a: Iron Moth|16\/100|[from] confusion\n|move|p2a: Moltres|Hurricane|p1a: Iron Moth\n|-damage|p1a: Iron Moth|0 fnt\n|faint|p1a: Iron Moth\n|-end|p1a: Iron Moth|Quark Drive|[silent]\n|\n|upkeep\n|\n|t:|1700507358\n|switch|p1a: Greninja|Greninja, M|100\/100\n|turn|4\n|\n|t:|1700507364\n|move|p1a: Greninja|Water Shuriken|p2a: Moltres\n|-supereffective|p2a: Moltres\n|-damage|p2a: Moltres|86\/100\n|-supereffective|p2a: Moltres\n|-damage|p2a: Moltres|70\/100\n|-supereffective|p2a: Moltres\n|-damage|p2a: Moltres|55\/100\n|-hitcount|p2a: Moltres|3\n|move|p2a: Moltres|U-turn|p1a: Greninja\n|-supereffective|p1a: Greninja\n|-damage|p1a: Greninja|51\/100\n|\n|t:|1700507380\n|switch|p2a: Dragonite|Dragonite, M|100\/100|[from] U-turn\n|\n|-heal|p1a: Greninja|57\/100|[from] item: Leftovers\n|upkeep\n|turn|5\n|\n|t:|1700507388\n|move|p2a: Dragonite|Extreme Speed|p1a: Greninja\n|-damage|p1a: Greninja|8\/100\n|move|p1a: Greninja|Ice Beam|p2a: Dragonite\n|-supereffective|p2a: Dragonite\n|-damage|p2a: Dragonite|42\/100\n|\n|-heal|p1a: Greninja|14\/100|[from] item: Leftovers\n|upkeep\n|turn|6\n|\n|t:|1700507399\n|switch|p1a: Dragapult|Dragapult, F|100\/100\n|move|p2a: Dragonite|Extreme Speed|p1a: Dragapult\n|-immune|p1a: Dragapult\n|\n|upkeep\n|turn|7\n|\n|t:|1700507409\n|switch|p2a: Clefable|Clefable, M|100\/100\n|move|p1a: Dragapult|Draco Meteor|p2a: Clefable\n|-immune|p2a: Clefable\n|\n|upkeep\n|turn|8\n|\n|t:|1700507434\n|switch|p1a: Greninja|Greninja, M|14\/100\n|move|p2a: Clefable|Calm Mind|p2a: Clefable\n|-boost|p2a: Clefable|spa|1\n|-boost|p2a: Clefable|spd|1\n|\n|-heal|p1a: Greninja|20\/100|[from] item: Leftovers\n|upkeep\n|turn|9\n|\n|t:|1700507442\n|move|p1a: Greninja|Ice Beam|p2a: Clefable\n|-damage|p2a: Clefable|85\/100\n|move|p2a: Clefable|Calm Mind|p2a: Clefable\n|-boost|p2a: Clefable|spa|1\n|-boost|p2a: Clefable|spd|1\n|\n|-heal|p1a: Greninja|26\/100|[from] item: Leftovers\n|upkeep\n|turn|10\n|\n|t:|1700507449\n|move|p1a: Greninja|Ice Beam|p2a: Clefable\n|-damage|p2a: Clefable|72\/100\n|move|p2a: Clefable|Draining Kiss|p1a: Greninja\n|-supereffective|p1a: Greninja\n|-damage|p1a: Greninja|0 fnt\n|-heal|p2a: Clefable|86\/100|[from] drain|[of] p1a: Greninja\n|faint|p1a: Greninja\n|\n|upkeep\n|c|\u2606Ghosty_man08|go to 4x\n|\n|t:|1700507459\n|switch|p1a: Iron Valiant|Iron Valiant|100\/100\n|-enditem|p1a: Iron Valiant|Booster Energy\n|-activate|p1a: Iron Valiant|ability: Quark Drive|[fromitem]\n|-start|p1a: Iron Valiant|quarkdrivespe\n|turn|11\n|\n|t:|1700507466\n|move|p1a: Iron Valiant|Destiny Bond|p1a: Iron Valiant\n|-singlemove|p1a: Iron Valiant|Destiny Bond\n|move|p2a: Clefable|Draining Kiss|p1a: Iron Valiant\n|-supereffective|p1a: Iron Valiant\n|-crit|p1a: Iron Valiant\n|-damage|p1a: Iron Valiant|0 fnt\n|-heal|p2a: Clefable|100\/100|[from] drain|[of] p1a: Iron Valiant\n|faint|p1a: Iron Valiant\n|-activate|p1a: Iron Valiant|move: Destiny Bond\n|-end|p1a: Iron Valiant|Quark Drive|[silent]\n|faint|p2a: Clefable\n|\n|upkeep\n|\n|t:|1700507478\n|switch|p1a: Dragapult|Dragapult, F|100\/100\n|switch|p2a: Kingambit|Kingambit, F|100\/100\n|-activate|p2a: Kingambit|ability: Supreme Overlord\n|-start|p2a: Kingambit|fallen1|[silent]\n|turn|12\n|\n|t:|1700507485\n|switch|p1a: Kingambit|Kingambit, M|100\/100\n|move|p2a: Kingambit|Kowtow Cleave|p1a: Kingambit\n|-resisted|p1a: Kingambit\n|-damage|p1a: Kingambit|82\/100\n|\n|upkeep\n|turn|13\n|\n|t:|1700507494\n|-end|p2a: Kingambit|fallen1|[silent]\n|switch|p2a: Sandy Shocks|Sandy Shocks|100\/100\n|-enditem|p2a: Sandy Shocks|Booster Energy\n|-activate|p2a: Sandy Shocks|ability: Protosynthesis|[fromitem]\n|-start|p2a: Sandy Shocks|protosynthesisspa\n|move|p1a: Kingambit|Iron Defense|p1a: Kingambit\n|-boost|p1a: Kingambit|def|2\n|\n|upkeep\n|turn|14\n|\n|t:|1700507503\n|-terastallize|p1a: Kingambit|Dark\n|move|p2a: Sandy Shocks|Earth Power|p1a: Kingambit\n|-damage|p1a: Kingambit|27\/100\n|move|p1a: Kingambit|Iron Defense|p1a: Kingambit\n|-boost|p1a: Kingambit|def|2\n|\n|upkeep\n|turn|15\n|\n|t:|1700507510\n|move|p1a: Kingambit|Sucker Punch|p2a: Sandy Shocks\n|-damage|p2a: Sandy Shocks|32\/100\n|move|p2a: Sandy Shocks|Earth Power|p1a: Kingambit\n|-damage|p1a: Kingambit|0 fnt\n|faint|p1a: Kingambit\n|\n|upkeep\n|\n|t:|1700507517\n|switch|p1a: Dragapult|Dragapult, F|100\/100\n|turn|16\n|\n|t:|1700507525\n|move|p1a: Dragapult|Draco Meteor|p2a: Sandy Shocks|[miss]\n|-miss|p1a: Dragapult|p2a: Sandy Shocks\n|move|p2a: Sandy Shocks|Power Gem|p1a: Dragapult\n|-damage|p1a: Dragapult|57\/100\n|\n|upkeep\n|turn|17\n|\n|t:|1700507533\n|move|p1a: Dragapult|Draco Meteor|p2a: Sandy Shocks|[miss]\n|-miss|p1a: Dragapult|p2a: Sandy Shocks\n|move|p2a: Sandy Shocks|Earth Power|p1a: Dragapult\n|-damage|p1a: Dragapult|0 fnt\n|faint|p1a: Dragapult\n|\n|upkeep\n|\n|t:|1700507556\n|switch|p1a: Great Tusk|Great Tusk|100\/100\n|turn|18\n|c|\u2606ascet0|you miss two times i willlet you kill it\n|\n|t:|1700507572\n|move|p2a: Sandy Shocks|Stealth Rock|p1a: Great Tusk\n|-sidestart|p1: Ghosty_man08|move: Stealth Rock\n|move|p1a: Great Tusk|Earthquake|p2a: Sandy Shocks\n|-supereffective|p2a: Sandy Shocks\n|-damage|p2a: Sandy Shocks|0 fnt\n|faint|p2a: Sandy Shocks\n|-end|p2a: Sandy Shocks|Protosynthesis|[silent]\n|\n|upkeep\n|c|\u2606Ghosty_man08|watch me win\n|\n|t:|1700507598\n|switch|p2a: Moltres|Moltres|55\/100\n|turn|19\n|\n|t:|1700507604\n|move|p1a: Great Tusk|Close Combat|p2a: Moltres\n|-resisted|p2a: Moltres\n|-damage|p2a: Moltres|22\/100\n|-unboost|p1a: Great Tusk|def|1\n|-unboost|p1a: Great Tusk|spd|1\n|move|p2a: Moltres|Hurricane|p1a: Great Tusk|[miss]\n|-miss|p2a: Moltres|p1a: Great Tusk\n|\n|upkeep\n|turn|20\n|\n|t:|1700507613\n|move|p1a: Great Tusk|Close Combat|p2a: Moltres\n|-resisted|p2a: Moltres\n|-damage|p2a: Moltres|0 fnt\n|-unboost|p1a: Great Tusk|def|1\n|-unboost|p1a: Great Tusk|spd|1\n|faint|p2a: Moltres\n|\n|upkeep\n|c|\u2606ascet0|gg\n|\n|t:|1700507621\n|switch|p2a: Kingambit|Kingambit, F|100\/100\n|-activate|p2a: Kingambit|ability: Supreme Overlord\n|-start|p2a: Kingambit|fallen3|[silent]\n|turn|21\n|\n|t:|1700507626\n|move|p2a: Kingambit|Zen Headbutt|p1a: Great Tusk\n|-supereffective|p1a: Great Tusk\n|-crit|p1a: Great Tusk\n|-damage|p1a: Great Tusk|0 fnt\n|faint|p1a: Great Tusk\n|-end|p1a: Great Tusk|Protosynthesis|[silent]\n|\n|win|ascet0\n|raw|Ghosty_man08's rating: 1008 &rarr; <strong>1000<\/strong><br \/>(-8 for losing)\n|raw|ascet0's rating: 1079 &rarr; <strong>1101<\/strong><br \/>(+22 for winning)\n","uploadtime":1700507632,"views":5,"p1id":"ghostyman08","p2id":"ascet0","formatid":"gen9ou","rating":1000,"private":0,"password":""}