{"id":"gen9ou-1999621565","p1":"ShivElysium","p2":"tshane","format":"[Gen 9] OU","log":"|j|\u2606ShivElysium\n|j|\u2606tshane\n|t:|1701101988\n|gametype|singles\n|player|p1|ShivElysium|170|1098\n|player|p2|tshane|170|1036\n|teamsize|p1|6\n|teamsize|p2|6\n|gen|9\n|tier|[Gen 9] OU\n|rated|\n|rule|Sleep Clause Mod: Limit one foe put to sleep\n|rule|Species Clause: Limit one of each Pok\u00e9mon\n|rule|OHKO Clause: OHKO moves are banned\n|rule|Evasion Items Clause: Evasion items are banned\n|rule|Evasion Moves Clause: Evasion moves are banned\n|rule|Endless Battle Clause: Forcing endless battles is banned\n|rule|HP Percentage Mod: HP is shown in percentages\n|clearpoke\n|poke|p1|Kingambit, F|\n|poke|p1|Landorus-Therian, M|\n|poke|p1|Gholdengo|\n|poke|p1|Slowking, M|\n|poke|p1|Cinderace, F|\n|poke|p1|Goodra-Hisui, M|\n|poke|p2|Delphox, F|\n|poke|p2|Kommo-o, F|\n|poke|p2|Kingambit, F|\n|poke|p2|Enamorus-Therian, F|\n|poke|p2|Great Tusk|\n|poke|p2|Grimmsnarl, M|\n|teampreview\n|\n|t:|1701102003\n|start\n|switch|p1a: Landorus|Landorus-Therian, M|100\/100\n|switch|p2a: Grimmsnarl|Grimmsnarl, M|100\/100\n|-ability|p1a: Landorus|Intimidate|boost\n|-unboost|p2a: Grimmsnarl|atk|1\n|turn|1\n|\n|t:|1701102019\n|move|p2a: Grimmsnarl|Fake Out|p1a: Landorus\n|-damage|p1a: Landorus|85\/100\n|-damage|p2a: Grimmsnarl|91\/100|[from] item: Life Orb\n|cant|p1a: Landorus|flinch\n|\n|-heal|p1a: Landorus|91\/100|[from] item: Leftovers\n|upkeep\n|turn|2\n|\n|t:|1701102030\n|move|p2a: Grimmsnarl|Parting Shot|p1a: Landorus\n|-unboost|p1a: Landorus|atk|1\n|-unboost|p1a: Landorus|spa|1\n|\n|t:|1701102039\n|switch|p2a: Enamorus|Enamorus-Therian, F|100\/100|[from] Parting Shot\n|move|p1a: Landorus|Stealth Rock|p2a: Enamorus\n|-sidestart|p2: tshane|move: Stealth Rock\n|\n|-heal|p1a: Landorus|97\/100|[from] item: Leftovers\n|upkeep\n|turn|3\n|\n|t:|1701102057\n|move|p1a: Landorus|U-turn|p2a: Enamorus\n|-resisted|p2a: Enamorus\n|-damage|p2a: Enamorus|96\/100\n|\n|t:|1701102072\n|switch|p1a: Cinderace|Cinderace, F|100\/100|[from] U-turn\n|move|p2a: Enamorus|Calm Mind|p2a: Enamorus\n|-boost|p2a: Enamorus|spa|1\n|-boost|p2a: Enamorus|spd|1\n|\n|upkeep\n|turn|4\n|\n|t:|1701102086\n|move|p1a: Cinderace|Pyro Ball|p2a: Enamorus\n|-damage|p2a: Enamorus|48\/100\n|move|p2a: Enamorus|Psychic|p1a: Cinderace\n|-damage|p1a: Cinderace|30\/100\n|\n|upkeep\n|turn|5\n|\n|t:|1701102096\n|move|p1a: Cinderace|Pyro Ball|p2a: Enamorus\n|-damage|p2a: Enamorus|0 fnt\n|faint|p2a: Enamorus\n|\n|upkeep\n|\n|t:|1701102100\n|switch|p2a: Grimmsnarl|Grimmsnarl, M|91\/100\n|-damage|p2a: Grimmsnarl|78\/100|[from] Stealth Rock\n|turn|6\n|\n|t:|1701102113\n|move|p2a: Grimmsnarl|Fake Out|p1a: Cinderace\n|-damage|p1a: Cinderace|4\/100\n|-damage|p2a: Grimmsnarl|68\/100|[from] item: Life Orb\n|cant|p1a: Cinderace|flinch\n|\n|upkeep\n|turn|7\n|\n|t:|1701102121\n|move|p1a: Cinderace|Sucker Punch|p2a: Grimmsnarl\n|-start|p1a: Cinderace|typechange|Dark|[from] ability: Libero\n|-resisted|p2a: Grimmsnarl\n|-damage|p2a: Grimmsnarl|57\/100\n|move|p2a: Grimmsnarl|Sucker Punch||[still]\n|-fail|p2a: Grimmsnarl\n|\n|upkeep\n|turn|8\n|\n|t:|1701102137\n|switch|p1a: Gholdengo|Gholdengo|100\/100\n|move|p2a: Grimmsnarl|Bulk Up|p2a: Grimmsnarl\n|-boost|p2a: Grimmsnarl|atk|1\n|-boost|p2a: Grimmsnarl|def|1\n|\n|upkeep\n|turn|9\n|\n|t:|1701102151\n|move|p2a: Grimmsnarl|Sucker Punch|p1a: Gholdengo\n|-supereffective|p1a: Gholdengo\n|-damage|p1a: Gholdengo|0 fnt\n|faint|p1a: Gholdengo\n|-damage|p2a: Grimmsnarl|47\/100|[from] item: Life Orb\n|\n|upkeep\n|\n|t:|1701102167\n|switch|p1a: Goodra|Goodra-Hisui, M|100\/100\n|turn|10\n|\n|t:|1701102181\n|move|p2a: Grimmsnarl|Sucker Punch|p1a: Goodra\n|-damage|p1a: Goodra|51\/100\n|-damage|p2a: Grimmsnarl|37\/100|[from] item: Life Orb\n|move|p1a: Goodra|Sludge Bomb|p2a: Grimmsnarl\n|-supereffective|p2a: Grimmsnarl\n|-damage|p2a: Grimmsnarl|0 fnt\n|faint|p2a: Grimmsnarl\n|\n|upkeep\n|\n|t:|1701102190\n|switch|p2a: Great Tusk|Great Tusk|100\/100\n|-damage|p2a: Great Tusk|98\/100|[from] Stealth Rock\n|-enditem|p2a: Great Tusk|Booster Energy\n|-activate|p2a: Great Tusk|ability: Protosynthesis|[fromitem]\n|-start|p2a: Great Tusk|protosynthesisatk\n|turn|11\n|\n|t:|1701102212\n|move|p2a: Great Tusk|Close Combat|p1a: Goodra\n|-supereffective|p1a: Goodra\n|-damage|p1a: Goodra|0 fnt\n|-unboost|p2a: Great Tusk|def|1\n|-unboost|p2a: Great Tusk|spd|1\n|faint|p1a: Goodra\n|\n|upkeep\n|\n|t:|1701102223\n|switch|p1a: Slowking|Slowking, M|100\/100\n|turn|12\n|\n|t:|1701102241\n|move|p2a: Great Tusk|Close Combat|p1a: Slowking\n|-resisted|p1a: Slowking\n|-damage|p1a: Slowking|70\/100\n|-unboost|p2a: Great Tusk|def|1\n|-unboost|p2a: Great Tusk|spd|1\n|move|p1a: Slowking|Scald|p2a: Great Tusk\n|-supereffective|p2a: Great Tusk\n|-crit|p2a: Great Tusk\n|-damage|p2a: Great Tusk|0 fnt\n|faint|p2a: Great Tusk\n|-end|p2a: Great Tusk|Protosynthesis|[silent]\n|\n|-heal|p1a: Slowking|76\/100|[from] item: Leftovers\n|upkeep\n|\n|t:|1701102253\n|switch|p2a: Kingambit|Kingambit, F|100\/100\n|-damage|p2a: Kingambit|94\/100|[from] Stealth Rock\n|turn|13\n|\n|t:|1701102274\n|move|p2a: Kingambit|Retaliate|p1a: Slowking\n|-damage|p1a: Slowking|20\/100\n|move|p1a: Slowking|Chilly Reception|p1a: Slowking\n|-weather|Snow\n|\n|t:|1701102289\n|switch|p1a: Kingambit|Kingambit, F, shiny|100\/100|[from] Chilly Reception\n|-activate|p1a: Kingambit|ability: Supreme Overlord\n|-start|p1a: Kingambit|fallen2|[silent]\n|\n|-weather|Snow|[upkeep]\n|upkeep\n|turn|14\n|\n|t:|1701102302\n|switch|p2a: Delphox|Delphox, F|100\/100\n|-damage|p2a: Delphox|76\/100|[from] Stealth Rock\n|move|p1a: Kingambit|Low Kick|p2a: Delphox\n|-resisted|p2a: Delphox\n|-damage|p2a: Delphox|42\/100\n|\n|-weather|Snow|[upkeep]\n|upkeep\n|turn|15\n|\n|t:|1701102319\n|-end|p1a: Kingambit|fallen2|[silent]\n|switch|p1a: Slowking|Slowking, M|53\/100\n|-terastallize|p2a: Delphox|Fire\n|move|p2a: Delphox|Wish|p2a: Delphox\n|\n|-weather|Snow|[upkeep]\n|-heal|p1a: Slowking|59\/100|[from] item: Leftovers\n|upkeep\n|turn|16\n|\n|t:|1701102341\n|switch|p2a: Kommo-o|Kommo-o, F|100\/100\n|-damage|p2a: Kommo-o|94\/100|[from] Stealth Rock\n|move|p1a: Slowking|Scald|p2a: Kommo-o\n|-resisted|p2a: Kommo-o\n|-damage|p2a: Kommo-o|78\/100\n|\n|-weather|Snow|[upkeep]\n|-heal|p2a: Kommo-o|100\/100|[from] move: Wish|[wisher] Delphox\n|-heal|p1a: Slowking|65\/100|[from] item: Leftovers\n|upkeep\n|turn|17\n|\n|t:|1701102387\n|move|p2a: Kommo-o|Clanging Scales|p1a: Slowking\n|-damage|p1a: Slowking|35\/100\n|-unboost|p2a: Kommo-o|def|1\n|move|p1a: Slowking|Chilly Reception|p1a: Slowking\n|\n|t:|1701102403\n|switch|p1a: Kingambit|Kingambit, F, shiny|100\/100|[from] Chilly Reception\n|-activate|p1a: Kingambit|ability: Supreme Overlord\n|-start|p1a: Kingambit|fallen2|[silent]\n|\n|-weather|none\n|upkeep\n|turn|18\n|\n|t:|1701102428\n|move|p2a: Kommo-o|Clangorous Soul|p2a: Kommo-o\n|-boost|p2a: Kommo-o|atk|1\n|-boost|p2a: Kommo-o|def|1\n|-boost|p2a: Kommo-o|spa|1\n|-boost|p2a: Kommo-o|spd|1\n|-boost|p2a: Kommo-o|spe|1\n|-damage|p2a: Kommo-o|68\/100\n|move|p1a: Kingambit|Low Kick|p2a: Kommo-o\n|-damage|p2a: Kommo-o|11\/100\n|-enditem|p2a: Kommo-o|Aguav Berry|[eat]\n|-heal|p2a: Kommo-o|44\/100|[from] item: Aguav Berry\n|-start|p2a: Kommo-o|confusion\n|\n|upkeep\n|turn|19\n|\n|t:|1701102444\n|-activate|p2a: Kommo-o|confusion\n|move|p2a: Kommo-o|Close Combat|p1a: Kingambit\n|-supereffective|p1a: Kingambit\n|-crit|p1a: Kingambit\n|-damage|p1a: Kingambit|0 fnt\n|-unboost|p2a: Kommo-o|def|1\n|-unboost|p2a: Kommo-o|spd|1\n|faint|p1a: Kingambit\n|-end|p1a: Kingambit|fallen2|[silent]\n|\n|upkeep\n|\n|t:|1701102451\n|switch|p1a: Cinderace|Cinderace, F|4\/100\n|turn|20\n|\n|t:|1701102455\n|move|p1a: Cinderace|Sucker Punch|p2a: Kommo-o\n|-start|p1a: Cinderace|typechange|Dark|[from] ability: Libero\n|-resisted|p2a: Kommo-o\n|-damage|p2a: Kommo-o|19\/100\n|-activate|p2a: Kommo-o|confusion\n|-damage|p2a: Kommo-o|0 fnt|[from] confusion\n|faint|p2a: Kommo-o\n|\n|upkeep\n|\n|t:|1701102464\n|switch|p2a: Kingambit|Kingambit, F|94\/100\n|-damage|p2a: Kingambit|88\/100|[from] Stealth Rock\n|turn|21\n|\n|t:|1701102481\n|switch|p1a: Landorus|Landorus-Therian, M|97\/100\n|-ability|p1a: Landorus|Intimidate|boost\n|-unboost|p2a: Kingambit|atk|1\n|-ability|p2a: Kingambit|Defiant|boost\n|-boost|p2a: Kingambit|atk|2\n|move|p2a: Kingambit|Sucker Punch||[still]\n|-fail|p2a: Kingambit\n|\n|-heal|p1a: Landorus|100\/100|[from] item: Leftovers\n|upkeep\n|turn|22\n|\n|t:|1701102495\n|-terastallize|p1a: Landorus|Ground\n|move|p2a: Kingambit|Sucker Punch|p1a: Landorus\n|-damage|p1a: Landorus|0 fnt\n|faint|p1a: Landorus\n|\n|upkeep\n|\n|t:|1701102509\n|switch|p1a: Cinderace|Cinderace, F|4\/100\n|turn|23\n|\n|t:|1701102523\n|move|p1a: Cinderace|Sucker Punch|p2a: Kingambit\n|-start|p1a: Cinderace|typechange|Dark|[from] ability: Libero\n|-resisted|p2a: Kingambit\n|-damage|p2a: Kingambit|75\/100\n|move|p2a: Kingambit|Sucker Punch||[still]\n|-fail|p2a: Kingambit\n|\n|upkeep\n|turn|24\n|\n|t:|1701102531\n|switch|p2a: Delphox|Delphox, F, tera:Fire|42\/100\n|-damage|p2a: Delphox|17\/100|[from] Stealth Rock\n|move|p1a: Cinderace|Sucker Punch||[still]\n|-fail|p1a: Cinderace\n|\n|upkeep\n|turn|25\n|\n|t:|1701102547\n|move|p1a: Cinderace|Low Kick|p2a: Delphox\n|-damage|p2a: Delphox|0 fnt\n|faint|p2a: Delphox\n|\n|upkeep\n|\n|t:|1701102551\n|switch|p2a: Kingambit|Kingambit, F|75\/100\n|-damage|p2a: Kingambit|69\/100|[from] Stealth Rock\n|turn|26\n|\n|t:|1701102561\n|switch|p1a: Slowking|Slowking, M|68\/100\n|move|p2a: Kingambit|Foul Play|p1a: Slowking\n|-supereffective|p1a: Slowking\n|-damage|p1a: Slowking|24\/100\n|\n|-heal|p1a: Slowking|30\/100|[from] item: Leftovers\n|upkeep\n|turn|27\n|\n|t:|1701102576\n|move|p2a: Kingambit|Foul Play|p1a: Slowking\n|-supereffective|p1a: Slowking\n|-damage|p1a: Slowking|0 fnt\n|faint|p1a: Slowking\n|\n|upkeep\n|\n|t:|1701102581\n|switch|p1a: Cinderace|Cinderace, F|4\/100\n|turn|28\n|c|\u2606tshane|Gg\n|\n|t:|1701102588\n|move|p1a: Cinderace|Low Kick|p2a: Kingambit\n|-start|p1a: Cinderace|typechange|Fighting|[from] ability: Libero\n|-supereffective|p2a: Kingambit\n|-damage|p2a: Kingambit|0 fnt\n|faint|p2a: Kingambit\n|\n|win|ShivElysium\n|raw|ShivElysium's rating: 1098 &rarr; <strong>1119<\/strong><br \/>(+21 for winning)\n|raw|tshane's rating: 1036 &rarr; <strong>1023<\/strong><br \/>(-13 for losing)\n","uploadtime":1701102604,"views":3,"p1id":"shivelysium","p2id":"tshane","formatid":"gen9ou","rating":1023,"private":0,"password":""}