{"id":"gen9ou-1999994166","p1":"Britzler","p2":"DooT241","format":"[Gen 9] OU","log":"|j|\u2606Britzler\n|j|\u2606DooT241\n|t:|1701138843\n|gametype|singles\n|player|p1|Britzler|juan|\n|player|p2|DooT241|roxie|\n|teamsize|p1|6\n|teamsize|p2|6\n|gen|9\n|tier|[Gen 9] OU\n|rule|Sleep Clause Mod: Limit one foe put to sleep\n|rule|Species Clause: Limit one of each Pok\u00e9mon\n|rule|OHKO Clause: OHKO moves are banned\n|rule|Evasion Items Clause: Evasion items are banned\n|rule|Evasion Moves Clause: Evasion moves are banned\n|rule|Endless Battle Clause: Forcing endless battles is banned\n|rule|HP Percentage Mod: HP is shown in percentages\n|clearpoke\n|poke|p1|Quaquaval, F|\n|poke|p1|Umbreon, M|\n|poke|p1|Electrode-Hisui|\n|poke|p1|Landorus-Therian, M|\n|poke|p1|Typhlosion-Hisui, F|\n|poke|p1|Tinkaton, F|\n|poke|p2|Persian, M|\n|poke|p2|Brambleghast, F|\n|poke|p2|Gyarados, M|\n|poke|p2|Rotom-Wash|\n|poke|p2|Kilowattrel, F|\n|poke|p2|Frosmoth, F|\n|teampreview\n|inactive|Battle timer is ON: inactive players will automatically lose when time's up. (requested by Britzler)\n|j| demigodbcneal2\n|\n|t:|1701138860\n|start\n|switch|p1a: In your Jaws|Electrode-Hisui|100\/100\n|switch|p2a: Frosmoth|Frosmoth, F|100\/100\n|turn|1\n|\n|t:|1701138870\n|move|p1a: In your Jaws|Volt Switch|p2a: Frosmoth\n|-damage|p2a: Frosmoth|81\/100\n|\n|t:|1701138874\n|switch|p1a: Senorita Bonk|Tinkaton, F|100\/100|[from] Volt Switch\n|-ability|p1a: Senorita Bonk|Mold Breaker\n|move|p2a: Frosmoth|Bug Buzz|p1a: Senorita Bonk\n|-resisted|p1a: Senorita Bonk\n|-damage|p1a: Senorita Bonk|91\/100\n|\n|-heal|p1a: Senorita Bonk|98\/100|[from] item: Leftovers\n|-heal|p2a: Frosmoth|87\/100|[from] item: Leftovers\n|upkeep\n|turn|2\n|\n|t:|1701138895\n|switch|p2a: Rotom|Rotom-Wash|100\/100\n|move|p1a: Senorita Bonk|Knock Off|p2a: Rotom\n|-damage|p2a: Rotom|79\/100\n|-enditem|p2a: Rotom|Choice Scarf|[from] move: Knock Off|[of] p1a: Senorita Bonk\n|\n|-heal|p1a: Senorita Bonk|100\/100|[from] item: Leftovers\n|upkeep\n|turn|3\n|\n|t:|1701138906\n|switch|p1a: Best Shiny Eevee|Umbreon, M, shiny|100\/100\n|move|p2a: Rotom|Trick|p1a: Best Shiny Eevee\n|-activate|p2a: Rotom|move: Trick|[of] p1a: Best Shiny Eevee\n|-enditem|p1a: Best Shiny Eevee|Leftovers|[silent]|[from] move: Trick\n|-item|p2a: Rotom|Leftovers|[from] move: Trick\n|\n|-heal|p2a: Rotom|86\/100|[from] item: Leftovers\n|upkeep\n|turn|4\n|\n|t:|1701138922\n|move|p2a: Rotom|Hydro Pump|p1a: Best Shiny Eevee\n|-damage|p1a: Best Shiny Eevee|80\/100\n|move|p1a: Best Shiny Eevee|Toxic|p2a: Rotom\n|-status|p2a: Rotom|tox\n|\n|-heal|p2a: Rotom|92\/100 tox|[from] item: Leftovers\n|-damage|p2a: Rotom|86\/100 tox|[from] psn\n|upkeep\n|turn|5\n|\n|t:|1701138935\n|switch|p1a: In your Jaws|Electrode-Hisui|100\/100\n|move|p2a: Rotom|Will-O-Wisp|p1a: In your Jaws\n|-status|p1a: In your Jaws|brn\n|\n|-heal|p2a: Rotom|92\/100 tox|[from] item: Leftovers\n|-damage|p2a: Rotom|79\/100 tox|[from] psn\n|-damage|p1a: In your Jaws|94\/100 brn|[from] brn\n|upkeep\n|turn|6\n|\n|t:|1701138951\n|switch|p2a: Frosmoth|Frosmoth, F|87\/100\n|move|p1a: In your Jaws|Volt Switch|p2a: Frosmoth\n|-damage|p2a: Frosmoth|69\/100\n|\n|t:|1701138963\n|switch|p1a: Senorita Bonk|Tinkaton, F|100\/100|[from] Volt Switch\n|-ability|p1a: Senorita Bonk|Mold Breaker\n|\n|-heal|p2a: Frosmoth|75\/100|[from] item: Leftovers\n|upkeep\n|turn|7\n|\n|t:|1701138971\n|move|p1a: Senorita Bonk|Knock Off|p2a: Frosmoth\n|-damage|p2a: Frosmoth|36\/100\n|-enditem|p2a: Frosmoth|Leftovers|[from] move: Knock Off|[of] p1a: Senorita Bonk\n|move|p2a: Frosmoth|Ice Beam|p1a: Senorita Bonk\n|-resisted|p1a: Senorita Bonk\n|-damage|p1a: Senorita Bonk|82\/100\n|\n|-heal|p1a: Senorita Bonk|89\/100|[from] item: Leftovers\n|upkeep\n|turn|8\n|\n|t:|1701138989\n|move|p1a: Senorita Bonk|Gigaton Hammer|p2a: Frosmoth\n|-supereffective|p2a: Frosmoth\n|-damage|p2a: Frosmoth|0 fnt\n|faint|p2a: Frosmoth\n|\n|-heal|p1a: Senorita Bonk|95\/100|[from] item: Leftovers\n|upkeep\n|\n|t:|1701138999\n|switch|p2a: Kilowattrel|Kilowattrel, F|100\/100\n|turn|9\n|\n|t:|1701139002\n|move|p2a: Kilowattrel|Tailwind|p2a: Kilowattrel\n|-sidestart|p2: DooT241|move: Tailwind\n|-start|p2a: Kilowattrel|Charge|Tailwind|[from] ability: Wind Power\n|move|p1a: Senorita Bonk|Knock Off|p2a: Kilowattrel\n|-damage|p2a: Kilowattrel|61\/100\n|-enditem|p2a: Kilowattrel|Heavy-Duty Boots|[from] move: Knock Off|[of] p1a: Senorita Bonk\n|\n|-heal|p1a: Senorita Bonk|100\/100|[from] item: Leftovers\n|upkeep\n|turn|10\n|\n|t:|1701139013\n|move|p2a: Kilowattrel|Thunderbolt|p1a: Senorita Bonk\n|-damage|p1a: Senorita Bonk|41\/100\n|-end|p2a: Kilowattrel|Charge|[silent]\n|move|p1a: Senorita Bonk|Ice Hammer|p2a: Kilowattrel|[miss]\n|-miss|p1a: Senorita Bonk|p2a: Kilowattrel\n|\n|-heal|p1a: Senorita Bonk|47\/100|[from] item: Leftovers\n|upkeep\n|turn|11\n|\n|t:|1701139023\n|move|p2a: Kilowattrel|Volt Switch|p1a: Senorita Bonk\n|-damage|p1a: Senorita Bonk|21\/100\n|\n|t:|1701139030\n|switch|p2a: Rotom|Rotom-Wash|79\/100 tox|[from] Volt Switch\n|move|p1a: Senorita Bonk|Ice Hammer|p2a: Rotom\n|-resisted|p2a: Rotom\n|-damage|p2a: Rotom|69\/100 tox\n|-unboost|p1a: Senorita Bonk|spe|1\n|\n|-heal|p2a: Rotom|75\/100 tox|[from] item: Leftovers\n|-heal|p1a: Senorita Bonk|28\/100|[from] item: Leftovers\n|-damage|p2a: Rotom|69\/100 tox|[from] psn\n|upkeep\n|turn|12\n|\n|t:|1701139044\n|switch|p1a: Best Shiny Eevee|Umbreon, M, shiny|80\/100\n|move|p2a: Rotom|Will-O-Wisp|p1a: Best Shiny Eevee|[miss]\n|-miss|p2a: Rotom|p1a: Best Shiny Eevee\n|\n|-heal|p2a: Rotom|75\/100 tox|[from] item: Leftovers\n|-damage|p2a: Rotom|63\/100 tox|[from] psn\n|-sideend|p2: DooT241|move: Tailwind\n|upkeep\n|turn|13\n|\n|t:|1701139055\n|move|p2a: Rotom|Hydro Pump|p1a: Best Shiny Eevee\n|-damage|p1a: Best Shiny Eevee|60\/100\n|move|p1a: Best Shiny Eevee|Wish|p1a: Best Shiny Eevee\n|\n|-heal|p2a: Rotom|69\/100 tox|[from] item: Leftovers\n|-damage|p2a: Rotom|50\/100 tox|[from] psn\n|upkeep\n|turn|14\n|\n|t:|1701139065\n|switch|p1a: Senorita Bonk|Tinkaton, F|28\/100\n|-ability|p1a: Senorita Bonk|Mold Breaker\n|move|p2a: Rotom|Will-O-Wisp|p1a: Senorita Bonk|[miss]\n|-miss|p2a: Rotom|p1a: Senorita Bonk\n|\n|-heal|p1a: Senorita Bonk|91\/100|[from] move: Wish|[wisher] Best Shiny Eevee\n|-heal|p2a: Rotom|56\/100 tox|[from] item: Leftovers\n|-heal|p1a: Senorita Bonk|97\/100|[from] item: Leftovers\n|-damage|p2a: Rotom|31\/100 tox|[from] psn\n|upkeep\n|turn|15\n|c|\u2606DooT241|bruh]\n|\n|t:|1701139079\n|move|p2a: Rotom|Volt Switch|p1a: Senorita Bonk\n|-damage|p1a: Senorita Bonk|77\/100\n|\n|t:|1701139089\n|switch|p2a: Brambleghast|Brambleghast, F|100\/100|[from] Volt Switch\n|move|p1a: Senorita Bonk|Knock Off|p2a: Brambleghast\n|-supereffective|p2a: Brambleghast\n|-crit|p2a: Brambleghast\n|-damage|p2a: Brambleghast|15\/100\n|-enditem|p2a: Brambleghast|Heavy-Duty Boots|[from] move: Knock Off|[of] p1a: Senorita Bonk\n|\n|-heal|p1a: Senorita Bonk|83\/100|[from] item: Leftovers\n|upkeep\n|turn|16\n|\n|t:|1701139100\n|move|p2a: Brambleghast|Strength Sap|p1a: Senorita Bonk\n|-unboost|p1a: Senorita Bonk|atk|1\n|-heal|p2a: Brambleghast|84\/100\n|move|p1a: Senorita Bonk|Knock Off|p2a: Brambleghast\n|-supereffective|p2a: Brambleghast\n|-damage|p2a: Brambleghast|56\/100\n|\n|-heal|p1a: Senorita Bonk|90\/100|[from] item: Leftovers\n|upkeep\n|turn|17\n|\n|t:|1701139114\n|switch|p1a: In your Jaws|Electrode-Hisui|94\/100 brn\n|move|p2a: Brambleghast|Strength Sap|p1a: In your Jaws\n|-unboost|p1a: In your Jaws|atk|1\n|-heal|p2a: Brambleghast|86\/100\n|\n|-damage|p1a: In your Jaws|88\/100 brn|[from] brn\n|upkeep\n|turn|18\n|\n|t:|1701139129\n|-terastallize|p1a: In your Jaws|Ice\n|move|p1a: In your Jaws|Tera Blast|p2a: Brambleghast|[anim] Tera Blast Ice\n|-supereffective|p2a: Brambleghast\n|-damage|p2a: Brambleghast|0 fnt\n|faint|p2a: Brambleghast\n|\n|-damage|p1a: In your Jaws|82\/100 brn|[from] brn\n|upkeep\n|\n|t:|1701139136\n|switch|p2a: Persian|Persian, M|100\/100\n|turn|19\n|\n|t:|1701139141\n|switch|p1a: Taco Bell|Typhlosion-Hisui, F, shiny|100\/100\n|-item|p2a: Persian|Life Orb|[from] ability: Frisk|[of] p1a: Taco Bell|[identify]\n|move|p2a: Persian|Knock Off|p1a: Taco Bell\n|-supereffective|p1a: Taco Bell\n|-damage|p1a: Taco Bell|10\/100\n|-enditem|p1a: Taco Bell|Choice Scarf|[from] move: Knock Off|[of] p2a: Persian\n|-damage|p2a: Persian|91\/100|[from] item: Life Orb\n|\n|upkeep\n|turn|20\n|\n|t:|1701139151\n|move|p2a: Persian|Knock Off|p1a: Taco Bell\n|-supereffective|p1a: Taco Bell\n|-damage|p1a: Taco Bell|0 fnt\n|faint|p1a: Taco Bell\n|-damage|p2a: Persian|81\/100|[from] item: Life Orb\n|\n|upkeep\n|\n|t:|1701139159\n|switch|p1a: James Charkes|Quaquaval, F|100\/100\n|turn|21\n|\n|t:|1701139164\n|move|p2a: Persian|Facade|p1a: James Charkes\n|-damage|p1a: James Charkes|56\/100\n|-damage|p2a: Persian|71\/100|[from] item: Life Orb\n|move|p1a: James Charkes|Aqua Step|p2a: Persian\n|-damage|p2a: Persian|0 fnt\n|-boost|p1a: James Charkes|spe|1\n|faint|p2a: Persian\n|-ability|p1a: James Charkes|Moxie|boost\n|-boost|p1a: James Charkes|atk|1\n|\n|upkeep\n|\n|t:|1701139178\n|switch|p2a: Gyarados|Gyarados, M|100\/100\n|turn|22\n|\n|t:|1701139189\n|move|p1a: James Charkes|Brave Bird|p2a: Gyarados\n|-damage|p2a: Gyarados|31\/100\n|-damage|p1a: James Charkes|32\/100|[from] Recoil\n|move|p2a: Gyarados|Dragon Dance|p2a: Gyarados\n|-boost|p2a: Gyarados|atk|1\n|-boost|p2a: Gyarados|spe|1\n|\n|upkeep\n|turn|23\n|\n|t:|1701139205\n|move|p1a: James Charkes|Brave Bird|p2a: Gyarados\n|-damage|p2a: Gyarados|0 fnt\n|faint|p2a: Gyarados\n|-ability|p1a: James Charkes|Moxie|boost\n|-boost|p1a: James Charkes|atk|1\n|-damage|p1a: James Charkes|21\/100|[from] Recoil\n|\n|upkeep\n|\n|t:|1701139212\n|switch|p2a: Rotom|Rotom-Wash|31\/100 tox\n|turn|24\n|c|\u2606DooT241|gg\n|\n|t:|1701139218\n|move|p1a: James Charkes|Close Combat|p2a: Rotom\n|-damage|p2a: Rotom|0 fnt\n|-unboost|p1a: James Charkes|def|1\n|-unboost|p1a: James Charkes|spd|1\n|faint|p2a: Rotom\n|-ability|p1a: James Charkes|Moxie|boost\n|-boost|p1a: James Charkes|atk|1\n|\n|upkeep\n|\n|t:|1701139226\n|switch|p2a: Kilowattrel|Kilowattrel, F|61\/100\n|turn|25\n|\n|t:|1701139230\n|move|p1a: James Charkes|Aqua Step|p2a: Kilowattrel\n|-damage|p2a: Kilowattrel|0 fnt\n|-boost|p1a: James Charkes|spe|1\n|faint|p2a: Kilowattrel\n|\n|win|Britzler\n|l| demigodbcneal2\n|c|\u2606Britzler|Gg\n|l|\u2606DooT241\n","uploadtime":1701139285,"views":13,"p1id":"britzler","p2id":"doot241","formatid":"gen9ou","rating":0,"private":0,"password":""}