{"id":"gen9ou-1996625245","p1":"Offline","p2":"del water gap","format":"[Gen 9] OU","log":"|j|\u2606Offline\n|j|\u2606del water gap\n|t:|1700702101\n|gametype|singles\n|player|p1|Offline|marnie-masters2|1726\n|player|p2|del water gap|acetrainersnowf|1654\n|teamsize|p1|6\n|teamsize|p2|6\n|gen|9\n|tier|[Gen 9] OU\n|rated|\n|rule|Sleep Clause Mod: Limit one foe put to sleep\n|rule|Species Clause: Limit one of each Pok\u00e9mon\n|rule|OHKO Clause: OHKO moves are banned\n|rule|Evasion Items Clause: Evasion items are banned\n|rule|Evasion Moves Clause: Evasion moves are banned\n|rule|Endless Battle Clause: Forcing endless battles is banned\n|rule|HP Percentage Mod: HP is shown in percentages\n|clearpoke\n|poke|p1|Ogerpon-Wellspring, F|\n|poke|p1|Slowking-Galar, F|\n|poke|p1|Cinderace, M|\n|poke|p1|Ting-Lu|\n|poke|p1|Zapdos|\n|poke|p1|Dragapult, M|\n|poke|p2|Tinkaton, F|\n|poke|p2|Moltres|\n|poke|p2|Ting-Lu|\n|poke|p2|Gholdengo|\n|poke|p2|Slowking-Galar, M|\n|poke|p2|Meowscarada, M|\n|teampreview\n|inactive|Battle timer is ON: inactive players will automatically lose when time's up. (requested by Offline)\n|\n|t:|1700702118\n|start\n|switch|p1a: Cinderace|Cinderace, M|100\/100\n|switch|p2a: Meowscarada|Meowscarada, M|100\/100\n|turn|1\n|j| fmn027\n|\n|t:|1700702126\n|move|p2a: Meowscarada|U-turn|p1a: Cinderace\n|-start|p2a: Meowscarada|typechange|Bug|[from] ability: Protean\n|-resisted|p1a: Cinderace\n|-crit|p1a: Cinderace\n|-damage|p1a: Cinderace|71\/100\n|\n|t:|1700702130\n|switch|p2a: Moltres|Moltres|100\/100|[from] U-turn\n|move|p1a: Cinderace|U-turn|p2a: Moltres\n|-resisted|p2a: Moltres\n|-crit|p2a: Moltres\n|-damage|p2a: Moltres|96\/100\n|\n|t:|1700702137\n|switch|p1a: Ogerpon|Ogerpon-Wellspring, F|100\/100|[from] U-turn\n|\n|upkeep\n|turn|2\n|\n|t:|1700702142\n|-terastallize|p2a: Moltres|Dragon\n|move|p1a: Ogerpon|Ivy Cudgel|p2a: Moltres|[anim] Ivy Cudgel Water\n|-resisted|p2a: Moltres\n|-damage|p2a: Moltres|74\/100\n|move|p2a: Moltres|Will-O-Wisp|p1a: Ogerpon\n|-status|p1a: Ogerpon|brn\n|\n|-damage|p1a: Ogerpon|95\/100 brn|[from] brn\n|upkeep\n|turn|3\n|\n|t:|1700702149\n|move|p1a: Ogerpon|Encore|p2a: Moltres\n|-start|p2a: Moltres|Encore\n|move|p2a: Moltres|Will-O-Wisp|p1a: Ogerpon\n|-fail|p1a: Ogerpon|brn\n|\n|-damage|p1a: Ogerpon|89\/100 brn|[from] brn\n|upkeep\n|turn|4\n|\n|t:|1700702153\n|switch|p1a: Cinderace|Cinderace, M|71\/100\n|switch|p2a: Meowscarada|Meowscarada, M|100\/100\n|\n|upkeep\n|turn|5\n|\n|t:|1700702157\n|move|p2a: Meowscarada|U-turn|p1a: Cinderace\n|-start|p2a: Meowscarada|typechange|Bug|[from] ability: Protean\n|-resisted|p1a: Cinderace\n|-damage|p1a: Cinderace|52\/100\n|\n|t:|1700702167\n|switch|p2a: Slowking|Slowking-Galar, M|100\/100|[from] U-turn\n|move|p1a: Cinderace|Will-O-Wisp|p2a: Slowking\n|-status|p2a: Slowking|brn\n|\n|-damage|p2a: Slowking|94\/100 brn|[from] brn\n|upkeep\n|turn|6\n|\n|t:|1700702171\n|move|p1a: Cinderace|U-turn|p2a: Slowking\n|-damage|p2a: Slowking|75\/100 brn\n|\n|t:|1700702175\n|switch|p1a: Ting-Lu|Ting-Lu|100\/100|[from] U-turn\n|-ability|p1a: Ting-Lu|Vessel of Ruin\n|move|p2a: Slowking|Chilly Reception|p2a: Slowking\n|-weather|Snow\n|\n|t:|1700702181\n|switch|p2a: Meowscarada|Meowscarada, M|100\/100|[from] Chilly Reception\n|\n|-weather|Snow|[upkeep]\n|upkeep\n|turn|7\n|\n|t:|1700702188\n|switch|p1a: Zapdos|Zapdos|100\/100\n|move|p2a: Meowscarada|Knock Off|p1a: Zapdos\n|-start|p2a: Meowscarada|typechange|Dark|[from] ability: Protean\n|-damage|p1a: Zapdos|61\/100\n|-enditem|p1a: Zapdos|Heavy-Duty Boots|[from] move: Knock Off|[of] p2a: Meowscarada\n|\n|-weather|Snow|[upkeep]\n|upkeep\n|turn|8\n|j| swampass911\n|\n|t:|1700702196\n|switch|p2a: Slowking|Slowking-Galar, M|100\/100 brn\n|switch|p1a: Ting-Lu|Ting-Lu|100\/100\n|-ability|p1a: Ting-Lu|Vessel of Ruin\n|\n|-weather|Snow|[upkeep]\n|-damage|p2a: Slowking|94\/100 brn|[from] brn\n|upkeep\n|turn|9\n|j| Revilo6000\n|\n|t:|1700702212\n|switch|p2a: Meowscarada|Meowscarada, M|100\/100\n|move|p1a: Ting-Lu|Earthquake|p2a: Meowscarada\n|-resisted|p2a: Meowscarada\n|-damage|p2a: Meowscarada|74\/100\n|\n|-weather|Snow|[upkeep]\n|upkeep\n|turn|10\n|\n|t:|1700702219\n|switch|p1a: Zapdos|Zapdos|61\/100\n|move|p2a: Meowscarada|Flower Trick|p1a: Zapdos\n|-start|p2a: Meowscarada|typechange|Grass|[from] ability: Protean\n|-resisted|p1a: Zapdos\n|-crit|p1a: Zapdos\n|-damage|p1a: Zapdos|39\/100\n|\n|-weather|none\n|upkeep\n|turn|11\n|\n|t:|1700702226\n|switch|p2a: Tinkaton|Tinkaton, F|100\/100\n|-ability|p2a: Tinkaton|Mold Breaker\n|move|p1a: Zapdos|Roost|p1a: Zapdos\n|-heal|p1a: Zapdos|89\/100\n|-singleturn|p1a: Zapdos|move: Roost\n|\n|upkeep\n|turn|12\n|\n|t:|1700702230\n|move|p2a: Tinkaton|Stealth Rock|p1a: Zapdos\n|-sidestart|p1: Offline|move: Stealth Rock\n|move|p1a: Zapdos|Thunder Wave|p2a: Tinkaton\n|-status|p2a: Tinkaton|par\n|\n|upkeep\n|turn|13\n|\n|t:|1700702248\n|move|p1a: Zapdos|Volt Switch|p2a: Tinkaton\n|-damage|p2a: Tinkaton|78\/100 par\n|-enditem|p2a: Tinkaton|Red Card|[of] p1a: Zapdos\n|drag|p1a: Slowking|Slowking-Galar, F, shiny|100\/100\n|move|p2a: Tinkaton|Knock Off|p1a: Slowking\n|-supereffective|p1a: Slowking\n|-damage|p1a: Slowking|77\/100\n|-enditem|p1a: Slowking|Heavy-Duty Boots|[from] move: Knock Off|[of] p2a: Tinkaton\n|\n|upkeep\n|turn|14\n|\n|t:|1700702262\n|switch|p2a: Gholdengo|Gholdengo|100\/100\n|-item|p2a: Gholdengo|Air Balloon\n|move|p1a: Slowking|Future Sight|p2a: Gholdengo\n|-start|p1a: Slowking|move: Future Sight\n|\n|upkeep\n|turn|15\n|\n|t:|1700702271\n|move|p2a: Gholdengo|Shadow Ball|p1a: Slowking\n|-supereffective|p1a: Slowking\n|-damage|p1a: Slowking|6\/100\n|-unboost|p1a: Slowking|spd|1\n|move|p1a: Slowking|Chilly Reception|p1a: Slowking\n|-weather|Snow\n|\n|t:|1700702274\n|switch|p1a: Cinderace|Cinderace, M|52\/100|[from] Chilly Reception\n|\n|-weather|Snow|[upkeep]\n|upkeep\n|turn|16\n|\n|t:|1700702292\n|switch|p2a: Ting-Lu|Ting-Lu|100\/100\n|-ability|p2a: Ting-Lu|Vessel of Ruin\n|move|p1a: Cinderace|Pyro Ball|p2a: Ting-Lu\n|-damage|p2a: Ting-Lu|75\/100\n|\n|-weather|Snow|[upkeep]\n|-end|p2a: Ting-Lu|move: Future Sight\n|-immune|p2a: Ting-Lu\n|-heal|p2a: Ting-Lu|81\/100|[from] item: Leftovers\n|upkeep\n|turn|17\n|\n|t:|1700702297\n|move|p1a: Cinderace|Will-O-Wisp|p2a: Ting-Lu\n|-status|p2a: Ting-Lu|brn\n|move|p2a: Ting-Lu|Earthquake|p1a: Cinderace\n|-supereffective|p1a: Cinderace\n|-crit|p1a: Cinderace\n|-damage|p1a: Cinderace|0 fnt\n|faint|p1a: Cinderace\n|\n|-weather|Snow|[upkeep]\n|-heal|p2a: Ting-Lu|87\/100 brn|[from] item: Leftovers\n|-damage|p2a: Ting-Lu|81\/100 brn|[from] brn\n|upkeep\n|l| swampass911\n|\n|t:|1700702308\n|switch|p1a: Slowking|Slowking-Galar, F, shiny|39\/100\n|-damage|p1a: Slowking|27\/100|[from] Stealth Rock\n|turn|18\n|\n|t:|1700702314\n|switch|p1a: Ogerpon|Ogerpon-Wellspring, F|89\/100 brn\n|-damage|p1a: Ogerpon|76\/100 brn|[from] Stealth Rock\n|move|p2a: Ting-Lu|Earthquake|p1a: Ogerpon\n|-resisted|p1a: Ogerpon\n|-damage|p1a: Ogerpon|64\/100 brn\n|\n|-weather|Snow|[upkeep]\n|-heal|p2a: Ting-Lu|87\/100 brn|[from] item: Leftovers\n|-damage|p1a: Ogerpon|58\/100 brn|[from] brn\n|-damage|p2a: Ting-Lu|81\/100 brn|[from] brn\n|upkeep\n|turn|19\n|\n|t:|1700702319\n|switch|p2a: Moltres|Moltres, tera:Dragon|74\/100\n|move|p1a: Ogerpon|Horn Leech|p2a: Moltres\n|-resisted|p2a: Moltres\n|-damage|p2a: Moltres|66\/100\n|-heal|p1a: Ogerpon|63\/100 brn|[from] drain|[of] p2a: Moltres\n|\n|-weather|none\n|-damage|p1a: Ogerpon|57\/100 brn|[from] brn\n|upkeep\n|turn|20\n|\n|t:|1700702324\n|move|p1a: Ogerpon|Swords Dance|p1a: Ogerpon\n|-boost|p1a: Ogerpon|atk|2\n|move|p2a: Moltres|U-turn|p1a: Ogerpon\n|-supereffective|p1a: Ogerpon\n|-damage|p1a: Ogerpon|19\/100 brn\n|\n|t:|1700702329\n|switch|p2a: Meowscarada|Meowscarada, M|74\/100|[from] U-turn\n|\n|-damage|p1a: Ogerpon|13\/100 brn|[from] brn\n|upkeep\n|turn|21\n|\n|t:|1700702331\n|move|p2a: Meowscarada|Flower Trick|p1a: Ogerpon\n|-start|p2a: Meowscarada|typechange|Grass|[from] ability: Protean\n|-crit|p1a: Ogerpon\n|-damage|p1a: Ogerpon|0 fnt\n|faint|p1a: Ogerpon\n|\n|upkeep\n|\n|t:|1700702334\n|switch|p1a: Dragapult|Dragapult, M|100\/100\n|-damage|p1a: Dragapult|88\/100|[from] Stealth Rock\n|turn|22\n|\n|t:|1700702339\n|switch|p2a: Tinkaton|Tinkaton, F|78\/100 par\n|-ability|p2a: Tinkaton|Mold Breaker\n|move|p1a: Dragapult|Shadow Ball|p2a: Tinkaton\n|-damage|p2a: Tinkaton|32\/100 par\n|\n|upkeep\n|turn|23\n|\n|t:|1700702347\n|switch|p1a: Ting-Lu|Ting-Lu|100\/100\n|-damage|p1a: Ting-Lu|94\/100|[from] Stealth Rock\n|-ability|p1a: Ting-Lu|Vessel of Ruin\n|switch|p2a: Ting-Lu|Ting-Lu|81\/100 brn\n|-ability|p2a: Ting-Lu|Vessel of Ruin\n|\n|-heal|p1a: Ting-Lu|100\/100|[from] item: Leftovers\n|-heal|p2a: Ting-Lu|87\/100 brn|[from] item: Leftovers\n|-damage|p2a: Ting-Lu|81\/100 brn|[from] brn\n|upkeep\n|turn|24\n|\n|t:|1700702354\n|move|p1a: Ting-Lu|Stealth Rock|p2a: Ting-Lu\n|-sidestart|p2: del water gap|move: Stealth Rock\n|move|p2a: Ting-Lu|Spikes|p1a: Ting-Lu\n|-sidestart|p1: Offline|Spikes\n|\n|-heal|p2a: Ting-Lu|87\/100 brn|[from] item: Leftovers\n|-damage|p2a: Ting-Lu|81\/100 brn|[from] brn\n|upkeep\n|turn|25\n|\n|t:|1700702358\n|move|p2a: Ting-Lu|Spikes|p1a: Ting-Lu\n|-sidestart|p1: Offline|Spikes\n|move|p1a: Ting-Lu|Ruination|p2a: Ting-Lu\n|-damage|p2a: Ting-Lu|41\/100 brn\n|\n|-heal|p2a: Ting-Lu|47\/100 brn|[from] item: Leftovers\n|-damage|p2a: Ting-Lu|41\/100 brn|[from] brn\n|upkeep\n|turn|26\n|\n|t:|1700702363\n|move|p1a: Ting-Lu|Earthquake|p2a: Ting-Lu\n|-damage|p2a: Ting-Lu|20\/100 brn\n|move|p2a: Ting-Lu|Whirlwind|p1a: Ting-Lu\n|drag|p1a: Dragapult|Dragapult, M|88\/100\n|-damage|p1a: Dragapult|76\/100|[from] Stealth Rock\n|-damage|p1a: Dragapult|59\/100|[from] Spikes\n|\n|-heal|p2a: Ting-Lu|27\/100 brn|[from] item: Leftovers\n|-damage|p2a: Ting-Lu|20\/100 brn|[from] brn\n|upkeep\n|turn|27\n|\n|t:|1700702370\n|move|p1a: Dragapult|U-turn|p2a: Ting-Lu\n|-supereffective|p2a: Ting-Lu\n|-damage|p2a: Ting-Lu|4\/100 brn\n|\n|t:|1700702373\n|switch|p1a: Ting-Lu|Ting-Lu|100\/100|[from] U-turn\n|-damage|p1a: Ting-Lu|94\/100|[from] Stealth Rock\n|-damage|p1a: Ting-Lu|78\/100|[from] Spikes\n|-ability|p1a: Ting-Lu|Vessel of Ruin\n|move|p2a: Ting-Lu|Whirlwind|p1a: Ting-Lu\n|drag|p1a: Slowking|Slowking-Galar, F, shiny|60\/100\n|-damage|p1a: Slowking|48\/100|[from] Stealth Rock\n|-damage|p1a: Slowking|31\/100|[from] Spikes\n|\n|-heal|p2a: Ting-Lu|10\/100 brn|[from] item: Leftovers\n|-damage|p2a: Ting-Lu|4\/100 brn|[from] brn\n|upkeep\n|turn|28\n|\n|t:|1700702377\n|move|p2a: Ting-Lu|Earthquake|p1a: Slowking\n|-supereffective|p1a: Slowking\n|-damage|p1a: Slowking|5\/100\n|move|p1a: Slowking|Ice Beam|p2a: Ting-Lu\n|-supereffective|p2a: Ting-Lu\n|-damage|p2a: Ting-Lu|0 fnt\n|faint|p2a: Ting-Lu\n|\n|upkeep\n|\n|t:|1700702388\n|switch|p2a: Meowscarada|Meowscarada, M|74\/100\n|turn|29\n|\n|t:|1700702404\n|move|p2a: Meowscarada|Flower Trick|p1a: Slowking\n|-start|p2a: Meowscarada|typechange|Grass|[from] ability: Protean\n|-resisted|p1a: Slowking\n|-crit|p1a: Slowking\n|-damage|p1a: Slowking|0 fnt\n|faint|p1a: Slowking\n|\n|upkeep\n|\n|t:|1700702406\n|switch|p1a: Zapdos|Zapdos|89\/100\n|-damage|p1a: Zapdos|64\/100|[from] Stealth Rock\n|turn|30\n|\n|t:|1700702410\n|switch|p2a: Slowking|Slowking-Galar, M|100\/100 brn\n|move|p1a: Zapdos|Hurricane|p2a: Slowking\n|-damage|p2a: Slowking|73\/100 brn\n|-start|p2a: Slowking|confusion\n|\n|-damage|p2a: Slowking|67\/100 brn|[from] brn\n|upkeep\n|turn|31\n|\n|t:|1700702417\n|move|p1a: Zapdos|Hurricane|p2a: Slowking|[miss]\n|-miss|p1a: Zapdos|p2a: Slowking\n|-activate|p2a: Slowking|confusion\n|move|p2a: Slowking|Slack Off|p2a: Slowking\n|-heal|p2a: Slowking|100\/100 brn\n|\n|-damage|p2a: Slowking|94\/100 brn|[from] brn\n|upkeep\n|turn|32\n|\n|t:|1700702419\n|move|p1a: Zapdos|Hurricane|p2a: Slowking\n|-damage|p2a: Slowking|68\/100 brn\n|-activate|p2a: Slowking|confusion\n|-damage|p2a: Slowking|62\/100 brn|[from] confusion\n|\n|-damage|p2a: Slowking|56\/100 brn|[from] brn\n|upkeep\n|turn|33\n|\n|t:|1700702426\n|switch|p2a: Tinkaton|Tinkaton, F|32\/100 par\n|-damage|p2a: Tinkaton|26\/100 par|[from] Stealth Rock\n|-ability|p2a: Tinkaton|Mold Breaker\n|move|p1a: Zapdos|Hurricane|p2a: Tinkaton\n|-resisted|p2a: Tinkaton\n|-damage|p2a: Tinkaton|8\/100 par\n|\n|upkeep\n|turn|34\n|\n|t:|1700702431\n|move|p1a: Zapdos|Hurricane|p2a: Tinkaton\n|-resisted|p2a: Tinkaton\n|-damage|p2a: Tinkaton|0 fnt\n|faint|p2a: Tinkaton\n|\n|upkeep\n|\n|t:|1700702433\n|switch|p2a: Gholdengo|Gholdengo|100\/100\n|-damage|p2a: Gholdengo|94\/100|[from] Stealth Rock\n|-item|p2a: Gholdengo|Air Balloon\n|turn|35\n|\n|t:|1700702436\n|move|p1a: Zapdos|Volt Switch|p2a: Gholdengo\n|-damage|p2a: Gholdengo|61\/100\n|-enditem|p2a: Gholdengo|Air Balloon\n|\n|t:|1700702438\n|switch|p1a: Ting-Lu|Ting-Lu|78\/100|[from] Volt Switch\n|-damage|p1a: Ting-Lu|72\/100|[from] Stealth Rock\n|-damage|p1a: Ting-Lu|55\/100|[from] Spikes\n|-ability|p1a: Ting-Lu|Vessel of Ruin\n|move|p2a: Gholdengo|Shadow Ball|p1a: Ting-Lu\n|-resisted|p1a: Ting-Lu\n|-damage|p1a: Ting-Lu|46\/100\n|\n|-heal|p1a: Ting-Lu|52\/100|[from] item: Leftovers\n|upkeep\n|turn|36\n|\n|t:|1700702444\n|switch|p2a: Meowscarada|Meowscarada, M|74\/100\n|move|p1a: Ting-Lu|Earthquake|p2a: Meowscarada\n|-resisted|p2a: Meowscarada\n|-damage|p2a: Meowscarada|46\/100\n|\n|-heal|p1a: Ting-Lu|59\/100|[from] item: Leftovers\n|upkeep\n|turn|37\n|\n|t:|1700702449\n|switch|p1a: Zapdos|Zapdos|64\/100\n|-damage|p1a: Zapdos|39\/100|[from] Stealth Rock\n|move|p2a: Meowscarada|Flower Trick|p1a: Zapdos\n|-start|p2a: Meowscarada|typechange|Grass|[from] ability: Protean\n|-resisted|p1a: Zapdos\n|-crit|p1a: Zapdos\n|-damage|p1a: Zapdos|18\/100\n|\n|upkeep\n|turn|38\n|\n|t:|1700702452\n|move|p2a: Meowscarada|Flower Trick|p1a: Zapdos\n|-resisted|p1a: Zapdos\n|-crit|p1a: Zapdos\n|-damage|p1a: Zapdos|0 fnt\n|faint|p1a: Zapdos\n|\n|upkeep\n|\n|t:|1700702453\n|switch|p1a: Dragapult|Dragapult, M|59\/100\n|-damage|p1a: Dragapult|47\/100|[from] Stealth Rock\n|-damage|p1a: Dragapult|31\/100|[from] Spikes\n|turn|39\n|\n|t:|1700702456\n|move|p2a: Meowscarada|Sucker Punch|p1a: Dragapult\n|-supereffective|p1a: Dragapult\n|-damage|p1a: Dragapult|0 fnt\n|faint|p1a: Dragapult\n|\n|upkeep\n|-message|Offline forfeited.\n|\n|win|del water gap\n|raw|Offline's rating: 1726 &rarr; <strong>1702<\/strong><br \/>(-24 for losing)\n|raw|del water gap's rating: 1654 &rarr; <strong>1678<\/strong><br \/>(+24 for winning)\n|l|\u2606Offline\n|l| Revilo6000\n","uploadtime":1700702463,"views":3,"p1id":"offline","p2id":"delwatergap","formatid":"gen9ou","rating":1678,"private":0,"password":""}