{"id":"gen9ou-1995124945","p1":"EmolioU","p2":"AkieAkie","format":"[Gen 9] OU","log":"|j|\u2606EmolioU\n|j|\u2606AkieAkie\n|t:|1700525316\n|gametype|singles\n|player|p1|EmolioU|scientist-gen4dp|1603\n|player|p2|AkieAkie|rosa|1572\n|teamsize|p1|6\n|teamsize|p2|6\n|gen|9\n|tier|[Gen 9] OU\n|rated|\n|rule|Sleep Clause Mod: Limit one foe put to sleep\n|rule|Species Clause: Limit one of each Pok\u00e9mon\n|rule|OHKO Clause: OHKO moves are banned\n|rule|Evasion Items Clause: Evasion items are banned\n|rule|Evasion Moves Clause: Evasion moves are banned\n|rule|Endless Battle Clause: Forcing endless battles is banned\n|rule|HP Percentage Mod: HP is shown in percentages\n|clearpoke\n|poke|p1|Ribombee, M|\n|poke|p1|Great Tusk|\n|poke|p1|Moltres|\n|poke|p1|Gholdengo|\n|poke|p1|Ogerpon-Wellspring, F|\n|poke|p1|Dragapult, F|\n|poke|p2|Glimmora, F|\n|poke|p2|Kingambit, M|\n|poke|p2|Scizor, M|\n|poke|p2|Sandy Shocks|\n|poke|p2|Iron Valiant|\n|poke|p2|Iron Moth|\n|teampreview\n|inactive|Battle timer is ON: inactive players will automatically lose when time's up. (requested by AkieAkie)\n|\n|t:|1700525319\n|start\n|switch|p1a: Ribombee|Ribombee, M|100\/100\n|switch|p2a: Glimmora|Glimmora, F|100\/100\n|turn|1\n|\n|t:|1700525325\n|move|p1a: Ribombee|Skill Swap|p2a: Glimmora\n|-activate|p1a: Ribombee|move: Skill Swap|Toxic Debris|Shield Dust|[of] p2a: Glimmora\n|move|p2a: Glimmora|Sludge Wave|p1a: Ribombee\n|-supereffective|p1a: Ribombee\n|-enditem|p1a: Ribombee|Focus Sash\n|-damage|p1a: Ribombee|1\/100\n|\n|upkeep\n|turn|2\n|j| Seleukos\n|\n|t:|1700525335\n|switch|p1a: Dragapult|Dragapult, F|100\/100\n|move|p2a: Glimmora|Mortal Spin|p1a: Dragapult\n|-resisted|p1a: Dragapult\n|-damage|p1a: Dragapult|97\/100\n|-status|p1a: Dragapult|psn\n|\n|-damage|p1a: Dragapult|84\/100 psn|[from] psn\n|upkeep\n|turn|3\n|\n|t:|1700525339\n|move|p1a: Dragapult|Shadow Ball|p2a: Glimmora\n|-damage|p2a: Glimmora|32\/100\n|move|p2a: Glimmora|Stealth Rock|p1a: Dragapult\n|-sidestart|p1: EmolioU|move: Stealth Rock\n|\n|-damage|p1a: Dragapult|72\/100 psn|[from] psn\n|upkeep\n|turn|4\n|\n|t:|1700525341\n|move|p1a: Dragapult|Shadow Ball|p2a: Glimmora\n|-damage|p2a: Glimmora|0 fnt\n|faint|p2a: Glimmora\n|\n|-damage|p1a: Dragapult|60\/100 psn|[from] psn\n|upkeep\n|\n|t:|1700525350\n|switch|p2a: Scizor|Scizor, M|100\/100\n|turn|5\n|\n|t:|1700525354\n|switch|p1a: Moltres|Moltres|100\/100\n|move|p2a: Scizor|Knock Off|p1a: Moltres\n|-damage|p1a: Moltres|75\/100\n|-enditem|p1a: Moltres|Heavy-Duty Boots|[from] move: Knock Off|[of] p2a: Scizor\n|\n|upkeep\n|turn|6\n|\n|t:|1700525371\n|switch|p2a: Iron Moth|Iron Moth|100\/100\n|-enditem|p2a: Iron Moth|Booster Energy\n|-activate|p2a: Iron Moth|ability: Quark Drive|[fromitem]\n|-start|p2a: Iron Moth|quarkdrivespe\n|move|p1a: Moltres|U-turn|p2a: Iron Moth\n|-resisted|p2a: Iron Moth\n|-damage|p2a: Iron Moth|95\/100\n|\n|t:|1700525379\n|switch|p1a: Ogerpon|Ogerpon-Wellspring, F|100\/100|[from] U-turn\n|-damage|p1a: Ogerpon|88\/100|[from] Stealth Rock\n|\n|upkeep\n|turn|7\n|\n|t:|1700525385\n|-terastallize|p1a: Ogerpon|Water\n|detailschange|p1a: Ogerpon|Ogerpon-Wellspring-Tera, F, tera:Water\n|-ability|p1a: Ogerpon|Embody Aspect (Wellspring)|boost\n|-boost|p1a: Ogerpon|spd|1\n|move|p2a: Iron Moth|Sludge Wave|p1a: Ogerpon\n|-damage|p1a: Ogerpon|50\/100\n|-status|p1a: Ogerpon|psn\n|move|p1a: Ogerpon|Ivy Cudgel|p2a: Iron Moth|[anim] Ivy Cudgel Water\n|-supereffective|p2a: Iron Moth\n|-damage|p2a: Iron Moth|0 fnt\n|faint|p2a: Iron Moth\n|-end|p2a: Iron Moth|Quark Drive|[silent]\n|\n|-damage|p1a: Ogerpon|38\/100 psn|[from] psn\n|upkeep\n|\n|t:|1700525403\n|switch|p2a: Scizor|Scizor, M|100\/100\n|turn|8\n|\n|t:|1700525409\n|switch|p1a: Great Tusk|Great Tusk|100\/100\n|-damage|p1a: Great Tusk|98\/100|[from] Stealth Rock\n|-enditem|p1a: Great Tusk|Booster Energy\n|-activate|p1a: Great Tusk|ability: Protosynthesis|[fromitem]\n|-start|p1a: Great Tusk|protosynthesisatk\n|move|p2a: Scizor|U-turn|p1a: Great Tusk\n|-resisted|p1a: Great Tusk\n|-damage|p1a: Great Tusk|82\/100\n|\n|t:|1700525414\n|switch|p2a: Iron Valiant|Iron Valiant|100\/100|[from] U-turn\n|-enditem|p2a: Iron Valiant|Booster Energy\n|-activate|p2a: Iron Valiant|ability: Quark Drive|[fromitem]\n|-start|p2a: Iron Valiant|quarkdrivespe\n|\n|upkeep\n|turn|9\n|\n|t:|1700525421\n|-end|p1a: Great Tusk|Protosynthesis|[silent]\n|switch|p1a: Gholdengo|Gholdengo|100\/100\n|-damage|p1a: Gholdengo|94\/100|[from] Stealth Rock\n|move|p2a: Iron Valiant|Moonblast|p1a: Gholdengo\n|-resisted|p1a: Gholdengo\n|-damage|p1a: Gholdengo|71\/100\n|\n|-heal|p1a: Gholdengo|77\/100|[from] item: Leftovers\n|upkeep\n|turn|10\n|\n|t:|1700525430\n|-terastallize|p2a: Iron Valiant|Ghost\n|move|p2a: Iron Valiant|Shadow Ball|p1a: Gholdengo\n|-supereffective|p1a: Gholdengo\n|-damage|p1a: Gholdengo|0 fnt\n|faint|p1a: Gholdengo\n|\n|upkeep\n|\n|t:|1700525439\n|switch|p1a: Ogerpon|Ogerpon-Wellspring-Tera, F, tera:Water|38\/100 psn\n|-damage|p1a: Ogerpon|26\/100 psn|[from] Stealth Rock\n|-ability|p1a: Ogerpon|Embody Aspect (Wellspring)|boost\n|-boost|p1a: Ogerpon|spd|1\n|turn|11\n|\n|t:|1700525444\n|move|p2a: Iron Valiant|Moonblast|p1a: Ogerpon\n|-damage|p1a: Ogerpon|0 fnt\n|faint|p1a: Ogerpon\n|\n|upkeep\n|\n|t:|1700525448\n|switch|p1a: Moltres|Moltres|75\/100\n|-damage|p1a: Moltres|25\/100|[from] Stealth Rock\n|turn|12\n|\n|t:|1700525451\n|move|p2a: Iron Valiant|Shadow Ball|p1a: Moltres\n|-damage|p1a: Moltres|0 fnt\n|faint|p1a: Moltres\n|\n|upkeep\n|\n|t:|1700525453\n|switch|p1a: Dragapult|Dragapult, F|60\/100 psn\n|-damage|p1a: Dragapult|48\/100 psn|[from] Stealth Rock\n|turn|13\n|\n|t:|1700525456\n|move|p2a: Iron Valiant|Moonblast|p1a: Dragapult\n|-supereffective|p1a: Dragapult\n|-damage|p1a: Dragapult|0 fnt\n|faint|p1a: Dragapult\n|\n|upkeep\n|\n|t:|1700525458\n|switch|p1a: Ribombee|Ribombee, M|1\/100\n|-damage|p1a: Ribombee|0 fnt|[from] Stealth Rock\n|faint|p1a: Ribombee\n|\n|t:|1700525460\n|switch|p1a: Great Tusk|Great Tusk|82\/100\n|-damage|p1a: Great Tusk|79\/100|[from] Stealth Rock\n|turn|14\n|\n|t:|1700525461\n|move|p2a: Iron Valiant|Moonblast|p1a: Great Tusk\n|-supereffective|p1a: Great Tusk\n|-damage|p1a: Great Tusk|0 fnt\n|faint|p1a: Great Tusk\n|-end|p1a: Great Tusk|Protosynthesis|[silent]\n|\n|win|AkieAkie\n|raw|EmolioU's rating: 1603 &rarr; <strong>1581<\/strong><br \/>(-22 for losing)\n|raw|AkieAkie's rating: 1572 &rarr; <strong>1594<\/strong><br \/>(+22 for winning)\n|c|\u2606EmolioU|gg\n","uploadtime":1700525468,"views":8,"p1id":"emoliou","p2id":"akieakie","formatid":"gen9ou","rating":1581,"private":0,"password":""}