{"id":"gen9ou-1993609541","p1":"pleptoga","p2":"SirBoogerBrain","format":"[Gen 9] OU","log":"|j|\u2606pleptoga\n|j|\u2606SirBoogerBrain\n|t:|1700337135\n|gametype|singles\n|player|p1|pleptoga|1|1164\n|player|p2|SirBoogerBrain|burglar-gen2|1220\n|teamsize|p1|6\n|teamsize|p2|6\n|gen|9\n|tier|[Gen 9] OU\n|rated|\n|rule|Sleep Clause Mod: Limit one foe put to sleep\n|rule|Species Clause: Limit one of each Pok\u00e9mon\n|rule|OHKO Clause: OHKO moves are banned\n|rule|Evasion Items Clause: Evasion items are banned\n|rule|Evasion Moves Clause: Evasion moves are banned\n|rule|Endless Battle Clause: Forcing endless battles is banned\n|rule|HP Percentage Mod: HP is shown in percentages\n|clearpoke\n|poke|p1|Blissey, F|\n|poke|p1|Dondozo, F|\n|poke|p1|Cresselia, F|\n|poke|p1|Amoonguss, M|\n|poke|p1|Hydreigon, F|\n|poke|p1|Clefable, M|\n|poke|p2|Iron Valiant|\n|poke|p2|Kingambit, M|\n|poke|p2|Great Tusk|\n|poke|p2|Garchomp, M|\n|poke|p2|Moltres|\n|poke|p2|Amoonguss, M|\n|teampreview\n|inactive|Battle timer is ON: inactive players will automatically lose when time's up. (requested by SirBoogerBrain)\n|inactive|SirBoogerBrain has 120 seconds left.\n|\n|t:|1700337190\n|start\n|switch|p1a: Clefable|Clefable, M|100\/100\n|switch|p2a: Bloom Warden|Amoonguss, M|100\/100\n|turn|1\n|\n|t:|1700337203\n|switch|p1a: Amoonguss|Amoonguss, M|100\/100\n|move|p2a: Bloom Warden|Sludge Bomb|p1a: Amoonguss\n|-damage|p1a: Amoonguss|75\/100\n|\n|upkeep\n|turn|2\n|\n|t:|1700337209\n|move|p2a: Bloom Warden|Sludge Bomb|p1a: Amoonguss\n|-damage|p1a: Amoonguss|48\/100\n|move|p1a: Amoonguss|Sludge Bomb|p2a: Bloom Warden\n|-damage|p2a: Bloom Warden|78\/100\n|\n|upkeep\n|turn|3\n|\n|t:|1700337212\n|switch|p1a: Blissey|Blissey, F|100\/100\n|move|p2a: Bloom Warden|Sludge Bomb|p1a: Blissey\n|-damage|p1a: Blissey|92\/100\n|-status|p1a: Blissey|psn\n|\n|-damage|p1a: Blissey|80\/100 psn|[from] psn\n|upkeep\n|turn|4\n|\n|t:|1700337226\n|-curestatus|p1a: Blissey|psn|[from] ability: Natural Cure\n|switch|p1a: Amoonguss|Amoonguss, M|82\/100\n|switch|p2a: Abyssal Fin|Garchomp, M|100\/100\n|\n|upkeep\n|turn|5\n|\n|t:|1700337237\n|switch|p2a: Bloom Warden|Amoonguss, M|100\/100\n|move|p1a: Amoonguss|Spore|p2a: Bloom Warden\n|-immune|p2a: Bloom Warden\n|\n|upkeep\n|turn|6\n|\n|t:|1700337245\n|move|p2a: Bloom Warden|Spore|p1a: Amoonguss\n|-immune|p1a: Amoonguss\n|move|p1a: Amoonguss|Sludge Bomb|p2a: Bloom Warden\n|-damage|p2a: Bloom Warden|77\/100\n|\n|upkeep\n|turn|7\n|\n|t:|1700337248\n|move|p2a: Bloom Warden|Sludge Bomb|p1a: Amoonguss\n|-damage|p1a: Amoonguss|55\/100\n|move|p1a: Amoonguss|Sludge Bomb|p2a: Bloom Warden\n|-damage|p2a: Bloom Warden|53\/100\n|\n|upkeep\n|turn|8\n|\n|t:|1700337250\n|switch|p1a: Blissey|Blissey, F|80\/100\n|move|p2a: Bloom Warden|Sludge Bomb|p1a: Blissey\n|-damage|p1a: Blissey|71\/100\n|\n|upkeep\n|turn|9\n|\n|t:|1700337257\n|switch|p1a: Amoonguss|Amoonguss, M|88\/100\n|switch|p2a: Abyssal Fin|Garchomp, M|100\/100\n|\n|upkeep\n|turn|10\n|\n|t:|1700337262\n|move|p2a: Abyssal Fin|Stealth Rock|p1a: Amoonguss\n|-sidestart|p1: pleptoga|move: Stealth Rock\n|move|p1a: Amoonguss|Spore|p2a: Abyssal Fin\n|-status|p2a: Abyssal Fin|slp|[from] move: Spore\n|\n|upkeep\n|turn|11\n|\n|t:|1700337266\n|cant|p2a: Abyssal Fin|slp\n|move|p1a: Amoonguss|Sludge Bomb|p2a: Abyssal Fin\n|-resisted|p2a: Abyssal Fin\n|-damage|p2a: Abyssal Fin|90\/100 slp\n|\n|-heal|p2a: Abyssal Fin|96\/100 slp|[from] item: Leftovers\n|upkeep\n|turn|12\n|\n|t:|1700337270\n|-curestatus|p2a: Abyssal Fin|slp|[msg]\n|move|p2a: Abyssal Fin|Earthquake|p1a: Amoonguss\n|-damage|p1a: Amoonguss|55\/100\n|move|p1a: Amoonguss|Giga Drain|p2a: Abyssal Fin\n|-damage|p2a: Abyssal Fin|79\/100\n|-heal|p1a: Amoonguss|64\/100|[from] drain|[of] p2a: Abyssal Fin\n|\n|-heal|p2a: Abyssal Fin|85\/100|[from] item: Leftovers\n|upkeep\n|turn|13\n|\n|t:|1700337279\n|move|p2a: Abyssal Fin|Spikes|p1a: Amoonguss\n|-sidestart|p1: pleptoga|Spikes\n|move|p1a: Amoonguss|Spore|p2a: Abyssal Fin\n|-status|p2a: Abyssal Fin|slp|[from] move: Spore\n|\n|-heal|p2a: Abyssal Fin|91\/100 slp|[from] item: Leftovers\n|upkeep\n|turn|14\n|\n|t:|1700337281\n|switch|p1a: Blissey|Blissey, F|71\/100\n|cant|p2a: Abyssal Fin|slp\n|\n|-heal|p2a: Abyssal Fin|97\/100 slp|[from] item: Leftovers\n|upkeep\n|turn|15\n|\n|t:|1700337285\n|switch|p1a: Clefable|Clefable, M|100\/100\n|-curestatus|p2a: Abyssal Fin|slp|[msg]\n|move|p2a: Abyssal Fin|Spikes|p1a: Clefable\n|-sidestart|p1: pleptoga|Spikes\n|\n|-heal|p2a: Abyssal Fin|100\/100|[from] item: Leftovers\n|upkeep\n|turn|16\n|\n|t:|1700337290\n|switch|p2a: Bloom Warden|Amoonguss, M|86\/100\n|move|p1a: Clefable|Stealth Rock|p2a: Bloom Warden\n|-sidestart|p2: SirBoogerBrain|move: Stealth Rock\n|\n|upkeep\n|turn|17\n|\n|t:|1700337306\n|switch|p1a: Amoonguss|Amoonguss, M|97\/100\n|move|p2a: Bloom Warden|Sludge Bomb|p1a: Amoonguss\n|-damage|p1a: Amoonguss|71\/100\n|\n|upkeep\n|turn|18\n|\n|t:|1700337314\n|move|p2a: Bloom Warden|Spore|p1a: Amoonguss\n|-immune|p1a: Amoonguss\n|move|p1a: Amoonguss|Sludge Bomb|p2a: Bloom Warden\n|-damage|p2a: Bloom Warden|63\/100\n|\n|upkeep\n|turn|19\n|\n|t:|1700337319\n|switch|p1a: Blissey|Blissey, F|71\/100\n|move|p2a: Bloom Warden|Sludge Bomb|p1a: Blissey\n|-damage|p1a: Blissey|62\/100\n|\n|upkeep\n|turn|20\n|\n|t:|1700337330\n|switch|p1a: Amoonguss|Amoonguss, M|100\/100\n|switch|p2a: Abyssal Fin|Garchomp, M|100\/100\n|-damage|p2a: Abyssal Fin|94\/100|[from] Stealth Rock\n|\n|-heal|p2a: Abyssal Fin|100\/100|[from] item: Leftovers\n|upkeep\n|turn|21\n|\n|t:|1700337335\n|move|p2a: Abyssal Fin|Spikes|p1a: Amoonguss\n|-sidestart|p1: pleptoga|Spikes\n|move|p1a: Amoonguss|Giga Drain|p2a: Abyssal Fin\n|-damage|p2a: Abyssal Fin|81\/100\n|\n|-heal|p2a: Abyssal Fin|87\/100|[from] item: Leftovers\n|upkeep\n|turn|22\n|\n|t:|1700337340\n|move|p2a: Abyssal Fin|Earthquake|p1a: Amoonguss\n|-damage|p1a: Amoonguss|70\/100\n|move|p1a: Amoonguss|Giga Drain|p2a: Abyssal Fin\n|-damage|p2a: Abyssal Fin|70\/100\n|-heal|p1a: Amoonguss|79\/100|[from] drain|[of] p2a: Abyssal Fin\n|\n|-heal|p2a: Abyssal Fin|76\/100|[from] item: Leftovers\n|upkeep\n|turn|23\n|\n|t:|1700337347\n|switch|p2a: Bloom Warden|Amoonguss, M|97\/100\n|-damage|p2a: Bloom Warden|84\/100|[from] Stealth Rock\n|move|p1a: Amoonguss|Giga Drain|p2a: Bloom Warden\n|-resisted|p2a: Bloom Warden\n|-damage|p2a: Bloom Warden|80\/100\n|-heal|p1a: Amoonguss|81\/100|[from] drain|[of] p2a: Bloom Warden\n|\n|upkeep\n|turn|24\n|\n|t:|1700337352\n|switch|p1a: Blissey|Blissey, F|62\/100\n|move|p2a: Bloom Warden|Giga Drain|p1a: Blissey\n|-damage|p1a: Blissey|55\/100\n|-heal|p2a: Bloom Warden|85\/100|[from] drain|[of] p1a: Blissey\n|\n|upkeep\n|turn|25\n|\n|t:|1700337361\n|move|p1a: Blissey|Soft-Boiled|p1a: Blissey\n|-heal|p1a: Blissey|100\/100\n|move|p2a: Bloom Warden|Giga Drain|p1a: Blissey\n|-damage|p1a: Blissey|93\/100\n|-heal|p2a: Bloom Warden|91\/100|[from] drain|[of] p1a: Blissey\n|\n|upkeep\n|turn|26\n|\n|t:|1700337365\n|switch|p2a: Stonebreaker|Great Tusk|100\/100\n|-damage|p2a: Stonebreaker|97\/100|[from] Stealth Rock\n|move|p1a: Blissey|Calm Mind|p1a: Blissey\n|-boost|p1a: Blissey|spa|1\n|-boost|p1a: Blissey|spd|1\n|\n|-heal|p2a: Stonebreaker|100\/100|[from] item: Leftovers\n|upkeep\n|turn|27\n|\n|t:|1700337370\n|switch|p1a: Cresselia|Cresselia, F|100\/100\n|-damage|p1a: Cresselia|88\/100|[from] Stealth Rock\n|move|p2a: Stonebreaker|Body Press|p1a: Cresselia\n|-resisted|p1a: Cresselia\n|-damage|p1a: Cresselia|76\/100\n|\n|-heal|p1a: Cresselia|83\/100|[from] item: Leftovers\n|upkeep\n|turn|28\n|\n|t:|1700337391\n|move|p2a: Stonebreaker|Rapid Spin|p1a: Cresselia\n|-damage|p1a: Cresselia|75\/100\n|-boost|p2a: Stonebreaker|spe|1\n|-sideend|p2: SirBoogerBrain|Stealth Rock|[from] move: Rapid Spin|[of] p2a: Stonebreaker\n|move|p1a: Cresselia|Calm Mind|p1a: Cresselia\n|-boost|p1a: Cresselia|spa|1\n|-boost|p1a: Cresselia|spd|1\n|\n|-heal|p1a: Cresselia|81\/100|[from] item: Leftovers\n|upkeep\n|turn|29\n|\n|t:|1700337406\n|move|p2a: Stonebreaker|Knock Off|p1a: Cresselia\n|-supereffective|p1a: Cresselia\n|-damage|p1a: Cresselia|51\/100\n|-enditem|p1a: Cresselia|Leftovers|[from] move: Knock Off|[of] p2a: Stonebreaker\n|move|p1a: Cresselia|Moonblast|p2a: Stonebreaker\n|-supereffective|p2a: Stonebreaker\n|-damage|p2a: Stonebreaker|37\/100\n|-unboost|p2a: Stonebreaker|spa|1\n|\n|-heal|p2a: Stonebreaker|43\/100|[from] item: Leftovers\n|upkeep\n|turn|30\n|\n|t:|1700337411\n|-end|p2a: Stonebreaker|Protosynthesis|[silent]\n|switch|p2a: Onyx Razor|Kingambit, M|100\/100\n|move|p1a: Cresselia|Moonlight|p1a: Cresselia\n|-heal|p1a: Cresselia|100\/100\n|\n|upkeep\n|turn|31\n|\n|t:|1700337419\n|switch|p1a: Dondozo|Dondozo, F|100\/100\n|move|p2a: Onyx Razor|Swords Dance|p2a: Onyx Razor\n|-boost|p2a: Onyx Razor|atk|2\n|\n|upkeep\n|turn|32\n|\n|t:|1700337426\n|-end|p2a: Onyx Razor|fallenundefined|[silent]\n|switch|p2a: Bloom Warden|Amoonguss, M|100\/100\n|move|p1a: Dondozo|Body Press|p2a: Bloom Warden\n|-resisted|p2a: Bloom Warden\n|-damage|p2a: Bloom Warden|88\/100\n|-damage|p1a: Dondozo|84\/100|[from] item: Rocky Helmet|[of] p2a: Bloom Warden\n|\n|upkeep\n|turn|33\n|\n|t:|1700337435\n|switch|p1a: Amoonguss|Amoonguss, M|100\/100\n|switch|p2a: Abyssal Fin|Garchomp, M|76\/100\n|\n|-heal|p2a: Abyssal Fin|82\/100|[from] item: Leftovers\n|upkeep\n|turn|34\n|\n|t:|1700337440\n|switch|p2a: Bloom Warden|Amoonguss, M|100\/100\n|move|p1a: Amoonguss|Giga Drain|p2a: Bloom Warden\n|-resisted|p2a: Bloom Warden\n|-damage|p2a: Bloom Warden|96\/100\n|\n|upkeep\n|turn|35\n|\n|t:|1700337446\n|switch|p1a: Blissey|Blissey, F|93\/100\n|move|p2a: Bloom Warden|Spore|p1a: Blissey\n|-status|p1a: Blissey|slp|[from] move: Spore\n|\n|upkeep\n|turn|36\n|\n|t:|1700337451\n|-curestatus|p1a: Blissey|slp|[from] ability: Natural Cure\n|switch|p1a: Amoonguss|Amoonguss, M|100\/100\n|move|p2a: Bloom Warden|Spore|p1a: Amoonguss\n|-immune|p1a: Amoonguss\n|\n|upkeep\n|turn|37\n|\n|t:|1700337454\n|switch|p1a: Blissey|Blissey, F|93\/100\n|move|p2a: Bloom Warden|Spore|p1a: Blissey\n|-status|p1a: Blissey|slp|[from] move: Spore\n|\n|upkeep\n|turn|38\n|\n|t:|1700337456\n|-curestatus|p1a: Blissey|slp|[from] ability: Natural Cure\n|switch|p1a: Amoonguss|Amoonguss, M|100\/100\n|switch|p2a: Stonebreaker|Great Tusk|43\/100\n|\n|-heal|p2a: Stonebreaker|49\/100|[from] item: Leftovers\n|upkeep\n|turn|39\n|\n|t:|1700337459\n|-end|p2a: Stonebreaker|Protosynthesis|[silent]\n|switch|p2a: Bloom Warden|Amoonguss, M|100\/100\n|move|p1a: Amoonguss|Giga Drain|p2a: Bloom Warden\n|-resisted|p2a: Bloom Warden\n|-damage|p2a: Bloom Warden|96\/100\n|\n|upkeep\n|turn|40\n|\n|t:|1700337461\n|switch|p1a: Blissey|Blissey, F|93\/100\n|move|p2a: Bloom Warden|Spore|p1a: Blissey\n|-status|p1a: Blissey|slp|[from] move: Spore\n|\n|upkeep\n|turn|41\n|\n|t:|1700337463\n|-curestatus|p1a: Blissey|slp|[from] ability: Natural Cure\n|switch|p1a: Amoonguss|Amoonguss, M|100\/100\n|switch|p2a: Stonebreaker|Great Tusk|49\/100\n|\n|-heal|p2a: Stonebreaker|55\/100|[from] item: Leftovers\n|upkeep\n|turn|42\n|\n|t:|1700337467\n|-end|p2a: Stonebreaker|Protosynthesis|[silent]\n|switch|p2a: Bloom Warden|Amoonguss, M|100\/100\n|switch|p1a: Blissey|Blissey, F|93\/100\n|\n|upkeep\n|turn|43\n|\n|t:|1700337470\n|switch|p1a: Amoonguss|Amoonguss, M|100\/100\n|move|p2a: Bloom Warden|Spore|p1a: Amoonguss\n|-immune|p1a: Amoonguss\n|\n|upkeep\n|turn|44\n|\n|t:|1700337475\n|move|p2a: Bloom Warden|Spore|p1a: Amoonguss\n|-immune|p1a: Amoonguss\n|move|p1a: Amoonguss|Sludge Bomb|p2a: Bloom Warden\n|-damage|p2a: Bloom Warden|79\/100\n|\n|upkeep\n|turn|45\n|\n|t:|1700337478\n|move|p2a: Bloom Warden|Sludge Bomb|p1a: Amoonguss\n|-damage|p1a: Amoonguss|73\/100\n|move|p1a: Amoonguss|Sludge Bomb|p2a: Bloom Warden\n|-damage|p2a: Bloom Warden|57\/100\n|\n|upkeep\n|turn|46\n|\n|t:|1700337482\n|move|p2a: Bloom Warden|Giga Drain|p1a: Amoonguss\n|-resisted|p1a: Amoonguss\n|-damage|p1a: Amoonguss|68\/100\n|-heal|p2a: Bloom Warden|60\/100|[from] drain|[of] p1a: Amoonguss\n|move|p1a: Amoonguss|Sludge Bomb|p2a: Bloom Warden\n|-damage|p2a: Bloom Warden|36\/100\n|\n|upkeep\n|turn|47\n|\n|t:|1700337490\n|switch|p2a: Onyx Razor|Kingambit, M|100\/100\n|move|p1a: Amoonguss|Giga Drain|p2a: Onyx Razor\n|-resisted|p2a: Onyx Razor\n|-damage|p2a: Onyx Razor|89\/100\n|-heal|p1a: Amoonguss|73\/100|[from] drain|[of] p2a: Onyx Razor\n|\n|upkeep\n|turn|48\n|\n|t:|1700337495\n|-end|p2a: Onyx Razor|fallenundefined|[silent]\n|switch|p2a: Bloom Warden|Amoonguss, M|69\/100\n|move|p1a: Amoonguss|Spore|p2a: Bloom Warden\n|-immune|p2a: Bloom Warden\n|\n|upkeep\n|turn|49\n|\n|t:|1700337509\n|switch|p2a: Pyre Raptor|Moltres|100\/100\n|move|p1a: Amoonguss|Clear Smog|p2a: Pyre Raptor\n|-damage|p2a: Pyre Raptor|85\/100\n|-clearboost|p2a: Pyre Raptor\n|\n|upkeep\n|turn|50\n|\n|t:|1700337514\n|switch|p1a: Blissey|Blissey, F|93\/100\n|move|p2a: Pyre Raptor|U-turn|p1a: Blissey\n|-damage|p1a: Blissey|78\/100\n|\n|t:|1700337516\n|switch|p2a: Stonebreaker|Great Tusk|55\/100|[from] U-turn\n|\n|-heal|p2a: Stonebreaker|62\/100|[from] item: Leftovers\n|upkeep\n|turn|51\n|\n|t:|1700337525\n|switch|p1a: Cresselia|Cresselia, F|100\/100\n|-damage|p1a: Cresselia|88\/100|[from] Stealth Rock\n|move|p2a: Stonebreaker|Earthquake|p1a: Cresselia\n|-immune|p1a: Cresselia|[from] ability: Levitate\n|\n|-heal|p2a: Stonebreaker|68\/100|[from] item: Leftovers\n|upkeep\n|turn|52\n|\n|t:|1700337531\n|-end|p2a: Stonebreaker|Protosynthesis|[silent]\n|switch|p2a: Onyx Razor|Kingambit, M|89\/100\n|move|p1a: Cresselia|Moonblast|p2a: Onyx Razor\n|-damage|p2a: Onyx Razor|68\/100\n|\n|upkeep\n|turn|53\n|\n|t:|1700337540\n|switch|p1a: Dondozo|Dondozo, F|84\/100\n|-end|p2a: Onyx Razor|fallenundefined|[silent]\n|switch|p2a: Bloom Warden|Amoonguss, M|100\/100\n|\n|upkeep\n|turn|54\n|\n|t:|1700337547\n|switch|p1a: Blissey|Blissey, F|78\/100\n|switch|p2a: Pyre Raptor|Moltres|85\/100\n|\n|upkeep\n|turn|55\n|\n|t:|1700337552\n|move|p2a: Pyre Raptor|Will-O-Wisp|p1a: Blissey\n|-status|p1a: Blissey|brn\n|move|p1a: Blissey|Calm Mind|p1a: Blissey\n|-boost|p1a: Blissey|spa|1\n|-boost|p1a: Blissey|spd|1\n|\n|-damage|p1a: Blissey|72\/100 brn|[from] brn\n|upkeep\n|turn|56\n|\n|t:|1700337554\n|move|p2a: Pyre Raptor|U-turn|p1a: Blissey\n|-crit|p1a: Blissey\n|-damage|p1a: Blissey|47\/100 brn\n|\n|t:|1700337577\n|switch|p2a: Stonebreaker|Great Tusk|68\/100|[from] U-turn\n|move|p1a: Blissey|Shadow Ball|p2a: Stonebreaker\n|-damage|p2a: Stonebreaker|40\/100\n|\n|-heal|p2a: Stonebreaker|46\/100|[from] item: Leftovers\n|-damage|p1a: Blissey|41\/100 brn|[from] brn\n|upkeep\n|turn|57\n|\n|t:|1700337585\n|-curestatus|p1a: Blissey|brn|[from] ability: Natural Cure\n|switch|p1a: Cresselia|Cresselia, F|88\/100\n|-damage|p1a: Cresselia|75\/100|[from] Stealth Rock\n|move|p2a: Stonebreaker|Earthquake|p1a: Cresselia\n|-immune|p1a: Cresselia|[from] ability: Levitate\n|\n|-heal|p2a: Stonebreaker|52\/100|[from] item: Leftovers\n|upkeep\n|turn|58\n|\n|t:|1700337593\n|-end|p2a: Stonebreaker|Protosynthesis|[silent]\n|switch|p2a: Bloom Warden|Amoonguss, M|100\/100\n|move|p1a: Cresselia|Moonblast|p2a: Bloom Warden\n|-resisted|p2a: Bloom Warden\n|-crit|p2a: Bloom Warden\n|-damage|p2a: Bloom Warden|89\/100\n|\n|upkeep\n|turn|59\n|\n|t:|1700337597\n|switch|p1a: Blissey|Blissey, F|41\/100\n|move|p2a: Bloom Warden|Spore|p1a: Blissey\n|-status|p1a: Blissey|slp|[from] move: Spore\n|\n|upkeep\n|turn|60\n|\n|t:|1700337600\n|switch|p2a: Stonebreaker|Great Tusk|52\/100\n|cant|p1a: Blissey|slp\n|\n|-heal|p2a: Stonebreaker|58\/100|[from] item: Leftovers\n|upkeep\n|turn|61\n|\n|t:|1700337608\n|-end|p2a: Stonebreaker|Protosynthesis|[silent]\n|switch|p2a: Pyre Raptor|Moltres|85\/100\n|-curestatus|p1a: Blissey|slp|[from] ability: Natural Cure\n|switch|p1a: Clefable|Clefable, M|100\/100\n|\n|upkeep\n|turn|62\n|\n|t:|1700337614\n|move|p2a: Pyre Raptor|U-turn|p1a: Clefable\n|-resisted|p1a: Clefable\n|-damage|p1a: Clefable|94\/100\n|\n|t:|1700337619\n|switch|p2a: Bloom Warden|Amoonguss, M|100\/100|[from] U-turn\n|move|p1a: Clefable|Stealth Rock|p2a: Bloom Warden\n|-sidestart|p2: SirBoogerBrain|move: Stealth Rock\n|\n|-heal|p1a: Clefable|100\/100|[from] item: Leftovers\n|upkeep\n|turn|63\n|\n|t:|1700337627\n|switch|p1a: Blissey|Blissey, F|41\/100\n|switch|p2a: Pyre Raptor|Moltres|85\/100\n|\n|upkeep\n|turn|64\n|\n|t:|1700337630\n|move|p2a: Pyre Raptor|U-turn|p1a: Blissey\n|-damage|p1a: Blissey|26\/100\n|\n|t:|1700337633\n|switch|p2a: Stonebreaker|Great Tusk|58\/100|[from] U-turn\n|-damage|p2a: Stonebreaker|55\/100|[from] Stealth Rock\n|move|p1a: Blissey|Soft-Boiled|p1a: Blissey\n|-heal|p1a: Blissey|76\/100\n|\n|-heal|p2a: Stonebreaker|61\/100|[from] item: Leftovers\n|upkeep\n|turn|65\n|\n|t:|1700337635\n|switch|p1a: Clefable|Clefable, M|100\/100\n|move|p2a: Stonebreaker|Rapid Spin|p1a: Clefable\n|-damage|p1a: Clefable|90\/100\n|-boost|p2a: Stonebreaker|spe|1\n|-sideend|p2: SirBoogerBrain|Stealth Rock|[from] move: Rapid Spin|[of] p2a: Stonebreaker\n|\n|-heal|p2a: Stonebreaker|67\/100|[from] item: Leftovers\n|-heal|p1a: Clefable|96\/100|[from] item: Leftovers\n|upkeep\n|turn|66\n|\n|t:|1700337639\n|-end|p2a: Stonebreaker|Protosynthesis|[silent]\n|switch|p2a: Bloom Warden|Amoonguss, M|100\/100\n|move|p1a: Clefable|Stealth Rock|p2a: Bloom Warden\n|-sidestart|p2: SirBoogerBrain|move: Stealth Rock\n|\n|-heal|p1a: Clefable|100\/100|[from] item: Leftovers\n|upkeep\n|turn|67\n|\n|t:|1700337644\n|switch|p2a: Pyre Raptor|Moltres|85\/100\n|move|p1a: Clefable|Calm Mind|p1a: Clefable\n|-boost|p1a: Clefable|spa|1\n|-boost|p1a: Clefable|spd|1\n|\n|upkeep\n|turn|68\n|\n|t:|1700337651\n|move|p2a: Pyre Raptor|U-turn|p1a: Clefable\n|-resisted|p1a: Clefable\n|-damage|p1a: Clefable|95\/100\n|\n|t:|1700337661\n|switch|p2a: Bloom Warden|Amoonguss, M|100\/100|[from] U-turn\n|-damage|p2a: Bloom Warden|88\/100|[from] Stealth Rock\n|move|p1a: Clefable|Calm Mind|p1a: Clefable\n|-boost|p1a: Clefable|spa|1\n|-boost|p1a: Clefable|spd|1\n|\n|-heal|p1a: Clefable|100\/100|[from] item: Leftovers\n|upkeep\n|turn|69\n|\n|t:|1700337665\n|switch|p1a: Blissey|Blissey, F|76\/100\n|move|p2a: Bloom Warden|Spore|p1a: Blissey\n|-status|p1a: Blissey|slp|[from] move: Spore\n|\n|upkeep\n|turn|70\n|\n|t:|1700337675\n|-curestatus|p1a: Blissey|slp|[from] ability: Natural Cure\n|switch|p1a: Amoonguss|Amoonguss, M|100\/100\n|switch|p2a: Stonebreaker|Great Tusk|67\/100\n|-damage|p2a: Stonebreaker|64\/100|[from] Stealth Rock\n|\n|-heal|p2a: Stonebreaker|70\/100|[from] item: Leftovers\n|upkeep\n|turn|71\n|\n|t:|1700337680\n|-end|p2a: Stonebreaker|Protosynthesis|[silent]\n|switch|p2a: Pyre Raptor|Moltres|85\/100\n|move|p1a: Amoonguss|Giga Drain|p2a: Pyre Raptor\n|-resisted|p2a: Pyre Raptor\n|-damage|p2a: Pyre Raptor|79\/100\n|\n|upkeep\n|turn|72\n|\n|t:|1700337688\n|move|p2a: Pyre Raptor|Roost|p2a: Pyre Raptor\n|-heal|p2a: Pyre Raptor|100\/100\n|-singleturn|p2a: Pyre Raptor|move: Roost\n|move|p1a: Amoonguss|Spore|p2a: Pyre Raptor\n|-status|p2a: Pyre Raptor|slp|[from] move: Spore\n|\n|upkeep\n|turn|73\n|\n|t:|1700337693\n|switch|p1a: Cresselia|Cresselia, F|75\/100\n|-damage|p1a: Cresselia|63\/100|[from] Stealth Rock\n|cant|p2a: Pyre Raptor|slp\n|\n|upkeep\n|turn|74\n|\n|t:|1700337700\n|-curestatus|p2a: Pyre Raptor|slp|[msg]\n|move|p2a: Pyre Raptor|Will-O-Wisp|p1a: Cresselia\n|-status|p1a: Cresselia|brn\n|move|p1a: Cresselia|Calm Mind|p1a: Cresselia\n|-boost|p1a: Cresselia|spa|1\n|-boost|p1a: Cresselia|spd|1\n|\n|-damage|p1a: Cresselia|57\/100 brn|[from] brn\n|upkeep\n|turn|75\n|\n|t:|1700337704\n|move|p2a: Pyre Raptor|U-turn|p1a: Cresselia\n|-supereffective|p1a: Cresselia\n|-damage|p1a: Cresselia|40\/100 brn\n|\n|t:|1700337719\n|switch|p2a: Onyx Razor|Kingambit, M|68\/100|[from] U-turn\n|-damage|p2a: Onyx Razor|62\/100|[from] Stealth Rock\n|move|p1a: Cresselia|Moonblast|p2a: Onyx Razor\n|-damage|p2a: Onyx Razor|33\/100\n|\n|-damage|p1a: Cresselia|34\/100 brn|[from] brn\n|upkeep\n|turn|76\n|\n|t:|1700337735\n|switch|p1a: Dondozo|Dondozo, F|84\/100\n|move|p2a: Onyx Razor|Sucker Punch||[still]\n|-fail|p2a: Onyx Razor\n|\n|upkeep\n|turn|77\n|\n|t:|1700337740\n|-end|p2a: Onyx Razor|fallenundefined|[silent]\n|switch|p2a: Bloom Warden|Amoonguss, M|100\/100\n|-damage|p2a: Bloom Warden|88\/100|[from] Stealth Rock\n|switch|p1a: Cresselia|Cresselia, F|34\/100 brn\n|-damage|p1a: Cresselia|22\/100 brn|[from] Stealth Rock\n|\n|-damage|p1a: Cresselia|16\/100 brn|[from] brn\n|upkeep\n|turn|78\n|\n|t:|1700337749\n|move|p1a: Cresselia|Moonlight|p1a: Cresselia\n|-heal|p1a: Cresselia|66\/100 brn\n|move|p2a: Bloom Warden|Sludge Bomb|p1a: Cresselia\n|-crit|p1a: Cresselia\n|-damage|p1a: Cresselia|36\/100 brn\n|\n|-damage|p1a: Cresselia|30\/100 brn|[from] brn\n|upkeep\n|turn|79\n|\n|t:|1700337754\n|move|p1a: Cresselia|Moonlight|p1a: Cresselia\n|-heal|p1a: Cresselia|80\/100 brn\n|move|p2a: Bloom Warden|Sludge Bomb|p1a: Cresselia\n|-damage|p1a: Cresselia|61\/100 brn\n|\n|-damage|p1a: Cresselia|55\/100 brn|[from] brn\n|upkeep\n|turn|80\n|\n|t:|1700337760\n|move|p1a: Cresselia|Moonlight|p1a: Cresselia\n|-heal|p1a: Cresselia|100\/100 brn\n|move|p2a: Bloom Warden|Foul Play|p1a: Cresselia\n|-supereffective|p1a: Cresselia\n|-damage|p1a: Cresselia|87\/100 brn\n|\n|-damage|p1a: Cresselia|81\/100 brn|[from] brn\n|upkeep\n|turn|81\n|\n|t:|1700337768\n|switch|p2a: Pyre Raptor|Moltres|100\/100\n|move|p1a: Cresselia|Calm Mind|p1a: Cresselia\n|-boost|p1a: Cresselia|spa|1\n|-boost|p1a: Cresselia|spd|1\n|\n|-damage|p1a: Cresselia|75\/100 brn|[from] brn\n|upkeep\n|turn|82\n|\n|t:|1700337773\n|move|p2a: Pyre Raptor|U-turn|p1a: Cresselia\n|-supereffective|p1a: Cresselia\n|-damage|p1a: Cresselia|60\/100 brn\n|inactive|SirBoogerBrain has 120 seconds left.\n|\n|t:|1700337815\n|switch|p2a: Bloom Warden|Amoonguss, M|100\/100|[from] U-turn\n|-damage|p2a: Bloom Warden|88\/100|[from] Stealth Rock\n|move|p1a: Cresselia|Calm Mind|p1a: Cresselia\n|-boost|p1a: Cresselia|spa|1\n|-boost|p1a: Cresselia|spd|1\n|\n|-damage|p1a: Cresselia|54\/100 brn|[from] brn\n|upkeep\n|turn|83\n|\n|t:|1700337822\n|switch|p2a: Onyx Razor|Kingambit, M|33\/100\n|-damage|p2a: Onyx Razor|27\/100|[from] Stealth Rock\n|move|p1a: Cresselia|Stored Power|p2a: Onyx Razor\n|-immune|p2a: Onyx Razor\n|\n|-damage|p1a: Cresselia|48\/100 brn|[from] brn\n|upkeep\n|turn|84\n|inactive|SirBoogerBrain has 120 seconds left.\n|\n|t:|1700337833\n|-terastallize|p1a: Cresselia|Fairy\n|move|p1a: Cresselia|Moonblast|p2a: Onyx Razor\n|-damage|p2a: Onyx Razor|0 fnt\n|faint|p2a: Onyx Razor\n|-end|p2a: Onyx Razor|fallenundefined|[silent]\n|\n|-damage|p1a: Cresselia|42\/100 brn|[from] brn\n|upkeep\n|inactive|SirBoogerBrain has 90 seconds left.\n|\n|t:|1700337873\n|switch|p2a: Star Lance|Iron Valiant|100\/100\n|-damage|p2a: Star Lance|94\/100|[from] Stealth Rock\n|turn|85\n|inactive|SirBoogerBrain has 90 seconds left.\n|\n|t:|1700337882\n|-terastallize|p2a: Star Lance|Fairy\n|move|p2a: Star Lance|Moonblast|p1a: Cresselia\n|-damage|p1a: Cresselia|22\/100 brn\n|move|p1a: Cresselia|Moonlight|p1a: Cresselia\n|-heal|p1a: Cresselia|72\/100 brn\n|\n|-damage|p1a: Cresselia|65\/100 brn|[from] brn\n|upkeep\n|turn|86\n|\n|t:|1700337887\n|move|p2a: Star Lance|Moonblast|p1a: Cresselia\n|-damage|p1a: Cresselia|45\/100 brn\n|move|p1a: Cresselia|Stored Power|p2a: Star Lance\n|-damage|p2a: Star Lance|0 fnt\n|faint|p2a: Star Lance\n|-end|p2a: Star Lance|Quark Drive|[silent]\n|\n|-damage|p1a: Cresselia|38\/100 brn|[from] brn\n|upkeep\n|c|\u2606SirBoogerBrain|gg\n|-message|SirBoogerBrain forfeited.\n|\n|win|pleptoga\n|raw|pleptoga's rating: 1164 &rarr; <strong>1193<\/strong><br \/>(+29 for winning)\n|raw|SirBoogerBrain's rating: 1220 &rarr; <strong>1191<\/strong><br \/>(-29 for losing)\n|l|\u2606pleptoga\n","uploadtime":1700337916,"views":10,"p1id":"pleptoga","p2id":"sirboogerbrain","formatid":"gen9ou","rating":1191,"private":0,"password":""}