{"id":"gen9ou-1989923141","p1":"Hi84m","p2":"PokerManGold","format":"[Gen 9] OU","log":"|j|\u2606Hi84m\n|j|\u2606PokerManGold\n|t:|1699907066\n|gametype|singles\n|player|p1|Hi84m|grimsley|1196\n|player|p2|PokerManGold|li|1224\n|teamsize|p1|6\n|teamsize|p2|6\n|gen|9\n|tier|[Gen 9] OU\n|rated|\n|rule|Sleep Clause Mod: Limit one foe put to sleep\n|rule|Species Clause: Limit one of each Pok\u00e9mon\n|rule|OHKO Clause: OHKO moves are banned\n|rule|Evasion Items Clause: Evasion items are banned\n|rule|Evasion Moves Clause: Evasion moves are banned\n|rule|Endless Battle Clause: Forcing endless battles is banned\n|rule|HP Percentage Mod: HP is shown in percentages\n|clearpoke\n|poke|p1|Amoonguss, M|\n|poke|p1|Ninetales-Alola, M|\n|poke|p1|Ogerpon-Wellspring, F|\n|poke|p1|Iron Moth|\n|poke|p1|Dragonite, M|\n|poke|p1|Great Tusk|\n|poke|p2|Dragonite, M|\n|poke|p2|Gholdengo|\n|poke|p2|Great Tusk|\n|poke|p2|Ogerpon-Wellspring, F|\n|poke|p2|Skeledirge, F|\n|poke|p2|Toxapex, F|\n|teampreview\n|\n|t:|1699907079\n|start\n|switch|p1a: Iron Moth|Iron Moth|100\/100\n|switch|p2a: Great Tusk|Great Tusk|100\/100\n|-enditem|p1a: Iron Moth|Booster Energy\n|-activate|p1a: Iron Moth|ability: Quark Drive|[fromitem]\n|-start|p1a: Iron Moth|quarkdrivespa\n|-enditem|p2a: Great Tusk|Booster Energy\n|-activate|p2a: Great Tusk|ability: Protosynthesis|[fromitem]\n|-start|p2a: Great Tusk|protosynthesisspe\n|turn|1\n|\n|t:|1699907109\n|-terastallize|p1a: Iron Moth|Fairy\n|move|p2a: Great Tusk|Stealth Rock|p1a: Iron Moth\n|-sidestart|p1: Hi84m|move: Stealth Rock\n|move|p1a: Iron Moth|Dazzling Gleam|p2a: Great Tusk\n|-supereffective|p2a: Great Tusk\n|-damage|p2a: Great Tusk|0 fnt\n|faint|p2a: Great Tusk\n|-end|p2a: Great Tusk|Protosynthesis|[silent]\n|\n|upkeep\n|\n|t:|1699907134\n|switch|p2a: Toxapex|Toxapex, F|100\/100\n|turn|2\n|\n|t:|1699907166\n|-end|p1a: Iron Moth|Quark Drive|[silent]\n|switch|p1a: Amoonguss|Amoonguss, M|100\/100\n|-damage|p1a: Amoonguss|88\/100|[from] Stealth Rock\n|move|p2a: Toxapex|Toxic|p1a: Amoonguss\n|-immune|p1a: Amoonguss\n|\n|-heal|p1a: Amoonguss|94\/100|[from] item: Leftovers\n|upkeep\n|turn|3\n|\n|t:|1699907189\n|switch|p2a: Skeledirge|Skeledirge, F|100\/100\n|move|p1a: Amoonguss|Giga Drain|p2a: Skeledirge\n|-resisted|p2a: Skeledirge\n|-damage|p2a: Skeledirge|84\/100\n|-heal|p1a: Amoonguss|100\/100|[from] drain|[of] p2a: Skeledirge\n|\n|upkeep\n|turn|4\n|\n|t:|1699907206\n|move|p2a: Skeledirge|Will-O-Wisp|p1a: Amoonguss\n|-status|p1a: Amoonguss|brn\n|move|p1a: Amoonguss|Spore|p2a: Skeledirge\n|-status|p2a: Skeledirge|slp|[from] move: Spore\n|\n|-damage|p1a: Amoonguss|94\/100 brn|[from] brn\n|upkeep\n|turn|5\n|\n|t:|1699907236\n|switch|p1a: Ninetales|Ninetales-Alola, M|100\/100\n|-damage|p1a: Ninetales|76\/100|[from] Stealth Rock\n|-weather|Snow|[from] ability: Snow Warning|[of] p1a: Ninetales\n|cant|p2a: Skeledirge|slp\n|\n|-weather|Snow|[upkeep]\n|upkeep\n|turn|6\n|\n|t:|1699907255\n|move|p1a: Ninetales|Aurora Veil|p1a: Ninetales\n|-sidestart|p1: Hi84m|move: Aurora Veil\n|cant|p2a: Skeledirge|slp\n|\n|-weather|Snow|[upkeep]\n|upkeep\n|turn|7\n|\n|t:|1699907270\n|move|p1a: Ninetales|Encore|p2a: Skeledirge\n|-start|p2a: Skeledirge|Encore\n|-curestatus|p2a: Skeledirge|slp|[msg]\n|move|p2a: Skeledirge|Will-O-Wisp|p1a: Ninetales\n|-status|p1a: Ninetales|brn\n|\n|-weather|Snow|[upkeep]\n|-damage|p1a: Ninetales|70\/100 brn|[from] brn\n|upkeep\n|turn|8\n|\n|t:|1699907284\n|switch|p2a: Toxapex|Toxapex, F|100\/100\n|move|p1a: Ninetales|Blizzard|p2a: Toxapex\n|-resisted|p2a: Toxapex\n|-damage|p2a: Toxapex|88\/100\n|\n|-weather|Snow|[upkeep]\n|-heal|p2a: Toxapex|95\/100|[from] item: Leftovers\n|-damage|p1a: Ninetales|64\/100 brn|[from] brn\n|upkeep\n|turn|9\n|\n|t:|1699907304\n|switch|p1a: Amoonguss|Amoonguss, M|100\/100 brn\n|-damage|p1a: Amoonguss|88\/100 brn|[from] Stealth Rock\n|switch|p2a: Skeledirge|Skeledirge, F|84\/100\n|\n|-weather|none\n|-heal|p1a: Amoonguss|94\/100 brn|[from] item: Leftovers\n|-damage|p1a: Amoonguss|88\/100 brn|[from] brn\n|upkeep\n|turn|10\n|\n|t:|1699907332\n|move|p2a: Skeledirge|Torch Song|p1a: Amoonguss\n|-supereffective|p1a: Amoonguss\n|-damage|p1a: Amoonguss|52\/100 brn\n|-boost|p2a: Skeledirge|spa|1\n|move|p1a: Amoonguss|Spore|p2a: Skeledirge\n|-status|p2a: Skeledirge|slp|[from] move: Spore\n|\n|-heal|p1a: Amoonguss|58\/100 brn|[from] item: Leftovers\n|-damage|p1a: Amoonguss|52\/100 brn|[from] brn\n|upkeep\n|turn|11\n|\n|t:|1699907345\n|switch|p1a: Ogerpon|Ogerpon-Wellspring, F|100\/100\n|-damage|p1a: Ogerpon|88\/100|[from] Stealth Rock\n|cant|p2a: Skeledirge|slp\n|\n|upkeep\n|turn|12\n|\n|t:|1699907356\n|move|p1a: Ogerpon|Swords Dance|p1a: Ogerpon\n|-boost|p1a: Ogerpon|atk|2\n|cant|p2a: Skeledirge|slp\n|\n|upkeep\n|turn|13\n|\n|t:|1699907366\n|move|p1a: Ogerpon|Trailblaze|p2a: Skeledirge\n|-resisted|p2a: Skeledirge\n|-damage|p2a: Skeledirge|71\/100 slp\n|-boost|p1a: Ogerpon|spe|1\n|cant|p2a: Skeledirge|slp\n|\n|-sideend|p1: Hi84m|move: Aurora Veil\n|upkeep\n|turn|14\n|\n|t:|1699907377\n|move|p1a: Ogerpon|Ivy Cudgel|p2a: Skeledirge\n|-supereffective|p2a: Skeledirge\n|-damage|p2a: Skeledirge|0 fnt\n|faint|p2a: Skeledirge\n|\n|upkeep\n|\n|t:|1699907387\n|switch|p2a: Dragonite|Dragonite, M|100\/100\n|turn|15\n|\n|t:|1699907395\n|move|p1a: Ogerpon|Ivy Cudgel|p2a: Dragonite\n|-resisted|p2a: Dragonite\n|-damage|p2a: Dragonite|69\/100\n|move|p2a: Dragonite|Dragon Dance|p2a: Dragonite\n|-boost|p2a: Dragonite|atk|1\n|-boost|p2a: Dragonite|spe|1\n|\n|upkeep\n|turn|16\n|\n|t:|1699907414\n|move|p2a: Dragonite|Extreme Speed|p1a: Ogerpon\n|-damage|p1a: Ogerpon|35\/100\n|move|p1a: Ogerpon|Ivy Cudgel|p2a: Dragonite\n|-resisted|p2a: Dragonite\n|-damage|p2a: Dragonite|9\/100\n|\n|upkeep\n|turn|17\n|\n|t:|1699907420\n|move|p2a: Dragonite|Extreme Speed|p1a: Ogerpon\n|-damage|p1a: Ogerpon|0 fnt\n|faint|p1a: Ogerpon\n|\n|upkeep\n|\n|t:|1699907432\n|switch|p1a: Amoonguss|Amoonguss, M|85\/100 brn\n|-damage|p1a: Amoonguss|72\/100 brn|[from] Stealth Rock\n|turn|18\n|\n|t:|1699907437\n|move|p2a: Dragonite|Ice Spinner|p1a: Amoonguss\n|-supereffective|p1a: Amoonguss\n|-crit|p1a: Amoonguss\n|-damage|p1a: Amoonguss|0 fnt\n|faint|p1a: Amoonguss\n|\n|upkeep\n|\n|t:|1699907443\n|switch|p1a: Dragonite|Dragonite, M|100\/100\n|turn|19\n|\n|t:|1699907447\n|move|p2a: Dragonite|Ice Spinner|p1a: Dragonite\n|-supereffective|p1a: Dragonite\n|-damage|p1a: Dragonite|11\/100\n|move|p1a: Dragonite|Dragon Dance|p1a: Dragonite\n|-boost|p1a: Dragonite|atk|1\n|-boost|p1a: Dragonite|spe|1\n|\n|upkeep\n|turn|20\n|\n|t:|1699907454\n|move|p2a: Dragonite|Extreme Speed|p1a: Dragonite\n|-damage|p1a: Dragonite|0 fnt\n|faint|p1a: Dragonite\n|\n|upkeep\n|\n|t:|1699907463\n|switch|p1a: Great Tusk|Great Tusk|100\/100\n|-damage|p1a: Great Tusk|98\/100|[from] Stealth Rock\n|-enditem|p1a: Great Tusk|Booster Energy\n|-activate|p1a: Great Tusk|ability: Protosynthesis|[fromitem]\n|-start|p1a: Great Tusk|protosynthesisatk\n|turn|21\n|\n|t:|1699907475\n|move|p2a: Dragonite|Ice Spinner|p1a: Great Tusk\n|-supereffective|p1a: Great Tusk\n|-damage|p1a: Great Tusk|39\/100\n|move|p1a: Great Tusk|Rapid Spin|p2a: Dragonite\n|-damage|p2a: Dragonite|0 fnt\n|-boost|p1a: Great Tusk|spe|1\n|-sideend|p1: Hi84m|Stealth Rock|[from] move: Rapid Spin|[of] p1a: Great Tusk\n|faint|p2a: Dragonite\n|\n|upkeep\n|\n|t:|1699907484\n|switch|p2a: Toxapex|Toxapex, F|100\/100\n|turn|22\n|\n|t:|1699907487\n|move|p1a: Great Tusk|Headlong Rush|p2a: Toxapex\n|-supereffective|p2a: Toxapex\n|-damage|p2a: Toxapex|0 fnt\n|-unboost|p1a: Great Tusk|def|1\n|-unboost|p1a: Great Tusk|spd|1\n|faint|p2a: Toxapex\n|\n|upkeep\n|\n|t:|1699907494\n|switch|p2a: Ogerpon|Ogerpon-Wellspring, F|100\/100\n|turn|23\n|\n|t:|1699907506\n|-terastallize|p2a: Ogerpon|Water\n|detailschange|p2a: Ogerpon|Ogerpon-Wellspring-Tera, F, tera:Water\n|-ability|p2a: Ogerpon|Embody Aspect (Wellspring)|boost\n|-boost|p2a: Ogerpon|spd|1\n|move|p1a: Great Tusk|Close Combat|p2a: Ogerpon\n|-damage|p2a: Ogerpon|0 fnt\n|-unboost|p1a: Great Tusk|def|1\n|-unboost|p1a: Great Tusk|spd|1\n|faint|p2a: Ogerpon\n|\n|upkeep\n|\n|t:|1699907517\n|switch|p2a: Gholdengo|Gholdengo|100\/100\n|-item|p2a: Gholdengo|Air Balloon\n|turn|24\n|\n|t:|1699907527\n|-end|p1a: Great Tusk|Protosynthesis|[silent]\n|switch|p1a: Iron Moth|Iron Moth, tera:Fairy|100\/100\n|move|p2a: Gholdengo|Shadow Ball|p1a: Iron Moth\n|-damage|p1a: Iron Moth|53\/100\n|\n|upkeep\n|turn|25\n|\n|t:|1699907534\n|move|p1a: Iron Moth|Fiery Dance|p2a: Gholdengo\n|-supereffective|p2a: Gholdengo\n|-damage|p2a: Gholdengo|0 fnt\n|-boost|p1a: Iron Moth|spa|1\n|-enditem|p2a: Gholdengo|Air Balloon\n|faint|p2a: Gholdengo\n|\n|win|Hi84m\n|raw|Hi84m's rating: 1196 &rarr; <strong>1225<\/strong><br \/>(+29 for winning)\n|raw|PokerManGold's rating: 1250 &rarr; <strong>1221<\/strong><br \/>(-29 for losing)\n|c|\u2606Hi84m|gg\n|l|\u2606PokerManGold\n","uploadtime":1699907550,"views":10,"p1id":"hi84m","p2id":"pokermangold","formatid":"gen9ou","rating":1221,"private":0,"password":""}