{"id":"gen9ou-1998094005","p1":"crownwrld","p2":"RSDPM","format":"[Gen 9] OU","log":"|j|\u2606crownwrld\n|j|\u2606RSDPM\n|t:|1700890262\n|gametype|singles\n|player|p1|crownwrld|hugh|1240\n|player|p2|RSDPM|riley|1332\n|teamsize|p1|6\n|teamsize|p2|6\n|gen|9\n|tier|[Gen 9] OU\n|rated|\n|rule|Sleep Clause Mod: Limit one foe put to sleep\n|rule|Species Clause: Limit one of each Pok\u00e9mon\n|rule|OHKO Clause: OHKO moves are banned\n|rule|Evasion Items Clause: Evasion items are banned\n|rule|Evasion Moves Clause: Evasion moves are banned\n|rule|Endless Battle Clause: Forcing endless battles is banned\n|rule|HP Percentage Mod: HP is shown in percentages\n|clearpoke\n|poke|p1|Dragonite, F|\n|poke|p1|Garganacl, F|\n|poke|p1|Meowscarada, M|\n|poke|p1|Gengar, M|\n|poke|p1|Corviknight, M|\n|poke|p1|Iron Valiant|\n|poke|p2|Arcanine-Hisui, F|\n|poke|p2|Electrode-Hisui|\n|poke|p2|Lilligant-Hisui, F|\n|poke|p2|Zoroark-Hisui, M|\n|poke|p2|Braviary-Hisui, M|\n|poke|p2|Avalugg-Hisui, M|\n|teampreview\n|inactive|Battle timer is ON: inactive players will automatically lose when time's up. (requested by crownwrld)\n|\n|t:|1700890283\n|start\n|switch|p1a: Gengar|Gengar, M|100\/100\n|switch|p2a: Avalugg|Avalugg-Hisui, M|100\/100\n|turn|1\n|\n|t:|1700890302\n|move|p2a: Avalugg|Bitter Malice|p1a: Gengar\n|-supereffective|p1a: Gengar\n|-damage|p1a: Gengar|0 fnt\n|-start|p2a: Avalugg|Disable|Bitter Malice|[from] ability: Cursed Body|[of] p1a: Gengar\n|faint|p1a: Gengar\n|\n|upkeep\n|\n|t:|1700890312\n|switch|p1a: Meowscarada|Meowscarada, M|100\/100\n|turn|2\n|\n|t:|1700890317\n|switch|p2a: Avalugg|Avalugg-Hisui, M|100\/100\n|move|p1a: Meowscarada|Knock Off|p2a: Avalugg\n|-start|p1a: Meowscarada|typechange|Dark|[from] ability: Protean\n|-damage|p2a: Avalugg|77\/100\n|-damage|p1a: Meowscarada|84\/100|[from] item: Rocky Helmet|[of] p2a: Avalugg\n|-enditem|p2a: Avalugg|Rocky Helmet|[from] move: Knock Off|[of] p1a: Meowscarada\n|\n|upkeep\n|turn|3\n|\n|t:|1700890328\n|switch|p1a: Garganacl|Garganacl, F|100\/100\n|move|p2a: Avalugg|Stealth Rock|p1a: Garganacl\n|-sidestart|p1: crownwrld|move: Stealth Rock\n|\n|upkeep\n|turn|4\n|\n|t:|1700890334\n|move|p1a: Garganacl|Salt Cure|p2a: Avalugg\n|-supereffective|p2a: Avalugg\n|-damage|p2a: Avalugg|63\/100\n|-start|p2a: Avalugg|Salt Cure\n|move|p2a: Avalugg|Gyro Ball|p1a: Garganacl\n|-supereffective|p1a: Garganacl\n|-damage|p1a: Garganacl|86\/100\n|\n|-heal|p1a: Garganacl|92\/100|[from] item: Leftovers\n|-damage|p2a: Avalugg|51\/100|[from] Salt Cure\n|upkeep\n|turn|5\n|\n|t:|1700890346\n|switch|p2a: Avalugg|Avalugg-Hisui, M|100\/100\n|-terastallize|p1a: Garganacl|Ghost\n|move|p1a: Garganacl|Curse|p2a: Avalugg\n|-start|p2a: Avalugg|Curse|[of] p1a: Garganacl\n|-damage|p1a: Garganacl|42\/100\n|\n|-heal|p1a: Garganacl|49\/100|[from] item: Leftovers\n|-damage|p2a: Avalugg|76\/100|[from] Curse\n|upkeep\n|turn|6\n|\n|t:|1700890356\n|switch|p1a: Meowscarada|Meowscarada, M|84\/100\n|-damage|p1a: Meowscarada|72\/100|[from] Stealth Rock\n|move|p2a: Avalugg|Trick|p1a: Meowscarada\n|-activate|p2a: Avalugg|move: Trick|[of] p1a: Meowscarada\n|-item|p1a: Meowscarada|Choice Scarf|[from] move: Trick\n|-item|p2a: Avalugg|Choice Scarf|[from] move: Trick\n|\n|-damage|p2a: Avalugg|51\/100|[from] Curse\n|upkeep\n|turn|7\n|\n|t:|1700890367\n|switch|p2a: Avalugg|Avalugg-Hisui, M|51\/100\n|move|p1a: Meowscarada|Knock Off|p2a: Avalugg\n|-start|p1a: Meowscarada|typechange|Dark|[from] ability: Protean\n|-damage|p2a: Avalugg|35\/100\n|\n|upkeep\n|turn|8\n|\n|t:|1700890379\n|switch|p1a: Corviknight|Corviknight, M|100\/100\n|-damage|p1a: Corviknight|88\/100|[from] Stealth Rock\n|-ability|p1a: Corviknight|Pressure\n|move|p2a: Avalugg|Gyro Ball|p1a: Corviknight\n|-resisted|p1a: Corviknight\n|-damage|p1a: Corviknight|81\/100\n|-damage|p2a: Avalugg|18\/100|[from] item: Rocky Helmet|[of] p1a: Corviknight\n|\n|upkeep\n|turn|9\n|\n|t:|1700890389\n|move|p1a: Corviknight|Defog|p2a: Avalugg\n|-unboost|p2a: Avalugg|evasion|1\n|-sideend|p1: crownwrld|Stealth Rock|[from] move: Defog|[of] p1a: Corviknight\n|move|p2a: Avalugg|Stealth Rock|p1a: Corviknight\n|-sidestart|p1: crownwrld|move: Stealth Rock\n|\n|upkeep\n|turn|10\n|\n|t:|1700890395\n|move|p1a: Corviknight|Brave Bird|p2a: Avalugg\n|-resisted|p2a: Avalugg\n|-damage|p2a: Avalugg|10\/100\n|-damage|p1a: Corviknight|78\/100|[from] Recoil\n|move|p2a: Avalugg|Stealth Rock||[still]\n|-fail|p2a: Avalugg\n|\n|upkeep\n|turn|11\n|\n|t:|1700890403\n|move|p1a: Corviknight|Defog|p2a: Avalugg\n|-unboost|p2a: Avalugg|evasion|1\n|-sideend|p1: crownwrld|Stealth Rock|[from] move: Defog|[of] p1a: Corviknight\n|move|p2a: Avalugg|Stealth Rock|p1a: Corviknight\n|-sidestart|p1: crownwrld|move: Stealth Rock\n|\n|upkeep\n|turn|12\n|\n|t:|1700890412\n|move|p1a: Corviknight|Brave Bird|p2a: Avalugg\n|-resisted|p2a: Avalugg\n|-damage|p2a: Avalugg|1\/100\n|-damage|p1a: Corviknight|75\/100|[from] Recoil\n|move|p2a: Avalugg|Stealth Rock||[still]\n|-fail|p2a: Avalugg\n|\n|upkeep\n|turn|13\n|\n|t:|1700890420\n|move|p1a: Corviknight|U-turn|p2a: Avalugg\n|-damage|p2a: Avalugg|0 fnt\n|faint|p2a: Avalugg\n|\n|t:|1700890425\n|switch|p1a: Meowscarada|Meowscarada, M|72\/100|[from] U-turn\n|-damage|p1a: Meowscarada|60\/100|[from] Stealth Rock\n|\n|upkeep\n|\n|t:|1700890452\n|switch|p2a: Braviary|Braviary-Hisui, M|100\/100\n|turn|14\n|\n|t:|1700890456\n|move|p2a: Braviary|Vacuum Wave|p1a: Meowscarada\n|-supereffective|p1a: Meowscarada\n|-damage|p1a: Meowscarada|17\/100\n|move|p1a: Meowscarada|Knock Off|p2a: Braviary\n|-start|p1a: Meowscarada|typechange|Dark|[from] ability: Protean\n|-supereffective|p2a: Braviary\n|-damage|p2a: Braviary|0 fnt\n|-enditem|p2a: Braviary|Heavy-Duty Boots|[from] move: Knock Off|[of] p1a: Meowscarada\n|faint|p2a: Braviary\n|\n|upkeep\n|\n|t:|1700890470\n|switch|p2a: Arcanine|Arcanine-Hisui, F|100\/100\n|turn|15\n|\n|t:|1700890474\n|move|p2a: Arcanine|Extreme Speed|p1a: Meowscarada\n|-damage|p1a: Meowscarada|0 fnt\n|faint|p1a: Meowscarada\n|\n|upkeep\n|\n|t:|1700890489\n|switch|p1a: Garganacl|Garganacl, F, tera:Ghost|49\/100\n|-damage|p1a: Garganacl|36\/100|[from] Stealth Rock\n|turn|16\n|\n|t:|1700890495\n|move|p2a: Arcanine|Head Smash|p1a: Garganacl\n|-damage|p1a: Garganacl|0 fnt\n|faint|p1a: Garganacl\n|\n|upkeep\n|\n|t:|1700890501\n|switch|p1a: Dragonite|Dragonite, F|100\/100\n|-damage|p1a: Dragonite|76\/100|[from] Stealth Rock\n|turn|17\n|\n|t:|1700890524\n|move|p1a: Dragonite|Extreme Speed|p2a: Arcanine\n|-resisted|p2a: Arcanine\n|-damage|p2a: Arcanine|80\/100\n|move|p2a: Arcanine|Head Smash|p1a: Dragonite\n|-supereffective|p1a: Dragonite\n|-damage|p1a: Dragonite|0 fnt\n|faint|p1a: Dragonite\n|\n|upkeep\n|l|\u2606RSDPM\n|inactive|RSDPM disconnected and has a minute to reconnect!\n|player|p2|\n|j|\u2606RSDPM\n|inactive|RSDPM reconnected.\n|player|p2|RSDPM|riley\n|\n|t:|1700890532\n|switch|p1a: Iron Valiant|Iron Valiant|100\/100\n|-damage|p1a: Iron Valiant|94\/100|[from] Stealth Rock\n|-enditem|p1a: Iron Valiant|Booster Energy\n|-activate|p1a: Iron Valiant|ability: Quark Drive|[fromitem]\n|-start|p1a: Iron Valiant|quarkdrivespe\n|turn|18\n|\n|t:|1700890551\n|switch|p2a: Arcanine|Arcanine-Hisui, F|51\/100\n|move|p1a: Iron Valiant|Aura Sphere|p2a: Arcanine\n|-immune|p2a: Arcanine\n|\n|upkeep\n|turn|19\n|inactive|RSDPM has 120 seconds left.\n|\n|t:|1700890572\n|move|p1a: Iron Valiant|Calm Mind|p1a: Iron Valiant\n|-boost|p1a: Iron Valiant|spa|1\n|-boost|p1a: Iron Valiant|spd|1\n|move|p2a: Arcanine|Bitter Malice|p1a: Iron Valiant\n|-damage|p1a: Iron Valiant|48\/100\n|-unboost|p1a: Iron Valiant|atk|1\n|\n|upkeep\n|turn|20\n|inactive|RSDPM has 120 seconds left.\n|\n|t:|1700890585\n|move|p1a: Iron Valiant|Moonblast|p2a: Arcanine\n|-damage|p2a: Arcanine|0 fnt\n|replace|p2a: Zoroark|Zoroark-Hisui, M\n|-end|p2a: Zoroark|Illusion\n|faint|p2a: Zoroark\n|\n|upkeep\n|inactive|RSDPM has 120 seconds left.\n|\n|t:|1700890598\n|switch|p2a: Lilligant|Lilligant-Hisui, F|100\/100\n|turn|21\n|inactive|RSDPM has 120 seconds left.\n|\n|t:|1700890620\n|move|p1a: Iron Valiant|Moonblast|p2a: Lilligant\n|-supereffective|p2a: Lilligant\n|-enditem|p2a: Lilligant|Focus Sash\n|-damage|p2a: Lilligant|1\/100\n|-unboost|p2a: Lilligant|spa|1\n|move|p2a: Lilligant|Leaf Blade|p1a: Iron Valiant\n|-damage|p1a: Iron Valiant|0 fnt\n|faint|p1a: Iron Valiant\n|-end|p1a: Iron Valiant|Quark Drive|[silent]\n|\n|upkeep\n|\n|t:|1700890630\n|switch|p1a: Corviknight|Corviknight, M|75\/100\n|-damage|p1a: Corviknight|63\/100|[from] Stealth Rock\n|-ability|p1a: Corviknight|Pressure\n|turn|22\n|\n|t:|1700890637\n|move|p2a: Lilligant|Close Combat|p1a: Corviknight\n|-damage|p1a: Corviknight|31\/100\n|-unboost|p2a: Lilligant|def|1\n|-unboost|p2a: Lilligant|spd|1\n|-damage|p2a: Lilligant|0 fnt|[from] item: Rocky Helmet|[of] p1a: Corviknight\n|faint|p2a: Lilligant\n|move|p1a: Corviknight|Brave Bird|p2: Lilligant|[notarget]\n|-fail|p1a: Corviknight\n|\n|upkeep\n|\n|t:|1700890647\n|switch|p2a: Arcanine|Arcanine-Hisui, F|80\/100\n|turn|23\n|\n|t:|1700890651\n|move|p2a: Arcanine|Flare Blitz|p1a: Corviknight\n|-supereffective|p1a: Corviknight\n|-crit|p1a: Corviknight\n|-damage|p1a: Corviknight|0 fnt\n|-damage|p2a: Arcanine|63\/100|[from] item: Rocky Helmet|[of] p1a: Corviknight\n|faint|p1a: Corviknight\n|\n|win|RSDPM\n|raw|crownwrld's rating: 1240 &rarr; <strong>1221<\/strong><br \/>(-19 for losing)\n|raw|RSDPM's rating: 1332 &rarr; <strong>1347<\/strong><br \/>(+15 for winning)\n|l|\u2606crownwrld\n","uploadtime":1700890665,"views":3,"p1id":"crownwrld","p2id":"rsdpm","formatid":"gen9ou","rating":1221,"private":0,"password":""}