{"id":"gen9ou-1994221390","p1":"Andrews Finn2","p2":"tredlite","format":"[Gen 9] OU","log":"|j|\u2606Andrews Finn2\n|j|\u2606tredlite\n|t:|1700420441\n|gametype|singles\n|player|p1|Andrews Finn2|steven|1175\n|player|p2|tredlite|unknown|1258\n|teamsize|p1|6\n|teamsize|p2|6\n|gen|9\n|tier|[Gen 9] OU\n|rated|\n|rule|Sleep Clause Mod: Limit one foe put to sleep\n|rule|Species Clause: Limit one of each Pok\u00e9mon\n|rule|OHKO Clause: OHKO moves are banned\n|rule|Evasion Items Clause: Evasion items are banned\n|rule|Evasion Moves Clause: Evasion moves are banned\n|rule|Endless Battle Clause: Forcing endless battles is banned\n|rule|HP Percentage Mod: HP is shown in percentages\n|clearpoke\n|poke|p1|Alomomola, F|\n|poke|p1|Slowking-Galar, F|\n|poke|p1|Kingambit, F|\n|poke|p1|Great Tusk|\n|poke|p1|Cinderace, F|\n|poke|p1|Thundurus-Therian, M|\n|poke|p2|Walking Wake|\n|poke|p2|Maushold-Four|\n|poke|p2|Dragonite, F|\n|poke|p2|Weezing-Galar, F|\n|poke|p2|Great Tusk|\n|poke|p2|Muk-Alola, M|\n|teampreview\n|\n|t:|1700420453\n|start\n|switch|p1a: Great Tusk|Great Tusk|100\/100\n|switch|p2a: Muk|Muk-Alola, M|100\/100\n|turn|1\n|\n|t:|1700420467\n|switch|p2a: Dragonite|Dragonite, F|100\/100\n|move|p1a: Great Tusk|Stealth Rock|p2a: Dragonite\n|-sidestart|p2: tredlite|move: Stealth Rock\n|\n|upkeep\n|turn|2\n|\n|t:|1700420482\n|-end|p1a: Great Tusk|Protosynthesis|[silent]\n|switch|p1a: Alomomola|Alomomola, F|100\/100\n|move|p2a: Dragonite|Outrage|p1a: Alomomola\n|-damage|p1a: Alomomola|33\/100\n|-enditem|p1a: Alomomola|Red Card|[of] p2a: Dragonite\n|drag|p2a: Weezing|Weezing-Galar, F|100\/100\n|-damage|p2a: Weezing|88\/100|[from] Stealth Rock\n|\n|upkeep\n|turn|3\n|\n|t:|1700420499\n|switch|p1a: Slowking|Slowking-Galar, F|100\/100\n|move|p2a: Weezing|Sludge Bomb|p1a: Slowking\n|-resisted|p1a: Slowking\n|-damage|p1a: Slowking|85\/100\n|\n|upkeep\n|turn|4\n|\n|t:|1700420507\n|switch|p2a: Muk|Muk-Alola, M|100\/100\n|-damage|p2a: Muk|88\/100|[from] Stealth Rock\n|move|p1a: Slowking|Future Sight|p2a: Muk\n|-start|p1a: Slowking|move: Future Sight\n|\n|-heal|p2a: Muk|94\/100|[from] item: Black Sludge\n|upkeep\n|turn|5\n|\n|t:|1700420521\n|switch|p1a: Great Tusk|Great Tusk|100\/100\n|move|p2a: Muk|Knock Off|p1a: Great Tusk\n|-resisted|p1a: Great Tusk\n|-damage|p1a: Great Tusk|87\/100\n|-damage|p2a: Muk|78\/100|[from] item: Rocky Helmet|[of] p1a: Great Tusk\n|-enditem|p1a: Great Tusk|Rocky Helmet|[from] move: Knock Off|[of] p2a: Muk\n|\n|-heal|p2a: Muk|84\/100|[from] item: Black Sludge\n|upkeep\n|turn|6\n|\n|t:|1700420531\n|move|p2a: Muk|Protect|p2a: Muk\n|-singleturn|p2a: Muk|Protect\n|move|p1a: Great Tusk|Rapid Spin|p2a: Muk\n|-activate|p2a: Muk|move: Protect\n|\n|-end|p2a: Muk|move: Future Sight\n|-immune|p2a: Muk\n|-heal|p2a: Muk|90\/100|[from] item: Black Sludge\n|upkeep\n|turn|7\n|\n|t:|1700420548\n|switch|p2a: Weezing|Weezing-Galar, F|88\/100\n|-damage|p2a: Weezing|76\/100|[from] Stealth Rock\n|move|p1a: Great Tusk|Rapid Spin|p2a: Weezing\n|-damage|p2a: Weezing|56\/100\n|-boost|p1a: Great Tusk|spe|1\n|\n|upkeep\n|turn|8\n|\n|t:|1700420556\n|-end|p1a: Great Tusk|Protosynthesis|[silent]\n|switch|p1a: Slowking|Slowking-Galar, F|100\/100\n|move|p2a: Weezing|Strange Steam|p1a: Slowking\n|-resisted|p1a: Slowking\n|-damage|p1a: Slowking|83\/100\n|-start|p1a: Slowking|confusion\n|\n|upkeep\n|turn|9\n|\n|t:|1700420564\n|switch|p2a: Maushold|Maushold-Four|100\/100\n|-damage|p2a: Maushold|88\/100|[from] Stealth Rock\n|-activate|p1a: Slowking|confusion\n|-damage|p1a: Slowking|78\/100|[from] confusion\n|\n|upkeep\n|turn|10\n|\n|t:|1700420577\n|switch|p1a: Kingambit|Kingambit, F|100\/100\n|move|p2a: Maushold|Tidy Up|p2a: Maushold\n|-sideend|p2: tredlite|Stealth Rock\n|-activate|p2a: Maushold|move: Tidy Up\n|-boost|p2a: Maushold|atk|1\n|-boost|p2a: Maushold|spe|1\n|\n|upkeep\n|turn|11\n|inactive|Battle timer is ON: inactive players will automatically lose when time's up. (requested by tredlite)\n|\n|t:|1700420600\n|-terastallize|p2a: Maushold|Steel\n|move|p2a: Maushold|Population Bomb|p1a: Kingambit\n|-resisted|p1a: Kingambit\n|-damage|p1a: Kingambit|94\/100\n|-resisted|p1a: Kingambit\n|-damage|p1a: Kingambit|89\/100\n|-resisted|p1a: Kingambit\n|-damage|p1a: Kingambit|83\/100\n|-resisted|p1a: Kingambit\n|-damage|p1a: Kingambit|77\/100\n|-resisted|p1a: Kingambit\n|-damage|p1a: Kingambit|71\/100\n|-resisted|p1a: Kingambit\n|-crit|p1a: Kingambit\n|-damage|p1a: Kingambit|61\/100\n|-resisted|p1a: Kingambit\n|-damage|p1a: Kingambit|55\/100\n|-resisted|p1a: Kingambit\n|-damage|p1a: Kingambit|49\/100\n|-resisted|p1a: Kingambit\n|-damage|p1a: Kingambit|43\/100\n|-resisted|p1a: Kingambit\n|-damage|p1a: Kingambit|37\/100\n|-hitcount|p1a: Kingambit|10\n|move|p1a: Kingambit|Kowtow Cleave|p2a: Maushold\n|-damage|p2a: Maushold|14\/100\n|\n|-heal|p1a: Kingambit|44\/100|[from] item: Leftovers\n|upkeep\n|turn|12\n|\n|t:|1700420613\n|move|p1a: Kingambit|Sucker Punch||[still]\n|-fail|p1a: Kingambit\n|move|p2a: Maushold|Tidy Up|p2a: Maushold\n|-boost|p2a: Maushold|atk|1\n|-boost|p2a: Maushold|spe|1\n|\n|-heal|p1a: Kingambit|50\/100|[from] item: Leftovers\n|upkeep\n|turn|13\n|\n|t:|1700420618\n|move|p1a: Kingambit|Sucker Punch||[still]\n|-fail|p1a: Kingambit\n|move|p2a: Maushold|Encore|p1a: Kingambit\n|-start|p1a: Kingambit|Encore\n|\n|-heal|p1a: Kingambit|56\/100|[from] item: Leftovers\n|upkeep\n|turn|14\n|\n|t:|1700420620\n|move|p1a: Kingambit|Sucker Punch|p2a: Maushold\n|-damage|p2a: Maushold|0 fnt\n|faint|p2a: Maushold\n|\n|-heal|p1a: Kingambit|62\/100|[from] item: Leftovers\n|upkeep\n|\n|t:|1700420636\n|switch|p2a: Great Tusk|Great Tusk|100\/100\n|turn|15\n|\n|t:|1700420644\n|-end|p1a: Kingambit|fallenundefined|[silent]\n|switch|p1a: Great Tusk|Great Tusk|87\/100\n|move|p2a: Great Tusk|Ice Spinner|p1a: Great Tusk\n|-supereffective|p1a: Great Tusk\n|-damage|p1a: Great Tusk|51\/100\n|\n|upkeep\n|turn|16\n|\n|t:|1700420650\n|-end|p1a: Great Tusk|Protosynthesis|[silent]\n|switch|p1a: Alomomola|Alomomola, F|67\/100\n|move|p2a: Great Tusk|Stealth Rock|p1a: Alomomola\n|-sidestart|p1: Andrews Finn2|move: Stealth Rock\n|\n|upkeep\n|turn|17\n|\n|t:|1700420656\n|-end|p2a: Great Tusk|Protosynthesis|[silent]\n|switch|p2a: Muk|Muk-Alola, M|90\/100\n|move|p1a: Alomomola|Wish|p1a: Alomomola\n|\n|-heal|p2a: Muk|96\/100|[from] item: Black Sludge\n|upkeep\n|turn|18\n|\n|t:|1700420664\n|move|p2a: Muk|Knock Off|p1a: Alomomola\n|-damage|p1a: Alomomola|53\/100\n|move|p1a: Alomomola|Flip Turn|p2a: Muk\n|-damage|p2a: Muk|78\/100\n|\n|t:|1700420670\n|switch|p1a: Great Tusk|Great Tusk|51\/100|[from] Flip Turn\n|-damage|p1a: Great Tusk|48\/100|[from] Stealth Rock\n|\n|-heal|p1a: Great Tusk|100\/100|[from] move: Wish|[wisher] Alomomola\n|-heal|p2a: Muk|84\/100|[from] item: Black Sludge\n|upkeep\n|turn|19\n|\n|t:|1700420684\n|switch|p2a: Walking Wake|Walking Wake|100\/100\n|move|p1a: Great Tusk|Stealth Rock|p2a: Walking Wake\n|-sidestart|p2: tredlite|move: Stealth Rock\n|\n|upkeep\n|turn|20\n|\n|t:|1700420693\n|-end|p1a: Great Tusk|Protosynthesis|[silent]\n|switch|p1a: Slowking|Slowking-Galar, F|100\/100\n|move|p2a: Walking Wake|Flip Turn|p1a: Slowking\n|-damage|p1a: Slowking|84\/100\n|\n|t:|1700420700\n|-end|p2a: Walking Wake|Protosynthesis|[silent]\n|switch|p2a: Weezing|Weezing-Galar, F|56\/100|[from] Flip Turn\n|-damage|p2a: Weezing|44\/100|[from] Stealth Rock\n|\n|upkeep\n|turn|21\n|\n|t:|1700420706\n|move|p2a: Weezing|Shadow Ball|p1a: Slowking\n|-supereffective|p1a: Slowking\n|-damage|p1a: Slowking|47\/100\n|move|p1a: Slowking|Future Sight|p2a: Weezing\n|-start|p1a: Slowking|move: Future Sight\n|\n|upkeep\n|turn|22\n|\n|t:|1700420711\n|move|p2a: Weezing|Shadow Ball|p1a: Slowking\n|-supereffective|p1a: Slowking\n|-damage|p1a: Slowking|7\/100\n|move|p1a: Slowking|Chilly Reception|p1a: Slowking\n|-weather|Snow\n|\n|t:|1700420733\n|switch|p1a: Thundurus|Thundurus-Therian, M|100\/100|[from] Chilly Reception\n|-damage|p1a: Thundurus|76\/100|[from] Stealth Rock\n|\n|-weather|Snow|[upkeep]\n|upkeep\n|turn|23\n|\n|t:|1700420739\n|switch|p2a: Muk|Muk-Alola, M|84\/100\n|-damage|p2a: Muk|71\/100|[from] Stealth Rock\n|move|p1a: Thundurus|Volt Switch|p2a: Muk\n|-damage|p2a: Muk|37\/100\n|\n|t:|1700420745\n|switch|p1a: Great Tusk|Great Tusk|100\/100|[from] Volt Switch\n|-damage|p1a: Great Tusk|98\/100|[from] Stealth Rock\n|\n|-weather|Snow|[upkeep]\n|-end|p2a: Muk|move: Future Sight\n|-immune|p2a: Muk\n|-heal|p2a: Muk|43\/100|[from] item: Black Sludge\n|upkeep\n|turn|24\n|\n|t:|1700420754\n|move|p2a: Muk|Protect|p2a: Muk\n|-singleturn|p2a: Muk|Protect\n|move|p1a: Great Tusk|Rapid Spin|p2a: Muk\n|-activate|p2a: Muk|move: Protect\n|\n|-weather|Snow|[upkeep]\n|-heal|p2a: Muk|49\/100|[from] item: Black Sludge\n|upkeep\n|turn|25\n|\n|t:|1700420762\n|switch|p2a: Walking Wake|Walking Wake|100\/100\n|-damage|p2a: Walking Wake|88\/100|[from] Stealth Rock\n|move|p1a: Great Tusk|Rapid Spin|p2a: Walking Wake\n|-damage|p2a: Walking Wake|70\/100\n|-boost|p1a: Great Tusk|spe|1\n|-sideend|p1: Andrews Finn2|Stealth Rock|[from] move: Rapid Spin|[of] p1a: Great Tusk\n|\n|-weather|Snow|[upkeep]\n|upkeep\n|turn|26\n|\n|t:|1700420791\n|-end|p1a: Great Tusk|Protosynthesis|[silent]\n|switch|p1a: Slowking|Slowking-Galar, F|41\/100\n|move|p2a: Walking Wake|Hydro Steam|p1a: Slowking\n|-damage|p1a: Slowking|17\/100\n|\n|-weather|none\n|upkeep\n|turn|27\n|\n|t:|1700420800\n|switch|p1a: Alomomola|Alomomola, F|86\/100\n|move|p2a: Walking Wake|Hydro Steam|p1a: Alomomola\n|-resisted|p1a: Alomomola\n|-crit|p1a: Alomomola\n|-damage|p1a: Alomomola|58\/100\n|\n|upkeep\n|turn|28\n|\n|t:|1700420811\n|-end|p2a: Walking Wake|Protosynthesis|[silent]\n|switch|p2a: Dragonite|Dragonite, F|100\/100\n|-damage|p2a: Dragonite|76\/100|[from] Stealth Rock\n|move|p1a: Alomomola|Wish|p1a: Alomomola\n|\n|upkeep\n|turn|29\n|\n|t:|1700420818\n|switch|p1a: Kingambit|Kingambit, F|62\/100\n|move|p2a: Dragonite|Outrage|p1a: Kingambit\n|-resisted|p1a: Kingambit\n|-damage|p1a: Kingambit|26\/100\n|\n|-heal|p1a: Kingambit|84\/100|[from] move: Wish|[wisher] Alomomola\n|-heal|p1a: Kingambit|91\/100|[from] item: Leftovers\n|upkeep\n|turn|30\n|\n|t:|1700420828\n|move|p2a: Dragonite|Outrage|p1a: Kingambit|[from]lockedmove\n|-resisted|p1a: Kingambit\n|-crit|p1a: Kingambit\n|-damage|p1a: Kingambit|36\/100\n|move|p1a: Kingambit|Kowtow Cleave|p2a: Dragonite\n|-damage|p2a: Dragonite|26\/100\n|\n|-heal|p1a: Kingambit|42\/100|[from] item: Leftovers\n|upkeep\n|turn|31\n|\n|t:|1700420837\n|move|p1a: Kingambit|Sucker Punch|p2a: Dragonite\n|-damage|p2a: Dragonite|0 fnt\n|faint|p2a: Dragonite\n|\n|-heal|p1a: Kingambit|48\/100|[from] item: Leftovers\n|upkeep\n|\n|t:|1700420841\n|switch|p2a: Walking Wake|Walking Wake|70\/100\n|-damage|p2a: Walking Wake|58\/100|[from] Stealth Rock\n|turn|32\n|\n|t:|1700420850\n|-end|p1a: Kingambit|fallenundefined|[silent]\n|switch|p1a: Cinderace|Cinderace, F|100\/100\n|move|p2a: Walking Wake|Draco Meteor|p1a: Cinderace\n|-damage|p1a: Cinderace|2\/100\n|-unboost|p2a: Walking Wake|spa|2\n|\n|upkeep\n|turn|33\n|\n|t:|1700420859\n|switch|p1a: Slowking|Slowking-Galar, F|50\/100\n|move|p2a: Walking Wake|Draco Meteor|p1a: Slowking\n|-damage|p1a: Slowking|31\/100\n|-unboost|p2a: Walking Wake|spa|2\n|\n|upkeep\n|turn|34\n|\n|t:|1700420867\n|-end|p2a: Walking Wake|Protosynthesis|[silent]\n|switch|p2a: Great Tusk|Great Tusk|100\/100\n|-damage|p2a: Great Tusk|97\/100|[from] Stealth Rock\n|move|p1a: Slowking|Chilly Reception|p1a: Slowking\n|-weather|Snow\n|\n|t:|1700420878\n|switch|p1a: Alomomola|Alomomola, F|92\/100|[from] Chilly Reception\n|\n|-weather|Snow|[upkeep]\n|upkeep\n|turn|35\n|\n|t:|1700420885\n|move|p2a: Great Tusk|Rapid Spin|p1a: Alomomola\n|-damage|p1a: Alomomola|82\/100\n|-boost|p2a: Great Tusk|spe|1\n|-sideend|p2: tredlite|Stealth Rock|[from] move: Rapid Spin|[of] p2a: Great Tusk\n|move|p1a: Alomomola|Wish|p1a: Alomomola\n|\n|-weather|Snow|[upkeep]\n|upkeep\n|turn|36\n|\n|t:|1700420899\n|move|p2a: Great Tusk|Stealth Rock|p1a: Alomomola\n|-sidestart|p1: Andrews Finn2|move: Stealth Rock\n|move|p1a: Alomomola|Scald|p2a: Great Tusk\n|-supereffective|p2a: Great Tusk\n|-damage|p2a: Great Tusk|64\/100\n|-status|p2a: Great Tusk|brn\n|\n|-weather|Snow|[upkeep]\n|-heal|p1a: Alomomola|100\/100|[from] move: Wish|[wisher] Alomomola\n|-damage|p2a: Great Tusk|58\/100 brn|[from] brn\n|upkeep\n|turn|37\n|\n|t:|1700420910\n|move|p2a: Great Tusk|Earthquake|p1a: Alomomola\n|-damage|p1a: Alomomola|88\/100\n|move|p1a: Alomomola|Wish|p1a: Alomomola\n|\n|-weather|Snow|[upkeep]\n|-damage|p2a: Great Tusk|51\/100 brn|[from] brn\n|upkeep\n|turn|38\n|\n|t:|1700420922\n|-end|p2a: Great Tusk|Protosynthesis|[silent]\n|switch|p2a: Muk|Muk-Alola, M|49\/100\n|move|p1a: Alomomola|Flip Turn|p2a: Muk\n|-damage|p2a: Muk|33\/100\n|\n|t:|1700420929\n|switch|p1a: Cinderace|Cinderace, F|2\/100|[from] Flip Turn\n|\n|-weather|none\n|-heal|p1a: Cinderace|80\/100|[from] move: Wish|[wisher] Alomomola\n|-heal|p2a: Muk|39\/100|[from] item: Black Sludge\n|upkeep\n|turn|39\n|\n|t:|1700420937\n|move|p2a: Muk|Protect|p2a: Muk\n|-singleturn|p2a: Muk|Protect\n|move|p1a: Cinderace|Court Change|p1a: Cinderace\n|-start|p1a: Cinderace|typechange|Normal|[from] ability: Libero\n|-swapsideconditions\n|-activate|p1a: Cinderace|move: Court Change\n|\n|-heal|p2a: Muk|45\/100|[from] item: Black Sludge\n|upkeep\n|turn|40\n|\n|t:|1700420943\n|move|p1a: Cinderace|Will-O-Wisp|p2a: Muk\n|-status|p2a: Muk|brn\n|move|p2a: Muk|Drain Punch|p1a: Cinderace\n|-supereffective|p1a: Cinderace\n|-damage|p1a: Cinderace|54\/100\n|-heal|p2a: Muk|54\/100 brn|[from] drain|[of] p1a: Cinderace\n|\n|-heal|p2a: Muk|61\/100 brn|[from] item: Black Sludge\n|-damage|p2a: Muk|54\/100 brn|[from] brn\n|upkeep\n|turn|41\n|\n|t:|1700420951\n|move|p1a: Cinderace|U-turn|p2a: Muk\n|-damage|p2a: Muk|30\/100 brn\n|\n|t:|1700420955\n|switch|p1a: Great Tusk|Great Tusk|98\/100|[from] U-turn\n|move|p2a: Muk|Drain Punch|p1a: Great Tusk\n|-damage|p1a: Great Tusk|91\/100\n|-heal|p2a: Muk|32\/100 brn|[from] drain|[of] p1a: Great Tusk\n|-status|p1a: Great Tusk|psn|[from] ability: Poison Touch|[of] p2a: Muk\n|\n|-heal|p2a: Muk|39\/100 brn|[from] item: Black Sludge\n|-damage|p1a: Great Tusk|79\/100 psn|[from] psn\n|-damage|p2a: Muk|32\/100 brn|[from] brn\n|upkeep\n|turn|42\n|\n|t:|1700420970\n|move|p1a: Great Tusk|Headlong Rush|p2a: Muk\n|-supereffective|p2a: Muk\n|-damage|p2a: Muk|0 fnt\n|-unboost|p1a: Great Tusk|def|1\n|-unboost|p1a: Great Tusk|spd|1\n|faint|p2a: Muk\n|\n|-damage|p1a: Great Tusk|66\/100 psn|[from] psn\n|upkeep\n|\n|t:|1700420975\n|switch|p2a: Weezing|Weezing-Galar, F|44\/100\n|-damage|p2a: Weezing|32\/100|[from] Stealth Rock\n|turn|43\n|\n|t:|1700420980\n|-end|p1a: Great Tusk|Protosynthesis|[silent]\n|switch|p1a: Slowking|Slowking-Galar, F|64\/100\n|move|p2a: Weezing|Shadow Ball|p1a: Slowking\n|-supereffective|p1a: Slowking\n|-damage|p1a: Slowking|27\/100\n|\n|upkeep\n|turn|44\n|\n|t:|1700420995\n|switch|p1a: Thundurus|Thundurus-Therian, M|76\/100\n|move|p2a: Weezing|Shadow Ball|p1a: Thundurus\n|-damage|p1a: Thundurus|27\/100\n|-unboost|p1a: Thundurus|spd|1\n|\n|upkeep\n|turn|45\n|\n|t:|1700421007\n|move|p1a: Thundurus|Volt Switch|p2a: Weezing\n|-damage|p2a: Weezing|0 fnt\n|faint|p2a: Weezing\n|\n|t:|1700421014\n|switch|p1a: Alomomola|Alomomola, F|100\/100|[from] Volt Switch\n|\n|upkeep\n|-message|tredlite forfeited.\n|\n|win|Andrews Finn2\n|raw|Andrews Finn2's rating: 1175 &rarr; <strong>1206<\/strong><br \/>(+31 for winning)\n|raw|tredlite's rating: 1258 &rarr; <strong>1227<\/strong><br \/>(-31 for losing)\n|l|\u2606tredlite\n","uploadtime":1700421030,"views":13,"p1id":"andrewsfinn2","p2id":"tredlite","formatid":"gen9ou","rating":1206,"private":0,"password":""}