{"id":"gen9ou-1996629162","p1":"fightingdemonlikme","p2":"Andrews Finn2","format":"[Gen 9] OU","log":"|j|\u2606fightingdemonlikme\n|j|\u2606Andrews Finn2\n|t:|1700702584\n|gametype|singles\n|player|p1|fightingdemonlikme|morty|1147\n|player|p2|Andrews Finn2|steven|1198\n|teamsize|p1|6\n|teamsize|p2|6\n|gen|9\n|tier|[Gen 9] OU\n|rated|\n|rule|Sleep Clause Mod: Limit one foe put to sleep\n|rule|Species Clause: Limit one of each Pok\u00e9mon\n|rule|OHKO Clause: OHKO moves are banned\n|rule|Evasion Items Clause: Evasion items are banned\n|rule|Evasion Moves Clause: Evasion moves are banned\n|rule|Endless Battle Clause: Forcing endless battles is banned\n|rule|HP Percentage Mod: HP is shown in percentages\n|clearpoke\n|poke|p1|Kommo-o, F|\n|poke|p1|Ceruledge, M|\n|poke|p1|Landorus-Therian, M|\n|poke|p1|Great Tusk|\n|poke|p1|Sinistcha|\n|poke|p1|Ogerpon-Wellspring, F|\n|poke|p2|Alomomola, F|\n|poke|p2|Slowking-Galar, F|\n|poke|p2|Kingambit, F|\n|poke|p2|Great Tusk|\n|poke|p2|Cinderace, F|\n|poke|p2|Thundurus-Therian, M|\n|teampreview\n|inactive|Battle timer is ON: inactive players will automatically lose when time's up. (requested by fightingdemonlikme)\n|\n|t:|1700702592\n|start\n|switch|p1a: Mason|Landorus-Therian, M|100\/100\n|switch|p2a: Great Tusk|Great Tusk|100\/100\n|-ability|p1a: Mason|Intimidate|boost\n|-unboost|p2a: Great Tusk|atk|1\n|turn|1\n|\n|t:|1700702613\n|move|p1a: Mason|U-turn|p2a: Great Tusk\n|-resisted|p2a: Great Tusk\n|-damage|p2a: Great Tusk|91\/100\n|-damage|p1a: Mason|84\/100|[from] item: Rocky Helmet|[of] p2a: Great Tusk\n|\n|t:|1700702615\n|switch|p1a: Ogerpon|Ogerpon-Wellspring, F|100\/100|[from] U-turn\n|move|p2a: Great Tusk|Stealth Rock|p1a: Ogerpon\n|-sidestart|p1: fightingdemonlikme|move: Stealth Rock\n|\n|upkeep\n|turn|2\n|\n|t:|1700702625\n|-end|p2a: Great Tusk|Protosynthesis|[silent]\n|switch|p2a: Alomomola|Alomomola, F|100\/100\n|move|p1a: Ogerpon|Ivy Cudgel|p2a: Alomomola|[anim] Ivy Cudgel Water\n|-resisted|p2a: Alomomola\n|-crit|p2a: Alomomola\n|-damage|p2a: Alomomola|74\/100\n|-enditem|p2a: Alomomola|Red Card|[of] p1a: Ogerpon\n|drag|p1a: Te Mato|Sinistcha|100\/100\n|-damage|p1a: Te Mato|88\/100|[from] Stealth Rock\n|\n|-heal|p1a: Te Mato|94\/100|[from] item: Leftovers\n|upkeep\n|turn|3\n|\n|t:|1700702632\n|move|p1a: Te Mato|Matcha Gotcha|p2a: Alomomola|[miss]\n|-miss|p1a: Te Mato|p2a: Alomomola\n|move|p2a: Alomomola|Flip Turn|p1a: Te Mato\n|-resisted|p1a: Te Mato\n|-damage|p1a: Te Mato|86\/100\n|\n|t:|1700702640\n|switch|p2a: Cinderace|Cinderace, F|100\/100|[from] Flip Turn\n|\n|-heal|p1a: Te Mato|92\/100|[from] item: Leftovers\n|upkeep\n|turn|4\n|\n|t:|1700702668\n|switch|p1a: Great Tusk|Great Tusk|100\/100\n|-damage|p1a: Great Tusk|98\/100|[from] Stealth Rock\n|move|p2a: Cinderace|Pyro Ball|p1a: Great Tusk\n|-damage|p1a: Great Tusk|69\/100\n|\n|-heal|p1a: Great Tusk|75\/100|[from] item: Leftovers\n|upkeep\n|turn|5\n|\n|t:|1700702686\n|move|p2a: Cinderace|U-turn|p1a: Great Tusk\n|-start|p2a: Cinderace|typechange|Bug|[from] ability: Libero\n|-resisted|p1a: Great Tusk\n|-damage|p1a: Great Tusk|68\/100\n|\n|t:|1700702690\n|switch|p2a: Alomomola|Alomomola, F|100\/100|[from] U-turn\n|move|p1a: Great Tusk|Rapid Spin|p2a: Alomomola\n|-damage|p2a: Alomomola|91\/100\n|-boost|p1a: Great Tusk|spe|1\n|-sideend|p1: fightingdemonlikme|Stealth Rock|[from] move: Rapid Spin|[of] p1a: Great Tusk\n|\n|-heal|p1a: Great Tusk|74\/100|[from] item: Leftovers\n|upkeep\n|turn|6\n|inactive|fightingdemonlikme has 120 seconds left.\n|\n|t:|1700702718\n|-end|p1a: Great Tusk|Protosynthesis|[silent]\n|switch|p1a: Te Mato|Sinistcha|92\/100\n|move|p2a: Alomomola|Acrobatics|p1a: Te Mato\n|-supereffective|p1a: Te Mato\n|-damage|p1a: Te Mato|54\/100\n|\n|-heal|p1a: Te Mato|60\/100|[from] item: Leftovers\n|upkeep\n|turn|7\n|\n|t:|1700702726\n|move|p1a: Te Mato|Strength Sap|p2a: Alomomola\n|-unboost|p2a: Alomomola|atk|1\n|-heal|p1a: Te Mato|100\/100\n|move|p2a: Alomomola|Flip Turn|p1a: Te Mato\n|-resisted|p1a: Te Mato\n|-damage|p1a: Te Mato|95\/100\n|\n|t:|1700702734\n|switch|p2a: Thundurus|Thundurus-Therian, M|100\/100|[from] Flip Turn\n|\n|-heal|p1a: Te Mato|100\/100|[from] item: Leftovers\n|upkeep\n|turn|8\n|inactive|fightingdemonlikme has 120 seconds left.\n|\n|t:|1700702769\n|-terastallize|p1a: Te Mato|Steel\n|move|p2a: Thundurus|Knock Off|p1a: Te Mato\n|-damage|p1a: Te Mato|81\/100\n|-enditem|p1a: Te Mato|Leftovers|[from] move: Knock Off|[of] p2a: Thundurus\n|move|p1a: Te Mato|Calm Mind|p1a: Te Mato\n|-boost|p1a: Te Mato|spa|1\n|-boost|p1a: Te Mato|spd|1\n|\n|upkeep\n|turn|9\n|\n|t:|1700702779\n|switch|p2a: Cinderace|Cinderace, F|100\/100\n|move|p1a: Te Mato|Matcha Gotcha|p2a: Cinderace\n|-resisted|p2a: Cinderace\n|-damage|p2a: Cinderace|69\/100\n|-heal|p1a: Te Mato|95\/100|[from] drain|[of] p2a: Cinderace\n|\n|upkeep\n|turn|10\n|\n|t:|1700702798\n|switch|p1a: Great Tusk|Great Tusk|74\/100\n|move|p2a: Cinderace|Pyro Ball|p1a: Great Tusk\n|-damage|p1a: Great Tusk|49\/100\n|-status|p1a: Great Tusk|brn\n|\n|-heal|p1a: Great Tusk|55\/100 brn|[from] item: Leftovers\n|-damage|p1a: Great Tusk|49\/100 brn|[from] brn\n|upkeep\n|turn|11\n|inactive|fightingdemonlikme has 120 seconds left.\n|\n|t:|1700702804\n|move|p2a: Cinderace|U-turn|p1a: Great Tusk\n|-start|p2a: Cinderace|typechange|Bug|[from] ability: Libero\n|-resisted|p1a: Great Tusk\n|-crit|p1a: Great Tusk\n|-damage|p1a: Great Tusk|36\/100 brn\n|\n|t:|1700702808\n|switch|p2a: Alomomola|Alomomola, F|100\/100|[from] U-turn\n|move|p1a: Great Tusk|Stealth Rock|p2a: Alomomola\n|-sidestart|p2: Andrews Finn2|move: Stealth Rock\n|\n|-heal|p1a: Great Tusk|42\/100 brn|[from] item: Leftovers\n|-damage|p1a: Great Tusk|36\/100 brn|[from] brn\n|upkeep\n|turn|12\n|\n|t:|1700702832\n|move|p1a: Great Tusk|Knock Off|p2a: Alomomola\n|-damage|p2a: Alomomola|95\/100\n|move|p2a: Alomomola|Wish|p2a: Alomomola\n|\n|-heal|p1a: Great Tusk|42\/100 brn|[from] item: Leftovers\n|-damage|p1a: Great Tusk|36\/100 brn|[from] brn\n|upkeep\n|turn|13\n|\n|t:|1700702841\n|-end|p1a: Great Tusk|Protosynthesis|[silent]\n|switch|p1a: Te Mato|Sinistcha, tera:Steel|95\/100\n|move|p2a: Alomomola|Flip Turn|p1a: Te Mato\n|-damage|p1a: Te Mato|80\/100\n|inactive|Andrews Finn2 has 120 seconds left.\n|\n|t:|1700702864\n|switch|p2a: Great Tusk|Great Tusk|91\/100|[from] Flip Turn\n|-damage|p2a: Great Tusk|88\/100|[from] Stealth Rock\n|\n|-heal|p2a: Great Tusk|100\/100|[from] move: Wish|[wisher] Alomomola\n|upkeep\n|turn|14\n|\n|t:|1700702871\n|switch|p1a: Mason|Landorus-Therian, M|84\/100\n|-ability|p1a: Mason|Intimidate|boost\n|-unboost|p2a: Great Tusk|atk|1\n|move|p2a: Great Tusk|Headlong Rush|p1a: Mason\n|-immune|p1a: Mason\n|\n|upkeep\n|turn|15\n|\n|t:|1700702879\n|move|p1a: Mason|U-turn|p2a: Great Tusk\n|-resisted|p2a: Great Tusk\n|-damage|p2a: Great Tusk|92\/100\n|-damage|p1a: Mason|67\/100|[from] item: Rocky Helmet|[of] p2a: Great Tusk\n|\n|t:|1700702889\n|switch|p1a: Rodri|Ceruledge, M|100\/100|[from] U-turn\n|move|p2a: Great Tusk|Ice Spinner|p1a: Rodri\n|-resisted|p1a: Rodri\n|-damage|p1a: Rodri|88\/100\n|-ability|p1a: Rodri|Weak Armor|boost\n|-unboost|p1a: Rodri|def|1\n|-boost|p1a: Rodri|spe|2\n|\n|upkeep\n|turn|16\n|inactive|Andrews Finn2 has 120 seconds left.\n|\n|t:|1700702921\n|move|p1a: Rodri|Bitter Blade|p2a: Great Tusk\n|-damage|p2a: Great Tusk|56\/100\n|-heal|p1a: Rodri|100\/100|[from] drain|[of] p2a: Great Tusk\n|-damage|p1a: Rodri|84\/100|[from] item: Rocky Helmet|[of] p2a: Great Tusk\n|move|p2a: Great Tusk|Headlong Rush|p1a: Rodri\n|-supereffective|p1a: Rodri\n|-damage|p1a: Rodri|0 fnt\n|-unboost|p2a: Great Tusk|def|1\n|-unboost|p2a: Great Tusk|spd|1\n|faint|p1a: Rodri\n|\n|upkeep\n|\n|t:|1700702930\n|switch|p1a: Mason|Landorus-Therian, M|67\/100\n|-ability|p1a: Mason|Intimidate|boost\n|-unboost|p2a: Great Tusk|atk|1\n|turn|17\n|\n|t:|1700702936\n|-end|p2a: Great Tusk|Protosynthesis|[silent]\n|switch|p2a: Alomomola|Alomomola, F|100\/100\n|-damage|p2a: Alomomola|88\/100|[from] Stealth Rock\n|move|p1a: Mason|Earthquake|p2a: Alomomola\n|-damage|p2a: Alomomola|52\/100\n|\n|upkeep\n|turn|18\n|\n|t:|1700702943\n|switch|p1a: Te Mato|Sinistcha, tera:Steel|80\/100\n|move|p2a: Alomomola|Wish|p2a: Alomomola\n|\n|upkeep\n|turn|19\n|\n|t:|1700702949\n|switch|p2a: Cinderace|Cinderace, F|69\/100\n|move|p1a: Te Mato|Strength Sap|p2a: Cinderace\n|-unboost|p2a: Cinderace|atk|1\n|-heal|p1a: Te Mato|100\/100\n|\n|-heal|p2a: Cinderace|100\/100|[from] move: Wish|[wisher] Alomomola\n|upkeep\n|turn|20\n|\n|t:|1700702955\n|switch|p1a: Mason|Landorus-Therian, M|67\/100\n|-ability|p1a: Mason|Intimidate|boost\n|-unboost|p2a: Cinderace|atk|1\n|move|p2a: Cinderace|Court Change|p2a: Cinderace\n|-start|p2a: Cinderace|typechange|Normal|[from] ability: Libero\n|-swapsideconditions\n|-activate|p2a: Cinderace|move: Court Change\n|\n|upkeep\n|turn|21\n|\n|t:|1700702965\n|move|p1a: Mason|Rock Slide|p2a: Cinderace\n|-damage|p2a: Cinderace|56\/100\n|move|p2a: Cinderace|Will-O-Wisp|p1a: Mason\n|-status|p1a: Mason|brn\n|\n|-damage|p1a: Mason|61\/100 brn|[from] brn\n|upkeep\n|turn|22\n|\n|t:|1700702976\n|switch|p2a: Alomomola|Alomomola, F|85\/100\n|move|p1a: Mason|Rock Slide|p2a: Alomomola\n|-damage|p2a: Alomomola|76\/100\n|\n|-damage|p1a: Mason|55\/100 brn|[from] brn\n|upkeep\n|turn|23\n|\n|t:|1700702985\n|switch|p1a: Great Tusk|Great Tusk|36\/100 brn\n|-damage|p1a: Great Tusk|33\/100 brn|[from] Stealth Rock\n|move|p2a: Alomomola|Wish|p2a: Alomomola\n|\n|-heal|p1a: Great Tusk|39\/100 brn|[from] item: Leftovers\n|-damage|p1a: Great Tusk|33\/100 brn|[from] brn\n|upkeep\n|turn|24\n|\n|t:|1700702989\n|move|p1a: Great Tusk|Stealth Rock|p2a: Alomomola\n|-sidestart|p2: Andrews Finn2|move: Stealth Rock\n|move|p2a: Alomomola|Flip Turn|p1a: Great Tusk\n|-supereffective|p1a: Great Tusk\n|-damage|p1a: Great Tusk|18\/100 brn\n|\n|t:|1700702995\n|switch|p2a: Great Tusk|Great Tusk|56\/100|[from] Flip Turn\n|-damage|p2a: Great Tusk|53\/100|[from] Stealth Rock\n|\n|-heal|p2a: Great Tusk|100\/100|[from] move: Wish|[wisher] Alomomola\n|-heal|p1a: Great Tusk|24\/100 brn|[from] item: Leftovers\n|-damage|p1a: Great Tusk|18\/100 brn|[from] brn\n|upkeep\n|turn|25\n|\n|t:|1700703000\n|move|p2a: Great Tusk|Rapid Spin|p1a: Great Tusk\n|-damage|p1a: Great Tusk|10\/100 brn\n|-boost|p2a: Great Tusk|spe|1\n|-sideend|p2: Andrews Finn2|Stealth Rock|[from] move: Rapid Spin|[of] p2a: Great Tusk\n|move|p1a: Great Tusk|Rapid Spin|p2a: Great Tusk\n|-damage|p2a: Great Tusk|95\/100\n|-boost|p1a: Great Tusk|spe|1\n|-damage|p1a: Great Tusk|0 fnt|[from] item: Rocky Helmet|[of] p2a: Great Tusk\n|faint|p1a: Great Tusk\n|-end|p1a: Great Tusk|Protosynthesis|[silent]\n|\n|upkeep\n|inactive|fightingdemonlikme has 120 seconds left.\n|inactive|fightingdemonlikme has 90 seconds left.\n|inactive|fightingdemonlikme has 60 seconds left.\n|inactive|fightingdemonlikme has 30 seconds left.\n|inactive|fightingdemonlikme has 20 seconds left.\n|inactive|fightingdemonlikme has 15 seconds left.\n|inactive|fightingdemonlikme has 10 seconds left.\n|inactive|fightingdemonlikme has 5 seconds left.\n|-message|fightingdemonlikme lost due to inactivity.\n|\n|win|Andrews Finn2\n|raw|fightingdemonlikme's rating: 1173 &rarr; <strong>1149<\/strong><br \/>(-24 for losing)\n|raw|Andrews Finn2's rating: 1180 &rarr; <strong>1204<\/strong><br \/>(+24 for winning)\n","uploadtime":1700703173,"views":3,"p1id":"fightingdemonlikme","p2id":"andrewsfinn2","formatid":"gen9ou","rating":1149,"private":0,"password":""}