{"id":"gen9ou-2000046517","p1":"Faze Jyro","p2":"DrSliced","format":"[Gen 9] OU","log":"|j|\u2606Faze Jyro\n|j|\u2606DrSliced\n|t:|1701145650\n|gametype|singles\n|player|p1|Faze Jyro|n|1554\n|player|p2|DrSliced|n-masters|1565\n|teamsize|p1|6\n|teamsize|p2|6\n|gen|9\n|tier|[Gen 9] OU\n|rated|\n|rule|Sleep Clause Mod: Limit one foe put to sleep\n|rule|Species Clause: Limit one of each Pok\u00e9mon\n|rule|OHKO Clause: OHKO moves are banned\n|rule|Evasion Items Clause: Evasion items are banned\n|rule|Evasion Moves Clause: Evasion moves are banned\n|rule|Endless Battle Clause: Forcing endless battles is banned\n|rule|HP Percentage Mod: HP is shown in percentages\n|clearpoke\n|poke|p1|Rillaboom, M|\n|poke|p1|Iron Moth|\n|poke|p1|Samurott-Hisui, M|\n|poke|p1|Dragapult, F|\n|poke|p1|Iron Treads|\n|poke|p1|Enamorus, F|\n|poke|p2|Decidueye-Hisui, F|\n|poke|p2|Slowking-Galar, F|\n|poke|p2|Heatran, M|\n|poke|p2|Zapdos|\n|poke|p2|Great Tusk|\n|poke|p2|Cinderace, F|\n|teampreview\n|\n|t:|1701145663\n|start\n|switch|p1a: Samurott|Samurott-Hisui, M|100\/100\n|switch|p2a: Decidueye|Decidueye-Hisui, F|100\/100\n|turn|1\n|\n|t:|1701145668\n|move|p1a: Samurott|Ceaseless Edge|p2a: Decidueye\n|-resisted|p2a: Decidueye\n|-damage|p2a: Decidueye|74\/100\n|-sidestart|p2: DrSliced|Spikes\n|move|p2a: Decidueye|Leaf Blade|p1a: Samurott\n|-supereffective|p1a: Samurott\n|-enditem|p1a: Samurott|Focus Sash\n|-damage|p1a: Samurott|1\/100\n|\n|upkeep\n|turn|2\n|inactive|Battle timer is ON: inactive players will automatically lose when time's up. (requested by Faze Jyro)\n|\n|t:|1701145679\n|move|p1a: Samurott|Ceaseless Edge|p2a: Decidueye\n|-resisted|p2a: Decidueye\n|-crit|p2a: Decidueye\n|-damage|p2a: Decidueye|36\/100\n|-sidestart|p2: DrSliced|Spikes\n|move|p2a: Decidueye|Leaf Blade|p1a: Samurott\n|-supereffective|p1a: Samurott\n|-damage|p1a: Samurott|0 fnt\n|faint|p1a: Samurott\n|\n|upkeep\n|\n|t:|1701145689\n|switch|p1a: Rillaboom|Rillaboom, M|100\/100\n|-fieldstart|move: Grassy Terrain|[from] ability: Grassy Surge|[of] p1a: Rillaboom\n|turn|3\n|\n|t:|1701145701\n|switch|p2a: Zapdos|Zapdos|100\/100\n|move|p1a: Rillaboom|U-turn|p2a: Zapdos\n|-resisted|p2a: Zapdos\n|-damage|p2a: Zapdos|79\/100\n|\n|t:|1701145714\n|switch|p1a: Dragapult|Dragapult, F|100\/100|[from] U-turn\n|\n|upkeep\n|turn|4\n|\n|t:|1701145721\n|switch|p2a: Slowking|Slowking-Galar, F|100\/100\n|move|p1a: Dragapult|Substitute|p1a: Dragapult\n|-start|p1a: Dragapult|Substitute\n|-damage|p1a: Dragapult|76\/100\n|\n|-heal|p1a: Dragapult|82\/100|[from] Grassy Terrain\n|-heal|p1a: Dragapult|88\/100|[from] item: Leftovers\n|upkeep\n|turn|5\n|\n|t:|1701145731\n|move|p1a: Dragapult|Will-O-Wisp|p2a: Slowking\n|-status|p2a: Slowking|brn\n|move|p2a: Slowking|Chilly Reception|p2a: Slowking\n|-weather|Snow\n|\n|t:|1701145741\n|switch|p2a: Heatran|Heatran, M|100\/100|[from] Chilly Reception\n|-damage|p2a: Heatran|84\/100|[from] Spikes\n|\n|-weather|Snow|[upkeep]\n|-heal|p1a: Dragapult|94\/100|[from] Grassy Terrain\n|-heal|p1a: Dragapult|99\/100|[from] item: Leftovers\n|-heal|p2a: Heatran|90\/100|[from] Grassy Terrain\n|-heal|p2a: Heatran|96\/100|[from] item: Leftovers\n|upkeep\n|turn|6\n|\n|t:|1701145746\n|move|p1a: Dragapult|Hex|p2a: Heatran\n|-damage|p2a: Heatran|78\/100\n|move|p2a: Heatran|Earth Power|p1a: Dragapult\n|-end|p1a: Dragapult|Substitute\n|\n|-weather|Snow|[upkeep]\n|-heal|p1a: Dragapult|100\/100|[from] Grassy Terrain\n|-heal|p2a: Heatran|84\/100|[from] Grassy Terrain\n|-heal|p2a: Heatran|90\/100|[from] item: Leftovers\n|upkeep\n|turn|7\n|\n|t:|1701145754\n|switch|p1a: Enamorus|Enamorus, F|100\/100\n|move|p2a: Heatran|Magma Storm|p1a: Enamorus\n|-crit|p1a: Enamorus\n|-damage|p1a: Enamorus|5\/100\n|-activate|p1a: Enamorus|move: Magma Storm|[of] p2a: Heatran\n|\n|-weather|Snow|[upkeep]\n|-heal|p2a: Heatran|96\/100|[from] Grassy Terrain\n|-heal|p2a: Heatran|100\/100|[from] item: Leftovers\n|-damage|p1a: Enamorus|0 fnt|[from] move: Magma Storm|[partiallytrapped]\n|faint|p1a: Enamorus\n|-fieldend|move: Grassy Terrain\n|upkeep\n|\n|t:|1701145765\n|switch|p1a: Iron Treads|Iron Treads|100\/100\n|-enditem|p1a: Iron Treads|Booster Energy\n|-activate|p1a: Iron Treads|ability: Quark Drive|[fromitem]\n|-start|p1a: Iron Treads|quarkdrivespe\n|turn|8\n|\n|t:|1701145774\n|switch|p2a: Zapdos|Zapdos|79\/100\n|move|p1a: Iron Treads|Earth Power|p2a: Zapdos\n|-immune|p2a: Zapdos\n|\n|-weather|Snow|[upkeep]\n|upkeep\n|turn|9\n|\n|t:|1701145780\n|move|p1a: Iron Treads|Stealth Rock|p2a: Zapdos\n|-sidestart|p2: DrSliced|move: Stealth Rock\n|move|p2a: Zapdos|Roost|p2a: Zapdos\n|-heal|p2a: Zapdos|100\/100\n|-singleturn|p2a: Zapdos|move: Roost\n|\n|-weather|none\n|upkeep\n|turn|10\n|\n|t:|1701145784\n|move|p1a: Iron Treads|Steel Beam|p2a: Zapdos\n|-resisted|p2a: Zapdos\n|-damage|p2a: Zapdos|74\/100\n|-damage|p1a: Iron Treads|50\/100|[from] steelbeam\n|move|p2a: Zapdos|Hurricane|p1a: Iron Treads|[miss]\n|-miss|p2a: Zapdos|p1a: Iron Treads\n|\n|upkeep\n|turn|11\n|\n|t:|1701145787\n|move|p1a: Iron Treads|Steel Beam|p2a: Zapdos\n|-resisted|p2a: Zapdos\n|-damage|p2a: Zapdos|43\/100\n|-damage|p1a: Iron Treads|0 fnt|[from] steelbeam\n|faint|p1a: Iron Treads\n|-end|p1a: Iron Treads|Quark Drive|[silent]\n|move|p2a: Zapdos|Roost|p2a: Zapdos\n|-heal|p2a: Zapdos|93\/100\n|-singleturn|p2a: Zapdos|move: Roost\n|\n|upkeep\n|\n|t:|1701145800\n|switch|p1a: Dragapult|Dragapult, F|100\/100\n|turn|12\n|\n|t:|1701145828\n|move|p1a: Dragapult|Substitute|p1a: Dragapult\n|-start|p1a: Dragapult|Substitute\n|-damage|p1a: Dragapult|76\/100\n|move|p2a: Zapdos|Volt Switch|p1a: Dragapult\n|-resisted|p1a: Dragapult\n|-end|p1a: Dragapult|Substitute\n|\n|t:|1701145831\n|switch|p2a: Heatran|Heatran, M|100\/100|[from] Volt Switch\n|-damage|p2a: Heatran|84\/100|[from] Spikes\n|-damage|p2a: Heatran|71\/100|[from] Stealth Rock\n|\n|-heal|p1a: Dragapult|82\/100|[from] item: Leftovers\n|-heal|p2a: Heatran|78\/100|[from] item: Leftovers\n|upkeep\n|turn|13\n|\n|t:|1701145839\n|move|p1a: Dragapult|Substitute|p1a: Dragapult\n|-start|p1a: Dragapult|Substitute\n|-damage|p1a: Dragapult|57\/100\n|move|p2a: Heatran|Taunt|p1a: Dragapult\n|-start|p1a: Dragapult|move: Taunt\n|\n|-heal|p1a: Dragapult|63\/100|[from] item: Leftovers\n|-heal|p2a: Heatran|84\/100|[from] item: Leftovers\n|upkeep\n|turn|14\n|\n|t:|1701145842\n|move|p1a: Dragapult|Hex|p2a: Heatran\n|-damage|p2a: Heatran|65\/100\n|move|p2a: Heatran|Earth Power|p1a: Dragapult\n|-end|p1a: Dragapult|Substitute\n|\n|-heal|p1a: Dragapult|69\/100|[from] item: Leftovers\n|-heal|p2a: Heatran|71\/100|[from] item: Leftovers\n|upkeep\n|turn|15\n|\n|t:|1701145856\n|switch|p1a: Rillaboom|Rillaboom, M|100\/100\n|-fieldstart|move: Grassy Terrain|[from] ability: Grassy Surge|[of] p1a: Rillaboom\n|move|p2a: Heatran|Magma Storm|p1a: Rillaboom\n|-supereffective|p1a: Rillaboom\n|-damage|p1a: Rillaboom|0 fnt\n|faint|p1a: Rillaboom\n|\n|-heal|p2a: Heatran|78\/100|[from] Grassy Terrain\n|-heal|p2a: Heatran|84\/100|[from] item: Leftovers\n|upkeep\n|\n|t:|1701145861\n|switch|p1a: Iron Moth|Iron Moth|100\/100\n|-enditem|p1a: Iron Moth|Booster Energy\n|-activate|p1a: Iron Moth|ability: Quark Drive|[fromitem]\n|-start|p1a: Iron Moth|quarkdrivespe\n|turn|16\n|\n|t:|1701145872\n|-terastallize|p1a: Iron Moth|Fairy\n|move|p1a: Iron Moth|Dazzling Gleam|p2a: Heatran\n|-resisted|p2a: Heatran\n|-damage|p2a: Heatran|78\/100\n|move|p2a: Heatran|Magma Storm|p1a: Iron Moth\n|-damage|p1a: Iron Moth|53\/100\n|-activate|p1a: Iron Moth|move: Magma Storm|[of] p2a: Heatran\n|\n|-heal|p1a: Iron Moth|59\/100|[from] Grassy Terrain\n|-heal|p2a: Heatran|84\/100|[from] Grassy Terrain\n|-heal|p2a: Heatran|91\/100|[from] item: Leftovers\n|-damage|p1a: Iron Moth|47\/100|[from] move: Magma Storm|[partiallytrapped]\n|upkeep\n|turn|17\n|-message|Faze Jyro forfeited.\n|\n|win|DrSliced\n|raw|Faze Jyro's rating: 1554 &rarr; <strong>1535<\/strong><br \/>(-19 for losing)\n|raw|DrSliced's rating: 1565 &rarr; <strong>1584<\/strong><br \/>(+19 for winning)\n|l|\u2606Faze Jyro\n|player|p2|DrSliced|n-masters\n","uploadtime":1701145882,"views":6,"p1id":"fazejyro","p2id":"drsliced","formatid":"gen9ou","rating":1535,"private":0,"password":""}