{"id":"gen9ou-1997139622","p1":"Crazzy-g4y-duck","p2":"Le2nard","format":"[Gen 9] OU","log":"|j|\u2606Crazzy-g4y-duck\n|j|\u2606Le2nard\n|t:|1700768498\n|gametype|singles\n|player|p1|Crazzy-g4y-duck|juan|1080\n|player|p2|Le2nard|supernerd|1160\n|teamsize|p1|6\n|teamsize|p2|6\n|gen|9\n|tier|[Gen 9] OU\n|rated|\n|rule|Sleep Clause Mod: Limit one foe put to sleep\n|rule|Species Clause: Limit one of each Pok\u00e9mon\n|rule|OHKO Clause: OHKO moves are banned\n|rule|Evasion Items Clause: Evasion items are banned\n|rule|Evasion Moves Clause: Evasion moves are banned\n|rule|Endless Battle Clause: Forcing endless battles is banned\n|rule|HP Percentage Mod: HP is shown in percentages\n|clearpoke\n|poke|p1|Alomomola, M|\n|poke|p1|Slowking-Galar, F|\n|poke|p1|Kingambit, M|\n|poke|p1|Great Tusk|\n|poke|p1|Thundurus-Therian, M|\n|poke|p1|Iron Moth|\n|poke|p2|Dragapult, M|\n|poke|p2|Clefable, F|\n|poke|p2|Zapdos-Galar|\n|poke|p2|Great Tusk|\n|poke|p2|Samurott-Hisui, M|\n|poke|p2|Gholdengo|\n|teampreview\n|\n|t:|1700768545\n|start\n|switch|p1a: Great Tusk|Great Tusk|100\/100\n|switch|p2a: Clefable|Clefable, F|100\/100\n|turn|1\n|\n|t:|1700768559\n|-end|p1a: Great Tusk|Protosynthesis|[silent]\n|switch|p1a: Slowking|Slowking-Galar, F|100\/100\n|move|p2a: Clefable|Stealth Rock|p1a: Slowking\n|-sidestart|p1: Crazzy-g4y-duck|move: Stealth Rock\n|\n|upkeep\n|turn|2\n|\n|t:|1700768580\n|switch|p2a: Gholdengo|Gholdengo|100\/100\n|-item|p2a: Gholdengo|Air Balloon\n|move|p1a: Slowking|Future Sight|p2a: Gholdengo\n|-start|p1a: Slowking|move: Future Sight\n|\n|upkeep\n|turn|3\n|\n|t:|1700768594\n|move|p2a: Gholdengo|Make It Rain|p1a: Slowking\n|-damage|p1a: Slowking|62\/100\n|-unboost|p2a: Gholdengo|spa|1\n|move|p1a: Slowking|Chilly Reception|p1a: Slowking\n|-weather|Snow\n|\n|t:|1700768620\n|switch|p1a: Alomomola|Alomomola, M|100\/100|[from] Chilly Reception\n|-damage|p1a: Alomomola|88\/100|[from] Stealth Rock\n|\n|-weather|Snow|[upkeep]\n|upkeep\n|turn|4\n|\n|t:|1700768635\n|switch|p2a: Samurott|Samurott-Hisui, M|100\/100\n|move|p1a: Alomomola|Wish|p1a: Alomomola\n|\n|-weather|Snow|[upkeep]\n|-end|p2a: Samurott|move: Future Sight\n|-immune|p2a: Samurott\n|upkeep\n|turn|5\n|\n|t:|1700768662\n|switch|p1a: Thundurus|Thundurus-Therian, M|100\/100\n|-damage|p1a: Thundurus|76\/100|[from] Stealth Rock\n|move|p2a: Samurott|Ceaseless Edge|p1a: Thundurus\n|-damage|p1a: Thundurus|12\/100\n|-sidestart|p1: Crazzy-g4y-duck|Spikes\n|\n|-weather|Snow|[upkeep]\n|-heal|p1a: Thundurus|91\/100|[from] move: Wish|[wisher] Alomomola\n|upkeep\n|turn|6\n|\n|t:|1700768693\n|switch|p2a: Gholdengo|Gholdengo|100\/100\n|-item|p2a: Gholdengo|Air Balloon\n|move|p1a: Thundurus|Grass Knot|p2a: Gholdengo\n|-resisted|p2a: Gholdengo\n|-damage|p2a: Gholdengo|82\/100\n|-enditem|p2a: Gholdengo|Air Balloon\n|\n|-weather|Snow|[upkeep]\n|upkeep\n|turn|7\n|\n|t:|1700768708\n|switch|p1a: Iron Moth|Iron Moth, shiny|100\/100\n|-damage|p1a: Iron Moth|76\/100|[from] Stealth Rock\n|-damage|p1a: Iron Moth|63\/100|[from] Spikes\n|-enditem|p1a: Iron Moth|Booster Energy\n|-activate|p1a: Iron Moth|ability: Quark Drive|[fromitem]\n|-start|p1a: Iron Moth|quarkdrivespa\n|move|p2a: Gholdengo|Shadow Ball|p1a: Iron Moth\n|-damage|p1a: Iron Moth|17\/100\n|-unboost|p1a: Iron Moth|spd|1\n|\n|-weather|none\n|upkeep\n|turn|8\n|\n|t:|1700768729\n|-end|p1a: Iron Moth|Quark Drive|[silent]\n|switch|p1a: Alomomola|Alomomola, M|100\/100\n|-damage|p1a: Alomomola|88\/100|[from] Stealth Rock\n|-damage|p1a: Alomomola|76\/100|[from] Spikes\n|switch|p2a: Dragapult|Dragapult, M|100\/100\n|\n|upkeep\n|turn|9\n|\n|t:|1700768742\n|move|p2a: Dragapult|Draco Meteor|p1a: Alomomola\n|-damage|p1a: Alomomola|17\/100\n|-unboost|p2a: Dragapult|spa|2\n|-enditem|p1a: Alomomola|Red Card|[of] p2a: Dragapult\n|drag|p2a: Gholdengo|Gholdengo|82\/100\n|move|p1a: Alomomola|Wish|p1a: Alomomola\n|\n|upkeep\n|turn|10\n|\n|t:|1700768759\n|switch|p1a: Great Tusk|Great Tusk|100\/100\n|-damage|p1a: Great Tusk|98\/100|[from] Stealth Rock\n|-damage|p1a: Great Tusk|85\/100|[from] Spikes\n|move|p2a: Gholdengo|Shadow Ball|p1a: Great Tusk\n|-damage|p1a: Great Tusk|15\/100\n|\n|-heal|p1a: Great Tusk|79\/100|[from] move: Wish|[wisher] Alomomola\n|upkeep\n|turn|11\n|\n|t:|1700768783\n|switch|p2a: Zapdos|Zapdos-Galar|100\/100\n|move|p1a: Great Tusk|Stealth Rock|p2a: Zapdos\n|-sidestart|p2: Le2nard|move: Stealth Rock\n|\n|upkeep\n|turn|12\n|\n|t:|1700768801\n|-end|p1a: Great Tusk|Protosynthesis|[silent]\n|switch|p1a: Thundurus|Thundurus-Therian, M|91\/100\n|-damage|p1a: Thundurus|66\/100|[from] Stealth Rock\n|move|p2a: Zapdos|Brave Bird|p1a: Thundurus\n|-resisted|p1a: Thundurus\n|-damage|p1a: Thundurus|0 fnt\n|faint|p1a: Thundurus\n|-damage|p2a: Zapdos|80\/100|[from] Recoil\n|\n|upkeep\n|\n|t:|1700768810\n|switch|p1a: Alomomola|Alomomola, M|50\/100\n|-damage|p1a: Alomomola|38\/100|[from] Stealth Rock\n|-damage|p1a: Alomomola|26\/100|[from] Spikes\n|turn|13\n|\n|t:|1700768815\n|move|p2a: Zapdos|Brave Bird|p1a: Alomomola\n|-damage|p1a: Alomomola|0 fnt\n|faint|p1a: Alomomola\n|-damage|p2a: Zapdos|68\/100|[from] Recoil\n|\n|upkeep\n|\n|t:|1700768830\n|switch|p1a: Slowking|Slowking-Galar, F|95\/100\n|turn|14\n|\n|t:|1700768843\n|move|p2a: Zapdos|Brave Bird|p1a: Slowking\n|-damage|p1a: Slowking|2\/100\n|-damage|p2a: Zapdos|31\/100|[from] Recoil\n|move|p1a: Slowking|Future Sight|p2a: Zapdos\n|-start|p1a: Slowking|move: Future Sight\n|\n|upkeep\n|turn|15\n|\n|t:|1700768859\n|switch|p2a: Samurott|Samurott-Hisui, M|100\/100\n|-damage|p2a: Samurott|88\/100|[from] Stealth Rock\n|move|p1a: Slowking|Chilly Reception|p1a: Slowking\n|-weather|Snow\n|\n|t:|1700768879\n|switch|p1a: Iron Moth|Iron Moth, shiny|17\/100|[from] Chilly Reception\n|-damage|p1a: Iron Moth|0 fnt|[from] Stealth Rock\n|faint|p1a: Iron Moth\n|-end|p1a: Iron Moth|Quark Drive|[silent]\n|\n|-weather|Snow|[upkeep]\n|upkeep\n|\n|t:|1700768889\n|switch|p1a: Great Tusk|Great Tusk|79\/100\n|-damage|p1a: Great Tusk|76\/100|[from] Stealth Rock\n|-damage|p1a: Great Tusk|63\/100|[from] Spikes\n|turn|16\n|\n|t:|1700768900\n|move|p1a: Great Tusk|Rapid Spin|p2a: Samurott\n|-damage|p2a: Samurott|65\/100\n|-boost|p1a: Great Tusk|spe|1\n|-sideend|p1: Crazzy-g4y-duck|Spikes|[from] move: Rapid Spin|[of] p1a: Great Tusk\n|-sideend|p1: Crazzy-g4y-duck|Stealth Rock|[from] move: Rapid Spin|[of] p1a: Great Tusk\n|move|p2a: Samurott|Aqua Cutter|p1a: Great Tusk\n|-supereffective|p1a: Great Tusk\n|-damage|p1a: Great Tusk|0 fnt\n|faint|p1a: Great Tusk\n|-end|p1a: Great Tusk|Protosynthesis|[silent]\n|\n|-weather|Snow|[upkeep]\n|-end|p2a: Samurott|move: Future Sight\n|-immune|p2a: Samurott\n|upkeep\n|\n|t:|1700768912\n|switch|p1a: Kingambit|Kingambit, M, shiny|100\/100\n|-activate|p1a: Kingambit|ability: Supreme Overlord\n|-start|p1a: Kingambit|fallen4|[silent]\n|turn|17\n|\n|t:|1700768923\n|move|p2a: Samurott|Sacred Sword|p1a: Kingambit\n|-supereffective|p1a: Kingambit\n|-damage|p1a: Kingambit|0 fnt\n|faint|p1a: Kingambit\n|-end|p1a: Kingambit|fallen4|[silent]\n|\n|-weather|Snow|[upkeep]\n|upkeep\n|\n|t:|1700768929\n|switch|p1a: Slowking|Slowking-Galar, F|36\/100\n|turn|18\n|\n|t:|1700768938\n|move|p2a: Samurott|Ceaseless Edge|p1a: Slowking\n|-supereffective|p1a: Slowking\n|-damage|p1a: Slowking|0 fnt\n|-sidestart|p1: Crazzy-g4y-duck|Spikes\n|faint|p1a: Slowking\n|\n|win|Le2nard\n|raw|Crazzy-g4y-duck's rating: 1080 &rarr; <strong>1063<\/strong><br \/>(-17 for losing)\n|raw|Le2nard's rating: 1160 &rarr; <strong>1179<\/strong><br \/>(+19 for winning)\n|c|\u2606Crazzy-g4y-duck|gg\n|c|\u2606Le2nard|gg\n|l|\u2606Crazzy-g4y-duck\n","uploadtime":1700768948,"views":4,"p1id":"crazzyg4yduck","p2id":"le2nard","formatid":"gen9ou","rating":1063,"private":0,"password":""}