{"id":"gen9ou-2000682899","p1":"Ilove100Camels","p2":"kirroz","format":"[Gen 9] OU","log":"|j|\u2606Ilove100Camels\n|j|\u2606kirroz\n|t:|1701218328\n|gametype|singles\n|player|p1|Ilove100Camels|101|1202\n|player|p2|kirroz|giovanni|1186\n|teamsize|p1|6\n|teamsize|p2|6\n|gen|9\n|tier|[Gen 9] OU\n|rated|\n|rule|Sleep Clause Mod: Limit one foe put to sleep\n|rule|Species Clause: Limit one of each Pok\u00e9mon\n|rule|OHKO Clause: OHKO moves are banned\n|rule|Evasion Items Clause: Evasion items are banned\n|rule|Evasion Moves Clause: Evasion moves are banned\n|rule|Endless Battle Clause: Forcing endless battles is banned\n|rule|HP Percentage Mod: HP is shown in percentages\n|clearpoke\n|poke|p1|Bellibolt, F|\n|poke|p1|Clefable, F|\n|poke|p1|Corviknight, F|\n|poke|p1|Dragapult, F|\n|poke|p1|Great Tusk|\n|poke|p1|Manaphy|\n|poke|p2|Dragonite, F|\n|poke|p2|Iron Moth|\n|poke|p2|Greninja-*, M|\n|poke|p2|Hatterene, F|\n|poke|p2|Toxapex, F|\n|poke|p2|Corviknight, F|\n|teampreview\n|\n|t:|1701218346\n|start\n|switch|p1a: Corviknight|Corviknight, F|100\/100\n|switch|p2a: Piesitos|Hatterene, F, shiny|100\/100\n|-ability|p1a: Corviknight|Pressure\n|turn|1\n|\n|t:|1701218363\n|move|p1a: Corviknight|U-turn|p2a: Piesitos\n|-damage|p2a: Piesitos|82\/100\n|\n|t:|1701218369\n|switch|p1a: Clefable|Clefable, F|100\/100|[from] U-turn\n|move|p2a: Piesitos|Nuzzle|p1a: Clefable\n|-damage|p1a: Clefable|96\/100\n|-status|p1a: Clefable|par\n|\n|-heal|p1a: Clefable|100\/100 par|[from] item: Leftovers\n|upkeep\n|turn|2\n|\n|t:|1701218377\n|switch|p2a: Iron Moth|Iron Moth|100\/100\n|move|p1a: Clefable|Stealth Rock|p2a: Iron Moth\n|-sidestart|p2: kirroz|move: Stealth Rock\n|\n|upkeep\n|turn|3\n|\n|t:|1701218384\n|move|p2a: Iron Moth|Sludge Wave|p1a: Clefable\n|-supereffective|p1a: Clefable\n|-damage|p1a: Clefable|21\/100 par\n|move|p1a: Clefable|Thunder Wave|p2a: Iron Moth\n|-status|p2a: Iron Moth|par\n|\n|-heal|p1a: Clefable|27\/100 par|[from] item: Leftovers\n|upkeep\n|turn|4\n|\n|t:|1701218400\n|-end|p2a: Iron Moth|Quark Drive|[silent]\n|switch|p2a: Corviknight|Corviknight, F|100\/100\n|-damage|p2a: Corviknight|88\/100|[from] Stealth Rock\n|switch|p1a: Manaphy|Manaphy|100\/100\n|\n|upkeep\n|turn|5\n|inactive|Battle timer is ON: inactive players will automatically lose when time's up. (requested by kirroz)\n|\n|t:|1701218407\n|move|p1a: Manaphy|Take Heart|p1a: Manaphy\n|-boost|p1a: Manaphy|spa|1\n|-boost|p1a: Manaphy|spd|1\n|move|p2a: Corviknight|Defog|p1a: Manaphy\n|-unboost|p1a: Manaphy|evasion|1\n|-sideend|p2: kirroz|Stealth Rock|[from] move: Defog|[of] p2a: Corviknight\n|\n|upkeep\n|turn|6\n|\n|t:|1701218415\n|move|p1a: Manaphy|Take Heart|p1a: Manaphy\n|-boost|p1a: Manaphy|spa|1\n|-boost|p1a: Manaphy|spd|1\n|move|p2a: Corviknight|U-turn|p1a: Manaphy\n|-damage|p1a: Manaphy|91\/100\n|\n|t:|1701218430\n|switch|p2a: Iron Moth|Iron Moth|100\/100 par|[from] U-turn\n|\n|-heal|p1a: Manaphy|98\/100|[from] item: Leftovers\n|upkeep\n|turn|7\n|\n|t:|1701218436\n|move|p1a: Manaphy|Scald|p2a: Iron Moth\n|-supereffective|p2a: Iron Moth\n|-damage|p2a: Iron Moth|0 fnt\n|faint|p2a: Iron Moth\n|-end|p2a: Iron Moth|Quark Drive|[silent]\n|\n|-heal|p1a: Manaphy|100\/100|[from] item: Leftovers\n|upkeep\n|\n|t:|1701218442\n|switch|p2a: Requiem|Greninja, M, shiny|100\/100\n|turn|8\n|\n|t:|1701218445\n|move|p2a: Requiem|Dark Pulse|p1a: Manaphy\n|-start|p2a: Requiem|typechange|Dark|[from] ability: Protean\n|-damage|p1a: Manaphy|77\/100\n|move|p1a: Manaphy|Acid Armor|p1a: Manaphy\n|-boost|p1a: Manaphy|def|2\n|\n|-heal|p1a: Manaphy|83\/100|[from] item: Leftovers\n|upkeep\n|turn|9\n|c|\u2606kirroz|que asco me das\n|\n|t:|1701218460\n|move|p2a: Requiem|Dark Pulse|p1a: Manaphy\n|-damage|p1a: Manaphy|57\/100\n|cant|p1a: Manaphy|flinch\n|\n|-heal|p1a: Manaphy|63\/100|[from] item: Leftovers\n|upkeep\n|turn|10\n|inactive|Ilove100Camels has 120 seconds left.\n|\n|t:|1701218490\n|move|p2a: Requiem|Dark Pulse|p1a: Manaphy\n|-damage|p1a: Manaphy|36\/100\n|move|p1a: Manaphy|Stored Power|p2a: Requiem\n|-immune|p2a: Requiem\n|\n|-heal|p1a: Manaphy|42\/100|[from] item: Leftovers\n|upkeep\n|turn|11\n|\n|t:|1701218496\n|move|p2a: Requiem|Dark Pulse|p1a: Manaphy\n|-damage|p1a: Manaphy|18\/100\n|cant|p1a: Manaphy|flinch\n|\n|-heal|p1a: Manaphy|24\/100|[from] item: Leftovers\n|upkeep\n|turn|12\n|\n|t:|1701218510\n|move|p2a: Requiem|Dark Pulse|p1a: Manaphy\n|-damage|p1a: Manaphy|0 fnt\n|faint|p1a: Manaphy\n|\n|upkeep\n|\n|t:|1701218520\n|switch|p1a: Bellibolt|Bellibolt, F|100\/100\n|turn|13\n|\n|t:|1701218527\n|move|p2a: Requiem|Dark Pulse|p1a: Bellibolt\n|-damage|p1a: Bellibolt|44\/100\n|-start|p1a: Bellibolt|Charge|Dark Pulse|[from] ability: Electromorphosis\n|move|p1a: Bellibolt|Charge Beam|p2a: Requiem\n|-damage|p2a: Requiem|35\/100\n|-end|p1a: Bellibolt|Charge|[silent]\n|\n|-heal|p1a: Bellibolt|50\/100|[from] item: Leftovers\n|upkeep\n|turn|14\n|\n|t:|1701218550\n|move|p2a: Requiem|Dark Pulse|p1a: Bellibolt\n|-damage|p1a: Bellibolt|0 fnt\n|faint|p1a: Bellibolt\n|\n|upkeep\n|\n|t:|1701218554\n|switch|p1a: Dragapult|Dragapult, F|100\/100\n|turn|15\n|\n|t:|1701218564\n|move|p1a: Dragapult|Dragon Darts|p2a: Requiem\n|-damage|p2a: Requiem|0 fnt\n|faint|p2a: Requiem\n|\n|upkeep\n|\n|t:|1701218570\n|switch|p2a: Serafin|Dragonite, F|100\/100\n|turn|16\n|\n|t:|1701218581\n|move|p1a: Dragapult|Dragon Darts|p2a: Serafin\n|-supereffective|p2a: Serafin\n|-damage|p2a: Serafin|75\/100\n|-enditem|p2a: Serafin|Weakness Policy\n|-boost|p2a: Serafin|atk|2|[from] item: Weakness Policy\n|-boost|p2a: Serafin|spa|2|[from] item: Weakness Policy\n|-anim|p1a: Dragapult|Dragon Darts|p2a: Serafin\n|-supereffective|p2a: Serafin\n|-damage|p2a: Serafin|23\/100\n|move|p2a: Serafin|Draco Meteor|p1a: Dragapult\n|-supereffective|p1a: Dragapult\n|-damage|p1a: Dragapult|0 fnt\n|-unboost|p2a: Serafin|spa|2\n|faint|p1a: Dragapult\n|\n|upkeep\n|\n|t:|1701218594\n|switch|p1a: Clefable|Clefable, F|27\/100 par\n|turn|17\n|\n|t:|1701218601\n|move|p2a: Serafin|Iron Head|p1a: Clefable\n|-supereffective|p1a: Clefable\n|-damage|p1a: Clefable|0 fnt\n|faint|p1a: Clefable\n|\n|upkeep\n|\n|t:|1701218606\n|switch|p1a: Corviknight|Corviknight, F|100\/100\n|-ability|p1a: Corviknight|Pressure\n|turn|18\n|\n|t:|1701218629\n|switch|p2a: Piesitos|Hatterene, F, shiny|82\/100\n|move|p1a: Corviknight|Iron Defense|p1a: Corviknight\n|-boost|p1a: Corviknight|def|2\n|\n|upkeep\n|turn|19\n|\n|t:|1701218648\n|move|p1a: Corviknight|Body Press|p2a: Piesitos\n|-resisted|p2a: Piesitos\n|-damage|p2a: Piesitos|65\/100\n|move|p2a: Piesitos|Mystical Fire|p1a: Corviknight\n|-supereffective|p1a: Corviknight\n|-damage|p1a: Corviknight|43\/100\n|-unboost|p1a: Corviknight|spa|1\n|\n|-heal|p1a: Corviknight|50\/100|[from] item: Leftovers\n|upkeep\n|turn|20\n|\n|t:|1701218663\n|-terastallize|p1a: Corviknight|Dragon\n|move|p1a: Corviknight|Roost|p1a: Corviknight\n|-heal|p1a: Corviknight|99\/100\n|move|p2a: Piesitos|Mystical Fire|p1a: Corviknight\n|-resisted|p1a: Corviknight\n|-crit|p1a: Corviknight\n|-damage|p1a: Corviknight|78\/100\n|-unboost|p1a: Corviknight|spa|1\n|\n|-heal|p1a: Corviknight|84\/100|[from] item: Leftovers\n|upkeep\n|turn|21\n|\n|t:|1701218669\n|move|p1a: Corviknight|Iron Defense|p1a: Corviknight\n|-boost|p1a: Corviknight|def|2\n|move|p2a: Piesitos|Draining Kiss|p1a: Corviknight\n|-supereffective|p1a: Corviknight\n|-damage|p1a: Corviknight|25\/100\n|-heal|p2a: Piesitos|100\/100|[from] drain|[of] p1a: Corviknight\n|\n|-heal|p1a: Corviknight|31\/100|[from] item: Leftovers\n|upkeep\n|turn|22\n|\n|t:|1701218674\n|move|p1a: Corviknight|Body Press|p2a: Piesitos\n|-resisted|p2a: Piesitos\n|-damage|p2a: Piesitos|73\/100\n|move|p2a: Piesitos|Draining Kiss|p1a: Corviknight\n|-supereffective|p1a: Corviknight\n|-damage|p1a: Corviknight|0 fnt\n|-heal|p2a: Piesitos|100\/100|[from] drain|[of] p1a: Corviknight\n|faint|p1a: Corviknight\n|\n|upkeep\n|-message|Ilove100Camels forfeited.\n|\n|win|kirroz\n|raw|Ilove100Camels's rating: 1202 &rarr; <strong>1176<\/strong><br \/>(-26 for losing)\n|raw|kirroz's rating: 1186 &rarr; <strong>1212<\/strong><br \/>(+26 for winning)\n|l|\u2606Ilove100Camels\n","uploadtime":1701218686,"views":0,"p1id":"ilove100camels","p2id":"kirroz","formatid":"gen9ou","rating":1176,"private":0,"password":""}