{"id":"gen9ou-1992888938","p1":"troiscaracte","p2":"Lulu77","format":"[Gen 9] OU","log":"|j|\u2606troiscaracte\n|j|\u2606Lulu77\n|t:|1700244165\n|gametype|singles\n|player|p1|troiscaracte|alec-anime|1456\n|player|p2|Lulu77|alder|1554\n|teamsize|p1|6\n|teamsize|p2|6\n|gen|9\n|tier|[Gen 9] OU\n|rated|\n|rule|Sleep Clause Mod: Limit one foe put to sleep\n|rule|Species Clause: Limit one of each Pok\u00e9mon\n|rule|OHKO Clause: OHKO moves are banned\n|rule|Evasion Items Clause: Evasion items are banned\n|rule|Evasion Moves Clause: Evasion moves are banned\n|rule|Endless Battle Clause: Forcing endless battles is banned\n|rule|HP Percentage Mod: HP is shown in percentages\n|clearpoke\n|poke|p1|Glimmora, F|\n|poke|p1|Gholdengo|\n|poke|p1|Ogerpon-Wellspring, F|\n|poke|p1|Kingambit, F|\n|poke|p1|Iron Moth|\n|poke|p1|Enamorus, F|\n|poke|p2|Iron Valiant|\n|poke|p2|Iron Moth|\n|poke|p2|Ogerpon-Wellspring, F|\n|poke|p2|Glimmora, M|\n|poke|p2|Greninja-*, M|\n|poke|p2|Sneasler, F|\n|teampreview\n|inactive|Battle timer is ON: inactive players will automatically lose when time's up. (requested by Lulu77)\n|\n|t:|1700244169\n|start\n|switch|p1a: Glimmora|Glimmora, F|100\/100\n|switch|p2a: Lampadaire|Glimmora, M|100\/100\n|turn|1\n|c|\u2606troiscaracte|gl hf\n|\n|t:|1700244173\n|move|p1a: Glimmora|Earth Power|p2a: Lampadaire\n|-supereffective|p2a: Lampadaire\n|-enditem|p2a: Lampadaire|Focus Sash\n|-damage|p2a: Lampadaire|1\/100\n|move|p2a: Lampadaire|Earth Power|p1a: Glimmora\n|-supereffective|p1a: Glimmora\n|-enditem|p1a: Glimmora|Focus Sash\n|-damage|p1a: Glimmora|1\/100\n|-unboost|p1a: Glimmora|spd|1\n|\n|upkeep\n|turn|2\n|\n|t:|1700244178\n|move|p1a: Glimmora|Mortal Spin|p2a: Lampadaire\n|-resisted|p2a: Lampadaire\n|-damage|p2a: Lampadaire|0 fnt\n|-activate|p2a: Lampadaire|ability: Toxic Debris\n|-sidestart|p1: troiscaracte|move: Toxic Spikes\n|-sideend|p1: troiscaracte|Toxic Spikes|[from] move: Mortal Spin|[of] p1a: Glimmora\n|faint|p2a: Lampadaire\n|\n|upkeep\n|\n|t:|1700244181\n|switch|p2a: Sasuke|Greninja, M|100\/100\n|turn|3\n|\n|t:|1700244186\n|move|p2a: Sasuke|Surf|p1a: Glimmora\n|-supereffective|p1a: Glimmora\n|-damage|p1a: Glimmora|0 fnt\n|faint|p1a: Glimmora\n|-ability|p2a: Sasuke|Battle Bond|boost\n|-boost|p2a: Sasuke|atk|1\n|-boost|p2a: Sasuke|spa|1\n|-boost|p2a: Sasuke|spe|1\n|-activate|p2a: Sasuke|ability: Battle Bond\n|-damage|p2a: Sasuke|91\/100|[from] item: Life Orb\n|\n|upkeep\n|\n|t:|1700244192\n|switch|p1a: Ogerpon|Ogerpon-Wellspring, F|100\/100\n|turn|4\n|\n|t:|1700244197\n|move|p2a: Sasuke|Dark Pulse|p1a: Ogerpon\n|-damage|p1a: Ogerpon|18\/100\n|-damage|p2a: Sasuke|81\/100|[from] item: Life Orb\n|move|p1a: Ogerpon|Power Whip|p2a: Sasuke\n|-supereffective|p2a: Sasuke\n|-damage|p2a: Sasuke|0 fnt\n|faint|p2a: Sasuke\n|\n|upkeep\n|\n|t:|1700244205\n|switch|p2a: Faux Soleil|Iron Moth|100\/100\n|-enditem|p2a: Faux Soleil|Booster Energy\n|-activate|p2a: Faux Soleil|ability: Quark Drive|[fromitem]\n|-start|p2a: Faux Soleil|quarkdrivespe\n|turn|5\n|\n|t:|1700244209\n|move|p2a: Faux Soleil|Fiery Dance|p1a: Ogerpon\n|-damage|p1a: Ogerpon|0 fnt\n|-boost|p2a: Faux Soleil|spa|1\n|faint|p1a: Ogerpon\n|\n|upkeep\n|\n|t:|1700244213\n|switch|p1a: Iron Moth|Iron Moth|100\/100\n|-enditem|p1a: Iron Moth|Booster Energy\n|-activate|p1a: Iron Moth|ability: Quark Drive|[fromitem]\n|-start|p1a: Iron Moth|quarkdrivespe\n|turn|6\n|\n|t:|1700244215\n|-terastallize|p1a: Iron Moth|Ground\n|-terastallize|p2a: Faux Soleil|Ground\n|move|p2a: Faux Soleil|Tera Blast|p1a: Iron Moth|[anim] Tera Blast Ground\n|-damage|p1a: Iron Moth|36\/100\n|move|p1a: Iron Moth|Tera Blast|p2a: Faux Soleil|[anim] Tera Blast Ground\n|-damage|p2a: Faux Soleil|62\/100\n|\n|upkeep\n|turn|7\n|c|\u2606troiscaracte|the spiderman meme\n|\n|t:|1700244231\n|move|p1a: Iron Moth|Fiery Dance|p2a: Faux Soleil\n|-damage|p2a: Faux Soleil|20\/100\n|move|p2a: Faux Soleil|Fiery Dance|p1a: Iron Moth\n|-damage|p1a: Iron Moth|0 fnt\n|-boost|p2a: Faux Soleil|spa|1\n|faint|p1a: Iron Moth\n|-end|p1a: Iron Moth|Quark Drive|[silent]\n|\n|upkeep\n|\n|t:|1700244239\n|switch|p1a: Kingambit|Kingambit, F|100\/100\n|-activate|p1a: Kingambit|ability: Supreme Overlord\n|-start|p1a: Kingambit|fallen3|[silent]\n|turn|8\n|\n|t:|1700244243\n|move|p1a: Kingambit|Sucker Punch||[still]\n|-fail|p1a: Kingambit\n|move|p2a: Faux Soleil|Substitute|p2a: Faux Soleil\n|-fail|p2a: Faux Soleil|move: Substitute|[weak]\n|\n|upkeep\n|turn|9\n|\n|t:|1700244248\n|move|p1a: Kingambit|Sucker Punch||[still]\n|-fail|p1a: Kingambit\n|move|p2a: Faux Soleil|Substitute|p2a: Faux Soleil\n|-fail|p2a: Faux Soleil|move: Substitute|[weak]\n|\n|upkeep\n|turn|10\n|\n|t:|1700244253\n|move|p1a: Kingambit|Sucker Punch|p2a: Faux Soleil\n|-damage|p2a: Faux Soleil|0 fnt\n|faint|p2a: Faux Soleil\n|-end|p2a: Faux Soleil|Quark Drive|[silent]\n|\n|upkeep\n|\n|t:|1700244255\n|switch|p2a: Je fais que passer|Sneasler, F|100\/100\n|turn|11\n|\n|t:|1700244261\n|-end|p1a: Kingambit|fallen3|[silent]\n|switch|p1a: Enamorus|Enamorus, F|100\/100\n|move|p2a: Je fais que passer|U-turn|p1a: Enamorus\n|-resisted|p1a: Enamorus\n|-damage|p1a: Enamorus|91\/100\n|\n|t:|1700244270\n|switch|p2a: Puits de tristesse|Ogerpon-Wellspring, F|100\/100|[from] U-turn\n|\n|upkeep\n|turn|12\n|\n|t:|1700244277\n|move|p1a: Enamorus|Moonblast|p2a: Puits de tristesse\n|-crit|p2a: Puits de tristesse\n|-damage|p2a: Puits de tristesse|16\/100\n|move|p2a: Puits de tristesse|Ivy Cudgel|p1a: Enamorus|[anim] Ivy Cudgel Water\n|-damage|p1a: Enamorus|3\/100\n|\n|upkeep\n|turn|13\n|\n|t:|1700244283\n|switch|p2a: Je fais que passer|Sneasler, F|100\/100\n|move|p1a: Enamorus|Moonblast|p2a: Je fais que passer\n|-damage|p2a: Je fais que passer|25\/100\n|\n|upkeep\n|turn|14\n|\n|t:|1700244288\n|move|p2a: Je fais que passer|U-turn|p1a: Enamorus\n|-resisted|p1a: Enamorus\n|-damage|p1a: Enamorus|0 fnt\n|faint|p1a: Enamorus\n|\n|t:|1700244295\n|switch|p2a: Terminator|Iron Valiant|100\/100|[from] U-turn\n|-enditem|p2a: Terminator|Booster Energy\n|-activate|p2a: Terminator|ability: Quark Drive|[fromitem]\n|-start|p2a: Terminator|quarkdrivespe\n|\n|upkeep\n|\n|t:|1700244303\n|switch|p1a: Gholdengo|Gholdengo|100\/100\n|-item|p1a: Gholdengo|Air Balloon\n|turn|15\n|\n|t:|1700244309\n|-end|p2a: Terminator|Quark Drive|[silent]\n|switch|p2a: Je fais que passer|Sneasler, F|25\/100\n|move|p1a: Gholdengo|Make It Rain|p2a: Je fais que passer\n|-damage|p2a: Je fais que passer|0 fnt\n|-unboost|p1a: Gholdengo|spa|1\n|faint|p2a: Je fais que passer\n|\n|upkeep\n|\n|t:|1700244313\n|switch|p2a: Puits de tristesse|Ogerpon-Wellspring, F|16\/100\n|turn|16\n|\n|t:|1700244322\n|move|p2a: Puits de tristesse|Ivy Cudgel|p1a: Gholdengo|[anim] Ivy Cudgel Water\n|-crit|p1a: Gholdengo\n|-damage|p1a: Gholdengo|0 fnt\n|-enditem|p1a: Gholdengo|Air Balloon\n|faint|p1a: Gholdengo\n|\n|upkeep\n|\n|t:|1700244325\n|switch|p1a: Kingambit|Kingambit, F|100\/100\n|-activate|p1a: Kingambit|ability: Supreme Overlord\n|-start|p1a: Kingambit|fallen5|[silent]\n|turn|17\n|\n|t:|1700244328\n|move|p1a: Kingambit|Sucker Punch||[still]\n|-fail|p1a: Kingambit\n|move|p2a: Puits de tristesse|Swords Dance|p2a: Puits de tristesse\n|-boost|p2a: Puits de tristesse|atk|2\n|\n|upkeep\n|turn|18\n|\n|t:|1700244332\n|move|p1a: Kingambit|Sucker Punch||[still]\n|-fail|p1a: Kingambit\n|move|p2a: Puits de tristesse|Swords Dance|p2a: Puits de tristesse\n|-boost|p2a: Puits de tristesse|atk|2\n|\n|upkeep\n|turn|19\n|\n|t:|1700244335\n|move|p1a: Kingambit|Sucker Punch||[still]\n|-fail|p1a: Kingambit\n|move|p2a: Puits de tristesse|Swords Dance|p2a: Puits de tristesse\n|-boost|p2a: Puits de tristesse|atk|2\n|\n|upkeep\n|turn|20\n|\n|t:|1700244338\n|move|p1a: Kingambit|Sucker Punch||[still]\n|-fail|p1a: Kingambit\n|move|p2a: Puits de tristesse|Swords Dance|p2a: Puits de tristesse\n|-boost|p2a: Puits de tristesse|atk|0\n|\n|upkeep\n|turn|21\n|\n|t:|1700244343\n|move|p2a: Puits de tristesse|Ivy Cudgel|p1a: Kingambit|[anim] Ivy Cudgel Water\n|-damage|p1a: Kingambit|0 fnt\n|faint|p1a: Kingambit\n|-end|p1a: Kingambit|fallen5|[silent]\n|\n|win|Lulu77\n|raw|troiscaracte's rating: 1456 &rarr; <strong>1441<\/strong><br \/>(-15 for losing)\n|raw|Lulu77's rating: 1554 &rarr; <strong>1569<\/strong><br \/>(+15 for winning)\n|c|\u2606troiscaracte|wp\n|c|\u2606troiscaracte|gg*\n","uploadtime":1700244350,"views":8,"p1id":"troiscaracte","p2id":"lulu77","formatid":"gen9ou","rating":1441,"private":0,"password":""}