{"id":"gen9ou-1998193274","p1":"Crayjacks","p2":"SirSpanklez","format":"[Gen 9] OU","log":"|j|\u2606Crayjacks\n|j|\u2606SirSpanklez\n|t:|1700910073\n|gametype|singles\n|player|p1|Crayjacks|265|1464\n|player|p2|SirSpanklez|pokemonrangerf|1513\n|teamsize|p1|6\n|teamsize|p2|6\n|gen|9\n|tier|[Gen 9] OU\n|rated|\n|rule|Sleep Clause Mod: Limit one foe put to sleep\n|rule|Species Clause: Limit one of each Pok\u00e9mon\n|rule|OHKO Clause: OHKO moves are banned\n|rule|Evasion Items Clause: Evasion items are banned\n|rule|Evasion Moves Clause: Evasion moves are banned\n|rule|Endless Battle Clause: Forcing endless battles is banned\n|rule|HP Percentage Mod: HP is shown in percentages\n|clearpoke\n|poke|p1|Kingambit, M|\n|poke|p1|Ogerpon-Wellspring, F|\n|poke|p1|Clefable, F|\n|poke|p1|Great Tusk|\n|poke|p1|Slowking-Galar, M|\n|poke|p1|Enamorus, F|\n|poke|p2|Garganacl, M|\n|poke|p2|Zapdos|\n|poke|p2|Ogerpon-Cornerstone, F|\n|poke|p2|Tyranitar, M|\n|poke|p2|Talonflame, M|\n|poke|p2|Sandy Shocks|\n|teampreview\n|\n|t:|1700910093\n|start\n|switch|p1a: Slowking|Slowking-Galar, M|100\/100\n|switch|p2a: Mr. Miss|Zapdos, shiny|100\/100\n|turn|1\n|j| TorterraMain\n|\n|t:|1700910100\n|switch|p2a: Big Guy|Tyranitar, M, shiny|100\/100\n|-weather|Sandstorm|[from] ability: Sand Stream|[of] p2a: Big Guy\n|move|p1a: Slowking|Sludge Bomb|p2a: Big Guy\n|-resisted|p2a: Big Guy\n|-damage|p2a: Big Guy|90\/100\n|-status|p2a: Big Guy|psn\n|\n|-weather|Sandstorm|[upkeep]\n|-damage|p1a: Slowking|94\/100|[from] Sandstorm\n|-heal|p2a: Big Guy|96\/100 psn|[from] item: Leftovers\n|-damage|p2a: Big Guy|84\/100 psn|[from] psn\n|upkeep\n|turn|2\n|\n|t:|1700910117\n|switch|p1a: Great Tusk|Great Tusk|100\/100\n|move|p2a: Big Guy|Stealth Rock|p1a: Great Tusk\n|-sidestart|p1: Crayjacks|move: Stealth Rock\n|\n|-weather|Sandstorm|[upkeep]\n|-heal|p2a: Big Guy|90\/100 psn|[from] item: Leftovers\n|-damage|p2a: Big Guy|78\/100 psn|[from] psn\n|upkeep\n|turn|3\n|\n|t:|1700910125\n|switch|p2a: Mr. Miss|Zapdos, shiny|100\/100\n|move|p1a: Great Tusk|Stealth Rock|p2a: Mr. Miss\n|-sidestart|p2: SirSpanklez|move: Stealth Rock\n|\n|-weather|Sandstorm|[upkeep]\n|-damage|p2a: Mr. Miss|94\/100|[from] Sandstorm\n|-heal|p2a: Mr. Miss|100\/100|[from] item: Leftovers\n|upkeep\n|turn|4\n|\n|t:|1700910133\n|-end|p1a: Great Tusk|Protosynthesis|[silent]\n|switch|p1a: Slowking|Slowking-Galar, M|100\/100\n|-damage|p1a: Slowking|88\/100|[from] Stealth Rock\n|move|p2a: Mr. Miss|Hurricane|p1a: Slowking\n|-damage|p1a: Slowking|60\/100\n|-start|p1a: Slowking|confusion\n|\n|-weather|Sandstorm|[upkeep]\n|-damage|p2a: Mr. Miss|94\/100|[from] Sandstorm\n|-damage|p1a: Slowking|54\/100|[from] Sandstorm\n|-heal|p2a: Mr. Miss|100\/100|[from] item: Leftovers\n|upkeep\n|turn|5\n|\n|t:|1700910144\n|move|p2a: Mr. Miss|Thunderbolt|p1a: Slowking\n|-damage|p1a: Slowking|32\/100\n|-activate|p1a: Slowking|confusion\n|-damage|p1a: Slowking|27\/100|[from] confusion\n|\n|-weather|none\n|upkeep\n|turn|6\n|\n|t:|1700910157\n|switch|p1a: Clefable|Clefable, F|100\/100\n|-damage|p1a: Clefable|88\/100|[from] Stealth Rock\n|move|p2a: Mr. Miss|Hurricane|p1a: Clefable|[miss]\n|-miss|p2a: Mr. Miss|p1a: Clefable\n|\n|-heal|p1a: Clefable|94\/100|[from] item: Leftovers\n|upkeep\n|turn|7\n|\n|t:|1700910174\n|switch|p2a: The Holy Monument|Garganacl, M, shiny|100\/100\n|-damage|p2a: The Holy Monument|88\/100|[from] Stealth Rock\n|move|p1a: Clefable|Wish|p1a: Clefable\n|\n|-heal|p1a: Clefable|99\/100|[from] item: Leftovers\n|-heal|p2a: The Holy Monument|94\/100|[from] item: Leftovers\n|upkeep\n|turn|8\n|\n|t:|1700910183\n|switch|p1a: Great Tusk|Great Tusk|100\/100\n|-damage|p1a: Great Tusk|98\/100|[from] Stealth Rock\n|move|p2a: The Holy Monument|Iron Defense|p2a: The Holy Monument\n|-boost|p2a: The Holy Monument|def|2\n|\n|-heal|p1a: Great Tusk|100\/100|[from] move: Wish|[wisher] Clefable\n|-heal|p2a: The Holy Monument|100\/100|[from] item: Leftovers\n|upkeep\n|turn|9\n|\n|t:|1700910192\n|move|p1a: Great Tusk|Knock Off|p2a: The Holy Monument\n|-damage|p2a: The Holy Monument|91\/100\n|-enditem|p2a: The Holy Monument|Leftovers|[from] move: Knock Off|[of] p1a: Great Tusk\n|move|p2a: The Holy Monument|Salt Cure|p1a: Great Tusk\n|-resisted|p1a: Great Tusk\n|-damage|p1a: Great Tusk|99\/100\n|-start|p1a: Great Tusk|Salt Cure\n|\n|-heal|p1a: Great Tusk|100\/100|[from] item: Leftovers\n|-damage|p1a: Great Tusk|88\/100|[from] Salt Cure\n|upkeep\n|turn|10\n|\n|t:|1700910202\n|move|p1a: Great Tusk|Rapid Spin|p2a: The Holy Monument\n|-resisted|p2a: The Holy Monument\n|-damage|p2a: The Holy Monument|88\/100\n|-boost|p1a: Great Tusk|spe|1\n|-sideend|p1: Crayjacks|Stealth Rock|[from] move: Rapid Spin|[of] p1a: Great Tusk\n|move|p2a: The Holy Monument|Iron Defense|p2a: The Holy Monument\n|-boost|p2a: The Holy Monument|def|2\n|\n|-heal|p1a: Great Tusk|94\/100|[from] item: Leftovers\n|-damage|p1a: Great Tusk|82\/100|[from] Salt Cure\n|upkeep\n|turn|11\n|\n|t:|1700910212\n|-end|p1a: Great Tusk|Protosynthesis|[silent]\n|switch|p1a: Clefable|Clefable, F|99\/100\n|move|p2a: The Holy Monument|Iron Defense|p2a: The Holy Monument\n|-boost|p2a: The Holy Monument|def|2\n|\n|-heal|p1a: Clefable|100\/100|[from] item: Leftovers\n|upkeep\n|turn|12\n|\n|t:|1700910220\n|move|p1a: Clefable|Moonblast|p2a: The Holy Monument\n|-damage|p2a: The Holy Monument|69\/100\n|move|p2a: The Holy Monument|Salt Cure|p1a: Clefable\n|-damage|p1a: Clefable|90\/100\n|-start|p1a: Clefable|Salt Cure\n|\n|-heal|p1a: Clefable|96\/100|[from] item: Leftovers\n|-damage|p1a: Clefable|84\/100|[from] Salt Cure\n|upkeep\n|turn|13\n|\n|t:|1700910229\n|move|p1a: Clefable|Wish|p1a: Clefable\n|move|p2a: The Holy Monument|Recover|p2a: The Holy Monument\n|-heal|p2a: The Holy Monument|100\/100\n|\n|-heal|p1a: Clefable|90\/100|[from] item: Leftovers\n|-damage|p1a: Clefable|78\/100|[from] Salt Cure\n|upkeep\n|turn|14\n|\n|t:|1700910236\n|switch|p1a: Slowking|Slowking-Galar, M|60\/100\n|move|p2a: The Holy Monument|Body Press|p1a: Slowking\n|-resisted|p1a: Slowking\n|-damage|p1a: Slowking|39\/100\n|\n|-heal|p1a: Slowking|89\/100|[from] move: Wish|[wisher] Clefable\n|upkeep\n|turn|15\n|\n|t:|1700910247\n|move|p2a: The Holy Monument|Body Press|p1a: Slowking\n|-resisted|p1a: Slowking\n|-damage|p1a: Slowking|65\/100\n|move|p1a: Slowking|Surf|p2a: The Holy Monument\n|-supereffective|p2a: The Holy Monument\n|-damage|p2a: The Holy Monument|65\/100\n|\n|upkeep\n|turn|16\n|\n|t:|1700910253\n|move|p2a: The Holy Monument|Salt Cure|p1a: Slowking\n|-damage|p1a: Slowking|51\/100\n|-start|p1a: Slowking|Salt Cure\n|move|p1a: Slowking|Surf|p2a: The Holy Monument\n|-supereffective|p2a: The Holy Monument\n|-damage|p2a: The Holy Monument|35\/100\n|\n|-damage|p1a: Slowking|38\/100|[from] Salt Cure\n|upkeep\n|turn|17\n|\n|t:|1700910261\n|switch|p1a: Clefable|Clefable, F|78\/100\n|move|p2a: The Holy Monument|Recover|p2a: The Holy Monument\n|-heal|p2a: The Holy Monument|85\/100\n|\n|-heal|p1a: Clefable|84\/100|[from] item: Leftovers\n|upkeep\n|turn|18\n|\n|t:|1700910268\n|move|p1a: Clefable|Wish|p1a: Clefable\n|move|p2a: The Holy Monument|Body Press|p1a: Clefable\n|-resisted|p1a: Clefable\n|-damage|p1a: Clefable|74\/100\n|\n|-heal|p1a: Clefable|80\/100|[from] item: Leftovers\n|upkeep\n|turn|19\n|\n|t:|1700910275\n|switch|p1a: Slowking|Slowking-Galar, M|72\/100\n|switch|p2a: Talonflame|Talonflame, M, shiny|100\/100\n|\n|-heal|p1a: Slowking|100\/100|[from] move: Wish|[wisher] Clefable\n|upkeep\n|turn|20\n|\n|t:|1700910286\n|move|p2a: Talonflame|Defog|p1a: Slowking\n|-unboost|p1a: Slowking|evasion|1\n|-sideend|p2: SirSpanklez|Stealth Rock|[from] move: Defog|[of] p2a: Talonflame\n|move|p1a: Slowking|Surf|p2a: Talonflame\n|-supereffective|p2a: Talonflame\n|-damage|p2a: Talonflame|45\/100\n|\n|upkeep\n|turn|21\n|\n|t:|1700910296\n|switch|p2a: Big Guy|Tyranitar, M, shiny|78\/100 psn\n|-weather|Sandstorm|[from] ability: Sand Stream|[of] p2a: Big Guy\n|move|p1a: Slowking|Sludge Bomb|p2a: Big Guy\n|-resisted|p2a: Big Guy\n|-damage|p2a: Big Guy|67\/100 psn\n|\n|-weather|Sandstorm|[upkeep]\n|-damage|p1a: Slowking|94\/100|[from] Sandstorm\n|-heal|p2a: Big Guy|74\/100 psn|[from] item: Leftovers\n|-damage|p2a: Big Guy|61\/100 psn|[from] psn\n|upkeep\n|turn|22\n|\n|t:|1700910307\n|switch|p1a: Great Tusk|Great Tusk|82\/100\n|move|p2a: Big Guy|Knock Off|p1a: Great Tusk\n|-resisted|p1a: Great Tusk\n|-damage|p1a: Great Tusk|68\/100\n|-enditem|p1a: Great Tusk|Leftovers|[from] move: Knock Off|[of] p2a: Big Guy\n|\n|-weather|Sandstorm|[upkeep]\n|-heal|p2a: Big Guy|67\/100 psn|[from] item: Leftovers\n|-damage|p2a: Big Guy|55\/100 psn|[from] psn\n|upkeep\n|turn|23\n|\n|t:|1700910319\n|switch|p2a: Talonflame|Talonflame, M, shiny|45\/100\n|move|p1a: Great Tusk|Knock Off|p2a: Talonflame\n|-damage|p2a: Talonflame|11\/100\n|-enditem|p2a: Talonflame|Heavy-Duty Boots|[from] move: Knock Off|[of] p1a: Great Tusk\n|\n|-weather|Sandstorm|[upkeep]\n|-damage|p2a: Talonflame|5\/100|[from] Sandstorm\n|upkeep\n|turn|24\n|\n|t:|1700910327\n|move|p2a: Talonflame|Roost|p2a: Talonflame\n|-heal|p2a: Talonflame|55\/100\n|-singleturn|p2a: Talonflame|move: Roost\n|move|p1a: Great Tusk|Earthquake|p2a: Talonflame\n|-supereffective|p2a: Talonflame\n|-damage|p2a: Talonflame|0 fnt\n|faint|p2a: Talonflame\n|\n|-weather|Sandstorm|[upkeep]\n|upkeep\n|\n|t:|1700910331\n|switch|p2a: Mr. Miss|Zapdos, shiny|100\/100\n|turn|25\n|\n|t:|1700910339\n|-end|p1a: Great Tusk|Protosynthesis|[silent]\n|switch|p1a: Slowking|Slowking-Galar, M|100\/100\n|move|p2a: Mr. Miss|Hurricane|p1a: Slowking\n|-damage|p1a: Slowking|72\/100\n|-start|p1a: Slowking|confusion\n|\n|-weather|none\n|upkeep\n|turn|26\n|\n|t:|1700910348\n|move|p2a: Mr. Miss|Thunderbolt|p1a: Slowking\n|-damage|p1a: Slowking|49\/100\n|-activate|p1a: Slowking|confusion\n|-damage|p1a: Slowking|43\/100|[from] confusion\n|\n|upkeep\n|turn|27\n|\n|t:|1700910354\n|move|p2a: Mr. Miss|Hurricane|p1a: Slowking\n|-damage|p1a: Slowking|16\/100\n|-activate|p1a: Slowking|confusion\n|-damage|p1a: Slowking|10\/100|[from] confusion\n|\n|upkeep\n|turn|28\n|\n|t:|1700910361\n|switch|p1a: Clefable|Clefable, F|80\/100\n|move|p2a: Mr. Miss|Thunderbolt|p1a: Clefable\n|-damage|p1a: Clefable|31\/100\n|\n|-heal|p1a: Clefable|37\/100|[from] item: Leftovers\n|upkeep\n|turn|29\n|\n|t:|1700910368\n|move|p1a: Clefable|Protect|p1a: Clefable\n|-singleturn|p1a: Clefable|Protect\n|move|p2a: Mr. Miss|Hurricane|p1a: Clefable\n|-activate|p1a: Clefable|move: Protect\n|\n|-heal|p1a: Clefable|43\/100|[from] item: Leftovers\n|upkeep\n|turn|30\n|\n|t:|1700910382\n|move|p1a: Clefable|Protect|p1a: Clefable\n|-singleturn|p1a: Clefable|Protect\n|move|p2a: Mr. Miss|Thunderbolt|p1a: Clefable\n|-activate|p1a: Clefable|move: Protect\n|\n|-heal|p1a: Clefable|49\/100|[from] item: Leftovers\n|upkeep\n|turn|31\n|\n|t:|1700910389\n|switch|p1a: Slowking|Slowking-Galar, M|44\/100\n|move|p2a: Mr. Miss|Hurricane|p1a: Slowking|[miss]\n|-miss|p2a: Mr. Miss|p1a: Slowking\n|\n|upkeep\n|turn|32\n|\n|t:|1700910396\n|switch|p1a: Clefable|Clefable, F|49\/100\n|move|p2a: Mr. Miss|Thunderbolt|p1a: Clefable\n|-damage|p1a: Clefable|3\/100\n|\n|-heal|p1a: Clefable|9\/100|[from] item: Leftovers\n|upkeep\n|turn|33\n|\n|t:|1700910403\n|move|p1a: Clefable|Protect|p1a: Clefable\n|-singleturn|p1a: Clefable|Protect\n|move|p2a: Mr. Miss|Hurricane|p1a: Clefable\n|-activate|p1a: Clefable|move: Protect\n|\n|-heal|p1a: Clefable|15\/100|[from] item: Leftovers\n|upkeep\n|turn|34\n|\n|t:|1700910410\n|switch|p1a: Slowking|Slowking-Galar, M|77\/100\n|move|p2a: Mr. Miss|Thunderbolt|p1a: Slowking\n|-damage|p1a: Slowking|56\/100\n|\n|upkeep\n|turn|35\n|\n|t:|1700910416\n|move|p2a: Mr. Miss|Thunderbolt|p1a: Slowking\n|-damage|p1a: Slowking|32\/100\n|move|p1a: Slowking|Future Sight|p2a: Mr. Miss\n|-start|p1a: Slowking|move: Future Sight\n|\n|upkeep\n|turn|36\n|\n|t:|1700910427\n|switch|p2a: Big Guy|Tyranitar, M, shiny|55\/100 psn\n|-weather|Sandstorm|[from] ability: Sand Stream|[of] p2a: Big Guy\n|move|p1a: Slowking|Sludge Bomb|p2a: Big Guy\n|-resisted|p2a: Big Guy\n|-damage|p2a: Big Guy|45\/100 psn\n|\n|-weather|Sandstorm|[upkeep]\n|-damage|p1a: Slowking|26\/100|[from] Sandstorm\n|-heal|p2a: Big Guy|51\/100 psn|[from] item: Leftovers\n|-damage|p2a: Big Guy|38\/100 psn|[from] psn\n|upkeep\n|turn|37\n|\n|t:|1700910439\n|switch|p1a: Great Tusk|Great Tusk|68\/100\n|move|p2a: Big Guy|Dragon Tail|p1a: Great Tusk\n|-damage|p1a: Great Tusk|58\/100\n|-end|p1a: Great Tusk|Protosynthesis|[silent]\n|drag|p1a: Slowking|Slowking-Galar, M|60\/100\n|\n|-weather|Sandstorm|[upkeep]\n|-damage|p1a: Slowking|54\/100|[from] Sandstorm\n|-end|p2a: Big Guy|move: Future Sight\n|-immune|p2a: Big Guy\n|-heal|p2a: Big Guy|45\/100 psn|[from] item: Leftovers\n|-damage|p2a: Big Guy|32\/100 psn|[from] psn\n|upkeep\n|turn|38\n|\n|t:|1700910451\n|switch|p2a: Mr. Miss|Zapdos, shiny|100\/100\n|switch|p1a: Great Tusk|Great Tusk|58\/100\n|\n|-weather|Sandstorm|[upkeep]\n|-damage|p2a: Mr. Miss|94\/100|[from] Sandstorm\n|-heal|p2a: Mr. Miss|100\/100|[from] item: Leftovers\n|upkeep\n|turn|39\n|\n|t:|1700910460\n|move|p2a: Mr. Miss|Hurricane|p1a: Great Tusk\n|-supereffective|p1a: Great Tusk\n|-damage|p1a: Great Tusk|0 fnt\n|faint|p1a: Great Tusk\n|-end|p1a: Great Tusk|Protosynthesis|[silent]\n|\n|-weather|Sandstorm|[upkeep]\n|-damage|p2a: Mr. Miss|94\/100|[from] Sandstorm\n|-heal|p2a: Mr. Miss|100\/100|[from] item: Leftovers\n|upkeep\n|\n|t:|1700910468\n|switch|p1a: Ogerpon|Ogerpon-Wellspring, F|100\/100\n|turn|40\n|\n|t:|1700910474\n|-terastallize|p1a: Ogerpon|Water\n|detailschange|p1a: Ogerpon|Ogerpon-Wellspring-Tera, F, tera:Water\n|-ability|p1a: Ogerpon|Embody Aspect (Wellspring)|boost\n|-boost|p1a: Ogerpon|spd|1\n|move|p1a: Ogerpon|Ivy Cudgel|p2a: Mr. Miss|[anim] Ivy Cudgel Water\n|-damage|p2a: Mr. Miss|21\/100\n|move|p2a: Mr. Miss|Hurricane|p1a: Ogerpon\n|-damage|p1a: Ogerpon|55\/100\n|\n|-weather|none\n|-heal|p2a: Mr. Miss|27\/100|[from] item: Leftovers\n|upkeep\n|turn|41\n|\n|t:|1700910485\n|move|p1a: Ogerpon|Ivy Cudgel|p2a: Mr. Miss|[anim] Ivy Cudgel Water\n|-damage|p2a: Mr. Miss|0 fnt\n|faint|p2a: Mr. Miss\n|\n|upkeep\n|\n|t:|1700910487\n|switch|p2a: OogaBooga|Ogerpon-Cornerstone, F|100\/100\n|turn|42\n|\n|t:|1700910500\n|move|p2a: OogaBooga|Trailblaze|p1a: Ogerpon\n|-supereffective|p1a: Ogerpon\n|-damage|p1a: Ogerpon|0 fnt\n|-boost|p2a: OogaBooga|spe|1\n|faint|p1a: Ogerpon\n|\n|upkeep\n|\n|t:|1700910510\n|switch|p1a: Kingambit|Kingambit, M|100\/100\n|-activate|p1a: Kingambit|ability: Supreme Overlord\n|-start|p1a: Kingambit|fallen2|[silent]\n|turn|43\n|\n|t:|1700910524\n|move|p2a: OogaBooga|Horn Leech|p1a: Kingambit\n|-resisted|p1a: Kingambit\n|-damage|p1a: Kingambit|84\/100\n|move|p1a: Kingambit|Kowtow Cleave|p2a: OogaBooga\n|-damage|p2a: OogaBooga|19\/100\n|\n|-heal|p1a: Kingambit|90\/100|[from] item: Leftovers\n|upkeep\n|turn|44\n|\n|t:|1700910533\n|switch|p2a: Big Guy|Tyranitar, M, shiny|32\/100 psn\n|-weather|Sandstorm|[from] ability: Sand Stream|[of] p2a: Big Guy\n|move|p1a: Kingambit|Kowtow Cleave|p2a: Big Guy\n|-resisted|p2a: Big Guy\n|-damage|p2a: Big Guy|11\/100 psn\n|\n|-weather|Sandstorm|[upkeep]\n|-heal|p1a: Kingambit|96\/100|[from] item: Leftovers\n|-heal|p2a: Big Guy|17\/100 psn|[from] item: Leftovers\n|-damage|p2a: Big Guy|4\/100 psn|[from] psn\n|upkeep\n|turn|45\n|\n|t:|1700910544\n|move|p1a: Kingambit|Iron Head|p2a: Big Guy\n|-supereffective|p2a: Big Guy\n|-crit|p2a: Big Guy\n|-damage|p2a: Big Guy|0 fnt\n|faint|p2a: Big Guy\n|\n|-weather|Sandstorm|[upkeep]\n|-heal|p1a: Kingambit|100\/100|[from] item: Leftovers\n|upkeep\n|\n|t:|1700910549\n|switch|p2a: Erm|Sandy Shocks|100\/100\n|-enditem|p2a: Erm|Booster Energy\n|-activate|p2a: Erm|ability: Protosynthesis|[fromitem]\n|-start|p2a: Erm|protosynthesisspe\n|turn|46\n|\n|t:|1700910559\n|-end|p1a: Kingambit|fallen2|[silent]\n|switch|p1a: Clefable|Clefable, F|15\/100\n|move|p2a: Erm|Thunderbolt|p1a: Clefable\n|-damage|p1a: Clefable|0 fnt\n|faint|p1a: Clefable\n|\n|-weather|Sandstorm|[upkeep]\n|upkeep\n|\n|t:|1700910567\n|switch|p1a: Slowking|Slowking-Galar, M|87\/100\n|turn|47\n|\n|t:|1700910571\n|move|p2a: Erm|Metal Sound|p1a: Slowking\n|-unboost|p1a: Slowking|spd|2\n|move|p1a: Slowking|Future Sight|p2a: Erm\n|-start|p1a: Slowking|move: Future Sight\n|\n|-weather|Sandstorm|[upkeep]\n|-damage|p1a: Slowking|81\/100|[from] Sandstorm\n|upkeep\n|turn|48\n|\n|t:|1700910578\n|switch|p1a: Enamorus|Enamorus, F|100\/100\n|move|p2a: Erm|Earth Power|p1a: Enamorus\n|-immune|p1a: Enamorus\n|\n|-weather|none\n|upkeep\n|turn|49\n|\n|t:|1700910585\n|-end|p2a: Erm|Protosynthesis|[silent]\n|switch|p2a: OogaBooga|Ogerpon-Cornerstone, F|19\/100\n|move|p1a: Enamorus|Earth Power|p2a: OogaBooga\n|-damage|p2a: OogaBooga|0 fnt\n|faint|p2a: OogaBooga\n|\n|-hint|Future Sight did not hit because the target is fainted.\n|upkeep\n|\n|t:|1700910587\n|switch|p2a: The Holy Monument|Garganacl, M, shiny|85\/100\n|turn|50\n|\n|t:|1700910595\n|move|p1a: Enamorus|Earth Power|p2a: The Holy Monument\n|-supereffective|p2a: The Holy Monument\n|-damage|p2a: The Holy Monument|44\/100\n|move|p2a: The Holy Monument|Iron Defense|p2a: The Holy Monument\n|-boost|p2a: The Holy Monument|def|2\n|\n|upkeep\n|turn|51\n|\n|t:|1700910601\n|-terastallize|p2a: The Holy Monument|Ghost\n|move|p1a: Enamorus|Earth Power|p2a: The Holy Monument\n|-damage|p2a: The Holy Monument|21\/100\n|move|p2a: The Holy Monument|Recover|p2a: The Holy Monument\n|-heal|p2a: The Holy Monument|71\/100\n|\n|upkeep\n|turn|52\n|\n|t:|1700910608\n|switch|p1a: Slowking|Slowking-Galar, M|100\/100\n|move|p2a: The Holy Monument|Iron Defense|p2a: The Holy Monument\n|-boost|p2a: The Holy Monument|def|2\n|\n|upkeep\n|turn|53\n|\n|t:|1700910615\n|move|p2a: The Holy Monument|Recover|p2a: The Holy Monument\n|-heal|p2a: The Holy Monument|100\/100\n|move|p1a: Slowking|Future Sight|p2a: The Holy Monument\n|-start|p1a: Slowking|move: Future Sight\n|\n|upkeep\n|turn|54\n|\n|t:|1700910623\n|move|p2a: The Holy Monument|Salt Cure|p1a: Slowking\n|-damage|p1a: Slowking|87\/100\n|-start|p1a: Slowking|Salt Cure\n|move|p1a: Slowking|Sludge Bomb|p2a: The Holy Monument\n|-resisted|p2a: The Holy Monument\n|-damage|p2a: The Holy Monument|89\/100\n|\n|-damage|p1a: Slowking|74\/100|[from] Salt Cure\n|upkeep\n|turn|55\n|\n|t:|1700910631\n|move|p2a: The Holy Monument|Iron Defense|p2a: The Holy Monument\n|-boost|p2a: The Holy Monument|def|2\n|move|p1a: Slowking|Flamethrower|p2a: The Holy Monument\n|-damage|p2a: The Holy Monument|73\/100\n|\n|-end|p2a: The Holy Monument|move: Future Sight\n|-damage|p2a: The Holy Monument|40\/100\n|-damage|p1a: Slowking|62\/100|[from] Salt Cure\n|upkeep\n|turn|56\n|\n|t:|1700910639\n|move|p2a: The Holy Monument|Recover|p2a: The Holy Monument\n|-heal|p2a: The Holy Monument|90\/100\n|move|p1a: Slowking|Future Sight|p2a: The Holy Monument\n|-start|p1a: Slowking|move: Future Sight\n|\n|-damage|p1a: Slowking|49\/100|[from] Salt Cure\n|upkeep\n|turn|57\n|\n|t:|1700910645\n|switch|p1a: Enamorus|Enamorus, F|100\/100\n|move|p2a: The Holy Monument|Body Press|p1a: Enamorus\n|-resisted|p1a: Enamorus\n|-damage|p1a: Enamorus|67\/100\n|\n|upkeep\n|turn|58\n|\n|t:|1700910662\n|switch|p1a: Slowking|Slowking-Galar, M|82\/100\n|move|p2a: The Holy Monument|Salt Cure|p1a: Slowking\n|-damage|p1a: Slowking|67\/100\n|-start|p1a: Slowking|Salt Cure\n|\n|-end|p2a: The Holy Monument|move: Future Sight\n|-crit|p2a: The Holy Monument\n|-damage|p2a: The Holy Monument|39\/100\n|-damage|p1a: Slowking|55\/100|[from] Salt Cure\n|upkeep\n|turn|59\n|\n|t:|1700910671\n|move|p2a: The Holy Monument|Recover|p2a: The Holy Monument\n|-heal|p2a: The Holy Monument|89\/100\n|move|p1a: Slowking|Future Sight|p2a: The Holy Monument\n|-start|p1a: Slowking|move: Future Sight\n|\n|-damage|p1a: Slowking|42\/100|[from] Salt Cure\n|upkeep\n|turn|60\n|\n|t:|1700910679\n|switch|p1a: Enamorus|Enamorus, F|67\/100\n|move|p2a: The Holy Monument|Body Press|p1a: Enamorus\n|-resisted|p1a: Enamorus\n|-damage|p1a: Enamorus|34\/100\n|\n|upkeep\n|turn|61\n|\n|t:|1700910685\n|move|p1a: Enamorus|Moonblast|p2a: The Holy Monument\n|-damage|p2a: The Holy Monument|58\/100\n|move|p2a: The Holy Monument|Body Press|p1a: Enamorus\n|-resisted|p1a: Enamorus\n|-damage|p1a: Enamorus|0 fnt\n|faint|p1a: Enamorus\n|\n|-end|p2a: The Holy Monument|move: Future Sight\n|-damage|p2a: The Holy Monument|28\/100\n|upkeep\n|\n|t:|1700910695\n|switch|p1a: Kingambit|Kingambit, M|100\/100\n|-activate|p1a: Kingambit|ability: Supreme Overlord\n|-start|p1a: Kingambit|fallen4|[silent]\n|turn|62\n|\n|t:|1700910705\n|move|p1a: Kingambit|Kowtow Cleave|p2a: The Holy Monument\n|-supereffective|p2a: The Holy Monument\n|-damage|p2a: The Holy Monument|4\/100\n|move|p2a: The Holy Monument|Body Press|p1a: Kingambit\n|-supereffective|p1a: Kingambit\n|-damage|p1a: Kingambit|0 fnt\n|faint|p1a: Kingambit\n|-end|p1a: Kingambit|fallen4|[silent]\n|\n|upkeep\n|-message|Crayjacks forfeited.\n|\n|win|SirSpanklez\n|raw|Crayjacks's rating: 1464 &rarr; <strong>1447<\/strong><br \/>(-17 for losing)\n|raw|SirSpanklez's rating: 1513 &rarr; <strong>1530<\/strong><br \/>(+17 for winning)\n|l|\u2606Crayjacks\n|c|\u2606SirSpanklez|die in a house fire\n|c| TorterraMain|holy fat\n|c|\u2606SirSpanklez|genuinely\n|l| TorterraMain\n|c|\u2606SirSpanklez|get garged\n|c|\u2606SirSpanklez|fucker\n|l|\u2606SirSpanklez\n|j|\u2606SirSpanklez\n|player|p2|SirSpanklez|pokemonrangerf\n","uploadtime":1700910829,"views":8,"p1id":"crayjacks","p2id":"sirspanklez","formatid":"gen9ou","rating":1447,"private":0,"password":""}