{"id":"gen9ou-1992495227","p1":"S3PP1","p2":"CRIPPYwitdaGRIPPY","format":"[Gen 9] OU","log":"|j|\u2606S3PP1\n|j|\u2606CRIPPYwitdaGRIPPY\n|t:|1700194885\n|gametype|singles\n|player|p1|S3PP1|chuck|\n|player|p2|CRIPPYwitdaGRIPPY|caitlin|\n|teamsize|p1|6\n|teamsize|p2|6\n|gen|9\n|tier|[Gen 9] OU\n|rule|Sleep Clause Mod: Limit one foe put to sleep\n|rule|Species Clause: Limit one of each Pok\u00e9mon\n|rule|OHKO Clause: OHKO moves are banned\n|rule|Evasion Items Clause: Evasion items are banned\n|rule|Evasion Moves Clause: Evasion moves are banned\n|rule|Endless Battle Clause: Forcing endless battles is banned\n|rule|HP Percentage Mod: HP is shown in percentages\n|clearpoke\n|poke|p1|Landorus-Therian, M|\n|poke|p1|Toxapex, M|\n|poke|p1|Conkeldurr, M|\n|poke|p1|Kleavor, F|\n|poke|p1|Chandelure, M|\n|poke|p1|Pawmot, M|\n|poke|p2|Ting-Lu|\n|poke|p2|Zamazenta-*|\n|poke|p2|Slowking, M|\n|poke|p2|Skeledirge, M|\n|poke|p2|Dipplin, F|\n|poke|p2|Torterra, F|\n|teampreview\n|inactive|Battle timer is ON: inactive players will automatically lose when time's up. (requested by S3PP1)\n|\n|t:|1700194894\n|start\n|switch|p1a: Kleavor|Kleavor, F|100\/100\n|switch|p2a: Skeled1ck|Skeledirge, M|100\/100\n|turn|1\n|\n|t:|1700194909\n|move|p1a: Kleavor|Stone Axe|p2a: Skeled1ck|[miss]\n|-miss|p1a: Kleavor|p2a: Skeled1ck\n|move|p2a: Skeled1ck|Flare Blitz|p1a: Kleavor\n|-damage|p1a: Kleavor|65\/100\n|-damage|p2a: Skeled1ck|92\/100|[from] Recoil\n|\n|upkeep\n|turn|2\n|\n|t:|1700194924\n|move|p1a: Kleavor|Stone Axe|p2a: Skeled1ck\n|-supereffective|p2a: Skeled1ck\n|-damage|p2a: Skeled1ck|6\/100\n|-sidestart|p2: CRIPPYwitdaGRIPPY|move: Stealth Rock\n|move|p2a: Skeled1ck|Torch Song|p1a: Kleavor\n|-damage|p1a: Kleavor|13\/100\n|-boost|p2a: Skeled1ck|spa|1\n|\n|upkeep\n|turn|3\n|\n|t:|1700194945\n|move|p1a: Kleavor|Stone Axe|p2a: Skeled1ck\n|-supereffective|p2a: Skeled1ck\n|-damage|p2a: Skeled1ck|0 fnt\n|faint|p2a: Skeled1ck\n|\n|upkeep\n|inactive|CRIPPYwitdaGRIPPY has 270 seconds left.\n|\n|t:|1700194968\n|switch|p2a: antwan|Slowking, M, shiny|100\/100\n|turn|4\n|\n|t:|1700194972\n|move|p1a: Kleavor|Stone Axe|p2a: antwan|[miss]\n|-miss|p1a: Kleavor|p2a: antwan\n|move|p2a: antwan|Surf|p1a: Kleavor\n|-supereffective|p1a: Kleavor\n|-damage|p1a: Kleavor|0 fnt\n|faint|p1a: Kleavor\n|\n|upkeep\n|\n|t:|1700194980\n|switch|p1a: OU: DA PEX|Toxapex, M|100\/100\n|turn|5\n|\n|t:|1700194987\n|switch|p2a: earthtrtle|Torterra, F|100\/100\n|-damage|p2a: earthtrtle|94\/100|[from] Stealth Rock\n|move|p1a: OU: DA PEX|Toxic|p2a: earthtrtle\n|-status|p2a: earthtrtle|tox\n|\n|-damage|p2a: earthtrtle|88\/100 tox|[from] psn\n|upkeep\n|turn|6\n|\n|t:|1700194997\n|move|p2a: earthtrtle|Bullet Seed|p1a: OU: DA PEX\n|-damage|p1a: OU: DA PEX|93\/100\n|-damage|p1a: OU: DA PEX|84\/100\n|-damage|p1a: OU: DA PEX|76\/100\n|-damage|p1a: OU: DA PEX|68\/100\n|-damage|p1a: OU: DA PEX|59\/100\n|-hitcount|p1a: OU: DA PEX|5\n|move|p1a: OU: DA PEX|Haze|p1a: OU: DA PEX\n|-clearallboost\n|\n|-heal|p1a: OU: DA PEX|66\/100|[from] item: Black Sludge\n|-damage|p2a: earthtrtle|76\/100 tox|[from] psn\n|upkeep\n|turn|7\n|\n|t:|1700195010\n|move|p2a: earthtrtle|Energy Ball|p1a: OU: DA PEX\n|-damage|p1a: OU: DA PEX|48\/100\n|-unboost|p1a: OU: DA PEX|spd|1\n|move|p1a: OU: DA PEX|Recover|p1a: OU: DA PEX\n|-heal|p1a: OU: DA PEX|98\/100\n|\n|-heal|p1a: OU: DA PEX|100\/100|[from] item: Black Sludge\n|-damage|p2a: earthtrtle|58\/100 tox|[from] psn\n|upkeep\n|turn|8\n|\n|t:|1700195033\n|move|p2a: earthtrtle|Energy Ball|p1a: OU: DA PEX\n|-crit|p1a: OU: DA PEX\n|-damage|p1a: OU: DA PEX|58\/100\n|move|p1a: OU: DA PEX|Surf|p2a: earthtrtle\n|-damage|p2a: earthtrtle|35\/100 tox\n|\n|-heal|p1a: OU: DA PEX|64\/100|[from] item: Black Sludge\n|-damage|p2a: earthtrtle|11\/100 tox|[from] psn\n|upkeep\n|turn|9\n|inactive|S3PP1 has 270 seconds left.\n|\n|t:|1700195055\n|switch|p1a: Buggy|Conkeldurr, M|100\/100\n|move|p2a: earthtrtle|Headlong Rush|p1a: Buggy\n|-damage|p1a: Buggy|52\/100\n|-unboost|p2a: earthtrtle|def|1\n|-unboost|p2a: earthtrtle|spd|1\n|\n|-damage|p2a: earthtrtle|0 fnt|[from] psn\n|faint|p2a: earthtrtle\n|-status|p1a: Buggy|brn|[from] item: Flame Orb\n|upkeep\n|\n|t:|1700195074\n|switch|p2a: pink fortunecookie|Zamazenta, shiny|100\/100\n|-ability|p2a: pink fortunecookie|Dauntless Shield|boost\n|-boost|p2a: pink fortunecookie|def|1\n|turn|10\n|\n|t:|1700195080\n|move|p2a: pink fortunecookie|Close Combat|p1a: Buggy\n|-damage|p1a: Buggy|3\/100 brn\n|-unboost|p2a: pink fortunecookie|def|1\n|-unboost|p2a: pink fortunecookie|spd|1\n|move|p1a: Buggy|Drain Punch|p2a: pink fortunecookie\n|-damage|p2a: pink fortunecookie|38\/100\n|-heal|p1a: Buggy|28\/100 brn|[from] drain|[of] p2a: pink fortunecookie\n|\n|-damage|p1a: Buggy|22\/100 brn|[from] brn\n|upkeep\n|turn|11\n|\n|t:|1700195090\n|move|p1a: Buggy|Mach Punch|p2a: pink fortunecookie\n|-damage|p2a: pink fortunecookie|5\/100\n|move|p2a: pink fortunecookie|Close Combat|p1a: Buggy\n|-damage|p1a: Buggy|0 fnt\n|-unboost|p2a: pink fortunecookie|def|1\n|-unboost|p2a: pink fortunecookie|spd|1\n|faint|p1a: Buggy\n|\n|upkeep\n|\n|t:|1700195104\n|switch|p1a: Defibulator|Pawmot, M|100\/100\n|turn|12\n|\n|t:|1700195114\n|move|p1a: Defibulator|Mach Punch|p2a: pink fortunecookie\n|-damage|p2a: pink fortunecookie|0 fnt\n|faint|p2a: pink fortunecookie\n|\n|upkeep\n|\n|t:|1700195126\n|switch|p2a: asian name|Ting-Lu|100\/100\n|-damage|p2a: asian name|94\/100|[from] Stealth Rock\n|-ability|p2a: asian name|Vessel of Ruin\n|turn|13\n|\n|t:|1700195133\n|switch|p1a: Nimbus|Landorus-Therian, M|100\/100\n|-ability|p1a: Nimbus|Intimidate|boost\n|-unboost|p2a: asian name|atk|1\n|move|p2a: asian name|Earthquake|p1a: Nimbus\n|-immune|p1a: Nimbus\n|\n|-heal|p2a: asian name|100\/100|[from] item: Leftovers\n|upkeep\n|turn|14\n|\n|t:|1700195153\n|switch|p2a: antwan|Slowking, M, shiny|100\/100\n|move|p1a: Nimbus|U-turn|p2a: antwan\n|-supereffective|p2a: antwan\n|-damage|p2a: antwan|47\/100\n|\n|t:|1700195156\n|switch|p1a: OU: DA PEX|Toxapex, M|64\/100|[from] U-turn\n|\n|-heal|p1a: OU: DA PEX|71\/100|[from] item: Black Sludge\n|upkeep\n|turn|15\n|\n|t:|1700195163\n|move|p1a: OU: DA PEX|Toxic|p2a: antwan\n|-status|p2a: antwan|tox\n|move|p2a: antwan|Ice Beam|p1a: OU: DA PEX\n|-resisted|p1a: OU: DA PEX\n|-damage|p1a: OU: DA PEX|62\/100\n|\n|-heal|p1a: OU: DA PEX|69\/100|[from] item: Black Sludge\n|-damage|p2a: antwan|41\/100 tox|[from] psn\n|upkeep\n|turn|16\n|\n|t:|1700195174\n|switch|p2a: trop ius|Dipplin, F, shiny|100\/100\n|-damage|p2a: trop ius|88\/100|[from] Stealth Rock\n|-ability|p2a: trop ius|Supersweet Syrup\n|-ability|p2a: trop ius|Supersweet Syrup|boost\n|-unboost|p1a: OU: DA PEX|evasion|1\n|move|p1a: OU: DA PEX|Recover|p1a: OU: DA PEX\n|-heal|p1a: OU: DA PEX|100\/100\n|\n|upkeep\n|turn|17\n|\n|t:|1700195186\n|move|p2a: trop ius|Leaf Storm|p1a: OU: DA PEX\n|-damage|p1a: OU: DA PEX|67\/100\n|-unboost|p2a: trop ius|spa|2\n|move|p1a: OU: DA PEX|Toxic|p2a: trop ius\n|-status|p2a: trop ius|tox\n|\n|-heal|p1a: OU: DA PEX|73\/100|[from] item: Black Sludge\n|-damage|p2a: trop ius|82\/100 tox|[from] psn\n|upkeep\n|turn|18\n|\n|t:|1700195197\n|move|p2a: trop ius|Giga Drain|p1a: OU: DA PEX\n|-damage|p1a: OU: DA PEX|63\/100\n|-heal|p2a: trop ius|86\/100 tox|[from] drain|[of] p1a: OU: DA PEX\n|move|p1a: OU: DA PEX|Recover|p1a: OU: DA PEX\n|-heal|p1a: OU: DA PEX|100\/100\n|\n|-damage|p2a: trop ius|74\/100 tox|[from] psn\n|upkeep\n|turn|19\n|\n|t:|1700195207\n|move|p2a: trop ius|Draco Meteor|p1a: OU: DA PEX\n|-damage|p1a: OU: DA PEX|84\/100\n|-unboost|p2a: trop ius|spa|2\n|move|p1a: OU: DA PEX|Haze|p1a: OU: DA PEX\n|-clearallboost\n|\n|-heal|p1a: OU: DA PEX|91\/100|[from] item: Black Sludge\n|-damage|p2a: trop ius|56\/100 tox|[from] psn\n|upkeep\n|turn|20\n|\n|t:|1700195216\n|move|p2a: trop ius|Leaf Storm|p1a: OU: DA PEX\n|-damage|p1a: OU: DA PEX|56\/100\n|-unboost|p2a: trop ius|spa|2\n|move|p1a: OU: DA PEX|Recover|p1a: OU: DA PEX\n|-heal|p1a: OU: DA PEX|100\/100\n|\n|-damage|p2a: trop ius|31\/100 tox|[from] psn\n|upkeep\n|turn|21\n|\n|t:|1700195229\n|switch|p2a: asian name|Ting-Lu|100\/100\n|-damage|p2a: asian name|94\/100|[from] Stealth Rock\n|-ability|p2a: asian name|Vessel of Ruin\n|move|p1a: OU: DA PEX|Haze|p1a: OU: DA PEX\n|-clearallboost\n|\n|-heal|p2a: asian name|100\/100|[from] item: Leftovers\n|upkeep\n|turn|22\n|\n|t:|1700195241\n|move|p2a: asian name|Stone Edge|p1a: OU: DA PEX\n|-damage|p1a: OU: DA PEX|83\/100\n|move|p1a: OU: DA PEX|Toxic|p2a: asian name\n|-status|p2a: asian name|tox\n|\n|-heal|p1a: OU: DA PEX|89\/100|[from] item: Black Sludge\n|-damage|p2a: asian name|94\/100 tox|[from] psn\n|upkeep\n|turn|23\n|\n|t:|1700195255\n|move|p2a: asian name|Earthquake|p1a: OU: DA PEX\n|-supereffective|p1a: OU: DA PEX\n|-damage|p1a: OU: DA PEX|37\/100\n|move|p1a: OU: DA PEX|Surf|p2a: asian name\n|-supereffective|p2a: asian name\n|-crit|p2a: asian name\n|-damage|p2a: asian name|71\/100 tox\n|\n|-heal|p2a: asian name|77\/100 tox|[from] item: Leftovers\n|-heal|p1a: OU: DA PEX|44\/100|[from] item: Black Sludge\n|-damage|p2a: asian name|65\/100 tox|[from] psn\n|upkeep\n|turn|24\n|j| ArbysDealer23\n|\n|t:|1700195275\n|switch|p1a: Nimbus|Landorus-Therian, M|100\/100\n|-ability|p1a: Nimbus|Intimidate|boost\n|-unboost|p2a: asian name|atk|1\n|move|p2a: asian name|Earthquake|p1a: Nimbus\n|-immune|p1a: Nimbus\n|\n|-heal|p2a: asian name|71\/100 tox|[from] item: Leftovers\n|-damage|p2a: asian name|52\/100 tox|[from] psn\n|upkeep\n|turn|25\n|\n|t:|1700195286\n|switch|p2a: antwan|Slowking, M, shiny|74\/100 tox\n|move|p1a: Nimbus|U-turn|p2a: antwan\n|-supereffective|p2a: antwan\n|-damage|p2a: antwan|20\/100 tox\n|\n|t:|1700195291\n|switch|p1a: OU: DA PEX|Toxapex, M|44\/100|[from] U-turn\n|\n|-heal|p1a: OU: DA PEX|50\/100|[from] item: Black Sludge\n|-damage|p2a: antwan|13\/100 tox|[from] psn\n|upkeep\n|turn|26\n|\n|t:|1700195299\n|switch|p2a: asian name|Ting-Lu|52\/100 tox\n|-damage|p2a: asian name|46\/100 tox|[from] Stealth Rock\n|-ability|p2a: asian name|Vessel of Ruin\n|move|p1a: OU: DA PEX|Recover|p1a: OU: DA PEX\n|-heal|p1a: OU: DA PEX|99\/100\n|\n|-heal|p2a: asian name|52\/100 tox|[from] item: Leftovers\n|-heal|p1a: OU: DA PEX|100\/100|[from] item: Black Sludge\n|-damage|p2a: asian name|46\/100 tox|[from] psn\n|upkeep\n|turn|27\n|\n|t:|1700195310\n|switch|p1a: Nimbus|Landorus-Therian, M|100\/100\n|-ability|p1a: Nimbus|Intimidate|boost\n|-unboost|p2a: asian name|atk|1\n|move|p2a: asian name|Earthquake|p1a: Nimbus\n|-immune|p1a: Nimbus\n|\n|-heal|p2a: asian name|52\/100 tox|[from] item: Leftovers\n|-damage|p2a: asian name|40\/100 tox|[from] psn\n|upkeep\n|turn|28\n|\n|t:|1700195321\n|switch|p2a: trop ius|Dipplin, F, shiny|31\/100 tox\n|-damage|p2a: trop ius|19\/100 tox|[from] Stealth Rock\n|move|p1a: Nimbus|U-turn|p2a: trop ius\n|-supereffective|p2a: trop ius\n|-damage|p2a: trop ius|0 fnt\n|faint|p2a: trop ius\n|\n|t:|1700195325\n|switch|p1a: Lumiere|Chandelure, M|100\/100|[from] U-turn\n|\n|upkeep\n|\n|t:|1700195331\n|switch|p2a: antwan|Slowking, M, shiny|47\/100 tox\n|turn|29\n|j| CrushMeGoodra\n|\n|t:|1700195336\n|move|p1a: Lumiere|Energy Ball|p2a: antwan\n|-supereffective|p2a: antwan\n|-damage|p2a: antwan|0 fnt\n|faint|p2a: antwan\n|\n|upkeep\n|\n|t:|1700195341\n|switch|p2a: asian name|Ting-Lu|40\/100 tox\n|-damage|p2a: asian name|34\/100 tox|[from] Stealth Rock\n|-ability|p2a: asian name|Vessel of Ruin\n|turn|30\n|\n|t:|1700195355\n|move|p1a: Lumiere|Energy Ball|p2a: asian name\n|-supereffective|p2a: asian name\n|-damage|p2a: asian name|0 fnt\n|faint|p2a: asian name\n|\n|win|S3PP1\n|l|\u2606CRIPPYwitdaGRIPPY\n","uploadtime":1700195366,"views":9,"p1id":"s3pp1","p2id":"crippywitdagrippy","formatid":"gen9ou","rating":0,"private":0,"password":""}