{"id":"gen9ou-1996328847","p1":"Upbeatostrich","p2":"Steel Specialist","format":"[Gen 9] OU","log":"|j|\u2606Upbeatostrich\n|j|\u2606Steel Specialist\n|t:|1700671648\n|gametype|singles\n|player|p1|Upbeatostrich|clown|1159\n|player|p2|Steel Specialist|169|1239\n|teamsize|p1|6\n|teamsize|p2|6\n|gen|9\n|tier|[Gen 9] OU\n|rated|\n|rule|Sleep Clause Mod: Limit one foe put to sleep\n|rule|Species Clause: Limit one of each Pok\u00e9mon\n|rule|OHKO Clause: OHKO moves are banned\n|rule|Evasion Items Clause: Evasion items are banned\n|rule|Evasion Moves Clause: Evasion moves are banned\n|rule|Endless Battle Clause: Forcing endless battles is banned\n|rule|HP Percentage Mod: HP is shown in percentages\n|clearpoke\n|poke|p1|Salazzle, F|\n|poke|p1|Clodsire, M|\n|poke|p1|Grafaiai, M|\n|poke|p1|Alomomola, F|\n|poke|p1|Altaria, F|\n|poke|p1|Ting-Lu|\n|poke|p2|Ribombee, F|\n|poke|p2|Samurott-Hisui, M|\n|poke|p2|Maushold|\n|poke|p2|Glimmora, F|\n|poke|p2|Gholdengo|\n|poke|p2|Scizor, M|\n|teampreview\n|inactive|Battle timer is ON: inactive players will automatically lose when time's up. (requested by Upbeatostrich)\n|\n|t:|1700671678\n|start\n|switch|p1a: Big|Clodsire, M|100\/100\n|switch|p2a: Glimmora|Glimmora, F|100\/100\n|turn|1\n|inactive|Steel Specialist has 120 seconds left.\n|\n|t:|1700671718\n|switch|p2a: \"Samurott\"|Samurott-Hisui, M, shiny|100\/100\n|move|p1a: Big|Toxic Spikes|p2a: \"Samurott\"\n|-sidestart|p2: Steel Specialist|move: Toxic Spikes\n|\n|upkeep\n|turn|2\n|\n|t:|1700671725\n|switch|p1a: Cupid|Alomomola, F, shiny|100\/100\n|move|p2a: \"Samurott\"|Aqua Cutter|p1a: Cupid\n|-resisted|p1a: Cupid\n|-crit|p1a: Cupid\n|-damage|p1a: Cupid|78\/100\n|\n|upkeep\n|turn|3\n|\n|t:|1700671732\n|move|p2a: \"Samurott\"|Ceaseless Edge|p1a: Cupid\n|-damage|p1a: Cupid|50\/100\n|-sidestart|p1: Upbeatostrich|Spikes\n|move|p1a: Cupid|Whirlpool|p2a: \"Samurott\"\n|-resisted|p2a: \"Samurott\"\n|-damage|p2a: \"Samurott\"|96\/100\n|-activate|p2a: \"Samurott\"|move: Whirlpool|[of] p1a: Cupid\n|\n|-damage|p2a: \"Samurott\"|83\/100|[from] move: Whirlpool|[partiallytrapped]\n|upkeep\n|turn|4\n|\n|t:|1700671742\n|move|p1a: Cupid|Protect|p1a: Cupid\n|-singleturn|p1a: Cupid|Protect\n|move|p2a: \"Samurott\"|Encore|p1a: Cupid\n|-activate|p1a: Cupid|move: Protect\n|\n|-damage|p2a: \"Samurott\"|71\/100|[from] move: Whirlpool|[partiallytrapped]\n|upkeep\n|turn|5\n|\n|t:|1700671765\n|move|p2a: \"Samurott\"|Ceaseless Edge|p1a: Cupid\n|-damage|p1a: Cupid|25\/100\n|-sidestart|p1: Upbeatostrich|Spikes\n|move|p1a: Cupid|Chilling Water|p2a: \"Samurott\"\n|-resisted|p2a: \"Samurott\"\n|-damage|p2a: \"Samurott\"|64\/100\n|-unboost|p2a: \"Samurott\"|atk|1\n|\n|-damage|p2a: \"Samurott\"|51\/100|[from] move: Whirlpool|[partiallytrapped]\n|upkeep\n|turn|6\n|\n|t:|1700671778\n|move|p2a: \"Samurott\"|Ceaseless Edge|p1a: Cupid\n|-damage|p1a: Cupid|7\/100\n|-sidestart|p1: Upbeatostrich|Spikes\n|move|p1a: Cupid|Wish|p1a: Cupid\n|\n|-damage|p2a: \"Samurott\"|39\/100|[from] move: Whirlpool|[partiallytrapped]\n|upkeep\n|turn|7\n|\n|t:|1700671788\n|move|p1a: Cupid|Protect|p1a: Cupid\n|-singleturn|p1a: Cupid|Protect\n|move|p2a: \"Samurott\"|Ceaseless Edge|p1a: Cupid\n|-activate|p1a: Cupid|move: Protect\n|\n|-heal|p1a: Cupid|57\/100|[from] move: Wish|[wisher] Cupid\n|-end|p2a: \"Samurott\"|Whirlpool|[partiallytrapped]\n|upkeep\n|turn|8\n|\n|t:|1700671797\n|move|p2a: \"Samurott\"|Encore|p1a: Cupid\n|-start|p1a: Cupid|Encore\n|move|p1a: Cupid|Protect||[still]\n|-fail|p1a: Cupid\n|\n|upkeep\n|turn|9\n|\n|t:|1700671809\n|switch|p2a: Glimmora|Glimmora, F|100\/100\n|-sideend|p2: Steel Specialist|move: Toxic Spikes|[of] p2a: Glimmora\n|switch|p1a: Whistle|Ting-Lu|100\/100\n|-ability|p1a: Whistle|Vessel of Ruin\n|\n|upkeep\n|turn|10\n|\n|t:|1700671817\n|move|p2a: Glimmora|Dazzling Gleam|p1a: Whistle\n|-supereffective|p1a: Whistle\n|-damage|p1a: Whistle|68\/100\n|move|p1a: Whistle|Ruination|p2a: Glimmora\n|-damage|p2a: Glimmora|51\/100\n|\n|upkeep\n|turn|11\n|\n|t:|1700671829\n|switch|p1a: Big|Clodsire, M|100\/100\n|move|p2a: Glimmora|Dazzling Gleam|p1a: Big\n|-resisted|p1a: Big\n|-damage|p1a: Big|93\/100\n|\n|upkeep\n|turn|12\n|\n|t:|1700671849\n|move|p2a: Glimmora|Earth Power|p1a: Big\n|-supereffective|p1a: Big\n|-crit|p1a: Big\n|-damage|p1a: Big|44\/100\n|move|p1a: Big|Toxic Spikes|p2a: Glimmora\n|-sidestart|p2: Steel Specialist|move: Toxic Spikes\n|\n|upkeep\n|turn|13\n|\n|t:|1700671861\n|switch|p2a: Gholdengo|Gholdengo|100\/100\n|switch|p1a: Sweetie|Altaria, F, shiny|100\/100\n|\n|upkeep\n|turn|14\n|\n|t:|1700671871\n|move|p2a: Gholdengo|Nasty Plot|p2a: Gholdengo\n|-boost|p2a: Gholdengo|spa|2\n|move|p1a: Sweetie|Fire Spin|p2a: Gholdengo\n|-supereffective|p2a: Gholdengo\n|-damage|p2a: Gholdengo|89\/100\n|-activate|p2a: Gholdengo|move: Fire Spin|[of] p1a: Sweetie\n|\n|-heal|p2a: Gholdengo|95\/100|[from] item: Leftovers\n|-damage|p2a: Gholdengo|83\/100|[from] move: Fire Spin|[partiallytrapped]\n|upkeep\n|turn|15\n|\n|t:|1700671885\n|move|p2a: Gholdengo|Make It Rain|p1a: Sweetie\n|-damage|p1a: Sweetie|0 fnt\n|-unboost|p2a: Gholdengo|spa|1\n|faint|p1a: Sweetie\n|\n|-heal|p2a: Gholdengo|89\/100|[from] item: Leftovers\n|-end|p2a: Gholdengo|Fire Spin|[partiallytrapped]|[silent]\n|upkeep\n|\n|t:|1700671896\n|switch|p1a: Smack Ya|Salazzle, F, shiny|100\/100\n|turn|16\n|\n|t:|1700671908\n|move|p1a: Smack Ya|Overheat|p2a: Gholdengo\n|-supereffective|p2a: Gholdengo\n|-damage|p2a: Gholdengo|0 fnt\n|-unboost|p1a: Smack Ya|spa|2\n|faint|p2a: Gholdengo\n|\n|upkeep\n|\n|t:|1700671917\n|switch|p2a: Glimmora|Glimmora, F|51\/100\n|-sideend|p2: Steel Specialist|move: Toxic Spikes|[of] p2a: Glimmora\n|turn|17\n|\n|t:|1700671927\n|switch|p1a: Cupid|Alomomola, F, shiny|91\/100\n|move|p2a: Glimmora|Power Gem|p1a: Cupid\n|-damage|p1a: Cupid|41\/100\n|\n|upkeep\n|turn|18\n|\n|t:|1700671956\n|move|p1a: Cupid|Protect|p1a: Cupid\n|-singleturn|p1a: Cupid|Protect\n|move|p2a: Glimmora|Power Gem|p1a: Cupid\n|-activate|p1a: Cupid|move: Protect\n|\n|upkeep\n|turn|19\n|inactive|Upbeatostrich has 120 seconds left.\n|\n|t:|1700671972\n|switch|p1a: Mole|Grafaiai, M, shiny|100\/100\n|-damage|p1a: Mole|76\/100|[from] Spikes\n|move|p2a: Glimmora|Power Gem|p1a: Mole\n|-damage|p1a: Mole|11\/100\n|\n|upkeep\n|turn|20\n|inactive|Upbeatostrich has 120 seconds left.\n|\n|t:|1700671993\n|switch|p2a: \"Samurott\"|Samurott-Hisui, M, shiny|39\/100\n|-terastallize|p1a: Mole|Flying\n|move|p1a: Mole|Dig||[still]\n|-prepare|p1a: Mole|Dig\n|\n|upkeep\n|turn|21\n|\n|t:|1700672003\n|move|p2a: \"Samurott\"|Aqua Cutter|p1a: Mole|[miss]\n|-miss|p2a: \"Samurott\"|p1a: Mole\n|move|p1a: Mole|Dig|p2a: \"Samurott\"|[from]lockedmove\n|-damage|p2a: \"Samurott\"|7\/100\n|\n|upkeep\n|turn|22\n|inactive|Upbeatostrich has 120 seconds left.\n|-enditem|p2a: \"Samurott\"|Custap Berry|[eat]\n|-activate|p2a: \"Samurott\"|item: Custap Berry|[consumed]\n|\n|t:|1700672009\n|move|p1a: Mole|Copycat|p1a: Mole\n|move|p1a: Mole|Dig||[from]move: Copycat|[still]\n|-prepare|p1a: Mole|Dig\n|move|p2a: \"Samurott\"|Aqua Cutter|p1a: Mole|[miss]\n|-miss|p2a: \"Samurott\"|p1a: Mole\n|\n|upkeep\n|turn|23\n|\n|t:|1700672018\n|move|p2a: \"Samurott\"|Aqua Cutter|p1a: Mole|[miss]\n|-miss|p2a: \"Samurott\"|p1a: Mole\n|move|p1a: Mole|Dig|p2a: \"Samurott\"|[from]lockedmove\n|-crit|p2a: \"Samurott\"\n|-damage|p2a: \"Samurott\"|0 fnt\n|faint|p2a: \"Samurott\"\n|\n|upkeep\n|\n|t:|1700672020\n|switch|p2a: Scizor|Scizor, M|100\/100\n|turn|24\n|\n|t:|1700672040\n|move|p2a: Scizor|Bullet Punch|p1a: Mole\n|-damage|p1a: Mole|0 fnt\n|faint|p1a: Mole\n|\n|upkeep\n|\n|t:|1700672045\n|switch|p1a: Smack Ya|Salazzle, F, shiny|100\/100\n|turn|25\n|\n|t:|1700672050\n|switch|p2a: Glimmora|Glimmora, F|51\/100\n|move|p1a: Smack Ya|Toxic|p2a: Glimmora\n|-status|p2a: Glimmora|tox\n|\n|-damage|p2a: Glimmora|44\/100 tox|[from] psn\n|upkeep\n|turn|26\n|\n|t:|1700672069\n|switch|p1a: Cupid|Alomomola, F, shiny|74\/100\n|move|p2a: Glimmora|Earth Power|p1a: Cupid\n|-crit|p1a: Cupid\n|-damage|p1a: Cupid|19\/100\n|\n|-damage|p2a: Glimmora|32\/100 tox|[from] psn\n|upkeep\n|turn|27\n|inactive|Steel Specialist has 120 seconds left.\n|\n|t:|1700672100\n|move|p2a: Glimmora|Earth Power|p1a: Cupid\n|-damage|p1a: Cupid|0 fnt\n|faint|p1a: Cupid\n|\n|-damage|p2a: Glimmora|14\/100 tox|[from] psn\n|upkeep\n|\n|t:|1700672111\n|switch|p1a: Big|Clodsire, M|44\/100\n|turn|28\n|\n|t:|1700672115\n|move|p2a: Glimmora|Earth Power|p1a: Big\n|-supereffective|p1a: Big\n|-damage|p1a: Big|11\/100\n|-unboost|p1a: Big|spd|1\n|move|p1a: Big|Toxic Spikes|p2a: Glimmora\n|-sidestart|p2: Steel Specialist|move: Toxic Spikes\n|\n|-damage|p2a: Glimmora|0 fnt|[from] psn\n|faint|p2a: Glimmora\n|upkeep\n|inactive|Steel Specialist has 120 seconds left.\n|\n|t:|1700672139\n|switch|p2a: Childuahua|Maushold|100\/100\n|-status|p2a: Childuahua|psn\n|turn|29\n|\n|t:|1700672150\n|move|p2a: Childuahua|Encore|p1a: Big\n|-start|p1a: Big|Encore\n|move|p1a: Big|Toxic Spikes|p2a: Childuahua\n|-sidestart|p2: Steel Specialist|move: Toxic Spikes\n|\n|-damage|p2a: Childuahua|88\/100 psn|[from] psn\n|upkeep\n|turn|30\n|\n|t:|1700672161\n|switch|p1a: Smack Ya|Salazzle, F, shiny|100\/100\n|move|p2a: Childuahua|Tidy Up|p2a: Childuahua\n|-sideend|p2: Steel Specialist|Toxic Spikes\n|-sideend|p1: Upbeatostrich|Spikes\n|-activate|p2a: Childuahua|move: Tidy Up\n|-boost|p2a: Childuahua|atk|1\n|-boost|p2a: Childuahua|spe|1\n|\n|-damage|p2a: Childuahua|76\/100 psn|[from] psn\n|upkeep\n|turn|31\n|\n|t:|1700672172\n|move|p1a: Smack Ya|Fake Out|p2a: Childuahua\n|-damage|p2a: Childuahua|65\/100 psn\n|cant|p2a: Childuahua|flinch\n|\n|-damage|p2a: Childuahua|52\/100 psn|[from] psn\n|upkeep\n|turn|32\n|\n|t:|1700672183\n|switch|p1a: Big|Clodsire, M|11\/100\n|move|p2a: Childuahua|Population Bomb|p1a: Big\n|-damage|p1a: Big|0 fnt\n|faint|p1a: Big\n|-hitcount|p1: Big|1\n|\n|-damage|p2a: Childuahua|40\/100 psn|[from] psn\n|upkeep\n|\n|t:|1700672193\n|switch|p1a: Smack Ya|Salazzle, F, shiny|100\/100\n|turn|33\n|\n|t:|1700672198\n|move|p1a: Smack Ya|Fake Out|p2a: Childuahua\n|-damage|p2a: Childuahua|30\/100 psn\n|cant|p2a: Childuahua|flinch\n|\n|-damage|p2a: Childuahua|17\/100 psn|[from] psn\n|upkeep\n|turn|34\n|\n|t:|1700672206\n|switch|p1a: Whistle|Ting-Lu|68\/100\n|-ability|p1a: Whistle|Vessel of Ruin\n|move|p2a: Childuahua|Population Bomb|p1a: Whistle\n|-damage|p1a: Whistle|62\/100\n|-damage|p1a: Whistle|55\/100\n|-damage|p1a: Whistle|49\/100\n|-damage|p1a: Whistle|42\/100\n|-damage|p1a: Whistle|35\/100\n|-damage|p1a: Whistle|29\/100\n|-damage|p1a: Whistle|22\/100\n|-damage|p1a: Whistle|16\/100\n|-damage|p1a: Whistle|9\/100\n|-hitcount|p1a: Whistle|9\n|\n|-damage|p2a: Childuahua|5\/100 psn|[from] psn\n|upkeep\n|turn|35\n|\n|t:|1700672225\n|move|p2a: Childuahua|Population Bomb|p1a: Whistle\n|-damage|p1a: Whistle|1\/100\n|-damage|p1a: Whistle|0 fnt\n|faint|p1a: Whistle\n|-hitcount|p1: Whistle|2\n|\n|-damage|p2a: Childuahua|0 fnt|[from] psn\n|faint|p2a: Childuahua\n|upkeep\n|\n|t:|1700672240\n|switch|p2a: Scizor|Scizor, M|100\/100\n|switch|p1a: Smack Ya|Salazzle, F, shiny|100\/100\n|turn|36\n|\n|t:|1700672247\n|move|p1a: Smack Ya|Fake Out|p2a: Scizor\n|-resisted|p2a: Scizor\n|-damage|p2a: Scizor|97\/100\n|cant|p2a: Scizor|flinch\n|\n|upkeep\n|turn|37\n|\n|t:|1700672253\n|move|p2a: Scizor|Bullet Punch|p1a: Smack Ya\n|-resisted|p1a: Smack Ya\n|-damage|p1a: Smack Ya|52\/100\n|move|p1a: Smack Ya|Overheat|p2a: Scizor\n|-supereffective|p2a: Scizor\n|-damage|p2a: Scizor|0 fnt\n|-unboost|p1a: Smack Ya|spa|2\n|faint|p2a: Scizor\n|\n|upkeep\n|\n|t:|1700672257\n|switch|p2a: Bloodbat|Ribombee, F, shiny|100\/100\n|turn|38\n|\n|t:|1700672264\n|-terastallize|p2a: Bloodbat|Fairy\n|move|p1a: Smack Ya|Overheat|p2a: Bloodbat\n|-damage|p2a: Bloodbat|54\/100\n|-unboost|p1a: Smack Ya|spa|2\n|move|p2a: Bloodbat|Moonblast|p1a: Smack Ya\n|-resisted|p1a: Smack Ya\n|-damage|p1a: Smack Ya|22\/100\n|-unboost|p1a: Smack Ya|spa|1\n|\n|upkeep\n|turn|39\n|\n|t:|1700672275\n|move|p1a: Smack Ya|Overheat|p2a: Bloodbat\n|-damage|p2a: Bloodbat|24\/100\n|-unboost|p1a: Smack Ya|spa|1\n|move|p2a: Bloodbat|Moonblast|p1a: Smack Ya\n|-resisted|p1a: Smack Ya\n|-damage|p1a: Smack Ya|0 fnt\n|faint|p1a: Smack Ya\n|\n|win|Steel Specialist\n|raw|Upbeatostrich's rating: 1159 &rarr; <strong>1140<\/strong><br \/>(-19 for losing)\n|raw|Steel Specialist's rating: 1239 &rarr; <strong>1258<\/strong><br \/>(+19 for winning)\n","uploadtime":1700672285,"views":1,"p1id":"upbeatostrich","p2id":"steelspecialist","formatid":"gen9ou","rating":1140,"private":0,"password":""}