{"id":"gen9ou-1997649800","p1":"Silly Croco","p2":"sgniupf42","format":"[Gen 9] OU","log":"|j|\u2606Silly Croco\n|j|\u2606sgniupf42\n|t:|1700837503\n|gametype|singles\n|player|p1|Silly Croco|alec-anime|1203\n|player|p2|sgniupf42|petrel|1165\n|teamsize|p1|6\n|teamsize|p2|6\n|gen|9\n|tier|[Gen 9] OU\n|rated|\n|rule|Sleep Clause Mod: Limit one foe put to sleep\n|rule|Species Clause: Limit one of each Pok\u00e9mon\n|rule|OHKO Clause: OHKO moves are banned\n|rule|Evasion Items Clause: Evasion items are banned\n|rule|Evasion Moves Clause: Evasion moves are banned\n|rule|Endless Battle Clause: Forcing endless battles is banned\n|rule|HP Percentage Mod: HP is shown in percentages\n|clearpoke\n|poke|p1|Zapdos|\n|poke|p1|Heatran, F|\n|poke|p1|Great Tusk|\n|poke|p1|Rillaboom, F|\n|poke|p1|Weavile, F|\n|poke|p1|Manaphy|\n|poke|p2|Alomomola, F|\n|poke|p2|Gholdengo|\n|poke|p2|Great Tusk|\n|poke|p2|Cinderace, F|\n|poke|p2|Kommo-o, F|\n|poke|p2|Ogerpon, F|\n|teampreview\n|inactive|Battle timer is ON: inactive players will automatically lose when time's up. (requested by sgniupf42)\n|\n|t:|1700837528\n|start\n|switch|p1a: Zippy Burb|Zapdos|100\/100\n|switch|p2a: Kommo-o|Kommo-o, F, shiny|100\/100\n|turn|1\n|\n|t:|1700837547\n|switch|p2a: Gholdengo|Gholdengo|100\/100\n|move|p1a: Zippy Burb|Thunder Wave|p2a: Gholdengo\n|-immune|p2a: Gholdengo|[from] ability: Good as Gold\n|\n|upkeep\n|turn|2\n|\n|t:|1700837553\n|move|p1a: Zippy Burb|Volt Switch|p2a: Gholdengo\n|-damage|p2a: Gholdengo|73\/100\n|\n|t:|1700837558\n|switch|p1a: He Ran|Heatran, F|100\/100|[from] Volt Switch\n|move|p2a: Gholdengo|Hex|p1a: He Ran\n|-damage|p1a: He Ran|76\/100\n|\n|-heal|p2a: Gholdengo|79\/100|[from] item: Leftovers\n|-heal|p1a: He Ran|82\/100|[from] item: Leftovers\n|upkeep\n|turn|3\n|\n|t:|1700837585\n|switch|p2a: Alomomola|Alomomola, F, shiny|100\/100\n|move|p1a: He Ran|Magma Storm|p2a: Alomomola\n|-resisted|p2a: Alomomola\n|-damage|p2a: Alomomola|81\/100\n|-activate|p2a: Alomomola|move: Magma Storm|[of] p1a: He Ran\n|-enditem|p2a: Alomomola|Red Card|[of] p1a: He Ran\n|drag|p1a: Mr.Popsicles|Weavile, F|100\/100\n|-ability|p1a: Mr.Popsicles|Pressure\n|\n|-end|p2a: Alomomola|Magma Storm|[partiallytrapped]|[silent]\n|upkeep\n|turn|4\n|\n|t:|1700837596\n|move|p1a: Mr.Popsicles|Knock Off|p2a: Alomomola\n|-damage|p2a: Alomomola|62\/100\n|move|p2a: Alomomola|Scald|p1a: Mr.Popsicles\n|-damage|p1a: Mr.Popsicles|81\/100\n|-status|p1a: Mr.Popsicles|brn\n|\n|-damage|p1a: Mr.Popsicles|75\/100 brn|[from] brn\n|upkeep\n|turn|5\n|\n|t:|1700837605\n|switch|p1a: Zippy Burb|Zapdos|100\/100\n|move|p2a: Alomomola|Wish|p2a: Alomomola\n|\n|upkeep\n|turn|6\n|\n|t:|1700837615\n|switch|p2a: Great Tusk|Great Tusk|100\/100\n|move|p1a: Zippy Burb|Volt Switch|p2a: Great Tusk\n|-immune|p2a: Great Tusk\n|\n|upkeep\n|turn|7\n|\n|t:|1700837621\n|move|p2a: Great Tusk|Stealth Rock|p1a: Zippy Burb\n|-sidestart|p1: Silly Croco|move: Stealth Rock\n|move|p1a: Zippy Burb|Hurricane|p2a: Great Tusk\n|-supereffective|p2a: Great Tusk\n|-damage|p2a: Great Tusk|0 fnt\n|faint|p2a: Great Tusk\n|-end|p2a: Great Tusk|Protosynthesis|[silent]\n|\n|upkeep\n|\n|t:|1700837639\n|switch|p2a: Kommo-o|Kommo-o, F, shiny|100\/100\n|turn|8\n|\n|t:|1700837657\n|-terastallize|p2a: Kommo-o|Steel\n|move|p1a: Zippy Burb|Thunder Wave|p2a: Kommo-o\n|-status|p2a: Kommo-o|par\n|move|p2a: Kommo-o|Clangorous Soul|p2a: Kommo-o\n|-boost|p2a: Kommo-o|atk|1\n|-boost|p2a: Kommo-o|def|1\n|-boost|p2a: Kommo-o|spa|1\n|-boost|p2a: Kommo-o|spd|1\n|-boost|p2a: Kommo-o|spe|1\n|-damage|p2a: Kommo-o|68\/100 par\n|-enditem|p2a: Kommo-o|Throat Spray\n|-boost|p2a: Kommo-o|spa|1|[from] item: Throat Spray\n|\n|upkeep\n|turn|9\n|\n|t:|1700837668\n|move|p1a: Zippy Burb|Volt Switch|p2a: Kommo-o\n|-damage|p2a: Kommo-o|47\/100 par\n|\n|t:|1700837681\n|switch|p1a: He Ran|Heatran, F|82\/100|[from] Volt Switch\n|-damage|p1a: He Ran|70\/100|[from] Stealth Rock\n|move|p2a: Kommo-o|Clanging Scales|p1a: He Ran\n|-resisted|p1a: He Ran\n|-damage|p1a: He Ran|41\/100\n|-unboost|p2a: Kommo-o|def|1\n|\n|-heal|p1a: He Ran|47\/100|[from] item: Leftovers\n|upkeep\n|turn|10\n|inactive|Silly Croco has 120 seconds left.\n|\n|t:|1700837711\n|switch|p1a: Mr.Popsicles|Weavile, F|75\/100 brn\n|-damage|p1a: Mr.Popsicles|50\/100 brn|[from] Stealth Rock\n|-ability|p1a: Mr.Popsicles|Pressure\n|move|p2a: Kommo-o|Aura Sphere|p1a: Mr.Popsicles\n|-supereffective|p1a: Mr.Popsicles\n|-damage|p1a: Mr.Popsicles|0 fnt\n|faint|p1a: Mr.Popsicles\n|\n|upkeep\n|\n|t:|1700837726\n|switch|p1a: honk honk|Great Tusk|100\/100\n|turn|11\n|\n|t:|1700837735\n|move|p1a: honk honk|Headlong Rush|p2a: Kommo-o\n|-supereffective|p2a: Kommo-o\n|-damage|p2a: Kommo-o|0 fnt\n|-unboost|p1a: honk honk|def|1\n|-unboost|p1a: honk honk|spd|1\n|faint|p2a: Kommo-o\n|\n|upkeep\n|\n|t:|1700837748\n|switch|p2a: Ogerpon|Ogerpon, F|100\/100\n|turn|12\n|\n|t:|1700837754\n|-end|p1a: honk honk|Protosynthesis|[silent]\n|switch|p1a: Zippy Burb|Zapdos|100\/100\n|move|p2a: Ogerpon|Ivy Cudgel|p1a: Zippy Burb\n|-resisted|p1a: Zippy Burb\n|-crit|p1a: Zippy Burb\n|-damage|p1a: Zippy Burb|65\/100\n|\n|upkeep\n|turn|13\n|inactive|Silly Croco has 120 seconds left.\n|\n|t:|1700837787\n|switch|p2a: Gholdengo|Gholdengo|79\/100\n|move|p1a: Zippy Burb|Hurricane|p2a: Gholdengo\n|-resisted|p2a: Gholdengo\n|-damage|p2a: Gholdengo|57\/100\n|\n|-heal|p2a: Gholdengo|63\/100|[from] item: Leftovers\n|upkeep\n|turn|14\n|\n|t:|1700837816\n|move|p1a: Zippy Burb|Volt Switch|p2a: Gholdengo\n|-damage|p2a: Gholdengo|33\/100\n|inactive|Silly Croco has 120 seconds left.\n|\n|t:|1700837825\n|switch|p1a: He Ran|Heatran, F|47\/100|[from] Volt Switch\n|-damage|p1a: He Ran|35\/100|[from] Stealth Rock\n|move|p2a: Gholdengo|Make It Rain|p1a: He Ran\n|-resisted|p1a: He Ran\n|-damage|p1a: He Ran|23\/100\n|-unboost|p2a: Gholdengo|spa|1\n|\n|-heal|p2a: Gholdengo|39\/100|[from] item: Leftovers\n|-heal|p1a: He Ran|30\/100|[from] item: Leftovers\n|upkeep\n|turn|15\n|\n|t:|1700837838\n|switch|p2a: Alomomola|Alomomola, F, shiny|95\/100\n|move|p1a: He Ran|Magma Storm|p2a: Alomomola\n|-resisted|p2a: Alomomola\n|-damage|p2a: Alomomola|77\/100\n|-activate|p2a: Alomomola|move: Magma Storm|[of] p1a: He Ran\n|\n|-heal|p1a: He Ran|36\/100|[from] item: Leftovers\n|-damage|p2a: Alomomola|64\/100|[from] move: Magma Storm|[partiallytrapped]\n|upkeep\n|turn|16\n|\n|t:|1700837846\n|move|p1a: He Ran|Taunt|p2a: Alomomola\n|-start|p2a: Alomomola|move: Taunt\n|cant|p2a: Alomomola|move: Taunt|Wish\n|\n|-heal|p1a: He Ran|42\/100|[from] item: Leftovers\n|-damage|p2a: Alomomola|52\/100|[from] move: Magma Storm|[partiallytrapped]\n|upkeep\n|turn|17\n|\n|t:|1700837854\n|move|p1a: He Ran|Earth Power|p2a: Alomomola\n|-damage|p2a: Alomomola|28\/100\n|move|p2a: Alomomola|Flip Turn|p1a: He Ran\n|-supereffective|p1a: He Ran\n|-damage|p1a: He Ran|11\/100\n|\n|t:|1700837861\n|switch|p2a: Ogerpon|Ogerpon, F|100\/100|[from] Flip Turn\n|\n|-heal|p1a: He Ran|17\/100|[from] item: Leftovers\n|upkeep\n|turn|18\n|\n|t:|1700837866\n|move|p1a: He Ran|Protect|p1a: He Ran\n|-singleturn|p1a: He Ran|Protect\n|move|p2a: Ogerpon|Stomping Tantrum|p1a: He Ran\n|-activate|p1a: He Ran|move: Protect\n|\n|-heal|p1a: He Ran|23\/100|[from] item: Leftovers\n|upkeep\n|turn|19\n|\n|t:|1700837880\n|switch|p1a: Zippy Burb|Zapdos|65\/100\n|move|p2a: Ogerpon|Knock Off|p1a: Zippy Burb\n|-damage|p1a: Zippy Burb|34\/100\n|-status|p2a: Ogerpon|par|[from] ability: Static|[of] p1a: Zippy Burb\n|-enditem|p1a: Zippy Burb|Heavy-Duty Boots|[from] move: Knock Off|[of] p2a: Ogerpon\n|\n|upkeep\n|turn|20\n|\n|t:|1700837906\n|switch|p2a: Gholdengo|Gholdengo|39\/100\n|move|p1a: Zippy Burb|Roost|p1a: Zippy Burb\n|-heal|p1a: Zippy Burb|84\/100\n|-singleturn|p1a: Zippy Burb|move: Roost\n|\n|-heal|p2a: Gholdengo|45\/100|[from] item: Leftovers\n|upkeep\n|turn|21\n|\n|t:|1700837920\n|move|p1a: Zippy Burb|Volt Switch|p2a: Gholdengo\n|-damage|p2a: Gholdengo|16\/100\n|\n|t:|1700837944\n|switch|p1a: honk honk|Great Tusk|100\/100|[from] Volt Switch\n|move|p2a: Gholdengo|Recover|p2a: Gholdengo\n|-heal|p2a: Gholdengo|66\/100\n|\n|-heal|p2a: Gholdengo|72\/100|[from] item: Leftovers\n|upkeep\n|turn|22\n|inactive|Silly Croco has 120 seconds left.\n|\n|t:|1700837973\n|switch|p2a: Alomomola|Alomomola, F, shiny|62\/100\n|move|p1a: honk honk|Headlong Rush|p2a: Alomomola\n|-damage|p2a: Alomomola|28\/100\n|-unboost|p1a: honk honk|def|1\n|-unboost|p1a: honk honk|spd|1\n|\n|upkeep\n|turn|23\n|\n|t:|1700837983\n|move|p1a: honk honk|Headlong Rush|p2a: Alomomola\n|-damage|p2a: Alomomola|0 fnt\n|-unboost|p1a: honk honk|def|1\n|-unboost|p1a: honk honk|spd|1\n|faint|p2a: Alomomola\n|\n|upkeep\n|\n|t:|1700837986\n|switch|p2a: Ogerpon|Ogerpon, F|100\/100 par\n|turn|24\n|inactive|Silly Croco has 120 seconds left.\n|\n|t:|1700837999\n|move|p1a: honk honk|Rapid Spin|p2a: Ogerpon\n|-damage|p2a: Ogerpon|81\/100 par\n|-boost|p1a: honk honk|spe|1\n|-sideend|p1: Silly Croco|Stealth Rock|[from] move: Rapid Spin|[of] p1a: honk honk\n|move|p2a: Ogerpon|Ivy Cudgel|p1a: honk honk\n|-supereffective|p1a: honk honk\n|-damage|p1a: honk honk|0 fnt\n|faint|p1a: honk honk\n|-end|p1a: honk honk|Protosynthesis|[silent]\n|\n|upkeep\n|inactive|Silly Croco has 120 seconds left.\n|\n|t:|1700838029\n|switch|p1a: Sniper Monke|Rillaboom, F|100\/100\n|-fieldstart|move: Grassy Terrain|[from] ability: Grassy Surge|[of] p1a: Sniper Monke\n|turn|25\n|\n|t:|1700838040\n|move|p1a: Sniper Monke|U-turn|p2a: Ogerpon\n|-supereffective|p2a: Ogerpon\n|-damage|p2a: Ogerpon|0 fnt\n|faint|p2a: Ogerpon\n|\n|t:|1700838046\n|switch|p1a: He Ran|Heatran, F|23\/100|[from] U-turn\n|\n|-heal|p1a: He Ran|30\/100|[from] Grassy Terrain\n|-heal|p1a: He Ran|36\/100|[from] item: Leftovers\n|upkeep\n|\n|t:|1700838067\n|switch|p2a: Gholdengo|Gholdengo|72\/100\n|turn|26\n|inactive|Silly Croco has 120 seconds left.\n|\n|t:|1700838075\n|move|p2a: Gholdengo|Hex|p1a: He Ran\n|-damage|p1a: He Ran|10\/100\n|move|p1a: He Ran|Magma Storm|p2a: Gholdengo\n|-supereffective|p2a: Gholdengo\n|-damage|p2a: Gholdengo|0 fnt\n|faint|p2a: Gholdengo\n|\n|-heal|p1a: He Ran|16\/100|[from] Grassy Terrain\n|-heal|p1a: He Ran|23\/100|[from] item: Leftovers\n|upkeep\n|\n|t:|1700838085\n|switch|p2a: Cinderace|Cinderace, F|100\/100\n|turn|27\n|\n|t:|1700838090\n|move|p1a: He Ran|Protect|p1a: He Ran\n|-singleturn|p1a: He Ran|Protect\n|move|p2a: Cinderace|Pyro Ball|p1a: He Ran\n|-activate|p1a: He Ran|move: Protect\n|\n|-heal|p1a: He Ran|29\/100|[from] Grassy Terrain\n|-heal|p1a: He Ran|35\/100|[from] item: Leftovers\n|upkeep\n|turn|28\n|\n|t:|1700838095\n|move|p2a: Cinderace|Pyro Ball|p1a: He Ran\n|-start|p1a: He Ran|ability: Flash Fire\n|move|p1a: He Ran|Earth Power|p2a: Cinderace\n|-supereffective|p2a: Cinderace\n|-damage|p2a: Cinderace|25\/100\n|\n|-heal|p2a: Cinderace|31\/100|[from] Grassy Terrain\n|-heal|p1a: He Ran|41\/100|[from] Grassy Terrain\n|-heal|p1a: He Ran|47\/100|[from] item: Leftovers\n|upkeep\n|turn|29\n|c|\u2606sgniupf42|gg\n|\n|t:|1700838104\n|move|p2a: Cinderace|U-turn|p1a: He Ran\n|-start|p2a: Cinderace|typechange|Bug|[from] ability: Libero\n|-resisted|p1a: He Ran\n|-damage|p1a: He Ran|40\/100\n|move|p1a: He Ran|Earth Power|p2a: Cinderace\n|-resisted|p2a: Cinderace\n|-damage|p2a: Cinderace|11\/100\n|\n|-heal|p2a: Cinderace|17\/100|[from] Grassy Terrain\n|-heal|p1a: He Ran|47\/100|[from] Grassy Terrain\n|-heal|p1a: He Ran|53\/100|[from] item: Leftovers\n|-fieldend|move: Grassy Terrain\n|upkeep\n|turn|30\n|c|\u2606Silly Croco|ggs mate\n|\n|t:|1700838114\n|move|p2a: Cinderace|U-turn|p1a: He Ran\n|-resisted|p1a: He Ran\n|-crit|p1a: He Ran\n|-damage|p1a: He Ran|42\/100\n|move|p1a: He Ran|Earth Power|p2a: Cinderace\n|-resisted|p2a: Cinderace\n|-damage|p2a: Cinderace|0 fnt\n|faint|p2a: Cinderace\n|\n|win|Silly Croco\n|raw|Silly Croco's rating: 1203 &rarr; <strong>1225<\/strong><br \/>(+22 for winning)\n|raw|sgniupf42's rating: 1165 &rarr; <strong>1143<\/strong><br \/>(-22 for losing)\n|l|\u2606sgniupf42\n","uploadtime":1700838139,"views":2,"p1id":"sillycroco","p2id":"sgniupf42","formatid":"gen9ou","rating":1143,"private":0,"password":""}