{"id":"gen9ou-1993127451","p1":"bluecrushe","p2":"FloweryFocus","format":"[Gen 9] OU","log":"|j|\u2606bluecrushe\n|j|\u2606FloweryFocus\n|t:|1700267994\n|gametype|singles\n|player|p1|bluecrushe|lillie|1206\n|player|p2|FloweryFocus|1|1308\n|teamsize|p1|6\n|teamsize|p2|6\n|gen|9\n|tier|[Gen 9] OU\n|rated|\n|rule|Sleep Clause Mod: Limit one foe put to sleep\n|rule|Species Clause: Limit one of each Pok\u00e9mon\n|rule|OHKO Clause: OHKO moves are banned\n|rule|Evasion Items Clause: Evasion items are banned\n|rule|Evasion Moves Clause: Evasion moves are banned\n|rule|Endless Battle Clause: Forcing endless battles is banned\n|rule|HP Percentage Mod: HP is shown in percentages\n|clearpoke\n|poke|p1|Kingambit, M|\n|poke|p1|Glimmora, F|\n|poke|p1|Zamazenta-*|\n|poke|p1|Iron Valiant|\n|poke|p1|Iron Moth|\n|poke|p1|Ogerpon-Wellspring, F|\n|poke|p2|Tyranitar, M|\n|poke|p2|Rillaboom, F|\n|poke|p2|Hatterene, F|\n|poke|p2|Alomomola, M|\n|poke|p2|Dragapult, F|\n|poke|p2|Scizor, F|\n|teampreview\n|inactive|Battle timer is ON: inactive players will automatically lose when time's up. (requested by bluecrushe)\n|inactive|bluecrushe has 120 seconds left.\n|\n|t:|1700268031\n|start\n|switch|p1a: Zamazenta|Zamazenta, shiny|100\/100\n|switch|p2a: Hatterene|Hatterene, F|100\/100\n|-ability|p1a: Zamazenta|Dauntless Shield|boost\n|-boost|p1a: Zamazenta|def|1\n|turn|1\n|\n|t:|1700268042\n|switch|p1a: Kingambit|Kingambit, M|100\/100\n|move|p2a: Hatterene|Psyshock|p1a: Kingambit\n|-immune|p1a: Kingambit\n|\n|upkeep\n|turn|2\n|\n|t:|1700268050\n|switch|p2a: Alomomola|Alomomola, M|100\/100\n|move|p1a: Kingambit|Iron Head|p2a: Alomomola\n|-resisted|p2a: Alomomola\n|-damage|p2a: Alomomola|87\/100\n|\n|upkeep\n|turn|3\n|\n|t:|1700268062\n|-end|p1a: Kingambit|fallenundefined|[silent]\n|switch|p1a: Ogerpon|Ogerpon-Wellspring, F|100\/100\n|move|p2a: Alomomola|Whirlpool|p1a: Ogerpon\n|-immune|p1a: Ogerpon|[from] ability: Water Absorb\n|\n|upkeep\n|turn|4\n|\n|t:|1700268069\n|switch|p2a: Rillaboom|Rillaboom, F|100\/100\n|-fieldstart|move: Grassy Terrain|[from] ability: Grassy Surge|[of] p2a: Rillaboom\n|move|p1a: Ogerpon|Power Whip|p2a: Rillaboom\n|-resisted|p2a: Rillaboom\n|-damage|p2a: Rillaboom|58\/100\n|\n|-heal|p2a: Rillaboom|65\/100|[from] Grassy Terrain\n|upkeep\n|turn|5\n|\n|t:|1700268079\n|switch|p1a: Iron Moth|Iron Moth|100\/100\n|-enditem|p1a: Iron Moth|Booster Energy\n|-activate|p1a: Iron Moth|ability: Quark Drive|[fromitem]\n|-start|p1a: Iron Moth|quarkdrivespe\n|move|p2a: Rillaboom|Grassy Glide|p1a: Iron Moth\n|-resisted|p1a: Iron Moth\n|-damage|p1a: Iron Moth|86\/100\n|\n|-heal|p1a: Iron Moth|92\/100|[from] Grassy Terrain\n|-heal|p2a: Rillaboom|71\/100|[from] Grassy Terrain\n|upkeep\n|turn|6\n|\n|t:|1700268091\n|switch|p2a: Tyranitar|Tyranitar, M|100\/100\n|-weather|Sandstorm|[from] ability: Sand Stream|[of] p2a: Tyranitar\n|move|p1a: Iron Moth|Substitute|p1a: Iron Moth\n|-start|p1a: Iron Moth|Substitute\n|-damage|p1a: Iron Moth|67\/100\n|\n|-weather|Sandstorm|[upkeep]\n|-damage|p1a: Iron Moth|61\/100|[from] Sandstorm\n|-heal|p1a: Iron Moth|67\/100|[from] Grassy Terrain\n|upkeep\n|turn|7\n|\n|t:|1700268102\n|move|p1a: Iron Moth|Fiery Dance|p2a: Tyranitar\n|-resisted|p2a: Tyranitar\n|-damage|p2a: Tyranitar|93\/100\n|-boost|p1a: Iron Moth|spa|1\n|move|p2a: Tyranitar|Knock Off|p1a: Iron Moth\n|-end|p1a: Iron Moth|Substitute\n|\n|-weather|Sandstorm|[upkeep]\n|-damage|p1a: Iron Moth|61\/100|[from] Sandstorm\n|-heal|p1a: Iron Moth|67\/100|[from] Grassy Terrain\n|-heal|p2a: Tyranitar|99\/100|[from] Grassy Terrain\n|upkeep\n|turn|8\n|\n|t:|1700268113\n|move|p1a: Iron Moth|Dazzling Gleam|p2a: Tyranitar\n|-supereffective|p2a: Tyranitar\n|-damage|p2a: Tyranitar|68\/100\n|move|p2a: Tyranitar|Knock Off|p1a: Iron Moth\n|-damage|p1a: Iron Moth|12\/100\n|\n|-weather|Sandstorm|[upkeep]\n|-damage|p1a: Iron Moth|6\/100|[from] Sandstorm\n|-heal|p1a: Iron Moth|12\/100|[from] Grassy Terrain\n|-heal|p2a: Tyranitar|74\/100|[from] Grassy Terrain\n|upkeep\n|turn|9\n|\n|t:|1700268121\n|move|p1a: Iron Moth|Dazzling Gleam|p2a: Tyranitar\n|-supereffective|p2a: Tyranitar\n|-damage|p2a: Tyranitar|40\/100\n|move|p2a: Tyranitar|Knock Off|p1a: Iron Moth\n|-damage|p1a: Iron Moth|0 fnt\n|faint|p1a: Iron Moth\n|-end|p1a: Iron Moth|Quark Drive|[silent]\n|\n|-weather|Sandstorm|[upkeep]\n|-heal|p2a: Tyranitar|46\/100|[from] Grassy Terrain\n|upkeep\n|\n|t:|1700268130\n|switch|p1a: Iron Valiant|Iron Valiant|100\/100\n|-enditem|p1a: Iron Valiant|Booster Energy\n|-activate|p1a: Iron Valiant|ability: Quark Drive|[fromitem]\n|-start|p1a: Iron Valiant|quarkdrivespe\n|turn|10\n|\n|t:|1700268146\n|move|p1a: Iron Valiant|Moonblast|p2a: Tyranitar\n|-supereffective|p2a: Tyranitar\n|-damage|p2a: Tyranitar|8\/100\n|-unboost|p2a: Tyranitar|spa|1\n|move|p2a: Tyranitar|Heavy Slam|p1a: Iron Valiant\n|-supereffective|p1a: Iron Valiant\n|-damage|p1a: Iron Valiant|0 fnt\n|faint|p1a: Iron Valiant\n|-end|p1a: Iron Valiant|Quark Drive|[silent]\n|\n|-weather|none\n|-heal|p2a: Tyranitar|14\/100|[from] Grassy Terrain\n|upkeep\n|\n|t:|1700268154\n|switch|p1a: Ogerpon|Ogerpon-Wellspring, F|100\/100\n|turn|11\n|\n|t:|1700268160\n|move|p1a: Ogerpon|Ivy Cudgel|p2a: Tyranitar|[anim] Ivy Cudgel Water\n|-supereffective|p2a: Tyranitar\n|-damage|p2a: Tyranitar|0 fnt\n|faint|p2a: Tyranitar\n|\n|-fieldend|move: Grassy Terrain\n|upkeep\n|\n|t:|1700268163\n|switch|p2a: Rillaboom|Rillaboom, F|71\/100\n|-fieldstart|move: Grassy Terrain|[from] ability: Grassy Surge|[of] p2a: Rillaboom\n|turn|12\n|\n|t:|1700268171\n|switch|p1a: Zamazenta|Zamazenta, shiny|100\/100\n|move|p2a: Rillaboom|Grassy Glide|p1a: Zamazenta\n|-damage|p1a: Zamazenta|69\/100\n|\n|-heal|p1a: Zamazenta|75\/100|[from] Grassy Terrain\n|-heal|p1a: Zamazenta|81\/100|[from] item: Leftovers\n|-heal|p2a: Rillaboom|77\/100|[from] Grassy Terrain\n|upkeep\n|turn|13\n|\n|t:|1700268176\n|switch|p2a: Alomomola|Alomomola, M|100\/100\n|move|p1a: Zamazenta|Iron Defense|p1a: Zamazenta\n|-boost|p1a: Zamazenta|def|2\n|\n|-heal|p1a: Zamazenta|87\/100|[from] Grassy Terrain\n|-heal|p1a: Zamazenta|93\/100|[from] item: Leftovers\n|upkeep\n|turn|14\n|\n|t:|1700268180\n|move|p1a: Zamazenta|Body Press|p2a: Alomomola\n|-damage|p2a: Alomomola|65\/100\n|move|p2a: Alomomola|Whirlpool|p1a: Zamazenta|[miss]\n|-miss|p2a: Alomomola|p1a: Zamazenta\n|\n|-heal|p1a: Zamazenta|99\/100|[from] Grassy Terrain\n|-heal|p1a: Zamazenta|100\/100|[from] item: Leftovers\n|-heal|p2a: Alomomola|71\/100|[from] Grassy Terrain\n|upkeep\n|turn|15\n|\n|t:|1700268188\n|move|p1a: Zamazenta|Iron Defense|p1a: Zamazenta\n|-boost|p1a: Zamazenta|def|2\n|move|p2a: Alomomola|Whirlpool|p1a: Zamazenta\n|-damage|p1a: Zamazenta|95\/100\n|-activate|p1a: Zamazenta|move: Whirlpool|[of] p2a: Alomomola\n|\n|-heal|p1a: Zamazenta|100\/100|[from] Grassy Terrain\n|-heal|p2a: Alomomola|77\/100|[from] Grassy Terrain\n|-damage|p1a: Zamazenta|88\/100|[from] move: Whirlpool|[partiallytrapped]\n|upkeep\n|turn|16\n|\n|t:|1700268193\n|move|p1a: Zamazenta|Iron Defense|p1a: Zamazenta\n|-boost|p1a: Zamazenta|def|2\n|move|p2a: Alomomola|Wish|p2a: Alomomola\n|\n|-heal|p1a: Zamazenta|94\/100|[from] Grassy Terrain\n|-heal|p1a: Zamazenta|100\/100|[from] item: Leftovers\n|-heal|p2a: Alomomola|83\/100|[from] Grassy Terrain\n|-damage|p1a: Zamazenta|88\/100|[from] move: Whirlpool|[partiallytrapped]\n|upkeep\n|turn|17\n|\n|t:|1700268199\n|move|p2a: Alomomola|Protect|p2a: Alomomola\n|-singleturn|p2a: Alomomola|Protect\n|move|p1a: Zamazenta|Crunch|p2a: Alomomola\n|-activate|p2a: Alomomola|move: Protect\n|\n|-heal|p2a: Alomomola|100\/100|[from] move: Wish|[wisher] Alomomola\n|-heal|p1a: Zamazenta|94\/100|[from] Grassy Terrain\n|-heal|p1a: Zamazenta|100\/100|[from] item: Leftovers\n|-damage|p1a: Zamazenta|88\/100|[from] move: Whirlpool|[partiallytrapped]\n|upkeep\n|turn|18\n|\n|t:|1700268209\n|move|p1a: Zamazenta|Body Press|p2a: Alomomola\n|-damage|p2a: Alomomola|26\/100\n|move|p2a: Alomomola|Whirlpool|p1a: Zamazenta\n|-damage|p1a: Zamazenta|82\/100\n|\n|-heal|p1a: Zamazenta|88\/100|[from] Grassy Terrain\n|-heal|p1a: Zamazenta|95\/100|[from] item: Leftovers\n|-heal|p2a: Alomomola|32\/100|[from] Grassy Terrain\n|-damage|p1a: Zamazenta|82\/100|[from] move: Whirlpool|[partiallytrapped]\n|upkeep\n|turn|19\n|\n|t:|1700268216\n|move|p2a: Alomomola|Protect|p2a: Alomomola\n|-singleturn|p2a: Alomomola|Protect\n|move|p1a: Zamazenta|Body Press|p2a: Alomomola\n|-activate|p2a: Alomomola|move: Protect\n|\n|-heal|p1a: Zamazenta|88\/100|[from] Grassy Terrain\n|-heal|p1a: Zamazenta|95\/100|[from] item: Leftovers\n|-heal|p2a: Alomomola|38\/100|[from] Grassy Terrain\n|-damage|p1a: Zamazenta|82\/100|[from] move: Whirlpool|[partiallytrapped]\n|-fieldend|move: Grassy Terrain\n|upkeep\n|turn|20\n|\n|t:|1700268229\n|move|p1a: Zamazenta|Body Press|p2a: Alomomola\n|-damage|p2a: Alomomola|0 fnt\n|faint|p2a: Alomomola\n|\n|-heal|p1a: Zamazenta|88\/100|[from] item: Leftovers\n|-end|p1a: Zamazenta|Whirlpool|[partiallytrapped]\n|upkeep\n|\n|t:|1700268231\n|switch|p2a: Dragapult|Dragapult, F|100\/100\n|turn|21\n|\n|t:|1700268244\n|move|p2a: Dragapult|Draco Meteor|p1a: Zamazenta|[miss]\n|-miss|p2a: Dragapult|p1a: Zamazenta\n|move|p1a: Zamazenta|Crunch|p2a: Dragapult\n|-supereffective|p2a: Dragapult\n|-damage|p2a: Dragapult|27\/100\n|\n|-heal|p1a: Zamazenta|95\/100|[from] item: Leftovers\n|upkeep\n|turn|22\n|\n|t:|1700268252\n|move|p2a: Dragapult|Draco Meteor|p1a: Zamazenta\n|-damage|p1a: Zamazenta|12\/100\n|-unboost|p2a: Dragapult|spa|2\n|move|p1a: Zamazenta|Crunch|p2a: Dragapult\n|-supereffective|p2a: Dragapult\n|-damage|p2a: Dragapult|0 fnt\n|faint|p2a: Dragapult\n|\n|-heal|p1a: Zamazenta|18\/100|[from] item: Leftovers\n|upkeep\n|\n|t:|1700268255\n|switch|p2a: Hatterene|Hatterene, F|100\/100\n|turn|23\n|\n|t:|1700268266\n|-terastallize|p2a: Hatterene|Water\n|move|p1a: Zamazenta|Stone Edge|p2a: Hatterene\n|-damage|p2a: Hatterene|72\/100\n|move|p2a: Hatterene|Draining Kiss|p1a: Zamazenta\n|-supereffective|p1a: Zamazenta\n|-damage|p1a: Zamazenta|0 fnt\n|-heal|p2a: Hatterene|85\/100|[from] drain|[of] p1a: Zamazenta\n|faint|p1a: Zamazenta\n|\n|-heal|p2a: Hatterene|91\/100|[from] item: Leftovers\n|upkeep\n|\n|t:|1700268273\n|switch|p1a: Ogerpon|Ogerpon-Wellspring, F|100\/100\n|turn|24\n|\n|t:|1700268277\n|switch|p2a: Rillaboom|Rillaboom, F|77\/100\n|-fieldstart|move: Grassy Terrain|[from] ability: Grassy Surge|[of] p2a: Rillaboom\n|move|p1a: Ogerpon|Power Whip|p2a: Rillaboom\n|-resisted|p2a: Rillaboom\n|-damage|p2a: Rillaboom|35\/100\n|\n|-heal|p2a: Rillaboom|41\/100|[from] Grassy Terrain\n|upkeep\n|turn|25\n|\n|t:|1700268286\n|move|p1a: Ogerpon|Power Whip|p2a: Rillaboom\n|-resisted|p2a: Rillaboom\n|-damage|p2a: Rillaboom|1\/100\n|move|p2a: Rillaboom|U-turn|p1a: Ogerpon\n|-supereffective|p1a: Ogerpon\n|-damage|p1a: Ogerpon|35\/100\n|\n|t:|1700268291\n|switch|p2a: Hatterene|Hatterene, F, tera:Water|91\/100|[from] U-turn\n|\n|-heal|p1a: Ogerpon|41\/100|[from] Grassy Terrain\n|-heal|p2a: Hatterene|97\/100|[from] Grassy Terrain\n|-heal|p2a: Hatterene|100\/100|[from] item: Leftovers\n|upkeep\n|turn|26\n|\n|t:|1700268301\n|-terastallize|p1a: Ogerpon|Water\n|detailschange|p1a: Ogerpon|Ogerpon-Wellspring-Tera, F, tera:Water\n|-ability|p1a: Ogerpon|Embody Aspect (Wellspring)|boost\n|-boost|p1a: Ogerpon|spd|1\n|move|p1a: Ogerpon|Power Whip|p2a: Hatterene\n|-supereffective|p2a: Hatterene\n|-damage|p2a: Hatterene|0 fnt\n|faint|p2a: Hatterene\n|\n|-heal|p1a: Ogerpon|47\/100|[from] Grassy Terrain\n|upkeep\n|\n|t:|1700268303\n|switch|p2a: Rillaboom|Rillaboom, F|1\/100\n|turn|27\n|\n|t:|1700268316\n|switch|p1a: Kingambit|Kingambit, M|100\/100\n|-activate|p1a: Kingambit|ability: Supreme Overlord\n|-start|p1a: Kingambit|fallen3|[silent]\n|move|p2a: Rillaboom|Grassy Glide|p1a: Kingambit\n|-resisted|p1a: Kingambit\n|-damage|p1a: Kingambit|83\/100\n|\n|-heal|p2a: Rillaboom|7\/100|[from] Grassy Terrain\n|-heal|p1a: Kingambit|89\/100|[from] Grassy Terrain\n|upkeep\n|turn|28\n|\n|t:|1700268324\n|move|p2a: Rillaboom|Drain Punch|p1a: Kingambit\n|-supereffective|p1a: Kingambit\n|-damage|p1a: Kingambit|0 fnt\n|-heal|p2a: Rillaboom|45\/100|[from] drain|[of] p1a: Kingambit\n|faint|p1a: Kingambit\n|-end|p1a: Kingambit|fallen3|[silent]\n|\n|-heal|p2a: Rillaboom|52\/100|[from] Grassy Terrain\n|upkeep\n|\n|t:|1700268329\n|switch|p1a: Glimmora|Glimmora, F|100\/100\n|turn|29\n|\n|t:|1700268334\n|switch|p2a: Scizor|Scizor, F|100\/100\n|move|p1a: Glimmora|Mortal Spin|p2a: Scizor\n|-immune|p2a: Scizor\n|\n|upkeep\n|turn|30\n|\n|t:|1700268339\n|move|p1a: Glimmora|Stealth Rock|p2a: Scizor\n|-sidestart|p2: FloweryFocus|move: Stealth Rock\n|move|p2a: Scizor|Swords Dance|p2a: Scizor\n|-boost|p2a: Scizor|atk|2\n|\n|upkeep\n|turn|31\n|\n|t:|1700268343\n|move|p2a: Scizor|Bullet Punch|p1a: Glimmora\n|-supereffective|p1a: Glimmora\n|-enditem|p1a: Glimmora|Focus Sash\n|-damage|p1a: Glimmora|1\/100\n|-activate|p1a: Glimmora|ability: Toxic Debris\n|-sidestart|p2: FloweryFocus|move: Toxic Spikes\n|-damage|p2a: Scizor|90\/100|[from] item: Life Orb\n|move|p1a: Glimmora|Power Gem|p2a: Scizor\n|-damage|p2a: Scizor|30\/100\n|\n|-heal|p1a: Glimmora|7\/100|[from] Grassy Terrain\n|-heal|p2a: Scizor|36\/100|[from] Grassy Terrain\n|-fieldend|move: Grassy Terrain\n|upkeep\n|turn|32\n|\n|t:|1700268355\n|move|p2a: Scizor|Bullet Punch|p1a: Glimmora\n|-supereffective|p1a: Glimmora\n|-damage|p1a: Glimmora|0 fnt\n|-activate|p1a: Glimmora|ability: Toxic Debris\n|-sidestart|p2: FloweryFocus|move: Toxic Spikes\n|faint|p1a: Glimmora\n|-damage|p2a: Scizor|26\/100|[from] item: Life Orb\n|\n|upkeep\n|\n|t:|1700268357\n|switch|p1a: Ogerpon|Ogerpon-Wellspring-Tera, F, tera:Water|47\/100\n|-ability|p1a: Ogerpon|Embody Aspect (Wellspring)|boost\n|-boost|p1a: Ogerpon|spd|1\n|turn|33\n|\n|t:|1700268364\n|move|p2a: Scizor|Bullet Punch|p1a: Ogerpon\n|-resisted|p1a: Ogerpon\n|-damage|p1a: Ogerpon|0 fnt\n|faint|p1a: Ogerpon\n|-damage|p2a: Scizor|16\/100|[from] item: Life Orb\n|\n|win|FloweryFocus\n|raw|bluecrushe's rating: 1206 &rarr; <strong>1188<\/strong><br \/>(-18 for losing)\n|raw|FloweryFocus's rating: 1308 &rarr; <strong>1322<\/strong><br \/>(+14 for winning)\n|l|\u2606bluecrushe\n|c|\u2606FloweryFocus|Gg\n","uploadtime":1700268380,"views":15,"p1id":"bluecrushe","p2id":"floweryfocus","formatid":"gen9ou","rating":1188,"private":0,"password":""}