{"id":"gen9ou-2000529305","p1":"npcmonkey","p2":"hightopfade69","format":"[Gen 9] OU","log":"|j|\u2606npcmonkey\n|j|\u2606hightopfade69\n|t:|1701202564\n|gametype|singles\n|player|p1|npcmonkey|102|1121\n|player|p2|hightopfade69|169|1036\n|teamsize|p1|6\n|teamsize|p2|6\n|gen|9\n|tier|[Gen 9] OU\n|rated|\n|rule|Sleep Clause Mod: Limit one foe put to sleep\n|rule|Species Clause: Limit one of each Pok\u00e9mon\n|rule|OHKO Clause: OHKO moves are banned\n|rule|Evasion Items Clause: Evasion items are banned\n|rule|Evasion Moves Clause: Evasion moves are banned\n|rule|Endless Battle Clause: Forcing endless battles is banned\n|rule|HP Percentage Mod: HP is shown in percentages\n|clearpoke\n|poke|p1|Meowscarada, M|\n|poke|p1|Ceruledge, F|\n|poke|p1|Grimmsnarl, M|\n|poke|p1|Tornadus-Therian, M|\n|poke|p1|Iron Valiant|\n|poke|p1|Cyclizar, M|\n|poke|p2|Dragapult, M|\n|poke|p2|Ceruledge, M|\n|poke|p2|Chandelure, M|\n|poke|p2|Gholdengo|\n|poke|p2|Zoroark-Hisui, M|\n|poke|p2|Sinistcha|\n|teampreview\n|inactive|Battle timer is ON: inactive players will automatically lose when time's up. (requested by npcmonkey)\n|\n|t:|1701202582\n|start\n|switch|p1a: Grimmsnarl|Grimmsnarl, M|100\/100\n|switch|p2a: Ceruledge|Ceruledge, M|100\/100\n|turn|1\n|\n|t:|1701202602\n|move|p1a: Grimmsnarl|Thunder Wave|p2a: Ceruledge\n|-status|p2a: Ceruledge|par\n|move|p2a: Ceruledge|Swords Dance|p2a: Ceruledge\n|-boost|p2a: Ceruledge|atk|2\n|\n|upkeep\n|turn|2\n|\n|t:|1701202608\n|move|p1a: Grimmsnarl|Reflect|p1a: Grimmsnarl\n|-sidestart|p1: npcmonkey|Reflect\n|cant|p2a: Ceruledge|par\n|\n|upkeep\n|turn|3\n|\n|t:|1701202612\n|move|p1a: Grimmsnarl|Parting Shot|p2a: Ceruledge\n|-unboost|p2a: Ceruledge|atk|1\n|-unboost|p2a: Ceruledge|spa|1\n|\n|t:|1701202621\n|switch|p1a: Ceruledge|Ceruledge, F|100\/100|[from] Parting Shot\n|move|p2a: Ceruledge|Swords Dance|p2a: Ceruledge\n|-boost|p2a: Ceruledge|atk|2\n|\n|upkeep\n|turn|4\n|\n|t:|1701202640\n|-terastallize|p1a: Ceruledge|Water\n|move|p2a: Ceruledge|Shadow Sneak|p1a: Ceruledge\n|-damage|p1a: Ceruledge|64\/100\n|-ability|p1a: Ceruledge|Weak Armor|boost\n|-unboost|p1a: Ceruledge|def|1\n|-boost|p1a: Ceruledge|spe|2\n|move|p1a: Ceruledge|Poltergeist|p2a: Ceruledge|[miss]\n|-miss|p1a: Ceruledge|p2a: Ceruledge\n|\n|upkeep\n|turn|5\n|\n|t:|1701202656\n|move|p2a: Ceruledge|Shadow Sneak|p1a: Ceruledge\n|-damage|p1a: Ceruledge|10\/100\n|-ability|p1a: Ceruledge|Weak Armor|boost\n|-unboost|p1a: Ceruledge|def|1\n|-boost|p1a: Ceruledge|spe|2\n|move|p1a: Ceruledge|Swords Dance|p1a: Ceruledge\n|-boost|p1a: Ceruledge|atk|2\n|\n|upkeep\n|turn|6\n|\n|t:|1701202664\n|move|p1a: Ceruledge|Shadow Sneak|p2a: Ceruledge\n|-supereffective|p2a: Ceruledge\n|-enditem|p2a: Ceruledge|Focus Sash\n|-damage|p2a: Ceruledge|1\/100 par\n|-ability|p2a: Ceruledge|Weak Armor|boost\n|-unboost|p2a: Ceruledge|def|1\n|-boost|p2a: Ceruledge|spe|2\n|move|p2a: Ceruledge|Shadow Sneak|p1a: Ceruledge\n|-damage|p1a: Ceruledge|0 fnt\n|faint|p1a: Ceruledge\n|\n|upkeep\n|-message|npcmonkey forfeited.\n|\n|win|hightopfade69\n|raw|npcmonkey's rating: 1121 &rarr; <strong>1090<\/strong><br \/>(-31 for losing)\n|raw|hightopfade69's rating: 1036 &rarr; <strong>1079<\/strong><br \/>(+43 for winning)\n|l|\u2606npcmonkey\n","uploadtime":1701202684,"views":0,"p1id":"npcmonkey","p2id":"hightopfade69","formatid":"gen9ou","rating":1079,"private":0,"password":""}