{"id":"gen9ou-1999558880","p1":"Yobeto","p2":"El Stefano","format":"[Gen 9] OU","log":"|j|\u2606Yobeto\n|j|\u2606El Stefano\n|t:|1701096057\n|gametype|singles\n|player|p1|Yobeto|2|1822\n|player|p2|El Stefano|1|1843\n|teamsize|p1|6\n|teamsize|p2|6\n|gen|9\n|tier|[Gen 9] OU\n|rated|\n|rule|Sleep Clause Mod: Limit one foe put to sleep\n|rule|Species Clause: Limit one of each Pok\u00e9mon\n|rule|OHKO Clause: OHKO moves are banned\n|rule|Evasion Items Clause: Evasion items are banned\n|rule|Evasion Moves Clause: Evasion moves are banned\n|rule|Endless Battle Clause: Forcing endless battles is banned\n|rule|HP Percentage Mod: HP is shown in percentages\n|clearpoke\n|poke|p1|Ogerpon-Cornerstone, F|\n|poke|p1|Garchomp, M|\n|poke|p1|Kingambit, F|\n|poke|p1|Dragapult, M|\n|poke|p1|Gholdengo|\n|poke|p1|Dragonite, F|\n|poke|p2|Slowking, F|\n|poke|p2|Chesnaught, M|\n|poke|p2|Talonflame, F|\n|poke|p2|Clodsire, F|\n|poke|p2|Dondozo, F|\n|poke|p2|Clefable, F|\n|teampreview\n|inactive|Battle timer is ON: inactive players will automatically lose when time's up. (requested by Yobeto)\n|\n|t:|1701096072\n|start\n|switch|p1a: Gholdengo|Gholdengo, shiny|100\/100\n|switch|p2a: Slowking|Slowking, F, shiny|100\/100\n|turn|1\n|\n|t:|1701096079\n|move|p1a: Gholdengo|Shadow Ball|p2a: Slowking\n|-supereffective|p2a: Slowking\n|-damage|p2a: Slowking|50\/100\n|move|p2a: Slowking|Scald|p1a: Gholdengo\n|-damage|p1a: Gholdengo|68\/100\n|\n|upkeep\n|turn|2\n|\n|t:|1701096093\n|move|p2a: Slowking|Protect|p2a: Slowking\n|-singleturn|p2a: Slowking|Protect\n|move|p1a: Gholdengo|Shadow Ball|p2a: Slowking\n|-activate|p2a: Slowking|move: Protect\n|\n|upkeep\n|turn|3\n|\n|t:|1701096103\n|switch|p2a: Clodsire|Clodsire, F|100\/100\n|move|p1a: Gholdengo|Shadow Ball|p2a: Clodsire\n|-damage|p2a: Clodsire|75\/100\n|\n|upkeep\n|turn|4\n|\n|t:|1701096114\n|move|p1a: Gholdengo|Make It Rain|p2a: Clodsire\n|-damage|p2a: Clodsire|36\/100\n|-unboost|p1a: Gholdengo|spa|1\n|move|p2a: Clodsire|Recover|p2a: Clodsire\n|-heal|p2a: Clodsire|86\/100\n|\n|upkeep\n|turn|5\n|\n|t:|1701096121\n|switch|p1a: Garchomp|Garchomp, M, shiny|100\/100\n|switch|p2a: Slowking|Slowking, F, shiny|83\/100\n|\n|upkeep\n|turn|6\n|\n|t:|1701096129\n|switch|p2a: Clefable|Clefable, F|100\/100\n|move|p1a: Garchomp|Spikes|p2a: Clefable\n|-sidestart|p2: El Stefano|Spikes\n|\n|upkeep\n|turn|7\n|\n|t:|1701096132\n|switch|p1a: Gholdengo|Gholdengo, shiny|68\/100\n|move|p2a: Clefable|Knock Off|p1a: Gholdengo\n|-supereffective|p1a: Gholdengo\n|-damage|p1a: Gholdengo|32\/100\n|-enditem|p1a: Gholdengo|Heavy-Duty Boots|[from] move: Knock Off|[of] p2a: Clefable\n|\n|upkeep\n|turn|8\n|\n|t:|1701096146\n|switch|p1a: Ogerpon|Ogerpon-Cornerstone, F|100\/100\n|switch|p2a: Slowking|Slowking, F, shiny|100\/100\n|\n|upkeep\n|turn|9\n|\n|t:|1701096151\n|switch|p2a: Chesnaught|Chesnaught, M|100\/100\n|move|p1a: Ogerpon|Knock Off|p2a: Chesnaught\n|-resisted|p2a: Chesnaught\n|-damage|p2a: Chesnaught|89\/100\n|-enditem|p2a: Chesnaught|Heavy-Duty Boots|[from] move: Knock Off|[of] p1a: Ogerpon\n|\n|upkeep\n|turn|10\n|\n|t:|1701096158\n|switch|p1a: Garchomp|Garchomp, M, shiny|100\/100\n|move|p2a: Chesnaught|Spikes|p1a: Garchomp\n|-sidestart|p1: Yobeto|Spikes\n|\n|upkeep\n|turn|11\n|\n|t:|1701096166\n|switch|p2a: Clefable|Clefable, F|100\/100\n|move|p1a: Garchomp|Stealth Rock|p2a: Clefable\n|-sidestart|p2: El Stefano|move: Stealth Rock\n|\n|upkeep\n|turn|12\n|\n|t:|1701096171\n|move|p1a: Garchomp|Earthquake|p2a: Clefable\n|-damage|p2a: Clefable|64\/100\n|move|p2a: Clefable|Stealth Rock|p1a: Garchomp\n|-sidestart|p1: Yobeto|move: Stealth Rock\n|\n|-heal|p2a: Clefable|70\/100|[from] item: Leftovers\n|upkeep\n|turn|13\n|\n|t:|1701096175\n|move|p1a: Garchomp|Earthquake|p2a: Clefable\n|-damage|p2a: Clefable|33\/100\n|move|p2a: Clefable|Moonlight|p2a: Clefable\n|-heal|p2a: Clefable|83\/100\n|\n|-heal|p2a: Clefable|89\/100|[from] item: Leftovers\n|upkeep\n|turn|14\n|\n|t:|1701096180\n|move|p1a: Garchomp|Earthquake|p2a: Clefable\n|-crit|p2a: Clefable\n|-damage|p2a: Clefable|33\/100\n|move|p2a: Clefable|Moonblast|p1a: Garchomp\n|-supereffective|p1a: Garchomp\n|-damage|p1a: Garchomp|35\/100\n|\n|-heal|p2a: Clefable|39\/100|[from] item: Leftovers\n|upkeep\n|turn|15\n|j| FaronAan\n|\n|t:|1701096187\n|move|p1a: Garchomp|Earthquake|p2a: Clefable\n|-damage|p2a: Clefable|0 fnt\n|faint|p2a: Clefable\n|\n|upkeep\n|j| mew852\n|\n|t:|1701096200\n|switch|p2a: Talonflame|Talonflame, F|100\/100\n|turn|16\n|\n|t:|1701096204\n|move|p1a: Garchomp|Tera Blast|p2a: Talonflame\n|-damage|p2a: Talonflame|82\/100\n|move|p2a: Talonflame|Will-O-Wisp|p1a: Garchomp\n|-status|p1a: Garchomp|brn\n|\n|-damage|p1a: Garchomp|29\/100 brn|[from] brn\n|upkeep\n|turn|17\n|\n|t:|1701096213\n|switch|p2a: Dondozo|Dondozo, F|100\/100\n|move|p1a: Garchomp|Spikes|p2a: Dondozo\n|-sidestart|p2: El Stefano|Spikes\n|\n|-damage|p1a: Garchomp|23\/100 brn|[from] brn\n|upkeep\n|turn|18\n|\n|t:|1701096220\n|switch|p2a: Talonflame|Talonflame, F|82\/100\n|move|p1a: Garchomp|Spikes|p2a: Talonflame\n|-sidestart|p2: El Stefano|Spikes\n|\n|-damage|p1a: Garchomp|16\/100 brn|[from] brn\n|upkeep\n|turn|19\n|\n|t:|1701096230\n|move|p1a: Garchomp|Tera Blast|p2a: Talonflame\n|-damage|p2a: Talonflame|64\/100\n|move|p2a: Talonflame|Defog|p1a: Garchomp\n|-unboost|p1a: Garchomp|evasion|1\n|-sideend|p1: Yobeto|Spikes|[from] move: Defog|[of] p2a: Talonflame\n|-sideend|p1: Yobeto|Stealth Rock|[from] move: Defog|[of] p2a: Talonflame\n|-sideend|p2: El Stefano|Spikes|[from] move: Defog|[of] p2a: Talonflame\n|-sideend|p2: El Stefano|Stealth Rock|[from] move: Defog|[of] p2a: Talonflame\n|\n|-damage|p1a: Garchomp|10\/100 brn|[from] brn\n|upkeep\n|turn|20\n|j| fropop\n|\n|t:|1701096239\n|move|p1a: Garchomp|Spikes|p2a: Talonflame\n|-sidestart|p2: El Stefano|Spikes\n|move|p2a: Talonflame|Roost|p2a: Talonflame\n|-heal|p2a: Talonflame|100\/100\n|-singleturn|p2a: Talonflame|move: Roost\n|\n|-damage|p1a: Garchomp|4\/100 brn|[from] brn\n|upkeep\n|turn|21\n|\n|t:|1701096247\n|move|p1a: Garchomp|Tera Blast|p2a: Talonflame\n|-damage|p2a: Talonflame|82\/100\n|move|p2a: Talonflame|Defog|p1a: Garchomp\n|-unboost|p1a: Garchomp|evasion|1\n|-sideend|p2: El Stefano|Spikes|[from] move: Defog|[of] p2a: Talonflame\n|\n|-damage|p1a: Garchomp|0 fnt|[from] brn\n|faint|p1a: Garchomp\n|upkeep\n|\n|t:|1701096252\n|switch|p1a: Ogerpon|Ogerpon-Cornerstone, F|100\/100\n|turn|22\n|inactive|Yobeto has 120 seconds left.\n|j| chozn\n|\n|t:|1701096300\n|switch|p2a: Chesnaught|Chesnaught, M|89\/100\n|move|p1a: Ogerpon|Ivy Cudgel|p2a: Chesnaught|[anim] Ivy Cudgel Rock\n|-resisted|p2a: Chesnaught\n|-damage|p2a: Chesnaught|74\/100\n|\n|upkeep\n|turn|23\n|j| CDW1025\n|\n|t:|1701096326\n|switch|p1a: Dragapult|Dragapult, M|100\/100\n|move|p2a: Chesnaught|Body Press|p1a: Dragapult\n|-immune|p1a: Dragapult\n|\n|upkeep\n|turn|24\n|\n|t:|1701096335\n|switch|p2a: Slowking|Slowking, F, shiny|100\/100\n|move|p1a: Dragapult|Draco Meteor|p2a: Slowking\n|-damage|p2a: Slowking|49\/100\n|-unboost|p1a: Dragapult|spa|2\n|\n|upkeep\n|turn|25\n|inactive|Yobeto has 90 seconds left.\n|\n|t:|1701096361\n|switch|p1a: Ogerpon|Ogerpon-Cornerstone, F|100\/100\n|move|p2a: Slowking|Slack Off|p2a: Slowking\n|-heal|p2a: Slowking|99\/100\n|\n|upkeep\n|turn|26\n|inactive|Yobeto has 90 seconds left.\n|\n|t:|1701096368\n|move|p2a: Slowking|Protect|p2a: Slowking\n|-singleturn|p2a: Slowking|Protect\n|move|p1a: Ogerpon|Ivy Cudgel|p2a: Slowking|[anim] Ivy Cudgel Rock\n|-activate|p2a: Slowking|move: Protect\n|\n|upkeep\n|turn|27\n|\n|t:|1701096374\n|switch|p2a: Chesnaught|Chesnaught, M|74\/100\n|move|p1a: Ogerpon|Ivy Cudgel|p2a: Chesnaught|[anim] Ivy Cudgel Rock\n|-resisted|p2a: Chesnaught\n|-damage|p2a: Chesnaught|56\/100\n|\n|upkeep\n|turn|28\n|inactive|Yobeto has 90 seconds left.\n|\n|t:|1701096416\n|switch|p1a: Dragapult|Dragapult, M|100\/100\n|move|p2a: Chesnaught|Synthesis|p2a: Chesnaught\n|-heal|p2a: Chesnaught|100\/100\n|\n|upkeep\n|turn|29\n|j| diyuenji\n|\n|t:|1701096425\n|switch|p2a: Slowking|Slowking, F, shiny|100\/100\n|move|p1a: Dragapult|U-turn|p2a: Slowking\n|-supereffective|p2a: Slowking\n|-damage|p2a: Slowking|66\/100\n|\n|t:|1701096442\n|switch|p1a: Ogerpon|Ogerpon-Cornerstone, F|100\/100|[from] U-turn\n|\n|upkeep\n|turn|30\n|inactive|Yobeto has 60 seconds left.\n|j| Modachi\n|j| QiYu5\n|inactive|Yobeto has 30 seconds left.\n|inactive|Yobeto has 20 seconds left.\n|inactive|Yobeto has 15 seconds left.\n|\n|t:|1701096504\n|switch|p2a: Chesnaught|Chesnaught, M|100\/100\n|move|p1a: Ogerpon|Ivy Cudgel|p2a: Chesnaught|[anim] Ivy Cudgel Rock\n|-resisted|p2a: Chesnaught\n|-damage|p2a: Chesnaught|82\/100\n|\n|upkeep\n|turn|31\n|inactive|Yobeto has 25 seconds left this turn.\n|inactive|Yobeto has 20 seconds left.\n|l| Modachi\n|c|\u2606El Stefano|Sry, but I think its gg\n|inactive|Yobeto has 15 seconds left.\n|inactive|Yobeto has 10 seconds left.\n|j| T-Mdesty\n|inactive|Yobeto has 5 seconds left.\n|-message|Yobeto lost due to inactivity.\n|\n|win|El Stefano\n|raw|Yobeto's rating: 1822 &rarr; <strong>1803<\/strong><br \/>(-19 for losing)\n|raw|El Stefano's rating: 1843 &rarr; <strong>1862<\/strong><br \/>(+19 for winning)\n|l|\u2606El Stefano\n|l| diyuenji\n|l| FaronAan\n|l|\u2606Yobeto\n|l| fropop\n|l| CDW1025\n|l| chozn\n|l| QiYu5\n|l| T-Mdesty\n","uploadtime":1701096703,"views":10,"p1id":"yobeto","p2id":"elstefano","formatid":"gen9ou","rating":1803,"private":0,"password":""}