{"id":"gen9ou-1993550515","p1":"TomatoKat1","p2":"Nyfo","format":"[Gen 9] OU","log":"|j|\u2606TomatoKat1\n|j|\u2606Nyfo\n|t:|1700330740\n|gametype|singles\n|player|p1|TomatoKat1|1|1119\n|player|p2|Nyfo|iris|1017\n|teamsize|p1|4\n|teamsize|p2|6\n|gen|9\n|tier|[Gen 9] OU\n|rated|\n|rule|Sleep Clause Mod: Limit one foe put to sleep\n|rule|Species Clause: Limit one of each Pok\u00e9mon\n|rule|OHKO Clause: OHKO moves are banned\n|rule|Evasion Items Clause: Evasion items are banned\n|rule|Evasion Moves Clause: Evasion moves are banned\n|rule|Endless Battle Clause: Forcing endless battles is banned\n|rule|HP Percentage Mod: HP is shown in percentages\n|clearpoke\n|poke|p1|Vaporeon, M|\n|poke|p1|Kommo-o, F|\n|poke|p1|Sinistcha-Masterpiece|\n|poke|p1|Sneasler, F|\n|poke|p2|Samurott-Hisui, F|\n|poke|p2|Ribombee, M|\n|poke|p2|Kingambit, M|\n|poke|p2|Kommo-o, M|\n|poke|p2|Clefable, F|\n|poke|p2|Rillaboom, M|\n|teampreview\n|\n|t:|1700330773\n|start\n|switch|p1a: Kommo-o|Kommo-o, F|100\/100\n|switch|p2a: Ribombee|Ribombee, M|100\/100\n|turn|1\n|\n|t:|1700330789\n|switch|p1a: Vappy|Vaporeon, M|100\/100\n|move|p2a: Ribombee|Moonblast|p1a: Vappy\n|-damage|p1a: Vappy|68\/100\n|\n|-heal|p1a: Vappy|74\/100|[from] item: Leftovers\n|upkeep\n|turn|2\n|\n|t:|1700330834\n|move|p2a: Ribombee|Sticky Web|p1a: Vappy\n|-sidestart|p1: TomatoKat1|move: Sticky Web\n|move|p1a: Vappy|Calm Mind|p1a: Vappy\n|-boost|p1a: Vappy|spa|1\n|-boost|p1a: Vappy|spd|1\n|\n|-heal|p1a: Vappy|80\/100|[from] item: Leftovers\n|upkeep\n|turn|3\n|\n|t:|1700330847\n|move|p2a: Ribombee|Stun Spore|p1a: Vappy|[miss]\n|-miss|p2a: Ribombee|p1a: Vappy\n|move|p1a: Vappy|Calm Mind|p1a: Vappy\n|-boost|p1a: Vappy|spa|1\n|-boost|p1a: Vappy|spd|1\n|\n|-heal|p1a: Vappy|86\/100|[from] item: Leftovers\n|upkeep\n|turn|4\n|\n|t:|1700330870\n|move|p2a: Ribombee|Stun Spore|p1a: Vappy|[miss]\n|-miss|p2a: Ribombee|p1a: Vappy\n|move|p1a: Vappy|Acid Armor|p1a: Vappy\n|-boost|p1a: Vappy|def|2\n|\n|-heal|p1a: Vappy|93\/100|[from] item: Leftovers\n|upkeep\n|turn|5\n|\n|t:|1700330895\n|move|p2a: Ribombee|Sticky Web||[still]\n|-fail|p2a: Ribombee\n|move|p1a: Vappy|Ice Beam|p2a: Ribombee\n|-enditem|p2a: Ribombee|Focus Sash\n|-damage|p2a: Ribombee|1\/100\n|\n|-heal|p1a: Vappy|99\/100|[from] item: Leftovers\n|upkeep\n|turn|6\n|\n|t:|1700330904\n|move|p2a: Ribombee|Stun Spore|p1a: Vappy\n|-status|p1a: Vappy|par\n|cant|p1a: Vappy|par\n|\n|-heal|p1a: Vappy|100\/100 par|[from] item: Leftovers\n|upkeep\n|turn|7\n|\n|t:|1700330912\n|switch|p2a: Clefable|Clefable, F|100\/100\n|move|p1a: Vappy|Ice Beam|p2a: Clefable\n|-crit|p2a: Clefable\n|-damage|p2a: Clefable|15\/100\n|\n|-heal|p2a: Clefable|21\/100|[from] item: Leftovers\n|upkeep\n|turn|8\n|\n|t:|1700330930\n|move|p2a: Clefable|Moonlight|p2a: Clefable\n|-heal|p2a: Clefable|71\/100\n|move|p1a: Vappy|Ice Beam|p2a: Clefable\n|-crit|p2a: Clefable\n|-damage|p2a: Clefable|0 fnt\n|faint|p2a: Clefable\n|\n|upkeep\n|inactive|Battle timer is ON: inactive players will automatically lose when time's up. (requested by TomatoKat1)\n|\n|t:|1700330948\n|switch|p2a: Rillaboom|Rillaboom, M|100\/100\n|-fieldstart|move: Grassy Terrain|[from] ability: Grassy Surge|[of] p2a: Rillaboom\n|turn|9\n|\n|t:|1700330958\n|move|p2a: Rillaboom|Drum Beating|p1a: Vappy\n|-supereffective|p1a: Vappy\n|-damage|p1a: Vappy|45\/100 par\n|-unboost|p1a: Vappy|spe|1\n|move|p1a: Vappy|Ice Beam|p2a: Rillaboom\n|-supereffective|p2a: Rillaboom\n|-damage|p2a: Rillaboom|0 fnt\n|faint|p2a: Rillaboom\n|\n|-heal|p1a: Vappy|51\/100 par|[from] Grassy Terrain\n|-heal|p1a: Vappy|58\/100 par|[from] item: Leftovers\n|upkeep\n|\n|t:|1700330971\n|switch|p2a: Kingambit|Kingambit, M|100\/100\n|-activate|p2a: Kingambit|ability: Supreme Overlord\n|-start|p2a: Kingambit|fallen2|[silent]\n|turn|10\n|\n|t:|1700330979\n|move|p2a: Kingambit|Swords Dance|p2a: Kingambit\n|-boost|p2a: Kingambit|atk|2\n|move|p1a: Vappy|Acid Armor|p1a: Vappy\n|-boost|p1a: Vappy|def|2\n|\n|-heal|p1a: Vappy|64\/100 par|[from] Grassy Terrain\n|-heal|p1a: Vappy|70\/100 par|[from] item: Leftovers\n|upkeep\n|turn|11\n|\n|t:|1700330992\n|-terastallize|p2a: Kingambit|Dark\n|move|p2a: Kingambit|Sucker Punch||[still]\n|-fail|p2a: Kingambit\n|move|p1a: Vappy|Acid Armor|p1a: Vappy\n|-boost|p1a: Vappy|def|2\n|\n|-heal|p1a: Vappy|76\/100 par|[from] Grassy Terrain\n|-heal|p1a: Vappy|83\/100 par|[from] item: Leftovers\n|upkeep\n|turn|12\n|\n|t:|1700331006\n|move|p2a: Kingambit|Sucker Punch||[still]\n|-fail|p2a: Kingambit\n|move|p1a: Vappy|Calm Mind|p1a: Vappy\n|-boost|p1a: Vappy|spa|1\n|-boost|p1a: Vappy|spd|1\n|\n|-heal|p1a: Vappy|89\/100 par|[from] Grassy Terrain\n|-heal|p1a: Vappy|95\/100 par|[from] item: Leftovers\n|upkeep\n|turn|13\n|\n|t:|1700331019\n|move|p2a: Kingambit|Swords Dance|p2a: Kingambit\n|-boost|p2a: Kingambit|atk|2\n|move|p1a: Vappy|Calm Mind|p1a: Vappy\n|-boost|p1a: Vappy|spa|1\n|-boost|p1a: Vappy|spd|1\n|\n|-heal|p1a: Vappy|100\/100 par|[from] Grassy Terrain\n|upkeep\n|turn|14\n|\n|t:|1700331039\n|-terastallize|p1a: Vappy|Water\n|move|p2a: Kingambit|Kowtow Cleave|p1a: Vappy\n|-damage|p1a: Vappy|46\/100 par\n|move|p1a: Vappy|Muddy Water|p2a: Kingambit\n|-crit|p2a: Kingambit\n|-damage|p2a: Kingambit|0 fnt\n|faint|p2a: Kingambit\n|-end|p2a: Kingambit|fallen2|[silent]\n|\n|-heal|p1a: Vappy|52\/100 par|[from] Grassy Terrain\n|-heal|p1a: Vappy|58\/100 par|[from] item: Leftovers\n|upkeep\n|\n|t:|1700331051\n|switch|p2a: Samurott|Samurott-Hisui, F|100\/100\n|turn|15\n|\n|t:|1700331058\n|move|p2a: Samurott|Knock Off|p1a: Vappy\n|-damage|p1a: Vappy|47\/100 par\n|-enditem|p1a: Vappy|Leftovers|[from] move: Knock Off|[of] p2a: Samurott\n|move|p1a: Vappy|Muddy Water|p2a: Samurott\n|-resisted|p2a: Samurott\n|-enditem|p2a: Samurott|Focus Sash\n|-damage|p2a: Samurott|1\/100\n|\n|-heal|p2a: Samurott|7\/100|[from] Grassy Terrain\n|-heal|p1a: Vappy|53\/100 par|[from] Grassy Terrain\n|upkeep\n|turn|16\n|\n|t:|1700331080\n|move|p2a: Samurott|Ceaseless Edge|p1a: Vappy|[miss]\n|-miss|p2a: Samurott|p1a: Vappy\n|move|p1a: Vappy|Muddy Water|p2a: Samurott|[miss]\n|-miss|p1a: Vappy|p2a: Samurott\n|\n|-heal|p2a: Samurott|13\/100|[from] Grassy Terrain\n|-heal|p1a: Vappy|59\/100 par|[from] Grassy Terrain\n|-fieldend|move: Grassy Terrain\n|upkeep\n|turn|17\n|\n|t:|1700331089\n|move|p2a: Samurott|Ceaseless Edge|p1a: Vappy\n|-damage|p1a: Vappy|50\/100 par\n|-sidestart|p1: TomatoKat1|Spikes\n|cant|p1a: Vappy|par\n|\n|upkeep\n|turn|18\n|\n|t:|1700331101\n|move|p2a: Samurott|Ceaseless Edge|p1a: Vappy\n|-damage|p1a: Vappy|39\/100 par\n|-sidestart|p1: TomatoKat1|Spikes\n|move|p1a: Vappy|Ice Beam|p2a: Samurott\n|-resisted|p2a: Samurott\n|-damage|p2a: Samurott|0 fnt\n|faint|p2a: Samurott\n|\n|upkeep\n|\n|t:|1700331112\n|switch|p2a: Ribombee|Ribombee, M|1\/100\n|turn|19\n|\n|t:|1700331119\n|move|p2a: Ribombee|Moonblast|p1a: Vappy\n|-damage|p1a: Vappy|26\/100 par\n|move|p1a: Vappy|Ice Beam|p2a: Ribombee\n|-damage|p2a: Ribombee|0 fnt\n|faint|p2a: Ribombee\n|\n|upkeep\n|\n|t:|1700331124\n|switch|p2a: Kommo-o|Kommo-o, M|100\/100\n|turn|20\n|\n|t:|1700331139\n|move|p2a: Kommo-o|Clanging Scales|p1a: Vappy\n|-damage|p1a: Vappy|12\/100 par\n|-unboost|p2a: Kommo-o|def|1\n|-enditem|p2a: Kommo-o|Throat Spray\n|-boost|p2a: Kommo-o|spa|1|[from] item: Throat Spray\n|move|p1a: Vappy|Ice Beam|p2a: Kommo-o\n|-supereffective|p2a: Kommo-o\n|-damage|p2a: Kommo-o|0 fnt\n|faint|p2a: Kommo-o\n|\n|win|TomatoKat1\n|raw|TomatoKat1's rating: 1119 &rarr; <strong>1137<\/strong><br \/>(+18 for winning)\n|raw|Nyfo's rating: 1017 &rarr; <strong>1008<\/strong><br \/>(-9 for losing)\n|l|\u2606Nyfo\n|l|\u2606TomatoKat1\n|j|\u2606TomatoKat1\n|player|p1|TomatoKat1|1\n","uploadtime":1700331178,"views":65,"p1id":"tomatokat1","p2id":"nyfo","formatid":"gen9ou","rating":1008,"private":0,"password":""}