{"id":"gen9ou-1993847311","p1":"Wer223","p2":"Changos mugrosos","format":"[Gen 9] OU","log":"|j|\u2606Wer223\n|j|\u2606Changos mugrosos\n|t:|1700364738\n|gametype|singles\n|player|p1|Wer223|169|1447\n|player|p2|Changos mugrosos|265|1531\n|teamsize|p1|6\n|teamsize|p2|6\n|gen|9\n|tier|[Gen 9] OU\n|rated|\n|rule|Sleep Clause Mod: Limit one foe put to sleep\n|rule|Species Clause: Limit one of each Pok\u00e9mon\n|rule|OHKO Clause: OHKO moves are banned\n|rule|Evasion Items Clause: Evasion items are banned\n|rule|Evasion Moves Clause: Evasion moves are banned\n|rule|Endless Battle Clause: Forcing endless battles is banned\n|rule|HP Percentage Mod: HP is shown in percentages\n|clearpoke\n|poke|p1|Manaphy|\n|poke|p1|Kingambit, M|\n|poke|p1|Ribombee, F|\n|poke|p1|Gholdengo|\n|poke|p1|Iron Moth|\n|poke|p1|Ogerpon-Wellspring, F|\n|poke|p2|Ninetales-Alola, M|\n|poke|p2|Hatterene, F|\n|poke|p2|Dragapult, M|\n|poke|p2|Heatran, F|\n|poke|p2|Rotom-Wash|\n|poke|p2|Kingambit, M|\n|teampreview\n|\n|t:|1700364745\n|start\n|switch|p1a: wildfiree|Ribombee, F, shiny|100\/100\n|switch|p2a: Dragapult|Dragapult, M|100\/100\n|turn|1\n|inactive|Battle timer is ON: inactive players will automatically lose when time's up. (requested by Wer223)\n|\n|t:|1700364751\n|move|p2a: Dragapult|U-turn|p1a: wildfiree\n|-resisted|p1a: wildfiree\n|-damage|p1a: wildfiree|68\/100\n|\n|t:|1700364754\n|switch|p2a: Hatterene|Hatterene, F|100\/100|[from] U-turn\n|move|p1a: wildfiree|Moonblast|p2a: Hatterene\n|-damage|p2a: Hatterene|56\/100\n|\n|-heal|p2a: Hatterene|62\/100|[from] item: Leftovers\n|upkeep\n|turn|2\n|inactive|Wer223 has 120 seconds left.\n|\n|t:|1700364786\n|switch|p1a: wessin|Gholdengo|100\/100\n|-item|p1a: wessin|Air Balloon\n|move|p2a: Hatterene|Nuzzle|p1a: wessin\n|-damage|p1a: wessin|96\/100\n|-status|p1a: wessin|par\n|-enditem|p1a: wessin|Air Balloon\n|\n|-heal|p2a: Hatterene|68\/100|[from] item: Leftovers\n|upkeep\n|turn|3\n|\n|t:|1700364794\n|switch|p2a: Heatran|Heatran, F|100\/100\n|move|p1a: wessin|Shadow Ball|p2a: Heatran\n|-damage|p2a: Heatran|76\/100\n|\n|-heal|p2a: Heatran|82\/100|[from] item: Leftovers\n|upkeep\n|turn|4\n|\n|t:|1700364800\n|switch|p1a: HPDARKEAGLE|Manaphy|100\/100\n|move|p2a: Heatran|Stealth Rock|p1a: HPDARKEAGLE\n|-sidestart|p1: Wer223|move: Stealth Rock\n|\n|-heal|p2a: Heatran|88\/100|[from] item: Leftovers\n|upkeep\n|turn|5\n|\n|t:|1700364812\n|switch|p2a: Ninetales|Ninetales-Alola, M|100\/100\n|-weather|Snow|[from] ability: Snow Warning|[of] p2a: Ninetales\n|move|p1a: HPDARKEAGLE|Take Heart|p1a: HPDARKEAGLE\n|-boost|p1a: HPDARKEAGLE|spa|1\n|-boost|p1a: HPDARKEAGLE|spd|1\n|\n|-weather|Snow|[upkeep]\n|upkeep\n|turn|6\n|\n|t:|1700364822\n|move|p2a: Ninetales|Encore|p1a: HPDARKEAGLE\n|-start|p1a: HPDARKEAGLE|Encore\n|move|p1a: HPDARKEAGLE|Take Heart|p1a: HPDARKEAGLE\n|-boost|p1a: HPDARKEAGLE|spa|1\n|-boost|p1a: HPDARKEAGLE|spd|1\n|\n|-weather|Snow|[upkeep]\n|upkeep\n|turn|7\n|\n|t:|1700364828\n|switch|p1a: wessin|Gholdengo|96\/100 par\n|-damage|p1a: wessin|90\/100 par|[from] Stealth Rock\n|move|p2a: Ninetales|Aurora Veil|p2a: Ninetales\n|-sidestart|p2: Changos mugrosos|move: Aurora Veil\n|\n|-weather|Snow|[upkeep]\n|upkeep\n|turn|8\n|\n|t:|1700364837\n|switch|p2a: Heatran|Heatran, F|88\/100\n|move|p1a: wessin|Make It Rain|p2a: Heatran\n|-resisted|p2a: Heatran\n|-damage|p2a: Heatran|83\/100\n|-unboost|p1a: wessin|spa|1\n|\n|-weather|Snow|[upkeep]\n|-heal|p2a: Heatran|89\/100|[from] item: Leftovers\n|upkeep\n|turn|9\n|\n|t:|1700364842\n|switch|p1a: HPDARKEAGLE|Manaphy|100\/100\n|-damage|p1a: HPDARKEAGLE|88\/100|[from] Stealth Rock\n|move|p2a: Heatran|Magma Storm|p1a: HPDARKEAGLE\n|-resisted|p1a: HPDARKEAGLE\n|-damage|p1a: HPDARKEAGLE|68\/100\n|-activate|p1a: HPDARKEAGLE|move: Magma Storm|[of] p2a: Heatran\n|\n|-weather|none\n|-heal|p1a: HPDARKEAGLE|74\/100|[from] item: Leftovers\n|-heal|p2a: Heatran|96\/100|[from] item: Leftovers\n|-damage|p1a: HPDARKEAGLE|61\/100|[from] move: Magma Storm|[partiallytrapped]\n|upkeep\n|turn|10\n|\n|t:|1700364852\n|switch|p2a: Rotom|Rotom-Wash|100\/100\n|move|p1a: HPDARKEAGLE|Take Heart|p1a: HPDARKEAGLE\n|-boost|p1a: HPDARKEAGLE|spa|1\n|-boost|p1a: HPDARKEAGLE|spd|1\n|\n|-heal|p1a: HPDARKEAGLE|67\/100|[from] item: Leftovers\n|-end|p1a: HPDARKEAGLE|Magma Storm|[partiallytrapped]|[silent]\n|upkeep\n|turn|11\n|\n|t:|1700364858\n|move|p2a: Rotom|Trick|p1a: HPDARKEAGLE\n|-activate|p2a: Rotom|move: Trick|[of] p1a: HPDARKEAGLE\n|-item|p1a: HPDARKEAGLE|Choice Scarf|[from] move: Trick\n|-item|p2a: Rotom|Leftovers|[from] move: Trick\n|move|p1a: HPDARKEAGLE|Take Heart|p1a: HPDARKEAGLE\n|-boost|p1a: HPDARKEAGLE|spa|1\n|-boost|p1a: HPDARKEAGLE|spd|1\n|\n|upkeep\n|turn|12\n|\n|t:|1700364866\n|move|p1a: HPDARKEAGLE|Take Heart|p1a: HPDARKEAGLE\n|-boost|p1a: HPDARKEAGLE|spa|1\n|-boost|p1a: HPDARKEAGLE|spd|1\n|move|p2a: Rotom|Discharge|p1a: HPDARKEAGLE\n|-supereffective|p1a: HPDARKEAGLE\n|-damage|p1a: HPDARKEAGLE|42\/100\n|\n|upkeep\n|turn|13\n|\n|t:|1700364871\n|move|p1a: HPDARKEAGLE|Take Heart|p1a: HPDARKEAGLE\n|-boost|p1a: HPDARKEAGLE|spa|1\n|-boost|p1a: HPDARKEAGLE|spd|1\n|move|p2a: Rotom|Discharge|p1a: HPDARKEAGLE\n|-supereffective|p1a: HPDARKEAGLE\n|-damage|p1a: HPDARKEAGLE|19\/100\n|\n|upkeep\n|turn|14\n|\n|t:|1700364875\n|move|p1a: HPDARKEAGLE|Take Heart|p1a: HPDARKEAGLE\n|-boost|p1a: HPDARKEAGLE|spa|1\n|-boost|p1a: HPDARKEAGLE|spd|1\n|move|p2a: Rotom|Volt Switch|p1a: HPDARKEAGLE\n|-supereffective|p1a: HPDARKEAGLE\n|-damage|p1a: HPDARKEAGLE|2\/100\n|\n|t:|1700364877\n|switch|p2a: Ninetales|Ninetales-Alola, M|100\/100|[from] Volt Switch\n|-weather|Snow|[from] ability: Snow Warning|[of] p2a: Ninetales\n|\n|-weather|Snow|[upkeep]\n|-sideend|p2: Changos mugrosos|move: Aurora Veil\n|upkeep\n|turn|15\n|\n|t:|1700364894\n|switch|p1a: scarlet|Iron Moth|100\/100\n|-damage|p1a: scarlet|76\/100|[from] Stealth Rock\n|-enditem|p1a: scarlet|Booster Energy\n|-activate|p1a: scarlet|ability: Quark Drive|[fromitem]\n|-start|p1a: scarlet|quarkdrivespe\n|move|p2a: Ninetales|Aurora Veil|p2a: Ninetales\n|-sidestart|p2: Changos mugrosos|move: Aurora Veil\n|\n|-weather|Snow|[upkeep]\n|upkeep\n|turn|16\n|\n|t:|1700364899\n|switch|p2a: Heatran|Heatran, F|96\/100\n|move|p1a: scarlet|Substitute|p1a: scarlet\n|-start|p1a: scarlet|Substitute\n|-damage|p1a: scarlet|51\/100\n|\n|-weather|Snow|[upkeep]\n|-heal|p2a: Heatran|100\/100|[from] item: Leftovers\n|upkeep\n|turn|17\n|\n|t:|1700364917\n|move|p1a: scarlet|Psychic|p2a: Heatran\n|-resisted|p2a: Heatran\n|-damage|p2a: Heatran|96\/100\n|-unboost|p2a: Heatran|spd|1\n|move|p2a: Heatran|Earth Power|p1a: scarlet\n|-supereffective|p1a: scarlet\n|-end|p1a: scarlet|Substitute\n|\n|-weather|Snow|[upkeep]\n|-heal|p2a: Heatran|100\/100|[from] item: Leftovers\n|upkeep\n|turn|18\n|\n|t:|1700364921\n|-end|p1a: scarlet|Quark Drive|[silent]\n|switch|p1a: HPDARKEAGLE|Manaphy|2\/100\n|-damage|p1a: HPDARKEAGLE|0 fnt|[from] Stealth Rock\n|faint|p1a: HPDARKEAGLE\n|move|p2a: Heatran|Earth Power|p1: HPDARKEAGLE|[notarget]\n|-fail|p2a: Heatran\n|\n|-weather|none\n|upkeep\n|\n|t:|1700364928\n|switch|p1a: faya|Ogerpon-Wellspring, F|100\/100\n|-damage|p1a: faya|88\/100|[from] Stealth Rock\n|turn|19\n|\n|t:|1700364933\n|switch|p2a: Ninetales|Ninetales-Alola, M|100\/100\n|-weather|Snow|[from] ability: Snow Warning|[of] p2a: Ninetales\n|move|p1a: faya|Swords Dance|p1a: faya\n|-boost|p1a: faya|atk|2\n|\n|-weather|Snow|[upkeep]\n|upkeep\n|turn|20\n|\n|t:|1700364951\n|move|p1a: faya|Power Whip|p2a: Ninetales\n|-damage|p2a: Ninetales|42\/100\n|move|p2a: Ninetales|Freeze-Dry|p1a: faya\n|-supereffective|p1a: faya\n|-damage|p1a: faya|0 fnt\n|faint|p1a: faya\n|\n|-weather|Snow|[upkeep]\n|upkeep\n|\n|t:|1700364960\n|switch|p1a: wessin|Gholdengo|90\/100 par\n|-damage|p1a: wessin|83\/100 par|[from] Stealth Rock\n|turn|21\n|\n|t:|1700364964\n|switch|p2a: Heatran|Heatran, F|100\/100\n|move|p1a: wessin|Make It Rain|p2a: Heatran\n|-resisted|p2a: Heatran\n|-damage|p2a: Heatran|95\/100\n|-unboost|p1a: wessin|spa|1\n|\n|-weather|Snow|[upkeep]\n|-heal|p2a: Heatran|100\/100|[from] item: Leftovers\n|upkeep\n|turn|22\n|\n|t:|1700364967\n|move|p2a: Heatran|Magma Storm|p1a: wessin\n|-supereffective|p1a: wessin\n|-damage|p1a: wessin|0 fnt\n|faint|p1a: wessin\n|\n|-weather|Snow|[upkeep]\n|-sideend|p2: Changos mugrosos|move: Aurora Veil\n|upkeep\n|\n|t:|1700364973\n|switch|p1a: wildfiree|Ribombee, F, shiny|68\/100\n|-damage|p1a: wildfiree|43\/100|[from] Stealth Rock\n|turn|23\n|\n|t:|1700364976\n|switch|p2a: Hatterene|Hatterene, F|68\/100\n|move|p1a: wildfiree|Stun Spore|p2a: Hatterene\n|move|p2a: Hatterene|Stun Spore|p1a: wildfiree|[from]ability: Magic Bounce\n|-status|p1a: wildfiree|par\n|\n|-weather|none\n|-heal|p2a: Hatterene|74\/100|[from] item: Leftovers\n|upkeep\n|turn|24\n|\n|t:|1700364980\n|move|p1a: wildfiree|Moonblast|p2a: Hatterene\n|-damage|p2a: Hatterene|32\/100\n|-unboost|p2a: Hatterene|spa|1\n|move|p2a: Hatterene|Psyshock|p1a: wildfiree\n|-damage|p1a: wildfiree|0 fnt\n|faint|p1a: wildfiree\n|\n|-heal|p2a: Hatterene|38\/100|[from] item: Leftovers\n|upkeep\n|\n|t:|1700364992\n|switch|p1a: awyp|Kingambit, M|100\/100\n|-damage|p1a: awyp|94\/100|[from] Stealth Rock\n|-activate|p1a: awyp|ability: Supreme Overlord\n|-start|p1a: awyp|fallen4|[silent]\n|turn|25\n|\n|t:|1700365001\n|move|p1a: awyp|Swords Dance|p1a: awyp\n|-boost|p1a: awyp|atk|2\n|move|p2a: Hatterene|Nuzzle|p1a: awyp\n|-damage|p1a: awyp|90\/100\n|-status|p1a: awyp|par\n|\n|-heal|p2a: Hatterene|44\/100|[from] item: Leftovers\n|upkeep\n|turn|26\n|\n|t:|1700365011\n|switch|p2a: Ninetales|Ninetales-Alola, M|42\/100\n|-weather|Snow|[from] ability: Snow Warning|[of] p2a: Ninetales\n|move|p1a: awyp|Swords Dance|p1a: awyp\n|-boost|p1a: awyp|atk|2\n|\n|-weather|Snow|[upkeep]\n|upkeep\n|turn|27\n|\n|t:|1700365019\n|-end|p1a: awyp|fallen4|[silent]\n|switch|p1a: scarlet|Iron Moth|51\/100\n|-damage|p1a: scarlet|26\/100|[from] Stealth Rock\n|move|p2a: Ninetales|Encore||[still]\n|-fail|p2a: Ninetales\n|\n|-weather|Snow|[upkeep]\n|upkeep\n|turn|28\n|-message|Wer223 forfeited.\n|\n|win|Changos mugrosos\n|raw|Wer223's rating: 1447 &rarr; <strong>1432<\/strong><br \/>(-15 for losing)\n|raw|Changos mugrosos's rating: 1531 &rarr; <strong>1546<\/strong><br \/>(+15 for winning)\n|l|\u2606Wer223\n","uploadtime":1700365184,"views":9,"p1id":"wer223","p2id":"changosmugrosos","formatid":"gen9ou","rating":1432,"private":0,"password":""}