{"id":"gen9ou-2000487078","p1":"samus45","p2":"Fusca1","format":"[Gen 9] OU","log":"|j|\u2606samus45\n|j|\u2606Fusca1\n|t:|1701198919\n|gametype|singles\n|player|p1|samus45|266|1030\n|player|p2|Fusca1|265|1040\n|teamsize|p1|6\n|teamsize|p2|6\n|gen|9\n|tier|[Gen 9] OU\n|rated|\n|rule|Sleep Clause Mod: Limit one foe put to sleep\n|rule|Species Clause: Limit one of each Pok\u00e9mon\n|rule|OHKO Clause: OHKO moves are banned\n|rule|Evasion Items Clause: Evasion items are banned\n|rule|Evasion Moves Clause: Evasion moves are banned\n|rule|Endless Battle Clause: Forcing endless battles is banned\n|rule|HP Percentage Mod: HP is shown in percentages\n|clearpoke\n|poke|p1|Glimmora, F|\n|poke|p1|Garchomp, M|\n|poke|p1|Magnezone|\n|poke|p1|Chansey, F|\n|poke|p1|Slowking, M|\n|poke|p1|Maushold-Four|\n|poke|p2|Magikarp, M|\n|poke|p2|Ceruledge, M|\n|poke|p2|Vaporeon, M|\n|poke|p2|Magnezone|\n|poke|p2|Rillaboom, M|\n|poke|p2|Gengar, M|\n|teampreview\n|inactive|Battle timer is ON: inactive players will automatically lose when time's up. (requested by samus45)\n|\n|t:|1701198925\n|start\n|switch|p1a: Glimmora|Glimmora, F, shiny|100\/100\n|switch|p2a: Magnezone|Magnezone|100\/100\n|turn|1\n|\n|t:|1701198940\n|move|p1a: Glimmora|Stealth Rock|p2a: Magnezone\n|-sidestart|p2: Fusca1|move: Stealth Rock\n|move|p2a: Magnezone|Light Screen|p2a: Magnezone\n|-sidestart|p2: Fusca1|move: Light Screen\n|\n|upkeep\n|turn|2\n|\n|t:|1701198953\n|move|p1a: Glimmora|Earth Power|p2a: Magnezone\n|-supereffective|p2a: Magnezone\n|-damage|p2a: Magnezone|36\/100\n|move|p2a: Magnezone|Thunder|p1a: Glimmora\n|-damage|p1a: Glimmora|23\/100\n|\n|upkeep\n|turn|3\n|\n|t:|1701198963\n|switch|p2a: Vaporeon|Vaporeon, M|100\/100\n|-damage|p2a: Vaporeon|88\/100|[from] Stealth Rock\n|move|p1a: Glimmora|Earth Power|p2a: Vaporeon\n|-damage|p2a: Vaporeon|78\/100\n|\n|upkeep\n|turn|4\n|\n|t:|1701198972\n|move|p1a: Glimmora|Spiky Shield|p1a: Glimmora\n|-singleturn|p1a: Glimmora|move: Protect\n|move|p2a: Vaporeon|Ice Beam|p1a: Glimmora\n|-activate|p1a: Glimmora|move: Protect\n|\n|upkeep\n|turn|5\n|\n|t:|1701198984\n|switch|p1a: Slowking|Slowking, M|100\/100\n|move|p2a: Vaporeon|Rain Dance|p2a: Vaporeon\n|-weather|RainDance\n|\n|-weather|RainDance|[upkeep]\n|-sideend|p2: Fusca1|move: Light Screen\n|upkeep\n|turn|6\n|\n|t:|1701198992\n|switch|p2a: Gengar|Gengar, M|100\/100\n|-damage|p2a: Gengar|88\/100|[from] Stealth Rock\n|move|p1a: Slowking|Grass Knot|p2a: Gengar\n|-resisted|p2a: Gengar\n|-damage|p2a: Gengar|80\/100\n|\n|-weather|RainDance|[upkeep]\n|upkeep\n|turn|7\n|\n|t:|1701199007\n|move|p2a: Gengar|Shadow Ball|p1a: Slowking\n|-supereffective|p1a: Slowking\n|-damage|p1a: Slowking|39\/100\n|move|p1a: Slowking|Future Sight|p2a: Gengar\n|-start|p1a: Slowking|move: Future Sight\n|\n|-weather|RainDance|[upkeep]\n|upkeep\n|turn|8\n|\n|t:|1701199015\n|switch|p1a: Maushold|Maushold-Four|100\/100\n|move|p2a: Gengar|Shadow Ball|p1a: Maushold\n|-immune|p1a: Maushold\n|\n|-weather|RainDance|[upkeep]\n|upkeep\n|turn|9\n|\n|t:|1701199030\n|switch|p2a: Vaporeon|Vaporeon, M|78\/100\n|-damage|p2a: Vaporeon|66\/100|[from] Stealth Rock\n|move|p1a: Maushold|Tidy Up|p1a: Maushold\n|-sideend|p2: Fusca1|Stealth Rock\n|-activate|p1a: Maushold|move: Tidy Up\n|-boost|p1a: Maushold|atk|1\n|-boost|p1a: Maushold|spe|1\n|\n|-weather|none\n|-end|p2a: Vaporeon|move: Future Sight\n|-damage|p2a: Vaporeon|33\/100\n|upkeep\n|turn|10\n|\n|t:|1701199044\n|move|p2a: Vaporeon|Protect|p2a: Vaporeon\n|-singleturn|p2a: Vaporeon|Protect\n|move|p1a: Maushold|Population Bomb|p2a: Vaporeon\n|-activate|p2a: Vaporeon|move: Protect\n|\n|upkeep\n|turn|11\n|\n|t:|1701199052\n|move|p1a: Maushold|Bullet Seed|p2a: Vaporeon\n|-supereffective|p2a: Vaporeon\n|-damage|p2a: Vaporeon|4\/100\n|-supereffective|p2a: Vaporeon\n|-damage|p2a: Vaporeon|0 fnt\n|faint|p2a: Vaporeon\n|-hitcount|p2: Vaporeon|2\n|\n|upkeep\n|\n|t:|1701199062\n|switch|p2a: Magikarp|Magikarp, M|100\/100\n|turn|12\n|\n|t:|1701199069\n|move|p1a: Maushold|Bullet Seed|p2a: Magikarp\n|-supereffective|p2a: Magikarp\n|-damage|p2a: Magikarp|25\/100\n|-supereffective|p2a: Magikarp\n|-damage|p2a: Magikarp|0 fnt\n|faint|p2a: Magikarp\n|-hitcount|p2: Magikarp|2\n|\n|upkeep\n|\n|t:|1701199079\n|switch|p2a: Ceruledge|Ceruledge, M, shiny|100\/100\n|turn|13\n|\n|t:|1701199084\n|move|p1a: Maushold|Population Bomb|p2a: Ceruledge\n|-immune|p2a: Ceruledge\n|move|p2a: Ceruledge|Bulk Up|p2a: Ceruledge\n|-boost|p2a: Ceruledge|atk|1\n|-boost|p2a: Ceruledge|def|1\n|\n|upkeep\n|turn|14\n|\n|t:|1701199099\n|switch|p1a: Slowking|Slowking, M|72\/100\n|move|p2a: Ceruledge|Iron Head|p1a: Slowking\n|-resisted|p1a: Slowking\n|-damage|p1a: Slowking|56\/100\n|\n|upkeep\n|turn|15\n|\n|t:|1701199106\n|move|p2a: Ceruledge|Dragon Claw|p1a: Slowking\n|-damage|p1a: Slowking|19\/100\n|move|p1a: Slowking|Future Sight|p2a: Ceruledge\n|-start|p1a: Slowking|move: Future Sight\n|\n|upkeep\n|turn|16\n|\n|t:|1701199115\n|move|p2a: Ceruledge|Dragon Claw|p1a: Slowking\n|-damage|p1a: Slowking|0 fnt\n|faint|p1a: Slowking\n|\n|upkeep\n|\n|t:|1701199119\n|switch|p1a: Garchomp|Garchomp, M, shiny|100\/100\n|turn|17\n|\n|t:|1701199127\n|-terastallize|p1a: Garchomp|Ground\n|move|p1a: Garchomp|Earthquake|p2a: Ceruledge\n|-supereffective|p2a: Ceruledge\n|-damage|p2a: Ceruledge|3\/100\n|-ability|p2a: Ceruledge|Weak Armor|boost\n|-unboost|p2a: Ceruledge|def|1\n|-boost|p2a: Ceruledge|spe|2\n|move|p2a: Ceruledge|Dragon Claw|p1a: Garchomp\n|-damage|p1a: Garchomp|63\/100\n|-damage|p2a: Ceruledge|0 fnt|[from] ability: Rough Skin|[of] p1a: Garchomp\n|faint|p2a: Ceruledge\n|\n|-hint|Future Sight did not hit because the target is fainted.\n|upkeep\n|\n|t:|1701199146\n|switch|p2a: Rillaboom|Rillaboom, M|100\/100\n|turn|18\n|\n|t:|1701199165\n|move|p1a: Garchomp|Swords Dance|p1a: Garchomp\n|-boost|p1a: Garchomp|atk|2\n|move|p2a: Rillaboom|Drum Beating|p1a: Garchomp\n|-supereffective|p1a: Garchomp\n|-damage|p1a: Garchomp|0 fnt\n|faint|p1a: Garchomp\n|\n|upkeep\n|inactive|samus45 has 120 seconds left.\n|inactive|samus45 has 90 seconds left.\n|\n|t:|1701199215\n|switch|p1a: Chansey|Chansey, F, shiny|100\/100\n|turn|19\n|\n|t:|1701199227\n|move|p2a: Rillaboom|Brick Break|p1a: Chansey\n|-supereffective|p1a: Chansey\n|-damage|p1a: Chansey|61\/100\n|move|p1a: Chansey|Dazzling Gleam|p2a: Rillaboom\n|-damage|p2a: Rillaboom|89\/100\n|\n|upkeep\n|turn|20\n|\n|t:|1701199237\n|move|p2a: Rillaboom|Earthquake|p1a: Chansey\n|-damage|p1a: Chansey|38\/100\n|move|p1a: Chansey|Seismic Toss|p2a: Rillaboom\n|-damage|p2a: Rillaboom|59\/100\n|\n|upkeep\n|turn|21\n|\n|t:|1701199248\n|move|p2a: Rillaboom|Brick Break|p1a: Chansey\n|-supereffective|p1a: Chansey\n|-damage|p1a: Chansey|3\/100\n|move|p1a: Chansey|Light Screen|p1a: Chansey\n|-sidestart|p1: samus45|move: Light Screen\n|\n|upkeep\n|turn|22\n|\n|t:|1701199254\n|move|p2a: Rillaboom|Brick Break|p1a: Chansey\n|-sideend|p1: samus45|move: Light Screen\n|-supereffective|p1a: Chansey\n|-damage|p1a: Chansey|0 fnt\n|faint|p1a: Chansey\n|\n|upkeep\n|\n|t:|1701199260\n|switch|p1a: Magnezone|Magnezone|100\/100\n|turn|23\n|\n|t:|1701199267\n|move|p1a: Magnezone|Flash Cannon|p2a: Rillaboom\n|-damage|p2a: Rillaboom|0 fnt\n|faint|p2a: Rillaboom\n|\n|upkeep\n|\n|t:|1701199272\n|switch|p2a: Gengar|Gengar, M|80\/100\n|turn|24\n|inactive|samus45 has 120 seconds left.\n|\n|t:|1701199297\n|move|p1a: Magnezone|Flash Cannon|p2a: Gengar\n|-damage|p2a: Gengar|25\/100\n|move|p2a: Gengar|Energy Ball|p1a: Magnezone\n|-resisted|p1a: Magnezone\n|-crit|p1a: Magnezone\n|-damage|p1a: Magnezone|73\/100\n|\n|upkeep\n|turn|25\n|\n|t:|1701199305\n|-terastallize|p2a: Gengar|Ghost\n|move|p1a: Magnezone|Flash Cannon|p2a: Gengar\n|-damage|p2a: Gengar|0 fnt\n|faint|p2a: Gengar\n|\n|upkeep\n|\n|t:|1701199312\n|switch|p2a: Magnezone|Magnezone|36\/100\n|turn|26\n|inactive|samus45 has 120 seconds left.\n|\n|t:|1701199323\n|move|p1a: Magnezone|Flash Cannon|p2a: Magnezone\n|-resisted|p2a: Magnezone\n|-damage|p2a: Magnezone|24\/100\n|move|p2a: Magnezone|Thunder|p1a: Magnezone\n|-resisted|p1a: Magnezone\n|-damage|p1a: Magnezone|26\/100\n|\n|upkeep\n|turn|27\n|inactive|samus45 has 120 seconds left.\n|\n|t:|1701199333\n|move|p1a: Magnezone|Flash Cannon|p2a: Magnezone\n|-resisted|p2a: Magnezone\n|-damage|p2a: Magnezone|10\/100\n|-unboost|p2a: Magnezone|spd|1\n|move|p2a: Magnezone|Thunder|p1a: Magnezone\n|-resisted|p1a: Magnezone\n|-damage|p1a: Magnezone|0 fnt\n|faint|p1a: Magnezone\n|\n|upkeep\n|\n|t:|1701199338\n|switch|p1a: Maushold|Maushold-Four|100\/100\n|turn|28\n|\n|t:|1701199347\n|move|p1a: Maushold|Population Bomb|p2a: Magnezone\n|-resisted|p2a: Magnezone\n|-damage|p2a: Magnezone|6\/100\n|-hitcount|p2a: Magnezone|1\n|move|p2a: Magnezone|Thunder|p1a: Maushold\n|-damage|p1a: Maushold|0 fnt\n|faint|p1a: Maushold\n|\n|upkeep\n|\n|t:|1701199353\n|switch|p1a: Glimmora|Glimmora, F, shiny|23\/100\n|turn|29\n|\n|t:|1701199360\n|move|p1a: Glimmora|Mortal Spin|p2a: Magnezone\n|-immune|p2a: Magnezone\n|move|p2a: Magnezone|Thunder|p1a: Glimmora\n|-damage|p1a: Glimmora|0 fnt\n|faint|p1a: Glimmora\n|\n|win|Fusca1\n|raw|samus45's rating: 1030 &rarr; <strong>1016<\/strong><br \/>(-14 for losing)\n|raw|Fusca1's rating: 1040 &rarr; <strong>1073<\/strong><br \/>(+33 for winning)\n|c|\u2606Fusca1|GG\n|l|\u2606samus45\n|c|\u2606Fusca1|i has luck\n","uploadtime":1701199936,"views":0,"p1id":"samus45","p2id":"fusca1","formatid":"gen9ou","rating":1016,"private":0,"password":""}