{"id":"gen9ou-1999497698","p1":"coolaidt","p2":"Wattinculo","format":"[Gen 9] OU","log":"|j|\u2606coolaidt\n|j|\u2606Wattinculo\n|t:|1701089218\n|gametype|singles\n|player|p1|coolaidt|101|1703\n|player|p2|Wattinculo|102|1674\n|teamsize|p1|6\n|teamsize|p2|6\n|gen|9\n|tier|[Gen 9] OU\n|rated|\n|rule|Sleep Clause Mod: Limit one foe put to sleep\n|rule|Species Clause: Limit one of each Pok\u00e9mon\n|rule|OHKO Clause: OHKO moves are banned\n|rule|Evasion Items Clause: Evasion items are banned\n|rule|Evasion Moves Clause: Evasion moves are banned\n|rule|Endless Battle Clause: Forcing endless battles is banned\n|rule|HP Percentage Mod: HP is shown in percentages\n|clearpoke\n|poke|p1|Gholdengo|\n|poke|p1|Garganacl, M|\n|poke|p1|Landorus-Therian, M|\n|poke|p1|Hatterene, F|\n|poke|p1|Cinderace, F|\n|poke|p1|Okidogi, M|\n|poke|p2|Dragapult, M|\n|poke|p2|Great Tusk|\n|poke|p2|Corviknight, F|\n|poke|p2|Gholdengo|\n|poke|p2|Slowking-Galar, F|\n|poke|p2|Samurott-Hisui, F|\n|teampreview\n|inactive|Battle timer is ON: inactive players will automatically lose when time's up. (requested by Wattinculo)\n|inactive|coolaidt also wants the timer to be on.\n|\n|t:|1701089223\n|start\n|switch|p1a: Cinderace|Cinderace, F|100\/100\n|switch|p2a: Slowking|Slowking-Galar, F|100\/100\n|turn|1\n|\n|t:|1701089230\n|-terastallize|p2a: Slowking|Water\n|move|p1a: Cinderace|Pyro Ball|p2a: Slowking\n|-resisted|p2a: Slowking\n|-crit|p2a: Slowking\n|-damage|p2a: Slowking|38\/100\n|move|p2a: Slowking|Surf|p1a: Cinderace\n|-supereffective|p1a: Cinderace\n|-damage|p1a: Cinderace|0 fnt\n|faint|p1a: Cinderace\n|\n|upkeep\n|inactive|coolaidt has 120 seconds left.\n|\n|t:|1701089267\n|switch|p1a: Garganacl|Garganacl, M|100\/100\n|turn|2\n|inactive|coolaidt has 120 seconds left.\n|\n|t:|1701089277\n|switch|p2a: Great Tusk|Great Tusk|100\/100\n|move|p1a: Garganacl|Salt Cure|p2a: Great Tusk\n|-resisted|p2a: Great Tusk\n|-damage|p2a: Great Tusk|99\/100\n|-start|p2a: Great Tusk|Salt Cure\n|\n|-heal|p2a: Great Tusk|100\/100|[from] item: Leftovers\n|-damage|p2a: Great Tusk|88\/100|[from] Salt Cure\n|upkeep\n|turn|3\n|inactive|coolaidt has 120 seconds left.\n|\n|t:|1701089288\n|-terastallize|p1a: Garganacl|Water\n|move|p2a: Great Tusk|Knock Off|p1a: Garganacl\n|-damage|p1a: Garganacl|83\/100\n|-enditem|p1a: Garganacl|Leftovers|[from] move: Knock Off|[of] p2a: Great Tusk\n|move|p1a: Garganacl|Iron Defense|p1a: Garganacl\n|-boost|p1a: Garganacl|def|2\n|\n|-heal|p2a: Great Tusk|94\/100|[from] item: Leftovers\n|-damage|p2a: Great Tusk|82\/100|[from] Salt Cure\n|upkeep\n|turn|4\n|j| dfdfgbdfg\n|j| Ran Kob\n|\n|t:|1701089307\n|-end|p2a: Great Tusk|Protosynthesis|[silent]\n|switch|p2a: Gholdengo|Gholdengo|100\/100\n|move|p1a: Garganacl|Salt Cure|p2a: Gholdengo\n|-resisted|p2a: Gholdengo\n|-damage|p2a: Gholdengo|93\/100\n|-start|p2a: Gholdengo|Salt Cure\n|\n|-damage|p2a: Gholdengo|68\/100|[from] Salt Cure\n|upkeep\n|turn|5\n|\n|t:|1701089317\n|move|p2a: Gholdengo|Trick|p1a: Garganacl\n|-activate|p2a: Gholdengo|move: Trick|[of] p1a: Garganacl\n|-item|p1a: Garganacl|Choice Scarf|[from] move: Trick\n|-enditem|p2a: Gholdengo|Choice Scarf|[silent]|[from] move: Trick\n|move|p1a: Garganacl|Salt Cure|p2a: Gholdengo\n|-resisted|p2a: Gholdengo\n|-damage|p2a: Gholdengo|61\/100\n|\n|-damage|p2a: Gholdengo|36\/100|[from] Salt Cure\n|upkeep\n|turn|6\n|j| Ultramanball1\n|\n|t:|1701089326\n|switch|p2a: Great Tusk|Great Tusk|82\/100\n|move|p1a: Garganacl|Salt Cure|p2a: Great Tusk\n|-resisted|p2a: Great Tusk\n|-damage|p2a: Great Tusk|80\/100\n|-start|p2a: Great Tusk|Salt Cure\n|\n|-heal|p2a: Great Tusk|86\/100|[from] item: Leftovers\n|-damage|p2a: Great Tusk|74\/100|[from] Salt Cure\n|upkeep\n|turn|7\n|\n|t:|1701089335\n|switch|p1a: Landorus|Landorus-Therian, M|100\/100\n|-ability|p1a: Landorus|Intimidate|boost\n|-unboost|p2a: Great Tusk|atk|1\n|move|p2a: Great Tusk|Stealth Rock|p1a: Landorus\n|-sidestart|p1: coolaidt|move: Stealth Rock\n|\n|-heal|p2a: Great Tusk|80\/100|[from] item: Leftovers\n|-damage|p2a: Great Tusk|68\/100|[from] Salt Cure\n|upkeep\n|turn|8\n|\n|t:|1701089344\n|-end|p2a: Great Tusk|Protosynthesis|[silent]\n|switch|p2a: Corviknight|Corviknight, F|100\/100\n|-ability|p2a: Corviknight|Pressure\n|move|p1a: Landorus|Swords Dance|p1a: Landorus\n|-boost|p1a: Landorus|atk|2\n|\n|upkeep\n|turn|9\n|\n|t:|1701089348\n|move|p1a: Landorus|Stone Edge|p2a: Corviknight|[miss]\n|-miss|p1a: Landorus|p2a: Corviknight\n|move|p2a: Corviknight|U-turn|p1a: Landorus\n|-resisted|p1a: Landorus\n|-damage|p1a: Landorus|92\/100\n|\n|t:|1701089356\n|switch|p2a: Samurott|Samurott-Hisui, F|100\/100|[from] U-turn\n|\n|-heal|p1a: Landorus|98\/100|[from] item: Leftovers\n|upkeep\n|turn|10\n|\n|t:|1701089360\n|move|p1a: Landorus|Earthquake|p2a: Samurott\n|-enditem|p2a: Samurott|Focus Sash\n|-damage|p2a: Samurott|1\/100\n|move|p2a: Samurott|Razor Shell|p1a: Landorus\n|-supereffective|p1a: Landorus\n|-damage|p1a: Landorus|0 fnt\n|faint|p1a: Landorus\n|\n|upkeep\n|\n|t:|1701089367\n|switch|p1a: Garganacl|Garganacl, M, tera:Water|83\/100\n|-damage|p1a: Garganacl|71\/100|[from] Stealth Rock\n|turn|11\n|\n|t:|1701089373\n|move|p2a: Samurott|Ceaseless Edge|p1a: Garganacl\n|-damage|p1a: Garganacl|45\/100\n|-sidestart|p1: coolaidt|Spikes\n|move|p1a: Garganacl|Salt Cure|p2a: Samurott\n|-damage|p2a: Samurott|0 fnt\n|faint|p2a: Samurott\n|\n|upkeep\n|l| Ran Kob\n|inactive|Wattinculo has 120 seconds left.\n|\n|t:|1701089418\n|switch|p2a: Dragapult|Dragapult, M|100\/100\n|turn|12\n|j| mew852\n|inactive|coolaidt has 120 seconds left.\n|\n|t:|1701089461\n|switch|p1a: Hatterene|Hatterene, F, shiny|100\/100\n|-damage|p1a: Hatterene|88\/100|[from] Stealth Rock\n|-damage|p1a: Hatterene|76\/100|[from] Spikes\n|move|p2a: Dragapult|Substitute|p2a: Dragapult\n|-start|p2a: Dragapult|Substitute\n|-damage|p2a: Dragapult|76\/100\n|\n|-heal|p2a: Dragapult|82\/100|[from] item: Leftovers\n|upkeep\n|turn|13\n|\n|t:|1701089470\n|move|p2a: Dragapult|Hex|p1a: Hatterene\n|-supereffective|p1a: Hatterene\n|-damage|p1a: Hatterene|24\/100\n|move|p1a: Hatterene|Dazzling Gleam|p2a: Dragapult\n|-supereffective|p2a: Dragapult\n|-end|p2a: Dragapult|Substitute\n|\n|-heal|p2a: Dragapult|88\/100|[from] item: Leftovers\n|upkeep\n|turn|14\n|inactive|coolaidt has 120 seconds left.\n|\n|t:|1701089490\n|move|p2a: Dragapult|Hex|p1a: Hatterene\n|-supereffective|p1a: Hatterene\n|-damage|p1a: Hatterene|0 fnt\n|faint|p1a: Hatterene\n|\n|-heal|p2a: Dragapult|94\/100|[from] item: Leftovers\n|upkeep\n|j| Alderson\n|-message|coolaidt forfeited.\n|\n|win|Wattinculo\n|raw|coolaidt's rating: 1703 &rarr; <strong>1681<\/strong><br \/>(-22 for losing)\n|raw|Wattinculo's rating: 1674 &rarr; <strong>1696<\/strong><br \/>(+22 for winning)\n|l|\u2606coolaidt\n|l| Alderson\n|l|\u2606Wattinculo\n","uploadtime":1701089697,"views":3,"p1id":"coolaidt","p2id":"wattinculo","formatid":"gen9ou","rating":1681,"private":0,"password":""}