{"id":"gen9ou-1993316359","p1":"YouJUnzhen","p2":"pauluxo","format":"[Gen 9] OU","log":"|j|\u2606YouJUnzhen\n|j|\u2606pauluxo\n|t:|1700296787\n|gametype|singles\n|player|p1|YouJUnzhen|170|1220\n|player|p2|pauluxo|2|1341\n|teamsize|p1|6\n|teamsize|p2|6\n|gen|9\n|tier|[Gen 9] OU\n|rated|\n|rule|Sleep Clause Mod: Limit one foe put to sleep\n|rule|Species Clause: Limit one of each Pok\u00e9mon\n|rule|OHKO Clause: OHKO moves are banned\n|rule|Evasion Items Clause: Evasion items are banned\n|rule|Evasion Moves Clause: Evasion moves are banned\n|rule|Endless Battle Clause: Forcing endless battles is banned\n|rule|HP Percentage Mod: HP is shown in percentages\n|clearpoke\n|poke|p1|Fezandipiti, M|\n|poke|p1|Iron Valiant|\n|poke|p1|Dragapult, F|\n|poke|p1|Rotom-Wash|\n|poke|p1|Ogerpon-Wellspring, F|\n|poke|p1|Great Tusk|\n|poke|p2|Glimmora, M|\n|poke|p2|Landorus-Therian, M|\n|poke|p2|Great Tusk|\n|poke|p2|Ogerpon-Wellspring, F|\n|poke|p2|Gholdengo|\n|poke|p2|Kingambit, F|\n|teampreview\n|inactive|Battle timer is ON: inactive players will automatically lose when time's up. (requested by pauluxo)\n|\n|t:|1700296800\n|start\n|switch|p1a: Dragapult|Dragapult, F|100\/100\n|switch|p2a: Glimmora|Glimmora, M|100\/100\n|turn|1\n|\n|t:|1700296803\n|move|p1a: Dragapult|Draco Meteor|p2a: Glimmora\n|-damage|p2a: Glimmora|23\/100\n|-unboost|p1a: Dragapult|spa|2\n|move|p2a: Glimmora|Stealth Rock|p1a: Dragapult\n|-sidestart|p1: YouJUnzhen|move: Stealth Rock\n|\n|upkeep\n|turn|2\n|\n|t:|1700296808\n|switch|p2a: Kingambit|Kingambit, F|100\/100\n|move|p1a: Dragapult|Draco Meteor|p2a: Kingambit\n|-resisted|p2a: Kingambit\n|-damage|p2a: Kingambit|84\/100\n|-unboost|p1a: Dragapult|spa|2\n|\n|upkeep\n|turn|3\n|\n|t:|1700296813\n|-end|p2a: Kingambit|fallenundefined|[silent]\n|switch|p2a: Great Tusk|Great Tusk|100\/100\n|move|p1a: Dragapult|U-turn|p2a: Great Tusk\n|-resisted|p2a: Great Tusk\n|-damage|p2a: Great Tusk|95\/100\n|\n|t:|1700296821\n|switch|p1a: Rotom|Rotom-Wash|100\/100|[from] U-turn\n|-damage|p1a: Rotom|88\/100|[from] Stealth Rock\n|\n|-heal|p1a: Rotom|94\/100|[from] item: Leftovers\n|upkeep\n|turn|4\n|\n|t:|1700296828\n|-end|p2a: Great Tusk|Protosynthesis|[silent]\n|switch|p2a: Ogerpon|Ogerpon-Wellspring, F|100\/100\n|move|p1a: Rotom|Volt Switch|p2a: Ogerpon\n|-damage|p2a: Ogerpon|68\/100\n|\n|t:|1700296836\n|switch|p1a: Dragapult|Dragapult, F|100\/100|[from] Volt Switch\n|\n|upkeep\n|turn|5\n|\n|t:|1700296847\n|switch|p2a: Kingambit|Kingambit, F|84\/100\n|move|p1a: Dragapult|U-turn|p2a: Kingambit\n|-damage|p2a: Kingambit|71\/100\n|\n|t:|1700296853\n|switch|p1a: Great Tusk|Great Tusk|100\/100|[from] U-turn\n|-damage|p1a: Great Tusk|97\/100|[from] Stealth Rock\n|\n|upkeep\n|turn|6\n|\n|t:|1700296858\n|-end|p2a: Kingambit|fallenundefined|[silent]\n|switch|p2a: Landorus|Landorus-Therian, M|100\/100\n|-ability|p2a: Landorus|Intimidate|boost\n|-unboost|p1a: Great Tusk|atk|1\n|move|p1a: Great Tusk|Stealth Rock|p2a: Landorus\n|-sidestart|p2: pauluxo|move: Stealth Rock\n|\n|upkeep\n|turn|7\n|\n|t:|1700296863\n|move|p1a: Great Tusk|Rapid Spin|p2a: Landorus\n|-damage|p2a: Landorus|92\/100\n|-boost|p1a: Great Tusk|spe|1\n|-sideend|p1: YouJUnzhen|Stealth Rock|[from] move: Rapid Spin|[of] p1a: Great Tusk\n|move|p2a: Landorus|U-turn|p1a: Great Tusk\n|-resisted|p1a: Great Tusk\n|-damage|p1a: Great Tusk|92\/100\n|-damage|p2a: Landorus|75\/100|[from] item: Rocky Helmet|[of] p1a: Great Tusk\n|\n|t:|1700296869\n|switch|p2a: Gholdengo|Gholdengo|100\/100|[from] U-turn\n|-damage|p2a: Gholdengo|94\/100|[from] Stealth Rock\n|-item|p2a: Gholdengo|Air Balloon\n|\n|upkeep\n|turn|8\n|\n|t:|1700296876\n|-end|p1a: Great Tusk|Protosynthesis|[silent]\n|switch|p1a: Rotom|Rotom-Wash|94\/100\n|move|p2a: Gholdengo|Make It Rain|p1a: Rotom\n|-resisted|p1a: Rotom\n|-damage|p1a: Rotom|80\/100\n|-unboost|p2a: Gholdengo|spa|1\n|\n|-heal|p1a: Rotom|87\/100|[from] item: Leftovers\n|upkeep\n|turn|9\n|\n|t:|1700296883\n|move|p1a: Rotom|Volt Switch|p2a: Gholdengo\n|-damage|p2a: Gholdengo|72\/100\n|-enditem|p2a: Gholdengo|Air Balloon\n|\n|t:|1700296890\n|switch|p1a: Fezandipiti|Fezandipiti, M|100\/100|[from] Volt Switch\n|move|p2a: Gholdengo|Nasty Plot|p2a: Gholdengo\n|-boost|p2a: Gholdengo|spa|2\n|\n|upkeep\n|turn|10\n|\n|t:|1700296897\n|move|p1a: Fezandipiti|Beat Up|p2a: Gholdengo\n|-supereffective|p2a: Gholdengo\n|-damage|p2a: Gholdengo|66\/100\n|-supereffective|p2a: Gholdengo\n|-damage|p2a: Gholdengo|59\/100\n|-supereffective|p2a: Gholdengo\n|-damage|p2a: Gholdengo|55\/100\n|-supereffective|p2a: Gholdengo\n|-damage|p2a: Gholdengo|48\/100\n|-supereffective|p2a: Gholdengo\n|-damage|p2a: Gholdengo|42\/100\n|-supereffective|p2a: Gholdengo\n|-damage|p2a: Gholdengo|36\/100\n|-hitcount|p2a: Gholdengo|6\n|move|p2a: Gholdengo|Make It Rain|p1a: Fezandipiti\n|-supereffective|p1a: Fezandipiti\n|-damage|p1a: Fezandipiti|0 fnt\n|-unboost|p2a: Gholdengo|spa|1\n|faint|p1a: Fezandipiti\n|\n|upkeep\n|\n|t:|1700296910\n|switch|p1a: Ogerpon|Ogerpon-Wellspring, F|100\/100\n|turn|11\n|\n|t:|1700296919\n|switch|p2a: Glimmora|Glimmora, M|23\/100\n|-damage|p2a: Glimmora|11\/100|[from] Stealth Rock\n|move|p1a: Ogerpon|Swords Dance|p1a: Ogerpon\n|-boost|p1a: Ogerpon|atk|2\n|\n|upkeep\n|turn|12\n|\n|t:|1700296925\n|move|p1a: Ogerpon|Trailblaze|p2a: Glimmora\n|-damage|p2a: Glimmora|0 fnt\n|-boost|p1a: Ogerpon|spe|1\n|-activate|p2a: Glimmora|ability: Toxic Debris\n|-sidestart|p1: YouJUnzhen|move: Toxic Spikes\n|faint|p2a: Glimmora\n|\n|upkeep\n|\n|t:|1700296935\n|switch|p2a: Great Tusk|Great Tusk|95\/100\n|-damage|p2a: Great Tusk|92\/100|[from] Stealth Rock\n|turn|13\n|\n|t:|1700296941\n|-terastallize|p2a: Great Tusk|Steel\n|move|p1a: Ogerpon|Ivy Cudgel|p2a: Great Tusk|[anim] Ivy Cudgel Water\n|-damage|p2a: Great Tusk|12\/100\n|move|p2a: Great Tusk|Megahorn|p1a: Ogerpon\n|-supereffective|p1a: Ogerpon\n|-damage|p1a: Ogerpon|0 fnt\n|faint|p1a: Ogerpon\n|\n|upkeep\n|\n|t:|1700296959\n|switch|p1a: Dragapult|Dragapult, F|100\/100\n|turn|14\n|\n|t:|1700296967\n|-end|p2a: Great Tusk|Protosynthesis|[silent]\n|switch|p2a: Landorus|Landorus-Therian, M|75\/100\n|-damage|p2a: Landorus|63\/100|[from] Stealth Rock\n|-ability|p2a: Landorus|Intimidate|boost\n|-unboost|p1a: Dragapult|atk|1\n|move|p1a: Dragapult|Thunderbolt|p2a: Landorus\n|-immune|p2a: Landorus\n|\n|-heal|p2a: Landorus|69\/100|[from] item: Leftovers\n|upkeep\n|turn|15\n|\n|t:|1700296972\n|move|p1a: Dragapult|Draco Meteor|p2a: Landorus\n|-damage|p2a: Landorus|17\/100\n|-unboost|p1a: Dragapult|spa|2\n|move|p2a: Landorus|Earthquake|p1a: Dragapult\n|-damage|p1a: Dragapult|40\/100\n|\n|-heal|p2a: Landorus|23\/100|[from] item: Leftovers\n|upkeep\n|turn|16\n|\n|t:|1700296981\n|move|p2a: Landorus|Protect|p2a: Landorus\n|-singleturn|p2a: Landorus|Protect\n|move|p1a: Dragapult|U-turn|p2a: Landorus\n|-activate|p2a: Landorus|move: Protect\n|\n|-heal|p2a: Landorus|29\/100|[from] item: Leftovers\n|upkeep\n|turn|17\n|\n|t:|1700296987\n|move|p1a: Dragapult|U-turn|p2a: Landorus\n|-resisted|p2a: Landorus\n|-damage|p2a: Landorus|24\/100\n|\n|t:|1700296990\n|switch|p1a: Great Tusk|Great Tusk|92\/100|[from] U-turn\n|-status|p1a: Great Tusk|psn\n|move|p2a: Landorus|U-turn|p1a: Great Tusk\n|-resisted|p1a: Great Tusk\n|-damage|p1a: Great Tusk|86\/100 psn\n|-damage|p2a: Landorus|7\/100|[from] item: Rocky Helmet|[of] p1a: Great Tusk\n|\n|t:|1700296994\n|switch|p2a: Ogerpon|Ogerpon-Wellspring, F|68\/100|[from] U-turn\n|-damage|p2a: Ogerpon|56\/100|[from] Stealth Rock\n|\n|-damage|p1a: Great Tusk|74\/100 psn|[from] psn\n|upkeep\n|turn|18\n|\n|t:|1700297004\n|-terastallize|p1a: Great Tusk|Dark\n|move|p2a: Ogerpon|Horn Leech|p1a: Great Tusk\n|-damage|p1a: Great Tusk|51\/100 psn\n|-heal|p2a: Ogerpon|72\/100|[from] drain|[of] p1a: Great Tusk\n|-damage|p2a: Ogerpon|55\/100|[from] item: Rocky Helmet|[of] p1a: Great Tusk\n|move|p1a: Great Tusk|Rapid Spin|p2a: Ogerpon\n|-damage|p2a: Ogerpon|38\/100\n|-boost|p1a: Great Tusk|spe|1\n|-sideend|p1: YouJUnzhen|Toxic Spikes|[from] move: Rapid Spin|[of] p1a: Great Tusk\n|\n|-damage|p1a: Great Tusk|38\/100 psn|[from] psn\n|upkeep\n|turn|19\n|\n|t:|1700297016\n|move|p1a: Great Tusk|Ice Spinner|p2a: Ogerpon\n|-damage|p2a: Ogerpon|7\/100\n|move|p2a: Ogerpon|Ivy Cudgel|p1a: Great Tusk|[anim] Ivy Cudgel Water\n|-damage|p1a: Great Tusk|8\/100 psn\n|\n|-damage|p1a: Great Tusk|0 fnt|[from] psn\n|faint|p1a: Great Tusk\n|-end|p1a: Great Tusk|Protosynthesis|[silent]\n|upkeep\n|\n|t:|1700297021\n|switch|p1a: Dragapult|Dragapult, F|40\/100\n|turn|20\n|\n|t:|1700297029\n|move|p1a: Dragapult|U-turn|p2a: Ogerpon\n|-supereffective|p2a: Ogerpon\n|-damage|p2a: Ogerpon|0 fnt\n|faint|p2a: Ogerpon\n|\n|t:|1700297041\n|switch|p1a: Iron Valiant|Iron Valiant|100\/100|[from] U-turn\n|-enditem|p1a: Iron Valiant|Booster Energy\n|-activate|p1a: Iron Valiant|ability: Quark Drive|[fromitem]\n|-start|p1a: Iron Valiant|quarkdrivespe\n|\n|upkeep\n|\n|t:|1700297044\n|switch|p2a: Gholdengo|Gholdengo|36\/100\n|-damage|p2a: Gholdengo|30\/100|[from] Stealth Rock\n|turn|21\n|\n|t:|1700297048\n|move|p1a: Iron Valiant|Hex|p2a: Gholdengo\n|-supereffective|p2a: Gholdengo\n|-damage|p2a: Gholdengo|0 fnt\n|faint|p2a: Gholdengo\n|\n|upkeep\n|\n|t:|1700297054\n|switch|p2a: Kingambit|Kingambit, F|71\/100\n|-damage|p2a: Kingambit|65\/100|[from] Stealth Rock\n|-activate|p2a: Kingambit|ability: Supreme Overlord\n|-start|p2a: Kingambit|fallen3|[silent]\n|turn|22\n|\n|t:|1700297061\n|-end|p1a: Iron Valiant|Quark Drive|[silent]\n|switch|p1a: Rotom|Rotom-Wash|87\/100\n|move|p2a: Kingambit|Iron Head|p1a: Rotom\n|-resisted|p1a: Rotom\n|-damage|p1a: Rotom|77\/100\n|\n|-heal|p1a: Rotom|83\/100|[from] item: Leftovers\n|upkeep\n|turn|23\n|\n|t:|1700297066\n|move|p2a: Kingambit|Swords Dance|p2a: Kingambit\n|-boost|p2a: Kingambit|atk|2\n|move|p1a: Rotom|Will-O-Wisp|p2a: Kingambit\n|-status|p2a: Kingambit|brn\n|\n|-heal|p1a: Rotom|89\/100|[from] item: Leftovers\n|-damage|p2a: Kingambit|58\/100 brn|[from] brn\n|upkeep\n|turn|24\n|\n|t:|1700297071\n|move|p2a: Kingambit|Swords Dance|p2a: Kingambit\n|-boost|p2a: Kingambit|atk|2\n|move|p1a: Rotom|Volt Switch|p2a: Kingambit\n|-damage|p2a: Kingambit|28\/100 brn\n|\n|t:|1700297077\n|switch|p1a: Iron Valiant|Iron Valiant|100\/100|[from] Volt Switch\n|\n|-damage|p2a: Kingambit|22\/100 brn|[from] brn\n|upkeep\n|turn|25\n|\n|t:|1700297081\n|move|p1a: Iron Valiant|Moonblast|p2a: Kingambit\n|-crit|p2a: Kingambit\n|-damage|p2a: Kingambit|0 fnt\n|faint|p2a: Kingambit\n|-end|p2a: Kingambit|fallen3|[silent]\n|\n|upkeep\n|\n|t:|1700297084\n|switch|p2a: Great Tusk|Great Tusk, tera:Steel|12\/100\n|-damage|p2a: Great Tusk|6\/100|[from] Stealth Rock\n|turn|26\n|\n|t:|1700297091\n|-end|p1a: Iron Valiant|Quark Drive|[silent]\n|switch|p1a: Dragapult|Dragapult, F|40\/100\n|move|p2a: Great Tusk|Close Combat|p1a: Dragapult\n|-immune|p1a: Dragapult\n|\n|upkeep\n|turn|27\n|-message|pauluxo forfeited.\n|\n|win|YouJUnzhen\n|raw|YouJUnzhen's rating: 1197 &rarr; <strong>1232<\/strong><br \/>(+35 for winning)\n|raw|pauluxo's rating: 1341 &rarr; <strong>1313<\/strong><br \/>(-28 for losing)\n|l|\u2606pauluxo\n","uploadtime":1700297110,"views":14,"p1id":"youjunzhen","p2id":"pauluxo","formatid":"gen9ou","rating":1232,"private":0,"password":""}