{"id":"gen9ou-1995867364","p1":"cerberus sama","p2":"Flyingtaco42","format":"[Gen 9] OU","log":"|j|\u2606cerberus sama\n|j|\u2606Flyingtaco42\n|t:|1700611443\n|gametype|singles\n|player|p1|cerberus sama|101|1762\n|player|p2|Flyingtaco42|elesa|1939\n|teamsize|p1|6\n|teamsize|p2|6\n|gen|9\n|tier|[Gen 9] OU\n|rated|\n|rule|Sleep Clause Mod: Limit one foe put to sleep\n|rule|Species Clause: Limit one of each Pok\u00e9mon\n|rule|OHKO Clause: OHKO moves are banned\n|rule|Evasion Items Clause: Evasion items are banned\n|rule|Evasion Moves Clause: Evasion moves are banned\n|rule|Endless Battle Clause: Forcing endless battles is banned\n|rule|HP Percentage Mod: HP is shown in percentages\n|clearpoke\n|poke|p1|Garganacl, M|\n|poke|p1|Great Tusk|\n|poke|p1|Clodsire, F|\n|poke|p1|Landorus-Therian, M|\n|poke|p1|Iron Valiant|\n|poke|p1|Scizor, F|\n|poke|p2|Samurott-Hisui, F|\n|poke|p2|Great Tusk|\n|poke|p2|Amoonguss, F|\n|poke|p2|Heatran, F|\n|poke|p2|Dragapult, F|\n|poke|p2|Landorus-Therian, M|\n|teampreview\n|inactive|Battle timer is ON: inactive players will automatically lose when time's up. (requested by cerberus sama)\n|\n|t:|1700611466\n|start\n|switch|p1a: Landorus|Landorus-Therian, M|100\/100\n|switch|p2a: Dragapult|Dragapult, F|100\/100\n|-ability|p1a: Landorus|Intimidate|boost\n|-fail|p2a: Dragapult|unboost|[from] ability: Clear Body|[of] p2a: Dragapult\n|turn|1\n|\n|t:|1700611473\n|move|p2a: Dragapult|U-turn|p1a: Landorus\n|-resisted|p1a: Landorus\n|-damage|p1a: Landorus|80\/100\n|\n|t:|1700611476\n|switch|p2a: Landorus|Landorus-Therian, M|100\/100|[from] U-turn\n|-ability|p2a: Landorus|Intimidate|boost\n|-unboost|p1a: Landorus|atk|1\n|move|p1a: Landorus|U-turn|p2a: Landorus\n|-resisted|p2a: Landorus\n|-damage|p2a: Landorus|94\/100\n|-damage|p1a: Landorus|63\/100|[from] item: Rocky Helmet|[of] p2a: Landorus\n|\n|t:|1700611483\n|switch|p1a: Great Tusk|Great Tusk|100\/100|[from] U-turn\n|\n|upkeep\n|turn|2\n|\n|t:|1700611486\n|move|p2a: Landorus|Grass Knot|p1a: Great Tusk\n|-supereffective|p1a: Great Tusk\n|-damage|p1a: Great Tusk|31\/100\n|move|p1a: Great Tusk|Ice Spinner|p2a: Landorus\n|-supereffective|p2a: Landorus\n|-damage|p2a: Landorus|4\/100\n|-damage|p1a: Great Tusk|15\/100|[from] item: Rocky Helmet|[of] p2a: Landorus\n|\n|upkeep\n|turn|3\n|\n|t:|1700611491\n|-end|p1a: Great Tusk|Protosynthesis|[silent]\n|switch|p1a: Landorus|Landorus-Therian, M|63\/100\n|-ability|p1a: Landorus|Intimidate|boost\n|-unboost|p2a: Landorus|atk|1\n|move|p2a: Landorus|Stealth Rock|p1a: Landorus\n|-sidestart|p1: cerberus sama|move: Stealth Rock\n|\n|-heal|p1a: Landorus|69\/100|[from] item: Leftovers\n|upkeep\n|turn|4\n|\n|t:|1700611510\n|move|p1a: Landorus|Sludge Bomb|p2a: Landorus\n|-resisted|p2a: Landorus\n|-damage|p2a: Landorus|0 fnt\n|faint|p2a: Landorus\n|\n|-heal|p1a: Landorus|75\/100|[from] item: Leftovers\n|upkeep\n|\n|t:|1700611514\n|switch|p2a: Dragapult|Dragapult, F|100\/100\n|turn|5\n|\n|t:|1700611518\n|switch|p1a: Clodsire|Clodsire, F|100\/100\n|-damage|p1a: Clodsire|94\/100|[from] Stealth Rock\n|move|p2a: Dragapult|Dragon Darts|p1a: Clodsire\n|-damage|p1a: Clodsire|55\/100\n|-anim|p2a: Dragapult|Dragon Darts|p1a: Clodsire\n|-damage|p1a: Clodsire|17\/100\n|\n|-heal|p1a: Clodsire|23\/100|[from] item: Black Sludge\n|upkeep\n|turn|6\n|\n|t:|1700611527\n|switch|p1a: Iron Valiant|Iron Valiant|100\/100\n|-damage|p1a: Iron Valiant|94\/100|[from] Stealth Rock\n|move|p2a: Dragapult|Dragon Darts|p1a: Iron Valiant\n|-immune|p1a: Iron Valiant\n|\n|upkeep\n|turn|7\n|\n|t:|1700611530\n|switch|p2a: Amoonguss|Amoonguss, F|100\/100\n|move|p1a: Iron Valiant|Trick|p2a: Amoonguss\n|-activate|p1a: Iron Valiant|move: Trick|[of] p2a: Amoonguss\n|-item|p2a: Amoonguss|Choice Scarf|[from] move: Trick\n|-item|p1a: Iron Valiant|Rocky Helmet|[from] move: Trick\n|\n|upkeep\n|turn|8\n|\n|t:|1700611542\n|-end|p1a: Iron Valiant|Quark Drive|[silent]\n|switch|p1a: Garganacl|Garganacl, M|100\/100\n|-damage|p1a: Garganacl|88\/100|[from] Stealth Rock\n|switch|p2a: Samurott|Samurott-Hisui, F|100\/100\n|\n|-heal|p1a: Garganacl|94\/100|[from] item: Leftovers\n|upkeep\n|turn|9\n|\n|t:|1700611546\n|move|p2a: Samurott|Razor Shell|p1a: Garganacl\n|-supereffective|p1a: Garganacl\n|-damage|p1a: Garganacl|39\/100\n|move|p1a: Garganacl|Salt Cure|p2a: Samurott\n|-damage|p2a: Samurott|81\/100\n|-start|p2a: Samurott|Salt Cure\n|\n|-heal|p1a: Garganacl|46\/100|[from] item: Leftovers\n|-damage|p2a: Samurott|57\/100|[from] Salt Cure\n|upkeep\n|turn|10\n|\n|t:|1700611553\n|move|p1a: Garganacl|Protect|p1a: Garganacl\n|-singleturn|p1a: Garganacl|Protect\n|move|p2a: Samurott|Swords Dance|p2a: Samurott\n|-boost|p2a: Samurott|atk|2\n|\n|-heal|p1a: Garganacl|52\/100|[from] item: Leftovers\n|-damage|p2a: Samurott|32\/100|[from] Salt Cure\n|upkeep\n|turn|11\n|\n|t:|1700611558\n|switch|p1a: Clodsire|Clodsire, F|23\/100\n|-damage|p1a: Clodsire|17\/100|[from] Stealth Rock\n|move|p2a: Samurott|Ceaseless Edge|p1a: Clodsire\n|-damage|p1a: Clodsire|0 fnt\n|-sidestart|p1: cerberus sama|Spikes\n|faint|p1a: Clodsire\n|\n|-damage|p2a: Samurott|7\/100|[from] Salt Cure\n|upkeep\n|j| pokechamp13\n|\n|t:|1700611571\n|switch|p1a: Garganacl|Garganacl, M|52\/100\n|-damage|p1a: Garganacl|39\/100|[from] Stealth Rock\n|-damage|p1a: Garganacl|27\/100|[from] Spikes\n|turn|12\n|\n|t:|1700611576\n|move|p1a: Garganacl|Protect|p1a: Garganacl\n|-singleturn|p1a: Garganacl|Protect\n|move|p2a: Samurott|Razor Shell|p1a: Garganacl\n|-activate|p1a: Garganacl|move: Protect\n|\n|-heal|p1a: Garganacl|33\/100|[from] item: Leftovers\n|-damage|p2a: Samurott|0 fnt|[from] Salt Cure\n|faint|p2a: Samurott\n|upkeep\n|\n|t:|1700611585\n|switch|p2a: Heatran|Heatran, F|100\/100\n|turn|13\n|\n|t:|1700611594\n|switch|p1a: Scizor|Scizor, F|100\/100\n|-damage|p1a: Scizor|88\/100|[from] Stealth Rock\n|-damage|p1a: Scizor|76\/100|[from] Spikes\n|move|p2a: Heatran|Earth Power|p1a: Scizor\n|-damage|p1a: Scizor|43\/100\n|\n|upkeep\n|turn|14\n|\n|t:|1700611603\n|switch|p2a: Great Tusk|Great Tusk|100\/100\n|move|p1a: Scizor|U-turn|p2a: Great Tusk\n|-resisted|p2a: Great Tusk\n|-damage|p2a: Great Tusk|90\/100\n|\n|t:|1700611608\n|switch|p1a: Landorus|Landorus-Therian, M|75\/100|[from] U-turn\n|-damage|p1a: Landorus|63\/100|[from] Stealth Rock\n|-ability|p1a: Landorus|Intimidate|boost\n|-unboost|p2a: Great Tusk|atk|1\n|\n|-heal|p1a: Landorus|69\/100|[from] item: Leftovers\n|-heal|p2a: Great Tusk|96\/100|[from] item: Leftovers\n|upkeep\n|turn|15\n|\n|t:|1700611612\n|-end|p2a: Great Tusk|Protosynthesis|[silent]\n|switch|p2a: Amoonguss|Amoonguss, F|100\/100\n|move|p1a: Landorus|Grass Knot|p2a: Amoonguss\n|-resisted|p2a: Amoonguss\n|-damage|p2a: Amoonguss|98\/100\n|\n|-heal|p1a: Landorus|75\/100|[from] item: Leftovers\n|upkeep\n|turn|16\n|\n|t:|1700611617\n|move|p1a: Landorus|U-turn|p2a: Amoonguss\n|-damage|p2a: Amoonguss|80\/100\n|\n|t:|1700611621\n|switch|p1a: Scizor|Scizor, F|43\/100|[from] U-turn\n|-damage|p1a: Scizor|31\/100|[from] Stealth Rock\n|-damage|p1a: Scizor|19\/100|[from] Spikes\n|move|p2a: Amoonguss|Giga Drain|p1a: Scizor\n|-resisted|p1a: Scizor\n|-damage|p1a: Scizor|12\/100\n|-heal|p2a: Amoonguss|83\/100|[from] drain|[of] p1a: Scizor\n|\n|upkeep\n|turn|17\n|\n|t:|1700611627\n|move|p1a: Scizor|U-turn|p2a: Amoonguss\n|-damage|p2a: Amoonguss|44\/100\n|j| SwabbyYabby\n|\n|t:|1700611632\n|switch|p1a: Great Tusk|Great Tusk|15\/100|[from] U-turn\n|-damage|p1a: Great Tusk|12\/100|[from] Stealth Rock\n|-damage|p1a: Great Tusk|0 fnt|[from] Spikes\n|faint|p1a: Great Tusk\n|-end|p1a: Great Tusk|Protosynthesis|[silent]\n|move|p2a: Amoonguss|Giga Drain|p1: Great Tusk|[notarget]\n|-fail|p2a: Amoonguss\n|\n|upkeep\n|\n|t:|1700611638\n|switch|p1a: Scizor|Scizor, F|12\/100\n|-damage|p1a: Scizor|0 fnt|[from] Stealth Rock\n|faint|p1a: Scizor\n|\n|t:|1700611640\n|switch|p1a: Garganacl|Garganacl, M|33\/100\n|-damage|p1a: Garganacl|21\/100|[from] Stealth Rock\n|-damage|p1a: Garganacl|8\/100|[from] Spikes\n|turn|18\n|\n|t:|1700611643\n|move|p1a: Garganacl|Protect|p1a: Garganacl\n|-singleturn|p1a: Garganacl|Protect\n|move|p2a: Amoonguss|Giga Drain|p1a: Garganacl\n|-activate|p1a: Garganacl|move: Protect\n|\n|-heal|p1a: Garganacl|15\/100|[from] item: Leftovers\n|upkeep\n|turn|19\n|\n|t:|1700611654\n|switch|p1a: Iron Valiant|Iron Valiant|94\/100\n|-damage|p1a: Iron Valiant|88\/100|[from] Stealth Rock\n|-damage|p1a: Iron Valiant|76\/100|[from] Spikes\n|move|p2a: Amoonguss|Giga Drain|p1a: Iron Valiant\n|-damage|p1a: Iron Valiant|33\/100\n|-heal|p2a: Amoonguss|58\/100|[from] drain|[of] p1a: Iron Valiant\n|\n|upkeep\n|turn|20\n|c|\u2606Flyingtaco42|The scarf amoongus sweep\n|\n|t:|1700611666\n|switch|p2a: Heatran|Heatran, F|100\/100\n|move|p1a: Iron Valiant|Psyshock|p2a: Heatran\n|-resisted|p2a: Heatran\n|-damage|p2a: Heatran|90\/100\n|\n|-heal|p2a: Heatran|96\/100|[from] item: Leftovers\n|upkeep\n|turn|21\n|\n|t:|1700611672\n|move|p1a: Iron Valiant|Aura Sphere|p2a: Heatran\n|-supereffective|p2a: Heatran\n|-damage|p2a: Heatran|49\/100\n|move|p2a: Heatran|Magma Storm|p1a: Iron Valiant\n|-crit|p1a: Iron Valiant\n|-damage|p1a: Iron Valiant|0 fnt\n|faint|p1a: Iron Valiant\n|-end|p1a: Iron Valiant|Quark Drive|[silent]\n|\n|-heal|p2a: Heatran|56\/100|[from] item: Leftovers\n|upkeep\n|\n|t:|1700611677\n|switch|p1a: Landorus|Landorus-Therian, M|75\/100\n|-damage|p1a: Landorus|63\/100|[from] Stealth Rock\n|-ability|p1a: Landorus|Intimidate|boost\n|-unboost|p2a: Heatran|atk|1\n|turn|22\n|\n|t:|1700611684\n|move|p1a: Landorus|Earth Power|p2a: Heatran\n|-supereffective|p2a: Heatran\n|-damage|p2a: Heatran|0 fnt\n|faint|p2a: Heatran\n|\n|-heal|p1a: Landorus|69\/100|[from] item: Leftovers\n|upkeep\n|\n|t:|1700611689\n|switch|p2a: Dragapult|Dragapult, F|100\/100\n|turn|23\n|\n|t:|1700611695\n|switch|p1a: Garganacl|Garganacl, M|15\/100\n|-damage|p1a: Garganacl|2\/100|[from] Stealth Rock\n|-damage|p1a: Garganacl|0 fnt|[from] Spikes\n|faint|p1a: Garganacl\n|-terastallize|p2a: Dragapult|Ghost\n|move|p2a: Dragapult|Tera Blast|p1: Garganacl|[notarget]\n|-fail|p2a: Dragapult\n|\n|upkeep\n|\n|t:|1700611697\n|switch|p1a: Landorus|Landorus-Therian, M|69\/100\n|-damage|p1a: Landorus|56\/100|[from] Stealth Rock\n|-ability|p1a: Landorus|Intimidate|boost\n|-fail|p2a: Dragapult|unboost|[from] ability: Clear Body|[of] p2a: Dragapult\n|turn|24\n|\n|t:|1700611700\n|move|p2a: Dragapult|Tera Blast|p1a: Landorus|[anim] Tera Blast Ghost\n|-damage|p1a: Landorus|0 fnt\n|faint|p1a: Landorus\n|\n|win|Flyingtaco42\n|raw|cerberus sama's rating: 1762 &rarr; <strong>1751<\/strong><br \/>(-11 for losing)\n|raw|Flyingtaco42's rating: 1939 &rarr; <strong>1950<\/strong><br \/>(+11 for winning)\n|l|\u2606cerberus sama\n","uploadtime":1700611708,"views":8,"p1id":"cerberussama","p2id":"flyingtaco42","formatid":"gen9ou","rating":1751,"private":0,"password":""}