{"id":"gen9ou-1991782447","p1":"Zomberino","p2":"mhk897","format":"[Gen 9] OU","log":"|j|\u2606Zomberino\n|j|\u2606mhk897\n|t:|1700116364\n|gametype|singles\n|player|p1|Zomberino|whitney|1311\n|player|p2|mhk897|barry|1288\n|teamsize|p1|6\n|teamsize|p2|6\n|gen|9\n|tier|[Gen 9] OU\n|rated|\n|rule|Sleep Clause Mod: Limit one foe put to sleep\n|rule|Species Clause: Limit one of each Pok\u00e9mon\n|rule|OHKO Clause: OHKO moves are banned\n|rule|Evasion Items Clause: Evasion items are banned\n|rule|Evasion Moves Clause: Evasion moves are banned\n|rule|Endless Battle Clause: Forcing endless battles is banned\n|rule|HP Percentage Mod: HP is shown in percentages\n|clearpoke\n|poke|p1|Ogerpon-Wellspring, F|\n|poke|p1|Samurott-Hisui, F|\n|poke|p1|Toxapex, F|\n|poke|p1|Walking Wake|\n|poke|p1|Greninja-*, F|\n|poke|p1|Alomomola, F|\n|poke|p2|Dragonite, M|\n|poke|p2|Iron Valiant|\n|poke|p2|Grimmsnarl, M|\n|poke|p2|Scizor, M|\n|poke|p2|Slowbro, M|\n|poke|p2|Rotom-Wash|\n|teampreview\n|inactive|Battle timer is ON: inactive players will automatically lose when time's up. (requested by mhk897)\n|c|\u2606mhk897|glhf\n|\n|t:|1700116384\n|start\n|switch|p1a: Alomomola|Alomomola, F|100\/100\n|switch|p2a: Rotom|Rotom-Wash|100\/100\n|turn|1\n|\n|t:|1700116389\n|move|p1a: Alomomola|Protect|p1a: Alomomola\n|-singleturn|p1a: Alomomola|Protect\n|move|p2a: Rotom|Volt Switch|p1a: Alomomola\n|-activate|p1a: Alomomola|move: Protect\n|\n|upkeep\n|turn|2\n|\n|t:|1700116398\n|switch|p1a: Toxapex|Toxapex, F|100\/100\n|move|p2a: Rotom|Volt Switch|p1a: Toxapex\n|-supereffective|p1a: Toxapex\n|-damage|p1a: Toxapex|56\/100\n|\n|t:|1700116402\n|switch|p2a: Slowbro|Slowbro, M|100\/100|[from] Volt Switch\n|\n|-heal|p1a: Toxapex|63\/100|[from] item: Leftovers\n|upkeep\n|turn|3\n|\n|t:|1700116416\n|switch|p1a: Greninja|Greninja, F|100\/100\n|move|p2a: Slowbro|Calm Mind|p2a: Slowbro\n|-boost|p2a: Slowbro|spa|1\n|-boost|p2a: Slowbro|spd|1\n|\n|upkeep\n|turn|4\n|\n|t:|1700116426\n|switch|p2a: Scizor|Scizor, M|100\/100\n|move|p1a: Greninja|U-turn|p2a: Scizor\n|-start|p1a: Greninja|typechange|Bug|[from] ability: Protean\n|-resisted|p2a: Scizor\n|-damage|p2a: Scizor|90\/100\n|\n|t:|1700116432\n|switch|p1a: Walking Wake|Walking Wake|100\/100|[from] U-turn\n|-enditem|p1a: Walking Wake|Booster Energy\n|-activate|p1a: Walking Wake|ability: Protosynthesis|[fromitem]\n|-start|p1a: Walking Wake|protosynthesisspa\n|\n|-heal|p2a: Scizor|96\/100|[from] item: Leftovers\n|upkeep\n|turn|5\n|\n|t:|1700116436\n|switch|p2a: Slowbro|Slowbro, M|100\/100\n|move|p1a: Walking Wake|Agility|p1a: Walking Wake\n|-boost|p1a: Walking Wake|spe|2\n|\n|upkeep\n|turn|6\n|\n|t:|1700116449\n|-terastallize|p2a: Slowbro|Fairy\n|move|p1a: Walking Wake|Dragon Pulse|p2a: Slowbro\n|-immune|p2a: Slowbro\n|move|p2a: Slowbro|Psychic|p1a: Walking Wake\n|-damage|p1a: Walking Wake|62\/100\n|\n|upkeep\n|turn|7\n|\n|t:|1700116457\n|move|p1a: Walking Wake|Flamethrower|p2a: Slowbro\n|-damage|p2a: Slowbro|56\/100\n|move|p2a: Slowbro|Psychic|p1a: Walking Wake\n|-damage|p1a: Walking Wake|28\/100\n|\n|-heal|p2a: Slowbro|62\/100|[from] item: Leftovers\n|upkeep\n|turn|8\n|\n|t:|1700116463\n|-end|p1a: Walking Wake|Protosynthesis|[silent]\n|switch|p1a: Samurott|Samurott-Hisui, F|100\/100\n|move|p2a: Slowbro|Psychic|p1a: Samurott\n|-immune|p1a: Samurott\n|\n|-heal|p2a: Slowbro|69\/100|[from] item: Leftovers\n|upkeep\n|turn|9\n|\n|t:|1700116473\n|switch|p2a: Scizor|Scizor, M|96\/100\n|move|p1a: Samurott|Knock Off|p2a: Scizor\n|-damage|p2a: Scizor|54\/100\n|-enditem|p2a: Scizor|Leftovers|[from] move: Knock Off|[of] p1a: Samurott\n|\n|upkeep\n|turn|10\n|\n|t:|1700116480\n|switch|p1a: Alomomola|Alomomola, F|100\/100\n|move|p2a: Scizor|Bug Bite|p1a: Alomomola\n|-damage|p1a: Alomomola|73\/100\n|-damage|p2a: Scizor|37\/100|[from] item: Rocky Helmet|[of] p1a: Alomomola\n|\n|upkeep\n|turn|11\n|\n|t:|1700116485\n|switch|p2a: Rotom|Rotom-Wash|100\/100\n|move|p1a: Alomomola|Wish|p1a: Alomomola\n|\n|upkeep\n|turn|12\n|\n|t:|1700116492\n|switch|p1a: Walking Wake|Walking Wake|28\/100\n|move|p2a: Rotom|Trick|p1a: Walking Wake\n|-activate|p2a: Rotom|move: Trick|[of] p1a: Walking Wake\n|-item|p1a: Walking Wake|Choice Scarf|[from] move: Trick\n|-enditem|p2a: Rotom|Choice Scarf|[silent]|[from] move: Trick\n|\n|-heal|p1a: Walking Wake|100\/100|[from] move: Wish|[wisher] Alomomola\n|upkeep\n|turn|13\n|\n|t:|1700116503\n|move|p1a: Walking Wake|Scald|p2a: Rotom\n|-resisted|p2a: Rotom\n|-damage|p2a: Rotom|73\/100\n|move|p2a: Rotom|Volt Switch|p1a: Walking Wake\n|-damage|p1a: Walking Wake|63\/100\n|\n|t:|1700116511\n|switch|p2a: Grimmsnarl|Grimmsnarl, M|100\/100|[from] Volt Switch\n|\n|upkeep\n|turn|14\n|\n|t:|1700116517\n|-end|p1a: Walking Wake|Protosynthesis|[silent]\n|switch|p1a: Toxapex|Toxapex, F|96\/100\n|move|p2a: Grimmsnarl|Thunder Wave|p1a: Toxapex\n|-status|p1a: Toxapex|par\n|\n|-heal|p1a: Toxapex|100\/100 par|[from] item: Leftovers\n|upkeep\n|turn|15\n|\n|t:|1700116522\n|switch|p2a: Scizor|Scizor, M|37\/100\n|move|p1a: Toxapex|Toxic|p2a: Scizor\n|-immune|p2a: Scizor\n|\n|upkeep\n|turn|16\n|\n|t:|1700116528\n|move|p2a: Scizor|U-turn|p1a: Toxapex\n|-resisted|p1a: Toxapex\n|-damage|p1a: Toxapex|83\/100 par\n|\n|t:|1700116531\n|switch|p2a: Slowbro|Slowbro, M, tera:Fairy|100\/100|[from] U-turn\n|move|p1a: Toxapex|Liquidation|p2a: Slowbro\n|-damage|p2a: Slowbro|88\/100\n|-unboost|p2a: Slowbro|def|1\n|\n|-heal|p2a: Slowbro|94\/100|[from] item: Leftovers\n|-heal|p1a: Toxapex|90\/100 par|[from] item: Leftovers\n|upkeep\n|turn|17\n|\n|t:|1700116543\n|switch|p1a: Samurott|Samurott-Hisui, F|100\/100\n|move|p2a: Slowbro|Surf|p1a: Samurott\n|-resisted|p1a: Samurott\n|-damage|p1a: Samurott|78\/100\n|\n|-heal|p1a: Samurott|84\/100|[from] item: Leftovers\n|-heal|p2a: Slowbro|99\/100|[from] item: Leftovers\n|upkeep\n|turn|18\n|\n|t:|1700116551\n|move|p1a: Samurott|Knock Off|p2a: Slowbro\n|-resisted|p2a: Slowbro\n|-damage|p2a: Slowbro|80\/100\n|-enditem|p2a: Slowbro|Leftovers|[from] move: Knock Off|[of] p1a: Samurott\n|move|p2a: Slowbro|Calm Mind|p2a: Slowbro\n|-boost|p2a: Slowbro|spa|1\n|-boost|p2a: Slowbro|spd|1\n|\n|-heal|p1a: Samurott|91\/100|[from] item: Leftovers\n|upkeep\n|turn|19\n|\n|t:|1700116559\n|move|p1a: Samurott|Aqua Cutter|p2a: Slowbro\n|-damage|p2a: Slowbro|41\/100\n|move|p2a: Slowbro|Surf|p1a: Samurott\n|-resisted|p1a: Samurott\n|-damage|p1a: Samurott|55\/100\n|\n|-heal|p1a: Samurott|61\/100|[from] item: Leftovers\n|upkeep\n|turn|20\n|\n|t:|1700116564\n|switch|p2a: Rotom|Rotom-Wash|73\/100\n|move|p1a: Samurott|Aqua Cutter|p2a: Rotom\n|-resisted|p2a: Rotom\n|-damage|p2a: Rotom|40\/100\n|\n|-heal|p1a: Samurott|67\/100|[from] item: Leftovers\n|upkeep\n|turn|21\n|\n|t:|1700116580\n|switch|p1a: Toxapex|Toxapex, F|100\/100 par\n|move|p2a: Rotom|Volt Switch|p1a: Toxapex\n|-supereffective|p1a: Toxapex\n|-damage|p1a: Toxapex|60\/100 par\n|\n|t:|1700116585\n|switch|p2a: Iron Valiant|Iron Valiant|100\/100|[from] Volt Switch\n|-enditem|p2a: Iron Valiant|Booster Energy\n|-activate|p2a: Iron Valiant|ability: Quark Drive|[fromitem]\n|-start|p2a: Iron Valiant|quarkdrivespe\n|\n|-heal|p1a: Toxapex|67\/100 par|[from] item: Leftovers\n|upkeep\n|turn|22\n|\n|t:|1700116592\n|move|p1a: Toxapex|Baneful Bunker|p1a: Toxapex\n|-singleturn|p1a: Toxapex|move: Protect\n|move|p2a: Iron Valiant|Psychic|p1a: Toxapex\n|-activate|p1a: Toxapex|move: Protect\n|\n|-heal|p1a: Toxapex|73\/100 par|[from] item: Leftovers\n|upkeep\n|turn|23\n|inactive|Zomberino has 120 seconds left.\n|\n|t:|1700116635\n|switch|p1a: Alomomola|Alomomola, F|100\/100\n|move|p2a: Iron Valiant|Aura Sphere|p1a: Alomomola\n|-damage|p1a: Alomomola|57\/100\n|\n|upkeep\n|turn|24\n|\n|t:|1700116640\n|move|p1a: Alomomola|Protect|p1a: Alomomola\n|-singleturn|p1a: Alomomola|Protect\n|move|p2a: Iron Valiant|Energy Ball|p1a: Alomomola\n|-activate|p1a: Alomomola|move: Protect\n|\n|upkeep\n|turn|25\n|inactive|Zomberino has 120 seconds left.\n|\n|t:|1700116651\n|switch|p1a: Ogerpon|Ogerpon-Wellspring, F|100\/100\n|move|p2a: Iron Valiant|Energy Ball|p1a: Ogerpon\n|-damage|p1a: Ogerpon|68\/100\n|\n|upkeep\n|turn|26\n|inactive|Zomberino has 120 seconds left.\n|\n|t:|1700116671\n|-terastallize|p1a: Ogerpon|Water\n|detailschange|p1a: Ogerpon|Ogerpon-Wellspring-Tera, F, tera:Water\n|-ability|p1a: Ogerpon|Embody Aspect (Wellspring)|boost\n|-boost|p1a: Ogerpon|spd|1\n|move|p2a: Iron Valiant|Moonblast|p1a: Ogerpon\n|-damage|p1a: Ogerpon|32\/100\n|move|p1a: Ogerpon|Horn Leech|p2a: Iron Valiant\n|-damage|p2a: Iron Valiant|39\/100\n|-heal|p1a: Ogerpon|61\/100|[from] drain|[of] p2a: Iron Valiant\n|\n|upkeep\n|turn|27\n|inactive|Zomberino has 120 seconds left.\n|\n|t:|1700116680\n|move|p2a: Iron Valiant|Energy Ball|p1a: Ogerpon\n|-supereffective|p1a: Ogerpon\n|-damage|p1a: Ogerpon|17\/100\n|move|p1a: Ogerpon|Horn Leech|p2a: Iron Valiant\n|-damage|p2a: Iron Valiant|0 fnt\n|-heal|p1a: Ogerpon|35\/100|[from] drain|[of] p2a: Iron Valiant\n|faint|p2a: Iron Valiant\n|-end|p2a: Iron Valiant|Quark Drive|[silent]\n|\n|upkeep\n|\n|t:|1700116686\n|switch|p2a: Rotom|Rotom-Wash|40\/100\n|turn|28\n|\n|t:|1700116694\n|move|p1a: Ogerpon|Horn Leech|p2a: Rotom\n|-supereffective|p2a: Rotom\n|-damage|p2a: Rotom|0 fnt\n|-heal|p1a: Ogerpon|51\/100|[from] drain|[of] p2a: Rotom\n|faint|p2a: Rotom\n|\n|upkeep\n|\n|t:|1700116701\n|switch|p2a: Dragonite|Dragonite, M|100\/100\n|turn|29\n|\n|t:|1700116716\n|switch|p1a: Alomomola|Alomomola, F|90\/100\n|move|p2a: Dragonite|Dragon Dance|p2a: Dragonite\n|-boost|p2a: Dragonite|atk|1\n|-boost|p2a: Dragonite|spe|1\n|\n|upkeep\n|turn|30\n|\n|t:|1700116720\n|move|p2a: Dragonite|Dragon Dance|p2a: Dragonite\n|-boost|p2a: Dragonite|atk|1\n|-boost|p2a: Dragonite|spe|1\n|move|p1a: Alomomola|Scald|p2a: Dragonite\n|-resisted|p2a: Dragonite\n|-damage|p2a: Dragonite|97\/100\n|-status|p2a: Dragonite|brn\n|\n|-damage|p2a: Dragonite|91\/100 brn|[from] brn\n|upkeep\n|turn|31\n|\n|t:|1700116726\n|move|p2a: Dragonite|Dragon Dance|p2a: Dragonite\n|-boost|p2a: Dragonite|atk|1\n|-boost|p2a: Dragonite|spe|1\n|move|p1a: Alomomola|Wish|p1a: Alomomola\n|\n|-damage|p2a: Dragonite|85\/100 brn|[from] brn\n|upkeep\n|turn|32\n|\n|t:|1700116731\n|move|p2a: Dragonite|Dragon Dance|p2a: Dragonite\n|-boost|p2a: Dragonite|atk|1\n|-boost|p2a: Dragonite|spe|1\n|move|p1a: Alomomola|Flip Turn|p2a: Dragonite\n|-resisted|p2a: Dragonite\n|-damage|p2a: Dragonite|76\/100 brn\n|\n|t:|1700116737\n|switch|p1a: Greninja|Greninja, F|100\/100|[from] Flip Turn\n|\n|-damage|p2a: Dragonite|70\/100 brn|[from] brn\n|upkeep\n|turn|33\n|\n|t:|1700116740\n|move|p2a: Dragonite|Extreme Speed|p1a: Greninja\n|-damage|p1a: Greninja|21\/100\n|move|p1a: Greninja|Ice Beam|p2a: Dragonite\n|-start|p1a: Greninja|typechange|Ice|[from] ability: Protean\n|-supereffective|p2a: Dragonite\n|-damage|p2a: Dragonite|0 fnt\n|faint|p2a: Dragonite\n|\n|upkeep\n|\n|t:|1700116747\n|switch|p2a: Scizor|Scizor, M|37\/100\n|turn|34\n|\n|t:|1700116752\n|switch|p1a: Alomomola|Alomomola, F|100\/100\n|move|p2a: Scizor|Bullet Punch|p1a: Alomomola\n|-resisted|p1a: Alomomola\n|-crit|p1a: Alomomola\n|-damage|p1a: Alomomola|88\/100\n|-damage|p2a: Scizor|21\/100|[from] item: Rocky Helmet|[of] p1a: Alomomola\n|\n|upkeep\n|turn|35\n|\n|t:|1700116756\n|move|p2a: Scizor|Bug Bite|p1a: Alomomola\n|-damage|p1a: Alomomola|59\/100\n|-damage|p2a: Scizor|4\/100|[from] item: Rocky Helmet|[of] p1a: Alomomola\n|move|p1a: Alomomola|Scald|p2a: Scizor\n|-damage|p2a: Scizor|0 fnt\n|faint|p2a: Scizor\n|\n|upkeep\n|\n|t:|1700116760\n|switch|p2a: Grimmsnarl|Grimmsnarl, M|100\/100\n|turn|36\n|\n|t:|1700116767\n|move|p1a: Alomomola|Protect|p1a: Alomomola\n|-singleturn|p1a: Alomomola|Protect\n|move|p2a: Grimmsnarl|Thunder Wave|p1a: Alomomola\n|-activate|p1a: Alomomola|move: Protect\n|\n|upkeep\n|turn|37\n|\n|t:|1700116771\n|switch|p1a: Toxapex|Toxapex, F|100\/100 par\n|move|p2a: Grimmsnarl|Taunt|p1a: Toxapex\n|-start|p1a: Toxapex|move: Taunt\n|\n|upkeep\n|turn|38\n|\n|t:|1700116776\n|move|p2a: Grimmsnarl|Reflect|p2a: Grimmsnarl\n|-sidestart|p2: mhk897|Reflect\n|move|p1a: Toxapex|Liquidation|p2a: Grimmsnarl\n|-damage|p2a: Grimmsnarl|87\/100\n|\n|upkeep\n|turn|39\n|\n|t:|1700116779\n|move|p2a: Grimmsnarl|Light Screen|p2a: Grimmsnarl\n|-sidestart|p2: mhk897|move: Light Screen\n|move|p1a: Toxapex|Liquidation|p2a: Grimmsnarl\n|-damage|p2a: Grimmsnarl|74\/100\n|-unboost|p2a: Grimmsnarl|def|1\n|\n|-end|p1a: Toxapex|move: Taunt\n|upkeep\n|turn|40\n|\n|t:|1700116784\n|switch|p2a: Slowbro|Slowbro, M, tera:Fairy|74\/100\n|move|p1a: Toxapex|Toxic|p2a: Slowbro\n|-status|p2a: Slowbro|tox\n|\n|-damage|p2a: Slowbro|68\/100 tox|[from] psn\n|upkeep\n|turn|41\n|\n|t:|1700116791\n|move|p1a: Toxapex|Baneful Bunker|p1a: Toxapex\n|-singleturn|p1a: Toxapex|move: Protect\n|move|p2a: Slowbro|Calm Mind|p2a: Slowbro\n|-boost|p2a: Slowbro|spa|1\n|-boost|p2a: Slowbro|spd|1\n|\n|-damage|p2a: Slowbro|56\/100 tox|[from] psn\n|upkeep\n|turn|42\n|c|\u2606mhk897|gg\n|-message|mhk897 forfeited.\n|\n|win|Zomberino\n|raw|Zomberino's rating: 1311 &rarr; <strong>1330<\/strong><br \/>(+19 for winning)\n|raw|mhk897's rating: 1288 &rarr; <strong>1265<\/strong><br \/>(-23 for losing)\n|l|\u2606mhk897\n","uploadtime":1700116807,"views":8,"p1id":"zomberino","p2id":"mhk897","formatid":"gen9ou","rating":1265,"private":0,"password":""}