{"id":"gen9ou-1994849119","p1":"Theimpactassault","p2":"ThatOneGuy10","format":"[Gen 9] OU","log":"|j|\u2606Theimpactassault\n|j|\u203dThatOneGuy10\n|t:|1700498403\n|gametype|singles\n|player|p1|Theimpactassault|hilda|1478\n|player|p2|ThatOneGuy10|2|1523\n|teamsize|p1|6\n|teamsize|p2|6\n|gen|9\n|tier|[Gen 9] OU\n|rated|\n|rule|Sleep Clause Mod: Limit one foe put to sleep\n|rule|Species Clause: Limit one of each Pok\u00e9mon\n|rule|OHKO Clause: OHKO moves are banned\n|rule|Evasion Items Clause: Evasion items are banned\n|rule|Evasion Moves Clause: Evasion moves are banned\n|rule|Endless Battle Clause: Forcing endless battles is banned\n|rule|HP Percentage Mod: HP is shown in percentages\n|clearpoke\n|poke|p1|Samurott-Hisui, M|\n|poke|p1|Arcanine-Hisui, F|\n|poke|p1|Corviknight, F|\n|poke|p1|Clodsire, M|\n|poke|p1|Forretress, M|\n|poke|p1|Meowscarada, F|\n|poke|p2|Iron Moth|\n|poke|p2|Samurott-Hisui, M|\n|poke|p2|Great Tusk|\n|poke|p2|Dragapult, M|\n|poke|p2|Gholdengo|\n|poke|p2|Landorus-Therian, M|\n|teampreview\n|\n|t:|1700498412\n|start\n|switch|p1a: Meowscarada|Meowscarada, F|100\/100\n|switch|p2a: Landorus|Landorus-Therian, M|100\/100\n|-ability|p2a: Landorus|Intimidate|boost\n|-unboost|p1a: Meowscarada|atk|1\n|turn|1\n|\n|t:|1700498414\n|move|p1a: Meowscarada|U-turn|p2a: Landorus\n|-start|p1a: Meowscarada|typechange|Bug|[from] ability: Protean\n|-resisted|p2a: Landorus\n|-damage|p2a: Landorus|91\/100\n|\n|t:|1700498416\n|switch|p1a: Forretress|Forretress, M|100\/100|[from] U-turn\n|move|p2a: Landorus|U-turn|p1a: Forretress\n|-resisted|p1a: Forretress\n|-damage|p1a: Forretress|95\/100\n|\n|t:|1700498433\n|switch|p2a: Dragapult|Dragapult, M|100\/100|[from] U-turn\n|\n|upkeep\n|turn|2\n|\n|t:|1700498438\n|switch|p1a: Clodsire|Clodsire, M|100\/100\n|move|p2a: Dragapult|Shadow Ball|p1a: Clodsire\n|-damage|p1a: Clodsire|74\/100\n|\n|-heal|p1a: Clodsire|80\/100|[from] item: Black Sludge\n|upkeep\n|turn|3\n|\n|t:|1700498454\n|switch|p2a: Landorus|Landorus-Therian, M|91\/100\n|-ability|p2a: Landorus|Intimidate|boost\n|-unboost|p1a: Clodsire|atk|1\n|move|p1a: Clodsire|Toxic|p2a: Landorus\n|-status|p2a: Landorus|tox\n|\n|-heal|p2a: Landorus|97\/100 tox|[from] item: Leftovers\n|-heal|p1a: Clodsire|86\/100|[from] item: Black Sludge\n|-damage|p2a: Landorus|91\/100 tox|[from] psn\n|upkeep\n|turn|4\n|\n|t:|1700498461\n|move|p1a: Clodsire|Protect|p1a: Clodsire\n|-singleturn|p1a: Clodsire|Protect\n|move|p2a: Landorus|Stealth Rock|p1a: Clodsire\n|-sidestart|p1: Theimpactassault|move: Stealth Rock\n|\n|-heal|p2a: Landorus|97\/100 tox|[from] item: Leftovers\n|-heal|p1a: Clodsire|93\/100|[from] item: Black Sludge\n|-damage|p2a: Landorus|84\/100 tox|[from] psn\n|upkeep\n|turn|5\n|\n|t:|1700498468\n|switch|p1a: Corviknight|Corviknight, F|100\/100\n|-damage|p1a: Corviknight|88\/100|[from] Stealth Rock\n|-ability|p1a: Corviknight|Pressure\n|move|p2a: Landorus|U-turn|p1a: Corviknight\n|-resisted|p1a: Corviknight\n|-damage|p1a: Corviknight|85\/100\n|\n|t:|1700498479\n|switch|p2a: Dragapult|Dragapult, M|100\/100|[from] U-turn\n|\n|-heal|p1a: Corviknight|91\/100|[from] item: Leftovers\n|upkeep\n|turn|6\n|\n|t:|1700498482\n|switch|p1a: Clodsire|Clodsire, M|93\/100\n|-damage|p1a: Clodsire|86\/100|[from] Stealth Rock\n|move|p2a: Dragapult|Shadow Ball|p1a: Clodsire\n|-damage|p1a: Clodsire|58\/100\n|\n|-heal|p1a: Clodsire|64\/100|[from] item: Black Sludge\n|upkeep\n|turn|7\n|\n|t:|1700498489\n|switch|p1a: Forretress|Forretress, M|95\/100\n|move|p2a: Dragapult|Shadow Ball|p1a: Forretress\n|-damage|p1a: Forretress|21\/100\n|\n|upkeep\n|turn|8\n|\n|t:|1700498498\n|switch|p1a: Clodsire|Clodsire, M|64\/100\n|-damage|p1a: Clodsire|58\/100|[from] Stealth Rock\n|move|p2a: Dragapult|Shadow Ball|p1a: Clodsire\n|-damage|p1a: Clodsire|32\/100\n|\n|-heal|p1a: Clodsire|38\/100|[from] item: Black Sludge\n|upkeep\n|turn|9\n|\n|t:|1700498503\n|-terastallize|p2a: Dragapult|Ghost\n|move|p1a: Clodsire|Protect|p1a: Clodsire\n|-singleturn|p1a: Clodsire|Protect\n|move|p2a: Dragapult|Shadow Ball|p1a: Clodsire\n|-activate|p1a: Clodsire|move: Protect\n|\n|-heal|p1a: Clodsire|45\/100|[from] item: Black Sludge\n|upkeep\n|turn|10\n|\n|t:|1700498512\n|switch|p2a: Landorus|Landorus-Therian, M|84\/100 tox\n|-ability|p2a: Landorus|Intimidate|boost\n|-unboost|p1a: Clodsire|atk|1\n|move|p1a: Clodsire|Recover|p1a: Clodsire\n|-heal|p1a: Clodsire|95\/100\n|\n|-heal|p2a: Landorus|91\/100 tox|[from] item: Leftovers\n|-heal|p1a: Clodsire|100\/100|[from] item: Black Sludge\n|-damage|p2a: Landorus|84\/100 tox|[from] psn\n|upkeep\n|turn|11\n|\n|t:|1700498521\n|switch|p2a: Great Tusk|Great Tusk|100\/100\n|move|p1a: Clodsire|Protect||[still]\n|-fail|p1a: Clodsire\n|\n|upkeep\n|turn|12\n|\n|t:|1700498527\n|switch|p1a: Corviknight|Corviknight, F|91\/100\n|-damage|p1a: Corviknight|78\/100|[from] Stealth Rock\n|-ability|p1a: Corviknight|Pressure\n|move|p2a: Great Tusk|Knock Off|p1a: Corviknight\n|-damage|p1a: Corviknight|58\/100\n|-enditem|p1a: Corviknight|Leftovers|[from] move: Knock Off|[of] p2a: Great Tusk\n|\n|upkeep\n|turn|13\n|\n|t:|1700498535\n|-end|p2a: Great Tusk|Protosynthesis|[silent]\n|switch|p2a: Dragapult|Dragapult, M, tera:Ghost|100\/100\n|move|p1a: Corviknight|Roost|p1a: Corviknight\n|-heal|p1a: Corviknight|100\/100\n|-singleturn|p1a: Corviknight|move: Roost\n|\n|upkeep\n|turn|14\n|\n|t:|1700498541\n|move|p2a: Dragapult|Shadow Ball|p1a: Corviknight\n|-damage|p1a: Corviknight|34\/100\n|move|p1a: Corviknight|Roost|p1a: Corviknight\n|-heal|p1a: Corviknight|84\/100\n|-singleturn|p1a: Corviknight|move: Roost\n|\n|upkeep\n|turn|15\n|\n|t:|1700498547\n|switch|p1a: Clodsire|Clodsire, M|100\/100\n|-damage|p1a: Clodsire|94\/100|[from] Stealth Rock\n|move|p2a: Dragapult|Shadow Ball|p1a: Clodsire\n|-damage|p1a: Clodsire|59\/100\n|\n|-heal|p1a: Clodsire|65\/100|[from] item: Black Sludge\n|upkeep\n|turn|16\n|\n|t:|1700498558\n|switch|p2a: Landorus|Landorus-Therian, M|84\/100 tox\n|-ability|p2a: Landorus|Intimidate|boost\n|-unboost|p1a: Clodsire|atk|1\n|move|p1a: Clodsire|Toxic|p2a: Landorus\n|-fail|p2a: Landorus|tox\n|\n|-heal|p2a: Landorus|91\/100 tox|[from] item: Leftovers\n|-heal|p1a: Clodsire|71\/100|[from] item: Black Sludge\n|-damage|p2a: Landorus|84\/100 tox|[from] psn\n|upkeep\n|turn|17\n|\n|t:|1700498565\n|move|p1a: Clodsire|Protect|p1a: Clodsire\n|-singleturn|p1a: Clodsire|Protect\n|move|p2a: Landorus|Earthquake|p1a: Clodsire\n|-activate|p1a: Clodsire|move: Protect\n|\n|-heal|p2a: Landorus|91\/100 tox|[from] item: Leftovers\n|-heal|p1a: Clodsire|78\/100|[from] item: Black Sludge\n|-damage|p2a: Landorus|78\/100 tox|[from] psn\n|upkeep\n|turn|18\n|\n|t:|1700498573\n|move|p2a: Landorus|Smack Down|p1a: Clodsire\n|-resisted|p1a: Clodsire\n|-damage|p1a: Clodsire|69\/100\n|move|p1a: Clodsire|Toxic|p2a: Landorus\n|-fail|p2a: Landorus|tox\n|\n|-heal|p2a: Landorus|84\/100 tox|[from] item: Leftovers\n|-heal|p1a: Clodsire|75\/100|[from] item: Black Sludge\n|-damage|p2a: Landorus|66\/100 tox|[from] psn\n|upkeep\n|turn|19\n|\n|t:|1700498576\n|move|p1a: Clodsire|Protect|p1a: Clodsire\n|-singleturn|p1a: Clodsire|Protect\n|move|p2a: Landorus|Earthquake|p1a: Clodsire\n|-activate|p1a: Clodsire|move: Protect\n|\n|-heal|p2a: Landorus|72\/100 tox|[from] item: Leftovers\n|-heal|p1a: Clodsire|82\/100|[from] item: Black Sludge\n|-damage|p2a: Landorus|48\/100 tox|[from] psn\n|upkeep\n|turn|20\n|\n|t:|1700498584\n|switch|p2a: Samurott|Samurott-Hisui, M|100\/100\n|switch|p1a: Corviknight|Corviknight, F|84\/100\n|-damage|p1a: Corviknight|71\/100|[from] Stealth Rock\n|-ability|p1a: Corviknight|Pressure\n|\n|upkeep\n|turn|21\n|\n|t:|1700498587\n|move|p2a: Samurott|Ceaseless Edge|p1a: Corviknight\n|-damage|p1a: Corviknight|41\/100\n|-sidestart|p1: Theimpactassault|Spikes\n|move|p1a: Corviknight|Iron Defense|p1a: Corviknight\n|-boost|p1a: Corviknight|def|2\n|\n|upkeep\n|turn|22\n|\n|t:|1700498592\n|switch|p2a: Dragapult|Dragapult, M, tera:Ghost|100\/100\n|move|p1a: Corviknight|Body Press|p2a: Dragapult\n|-immune|p2a: Dragapult\n|\n|upkeep\n|turn|23\n|\n|t:|1700498599\n|move|p2a: Dragapult|Draco Meteor|p1a: Corviknight|[miss]\n|-miss|p2a: Dragapult|p1a: Corviknight\n|move|p1a: Corviknight|Roost|p1a: Corviknight\n|-heal|p1a: Corviknight|91\/100\n|-singleturn|p1a: Corviknight|move: Roost\n|\n|upkeep\n|turn|24\n|\n|t:|1700498626\n|switch|p2a: Gholdengo|Gholdengo|100\/100\n|move|p1a: Corviknight|Body Press|p2a: Gholdengo\n|-immune|p2a: Gholdengo\n|\n|upkeep\n|turn|25\n|\n|t:|1700498629\n|switch|p1a: Meowscarada|Meowscarada, F|100\/100\n|-damage|p1a: Meowscarada|88\/100|[from] Stealth Rock\n|-damage|p1a: Meowscarada|76\/100|[from] Spikes\n|move|p2a: Gholdengo|Shadow Ball|p1a: Meowscarada\n|-resisted|p1a: Meowscarada\n|-damage|p1a: Meowscarada|43\/100\n|\n|upkeep\n|turn|26\n|-message|ThatOneGuy10 forfeited.\n|\n|win|Theimpactassault\n|raw|Theimpactassault's rating: 1478 &rarr; <strong>1501<\/strong><br \/>(+23 for winning)\n|raw|ThatOneGuy10's rating: 1523 &rarr; <strong>1500<\/strong><br \/>(-23 for losing)\n|l|\u203dThatOneGuy10\n","uploadtime":1700498645,"views":6,"p1id":"theimpactassault","p2id":"thatoneguy10","formatid":"gen9ou","rating":1500,"private":0,"password":""}