{"id":"gen9ou-1988415135","p1":"TrepYT","p2":"Nador123!","format":"[Gen 9] OU","log":"|j|\u203dTrepYT\n|j|\u2606Nador123!\n|t:|1699720438\n|gametype|singles\n|player|p1|TrepYT|swimmerf|1691\n|player|p2|Nador123!|nate|1746\n|teamsize|p1|6\n|teamsize|p2|6\n|gen|9\n|tier|[Gen 9] OU\n|rated|\n|rule|Sleep Clause Mod: Limit one foe put to sleep\n|rule|Species Clause: Limit one of each Pok\u00e9mon\n|rule|OHKO Clause: OHKO moves are banned\n|rule|Evasion Items Clause: Evasion items are banned\n|rule|Evasion Moves Clause: Evasion moves are banned\n|rule|Endless Battle Clause: Forcing endless battles is banned\n|rule|HP Percentage Mod: HP is shown in percentages\n|clearpoke\n|poke|p1|Samurott-Hisui, M|\n|poke|p1|Cresselia, F|\n|poke|p1|Kingambit, F|\n|poke|p1|Scizor, M|\n|poke|p1|Garchomp, F|\n|poke|p1|Heatran, M|\n|poke|p2|Kingambit, M|\n|poke|p2|Iron Valiant|\n|poke|p2|Dragapult, M|\n|poke|p2|Manaphy|\n|poke|p2|Great Tusk|\n|poke|p2|Rillaboom, F|\n|teampreview\n|j| iAeOs\n|\n|t:|1699720443\n|start\n|switch|p1a: Scizor|Scizor, M|100\/100\n|switch|p2a: Great Tusk|Great Tusk|100\/100\n|turn|1\n|\n|t:|1699720445\n|switch|p1a: Garchomp|Garchomp, F|100\/100\n|move|p2a: Great Tusk|Stealth Rock|p1a: Garchomp\n|-sidestart|p1: TrepYT|move: Stealth Rock\n|\n|upkeep\n|turn|2\n|\n|t:|1699720450\n|-end|p2a: Great Tusk|Protosynthesis|[silent]\n|switch|p2a: Manaphy|Manaphy|100\/100\n|move|p1a: Garchomp|Stealth Rock|p2a: Manaphy\n|-sidestart|p2: Nador123!|move: Stealth Rock\n|\n|upkeep\n|turn|3\n|\n|t:|1699720454\n|move|p2a: Manaphy|Ice Beam|p1a: Garchomp\n|-supereffective|p1a: Garchomp\n|-damage|p1a: Garchomp|28\/100\n|move|p1a: Garchomp|Dragon Tail|p2a: Manaphy\n|-damage|p2a: Manaphy|84\/100\n|drag|p2a: Dragapult|Dragapult, M|100\/100\n|-damage|p2a: Dragapult|88\/100|[from] Stealth Rock\n|\n|upkeep\n|turn|4\n|\n|t:|1699720460\n|move|p2a: Dragapult|Shadow Ball|p1a: Garchomp\n|-damage|p1a: Garchomp|0 fnt\n|faint|p1a: Garchomp\n|\n|upkeep\n|\n|t:|1699720463\n|switch|p1a: Samurott|Samurott-Hisui, M|100\/100\n|-damage|p1a: Samurott|88\/100|[from] Stealth Rock\n|turn|5\n|\n|t:|1699720465\n|switch|p2a: Great Tusk|Great Tusk|100\/100\n|-damage|p2a: Great Tusk|98\/100|[from] Stealth Rock\n|move|p1a: Samurott|Ceaseless Edge|p2a: Great Tusk\n|-resisted|p2a: Great Tusk\n|-damage|p2a: Great Tusk|85\/100\n|-sidestart|p2: Nador123!|Spikes\n|\n|-heal|p2a: Great Tusk|91\/100|[from] item: Leftovers\n|upkeep\n|turn|6\n|\n|t:|1699720467\n|move|p2a: Great Tusk|Rapid Spin|p1a: Samurott\n|-damage|p1a: Samurott|72\/100\n|-boost|p2a: Great Tusk|spe|1\n|-sideend|p2: Nador123!|Spikes|[from] move: Rapid Spin|[of] p2a: Great Tusk\n|-sideend|p2: Nador123!|Stealth Rock|[from] move: Rapid Spin|[of] p2a: Great Tusk\n|move|p1a: Samurott|Aqua Cutter|p2a: Great Tusk\n|-supereffective|p2a: Great Tusk\n|-damage|p2a: Great Tusk|39\/100\n|\n|-heal|p2a: Great Tusk|45\/100|[from] item: Leftovers\n|upkeep\n|turn|7\n|\n|t:|1699720475\n|move|p2a: Great Tusk|Earthquake|p1a: Samurott\n|-damage|p1a: Samurott|28\/100\n|move|p1a: Samurott|Ceaseless Edge|p2a: Great Tusk|[miss]\n|-miss|p1a: Samurott|p2a: Great Tusk\n|\n|-heal|p2a: Great Tusk|51\/100|[from] item: Leftovers\n|upkeep\n|turn|8\n|inactive|Battle timer is ON: inactive players will automatically lose when time's up. (requested by Nador123!)\n|l| iAeOs\n|inactive|TrepYT has 120 seconds left.\n|j| kaedehara\n|j| debilos\n|inactive|TrepYT has 90 seconds left.\n|inactive|TrepYT has 60 seconds left.\n|inactive|TrepYT has 30 seconds left.\n|inactive|TrepYT has 20 seconds left.\n|inactive|TrepYT has 15 seconds left.\n|inactive|TrepYT has 10 seconds left.\n|inactive|TrepYT has 5 seconds left.\n|-message|TrepYT lost due to inactivity.\n|\n|win|Nador123!\n|raw|TrepYT's rating: 1676 &rarr; <strong>1660<\/strong><br \/>(-16 for losing)\n|raw|Nador123!'s rating: 1746 &rarr; <strong>1762<\/strong><br \/>(+16 for winning)\n|l| debilos\n|j| jdbysjwwh\n","uploadtime":1699720705,"views":15,"p1id":"trepyt","p2id":"nador123","formatid":"gen9ou","rating":1660,"private":0,"password":""}