{"id":"gen9ou-1988431053","p1":"SecondlyYou","p2":"FirstlyMe","format":"[Gen 9] OU","log":"|j|\u2606SecondlyYou\n|j|\u2606FirstlyMe\n|t:|1699722197\n|gametype|singles\n|player|p1|SecondlyYou|169|\n|player|p2|FirstlyMe|kieran|\n|teamsize|p1|6\n|teamsize|p2|6\n|gen|9\n|tier|[Gen 9] OU\n|rule|Sleep Clause Mod: Limit one foe put to sleep\n|rule|Species Clause: Limit one of each Pok\u00e9mon\n|rule|OHKO Clause: OHKO moves are banned\n|rule|Evasion Items Clause: Evasion items are banned\n|rule|Evasion Moves Clause: Evasion moves are banned\n|rule|Endless Battle Clause: Forcing endless battles is banned\n|rule|HP Percentage Mod: HP is shown in percentages\n|clearpoke\n|poke|p1|Rotom-Wash|\n|poke|p1|Moltres|\n|poke|p1|Zoroark-Hisui, F|\n|poke|p1|Landorus-Therian, M|\n|poke|p1|Amoonguss, F|\n|poke|p1|Sandy Shocks|\n|poke|p2|Tyranitar, M|\n|poke|p2|Garchomp, M|\n|poke|p2|Garganacl, F|\n|poke|p2|Azumarill, F|\n|poke|p2|Heatran, F|\n|poke|p2|Clodsire, F|\n|teampreview\n|inactive|Battle timer is ON: inactive players will automatically lose when time's up. (requested by FirstlyMe)\n|inactive|SecondlyYou has 270 seconds left.\n|\n|t:|1699722230\n|start\n|switch|p1a: Rotom|Rotom-Wash|100\/100\n|switch|p2a: Clodsire|Clodsire, F|100\/100\n|turn|1\n|\n|t:|1699722246\n|move|p1a: Rotom|Hydro Pump|p2a: Clodsire|[miss]\n|-miss|p1a: Rotom|p2a: Clodsire\n|move|p2a: Clodsire|Stealth Rock|p1a: Rotom\n|-sidestart|p1: SecondlyYou|move: Stealth Rock\n|\n|upkeep\n|turn|2\n|\n|t:|1699722258\n|move|p1a: Rotom|Hydro Pump|p2a: Clodsire\n|-supereffective|p2a: Clodsire\n|-damage|p2a: Clodsire|50\/100\n|move|p2a: Clodsire|Toxic|p1a: Rotom\n|-status|p1a: Rotom|tox\n|\n|-heal|p2a: Clodsire|56\/100|[from] item: Black Sludge\n|-damage|p1a: Rotom|94\/100 tox|[from] psn\n|upkeep\n|turn|3\n|\n|t:|1699722270\n|switch|p1a: Landorus|Landorus-Therian, M|100\/100\n|-damage|p1a: Landorus|88\/100|[from] Stealth Rock\n|-ability|p1a: Landorus|Intimidate|boost\n|-unboost|p2a: Clodsire|atk|1\n|move|p2a: Clodsire|Recover|p2a: Clodsire\n|-heal|p2a: Clodsire|100\/100\n|\n|upkeep\n|turn|4\n|\n|t:|1699722288\n|switch|p2a: Garchomp|Garchomp, M|100\/100\n|move|p1a: Landorus|Earthquake|p2a: Garchomp\n|-damage|p2a: Garchomp|49\/100\n|\n|upkeep\n|turn|5\n|\n|t:|1699722308\n|move|p2a: Garchomp|Liquidation|p1a: Landorus\n|-supereffective|p1a: Landorus\n|-damage|p1a: Landorus|46\/100\n|-unboost|p1a: Landorus|def|1\n|-damage|p2a: Garchomp|32\/100|[from] item: Rocky Helmet|[of] p1a: Landorus\n|move|p1a: Landorus|Stealth Rock|p2a: Garchomp\n|-sidestart|p2: FirstlyMe|move: Stealth Rock\n|\n|upkeep\n|turn|6\n|\n|t:|1699722320\n|move|p2a: Garchomp|Swords Dance|p2a: Garchomp\n|-boost|p2a: Garchomp|atk|2\n|move|p1a: Landorus|Stealth Rock||[still]\n|-fail|p1a: Landorus\n|\n|upkeep\n|turn|7\n|\n|t:|1699722334\n|move|p2a: Garchomp|Scale Shot|p1a: Landorus\n|-damage|p1a: Landorus|19\/100\n|-damage|p1a: Landorus|0 fnt\n|faint|p1a: Landorus\n|-hitcount|p1: Landorus|2\n|-unboost|p2a: Garchomp|def|1\n|-boost|p2a: Garchomp|spe|1\n|\n|upkeep\n|inactive|SecondlyYou has 270 seconds left.\n|\n|t:|1699722352\n|switch|p1a: Rotom|Rotom-Wash|94\/100 tox\n|-damage|p1a: Rotom|82\/100 tox|[from] Stealth Rock\n|turn|8\n|inactive|SecondlyYou has 270 seconds left.\n|\n|t:|1699722360\n|switch|p2a: Heatran|Heatran, F|100\/100\n|-damage|p2a: Heatran|88\/100|[from] Stealth Rock\n|move|p1a: Rotom|Will-O-Wisp|p2a: Heatran\n|-start|p2a: Heatran|ability: Flash Fire\n|\n|-heal|p1a: Rotom|88\/100 tox|[from] item: Leftovers\n|-heal|p2a: Heatran|94\/100|[from] item: Leftovers\n|-damage|p1a: Rotom|82\/100 tox|[from] psn\n|upkeep\n|turn|9\n|inactive|SecondlyYou has 270 seconds left.\n|\n|t:|1699722383\n|switch|p1a: Sandy Shocks|Sandy Shocks|100\/100\n|-damage|p1a: Sandy Shocks|94\/100|[from] Stealth Rock\n|move|p2a: Heatran|Taunt|p1a: Sandy Shocks\n|-start|p1a: Sandy Shocks|move: Taunt\n|\n|-heal|p2a: Heatran|100\/100|[from] item: Leftovers\n|upkeep\n|turn|10\n|\n|t:|1699722405\n|-end|p2a: Heatran|ability: Flash Fire|[silent]\n|switch|p2a: Garchomp|Garchomp, M|32\/100\n|-damage|p2a: Garchomp|26\/100|[from] Stealth Rock\n|move|p1a: Sandy Shocks|Earth Power|p2a: Garchomp\n|-damage|p2a: Garchomp|0 fnt\n|faint|p2a: Garchomp\n|-damage|p1a: Sandy Shocks|84\/100|[from] item: Life Orb\n|\n|upkeep\n|inactive|FirstlyMe has 270 seconds left.\n|\n|t:|1699722420\n|switch|p2a: Azumarill|Azumarill, F|100\/100\n|-damage|p2a: Azumarill|88\/100|[from] Stealth Rock\n|turn|11\n|inactive|FirstlyMe has 270 seconds left.\n|\n|t:|1699722431\n|switch|p2a: Clodsire|Clodsire, F|100\/100\n|-damage|p2a: Clodsire|94\/100|[from] Stealth Rock\n|move|p1a: Sandy Shocks|Thunderbolt|p2a: Clodsire\n|-immune|p2a: Clodsire\n|\n|-heal|p2a: Clodsire|100\/100|[from] item: Black Sludge\n|-end|p1a: Sandy Shocks|move: Taunt\n|upkeep\n|turn|12\n|inactive|FirstlyMe has 270 seconds left.\n|\n|t:|1699722457\n|switch|p2a: Azumarill|Azumarill, F|88\/100\n|-damage|p2a: Azumarill|76\/100|[from] Stealth Rock\n|move|p1a: Sandy Shocks|Earth Power|p2a: Azumarill\n|-damage|p2a: Azumarill|15\/100\n|-enditem|p2a: Azumarill|Sitrus Berry|[eat]\n|-heal|p2a: Azumarill|40\/100|[from] item: Sitrus Berry\n|-damage|p1a: Sandy Shocks|74\/100|[from] item: Life Orb\n|\n|upkeep\n|turn|13\n|\n|t:|1699722467\n|move|p2a: Azumarill|Aqua Jet|p1a: Sandy Shocks\n|-supereffective|p1a: Sandy Shocks\n|-damage|p1a: Sandy Shocks|16\/100\n|move|p1a: Sandy Shocks|Thunderbolt|p2a: Azumarill\n|-supereffective|p2a: Azumarill\n|-damage|p2a: Azumarill|0 fnt\n|faint|p2a: Azumarill\n|-damage|p1a: Sandy Shocks|6\/100|[from] item: Life Orb\n|\n|upkeep\n|\n|t:|1699722479\n|switch|p2a: Clodsire|Clodsire, F|100\/100\n|-damage|p2a: Clodsire|94\/100|[from] Stealth Rock\n|turn|14\n|\n|t:|1699722485\n|-end|p1a: Sandy Shocks|Protosynthesis|[silent]\n|switch|p1a: Moltres|Moltres|100\/100\n|move|p2a: Clodsire|Toxic|p1a: Moltres\n|-status|p1a: Moltres|tox\n|\n|-heal|p2a: Clodsire|100\/100|[from] item: Black Sludge\n|-damage|p1a: Moltres|94\/100 tox|[from] psn\n|upkeep\n|turn|15\n|inactive|SecondlyYou has 270 seconds left.\n|inactive|FirstlyMe has 270 seconds left.\n|\n|t:|1699722497\n|move|p1a: Moltres|Flamethrower|p2a: Clodsire\n|-damage|p2a: Clodsire|82\/100\n|move|p2a: Clodsire|Recover|p2a: Clodsire\n|-heal|p2a: Clodsire|100\/100\n|\n|-damage|p1a: Moltres|82\/100 tox|[from] psn\n|upkeep\n|turn|16\n|inactive|SecondlyYou has 270 seconds left.\n|\n|t:|1699722509\n|switch|p1a: Amoonguss|Amoonguss, F|100\/100\n|-damage|p1a: Amoonguss|88\/100|[from] Stealth Rock\n|move|p2a: Clodsire|Earthquake|p1a: Amoonguss\n|-damage|p1a: Amoonguss|68\/100\n|\n|upkeep\n|turn|17\n|inactive|SecondlyYou has 270 seconds left.\n|\n|t:|1699722522\n|switch|p2a: Garganacl|Garganacl, F|100\/100\n|-damage|p2a: Garganacl|88\/100|[from] Stealth Rock\n|move|p1a: Amoonguss|Spore|p2a: Garganacl\n|-immune|p2a: Garganacl|[from] ability: Purifying Salt\n|\n|-heal|p2a: Garganacl|94\/100|[from] item: Leftovers\n|upkeep\n|turn|18\n|inactive|SecondlyYou has 270 seconds left.\n|\n|t:|1699722536\n|-terastallize|p2a: Garganacl|Ghost\n|move|p2a: Garganacl|Salt Cure|p1a: Amoonguss\n|-damage|p1a: Amoonguss|57\/100\n|-start|p1a: Amoonguss|Salt Cure\n|move|p1a: Amoonguss|Giga Drain|p2a: Garganacl\n|-damage|p2a: Garganacl|80\/100\n|-heal|p1a: Amoonguss|64\/100|[from] drain|[of] p2a: Garganacl\n|\n|-heal|p2a: Garganacl|86\/100|[from] item: Leftovers\n|-damage|p1a: Amoonguss|52\/100|[from] Salt Cure\n|upkeep\n|turn|19\n|inactive|SecondlyYou has 270 seconds left.\n|inactive|FirstlyMe has 270 seconds left.\n|\n|t:|1699722558\n|switch|p1a: Sandy Shocks|Sandy Shocks|6\/100\n|-damage|p1a: Sandy Shocks|0 fnt|[from] Stealth Rock\n|faint|p1a: Sandy Shocks\n|-end|p1a: Sandy Shocks|Protosynthesis|[silent]\n|move|p2a: Garganacl|Iron Defense|p2a: Garganacl\n|-boost|p2a: Garganacl|def|2\n|\n|-heal|p2a: Garganacl|93\/100|[from] item: Leftovers\n|upkeep\n|\n|t:|1699722565\n|switch|p1a: Amoonguss|Amoonguss, F|100\/100\n|-damage|p1a: Amoonguss|88\/100|[from] Stealth Rock\n|turn|20\n|inactive|FirstlyMe has 270 seconds left.\n|\n|t:|1699722585\n|move|p1a: Amoonguss|Shadow Ball|p2a: Garganacl\n|-supereffective|p2a: Garganacl\n|-damage|p2a: Garganacl|55\/100\n|move|p2a: Garganacl|Recover|p2a: Garganacl\n|-heal|p2a: Garganacl|100\/100\n|\n|upkeep\n|turn|21\n|inactive|FirstlyMe has 270 seconds left.\n|\n|t:|1699722604\n|switch|p2a: Clodsire|Clodsire, F|100\/100\n|-damage|p2a: Clodsire|94\/100|[from] Stealth Rock\n|move|p1a: Amoonguss|Shadow Ball|p2a: Clodsire\n|-damage|p2a: Clodsire|60\/100\n|\n|-heal|p2a: Clodsire|67\/100|[from] item: Black Sludge\n|upkeep\n|turn|22\n|\n|t:|1699722616\n|switch|p1a: Amoonguss|Amoonguss, F|85\/100\n|-damage|p1a: Amoonguss|72\/100|[from] Stealth Rock\n|move|p2a: Clodsire|Recover|p2a: Clodsire\n|-heal|p2a: Clodsire|100\/100\n|\n|upkeep\n|turn|23\n|inactive|FirstlyMe has 270 seconds left.\n|\n|t:|1699722624\n|switch|p2a: Garganacl|Garganacl, F, tera:Ghost|100\/100\n|-damage|p2a: Garganacl|88\/100|[from] Stealth Rock\n|move|p1a: Amoonguss|Spore|p2a: Garganacl\n|-immune|p2a: Garganacl|[from] ability: Purifying Salt\n|\n|-heal|p2a: Garganacl|94\/100|[from] item: Leftovers\n|upkeep\n|turn|24\n|inactive|FirstlyMe has 270 seconds left.\n|\n|t:|1699722639\n|switch|p2a: Heatran|Heatran, F|100\/100\n|-damage|p2a: Heatran|88\/100|[from] Stealth Rock\n|move|p1a: Amoonguss|Giga Drain|p2a: Heatran\n|-resisted|p2a: Heatran\n|-damage|p2a: Heatran|85\/100\n|-heal|p1a: Amoonguss|74\/100|[from] drain|[of] p2a: Heatran\n|\n|-heal|p2a: Heatran|91\/100|[from] item: Leftovers\n|upkeep\n|turn|25\n|inactive|FirstlyMe has 270 seconds left.\n|\n|t:|1699722652\n|switch|p1a: Amoonguss|Amoonguss, F|88\/100\n|-damage|p1a: Amoonguss|76\/100|[from] Stealth Rock\n|move|p2a: Heatran|Taunt|p1a: Amoonguss\n|-start|p1a: Amoonguss|move: Taunt\n|\n|-heal|p2a: Heatran|97\/100|[from] item: Leftovers\n|upkeep\n|turn|26\n|inactive|FirstlyMe has 270 seconds left.\n|\n|t:|1699722670\n|move|p1a: Amoonguss|Shadow Ball|p2a: Heatran\n|-damage|p2a: Heatran|57\/100\n|move|p2a: Heatran|Stealth Rock||[still]\n|-fail|p2a: Heatran\n|\n|-heal|p2a: Heatran|63\/100|[from] item: Leftovers\n|upkeep\n|turn|27\n|inactive|FirstlyMe has 270 seconds left.\n|\n|t:|1699722679\n|move|p1a: Amoonguss|Shadow Ball|p2a: Heatran\n|-damage|p2a: Heatran|23\/100\n|move|p2a: Heatran|Magma Storm|p1a: Amoonguss\n|-damage|p1a: Amoonguss|0 fnt\n|replace|p1a: Zoroark|Zoroark-Hisui, F\n|-end|p1a: Zoroark|Illusion\n|faint|p1a: Zoroark\n|\n|-heal|p2a: Heatran|30\/100|[from] item: Leftovers\n|upkeep\n|\n|t:|1699722688\n|switch|p1a: Moltres|Moltres|82\/100 tox\n|turn|28\n|\n|t:|1699722699\n|move|p1a: Moltres|Roost|p1a: Moltres\n|-heal|p1a: Moltres|100\/100 tox\n|-singleturn|p1a: Moltres|move: Roost\n|move|p2a: Heatran|Magma Storm|p1a: Moltres\n|-resisted|p1a: Moltres\n|-damage|p1a: Moltres|86\/100 tox\n|-activate|p1a: Moltres|move: Magma Storm|[of] p2a: Heatran\n|\n|-heal|p2a: Heatran|36\/100|[from] item: Leftovers\n|-damage|p1a: Moltres|80\/100 tox|[from] psn\n|-damage|p1a: Moltres|68\/100 tox|[from] move: Magma Storm|[partiallytrapped]\n|upkeep\n|turn|29\n|\n|t:|1699722710\n|move|p1a: Moltres|Roost|p1a: Moltres\n|-heal|p1a: Moltres|100\/100 tox\n|-singleturn|p1a: Moltres|move: Roost\n|move|p2a: Heatran|Earth Power|p1a: Moltres\n|-supereffective|p1a: Moltres\n|-damage|p1a: Moltres|66\/100 tox\n|\n|-heal|p2a: Heatran|42\/100|[from] item: Leftovers\n|-damage|p1a: Moltres|54\/100 tox|[from] psn\n|-damage|p1a: Moltres|42\/100 tox|[from] move: Magma Storm|[partiallytrapped]\n|upkeep\n|turn|30\n|\n|t:|1699722729\n|move|p1a: Moltres|Hurricane|p2a: Heatran|[miss]\n|-miss|p1a: Moltres|p2a: Heatran\n|move|p2a: Heatran|Earth Power|p1a: Moltres\n|-immune|p1a: Moltres\n|\n|-heal|p2a: Heatran|48\/100|[from] item: Leftovers\n|-damage|p1a: Moltres|24\/100 tox|[from] psn\n|-damage|p1a: Moltres|11\/100 tox|[from] move: Magma Storm|[partiallytrapped]\n|upkeep\n|turn|31\n|\n|t:|1699722748\n|move|p1a: Moltres|Hurricane|p2a: Heatran\n|-resisted|p2a: Heatran\n|-damage|p2a: Heatran|33\/100\n|move|p2a: Heatran|Taunt|p1a: Moltres\n|-start|p1a: Moltres|move: Taunt\n|\n|-heal|p2a: Heatran|40\/100|[from] item: Leftovers\n|-damage|p1a: Moltres|0 fnt|[from] psn\n|faint|p1a: Moltres\n|upkeep\n|\n|t:|1699722759\n|switch|p1a: Rotom|Rotom-Wash|82\/100 tox\n|-damage|p1a: Rotom|69\/100 tox|[from] Stealth Rock\n|turn|32\n|\n|t:|1699722768\n|switch|p2a: Garganacl|Garganacl, F, tera:Ghost|94\/100\n|-damage|p2a: Garganacl|82\/100|[from] Stealth Rock\n|move|p1a: Rotom|Hydro Pump|p2a: Garganacl\n|-damage|p2a: Garganacl|52\/100\n|\n|-heal|p1a: Rotom|76\/100 tox|[from] item: Leftovers\n|-heal|p2a: Garganacl|58\/100|[from] item: Leftovers\n|-damage|p1a: Rotom|69\/100 tox|[from] psn\n|upkeep\n|turn|33\n|\n|t:|1699722788\n|-terastallize|p1a: Rotom|Electric\n|move|p1a: Rotom|Volt Switch|p2a: Garganacl\n|-damage|p2a: Garganacl|31\/100\n|\n|t:|1699722793\n|switch|p1a: Amoonguss|Amoonguss, F|100\/100|[from] Volt Switch\n|-damage|p1a: Amoonguss|88\/100|[from] Stealth Rock\n|move|p2a: Garganacl|Iron Defense|p2a: Garganacl\n|-boost|p2a: Garganacl|def|2\n|\n|-heal|p2a: Garganacl|37\/100|[from] item: Leftovers\n|upkeep\n|turn|34\n|\n|t:|1699722799\n|move|p2a: Garganacl|Iron Defense|p2a: Garganacl\n|-boost|p2a: Garganacl|def|2\n|move|p1a: Amoonguss|Giga Drain|p2a: Garganacl\n|-damage|p2a: Garganacl|21\/100\n|-heal|p1a: Amoonguss|95\/100|[from] drain|[of] p2a: Garganacl\n|\n|-heal|p2a: Garganacl|27\/100|[from] item: Leftovers\n|upkeep\n|turn|35\n|\n|t:|1699722806\n|move|p2a: Garganacl|Iron Defense|p2a: Garganacl\n|-boost|p2a: Garganacl|def|2\n|move|p1a: Amoonguss|Giga Drain|p2a: Garganacl\n|-damage|p2a: Garganacl|13\/100\n|-heal|p1a: Amoonguss|100\/100|[from] drain|[of] p2a: Garganacl\n|\n|-heal|p2a: Garganacl|19\/100|[from] item: Leftovers\n|upkeep\n|turn|36\n|inactive|SecondlyYou has 270 seconds left.\n|\n|t:|1699722830\n|move|p2a: Garganacl|Iron Defense|p2a: Garganacl\n|-boost|p2a: Garganacl|def|0\n|move|p1a: Amoonguss|Giga Drain|p2a: Garganacl\n|-damage|p2a: Garganacl|3\/100\n|\n|-heal|p2a: Garganacl|10\/100|[from] item: Leftovers\n|upkeep\n|turn|37\n|\n|t:|1699722836\n|move|p2a: Garganacl|Earthquake|p1a: Amoonguss\n|-damage|p1a: Amoonguss|84\/100\n|move|p1a: Amoonguss|Giga Drain|p2a: Garganacl\n|-damage|p2a: Garganacl|0 fnt\n|-heal|p1a: Amoonguss|88\/100|[from] drain|[of] p2a: Garganacl\n|faint|p2a: Garganacl\n|\n|upkeep\n|\n|t:|1699722845\n|switch|p2a: Heatran|Heatran, F|40\/100\n|-damage|p2a: Heatran|27\/100|[from] Stealth Rock\n|turn|38\n|inactive|SecondlyYou has 270 seconds left.\n|\n|t:|1699722851\n|switch|p1a: Rotom|Rotom-Wash, tera:Electric|69\/100 tox\n|-damage|p1a: Rotom|57\/100 tox|[from] Stealth Rock\n|move|p2a: Heatran|Earth Power|p1a: Rotom\n|-immune|p1a: Rotom|[from] ability: Levitate\n|\n|-heal|p1a: Rotom|63\/100 tox|[from] item: Leftovers\n|-heal|p2a: Heatran|33\/100|[from] item: Leftovers\n|-damage|p1a: Rotom|57\/100 tox|[from] psn\n|upkeep\n|turn|39\n|\n|t:|1699722860\n|switch|p2a: Clodsire|Clodsire, F|100\/100\n|-damage|p2a: Clodsire|94\/100|[from] Stealth Rock\n|move|p1a: Rotom|Hydro Pump|p2a: Clodsire|[miss]\n|-miss|p1a: Rotom|p2a: Clodsire\n|\n|-heal|p1a: Rotom|63\/100 tox|[from] item: Leftovers\n|-heal|p2a: Clodsire|100\/100|[from] item: Black Sludge\n|-damage|p1a: Rotom|51\/100 tox|[from] psn\n|upkeep\n|turn|40\n|\n|t:|1699722877\n|move|p1a: Rotom|Hydro Pump|p2a: Clodsire\n|-supereffective|p2a: Clodsire\n|-damage|p2a: Clodsire|46\/100\n|move|p2a: Clodsire|Recover|p2a: Clodsire\n|-heal|p2a: Clodsire|96\/100\n|\n|-heal|p1a: Rotom|57\/100 tox|[from] item: Leftovers\n|-heal|p2a: Clodsire|100\/100|[from] item: Black Sludge\n|-damage|p1a: Rotom|38\/100 tox|[from] psn\n|upkeep\n|turn|41\n|\n|t:|1699722897\n|switch|p1a: Amoonguss|Amoonguss, F|100\/100\n|-damage|p1a: Amoonguss|88\/100|[from] Stealth Rock\n|switch|p2a: Tyranitar|Tyranitar, M|100\/100\n|-damage|p2a: Tyranitar|88\/100|[from] Stealth Rock\n|-weather|Sandstorm|[from] ability: Sand Stream|[of] p2a: Tyranitar\n|\n|-weather|Sandstorm|[upkeep]\n|-damage|p1a: Amoonguss|82\/100|[from] Sandstorm\n|-heal|p2a: Tyranitar|94\/100|[from] item: Leftovers\n|upkeep\n|turn|42\n|inactive|SecondlyYou has 270 seconds left.\n|\n|t:|1699722912\n|move|p2a: Tyranitar|Earthquake|p1a: Amoonguss\n|-damage|p1a: Amoonguss|53\/100\n|move|p1a: Amoonguss|Clear Smog|p2a: Tyranitar\n|-resisted|p2a: Tyranitar\n|-damage|p2a: Tyranitar|90\/100\n|-clearboost|p2a: Tyranitar\n|\n|-weather|Sandstorm|[upkeep]\n|-damage|p1a: Amoonguss|47\/100|[from] Sandstorm\n|-heal|p2a: Tyranitar|97\/100|[from] item: Leftovers\n|upkeep\n|turn|43\n|\n|t:|1699722922\n|switch|p1a: Rotom|Rotom-Wash, tera:Electric|38\/100 tox\n|-damage|p1a: Rotom|26\/100 tox|[from] Stealth Rock\n|move|p2a: Tyranitar|Earthquake|p1a: Rotom\n|-immune|p1a: Rotom|[from] ability: Levitate\n|\n|-weather|Sandstorm|[upkeep]\n|-damage|p1a: Rotom|20\/100 tox|[from] Sandstorm\n|-heal|p1a: Rotom|26\/100 tox|[from] item: Leftovers\n|-heal|p2a: Tyranitar|100\/100|[from] item: Leftovers\n|-damage|p1a: Rotom|20\/100 tox|[from] psn\n|upkeep\n|turn|44\n|\n|t:|1699722936\n|move|p1a: Rotom|Will-O-Wisp|p2a: Tyranitar|[miss]\n|-miss|p1a: Rotom|p2a: Tyranitar\n|move|p2a: Tyranitar|Stone Edge|p1a: Rotom|[miss]\n|-miss|p2a: Tyranitar|p1a: Rotom\n|\n|-weather|Sandstorm|[upkeep]\n|-damage|p1a: Rotom|13\/100 tox|[from] Sandstorm\n|-heal|p1a: Rotom|20\/100 tox|[from] item: Leftovers\n|-damage|p1a: Rotom|7\/100 tox|[from] psn\n|upkeep\n|turn|45\n|\n|t:|1699722944\n|move|p1a: Rotom|Will-O-Wisp|p2a: Tyranitar\n|-status|p2a: Tyranitar|brn\n|move|p2a: Tyranitar|Stone Edge|p1a: Rotom|[miss]\n|-miss|p2a: Tyranitar|p1a: Rotom\n|\n|-weather|none\n|-heal|p1a: Rotom|13\/100 tox|[from] item: Leftovers\n|-damage|p1a: Rotom|0 fnt|[from] psn\n|faint|p1a: Rotom\n|-damage|p2a: Tyranitar|94\/100 brn|[from] brn\n|upkeep\n|\n|t:|1699722950\n|switch|p1a: Amoonguss|Amoonguss, F|80\/100\n|-damage|p1a: Amoonguss|68\/100|[from] Stealth Rock\n|turn|46\n|\n|t:|1699722957\n|switch|p2a: Heatran|Heatran, F|33\/100\n|-damage|p2a: Heatran|21\/100|[from] Stealth Rock\n|move|p1a: Amoonguss|Spore|p2a: Heatran\n|-status|p2a: Heatran|slp|[from] move: Spore\n|\n|-heal|p2a: Heatran|27\/100 slp|[from] item: Leftovers\n|upkeep\n|turn|47\n|\n|t:|1699722967\n|switch|p2a: Tyranitar|Tyranitar, M|94\/100 brn\n|-damage|p2a: Tyranitar|82\/100 brn|[from] Stealth Rock\n|-weather|Sandstorm|[from] ability: Sand Stream|[of] p2a: Tyranitar\n|move|p1a: Amoonguss|Giga Drain|p2a: Tyranitar\n|-supereffective|p2a: Tyranitar\n|-damage|p2a: Tyranitar|58\/100 brn\n|-heal|p1a: Amoonguss|79\/100|[from] drain|[of] p2a: Tyranitar\n|\n|-weather|Sandstorm|[upkeep]\n|-damage|p1a: Amoonguss|73\/100|[from] Sandstorm\n|-heal|p2a: Tyranitar|64\/100 brn|[from] item: Leftovers\n|-damage|p2a: Tyranitar|58\/100 brn|[from] brn\n|upkeep\n|turn|48\n|inactive|FirstlyMe has 270 seconds left.\n|\n|t:|1699723003\n|move|p2a: Tyranitar|Stone Edge|p1a: Amoonguss\n|-damage|p1a: Amoonguss|51\/100\n|move|p1a: Amoonguss|Giga Drain|p2a: Tyranitar\n|-supereffective|p2a: Tyranitar\n|-damage|p2a: Tyranitar|34\/100 brn\n|-heal|p1a: Amoonguss|62\/100|[from] drain|[of] p2a: Tyranitar\n|\n|-weather|Sandstorm|[upkeep]\n|-damage|p1a: Amoonguss|56\/100|[from] Sandstorm\n|-heal|p2a: Tyranitar|40\/100 brn|[from] item: Leftovers\n|-damage|p2a: Tyranitar|34\/100 brn|[from] brn\n|upkeep\n|turn|49\n|inactive|FirstlyMe has 270 seconds left.\n|\n|t:|1699723014\n|move|p2a: Tyranitar|Stone Edge|p1a: Amoonguss\n|-damage|p1a: Amoonguss|32\/100\n|move|p1a: Amoonguss|Giga Drain|p2a: Tyranitar\n|-supereffective|p2a: Tyranitar\n|-damage|p2a: Tyranitar|8\/100 brn\n|-heal|p1a: Amoonguss|44\/100|[from] drain|[of] p2a: Tyranitar\n|\n|-weather|Sandstorm|[upkeep]\n|-damage|p1a: Amoonguss|38\/100|[from] Sandstorm\n|-heal|p2a: Tyranitar|14\/100 brn|[from] item: Leftovers\n|-damage|p2a: Tyranitar|8\/100 brn|[from] brn\n|upkeep\n|turn|50\n|inactive|FirstlyMe has 270 seconds left.\n|\n|t:|1699723029\n|move|p2a: Tyranitar|Stone Edge|p1a: Amoonguss\n|-crit|p1a: Amoonguss\n|-damage|p1a: Amoonguss|5\/100\n|move|p1a: Amoonguss|Giga Drain|p2a: Tyranitar\n|-supereffective|p2a: Tyranitar\n|-damage|p2a: Tyranitar|0 fnt\n|-heal|p1a: Amoonguss|9\/100|[from] drain|[of] p2a: Tyranitar\n|faint|p2a: Tyranitar\n|\n|-weather|Sandstorm|[upkeep]\n|-damage|p1a: Amoonguss|2\/100|[from] Sandstorm\n|upkeep\n|inactive|FirstlyMe has 270 seconds left.\n|\n|t:|1699723037\n|switch|p2a: Clodsire|Clodsire, F|100\/100\n|-damage|p2a: Clodsire|94\/100|[from] Stealth Rock\n|turn|51\n|\n|t:|1699723042\n|move|p1a: Amoonguss|Giga Drain|p2a: Clodsire\n|-damage|p2a: Clodsire|83\/100\n|-heal|p1a: Amoonguss|9\/100|[from] drain|[of] p2a: Clodsire\n|move|p2a: Clodsire|Recover|p2a: Clodsire\n|-heal|p2a: Clodsire|100\/100\n|\n|-weather|none\n|upkeep\n|turn|52\n|\n|t:|1699723048\n|move|p1a: Amoonguss|Giga Drain|p2a: Clodsire\n|-damage|p2a: Clodsire|88\/100\n|-heal|p1a: Amoonguss|15\/100|[from] drain|[of] p2a: Clodsire\n|move|p2a: Clodsire|Earthquake|p1a: Amoonguss\n|-damage|p1a: Amoonguss|0 fnt\n|faint|p1a: Amoonguss\n|\n|win|FirstlyMe\n|l|\u2606SecondlyYou\n|l|\u2606FirstlyMe\n|j|\u2606FirstlyMe\n|player|p2|FirstlyMe|kieran\n","uploadtime":1699723170,"views":15,"p1id":"secondlyyou","p2id":"firstlyme","formatid":"gen9ou","rating":0,"private":0,"password":""}