{"id":"gen9ou-1997237764","p1":"Skullemojiskull","p2":"Cinny69","format":"[Gen 9] OU","log":"|j|\u2606Skullemojiskull\n|j|\u2606Cinny69\n|t:|1700778973\n|gametype|singles\n|player|p1|Skullemojiskull|2|1217\n|player|p2|Cinny69|rika|1319\n|teamsize|p1|6\n|teamsize|p2|6\n|gen|9\n|tier|[Gen 9] OU\n|rated|\n|rule|Sleep Clause Mod: Limit one foe put to sleep\n|rule|Species Clause: Limit one of each Pok\u00e9mon\n|rule|OHKO Clause: OHKO moves are banned\n|rule|Evasion Items Clause: Evasion items are banned\n|rule|Evasion Moves Clause: Evasion moves are banned\n|rule|Endless Battle Clause: Forcing endless battles is banned\n|rule|HP Percentage Mod: HP is shown in percentages\n|clearpoke\n|poke|p1|Ceruledge, F|\n|poke|p1|Corviknight, M|\n|poke|p1|Lokix, M|\n|poke|p1|Tauros-Paldea-Aqua, M|\n|poke|p1|Pincurchin, M|\n|poke|p1|Iron Jugulis|\n|poke|p2|Torkoal, M|\n|poke|p2|Walking Wake|\n|poke|p2|Lilligant-Hisui, F|\n|poke|p2|Slither Wing|\n|poke|p2|Ninetales, M|\n|poke|p2|Sandy Shocks|\n|teampreview\n|inactive|Battle timer is ON: inactive players will automatically lose when time's up. (requested by Cinny69)\n|\n|t:|1700778975\n|start\n|switch|p1a: Star Lord|Pincurchin, M, shiny|100\/100\n|switch|p2a: Playtest|Ninetales, M, shiny|100\/100\n|-weather|SunnyDay|[from] ability: Drought|[of] p2a: Playtest\n|-fieldstart|move: Electric Terrain|[from] ability: Electric Surge|[of] p1a: Star Lord\n|turn|1\n|\n|t:|1700778989\n|move|p2a: Playtest|Weather Ball|p1a: Star Lord\n|-damage|p1a: Star Lord|30\/100\n|-enditem|p1a: Star Lord|Eject Button\n|inactive|Skullemojiskull has 120 seconds left.\n|\n|t:|1700779022\n|switch|p1a: Wednesday|Ceruledge, F|100\/100\n|\n|-weather|SunnyDay|[upkeep]\n|upkeep\n|turn|2\n|\n|t:|1700779028\n|move|p2a: Playtest|Memento|p1a: Wednesday\n|-unboost|p1a: Wednesday|atk|2\n|-unboost|p1a: Wednesday|spa|2\n|faint|p2a: Playtest\n|move|p1a: Wednesday|Bulk Up|p1a: Wednesday\n|-boost|p1a: Wednesday|atk|1\n|-boost|p1a: Wednesday|def|1\n|\n|-weather|SunnyDay|[upkeep]\n|upkeep\n|\n|t:|1700779038\n|switch|p2a: Torkoal|Torkoal, M|100\/100\n|turn|3\n|\n|t:|1700779043\n|move|p1a: Wednesday|Bulk Up|p1a: Wednesday\n|-boost|p1a: Wednesday|atk|1\n|-boost|p1a: Wednesday|def|1\n|move|p2a: Torkoal|Yawn|p1a: Wednesday\n|-activate|p1a: Wednesday|move: Electric Terrain\n|\n|-weather|SunnyDay|[upkeep]\n|upkeep\n|turn|4\n|\n|t:|1700779053\n|switch|p2a: Sandy Shocks|Sandy Shocks|100\/100\n|-activate|p2a: Sandy Shocks|ability: Protosynthesis\n|-start|p2a: Sandy Shocks|protosynthesisspe\n|move|p1a: Wednesday|Bulk Up|p1a: Wednesday\n|-boost|p1a: Wednesday|atk|1\n|-boost|p1a: Wednesday|def|1\n|\n|-weather|SunnyDay|[upkeep]\n|upkeep\n|turn|5\n|\n|t:|1700779076\n|-terastallize|p1a: Wednesday|Bug\n|move|p2a: Sandy Shocks|Thunderbolt|p1a: Wednesday\n|-damage|p1a: Wednesday|46\/100\n|move|p1a: Wednesday|Bitter Blade|p2a: Sandy Shocks\n|-damage|p2a: Sandy Shocks|9\/100\n|-heal|p1a: Wednesday|86\/100|[from] drain|[of] p2a: Sandy Shocks\n|\n|-weather|SunnyDay|[upkeep]\n|-fieldend|move: Electric Terrain\n|upkeep\n|turn|6\n|\n|t:|1700779086\n|move|p1a: Wednesday|Shadow Sneak|p2a: Sandy Shocks\n|-damage|p2a: Sandy Shocks|0 fnt\n|faint|p2a: Sandy Shocks\n|-end|p2a: Sandy Shocks|Protosynthesis|[silent]\n|\n|-weather|SunnyDay|[upkeep]\n|upkeep\n|\n|t:|1700779092\n|switch|p2a: Walking Wake|Walking Wake|100\/100\n|-activate|p2a: Walking Wake|ability: Protosynthesis\n|-start|p2a: Walking Wake|protosynthesisspe\n|turn|7\n|\n|t:|1700779111\n|-terastallize|p2a: Walking Wake|Water\n|move|p1a: Wednesday|Shadow Sneak|p2a: Walking Wake\n|-damage|p2a: Walking Wake|72\/100\n|move|p2a: Walking Wake|Hydro Steam|p1a: Wednesday\n|-damage|p1a: Wednesday|7\/100\n|\n|-weather|SunnyDay|[upkeep]\n|upkeep\n|turn|8\n|\n|t:|1700779125\n|move|p1a: Wednesday|Shadow Sneak|p2a: Walking Wake\n|-damage|p2a: Walking Wake|45\/100\n|move|p2a: Walking Wake|Hydro Steam|p1a: Wednesday\n|-damage|p1a: Wednesday|0 fnt\n|faint|p1a: Wednesday\n|\n|-weather|none\n|-end|p2a: Walking Wake|Protosynthesis\n|upkeep\n|inactive|Skullemojiskull has 120 seconds left.\n|\n|t:|1700779148\n|switch|p1a: Star Lord|Pincurchin, M, shiny|30\/100\n|-fieldstart|move: Electric Terrain|[from] ability: Electric Surge|[of] p1a: Star Lord\n|turn|9\n|inactive|Skullemojiskull has 120 seconds left.\n|\n|t:|1700779162\n|move|p2a: Walking Wake|Hydro Steam|p1a: Star Lord\n|-damage|p1a: Star Lord|0 fnt\n|faint|p1a: Star Lord\n|\n|upkeep\n|inactive|Skullemojiskull has 120 seconds left.\n|\n|t:|1700779171\n|switch|p1a: Lowkey|Lokix, M|100\/100\n|turn|10\n|\n|t:|1700779176\n|-end|p2a: Walking Wake|Protosynthesis|[silent]\n|switch|p2a: Torkoal|Torkoal, M|100\/100\n|-weather|SunnyDay|[from] ability: Drought|[of] p2a: Torkoal\n|move|p1a: Lowkey|First Impression|p2a: Torkoal\n|-resisted|p2a: Torkoal\n|-damage|p2a: Torkoal|65\/100\n|\n|-weather|SunnyDay|[upkeep]\n|upkeep\n|turn|11\n|\n|t:|1700779187\n|switch|p1a: Tauros|Tauros-Paldea-Aqua, M|100\/100\n|-ability|p1a: Tauros|Intimidate|boost\n|-unboost|p2a: Torkoal|atk|1\n|move|p2a: Torkoal|Lava Plume|p1a: Tauros\n|-resisted|p1a: Tauros\n|-damage|p1a: Tauros|74\/100\n|\n|-weather|SunnyDay|[upkeep]\n|upkeep\n|turn|12\n|\n|t:|1700779195\n|move|p1a: Tauros|Stone Edge|p2a: Torkoal\n|-supereffective|p2a: Torkoal\n|-damage|p2a: Torkoal|11\/100\n|move|p2a: Torkoal|Solar Beam||[still]\n|-prepare|p2a: Torkoal|Solar Beam\n|-anim|p2a: Torkoal|Solar Beam|p1a: Tauros\n|-supereffective|p1a: Tauros\n|-damage|p1a: Tauros|0 fnt\n|faint|p1a: Tauros\n|\n|-weather|SunnyDay|[upkeep]\n|upkeep\n|inactive|Skullemojiskull has 120 seconds left.\n|\n|t:|1700779235\n|switch|p1a: Jughead|Iron Jugulis|100\/100\n|-activate|p1a: Jughead|ability: Quark Drive\n|-start|p1a: Jughead|quarkdrivespe\n|turn|13\n|\n|t:|1700779256\n|move|p1a: Jughead|Air Slash|p2a: Torkoal\n|-damage|p2a: Torkoal|0 fnt\n|faint|p2a: Torkoal\n|\n|-weather|SunnyDay|[upkeep]\n|-fieldend|move: Electric Terrain\n|-end|p1a: Jughead|Quark Drive\n|upkeep\n|-enditem|p1a: Jughead|Booster Energy\n|-activate|p1a: Jughead|ability: Quark Drive|[fromitem]\n|-start|p1a: Jughead|quarkdrivespe\n|\n|t:|1700779265\n|switch|p2a: Walking Wake|Walking Wake, tera:Water|45\/100\n|-activate|p2a: Walking Wake|ability: Protosynthesis\n|-start|p2a: Walking Wake|protosynthesisspe\n|turn|14\n|\n|t:|1700779276\n|-end|p1a: Jughead|Quark Drive|[silent]\n|switch|p1a: Biggest Bird|Corviknight, M|100\/100\n|-ability|p1a: Biggest Bird|Pressure\n|move|p2a: Walking Wake|Hydro Steam|p1a: Biggest Bird\n|-damage|p1a: Biggest Bird|0 fnt\n|faint|p1a: Biggest Bird\n|\n|-weather|SunnyDay|[upkeep]\n|upkeep\n|\n|t:|1700779279\n|switch|p1a: Lowkey|Lokix, M|100\/100\n|turn|15\n|\n|t:|1700779289\n|-end|p2a: Walking Wake|Protosynthesis|[silent]\n|switch|p2a: Lilligant|Lilligant-Hisui, F, shiny|100\/100\n|move|p1a: Lowkey|First Impression|p2a: Lilligant\n|-enditem|p2a: Lilligant|Focus Sash\n|-damage|p2a: Lilligant|1\/100\n|\n|-weather|SunnyDay|[upkeep]\n|upkeep\n|turn|16\n|\n|t:|1700779299\n|switch|p1a: Jughead|Iron Jugulis|100\/100\n|move|p2a: Lilligant|Close Combat|p1a: Jughead\n|-damage|p1a: Jughead|27\/100\n|-unboost|p2a: Lilligant|def|1\n|-unboost|p2a: Lilligant|spd|1\n|\n|-weather|SunnyDay|[upkeep]\n|upkeep\n|turn|17\n|\n|t:|1700779310\n|move|p2a: Lilligant|Close Combat|p1a: Jughead\n|-damage|p1a: Jughead|0 fnt\n|-unboost|p2a: Lilligant|def|1\n|-unboost|p2a: Lilligant|spd|1\n|faint|p1a: Jughead\n|-end|p1a: Jughead|Quark Drive|[silent]\n|\n|-weather|none\n|upkeep\n|\n|t:|1700779314\n|switch|p1a: Lowkey|Lokix, M|100\/100\n|turn|18\n|\n|t:|1700779320\n|move|p1a: Lowkey|Sucker Punch|p2a: Lilligant\n|-resisted|p2a: Lilligant\n|-damage|p2a: Lilligant|0 fnt\n|faint|p2a: Lilligant\n|\n|upkeep\n|\n|t:|1700779327\n|switch|p2a: Slither Wing|Slither Wing|100\/100\n|turn|19\n|\n|t:|1700779331\n|move|p1a: Lowkey|Sucker Punch||[still]\n|-fail|p1a: Lowkey\n|move|p2a: Slither Wing|Bulk Up|p2a: Slither Wing\n|-boost|p2a: Slither Wing|atk|1\n|-boost|p2a: Slither Wing|def|1\n|\n|upkeep\n|turn|20\n|\n|t:|1700779337\n|move|p1a: Lowkey|Sucker Punch|p2a: Slither Wing\n|-resisted|p2a: Slither Wing\n|-damage|p2a: Slither Wing|58\/100\n|move|p2a: Slither Wing|Flame Charge|p1a: Lowkey\n|-supereffective|p1a: Lowkey\n|-damage|p1a: Lowkey|4\/100\n|-boost|p2a: Slither Wing|spe|1\n|\n|upkeep\n|turn|21\n|\n|t:|1700779345\n|move|p1a: Lowkey|Sucker Punch|p2a: Slither Wing\n|-resisted|p2a: Slither Wing\n|-damage|p2a: Slither Wing|10\/100\n|move|p2a: Slither Wing|Flame Charge|p1a: Lowkey\n|-supereffective|p1a: Lowkey\n|-damage|p1a: Lowkey|0 fnt\n|-boost|p2a: Slither Wing|spe|1\n|faint|p1a: Lowkey\n|\n|win|Cinny69\n|raw|Skullemojiskull's rating: 1217 &rarr; <strong>1199<\/strong><br \/>(-18 for losing)\n|raw|Cinny69's rating: 1319 &rarr; <strong>1333<\/strong><br \/>(+14 for winning)\n|l|\u2606Skullemojiskull\n","uploadtime":1700779363,"views":4,"p1id":"skullemojiskull","p2id":"cinny69","formatid":"gen9ou","rating":1199,"private":0,"password":""}