{"id":"gen9ou-1997985752","p1":"Mytton","p2":"ybndev","format":"[Gen 9] OU","log":"|j|\u2606Mytton\n|j|\u2606ybndev\n|t:|1700875539\n|gametype|singles\n|player|p1|Mytton|iris|1275\n|player|p2|ybndev|crasherwake|1312\n|teamsize|p1|6\n|teamsize|p2|6\n|gen|9\n|tier|[Gen 9] OU\n|rated|\n|rule|Sleep Clause Mod: Limit one foe put to sleep\n|rule|Species Clause: Limit one of each Pok\u00e9mon\n|rule|OHKO Clause: OHKO moves are banned\n|rule|Evasion Items Clause: Evasion items are banned\n|rule|Evasion Moves Clause: Evasion moves are banned\n|rule|Endless Battle Clause: Forcing endless battles is banned\n|rule|HP Percentage Mod: HP is shown in percentages\n|clearpoke\n|poke|p1|Slowking-Galar, F|\n|poke|p1|Alomomola, F|\n|poke|p1|Moltres|\n|poke|p1|Sandslash-Alola, M|\n|poke|p1|Breloom, M|\n|poke|p1|Heatran, M|\n|poke|p2|Ogerpon-Wellspring, F|\n|poke|p2|Dondozo, F|\n|poke|p2|Landorus-Therian, M|\n|poke|p2|Iron Moth|\n|poke|p2|Zamazenta-*|\n|poke|p2|Ting-Lu|\n|teampreview\n|\n|t:|1700875572\n|start\n|switch|p1a: Breloom|Breloom, M|100\/100\n|switch|p2a: Landorus|Landorus-Therian, M|100\/100\n|-ability|p2a: Landorus|Intimidate|boost\n|-unboost|p1a: Breloom|atk|1\n|turn|1\n|\n|t:|1700875600\n|move|p2a: Landorus|U-turn|p1a: Breloom\n|-damage|p1a: Breloom|61\/100\n|\n|t:|1700875603\n|switch|p2a: Dondozo|Dondozo, F|100\/100|[from] U-turn\n|move|p1a: Breloom|Spore|p2a: Dondozo\n|-status|p2a: Dondozo|slp|[from] move: Spore\n|\n|upkeep\n|turn|2\n|\n|t:|1700875610\n|switch|p2a: Landorus|Landorus-Therian, M|100\/100\n|-ability|p2a: Landorus|Intimidate|boost\n|-unboost|p1a: Breloom|atk|1\n|move|p1a: Breloom|Bullet Seed|p2a: Landorus\n|-damage|p2a: Landorus|86\/100\n|-damage|p2a: Landorus|75\/100\n|-damage|p2a: Landorus|61\/100\n|-damage|p2a: Landorus|49\/100\n|-damage|p2a: Landorus|37\/100\n|-hitcount|p2a: Landorus|5\n|\n|upkeep\n|turn|3\n|\n|t:|1700875628\n|switch|p1a: Moltres|Moltres|100\/100\n|move|p2a: Landorus|U-turn|p1a: Moltres\n|-resisted|p1a: Moltres\n|-damage|p1a: Moltres|96\/100\n|\n|t:|1700875644\n|switch|p2a: Ogerpon|Ogerpon-Wellspring, F|100\/100|[from] U-turn\n|\n|upkeep\n|turn|4\n|\n|t:|1700875649\n|move|p2a: Ogerpon|U-turn|p1a: Moltres\n|-resisted|p1a: Moltres\n|-damage|p1a: Moltres|91\/100\n|\n|t:|1700875652\n|switch|p2a: Ting-Lu|Ting-Lu|100\/100|[from] U-turn\n|-ability|p2a: Ting-Lu|Vessel of Ruin\n|move|p1a: Moltres|Will-O-Wisp|p2a: Ting-Lu\n|-status|p2a: Ting-Lu|brn\n|\n|-damage|p2a: Ting-Lu|94\/100 brn|[from] brn\n|upkeep\n|turn|5\n|\n|t:|1700875658\n|move|p1a: Moltres|U-turn|p2a: Ting-Lu\n|-supereffective|p2a: Ting-Lu\n|-crit|p2a: Ting-Lu\n|-damage|p2a: Ting-Lu|78\/100 brn\n|\n|t:|1700875668\n|switch|p1a: Sandslash|Sandslash-Alola, M|100\/100|[from] U-turn\n|move|p2a: Ting-Lu|Stealth Rock|p1a: Sandslash\n|-sidestart|p1: Mytton|move: Stealth Rock\n|\n|-heal|p2a: Ting-Lu|84\/100 brn|[from] item: Leftovers\n|-damage|p2a: Ting-Lu|78\/100 brn|[from] brn\n|upkeep\n|turn|6\n|\n|t:|1700875673\n|switch|p2a: Zamazenta|Zamazenta|100\/100\n|-ability|p2a: Zamazenta|Dauntless Shield|boost\n|-boost|p2a: Zamazenta|def|1\n|move|p1a: Sandslash|Rapid Spin|p2a: Zamazenta\n|-damage|p2a: Zamazenta|91\/100\n|-boost|p1a: Sandslash|spe|1\n|-damage|p1a: Sandslash|84\/100|[from] item: Rocky Helmet|[of] p2a: Zamazenta\n|-sideend|p1: Mytton|Stealth Rock|[from] move: Rapid Spin|[of] p1a: Sandslash\n|\n|upkeep\n|turn|7\n|\n|t:|1700875689\n|switch|p1a: Alomomola|Alomomola, F|100\/100\n|move|p2a: Zamazenta|Iron Defense|p2a: Zamazenta\n|-boost|p2a: Zamazenta|def|2\n|\n|upkeep\n|turn|8\n|\n|t:|1700875700\n|move|p2a: Zamazenta|Body Press|p1a: Alomomola\n|-damage|p1a: Alomomola|62\/100\n|-enditem|p1a: Alomomola|Red Card|[of] p2a: Zamazenta\n|drag|p2a: Landorus|Landorus-Therian, M|37\/100\n|-ability|p2a: Landorus|Intimidate|boost\n|-unboost|p1a: Alomomola|atk|1\n|move|p1a: Alomomola|Wish|p1a: Alomomola\n|\n|upkeep\n|turn|9\n|\n|t:|1700875710\n|move|p2a: Landorus|U-turn|p1a: Alomomola\n|-damage|p1a: Alomomola|49\/100\n|\n|t:|1700875715\n|switch|p2a: Ting-Lu|Ting-Lu|78\/100 brn|[from] U-turn\n|-ability|p2a: Ting-Lu|Vessel of Ruin\n|move|p1a: Alomomola|Flip Turn|p2a: Ting-Lu\n|-supereffective|p2a: Ting-Lu\n|-damage|p2a: Ting-Lu|68\/100 brn\n|\n|t:|1700875723\n|switch|p1a: Breloom|Breloom, M|61\/100|[from] Flip Turn\n|\n|-heal|p1a: Breloom|100\/100|[from] move: Wish|[wisher] Alomomola\n|-heal|p2a: Ting-Lu|74\/100 brn|[from] item: Leftovers\n|-damage|p2a: Ting-Lu|68\/100 brn|[from] brn\n|upkeep\n|turn|10\n|\n|t:|1700875728\n|move|p1a: Breloom|Bullet Seed|p2a: Ting-Lu\n|-supereffective|p2a: Ting-Lu\n|-damage|p2a: Ting-Lu|49\/100 brn\n|-supereffective|p2a: Ting-Lu\n|-damage|p2a: Ting-Lu|32\/100 brn\n|-supereffective|p2a: Ting-Lu\n|-damage|p2a: Ting-Lu|16\/100 brn\n|-supereffective|p2a: Ting-Lu\n|-damage|p2a: Ting-Lu|0 fnt\n|faint|p2a: Ting-Lu\n|-hitcount|p2: Ting-Lu|4\n|\n|upkeep\n|\n|t:|1700875743\n|switch|p2a: Dondozo|Dondozo, F|100\/100 slp\n|turn|11\n|\n|t:|1700875746\n|-terastallize|p2a: Dondozo|Dragon\n|move|p1a: Breloom|Bullet Seed|p2a: Dondozo\n|-resisted|p2a: Dondozo\n|-damage|p2a: Dondozo|96\/100 slp\n|-resisted|p2a: Dondozo\n|-damage|p2a: Dondozo|92\/100 slp\n|-resisted|p2a: Dondozo\n|-damage|p2a: Dondozo|87\/100 slp\n|-resisted|p2a: Dondozo\n|-damage|p2a: Dondozo|82\/100 slp\n|-hitcount|p2a: Dondozo|4\n|cant|p2a: Dondozo|slp\n|move|p2a: Dondozo|Sleep Talk|p2a: Dondozo\n|move|p2a: Dondozo|Rest||[from]move: Sleep Talk|[still]\n|-fail|p2a: Dondozo\n|\n|-heal|p2a: Dondozo|88\/100 slp|[from] item: Leftovers\n|upkeep\n|turn|12\n|\n|t:|1700875767\n|switch|p1a: Moltres|Moltres|91\/100\n|cant|p2a: Dondozo|slp\n|move|p2a: Dondozo|Sleep Talk|p2a: Dondozo\n|move|p2a: Dondozo|Wave Crash|p1a: Moltres|[from]move: Sleep Talk\n|-supereffective|p1a: Moltres\n|-crit|p1a: Moltres\n|-damage|p1a: Moltres|2\/100\n|-damage|p2a: Dondozo|66\/100 slp|[from] Recoil\n|\n|-heal|p2a: Dondozo|72\/100 slp|[from] item: Leftovers\n|upkeep\n|turn|13\n|\n|t:|1700875776\n|move|p1a: Moltres|Roost|p1a: Moltres\n|-heal|p1a: Moltres|52\/100\n|-singleturn|p1a: Moltres|move: Roost\n|cant|p2a: Dondozo|slp\n|\n|-heal|p2a: Dondozo|78\/100 slp|[from] item: Leftovers\n|upkeep\n|turn|14\n|\n|t:|1700875784\n|move|p1a: Moltres|Roost|p1a: Moltres\n|-heal|p1a: Moltres|100\/100\n|-singleturn|p1a: Moltres|move: Roost\n|-curestatus|p2a: Dondozo|slp|[msg]\n|move|p2a: Dondozo|Curse|p2a: Dondozo\n|-unboost|p2a: Dondozo|spe|1\n|-boost|p2a: Dondozo|atk|1\n|-boost|p2a: Dondozo|def|1\n|\n|-heal|p2a: Dondozo|84\/100|[from] item: Leftovers\n|upkeep\n|turn|15\n|\n|t:|1700875792\n|move|p1a: Moltres|Will-O-Wisp|p2a: Dondozo\n|-status|p2a: Dondozo|brn\n|move|p2a: Dondozo|Wave Crash|p1a: Moltres\n|-supereffective|p1a: Moltres\n|-crit|p1a: Moltres\n|-damage|p1a: Moltres|40\/100\n|-damage|p2a: Dondozo|69\/100 brn|[from] Recoil\n|\n|-heal|p2a: Dondozo|75\/100 brn|[from] item: Leftovers\n|-damage|p2a: Dondozo|69\/100 brn|[from] brn\n|upkeep\n|turn|16\n|\n|t:|1700875801\n|move|p1a: Moltres|Roost|p1a: Moltres\n|-heal|p1a: Moltres|90\/100\n|-singleturn|p1a: Moltres|move: Roost\n|move|p2a: Dondozo|Curse|p2a: Dondozo\n|-unboost|p2a: Dondozo|spe|1\n|-boost|p2a: Dondozo|atk|1\n|-boost|p2a: Dondozo|def|1\n|\n|-heal|p2a: Dondozo|75\/100 brn|[from] item: Leftovers\n|-damage|p2a: Dondozo|69\/100 brn|[from] brn\n|upkeep\n|turn|17\n|\n|t:|1700875807\n|move|p1a: Moltres|U-turn|p2a: Dondozo\n|-crit|p2a: Dondozo\n|-damage|p2a: Dondozo|59\/100 brn\n|\n|t:|1700875817\n|switch|p1a: Slowking|Slowking-Galar, F|100\/100|[from] U-turn\n|move|p2a: Dondozo|Curse|p2a: Dondozo\n|-unboost|p2a: Dondozo|spe|1\n|-boost|p2a: Dondozo|atk|1\n|-boost|p2a: Dondozo|def|1\n|\n|-heal|p2a: Dondozo|65\/100 brn|[from] item: Leftovers\n|-damage|p2a: Dondozo|59\/100 brn|[from] brn\n|upkeep\n|turn|18\n|\n|t:|1700875822\n|move|p1a: Slowking|Sludge Bomb|p2a: Dondozo\n|-damage|p2a: Dondozo|0 fnt\n|faint|p2a: Dondozo\n|\n|upkeep\n|c|\u2606ybndev|oh\n|c|\u2606ybndev|thats soecs\n|c|\u2606Mytton|yup\n|\n|t:|1700875833\n|switch|p2a: Ogerpon|Ogerpon-Wellspring, F|100\/100\n|turn|19\n|\n|t:|1700875840\n|move|p2a: Ogerpon|U-turn|p1a: Slowking\n|-damage|p1a: Slowking|73\/100\n|\n|t:|1700875843\n|switch|p2a: Iron Moth|Iron Moth|100\/100|[from] U-turn\n|move|p1a: Slowking|Sludge Bomb|p2a: Iron Moth\n|-resisted|p2a: Iron Moth\n|-damage|p2a: Iron Moth|62\/100\n|\n|upkeep\n|turn|20\n|\n|t:|1700875867\n|switch|p1a: Heatran|Heatran, M|100\/100\n|move|p2a: Iron Moth|Psychic|p1a: Heatran\n|-resisted|p1a: Heatran\n|-damage|p1a: Heatran|74\/100\n|-unboost|p1a: Heatran|spd|1\n|\n|upkeep\n|turn|21\n|\n|t:|1700875883\n|-end|p2a: Iron Moth|Quark Drive|[silent]\n|switch|p2a: Landorus|Landorus-Therian, M|37\/100\n|-ability|p2a: Landorus|Intimidate|boost\n|-unboost|p1a: Heatran|atk|1\n|move|p1a: Heatran|Fire Blast|p2a: Landorus\n|-damage|p2a: Landorus|0 fnt\n|faint|p2a: Landorus\n|\n|upkeep\n|\n|t:|1700875891\n|switch|p2a: Ogerpon|Ogerpon-Wellspring, F|100\/100\n|turn|22\n|\n|t:|1700875902\n|move|p1a: Heatran|Fire Blast|p2a: Ogerpon\n|-crit|p2a: Ogerpon\n|-damage|p2a: Ogerpon|5\/100\n|move|p2a: Ogerpon|Swords Dance|p2a: Ogerpon\n|-boost|p2a: Ogerpon|atk|2\n|\n|upkeep\n|turn|23\n|\n|t:|1700875908\n|move|p1a: Heatran|Fire Blast|p2a: Ogerpon|[miss]\n|-miss|p1a: Heatran|p2a: Ogerpon\n|move|p2a: Ogerpon|Ivy Cudgel|p1a: Heatran|[anim] Ivy Cudgel Water\n|-supereffective|p1a: Heatran\n|-damage|p1a: Heatran|0 fnt\n|faint|p1a: Heatran\n|\n|upkeep\n|\n|t:|1700875912\n|switch|p1a: Breloom|Breloom, M|100\/100\n|turn|24\n|\n|t:|1700875924\n|move|p1a: Breloom|Mach Punch|p2a: Ogerpon\n|-damage|p2a: Ogerpon|0 fnt\n|faint|p2a: Ogerpon\n|\n|upkeep\n|\n|t:|1700875930\n|switch|p2a: Iron Moth|Iron Moth|62\/100\n|turn|25\n|\n|t:|1700875943\n|-terastallize|p1a: Breloom|Rock\n|move|p2a: Iron Moth|Psychic|p1a: Breloom\n|-damage|p1a: Breloom|10\/100\n|move|p1a: Breloom|Spore|p2a: Iron Moth\n|-status|p2a: Iron Moth|slp|[from] move: Spore\n|\n|upkeep\n|turn|26\n|\n|t:|1700875950\n|cant|p2a: Iron Moth|slp\n|move|p1a: Breloom|Rock Tomb|p2a: Iron Moth\n|-supereffective|p2a: Iron Moth\n|-damage|p2a: Iron Moth|0 fnt\n|faint|p2a: Iron Moth\n|-end|p2a: Iron Moth|Quark Drive|[silent]\n|\n|upkeep\n|\n|t:|1700875953\n|switch|p2a: Zamazenta|Zamazenta|91\/100\n|turn|27\n|\n|t:|1700875959\n|move|p1a: Breloom|Mach Punch|p2a: Zamazenta\n|-damage|p2a: Zamazenta|66\/100\n|-damage|p1a: Breloom|0 fnt|[from] item: Rocky Helmet|[of] p2a: Zamazenta\n|faint|p1a: Breloom\n|move|p2a: Zamazenta|Iron Defense|p2a: Zamazenta\n|-boost|p2a: Zamazenta|def|2\n|\n|upkeep\n|\n|t:|1700875964\n|switch|p1a: Moltres|Moltres|90\/100\n|turn|28\n|\n|t:|1700875968\n|move|p2a: Zamazenta|Body Press|p1a: Moltres\n|-resisted|p1a: Moltres\n|-damage|p1a: Moltres|68\/100\n|move|p1a: Moltres|Will-O-Wisp|p2a: Zamazenta\n|-status|p2a: Zamazenta|brn\n|\n|-damage|p2a: Zamazenta|60\/100 brn|[from] brn\n|upkeep\n|turn|29\n|-message|ybndev forfeited.\n|\n|win|Mytton\n|raw|Mytton's rating: 1275 &rarr; <strong>1303<\/strong><br \/>(+28 for winning)\n|raw|ybndev's rating: 1312 &rarr; <strong>1290<\/strong><br \/>(-22 for losing)\n|l|\u2606ybndev\n|c|\u2606Mytton|gg\n","uploadtime":1700875980,"views":2,"p1id":"mytton","p2id":"ybndev","formatid":"gen9ou","rating":1290,"private":0,"password":""}