{"id":"gen9ou-1989419261","p1":"Oshwottking","p2":"CalamityofGaia","format":"[Gen 9] OU","log":"|j|\u2606Oshwottking\n|j|\u2606CalamityofGaia\n|t:|1699847833\n|gametype|singles\n|player|p1|Oshwottking|silver|1176\n|player|p2|CalamityofGaia|2|1148\n|teamsize|p1|6\n|teamsize|p2|6\n|gen|9\n|tier|[Gen 9] OU\n|rated|\n|rule|Sleep Clause Mod: Limit one foe put to sleep\n|rule|Species Clause: Limit one of each Pok\u00e9mon\n|rule|OHKO Clause: OHKO moves are banned\n|rule|Evasion Items Clause: Evasion items are banned\n|rule|Evasion Moves Clause: Evasion moves are banned\n|rule|Endless Battle Clause: Forcing endless battles is banned\n|rule|HP Percentage Mod: HP is shown in percentages\n|clearpoke\n|poke|p1|Ogerpon, F|\n|poke|p1|Blissey, F|\n|poke|p1|Corviknight, F|\n|poke|p1|Volcanion|\n|poke|p1|Great Tusk|\n|poke|p1|Goodra-Hisui, M|\n|poke|p2|Cinderace, F|\n|poke|p2|Meowscarada, F|\n|poke|p2|Sneasler, M|\n|poke|p2|Walking Wake|\n|poke|p2|Infernape, F|\n|poke|p2|Landorus-Therian, M|\n|teampreview\n|inactive|Battle timer is ON: inactive players will automatically lose when time's up. (requested by Oshwottking)\n|\n|t:|1699847841\n|start\n|switch|p1a: Volcanion|Volcanion|100\/100\n|switch|p2a: Landorus|Landorus-Therian, M|100\/100\n|-ability|p2a: Landorus|Intimidate|boost\n|-unboost|p1a: Volcanion|atk|1\n|turn|1\n|\n|t:|1699847847\n|move|p1a: Volcanion|Steam Eruption|p2a: Landorus\n|-supereffective|p2a: Landorus\n|-damage|p2a: Landorus|0 fnt\n|faint|p2a: Landorus\n|\n|upkeep\n|\n|t:|1699847864\n|switch|p2a: Meowscarada|Meowscarada, F|100\/100\n|turn|2\n|\n|t:|1699847868\n|switch|p1a: Corviknight|Corviknight, F|100\/100\n|-ability|p1a: Corviknight|Pressure\n|move|p2a: Meowscarada|Thunder Punch|p1a: Corviknight\n|-start|p2a: Meowscarada|typechange|Electric|[from] ability: Protean\n|-supereffective|p1a: Corviknight\n|-damage|p1a: Corviknight|53\/100\n|-damage|p2a: Meowscarada|84\/100|[from] item: Rocky Helmet|[of] p1a: Corviknight\n|\n|upkeep\n|turn|3\n|\n|t:|1699847879\n|switch|p2a: Cinderace|Cinderace, F|100\/100\n|switch|p1a: Goodra|Goodra-Hisui, M|100\/100\n|\n|upkeep\n|turn|4\n|\n|t:|1699847891\n|switch|p1a: Volcanion|Volcanion|100\/100\n|move|p2a: Cinderace|Pyro Ball|p1a: Volcanion\n|-resisted|p1a: Volcanion\n|-damage|p1a: Volcanion|86\/100\n|\n|upkeep\n|turn|5\n|\n|t:|1699847901\n|switch|p2a: Meowscarada|Meowscarada, F|84\/100\n|move|p1a: Volcanion|Sludge Bomb|p2a: Meowscarada\n|-supereffective|p2a: Meowscarada\n|-damage|p2a: Meowscarada|0 fnt\n|faint|p2a: Meowscarada\n|\n|upkeep\n|\n|t:|1699847908\n|switch|p2a: Walking Wake|Walking Wake|100\/100\n|turn|6\n|\n|t:|1699847911\n|switch|p1a: Blissey|Blissey, F|100\/100\n|-end|p2a: Walking Wake|Protosynthesis|[silent]\n|switch|p2a: Infernape|Infernape, F|100\/100\n|\n|upkeep\n|turn|7\n|\n|t:|1699847923\n|switch|p1a: Great Tusk|Great Tusk|100\/100\n|move|p2a: Infernape|Earthquake|p1a: Great Tusk\n|-damage|p1a: Great Tusk|86\/100\n|-damage|p2a: Infernape|91\/100|[from] item: Life Orb\n|\n|upkeep\n|turn|8\n|\n|t:|1699847931\n|move|p2a: Infernape|Fire Blast|p1a: Great Tusk\n|-damage|p1a: Great Tusk|0 fnt\n|faint|p1a: Great Tusk\n|-end|p1a: Great Tusk|Protosynthesis|[silent]\n|-damage|p2a: Infernape|81\/100|[from] item: Life Orb\n|\n|upkeep\n|\n|t:|1699847942\n|switch|p1a: Ogerpon|Ogerpon, F|100\/100\n|turn|9\n|\n|t:|1699847952\n|move|p1a: Ogerpon|Stomping Tantrum|p2a: Infernape\n|-supereffective|p2a: Infernape\n|-damage|p2a: Infernape|0 fnt\n|faint|p2a: Infernape\n|\n|upkeep\n|\n|t:|1699847968\n|switch|p2a: Sneasler|Sneasler, M|100\/100\n|-item|p2a: Sneasler|Air Balloon\n|turn|10\n|\n|t:|1699847972\n|switch|p1a: Corviknight|Corviknight, F|53\/100\n|-ability|p1a: Corviknight|Pressure\n|move|p2a: Sneasler|Swords Dance|p2a: Sneasler\n|-boost|p2a: Sneasler|atk|2\n|\n|upkeep\n|turn|11\n|\n|t:|1699847980\n|move|p2a: Sneasler|Close Combat|p1a: Corviknight\n|-damage|p1a: Corviknight|0 fnt\n|-unboost|p2a: Sneasler|def|1\n|-unboost|p2a: Sneasler|spd|1\n|-damage|p2a: Sneasler|84\/100|[from] item: Rocky Helmet|[of] p1a: Corviknight\n|faint|p1a: Corviknight\n|\n|upkeep\n|\n|t:|1699847984\n|switch|p1a: Volcanion|Volcanion|86\/100\n|turn|12\n|\n|t:|1699847991\n|move|p1a: Volcanion|Steam Eruption|p2a: Sneasler\n|-damage|p2a: Sneasler|0 fnt\n|-enditem|p2a: Sneasler|Air Balloon\n|faint|p2a: Sneasler\n|\n|upkeep\n|\n|t:|1699848004\n|switch|p2a: Cinderace|Cinderace, F|100\/100\n|turn|13\n|\n|t:|1699848014\n|move|p2a: Cinderace|High Jump Kick|p1a: Volcanion\n|-start|p2a: Cinderace|typechange|Fighting|[from] ability: Libero\n|-damage|p1a: Volcanion|30\/100\n|move|p1a: Volcanion|Steam Eruption|p2a: Cinderace\n|-damage|p2a: Cinderace|9\/100\n|\n|upkeep\n|turn|14\n|\n|t:|1699848024\n|switch|p2a: Walking Wake|Walking Wake|100\/100\n|move|p1a: Volcanion|Steam Eruption|p2a: Walking Wake\n|-resisted|p2a: Walking Wake\n|-damage|p2a: Walking Wake|82\/100\n|\n|upkeep\n|turn|15\n|\n|t:|1699848032\n|switch|p1a: Blissey|Blissey, F|100\/100\n|-end|p2a: Walking Wake|Protosynthesis|[silent]\n|switch|p2a: Cinderace|Cinderace, F|9\/100\n|\n|upkeep\n|turn|16\n|\n|t:|1699848040\n|-terastallize|p1a: Blissey|Ghost\n|move|p2a: Cinderace|Pyro Ball|p1a: Blissey\n|-damage|p1a: Blissey|49\/100\n|-status|p1a: Blissey|brn\n|move|p1a: Blissey|Stealth Rock|p2a: Cinderace\n|-sidestart|p2: CalamityofGaia|move: Stealth Rock\n|\n|-damage|p1a: Blissey|43\/100 brn|[from] brn\n|upkeep\n|turn|17\n|\n|t:|1699848048\n|-curestatus|p1a: Blissey|brn|[from] ability: Natural Cure\n|switch|p1a: Goodra|Goodra-Hisui, M|100\/100\n|move|p2a: Cinderace|Pyro Ball|p1a: Goodra\n|-damage|p1a: Goodra|47\/100\n|\n|upkeep\n|turn|18\n|\n|t:|1699848058\n|move|p2a: Cinderace|Pyro Ball|p1a: Goodra\n|-damage|p1a: Goodra|0 fnt\n|faint|p1a: Goodra\n|\n|upkeep\n|\n|t:|1699848063\n|switch|p1a: Ogerpon|Ogerpon, F|100\/100\n|turn|19\n|\n|t:|1699848072\n|switch|p1a: Volcanion|Volcanion|30\/100\n|move|p2a: Cinderace|Pyro Ball|p1a: Volcanion\n|-resisted|p1a: Volcanion\n|-damage|p1a: Volcanion|15\/100\n|\n|upkeep\n|turn|20\n|\n|t:|1699848087\n|move|p2a: Cinderace|Zen Headbutt|p1a: Volcanion\n|-start|p2a: Cinderace|typechange|Psychic|[from] ability: Libero\n|-damage|p1a: Volcanion|0 fnt\n|faint|p1a: Volcanion\n|\n|upkeep\n|\n|t:|1699848097\n|switch|p1a: Ogerpon|Ogerpon, F|100\/100\n|turn|21\n|\n|t:|1699848100\n|move|p2a: Cinderace|Pyro Ball|p1a: Ogerpon\n|-supereffective|p1a: Ogerpon\n|-damage|p1a: Ogerpon|3\/100\n|move|p1a: Ogerpon|Ivy Cudgel|p2a: Cinderace\n|-damage|p2a: Cinderace|0 fnt\n|faint|p2a: Cinderace\n|\n|upkeep\n|\n|t:|1699848105\n|switch|p2a: Walking Wake|Walking Wake|82\/100\n|-damage|p2a: Walking Wake|70\/100|[from] Stealth Rock\n|turn|22\n|\n|t:|1699848110\n|move|p1a: Ogerpon|Ivy Cudgel|p2a: Walking Wake\n|-damage|p2a: Walking Wake|0 fnt\n|faint|p2a: Walking Wake\n|-end|p2a: Walking Wake|Protosynthesis|[silent]\n|\n|win|Oshwottking\n|raw|Oshwottking's rating: 1176 &rarr; <strong>1199<\/strong><br \/>(+23 for winning)\n|raw|CalamityofGaia's rating: 1148 &rarr; <strong>1125<\/strong><br \/>(-23 for losing)\n|l|\u2606CalamityofGaia\n","uploadtime":1699848113,"views":21,"p1id":"oshwottking","p2id":"calamityofgaia","formatid":"gen9ou","rating":1125,"private":0,"password":""}