{"id":"gen9ou-1990891332","p1":"rykera","p2":"gock glocker","format":"[Gen 9] OU","log":"|j|\u2606rykera\n|j|\u2606gock glocker\n|t:|1700011997\n|gametype|singles\n|player|p1|rykera|leaf-masters|1498\n|player|p2|gock glocker|acerola-masters|1682\n|teamsize|p1|6\n|teamsize|p2|6\n|gen|9\n|tier|[Gen 9] OU\n|rated|\n|rule|Sleep Clause Mod: Limit one foe put to sleep\n|rule|Species Clause: Limit one of each Pok\u00e9mon\n|rule|OHKO Clause: OHKO moves are banned\n|rule|Evasion Items Clause: Evasion items are banned\n|rule|Evasion Moves Clause: Evasion moves are banned\n|rule|Endless Battle Clause: Forcing endless battles is banned\n|rule|HP Percentage Mod: HP is shown in percentages\n|clearpoke\n|poke|p1|Dragapult, F|\n|poke|p1|Rillaboom, F|\n|poke|p1|Slowking-Galar, F|\n|poke|p1|Moltres|\n|poke|p1|Great Tusk|\n|poke|p1|Kingambit, F|\n|poke|p2|Ting-Lu|\n|poke|p2|Zapdos|\n|poke|p2|Ogerpon-Wellspring, F|\n|poke|p2|Corviknight, M|\n|poke|p2|Slowking-Galar, M|\n|poke|p2|Cinderace, F|\n|teampreview\n|inactive|Battle timer is ON: inactive players will automatically lose when time's up. (requested by gock glocker)\n|inactive|rykera has 120 seconds left.\n|inactive|gock glocker has 120 seconds left.\n|\n|t:|1700012032\n|start\n|switch|p1a: Dragapult|Dragapult, F|100\/100\n|switch|p2a: Zapdos|Zapdos|100\/100\n|turn|1\n|inactive|rykera has 120 seconds left.\n|\n|t:|1700012067\n|switch|p2a: Slowking|Slowking-Galar, M|100\/100\n|move|p1a: Dragapult|Draco Meteor|p2a: Slowking\n|-damage|p2a: Slowking|27\/100\n|-unboost|p1a: Dragapult|spa|2\n|\n|upkeep\n|turn|2\n|inactive|rykera has 120 seconds left.\n|\n|t:|1700012096\n|switch|p1a: Rillaboom|Rillaboom, F|100\/100\n|-fieldstart|move: Grassy Terrain|[from] ability: Grassy Surge|[of] p1a: Rillaboom\n|switch|p2a: Corviknight|Corviknight, M|100\/100\n|-ability|p2a: Corviknight|Pressure\n|\n|upkeep\n|turn|3\n|\n|t:|1700012111\n|move|p1a: Rillaboom|Knock Off|p2a: Corviknight\n|-damage|p2a: Corviknight|69\/100\n|-damage|p1a: Rillaboom|84\/100|[from] item: Rocky Helmet|[of] p2a: Corviknight\n|-enditem|p2a: Corviknight|Rocky Helmet|[from] move: Knock Off|[of] p1a: Rillaboom\n|move|p2a: Corviknight|U-turn|p1a: Rillaboom\n|-supereffective|p1a: Rillaboom\n|-damage|p1a: Rillaboom|55\/100\n|\n|t:|1700012115\n|switch|p2a: Zapdos|Zapdos|100\/100|[from] U-turn\n|\n|-heal|p1a: Rillaboom|61\/100|[from] Grassy Terrain\n|upkeep\n|turn|4\n|\n|t:|1700012124\n|switch|p1a: Slowking|Slowking-Galar, F|100\/100\n|move|p2a: Zapdos|Volt Switch|p1a: Slowking\n|-damage|p1a: Slowking|83\/100\n|\n|t:|1700012129\n|switch|p2a: Slowking|Slowking-Galar, M|61\/100|[from] Volt Switch\n|\n|-heal|p1a: Slowking|89\/100|[from] Grassy Terrain\n|-heal|p2a: Slowking|67\/100|[from] Grassy Terrain\n|upkeep\n|turn|5\n|\n|t:|1700012136\n|move|p2a: Slowking|Future Sight|p1a: Slowking\n|-start|p2a: Slowking|move: Future Sight\n|move|p1a: Slowking|Future Sight|p2a: Slowking\n|-start|p1a: Slowking|move: Future Sight\n|\n|-heal|p2a: Slowking|73\/100|[from] Grassy Terrain\n|-heal|p1a: Slowking|95\/100|[from] Grassy Terrain\n|upkeep\n|turn|6\n|\n|t:|1700012141\n|move|p2a: Slowking|Thunder Wave|p1a: Slowking|[miss]\n|-miss|p2a: Slowking|p1a: Slowking\n|move|p1a: Slowking|Chilly Reception|p1a: Slowking\n|-weather|Snow\n|inactive|rykera has 120 seconds left.\n|\n|t:|1700012166\n|switch|p1a: Kingambit|Kingambit, F|100\/100|[from] Chilly Reception\n|-item|p1a: Kingambit|Air Balloon\n|\n|-weather|Snow|[upkeep]\n|-heal|p2a: Slowking|79\/100|[from] Grassy Terrain\n|-fieldend|move: Grassy Terrain\n|upkeep\n|turn|7\n|\n|t:|1700012182\n|switch|p2a: Cinderace|Cinderace, F|100\/100\n|move|p1a: Kingambit|Iron Head|p2a: Cinderace\n|-resisted|p2a: Cinderace\n|-damage|p2a: Cinderace|66\/100\n|\n|-weather|Snow|[upkeep]\n|-end|p2a: Cinderace|move: Future Sight\n|-damage|p2a: Cinderace|0 fnt\n|faint|p2a: Cinderace\n|-end|p1a: Kingambit|move: Future Sight\n|-immune|p1a: Kingambit\n|upkeep\n|\n|t:|1700012187\n|switch|p2a: Zapdos|Zapdos|100\/100\n|turn|8\n|\n|t:|1700012204\n|-end|p1a: Kingambit|fallenundefined|[silent]\n|switch|p1a: Slowking|Slowking-Galar, F|100\/100\n|move|p2a: Zapdos|Volt Switch|p1a: Slowking\n|-damage|p1a: Slowking|84\/100\n|\n|t:|1700012207\n|switch|p2a: Ting-Lu|Ting-Lu|100\/100|[from] Volt Switch\n|-ability|p2a: Ting-Lu|Vessel of Ruin\n|\n|-weather|Snow|[upkeep]\n|upkeep\n|turn|9\n|inactive|rykera has 90 seconds left.\n|\n|t:|1700012259\n|switch|p1a: Great Tusk|Great Tusk|100\/100\n|move|p2a: Ting-Lu|Stealth Rock|p1a: Great Tusk\n|-sidestart|p1: rykera|move: Stealth Rock\n|\n|-weather|Snow|[upkeep]\n|upkeep\n|turn|10\n|\n|t:|1700012275\n|switch|p2a: Zapdos|Zapdos|100\/100\n|move|p1a: Great Tusk|Stealth Rock|p2a: Zapdos\n|-sidestart|p2: gock glocker|move: Stealth Rock\n|\n|-weather|none\n|upkeep\n|turn|11\n|\n|t:|1700012280\n|-end|p1a: Great Tusk|Protosynthesis|[silent]\n|switch|p1a: Slowking|Slowking-Galar, F|100\/100\n|move|p2a: Zapdos|Hurricane|p1a: Slowking|[miss]\n|-miss|p2a: Zapdos|p1a: Slowking\n|\n|upkeep\n|turn|12\n|\n|t:|1700012290\n|move|p2a: Zapdos|Hurricane|p1a: Slowking\n|-crit|p1a: Slowking\n|-damage|p1a: Slowking|61\/100\n|move|p1a: Slowking|Chilly Reception|p1a: Slowking\n|-weather|Snow\n|\n|t:|1700012300\n|switch|p1a: Dragapult|Dragapult, F|100\/100|[from] Chilly Reception\n|-damage|p1a: Dragapult|88\/100|[from] Stealth Rock\n|\n|-weather|Snow|[upkeep]\n|upkeep\n|turn|13\n|\n|t:|1700012317\n|switch|p2a: Ting-Lu|Ting-Lu|100\/100\n|-damage|p2a: Ting-Lu|94\/100|[from] Stealth Rock\n|-ability|p2a: Ting-Lu|Vessel of Ruin\n|move|p1a: Dragapult|Draco Meteor|p2a: Ting-Lu\n|-damage|p2a: Ting-Lu|57\/100\n|-unboost|p1a: Dragapult|spa|2\n|\n|-weather|Snow|[upkeep]\n|-heal|p2a: Ting-Lu|63\/100|[from] item: Leftovers\n|upkeep\n|turn|14\n|\n|t:|1700012340\n|switch|p1a: Great Tusk|Great Tusk|100\/100\n|move|p2a: Ting-Lu|Ruination|p1a: Great Tusk\n|-damage|p1a: Great Tusk|51\/100\n|\n|-weather|Snow|[upkeep]\n|-heal|p2a: Ting-Lu|69\/100|[from] item: Leftovers\n|upkeep\n|turn|15\n|\n|t:|1700012346\n|switch|p2a: Zapdos|Zapdos|100\/100\n|move|p1a: Great Tusk|Rapid Spin|p2a: Zapdos\n|-damage|p2a: Zapdos|84\/100\n|-boost|p1a: Great Tusk|spe|1\n|-sideend|p1: rykera|Stealth Rock|[from] move: Rapid Spin|[of] p1a: Great Tusk\n|\n|-weather|Snow|[upkeep]\n|upkeep\n|turn|16\n|inactive|rykera has 60 seconds left.\n|\n|t:|1700012395\n|move|p1a: Great Tusk|Ice Spinner|p2a: Zapdos\n|-supereffective|p2a: Zapdos\n|-damage|p2a: Zapdos|34\/100\n|-status|p1a: Great Tusk|par|[from] ability: Static|[of] p2a: Zapdos\n|move|p2a: Zapdos|Volt Switch|p1a: Great Tusk\n|-immune|p1a: Great Tusk\n|\n|-weather|none\n|upkeep\n|turn|17\n|\n|t:|1700012403\n|-end|p1a: Great Tusk|Protosynthesis|[silent]\n|switch|p1a: Slowking|Slowking-Galar, F|94\/100\n|move|p2a: Zapdos|Roost|p2a: Zapdos\n|-heal|p2a: Zapdos|84\/100\n|-singleturn|p2a: Zapdos|move: Roost\n|\n|upkeep\n|turn|18\n|\n|t:|1700012416\n|move|p2a: Zapdos|Volt Switch|p1a: Slowking\n|-damage|p1a: Slowking|78\/100\n|\n|t:|1700012421\n|switch|p2a: Slowking|Slowking-Galar, M|100\/100|[from] Volt Switch\n|move|p1a: Slowking|Future Sight|p2a: Slowking\n|-start|p1a: Slowking|move: Future Sight\n|\n|upkeep\n|turn|19\n|\n|t:|1700012425\n|move|p2a: Slowking|Future Sight|p1a: Slowking\n|-start|p2a: Slowking|move: Future Sight\n|move|p1a: Slowking|Chilly Reception|p1a: Slowking\n|-weather|Snow\n|inactive|rykera has 60 seconds left.\n|\n|t:|1700012434\n|switch|p1a: Kingambit|Kingambit, F|100\/100|[from] Chilly Reception\n|-item|p1a: Kingambit|Air Balloon\n|\n|-weather|Snow|[upkeep]\n|upkeep\n|turn|20\n|inactive|rykera has 60 seconds left.\n|\n|t:|1700012453\n|-terastallize|p2a: Slowking|Dark\n|move|p1a: Kingambit|Kowtow Cleave|p2a: Slowking\n|-resisted|p2a: Slowking\n|-damage|p2a: Slowking|82\/100\n|move|p2a: Slowking|Thunder Wave|p1a: Kingambit\n|-status|p1a: Kingambit|par\n|\n|-weather|Snow|[upkeep]\n|-end|p2a: Slowking|move: Future Sight\n|-immune|p2a: Slowking\n|upkeep\n|turn|21\n|inactive|rykera has 60 seconds left.\n|\n|t:|1700012482\n|move|p1a: Kingambit|Iron Head|p2a: Slowking\n|-damage|p2a: Slowking|46\/100\n|move|p2a: Slowking|Chilly Reception|p2a: Slowking\n|\n|t:|1700012488\n|switch|p2a: Ting-Lu|Ting-Lu|69\/100|[from] Chilly Reception\n|-damage|p2a: Ting-Lu|63\/100|[from] Stealth Rock\n|-ability|p2a: Ting-Lu|Vessel of Ruin\n|\n|-weather|Snow|[upkeep]\n|-end|p1a: Kingambit|move: Future Sight\n|-immune|p1a: Kingambit\n|-heal|p2a: Ting-Lu|69\/100|[from] item: Leftovers\n|upkeep\n|turn|22\n|\n|t:|1700012510\n|-end|p1a: Kingambit|fallenundefined|[silent]\n|switch|p1a: Rillaboom|Rillaboom, F|61\/100\n|-fieldstart|move: Grassy Terrain|[from] ability: Grassy Surge|[of] p1a: Rillaboom\n|move|p2a: Ting-Lu|Ruination|p1a: Rillaboom\n|-damage|p1a: Rillaboom|31\/100\n|\n|-weather|Snow|[upkeep]\n|-heal|p1a: Rillaboom|37\/100|[from] Grassy Terrain\n|-heal|p2a: Ting-Lu|75\/100|[from] Grassy Terrain\n|-heal|p2a: Ting-Lu|81\/100|[from] item: Leftovers\n|upkeep\n|turn|23\n|inactive|rykera has 30 seconds left.\n|inactive|rykera has 20 seconds left.\n|inactive|rykera has 15 seconds left.\n|\n|t:|1700012540\n|switch|p2a: Zapdos|Zapdos|84\/100\n|move|p1a: Rillaboom|Knock Off|p2a: Zapdos\n|-damage|p2a: Zapdos|34\/100\n|-enditem|p2a: Zapdos|Heavy-Duty Boots|[from] move: Knock Off|[of] p1a: Rillaboom\n|\n|-weather|none\n|-heal|p1a: Rillaboom|43\/100|[from] Grassy Terrain\n|upkeep\n|turn|24\n|inactive|rykera has 25 seconds left this turn.\n|inactive|rykera has 20 seconds left.\n|inactive|rykera has 15 seconds left.\n|\n|t:|1700012553\n|switch|p1a: Dragapult|Dragapult, F|88\/100\n|move|p2a: Zapdos|Roost|p2a: Zapdos\n|-heal|p2a: Zapdos|84\/100\n|-singleturn|p2a: Zapdos|move: Roost\n|\n|-heal|p1a: Dragapult|94\/100|[from] Grassy Terrain\n|-heal|p2a: Zapdos|91\/100|[from] Grassy Terrain\n|upkeep\n|turn|25\n|inactive|rykera has 25 seconds left this turn.\n|inactive|rykera has 20 seconds left.\n|inactive|rykera has 15 seconds left.\n|\n|t:|1700012565\n|switch|p2a: Ting-Lu|Ting-Lu|81\/100\n|-damage|p2a: Ting-Lu|75\/100|[from] Stealth Rock\n|-ability|p2a: Ting-Lu|Vessel of Ruin\n|move|p1a: Dragapult|U-turn|p2a: Ting-Lu\n|-supereffective|p2a: Ting-Lu\n|-damage|p2a: Ting-Lu|54\/100\n|inactive|rykera has 20 seconds left this turn.\n|inactive|rykera has 15 seconds left.\n|\n|t:|1700012570\n|switch|p1a: Rillaboom|Rillaboom, F|43\/100|[from] U-turn\n|\n|-heal|p1a: Rillaboom|49\/100|[from] Grassy Terrain\n|-heal|p2a: Ting-Lu|60\/100|[from] Grassy Terrain\n|-heal|p2a: Ting-Lu|66\/100|[from] item: Leftovers\n|upkeep\n|turn|26\n|inactive|rykera has 25 seconds left this turn.\n|inactive|rykera has 20 seconds left.\n|inactive|rykera has 15 seconds left.\n|\n|t:|1700012592\n|switch|p2a: Corviknight|Corviknight, M|69\/100\n|-damage|p2a: Corviknight|56\/100|[from] Stealth Rock\n|-ability|p2a: Corviknight|Pressure\n|move|p1a: Rillaboom|Wood Hammer|p2a: Corviknight\n|-resisted|p2a: Corviknight\n|-damage|p2a: Corviknight|37\/100\n|-damage|p1a: Rillaboom|42\/100|[from] Recoil\n|\n|-heal|p1a: Rillaboom|48\/100|[from] Grassy Terrain\n|-fieldend|move: Grassy Terrain\n|upkeep\n|turn|27\n|inactive|rykera has 25 seconds left this turn.\n|inactive|rykera has 20 seconds left.\n|inactive|rykera has 15 seconds left.\n|\n|t:|1700012607\n|switch|p1a: Moltres|Moltres|100\/100\n|move|p2a: Corviknight|Roost|p2a: Corviknight\n|-heal|p2a: Corviknight|87\/100\n|-singleturn|p2a: Corviknight|move: Roost\n|\n|upkeep\n|turn|28\n|inactive|rykera has 25 seconds left this turn.\n|inactive|rykera has 20 seconds left.\n|inactive|rykera has 15 seconds left.\n|inactive|rykera has 10 seconds left.\n|\n|t:|1700012623\n|switch|p2a: Slowking|Slowking-Galar, M, tera:Dark|80\/100\n|move|p1a: Moltres|Will-O-Wisp|p2a: Slowking\n|-status|p2a: Slowking|brn\n|\n|-damage|p2a: Slowking|74\/100 brn|[from] brn\n|upkeep\n|turn|29\n|inactive|rykera has 20 seconds left this turn.\n|\n|t:|1700012629\n|move|p1a: Moltres|U-turn|p2a: Slowking\n|-supereffective|p2a: Slowking\n|-damage|p2a: Slowking|53\/100 brn\n|inactive|rykera has 25 seconds left this turn.\n|inactive|rykera has 20 seconds left.\n|inactive|rykera has 15 seconds left.\n|inactive|rykera has 10 seconds left.\n|\n|t:|1700012644\n|switch|p1a: Slowking|Slowking-Galar, F|100\/100|[from] U-turn\n|move|p2a: Slowking|Future Sight|p1a: Slowking\n|-start|p2a: Slowking|move: Future Sight\n|\n|-damage|p2a: Slowking|47\/100 brn|[from] brn\n|upkeep\n|turn|30\n|inactive|rykera has 20 seconds left this turn.\n|inactive|rykera has 15 seconds left.\n|\n|t:|1700012650\n|move|p2a: Slowking|Chilly Reception|p2a: Slowking\n|-weather|Snow\n|inactive|rykera has 20 seconds left this turn.\n|\n|t:|1700012653\n|switch|p2a: Ting-Lu|Ting-Lu|66\/100|[from] Chilly Reception\n|-damage|p2a: Ting-Lu|60\/100|[from] Stealth Rock\n|-ability|p2a: Ting-Lu|Vessel of Ruin\n|move|p1a: Slowking|Chilly Reception|p1a: Slowking\n|inactive|rykera has 25 seconds left this turn.\n|inactive|rykera has 20 seconds left.\n|\n|t:|1700012662\n|switch|p1a: Kingambit|Kingambit, F|100\/100 par|[from] Chilly Reception\n|-item|p1a: Kingambit|Air Balloon\n|\n|-weather|Snow|[upkeep]\n|-heal|p2a: Ting-Lu|66\/100|[from] item: Leftovers\n|upkeep\n|turn|31\n|inactive|rykera has 30 seconds left this turn.\n|inactive|rykera has 20 seconds left.\n|inactive|rykera has 15 seconds left.\n|\n|t:|1700012679\n|-end|p1a: Kingambit|fallenundefined|[silent]\n|switch|p1a: Moltres|Moltres|100\/100\n|move|p2a: Ting-Lu|Ruination|p1a: Moltres\n|-damage|p1a: Moltres|51\/100\n|\n|-weather|Snow|[upkeep]\n|-end|p1a: Moltres|move: Future Sight\n|-damage|p1a: Moltres|14\/100\n|-heal|p2a: Ting-Lu|72\/100|[from] item: Leftovers\n|upkeep\n|turn|32\n|inactive|rykera has 25 seconds left this turn.\n|inactive|rykera has 20 seconds left.\n|\n|t:|1700012686\n|move|p1a: Moltres|Will-O-Wisp|p2a: Ting-Lu\n|-status|p2a: Ting-Lu|brn\n|move|p2a: Ting-Lu|Earthquake|p1a: Moltres\n|-immune|p1a: Moltres\n|\n|-weather|Snow|[upkeep]\n|-heal|p2a: Ting-Lu|78\/100 brn|[from] item: Leftovers\n|-damage|p2a: Ting-Lu|72\/100 brn|[from] brn\n|upkeep\n|turn|33\n|inactive|rykera has 30 seconds left this turn.\n|\n|t:|1700012697\n|move|p1a: Moltres|Flamethrower|p2a: Ting-Lu\n|-damage|p2a: Ting-Lu|57\/100 brn\n|move|p2a: Ting-Lu|Earthquake|p1a: Moltres\n|-immune|p1a: Moltres\n|\n|-weather|Snow|[upkeep]\n|-heal|p2a: Ting-Lu|63\/100 brn|[from] item: Leftovers\n|-damage|p2a: Ting-Lu|57\/100 brn|[from] brn\n|upkeep\n|turn|34\n|\n|t:|1700012701\n|move|p1a: Moltres|Flamethrower|p2a: Ting-Lu\n|-damage|p2a: Ting-Lu|42\/100 brn\n|move|p2a: Ting-Lu|Stealth Rock|p1a: Moltres\n|-sidestart|p1: rykera|move: Stealth Rock\n|\n|-weather|none\n|-heal|p2a: Ting-Lu|48\/100 brn|[from] item: Leftovers\n|-damage|p2a: Ting-Lu|42\/100 brn|[from] brn\n|upkeep\n|turn|35\n|\n|t:|1700012706\n|switch|p2a: Slowking|Slowking-Galar, M, tera:Dark|80\/100 brn\n|move|p1a: Moltres|Flamethrower|p2a: Slowking\n|-damage|p2a: Slowking|52\/100 brn\n|\n|-damage|p2a: Slowking|46\/100 brn|[from] brn\n|upkeep\n|turn|36\n|\n|t:|1700012718\n|move|p1a: Moltres|Roost|p1a: Moltres\n|-heal|p1a: Moltres|64\/100\n|-singleturn|p1a: Moltres|move: Roost\n|move|p2a: Slowking|Chilly Reception|p2a: Slowking\n|-weather|Snow\n|\n|t:|1700012723\n|switch|p2a: Zapdos|Zapdos|91\/100|[from] Chilly Reception\n|-damage|p2a: Zapdos|66\/100|[from] Stealth Rock\n|\n|-weather|Snow|[upkeep]\n|upkeep\n|turn|37\n|\n|t:|1700012737\n|switch|p1a: Slowking|Slowking-Galar, F|100\/100\n|move|p2a: Zapdos|Volt Switch|p1a: Slowking\n|-damage|p1a: Slowking|84\/100\n|\n|t:|1700012749\n|switch|p2a: Ting-Lu|Ting-Lu|42\/100 brn|[from] Volt Switch\n|-damage|p2a: Ting-Lu|35\/100 brn|[from] Stealth Rock\n|-ability|p2a: Ting-Lu|Vessel of Ruin\n|\n|-weather|Snow|[upkeep]\n|-heal|p2a: Ting-Lu|42\/100 brn|[from] item: Leftovers\n|-damage|p2a: Ting-Lu|35\/100 brn|[from] brn\n|upkeep\n|turn|38\n|inactive|rykera has 60 seconds left.\n|\n|t:|1700012759\n|move|p2a: Ting-Lu|Ruination|p1a: Slowking\n|-damage|p1a: Slowking|42\/100\n|move|p1a: Slowking|Surf|p2a: Ting-Lu\n|-supereffective|p2a: Ting-Lu\n|-damage|p2a: Ting-Lu|15\/100 brn\n|\n|-weather|Snow|[upkeep]\n|-heal|p2a: Ting-Lu|21\/100 brn|[from] item: Leftovers\n|-damage|p2a: Ting-Lu|15\/100 brn|[from] brn\n|upkeep\n|turn|39\n|inactive|rykera has 60 seconds left.\n|\n|t:|1700012766\n|switch|p1a: Moltres|Moltres|64\/100\n|move|p2a: Ting-Lu|Earthquake|p1a: Moltres\n|-immune|p1a: Moltres\n|\n|-weather|Snow|[upkeep]\n|-heal|p2a: Ting-Lu|21\/100 brn|[from] item: Leftovers\n|-damage|p2a: Ting-Lu|15\/100 brn|[from] brn\n|upkeep\n|turn|40\n|inactive|rykera has 60 seconds left.\n|\n|t:|1700012778\n|move|p1a: Moltres|U-turn|p2a: Ting-Lu\n|-supereffective|p2a: Ting-Lu\n|-damage|p2a: Ting-Lu|0 fnt\n|faint|p2a: Ting-Lu\n|inactive|rykera has 60 seconds left.\n|\n|t:|1700012806\n|switch|p1a: Rillaboom|Rillaboom, F|48\/100|[from] U-turn\n|-damage|p1a: Rillaboom|35\/100|[from] Stealth Rock\n|-fieldstart|move: Grassy Terrain|[from] ability: Grassy Surge|[of] p1a: Rillaboom\n|\n|-weather|none\n|-heal|p1a: Rillaboom|42\/100|[from] Grassy Terrain\n|upkeep\n|c|\u2606gock glocker|how tf did i match you\n|c|\u2606gock glocker|im 200 elo higher\n|\n|t:|1700012831\n|switch|p2a: Corviknight|Corviknight, M|87\/100\n|-damage|p2a: Corviknight|74\/100|[from] Stealth Rock\n|-ability|p2a: Corviknight|Pressure\n|turn|41\n|\n|t:|1700012839\n|move|p1a: Rillaboom|U-turn|p2a: Corviknight\n|-resisted|p2a: Corviknight\n|-damage|p2a: Corviknight|68\/100\n|\n|t:|1700012840\n|switch|p1a: Moltres|Moltres|64\/100|[from] U-turn\n|move|p2a: Corviknight|U-turn|p1a: Moltres\n|-resisted|p1a: Moltres\n|-damage|p1a: Moltres|62\/100\n|\n|t:|1700012842\n|switch|p2a: Zapdos|Zapdos|66\/100|[from] U-turn\n|-damage|p2a: Zapdos|41\/100|[from] Stealth Rock\n|\n|upkeep\n|turn|42\n|\n|t:|1700012851\n|switch|p1a: Slowking|Slowking-Galar, F|76\/100\n|move|p2a: Zapdos|Roost|p2a: Zapdos\n|-heal|p2a: Zapdos|91\/100\n|-singleturn|p2a: Zapdos|move: Roost\n|\n|-heal|p2a: Zapdos|97\/100|[from] Grassy Terrain\n|-heal|p1a: Slowking|82\/100|[from] Grassy Terrain\n|upkeep\n|turn|43\n|inactive|rykera has 60 seconds left.\n|\n|t:|1700012874\n|move|p2a: Zapdos|Volt Switch|p1a: Slowking\n|-damage|p1a: Slowking|65\/100\n|\n|t:|1700012877\n|switch|p2a: Slowking|Slowking-Galar, M, tera:Dark|79\/100 brn|[from] Volt Switch\n|move|p1a: Slowking|Future Sight|p2a: Slowking\n|-start|p1a: Slowking|move: Future Sight\n|\n|-heal|p1a: Slowking|71\/100|[from] Grassy Terrain\n|-heal|p2a: Slowking|85\/100 brn|[from] Grassy Terrain\n|-damage|p2a: Slowking|79\/100 brn|[from] brn\n|upkeep\n|turn|44\n|\n|t:|1700012881\n|move|p2a: Slowking|Future Sight|p1a: Slowking\n|-start|p2a: Slowking|move: Future Sight\n|move|p1a: Slowking|Chilly Reception|p1a: Slowking\n|-weather|Snow\n|inactive|rykera has 60 seconds left.\n|\n|t:|1700012897\n|switch|p1a: Rillaboom|Rillaboom, F|42\/100|[from] Chilly Reception\n|-damage|p1a: Rillaboom|29\/100|[from] Stealth Rock\n|\n|-weather|Snow|[upkeep]\n|-heal|p1a: Rillaboom|35\/100|[from] Grassy Terrain\n|-heal|p2a: Slowking|85\/100 brn|[from] Grassy Terrain\n|-damage|p2a: Slowking|79\/100 brn|[from] brn\n|-fieldend|move: Grassy Terrain\n|upkeep\n|turn|45\n|inactive|rykera has 60 seconds left.\n|\n|t:|1700012910\n|switch|p2a: Corviknight|Corviknight, M|68\/100\n|-damage|p2a: Corviknight|56\/100|[from] Stealth Rock\n|-ability|p2a: Corviknight|Pressure\n|move|p1a: Rillaboom|U-turn|p2a: Corviknight\n|-resisted|p2a: Corviknight\n|-damage|p2a: Corviknight|50\/100\n|inactive|rykera has 60 seconds left.\n|\n|t:|1700012930\n|switch|p1a: Moltres|Moltres|62\/100|[from] U-turn\n|\n|-weather|Snow|[upkeep]\n|-end|p2a: Corviknight|move: Future Sight\n|-resisted|p2a: Corviknight\n|-damage|p2a: Corviknight|30\/100\n|upkeep\n|turn|46\n|\n|t:|1700012942\n|switch|p2a: Slowking|Slowking-Galar, M, tera:Dark|100\/100 brn\n|move|p1a: Moltres|Roost|p1a: Moltres\n|-heal|p1a: Moltres|100\/100\n|-singleturn|p1a: Moltres|move: Roost\n|\n|-weather|Snow|[upkeep]\n|-end|p1a: Moltres|move: Future Sight\n|-damage|p1a: Moltres|56\/100\n|-damage|p2a: Slowking|94\/100 brn|[from] brn\n|upkeep\n|turn|47\n|inactive|rykera has 30 seconds left.\n|inactive|rykera has 20 seconds left.\n|\n|t:|1700012980\n|move|p1a: Moltres|U-turn|p2a: Slowking\n|-supereffective|p2a: Slowking\n|-damage|p2a: Slowking|74\/100 brn\n|inactive|rykera has 25 seconds left this turn.\n|\n|t:|1700012982\n|switch|p1a: Slowking|Slowking-Galar, F|100\/100|[from] U-turn\n|move|p2a: Slowking|Future Sight|p1a: Slowking\n|-start|p2a: Slowking|move: Future Sight\n|\n|-weather|Snow|[upkeep]\n|-damage|p2a: Slowking|68\/100 brn|[from] brn\n|upkeep\n|turn|48\n|inactive|rykera has 30 seconds left.\n|\n|t:|1700012996\n|move|p2a: Slowking|Chilly Reception|p2a: Slowking\n|inactive|rykera has 30 seconds left this turn.\n|\n|t:|1700013009\n|switch|p2a: Zapdos|Zapdos|97\/100|[from] Chilly Reception\n|-damage|p2a: Zapdos|72\/100|[from] Stealth Rock\n|move|p1a: Slowking|Chilly Reception|p1a: Slowking\n|inactive|rykera has 30 seconds left.\n|\n|t:|1700013017\n|switch|p1a: Dragapult|Dragapult, F|94\/100|[from] Chilly Reception\n|-damage|p1a: Dragapult|82\/100|[from] Stealth Rock\n|\n|-weather|none\n|upkeep\n|turn|49\n|c|\u2606gock glocker|why do i win every speed tie\n|c|\u2606rykera|i have 57 speed slowking\n|\n|t:|1700013028\n|move|p1a: Dragapult|Draco Meteor|p2a: Zapdos\n|-damage|p2a: Zapdos|0 fnt\n|-unboost|p1a: Dragapult|spa|2\n|faint|p2a: Zapdos\n|\n|-end|p1a: Dragapult|move: Future Sight\n|-damage|p1a: Dragapult|25\/100\n|upkeep\n|c|\u2606rykera|were level 99\n|\n|t:|1700013040\n|switch|p2a: Ogerpon|Ogerpon-Wellspring, F|100\/100\n|-damage|p2a: Ogerpon|88\/100|[from] Stealth Rock\n|turn|50\n|\n|t:|1700013058\n|switch|p1a: Kingambit|Kingambit, F|100\/100 par\n|-damage|p1a: Kingambit|94\/100 par|[from] Stealth Rock\n|-item|p1a: Kingambit|Air Balloon\n|move|p2a: Ogerpon|Swords Dance|p2a: Ogerpon\n|-boost|p2a: Ogerpon|atk|2\n|\n|upkeep\n|turn|51\n|\n|t:|1700013075\n|move|p2a: Ogerpon|Ivy Cudgel|p1a: Kingambit|[anim] Ivy Cudgel Water\n|-damage|p1a: Kingambit|8\/100 par\n|-enditem|p1a: Kingambit|Air Balloon\n|move|p1a: Kingambit|Kowtow Cleave|p2a: Ogerpon\n|-damage|p2a: Ogerpon|18\/100\n|\n|upkeep\n|turn|52\n|\n|t:|1700013086\n|move|p1a: Kingambit|Sucker Punch|p2a: Ogerpon\n|-damage|p2a: Ogerpon|0 fnt\n|faint|p2a: Ogerpon\n|\n|upkeep\n|-message|gock glocker forfeited.\n|\n|win|rykera\n|raw|rykera's rating: 1498 &rarr; <strong>1528<\/strong><br \/>(+30 for winning)\n|raw|gock glocker's rating: 1682 &rarr; <strong>1652<\/strong><br \/>(-30 for losing)\n|l|\u2606gock glocker\n|c|\u2606rykera|gg\n","uploadtime":1700013103,"views":20,"p1id":"rykera","p2id":"gockglocker","formatid":"gen9ou","rating":1528,"private":0,"password":""}