{"id":"gen9ou-1993048906","p1":"hwask","p2":"Play_For_Life_18","format":"[Gen 9] OU","log":"|j|\u2606hwask\n|j|\u2606Play_For_Life_18\n|t:|1700259102\n|gametype|singles\n|player|p1|hwask|266|\n|player|p2|Play_For_Life_18|1|\n|teamsize|p1|6\n|teamsize|p2|6\n|gen|9\n|tier|[Gen 9] OU\n|rule|Sleep Clause Mod: Limit one foe put to sleep\n|rule|Species Clause: Limit one of each Pok\u00e9mon\n|rule|OHKO Clause: OHKO moves are banned\n|rule|Evasion Items Clause: Evasion items are banned\n|rule|Evasion Moves Clause: Evasion moves are banned\n|rule|Endless Battle Clause: Forcing endless battles is banned\n|rule|HP Percentage Mod: HP is shown in percentages\n|clearpoke\n|poke|p1|Mamoswine, F|\n|poke|p1|Rillaboom, M|\n|poke|p1|Heatran, M|\n|poke|p1|Sneasler, F|\n|poke|p1|Mandibuzz, F|\n|poke|p1|Walking Wake|\n|poke|p2|Zamazenta-*|\n|poke|p2|Gholdengo|\n|poke|p2|Empoleon, M|\n|poke|p2|Noivern, F|\n|poke|p2|Weezing-Galar, F|\n|poke|p2|Iron Leaves|\n|teampreview\n|\n|t:|1700259177\n|start\n|switch|p1a: Rillaboom|Rillaboom, M|100\/100\n|switch|p2a: Empoleon|Empoleon, M|100\/100\n|-fieldstart|move: Grassy Terrain|[from] ability: Grassy Surge|[of] p1a: Rillaboom\n|turn|1\n|\n|t:|1700259190\n|switch|p2a: Gholdengo|Gholdengo|100\/100\n|move|p1a: Rillaboom|U-turn|p2a: Gholdengo\n|-resisted|p2a: Gholdengo\n|-damage|p2a: Gholdengo|93\/100\n|\n|t:|1700259202\n|switch|p1a: Heatran|Heatran, M|100\/100|[from] U-turn\n|\n|-heal|p2a: Gholdengo|99\/100|[from] Grassy Terrain\n|upkeep\n|turn|2\n|\n|t:|1700259225\n|switch|p2a: Empoleon|Empoleon, M|100\/100\n|move|p1a: Heatran|Magma Storm|p2a: Empoleon\n|-damage|p2a: Empoleon|71\/100\n|-activate|p2a: Empoleon|move: Magma Storm|[of] p1a: Heatran\n|\n|-heal|p2a: Empoleon|78\/100|[from] Grassy Terrain\n|-heal|p2a: Empoleon|84\/100|[from] item: Leftovers\n|-damage|p2a: Empoleon|71\/100|[from] move: Magma Storm|[partiallytrapped]\n|upkeep\n|turn|3\n|\n|t:|1700259245\n|switch|p1a: Walking Wake|Walking Wake|100\/100\n|move|p2a: Empoleon|Stealth Rock|p1a: Walking Wake\n|-sidestart|p1: hwask|move: Stealth Rock\n|\n|-heal|p2a: Empoleon|78\/100|[from] Grassy Terrain\n|-heal|p2a: Empoleon|84\/100|[from] item: Leftovers\n|-end|p2a: Empoleon|Magma Storm|[partiallytrapped]|[silent]\n|upkeep\n|turn|4\n|\n|t:|1700259257\n|move|p1a: Walking Wake|Substitute|p1a: Walking Wake\n|-start|p1a: Walking Wake|Substitute\n|-damage|p1a: Walking Wake|76\/100\n|move|p2a: Empoleon|Flip Turn|p1a: Walking Wake\n|-resisted|p1a: Walking Wake\n|-activate|p1a: Walking Wake|move: Substitute|[damage]\n|\n|t:|1700259266\n|switch|p2a: Iron Leaves|Iron Leaves|100\/100|[from] Flip Turn\n|\n|-heal|p1a: Walking Wake|82\/100|[from] Grassy Terrain\n|-heal|p1a: Walking Wake|88\/100|[from] item: Leftovers\n|upkeep\n|turn|5\n|\n|t:|1700259272\n|move|p1a: Walking Wake|Dragon Pulse|p2a: Iron Leaves\n|-damage|p2a: Iron Leaves|56\/100\n|move|p2a: Iron Leaves|Leaf Blade|p1a: Walking Wake\n|-end|p1a: Walking Wake|Substitute\n|\n|-heal|p1a: Walking Wake|94\/100|[from] Grassy Terrain\n|-heal|p1a: Walking Wake|100\/100|[from] item: Leftovers\n|-heal|p2a: Iron Leaves|62\/100|[from] Grassy Terrain\n|-fieldend|move: Grassy Terrain\n|upkeep\n|turn|6\n|\n|t:|1700259288\n|-end|p1a: Walking Wake|Protosynthesis|[silent]\n|switch|p1a: Mandibuzz|Mandibuzz, F|100\/100\n|move|p2a: Iron Leaves|Leaf Blade|p1a: Mandibuzz\n|-resisted|p1a: Mandibuzz\n|-damage|p1a: Mandibuzz|81\/100\n|\n|upkeep\n|turn|7\n|\n|t:|1700259298\n|-end|p2a: Iron Leaves|Quark Drive|[silent]\n|switch|p2a: Zamazenta|Zamazenta|100\/100\n|-ability|p2a: Zamazenta|Dauntless Shield|boost\n|-boost|p2a: Zamazenta|def|1\n|move|p1a: Mandibuzz|U-turn|p2a: Zamazenta\n|-resisted|p2a: Zamazenta\n|-damage|p2a: Zamazenta|98\/100\n|\n|t:|1700259304\n|switch|p1a: Walking Wake|Walking Wake|100\/100|[from] U-turn\n|-damage|p1a: Walking Wake|88\/100|[from] Stealth Rock\n|\n|-heal|p2a: Zamazenta|100\/100|[from] item: Leftovers\n|-heal|p1a: Walking Wake|94\/100|[from] item: Leftovers\n|upkeep\n|turn|8\n|\n|t:|1700259312\n|move|p2a: Zamazenta|Substitute|p2a: Zamazenta\n|-start|p2a: Zamazenta|Substitute\n|-damage|p2a: Zamazenta|75\/100\n|move|p1a: Walking Wake|Substitute|p1a: Walking Wake\n|-start|p1a: Walking Wake|Substitute\n|-damage|p1a: Walking Wake|70\/100\n|\n|-heal|p2a: Zamazenta|82\/100|[from] item: Leftovers\n|-heal|p1a: Walking Wake|76\/100|[from] item: Leftovers\n|upkeep\n|turn|9\n|\n|t:|1700259315\n|move|p2a: Zamazenta|Iron Defense|p2a: Zamazenta\n|-boost|p2a: Zamazenta|def|2\n|move|p1a: Walking Wake|Roar|p2a: Zamazenta\n|drag|p2a: Iron Leaves|Iron Leaves|62\/100\n|\n|-heal|p1a: Walking Wake|82\/100|[from] item: Leftovers\n|upkeep\n|turn|10\n|\n|t:|1700259323\n|move|p1a: Walking Wake|Dragon Pulse|p2a: Iron Leaves\n|-damage|p2a: Iron Leaves|16\/100\n|move|p2a: Iron Leaves|Leaf Blade|p1a: Walking Wake\n|-end|p1a: Walking Wake|Substitute\n|\n|-heal|p1a: Walking Wake|88\/100|[from] item: Leftovers\n|upkeep\n|turn|11\n|-message|Play_For_Life_18 forfeited.\n|\n|win|hwask\n|l|\u2606Play_For_Life_18\n|l|\u2606hwask\n|j|\u2606hwask\n|player|p1|hwask|266\n","uploadtime":1700259376,"views":38,"p1id":"hwask","p2id":"playforlife18","formatid":"gen9ou","rating":0,"private":0,"password":""}