{"id":"gen9ou-1997021865","p1":"Dino09","p2":"Sw00p2123","format":"[Gen 9] OU","log":"|j|\u2606Dino09\n|j|\u2606Sw00p2123\n|t:|1700756580\n|gametype|singles\n|player|p1|Dino09|winona|1155\n|player|p2|Sw00p2123|roughneck|1134\n|teamsize|p1|6\n|teamsize|p2|6\n|gen|9\n|tier|[Gen 9] OU\n|rated|\n|rule|Sleep Clause Mod: Limit one foe put to sleep\n|rule|Species Clause: Limit one of each Pok\u00e9mon\n|rule|OHKO Clause: OHKO moves are banned\n|rule|Evasion Items Clause: Evasion items are banned\n|rule|Evasion Moves Clause: Evasion moves are banned\n|rule|Endless Battle Clause: Forcing endless battles is banned\n|rule|HP Percentage Mod: HP is shown in percentages\n|clearpoke\n|poke|p1|Cinderace, F|\n|poke|p1|Meowscarada, M|\n|poke|p1|Walking Wake|\n|poke|p1|Great Tusk|\n|poke|p1|Corviknight, M|\n|poke|p1|Empoleon, M|\n|poke|p2|Kingambit, F|\n|poke|p2|Samurott-Hisui, M|\n|poke|p2|Krookodile, F|\n|poke|p2|Hydreigon, M|\n|poke|p2|Mandibuzz, F|\n|poke|p2|Meowscarada, F|\n|teampreview\n|inactive|Battle timer is ON: inactive players will automatically lose when time's up. (requested by Dino09)\n|\n|t:|1700756601\n|start\n|switch|p1a: Meowscarada|Meowscarada, M|100\/100\n|switch|p2a: Lust|Meowscarada, F, shiny|100\/100\n|turn|1\n|\n|t:|1700756608\n|move|p1a: Meowscarada|U-turn|p2a: Lust\n|-start|p1a: Meowscarada|typechange|Bug|[from] ability: Protean\n|-supereffective|p2a: Lust\n|-damage|p2a: Lust|0 fnt\n|faint|p2a: Lust\n|\n|t:|1700756615\n|switch|p1a: Walking Wake|Walking Wake|100\/100|[from] U-turn\n|\n|upkeep\n|c|\u2606Sw00p2123|mine was scarfed to\n|c|\u2606Dino09|i figured\n|c|\u2606Dino09|max speed?\n|\n|t:|1700756628\n|switch|p2a: Greed|Kingambit, F, shiny|100\/100\n|-activate|p2a: Greed|ability: Supreme Overlord\n|-start|p2a: Greed|fallen1|[silent]\n|turn|2\n|c|\u2606Dino09|if so im sorry it was just a speed tie\n|\n|t:|1700756639\n|move|p1a: Walking Wake|Flamethrower|p2a: Greed\n|-supereffective|p2a: Greed\n|-damage|p2a: Greed|19\/100\n|-status|p2a: Greed|brn\n|move|p2a: Greed|Swords Dance|p2a: Greed\n|-boost|p2a: Greed|atk|2\n|\n|-damage|p2a: Greed|13\/100 brn|[from] brn\n|upkeep\n|turn|3\n|c|\u2606Sw00p2123|i think so\n|c|\u2606Dino09|oof rng\n|c|\u2606Sw00p2123|burn is crazy\n|\n|t:|1700756661\n|move|p2a: Greed|Sucker Punch|p1a: Walking Wake\n|-damage|p1a: Walking Wake|47\/100\n|move|p1a: Walking Wake|Flamethrower|p2a: Greed\n|-supereffective|p2a: Greed\n|-damage|p2a: Greed|0 fnt\n|faint|p2a: Greed\n|-end|p2a: Greed|fallen1|[silent]\n|\n|upkeep\n|\n|t:|1700756664\n|switch|p2a: Envy|Krookodile, F|100\/100\n|turn|4\n|c|\u2606Dino09|yaa im sorry\n|\n|t:|1700756670\n|-end|p1a: Walking Wake|Protosynthesis|[silent]\n|switch|p1a: Corviknight|Corviknight, M|100\/100\n|-ability|p1a: Corviknight|Pressure\n|move|p2a: Envy|Crunch|p1a: Corviknight\n|-damage|p1a: Corviknight|78\/100\n|-unboost|p1a: Corviknight|def|1\n|-damage|p2a: Envy|84\/100|[from] item: Rocky Helmet|[of] p1a: Corviknight\n|\n|upkeep\n|turn|5\n|\n|t:|1700756676\n|move|p2a: Envy|Crunch|p1a: Corviknight\n|-damage|p1a: Corviknight|42\/100\n|-damage|p2a: Envy|67\/100|[from] item: Rocky Helmet|[of] p1a: Corviknight\n|move|p1a: Corviknight|U-turn|p2a: Envy\n|-supereffective|p2a: Envy\n|-damage|p2a: Envy|29\/100\n|\n|t:|1700756681\n|switch|p1a: Meowscarada|Meowscarada, M|100\/100|[from] U-turn\n|\n|upkeep\n|turn|6\n|\n|t:|1700756687\n|switch|p2a: Sloth|Mandibuzz, F, shiny|100\/100\n|move|p1a: Meowscarada|U-turn|p2a: Sloth\n|-start|p1a: Meowscarada|typechange|Bug|[from] ability: Protean\n|-damage|p2a: Sloth|81\/100\n|\n|t:|1700756690\n|switch|p1a: Walking Wake|Walking Wake|47\/100|[from] U-turn\n|\n|-heal|p2a: Sloth|87\/100|[from] item: Leftovers\n|upkeep\n|turn|7\n|\n|t:|1700756694\n|move|p1a: Walking Wake|Draco Meteor|p2a: Sloth\n|-damage|p2a: Sloth|3\/100\n|-unboost|p1a: Walking Wake|spa|2\n|move|p2a: Sloth|Toxic|p1a: Walking Wake\n|-status|p1a: Walking Wake|tox\n|\n|-heal|p2a: Sloth|9\/100|[from] item: Leftovers\n|-damage|p1a: Walking Wake|40\/100 tox|[from] psn\n|upkeep\n|turn|8\n|\n|t:|1700756712\n|move|p2a: Sloth|Protect|p2a: Sloth\n|-singleturn|p2a: Sloth|Protect\n|move|p1a: Walking Wake|Draco Meteor|p2a: Sloth\n|-activate|p2a: Sloth|move: Protect\n|\n|-heal|p2a: Sloth|15\/100|[from] item: Leftovers\n|-damage|p1a: Walking Wake|28\/100 tox|[from] psn\n|upkeep\n|turn|9\n|\n|t:|1700756716\n|-end|p1a: Walking Wake|Protosynthesis|[silent]\n|switch|p1a: Empoleon|Empoleon, M|100\/100\n|move|p2a: Sloth|Protect||[still]\n|-fail|p2a: Sloth\n|\n|-heal|p2a: Sloth|21\/100|[from] item: Leftovers\n|upkeep\n|turn|10\n|\n|t:|1700756719\n|move|p2a: Sloth|Foul Play|p1a: Empoleon\n|-damage|p1a: Empoleon|75\/100\n|move|p1a: Empoleon|Stealth Rock|p2a: Sloth\n|-sidestart|p2: Sw00p2123|move: Stealth Rock\n|\n|-heal|p2a: Sloth|27\/100|[from] item: Leftovers\n|-heal|p1a: Empoleon|81\/100|[from] item: Leftovers\n|upkeep\n|turn|11\n|\n|t:|1700756732\n|switch|p2a: Pride|Samurott-Hisui, M|100\/100\n|-damage|p2a: Pride|88\/100|[from] Stealth Rock\n|move|p1a: Empoleon|Flip Turn|p2a: Pride\n|-resisted|p2a: Pride\n|-damage|p2a: Pride|77\/100\n|\n|t:|1700756738\n|switch|p1a: Meowscarada|Meowscarada, M|100\/100|[from] Flip Turn\n|\n|upkeep\n|turn|12\n|c|\u2606Dino09|this my pivot team\n|\n|t:|1700756759\n|move|p1a: Meowscarada|U-turn|p2a: Pride\n|-start|p1a: Meowscarada|typechange|Bug|[from] ability: Protean\n|-supereffective|p2a: Pride\n|-damage|p2a: Pride|0 fnt\n|faint|p2a: Pride\n|c|\u2606Dino09|everyone got a pivot move but tusk\n|n|!Dino09|dino09\n|\n|t:|1700756773\n|switch|p1a: Cinderace|Cinderace, F|100\/100|[from] U-turn\n|\n|upkeep\n|\n|t:|1700756778\n|switch|p2a: Envy|Krookodile, F|29\/100\n|-damage|p2a: Envy|23\/100|[from] Stealth Rock\n|turn|13\n|\n|t:|1700756788\n|switch|p1a: Corviknight|Corviknight, M|42\/100\n|-ability|p1a: Corviknight|Pressure\n|move|p2a: Envy|Crunch|p1a: Corviknight\n|-damage|p1a: Corviknight|20\/100\n|-damage|p2a: Envy|7\/100|[from] item: Rocky Helmet|[of] p1a: Corviknight\n|\n|upkeep\n|turn|14\n|\n|t:|1700756792\n|move|p2a: Envy|Crunch|p1a: Corviknight\n|-damage|p1a: Corviknight|0 fnt\n|-damage|p2a: Envy|0 fnt|[from] item: Rocky Helmet|[of] p1a: Corviknight\n|faint|p1a: Corviknight\n|faint|p2a: Envy\n|\n|upkeep\n|\n|t:|1700756802\n|switch|p2a: Gluttony|Hydreigon, M, shiny|100\/100\n|switch|p1a: Walking Wake|Walking Wake|28\/100 tox\n|-damage|p2a: Gluttony|88\/100|[from] Stealth Rock\n|turn|15\n|\n|t:|1700756808\n|-terastallize|p2a: Gluttony|Steel\n|move|p1a: Walking Wake|Draco Meteor|p2a: Gluttony\n|-resisted|p2a: Gluttony\n|-damage|p2a: Gluttony|32\/100\n|-unboost|p1a: Walking Wake|spa|2\n|move|p2a: Gluttony|Dark Pulse|p1a: Walking Wake\n|-damage|p1a: Walking Wake|0 fnt\n|faint|p1a: Walking Wake\n|-end|p1a: Walking Wake|Protosynthesis|[silent]\n|-damage|p2a: Gluttony|22\/100|[from] item: Life Orb\n|\n|upkeep\n|\n|t:|1700756813\n|switch|p1a: Cinderace|Cinderace, F|100\/100\n|turn|16\n|\n|t:|1700756815\n|move|p1a: Cinderace|Pyro Ball|p2a: Gluttony\n|-supereffective|p2a: Gluttony\n|-damage|p2a: Gluttony|0 fnt\n|faint|p2a: Gluttony\n|\n|upkeep\n|\n|t:|1700756817\n|switch|p2a: Sloth|Mandibuzz, F, shiny|27\/100\n|-damage|p2a: Sloth|3\/100|[from] Stealth Rock\n|turn|17\n|\n|t:|1700756822\n|move|p2a: Sloth|Protect|p2a: Sloth\n|-singleturn|p2a: Sloth|Protect\n|move|p1a: Cinderace|Pyro Ball|p2a: Sloth\n|-activate|p2a: Sloth|move: Protect\n|\n|-heal|p2a: Sloth|9\/100|[from] item: Leftovers\n|upkeep\n|turn|18\n|\n|t:|1700756825\n|move|p1a: Cinderace|Pyro Ball|p2a: Sloth\n|-damage|p2a: Sloth|0 fnt\n|faint|p2a: Sloth\n|\n|win|Dino09\n|raw|Dino09's rating: 1155 &rarr; <strong>1178<\/strong><br \/>(+23 for winning)\n|raw|Sw00p2123's rating: 1134 &rarr; <strong>1111<\/strong><br \/>(-23 for losing)\n","uploadtime":1700756778,"views":0,"p1id":"dino09","p2id":"sw00p2123","formatid":"gen9ou","rating":1111,"private":0,"password":""}