{"id":"gen9ou-1995132981","p1":"candy moment","p2":"KlefkiLuvr2953","format":"[Gen 9] OU","log":"|j|\u2606candy moment\n|j|\u2606KlefkiLuvr2953\n|t:|1700526217\n|gametype|singles\n|player|p1|candy moment|lusamine-nihilego|1138\n|player|p2|KlefkiLuvr2953|lady|1048\n|teamsize|p1|6\n|teamsize|p2|6\n|gen|9\n|tier|[Gen 9] OU\n|rated|\n|rule|Sleep Clause Mod: Limit one foe put to sleep\n|rule|Species Clause: Limit one of each Pok\u00e9mon\n|rule|OHKO Clause: OHKO moves are banned\n|rule|Evasion Items Clause: Evasion items are banned\n|rule|Evasion Moves Clause: Evasion moves are banned\n|rule|Endless Battle Clause: Forcing endless battles is banned\n|rule|HP Percentage Mod: HP is shown in percentages\n|clearpoke\n|poke|p1|Tornadus-Therian, M|\n|poke|p1|Rotom-Wash|\n|poke|p1|Barraskewda, M|\n|poke|p1|Lokix, M|\n|poke|p1|Electrode-Hisui|\n|poke|p1|Vikavolt, F|\n|poke|p2|Clefable, F|\n|poke|p2|Kingambit, M|\n|poke|p2|Ogerpon-Wellspring, F|\n|poke|p2|Dragapult, F|\n|poke|p2|Lurantis, F|\n|poke|p2|Goodra-Hisui, F|\n|teampreview\n|j| smartest ditto.\n|\n|t:|1700526243\n|start\n|switch|p1a: Vikavolt|Vikavolt, F|100\/100\n|switch|p2a: Dragapult|Dragapult, F|100\/100\n|turn|1\n|\n|t:|1700526256\n|move|p2a: Dragapult|Curse|p1a: Vikavolt\n|-start|p1a: Vikavolt|Curse|[of] p2a: Dragapult\n|-damage|p2a: Dragapult|51\/100\n|move|p1a: Vikavolt|Sticky Web|p2a: Dragapult\n|-sidestart|p2: KlefkiLuvr2953|move: Sticky Web\n|\n|-damage|p1a: Vikavolt|76\/100|[from] Curse\n|upkeep\n|turn|2\n|c|\u2606candy moment|wh\n|c|\u2606candy moment|HUH\n|c|\u2606candy moment|curse?\n|c|\u2606KlefkiLuvr2953|yeh\n|c|\u2606candy moment|that's a move i haven't seen like, ever\n|c|\u2606candy moment|smart\n|c|\u2606KlefkiLuvr2953|cool\n|\n|t:|1700526286\n|switch|p2a: Kingambit|Kingambit, M|100\/100\n|move|p1a: Vikavolt|Bug Buzz|p2a: Kingambit\n|-damage|p2a: Kingambit|45\/100\n|-unboost|p2a: Kingambit|spd|1\n|-ability|p2a: Kingambit|Defiant|boost\n|-boost|p2a: Kingambit|atk|2\n|\n|-damage|p1a: Vikavolt|51\/100|[from] Curse\n|upkeep\n|turn|3\n|c|\u2606candy moment|oh fuck\n|c| smartest ditto.|bro said use curse on the most useless pokemon ever\n|\n|t:|1700526303\n|move|p2a: Kingambit|Kowtow Cleave|p1a: Vikavolt\n|-damage|p1a: Vikavolt|0 fnt\n|faint|p1a: Vikavolt\n|\n|upkeep\n|c|\u2606KlefkiLuvr2953|yeah basically\n|c| smartest ditto.|Vikavolt.You had 1 Job.\n|c|\u2606KlefkiLuvr2953|and it failed UwU\n|c| smartest ditto.|lokix clean up(i hope)\n|n|!candy moment|candymoment\n|j| AbrarS\n|j| cryaboutitE\n|c|\u2606KlefkiLuvr2953|ok\n|\n|t:|1700526342\n|switch|p1a: Lokix|Lokix, M|100\/100\n|turn|4\n|\n|t:|1700526354\n|move|p1a: Lokix|First Impression|p2a: Kingambit\n|-damage|p2a: Kingambit|17\/100\n|move|p2a: Kingambit|Kowtow Cleave|p1a: Lokix\n|-resisted|p1a: Lokix\n|-damage|p1a: Lokix|26\/100\n|\n|upkeep\n|turn|5\n|c| AbrarS|Thought that was defiant kingambit for a sec\n|\n|t:|1700526364\n|move|p2a: Kingambit|Sucker Punch|p1a: Lokix\n|-resisted|p1a: Lokix\n|-damage|p1a: Lokix|0 fnt\n|faint|p1a: Lokix\n|\n|upkeep\n|c| cryaboutitE|Nah\u2026 did I just go up and read a pult running curse \ud83d\udc80\n|c|\u2606KlefkiLuvr2953|it is defiant kingambit and put running curse\n|c|\u2606KlefkiLuvr2953|I go for surprise factor\n|\n|t:|1700526391\n|switch|p1a: Barraskewda|Barraskewda, M|100\/100\n|turn|6\n|\n|t:|1700526399\n|move|p1a: Barraskewda|Flip Turn|p2a: Kingambit\n|-damage|p2a: Kingambit|0 fnt\n|faint|p2a: Kingambit\n|\n|t:|1700526402\n|switch|p1a: Rotom|Rotom-Wash|100\/100|[from] Flip Turn\n|\n|upkeep\n|\n|t:|1700526406\n|switch|p2a: Goodra|Goodra-Hisui, F|100\/100\n|-activate|p2a: Goodra|move: Sticky Web\n|-unboost|p2a: Goodra|spe|1\n|turn|7\n|c| cryaboutitE|Wild\n|c| cryaboutitE|Curse palossand >>>\n|c|\u2606KlefkiLuvr2953|no\n|\n|t:|1700526424\n|move|p1a: Rotom|Will-O-Wisp|p2a: Goodra\n|-status|p2a: Goodra|brn\n|move|p2a: Goodra|Acid Armor|p2a: Goodra\n|-boost|p2a: Goodra|def|2\n|\n|-damage|p2a: Goodra|94\/100 brn|[from] brn\n|upkeep\n|turn|8\n|c| cryaboutitE|Trust the process\n|\n|t:|1700526434\n|move|p1a: Rotom|Nasty Plot|p1a: Rotom\n|-boost|p1a: Rotom|spa|2\n|move|p2a: Goodra|Acid Armor|p2a: Goodra\n|-boost|p2a: Goodra|def|2\n|\n|-heal|p2a: Goodra|100\/100 brn|[from] item: Leftovers\n|-damage|p2a: Goodra|94\/100 brn|[from] brn\n|upkeep\n|turn|9\n|c|\u2606KlefkiLuvr2953|ok bro\n|j| SDK04\n|\n|t:|1700526444\n|move|p1a: Rotom|Nasty Plot|p1a: Rotom\n|-boost|p1a: Rotom|spa|2\n|move|p2a: Goodra|Body Press|p1a: Rotom\n|-damage|p1a: Rotom|62\/100\n|\n|-heal|p2a: Goodra|100\/100 brn|[from] item: Leftovers\n|-damage|p2a: Goodra|94\/100 brn|[from] brn\n|upkeep\n|turn|10\n|\n|t:|1700526452\n|move|p1a: Rotom|Hydro Pump|p2a: Goodra\n|-resisted|p2a: Goodra\n|-damage|p2a: Goodra|55\/100 brn\n|move|p2a: Goodra|Acid Armor|p2a: Goodra\n|-boost|p2a: Goodra|def|2\n|\n|-heal|p2a: Goodra|61\/100 brn|[from] item: Leftovers\n|-damage|p2a: Goodra|55\/100 brn|[from] brn\n|upkeep\n|turn|11\n|\n|t:|1700526458\n|move|p1a: Rotom|Hydro Pump|p2a: Goodra\n|-resisted|p2a: Goodra\n|-damage|p2a: Goodra|16\/100 brn\n|move|p2a: Goodra|Body Press|p1a: Rotom\n|-damage|p1a: Rotom|5\/100\n|\n|-heal|p2a: Goodra|22\/100 brn|[from] item: Leftovers\n|-damage|p2a: Goodra|16\/100 brn|[from] brn\n|upkeep\n|turn|12\n|\n|t:|1700526463\n|move|p1a: Rotom|Volt Switch|p2a: Goodra\n|-resisted|p2a: Goodra\n|-damage|p2a: Goodra|0 fnt\n|faint|p2a: Goodra\n|c| cryaboutitE|Damn\n|\n|t:|1700526471\n|switch|p1a: Tornadus|Tornadus-Therian, M|100\/100|[from] Volt Switch\n|\n|upkeep\n|\n|t:|1700526477\n|switch|p2a: Clefable|Clefable, F|100\/100\n|-activate|p2a: Clefable|move: Sticky Web\n|-unboost|p2a: Clefable|spe|1\n|turn|13\n|c| smartest ditto.|rotom with the skill issue\n|\n|t:|1700526484\n|move|p1a: Tornadus|Body Slam|p2a: Clefable\n|-damage|p2a: Clefable|53\/100\n|move|p2a: Clefable|Cosmic Power|p2a: Clefable\n|-boost|p2a: Clefable|def|1\n|-boost|p2a: Clefable|spd|1\n|\n|-heal|p2a: Clefable|59\/100|[from] item: Leftovers\n|upkeep\n|turn|14\n|c|\u2606KlefkiLuvr2953|ye\n|\n|t:|1700526490\n|move|p1a: Tornadus|Body Slam|p2a: Clefable\n|-damage|p2a: Clefable|27\/100\n|move|p2a: Clefable|Calm Mind|p2a: Clefable\n|-boost|p2a: Clefable|spa|1\n|-boost|p2a: Clefable|spd|1\n|\n|-heal|p2a: Clefable|33\/100|[from] item: Leftovers\n|upkeep\n|turn|15\n|\n|t:|1700526497\n|move|p1a: Tornadus|Body Slam|p2a: Clefable\n|-damage|p2a: Clefable|4\/100\n|move|p2a: Clefable|Moonblast|p1a: Tornadus\n|-damage|p1a: Tornadus|38\/100\n|\n|-heal|p2a: Clefable|10\/100|[from] item: Leftovers\n|upkeep\n|turn|16\n|\n|t:|1700526508\n|switch|p2a: Dragapult|Dragapult, F|51\/100\n|-activate|p2a: Dragapult|move: Sticky Web\n|-fail|p2a: Dragapult|unboost|[from] ability: Clear Body|[of] p2a: Dragapult\n|move|p1a: Tornadus|Body Slam|p2a: Dragapult\n|-immune|p2a: Dragapult\n|\n|upkeep\n|turn|17\n|\n|t:|1700526518\n|switch|p1a: Rotom|Rotom-Wash|5\/100\n|move|p2a: Dragapult|Curse|p1a: Rotom\n|-start|p1a: Rotom|Curse|[of] p2a: Dragapult\n|-damage|p2a: Dragapult|1\/100\n|\n|-damage|p1a: Rotom|0 fnt|[from] Curse\n|faint|p1a: Rotom\n|upkeep\n|c| smartest ditto.|ah yes\n|\n|t:|1700526531\n|switch|p1a: Electrode|Electrode-Hisui|100\/100\n|turn|18\n|c|\u2606KlefkiLuvr2953|0.3% hp\n|\n|t:|1700526537\n|move|p2a: Dragapult|Curse|p1a: Electrode\n|-start|p1a: Electrode|Curse|[of] p2a: Dragapult\n|-damage|p2a: Dragapult|0 fnt\n|faint|p2a: Dragapult\n|move|p1a: Electrode|Volt Switch|p2: Dragapult|[notarget]\n|-fail|p1a: Electrode\n|\n|-damage|p1a: Electrode|76\/100|[from] Curse\n|upkeep\n|c| AbrarS|Get those screens up\n|\n|t:|1700526544\n|switch|p2a: Clefable|Clefable, F|10\/100\n|-activate|p2a: Clefable|move: Sticky Web\n|-unboost|p2a: Clefable|spe|1\n|turn|19\n|\n|t:|1700526550\n|move|p1a: Electrode|Volt Switch|p2a: Clefable\n|-damage|p2a: Clefable|0 fnt\n|faint|p2a: Clefable\n|\n|t:|1700526554\n|switch|p1a: Barraskewda|Barraskewda, M|100\/100|[from] Volt Switch\n|\n|upkeep\n|\n|t:|1700526562\n|switch|p2a: Lurantis|Lurantis, F|100\/100\n|-activate|p2a: Lurantis|move: Sticky Web\n|-boost|p2a: Lurantis|spe|1\n|turn|20\n|c| smartest ditto.|big 10% damage\n|\n|t:|1700526567\n|move|p1a: Barraskewda|Ice Fang|p2a: Lurantis\n|-supereffective|p2a: Lurantis\n|-damage|p2a: Lurantis|17\/100\n|cant|p2a: Lurantis|flinch\n|\n|-heal|p2a: Lurantis|23\/100|[from] item: Leftovers\n|upkeep\n|turn|21\n|c| smartest ditto.|ill take it\n|\n|t:|1700526583\n|-terastallize|p2a: Lurantis|Water\n|move|p1a: Barraskewda|Ice Fang|p2a: Lurantis\n|-resisted|p2a: Lurantis\n|-damage|p2a: Lurantis|5\/100\n|-status|p2a: Lurantis|frz\n|cant|p2a: Lurantis|frz\n|\n|-heal|p2a: Lurantis|11\/100 frz|[from] item: Leftovers\n|upkeep\n|turn|22\n|c| smartest ditto.|why not\n|c|\u2606KlefkiLuvr2953|I quit\n|c|\u2606KlefkiLuvr2953|I can't do this anymore\n|-message|KlefkiLuvr2953 forfeited.\n|\n|win|candy moment\n|raw|candy moment's rating: 1138 &rarr; <strong>1157<\/strong><br \/>(+19 for winning)\n|raw|KlefkiLuvr2953's rating: 1048 &rarr; <strong>1035<\/strong><br \/>(-13 for losing)\n|l|\u2606KlefkiLuvr2953\n","uploadtime":1700526332,"views":5,"p1id":"candymoment","p2id":"klefkiluvr2953","formatid":"gen9ou","rating":1035,"private":0,"password":""}