{"id":"gen9ou-1993305453","p1":"Harlequin_o7","p2":"mf_salvador","format":"[Gen 9] OU","log":"|j|\u2606Harlequin_o7\n|j|\u2606mf_salvador\n|inactive|Battle timer is ON: inactive players will automatically lose when time's up.\n|t:|1700294463\n|gametype|singles\n|player|p1|Harlequin_o7|red-gen1main|\n|player|p2|mf_salvador|flannery|\n|teamsize|p1|3\n|teamsize|p2|3\n|gen|9\n|tier|[Gen 9] OU\n|rated|Tournament battle\n|rule|Sleep Clause Mod: Limit one foe put to sleep\n|rule|Species Clause: Limit one of each Pok\u00e9mon\n|rule|OHKO Clause: OHKO moves are banned\n|rule|Evasion Items Clause: Evasion items are banned\n|rule|Evasion Moves Clause: Evasion moves are banned\n|rule|Endless Battle Clause: Forcing endless battles is banned\n|rule|HP Percentage Mod: HP is shown in percentages\n|clearpoke\n|poke|p1|Mandibuzz, F|\n|poke|p1|Quaquaval, F|\n|poke|p1|Gholdengo|\n|poke|p2|Dragonite, M|\n|poke|p2|Ninetales-Alola, F|\n|poke|p2|Toxapex, M|\n|teampreview\n|j|*Lady Monita \u2746\n|inactive|Harlequin_o7 also wants the timer to be on.\n|inactive|mf_salvador also wants the timer to be on.\n|c|\u2606mf_salvador|glhf\n|\n|t:|1700294481\n|start\n|switch|p1a: Quaquaval|Quaquaval, F|100\/100\n|switch|p2a: Ninetales|Ninetales-Alola, F|100\/100\n|-weather|Snow|[from] ability: Snow Warning|[of] p2a: Ninetales\n|turn|1\n|\n|t:|1700294485\n|move|p2a: Ninetales|Aurora Veil|p2a: Ninetales\n|-sidestart|p2: mf_salvador|move: Aurora Veil\n|move|p1a: Quaquaval|Bulk Up|p1a: Quaquaval\n|-boost|p1a: Quaquaval|atk|1\n|-boost|p1a: Quaquaval|def|1\n|\n|-weather|Snow|[upkeep]\n|upkeep\n|turn|2\n|\n|t:|1700294489\n|-terastallize|p1a: Quaquaval|Water\n|move|p2a: Ninetales|Encore|p1a: Quaquaval\n|-start|p1a: Quaquaval|Encore\n|move|p1a: Quaquaval|Bulk Up|p1a: Quaquaval\n|-boost|p1a: Quaquaval|atk|1\n|-boost|p1a: Quaquaval|def|1\n|\n|-weather|Snow|[upkeep]\n|upkeep\n|turn|3\n|\n|t:|1700294493\n|move|p2a: Ninetales|Freeze-Dry|p1a: Quaquaval\n|-supereffective|p1a: Quaquaval\n|-damage|p1a: Quaquaval|53\/100\n|move|p1a: Quaquaval|Bulk Up|p1a: Quaquaval\n|-boost|p1a: Quaquaval|atk|1\n|-boost|p1a: Quaquaval|def|1\n|\n|-weather|Snow|[upkeep]\n|-heal|p1a: Quaquaval|59\/100|[from] item: Leftovers\n|upkeep\n|turn|4\n|\n|t:|1700294496\n|move|p2a: Ninetales|Freeze-Dry|p1a: Quaquaval\n|-supereffective|p1a: Quaquaval\n|-damage|p1a: Quaquaval|7\/100\n|move|p1a: Quaquaval|Bulk Up|p1a: Quaquaval\n|-boost|p1a: Quaquaval|atk|1\n|-boost|p1a: Quaquaval|def|1\n|\n|-weather|Snow|[upkeep]\n|-heal|p1a: Quaquaval|13\/100|[from] item: Leftovers\n|-end|p1a: Quaquaval|Encore\n|upkeep\n|turn|5\n|\n|t:|1700294499\n|move|p2a: Ninetales|Encore|p1a: Quaquaval\n|-start|p1a: Quaquaval|Encore\n|move|p1a: Quaquaval|Bulk Up|p1a: Quaquaval\n|-boost|p1a: Quaquaval|atk|1\n|-boost|p1a: Quaquaval|def|1\n|\n|-weather|none\n|-heal|p1a: Quaquaval|20\/100|[from] item: Leftovers\n|upkeep\n|turn|6\n|\n|t:|1700294502\n|move|p2a: Ninetales|Freeze-Dry|p1a: Quaquaval\n|-supereffective|p1a: Quaquaval\n|-damage|p1a: Quaquaval|0 fnt\n|faint|p1a: Quaquaval\n|\n|upkeep\n|\n|t:|1700294506\n|switch|p1a: Gholdengo|Gholdengo|100\/100\n|turn|7\n|\n|t:|1700294515\n|switch|p2a: Toxapex|Toxapex, M|100\/100\n|move|p1a: Gholdengo|Make It Rain|p2a: Toxapex\n|-resisted|p2a: Toxapex\n|-damage|p2a: Toxapex|88\/100\n|-unboost|p1a: Gholdengo|spa|1\n|\n|-heal|p2a: Toxapex|94\/100|[from] item: Leftovers\n|upkeep\n|turn|8\n|\n|t:|1700294530\n|switch|p1a: Mandibuzz|Mandibuzz, F|100\/100\n|move|p2a: Toxapex|Surf|p1a: Mandibuzz\n|-damage|p1a: Mandibuzz|83\/100\n|\n|-heal|p2a: Toxapex|99\/100|[from] item: Leftovers\n|-sideend|p2: mf_salvador|move: Aurora Veil\n|upkeep\n|turn|9\n|inactive|mf_salvador has 120 seconds left.\n|\n|t:|1700294566\n|move|p1a: Mandibuzz|Foul Play|p2a: Toxapex\n|-damage|p2a: Toxapex|88\/100\n|move|p2a: Toxapex|Toxic|p1a: Mandibuzz\n|-status|p1a: Mandibuzz|tox\n|\n|-heal|p2a: Toxapex|94\/100|[from] item: Leftovers\n|-damage|p1a: Mandibuzz|77\/100 tox|[from] psn\n|upkeep\n|turn|10\n|\n|t:|1700294577\n|switch|p1a: Gholdengo|Gholdengo|100\/100\n|move|p2a: Toxapex|Surf|p1a: Gholdengo\n|-damage|p1a: Gholdengo|79\/100\n|\n|-heal|p2a: Toxapex|100\/100|[from] item: Leftovers\n|upkeep\n|turn|11\n|j| T.G.W Galladee\n|\n|t:|1700294582\n|move|p1a: Gholdengo|Trick|p2a: Toxapex\n|-activate|p1a: Gholdengo|move: Trick|[of] p2a: Toxapex\n|-item|p2a: Toxapex|Choice Scarf|[from] move: Trick\n|-item|p1a: Gholdengo|Leftovers|[from] move: Trick\n|move|p2a: Toxapex|Surf|p1a: Gholdengo\n|-damage|p1a: Gholdengo|58\/100\n|\n|-heal|p1a: Gholdengo|64\/100|[from] item: Leftovers\n|upkeep\n|turn|12\n|\n|t:|1700294588\n|move|p1a: Gholdengo|Shadow Ball|p2a: Toxapex\n|-damage|p2a: Toxapex|67\/100\n|move|p2a: Toxapex|Surf|p1a: Gholdengo\n|-damage|p1a: Gholdengo|41\/100\n|\n|-heal|p1a: Gholdengo|47\/100|[from] item: Leftovers\n|upkeep\n|turn|13\n|\n|t:|1700294593\n|move|p1a: Gholdengo|Shadow Ball|p2a: Toxapex\n|-damage|p2a: Toxapex|32\/100\n|move|p2a: Toxapex|Surf|p1a: Gholdengo\n|-damage|p1a: Gholdengo|24\/100\n|\n|-heal|p1a: Gholdengo|30\/100|[from] item: Leftovers\n|upkeep\n|turn|14\n|\n|t:|1700294597\n|move|p1a: Gholdengo|Shadow Ball|p2a: Toxapex\n|-crit|p2a: Toxapex\n|-damage|p2a: Toxapex|0 fnt\n|faint|p2a: Toxapex\n|\n|-heal|p1a: Gholdengo|36\/100|[from] item: Leftovers\n|upkeep\n|\n|t:|1700294604\n|switch|p2a: Dragonite|Dragonite, M|100\/100\n|turn|15\n|\n|t:|1700294611\n|move|p1a: Gholdengo|Shadow Ball|p2a: Dragonite\n|-damage|p2a: Dragonite|78\/100\n|move|p2a: Dragonite|Dragon Dance|p2a: Dragonite\n|-boost|p2a: Dragonite|atk|1\n|-boost|p2a: Dragonite|spe|1\n|\n|-heal|p1a: Gholdengo|42\/100|[from] item: Leftovers\n|upkeep\n|turn|16\n|\n|t:|1700294617\n|switch|p1a: Mandibuzz|Mandibuzz, F|77\/100 tox\n|move|p2a: Dragonite|Fire Punch|p1a: Mandibuzz\n|-damage|p1a: Mandibuzz|54\/100 tox\n|\n|-damage|p1a: Mandibuzz|48\/100 tox|[from] psn\n|upkeep\n|turn|17\n|\n|t:|1700294631\n|switch|p2a: Ninetales|Ninetales-Alola, F|100\/100\n|-weather|Snow|[from] ability: Snow Warning|[of] p2a: Ninetales\n|move|p1a: Mandibuzz|Foul Play|p2a: Ninetales\n|-resisted|p2a: Ninetales\n|-damage|p2a: Ninetales|92\/100\n|\n|-weather|Snow|[upkeep]\n|-damage|p1a: Mandibuzz|36\/100 tox|[from] psn\n|upkeep\n|turn|18\n|\n|t:|1700294639\n|move|p2a: Ninetales|Moonblast|p1a: Mandibuzz\n|-supereffective|p1a: Mandibuzz\n|-damage|p1a: Mandibuzz|0 fnt\n|faint|p1a: Mandibuzz\n|\n|-weather|Snow|[upkeep]\n|upkeep\n|\n|t:|1700294642\n|switch|p1a: Gholdengo|Gholdengo|42\/100\n|turn|19\n|\n|t:|1700294647\n|move|p2a: Ninetales|Aurora Veil|p2a: Ninetales\n|-sidestart|p2: mf_salvador|move: Aurora Veil\n|move|p1a: Gholdengo|Make It Rain|p2a: Ninetales\n|-supereffective|p2a: Ninetales\n|-damage|p2a: Ninetales|0 fnt\n|-unboost|p1a: Gholdengo|spa|1\n|faint|p2a: Ninetales\n|\n|-weather|Snow|[upkeep]\n|-heal|p1a: Gholdengo|48\/100|[from] item: Leftovers\n|upkeep\n|\n|t:|1700294650\n|switch|p2a: Dragonite|Dragonite, M|78\/100\n|turn|20\n|\n|t:|1700294654\n|-terastallize|p2a: Dragonite|Fire\n|move|p1a: Gholdengo|Trick|p2a: Dragonite\n|-activate|p1a: Gholdengo|move: Trick|[of] p2a: Dragonite\n|-item|p2a: Dragonite|Leftovers|[from] move: Trick\n|-item|p1a: Gholdengo|Heavy-Duty Boots|[from] move: Trick\n|move|p2a: Dragonite|Fire Punch|p1a: Gholdengo\n|-supereffective|p1a: Gholdengo\n|-damage|p1a: Gholdengo|0 fnt\n|faint|p1a: Gholdengo\n|\n|win|mf_salvador\n|n|\u2606Harlequin_o7|harlequino7\n|n|\u2606mf_salvador|mfsalvador\n|n|*Lady Monita \u2746|ladymonita\n|n| T.G.W Galladee|tgwgalladee\n","uploadtime":1700294655,"views":10,"p1id":"harlequino7","p2id":"mfsalvador","formatid":"gen9ou","rating":0,"private":0,"password":""}