{"id":"gen9ou-1990840644","p1":"EkCantDrawLol","p2":"Buzzpeep","format":"[Gen 9] OU","log":"|j|\u2606EkCantDrawLol\n|j|\u2606Buzzpeep\n|inactive|Battle timer is ON: inactive players will automatically lose when time's up.\n|t:|1700006366\n|gametype|singles\n|player|p1|EkCantDrawLol|skierf|\n|player|p2|Buzzpeep|proton|\n|teamsize|p1|3\n|teamsize|p2|3\n|gen|9\n|tier|[Gen 9] OU\n|rated|Tournament battle\n|rule|Sleep Clause Mod: Limit one foe put to sleep\n|rule|Species Clause: Limit one of each Pok\u00e9mon\n|rule|OHKO Clause: OHKO moves are banned\n|rule|Evasion Items Clause: Evasion items are banned\n|rule|Evasion Moves Clause: Evasion moves are banned\n|rule|Endless Battle Clause: Forcing endless battles is banned\n|rule|HP Percentage Mod: HP is shown in percentages\n|clearpoke\n|poke|p1|Chespin, M|\n|poke|p1|Gholdengo|\n|poke|p1|Garchomp, F|\n|poke|p2|Stantler, F|\n|poke|p2|Tyranitar, F|\n|poke|p2|Misdreavus, M|\n|teampreview\n|j|*Lady Monita \u2746\n|c|\u2606EkCantDrawLol|Glhf\n|\n|t:|1700006373\n|start\n|switch|p1a: Garchomp|Garchomp, F, shiny|100\/100\n|switch|p2a: Stantler|Stantler, F|100\/100\n|-ability|p2a: Stantler|Intimidate|boost\n|-unboost|p1a: Garchomp|atk|1\n|turn|1\n|\n|t:|1700006384\n|move|p1a: Garchomp|Swords Dance|p1a: Garchomp\n|-boost|p1a: Garchomp|atk|2\n|move|p2a: Stantler|Agility|p2a: Stantler\n|-boost|p2a: Stantler|spe|2\n|\n|upkeep\n|turn|2\n|\n|t:|1700006391\n|move|p2a: Stantler|Calm Mind|p2a: Stantler\n|-boost|p2a: Stantler|spa|1\n|-boost|p2a: Stantler|spd|1\n|move|p1a: Garchomp|Earthquake|p2a: Stantler\n|-damage|p2a: Stantler|52\/100\n|\n|upkeep\n|turn|3\n|\n|t:|1700006397\n|-terastallize|p1a: Garchomp|Steel\n|move|p2a: Stantler|Stored Power|p1a: Garchomp\n|-resisted|p1a: Garchomp\n|-damage|p1a: Garchomp|85\/100\n|move|p1a: Garchomp|Swords Dance|p1a: Garchomp\n|-boost|p1a: Garchomp|atk|2\n|\n|upkeep\n|turn|4\n|\n|t:|1700006404\n|-terastallize|p2a: Stantler|Ground\n|move|p2a: Stantler|Tera Blast|p1a: Garchomp|[anim] Tera Blast Ground\n|-supereffective|p1a: Garchomp\n|-damage|p1a: Garchomp|5\/100\n|move|p1a: Garchomp|Earthquake|p2a: Stantler\n|-damage|p2a: Stantler|0 fnt\n|faint|p2a: Stantler\n|\n|upkeep\n|\n|t:|1700006409\n|switch|p2a: Misdreavus|Misdreavus, M|100\/100\n|turn|5\n|\n|t:|1700006414\n|move|p1a: Garchomp|Dragon Claw|p2a: Misdreavus\n|-damage|p2a: Misdreavus|28\/100\n|move|p2a: Misdreavus|Hex|p1a: Garchomp\n|-damage|p1a: Garchomp|0 fnt\n|faint|p1a: Garchomp\n|\n|upkeep\n|\n|t:|1700006418\n|switch|p1a: Gholdengo|Gholdengo, shiny|100\/100\n|turn|6\n|\n|t:|1700006427\n|move|p2a: Misdreavus|Hex|p1a: Gholdengo\n|-supereffective|p1a: Gholdengo\n|-damage|p1a: Gholdengo|64\/100\n|move|p1a: Gholdengo|Thunder Wave|p2a: Misdreavus\n|-status|p2a: Misdreavus|par\n|\n|-heal|p1a: Gholdengo|70\/100|[from] item: Leftovers\n|upkeep\n|turn|7\n|\n|t:|1700006436\n|move|p1a: Gholdengo|Recover|p1a: Gholdengo\n|-heal|p1a: Gholdengo|100\/100\n|move|p2a: Misdreavus|Hex|p1a: Gholdengo\n|-supereffective|p1a: Gholdengo\n|-damage|p1a: Gholdengo|64\/100\n|\n|-heal|p1a: Gholdengo|70\/100|[from] item: Leftovers\n|upkeep\n|turn|8\n|\n|t:|1700006438\n|move|p1a: Gholdengo|Recover|p1a: Gholdengo\n|-heal|p1a: Gholdengo|100\/100\n|cant|p2a: Misdreavus|par\n|\n|upkeep\n|turn|9\n|\n|t:|1700006441\n|move|p1a: Gholdengo|Hex|p2a: Misdreavus\n|-supereffective|p2a: Misdreavus\n|-damage|p2a: Misdreavus|0 fnt\n|faint|p2a: Misdreavus\n|\n|upkeep\n|\n|t:|1700006444\n|switch|p2a: Tyranitar|Tyranitar, F|100\/100\n|-weather|Sandstorm|[from] ability: Sand Stream|[of] p2a: Tyranitar\n|turn|10\n|\n|t:|1700006452\n|move|p2a: Tyranitar|Dragon Dance|p2a: Tyranitar\n|-boost|p2a: Tyranitar|atk|1\n|-boost|p2a: Tyranitar|spe|1\n|move|p1a: Gholdengo|Thunder Wave|p2a: Tyranitar\n|-status|p2a: Tyranitar|par\n|\n|-weather|Sandstorm|[upkeep]\n|upkeep\n|turn|11\n|\n|t:|1700006456\n|move|p1a: Gholdengo|Make It Rain|p2a: Tyranitar\n|-supereffective|p2a: Tyranitar\n|-crit|p2a: Tyranitar\n|-damage|p2a: Tyranitar|0 fnt\n|-unboost|p1a: Gholdengo|spa|1\n|faint|p2a: Tyranitar\n|\n|win|EkCantDrawLol\n|n|\u2606EkCantDrawLol|ekcantdrawlol\n|n|\u2606Buzzpeep|buzzpeep\n|n|*Lady Monita \u2746|ladymonita\n|l|*Lady Monita \u2746\n|l|\u2606Buzzpeep\n","uploadtime":1700006676,"views":14,"p1id":"ekcantdrawlol","p2id":"buzzpeep","formatid":"gen9ou","rating":0,"private":0,"password":""}