{"id":"gen9ou-1992200991","p1":"Speedrun2Lobby","p2":"McD's Dollar Menu","format":"[Gen 9] OU","log":"|j|\u2606Speedrun2Lobby\n|j|\u2606McD's Dollar Menu\n|t:|1700163374\n|gametype|singles\n|player|p1|Speedrun2Lobby|101|1651\n|player|p2|McD's Dollar Menu|medium|1558\n|teamsize|p1|6\n|teamsize|p2|6\n|gen|9\n|tier|[Gen 9] OU\n|rated|\n|rule|Sleep Clause Mod: Limit one foe put to sleep\n|rule|Species Clause: Limit one of each Pok\u00e9mon\n|rule|OHKO Clause: OHKO moves are banned\n|rule|Evasion Items Clause: Evasion items are banned\n|rule|Evasion Moves Clause: Evasion moves are banned\n|rule|Endless Battle Clause: Forcing endless battles is banned\n|rule|HP Percentage Mod: HP is shown in percentages\n|clearpoke\n|poke|p1|Iron Valiant|\n|poke|p1|Gholdengo|\n|poke|p1|Great Tusk|\n|poke|p1|Greninja-*, M|\n|poke|p1|Ogerpon-Wellspring, F|\n|poke|p1|Iron Moth|\n|poke|p2|Dragapult, M|\n|poke|p2|Dondozo, F|\n|poke|p2|Great Tusk|\n|poke|p2|Milotic, M|\n|poke|p2|Mandibuzz, F|\n|poke|p2|Skeledirge, M|\n|teampreview\n|inactive|Battle timer is ON: inactive players will automatically lose when time's up. (requested by McD's Dollar Menu)\n|\n|t:|1700163393\n|start\n|switch|p1a: Ogerpon|Ogerpon-Wellspring, F|100\/100\n|switch|p2a: Kendrick Lamar|Dragapult, M, shiny|100\/100\n|turn|1\n|\n|t:|1700163402\n|-terastallize|p1a: Ogerpon|Water\n|detailschange|p1a: Ogerpon|Ogerpon-Wellspring-Tera, F, tera:Water\n|-ability|p1a: Ogerpon|Embody Aspect (Wellspring)|boost\n|-boost|p1a: Ogerpon|spd|1\n|move|p2a: Kendrick Lamar|U-turn|p1a: Ogerpon\n|-damage|p1a: Ogerpon|77\/100\n|\n|t:|1700163417\n|switch|p2a: Nicki Minaj|Mandibuzz, F, shiny|100\/100|[from] U-turn\n|move|p1a: Ogerpon|Knock Off|p2a: Nicki Minaj\n|-resisted|p2a: Nicki Minaj\n|-damage|p2a: Nicki Minaj|89\/100\n|-enditem|p2a: Nicki Minaj|Heavy-Duty Boots|[from] move: Knock Off|[of] p1a: Ogerpon\n|\n|upkeep\n|turn|2\n|\n|t:|1700163430\n|switch|p1a: Iron Moth|Iron Moth|100\/100\n|move|p2a: Nicki Minaj|Foul Play|p1a: Iron Moth\n|-damage|p1a: Iron Moth|72\/100\n|\n|upkeep\n|turn|3\n|\n|t:|1700163435\n|switch|p2a: Slim Shady|Skeledirge, M, shiny|100\/100\n|move|p1a: Iron Moth|Fiery Dance|p2a: Slim Shady\n|-resisted|p2a: Slim Shady\n|-damage|p2a: Slim Shady|85\/100\n|-boost|p1a: Iron Moth|spa|1\n|\n|upkeep\n|turn|4\n|\n|t:|1700163459\n|-end|p1a: Iron Moth|Quark Drive|[silent]\n|switch|p1a: Ogerpon|Ogerpon-Wellspring-Tera, F, tera:Water|77\/100\n|-ability|p1a: Ogerpon|Embody Aspect (Wellspring)|boost\n|-boost|p1a: Ogerpon|spd|1\n|move|p2a: Slim Shady|Torch Song|p1a: Ogerpon\n|-resisted|p1a: Ogerpon\n|-damage|p1a: Ogerpon|60\/100\n|-boost|p2a: Slim Shady|spa|1\n|\n|upkeep\n|turn|5\n|\n|t:|1700163480\n|switch|p2a: Notorious B.I.G.|Dondozo, F, shiny|100\/100\n|move|p1a: Ogerpon|Swords Dance|p1a: Ogerpon\n|-boost|p1a: Ogerpon|atk|2\n|\n|upkeep\n|turn|6\n|\n|t:|1700163485\n|-terastallize|p2a: Notorious B.I.G.|Grass\n|move|p1a: Ogerpon|Horn Leech|p2a: Notorious B.I.G.\n|-resisted|p2a: Notorious B.I.G.\n|-damage|p2a: Notorious B.I.G.|91\/100\n|-heal|p1a: Ogerpon|69\/100|[from] drain|[of] p2a: Notorious B.I.G.\n|move|p2a: Notorious B.I.G.|Body Press|p1a: Ogerpon\n|-damage|p1a: Ogerpon|33\/100\n|\n|upkeep\n|turn|7\n|\n|t:|1700163495\n|switch|p1a: Gholdengo|Gholdengo|100\/100\n|move|p2a: Notorious B.I.G.|Body Press|p1a: Gholdengo\n|-immune|p1a: Gholdengo\n|\n|upkeep\n|turn|8\n|\n|t:|1700163498\n|switch|p2a: Dr. Dre|Milotic, M, shiny|100\/100\n|move|p1a: Gholdengo|Shadow Ball|p2a: Dr. Dre\n|-damage|p2a: Dr. Dre|81\/100\n|-unboost|p2a: Dr. Dre|spd|1\n|\n|-heal|p2a: Dr. Dre|88\/100|[from] item: Leftovers\n|upkeep\n|turn|9\n|\n|t:|1700163504\n|move|p1a: Gholdengo|Shadow Ball|p2a: Dr. Dre\n|-damage|p2a: Dr. Dre|58\/100\n|move|p2a: Dr. Dre|Scald|p1a: Gholdengo\n|-damage|p1a: Gholdengo|74\/100\n|\n|-heal|p1a: Gholdengo|80\/100|[from] item: Leftovers\n|-heal|p2a: Dr. Dre|64\/100|[from] item: Leftovers\n|upkeep\n|turn|10\n|\n|t:|1700163510\n|move|p1a: Gholdengo|Shadow Ball|p2a: Dr. Dre\n|-damage|p2a: Dr. Dre|35\/100\n|move|p2a: Dr. Dre|Mirror Coat|p1a: Gholdengo\n|-damage|p1a: Gholdengo|20\/100\n|\n|-heal|p1a: Gholdengo|26\/100|[from] item: Leftovers\n|-heal|p2a: Dr. Dre|41\/100|[from] item: Leftovers\n|upkeep\n|turn|11\n|\n|t:|1700163513\n|move|p1a: Gholdengo|Recover|p1a: Gholdengo\n|-heal|p1a: Gholdengo|76\/100\n|move|p2a: Dr. Dre|Recover|p2a: Dr. Dre\n|-heal|p2a: Dr. Dre|91\/100\n|\n|-heal|p1a: Gholdengo|82\/100|[from] item: Leftovers\n|-heal|p2a: Dr. Dre|97\/100|[from] item: Leftovers\n|upkeep\n|turn|12\n|\n|t:|1700163521\n|switch|p1a: Iron Moth|Iron Moth|72\/100\n|move|p2a: Dr. Dre|Scald|p1a: Iron Moth\n|-supereffective|p1a: Iron Moth\n|-damage|p1a: Iron Moth|16\/100\n|\n|-heal|p2a: Dr. Dre|100\/100|[from] item: Leftovers\n|upkeep\n|turn|13\n|\n|t:|1700163529\n|switch|p2a: Nicki Minaj|Mandibuzz, F, shiny|89\/100\n|move|p1a: Iron Moth|Energy Ball|p2a: Nicki Minaj\n|-resisted|p2a: Nicki Minaj\n|-damage|p2a: Nicki Minaj|75\/100\n|\n|upkeep\n|turn|14\n|\n|t:|1700163533\n|move|p1a: Iron Moth|Morning Sun|p1a: Iron Moth\n|-heal|p1a: Iron Moth|66\/100\n|move|p2a: Nicki Minaj|Foul Play|p1a: Iron Moth\n|-damage|p1a: Iron Moth|34\/100\n|\n|upkeep\n|turn|15\n|\n|t:|1700163537\n|switch|p2a: Kendrick Lamar|Dragapult, M, shiny|100\/100\n|move|p1a: Iron Moth|Morning Sun|p1a: Iron Moth\n|-heal|p1a: Iron Moth|84\/100\n|\n|upkeep\n|turn|16\n|\n|t:|1700163547\n|move|p2a: Kendrick Lamar|Shadow Ball|p1a: Iron Moth\n|-damage|p1a: Iron Moth|27\/100\n|move|p1a: Iron Moth|Sludge Wave|p2a: Kendrick Lamar\n|-resisted|p2a: Kendrick Lamar\n|-damage|p2a: Kendrick Lamar|68\/100\n|\n|upkeep\n|turn|17\n|\n|t:|1700163551\n|-end|p1a: Iron Moth|Quark Drive|[silent]\n|switch|p1a: Greninja|Greninja, M|100\/100\n|move|p2a: Kendrick Lamar|Shadow Ball|p1a: Greninja\n|-resisted|p1a: Greninja\n|-damage|p1a: Greninja|56\/100\n|\n|upkeep\n|turn|18\n|\n|t:|1700163557\n|switch|p2a: Dr. Dre|Milotic, M, shiny|100\/100\n|move|p1a: Greninja|Dark Pulse|p2a: Dr. Dre\n|-damage|p2a: Dr. Dre|80\/100\n|\n|-heal|p2a: Dr. Dre|86\/100|[from] item: Leftovers\n|upkeep\n|turn|19\n|\n|t:|1700163566\n|switch|p1a: Gholdengo|Gholdengo|82\/100\n|switch|p2a: Nicki Minaj|Mandibuzz, F, shiny|75\/100\n|\n|-heal|p1a: Gholdengo|88\/100|[from] item: Leftovers\n|upkeep\n|turn|20\n|\n|t:|1700163577\n|switch|p1a: Great Tusk|Great Tusk|100\/100\n|move|p2a: Nicki Minaj|Foul Play|p1a: Great Tusk\n|-resisted|p1a: Great Tusk\n|-damage|p1a: Great Tusk|91\/100\n|\n|-heal|p1a: Great Tusk|97\/100|[from] item: Leftovers\n|upkeep\n|turn|21\n|\n|t:|1700163583\n|switch|p2a: Notorious B.I.G.|Dondozo, F, shiny, tera:Grass|91\/100\n|move|p1a: Great Tusk|Stealth Rock|p2a: Notorious B.I.G.\n|-sidestart|p2: McD's Dollar Menu|move: Stealth Rock\n|\n|-heal|p1a: Great Tusk|100\/100|[from] item: Leftovers\n|upkeep\n|turn|22\n|\n|t:|1700163587\n|move|p1a: Great Tusk|Knock Off|p2a: Notorious B.I.G.\n|-damage|p2a: Notorious B.I.G.|78\/100\n|-enditem|p2a: Notorious B.I.G.|Heavy-Duty Boots|[from] move: Knock Off|[of] p1a: Great Tusk\n|move|p2a: Notorious B.I.G.|Body Press|p1a: Great Tusk\n|-crit|p1a: Great Tusk\n|-damage|p1a: Great Tusk|79\/100\n|\n|-heal|p1a: Great Tusk|85\/100|[from] item: Leftovers\n|upkeep\n|turn|23\n|\n|t:|1700163591\n|-end|p1a: Great Tusk|Protosynthesis|[silent]\n|switch|p1a: Gholdengo|Gholdengo|88\/100\n|move|p2a: Notorious B.I.G.|Liquidation|p1a: Gholdengo\n|-damage|p1a: Gholdengo|67\/100\n|\n|-heal|p1a: Gholdengo|73\/100|[from] item: Leftovers\n|upkeep\n|turn|24\n|\n|t:|1700163597\n|switch|p2a: Dr. Dre|Milotic, M, shiny|86\/100\n|-damage|p2a: Dr. Dre|74\/100|[from] Stealth Rock\n|move|p1a: Gholdengo|Shadow Ball|p2a: Dr. Dre\n|-damage|p2a: Dr. Dre|55\/100\n|\n|-heal|p1a: Gholdengo|79\/100|[from] item: Leftovers\n|-heal|p2a: Dr. Dre|61\/100|[from] item: Leftovers\n|upkeep\n|turn|25\n|\n|t:|1700163606\n|switch|p1a: Ogerpon|Ogerpon-Wellspring-Tera, F, tera:Water|33\/100\n|-ability|p1a: Ogerpon|Embody Aspect (Wellspring)|boost\n|-boost|p1a: Ogerpon|spd|1\n|move|p2a: Dr. Dre|Recover|p2a: Dr. Dre\n|-heal|p2a: Dr. Dre|100\/100\n|\n|upkeep\n|turn|26\n|\n|t:|1700163612\n|switch|p2a: Notorious B.I.G.|Dondozo, F, shiny, tera:Grass|78\/100\n|-damage|p2a: Notorious B.I.G.|65\/100|[from] Stealth Rock\n|move|p1a: Ogerpon|Horn Leech|p2a: Notorious B.I.G.\n|-resisted|p2a: Notorious B.I.G.\n|-damage|p2a: Notorious B.I.G.|56\/100\n|-heal|p1a: Ogerpon|41\/100|[from] drain|[of] p2a: Notorious B.I.G.\n|\n|upkeep\n|turn|27\n|\n|t:|1700163620\n|switch|p1a: Gholdengo|Gholdengo|79\/100\n|switch|p2a: Kendrick Lamar|Dragapult, M, shiny|68\/100\n|-damage|p2a: Kendrick Lamar|56\/100|[from] Stealth Rock\n|\n|-heal|p1a: Gholdengo|85\/100|[from] item: Leftovers\n|upkeep\n|turn|28\n|\n|t:|1700163631\n|move|p2a: Kendrick Lamar|Shadow Ball|p1a: Gholdengo\n|-supereffective|p1a: Gholdengo\n|-damage|p1a: Gholdengo|0 fnt\n|faint|p1a: Gholdengo\n|\n|upkeep\n|\n|t:|1700163638\n|switch|p1a: Greninja|Greninja, M|56\/100\n|turn|29\n|\n|t:|1700163646\n|switch|p2a: Nicki Minaj|Mandibuzz, F, shiny|75\/100\n|-damage|p2a: Nicki Minaj|50\/100|[from] Stealth Rock\n|move|p1a: Greninja|Dark Pulse|p2a: Nicki Minaj\n|-resisted|p2a: Nicki Minaj\n|-damage|p2a: Nicki Minaj|36\/100\n|\n|upkeep\n|turn|30\n|\n|t:|1700163652\n|move|p1a: Greninja|Ice Beam|p2a: Nicki Minaj\n|-supereffective|p2a: Nicki Minaj\n|-damage|p2a: Nicki Minaj|0 fnt\n|faint|p2a: Nicki Minaj\n|-ability|p1a: Greninja|Battle Bond|boost\n|-boost|p1a: Greninja|atk|1\n|-boost|p1a: Greninja|spa|1\n|-boost|p1a: Greninja|spe|1\n|-activate|p1a: Greninja|ability: Battle Bond\n|\n|upkeep\n|\n|t:|1700163657\n|switch|p2a: Dr. Dre|Milotic, M, shiny|100\/100\n|-damage|p2a: Dr. Dre|88\/100|[from] Stealth Rock\n|turn|31\n|\n|t:|1700163663\n|move|p1a: Greninja|Gunk Shot|p2a: Dr. Dre\n|-damage|p2a: Dr. Dre|47\/100\n|-status|p2a: Dr. Dre|psn\n|move|p2a: Dr. Dre|Mirror Coat||[still]\n|-fail|p2a: Dr. Dre\n|\n|-heal|p2a: Dr. Dre|54\/100 psn|[from] item: Leftovers\n|-damage|p2a: Dr. Dre|41\/100 psn|[from] psn\n|upkeep\n|turn|32\n|\n|t:|1700163669\n|move|p1a: Greninja|Gunk Shot|p2a: Dr. Dre|[miss]\n|-miss|p1a: Greninja|p2a: Dr. Dre\n|move|p2a: Dr. Dre|Recover|p2a: Dr. Dre\n|-heal|p2a: Dr. Dre|91\/100 psn\n|\n|-heal|p2a: Dr. Dre|97\/100 psn|[from] item: Leftovers\n|-damage|p2a: Dr. Dre|85\/100 psn|[from] psn\n|upkeep\n|turn|33\n|\n|t:|1700163672\n|move|p1a: Greninja|Gunk Shot|p2a: Dr. Dre\n|-damage|p2a: Dr. Dre|60\/100 psn\n|move|p2a: Dr. Dre|Haze|p2a: Dr. Dre\n|-clearallboost\n|\n|-heal|p2a: Dr. Dre|66\/100 psn|[from] item: Leftovers\n|-damage|p2a: Dr. Dre|53\/100 psn|[from] psn\n|upkeep\n|turn|34\n|\n|t:|1700163679\n|move|p1a: Greninja|Dark Pulse|p2a: Dr. Dre\n|-damage|p2a: Dr. Dre|34\/100 psn\n|move|p2a: Dr. Dre|Recover|p2a: Dr. Dre\n|-heal|p2a: Dr. Dre|84\/100 psn\n|\n|-heal|p2a: Dr. Dre|90\/100 psn|[from] item: Leftovers\n|-damage|p2a: Dr. Dre|78\/100 psn|[from] psn\n|upkeep\n|turn|35\n|\n|t:|1700163684\n|switch|p1a: Iron Moth|Iron Moth|27\/100\n|move|p2a: Dr. Dre|Scald|p1a: Iron Moth\n|-supereffective|p1a: Iron Moth\n|-damage|p1a: Iron Moth|0 fnt\n|faint|p1a: Iron Moth\n|-end|p1a: Iron Moth|Quark Drive|[silent]\n|\n|-heal|p2a: Dr. Dre|84\/100 psn|[from] item: Leftovers\n|-damage|p2a: Dr. Dre|72\/100 psn|[from] psn\n|upkeep\n|\n|t:|1700163688\n|switch|p1a: Ogerpon|Ogerpon-Wellspring-Tera, F, tera:Water|41\/100\n|-ability|p1a: Ogerpon|Embody Aspect (Wellspring)|boost\n|-boost|p1a: Ogerpon|spd|1\n|turn|36\n|\n|t:|1700163695\n|switch|p2a: Notorious B.I.G.|Dondozo, F, shiny, tera:Grass|56\/100\n|-damage|p2a: Notorious B.I.G.|44\/100|[from] Stealth Rock\n|move|p1a: Ogerpon|Horn Leech|p2a: Notorious B.I.G.\n|-resisted|p2a: Notorious B.I.G.\n|-damage|p2a: Notorious B.I.G.|34\/100\n|-heal|p1a: Ogerpon|49\/100|[from] drain|[of] p2a: Notorious B.I.G.\n|\n|upkeep\n|turn|37\n|\n|t:|1700163706\n|switch|p1a: Greninja|Greninja, M|56\/100\n|move|p2a: Notorious B.I.G.|Rest|p2a: Notorious B.I.G.\n|-status|p2a: Notorious B.I.G.|slp|[from] move: Rest\n|-heal|p2a: Notorious B.I.G.|100\/100 slp|[silent]\n|\n|upkeep\n|turn|38\n|\n|t:|1700163714\n|switch|p2a: Dr. Dre|Milotic, M, shiny|72\/100 psn\n|-damage|p2a: Dr. Dre|59\/100 psn|[from] Stealth Rock\n|move|p1a: Greninja|Gunk Shot|p2a: Dr. Dre\n|-damage|p2a: Dr. Dre|41\/100 psn\n|\n|-heal|p2a: Dr. Dre|47\/100 psn|[from] item: Leftovers\n|-damage|p2a: Dr. Dre|35\/100 psn|[from] psn\n|upkeep\n|turn|39\n|\n|t:|1700163722\n|switch|p1a: Ogerpon|Ogerpon-Wellspring-Tera, F, tera:Water|49\/100\n|-ability|p1a: Ogerpon|Embody Aspect (Wellspring)|boost\n|-boost|p1a: Ogerpon|spd|1\n|move|p2a: Dr. Dre|Recover|p2a: Dr. Dre\n|-heal|p2a: Dr. Dre|85\/100 psn\n|\n|-heal|p2a: Dr. Dre|91\/100 psn|[from] item: Leftovers\n|-damage|p2a: Dr. Dre|78\/100 psn|[from] psn\n|upkeep\n|turn|40\n|\n|t:|1700163728\n|switch|p2a: Notorious B.I.G.|Dondozo, F, shiny, tera:Grass|100\/100 slp\n|-damage|p2a: Notorious B.I.G.|88\/100 slp|[from] Stealth Rock\n|move|p1a: Ogerpon|Horn Leech|p2a: Notorious B.I.G.\n|-resisted|p2a: Notorious B.I.G.\n|-damage|p2a: Notorious B.I.G.|79\/100 slp\n|-heal|p1a: Ogerpon|57\/100|[from] drain|[of] p2a: Notorious B.I.G.\n|\n|upkeep\n|turn|41\n|\n|t:|1700163732\n|switch|p1a: Greninja|Greninja, M|56\/100\n|cant|p2a: Notorious B.I.G.|slp\n|move|p2a: Notorious B.I.G.|Sleep Talk|p2a: Notorious B.I.G.\n|move|p2a: Notorious B.I.G.|Rest||[from]move: Sleep Talk|[still]\n|-fail|p2a: Notorious B.I.G.\n|\n|upkeep\n|turn|42\n|\n|t:|1700163742\n|switch|p2a: Dr. Dre|Milotic, M, shiny|78\/100 psn\n|-damage|p2a: Dr. Dre|66\/100 psn|[from] Stealth Rock\n|move|p1a: Greninja|Ice Beam|p2a: Dr. Dre\n|-resisted|p2a: Dr. Dre\n|-damage|p2a: Dr. Dre|58\/100 psn\n|\n|-heal|p2a: Dr. Dre|64\/100 psn|[from] item: Leftovers\n|-damage|p2a: Dr. Dre|52\/100 psn|[from] psn\n|upkeep\n|turn|43\n|\n|t:|1700163750\n|move|p1a: Greninja|Gunk Shot|p2a: Dr. Dre\n|-damage|p2a: Dr. Dre|33\/100 psn\n|move|p2a: Dr. Dre|Recover|p2a: Dr. Dre\n|-heal|p2a: Dr. Dre|83\/100 psn\n|\n|-heal|p2a: Dr. Dre|90\/100 psn|[from] item: Leftovers\n|-damage|p2a: Dr. Dre|77\/100 psn|[from] psn\n|upkeep\n|turn|44\n|\n|t:|1700163758\n|move|p1a: Greninja|Dark Pulse|p2a: Dr. Dre\n|-damage|p2a: Dr. Dre|57\/100 psn\n|cant|p2a: Dr. Dre|flinch\n|\n|-heal|p2a: Dr. Dre|63\/100 psn|[from] item: Leftovers\n|-damage|p2a: Dr. Dre|51\/100 psn|[from] psn\n|upkeep\n|turn|45\n|\n|t:|1700163763\n|switch|p1a: Ogerpon|Ogerpon-Wellspring-Tera, F, tera:Water|57\/100\n|-ability|p1a: Ogerpon|Embody Aspect (Wellspring)|boost\n|-boost|p1a: Ogerpon|spd|1\n|move|p2a: Dr. Dre|Recover|p2a: Dr. Dre\n|-heal|p2a: Dr. Dre|100\/100 psn\n|\n|-damage|p2a: Dr. Dre|88\/100 psn|[from] psn\n|upkeep\n|turn|46\n|\n|t:|1700163766\n|switch|p2a: Notorious B.I.G.|Dondozo, F, shiny, tera:Grass|79\/100 slp\n|-damage|p2a: Notorious B.I.G.|66\/100 slp|[from] Stealth Rock\n|move|p1a: Ogerpon|Horn Leech|p2a: Notorious B.I.G.\n|-resisted|p2a: Notorious B.I.G.\n|-damage|p2a: Notorious B.I.G.|57\/100 slp\n|-heal|p1a: Ogerpon|65\/100|[from] drain|[of] p2a: Notorious B.I.G.\n|\n|upkeep\n|turn|47\n|\n|t:|1700163776\n|switch|p1a: Greninja|Greninja, M|56\/100\n|cant|p2a: Notorious B.I.G.|slp\n|move|p2a: Notorious B.I.G.|Sleep Talk|p2a: Notorious B.I.G.\n|move|p2a: Notorious B.I.G.|Rest||[from]move: Sleep Talk|[still]\n|-fail|p2a: Notorious B.I.G.\n|\n|upkeep\n|turn|48\n|\n|t:|1700163790\n|switch|p2a: Dr. Dre|Milotic, M, shiny|88\/100 psn\n|-damage|p2a: Dr. Dre|76\/100 psn|[from] Stealth Rock\n|move|p1a: Greninja|Gunk Shot|p2a: Dr. Dre\n|-damage|p2a: Dr. Dre|57\/100 psn\n|\n|-heal|p2a: Dr. Dre|63\/100 psn|[from] item: Leftovers\n|-damage|p2a: Dr. Dre|51\/100 psn|[from] psn\n|upkeep\n|turn|49\n|\n|t:|1700163794\n|switch|p1a: Ogerpon|Ogerpon-Wellspring-Tera, F, tera:Water|65\/100\n|-ability|p1a: Ogerpon|Embody Aspect (Wellspring)|boost\n|-boost|p1a: Ogerpon|spd|1\n|move|p2a: Dr. Dre|Recover|p2a: Dr. Dre\n|-heal|p2a: Dr. Dre|100\/100 psn\n|\n|-damage|p2a: Dr. Dre|88\/100 psn|[from] psn\n|upkeep\n|turn|50\n|\n|t:|1700163804\n|switch|p2a: Notorious B.I.G.|Dondozo, F, shiny, tera:Grass|57\/100 slp\n|-damage|p2a: Notorious B.I.G.|44\/100 slp|[from] Stealth Rock\n|move|p1a: Ogerpon|Knock Off|p2a: Notorious B.I.G.\n|-damage|p2a: Notorious B.I.G.|32\/100 slp\n|\n|upkeep\n|turn|51\n|\n|t:|1700163820\n|move|p1a: Ogerpon|Horn Leech|p2a: Notorious B.I.G.\n|-resisted|p2a: Notorious B.I.G.\n|-damage|p2a: Notorious B.I.G.|22\/100 slp\n|-heal|p1a: Ogerpon|74\/100|[from] drain|[of] p2a: Notorious B.I.G.\n|-curestatus|p2a: Notorious B.I.G.|slp|[msg]\n|move|p2a: Notorious B.I.G.|Body Press|p1a: Ogerpon\n|-damage|p1a: Ogerpon|39\/100\n|\n|upkeep\n|turn|52\n|\n|t:|1700163826\n|switch|p1a: Greninja|Greninja, M|56\/100\n|move|p2a: Notorious B.I.G.|Rest|p2a: Notorious B.I.G.\n|-status|p2a: Notorious B.I.G.|slp|[from] move: Rest\n|-heal|p2a: Notorious B.I.G.|100\/100 slp|[silent]\n|\n|upkeep\n|turn|53\n|\n|t:|1700163834\n|switch|p2a: Dr. Dre|Milotic, M, shiny|88\/100 psn\n|-damage|p2a: Dr. Dre|76\/100 psn|[from] Stealth Rock\n|move|p1a: Greninja|Dark Pulse|p2a: Dr. Dre\n|-damage|p2a: Dr. Dre|57\/100 psn\n|\n|-heal|p2a: Dr. Dre|63\/100 psn|[from] item: Leftovers\n|-damage|p2a: Dr. Dre|51\/100 psn|[from] psn\n|upkeep\n|turn|54\n|\n|t:|1700163841\n|move|p1a: Greninja|Gunk Shot|p2a: Dr. Dre\n|-damage|p2a: Dr. Dre|35\/100 psn\n|move|p2a: Dr. Dre|Scald|p1a: Greninja\n|-resisted|p1a: Greninja\n|-crit|p1a: Greninja\n|-damage|p1a: Greninja|20\/100\n|\n|-heal|p2a: Dr. Dre|41\/100 psn|[from] item: Leftovers\n|-damage|p2a: Dr. Dre|29\/100 psn|[from] psn\n|upkeep\n|turn|55\n|\n|t:|1700163850\n|switch|p1a: Ogerpon|Ogerpon-Wellspring-Tera, F, tera:Water|39\/100\n|-ability|p1a: Ogerpon|Embody Aspect (Wellspring)|boost\n|-boost|p1a: Ogerpon|spd|1\n|move|p2a: Dr. Dre|Mirror Coat||[still]\n|-fail|p2a: Dr. Dre\n|\n|-heal|p2a: Dr. Dre|35\/100 psn|[from] item: Leftovers\n|-damage|p2a: Dr. Dre|22\/100 psn|[from] psn\n|upkeep\n|turn|56\n|\n|t:|1700163857\n|switch|p2a: Notorious B.I.G.|Dondozo, F, shiny, tera:Grass|100\/100 slp\n|-damage|p2a: Notorious B.I.G.|88\/100 slp|[from] Stealth Rock\n|move|p1a: Ogerpon|Horn Leech|p2a: Notorious B.I.G.\n|-resisted|p2a: Notorious B.I.G.\n|-damage|p2a: Notorious B.I.G.|79\/100 slp\n|-heal|p1a: Ogerpon|47\/100|[from] drain|[of] p2a: Notorious B.I.G.\n|\n|upkeep\n|turn|57\n|\n|t:|1700163862\n|switch|p1a: Greninja|Greninja, M|20\/100\n|cant|p2a: Notorious B.I.G.|slp\n|move|p2a: Notorious B.I.G.|Sleep Talk|p2a: Notorious B.I.G.\n|move|p2a: Notorious B.I.G.|Liquidation|p1a: Greninja|[from]move: Sleep Talk\n|-resisted|p1a: Greninja\n|-damage|p1a: Greninja|0 fnt\n|faint|p1a: Greninja\n|\n|upkeep\n|\n|t:|1700163868\n|switch|p1a: Iron Valiant|Iron Valiant|100\/100\n|-enditem|p1a: Iron Valiant|Booster Energy\n|-activate|p1a: Iron Valiant|ability: Quark Drive|[fromitem]\n|-start|p1a: Iron Valiant|quarkdrivespe\n|turn|58\n|\n|t:|1700163874\n|switch|p2a: Slim Shady|Skeledirge, M, shiny|85\/100\n|move|p1a: Iron Valiant|Calm Mind|p1a: Iron Valiant\n|-boost|p1a: Iron Valiant|spa|1\n|-boost|p1a: Iron Valiant|spd|1\n|\n|upkeep\n|turn|59\n|\n|t:|1700163886\n|move|p1a: Iron Valiant|Psyshock|p2a: Slim Shady\n|-damage|p2a: Slim Shady|62\/100\n|move|p2a: Slim Shady|Will-O-Wisp|p1a: Iron Valiant\n|-status|p1a: Iron Valiant|brn\n|\n|-damage|p1a: Iron Valiant|94\/100 brn|[from] brn\n|upkeep\n|turn|60\n|\n|t:|1700163893\n|move|p1a: Iron Valiant|Thunderbolt|p2a: Slim Shady\n|-crit|p2a: Slim Shady\n|-damage|p2a: Slim Shady|30\/100\n|move|p2a: Slim Shady|Slack Off|p2a: Slim Shady\n|-heal|p2a: Slim Shady|80\/100\n|\n|-damage|p1a: Iron Valiant|88\/100 brn|[from] brn\n|upkeep\n|turn|61\n|\n|t:|1700163898\n|move|p1a: Iron Valiant|Moonblast|p2a: Slim Shady\n|-resisted|p2a: Slim Shady\n|-damage|p2a: Slim Shady|64\/100\n|-unboost|p2a: Slim Shady|spa|1\n|move|p2a: Slim Shady|Torch Song|p1a: Iron Valiant\n|-damage|p1a: Iron Valiant|52\/100 brn\n|-boost|p2a: Slim Shady|spa|1\n|\n|-damage|p1a: Iron Valiant|46\/100 brn|[from] brn\n|upkeep\n|turn|62\n|\n|t:|1700163903\n|move|p1a: Iron Valiant|Thunderbolt|p2a: Slim Shady\n|-damage|p2a: Slim Shady|41\/100\n|move|p2a: Slim Shady|Slack Off|p2a: Slim Shady\n|-heal|p2a: Slim Shady|91\/100\n|\n|-damage|p1a: Iron Valiant|40\/100 brn|[from] brn\n|upkeep\n|turn|63\n|\n|t:|1700163910\n|-end|p1a: Iron Valiant|Quark Drive|[silent]\n|switch|p1a: Ogerpon|Ogerpon-Wellspring-Tera, F, tera:Water|47\/100\n|-ability|p1a: Ogerpon|Embody Aspect (Wellspring)|boost\n|-boost|p1a: Ogerpon|spd|1\n|move|p2a: Slim Shady|Torch Song|p1a: Ogerpon\n|-resisted|p1a: Ogerpon\n|-crit|p1a: Ogerpon\n|-damage|p1a: Ogerpon|21\/100\n|-boost|p2a: Slim Shady|spa|1\n|\n|upkeep\n|turn|64\n|\n|t:|1700163921\n|switch|p2a: Dr. Dre|Milotic, M, shiny|22\/100 psn\n|-damage|p2a: Dr. Dre|10\/100 psn|[from] Stealth Rock\n|move|p1a: Ogerpon|Horn Leech|p2a: Dr. Dre\n|-supereffective|p2a: Dr. Dre\n|-damage|p2a: Dr. Dre|0 fnt\n|-heal|p1a: Ogerpon|28\/100|[from] drain|[of] p2a: Dr. Dre\n|faint|p2a: Dr. Dre\n|\n|upkeep\n|\n|t:|1700163924\n|switch|p2a: Kendrick Lamar|Dragapult, M, shiny|56\/100\n|-damage|p2a: Kendrick Lamar|43\/100|[from] Stealth Rock\n|turn|65\n|\n|t:|1700163932\n|move|p2a: Kendrick Lamar|Shadow Ball|p1a: Ogerpon\n|-damage|p1a: Ogerpon|0 fnt\n|faint|p1a: Ogerpon\n|\n|upkeep\n|\n|t:|1700163934\n|switch|p1a: Iron Valiant|Iron Valiant|40\/100 brn\n|turn|66\n|c|\u2606McD's Dollar Menu|gg\n|c|\u2606Speedrun2Lobby|gg wp\n|\n|t:|1700163939\n|move|p2a: Kendrick Lamar|Shadow Ball|p1a: Iron Valiant\n|-damage|p1a: Iron Valiant|0 fnt\n|faint|p1a: Iron Valiant\n|-end|p1a: Iron Valiant|Quark Drive|[silent]\n|\n|upkeep\n|-message|Speedrun2Lobby forfeited.\n|\n|win|McD's Dollar Menu\n|raw|Speedrun2Lobby's rating: 1651 &rarr; <strong>1626<\/strong><br \/>(-25 for losing)\n|raw|McD&apos;s Dollar Menu's rating: 1558 &rarr; <strong>1583<\/strong><br \/>(+25 for winning)\n|l|\u2606Speedrun2Lobby\n|c|\u2606McD's Dollar Menu|u2 mate\n","uploadtime":1700163956,"views":13,"p1id":"speedrun2lobby","p2id":"mcdsdollarmenu","formatid":"gen9ou","rating":1583,"private":0,"password":""}