{"id":"gen9ou-1993568086","p1":"maxdutt67","p2":"TheNutmeg33","format":"[Gen 9] OU","log":"|j|\u2606maxdutt67\n|j|\u2606TheNutmeg33\n|t:|1700332655\n|gametype|singles\n|player|p1|maxdutt67|169|1412\n|player|p2|TheNutmeg33|101|1535\n|teamsize|p1|6\n|teamsize|p2|6\n|gen|9\n|tier|[Gen 9] OU\n|rated|\n|rule|Sleep Clause Mod: Limit one foe put to sleep\n|rule|Species Clause: Limit one of each Pok\u00e9mon\n|rule|OHKO Clause: OHKO moves are banned\n|rule|Evasion Items Clause: Evasion items are banned\n|rule|Evasion Moves Clause: Evasion moves are banned\n|rule|Endless Battle Clause: Forcing endless battles is banned\n|rule|HP Percentage Mod: HP is shown in percentages\n|clearpoke\n|poke|p1|Enamorus, F|\n|poke|p1|Ogerpon-Wellspring, F|\n|poke|p1|Dragapult, F|\n|poke|p1|Iron Treads|\n|poke|p1|Clefable, F|\n|poke|p1|Skeledirge, M|\n|poke|p2|Iron Moth|\n|poke|p2|Great Tusk|\n|poke|p2|Ceruledge, M|\n|poke|p2|Garganacl, M|\n|poke|p2|Clodsire, F|\n|poke|p2|Corviknight, M|\n|teampreview\n|inactive|Battle timer is ON: inactive players will automatically lose when time's up. (requested by TheNutmeg33)\n|\n|t:|1700332662\n|start\n|switch|p1a: Iron Treads|Iron Treads|100\/100\n|switch|p2a: Garganacl|Garganacl, M, shiny|100\/100\n|-enditem|p1a: Iron Treads|Booster Energy\n|-activate|p1a: Iron Treads|ability: Quark Drive|[fromitem]\n|-start|p1a: Iron Treads|quarkdrivespe\n|turn|1\n|\n|t:|1700332669\n|-terastallize|p2a: Garganacl|Ghost\n|move|p1a: Iron Treads|Stealth Rock|p2a: Garganacl\n|-sidestart|p2: TheNutmeg33|move: Stealth Rock\n|move|p2a: Garganacl|Salt Cure|p1a: Iron Treads\n|-resisted|p1a: Iron Treads\n|-damage|p1a: Iron Treads|98\/100\n|-start|p1a: Iron Treads|Salt Cure\n|\n|-damage|p1a: Iron Treads|73\/100|[from] Salt Cure\n|upkeep\n|turn|2\n|\n|t:|1700332674\n|move|p2a: Garganacl|Protect|p2a: Garganacl\n|-singleturn|p2a: Garganacl|Protect\n|move|p1a: Iron Treads|Volt Switch|p2a: Garganacl\n|-activate|p2a: Garganacl|move: Protect\n|\n|-damage|p1a: Iron Treads|48\/100|[from] Salt Cure\n|upkeep\n|turn|3\n|\n|t:|1700332681\n|move|p1a: Iron Treads|Volt Switch|p2a: Garganacl\n|-damage|p2a: Garganacl|92\/100\n|\n|t:|1700332685\n|-end|p1a: Iron Treads|Quark Drive|[silent]\n|switch|p1a: Skeledirge|Skeledirge, M|100\/100|[from] Volt Switch\n|move|p2a: Garganacl|Stealth Rock|p1a: Skeledirge\n|-sidestart|p1: maxdutt67|move: Stealth Rock\n|\n|-heal|p2a: Garganacl|98\/100|[from] item: Leftovers\n|upkeep\n|turn|4\n|\n|t:|1700332691\n|move|p1a: Skeledirge|Shadow Ball|p2a: Garganacl\n|-supereffective|p2a: Garganacl\n|-damage|p2a: Garganacl|73\/100\n|move|p2a: Garganacl|Salt Cure|p1a: Skeledirge\n|-supereffective|p1a: Skeledirge\n|-damage|p1a: Skeledirge|84\/100\n|-start|p1a: Skeledirge|Salt Cure\n|\n|-heal|p2a: Garganacl|79\/100|[from] item: Leftovers\n|-damage|p1a: Skeledirge|72\/100|[from] Salt Cure\n|upkeep\n|turn|5\n|\n|t:|1700332700\n|move|p1a: Skeledirge|Torch Song|p2a: Garganacl\n|-damage|p2a: Garganacl|55\/100\n|-boost|p1a: Skeledirge|spa|1\n|move|p2a: Garganacl|Salt Cure|p1a: Skeledirge\n|-supereffective|p1a: Skeledirge\n|-damage|p1a: Skeledirge|53\/100\n|\n|-heal|p2a: Garganacl|61\/100|[from] item: Leftovers\n|-damage|p1a: Skeledirge|40\/100|[from] Salt Cure\n|upkeep\n|turn|6\n|\n|t:|1700332705\n|move|p1a: Skeledirge|Slack Off|p1a: Skeledirge\n|-heal|p1a: Skeledirge|90\/100\n|move|p2a: Garganacl|Recover|p2a: Garganacl\n|-heal|p2a: Garganacl|100\/100\n|\n|-damage|p1a: Skeledirge|78\/100|[from] Salt Cure\n|upkeep\n|turn|7\n|\n|t:|1700332710\n|switch|p2a: Clodsire|Clodsire, F, shiny|100\/100\n|-damage|p2a: Clodsire|94\/100|[from] Stealth Rock\n|move|p1a: Skeledirge|Torch Song|p2a: Clodsire\n|-damage|p2a: Clodsire|71\/100\n|-boost|p1a: Skeledirge|spa|1\n|\n|-heal|p2a: Clodsire|77\/100|[from] item: Black Sludge\n|-damage|p1a: Skeledirge|66\/100|[from] Salt Cure\n|upkeep\n|turn|8\n|\n|t:|1700332714\n|move|p1a: Skeledirge|Slack Off|p1a: Skeledirge\n|-heal|p1a: Skeledirge|100\/100\n|move|p2a: Clodsire|Toxic|p1a: Skeledirge\n|-status|p1a: Skeledirge|tox\n|\n|-heal|p2a: Clodsire|83\/100|[from] item: Black Sludge\n|-damage|p1a: Skeledirge|94\/100 tox|[from] psn\n|-damage|p1a: Skeledirge|82\/100 tox|[from] Salt Cure\n|upkeep\n|turn|9\n|\n|t:|1700332718\n|move|p1a: Skeledirge|Shadow Ball|p2a: Clodsire\n|-damage|p2a: Clodsire|52\/100\n|move|p2a: Clodsire|Spikes|p1a: Skeledirge\n|-sidestart|p1: maxdutt67|Spikes\n|\n|-heal|p2a: Clodsire|58\/100|[from] item: Black Sludge\n|-damage|p1a: Skeledirge|70\/100 tox|[from] psn\n|-damage|p1a: Skeledirge|58\/100 tox|[from] Salt Cure\n|upkeep\n|turn|10\n|\n|t:|1700332722\n|move|p1a: Skeledirge|Torch Song|p2a: Clodsire\n|-damage|p2a: Clodsire|25\/100\n|-boost|p1a: Skeledirge|spa|1\n|move|p2a: Clodsire|Recover|p2a: Clodsire\n|-heal|p2a: Clodsire|75\/100\n|\n|-heal|p2a: Clodsire|81\/100|[from] item: Black Sludge\n|-damage|p1a: Skeledirge|39\/100 tox|[from] psn\n|-damage|p1a: Skeledirge|27\/100 tox|[from] Salt Cure\n|upkeep\n|turn|11\n|\n|t:|1700332725\n|move|p1a: Skeledirge|Slack Off|p1a: Skeledirge\n|-heal|p1a: Skeledirge|77\/100 tox\n|move|p2a: Clodsire|Recover|p2a: Clodsire\n|-heal|p2a: Clodsire|100\/100\n|\n|-damage|p1a: Skeledirge|53\/100 tox|[from] psn\n|-damage|p1a: Skeledirge|40\/100 tox|[from] Salt Cure\n|upkeep\n|turn|12\n|\n|t:|1700332727\n|move|p1a: Skeledirge|Shadow Ball|p2a: Clodsire\n|-damage|p2a: Clodsire|63\/100\n|move|p2a: Clodsire|Spikes|p1a: Skeledirge\n|-sidestart|p1: maxdutt67|Spikes\n|\n|-heal|p2a: Clodsire|69\/100|[from] item: Black Sludge\n|-damage|p1a: Skeledirge|10\/100 tox|[from] psn\n|-damage|p1a: Skeledirge|0 fnt|[from] Salt Cure\n|faint|p1a: Skeledirge\n|upkeep\n|\n|t:|1700332730\n|switch|p1a: Ogerpon|Ogerpon-Wellspring, F|100\/100\n|-damage|p1a: Ogerpon|88\/100|[from] Stealth Rock\n|-damage|p1a: Ogerpon|72\/100|[from] Spikes\n|turn|13\n|\n|t:|1700332738\n|-terastallize|p1a: Ogerpon|Water\n|detailschange|p1a: Ogerpon|Ogerpon-Wellspring-Tera, F, tera:Water\n|-ability|p1a: Ogerpon|Embody Aspect (Wellspring)|boost\n|-boost|p1a: Ogerpon|spd|1\n|move|p1a: Ogerpon|Swords Dance|p1a: Ogerpon\n|-boost|p1a: Ogerpon|atk|2\n|move|p2a: Clodsire|Toxic|p1a: Ogerpon\n|-status|p1a: Ogerpon|tox\n|\n|-heal|p2a: Clodsire|75\/100|[from] item: Black Sludge\n|-damage|p1a: Ogerpon|66\/100 tox|[from] psn\n|upkeep\n|turn|14\n|\n|t:|1700332746\n|move|p1a: Ogerpon|Ivy Cudgel|p2a: Clodsire|[anim] Ivy Cudgel Water\n|-heal|p2a: Clodsire|99\/100|[from] ability: Water Absorb|[of] p1a: Ogerpon\n|move|p2a: Clodsire|Earthquake|p1a: Ogerpon\n|-damage|p1a: Ogerpon|29\/100 tox\n|\n|-heal|p2a: Clodsire|100\/100|[from] item: Black Sludge\n|-damage|p1a: Ogerpon|17\/100 tox|[from] psn\n|upkeep\n|turn|15\n|-message|maxdutt67 forfeited.\n|\n|win|TheNutmeg33\n|raw|maxdutt67's rating: 1412 &rarr; <strong>1399<\/strong><br \/>(-13 for losing)\n|raw|TheNutmeg33's rating: 1535 &rarr; <strong>1548<\/strong><br \/>(+13 for winning)\n|l|\u2606maxdutt67\n","uploadtime":1700332770,"views":22,"p1id":"maxdutt67","p2id":"thenutmeg33","formatid":"gen9ou","rating":1399,"private":0,"password":""}