{"id":"gen9ou-1997705777","p1":"HEAVY-DUTY B0OTY","p2":"Abubakrcl7","format":"[Gen 9] OU","log":"|j|\u2606HEAVY-DUTY B0OTY\n|j|\u2606Abubakrcl7\n|inactive|Battle timer is ON: inactive players will automatically lose when time's up.\n|t:|1700843876\n|gametype|singles\n|player|p1|HEAVY-DUTY B0OTY|swimmerf-gen6|\n|player|p2|Abubakrcl7|red|\n|teamsize|p1|3\n|teamsize|p2|3\n|gen|9\n|tier|[Gen 9] OU\n|rated|Tournament battle\n|rule|Sleep Clause Mod: Limit one foe put to sleep\n|rule|Species Clause: Limit one of each Pok\u00e9mon\n|rule|OHKO Clause: OHKO moves are banned\n|rule|Evasion Items Clause: Evasion items are banned\n|rule|Evasion Moves Clause: Evasion moves are banned\n|rule|Endless Battle Clause: Forcing endless battles is banned\n|rule|HP Percentage Mod: HP is shown in percentages\n|clearpoke\n|poke|p1|Fraxure, F|\n|poke|p1|Florges, F|\n|poke|p1|Skeledirge, F|\n|poke|p2|Quaquaval, M|\n|poke|p2|Stantler, M|\n|poke|p2|Murkrow, M|\n|teampreview\n|j|*Lady Monita \u2746\n|c|\u2606Abubakrcl7|glhf\n|j| poketough\n|c|\u2606HEAVY-DUTY B0OTY|hf\n|j| Piccolodaimaojr\n|j| zacianboi101\n|c|\u2606Abubakrcl7|oh starter battle\n|c| zacianboi101|bruv\n|c|\u2606HEAVY-DUTY B0OTY|oh tru\n|inactive|HEAVY-DUTY B0OTY has 120 seconds left.\n|j| bello figo burger\n|c| zacianboi101|how does everyone have fully evolved pokemons\n|\n|t:|1700843910\n|start\n|switch|p1a: Florges|Florges, F|100\/100\n|switch|p2a: Stantler|Stantler, M, shiny|100\/100\n|-ability|p2a: Stantler|Intimidate|boost\n|-unboost|p1a: Florges|atk|1\n|turn|1\n|\n|t:|1700843920\n|move|p2a: Stantler|Light Screen|p2a: Stantler\n|-sidestart|p2: Abubakrcl7|move: Light Screen\n|move|p1a: Florges|Calm Mind|p1a: Florges\n|-boost|p1a: Florges|spa|1\n|-boost|p1a: Florges|spd|1\n|\n|upkeep\n|turn|2\n|l| Piccolodaimaojr\n|\n|t:|1700843923\n|move|p2a: Stantler|Reflect|p2a: Stantler\n|-sidestart|p2: Abubakrcl7|Reflect\n|move|p1a: Florges|Moonblast|p2a: Stantler\n|-damage|p2a: Stantler|70\/100\n|-unboost|p2a: Stantler|spa|1\n|\n|upkeep\n|turn|3\n|\n|t:|1700843927\n|move|p2a: Stantler|Thunder Wave|p1a: Florges\n|-status|p1a: Florges|par\n|cant|p1a: Florges|par\n|\n|upkeep\n|turn|4\n|\n|t:|1700843932\n|switch|p2a: Murkrow|Murkrow, M|100\/100\n|move|p1a: Florges|Moonblast|p2a: Murkrow\n|-supereffective|p2a: Murkrow\n|-damage|p2a: Murkrow|49\/100\n|\n|upkeep\n|turn|5\n|\n|t:|1700843935\n|move|p2a: Murkrow|Haze|p2a: Murkrow\n|-clearallboost\n|cant|p1a: Florges|par\n|\n|upkeep\n|turn|6\n|\n|t:|1700843939\n|move|p2a: Murkrow|Taunt|p1a: Florges\n|-start|p1a: Florges|move: Taunt\n|cant|p1a: Florges|move: Taunt|Calm Mind\n|\n|upkeep\n|turn|7\n|c| zacianboi101|i had a fucking grookey\n|\n|t:|1700843946\n|move|p2a: Murkrow|Foul Play|p1a: Florges\n|-resisted|p1a: Florges\n|-damage|p1a: Florges|93\/100 par\n|move|p1a: Florges|Moonblast|p2a: Murkrow\n|-supereffective|p2a: Murkrow\n|-damage|p2a: Murkrow|13\/100\n|\n|-heal|p1a: Florges|99\/100 par|[from] item: Leftovers\n|upkeep\n|turn|8\n|\n|t:|1700843950\n|move|p2a: Murkrow|Foul Play|p1a: Florges\n|-resisted|p1a: Florges\n|-damage|p1a: Florges|92\/100 par\n|move|p1a: Florges|Stored Power|p2a: Murkrow\n|-immune|p2a: Murkrow\n|\n|-heal|p1a: Florges|98\/100 par|[from] item: Leftovers\n|-end|p1a: Florges|move: Taunt\n|-sideend|p2: Abubakrcl7|move: Light Screen\n|upkeep\n|turn|9\n|\n|t:|1700843957\n|move|p2a: Murkrow|Taunt|p1a: Florges\n|-start|p1a: Florges|move: Taunt\n|move|p1a: Florges|Moonblast|p2a: Murkrow\n|-supereffective|p2a: Murkrow\n|-damage|p2a: Murkrow|0 fnt\n|faint|p2a: Murkrow\n|\n|-heal|p1a: Florges|100\/100 par|[from] item: Leftovers\n|-sideend|p2: Abubakrcl7|Reflect\n|upkeep\n|\n|t:|1700843961\n|switch|p2a: Stantler|Stantler, M, shiny|70\/100\n|-ability|p2a: Stantler|Intimidate|boost\n|-unboost|p1a: Florges|atk|1\n|turn|10\n|\n|t:|1700843986\n|move|p2a: Stantler|Light Screen|p2a: Stantler\n|-sidestart|p2: Abubakrcl7|move: Light Screen\n|move|p1a: Florges|Moonblast|p2a: Stantler\n|-damage|p2a: Stantler|50\/100\n|\n|upkeep\n|turn|11\n|\n|t:|1700843989\n|move|p2a: Stantler|Reflect|p2a: Stantler\n|-sidestart|p2: Abubakrcl7|Reflect\n|move|p1a: Florges|Moonblast|p2a: Stantler\n|-damage|p2a: Stantler|27\/100\n|\n|-end|p1a: Florges|move: Taunt\n|upkeep\n|turn|12\n|l| bello figo burger\n|\n|t:|1700843993\n|switch|p2a: Quaquaval|Quaquaval, M, shiny|100\/100\n|move|p1a: Florges|Calm Mind|p1a: Florges\n|-boost|p1a: Florges|spa|1\n|-boost|p1a: Florges|spd|1\n|\n|upkeep\n|turn|13\n|\n|t:|1700843996\n|move|p2a: Quaquaval|Swords Dance|p2a: Quaquaval\n|-boost|p2a: Quaquaval|atk|2\n|move|p1a: Florges|Moonblast|p2a: Quaquaval\n|-supereffective|p2a: Quaquaval\n|-damage|p2a: Quaquaval|22\/100\n|-unboost|p2a: Quaquaval|spa|1\n|-enditem|p2a: Quaquaval|Sitrus Berry|[eat]\n|-heal|p2a: Quaquaval|47\/100|[from] item: Sitrus Berry\n|\n|upkeep\n|turn|14\n|\n|t:|1700844001\n|-terastallize|p2a: Quaquaval|Flying\n|move|p2a: Quaquaval|Brave Bird|p1a: Florges\n|-damage|p1a: Florges|0 fnt\n|faint|p1a: Florges\n|-ability|p2a: Quaquaval|Moxie|boost\n|-boost|p2a: Quaquaval|atk|1\n|-damage|p2a: Quaquaval|9\/100|[from] Recoil\n|\n|upkeep\n|c|\u2606Abubakrcl7|gg\n|\n|t:|1700844007\n|switch|p1a: Fraxure|Fraxure, F|100\/100\n|-ability|p1a: Fraxure|Mold Breaker\n|turn|15\n|c|\u2606Abubakrcl7|I lose\n|\n|t:|1700844012\n|switch|p2a: Stantler|Stantler, M, shiny|27\/100\n|-ability|p2a: Stantler|Intimidate|boost\n|-unboost|p1a: Fraxure|atk|1\n|move|p1a: Fraxure|First Impression|p2a: Stantler\n|-damage|p2a: Stantler|14\/100\n|\n|upkeep\n|turn|16\n|\n|t:|1700844016\n|move|p1a: Fraxure|Dragon Dance|p1a: Fraxure\n|-boost|p1a: Fraxure|atk|1\n|-boost|p1a: Fraxure|spe|1\n|move|p2a: Stantler|Thunder Wave|p1a: Fraxure\n|-status|p1a: Fraxure|par\n|\n|upkeep\n|turn|17\n|\n|t:|1700844020\n|move|p2a: Stantler|Psyshield Bash|p1a: Fraxure\n|-damage|p1a: Fraxure|72\/100 par\n|-boost|p2a: Stantler|def|1\n|cant|p1a: Fraxure|par\n|\n|-sideend|p2: Abubakrcl7|move: Light Screen\n|upkeep\n|turn|18\n|\n|t:|1700844025\n|move|p2a: Stantler|Light Screen|p2a: Stantler\n|-sidestart|p2: Abubakrcl7|move: Light Screen\n|move|p1a: Fraxure|Dragon Dance|p1a: Fraxure\n|-boost|p1a: Fraxure|atk|1\n|-boost|p1a: Fraxure|spe|1\n|\n|-sideend|p2: Abubakrcl7|Reflect\n|upkeep\n|turn|19\n|\n|t:|1700844029\n|cant|p1a: Fraxure|par\n|move|p2a: Stantler|Reflect|p2a: Stantler\n|-sidestart|p2: Abubakrcl7|Reflect\n|\n|upkeep\n|turn|20\n|\n|t:|1700844031\n|switch|p2a: Quaquaval|Quaquaval, M, shiny, tera:Flying|9\/100\n|move|p1a: Fraxure|Dragon Dance|p1a: Fraxure\n|-boost|p1a: Fraxure|atk|1\n|-boost|p1a: Fraxure|spe|1\n|\n|upkeep\n|turn|21\n|\n|t:|1700844039\n|move|p2a: Quaquaval|Close Combat|p1a: Fraxure\n|-damage|p1a: Fraxure|0 fnt\n|-unboost|p2a: Quaquaval|def|1\n|-unboost|p2a: Quaquaval|spd|1\n|faint|p1a: Fraxure\n|-ability|p2a: Quaquaval|Moxie|boost\n|-boost|p2a: Quaquaval|atk|1\n|\n|upkeep\n|\n|t:|1700844042\n|switch|p1a: Skeledirge|Skeledirge, F|100\/100\n|turn|22\n|c|\u2606Abubakrcl7|wait\n|j| cesar dios pokemon\n|\n|t:|1700844049\n|-terastallize|p1a: Skeledirge|Water\n|move|p2a: Quaquaval|Aqua Step|p1a: Skeledirge\n|-resisted|p1a: Skeledirge\n|-damage|p1a: Skeledirge|84\/100\n|-boost|p2a: Quaquaval|spe|1\n|move|p1a: Skeledirge|Torch Song|p2a: Quaquaval\n|-damage|p2a: Quaquaval|0 fnt\n|-boost|p1a: Skeledirge|spa|1\n|faint|p2a: Quaquaval\n|\n|upkeep\n|c|\u2606HEAVY-DUTY B0OTY|ye\n|\n|t:|1700844053\n|switch|p2a: Stantler|Stantler, M, shiny|14\/100\n|-ability|p2a: Stantler|Intimidate|boost\n|-unboost|p1a: Skeledirge|atk|1\n|turn|23\n|c|\u2606Abubakrcl7|gg\n|c|\u2606HEAVY-DUTY B0OTY|gg\n|c|\u2606Abubakrcl7|I was close\n|\n|t:|1700844060\n|move|p2a: Stantler|Thunder Wave|p1a: Skeledirge\n|-status|p1a: Skeledirge|par\n|move|p1a: Skeledirge|Torch Song|p2a: Stantler\n|-damage|p2a: Stantler|0 fnt\n|-boost|p1a: Skeledirge|spa|1\n|faint|p2a: Stantler\n|\n|win|HEAVY-DUTY B0OTY\n|n|\u2606HEAVY-DUTY B0OTY|heavydutyb0oty\n|n|\u2606Abubakrcl7|abubakrcl7\n|n|*Lady Monita \u2746|ladymonita\n|n| poketough|poketough\n|n| zacianboi101|zacianboi101\n|n| cesar dios pokemon|cesardiospokemon\n","uploadtime":1700844061,"views":3,"p1id":"heavydutyb0oty","p2id":"abubakrcl7","formatid":"gen9ou","rating":0,"private":0,"password":""}