{"id":"gen9ou-1997484299","p1":"Uj sin","p2":"StinkyBinky609","format":"[Gen 9] OU","log":"|j|\u2606Uj sin\n|j|\u2606StinkyBinky609\n|t:|1700813443\n|gametype|singles\n|player|p1|Uj sin|darach-caitlin|1225\n|player|p2|StinkyBinky609|drayden|1250\n|teamsize|p1|6\n|teamsize|p2|6\n|gen|9\n|tier|[Gen 9] OU\n|rated|\n|rule|Sleep Clause Mod: Limit one foe put to sleep\n|rule|Species Clause: Limit one of each Pok\u00e9mon\n|rule|OHKO Clause: OHKO moves are banned\n|rule|Evasion Items Clause: Evasion items are banned\n|rule|Evasion Moves Clause: Evasion moves are banned\n|rule|Endless Battle Clause: Forcing endless battles is banned\n|rule|HP Percentage Mod: HP is shown in percentages\n|clearpoke\n|poke|p1|Kingambit, M|\n|poke|p1|Glimmora, M|\n|poke|p1|Zamazenta-*|\n|poke|p1|Iron Valiant|\n|poke|p1|Iron Moth|\n|poke|p1|Ogerpon-Wellspring, F|\n|poke|p2|Great Tusk|\n|poke|p2|Chandelure, M|\n|poke|p2|Kilowattrel, M|\n|poke|p2|Iron Valiant|\n|poke|p2|Piloswine, M|\n|poke|p2|Dragapult, M|\n|teampreview\n|inactive|Battle timer is ON: inactive players will automatically lose when time's up. (requested by Uj sin)\n|inactiveoff|Battle timer is now OFF.\n|\n|t:|1700813464\n|start\n|switch|p1a: Ogerpon|Ogerpon-Wellspring, F|100\/100\n|switch|p2a: Small Tusk|Piloswine, M|100\/100\n|turn|1\n|\n|t:|1700813473\n|switch|p2a: Dragapult|Dragapult, M|100\/100\n|move|p1a: Ogerpon|Swords Dance|p1a: Ogerpon\n|-boost|p1a: Ogerpon|atk|2\n|\n|upkeep\n|turn|2\n|\n|t:|1700813479\n|-terastallize|p2a: Dragapult|Dragon\n|move|p2a: Dragapult|Draco Meteor|p1a: Ogerpon\n|-damage|p1a: Ogerpon|15\/100\n|-unboost|p2a: Dragapult|spa|2\n|move|p1a: Ogerpon|Knock Off|p2a: Dragapult\n|-damage|p2a: Dragapult|1\/100\n|-enditem|p2a: Dragapult|Choice Scarf|[from] move: Knock Off|[of] p1a: Ogerpon\n|\n|upkeep\n|turn|3\n|\n|t:|1700813506\n|switch|p1a: Kingambit|Kingambit, M|100\/100\n|move|p2a: Dragapult|Shadow Ball|p1a: Kingambit\n|-resisted|p1a: Kingambit\n|-damage|p1a: Kingambit|91\/100\n|\n|upkeep\n|turn|4\n|\n|t:|1700813517\n|move|p2a: Dragapult|Thunder Wave|p1a: Kingambit\n|-status|p1a: Kingambit|par\n|move|p1a: Kingambit|Swords Dance|p1a: Kingambit\n|-boost|p1a: Kingambit|atk|2\n|\n|upkeep\n|turn|5\n|\n|t:|1700813528\n|switch|p2a: Chandy|Chandelure, M|100\/100\n|cant|p1a: Kingambit|par\n|\n|upkeep\n|turn|6\n|\n|t:|1700813534\n|move|p1a: Kingambit|Sucker Punch||[still]\n|-fail|p1a: Kingambit\n|move|p2a: Chandy|Trick|p1a: Kingambit\n|-activate|p2a: Chandy|move: Trick|[of] p1a: Kingambit\n|-item|p1a: Kingambit|Choice Specs|[from] move: Trick\n|-item|p2a: Chandy|Black Glasses|[from] move: Trick\n|\n|upkeep\n|turn|7\n|\n|t:|1700813541\n|switch|p2a: Elon Musk|Great Tusk|100\/100\n|move|p1a: Kingambit|Kowtow Cleave|p2a: Elon Musk\n|-resisted|p2a: Elon Musk\n|-damage|p2a: Elon Musk|64\/100\n|\n|upkeep\n|turn|8\n|\n|t:|1700813556\n|-end|p1a: Kingambit|fallenundefined|[silent]\n|switch|p1a: Iron Valiant|Iron Valiant|100\/100\n|-enditem|p1a: Iron Valiant|Booster Energy\n|-activate|p1a: Iron Valiant|ability: Quark Drive|[fromitem]\n|-start|p1a: Iron Valiant|quarkdrivespe\n|move|p2a: Elon Musk|Headlong Rush|p1a: Iron Valiant\n|-damage|p1a: Iron Valiant|17\/100\n|-unboost|p2a: Elon Musk|def|1\n|-unboost|p2a: Elon Musk|spd|1\n|\n|upkeep\n|turn|9\n|\n|t:|1700813566\n|-end|p2a: Elon Musk|Protosynthesis|[silent]\n|switch|p2a: Small Tusk|Piloswine, M|100\/100\n|move|p1a: Iron Valiant|Moonblast|p2a: Small Tusk\n|-damage|p2a: Small Tusk|61\/100\n|\n|upkeep\n|turn|10\n|\n|t:|1700813573\n|-terastallize|p1a: Iron Valiant|Fairy\n|move|p2a: Small Tusk|Ice Shard|p1a: Iron Valiant\n|-damage|p1a: Iron Valiant|0 fnt\n|faint|p1a: Iron Valiant\n|-end|p1a: Iron Valiant|Quark Drive|[silent]\n|\n|upkeep\n|\n|t:|1700813580\n|switch|p1a: Iron Moth|Iron Moth|100\/100\n|-enditem|p1a: Iron Moth|Booster Energy\n|-activate|p1a: Iron Moth|ability: Quark Drive|[fromitem]\n|-start|p1a: Iron Moth|quarkdrivespe\n|turn|11\n|\n|t:|1700813592\n|move|p1a: Iron Moth|Substitute|p1a: Iron Moth\n|-start|p1a: Iron Moth|Substitute\n|-damage|p1a: Iron Moth|76\/100\n|move|p2a: Small Tusk|Earthquake|p1a: Iron Moth\n|-supereffective|p1a: Iron Moth\n|-end|p1a: Iron Moth|Substitute\n|\n|upkeep\n|turn|12\n|\n|t:|1700813598\n|move|p1a: Iron Moth|Fiery Dance|p2a: Small Tusk\n|-supereffective|p2a: Small Tusk\n|-damage|p2a: Small Tusk|26\/100\n|move|p2a: Small Tusk|Earthquake|p1a: Iron Moth\n|-supereffective|p1a: Iron Moth\n|-damage|p1a: Iron Moth|0 fnt\n|faint|p1a: Iron Moth\n|-end|p1a: Iron Moth|Quark Drive|[silent]\n|\n|upkeep\n|\n|t:|1700813610\n|switch|p1a: Glimmora|Glimmora, M|100\/100\n|turn|13\n|\n|t:|1700813614\n|move|p1a: Glimmora|Power Gem|p2a: Small Tusk\n|-damage|p2a: Small Tusk|0 fnt\n|faint|p2a: Small Tusk\n|\n|upkeep\n|\n|t:|1700813618\n|switch|p2a: Dragapult|Dragapult, M, tera:Dragon|1\/100\n|turn|14\n|\n|t:|1700813621\n|move|p2a: Dragapult|Draco Meteor|p1a: Glimmora\n|-enditem|p1a: Glimmora|Focus Sash\n|-damage|p1a: Glimmora|1\/100\n|-unboost|p2a: Dragapult|spa|2\n|move|p1a: Glimmora|Mortal Spin|p2a: Dragapult\n|-damage|p2a: Dragapult|0 fnt\n|faint|p2a: Dragapult\n|\n|upkeep\n|\n|t:|1700813630\n|switch|p2a: Trash|Iron Valiant|100\/100\n|turn|15\n|\n|t:|1700813635\n|move|p2a: Trash|Moonblast|p1a: Glimmora\n|-resisted|p1a: Glimmora\n|-damage|p1a: Glimmora|0 fnt\n|faint|p1a: Glimmora\n|\n|upkeep\n|\n|t:|1700813652\n|switch|p1a: Kingambit|Kingambit, M|91\/100 par\n|-activate|p1a: Kingambit|ability: Supreme Overlord\n|-start|p1a: Kingambit|fallen3|[silent]\n|turn|16\n|\n|t:|1700813656\n|-end|p2a: Trash|Quark Drive|[silent]\n|switch|p2a: Elon Musk|Great Tusk|64\/100\n|move|p1a: Kingambit|Iron Head|p2a: Elon Musk\n|-damage|p2a: Elon Musk|20\/100\n|\n|upkeep\n|turn|17\n|\n|t:|1700813673\n|-end|p1a: Kingambit|fallen3|[silent]\n|switch|p1a: Zamazenta|Zamazenta, shiny|100\/100\n|-ability|p1a: Zamazenta|Dauntless Shield|boost\n|-boost|p1a: Zamazenta|def|1\n|move|p2a: Elon Musk|Headlong Rush|p1a: Zamazenta\n|-damage|p1a: Zamazenta|68\/100\n|-unboost|p2a: Elon Musk|def|1\n|-unboost|p2a: Elon Musk|spd|1\n|\n|-heal|p1a: Zamazenta|74\/100|[from] item: Leftovers\n|upkeep\n|turn|18\n|\n|t:|1700813682\n|move|p1a: Zamazenta|Body Press|p2a: Elon Musk\n|-damage|p2a: Elon Musk|0 fnt\n|faint|p2a: Elon Musk\n|-end|p2a: Elon Musk|Protosynthesis|[silent]\n|\n|-heal|p1a: Zamazenta|80\/100|[from] item: Leftovers\n|upkeep\n|\n|t:|1700813685\n|switch|p2a: Trash|Iron Valiant|100\/100\n|turn|19\n|\n|t:|1700813692\n|switch|p1a: Kingambit|Kingambit, M|91\/100 par\n|-activate|p1a: Kingambit|ability: Supreme Overlord\n|-start|p1a: Kingambit|fallen3|[silent]\n|move|p2a: Trash|Moonblast|p1a: Kingambit\n|-damage|p1a: Kingambit|47\/100 par\n|\n|upkeep\n|turn|20\n|\n|t:|1700813702\n|-end|p2a: Trash|Quark Drive|[silent]\n|switch|p2a: Gigachaddrel|Kilowattrel, M|100\/100\n|move|p1a: Kingambit|Iron Head|p2a: Gigachaddrel\n|-resisted|p2a: Gigachaddrel\n|-damage|p2a: Gigachaddrel|44\/100\n|\n|upkeep\n|turn|21\n|\n|t:|1700813713\n|-end|p1a: Kingambit|fallen3|[silent]\n|switch|p1a: Zamazenta|Zamazenta, shiny|80\/100\n|move|p2a: Gigachaddrel|Thunderbolt|p1a: Zamazenta\n|-damage|p1a: Zamazenta|44\/100\n|\n|-heal|p1a: Zamazenta|50\/100|[from] item: Leftovers\n|upkeep\n|turn|22\n|\n|t:|1700813721\n|switch|p2a: Trash|Iron Valiant|100\/100\n|move|p1a: Zamazenta|Stone Edge|p2a: Trash\n|-resisted|p2a: Trash\n|-damage|p2a: Trash|82\/100\n|\n|-heal|p1a: Zamazenta|56\/100|[from] item: Leftovers\n|upkeep\n|turn|23\n|\n|t:|1700813734\n|switch|p1a: Ogerpon|Ogerpon-Wellspring, F|15\/100\n|move|p2a: Trash|Moonblast|p1a: Ogerpon\n|-damage|p1a: Ogerpon|0 fnt\n|faint|p1a: Ogerpon\n|\n|upkeep\n|\n|t:|1700813739\n|switch|p1a: Kingambit|Kingambit, M|47\/100 par\n|-activate|p1a: Kingambit|ability: Supreme Overlord\n|-start|p1a: Kingambit|fallen4|[silent]\n|turn|24\n|\n|t:|1700813744\n|-end|p2a: Trash|Quark Drive|[silent]\n|switch|p2a: Chandy|Chandelure, M|100\/100\n|move|p1a: Kingambit|Kowtow Cleave|p2a: Chandy\n|-supereffective|p2a: Chandy\n|-damage|p2a: Chandy|0 fnt\n|faint|p2a: Chandy\n|\n|upkeep\n|\n|t:|1700813749\n|switch|p2a: Trash|Iron Valiant|82\/100\n|turn|25\n|\n|t:|1700813754\n|-end|p1a: Kingambit|fallen4|[silent]\n|switch|p1a: Zamazenta|Zamazenta, shiny|56\/100\n|move|p2a: Trash|Moonblast|p1a: Zamazenta\n|-supereffective|p1a: Zamazenta\n|-damage|p1a: Zamazenta|0 fnt\n|faint|p1a: Zamazenta\n|\n|upkeep\n|\n|t:|1700813759\n|switch|p1a: Kingambit|Kingambit, M|47\/100 par\n|-activate|p1a: Kingambit|ability: Supreme Overlord\n|-start|p1a: Kingambit|fallen5|[silent]\n|turn|26\n|\n|t:|1700813762\n|move|p2a: Trash|Moonblast|p1a: Kingambit\n|-damage|p1a: Kingambit|2\/100 par\n|-unboost|p1a: Kingambit|spa|1\n|move|p1a: Kingambit|Iron Head|p2a: Trash\n|-supereffective|p2a: Trash\n|-damage|p2a: Trash|0 fnt\n|faint|p2a: Trash\n|-end|p2a: Trash|Quark Drive|[silent]\n|\n|upkeep\n|\n|t:|1700813769\n|switch|p2a: Gigachaddrel|Kilowattrel, M|44\/100\n|turn|27\n|\n|t:|1700813771\n|move|p2a: Gigachaddrel|Volt Switch|p1a: Kingambit\n|-damage|p1a: Kingambit|0 fnt\n|faint|p1a: Kingambit\n|-end|p1a: Kingambit|fallen5|[silent]\n|\n|win|StinkyBinky609\n|raw|Uj sin's rating: 1225 &rarr; <strong>1202<\/strong><br \/>(-23 for losing)\n|raw|StinkyBinky609's rating: 1250 &rarr; <strong>1273<\/strong><br \/>(+23 for winning)\n","uploadtime":1700813779,"views":2,"p1id":"ujsin","p2id":"stinkybinky609","formatid":"gen9ou","rating":1202,"private":0,"password":""}