{"id":"gen9ou-1994854483","p1":"LogicaVietii3","p2":"oijwef","format":"[Gen 9] OU","log":"|j|\u2606LogicaVietii3\n|j|\u2606oijwef\n|t:|1700498877\n|gametype|singles\n|player|p1|LogicaVietii3|alder|1548\n|player|p2|oijwef|266|1538\n|teamsize|p1|6\n|teamsize|p2|6\n|gen|9\n|tier|[Gen 9] OU\n|rated|\n|rule|Sleep Clause Mod: Limit one foe put to sleep\n|rule|Species Clause: Limit one of each Pok\u00e9mon\n|rule|OHKO Clause: OHKO moves are banned\n|rule|Evasion Items Clause: Evasion items are banned\n|rule|Evasion Moves Clause: Evasion moves are banned\n|rule|Endless Battle Clause: Forcing endless battles is banned\n|rule|HP Percentage Mod: HP is shown in percentages\n|clearpoke\n|poke|p1|Maushold|\n|poke|p1|Samurott-Hisui, M|\n|poke|p1|Kingambit, F|\n|poke|p1|Garganacl, F|\n|poke|p1|Amoonguss, M|\n|poke|p1|Weavile, F|\n|poke|p2|Clefable, M|\n|poke|p2|Alomomola, M|\n|poke|p2|Blissey, F|\n|poke|p2|Clodsire, F|\n|poke|p2|Dondozo, M|\n|poke|p2|Amoonguss, M|\n|teampreview\n|inactive|Battle timer is ON: inactive players will automatically lose when time's up. (requested by oijwef)\n|inactive|LogicaVietii3 also wants the timer to be on.\n|\n|t:|1700498892\n|start\n|switch|p1a: Samurott|Samurott-Hisui, M|100\/100\n|switch|p2a: Clefable|Clefable, M|100\/100\n|turn|1\n|\n|t:|1700498897\n|move|p1a: Samurott|Ceaseless Edge|p2a: Clefable\n|-resisted|p2a: Clefable\n|-damage|p2a: Clefable|82\/100\n|-sidestart|p2: oijwef|Spikes\n|move|p2a: Clefable|Knock Off|p1a: Samurott\n|-resisted|p1a: Samurott\n|-damage|p1a: Samurott|91\/100\n|-enditem|p1a: Samurott|Mystic Water|[from] move: Knock Off|[of] p2a: Clefable\n|\n|-heal|p2a: Clefable|89\/100|[from] item: Leftovers\n|upkeep\n|turn|2\n|\n|t:|1700498906\n|move|p1a: Samurott|Ceaseless Edge|p2a: Clefable\n|-resisted|p2a: Clefable\n|-damage|p2a: Clefable|69\/100\n|-sidestart|p2: oijwef|Spikes\n|move|p2a: Clefable|Wish|p2a: Clefable\n|\n|-heal|p2a: Clefable|75\/100|[from] item: Leftovers\n|upkeep\n|turn|3\n|\n|t:|1700498912\n|move|p1a: Samurott|Ceaseless Edge|p2a: Clefable\n|-resisted|p2a: Clefable\n|-damage|p2a: Clefable|58\/100\n|-sidestart|p2: oijwef|Spikes\n|move|p2a: Clefable|Moonblast|p1a: Samurott\n|-supereffective|p1a: Samurott\n|-damage|p1a: Samurott|6\/100\n|-unboost|p1a: Samurott|spa|1\n|\n|-heal|p2a: Clefable|100\/100|[from] move: Wish|[wisher] Clefable\n|upkeep\n|turn|4\n|\n|t:|1700498920\n|move|p1a: Samurott|Aqua Cutter|p2a: Clefable\n|-crit|p2a: Clefable\n|-damage|p2a: Clefable|39\/100\n|move|p2a: Clefable|Moonblast|p1a: Samurott\n|-supereffective|p1a: Samurott\n|-damage|p1a: Samurott|0 fnt\n|faint|p1a: Samurott\n|\n|-heal|p2a: Clefable|45\/100|[from] item: Leftovers\n|upkeep\n|\n|t:|1700498924\n|switch|p1a: Maushold|Maushold|100\/100\n|turn|5\n|\n|t:|1700498940\n|move|p2a: Clefable|Protect|p2a: Clefable\n|-singleturn|p2a: Clefable|Protect\n|move|p1a: Maushold|Population Bomb|p2a: Clefable\n|-activate|p2a: Clefable|move: Protect\n|\n|-heal|p2a: Clefable|52\/100|[from] item: Leftovers\n|upkeep\n|turn|6\n|inactive|oijwef has 120 seconds left.\n|\n|t:|1700498983\n|-terastallize|p2a: Clefable|Ghost\n|move|p1a: Maushold|Population Bomb|p2a: Clefable\n|-immune|p2a: Clefable\n|move|p2a: Clefable|Knock Off|p1a: Maushold\n|-crit|p1a: Maushold\n|-damage|p1a: Maushold|66\/100\n|-enditem|p1a: Maushold|Wide Lens|[from] move: Knock Off|[of] p2a: Clefable\n|\n|-heal|p2a: Clefable|58\/100|[from] item: Leftovers\n|upkeep\n|turn|7\n|\n|t:|1700498993\n|switch|p1a: Kingambit|Kingambit, F|100\/100\n|-activate|p1a: Kingambit|ability: Supreme Overlord\n|-start|p1a: Kingambit|fallen1|[silent]\n|move|p2a: Clefable|Wish|p2a: Clefable\n|\n|-heal|p2a: Clefable|64\/100|[from] item: Leftovers\n|upkeep\n|turn|8\n|\n|t:|1700498997\n|move|p2a: Clefable|Protect|p2a: Clefable\n|-singleturn|p2a: Clefable|Protect\n|move|p1a: Kingambit|Kowtow Cleave|p2a: Clefable\n|-activate|p2a: Clefable|move: Protect\n|\n|-heal|p2a: Clefable|100\/100|[from] move: Wish|[wisher] Clefable\n|upkeep\n|turn|9\n|\n|t:|1700499005\n|switch|p2a: Dondozo|Dondozo, M|100\/100\n|move|p1a: Kingambit|Kowtow Cleave|p2a: Dondozo\n|-damage|p2a: Dondozo|76\/100\n|\n|upkeep\n|turn|10\n|\n|t:|1700499009\n|-terastallize|p1a: Kingambit|Fighting\n|move|p1a: Kingambit|Low Kick|p2a: Dondozo\n|-damage|p2a: Dondozo|40\/100\n|move|p2a: Dondozo|Body Press|p1a: Kingambit\n|-damage|p1a: Kingambit|75\/100\n|\n|-heal|p1a: Kingambit|81\/100|[from] item: Leftovers\n|upkeep\n|turn|11\n|\n|t:|1700499016\n|move|p1a: Kingambit|Low Kick|p2a: Dondozo\n|-damage|p2a: Dondozo|8\/100\n|move|p2a: Dondozo|Rest|p2a: Dondozo\n|-status|p2a: Dondozo|slp|[from] move: Rest\n|-heal|p2a: Dondozo|100\/100 slp|[silent]\n|\n|-heal|p1a: Kingambit|87\/100|[from] item: Leftovers\n|upkeep\n|turn|12\n|\n|t:|1700499032\n|switch|p2a: Amoonguss|Amoonguss, M|100\/100\n|move|p1a: Kingambit|Kowtow Cleave|p2a: Amoonguss\n|-damage|p2a: Amoonguss|58\/100\n|\n|-heal|p1a: Kingambit|93\/100|[from] item: Leftovers\n|upkeep\n|turn|13\n|\n|t:|1700499041\n|move|p1a: Kingambit|Kowtow Cleave|p2a: Amoonguss\n|-damage|p2a: Amoonguss|22\/100\n|move|p2a: Amoonguss|Spore|p1a: Kingambit\n|-status|p1a: Kingambit|slp|[from] move: Spore\n|\n|-heal|p1a: Kingambit|99\/100 slp|[from] item: Leftovers\n|upkeep\n|turn|14\n|inactive|oijwef has 120 seconds left.\n|\n|t:|1700499078\n|switch|p2a: Clefable|Clefable, M, tera:Ghost|100\/100\n|cant|p1a: Kingambit|slp\n|\n|-heal|p1a: Kingambit|100\/100 slp|[from] item: Leftovers\n|upkeep\n|turn|15\n|inactive|oijwef has 120 seconds left.\n|\n|t:|1700499090\n|cant|p1a: Kingambit|slp\n|move|p2a: Clefable|Moonblast|p1a: Kingambit\n|-supereffective|p1a: Kingambit\n|-damage|p1a: Kingambit|33\/100 slp\n|-unboost|p1a: Kingambit|spa|1\n|\n|-heal|p1a: Kingambit|39\/100 slp|[from] item: Leftovers\n|upkeep\n|turn|16\n|inactive|oijwef has 120 seconds left.\n|\n|t:|1700499110\n|-end|p1a: Kingambit|fallen1|[silent]\n|switch|p1a: Amoonguss|Amoonguss, M|100\/100\n|move|p2a: Clefable|Moonblast|p1a: Amoonguss\n|-resisted|p1a: Amoonguss\n|-damage|p1a: Amoonguss|87\/100\n|-enditem|p1a: Amoonguss|Red Card|[of] p2a: Clefable\n|drag|p2a: Alomomola|Alomomola, M|100\/100\n|\n|upkeep\n|turn|17\n|\n|t:|1700499122\n|move|p2a: Alomomola|Wish|p2a: Alomomola\n|move|p1a: Amoonguss|Sludge Bomb|p2a: Alomomola\n|-damage|p2a: Alomomola|70\/100\n|\n|upkeep\n|turn|18\n|\n|t:|1700499126\n|move|p2a: Alomomola|Flip Turn|p1a: Amoonguss\n|-resisted|p1a: Amoonguss\n|-damage|p1a: Amoonguss|80\/100\n|\n|t:|1700499129\n|switch|p2a: Amoonguss|Amoonguss, M|55\/100|[from] Flip Turn\n|move|p1a: Amoonguss|Sludge Bomb|p2a: Amoonguss\n|-damage|p2a: Amoonguss|30\/100\n|\n|-heal|p2a: Amoonguss|91\/100|[from] move: Wish|[wisher] Alomomola\n|upkeep\n|turn|19\n|inactive|oijwef has 120 seconds left.\n|j| Diegogris\n|\n|t:|1700499143\n|switch|p2a: Blissey|Blissey, F|100\/100\n|move|p1a: Amoonguss|Sludge Bomb|p2a: Blissey\n|-damage|p2a: Blissey|92\/100\n|\n|upkeep\n|turn|20\n|\n|t:|1700499149\n|move|p2a: Blissey|Stealth Rock|p1a: Amoonguss\n|-sidestart|p1: LogicaVietii3|move: Stealth Rock\n|move|p1a: Amoonguss|Spore|p2a: Blissey\n|-status|p2a: Blissey|slp|[from] move: Spore\n|\n|upkeep\n|turn|21\n|\n|t:|1700499161\n|-curestatus|p2a: Blissey|slp|[from] ability: Natural Cure\n|switch|p2a: Clodsire|Clodsire, F|100\/100\n|switch|p1a: Kingambit|Kingambit, F, tera:Fighting|39\/100 slp\n|-damage|p1a: Kingambit|33\/100 slp|[from] Stealth Rock\n|-activate|p1a: Kingambit|ability: Supreme Overlord\n|-start|p1a: Kingambit|fallen1|[silent]\n|\n|-heal|p1a: Kingambit|39\/100 slp|[from] item: Leftovers\n|upkeep\n|turn|22\n|j| 0Phux\n|inactive|oijwef has 120 seconds left.\n|\n|t:|1700499184\n|switch|p2a: Dondozo|Dondozo, M|100\/100 slp\n|-curestatus|p1a: Kingambit|slp|[msg]\n|move|p1a: Kingambit|Kowtow Cleave|p2a: Dondozo\n|-damage|p2a: Dondozo|78\/100 slp\n|\n|-heal|p1a: Kingambit|46\/100|[from] item: Leftovers\n|upkeep\n|turn|23\n|l| Diegogris\n|inactive|oijwef has 120 seconds left.\n|inactive|oijwef has 90 seconds left.\n|\n|t:|1700499237\n|move|p1a: Kingambit|Swords Dance|p1a: Kingambit\n|-boost|p1a: Kingambit|atk|2\n|cant|p2a: Dondozo|slp\n|move|p2a: Dondozo|Sleep Talk|p2a: Dondozo\n|move|p2a: Dondozo|Waterfall|p1a: Kingambit|[from]move: Sleep Talk\n|-damage|p1a: Kingambit|21\/100\n|\n|-heal|p1a: Kingambit|27\/100|[from] item: Leftovers\n|upkeep\n|turn|24\n|\n|t:|1700499241\n|move|p1a: Kingambit|Low Kick|p2a: Dondozo\n|-damage|p2a: Dondozo|41\/100 slp\n|cant|p2a: Dondozo|slp\n|move|p2a: Dondozo|Sleep Talk|p2a: Dondozo\n|move|p2a: Dondozo|Waterfall|p1a: Kingambit|[from]move: Sleep Talk\n|-damage|p1a: Kingambit|4\/100\n|\n|-heal|p1a: Kingambit|10\/100|[from] item: Leftovers\n|upkeep\n|turn|25\n|\n|t:|1700499247\n|move|p1a: Kingambit|Low Kick|p2a: Dondozo\n|-damage|p2a: Dondozo|6\/100 slp\n|-curestatus|p2a: Dondozo|slp|[msg]\n|move|p2a: Dondozo|Rest|p2a: Dondozo\n|-status|p2a: Dondozo|slp|[from] move: Rest\n|-heal|p2a: Dondozo|100\/100 slp|[silent]\n|\n|-heal|p1a: Kingambit|16\/100|[from] item: Leftovers\n|upkeep\n|turn|26\n|\n|t:|1700499251\n|move|p1a: Kingambit|Low Kick|p2a: Dondozo\n|-damage|p2a: Dondozo|68\/100 slp\n|cant|p2a: Dondozo|slp\n|move|p2a: Dondozo|Sleep Talk|p2a: Dondozo\n|move|p2a: Dondozo|Rest||[from]move: Sleep Talk|[still]\n|-fail|p2a: Dondozo\n|\n|-heal|p1a: Kingambit|22\/100|[from] item: Leftovers\n|upkeep\n|turn|27\n|j| Diegogris\n|\n|t:|1700499255\n|move|p1a: Kingambit|Low Kick|p2a: Dondozo\n|-damage|p2a: Dondozo|34\/100 slp\n|cant|p2a: Dondozo|slp\n|move|p2a: Dondozo|Sleep Talk|p2a: Dondozo\n|move|p2a: Dondozo|Rest||[from]move: Sleep Talk|[still]\n|-fail|p2a: Dondozo\n|\n|-heal|p1a: Kingambit|29\/100|[from] item: Leftovers\n|upkeep\n|turn|28\n|\n|t:|1700499260\n|switch|p2a: Clefable|Clefable, M, tera:Ghost|100\/100\n|move|p1a: Kingambit|Low Kick|p2a: Clefable\n|-immune|p2a: Clefable\n|\n|-heal|p1a: Kingambit|35\/100|[from] item: Leftovers\n|upkeep\n|turn|29\n|\n|t:|1700499264\n|move|p1a: Kingambit|Kowtow Cleave|p2a: Clefable\n|-supereffective|p2a: Clefable\n|-damage|p2a: Clefable|0 fnt\n|faint|p2a: Clefable\n|\n|-heal|p1a: Kingambit|41\/100|[from] item: Leftovers\n|upkeep\n|-message|oijwef forfeited.\n|\n|win|LogicaVietii3\n|raw|LogicaVietii3's rating: 1548 &rarr; <strong>1567<\/strong><br \/>(+19 for winning)\n|raw|oijwef's rating: 1538 &rarr; <strong>1519<\/strong><br \/>(-19 for losing)\n|l|\u2606oijwef\n|l|\u2606LogicaVietii3\n","uploadtime":1700499285,"views":5,"p1id":"logicavietii3","p2id":"oijwef","formatid":"gen9ou","rating":1519,"private":0,"password":""}