{"id":"gen9ou-1993630811","p1":"mamoswinelover6","p2":"theblackprofrowan","format":"[Gen 9] OU","log":"|j|\u2606mamoswinelover6\n|j|\u2606theblackprofrowan\n|t:|1700339440\n|gametype|singles\n|player|p1|mamoswinelover6|linebacker|1190\n|player|p2|theblackprofrowan|2|1159\n|teamsize|p1|6\n|teamsize|p2|6\n|gen|9\n|tier|[Gen 9] OU\n|rated|\n|rule|Sleep Clause Mod: Limit one foe put to sleep\n|rule|Species Clause: Limit one of each Pok\u00e9mon\n|rule|OHKO Clause: OHKO moves are banned\n|rule|Evasion Items Clause: Evasion items are banned\n|rule|Evasion Moves Clause: Evasion moves are banned\n|rule|Endless Battle Clause: Forcing endless battles is banned\n|rule|HP Percentage Mod: HP is shown in percentages\n|clearpoke\n|poke|p1|Maushold|\n|poke|p1|Samurott-Hisui, M|\n|poke|p1|Kingambit, M|\n|poke|p1|Garganacl, M|\n|poke|p1|Amoonguss, M|\n|poke|p1|Weavile, F|\n|poke|p2|Poliwrath, M|\n|poke|p2|Pelipper, M|\n|poke|p2|Overqwil, M|\n|poke|p2|Rillaboom, M|\n|poke|p2|Iron Treads|\n|poke|p2|Zapdos|\n|teampreview\n|inactive|Battle timer is ON: inactive players will automatically lose when time's up. (requested by mamoswinelover6)\n|inactive|theblackprofrowan has 120 seconds left.\n|\n|t:|1700339473\n|start\n|switch|p1a: Maushold|Maushold|100\/100\n|switch|p2a: Zapdos|Zapdos|100\/100\n|turn|1\n|\n|t:|1700339491\n|switch|p1a: Amoonguss|Amoonguss, M, shiny|100\/100\n|move|p2a: Zapdos|Thunder|p1a: Amoonguss\n|-resisted|p1a: Amoonguss\n|-damage|p1a: Amoonguss|74\/100\n|-enditem|p1a: Amoonguss|Red Card|[of] p2a: Zapdos\n|drag|p2a: Overqwil|Overqwil, M|100\/100\n|\n|upkeep\n|turn|2\n|\n|t:|1700339505\n|switch|p2a: Rillaboom|Rillaboom, M|100\/100\n|-fieldstart|move: Grassy Terrain|[from] ability: Grassy Surge|[of] p2a: Rillaboom\n|switch|p1a: Kingambit|Kingambit, M|100\/100\n|\n|upkeep\n|turn|3\n|\n|t:|1700339514\n|move|p2a: Rillaboom|U-turn|p1a: Kingambit\n|-damage|p1a: Kingambit|67\/100\n|\n|t:|1700339528\n|switch|p2a: Pelipper|Pelipper, M|100\/100|[from] U-turn\n|-weather|RainDance|[from] ability: Drizzle|[of] p2a: Pelipper\n|move|p1a: Kingambit|Swords Dance|p1a: Kingambit\n|-boost|p1a: Kingambit|atk|2\n|\n|-weather|RainDance|[upkeep]\n|-heal|p1a: Kingambit|73\/100|[from] Grassy Terrain\n|-heal|p1a: Kingambit|79\/100|[from] item: Leftovers\n|upkeep\n|turn|4\n|\n|t:|1700339538\n|switch|p2a: Rillaboom|Rillaboom, M|100\/100\n|move|p1a: Kingambit|Kowtow Cleave|p2a: Rillaboom\n|-damage|p2a: Rillaboom|0 fnt\n|faint|p2a: Rillaboom\n|\n|-weather|RainDance|[upkeep]\n|-heal|p1a: Kingambit|86\/100|[from] Grassy Terrain\n|-heal|p1a: Kingambit|92\/100|[from] item: Leftovers\n|upkeep\n|\n|t:|1700339543\n|switch|p2a: Poliwrath|Poliwrath, M|100\/100\n|turn|5\n|\n|t:|1700339555\n|-terastallize|p1a: Kingambit|Fighting\n|move|p2a: Poliwrath|Liquidation|p1a: Kingambit\n|-damage|p1a: Kingambit|43\/100\n|-unboost|p1a: Kingambit|def|1\n|move|p1a: Kingambit|Kowtow Cleave|p2a: Poliwrath\n|-resisted|p2a: Poliwrath\n|-damage|p2a: Poliwrath|44\/100\n|-enditem|p2a: Poliwrath|Sitrus Berry|[eat]\n|-heal|p2a: Poliwrath|69\/100|[from] item: Sitrus Berry\n|\n|-weather|RainDance|[upkeep]\n|-heal|p2a: Poliwrath|75\/100|[from] Grassy Terrain\n|-heal|p1a: Kingambit|49\/100|[from] Grassy Terrain\n|-heal|p1a: Kingambit|55\/100|[from] item: Leftovers\n|upkeep\n|turn|6\n|\n|t:|1700339567\n|-end|p1a: Kingambit|fallenundefined|[silent]\n|switch|p1a: Amoonguss|Amoonguss, M, shiny|100\/100\n|move|p2a: Poliwrath|Liquidation|p1a: Amoonguss\n|-resisted|p1a: Amoonguss\n|-damage|p1a: Amoonguss|83\/100\n|-unboost|p1a: Amoonguss|def|1\n|\n|-weather|RainDance|[upkeep]\n|-heal|p2a: Poliwrath|81\/100|[from] Grassy Terrain\n|-heal|p1a: Amoonguss|89\/100|[from] Grassy Terrain\n|-fieldend|move: Grassy Terrain\n|upkeep\n|turn|7\n|\n|t:|1700339575\n|switch|p2a: Overqwil|Overqwil, M|100\/100\n|move|p1a: Amoonguss|Grass Knot|p2a: Overqwil\n|-resisted|p2a: Overqwil\n|-damage|p2a: Overqwil|83\/100\n|\n|-weather|RainDance|[upkeep]\n|upkeep\n|turn|8\n|\n|t:|1700339581\n|switch|p1a: Kingambit|Kingambit, M, tera:Fighting|55\/100\n|move|p2a: Overqwil|Swords Dance|p2a: Overqwil\n|-boost|p2a: Overqwil|atk|2\n|\n|-weather|RainDance|[upkeep]\n|-heal|p1a: Kingambit|61\/100|[from] item: Leftovers\n|upkeep\n|turn|9\n|\n|t:|1700339586\n|move|p2a: Overqwil|Liquidation|p1a: Kingambit\n|-damage|p1a: Kingambit|0 fnt\n|faint|p1a: Kingambit\n|-end|p1a: Kingambit|fallenundefined|[silent]\n|-damage|p2a: Overqwil|74\/100|[from] item: Life Orb\n|\n|-weather|RainDance|[upkeep]\n|upkeep\n|\n|t:|1700339592\n|switch|p1a: Samurott|Samurott-Hisui, M, shiny|100\/100\n|turn|10\n|\n|t:|1700339599\n|move|p2a: Overqwil|Gunk Shot|p1a: Samurott\n|-damage|p1a: Samurott|0 fnt\n|faint|p1a: Samurott\n|-damage|p2a: Overqwil|64\/100|[from] item: Life Orb\n|\n|-weather|none\n|upkeep\n|\n|t:|1700339611\n|switch|p1a: Garganacl|Garganacl, M|100\/100\n|turn|11\n|\n|t:|1700339627\n|move|p2a: Overqwil|Liquidation|p1a: Garganacl\n|-supereffective|p1a: Garganacl\n|-damage|p1a: Garganacl|13\/100\n|-damage|p2a: Overqwil|54\/100|[from] item: Life Orb\n|move|p1a: Garganacl|Body Press|p2a: Overqwil\n|-crit|p2a: Overqwil\n|-damage|p2a: Overqwil|12\/100\n|\n|-heal|p1a: Garganacl|19\/100|[from] item: Leftovers\n|upkeep\n|turn|12\n|\n|t:|1700339634\n|switch|p1a: Amoonguss|Amoonguss, M, shiny|100\/100\n|move|p2a: Overqwil|Liquidation|p1a: Amoonguss\n|-resisted|p1a: Amoonguss\n|-damage|p1a: Amoonguss|77\/100\n|-damage|p2a: Overqwil|3\/100|[from] item: Life Orb\n|\n|upkeep\n|turn|13\n|\n|t:|1700339641\n|move|p2a: Overqwil|Gunk Shot|p1a: Amoonguss\n|-damage|p1a: Amoonguss|0 fnt\n|faint|p1a: Amoonguss\n|-damage|p2a: Overqwil|0 fnt|[from] item: Life Orb\n|faint|p2a: Overqwil\n|\n|upkeep\n|\n|t:|1700339654\n|switch|p2a: Pelipper|Pelipper, M|100\/100\n|switch|p1a: Maushold|Maushold|100\/100\n|-weather|RainDance|[from] ability: Drizzle|[of] p2a: Pelipper\n|turn|14\n|\n|t:|1700339659\n|move|p1a: Maushold|Tidy Up|p1a: Maushold\n|-boost|p1a: Maushold|atk|1\n|-boost|p1a: Maushold|spe|1\n|move|p2a: Pelipper|Surf|p1a: Maushold\n|-damage|p1a: Maushold|39\/100\n|\n|-weather|RainDance|[upkeep]\n|upkeep\n|turn|15\n|\n|t:|1700339664\n|move|p1a: Maushold|Population Bomb|p2a: Pelipper\n|-damage|p2a: Pelipper|86\/100\n|-crit|p2a: Pelipper\n|-damage|p2a: Pelipper|61\/100\n|-damage|p2a: Pelipper|47\/100\n|-damage|p2a: Pelipper|31\/100\n|-damage|p2a: Pelipper|14\/100\n|-damage|p2a: Pelipper|0 fnt\n|faint|p2a: Pelipper\n|-hitcount|p2: Pelipper|6\n|\n|-weather|RainDance|[upkeep]\n|upkeep\n|\n|t:|1700339673\n|switch|p2a: Zapdos|Zapdos|100\/100\n|turn|16\n|\n|t:|1700339676\n|move|p1a: Maushold|Bite|p2a: Zapdos\n|-damage|p2a: Zapdos|61\/100\n|move|p2a: Zapdos|Thunder|p1a: Maushold\n|-damage|p1a: Maushold|0 fnt\n|faint|p1a: Maushold\n|\n|-weather|RainDance|[upkeep]\n|upkeep\n|\n|t:|1700339680\n|switch|p1a: Weavile|Weavile, F|100\/100\n|-ability|p1a: Weavile|Pressure\n|turn|17\n|\n|t:|1700339692\n|move|p1a: Weavile|Ice Spinner|p2a: Zapdos\n|-supereffective|p2a: Zapdos\n|-damage|p2a: Zapdos|0 fnt\n|-status|p1a: Weavile|par|[from] ability: Static|[of] p2a: Zapdos\n|faint|p2a: Zapdos\n|\n|-weather|RainDance|[upkeep]\n|upkeep\n|\n|t:|1700339697\n|switch|p2a: Poliwrath|Poliwrath, M|81\/100\n|turn|18\n|\n|t:|1700339707\n|move|p1a: Weavile|Ice Shard|p2a: Poliwrath\n|-resisted|p2a: Poliwrath\n|-crit|p2a: Poliwrath\n|-damage|p2a: Poliwrath|64\/100\n|move|p2a: Poliwrath|Drain Punch|p1a: Weavile\n|-supereffective|p1a: Weavile\n|-damage|p1a: Weavile|0 fnt\n|-heal|p2a: Poliwrath|100\/100|[from] drain|[of] p1a: Weavile\n|faint|p1a: Weavile\n|\n|-weather|RainDance|[upkeep]\n|upkeep\n|\n|t:|1700339711\n|switch|p1a: Garganacl|Garganacl, M|19\/100\n|turn|19\n|-message|mamoswinelover6 forfeited.\n|\n|win|theblackprofrowan\n|raw|mamoswinelover6's rating: 1190 &rarr; <strong>1163<\/strong><br \/>(-27 for losing)\n|raw|theblackprofrowan's rating: 1159 &rarr; <strong>1186<\/strong><br \/>(+27 for winning)\n|l|\u2606mamoswinelover6\n","uploadtime":1700339724,"views":8,"p1id":"mamoswinelover6","p2id":"theblackprofrowan","formatid":"gen9ou","rating":1163,"private":0,"password":""}