{"id":"gen9ou-1989138204","p1":"G4xd","p2":"connexus200","format":"[Gen 9] OU","log":"|j|\u2606G4xd\n|j|\u2606connexus200\n|t:|1699816316\n|gametype|singles\n|player|p1|G4xd|ingo|1000\n|player|p2|connexus200|silver|1070\n|teamsize|p1|6\n|teamsize|p2|6\n|gen|9\n|tier|[Gen 9] OU\n|rated|\n|rule|Sleep Clause Mod: Limit one foe put to sleep\n|rule|Species Clause: Limit one of each Pok\u00e9mon\n|rule|OHKO Clause: OHKO moves are banned\n|rule|Evasion Items Clause: Evasion items are banned\n|rule|Evasion Moves Clause: Evasion moves are banned\n|rule|Endless Battle Clause: Forcing endless battles is banned\n|rule|HP Percentage Mod: HP is shown in percentages\n|clearpoke\n|poke|p1|Alomomola, F|\n|poke|p1|Great Tusk|\n|poke|p1|Thundurus-Therian, M|\n|poke|p1|Talonflame, F|\n|poke|p1|Quaquaval, M|\n|poke|p1|Slowking-Galar, F|\n|poke|p2|Hippowdon, F|\n|poke|p2|Lycanroc, M|\n|poke|p2|Landorus-Therian, M|\n|poke|p2|Empoleon, M|\n|poke|p2|Sandy Shocks|\n|poke|p2|Great Tusk|\n|teampreview\n|\n|t:|1699816324\n|start\n|switch|p1a: Talonflame|Talonflame, F|100\/100\n|switch|p2a: Hippowdon|Hippowdon, F|100\/100\n|-weather|Sandstorm|[from] ability: Sand Stream|[of] p2a: Hippowdon\n|turn|1\n|\n|t:|1699816330\n|switch|p2a: Lycanroc|Lycanroc, M, shiny|100\/100\n|move|p1a: Talonflame|Rain Dance|p1a: Talonflame\n|-weather|RainDance\n|\n|-weather|RainDance|[upkeep]\n|upkeep\n|turn|2\n|c|\u2606connexus200|What\n|\n|t:|1699816345\n|-terastallize|p1a: Talonflame|Water\n|move|p1a: Talonflame|Will-O-Wisp|p2a: Lycanroc\n|-status|p2a: Lycanroc|brn\n|move|p2a: Lycanroc|Swords Dance|p2a: Lycanroc\n|-boost|p2a: Lycanroc|atk|2\n|\n|-weather|RainDance|[upkeep]\n|-damage|p2a: Lycanroc|94\/100 brn|[from] brn\n|upkeep\n|turn|3\n|\n|t:|1699816359\n|move|p1a: Talonflame|Hurricane|p2a: Lycanroc\n|-resisted|p2a: Lycanroc\n|-damage|p2a: Lycanroc|70\/100 brn\n|move|p2a: Lycanroc|Stone Edge|p1a: Talonflame|[miss]\n|-miss|p2a: Lycanroc|p1a: Talonflame\n|\n|-weather|RainDance|[upkeep]\n|-damage|p2a: Lycanroc|64\/100 brn|[from] brn\n|upkeep\n|turn|4\n|\n|t:|1699816368\n|move|p1a: Talonflame|Hurricane|p2a: Lycanroc\n|-resisted|p2a: Lycanroc\n|-damage|p2a: Lycanroc|40\/100 brn\n|move|p2a: Lycanroc|Stone Edge|p1a: Talonflame\n|-damage|p1a: Talonflame|21\/100\n|-damage|p2a: Lycanroc|30\/100 brn|[from] item: Life Orb\n|\n|-weather|RainDance|[upkeep]\n|-damage|p2a: Lycanroc|24\/100 brn|[from] brn\n|upkeep\n|turn|5\n|\n|t:|1699816388\n|move|p2a: Lycanroc|Accelerock|p1a: Talonflame\n|-damage|p1a: Talonflame|0 fnt\n|faint|p1a: Talonflame\n|-damage|p2a: Lycanroc|14\/100 brn|[from] item: Life Orb\n|\n|-weather|RainDance|[upkeep]\n|-damage|p2a: Lycanroc|8\/100 brn|[from] brn\n|upkeep\n|\n|t:|1699816393\n|switch|p1a: Alomomola|Alomomola, F|100\/100\n|turn|6\n|\n|t:|1699816401\n|move|p2a: Lycanroc|Stone Edge|p1a: Alomomola\n|-crit|p1a: Alomomola\n|-damage|p1a: Alomomola|38\/100\n|-enditem|p1a: Alomomola|Red Card|[of] p2a: Lycanroc\n|drag|p2a: Great Tusk|Great Tusk|100\/100\n|-enditem|p2a: Great Tusk|Booster Energy\n|-activate|p2a: Great Tusk|ability: Protosynthesis|[fromitem]\n|-start|p2a: Great Tusk|protosynthesisspe\n|move|p1a: Alomomola|Scald|p2a: Great Tusk\n|-supereffective|p2a: Great Tusk\n|-damage|p2a: Great Tusk|49\/100\n|\n|-weather|RainDance|[upkeep]\n|upkeep\n|turn|7\n|\n|t:|1699816431\n|move|p2a: Great Tusk|Close Combat|p1a: Alomomola\n|-damage|p1a: Alomomola|8\/100\n|-unboost|p2a: Great Tusk|def|1\n|-unboost|p2a: Great Tusk|spd|1\n|move|p1a: Alomomola|Wish|p1a: Alomomola\n|\n|-weather|RainDance|[upkeep]\n|upkeep\n|turn|8\n|\n|t:|1699816450\n|switch|p1a: Slowking|Slowking-Galar, F|100\/100\n|move|p2a: Great Tusk|Earthquake|p1a: Slowking\n|-supereffective|p1a: Slowking\n|-damage|p1a: Slowking|13\/100\n|\n|-weather|none\n|-heal|p1a: Slowking|73\/100|[from] move: Wish|[wisher] Alomomola\n|upkeep\n|turn|9\n|\n|t:|1699816475\n|move|p2a: Great Tusk|Earthquake|p1a: Slowking\n|-supereffective|p1a: Slowking\n|-damage|p1a: Slowking|0 fnt\n|faint|p1a: Slowking\n|\n|upkeep\n|\n|t:|1699816484\n|switch|p1a: Quaquaval|Quaquaval, M|100\/100\n|turn|10\n|\n|t:|1699816491\n|move|p2a: Great Tusk|Close Combat|p1a: Quaquaval\n|-damage|p1a: Quaquaval|37\/100\n|-unboost|p2a: Great Tusk|def|1\n|-unboost|p2a: Great Tusk|spd|1\n|move|p1a: Quaquaval|Aqua Step|p2a: Great Tusk\n|-supereffective|p2a: Great Tusk\n|-damage|p2a: Great Tusk|0 fnt\n|-boost|p1a: Quaquaval|spe|1\n|faint|p2a: Great Tusk\n|-end|p2a: Great Tusk|Protosynthesis|[silent]\n|-ability|p1a: Quaquaval|Moxie|boost\n|-boost|p1a: Quaquaval|atk|1\n|\n|upkeep\n|\n|t:|1699816502\n|switch|p2a: Landorus|Landorus-Therian, M|100\/100\n|-ability|p2a: Landorus|Intimidate|boost\n|-unboost|p1a: Quaquaval|atk|1\n|turn|11\n|\n|t:|1699816512\n|move|p2a: Landorus|Earthquake|p1a: Quaquaval\n|-damage|p1a: Quaquaval|0 fnt\n|faint|p1a: Quaquaval\n|\n|upkeep\n|\n|t:|1699816516\n|switch|p1a: Thundurus|Thundurus-Therian, M|100\/100\n|turn|12\n|\n|t:|1699816521\n|switch|p2a: Hippowdon|Hippowdon, F|100\/100\n|-weather|Sandstorm|[from] ability: Sand Stream|[of] p2a: Hippowdon\n|move|p1a: Thundurus|Grass Knot|p2a: Hippowdon\n|-supereffective|p2a: Hippowdon\n|-damage|p2a: Hippowdon|0 fnt\n|faint|p2a: Hippowdon\n|\n|-weather|Sandstorm|[upkeep]\n|-damage|p1a: Thundurus|94\/100|[from] Sandstorm\n|upkeep\n|\n|t:|1699816524\n|switch|p2a: Lycanroc|Lycanroc, M, shiny|8\/100 brn\n|turn|13\n|\n|t:|1699816531\n|move|p2a: Lycanroc|Accelerock|p1a: Thundurus\n|-supereffective|p1a: Thundurus\n|-damage|p1a: Thundurus|51\/100\n|-damage|p2a: Lycanroc|0 fnt|[from] item: Life Orb\n|faint|p2a: Lycanroc\n|move|p1a: Thundurus|Grass Knot|p2: Lycanroc|[notarget]\n|-fail|p1a: Thundurus\n|\n|-weather|Sandstorm|[upkeep]\n|-damage|p1a: Thundurus|45\/100|[from] Sandstorm\n|upkeep\n|\n|t:|1699816543\n|switch|p2a: Sandy Shocks|Sandy Shocks|100\/100\n|turn|14\n|\n|t:|1699816548\n|-terastallize|p2a: Sandy Shocks|Ice\n|move|p2a: Sandy Shocks|Tera Blast|p1a: Thundurus|[anim] Tera Blast Ice\n|-supereffective|p1a: Thundurus\n|-damage|p1a: Thundurus|0 fnt\n|faint|p1a: Thundurus\n|\n|-weather|Sandstorm|[upkeep]\n|-damage|p2a: Sandy Shocks|94\/100|[from] Sandstorm\n|upkeep\n|\n|t:|1699816555\n|switch|p1a: Alomomola|Alomomola, F|41\/100\n|turn|15\n|\n|t:|1699816571\n|-end|p2a: Sandy Shocks|Protosynthesis|[silent]\n|switch|p2a: Empoleon|Empoleon, M|100\/100\n|move|p1a: Alomomola|Wish|p1a: Alomomola\n|\n|-weather|Sandstorm|[upkeep]\n|-damage|p1a: Alomomola|35\/100|[from] Sandstorm\n|upkeep\n|turn|16\n|\n|t:|1699816588\n|switch|p1a: Great Tusk|Great Tusk|100\/100\n|move|p2a: Empoleon|Ice Beam|p1a: Great Tusk\n|-supereffective|p1a: Great Tusk\n|-damage|p1a: Great Tusk|31\/100\n|\n|-weather|Sandstorm|[upkeep]\n|-heal|p1a: Great Tusk|95\/100|[from] move: Wish|[wisher] Alomomola\n|upkeep\n|turn|17\n|\n|t:|1699816603\n|move|p1a: Great Tusk|Headlong Rush|p2a: Empoleon\n|-supereffective|p2a: Empoleon\n|-damage|p2a: Empoleon|0 fnt\n|-unboost|p1a: Great Tusk|def|1\n|-unboost|p1a: Great Tusk|spd|1\n|faint|p2a: Empoleon\n|\n|-weather|Sandstorm|[upkeep]\n|upkeep\n|\n|t:|1699816609\n|switch|p2a: Sandy Shocks|Sandy Shocks, tera:Ice|94\/100\n|turn|18\n|\n|t:|1699816631\n|move|p2a: Sandy Shocks|Tera Blast|p1a: Great Tusk|[anim] Tera Blast Ice\n|-supereffective|p1a: Great Tusk\n|-damage|p1a: Great Tusk|0 fnt\n|faint|p1a: Great Tusk\n|-end|p1a: Great Tusk|Protosynthesis|[silent]\n|\n|-weather|Sandstorm|[upkeep]\n|-damage|p2a: Sandy Shocks|88\/100|[from] Sandstorm\n|upkeep\n|\n|t:|1699816634\n|switch|p1a: Alomomola|Alomomola, F|69\/100\n|turn|19\n|\n|t:|1699816644\n|-end|p2a: Sandy Shocks|Protosynthesis|[silent]\n|switch|p2a: Landorus|Landorus-Therian, M|100\/100\n|-ability|p2a: Landorus|Intimidate|boost\n|-unboost|p1a: Alomomola|atk|1\n|move|p1a: Alomomola|Acrobatics|p2a: Landorus\n|-damage|p2a: Landorus|85\/100\n|\n|-weather|none\n|upkeep\n|turn|20\n|\n|t:|1699816682\n|move|p2a: Landorus|Earthquake|p1a: Alomomola\n|-damage|p1a: Alomomola|31\/100\n|move|p1a: Alomomola|Scald|p2a: Landorus\n|-supereffective|p2a: Landorus\n|-damage|p2a: Landorus|52\/100\n|\n|upkeep\n|turn|21\n|\n|t:|1699816691\n|move|p2a: Landorus|Earthquake|p1a: Alomomola\n|-damage|p1a: Alomomola|0 fnt\n|faint|p1a: Alomomola\n|\n|win|connexus200\n|raw|G4xd's rating: 1000 &rarr; <strong>1000<\/strong><br \/>(+0 for losing)\n|raw|connexus200's rating: 1070 &rarr; <strong>1094<\/strong><br \/>(+24 for winning)\n|l|\u2606G4xd\n","uploadtime":1699816765,"views":21,"p1id":"g4xd","p2id":"connexus200","formatid":"gen9ou","rating":1000,"private":0,"password":""}