{"id":"gen9ou-1995857880","p1":"qazniak","p2":"joako089","format":"[Gen 9] OU","log":"|j|\u2606qazniak\n|j|\u2606joako089\n|t:|1700610355\n|gametype|singles\n|player|p1|qazniak|101|1012\n|player|p2|joako089|koga|1010\n|teamsize|p1|6\n|teamsize|p2|6\n|gen|9\n|tier|[Gen 9] OU\n|rated|\n|rule|Sleep Clause Mod: Limit one foe put to sleep\n|rule|Species Clause: Limit one of each Pok\u00e9mon\n|rule|OHKO Clause: OHKO moves are banned\n|rule|Evasion Items Clause: Evasion items are banned\n|rule|Evasion Moves Clause: Evasion moves are banned\n|rule|Endless Battle Clause: Forcing endless battles is banned\n|rule|HP Percentage Mod: HP is shown in percentages\n|clearpoke\n|poke|p1|Arcanine-Hisui, M|\n|poke|p1|Chandelure, F|\n|poke|p1|Ceruledge, M|\n|poke|p1|Corviknight, M|\n|poke|p1|Clodsire, M|\n|poke|p1|Coalossal, M|\n|poke|p2|Florges, F|\n|poke|p2|Great Tusk|\n|poke|p2|Rotom-Wash|\n|poke|p2|Gyarados, M|\n|poke|p2|Ogerpon-Wellspring, F|\n|poke|p2|Grimmsnarl, M|\n|teampreview\n|\n|t:|1700610375\n|start\n|switch|p1a: Ceruledge|Ceruledge, M|100\/100\n|switch|p2a: Rotom|Rotom-Wash|100\/100\n|turn|1\n|inactive|Battle timer is ON: inactive players will automatically lose when time's up. (requested by qazniak)\n|\n|t:|1700610400\n|switch|p1a: Clodsire|Clodsire, M|100\/100\n|move|p2a: Rotom|Volt Switch|p1a: Clodsire\n|-immune|p1a: Clodsire\n|\n|upkeep\n|turn|2\n|\n|t:|1700610414\n|switch|p2a: Gyarados|Gyarados, M|100\/100\n|-ability|p2a: Gyarados|Intimidate|boost\n|-unboost|p1a: Clodsire|atk|1\n|move|p1a: Clodsire|Toxic|p2a: Gyarados\n|-status|p2a: Gyarados|tox\n|\n|-damage|p2a: Gyarados|94\/100 tox|[from] psn\n|upkeep\n|turn|3\n|\n|t:|1700610431\n|move|p2a: Gyarados|Taunt|p1a: Clodsire\n|-start|p1a: Clodsire|move: Taunt\n|move|p1a: Clodsire|Poison Jab|p2a: Gyarados\n|-damage|p2a: Gyarados|81\/100 tox\n|\n|-damage|p2a: Gyarados|69\/100 tox|[from] psn\n|upkeep\n|turn|4\n|\n|t:|1700610443\n|move|p2a: Gyarados|Scald|p1a: Clodsire\n|-immune|p1a: Clodsire|[from] ability: Water Absorb\n|move|p1a: Clodsire|Poison Jab|p2a: Gyarados\n|-damage|p2a: Gyarados|55\/100 tox\n|\n|-damage|p2a: Gyarados|37\/100 tox|[from] psn\n|upkeep\n|-enditem|p2a: Gyarados|Sitrus Berry|[eat]\n|-heal|p2a: Gyarados|61\/100 tox|[from] item: Sitrus Berry\n|turn|5\n|\n|t:|1700610456\n|switch|p2a: Great Tusk|Great Tusk|100\/100\n|move|p1a: Clodsire|Poison Jab|p2a: Great Tusk\n|-resisted|p2a: Great Tusk\n|-damage|p2a: Great Tusk|95\/100\n|-status|p2a: Great Tusk|psn\n|-damage|p1a: Clodsire|84\/100|[from] item: Rocky Helmet|[of] p2a: Great Tusk\n|\n|-heal|p1a: Clodsire|90\/100|[from] item: Black Sludge\n|-damage|p2a: Great Tusk|83\/100 psn|[from] psn\n|-end|p1a: Clodsire|move: Taunt\n|upkeep\n|turn|6\n|\n|t:|1700610471\n|switch|p1a: Corviknight|Corviknight, M|100\/100\n|move|p2a: Great Tusk|Stealth Rock|p1a: Corviknight\n|-sidestart|p1: qazniak|move: Stealth Rock\n|\n|-damage|p2a: Great Tusk|71\/100 psn|[from] psn\n|upkeep\n|turn|7\n|\n|t:|1700610479\n|-end|p2a: Great Tusk|Protosynthesis|[silent]\n|switch|p2a: Grimmsnarl|Grimmsnarl, M|100\/100\n|move|p1a: Corviknight|Iron Defense|p1a: Corviknight\n|-boost|p1a: Corviknight|def|2\n|\n|upkeep\n|turn|8\n|\n|t:|1700610486\n|move|p2a: Grimmsnarl|Fake Out|p1a: Corviknight\n|-resisted|p1a: Corviknight\n|-damage|p1a: Corviknight|98\/100\n|-damage|p2a: Grimmsnarl|84\/100|[from] item: Rocky Helmet|[of] p1a: Corviknight\n|cant|p1a: Corviknight|flinch\n|\n|upkeep\n|turn|9\n|\n|t:|1700610493\n|move|p2a: Grimmsnarl|Reflect|p2a: Grimmsnarl\n|-sidestart|p2: joako089|Reflect\n|move|p1a: Corviknight|Defog|p2a: Grimmsnarl\n|-unboost|p2a: Grimmsnarl|evasion|1\n|-sideend|p2: joako089|Reflect\n|-sideend|p1: qazniak|Stealth Rock|[from] move: Defog|[of] p1a: Corviknight\n|\n|upkeep\n|turn|10\n|\n|t:|1700610519\n|move|p2a: Grimmsnarl|Reflect|p2a: Grimmsnarl\n|-sidestart|p2: joako089|Reflect\n|move|p1a: Corviknight|Body Press|p2a: Grimmsnarl\n|-damage|p2a: Grimmsnarl|50\/100\n|\n|upkeep\n|turn|11\n|\n|t:|1700610525\n|move|p2a: Grimmsnarl|Light Screen|p2a: Grimmsnarl\n|-sidestart|p2: joako089|move: Light Screen\n|move|p1a: Corviknight|Defog|p2a: Grimmsnarl\n|-unboost|p2a: Grimmsnarl|evasion|1\n|-sideend|p2: joako089|Reflect\n|-sideend|p2: joako089|move: Light Screen\n|\n|upkeep\n|turn|12\n|\n|t:|1700610535\n|move|p2a: Grimmsnarl|Reflect|p2a: Grimmsnarl\n|-sidestart|p2: joako089|Reflect\n|move|p1a: Corviknight|Iron Defense|p1a: Corviknight\n|-boost|p1a: Corviknight|def|2\n|\n|upkeep\n|turn|13\n|\n|t:|1700610541\n|switch|p2a: Gyarados|Gyarados, M|61\/100 tox\n|-ability|p2a: Gyarados|Intimidate|boost\n|-ability|p1a: Corviknight|Mirror Armor\n|-unboost|p2a: Gyarados|atk|1\n|move|p1a: Corviknight|Defog|p2a: Gyarados\n|-unboost|p2a: Gyarados|evasion|1\n|-sideend|p2: joako089|Reflect\n|\n|-damage|p2a: Gyarados|55\/100 tox|[from] psn\n|upkeep\n|turn|14\n|\n|t:|1700610561\n|move|p2a: Gyarados|Taunt|p1a: Corviknight\n|-start|p1a: Corviknight|move: Taunt\n|move|p1a: Corviknight|Body Press|p2a: Gyarados\n|-resisted|p2a: Gyarados\n|-damage|p2a: Gyarados|19\/100 tox\n|\n|-damage|p2a: Gyarados|7\/100 tox|[from] psn\n|upkeep\n|turn|15\n|\n|t:|1700610572\n|move|p2a: Gyarados|Scald|p1a: Corviknight\n|-damage|p1a: Corviknight|83\/100\n|move|p1a: Corviknight|Body Press|p2a: Gyarados\n|-resisted|p2a: Gyarados\n|-damage|p2a: Gyarados|0 fnt\n|faint|p2a: Gyarados\n|\n|upkeep\n|\n|t:|1700610587\n|switch|p2a: Florges|Florges, F|100\/100\n|turn|16\n|\n|t:|1700610599\n|switch|p2a: Rotom|Rotom-Wash|100\/100\n|move|p1a: Corviknight|Body Press|p2a: Rotom\n|-damage|p2a: Rotom|0 fnt\n|faint|p2a: Rotom\n|\n|-end|p1a: Corviknight|move: Taunt\n|upkeep\n|\n|t:|1700610608\n|switch|p2a: Grimmsnarl|Grimmsnarl, M|50\/100\n|turn|17\n|\n|t:|1700610616\n|move|p2a: Grimmsnarl|Fake Out|p1a: Corviknight\n|-resisted|p1a: Corviknight\n|-damage|p1a: Corviknight|81\/100\n|-damage|p2a: Grimmsnarl|34\/100|[from] item: Rocky Helmet|[of] p1a: Corviknight\n|cant|p1a: Corviknight|flinch\n|\n|upkeep\n|turn|18\n|\n|t:|1700610628\n|move|p1a: Corviknight|Body Press|p2a: Grimmsnarl\n|-damage|p2a: Grimmsnarl|0 fnt\n|faint|p2a: Grimmsnarl\n|\n|upkeep\n|\n|t:|1700610635\n|switch|p2a: Ogerpon|Ogerpon-Wellspring, F|100\/100\n|turn|19\n|\n|t:|1700610648\n|move|p2a: Ogerpon|Spiky Shield|p2a: Ogerpon\n|-singleturn|p2a: Ogerpon|move: Protect\n|move|p1a: Corviknight|Body Press|p2a: Ogerpon\n|-activate|p2a: Ogerpon|move: Protect\n|-damage|p1a: Corviknight|69\/100|[from] Spiky Shield|[of] p2a: Ogerpon\n|\n|upkeep\n|turn|20\n|\n|t:|1700610662\n|move|p2a: Ogerpon|U-turn|p1a: Corviknight\n|-resisted|p1a: Corviknight\n|-damage|p1a: Corviknight|68\/100\n|-damage|p2a: Ogerpon|84\/100|[from] item: Rocky Helmet|[of] p1a: Corviknight\n|\n|t:|1700610667\n|switch|p2a: Great Tusk|Great Tusk|71\/100 psn|[from] U-turn\n|move|p1a: Corviknight|Body Press|p2a: Great Tusk\n|-damage|p2a: Great Tusk|25\/100 psn\n|-damage|p1a: Corviknight|51\/100|[from] item: Rocky Helmet|[of] p2a: Great Tusk\n|\n|-damage|p2a: Great Tusk|12\/100 psn|[from] psn\n|upkeep\n|turn|21\n|\n|t:|1700610683\n|move|p2a: Great Tusk|Knock Off|p1a: Corviknight\n|-damage|p1a: Corviknight|45\/100\n|-damage|p2a: Great Tusk|0 fnt|[from] item: Rocky Helmet|[of] p1a: Corviknight\n|faint|p2a: Great Tusk\n|-end|p2a: Great Tusk|Protosynthesis|[silent]\n|move|p1a: Corviknight|Roost|p1a: Corviknight\n|-heal|p1a: Corviknight|95\/100\n|-singleturn|p1a: Corviknight|move: Roost\n|\n|upkeep\n|\n|t:|1700610693\n|switch|p2a: Ogerpon|Ogerpon-Wellspring, F|84\/100\n|turn|22\n|\n|t:|1700610698\n|move|p2a: Ogerpon|Spiky Shield|p2a: Ogerpon\n|-singleturn|p2a: Ogerpon|move: Protect\n|move|p1a: Corviknight|Iron Defense|p1a: Corviknight\n|-boost|p1a: Corviknight|def|2\n|\n|upkeep\n|turn|23\n|\n|t:|1700610705\n|move|p2a: Ogerpon|U-turn|p1a: Corviknight\n|-resisted|p1a: Corviknight\n|-damage|p1a: Corviknight|94\/100\n|-damage|p2a: Ogerpon|67\/100|[from] item: Rocky Helmet|[of] p1a: Corviknight\n|\n|t:|1700610712\n|switch|p2a: Florges|Florges, F|100\/100|[from] U-turn\n|move|p1a: Corviknight|Body Press|p2a: Florges\n|-resisted|p2a: Florges\n|-damage|p2a: Florges|37\/100\n|\n|-heal|p2a: Florges|43\/100|[from] item: Leftovers\n|upkeep\n|turn|24\n|\n|t:|1700610723\n|move|p2a: Florges|Moonblast|p1a: Corviknight\n|-resisted|p1a: Corviknight\n|-damage|p1a: Corviknight|77\/100\n|move|p1a: Corviknight|Body Press|p2a: Florges\n|-resisted|p2a: Florges\n|-damage|p2a: Florges|0 fnt\n|faint|p2a: Florges\n|\n|upkeep\n|\n|t:|1700610732\n|switch|p2a: Ogerpon|Ogerpon-Wellspring, F|67\/100\n|turn|25\n|\n|t:|1700610735\n|-terastallize|p2a: Ogerpon|Water\n|detailschange|p2a: Ogerpon|Ogerpon-Wellspring-Tera, F, tera:Water\n|-ability|p2a: Ogerpon|Embody Aspect (Wellspring)|boost\n|-boost|p2a: Ogerpon|spd|1\n|move|p2a: Ogerpon|Ivy Cudgel|p1a: Corviknight|[anim] Ivy Cudgel Water\n|-damage|p1a: Corviknight|64\/100\n|move|p1a: Corviknight|Body Press|p2a: Ogerpon\n|-damage|p2a: Ogerpon|0 fnt\n|faint|p2a: Ogerpon\n|\n|win|qazniak\n|raw|qazniak's rating: 1012 &rarr; <strong>1050<\/strong><br \/>(+38 for winning)\n|raw|joako089's rating: 1010 &rarr; <strong>1000<\/strong><br \/>(-10 for losing)\n","uploadtime":1700610753,"views":13,"p1id":"qazniak","p2id":"joako089","formatid":"gen9ou","rating":1000,"private":0,"password":""}