{"id":"gen9ou-1989181900","p1":"elcorazontucun","p2":"CoolioM8","format":"[Gen 9] OU","log":"|j|\u2606elcorazontucun\n|j|\u2606CoolioM8\n|t:|1699820839\n|gametype|singles\n|player|p1|elcorazontucun|cyrus|1238\n|player|p2|CoolioM8|caitlin-masters|1237\n|teamsize|p1|6\n|teamsize|p2|6\n|gen|9\n|tier|[Gen 9] OU\n|rated|\n|rule|Sleep Clause Mod: Limit one foe put to sleep\n|rule|Species Clause: Limit one of each Pok\u00e9mon\n|rule|OHKO Clause: OHKO moves are banned\n|rule|Evasion Items Clause: Evasion items are banned\n|rule|Evasion Moves Clause: Evasion moves are banned\n|rule|Endless Battle Clause: Forcing endless battles is banned\n|rule|HP Percentage Mod: HP is shown in percentages\n|clearpoke\n|poke|p1|Ninetales-Alola, M|\n|poke|p1|Weavile, F|\n|poke|p1|Kingambit, F|\n|poke|p1|Iron Moth|\n|poke|p1|Corviknight, F|\n|poke|p1|Landorus-Therian, M|\n|poke|p2|Ninetales-Alola, F|\n|poke|p2|Kommo-o, F|\n|poke|p2|Frosmoth, F|\n|poke|p2|Great Tusk|\n|poke|p2|Kingambit, M|\n|poke|p2|Iron Moth|\n|teampreview\n|inactive|Battle timer is ON: inactive players will automatically lose when time's up. (requested by elcorazontucun)\n|\n|t:|1699820854\n|start\n|switch|p1a: Kingambit|Kingambit, F|100\/100\n|switch|p2a: Foreman|Iron Moth|100\/100\n|-enditem|p2a: Foreman|Booster Energy\n|-activate|p2a: Foreman|ability: Quark Drive|[fromitem]\n|-start|p2a: Foreman|quarkdrivespe\n|turn|1\n|\n|t:|1699820862\n|move|p2a: Foreman|Fiery Dance|p1a: Kingambit\n|-supereffective|p1a: Kingambit\n|-damage|p1a: Kingambit|18\/100\n|-boost|p2a: Foreman|spa|1\n|move|p1a: Kingambit|Kowtow Cleave|p2a: Foreman\n|-damage|p2a: Foreman|17\/100\n|\n|-heal|p1a: Kingambit|25\/100|[from] item: Leftovers\n|upkeep\n|turn|2\n|\n|t:|1699820868\n|-end|p2a: Foreman|Quark Drive|[silent]\n|switch|p2a: Amazing Tusks|Great Tusk|100\/100\n|move|p1a: Kingambit|Sucker Punch||[still]\n|-fail|p1a: Kingambit\n|\n|-heal|p1a: Kingambit|31\/100|[from] item: Leftovers\n|upkeep\n|turn|3\n|\n|t:|1699820873\n|move|p2a: Amazing Tusks|Knock Off|p1a: Kingambit\n|-resisted|p1a: Kingambit\n|-damage|p1a: Kingambit|18\/100\n|-enditem|p1a: Kingambit|Leftovers|[from] move: Knock Off|[of] p2a: Amazing Tusks\n|move|p1a: Kingambit|Iron Head|p2a: Amazing Tusks\n|-damage|p2a: Amazing Tusks|67\/100\n|\n|upkeep\n|turn|4\n|\n|t:|1699820876\n|move|p2a: Amazing Tusks|Earthquake|p1a: Kingambit\n|-supereffective|p1a: Kingambit\n|-damage|p1a: Kingambit|0 fnt\n|faint|p1a: Kingambit\n|-end|p1a: Kingambit|fallenundefined|[silent]\n|\n|upkeep\n|\n|t:|1699820882\n|switch|p1a: Iron Moth|Iron Moth|100\/100\n|-enditem|p1a: Iron Moth|Booster Energy\n|-activate|p1a: Iron Moth|ability: Quark Drive|[fromitem]\n|-start|p1a: Iron Moth|quarkdrivespe\n|turn|5\n|\n|t:|1699820887\n|move|p1a: Iron Moth|Psychic|p2a: Amazing Tusks\n|-supereffective|p2a: Amazing Tusks\n|-damage|p2a: Amazing Tusks|0 fnt\n|faint|p2a: Amazing Tusks\n|-end|p2a: Amazing Tusks|Protosynthesis|[silent]\n|\n|upkeep\n|\n|t:|1699820891\n|switch|p2a: Godfather|Kingambit, M|100\/100\n|-activate|p2a: Godfather|ability: Supreme Overlord\n|-start|p2a: Godfather|fallen1|[silent]\n|turn|6\n|\n|t:|1699820900\n|move|p1a: Iron Moth|Fiery Dance|p2a: Godfather\n|-supereffective|p2a: Godfather\n|-damage|p2a: Godfather|17\/100\n|move|p2a: Godfather|Kowtow Cleave|p1a: Iron Moth\n|-damage|p1a: Iron Moth|0 fnt\n|faint|p1a: Iron Moth\n|-end|p1a: Iron Moth|Quark Drive|[silent]\n|\n|upkeep\n|\n|t:|1699820910\n|switch|p1a: Ninetales|Ninetales-Alola, M|100\/100\n|-weather|Snow|[from] ability: Snow Warning|[of] p1a: Ninetales\n|turn|7\n|\n|t:|1699820914\n|move|p1a: Ninetales|Moonblast|p2a: Godfather\n|-damage|p2a: Godfather|0 fnt\n|faint|p2a: Godfather\n|-end|p2a: Godfather|fallen1|[silent]\n|\n|-weather|Snow|[upkeep]\n|upkeep\n|\n|t:|1699820919\n|switch|p2a: Amelia|Ninetales-Alola, F|100\/100\n|turn|8\n|\n|t:|1699820922\n|move|p1a: Ninetales|Aurora Veil|p1a: Ninetales\n|-sidestart|p1: elcorazontucun|move: Aurora Veil\n|move|p2a: Amelia|Encore|p1a: Ninetales\n|-start|p1a: Ninetales|Encore\n|\n|-weather|Snow|[upkeep]\n|upkeep\n|turn|9\n|\n|t:|1699820928\n|switch|p1a: Corviknight|Corviknight, F|100\/100\n|-ability|p1a: Corviknight|Pressure\n|move|p2a: Amelia|Aurora Veil|p2a: Amelia\n|-sidestart|p2: CoolioM8|move: Aurora Veil\n|\n|-weather|Snow|[upkeep]\n|upkeep\n|turn|10\n|\n|t:|1699820936\n|switch|p1a: Weavile|Weavile, F|100\/100\n|-ability|p1a: Weavile|Pressure\n|move|p2a: Amelia|Freeze-Dry|p1a: Weavile\n|-resisted|p1a: Weavile\n|-damage|p1a: Weavile|92\/100\n|\n|-weather|Snow|[upkeep]\n|upkeep\n|turn|11\n|\n|t:|1699820942\n|-terastallize|p1a: Weavile|Ice\n|move|p1a: Weavile|Swords Dance|p1a: Weavile\n|-boost|p1a: Weavile|atk|2\n|move|p2a: Amelia|Moonblast|p1a: Weavile\n|-damage|p1a: Weavile|66\/100\n|\n|-weather|none\n|upkeep\n|turn|12\n|\n|t:|1699820952\n|move|p1a: Weavile|Knock Off|p2a: Amelia\n|-resisted|p2a: Amelia\n|-damage|p2a: Amelia|65\/100\n|-enditem|p2a: Amelia|Light Clay|[from] move: Knock Off|[of] p1a: Weavile\n|move|p2a: Amelia|Encore|p1a: Weavile\n|-start|p1a: Weavile|Encore\n|\n|upkeep\n|turn|13\n|\n|t:|1699820961\n|switch|p2a: Cleo-o|Kommo-o, F|100\/100\n|move|p1a: Weavile|Knock Off|p2a: Cleo-o\n|-resisted|p2a: Cleo-o\n|-damage|p2a: Cleo-o|78\/100\n|-enditem|p2a: Cleo-o|Throat Spray|[from] move: Knock Off|[of] p1a: Weavile\n|\n|upkeep\n|turn|14\n|\n|t:|1699820965\n|move|p1a: Weavile|Knock Off|p2a: Cleo-o\n|-resisted|p2a: Cleo-o\n|-damage|p2a: Cleo-o|64\/100\n|move|p2a: Cleo-o|Drain Punch|p1a: Weavile\n|-supereffective|p1a: Weavile\n|-crit|p1a: Weavile\n|-damage|p1a: Weavile|0 fnt\n|-heal|p2a: Cleo-o|96\/100|[from] drain|[of] p1a: Weavile\n|faint|p1a: Weavile\n|\n|upkeep\n|\n|t:|1699820970\n|switch|p1a: Ninetales|Ninetales-Alola, M|100\/100\n|-weather|Snow|[from] ability: Snow Warning|[of] p1a: Ninetales\n|turn|15\n|\n|t:|1699820975\n|-terastallize|p2a: Cleo-o|Normal\n|move|p1a: Ninetales|Blizzard|p2a: Cleo-o\n|-damage|p2a: Cleo-o|76\/100\n|move|p2a: Cleo-o|Clangorous Soul|p2a: Cleo-o\n|-boost|p2a: Cleo-o|atk|1\n|-boost|p2a: Cleo-o|def|1\n|-boost|p2a: Cleo-o|spa|1\n|-boost|p2a: Cleo-o|spd|1\n|-boost|p2a: Cleo-o|spe|1\n|-damage|p2a: Cleo-o|43\/100\n|\n|-weather|Snow|[upkeep]\n|-sideend|p1: elcorazontucun|move: Aurora Veil\n|upkeep\n|turn|16\n|\n|t:|1699820983\n|move|p2a: Cleo-o|Boomburst|p1a: Ninetales\n|-damage|p1a: Ninetales|7\/100\n|move|p1a: Ninetales|Blizzard|p2a: Cleo-o\n|-damage|p2a: Cleo-o|29\/100\n|\n|-weather|Snow|[upkeep]\n|-sideend|p2: CoolioM8|move: Aurora Veil\n|upkeep\n|turn|17\n|\n|t:|1699820988\n|move|p2a: Cleo-o|Boomburst|p1a: Ninetales\n|-damage|p1a: Ninetales|0 fnt\n|faint|p1a: Ninetales\n|\n|-weather|Snow|[upkeep]\n|upkeep\n|\n|t:|1699820989\n|switch|p1a: Landorus|Landorus-Therian, M|100\/100\n|-ability|p1a: Landorus|Intimidate|boost\n|-unboost|p2a: Cleo-o|atk|1\n|turn|18\n|\n|t:|1699820991\n|move|p1a: Landorus|Earthquake|p2a: Cleo-o\n|-damage|p2a: Cleo-o|0 fnt\n|faint|p2a: Cleo-o\n|\n|-weather|Snow|[upkeep]\n|upkeep\n|\n|t:|1699820997\n|switch|p2a: Amelia|Ninetales-Alola, F|65\/100\n|turn|19\n|\n|t:|1699821001\n|switch|p1a: Corviknight|Corviknight, F|100\/100\n|-ability|p1a: Corviknight|Pressure\n|move|p2a: Amelia|Aurora Veil|p2a: Amelia\n|-sidestart|p2: CoolioM8|move: Aurora Veil\n|\n|-weather|none\n|upkeep\n|turn|20\n|\n|t:|1699821004\n|move|p2a: Amelia|Freeze-Dry|p1a: Corviknight\n|-damage|p1a: Corviknight|79\/100\n|move|p1a: Corviknight|Iron Defense|p1a: Corviknight\n|-boost|p1a: Corviknight|def|2\n|\n|upkeep\n|turn|21\n|\n|t:|1699821006\n|move|p2a: Amelia|Encore|p1a: Corviknight\n|-start|p1a: Corviknight|Encore\n|move|p1a: Corviknight|Iron Defense|p1a: Corviknight\n|-boost|p1a: Corviknight|def|2\n|\n|upkeep\n|turn|22\n|\n|t:|1699821008\n|move|p2a: Amelia|Freeze-Dry|p1a: Corviknight\n|-damage|p1a: Corviknight|58\/100\n|move|p1a: Corviknight|Iron Defense|p1a: Corviknight\n|-boost|p1a: Corviknight|def|2\n|\n|upkeep\n|turn|23\n|\n|t:|1699821011\n|move|p2a: Amelia|Freeze-Dry|p1a: Corviknight\n|-damage|p1a: Corviknight|38\/100\n|-status|p1a: Corviknight|frz\n|cant|p1a: Corviknight|frz\n|\n|-end|p1a: Corviknight|Encore\n|-sideend|p2: CoolioM8|move: Aurora Veil\n|upkeep\n|turn|24\n|\n|t:|1699821015\n|move|p2a: Amelia|Encore|p1a: Corviknight\n|-start|p1a: Corviknight|Encore\n|cant|p1a: Corviknight|frz\n|\n|upkeep\n|turn|25\n|\n|t:|1699821017\n|move|p2a: Amelia|Freeze-Dry|p1a: Corviknight\n|-damage|p1a: Corviknight|16\/100 frz\n|cant|p1a: Corviknight|frz\n|\n|upkeep\n|turn|26\n|\n|t:|1699821020\n|move|p2a: Amelia|Freeze-Dry|p1a: Corviknight\n|-damage|p1a: Corviknight|0 fnt\n|faint|p1a: Corviknight\n|\n|upkeep\n|\n|t:|1699821022\n|switch|p1a: Landorus|Landorus-Therian, M|100\/100\n|-ability|p1a: Landorus|Intimidate|boost\n|-unboost|p2a: Amelia|atk|1\n|turn|27\n|\n|t:|1699821025\n|switch|p2a: Foreman|Iron Moth|17\/100\n|move|p1a: Landorus|Stone Edge|p2a: Foreman|[miss]\n|-miss|p1a: Landorus|p2a: Foreman\n|\n|upkeep\n|turn|28\n|\n|t:|1699821030\n|move|p1a: Landorus|Stone Edge|p2a: Foreman\n|-supereffective|p2a: Foreman\n|-crit|p2a: Foreman\n|-damage|p2a: Foreman|0 fnt\n|faint|p2a: Foreman\n|-end|p2a: Foreman|Quark Drive|[silent]\n|\n|upkeep\n|\n|t:|1699821032\n|switch|p2a: Amelia|Ninetales-Alola, F|65\/100\n|-weather|Snow|[from] ability: Snow Warning|[of] p2a: Amelia\n|turn|29\n|\n|t:|1699821036\n|move|p1a: Landorus|Stone Edge|p2a: Amelia\n|-supereffective|p2a: Amelia\n|-damage|p2a: Amelia|0 fnt\n|faint|p2a: Amelia\n|\n|-weather|Snow|[upkeep]\n|upkeep\n|\n|t:|1699821038\n|switch|p2a: Cozy|Frosmoth, F|100\/100\n|turn|30\n|\n|t:|1699821040\n|move|p1a: Landorus|Stone Edge|p2a: Cozy\n|-supereffective|p2a: Cozy\n|-damage|p2a: Cozy|0 fnt\n|faint|p2a: Cozy\n|\n|win|elcorazontucun\n|raw|elcorazontucun's rating: 1238 &rarr; <strong>1263<\/strong><br \/>(+25 for winning)\n|raw|CoolioM8's rating: 1237 &rarr; <strong>1212<\/strong><br \/>(-25 for losing)\n|l|\u2606CoolioM8\n","uploadtime":1699821093,"views":12,"p1id":"elcorazontucun","p2id":"cooliom8","formatid":"gen9ou","rating":1212,"private":0,"password":""}