{"id":"gen9ou-1988241704","p1":"KirbyKillua","p2":"TismWarrior1","format":"[Gen 9] OU","log":"|j|\u2606KirbyKillua\n|j|\u2606TismWarrior1\n|t:|1699692568\n|gametype|singles\n|player|p1|KirbyKillua|alec-anime|1567\n|player|p2|TismWarrior1|medium|1746\n|teamsize|p1|6\n|teamsize|p2|6\n|gen|9\n|tier|[Gen 9] OU\n|rated|\n|rule|Sleep Clause Mod: Limit one foe put to sleep\n|rule|Species Clause: Limit one of each Pok\u00e9mon\n|rule|OHKO Clause: OHKO moves are banned\n|rule|Evasion Items Clause: Evasion items are banned\n|rule|Evasion Moves Clause: Evasion moves are banned\n|rule|Endless Battle Clause: Forcing endless battles is banned\n|rule|HP Percentage Mod: HP is shown in percentages\n|clearpoke\n|poke|p1|Cinderace, F|\n|poke|p1|Meowscarada, M|\n|poke|p1|Ogerpon-Wellspring, F|\n|poke|p1|Ceruledge, M|\n|poke|p1|Iron Valiant|\n|poke|p1|Hatterene, F|\n|poke|p2|Gliscor, M|\n|poke|p2|Gholdengo|\n|poke|p2|Ogerpon-Wellspring, F|\n|poke|p2|Kingambit, F|\n|poke|p2|Great Tusk|\n|poke|p2|Walking Wake|\n|teampreview\n|inactive|Battle timer is ON: inactive players will automatically lose when time's up. (requested by TismWarrior1)\n|inactive|KirbyKillua also wants the timer to be on.\n|c|\u2606TismWarrior1|hf\n|\n|t:|1699692580\n|start\n|switch|p1a: Ogerpon|Ogerpon-Wellspring, F|100\/100\n|switch|p2a: Gliscor|Gliscor, M|100\/100\n|turn|1\n|\n|t:|1699692586\n|move|p1a: Ogerpon|Swords Dance|p1a: Ogerpon\n|-boost|p1a: Ogerpon|atk|2\n|move|p2a: Gliscor|Toxic|p1a: Ogerpon\n|-status|p1a: Ogerpon|tox\n|\n|-damage|p1a: Ogerpon|95\/100 tox|[from] psn\n|-status|p2a: Gliscor|tox|[from] item: Toxic Orb\n|upkeep\n|turn|2\n|\n|t:|1699692593\n|move|p2a: Gliscor|Protect|p2a: Gliscor\n|-singleturn|p2a: Gliscor|Protect\n|move|p1a: Ogerpon|Swords Dance|p1a: Ogerpon\n|-boost|p1a: Ogerpon|atk|2\n|\n|-damage|p1a: Ogerpon|83\/100 tox|[from] psn\n|upkeep\n|turn|3\n|\n|t:|1699692598\n|switch|p2a: Gholdengo|Gholdengo|100\/100\n|move|p1a: Ogerpon|Trailblaze|p2a: Gholdengo\n|-resisted|p2a: Gholdengo\n|-damage|p2a: Gholdengo|59\/100\n|-boost|p1a: Ogerpon|spe|1\n|\n|-damage|p1a: Ogerpon|65\/100 tox|[from] psn\n|upkeep\n|turn|4\n|\n|t:|1699692605\n|move|p1a: Ogerpon|Ivy Cudgel|p2a: Gholdengo\n|-damage|p2a: Gholdengo|0 fnt\n|faint|p2a: Gholdengo\n|\n|-damage|p1a: Ogerpon|41\/100 tox|[from] psn\n|upkeep\n|\n|t:|1699692612\n|switch|p2a: Kingambit|Kingambit, F|100\/100\n|-activate|p2a: Kingambit|ability: Supreme Overlord\n|-start|p2a: Kingambit|fallen1|[silent]\n|turn|5\n|\n|t:|1699692614\n|move|p2a: Kingambit|Sucker Punch||[still]\n|-fail|p2a: Kingambit\n|move|p1a: Ogerpon|Encore|p2a: Kingambit\n|-start|p2a: Kingambit|Encore\n|\n|-damage|p1a: Ogerpon|11\/100 tox|[from] psn\n|upkeep\n|turn|6\n|\n|t:|1699692618\n|switch|p1a: Soulblades|Ceruledge, M|100\/100\n|move|p2a: Kingambit|Sucker Punch||[still]\n|-fail|p2a: Kingambit\n|\n|upkeep\n|turn|7\n|\n|t:|1699692623\n|-end|p2a: Kingambit|fallen1|[silent]\n|switch|p2a: Gliscor|Gliscor, M|100\/100 tox\n|move|p1a: Soulblades|Swords Dance|p1a: Soulblades\n|-boost|p1a: Soulblades|atk|2\n|\n|upkeep\n|turn|8\n|\n|t:|1699692627\n|switch|p1a: Ogerpon|Ogerpon-Wellspring, F|11\/100 tox\n|move|p2a: Gliscor|Toxic|p1a: Ogerpon\n|-fail|p1a: Ogerpon|tox\n|\n|-damage|p1a: Ogerpon|5\/100 tox|[from] psn\n|upkeep\n|turn|9\n|\n|t:|1699692631\n|switch|p1a: Alcremie's mom|Hatterene, F, shiny|100\/100\n|move|p2a: Gliscor|Protect||[still]\n|-fail|p2a: Gliscor\n|\n|upkeep\n|turn|10\n|\n|t:|1699692637\n|switch|p2a: Kingambit|Kingambit, F|100\/100\n|-activate|p2a: Kingambit|ability: Supreme Overlord\n|-start|p2a: Kingambit|fallen1|[silent]\n|move|p1a: Alcremie's mom|Calm Mind|p1a: Alcremie's mom\n|-boost|p1a: Alcremie's mom|spa|1\n|-boost|p1a: Alcremie's mom|spd|1\n|\n|upkeep\n|turn|11\n|\n|t:|1699692644\n|switch|p1a: Ogerpon|Ogerpon-Wellspring, F|5\/100 tox\n|move|p2a: Kingambit|Iron Head|p1a: Ogerpon\n|-resisted|p1a: Ogerpon\n|-damage|p1a: Ogerpon|0 fnt\n|faint|p1a: Ogerpon\n|\n|upkeep\n|\n|t:|1699692647\n|switch|p1a: Cinderace|Cinderace, F|100\/100\n|turn|12\n|\n|t:|1699692651\n|-end|p2a: Kingambit|fallen1|[silent]\n|switch|p2a: Gliscor|Gliscor, M|100\/100 tox\n|move|p1a: Cinderace|U-turn|p2a: Gliscor\n|-start|p1a: Cinderace|typechange|Bug|[from] ability: Libero\n|-resisted|p2a: Gliscor\n|-damage|p2a: Gliscor|86\/100 tox\n|\n|t:|1699692655\n|switch|p1a: Alcremie's mom|Hatterene, F, shiny|100\/100|[from] U-turn\n|\n|-heal|p2a: Gliscor|99\/100 tox|[from] ability: Poison Heal\n|upkeep\n|turn|13\n|\n|t:|1699692658\n|switch|p2a: Kingambit|Kingambit, F|100\/100\n|-activate|p2a: Kingambit|ability: Supreme Overlord\n|-start|p2a: Kingambit|fallen1|[silent]\n|move|p1a: Alcremie's mom|Calm Mind|p1a: Alcremie's mom\n|-boost|p1a: Alcremie's mom|spa|1\n|-boost|p1a: Alcremie's mom|spd|1\n|\n|upkeep\n|turn|14\n|\n|t:|1699692667\n|move|p2a: Kingambit|Kowtow Cleave|p1a: Alcremie's mom\n|-damage|p1a: Alcremie's mom|50\/100\n|move|p1a: Alcremie's mom|Mystical Fire|p2a: Kingambit\n|-supereffective|p2a: Kingambit\n|-damage|p2a: Kingambit|26\/100\n|-unboost|p2a: Kingambit|spa|1\n|\n|-heal|p2a: Kingambit|32\/100|[from] item: Leftovers\n|-heal|p1a: Alcremie's mom|56\/100|[from] item: Leftovers\n|upkeep\n|turn|15\n|\n|t:|1699692674\n|move|p2a: Kingambit|Iron Head|p1a: Alcremie's mom\n|-supereffective|p1a: Alcremie's mom\n|-damage|p1a: Alcremie's mom|0 fnt\n|faint|p1a: Alcremie's mom\n|\n|-heal|p2a: Kingambit|39\/100|[from] item: Leftovers\n|upkeep\n|\n|t:|1699692677\n|switch|p1a: Cinderace|Cinderace, F|100\/100\n|turn|16\n|\n|t:|1699692683\n|-end|p2a: Kingambit|fallen1|[silent]\n|switch|p2a: Gliscor|Gliscor, M|99\/100 tox\n|move|p1a: Cinderace|Pyro Ball|p2a: Gliscor|[miss]\n|-miss|p1a: Cinderace|p2a: Gliscor\n|\n|-heal|p2a: Gliscor|100\/100 tox|[from] ability: Poison Heal\n|upkeep\n|turn|17\n|\n|t:|1699692688\n|move|p1a: Cinderace|U-turn|p2a: Gliscor\n|-start|p1a: Cinderace|typechange|Bug|[from] ability: Libero\n|-resisted|p2a: Gliscor\n|-damage|p2a: Gliscor|86\/100 tox\n|\n|t:|1699692690\n|switch|p1a: Meowscarada|Meowscarada, M|100\/100|[from] U-turn\n|move|p2a: Gliscor|Spikes|p1a: Meowscarada\n|-sidestart|p1: KirbyKillua|Spikes\n|\n|-heal|p2a: Gliscor|99\/100 tox|[from] ability: Poison Heal\n|upkeep\n|turn|18\n|\n|t:|1699692693\n|move|p1a: Meowscarada|Flower Trick|p2a: Gliscor\n|-start|p1a: Meowscarada|typechange|Grass|[from] ability: Protean\n|-crit|p2a: Gliscor\n|-damage|p2a: Gliscor|42\/100 tox\n|move|p2a: Gliscor|Toxic|p1a: Meowscarada\n|-status|p1a: Meowscarada|tox\n|\n|-damage|p1a: Meowscarada|94\/100 tox|[from] psn\n|-heal|p2a: Gliscor|54\/100 tox|[from] ability: Poison Heal\n|upkeep\n|turn|19\n|\n|t:|1699692700\n|move|p2a: Gliscor|Protect|p2a: Gliscor\n|-singleturn|p2a: Gliscor|Protect\n|move|p1a: Meowscarada|Flower Trick|p2a: Gliscor\n|-activate|p2a: Gliscor|move: Protect\n|\n|-damage|p1a: Meowscarada|82\/100 tox|[from] psn\n|-heal|p2a: Gliscor|67\/100 tox|[from] ability: Poison Heal\n|upkeep\n|turn|20\n|\n|t:|1699692708\n|switch|p2a: Kingambit|Kingambit, F|39\/100\n|-activate|p2a: Kingambit|ability: Supreme Overlord\n|-start|p2a: Kingambit|fallen1|[silent]\n|-terastallize|p1a: Meowscarada|Grass\n|move|p1a: Meowscarada|Flower Trick|p2a: Kingambit\n|-resisted|p2a: Kingambit\n|-crit|p2a: Kingambit\n|-damage|p2a: Kingambit|5\/100\n|\n|-heal|p2a: Kingambit|11\/100|[from] item: Leftovers\n|-damage|p1a: Meowscarada|64\/100 tox|[from] psn\n|upkeep\n|turn|21\n|-message|KirbyKillua forfeited.\n|\n|win|TismWarrior1\n|raw|KirbyKillua's rating: 1567 &rarr; <strong>1556<\/strong><br \/>(-11 for losing)\n|raw|TismWarrior1's rating: 1746 &rarr; <strong>1757<\/strong><br \/>(+11 for winning)\n|l|\u2606KirbyKillua\n","uploadtime":1699692713,"views":23,"p1id":"kirbykillua","p2id":"tismwarrior1","formatid":"gen9ou","rating":1556,"private":0,"password":""}