{"id":"gen9ou-1996687330","p1":"soy bebe","p2":"huhuguai","format":"[Gen 9] OU","log":"|j|\u2606soy bebe\n|j|\u2606huhuguai\n|t:|1700709785\n|gametype|singles\n|player|p1|soy bebe|winona-gen3|1479\n|player|p2|huhuguai|pokekid|1496\n|teamsize|p1|6\n|teamsize|p2|6\n|gen|9\n|tier|[Gen 9] OU\n|rated|\n|rule|Sleep Clause Mod: Limit one foe put to sleep\n|rule|Species Clause: Limit one of each Pok\u00e9mon\n|rule|OHKO Clause: OHKO moves are banned\n|rule|Evasion Items Clause: Evasion items are banned\n|rule|Evasion Moves Clause: Evasion moves are banned\n|rule|Endless Battle Clause: Forcing endless battles is banned\n|rule|HP Percentage Mod: HP is shown in percentages\n|clearpoke\n|poke|p1|Politoed, M|\n|poke|p1|Zapdos|\n|poke|p1|Iron Treads|\n|poke|p1|Basculegion-F, F|\n|poke|p1|Quaquaval, M|\n|poke|p1|Meowscarada, F|\n|poke|p2|Alomomola, F|\n|poke|p2|Slowking-Galar, F|\n|poke|p2|Kingambit, F|\n|poke|p2|Great Tusk|\n|poke|p2|Cinderace, F|\n|poke|p2|Thundurus-Therian, M|\n|teampreview\n|inactive|Battle timer is ON: inactive players will automatically lose when time's up. (requested by soy bebe)\n|\n|t:|1700709820\n|start\n|switch|p1a: PoliSwirl~|Politoed, M, shiny|100\/100\n|switch|p2a: Cinderace|Cinderace, F|100\/100\n|-weather|RainDance|[from] ability: Drizzle|[of] p1a: PoliSwirl~\n|turn|1\n|\n|t:|1700709837\n|switch|p1a: Tempo|Zapdos, shiny|100\/100\n|move|p2a: Cinderace|U-turn|p1a: Tempo\n|-start|p2a: Cinderace|typechange|Bug|[from] ability: Libero\n|-resisted|p1a: Tempo\n|-damage|p1a: Tempo|85\/100\n|-status|p2a: Cinderace|par|[from] ability: Static|[of] p1a: Tempo\n|\n|t:|1700709845\n|switch|p2a: Slowking|Slowking-Galar, F|100\/100|[from] U-turn\n|\n|-weather|RainDance|[upkeep]\n|upkeep\n|turn|2\n|\n|t:|1700709851\n|move|p1a: Tempo|Volt Switch|p2a: Slowking\n|-damage|p2a: Slowking|81\/100\n|\n|t:|1700709855\n|switch|p1a: Golden Girl|Basculegion-F, F, shiny|100\/100|[from] Volt Switch\n|move|p2a: Slowking|Chilly Reception|p2a: Slowking\n|-weather|Snow\n|\n|t:|1700709864\n|switch|p2a: Thundurus|Thundurus-Therian, M|100\/100|[from] Chilly Reception\n|\n|-weather|Snow|[upkeep]\n|upkeep\n|turn|3\n|\n|t:|1700709871\n|switch|p1a: Treadtianna|Iron Treads, shiny|100\/100\n|-enditem|p1a: Treadtianna|Booster Energy\n|-activate|p1a: Treadtianna|ability: Quark Drive|[fromitem]\n|-start|p1a: Treadtianna|quarkdrivespe\n|move|p2a: Thundurus|Knock Off|p1a: Treadtianna\n|-damage|p1a: Treadtianna|88\/100\n|\n|-weather|Snow|[upkeep]\n|upkeep\n|turn|4\n|\n|t:|1700709879\n|switch|p2a: Alomomola|Alomomola, F|100\/100\n|move|p1a: Treadtianna|Stealth Rock|p2a: Alomomola\n|-sidestart|p2: huhuguai|move: Stealth Rock\n|\n|-weather|Snow|[upkeep]\n|upkeep\n|turn|5\n|\n|t:|1700709892\n|-end|p1a: Treadtianna|Quark Drive|[silent]\n|switch|p1a: PoliSwirl~|Politoed, M, shiny|100\/100\n|-weather|RainDance|[from] ability: Drizzle|[of] p1a: PoliSwirl~\n|move|p2a: Alomomola|Scald|p1a: PoliSwirl~\n|-resisted|p1a: PoliSwirl~\n|-damage|p1a: PoliSwirl~|91\/100\n|\n|-weather|RainDance|[upkeep]\n|upkeep\n|turn|6\n|\n|t:|1700709906\n|switch|p1a: Tempo|Zapdos, shiny|85\/100\n|move|p2a: Alomomola|Wish|p2a: Alomomola\n|\n|-weather|RainDance|[upkeep]\n|upkeep\n|turn|7\n|\n|t:|1700709922\n|switch|p2a: Slowking|Slowking-Galar, F|100\/100\n|move|p1a: Tempo|Hurricane|p2a: Slowking\n|-damage|p2a: Slowking|75\/100\n|\n|-weather|RainDance|[upkeep]\n|-heal|p2a: Slowking|100\/100|[from] move: Wish|[wisher] Alomomola\n|upkeep\n|turn|8\n|\n|t:|1700709928\n|move|p1a: Tempo|Volt Switch|p2a: Slowking\n|-damage|p2a: Slowking|83\/100\n|\n|t:|1700709944\n|switch|p1a: Golden Girl|Basculegion-F, F, shiny|100\/100|[from] Volt Switch\n|move|p2a: Slowking|Chilly Reception|p2a: Slowking\n|-weather|Snow\n|\n|t:|1700709951\n|switch|p2a: Kingambit|Kingambit, F|100\/100|[from] Chilly Reception\n|-damage|p2a: Kingambit|94\/100|[from] Stealth Rock\n|\n|-weather|Snow|[upkeep]\n|-heal|p2a: Kingambit|100\/100|[from] item: Leftovers\n|upkeep\n|turn|9\n|\n|t:|1700709960\n|-end|p2a: Kingambit|fallenundefined|[silent]\n|switch|p2a: Great Tusk|Great Tusk|100\/100\n|-damage|p2a: Great Tusk|98\/100|[from] Stealth Rock\n|-terastallize|p1a: Golden Girl|Water\n|move|p1a: Golden Girl|Hydro Pump|p2a: Great Tusk\n|-supereffective|p2a: Great Tusk\n|-damage|p2a: Great Tusk|0 fnt\n|faint|p2a: Great Tusk\n|-end|p2a: Great Tusk|Protosynthesis|[silent]\n|\n|-weather|Snow|[upkeep]\n|upkeep\n|\n|t:|1700709970\n|switch|p2a: Thundurus|Thundurus-Therian, M|100\/100\n|-damage|p2a: Thundurus|76\/100|[from] Stealth Rock\n|turn|10\n|\n|t:|1700709973\n|switch|p1a: PoliSwirl~|Politoed, M, shiny|91\/100\n|-weather|RainDance|[from] ability: Drizzle|[of] p1a: PoliSwirl~\n|move|p2a: Thundurus|Volt Switch|p1a: PoliSwirl~\n|-supereffective|p1a: PoliSwirl~\n|-damage|p1a: PoliSwirl~|0 fnt\n|faint|p1a: PoliSwirl~\n|\n|t:|1700709978\n|switch|p2a: Alomomola|Alomomola, F|100\/100|[from] Volt Switch\n|-damage|p2a: Alomomola|88\/100|[from] Stealth Rock\n|\n|-weather|RainDance|[upkeep]\n|upkeep\n|\n|t:|1700709982\n|switch|p1a: Tempo|Zapdos, shiny|85\/100\n|turn|11\n|\n|t:|1700709988\n|switch|p2a: Slowking|Slowking-Galar, F|100\/100\n|move|p1a: Tempo|Volt Switch|p2a: Slowking\n|-damage|p2a: Slowking|84\/100\n|\n|t:|1700709992\n|switch|p1a: Golden Girl|Basculegion-F, F, shiny, tera:Water|100\/100|[from] Volt Switch\n|\n|-weather|RainDance|[upkeep]\n|upkeep\n|turn|12\n|\n|t:|1700710000\n|switch|p2a: Alomomola|Alomomola, F|100\/100\n|-damage|p2a: Alomomola|88\/100|[from] Stealth Rock\n|move|p1a: Golden Girl|Hydro Pump|p2a: Alomomola\n|-resisted|p2a: Alomomola\n|-damage|p2a: Alomomola|11\/100\n|-enditem|p2a: Alomomola|Red Card|[of] p1a: Golden Girl\n|drag|p1a: Treadtianna|Iron Treads, shiny|88\/100\n|\n|-weather|RainDance|[upkeep]\n|upkeep\n|turn|13\n|\n|t:|1700710018\n|switch|p2a: Thundurus|Thundurus-Therian, M|76\/100\n|-damage|p2a: Thundurus|51\/100|[from] Stealth Rock\n|move|p1a: Treadtianna|Earthquake|p2a: Thundurus\n|-immune|p2a: Thundurus\n|\n|-weather|RainDance|[upkeep]\n|upkeep\n|turn|14\n|\n|t:|1700710026\n|move|p1a: Treadtianna|Iron Head|p2a: Thundurus\n|-resisted|p2a: Thundurus\n|-damage|p2a: Thundurus|21\/100\n|move|p2a: Thundurus|Grass Knot|p1a: Treadtianna\n|-damage|p1a: Treadtianna|0 fnt\n|faint|p1a: Treadtianna\n|-end|p1a: Treadtianna|Quark Drive|[silent]\n|\n|-weather|RainDance|[upkeep]\n|upkeep\n|\n|t:|1700710031\n|switch|p1a: Golden Girl|Basculegion-F, F, shiny, tera:Water|100\/100\n|turn|15\n|\n|t:|1700710035\n|switch|p2a: Cinderace|Cinderace, F|100\/100 par\n|move|p1a: Golden Girl|Surf|p2a: Cinderace\n|-supereffective|p2a: Cinderace\n|-damage|p2a: Cinderace|0 fnt\n|faint|p2a: Cinderace\n|\n|-weather|RainDance|[upkeep]\n|upkeep\n|\n|t:|1700710044\n|switch|p2a: Alomomola|Alomomola, F|44\/100\n|-damage|p2a: Alomomola|32\/100|[from] Stealth Rock\n|turn|16\n|\n|t:|1700710047\n|switch|p2a: Thundurus|Thundurus-Therian, M|21\/100\n|-damage|p2a: Thundurus|0 fnt|[from] Stealth Rock\n|faint|p2a: Thundurus\n|move|p1a: Golden Girl|Surf|p2: Thundurus|[notarget]\n|-fail|p1a: Golden Girl\n|\n|-weather|RainDance|[upkeep]\n|upkeep\n|\n|t:|1700710054\n|switch|p2a: Alomomola|Alomomola, F|65\/100\n|-damage|p2a: Alomomola|53\/100|[from] Stealth Rock\n|turn|17\n|\n|t:|1700710058\n|move|p1a: Golden Girl|Surf|p2a: Alomomola\n|-resisted|p2a: Alomomola\n|-damage|p2a: Alomomola|0 fnt\n|faint|p2a: Alomomola\n|\n|-weather|none\n|upkeep\n|\n|t:|1700710064\n|switch|p2a: Slowking|Slowking-Galar, F|100\/100\n|turn|18\n|\n|t:|1700710077\n|move|p1a: Golden Girl|Surf|p2a: Slowking\n|-damage|p2a: Slowking|49\/100\n|move|p2a: Slowking|Sludge Bomb|p1a: Golden Girl\n|-damage|p1a: Golden Girl|62\/100\n|-status|p1a: Golden Girl|psn\n|\n|-damage|p1a: Golden Girl|50\/100 psn|[from] psn\n|upkeep\n|turn|19\n|\n|t:|1700710086\n|switch|p2a: Kingambit|Kingambit, F|100\/100\n|-damage|p2a: Kingambit|94\/100|[from] Stealth Rock\n|-activate|p2a: Kingambit|ability: Supreme Overlord\n|-start|p2a: Kingambit|fallen4|[silent]\n|move|p1a: Golden Girl|Surf|p2a: Kingambit\n|-damage|p2a: Kingambit|7\/100\n|\n|-heal|p2a: Kingambit|14\/100|[from] item: Leftovers\n|-damage|p1a: Golden Girl|38\/100 psn|[from] psn\n|upkeep\n|turn|20\n|\n|t:|1700710098\n|switch|p1a: Tempo|Zapdos, shiny|85\/100\n|move|p2a: Kingambit|Sucker Punch||[still]\n|-fail|p2a: Kingambit\n|\n|-heal|p2a: Kingambit|20\/100|[from] item: Leftovers\n|upkeep\n|turn|21\n|\n|t:|1700710103\n|move|p2a: Kingambit|Sucker Punch|p1a: Tempo\n|-damage|p1a: Tempo|29\/100\n|-status|p2a: Kingambit|par|[from] ability: Static|[of] p1a: Tempo\n|move|p1a: Tempo|Volt Switch|p2a: Kingambit\n|-damage|p2a: Kingambit|0 fnt\n|faint|p2a: Kingambit\n|-end|p2a: Kingambit|fallen4|[silent]\n|\n|t:|1700710107\n|switch|p1a: Golden Girl|Basculegion-F, F, shiny, tera:Water|38\/100 psn|[from] Volt Switch\n|\n|-damage|p1a: Golden Girl|25\/100 psn|[from] psn\n|upkeep\n|\n|t:|1700710110\n|switch|p2a: Slowking|Slowking-Galar, F|82\/100\n|turn|22\n|-message|huhuguai forfeited.\n|\n|win|soy bebe\n|raw|soy bebe's rating: 1479 &rarr; <strong>1500<\/strong><br \/>(+21 for winning)\n|raw|huhuguai's rating: 1496 &rarr; <strong>1475<\/strong><br \/>(-21 for losing)\n|l|\u2606huhuguai\n","uploadtime":1700710127,"views":2,"p1id":"soybebe","p2id":"huhuguai","formatid":"gen9ou","rating":1475,"private":0,"password":""}