{"id":"gen9ou-1997104328","p1":"DarthSeven","p2":"S0l0w3","format":"[Gen 9] OU","log":"|j|\u2606DarthSeven\n|j|\u2606S0l0w3\n|t:|1700764929\n|gametype|singles\n|player|p1|DarthSeven|allister-masters|1073\n|player|p2|S0l0w3|hoopster|1040\n|teamsize|p1|6\n|teamsize|p2|6\n|gen|9\n|tier|[Gen 9] OU\n|rated|\n|rule|Sleep Clause Mod: Limit one foe put to sleep\n|rule|Species Clause: Limit one of each Pok\u00e9mon\n|rule|OHKO Clause: OHKO moves are banned\n|rule|Evasion Items Clause: Evasion items are banned\n|rule|Evasion Moves Clause: Evasion moves are banned\n|rule|Endless Battle Clause: Forcing endless battles is banned\n|rule|HP Percentage Mod: HP is shown in percentages\n|clearpoke\n|poke|p1|Kingambit, M|\n|poke|p1|Meowscarada, F|\n|poke|p1|Armarouge, M|\n|poke|p1|Iron Valiant|\n|poke|p1|Garganacl, M|\n|poke|p1|Pawmot, M|\n|poke|p2|Maushold-Four|\n|poke|p2|Farigiraf, F|\n|poke|p2|Wigglytuff, F|\n|poke|p2|Staraptor, M|\n|poke|p2|Zoroark-Hisui, F|\n|poke|p2|Snorlax, M|\n|teampreview\n|inactive|Battle timer is ON: inactive players will automatically lose when time's up. (requested by S0l0w3)\n|\n|t:|1700764953\n|start\n|switch|p1a: Garganacl|Garganacl, M|100\/100\n|switch|p2a: Staraptor|Staraptor, M, shiny|100\/100\n|turn|1\n|\n|t:|1700764967\n|switch|p2a: Wigglytuff|Wigglytuff, F, shiny|100\/100\n|-terastallize|p1a: Garganacl|Ghost\n|move|p1a: Garganacl|Iron Defense|p1a: Garganacl\n|-boost|p1a: Garganacl|def|2\n|\n|upkeep\n|turn|2\n|\n|t:|1700764975\n|move|p2a: Wigglytuff|Copycat|p2a: Wigglytuff\n|move|p2a: Wigglytuff|Iron Defense|p2a: Wigglytuff|[from]move: Copycat\n|-boost|p2a: Wigglytuff|def|2\n|move|p1a: Garganacl|Iron Defense|p1a: Garganacl\n|-boost|p1a: Garganacl|def|2\n|\n|upkeep\n|turn|3\n|\n|t:|1700764983\n|move|p2a: Wigglytuff|Copycat|p2a: Wigglytuff\n|move|p2a: Wigglytuff|Iron Defense|p2a: Wigglytuff|[from]move: Copycat\n|-boost|p2a: Wigglytuff|def|2\n|move|p1a: Garganacl|Iron Defense|p1a: Garganacl\n|-boost|p1a: Garganacl|def|2\n|\n|upkeep\n|turn|4\n|\n|t:|1700764991\n|move|p2a: Wigglytuff|Copycat|p2a: Wigglytuff\n|move|p2a: Wigglytuff|Iron Defense|p2a: Wigglytuff|[from]move: Copycat\n|-boost|p2a: Wigglytuff|def|2\n|move|p1a: Garganacl|Body Press|p2a: Wigglytuff\n|-damage|p2a: Wigglytuff|63\/100\n|\n|-heal|p2a: Wigglytuff|69\/100|[from] item: Leftovers\n|upkeep\n|turn|5\n|\n|t:|1700765009\n|move|p2a: Wigglytuff|Ice Beam|p1a: Garganacl\n|-damage|p1a: Garganacl|77\/100\n|move|p1a: Garganacl|Salt Cure|p2a: Wigglytuff\n|-damage|p2a: Wigglytuff|65\/100\n|-start|p2a: Wigglytuff|Salt Cure\n|\n|-heal|p2a: Wigglytuff|71\/100|[from] item: Leftovers\n|-damage|p2a: Wigglytuff|58\/100|[from] Salt Cure\n|upkeep\n|turn|6\n|\n|t:|1700765019\n|move|p2a: Wigglytuff|Copycat|p2a: Wigglytuff\n|move|p2a: Wigglytuff|Salt Cure|p1a: Garganacl|[from]move: Copycat\n|-damage|p1a: Garganacl|76\/100\n|-start|p1a: Garganacl|Salt Cure\n|move|p1a: Garganacl|Body Press|p2a: Wigglytuff\n|-damage|p2a: Wigglytuff|23\/100\n|\n|-heal|p2a: Wigglytuff|30\/100|[from] item: Leftovers\n|-damage|p2a: Wigglytuff|17\/100|[from] Salt Cure\n|-damage|p1a: Garganacl|64\/100|[from] Salt Cure\n|upkeep\n|turn|7\n|\n|t:|1700765031\n|switch|p2a: Snorlax|Snorlax, M, shiny|100\/100\n|move|p1a: Garganacl|Recover|p1a: Garganacl\n|-heal|p1a: Garganacl|100\/100\n|\n|-damage|p1a: Garganacl|88\/100|[from] Salt Cure\n|upkeep\n|turn|8\n|\n|t:|1700765039\n|move|p2a: Snorlax|Nasty Plot|p2a: Snorlax\n|-boost|p2a: Snorlax|spa|2\n|move|p1a: Garganacl|Body Press|p2a: Snorlax\n|-immune|p2a: Snorlax\n|\n|-damage|p1a: Garganacl|76\/100|[from] Salt Cure\n|upkeep\n|turn|9\n|c|\u2606S0l0w3|GGs homie\n|c|\u2606S0l0w3|hate that rock\n|\n|t:|1700765066\n|switch|p1a: Meowscarada|Meowscarada, F|100\/100\n|move|p2a: Snorlax|Bitter Malice|p1a: Meowscarada\n|-resisted|p1a: Meowscarada\n|-damage|p1a: Meowscarada|45\/100\n|-unboost|p1a: Meowscarada|atk|1\n|\n|upkeep\n|turn|10\n|\n|t:|1700765077\n|move|p1a: Meowscarada|Flower Trick|p2a: Snorlax\n|-crit|p2a: Snorlax\n|-enditem|p2a: Snorlax|Focus Sash\n|-damage|p2a: Snorlax|1\/100\n|replace|p2a: Zoroark|Zoroark-Hisui, F\n|-end|p2a: Zoroark|Illusion\n|-damage|p1a: Meowscarada|35\/100|[from] item: Life Orb\n|move|p2a: Zoroark|Flamethrower|p1a: Meowscarada\n|-supereffective|p1a: Meowscarada\n|-damage|p1a: Meowscarada|0 fnt\n|faint|p1a: Meowscarada\n|\n|upkeep\n|inactive|DarthSeven has 120 seconds left.\n|\n|t:|1700765099\n|switch|p1a: Kingambit|Kingambit, M|100\/100\n|-activate|p1a: Kingambit|ability: Supreme Overlord\n|-start|p1a: Kingambit|fallen1|[silent]\n|turn|11\n|\n|t:|1700765106\n|switch|p2a: Staraptor|Staraptor, M, shiny|100\/100\n|move|p1a: Kingambit|Sucker Punch||[still]\n|-fail|p1a: Kingambit\n|\n|upkeep\n|turn|12\n|\n|t:|1700765114\n|-end|p1a: Kingambit|fallen1|[silent]\n|switch|p1a: Garganacl|Garganacl, M, tera:Ghost|76\/100\n|move|p2a: Staraptor|U-turn|p1a: Garganacl\n|-resisted|p1a: Garganacl\n|-damage|p1a: Garganacl|66\/100\n|\n|t:|1700765117\n|switch|p2a: Snorlax|Snorlax, M, shiny|1\/100|[from] U-turn\n|\n|upkeep\n|turn|13\n|\n|t:|1700765125\n|move|p2a: Snorlax|Bitter Malice|p1a: Garganacl\n|-supereffective|p1a: Garganacl\n|-damage|p1a: Garganacl|33\/100\n|-unboost|p1a: Garganacl|atk|1\n|move|p1a: Garganacl|Salt Cure|p2a: Snorlax\n|-crit|p2a: Snorlax\n|-damage|p2a: Snorlax|0 fnt\n|replace|p2a: Zoroark|Zoroark-Hisui, F\n|-end|p2a: Zoroark|Illusion\n|faint|p2a: Zoroark\n|\n|upkeep\n|\n|t:|1700765143\n|switch|p2a: Wigglytuff|Wigglytuff, F, shiny|17\/100\n|turn|14\n|\n|t:|1700765153\n|switch|p1a: Pawmot|Pawmot, M, shiny|100\/100\n|move|p2a: Wigglytuff|Ice Beam|p1a: Pawmot\n|-damage|p1a: Pawmot|57\/100\n|\n|-heal|p2a: Wigglytuff|23\/100|[from] item: Leftovers\n|upkeep\n|turn|15\n|\n|t:|1700765169\n|move|p1a: Pawmot|Double Shock|p2a: Wigglytuff\n|-damage|p2a: Wigglytuff|0 fnt\n|-start|p1a: Pawmot|typechange|???\/Fighting|[from] move: Double Shock\n|faint|p2a: Wigglytuff\n|\n|upkeep\n|\n|t:|1700765181\n|switch|p2a: Farigiraf|Farigiraf, F, shiny|100\/100\n|turn|16\n|\n|t:|1700765204\n|switch|p1a: Garganacl|Garganacl, M, tera:Ghost|33\/100\n|move|p2a: Farigiraf|Nasty Plot|p2a: Farigiraf\n|-boost|p2a: Farigiraf|spa|2\n|\n|upkeep\n|turn|17\n|\n|t:|1700765214\n|switch|p1a: Armarouge|Armarouge, M|100\/100\n|move|p2a: Farigiraf|Twin Beam|p1a: Armarouge\n|-resisted|p1a: Armarouge\n|-damage|p1a: Armarouge|78\/100\n|-resisted|p1a: Armarouge\n|-damage|p1a: Armarouge|54\/100\n|-hitcount|p1a: Armarouge|2\n|\n|upkeep\n|turn|18\n|\n|t:|1700765225\n|move|p1a: Armarouge|Shadow Ball|p2a: Farigiraf\n|-immune|p2a: Farigiraf\n|move|p2a: Farigiraf|Hyper Voice|p1a: Armarouge\n|-damage|p1a: Armarouge|0 fnt\n|faint|p1a: Armarouge\n|\n|upkeep\n|\n|t:|1700765236\n|switch|p1a: Pawmot|Pawmot, M, shiny|57\/100\n|turn|19\n|\n|t:|1700765241\n|-terastallize|p2a: Farigiraf|Electric\n|move|p1a: Pawmot|Double Shock|p2a: Farigiraf\n|-resisted|p2a: Farigiraf\n|-damage|p2a: Farigiraf|71\/100\n|-start|p1a: Pawmot|typechange|???\/Fighting|[from] move: Double Shock\n|move|p2a: Farigiraf|Twin Beam|p1a: Pawmot\n|-supereffective|p1a: Pawmot\n|-damage|p1a: Pawmot|0 fnt\n|faint|p1a: Pawmot\n|-hitcount|p1: Pawmot|1\n|\n|upkeep\n|c|\u2606S0l0w3|yeahhh no lol\n|c|\u2606S0l0w3|GGs\n|\n|t:|1700765262\n|switch|p1a: Kingambit|Kingambit, M|100\/100\n|-activate|p1a: Kingambit|ability: Supreme Overlord\n|-start|p1a: Kingambit|fallen3|[silent]\n|turn|20\n|\n|t:|1700765286\n|move|p2a: Farigiraf|Energy Ball|p1a: Kingambit\n|-resisted|p1a: Kingambit\n|-damage|p1a: Kingambit|71\/100\n|move|p1a: Kingambit|Swords Dance|p1a: Kingambit\n|-boost|p1a: Kingambit|atk|2\n|\n|upkeep\n|turn|21\n|\n|t:|1700765299\n|move|p2a: Farigiraf|Energy Ball|p1a: Kingambit\n|-resisted|p1a: Kingambit\n|-damage|p1a: Kingambit|40\/100\n|move|p1a: Kingambit|Kowtow Cleave|p2a: Farigiraf\n|-damage|p2a: Farigiraf|0 fnt\n|faint|p2a: Farigiraf\n|\n|upkeep\n|\n|t:|1700765314\n|switch|p2a: Snorlax|Snorlax, M, shiny|100\/100\n|turn|22\n|\n|t:|1700765318\n|-end|p1a: Kingambit|fallen3|[silent]\n|switch|p1a: Garganacl|Garganacl, M, tera:Ghost|33\/100\n|move|p2a: Snorlax|Fire Punch|p1a: Garganacl\n|-damage|p1a: Garganacl|23\/100\n|\n|upkeep\n|turn|23\n|\n|t:|1700765337\n|move|p1a: Garganacl|Recover|p1a: Garganacl\n|-heal|p1a: Garganacl|73\/100\n|move|p2a: Snorlax|Belly Drum|p2a: Snorlax\n|-damage|p2a: Snorlax|50\/100\n|-setboost|p2a: Snorlax|atk|6|[from] move: Belly Drum\n|-enditem|p2a: Snorlax|Iapapa Berry|[eat]\n|-heal|p2a: Snorlax|84\/100|[from] item: Iapapa Berry\n|\n|upkeep\n|turn|24\n|c|\u2606DarthSeven|Ay mam\u00e1\n|\n|t:|1700765352\n|move|p1a: Garganacl|Iron Defense|p1a: Garganacl\n|-boost|p1a: Garganacl|def|2\n|move|p2a: Snorlax|Fire Punch|p1a: Garganacl\n|-damage|p1a: Garganacl|52\/100\n|\n|upkeep\n|turn|25\n|-message|S0l0w3 forfeited.\n|\n|win|DarthSeven\n|raw|DarthSeven's rating: 1073 &rarr; <strong>1099<\/strong><br \/>(+26 for winning)\n|raw|S0l0w3's rating: 1040 &rarr; <strong>1026<\/strong><br \/>(-14 for losing)\n|l|\u2606S0l0w3\n","uploadtime":1700765375,"views":5,"p1id":"darthseven","p2id":"s0l0w3","formatid":"gen9ou","rating":1026,"private":0,"password":""}