{"id":"gen9ou-1992014544","p1":"Chikami","p2":"xcxcxxcxc","format":"[Gen 9] OU","log":"|j|\u2606Chikami\n|j|\u2606xcxcxxcxc\n|t:|1700147836\n|gametype|singles\n|player|p1|Chikami|nate|1669\n|player|p2|xcxcxxcxc|lucas|1671\n|teamsize|p1|6\n|teamsize|p2|6\n|gen|9\n|tier|[Gen 9] OU\n|rated|\n|rule|Sleep Clause Mod: Limit one foe put to sleep\n|rule|Species Clause: Limit one of each Pok\u00e9mon\n|rule|OHKO Clause: OHKO moves are banned\n|rule|Evasion Items Clause: Evasion items are banned\n|rule|Evasion Moves Clause: Evasion moves are banned\n|rule|Endless Battle Clause: Forcing endless battles is banned\n|rule|HP Percentage Mod: HP is shown in percentages\n|clearpoke\n|poke|p1|Chandelure, F|\n|poke|p1|Zapdos|\n|poke|p1|Ogerpon-Wellspring, F|\n|poke|p1|Kingambit, F|\n|poke|p1|Great Tusk|\n|poke|p1|Sneasler, M|\n|poke|p2|Dragapult, M|\n|poke|p2|Rillaboom, M|\n|poke|p2|Sneasler, M|\n|poke|p2|Great Tusk|\n|poke|p2|Slowking-Galar, F|\n|poke|p2|Heatran, M|\n|teampreview\n|inactive|Battle timer is ON: inactive players will automatically lose when time's up. (requested by xcxcxxcxc)\n|\n|t:|1700147905\n|start\n|switch|p1a: Sneasler|Sneasler, M|100\/100\n|switch|p2a: Dragapult|Dragapult, M|100\/100\n|turn|1\n|\n|t:|1700147909\n|move|p1a: Sneasler|U-turn|p2a: Dragapult\n|-resisted|p2a: Dragapult\n|-damage|p2a: Dragapult|86\/100\n|\n|t:|1700147913\n|switch|p1a: Zapdos|Zapdos|100\/100|[from] U-turn\n|move|p2a: Dragapult|Will-O-Wisp|p1a: Zapdos\n|-status|p1a: Zapdos|brn\n|\n|-heal|p2a: Dragapult|92\/100|[from] item: Leftovers\n|-damage|p1a: Zapdos|94\/100 brn|[from] brn\n|upkeep\n|turn|2\n|\n|t:|1700147925\n|move|p2a: Dragapult|Hex|p1a: Zapdos\n|-damage|p1a: Zapdos|47\/100 brn\n|move|p1a: Zapdos|Hurricane|p2a: Dragapult\n|-damage|p2a: Dragapult|42\/100\n|\n|-heal|p2a: Dragapult|48\/100|[from] item: Leftovers\n|-damage|p1a: Zapdos|41\/100 brn|[from] brn\n|upkeep\n|turn|3\n|\n|t:|1700147946\n|switch|p1a: Kingambit|Kingambit, F|100\/100\n|move|p2a: Dragapult|Will-O-Wisp|p1a: Kingambit|[miss]\n|-miss|p2a: Dragapult|p1a: Kingambit\n|\n|-heal|p2a: Dragapult|54\/100|[from] item: Leftovers\n|upkeep\n|turn|4\n|c|\u2606xcxcxxcxc|damn\n|\n|t:|1700147957\n|move|p2a: Dragapult|Will-O-Wisp|p1a: Kingambit\n|-status|p1a: Kingambit|brn\n|move|p1a: Kingambit|Kowtow Cleave|p2a: Dragapult\n|-supereffective|p2a: Dragapult\n|-damage|p2a: Dragapult|0 fnt\n|faint|p2a: Dragapult\n|\n|-damage|p1a: Kingambit|94\/100 brn|[from] brn\n|upkeep\n|\n|t:|1700147962\n|switch|p2a: Heatran|Heatran, M|100\/100\n|turn|5\n|\n|t:|1700147965\n|-end|p1a: Kingambit|fallenundefined|[silent]\n|switch|p1a: Chandelure|Chandelure, F|100\/100\n|move|p2a: Heatran|Stealth Rock|p1a: Chandelure\n|-sidestart|p1: Chikami|move: Stealth Rock\n|\n|upkeep\n|turn|6\n|\n|t:|1700147969\n|move|p2a: Heatran|Earth Power|p1a: Chandelure\n|-supereffective|p1a: Chandelure\n|-damage|p1a: Chandelure|9\/100\n|-unboost|p1a: Chandelure|spd|1\n|move|p1a: Chandelure|Shadow Ball|p2a: Heatran\n|-damage|p2a: Heatran|21\/100\n|\n|upkeep\n|turn|7\n|\n|t:|1700147981\n|switch|p1a: Ogerpon|Ogerpon-Wellspring, F|100\/100\n|-damage|p1a: Ogerpon|88\/100|[from] Stealth Rock\n|move|p2a: Heatran|Magma Storm|p1a: Ogerpon\n|-damage|p1a: Ogerpon|22\/100\n|-activate|p1a: Ogerpon|move: Magma Storm|[of] p2a: Heatran\n|\n|-damage|p1a: Ogerpon|10\/100|[from] move: Magma Storm|[partiallytrapped]\n|upkeep\n|turn|8\n|\n|t:|1700147988\n|switch|p2a: Rillaboom|Rillaboom, M|100\/100\n|-fieldstart|move: Grassy Terrain|[from] ability: Grassy Surge|[of] p2a: Rillaboom\n|move|p1a: Ogerpon|Ivy Cudgel|p2a: Rillaboom|[anim] Ivy Cudgel Water\n|-resisted|p2a: Rillaboom\n|-damage|p2a: Rillaboom|69\/100\n|\n|-heal|p1a: Ogerpon|16\/100|[from] Grassy Terrain\n|-heal|p2a: Rillaboom|75\/100|[from] Grassy Terrain\n|-end|p1a: Ogerpon|Magma Storm|[partiallytrapped]|[silent]\n|upkeep\n|turn|9\n|\n|t:|1700147994\n|switch|p1a: Zapdos|Zapdos|41\/100 brn\n|move|p2a: Rillaboom|U-turn|p1a: Zapdos\n|-resisted|p1a: Zapdos\n|-damage|p1a: Zapdos|25\/100 brn\n|-damage|p2a: Rillaboom|65\/100|[from] item: Life Orb\n|\n|t:|1700148000\n|switch|p2a: Slowking|Slowking-Galar, F|100\/100|[from] U-turn\n|\n|-damage|p1a: Zapdos|19\/100 brn|[from] brn\n|upkeep\n|turn|10\n|\n|t:|1700148003\n|move|p1a: Zapdos|Roost|p1a: Zapdos\n|-heal|p1a: Zapdos|69\/100 brn\n|-singleturn|p1a: Zapdos|move: Roost\n|move|p2a: Slowking|Future Sight|p1a: Zapdos\n|-start|p2a: Slowking|move: Future Sight\n|\n|-heal|p1a: Zapdos|75\/100 brn|[from] Grassy Terrain\n|-damage|p1a: Zapdos|69\/100 brn|[from] brn\n|upkeep\n|turn|11\n|\n|t:|1700148005\n|switch|p2a: Great Tusk|Great Tusk|100\/100\n|-enditem|p2a: Great Tusk|Booster Energy\n|-activate|p2a: Great Tusk|ability: Protosynthesis|[fromitem]\n|-start|p2a: Great Tusk|protosynthesisspe\n|move|p1a: Zapdos|Roost|p1a: Zapdos\n|-heal|p1a: Zapdos|100\/100 brn\n|-singleturn|p1a: Zapdos|move: Roost\n|\n|-damage|p1a: Zapdos|94\/100 brn|[from] brn\n|upkeep\n|turn|12\n|\n|t:|1700148010\n|-end|p2a: Great Tusk|Protosynthesis|[silent]\n|switch|p2a: Heatran|Heatran, M|21\/100\n|move|p1a: Zapdos|Hurricane|p2a: Heatran\n|-resisted|p2a: Heatran\n|-damage|p2a: Heatran|0 fnt\n|faint|p2a: Heatran\n|\n|-end|p1a: Zapdos|move: Future Sight\n|-damage|p1a: Zapdos|38\/100 brn\n|-damage|p1a: Zapdos|32\/100 brn|[from] brn\n|-fieldend|move: Grassy Terrain\n|upkeep\n|\n|t:|1700148012\n|switch|p2a: Rillaboom|Rillaboom, M|65\/100\n|-fieldstart|move: Grassy Terrain|[from] ability: Grassy Surge|[of] p2a: Rillaboom\n|turn|13\n|\n|t:|1700148016\n|move|p1a: Zapdos|Hurricane|p2a: Rillaboom\n|-supereffective|p2a: Rillaboom\n|-damage|p2a: Rillaboom|0 fnt\n|faint|p2a: Rillaboom\n|\n|-damage|p1a: Zapdos|26\/100 brn|[from] brn\n|upkeep\n|\n|t:|1700148019\n|switch|p2a: Sneasler|Sneasler, M|100\/100\n|-enditem|p2a: Sneasler|Grassy Seed\n|-boost|p2a: Sneasler|def|1|[from] item: Grassy Seed\n|turn|14\n|\n|t:|1700148029\n|-terastallize|p2a: Sneasler|Ghost\n|move|p2a: Sneasler|Swords Dance|p2a: Sneasler\n|-boost|p2a: Sneasler|atk|2\n|move|p1a: Zapdos|Discharge|p2a: Sneasler\n|-damage|p2a: Sneasler|62\/100\n|\n|-heal|p2a: Sneasler|68\/100|[from] Grassy Terrain\n|-damage|p1a: Zapdos|20\/100 brn|[from] brn\n|upkeep\n|turn|15\n|\n|t:|1700148034\n|move|p2a: Sneasler|Shadow Claw|p1a: Zapdos\n|-crit|p1a: Zapdos\n|-damage|p1a: Zapdos|0 fnt\n|faint|p1a: Zapdos\n|\n|-heal|p2a: Sneasler|74\/100|[from] Grassy Terrain\n|upkeep\n|j| ccrespo85\n|\n|t:|1700148059\n|switch|p1a: Sneasler|Sneasler, M|100\/100\n|-damage|p1a: Sneasler|95\/100|[from] Stealth Rock\n|turn|16\n|l| ccrespo85\n|\n|t:|1700148068\n|move|p2a: Sneasler|Shadow Claw|p1a: Sneasler\n|-damage|p1a: Sneasler|0 fnt\n|faint|p1a: Sneasler\n|\n|-heal|p2a: Sneasler|80\/100|[from] Grassy Terrain\n|upkeep\n|inactive|Chikami has 120 seconds left.\n|\n|t:|1700148089\n|switch|p1a: Great Tusk|Great Tusk|100\/100\n|-damage|p1a: Great Tusk|97\/100|[from] Stealth Rock\n|turn|17\n|inactive|Chikami has 120 seconds left.\n|\n|t:|1700148097\n|move|p2a: Sneasler|Low Kick|p1a: Great Tusk\n|-damage|p1a: Great Tusk|31\/100\n|move|p1a: Great Tusk|Knock Off|p2a: Sneasler\n|-supereffective|p2a: Sneasler\n|-damage|p2a: Sneasler|40\/100\n|\n|-heal|p2a: Sneasler|46\/100|[from] Grassy Terrain\n|-heal|p1a: Great Tusk|37\/100|[from] Grassy Terrain\n|-heal|p1a: Great Tusk|43\/100|[from] item: Leftovers\n|-fieldend|move: Grassy Terrain\n|upkeep\n|turn|18\n|inactive|Chikami has 120 seconds left.\n|\n|t:|1700148112\n|-end|p1a: Great Tusk|Protosynthesis|[silent]\n|switch|p1a: Chandelure|Chandelure, F|9\/100\n|-damage|p1a: Chandelure|0 fnt|[from] Stealth Rock\n|faint|p1a: Chandelure\n|move|p2a: Sneasler|Low Kick|p1: Chandelure|[notarget]\n|-fail|p2a: Sneasler\n|\n|upkeep\n|\n|t:|1700148114\n|switch|p1a: Kingambit|Kingambit, F|94\/100 brn\n|-damage|p1a: Kingambit|88\/100 brn|[from] Stealth Rock\n|-activate|p1a: Kingambit|ability: Supreme Overlord\n|-start|p1a: Kingambit|fallen3|[silent]\n|turn|19\n|inactive|Chikami has 120 seconds left.\n|\n|t:|1700148136\n|move|p1a: Kingambit|Sucker Punch||[still]\n|-fail|p1a: Kingambit\n|move|p2a: Sneasler|Substitute|p2a: Sneasler\n|-start|p2a: Sneasler|Substitute\n|-damage|p2a: Sneasler|21\/100\n|\n|-heal|p1a: Kingambit|94\/100 brn|[from] item: Leftovers\n|-damage|p1a: Kingambit|88\/100 brn|[from] brn\n|upkeep\n|turn|20\n|\n|t:|1700148142\n|-terastallize|p1a: Kingambit|Flying\n|move|p2a: Sneasler|Low Kick|p1a: Kingambit\n|-resisted|p1a: Kingambit\n|-damage|p1a: Kingambit|43\/100 brn\n|move|p1a: Kingambit|Kowtow Cleave|p2a: Sneasler\n|-supereffective|p2a: Sneasler\n|-end|p2a: Sneasler|Substitute\n|\n|-heal|p1a: Kingambit|49\/100 brn|[from] item: Leftovers\n|-damage|p1a: Kingambit|43\/100 brn|[from] brn\n|upkeep\n|turn|21\n|inactive|Chikami has 120 seconds left.\n|\n|t:|1700148149\n|move|p1a: Kingambit|Sucker Punch||[still]\n|-fail|p1a: Kingambit\n|move|p2a: Sneasler|Substitute|p2a: Sneasler\n|-fail|p2a: Sneasler|move: Substitute|[weak]\n|\n|-heal|p1a: Kingambit|49\/100 brn|[from] item: Leftovers\n|-damage|p1a: Kingambit|43\/100 brn|[from] brn\n|upkeep\n|turn|22\n|\n|t:|1700148155\n|move|p1a: Kingambit|Sucker Punch||[still]\n|-fail|p1a: Kingambit\n|move|p2a: Sneasler|Substitute|p2a: Sneasler\n|-fail|p2a: Sneasler|move: Substitute|[weak]\n|\n|-heal|p1a: Kingambit|49\/100 brn|[from] item: Leftovers\n|-damage|p1a: Kingambit|43\/100 brn|[from] brn\n|upkeep\n|turn|23\n|\n|t:|1700148158\n|move|p1a: Kingambit|Sucker Punch||[still]\n|-fail|p1a: Kingambit\n|move|p2a: Sneasler|Substitute|p2a: Sneasler\n|-fail|p2a: Sneasler|move: Substitute|[weak]\n|\n|-heal|p1a: Kingambit|49\/100 brn|[from] item: Leftovers\n|-damage|p1a: Kingambit|43\/100 brn|[from] brn\n|upkeep\n|turn|24\n|\n|t:|1700148163\n|move|p1a: Kingambit|Sucker Punch|p2a: Sneasler\n|-supereffective|p2a: Sneasler\n|-damage|p2a: Sneasler|0 fnt\n|faint|p2a: Sneasler\n|\n|-heal|p1a: Kingambit|49\/100 brn|[from] item: Leftovers\n|-damage|p1a: Kingambit|43\/100 brn|[from] brn\n|upkeep\n|\n|t:|1700148164\n|switch|p2a: Great Tusk|Great Tusk|100\/100\n|turn|25\n|inactive|Chikami has 120 seconds left.\n|\n|t:|1700148208\n|move|p2a: Great Tusk|Rapid Spin|p1a: Kingambit\n|-damage|p1a: Kingambit|29\/100 brn\n|-boost|p2a: Great Tusk|spe|1\n|move|p1a: Kingambit|Iron Head|p2a: Great Tusk\n|-damage|p2a: Great Tusk|84\/100\n|\n|-heal|p1a: Kingambit|35\/100 brn|[from] item: Leftovers\n|-damage|p1a: Kingambit|29\/100 brn|[from] brn\n|upkeep\n|turn|26\n|\n|t:|1700148218\n|move|p2a: Great Tusk|Bulk Up|p2a: Great Tusk\n|-boost|p2a: Great Tusk|atk|1\n|-boost|p2a: Great Tusk|def|1\n|move|p1a: Kingambit|Swords Dance|p1a: Kingambit\n|-boost|p1a: Kingambit|atk|2\n|\n|-heal|p1a: Kingambit|35\/100 brn|[from] item: Leftovers\n|-damage|p1a: Kingambit|29\/100 brn|[from] brn\n|upkeep\n|turn|27\n|\n|t:|1700148226\n|move|p2a: Great Tusk|Ice Spinner|p1a: Kingambit\n|-supereffective|p1a: Kingambit\n|-damage|p1a: Kingambit|0 fnt\n|faint|p1a: Kingambit\n|-end|p1a: Kingambit|fallen3|[silent]\n|\n|upkeep\n|\n|t:|1700148229\n|switch|p1a: Great Tusk|Great Tusk|43\/100\n|-damage|p1a: Great Tusk|40\/100|[from] Stealth Rock\n|turn|28\n|\n|t:|1700148233\n|move|p2a: Great Tusk|Ice Spinner|p1a: Great Tusk\n|-supereffective|p1a: Great Tusk\n|-damage|p1a: Great Tusk|6\/100\n|move|p1a: Great Tusk|Rapid Spin|p2a: Great Tusk\n|-damage|p2a: Great Tusk|78\/100\n|-boost|p1a: Great Tusk|spe|1\n|-sideend|p1: Chikami|Stealth Rock|[from] move: Rapid Spin|[of] p1a: Great Tusk\n|\n|-heal|p1a: Great Tusk|12\/100|[from] item: Leftovers\n|upkeep\n|turn|29\n|\n|t:|1700148236\n|move|p2a: Great Tusk|Rapid Spin|p1a: Great Tusk\n|-crit|p1a: Great Tusk\n|-damage|p1a: Great Tusk|0 fnt\n|-boost|p2a: Great Tusk|spe|1\n|faint|p1a: Great Tusk\n|-end|p1a: Great Tusk|Protosynthesis|[silent]\n|\n|upkeep\n|\n|t:|1700148239\n|switch|p1a: Ogerpon|Ogerpon-Wellspring, F|16\/100\n|turn|30\n|\n|t:|1700148241\n|move|p2a: Great Tusk|Ice Spinner|p1a: Ogerpon\n|-damage|p1a: Ogerpon|0 fnt\n|faint|p1a: Ogerpon\n|\n|win|xcxcxxcxc\n|raw|Chikami's rating: 1669 &rarr; <strong>1649<\/strong><br \/>(-20 for losing)\n|raw|xcxcxxcxc's rating: 1671 &rarr; <strong>1691<\/strong><br \/>(+20 for winning)\n|c|\u2606Chikami|gg\n|c|\u2606xcxcxxcxc|gg\n","uploadtime":1700148248,"views":11,"p1id":"chikami","p2id":"xcxcxxcxc","formatid":"gen9ou","rating":1649,"private":0,"password":""}