{"id":"gen9ou-1993935494","p1":"ayyk_47","p2":"TOMYC","format":"[Gen 9] OU","log":"|j|\u2606ayyk_47\n|j|\u2606TOMYC\n|t:|1700378381\n|gametype|singles\n|player|p1|ayyk_47|medium|1573\n|player|p2|TOMYC|169|1549\n|teamsize|p1|6\n|teamsize|p2|6\n|gen|9\n|tier|[Gen 9] OU\n|rated|\n|rule|Sleep Clause Mod: Limit one foe put to sleep\n|rule|Species Clause: Limit one of each Pok\u00e9mon\n|rule|OHKO Clause: OHKO moves are banned\n|rule|Evasion Items Clause: Evasion items are banned\n|rule|Evasion Moves Clause: Evasion moves are banned\n|rule|Endless Battle Clause: Forcing endless battles is banned\n|rule|HP Percentage Mod: HP is shown in percentages\n|clearpoke\n|poke|p1|Rillaboom, M|\n|poke|p1|Hawlucha, F|\n|poke|p1|Zamazenta-*|\n|poke|p1|Manaphy|\n|poke|p1|Heatran, M|\n|poke|p1|Hatterene, F|\n|poke|p2|Cinderace, F|\n|poke|p2|Greninja-*, M|\n|poke|p2|Toxapex, M|\n|poke|p2|Kommo-o, M|\n|poke|p2|Corviknight, F|\n|poke|p2|Ditto|\n|teampreview\n|inactive|Battle timer is ON: inactive players will automatically lose when time's up. (requested by TOMYC)\n|inactive|ayyk_47 also wants the timer to be on.\n|c|\u2606ayyk_47|hf\n|\n|t:|1700378402\n|start\n|switch|p1a: Rillaboom|Rillaboom, M|100\/100\n|switch|p2a: Cinderace|Cinderace, F|100\/100\n|-fieldstart|move: Grassy Terrain|[from] ability: Grassy Surge|[of] p1a: Rillaboom\n|turn|1\n|\n|t:|1700378409\n|switch|p1a: Heatran|Heatran, M|100\/100\n|-item|p1a: Heatran|Air Balloon\n|move|p2a: Cinderace|U-turn|p1a: Heatran\n|-start|p2a: Cinderace|typechange|Bug|[from] ability: Libero\n|-resisted|p1a: Heatran\n|-damage|p1a: Heatran|94\/100\n|-enditem|p1a: Heatran|Air Balloon\n|\n|t:|1700378417\n|switch|p2a: Toxapex|Toxapex, M|100\/100|[from] U-turn\n|\n|-heal|p1a: Heatran|99\/100|[from] Grassy Terrain\n|upkeep\n|turn|2\n|\n|t:|1700378422\n|move|p1a: Heatran|Magma Storm|p2a: Toxapex\n|-resisted|p2a: Toxapex\n|-damage|p2a: Toxapex|90\/100\n|-activate|p2a: Toxapex|move: Magma Storm|[of] p1a: Heatran\n|move|p2a: Toxapex|Infestation|p1a: Heatran\n|-resisted|p1a: Heatran\n|-damage|p1a: Heatran|99\/100\n|-activate|p1a: Heatran|move: Infestation|[of] p2a: Toxapex\n|\n|-heal|p1a: Heatran|100\/100|[from] Grassy Terrain\n|-heal|p2a: Toxapex|96\/100|[from] Grassy Terrain\n|-damage|p1a: Heatran|88\/100|[from] move: Infestation|[partiallytrapped]\n|-damage|p2a: Toxapex|83\/100|[from] move: Magma Storm|[partiallytrapped]\n|upkeep\n|turn|3\n|\n|t:|1700378433\n|move|p1a: Heatran|Earth Power|p2a: Toxapex\n|-supereffective|p2a: Toxapex\n|-damage|p2a: Toxapex|57\/100\n|move|p2a: Toxapex|Surf|p1a: Heatran\n|-supereffective|p1a: Heatran\n|-damage|p1a: Heatran|52\/100\n|\n|-heal|p1a: Heatran|58\/100|[from] Grassy Terrain\n|-heal|p2a: Toxapex|63\/100|[from] Grassy Terrain\n|-damage|p1a: Heatran|46\/100|[from] move: Infestation|[partiallytrapped]\n|-damage|p2a: Toxapex|51\/100|[from] move: Magma Storm|[partiallytrapped]\n|upkeep\n|turn|4\n|\n|t:|1700378444\n|move|p1a: Heatran|Earth Power|p2a: Toxapex\n|-supereffective|p2a: Toxapex\n|-damage|p2a: Toxapex|21\/100\n|move|p2a: Toxapex|Surf|p1a: Heatran\n|-supereffective|p1a: Heatran\n|-damage|p1a: Heatran|6\/100\n|\n|-heal|p1a: Heatran|13\/100|[from] Grassy Terrain\n|-heal|p2a: Toxapex|27\/100|[from] Grassy Terrain\n|-damage|p1a: Heatran|0 fnt|[from] move: Infestation|[partiallytrapped]\n|faint|p1a: Heatran\n|-end|p2a: Toxapex|Magma Storm|[partiallytrapped]|[silent]\n|upkeep\n|\n|t:|1700378453\n|switch|p1a: Manaphy|Manaphy|100\/100\n|turn|5\n|\n|t:|1700378460\n|move|p1a: Manaphy|Tail Glow|p1a: Manaphy\n|-boost|p1a: Manaphy|spa|3\n|move|p2a: Toxapex|Acid Spray|p1a: Manaphy\n|-damage|p1a: Manaphy|89\/100\n|-unboost|p1a: Manaphy|spd|2\n|\n|-heal|p1a: Manaphy|95\/100|[from] Grassy Terrain\n|-heal|p2a: Toxapex|33\/100|[from] Grassy Terrain\n|-fieldend|move: Grassy Terrain\n|upkeep\n|turn|6\n|\n|t:|1700378487\n|switch|p2a: Greninja|Greninja, M|100\/100\n|move|p1a: Manaphy|Surf|p2a: Greninja\n|-resisted|p2a: Greninja\n|-damage|p2a: Greninja|43\/100\n|\n|upkeep\n|turn|7\n|\n|t:|1700378497\n|switch|p1a: Rillaboom|Rillaboom, M|100\/100\n|-fieldstart|move: Grassy Terrain|[from] ability: Grassy Surge|[of] p1a: Rillaboom\n|move|p2a: Greninja|Dark Pulse|p1a: Rillaboom\n|-damage|p1a: Rillaboom|44\/100\n|-damage|p2a: Greninja|33\/100|[from] item: Life Orb\n|\n|-heal|p2a: Greninja|39\/100|[from] Grassy Terrain\n|-heal|p1a: Rillaboom|50\/100|[from] Grassy Terrain\n|upkeep\n|turn|8\n|\n|t:|1700378507\n|switch|p2a: Corviknight|Corviknight, F|100\/100\n|-ability|p2a: Corviknight|Pressure\n|move|p1a: Rillaboom|U-turn|p2a: Corviknight\n|-resisted|p2a: Corviknight\n|-damage|p2a: Corviknight|95\/100\n|-damage|p1a: Rillaboom|33\/100|[from] item: Rocky Helmet|[of] p2a: Corviknight\n|\n|t:|1700378514\n|switch|p1a: Hatterene|Hatterene, F|100\/100|[from] U-turn\n|-enditem|p1a: Hatterene|Grassy Seed\n|-boost|p1a: Hatterene|def|1|[from] item: Grassy Seed\n|\n|upkeep\n|turn|9\n|\n|t:|1700378521\n|move|p2a: Corviknight|Brave Bird|p1a: Hatterene\n|-damage|p1a: Hatterene|78\/100\n|-damage|p2a: Corviknight|89\/100|[from] Recoil\n|move|p1a: Hatterene|Nuzzle|p2a: Corviknight\n|-supereffective|p2a: Corviknight\n|-damage|p2a: Corviknight|85\/100\n|-status|p2a: Corviknight|par\n|-damage|p1a: Hatterene|62\/100|[from] item: Rocky Helmet|[of] p2a: Corviknight\n|\n|-heal|p1a: Hatterene|68\/100|[from] Grassy Terrain\n|upkeep\n|turn|10\n|\n|t:|1700378536\n|switch|p2a: Toxapex|Toxapex, M|66\/100\n|move|p1a: Hatterene|Calm Mind|p1a: Hatterene\n|-boost|p1a: Hatterene|spa|1\n|-boost|p1a: Hatterene|spd|1\n|\n|-heal|p1a: Hatterene|74\/100|[from] Grassy Terrain\n|-heal|p2a: Toxapex|72\/100|[from] Grassy Terrain\n|upkeep\n|turn|11\n|\n|t:|1700378544\n|move|p1a: Hatterene|Psyshock|p2a: Toxapex\n|-supereffective|p2a: Toxapex\n|-damage|p2a: Toxapex|0 fnt\n|faint|p2a: Toxapex\n|\n|-heal|p1a: Hatterene|80\/100|[from] Grassy Terrain\n|-fieldend|move: Grassy Terrain\n|upkeep\n|\n|t:|1700378554\n|switch|p2a: Cinderace|Cinderace, F|100\/100\n|turn|12\n|\n|t:|1700378558\n|move|p2a: Cinderace|Gunk Shot|p1a: Hatterene\n|-start|p2a: Cinderace|typechange|Poison|[from] ability: Libero\n|-supereffective|p1a: Hatterene\n|-damage|p1a: Hatterene|17\/100\n|-status|p1a: Hatterene|psn\n|move|p1a: Hatterene|Nuzzle|p2a: Cinderace\n|-damage|p2a: Cinderace|94\/100\n|-status|p2a: Cinderace|par\n|\n|-damage|p1a: Hatterene|5\/100 psn|[from] psn\n|upkeep\n|turn|13\n|\n|t:|1700378570\n|switch|p2a: Greninja|Greninja, M|39\/100\n|move|p1a: Hatterene|Psyshock|p2a: Greninja\n|-immune|p2a: Greninja\n|\n|-damage|p1a: Hatterene|0 fnt|[from] psn\n|faint|p1a: Hatterene\n|upkeep\n|\n|t:|1700378578\n|switch|p1a: Zamazenta|Zamazenta|100\/100\n|-ability|p1a: Zamazenta|Dauntless Shield|boost\n|-boost|p1a: Zamazenta|def|1\n|turn|14\n|\n|t:|1700378584\n|move|p1a: Zamazenta|Iron Defense|p1a: Zamazenta\n|-boost|p1a: Zamazenta|def|2\n|move|p2a: Greninja|Surf|p1a: Zamazenta\n|-damage|p1a: Zamazenta|56\/100\n|-damage|p2a: Greninja|29\/100|[from] item: Life Orb\n|\n|-heal|p1a: Zamazenta|63\/100|[from] item: Leftovers\n|upkeep\n|turn|15\n|\n|t:|1700378596\n|move|p1a: Zamazenta|Body Press|p2a: Greninja\n|-supereffective|p2a: Greninja\n|-damage|p2a: Greninja|0 fnt\n|faint|p2a: Greninja\n|\n|-heal|p1a: Zamazenta|69\/100|[from] item: Leftovers\n|upkeep\n|\n|t:|1700378603\n|switch|p2a: Ditto|Ditto|100\/100\n|-transform|p2a: Ditto|p1a: Zamazenta|[from] ability: Imposter\n|-ability|p2a: Ditto|Dauntless Shield|boost\n|-boost|p2a: Ditto|def|1\n|turn|16\n|\n|t:|1700378617\n|-terastallize|p2a: Ditto|Fairy\n|move|p2a: Ditto|Body Press|p1a: Zamazenta\n|-damage|p1a: Zamazenta|38\/100\n|move|p1a: Zamazenta|Body Press|p2a: Ditto\n|-resisted|p2a: Ditto\n|-damage|p2a: Ditto|88\/100\n|\n|-heal|p1a: Zamazenta|44\/100|[from] item: Leftovers\n|upkeep\n|turn|17\n|\n|t:|1700378626\n|move|p2a: Ditto|Body Press|p1a: Zamazenta\n|-damage|p1a: Zamazenta|12\/100\n|move|p1a: Zamazenta|Heavy Slam|p2a: Ditto\n|-supereffective|p2a: Ditto\n|-damage|p2a: Ditto|82\/100\n|\n|-heal|p1a: Zamazenta|18\/100|[from] item: Leftovers\n|upkeep\n|turn|18\n|\n|t:|1700378633\n|move|p2a: Ditto|Body Press|p1a: Zamazenta\n|-damage|p1a: Zamazenta|0 fnt\n|faint|p1a: Zamazenta\n|\n|upkeep\n|\n|t:|1700378644\n|switch|p1a: Hawlucha|Hawlucha, F|100\/100\n|turn|19\n|\n|t:|1700378648\n|switch|p1a: Rillaboom|Rillaboom, M|33\/100\n|-fieldstart|move: Grassy Terrain|[from] ability: Grassy Surge|[of] p1a: Rillaboom\n|move|p2a: Ditto|Body Press|p1a: Rillaboom\n|-damage|p1a: Rillaboom|0 fnt\n|faint|p1a: Rillaboom\n|\n|-heal|p2a: Ditto|88\/100|[from] Grassy Terrain\n|upkeep\n|\n|t:|1700378663\n|switch|p1a: Hawlucha|Hawlucha, F|100\/100\n|-enditem|p1a: Hawlucha|Grassy Seed\n|-boost|p1a: Hawlucha|def|1|[from] item: Grassy Seed\n|turn|20\n|\n|t:|1700378671\n|move|p1a: Hawlucha|Swords Dance|p1a: Hawlucha\n|-boost|p1a: Hawlucha|atk|2\n|move|p2a: Ditto|Body Press|p1a: Hawlucha\n|-resisted|p1a: Hawlucha\n|-damage|p1a: Hawlucha|48\/100\n|\n|-heal|p2a: Ditto|94\/100|[from] Grassy Terrain\n|upkeep\n|turn|21\n|\n|t:|1700378684\n|switch|p2a: Cinderace|Cinderace, F|94\/100 par\n|-terastallize|p1a: Hawlucha|Fire\n|move|p1a: Hawlucha|Swords Dance|p1a: Hawlucha\n|-boost|p1a: Hawlucha|atk|2\n|\n|-heal|p1a: Hawlucha|54\/100|[from] Grassy Terrain\n|-heal|p2a: Cinderace|99\/100 par|[from] Grassy Terrain\n|upkeep\n|turn|22\n|\n|t:|1700378698\n|move|p1a: Hawlucha|Acrobatics|p2a: Cinderace\n|-damage|p2a: Cinderace|0 fnt\n|faint|p2a: Cinderace\n|\n|-heal|p1a: Hawlucha|60\/100|[from] Grassy Terrain\n|upkeep\n|\n|t:|1700378713\n|switch|p2a: Ditto|Ditto, tera:Fairy|94\/100\n|-transform|p2a: Ditto|p1a: Hawlucha|[from] ability: Imposter\n|turn|23\n|\n|t:|1700378723\n|move|p1a: Hawlucha|Acrobatics|p2a: Ditto\n|-damage|p2a: Ditto|0 fnt\n|faint|p2a: Ditto\n|\n|-heal|p1a: Hawlucha|66\/100|[from] Grassy Terrain\n|-fieldend|move: Grassy Terrain\n|upkeep\n|\n|t:|1700378729\n|switch|p2a: Corviknight|Corviknight, F|85\/100 par\n|-ability|p2a: Corviknight|Pressure\n|turn|24\n|\n|t:|1700378733\n|move|p1a: Hawlucha|Fire Punch|p2a: Corviknight\n|-supereffective|p2a: Corviknight\n|-damage|p2a: Corviknight|0 fnt\n|-damage|p1a: Hawlucha|50\/100|[from] item: Rocky Helmet|[of] p2a: Corviknight\n|faint|p2a: Corviknight\n|\n|upkeep\n|\n|t:|1700378739\n|switch|p2a: Kommo-o|Kommo-o, M|100\/100\n|turn|25\n|\n|t:|1700378744\n|move|p1a: Hawlucha|Acrobatics|p2a: Kommo-o\n|-supereffective|p2a: Kommo-o\n|-damage|p2a: Kommo-o|0 fnt\n|faint|p2a: Kommo-o\n|\n|win|ayyk_47\n|raw|ayyk_47's rating: 1573 &rarr; <strong>1592<\/strong><br \/>(+19 for winning)\n|raw|TOMYC's rating: 1549 &rarr; <strong>1530<\/strong><br \/>(-19 for losing)\n|c|\u2606ayyk_47|gg\n|l|\u2606TOMYC\n","uploadtime":1700378753,"views":16,"p1id":"ayyk47","p2id":"tomyc","formatid":"gen9ou","rating":1530,"private":0,"password":""}