{"id":"gen9ou-1991613714","p1":"pechaberrie","p2":"Mystt64","format":"[Gen 9] OU","log":"|j|\u2606pechaberrie\n|j|\u2606Mystt64\n|t:|1700094317\n|gametype|singles\n|player|p1|pechaberrie|guzma|\n|player|p2|Mystt64|byron|\n|teamsize|p1|3\n|teamsize|p2|3\n|gen|9\n|tier|[Gen 9] OU\n|rule|Sleep Clause Mod: Limit one foe put to sleep\n|rule|Species Clause: Limit one of each Pok\u00e9mon\n|rule|OHKO Clause: OHKO moves are banned\n|rule|Evasion Items Clause: Evasion items are banned\n|rule|Evasion Moves Clause: Evasion moves are banned\n|rule|Endless Battle Clause: Forcing endless battles is banned\n|rule|HP Percentage Mod: HP is shown in percentages\n|clearpoke\n|poke|p1|Bonsly, M|\n|poke|p1|Hoppip, M|\n|poke|p1|Makuhita, F|\n|poke|p2|Sunkern, F|\n|poke|p2|Cutiefly, M|\n|poke|p2|Kricketot, F|\n|teampreview\n|\n|t:|1700094335\n|start\n|switch|p1a: Carrot|Makuhita, F, shiny|100\/100\n|switch|p2a: Kricketot|Kricketot, F|100\/100\n|turn|1\n|inactive|Battle timer is ON: inactive players will automatically lose when time's up. (requested by Mystt64)\n|\n|t:|1700094343\n|move|p1a: Carrot|Fake Out|p2a: Kricketot\n|-damage|p2a: Kricketot|81\/100\n|cant|p2a: Kricketot|flinch\n|\n|-status|p1a: Carrot|brn|[from] item: Flame Orb\n|upkeep\n|turn|2\n|\n|t:|1700094353\n|move|p1a: Carrot|Bullet Punch|p2a: Kricketot\n|-damage|p2a: Kricketot|51\/100\n|move|p2a: Kricketot|Lunge|p1a: Carrot\n|-resisted|p1a: Carrot\n|-damage|p1a: Carrot|88\/100 brn\n|-unboost|p1a: Carrot|atk|1\n|\n|-damage|p1a: Carrot|82\/100 brn|[from] brn\n|upkeep\n|turn|3\n|\n|t:|1700094364\n|move|p1a: Carrot|Bullet Punch|p2a: Kricketot\n|-damage|p2a: Kricketot|32\/100\n|move|p2a: Kricketot|Lunge|p1a: Carrot\n|-resisted|p1a: Carrot\n|-damage|p1a: Carrot|70\/100 brn\n|-unboost|p1a: Carrot|atk|1\n|\n|-damage|p1a: Carrot|64\/100 brn|[from] brn\n|upkeep\n|turn|4\n|\n|t:|1700094381\n|move|p1a: Carrot|Knock Off|p2a: Kricketot\n|-damage|p2a: Kricketot|0 fnt\n|-enditem|p2a: Kricketot|Focus Sash|[from] move: Knock Off|[of] p1a: Carrot\n|faint|p2a: Kricketot\n|\n|-damage|p1a: Carrot|58\/100 brn|[from] brn\n|upkeep\n|\n|t:|1700094387\n|switch|p2a: Cutiefly|Cutiefly, M|100\/100\n|turn|5\n|\n|t:|1700094398\n|move|p1a: Carrot|Bullet Punch|p2a: Cutiefly\n|-supereffective|p2a: Cutiefly\n|-damage|p2a: Cutiefly|69\/100\n|move|p2a: Cutiefly|Quiver Dance|p2a: Cutiefly\n|-boost|p2a: Cutiefly|spa|1\n|-boost|p2a: Cutiefly|spd|1\n|-boost|p2a: Cutiefly|spe|1\n|\n|-damage|p1a: Carrot|52\/100 brn|[from] brn\n|upkeep\n|turn|6\n|\n|t:|1700094415\n|move|p1a: Carrot|Bullet Punch|p2a: Cutiefly\n|-supereffective|p2a: Cutiefly\n|-damage|p2a: Cutiefly|39\/100\n|move|p2a: Cutiefly|Moonblast|p1a: Carrot\n|-supereffective|p1a: Carrot\n|-damage|p1a: Carrot|0 fnt\n|faint|p1a: Carrot\n|\n|upkeep\n|\n|t:|1700094437\n|switch|p1a: Tomato|Bonsly, M, shiny|100\/100\n|turn|7\n|\n|t:|1700094462\n|move|p2a: Cutiefly|Moonblast|p1a: Tomato\n|-ability|p1a: Tomato|Sturdy\n|-damage|p1a: Tomato|1\/100\n|-unboost|p1a: Tomato|spa|1\n|move|p1a: Tomato|Rock Slide|p2a: Cutiefly\n|-supereffective|p2a: Cutiefly\n|-damage|p2a: Cutiefly|0 fnt\n|faint|p2a: Cutiefly\n|\n|-heal|p1a: Tomato|7\/100|[from] item: Leftovers\n|upkeep\n|inactive|Mystt64 has 270 seconds left.\n|\n|t:|1700094473\n|switch|p2a: Sunkern|Sunkern, F|100\/100\n|turn|8\n|\n|t:|1700094485\n|move|p2a: Sunkern|Giga Drain|p1a: Tomato\n|-supereffective|p1a: Tomato\n|-damage|p1a: Tomato|0 fnt\n|faint|p1a: Tomato\n|\n|upkeep\n|\n|t:|1700094489\n|switch|p1a: Broccoli|Hoppip, M, shiny|100\/100\n|turn|9\n|\n|t:|1700094497\n|move|p2a: Sunkern|Endeavor|p1a: Broccoli\n|-damage|p1a: Broccoli|83\/100\n|move|p1a: Broccoli|Solar Beam||[still]\n|-prepare|p1a: Broccoli|Solar Beam\n|-enditem|p1a: Broccoli|Power Herb\n|-anim|p1a: Broccoli|Solar Beam|p2a: Sunkern\n|-resisted|p2a: Sunkern\n|-damage|p2a: Sunkern|41\/100\n|\n|upkeep\n|turn|10\n|\n|t:|1700094505\n|move|p2a: Sunkern|Endeavor|p1a: Broccoli\n|-damage|p1a: Broccoli|34\/100\n|move|p1a: Broccoli|Acrobatics|p2a: Sunkern\n|-supereffective|p2a: Sunkern\n|-damage|p2a: Sunkern|0 fnt\n|faint|p2a: Sunkern\n|\n|win|pechaberrie\n","uploadtime":1700094519,"views":7,"p1id":"pechaberrie","p2id":"mystt64","formatid":"gen9ou","rating":0,"private":0,"password":""}