{"id":"gen9ou-1996462535","p1":"yonkolevelpirate","p2":"Aarin248","format":"[Gen 9] OU","log":"|j|\u2606yonkolevelpirate\n|j|\u2606Aarin248\n|t:|1700684379\n|gametype|singles\n|player|p1|yonkolevelpirate|officeworker-gen9|1329\n|player|p2|Aarin248|101|1372\n|teamsize|p1|6\n|teamsize|p2|6\n|gen|9\n|tier|[Gen 9] OU\n|rated|\n|rule|Sleep Clause Mod: Limit one foe put to sleep\n|rule|Species Clause: Limit one of each Pok\u00e9mon\n|rule|OHKO Clause: OHKO moves are banned\n|rule|Evasion Items Clause: Evasion items are banned\n|rule|Evasion Moves Clause: Evasion moves are banned\n|rule|Endless Battle Clause: Forcing endless battles is banned\n|rule|HP Percentage Mod: HP is shown in percentages\n|clearpoke\n|poke|p1|Greninja-*, M|\n|poke|p1|Cinderace, M|\n|poke|p1|Sandy Shocks|\n|poke|p1|Dondozo, M|\n|poke|p1|Zamazenta-*|\n|poke|p1|Breloom, F|\n|poke|p2|Pincurchin, F|\n|poke|p2|Iron Valiant|\n|poke|p2|Raichu-Alola, F|\n|poke|p2|Dragapult, F|\n|poke|p2|Ting-Lu|\n|poke|p2|Rotom-Heat|\n|teampreview\n|inactive|Battle timer is ON: inactive players will automatically lose when time's up. (requested by yonkolevelpirate)\n|j| sadfff\n|\n|t:|1700684403\n|start\n|switch|p1a: Breloom|Breloom, F|100\/100\n|switch|p2a: Rotom|Rotom-Heat|100\/100\n|turn|1\n|\n|t:|1700684420\n|switch|p2a: Pincurchin|Pincurchin, F|100\/100\n|-fieldstart|move: Electric Terrain|[from] ability: Electric Surge|[of] p2a: Pincurchin\n|move|p1a: Breloom|Rock Tomb|p2a: Pincurchin\n|-damage|p2a: Pincurchin|76\/100\n|-unboost|p2a: Pincurchin|spe|1\n|\n|upkeep\n|turn|2\n|inactive|Aarin248 has 120 seconds left.\n|inactive|Aarin248 has 90 seconds left.\n|\n|t:|1700684480\n|switch|p2a: Dragapult|Dragapult, F|100\/100\n|move|p1a: Breloom|Bullet Seed|p2a: Dragapult\n|-resisted|p2a: Dragapult\n|-damage|p2a: Dragapult|87\/100\n|-resisted|p2a: Dragapult\n|-damage|p2a: Dragapult|75\/100\n|-resisted|p2a: Dragapult\n|-damage|p2a: Dragapult|62\/100\n|-resisted|p2a: Dragapult\n|-damage|p2a: Dragapult|49\/100\n|-resisted|p2a: Dragapult\n|-damage|p2a: Dragapult|36\/100\n|-hitcount|p2a: Dragapult|5\n|\n|upkeep\n|turn|3\n|inactive|Aarin248 has 90 seconds left.\n|\n|t:|1700684497\n|move|p2a: Dragapult|Draco Meteor|p1a: Breloom\n|-damage|p1a: Breloom|0 fnt\n|-unboost|p2a: Dragapult|spa|2\n|faint|p1a: Breloom\n|\n|upkeep\n|\n|t:|1700684504\n|switch|p1a: Greninja|Greninja, M|100\/100\n|turn|4\n|inactive|Aarin248 has 90 seconds left.\n|\n|t:|1700684524\n|switch|p2a: Ting-Lu|Ting-Lu|100\/100\n|-ability|p2a: Ting-Lu|Vessel of Ruin\n|move|p1a: Greninja|Hydro Pump|p2a: Ting-Lu\n|-supereffective|p2a: Ting-Lu\n|-damage|p2a: Ting-Lu|54\/100\n|\n|-heal|p2a: Ting-Lu|60\/100|[from] item: Leftovers\n|upkeep\n|turn|5\n|inactive|Aarin248 has 90 seconds left.\n|\n|t:|1700684558\n|move|p1a: Greninja|U-turn|p2a: Ting-Lu\n|-supereffective|p2a: Ting-Lu\n|-damage|p2a: Ting-Lu|46\/100\n|\n|t:|1700684560\n|switch|p1a: Zamazenta|Zamazenta|100\/100|[from] U-turn\n|-ability|p1a: Zamazenta|Dauntless Shield|boost\n|-boost|p1a: Zamazenta|def|1\n|move|p2a: Ting-Lu|Whirlwind|p1a: Zamazenta\n|drag|p1a: Sandy Shocks|Sandy Shocks|100\/100\n|-enditem|p1a: Sandy Shocks|Booster Energy\n|-activate|p1a: Sandy Shocks|ability: Protosynthesis|[fromitem]\n|-start|p1a: Sandy Shocks|protosynthesisspe\n|\n|-heal|p2a: Ting-Lu|52\/100|[from] item: Leftovers\n|upkeep\n|turn|6\n|l| sadfff\n|inactive|Aarin248 has 60 seconds left.\n|\n|t:|1700684587\n|switch|p2a: Rotom|Rotom-Heat|100\/100\n|-terastallize|p1a: Sandy Shocks|Fairy\n|move|p1a: Sandy Shocks|Tera Blast|p2a: Rotom|[anim] Tera Blast Fairy\n|-resisted|p2a: Rotom\n|-damage|p2a: Rotom|86\/100\n|\n|upkeep\n|turn|7\n|inactive|Aarin248 has 60 seconds left.\n|\n|t:|1700684601\n|move|p1a: Sandy Shocks|Power Gem|p2a: Rotom\n|-supereffective|p2a: Rotom\n|-damage|p2a: Rotom|41\/100\n|move|p2a: Rotom|Volt Switch|p1a: Sandy Shocks\n|-damage|p1a: Sandy Shocks|70\/100\n|inactive|Aarin248 has 30 seconds left.\n|\n|t:|1700684635\n|switch|p2a: Iron Valiant|Iron Valiant|100\/100|[from] Volt Switch\n|-activate|p2a: Iron Valiant|ability: Quark Drive\n|-start|p2a: Iron Valiant|quarkdrivespe\n|\n|upkeep\n|turn|8\n|inactive|Aarin248 has 30 seconds left.\n|\n|t:|1700684648\n|move|p2a: Iron Valiant|Moonblast|p1a: Sandy Shocks\n|-damage|p1a: Sandy Shocks|13\/100\n|move|p1a: Sandy Shocks|Tera Blast|p2a: Iron Valiant|[anim] Tera Blast Fairy\n|-supereffective|p2a: Iron Valiant\n|-damage|p2a: Iron Valiant|0 fnt\n|faint|p2a: Iron Valiant\n|-end|p2a: Iron Valiant|Quark Drive|[silent]\n|\n|-fieldend|move: Electric Terrain\n|upkeep\n|inactive|Aarin248 has 30 seconds left.\n|inactive|Aarin248 has 20 seconds left.\n|\n|t:|1700684665\n|switch|p2a: Pincurchin|Pincurchin, F|76\/100\n|-fieldstart|move: Electric Terrain|[from] ability: Electric Surge|[of] p2a: Pincurchin\n|turn|9\n|inactive|Aarin248 has 30 seconds left this turn.\n|\n|t:|1700684672\n|move|p1a: Sandy Shocks|Charge Beam|p2a: Pincurchin\n|-resisted|p2a: Pincurchin\n|-damage|p2a: Pincurchin|56\/100\n|-boost|p1a: Sandy Shocks|spa|1\n|move|p2a: Pincurchin|Discharge|p1a: Sandy Shocks\n|-damage|p1a: Sandy Shocks|0 fnt\n|faint|p1a: Sandy Shocks\n|-end|p1a: Sandy Shocks|Protosynthesis|[silent]\n|\n|upkeep\n|inactive|Aarin248 has 30 seconds left this turn.\n|\n|t:|1700684676\n|switch|p1a: Zamazenta|Zamazenta|100\/100\n|turn|10\n|inactive|Aarin248 has 30 seconds left.\n|inactive|Aarin248 has 20 seconds left.\n|inactive|Aarin248 has 15 seconds left.\n|inactive|Aarin248 has 10 seconds left.\n|\n|t:|1700684708\n|switch|p2a: Dragapult|Dragapult, F|36\/100\n|move|p1a: Zamazenta|Trailblaze|p2a: Dragapult\n|-resisted|p2a: Dragapult\n|-damage|p2a: Dragapult|26\/100\n|-boost|p1a: Zamazenta|spe|1\n|\n|upkeep\n|turn|11\n|inactive|Aarin248 has 20 seconds left this turn.\n|inactive|Aarin248 has 15 seconds left.\n|\n|t:|1700684723\n|move|p1a: Zamazenta|Play Rough|p2a: Dragapult|[miss]\n|-miss|p1a: Zamazenta|p2a: Dragapult\n|move|p2a: Dragapult|Draco Meteor|p1a: Zamazenta\n|-damage|p1a: Zamazenta|60\/100\n|-unboost|p2a: Dragapult|spa|2\n|\n|upkeep\n|turn|12\n|inactive|Aarin248 has 25 seconds left this turn.\n|inactive|Aarin248 has 20 seconds left.\n|inactive|Aarin248 has 15 seconds left.\n|inactive|Aarin248 has 10 seconds left.\n|\n|t:|1700684743\n|switch|p2a: Raichu|Raichu-Alola, F|100\/100\n|move|p1a: Zamazenta|Trailblaze|p2a: Raichu\n|-damage|p2a: Raichu|66\/100\n|-boost|p1a: Zamazenta|spe|1\n|\n|upkeep\n|turn|13\n|inactive|Aarin248 has 20 seconds left this turn.\n|inactive|Aarin248 has 15 seconds left.\n|inactive|Aarin248 has 10 seconds left.\n|inactive|Aarin248 has 5 seconds left.\n|\n|t:|1700684759\n|-terastallize|p2a: Raichu|Fairy\n|move|p2a: Raichu|Tera Blast|p1a: Zamazenta|[anim] Tera Blast Fairy\n|-supereffective|p1a: Zamazenta\n|-damage|p1a: Zamazenta|10\/100\n|-damage|p2a: Raichu|56\/100|[from] item: Life Orb\n|move|p1a: Zamazenta|Heavy Slam|p2a: Raichu\n|-supereffective|p2a: Raichu\n|-damage|p2a: Raichu|0 fnt\n|faint|p2a: Raichu\n|\n|upkeep\n|inactive|Aarin248 has 10 seconds left this turn.\n|inactive|Aarin248 has 5 seconds left.\n|-message|Aarin248 lost due to inactivity.\n|\n|win|yonkolevelpirate\n|raw|yonkolevelpirate's rating: 1329 &rarr; <strong>1351<\/strong><br \/>(+22 for winning)\n|raw|Aarin248's rating: 1372 &rarr; <strong>1350<\/strong><br \/>(-22 for losing)\n|l|\u2606Aarin248\n|l|\u2606yonkolevelpirate\n|j|\u2606yonkolevelpirate\n|player|p1|yonkolevelpirate|officeworker-gen9\n","uploadtime":1700684790,"views":6,"p1id":"yonkolevelpirate","p2id":"aarin248","formatid":"gen9ou","rating":1350,"private":0,"password":""}