{"id":"gen9ou-1997702011","p1":"faraeusm","p2":"yamiyami17","format":"[Gen 9] OU","log":"|j|\u2606faraeusm\n|j|\u2606yamiyami17\n|t:|1700843461\n|gametype|singles\n|player|p1|faraeusm|266|1207\n|player|p2|yamiyami17|101|1256\n|teamsize|p1|6\n|teamsize|p2|6\n|gen|9\n|tier|[Gen 9] OU\n|rated|\n|rule|Sleep Clause Mod: Limit one foe put to sleep\n|rule|Species Clause: Limit one of each Pok\u00e9mon\n|rule|OHKO Clause: OHKO moves are banned\n|rule|Evasion Items Clause: Evasion items are banned\n|rule|Evasion Moves Clause: Evasion moves are banned\n|rule|Endless Battle Clause: Forcing endless battles is banned\n|rule|HP Percentage Mod: HP is shown in percentages\n|clearpoke\n|poke|p1|Breloom, F|\n|poke|p1|Landorus-Therian, M|\n|poke|p1|Kingambit, F|\n|poke|p1|Cinderace, M|\n|poke|p1|Zapdos|\n|poke|p1|Samurott-Hisui, M|\n|poke|p2|Sinistcha-Masterpiece|\n|poke|p2|Snorlax, F|\n|poke|p2|Cloyster, F|\n|poke|p2|Glimmora, F|\n|poke|p2|Ceruledge, M|\n|poke|p2|Kommo-o, M|\n|teampreview\n|\n|t:|1700843502\n|start\n|switch|p1a: Landorus|Landorus-Therian, M|100\/100\n|switch|p2a: Sinistcha|Sinistcha-Masterpiece|100\/100\n|-ability|p1a: Landorus|Intimidate|boost\n|-unboost|p2a: Sinistcha|atk|1\n|turn|1\n|\n|t:|1700843505\n|move|p1a: Landorus|U-turn|p2a: Sinistcha\n|-damage|p2a: Sinistcha|72\/100\n|inactive|Battle timer is ON: inactive players will automatically lose when time's up. (requested by yamiyami17)\n|\n|t:|1700843568\n|switch|p1a: Zapdos|Zapdos, shiny|100\/100|[from] U-turn\n|move|p2a: Sinistcha|Iron Defense|p2a: Sinistcha\n|-boost|p2a: Sinistcha|def|2\n|\n|-heal|p2a: Sinistcha|78\/100|[from] item: Leftovers\n|upkeep\n|turn|2\n|\n|t:|1700843583\n|switch|p2a: Snorlax|Snorlax, F|100\/100\n|move|p1a: Zapdos|Volt Switch|p2a: Snorlax\n|-damage|p2a: Snorlax|80\/100\n|\n|t:|1700843604\n|switch|p1a: Samurott|Samurott-Hisui, M|100\/100|[from] Volt Switch\n|\n|-heal|p2a: Snorlax|86\/100|[from] item: Leftovers\n|upkeep\n|turn|3\n|\n|t:|1700843613\n|switch|p2a: Glimmora|Glimmora, F|100\/100\n|move|p1a: Samurott|Swords Dance|p1a: Samurott\n|-boost|p1a: Samurott|atk|2\n|\n|upkeep\n|turn|4\n|\n|t:|1700843619\n|move|p1a: Samurott|Ceaseless Edge|p2a: Glimmora\n|-damage|p2a: Glimmora|41\/100\n|-activate|p2a: Glimmora|ability: Toxic Debris\n|-sidestart|p1: faraeusm|move: Toxic Spikes\n|-sidestart|p2: yamiyami17|Spikes\n|move|p2a: Glimmora|Mortal Spin|p1a: Samurott\n|-damage|p1a: Samurott|92\/100\n|-status|p1a: Samurott|psn\n|-sideend|p2: yamiyami17|Spikes|[from] move: Mortal Spin|[of] p2a: Glimmora\n|\n|-heal|p2a: Glimmora|47\/100|[from] item: Leftovers\n|-damage|p1a: Samurott|80\/100 psn|[from] psn\n|upkeep\n|turn|5\n|\n|t:|1700843629\n|move|p1a: Samurott|Ceaseless Edge|p2a: Glimmora\n|-damage|p2a: Glimmora|0 fnt\n|-activate|p2a: Glimmora|ability: Toxic Debris\n|-sidestart|p1: faraeusm|move: Toxic Spikes\n|-sidestart|p2: yamiyami17|Spikes\n|faint|p2a: Glimmora\n|\n|-damage|p1a: Samurott|67\/100 psn|[from] psn\n|upkeep\n|\n|t:|1700843638\n|switch|p2a: Kommo-o|Kommo-o, M|100\/100\n|-damage|p2a: Kommo-o|88\/100|[from] Spikes\n|turn|6\n|\n|t:|1700843665\n|switch|p1a: Landorus|Landorus-Therian, M|100\/100\n|-ability|p1a: Landorus|Intimidate|boost\n|-unboost|p2a: Kommo-o|atk|1\n|move|p2a: Kommo-o|Clangorous Soul|p2a: Kommo-o\n|-boost|p2a: Kommo-o|atk|1\n|-boost|p2a: Kommo-o|def|1\n|-boost|p2a: Kommo-o|spa|1\n|-boost|p2a: Kommo-o|spd|1\n|-boost|p2a: Kommo-o|spe|1\n|-damage|p2a: Kommo-o|55\/100\n|\n|-heal|p2a: Kommo-o|61\/100|[from] item: Leftovers\n|upkeep\n|turn|7\n|\n|t:|1700843671\n|move|p2a: Kommo-o|Dragon Claw|p1a: Landorus\n|-damage|p1a: Landorus|54\/100\n|move|p1a: Landorus|Earthquake|p2a: Kommo-o\n|-damage|p2a: Kommo-o|3\/100\n|\n|-heal|p2a: Kommo-o|9\/100|[from] item: Leftovers\n|upkeep\n|turn|8\n|\n|t:|1700843690\n|switch|p1a: Kingambit|Kingambit, F, shiny|100\/100\n|move|p2a: Kommo-o|Dragon Claw|p1a: Kingambit\n|-resisted|p1a: Kingambit\n|-damage|p1a: Kingambit|88\/100\n|\n|-heal|p2a: Kommo-o|15\/100|[from] item: Leftovers\n|-heal|p1a: Kingambit|94\/100|[from] item: Leftovers\n|upkeep\n|turn|9\n|\n|t:|1700843700\n|move|p1a: Kingambit|Sucker Punch|p2a: Kommo-o\n|-resisted|p2a: Kommo-o\n|-damage|p2a: Kommo-o|2\/100\n|move|p2a: Kommo-o|Drain Punch|p1a: Kingambit\n|-supereffective|p1a: Kingambit\n|-damage|p1a: Kingambit|0 fnt\n|-heal|p2a: Kommo-o|65\/100|[from] drain|[of] p1a: Kingambit\n|faint|p1a: Kingambit\n|-end|p1a: Kingambit|fallenundefined|[silent]\n|\n|-heal|p2a: Kommo-o|71\/100|[from] item: Leftovers\n|upkeep\n|\n|t:|1700843704\n|switch|p1a: Landorus|Landorus-Therian, M|54\/100\n|-ability|p1a: Landorus|Intimidate|boost\n|-unboost|p2a: Kommo-o|atk|1\n|turn|10\n|\n|t:|1700843711\n|move|p2a: Kommo-o|Dragon Claw|p1a: Landorus\n|-damage|p1a: Landorus|23\/100\n|move|p1a: Landorus|Earthquake|p2a: Kommo-o\n|-damage|p2a: Kommo-o|10\/100\n|\n|-heal|p2a: Kommo-o|16\/100|[from] item: Leftovers\n|upkeep\n|turn|11\n|inactive|faraeusm has 120 seconds left.\n|\n|t:|1700843767\n|move|p2a: Kommo-o|Dragon Claw|p1a: Landorus\n|-damage|p1a: Landorus|0 fnt\n|faint|p1a: Landorus\n|\n|-heal|p2a: Kommo-o|22\/100|[from] item: Leftovers\n|upkeep\n|\n|t:|1700843775\n|switch|p1a: Cinderace|Cinderace, M|100\/100\n|-status|p1a: Cinderace|tox\n|turn|12\n|\n|t:|1700843778\n|move|p2a: Kommo-o|Drain Punch|p1a: Cinderace\n|-damage|p1a: Cinderace|69\/100 tox\n|-heal|p2a: Kommo-o|39\/100|[from] drain|[of] p1a: Cinderace\n|move|p1a: Cinderace|Court Change|p1a: Cinderace\n|-start|p1a: Cinderace|typechange|Normal|[from] ability: Libero\n|-swapsideconditions\n|-activate|p1a: Cinderace|move: Court Change\n|\n|-heal|p2a: Kommo-o|45\/100|[from] item: Leftovers\n|-damage|p1a: Cinderace|63\/100 tox|[from] psn\n|upkeep\n|turn|13\n|\n|t:|1700843786\n|move|p2a: Kommo-o|Drain Punch|p1a: Cinderace\n|-supereffective|p1a: Cinderace\n|-damage|p1a: Cinderace|0 fnt\n|-heal|p2a: Kommo-o|77\/100|[from] drain|[of] p1a: Cinderace\n|faint|p1a: Cinderace\n|\n|-heal|p2a: Kommo-o|84\/100|[from] item: Leftovers\n|upkeep\n|\n|t:|1700843792\n|switch|p1a: Breloom|Breloom, F|100\/100\n|-damage|p1a: Breloom|88\/100|[from] Spikes\n|turn|14\n|\n|t:|1700843798\n|move|p2a: Kommo-o|Drain Punch|p1a: Breloom\n|-damage|p1a: Breloom|50\/100\n|-heal|p2a: Kommo-o|100\/100|[from] drain|[of] p1a: Breloom\n|move|p1a: Breloom|Spore|p2a: Kommo-o\n|-status|p2a: Kommo-o|slp|[from] move: Spore\n|\n|upkeep\n|turn|15\n|\n|t:|1700843803\n|cant|p2a: Kommo-o|slp\n|move|p1a: Breloom|Swords Dance|p1a: Breloom\n|-boost|p1a: Breloom|atk|2\n|\n|upkeep\n|turn|16\n|inactive|faraeusm has 120 seconds left.\n|inactive|faraeusm has 90 seconds left.\n|\n|t:|1700843869\n|cant|p2a: Kommo-o|slp\n|move|p1a: Breloom|Swords Dance|p1a: Breloom\n|-boost|p1a: Breloom|atk|2\n|\n|upkeep\n|turn|17\n|\n|t:|1700843881\n|move|p1a: Breloom|Mach Punch|p2a: Kommo-o\n|-damage|p2a: Kommo-o|17\/100 slp\n|-damage|p1a: Breloom|40\/100|[from] item: Life Orb\n|cant|p2a: Kommo-o|slp\n|\n|-heal|p2a: Kommo-o|23\/100 slp|[from] item: Leftovers\n|upkeep\n|turn|18\n|\n|t:|1700843886\n|-curestatus|p2a: Kommo-o|slp|[msg]\n|move|p2a: Kommo-o|Dragon Claw|p1a: Breloom\n|-damage|p1a: Breloom|4\/100\n|move|p1a: Breloom|Bullet Seed|p2a: Kommo-o\n|-immune|p2a: Kommo-o|[from] ability: Bulletproof\n|\n|-heal|p2a: Kommo-o|29\/100|[from] item: Leftovers\n|upkeep\n|turn|19\n|\n|t:|1700843896\n|move|p2a: Kommo-o|Drain Punch|p1a: Breloom\n|-damage|p1a: Breloom|0 fnt\n|-heal|p2a: Kommo-o|31\/100|[from] drain|[of] p1a: Breloom\n|faint|p1a: Breloom\n|\n|-heal|p2a: Kommo-o|37\/100|[from] item: Leftovers\n|upkeep\n|\n|t:|1700843899\n|switch|p1a: Samurott|Samurott-Hisui, M|67\/100 psn\n|-damage|p1a: Samurott|55\/100 psn|[from] Spikes\n|turn|20\n|\n|t:|1700843906\n|-terastallize|p1a: Samurott|Water\n|move|p2a: Kommo-o|Drain Punch|p1a: Samurott\n|-damage|p1a: Samurott|27\/100 psn\n|-heal|p2a: Kommo-o|53\/100|[from] drain|[of] p1a: Samurott\n|move|p1a: Samurott|Razor Shell|p2a: Kommo-o\n|-resisted|p2a: Kommo-o\n|-damage|p2a: Kommo-o|30\/100\n|-unboost|p2a: Kommo-o|def|1\n|\n|-heal|p2a: Kommo-o|36\/100|[from] item: Leftovers\n|-damage|p1a: Samurott|14\/100 psn|[from] psn\n|upkeep\n|turn|21\n|inactive|faraeusm has 120 seconds left.\n|\n|t:|1700843916\n|move|p2a: Kommo-o|Drain Punch|p1a: Samurott\n|-damage|p1a: Samurott|0 fnt\n|-heal|p2a: Kommo-o|44\/100|[from] drain|[of] p1a: Samurott\n|faint|p1a: Samurott\n|\n|-heal|p2a: Kommo-o|50\/100|[from] item: Leftovers\n|upkeep\n|-message|faraeusm forfeited.\n|\n|win|yamiyami17\n|raw|faraeusm's rating: 1207 &rarr; <strong>1186<\/strong><br \/>(-21 for losing)\n|raw|yamiyami17's rating: 1256 &rarr; <strong>1277<\/strong><br \/>(+21 for winning)\n|l|\u2606faraeusm\n","uploadtime":1700843927,"views":12,"p1id":"faraeusm","p2id":"yamiyami17","formatid":"gen9ou","rating":1186,"private":0,"password":""}