{"id":"gen9ou-1988594358","p1":"CosmicMD","p2":"Peter Griffin epic","format":"[Gen 9] OU","log":"|j|\u2606CosmicMD\n|j|\u2606Peter Griffin epic\n|t:|1699739905\n|gametype|singles\n|player|p1|CosmicMD|colress|1298\n|player|p2|Peter Griffin epic|whitney|1298\n|teamsize|p1|6\n|teamsize|p2|6\n|gen|9\n|tier|[Gen 9] OU\n|rated|\n|rule|Sleep Clause Mod: Limit one foe put to sleep\n|rule|Species Clause: Limit one of each Pok\u00e9mon\n|rule|OHKO Clause: OHKO moves are banned\n|rule|Evasion Items Clause: Evasion items are banned\n|rule|Evasion Moves Clause: Evasion moves are banned\n|rule|Endless Battle Clause: Forcing endless battles is banned\n|rule|HP Percentage Mod: HP is shown in percentages\n|clearpoke\n|poke|p1|Corviknight, M|\n|poke|p1|Gliscor, F|\n|poke|p1|Ogerpon-Wellspring, F|\n|poke|p1|Kommo-o, F|\n|poke|p1|Skeledirge, F|\n|poke|p1|Glimmora, M|\n|poke|p2|Hydreigon, M|\n|poke|p2|Gliscor, M|\n|poke|p2|Gholdengo|\n|poke|p2|Mandibuzz, F|\n|poke|p2|Heatran, F|\n|poke|p2|Milotic, F|\n|teampreview\n|inactive|Battle timer is ON: inactive players will automatically lose when time's up. (requested by CosmicMD)\n|c|\u2606CosmicMD|glhf\n|\n|t:|1699739932\n|start\n|switch|p1a: Glimmora|Glimmora, M|100\/100\n|switch|p2a: Goofy Fella|Hydreigon, M|100\/100\n|turn|1\n|c|\u2606Peter Griffin epic|glhf\n|\n|t:|1699739941\n|move|p2a: Goofy Fella|U-turn|p1a: Glimmora\n|-resisted|p1a: Glimmora\n|-damage|p1a: Glimmora|93\/100\n|-activate|p1a: Glimmora|ability: Toxic Debris\n|-sidestart|p2: Peter Griffin epic|move: Toxic Spikes\n|\n|t:|1699739949\n|switch|p2a: Milotic|Milotic, F|100\/100|[from] U-turn\n|-status|p2a: Milotic|psn\n|move|p1a: Glimmora|Stealth Rock|p2a: Milotic\n|-sidestart|p2: Peter Griffin epic|move: Stealth Rock\n|\n|-damage|p2a: Milotic|88\/100 psn|[from] psn\n|upkeep\n|turn|2\n|\n|t:|1699739957\n|switch|p1a: Ogerpon|Ogerpon-Wellspring, F|100\/100\n|move|p2a: Milotic|Scald|p1a: Ogerpon\n|-immune|p1a: Ogerpon|[from] ability: Water Absorb\n|\n|-heal|p2a: Milotic|94\/100 psn|[from] item: Leftovers\n|-damage|p2a: Milotic|82\/100 psn|[from] psn\n|upkeep\n|turn|3\n|\n|t:|1699739965\n|switch|p2a: Clueless|Mandibuzz, F|100\/100\n|move|p1a: Ogerpon|Swords Dance|p1a: Ogerpon\n|-boost|p1a: Ogerpon|atk|2\n|\n|upkeep\n|turn|4\n|\n|t:|1699739975\n|move|p1a: Ogerpon|Ivy Cudgel|p2a: Clueless\n|-damage|p2a: Clueless|36\/100\n|move|p2a: Clueless|Foul Play|p1a: Ogerpon\n|-damage|p1a: Ogerpon|0 fnt\n|faint|p1a: Ogerpon\n|\n|upkeep\n|\n|t:|1699739982\n|switch|p1a: Glimmora|Glimmora, M|93\/100\n|turn|5\n|\n|t:|1699739996\n|move|p1a: Glimmora|Spikes|p2a: Clueless\n|-sidestart|p2: Peter Griffin epic|Spikes\n|move|p2a: Clueless|Roost|p2a: Clueless\n|-heal|p2a: Clueless|86\/100\n|-singleturn|p2a: Clueless|move: Roost\n|\n|upkeep\n|turn|6\n|\n|t:|1699740004\n|move|p1a: Glimmora|Mortal Spin|p2a: Clueless\n|-damage|p2a: Clueless|83\/100\n|-status|p2a: Clueless|psn\n|move|p2a: Clueless|U-turn|p1a: Glimmora\n|-resisted|p1a: Glimmora\n|-damage|p1a: Glimmora|86\/100\n|-activate|p1a: Glimmora|ability: Toxic Debris\n|-sidestart|p2: Peter Griffin epic|move: Toxic Spikes\n|\n|t:|1699740010\n|switch|p2a: The Client|Gliscor, M|100\/100|[from] U-turn\n|-damage|p2a: The Client|88\/100|[from] Stealth Rock\n|\n|-status|p2a: The Client|tox|[from] item: Toxic Orb\n|upkeep\n|turn|7\n|\n|t:|1699740022\n|move|p1a: Glimmora|Spikes|p2a: The Client\n|-sidestart|p2: Peter Griffin epic|Spikes\n|move|p2a: The Client|Spikes|p1a: Glimmora\n|-sidestart|p1: CosmicMD|Spikes\n|\n|-heal|p2a: The Client|100\/100 tox|[from] ability: Poison Heal\n|upkeep\n|turn|8\n|\n|t:|1699740029\n|move|p1a: Glimmora|Spikes|p2a: The Client\n|-sidestart|p2: Peter Griffin epic|Spikes\n|move|p2a: The Client|Spikes|p1a: Glimmora\n|-sidestart|p1: CosmicMD|Spikes\n|\n|upkeep\n|turn|9\n|\n|t:|1699740034\n|move|p1a: Glimmora|Mortal Spin|p2a: The Client\n|-resisted|p2a: The Client\n|-damage|p2a: The Client|98\/100 tox\n|-sideend|p1: CosmicMD|Spikes|[from] move: Mortal Spin|[of] p1a: Glimmora\n|move|p2a: The Client|Spikes|p1a: Glimmora\n|-sidestart|p1: CosmicMD|Spikes\n|\n|-heal|p2a: The Client|100\/100 tox|[from] ability: Poison Heal\n|upkeep\n|turn|10\n|\n|t:|1699740046\n|switch|p1a: Corviknight|Corviknight, M|100\/100\n|move|p2a: The Client|Earthquake|p1a: Corviknight\n|-immune|p1a: Corviknight\n|\n|upkeep\n|turn|11\n|\n|t:|1699740053\n|move|p2a: The Client|Knock Off|p1a: Corviknight\n|-damage|p1a: Corviknight|84\/100\n|-enditem|p1a: Corviknight|Leftovers|[from] move: Knock Off|[of] p2a: The Client\n|move|p1a: Corviknight|Substitute|p1a: Corviknight\n|-start|p1a: Corviknight|Substitute\n|-damage|p1a: Corviknight|59\/100\n|\n|upkeep\n|turn|12\n|\n|t:|1699740065\n|switch|p2a: Fire Mixtape|Heatran, F|100\/100\n|-damage|p2a: Fire Mixtape|88\/100|[from] Stealth Rock\n|-item|p2a: Fire Mixtape|Air Balloon\n|move|p1a: Corviknight|Bulk Up|p1a: Corviknight\n|-boost|p1a: Corviknight|atk|1\n|-boost|p1a: Corviknight|def|1\n|\n|upkeep\n|turn|13\n|\n|t:|1699740076\n|move|p2a: Fire Mixtape|Magma Storm|p1a: Corviknight|[miss]\n|-miss|p2a: Fire Mixtape|p1a: Corviknight\n|move|p1a: Corviknight|Bulk Up|p1a: Corviknight\n|-boost|p1a: Corviknight|atk|1\n|-boost|p1a: Corviknight|def|1\n|\n|upkeep\n|turn|14\n|\n|t:|1699740084\n|move|p2a: Fire Mixtape|Magma Storm|p1a: Corviknight\n|-supereffective|p1a: Corviknight\n|-crit|p1a: Corviknight\n|-end|p1a: Corviknight|Substitute\n|move|p1a: Corviknight|Brave Bird|p2a: Fire Mixtape\n|-resisted|p2a: Fire Mixtape\n|-damage|p2a: Fire Mixtape|53\/100\n|-enditem|p2a: Fire Mixtape|Air Balloon\n|-damage|p1a: Corviknight|50\/100|[from] Recoil\n|\n|upkeep\n|turn|15\n|\n|t:|1699740096\n|move|p2a: Fire Mixtape|Magma Storm|p1a: Corviknight|[miss]\n|-miss|p2a: Fire Mixtape|p1a: Corviknight\n|move|p1a: Corviknight|Roost|p1a: Corviknight\n|-heal|p1a: Corviknight|99\/100\n|-singleturn|p1a: Corviknight|move: Roost\n|\n|upkeep\n|turn|16\n|\n|t:|1699740103\n|move|p2a: Fire Mixtape|Magma Storm|p1a: Corviknight|[miss]\n|-miss|p2a: Fire Mixtape|p1a: Corviknight\n|move|p1a: Corviknight|Brave Bird|p2a: Fire Mixtape\n|-resisted|p2a: Fire Mixtape\n|-damage|p2a: Fire Mixtape|17\/100\n|-damage|p1a: Corviknight|90\/100|[from] Recoil\n|\n|upkeep\n|turn|17\n|\n|t:|1699740111\n|move|p2a: Fire Mixtape|Magma Storm|p1a: Corviknight|[miss]\n|-miss|p2a: Fire Mixtape|p1a: Corviknight\n|move|p1a: Corviknight|Brave Bird|p2a: Fire Mixtape\n|-resisted|p2a: Fire Mixtape\n|-damage|p2a: Fire Mixtape|0 fnt\n|faint|p2a: Fire Mixtape\n|-damage|p1a: Corviknight|86\/100|[from] Recoil\n|\n|upkeep\n|c|\u2606Peter Griffin epic|you are one lucky guy\n|inactive|Peter Griffin epic has 120 seconds left.\n|\n|t:|1699740146\n|switch|p2a: The Lawyer|Gholdengo|100\/100\n|-damage|p2a: The Lawyer|94\/100|[from] Stealth Rock\n|-item|p2a: The Lawyer|Air Balloon\n|turn|18\n|\n|t:|1699740153\n|move|p2a: The Lawyer|Thunderbolt|p1a: Corviknight\n|-supereffective|p1a: Corviknight\n|-damage|p1a: Corviknight|39\/100\n|move|p1a: Corviknight|Brave Bird|p2a: The Lawyer\n|-resisted|p2a: The Lawyer\n|-crit|p2a: The Lawyer\n|-damage|p2a: The Lawyer|35\/100\n|-enditem|p2a: The Lawyer|Air Balloon\n|-damage|p1a: Corviknight|23\/100|[from] Recoil\n|\n|upkeep\n|turn|19\n|\n|t:|1699740171\n|switch|p1a: Gliscor|Gliscor, F|100\/100\n|move|p2a: The Lawyer|Make It Rain|p1a: Gliscor\n|-damage|p1a: Gliscor|5\/100\n|-unboost|p2a: The Lawyer|spa|1\n|\n|-status|p1a: Gliscor|tox|[from] item: Toxic Orb\n|upkeep\n|turn|20\n|inactive|Peter Griffin epic has 120 seconds left.\n|\n|t:|1699740197\n|move|p1a: Gliscor|Knock Off|p2a: The Lawyer\n|-supereffective|p2a: The Lawyer\n|-damage|p2a: The Lawyer|0 fnt\n|faint|p2a: The Lawyer\n|\n|-heal|p1a: Gliscor|18\/100 tox|[from] ability: Poison Heal\n|upkeep\n|\n|t:|1699740204\n|switch|p2a: Milotic|Milotic, F|82\/100 psn\n|-damage|p2a: Milotic|69\/100 psn|[from] Stealth Rock\n|-damage|p2a: Milotic|44\/100 psn|[from] Spikes\n|turn|21\n|inactive|Peter Griffin epic has 120 seconds left.\n|\n|t:|1699740212\n|switch|p1a: Kommo-o|Kommo-o, F|100\/100\n|-damage|p1a: Kommo-o|88\/100|[from] Spikes\n|move|p2a: Milotic|Recover|p2a: Milotic\n|-heal|p2a: Milotic|94\/100 psn\n|\n|-heal|p2a: Milotic|100\/100 psn|[from] item: Leftovers\n|-damage|p2a: Milotic|88\/100 psn|[from] psn\n|upkeep\n|turn|22\n|\n|t:|1699740222\n|move|p1a: Kommo-o|Clangorous Soul|p1a: Kommo-o\n|-boost|p1a: Kommo-o|atk|1\n|-boost|p1a: Kommo-o|def|1\n|-boost|p1a: Kommo-o|spa|1\n|-boost|p1a: Kommo-o|spd|1\n|-boost|p1a: Kommo-o|spe|1\n|-damage|p1a: Kommo-o|55\/100\n|-enditem|p1a: Kommo-o|Throat Spray\n|-boost|p1a: Kommo-o|spa|1|[from] item: Throat Spray\n|move|p2a: Milotic|Haze|p2a: Milotic\n|-clearallboost\n|\n|-heal|p2a: Milotic|94\/100 psn|[from] item: Leftovers\n|-damage|p2a: Milotic|82\/100 psn|[from] psn\n|upkeep\n|turn|23\n|\n|t:|1699740235\n|move|p1a: Kommo-o|Clanging Scales|p2a: Milotic\n|-damage|p2a: Milotic|55\/100 psn\n|-unboost|p1a: Kommo-o|def|1\n|move|p2a: Milotic|Scald|p1a: Kommo-o\n|-resisted|p1a: Kommo-o\n|-damage|p1a: Kommo-o|41\/100\n|\n|-heal|p2a: Milotic|61\/100 psn|[from] item: Leftovers\n|-damage|p2a: Milotic|49\/100 psn|[from] psn\n|upkeep\n|turn|24\n|\n|t:|1699740257\n|move|p1a: Kommo-o|Clanging Scales|p2a: Milotic\n|-damage|p2a: Milotic|21\/100 psn\n|-unboost|p1a: Kommo-o|def|1\n|move|p2a: Milotic|Recover|p2a: Milotic\n|-heal|p2a: Milotic|71\/100 psn\n|\n|-heal|p2a: Milotic|77\/100 psn|[from] item: Leftovers\n|-damage|p2a: Milotic|64\/100 psn|[from] psn\n|upkeep\n|turn|25\n|\n|t:|1699740267\n|move|p1a: Kommo-o|Clanging Scales|p2a: Milotic\n|-damage|p2a: Milotic|37\/100 psn\n|-unboost|p1a: Kommo-o|def|1\n|move|p2a: Milotic|Mirror Coat|p1a: Kommo-o\n|-damage|p1a: Kommo-o|0 fnt\n|faint|p1a: Kommo-o\n|\n|-heal|p2a: Milotic|43\/100 psn|[from] item: Leftovers\n|-damage|p2a: Milotic|30\/100 psn|[from] psn\n|upkeep\n|\n|t:|1699740283\n|switch|p1a: Gliscor|Gliscor, F|18\/100 tox\n|turn|26\n|\n|t:|1699740289\n|move|p1a: Gliscor|Facade|p2a: Milotic\n|-damage|p2a: Milotic|7\/100 psn\n|move|p2a: Milotic|Recover|p2a: Milotic\n|-heal|p2a: Milotic|57\/100 psn\n|\n|-heal|p2a: Milotic|63\/100 psn|[from] item: Leftovers\n|-heal|p1a: Gliscor|30\/100 tox|[from] ability: Poison Heal\n|-damage|p2a: Milotic|50\/100 psn|[from] psn\n|upkeep\n|turn|27\n|\n|t:|1699740299\n|-terastallize|p1a: Gliscor|Normal\n|move|p1a: Gliscor|Facade|p2a: Milotic\n|-damage|p2a: Milotic|13\/100 psn\n|move|p2a: Milotic|Scald|p1a: Gliscor\n|-crit|p1a: Gliscor\n|-damage|p1a: Gliscor|0 fnt\n|faint|p1a: Gliscor\n|\n|-heal|p2a: Milotic|19\/100 psn|[from] item: Leftovers\n|-damage|p2a: Milotic|6\/100 psn|[from] psn\n|upkeep\n|\n|t:|1699740316\n|switch|p1a: Glimmora|Glimmora, M|86\/100\n|turn|28\n|\n|t:|1699740321\n|move|p1a: Glimmora|Mortal Spin|p2a: Milotic\n|-damage|p2a: Milotic|2\/100 psn\n|-sideend|p1: CosmicMD|Spikes|[from] move: Mortal Spin|[of] p1a: Glimmora\n|move|p2a: Milotic|Recover|p2a: Milotic\n|-heal|p2a: Milotic|52\/100 psn\n|\n|-heal|p2a: Milotic|58\/100 psn|[from] item: Leftovers\n|-damage|p2a: Milotic|46\/100 psn|[from] psn\n|upkeep\n|turn|29\n|\n|t:|1699740333\n|move|p1a: Glimmora|Spiky Shield|p1a: Glimmora\n|-singleturn|p1a: Glimmora|move: Protect\n|move|p2a: Milotic|Recover|p2a: Milotic\n|-heal|p2a: Milotic|96\/100 psn\n|\n|-heal|p2a: Milotic|100\/100 psn|[from] item: Leftovers\n|-damage|p2a: Milotic|88\/100 psn|[from] psn\n|upkeep\n|turn|30\n|\n|t:|1699740342\n|move|p1a: Glimmora|Mortal Spin|p2a: Milotic\n|-damage|p2a: Milotic|84\/100 psn\n|move|p2a: Milotic|Scald|p1a: Glimmora\n|-supereffective|p1a: Glimmora\n|-damage|p1a: Glimmora|26\/100\n|\n|-heal|p2a: Milotic|90\/100 psn|[from] item: Leftovers\n|-damage|p2a: Milotic|78\/100 psn|[from] psn\n|upkeep\n|turn|31\n|\n|t:|1699740352\n|move|p1a: Glimmora|Mortal Spin|p2a: Milotic\n|-damage|p2a: Milotic|74\/100 psn\n|move|p2a: Milotic|Scald|p1a: Glimmora\n|-supereffective|p1a: Glimmora\n|-damage|p1a: Glimmora|0 fnt\n|faint|p1a: Glimmora\n|\n|-heal|p2a: Milotic|80\/100 psn|[from] item: Leftovers\n|-damage|p2a: Milotic|68\/100 psn|[from] psn\n|upkeep\n|\n|t:|1699740361\n|switch|p1a: Skeledirge|Skeledirge, F|100\/100\n|turn|32\n|\n|t:|1699740366\n|move|p2a: Milotic|Scald|p1a: Skeledirge\n|-supereffective|p1a: Skeledirge\n|-damage|p1a: Skeledirge|42\/100\n|move|p1a: Skeledirge|Shadow Ball|p2a: Milotic\n|-damage|p2a: Milotic|43\/100 psn\n|\n|-heal|p2a: Milotic|49\/100 psn|[from] item: Leftovers\n|-damage|p2a: Milotic|36\/100 psn|[from] psn\n|upkeep\n|turn|33\n|\n|t:|1699740376\n|move|p2a: Milotic|Recover|p2a: Milotic\n|-heal|p2a: Milotic|86\/100 psn\n|move|p1a: Skeledirge|Shadow Ball|p2a: Milotic\n|-damage|p2a: Milotic|61\/100 psn\n|-unboost|p2a: Milotic|spd|1\n|\n|-heal|p2a: Milotic|67\/100 psn|[from] item: Leftovers\n|-damage|p2a: Milotic|55\/100 psn|[from] psn\n|upkeep\n|turn|34\n|\n|t:|1699740388\n|move|p2a: Milotic|Scald|p1a: Skeledirge\n|-supereffective|p1a: Skeledirge\n|-damage|p1a: Skeledirge|0 fnt\n|faint|p1a: Skeledirge\n|\n|-heal|p2a: Milotic|61\/100 psn|[from] item: Leftovers\n|-damage|p2a: Milotic|48\/100 psn|[from] psn\n|upkeep\n|\n|t:|1699740396\n|switch|p1a: Corviknight|Corviknight, M|23\/100\n|turn|35\n|\n|t:|1699740399\n|move|p2a: Milotic|Scald|p1a: Corviknight\n|-damage|p1a: Corviknight|4\/100\n|move|p1a: Corviknight|Roost|p1a: Corviknight\n|-heal|p1a: Corviknight|54\/100\n|-singleturn|p1a: Corviknight|move: Roost\n|\n|-heal|p2a: Milotic|55\/100 psn|[from] item: Leftovers\n|-damage|p2a: Milotic|42\/100 psn|[from] psn\n|upkeep\n|turn|36\n|\n|t:|1699740413\n|switch|p2a: Goofy Fella|Hydreigon, M|100\/100\n|-damage|p2a: Goofy Fella|88\/100|[from] Stealth Rock\n|move|p1a: Corviknight|Roost|p1a: Corviknight\n|-heal|p1a: Corviknight|100\/100\n|-singleturn|p1a: Corviknight|move: Roost\n|\n|upkeep\n|turn|37\n|\n|t:|1699740423\n|move|p2a: Goofy Fella|Flamethrower|p1a: Corviknight\n|-supereffective|p1a: Corviknight\n|-damage|p1a: Corviknight|54\/100\n|move|p1a: Corviknight|Substitute|p1a: Corviknight\n|-start|p1a: Corviknight|Substitute\n|-damage|p1a: Corviknight|29\/100\n|\n|upkeep\n|turn|38\n|\n|t:|1699740430\n|move|p2a: Goofy Fella|Flamethrower|p1a: Corviknight\n|-supereffective|p1a: Corviknight\n|-end|p1a: Corviknight|Substitute\n|move|p1a: Corviknight|Roost|p1a: Corviknight\n|-heal|p1a: Corviknight|79\/100\n|-singleturn|p1a: Corviknight|move: Roost\n|\n|upkeep\n|turn|39\n|\n|t:|1699740437\n|move|p2a: Goofy Fella|Flamethrower|p1a: Corviknight\n|-supereffective|p1a: Corviknight\n|-damage|p1a: Corviknight|30\/100\n|move|p1a: Corviknight|Brave Bird|p2a: Goofy Fella\n|-damage|p2a: Goofy Fella|47\/100\n|-damage|p1a: Corviknight|18\/100|[from] Recoil\n|\n|upkeep\n|turn|40\n|\n|t:|1699740444\n|move|p2a: Goofy Fella|Flamethrower|p1a: Corviknight\n|-supereffective|p1a: Corviknight\n|-damage|p1a: Corviknight|0 fnt\n|faint|p1a: Corviknight\n|\n|win|Peter Griffin epic\n|raw|CosmicMD's rating: 1298 &rarr; <strong>1273<\/strong><br \/>(-25 for losing)\n|raw|Peter Griffin epic's rating: 1298 &rarr; <strong>1323<\/strong><br \/>(+25 for winning)\n|c|\u2606CosmicMD|gg\n|c|\u2606Peter Griffin epic|gg\n|l|\u2606CosmicMD\n","uploadtime":1699740457,"views":12,"p1id":"cosmicmd","p2id":"petergriffinepic","formatid":"gen9ou","rating":1273,"private":0,"password":""}