{"id":"gen9ou-1996712903","p1":"ColloiXyy","p2":"vicky_1109","format":"[Gen 9] OU","log":"|j|\u2606ColloiXyy\n|j|\u2606vicky_1109\n|t:|1700713204\n|gametype|singles\n|player|p1|ColloiXyy|170|\n|player|p2|vicky_1109|red|\n|teamsize|p1|6\n|teamsize|p2|6\n|gen|9\n|tier|[Gen 9] OU\n|rule|Sleep Clause Mod: Limit one foe put to sleep\n|rule|Species Clause: Limit one of each Pok\u00e9mon\n|rule|OHKO Clause: OHKO moves are banned\n|rule|Evasion Items Clause: Evasion items are banned\n|rule|Evasion Moves Clause: Evasion moves are banned\n|rule|Endless Battle Clause: Forcing endless battles is banned\n|rule|HP Percentage Mod: HP is shown in percentages\n|clearpoke\n|poke|p1|Ting-Lu|\n|poke|p1|Gholdengo|\n|poke|p1|Enamorus, F|\n|poke|p1|Great Tusk|\n|poke|p1|Volcanion|\n|poke|p1|Amoonguss, M|\n|poke|p2|Alomomola, F|\n|poke|p2|Slowking-Galar, F|\n|poke|p2|Kingambit, F|\n|poke|p2|Great Tusk|\n|poke|p2|Cinderace, F|\n|poke|p2|Thundurus-Therian, M|\n|teampreview\n|\n|t:|1700713229\n|start\n|switch|p1a: Enamorus|Enamorus, F|100\/100\n|switch|p2a: Alomomola|Alomomola, F|100\/100\n|turn|1\n|\n|t:|1700713250\n|move|p1a: Enamorus|Moonblast|p2a: Alomomola\n|-damage|p2a: Alomomola|64\/100\n|-enditem|p2a: Alomomola|Red Card|[of] p1a: Enamorus\n|drag|p1a: Volcanion|Volcanion|100\/100\n|move|p2a: Alomomola|Scald|p1a: Volcanion\n|-immune|p1a: Volcanion|[from] ability: Water Absorb\n|\n|upkeep\n|turn|2\n|c|\u2606ColloiXyy|lol\n|\n|t:|1700713267\n|switch|p2a: Slowking|Slowking-Galar, F|100\/100\n|move|p1a: Volcanion|Steam Eruption|p2a: Slowking\n|-damage|p2a: Slowking|66\/100\n|-status|p2a: Slowking|brn\n|\n|-damage|p2a: Slowking|60\/100 brn|[from] brn\n|upkeep\n|turn|3\n|\n|t:|1700713288\n|move|p1a: Volcanion|Steam Eruption|p2a: Slowking\n|-damage|p2a: Slowking|22\/100 brn\n|move|p2a: Slowking|Sludge Bomb|p1a: Volcanion\n|-damage|p1a: Volcanion|63\/100\n|\n|-damage|p2a: Slowking|16\/100 brn|[from] brn\n|upkeep\n|turn|4\n|\n|t:|1700713299\n|switch|p2a: Alomomola|Alomomola, F|97\/100\n|move|p1a: Volcanion|Flamethrower|p2a: Alomomola\n|-resisted|p2a: Alomomola\n|-damage|p2a: Alomomola|76\/100\n|\n|upkeep\n|turn|5\n|\n|t:|1700713319\n|switch|p1a: Gholdengo|Gholdengo|100\/100\n|move|p2a: Alomomola|Wish|p2a: Alomomola\n|\n|upkeep\n|turn|6\n|\n|t:|1700713331\n|move|p1a: Gholdengo|Shadow Ball|p2a: Alomomola\n|-damage|p2a: Alomomola|38\/100\n|move|p2a: Alomomola|Flip Turn|p1a: Gholdengo\n|-damage|p1a: Gholdengo|83\/100\n|\n|t:|1700713338\n|switch|p2a: Great Tusk|Great Tusk|100\/100|[from] Flip Turn\n|\n|upkeep\n|turn|7\n|\n|t:|1700713360\n|switch|p1a: Amoonguss|Amoonguss, M|100\/100\n|move|p2a: Great Tusk|Rapid Spin|p1a: Amoonguss\n|-damage|p1a: Amoonguss|87\/100\n|-boost|p2a: Great Tusk|spe|1\n|-enditem|p1a: Amoonguss|Red Card|[of] p2a: Great Tusk\n|-end|p2a: Great Tusk|Protosynthesis|[silent]\n|drag|p2a: Kingambit|Kingambit, F|100\/100\n|\n|upkeep\n|turn|8\n|\n|t:|1700713395\n|-end|p2a: Kingambit|fallenundefined|[silent]\n|switch|p2a: Slowking|Slowking-Galar, F|50\/100 brn\n|switch|p1a: Ting-Lu|Ting-Lu|100\/100\n|-ability|p1a: Ting-Lu|Vessel of Ruin\n|\n|-damage|p2a: Slowking|44\/100 brn|[from] brn\n|upkeep\n|turn|9\n|\n|t:|1700713409\n|move|p1a: Ting-Lu|Earthquake|p2a: Slowking\n|-supereffective|p2a: Slowking\n|-damage|p2a: Slowking|0 fnt\n|faint|p2a: Slowking\n|\n|upkeep\n|\n|t:|1700713415\n|switch|p2a: Alomomola|Alomomola, F|71\/100\n|turn|10\n|\n|t:|1700713424\n|switch|p1a: Amoonguss|Amoonguss, M|100\/100\n|move|p2a: Alomomola|Scald|p1a: Amoonguss\n|-resisted|p1a: Amoonguss\n|-damage|p1a: Amoonguss|94\/100\n|\n|upkeep\n|turn|11\n|\n|t:|1700713443\n|move|p2a: Alomomola|Wish|p2a: Alomomola\n|move|p1a: Amoonguss|Spore|p2a: Alomomola\n|-status|p2a: Alomomola|slp|[from] move: Spore\n|\n|upkeep\n|turn|12\n|\n|t:|1700713458\n|cant|p2a: Alomomola|slp\n|move|p1a: Amoonguss|Energy Ball|p2a: Alomomola\n|-supereffective|p2a: Alomomola\n|-damage|p2a: Alomomola|18\/100 slp\n|\n|-heal|p2a: Alomomola|68\/100 slp|[from] move: Wish|[wisher] Alomomola\n|upkeep\n|turn|13\n|\n|t:|1700713465\n|switch|p2a: Cinderace|Cinderace, F|100\/100\n|move|p1a: Amoonguss|Energy Ball|p2a: Cinderace\n|-resisted|p2a: Cinderace\n|-damage|p2a: Cinderace|83\/100\n|\n|upkeep\n|turn|14\n|\n|t:|1700713482\n|switch|p1a: Ting-Lu|Ting-Lu|100\/100\n|-ability|p1a: Ting-Lu|Vessel of Ruin\n|move|p2a: Cinderace|U-turn|p1a: Ting-Lu\n|-start|p2a: Cinderace|typechange|Bug|[from] ability: Libero\n|-supereffective|p1a: Ting-Lu\n|-damage|p1a: Ting-Lu|64\/100\n|\n|t:|1700713494\n|switch|p2a: Great Tusk|Great Tusk|100\/100|[from] U-turn\n|\n|-heal|p1a: Ting-Lu|71\/100|[from] item: Leftovers\n|upkeep\n|turn|15\n|\n|t:|1700713508\n|switch|p1a: Enamorus|Enamorus, F|100\/100\n|move|p2a: Great Tusk|Ice Spinner|p1a: Enamorus\n|-supereffective|p1a: Enamorus\n|-damage|p1a: Enamorus|30\/100\n|\n|-heal|p1a: Enamorus|36\/100|[from] item: Leftovers\n|upkeep\n|turn|16\n|\n|t:|1700713518\n|move|p1a: Enamorus|Earth Power|p2a: Great Tusk\n|-damage|p2a: Great Tusk|58\/100\n|move|p2a: Great Tusk|Headlong Rush|p1a: Enamorus\n|-immune|p1a: Enamorus\n|\n|-heal|p1a: Enamorus|42\/100|[from] item: Leftovers\n|upkeep\n|turn|17\n|c|\u2606vicky_1109|F miss clicked\n|\n|t:|1700713532\n|switch|p1a: Amoonguss|Amoonguss, M|100\/100\n|move|p2a: Great Tusk|Ice Spinner|p1a: Amoonguss\n|-supereffective|p1a: Amoonguss\n|-damage|p1a: Amoonguss|59\/100\n|\n|upkeep\n|turn|18\n|\n|t:|1700713539\n|-end|p2a: Great Tusk|Protosynthesis|[silent]\n|switch|p2a: Alomomola|Alomomola, F|100\/100 slp\n|move|p1a: Amoonguss|Spore|p2a: Alomomola\n|-fail|p2a: Alomomola|slp\n|\n|upkeep\n|turn|19\n|\n|t:|1700713548\n|-curestatus|p2a: Alomomola|slp|[msg]\n|move|p2a: Alomomola|Flip Turn|p1a: Amoonguss\n|-resisted|p1a: Amoonguss\n|-damage|p1a: Amoonguss|53\/100\n|\n|t:|1700713556\n|switch|p2a: Kingambit|Kingambit, F|100\/100|[from] Flip Turn\n|-activate|p2a: Kingambit|ability: Supreme Overlord\n|-start|p2a: Kingambit|fallen1|[silent]\n|move|p1a: Amoonguss|Spore|p2a: Kingambit\n|-status|p2a: Kingambit|slp|[from] move: Spore\n|\n|upkeep\n|turn|20\n|\n|t:|1700713579\n|cant|p2a: Kingambit|slp\n|move|p1a: Amoonguss|Synthesis|p1a: Amoonguss\n|-heal|p1a: Amoonguss|100\/100\n|\n|upkeep\n|turn|21\n|\n|t:|1700713607\n|switch|p1a: Great Tusk|Great Tusk|100\/100\n|cant|p2a: Kingambit|slp\n|\n|upkeep\n|turn|22\n|\n|t:|1700713618\n|-end|p2a: Kingambit|fallen1|[silent]\n|switch|p2a: Alomomola|Alomomola, F|100\/100\n|move|p1a: Great Tusk|Ice Spinner|p2a: Alomomola\n|-resisted|p2a: Alomomola\n|-damage|p2a: Alomomola|92\/100\n|\n|upkeep\n|turn|23\n|\n|t:|1700713631\n|-end|p1a: Great Tusk|Protosynthesis|[silent]\n|switch|p1a: Amoonguss|Amoonguss, M|100\/100\n|move|p2a: Alomomola|Scald|p1a: Amoonguss\n|-resisted|p1a: Amoonguss\n|-damage|p1a: Amoonguss|95\/100\n|\n|upkeep\n|turn|24\n|\n|t:|1700713644\n|-terastallize|p2a: Alomomola|Flying\n|move|p2a: Alomomola|Acrobatics|p1a: Amoonguss\n|-supereffective|p1a: Amoonguss\n|-damage|p1a: Amoonguss|49\/100\n|move|p1a: Amoonguss|Spore|p2a: Alomomola\n|-message|Sleep Clause Mod activated.\n|-hint|Sleep Clause Mod prevents players from putting more than one of their opponent's Pok\u00e9mon to sleep at a time\n|\n|upkeep\n|turn|25\n|c|\u2606ColloiXyy|tf is that?!\n|\n|t:|1700713673\n|move|p2a: Alomomola|Acrobatics|p1a: Amoonguss\n|-supereffective|p1a: Amoonguss\n|-damage|p1a: Amoonguss|8\/100\n|move|p1a: Amoonguss|Synthesis|p1a: Amoonguss\n|-heal|p1a: Amoonguss|58\/100\n|\n|upkeep\n|turn|26\n|c|\u2606vicky_1109|U can't put multiple mon to sleep at once\n|c|\u2606ColloiXyy|i c\n|\n|t:|1700713688\n|switch|p1a: Gholdengo|Gholdengo|83\/100\n|move|p2a: Alomomola|Acrobatics|p1a: Gholdengo\n|-resisted|p1a: Gholdengo\n|-damage|p1a: Gholdengo|67\/100\n|\n|upkeep\n|turn|27\n|\n|t:|1700713718\n|move|p1a: Gholdengo|Shadow Ball|p2a: Alomomola\n|-damage|p2a: Alomomola|53\/100\n|-unboost|p2a: Alomomola|spd|1\n|move|p2a: Alomomola|Wish|p2a: Alomomola\n|\n|upkeep\n|turn|28\n|\n|t:|1700713731\n|switch|p2a: Cinderace|Cinderace, F|83\/100\n|move|p1a: Gholdengo|Shadow Ball|p2a: Cinderace\n|-damage|p2a: Cinderace|26\/100\n|-unboost|p2a: Cinderace|spd|1\n|\n|-heal|p2a: Cinderace|100\/100|[from] move: Wish|[wisher] Alomomola\n|upkeep\n|turn|29\n|\n|t:|1700713751\n|switch|p1a: Ting-Lu|Ting-Lu|71\/100\n|-ability|p1a: Ting-Lu|Vessel of Ruin\n|move|p2a: Cinderace|Pyro Ball|p1a: Ting-Lu|[miss]\n|-miss|p2a: Cinderace|p1a: Ting-Lu\n|\n|-heal|p1a: Ting-Lu|77\/100|[from] item: Leftovers\n|upkeep\n|turn|30\n|\n|t:|1700713760\n|move|p2a: Cinderace|U-turn|p1a: Ting-Lu\n|-start|p2a: Cinderace|typechange|Bug|[from] ability: Libero\n|-supereffective|p1a: Ting-Lu\n|-damage|p1a: Ting-Lu|42\/100\n|\n|t:|1700713767\n|switch|p2a: Thundurus|Thundurus-Therian, M|100\/100|[from] U-turn\n|move|p1a: Ting-Lu|Spikes|p2a: Thundurus\n|-sidestart|p2: vicky_1109|Spikes\n|\n|-heal|p1a: Ting-Lu|48\/100|[from] item: Leftovers\n|upkeep\n|turn|31\n|\n|t:|1700713785\n|switch|p1a: Gholdengo|Gholdengo|67\/100\n|move|p2a: Thundurus|Grass Knot|p1a: Gholdengo\n|-resisted|p1a: Gholdengo\n|-damage|p1a: Gholdengo|47\/100\n|\n|upkeep\n|turn|32\n|\n|t:|1700713800\n|switch|p2a: Kingambit|Kingambit, F|100\/100 slp\n|-damage|p2a: Kingambit|88\/100 slp|[from] Spikes\n|-activate|p2a: Kingambit|ability: Supreme Overlord\n|-start|p2a: Kingambit|fallen1|[silent]\n|move|p1a: Gholdengo|Shadow Ball|p2a: Kingambit\n|-resisted|p2a: Kingambit\n|-damage|p2a: Kingambit|66\/100 slp\n|-unboost|p2a: Kingambit|spd|1\n|\n|-heal|p2a: Kingambit|72\/100 slp|[from] item: Leftovers\n|upkeep\n|turn|33\n|\n|t:|1700713828\n|switch|p1a: Great Tusk|Great Tusk|100\/100\n|-curestatus|p2a: Kingambit|slp|[msg]\n|move|p2a: Kingambit|Swords Dance|p2a: Kingambit\n|-boost|p2a: Kingambit|atk|2\n|\n|-heal|p2a: Kingambit|79\/100|[from] item: Leftovers\n|upkeep\n|turn|34\n|\n|t:|1700713839\n|move|p2a: Kingambit|Sucker Punch|p1a: Great Tusk\n|-resisted|p1a: Great Tusk\n|-damage|p1a: Great Tusk|66\/100\n|-damage|p2a: Kingambit|62\/100|[from] item: Rocky Helmet|[of] p1a: Great Tusk\n|move|p1a: Great Tusk|Earthquake|p2a: Kingambit\n|-supereffective|p2a: Kingambit\n|-damage|p2a: Kingambit|0 fnt\n|faint|p2a: Kingambit\n|-end|p2a: Kingambit|fallen1|[silent]\n|\n|upkeep\n|\n|t:|1700713847\n|switch|p2a: Thundurus|Thundurus-Therian, M|100\/100\n|turn|35\n|\n|t:|1700713886\n|-end|p1a: Great Tusk|Protosynthesis|[silent]\n|switch|p1a: Gholdengo|Gholdengo|47\/100\n|move|p2a: Thundurus|Grass Knot|p1a: Gholdengo\n|-resisted|p1a: Gholdengo\n|-damage|p1a: Gholdengo|25\/100\n|\n|upkeep\n|turn|36\n|\n|t:|1700713896\n|switch|p2a: Alomomola|Alomomola, F, tera:Flying|86\/100\n|move|p1a: Gholdengo|Thunderbolt|p2a: Alomomola\n|-supereffective|p2a: Alomomola\n|-damage|p2a: Alomomola|29\/100\n|\n|upkeep\n|turn|37\n|\n|t:|1700713909\n|switch|p1a: Amoonguss|Amoonguss, M|91\/100\n|move|p2a: Alomomola|Wish|p2a: Alomomola\n|\n|upkeep\n|turn|38\n|\n|t:|1700713925\n|move|p2a: Alomomola|Scald|p1a: Amoonguss\n|-resisted|p1a: Amoonguss\n|-damage|p1a: Amoonguss|85\/100\n|move|p1a: Amoonguss|Energy Ball|p2a: Alomomola\n|-resisted|p2a: Alomomola\n|-damage|p2a: Alomomola|17\/100\n|\n|-heal|p2a: Alomomola|67\/100|[from] move: Wish|[wisher] Alomomola\n|upkeep\n|turn|39\n|\n|t:|1700713947\n|move|p2a: Alomomola|Scald|p1a: Amoonguss\n|-resisted|p1a: Amoonguss\n|-damage|p1a: Amoonguss|79\/100\n|move|p1a: Amoonguss|Foul Play|p2a: Alomomola\n|-damage|p2a: Alomomola|56\/100\n|\n|upkeep\n|turn|40\n|\n|t:|1700713958\n|move|p2a: Alomomola|Scald|p1a: Amoonguss\n|-resisted|p1a: Amoonguss\n|-damage|p1a: Amoonguss|74\/100\n|-status|p1a: Amoonguss|brn\n|move|p1a: Amoonguss|Energy Ball|p2a: Alomomola\n|-resisted|p2a: Alomomola\n|-damage|p2a: Alomomola|44\/100\n|\n|-damage|p1a: Amoonguss|68\/100 brn|[from] brn\n|upkeep\n|turn|41\n|\n|t:|1700713967\n|move|p2a: Alomomola|Wish|p2a: Alomomola\n|move|p1a: Amoonguss|Energy Ball|p2a: Alomomola\n|-resisted|p2a: Alomomola\n|-damage|p2a: Alomomola|31\/100\n|\n|-damage|p1a: Amoonguss|62\/100 brn|[from] brn\n|upkeep\n|turn|42\n|\n|t:|1700714010\n|switch|p2a: Cinderace|Cinderace, F|100\/100\n|move|p1a: Amoonguss|Foul Play|p2a: Cinderace\n|-damage|p2a: Cinderace|77\/100\n|\n|-heal|p2a: Cinderace|100\/100|[from] move: Wish|[wisher] Alomomola\n|-damage|p1a: Amoonguss|55\/100 brn|[from] brn\n|upkeep\n|turn|43\n|\n|t:|1700714024\n|switch|p1a: Volcanion|Volcanion|63\/100\n|move|p2a: Cinderace|U-turn|p1a: Volcanion\n|-start|p2a: Cinderace|typechange|Bug|[from] ability: Libero\n|-resisted|p1a: Volcanion\n|-damage|p1a: Volcanion|49\/100\n|\n|t:|1700714033\n|switch|p2a: Thundurus|Thundurus-Therian, M|100\/100|[from] U-turn\n|\n|upkeep\n|turn|44\n|\n|t:|1700714066\n|switch|p1a: Great Tusk|Great Tusk|66\/100\n|move|p2a: Thundurus|Volt Switch|p1a: Great Tusk\n|-immune|p1a: Great Tusk\n|\n|upkeep\n|turn|45\n|\n|t:|1700714079\n|switch|p2a: Alomomola|Alomomola, F, tera:Flying|65\/100\n|move|p1a: Great Tusk|Stealth Rock|p2a: Alomomola\n|-sidestart|p2: vicky_1109|move: Stealth Rock\n|\n|upkeep\n|turn|46\n|c|\u2606vicky_1109|Almost clicked grass knot oof\n|c|\u2606vicky_1109|Taught u wouldn't go for it\n|c|\u2606ColloiXyy|kek\n|\n|t:|1700714098\n|-end|p1a: Great Tusk|Protosynthesis|[silent]\n|switch|p1a: Amoonguss|Amoonguss, M|89\/100 brn\n|move|p2a: Alomomola|Wish|p2a: Alomomola\n|\n|-damage|p1a: Amoonguss|83\/100 brn|[from] brn\n|upkeep\n|turn|47\n|\n|t:|1700714109\n|move|p2a: Alomomola|Acrobatics|p1a: Amoonguss\n|-supereffective|p1a: Amoonguss\n|-damage|p1a: Amoonguss|37\/100 brn\n|move|p1a: Amoonguss|Energy Ball|p2a: Alomomola\n|-resisted|p2a: Alomomola\n|-damage|p2a: Alomomola|52\/100\n|\n|-heal|p2a: Alomomola|100\/100|[from] move: Wish|[wisher] Alomomola\n|-damage|p1a: Amoonguss|31\/100 brn|[from] brn\n|upkeep\n|turn|48\n|c|\u2606ColloiXyy|messed up ig\n|\n|t:|1700714130\n|switch|p1a: Gholdengo|Gholdengo|25\/100\n|move|p2a: Alomomola|Acrobatics|p1a: Gholdengo\n|-resisted|p1a: Gholdengo\n|-damage|p1a: Gholdengo|7\/100\n|\n|upkeep\n|turn|49\n|\n|t:|1700714156\n|switch|p2a: Great Tusk|Great Tusk|58\/100\n|-damage|p2a: Great Tusk|45\/100|[from] Spikes\n|-damage|p2a: Great Tusk|42\/100|[from] Stealth Rock\n|move|p1a: Gholdengo|Make It Rain|p2a: Great Tusk\n|-damage|p2a: Great Tusk|0 fnt\n|-unboost|p1a: Gholdengo|spa|1\n|faint|p2a: Great Tusk\n|-end|p2a: Great Tusk|Protosynthesis|[silent]\n|\n|upkeep\n|c|\u2606vicky_1109|Oof why no tbolt\n|\n|t:|1700714179\n|switch|p2a: Cinderace|Cinderace, F|100\/100\n|turn|50\n|\n|t:|1700714226\n|switch|p1a: Volcanion|Volcanion|49\/100\n|move|p2a: Cinderace|U-turn|p1a: Volcanion\n|-start|p2a: Cinderace|typechange|Bug|[from] ability: Libero\n|-resisted|p1a: Volcanion\n|-damage|p1a: Volcanion|35\/100\n|\n|t:|1700714229\n|switch|p2a: Thundurus|Thundurus-Therian, M|100\/100|[from] U-turn\n|-damage|p2a: Thundurus|76\/100|[from] Stealth Rock\n|\n|upkeep\n|turn|51\n|\n|t:|1700714243\n|move|p2a: Thundurus|Grass Knot|p1a: Volcanion\n|-damage|p1a: Volcanion|0 fnt\n|faint|p1a: Volcanion\n|\n|upkeep\n|\n|t:|1700714249\n|switch|p1a: Amoonguss|Amoonguss, M|64\/100 brn\n|turn|52\n|\n|t:|1700714256\n|switch|p2a: Alomomola|Alomomola, F, tera:Flying|100\/100\n|-damage|p2a: Alomomola|76\/100|[from] Stealth Rock\n|move|p1a: Amoonguss|Synthesis|p1a: Amoonguss\n|-heal|p1a: Amoonguss|100\/100 brn\n|\n|-damage|p1a: Amoonguss|94\/100 brn|[from] brn\n|upkeep\n|turn|53\n|\n|t:|1700714282\n|switch|p1a: Enamorus|Enamorus, F|42\/100\n|move|p2a: Alomomola|Wish|p2a: Alomomola\n|\n|-heal|p1a: Enamorus|48\/100|[from] item: Leftovers\n|upkeep\n|turn|54\n|\n|t:|1700714299\n|move|p1a: Enamorus|Moonblast|p2a: Alomomola\n|-damage|p2a: Alomomola|35\/100\n|move|p2a: Alomomola|Flip Turn|p1a: Enamorus\n|-damage|p1a: Enamorus|26\/100\n|\n|t:|1700714305\n|switch|p2a: Thundurus|Thundurus-Therian, M|76\/100|[from] Flip Turn\n|-damage|p2a: Thundurus|51\/100|[from] Stealth Rock\n|\n|-heal|p2a: Thundurus|100\/100|[from] move: Wish|[wisher] Alomomola\n|-heal|p1a: Enamorus|32\/100|[from] item: Leftovers\n|upkeep\n|turn|55\n|\n|t:|1700714347\n|move|p2a: Thundurus|Volt Switch|p1a: Enamorus\n|-supereffective|p1a: Enamorus\n|-damage|p1a: Enamorus|0 fnt\n|faint|p1a: Enamorus\n|\n|t:|1700714356\n|switch|p2a: Alomomola|Alomomola, F, tera:Flying|68\/100|[from] Volt Switch\n|-damage|p2a: Alomomola|43\/100|[from] Stealth Rock\n|\n|upkeep\n|\n|t:|1700714394\n|switch|p1a: Great Tusk|Great Tusk|66\/100\n|turn|56\n|c|\u2606vicky_1109|Btw do u have any healing moves on those ?\n|c|\u2606vicky_1109|Hmm\n|\n|t:|1700714407\n|move|p1a: Great Tusk|Ice Spinner|p2a: Alomomola\n|-supereffective|p2a: Alomomola\n|-damage|p2a: Alomomola|7\/100\n|move|p2a: Alomomola|Wish|p2a: Alomomola\n|\n|upkeep\n|turn|57\n|\n|t:|1700714417\n|move|p1a: Great Tusk|Ice Spinner|p2a: Alomomola\n|-supereffective|p2a: Alomomola\n|-damage|p2a: Alomomola|0 fnt\n|faint|p2a: Alomomola\n|\n|upkeep\n|\n|t:|1700714420\n|switch|p2a: Thundurus|Thundurus-Therian, M|100\/100\n|-damage|p2a: Thundurus|76\/100|[from] Stealth Rock\n|turn|58\n|c|\u2606ColloiXyy|on whice one?\n|c|\u2606ColloiXyy|which\n|c|\u2606vicky_1109|Any?\n|\n|t:|1700714450\n|move|p2a: Thundurus|Grass Knot|p1a: Great Tusk\n|-supereffective|p1a: Great Tusk\n|-damage|p1a: Great Tusk|0 fnt\n|-damage|p2a: Thundurus|59\/100|[from] item: Rocky Helmet|[of] p1a: Great Tusk\n|faint|p1a: Great Tusk\n|-end|p1a: Great Tusk|Protosynthesis|[silent]\n|\n|upkeep\n|\n|t:|1700714459\n|switch|p1a: Gholdengo|Gholdengo|7\/100\n|turn|59\n|\n|t:|1700714474\n|move|p1a: Gholdengo|Make It Rain|p2a: Thundurus\n|-resisted|p2a: Thundurus\n|-crit|p2a: Thundurus\n|-damage|p2a: Thundurus|0 fnt\n|-unboost|p1a: Gholdengo|spa|1\n|faint|p2a: Thundurus\n|\n|upkeep\n|c|\u2606ColloiXyy|crit\n|c|\u2606vicky_1109|Crit oof\n|c|\u2606vicky_1109|Bru\n|\n|t:|1700714491\n|switch|p2a: Cinderace|Cinderace, F|100\/100\n|turn|60\n|c|\u2606ColloiXyy|ayo\n|c|\u2606ColloiXyy|how is cinder at 100hp?\n|c|\u2606vicky_1109|Why not\n|c|\u2606ColloiXyy|spikes\n|c|\u2606ColloiXyy|and rocks\n|c|\u2606ColloiXyy|sus\n|\n|t:|1700714523\n|move|p1a: Gholdengo|Make It Rain|p2a: Cinderace\n|-resisted|p2a: Cinderace\n|-damage|p2a: Cinderace|72\/100\n|-unboost|p1a: Gholdengo|spa|1\n|move|p2a: Cinderace|U-turn|p1a: Gholdengo\n|-start|p2a: Cinderace|typechange|Bug|[from] ability: Libero\n|-resisted|p1a: Gholdengo\n|-damage|p1a: Gholdengo|0 fnt\n|faint|p1a: Gholdengo\n|\n|upkeep\n|c|\u2606vicky_1109|How tf u faster bitch I am 371\n|c|\u2606ColloiXyy|439\n|c|\u2606vicky_1109|Scarf?\n|\n|t:|1700714556\n|switch|p1a: Ting-Lu|Ting-Lu|48\/100\n|-ability|p1a: Ting-Lu|Vessel of Ruin\n|turn|61\n|\n|t:|1700714571\n|move|p2a: Cinderace|U-turn|p1a: Ting-Lu\n|-supereffective|p1a: Ting-Lu\n|-damage|p1a: Ting-Lu|11\/100\n|move|p1a: Ting-Lu|Earthquake|p2a: Cinderace\n|-resisted|p2a: Cinderace\n|-damage|p2a: Cinderace|48\/100\n|\n|-heal|p1a: Ting-Lu|17\/100|[from] item: Leftovers\n|upkeep\n|turn|62\n|c|\u2606ColloiXyy|ggs\n|c|\u2606ColloiXyy|welp\n|c|\u2606ColloiXyy|nvm\n|\n|t:|1700714589\n|move|p2a: Cinderace|U-turn|p1a: Ting-Lu\n|-supereffective|p1a: Ting-Lu\n|-damage|p1a: Ting-Lu|0 fnt\n|faint|p1a: Ting-Lu\n|\n|upkeep\n|\n|t:|1700714592\n|switch|p1a: Amoonguss|Amoonguss, M|100\/100 brn\n|turn|63\n|c|\u2606vicky_1109|All depends on pyro ball miss\n|c|\u2606ColloiXyy|nah\n|c|\u2606ColloiXyy|wont die\n|c|\u2606vicky_1109|90% accuracy\n|c|\u2606ColloiXyy|trump card\n|c|\u2606vicky_1109|What do u think will I miss\n|c|\u2606ColloiXyy|nah\n|c|\u2606ColloiXyy|even if you hit\n|c|\u2606ColloiXyy|ill survive\n|\n|t:|1700714622\n|-terastallize|p1a: Amoonguss|Water\n|move|p2a: Cinderace|Pyro Ball|p1a: Amoonguss\n|-resisted|p1a: Amoonguss\n|-crit|p1a: Amoonguss\n|-damage|p1a: Amoonguss|79\/100 brn\n|move|p1a: Amoonguss|Spore|p2a: Cinderace\n|-status|p2a: Cinderace|slp|[from] move: Spore\n|\n|-damage|p1a: Amoonguss|73\/100 brn|[from] brn\n|upkeep\n|turn|64\n|c|\u2606ColloiXyy|see\n|c|\u2606vicky_1109|Niga tf\n|c|\u2606vicky_1109|Ah well ggs\n|c|\u2606ColloiXyy|ggs\n|c|\u2606vicky_1109|If tornadoes didn't got crit\n|\n|t:|1700714658\n|cant|p2a: Cinderace|slp\n|move|p1a: Amoonguss|Foul Play|p2a: Cinderace\n|-damage|p2a: Cinderace|26\/100 slp\n|\n|-damage|p1a: Amoonguss|67\/100 brn|[from] brn\n|upkeep\n|turn|65\n|\n|t:|1700714674\n|cant|p2a: Cinderace|slp\n|move|p1a: Amoonguss|Synthesis|p1a: Amoonguss\n|-heal|p1a: Amoonguss|100\/100 brn\n|\n|-damage|p1a: Amoonguss|94\/100 brn|[from] brn\n|upkeep\n|turn|66\n|\n|t:|1700714685\n|-curestatus|p2a: Cinderace|slp|[msg]\n|move|p2a: Cinderace|U-turn|p1a: Amoonguss\n|-damage|p1a: Amoonguss|67\/100 brn\n|move|p1a: Amoonguss|Foul Play|p2a: Cinderace\n|-damage|p2a: Cinderace|5\/100\n|\n|-damage|p1a: Amoonguss|61\/100 brn|[from] brn\n|upkeep\n|turn|67\n|\n|t:|1700714696\n|move|p2a: Cinderace|Pyro Ball|p1a: Amoonguss\n|-resisted|p1a: Amoonguss\n|-damage|p1a: Amoonguss|48\/100 brn\n|move|p1a: Amoonguss|Foul Play|p2a: Cinderace\n|-damage|p2a: Cinderace|0 fnt\n|faint|p2a: Cinderace\n|\n|win|ColloiXyy\n|c|\u2606ColloiXyy|ggs\n|l|\u2606vicky_1109\n","uploadtime":1700714741,"views":10,"p1id":"colloixyy","p2id":"vicky1109","formatid":"gen9ou","rating":0,"private":0,"password":""}