{"id":"gen9ou-1995211318","p1":"brownboy_blackbelt","p2":"kcho3","format":"[Gen 9] OU","log":"|j|\u2606brownboy_blackbelt\n|j|\u2606kcho3\n|t:|1700535122\n|gametype|singles\n|player|p1|brownboy_blackbelt|2|1104\n|player|p2|kcho3|iris-gen5bw2|1165\n|teamsize|p1|6\n|teamsize|p2|6\n|gen|9\n|tier|[Gen 9] OU\n|rated|\n|rule|Sleep Clause Mod: Limit one foe put to sleep\n|rule|Species Clause: Limit one of each Pok\u00e9mon\n|rule|OHKO Clause: OHKO moves are banned\n|rule|Evasion Items Clause: Evasion items are banned\n|rule|Evasion Moves Clause: Evasion moves are banned\n|rule|Endless Battle Clause: Forcing endless battles is banned\n|rule|HP Percentage Mod: HP is shown in percentages\n|clearpoke\n|poke|p1|Azumarill, F|\n|poke|p1|Enamorus, F|\n|poke|p1|Polteageist-Antique|\n|poke|p1|Samurott-Hisui, F|\n|poke|p1|Rillaboom, M|\n|poke|p1|Cinderace, M|\n|poke|p2|Cinderace, M|\n|poke|p2|Dragonite, F|\n|poke|p2|Gholdengo|\n|poke|p2|Great Tusk|\n|poke|p2|Ribombee, F|\n|poke|p2|Rotom-Wash|\n|teampreview\n|\n|t:|1700535133\n|start\n|switch|p1a: Polteageist|Polteageist-Antique|100\/100\n|switch|p2a: Ribombee|Ribombee, F|100\/100\n|turn|1\n|inactive|Battle timer is ON: inactive players will automatically lose when time's up. (requested by kcho3)\n|\n|t:|1700535138\n|move|p2a: Ribombee|Sticky Web|p1a: Polteageist\n|-sidestart|p1: brownboy_blackbelt|move: Sticky Web\n|move|p1a: Polteageist|Shell Smash|p1a: Polteageist\n|-unboost|p1a: Polteageist|def|1\n|-unboost|p1a: Polteageist|spd|1\n|-boost|p1a: Polteageist|atk|2\n|-boost|p1a: Polteageist|spa|2\n|-boost|p1a: Polteageist|spe|2\n|\n|upkeep\n|turn|2\n|\n|t:|1700535141\n|move|p1a: Polteageist|Shell Smash|p1a: Polteageist\n|-unboost|p1a: Polteageist|def|1\n|-unboost|p1a: Polteageist|spd|1\n|-boost|p1a: Polteageist|atk|2\n|-boost|p1a: Polteageist|spa|2\n|-boost|p1a: Polteageist|spe|2\n|move|p2a: Ribombee|Moonblast|p1a: Polteageist\n|-damage|p1a: Polteageist|7\/100\n|\n|upkeep\n|turn|3\n|\n|t:|1700535145\n|move|p1a: Polteageist|Stored Power|p2a: Ribombee\n|-enditem|p2a: Ribombee|Focus Sash\n|-damage|p2a: Ribombee|1\/100\n|move|p2a: Ribombee|Moonblast|p1a: Polteageist\n|-damage|p1a: Polteageist|0 fnt\n|faint|p1a: Polteageist\n|\n|upkeep\n|c|\u2606kcho3|nt ig?\n|\n|t:|1700535153\n|switch|p1a: Rillaboom|Rillaboom, M|100\/100\n|-activate|p1a: Rillaboom|move: Sticky Web\n|-unboost|p1a: Rillaboom|spe|1\n|-fieldstart|move: Grassy Terrain|[from] ability: Grassy Surge|[of] p1a: Rillaboom\n|turn|4\n|\n|t:|1700535158\n|move|p1a: Rillaboom|Grassy Glide|p2a: Ribombee\n|-resisted|p2a: Ribombee\n|-damage|p2a: Ribombee|0 fnt\n|faint|p2a: Ribombee\n|\n|upkeep\n|\n|t:|1700535161\n|switch|p2a: Cinderace|Cinderace, M|100\/100\n|turn|5\n|\n|t:|1700535170\n|switch|p1a: Samurott|Samurott-Hisui, F|100\/100\n|-activate|p1a: Samurott|move: Sticky Web\n|-unboost|p1a: Samurott|spe|1\n|move|p2a: Cinderace|Will-O-Wisp|p1a: Samurott|[miss]\n|-miss|p2a: Cinderace|p1a: Samurott\n|\n|upkeep\n|turn|6\n|\n|t:|1700535178\n|move|p2a: Cinderace|U-turn|p1a: Samurott\n|-start|p2a: Cinderace|typechange|Bug|[from] ability: Libero\n|-supereffective|p1a: Samurott\n|-damage|p1a: Samurott|12\/100\n|\n|t:|1700535182\n|switch|p2a: Rotom|Rotom-Wash|100\/100|[from] U-turn\n|move|p1a: Samurott|Ceaseless Edge|p2a: Rotom\n|-damage|p2a: Rotom|41\/100\n|-sidestart|p2: kcho3|Spikes\n|-damage|p1a: Samurott|2\/100|[from] item: Life Orb\n|\n|-heal|p1a: Samurott|8\/100|[from] Grassy Terrain\n|upkeep\n|turn|7\n|\n|t:|1700535191\n|move|p1a: Samurott|Ceaseless Edge|p2a: Rotom\n|-damage|p2a: Rotom|0 fnt\n|-sidestart|p2: kcho3|Spikes\n|faint|p2a: Rotom\n|-damage|p1a: Samurott|0 fnt|[from] item: Life Orb\n|faint|p1a: Samurott\n|\n|upkeep\n|\n|t:|1700535199\n|switch|p1a: Cinderace|Cinderace, M|100\/100\n|switch|p2a: Great Tusk|Great Tusk|100\/100\n|-activate|p1a: Cinderace|move: Sticky Web\n|-unboost|p1a: Cinderace|spe|1\n|-damage|p2a: Great Tusk|84\/100|[from] Spikes\n|turn|8\n|\n|t:|1700535206\n|move|p2a: Great Tusk|Rapid Spin|p1a: Cinderace\n|-damage|p1a: Cinderace|78\/100\n|-boost|p2a: Great Tusk|spe|1\n|-sideend|p2: kcho3|Spikes|[from] move: Rapid Spin|[of] p2a: Great Tusk\n|move|p1a: Cinderace|U-turn|p2a: Great Tusk\n|-start|p1a: Cinderace|typechange|Bug|[from] ability: Libero\n|-resisted|p2a: Great Tusk\n|-damage|p2a: Great Tusk|67\/100\n|-damage|p1a: Cinderace|68\/100|[from] item: Life Orb\n|\n|t:|1700535210\n|switch|p1a: Enamorus|Enamorus, F|100\/100|[from] U-turn\n|\n|-heal|p2a: Great Tusk|73\/100|[from] Grassy Terrain\n|-fieldend|move: Grassy Terrain\n|upkeep\n|turn|9\n|\n|t:|1700535223\n|-end|p2a: Great Tusk|Protosynthesis|[silent]\n|switch|p2a: Gholdengo|Gholdengo|100\/100\n|move|p1a: Enamorus|Earth Power|p2a: Gholdengo\n|-supereffective|p2a: Gholdengo\n|-damage|p2a: Gholdengo|5\/100\n|\n|upkeep\n|turn|10\n|\n|t:|1700535230\n|-terastallize|p2a: Gholdengo|Flying\n|move|p1a: Enamorus|Earth Power|p2a: Gholdengo\n|-immune|p2a: Gholdengo\n|move|p2a: Gholdengo|Make It Rain|p1a: Enamorus\n|-supereffective|p1a: Enamorus\n|-damage|p1a: Enamorus|0 fnt\n|-unboost|p2a: Gholdengo|spa|1\n|faint|p1a: Enamorus\n|\n|upkeep\n|\n|t:|1700535235\n|switch|p1a: Rillaboom|Rillaboom, M|100\/100\n|-activate|p1a: Rillaboom|move: Sticky Web\n|-unboost|p1a: Rillaboom|spe|1\n|-fieldstart|move: Grassy Terrain|[from] ability: Grassy Surge|[of] p1a: Rillaboom\n|turn|11\n|\n|t:|1700535241\n|move|p1a: Rillaboom|Grassy Glide|p2a: Gholdengo\n|-resisted|p2a: Gholdengo\n|-damage|p2a: Gholdengo|0 fnt\n|faint|p2a: Gholdengo\n|\n|upkeep\n|\n|t:|1700535243\n|switch|p2a: Cinderace|Cinderace, M|100\/100\n|turn|12\n|\n|t:|1700535252\n|switch|p1a: Cinderace|Cinderace, M|68\/100\n|-activate|p1a: Cinderace|move: Sticky Web\n|-unboost|p1a: Cinderace|spe|1\n|move|p2a: Cinderace|U-turn|p1a: Cinderace\n|-start|p2a: Cinderace|typechange|Bug|[from] ability: Libero\n|-resisted|p1a: Cinderace\n|-damage|p1a: Cinderace|41\/100\n|\n|t:|1700535258\n|switch|p2a: Great Tusk|Great Tusk|73\/100|[from] U-turn\n|\n|-heal|p2a: Great Tusk|79\/100|[from] Grassy Terrain\n|-heal|p1a: Cinderace|47\/100|[from] Grassy Terrain\n|upkeep\n|turn|13\n|\n|t:|1700535264\n|move|p1a: Cinderace|Sucker Punch|p2a: Great Tusk\n|-start|p1a: Cinderace|typechange|Dark|[from] ability: Libero\n|-resisted|p2a: Great Tusk\n|-damage|p2a: Great Tusk|62\/100\n|-damage|p1a: Cinderace|37\/100|[from] item: Life Orb\n|move|p2a: Great Tusk|Earthquake|p1a: Cinderace\n|-damage|p1a: Cinderace|1\/100\n|\n|-heal|p2a: Great Tusk|69\/100|[from] Grassy Terrain\n|-heal|p1a: Cinderace|7\/100|[from] Grassy Terrain\n|upkeep\n|turn|14\n|\n|t:|1700535273\n|move|p2a: Great Tusk|Knock Off|p1a: Cinderace\n|-resisted|p1a: Cinderace\n|-damage|p1a: Cinderace|0 fnt\n|-enditem|p1a: Cinderace|Life Orb|[from] move: Knock Off|[of] p2a: Great Tusk\n|faint|p1a: Cinderace\n|\n|-heal|p2a: Great Tusk|75\/100|[from] Grassy Terrain\n|upkeep\n|\n|t:|1700535280\n|switch|p1a: Azumarill|Azumarill, F|100\/100\n|-activate|p1a: Azumarill|move: Sticky Web\n|-unboost|p1a: Azumarill|spe|1\n|turn|15\n|\n|t:|1700535292\n|move|p2a: Great Tusk|Knock Off|p1a: Azumarill\n|-resisted|p1a: Azumarill\n|-crit|p1a: Azumarill\n|-damage|p1a: Azumarill|78\/100\n|-enditem|p1a: Azumarill|Sitrus Berry|[from] move: Knock Off|[of] p2a: Great Tusk\n|move|p1a: Azumarill|Belly Drum|p1a: Azumarill\n|-damage|p1a: Azumarill|29\/100\n|-setboost|p1a: Azumarill|atk|6|[from] move: Belly Drum\n|\n|-heal|p2a: Great Tusk|81\/100|[from] Grassy Terrain\n|-heal|p1a: Azumarill|35\/100|[from] Grassy Terrain\n|-fieldend|move: Grassy Terrain\n|upkeep\n|turn|16\n|\n|t:|1700535298\n|move|p1a: Azumarill|Aqua Jet|p2a: Great Tusk\n|-supereffective|p2a: Great Tusk\n|-damage|p2a: Great Tusk|0 fnt\n|faint|p2a: Great Tusk\n|-end|p2a: Great Tusk|Protosynthesis|[silent]\n|\n|upkeep\n|\n|t:|1700535300\n|switch|p2a: Dragonite|Dragonite, F|100\/100\n|turn|17\n|\n|t:|1700535306\n|move|p2a: Dragonite|Dragon Dance|p2a: Dragonite\n|-boost|p2a: Dragonite|atk|1\n|-boost|p2a: Dragonite|spe|1\n|move|p1a: Azumarill|Play Rough|p2a: Dragonite\n|-supereffective|p2a: Dragonite\n|-damage|p2a: Dragonite|0 fnt\n|faint|p2a: Dragonite\n|\n|upkeep\n|\n|t:|1700535309\n|switch|p2a: Cinderace|Cinderace, M|100\/100\n|turn|18\n|\n|t:|1700535312\n|move|p1a: Azumarill|Aqua Jet|p2a: Cinderace\n|-supereffective|p2a: Cinderace\n|-damage|p2a: Cinderace|0 fnt\n|faint|p2a: Cinderace\n|\n|win|brownboy_blackbelt\n|raw|brownboy_blackbelt's rating: 1135 &rarr; <strong>1162<\/strong><br \/>(+27 for winning)\n|raw|kcho3's rating: 1165 &rarr; <strong>1138<\/strong><br \/>(-27 for losing)\n|c|\u2606brownboy_blackbelt|nt ig?\n|l|\u2606kcho3\n","uploadtime":1700535328,"views":8,"p1id":"brownboyblackbelt","p2id":"kcho3","formatid":"gen9ou","rating":1138,"private":0,"password":""}