{"id":"gen9ou-2000099044","p1":"SirSpanklez","p2":"trap x loop","format":"[Gen 9] OU","log":"|j|\u2606SirSpanklez\n|j|\u2606trap x loop\n|t:|1701154568\n|gametype|singles\n|player|p1|SirSpanklez|pokemonrangerf|1406\n|player|p2|trap x loop|kieran|1547\n|teamsize|p1|6\n|teamsize|p2|6\n|gen|9\n|tier|[Gen 9] OU\n|rated|\n|rule|Sleep Clause Mod: Limit one foe put to sleep\n|rule|Species Clause: Limit one of each Pok\u00e9mon\n|rule|OHKO Clause: OHKO moves are banned\n|rule|Evasion Items Clause: Evasion items are banned\n|rule|Evasion Moves Clause: Evasion moves are banned\n|rule|Endless Battle Clause: Forcing endless battles is banned\n|rule|HP Percentage Mod: HP is shown in percentages\n|clearpoke\n|poke|p1|Garganacl, M|\n|poke|p1|Zapdos|\n|poke|p1|Ogerpon-Cornerstone, F|\n|poke|p1|Tyranitar, F|\n|poke|p1|Sandy Shocks|\n|poke|p1|Talonflame, M|\n|poke|p2|Heatran, F|\n|poke|p2|Tornadus-Therian, M|\n|poke|p2|Ogerpon-Cornerstone, F|\n|poke|p2|Great Tusk|\n|poke|p2|Hatterene, F|\n|poke|p2|Toxapex, F|\n|teampreview\n|inactive|Battle timer is ON: inactive players will automatically lose when time's up. (requested by trap x loop)\n|\n|t:|1701154577\n|start\n|switch|p1a: Big Guy|Tyranitar, F, shiny|100\/100\n|switch|p2a: Trish|Hatterene, F|100\/100\n|-weather|Sandstorm|[from] ability: Sand Stream|[of] p1a: Big Guy\n|turn|1\n|\n|t:|1701154583\n|move|p1a: Big Guy|Knock Off|p2a: Trish\n|-damage|p2a: Trish|59\/100\n|-enditem|p2a: Trish|Leftovers|[from] move: Knock Off|[of] p1a: Big Guy\n|move|p2a: Trish|Nuzzle|p1a: Big Guy\n|-damage|p1a: Big Guy|97\/100\n|-status|p1a: Big Guy|par\n|\n|-weather|Sandstorm|[upkeep]\n|-damage|p2a: Trish|53\/100|[from] Sandstorm\n|-heal|p1a: Big Guy|100\/100 par|[from] item: Leftovers\n|upkeep\n|turn|2\n|\n|t:|1701154599\n|switch|p1a: Mr. Miss|Zapdos, shiny|100\/100\n|move|p2a: Trish|Draining Kiss|p1a: Mr. Miss\n|-damage|p1a: Mr. Miss|79\/100\n|-heal|p2a: Trish|73\/100|[from] drain|[of] p1a: Mr. Miss\n|-status|p2a: Trish|par|[from] ability: Static|[of] p1a: Mr. Miss\n|\n|-weather|Sandstorm|[upkeep]\n|-damage|p1a: Mr. Miss|72\/100|[from] Sandstorm\n|-damage|p2a: Trish|67\/100 par|[from] Sandstorm\n|-heal|p1a: Mr. Miss|79\/100|[from] item: Leftovers\n|upkeep\n|turn|3\n|\n|t:|1701154608\n|move|p1a: Mr. Miss|U-turn|p2a: Trish\n|-damage|p2a: Trish|56\/100 par\n|\n|t:|1701154612\n|switch|p1a: OogaBooga|Ogerpon-Cornerstone, F|100\/100|[from] U-turn\n|cant|p2a: Trish|par\n|\n|-weather|Sandstorm|[upkeep]\n|-damage|p2a: Trish|50\/100 par|[from] Sandstorm\n|upkeep\n|turn|4\n|\n|t:|1701154623\n|switch|p2a: He Ran|Heatran, F|100\/100\n|move|p1a: OogaBooga|Swords Dance|p1a: OogaBooga\n|-boost|p1a: OogaBooga|atk|2\n|\n|-weather|Sandstorm|[upkeep]\n|upkeep\n|turn|5\n|\n|t:|1701154630\n|move|p1a: OogaBooga|Ivy Cudgel|p2a: He Ran|[anim] Ivy Cudgel Rock\n|-damage|p2a: He Ran|9\/100\n|move|p2a: He Ran|Magma Storm|p1a: OogaBooga\n|-damage|p1a: OogaBooga|68\/100\n|-activate|p1a: OogaBooga|move: Magma Storm|[of] p2a: He Ran\n|\n|-weather|none\n|-heal|p2a: He Ran|15\/100|[from] item: Leftovers\n|-damage|p1a: OogaBooga|56\/100|[from] move: Magma Storm|[partiallytrapped]\n|upkeep\n|turn|6\n|\n|t:|1701154638\n|move|p2a: He Ran|Protect|p2a: He Ran\n|-singleturn|p2a: He Ran|Protect\n|move|p1a: OogaBooga|Ivy Cudgel|p2a: He Ran|[anim] Ivy Cudgel Rock\n|-activate|p2a: He Ran|move: Protect\n|\n|-heal|p2a: He Ran|21\/100|[from] item: Leftovers\n|-damage|p1a: OogaBooga|44\/100|[from] move: Magma Storm|[partiallytrapped]\n|upkeep\n|turn|7\n|\n|t:|1701154641\n|move|p1a: OogaBooga|Ivy Cudgel|p2a: He Ran|[anim] Ivy Cudgel Rock\n|-damage|p2a: He Ran|0 fnt\n|faint|p2a: He Ran\n|\n|-end|p1a: OogaBooga|Magma Storm|[partiallytrapped]|[silent]\n|upkeep\n|\n|t:|1701154652\n|switch|p2a: Gold|Tornadus-Therian, M|100\/100\n|turn|8\n|\n|t:|1701154654\n|move|p2a: Gold|Bleakwind Storm|p1a: OogaBooga\n|-damage|p1a: OogaBooga|0 fnt\n|faint|p1a: OogaBooga\n|\n|upkeep\n|\n|t:|1701154658\n|switch|p1a: Big Guy|Tyranitar, F, shiny|100\/100 par\n|-weather|Sandstorm|[from] ability: Sand Stream|[of] p1a: Big Guy\n|turn|9\n|\n|t:|1701154661\n|move|p2a: Gold|U-turn|p1a: Big Guy\n|-supereffective|p1a: Big Guy\n|-damage|p1a: Big Guy|77\/100 par\n|\n|t:|1701154663\n|switch|p2a: Trish|Hatterene, F|50\/100 par|[from] U-turn\n|move|p1a: Big Guy|Stealth Rock|p2a: Trish\n|move|p2a: Trish|Stealth Rock|p1a: Big Guy|[from]ability: Magic Bounce\n|-sidestart|p1: SirSpanklez|move: Stealth Rock\n|\n|-weather|Sandstorm|[upkeep]\n|-damage|p2a: Trish|44\/100 par|[from] Sandstorm\n|-heal|p1a: Big Guy|83\/100 par|[from] item: Leftovers\n|upkeep\n|turn|10\n|\n|t:|1701154670\n|cant|p1a: Big Guy|par\n|move|p2a: Trish|Draining Kiss|p1a: Big Guy\n|-supereffective|p1a: Big Guy\n|-damage|p1a: Big Guy|54\/100 par\n|-heal|p2a: Trish|67\/100 par|[from] drain|[of] p1a: Big Guy\n|\n|-weather|Sandstorm|[upkeep]\n|-damage|p2a: Trish|61\/100 par|[from] Sandstorm\n|-heal|p1a: Big Guy|60\/100 par|[from] item: Leftovers\n|upkeep\n|turn|11\n|\n|t:|1701154673\n|move|p1a: Big Guy|Knock Off|p2a: Trish\n|-crit|p2a: Trish\n|-damage|p2a: Trish|15\/100 par\n|move|p2a: Trish|Draining Kiss|p1a: Big Guy\n|-supereffective|p1a: Big Guy\n|-damage|p1a: Big Guy|29\/100 par\n|-heal|p2a: Trish|40\/100 par|[from] drain|[of] p1a: Big Guy\n|\n|-weather|Sandstorm|[upkeep]\n|-damage|p2a: Trish|34\/100 par|[from] Sandstorm\n|-heal|p1a: Big Guy|35\/100 par|[from] item: Leftovers\n|upkeep\n|turn|12\n|\n|t:|1701154678\n|cant|p1a: Big Guy|par\n|move|p2a: Trish|Draining Kiss|p1a: Big Guy\n|-supereffective|p1a: Big Guy\n|-damage|p1a: Big Guy|3\/100 par\n|-heal|p2a: Trish|60\/100 par|[from] drain|[of] p1a: Big Guy\n|\n|-weather|Sandstorm|[upkeep]\n|-damage|p2a: Trish|54\/100 par|[from] Sandstorm\n|-heal|p1a: Big Guy|9\/100 par|[from] item: Leftovers\n|upkeep\n|turn|13\n|\n|t:|1701154680\n|switch|p2a: Joeverpon|Ogerpon-Cornerstone, F|100\/100\n|move|p1a: Big Guy|Knock Off|p2a: Joeverpon\n|-damage|p2a: Joeverpon|48\/100\n|\n|-weather|none\n|-heal|p1a: Big Guy|15\/100 par|[from] item: Leftovers\n|upkeep\n|turn|14\n|\n|t:|1701154687\n|move|p2a: Joeverpon|Trailblaze|p1a: Big Guy\n|-supereffective|p1a: Big Guy\n|-damage|p1a: Big Guy|0 fnt\n|-boost|p2a: Joeverpon|spe|1\n|faint|p1a: Big Guy\n|\n|upkeep\n|\n|t:|1701154690\n|switch|p1a: Talonflame|Talonflame, M, shiny|100\/100\n|turn|15\n|\n|t:|1701154694\n|move|p1a: Talonflame|Dual Wingbeat|p2a: Joeverpon\n|-damage|p2a: Joeverpon|25\/100\n|-damage|p2a: Joeverpon|2\/100\n|-hitcount|p2a: Joeverpon|2\n|move|p2a: Joeverpon|Ivy Cudgel|p1a: Talonflame|[anim] Ivy Cudgel Rock\n|-supereffective|p1a: Talonflame\n|-damage|p1a: Talonflame|0 fnt\n|faint|p1a: Talonflame\n|\n|upkeep\n|\n|t:|1701154702\n|switch|p1a: The Holy Monument|Garganacl, M, shiny|100\/100\n|-damage|p1a: The Holy Monument|88\/100|[from] Stealth Rock\n|turn|16\n|\n|t:|1701154706\n|-terastallize|p1a: The Holy Monument|Ghost\n|move|p2a: Joeverpon|Horn Leech|p1a: The Holy Monument\n|-damage|p1a: The Holy Monument|57\/100\n|-heal|p2a: Joeverpon|23\/100|[from] drain|[of] p1a: The Holy Monument\n|move|p1a: The Holy Monument|Salt Cure|p2a: Joeverpon\n|-damage|p2a: Joeverpon|4\/100\n|-start|p2a: Joeverpon|Salt Cure\n|\n|-heal|p1a: The Holy Monument|64\/100|[from] item: Leftovers\n|-damage|p2a: Joeverpon|0 fnt|[from] Salt Cure\n|faint|p2a: Joeverpon\n|upkeep\n|\n|t:|1701154716\n|switch|p2a: Gold|Tornadus-Therian, M|100\/100\n|turn|17\n|\n|t:|1701154719\n|move|p2a: Gold|Knock Off|p1a: The Holy Monument\n|-supereffective|p1a: The Holy Monument\n|-damage|p1a: The Holy Monument|35\/100\n|-enditem|p1a: The Holy Monument|Leftovers|[from] move: Knock Off|[of] p2a: Gold\n|move|p1a: The Holy Monument|Salt Cure|p2a: Gold\n|-supereffective|p2a: Gold\n|-damage|p2a: Gold|69\/100\n|-start|p2a: Gold|Salt Cure\n|\n|-damage|p2a: Gold|57\/100|[from] Salt Cure\n|upkeep\n|turn|18\n|\n|t:|1701154723\n|move|p2a: Gold|U-turn|p1a: The Holy Monument\n|-resisted|p1a: The Holy Monument\n|-damage|p1a: The Holy Monument|30\/100\n|\n|t:|1701154725\n|switch|p2a: Ben|Great Tusk, shiny|100\/100|[from] U-turn\n|move|p1a: The Holy Monument|Recover|p1a: The Holy Monument\n|-heal|p1a: The Holy Monument|80\/100\n|\n|upkeep\n|turn|19\n|\n|t:|1701154728\n|move|p2a: Ben|Earthquake|p1a: The Holy Monument\n|-damage|p1a: The Holy Monument|51\/100\n|move|p1a: The Holy Monument|Iron Defense|p1a: The Holy Monument\n|-boost|p1a: The Holy Monument|def|2\n|\n|upkeep\n|turn|20\n|\n|t:|1701154732\n|-end|p2a: Ben|Protosynthesis|[silent]\n|switch|p2a: Trisha|Toxapex, F|100\/100\n|move|p1a: The Holy Monument|Salt Cure|p2a: Trisha\n|-damage|p2a: Trisha|90\/100\n|-start|p2a: Trisha|Salt Cure\n|\n|-heal|p2a: Trisha|96\/100|[from] item: Leftovers\n|-damage|p2a: Trisha|71\/100|[from] Salt Cure\n|upkeep\n|turn|21\n|\n|t:|1701154734\n|move|p1a: The Holy Monument|Recover|p1a: The Holy Monument\n|-heal|p1a: The Holy Monument|100\/100\n|move|p2a: Trisha|Haze|p2a: Trisha\n|-clearallboost\n|\n|-heal|p2a: Trisha|77\/100|[from] item: Leftovers\n|-damage|p2a: Trisha|53\/100|[from] Salt Cure\n|upkeep\n|turn|22\n|\n|t:|1701154737\n|switch|p2a: Trish|Hatterene, F|54\/100 par\n|move|p1a: The Holy Monument|Iron Defense|p1a: The Holy Monument\n|-boost|p1a: The Holy Monument|def|2\n|\n|upkeep\n|turn|23\n|\n|t:|1701154740\n|move|p1a: The Holy Monument|Salt Cure|p2a: Trish\n|-damage|p2a: Trish|43\/100 par\n|-start|p2a: Trish|Salt Cure\n|move|p2a: Trish|Calm Mind|p2a: Trish\n|-boost|p2a: Trish|spa|1\n|-boost|p2a: Trish|spd|1\n|\n|-damage|p2a: Trish|30\/100 par|[from] Salt Cure\n|upkeep\n|turn|24\n|\n|t:|1701154744\n|move|p1a: The Holy Monument|Iron Defense|p1a: The Holy Monument\n|-boost|p1a: The Holy Monument|def|2\n|move|p2a: Trish|Draining Kiss|p1a: The Holy Monument\n|-damage|p1a: The Holy Monument|78\/100\n|-heal|p2a: Trish|52\/100 par|[from] drain|[of] p1a: The Holy Monument\n|\n|-damage|p2a: Trish|39\/100 par|[from] Salt Cure\n|upkeep\n|turn|25\n|\n|t:|1701154747\n|move|p1a: The Holy Monument|Body Press|p2a: Trish\n|-resisted|p2a: Trish\n|-damage|p2a: Trish|26\/100 par\n|move|p2a: Trish|Draining Kiss|p1a: The Holy Monument\n|-damage|p1a: The Holy Monument|55\/100\n|-heal|p2a: Trish|47\/100 par|[from] drain|[of] p1a: The Holy Monument\n|\n|-damage|p2a: Trish|35\/100 par|[from] Salt Cure\n|upkeep\n|turn|26\n|\n|t:|1701154750\n|move|p1a: The Holy Monument|Recover|p1a: The Holy Monument\n|-heal|p1a: The Holy Monument|100\/100\n|move|p2a: Trish|Draining Kiss|p1a: The Holy Monument\n|-damage|p1a: The Holy Monument|78\/100\n|-heal|p2a: Trish|56\/100 par|[from] drain|[of] p1a: The Holy Monument\n|\n|-damage|p2a: Trish|44\/100 par|[from] Salt Cure\n|upkeep\n|turn|27\n|\n|t:|1701154753\n|move|p1a: The Holy Monument|Salt Cure|p2a: Trish\n|-damage|p2a: Trish|33\/100 par\n|move|p2a: Trish|Draining Kiss|p1a: The Holy Monument\n|-damage|p1a: The Holy Monument|57\/100\n|-heal|p2a: Trish|53\/100 par|[from] drain|[of] p1a: The Holy Monument\n|\n|-damage|p2a: Trish|40\/100 par|[from] Salt Cure\n|upkeep\n|turn|28\n|\n|t:|1701154755\n|move|p1a: The Holy Monument|Recover|p1a: The Holy Monument\n|-heal|p1a: The Holy Monument|100\/100\n|move|p2a: Trish|Draining Kiss|p1a: The Holy Monument\n|-damage|p1a: The Holy Monument|79\/100\n|-heal|p2a: Trish|61\/100 par|[from] drain|[of] p1a: The Holy Monument\n|\n|-damage|p2a: Trish|49\/100 par|[from] Salt Cure\n|upkeep\n|turn|29\n|\n|t:|1701154759\n|move|p1a: The Holy Monument|Body Press|p2a: Trish\n|-resisted|p2a: Trish\n|-damage|p2a: Trish|35\/100 par\n|move|p2a: Trish|Draining Kiss|p1a: The Holy Monument\n|-damage|p1a: The Holy Monument|57\/100\n|-heal|p2a: Trish|56\/100 par|[from] drain|[of] p1a: The Holy Monument\n|\n|-damage|p2a: Trish|44\/100 par|[from] Salt Cure\n|upkeep\n|turn|30\n|\n|t:|1701154765\n|move|p1a: The Holy Monument|Salt Cure|p2a: Trish\n|-damage|p2a: Trish|33\/100 par\n|move|p2a: Trish|Draining Kiss|p1a: The Holy Monument\n|-damage|p1a: The Holy Monument|37\/100\n|-heal|p2a: Trish|52\/100 par|[from] drain|[of] p1a: The Holy Monument\n|\n|-damage|p2a: Trish|40\/100 par|[from] Salt Cure\n|upkeep\n|turn|31\n|\n|t:|1701154769\n|move|p1a: The Holy Monument|Recover|p1a: The Holy Monument\n|-heal|p1a: The Holy Monument|87\/100\n|cant|p2a: Trish|par\n|\n|-damage|p2a: Trish|28\/100 par|[from] Salt Cure\n|upkeep\n|turn|32\n|\n|t:|1701154771\n|move|p1a: The Holy Monument|Recover|p1a: The Holy Monument\n|-heal|p1a: The Holy Monument|100\/100\n|cant|p2a: Trish|par\n|\n|-damage|p2a: Trish|15\/100 par|[from] Salt Cure\n|upkeep\n|turn|33\n|\n|t:|1701154776\n|move|p1a: The Holy Monument|Body Press|p2a: Trish\n|-resisted|p2a: Trish\n|-damage|p2a: Trish|2\/100 par\n|move|p2a: Trish|Draining Kiss|p1a: The Holy Monument\n|-damage|p1a: The Holy Monument|80\/100\n|-heal|p2a: Trish|22\/100 par|[from] drain|[of] p1a: The Holy Monument\n|\n|-damage|p2a: Trish|9\/100 par|[from] Salt Cure\n|upkeep\n|turn|34\n|\n|t:|1701154784\n|move|p1a: The Holy Monument|Body Press|p2a: Trish\n|-resisted|p2a: Trish\n|-damage|p2a: Trish|0 fnt\n|faint|p2a: Trish\n|\n|upkeep\n|\n|t:|1701154788\n|switch|p2a: Trisha|Toxapex, F|86\/100\n|turn|35\n|\n|t:|1701154792\n|move|p1a: The Holy Monument|Salt Cure|p2a: Trisha\n|-damage|p2a: Trisha|75\/100\n|-start|p2a: Trisha|Salt Cure\n|move|p2a: Trisha|Haze|p2a: Trisha\n|-clearallboost\n|\n|-heal|p2a: Trisha|81\/100|[from] item: Leftovers\n|-damage|p2a: Trisha|56\/100|[from] Salt Cure\n|upkeep\n|turn|36\n|\n|t:|1701154794\n|move|p1a: The Holy Monument|Iron Defense|p1a: The Holy Monument\n|-boost|p1a: The Holy Monument|def|2\n|move|p2a: Trisha|Surf|p1a: The Holy Monument\n|-damage|p1a: The Holy Monument|68\/100\n|\n|-heal|p2a: Trisha|62\/100|[from] item: Leftovers\n|-damage|p2a: Trisha|37\/100|[from] Salt Cure\n|upkeep\n|turn|37\n|\n|t:|1701154799\n|move|p1a: The Holy Monument|Iron Defense|p1a: The Holy Monument\n|-boost|p1a: The Holy Monument|def|2\n|move|p2a: Trisha|Recover|p2a: Trisha\n|-heal|p2a: Trisha|87\/100\n|\n|-heal|p2a: Trisha|93\/100|[from] item: Leftovers\n|-damage|p2a: Trisha|68\/100|[from] Salt Cure\n|upkeep\n|turn|38\n|\n|t:|1701154803\n|switch|p2a: Ben|Great Tusk, shiny|100\/100\n|move|p1a: The Holy Monument|Body Press|p2a: Ben\n|-damage|p2a: Ben|70\/100\n|\n|-heal|p2a: Ben|77\/100|[from] item: Leftovers\n|upkeep\n|turn|39\n|\n|t:|1701154805\n|move|p2a: Ben|Earthquake|p1a: The Holy Monument\n|-crit|p1a: The Holy Monument\n|-damage|p1a: The Holy Monument|24\/100\n|move|p1a: The Holy Monument|Salt Cure|p2a: Ben\n|-resisted|p2a: Ben\n|-damage|p2a: Ben|75\/100\n|-start|p2a: Ben|Salt Cure\n|\n|-heal|p2a: Ben|81\/100|[from] item: Leftovers\n|-damage|p2a: Ben|69\/100|[from] Salt Cure\n|upkeep\n|turn|40\n|\n|t:|1701154807\n|move|p2a: Ben|Earthquake|p1a: The Holy Monument\n|-damage|p1a: The Holy Monument|14\/100\n|move|p1a: The Holy Monument|Recover|p1a: The Holy Monument\n|-heal|p1a: The Holy Monument|64\/100\n|\n|-heal|p2a: Ben|75\/100|[from] item: Leftovers\n|-damage|p2a: Ben|63\/100|[from] Salt Cure\n|upkeep\n|turn|41\n|\n|t:|1701154812\n|-end|p2a: Ben|Protosynthesis|[silent]\n|switch|p2a: Trisha|Toxapex, F|100\/100\n|move|p1a: The Holy Monument|Body Press|p2a: Trisha\n|-resisted|p2a: Trisha\n|-damage|p2a: Trisha|76\/100\n|\n|-heal|p2a: Trisha|82\/100|[from] item: Leftovers\n|upkeep\n|turn|42\n|\n|t:|1701154818\n|move|p2a: Trisha|Haze|p2a: Trisha\n|-clearallboost\n|move|p1a: The Holy Monument|Salt Cure|p2a: Trisha\n|-damage|p2a: Trisha|70\/100\n|-start|p2a: Trisha|Salt Cure\n|\n|-heal|p2a: Trisha|76\/100|[from] item: Leftovers\n|-damage|p2a: Trisha|52\/100|[from] Salt Cure\n|upkeep\n|turn|43\n|\n|t:|1701154821\n|move|p2a: Trisha|Surf|p1a: The Holy Monument\n|-damage|p1a: The Holy Monument|52\/100\n|move|p1a: The Holy Monument|Iron Defense|p1a: The Holy Monument\n|-boost|p1a: The Holy Monument|def|2\n|\n|-heal|p2a: Trisha|58\/100|[from] item: Leftovers\n|-damage|p2a: Trisha|33\/100|[from] Salt Cure\n|upkeep\n|turn|44\n|\n|t:|1701154823\n|move|p2a: Trisha|Recover|p2a: Trisha\n|-heal|p2a: Trisha|83\/100\n|move|p1a: The Holy Monument|Salt Cure|p2a: Trisha\n|-damage|p2a: Trisha|72\/100\n|\n|-heal|p2a: Trisha|78\/100|[from] item: Leftovers\n|-damage|p2a: Trisha|53\/100|[from] Salt Cure\n|upkeep\n|turn|45\n|\n|t:|1701154826\n|move|p2a: Trisha|Surf|p1a: The Holy Monument\n|-damage|p1a: The Holy Monument|40\/100\n|move|p1a: The Holy Monument|Iron Defense|p1a: The Holy Monument\n|-boost|p1a: The Holy Monument|def|2\n|\n|-heal|p2a: Trisha|59\/100|[from] item: Leftovers\n|-damage|p2a: Trisha|34\/100|[from] Salt Cure\n|upkeep\n|turn|46\n|\n|t:|1701154829\n|move|p1a: The Holy Monument|Recover|p1a: The Holy Monument\n|-heal|p1a: The Holy Monument|90\/100\n|move|p2a: Trisha|Recover|p2a: Trisha\n|-heal|p2a: Trisha|84\/100\n|\n|-heal|p2a: Trisha|90\/100|[from] item: Leftovers\n|-damage|p2a: Trisha|66\/100|[from] Salt Cure\n|upkeep\n|turn|47\n|\n|t:|1701154831\n|switch|p2a: Ben|Great Tusk, shiny|63\/100\n|move|p1a: The Holy Monument|Body Press|p2a: Ben\n|-damage|p2a: Ben|28\/100\n|\n|-heal|p2a: Ben|34\/100|[from] item: Leftovers\n|upkeep\n|turn|48\n|\n|t:|1701154835\n|-end|p2a: Ben|Protosynthesis|[silent]\n|switch|p2a: Trisha|Toxapex, F|99\/100\n|move|p1a: The Holy Monument|Salt Cure|p2a: Trisha\n|-damage|p2a: Trisha|89\/100\n|-start|p2a: Trisha|Salt Cure\n|\n|-heal|p2a: Trisha|95\/100|[from] item: Leftovers\n|-damage|p2a: Trisha|70\/100|[from] Salt Cure\n|upkeep\n|turn|49\n|\n|t:|1701154838\n|move|p1a: The Holy Monument|Iron Defense|p1a: The Holy Monument\n|-boost|p1a: The Holy Monument|def|2\n|move|p2a: Trisha|Surf|p1a: The Holy Monument\n|-damage|p1a: The Holy Monument|78\/100\n|\n|-heal|p2a: Trisha|76\/100|[from] item: Leftovers\n|-damage|p2a: Trisha|51\/100|[from] Salt Cure\n|upkeep\n|turn|50\n|\n|t:|1701154841\n|move|p2a: Trisha|Recover|p2a: Trisha\n|-heal|p2a: Trisha|100\/100\n|move|p1a: The Holy Monument|Body Press|p2a: Trisha\n|-resisted|p2a: Trisha\n|-damage|p2a: Trisha|67\/100\n|\n|-heal|p2a: Trisha|73\/100|[from] item: Leftovers\n|-damage|p2a: Trisha|48\/100|[from] Salt Cure\n|upkeep\n|turn|51\n|\n|t:|1701154843\n|move|p2a: Trisha|Haze|p2a: Trisha\n|-clearallboost\n|move|p1a: The Holy Monument|Body Press|p2a: Trisha\n|-resisted|p2a: Trisha\n|-damage|p2a: Trisha|40\/100\n|\n|-heal|p2a: Trisha|46\/100|[from] item: Leftovers\n|-damage|p2a: Trisha|21\/100|[from] Salt Cure\n|upkeep\n|turn|52\n|\n|t:|1701154845\n|move|p2a: Trisha|Recover|p2a: Trisha\n|-heal|p2a: Trisha|71\/100\n|move|p1a: The Holy Monument|Iron Defense|p1a: The Holy Monument\n|-boost|p1a: The Holy Monument|def|2\n|\n|-heal|p2a: Trisha|77\/100|[from] item: Leftovers\n|-damage|p2a: Trisha|52\/100|[from] Salt Cure\n|upkeep\n|turn|53\n|\n|t:|1701154849\n|move|p2a: Trisha|Surf|p1a: The Holy Monument\n|-damage|p1a: The Holy Monument|66\/100\n|move|p1a: The Holy Monument|Body Press|p2a: Trisha\n|-resisted|p2a: Trisha\n|-damage|p2a: Trisha|34\/100\n|\n|-heal|p2a: Trisha|40\/100|[from] item: Leftovers\n|-damage|p2a: Trisha|15\/100|[from] Salt Cure\n|upkeep\n|turn|54\n|\n|t:|1701154852\n|move|p2a: Trisha|Recover|p2a: Trisha\n|-heal|p2a: Trisha|66\/100\n|move|p1a: The Holy Monument|Iron Defense|p1a: The Holy Monument\n|-boost|p1a: The Holy Monument|def|2\n|\n|-heal|p2a: Trisha|71\/100|[from] item: Leftovers\n|-damage|p2a: Trisha|47\/100|[from] Salt Cure\n|upkeep\n|turn|55\n|\n|t:|1701154855\n|switch|p2a: Ben|Great Tusk, shiny|34\/100\n|move|p1a: The Holy Monument|Body Press|p2a: Ben\n|-damage|p2a: Ben|0 fnt\n|faint|p2a: Ben\n|-end|p2a: Ben|Protosynthesis|[silent]\n|\n|upkeep\n|\n|t:|1701154859\n|switch|p2a: Trisha|Toxapex, F|80\/100\n|turn|56\n|\n|t:|1701154861\n|move|p2a: Trisha|Surf|p1a: The Holy Monument\n|-damage|p1a: The Holy Monument|54\/100\n|move|p1a: The Holy Monument|Salt Cure|p2a: Trisha\n|-damage|p2a: Trisha|69\/100\n|-start|p2a: Trisha|Salt Cure\n|\n|-heal|p2a: Trisha|75\/100|[from] item: Leftovers\n|-damage|p2a: Trisha|50\/100|[from] Salt Cure\n|upkeep\n|turn|57\n|\n|t:|1701154864\n|move|p1a: The Holy Monument|Body Press|p2a: Trisha\n|-resisted|p2a: Trisha\n|-damage|p2a: Trisha|25\/100\n|move|p2a: Trisha|Haze|p2a: Trisha\n|-clearallboost\n|\n|-heal|p2a: Trisha|31\/100|[from] item: Leftovers\n|-damage|p2a: Trisha|6\/100|[from] Salt Cure\n|upkeep\n|turn|58\n|\n|t:|1701154867\n|move|p1a: The Holy Monument|Body Press|p2a: Trisha\n|-resisted|p2a: Trisha\n|-damage|p2a: Trisha|0 fnt\n|faint|p2a: Trisha\n|\n|upkeep\n|\n|t:|1701154868\n|switch|p2a: Gold|Tornadus-Therian, M|90\/100\n|turn|59\n|\n|t:|1701154871\n|move|p2a: Gold|Knock Off|p1a: The Holy Monument\n|-supereffective|p1a: The Holy Monument\n|-crit|p1a: The Holy Monument\n|-damage|p1a: The Holy Monument|26\/100\n|move|p1a: The Holy Monument|Salt Cure|p2a: Gold\n|-supereffective|p2a: Gold\n|-damage|p2a: Gold|56\/100\n|-start|p2a: Gold|Salt Cure\n|\n|-damage|p2a: Gold|44\/100|[from] Salt Cure\n|upkeep\n|turn|60\n|\n|t:|1701154873\n|move|p2a: Gold|Knock Off|p1a: The Holy Monument\n|-supereffective|p1a: The Holy Monument\n|-damage|p1a: The Holy Monument|7\/100\n|move|p1a: The Holy Monument|Body Press|p2a: Gold\n|-resisted|p2a: Gold\n|-damage|p2a: Gold|31\/100\n|\n|-damage|p2a: Gold|19\/100|[from] Salt Cure\n|upkeep\n|turn|61\n|\n|t:|1701154879\n|move|p2a: Gold|Knock Off|p1a: The Holy Monument\n|-supereffective|p1a: The Holy Monument\n|-damage|p1a: The Holy Monument|0 fnt\n|faint|p1a: The Holy Monument\n|\n|-damage|p2a: Gold|6\/100|[from] Salt Cure\n|upkeep\n|\n|t:|1701154885\n|switch|p1a: Erm|Sandy Shocks|100\/100\n|-damage|p1a: Erm|94\/100|[from] Stealth Rock\n|-enditem|p1a: Erm|Booster Energy\n|-activate|p1a: Erm|ability: Protosynthesis|[fromitem]\n|-start|p1a: Erm|protosynthesisspe\n|turn|62\n|\n|t:|1701154891\n|move|p1a: Erm|Thunderbolt|p2a: Gold\n|-supereffective|p2a: Gold\n|-damage|p2a: Gold|0 fnt\n|faint|p2a: Gold\n|\n|win|SirSpanklez\n|raw|SirSpanklez's rating: 1406 &rarr; <strong>1434<\/strong><br \/>(+28 for winning)\n|raw|trap x loop's rating: 1547 &rarr; <strong>1519<\/strong><br \/>(-28 for losing)\n|l|\u2606trap x loop\n","uploadtime":1701155020,"views":5,"p1id":"sirspanklez","p2id":"trapxloop","formatid":"gen9ou","rating":1434,"private":0,"password":""}