{"id":"gen9ou-1997713400","p1":"lesbiancleric","p2":"yamiyami17","format":"[Gen 9] OU","log":"|j|\u2606lesbiancleric\n|j|\u2606yamiyami17\n|t:|1700844714\n|gametype|singles\n|player|p1|lesbiancleric|pokemonrangerf|1188\n|player|p2|yamiyami17|101|1277\n|teamsize|p1|6\n|teamsize|p2|6\n|gen|9\n|tier|[Gen 9] OU\n|rated|\n|rule|Sleep Clause Mod: Limit one foe put to sleep\n|rule|Species Clause: Limit one of each Pok\u00e9mon\n|rule|OHKO Clause: OHKO moves are banned\n|rule|Evasion Items Clause: Evasion items are banned\n|rule|Evasion Moves Clause: Evasion moves are banned\n|rule|Endless Battle Clause: Forcing endless battles is banned\n|rule|HP Percentage Mod: HP is shown in percentages\n|clearpoke\n|poke|p1|Great Tusk|\n|poke|p1|Greninja-*, F|\n|poke|p1|Toxapex, F|\n|poke|p1|Kommo-o, F|\n|poke|p1|Mandibuzz, F|\n|poke|p1|Tinkaton, F|\n|poke|p2|Sinistcha-Masterpiece|\n|poke|p2|Snorlax, F|\n|poke|p2|Cloyster, F|\n|poke|p2|Glimmora, F|\n|poke|p2|Ceruledge, F|\n|poke|p2|Kommo-o, M|\n|teampreview\n|inactive|Battle timer is ON: inactive players will automatically lose when time's up. (requested by lesbiancleric)\n|\n|t:|1700844727\n|start\n|switch|p1a: Tinkaton|Tinkaton, F|100\/100\n|switch|p2a: Sinistcha|Sinistcha-Masterpiece|100\/100\n|-ability|p1a: Tinkaton|Mold Breaker\n|turn|1\n|\n|t:|1700844747\n|move|p1a: Tinkaton|Knock Off|p2a: Sinistcha\n|-supereffective|p2a: Sinistcha\n|-crit|p2a: Sinistcha\n|-damage|p2a: Sinistcha|58\/100\n|-enditem|p2a: Sinistcha|Leftovers|[from] move: Knock Off|[of] p1a: Tinkaton\n|move|p2a: Sinistcha|Iron Defense|p2a: Sinistcha\n|-boost|p2a: Sinistcha|def|2\n|\n|upkeep\n|turn|2\n|\n|t:|1700844762\n|move|p1a: Tinkaton|Stealth Rock|p2a: Sinistcha\n|-sidestart|p2: yamiyami17|move: Stealth Rock\n|move|p2a: Sinistcha|Calm Mind|p2a: Sinistcha\n|-boost|p2a: Sinistcha|spa|1\n|-boost|p2a: Sinistcha|spd|1\n|\n|upkeep\n|turn|3\n|\n|t:|1700844776\n|switch|p1a: Toxapex|Toxapex, F, shiny|100\/100\n|move|p2a: Sinistcha|Matcha Gotcha|p1a: Toxapex\n|-crit|p1a: Toxapex\n|-damage|p1a: Toxapex|42\/100\n|-heal|p2a: Sinistcha|80\/100|[from] drain|[of] p1a: Toxapex\n|\n|-heal|p1a: Toxapex|48\/100|[from] item: Leftovers\n|upkeep\n|turn|4\n|\n|t:|1700844788\n|-terastallize|p1a: Toxapex|Steel\n|move|p2a: Sinistcha|Shadow Ball|p1a: Toxapex\n|-damage|p1a: Toxapex|11\/100\n|-unboost|p1a: Toxapex|spd|1\n|move|p1a: Toxapex|Haze|p1a: Toxapex\n|-clearallboost\n|\n|-heal|p1a: Toxapex|17\/100|[from] item: Leftovers\n|upkeep\n|turn|5\n|\n|t:|1700844795\n|move|p2a: Sinistcha|Shadow Ball|p1a: Toxapex\n|-damage|p1a: Toxapex|0 fnt\n|faint|p1a: Toxapex\n|\n|upkeep\n|\n|t:|1700844805\n|switch|p1a: Kommo-o|Kommo-o, F|100\/100\n|turn|6\n|\n|t:|1700844814\n|move|p1a: Kommo-o|Clangorous Soul|p1a: Kommo-o\n|-boost|p1a: Kommo-o|atk|1\n|-boost|p1a: Kommo-o|def|1\n|-boost|p1a: Kommo-o|spa|1\n|-boost|p1a: Kommo-o|spd|1\n|-boost|p1a: Kommo-o|spe|1\n|-damage|p1a: Kommo-o|68\/100\n|move|p2a: Sinistcha|Matcha Gotcha|p1a: Kommo-o|[miss]\n|-miss|p2a: Sinistcha|p1a: Kommo-o\n|\n|-heal|p1a: Kommo-o|74\/100|[from] item: Leftovers\n|upkeep\n|turn|7\n|\n|t:|1700844824\n|move|p1a: Kommo-o|Flamethrower|p2a: Sinistcha\n|-supereffective|p2a: Sinistcha\n|-damage|p2a: Sinistcha|38\/100\n|move|p2a: Sinistcha|Matcha Gotcha|p1a: Kommo-o\n|-resisted|p1a: Kommo-o\n|-damage|p1a: Kommo-o|60\/100\n|-heal|p2a: Sinistcha|44\/100|[from] drain|[of] p1a: Kommo-o\n|\n|-heal|p1a: Kommo-o|66\/100|[from] item: Leftovers\n|upkeep\n|turn|8\n|\n|t:|1700844834\n|move|p1a: Kommo-o|Flamethrower|p2a: Sinistcha\n|-supereffective|p2a: Sinistcha\n|-damage|p2a: Sinistcha|2\/100\n|move|p2a: Sinistcha|Calm Mind|p2a: Sinistcha\n|-boost|p2a: Sinistcha|spa|1\n|-boost|p2a: Sinistcha|spd|1\n|\n|-heal|p1a: Kommo-o|73\/100|[from] item: Leftovers\n|upkeep\n|turn|9\n|\n|t:|1700844839\n|move|p1a: Kommo-o|Flamethrower|p2a: Sinistcha\n|-supereffective|p2a: Sinistcha\n|-damage|p2a: Sinistcha|0 fnt\n|faint|p2a: Sinistcha\n|\n|-heal|p1a: Kommo-o|79\/100|[from] item: Leftovers\n|upkeep\n|\n|t:|1700844846\n|switch|p2a: Snorlax|Snorlax, F|100\/100\n|-damage|p2a: Snorlax|88\/100|[from] Stealth Rock\n|turn|10\n|\n|t:|1700844851\n|-terastallize|p2a: Snorlax|Fairy\n|move|p1a: Kommo-o|Clangorous Soul|p1a: Kommo-o\n|-boost|p1a: Kommo-o|atk|1\n|-boost|p1a: Kommo-o|def|1\n|-boost|p1a: Kommo-o|spa|1\n|-boost|p1a: Kommo-o|spd|1\n|-boost|p1a: Kommo-o|spe|1\n|-damage|p1a: Kommo-o|46\/100\n|move|p2a: Snorlax|Body Slam|p1a: Kommo-o\n|-damage|p1a: Kommo-o|25\/100\n|\n|-heal|p1a: Kommo-o|31\/100|[from] item: Leftovers\n|-heal|p2a: Snorlax|94\/100|[from] item: Leftovers\n|upkeep\n|turn|11\n|\n|t:|1700844860\n|move|p1a: Kommo-o|Flamethrower|p2a: Snorlax\n|-damage|p2a: Snorlax|80\/100\n|move|p2a: Snorlax|Body Slam|p1a: Kommo-o\n|-damage|p1a: Kommo-o|12\/100\n|\n|-heal|p1a: Kommo-o|18\/100|[from] item: Leftovers\n|-heal|p2a: Snorlax|86\/100|[from] item: Leftovers\n|upkeep\n|turn|12\n|\n|t:|1700844873\n|switch|p1a: Tinkaton|Tinkaton, F|100\/100\n|-ability|p1a: Tinkaton|Mold Breaker\n|move|p2a: Snorlax|Body Slam|p1a: Tinkaton\n|-resisted|p1a: Tinkaton\n|-damage|p1a: Tinkaton|79\/100\n|\n|-heal|p1a: Tinkaton|85\/100|[from] item: Leftovers\n|-heal|p2a: Snorlax|92\/100|[from] item: Leftovers\n|upkeep\n|turn|13\n|\n|t:|1700844880\n|switch|p2a: Glimmora|Glimmora, F|100\/100\n|-damage|p2a: Glimmora|88\/100|[from] Stealth Rock\n|move|p1a: Tinkaton|Gigaton Hammer|p2a: Glimmora\n|-supereffective|p2a: Glimmora\n|-damage|p2a: Glimmora|15\/100\n|-activate|p2a: Glimmora|ability: Toxic Debris\n|-sidestart|p1: lesbiancleric|move: Toxic Spikes\n|\n|-heal|p1a: Tinkaton|91\/100|[from] item: Leftovers\n|-heal|p2a: Glimmora|21\/100|[from] item: Leftovers\n|upkeep\n|turn|14\n|\n|t:|1700844888\n|move|p1a: Tinkaton|Knock Off|p2a: Glimmora\n|-damage|p2a: Glimmora|7\/100\n|-activate|p2a: Glimmora|ability: Toxic Debris\n|-sidestart|p1: lesbiancleric|move: Toxic Spikes\n|-enditem|p2a: Glimmora|Leftovers|[from] move: Knock Off|[of] p1a: Tinkaton\n|move|p2a: Glimmora|Spikes|p1a: Tinkaton\n|-sidestart|p1: lesbiancleric|Spikes\n|\n|-heal|p1a: Tinkaton|98\/100|[from] item: Leftovers\n|upkeep\n|turn|15\n|\n|t:|1700844907\n|move|p1a: Tinkaton|Knock Off|p2a: Glimmora\n|-damage|p2a: Glimmora|0 fnt\n|faint|p2a: Glimmora\n|\n|-heal|p1a: Tinkaton|100\/100|[from] item: Leftovers\n|upkeep\n|inactive|yamiyami17 has 120 seconds left.\n|\n|t:|1700844931\n|switch|p2a: Ceruledge|Ceruledge, F|100\/100\n|-damage|p2a: Ceruledge|76\/100|[from] Stealth Rock\n|turn|16\n|\n|t:|1700844944\n|move|p2a: Ceruledge|Bitter Blade|p1a: Tinkaton\n|-supereffective|p1a: Tinkaton\n|-damage|p1a: Tinkaton|0 fnt\n|-heal|p2a: Ceruledge|100\/100|[from] drain|[of] p1a: Tinkaton\n|faint|p1a: Tinkaton\n|\n|upkeep\n|\n|t:|1700844956\n|switch|p1a: Greninja|Greninja, F, shiny|100\/100\n|turn|17\n|inactive|yamiyami17 has 120 seconds left.\n|inactive|yamiyami17 has 90 seconds left.\n|\n|t:|1700845017\n|switch|p2a: Kommo-o|Kommo-o, M|100\/100\n|-damage|p2a: Kommo-o|94\/100|[from] Stealth Rock\n|move|p1a: Greninja|Liquidation|p2a: Kommo-o\n|-start|p1a: Greninja|typechange|Water|[from] ability: Protean\n|-resisted|p2a: Kommo-o\n|-damage|p2a: Kommo-o|77\/100\n|\n|-heal|p2a: Kommo-o|83\/100|[from] item: Leftovers\n|upkeep\n|turn|18\n|inactive|yamiyami17 has 90 seconds left.\n|\n|t:|1700845029\n|move|p1a: Greninja|Ice Punch|p2a: Kommo-o\n|-supereffective|p2a: Kommo-o\n|-damage|p2a: Kommo-o|42\/100\n|move|p2a: Kommo-o|Clangorous Soul|p2a: Kommo-o\n|-boost|p2a: Kommo-o|atk|1\n|-boost|p2a: Kommo-o|def|1\n|-boost|p2a: Kommo-o|spa|1\n|-boost|p2a: Kommo-o|spd|1\n|-boost|p2a: Kommo-o|spe|1\n|-damage|p2a: Kommo-o|9\/100\n|\n|-heal|p2a: Kommo-o|15\/100|[from] item: Leftovers\n|upkeep\n|turn|19\n|\n|t:|1700845033\n|move|p2a: Kommo-o|Drain Punch|p1a: Greninja\n|-damage|p1a: Greninja|30\/100\n|-heal|p2a: Kommo-o|50\/100|[from] drain|[of] p1a: Greninja\n|move|p1a: Greninja|Ice Punch|p2a: Kommo-o\n|-supereffective|p2a: Kommo-o\n|-crit|p2a: Kommo-o\n|-damage|p2a: Kommo-o|0 fnt\n|faint|p2a: Kommo-o\n|\n|upkeep\n|\n|t:|1700845039\n|switch|p2a: Cloyster|Cloyster, F|100\/100\n|-damage|p2a: Cloyster|76\/100|[from] Stealth Rock\n|turn|20\n|\n|t:|1700845050\n|move|p1a: Greninja|U-turn|p2a: Cloyster\n|-crit|p2a: Cloyster\n|-damage|p2a: Cloyster|50\/100\n|\n|t:|1700845053\n|switch|p1a: Great Tusk|Great Tusk|100\/100|[from] U-turn\n|-status|p1a: Great Tusk|tox\n|-damage|p1a: Great Tusk|88\/100 tox|[from] Spikes\n|-enditem|p1a: Great Tusk|Booster Energy\n|-activate|p1a: Great Tusk|ability: Protosynthesis|[fromitem]\n|-start|p1a: Great Tusk|protosynthesisatk\n|move|p2a: Cloyster|Shell Smash|p2a: Cloyster\n|-unboost|p2a: Cloyster|def|1\n|-unboost|p2a: Cloyster|spd|1\n|-boost|p2a: Cloyster|atk|2\n|-boost|p2a: Cloyster|spa|2\n|-boost|p2a: Cloyster|spe|2\n|-enditem|p2a: Cloyster|White Herb\n|-clearnegativeboost|p2a: Cloyster|[silent]\n|\n|-damage|p1a: Great Tusk|82\/100 tox|[from] psn\n|upkeep\n|turn|21\n|\n|t:|1700845061\n|move|p2a: Cloyster|Icicle Spear|p1a: Great Tusk\n|-supereffective|p1a: Great Tusk\n|-damage|p1a: Great Tusk|50\/100 tox\n|-supereffective|p1a: Great Tusk\n|-damage|p1a: Great Tusk|19\/100 tox\n|-supereffective|p1a: Great Tusk\n|-damage|p1a: Great Tusk|0 fnt\n|faint|p1a: Great Tusk\n|-end|p1a: Great Tusk|Protosynthesis|[silent]\n|-hitcount|p1: Great Tusk|3\n|\n|upkeep\n|\n|t:|1700845064\n|switch|p1a: Mandibuzz|Mandibuzz, F|100\/100\n|turn|22\n|inactive|yamiyami17 has 120 seconds left.\n|\n|t:|1700845076\n|move|p2a: Cloyster|Icicle Spear|p1a: Mandibuzz\n|-supereffective|p1a: Mandibuzz\n|-damage|p1a: Mandibuzz|65\/100\n|-ability|p1a: Mandibuzz|Weak Armor|boost\n|-unboost|p1a: Mandibuzz|def|1\n|-boost|p1a: Mandibuzz|spe|2\n|-supereffective|p1a: Mandibuzz\n|-damage|p1a: Mandibuzz|12\/100\n|-ability|p1a: Mandibuzz|Weak Armor|boost\n|-unboost|p1a: Mandibuzz|def|1\n|-boost|p1a: Mandibuzz|spe|2\n|-supereffective|p1a: Mandibuzz\n|-damage|p1a: Mandibuzz|0 fnt\n|faint|p1a: Mandibuzz\n|-hitcount|p1: Mandibuzz|3\n|\n|upkeep\n|\n|t:|1700845089\n|switch|p1a: Kommo-o|Kommo-o, F|18\/100\n|-status|p1a: Kommo-o|tox\n|-damage|p1a: Kommo-o|6\/100 tox|[from] Spikes\n|turn|23\n|\n|t:|1700845097\n|move|p2a: Cloyster|Icicle Spear|p1a: Kommo-o\n|-supereffective|p1a: Kommo-o\n|-damage|p1a: Kommo-o|0 fnt\n|faint|p1a: Kommo-o\n|-hitcount|p1: Kommo-o|1\n|\n|upkeep\n|\n|t:|1700845100\n|switch|p1a: Greninja|Greninja, F, shiny|30\/100\n|turn|24\n|inactive|yamiyami17 has 120 seconds left.\n|\n|t:|1700845125\n|move|p2a: Cloyster|Icicle Spear|p1a: Greninja\n|-resisted|p1a: Greninja\n|-damage|p1a: Greninja|14\/100\n|-resisted|p1a: Greninja\n|-damage|p1a: Greninja|0 fnt\n|faint|p1a: Greninja\n|-hitcount|p1: Greninja|2\n|\n|win|yamiyami17\n|raw|lesbiancleric's rating: 1188 &rarr; <strong>1169<\/strong><br \/>(-19 for losing)\n|raw|yamiyami17's rating: 1277 &rarr; <strong>1296<\/strong><br \/>(+19 for winning)\n|c|\u2606lesbiancleric|gg\n|l|\u2606lesbiancleric\n","uploadtime":1700845147,"views":12,"p1id":"lesbiancleric","p2id":"yamiyami17","formatid":"gen9ou","rating":1169,"private":0,"password":""}