{"id":"gen9ou-1995602102","p1":"CharcoalUser","p2":"theo3426","format":"[Gen 9] OU","log":"|j|\u2606CharcoalUser\n|j|\u2606theo3426\n|t:|1700586563\n|gametype|singles\n|player|p1|CharcoalUser|burglar|1023\n|player|p2|theo3426|ghetsis|1016\n|teamsize|p1|6\n|teamsize|p2|6\n|gen|9\n|tier|[Gen 9] OU\n|rated|\n|rule|Sleep Clause Mod: Limit one foe put to sleep\n|rule|Species Clause: Limit one of each Pok\u00e9mon\n|rule|OHKO Clause: OHKO moves are banned\n|rule|Evasion Items Clause: Evasion items are banned\n|rule|Evasion Moves Clause: Evasion moves are banned\n|rule|Endless Battle Clause: Forcing endless battles is banned\n|rule|HP Percentage Mod: HP is shown in percentages\n|clearpoke\n|poke|p1|Alomomola, F|\n|poke|p1|Great Tusk|\n|poke|p1|Ting-Lu|\n|poke|p1|Rillaboom, F|\n|poke|p1|Dragonite, F|\n|poke|p1|Gholdengo|\n|poke|p2|Cinderace, M|\n|poke|p2|Ogerpon-Wellspring, F|\n|poke|p2|Kingambit, F|\n|poke|p2|Landorus-Therian, M|\n|poke|p2|Gholdengo|\n|poke|p2|Toxapex, F|\n|teampreview\n|\n|t:|1700586574\n|start\n|switch|p1a: Dragonite|Dragonite, F|100\/100\n|switch|p2a: Ogerpon|Ogerpon-Wellspring, F|100\/100\n|turn|1\n|\n|t:|1700586580\n|move|p2a: Ogerpon|Play Rough|p1a: Dragonite\n|-supereffective|p1a: Dragonite\n|-damage|p1a: Dragonite|68\/100\n|move|p1a: Dragonite|Thunder Wave|p2a: Ogerpon\n|-status|p2a: Ogerpon|par\n|\n|upkeep\n|turn|2\n|\n|t:|1700586589\n|move|p1a: Dragonite|Roost|p1a: Dragonite\n|-heal|p1a: Dragonite|100\/100\n|-singleturn|p1a: Dragonite|move: Roost\n|move|p2a: Ogerpon|Swords Dance|p2a: Ogerpon\n|-boost|p2a: Ogerpon|atk|2\n|\n|upkeep\n|turn|3\n|\n|t:|1700586599\n|move|p1a: Dragonite|Encore|p2a: Ogerpon\n|-start|p2a: Ogerpon|Encore\n|move|p2a: Ogerpon|Swords Dance|p2a: Ogerpon\n|-boost|p2a: Ogerpon|atk|2\n|\n|upkeep\n|turn|4\n|\n|t:|1700586606\n|cant|p2a: Ogerpon|par\n|move|p1a: Dragonite|Dragon Tail|p2a: Ogerpon\n|-damage|p2a: Ogerpon|64\/100 par\n|drag|p2a: Cinderace|Cinderace, M|100\/100\n|\n|upkeep\n|turn|5\n|\n|t:|1700586617\n|move|p2a: Cinderace|U-turn|p1a: Dragonite\n|-start|p2a: Cinderace|typechange|Bug|[from] ability: Libero\n|-resisted|p1a: Dragonite\n|-damage|p1a: Dragonite|93\/100\n|\n|t:|1700586627\n|switch|p2a: Toxapex|Toxapex, F|100\/100|[from] U-turn\n|move|p1a: Dragonite|Thunder Wave|p2a: Toxapex\n|-status|p2a: Toxapex|par\n|\n|upkeep\n|turn|6\n|\n|t:|1700586654\n|cant|p2a: Toxapex|par\n|move|p1a: Dragonite|Dragon Tail|p2a: Toxapex\n|-crit|p2a: Toxapex\n|-damage|p2a: Toxapex|75\/100 par\n|drag|p2a: Landorus|Landorus-Therian, M|100\/100\n|-ability|p2a: Landorus|Intimidate|boost\n|-unboost|p1a: Dragonite|atk|1\n|\n|upkeep\n|turn|7\n|\n|t:|1700586678\n|switch|p1a: Rillaboom|Rillaboom, F|100\/100\n|-fieldstart|move: Grassy Terrain|[from] ability: Grassy Surge|[of] p1a: Rillaboom\n|move|p2a: Landorus|Stone Edge|p1a: Rillaboom\n|-damage|p1a: Rillaboom|61\/100\n|\n|-heal|p1a: Rillaboom|67\/100|[from] Grassy Terrain\n|upkeep\n|turn|8\n|\n|t:|1700586693\n|switch|p2a: Cinderace|Cinderace, M|100\/100\n|move|p1a: Rillaboom|Knock Off|p2a: Cinderace\n|-damage|p2a: Cinderace|45\/100\n|-enditem|p2a: Cinderace|Heavy-Duty Boots|[from] move: Knock Off|[of] p1a: Rillaboom\n|\n|-heal|p2a: Cinderace|51\/100|[from] Grassy Terrain\n|-heal|p1a: Rillaboom|73\/100|[from] Grassy Terrain\n|upkeep\n|turn|9\n|\n|t:|1700586706\n|switch|p1a: Alomomola|Alomomola, F|100\/100\n|move|p2a: Cinderace|Pyro Ball|p1a: Alomomola\n|-resisted|p1a: Alomomola\n|-damage|p1a: Alomomola|86\/100\n|\n|-heal|p2a: Cinderace|57\/100|[from] Grassy Terrain\n|-heal|p1a: Alomomola|92\/100|[from] Grassy Terrain\n|upkeep\n|turn|10\n|\n|t:|1700586716\n|move|p2a: Cinderace|U-turn|p1a: Alomomola\n|-start|p2a: Cinderace|typechange|Bug|[from] ability: Libero\n|-damage|p1a: Alomomola|73\/100\n|\n|t:|1700586719\n|switch|p2a: Ogerpon|Ogerpon-Wellspring, F|64\/100 par|[from] U-turn\n|move|p1a: Alomomola|Wish|p1a: Alomomola\n|\n|-heal|p2a: Ogerpon|70\/100 par|[from] Grassy Terrain\n|-heal|p1a: Alomomola|80\/100|[from] Grassy Terrain\n|upkeep\n|turn|11\n|\n|t:|1700586733\n|switch|p1a: Gholdengo|Gholdengo|100\/100\n|move|p2a: Ogerpon|Swords Dance|p2a: Ogerpon\n|-boost|p2a: Ogerpon|atk|2\n|\n|-heal|p2a: Ogerpon|76\/100 par|[from] Grassy Terrain\n|upkeep\n|turn|12\n|\n|t:|1700586742\n|move|p1a: Gholdengo|Hex|p2a: Ogerpon\n|-damage|p2a: Ogerpon|0 fnt\n|faint|p2a: Ogerpon\n|\n|upkeep\n|\n|t:|1700586749\n|switch|p2a: Kingambit|Kingambit, F|100\/100\n|-activate|p2a: Kingambit|ability: Supreme Overlord\n|-start|p2a: Kingambit|fallen1|[silent]\n|turn|13\n|\n|t:|1700586760\n|switch|p1a: Ting-Lu|Ting-Lu|100\/100\n|-ability|p1a: Ting-Lu|Vessel of Ruin\n|move|p2a: Kingambit|Sucker Punch||[still]\n|-fail|p2a: Kingambit\n|\n|upkeep\n|turn|14\n|\n|t:|1700586770\n|-end|p2a: Kingambit|fallen1|[silent]\n|switch|p2a: Landorus|Landorus-Therian, M|100\/100\n|-ability|p2a: Landorus|Intimidate|boost\n|-unboost|p1a: Ting-Lu|atk|1\n|move|p1a: Ting-Lu|Stealth Rock|p2a: Landorus\n|-sidestart|p2: theo3426|move: Stealth Rock\n|\n|-fieldend|move: Grassy Terrain\n|upkeep\n|turn|15\n|\n|t:|1700586786\n|move|p2a: Landorus|Swords Dance|p2a: Landorus\n|-boost|p2a: Landorus|atk|2\n|move|p1a: Ting-Lu|Taunt|p2a: Landorus\n|-start|p2a: Landorus|move: Taunt\n|\n|upkeep\n|turn|16\n|\n|t:|1700586795\n|move|p2a: Landorus|Earthquake|p1a: Ting-Lu\n|-damage|p1a: Ting-Lu|54\/100\n|move|p1a: Ting-Lu|Whirlwind|p2a: Landorus\n|drag|p2a: Kingambit|Kingambit, F|100\/100\n|-damage|p2a: Kingambit|94\/100|[from] Stealth Rock\n|-activate|p2a: Kingambit|ability: Supreme Overlord\n|-start|p2a: Kingambit|fallen1|[silent]\n|\n|-heal|p1a: Ting-Lu|61\/100|[from] item: Leftovers\n|upkeep\n|turn|17\n|\n|t:|1700586809\n|-end|p2a: Kingambit|fallen1|[silent]\n|switch|p2a: Landorus|Landorus-Therian, M|100\/100\n|-damage|p2a: Landorus|88\/100|[from] Stealth Rock\n|-ability|p2a: Landorus|Intimidate|boost\n|-unboost|p1a: Ting-Lu|atk|1\n|move|p1a: Ting-Lu|Taunt|p2a: Landorus\n|-start|p2a: Landorus|move: Taunt\n|\n|-heal|p1a: Ting-Lu|67\/100|[from] item: Leftovers\n|upkeep\n|turn|18\n|\n|t:|1700586821\n|switch|p1a: Alomomola|Alomomola, F|100\/100\n|move|p2a: Landorus|Earthquake|p1a: Alomomola\n|-damage|p1a: Alomomola|69\/100\n|\n|upkeep\n|turn|19\n|\n|t:|1700586832\n|switch|p2a: Toxapex|Toxapex, F|100\/100 par\n|-damage|p2a: Toxapex|88\/100 par|[from] Stealth Rock\n|move|p1a: Alomomola|Scald|p2a: Toxapex\n|-resisted|p2a: Toxapex\n|-damage|p2a: Toxapex|82\/100 par\n|\n|-heal|p2a: Toxapex|88\/100 par|[from] item: Leftovers\n|upkeep\n|turn|20\n|\n|t:|1700586844\n|move|p1a: Alomomola|Wish|p1a: Alomomola\n|move|p2a: Toxapex|Toxic|p1a: Alomomola\n|-status|p1a: Alomomola|tox\n|\n|-heal|p2a: Toxapex|95\/100 par|[from] item: Leftovers\n|-damage|p1a: Alomomola|63\/100 tox|[from] psn\n|upkeep\n|turn|21\n|\n|t:|1700586859\n|switch|p1a: Gholdengo|Gholdengo|100\/100\n|move|p2a: Toxapex|Hydro Pump|p1a: Gholdengo\n|-damage|p1a: Gholdengo|75\/100\n|\n|-heal|p1a: Gholdengo|100\/100|[from] move: Wish|[wisher] Alomomola\n|-heal|p2a: Toxapex|100\/100 par|[from] item: Leftovers\n|upkeep\n|turn|22\n|\n|t:|1700586875\n|switch|p2a: Kingambit|Kingambit, F|94\/100\n|-damage|p2a: Kingambit|88\/100|[from] Stealth Rock\n|-activate|p2a: Kingambit|ability: Supreme Overlord\n|-start|p2a: Kingambit|fallen1|[silent]\n|move|p1a: Gholdengo|Focus Blast|p2a: Kingambit|[miss]\n|-miss|p1a: Gholdengo|p2a: Kingambit\n|\n|upkeep\n|turn|23\n|\n|t:|1700586886\n|switch|p1a: Great Tusk|Great Tusk|100\/100\n|move|p2a: Kingambit|Swords Dance|p2a: Kingambit\n|-boost|p2a: Kingambit|atk|2\n|\n|upkeep\n|turn|24\n|\n|t:|1700586909\n|move|p2a: Kingambit|Sucker Punch|p1a: Great Tusk\n|-resisted|p1a: Great Tusk\n|-damage|p1a: Great Tusk|60\/100\n|-damage|p2a: Kingambit|78\/100|[from] item: Life Orb\n|move|p1a: Great Tusk|Close Combat|p2a: Kingambit\n|-supereffective|p2a: Kingambit\n|-damage|p2a: Kingambit|0 fnt\n|-unboost|p1a: Great Tusk|def|1\n|-unboost|p1a: Great Tusk|spd|1\n|faint|p2a: Kingambit\n|-end|p2a: Kingambit|fallen1|[silent]\n|\n|upkeep\n|\n|t:|1700586928\n|switch|p2a: Landorus|Landorus-Therian, M|88\/100\n|-damage|p2a: Landorus|76\/100|[from] Stealth Rock\n|-ability|p2a: Landorus|Intimidate|boost\n|-unboost|p1a: Great Tusk|atk|1\n|turn|25\n|\n|t:|1700586935\n|-end|p1a: Great Tusk|Protosynthesis|[silent]\n|switch|p1a: Alomomola|Alomomola, F|96\/100 tox\n|move|p2a: Landorus|Earthquake|p1a: Alomomola\n|-crit|p1a: Alomomola\n|-damage|p1a: Alomomola|51\/100 tox\n|\n|-damage|p1a: Alomomola|45\/100 tox|[from] psn\n|upkeep\n|turn|26\n|\n|t:|1700586949\n|move|p2a: Landorus|U-turn|p1a: Alomomola\n|-damage|p1a: Alomomola|32\/100 tox\n|\n|t:|1700586952\n|switch|p2a: Toxapex|Toxapex, F|100\/100 par|[from] U-turn\n|-damage|p2a: Toxapex|88\/100 par|[from] Stealth Rock\n|move|p1a: Alomomola|Flip Turn|p2a: Toxapex\n|-resisted|p2a: Toxapex\n|-damage|p2a: Toxapex|84\/100 par\n|\n|t:|1700586959\n|switch|p1a: Rillaboom|Rillaboom, F|73\/100|[from] Flip Turn\n|-fieldstart|move: Grassy Terrain|[from] ability: Grassy Surge|[of] p1a: Rillaboom\n|\n|-heal|p1a: Rillaboom|79\/100|[from] Grassy Terrain\n|-heal|p2a: Toxapex|90\/100 par|[from] Grassy Terrain\n|-heal|p2a: Toxapex|96\/100 par|[from] item: Leftovers\n|upkeep\n|turn|27\n|\n|t:|1700586971\n|move|p2a: Toxapex|Baneful Bunker|p2a: Toxapex\n|-singleturn|p2a: Toxapex|move: Protect\n|move|p1a: Rillaboom|Knock Off|p2a: Toxapex\n|-activate|p2a: Toxapex|move: Protect\n|-status|p1a: Rillaboom|psn\n|\n|-heal|p1a: Rillaboom|85\/100 psn|[from] Grassy Terrain\n|-heal|p2a: Toxapex|100\/100 par|[from] Grassy Terrain\n|-damage|p1a: Rillaboom|73\/100 psn|[from] psn\n|upkeep\n|turn|28\n|\n|t:|1700586985\n|move|p1a: Rillaboom|Knock Off|p2a: Toxapex\n|-damage|p2a: Toxapex|77\/100 par\n|-enditem|p2a: Toxapex|Leftovers|[from] move: Knock Off|[of] p1a: Rillaboom\n|move|p2a: Toxapex|Ice Beam|p1a: Rillaboom\n|-supereffective|p1a: Rillaboom\n|-damage|p1a: Rillaboom|38\/100 psn\n|\n|-heal|p1a: Rillaboom|44\/100 psn|[from] Grassy Terrain\n|-heal|p2a: Toxapex|84\/100 par|[from] Grassy Terrain\n|-damage|p1a: Rillaboom|32\/100 psn|[from] psn\n|upkeep\n|turn|29\n|\n|t:|1700587002\n|switch|p1a: Gholdengo|Gholdengo|100\/100\n|switch|p2a: Landorus|Landorus-Therian, M|76\/100\n|-damage|p2a: Landorus|64\/100|[from] Stealth Rock\n|-ability|p2a: Landorus|Intimidate|boost\n|-unboost|p1a: Gholdengo|atk|1\n|\n|upkeep\n|turn|30\n|\n|t:|1700587017\n|-terastallize|p1a: Gholdengo|Ghost\n|move|p1a: Gholdengo|Hex|p2a: Landorus\n|-damage|p2a: Landorus|0 fnt\n|faint|p2a: Landorus\n|\n|upkeep\n|inactive|Battle timer is ON: inactive players will automatically lose when time's up. (requested by CharcoalUser)\n|\n|t:|1700587023\n|switch|p2a: Cinderace|Cinderace, M|57\/100\n|-damage|p2a: Cinderace|32\/100|[from] Stealth Rock\n|turn|31\n|\n|t:|1700587029\n|move|p1a: Gholdengo|Hex|p2a: Cinderace\n|-crit|p2a: Cinderace\n|-damage|p2a: Cinderace|0 fnt\n|faint|p2a: Cinderace\n|\n|upkeep\n|\n|t:|1700587034\n|switch|p2a: Gholdengo|Gholdengo|100\/100\n|-damage|p2a: Gholdengo|94\/100|[from] Stealth Rock\n|turn|32\n|\n|t:|1700587041\n|-terastallize|p2a: Gholdengo|Steel\n|move|p1a: Gholdengo|Hex|p2a: Gholdengo\n|-damage|p2a: Gholdengo|39\/100\n|move|p2a: Gholdengo|Shadow Ball|p1a: Gholdengo\n|-supereffective|p1a: Gholdengo\n|-damage|p1a: Gholdengo|0 fnt\n|faint|p1a: Gholdengo\n|\n|-heal|p2a: Gholdengo|45\/100|[from] Grassy Terrain\n|upkeep\n|\n|t:|1700587048\n|switch|p1a: Great Tusk|Great Tusk|60\/100\n|turn|33\n|\n|t:|1700587056\n|switch|p2a: Toxapex|Toxapex, F|100\/100 par\n|-damage|p2a: Toxapex|88\/100 par|[from] Stealth Rock\n|move|p1a: Great Tusk|Headlong Rush|p2a: Toxapex\n|-supereffective|p2a: Toxapex\n|-damage|p2a: Toxapex|11\/100 par\n|-unboost|p1a: Great Tusk|def|1\n|-unboost|p1a: Great Tusk|spd|1\n|\n|-heal|p1a: Great Tusk|66\/100|[from] Grassy Terrain\n|-heal|p2a: Toxapex|17\/100 par|[from] Grassy Terrain\n|-fieldend|move: Grassy Terrain\n|upkeep\n|turn|34\n|\n|t:|1700587070\n|switch|p2a: Gholdengo|Gholdengo, tera:Steel|45\/100\n|-damage|p2a: Gholdengo|39\/100|[from] Stealth Rock\n|move|p1a: Great Tusk|Headlong Rush|p2a: Gholdengo\n|-supereffective|p2a: Gholdengo\n|-damage|p2a: Gholdengo|0 fnt\n|-unboost|p1a: Great Tusk|def|1\n|-unboost|p1a: Great Tusk|spd|1\n|faint|p2a: Gholdengo\n|\n|upkeep\n|-message|theo3426 forfeited.\n|\n|win|CharcoalUser\n|raw|CharcoalUser's rating: 1023 &rarr; <strong>1059<\/strong><br \/>(+36 for winning)\n|raw|theo3426's rating: 1016 &rarr; <strong>1004<\/strong><br \/>(-12 for losing)\n|l|\u2606theo3426\n|c|\u2606CharcoalUser|Gg\n","uploadtime":1700587087,"views":1,"p1id":"charcoaluser","p2id":"theo3426","formatid":"gen9ou","rating":1004,"private":0,"password":""}