{"id":"gen9ou-1996462273","p1":"Monkey D.Pedro AAA","p2":"BananaGulper","format":"[Gen 9] OU","log":"|j|\u2606Monkey D.Pedro AAA\n|j|\u2606BananaGulper\n|t:|1700684353\n|gametype|singles\n|player|p1|Monkey D.Pedro AAA|101|1040\n|player|p2|BananaGulper|tuber|1000\n|teamsize|p1|6\n|teamsize|p2|6\n|gen|9\n|tier|[Gen 9] OU\n|rated|\n|rule|Sleep Clause Mod: Limit one foe put to sleep\n|rule|Species Clause: Limit one of each Pok\u00e9mon\n|rule|OHKO Clause: OHKO moves are banned\n|rule|Evasion Items Clause: Evasion items are banned\n|rule|Evasion Moves Clause: Evasion moves are banned\n|rule|Endless Battle Clause: Forcing endless battles is banned\n|rule|HP Percentage Mod: HP is shown in percentages\n|clearpoke\n|poke|p1|Quaquaval, F|\n|poke|p1|Maushold|\n|poke|p1|Ninetales-Alola, F|\n|poke|p1|Goodra-Hisui, M|\n|poke|p1|Sinistcha|\n|poke|p1|Toxapex, F|\n|poke|p2|Iron Moth|\n|poke|p2|Kommo-o, M|\n|poke|p2|Ninetales-Alola, F|\n|poke|p2|Hatterene, F|\n|poke|p2|Kingambit, F|\n|poke|p2|Great Tusk|\n|teampreview\n|\n|t:|1700684370\n|start\n|switch|p1a: Maushold|Maushold|100\/100\n|switch|p2a: Great Tusk|Great Tusk|100\/100\n|-enditem|p2a: Great Tusk|Booster Energy\n|-activate|p2a: Great Tusk|ability: Protosynthesis|[fromitem]\n|-start|p2a: Great Tusk|protosynthesisatk\n|turn|1\n|\n|t:|1700684382\n|move|p1a: Maushold|Population Bomb|p2a: Great Tusk\n|-damage|p2a: Great Tusk|92\/100\n|-damage|p2a: Great Tusk|85\/100\n|-damage|p2a: Great Tusk|77\/100\n|-damage|p2a: Great Tusk|68\/100\n|-damage|p2a: Great Tusk|60\/100\n|-damage|p2a: Great Tusk|51\/100\n|-damage|p2a: Great Tusk|42\/100\n|-hitcount|p2a: Great Tusk|7\n|move|p2a: Great Tusk|Bulk Up|p2a: Great Tusk\n|-boost|p2a: Great Tusk|atk|1\n|-boost|p2a: Great Tusk|def|1\n|\n|upkeep\n|turn|2\n|\n|t:|1700684404\n|move|p1a: Maushold|Bullet Seed|p2a: Great Tusk\n|-supereffective|p2a: Great Tusk\n|-damage|p2a: Great Tusk|33\/100\n|-supereffective|p2a: Great Tusk\n|-damage|p2a: Great Tusk|24\/100\n|-hitcount|p2a: Great Tusk|2\n|move|p2a: Great Tusk|Ice Spinner|p1a: Maushold\n|-damage|p1a: Maushold|16\/100\n|\n|upkeep\n|turn|3\n|\n|t:|1700684416\n|-end|p2a: Great Tusk|Protosynthesis|[silent]\n|switch|p2a: Ninetales|Ninetales-Alola, F|100\/100\n|-weather|Snow|[from] ability: Snow Warning|[of] p2a: Ninetales\n|move|p1a: Maushold|Population Bomb|p2a: Ninetales\n|-damage|p2a: Ninetales|92\/100\n|-damage|p2a: Ninetales|82\/100\n|-damage|p2a: Ninetales|72\/100\n|-damage|p2a: Ninetales|63\/100\n|-damage|p2a: Ninetales|54\/100\n|-damage|p2a: Ninetales|45\/100\n|-damage|p2a: Ninetales|35\/100\n|-damage|p2a: Ninetales|26\/100\n|-damage|p2a: Ninetales|18\/100\n|-damage|p2a: Ninetales|8\/100\n|-hitcount|p2a: Ninetales|10\n|\n|-weather|Snow|[upkeep]\n|upkeep\n|turn|4\n|\n|t:|1700684436\n|move|p1a: Maushold|Population Bomb|p2a: Ninetales\n|-damage|p2a: Ninetales|0 fnt\n|faint|p2a: Ninetales\n|-hitcount|p2: Ninetales|1\n|\n|-weather|Snow|[upkeep]\n|upkeep\n|\n|t:|1700684444\n|switch|p2a: Kommo-o|Kommo-o, M|100\/100\n|turn|5\n|\n|t:|1700684456\n|-terastallize|p1a: Maushold|Ghost\n|move|p1a: Maushold|Population Bomb|p2a: Kommo-o\n|-damage|p2a: Kommo-o|90\/100\n|-damage|p2a: Kommo-o|79\/100\n|-damage|p2a: Kommo-o|68\/100\n|-damage|p2a: Kommo-o|57\/100\n|-damage|p2a: Kommo-o|47\/100\n|-damage|p2a: Kommo-o|36\/100\n|-damage|p2a: Kommo-o|25\/100\n|-damage|p2a: Kommo-o|14\/100\n|-damage|p2a: Kommo-o|3\/100\n|-damage|p2a: Kommo-o|0 fnt\n|faint|p2a: Kommo-o\n|-hitcount|p2: Kommo-o|10\n|\n|-weather|Snow|[upkeep]\n|upkeep\n|-message|BananaGulper forfeited.\n|\n|win|Monkey D.Pedro AAA\n|raw|Monkey D.Pedro AAA's rating: 1040 &rarr; <strong>1070<\/strong><br \/>(+30 for winning)\n|raw|BananaGulper's rating: 1000 &rarr; <strong>1000<\/strong><br \/>(+0 for losing)\n|l|\u2606BananaGulper\n","uploadtime":1700684476,"views":0,"p1id":"monkeydpedroaaa","p2id":"bananagulper","formatid":"gen9ou","rating":1000,"private":0,"password":""}