{"id":"gen9ou-2000169472","p1":"Taitanium","p2":"bebizz","format":"[Gen 9] OU","log":"|j|\u2606Taitanium\n|j|\u2606bebizz\n|t:|1701166593\n|gametype|singles\n|player|p1|Taitanium|az|1247\n|player|p2|bebizz|169|1329\n|teamsize|p1|6\n|teamsize|p2|6\n|gen|9\n|tier|[Gen 9] OU\n|rated|\n|rule|Sleep Clause Mod: Limit one foe put to sleep\n|rule|Species Clause: Limit one of each Pok\u00e9mon\n|rule|OHKO Clause: OHKO moves are banned\n|rule|Evasion Items Clause: Evasion items are banned\n|rule|Evasion Moves Clause: Evasion moves are banned\n|rule|Endless Battle Clause: Forcing endless battles is banned\n|rule|HP Percentage Mod: HP is shown in percentages\n|clearpoke\n|poke|p1|Ribombee, F|\n|poke|p1|Garganacl, F|\n|poke|p1|Sandy Shocks|\n|poke|p1|Landorus-Therian, M|\n|poke|p1|Ogerpon-Wellspring, F|\n|poke|p1|Cresselia, F|\n|poke|p2|Garganacl, M|\n|poke|p2|Ceruledge, F|\n|poke|p2|Toedscruel, F|\n|poke|p2|Kingambit, F|\n|poke|p2|Cetitan, M|\n|poke|p2|Enamorus, F|\n|teampreview\n|inactive|Battle timer is ON: inactive players will automatically lose when time's up. (requested by bebizz)\n|\n|t:|1701166604\n|start\n|switch|p1a: Garganacl|Garganacl, F|100\/100\n|switch|p2a: Cetitan|Cetitan, M|100\/100\n|turn|1\n|\n|t:|1701166619\n|move|p2a: Cetitan|Belly Drum|p2a: Cetitan\n|-damage|p2a: Cetitan|50\/100\n|-setboost|p2a: Cetitan|atk|6|[from] move: Belly Drum\n|-enditem|p2a: Cetitan|Sitrus Berry|[eat]\n|-heal|p2a: Cetitan|75\/100|[from] item: Sitrus Berry\n|move|p1a: Garganacl|Stealth Rock|p2a: Cetitan\n|-sidestart|p2: bebizz|move: Stealth Rock\n|\n|upkeep\n|turn|2\n|\n|t:|1701166629\n|-terastallize|p1a: Garganacl|Water\n|move|p2a: Cetitan|Earthquake|p1a: Garganacl\n|-damage|p1a: Garganacl|21\/100\n|move|p1a: Garganacl|Salt Cure|p2a: Cetitan\n|-supereffective|p2a: Cetitan\n|-damage|p2a: Cetitan|52\/100\n|-start|p2a: Cetitan|Salt Cure\n|\n|-heal|p1a: Garganacl|27\/100|[from] item: Leftovers\n|-damage|p2a: Cetitan|39\/100|[from] Salt Cure\n|upkeep\n|turn|3\n|\n|t:|1701166639\n|move|p1a: Garganacl|Protect|p1a: Garganacl\n|-singleturn|p1a: Garganacl|Protect\n|move|p2a: Cetitan|Ice Shard|p1a: Garganacl\n|-activate|p1a: Garganacl|move: Protect\n|\n|-heal|p1a: Garganacl|33\/100|[from] item: Leftovers\n|-damage|p2a: Cetitan|27\/100|[from] Salt Cure\n|upkeep\n|turn|4\n|\n|t:|1701166659\n|move|p2a: Cetitan|Ice Shard|p1a: Garganacl\n|-resisted|p1a: Garganacl\n|-damage|p1a: Garganacl|9\/100\n|move|p1a: Garganacl|Salt Cure|p2a: Cetitan\n|-supereffective|p2a: Cetitan\n|-damage|p2a: Cetitan|2\/100\n|\n|-heal|p1a: Garganacl|15\/100|[from] item: Leftovers\n|-damage|p2a: Cetitan|0 fnt|[from] Salt Cure\n|faint|p2a: Cetitan\n|upkeep\n|\n|t:|1701166667\n|switch|p2a: Toedscruel|Toedscruel, F|100\/100\n|-damage|p2a: Toedscruel|94\/100|[from] Stealth Rock\n|turn|5\n|\n|t:|1701166672\n|move|p1a: Garganacl|Protect|p1a: Garganacl\n|-singleturn|p1a: Garganacl|Protect\n|move|p2a: Toedscruel|Rapid Spin|p1a: Garganacl\n|-activate|p1a: Garganacl|move: Protect\n|\n|-heal|p1a: Garganacl|22\/100|[from] item: Leftovers\n|upkeep\n|turn|6\n|\n|t:|1701166683\n|move|p2a: Toedscruel|Rapid Spin|p1a: Garganacl\n|-damage|p1a: Garganacl|16\/100\n|-boost|p2a: Toedscruel|spe|1\n|-sideend|p2: bebizz|Stealth Rock|[from] move: Rapid Spin|[of] p2a: Toedscruel\n|move|p1a: Garganacl|Salt Cure|p2a: Toedscruel\n|-resisted|p2a: Toedscruel\n|-crit|p2a: Toedscruel\n|-damage|p2a: Toedscruel|82\/100\n|-start|p2a: Toedscruel|Salt Cure\n|\n|-heal|p1a: Garganacl|23\/100|[from] item: Leftovers\n|-damage|p2a: Toedscruel|69\/100|[from] Salt Cure\n|upkeep\n|turn|7\n|\n|t:|1701166696\n|switch|p2a: Ceruledge|Ceruledge, F|100\/100\n|move|p1a: Garganacl|Stealth Rock|p2a: Ceruledge\n|-sidestart|p2: bebizz|move: Stealth Rock\n|\n|-heal|p1a: Garganacl|29\/100|[from] item: Leftovers\n|upkeep\n|turn|8\n|\n|t:|1701166714\n|move|p1a: Garganacl|Protect|p1a: Garganacl\n|-singleturn|p1a: Garganacl|Protect\n|move|p2a: Ceruledge|Poltergeist|p1a: Garganacl\n|-activate|p1a: Garganacl|move: Protect\n|\n|-heal|p1a: Garganacl|35\/100|[from] item: Leftovers\n|upkeep\n|turn|9\n|\n|t:|1701166727\n|move|p2a: Ceruledge|Poltergeist|p1a: Garganacl\n|-activate|p1a: Garganacl|move: Poltergeist|Leftovers\n|-damage|p1a: Garganacl|19\/100\n|move|p1a: Garganacl|Salt Cure|p2a: Ceruledge\n|-supereffective|p2a: Ceruledge\n|-damage|p2a: Ceruledge|64\/100\n|-start|p2a: Ceruledge|Salt Cure\n|-ability|p2a: Ceruledge|Weak Armor|boost\n|-unboost|p2a: Ceruledge|def|1\n|-boost|p2a: Ceruledge|spe|2\n|\n|-heal|p1a: Garganacl|25\/100|[from] item: Leftovers\n|-damage|p2a: Ceruledge|51\/100|[from] Salt Cure\n|upkeep\n|turn|10\n|\n|t:|1701166748\n|move|p2a: Ceruledge|Swords Dance|p2a: Ceruledge\n|-boost|p2a: Ceruledge|atk|2\n|move|p1a: Garganacl|Salt Cure|p2a: Ceruledge\n|-supereffective|p2a: Ceruledge\n|-damage|p2a: Ceruledge|0 fnt\n|faint|p2a: Ceruledge\n|\n|-heal|p1a: Garganacl|31\/100|[from] item: Leftovers\n|upkeep\n|\n|t:|1701166756\n|switch|p2a: Enamorus|Enamorus, F|100\/100\n|-damage|p2a: Enamorus|76\/100|[from] Stealth Rock\n|turn|11\n|\n|t:|1701166762\n|move|p1a: Garganacl|Protect|p1a: Garganacl\n|-singleturn|p1a: Garganacl|Protect\n|move|p2a: Enamorus|Moonblast|p1a: Garganacl\n|-activate|p1a: Garganacl|move: Protect\n|\n|-heal|p1a: Garganacl|38\/100|[from] item: Leftovers\n|upkeep\n|turn|12\n|\n|t:|1701166780\n|switch|p1a: Cresselia|Cresselia, F|100\/100\n|move|p2a: Enamorus|Moonblast|p1a: Cresselia\n|-damage|p1a: Cresselia|60\/100\n|\n|-heal|p1a: Cresselia|66\/100|[from] item: Leftovers\n|upkeep\n|turn|13\n|-message|bebizz forfeited.\n|\n|win|Taitanium\n|raw|Taitanium's rating: 1247 &rarr; <strong>1278<\/strong><br \/>(+31 for winning)\n|raw|bebizz's rating: 1329 &rarr; <strong>1304<\/strong><br \/>(-25 for losing)\n|l|\u2606bebizz\n","uploadtime":1701166793,"views":10,"p1id":"taitanium","p2id":"bebizz","formatid":"gen9ou","rating":1278,"private":0,"password":""}