{"id":"gen9ou-1991674162","p1":"wdytyaia","p2":"Raaja2811","format":"[Gen 9] OU","log":"|j|\u2606wdytyaia\n|j|\u2606Raaja2811\n|t:|1700101182\n|gametype|singles\n|player|p1|wdytyaia|irida|1000\n|player|p2|Raaja2811|swimmer-gen4dp|1042\n|teamsize|p1|6\n|teamsize|p2|6\n|gen|9\n|tier|[Gen 9] OU\n|rated|\n|rule|Sleep Clause Mod: Limit one foe put to sleep\n|rule|Species Clause: Limit one of each Pok\u00e9mon\n|rule|OHKO Clause: OHKO moves are banned\n|rule|Evasion Items Clause: Evasion items are banned\n|rule|Evasion Moves Clause: Evasion moves are banned\n|rule|Endless Battle Clause: Forcing endless battles is banned\n|rule|HP Percentage Mod: HP is shown in percentages\n|clearpoke\n|poke|p1|Pelipper, M|\n|poke|p1|Crawdaunt, F|\n|poke|p1|Barraskewda, M|\n|poke|p1|Rillaboom, M|\n|poke|p1|Corviknight, M|\n|poke|p1|Gholdengo|\n|poke|p2|Hydreigon, F|\n|poke|p2|Hawlucha, F|\n|poke|p2|Great Tusk|\n|poke|p2|Charizard, M|\n|poke|p2|Slowking-Galar, F|\n|poke|p2|Yanmega, M|\n|teampreview\n|\n|t:|1700101197\n|start\n|switch|p1a: Pelipper|Pelipper, M|100\/100\n|switch|p2a: Hydreigon|Hydreigon, F|100\/100\n|-weather|RainDance|[from] ability: Drizzle|[of] p1a: Pelipper\n|turn|1\n|\n|t:|1700101207\n|move|p2a: Hydreigon|Nasty Plot|p2a: Hydreigon\n|-boost|p2a: Hydreigon|spa|2\n|move|p1a: Pelipper|U-turn|p2a: Hydreigon\n|-supereffective|p2a: Hydreigon\n|-damage|p2a: Hydreigon|78\/100\n|\n|t:|1700101238\n|switch|p1a: Corviknight|Corviknight, M|100\/100|[from] U-turn\n|-ability|p1a: Corviknight|Pressure\n|\n|-weather|RainDance|[upkeep]\n|-heal|p2a: Hydreigon|84\/100|[from] item: Leftovers\n|upkeep\n|turn|2\n|\n|t:|1700101250\n|-terastallize|p2a: Hydreigon|Steel\n|move|p2a: Hydreigon|Nasty Plot|p2a: Hydreigon\n|-boost|p2a: Hydreigon|spa|2\n|move|p1a: Corviknight|Body Press|p2a: Hydreigon\n|-supereffective|p2a: Hydreigon\n|-damage|p2a: Hydreigon|43\/100\n|\n|-weather|RainDance|[upkeep]\n|-heal|p2a: Hydreigon|49\/100|[from] item: Leftovers\n|upkeep\n|turn|3\n|\n|t:|1700101263\n|move|p2a: Hydreigon|Dark Pulse|p1a: Corviknight\n|-damage|p1a: Corviknight|17\/100\n|move|p1a: Corviknight|Body Press|p2a: Hydreigon\n|-supereffective|p2a: Hydreigon\n|-damage|p2a: Hydreigon|2\/100\n|\n|-weather|RainDance|[upkeep]\n|-heal|p2a: Hydreigon|8\/100|[from] item: Leftovers\n|-heal|p1a: Corviknight|23\/100|[from] item: Leftovers\n|upkeep\n|turn|4\n|inactive|Battle timer is ON: inactive players will automatically lose when time's up. (requested by wdytyaia)\n|\n|t:|1700101274\n|move|p2a: Hydreigon|Dark Pulse|p1a: Corviknight\n|-damage|p1a: Corviknight|0 fnt\n|faint|p1a: Corviknight\n|\n|-weather|RainDance|[upkeep]\n|-heal|p2a: Hydreigon|14\/100|[from] item: Leftovers\n|upkeep\n|\n|t:|1700101285\n|switch|p1a: Barraskewda|Barraskewda, M|100\/100\n|turn|5\n|\n|t:|1700101291\n|move|p1a: Barraskewda|Flip Turn|p2a: Hydreigon\n|-damage|p2a: Hydreigon|0 fnt\n|faint|p2a: Hydreigon\n|\n|t:|1700101309\n|switch|p1a: Rillaboom|Rillaboom, M|100\/100|[from] Flip Turn\n|-fieldstart|move: Grassy Terrain|[from] ability: Grassy Surge|[of] p1a: Rillaboom\n|\n|-weather|none\n|upkeep\n|\n|t:|1700101319\n|switch|p2a: Yanmega|Yanmega, M, shiny|100\/100\n|turn|6\n|\n|t:|1700101328\n|switch|p1a: Gholdengo|Gholdengo|100\/100\n|move|p2a: Yanmega|Protect||[still]\n|-fail|p2a: Yanmega\n|\n|-ability|p2a: Yanmega|Speed Boost|boost\n|-boost|p2a: Yanmega|spe|1\n|upkeep\n|turn|7\n|\n|t:|1700101344\n|move|p2a: Yanmega|Ancient Power|p1a: Gholdengo\n|-resisted|p1a: Gholdengo\n|-damage|p1a: Gholdengo|88\/100\n|move|p1a: Gholdengo|Nasty Plot|p1a: Gholdengo\n|-boost|p1a: Gholdengo|spa|2\n|\n|-heal|p1a: Gholdengo|94\/100|[from] Grassy Terrain\n|-heal|p1a: Gholdengo|100\/100|[from] item: Leftovers\n|-ability|p2a: Yanmega|Speed Boost|boost\n|-boost|p2a: Yanmega|spe|1\n|upkeep\n|turn|8\n|inactive|Raaja2811 has 120 seconds left.\n|\n|t:|1700101378\n|switch|p2a: Great Tusk|Great Tusk|100\/100\n|move|p1a: Gholdengo|Make It Rain|p2a: Great Tusk\n|-damage|p2a: Great Tusk|0 fnt\n|-unboost|p1a: Gholdengo|spa|1\n|faint|p2a: Great Tusk\n|-end|p2a: Great Tusk|Protosynthesis|[silent]\n|\n|upkeep\n|\n|t:|1700101401\n|switch|p2a: Yanmega|Yanmega, M, shiny|100\/100\n|turn|9\n|inactive|wdytyaia has 120 seconds left.\n|\n|t:|1700101437\n|move|p2a: Yanmega|Protect|p2a: Yanmega\n|-singleturn|p2a: Yanmega|Protect\n|move|p1a: Gholdengo|Make It Rain|p2a: Yanmega\n|-activate|p2a: Yanmega|move: Protect\n|\n|-fieldend|move: Grassy Terrain\n|-ability|p2a: Yanmega|Speed Boost|boost\n|-boost|p2a: Yanmega|spe|1\n|upkeep\n|turn|10\n|\n|t:|1700101448\n|move|p2a: Yanmega|Bug Buzz|p1a: Gholdengo\n|-resisted|p1a: Gholdengo\n|-damage|p1a: Gholdengo|86\/100\n|move|p1a: Gholdengo|Make It Rain|p2a: Yanmega\n|-crit|p2a: Yanmega\n|-enditem|p2a: Yanmega|Focus Sash\n|-damage|p2a: Yanmega|1\/100\n|-unboost|p1a: Gholdengo|spa|1\n|\n|-heal|p1a: Gholdengo|92\/100|[from] item: Leftovers\n|-ability|p2a: Yanmega|Speed Boost|boost\n|-boost|p2a: Yanmega|spe|1\n|upkeep\n|turn|11\n|\n|t:|1700101468\n|move|p2a: Yanmega|Giga Drain|p1a: Gholdengo\n|-resisted|p1a: Gholdengo\n|-damage|p1a: Gholdengo|78\/100\n|-heal|p2a: Yanmega|8\/100|[from] drain|[of] p1a: Gholdengo\n|move|p1a: Gholdengo|Nasty Plot|p1a: Gholdengo\n|-boost|p1a: Gholdengo|spa|2\n|\n|-heal|p1a: Gholdengo|84\/100|[from] item: Leftovers\n|-ability|p2a: Yanmega|Speed Boost|boost\n|-boost|p2a: Yanmega|spe|1\n|upkeep\n|turn|12\n|inactive|Raaja2811 has 90 seconds left.\n|\n|t:|1700101495\n|move|p2a: Yanmega|Bug Buzz|p1a: Gholdengo\n|-resisted|p1a: Gholdengo\n|-damage|p1a: Gholdengo|70\/100\n|move|p1a: Gholdengo|Shadow Ball|p2a: Yanmega\n|-damage|p2a: Yanmega|0 fnt\n|faint|p2a: Yanmega\n|\n|-heal|p1a: Gholdengo|76\/100|[from] item: Leftovers\n|upkeep\n|inactive|Raaja2811 has 90 seconds left.\n|\n|t:|1700101506\n|switch|p2a: Charizard|Charizard, M, shiny|100\/100\n|turn|13\n|\n|t:|1700101516\n|switch|p1a: Pelipper|Pelipper, M|100\/100\n|-weather|RainDance|[from] ability: Drizzle|[of] p1a: Pelipper\n|move|p2a: Charizard|Flamethrower|p1a: Pelipper\n|-resisted|p1a: Pelipper\n|-damage|p1a: Pelipper|89\/100\n|\n|-weather|RainDance|[upkeep]\n|upkeep\n|turn|14\n|inactive|Raaja2811 has 90 seconds left.\n|\n|t:|1700101531\n|move|p2a: Charizard|Solar Beam||[still]\n|-prepare|p2a: Charizard|Solar Beam\n|move|p1a: Pelipper|U-turn|p2a: Charizard\n|-resisted|p2a: Charizard\n|-damage|p2a: Charizard|97\/100\n|\n|t:|1700101543\n|switch|p1a: Crawdaunt|Crawdaunt, F|100\/100|[from] U-turn\n|\n|-weather|RainDance|[upkeep]\n|upkeep\n|turn|15\n|\n|t:|1700101549\n|move|p2a: Charizard|Solar Beam|p1a: Crawdaunt|[from]lockedmove\n|-supereffective|p1a: Crawdaunt\n|-damage|p1a: Crawdaunt|27\/100\n|move|p1a: Crawdaunt|Swords Dance|p1a: Crawdaunt\n|-boost|p1a: Crawdaunt|atk|2\n|\n|-weather|RainDance|[upkeep]\n|upkeep\n|turn|16\n|\n|t:|1700101564\n|move|p1a: Crawdaunt|Aqua Jet|p2a: Charizard\n|-supereffective|p2a: Charizard\n|-damage|p2a: Charizard|0 fnt\n|faint|p2a: Charizard\n|\n|-weather|RainDance|[upkeep]\n|upkeep\n|\n|t:|1700101573\n|switch|p2a: Hawlucha|Hawlucha, F|100\/100\n|turn|17\n|\n|t:|1700101581\n|move|p1a: Crawdaunt|Aqua Jet|p2a: Hawlucha\n|-damage|p2a: Hawlucha|0 fnt\n|faint|p2a: Hawlucha\n|\n|-weather|none\n|upkeep\n|\n|t:|1700101587\n|switch|p2a: Slowking|Slowking-Galar, F|100\/100\n|turn|18\n|\n|t:|1700101596\n|move|p1a: Crawdaunt|Knock Off|p2a: Slowking\n|-supereffective|p2a: Slowking\n|-damage|p2a: Slowking|0 fnt\n|-damage|p1a: Crawdaunt|11\/100|[from] item: Rocky Helmet|[of] p2a: Slowking\n|-enditem|p2a: Slowking|Rocky Helmet|[from] move: Knock Off|[of] p1a: Crawdaunt\n|faint|p2a: Slowking\n|\n|win|wdytyaia\n|raw|wdytyaia's rating: 1000 &rarr; <strong>1045<\/strong><br \/>(+45 for winning)\n|raw|Raaja2811's rating: 1042 &rarr; <strong>1024<\/strong><br \/>(-18 for losing)\n","uploadtime":1700101601,"views":7,"p1id":"wdytyaia","p2id":"raaja2811","formatid":"gen9ou","rating":1024,"private":0,"password":""}