{"id":"gen9ou-1992087439","p1":"shromlik","p2":"dddddannyboy","format":"[Gen 9] OU","log":"|j|\u2606shromlik\n|j|\u203ddddddannyboy\n|t:|1700154008\n|gametype|singles\n|player|p1|shromlik|170|1111\n|player|p2|dddddannyboy|cynthia|1176\n|teamsize|p1|6\n|teamsize|p2|6\n|gen|9\n|tier|[Gen 9] OU\n|rated|\n|rule|Sleep Clause Mod: Limit one foe put to sleep\n|rule|Species Clause: Limit one of each Pok\u00e9mon\n|rule|OHKO Clause: OHKO moves are banned\n|rule|Evasion Items Clause: Evasion items are banned\n|rule|Evasion Moves Clause: Evasion moves are banned\n|rule|Endless Battle Clause: Forcing endless battles is banned\n|rule|HP Percentage Mod: HP is shown in percentages\n|clearpoke\n|poke|p1|Lucario, F|\n|poke|p1|Staraptor, M|\n|poke|p1|Primeape, F|\n|poke|p1|Basculin, M|\n|poke|p1|Veluza, F|\n|poke|p1|Kingambit, M|\n|poke|p2|Ribombee, F|\n|poke|p2|Gholdengo|\n|poke|p2|Manaphy|\n|poke|p2|Great Tusk|\n|poke|p2|Kingambit, F|\n|poke|p2|Iron Moth|\n|teampreview\n|inactive|Battle timer is ON: inactive players will automatically lose when time's up. (requested by shromlik)\n|\n|t:|1700154012\n|start\n|switch|p1a: One|Lucario, F|100\/100\n|switch|p2a: Ribombee|Ribombee, F|100\/100\n|turn|1\n|\n|t:|1700154016\n|move|p1a: One|Final Gambit|p2a: Ribombee\n|-enditem|p2a: Ribombee|Focus Sash\n|-damage|p2a: Ribombee|1\/100\n|faint|p1a: One\n|move|p2a: Ribombee|Sticky Web|p1: One\n|-sidestart|p1: shromlik|move: Sticky Web\n|\n|upkeep\n|\n|t:|1700154019\n|switch|p1a: Two|Staraptor, M|100\/100\n|-ability|p1a: Two|Intimidate|boost\n|-unboost|p2a: Ribombee|atk|1\n|turn|2\n|\n|t:|1700154027\n|move|p1a: Two|Brave Bird|p2a: Ribombee\n|-supereffective|p2a: Ribombee\n|-damage|p2a: Ribombee|0 fnt\n|faint|p2a: Ribombee\n|-damage|p1a: Two|99\/100|[from] Recoil\n|\n|upkeep\n|\n|t:|1700154036\n|switch|p2a: Gholdengo|Gholdengo|100\/100\n|-item|p2a: Gholdengo|Air Balloon\n|turn|3\n|\n|t:|1700154041\n|move|p1a: Two|Brave Bird|p2a: Gholdengo\n|-resisted|p2a: Gholdengo\n|-damage|p2a: Gholdengo|76\/100\n|-enditem|p2a: Gholdengo|Air Balloon\n|-damage|p1a: Two|93\/100|[from] Recoil\n|move|p2a: Gholdengo|Nasty Plot|p2a: Gholdengo\n|-boost|p2a: Gholdengo|spa|2\n|\n|upkeep\n|turn|4\n|\n|t:|1700154045\n|move|p1a: Two|Brave Bird|p2a: Gholdengo\n|-resisted|p2a: Gholdengo\n|-damage|p2a: Gholdengo|52\/100\n|-damage|p1a: Two|87\/100|[from] Recoil\n|move|p2a: Gholdengo|Shadow Ball|p1a: Two\n|-immune|p1a: Two\n|\n|upkeep\n|turn|5\n|\n|t:|1700154049\n|move|p1a: Two|Brave Bird|p2a: Gholdengo\n|-resisted|p2a: Gholdengo\n|-damage|p2a: Gholdengo|29\/100\n|-damage|p1a: Two|80\/100|[from] Recoil\n|move|p2a: Gholdengo|Make It Rain|p1a: Two\n|-damage|p1a: Two|0 fnt\n|-unboost|p2a: Gholdengo|spa|1\n|faint|p1a: Two\n|\n|upkeep\n|\n|t:|1700154062\n|switch|p1a: Four|Basculin, M|100\/100\n|-activate|p1a: Four|move: Sticky Web\n|-unboost|p1a: Four|spe|1\n|-ability|p1a: Four|Mold Breaker\n|turn|6\n|\n|t:|1700154066\n|move|p1a: Four|Crunch|p2a: Gholdengo\n|-supereffective|p2a: Gholdengo\n|-damage|p2a: Gholdengo|0 fnt\n|faint|p2a: Gholdengo\n|\n|upkeep\n|\n|t:|1700154085\n|switch|p2a: Great Tusk|Great Tusk|100\/100\n|turn|7\n|\n|t:|1700154088\n|switch|p1a: Five|Veluza, F|100\/100\n|-activate|p1a: Five|move: Sticky Web\n|-unboost|p1a: Five|spe|1\n|-ability|p1a: Five|Mold Breaker\n|move|p2a: Great Tusk|Bulk Up|p2a: Great Tusk\n|-boost|p2a: Great Tusk|atk|1\n|-boost|p2a: Great Tusk|def|1\n|\n|upkeep\n|turn|8\n|\n|t:|1700154096\n|-terastallize|p2a: Great Tusk|Electric\n|move|p2a: Great Tusk|Earthquake|p1a: Five\n|-damage|p1a: Five|7\/100\n|move|p1a: Five|Final Gambit|p2a: Great Tusk\n|-damage|p2a: Great Tusk|94\/100\n|faint|p1a: Five\n|\n|-heal|p2a: Great Tusk|99\/100|[from] item: Leftovers\n|upkeep\n|\n|t:|1700154102\n|switch|p1a: Four|Basculin, M|100\/100\n|-activate|p1a: Four|move: Sticky Web\n|-unboost|p1a: Four|spe|1\n|-ability|p1a: Four|Mold Breaker\n|turn|9\n|inactive|dddddannyboy has 120 seconds left.\n|\n|t:|1700154139\n|move|p1a: Four|Final Gambit|p2a: Great Tusk\n|-damage|p2a: Great Tusk|8\/100\n|faint|p1a: Four\n|move|p2a: Great Tusk|Close Combat|p1: Four|[notarget]\n|-fail|p2a: Great Tusk\n|\n|-heal|p2a: Great Tusk|14\/100|[from] item: Leftovers\n|upkeep\n|\n|t:|1700154142\n|switch|p1a: Three|Primeape, F|100\/100\n|-activate|p1a: Three|move: Sticky Web\n|-unboost|p1a: Three|spe|1\n|-ability|p1a: Three|Defiant|boost\n|-boost|p1a: Three|atk|2\n|turn|10\n|\n|t:|1700154147\n|move|p1a: Three|Final Gambit|p2a: Great Tusk\n|-damage|p2a: Great Tusk|0 fnt\n|faint|p1a: Three\n|faint|p2a: Great Tusk\n|-end|p2a: Great Tusk|Protosynthesis|[silent]\n|\n|upkeep\n|\n|t:|1700154151\n|switch|p1a: The Final Gambit|Kingambit, M, shiny|100\/100\n|switch|p2a: Iron Moth|Iron Moth|100\/100\n|-activate|p1a: The Final Gambit|move: Sticky Web\n|-unboost|p1a: The Final Gambit|spe|1\n|-activate|p1a: The Final Gambit|ability: Supreme Overlord\n|-start|p1a: The Final Gambit|fallen5|[silent]\n|-enditem|p2a: Iron Moth|Booster Energy\n|-activate|p2a: Iron Moth|ability: Quark Drive|[fromitem]\n|-start|p2a: Iron Moth|quarkdrivespe\n|turn|11\n|\n|t:|1700154159\n|-terastallize|p1a: The Final Gambit|Flying\n|move|p1a: The Final Gambit|Sucker Punch|p2a: Iron Moth\n|-crit|p2a: Iron Moth\n|-damage|p2a: Iron Moth|0 fnt\n|faint|p2a: Iron Moth\n|-end|p2a: Iron Moth|Quark Drive|[silent]\n|\n|upkeep\n|\n|t:|1700154165\n|switch|p2a: Manaphy|Manaphy|100\/100\n|turn|12\n|\n|t:|1700154169\n|move|p2a: Manaphy|Tail Glow|p2a: Manaphy\n|-boost|p2a: Manaphy|spa|3\n|move|p1a: The Final Gambit|Kowtow Cleave|p2a: Manaphy\n|-damage|p2a: Manaphy|29\/100\n|\n|-heal|p2a: Manaphy|35\/100|[from] item: Leftovers\n|upkeep\n|turn|13\n|\n|t:|1700154177\n|move|p1a: The Final Gambit|Sucker Punch||[still]\n|-fail|p1a: The Final Gambit\n|move|p2a: Manaphy|Tail Glow|p2a: Manaphy\n|-boost|p2a: Manaphy|spa|3\n|\n|-heal|p2a: Manaphy|41\/100|[from] item: Leftovers\n|upkeep\n|turn|14\n|\n|t:|1700154180\n|move|p1a: The Final Gambit|Sucker Punch|p2a: Manaphy\n|-damage|p2a: Manaphy|0 fnt\n|faint|p2a: Manaphy\n|\n|upkeep\n|\n|t:|1700154182\n|switch|p2a: Kingambit|Kingambit, F|100\/100\n|-activate|p2a: Kingambit|ability: Supreme Overlord\n|-start|p2a: Kingambit|fallen5|[silent]\n|turn|15\n|\n|t:|1700154192\n|move|p2a: Kingambit|Kowtow Cleave|p1a: The Final Gambit\n|-damage|p1a: The Final Gambit|50\/100\n|move|p1a: The Final Gambit|Low Kick|p2a: Kingambit\n|-supereffective|p2a: Kingambit\n|-damage|p2a: Kingambit|0 fnt\n|faint|p2a: Kingambit\n|-end|p2a: Kingambit|fallen5|[silent]\n|\n|win|shromlik\n|raw|shromlik's rating: 1111 &rarr; <strong>1141<\/strong><br \/>(+30 for winning)\n|raw|dddddannyboy's rating: 1176 &rarr; <strong>1146<\/strong><br \/>(-30 for losing)\n|c|\u2606shromlik|gg ez\n|l|\u2606shromlik\n","uploadtime":1700154249,"views":13,"p1id":"shromlik","p2id":"dddddannyboy","formatid":"gen9ou","rating":1141,"private":0,"password":""}