{"id":"gen9ou-1991919548","p1":"Mayooper","p2":"GoalGoatGo","format":"[Gen 9] OU","log":"|j|\u2606Mayooper\n|j|\u2606GoalGoatGo\n|t:|1700138201\n|gametype|singles\n|player|p1|Mayooper|pokefan|1246\n|player|p2|GoalGoatGo|170|1215\n|teamsize|p1|6\n|teamsize|p2|6\n|gen|9\n|tier|[Gen 9] OU\n|rated|\n|rule|Sleep Clause Mod: Limit one foe put to sleep\n|rule|Species Clause: Limit one of each Pok\u00e9mon\n|rule|OHKO Clause: OHKO moves are banned\n|rule|Evasion Items Clause: Evasion items are banned\n|rule|Evasion Moves Clause: Evasion moves are banned\n|rule|Endless Battle Clause: Forcing endless battles is banned\n|rule|HP Percentage Mod: HP is shown in percentages\n|clearpoke\n|poke|p1|Clefable, F|\n|poke|p1|Gengar, F|\n|poke|p1|Dragonite, M|\n|poke|p1|Slowbro, M|\n|poke|p1|Vaporeon, M|\n|poke|p1|Poliwrath, M|\n|poke|p2|Kingambit, M|\n|poke|p2|Samurott-Hisui, F|\n|poke|p2|Iron Valiant|\n|poke|p2|Iron Moth|\n|poke|p2|Dragapult, F|\n|poke|p2|Corviknight, M|\n|teampreview\n|inactive|Battle timer is ON: inactive players will automatically lose when time's up. (requested by Mayooper)\n|\n|t:|1700138212\n|start\n|switch|p1a: Poliwrath|Poliwrath, M|100\/100\n|switch|p2a: Samurott|Samurott-Hisui, F|100\/100\n|turn|1\n|\n|t:|1700138233\n|switch|p2a: Corviknight|Corviknight, M|100\/100\n|-ability|p2a: Corviknight|Pressure\n|move|p1a: Poliwrath|Drain Punch|p2a: Corviknight\n|-damage|p2a: Corviknight|77\/100\n|-damage|p1a: Poliwrath|84\/100|[from] item: Rocky Helmet|[of] p2a: Corviknight\n|\n|upkeep\n|turn|2\n|\n|t:|1700138245\n|switch|p1a: Slowbro|Slowbro, M|100\/100\n|move|p2a: Corviknight|Brave Bird|p1a: Slowbro\n|-crit|p1a: Slowbro\n|-damage|p1a: Slowbro|68\/100\n|-damage|p2a: Corviknight|60\/100|[from] item: Rocky Helmet|[of] p1a: Slowbro\n|-damage|p2a: Corviknight|50\/100|[from] Recoil\n|\n|upkeep\n|turn|3\n|\n|t:|1700138257\n|move|p2a: Corviknight|Roost|p2a: Corviknight\n|-heal|p2a: Corviknight|99\/100\n|-singleturn|p2a: Corviknight|move: Roost\n|move|p1a: Slowbro|Future Sight|p2a: Corviknight\n|-start|p1a: Slowbro|move: Future Sight\n|\n|upkeep\n|turn|4\n|\n|t:|1700138264\n|move|p2a: Corviknight|U-turn|p1a: Slowbro\n|-supereffective|p1a: Slowbro\n|-damage|p1a: Slowbro|51\/100\n|-damage|p2a: Corviknight|83\/100|[from] item: Rocky Helmet|[of] p1a: Slowbro\n|\n|t:|1700138273\n|switch|p2a: Samurott|Samurott-Hisui, F|100\/100|[from] U-turn\n|move|p1a: Slowbro|Scald|p2a: Samurott\n|-resisted|p2a: Samurott\n|-damage|p2a: Samurott|80\/100\n|\n|upkeep\n|turn|5\n|\n|t:|1700138283\n|switch|p1a: Poliwrath|Poliwrath, M|84\/100\n|move|p2a: Samurott|Knock Off|p1a: Poliwrath\n|-resisted|p1a: Poliwrath\n|-damage|p1a: Poliwrath|62\/100\n|-enditem|p1a: Poliwrath|Expert Belt|[from] move: Knock Off|[of] p2a: Samurott\n|\n|-end|p2a: Samurott|move: Future Sight\n|-immune|p2a: Samurott\n|upkeep\n|turn|6\n|\n|t:|1700138296\n|switch|p2a: Corviknight|Corviknight, M|83\/100\n|-ability|p2a: Corviknight|Pressure\n|switch|p1a: Slowbro|Slowbro, M|84\/100\n|\n|upkeep\n|turn|7\n|\n|t:|1700138306\n|move|p2a: Corviknight|U-turn|p1a: Slowbro\n|-supereffective|p1a: Slowbro\n|-damage|p1a: Slowbro|68\/100\n|-damage|p2a: Corviknight|67\/100|[from] item: Rocky Helmet|[of] p1a: Slowbro\n|\n|t:|1700138310\n|switch|p2a: Samurott|Samurott-Hisui, F|80\/100|[from] U-turn\n|move|p1a: Slowbro|Future Sight|p2a: Samurott\n|-start|p1a: Slowbro|move: Future Sight\n|\n|upkeep\n|turn|8\n|\n|t:|1700138322\n|switch|p1a: Poliwrath|Poliwrath, M|62\/100\n|move|p2a: Samurott|Ceaseless Edge|p1a: Poliwrath\n|-resisted|p1a: Poliwrath\n|-damage|p1a: Poliwrath|40\/100\n|-sidestart|p1: Mayooper|Spikes\n|\n|upkeep\n|turn|9\n|\n|t:|1700138336\n|switch|p2a: Corviknight|Corviknight, M|67\/100\n|-ability|p2a: Corviknight|Pressure\n|switch|p1a: Slowbro|Slowbro, M|100\/100\n|-damage|p1a: Slowbro|88\/100|[from] Spikes\n|\n|-end|p2a: Corviknight|move: Future Sight\n|-resisted|p2a: Corviknight\n|-damage|p2a: Corviknight|52\/100\n|upkeep\n|turn|10\n|\n|t:|1700138349\n|move|p2a: Corviknight|Roost|p2a: Corviknight\n|-heal|p2a: Corviknight|100\/100\n|-singleturn|p2a: Corviknight|move: Roost\n|move|p1a: Slowbro|Future Sight|p2a: Corviknight\n|-start|p1a: Slowbro|move: Future Sight\n|\n|upkeep\n|turn|11\n|\n|t:|1700138356\n|move|p2a: Corviknight|U-turn|p1a: Slowbro\n|-supereffective|p1a: Slowbro\n|-damage|p1a: Slowbro|71\/100\n|-damage|p2a: Corviknight|84\/100|[from] item: Rocky Helmet|[of] p1a: Slowbro\n|\n|t:|1700138373\n|switch|p2a: Samurott|Samurott-Hisui, F|80\/100|[from] U-turn\n|move|p1a: Slowbro|Body Press|p2a: Samurott\n|-supereffective|p2a: Samurott\n|-damage|p2a: Samurott|10\/100\n|\n|upkeep\n|turn|12\n|\n|t:|1700138385\n|move|p2a: Samurott|Ceaseless Edge|p1a: Slowbro\n|-supereffective|p1a: Slowbro\n|-damage|p1a: Slowbro|16\/100\n|-damage|p2a: Samurott|0 fnt|[from] item: Rocky Helmet|[of] p1a: Slowbro\n|faint|p2a: Samurott\n|move|p1a: Slowbro|Slack Off|p1a: Slowbro\n|-heal|p1a: Slowbro|66\/100\n|\n|-hint|Future Sight did not hit because the target is fainted.\n|upkeep\n|\n|t:|1700138394\n|switch|p2a: Dragapult|Dragapult, F|100\/100\n|turn|13\n|\n|t:|1700138400\n|switch|p1a: Vaporeon|Vaporeon, M|100\/100\n|-damage|p1a: Vaporeon|88\/100|[from] Spikes\n|move|p2a: Dragapult|Shadow Ball|p1a: Vaporeon\n|-crit|p1a: Vaporeon\n|-damage|p1a: Vaporeon|43\/100\n|\n|-heal|p1a: Vaporeon|49\/100|[from] item: Leftovers\n|upkeep\n|turn|14\n|\n|t:|1700138412\n|move|p1a: Vaporeon|Protect|p1a: Vaporeon\n|-singleturn|p1a: Vaporeon|Protect\n|move|p2a: Dragapult|Shadow Ball|p1a: Vaporeon\n|-activate|p1a: Vaporeon|move: Protect\n|\n|-heal|p1a: Vaporeon|55\/100|[from] item: Leftovers\n|upkeep\n|turn|15\n|\n|t:|1700138422\n|move|p2a: Dragapult|Shadow Ball|p1a: Vaporeon\n|-damage|p1a: Vaporeon|26\/100\n|move|p1a: Vaporeon|Wish|p1a: Vaporeon\n|\n|-heal|p1a: Vaporeon|33\/100|[from] item: Leftovers\n|upkeep\n|turn|16\n|inactive|GoalGoatGo has 120 seconds left.\n|\n|t:|1700138466\n|switch|p2a: Kingambit|Kingambit, M|100\/100\n|-activate|p2a: Kingambit|ability: Supreme Overlord\n|-start|p2a: Kingambit|fallen1|[silent]\n|move|p1a: Vaporeon|Protect||[still]\n|-fail|p1a: Vaporeon\n|\n|-heal|p1a: Vaporeon|83\/100|[from] move: Wish|[wisher] Vaporeon\n|-heal|p1a: Vaporeon|89\/100|[from] item: Leftovers\n|upkeep\n|turn|17\n|\n|t:|1700138482\n|switch|p1a: Poliwrath|Poliwrath, M|40\/100\n|-damage|p1a: Poliwrath|27\/100|[from] Spikes\n|move|p2a: Kingambit|Kowtow Cleave|p1a: Poliwrath\n|-resisted|p1a: Poliwrath\n|-crit|p1a: Poliwrath\n|-damage|p1a: Poliwrath|0 fnt\n|faint|p1a: Poliwrath\n|\n|upkeep\n|\n|t:|1700138492\n|switch|p1a: Dragonite|Dragonite, M|100\/100\n|turn|18\n|inactive|GoalGoatGo has 120 seconds left.\n|\n|t:|1700138498\n|-end|p2a: Kingambit|fallen1|[silent]\n|switch|p2a: Corviknight|Corviknight, M|84\/100\n|-ability|p2a: Corviknight|Pressure\n|move|p1a: Dragonite|Dragon Dance|p1a: Dragonite\n|-boost|p1a: Dragonite|atk|1\n|-boost|p1a: Dragonite|spe|1\n|\n|upkeep\n|turn|19\n|inactive|GoalGoatGo has 120 seconds left.\n|\n|t:|1700138510\n|move|p1a: Dragonite|Dragon Dance|p1a: Dragonite\n|-boost|p1a: Dragonite|atk|1\n|-boost|p1a: Dragonite|spe|1\n|move|p2a: Corviknight|U-turn|p1a: Dragonite\n|-resisted|p1a: Dragonite\n|-damage|p1a: Dragonite|97\/100\n|inactive|GoalGoatGo has 120 seconds left.\n|\n|t:|1700138520\n|switch|p2a: Iron Valiant|Iron Valiant|100\/100|[from] U-turn\n|-enditem|p2a: Iron Valiant|Booster Energy\n|-activate|p2a: Iron Valiant|ability: Quark Drive|[fromitem]\n|-start|p2a: Iron Valiant|quarkdrivespe\n|\n|upkeep\n|turn|20\n|inactive|GoalGoatGo has 120 seconds left.\n|\n|t:|1700138534\n|-terastallize|p1a: Dragonite|Normal\n|move|p1a: Dragonite|Extreme Speed|p2a: Iron Valiant\n|-damage|p2a: Iron Valiant|0 fnt\n|faint|p2a: Iron Valiant\n|-end|p2a: Iron Valiant|Quark Drive|[silent]\n|\n|upkeep\n|inactive|GoalGoatGo has 120 seconds left.\n|\n|t:|1700138542\n|switch|p2a: Corviknight|Corviknight, M|84\/100\n|-ability|p2a: Corviknight|Pressure\n|turn|21\n|\n|t:|1700138548\n|move|p1a: Dragonite|Fire Punch|p2a: Corviknight\n|-supereffective|p2a: Corviknight\n|-damage|p2a: Corviknight|0 fnt\n|-damage|p1a: Dragonite|80\/100|[from] item: Rocky Helmet|[of] p2a: Corviknight\n|faint|p2a: Corviknight\n|\n|upkeep\n|inactive|GoalGoatGo has 120 seconds left.\n|\n|t:|1700138580\n|switch|p2a: Kingambit|Kingambit, M|100\/100\n|-activate|p2a: Kingambit|ability: Supreme Overlord\n|-start|p2a: Kingambit|fallen3|[silent]\n|turn|22\n|\n|t:|1700138599\n|-terastallize|p2a: Kingambit|Dark\n|move|p1a: Dragonite|Earthquake|p2a: Kingambit\n|-damage|p2a: Kingambit|35\/100\n|move|p2a: Kingambit|Kowtow Cleave|p1a: Dragonite\n|-damage|p1a: Dragonite|0 fnt\n|faint|p1a: Dragonite\n|\n|upkeep\n|\n|t:|1700138627\n|switch|p1a: Clefable|Clefable, F|100\/100\n|-damage|p1a: Clefable|88\/100|[from] Spikes\n|turn|23\n|\n|t:|1700138633\n|-end|p2a: Kingambit|fallen3|[silent]\n|switch|p2a: Iron Moth|Iron Moth|100\/100\n|-enditem|p2a: Iron Moth|Booster Energy\n|-activate|p2a: Iron Moth|ability: Quark Drive|[fromitem]\n|-start|p2a: Iron Moth|quarkdrivespe\n|move|p1a: Clefable|Moonblast|p2a: Iron Moth\n|-resisted|p2a: Iron Moth\n|-damage|p2a: Iron Moth|93\/100\n|\n|-heal|p1a: Clefable|94\/100|[from] item: Leftovers\n|upkeep\n|turn|24\n|inactive|GoalGoatGo has 120 seconds left.\n|\n|t:|1700138647\n|switch|p1a: Vaporeon|Vaporeon, M|89\/100\n|-damage|p1a: Vaporeon|76\/100|[from] Spikes\n|move|p2a: Iron Moth|Fiery Dance|p1a: Vaporeon\n|-resisted|p1a: Vaporeon\n|-damage|p1a: Vaporeon|65\/100\n|-boost|p2a: Iron Moth|spa|1\n|\n|-heal|p1a: Vaporeon|71\/100|[from] item: Leftovers\n|upkeep\n|turn|25\n|inactive|GoalGoatGo has 120 seconds left.\n|\n|t:|1700138661\n|move|p2a: Iron Moth|Energy Ball|p1a: Vaporeon\n|-supereffective|p1a: Vaporeon\n|-damage|p1a: Vaporeon|24\/100\n|move|p1a: Vaporeon|Roar|p2a: Iron Moth\n|-end|p2a: Iron Moth|Quark Drive|[silent]\n|drag|p2a: Dragapult|Dragapult, F|100\/100\n|\n|-heal|p1a: Vaporeon|30\/100|[from] item: Leftovers\n|upkeep\n|turn|26\n|inactive|GoalGoatGo has 120 seconds left.\n|\n|t:|1700138674\n|move|p1a: Vaporeon|Protect|p1a: Vaporeon\n|-singleturn|p1a: Vaporeon|Protect\n|move|p2a: Dragapult|Shadow Ball|p1a: Vaporeon\n|-activate|p1a: Vaporeon|move: Protect\n|\n|-heal|p1a: Vaporeon|36\/100|[from] item: Leftovers\n|upkeep\n|turn|27\n|\n|t:|1700138684\n|move|p2a: Dragapult|Shadow Ball|p1a: Vaporeon\n|-damage|p1a: Vaporeon|7\/100\n|move|p1a: Vaporeon|Wish|p1a: Vaporeon\n|\n|-heal|p1a: Vaporeon|13\/100|[from] item: Leftovers\n|upkeep\n|turn|28\n|\n|t:|1700138699\n|move|p1a: Vaporeon|Protect|p1a: Vaporeon\n|-singleturn|p1a: Vaporeon|Protect\n|move|p2a: Dragapult|Shadow Ball|p1a: Vaporeon\n|-activate|p1a: Vaporeon|move: Protect\n|\n|-heal|p1a: Vaporeon|63\/100|[from] move: Wish|[wisher] Vaporeon\n|-heal|p1a: Vaporeon|69\/100|[from] item: Leftovers\n|upkeep\n|turn|29\n|\n|t:|1700138716\n|move|p2a: Dragapult|Shadow Ball|p1a: Vaporeon\n|-damage|p1a: Vaporeon|41\/100\n|move|p1a: Vaporeon|Flip Turn|p2a: Dragapult\n|-resisted|p2a: Dragapult\n|-damage|p2a: Dragapult|91\/100\n|\n|t:|1700138725\n|switch|p1a: Gengar|Gengar, F|100\/100|[from] Flip Turn\n|-damage|p1a: Gengar|88\/100|[from] Spikes\n|\n|upkeep\n|turn|30\n|\n|t:|1700138732\n|move|p1a: Gengar|Shadow Ball|p2a: Dragapult\n|-supereffective|p2a: Dragapult\n|-damage|p2a: Dragapult|0 fnt\n|faint|p2a: Dragapult\n|\n|upkeep\n|\n|t:|1700138738\n|switch|p2a: Kingambit|Kingambit, M, tera:Dark|35\/100\n|-activate|p2a: Kingambit|ability: Supreme Overlord\n|-start|p2a: Kingambit|fallen4|[silent]\n|turn|31\n|\n|t:|1700138748\n|switch|p1a: Clefable|Clefable, F|94\/100\n|-damage|p1a: Clefable|82\/100|[from] Spikes\n|move|p2a: Kingambit|Iron Head|p1a: Clefable\n|-supereffective|p1a: Clefable\n|-damage|p1a: Clefable|0 fnt\n|faint|p1a: Clefable\n|\n|upkeep\n|\n|t:|1700138767\n|switch|p1a: Slowbro|Slowbro, M|99\/100\n|-damage|p1a: Slowbro|87\/100|[from] Spikes\n|turn|32\n|\n|t:|1700138779\n|move|p2a: Kingambit|Kowtow Cleave|p1a: Slowbro\n|-supereffective|p1a: Slowbro\n|-damage|p1a: Slowbro|0 fnt\n|-damage|p2a: Kingambit|19\/100|[from] item: Rocky Helmet|[of] p1a: Slowbro\n|faint|p1a: Slowbro\n|\n|upkeep\n|\n|t:|1700138789\n|switch|p1a: Gengar|Gengar, F|88\/100\n|-damage|p1a: Gengar|76\/100|[from] Spikes\n|turn|33\n|\n|t:|1700138795\n|move|p2a: Kingambit|Sucker Punch||[still]\n|-fail|p2a: Kingambit\n|move|p1a: Gengar|Trick|p2a: Kingambit\n|-activate|p1a: Gengar|move: Trick|[of] p2a: Kingambit\n|-item|p2a: Kingambit|Choice Scarf|[from] move: Trick\n|-item|p1a: Gengar|Black Glasses|[from] move: Trick\n|\n|upkeep\n|turn|34\n|\n|t:|1700138815\n|move|p2a: Kingambit|Sucker Punch|p1a: Gengar\n|-supereffective|p1a: Gengar\n|-damage|p1a: Gengar|0 fnt\n|-start|p2a: Kingambit|Disable|Sucker Punch|[from] ability: Cursed Body|[of] p1a: Gengar\n|faint|p1a: Gengar\n|\n|upkeep\n|\n|t:|1700138823\n|switch|p1a: Vaporeon|Vaporeon, M|41\/100\n|-damage|p1a: Vaporeon|29\/100|[from] Spikes\n|turn|35\n|\n|t:|1700138831\n|-activate|p2a: Kingambit|move: Struggle\n|move|p2a: Kingambit|Struggle|p1a: Vaporeon\n|-damage|p1a: Vaporeon|0 fnt\n|faint|p1a: Vaporeon\n|-damage|p2a: Kingambit|0 fnt|[from] recoil\n|faint|p2a: Kingambit\n|-end|p2a: Kingambit|fallen4|[silent]\n|\n|win|GoalGoatGo\n|raw|Mayooper's rating: 1246 &rarr; <strong>1219<\/strong><br \/>(-27 for losing)\n|raw|GoalGoatGo's rating: 1215 &rarr; <strong>1242<\/strong><br \/>(+27 for winning)\n|l|\u2606Mayooper\n","uploadtime":1700138841,"views":14,"p1id":"mayooper","p2id":"goalgoatgo","formatid":"gen9ou","rating":1219,"private":0,"password":""}