{"id":"gen9ou-1989724762","p1":"Toustar","p2":"AsianVinh","format":"[Gen 9] OU","log":"|j|\u2606Toustar\n|j|\u2606AsianVinh\n|t:|1699890325\n|gametype|singles\n|player|p1|Toustar|101|1278\n|player|p2|AsianVinh|cynthia-gen4|1225\n|teamsize|p1|6\n|teamsize|p2|6\n|gen|9\n|tier|[Gen 9] OU\n|rated|\n|rule|Sleep Clause Mod: Limit one foe put to sleep\n|rule|Species Clause: Limit one of each Pok\u00e9mon\n|rule|OHKO Clause: OHKO moves are banned\n|rule|Evasion Items Clause: Evasion items are banned\n|rule|Evasion Moves Clause: Evasion moves are banned\n|rule|Endless Battle Clause: Forcing endless battles is banned\n|rule|HP Percentage Mod: HP is shown in percentages\n|clearpoke\n|poke|p1|Slowbro-Galar, M|\n|poke|p1|Ogerpon, F|\n|poke|p1|Cinderace, F|\n|poke|p1|Lokix, M|\n|poke|p1|Toxapex, F|\n|poke|p1|Gyarados, M|\n|poke|p2|Greninja-*, M|\n|poke|p2|Pelipper, M|\n|poke|p2|Floatzel, M|\n|poke|p2|Amoonguss, M|\n|poke|p2|Iron Treads|\n|poke|p2|Kingambit, M|\n|teampreview\n|inactive|Battle timer is ON: inactive players will automatically lose when time's up. (requested by AsianVinh)\n|\n|t:|1699890336\n|start\n|switch|p1a: Gyarados|Gyarados, M|100\/100\n|switch|p2a: Pelipper|Pelipper, M|100\/100\n|-weather|RainDance|[from] ability: Drizzle|[of] p2a: Pelipper\n|turn|1\n|\n|t:|1699890342\n|move|p1a: Gyarados|Dragon Dance|p1a: Gyarados\n|-boost|p1a: Gyarados|atk|1\n|-boost|p1a: Gyarados|spe|1\n|move|p2a: Pelipper|U-turn|p1a: Gyarados\n|-resisted|p1a: Gyarados\n|-damage|p1a: Gyarados|97\/100\n|\n|t:|1699890345\n|switch|p2a: Floatzel|Floatzel, M|100\/100|[from] U-turn\n|\n|-weather|RainDance|[upkeep]\n|-heal|p1a: Gyarados|100\/100|[from] item: Leftovers\n|upkeep\n|turn|2\n|\n|t:|1699890354\n|move|p2a: Floatzel|Wave Crash|p1a: Gyarados\n|-resisted|p1a: Gyarados\n|-damage|p1a: Gyarados|46\/100\n|-damage|p2a: Floatzel|82\/100|[from] Recoil\n|move|p1a: Gyarados|Thunder Wave|p2a: Floatzel\n|-status|p2a: Floatzel|par\n|\n|-weather|RainDance|[upkeep]\n|-heal|p1a: Gyarados|52\/100|[from] item: Leftovers\n|upkeep\n|turn|3\n|\n|t:|1699890374\n|move|p2a: Floatzel|Wave Crash|p1a: Gyarados\n|-resisted|p1a: Gyarados\n|-damage|p1a: Gyarados|0 fnt\n|faint|p1a: Gyarados\n|-damage|p2a: Floatzel|65\/100 par|[from] Recoil\n|\n|-weather|RainDance|[upkeep]\n|upkeep\n|\n|t:|1699890377\n|switch|p1a: Ogerpon|Ogerpon, F|100\/100\n|turn|4\n|\n|t:|1699890381\n|switch|p2a: Amoonguss|Amoonguss, M, shiny|100\/100\n|move|p1a: Ogerpon|Ivy Cudgel|p2a: Amoonguss\n|-resisted|p2a: Amoonguss\n|-damage|p2a: Amoonguss|87\/100\n|-enditem|p2a: Amoonguss|Eject Button\n|\n|t:|1699890389\n|switch|p2a: Greninja|Greninja, M, shiny|100\/100\n|\n|-weather|RainDance|[upkeep]\n|upkeep\n|turn|5\n|\n|t:|1699890395\n|switch|p1a: Toxapex|Toxapex, F|100\/100\n|move|p2a: Greninja|Ice Beam|p1a: Toxapex\n|-start|p2a: Greninja|typechange|Ice|[from] ability: Protean\n|-resisted|p1a: Toxapex\n|-damage|p1a: Toxapex|77\/100\n|-status|p1a: Toxapex|frz\n|\n|-weather|RainDance|[upkeep]\n|-heal|p1a: Toxapex|84\/100 frz|[from] item: Leftovers\n|upkeep\n|turn|6\n|\n|t:|1699890402\n|switch|p2a: Iron Treads|Iron Treads|100\/100\n|-enditem|p2a: Iron Treads|Booster Energy\n|-activate|p2a: Iron Treads|ability: Quark Drive|[fromitem]\n|-start|p2a: Iron Treads|quarkdrivespe\n|cant|p1a: Toxapex|frz\n|\n|-weather|RainDance|[upkeep]\n|-heal|p1a: Toxapex|90\/100 frz|[from] item: Leftovers\n|upkeep\n|turn|7\n|\n|t:|1699890409\n|switch|p1a: Ogerpon|Ogerpon, F|100\/100\n|move|p2a: Iron Treads|Earthquake|p1a: Ogerpon\n|-resisted|p1a: Ogerpon\n|-damage|p1a: Ogerpon|72\/100\n|\n|-weather|RainDance|[upkeep]\n|upkeep\n|turn|8\n|\n|t:|1699890418\n|-end|p2a: Iron Treads|Quark Drive|[silent]\n|switch|p2a: Amoonguss|Amoonguss, M, shiny|100\/100\n|move|p1a: Ogerpon|U-turn|p2a: Amoonguss\n|-damage|p2a: Amoonguss|75\/100\n|\n|t:|1699890423\n|switch|p1a: Cinderace|Cinderace, F|100\/100|[from] U-turn\n|\n|-weather|none\n|upkeep\n|turn|9\n|\n|t:|1699890427\n|switch|p2a: Pelipper|Pelipper, M|100\/100\n|-weather|RainDance|[from] ability: Drizzle|[of] p2a: Pelipper\n|move|p1a: Cinderace|U-turn|p2a: Pelipper\n|-start|p1a: Cinderace|typechange|Bug|[from] ability: Libero\n|-resisted|p2a: Pelipper\n|-damage|p2a: Pelipper|89\/100\n|\n|t:|1699890436\n|switch|p1a: Lokix|Lokix, M|100\/100|[from] U-turn\n|\n|-weather|RainDance|[upkeep]\n|upkeep\n|turn|10\n|\n|t:|1699890439\n|move|p1a: Lokix|First Impression|p2a: Pelipper\n|-resisted|p2a: Pelipper\n|-damage|p2a: Pelipper|58\/100\n|move|p2a: Pelipper|Hurricane|p1a: Lokix\n|-supereffective|p1a: Lokix\n|-enditem|p1a: Lokix|Focus Sash\n|-damage|p1a: Lokix|1\/100\n|-start|p1a: Lokix|confusion\n|\n|-weather|RainDance|[upkeep]\n|upkeep\n|turn|11\n|\n|t:|1699890444\n|-activate|p1a: Lokix|confusion\n|move|p1a: Lokix|U-turn|p2a: Pelipper\n|-resisted|p2a: Pelipper\n|-crit|p2a: Pelipper\n|-damage|p2a: Pelipper|19\/100\n|\n|t:|1699890451\n|switch|p1a: Toxapex|Toxapex, F|100\/100 frz|[from] U-turn\n|move|p2a: Pelipper|Roost|p2a: Pelipper\n|-heal|p2a: Pelipper|70\/100\n|-singleturn|p2a: Pelipper|move: Roost\n|\n|-weather|RainDance|[upkeep]\n|upkeep\n|turn|12\n|\n|t:|1699890458\n|move|p2a: Pelipper|U-turn|p1a: Toxapex\n|-resisted|p1a: Toxapex\n|-damage|p1a: Toxapex|98\/100 frz\n|\n|t:|1699890468\n|switch|p2a: Kingambit|Kingambit, M|100\/100|[from] U-turn\n|-curestatus|p1a: Toxapex|frz|[msg]\n|move|p1a: Toxapex|Ice Beam|p2a: Kingambit\n|-resisted|p2a: Kingambit\n|-damage|p2a: Kingambit|93\/100\n|\n|-weather|RainDance|[upkeep]\n|-heal|p1a: Toxapex|100\/100|[from] item: Leftovers\n|upkeep\n|turn|13\n|\n|t:|1699890477\n|switch|p1a: Lokix|Lokix, M|1\/100\n|move|p2a: Kingambit|Swords Dance|p2a: Kingambit\n|-boost|p2a: Kingambit|atk|2\n|\n|-weather|RainDance|[upkeep]\n|upkeep\n|turn|14\n|\n|t:|1699890481\n|move|p2a: Kingambit|Sucker Punch|p1a: Lokix\n|-resisted|p1a: Lokix\n|-damage|p1a: Lokix|0 fnt\n|faint|p1a: Lokix\n|\n|-weather|RainDance|[upkeep]\n|upkeep\n|\n|t:|1699890488\n|switch|p1a: Ogerpon|Ogerpon, F|72\/100\n|turn|15\n|\n|t:|1699890492\n|-terastallize|p1a: Ogerpon|Grass\n|detailschange|p1a: Ogerpon|Ogerpon-Teal-Tera, F, tera:Grass\n|-ability|p1a: Ogerpon|Embody Aspect (Teal)|boost\n|-boost|p1a: Ogerpon|spe|1\n|move|p2a: Kingambit|Sucker Punch|p1a: Ogerpon\n|-damage|p1a: Ogerpon|0 fnt\n|faint|p1a: Ogerpon\n|\n|-weather|RainDance|[upkeep]\n|upkeep\n|\n|t:|1699890499\n|switch|p1a: Slowbro|Slowbro-Galar, M|100\/100\n|turn|16\n|\n|t:|1699890503\n|switch|p1a: Cinderace|Cinderace, F|100\/100\n|move|p2a: Kingambit|Kowtow Cleave|p1a: Cinderace\n|-damage|p1a: Cinderace|0 fnt\n|faint|p1a: Cinderace\n|\n|-weather|none\n|upkeep\n|\n|t:|1699890505\n|switch|p1a: Slowbro|Slowbro-Galar, M|100\/100\n|turn|17\n|\n|t:|1699890507\n|move|p2a: Kingambit|Kowtow Cleave|p1a: Slowbro\n|-supereffective|p1a: Slowbro\n|-damage|p1a: Slowbro|0 fnt\n|faint|p1a: Slowbro\n|\n|upkeep\n|\n|t:|1699890509\n|switch|p1a: Toxapex|Toxapex, F|100\/100\n|turn|18\n|-message|Toustar forfeited.\n|\n|win|AsianVinh\n|raw|Toustar's rating: 1278 &rarr; <strong>1249<\/strong><br \/>(-29 for losing)\n|raw|AsianVinh's rating: 1225 &rarr; <strong>1254<\/strong><br \/>(+29 for winning)\n|l|\u2606Toustar\n","uploadtime":1699890529,"views":11,"p1id":"toustar","p2id":"asianvinh","formatid":"gen9ou","rating":1249,"private":0,"password":""}