{"id":"gen9ou-1988605917","p1":"Nao Zamass","p2":"Lord kaszalot","format":"[Gen 9] OU","log":"|j|\u2606Nao Zamass\n|j|\u2606Lord kaszalot\n|t:|1699741192\n|gametype|singles\n|player|p1|Nao Zamass|hilda|1065\n|player|p2|Lord kaszalot|roxie|1051\n|teamsize|p1|6\n|teamsize|p2|6\n|gen|9\n|tier|[Gen 9] OU\n|rated|\n|rule|Sleep Clause Mod: Limit one foe put to sleep\n|rule|Species Clause: Limit one of each Pok\u00e9mon\n|rule|OHKO Clause: OHKO moves are banned\n|rule|Evasion Items Clause: Evasion items are banned\n|rule|Evasion Moves Clause: Evasion moves are banned\n|rule|Endless Battle Clause: Forcing endless battles is banned\n|rule|HP Percentage Mod: HP is shown in percentages\n|clearpoke\n|poke|p1|Ribombee, M|\n|poke|p1|Ogerpon-Wellspring, F|\n|poke|p1|Dragapult, F|\n|poke|p1|Gliscor, F|\n|poke|p1|Cinderace, M|\n|poke|p1|Corviknight, F|\n|poke|p2|Ribombee, M|\n|poke|p2|Kleavor, F|\n|poke|p2|Scizor, M|\n|poke|p2|Frosmoth, M|\n|poke|p2|Slither Wing|\n|poke|p2|Forretress, F|\n|teampreview\n|inactive|Battle timer is ON: inactive players will automatically lose when time's up. (requested by Lord kaszalot)\n|\n|t:|1699741197\n|start\n|switch|p1a: Cinderace|Cinderace, M|100\/100\n|switch|p2a: Ribombee|Ribombee, M|100\/100\n|turn|1\n|\n|t:|1699741205\n|move|p2a: Ribombee|Sticky Web|p1a: Cinderace\n|-sidestart|p1: Nao Zamass|move: Sticky Web\n|move|p1a: Cinderace|Pyro Ball|p2a: Ribombee\n|-supereffective|p2a: Ribombee\n|-enditem|p2a: Ribombee|Focus Sash\n|-damage|p2a: Ribombee|1\/100\n|\n|upkeep\n|turn|2\n|\n|t:|1699741216\n|move|p1a: Cinderace|Sucker Punch|p2a: Ribombee\n|-start|p1a: Cinderace|typechange|Dark|[from] ability: Libero\n|-resisted|p2a: Ribombee\n|-damage|p2a: Ribombee|0 fnt\n|faint|p2a: Ribombee\n|\n|upkeep\n|\n|t:|1699741235\n|switch|p2a: Kleavor|Kleavor, F|100\/100\n|turn|3\n|\n|t:|1699741245\n|move|p2a: Kleavor|X-Scissor|p1a: Cinderace\n|-supereffective|p1a: Cinderace\n|-damage|p1a: Cinderace|0 fnt\n|faint|p1a: Cinderace\n|\n|upkeep\n|\n|t:|1699741258\n|switch|p1a: Dragapult|Dragapult, F|100\/100\n|turn|4\n|\n|t:|1699741266\n|switch|p2a: Forretress|Forretress, F|100\/100\n|move|p1a: Dragapult|Dragon Darts|p2a: Forretress\n|-resisted|p2a: Forretress\n|-damage|p2a: Forretress|93\/100\n|-anim|p1a: Dragapult|Dragon Darts|p2a: Forretress\n|-resisted|p2a: Forretress\n|-damage|p2a: Forretress|86\/100\n|\n|-heal|p2a: Forretress|93\/100|[from] item: Leftovers\n|upkeep\n|turn|5\n|\n|t:|1699741277\n|move|p1a: Dragapult|Dragon Darts|p2a: Forretress\n|-resisted|p2a: Forretress\n|-damage|p2a: Forretress|86\/100\n|-anim|p1a: Dragapult|Dragon Darts|p2a: Forretress\n|-resisted|p2a: Forretress\n|-damage|p2a: Forretress|79\/100\n|move|p2a: Forretress|Gyro Ball|p1a: Dragapult\n|-damage|p1a: Dragapult|47\/100\n|\n|-heal|p2a: Forretress|85\/100|[from] item: Leftovers\n|upkeep\n|turn|6\n|\n|t:|1699741289\n|switch|p1a: Corviknight|Corviknight, F|100\/100\n|-ability|p1a: Corviknight|Pressure\n|move|p2a: Forretress|Gyro Ball|p1a: Corviknight\n|-resisted|p1a: Corviknight\n|-crit|p1a: Corviknight\n|-damage|p1a: Corviknight|92\/100\n|\n|-heal|p1a: Corviknight|98\/100|[from] item: Leftovers\n|-heal|p2a: Forretress|91\/100|[from] item: Leftovers\n|upkeep\n|turn|7\n|\n|t:|1699741311\n|switch|p2a: Frosmoth|Frosmoth, M|100\/100\n|move|p1a: Corviknight|Roost|p1a: Corviknight\n|-heal|p1a: Corviknight|100\/100\n|-singleturn|p1a: Corviknight|move: Roost\n|\n|upkeep\n|turn|8\n|\n|t:|1699741320\n|move|p2a: Frosmoth|Substitute|p2a: Frosmoth\n|-start|p2a: Frosmoth|Substitute\n|-damage|p2a: Frosmoth|76\/100\n|move|p1a: Corviknight|Defog|p2a: Frosmoth\n|-sideend|p1: Nao Zamass|Sticky Web|[from] move: Defog|[of] p1a: Corviknight\n|\n|upkeep\n|turn|9\n|\n|t:|1699741328\n|move|p2a: Frosmoth|Quiver Dance|p2a: Frosmoth\n|-boost|p2a: Frosmoth|spa|1\n|-boost|p2a: Frosmoth|spd|1\n|-boost|p2a: Frosmoth|spe|1\n|move|p1a: Corviknight|Brave Bird|p2a: Frosmoth\n|-supereffective|p2a: Frosmoth\n|-end|p2a: Frosmoth|Substitute\n|-damage|p1a: Corviknight|94\/100|[from] Recoil|[of] p2a: Frosmoth\n|\n|-heal|p1a: Corviknight|99\/100|[from] item: Leftovers\n|upkeep\n|turn|10\n|\n|t:|1699741339\n|move|p2a: Frosmoth|Ice Beam|p1a: Corviknight\n|-damage|p1a: Corviknight|47\/100\n|move|p1a: Corviknight|Brave Bird|p2a: Frosmoth\n|-supereffective|p2a: Frosmoth\n|-damage|p2a: Frosmoth|0 fnt\n|faint|p2a: Frosmoth\n|-damage|p1a: Corviknight|27\/100|[from] Recoil\n|\n|-heal|p1a: Corviknight|33\/100|[from] item: Leftovers\n|upkeep\n|\n|t:|1699741351\n|switch|p2a: Kleavor|Kleavor, F|100\/100\n|turn|11\n|\n|t:|1699741356\n|move|p2a: Kleavor|Stone Axe|p1a: Corviknight\n|-damage|p1a: Corviknight|0 fnt\n|-sidestart|p1: Nao Zamass|move: Stealth Rock\n|faint|p1a: Corviknight\n|\n|upkeep\n|\n|t:|1699741366\n|switch|p1a: Ribombee|Ribombee, M, shiny|100\/100\n|-damage|p1a: Ribombee|76\/100|[from] Stealth Rock\n|turn|12\n|\n|t:|1699741370\n|move|p2a: Kleavor|Stone Axe|p1a: Ribombee\n|-supereffective|p1a: Ribombee\n|-damage|p1a: Ribombee|0 fnt\n|faint|p1a: Ribombee\n|\n|upkeep\n|\n|t:|1699741378\n|switch|p1a: Dragapult|Dragapult, F|47\/100\n|turn|13\n|\n|t:|1699741383\n|move|p2a: Kleavor|Stone Axe|p1a: Dragapult\n|-damage|p1a: Dragapult|0 fnt\n|faint|p1a: Dragapult\n|\n|upkeep\n|\n|t:|1699741390\n|switch|p1a: Ogerpon|Ogerpon-Wellspring, F|100\/100\n|-damage|p1a: Ogerpon|88\/100|[from] Stealth Rock\n|turn|14\n|\n|t:|1699741398\n|switch|p2a: Slither Wing|Slither Wing|100\/100\n|move|p1a: Ogerpon|Substitute|p1a: Ogerpon\n|-start|p1a: Ogerpon|Substitute\n|-damage|p1a: Ogerpon|63\/100\n|\n|upkeep\n|turn|15\n|\n|t:|1699741408\n|move|p1a: Ogerpon|Swords Dance|p1a: Ogerpon\n|-boost|p1a: Ogerpon|atk|2\n|move|p2a: Slither Wing|U-turn|p1a: Ogerpon\n|-supereffective|p1a: Ogerpon\n|-end|p1a: Ogerpon|Substitute\n|\n|t:|1699741414\n|-end|p2a: Slither Wing|Protosynthesis|[silent]\n|switch|p2a: Scizor|Scizor, M|100\/100|[from] U-turn\n|\n|upkeep\n|turn|16\n|\n|t:|1699741420\n|move|p1a: Ogerpon|Ivy Cudgel|p2a: Scizor\n|-damage|p2a: Scizor|0 fnt\n|faint|p2a: Scizor\n|\n|upkeep\n|\n|t:|1699741425\n|switch|p2a: Kleavor|Kleavor, F|100\/100\n|turn|17\n|\n|t:|1699741430\n|move|p2a: Kleavor|X-Scissor|p1a: Ogerpon\n|-supereffective|p1a: Ogerpon\n|-damage|p1a: Ogerpon|0 fnt\n|faint|p1a: Ogerpon\n|\n|upkeep\n|\n|t:|1699741436\n|switch|p1a: Gliscor|Gliscor, F|100\/100\n|-damage|p1a: Gliscor|88\/100|[from] Stealth Rock\n|turn|18\n|\n|t:|1699741446\n|switch|p2a: Slither Wing|Slither Wing|100\/100\n|move|p1a: Gliscor|Toxic|p2a: Slither Wing\n|-status|p2a: Slither Wing|tox\n|\n|-damage|p2a: Slither Wing|94\/100 tox|[from] psn\n|-status|p1a: Gliscor|tox|[from] item: Toxic Orb\n|upkeep\n|turn|19\n|\n|t:|1699741462\n|move|p1a: Gliscor|Protect|p1a: Gliscor\n|-singleturn|p1a: Gliscor|Protect\n|move|p2a: Slither Wing|Close Combat|p1a: Gliscor\n|-activate|p1a: Gliscor|move: Protect\n|\n|-heal|p1a: Gliscor|100\/100 tox|[from] ability: Poison Heal\n|-damage|p2a: Slither Wing|82\/100 tox|[from] psn\n|upkeep\n|turn|20\n|\n|t:|1699741473\n|move|p1a: Gliscor|Knock Off|p2a: Slither Wing\n|-resisted|p2a: Slither Wing\n|-damage|p2a: Slither Wing|71\/100 tox\n|-enditem|p2a: Slither Wing|Heavy-Duty Boots|[from] move: Knock Off|[of] p1a: Gliscor\n|move|p2a: Slither Wing|Close Combat|p1a: Gliscor\n|-resisted|p1a: Gliscor\n|-damage|p1a: Gliscor|77\/100 tox\n|-unboost|p2a: Slither Wing|def|1\n|-unboost|p2a: Slither Wing|spd|1\n|\n|-heal|p1a: Gliscor|90\/100 tox|[from] ability: Poison Heal\n|-damage|p2a: Slither Wing|52\/100 tox|[from] psn\n|upkeep\n|turn|21\n|\n|t:|1699741486\n|move|p1a: Gliscor|Earthquake|p2a: Slither Wing\n|-resisted|p2a: Slither Wing\n|-damage|p2a: Slither Wing|26\/100 tox\n|move|p2a: Slither Wing|Close Combat|p1a: Gliscor\n|-resisted|p1a: Gliscor\n|-damage|p1a: Gliscor|63\/100 tox\n|-unboost|p2a: Slither Wing|def|1\n|-unboost|p2a: Slither Wing|spd|1\n|\n|-heal|p1a: Gliscor|75\/100 tox|[from] ability: Poison Heal\n|-damage|p2a: Slither Wing|1\/100 tox|[from] psn\n|upkeep\n|turn|22\n|\n|t:|1699741498\n|move|p1a: Gliscor|Protect|p1a: Gliscor\n|-singleturn|p1a: Gliscor|Protect\n|move|p2a: Slither Wing|Close Combat|p1a: Gliscor\n|-activate|p1a: Gliscor|move: Protect\n|\n|-heal|p1a: Gliscor|88\/100 tox|[from] ability: Poison Heal\n|-damage|p2a: Slither Wing|0 fnt|[from] psn\n|faint|p2a: Slither Wing\n|-end|p2a: Slither Wing|Protosynthesis|[silent]\n|upkeep\n|\n|t:|1699741509\n|switch|p2a: Kleavor|Kleavor, F|100\/100\n|turn|23\n|\n|t:|1699741513\n|move|p2a: Kleavor|Stone Axe|p1a: Gliscor\n|-damage|p1a: Gliscor|46\/100 tox\n|move|p1a: Gliscor|Toxic|p2a: Kleavor\n|-status|p2a: Kleavor|tox\n|\n|-damage|p2a: Kleavor|94\/100 tox|[from] psn\n|-heal|p1a: Gliscor|59\/100 tox|[from] ability: Poison Heal\n|upkeep\n|turn|24\n|\n|t:|1699741524\n|move|p1a: Gliscor|Protect|p1a: Gliscor\n|-singleturn|p1a: Gliscor|Protect\n|move|p2a: Kleavor|Stone Axe|p1a: Gliscor\n|-activate|p1a: Gliscor|move: Protect\n|\n|-damage|p2a: Kleavor|82\/100 tox|[from] psn\n|-heal|p1a: Gliscor|71\/100 tox|[from] ability: Poison Heal\n|upkeep\n|turn|25\n|\n|t:|1699741534\n|move|p2a: Kleavor|Stone Axe|p1a: Gliscor\n|-damage|p1a: Gliscor|31\/100 tox\n|move|p1a: Gliscor|Earthquake|p2a: Kleavor\n|-damage|p2a: Kleavor|37\/100 tox\n|\n|-damage|p2a: Kleavor|19\/100 tox|[from] psn\n|-heal|p1a: Gliscor|43\/100 tox|[from] ability: Poison Heal\n|upkeep\n|turn|26\n|\n|t:|1699741545\n|move|p1a: Gliscor|Protect|p1a: Gliscor\n|-singleturn|p1a: Gliscor|Protect\n|move|p2a: Kleavor|Stone Axe|p1a: Gliscor\n|-activate|p1a: Gliscor|move: Protect\n|\n|-damage|p2a: Kleavor|0 fnt|[from] psn\n|faint|p2a: Kleavor\n|-heal|p1a: Gliscor|56\/100 tox|[from] ability: Poison Heal\n|upkeep\n|\n|t:|1699741556\n|switch|p2a: Forretress|Forretress, F|91\/100\n|turn|27\n|\n|t:|1699741563\n|-terastallize|p2a: Forretress|Fighting\n|move|p1a: Gliscor|Earthquake|p2a: Forretress\n|-damage|p2a: Forretress|75\/100\n|move|p2a: Forretress|Body Press|p1a: Gliscor\n|-resisted|p1a: Gliscor\n|-damage|p1a: Gliscor|35\/100 tox\n|\n|-heal|p2a: Forretress|81\/100|[from] item: Leftovers\n|-heal|p1a: Gliscor|47\/100 tox|[from] ability: Poison Heal\n|upkeep\n|turn|28\n|\n|t:|1699741576\n|move|p1a: Gliscor|Protect|p1a: Gliscor\n|-singleturn|p1a: Gliscor|Protect\n|move|p2a: Forretress|Body Press|p1a: Gliscor\n|-activate|p1a: Gliscor|move: Protect\n|\n|-heal|p2a: Forretress|88\/100|[from] item: Leftovers\n|-heal|p1a: Gliscor|60\/100 tox|[from] ability: Poison Heal\n|upkeep\n|turn|29\n|\n|t:|1699741586\n|move|p1a: Gliscor|Toxic|p2a: Forretress\n|-status|p2a: Forretress|tox\n|move|p2a: Forretress|Body Press|p1a: Gliscor\n|-resisted|p1a: Gliscor\n|-damage|p1a: Gliscor|40\/100 tox\n|\n|-heal|p2a: Forretress|94\/100 tox|[from] item: Leftovers\n|-heal|p1a: Gliscor|52\/100 tox|[from] ability: Poison Heal\n|-damage|p2a: Forretress|88\/100 tox|[from] psn\n|upkeep\n|turn|30\n|\n|t:|1699741600\n|move|p1a: Gliscor|Protect|p1a: Gliscor\n|-singleturn|p1a: Gliscor|Protect\n|move|p2a: Forretress|Body Press|p1a: Gliscor\n|-activate|p1a: Gliscor|move: Protect\n|\n|-heal|p2a: Forretress|94\/100 tox|[from] item: Leftovers\n|-heal|p1a: Gliscor|65\/100 tox|[from] ability: Poison Heal\n|-damage|p2a: Forretress|81\/100 tox|[from] psn\n|upkeep\n|turn|31\n|\n|t:|1699741610\n|move|p1a: Gliscor|Knock Off|p2a: Forretress\n|-resisted|p2a: Forretress\n|-damage|p2a: Forretress|76\/100 tox\n|-enditem|p2a: Forretress|Leftovers|[from] move: Knock Off|[of] p1a: Gliscor\n|move|p2a: Forretress|Gyro Ball|p1a: Gliscor\n|-damage|p1a: Gliscor|46\/100 tox\n|\n|-heal|p1a: Gliscor|58\/100 tox|[from] ability: Poison Heal\n|-damage|p2a: Forretress|57\/100 tox|[from] psn\n|upkeep\n|turn|32\n|\n|t:|1699741622\n|move|p1a: Gliscor|Protect|p1a: Gliscor\n|-singleturn|p1a: Gliscor|Protect\n|move|p2a: Forretress|Body Press|p1a: Gliscor\n|-activate|p1a: Gliscor|move: Protect\n|\n|-heal|p1a: Gliscor|70\/100 tox|[from] ability: Poison Heal\n|-damage|p2a: Forretress|32\/100 tox|[from] psn\n|upkeep\n|turn|33\n|\n|t:|1699741631\n|move|p1a: Gliscor|Earthquake|p2a: Forretress\n|-damage|p2a: Forretress|13\/100 tox\n|move|p2a: Forretress|Body Press|p1a: Gliscor\n|-resisted|p1a: Gliscor\n|-damage|p1a: Gliscor|53\/100 tox\n|\n|-heal|p1a: Gliscor|65\/100 tox|[from] ability: Poison Heal\n|-damage|p2a: Forretress|0 fnt|[from] psn\n|faint|p2a: Forretress\n|\n|win|Nao Zamass\n|upkeep\n|raw|Nao Zamass's rating: 1065 &rarr; <strong>1094<\/strong><br \/>(+29 for winning)\n|raw|Lord kaszalot's rating: 1051 &rarr; <strong>1034<\/strong><br \/>(-17 for losing)\n","uploadtime":1699741649,"views":17,"p1id":"naozamass","p2id":"lordkaszalot","formatid":"gen9ou","rating":1034,"private":0,"password":""}