{"id":"gen9ou-1992064804","p1":"Ffg534","p2":"3lit","format":"[Gen 9] OU","log":"|j|\u2606Ffg534\n|j|\u26063lit\n|t:|1700152121\n|gametype|singles\n|player|p1|Ffg534|265|1000\n|player|p2|3lit|101|1058\n|teamsize|p1|6\n|teamsize|p2|6\n|gen|9\n|tier|[Gen 9] OU\n|rated|\n|rule|Sleep Clause Mod: Limit one foe put to sleep\n|rule|Species Clause: Limit one of each Pok\u00e9mon\n|rule|OHKO Clause: OHKO moves are banned\n|rule|Evasion Items Clause: Evasion items are banned\n|rule|Evasion Moves Clause: Evasion moves are banned\n|rule|Endless Battle Clause: Forcing endless battles is banned\n|rule|HP Percentage Mod: HP is shown in percentages\n|clearpoke\n|poke|p1|Golem, M|\n|poke|p1|Dragonite, M|\n|poke|p1|Clefable, M|\n|poke|p1|Venomoth, M|\n|poke|p1|Heracross, M|\n|poke|p1|Arbok, M|\n|poke|p2|Toxapex, M|\n|poke|p2|Slowking-Galar, F|\n|poke|p2|Cinderace, M|\n|poke|p2|Zapdos|\n|poke|p2|Ninetales-Alola, F|\n|poke|p2|Ogerpon-Wellspring, F|\n|teampreview\n|\n|t:|1700152143\n|start\n|switch|p1a: Arbok|Arbok, M, shiny|100\/100\n|switch|p2a: Ninetales|Ninetales-Alola, F, shiny|100\/100\n|-ability|p1a: Arbok|Intimidate|boost\n|-unboost|p2a: Ninetales|atk|1\n|-weather|Snow|[from] ability: Snow Warning|[of] p2a: Ninetales\n|turn|1\n|\n|t:|1700152147\n|switch|p2a: Zapdos|Zapdos, shiny|100\/100\n|move|p1a: Arbok|Switcheroo|p2a: Zapdos\n|-activate|p1a: Arbok|move: Trick|[of] p2a: Zapdos\n|-item|p2a: Zapdos|Choice Scarf|[from] move: Switcheroo\n|-item|p1a: Arbok|Choice Specs|[from] move: Switcheroo\n|\n|-weather|Snow|[upkeep]\n|upkeep\n|turn|2\n|\n|t:|1700152159\n|move|p2a: Zapdos|Volt Switch|p1a: Arbok\n|-damage|p1a: Arbok|57\/100\n|\n|t:|1700152163\n|switch|p2a: Ninetales|Ninetales-Alola, F, shiny|100\/100|[from] Volt Switch\n|move|p1a: Arbok|Gunk Shot|p2a: Ninetales|[miss]\n|-miss|p1a: Arbok|p2a: Ninetales\n|\n|-weather|Snow|[upkeep]\n|upkeep\n|turn|3\n|\n|t:|1700152168\n|switch|p2a: Zapdos|Zapdos, shiny|100\/100\n|move|p1a: Arbok|Gunk Shot|p2a: Zapdos\n|-damage|p2a: Zapdos|53\/100\n|\n|-weather|Snow|[upkeep]\n|upkeep\n|turn|4\n|\n|t:|1700152173\n|move|p2a: Zapdos|Thunderbolt|p1a: Arbok\n|-damage|p1a: Arbok|2\/100\n|move|p1a: Arbok|Gunk Shot|p2a: Zapdos\n|-damage|p2a: Zapdos|6\/100\n|\n|-weather|Snow|[upkeep]\n|upkeep\n|turn|5\n|\n|t:|1700152181\n|switch|p1a: Golem|Golem, M, shiny|100\/100\n|move|p2a: Zapdos|Thunderbolt|p1a: Golem\n|-immune|p1a: Golem\n|\n|-weather|none\n|upkeep\n|turn|6\n|\n|t:|1700152188\n|switch|p2a: Ninetales|Ninetales-Alola, F, shiny|100\/100\n|-weather|Snow|[from] ability: Snow Warning|[of] p2a: Ninetales\n|move|p1a: Golem|Stone Edge|p2a: Ninetales\n|-supereffective|p2a: Ninetales\n|-damage|p2a: Ninetales|25\/100\n|\n|-weather|Snow|[upkeep]\n|upkeep\n|turn|7\n|\n|t:|1700152196\n|move|p2a: Ninetales|Aurora Veil|p2a: Ninetales\n|-sidestart|p2: 3lit|move: Aurora Veil\n|move|p1a: Golem|Earthquake|p2a: Ninetales\n|-damage|p2a: Ninetales|5\/100\n|\n|-weather|Snow|[upkeep]\n|upkeep\n|turn|8\n|\n|t:|1700152204\n|switch|p2a: Ogerpon|Ogerpon-Wellspring, F|100\/100\n|move|p1a: Golem|Earthquake|p2a: Ogerpon\n|-resisted|p2a: Ogerpon\n|-damage|p2a: Ogerpon|83\/100\n|\n|-weather|Snow|[upkeep]\n|upkeep\n|turn|9\n|\n|t:|1700152218\n|move|p2a: Ogerpon|U-turn|p1a: Golem\n|-damage|p1a: Golem|82\/100\n|\n|t:|1700152224\n|switch|p2a: Toxapex|Toxapex, M|100\/100|[from] U-turn\n|move|p1a: Golem|Stone Edge|p2a: Toxapex\n|-crit|p2a: Toxapex\n|-damage|p2a: Toxapex|47\/100\n|\n|-weather|Snow|[upkeep]\n|-heal|p2a: Toxapex|53\/100|[from] item: Black Sludge\n|upkeep\n|turn|10\n|\n|t:|1700152231\n|move|p1a: Golem|Earthquake|p2a: Toxapex\n|-supereffective|p2a: Toxapex\n|-damage|p2a: Toxapex|22\/100\n|move|p2a: Toxapex|Recover|p2a: Toxapex\n|-heal|p2a: Toxapex|72\/100\n|\n|-weather|none\n|-heal|p2a: Toxapex|78\/100|[from] item: Black Sludge\n|upkeep\n|turn|11\n|\n|t:|1700152238\n|move|p2a: Toxapex|Baneful Bunker|p2a: Toxapex\n|-singleturn|p2a: Toxapex|move: Protect\n|move|p1a: Golem|Earthquake|p2a: Toxapex\n|-activate|p2a: Toxapex|move: Protect\n|\n|-heal|p2a: Toxapex|84\/100|[from] item: Black Sludge\n|upkeep\n|turn|12\n|\n|t:|1700152281\n|move|p1a: Golem|Earthquake|p2a: Toxapex\n|-supereffective|p2a: Toxapex\n|-damage|p2a: Toxapex|54\/100\n|move|p2a: Toxapex|Liquidation|p1a: Golem\n|-supereffective|p1a: Golem\n|-damage|p1a: Golem|18\/100\n|\n|-heal|p2a: Toxapex|61\/100|[from] item: Black Sludge\n|upkeep\n|turn|13\n|-enditem|p1a: Golem|Custap Berry|[eat]\n|-activate|p1a: Golem|item: Custap Berry|[consumed]\n|\n|t:|1700152293\n|-terastallize|p1a: Golem|Normal\n|move|p1a: Golem|Explosion|p2a: Toxapex\n|-damage|p2a: Toxapex|22\/100\n|faint|p1a: Golem\n|move|p2a: Toxapex|Recover|p2a: Toxapex\n|-heal|p2a: Toxapex|72\/100\n|\n|-heal|p2a: Toxapex|78\/100|[from] item: Black Sludge\n|upkeep\n|-message|Ffg534 forfeited.\n|\n|win|3lit\n|raw|Ffg534's rating: 1000 &rarr; <strong>1000<\/strong><br \/>(+0 for losing)\n|raw|3lit's rating: 1058 &rarr; <strong>1084<\/strong><br \/>(+26 for winning)\n|l|\u2606Ffg534\n","uploadtime":1700152304,"views":27,"p1id":"ffg534","p2id":"3lit","formatid":"gen9ou","rating":1000,"private":0,"password":""}