{"id":"gen9ou-1991314653","p1":"sabrinainainaina","p2":"PurifyingGhost","format":"[Gen 9] OU","log":"|j|\u2606sabrinainainaina\n|j|\u2606PurifyingGhost\n|t:|1700066808\n|gametype|singles\n|player|p1|sabrinainainaina|101|1073\n|player|p2|PurifyingGhost|raifort|1052\n|teamsize|p1|6\n|teamsize|p2|6\n|gen|9\n|tier|[Gen 9] OU\n|rated|\n|rule|Sleep Clause Mod: Limit one foe put to sleep\n|rule|Species Clause: Limit one of each Pok\u00e9mon\n|rule|OHKO Clause: OHKO moves are banned\n|rule|Evasion Items Clause: Evasion items are banned\n|rule|Evasion Moves Clause: Evasion moves are banned\n|rule|Endless Battle Clause: Forcing endless battles is banned\n|rule|HP Percentage Mod: HP is shown in percentages\n|clearpoke\n|poke|p1|Manaphy|\n|poke|p1|Gholdengo|\n|poke|p1|Glimmora, F|\n|poke|p1|Great Tusk|\n|poke|p1|Ninetales-Alola, M|\n|poke|p1|Zapdos|\n|poke|p2|Zoroark-Hisui, M|\n|poke|p2|Garganacl, F|\n|poke|p2|Cinderace, M|\n|poke|p2|Corviknight, M|\n|poke|p2|Clodsire, M|\n|poke|p2|Dragonite, F|\n|teampreview\n|inactive|Battle timer is ON: inactive players will automatically lose when time's up. (requested by sabrinainainaina)\n|\n|t:|1700066837\n|start\n|switch|p1a: Glimmora|Glimmora, F|100\/100\n|switch|p2a: Garganacl|Garganacl, F|100\/100\n|turn|1\n|\n|t:|1700066846\n|move|p1a: Glimmora|Stealth Rock|p2a: Garganacl\n|-sidestart|p2: PurifyingGhost|move: Stealth Rock\n|move|p2a: Garganacl|Earthquake|p1a: Glimmora\n|-supereffective|p1a: Glimmora\n|-damage|p1a: Glimmora|8\/100\n|-activate|p1a: Glimmora|ability: Toxic Debris\n|-sidestart|p2: PurifyingGhost|move: Toxic Spikes\n|\n|upkeep\n|turn|2\n|\n|t:|1700066872\n|move|p1a: Glimmora|Spikes|p2a: Garganacl\n|-sidestart|p2: PurifyingGhost|Spikes\n|move|p2a: Garganacl|Salt Cure|p1a: Glimmora\n|-damage|p1a: Glimmora|0 fnt\n|-activate|p1a: Glimmora|ability: Toxic Debris\n|-sidestart|p2: PurifyingGhost|move: Toxic Spikes\n|faint|p1a: Glimmora\n|\n|upkeep\n|\n|t:|1700066878\n|switch|p1a: Great Tusk|Great Tusk|100\/100\n|turn|3\n|\n|t:|1700066887\n|switch|p2a: Corviknight|Corviknight, M|100\/100\n|-damage|p2a: Corviknight|88\/100|[from] Stealth Rock\n|-ability|p2a: Corviknight|Pressure\n|move|p1a: Great Tusk|Knock Off|p2a: Corviknight\n|-damage|p2a: Corviknight|68\/100\n|-damage|p1a: Great Tusk|84\/100|[from] item: Rocky Helmet|[of] p2a: Corviknight\n|-enditem|p2a: Corviknight|Rocky Helmet|[from] move: Knock Off|[of] p1a: Great Tusk\n|\n|upkeep\n|turn|4\n|\n|t:|1700066896\n|move|p1a: Great Tusk|Close Combat|p2a: Corviknight\n|-damage|p2a: Corviknight|29\/100\n|-unboost|p1a: Great Tusk|def|1\n|-unboost|p1a: Great Tusk|spd|1\n|move|p2a: Corviknight|U-turn|p1a: Great Tusk\n|-resisted|p1a: Great Tusk\n|-damage|p1a: Great Tusk|76\/100\n|\n|t:|1700066905\n|switch|p2a: Cinderace|Cinderace, M|100\/100|[from] U-turn\n|\n|upkeep\n|turn|5\n|\n|t:|1700066910\n|move|p2a: Cinderace|Will-O-Wisp|p1a: Great Tusk\n|-status|p1a: Great Tusk|brn\n|move|p1a: Great Tusk|Headlong Rush|p2a: Cinderace\n|-supereffective|p2a: Cinderace\n|-damage|p2a: Cinderace|25\/100\n|-unboost|p1a: Great Tusk|def|1\n|-unboost|p1a: Great Tusk|spd|1\n|\n|-damage|p1a: Great Tusk|70\/100 brn|[from] brn\n|upkeep\n|turn|6\n|\n|t:|1700066913\n|move|p2a: Cinderace|Court Change|p2a: Cinderace\n|-swapsideconditions\n|-activate|p2a: Cinderace|move: Court Change\n|move|p1a: Great Tusk|Headlong Rush|p2a: Cinderace\n|-supereffective|p2a: Cinderace\n|-damage|p2a: Cinderace|0 fnt\n|-unboost|p1a: Great Tusk|def|1\n|-unboost|p1a: Great Tusk|spd|1\n|faint|p2a: Cinderace\n|\n|-damage|p1a: Great Tusk|64\/100 brn|[from] brn\n|upkeep\n|\n|t:|1700066919\n|switch|p2a: Garganacl|Garganacl, F|100\/100\n|turn|7\n|\n|t:|1700066922\n|move|p2a: Garganacl|Shadow Ball|p1a: Great Tusk\n|-damage|p1a: Great Tusk|0 fnt\n|faint|p1a: Great Tusk\n|-end|p1a: Great Tusk|Protosynthesis|[silent]\n|\n|upkeep\n|\n|t:|1700066931\n|switch|p1a: Gholdengo|Gholdengo|100\/100\n|-damage|p1a: Gholdengo|94\/100|[from] Stealth Rock\n|-damage|p1a: Gholdengo|82\/100|[from] Spikes\n|turn|8\n|\n|t:|1700066935\n|move|p2a: Garganacl|Shadow Ball|p1a: Gholdengo\n|-supereffective|p1a: Gholdengo\n|-damage|p1a: Gholdengo|0 fnt\n|faint|p1a: Gholdengo\n|\n|upkeep\n|\n|t:|1700066944\n|switch|p1a: Manaphy|Manaphy|100\/100\n|-damage|p1a: Manaphy|88\/100|[from] Stealth Rock\n|-status|p1a: Manaphy|tox\n|-damage|p1a: Manaphy|76\/100 tox|[from] Spikes\n|turn|9\n|\n|t:|1700066948\n|-terastallize|p2a: Garganacl|Ghost\n|move|p2a: Garganacl|Shadow Ball|p1a: Manaphy\n|-damage|p1a: Manaphy|10\/100 tox\n|move|p1a: Manaphy|Take Heart|p1a: Manaphy\n|-boost|p1a: Manaphy|spa|1\n|-boost|p1a: Manaphy|spd|1\n|-curestatus|p1a: Manaphy|tox|[msg]\n|\n|-heal|p1a: Manaphy|17\/100|[from] item: Leftovers\n|upkeep\n|turn|10\n|\n|t:|1700066962\n|move|p2a: Garganacl|Shadow Ball|p1a: Manaphy\n|-damage|p1a: Manaphy|0 fnt\n|faint|p1a: Manaphy\n|\n|upkeep\n|-message|sabrinainainaina forfeited.\n|\n|win|PurifyingGhost\n|raw|sabrinainainaina's rating: 1073 &rarr; <strong>1051<\/strong><br \/>(-22 for losing)\n|raw|PurifyingGhost's rating: 1052 &rarr; <strong>1086<\/strong><br \/>(+34 for winning)\n|l|\u2606sabrinainainaina\n","uploadtime":1700066974,"views":36,"p1id":"sabrinainainaina","p2id":"purifyingghost","formatid":"gen9ou","rating":1051,"private":0,"password":""}