{"id":"gen9ou-1989929268","p1":"Charmalane","p2":"jeandonis02","format":"[Gen 9] OU","log":"|j|\u2606Charmalane\n|j|\u2606jeandonis02\n|t:|1699907601\n|gametype|singles\n|player|p1|Charmalane|brawly|1542\n|player|p2|jeandonis02|169|1686\n|teamsize|p1|6\n|teamsize|p2|6\n|gen|9\n|tier|[Gen 9] OU\n|rated|\n|rule|Sleep Clause Mod: Limit one foe put to sleep\n|rule|Species Clause: Limit one of each Pok\u00e9mon\n|rule|OHKO Clause: OHKO moves are banned\n|rule|Evasion Items Clause: Evasion items are banned\n|rule|Evasion Moves Clause: Evasion moves are banned\n|rule|Endless Battle Clause: Forcing endless battles is banned\n|rule|HP Percentage Mod: HP is shown in percentages\n|clearpoke\n|poke|p1|Dragapult, M|\n|poke|p1|Weavile, M|\n|poke|p1|Ursaluna, M|\n|poke|p1|Alomomola, F|\n|poke|p1|Great Tusk|\n|poke|p1|Corviknight, M|\n|poke|p2|Garchomp, F|\n|poke|p2|Toxapex, M|\n|poke|p2|Ditto|\n|poke|p2|Great Tusk|\n|poke|p2|Dragapult, M|\n|poke|p2|Ceruledge, F|\n|teampreview\n|j| HotheadIsTheGoat\n|j| ThatJebshuckle\n|j| KappaHalo\n|\n|t:|1699907641\n|start\n|switch|p1a: Diplo|Dragapult, M|100\/100\n|switch|p2a: Ditto|Ditto|100\/100\n|-transform|p2a: Ditto|p1a: Diplo|[from] ability: Imposter\n|turn|1\n|l| HotheadIsTheGoat\n|inactive|Battle timer is ON: inactive players will automatically lose when time's up. (requested by jeandonis02)\n|\n|t:|1699907677\n|-terastallize|p1a: Diplo|Fairy\n|move|p2a: Ditto|U-turn|p1a: Diplo\n|-resisted|p1a: Diplo\n|-damage|p1a: Diplo|89\/100\n|\n|t:|1699907682\n|switch|p2a: Toxapex|Toxapex, M|100\/100|[from] U-turn\n|move|p1a: Diplo|Shadow Ball|p2a: Toxapex\n|-damage|p2a: Toxapex|70\/100\n|-unboost|p2a: Toxapex|spd|1\n|\n|-heal|p2a: Toxapex|76\/100|[from] item: Black Sludge\n|upkeep\n|turn|2\n|\n|t:|1699907691\n|switch|p1a: Banjo|Ursaluna, M|100\/100\n|move|p2a: Toxapex|Toxic|p1a: Banjo\n|-status|p1a: Banjo|tox\n|\n|-heal|p2a: Toxapex|82\/100|[from] item: Black Sludge\n|-damage|p1a: Banjo|94\/100 tox|[from] psn\n|upkeep\n|turn|3\n|\n|t:|1699907701\n|switch|p2a: Great Tusk|Great Tusk|100\/100\n|move|p1a: Banjo|Headlong Rush|p2a: Great Tusk\n|-damage|p2a: Great Tusk|49\/100\n|-unboost|p1a: Banjo|def|1\n|-unboost|p1a: Banjo|spd|1\n|\n|-heal|p2a: Great Tusk|55\/100|[from] item: Leftovers\n|-damage|p1a: Banjo|82\/100 tox|[from] psn\n|upkeep\n|turn|4\n|\n|t:|1699907721\n|switch|p1a: Ponyo|Alomomola, F|100\/100\n|move|p2a: Great Tusk|Knock Off|p1a: Ponyo\n|-damage|p1a: Ponyo|86\/100\n|-damage|p2a: Great Tusk|38\/100|[from] item: Rocky Helmet|[of] p1a: Ponyo\n|-enditem|p1a: Ponyo|Rocky Helmet|[from] move: Knock Off|[of] p2a: Great Tusk\n|\n|-heal|p2a: Great Tusk|45\/100|[from] item: Leftovers\n|upkeep\n|turn|5\n|\n|t:|1699907748\n|move|p2a: Great Tusk|Stealth Rock|p1a: Ponyo\n|-sidestart|p1: Charmalane|move: Stealth Rock\n|move|p1a: Ponyo|Scald|p2a: Great Tusk\n|-supereffective|p2a: Great Tusk\n|-damage|p2a: Great Tusk|11\/100\n|\n|-heal|p2a: Great Tusk|18\/100|[from] item: Leftovers\n|upkeep\n|turn|6\n|\n|t:|1699907756\n|move|p2a: Great Tusk|Earthquake|p1a: Ponyo\n|-damage|p1a: Ponyo|62\/100\n|move|p1a: Ponyo|Scald|p2a: Great Tusk\n|-supereffective|p2a: Great Tusk\n|-damage|p2a: Great Tusk|0 fnt\n|faint|p2a: Great Tusk\n|-end|p2a: Great Tusk|Protosynthesis|[silent]\n|\n|upkeep\n|\n|t:|1699907760\n|switch|p2a: Dragapult|Dragapult, M|100\/100\n|turn|7\n|\n|t:|1699907766\n|move|p1a: Ponyo|Protect|p1a: Ponyo\n|-singleturn|p1a: Ponyo|Protect\n|move|p2a: Dragapult|Dragon Dance|p2a: Dragapult\n|-boost|p2a: Dragapult|atk|1\n|-boost|p2a: Dragapult|spe|1\n|\n|upkeep\n|turn|8\n|\n|t:|1699907770\n|move|p2a: Dragapult|Dragon Dance|p2a: Dragapult\n|-boost|p2a: Dragapult|atk|1\n|-boost|p2a: Dragapult|spe|1\n|move|p1a: Ponyo|Scald|p2a: Dragapult\n|-resisted|p2a: Dragapult\n|-damage|p2a: Dragapult|91\/100\n|\n|upkeep\n|turn|9\n|\n|t:|1699907775\n|move|p2a: Dragapult|Dragon Dance|p2a: Dragapult\n|-boost|p2a: Dragapult|atk|1\n|-boost|p2a: Dragapult|spe|1\n|move|p1a: Ponyo|Scald|p2a: Dragapult\n|-resisted|p2a: Dragapult\n|-damage|p2a: Dragapult|81\/100\n|\n|upkeep\n|turn|10\n|\n|t:|1699907783\n|move|p2a: Dragapult|Substitute|p2a: Dragapult\n|-start|p2a: Dragapult|Substitute\n|-damage|p2a: Dragapult|56\/100\n|move|p1a: Ponyo|Scald|p2a: Dragapult\n|-resisted|p2a: Dragapult\n|-activate|p2a: Dragapult|move: Substitute|[damage]\n|\n|upkeep\n|turn|11\n|\n|t:|1699907790\n|move|p2a: Dragapult|Dragon Darts|p1a: Ponyo\n|-damage|p1a: Ponyo|24\/100\n|-anim|p2a: Dragapult|Dragon Darts|p1a: Ponyo\n|-damage|p1a: Ponyo|0 fnt\n|faint|p1a: Ponyo\n|\n|upkeep\n|\n|t:|1699907796\n|switch|p1a: Tembo|Great Tusk|100\/100\n|-damage|p1a: Tembo|98\/100|[from] Stealth Rock\n|turn|12\n|\n|t:|1699907801\n|move|p2a: Dragapult|Dragon Darts|p1a: Tembo\n|-damage|p1a: Tembo|63\/100\n|-anim|p2a: Dragapult|Dragon Darts|p1a: Tembo\n|-damage|p1a: Tembo|32\/100\n|move|p1a: Tembo|Knock Off|p2a: Dragapult\n|-supereffective|p2a: Dragapult\n|-end|p2a: Dragapult|Substitute\n|\n|upkeep\n|turn|13\n|\n|t:|1699907805\n|move|p2a: Dragapult|Dragon Darts|p1a: Tembo\n|-damage|p1a: Tembo|0 fnt\n|faint|p1a: Tembo\n|-end|p1a: Tembo|Protosynthesis|[silent]\n|\n|upkeep\n|\n|t:|1699907807\n|switch|p1a: Shadow|Weavile, M|100\/100\n|-ability|p1a: Shadow|Pressure\n|turn|14\n|\n|t:|1699907810\n|-terastallize|p2a: Dragapult|Fire\n|move|p1a: Shadow|Ice Shard|p2a: Dragapult\n|-resisted|p2a: Dragapult\n|-damage|p2a: Dragapult|43\/100\n|move|p2a: Dragapult|Tera Blast|p1a: Shadow|[anim] Tera Blast Fire\n|-supereffective|p1a: Shadow\n|-damage|p1a: Shadow|0 fnt\n|faint|p1a: Shadow\n|\n|upkeep\n|\n|t:|1699907816\n|switch|p1a: Raven Beak|Corviknight, M|100\/100\n|-damage|p1a: Raven Beak|88\/100|[from] Stealth Rock\n|-ability|p1a: Raven Beak|Pressure\n|turn|15\n|\n|t:|1699907819\n|move|p2a: Dragapult|Dragon Darts|p1a: Raven Beak\n|-resisted|p1a: Raven Beak\n|-damage|p1a: Raven Beak|59\/100\n|-anim|p2a: Dragapult|Dragon Darts|p1a: Raven Beak\n|-resisted|p1a: Raven Beak\n|-damage|p1a: Raven Beak|33\/100\n|move|p1a: Raven Beak|Brave Bird|p2a: Dragapult\n|-damage|p2a: Dragapult|0 fnt\n|faint|p2a: Dragapult\n|-damage|p1a: Raven Beak|22\/100|[from] Recoil\n|\n|-heal|p1a: Raven Beak|28\/100|[from] item: Leftovers\n|upkeep\n|\n|t:|1699907822\n|switch|p2a: Garchomp|Garchomp, F|100\/100\n|turn|16\n|l| ThatJebshuckle\n|\n|t:|1699907829\n|move|p2a: Garchomp|Fire Fang|p1a: Raven Beak\n|-supereffective|p1a: Raven Beak\n|-damage|p1a: Raven Beak|0 fnt\n|faint|p1a: Raven Beak\n|\n|upkeep\n|\n|t:|1699907832\n|switch|p1a: Diplo|Dragapult, M, tera:Fairy|89\/100\n|-damage|p1a: Diplo|77\/100|[from] Stealth Rock\n|turn|17\n|\n|t:|1699907836\n|switch|p2a: Toxapex|Toxapex, M|100\/100\n|move|p1a: Diplo|Draco Meteor|p2a: Toxapex\n|-damage|p2a: Toxapex|44\/100\n|-unboost|p1a: Diplo|spa|2\n|\n|-heal|p2a: Toxapex|50\/100|[from] item: Black Sludge\n|upkeep\n|turn|18\n|\n|t:|1699907842\n|switch|p1a: Banjo|Ursaluna, M|82\/100 tox\n|-damage|p1a: Banjo|76\/100 tox|[from] Stealth Rock\n|switch|p2a: Ceruledge|Ceruledge, F|100\/100\n|\n|-damage|p1a: Banjo|70\/100 tox|[from] psn\n|upkeep\n|turn|19\n|j| MarburgCOVEbola\n|\n|t:|1699907846\n|move|p2a: Ceruledge|Close Combat|p1a: Banjo\n|-supereffective|p1a: Banjo\n|-damage|p1a: Banjo|7\/100 tox\n|-unboost|p2a: Ceruledge|def|1\n|-unboost|p2a: Ceruledge|spd|1\n|move|p1a: Banjo|Headlong Rush|p2a: Ceruledge\n|-supereffective|p2a: Ceruledge\n|-enditem|p2a: Ceruledge|Focus Sash\n|-damage|p2a: Ceruledge|1\/100\n|-unboost|p1a: Banjo|def|1\n|-unboost|p1a: Banjo|spd|1\n|-ability|p2a: Ceruledge|Weak Armor|boost\n|-unboost|p2a: Ceruledge|def|1\n|-boost|p2a: Ceruledge|spe|2\n|\n|-damage|p1a: Banjo|0 fnt|[from] psn\n|faint|p1a: Banjo\n|upkeep\n|\n|t:|1699907849\n|switch|p1a: Diplo|Dragapult, M, tera:Fairy|77\/100\n|-damage|p1a: Diplo|65\/100|[from] Stealth Rock\n|turn|20\n|\n|t:|1699907852\n|move|p2a: Ceruledge|Bitter Blade|p1a: Diplo\n|-damage|p1a: Diplo|3\/100\n|-heal|p2a: Ceruledge|35\/100|[from] drain|[of] p1a: Diplo\n|move|p1a: Diplo|Shadow Ball|p2a: Ceruledge\n|-supereffective|p2a: Ceruledge\n|-damage|p2a: Ceruledge|0 fnt\n|faint|p2a: Ceruledge\n|\n|upkeep\n|\n|t:|1699907855\n|switch|p2a: Ditto|Ditto|100\/100\n|-transform|p2a: Ditto|p1a: Diplo|[from] ability: Imposter\n|turn|21\n|\n|t:|1699907857\n|move|p2a: Ditto|Shadow Ball|p1a: Diplo\n|-damage|p1a: Diplo|0 fnt\n|faint|p1a: Diplo\n|\n|win|jeandonis02\n|raw|Charmalane's rating: 1542 &rarr; <strong>1530<\/strong><br \/>(-12 for losing)\n|raw|jeandonis02's rating: 1686 &rarr; <strong>1698<\/strong><br \/>(+12 for winning)\n|l|\u2606jeandonis02\n","uploadtime":1699907860,"views":14,"p1id":"charmalane","p2id":"jeandonis02","formatid":"gen9ou","rating":1530,"private":0,"password":""}