{"id":"gen9ou-1990236082","p1":"Wiseblood2707","p2":"Sensei Milia","format":"[Gen 9] OU","log":"|j|\u2606Wiseblood2707\n|j|\u2606Sensei Milia\n|t:|1699942050\n|gametype|singles\n|player|p1|Wiseblood2707|giovanni|1232\n|player|p2|Sensei Milia|swimmerf|1223\n|teamsize|p1|6\n|teamsize|p2|6\n|gen|9\n|tier|[Gen 9] OU\n|rated|\n|rule|Sleep Clause Mod: Limit one foe put to sleep\n|rule|Species Clause: Limit one of each Pok\u00e9mon\n|rule|OHKO Clause: OHKO moves are banned\n|rule|Evasion Items Clause: Evasion items are banned\n|rule|Evasion Moves Clause: Evasion moves are banned\n|rule|Endless Battle Clause: Forcing endless battles is banned\n|rule|HP Percentage Mod: HP is shown in percentages\n|clearpoke\n|poke|p1|Kommo-o, F|\n|poke|p1|Ninetales-Alola, F|\n|poke|p1|Great Tusk|\n|poke|p1|Samurott-Hisui, F|\n|poke|p1|Iron Moth|\n|poke|p1|Corviknight, F|\n|poke|p2|Heatran, M|\n|poke|p2|Garganacl, M|\n|poke|p2|Ceruledge, F|\n|poke|p2|Clodsire, M|\n|poke|p2|Breloom, F|\n|poke|p2|Clefable, F|\n|teampreview\n|inactive|Battle timer is ON: inactive players will automatically lose when time's up. (requested by Sensei Milia)\n|\n|t:|1699942060\n|start\n|switch|p1a: Vergil|Samurott-Hisui, F|100\/100\n|switch|p2a: Heatran|Heatran, M, shiny|100\/100\n|-item|p2a: Heatran|Air Balloon\n|turn|1\n|\n|t:|1699942067\n|move|p1a: Vergil|Ceaseless Edge|p2a: Heatran\n|-damage|p2a: Heatran|67\/100\n|-enditem|p2a: Heatran|Air Balloon\n|-sidestart|p2: Sensei Milia|Spikes\n|move|p2a: Heatran|Magma Storm|p1a: Vergil\n|-resisted|p1a: Vergil\n|-damage|p1a: Vergil|70\/100\n|-activate|p1a: Vergil|move: Magma Storm|[of] p2a: Heatran\n|\n|-damage|p1a: Vergil|58\/100|[from] move: Magma Storm|[partiallytrapped]\n|upkeep\n|turn|2\n|\n|t:|1699942081\n|switch|p2a: Clefable|Clefable, F|100\/100\n|move|p1a: Vergil|Ceaseless Edge|p2a: Clefable\n|-resisted|p2a: Clefable\n|-damage|p2a: Clefable|79\/100\n|-sidestart|p2: Sensei Milia|Spikes\n|\n|-heal|p2a: Clefable|85\/100|[from] item: Leftovers\n|-end|p1a: Vergil|Magma Storm|[partiallytrapped]|[silent]\n|upkeep\n|turn|3\n|\n|t:|1699942101\n|switch|p1a: Corviknight|Corviknight, F|100\/100\n|-ability|p1a: Corviknight|Pressure\n|move|p2a: Clefable|Cosmic Power|p2a: Clefable\n|-boost|p2a: Clefable|def|1\n|-boost|p2a: Clefable|spd|1\n|\n|-heal|p2a: Clefable|91\/100|[from] item: Leftovers\n|upkeep\n|turn|4\n|\n|t:|1699942111\n|move|p1a: Corviknight|Iron Head|p2a: Clefable\n|-supereffective|p2a: Clefable\n|-crit|p2a: Clefable\n|-damage|p2a: Clefable|15\/100\n|move|p2a: Clefable|Cosmic Power|p2a: Clefable\n|-boost|p2a: Clefable|def|1\n|-boost|p2a: Clefable|spd|1\n|\n|-heal|p2a: Clefable|21\/100|[from] item: Leftovers\n|upkeep\n|turn|5\n|\n|t:|1699942119\n|move|p1a: Corviknight|Iron Head|p2a: Clefable\n|-supereffective|p2a: Clefable\n|-damage|p2a: Clefable|0 fnt\n|faint|p2a: Clefable\n|\n|upkeep\n|\n|t:|1699942121\n|switch|p2a: Breloom|Breloom, F|100\/100\n|-damage|p2a: Breloom|84\/100|[from] Spikes\n|turn|6\n|\n|t:|1699942137\n|switch|p1a: KillerMoth|Iron Moth|100\/100\n|-enditem|p1a: KillerMoth|Booster Energy\n|-activate|p1a: KillerMoth|ability: Quark Drive|[fromitem]\n|-start|p1a: KillerMoth|quarkdrivespe\n|move|p2a: Breloom|Spore|p1a: KillerMoth\n|-status|p1a: KillerMoth|slp|[from] move: Spore\n|\n|-status|p2a: Breloom|tox|[from] item: Toxic Orb\n|upkeep\n|turn|7\n|\n|t:|1699942150\n|cant|p1a: KillerMoth|slp\n|move|p2a: Breloom|Bulk Up|p2a: Breloom\n|-boost|p2a: Breloom|atk|1\n|-boost|p2a: Breloom|def|1\n|\n|-heal|p2a: Breloom|96\/100 tox|[from] ability: Poison Heal\n|upkeep\n|turn|8\n|\n|t:|1699942157\n|cant|p1a: KillerMoth|slp\n|move|p2a: Breloom|Bulk Up|p2a: Breloom\n|-boost|p2a: Breloom|atk|1\n|-boost|p2a: Breloom|def|1\n|\n|-heal|p2a: Breloom|100\/100 tox|[from] ability: Poison Heal\n|upkeep\n|turn|9\n|\n|t:|1699942163\n|cant|p1a: KillerMoth|slp\n|move|p2a: Breloom|Thunder Punch|p1a: KillerMoth\n|-damage|p1a: KillerMoth|39\/100 slp\n|\n|upkeep\n|turn|10\n|\n|t:|1699942168\n|switch|p2a: Heatran|Heatran, M, shiny|67\/100\n|-damage|p2a: Heatran|50\/100|[from] Spikes\n|-curestatus|p1a: KillerMoth|slp|[msg]\n|move|p1a: KillerMoth|Sludge Wave|p2a: Heatran\n|-immune|p2a: Heatran\n|\n|upkeep\n|turn|11\n|\n|t:|1699942180\n|-end|p1a: KillerMoth|Quark Drive|[silent]\n|switch|p1a: Gran Tosko|Great Tusk|100\/100\n|-enditem|p1a: Gran Tosko|Booster Energy\n|-activate|p1a: Gran Tosko|ability: Protosynthesis|[fromitem]\n|-start|p1a: Gran Tosko|protosynthesisatk\n|move|p2a: Heatran|Magma Storm|p1a: Gran Tosko|[miss]\n|-miss|p2a: Heatran|p1a: Gran Tosko\n|\n|upkeep\n|turn|12\n|\n|t:|1699942189\n|move|p1a: Gran Tosko|Headlong Rush|p2a: Heatran\n|-supereffective|p2a: Heatran\n|-damage|p2a: Heatran|0 fnt\n|-unboost|p1a: Gran Tosko|def|1\n|-unboost|p1a: Gran Tosko|spd|1\n|faint|p2a: Heatran\n|\n|upkeep\n|\n|t:|1699942200\n|switch|p2a: Clodsire|Clodsire, M|100\/100\n|-damage|p2a: Clodsire|84\/100|[from] Spikes\n|turn|13\n|\n|t:|1699942204\n|move|p1a: Gran Tosko|Headlong Rush|p2a: Clodsire\n|-supereffective|p2a: Clodsire\n|-damage|p2a: Clodsire|0 fnt\n|-unboost|p1a: Gran Tosko|def|1\n|-unboost|p1a: Gran Tosko|spd|1\n|faint|p2a: Clodsire\n|\n|upkeep\n|\n|t:|1699942210\n|switch|p2a: Breloom|Breloom, F|100\/100 tox\n|-damage|p2a: Breloom|84\/100 tox|[from] Spikes\n|turn|14\n|\n|t:|1699942216\n|move|p1a: Gran Tosko|Ice Spinner|p2a: Breloom\n|-supereffective|p2a: Breloom\n|-damage|p2a: Breloom|0 fnt\n|faint|p2a: Breloom\n|\n|upkeep\n|\n|t:|1699942220\n|switch|p2a: Ceruledge|Ceruledge, F|100\/100\n|-damage|p2a: Ceruledge|84\/100|[from] Spikes\n|turn|15\n|\n|t:|1699942227\n|move|p1a: Gran Tosko|Rapid Spin|p2a: Ceruledge\n|-immune|p2a: Ceruledge\n|move|p2a: Ceruledge|Will-O-Wisp|p1a: Gran Tosko\n|-status|p1a: Gran Tosko|brn\n|\n|-damage|p1a: Gran Tosko|94\/100 brn|[from] brn\n|upkeep\n|turn|16\n|\n|t:|1699942239\n|move|p1a: Gran Tosko|Headlong Rush|p2a: Ceruledge\n|-supereffective|p2a: Ceruledge\n|-damage|p2a: Ceruledge|12\/100\n|-unboost|p1a: Gran Tosko|def|1\n|-unboost|p1a: Gran Tosko|spd|1\n|-ability|p2a: Ceruledge|Weak Armor|boost\n|-unboost|p2a: Ceruledge|def|1\n|-boost|p2a: Ceruledge|spe|2\n|-enditem|p2a: Ceruledge|Weakness Policy\n|-boost|p2a: Ceruledge|atk|2|[from] item: Weakness Policy\n|-boost|p2a: Ceruledge|spa|2|[from] item: Weakness Policy\n|move|p2a: Ceruledge|Swords Dance|p2a: Ceruledge\n|-boost|p2a: Ceruledge|atk|2\n|\n|-damage|p1a: Gran Tosko|88\/100 brn|[from] brn\n|upkeep\n|turn|17\n|\n|t:|1699942254\n|move|p2a: Ceruledge|Bitter Blade|p1a: Gran Tosko\n|-damage|p1a: Gran Tosko|0 fnt\n|-heal|p2a: Ceruledge|58\/100|[from] drain|[of] p1a: Gran Tosko\n|faint|p1a: Gran Tosko\n|-end|p1a: Gran Tosko|Protosynthesis|[silent]\n|\n|upkeep\n|\n|t:|1699942260\n|switch|p1a: Vergil|Samurott-Hisui, F|58\/100\n|turn|18\n|\n|t:|1699942267\n|move|p2a: Ceruledge|Shadow Sneak|p1a: Vergil\n|-resisted|p1a: Vergil\n|-damage|p1a: Vergil|26\/100\n|move|p1a: Vergil|Aqua Jet|p2a: Ceruledge\n|-supereffective|p2a: Ceruledge\n|-damage|p2a: Ceruledge|10\/100\n|-ability|p2a: Ceruledge|Weak Armor|boost\n|-unboost|p2a: Ceruledge|def|1\n|-boost|p2a: Ceruledge|spe|2\n|\n|upkeep\n|turn|19\n|\n|t:|1699942285\n|switch|p1a: Ninetales|Ninetales-Alola, F|100\/100\n|-weather|Snow|[from] ability: Snow Warning|[of] p1a: Ninetales\n|move|p2a: Ceruledge|Shadow Sneak|p1a: Ninetales\n|-damage|p1a: Ninetales|63\/100\n|\n|-weather|Snow|[upkeep]\n|upkeep\n|turn|20\n|\n|t:|1699942298\n|-terastallize|p1a: Ninetales|Water\n|move|p2a: Ceruledge|Bitter Blade|p1a: Ninetales\n|-resisted|p1a: Ninetales\n|-damage|p1a: Ninetales|0 fnt\n|-heal|p2a: Ceruledge|40\/100|[from] drain|[of] p1a: Ninetales\n|faint|p1a: Ninetales\n|\n|-weather|Snow|[upkeep]\n|upkeep\n|\n|t:|1699942310\n|switch|p1a: KillerMoth|Iron Moth|39\/100\n|turn|21\n|\n|t:|1699942316\n|move|p2a: Ceruledge|Bitter Blade|p1a: KillerMoth\n|-resisted|p1a: KillerMoth\n|-damage|p1a: KillerMoth|0 fnt\n|-heal|p2a: Ceruledge|57\/100|[from] drain|[of] p1a: KillerMoth\n|faint|p1a: KillerMoth\n|-end|p1a: KillerMoth|Quark Drive|[silent]\n|\n|-weather|Snow|[upkeep]\n|upkeep\n|\n|t:|1699942324\n|switch|p1a: Corviknight|Corviknight, F|100\/100\n|-ability|p1a: Corviknight|Pressure\n|turn|22\n|\n|t:|1699942329\n|move|p2a: Ceruledge|Bitter Blade|p1a: Corviknight\n|-supereffective|p1a: Corviknight\n|-damage|p1a: Corviknight|0 fnt\n|-heal|p2a: Ceruledge|100\/100|[from] drain|[of] p1a: Corviknight\n|-damage|p2a: Ceruledge|84\/100|[from] item: Rocky Helmet|[of] p1a: Corviknight\n|faint|p1a: Corviknight\n|\n|-weather|Snow|[upkeep]\n|upkeep\n|-message|Wiseblood2707 forfeited.\n|\n|win|Sensei Milia\n|raw|Wiseblood2707's rating: 1232 &rarr; <strong>1206<\/strong><br \/>(-26 for losing)\n|raw|Sensei Milia's rating: 1223 &rarr; <strong>1249<\/strong><br \/>(+26 for winning)\n|l|\u2606Wiseblood2707\n","uploadtime":1699942341,"views":12,"p1id":"wiseblood2707","p2id":"senseimilia","formatid":"gen9ou","rating":1206,"private":0,"password":""}