{"id":"gen9ou-1999866321","p1":"Dennixy","p2":"PurifyingGhost","format":"[Gen 9] OU","log":"|j|\u2606Dennixy\n|j|\u2606PurifyingGhost\n|t:|1701124292\n|gametype|singles\n|player|p1|Dennixy|burglar|1385\n|player|p2|PurifyingGhost|li|1387\n|teamsize|p1|6\n|teamsize|p2|6\n|gen|9\n|tier|[Gen 9] OU\n|rated|\n|rule|Sleep Clause Mod: Limit one foe put to sleep\n|rule|Species Clause: Limit one of each Pok\u00e9mon\n|rule|OHKO Clause: OHKO moves are banned\n|rule|Evasion Items Clause: Evasion items are banned\n|rule|Evasion Moves Clause: Evasion moves are banned\n|rule|Endless Battle Clause: Forcing endless battles is banned\n|rule|HP Percentage Mod: HP is shown in percentages\n|clearpoke\n|poke|p1|Great Tusk|\n|poke|p1|Hoopa-Unbound|\n|poke|p1|Ninetales-Alola, F|\n|poke|p1|Dragapult, M|\n|poke|p1|Manaphy|\n|poke|p1|Samurott-Hisui, M|\n|poke|p2|Zoroark-Hisui, M|\n|poke|p2|Corviknight, M|\n|poke|p2|Lokix, F|\n|poke|p2|Ogerpon-Wellspring, F|\n|poke|p2|Kleavor, M|\n|poke|p2|Great Tusk|\n|teampreview\n|inactive|Battle timer is ON: inactive players will automatically lose when time's up. (requested by Dennixy)\n|inactive|Dennixy has 120 seconds left.\n|inactive|Dennixy has 90 seconds left.\n|\n|t:|1701124390\n|start\n|switch|p1a: Ninetales|Ninetales-Alola, F|100\/100\n|switch|p2a: Kleavor|Kleavor, M|100\/100\n|-weather|Snow|[from] ability: Snow Warning|[of] p1a: Ninetales\n|turn|1\n|\n|t:|1701124405\n|move|p2a: Kleavor|Stone Axe|p1a: Ninetales|[miss]\n|-miss|p2a: Kleavor|p1a: Ninetales\n|move|p1a: Ninetales|Aurora Veil|p1a: Ninetales\n|-sidestart|p1: Dennixy|move: Aurora Veil\n|\n|-weather|Snow|[upkeep]\n|upkeep\n|turn|2\n|\n|t:|1701124409\n|switch|p2a: Corviknight|Corviknight, M|100\/100\n|-ability|p2a: Corviknight|Pressure\n|switch|p1a: Great Tusk|Great Tusk|100\/100\n|\n|-weather|Snow|[upkeep]\n|upkeep\n|turn|3\n|\n|t:|1701124427\n|-end|p1a: Great Tusk|Protosynthesis|[silent]\n|switch|p1a: Dragapult|Dragapult, M|100\/100\n|move|p2a: Corviknight|Defog||[still]\n|-fail|p1a: Dragapult|unboost|[from] ability: Clear Body|[of] p1a: Dragapult\n|-sideend|p1: Dennixy|move: Aurora Veil\n|-fail|p2a: Corviknight\n|\n|-weather|Snow|[upkeep]\n|upkeep\n|turn|4\n|\n|t:|1701124435\n|move|p1a: Dragapult|Shadow Ball|p2a: Corviknight\n|-crit|p2a: Corviknight\n|-damage|p2a: Corviknight|29\/100\n|move|p2a: Corviknight|U-turn|p1a: Dragapult\n|-resisted|p1a: Dragapult\n|-damage|p1a: Dragapult|92\/100\n|\n|t:|1701124446\n|switch|p2a: Lokix|Lokix, F|100\/100|[from] U-turn\n|\n|-weather|Snow|[upkeep]\n|upkeep\n|turn|5\n|\n|t:|1701124453\n|move|p1a: Dragapult|Shadow Ball|p2a: Lokix\n|-resisted|p2a: Lokix\n|-damage|p2a: Lokix|52\/100\n|move|p2a: Lokix|U-turn|p1a: Dragapult\n|-resisted|p1a: Dragapult\n|-damage|p1a: Dragapult|25\/100\n|\n|t:|1701124457\n|switch|p2a: Kleavor|Kleavor, M|100\/100|[from] U-turn\n|\n|-weather|none\n|upkeep\n|turn|6\n|\n|t:|1701124460\n|switch|p1a: Great Tusk|Great Tusk|100\/100\n|move|p2a: Kleavor|Stone Axe|p1a: Great Tusk\n|-resisted|p1a: Great Tusk\n|-damage|p1a: Great Tusk|93\/100\n|-sidestart|p1: Dennixy|move: Stealth Rock\n|\n|-heal|p1a: Great Tusk|99\/100|[from] item: Leftovers\n|upkeep\n|turn|7\n|\n|t:|1701124480\n|switch|p2a: Ogerpon|Ogerpon-Wellspring, F|100\/100\n|move|p1a: Great Tusk|Ice Spinner|p2a: Ogerpon\n|-damage|p2a: Ogerpon|40\/100\n|replace|p2a: Zoroark|Zoroark-Hisui, M\n|-end|p2a: Zoroark|Illusion\n|\n|-heal|p1a: Great Tusk|100\/100|[from] item: Leftovers\n|upkeep\n|turn|8\n|\n|t:|1701124489\n|-end|p1a: Great Tusk|Protosynthesis|[silent]\n|switch|p1a: Samurott|Samurott-Hisui, M|100\/100\n|-damage|p1a: Samurott|88\/100|[from] Stealth Rock\n|move|p2a: Zoroark|Grass Knot|p1a: Samurott\n|-supereffective|p1a: Samurott\n|-damage|p1a: Samurott|11\/100\n|\n|upkeep\n|turn|9\n|\n|t:|1701124493\n|move|p1a: Samurott|Sucker Punch|p2a: Zoroark\n|-supereffective|p2a: Zoroark\n|-damage|p2a: Zoroark|0 fnt\n|faint|p2a: Zoroark\n|\n|upkeep\n|\n|t:|1701124496\n|switch|p2a: Kleavor|Kleavor, M|100\/100\n|turn|10\n|\n|t:|1701124499\n|move|p1a: Samurott|Sucker Punch|p2a: Kleavor\n|-damage|p2a: Kleavor|61\/100\n|move|p2a: Kleavor|U-turn|p1a: Samurott\n|-supereffective|p1a: Samurott\n|-damage|p1a: Samurott|0 fnt\n|faint|p1a: Samurott\n|\n|t:|1701124502\n|switch|p2a: Ogerpon|Ogerpon-Wellspring, F|100\/100|[from] U-turn\n|\n|upkeep\n|\n|t:|1701124511\n|switch|p1a: Ninetales|Ninetales-Alola, F|100\/100\n|-damage|p1a: Ninetales|76\/100|[from] Stealth Rock\n|-weather|Snow|[from] ability: Snow Warning|[of] p1a: Ninetales\n|turn|11\n|\n|t:|1701124518\n|move|p2a: Ogerpon|Ivy Cudgel|p1a: Ninetales|[anim] Ivy Cudgel Water\n|-crit|p1a: Ninetales\n|-damage|p1a: Ninetales|0 fnt\n|faint|p1a: Ninetales\n|\n|-weather|Snow|[upkeep]\n|upkeep\n|\n|t:|1701124525\n|switch|p1a: Dragapult|Dragapult, M|25\/100\n|-damage|p1a: Dragapult|13\/100|[from] Stealth Rock\n|turn|12\n|\n|t:|1701124542\n|switch|p2a: Corviknight|Corviknight, M|29\/100\n|-ability|p2a: Corviknight|Pressure\n|move|p1a: Dragapult|U-turn|p2a: Corviknight\n|-resisted|p2a: Corviknight\n|-damage|p2a: Corviknight|26\/100\n|-damage|p1a: Dragapult|0 fnt|[from] item: Rocky Helmet|[of] p2a: Corviknight\n|faint|p1a: Dragapult\n|\n|-weather|Snow|[upkeep]\n|upkeep\n|\n|t:|1701124554\n|switch|p1a: Manaphy|Manaphy|100\/100\n|-damage|p1a: Manaphy|88\/100|[from] Stealth Rock\n|turn|13\n|\n|t:|1701124558\n|move|p1a: Manaphy|Scald|p2a: Corviknight\n|-damage|p2a: Corviknight|0 fnt\n|faint|p2a: Corviknight\n|\n|-weather|Snow|[upkeep]\n|upkeep\n|\n|t:|1701124565\n|switch|p2a: Ogerpon|Ogerpon-Wellspring, F|100\/100\n|turn|14\n|\n|t:|1701124568\n|move|p2a: Ogerpon|Power Whip|p1a: Manaphy\n|-supereffective|p1a: Manaphy\n|-damage|p1a: Manaphy|0 fnt\n|faint|p1a: Manaphy\n|\n|-weather|Snow|[upkeep]\n|upkeep\n|\n|t:|1701124572\n|switch|p1a: Great Tusk|Great Tusk|100\/100\n|-damage|p1a: Great Tusk|97\/100|[from] Stealth Rock\n|turn|15\n|\n|t:|1701124577\n|-terastallize|p1a: Great Tusk|Grass\n|move|p2a: Ogerpon|Ivy Cudgel|p1a: Great Tusk|[anim] Ivy Cudgel Water\n|-resisted|p1a: Great Tusk\n|-crit|p1a: Great Tusk\n|-damage|p1a: Great Tusk|71\/100\n|move|p1a: Great Tusk|Rapid Spin|p2a: Ogerpon\n|-damage|p2a: Ogerpon|78\/100\n|-boost|p1a: Great Tusk|spe|1\n|-sideend|p1: Dennixy|Stealth Rock|[from] move: Rapid Spin|[of] p1a: Great Tusk\n|\n|-weather|none\n|-heal|p1a: Great Tusk|77\/100|[from] item: Leftovers\n|upkeep\n|turn|16\n|\n|t:|1701124593\n|move|p2a: Ogerpon|Ivy Cudgel|p1a: Great Tusk|[anim] Ivy Cudgel Water\n|-resisted|p1a: Great Tusk\n|-damage|p1a: Great Tusk|59\/100\n|move|p1a: Great Tusk|Close Combat|p2a: Ogerpon\n|-damage|p2a: Ogerpon|0 fnt\n|-unboost|p1a: Great Tusk|def|1\n|-unboost|p1a: Great Tusk|spd|1\n|faint|p2a: Ogerpon\n|\n|-heal|p1a: Great Tusk|65\/100|[from] item: Leftovers\n|upkeep\n|\n|t:|1701124596\n|switch|p2a: Lokix|Lokix, F|52\/100\n|turn|17\n|\n|t:|1701124601\n|-end|p1a: Great Tusk|Protosynthesis|[silent]\n|switch|p1a: Hoopa|Hoopa-Unbound|100\/100\n|move|p2a: Lokix|First Impression|p1a: Hoopa\n|-supereffective|p1a: Hoopa\n|-damage|p1a: Hoopa|0 fnt\n|faint|p1a: Hoopa\n|\n|upkeep\n|\n|t:|1701124603\n|switch|p1a: Great Tusk|Great Tusk, tera:Grass|65\/100\n|turn|18\n|\n|t:|1701124606\n|switch|p2a: Great Tusk|Great Tusk|100\/100\n|-enditem|p2a: Great Tusk|Booster Energy\n|-activate|p2a: Great Tusk|ability: Protosynthesis|[fromitem]\n|-start|p2a: Great Tusk|protosynthesisspe\n|move|p1a: Great Tusk|Rapid Spin|p2a: Great Tusk\n|-damage|p2a: Great Tusk|90\/100\n|-boost|p1a: Great Tusk|spe|1\n|\n|-heal|p1a: Great Tusk|72\/100|[from] item: Leftovers\n|upkeep\n|turn|19\n|\n|t:|1701124610\n|move|p2a: Great Tusk|Ice Spinner|p1a: Great Tusk\n|-supereffective|p1a: Great Tusk\n|-damage|p1a: Great Tusk|43\/100\n|move|p1a: Great Tusk|Ice Spinner|p2a: Great Tusk\n|-supereffective|p2a: Great Tusk\n|-damage|p2a: Great Tusk|57\/100\n|\n|-heal|p1a: Great Tusk|49\/100|[from] item: Leftovers\n|upkeep\n|turn|20\n|\n|t:|1701124612\n|move|p2a: Great Tusk|Ice Spinner|p1a: Great Tusk\n|-supereffective|p1a: Great Tusk\n|-damage|p1a: Great Tusk|22\/100\n|move|p1a: Great Tusk|Rapid Spin|p2a: Great Tusk\n|-damage|p2a: Great Tusk|45\/100\n|-boost|p1a: Great Tusk|spe|1\n|\n|-heal|p1a: Great Tusk|28\/100|[from] item: Leftovers\n|upkeep\n|turn|21\n|\n|t:|1701124615\n|move|p1a: Great Tusk|Ice Spinner|p2a: Great Tusk\n|-supereffective|p2a: Great Tusk\n|-crit|p2a: Great Tusk\n|-damage|p2a: Great Tusk|0 fnt\n|faint|p2a: Great Tusk\n|-end|p2a: Great Tusk|Protosynthesis|[silent]\n|\n|-heal|p1a: Great Tusk|34\/100|[from] item: Leftovers\n|upkeep\n|\n|t:|1701124617\n|switch|p2a: Lokix|Lokix, F|52\/100\n|turn|22\n|\n|t:|1701124621\n|-terastallize|p2a: Lokix|Bug\n|move|p2a: Lokix|First Impression|p1a: Great Tusk\n|-supereffective|p1a: Great Tusk\n|-crit|p1a: Great Tusk\n|-damage|p1a: Great Tusk|0 fnt\n|faint|p1a: Great Tusk\n|-end|p1a: Great Tusk|Protosynthesis|[silent]\n|\n|win|PurifyingGhost\n|raw|Dennixy's rating: 1385 &rarr; <strong>1365<\/strong><br \/>(-20 for losing)\n|raw|PurifyingGhost's rating: 1387 &rarr; <strong>1407<\/strong><br \/>(+20 for winning)\n","uploadtime":1701124628,"views":2,"p1id":"dennixy","p2id":"purifyingghost","formatid":"gen9ou","rating":1365,"private":0,"password":""}