{"id":"gen9ou-1993496181","p1":"SaltwaterHydreigon","p2":"illneverchooseyou","format":"[Gen 9] OU","log":"|j|\u2606SaltwaterHydreigon\n|j|\u2606illneverchooseyou\n|t:|1700324786\n|gametype|singles\n|player|p1|SaltwaterHydreigon|hilbert|1459\n|player|p2|illneverchooseyou|psychic-gen4|1529\n|teamsize|p1|6\n|teamsize|p2|6\n|gen|9\n|tier|[Gen 9] OU\n|rated|\n|rule|Sleep Clause Mod: Limit one foe put to sleep\n|rule|Species Clause: Limit one of each Pok\u00e9mon\n|rule|OHKO Clause: OHKO moves are banned\n|rule|Evasion Items Clause: Evasion items are banned\n|rule|Evasion Moves Clause: Evasion moves are banned\n|rule|Endless Battle Clause: Forcing endless battles is banned\n|rule|HP Percentage Mod: HP is shown in percentages\n|clearpoke\n|poke|p1|Volcanion|\n|poke|p1|Glimmora, F|\n|poke|p1|Ninetales-Alola, M|\n|poke|p1|Kingambit, M|\n|poke|p1|Thundurus-Therian, M|\n|poke|p1|Iron Valiant|\n|poke|p2|Great Tusk|\n|poke|p2|Ursaluna, F|\n|poke|p2|Slowking-Galar, F|\n|poke|p2|Alomomola, M|\n|poke|p2|Mandibuzz, F|\n|poke|p2|Dragapult, F|\n|teampreview\n|inactive|Battle timer is ON: inactive players will automatically lose when time's up. (requested by SaltwaterHydreigon)\n|\n|t:|1700324799\n|start\n|switch|p1a: Glimmora|Glimmora, F|100\/100\n|switch|p2a: Dragapult|Dragapult, F|100\/100\n|turn|1\n|\n|t:|1700324806\n|move|p2a: Dragapult|U-turn|p1a: Glimmora\n|-resisted|p1a: Glimmora\n|-damage|p1a: Glimmora|90\/100\n|-activate|p1a: Glimmora|ability: Toxic Debris\n|-sidestart|p2: illneverchooseyou|move: Toxic Spikes\n|\n|t:|1700324808\n|switch|p2a: Slowking|Slowking-Galar, F, shiny|100\/100|[from] U-turn\n|-sideend|p2: illneverchooseyou|move: Toxic Spikes|[of] p2a: Slowking\n|move|p1a: Glimmora|Stealth Rock|p2a: Slowking\n|-sidestart|p2: illneverchooseyou|move: Stealth Rock\n|\n|upkeep\n|turn|2\n|\n|t:|1700324816\n|move|p1a: Glimmora|Earth Power|p2a: Slowking\n|-supereffective|p2a: Slowking\n|-damage|p2a: Slowking|66\/100\n|move|p2a: Slowking|Future Sight|p1a: Glimmora\n|-start|p2a: Slowking|move: Future Sight\n|\n|upkeep\n|turn|3\n|\n|t:|1700324824\n|move|p1a: Glimmora|Earth Power|p2a: Slowking\n|-supereffective|p2a: Slowking\n|-damage|p2a: Slowking|29\/100\n|move|p2a: Slowking|Chilly Reception|p2a: Slowking\n|-weather|Snow\n|\n|t:|1700324828\n|switch|p2a: Great Tusk|Great Tusk|100\/100|[from] Chilly Reception\n|\n|-weather|Snow|[upkeep]\n|upkeep\n|turn|4\n|\n|t:|1700324834\n|move|p2a: Great Tusk|Rapid Spin|p1a: Glimmora\n|-resisted|p1a: Glimmora\n|-damage|p1a: Glimmora|81\/100\n|-boost|p2a: Great Tusk|spe|1\n|-activate|p1a: Glimmora|ability: Toxic Debris\n|-sidestart|p2: illneverchooseyou|move: Toxic Spikes\n|-sideend|p2: illneverchooseyou|Toxic Spikes|[from] move: Rapid Spin|[of] p2a: Great Tusk\n|-sideend|p2: illneverchooseyou|Stealth Rock|[from] move: Rapid Spin|[of] p2a: Great Tusk\n|move|p1a: Glimmora|Energy Ball|p2a: Great Tusk\n|-supereffective|p2a: Great Tusk\n|-damage|p2a: Great Tusk|9\/100\n|\n|-weather|Snow|[upkeep]\n|-end|p1a: Glimmora|move: Future Sight\n|-supereffective|p1a: Glimmora\n|-damage|p1a: Glimmora|0 fnt\n|faint|p1a: Glimmora\n|upkeep\n|\n|t:|1700324849\n|switch|p1a: Ninetales|Ninetales-Alola, M|100\/100\n|turn|5\n|\n|t:|1700324852\n|move|p2a: Great Tusk|Stealth Rock|p1a: Ninetales\n|-sidestart|p1: SaltwaterHydreigon|move: Stealth Rock\n|move|p1a: Ninetales|Aurora Veil|p1a: Ninetales\n|-sidestart|p1: SaltwaterHydreigon|move: Aurora Veil\n|\n|-weather|Snow|[upkeep]\n|upkeep\n|turn|6\n|\n|t:|1700324861\n|-end|p2a: Great Tusk|Protosynthesis|[silent]\n|switch|p2a: Slowking|Slowking-Galar, F, shiny|62\/100\n|move|p1a: Ninetales|Freeze-Dry|p2a: Slowking\n|-damage|p2a: Slowking|50\/100\n|\n|-weather|Snow|[upkeep]\n|upkeep\n|turn|7\n|\n|t:|1700324872\n|switch|p1a: Doughnut Spider|Volcanion|100\/100\n|-damage|p1a: Doughnut Spider|75\/100|[from] Stealth Rock\n|move|p2a: Slowking|Chilly Reception|p2a: Slowking\n|\n|t:|1700324886\n|switch|p2a: Great Tusk|Great Tusk|9\/100|[from] Chilly Reception\n|\n|-weather|none\n|-heal|p1a: Doughnut Spider|82\/100|[from] item: Leftovers\n|upkeep\n|turn|8\n|\n|t:|1700324905\n|-end|p2a: Great Tusk|Protosynthesis|[silent]\n|switch|p2a: Slowking|Slowking-Galar, F, shiny|83\/100\n|move|p1a: Doughnut Spider|Steam Eruption|p2a: Slowking\n|-damage|p2a: Slowking|45\/100\n|\n|-heal|p1a: Doughnut Spider|88\/100|[from] item: Leftovers\n|upkeep\n|turn|9\n|\n|t:|1700324913\n|move|p1a: Doughnut Spider|Steam Eruption|p2a: Slowking\n|-damage|p2a: Slowking|5\/100\n|move|p2a: Slowking|Chilly Reception|p2a: Slowking\n|-weather|Snow\n|\n|t:|1700324922\n|switch|p2a: Great Tusk|Great Tusk|9\/100|[from] Chilly Reception\n|\n|-weather|Snow|[upkeep]\n|-heal|p1a: Doughnut Spider|94\/100|[from] item: Leftovers\n|upkeep\n|turn|10\n|\n|t:|1700324928\n|move|p2a: Great Tusk|Headlong Rush|p1a: Doughnut Spider\n|-supereffective|p1a: Doughnut Spider\n|-damage|p1a: Doughnut Spider|42\/100\n|-unboost|p2a: Great Tusk|def|1\n|-unboost|p2a: Great Tusk|spd|1\n|move|p1a: Doughnut Spider|Steam Eruption|p2a: Great Tusk\n|-supereffective|p2a: Great Tusk\n|-crit|p2a: Great Tusk\n|-damage|p2a: Great Tusk|0 fnt\n|faint|p2a: Great Tusk\n|-end|p2a: Great Tusk|Protosynthesis|[silent]\n|\n|-weather|Snow|[upkeep]\n|-heal|p1a: Doughnut Spider|48\/100|[from] item: Leftovers\n|upkeep\n|\n|t:|1700324945\n|switch|p2a: Mandibuzz|Mandibuzz, F|100\/100\n|turn|11\n|\n|t:|1700324949\n|move|p2a: Mandibuzz|Toxic|p1a: Doughnut Spider\n|-status|p1a: Doughnut Spider|tox\n|move|p1a: Doughnut Spider|Steam Eruption|p2a: Mandibuzz\n|-damage|p2a: Mandibuzz|51\/100\n|\n|-weather|Snow|[upkeep]\n|-heal|p1a: Doughnut Spider|54\/100 tox|[from] item: Leftovers\n|-damage|p1a: Doughnut Spider|48\/100 tox|[from] psn\n|upkeep\n|turn|12\n|\n|t:|1700324958\n|move|p2a: Mandibuzz|Roost|p2a: Mandibuzz\n|-heal|p2a: Mandibuzz|100\/100\n|-singleturn|p2a: Mandibuzz|move: Roost\n|move|p1a: Doughnut Spider|Steam Eruption|p2a: Mandibuzz\n|-damage|p2a: Mandibuzz|53\/100\n|\n|-weather|Snow|[upkeep]\n|-heal|p1a: Doughnut Spider|54\/100 tox|[from] item: Leftovers\n|-damage|p1a: Doughnut Spider|42\/100 tox|[from] psn\n|-sideend|p1: SaltwaterHydreigon|move: Aurora Veil\n|upkeep\n|turn|13\n|\n|t:|1700324968\n|move|p2a: Mandibuzz|Roost|p2a: Mandibuzz\n|-heal|p2a: Mandibuzz|100\/100\n|-singleturn|p2a: Mandibuzz|move: Roost\n|move|p1a: Doughnut Spider|Steam Eruption|p2a: Mandibuzz\n|-damage|p2a: Mandibuzz|57\/100\n|\n|-weather|none\n|-heal|p1a: Doughnut Spider|48\/100 tox|[from] item: Leftovers\n|-damage|p1a: Doughnut Spider|30\/100 tox|[from] psn\n|upkeep\n|turn|14\n|\n|t:|1700324989\n|switch|p2a: Dragapult|Dragapult, F|100\/100\n|switch|p1a: Ninetales|Ninetales-Alola, M|100\/100\n|-damage|p1a: Ninetales|76\/100|[from] Stealth Rock\n|-weather|Snow|[from] ability: Snow Warning|[of] p1a: Ninetales\n|\n|-weather|Snow|[upkeep]\n|upkeep\n|turn|15\n|\n|t:|1700324998\n|move|p2a: Dragapult|Will-O-Wisp|p1a: Ninetales|[miss]\n|-miss|p2a: Dragapult|p1a: Ninetales\n|move|p1a: Ninetales|Aurora Veil|p1a: Ninetales\n|-sidestart|p1: SaltwaterHydreigon|move: Aurora Veil\n|\n|-weather|Snow|[upkeep]\n|upkeep\n|turn|16\n|\n|t:|1700325003\n|move|p2a: Dragapult|U-turn|p1a: Ninetales\n|-resisted|p1a: Ninetales\n|-damage|p1a: Ninetales|72\/100\n|\n|t:|1700325006\n|switch|p2a: Slowking|Slowking-Galar, F, shiny|38\/100|[from] U-turn\n|move|p1a: Ninetales|Freeze-Dry|p2a: Slowking\n|-damage|p2a: Slowking|26\/100\n|-status|p2a: Slowking|frz\n|\n|-weather|Snow|[upkeep]\n|upkeep\n|turn|17\n|c|\u2606illneverchooseyou|Wonderful stuff from the greatest competitive game of all time\n|c|\u2606illneverchooseyou|Lol\n|\n|t:|1700325025\n|switch|p1a: Thundurus|Thundurus-Therian, M|100\/100\n|-damage|p1a: Thundurus|76\/100|[from] Stealth Rock\n|cant|p2a: Slowking|frz\n|\n|-weather|Snow|[upkeep]\n|upkeep\n|turn|18\n|\n|t:|1700325034\n|move|p1a: Thundurus|Nasty Plot|p1a: Thundurus\n|-boost|p1a: Thundurus|spa|2\n|cant|p2a: Slowking|frz\n|\n|-weather|none\n|upkeep\n|turn|19\n|\n|t:|1700325040\n|move|p1a: Thundurus|Wildbolt Storm|p2a: Slowking|[miss]\n|-miss|p1a: Thundurus|p2a: Slowking\n|cant|p2a: Slowking|frz\n|\n|upkeep\n|turn|20\n|\n|t:|1700325047\n|switch|p2a: Ursaluna|Ursaluna, F|100\/100\n|move|p1a: Thundurus|Wildbolt Storm|p2a: Ursaluna\n|-immune|p2a: Ursaluna\n|\n|-status|p2a: Ursaluna|brn|[from] item: Flame Orb\n|upkeep\n|turn|21\n|\n|t:|1700325059\n|switch|p2a: Dragapult|Dragapult, F|100\/100\n|move|p1a: Thundurus|Grass Knot|p2a: Dragapult\n|-resisted|p2a: Dragapult\n|-damage|p2a: Dragapult|61\/100\n|\n|-heal|p2a: Dragapult|67\/100|[from] item: Leftovers\n|upkeep\n|turn|22\n|\n|t:|1700325070\n|move|p2a: Dragapult|Curse|p1a: Thundurus\n|-start|p1a: Thundurus|Curse|[of] p2a: Dragapult\n|-damage|p2a: Dragapult|17\/100\n|move|p1a: Thundurus|Wildbolt Storm|p2a: Dragapult\n|-resisted|p2a: Dragapult\n|-damage|p2a: Dragapult|0 fnt\n|faint|p2a: Dragapult\n|\n|-damage|p1a: Thundurus|51\/100|[from] Curse\n|-sideend|p1: SaltwaterHydreigon|move: Aurora Veil\n|upkeep\n|\n|t:|1700325082\n|switch|p2a: Slowking|Slowking-Galar, F, shiny|59\/100 frz\n|turn|23\n|\n|t:|1700325089\n|switch|p2a: Ursaluna|Ursaluna, F|100\/100 brn\n|move|p1a: Thundurus|Wildbolt Storm|p2a: Ursaluna\n|-immune|p2a: Ursaluna\n|\n|-damage|p2a: Ursaluna|94\/100 brn|[from] brn\n|-damage|p1a: Thundurus|26\/100|[from] Curse\n|upkeep\n|turn|24\n|\n|t:|1700325099\n|switch|p2a: Slowking|Slowking-Galar, F, shiny|92\/100 frz\n|move|p1a: Thundurus|Grass Knot|p2a: Slowking\n|-resisted|p2a: Slowking\n|-damage|p2a: Slowking|74\/100 frz\n|\n|-damage|p1a: Thundurus|2\/100|[from] Curse\n|upkeep\n|-enditem|p1a: Thundurus|Salac Berry|[eat]\n|-boost|p1a: Thundurus|spe|1|[from] item: Salac Berry\n|turn|25\n|\n|t:|1700325108\n|move|p1a: Thundurus|Grass Knot|p2a: Slowking\n|-resisted|p2a: Slowking\n|-damage|p2a: Slowking|55\/100 frz\n|cant|p2a: Slowking|frz\n|\n|-damage|p1a: Thundurus|0 fnt|[from] Curse\n|faint|p1a: Thundurus\n|upkeep\n|\n|t:|1700325122\n|switch|p1a: Iron Valiant|Iron Valiant|100\/100\n|-damage|p1a: Iron Valiant|94\/100|[from] Stealth Rock\n|-enditem|p1a: Iron Valiant|Booster Energy\n|-activate|p1a: Iron Valiant|ability: Quark Drive|[fromitem]\n|-start|p1a: Iron Valiant|quarkdrivespe\n|turn|26\n|\n|t:|1700325129\n|move|p1a: Iron Valiant|Swords Dance|p1a: Iron Valiant\n|-boost|p1a: Iron Valiant|atk|2\n|cant|p2a: Slowking|frz\n|\n|upkeep\n|turn|27\n|c|\u2606illneverchooseyou|Jesus fucking Christ man \ud83d\ude2d\n|c|\u2606illneverchooseyou|It's been like 6 turns\n|\n|t:|1700325144\n|switch|p2a: Alomomola|Alomomola, M|100\/100\n|-terastallize|p1a: Iron Valiant|Dark\n|move|p1a: Iron Valiant|Knock Off|p2a: Alomomola\n|-damage|p2a: Alomomola|45\/100\n|-damage|p1a: Iron Valiant|78\/100|[from] item: Rocky Helmet|[of] p2a: Alomomola\n|-enditem|p2a: Alomomola|Rocky Helmet|[from] move: Knock Off|[of] p1a: Iron Valiant\n|\n|upkeep\n|turn|28\n|c|\u2606SaltwaterHydreigon|it does suck\n|\n|t:|1700325160\n|move|p1a: Iron Valiant|Spirit Break|p2a: Alomomola\n|-damage|p2a: Alomomola|1\/100\n|-unboost|p2a: Alomomola|spa|1\n|move|p2a: Alomomola|Flip Turn|p1a: Iron Valiant\n|-damage|p1a: Iron Valiant|56\/100\n|c|\u2606illneverchooseyou|It's so frustrating\n|inactive|illneverchooseyou has 120 seconds left.\n|c|\u2606illneverchooseyou|Even when I'm playing well there's so many times when I lose to rng\n|\n|t:|1700325200\n|switch|p2a: Mandibuzz|Mandibuzz, F|57\/100|[from] Flip Turn\n|\n|upkeep\n|turn|29\n|c|\u2606SaltwaterHydreigon|i feel that, freeze is just unreliable so its a pain when it actually happens\n|\n|t:|1700325212\n|-terastallize|p2a: Mandibuzz|Poison\n|move|p1a: Iron Valiant|Spirit Break|p2a: Mandibuzz\n|-resisted|p2a: Mandibuzz\n|-damage|p2a: Mandibuzz|34\/100\n|-unboost|p2a: Mandibuzz|spa|1\n|move|p2a: Mandibuzz|Foul Play|p1a: Iron Valiant\n|-resisted|p1a: Iron Valiant\n|-damage|p1a: Iron Valiant|0 fnt\n|faint|p1a: Iron Valiant\n|-end|p1a: Iron Valiant|Quark Drive|[silent]\n|\n|upkeep\n|\n|t:|1700325224\n|switch|p1a: Doughnut Spider|Volcanion|30\/100 tox\n|-damage|p1a: Doughnut Spider|5\/100 tox|[from] Stealth Rock\n|turn|30\n|\n|t:|1700325233\n|switch|p2a: Slowking|Slowking-Galar, F, shiny|88\/100 frz\n|move|p1a: Doughnut Spider|Earth Power|p2a: Slowking\n|-supereffective|p2a: Slowking\n|-crit|p2a: Slowking\n|-damage|p2a: Slowking|24\/100 frz\n|\n|-heal|p1a: Doughnut Spider|11\/100 tox|[from] item: Leftovers\n|-damage|p1a: Doughnut Spider|5\/100 tox|[from] psn\n|upkeep\n|turn|31\n|inactive|illneverchooseyou has 120 seconds left.\n|\n|t:|1700325256\n|move|p1a: Doughnut Spider|Earth Power|p2a: Slowking\n|-supereffective|p2a: Slowking\n|-damage|p2a: Slowking|0 fnt\n|faint|p2a: Slowking\n|\n|-heal|p1a: Doughnut Spider|11\/100 tox|[from] item: Leftovers\n|-damage|p1a: Doughnut Spider|0 fnt|[from] psn\n|faint|p1a: Doughnut Spider\n|upkeep\n|\n|t:|1700325272\n|switch|p1a: Kingambit|Kingambit, M|100\/100\n|switch|p2a: Ursaluna|Ursaluna, F|94\/100 brn\n|-damage|p1a: Kingambit|94\/100|[from] Stealth Rock\n|-activate|p1a: Kingambit|ability: Supreme Overlord\n|-start|p1a: Kingambit|fallen4|[silent]\n|turn|32\n|\n|t:|1700325284\n|-end|p1a: Kingambit|fallen4|[silent]\n|switch|p1a: Ninetales|Ninetales-Alola, M|72\/100\n|-damage|p1a: Ninetales|47\/100|[from] Stealth Rock\n|-weather|Snow|[from] ability: Snow Warning|[of] p1a: Ninetales\n|move|p2a: Ursaluna|Headlong Rush|p1a: Ninetales\n|-damage|p1a: Ninetales|0 fnt\n|-unboost|p2a: Ursaluna|def|1\n|-unboost|p2a: Ursaluna|spd|1\n|faint|p1a: Ninetales\n|\n|-weather|Snow|[upkeep]\n|-damage|p2a: Ursaluna|88\/100 brn|[from] brn\n|upkeep\n|\n|t:|1700325295\n|switch|p1a: Kingambit|Kingambit, M|94\/100\n|-damage|p1a: Kingambit|88\/100|[from] Stealth Rock\n|-activate|p1a: Kingambit|ability: Supreme Overlord\n|-start|p1a: Kingambit|fallen5|[silent]\n|turn|33\n|\n|t:|1700325305\n|move|p1a: Kingambit|Swords Dance|p1a: Kingambit\n|-boost|p1a: Kingambit|atk|2\n|move|p2a: Ursaluna|Headlong Rush|p1a: Kingambit\n|-supereffective|p1a: Kingambit\n|-damage|p1a: Kingambit|0 fnt\n|-unboost|p2a: Ursaluna|def|1\n|-unboost|p2a: Ursaluna|spd|1\n|faint|p1a: Kingambit\n|-end|p1a: Kingambit|fallen5|[silent]\n|\n|win|illneverchooseyou\n|raw|SaltwaterHydreigon's rating: 1459 &rarr; <strong>1443<\/strong><br \/>(-16 for losing)\n|raw|illneverchooseyou's rating: 1529 &rarr; <strong>1545<\/strong><br \/>(+16 for winning)\n|c|\u2606illneverchooseyou|Gg\n|c|\u2606SaltwaterHydreigon|gg\n|l|\u2606SaltwaterHydreigon\n|c|\u2606illneverchooseyou|Can't believe it tbh\n|l|\u2606illneverchooseyou\n|j|\u2606illneverchooseyou\n|player|p2|illneverchooseyou|psychic-gen4\n|l|\u2606illneverchooseyou\n|player|p2|\n|j|\u2606illneverchooseyou\n|player|p2|illneverchooseyou|psychic-gen4\n","uploadtime":1700325988,"views":9,"p1id":"saltwaterhydreigon","p2id":"illneverchooseyou","formatid":"gen9ou","rating":1443,"private":0,"password":""}