{"id":"gen9ou-1995492190","p1":"danz12","p2":"rambo1984","format":"[Gen 9] OU","log":"|j|\u2606danz12\n|j|\u2606rambo1984\n|t:|1700576678\n|gametype|singles\n|player|p1|danz12|nate|1145\n|player|p2|rambo1984|cynthia-gen4|1109\n|teamsize|p1|6\n|teamsize|p2|6\n|gen|9\n|tier|[Gen 9] OU\n|rated|\n|rule|Sleep Clause Mod: Limit one foe put to sleep\n|rule|Species Clause: Limit one of each Pok\u00e9mon\n|rule|OHKO Clause: OHKO moves are banned\n|rule|Evasion Items Clause: Evasion items are banned\n|rule|Evasion Moves Clause: Evasion moves are banned\n|rule|Endless Battle Clause: Forcing endless battles is banned\n|rule|HP Percentage Mod: HP is shown in percentages\n|clearpoke\n|poke|p1|Garganacl, M|\n|poke|p1|Clodsire, M|\n|poke|p1|Moltres-Galar|\n|poke|p1|Ceruledge, F|\n|poke|p1|Meowscarada, F|\n|poke|p1|Dragapult, M|\n|poke|p2|Corviknight, M|\n|poke|p2|Moltres-Galar|\n|poke|p2|Rillaboom, M|\n|poke|p2|Arcanine, F|\n|poke|p2|Great Tusk|\n|poke|p2|Inteleon, M|\n|teampreview\n|inactive|Battle timer is ON: inactive players will automatically lose when time's up. (requested by danz12)\n|\n|t:|1700576684\n|start\n|switch|p1a: Meowscarada|Meowscarada, F|100\/100\n|switch|p2a: Inteleon|Inteleon, M|100\/100\n|turn|1\n|\n|t:|1700576698\n|switch|p2a: Corviknight|Corviknight, M|100\/100\n|move|p1a: Meowscarada|U-turn|p2a: Corviknight\n|-start|p1a: Meowscarada|typechange|Bug|[from] ability: Protean\n|-resisted|p2a: Corviknight\n|-damage|p2a: Corviknight|95\/100\n|-damage|p1a: Meowscarada|84\/100|[from] item: Rocky Helmet|[of] p2a: Corviknight\n|\n|t:|1700576701\n|switch|p1a: Ceruledge|Ceruledge, F|100\/100|[from] U-turn\n|\n|upkeep\n|turn|2\n|\n|t:|1700576714\n|switch|p2a: Arcanine|Arcanine, F|100\/100\n|move|p1a: Ceruledge|Swords Dance|p1a: Ceruledge\n|-boost|p1a: Ceruledge|atk|2\n|\n|upkeep\n|turn|3\n|\n|t:|1700576723\n|move|p2a: Arcanine|Morning Sun|p2a: Arcanine\n|-fail|p2a: Arcanine|heal\n|move|p1a: Ceruledge|Poltergeist|p2a: Arcanine\n|-activate|p2a: Arcanine|move: Poltergeist|Heavy-Duty Boots\n|-damage|p2a: Arcanine|0 fnt\n|faint|p2a: Arcanine\n|-damage|p1a: Ceruledge|91\/100|[from] item: Life Orb\n|\n|upkeep\n|\n|t:|1700576733\n|switch|p2a: Inteleon|Inteleon, M|100\/100\n|turn|4\n|\n|t:|1700576737\n|switch|p1a: Clodsire|Clodsire, M|100\/100\n|move|p2a: Inteleon|Snipe Shot|p1a: Clodsire\n|-immune|p1a: Clodsire|[from] ability: Water Absorb\n|\n|upkeep\n|turn|5\n|\n|t:|1700576741\n|move|p2a: Inteleon|Air Cutter|p1a: Clodsire\n|-damage|p1a: Clodsire|89\/100\n|move|p1a: Clodsire|Stealth Rock|p2a: Inteleon\n|-sidestart|p2: rambo1984|move: Stealth Rock\n|\n|-heal|p1a: Clodsire|96\/100|[from] item: Black Sludge\n|upkeep\n|turn|6\n|\n|t:|1700576747\n|switch|p2a: Rillaboom|Rillaboom, M|100\/100\n|-damage|p2a: Rillaboom|88\/100|[from] Stealth Rock\n|-fieldstart|move: Grassy Terrain|[from] ability: Grassy Surge|[of] p2a: Rillaboom\n|move|p1a: Clodsire|Earthquake|p2a: Rillaboom\n|-resisted|p2a: Rillaboom\n|-crit|p2a: Rillaboom\n|-damage|p2a: Rillaboom|77\/100\n|\n|-heal|p2a: Rillaboom|83\/100|[from] Grassy Terrain\n|-heal|p1a: Clodsire|100\/100|[from] Grassy Terrain\n|upkeep\n|turn|7\n|\n|t:|1700576755\n|switch|p1a: Meowscarada|Meowscarada, F|84\/100\n|move|p2a: Rillaboom|Swords Dance|p2a: Rillaboom\n|-boost|p2a: Rillaboom|atk|2\n|\n|-heal|p1a: Meowscarada|90\/100|[from] Grassy Terrain\n|-heal|p2a: Rillaboom|89\/100|[from] Grassy Terrain\n|upkeep\n|turn|8\n|\n|t:|1700576760\n|move|p2a: Rillaboom|Grassy Glide|p1a: Meowscarada\n|-resisted|p1a: Meowscarada\n|-damage|p1a: Meowscarada|31\/100\n|move|p1a: Meowscarada|U-turn|p2a: Rillaboom\n|-start|p1a: Meowscarada|typechange|Bug|[from] ability: Protean\n|-supereffective|p2a: Rillaboom\n|-crit|p2a: Rillaboom\n|-damage|p2a: Rillaboom|0 fnt\n|faint|p2a: Rillaboom\n|-message|rambo1984 forfeited.\n|\n|win|danz12\n|raw|danz12's rating: 1145 &rarr; <strong>1167<\/strong><br \/>(+22 for winning)\n|raw|rambo1984's rating: 1109 &rarr; <strong>1087<\/strong><br \/>(-22 for losing)\n|l|\u2606rambo1984\n","uploadtime":1700576769,"views":2,"p1id":"danz12","p2id":"rambo1984","formatid":"gen9ou","rating":1087,"private":0,"password":""}