{"id":"gen9ou-2000630427","p1":"Leonardobug","p2":"VikontAlu","format":"[Gen 9] OU","log":"|j|\u2606Leonardobug\n|j|\u2606VikontAlu\n|t:|1701212365\n|gametype|singles\n|player|p1|Leonardobug|benga|1236\n|player|p2|VikontAlu|266|1177\n|teamsize|p1|6\n|teamsize|p2|6\n|gen|9\n|tier|[Gen 9] OU\n|rated|\n|rule|Sleep Clause Mod: Limit one foe put to sleep\n|rule|Species Clause: Limit one of each Pok\u00e9mon\n|rule|OHKO Clause: OHKO moves are banned\n|rule|Evasion Items Clause: Evasion items are banned\n|rule|Evasion Moves Clause: Evasion moves are banned\n|rule|Endless Battle Clause: Forcing endless battles is banned\n|rule|HP Percentage Mod: HP is shown in percentages\n|clearpoke\n|poke|p1|Garganacl, F|\n|poke|p1|Dragonite, M|\n|poke|p1|Great Tusk|\n|poke|p1|Ting-Lu|\n|poke|p1|Corviknight, F|\n|poke|p1|Dragapult, M|\n|poke|p2|Ogerpon-Wellspring, F|\n|poke|p2|Heatran, M|\n|poke|p2|Iron Valiant|\n|poke|p2|Great Tusk|\n|poke|p2|Cinderace, F|\n|poke|p2|Kingambit, F|\n|teampreview\n|inactive|Battle timer is ON: inactive players will automatically lose when time's up. (requested by Leonardobug)\n|\n|t:|1701212377\n|start\n|switch|p1a: Ting-Lu|Ting-Lu|100\/100\n|switch|p2a: Heatran|Heatran, M|100\/100\n|-ability|p1a: Ting-Lu|Vessel of Ruin\n|turn|1\n|\n|t:|1701212393\n|move|p2a: Heatran|Magma Storm|p1a: Ting-Lu\n|-damage|p1a: Ting-Lu|74\/100\n|-activate|p1a: Ting-Lu|move: Magma Storm|[of] p2a: Heatran\n|move|p1a: Ting-Lu|Whirlwind|p2a: Heatran\n|drag|p2a: Cinderace|Cinderace, F|100\/100\n|\n|-heal|p1a: Ting-Lu|80\/100|[from] item: Leftovers\n|-end|p1a: Ting-Lu|Magma Storm|[partiallytrapped]|[silent]\n|upkeep\n|turn|2\n|\n|t:|1701212406\n|move|p2a: Cinderace|Will-O-Wisp|p1a: Ting-Lu\n|-status|p1a: Ting-Lu|brn\n|move|p1a: Ting-Lu|Earthquake|p2a: Cinderace\n|-supereffective|p2a: Cinderace\n|-damage|p2a: Cinderace|45\/100\n|\n|-heal|p1a: Ting-Lu|86\/100 brn|[from] item: Leftovers\n|-damage|p1a: Ting-Lu|80\/100 brn|[from] brn\n|upkeep\n|turn|3\n|\n|t:|1701212409\n|move|p2a: Cinderace|U-turn|p1a: Ting-Lu\n|-supereffective|p1a: Ting-Lu\n|-damage|p1a: Ting-Lu|55\/100 brn\n|\n|t:|1701212415\n|switch|p2a: Great Tusk|Great Tusk|100\/100|[from] U-turn\n|move|p1a: Ting-Lu|Spikes|p2a: Great Tusk\n|-sidestart|p2: VikontAlu|Spikes\n|\n|-heal|p1a: Ting-Lu|61\/100 brn|[from] item: Leftovers\n|-damage|p1a: Ting-Lu|55\/100 brn|[from] brn\n|upkeep\n|turn|4\n|\n|t:|1701212425\n|switch|p1a: Dragapult|Dragapult, M|100\/100\n|move|p2a: Great Tusk|Knock Off|p1a: Dragapult\n|-supereffective|p1a: Dragapult\n|-damage|p1a: Dragapult|11\/100\n|-enditem|p1a: Dragapult|Heavy-Duty Boots|[from] move: Knock Off|[of] p2a: Great Tusk\n|\n|upkeep\n|turn|5\n|\n|t:|1701212439\n|move|p1a: Dragapult|Will-O-Wisp|p2a: Great Tusk\n|-status|p2a: Great Tusk|brn\n|move|p2a: Great Tusk|Ice Spinner|p1a: Dragapult\n|-supereffective|p1a: Dragapult\n|-damage|p1a: Dragapult|0 fnt\n|faint|p1a: Dragapult\n|\n|-damage|p2a: Great Tusk|94\/100 brn|[from] brn\n|upkeep\n|\n|t:|1701212457\n|switch|p1a: Garganacl|Garganacl, F|100\/100\n|turn|6\n|\n|t:|1701212466\n|move|p2a: Great Tusk|Knock Off|p1a: Garganacl\n|-damage|p1a: Garganacl|90\/100\n|-enditem|p1a: Garganacl|Leftovers|[from] move: Knock Off|[of] p2a: Great Tusk\n|move|p1a: Garganacl|Iron Defense|p1a: Garganacl\n|-boost|p1a: Garganacl|def|2\n|\n|-damage|p2a: Great Tusk|88\/100 brn|[from] brn\n|upkeep\n|turn|7\n|\n|t:|1701212474\n|-end|p2a: Great Tusk|Protosynthesis|[silent]\n|switch|p2a: Ogerpon|Ogerpon-Wellspring, F|100\/100\n|-damage|p2a: Ogerpon|88\/100|[from] Spikes\n|move|p1a: Garganacl|Iron Defense|p1a: Garganacl\n|-boost|p1a: Garganacl|def|2\n|\n|upkeep\n|turn|8\n|\n|t:|1701212480\n|-terastallize|p1a: Garganacl|Ghost\n|move|p2a: Ogerpon|Swords Dance|p2a: Ogerpon\n|-boost|p2a: Ogerpon|atk|2\n|move|p1a: Garganacl|Body Press|p2a: Ogerpon\n|-damage|p2a: Ogerpon|0 fnt\n|faint|p2a: Ogerpon\n|\n|upkeep\n|\n|t:|1701212493\n|switch|p2a: Kingambit|Kingambit, F|100\/100\n|-damage|p2a: Kingambit|88\/100|[from] Spikes\n|-activate|p2a: Kingambit|ability: Supreme Overlord\n|-start|p2a: Kingambit|fallen1|[silent]\n|turn|9\n|\n|t:|1701212497\n|move|p2a: Kingambit|Kowtow Cleave|p1a: Garganacl\n|-supereffective|p1a: Garganacl\n|-damage|p1a: Garganacl|61\/100\n|move|p1a: Garganacl|Body Press|p2a: Kingambit\n|-supereffective|p2a: Kingambit\n|-damage|p2a: Kingambit|0 fnt\n|faint|p2a: Kingambit\n|-end|p2a: Kingambit|fallen1|[silent]\n|\n|upkeep\n|\n|t:|1701212504\n|switch|p2a: Iron Valiant|Iron Valiant|100\/100\n|-damage|p2a: Iron Valiant|88\/100|[from] Spikes\n|-enditem|p2a: Iron Valiant|Booster Energy\n|-activate|p2a: Iron Valiant|ability: Quark Drive|[fromitem]\n|-start|p2a: Iron Valiant|quarkdrivespe\n|turn|10\n|\n|t:|1701212511\n|move|p2a: Iron Valiant|Shadow Ball|p1a: Garganacl\n|-supereffective|p1a: Garganacl\n|-damage|p1a: Garganacl|43\/100\n|move|p1a: Garganacl|Recover|p1a: Garganacl\n|-heal|p1a: Garganacl|93\/100\n|\n|upkeep\n|turn|11\n|\n|t:|1701212538\n|move|p2a: Iron Valiant|Shadow Ball|p1a: Garganacl\n|-supereffective|p1a: Garganacl\n|-damage|p1a: Garganacl|76\/100\n|move|p1a: Garganacl|Salt Cure|p2a: Iron Valiant\n|-resisted|p2a: Iron Valiant\n|-damage|p2a: Iron Valiant|79\/100\n|-start|p2a: Iron Valiant|Salt Cure\n|\n|-damage|p2a: Iron Valiant|67\/100|[from] Salt Cure\n|upkeep\n|turn|12\n|\n|t:|1701212551\n|move|p2a: Iron Valiant|Shadow Ball|p1a: Garganacl\n|-supereffective|p1a: Garganacl\n|-damage|p1a: Garganacl|58\/100\n|move|p1a: Garganacl|Body Press|p2a: Iron Valiant\n|-resisted|p2a: Iron Valiant\n|-damage|p2a: Iron Valiant|20\/100\n|\n|-damage|p2a: Iron Valiant|7\/100|[from] Salt Cure\n|upkeep\n|turn|13\n|\n|t:|1701212556\n|move|p2a: Iron Valiant|Focus Blast|p1a: Garganacl\n|-immune|p1a: Garganacl\n|move|p1a: Garganacl|Recover|p1a: Garganacl\n|-heal|p1a: Garganacl|100\/100\n|\n|-damage|p2a: Iron Valiant|0 fnt|[from] Salt Cure\n|faint|p2a: Iron Valiant\n|-end|p2a: Iron Valiant|Quark Drive|[silent]\n|upkeep\n|\n|t:|1701212564\n|switch|p2a: Heatran|Heatran, M|100\/100\n|-damage|p2a: Heatran|88\/100|[from] Spikes\n|turn|14\n|\n|t:|1701212567\n|move|p2a: Heatran|Magma Storm|p1a: Garganacl\n|-damage|p1a: Garganacl|60\/100\n|-activate|p1a: Garganacl|move: Magma Storm|[of] p2a: Heatran\n|move|p1a: Garganacl|Body Press|p2a: Heatran\n|-supereffective|p2a: Heatran\n|-damage|p2a: Heatran|0 fnt\n|faint|p2a: Heatran\n|\n|-end|p1a: Garganacl|Magma Storm|[partiallytrapped]|[silent]\n|upkeep\n|\n|t:|1701212580\n|switch|p2a: Great Tusk|Great Tusk|88\/100 brn\n|-damage|p2a: Great Tusk|76\/100 brn|[from] Spikes\n|turn|15\n|\n|t:|1701212585\n|move|p2a: Great Tusk|Knock Off|p1a: Garganacl\n|-supereffective|p1a: Garganacl\n|-damage|p1a: Garganacl|55\/100\n|move|p1a: Garganacl|Recover|p1a: Garganacl\n|-heal|p1a: Garganacl|100\/100\n|\n|-damage|p2a: Great Tusk|70\/100 brn|[from] brn\n|upkeep\n|turn|16\n|\n|t:|1701212591\n|move|p2a: Great Tusk|Earthquake|p1a: Garganacl\n|-damage|p1a: Garganacl|94\/100\n|move|p1a: Garganacl|Body Press|p2a: Great Tusk\n|-damage|p2a: Great Tusk|23\/100 brn\n|-damage|p1a: Garganacl|78\/100|[from] item: Rocky Helmet|[of] p2a: Great Tusk\n|\n|-damage|p2a: Great Tusk|17\/100 brn|[from] brn\n|upkeep\n|turn|17\n|\n|t:|1701212602\n|move|p2a: Great Tusk|Earthquake|p1a: Garganacl\n|-damage|p1a: Garganacl|72\/100\n|move|p1a: Garganacl|Body Press|p2a: Great Tusk\n|-damage|p2a: Great Tusk|0 fnt\n|-damage|p1a: Garganacl|55\/100|[from] item: Rocky Helmet|[of] p2a: Great Tusk\n|faint|p2a: Great Tusk\n|-end|p2a: Great Tusk|Protosynthesis|[silent]\n|\n|upkeep\n|\n|t:|1701212606\n|switch|p2a: Cinderace|Cinderace, F|45\/100\n|turn|18\n|\n|t:|1701212609\n|move|p2a: Cinderace|Pyro Ball|p1a: Garganacl\n|-damage|p1a: Garganacl|43\/100\n|move|p1a: Garganacl|Body Press|p2a: Cinderace\n|-damage|p2a: Cinderace|0 fnt\n|faint|p2a: Cinderace\n|\n|win|Leonardobug\n|raw|Leonardobug's rating: 1236 &rarr; <strong>1257<\/strong><br \/>(+21 for winning)\n|raw|VikontAlu's rating: 1177 &rarr; <strong>1156<\/strong><br \/>(-21 for losing)\n","uploadtime":1701212614,"views":1,"p1id":"leonardobug","p2id":"vikontalu","formatid":"gen9ou","rating":1156,"private":0,"password":""}