{"id":"gen9ou-1997484827","p1":"Skaraptor2.1","p2":"sinssino","format":"[Gen 9] OU","log":"|j|\u2606Skaraptor2.1\n|j|\u2606sinssino\n|t:|1700813534\n|gametype|singles\n|player|p1|Skaraptor2.1|bodybuilderf-gen9|1436\n|player|p2|sinssino|170|1449\n|teamsize|p1|6\n|teamsize|p2|6\n|gen|9\n|tier|[Gen 9] OU\n|rated|\n|rule|Sleep Clause Mod: Limit one foe put to sleep\n|rule|Species Clause: Limit one of each Pok\u00e9mon\n|rule|OHKO Clause: OHKO moves are banned\n|rule|Evasion Items Clause: Evasion items are banned\n|rule|Evasion Moves Clause: Evasion moves are banned\n|rule|Endless Battle Clause: Forcing endless battles is banned\n|rule|HP Percentage Mod: HP is shown in percentages\n|clearpoke\n|poke|p1|Ribombee, M|\n|poke|p1|Ogerpon-Wellspring, F|\n|poke|p1|Dragapult, M|\n|poke|p1|Zamazenta-*|\n|poke|p1|Iron Valiant|\n|poke|p1|Kingambit, F|\n|poke|p2|Ribombee, M|\n|poke|p2|Sandy Shocks|\n|poke|p2|Enamorus, F|\n|poke|p2|Rillaboom, F|\n|poke|p2|Kingambit, M|\n|poke|p2|Gholdengo|\n|teampreview\n|inactive|Battle timer is ON: inactive players will automatically lose when time's up. (requested by sinssino)\n|inactive|Skaraptor2.1 also wants the timer to be on.\n|\n|t:|1700813559\n|start\n|switch|p1a: Transfem|Ogerpon-Wellspring, F|100\/100\n|switch|p2a: Ribombee|Ribombee, M|100\/100\n|turn|1\n|inactive|Skaraptor2.1 has 120 seconds left.\n|\n|t:|1700813604\n|move|p2a: Ribombee|Sticky Web|p1a: Transfem\n|-sidestart|p1: Skaraptor2.1|move: Sticky Web\n|move|p1a: Transfem|Ivy Cudgel|p2a: Ribombee|[anim] Ivy Cudgel Water\n|-enditem|p2a: Ribombee|Focus Sash\n|-damage|p2a: Ribombee|1\/100\n|\n|upkeep\n|turn|2\n|\n|t:|1700813608\n|move|p2a: Ribombee|Stun Spore|p1a: Transfem\n|-immune|p1a: Transfem\n|move|p1a: Transfem|Knock Off|p2a: Ribombee\n|-resisted|p2a: Ribombee\n|-damage|p2a: Ribombee|0 fnt\n|faint|p2a: Ribombee\n|\n|upkeep\n|\n|t:|1700813615\n|switch|p2a: Rillaboom|Rillaboom, F|100\/100\n|-fieldstart|move: Grassy Terrain|[from] ability: Grassy Surge|[of] p2a: Rillaboom\n|turn|3\n|\n|t:|1700813620\n|move|p1a: Transfem|Knock Off|p2a: Rillaboom\n|-damage|p2a: Rillaboom|55\/100\n|-enditem|p2a: Rillaboom|Choice Band|[from] move: Knock Off|[of] p1a: Transfem\n|move|p2a: Rillaboom|Wood Hammer|p1a: Transfem\n|-damage|p1a: Transfem|0 fnt\n|faint|p1a: Transfem\n|-damage|p2a: Rillaboom|26\/100|[from] Recoil\n|\n|-heal|p2a: Rillaboom|32\/100|[from] Grassy Terrain\n|upkeep\n|\n|t:|1700813626\n|switch|p1a: Twink|Ribombee, M|100\/100\n|-activate|p1a: Twink|move: Sticky Web\n|-unboost|p1a: Twink|spe|1\n|turn|4\n|\n|t:|1700813646\n|move|p2a: Rillaboom|U-turn|p1a: Twink\n|-resisted|p1a: Twink\n|-damage|p1a: Twink|81\/100\n|\n|t:|1700813655\n|switch|p2a: Enamorus|Enamorus, F|100\/100|[from] U-turn\n|move|p1a: Twink|Sticky Web|p2a: Enamorus\n|-sidestart|p2: sinssino|move: Sticky Web\n|\n|-heal|p1a: Twink|87\/100|[from] Grassy Terrain\n|upkeep\n|turn|5\n|\n|t:|1700813681\n|-terastallize|p2a: Enamorus|Fairy\n|move|p2a: Enamorus|Moonblast|p1a: Twink\n|-damage|p1a: Twink|0 fnt\n|faint|p1a: Twink\n|\n|upkeep\n|\n|t:|1700813686\n|switch|p1a: Queengambit|Kingambit, F|100\/100\n|-activate|p1a: Queengambit|move: Sticky Web\n|-unboost|p1a: Queengambit|spe|1\n|-activate|p1a: Queengambit|ability: Supreme Overlord\n|-start|p1a: Queengambit|fallen2|[silent]\n|turn|6\n|\n|t:|1700813702\n|switch|p2a: Rillaboom|Rillaboom, F|32\/100\n|-activate|p2a: Rillaboom|move: Sticky Web\n|-unboost|p2a: Rillaboom|spe|1\n|move|p1a: Queengambit|Iron Head|p2a: Rillaboom\n|-damage|p2a: Rillaboom|0 fnt\n|faint|p2a: Rillaboom\n|\n|upkeep\n|\n|t:|1700813704\n|switch|p2a: Sandy Shocks|Sandy Shocks|100\/100\n|turn|7\n|inactive|Skaraptor2.1 has 120 seconds left.\n|\n|t:|1700813759\n|-end|p1a: Queengambit|fallen2|[silent]\n|switch|p1a: Bigender|Iron Valiant|100\/100\n|-activate|p1a: Bigender|move: Sticky Web\n|-unboost|p1a: Bigender|spe|1\n|-enditem|p1a: Bigender|Booster Energy\n|-activate|p1a: Bigender|ability: Quark Drive|[fromitem]\n|-start|p1a: Bigender|quarkdrivespa\n|move|p2a: Sandy Shocks|Earth Power|p1a: Bigender\n|-damage|p1a: Bigender|10\/100\n|\n|-heal|p1a: Bigender|16\/100|[from] Grassy Terrain\n|-fieldend|move: Grassy Terrain\n|upkeep\n|turn|8\n|\n|t:|1700813771\n|move|p2a: Sandy Shocks|Volt Switch|p1a: Bigender\n|-damage|p1a: Bigender|0 fnt\n|faint|p1a: Bigender\n|-end|p1a: Bigender|Quark Drive|[silent]\n|inactive|sinssino has 120 seconds left.\n|\n|t:|1700813818\n|-end|p2a: Sandy Shocks|Protosynthesis|[silent]\n|switch|p2a: Enamorus|Enamorus, F, tera:Fairy|100\/100|[from] Volt Switch\n|-activate|p2a: Enamorus|move: Sticky Web\n|-boost|p2a: Enamorus|spe|1\n|\n|upkeep\n|\n|t:|1700813822\n|switch|p1a: Queengambit|Kingambit, F|100\/100\n|-activate|p1a: Queengambit|move: Sticky Web\n|-unboost|p1a: Queengambit|spe|1\n|-activate|p1a: Queengambit|ability: Supreme Overlord\n|-start|p1a: Queengambit|fallen3|[silent]\n|turn|9\n|\n|t:|1700813830\n|switch|p2a: Kingambit|Kingambit, M|100\/100\n|-activate|p2a: Kingambit|move: Sticky Web\n|-unboost|p2a: Kingambit|spe|1\n|-activate|p2a: Kingambit|ability: Supreme Overlord\n|-start|p2a: Kingambit|fallen2|[silent]\n|move|p1a: Queengambit|Swords Dance|p1a: Queengambit\n|-boost|p1a: Queengambit|atk|2\n|\n|upkeep\n|turn|10\n|\n|t:|1700813834\n|move|p2a: Kingambit|Kowtow Cleave|p1a: Queengambit\n|-resisted|p1a: Queengambit\n|-damage|p1a: Queengambit|76\/100\n|move|p1a: Queengambit|Low Kick|p2a: Kingambit\n|-supereffective|p2a: Kingambit\n|-damage|p2a: Kingambit|0 fnt\n|faint|p2a: Kingambit\n|-end|p2a: Kingambit|fallen2|[silent]\n|\n|-heal|p1a: Queengambit|83\/100|[from] item: Leftovers\n|upkeep\n|inactive|sinssino has 120 seconds left.\n|\n|t:|1700813842\n|switch|p2a: Sandy Shocks|Sandy Shocks|100\/100\n|turn|11\n|\n|t:|1700813847\n|move|p1a: Queengambit|Sucker Punch|p2a: Sandy Shocks\n|-damage|p2a: Sandy Shocks|0 fnt\n|faint|p2a: Sandy Shocks\n|-end|p2a: Sandy Shocks|Protosynthesis|[silent]\n|\n|-heal|p1a: Queengambit|89\/100|[from] item: Leftovers\n|upkeep\n|\n|t:|1700813856\n|switch|p2a: Enamorus|Enamorus, F, tera:Fairy|100\/100\n|-activate|p2a: Enamorus|move: Sticky Web\n|-boost|p2a: Enamorus|spe|1\n|turn|12\n|\n|t:|1700813861\n|move|p2a: Enamorus|Earth Power|p1a: Queengambit\n|-supereffective|p1a: Queengambit\n|-damage|p1a: Queengambit|0 fnt\n|faint|p1a: Queengambit\n|-end|p1a: Queengambit|fallen3|[silent]\n|\n|upkeep\n|\n|t:|1700813864\n|switch|p1a: Single Dad|Dragapult, M|100\/100\n|-activate|p1a: Single Dad|move: Sticky Web\n|-fail|p1a: Single Dad|unboost|[from] ability: Clear Body|[of] p1a: Single Dad\n|turn|13\n|\n|t:|1700813872\n|switch|p2a: Gholdengo|Gholdengo|100\/100\n|-item|p2a: Gholdengo|Air Balloon\n|move|p1a: Single Dad|Surf|p2a: Gholdengo\n|-damage|p2a: Gholdengo|72\/100\n|-enditem|p2a: Gholdengo|Air Balloon\n|\n|upkeep\n|turn|14\n|\n|t:|1700813881\n|move|p1a: Single Dad|Shadow Ball|p2a: Gholdengo\n|-supereffective|p2a: Gholdengo\n|-damage|p2a: Gholdengo|0 fnt\n|faint|p2a: Gholdengo\n|\n|upkeep\n|\n|t:|1700813884\n|switch|p2a: Enamorus|Enamorus, F, tera:Fairy|100\/100\n|-activate|p2a: Enamorus|move: Sticky Web\n|-boost|p2a: Enamorus|spe|1\n|turn|15\n|\n|t:|1700813898\n|move|p2a: Enamorus|Moonblast|p1a: Single Dad\n|-supereffective|p1a: Single Dad\n|-damage|p1a: Single Dad|0 fnt\n|faint|p1a: Single Dad\n|\n|upkeep\n|\n|t:|1700813900\n|switch|p1a: Defender of Trans|Zamazenta, shiny|100\/100\n|-activate|p1a: Defender of Trans|move: Sticky Web\n|-unboost|p1a: Defender of Trans|spe|1\n|-ability|p1a: Defender of Trans|Dauntless Shield|boost\n|-boost|p1a: Defender of Trans|def|1\n|turn|16\n|\n|t:|1700813916\n|-terastallize|p1a: Defender of Trans|Fire\n|move|p2a: Enamorus|Moonblast|p1a: Defender of Trans\n|-resisted|p1a: Defender of Trans\n|-damage|p1a: Defender of Trans|64\/100\n|-unboost|p1a: Defender of Trans|spa|1\n|move|p1a: Defender of Trans|Heavy Slam|p2a: Enamorus\n|-supereffective|p2a: Enamorus\n|-damage|p2a: Enamorus|11\/100\n|\n|-heal|p1a: Defender of Trans|70\/100|[from] item: Leftovers\n|upkeep\n|turn|17\n|\n|t:|1700813928\n|move|p2a: Enamorus|Moonblast|p1a: Defender of Trans\n|-resisted|p1a: Defender of Trans\n|-damage|p1a: Defender of Trans|28\/100\n|move|p1a: Defender of Trans|Heavy Slam|p2a: Enamorus\n|-supereffective|p2a: Enamorus\n|-crit|p2a: Enamorus\n|-damage|p2a: Enamorus|0 fnt\n|faint|p2a: Enamorus\n|\n|win|Skaraptor2.1\n|raw|Skaraptor2.1's rating: 1436 &rarr; <strong>1457<\/strong><br \/>(+21 for winning)\n|raw|sinssino's rating: 1449 &rarr; <strong>1428<\/strong><br \/>(-21 for losing)\n","uploadtime":1700813931,"views":2,"p1id":"skaraptor21","p2id":"sinssino","formatid":"gen9ou","rating":1428,"private":0,"password":""}