{"id":"gen9ou-1997932380","p1":"magmatical2","p2":"Lawrence1307","format":"[Gen 9] OU","log":"|j|\u2606magmatical2\n|j|\u2606Lawrence1307\n|t:|1700869003\n|gametype|singles\n|player|p1|magmatical2|clair|1101\n|player|p2|Lawrence1307|veteran|1092\n|teamsize|p1|6\n|teamsize|p2|6\n|gen|9\n|tier|[Gen 9] OU\n|rated|\n|rule|Sleep Clause Mod: Limit one foe put to sleep\n|rule|Species Clause: Limit one of each Pok\u00e9mon\n|rule|OHKO Clause: OHKO moves are banned\n|rule|Evasion Items Clause: Evasion items are banned\n|rule|Evasion Moves Clause: Evasion moves are banned\n|rule|Endless Battle Clause: Forcing endless battles is banned\n|rule|HP Percentage Mod: HP is shown in percentages\n|clearpoke\n|poke|p1|Mandibuzz, F|\n|poke|p1|Rillaboom, F|\n|poke|p1|Weavile, F|\n|poke|p1|Kingambit, M|\n|poke|p1|Samurott-Hisui, M|\n|poke|p1|Hawlucha, M|\n|poke|p2|Gardevoir, F|\n|poke|p2|Ninetales, F|\n|poke|p2|Lilligant-Hisui, F|\n|poke|p2|Corviknight, F|\n|poke|p2|Walking Wake|\n|poke|p2|Heatran, M|\n|teampreview\n|inactive|Battle timer is ON: inactive players will automatically lose when time's up. (requested by magmatical2)\n|\n|t:|1700869027\n|start\n|switch|p1a: Samurott|Samurott-Hisui, M, shiny|100\/100\n|switch|p2a: Ninetales|Ninetales, F, shiny|100\/100\n|-weather|SunnyDay|[from] ability: Drought|[of] p2a: Ninetales\n|turn|1\n|\n|t:|1700869036\n|move|p2a: Ninetales|Solar Beam||[still]\n|-prepare|p2a: Ninetales|Solar Beam\n|-anim|p2a: Ninetales|Solar Beam|p1a: Samurott\n|-supereffective|p1a: Samurott\n|-enditem|p1a: Samurott|Focus Sash\n|-damage|p1a: Samurott|1\/100\n|move|p1a: Samurott|Ceaseless Edge|p2a: Ninetales\n|-damage|p2a: Ninetales|43\/100\n|-sidestart|p2: Lawrence1307|Spikes\n|\n|-weather|SunnyDay|[upkeep]\n|upkeep\n|turn|2\n|\n|t:|1700869061\n|switch|p2a: Lilligant|Lilligant-Hisui, F|100\/100\n|-damage|p2a: Lilligant|88\/100|[from] Spikes\n|move|p1a: Samurott|Sucker Punch||[still]\n|-fail|p1a: Samurott\n|\n|-weather|SunnyDay|[upkeep]\n|upkeep\n|turn|3\n|\n|t:|1700869070\n|move|p2a: Lilligant|Victory Dance|p2a: Lilligant\n|-boost|p2a: Lilligant|atk|1\n|-boost|p2a: Lilligant|def|1\n|-boost|p2a: Lilligant|spe|1\n|move|p1a: Samurott|Sacred Sword|p2a: Lilligant\n|-crit|p2a: Lilligant\n|-damage|p2a: Lilligant|4\/100\n|\n|-weather|SunnyDay|[upkeep]\n|upkeep\n|turn|4\n|\n|t:|1700869080\n|move|p1a: Samurott|Sucker Punch|p2a: Lilligant\n|-resisted|p2a: Lilligant\n|-damage|p2a: Lilligant|0 fnt\n|faint|p2a: Lilligant\n|\n|-weather|SunnyDay|[upkeep]\n|upkeep\n|\n|t:|1700869089\n|switch|p2a: Walking Wake|Walking Wake|100\/100\n|-damage|p2a: Walking Wake|88\/100|[from] Spikes\n|-activate|p2a: Walking Wake|ability: Protosynthesis\n|-start|p2a: Walking Wake|protosynthesisspa\n|turn|5\n|\n|t:|1700869099\n|move|p1a: Samurott|Sucker Punch|p2a: Walking Wake\n|-damage|p2a: Walking Wake|57\/100\n|move|p2a: Walking Wake|Dragon Pulse|p1a: Samurott\n|-crit|p1a: Samurott\n|-damage|p1a: Samurott|0 fnt\n|faint|p1a: Samurott\n|\n|-weather|SunnyDay|[upkeep]\n|upkeep\n|inactive|magmatical2 has 120 seconds left.\n|\n|t:|1700869140\n|switch|p1a: Hawlucha|Hawlucha, M|100\/100\n|turn|6\n|\n|t:|1700869149\n|-end|p2a: Walking Wake|Protosynthesis|[silent]\n|switch|p2a: Heatran|Heatran, M|100\/100\n|-item|p2a: Heatran|Air Balloon\n|switch|p1a: Rillaboom|Rillaboom, F|100\/100\n|-fieldstart|move: Grassy Terrain|[from] ability: Grassy Surge|[of] p1a: Rillaboom\n|\n|-weather|SunnyDay|[upkeep]\n|upkeep\n|turn|7\n|inactive|magmatical2 has 120 seconds left.\n|\n|t:|1700869162\n|switch|p1a: Mandibuzz|Mandibuzz, F|100\/100\n|move|p2a: Heatran|Lava Plume|p1a: Mandibuzz\n|-damage|p1a: Mandibuzz|46\/100\n|-status|p1a: Mandibuzz|brn\n|\n|-weather|SunnyDay|[upkeep]\n|-damage|p1a: Mandibuzz|40\/100 brn|[from] brn\n|upkeep\n|turn|8\n|\n|t:|1700869175\n|move|p1a: Mandibuzz|U-turn|p2a: Heatran\n|-resisted|p2a: Heatran\n|-damage|p2a: Heatran|99\/100\n|-enditem|p2a: Heatran|Air Balloon\n|\n|t:|1700869178\n|switch|p1a: Hawlucha|Hawlucha, M|100\/100|[from] U-turn\n|-enditem|p1a: Hawlucha|Grassy Seed\n|-boost|p1a: Hawlucha|def|1|[from] item: Grassy Seed\n|move|p2a: Heatran|Lava Plume|p1a: Hawlucha\n|-damage|p1a: Hawlucha|28\/100\n|\n|-weather|none\n|-heal|p2a: Heatran|100\/100|[from] Grassy Terrain\n|upkeep\n|turn|9\n|\n|t:|1700869191\n|move|p1a: Hawlucha|Close Combat|p2a: Heatran\n|-supereffective|p2a: Heatran\n|-damage|p2a: Heatran|24\/100\n|-unboost|p1a: Hawlucha|def|1\n|-unboost|p1a: Hawlucha|spd|1\n|move|p2a: Heatran|Lava Plume|p1a: Hawlucha\n|-damage|p1a: Hawlucha|0 fnt\n|faint|p1a: Hawlucha\n|\n|-heal|p2a: Heatran|30\/100|[from] Grassy Terrain\n|upkeep\n|\n|t:|1700869197\n|switch|p1a: Weavile|Weavile, F|100\/100\n|-ability|p1a: Weavile|Pressure\n|turn|10\n|\n|t:|1700869221\n|move|p1a: Weavile|Knock Off|p2a: Heatran\n|-damage|p2a: Heatran|0 fnt\n|faint|p2a: Heatran\n|\n|-fieldend|move: Grassy Terrain\n|upkeep\n|\n|t:|1700869228\n|switch|p2a: Ninetales|Ninetales, F, shiny|43\/100\n|-damage|p2a: Ninetales|30\/100|[from] Spikes\n|-weather|SunnyDay|[from] ability: Drought|[of] p2a: Ninetales\n|turn|11\n|\n|t:|1700869243\n|move|p1a: Weavile|Knock Off|p2a: Ninetales\n|-damage|p2a: Ninetales|0 fnt\n|-enditem|p2a: Ninetales|Heat Rock|[from] move: Knock Off|[of] p1a: Weavile\n|faint|p2a: Ninetales\n|\n|-weather|SunnyDay|[upkeep]\n|upkeep\n|\n|t:|1700869255\n|switch|p2a: Corviknight|Corviknight, F|100\/100\n|turn|12\n|\n|t:|1700869260\n|move|p1a: Weavile|Knock Off|p2a: Corviknight\n|-damage|p2a: Corviknight|56\/100\n|-enditem|p2a: Corviknight|Leftovers|[from] move: Knock Off|[of] p1a: Weavile\n|move|p2a: Corviknight|Body Press|p1a: Weavile\n|-supereffective|p1a: Weavile\n|-damage|p1a: Weavile|0 fnt\n|faint|p1a: Weavile\n|\n|-weather|SunnyDay|[upkeep]\n|upkeep\n|\n|t:|1700869271\n|switch|p1a: Mandibuzz|Mandibuzz, F|40\/100 brn\n|turn|13\n|\n|t:|1700869278\n|move|p1a: Mandibuzz|Roost|p1a: Mandibuzz\n|-heal|p1a: Mandibuzz|90\/100 brn\n|-singleturn|p1a: Mandibuzz|move: Roost\n|move|p2a: Corviknight|Body Press|p1a: Mandibuzz\n|-supereffective|p1a: Mandibuzz\n|-damage|p1a: Mandibuzz|62\/100 brn\n|\n|-weather|SunnyDay|[upkeep]\n|-damage|p1a: Mandibuzz|56\/100 brn|[from] brn\n|upkeep\n|turn|14\n|\n|t:|1700869291\n|move|p1a: Mandibuzz|Roost|p1a: Mandibuzz\n|-heal|p1a: Mandibuzz|100\/100 brn\n|-singleturn|p1a: Mandibuzz|move: Roost\n|move|p2a: Corviknight|Roost|p2a: Corviknight\n|-heal|p2a: Corviknight|100\/100\n|-singleturn|p2a: Corviknight|move: Roost\n|\n|-weather|SunnyDay|[upkeep]\n|-damage|p1a: Mandibuzz|94\/100 brn|[from] brn\n|upkeep\n|turn|15\n|\n|t:|1700869302\n|move|p1a: Mandibuzz|U-turn|p2a: Corviknight\n|-resisted|p2a: Corviknight\n|-damage|p2a: Corviknight|99\/100\n|\n|t:|1700869305\n|switch|p1a: Rillaboom|Rillaboom, F|100\/100|[from] U-turn\n|-fieldstart|move: Grassy Terrain|[from] ability: Grassy Surge|[of] p1a: Rillaboom\n|move|p2a: Corviknight|U-turn|p1a: Rillaboom\n|-supereffective|p1a: Rillaboom\n|-damage|p1a: Rillaboom|71\/100\n|\n|t:|1700869315\n|switch|p2a: Walking Wake|Walking Wake|57\/100|[from] U-turn\n|-damage|p2a: Walking Wake|45\/100|[from] Spikes\n|-activate|p2a: Walking Wake|ability: Protosynthesis\n|-start|p2a: Walking Wake|protosynthesisspa\n|-enditem|p2a: Walking Wake|Sitrus Berry|[eat]\n|-heal|p2a: Walking Wake|70\/100|[from] item: Sitrus Berry\n|\n|-weather|SunnyDay|[upkeep]\n|-heal|p2a: Walking Wake|76\/100|[from] Grassy Terrain\n|-heal|p1a: Rillaboom|77\/100|[from] Grassy Terrain\n|upkeep\n|turn|16\n|\n|t:|1700869332\n|switch|p1a: Mandibuzz|Mandibuzz, F|94\/100 brn\n|move|p2a: Walking Wake|Flamethrower|p1a: Mandibuzz\n|-damage|p1a: Mandibuzz|48\/100 brn\n|\n|-weather|SunnyDay|[upkeep]\n|-heal|p2a: Walking Wake|82\/100|[from] Grassy Terrain\n|-damage|p1a: Mandibuzz|42\/100 brn|[from] brn\n|upkeep\n|turn|17\n|\n|t:|1700869356\n|-terastallize|p2a: Walking Wake|Water\n|move|p2a: Walking Wake|Hydro Steam|p1a: Mandibuzz\n|-damage|p1a: Mandibuzz|0 fnt\n|faint|p1a: Mandibuzz\n|\n|-weather|SunnyDay|[upkeep]\n|-heal|p2a: Walking Wake|88\/100|[from] Grassy Terrain\n|upkeep\n|\n|t:|1700869361\n|switch|p1a: Rillaboom|Rillaboom, F|77\/100\n|turn|18\n|\n|t:|1700869367\n|-terastallize|p1a: Rillaboom|Grass\n|move|p1a: Rillaboom|Grassy Glide|p2a: Walking Wake\n|-supereffective|p2a: Walking Wake\n|-damage|p2a: Walking Wake|0 fnt\n|faint|p2a: Walking Wake\n|-end|p2a: Walking Wake|Protosynthesis|[silent]\n|\n|-weather|none\n|-heal|p1a: Rillaboom|83\/100|[from] Grassy Terrain\n|upkeep\n|\n|t:|1700869377\n|switch|p2a: Gardevoir|Gardevoir, F|100\/100\n|-damage|p2a: Gardevoir|88\/100|[from] Spikes\n|-ability|p2a: Gardevoir|Grassy Surge|[from] ability: Trace|[of] p1a: Rillaboom\n|turn|19\n|\n|t:|1700869383\n|move|p1a: Rillaboom|Grassy Glide|p2a: Gardevoir\n|-damage|p2a: Gardevoir|1\/100\n|move|p2a: Gardevoir|Mystical Fire|p1a: Rillaboom\n|-supereffective|p1a: Rillaboom\n|-damage|p1a: Rillaboom|0 fnt\n|faint|p1a: Rillaboom\n|\n|-heal|p2a: Gardevoir|7\/100|[from] Grassy Terrain\n|-fieldend|move: Grassy Terrain\n|upkeep\n|\n|t:|1700869389\n|switch|p1a: Kingambit|Kingambit, M|100\/100\n|-activate|p1a: Kingambit|ability: Supreme Overlord\n|-start|p1a: Kingambit|fallen5|[silent]\n|turn|20\n|\n|t:|1700869398\n|move|p1a: Kingambit|Sucker Punch|p2a: Gardevoir\n|-damage|p2a: Gardevoir|0 fnt\n|faint|p2a: Gardevoir\n|\n|upkeep\n|\n|t:|1700869403\n|switch|p2a: Corviknight|Corviknight, F|99\/100\n|turn|21\n|\n|t:|1700869407\n|move|p1a: Kingambit|Kowtow Cleave|p2a: Corviknight\n|-damage|p2a: Corviknight|58\/100\n|move|p2a: Corviknight|Body Press|p1a: Kingambit\n|-supereffective|p1a: Kingambit\n|-damage|p1a: Kingambit|15\/100\n|\n|upkeep\n|turn|22\n|\n|t:|1700869414\n|move|p1a: Kingambit|Kowtow Cleave|p2a: Corviknight\n|-damage|p2a: Corviknight|14\/100\n|move|p2a: Corviknight|Body Press|p1a: Kingambit\n|-supereffective|p1a: Kingambit\n|-damage|p1a: Kingambit|0 fnt\n|faint|p1a: Kingambit\n|-end|p1a: Kingambit|fallen5|[silent]\n|\n|win|Lawrence1307\n|raw|magmatical2's rating: 1101 &rarr; <strong>1075<\/strong><br \/>(-26 for losing)\n|raw|Lawrence1307's rating: 1092 &rarr; <strong>1119<\/strong><br \/>(+27 for winning)\n","uploadtime":1700869429,"views":12,"p1id":"magmatical2","p2id":"lawrence1307","formatid":"gen9ou","rating":1075,"private":0,"password":""}