{"id":"gen9ou-1999429780","p1":"jmiguel_1307","p2":"Nissouhunter","format":"[Gen 9] OU","log":"|j|\u2606jmiguel_1307\n|j|\u2606Nissouhunter\n|t:|1701079120\n|gametype|singles\n|player|p1|jmiguel_1307|2|1328\n|player|p2|Nissouhunter|266|1440\n|teamsize|p1|6\n|teamsize|p2|6\n|gen|9\n|tier|[Gen 9] OU\n|rated|\n|rule|Sleep Clause Mod: Limit one foe put to sleep\n|rule|Species Clause: Limit one of each Pok\u00e9mon\n|rule|OHKO Clause: OHKO moves are banned\n|rule|Evasion Items Clause: Evasion items are banned\n|rule|Evasion Moves Clause: Evasion moves are banned\n|rule|Endless Battle Clause: Forcing endless battles is banned\n|rule|HP Percentage Mod: HP is shown in percentages\n|clearpoke\n|poke|p1|Garganacl, M|\n|poke|p1|Gholdengo|\n|poke|p1|Great Tusk|\n|poke|p1|Zamazenta-*|\n|poke|p1|Masquerain, M|\n|poke|p1|Jolteon, M|\n|poke|p2|Glimmora, M|\n|poke|p2|Gholdengo|\n|poke|p2|Ogerpon-Wellspring, F|\n|poke|p2|Kingambit, F|\n|poke|p2|Iron Moth|\n|poke|p2|Enamorus, F|\n|teampreview\n|inactive|Battle timer is ON: inactive players will automatically lose when time's up. (requested by jmiguel_1307)\n|\n|t:|1701079156\n|start\n|switch|p1a: Masquerain|Masquerain, M|100\/100\n|switch|p2a: Ogerpon|Ogerpon-Wellspring, F|100\/100\n|-ability|p1a: Masquerain|Intimidate|boost\n|-unboost|p2a: Ogerpon|atk|1\n|turn|1\n|\n|t:|1701079173\n|-terastallize|p2a: Ogerpon|Water\n|detailschange|p2a: Ogerpon|Ogerpon-Wellspring-Tera, F, tera:Water\n|-ability|p2a: Ogerpon|Embody Aspect (Wellspring)|boost\n|-boost|p2a: Ogerpon|spd|1\n|move|p2a: Ogerpon|Swords Dance|p2a: Ogerpon\n|-boost|p2a: Ogerpon|atk|2\n|move|p1a: Masquerain|Air Slash|p2a: Ogerpon\n|-damage|p2a: Ogerpon|76\/100\n|\n|upkeep\n|turn|2\n|\n|t:|1701079189\n|move|p2a: Ogerpon|Ivy Cudgel|p1a: Masquerain|[anim] Ivy Cudgel Water\n|-enditem|p1a: Masquerain|Focus Sash\n|-damage|p1a: Masquerain|1\/100\n|move|p1a: Masquerain|Stun Spore|p2a: Ogerpon|[miss]\n|-miss|p1a: Masquerain|p2a: Ogerpon\n|\n|upkeep\n|turn|3\n|\n|t:|1701079199\n|switch|p1a: Gholdengo|Gholdengo|100\/100\n|move|p2a: Ogerpon|Ivy Cudgel|p1a: Gholdengo|[anim] Ivy Cudgel Water\n|-damage|p1a: Gholdengo|0 fnt\n|faint|p1a: Gholdengo\n|\n|upkeep\n|\n|t:|1701079203\n|switch|p1a: Masquerain|Masquerain, M|1\/100\n|-ability|p1a: Masquerain|Intimidate|boost\n|-unboost|p2a: Ogerpon|atk|1\n|turn|4\n|\n|t:|1701079207\n|move|p2a: Ogerpon|Swords Dance|p2a: Ogerpon\n|-boost|p2a: Ogerpon|atk|2\n|move|p1a: Masquerain|Stun Spore|p2a: Ogerpon\n|-status|p2a: Ogerpon|par\n|\n|upkeep\n|turn|5\n|\n|t:|1701079220\n|move|p1a: Masquerain|Sticky Web|p2a: Ogerpon\n|-sidestart|p2: Nissouhunter|move: Sticky Web\n|cant|p2a: Ogerpon|par\n|\n|upkeep\n|turn|6\n|\n|t:|1701079224\n|move|p1a: Masquerain|Air Slash|p2a: Ogerpon\n|-damage|p2a: Ogerpon|52\/100 par\n|cant|p2a: Ogerpon|flinch\n|\n|upkeep\n|turn|7\n|\n|t:|1701079227\n|move|p1a: Masquerain|Air Slash|p2a: Ogerpon|[miss]\n|-miss|p1a: Masquerain|p2a: Ogerpon\n|move|p2a: Ogerpon|Ivy Cudgel|p1a: Masquerain|[anim] Ivy Cudgel Water\n|-damage|p1a: Masquerain|0 fnt\n|faint|p1a: Masquerain\n|\n|upkeep\n|\n|t:|1701079233\n|switch|p1a: Zamazenta|Zamazenta|100\/100\n|-ability|p1a: Zamazenta|Dauntless Shield|boost\n|-boost|p1a: Zamazenta|def|1\n|turn|8\n|\n|t:|1701079235\n|move|p1a: Zamazenta|Iron Defense|p1a: Zamazenta\n|-boost|p1a: Zamazenta|def|2\n|cant|p2a: Ogerpon|par\n|\n|upkeep\n|turn|9\n|\n|t:|1701079239\n|move|p1a: Zamazenta|Iron Defense|p1a: Zamazenta\n|-boost|p1a: Zamazenta|def|2\n|move|p2a: Ogerpon|Encore|p1a: Zamazenta\n|-start|p1a: Zamazenta|Encore\n|\n|upkeep\n|turn|10\n|\n|t:|1701079243\n|switch|p2a: Enamorus|Enamorus, F|100\/100\n|move|p1a: Zamazenta|Iron Defense|p1a: Zamazenta\n|-boost|p1a: Zamazenta|def|1\n|\n|upkeep\n|turn|11\n|\n|t:|1701079247\n|switch|p1a: Jolteon|Jolteon, M|100\/100\n|move|p2a: Enamorus|Moonblast|p1a: Jolteon\n|-damage|p1a: Jolteon|46\/100\n|\n|upkeep\n|turn|12\n|\n|t:|1701079275\n|move|p2a: Enamorus|Moonblast|p1a: Jolteon\n|-crit|p1a: Jolteon\n|-damage|p1a: Jolteon|0 fnt\n|faint|p1a: Jolteon\n|\n|upkeep\n|\n|t:|1701079279\n|switch|p1a: Garganacl|Garganacl, M|100\/100\n|turn|13\n|\n|t:|1701079284\n|move|p2a: Enamorus|Moonblast|p1a: Garganacl\n|-damage|p1a: Garganacl|65\/100\n|-unboost|p1a: Garganacl|spa|1\n|move|p1a: Garganacl|Salt Cure|p2a: Enamorus\n|-supereffective|p2a: Enamorus\n|-damage|p2a: Enamorus|58\/100\n|-start|p2a: Enamorus|Salt Cure\n|\n|-heal|p1a: Garganacl|72\/100|[from] item: Leftovers\n|-damage|p2a: Enamorus|46\/100|[from] Salt Cure\n|upkeep\n|turn|14\n|\n|t:|1701079291\n|switch|p2a: Ogerpon|Ogerpon-Wellspring-Tera, F, tera:Water|52\/100 par\n|-activate|p2a: Ogerpon|move: Sticky Web\n|-unboost|p2a: Ogerpon|spe|1\n|-ability|p2a: Ogerpon|Embody Aspect (Wellspring)|boost\n|-boost|p2a: Ogerpon|spd|1\n|move|p1a: Garganacl|Curse|p1a: Garganacl\n|-unboost|p1a: Garganacl|spe|1\n|-boost|p1a: Garganacl|atk|1\n|-boost|p1a: Garganacl|def|1\n|\n|-heal|p1a: Garganacl|78\/100|[from] item: Leftovers\n|upkeep\n|turn|15\n|\n|t:|1701079297\n|move|p2a: Ogerpon|Encore|p1a: Garganacl\n|-start|p1a: Garganacl|Encore\n|move|p1a: Garganacl|Curse|p1a: Garganacl\n|-unboost|p1a: Garganacl|spe|1\n|-boost|p1a: Garganacl|atk|1\n|-boost|p1a: Garganacl|def|1\n|\n|-heal|p1a: Garganacl|84\/100|[from] item: Leftovers\n|upkeep\n|turn|16\n|\n|t:|1701079303\n|switch|p2a: Gholdengo|Gholdengo|100\/100\n|-item|p2a: Gholdengo|Air Balloon\n|-terastallize|p1a: Garganacl|Ghost\n|move|p1a: Garganacl|Curse|p2a: Gholdengo\n|-immune|p2a: Gholdengo|[from] ability: Good as Gold\n|\n|-heal|p1a: Garganacl|90\/100|[from] item: Leftovers\n|upkeep\n|turn|17\n|\n|t:|1701079308\n|switch|p1a: Great Tusk|Great Tusk|100\/100\n|-enditem|p1a: Great Tusk|Booster Energy\n|-activate|p1a: Great Tusk|ability: Protosynthesis|[fromitem]\n|-start|p1a: Great Tusk|protosynthesisspe\n|move|p2a: Gholdengo|Shadow Ball|p1a: Great Tusk\n|-damage|p1a: Great Tusk|40\/100\n|\n|upkeep\n|turn|18\n|\n|t:|1701079314\n|move|p1a: Great Tusk|Knock Off|p2a: Gholdengo\n|-supereffective|p2a: Gholdengo\n|-damage|p2a: Gholdengo|36\/100\n|-enditem|p2a: Gholdengo|Air Balloon\n|move|p2a: Gholdengo|Shadow Ball|p1a: Great Tusk\n|-damage|p1a: Great Tusk|0 fnt\n|faint|p1a: Great Tusk\n|-end|p1a: Great Tusk|Protosynthesis|[silent]\n|\n|upkeep\n|\n|t:|1701079317\n|switch|p1a: Zamazenta|Zamazenta|100\/100\n|turn|19\n|\n|t:|1701079320\n|move|p1a: Zamazenta|Iron Defense|p1a: Zamazenta\n|-boost|p1a: Zamazenta|def|2\n|move|p2a: Gholdengo|Make It Rain|p1a: Zamazenta\n|-damage|p1a: Zamazenta|59\/100\n|-unboost|p2a: Gholdengo|spa|1\n|\n|-heal|p1a: Zamazenta|65\/100|[from] item: Leftovers\n|upkeep\n|turn|20\n|\n|t:|1701079326\n|switch|p2a: Iron Moth|Iron Moth|100\/100\n|-activate|p2a: Iron Moth|move: Sticky Web\n|-unboost|p2a: Iron Moth|spe|1\n|-enditem|p2a: Iron Moth|Booster Energy\n|-activate|p2a: Iron Moth|ability: Quark Drive|[fromitem]\n|-start|p2a: Iron Moth|quarkdrivespa\n|move|p1a: Zamazenta|Crunch|p2a: Iron Moth\n|-damage|p2a: Iron Moth|71\/100\n|\n|-heal|p1a: Zamazenta|71\/100|[from] item: Leftovers\n|upkeep\n|turn|21\n|\n|t:|1701079329\n|move|p1a: Zamazenta|Body Press|p2a: Iron Moth\n|-resisted|p2a: Iron Moth\n|-damage|p2a: Iron Moth|26\/100\n|move|p2a: Iron Moth|Fiery Dance|p1a: Zamazenta\n|-damage|p1a: Zamazenta|34\/100\n|-boost|p2a: Iron Moth|spa|1\n|\n|-heal|p1a: Zamazenta|40\/100|[from] item: Leftovers\n|upkeep\n|turn|22\n|\n|t:|1701079332\n|move|p1a: Zamazenta|Body Press|p2a: Iron Moth\n|-resisted|p2a: Iron Moth\n|-damage|p2a: Iron Moth|0 fnt\n|faint|p2a: Iron Moth\n|-end|p2a: Iron Moth|Quark Drive|[silent]\n|\n|-heal|p1a: Zamazenta|46\/100|[from] item: Leftovers\n|upkeep\n|\n|t:|1701079335\n|switch|p2a: Enamorus|Enamorus, F|46\/100\n|turn|23\n|\n|t:|1701079339\n|switch|p1a: Garganacl|Garganacl, M, tera:Ghost|90\/100\n|move|p2a: Enamorus|Moonblast|p1a: Garganacl\n|-damage|p1a: Garganacl|57\/100\n|\n|-heal|p1a: Garganacl|64\/100|[from] item: Leftovers\n|upkeep\n|turn|24\n|\n|t:|1701079343\n|switch|p2a: Kingambit|Kingambit, F|100\/100\n|-activate|p2a: Kingambit|move: Sticky Web\n|-unboost|p2a: Kingambit|spe|1\n|-activate|p2a: Kingambit|ability: Supreme Overlord\n|-start|p2a: Kingambit|fallen1|[silent]\n|move|p1a: Garganacl|Salt Cure|p2a: Kingambit\n|-resisted|p2a: Kingambit\n|-damage|p2a: Kingambit|95\/100\n|-start|p2a: Kingambit|Salt Cure\n|\n|-heal|p1a: Garganacl|70\/100|[from] item: Leftovers\n|-damage|p2a: Kingambit|70\/100|[from] Salt Cure\n|upkeep\n|turn|25\n|\n|t:|1701079349\n|move|p1a: Garganacl|Body Press|p2a: Kingambit\n|-supereffective|p2a: Kingambit\n|-damage|p2a: Kingambit|0 fnt\n|faint|p2a: Kingambit\n|-end|p2a: Kingambit|fallen1|[silent]\n|\n|-heal|p1a: Garganacl|76\/100|[from] item: Leftovers\n|upkeep\n|\n|t:|1701079356\n|switch|p2a: Enamorus|Enamorus, F|46\/100\n|turn|26\n|\n|t:|1701079359\n|move|p2a: Enamorus|Healing Wish|p2a: Enamorus\n|faint|p2a: Enamorus\n|move|p1a: Garganacl|Salt Cure|p2: Enamorus|[notarget]\n|-fail|p1a: Garganacl\n|\n|-heal|p1a: Garganacl|82\/100|[from] item: Leftovers\n|upkeep\n|\n|t:|1701079361\n|switch|p2a: Gholdengo|Gholdengo|36\/100\n|-heal|p2a: Gholdengo|100\/100|[from] move: Healing Wish\n|-activate|p2a: Gholdengo|move: Sticky Web\n|-unboost|p2a: Gholdengo|spe|1\n|turn|27\n|\n|t:|1701079368\n|move|p2a: Gholdengo|Nasty Plot|p2a: Gholdengo\n|-boost|p2a: Gholdengo|spa|2\n|move|p1a: Garganacl|Salt Cure|p2a: Gholdengo\n|-resisted|p2a: Gholdengo\n|-damage|p2a: Gholdengo|93\/100\n|-start|p2a: Gholdengo|Salt Cure\n|\n|-heal|p1a: Garganacl|88\/100|[from] item: Leftovers\n|-damage|p2a: Gholdengo|68\/100|[from] Salt Cure\n|upkeep\n|turn|28\n|\n|t:|1701079372\n|move|p2a: Gholdengo|Make It Rain|p1a: Garganacl\n|-crit|p1a: Garganacl\n|-damage|p1a: Garganacl|0 fnt\n|-unboost|p2a: Gholdengo|spa|1\n|faint|p1a: Garganacl\n|\n|-damage|p2a: Gholdengo|43\/100|[from] Salt Cure\n|upkeep\n|\n|t:|1701079378\n|switch|p1a: Zamazenta|Zamazenta|46\/100\n|turn|29\n|\n|t:|1701079382\n|move|p1a: Zamazenta|Crunch|p2a: Gholdengo\n|-supereffective|p2a: Gholdengo\n|-damage|p2a: Gholdengo|0 fnt\n|faint|p2a: Gholdengo\n|\n|-heal|p1a: Zamazenta|52\/100|[from] item: Leftovers\n|upkeep\n|\n|t:|1701079385\n|switch|p2a: Glimmora|Glimmora, M|100\/100\n|-activate|p2a: Glimmora|move: Sticky Web\n|-unboost|p2a: Glimmora|spe|1\n|turn|30\n|\n|t:|1701079390\n|move|p1a: Zamazenta|Iron Defense|p1a: Zamazenta\n|-boost|p1a: Zamazenta|def|2\n|move|p2a: Glimmora|Earth Power|p1a: Zamazenta\n|-damage|p1a: Zamazenta|33\/100\n|\n|-heal|p1a: Zamazenta|39\/100|[from] item: Leftovers\n|upkeep\n|turn|31\n|\n|t:|1701079394\n|move|p1a: Zamazenta|Body Press|p2a: Glimmora\n|-damage|p2a: Glimmora|28\/100\n|-activate|p2a: Glimmora|ability: Toxic Debris\n|-sidestart|p1: jmiguel_1307|move: Toxic Spikes\n|move|p2a: Glimmora|Mortal Spin|p1a: Zamazenta\n|-damage|p1a: Zamazenta|36\/100\n|-status|p1a: Zamazenta|psn\n|-sideend|p2: Nissouhunter|Sticky Web|[from] move: Mortal Spin|[of] p2a: Glimmora\n|\n|-heal|p1a: Zamazenta|42\/100 psn|[from] item: Leftovers\n|-damage|p1a: Zamazenta|30\/100 psn|[from] psn\n|upkeep\n|turn|32\n|\n|t:|1701079400\n|move|p1a: Zamazenta|Body Press|p2a: Glimmora\n|-damage|p2a: Glimmora|0 fnt\n|-activate|p2a: Glimmora|ability: Toxic Debris\n|-sidestart|p1: jmiguel_1307|move: Toxic Spikes\n|faint|p2a: Glimmora\n|\n|-heal|p1a: Zamazenta|36\/100 psn|[from] item: Leftovers\n|-damage|p1a: Zamazenta|23\/100 psn|[from] psn\n|upkeep\n|\n|t:|1701079402\n|switch|p2a: Ogerpon|Ogerpon-Wellspring-Tera, F, tera:Water|52\/100 par\n|-ability|p2a: Ogerpon|Embody Aspect (Wellspring)|boost\n|-boost|p2a: Ogerpon|spd|1\n|turn|33\n|\n|t:|1701079404\n|move|p1a: Zamazenta|Body Press|p2a: Ogerpon\n|-damage|p2a: Ogerpon|0 fnt\n|faint|p2a: Ogerpon\n|\n|win|jmiguel_1307\n|raw|jmiguel_1307's rating: 1346 &rarr; <strong>1371<\/strong><br \/>(+25 for winning)\n|raw|Nissouhunter's rating: 1440 &rarr; <strong>1415<\/strong><br \/>(-25 for losing)\n","uploadtime":1701079409,"views":3,"p1id":"jmiguel1307","p2id":"nissouhunter","formatid":"gen9ou","rating":1371,"private":0,"password":""}