{"id":"gen9ou-1998176859","p1":"yiyv1234321","p2":"Liego","format":"[Gen 9] OU","log":"|j|\u2606yiyv1234321\n|j|\u2606Liego\n|t:|1700906805\n|gametype|singles\n|player|p1|yiyv1234321|1|1028\n|player|p2|Liego|zinzolin|1109\n|teamsize|p1|6\n|teamsize|p2|6\n|gen|9\n|tier|[Gen 9] OU\n|rated|\n|rule|Sleep Clause Mod: Limit one foe put to sleep\n|rule|Species Clause: Limit one of each Pok\u00e9mon\n|rule|OHKO Clause: OHKO moves are banned\n|rule|Evasion Items Clause: Evasion items are banned\n|rule|Evasion Moves Clause: Evasion moves are banned\n|rule|Endless Battle Clause: Forcing endless battles is banned\n|rule|HP Percentage Mod: HP is shown in percentages\n|clearpoke\n|poke|p1|Dragonite, F|\n|poke|p1|Grimmsnarl, M|\n|poke|p1|Hatterene, F|\n|poke|p1|Clefable, F|\n|poke|p1|Ceruledge, F|\n|poke|p1|Toxapex, M|\n|poke|p2|Dragapult, F|\n|poke|p2|Alomomola, F|\n|poke|p2|Gholdengo|\n|poke|p2|Ribombee, F|\n|poke|p2|Iron Valiant|\n|poke|p2|Great Tusk|\n|teampreview\n|inactive|Battle timer is ON: inactive players will automatically lose when time's up. (requested by Liego)\n|\n|t:|1700906818\n|start\n|switch|p1a: Clefable|Clefable, F|100\/100\n|switch|p2a: Ribombee|Ribombee, F, shiny|100\/100\n|turn|1\n|\n|t:|1700906826\n|switch|p1a: Hatterene|Hatterene, F|100\/100\n|move|p2a: Ribombee|Sticky Web|p1a: Hatterene\n|move|p1a: Hatterene|Sticky Web|p2a: Ribombee|[from]ability: Magic Bounce\n|-sidestart|p2: Liego|move: Sticky Web\n|\n|upkeep\n|turn|2\n|\n|t:|1700906841\n|switch|p1a: Toxapex|Toxapex, M|100\/100\n|move|p2a: Ribombee|U-turn|p1a: Toxapex\n|-resisted|p1a: Toxapex\n|-damage|p1a: Toxapex|96\/100\n|-damage|p2a: Ribombee|84\/100|[from] item: Rocky Helmet|[of] p1a: Toxapex\n|\n|t:|1700906846\n|switch|p2a: Great Tusk|Great Tusk|100\/100|[from] U-turn\n|-activate|p2a: Great Tusk|move: Sticky Web\n|-unboost|p2a: Great Tusk|spe|1\n|-enditem|p2a: Great Tusk|Booster Energy\n|-activate|p2a: Great Tusk|ability: Protosynthesis|[fromitem]\n|-start|p2a: Great Tusk|protosynthesisatk\n|\n|upkeep\n|turn|3\n|\n|t:|1700906858\n|switch|p1a: Dragonite|Dragonite, F|100\/100\n|move|p2a: Great Tusk|Rapid Spin|p1a: Dragonite\n|-damage|p1a: Dragonite|93\/100\n|-boost|p2a: Great Tusk|spe|1\n|-sideend|p2: Liego|Sticky Web|[from] move: Rapid Spin|[of] p2a: Great Tusk\n|\n|-heal|p1a: Dragonite|99\/100|[from] item: Leftovers\n|upkeep\n|turn|4\n|\n|t:|1700906870\n|switch|p1a: Ceruledge|Ceruledge, F|100\/100\n|move|p2a: Great Tusk|Ice Spinner|p1a: Ceruledge\n|-resisted|p1a: Ceruledge\n|-damage|p1a: Ceruledge|79\/100\n|-ability|p1a: Ceruledge|Weak Armor|boost\n|-unboost|p1a: Ceruledge|def|1\n|-boost|p1a: Ceruledge|spe|2\n|\n|upkeep\n|turn|5\n|\n|t:|1700906878\n|move|p1a: Ceruledge|Destiny Bond|p1a: Ceruledge\n|-singlemove|p1a: Ceruledge|Destiny Bond\n|move|p2a: Great Tusk|Headlong Rush|p1a: Ceruledge\n|-supereffective|p1a: Ceruledge\n|-damage|p1a: Ceruledge|0 fnt\n|-unboost|p2a: Great Tusk|def|1\n|-unboost|p2a: Great Tusk|spd|1\n|faint|p1a: Ceruledge\n|-activate|p1a: Ceruledge|move: Destiny Bond\n|faint|p2a: Great Tusk\n|-end|p2a: Great Tusk|Protosynthesis|[silent]\n|\n|upkeep\n|\n|t:|1700906895\n|switch|p2a: Ribombee|Ribombee, F, shiny|84\/100\n|switch|p1a: Clefable|Clefable, F|100\/100\n|turn|6\n|\n|t:|1700906900\n|move|p2a: Ribombee|U-turn|p1a: Clefable\n|-resisted|p1a: Clefable\n|-damage|p1a: Clefable|94\/100\n|\n|t:|1700906902\n|switch|p2a: Gol|Gholdengo, shiny|100\/100|[from] U-turn\n|move|p1a: Clefable|Trick|p2a: Gol\n|-immune|p2a: Gol|[from] ability: Good as Gold\n|\n|-status|p1a: Clefable|tox|[from] item: Toxic Orb\n|upkeep\n|turn|7\n|\n|t:|1700906913\n|switch|p1a: Toxapex|Toxapex, M|100\/100\n|move|p2a: Gol|Psychic|p1a: Toxapex\n|-supereffective|p1a: Toxapex\n|-damage|p1a: Toxapex|56\/100\n|\n|upkeep\n|turn|8\n|\n|t:|1700906923\n|move|p2a: Gol|Psychic|p1a: Toxapex\n|-supereffective|p1a: Toxapex\n|-damage|p1a: Toxapex|10\/100\n|move|p1a: Toxapex|Toxic Spikes|p2a: Gol\n|-sidestart|p2: Liego|move: Toxic Spikes\n|\n|upkeep\n|turn|9\n|\n|t:|1700906932\n|switch|p1a: Dragonite|Dragonite, F|99\/100\n|move|p2a: Gol|Psychic|p1a: Dragonite\n|-damage|p1a: Dragonite|69\/100\n|\n|-heal|p1a: Dragonite|75\/100|[from] item: Leftovers\n|upkeep\n|turn|10\n|\n|t:|1700906939\n|switch|p2a: Ribombee|Ribombee, F, shiny|84\/100\n|-status|p2a: Ribombee|psn\n|move|p1a: Dragonite|Fire Spin|p2a: Ribombee\n|-supereffective|p2a: Ribombee\n|-damage|p2a: Ribombee|60\/100 psn\n|-activate|p2a: Ribombee|move: Fire Spin|[of] p1a: Dragonite\n|\n|-heal|p1a: Dragonite|81\/100|[from] item: Leftovers\n|-damage|p2a: Ribombee|48\/100 psn|[from] psn\n|-damage|p2a: Ribombee|35\/100 psn|[from] move: Fire Spin|[partiallytrapped]\n|upkeep\n|turn|11\n|\n|t:|1700906953\n|switch|p1a: Hatterene|Hatterene, F|100\/100\n|move|p2a: Ribombee|Sticky Web|p1a: Hatterene\n|move|p1a: Hatterene|Sticky Web|p2a: Ribombee|[from]ability: Magic Bounce\n|-sidestart|p2: Liego|move: Sticky Web\n|\n|-damage|p2a: Ribombee|23\/100 psn|[from] psn\n|-end|p2a: Ribombee|Fire Spin|[partiallytrapped]|[silent]\n|upkeep\n|turn|12\n|\n|t:|1700906963\n|move|p2a: Ribombee|Moonblast|p1a: Hatterene\n|-damage|p1a: Hatterene|65\/100\n|move|p1a: Hatterene|Nuzzle|p2a: Ribombee\n|-damage|p2a: Ribombee|17\/100 psn\n|\n|-heal|p1a: Hatterene|71\/100|[from] item: Leftovers\n|-damage|p2a: Ribombee|4\/100 psn|[from] psn\n|upkeep\n|turn|13\n|n|!Liego|liego\n|\n|t:|1700906973\n|switch|p1a: Toxapex|Toxapex, M|44\/100\n|move|p2a: Ribombee|Moonblast|p1a: Toxapex\n|-resisted|p1a: Toxapex\n|-damage|p1a: Toxapex|34\/100\n|-unboost|p1a: Toxapex|spa|1\n|\n|-damage|p2a: Ribombee|0 fnt|[from] psn\n|faint|p2a: Ribombee\n|upkeep\n|\n|t:|1700906979\n|switch|p2a: Gol|Gholdengo, shiny|100\/100\n|-activate|p2a: Gol|move: Sticky Web\n|-unboost|p2a: Gol|spe|1\n|turn|14\n|\n|t:|1700906991\n|switch|p1a: Grimmsnarl|Grimmsnarl, M|100\/100\n|move|p2a: Gol|Trick|p1a: Grimmsnarl\n|-activate|p2a: Gol|move: Trick|[of] p1a: Grimmsnarl\n|-item|p1a: Grimmsnarl|Choice Scarf|[from] move: Trick\n|-item|p2a: Gol|Leftovers|[from] move: Trick\n|\n|upkeep\n|turn|15\n|\n|t:|1700907011\n|switch|p1a: Toxapex|Toxapex, M|67\/100\n|move|p2a: Gol|Dazzling Gleam|p1a: Toxapex\n|-resisted|p1a: Toxapex\n|-damage|p1a: Toxapex|57\/100\n|\n|upkeep\n|turn|16\n|\n|t:|1700907020\n|switch|p1a: Grimmsnarl|Grimmsnarl, M|100\/100\n|move|p2a: Gol|Psychic|p1a: Grimmsnarl\n|-immune|p1a: Grimmsnarl\n|\n|upkeep\n|turn|17\n|\n|t:|1700907028\n|move|p1a: Grimmsnarl|Metronome|p1a: Grimmsnarl\n|move|p1a: Grimmsnarl|Dazzling Gleam|p2a: Gol|[from]move: Metronome\n|-resisted|p2a: Gol\n|-damage|p2a: Gol|82\/100\n|move|p2a: Gol|Dazzling Gleam|p1a: Grimmsnarl\n|-supereffective|p1a: Grimmsnarl\n|-damage|p1a: Grimmsnarl|47\/100\n|\n|-heal|p2a: Gol|88\/100|[from] item: Leftovers\n|upkeep\n|turn|18\n|\n|t:|1700907051\n|switch|p1a: Toxapex|Toxapex, M|90\/100\n|move|p2a: Gol|Dazzling Gleam|p1a: Toxapex\n|-resisted|p1a: Toxapex\n|-damage|p1a: Toxapex|81\/100\n|\n|-heal|p2a: Gol|94\/100|[from] item: Leftovers\n|upkeep\n|turn|19\n|\n|t:|1700907061\n|switch|p2a: Battle Mech|Iron Valiant, shiny|100\/100\n|-status|p2a: Battle Mech|psn\n|-activate|p2a: Battle Mech|move: Sticky Web\n|-unboost|p2a: Battle Mech|spe|1\n|-enditem|p2a: Battle Mech|Booster Energy\n|-activate|p2a: Battle Mech|ability: Quark Drive|[fromitem]\n|-start|p2a: Battle Mech|quarkdrivespa\n|move|p1a: Toxapex|Toxic Spikes|p2a: Battle Mech\n|-sidestart|p2: Liego|move: Toxic Spikes\n|\n|-damage|p2a: Battle Mech|88\/100 psn|[from] psn\n|upkeep\n|turn|20\n|\n|t:|1700907074\n|move|p2a: Battle Mech|Calm Mind|p2a: Battle Mech\n|-boost|p2a: Battle Mech|spa|1\n|-boost|p2a: Battle Mech|spd|1\n|move|p1a: Toxapex|Icy Wind|p2a: Battle Mech\n|-damage|p2a: Battle Mech|78\/100 psn\n|-unboost|p2a: Battle Mech|spe|1\n|\n|-damage|p2a: Battle Mech|66\/100 psn|[from] psn\n|upkeep\n|turn|21\n|\n|t:|1700907083\n|move|p1a: Toxapex|Baneful Bunker|p1a: Toxapex\n|-singleturn|p1a: Toxapex|move: Protect\n|move|p2a: Battle Mech|Psychic|p1a: Toxapex\n|-activate|p1a: Toxapex|move: Protect\n|\n|-damage|p2a: Battle Mech|53\/100 psn|[from] psn\n|upkeep\n|turn|22\n|-message|Liego forfeited.\n|\n|win|yiyv1234321\n|raw|yiyv1234321's rating: 1028 &rarr; <strong>1072<\/strong><br \/>(+44 for winning)\n|raw|Liego's rating: 1109 &rarr; <strong>1078<\/strong><br \/>(-31 for losing)\n|l|!Liego\n","uploadtime":1700906964,"views":1,"p1id":"yiyv1234321","p2id":"liego","formatid":"gen9ou","rating":1072,"private":0,"password":""}