{"id":"gen9ou-1995770228","p1":"cardinals29","p2":"Galio is OU","format":"[Gen 9] OU","log":"|j|\u2606cardinals29\n|j|\u2606Galio is OU\n|t:|1700601510\n|gametype|singles\n|player|p1|cardinals29|lucas|\n|player|p2|Galio is OU|roughneck-gen4|\n|teamsize|p1|6\n|teamsize|p2|6\n|gen|9\n|tier|[Gen 9] OU\n|rule|Sleep Clause Mod: Limit one foe put to sleep\n|rule|Species Clause: Limit one of each Pok\u00e9mon\n|rule|OHKO Clause: OHKO moves are banned\n|rule|Evasion Items Clause: Evasion items are banned\n|rule|Evasion Moves Clause: Evasion moves are banned\n|rule|Endless Battle Clause: Forcing endless battles is banned\n|rule|HP Percentage Mod: HP is shown in percentages\n|clearpoke\n|poke|p1|Decidueye, F|\n|poke|p1|Toxtricity, M|\n|poke|p1|Moltres|\n|poke|p1|Clefable, F|\n|poke|p1|Scyther, M|\n|poke|p1|Empoleon, M|\n|poke|p2|Landorus-Therian, M|\n|poke|p2|Scizor, F|\n|poke|p2|Samurott-Hisui, M|\n|poke|p2|Corviknight, F|\n|poke|p2|Drednaw, M|\n|poke|p2|Gengar, F|\n|teampreview\n|\n|t:|1700601528\n|start\n|switch|p1a: Toxtricity|Toxtricity, M|100\/100\n|switch|p2a: HeLovesCastingHexs|Gengar, F|100\/100\n|turn|1\n|\n|t:|1700601562\n|switch|p2a: Quasar|Landorus-Therian, M|100\/100\n|-ability|p2a: Quasar|Intimidate|boost\n|-unboost|p1a: Toxtricity|atk|1\n|move|p1a: Toxtricity|Volt Switch|p2a: Quasar\n|-immune|p2a: Quasar\n|\n|upkeep\n|turn|2\n|\n|t:|1700601574\n|switch|p1a: Moltres|Moltres|100\/100\n|move|p2a: Quasar|Stone Edge|p1a: Moltres\n|-supereffective|p1a: Moltres\n|-damage|p1a: Moltres|0 fnt\n|faint|p1a: Moltres\n|\n|upkeep\n|\n|t:|1700601589\n|switch|p1a: Decidueye|Decidueye, F|100\/100\n|turn|3\n|\n|t:|1700601603\n|switch|p2a: Nasuada|Corviknight, F|100\/100\n|-ability|p2a: Nasuada|Unnerve\n|move|p1a: Decidueye|Swords Dance|p1a: Decidueye\n|-boost|p1a: Decidueye|atk|2\n|\n|upkeep\n|turn|4\n|\n|t:|1700601610\n|move|p1a: Decidueye|Swords Dance|p1a: Decidueye\n|-boost|p1a: Decidueye|atk|2\n|move|p2a: Nasuada|Brave Bird|p1a: Decidueye\n|-supereffective|p1a: Decidueye\n|-damage|p1a: Decidueye|0 fnt\n|faint|p1a: Decidueye\n|-damage|p2a: Nasuada|76\/100|[from] Recoil\n|\n|upkeep\n|\n|t:|1700601615\n|switch|p1a: Toxtricity|Toxtricity, M|100\/100\n|turn|5\n|\n|t:|1700601628\n|switch|p2a: HeLovesCastingHexs|Gengar, F|100\/100\n|move|p1a: Toxtricity|Volt Switch|p2a: HeLovesCastingHexs\n|-damage|p2a: HeLovesCastingHexs|44\/100\n|\n|t:|1700601634\n|switch|p1a: Empoleon|Empoleon, M|100\/100|[from] Volt Switch\n|\n|upkeep\n|turn|6\n|\n|t:|1700601642\n|move|p2a: HeLovesCastingHexs|Trick|p1a: Empoleon\n|-activate|p2a: HeLovesCastingHexs|move: Trick|[of] p1a: Empoleon\n|-item|p1a: Empoleon|Choice Specs|[from] move: Trick\n|-item|p2a: HeLovesCastingHexs|Assault Vest|[from] move: Trick\n|move|p1a: Empoleon|Knock Off|p2a: HeLovesCastingHexs\n|-supereffective|p2a: HeLovesCastingHexs\n|-damage|p2a: HeLovesCastingHexs|0 fnt\n|-enditem|p2a: HeLovesCastingHexs|Assault Vest|[from] move: Knock Off|[of] p1a: Empoleon\n|faint|p2a: HeLovesCastingHexs\n|\n|upkeep\n|\n|t:|1700601653\n|switch|p2a: Chewbacca|Drednaw, M, shiny|100\/100\n|turn|7\n|\n|t:|1700601667\n|switch|p1a: Clefable|Clefable, F|100\/100\n|move|p2a: Chewbacca|Shell Smash|p2a: Chewbacca\n|-unboost|p2a: Chewbacca|def|1\n|-unboost|p2a: Chewbacca|spd|1\n|-boost|p2a: Chewbacca|atk|2\n|-boost|p2a: Chewbacca|spa|2\n|-boost|p2a: Chewbacca|spe|2\n|-enditem|p2a: Chewbacca|White Herb\n|-clearnegativeboost|p2a: Chewbacca|[silent]\n|\n|upkeep\n|turn|8\n|\n|t:|1700601682\n|-terastallize|p2a: Chewbacca|Water\n|move|p2a: Chewbacca|Liquidation|p1a: Clefable\n|-damage|p1a: Clefable|38\/100\n|move|p1a: Clefable|Moonblast|p2a: Chewbacca\n|-damage|p2a: Chewbacca|53\/100\n|\n|upkeep\n|turn|9\n|\n|t:|1700601696\n|move|p2a: Chewbacca|Shell Smash|p2a: Chewbacca\n|-unboost|p2a: Chewbacca|def|1\n|-unboost|p2a: Chewbacca|spd|1\n|-boost|p2a: Chewbacca|atk|2\n|-boost|p2a: Chewbacca|spa|2\n|-boost|p2a: Chewbacca|spe|2\n|move|p1a: Clefable|Wish|p1a: Clefable\n|\n|upkeep\n|turn|10\n|\n|t:|1700601707\n|move|p1a: Clefable|Protect|p1a: Clefable\n|-singleturn|p1a: Clefable|Protect\n|move|p2a: Chewbacca|Shell Smash|p2a: Chewbacca\n|-unboost|p2a: Chewbacca|def|1\n|-unboost|p2a: Chewbacca|spd|1\n|-boost|p2a: Chewbacca|atk|2\n|-boost|p2a: Chewbacca|spa|2\n|-boost|p2a: Chewbacca|spe|2\n|\n|-heal|p1a: Clefable|88\/100|[from] move: Wish|[wisher] Clefable\n|upkeep\n|turn|11\n|\n|t:|1700601712\n|move|p2a: Chewbacca|Liquidation|p1a: Clefable\n|-damage|p1a: Clefable|28\/100\n|move|p1a: Clefable|Moonblast|p2a: Chewbacca\n|-damage|p2a: Chewbacca|8\/100\n|\n|upkeep\n|turn|12\n|\n|t:|1700601719\n|move|p2a: Chewbacca|Liquidation|p1a: Clefable\n|-damage|p1a: Clefable|0 fnt\n|faint|p1a: Clefable\n|\n|upkeep\n|\n|t:|1700601722\n|switch|p1a: Empoleon|Empoleon, M|100\/100\n|turn|13\n|\n|t:|1700601736\n|switch|p2a: Nasuada|Corviknight, F|76\/100\n|-ability|p2a: Nasuada|Unnerve\n|move|p1a: Empoleon|Aqua Jet|p2a: Nasuada\n|-damage|p2a: Nasuada|69\/100\n|-damage|p1a: Empoleon|84\/100|[from] item: Rocky Helmet|[of] p2a: Nasuada\n|\n|upkeep\n|turn|14\n|\n|t:|1700601749\n|move|p1a: Empoleon|Aqua Jet|p2a: Nasuada\n|-damage|p2a: Nasuada|61\/100\n|-damage|p1a: Empoleon|67\/100|[from] item: Rocky Helmet|[of] p2a: Nasuada\n|move|p2a: Nasuada|U-turn|p1a: Empoleon\n|-resisted|p1a: Empoleon\n|-damage|p1a: Empoleon|60\/100\n|\n|t:|1700601757\n|switch|p2a: Capitalism Slave|Scizor, F|100\/100|[from] U-turn\n|\n|upkeep\n|turn|15\n|\n|t:|1700601764\n|switch|p1a: Toxtricity|Toxtricity, M|100\/100\n|move|p2a: Capitalism Slave|Swords Dance|p2a: Capitalism Slave\n|-boost|p2a: Capitalism Slave|atk|2\n|\n|upkeep\n|turn|16\n|\n|t:|1700601770\n|move|p2a: Capitalism Slave|Bullet Punch|p1a: Toxtricity\n|-resisted|p1a: Toxtricity\n|-damage|p1a: Toxtricity|29\/100\n|-damage|p2a: Capitalism Slave|91\/100|[from] item: Life Orb\n|move|p1a: Toxtricity|Thunderbolt|p2a: Capitalism Slave\n|-damage|p2a: Capitalism Slave|29\/100\n|\n|upkeep\n|turn|17\n|\n|t:|1700601777\n|move|p2a: Capitalism Slave|Bullet Punch|p1a: Toxtricity\n|-resisted|p1a: Toxtricity\n|-damage|p1a: Toxtricity|0 fnt\n|faint|p1a: Toxtricity\n|-damage|p2a: Capitalism Slave|19\/100|[from] item: Life Orb\n|\n|upkeep\n|\n|t:|1700601780\n|switch|p1a: Empoleon|Empoleon, M|60\/100\n|turn|18\n|\n|t:|1700601789\n|move|p2a: Capitalism Slave|Bullet Punch|p1a: Empoleon\n|-resisted|p1a: Empoleon\n|-damage|p1a: Empoleon|40\/100\n|-damage|p2a: Capitalism Slave|9\/100|[from] item: Life Orb\n|move|p1a: Empoleon|Aqua Jet|p2a: Capitalism Slave\n|-damage|p2a: Capitalism Slave|0 fnt\n|faint|p2a: Capitalism Slave\n|\n|upkeep\n|\n|t:|1700601797\n|switch|p2a: Nasuada|Corviknight, F|61\/100\n|-ability|p2a: Nasuada|Unnerve\n|turn|19\n|\n|t:|1700601802\n|switch|p1a: Scyther|Scyther, M|100\/100\n|move|p2a: Nasuada|Roost|p2a: Nasuada\n|-heal|p2a: Nasuada|100\/100\n|-singleturn|p2a: Nasuada|move: Roost\n|\n|upkeep\n|turn|20\n|\n|t:|1700601810\n|switch|p1a: Empoleon|Empoleon, M|40\/100\n|move|p2a: Nasuada|Brave Bird|p1a: Empoleon\n|-resisted|p1a: Empoleon\n|-damage|p1a: Empoleon|23\/100\n|-damage|p2a: Nasuada|95\/100|[from] Recoil\n|\n|upkeep\n|turn|21\n|\n|t:|1700601824\n|move|p2a: Nasuada|Brave Bird|p1a: Empoleon\n|-resisted|p1a: Empoleon\n|-damage|p1a: Empoleon|5\/100\n|-damage|p2a: Nasuada|89\/100|[from] Recoil\n|move|p1a: Empoleon|Knock Off|p2a: Nasuada\n|-damage|p2a: Nasuada|77\/100\n|-damage|p1a: Empoleon|0 fnt|[from] item: Rocky Helmet|[of] p2a: Nasuada\n|faint|p1a: Empoleon\n|\n|upkeep\n|\n|t:|1700601833\n|switch|p1a: Scyther|Scyther, M|100\/100\n|turn|22\n|\n|t:|1700601841\n|move|p1a: Scyther|Swords Dance|p1a: Scyther\n|-boost|p1a: Scyther|atk|2\n|move|p2a: Nasuada|Brave Bird|p1a: Scyther\n|-supereffective|p1a: Scyther\n|-damage|p1a: Scyther|7\/100\n|-damage|p2a: Nasuada|50\/100|[from] Recoil\n|\n|upkeep\n|turn|23\n|\n|t:|1700601850\n|move|p1a: Scyther|Dual Wingbeat|p2a: Nasuada\n|-resisted|p2a: Nasuada\n|-damage|p2a: Nasuada|37\/100\n|-damage|p1a: Scyther|0 fnt|[from] item: Rocky Helmet|[of] p2a: Nasuada\n|faint|p1a: Scyther\n|\n|win|Galio is OU\n|-hitcount|p2a: Nasuada|1\n","uploadtime":1700601860,"views":17,"p1id":"cardinals29","p2id":"galioisou","formatid":"gen9ou","rating":0,"private":0,"password":""}