{"id":"gen9ou-1995085961","p1":"TheBubylemur","p2":"jexiar\u30c3","format":"[Gen 9] OU","log":"|j|\u2606TheBubylemur\n|j|\u2606jexiar\u30c3\n|t:|1700520984\n|gametype|singles\n|player|p1|TheBubylemur|biker|1140\n|player|p2|jexiar\u30c3|lucas|1079\n|teamsize|p1|6\n|teamsize|p2|6\n|gen|9\n|tier|[Gen 9] OU\n|rated|\n|rule|Sleep Clause Mod: Limit one foe put to sleep\n|rule|Species Clause: Limit one of each Pok\u00e9mon\n|rule|OHKO Clause: OHKO moves are banned\n|rule|Evasion Items Clause: Evasion items are banned\n|rule|Evasion Moves Clause: Evasion moves are banned\n|rule|Endless Battle Clause: Forcing endless battles is banned\n|rule|HP Percentage Mod: HP is shown in percentages\n|clearpoke\n|poke|p1|Ribombee, M|\n|poke|p1|Dondozo, F|\n|poke|p1|Garchomp, F|\n|poke|p1|Cinderace, M|\n|poke|p1|Thundurus-Therian, M|\n|poke|p1|Slowking-Galar, M|\n|poke|p2|Mienshao, F|\n|poke|p2|Clefable, F|\n|poke|p2|Manaphy|\n|poke|p2|Talonflame, F|\n|poke|p2|Moltres-Galar|\n|poke|p2|Great Tusk|\n|teampreview\n|inactive|Battle timer is ON: inactive players will automatically lose when time's up. (requested by jexiar\u30c3)\n|\n|t:|1700520998\n|start\n|switch|p1a: Ribombee|Ribombee, M|100\/100\n|switch|p2a: Talonflame|Talonflame, F, shiny|100\/100\n|turn|1\n|\n|t:|1700521018\n|move|p2a: Talonflame|Dual Wingbeat|p1a: Ribombee\n|-supereffective|p1a: Ribombee\n|-damage|p1a: Ribombee|43\/100\n|-supereffective|p1a: Ribombee\n|-damage|p1a: Ribombee|0 fnt\n|faint|p1a: Ribombee\n|-hitcount|p1: Ribombee|2\n|\n|upkeep\n|\n|t:|1700521030\n|switch|p1a: Garchomp|Garchomp, F|100\/100\n|turn|2\n|\n|t:|1700521033\n|move|p2a: Talonflame|Will-O-Wisp|p1a: Garchomp\n|-status|p1a: Garchomp|brn\n|move|p1a: Garchomp|Stealth Rock|p2a: Talonflame\n|-sidestart|p2: jexiar\u30c3|move: Stealth Rock\n|\n|-damage|p1a: Garchomp|94\/100 brn|[from] brn\n|upkeep\n|turn|3\n|\n|t:|1700521041\n|move|p2a: Talonflame|Defog|p1a: Garchomp\n|-unboost|p1a: Garchomp|evasion|1\n|-sideend|p2: jexiar\u30c3|Stealth Rock|[from] move: Defog|[of] p2a: Talonflame\n|move|p1a: Garchomp|Dragon Tail|p2a: Talonflame\n|-damage|p2a: Talonflame|84\/100\n|drag|p2a: Manaphy|Manaphy, shiny|100\/100\n|\n|-damage|p1a: Garchomp|88\/100 brn|[from] brn\n|upkeep\n|turn|4\n|\n|t:|1700521064\n|switch|p2a: Clefable|Clefable, F|100\/100\n|switch|p1a: Dondozo|Dondozo, F|100\/100\n|\n|upkeep\n|turn|5\n|\n|t:|1700521074\n|move|p2a: Clefable|Stealth Rock|p1a: Dondozo\n|-sidestart|p1: TheBubylemur|move: Stealth Rock\n|move|p1a: Dondozo|Curse|p1a: Dondozo\n|-unboost|p1a: Dondozo|spe|1\n|-boost|p1a: Dondozo|atk|1\n|-boost|p1a: Dondozo|def|1\n|\n|upkeep\n|turn|6\n|\n|t:|1700521078\n|move|p2a: Clefable|Moonblast|p1a: Dondozo\n|-damage|p1a: Dondozo|82\/100\n|move|p1a: Dondozo|Curse|p1a: Dondozo\n|-unboost|p1a: Dondozo|spe|1\n|-boost|p1a: Dondozo|atk|1\n|-boost|p1a: Dondozo|def|1\n|\n|-heal|p1a: Dondozo|88\/100|[from] item: Leftovers\n|upkeep\n|turn|7\n|\n|t:|1700521083\n|move|p2a: Clefable|Moonblast|p1a: Dondozo\n|-damage|p1a: Dondozo|70\/100\n|move|p1a: Dondozo|Curse|p1a: Dondozo\n|-unboost|p1a: Dondozo|spe|1\n|-boost|p1a: Dondozo|atk|1\n|-boost|p1a: Dondozo|def|1\n|\n|-heal|p1a: Dondozo|76\/100|[from] item: Leftovers\n|upkeep\n|turn|8\n|\n|t:|1700521090\n|move|p2a: Clefable|Moonblast|p1a: Dondozo\n|-damage|p1a: Dondozo|55\/100\n|-unboost|p1a: Dondozo|spa|1\n|move|p1a: Dondozo|Curse|p1a: Dondozo\n|-unboost|p1a: Dondozo|spe|1\n|-boost|p1a: Dondozo|atk|1\n|-boost|p1a: Dondozo|def|1\n|\n|-heal|p1a: Dondozo|61\/100|[from] item: Leftovers\n|upkeep\n|turn|9\n|\n|t:|1700521098\n|move|p2a: Clefable|Moonblast|p1a: Dondozo\n|-damage|p1a: Dondozo|42\/100\n|move|p1a: Dondozo|Liquidation|p2a: Clefable\n|-damage|p2a: Clefable|37\/100\n|\n|-heal|p2a: Clefable|43\/100|[from] item: Leftovers\n|-heal|p1a: Dondozo|49\/100|[from] item: Leftovers\n|upkeep\n|turn|10\n|\n|t:|1700521108\n|move|p2a: Clefable|Wish|p2a: Clefable\n|move|p1a: Dondozo|Liquidation|p2a: Clefable\n|-damage|p2a: Clefable|0 fnt\n|faint|p2a: Clefable\n|\n|-heal|p1a: Dondozo|55\/100|[from] item: Leftovers\n|upkeep\n|\n|t:|1700521112\n|switch|p2a: Moltres|Moltres-Galar|100\/100\n|turn|11\n|\n|t:|1700521123\n|-terastallize|p2a: Moltres|Fairy\n|move|p2a: Moltres|Nasty Plot|p2a: Moltres\n|-boost|p2a: Moltres|spa|2\n|move|p1a: Dondozo|Avalanche|p2a: Moltres\n|-damage|p2a: Moltres|55\/100\n|\n|-heal|p2a: Moltres|100\/100|[from] move: Wish|[wisher] Clefable\n|-heal|p1a: Dondozo|61\/100|[from] item: Leftovers\n|upkeep\n|turn|12\n|\n|t:|1700521134\n|move|p2a: Moltres|Dark Pulse|p1a: Dondozo\n|-damage|p1a: Dondozo|38\/100\n|move|p1a: Dondozo|Liquidation|p2a: Moltres\n|-damage|p2a: Moltres|5\/100\n|-ability|p2a: Moltres|Berserk|boost\n|-boost|p2a: Moltres|spa|1\n|-enditem|p2a: Moltres|Sitrus Berry|[eat]\n|-heal|p2a: Moltres|30\/100|[from] item: Sitrus Berry\n|\n|-heal|p1a: Dondozo|44\/100|[from] item: Leftovers\n|upkeep\n|turn|13\n|\n|t:|1700521146\n|move|p2a: Moltres|Dark Pulse|p1a: Dondozo\n|-damage|p1a: Dondozo|21\/100\n|move|p1a: Dondozo|Liquidation|p2a: Moltres\n|-damage|p2a: Moltres|0 fnt\n|faint|p2a: Moltres\n|\n|-heal|p1a: Dondozo|27\/100|[from] item: Leftovers\n|upkeep\n|\n|t:|1700521151\n|switch|p2a: Mienshao|Mienshao, F, shiny|100\/100\n|turn|14\n|\n|t:|1700521164\n|move|p2a: Mienshao|Knock Off|p1a: Dondozo\n|-crit|p1a: Dondozo\n|-damage|p1a: Dondozo|0 fnt\n|-enditem|p1a: Dondozo|Leftovers|[from] move: Knock Off|[of] p2a: Mienshao\n|faint|p1a: Dondozo\n|\n|upkeep\n|\n|t:|1700521171\n|switch|p1a: Garchomp|Garchomp, F|88\/100 brn\n|-damage|p1a: Garchomp|82\/100 brn|[from] Stealth Rock\n|turn|15\n|\n|t:|1700521179\n|switch|p2a: Great Tusk|Great Tusk|100\/100\n|move|p1a: Garchomp|Stealth Rock|p2a: Great Tusk\n|-sidestart|p2: jexiar\u30c3|move: Stealth Rock\n|\n|-damage|p1a: Garchomp|76\/100 brn|[from] brn\n|upkeep\n|turn|16\n|\n|t:|1700521185\n|move|p2a: Great Tusk|Rapid Spin|p1a: Garchomp\n|-damage|p1a: Garchomp|65\/100 brn\n|-boost|p2a: Great Tusk|spe|1\n|-damage|p2a: Great Tusk|88\/100|[from] ability: Rough Skin|[of] p1a: Garchomp\n|-damage|p2a: Great Tusk|72\/100|[from] item: Rocky Helmet|[of] p1a: Garchomp\n|-sideend|p2: jexiar\u30c3|Stealth Rock|[from] move: Rapid Spin|[of] p2a: Great Tusk\n|move|p1a: Garchomp|Earthquake|p2a: Great Tusk\n|-damage|p2a: Great Tusk|56\/100\n|\n|-damage|p1a: Garchomp|59\/100 brn|[from] brn\n|upkeep\n|turn|17\n|\n|t:|1700521197\n|move|p2a: Great Tusk|Headlong Rush|p1a: Garchomp\n|-damage|p1a: Garchomp|22\/100 brn\n|-unboost|p2a: Great Tusk|def|1\n|-unboost|p2a: Great Tusk|spd|1\n|-damage|p2a: Great Tusk|43\/100|[from] ability: Rough Skin|[of] p1a: Garchomp\n|-damage|p2a: Great Tusk|27\/100|[from] item: Rocky Helmet|[of] p1a: Garchomp\n|move|p1a: Garchomp|Stealth Rock|p2a: Great Tusk\n|-sidestart|p2: jexiar\u30c3|move: Stealth Rock\n|\n|-damage|p1a: Garchomp|16\/100 brn|[from] brn\n|upkeep\n|turn|18\n|\n|t:|1700521209\n|switch|p1a: Thundurus|Thundurus-Therian, M|100\/100\n|-damage|p1a: Thundurus|76\/100|[from] Stealth Rock\n|move|p2a: Great Tusk|Rapid Spin|p1a: Thundurus\n|-damage|p1a: Thundurus|47\/100\n|-boost|p2a: Great Tusk|spe|1\n|-sideend|p2: jexiar\u30c3|Stealth Rock|[from] move: Rapid Spin|[of] p2a: Great Tusk\n|\n|upkeep\n|turn|19\n|\n|t:|1700521222\n|-terastallize|p1a: Thundurus|Flying\n|move|p2a: Great Tusk|Knock Off|p1a: Thundurus\n|-damage|p1a: Thundurus|0 fnt\n|-enditem|p1a: Thundurus|Choice Specs|[from] move: Knock Off|[of] p2a: Great Tusk\n|faint|p1a: Thundurus\n|\n|upkeep\n|\n|t:|1700521230\n|switch|p1a: Cinderace|Cinderace, M|100\/100\n|turn|20\n|\n|t:|1700521233\n|move|p2a: Great Tusk|Headlong Rush|p1a: Cinderace\n|-supereffective|p1a: Cinderace\n|-damage|p1a: Cinderace|0 fnt\n|-unboost|p2a: Great Tusk|def|1\n|-unboost|p2a: Great Tusk|spd|1\n|faint|p1a: Cinderace\n|\n|upkeep\n|\n|t:|1700521238\n|switch|p1a: Garchomp|Garchomp, F|16\/100 brn\n|-damage|p1a: Garchomp|10\/100 brn|[from] Stealth Rock\n|turn|21\n|\n|t:|1700521243\n|move|p2a: Great Tusk|Headlong Rush|p1a: Garchomp\n|-damage|p1a: Garchomp|0 fnt\n|-unboost|p2a: Great Tusk|def|1\n|-unboost|p2a: Great Tusk|spd|1\n|-damage|p2a: Great Tusk|15\/100|[from] ability: Rough Skin|[of] p1a: Garchomp\n|-damage|p2a: Great Tusk|0 fnt|[from] item: Rocky Helmet|[of] p1a: Garchomp\n|faint|p1a: Garchomp\n|faint|p2a: Great Tusk\n|-end|p2a: Great Tusk|Protosynthesis|[silent]\n|\n|upkeep\n|\n|t:|1700521250\n|switch|p2a: Manaphy|Manaphy, shiny|100\/100\n|switch|p1a: Slowking|Slowking-Galar, M|100\/100\n|-damage|p1a: Slowking|88\/100|[from] Stealth Rock\n|turn|22\n|\n|t:|1700521256\n|move|p2a: Manaphy|Tail Glow|p2a: Manaphy\n|-boost|p2a: Manaphy|spa|3\n|move|p1a: Slowking|Future Sight|p2a: Manaphy\n|-start|p1a: Slowking|move: Future Sight\n|\n|-heal|p1a: Slowking|94\/100|[from] item: Black Sludge\n|upkeep\n|turn|23\n|\n|t:|1700521261\n|move|p2a: Manaphy|Surf|p1a: Slowking\n|-damage|p1a: Slowking|23\/100\n|move|p1a: Slowking|Sludge Bomb|p2a: Manaphy\n|-damage|p2a: Manaphy|57\/100\n|\n|-heal|p1a: Slowking|29\/100|[from] item: Black Sludge\n|upkeep\n|turn|24\n|\n|t:|1700521269\n|move|p2a: Manaphy|Surf|p1a: Slowking\n|-damage|p1a: Slowking|0 fnt\n|faint|p1a: Slowking\n|\n|win|jexiar\u30c3\n|raw|TheBubylemur's rating: 1140 &rarr; <strong>1111<\/strong><br \/>(-29 for losing)\n|raw|jexiar\u30c3's rating: 1079 &rarr; <strong>1112<\/strong><br \/>(+33 for winning)\n|c|\u2606jexiar\u30c3|ggs\n|c|\u2606TheBubylemur|ggs\n|l|\u2606TheBubylemur\n","uploadtime":1700521281,"views":14,"p1id":"thebubylemur","p2id":"jexiar","formatid":"gen9ou","rating":1111,"private":0,"password":""}