{"id":"gen9ou-1999445986","p1":"julianmanier","p2":"liaoya","format":"[Gen 9] OU","log":"|j|\u2606julianmanier\n|j|\u2606liaoya\n|t:|1701081777\n|gametype|singles\n|player|p1|julianmanier|170|1496\n|player|p2|liaoya|petrel|1585\n|teamsize|p1|6\n|teamsize|p2|6\n|gen|9\n|tier|[Gen 9] OU\n|rated|\n|rule|Sleep Clause Mod: Limit one foe put to sleep\n|rule|Species Clause: Limit one of each Pok\u00e9mon\n|rule|OHKO Clause: OHKO moves are banned\n|rule|Evasion Items Clause: Evasion items are banned\n|rule|Evasion Moves Clause: Evasion moves are banned\n|rule|Endless Battle Clause: Forcing endless battles is banned\n|rule|HP Percentage Mod: HP is shown in percentages\n|clearpoke\n|poke|p1|Kingambit, F|\n|poke|p1|Ogerpon-Wellspring, F|\n|poke|p1|Clefable, F|\n|poke|p1|Great Tusk|\n|poke|p1|Slowking-Galar, M|\n|poke|p1|Enamorus, F|\n|poke|p2|Drifblim, M|\n|poke|p2|Garganacl, F|\n|poke|p2|Umbreon, F|\n|poke|p2|Rotom-Wash|\n|poke|p2|Glimmora, F|\n|poke|p2|Espeon, F|\n|teampreview\n|inactive|Battle timer is ON: inactive players will automatically lose when time's up. (requested by liaoya)\n|\n|t:|1701081790\n|start\n|switch|p1a: Slowking|Slowking-Galar, M|100\/100\n|switch|p2a: Rotom|Rotom-Wash|100\/100\n|turn|1\n|\n|t:|1701081793\n|move|p2a: Rotom|Trick|p1a: Slowking\n|-activate|p2a: Rotom|move: Trick|[of] p1a: Slowking\n|-item|p1a: Slowking|Choice Scarf|[from] move: Trick\n|-item|p2a: Rotom|Assault Vest|[from] move: Trick\n|move|p1a: Slowking|Future Sight|p2a: Rotom\n|-start|p1a: Slowking|move: Future Sight\n|\n|upkeep\n|turn|2\n|\n|t:|1701081806\n|switch|p1a: Great Tusk|Great Tusk|100\/100\n|move|p2a: Rotom|Volt Switch|p1a: Great Tusk\n|-immune|p1a: Great Tusk\n|\n|upkeep\n|turn|3\n|\n|t:|1701081814\n|-end|p1a: Great Tusk|Protosynthesis|[silent]\n|switch|p1a: Ogerpon|Ogerpon-Wellspring, F|100\/100\n|move|p2a: Rotom|Hydro Pump|p1a: Ogerpon\n|-immune|p1a: Ogerpon|[from] ability: Water Absorb\n|\n|-end|p2a: Rotom|move: Future Sight\n|-damage|p2a: Rotom|68\/100\n|upkeep\n|turn|4\n|\n|t:|1701081821\n|move|p1a: Ogerpon|Power Whip|p2a: Rotom\n|-supereffective|p2a: Rotom\n|-damage|p2a: Rotom|0 fnt\n|faint|p2a: Rotom\n|\n|upkeep\n|\n|t:|1701081824\n|switch|p2a: Glimmora|Glimmora, F|100\/100\n|turn|5\n|\n|t:|1701081834\n|switch|p1a: Clefable|Clefable, F|100\/100\n|move|p2a: Glimmora|Mortal Spin|p1a: Clefable\n|-supereffective|p1a: Clefable\n|-damage|p1a: Clefable|92\/100\n|-status|p1a: Clefable|psn\n|\n|-heal|p1a: Clefable|98\/100 psn|[from] item: Leftovers\n|-damage|p1a: Clefable|86\/100 psn|[from] psn\n|upkeep\n|turn|6\n|\n|t:|1701081844\n|move|p2a: Glimmora|Light Screen|p2a: Glimmora\n|-sidestart|p2: liaoya|move: Light Screen\n|move|p1a: Clefable|Thunder Wave|p2a: Glimmora\n|-status|p2a: Glimmora|par\n|\n|-heal|p1a: Clefable|92\/100 psn|[from] item: Leftovers\n|-damage|p1a: Clefable|80\/100 psn|[from] psn\n|upkeep\n|turn|7\n|\n|t:|1701081855\n|switch|p2a: Espeon|Espeon, F|100\/100\n|move|p1a: Clefable|Moonblast|p2a: Espeon\n|-damage|p2a: Espeon|86\/100\n|\n|-heal|p1a: Clefable|86\/100 psn|[from] item: Leftovers\n|-damage|p1a: Clefable|73\/100 psn|[from] psn\n|upkeep\n|turn|8\n|\n|t:|1701081860\n|move|p2a: Espeon|Trick|p1a: Clefable\n|-activate|p2a: Espeon|move: Trick|[of] p1a: Clefable\n|-item|p1a: Clefable|Choice Scarf|[from] move: Trick\n|-item|p2a: Espeon|Leftovers|[from] move: Trick\n|move|p1a: Clefable|Wish|p1a: Clefable\n|\n|-heal|p2a: Espeon|92\/100|[from] item: Leftovers\n|-damage|p1a: Clefable|61\/100 psn|[from] psn\n|upkeep\n|turn|9\n|\n|t:|1701081876\n|switch|p1a: Slowking|Slowking-Galar, M|100\/100\n|move|p2a: Espeon|Psyshock|p1a: Slowking\n|-damage|p1a: Slowking|64\/100\n|\n|-heal|p1a: Slowking|100\/100|[from] move: Wish|[wisher] Clefable\n|-heal|p2a: Espeon|98\/100|[from] item: Leftovers\n|upkeep\n|turn|10\n|\n|t:|1701081886\n|move|p2a: Espeon|Psyshock|p1a: Slowking\n|-damage|p1a: Slowking|62\/100\n|move|p1a: Slowking|Future Sight|p2a: Espeon\n|-start|p1a: Slowking|move: Future Sight\n|\n|-heal|p2a: Espeon|100\/100|[from] item: Leftovers\n|-sideend|p2: liaoya|move: Light Screen\n|upkeep\n|turn|11\n|\n|t:|1701081900\n|switch|p2a: Umbreon|Umbreon, F, shiny|100\/100\n|switch|p1a: Kingambit|Kingambit, F|100\/100\n|\n|upkeep\n|turn|12\n|\n|t:|1701081908\n|move|p1a: Kingambit|Swords Dance|p1a: Kingambit\n|-boost|p1a: Kingambit|atk|2\n|move|p2a: Umbreon|Yawn|p1a: Kingambit\n|-start|p1a: Kingambit|move: Yawn|[of] p2a: Umbreon\n|\n|-end|p2a: Umbreon|move: Future Sight\n|-immune|p2a: Umbreon\n|upkeep\n|turn|13\n|\n|t:|1701081912\n|move|p1a: Kingambit|Iron Head|p2a: Umbreon\n|-damage|p2a: Umbreon|45\/100\n|move|p2a: Umbreon|Wish|p2a: Umbreon\n|\n|-heal|p2a: Umbreon|51\/100|[from] item: Leftovers\n|-end|p1a: Kingambit|move: Yawn|[silent]\n|-status|p1a: Kingambit|slp\n|upkeep\n|turn|14\n|\n|t:|1701081920\n|cant|p1a: Kingambit|slp\n|move|p2a: Umbreon|Foul Play|p1a: Kingambit\n|-resisted|p1a: Kingambit\n|-damage|p1a: Kingambit|57\/100 slp\n|\n|-heal|p2a: Umbreon|100\/100|[from] move: Wish|[wisher] Umbreon\n|-heal|p1a: Kingambit|63\/100 slp|[from] item: Leftovers\n|upkeep\n|turn|15\n|\n|t:|1701081925\n|cant|p1a: Kingambit|slp\n|move|p2a: Umbreon|Foul Play|p1a: Kingambit\n|-resisted|p1a: Kingambit\n|-damage|p1a: Kingambit|18\/100 slp\n|\n|-heal|p1a: Kingambit|24\/100 slp|[from] item: Leftovers\n|upkeep\n|turn|16\n|\n|t:|1701081932\n|-curestatus|p1a: Kingambit|slp|[msg]\n|move|p1a: Kingambit|Iron Head|p2a: Umbreon\n|-damage|p2a: Umbreon|39\/100\n|move|p2a: Umbreon|Foul Play|p1a: Kingambit\n|-resisted|p1a: Kingambit\n|-damage|p1a: Kingambit|0 fnt\n|faint|p1a: Kingambit\n|-end|p1a: Kingambit|fallenundefined|[silent]\n|\n|-heal|p2a: Umbreon|45\/100|[from] item: Leftovers\n|upkeep\n|\n|t:|1701081939\n|switch|p1a: Enamorus|Enamorus, F|100\/100\n|turn|17\n|\n|t:|1701081944\n|move|p2a: Umbreon|Protect|p2a: Umbreon\n|-singleturn|p2a: Umbreon|Protect\n|move|p1a: Enamorus|Earth Power|p2a: Umbreon\n|-activate|p2a: Umbreon|move: Protect\n|\n|-heal|p2a: Umbreon|51\/100|[from] item: Leftovers\n|upkeep\n|turn|18\n|\n|t:|1701081955\n|switch|p1a: Great Tusk|Great Tusk|100\/100\n|switch|p2a: Espeon|Espeon, F|100\/100\n|\n|upkeep\n|turn|19\n|\n|t:|1701081975\n|move|p2a: Espeon|Psyshock|p1a: Great Tusk\n|-supereffective|p1a: Great Tusk\n|-damage|p1a: Great Tusk|66\/100\n|move|p1a: Great Tusk|Knock Off|p2a: Espeon\n|-supereffective|p2a: Espeon\n|-damage|p2a: Espeon|38\/100\n|-enditem|p2a: Espeon|Leftovers|[from] move: Knock Off|[of] p1a: Great Tusk\n|\n|-heal|p1a: Great Tusk|72\/100|[from] item: Leftovers\n|upkeep\n|turn|20\n|\n|t:|1701081983\n|move|p2a: Espeon|Dazzling Gleam|p1a: Great Tusk\n|-supereffective|p1a: Great Tusk\n|-damage|p1a: Great Tusk|15\/100\n|move|p1a: Great Tusk|Earthquake|p2a: Espeon\n|-damage|p2a: Espeon|0 fnt\n|faint|p2a: Espeon\n|\n|-heal|p1a: Great Tusk|21\/100|[from] item: Leftovers\n|upkeep\n|\n|t:|1701081993\n|switch|p2a: Garganacl|Garganacl, F, shiny|100\/100\n|turn|21\n|\n|t:|1701081999\n|-terastallize|p2a: Garganacl|Ghost\n|move|p1a: Great Tusk|Stealth Rock|p2a: Garganacl\n|-sidestart|p2: liaoya|move: Stealth Rock\n|move|p2a: Garganacl|Iron Defense|p2a: Garganacl\n|-boost|p2a: Garganacl|def|2\n|\n|-heal|p1a: Great Tusk|27\/100|[from] item: Leftovers\n|upkeep\n|turn|22\n|\n|t:|1701082011\n|move|p1a: Great Tusk|Knock Off|p2a: Garganacl\n|-supereffective|p2a: Garganacl\n|-damage|p2a: Garganacl|83\/100\n|-enditem|p2a: Garganacl|Leftovers|[from] move: Knock Off|[of] p1a: Great Tusk\n|move|p2a: Garganacl|Salt Cure|p1a: Great Tusk\n|-resisted|p1a: Great Tusk\n|-damage|p1a: Great Tusk|26\/100\n|-start|p1a: Great Tusk|Salt Cure\n|\n|-heal|p1a: Great Tusk|32\/100|[from] item: Leftovers\n|-damage|p1a: Great Tusk|20\/100|[from] Salt Cure\n|upkeep\n|turn|23\n|\n|t:|1701082019\n|move|p1a: Great Tusk|Earthquake|p2a: Garganacl\n|-damage|p2a: Garganacl|68\/100\n|move|p2a: Garganacl|Iron Defense|p2a: Garganacl\n|-boost|p2a: Garganacl|def|2\n|\n|-heal|p1a: Great Tusk|26\/100|[from] item: Leftovers\n|-damage|p1a: Great Tusk|13\/100|[from] Salt Cure\n|upkeep\n|turn|24\n|\n|t:|1701082023\n|move|p1a: Great Tusk|Earthquake|p2a: Garganacl\n|-damage|p2a: Garganacl|58\/100\n|move|p2a: Garganacl|Recover|p2a: Garganacl\n|-heal|p2a: Garganacl|100\/100\n|\n|-heal|p1a: Great Tusk|20\/100|[from] item: Leftovers\n|-damage|p1a: Great Tusk|7\/100|[from] Salt Cure\n|upkeep\n|turn|25\n|j| Scrammysaur\n|\n|t:|1701082028\n|move|p1a: Great Tusk|Earthquake|p2a: Garganacl\n|-damage|p2a: Garganacl|91\/100\n|move|p2a: Garganacl|Iron Defense|p2a: Garganacl\n|-boost|p2a: Garganacl|def|2\n|\n|-heal|p1a: Great Tusk|13\/100|[from] item: Leftovers\n|-damage|p1a: Great Tusk|1\/100|[from] Salt Cure\n|upkeep\n|turn|26\n|\n|t:|1701082032\n|move|p1a: Great Tusk|Earthquake|p2a: Garganacl\n|-damage|p2a: Garganacl|84\/100\n|move|p2a: Garganacl|Salt Cure|p1a: Great Tusk\n|-resisted|p1a: Great Tusk\n|-damage|p1a: Great Tusk|0 fnt\n|faint|p1a: Great Tusk\n|-end|p1a: Great Tusk|Protosynthesis|[silent]\n|\n|upkeep\n|\n|t:|1701082045\n|switch|p1a: Clefable|Clefable, F|61\/100 psn\n|turn|27\n|\n|t:|1701082051\n|move|p1a: Clefable|Thunder Wave|p2a: Garganacl\n|-immune|p2a: Garganacl|[from] ability: Purifying Salt\n|move|p2a: Garganacl|Salt Cure|p1a: Clefable\n|-damage|p1a: Clefable|49\/100 psn\n|-start|p1a: Clefable|Salt Cure\n|\n|-damage|p1a: Clefable|37\/100 psn|[from] psn\n|-damage|p1a: Clefable|25\/100 psn|[from] Salt Cure\n|upkeep\n|turn|28\n|\n|t:|1701082056\n|move|p1a: Clefable|Thunder Wave|p2a: Garganacl\n|-immune|p2a: Garganacl|[from] ability: Purifying Salt\n|move|p2a: Garganacl|Salt Cure|p1a: Clefable\n|-damage|p1a: Clefable|14\/100 psn\n|\n|-damage|p1a: Clefable|1\/100 psn|[from] psn\n|-damage|p1a: Clefable|0 fnt|[from] Salt Cure\n|faint|p1a: Clefable\n|upkeep\n|\n|t:|1701082060\n|switch|p1a: Slowking|Slowking-Galar, M|95\/100\n|turn|29\n|\n|t:|1701082062\n|move|p1a: Slowking|Future Sight|p2a: Garganacl\n|-start|p1a: Slowking|move: Future Sight\n|move|p2a: Garganacl|Salt Cure|p1a: Slowking\n|-damage|p1a: Slowking|82\/100\n|-start|p1a: Slowking|Salt Cure\n|\n|-damage|p1a: Slowking|69\/100|[from] Salt Cure\n|upkeep\n|turn|30\n|\n|t:|1701082068\n|switch|p1a: Enamorus|Enamorus, F|100\/100\n|move|p2a: Garganacl|Salt Cure|p1a: Enamorus\n|-supereffective|p1a: Enamorus\n|-damage|p1a: Enamorus|60\/100\n|-start|p1a: Enamorus|Salt Cure\n|\n|-damage|p1a: Enamorus|48\/100|[from] Salt Cure\n|upkeep\n|turn|31\n|\n|t:|1701082075\n|switch|p1a: Slowking|Slowking-Galar, M|100\/100\n|move|p2a: Garganacl|Recover|p2a: Garganacl\n|-heal|p2a: Garganacl|100\/100\n|\n|-end|p2a: Garganacl|move: Future Sight\n|-damage|p2a: Garganacl|65\/100\n|upkeep\n|turn|32\n|\n|t:|1701082083\n|move|p1a: Slowking|Future Sight|p2a: Garganacl\n|-start|p1a: Slowking|move: Future Sight\n|move|p2a: Garganacl|Salt Cure|p1a: Slowking\n|-damage|p1a: Slowking|87\/100\n|-start|p1a: Slowking|Salt Cure\n|\n|-damage|p1a: Slowking|74\/100|[from] Salt Cure\n|upkeep\n|turn|33\n|\n|t:|1701082092\n|switch|p1a: Ogerpon|Ogerpon-Wellspring, F|100\/100\n|move|p2a: Garganacl|Recover|p2a: Garganacl\n|-heal|p2a: Garganacl|100\/100\n|\n|upkeep\n|turn|34\n|\n|t:|1701082103\n|move|p1a: Ogerpon|Ivy Cudgel|p2a: Garganacl|[anim] Ivy Cudgel Water\n|-damage|p2a: Garganacl|90\/100\n|move|p2a: Garganacl|Body Press|p1a: Ogerpon\n|-damage|p1a: Ogerpon|0 fnt\n|faint|p1a: Ogerpon\n|\n|-end|p2a: Garganacl|move: Future Sight\n|-damage|p2a: Garganacl|58\/100\n|upkeep\n|\n|t:|1701082107\n|switch|p1a: Enamorus|Enamorus, F|48\/100\n|turn|35\n|\n|t:|1701082112\n|move|p1a: Enamorus|Moonblast|p2a: Garganacl\n|-damage|p2a: Garganacl|23\/100\n|move|p2a: Garganacl|Recover|p2a: Garganacl\n|-heal|p2a: Garganacl|73\/100\n|\n|upkeep\n|turn|36\n|c|\u2606liaoya|gg\n|\n|t:|1701082120\n|move|p1a: Enamorus|Moonblast|p2a: Garganacl\n|-damage|p2a: Garganacl|38\/100\n|-unboost|p2a: Garganacl|spa|1\n|move|p2a: Garganacl|Salt Cure|p1a: Enamorus\n|-supereffective|p1a: Enamorus\n|-damage|p1a: Enamorus|6\/100\n|-start|p1a: Enamorus|Salt Cure\n|\n|-damage|p1a: Enamorus|0 fnt|[from] Salt Cure\n|faint|p1a: Enamorus\n|upkeep\n|\n|t:|1701082125\n|switch|p1a: Slowking|Slowking-Galar, M|100\/100\n|turn|37\n|\n|t:|1701082128\n|move|p1a: Slowking|Sludge Bomb|p2a: Garganacl\n|-resisted|p2a: Garganacl\n|-damage|p2a: Garganacl|25\/100\n|move|p2a: Garganacl|Recover|p2a: Garganacl\n|-heal|p2a: Garganacl|75\/100\n|\n|upkeep\n|turn|38\n|-message|julianmanier forfeited.\n|\n|win|liaoya\n|raw|julianmanier's rating: 1496 &rarr; <strong>1481<\/strong><br \/>(-15 for losing)\n|raw|liaoya's rating: 1585 &rarr; <strong>1600<\/strong><br \/>(+15 for winning)\n|l|\u2606julianmanier\n","uploadtime":1701082139,"views":5,"p1id":"julianmanier","p2id":"liaoya","formatid":"gen9ou","rating":1481,"private":0,"password":""}