{"id":"gen9ou-1990596981","p1":"PLAYB0I R0BBIE B","p2":"D3MONBORN","format":"[Gen 9] OU","log":"|j|\u2606PLAYB0I R0BBIE B\n|j|\u2606D3MONBORN\n|t:|1699984447\n|gametype|singles\n|player|p1|PLAYB0I R0BBIE B|eusine|1385\n|player|p2|D3MONBORN|will|1308\n|teamsize|p1|6\n|teamsize|p2|6\n|gen|9\n|tier|[Gen 9] OU\n|rated|\n|rule|Sleep Clause Mod: Limit one foe put to sleep\n|rule|Species Clause: Limit one of each Pok\u00e9mon\n|rule|OHKO Clause: OHKO moves are banned\n|rule|Evasion Items Clause: Evasion items are banned\n|rule|Evasion Moves Clause: Evasion moves are banned\n|rule|Endless Battle Clause: Forcing endless battles is banned\n|rule|HP Percentage Mod: HP is shown in percentages\n|clearpoke\n|poke|p1|Meowscarada, F|\n|poke|p1|Thundurus-Therian, M|\n|poke|p1|Sneasler, F|\n|poke|p1|Dragapult, F|\n|poke|p1|Heatran, F|\n|poke|p1|Great Tusk|\n|poke|p2|Avalugg, F|\n|poke|p2|Blissey, F|\n|poke|p2|Dragapult, F|\n|poke|p2|Hoopa-Unbound|\n|poke|p2|Corviknight, M|\n|poke|p2|Talonflame, F|\n|teampreview\n|\n|t:|1699984458\n|start\n|switch|p1a: SICKO MODE|Meowscarada, F|100\/100\n|switch|p2a: Avalugg|Avalugg, F|100\/100\n|turn|1\n|\n|t:|1699984463\n|move|p1a: SICKO MODE|U-turn|p2a: Avalugg\n|-start|p1a: SICKO MODE|typechange|Bug|[from] ability: Protean\n|-damage|p2a: Avalugg|80\/100\n|\n|t:|1699984471\n|switch|p1a: NO BYSTANDERS|Dragapult, F|100\/100|[from] U-turn\n|move|p2a: Avalugg|Body Press|p1a: NO BYSTANDERS\n|-immune|p1a: NO BYSTANDERS\n|\n|-heal|p2a: Avalugg|86\/100|[from] item: Leftovers\n|upkeep\n|turn|2\n|inactive|Battle timer is ON: inactive players will automatically lose when time's up. (requested by PLAYB0I R0BBIE B)\n|\n|t:|1699984486\n|switch|p2a: Blissey|Blissey, F|100\/100\n|move|p1a: NO BYSTANDERS|U-turn|p2a: Blissey\n|-damage|p2a: Blissey|61\/100\n|\n|t:|1699984505\n|switch|p1a: WHO? WHAT!|Sneasler, F|100\/100|[from] U-turn\n|-item|p1a: WHO? WHAT!|Air Balloon\n|\n|-heal|p2a: Blissey|68\/100|[from] item: Leftovers\n|upkeep\n|turn|3\n|\n|t:|1699984513\n|switch|p2a: Corviknight|Corviknight, M|100\/100\n|move|p1a: WHO? WHAT!|Swords Dance|p1a: WHO? WHAT!\n|-boost|p1a: WHO? WHAT!|atk|2\n|\n|upkeep\n|turn|4\n|\n|t:|1699984527\n|move|p1a: WHO? WHAT!|Swords Dance|p1a: WHO? WHAT!\n|-boost|p1a: WHO? WHAT!|atk|2\n|move|p2a: Corviknight|Brave Bird|p1a: WHO? WHAT!\n|-supereffective|p1a: WHO? WHAT!\n|-damage|p1a: WHO? WHAT!|0 fnt\n|-enditem|p1a: WHO? WHAT!|Air Balloon\n|faint|p1a: WHO? WHAT!\n|-damage|p2a: Corviknight|76\/100|[from] Recoil\n|\n|upkeep\n|\n|t:|1699984533\n|switch|p1a: ASTROTHUNDER|Thundurus-Therian, M|100\/100\n|turn|5\n|\n|t:|1699984539\n|switch|p2a: Blissey|Blissey, F|68\/100\n|move|p1a: ASTROTHUNDER|Volt Switch|p2a: Blissey\n|-damage|p2a: Blissey|50\/100\n|\n|t:|1699984549\n|switch|p1a: SICKO MODE|Meowscarada, F|100\/100|[from] Volt Switch\n|\n|-heal|p2a: Blissey|56\/100|[from] item: Leftovers\n|upkeep\n|turn|6\n|\n|t:|1699984562\n|switch|p2a: Corviknight|Corviknight, M|76\/100\n|move|p1a: SICKO MODE|U-turn|p2a: Corviknight\n|-start|p1a: SICKO MODE|typechange|Bug|[from] ability: Protean\n|-resisted|p2a: Corviknight\n|-damage|p2a: Corviknight|69\/100\n|\n|t:|1699984564\n|switch|p1a: 5% TINT|Heatran, F|100\/100|[from] U-turn\n|-item|p1a: 5% TINT|Air Balloon\n|\n|upkeep\n|turn|7\n|\n|t:|1699984569\n|switch|p2a: Blissey|Blissey, F|56\/100\n|move|p1a: 5% TINT|Magma Storm|p2a: Blissey\n|-damage|p2a: Blissey|40\/100\n|-activate|p2a: Blissey|move: Magma Storm|[of] p1a: 5% TINT\n|\n|-heal|p2a: Blissey|47\/100|[from] item: Leftovers\n|-damage|p2a: Blissey|34\/100|[from] move: Magma Storm|[partiallytrapped]\n|upkeep\n|turn|8\n|\n|t:|1699984572\n|move|p1a: 5% TINT|Taunt|p2a: Blissey\n|-start|p2a: Blissey|move: Taunt\n|cant|p2a: Blissey|move: Taunt|Soft-Boiled\n|\n|-heal|p2a: Blissey|40\/100|[from] item: Leftovers\n|-damage|p2a: Blissey|28\/100|[from] move: Magma Storm|[partiallytrapped]\n|upkeep\n|turn|9\n|\n|t:|1699984577\n|move|p1a: 5% TINT|Magma Storm|p2a: Blissey\n|-damage|p2a: Blissey|13\/100\n|move|p2a: Blissey|Seismic Toss|p1a: 5% TINT\n|-damage|p1a: 5% TINT|73\/100\n|-enditem|p1a: 5% TINT|Air Balloon\n|\n|-heal|p2a: Blissey|19\/100|[from] item: Leftovers\n|-damage|p2a: Blissey|7\/100|[from] move: Magma Storm|[partiallytrapped]\n|upkeep\n|turn|10\n|\n|t:|1699984581\n|move|p1a: 5% TINT|Earth Power|p2a: Blissey\n|-damage|p2a: Blissey|0 fnt\n|faint|p2a: Blissey\n|\n|upkeep\n|\n|t:|1699984590\n|switch|p2a: Avalugg|Avalugg, F|86\/100\n|turn|11\n|\n|t:|1699984594\n|move|p1a: 5% TINT|Magma Storm|p2a: Avalugg|[miss]\n|-miss|p1a: 5% TINT|p2a: Avalugg\n|move|p2a: Avalugg|Body Press|p1a: 5% TINT\n|-supereffective|p1a: 5% TINT\n|-damage|p1a: 5% TINT|5\/100\n|\n|-heal|p2a: Avalugg|92\/100|[from] item: Leftovers\n|upkeep\n|turn|12\n|\n|t:|1699984612\n|switch|p2a: Dragapult|Dragapult, F|100\/100\n|move|p1a: 5% TINT|Magma Storm|p2a: Dragapult\n|-resisted|p2a: Dragapult\n|-crit|p2a: Dragapult\n|-damage|p2a: Dragapult|49\/100\n|-activate|p2a: Dragapult|move: Magma Storm|[of] p1a: 5% TINT\n|\n|-damage|p2a: Dragapult|36\/100|[from] move: Magma Storm|[partiallytrapped]\n|upkeep\n|turn|13\n|\n|t:|1699984626\n|move|p2a: Dragapult|Shadow Ball|p1a: 5% TINT\n|-damage|p1a: 5% TINT|0 fnt\n|faint|p1a: 5% TINT\n|-damage|p2a: Dragapult|27\/100|[from] item: Life Orb\n|\n|-end|p2a: Dragapult|Magma Storm|[partiallytrapped]|[silent]\n|upkeep\n|inactive|PLAYB0I R0BBIE B has 120 seconds left.\n|\n|t:|1699984654\n|switch|p1a: NO BYSTANDERS|Dragapult, F|100\/100\n|turn|14\n|\n|t:|1699984661\n|switch|p2a: Corviknight|Corviknight, M|69\/100\n|move|p1a: NO BYSTANDERS|Hex|p2a: Corviknight\n|-damage|p2a: Corviknight|41\/100\n|\n|upkeep\n|turn|15\n|\n|t:|1699984666\n|move|p1a: NO BYSTANDERS|Thunder Wave|p2a: Corviknight\n|-status|p2a: Corviknight|par\n|cant|p2a: Corviknight|par\n|\n|upkeep\n|turn|16\n|\n|t:|1699984668\n|move|p1a: NO BYSTANDERS|Hex|p2a: Corviknight\n|-damage|p2a: Corviknight|0 fnt\n|faint|p2a: Corviknight\n|\n|upkeep\n|\n|t:|1699984675\n|switch|p2a: Hoopa|Hoopa-Unbound|100\/100\n|turn|17\n|\n|t:|1699984678\n|move|p1a: NO BYSTANDERS|U-turn|p2a: Hoopa\n|-supereffective|p2a: Hoopa\n|-damage|p2a: Hoopa|0 fnt\n|faint|p2a: Hoopa\n|\n|t:|1699984681\n|switch|p1a: ASTROTHUNDER|Thundurus-Therian, M|100\/100|[from] U-turn\n|\n|upkeep\n|\n|t:|1699984686\n|switch|p2a: Dragapult|Dragapult, F|27\/100\n|turn|18\n|\n|t:|1699984691\n|move|p2a: Dragapult|Draco Meteor|p1a: ASTROTHUNDER\n|-damage|p1a: ASTROTHUNDER|5\/100\n|-unboost|p2a: Dragapult|spa|2\n|-damage|p2a: Dragapult|17\/100|[from] item: Life Orb\n|move|p1a: ASTROTHUNDER|Volt Switch|p2a: Dragapult\n|-resisted|p2a: Dragapult\n|-damage|p2a: Dragapult|0 fnt\n|faint|p2a: Dragapult\n|\n|t:|1699984703\n|switch|p1a: NO BYSTANDERS|Dragapult, F|100\/100|[from] Volt Switch\n|\n|upkeep\n|\n|t:|1699984712\n|switch|p2a: Avalugg|Avalugg, F|92\/100\n|turn|19\n|\n|t:|1699984716\n|move|p1a: NO BYSTANDERS|Draco Meteor|p2a: Avalugg\n|-damage|p2a: Avalugg|8\/100\n|-unboost|p1a: NO BYSTANDERS|spa|2\n|move|p2a: Avalugg|Avalanche|p1a: NO BYSTANDERS\n|-supereffective|p1a: NO BYSTANDERS\n|-damage|p1a: NO BYSTANDERS|0 fnt\n|faint|p1a: NO BYSTANDERS\n|\n|-heal|p2a: Avalugg|14\/100|[from] item: Leftovers\n|upkeep\n|\n|t:|1699984720\n|switch|p1a: ASTROTHUNDER|Thundurus-Therian, M|5\/100\n|turn|20\n|\n|t:|1699984740\n|move|p1a: ASTROTHUNDER|Volt Switch|p2a: Avalugg\n|-damage|p2a: Avalugg|0 fnt\n|faint|p2a: Avalugg\n|\n|t:|1699984745\n|switch|p1a: YOSEMITE|Great Tusk|100\/100|[from] Volt Switch\n|\n|upkeep\n|\n|t:|1699984748\n|switch|p2a: Talonflame|Talonflame, F|100\/100\n|turn|21\n|\n|t:|1699984759\n|-terastallize|p1a: YOSEMITE|Poison\n|move|p2a: Talonflame|Dual Wingbeat|p1a: YOSEMITE\n|-damage|p1a: YOSEMITE|89\/100\n|-damage|p1a: YOSEMITE|77\/100\n|-hitcount|p1a: YOSEMITE|2\n|move|p1a: YOSEMITE|Ice Spinner|p2a: Talonflame\n|-damage|p2a: Talonflame|60\/100\n|\n|upkeep\n|turn|22\n|\n|t:|1699984770\n|move|p2a: Talonflame|Dual Wingbeat|p1a: YOSEMITE|[miss]\n|-miss|p2a: Talonflame|p1a: YOSEMITE\n|move|p1a: YOSEMITE|Ice Spinner|p2a: Talonflame\n|-damage|p2a: Talonflame|19\/100\n|\n|upkeep\n|turn|23\n|c|\u2606D3MONBORN|gg\n|\n|t:|1699984783\n|-terastallize|p2a: Talonflame|Flying\n|move|p2a: Talonflame|Dual Wingbeat|p1a: YOSEMITE\n|-damage|p1a: YOSEMITE|61\/100\n|-damage|p1a: YOSEMITE|47\/100\n|-hitcount|p1a: YOSEMITE|2\n|move|p1a: YOSEMITE|Ice Spinner|p2a: Talonflame\n|-supereffective|p2a: Talonflame\n|-damage|p2a: Talonflame|0 fnt\n|faint|p2a: Talonflame\n|\n|win|PLAYB0I R0BBIE B\n|raw|PLAYB0I R0BBIE B's rating: 1385 &rarr; <strong>1401<\/strong><br \/>(+16 for winning)\n|raw|D3MONBORN's rating: 1308 &rarr; <strong>1292<\/strong><br \/>(-16 for losing)\n|l|\u2606D3MONBORN\n|c|\u2606PLAYB0I R0BBIE B|run specs on pult\n|c|\u2606PLAYB0I R0BBIE B|ff\n|c|\u2606PLAYB0I R0BBIE B|gg\n","uploadtime":1699984871,"views":11,"p1id":"playb0ir0bbieb","p2id":"d3monborn","formatid":"gen9ou","rating":1292,"private":0,"password":""}