{"id":"gen9ou-1997213912","p1":"circleButton","p2":"ljhkjhjkhnk","format":"[Gen 9] OU","log":"|j|\u2606circleButton\n|j|\u2606ljhkjhjkhnk\n|t:|1700776320\n|gametype|singles\n|player|p1|circleButton|waitress|1112\n|player|p2|ljhkjhjkhnk|169|1142\n|teamsize|p1|6\n|teamsize|p2|6\n|gen|9\n|tier|[Gen 9] OU\n|rated|\n|rule|Sleep Clause Mod: Limit one foe put to sleep\n|rule|Species Clause: Limit one of each Pok\u00e9mon\n|rule|OHKO Clause: OHKO moves are banned\n|rule|Evasion Items Clause: Evasion items are banned\n|rule|Evasion Moves Clause: Evasion moves are banned\n|rule|Endless Battle Clause: Forcing endless battles is banned\n|rule|HP Percentage Mod: HP is shown in percentages\n|clearpoke\n|poke|p1|Furret, F|\n|poke|p1|Zamazenta-*|\n|poke|p1|Ogerpon-Wellspring, F|\n|poke|p1|Garchomp, F|\n|poke|p1|Iron Moth|\n|poke|p1|Corviknight, M|\n|poke|p2|Alomomola, F|\n|poke|p2|Ursaluna, M|\n|poke|p2|Dondozo, F|\n|poke|p2|Blissey, F|\n|poke|p2|Clodsire, M|\n|poke|p2|Cinderace, M|\n|teampreview\n|\n|t:|1700776342\n|start\n|switch|p1a: Furret|Furret, F|100\/100\n|switch|p2a: Cinderace|Cinderace, M|100\/100\n|-item|p2a: Cinderace|Heavy-Duty Boots|[from] ability: Frisk|[of] p1a: Furret|[identify]\n|turn|1\n|inactive|Battle timer is ON: inactive players will automatically lose when time's up. (requested by circleButton)\n|inactive|ljhkjhjkhnk has 120 seconds left.\n|\n|t:|1700776454\n|move|p2a: Cinderace|High Jump Kick|p1a: Furret\n|-start|p2a: Cinderace|typechange|Fighting|[from] ability: Libero\n|-supereffective|p1a: Furret\n|-enditem|p1a: Furret|Focus Sash\n|-damage|p1a: Furret|1\/100\n|move|p1a: Furret|Tidy Up|p1a: Furret\n|-boost|p1a: Furret|atk|1\n|-boost|p1a: Furret|spe|1\n|\n|upkeep\n|turn|2\n|\n|t:|1700776469\n|switch|p2a: Alomomola|Alomomola, F|100\/100\n|move|p1a: Furret|Play Rough|p2a: Alomomola|[miss]\n|-miss|p1a: Furret|p2a: Alomomola\n|\n|upkeep\n|turn|3\n|\n|t:|1700776476\n|move|p1a: Furret|Giga Impact|p2a: Alomomola\n|-damage|p2a: Alomomola|59\/100\n|-mustrecharge|p1a: Furret\n|-damage|p1a: Furret|0 fnt|[from] item: Rocky Helmet|[of] p2a: Alomomola\n|faint|p1a: Furret\n|move|p2a: Alomomola|Wish|p2a: Alomomola\n|\n|upkeep\n|\n|t:|1700776487\n|switch|p1a: Garchomp|Garchomp, F|100\/100\n|turn|4\n|\n|t:|1700776495\n|move|p1a: Garchomp|Swords Dance|p1a: Garchomp\n|-boost|p1a: Garchomp|atk|2\n|move|p2a: Alomomola|Scald|p1a: Garchomp\n|-damage|p1a: Garchomp|85\/100\n|\n|-heal|p2a: Alomomola|100\/100|[from] move: Wish|[wisher] Alomomola\n|upkeep\n|turn|5\n|\n|t:|1700776504\n|-terastallize|p1a: Garchomp|Electric\n|move|p1a: Garchomp|Tera Blast|p2a: Alomomola|[anim] Tera Blast Electric\n|-supereffective|p2a: Alomomola\n|-damage|p2a: Alomomola|0 fnt\n|faint|p2a: Alomomola\n|-damage|p1a: Garchomp|75\/100|[from] item: Life Orb\n|\n|upkeep\n|\n|t:|1700776514\n|switch|p2a: Dondozo|Dondozo, F|100\/100\n|turn|6\n|\n|t:|1700776517\n|-terastallize|p2a: Dondozo|Grass\n|move|p1a: Garchomp|Tera Blast|p2a: Dondozo|[anim] Tera Blast Electric\n|-resisted|p2a: Dondozo\n|-damage|p2a: Dondozo|89\/100\n|-damage|p1a: Garchomp|65\/100|[from] item: Life Orb\n|move|p2a: Dondozo|Curse|p2a: Dondozo\n|-unboost|p2a: Dondozo|spe|1\n|-boost|p2a: Dondozo|atk|1\n|-boost|p2a: Dondozo|def|1\n|\n|-heal|p2a: Dondozo|95\/100|[from] item: Leftovers\n|upkeep\n|turn|7\n|\n|t:|1700776530\n|switch|p1a: Ogerpon|Ogerpon-Wellspring, F|100\/100\n|move|p2a: Dondozo|Wave Crash|p1a: Ogerpon\n|-immune|p1a: Ogerpon|[from] ability: Water Absorb\n|\n|-heal|p2a: Dondozo|100\/100|[from] item: Leftovers\n|upkeep\n|turn|8\n|\n|t:|1700776543\n|move|p1a: Ogerpon|Swords Dance|p1a: Ogerpon\n|-boost|p1a: Ogerpon|atk|2\n|move|p2a: Dondozo|Curse|p2a: Dondozo\n|-unboost|p2a: Dondozo|spe|1\n|-boost|p2a: Dondozo|atk|1\n|-boost|p2a: Dondozo|def|1\n|\n|upkeep\n|turn|9\n|\n|t:|1700776554\n|move|p1a: Ogerpon|Swords Dance|p1a: Ogerpon\n|-boost|p1a: Ogerpon|atk|2\n|move|p2a: Dondozo|Curse|p2a: Dondozo\n|-unboost|p2a: Dondozo|spe|1\n|-boost|p2a: Dondozo|atk|1\n|-boost|p2a: Dondozo|def|1\n|\n|upkeep\n|turn|10\n|\n|t:|1700776566\n|move|p1a: Ogerpon|Ivy Cudgel|p2a: Dondozo|[anim] Ivy Cudgel Water\n|-resisted|p2a: Dondozo\n|-damage|p2a: Dondozo|96\/100\n|move|p2a: Dondozo|Curse|p2a: Dondozo\n|-unboost|p2a: Dondozo|spe|1\n|-boost|p2a: Dondozo|atk|1\n|-boost|p2a: Dondozo|def|1\n|\n|-heal|p2a: Dondozo|100\/100|[from] item: Leftovers\n|upkeep\n|turn|11\n|\n|t:|1700776576\n|move|p1a: Ogerpon|Swords Dance|p1a: Ogerpon\n|-boost|p1a: Ogerpon|atk|2\n|move|p2a: Dondozo|Wave Crash|p1a: Ogerpon\n|-immune|p1a: Ogerpon|[from] ability: Water Absorb\n|\n|upkeep\n|turn|12\n|\n|t:|1700776594\n|move|p1a: Ogerpon|Ivy Cudgel|p2a: Dondozo|[anim] Ivy Cudgel Water\n|-resisted|p2a: Dondozo\n|-damage|p2a: Dondozo|96\/100\n|move|p2a: Dondozo|Curse|p2a: Dondozo\n|-unboost|p2a: Dondozo|spe|1\n|-boost|p2a: Dondozo|atk|1\n|-boost|p2a: Dondozo|def|1\n|\n|-heal|p2a: Dondozo|100\/100|[from] item: Leftovers\n|upkeep\n|turn|13\n|\n|t:|1700776604\n|move|p1a: Ogerpon|Ivy Cudgel|p2a: Dondozo|[anim] Ivy Cudgel Water\n|-resisted|p2a: Dondozo\n|-crit|p2a: Dondozo\n|-damage|p2a: Dondozo|82\/100\n|move|p2a: Dondozo|Wave Crash|p1a: Ogerpon\n|-immune|p1a: Ogerpon|[from] ability: Water Absorb\n|\n|-heal|p2a: Dondozo|88\/100|[from] item: Leftovers\n|upkeep\n|turn|14\n|\n|t:|1700776617\n|move|p1a: Ogerpon|Stomping Tantrum|p2a: Dondozo\n|-resisted|p2a: Dondozo\n|-damage|p2a: Dondozo|86\/100\n|move|p2a: Dondozo|Wave Crash|p1a: Ogerpon\n|-immune|p1a: Ogerpon|[from] ability: Water Absorb\n|\n|-heal|p2a: Dondozo|93\/100|[from] item: Leftovers\n|upkeep\n|turn|15\n|\n|t:|1700776629\n|move|p1a: Ogerpon|Swords Dance|p1a: Ogerpon\n|-boost|p1a: Ogerpon|atk|0\n|move|p2a: Dondozo|Curse|p2a: Dondozo\n|-unboost|p2a: Dondozo|spe|1\n|-boost|p2a: Dondozo|atk|1\n|-boost|p2a: Dondozo|def|1\n|\n|-heal|p2a: Dondozo|99\/100|[from] item: Leftovers\n|upkeep\n|turn|16\n|\n|t:|1700776639\n|move|p1a: Ogerpon|Ivy Cudgel|p2a: Dondozo|[anim] Ivy Cudgel Water\n|-resisted|p2a: Dondozo\n|-damage|p2a: Dondozo|95\/100\n|move|p2a: Dondozo|Wave Crash|p1a: Ogerpon\n|-immune|p1a: Ogerpon|[from] ability: Water Absorb\n|\n|-heal|p2a: Dondozo|100\/100|[from] item: Leftovers\n|upkeep\n|turn|17\n|\n|t:|1700776649\n|move|p1a: Ogerpon|Stomping Tantrum|p2a: Dondozo\n|-resisted|p2a: Dondozo\n|-damage|p2a: Dondozo|99\/100\n|move|p2a: Dondozo|Sleep Talk||[still]\n|-fail|p2a: Dondozo\n|\n|-heal|p2a: Dondozo|100\/100|[from] item: Leftovers\n|upkeep\n|turn|18\n|\n|t:|1700776663\n|move|p1a: Ogerpon|Stomping Tantrum|p2a: Dondozo\n|-resisted|p2a: Dondozo\n|-damage|p2a: Dondozo|99\/100\n|move|p2a: Dondozo|Sleep Talk||[still]\n|-fail|p2a: Dondozo\n|\n|-heal|p2a: Dondozo|100\/100|[from] item: Leftovers\n|upkeep\n|turn|19\n|\n|t:|1700776672\n|move|p1a: Ogerpon|Swords Dance|p1a: Ogerpon\n|-boost|p1a: Ogerpon|atk|0\n|move|p2a: Dondozo|Sleep Talk||[still]\n|-fail|p2a: Dondozo\n|\n|upkeep\n|turn|20\n|\n|t:|1700776687\n|move|p1a: Ogerpon|Swords Dance|p1a: Ogerpon\n|-boost|p1a: Ogerpon|atk|0\n|move|p2a: Dondozo|Sleep Talk||[still]\n|-fail|p2a: Dondozo\n|\n|upkeep\n|turn|21\n|\n|t:|1700776696\n|move|p1a: Ogerpon|Swords Dance|p1a: Ogerpon\n|-boost|p1a: Ogerpon|atk|0\n|move|p2a: Dondozo|Sleep Talk||[still]\n|-fail|p2a: Dondozo\n|\n|upkeep\n|turn|22\n|\n|t:|1700776710\n|switch|p2a: Cinderace|Cinderace, M|100\/100\n|move|p1a: Ogerpon|Swords Dance|p1a: Ogerpon\n|-boost|p1a: Ogerpon|atk|0\n|\n|upkeep\n|turn|23\n|\n|t:|1700776717\n|move|p2a: Cinderace|U-turn|p1a: Ogerpon\n|-start|p2a: Cinderace|typechange|Bug|[from] ability: Libero\n|-supereffective|p1a: Ogerpon\n|-damage|p1a: Ogerpon|19\/100\n|\n|t:|1700776721\n|switch|p2a: Dondozo|Dondozo, F, tera:Grass|100\/100|[from] U-turn\n|move|p1a: Ogerpon|Ivy Cudgel|p2a: Dondozo|[anim] Ivy Cudgel Water\n|-resisted|p2a: Dondozo\n|-damage|p2a: Dondozo|87\/100\n|\n|-heal|p2a: Dondozo|93\/100|[from] item: Leftovers\n|upkeep\n|turn|24\n|\n|t:|1700776730\n|move|p1a: Ogerpon|Horn Leech|p2a: Dondozo\n|-resisted|p2a: Dondozo\n|-damage|p2a: Dondozo|83\/100\n|-heal|p1a: Ogerpon|27\/100|[from] drain|[of] p2a: Dondozo\n|move|p2a: Dondozo|Curse|p2a: Dondozo\n|-unboost|p2a: Dondozo|spe|1\n|-boost|p2a: Dondozo|atk|1\n|-boost|p2a: Dondozo|def|1\n|\n|-heal|p2a: Dondozo|89\/100|[from] item: Leftovers\n|upkeep\n|turn|25\n|\n|t:|1700776741\n|move|p1a: Ogerpon|Horn Leech|p2a: Dondozo\n|-resisted|p2a: Dondozo\n|-damage|p2a: Dondozo|82\/100\n|-heal|p1a: Ogerpon|33\/100|[from] drain|[of] p2a: Dondozo\n|move|p2a: Dondozo|Curse|p2a: Dondozo\n|-unboost|p2a: Dondozo|spe|1\n|-boost|p2a: Dondozo|atk|1\n|-boost|p2a: Dondozo|def|1\n|\n|-heal|p2a: Dondozo|88\/100|[from] item: Leftovers\n|upkeep\n|turn|26\n|\n|t:|1700776753\n|move|p1a: Ogerpon|Horn Leech|p2a: Dondozo\n|-resisted|p2a: Dondozo\n|-damage|p2a: Dondozo|83\/100\n|-heal|p1a: Ogerpon|38\/100|[from] drain|[of] p2a: Dondozo\n|move|p2a: Dondozo|Curse|p2a: Dondozo\n|-unboost|p2a: Dondozo|spe|1\n|-boost|p2a: Dondozo|atk|1\n|-boost|p2a: Dondozo|def|1\n|\n|-heal|p2a: Dondozo|89\/100|[from] item: Leftovers\n|upkeep\n|turn|27\n|\n|t:|1700776765\n|move|p1a: Ogerpon|Horn Leech|p2a: Dondozo\n|-resisted|p2a: Dondozo\n|-damage|p2a: Dondozo|85\/100\n|-heal|p1a: Ogerpon|41\/100|[from] drain|[of] p2a: Dondozo\n|move|p2a: Dondozo|Sleep Talk||[still]\n|-fail|p2a: Dondozo\n|\n|-heal|p2a: Dondozo|92\/100|[from] item: Leftovers\n|upkeep\n|turn|28\n|\n|t:|1700776775\n|move|p1a: Ogerpon|Horn Leech|p2a: Dondozo\n|-resisted|p2a: Dondozo\n|-damage|p2a: Dondozo|87\/100\n|-heal|p1a: Ogerpon|45\/100|[from] drain|[of] p2a: Dondozo\n|move|p2a: Dondozo|Curse|p2a: Dondozo\n|-unboost|p2a: Dondozo|spe|1\n|-boost|p2a: Dondozo|atk|1\n|-boost|p2a: Dondozo|def|1\n|\n|-heal|p2a: Dondozo|94\/100|[from] item: Leftovers\n|upkeep\n|turn|29\n|\n|t:|1700776798\n|move|p1a: Ogerpon|Ivy Cudgel|p2a: Dondozo|[anim] Ivy Cudgel Water\n|-resisted|p2a: Dondozo\n|-damage|p2a: Dondozo|89\/100\n|move|p2a: Dondozo|Sleep Talk||[still]\n|-fail|p2a: Dondozo\n|\n|-heal|p2a: Dondozo|96\/100|[from] item: Leftovers\n|upkeep\n|turn|30\n|\n|t:|1700776807\n|move|p1a: Ogerpon|Horn Leech|p2a: Dondozo\n|-resisted|p2a: Dondozo\n|-damage|p2a: Dondozo|92\/100\n|-heal|p1a: Ogerpon|48\/100|[from] drain|[of] p2a: Dondozo\n|move|p2a: Dondozo|Rest|p2a: Dondozo\n|-status|p2a: Dondozo|slp|[from] move: Rest\n|-heal|p2a: Dondozo|100\/100 slp|[silent]\n|\n|upkeep\n|turn|31\n|\n|t:|1700776819\n|move|p1a: Ogerpon|Horn Leech|p2a: Dondozo\n|-resisted|p2a: Dondozo\n|-damage|p2a: Dondozo|97\/100 slp\n|-heal|p1a: Ogerpon|51\/100|[from] drain|[of] p2a: Dondozo\n|cant|p2a: Dondozo|slp\n|move|p2a: Dondozo|Sleep Talk|p2a: Dondozo\n|move|p2a: Dondozo|Rest||[from]move: Sleep Talk|[still]\n|-fail|p2a: Dondozo\n|\n|-heal|p2a: Dondozo|100\/100 slp|[from] item: Leftovers\n|upkeep\n|turn|32\n|\n|t:|1700776832\n|move|p1a: Ogerpon|Swords Dance|p1a: Ogerpon\n|-boost|p1a: Ogerpon|atk|0\n|cant|p2a: Dondozo|slp\n|\n|upkeep\n|turn|33\n|\n|t:|1700776843\n|move|p1a: Ogerpon|Ivy Cudgel|p2a: Dondozo|[anim] Ivy Cudgel Water\n|-resisted|p2a: Dondozo\n|-damage|p2a: Dondozo|96\/100 slp\n|-curestatus|p2a: Dondozo|slp|[msg]\n|move|p2a: Dondozo|Rest|p2a: Dondozo\n|-status|p2a: Dondozo|slp|[from] move: Rest\n|-heal|p2a: Dondozo|100\/100 slp|[silent]\n|\n|upkeep\n|turn|34\n|\n|t:|1700776853\n|switch|p1a: Iron Moth|Iron Moth|100\/100\n|cant|p2a: Dondozo|slp\n|\n|upkeep\n|turn|35\n|\n|t:|1700776862\n|switch|p2a: Clodsire|Clodsire, M|100\/100\n|move|p1a: Iron Moth|U-turn|p2a: Clodsire\n|-resisted|p2a: Clodsire\n|-damage|p2a: Clodsire|95\/100\n|\n|t:|1700776868\n|-end|p1a: Iron Moth|Quark Drive|[silent]\n|switch|p1a: Garchomp|Garchomp, F, tera:Electric|65\/100|[from] U-turn\n|\n|-heal|p2a: Clodsire|100\/100|[from] item: Black Sludge\n|upkeep\n|turn|36\n|\n|t:|1700776874\n|switch|p2a: Ursaluna|Ursaluna, M|100\/100\n|move|p1a: Garchomp|Earthquake|p2a: Ursaluna\n|-damage|p2a: Ursaluna|53\/100\n|-damage|p1a: Garchomp|55\/100|[from] item: Life Orb\n|\n|-status|p2a: Ursaluna|brn|[from] item: Flame Orb\n|upkeep\n|turn|37\n|\n|t:|1700776885\n|switch|p1a: Corviknight|Corviknight, M|100\/100\n|-ability|p1a: Corviknight|Pressure\n|move|p2a: Ursaluna|Facade|p1a: Corviknight\n|-resisted|p1a: Corviknight\n|-damage|p1a: Corviknight|61\/100\n|-damage|p2a: Ursaluna|37\/100 brn|[from] item: Rocky Helmet|[of] p1a: Corviknight\n|\n|-damage|p2a: Ursaluna|31\/100 brn|[from] brn\n|upkeep\n|turn|38\n|\n|t:|1700776896\n|move|p1a: Corviknight|Body Press|p2a: Ursaluna\n|-supereffective|p2a: Ursaluna\n|-damage|p2a: Ursaluna|0 fnt\n|faint|p2a: Ursaluna\n|\n|upkeep\n|\n|t:|1700776901\n|switch|p2a: Cinderace|Cinderace, M|100\/100\n|turn|39\n|\n|t:|1700776911\n|move|p2a: Cinderace|Pyro Ball|p1a: Corviknight|[miss]\n|-miss|p2a: Cinderace|p1a: Corviknight\n|move|p1a: Corviknight|Roost|p1a: Corviknight\n|-heal|p1a: Corviknight|100\/100\n|-singleturn|p1a: Corviknight|move: Roost\n|\n|upkeep\n|turn|40\n|\n|t:|1700776918\n|move|p2a: Cinderace|Pyro Ball|p1a: Corviknight\n|-supereffective|p1a: Corviknight\n|-damage|p1a: Corviknight|32\/100\n|move|p1a: Corviknight|U-turn|p2a: Cinderace\n|-resisted|p2a: Cinderace\n|-damage|p2a: Cinderace|90\/100\n|\n|t:|1700776928\n|switch|p1a: Iron Moth|Iron Moth|100\/100|[from] U-turn\n|\n|upkeep\n|turn|41\n|\n|t:|1700776938\n|move|p1a: Iron Moth|U-turn|p2a: Cinderace\n|-resisted|p2a: Cinderace\n|-damage|p2a: Cinderace|83\/100\n|\n|t:|1700776942\n|-end|p1a: Iron Moth|Quark Drive|[silent]\n|switch|p1a: Corviknight|Corviknight, M|32\/100|[from] U-turn\n|-ability|p1a: Corviknight|Pressure\n|move|p2a: Cinderace|U-turn|p1a: Corviknight\n|-start|p2a: Cinderace|typechange|Bug|[from] ability: Libero\n|-resisted|p1a: Corviknight\n|-damage|p1a: Corviknight|27\/100\n|-damage|p2a: Cinderace|66\/100|[from] item: Rocky Helmet|[of] p1a: Corviknight\n|\n|t:|1700776953\n|switch|p2a: Clodsire|Clodsire, M|100\/100|[from] U-turn\n|\n|upkeep\n|turn|42\n|\n|t:|1700776959\n|move|p1a: Corviknight|Roost|p1a: Corviknight\n|-heal|p1a: Corviknight|77\/100\n|-singleturn|p1a: Corviknight|move: Roost\n|move|p2a: Clodsire|Spikes|p1a: Corviknight\n|-sidestart|p1: circleButton|Spikes\n|\n|upkeep\n|turn|43\n|\n|t:|1700776966\n|move|p1a: Corviknight|Defog|p2a: Clodsire\n|-unboost|p2a: Clodsire|evasion|1\n|-sideend|p1: circleButton|Spikes|[from] move: Defog|[of] p1a: Corviknight\n|move|p2a: Clodsire|Spikes|p1a: Corviknight\n|-sidestart|p1: circleButton|Spikes\n|\n|upkeep\n|turn|44\n|\n|t:|1700776987\n|move|p1a: Corviknight|U-turn|p2a: Clodsire\n|-resisted|p2a: Clodsire\n|-damage|p2a: Clodsire|92\/100\n|\n|t:|1700776995\n|switch|p1a: Garchomp|Garchomp, F, tera:Electric|55\/100|[from] U-turn\n|-damage|p1a: Garchomp|43\/100|[from] Spikes\n|move|p2a: Clodsire|Toxic|p1a: Garchomp\n|-status|p1a: Garchomp|tox\n|\n|-heal|p2a: Clodsire|99\/100|[from] item: Black Sludge\n|-damage|p1a: Garchomp|37\/100 tox|[from] psn\n|upkeep\n|turn|45\n|\n|t:|1700777007\n|switch|p2a: Blissey|Blissey, F|100\/100\n|move|p1a: Garchomp|Earthquake|p2a: Blissey\n|-damage|p2a: Blissey|44\/100\n|-damage|p1a: Garchomp|27\/100 tox|[from] item: Life Orb\n|\n|-heal|p2a: Blissey|50\/100|[from] item: Leftovers\n|-damage|p1a: Garchomp|15\/100 tox|[from] psn\n|upkeep\n|turn|46\n|\n|t:|1700777018\n|move|p1a: Garchomp|Earthquake|p2a: Blissey\n|-damage|p2a: Blissey|0 fnt\n|faint|p2a: Blissey\n|-damage|p1a: Garchomp|5\/100 tox|[from] item: Life Orb\n|\n|-damage|p1a: Garchomp|0 fnt|[from] psn\n|faint|p1a: Garchomp\n|upkeep\n|\n|t:|1700777030\n|switch|p1a: Zamazenta|Zamazenta|100\/100\n|switch|p2a: Cinderace|Cinderace, M|66\/100\n|-damage|p1a: Zamazenta|88\/100|[from] Spikes\n|-ability|p1a: Zamazenta|Dauntless Shield|boost\n|-boost|p1a: Zamazenta|def|1\n|turn|47\n|\n|t:|1700777040\n|move|p1a: Zamazenta|Close Combat|p2a: Cinderace\n|-damage|p2a: Cinderace|0 fnt\n|-unboost|p1a: Zamazenta|def|1\n|-unboost|p1a: Zamazenta|spd|1\n|faint|p2a: Cinderace\n|\n|upkeep\n|\n|t:|1700777047\n|switch|p2a: Clodsire|Clodsire, M|99\/100\n|turn|48\n|\n|t:|1700777055\n|move|p1a: Zamazenta|Iron Head|p2a: Clodsire\n|-damage|p2a: Clodsire|67\/100\n|cant|p2a: Clodsire|flinch\n|\n|-heal|p2a: Clodsire|74\/100|[from] item: Black Sludge\n|upkeep\n|turn|49\n|\n|t:|1700777062\n|move|p1a: Zamazenta|Iron Head|p2a: Clodsire\n|-damage|p2a: Clodsire|39\/100\n|move|p2a: Clodsire|Recover|p2a: Clodsire\n|-heal|p2a: Clodsire|89\/100\n|\n|-heal|p2a: Clodsire|95\/100|[from] item: Black Sludge\n|upkeep\n|turn|50\n|\n|t:|1700777070\n|move|p1a: Zamazenta|Iron Head|p2a: Clodsire\n|-damage|p2a: Clodsire|64\/100\n|move|p2a: Clodsire|Toxic|p1a: Zamazenta\n|-status|p1a: Zamazenta|tox\n|\n|-heal|p2a: Clodsire|71\/100|[from] item: Black Sludge\n|-damage|p1a: Zamazenta|82\/100 tox|[from] psn\n|upkeep\n|turn|51\n|\n|t:|1700777079\n|move|p1a: Zamazenta|Close Combat|p2a: Clodsire\n|-resisted|p2a: Clodsire\n|-damage|p2a: Clodsire|36\/100\n|-unboost|p1a: Zamazenta|def|1\n|-unboost|p1a: Zamazenta|spd|1\n|move|p2a: Clodsire|Recover|p2a: Clodsire\n|-heal|p2a: Clodsire|86\/100\n|\n|-heal|p2a: Clodsire|92\/100|[from] item: Black Sludge\n|-damage|p1a: Zamazenta|70\/100 tox|[from] psn\n|upkeep\n|turn|52\n|\n|t:|1700777103\n|switch|p1a: Iron Moth|Iron Moth|100\/100\n|-damage|p1a: Iron Moth|88\/100|[from] Spikes\n|move|p2a: Clodsire|Spikes|p1a: Iron Moth\n|-sidestart|p1: circleButton|Spikes\n|\n|-heal|p2a: Clodsire|98\/100|[from] item: Black Sludge\n|upkeep\n|turn|53\n|\n|t:|1700777112\n|move|p1a: Iron Moth|Fiery Dance|p2a: Clodsire\n|-damage|p2a: Clodsire|74\/100\n|move|p2a: Clodsire|Earthquake|p1a: Iron Moth\n|-supereffective|p1a: Iron Moth\n|-damage|p1a: Iron Moth|0 fnt\n|faint|p1a: Iron Moth\n|-end|p1a: Iron Moth|Quark Drive|[silent]\n|\n|-heal|p2a: Clodsire|80\/100|[from] item: Black Sludge\n|upkeep\n|\n|t:|1700777121\n|switch|p1a: Corviknight|Corviknight, M|77\/100\n|-ability|p1a: Corviknight|Pressure\n|turn|54\n|\n|t:|1700777128\n|move|p1a: Corviknight|Defog|p2a: Clodsire\n|-unboost|p2a: Clodsire|evasion|1\n|-sideend|p1: circleButton|Spikes|[from] move: Defog|[of] p1a: Corviknight\n|move|p2a: Clodsire|Earthquake|p1a: Corviknight\n|-immune|p1a: Corviknight\n|\n|-heal|p2a: Clodsire|86\/100|[from] item: Black Sludge\n|upkeep\n|turn|55\n|\n|t:|1700777136\n|move|p1a: Corviknight|Body Press|p2a: Clodsire\n|-resisted|p2a: Clodsire\n|-damage|p2a: Clodsire|70\/100\n|move|p2a: Clodsire|Toxic|p1a: Corviknight\n|-immune|p1a: Corviknight\n|\n|-heal|p2a: Clodsire|76\/100|[from] item: Black Sludge\n|upkeep\n|turn|56\n|\n|t:|1700777144\n|move|p1a: Corviknight|Body Press|p2a: Clodsire\n|-resisted|p2a: Clodsire\n|-damage|p2a: Clodsire|61\/100\n|move|p2a: Clodsire|Spikes|p1a: Corviknight\n|-sidestart|p1: circleButton|Spikes\n|\n|-heal|p2a: Clodsire|68\/100|[from] item: Black Sludge\n|upkeep\n|turn|57\n|\n|t:|1700777153\n|move|p1a: Corviknight|Body Press|p2a: Clodsire\n|-resisted|p2a: Clodsire\n|-damage|p2a: Clodsire|52\/100\n|move|p2a: Clodsire|Toxic|p1a: Corviknight\n|-immune|p1a: Corviknight\n|\n|-heal|p2a: Clodsire|58\/100|[from] item: Black Sludge\n|upkeep\n|turn|58\n|\n|t:|1700777162\n|move|p1a: Corviknight|Body Press|p2a: Clodsire\n|-resisted|p2a: Clodsire\n|-damage|p2a: Clodsire|43\/100\n|move|p2a: Clodsire|Recover|p2a: Clodsire\n|-heal|p2a: Clodsire|93\/100\n|\n|-heal|p2a: Clodsire|99\/100|[from] item: Black Sludge\n|upkeep\n|turn|59\n|\n|t:|1700777170\n|switch|p2a: Dondozo|Dondozo, F, tera:Grass|100\/100 slp\n|move|p1a: Corviknight|Body Press|p2a: Dondozo\n|-damage|p2a: Dondozo|89\/100 slp\n|\n|-heal|p2a: Dondozo|95\/100 slp|[from] item: Leftovers\n|upkeep\n|turn|60\n|\n|t:|1700777179\n|switch|p2a: Clodsire|Clodsire, M|99\/100\n|move|p1a: Corviknight|U-turn|p2a: Clodsire\n|-resisted|p2a: Clodsire\n|-damage|p2a: Clodsire|92\/100\n|\n|t:|1700777185\n|switch|p1a: Zamazenta|Zamazenta|70\/100 tox|[from] U-turn\n|-damage|p1a: Zamazenta|57\/100 tox|[from] Spikes\n|\n|-heal|p2a: Clodsire|98\/100|[from] item: Black Sludge\n|-damage|p1a: Zamazenta|51\/100 tox|[from] psn\n|upkeep\n|turn|61\n|\n|t:|1700777193\n|switch|p1a: Corviknight|Corviknight, M|77\/100\n|-ability|p1a: Corviknight|Pressure\n|move|p2a: Clodsire|Spikes|p1a: Corviknight\n|-sidestart|p1: circleButton|Spikes\n|\n|-heal|p2a: Clodsire|100\/100|[from] item: Black Sludge\n|upkeep\n|turn|62\n|\n|t:|1700777205\n|switch|p2a: Dondozo|Dondozo, F, tera:Grass|95\/100 slp\n|move|p1a: Corviknight|Defog|p2a: Dondozo\n|-unboost|p2a: Dondozo|evasion|1\n|-sideend|p1: circleButton|Spikes|[from] move: Defog|[of] p1a: Corviknight\n|\n|-heal|p2a: Dondozo|100\/100 slp|[from] item: Leftovers\n|upkeep\n|turn|63\n|\n|t:|1700777214\n|switch|p2a: Clodsire|Clodsire, M|100\/100\n|move|p1a: Corviknight|U-turn|p2a: Clodsire\n|-resisted|p2a: Clodsire\n|-damage|p2a: Clodsire|93\/100\n|\n|t:|1700777217\n|switch|p1a: Ogerpon|Ogerpon-Wellspring, F|51\/100|[from] U-turn\n|\n|-heal|p2a: Clodsire|99\/100|[from] item: Black Sludge\n|upkeep\n|turn|64\n|\n|t:|1700777229\n|switch|p1a: Corviknight|Corviknight, M|77\/100\n|-ability|p1a: Corviknight|Pressure\n|switch|p2a: Dondozo|Dondozo, F, tera:Grass|100\/100 slp\n|\n|upkeep\n|turn|65\n|\n|t:|1700777237\n|switch|p1a: Ogerpon|Ogerpon-Wellspring, F|51\/100\n|switch|p2a: Clodsire|Clodsire, M|99\/100\n|\n|-heal|p2a: Clodsire|100\/100|[from] item: Black Sludge\n|upkeep\n|turn|66\n|\n|t:|1700777245\n|switch|p1a: Corviknight|Corviknight, M|77\/100\n|-ability|p1a: Corviknight|Pressure\n|switch|p2a: Dondozo|Dondozo, F, tera:Grass|100\/100 slp\n|\n|upkeep\n|turn|67\n|\n|t:|1700777257\n|switch|p1a: Ogerpon|Ogerpon-Wellspring, F|51\/100\n|switch|p2a: Clodsire|Clodsire, M|100\/100\n|\n|upkeep\n|turn|68\n|\n|t:|1700777261\n|switch|p1a: Corviknight|Corviknight, M|77\/100\n|-ability|p1a: Corviknight|Pressure\n|switch|p2a: Dondozo|Dondozo, F, tera:Grass|100\/100 slp\n|\n|upkeep\n|turn|69\n|\n|t:|1700777266\n|switch|p1a: Ogerpon|Ogerpon-Wellspring, F|51\/100\n|switch|p2a: Clodsire|Clodsire, M|100\/100\n|\n|upkeep\n|turn|70\n|\n|t:|1700777270\n|switch|p1a: Corviknight|Corviknight, M|77\/100\n|-ability|p1a: Corviknight|Pressure\n|move|p2a: Clodsire|Spikes|p1a: Corviknight\n|-sidestart|p1: circleButton|Spikes\n|\n|upkeep\n|turn|71\n|\n|t:|1700777276\n|switch|p2a: Dondozo|Dondozo, F, tera:Grass|100\/100 slp\n|move|p1a: Corviknight|Defog|p2a: Dondozo\n|-unboost|p2a: Dondozo|evasion|1\n|-sideend|p1: circleButton|Spikes|[from] move: Defog|[of] p1a: Corviknight\n|\n|upkeep\n|turn|72\n|\n|t:|1700777283\n|switch|p1a: Ogerpon|Ogerpon-Wellspring, F|51\/100\n|switch|p2a: Clodsire|Clodsire, M|100\/100\n|\n|upkeep\n|turn|73\n|\n|t:|1700777294\n|switch|p2a: Dondozo|Dondozo, F, tera:Grass|100\/100 slp\n|move|p1a: Ogerpon|Ivy Cudgel|p2a: Dondozo|[anim] Ivy Cudgel Water\n|-resisted|p2a: Dondozo\n|-damage|p2a: Dondozo|88\/100 slp\n|\n|-heal|p2a: Dondozo|95\/100 slp|[from] item: Leftovers\n|upkeep\n|turn|74\n|\n|t:|1700777309\n|move|p1a: Ogerpon|Swords Dance|p1a: Ogerpon\n|-boost|p1a: Ogerpon|atk|2\n|cant|p2a: Dondozo|slp\n|\n|-heal|p2a: Dondozo|100\/100 slp|[from] item: Leftovers\n|upkeep\n|turn|75\n|\n|t:|1700777320\n|move|p1a: Ogerpon|Swords Dance|p1a: Ogerpon\n|-boost|p1a: Ogerpon|atk|2\n|-curestatus|p2a: Dondozo|slp|[msg]\n|move|p2a: Dondozo|Curse|p2a: Dondozo\n|-unboost|p2a: Dondozo|spe|1\n|-boost|p2a: Dondozo|atk|1\n|-boost|p2a: Dondozo|def|1\n|\n|upkeep\n|turn|76\n|\n|t:|1700777330\n|move|p1a: Ogerpon|Ivy Cudgel|p2a: Dondozo|[anim] Ivy Cudgel Water\n|-resisted|p2a: Dondozo\n|-crit|p2a: Dondozo\n|-damage|p2a: Dondozo|80\/100\n|move|p2a: Dondozo|Curse|p2a: Dondozo\n|-unboost|p2a: Dondozo|spe|1\n|-boost|p2a: Dondozo|atk|1\n|-boost|p2a: Dondozo|def|1\n|\n|-heal|p2a: Dondozo|86\/100|[from] item: Leftovers\n|upkeep\n|turn|77\n|\n|t:|1700777344\n|move|p1a: Ogerpon|Horn Leech|p2a: Dondozo\n|-resisted|p2a: Dondozo\n|-damage|p2a: Dondozo|81\/100\n|-heal|p1a: Ogerpon|55\/100|[from] drain|[of] p2a: Dondozo\n|move|p2a: Dondozo|Curse|p2a: Dondozo\n|-unboost|p2a: Dondozo|spe|1\n|-boost|p2a: Dondozo|atk|1\n|-boost|p2a: Dondozo|def|1\n|\n|-heal|p2a: Dondozo|87\/100|[from] item: Leftovers\n|upkeep\n|turn|78\n|inactive|circleButton has 120 seconds left.\n|\n|t:|1700777375\n|move|p1a: Ogerpon|Swords Dance|p1a: Ogerpon\n|-boost|p1a: Ogerpon|atk|2\n|move|p2a: Dondozo|Sleep Talk||[still]\n|-fail|p2a: Dondozo\n|\n|-heal|p2a: Dondozo|93\/100|[from] item: Leftovers\n|upkeep\n|turn|79\n|\n|t:|1700777388\n|switch|p1a: Zamazenta|Zamazenta|51\/100 tox\n|move|p2a: Dondozo|Rest|p2a: Dondozo\n|-status|p2a: Dondozo|slp|[from] move: Rest\n|-heal|p2a: Dondozo|100\/100 slp|[silent]\n|\n|-damage|p1a: Zamazenta|45\/100 tox|[from] psn\n|upkeep\n|turn|80\n|\n|t:|1700777400\n|switch|p1a: Ogerpon|Ogerpon-Wellspring, F|55\/100\n|switch|p2a: Clodsire|Clodsire, M|100\/100\n|\n|upkeep\n|turn|81\n|\n|t:|1700777407\n|switch|p1a: Corviknight|Corviknight, M|77\/100\n|-ability|p1a: Corviknight|Pressure\n|move|p2a: Clodsire|Toxic|p1a: Corviknight\n|-immune|p1a: Corviknight\n|\n|upkeep\n|turn|82\n|\n|t:|1700777426\n|move|p1a: Corviknight|Body Press|p2a: Clodsire\n|-resisted|p2a: Clodsire\n|-damage|p2a: Clodsire|87\/100\n|move|p2a: Clodsire|Spikes|p1a: Corviknight\n|-sidestart|p1: circleButton|Spikes\n|\n|-heal|p2a: Clodsire|93\/100|[from] item: Black Sludge\n|upkeep\n|turn|83\n|\n|t:|1700777448\n|switch|p2a: Dondozo|Dondozo, F, tera:Grass|100\/100 slp\n|move|p1a: Corviknight|Defog|p2a: Dondozo\n|-unboost|p2a: Dondozo|evasion|1\n|-sideend|p1: circleButton|Spikes|[from] move: Defog|[of] p1a: Corviknight\n|\n|upkeep\n|turn|84\n|\n|t:|1700777455\n|switch|p2a: Clodsire|Clodsire, M|93\/100\n|move|p1a: Corviknight|U-turn|p2a: Clodsire\n|-resisted|p2a: Clodsire\n|-damage|p2a: Clodsire|85\/100\n|\n|t:|1700777462\n|switch|p1a: Ogerpon|Ogerpon-Wellspring, F|55\/100|[from] U-turn\n|\n|-heal|p2a: Clodsire|91\/100|[from] item: Black Sludge\n|upkeep\n|turn|85\n|\n|t:|1700777480\n|switch|p1a: Corviknight|Corviknight, M|77\/100\n|-ability|p1a: Corviknight|Pressure\n|switch|p2a: Dondozo|Dondozo, F, tera:Grass|100\/100 slp\n|\n|upkeep\n|turn|86\n|\n|t:|1700777494\n|switch|p1a: Ogerpon|Ogerpon-Wellspring, F|55\/100\n|switch|p2a: Clodsire|Clodsire, M|91\/100\n|\n|-heal|p2a: Clodsire|98\/100|[from] item: Black Sludge\n|upkeep\n|turn|87\n|\n|t:|1700777502\n|switch|p1a: Corviknight|Corviknight, M|77\/100\n|-ability|p1a: Corviknight|Pressure\n|switch|p2a: Dondozo|Dondozo, F, tera:Grass|100\/100 slp\n|\n|upkeep\n|turn|88\n|\n|t:|1700777513\n|switch|p1a: Ogerpon|Ogerpon-Wellspring, F|55\/100\n|switch|p2a: Clodsire|Clodsire, M|98\/100\n|\n|-heal|p2a: Clodsire|100\/100|[from] item: Black Sludge\n|upkeep\n|turn|89\n|\n|t:|1700777524\n|switch|p1a: Corviknight|Corviknight, M|77\/100\n|-ability|p1a: Corviknight|Pressure\n|switch|p2a: Dondozo|Dondozo, F, tera:Grass|100\/100 slp\n|\n|upkeep\n|turn|90\n|\n|t:|1700777553\n|switch|p1a: Ogerpon|Ogerpon-Wellspring, F|55\/100\n|switch|p2a: Clodsire|Clodsire, M|100\/100\n|\n|upkeep\n|turn|91\n|inactive|circleButton has 120 seconds left.\n|\n|t:|1700777565\n|switch|p1a: Corviknight|Corviknight, M|77\/100\n|-ability|p1a: Corviknight|Pressure\n|switch|p2a: Dondozo|Dondozo, F, tera:Grass|100\/100 slp\n|\n|upkeep\n|turn|92\n|inactive|circleButton has 120 seconds left.\n|\n|t:|1700777578\n|switch|p1a: Ogerpon|Ogerpon-Wellspring, F|55\/100\n|switch|p2a: Clodsire|Clodsire, M|100\/100\n|\n|upkeep\n|turn|93\n|\n|t:|1700777582\n|switch|p1a: Corviknight|Corviknight, M|77\/100\n|-ability|p1a: Corviknight|Pressure\n|switch|p2a: Dondozo|Dondozo, F, tera:Grass|100\/100 slp\n|\n|upkeep\n|turn|94\n|\n|t:|1700777586\n|switch|p1a: Ogerpon|Ogerpon-Wellspring, F|55\/100\n|switch|p2a: Clodsire|Clodsire, M|100\/100\n|\n|upkeep\n|turn|95\n|\n|t:|1700777589\n|switch|p1a: Corviknight|Corviknight, M|77\/100\n|-ability|p1a: Corviknight|Pressure\n|switch|p2a: Dondozo|Dondozo, F, tera:Grass|100\/100 slp\n|\n|upkeep\n|turn|96\n|\n|t:|1700777594\n|switch|p2a: Clodsire|Clodsire, M|100\/100\n|move|p1a: Corviknight|Body Press|p2a: Clodsire\n|-resisted|p2a: Clodsire\n|-damage|p2a: Clodsire|85\/100\n|\n|-heal|p2a: Clodsire|91\/100|[from] item: Black Sludge\n|upkeep\n|turn|97\n|\n|t:|1700777601\n|switch|p2a: Dondozo|Dondozo, F, tera:Grass|100\/100 slp\n|move|p1a: Corviknight|U-turn|p2a: Dondozo\n|-supereffective|p2a: Dondozo\n|-damage|p2a: Dondozo|87\/100 slp\n|\n|t:|1700777608\n|switch|p1a: Ogerpon|Ogerpon-Wellspring, F|55\/100|[from] U-turn\n|\n|-heal|p2a: Dondozo|94\/100 slp|[from] item: Leftovers\n|upkeep\n|turn|98\n|\n|t:|1700777617\n|move|p1a: Ogerpon|Swords Dance|p1a: Ogerpon\n|-boost|p1a: Ogerpon|atk|2\n|cant|p2a: Dondozo|slp\n|\n|-heal|p2a: Dondozo|99\/100 slp|[from] item: Leftovers\n|upkeep\n|turn|99\n|inactive|circleButton has 120 seconds left.\n|\n|t:|1700777653\n|switch|p2a: Clodsire|Clodsire, M|91\/100\n|move|p1a: Ogerpon|Ivy Cudgel|p2a: Clodsire|[anim] Ivy Cudgel Water\n|-supereffective|p2a: Clodsire\n|-damage|p2a: Clodsire|0 fnt\n|faint|p2a: Clodsire\n|\n|upkeep\n|-message|ljhkjhjkhnk forfeited.\n|\n|win|circleButton\n|raw|circleButton's rating: 1112 &rarr; <strong>1139<\/strong><br \/>(+27 for winning)\n|raw|ljhkjhjkhnk's rating: 1142 &rarr; <strong>1115<\/strong><br \/>(-27 for losing)\n|l|\u2606ljhkjhjkhnk\n","uploadtime":1700777684,"views":48,"p1id":"circlebutton","p2id":"ljhkjhjkhnk","formatid":"gen9ou","rating":1115,"private":0,"password":""}