{"id":"gen9ou-1989919422","p1":"Pow Caeli","p2":"CS 2200","format":"[Gen 9] OU","log":"|j|\u2606Pow Caeli\n|j|\u2606CS 2200\n|t:|1699906747\n|gametype|singles\n|player|p1|Pow Caeli|backersf|1320\n|player|p2|CS 2200|hiker-gen4|1274\n|teamsize|p1|6\n|teamsize|p2|6\n|gen|9\n|tier|[Gen 9] OU\n|rated|\n|rule|Sleep Clause Mod: Limit one foe put to sleep\n|rule|Species Clause: Limit one of each Pok\u00e9mon\n|rule|OHKO Clause: OHKO moves are banned\n|rule|Evasion Items Clause: Evasion items are banned\n|rule|Evasion Moves Clause: Evasion moves are banned\n|rule|Endless Battle Clause: Forcing endless battles is banned\n|rule|HP Percentage Mod: HP is shown in percentages\n|clearpoke\n|poke|p1|Samurott-Hisui, F|\n|poke|p1|Ribombee, F|\n|poke|p1|Gholdengo|\n|poke|p1|Walking Wake|\n|poke|p1|Zapdos-Galar|\n|poke|p1|Cinderace, F|\n|poke|p2|Kingambit, M|\n|poke|p2|Landorus-Therian, M|\n|poke|p2|Dragapult, M|\n|poke|p2|Ribombee, F|\n|poke|p2|Heatran, M|\n|poke|p2|Ogerpon-Cornerstone, F|\n|teampreview\n|\n|t:|1699906776\n|start\n|switch|p1a: Ribombee|Ribombee, F, shiny|100\/100\n|switch|p2a: Ribombee|Ribombee, F|100\/100\n|turn|1\n|\n|t:|1699906789\n|move|p2a: Ribombee|Moonblast|p1a: Ribombee\n|-damage|p1a: Ribombee|33\/100\n|move|p1a: Ribombee|Moonblast|p2a: Ribombee\n|-damage|p2a: Ribombee|28\/100\n|\n|upkeep\n|turn|2\n|\n|t:|1699906797\n|move|p2a: Ribombee|Moonblast|p1a: Ribombee\n|-damage|p1a: Ribombee|0 fnt\n|faint|p1a: Ribombee\n|\n|upkeep\n|\n|t:|1699906800\n|switch|p1a: Cinderace|Cinderace, F|100\/100\n|turn|3\n|\n|t:|1699906828\n|move|p2a: Ribombee|Sticky Web|p1a: Cinderace\n|-sidestart|p1: Pow Caeli|move: Sticky Web\n|move|p1a: Cinderace|Pyro Ball|p2a: Ribombee\n|-supereffective|p2a: Ribombee\n|-damage|p2a: Ribombee|0 fnt\n|faint|p2a: Ribombee\n|\n|upkeep\n|\n|t:|1699906833\n|switch|p2a: Heatran|Heatran, M|100\/100\n|turn|4\n|\n|t:|1699906837\n|move|p1a: Cinderace|Court Change|p1a: Cinderace\n|-start|p1a: Cinderace|typechange|Normal|[from] ability: Libero\n|-swapsideconditions\n|-activate|p1a: Cinderace|move: Court Change\n|move|p2a: Heatran|Stealth Rock|p1a: Cinderace\n|-sidestart|p1: Pow Caeli|move: Stealth Rock\n|\n|upkeep\n|turn|5\n|\n|t:|1699906844\n|move|p1a: Cinderace|U-turn|p2a: Heatran\n|-resisted|p2a: Heatran\n|-damage|p2a: Heatran|96\/100\n|\n|t:|1699906847\n|switch|p1a: Samurott|Samurott-Hisui, F|100\/100|[from] U-turn\n|-damage|p1a: Samurott|88\/100|[from] Stealth Rock\n|move|p2a: Heatran|Flamethrower|p1a: Samurott\n|-resisted|p1a: Samurott\n|-damage|p1a: Samurott|49\/100\n|\n|-heal|p2a: Heatran|100\/100|[from] item: Leftovers\n|upkeep\n|turn|6\n|\n|t:|1699906865\n|-terastallize|p2a: Heatran|Grass\n|move|p1a: Samurott|Ceaseless Edge|p2a: Heatran\n|-damage|p2a: Heatran|63\/100\n|-sidestart|p2: CS 2200|Spikes\n|move|p2a: Heatran|Tera Blast|p1a: Samurott|[anim] Tera Blast Grass\n|-supereffective|p1a: Samurott\n|-damage|p1a: Samurott|0 fnt\n|faint|p1a: Samurott\n|\n|-heal|p2a: Heatran|69\/100|[from] item: Leftovers\n|upkeep\n|\n|t:|1699906878\n|switch|p1a: Zapdos|Zapdos-Galar|100\/100\n|-damage|p1a: Zapdos|88\/100|[from] Stealth Rock\n|turn|7\n|\n|t:|1699906885\n|move|p1a: Zapdos|Drill Peck|p2a: Heatran\n|-supereffective|p2a: Heatran\n|-damage|p2a: Heatran|0 fnt\n|faint|p2a: Heatran\n|\n|upkeep\n|\n|t:|1699906897\n|switch|p2a: Ogerpon|Ogerpon-Cornerstone, F|100\/100\n|-activate|p2a: Ogerpon|move: Sticky Web\n|-unboost|p2a: Ogerpon|spe|1\n|-damage|p2a: Ogerpon|88\/100|[from] Spikes\n|turn|8\n|\n|t:|1699906905\n|move|p1a: Zapdos|Drill Peck|p2a: Ogerpon\n|-damage|p2a: Ogerpon|29\/100\n|move|p2a: Ogerpon|Ivy Cudgel|p1a: Zapdos\n|-damage|p1a: Zapdos|15\/100\n|\n|upkeep\n|turn|9\n|\n|t:|1699906912\n|move|p1a: Zapdos|Drill Peck|p2a: Ogerpon\n|-damage|p2a: Ogerpon|0 fnt\n|faint|p2a: Ogerpon\n|\n|upkeep\n|\n|t:|1699906915\n|switch|p2a: Kingambit|Kingambit, M|100\/100\n|-activate|p2a: Kingambit|move: Sticky Web\n|-unboost|p2a: Kingambit|spe|1\n|-damage|p2a: Kingambit|88\/100|[from] Spikes\n|-activate|p2a: Kingambit|ability: Supreme Overlord\n|-start|p2a: Kingambit|fallen3|[silent]\n|turn|10\n|\n|t:|1699906921\n|move|p2a: Kingambit|Sucker Punch||[still]\n|-fail|p2a: Kingambit\n|move|p1a: Zapdos|Bulk Up|p1a: Zapdos\n|-boost|p1a: Zapdos|atk|1\n|-boost|p1a: Zapdos|def|1\n|\n|upkeep\n|turn|11\n|\n|t:|1699906926\n|move|p2a: Kingambit|Sucker Punch||[still]\n|-fail|p2a: Kingambit\n|move|p1a: Zapdos|Bulk Up|p1a: Zapdos\n|-boost|p1a: Zapdos|atk|1\n|-boost|p1a: Zapdos|def|1\n|\n|upkeep\n|turn|12\n|\n|t:|1699906928\n|move|p2a: Kingambit|Sucker Punch||[still]\n|-fail|p2a: Kingambit\n|move|p1a: Zapdos|Bulk Up|p1a: Zapdos\n|-boost|p1a: Zapdos|atk|1\n|-boost|p1a: Zapdos|def|1\n|\n|upkeep\n|turn|13\n|\n|t:|1699906932\n|move|p2a: Kingambit|Sucker Punch|p1a: Zapdos\n|-resisted|p1a: Zapdos\n|-damage|p1a: Zapdos|0 fnt\n|faint|p1a: Zapdos\n|\n|upkeep\n|\n|t:|1699906935\n|switch|p1a: Cinderace|Cinderace, F|100\/100\n|turn|14\n|\n|t:|1699906944\n|-end|p2a: Kingambit|fallen3|[silent]\n|switch|p2a: Landorus|Landorus-Therian, M|100\/100\n|-ability|p2a: Landorus|Intimidate|boost\n|-unboost|p1a: Cinderace|atk|1\n|move|p1a: Cinderace|Pyro Ball|p2a: Landorus\n|-damage|p2a: Landorus|57\/100\n|\n|upkeep\n|turn|15\n|\n|t:|1699906952\n|move|p2a: Landorus|Earthquake|p1a: Cinderace\n|-supereffective|p1a: Cinderace\n|-damage|p1a: Cinderace|0 fnt\n|faint|p1a: Cinderace\n|\n|upkeep\n|\n|t:|1699906959\n|switch|p1a: Walking Wake|Walking Wake|100\/100\n|-damage|p1a: Walking Wake|88\/100|[from] Stealth Rock\n|turn|16\n|\n|t:|1699906967\n|move|p1a: Walking Wake|Hydro Steam|p2a: Landorus\n|-supereffective|p2a: Landorus\n|-crit|p2a: Landorus\n|-damage|p2a: Landorus|0 fnt\n|faint|p2a: Landorus\n|\n|upkeep\n|\n|t:|1699906971\n|switch|p2a: Dragapult|Dragapult, M|100\/100\n|-activate|p2a: Dragapult|move: Sticky Web\n|-unboost|p2a: Dragapult|spe|1\n|-damage|p2a: Dragapult|88\/100|[from] Spikes\n|turn|17\n|\n|t:|1699906977\n|-end|p1a: Walking Wake|Protosynthesis|[silent]\n|switch|p1a: Gholdengo|Gholdengo|100\/100\n|-damage|p1a: Gholdengo|94\/100|[from] Stealth Rock\n|-item|p1a: Gholdengo|Air Balloon\n|move|p2a: Dragapult|Dragon Darts|p1a: Gholdengo\n|-resisted|p1a: Gholdengo\n|-damage|p1a: Gholdengo|76\/100\n|-enditem|p1a: Gholdengo|Air Balloon\n|-anim|p2a: Dragapult|Dragon Darts|p1a: Gholdengo\n|-resisted|p1a: Gholdengo\n|-damage|p1a: Gholdengo|57\/100\n|-damage|p2a: Dragapult|78\/100|[from] item: Life Orb\n|\n|upkeep\n|turn|18\n|\n|t:|1699906987\n|move|p1a: Gholdengo|Shadow Ball|p2a: Dragapult\n|-supereffective|p2a: Dragapult\n|-damage|p2a: Dragapult|0 fnt\n|faint|p2a: Dragapult\n|\n|upkeep\n|\n|t:|1699906990\n|switch|p2a: Kingambit|Kingambit, M|88\/100\n|-activate|p2a: Kingambit|move: Sticky Web\n|-unboost|p2a: Kingambit|spe|1\n|-damage|p2a: Kingambit|76\/100|[from] Spikes\n|-activate|p2a: Kingambit|ability: Supreme Overlord\n|-start|p2a: Kingambit|fallen5|[silent]\n|turn|19\n|\n|t:|1699906994\n|-terastallize|p1a: Gholdengo|Fighting\n|move|p2a: Kingambit|Sucker Punch||[still]\n|-fail|p2a: Kingambit\n|move|p1a: Gholdengo|Recover|p1a: Gholdengo\n|-heal|p1a: Gholdengo|100\/100\n|\n|upkeep\n|turn|20\n|\n|t:|1699906999\n|move|p2a: Kingambit|Sucker Punch|p1a: Gholdengo\n|-resisted|p1a: Gholdengo\n|-damage|p1a: Gholdengo|56\/100\n|move|p1a: Gholdengo|Shadow Ball|p2a: Kingambit\n|-resisted|p2a: Kingambit\n|-damage|p2a: Kingambit|56\/100\n|-unboost|p2a: Kingambit|spd|1\n|\n|upkeep\n|turn|21\n|\n|t:|1699907002\n|move|p1a: Gholdengo|Recover|p1a: Gholdengo\n|-heal|p1a: Gholdengo|100\/100\n|move|p2a: Kingambit|Kowtow Cleave|p1a: Gholdengo\n|-resisted|p1a: Gholdengo\n|-damage|p1a: Gholdengo|54\/100\n|\n|upkeep\n|turn|22\n|\n|t:|1699907008\n|move|p1a: Gholdengo|Recover|p1a: Gholdengo\n|-heal|p1a: Gholdengo|100\/100\n|move|p2a: Kingambit|Kowtow Cleave|p1a: Gholdengo\n|-resisted|p1a: Gholdengo\n|-damage|p1a: Gholdengo|47\/100\n|\n|upkeep\n|turn|23\n|\n|t:|1699907014\n|move|p1a: Gholdengo|Make It Rain|p2a: Kingambit\n|-resisted|p2a: Kingambit\n|-damage|p2a: Kingambit|14\/100\n|-unboost|p1a: Gholdengo|spa|1\n|move|p2a: Kingambit|Kowtow Cleave|p1a: Gholdengo\n|-resisted|p1a: Gholdengo\n|-damage|p1a: Gholdengo|0 fnt\n|faint|p1a: Gholdengo\n|\n|upkeep\n|\n|t:|1699907017\n|switch|p1a: Walking Wake|Walking Wake|88\/100\n|-damage|p1a: Walking Wake|76\/100|[from] Stealth Rock\n|turn|24\n|\n|t:|1699907020\n|move|p2a: Kingambit|Sucker Punch|p1a: Walking Wake\n|-damage|p1a: Walking Wake|1\/100\n|move|p1a: Walking Wake|Hydro Steam|p2a: Kingambit\n|-damage|p2a: Kingambit|0 fnt\n|faint|p2a: Kingambit\n|-end|p2a: Kingambit|fallen5|[silent]\n|\n|win|Pow Caeli\n|raw|Pow Caeli's rating: 1320 &rarr; <strong>1337<\/strong><br \/>(+17 for winning)\n|raw|CS 2200's rating: 1274 &rarr; <strong>1252<\/strong><br \/>(-22 for losing)\n|l|\u2606CS 2200\n","uploadtime":1699907029,"views":9,"p1id":"powcaeli","p2id":"cs2200","formatid":"gen9ou","rating":1252,"private":0,"password":""}