{"id":"gen9ou-1990057825","p1":"TyroneTheCreator18","p2":"PLAYB0I R0BBIE B","format":"[Gen 9] OU","log":"|j|\u2606TyroneTheCreator18\n|j|\u2606PLAYB0I R0BBIE B\n|t:|1699919984\n|gametype|singles\n|player|p1|TyroneTheCreator18|hoopster|1422\n|player|p2|PLAYB0I R0BBIE B|eusine|1492\n|teamsize|p1|6\n|teamsize|p2|6\n|gen|9\n|tier|[Gen 9] OU\n|rated|\n|rule|Sleep Clause Mod: Limit one foe put to sleep\n|rule|Species Clause: Limit one of each Pok\u00e9mon\n|rule|OHKO Clause: OHKO moves are banned\n|rule|Evasion Items Clause: Evasion items are banned\n|rule|Evasion Moves Clause: Evasion moves are banned\n|rule|Endless Battle Clause: Forcing endless battles is banned\n|rule|HP Percentage Mod: HP is shown in percentages\n|clearpoke\n|poke|p1|Garchomp, M|\n|poke|p1|Dragapult, M|\n|poke|p1|Rillaboom, F|\n|poke|p1|Sneasler, F|\n|poke|p1|Gholdengo|\n|poke|p1|Iron Moth|\n|poke|p2|Glimmora, F|\n|poke|p2|Meowscarada, F|\n|poke|p2|Thundurus-Therian, M|\n|poke|p2|Dragapult, F|\n|poke|p2|Heatran, F|\n|poke|p2|Great Tusk|\n|teampreview\n|inactive|Battle timer is ON: inactive players will automatically lose when time's up. (requested by TyroneTheCreator18)\n|\n|t:|1699919994\n|start\n|switch|p1a: Garchomp|Garchomp, M|100\/100\n|switch|p2a: Glimmora|Glimmora, F|100\/100\n|turn|1\n|\n|t:|1699920000\n|move|p1a: Garchomp|Earthquake|p2a: Glimmora\n|-supereffective|p2a: Glimmora\n|-enditem|p2a: Glimmora|Focus Sash\n|-damage|p2a: Glimmora|1\/100\n|-activate|p2a: Glimmora|ability: Toxic Debris\n|-sidestart|p1: TyroneTheCreator18|move: Toxic Spikes\n|move|p2a: Glimmora|Stealth Rock|p1a: Garchomp\n|-sidestart|p1: TyroneTheCreator18|move: Stealth Rock\n|\n|upkeep\n|turn|2\n|\n|t:|1699920010\n|move|p1a: Garchomp|Iron Head|p2a: Glimmora\n|-supereffective|p2a: Glimmora\n|-damage|p2a: Glimmora|0 fnt\n|-activate|p2a: Glimmora|ability: Toxic Debris\n|-sidestart|p1: TyroneTheCreator18|move: Toxic Spikes\n|faint|p2a: Glimmora\n|\n|upkeep\n|\n|t:|1699920018\n|switch|p2a: Great Tusk|Great Tusk|100\/100\n|turn|3\n|\n|t:|1699920025\n|move|p1a: Garchomp|Earthquake|p2a: Great Tusk\n|-damage|p2a: Great Tusk|71\/100\n|move|p2a: Great Tusk|Ice Spinner|p1a: Garchomp\n|-supereffective|p1a: Garchomp\n|-damage|p1a: Garchomp|10\/100\n|-damage|p2a: Great Tusk|58\/100|[from] ability: Rough Skin|[of] p1a: Garchomp\n|-damage|p2a: Great Tusk|42\/100|[from] item: Rocky Helmet|[of] p1a: Garchomp\n|\n|upkeep\n|turn|4\n|\n|t:|1699920036\n|move|p1a: Garchomp|Earthquake|p2a: Great Tusk\n|-damage|p2a: Great Tusk|10\/100\n|move|p2a: Great Tusk|Rapid Spin|p1a: Garchomp\n|-damage|p1a: Garchomp|0 fnt\n|-boost|p2a: Great Tusk|spe|1\n|-damage|p2a: Great Tusk|0 fnt|[from] ability: Rough Skin|[of] p1a: Garchomp\n|faint|p1a: Garchomp\n|faint|p2a: Great Tusk\n|-end|p2a: Great Tusk|Protosynthesis|[silent]\n|\n|upkeep\n|\n|t:|1699920043\n|switch|p1a: Iron Moth|Iron Moth|100\/100\n|switch|p2a: Thundurus|Thundurus-Therian, M|100\/100\n|-sideend|p1: TyroneTheCreator18|move: Toxic Spikes|[of] p1a: Iron Moth\n|-damage|p1a: Iron Moth|76\/100|[from] Stealth Rock\n|-enditem|p1a: Iron Moth|Booster Energy\n|-activate|p1a: Iron Moth|ability: Quark Drive|[fromitem]\n|-start|p1a: Iron Moth|quarkdrivespa\n|turn|5\n|\n|t:|1699920053\n|-terastallize|p2a: Thundurus|Flying\n|move|p2a: Thundurus|Tera Blast|p1a: Iron Moth|[anim] Tera Blast Flying\n|-damage|p1a: Iron Moth|0 fnt\n|faint|p1a: Iron Moth\n|-end|p1a: Iron Moth|Quark Drive|[silent]\n|\n|upkeep\n|\n|t:|1699920058\n|switch|p1a: Dragapult|Dragapult, M|100\/100\n|-damage|p1a: Dragapult|88\/100|[from] Stealth Rock\n|turn|6\n|\n|t:|1699920066\n|switch|p2a: Heatran|Heatran, F|100\/100\n|-item|p2a: Heatran|Air Balloon\n|move|p1a: Dragapult|Draco Meteor|p2a: Heatran\n|-resisted|p2a: Heatran\n|-damage|p2a: Heatran|64\/100\n|-unboost|p1a: Dragapult|spa|2\n|-enditem|p2a: Heatran|Air Balloon\n|\n|upkeep\n|turn|7\n|\n|t:|1699920072\n|switch|p1a: Gholdengo|Gholdengo|100\/100\n|-damage|p1a: Gholdengo|94\/100|[from] Stealth Rock\n|move|p2a: Heatran|Magma Storm|p1a: Gholdengo\n|-supereffective|p1a: Gholdengo\n|-damage|p1a: Gholdengo|0 fnt\n|faint|p1a: Gholdengo\n|\n|upkeep\n|\n|t:|1699920075\n|switch|p1a: Rillaboom|Rillaboom, F|100\/100\n|-damage|p1a: Rillaboom|88\/100|[from] Stealth Rock\n|-fieldstart|move: Grassy Terrain|[from] ability: Grassy Surge|[of] p1a: Rillaboom\n|turn|8\n|\n|t:|1699920078\n|move|p1a: Rillaboom|Drain Punch|p2a: Heatran\n|-supereffective|p2a: Heatran\n|-damage|p2a: Heatran|0 fnt\n|-heal|p1a: Rillaboom|100\/100|[from] drain|[of] p2a: Heatran\n|faint|p2a: Heatran\n|\n|upkeep\n|\n|t:|1699920082\n|switch|p2a: Meowscarada|Meowscarada, F|100\/100\n|turn|9\n|\n|t:|1699920084\n|move|p2a: Meowscarada|U-turn|p1a: Rillaboom\n|-start|p2a: Meowscarada|typechange|Bug|[from] ability: Protean\n|-supereffective|p1a: Rillaboom\n|-damage|p1a: Rillaboom|0 fnt\n|faint|p1a: Rillaboom\n|\n|t:|1699920087\n|switch|p2a: Dragapult|Dragapult, F|100\/100|[from] U-turn\n|\n|upkeep\n|\n|t:|1699920089\n|switch|p1a: Sneasler|Sneasler, F|100\/100\n|-damage|p1a: Sneasler|95\/100|[from] Stealth Rock\n|-enditem|p1a: Sneasler|Grassy Seed\n|-boost|p1a: Sneasler|def|1|[from] item: Grassy Seed\n|turn|10\n|\n|t:|1699920092\n|-terastallize|p1a: Sneasler|Dark\n|move|p1a: Sneasler|Lash Out|p2a: Dragapult\n|-supereffective|p2a: Dragapult\n|-damage|p2a: Dragapult|0 fnt\n|faint|p2a: Dragapult\n|\n|-heal|p1a: Sneasler|100\/100|[from] Grassy Terrain\n|upkeep\n|\n|t:|1699920096\n|switch|p2a: Meowscarada|Meowscarada, F|100\/100\n|turn|11\n|\n|t:|1699920098\n|move|p1a: Sneasler|Close Combat|p2a: Meowscarada\n|-supereffective|p2a: Meowscarada\n|-damage|p2a: Meowscarada|0 fnt\n|-unboost|p1a: Sneasler|def|1\n|-unboost|p1a: Sneasler|spd|1\n|faint|p2a: Meowscarada\n|\n|upkeep\n|\n|t:|1699920101\n|switch|p2a: Thundurus|Thundurus-Therian, M, tera:Flying|100\/100\n|turn|12\n|\n|t:|1699920104\n|move|p1a: Sneasler|Dire Claw|p2a: Thundurus\n|-damage|p2a: Thundurus|34\/100\n|move|p2a: Thundurus|Tera Blast|p1a: Sneasler|[anim] Tera Blast Flying\n|-damage|p1a: Sneasler|0 fnt\n|faint|p1a: Sneasler\n|\n|-fieldend|move: Grassy Terrain\n|upkeep\n|\n|t:|1699920107\n|switch|p1a: Dragapult|Dragapult, M|88\/100\n|-damage|p1a: Dragapult|76\/100|[from] Stealth Rock\n|turn|13\n|\n|t:|1699920110\n|move|p1a: Dragapult|Draco Meteor|p2a: Thundurus\n|-damage|p2a: Thundurus|0 fnt\n|-unboost|p1a: Dragapult|spa|2\n|faint|p2a: Thundurus\n|\n|win|TyroneTheCreator18\n|raw|TyroneTheCreator18's rating: 1422 &rarr; <strong>1446<\/strong><br \/>(+24 for winning)\n|raw|PLAYB0I R0BBIE B's rating: 1492 &rarr; <strong>1468<\/strong><br \/>(-24 for losing)\n","uploadtime":1699920114,"views":9,"p1id":"tyronethecreator18","p2id":"playb0ir0bbieb","formatid":"gen9ou","rating":1446,"private":0,"password":""}