{"id":"gen9ou-1992504408","p1":"little man skwovet","p2":"wooloo supremacy","format":"[Gen 9] OU","log":"|j|\u2606little man skwovet\n|j|\u2606wooloo supremacy\n|t:|1700196224\n|gametype|singles\n|player|p1|little man skwovet|265|1655\n|player|p2|wooloo supremacy|adaman|1749\n|teamsize|p1|6\n|teamsize|p2|6\n|gen|9\n|tier|[Gen 9] OU\n|rated|\n|rule|Sleep Clause Mod: Limit one foe put to sleep\n|rule|Species Clause: Limit one of each Pok\u00e9mon\n|rule|OHKO Clause: OHKO moves are banned\n|rule|Evasion Items Clause: Evasion items are banned\n|rule|Evasion Moves Clause: Evasion moves are banned\n|rule|Endless Battle Clause: Forcing endless battles is banned\n|rule|HP Percentage Mod: HP is shown in percentages\n|clearpoke\n|poke|p1|Heatran, F|\n|poke|p1|Blissey, F|\n|poke|p1|Alomomola, F|\n|poke|p1|Weezing-Galar, M|\n|poke|p1|Dondozo, F|\n|poke|p1|Ting-Lu|\n|poke|p2|Great Tusk|\n|poke|p2|Hatterene, F|\n|poke|p2|Dondozo, F|\n|poke|p2|Mandibuzz, F|\n|poke|p2|Heatran, M|\n|poke|p2|Dragapult, F|\n|teampreview\n|inactive|Battle timer is ON: inactive players will automatically lose when time's up. (requested by wooloo supremacy)\n|j| Norimvo\n|inactive|wooloo supremacy has 120 seconds left.\n|\n|t:|1700196257\n|start\n|switch|p1a: Weezing|Weezing-Galar, M|100\/100\n|switch|p2a: Dondozo|Dondozo, F|100\/100\n|-ability|p1a: Weezing|Neutralizing Gas\n|turn|1\n|\n|t:|1700196267\n|switch|p2a: Heatran|Heatran, M|100\/100\n|move|p1a: Weezing|Will-O-Wisp|p2a: Heatran\n|-immune|p2a: Heatran\n|\n|upkeep\n|turn|2\n|\n|t:|1700196272\n|switch|p2a: Dragapult|Dragapult, F|100\/100\n|-end|p1a: Weezing|ability: Neutralizing Gas\n|switch|p1a: Alomomola|Alomomola, F|100\/100\n|\n|upkeep\n|turn|3\n|\n|t:|1700196276\n|move|p2a: Dragapult|U-turn|p1a: Alomomola\n|-damage|p1a: Alomomola|90\/100\n|\n|t:|1700196279\n|switch|p2a: Dondozo|Dondozo, F|100\/100|[from] U-turn\n|move|p1a: Alomomola|Mirror Coat||[still]\n|-fail|p1a: Alomomola\n|\n|-heal|p1a: Alomomola|96\/100|[from] item: Leftovers\n|upkeep\n|turn|4\n|\n|t:|1700196287\n|switch|p2a: Mandibuzz|Mandibuzz, F|100\/100\n|move|p1a: Alomomola|Flip Turn|p2a: Mandibuzz\n|-damage|p2a: Mandibuzz|92\/100\n|\n|t:|1700196291\n|switch|p1a: Heatran|Heatran, F|100\/100|[from] Flip Turn\n|\n|upkeep\n|turn|5\n|\n|t:|1700196294\n|switch|p2a: Heatran|Heatran, M|100\/100\n|move|p1a: Heatran|Will-O-Wisp|p2a: Heatran\n|-immune|p2a: Heatran\n|\n|upkeep\n|turn|6\n|\n|t:|1700196299\n|move|p2a: Heatran|Earth Power|p1a: Heatran\n|-supereffective|p1a: Heatran\n|-damage|p1a: Heatran|14\/100\n|move|p1a: Heatran|Stealth Rock|p2a: Heatran\n|-sidestart|p2: wooloo supremacy|move: Stealth Rock\n|\n|-heal|p1a: Heatran|21\/100|[from] item: Leftovers\n|upkeep\n|turn|7\n|\n|t:|1700196304\n|switch|p1a: Alomomola|Alomomola, F|100\/100\n|move|p2a: Heatran|Taunt|p1a: Alomomola\n|-start|p1a: Alomomola|move: Taunt\n|\n|upkeep\n|turn|8\n|\n|t:|1700196313\n|switch|p2a: Mandibuzz|Mandibuzz, F|92\/100\n|move|p1a: Alomomola|Flip Turn|p2a: Mandibuzz\n|-damage|p2a: Mandibuzz|83\/100\n|\n|t:|1700196318\n|switch|p1a: Heatran|Heatran, F|21\/100|[from] Flip Turn\n|\n|-heal|p1a: Heatran|27\/100|[from] item: Leftovers\n|upkeep\n|turn|9\n|\n|t:|1700196322\n|move|p2a: Mandibuzz|Foul Play|p1a: Heatran\n|-damage|p1a: Heatran|14\/100\n|move|p1a: Heatran|Rest|p1a: Heatran\n|-status|p1a: Heatran|slp|[from] move: Rest\n|-heal|p1a: Heatran|100\/100 slp|[silent]\n|\n|upkeep\n|turn|10\n|\n|t:|1700196327\n|switch|p1a: Alomomola|Alomomola, F|100\/100\n|move|p2a: Mandibuzz|Defog|p1a: Alomomola\n|-unboost|p1a: Alomomola|evasion|1\n|-sideend|p2: wooloo supremacy|Stealth Rock|[from] move: Defog|[of] p2a: Mandibuzz\n|\n|upkeep\n|turn|11\n|\n|t:|1700196330\n|move|p2a: Mandibuzz|U-turn|p1a: Alomomola\n|-damage|p1a: Alomomola|93\/100\n|\n|t:|1700196334\n|switch|p2a: Dondozo|Dondozo, F|100\/100|[from] U-turn\n|move|p1a: Alomomola|Flip Turn|p2a: Dondozo\n|-resisted|p2a: Dondozo\n|-damage|p2a: Dondozo|96\/100\n|\n|t:|1700196338\n|switch|p1a: Weezing|Weezing-Galar, M|100\/100|[from] Flip Turn\n|-ability|p1a: Weezing|Neutralizing Gas\n|\n|-heal|p2a: Dondozo|100\/100|[from] item: Leftovers\n|upkeep\n|turn|12\n|\n|t:|1700196341\n|switch|p2a: Heatran|Heatran, M|100\/100\n|move|p1a: Weezing|Sludge Bomb|p2a: Heatran\n|-immune|p2a: Heatran\n|\n|upkeep\n|turn|13\n|\n|t:|1700196344\n|-end|p1a: Weezing|ability: Neutralizing Gas\n|switch|p1a: Alomomola|Alomomola, F|100\/100\n|move|p2a: Heatran|Taunt|p1a: Alomomola\n|-start|p1a: Alomomola|move: Taunt\n|\n|upkeep\n|turn|14\n|\n|t:|1700196347\n|switch|p2a: Dondozo|Dondozo, F|100\/100\n|move|p1a: Alomomola|Flip Turn|p2a: Dondozo\n|-resisted|p2a: Dondozo\n|-damage|p2a: Dondozo|96\/100\n|\n|t:|1700196350\n|switch|p1a: Blissey|Blissey, F|100\/100|[from] Flip Turn\n|\n|-heal|p2a: Dondozo|100\/100|[from] item: Leftovers\n|upkeep\n|turn|15\n|\n|t:|1700196353\n|switch|p1a: Weezing|Weezing-Galar, M|100\/100\n|-ability|p1a: Weezing|Neutralizing Gas\n|switch|p2a: Hatterene|Hatterene, F|100\/100\n|\n|upkeep\n|turn|16\n|\n|t:|1700196358\n|-end|p1a: Weezing|ability: Neutralizing Gas\n|switch|p1a: Ting-Lu|Ting-Lu|100\/100\n|-ability|p1a: Ting-Lu|Vessel of Ruin\n|switch|p2a: Heatran|Heatran, M|100\/100\n|\n|upkeep\n|turn|17\n|\n|t:|1700196361\n|switch|p2a: Hatterene|Hatterene, F|100\/100\n|move|p1a: Ting-Lu|Spikes|p2a: Hatterene\n|move|p2a: Hatterene|Spikes|p1a: Ting-Lu|[from]ability: Magic Bounce\n|-sidestart|p1: little man skwovet|Spikes\n|\n|upkeep\n|turn|18\n|c| Norimvo|hmm so as my experience goes\n|\n|t:|1700196366\n|move|p1a: Ting-Lu|Earthquake|p2a: Hatterene\n|-damage|p2a: Hatterene|66\/100\n|move|p2a: Hatterene|Nuzzle|p1a: Ting-Lu\n|-immune|p1a: Ting-Lu\n|\n|-heal|p2a: Hatterene|72\/100|[from] item: Leftovers\n|upkeep\n|turn|19\n|\n|t:|1700196373\n|switch|p1a: Blissey|Blissey, F|100\/100\n|move|p2a: Hatterene|Calm Mind|p2a: Hatterene\n|-boost|p2a: Hatterene|spa|1\n|-boost|p2a: Hatterene|spd|1\n|\n|-heal|p2a: Hatterene|78\/100|[from] item: Leftovers\n|upkeep\n|turn|20\n|c| Norimvo|the higher you go the more switches there are\n|\n|t:|1700196376\n|move|p1a: Blissey|Seismic Toss|p2a: Hatterene\n|-damage|p2a: Hatterene|47\/100\n|move|p2a: Hatterene|Psyshock|p1a: Blissey\n|-damage|p1a: Blissey|48\/100\n|\n|-heal|p2a: Hatterene|53\/100|[from] item: Leftovers\n|upkeep\n|turn|21\n|c|\u2606wooloo supremacy|who the fuck are you\n|\n|t:|1700196387\n|switch|p1a: Alomomola|Alomomola, F|100\/100\n|-damage|p1a: Alomomola|88\/100|[from] Spikes\n|move|p2a: Hatterene|Draining Kiss|p1a: Alomomola\n|-damage|p1a: Alomomola|55\/100\n|-heal|p2a: Hatterene|90\/100|[from] drain|[of] p1a: Alomomola\n|\n|-heal|p1a: Alomomola|62\/100|[from] item: Leftovers\n|-heal|p2a: Hatterene|96\/100|[from] item: Leftovers\n|upkeep\n|turn|22\n|c| Norimvo|random spectator\n|c| Norimvo|lol\n|\n|t:|1700196392\n|move|p2a: Hatterene|Nuzzle|p1a: Alomomola\n|-supereffective|p1a: Alomomola\n|-damage|p1a: Alomomola|57\/100\n|-status|p1a: Alomomola|par\n|cant|p1a: Alomomola|par\n|\n|-heal|p2a: Hatterene|100\/100|[from] item: Leftovers\n|-heal|p1a: Alomomola|63\/100 par|[from] item: Leftovers\n|upkeep\n|turn|23\n|\n|t:|1700196396\n|move|p2a: Hatterene|Calm Mind|p2a: Hatterene\n|-boost|p2a: Hatterene|spa|1\n|-boost|p2a: Hatterene|spd|1\n|move|p1a: Alomomola|Mirror Coat||[still]\n|-fail|p1a: Alomomola\n|\n|-heal|p1a: Alomomola|69\/100 par|[from] item: Leftovers\n|upkeep\n|turn|24\n|\n|t:|1700196399\n|move|p2a: Hatterene|Psyshock|p1a: Alomomola\n|-damage|p1a: Alomomola|30\/100 par\n|move|p1a: Alomomola|Wish|p1a: Alomomola\n|\n|-heal|p1a: Alomomola|36\/100 par|[from] item: Leftovers\n|upkeep\n|turn|25\n|\n|t:|1700196403\n|cant|p1a: Alomomola|par\n|move|p2a: Hatterene|Psyshock|p1a: Alomomola\n|-crit|p1a: Alomomola\n|-damage|p1a: Alomomola|0 fnt\n|faint|p1a: Alomomola\n|\n|upkeep\n|-message|little man skwovet forfeited.\n|\n|win|wooloo supremacy\n|raw|little man skwovet's rating: 1655 &rarr; <strong>1640<\/strong><br \/>(-15 for losing)\n|raw|wooloo supremacy's rating: 1749 &rarr; <strong>1764<\/strong><br \/>(+15 for winning)\n|l|\u2606little man skwovet\n|c| Norimvo|hyper offense on high rated ou matches when\n|c|\u2606wooloo supremacy|NEVER\n","uploadtime":1700196410,"views":25,"p1id":"littlemanskwovet","p2id":"wooloosupremacy","formatid":"gen9ou","rating":1640,"private":0,"password":""}