{"id":"gen9ou-1997234698","p1":"illneverchooseyou","p2":"summerenaissance","format":"[Gen 9] OU","log":"|j|\u2606illneverchooseyou\n|j|\u2606summerenaissance\n|t:|1700778629\n|gametype|singles\n|player|p1|illneverchooseyou|psychic-gen4|1521\n|player|p2|summerenaissance|iris-gen5bw2|1510\n|teamsize|p1|6\n|teamsize|p2|6\n|gen|9\n|tier|[Gen 9] OU\n|rated|\n|rule|Sleep Clause Mod: Limit one foe put to sleep\n|rule|Species Clause: Limit one of each Pok\u00e9mon\n|rule|OHKO Clause: OHKO moves are banned\n|rule|Evasion Items Clause: Evasion items are banned\n|rule|Evasion Moves Clause: Evasion moves are banned\n|rule|Endless Battle Clause: Forcing endless battles is banned\n|rule|HP Percentage Mod: HP is shown in percentages\n|clearpoke\n|poke|p1|Great Tusk|\n|poke|p1|Ursaluna, F|\n|poke|p1|Munkidori, M|\n|poke|p1|Slowking-Galar, F|\n|poke|p1|Alomomola, F|\n|poke|p1|Amoonguss, M|\n|poke|p2|Rillaboom, F|\n|poke|p2|Garganacl, F|\n|poke|p2|Great Tusk|\n|poke|p2|Heatran, M|\n|poke|p2|Zapdos|\n|poke|p2|Walking Wake|\n|teampreview\n|inactive|Battle timer is ON: inactive players will automatically lose when time's up. (requested by summerenaissance)\n|j| Diarma\n|\n|t:|1700778650\n|start\n|switch|p1a: Munkidori|Munkidori, M|100\/100\n|switch|p2a: Zapdos|Zapdos|100\/100\n|turn|1\n|\n|t:|1700778661\n|switch|p2a: Heatran|Heatran, M|100\/100\n|move|p1a: Munkidori|U-turn|p2a: Heatran\n|-resisted|p2a: Heatran\n|-damage|p2a: Heatran|98\/100\n|-status|p1a: Munkidori|brn|[from] ability: Flame Body|[of] p2a: Heatran\n|\n|t:|1700778673\n|switch|p1a: Great Tusk|Great Tusk|100\/100|[from] U-turn\n|\n|-heal|p2a: Heatran|100\/100|[from] item: Leftovers\n|upkeep\n|turn|2\n|\n|t:|1700778677\n|switch|p2a: Zapdos|Zapdos|100\/100\n|move|p1a: Great Tusk|Stealth Rock|p2a: Zapdos\n|-sidestart|p2: summerenaissance|move: Stealth Rock\n|\n|upkeep\n|turn|3\n|\n|t:|1700778686\n|-end|p1a: Great Tusk|Protosynthesis|[silent]\n|switch|p1a: Slowking|Slowking-Galar, F, shiny|100\/100\n|move|p2a: Zapdos|Hurricane|p1a: Slowking|[miss]\n|-miss|p2a: Zapdos|p1a: Slowking\n|\n|upkeep\n|turn|4\n|\n|t:|1700778691\n|move|p2a: Zapdos|Thunder Wave|p1a: Slowking\n|-status|p1a: Slowking|par\n|move|p1a: Slowking|Future Sight|p2a: Zapdos\n|-start|p1a: Slowking|move: Future Sight\n|\n|upkeep\n|turn|5\n|\n|t:|1700778696\n|move|p2a: Zapdos|Volt Switch|p1a: Slowking\n|-damage|p1a: Slowking|83\/100 par\n|\n|t:|1700778699\n|switch|p2a: Heatran|Heatran, M|100\/100|[from] Volt Switch\n|-damage|p2a: Heatran|88\/100|[from] Stealth Rock\n|move|p1a: Slowking|Chilly Reception|p1a: Slowking\n|-weather|Snow\n|\n|t:|1700778722\n|switch|p1a: Great Tusk|Great Tusk|100\/100|[from] Chilly Reception\n|\n|-weather|Snow|[upkeep]\n|-heal|p2a: Heatran|94\/100|[from] item: Leftovers\n|upkeep\n|turn|6\n|\n|t:|1700778733\n|switch|p2a: Zapdos|Zapdos|100\/100\n|move|p1a: Great Tusk|Ice Spinner|p2a: Zapdos\n|-supereffective|p2a: Zapdos\n|-damage|p2a: Zapdos|46\/100\n|\n|-weather|Snow|[upkeep]\n|-end|p2a: Zapdos|move: Future Sight\n|-damage|p2a: Zapdos|3\/100\n|upkeep\n|turn|7\n|\n|t:|1700778741\n|move|p2a: Zapdos|Roost|p2a: Zapdos\n|-heal|p2a: Zapdos|53\/100\n|-singleturn|p2a: Zapdos|move: Roost\n|move|p1a: Great Tusk|Headlong Rush|p2a: Zapdos\n|-supereffective|p2a: Zapdos\n|-damage|p2a: Zapdos|0 fnt\n|-unboost|p1a: Great Tusk|def|1\n|-unboost|p1a: Great Tusk|spd|1\n|faint|p2a: Zapdos\n|\n|-weather|Snow|[upkeep]\n|upkeep\n|\n|t:|1700778747\n|switch|p2a: Rillaboom|Rillaboom, F|100\/100\n|-damage|p2a: Rillaboom|88\/100|[from] Stealth Rock\n|-fieldstart|move: Grassy Terrain|[from] ability: Grassy Surge|[of] p2a: Rillaboom\n|turn|8\n|\n|t:|1700778756\n|-end|p1a: Great Tusk|Protosynthesis|[silent]\n|switch|p1a: Amoonguss|Amoonguss, M, shiny|100\/100\n|move|p2a: Rillaboom|Knock Off|p1a: Amoonguss\n|-damage|p1a: Amoonguss|54\/100\n|-enditem|p1a: Amoonguss|Eject Pack|[from] move: Knock Off|[of] p2a: Rillaboom\n|\n|-weather|Snow|[upkeep]\n|-heal|p2a: Rillaboom|94\/100|[from] Grassy Terrain\n|-heal|p1a: Amoonguss|60\/100|[from] Grassy Terrain\n|upkeep\n|turn|9\n|\n|t:|1700778765\n|switch|p2a: Heatran|Heatran, M|94\/100\n|-damage|p2a: Heatran|82\/100|[from] Stealth Rock\n|move|p1a: Amoonguss|Foul Play|p2a: Heatran\n|-damage|p2a: Heatran|69\/100\n|-status|p1a: Amoonguss|brn|[from] ability: Flame Body|[of] p2a: Heatran\n|\n|-weather|none\n|-heal|p2a: Heatran|75\/100|[from] Grassy Terrain\n|-heal|p2a: Heatran|81\/100|[from] item: Leftovers\n|-heal|p1a: Amoonguss|66\/100 brn|[from] Grassy Terrain\n|-damage|p1a: Amoonguss|60\/100 brn|[from] brn\n|upkeep\n|turn|10\n|\n|t:|1700778772\n|switch|p1a: Alomomola|Alomomola, F|100\/100\n|move|p2a: Heatran|Stealth Rock|p1a: Alomomola\n|-sidestart|p1: illneverchooseyou|move: Stealth Rock\n|\n|-heal|p2a: Heatran|87\/100|[from] Grassy Terrain\n|-heal|p2a: Heatran|94\/100|[from] item: Leftovers\n|upkeep\n|turn|11\n|\n|t:|1700778776\n|switch|p2a: Walking Wake|Walking Wake|100\/100\n|move|p1a: Alomomola|Flip Turn|p2a: Walking Wake\n|-resisted|p2a: Walking Wake\n|-damage|p2a: Walking Wake|96\/100\n|\n|t:|1700778786\n|switch|p1a: Amoonguss|Amoonguss, M, shiny|93\/100 brn|[from] Flip Turn\n|-damage|p1a: Amoonguss|81\/100 brn|[from] Stealth Rock\n|\n|-heal|p2a: Walking Wake|100\/100|[from] Grassy Terrain\n|-heal|p1a: Amoonguss|87\/100 brn|[from] Grassy Terrain\n|-damage|p1a: Amoonguss|81\/100 brn|[from] brn\n|upkeep\n|turn|12\n|\n|t:|1700778798\n|move|p2a: Walking Wake|Draco Meteor|p1a: Amoonguss\n|-damage|p1a: Amoonguss|30\/100 brn\n|-unboost|p2a: Walking Wake|spa|2\n|move|p1a: Amoonguss|Spore|p2a: Walking Wake\n|-status|p2a: Walking Wake|slp|[from] move: Spore\n|\n|-heal|p1a: Amoonguss|36\/100 brn|[from] Grassy Terrain\n|-damage|p1a: Amoonguss|30\/100 brn|[from] brn\n|-fieldend|move: Grassy Terrain\n|upkeep\n|turn|13\n|\n|t:|1700778808\n|-end|p2a: Walking Wake|Protosynthesis|[silent]\n|switch|p2a: Heatran|Heatran, M|94\/100\n|-damage|p2a: Heatran|81\/100|[from] Stealth Rock\n|switch|p1a: Slowking|Slowking-Galar, F, shiny|100\/100 par\n|-damage|p1a: Slowking|88\/100 par|[from] Stealth Rock\n|\n|-heal|p2a: Heatran|87\/100|[from] item: Leftovers\n|upkeep\n|turn|14\n|\n|t:|1700778813\n|move|p2a: Heatran|Magma Storm|p1a: Slowking\n|-damage|p1a: Slowking|61\/100 par\n|-activate|p1a: Slowking|move: Magma Storm|[of] p2a: Heatran\n|move|p1a: Slowking|Chilly Reception|p1a: Slowking\n|-weather|Snow\n|\n|t:|1700778828\n|switch|p1a: Great Tusk|Great Tusk|100\/100|[from] Chilly Reception\n|\n|-weather|Snow|[upkeep]\n|-heal|p2a: Heatran|94\/100|[from] item: Leftovers\n|upkeep\n|turn|15\n|\n|t:|1700778836\n|switch|p2a: Rillaboom|Rillaboom, F|94\/100\n|-damage|p2a: Rillaboom|82\/100|[from] Stealth Rock\n|-fieldstart|move: Grassy Terrain|[from] ability: Grassy Surge|[of] p2a: Rillaboom\n|move|p1a: Great Tusk|Headlong Rush|p2a: Rillaboom\n|-resisted|p2a: Rillaboom\n|-damage|p2a: Rillaboom|47\/100\n|-unboost|p1a: Great Tusk|def|1\n|-unboost|p1a: Great Tusk|spd|1\n|\n|-weather|Snow|[upkeep]\n|-heal|p2a: Rillaboom|53\/100|[from] Grassy Terrain\n|upkeep\n|turn|16\n|\n|t:|1700778847\n|-end|p1a: Great Tusk|Protosynthesis|[silent]\n|switch|p1a: Amoonguss|Amoonguss, M, shiny|63\/100 brn\n|-damage|p1a: Amoonguss|51\/100 brn|[from] Stealth Rock\n|move|p2a: Rillaboom|U-turn|p1a: Amoonguss\n|-damage|p1a: Amoonguss|13\/100 brn\n|\n|t:|1700778850\n|switch|p2a: Heatran|Heatran, M|94\/100|[from] U-turn\n|-damage|p2a: Heatran|81\/100|[from] Stealth Rock\n|\n|-weather|Snow|[upkeep]\n|-heal|p2a: Heatran|87\/100|[from] Grassy Terrain\n|-heal|p2a: Heatran|94\/100|[from] item: Leftovers\n|-heal|p1a: Amoonguss|19\/100 brn|[from] Grassy Terrain\n|-damage|p1a: Amoonguss|13\/100 brn|[from] brn\n|upkeep\n|turn|17\n|inactive|illneverchooseyou has 120 seconds left.\n|inactive|illneverchooseyou has 90 seconds left.\n|\n|t:|1700778937\n|switch|p1a: Alomomola|Alomomola, F|100\/100\n|-damage|p1a: Alomomola|88\/100|[from] Stealth Rock\n|move|p2a: Heatran|Earth Power|p1a: Alomomola\n|-damage|p1a: Alomomola|60\/100\n|-unboost|p1a: Alomomola|spd|1\n|\n|-weather|Snow|[upkeep]\n|-heal|p2a: Heatran|99\/100|[from] Grassy Terrain\n|-heal|p2a: Heatran|100\/100|[from] item: Leftovers\n|-heal|p1a: Alomomola|66\/100|[from] Grassy Terrain\n|upkeep\n|turn|18\n|inactive|summerenaissance has 120 seconds left.\n|\n|t:|1700778997\n|switch|p2a: Garganacl|Garganacl, F|100\/100\n|-damage|p2a: Garganacl|88\/100|[from] Stealth Rock\n|move|p1a: Alomomola|Flip Turn|p2a: Garganacl\n|-supereffective|p2a: Garganacl\n|-damage|p2a: Garganacl|66\/100\n|inactive|illneverchooseyou has 60 seconds left.\n|\n|t:|1700779025\n|switch|p1a: Amoonguss|Amoonguss, M, shiny|46\/100 brn|[from] Flip Turn\n|-damage|p1a: Amoonguss|34\/100 brn|[from] Stealth Rock\n|\n|-weather|none\n|-heal|p2a: Garganacl|73\/100|[from] Grassy Terrain\n|-heal|p2a: Garganacl|79\/100|[from] item: Leftovers\n|-heal|p1a: Amoonguss|40\/100 brn|[from] Grassy Terrain\n|-damage|p1a: Amoonguss|34\/100 brn|[from] brn\n|upkeep\n|turn|19\n|\n|t:|1700779044\n|switch|p2a: Heatran|Heatran, M|100\/100\n|-damage|p2a: Heatran|88\/100|[from] Stealth Rock\n|switch|p1a: Alomomola|Alomomola, F|99\/100\n|-damage|p1a: Alomomola|87\/100|[from] Stealth Rock\n|\n|-heal|p2a: Heatran|94\/100|[from] Grassy Terrain\n|-heal|p2a: Heatran|100\/100|[from] item: Leftovers\n|-heal|p1a: Alomomola|93\/100|[from] Grassy Terrain\n|-fieldend|move: Grassy Terrain\n|upkeep\n|turn|20\n|\n|t:|1700779053\n|switch|p2a: Walking Wake|Walking Wake|100\/100 slp\n|move|p1a: Alomomola|Flip Turn|p2a: Walking Wake\n|-resisted|p2a: Walking Wake\n|-damage|p2a: Walking Wake|96\/100 slp\n|inactive|illneverchooseyou has 60 seconds left.\n|-message|summerenaissance forfeited.\n|\n|win|illneverchooseyou\n|raw|illneverchooseyou's rating: 1521 &rarr; <strong>1540<\/strong><br \/>(+19 for winning)\n|raw|summerenaissance's rating: 1510 &rarr; <strong>1491<\/strong><br \/>(-19 for losing)\n|l|\u2606summerenaissance\n","uploadtime":1700779278,"views":5,"p1id":"illneverchooseyou","p2id":"summerenaissance","formatid":"gen9ou","rating":1491,"private":0,"password":""}