{"id":"gen9ou-1991911150","p1":"sir sardou","p2":"Plukon T","format":"[Gen 9] OU","log":"|j|\u2606sir sardou\n|j|\u2606Plukon T\n|inactive|Battle timer is ON: inactive players will automatically lose when time's up.\n|t:|1700137123\n|gametype|singles\n|player|p1|sir sardou|veteran|\n|player|p2|Plukon T|erika-masters2|\n|teamsize|p1|6\n|teamsize|p2|6\n|gen|9\n|tier|[Gen 9] OU\n|rated|Tournament battle\n|rule|Sleep Clause Mod: Limit one foe put to sleep\n|rule|Species Clause: Limit one of each Pok\u00e9mon\n|rule|OHKO Clause: OHKO moves are banned\n|rule|Evasion Items Clause: Evasion items are banned\n|rule|Evasion Moves Clause: Evasion moves are banned\n|rule|Endless Battle Clause: Forcing endless battles is banned\n|rule|HP Percentage Mod: HP is shown in percentages\n|clearpoke\n|poke|p1|Samurott-Hisui, M|\n|poke|p1|Gholdengo|\n|poke|p1|Ceruledge, F|\n|poke|p1|Rillaboom, M|\n|poke|p1|Zamazenta-*|\n|poke|p1|Great Tusk|\n|poke|p2|Great Tusk|\n|poke|p2|Hatterene, F|\n|poke|p2|Ribombee, M|\n|poke|p2|Regidrago|\n|poke|p2|Gholdengo|\n|poke|p2|Ogerpon-Cornerstone, F|\n|teampreview\n|inactive|Plukon T also wants the timer to be on.\n|c|\u2606Plukon T|glhf\n|j| sheluvsiman\n|c|\u2606sir sardou|too!\n|\n|t:|1700137150\n|start\n|switch|p1a: Gholdengo|Gholdengo|100\/100\n|switch|p2a: Ribombee|Ribombee, M|100\/100\n|turn|1\n|\n|t:|1700137152\n|move|p1a: Gholdengo|Trick|p2a: Ribombee\n|-activate|p1a: Gholdengo|move: Trick|[of] p2a: Ribombee\n|-item|p2a: Ribombee|Choice Scarf|[from] move: Trick\n|-item|p1a: Gholdengo|Focus Sash|[from] move: Trick\n|move|p2a: Ribombee|Sticky Web|p1a: Gholdengo\n|-sidestart|p1: sir sardou|move: Sticky Web\n|\n|upkeep\n|turn|2\n|\n|t:|1700137176\n|switch|p2a: Great Tusk|Great Tusk|100\/100\n|move|p1a: Gholdengo|Make It Rain|p2a: Great Tusk\n|-damage|p2a: Great Tusk|8\/100\n|-unboost|p1a: Gholdengo|spa|1\n|\n|-heal|p2a: Great Tusk|14\/100|[from] item: Leftovers\n|upkeep\n|turn|3\n|j| Eliprogamer\n|\n|t:|1700137188\n|switch|p1a: Great Tusk|Great Tusk|100\/100\n|-activate|p1a: Great Tusk|move: Sticky Web\n|-unboost|p1a: Great Tusk|spe|1\n|-enditem|p1a: Great Tusk|Booster Energy\n|-activate|p1a: Great Tusk|ability: Protosynthesis|[fromitem]\n|-start|p1a: Great Tusk|protosynthesisdef\n|move|p2a: Great Tusk|Headlong Rush|p1a: Great Tusk\n|-damage|p1a: Great Tusk|69\/100\n|-unboost|p2a: Great Tusk|def|1\n|-unboost|p2a: Great Tusk|spd|1\n|\n|-heal|p2a: Great Tusk|20\/100|[from] item: Leftovers\n|upkeep\n|turn|4\n|\n|t:|1700137192\n|-end|p2a: Great Tusk|Protosynthesis|[silent]\n|switch|p2a: Gholdengo|Gholdengo|100\/100\n|-item|p2a: Gholdengo|Air Balloon\n|move|p1a: Great Tusk|Rapid Spin|p2a: Gholdengo\n|-immune|p2a: Gholdengo\n|\n|upkeep\n|turn|5\n|\n|t:|1700137203\n|-end|p1a: Great Tusk|Protosynthesis|[silent]\n|switch|p1a: Gholdengo|Gholdengo|100\/100\n|-activate|p1a: Gholdengo|move: Sticky Web\n|-unboost|p1a: Gholdengo|spe|1\n|move|p2a: Gholdengo|Make It Rain|p1a: Gholdengo\n|-resisted|p1a: Gholdengo\n|-damage|p1a: Gholdengo|66\/100\n|-unboost|p2a: Gholdengo|spa|1\n|\n|upkeep\n|turn|6\n|\n|t:|1700137207\n|move|p2a: Gholdengo|Shadow Ball|p1a: Gholdengo\n|-supereffective|p1a: Gholdengo\n|-damage|p1a: Gholdengo|0 fnt\n|faint|p1a: Gholdengo\n|\n|upkeep\n|\n|t:|1700137211\n|switch|p1a: Samurott|Samurott-Hisui, M, shiny|100\/100\n|-activate|p1a: Samurott|move: Sticky Web\n|-unboost|p1a: Samurott|spe|1\n|turn|7\n|l| Eliprogamer\n|c|\u2606sir sardou|lol didn't know protosynthesis activated after webs\n|\n|t:|1700137238\n|switch|p2a: Hatterene|Hatterene, F|100\/100\n|move|p1a: Samurott|Swords Dance|p1a: Samurott\n|-boost|p1a: Samurott|atk|2\n|\n|upkeep\n|turn|8\n|\n|t:|1700137247\n|-terastallize|p1a: Samurott|Electric\n|move|p1a: Samurott|Ceaseless Edge|p2a: Hatterene\n|-crit|p2a: Hatterene\n|-damage|p2a: Hatterene|0 fnt\n|-sidestart|p2: Plukon T|Spikes\n|faint|p2a: Hatterene\n|\n|upkeep\n|l| sheluvsiman\n|\n|t:|1700137254\n|switch|p2a: Great Tusk|Great Tusk|20\/100\n|-damage|p2a: Great Tusk|8\/100|[from] Spikes\n|turn|9\n|\n|t:|1700137263\n|move|p1a: Samurott|Sucker Punch|p2a: Great Tusk\n|-resisted|p2a: Great Tusk\n|-damage|p2a: Great Tusk|0 fnt\n|faint|p2a: Great Tusk\n|-end|p2a: Great Tusk|Protosynthesis|[silent]\n|\n|upkeep\n|\n|t:|1700137275\n|switch|p2a: Ribombee|Ribombee, M|100\/100\n|-damage|p2a: Ribombee|88\/100|[from] Spikes\n|turn|10\n|\n|t:|1700137280\n|move|p2a: Ribombee|Moonblast|p1a: Samurott\n|-damage|p1a: Samurott|48\/100\n|move|p1a: Samurott|Aqua Cutter|p2a: Ribombee\n|-damage|p2a: Ribombee|0 fnt\n|faint|p2a: Ribombee\n|\n|upkeep\n|\n|t:|1700137290\n|switch|p2a: Ogerpon|Ogerpon-Cornerstone, F|100\/100\n|-damage|p2a: Ogerpon|88\/100|[from] Spikes\n|turn|11\n|\n|t:|1700137297\n|-terastallize|p2a: Ogerpon|Rock\n|detailschange|p2a: Ogerpon|Ogerpon-Cornerstone-Tera, F, tera:Rock\n|-ability|p2a: Ogerpon|Embody Aspect (Cornerstone)|boost\n|-boost|p2a: Ogerpon|def|1\n|move|p1a: Samurott|Sucker Punch|p2a: Ogerpon\n|-damage|p2a: Ogerpon|20\/100\n|move|p2a: Ogerpon|Ivy Cudgel|p1a: Samurott|[anim] Ivy Cudgel Rock\n|-damage|p1a: Samurott|0 fnt\n|faint|p1a: Samurott\n|\n|upkeep\n|\n|t:|1700137302\n|switch|p1a: Great Tusk|Great Tusk|69\/100\n|-activate|p1a: Great Tusk|move: Sticky Web\n|-unboost|p1a: Great Tusk|spe|1\n|turn|12\n|\n|t:|1700137309\n|move|p2a: Ogerpon|Power Whip|p1a: Great Tusk|[miss]\n|-miss|p2a: Ogerpon|p1a: Great Tusk\n|move|p1a: Great Tusk|Rapid Spin|p2a: Ogerpon\n|-resisted|p2a: Ogerpon\n|-damage|p2a: Ogerpon|14\/100\n|-boost|p1a: Great Tusk|spe|1\n|-sideend|p1: sir sardou|Sticky Web|[from] move: Rapid Spin|[of] p1a: Great Tusk\n|\n|upkeep\n|turn|13\n|j| SandySubway\n|\n|t:|1700137317\n|-end|p1a: Great Tusk|Protosynthesis|[silent]\n|switch|p1a: Rillaboom|Rillaboom, M|100\/100\n|-fieldstart|move: Grassy Terrain|[from] ability: Grassy Surge|[of] p1a: Rillaboom\n|move|p2a: Ogerpon|Power Whip|p1a: Rillaboom\n|-resisted|p1a: Rillaboom\n|-damage|p1a: Rillaboom|54\/100\n|\n|-heal|p2a: Ogerpon|20\/100|[from] Grassy Terrain\n|-heal|p1a: Rillaboom|60\/100|[from] Grassy Terrain\n|upkeep\n|turn|14\n|l| SandySubway\n|\n|t:|1700137344\n|switch|p2a: Gholdengo|Gholdengo|100\/100\n|-item|p2a: Gholdengo|Air Balloon\n|move|p1a: Rillaboom|Grassy Glide|p2a: Gholdengo\n|-resisted|p2a: Gholdengo\n|-damage|p2a: Gholdengo|74\/100\n|-enditem|p2a: Gholdengo|Air Balloon\n|-damage|p1a: Rillaboom|50\/100|[from] item: Life Orb\n|\n|-heal|p1a: Rillaboom|56\/100|[from] Grassy Terrain\n|-heal|p2a: Gholdengo|80\/100|[from] Grassy Terrain\n|upkeep\n|turn|15\n|j| TheNewBrends11\n|\n|t:|1700137361\n|move|p1a: Rillaboom|Knock Off|p2a: Gholdengo\n|-supereffective|p2a: Gholdengo\n|-damage|p2a: Gholdengo|15\/100\n|-damage|p1a: Rillaboom|46\/100|[from] item: Life Orb\n|move|p2a: Gholdengo|Shadow Ball|p1a: Rillaboom\n|-damage|p1a: Rillaboom|0 fnt\n|faint|p1a: Rillaboom\n|\n|-heal|p2a: Gholdengo|21\/100|[from] Grassy Terrain\n|upkeep\n|\n|t:|1700137374\n|switch|p1a: Ceruledge|Ceruledge, F|100\/100\n|turn|16\n|\n|t:|1700137377\n|move|p1a: Ceruledge|Shadow Sneak|p2a: Gholdengo\n|-supereffective|p2a: Gholdengo\n|-damage|p2a: Gholdengo|0 fnt\n|faint|p2a: Gholdengo\n|\n|upkeep\n|\n|t:|1700137381\n|switch|p2a: Regidrago|Regidrago|100\/100\n|-damage|p2a: Regidrago|88\/100|[from] Spikes\n|turn|17\n|\n|t:|1700137395\n|move|p1a: Ceruledge|Swords Dance|p1a: Ceruledge\n|-boost|p1a: Ceruledge|atk|2\n|move|p2a: Regidrago|Draco Meteor|p1a: Ceruledge\n|-enditem|p1a: Ceruledge|Focus Sash\n|-damage|p1a: Ceruledge|1\/100\n|-unboost|p2a: Regidrago|spa|2\n|\n|-heal|p1a: Ceruledge|7\/100|[from] Grassy Terrain\n|-heal|p2a: Regidrago|94\/100|[from] Grassy Terrain\n|-fieldend|move: Grassy Terrain\n|upkeep\n|turn|18\n|\n|t:|1700137399\n|move|p1a: Ceruledge|Destiny Bond|p1a: Ceruledge\n|-singlemove|p1a: Ceruledge|Destiny Bond\n|move|p2a: Regidrago|Draco Meteor|p1a: Ceruledge|[miss]\n|-miss|p2a: Regidrago|p1a: Ceruledge\n|\n|upkeep\n|turn|19\n|c|\u2606sir sardou|lol\n|\n|t:|1700137411\n|move|p1a: Ceruledge|Bitter Blade|p2a: Regidrago\n|-resisted|p2a: Regidrago\n|-damage|p2a: Regidrago|46\/100\n|-heal|p1a: Ceruledge|52\/100|[from] drain|[of] p2a: Regidrago\n|move|p2a: Regidrago|Draco Meteor|p1a: Ceruledge\n|-damage|p1a: Ceruledge|0 fnt\n|-unboost|p2a: Regidrago|spa|2\n|faint|p1a: Ceruledge\n|\n|upkeep\n|\n|t:|1700137415\n|switch|p1a: Zamazenta|Zamazenta|100\/100\n|-ability|p1a: Zamazenta|Dauntless Shield|boost\n|-boost|p1a: Zamazenta|def|1\n|turn|20\n|\n|t:|1700137419\n|move|p1a: Zamazenta|Iron Defense|p1a: Zamazenta\n|-boost|p1a: Zamazenta|def|2\n|move|p2a: Regidrago|Draco Meteor|p1a: Zamazenta\n|-damage|p1a: Zamazenta|60\/100\n|-unboost|p2a: Regidrago|spa|2\n|\n|-heal|p1a: Zamazenta|66\/100|[from] item: Leftovers\n|upkeep\n|turn|21\n|\n|t:|1700137423\n|move|p1a: Zamazenta|Body Press|p2a: Regidrago\n|-damage|p2a: Regidrago|0 fnt\n|faint|p2a: Regidrago\n|\n|-heal|p1a: Zamazenta|72\/100|[from] item: Leftovers\n|upkeep\n|\n|t:|1700137425\n|switch|p2a: Ogerpon|Ogerpon-Cornerstone-Tera, F, tera:Rock|20\/100\n|-damage|p2a: Ogerpon|8\/100|[from] Spikes\n|-ability|p2a: Ogerpon|Embody Aspect (Cornerstone)|boost\n|-boost|p2a: Ogerpon|def|1\n|turn|22\n|c| TheNewBrends11|edge couldn't even take a -2 DM? wow\n|c|\u2606sir sardou|gg\n|\n|t:|1700137445\n|move|p1a: Zamazenta|Body Press|p2a: Ogerpon\n|-supereffective|p2a: Ogerpon\n|-damage|p2a: Ogerpon|0 fnt\n|faint|p2a: Ogerpon\n|\n|win|sir sardou\n|n|\u2606sir sardou|sirsardou\n|n|\u2606Plukon T|plukont\n|n| TheNewBrends11|thenewbrends11\n|c|\u2606Plukon T|gg\n","uploadtime":1700137448,"views":11,"p1id":"sirsardou","p2id":"plukont","formatid":"gen9ou","rating":0,"private":0,"password":""}