{"id":"gen9ou-1989882027","p1":"JoseFigueiras","p2":"ass random name","format":"[Gen 9] OU","log":"|j|\u2606JoseFigueiras\n|j|\u2606ass random name\n|inactive|Battle timer is ON: inactive players will automatically lose when time's up.\n|j|*Lady Monita \u2746\n|t:|1699903570\n|gametype|singles\n|player|p1|JoseFigueiras|266|\n|player|p2|ass random name|101|\n|teamsize|p1|3\n|teamsize|p2|3\n|gen|9\n|tier|[Gen 9] OU\n|rated|Tournament battle\n|rule|Sleep Clause Mod: Limit one foe put to sleep\n|rule|Species Clause: Limit one of each Pok\u00e9mon\n|rule|OHKO Clause: OHKO moves are banned\n|rule|Evasion Items Clause: Evasion items are banned\n|rule|Evasion Moves Clause: Evasion moves are banned\n|rule|Endless Battle Clause: Forcing endless battles is banned\n|rule|HP Percentage Mod: HP is shown in percentages\n|clearpoke\n|poke|p1|Tinkatink, F|\n|poke|p1|Shelgon, F|\n|poke|p1|Diglett-Alola, M|\n|poke|p2|Kilowattrel, M|\n|poke|p2|Maschiff, F|\n|poke|p2|Smoliv, F|\n|teampreview\n|\n|t:|1699903579\n|start\n|switch|p1a: Tinkatink|Tinkatink, F|100\/100\n|switch|p2a: Smoliv|Smoliv, F|100\/100\n|turn|1\n|\n|t:|1699903585\n|move|p1a: Tinkatink|Stealth Rock|p2a: Smoliv\n|-sidestart|p2: ass random name|move: Stealth Rock\n|move|p2a: Smoliv|Giga Drain|p1a: Tinkatink\n|-resisted|p1a: Tinkatink\n|-damage|p1a: Tinkatink|92\/100\n|\n|upkeep\n|turn|2\n|\n|t:|1699903588\n|move|p1a: Tinkatink|Knock Off|p2a: Smoliv\n|-damage|p2a: Smoliv|59\/100\n|-enditem|p2a: Smoliv|Leftovers|[from] move: Knock Off|[of] p1a: Tinkatink\n|move|p2a: Smoliv|Giga Drain|p1a: Tinkatink\n|-resisted|p1a: Tinkatink\n|-damage|p1a: Tinkatink|82\/100\n|-heal|p2a: Smoliv|64\/100|[from] drain|[of] p1a: Tinkatink\n|\n|upkeep\n|turn|3\n|\n|t:|1699903593\n|move|p1a: Tinkatink|Play Rough|p2a: Smoliv\n|-crit|p2a: Smoliv\n|-damage|p2a: Smoliv|0 fnt\n|faint|p2a: Smoliv\n|\n|upkeep\n|\n|t:|1699903600\n|switch|p2a: Kilowattrel|Kilowattrel, M|100\/100\n|turn|4\n|\n|t:|1699903605\n|-terastallize|p2a: Kilowattrel|Ground\n|move|p2a: Kilowattrel|Tera Blast|p1a: Tinkatink|[anim] Tera Blast Ground\n|-supereffective|p1a: Tinkatink\n|-damage|p1a: Tinkatink|9\/100\n|move|p1a: Tinkatink|Knock Off|p2a: Kilowattrel\n|-damage|p2a: Kilowattrel|63\/100\n|-enditem|p2a: Kilowattrel|Heavy-Duty Boots|[from] move: Knock Off|[of] p1a: Tinkatink\n|\n|upkeep\n|turn|5\n|\n|t:|1699903613\n|move|p2a: Kilowattrel|Thunderbolt|p1a: Tinkatink\n|-damage|p1a: Tinkatink|0 fnt\n|faint|p1a: Tinkatink\n|\n|upkeep\n|\n|t:|1699903628\n|switch|p1a: Shelgon|Shelgon, F|100\/100\n|turn|6\n|\n|t:|1699903631\n|move|p2a: Kilowattrel|Hurricane|p1a: Shelgon\n|-damage|p1a: Shelgon|19\/100\n|-start|p1a: Shelgon|confusion\n|-activate|p1a: Shelgon|confusion\n|move|p1a: Shelgon|Dragon Dance|p1a: Shelgon\n|-boost|p1a: Shelgon|atk|1\n|-boost|p1a: Shelgon|spe|1\n|\n|upkeep\n|turn|7\n|\n|t:|1699903638\n|-terastallize|p1a: Shelgon|Dragon\n|move|p2a: Kilowattrel|Tera Blast|p1a: Shelgon|[anim] Tera Blast Ground\n|-damage|p1a: Shelgon|0 fnt\n|faint|p1a: Shelgon\n|\n|upkeep\n|\n|t:|1699903641\n|switch|p1a: Diglett|Diglett-Alola, M|100\/100\n|turn|8\n|\n|t:|1699903649\n|move|p1a: Diglett|Sucker Punch|p2a: Kilowattrel\n|-damage|p2a: Kilowattrel|30\/100\n|-damage|p1a: Diglett|91\/100|[from] item: Life Orb\n|move|p2a: Kilowattrel|Tera Blast|p1a: Diglett|[anim] Tera Blast Ground\n|-supereffective|p1a: Diglett\n|-damage|p1a: Diglett|0 fnt\n|faint|p1a: Diglett\n|\n|win|ass random name\n|n|\u2606JoseFigueiras|josefigueiras\n|n|\u2606ass random name|assrandomname\n|n|*Lady Monita \u2746|ladymonita\n|l|*Lady Monita \u2746\n|l|\u2606JoseFigueiras\n","uploadtime":1699903653,"views":10,"p1id":"josefigueiras","p2id":"assrandomname","formatid":"gen9ou","rating":0,"private":0,"password":""}