{"id":"gen9ou-1991582537","p1":"littensalt","p2":"hit my whip","format":"[Gen 9] OU","log":"|j|\u2606littensalt\n|j|\u2606hit my whip\n|t:|1700090819\n|gametype|singles\n|player|p1|littensalt|calem|1369\n|player|p2|hit my whip|acetrainerf-gen4dp|1347\n|teamsize|p1|6\n|teamsize|p2|6\n|gen|9\n|tier|[Gen 9] OU\n|rated|\n|rule|Sleep Clause Mod: Limit one foe put to sleep\n|rule|Species Clause: Limit one of each Pok\u00e9mon\n|rule|OHKO Clause: OHKO moves are banned\n|rule|Evasion Items Clause: Evasion items are banned\n|rule|Evasion Moves Clause: Evasion moves are banned\n|rule|Endless Battle Clause: Forcing endless battles is banned\n|rule|HP Percentage Mod: HP is shown in percentages\n|clearpoke\n|poke|p1|Thundurus-Therian, M|\n|poke|p1|Weezing-Galar, M|\n|poke|p1|Cinderace, M|\n|poke|p1|Dragapult, M|\n|poke|p1|Greninja-*, M|\n|poke|p1|Zamazenta-*|\n|poke|p2|Sneasler, F|\n|poke|p2|Rillaboom, M|\n|poke|p2|Heatran, M|\n|poke|p2|Alomomola, F|\n|poke|p2|Great Tusk|\n|poke|p2|Clefable, F|\n|teampreview\n|inactive|Battle timer is ON: inactive players will automatically lose when time's up. (requested by hit my whip)\n|\n|t:|1700090828\n|start\n|switch|p1a: 5g|Thundurus-Therian, M, shiny|100\/100\n|switch|p2a: Clefable|Clefable, F|100\/100\n|turn|1\n|\n|t:|1700090853\n|move|p1a: 5g|Tera Blast|p2a: Clefable\n|-damage|p2a: Clefable|69\/100\n|move|p2a: Clefable|Stealth Rock|p1a: 5g\n|-sidestart|p1: littensalt|move: Stealth Rock\n|\n|-heal|p2a: Clefable|75\/100|[from] item: Leftovers\n|upkeep\n|turn|2\n|\n|t:|1700090860\n|switch|p1a: wheezy outta here|Weezing-Galar, M, shiny|100\/100\n|-ability|p1a: wheezy outta here|Neutralizing Gas\n|-damage|p1a: wheezy outta here|88\/100|[from] Stealth Rock\n|move|p2a: Clefable|Moonblast|p1a: wheezy outta here\n|-resisted|p1a: wheezy outta here\n|-damage|p1a: wheezy outta here|67\/100\n|\n|-heal|p2a: Clefable|81\/100|[from] item: Leftovers\n|upkeep\n|turn|3\n|\n|t:|1700090867\n|switch|p2a: Heatran|Heatran, M|100\/100\n|move|p1a: wheezy outta here|Will-O-Wisp|p2a: Heatran\n|-immune|p2a: Heatran\n|\n|upkeep\n|turn|4\n|\n|t:|1700090877\n|-end|p1a: wheezy outta here|ability: Neutralizing Gas\n|switch|p1a: FRANCHISE|Cinderace, M|100\/100\n|move|p2a: Heatran|Magma Storm|p1a: FRANCHISE\n|-resisted|p1a: FRANCHISE\n|-damage|p1a: FRANCHISE|70\/100\n|-activate|p1a: FRANCHISE|move: Magma Storm|[of] p2a: Heatran\n|\n|-damage|p1a: FRANCHISE|57\/100|[from] move: Magma Storm|[partiallytrapped]\n|upkeep\n|turn|5\n|\n|t:|1700090883\n|move|p1a: FRANCHISE|Court Change|p1a: FRANCHISE\n|-start|p1a: FRANCHISE|typechange|Normal|[from] ability: Libero\n|-swapsideconditions\n|-activate|p1a: FRANCHISE|move: Court Change\n|move|p2a: Heatran|Earth Power|p1a: FRANCHISE\n|-damage|p1a: FRANCHISE|19\/100\n|\n|-damage|p1a: FRANCHISE|7\/100|[from] move: Magma Storm|[partiallytrapped]\n|upkeep\n|turn|6\n|\n|t:|1700090886\n|move|p2a: Heatran|Protect|p2a: Heatran\n|-singleturn|p2a: Heatran|Protect\n|move|p1a: FRANCHISE|U-turn|p2a: Heatran\n|-activate|p2a: Heatran|move: Protect\n|\n|-damage|p1a: FRANCHISE|0 fnt|[from] move: Magma Storm|[partiallytrapped]\n|faint|p1a: FRANCHISE\n|upkeep\n|\n|t:|1700090904\n|switch|p1a: KIDS SEE GHOST|Dragapult, M, shiny|100\/100\n|turn|7\n|\n|t:|1700090911\n|move|p1a: KIDS SEE GHOST|U-turn|p2a: Heatran\n|-resisted|p2a: Heatran\n|-damage|p2a: Heatran|97\/100\n|\n|t:|1700090913\n|switch|p1a: 5g|Thundurus-Therian, M, shiny|100\/100|[from] U-turn\n|move|p2a: Heatran|Magma Storm|p1a: 5g|[miss]\n|-miss|p2a: Heatran|p1a: 5g\n|\n|-heal|p2a: Heatran|100\/100|[from] item: Leftovers\n|upkeep\n|turn|8\n|\n|t:|1700090918\n|move|p1a: 5g|Volt Switch|p2a: Heatran\n|-damage|p2a: Heatran|57\/100\n|\n|t:|1700090920\n|switch|p1a: N95|Greninja, M|100\/100|[from] Volt Switch\n|move|p2a: Heatran|Magma Storm|p1a: N95\n|-resisted|p1a: N95\n|-damage|p1a: N95|69\/100\n|-activate|p1a: N95|move: Magma Storm|[of] p2a: Heatran\n|\n|-heal|p2a: Heatran|63\/100|[from] item: Leftovers\n|-damage|p1a: N95|57\/100|[from] move: Magma Storm|[partiallytrapped]\n|upkeep\n|turn|9\n|\n|t:|1700090926\n|move|p2a: Heatran|Protect|p2a: Heatran\n|-singleturn|p2a: Heatran|Protect\n|move|p1a: N95|Hydro Pump|p2a: Heatran\n|-activate|p2a: Heatran|move: Protect\n|\n|-heal|p2a: Heatran|69\/100|[from] item: Leftovers\n|-damage|p1a: N95|44\/100|[from] move: Magma Storm|[partiallytrapped]\n|upkeep\n|turn|10\n|\n|t:|1700090929\n|switch|p2a: Alomomola|Alomomola, F|100\/100\n|move|p1a: N95|Hydro Pump|p2a: Alomomola|[miss]\n|-miss|p1a: N95|p2a: Alomomola\n|\n|-end|p1a: N95|Magma Storm|[partiallytrapped]|[silent]\n|upkeep\n|turn|11\n|\n|t:|1700090933\n|switch|p1a: wheezy outta here|Weezing-Galar, M, shiny|67\/100\n|-ability|p1a: wheezy outta here|Neutralizing Gas\n|move|p2a: Alomomola|Protect||[still]\n|-fail|p2a: Alomomola\n|\n|upkeep\n|turn|12\n|\n|t:|1700090940\n|move|p1a: wheezy outta here|Pain Split|p2a: Alomomola\n|-sethp|p2a: Alomomola|71\/100|[from] move: Pain Split|[silent]\n|-sethp|p1a: wheezy outta here|100\/100|[from] move: Pain Split\n|move|p2a: Alomomola|Flip Turn|p1a: wheezy outta here\n|-damage|p1a: wheezy outta here|89\/100\n|-damage|p2a: Alomomola|54\/100|[from] item: Rocky Helmet|[of] p1a: wheezy outta here\n|\n|t:|1700090945\n|switch|p2a: Great Tusk|Great Tusk|100\/100|[from] Flip Turn\n|-damage|p2a: Great Tusk|98\/100|[from] Stealth Rock\n|\n|-heal|p2a: Great Tusk|100\/100|[from] item: Leftovers\n|upkeep\n|turn|13\n|\n|t:|1700090947\n|move|p2a: Great Tusk|Rapid Spin|p1a: wheezy outta here\n|-damage|p1a: wheezy outta here|78\/100\n|-boost|p2a: Great Tusk|spe|1\n|-damage|p2a: Great Tusk|84\/100|[from] item: Rocky Helmet|[of] p1a: wheezy outta here\n|-sideend|p2: hit my whip|Stealth Rock|[from] move: Rapid Spin|[of] p2a: Great Tusk\n|move|p1a: wheezy outta here|Will-O-Wisp|p2a: Great Tusk\n|-status|p2a: Great Tusk|brn\n|\n|-heal|p2a: Great Tusk|90\/100 brn|[from] item: Leftovers\n|-damage|p2a: Great Tusk|84\/100 brn|[from] brn\n|upkeep\n|turn|14\n|\n|t:|1700090950\n|-end|p2a: Great Tusk|Protosynthesis|[silent]\n|switch|p2a: Clefable|Clefable, F|81\/100\n|move|p1a: wheezy outta here|Pain Split|p2a: Clefable\n|-sethp|p2a: Clefable|73\/100|[from] move: Pain Split|[silent]\n|-sethp|p1a: wheezy outta here|87\/100|[from] move: Pain Split\n|\n|-heal|p2a: Clefable|79\/100|[from] item: Leftovers\n|upkeep\n|turn|15\n|\n|t:|1700090957\n|-end|p1a: wheezy outta here|ability: Neutralizing Gas\n|switch|p1a: 5g|Thundurus-Therian, M, shiny|100\/100\n|move|p2a: Clefable|Stealth Rock|p1a: 5g\n|-sidestart|p1: littensalt|move: Stealth Rock\n|\n|-heal|p2a: Clefable|85\/100|[from] item: Leftovers\n|upkeep\n|turn|16\n|\n|t:|1700090966\n|switch|p2a: Great Tusk|Great Tusk|84\/100 brn\n|move|p1a: 5g|Volt Switch|p2a: Great Tusk\n|-immune|p2a: Great Tusk\n|\n|-heal|p2a: Great Tusk|90\/100 brn|[from] item: Leftovers\n|-damage|p2a: Great Tusk|84\/100 brn|[from] brn\n|upkeep\n|turn|17\n|\n|t:|1700090968\n|switch|p1a: wheezy outta here|Weezing-Galar, M, shiny|87\/100\n|-ability|p1a: wheezy outta here|Neutralizing Gas\n|-damage|p1a: wheezy outta here|75\/100|[from] Stealth Rock\n|move|p2a: Great Tusk|Knock Off|p1a: wheezy outta here\n|-resisted|p1a: wheezy outta here\n|-damage|p1a: wheezy outta here|69\/100\n|-damage|p2a: Great Tusk|68\/100 brn|[from] item: Rocky Helmet|[of] p1a: wheezy outta here\n|-enditem|p1a: wheezy outta here|Rocky Helmet|[from] move: Knock Off|[of] p2a: Great Tusk\n|\n|-heal|p2a: Great Tusk|74\/100 brn|[from] item: Leftovers\n|-damage|p2a: Great Tusk|68\/100 brn|[from] brn\n|upkeep\n|turn|18\n|\n|t:|1700090977\n|-end|p2a: Great Tusk|Protosynthesis|[silent]\n|switch|p2a: Alomomola|Alomomola, F|54\/100\n|move|p1a: wheezy outta here|Pain Split|p2a: Alomomola\n|-sethp|p2a: Alomomola|49\/100|[from] move: Pain Split|[silent]\n|-sethp|p1a: wheezy outta here|78\/100|[from] move: Pain Split\n|\n|upkeep\n|turn|19\n|\n|t:|1700090979\n|move|p1a: wheezy outta here|Strange Steam|p2a: Alomomola\n|-crit|p2a: Alomomola\n|-damage|p2a: Alomomola|1\/100\n|-start|p2a: Alomomola|confusion\n|-activate|p2a: Alomomola|confusion\n|move|p2a: Alomomola|Wish|p2a: Alomomola\n|\n|upkeep\n|turn|20\n|\n|t:|1700090990\n|-activate|p2a: Alomomola|confusion\n|move|p2a: Alomomola|Protect|p2a: Alomomola\n|-singleturn|p2a: Alomomola|Protect\n|move|p1a: wheezy outta here|Pain Split|p2a: Alomomola\n|-activate|p2a: Alomomola|move: Protect\n|\n|-heal|p2a: Alomomola|51\/100|[from] move: Wish|[wisher] Alomomola\n|upkeep\n|turn|21\n|\n|t:|1700090994\n|switch|p2a: Heatran|Heatran, M|69\/100\n|move|p1a: wheezy outta here|Strange Steam|p2a: Heatran\n|-resisted|p2a: Heatran\n|-damage|p2a: Heatran|66\/100\n|\n|-heal|p2a: Heatran|72\/100|[from] item: Leftovers\n|upkeep\n|turn|22\n|\n|t:|1700091002\n|move|p2a: Heatran|Magma Storm|p1a: wheezy outta here\n|-damage|p1a: wheezy outta here|16\/100\n|-activate|p1a: wheezy outta here|move: Magma Storm|[of] p2a: Heatran\n|move|p1a: wheezy outta here|Pain Split|p2a: Heatran\n|-sethp|p2a: Heatran|42\/100|[from] move: Pain Split|[silent]\n|-sethp|p1a: wheezy outta here|49\/100|[from] move: Pain Split\n|\n|-heal|p2a: Heatran|49\/100|[from] item: Leftovers\n|-damage|p1a: wheezy outta here|37\/100|[from] move: Magma Storm|[partiallytrapped]\n|upkeep\n|turn|23\n|\n|t:|1700091007\n|move|p2a: Heatran|Earth Power|p1a: wheezy outta here\n|-supereffective|p1a: wheezy outta here\n|-damage|p1a: wheezy outta here|0 fnt\n|faint|p1a: wheezy outta here\n|-end|p1a: wheezy outta here|ability: Neutralizing Gas\n|\n|-heal|p2a: Heatran|55\/100|[from] item: Leftovers\n|upkeep\n|\n|t:|1700091010\n|switch|p1a: N95|Greninja, M|44\/100\n|-damage|p1a: N95|32\/100|[from] Stealth Rock\n|turn|24\n|\n|t:|1700091012\n|move|p2a: Heatran|Protect|p2a: Heatran\n|-singleturn|p2a: Heatran|Protect\n|move|p1a: N95|Hydro Pump|p2a: Heatran\n|-activate|p2a: Heatran|move: Protect\n|\n|-heal|p2a: Heatran|61\/100|[from] item: Leftovers\n|upkeep\n|turn|25\n|\n|t:|1700091017\n|switch|p2a: Rillaboom|Rillaboom, M|100\/100\n|-fieldstart|move: Grassy Terrain|[from] ability: Grassy Surge|[of] p2a: Rillaboom\n|move|p1a: N95|Dark Pulse|p2a: Rillaboom\n|-damage|p2a: Rillaboom|47\/100\n|-damage|p1a: N95|22\/100|[from] item: Life Orb\n|\n|-heal|p1a: N95|28\/100|[from] Grassy Terrain\n|-heal|p2a: Rillaboom|54\/100|[from] Grassy Terrain\n|upkeep\n|turn|26\n|\n|t:|1700091024\n|move|p1a: N95|Dark Pulse|p2a: Rillaboom\n|-damage|p2a: Rillaboom|0 fnt\n|faint|p2a: Rillaboom\n|-ability|p1a: N95|Battle Bond|boost\n|-boost|p1a: N95|atk|1\n|-boost|p1a: N95|spa|1\n|-boost|p1a: N95|spe|1\n|-activate|p1a: N95|ability: Battle Bond\n|-damage|p1a: N95|18\/100|[from] item: Life Orb\n|\n|-heal|p1a: N95|24\/100|[from] Grassy Terrain\n|upkeep\n|\n|t:|1700091027\n|switch|p2a: Sneasler|Sneasler, F|100\/100\n|-enditem|p2a: Sneasler|Grassy Seed\n|-boost|p2a: Sneasler|def|1|[from] item: Grassy Seed\n|turn|27\n|\n|t:|1700091033\n|move|p1a: N95|Water Shuriken|p2a: Sneasler\n|-crit|p2a: Sneasler\n|-damage|p2a: Sneasler|72\/100\n|-damage|p2a: Sneasler|53\/100\n|-hitcount|p2a: Sneasler|2\n|-damage|p1a: N95|15\/100|[from] item: Life Orb\n|move|p2a: Sneasler|Acrobatics|p1a: N95\n|-damage|p1a: N95|0 fnt\n|faint|p1a: N95\n|\n|-heal|p2a: Sneasler|59\/100|[from] Grassy Terrain\n|upkeep\n|\n|t:|1700091041\n|switch|p1a: KIDS SEE GHOST|Dragapult, M, shiny|100\/100\n|-damage|p1a: KIDS SEE GHOST|88\/100|[from] Stealth Rock\n|turn|28\n|\n|t:|1700091048\n|-terastallize|p2a: Sneasler|Flying\n|move|p2a: Sneasler|Acrobatics|p1a: KIDS SEE GHOST\n|-damage|p1a: KIDS SEE GHOST|6\/100\n|move|p1a: KIDS SEE GHOST|Shadow Ball|p2a: Sneasler\n|-damage|p2a: Sneasler|0 fnt\n|faint|p2a: Sneasler\n|\n|-heal|p1a: KIDS SEE GHOST|12\/100|[from] Grassy Terrain\n|upkeep\n|\n|t:|1700091054\n|switch|p2a: Heatran|Heatran, M|61\/100\n|turn|29\n|\n|t:|1700091056\n|move|p1a: KIDS SEE GHOST|Shadow Ball|p2a: Heatran\n|-damage|p2a: Heatran|31\/100\n|move|p2a: Heatran|Magma Storm|p1a: KIDS SEE GHOST|[miss]\n|-miss|p2a: Heatran|p1a: KIDS SEE GHOST\n|\n|-heal|p1a: KIDS SEE GHOST|18\/100|[from] Grassy Terrain\n|-heal|p2a: Heatran|37\/100|[from] Grassy Terrain\n|-heal|p2a: Heatran|43\/100|[from] item: Leftovers\n|upkeep\n|turn|30\n|\n|t:|1700091060\n|move|p2a: Heatran|Protect|p2a: Heatran\n|-singleturn|p2a: Heatran|Protect\n|move|p1a: KIDS SEE GHOST|Shadow Ball|p2a: Heatran\n|-activate|p2a: Heatran|move: Protect\n|\n|-heal|p1a: KIDS SEE GHOST|24\/100|[from] Grassy Terrain\n|-heal|p2a: Heatran|49\/100|[from] Grassy Terrain\n|-heal|p2a: Heatran|56\/100|[from] item: Leftovers\n|upkeep\n|turn|31\n|\n|t:|1700091062\n|move|p1a: KIDS SEE GHOST|Shadow Ball|p2a: Heatran\n|-damage|p2a: Heatran|20\/100\n|move|p2a: Heatran|Earth Power|p1a: KIDS SEE GHOST\n|-damage|p1a: KIDS SEE GHOST|0 fnt\n|faint|p1a: KIDS SEE GHOST\n|\n|-heal|p2a: Heatran|26\/100|[from] Grassy Terrain\n|-heal|p2a: Heatran|32\/100|[from] item: Leftovers\n|upkeep\n|\n|t:|1700091079\n|switch|p1a: november|Zamazenta|100\/100\n|-damage|p1a: november|94\/100|[from] Stealth Rock\n|-ability|p1a: november|Dauntless Shield|boost\n|-boost|p1a: november|def|1\n|turn|32\n|\n|t:|1700091090\n|move|p1a: november|Substitute|p1a: november\n|-start|p1a: november|Substitute\n|-damage|p1a: november|69\/100\n|move|p2a: Heatran|Taunt|p1a: november\n|-start|p1a: november|move: Taunt\n|\n|-heal|p1a: november|75\/100|[from] Grassy Terrain\n|-heal|p1a: november|82\/100|[from] item: Leftovers\n|-heal|p2a: Heatran|39\/100|[from] Grassy Terrain\n|-heal|p2a: Heatran|45\/100|[from] item: Leftovers\n|-fieldend|move: Grassy Terrain\n|upkeep\n|turn|33\n|\n|t:|1700091100\n|move|p1a: november|Body Press|p2a: Heatran\n|-supereffective|p2a: Heatran\n|-damage|p2a: Heatran|0 fnt\n|faint|p2a: Heatran\n|\n|-heal|p1a: november|88\/100|[from] item: Leftovers\n|upkeep\n|\n|t:|1700091103\n|switch|p2a: Clefable|Clefable, F|85\/100\n|turn|34\n|\n|t:|1700091122\n|switch|p1a: 5g|Thundurus-Therian, M, shiny|100\/100\n|-damage|p1a: 5g|76\/100|[from] Stealth Rock\n|move|p2a: Clefable|Moonblast|p1a: 5g\n|-damage|p1a: 5g|31\/100\n|-unboost|p1a: 5g|spa|1\n|\n|-heal|p2a: Clefable|91\/100|[from] item: Leftovers\n|upkeep\n|turn|35\n|\n|t:|1700091130\n|move|p1a: 5g|Tera Blast|p2a: Clefable\n|-damage|p2a: Clefable|70\/100\n|move|p2a: Clefable|Moonlight|p2a: Clefable\n|-heal|p2a: Clefable|100\/100\n|\n|upkeep\n|turn|36\n|\n|t:|1700091133\n|move|p1a: 5g|Tera Blast|p2a: Clefable\n|-damage|p2a: Clefable|79\/100\n|move|p2a: Clefable|Moonblast|p1a: 5g\n|-damage|p1a: 5g|0 fnt\n|faint|p1a: 5g\n|\n|-heal|p2a: Clefable|85\/100|[from] item: Leftovers\n|upkeep\n|\n|t:|1700091136\n|switch|p1a: november|Zamazenta|88\/100\n|-damage|p1a: november|82\/100|[from] Stealth Rock\n|turn|37\n|\n|t:|1700091139\n|-terastallize|p1a: november|Steel\n|move|p1a: november|Substitute|p1a: november\n|-start|p1a: november|Substitute\n|-damage|p1a: november|57\/100\n|move|p2a: Clefable|Moonblast|p1a: november\n|-resisted|p1a: november\n|-activate|p1a: november|move: Substitute|[damage]\n|\n|-heal|p1a: november|63\/100|[from] item: Leftovers\n|-heal|p2a: Clefable|91\/100|[from] item: Leftovers\n|upkeep\n|turn|38\n|\n|t:|1700091145\n|switch|p2a: Alomomola|Alomomola, F|51\/100\n|move|p1a: november|Iron Defense|p1a: november\n|-boost|p1a: november|def|2\n|\n|-heal|p1a: november|69\/100|[from] item: Leftovers\n|upkeep\n|turn|39\n|\n|t:|1700091147\n|move|p1a: november|Iron Defense|p1a: november\n|-boost|p1a: november|def|2\n|move|p2a: Alomomola|Wish|p2a: Alomomola\n|\n|-heal|p1a: november|75\/100|[from] item: Leftovers\n|upkeep\n|turn|40\n|\n|t:|1700091152\n|move|p1a: november|Iron Defense|p1a: november\n|-boost|p1a: november|def|2\n|move|p2a: Alomomola|Scald|p1a: november\n|-activate|p1a: november|move: Substitute|[damage]\n|\n|-heal|p2a: Alomomola|100\/100|[from] move: Wish|[wisher] Alomomola\n|-heal|p1a: november|81\/100|[from] item: Leftovers\n|upkeep\n|turn|41\n|\n|t:|1700091157\n|move|p1a: november|Body Press|p2a: Alomomola\n|-damage|p2a: Alomomola|31\/100\n|move|p2a: Alomomola|Wish|p2a: Alomomola\n|\n|-heal|p1a: november|88\/100|[from] item: Leftovers\n|upkeep\n|turn|42\n|\n|t:|1700091163\n|move|p2a: Alomomola|Protect|p2a: Alomomola\n|-singleturn|p2a: Alomomola|Protect\n|move|p1a: november|Iron Defense|p1a: november\n|-boost|p1a: november|def|0\n|\n|-heal|p2a: Alomomola|81\/100|[from] move: Wish|[wisher] Alomomola\n|-heal|p1a: november|94\/100|[from] item: Leftovers\n|upkeep\n|turn|43\n|\n|t:|1700091165\n|move|p1a: november|Body Press|p2a: Alomomola\n|-damage|p2a: Alomomola|12\/100\n|move|p2a: Alomomola|Wish|p2a: Alomomola\n|\n|-heal|p1a: november|99\/100|[from] item: Leftovers\n|upkeep\n|turn|44\n|\n|t:|1700091170\n|move|p2a: Alomomola|Protect|p2a: Alomomola\n|-singleturn|p2a: Alomomola|Protect\n|move|p1a: november|Iron Defense|p1a: november\n|-boost|p1a: november|def|0\n|\n|-heal|p2a: Alomomola|62\/100|[from] move: Wish|[wisher] Alomomola\n|-heal|p1a: november|100\/100|[from] item: Leftovers\n|upkeep\n|turn|45\n|\n|t:|1700091175\n|switch|p2a: Clefable|Clefable, F|91\/100\n|move|p1a: november|Body Press|p2a: Clefable\n|-resisted|p2a: Clefable\n|-damage|p2a: Clefable|19\/100\n|\n|-heal|p2a: Clefable|25\/100|[from] item: Leftovers\n|upkeep\n|turn|46\n|\n|t:|1700091177\n|move|p1a: november|Body Press|p2a: Clefable\n|-resisted|p2a: Clefable\n|-damage|p2a: Clefable|0 fnt\n|faint|p2a: Clefable\n|\n|upkeep\n|\n|t:|1700091180\n|switch|p2a: Alomomola|Alomomola, F|96\/100\n|turn|47\n|\n|t:|1700091182\n|move|p2a: Alomomola|Protect|p2a: Alomomola\n|-singleturn|p2a: Alomomola|Protect\n|move|p1a: november|Body Press|p2a: Alomomola\n|-activate|p2a: Alomomola|move: Protect\n|\n|upkeep\n|turn|48\n|\n|t:|1700091185\n|move|p1a: november|Crunch|p2a: Alomomola\n|-crit|p2a: Alomomola\n|-damage|p2a: Alomomola|79\/100\n|move|p2a: Alomomola|Wish|p2a: Alomomola\n|\n|upkeep\n|turn|49\n|\n|t:|1700091191\n|move|p1a: november|Crunch|p2a: Alomomola\n|-crit|p2a: Alomomola\n|-damage|p2a: Alomomola|60\/100\n|move|p2a: Alomomola|Scald|p1a: november\n|-end|p1a: november|Substitute\n|\n|-heal|p2a: Alomomola|100\/100|[from] move: Wish|[wisher] Alomomola\n|upkeep\n|turn|50\n|\n|t:|1700091194\n|move|p1a: november|Substitute|p1a: november\n|-start|p1a: november|Substitute\n|-damage|p1a: november|75\/100\n|move|p2a: Alomomola|Scald|p1a: november\n|-activate|p1a: november|move: Substitute|[damage]\n|\n|-heal|p1a: november|82\/100|[from] item: Leftovers\n|upkeep\n|turn|51\n|\n|t:|1700091202\n|move|p1a: november|Body Press|p2a: Alomomola\n|-damage|p2a: Alomomola|28\/100\n|move|p2a: Alomomola|Wish|p2a: Alomomola\n|\n|-heal|p1a: november|88\/100|[from] item: Leftovers\n|upkeep\n|turn|52\n|\n|t:|1700091207\n|move|p1a: november|Crunch|p2a: Alomomola\n|-damage|p2a: Alomomola|16\/100\n|move|p2a: Alomomola|Scald|p1a: november\n|-activate|p1a: november|move: Substitute|[damage]\n|\n|-heal|p2a: Alomomola|66\/100|[from] move: Wish|[wisher] Alomomola\n|-heal|p1a: november|94\/100|[from] item: Leftovers\n|upkeep\n|turn|53\n|\n|t:|1700091212\n|move|p2a: Alomomola|Protect|p2a: Alomomola\n|-singleturn|p2a: Alomomola|Protect\n|move|p1a: november|Body Press|p2a: Alomomola\n|-activate|p2a: Alomomola|move: Protect\n|\n|-heal|p1a: november|99\/100|[from] item: Leftovers\n|upkeep\n|turn|54\n|\n|t:|1700091215\n|move|p1a: november|Body Press|p2a: Alomomola\n|-damage|p2a: Alomomola|0 fnt\n|faint|p2a: Alomomola\n|\n|-heal|p1a: november|100\/100|[from] item: Leftovers\n|upkeep\n|\n|t:|1700091216\n|switch|p2a: Great Tusk|Great Tusk|68\/100 brn\n|turn|55\n|\n|t:|1700091218\n|move|p1a: november|Body Press|p2a: Great Tusk\n|-damage|p2a: Great Tusk|0 fnt\n|faint|p2a: Great Tusk\n|-end|p2a: Great Tusk|Protosynthesis|[silent]\n|\n|win|littensalt\n|raw|littensalt's rating: 1369 &rarr; <strong>1388<\/strong><br \/>(+19 for winning)\n|raw|hit my whip's rating: 1347 &rarr; <strong>1328<\/strong><br \/>(-19 for losing)\n|l|\u2606hit my whip\n","uploadtime":1700091227,"views":8,"p1id":"littensalt","p2id":"hitmywhip","formatid":"gen9ou","rating":1328,"private":0,"password":""}