{"id":"gen9ou-1992699694","p1":"laurher","p2":"Jesus_HMetal","format":"[Gen 9] OU","log":"|j|\u2606laurher\n|j|\u2606Jesus_HMetal\n|t:|1700226722\n|gametype|singles\n|player|p1|laurher|170|1127\n|player|p2|Jesus_HMetal|guitarist-gen4|1110\n|teamsize|p1|6\n|teamsize|p2|6\n|gen|9\n|tier|[Gen 9] OU\n|rated|\n|rule|Sleep Clause Mod: Limit one foe put to sleep\n|rule|Species Clause: Limit one of each Pok\u00e9mon\n|rule|OHKO Clause: OHKO moves are banned\n|rule|Evasion Items Clause: Evasion items are banned\n|rule|Evasion Moves Clause: Evasion moves are banned\n|rule|Endless Battle Clause: Forcing endless battles is banned\n|rule|HP Percentage Mod: HP is shown in percentages\n|clearpoke\n|poke|p1|Masquerain, M|\n|poke|p1|Hoopa|\n|poke|p1|Ogerpon, F|\n|poke|p1|Lycanroc, M|\n|poke|p1|Mimikyu, M|\n|poke|p1|Quaquaval, F|\n|poke|p2|Ribombee, F|\n|poke|p2|Sneasler, M|\n|poke|p2|Ceruledge, M|\n|poke|p2|Walking Wake|\n|poke|p2|Rillaboom, M|\n|poke|p2|Torkoal, F|\n|teampreview\n|inactive|Battle timer is ON: inactive players will automatically lose when time's up. (requested by Jesus_HMetal)\n|\n|t:|1700226763\n|start\n|switch|p1a: Quaquaval|Quaquaval, F|100\/100\n|switch|p2a: Ribbed4UrPleasure|Ribombee, F, shiny|100\/100\n|turn|1\n|\n|t:|1700226777\n|move|p2a: Ribbed4UrPleasure|Sticky Web|p1a: Quaquaval\n|-sidestart|p1: laurher|move: Sticky Web\n|move|p1a: Quaquaval|Rapid Spin|p2a: Ribbed4UrPleasure\n|-damage|p2a: Ribbed4UrPleasure|68\/100\n|-boost|p1a: Quaquaval|spe|1\n|-sideend|p1: laurher|Sticky Web|[from] move: Rapid Spin|[of] p1a: Quaquaval\n|\n|upkeep\n|turn|2\n|\n|t:|1700226783\n|move|p1a: Quaquaval|Ice Spinner|p2a: Ribbed4UrPleasure\n|-damage|p2a: Ribbed4UrPleasure|24\/100\n|move|p2a: Ribbed4UrPleasure|Sticky Web|p1a: Quaquaval\n|-sidestart|p1: laurher|move: Sticky Web\n|\n|upkeep\n|turn|3\n|\n|t:|1700226789\n|move|p1a: Quaquaval|Rapid Spin|p2a: Ribbed4UrPleasure\n|-damage|p2a: Ribbed4UrPleasure|0 fnt\n|-boost|p1a: Quaquaval|spe|1\n|-sideend|p1: laurher|Sticky Web|[from] move: Rapid Spin|[of] p1a: Quaquaval\n|faint|p2a: Ribbed4UrPleasure\n|\n|upkeep\n|\n|t:|1700226798\n|switch|p2a: Funky Kong|Rillaboom, M|100\/100\n|-fieldstart|move: Grassy Terrain|[from] ability: Grassy Surge|[of] p2a: Funky Kong\n|turn|4\n|\n|t:|1700226821\n|move|p1a: Quaquaval|Ice Spinner|p2a: Funky Kong\n|-supereffective|p2a: Funky Kong\n|-damage|p2a: Funky Kong|48\/100\n|-fieldend|move: Grassy Terrain\n|move|p2a: Funky Kong|Knock Off|p1a: Quaquaval\n|-resisted|p1a: Quaquaval\n|-damage|p1a: Quaquaval|70\/100\n|-enditem|p1a: Quaquaval|Heavy-Duty Boots|[from] move: Knock Off|[of] p2a: Funky Kong\n|\n|upkeep\n|turn|5\n|\n|t:|1700226833\n|switch|p2a: Torque|Torkoal, F|100\/100\n|-weather|SunnyDay|[from] ability: Drought|[of] p2a: Torque\n|move|p1a: Quaquaval|Ice Spinner|p2a: Torque\n|-resisted|p2a: Torque\n|-damage|p2a: Torque|93\/100\n|\n|-weather|SunnyDay|[upkeep]\n|upkeep\n|turn|6\n|\n|t:|1700226841\n|move|p1a: Quaquaval|Swords Dance|p1a: Quaquaval\n|-boost|p1a: Quaquaval|atk|2\n|move|p2a: Torque|Yawn|p1a: Quaquaval\n|-start|p1a: Quaquaval|move: Yawn|[of] p2a: Torque\n|\n|-weather|SunnyDay|[upkeep]\n|upkeep\n|turn|7\n|\n|t:|1700226854\n|move|p1a: Quaquaval|Close Combat|p2a: Torque\n|-damage|p2a: Torque|25\/100\n|-unboost|p1a: Quaquaval|def|1\n|-unboost|p1a: Quaquaval|spd|1\n|move|p2a: Torque|Solar Beam||[still]\n|-prepare|p2a: Torque|Solar Beam\n|-anim|p2a: Torque|Solar Beam|p1a: Quaquaval\n|-supereffective|p1a: Quaquaval\n|-damage|p1a: Quaquaval|0 fnt\n|faint|p1a: Quaquaval\n|\n|-weather|SunnyDay|[upkeep]\n|upkeep\n|\n|t:|1700226866\n|switch|p1a: Hoopa|Hoopa|100\/100\n|turn|8\n|\n|t:|1700226889\n|switch|p2a: Funky Kong|Rillaboom, M|48\/100\n|-fieldstart|move: Grassy Terrain|[from] ability: Grassy Surge|[of] p2a: Funky Kong\n|move|p1a: Hoopa|Psychic|p2a: Funky Kong\n|-damage|p2a: Funky Kong|0 fnt\n|faint|p2a: Funky Kong\n|\n|-weather|SunnyDay|[upkeep]\n|upkeep\n|\n|t:|1700226905\n|switch|p2a: The Gongoozler|Sneasler, M|100\/100\n|-enditem|p2a: The Gongoozler|Grassy Seed\n|-boost|p2a: The Gongoozler|def|1|[from] item: Grassy Seed\n|turn|9\n|\n|t:|1700226910\n|-terastallize|p2a: The Gongoozler|Dark\n|move|p2a: The Gongoozler|Swords Dance|p2a: The Gongoozler\n|-boost|p2a: The Gongoozler|atk|2\n|move|p1a: Hoopa|Psychic|p2a: The Gongoozler\n|-immune|p2a: The Gongoozler\n|\n|-weather|SunnyDay|[upkeep]\n|upkeep\n|turn|10\n|\n|t:|1700226933\n|switch|p1a: Ogerpon|Ogerpon, F|100\/100\n|move|p2a: The Gongoozler|Acrobatics|p1a: Ogerpon\n|-supereffective|p1a: Ogerpon\n|-damage|p1a: Ogerpon|0 fnt\n|faint|p1a: Ogerpon\n|\n|-weather|SunnyDay|[upkeep]\n|upkeep\n|\n|t:|1700226936\n|switch|p1a: Masquerain|Masquerain, M|100\/100\n|-ability|p1a: Masquerain|Intimidate|boost\n|-unboost|p2a: The Gongoozler|atk|1\n|turn|11\n|\n|t:|1700226946\n|move|p2a: The Gongoozler|Acrobatics|p1a: Masquerain\n|-supereffective|p1a: Masquerain\n|-enditem|p1a: Masquerain|Focus Sash\n|-damage|p1a: Masquerain|1\/100\n|move|p1a: Masquerain|Whirlwind|p2a: The Gongoozler\n|drag|p2a: Velocipastor|Walking Wake|100\/100\n|-activate|p2a: Velocipastor|ability: Protosynthesis\n|-start|p2a: Velocipastor|protosynthesisspe\n|\n|-weather|SunnyDay|[upkeep]\n|upkeep\n|turn|12\n|\n|t:|1700226958\n|move|p1a: Masquerain|Protect|p1a: Masquerain\n|-singleturn|p1a: Masquerain|Protect\n|move|p2a: Velocipastor|Hydro Steam|p1a: Masquerain\n|-activate|p1a: Masquerain|move: Protect\n|\n|-weather|none\n|-end|p2a: Velocipastor|Protosynthesis\n|-fieldend|move: Grassy Terrain\n|upkeep\n|-enditem|p2a: Velocipastor|Booster Energy\n|-activate|p2a: Velocipastor|ability: Protosynthesis|[fromitem]\n|-start|p2a: Velocipastor|protosynthesisspe\n|turn|13\n|\n|t:|1700226967\n|move|p2a: Velocipastor|Hydro Steam|p1a: Masquerain\n|-damage|p1a: Masquerain|0 fnt\n|faint|p1a: Masquerain\n|\n|upkeep\n|\n|t:|1700226973\n|switch|p1a: Hoopa|Hoopa|100\/100\n|turn|14\n|\n|t:|1700226979\n|move|p2a: Velocipastor|Draco Meteor|p1a: Hoopa\n|-damage|p1a: Hoopa|46\/100\n|-unboost|p2a: Velocipastor|spa|2\n|move|p1a: Hoopa|Focus Blast|p2a: Velocipastor\n|-damage|p2a: Velocipastor|48\/100\n|\n|upkeep\n|turn|15\n|\n|t:|1700226987\n|-end|p2a: Velocipastor|Protosynthesis|[silent]\n|switch|p2a: Calcifer|Ceruledge, M, shiny|100\/100\n|switch|p1a: Mimikyu|Mimikyu, M|100\/100\n|\n|upkeep\n|turn|16\n|\n|t:|1700226995\n|move|p1a: Mimikyu|Thunder Wave|p2a: Calcifer\n|-status|p2a: Calcifer|par\n|move|p2a: Calcifer|Taunt|p1a: Mimikyu\n|-start|p1a: Mimikyu|move: Taunt\n|\n|upkeep\n|turn|17\n|\n|t:|1700227003\n|move|p1a: Mimikyu|Shadow Claw|p2a: Calcifer\n|-supereffective|p2a: Calcifer\n|-damage|p2a: Calcifer|12\/100 par\n|-damage|p1a: Mimikyu|91\/100|[from] item: Life Orb\n|cant|p2a: Calcifer|par\n|\n|upkeep\n|turn|18\n|\n|t:|1700227011\n|move|p1a: Mimikyu|Shadow Claw|p2a: Calcifer\n|-supereffective|p2a: Calcifer\n|-crit|p2a: Calcifer\n|-damage|p2a: Calcifer|0 fnt\n|faint|p2a: Calcifer\n|-damage|p1a: Mimikyu|81\/100|[from] item: Life Orb\n|\n|upkeep\n|\n|t:|1700227017\n|switch|p2a: Torque|Torkoal, F|25\/100\n|-weather|SunnyDay|[from] ability: Drought|[of] p2a: Torque\n|turn|19\n|\n|t:|1700227024\n|move|p1a: Mimikyu|Shadow Claw|p2a: Torque\n|-damage|p2a: Torque|1\/100\n|-damage|p1a: Mimikyu|71\/100|[from] item: Life Orb\n|move|p2a: Torque|Solar Beam||[still]\n|-prepare|p2a: Torque|Solar Beam\n|-anim|p2a: Torque|Solar Beam|p1a: Mimikyu\n|-activate|p1a: Mimikyu|ability: Disguise\n|-damage|p1a: Mimikyu|71\/100\n|detailschange|p1a: Mimikyu|Mimikyu-Busted, M\n|-damage|p1a: Mimikyu|58\/100|[from] pokemon: Mimikyu-Busted\n|\n|-weather|SunnyDay|[upkeep]\n|-end|p1a: Mimikyu|move: Taunt\n|upkeep\n|turn|20\n|\n|t:|1700227038\n|move|p1a: Mimikyu|Shadow Claw|p2a: Torque\n|-damage|p2a: Torque|0 fnt\n|faint|p2a: Torque\n|-damage|p1a: Mimikyu|48\/100|[from] item: Life Orb\n|\n|-weather|SunnyDay|[upkeep]\n|upkeep\n|inactive|Jesus_HMetal has 120 seconds left.\n|\n|t:|1700227065\n|switch|p2a: Velocipastor|Walking Wake|48\/100\n|-activate|p2a: Velocipastor|ability: Protosynthesis\n|-start|p2a: Velocipastor|protosynthesisspe\n|turn|21\n|\n|t:|1700227071\n|move|p2a: Velocipastor|Hydro Steam|p1a: Mimikyu\n|-damage|p1a: Mimikyu|0 fnt\n|faint|p1a: Mimikyu\n|\n|-weather|SunnyDay|[upkeep]\n|upkeep\n|\n|t:|1700227074\n|switch|p1a: Lycanroc|Lycanroc, M|100\/100\n|turn|22\n|\n|t:|1700227087\n|-terastallize|p1a: Lycanroc|Psychic\n|move|p2a: Velocipastor|Hydro Steam|p1a: Lycanroc\n|-damage|p1a: Lycanroc|8\/100\n|move|p1a: Lycanroc|Swords Dance|p1a: Lycanroc\n|-boost|p1a: Lycanroc|atk|2\n|\n|-weather|SunnyDay|[upkeep]\n|upkeep\n|turn|23\n|\n|t:|1700227096\n|move|p1a: Lycanroc|Accelerock|p2a: Velocipastor\n|-damage|p2a: Velocipastor|5\/100\n|move|p2a: Velocipastor|Scald|p1a: Lycanroc\n|-damage|p1a: Lycanroc|0 fnt\n|faint|p1a: Lycanroc\n|\n|-weather|SunnyDay|[upkeep]\n|upkeep\n|\n|t:|1700227099\n|switch|p1a: Hoopa|Hoopa|46\/100\n|turn|24\n|\n|t:|1700227104\n|move|p2a: Velocipastor|Hydro Steam|p1a: Hoopa\n|-damage|p1a: Hoopa|0 fnt\n|faint|p1a: Hoopa\n|\n|win|Jesus_HMetal\n|raw|laurher's rating: 1127 &rarr; <strong>1101<\/strong><br \/>(-26 for losing)\n|raw|Jesus_HMetal's rating: 1110 &rarr; <strong>1136<\/strong><br \/>(+26 for winning)\n|l|\u2606laurher\n|c|\u2606Jesus_HMetal|GG\n","uploadtime":1700227112,"views":9,"p1id":"laurher","p2id":"jesushmetal","formatid":"gen9ou","rating":1101,"private":0,"password":""}