{"id":"gen9ou-1996150449","p1":"Blurred Ace","p2":"yyysneasel","format":"[Gen 9] OU","log":"|j|\u2606Blurred Ace\n|j|\u2606yyysneasel\n|t:|1700651689\n|gametype|singles\n|player|p1|Blurred Ace|gambler|1574\n|player|p2|yyysneasel|bugcatcher-gen4dp|1686\n|teamsize|p1|6\n|teamsize|p2|6\n|gen|9\n|tier|[Gen 9] OU\n|rated|\n|rule|Sleep Clause Mod: Limit one foe put to sleep\n|rule|Species Clause: Limit one of each Pok\u00e9mon\n|rule|OHKO Clause: OHKO moves are banned\n|rule|Evasion Items Clause: Evasion items are banned\n|rule|Evasion Moves Clause: Evasion moves are banned\n|rule|Endless Battle Clause: Forcing endless battles is banned\n|rule|HP Percentage Mod: HP is shown in percentages\n|clearpoke\n|poke|p1|Dragapult, M|\n|poke|p1|Scizor, M|\n|poke|p1|Samurott-Hisui, M|\n|poke|p1|Great Tusk|\n|poke|p1|Slowking, M|\n|poke|p1|Garganacl, M|\n|poke|p2|Corviknight, F|\n|poke|p2|Toxapex, F|\n|poke|p2|Dondozo, M|\n|poke|p2|Slowking-Galar, M|\n|poke|p2|Blissey, F|\n|poke|p2|Clefable, M|\n|teampreview\n|inactive|Battle timer is ON: inactive players will automatically lose when time's up. (requested by Blurred Ace)\n|\n|t:|1700651711\n|start\n|switch|p1a: Garganacl|Garganacl, M|100\/100\n|switch|p2a: stannin on bihness|Toxapex, F|100\/100\n|turn|1\n|\n|t:|1700651717\n|move|p2a: stannin on bihness|Infestation|p1a: Garganacl\n|-damage|p1a: Garganacl|98\/100\n|-activate|p1a: Garganacl|move: Infestation|[of] p2a: stannin on bihness\n|move|p1a: Garganacl|Salt Cure|p2a: stannin on bihness\n|-damage|p2a: stannin on bihness|91\/100\n|-start|p2a: stannin on bihness|Salt Cure\n|\n|-heal|p1a: Garganacl|100\/100|[from] item: Leftovers\n|-damage|p1a: Garganacl|88\/100|[from] move: Infestation|[partiallytrapped]\n|-damage|p2a: stannin on bihness|67\/100|[from] Salt Cure\n|upkeep\n|turn|2\n|\n|t:|1700651725\n|move|p1a: Garganacl|Stealth Rock|p2a: stannin on bihness\n|-sidestart|p2: yyysneasel|move: Stealth Rock\n|move|p2a: stannin on bihness|Surf|p1a: Garganacl\n|-supereffective|p1a: Garganacl\n|-damage|p1a: Garganacl|53\/100\n|\n|-heal|p1a: Garganacl|60\/100|[from] item: Leftovers\n|-damage|p2a: stannin on bihness|42\/100|[from] Salt Cure\n|-damage|p1a: Garganacl|47\/100|[from] move: Infestation|[partiallytrapped]\n|upkeep\n|turn|3\n|\n|t:|1700651732\n|switch|p2a: FreePalestine\ud83c\uddf5\ud83c\uddf8|Corviknight, F|100\/100\n|-damage|p2a: FreePalestine\ud83c\uddf5\ud83c\uddf8|88\/100|[from] Stealth Rock\n|-ability|p2a: FreePalestine\ud83c\uddf5\ud83c\uddf8|Pressure\n|move|p1a: Garganacl|Recover|p1a: Garganacl\n|-heal|p1a: Garganacl|97\/100\n|\n|-heal|p1a: Garganacl|100\/100|[from] item: Leftovers\n|-end|p1a: Garganacl|Infestation|[partiallytrapped]|[silent]\n|upkeep\n|turn|4\n|\n|t:|1700651735\n|move|p2a: FreePalestine\ud83c\uddf5\ud83c\uddf8|Defog|p1a: Garganacl\n|-unboost|p1a: Garganacl|evasion|1\n|-sideend|p2: yyysneasel|Stealth Rock|[from] move: Defog|[of] p2a: FreePalestine\ud83c\uddf5\ud83c\uddf8\n|move|p1a: Garganacl|Salt Cure|p2a: FreePalestine\ud83c\uddf5\ud83c\uddf8\n|-damage|p2a: FreePalestine\ud83c\uddf5\ud83c\uddf8|80\/100\n|-start|p2a: FreePalestine\ud83c\uddf5\ud83c\uddf8|Salt Cure\n|\n|-damage|p2a: FreePalestine\ud83c\uddf5\ud83c\uddf8|56\/100|[from] Salt Cure\n|upkeep\n|turn|5\n|\n|t:|1700651738\n|move|p2a: FreePalestine\ud83c\uddf5\ud83c\uddf8|Roost|p2a: FreePalestine\ud83c\uddf5\ud83c\uddf8\n|-heal|p2a: FreePalestine\ud83c\uddf5\ud83c\uddf8|100\/100\n|-singleturn|p2a: FreePalestine\ud83c\uddf5\ud83c\uddf8|move: Roost\n|move|p1a: Garganacl|Stealth Rock|p2a: FreePalestine\ud83c\uddf5\ud83c\uddf8\n|-sidestart|p2: yyysneasel|move: Stealth Rock\n|\n|-damage|p2a: FreePalestine\ud83c\uddf5\ud83c\uddf8|76\/100|[from] Salt Cure\n|upkeep\n|turn|6\n|\n|t:|1700651741\n|move|p2a: FreePalestine\ud83c\uddf5\ud83c\uddf8|U-turn|p1a: Garganacl\n|-damage|p1a: Garganacl|93\/100\n|\n|t:|1700651743\n|switch|p2a: Slowking|Slowking-Galar, M|100\/100|[from] U-turn\n|-damage|p2a: Slowking|88\/100|[from] Stealth Rock\n|move|p1a: Garganacl|Body Press|p2a: Slowking\n|-resisted|p2a: Slowking\n|-damage|p2a: Slowking|79\/100\n|\n|-heal|p1a: Garganacl|99\/100|[from] item: Leftovers\n|upkeep\n|turn|7\n|\n|t:|1700651750\n|switch|p1a: Slowking|Slowking, M|100\/100\n|move|p2a: Slowking|Trick|p1a: Slowking\n|-activate|p2a: Slowking|move: Trick|[of] p1a: Slowking\n|-item|p1a: Slowking|Choice Scarf|[from] move: Trick\n|-item|p2a: Slowking|Leftovers|[from] move: Trick\n|\n|-heal|p2a: Slowking|85\/100|[from] item: Leftovers\n|upkeep\n|turn|8\n|\n|t:|1700651759\n|move|p2a: Slowking|Thunder Wave|p1a: Slowking\n|-status|p1a: Slowking|par\n|move|p1a: Slowking|Future Sight|p2a: Slowking\n|-start|p1a: Slowking|move: Future Sight\n|\n|-heal|p2a: Slowking|91\/100|[from] item: Leftovers\n|upkeep\n|turn|9\n|\n|t:|1700651772\n|switch|p2a: FreePalestine\ud83c\uddf5\ud83c\uddf8|Corviknight, F|76\/100\n|-damage|p2a: FreePalestine\ud83c\uddf5\ud83c\uddf8|63\/100|[from] Stealth Rock\n|-ability|p2a: FreePalestine\ud83c\uddf5\ud83c\uddf8|Pressure\n|switch|p1a: Garganacl|Garganacl, M|99\/100\n|\n|-heal|p1a: Garganacl|100\/100|[from] item: Leftovers\n|upkeep\n|turn|10\n|\n|t:|1700651778\n|move|p2a: FreePalestine\ud83c\uddf5\ud83c\uddf8|Roost|p2a: FreePalestine\ud83c\uddf5\ud83c\uddf8\n|-heal|p2a: FreePalestine\ud83c\uddf5\ud83c\uddf8|100\/100\n|-singleturn|p2a: FreePalestine\ud83c\uddf5\ud83c\uddf8|move: Roost\n|move|p1a: Garganacl|Salt Cure|p2a: FreePalestine\ud83c\uddf5\ud83c\uddf8\n|-resisted|p2a: FreePalestine\ud83c\uddf5\ud83c\uddf8\n|-damage|p2a: FreePalestine\ud83c\uddf5\ud83c\uddf8|96\/100\n|-start|p2a: FreePalestine\ud83c\uddf5\ud83c\uddf8|Salt Cure\n|\n|-end|p2a: FreePalestine\ud83c\uddf5\ud83c\uddf8|move: Future Sight\n|-resisted|p2a: FreePalestine\ud83c\uddf5\ud83c\uddf8\n|-damage|p2a: FreePalestine\ud83c\uddf5\ud83c\uddf8|77\/100\n|-damage|p2a: FreePalestine\ud83c\uddf5\ud83c\uddf8|52\/100|[from] Salt Cure\n|upkeep\n|turn|11\n|\n|t:|1700651784\n|move|p2a: FreePalestine\ud83c\uddf5\ud83c\uddf8|Defog|p1a: Garganacl\n|-unboost|p1a: Garganacl|evasion|1\n|-sideend|p2: yyysneasel|Stealth Rock|[from] move: Defog|[of] p2a: FreePalestine\ud83c\uddf5\ud83c\uddf8\n|move|p1a: Garganacl|Body Press|p2a: FreePalestine\ud83c\uddf5\ud83c\uddf8\n|-damage|p2a: FreePalestine\ud83c\uddf5\ud83c\uddf8|35\/100\n|-damage|p1a: Garganacl|84\/100|[from] item: Rocky Helmet|[of] p2a: FreePalestine\ud83c\uddf5\ud83c\uddf8\n|\n|-heal|p1a: Garganacl|90\/100|[from] item: Leftovers\n|-damage|p2a: FreePalestine\ud83c\uddf5\ud83c\uddf8|10\/100|[from] Salt Cure\n|upkeep\n|turn|12\n|\n|t:|1700651787\n|move|p2a: FreePalestine\ud83c\uddf5\ud83c\uddf8|Roost|p2a: FreePalestine\ud83c\uddf5\ud83c\uddf8\n|-heal|p2a: FreePalestine\ud83c\uddf5\ud83c\uddf8|60\/100\n|-singleturn|p2a: FreePalestine\ud83c\uddf5\ud83c\uddf8|move: Roost\n|move|p1a: Garganacl|Salt Cure|p2a: FreePalestine\ud83c\uddf5\ud83c\uddf8\n|-resisted|p2a: FreePalestine\ud83c\uddf5\ud83c\uddf8\n|-damage|p2a: FreePalestine\ud83c\uddf5\ud83c\uddf8|56\/100\n|\n|-heal|p1a: Garganacl|96\/100|[from] item: Leftovers\n|-damage|p2a: FreePalestine\ud83c\uddf5\ud83c\uddf8|31\/100|[from] Salt Cure\n|upkeep\n|turn|13\n|\n|t:|1700651793\n|switch|p2a: Slowking|Slowking-Galar, M|100\/100\n|move|p1a: Garganacl|Stealth Rock|p2a: Slowking\n|-sidestart|p2: yyysneasel|move: Stealth Rock\n|\n|-heal|p1a: Garganacl|100\/100|[from] item: Leftovers\n|upkeep\n|turn|14\n|\n|t:|1700651798\n|move|p2a: Slowking|Future Sight|p1a: Garganacl\n|-start|p2a: Slowking|move: Future Sight\n|move|p1a: Garganacl|Salt Cure|p2a: Slowking\n|-damage|p2a: Slowking|82\/100\n|-start|p2a: Slowking|Salt Cure\n|\n|-heal|p2a: Slowking|88\/100|[from] item: Leftovers\n|-damage|p2a: Slowking|76\/100|[from] Salt Cure\n|upkeep\n|turn|15\n|\n|t:|1700651813\n|switch|p2a: ban dengo ffs|Blissey, F|100\/100\n|switch|p1a: Great Tusk|Great Tusk|100\/100\n|\n|upkeep\n|turn|16\n|\n|t:|1700651833\n|-end|p1a: Great Tusk|Protosynthesis|[silent]\n|switch|p1a: Slowking|Slowking, M|100\/100 par\n|switch|p2a: Ripbozo \ud83d\ude02 \ud83d\ude02|Dondozo, M|100\/100\n|-damage|p2a: Ripbozo \ud83d\ude02 \ud83d\ude02|88\/100|[from] Stealth Rock\n|\n|-end|p1a: Slowking|move: Future Sight\n|-resisted|p1a: Slowking\n|-damage|p1a: Slowking|85\/100 par\n|-heal|p2a: Ripbozo \ud83d\ude02 \ud83d\ude02|94\/100|[from] item: Leftovers\n|upkeep\n|turn|17\n|\n|t:|1700651837\n|switch|p2a: FreePalestine\ud83c\uddf5\ud83c\uddf8|Corviknight, F|31\/100\n|-damage|p2a: FreePalestine\ud83c\uddf5\ud83c\uddf8|19\/100|[from] Stealth Rock\n|-ability|p2a: FreePalestine\ud83c\uddf5\ud83c\uddf8|Pressure\n|move|p1a: Slowking|Future Sight|p2a: FreePalestine\ud83c\uddf5\ud83c\uddf8\n|-start|p1a: Slowking|move: Future Sight\n|\n|upkeep\n|turn|18\n|\n|t:|1700651847\n|switch|p1a: Garganacl|Garganacl, M|100\/100\n|move|p2a: FreePalestine\ud83c\uddf5\ud83c\uddf8|Roost|p2a: FreePalestine\ud83c\uddf5\ud83c\uddf8\n|-heal|p2a: FreePalestine\ud83c\uddf5\ud83c\uddf8|69\/100\n|-singleturn|p2a: FreePalestine\ud83c\uddf5\ud83c\uddf8|move: Roost\n|\n|upkeep\n|turn|19\n|\n|t:|1700651851\n|move|p2a: FreePalestine\ud83c\uddf5\ud83c\uddf8|U-turn|p1a: Garganacl\n|-damage|p1a: Garganacl|93\/100\n|\n|t:|1700651853\n|switch|p2a: ban dengo ffs|Blissey, F|100\/100|[from] U-turn\n|move|p1a: Garganacl|Salt Cure|p2a: ban dengo ffs\n|-damage|p2a: ban dengo ffs|88\/100\n|-start|p2a: ban dengo ffs|Salt Cure\n|\n|-end|p2a: ban dengo ffs|move: Future Sight\n|-damage|p2a: ban dengo ffs|73\/100\n|-heal|p1a: Garganacl|99\/100|[from] item: Leftovers\n|-damage|p2a: ban dengo ffs|60\/100|[from] Salt Cure\n|upkeep\n|turn|20\n|\n|t:|1700651857\n|move|p2a: ban dengo ffs|Stealth Rock|p1a: Garganacl\n|-sidestart|p1: Blurred Ace|move: Stealth Rock\n|move|p1a: Garganacl|Body Press|p2a: ban dengo ffs\n|-supereffective|p2a: ban dengo ffs\n|-damage|p2a: ban dengo ffs|9\/100\n|\n|-heal|p1a: Garganacl|100\/100|[from] item: Leftovers\n|-damage|p2a: ban dengo ffs|0 fnt|[from] Salt Cure\n|faint|p2a: ban dengo ffs\n|upkeep\n|\n|t:|1700651862\n|switch|p2a: stannin on bihness|Toxapex, F|75\/100\n|turn|21\n|\n|t:|1700651866\n|move|p1a: Garganacl|Salt Cure|p2a: stannin on bihness\n|-damage|p2a: stannin on bihness|67\/100\n|-start|p2a: stannin on bihness|Salt Cure\n|move|p2a: stannin on bihness|Infestation|p1a: Garganacl\n|-damage|p1a: Garganacl|97\/100\n|-activate|p1a: Garganacl|move: Infestation|[of] p2a: stannin on bihness\n|\n|-heal|p1a: Garganacl|100\/100|[from] item: Leftovers\n|-damage|p1a: Garganacl|88\/100|[from] move: Infestation|[partiallytrapped]\n|-damage|p2a: stannin on bihness|42\/100|[from] Salt Cure\n|upkeep\n|turn|22\n|\n|t:|1700651872\n|move|p1a: Garganacl|Body Press|p2a: stannin on bihness\n|-resisted|p2a: stannin on bihness\n|-damage|p2a: stannin on bihness|34\/100\n|move|p2a: stannin on bihness|Recover|p2a: stannin on bihness\n|-heal|p2a: stannin on bihness|84\/100\n|\n|-heal|p1a: Garganacl|94\/100|[from] item: Leftovers\n|-damage|p1a: Garganacl|82\/100|[from] move: Infestation|[partiallytrapped]\n|-damage|p2a: stannin on bihness|59\/100|[from] Salt Cure\n|upkeep\n|turn|23\n|\n|t:|1700651881\n|move|p1a: Garganacl|Body Press|p2a: stannin on bihness\n|-resisted|p2a: stannin on bihness\n|-damage|p2a: stannin on bihness|51\/100\n|move|p2a: stannin on bihness|Surf|p1a: Garganacl\n|-supereffective|p1a: Garganacl\n|-damage|p1a: Garganacl|48\/100\n|\n|-heal|p1a: Garganacl|54\/100|[from] item: Leftovers\n|-damage|p1a: Garganacl|42\/100|[from] move: Infestation|[partiallytrapped]\n|-damage|p2a: stannin on bihness|26\/100|[from] Salt Cure\n|upkeep\n|turn|24\n|\n|t:|1700651886\n|move|p2a: stannin on bihness|Recover|p2a: stannin on bihness\n|-heal|p2a: stannin on bihness|76\/100\n|move|p1a: Garganacl|Recover|p1a: Garganacl\n|-heal|p1a: Garganacl|92\/100\n|\n|-heal|p1a: Garganacl|98\/100|[from] item: Leftovers\n|-damage|p1a: Garganacl|85\/100|[from] move: Infestation|[partiallytrapped]\n|-damage|p2a: stannin on bihness|51\/100|[from] Salt Cure\n|upkeep\n|turn|25\n|\n|t:|1700651890\n|move|p1a: Garganacl|Recover|p1a: Garganacl\n|-heal|p1a: Garganacl|100\/100\n|move|p2a: stannin on bihness|Surf|p1a: Garganacl\n|-supereffective|p1a: Garganacl\n|-damage|p1a: Garganacl|66\/100\n|\n|-heal|p1a: Garganacl|73\/100|[from] item: Leftovers\n|-damage|p2a: stannin on bihness|27\/100|[from] Salt Cure\n|-damage|p1a: Garganacl|60\/100|[from] move: Infestation|[partiallytrapped]\n|upkeep\n|turn|26\n|\n|t:|1700651893\n|move|p2a: stannin on bihness|Recover|p2a: stannin on bihness\n|-heal|p2a: stannin on bihness|77\/100\n|move|p1a: Garganacl|Recover|p1a: Garganacl\n|-heal|p1a: Garganacl|100\/100\n|\n|-damage|p2a: stannin on bihness|52\/100|[from] Salt Cure\n|-end|p1a: Garganacl|Infestation|[partiallytrapped]\n|upkeep\n|turn|27\n|\n|t:|1700651902\n|switch|p2a: It's Joever|Clefable, M|100\/100\n|switch|p1a: Slowking|Slowking, M|100\/100 par\n|-damage|p1a: Slowking|88\/100 par|[from] Stealth Rock\n|\n|upkeep\n|turn|28\n|\n|t:|1700651905\n|move|p2a: It's Joever|Wish|p2a: It's Joever\n|move|p1a: Slowking|Chilly Reception|p1a: Slowking\n|-weather|Snow\n|\n|t:|1700651910\n|switch|p1a: Great Tusk|Great Tusk|100\/100|[from] Chilly Reception\n|-damage|p1a: Great Tusk|98\/100|[from] Stealth Rock\n|\n|-weather|Snow|[upkeep]\n|-heal|p1a: Great Tusk|100\/100|[from] item: Leftovers\n|upkeep\n|turn|29\n|\n|t:|1700651917\n|switch|p2a: FreePalestine\ud83c\uddf5\ud83c\uddf8|Corviknight, F|69\/100\n|-damage|p2a: FreePalestine\ud83c\uddf5\ud83c\uddf8|57\/100|[from] Stealth Rock\n|-ability|p2a: FreePalestine\ud83c\uddf5\ud83c\uddf8|Pressure\n|move|p1a: Great Tusk|Rapid Spin|p2a: FreePalestine\ud83c\uddf5\ud83c\uddf8\n|-resisted|p2a: FreePalestine\ud83c\uddf5\ud83c\uddf8\n|-damage|p2a: FreePalestine\ud83c\uddf5\ud83c\uddf8|51\/100\n|-boost|p1a: Great Tusk|spe|1\n|-damage|p1a: Great Tusk|84\/100|[from] item: Rocky Helmet|[of] p2a: FreePalestine\ud83c\uddf5\ud83c\uddf8\n|-sideend|p1: Blurred Ace|Stealth Rock|[from] move: Rapid Spin|[of] p1a: Great Tusk\n|\n|-weather|Snow|[upkeep]\n|-heal|p2a: FreePalestine\ud83c\uddf5\ud83c\uddf8|99\/100|[from] move: Wish|[wisher] It's Joever\n|-heal|p1a: Great Tusk|90\/100|[from] item: Leftovers\n|upkeep\n|turn|30\n|\n|t:|1700651927\n|move|p1a: Great Tusk|Knock Off|p2a: FreePalestine\ud83c\uddf5\ud83c\uddf8\n|-damage|p2a: FreePalestine\ud83c\uddf5\ud83c\uddf8|76\/100\n|-damage|p1a: Great Tusk|74\/100|[from] item: Rocky Helmet|[of] p2a: FreePalestine\ud83c\uddf5\ud83c\uddf8\n|-enditem|p2a: FreePalestine\ud83c\uddf5\ud83c\uddf8|Rocky Helmet|[from] move: Knock Off|[of] p1a: Great Tusk\n|move|p2a: FreePalestine\ud83c\uddf5\ud83c\uddf8|Defog|p1a: Great Tusk\n|-unboost|p1a: Great Tusk|evasion|1\n|-sideend|p2: yyysneasel|Stealth Rock|[from] move: Defog|[of] p2a: FreePalestine\ud83c\uddf5\ud83c\uddf8\n|\n|-weather|Snow|[upkeep]\n|-heal|p1a: Great Tusk|80\/100|[from] item: Leftovers\n|upkeep\n|turn|31\n|\n|t:|1700651935\n|-end|p1a: Great Tusk|Protosynthesis|[silent]\n|switch|p1a: Garganacl|Garganacl, M|100\/100\n|move|p2a: FreePalestine\ud83c\uddf5\ud83c\uddf8|U-turn|p1a: Garganacl\n|-damage|p1a: Garganacl|93\/100\n|\n|t:|1700651964\n|switch|p2a: It's Joever|Clefable, M|100\/100|[from] U-turn\n|\n|-weather|Snow|[upkeep]\n|-heal|p1a: Garganacl|99\/100|[from] item: Leftovers\n|upkeep\n|turn|32\n|\n|t:|1700651979\n|move|p2a: It's Joever|Knock Off|p1a: Garganacl\n|-damage|p1a: Garganacl|90\/100\n|-enditem|p1a: Garganacl|Leftovers|[from] move: Knock Off|[of] p2a: It's Joever\n|move|p1a: Garganacl|Stealth Rock|p2a: It's Joever\n|-sidestart|p2: yyysneasel|move: Stealth Rock\n|\n|-weather|none\n|upkeep\n|turn|33\n|\n|t:|1700651982\n|move|p2a: It's Joever|Wish|p2a: It's Joever\n|move|p1a: Garganacl|Salt Cure|p2a: It's Joever\n|-damage|p2a: It's Joever|84\/100\n|-start|p2a: It's Joever|Salt Cure\n|\n|-damage|p2a: It's Joever|71\/100|[from] Salt Cure\n|upkeep\n|turn|34\n|\n|t:|1700651986\n|switch|p2a: FreePalestine\ud83c\uddf5\ud83c\uddf8|Corviknight, F|76\/100\n|-damage|p2a: FreePalestine\ud83c\uddf5\ud83c\uddf8|64\/100|[from] Stealth Rock\n|-ability|p2a: FreePalestine\ud83c\uddf5\ud83c\uddf8|Pressure\n|switch|p1a: Scizor|Scizor, M|100\/100\n|\n|-heal|p2a: FreePalestine\ud83c\uddf5\ud83c\uddf8|100\/100|[from] move: Wish|[wisher] It's Joever\n|upkeep\n|turn|35\n|\n|t:|1700651989\n|move|p2a: FreePalestine\ud83c\uddf5\ud83c\uddf8|Defog|p1a: Scizor\n|-unboost|p1a: Scizor|evasion|1\n|-sideend|p2: yyysneasel|Stealth Rock|[from] move: Defog|[of] p2a: FreePalestine\ud83c\uddf5\ud83c\uddf8\n|move|p1a: Scizor|U-turn|p2a: FreePalestine\ud83c\uddf5\ud83c\uddf8\n|-resisted|p2a: FreePalestine\ud83c\uddf5\ud83c\uddf8\n|-damage|p2a: FreePalestine\ud83c\uddf5\ud83c\uddf8|92\/100\n|\n|t:|1700651993\n|switch|p1a: Garganacl|Garganacl, M|90\/100|[from] U-turn\n|\n|upkeep\n|turn|36\n|\n|t:|1700651997\n|move|p2a: FreePalestine\ud83c\uddf5\ud83c\uddf8|U-turn|p1a: Garganacl\n|-damage|p1a: Garganacl|83\/100\n|\n|t:|1700652000\n|switch|p2a: Slowking|Slowking-Galar, M|100\/100|[from] U-turn\n|move|p1a: Garganacl|Salt Cure|p2a: Slowking\n|-damage|p2a: Slowking|82\/100\n|-start|p2a: Slowking|Salt Cure\n|\n|-heal|p2a: Slowking|88\/100|[from] item: Leftovers\n|-damage|p2a: Slowking|76\/100|[from] Salt Cure\n|upkeep\n|turn|37\n|\n|t:|1700652005\n|move|p2a: Slowking|Future Sight|p1a: Garganacl\n|-start|p2a: Slowking|move: Future Sight\n|move|p1a: Garganacl|Stealth Rock|p2a: Slowking\n|-sidestart|p2: yyysneasel|move: Stealth Rock\n|\n|-heal|p2a: Slowking|82\/100|[from] item: Leftovers\n|-damage|p2a: Slowking|69\/100|[from] Salt Cure\n|upkeep\n|turn|38\n|\n|t:|1700652012\n|move|p2a: Slowking|Sludge Bomb|p1a: Garganacl\n|-resisted|p1a: Garganacl\n|-damage|p1a: Garganacl|65\/100\n|move|p1a: Garganacl|Salt Cure|p2a: Slowking\n|-damage|p2a: Slowking|52\/100\n|\n|-heal|p2a: Slowking|58\/100|[from] item: Leftovers\n|-damage|p2a: Slowking|46\/100|[from] Salt Cure\n|upkeep\n|turn|39\n|\n|t:|1700652019\n|switch|p1a: Slowking|Slowking, M|100\/100 par\n|move|p2a: Slowking|Sludge Bomb|p1a: Slowking\n|-damage|p1a: Slowking|78\/100 par\n|\n|-end|p1a: Slowking|move: Future Sight\n|-resisted|p1a: Slowking\n|-damage|p1a: Slowking|61\/100 par\n|-heal|p2a: Slowking|52\/100|[from] item: Leftovers\n|-damage|p2a: Slowking|39\/100|[from] Salt Cure\n|upkeep\n|turn|40\n|\n|t:|1700652029\n|switch|p2a: It's Joever|Clefable, M|71\/100\n|move|p1a: Slowking|Future Sight|p2a: It's Joever\n|-start|p1a: Slowking|move: Future Sight\n|\n|upkeep\n|turn|41\n|\n|t:|1700652034\n|switch|p1a: Scizor|Scizor, M|100\/100\n|move|p2a: It's Joever|Wish|p2a: It's Joever\n|\n|upkeep\n|turn|42\n|\n|t:|1700652042\n|switch|p2a: FreePalestine\ud83c\uddf5\ud83c\uddf8|Corviknight, F|92\/100\n|-damage|p2a: FreePalestine\ud83c\uddf5\ud83c\uddf8|79\/100|[from] Stealth Rock\n|-ability|p2a: FreePalestine\ud83c\uddf5\ud83c\uddf8|Pressure\n|move|p1a: Scizor|Bullet Punch|p2a: FreePalestine\ud83c\uddf5\ud83c\uddf8\n|-resisted|p2a: FreePalestine\ud83c\uddf5\ud83c\uddf8\n|-damage|p2a: FreePalestine\ud83c\uddf5\ud83c\uddf8|64\/100\n|\n|-end|p2a: FreePalestine\ud83c\uddf5\ud83c\uddf8|move: Future Sight\n|-resisted|p2a: FreePalestine\ud83c\uddf5\ud83c\uddf8\n|-damage|p2a: FreePalestine\ud83c\uddf5\ud83c\uddf8|46\/100\n|-heal|p2a: FreePalestine\ud83c\uddf5\ud83c\uddf8|95\/100|[from] move: Wish|[wisher] It's Joever\n|upkeep\n|turn|43\n|\n|t:|1700652044\n|switch|p1a: Garganacl|Garganacl, M|65\/100\n|move|p2a: FreePalestine\ud83c\uddf5\ud83c\uddf8|Defog|p1a: Garganacl\n|-unboost|p1a: Garganacl|evasion|1\n|-sideend|p2: yyysneasel|Stealth Rock|[from] move: Defog|[of] p2a: FreePalestine\ud83c\uddf5\ud83c\uddf8\n|\n|upkeep\n|turn|44\n|\n|t:|1700652050\n|move|p2a: FreePalestine\ud83c\uddf5\ud83c\uddf8|U-turn|p1a: Garganacl\n|-damage|p1a: Garganacl|57\/100\n|\n|t:|1700652052\n|switch|p2a: Slowking|Slowking-Galar, M|73\/100|[from] U-turn\n|move|p1a: Garganacl|Salt Cure|p2a: Slowking\n|-damage|p2a: Slowking|55\/100\n|-start|p2a: Slowking|Salt Cure\n|\n|-heal|p2a: Slowking|61\/100|[from] item: Leftovers\n|-damage|p2a: Slowking|49\/100|[from] Salt Cure\n|upkeep\n|turn|45\n|\n|t:|1700652057\n|switch|p2a: FreePalestine\ud83c\uddf5\ud83c\uddf8|Corviknight, F|95\/100\n|-ability|p2a: FreePalestine\ud83c\uddf5\ud83c\uddf8|Pressure\n|switch|p1a: Samurott|Samurott-Hisui, M|100\/100\n|\n|upkeep\n|turn|46\n|\n|t:|1700652062\n|move|p1a: Samurott|Aqua Cutter|p2a: FreePalestine\ud83c\uddf5\ud83c\uddf8\n|-crit|p2a: FreePalestine\ud83c\uddf5\ud83c\uddf8\n|-damage|p2a: FreePalestine\ud83c\uddf5\ud83c\uddf8|52\/100\n|move|p2a: FreePalestine\ud83c\uddf5\ud83c\uddf8|Brave Bird|p1a: Samurott\n|-damage|p1a: Samurott|50\/100\n|-damage|p2a: FreePalestine\ud83c\uddf5\ud83c\uddf8|38\/100|[from] Recoil\n|\n|upkeep\n|turn|47\n|\n|t:|1700652067\n|switch|p1a: Garganacl|Garganacl, M|57\/100\n|move|p2a: FreePalestine\ud83c\uddf5\ud83c\uddf8|Roost|p2a: FreePalestine\ud83c\uddf5\ud83c\uddf8\n|-heal|p2a: FreePalestine\ud83c\uddf5\ud83c\uddf8|88\/100\n|-singleturn|p2a: FreePalestine\ud83c\uddf5\ud83c\uddf8|move: Roost\n|\n|upkeep\n|turn|48\n|\n|t:|1700652071\n|move|p2a: FreePalestine\ud83c\uddf5\ud83c\uddf8|U-turn|p1a: Garganacl\n|-damage|p1a: Garganacl|50\/100\n|\n|t:|1700652074\n|switch|p2a: It's Joever|Clefable, M|71\/100|[from] U-turn\n|move|p1a: Garganacl|Recover|p1a: Garganacl\n|-heal|p1a: Garganacl|99\/100\n|\n|upkeep\n|turn|49\n|\n|t:|1700652078\n|switch|p1a: Scizor|Scizor, M|100\/100\n|move|p2a: It's Joever|Wish|p2a: It's Joever\n|\n|upkeep\n|turn|50\n|\n|t:|1700652084\n|switch|p2a: stannin on bihness|Toxapex, F|85\/100\n|move|p1a: Scizor|U-turn|p2a: stannin on bihness\n|-resisted|p2a: stannin on bihness\n|-damage|p2a: stannin on bihness|67\/100\n|\n|t:|1700652096\n|switch|p1a: Samurott|Samurott-Hisui, M|50\/100|[from] U-turn\n|\n|-heal|p2a: stannin on bihness|100\/100|[from] move: Wish|[wisher] It's Joever\n|upkeep\n|turn|51\n|\n|t:|1700652099\n|move|p1a: Samurott|Ceaseless Edge|p2a: stannin on bihness|[miss]\n|-miss|p1a: Samurott|p2a: stannin on bihness\n|move|p2a: stannin on bihness|Infestation|p1a: Samurott\n|-supereffective|p1a: Samurott\n|-damage|p1a: Samurott|41\/100\n|-activate|p1a: Samurott|move: Infestation|[of] p2a: stannin on bihness\n|\n|-damage|p1a: Samurott|29\/100|[from] move: Infestation|[partiallytrapped]\n|upkeep\n|turn|52\n|\n|t:|1700652104\n|move|p1a: Samurott|Ceaseless Edge|p2a: stannin on bihness\n|-damage|p2a: stannin on bihness|75\/100\n|-sidestart|p2: yyysneasel|Spikes\n|move|p2a: stannin on bihness|Toxic|p1a: Samurott\n|-status|p1a: Samurott|tox\n|\n|-damage|p1a: Samurott|22\/100 tox|[from] psn\n|-damage|p1a: Samurott|10\/100 tox|[from] move: Infestation|[partiallytrapped]\n|upkeep\n|turn|53\n|\n|t:|1700652110\n|move|p1a: Samurott|Knock Off|p2a: stannin on bihness\n|-damage|p2a: stannin on bihness|50\/100\n|-enditem|p2a: stannin on bihness|Heavy-Duty Boots|[from] move: Knock Off|[of] p1a: Samurott\n|move|p2a: stannin on bihness|Recover|p2a: stannin on bihness\n|-heal|p2a: stannin on bihness|100\/100\n|\n|-damage|p1a: Samurott|0 fnt|[from] psn\n|faint|p1a: Samurott\n|upkeep\n|\n|t:|1700652119\n|switch|p1a: Great Tusk|Great Tusk|80\/100\n|turn|54\n|\n|t:|1700652122\n|move|p1a: Great Tusk|Earthquake|p2a: stannin on bihness\n|-supereffective|p2a: stannin on bihness\n|-damage|p2a: stannin on bihness|29\/100\n|move|p2a: stannin on bihness|Toxic|p1a: Great Tusk\n|-status|p1a: Great Tusk|tox\n|\n|-heal|p1a: Great Tusk|86\/100 tox|[from] item: Leftovers\n|-damage|p1a: Great Tusk|80\/100 tox|[from] psn\n|upkeep\n|turn|55\n|\n|t:|1700652128\n|-end|p1a: Great Tusk|Protosynthesis|[silent]\n|switch|p1a: Garganacl|Garganacl, M|99\/100\n|switch|p2a: FreePalestine\ud83c\uddf5\ud83c\uddf8|Corviknight, F|88\/100\n|-ability|p2a: FreePalestine\ud83c\uddf5\ud83c\uddf8|Pressure\n|\n|upkeep\n|turn|56\n|\n|t:|1700652132\n|move|p2a: FreePalestine\ud83c\uddf5\ud83c\uddf8|Defog|p1a: Garganacl\n|-unboost|p1a: Garganacl|evasion|1\n|-sideend|p2: yyysneasel|Spikes|[from] move: Defog|[of] p2a: FreePalestine\ud83c\uddf5\ud83c\uddf8\n|move|p1a: Garganacl|Salt Cure|p2a: FreePalestine\ud83c\uddf5\ud83c\uddf8\n|-damage|p2a: FreePalestine\ud83c\uddf5\ud83c\uddf8|80\/100\n|-start|p2a: FreePalestine\ud83c\uddf5\ud83c\uddf8|Salt Cure\n|\n|-damage|p2a: FreePalestine\ud83c\uddf5\ud83c\uddf8|55\/100|[from] Salt Cure\n|upkeep\n|turn|57\n|\n|t:|1700652136\n|switch|p2a: It's Joever|Clefable, M|71\/100\n|move|p1a: Garganacl|Stealth Rock|p2a: It's Joever\n|-sidestart|p2: yyysneasel|move: Stealth Rock\n|\n|upkeep\n|turn|58\n|\n|t:|1700652142\n|switch|p1a: Scizor|Scizor, M|100\/100\n|move|p2a: It's Joever|Wish|p2a: It's Joever\n|\n|upkeep\n|turn|59\n|c|\u2606yyysneasel|its joever\n|\n|t:|1700652147\n|switch|p2a: FreePalestine\ud83c\uddf5\ud83c\uddf8|Corviknight, F|55\/100\n|-damage|p2a: FreePalestine\ud83c\uddf5\ud83c\uddf8|43\/100|[from] Stealth Rock\n|-ability|p2a: FreePalestine\ud83c\uddf5\ud83c\uddf8|Pressure\n|move|p1a: Scizor|U-turn|p2a: FreePalestine\ud83c\uddf5\ud83c\uddf8\n|-resisted|p2a: FreePalestine\ud83c\uddf5\ud83c\uddf8\n|-damage|p2a: FreePalestine\ud83c\uddf5\ud83c\uddf8|35\/100\n|\n|t:|1700652153\n|switch|p1a: Dragapult|Dragapult, M|100\/100|[from] U-turn\n|\n|-heal|p2a: FreePalestine\ud83c\uddf5\ud83c\uddf8|84\/100|[from] move: Wish|[wisher] It's Joever\n|upkeep\n|turn|60\n|\n|t:|1700652157\n|switch|p2a: stannin on bihness|Toxapex, F|63\/100\n|-damage|p2a: stannin on bihness|50\/100|[from] Stealth Rock\n|move|p1a: Dragapult|Will-O-Wisp|p2a: stannin on bihness\n|-status|p2a: stannin on bihness|brn\n|\n|-damage|p2a: stannin on bihness|44\/100 brn|[from] brn\n|upkeep\n|turn|61\n|\n|t:|1700652162\n|switch|p2a: It's Joever|Clefable, M|71\/100\n|move|p1a: Dragapult|Hex|p2a: It's Joever\n|-damage|p2a: It's Joever|51\/100\n|\n|upkeep\n|turn|62\n|\n|t:|1700652168\n|move|p1a: Dragapult|U-turn|p2a: It's Joever\n|-resisted|p2a: It's Joever\n|-damage|p2a: It's Joever|41\/100\n|\n|t:|1700652169\n|switch|p1a: Scizor|Scizor, M|100\/100|[from] U-turn\n|move|p2a: It's Joever|Wish|p2a: It's Joever\n|\n|upkeep\n|turn|63\n|\n|t:|1700652174\n|move|p2a: It's Joever|Protect|p2a: It's Joever\n|-singleturn|p2a: It's Joever|Protect\n|move|p1a: Scizor|Bullet Punch|p2a: It's Joever\n|-activate|p2a: It's Joever|move: Protect\n|\n|-heal|p2a: It's Joever|91\/100|[from] move: Wish|[wisher] It's Joever\n|upkeep\n|turn|64\n|\n|t:|1700652178\n|switch|p1a: Garganacl|Garganacl, M|99\/100\n|switch|p2a: stannin on bihness|Toxapex, F|78\/100 brn\n|-damage|p2a: stannin on bihness|66\/100 brn|[from] Stealth Rock\n|\n|-damage|p2a: stannin on bihness|60\/100 brn|[from] brn\n|upkeep\n|turn|65\n|\n|t:|1700652182\n|switch|p2a: FreePalestine\ud83c\uddf5\ud83c\uddf8|Corviknight, F|84\/100\n|-damage|p2a: FreePalestine\ud83c\uddf5\ud83c\uddf8|72\/100|[from] Stealth Rock\n|-ability|p2a: FreePalestine\ud83c\uddf5\ud83c\uddf8|Pressure\n|move|p1a: Garganacl|Salt Cure|p2a: FreePalestine\ud83c\uddf5\ud83c\uddf8\n|-damage|p2a: FreePalestine\ud83c\uddf5\ud83c\uddf8|63\/100\n|-start|p2a: FreePalestine\ud83c\uddf5\ud83c\uddf8|Salt Cure\n|\n|-damage|p2a: FreePalestine\ud83c\uddf5\ud83c\uddf8|38\/100|[from] Salt Cure\n|upkeep\n|turn|66\n|\n|t:|1700652185\n|move|p2a: FreePalestine\ud83c\uddf5\ud83c\uddf8|Defog|p1a: Garganacl\n|-unboost|p1a: Garganacl|evasion|1\n|-sideend|p2: yyysneasel|Stealth Rock|[from] move: Defog|[of] p2a: FreePalestine\ud83c\uddf5\ud83c\uddf8\n|move|p1a: Garganacl|Body Press|p2a: FreePalestine\ud83c\uddf5\ud83c\uddf8\n|-damage|p2a: FreePalestine\ud83c\uddf5\ud83c\uddf8|20\/100\n|\n|-damage|p2a: FreePalestine\ud83c\uddf5\ud83c\uddf8|0 fnt|[from] Salt Cure\n|faint|p2a: FreePalestine\ud83c\uddf5\ud83c\uddf8\n|upkeep\n|\n|t:|1700652193\n|switch|p2a: stannin on bihness|Toxapex, F|93\/100 brn\n|turn|67\n|\n|t:|1700652199\n|switch|p1a: Slowking|Slowking, M|94\/100 par\n|move|p2a: stannin on bihness|Infestation|p1a: Slowking\n|-supereffective|p1a: Slowking\n|-damage|p1a: Slowking|91\/100 par\n|-activate|p1a: Slowking|move: Infestation|[of] p2a: stannin on bihness\n|\n|-damage|p2a: stannin on bihness|87\/100 brn|[from] brn\n|-damage|p1a: Slowking|79\/100 par|[from] move: Infestation|[partiallytrapped]\n|upkeep\n|turn|68\n|\n|t:|1700652206\n|switch|p2a: It's Joever|Clefable, M|91\/100\n|move|p1a: Slowking|Chilly Reception|p1a: Slowking\n|-weather|Snow\n|\n|t:|1700652211\n|switch|p1a: Scizor|Scizor, M|100\/100|[from] Chilly Reception\n|\n|-weather|Snow|[upkeep]\n|upkeep\n|turn|69\n|\n|t:|1700652214\n|move|p2a: It's Joever|Protect|p2a: It's Joever\n|-singleturn|p2a: It's Joever|Protect\n|move|p1a: Scizor|Bullet Punch|p2a: It's Joever\n|-activate|p2a: It's Joever|move: Protect\n|\n|-weather|Snow|[upkeep]\n|upkeep\n|turn|70\n|\n|t:|1700652219\n|switch|p2a: Ripbozo \ud83d\ude02 \ud83d\ude02|Dondozo, M|94\/100\n|move|p1a: Scizor|Bullet Punch|p2a: Ripbozo \ud83d\ude02 \ud83d\ude02\n|-resisted|p2a: Ripbozo \ud83d\ude02 \ud83d\ude02\n|-damage|p2a: Ripbozo \ud83d\ude02 \ud83d\ude02|84\/100\n|\n|-weather|Snow|[upkeep]\n|-heal|p2a: Ripbozo \ud83d\ude02 \ud83d\ude02|90\/100|[from] item: Leftovers\n|upkeep\n|turn|71\n|\n|t:|1700652225\n|switch|p1a: Dragapult|Dragapult, M|100\/100\n|move|p2a: Ripbozo \ud83d\ude02 \ud83d\ude02|Wave Crash|p1a: Dragapult\n|-resisted|p1a: Dragapult\n|-damage|p1a: Dragapult|68\/100\n|-damage|p2a: Ripbozo \ud83d\ude02 \ud83d\ude02|83\/100|[from] Recoil\n|\n|-weather|Snow|[upkeep]\n|-heal|p2a: Ripbozo \ud83d\ude02 \ud83d\ude02|89\/100|[from] item: Leftovers\n|upkeep\n|turn|72\n|\n|t:|1700652230\n|move|p1a: Dragapult|Will-O-Wisp|p2a: Ripbozo \ud83d\ude02 \ud83d\ude02\n|-status|p2a: Ripbozo \ud83d\ude02 \ud83d\ude02|brn\n|move|p2a: Ripbozo \ud83d\ude02 \ud83d\ude02|Wave Crash|p1a: Dragapult\n|-resisted|p1a: Dragapult\n|-damage|p1a: Dragapult|53\/100\n|-damage|p2a: Ripbozo \ud83d\ude02 \ud83d\ude02|86\/100 brn|[from] Recoil\n|\n|-weather|none\n|-heal|p2a: Ripbozo \ud83d\ude02 \ud83d\ude02|92\/100 brn|[from] item: Leftovers\n|-damage|p2a: Ripbozo \ud83d\ude02 \ud83d\ude02|86\/100 brn|[from] brn\n|upkeep\n|turn|73\n|\n|t:|1700652233\n|switch|p2a: It's Joever|Clefable, M|91\/100\n|move|p1a: Dragapult|Hex|p2a: It's Joever\n|-damage|p2a: It's Joever|71\/100\n|\n|upkeep\n|turn|74\n|\n|t:|1700652238\n|move|p1a: Dragapult|U-turn|p2a: It's Joever\n|-resisted|p2a: It's Joever\n|-damage|p2a: It's Joever|61\/100\n|\n|t:|1700652240\n|switch|p1a: Scizor|Scizor, M|100\/100|[from] U-turn\n|move|p2a: It's Joever|Wish|p2a: It's Joever\n|\n|upkeep\n|turn|75\n|\n|t:|1700652242\n|move|p2a: It's Joever|Protect|p2a: It's Joever\n|-singleturn|p2a: It's Joever|Protect\n|move|p1a: Scizor|Bullet Punch|p2a: It's Joever\n|-activate|p2a: It's Joever|move: Protect\n|\n|-heal|p2a: It's Joever|100\/100|[from] move: Wish|[wisher] It's Joever\n|upkeep\n|turn|76\n|\n|t:|1700652250\n|switch|p1a: Garganacl|Garganacl, M|99\/100\n|switch|p2a: stannin on bihness|Toxapex, F|100\/100 brn\n|\n|-damage|p2a: stannin on bihness|95\/100 brn|[from] brn\n|upkeep\n|turn|77\n|\n|t:|1700652255\n|switch|p2a: Slowking|Slowking-Galar, M|82\/100\n|move|p1a: Garganacl|Salt Cure|p2a: Slowking\n|-damage|p2a: Slowking|64\/100\n|-start|p2a: Slowking|Salt Cure\n|\n|-heal|p2a: Slowking|70\/100|[from] item: Leftovers\n|-damage|p2a: Slowking|58\/100|[from] Salt Cure\n|upkeep\n|turn|78\n|\n|t:|1700652261\n|move|p2a: Slowking|Future Sight|p1a: Garganacl\n|-start|p2a: Slowking|move: Future Sight\n|move|p1a: Garganacl|Stealth Rock|p2a: Slowking\n|-sidestart|p2: yyysneasel|move: Stealth Rock\n|\n|-heal|p2a: Slowking|64\/100|[from] item: Leftovers\n|-damage|p2a: Slowking|51\/100|[from] Salt Cure\n|upkeep\n|turn|79\n|\n|t:|1700652268\n|move|p2a: Slowking|Sludge Bomb|p1a: Garganacl\n|-resisted|p1a: Garganacl\n|-crit|p1a: Garganacl\n|-damage|p1a: Garganacl|72\/100\n|move|p1a: Garganacl|Salt Cure|p2a: Slowking\n|-damage|p2a: Slowking|35\/100\n|\n|-heal|p2a: Slowking|41\/100|[from] item: Leftovers\n|-damage|p2a: Slowking|29\/100|[from] Salt Cure\n|upkeep\n|turn|80\n|\n|t:|1700652272\n|switch|p2a: stannin on bihness|Toxapex, F|100\/100 brn\n|-damage|p2a: stannin on bihness|88\/100 brn|[from] Stealth Rock\n|switch|p1a: Slowking|Slowking, M|100\/100 par\n|\n|-end|p1a: Slowking|move: Future Sight\n|-resisted|p1a: Slowking\n|-damage|p1a: Slowking|85\/100 par\n|-damage|p2a: stannin on bihness|82\/100 brn|[from] brn\n|upkeep\n|turn|81\n|\n|t:|1700652276\n|move|p2a: stannin on bihness|Infestation|p1a: Slowking\n|-supereffective|p1a: Slowking\n|-damage|p1a: Slowking|81\/100 par\n|-activate|p1a: Slowking|move: Infestation|[of] p2a: stannin on bihness\n|cant|p1a: Slowking|par\n|\n|-damage|p2a: stannin on bihness|76\/100 brn|[from] brn\n|-damage|p1a: Slowking|69\/100 par|[from] move: Infestation|[partiallytrapped]\n|upkeep\n|turn|82\n|\n|t:|1700652283\n|switch|p2a: It's Joever|Clefable, M|100\/100\n|move|p1a: Slowking|Chilly Reception|p1a: Slowking\n|-weather|Snow\n|\n|t:|1700652294\n|switch|p1a: Scizor|Scizor, M|100\/100|[from] Chilly Reception\n|\n|-weather|Snow|[upkeep]\n|upkeep\n|turn|83\n|\n|t:|1700652297\n|move|p2a: It's Joever|Protect|p2a: It's Joever\n|-singleturn|p2a: It's Joever|Protect\n|move|p1a: Scizor|Knock Off|p2a: It's Joever\n|-activate|p2a: It's Joever|move: Protect\n|\n|-weather|Snow|[upkeep]\n|upkeep\n|turn|84\n|\n|t:|1700652301\n|switch|p2a: stannin on bihness|Toxapex, F|100\/100 brn\n|-damage|p2a: stannin on bihness|88\/100 brn|[from] Stealth Rock\n|move|p1a: Scizor|Knock Off|p2a: stannin on bihness\n|-damage|p2a: stannin on bihness|65\/100 brn\n|\n|-weather|Snow|[upkeep]\n|-damage|p2a: stannin on bihness|59\/100 brn|[from] brn\n|upkeep\n|turn|85\n|\n|t:|1700652307\n|switch|p1a: Slowking|Slowking, M|100\/100 par\n|move|p2a: stannin on bihness|Infestation|p1a: Slowking\n|-supereffective|p1a: Slowking\n|-damage|p1a: Slowking|96\/100 par\n|-activate|p1a: Slowking|move: Infestation|[of] p2a: stannin on bihness\n|\n|-weather|Snow|[upkeep]\n|-damage|p2a: stannin on bihness|53\/100 brn|[from] brn\n|-damage|p1a: Slowking|84\/100 par|[from] move: Infestation|[partiallytrapped]\n|upkeep\n|turn|86\n|\n|t:|1700652311\n|switch|p2a: It's Joever|Clefable, M|100\/100\n|move|p1a: Slowking|Chilly Reception|p1a: Slowking\n|\n|t:|1700652322\n|switch|p1a: Scizor|Scizor, M|100\/100|[from] Chilly Reception\n|\n|-weather|none\n|upkeep\n|turn|87\n|\n|t:|1700652325\n|move|p2a: It's Joever|Protect|p2a: It's Joever\n|-singleturn|p2a: It's Joever|Protect\n|move|p1a: Scizor|Bullet Punch|p2a: It's Joever\n|-activate|p2a: It's Joever|move: Protect\n|\n|upkeep\n|turn|88\n|\n|t:|1700652333\n|switch|p1a: Garganacl|Garganacl, M|72\/100\n|switch|p2a: stannin on bihness|Toxapex, F|87\/100 brn\n|-damage|p2a: stannin on bihness|74\/100 brn|[from] Stealth Rock\n|\n|-damage|p2a: stannin on bihness|68\/100 brn|[from] brn\n|upkeep\n|turn|89\n|\n|t:|1700652346\n|switch|p1a: Slowking|Slowking, M|100\/100 par\n|move|p2a: stannin on bihness|Surf|p1a: Slowking\n|-resisted|p1a: Slowking\n|-damage|p1a: Slowking|95\/100 par\n|\n|-damage|p2a: stannin on bihness|63\/100 brn|[from] brn\n|upkeep\n|turn|90\n|\n|t:|1700652350\n|move|p2a: stannin on bihness|Infestation|p1a: Slowking\n|-supereffective|p1a: Slowking\n|-crit|p1a: Slowking\n|-damage|p1a: Slowking|90\/100 par\n|-activate|p1a: Slowking|move: Infestation|[of] p2a: stannin on bihness\n|move|p1a: Slowking|Future Sight|p2a: stannin on bihness\n|-start|p1a: Slowking|move: Future Sight\n|\n|-damage|p2a: stannin on bihness|57\/100 brn|[from] brn\n|-damage|p1a: Slowking|77\/100 par|[from] move: Infestation|[partiallytrapped]\n|upkeep\n|turn|91\n|\n|t:|1700652354\n|move|p2a: stannin on bihness|Recover|p2a: stannin on bihness\n|-heal|p2a: stannin on bihness|100\/100 brn\n|move|p1a: Slowking|Future Sight||[still]\n|-fail|p1a: Slowking\n|\n|-damage|p2a: stannin on bihness|95\/100 brn|[from] brn\n|-damage|p1a: Slowking|65\/100 par|[from] move: Infestation|[partiallytrapped]\n|upkeep\n|turn|92\n|\n|t:|1700652358\n|switch|p2a: It's Joever|Clefable, M|100\/100\n|cant|p1a: Slowking|par\n|\n|-end|p2a: It's Joever|move: Future Sight\n|-damage|p2a: It's Joever|73\/100\n|-end|p1a: Slowking|Infestation|[partiallytrapped]|[silent]\n|upkeep\n|turn|93\n|\n|t:|1700652370\n|switch|p1a: Scizor|Scizor, M|100\/100\n|move|p2a: It's Joever|Moonblast|p1a: Scizor\n|-resisted|p1a: Scizor\n|-damage|p1a: Scizor|80\/100\n|\n|upkeep\n|turn|94\n|\n|t:|1700652377\n|move|p2a: It's Joever|Protect|p2a: It's Joever\n|-singleturn|p2a: It's Joever|Protect\n|move|p1a: Scizor|Knock Off|p2a: It's Joever\n|-activate|p2a: It's Joever|move: Protect\n|\n|upkeep\n|turn|95\n|\n|t:|1700652380\n|switch|p2a: stannin on bihness|Toxapex, F|100\/100 brn\n|-damage|p2a: stannin on bihness|88\/100 brn|[from] Stealth Rock\n|move|p1a: Scizor|Knock Off|p2a: stannin on bihness\n|-damage|p2a: stannin on bihness|67\/100 brn\n|\n|-damage|p2a: stannin on bihness|61\/100 brn|[from] brn\n|upkeep\n|turn|96\n|\n|t:|1700652386\n|switch|p1a: Slowking|Slowking, M|98\/100 par\n|move|p2a: stannin on bihness|Infestation|p1a: Slowking\n|-supereffective|p1a: Slowking\n|-damage|p1a: Slowking|95\/100 par\n|-activate|p1a: Slowking|move: Infestation|[of] p2a: stannin on bihness\n|\n|-damage|p2a: stannin on bihness|55\/100 brn|[from] brn\n|-damage|p1a: Slowking|82\/100 par|[from] move: Infestation|[partiallytrapped]\n|upkeep\n|turn|97\n|\n|t:|1700652391\n|switch|p2a: It's Joever|Clefable, M|73\/100\n|cant|p1a: Slowking|par\n|\n|-end|p1a: Slowking|Infestation|[partiallytrapped]|[silent]\n|upkeep\n|turn|98\n|\n|t:|1700652394\n|move|p2a: It's Joever|Wish|p2a: It's Joever\n|cant|p1a: Slowking|par\n|\n|upkeep\n|turn|99\n|\n|t:|1700652398\n|switch|p1a: Scizor|Scizor, M|80\/100\n|move|p2a: It's Joever|Moonblast|p1a: Scizor\n|-resisted|p1a: Scizor\n|-damage|p1a: Scizor|61\/100\n|-unboost|p1a: Scizor|spa|1\n|\n|-heal|p2a: It's Joever|100\/100|[from] move: Wish|[wisher] It's Joever\n|upkeep\n|turn|100\n|\n|t:|1700652404\n|move|p2a: It's Joever|Protect|p2a: It's Joever\n|-singleturn|p2a: It's Joever|Protect\n|move|p1a: Scizor|Knock Off|p2a: It's Joever\n|-activate|p2a: It's Joever|move: Protect\n|\n|upkeep\n|turn|101\n|\n|t:|1700652410\n|switch|p1a: Garganacl|Garganacl, M|72\/100\n|switch|p2a: stannin on bihness|Toxapex, F|89\/100 brn\n|-damage|p2a: stannin on bihness|76\/100 brn|[from] Stealth Rock\n|\n|-damage|p2a: stannin on bihness|70\/100 brn|[from] brn\n|upkeep\n|turn|102\n|\n|t:|1700652415\n|move|p1a: Garganacl|Salt Cure|p2a: stannin on bihness\n|-damage|p2a: stannin on bihness|62\/100 brn\n|-start|p2a: stannin on bihness|Salt Cure\n|move|p2a: stannin on bihness|Infestation|p1a: Garganacl\n|-damage|p1a: Garganacl|69\/100\n|-activate|p1a: Garganacl|move: Infestation|[of] p2a: stannin on bihness\n|\n|-damage|p2a: stannin on bihness|56\/100 brn|[from] brn\n|-damage|p1a: Garganacl|56\/100|[from] move: Infestation|[partiallytrapped]\n|-damage|p2a: stannin on bihness|31\/100 brn|[from] Salt Cure\n|upkeep\n|turn|103\n|\n|t:|1700652424\n|switch|p2a: Slowking|Slowking-Galar, M|62\/100\n|-damage|p2a: Slowking|49\/100|[from] Stealth Rock\n|move|p1a: Garganacl|Recover|p1a: Garganacl\n|-heal|p1a: Garganacl|100\/100\n|\n|-heal|p2a: Slowking|55\/100|[from] item: Leftovers\n|-end|p1a: Garganacl|Infestation|[partiallytrapped]|[silent]\n|upkeep\n|turn|104\n|\n|t:|1700652430\n|switch|p1a: Slowking|Slowking, M|100\/100 par\n|move|p2a: Slowking|Future Sight|p1a: Slowking\n|-start|p2a: Slowking|move: Future Sight\n|\n|-heal|p2a: Slowking|62\/100|[from] item: Leftovers\n|upkeep\n|turn|105\n|\n|t:|1700652435\n|switch|p2a: It's Joever|Clefable, M|100\/100\n|move|p1a: Slowking|Chilly Reception|p1a: Slowking\n|-weather|Snow\n|\n|t:|1700652441\n|switch|p1a: Scizor|Scizor, M|61\/100|[from] Chilly Reception\n|\n|-weather|Snow|[upkeep]\n|upkeep\n|turn|106\n|\n|t:|1700652445\n|switch|p2a: stannin on bihness|Toxapex, F|64\/100 brn\n|-damage|p2a: stannin on bihness|52\/100 brn|[from] Stealth Rock\n|move|p1a: Scizor|Bullet Punch|p2a: stannin on bihness\n|-resisted|p2a: stannin on bihness\n|-damage|p2a: stannin on bihness|37\/100 brn\n|\n|-weather|Snow|[upkeep]\n|-end|p1a: Scizor|move: Future Sight\n|-resisted|p1a: Scizor\n|-damage|p1a: Scizor|30\/100\n|-damage|p2a: stannin on bihness|31\/100 brn|[from] brn\n|upkeep\n|turn|107\n|\n|t:|1700652457\n|switch|p1a: Garganacl|Garganacl, M|100\/100\n|move|p2a: stannin on bihness|Recover|p2a: stannin on bihness\n|-heal|p2a: stannin on bihness|81\/100 brn\n|\n|-weather|Snow|[upkeep]\n|-damage|p2a: stannin on bihness|75\/100 brn|[from] brn\n|upkeep\n|turn|108\n|\n|t:|1700652464\n|switch|p1a: Slowking|Slowking, M|100\/100 par\n|switch|p2a: Slowking|Slowking-Galar, M|95\/100\n|-damage|p2a: Slowking|82\/100|[from] Stealth Rock\n|\n|-weather|Snow|[upkeep]\n|-heal|p2a: Slowking|88\/100|[from] item: Leftovers\n|upkeep\n|turn|109\n|\n|t:|1700652468\n|move|p2a: Slowking|Future Sight|p1a: Slowking\n|-start|p2a: Slowking|move: Future Sight\n|cant|p1a: Slowking|par\n|\n|-weather|none\n|-heal|p2a: Slowking|94\/100|[from] item: Leftovers\n|upkeep\n|turn|110\n|\n|t:|1700652473\n|switch|p2a: It's Joever|Clefable, M|100\/100\n|move|p1a: Slowking|Chilly Reception|p1a: Slowking\n|-weather|Snow\n|\n|t:|1700652478\n|switch|p1a: Garganacl|Garganacl, M|100\/100|[from] Chilly Reception\n|\n|-weather|Snow|[upkeep]\n|upkeep\n|turn|111\n|\n|t:|1700652485\n|switch|p2a: Slowking|Slowking-Galar, M|100\/100\n|-damage|p2a: Slowking|88\/100|[from] Stealth Rock\n|switch|p1a: Slowking|Slowking, M|100\/100 par\n|\n|-weather|Snow|[upkeep]\n|-end|p1a: Slowking|move: Future Sight\n|-resisted|p1a: Slowking\n|-crit|p1a: Slowking\n|-damage|p1a: Slowking|77\/100 par\n|-heal|p2a: Slowking|94\/100|[from] item: Leftovers\n|upkeep\n|turn|112\n|\n|t:|1700652504\n|switch|p1a: Garganacl|Garganacl, M|100\/100\n|move|p2a: Slowking|Future Sight|p1a: Garganacl\n|-start|p2a: Slowking|move: Future Sight\n|\n|-weather|Snow|[upkeep]\n|-heal|p2a: Slowking|99\/100|[from] item: Leftovers\n|upkeep\n|turn|113\n|\n|t:|1700652511\n|switch|p1a: Slowking|Slowking, M|100\/100 par\n|move|p2a: Slowking|Sludge Bomb|p1a: Slowking\n|-damage|p1a: Slowking|76\/100 par\n|\n|-weather|Snow|[upkeep]\n|-heal|p2a: Slowking|100\/100|[from] item: Leftovers\n|upkeep\n|turn|114\n|\n|t:|1700652515\n|switch|p2a: It's Joever|Clefable, M|100\/100\n|move|p1a: Slowking|Future Sight|p2a: It's Joever\n|-start|p1a: Slowking|move: Future Sight\n|\n|-weather|none\n|-end|p1a: Slowking|move: Future Sight\n|-resisted|p1a: Slowking\n|-damage|p1a: Slowking|62\/100 par\n|upkeep\n|turn|115\n|\n|t:|1700652528\n|switch|p1a: Garganacl|Garganacl, M|100\/100\n|move|p2a: It's Joever|Moonblast|p1a: Garganacl\n|-damage|p1a: Garganacl|69\/100\n|\n|upkeep\n|turn|116\n|\n|t:|1700652533\n|switch|p1a: Slowking|Slowking, M|95\/100 par\n|move|p2a: It's Joever|Protect||[still]\n|-fail|p2a: It's Joever\n|\n|-end|p2a: It's Joever|move: Future Sight\n|-damage|p2a: It's Joever|71\/100\n|upkeep\n|turn|117\n|\n|t:|1700652541\n|move|p2a: It's Joever|Wish|p2a: It's Joever\n|move|p1a: Slowking|Scald|p2a: It's Joever\n|-damage|p2a: It's Joever|51\/100\n|\n|upkeep\n|turn|118\n|\n|t:|1700652548\n|switch|p1a: Garganacl|Garganacl, M|69\/100\n|move|p2a: It's Joever|Protect||[still]\n|-fail|p2a: It's Joever\n|\n|-heal|p2a: It's Joever|100\/100|[from] move: Wish|[wisher] It's Joever\n|upkeep\n|turn|119\n|\n|t:|1700652553\n|switch|p2a: Slowking|Slowking-Galar, M|100\/100\n|-damage|p2a: Slowking|88\/100|[from] Stealth Rock\n|switch|p1a: Slowking|Slowking, M|100\/100 par\n|\n|-heal|p2a: Slowking|94\/100|[from] item: Leftovers\n|upkeep\n|turn|120\n|\n|t:|1700652559\n|move|p2a: Slowking|Future Sight|p1a: Slowking\n|-start|p2a: Slowking|move: Future Sight\n|move|p1a: Slowking|Chilly Reception|p1a: Slowking\n|-weather|Snow\n|\n|t:|1700652564\n|switch|p1a: Scizor|Scizor, M|30\/100|[from] Chilly Reception\n|\n|-weather|Snow|[upkeep]\n|-heal|p2a: Slowking|99\/100|[from] item: Leftovers\n|upkeep\n|turn|121\n|\n|t:|1700652567\n|switch|p2a: stannin on bihness|Toxapex, F|100\/100 brn\n|-damage|p2a: stannin on bihness|88\/100 brn|[from] Stealth Rock\n|move|p1a: Scizor|U-turn|p2a: stannin on bihness\n|-resisted|p2a: stannin on bihness\n|-damage|p2a: stannin on bihness|70\/100 brn\n|\n|t:|1700652573\n|switch|p1a: Slowking|Slowking, M|100\/100 par|[from] U-turn\n|\n|-weather|Snow|[upkeep]\n|-damage|p2a: stannin on bihness|65\/100 brn|[from] brn\n|upkeep\n|turn|122\n|\n|t:|1700652582\n|move|p2a: stannin on bihness|Infestation|p1a: Slowking\n|-supereffective|p1a: Slowking\n|-damage|p1a: Slowking|97\/100 par\n|-activate|p1a: Slowking|move: Infestation|[of] p2a: stannin on bihness\n|move|p1a: Slowking|Future Sight|p2a: stannin on bihness\n|-start|p1a: Slowking|move: Future Sight\n|\n|-weather|Snow|[upkeep]\n|-end|p1a: Slowking|move: Future Sight\n|-resisted|p1a: Slowking\n|-damage|p1a: Slowking|81\/100 par\n|-damage|p2a: stannin on bihness|59\/100 brn|[from] brn\n|-damage|p1a: Slowking|69\/100 par|[from] move: Infestation|[partiallytrapped]\n|upkeep\n|turn|123\n|\n|t:|1700652587\n|move|p2a: stannin on bihness|Surf|p1a: Slowking\n|-resisted|p1a: Slowking\n|-damage|p1a: Slowking|63\/100 par\n|cant|p1a: Slowking|par\n|\n|-weather|Snow|[upkeep]\n|-damage|p2a: stannin on bihness|53\/100 brn|[from] brn\n|-damage|p1a: Slowking|51\/100 par|[from] move: Infestation|[partiallytrapped]\n|upkeep\n|turn|124\n|\n|t:|1700652592\n|switch|p2a: Slowking|Slowking-Galar, M|100\/100\n|-damage|p2a: Slowking|88\/100|[from] Stealth Rock\n|move|p1a: Slowking|Future Sight||[still]\n|-fail|p1a: Slowking\n|\n|-weather|none\n|-end|p2a: Slowking|move: Future Sight\n|-damage|p2a: Slowking|52\/100\n|-heal|p2a: Slowking|58\/100|[from] item: Leftovers\n|-end|p1a: Slowking|Infestation|[partiallytrapped]|[silent]\n|upkeep\n|turn|125\n|\n|t:|1700652609\n|switch|p1a: Dragapult|Dragapult, M|53\/100\n|move|p2a: Slowking|Future Sight|p1a: Dragapult\n|-start|p2a: Slowking|move: Future Sight\n|\n|-heal|p2a: Slowking|64\/100|[from] item: Leftovers\n|upkeep\n|turn|126\n|\n|t:|1700652616\n|switch|p2a: stannin on bihness|Toxapex, F|86\/100 brn\n|-damage|p2a: stannin on bihness|74\/100 brn|[from] Stealth Rock\n|move|p1a: Dragapult|Will-O-Wisp|p2a: stannin on bihness\n|-fail|p2a: stannin on bihness|brn\n|\n|-damage|p2a: stannin on bihness|68\/100 brn|[from] brn\n|upkeep\n|turn|127\n|\n|t:|1700652626\n|switch|p2a: It's Joever|Clefable, M|100\/100\n|move|p1a: Dragapult|U-turn|p2a: It's Joever\n|-resisted|p2a: It's Joever\n|-damage|p2a: It's Joever|90\/100\n|\n|t:|1700652628\n|switch|p1a: Slowking|Slowking, M|84\/100 par|[from] U-turn\n|\n|-end|p1a: Slowking|move: Future Sight\n|-resisted|p1a: Slowking\n|-damage|p1a: Slowking|68\/100 par\n|upkeep\n|turn|128\n|\n|t:|1700652640\n|switch|p2a: stannin on bihness|Toxapex, F|100\/100 brn\n|-damage|p2a: stannin on bihness|88\/100 brn|[from] Stealth Rock\n|switch|p1a: Garganacl|Garganacl, M|69\/100\n|\n|-damage|p2a: stannin on bihness|82\/100 brn|[from] brn\n|upkeep\n|turn|129\n|\n|t:|1700652644\n|switch|p1a: Slowking|Slowking, M|100\/100 par\n|move|p2a: stannin on bihness|Infestation|p1a: Slowking\n|-supereffective|p1a: Slowking\n|-damage|p1a: Slowking|97\/100 par\n|-activate|p1a: Slowking|move: Infestation|[of] p2a: stannin on bihness\n|\n|-damage|p2a: stannin on bihness|76\/100 brn|[from] brn\n|-damage|p1a: Slowking|85\/100 par|[from] move: Infestation|[partiallytrapped]\n|upkeep\n|turn|130\n|\n|t:|1700652650\n|switch|p2a: It's Joever|Clefable, M|90\/100\n|cant|p1a: Slowking|par\n|\n|-end|p1a: Slowking|Infestation|[partiallytrapped]|[silent]\n|upkeep\n|turn|131\n|\n|t:|1700652656\n|switch|p2a: stannin on bihness|Toxapex, F|100\/100 brn\n|-damage|p2a: stannin on bihness|88\/100 brn|[from] Stealth Rock\n|cant|p1a: Slowking|par\n|\n|-damage|p2a: stannin on bihness|82\/100 brn|[from] brn\n|upkeep\n|turn|132\n|\n|t:|1700652663\n|move|p2a: stannin on bihness|Infestation|p1a: Slowking\n|-supereffective|p1a: Slowking\n|-damage|p1a: Slowking|81\/100 par\n|-activate|p1a: Slowking|move: Infestation|[of] p2a: stannin on bihness\n|move|p1a: Slowking|Chilly Reception|p1a: Slowking\n|-weather|Snow\n|\n|t:|1700652670\n|switch|p1a: Great Tusk|Great Tusk|80\/100 tox|[from] Chilly Reception\n|\n|-weather|Snow|[upkeep]\n|-heal|p1a: Great Tusk|86\/100 tox|[from] item: Leftovers\n|-damage|p1a: Great Tusk|80\/100 tox|[from] psn\n|-damage|p2a: stannin on bihness|76\/100 brn|[from] brn\n|upkeep\n|turn|133\n|\n|t:|1700652682\n|-end|p1a: Great Tusk|Protosynthesis|[silent]\n|switch|p1a: Slowking|Slowking, M|100\/100 par\n|move|p2a: stannin on bihness|Surf|p1a: Slowking\n|-resisted|p1a: Slowking\n|-damage|p1a: Slowking|94\/100 par\n|\n|-weather|Snow|[upkeep]\n|-damage|p2a: stannin on bihness|70\/100 brn|[from] brn\n|upkeep\n|turn|134\n|\n|t:|1700652695\n|switch|p1a: Garganacl|Garganacl, M|69\/100\n|move|p2a: stannin on bihness|Infestation|p1a: Garganacl\n|-damage|p1a: Garganacl|66\/100\n|-activate|p1a: Garganacl|move: Infestation|[of] p2a: stannin on bihness\n|\n|-weather|Snow|[upkeep]\n|-damage|p2a: stannin on bihness|65\/100 brn|[from] brn\n|-damage|p1a: Garganacl|54\/100|[from] move: Infestation|[partiallytrapped]\n|upkeep\n|turn|135\n|c|\u2606yyysneasel|you're getting pawned bruh\n|\n|t:|1700652704\n|move|p1a: Garganacl|Recover|p1a: Garganacl\n|-heal|p1a: Garganacl|100\/100\n|move|p2a: stannin on bihness|Surf|p1a: Garganacl\n|-supereffective|p1a: Garganacl\n|-crit|p1a: Garganacl\n|-damage|p1a: Garganacl|51\/100\n|\n|-weather|Snow|[upkeep]\n|-damage|p2a: stannin on bihness|59\/100 brn|[from] brn\n|-damage|p1a: Garganacl|39\/100|[from] move: Infestation|[partiallytrapped]\n|upkeep\n|turn|136\n|\n|t:|1700652710\n|move|p2a: stannin on bihness|Surf|p1a: Garganacl\n|-supereffective|p1a: Garganacl\n|-damage|p1a: Garganacl|1\/100\n|move|p1a: Garganacl|Recover|p1a: Garganacl\n|-heal|p1a: Garganacl|51\/100\n|\n|-weather|none\n|-damage|p2a: stannin on bihness|53\/100 brn|[from] brn\n|-damage|p1a: Garganacl|39\/100|[from] move: Infestation|[partiallytrapped]\n|upkeep\n|turn|137\n|\n|t:|1700652720\n|switch|p2a: Slowking|Slowking-Galar, M|97\/100\n|-damage|p2a: Slowking|85\/100|[from] Stealth Rock\n|move|p1a: Garganacl|Salt Cure|p2a: Slowking\n|-damage|p2a: Slowking|66\/100\n|-start|p2a: Slowking|Salt Cure\n|\n|-heal|p2a: Slowking|72\/100|[from] item: Leftovers\n|-damage|p2a: Slowking|59\/100|[from] Salt Cure\n|-end|p1a: Garganacl|Infestation|[partiallytrapped]|[silent]\n|upkeep\n|turn|138\n|\n|t:|1700652725\n|switch|p2a: stannin on bihness|Toxapex, F|86\/100 brn\n|-damage|p2a: stannin on bihness|74\/100 brn|[from] Stealth Rock\n|switch|p1a: Slowking|Slowking, M|100\/100 par\n|\n|-damage|p2a: stannin on bihness|68\/100 brn|[from] brn\n|upkeep\n|turn|139\n|\n|t:|1700652738\n|move|p2a: stannin on bihness|Infestation|p1a: Slowking\n|-supereffective|p1a: Slowking\n|-damage|p1a: Slowking|97\/100 par\n|-activate|p1a: Slowking|move: Infestation|[of] p2a: stannin on bihness\n|move|p1a: Slowking|Chilly Reception|p1a: Slowking\n|-weather|Snow\n|inactive|Blurred Ace has 120 seconds left.\n|inactiveoff|Battle timer is now OFF.\n|inactive|Battle timer is ON: inactive players will automatically lose when time's up. (requested by yyysneasel)\n|c|\u2606yyysneasel|where you goin\n|c|\u2606yyysneasel|might be forfeit o'clock though\n|\n|t:|1700652793\n|switch|p1a: Great Tusk|Great Tusk|80\/100 tox|[from] Chilly Reception\n|\n|-weather|Snow|[upkeep]\n|-heal|p1a: Great Tusk|86\/100 tox|[from] item: Leftovers\n|-damage|p1a: Great Tusk|80\/100 tox|[from] psn\n|-damage|p2a: stannin on bihness|62\/100 brn|[from] brn\n|upkeep\n|turn|140\n|\n|t:|1700652800\n|switch|p2a: Ripbozo \ud83d\ude02 \ud83d\ude02|Dondozo, M|86\/100 brn\n|-damage|p2a: Ripbozo \ud83d\ude02 \ud83d\ude02|74\/100 brn|[from] Stealth Rock\n|move|p1a: Great Tusk|Earthquake|p2a: Ripbozo \ud83d\ude02 \ud83d\ude02\n|-damage|p2a: Ripbozo \ud83d\ude02 \ud83d\ude02|50\/100 brn\n|\n|-weather|Snow|[upkeep]\n|-heal|p1a: Great Tusk|86\/100 tox|[from] item: Leftovers\n|-heal|p2a: Ripbozo \ud83d\ude02 \ud83d\ude02|56\/100 brn|[from] item: Leftovers\n|-damage|p1a: Great Tusk|74\/100 tox|[from] psn\n|-damage|p2a: Ripbozo \ud83d\ude02 \ud83d\ude02|50\/100 brn|[from] brn\n|upkeep\n|turn|141\n|\n|t:|1700652813\n|move|p1a: Great Tusk|Knock Off|p2a: Ripbozo \ud83d\ude02 \ud83d\ude02\n|-damage|p2a: Ripbozo \ud83d\ude02 \ud83d\ude02|34\/100 brn\n|-enditem|p2a: Ripbozo \ud83d\ude02 \ud83d\ude02|Leftovers|[from] move: Knock Off|[of] p1a: Great Tusk\n|move|p2a: Ripbozo \ud83d\ude02 \ud83d\ude02|Rest|p2a: Ripbozo \ud83d\ude02 \ud83d\ude02\n|-status|p2a: Ripbozo \ud83d\ude02 \ud83d\ude02|slp|[from] move: Rest\n|-heal|p2a: Ripbozo \ud83d\ude02 \ud83d\ude02|100\/100 slp|[silent]\n|\n|-weather|Snow|[upkeep]\n|-heal|p1a: Great Tusk|80\/100 tox|[from] item: Leftovers\n|-damage|p1a: Great Tusk|61\/100 tox|[from] psn\n|upkeep\n|turn|142\n|\n|t:|1700652823\n|-end|p1a: Great Tusk|Protosynthesis|[silent]\n|switch|p1a: Dragapult|Dragapult, M|53\/100\n|cant|p2a: Ripbozo \ud83d\ude02 \ud83d\ude02|slp\n|move|p2a: Ripbozo \ud83d\ude02 \ud83d\ude02|Sleep Talk|p2a: Ripbozo \ud83d\ude02 \ud83d\ude02\n|move|p2a: Ripbozo \ud83d\ude02 \ud83d\ude02|Wave Crash|p1a: Dragapult|[from]move: Sleep Talk\n|-resisted|p1a: Dragapult\n|-damage|p1a: Dragapult|20\/100\n|-damage|p2a: Ripbozo \ud83d\ude02 \ud83d\ude02|94\/100 slp|[from] Recoil\n|\n|-weather|Snow|[upkeep]\n|upkeep\n|turn|143\n|inactive|Blurred Ace has 90 seconds left.\n|\n|t:|1700652834\n|switch|p2a: It's Joever|Clefable, M|90\/100\n|move|p1a: Dragapult|Hex|p2a: It's Joever\n|-damage|p2a: It's Joever|71\/100\n|\n|-weather|none\n|upkeep\n|turn|144\n|\n|t:|1700652837\n|move|p1a: Dragapult|U-turn|p2a: It's Joever\n|-resisted|p2a: It's Joever\n|-damage|p2a: It's Joever|59\/100\n|\n|t:|1700652841\n|switch|p1a: Scizor|Scizor, M|30\/100|[from] U-turn\n|move|p2a: It's Joever|Moonblast|p1a: Scizor\n|-resisted|p1a: Scizor\n|-damage|p1a: Scizor|11\/100\n|\n|upkeep\n|turn|145\n|\n|t:|1700652852\n|move|p2a: It's Joever|Protect|p2a: It's Joever\n|-singleturn|p2a: It's Joever|Protect\n|move|p1a: Scizor|Bullet Punch|p2a: It's Joever\n|-activate|p2a: It's Joever|move: Protect\n|\n|upkeep\n|turn|146\n|\n|t:|1700652856\n|switch|p2a: stannin on bihness|Toxapex, F|95\/100 brn\n|-damage|p2a: stannin on bihness|83\/100 brn|[from] Stealth Rock\n|move|p1a: Scizor|Bullet Punch|p2a: stannin on bihness\n|-resisted|p2a: stannin on bihness\n|-crit|p2a: stannin on bihness\n|-damage|p2a: stannin on bihness|58\/100 brn\n|\n|-damage|p2a: stannin on bihness|52\/100 brn|[from] brn\n|upkeep\n|turn|147\n|\n|t:|1700652862\n|switch|p1a: Slowking|Slowking, M|100\/100 par\n|move|p2a: stannin on bihness|Infestation|p1a: Slowking\n|-supereffective|p1a: Slowking\n|-damage|p1a: Slowking|97\/100 par\n|-activate|p1a: Slowking|move: Infestation|[of] p2a: stannin on bihness\n|\n|-damage|p2a: stannin on bihness|46\/100 brn|[from] brn\n|-damage|p1a: Slowking|85\/100 par|[from] move: Infestation|[partiallytrapped]\n|upkeep\n|turn|148\n|\n|t:|1700652866\n|switch|p2a: It's Joever|Clefable, M|59\/100\n|move|p1a: Slowking|Chilly Reception|p1a: Slowking\n|-weather|Snow\n|\n|t:|1700652870\n|switch|p1a: Scizor|Scizor, M|11\/100|[from] Chilly Reception\n|\n|-weather|Snow|[upkeep]\n|upkeep\n|turn|149\n|\n|t:|1700652874\n|switch|p2a: stannin on bihness|Toxapex, F|79\/100 brn\n|-damage|p2a: stannin on bihness|67\/100 brn|[from] Stealth Rock\n|move|p1a: Scizor|Bullet Punch|p2a: stannin on bihness\n|-resisted|p2a: stannin on bihness\n|-damage|p2a: stannin on bihness|53\/100 brn\n|\n|-weather|Snow|[upkeep]\n|-damage|p2a: stannin on bihness|47\/100 brn|[from] brn\n|upkeep\n|turn|150\n|inactive|Blurred Ace has 120 seconds left.\n|\n|t:|1700652890\n|switch|p1a: Slowking|Slowking, M|100\/100 par\n|move|p2a: stannin on bihness|Infestation|p1a: Slowking\n|-supereffective|p1a: Slowking\n|-damage|p1a: Slowking|97\/100 par\n|-activate|p1a: Slowking|move: Infestation|[of] p2a: stannin on bihness\n|\n|-weather|Snow|[upkeep]\n|-damage|p2a: stannin on bihness|41\/100 brn|[from] brn\n|-damage|p1a: Slowking|85\/100 par|[from] move: Infestation|[partiallytrapped]\n|upkeep\n|turn|151\n|\n|t:|1700652894\n|switch|p2a: It's Joever|Clefable, M|59\/100\n|move|p1a: Slowking|Chilly Reception|p1a: Slowking\n|inactive|Blurred Ace has 120 seconds left.\n|\n|t:|1700652900\n|switch|p1a: Scizor|Scizor, M|11\/100|[from] Chilly Reception\n|\n|-weather|Snow|[upkeep]\n|upkeep\n|turn|152\n|\n|t:|1700652905\n|switch|p2a: stannin on bihness|Toxapex, F|74\/100 brn\n|-damage|p2a: stannin on bihness|62\/100 brn|[from] Stealth Rock\n|move|p1a: Scizor|U-turn|p2a: stannin on bihness\n|-resisted|p2a: stannin on bihness\n|-damage|p2a: stannin on bihness|43\/100 brn\n|\n|t:|1700652909\n|switch|p1a: Great Tusk|Great Tusk|61\/100 tox|[from] U-turn\n|\n|-weather|none\n|-heal|p1a: Great Tusk|67\/100 tox|[from] item: Leftovers\n|-damage|p1a: Great Tusk|61\/100 tox|[from] psn\n|-damage|p2a: stannin on bihness|37\/100 brn|[from] brn\n|upkeep\n|turn|153\n|\n|t:|1700652912\n|switch|p2a: Ripbozo \ud83d\ude02 \ud83d\ude02|Dondozo, M|94\/100 slp\n|-damage|p2a: Ripbozo \ud83d\ude02 \ud83d\ude02|81\/100 slp|[from] Stealth Rock\n|move|p1a: Great Tusk|Earthquake|p2a: Ripbozo \ud83d\ude02 \ud83d\ude02\n|-crit|p2a: Ripbozo \ud83d\ude02 \ud83d\ude02\n|-damage|p2a: Ripbozo \ud83d\ude02 \ud83d\ude02|41\/100 slp\n|\n|-heal|p1a: Great Tusk|67\/100 tox|[from] item: Leftovers\n|-damage|p1a: Great Tusk|55\/100 tox|[from] psn\n|upkeep\n|turn|154\n|\n|t:|1700652920\n|move|p1a: Great Tusk|Earthquake|p2a: Ripbozo \ud83d\ude02 \ud83d\ude02\n|-damage|p2a: Ripbozo \ud83d\ude02 \ud83d\ude02|14\/100 slp\n|cant|p2a: Ripbozo \ud83d\ude02 \ud83d\ude02|slp\n|move|p2a: Ripbozo \ud83d\ude02 \ud83d\ude02|Sleep Talk|p2a: Ripbozo \ud83d\ude02 \ud83d\ude02\n|move|p2a: Ripbozo \ud83d\ude02 \ud83d\ude02|Wave Crash|p1a: Great Tusk|[from]move: Sleep Talk\n|-supereffective|p1a: Great Tusk\n|-damage|p1a: Great Tusk|0 fnt\n|faint|p1a: Great Tusk\n|-end|p1a: Great Tusk|Protosynthesis|[silent]\n|-damage|p2a: Ripbozo \ud83d\ude02 \ud83d\ude02|0 fnt|[from] Recoil\n|faint|p2a: Ripbozo \ud83d\ude02 \ud83d\ude02\n|\n|upkeep\n|\n|t:|1700652935\n|switch|p1a: Scizor|Scizor, M|11\/100\n|switch|p2a: It's Joever|Clefable, M|59\/100\n|turn|155\n|\n|t:|1700652937\n|move|p2a: It's Joever|Protect|p2a: It's Joever\n|-singleturn|p2a: It's Joever|Protect\n|move|p1a: Scizor|Bullet Punch|p2a: It's Joever\n|-activate|p2a: It's Joever|move: Protect\n|\n|upkeep\n|turn|156\n|\n|t:|1700652941\n|switch|p2a: stannin on bihness|Toxapex, F|70\/100 brn\n|-damage|p2a: stannin on bihness|58\/100 brn|[from] Stealth Rock\n|move|p1a: Scizor|Bullet Punch|p2a: stannin on bihness\n|-resisted|p2a: stannin on bihness\n|-damage|p2a: stannin on bihness|42\/100 brn\n|\n|-damage|p2a: stannin on bihness|36\/100 brn|[from] brn\n|upkeep\n|turn|157\n|\n|t:|1700652946\n|switch|p1a: Slowking|Slowking, M|100\/100 par\n|move|p2a: stannin on bihness|Recover|p2a: stannin on bihness\n|-heal|p2a: stannin on bihness|87\/100 brn\n|\n|-damage|p2a: stannin on bihness|81\/100 brn|[from] brn\n|upkeep\n|turn|158\n|\n|t:|1700652952\n|switch|p2a: It's Joever|Clefable, M|59\/100\n|move|p1a: Slowking|Future Sight|p2a: It's Joever\n|-start|p1a: Slowking|move: Future Sight\n|\n|upkeep\n|turn|159\n|\n|t:|1700652956\n|switch|p1a: Garganacl|Garganacl, M|39\/100\n|move|p2a: It's Joever|Wish|p2a: It's Joever\n|\n|upkeep\n|turn|160\n|\n|t:|1700652962\n|move|p2a: It's Joever|Moonblast|p1a: Garganacl\n|-damage|p1a: Garganacl|12\/100\n|-unboost|p1a: Garganacl|spa|1\n|move|p1a: Garganacl|Salt Cure|p2a: It's Joever\n|-damage|p2a: It's Joever|42\/100\n|-start|p2a: It's Joever|Salt Cure\n|\n|-end|p2a: It's Joever|move: Future Sight\n|-damage|p2a: It's Joever|13\/100\n|-heal|p2a: It's Joever|63\/100|[from] move: Wish|[wisher] It's Joever\n|-damage|p2a: It's Joever|51\/100|[from] Salt Cure\n|upkeep\n|turn|161\n|\n|t:|1700652969\n|switch|p2a: Slowking|Slowking-Galar, M|93\/100\n|-damage|p2a: Slowking|80\/100|[from] Stealth Rock\n|switch|p1a: Slowking|Slowking, M|100\/100 par\n|\n|-heal|p2a: Slowking|86\/100|[from] item: Leftovers\n|upkeep\n|turn|162\n|\n|t:|1700652977\n|switch|p2a: It's Joever|Clefable, M|51\/100\n|cant|p1a: Slowking|par\n|\n|upkeep\n|turn|163\n|\n|t:|1700652981\n|move|p2a: It's Joever|Wish|p2a: It's Joever\n|cant|p1a: Slowking|par\n|\n|upkeep\n|turn|164\n|\n|t:|1700652989\n|move|p2a: It's Joever|Moonblast|p1a: Slowking\n|-damage|p1a: Slowking|82\/100 par\n|-unboost|p1a: Slowking|spa|1\n|move|p1a: Slowking|Chilly Reception|p1a: Slowking\n|-weather|Snow\n|\n|t:|1700652994\n|switch|p1a: Scizor|Scizor, M|11\/100|[from] Chilly Reception\n|\n|-weather|Snow|[upkeep]\n|-heal|p2a: It's Joever|100\/100|[from] move: Wish|[wisher] It's Joever\n|upkeep\n|turn|165\n|\n|t:|1700653005\n|switch|p2a: stannin on bihness|Toxapex, F|100\/100 brn\n|-damage|p2a: stannin on bihness|88\/100 brn|[from] Stealth Rock\n|-terastallize|p1a: Scizor|Steel\n|move|p1a: Scizor|Bullet Punch|p2a: stannin on bihness\n|-resisted|p2a: stannin on bihness\n|-damage|p2a: stannin on bihness|68\/100 brn\n|\n|-weather|Snow|[upkeep]\n|-damage|p2a: stannin on bihness|62\/100 brn|[from] brn\n|upkeep\n|turn|166\n|c|\u2606yyysneasel|we byke\n|\n|t:|1700653012\n|switch|p1a: Slowking|Slowking, M|100\/100 par\n|move|p2a: stannin on bihness|Surf|p1a: Slowking\n|-resisted|p1a: Slowking\n|-damage|p1a: Slowking|94\/100 par\n|\n|-weather|Snow|[upkeep]\n|-damage|p2a: stannin on bihness|56\/100 brn|[from] brn\n|upkeep\n|turn|167\n|\n|t:|1700653025\n|move|p2a: stannin on bihness|Infestation|p1a: Slowking\n|-supereffective|p1a: Slowking\n|-damage|p1a: Slowking|91\/100 par\n|-activate|p1a: Slowking|move: Infestation|[of] p2a: stannin on bihness\n|cant|p1a: Slowking|par\n|\n|-weather|Snow|[upkeep]\n|-damage|p2a: stannin on bihness|50\/100 brn|[from] brn\n|-damage|p1a: Slowking|78\/100 par|[from] move: Infestation|[partiallytrapped]\n|upkeep\n|turn|168\n|\n|t:|1700653031\n|switch|p2a: It's Joever|Clefable, M|100\/100\n|move|p1a: Slowking|Chilly Reception|p1a: Slowking\n|\n|t:|1700653037\n|switch|p1a: Scizor|Scizor, M, tera:Steel|11\/100|[from] Chilly Reception\n|\n|-weather|none\n|upkeep\n|turn|169\n|\n|t:|1700653041\n|move|p2a: It's Joever|Protect|p2a: It's Joever\n|-singleturn|p2a: It's Joever|Protect\n|move|p1a: Scizor|Bullet Punch|p2a: It's Joever\n|-activate|p2a: It's Joever|move: Protect\n|\n|upkeep\n|turn|170\n|\n|t:|1700653043\n|switch|p2a: stannin on bihness|Toxapex, F|83\/100 brn\n|-damage|p2a: stannin on bihness|71\/100 brn|[from] Stealth Rock\n|move|p1a: Scizor|Bullet Punch|p2a: stannin on bihness\n|-resisted|p2a: stannin on bihness\n|-damage|p2a: stannin on bihness|51\/100 brn\n|\n|-damage|p2a: stannin on bihness|45\/100 brn|[from] brn\n|upkeep\n|turn|171\n|\n|t:|1700653052\n|switch|p1a: Slowking|Slowking, M|100\/100 par\n|move|p2a: stannin on bihness|Infestation|p1a: Slowking\n|-supereffective|p1a: Slowking\n|-damage|p1a: Slowking|97\/100 par\n|-activate|p1a: Slowking|move: Infestation|[of] p2a: stannin on bihness\n|\n|-damage|p2a: stannin on bihness|39\/100 brn|[from] brn\n|-damage|p1a: Slowking|85\/100 par|[from] move: Infestation|[partiallytrapped]\n|upkeep\n|turn|172\n|\n|t:|1700653057\n|switch|p2a: It's Joever|Clefable, M|100\/100\n|move|p1a: Slowking|Future Sight|p2a: It's Joever\n|-start|p1a: Slowking|move: Future Sight\n|\n|-end|p1a: Slowking|Infestation|[partiallytrapped]|[silent]\n|upkeep\n|turn|173\n|\n|t:|1700653064\n|move|p2a: It's Joever|Moonblast|p1a: Slowking\n|-damage|p1a: Slowking|68\/100 par\n|cant|p1a: Slowking|par\n|\n|upkeep\n|turn|174\n|\n|t:|1700653071\n|switch|p1a: Garganacl|Garganacl, M|12\/100\n|move|p2a: It's Joever|Moonblast|p1a: Garganacl\n|-damage|p1a: Garganacl|0 fnt\n|faint|p1a: Garganacl\n|\n|-end|p2a: It's Joever|move: Future Sight\n|-damage|p2a: It's Joever|73\/100\n|upkeep\n|\n|t:|1700653075\n|switch|p1a: Scizor|Scizor, M, tera:Steel|11\/100\n|turn|175\n|\n|t:|1700653080\n|switch|p2a: stannin on bihness|Toxapex, F|72\/100 brn\n|-damage|p2a: stannin on bihness|60\/100 brn|[from] Stealth Rock\n|move|p1a: Scizor|U-turn|p2a: stannin on bihness\n|-resisted|p2a: stannin on bihness\n|-crit|p2a: stannin on bihness\n|-damage|p2a: stannin on bihness|31\/100 brn\n|\n|t:|1700653083\n|switch|p1a: Dragapult|Dragapult, M|20\/100|[from] U-turn\n|\n|-damage|p2a: stannin on bihness|25\/100 brn|[from] brn\n|upkeep\n|turn|176\n|\n|t:|1700653087\n|switch|p2a: Slowking|Slowking-Galar, M|100\/100\n|-damage|p2a: Slowking|88\/100|[from] Stealth Rock\n|move|p1a: Dragapult|Hex|p2a: Slowking\n|-supereffective|p2a: Slowking\n|-damage|p2a: Slowking|41\/100\n|\n|-heal|p2a: Slowking|47\/100|[from] item: Leftovers\n|upkeep\n|turn|177\n|\n|t:|1700653093\n|-terastallize|p2a: Slowking|Dark\n|move|p1a: Dragapult|Hex|p2a: Slowking\n|-resisted|p2a: Slowking\n|-damage|p2a: Slowking|34\/100\n|move|p2a: Slowking|Sludge Bomb|p1a: Dragapult\n|-resisted|p1a: Dragapult\n|-damage|p1a: Dragapult|0 fnt\n|faint|p1a: Dragapult\n|\n|-heal|p2a: Slowking|40\/100|[from] item: Leftovers\n|upkeep\n|\n|t:|1700653099\n|switch|p1a: Scizor|Scizor, M, tera:Steel|11\/100\n|turn|178\n|\n|t:|1700653103\n|move|p2a: Slowking|Sludge Bomb|p1a: Scizor\n|-immune|p1a: Scizor\n|move|p1a: Scizor|U-turn|p2a: Slowking\n|-supereffective|p2a: Slowking\n|-damage|p2a: Slowking|0 fnt\n|faint|p2a: Slowking\n|\n|t:|1700653107\n|switch|p1a: Slowking|Slowking, M|100\/100 par|[from] U-turn\n|\n|upkeep\n|\n|t:|1700653111\n|switch|p2a: It's Joever|Clefable, M|73\/100\n|turn|179\n|\n|t:|1700653116\n|move|p2a: It's Joever|Wish|p2a: It's Joever\n|cant|p1a: Slowking|par\n|\n|upkeep\n|turn|180\n|\n|t:|1700653119\n|switch|p2a: stannin on bihness|Toxapex, F|58\/100 brn\n|-damage|p2a: stannin on bihness|46\/100 brn|[from] Stealth Rock\n|move|p1a: Slowking|Chilly Reception|p1a: Slowking\n|-weather|Snow\n|\n|t:|1700653124\n|switch|p1a: Scizor|Scizor, M, tera:Steel|11\/100|[from] Chilly Reception\n|\n|-weather|Snow|[upkeep]\n|-heal|p2a: stannin on bihness|100\/100 brn|[from] move: Wish|[wisher] It's Joever\n|-damage|p2a: stannin on bihness|95\/100 brn|[from] brn\n|upkeep\n|turn|181\n|\n|t:|1700653126\n|move|p1a: Scizor|U-turn|p2a: stannin on bihness\n|-resisted|p2a: stannin on bihness\n|-damage|p2a: stannin on bihness|78\/100 brn\n|\n|t:|1700653128\n|switch|p1a: Slowking|Slowking, M|100\/100 par|[from] U-turn\n|move|p2a: stannin on bihness|Infestation|p1a: Slowking\n|-supereffective|p1a: Slowking\n|-damage|p1a: Slowking|97\/100 par\n|-activate|p1a: Slowking|move: Infestation|[of] p2a: stannin on bihness\n|\n|-weather|Snow|[upkeep]\n|-damage|p2a: stannin on bihness|72\/100 brn|[from] brn\n|-damage|p1a: Slowking|85\/100 par|[from] move: Infestation|[partiallytrapped]\n|upkeep\n|turn|182\n|\n|t:|1700653131\n|switch|p2a: It's Joever|Clefable, M|73\/100\n|move|p1a: Slowking|Future Sight|p2a: It's Joever\n|-start|p1a: Slowking|move: Future Sight\n|\n|-weather|Snow|[upkeep]\n|-end|p1a: Slowking|Infestation|[partiallytrapped]|[silent]\n|upkeep\n|turn|183\n|\n|t:|1700653136\n|move|p2a: It's Joever|Moonblast|p1a: Slowking\n|-crit|p1a: Slowking\n|-damage|p1a: Slowking|57\/100 par\n|move|p1a: Slowking|Future Sight||[still]\n|-fail|p1a: Slowking\n|\n|-weather|Snow|[upkeep]\n|upkeep\n|turn|184\n|\n|t:|1700653139\n|move|p2a: It's Joever|Moonblast|p1a: Slowking\n|-damage|p1a: Slowking|38\/100 par\n|-unboost|p1a: Slowking|spa|1\n|cant|p1a: Slowking|par\n|\n|-weather|none\n|-end|p2a: It's Joever|move: Future Sight\n|-damage|p2a: It's Joever|43\/100\n|upkeep\n|turn|185\n|\n|t:|1700653145\n|move|p2a: It's Joever|Wish|p2a: It's Joever\n|move|p1a: Slowking|Future Sight|p2a: It's Joever\n|-start|p1a: Slowking|move: Future Sight\n|\n|upkeep\n|turn|186\n|\n|t:|1700653149\n|move|p2a: It's Joever|Moonblast|p1a: Slowking\n|-damage|p1a: Slowking|19\/100 par\n|move|p1a: Slowking|Future Sight||[still]\n|-fail|p1a: Slowking\n|\n|-heal|p2a: It's Joever|93\/100|[from] move: Wish|[wisher] It's Joever\n|upkeep\n|turn|187\n|\n|t:|1700653151\n|move|p2a: It's Joever|Moonblast|p1a: Slowking\n|-damage|p1a: Slowking|0 fnt\n|faint|p1a: Slowking\n|\n|-end|p2a: It's Joever|move: Future Sight\n|-crit|p2a: It's Joever\n|-damage|p2a: It's Joever|48\/100\n|upkeep\n|\n|t:|1700653153\n|switch|p1a: Scizor|Scizor, M, tera:Steel|11\/100\n|turn|188\n|\n|t:|1700653160\n|move|p2a: It's Joever|Protect|p2a: It's Joever\n|-singleturn|p2a: It's Joever|Protect\n|move|p1a: Scizor|Bullet Punch|p2a: It's Joever\n|-activate|p2a: It's Joever|move: Protect\n|\n|upkeep\n|turn|189\n|\n|t:|1700653163\n|switch|p2a: stannin on bihness|Toxapex, F|100\/100 brn\n|-damage|p2a: stannin on bihness|88\/100 brn|[from] Stealth Rock\n|move|p1a: Scizor|Bullet Punch|p2a: stannin on bihness\n|-resisted|p2a: stannin on bihness\n|-damage|p2a: stannin on bihness|66\/100 brn\n|\n|-damage|p2a: stannin on bihness|60\/100 brn|[from] brn\n|upkeep\n|turn|190\n|\n|t:|1700653166\n|move|p1a: Scizor|Bullet Punch|p2a: stannin on bihness\n|-resisted|p2a: stannin on bihness\n|-damage|p2a: stannin on bihness|40\/100 brn\n|move|p2a: stannin on bihness|Surf|p1a: Scizor\n|-damage|p1a: Scizor|0 fnt\n|faint|p1a: Scizor\n|\n|win|yyysneasel\n|raw|Blurred Ace's rating: 1574 &rarr; <strong>1560<\/strong><br \/>(-14 for losing)\n|raw|yyysneasel's rating: 1686 &rarr; <strong>1700<\/strong><br \/>(+14 for winning)\n|l|\u2606Blurred Ace\n","uploadtime":1700653171,"views":14,"p1id":"blurredace","p2id":"yyysneasel","formatid":"gen9ou","rating":1560,"private":0,"password":""}