{"id":"gen9ou-2000003321","p1":"Aggron","p2":"RggV","format":"[Gen 9] OU","log":"|j|\u2606Aggron\n|j|\u2606RggV\n|t:|1701139945\n|gametype|singles\n|player|p1|Aggron|pokefan-gen4|1685\n|player|p2|RggV|#wcop2023latinamerica|1786\n|teamsize|p1|6\n|teamsize|p2|6\n|gen|9\n|tier|[Gen 9] OU\n|rated|\n|rule|Sleep Clause Mod: Limit one foe put to sleep\n|rule|Species Clause: Limit one of each Pok\u00e9mon\n|rule|OHKO Clause: OHKO moves are banned\n|rule|Evasion Items Clause: Evasion items are banned\n|rule|Evasion Moves Clause: Evasion moves are banned\n|rule|Endless Battle Clause: Forcing endless battles is banned\n|rule|HP Percentage Mod: HP is shown in percentages\n|clearpoke\n|poke|p1|Sinistcha-Masterpiece|\n|poke|p1|Heatran, M|\n|poke|p1|Rillaboom, F|\n|poke|p1|Samurott-Hisui, F|\n|poke|p1|Tyranitar, F|\n|poke|p1|Ogerpon-Cornerstone, F|\n|poke|p2|Infernape, F|\n|poke|p2|Ribombee, M|\n|poke|p2|Gholdengo|\n|poke|p2|Manaphy|\n|poke|p2|Landorus-Therian, M|\n|poke|p2|Kommo-o, M|\n|teampreview\n|inactive|Battle timer is ON: inactive players will automatically lose when time's up. (requested by RggV)\n|inactive|Aggron also wants the timer to be on.\n|j| xxCOALLAxx\n|inactive|RggV has 120 seconds left.\n|\n|t:|1701139978\n|start\n|switch|p1a: Tyranitar|Tyranitar, F|100\/100\n|switch|p2a: Ribombee|Ribombee, M|100\/100\n|-weather|Sandstorm|[from] ability: Sand Stream|[of] p1a: Tyranitar\n|turn|1\n|\n|t:|1701139981\n|move|p2a: Ribombee|Sticky Web|p1a: Tyranitar\n|-sidestart|p1: Aggron|move: Sticky Web\n|move|p1a: Tyranitar|Rock Blast|p2a: Ribombee\n|-supereffective|p2a: Ribombee\n|-damage|p2a: Ribombee|43\/100\n|-supereffective|p2a: Ribombee\n|-damage|p2a: Ribombee|0 fnt\n|faint|p2a: Ribombee\n|-hitcount|p2: Ribombee|2\n|\n|-weather|Sandstorm|[upkeep]\n|upkeep\n|j| NicksRokaya\n|\n|t:|1701139989\n|switch|p2a: Son Goku|Infernape, F|100\/100\n|turn|2\n|\n|t:|1701139995\n|switch|p1a: Sinistcha|Sinistcha-Masterpiece|100\/100\n|move|p2a: Son Goku|Swords Dance|p2a: Son Goku\n|-boost|p2a: Son Goku|atk|2\n|\n|-weather|Sandstorm|[upkeep]\n|-damage|p2a: Son Goku|94\/100|[from] Sandstorm\n|-damage|p1a: Sinistcha|94\/100|[from] Sandstorm\n|upkeep\n|turn|3\n|\n|t:|1701139999\n|move|p2a: Son Goku|Fire Punch|p1a: Sinistcha\n|-supereffective|p1a: Sinistcha\n|-damage|p1a: Sinistcha|22\/100\n|-damage|p2a: Son Goku|84\/100|[from] item: Life Orb\n|move|p1a: Sinistcha|Shadow Ball|p2a: Son Goku\n|-damage|p2a: Son Goku|33\/100\n|-unboost|p2a: Son Goku|spd|1\n|\n|-weather|Sandstorm|[upkeep]\n|-damage|p2a: Son Goku|27\/100|[from] Sandstorm\n|-damage|p1a: Sinistcha|16\/100|[from] Sandstorm\n|upkeep\n|turn|4\n|\n|t:|1701140005\n|move|p2a: Son Goku|Fire Punch|p1a: Sinistcha\n|-supereffective|p1a: Sinistcha\n|-damage|p1a: Sinistcha|0 fnt\n|faint|p1a: Sinistcha\n|-damage|p2a: Son Goku|17\/100|[from] item: Life Orb\n|\n|-weather|Sandstorm|[upkeep]\n|-damage|p2a: Son Goku|11\/100|[from] Sandstorm\n|upkeep\n|\n|t:|1701140014\n|switch|p1a: Rillaboom|Rillaboom, F, shiny|100\/100\n|-activate|p1a: Rillaboom|move: Sticky Web\n|-unboost|p1a: Rillaboom|spe|1\n|-fieldstart|move: Grassy Terrain|[from] ability: Grassy Surge|[of] p1a: Rillaboom\n|turn|5\n|\n|t:|1701140020\n|move|p2a: Son Goku|Mach Punch|p1a: Rillaboom\n|-damage|p1a: Rillaboom|49\/100\n|-damage|p2a: Son Goku|1\/100|[from] item: Life Orb\n|move|p1a: Rillaboom|Grassy Glide|p2a: Son Goku\n|-resisted|p2a: Son Goku\n|-damage|p2a: Son Goku|0 fnt\n|faint|p2a: Son Goku\n|\n|-weather|none\n|-heal|p1a: Rillaboom|55\/100|[from] Grassy Terrain\n|upkeep\n|\n|t:|1701140029\n|switch|p2a: McFries|Gholdengo|100\/100\n|-item|p2a: McFries|Air Balloon\n|turn|6\n|\n|t:|1701140032\n|switch|p2a: Manaphy|Manaphy|100\/100\n|switch|p1a: Samurott|Samurott-Hisui, F|100\/100\n|\n|upkeep\n|turn|7\n|\n|t:|1701140035\n|move|p2a: Manaphy|Tail Glow|p2a: Manaphy\n|-boost|p2a: Manaphy|spa|3\n|move|p1a: Samurott|Ceaseless Edge|p2a: Manaphy\n|-crit|p2a: Manaphy\n|-damage|p2a: Manaphy|30\/100\n|-sidestart|p2: RggV|Spikes\n|\n|-heal|p2a: Manaphy|36\/100|[from] Grassy Terrain\n|-heal|p2a: Manaphy|42\/100|[from] item: Leftovers\n|upkeep\n|turn|8\n|\n|t:|1701140049\n|switch|p1a: Heatran|Heatran, M|100\/100\n|-item|p1a: Heatran|Air Balloon\n|move|p2a: Manaphy|Energy Ball|p1a: Heatran\n|-resisted|p1a: Heatran\n|-damage|p1a: Heatran|80\/100\n|-enditem|p1a: Heatran|Air Balloon\n|\n|-heal|p2a: Manaphy|49\/100|[from] Grassy Terrain\n|-heal|p2a: Manaphy|55\/100|[from] item: Leftovers\n|-heal|p1a: Heatran|87\/100|[from] Grassy Terrain\n|upkeep\n|turn|9\n|\n|t:|1701140054\n|move|p2a: Manaphy|Surf|p1a: Heatran\n|-supereffective|p1a: Heatran\n|-crit|p1a: Heatran\n|-damage|p1a: Heatran|0 fnt\n|faint|p1a: Heatran\n|\n|-heal|p2a: Manaphy|61\/100|[from] Grassy Terrain\n|-heal|p2a: Manaphy|67\/100|[from] item: Leftovers\n|-fieldend|move: Grassy Terrain\n|upkeep\n|\n|t:|1701140059\n|switch|p1a: Ogerpon|Ogerpon-Cornerstone, F|100\/100\n|-activate|p1a: Ogerpon|move: Sticky Web\n|-unboost|p1a: Ogerpon|spe|1\n|turn|10\n|\n|t:|1701140071\n|switch|p2a: Landorus|Landorus-Therian, M|100\/100\n|-ability|p2a: Landorus|Intimidate|boost\n|-unboost|p1a: Ogerpon|atk|1\n|move|p1a: Ogerpon|Ivy Cudgel|p2a: Landorus|[anim] Ivy Cudgel Rock\n|-damage|p2a: Landorus|54\/100\n|\n|-heal|p2a: Landorus|60\/100|[from] item: Leftovers\n|upkeep\n|turn|11\n|\n|t:|1701140078\n|switch|p1a: Rillaboom|Rillaboom, F, shiny|55\/100\n|-activate|p1a: Rillaboom|move: Sticky Web\n|-unboost|p1a: Rillaboom|spe|1\n|-fieldstart|move: Grassy Terrain|[from] ability: Grassy Surge|[of] p1a: Rillaboom\n|move|p2a: Landorus|Smack Down|p1a: Rillaboom\n|-damage|p1a: Rillaboom|36\/100\n|\n|-heal|p2a: Landorus|66\/100|[from] item: Leftovers\n|-heal|p1a: Rillaboom|42\/100|[from] Grassy Terrain\n|upkeep\n|turn|12\n|\n|t:|1701140089\n|switch|p2a: McFries|Gholdengo|100\/100\n|-item|p2a: McFries|Air Balloon\n|move|p1a: Rillaboom|Grassy Glide|p2a: McFries\n|-resisted|p2a: McFries\n|-damage|p2a: McFries|65\/100\n|-enditem|p2a: McFries|Air Balloon\n|\n|-heal|p2a: McFries|71\/100|[from] Grassy Terrain\n|-heal|p1a: Rillaboom|48\/100|[from] Grassy Terrain\n|upkeep\n|turn|13\n|\n|t:|1701140092\n|switch|p1a: Samurott|Samurott-Hisui, F|100\/100\n|move|p2a: McFries|Make It Rain|p1a: Samurott\n|-resisted|p1a: Samurott\n|-damage|p1a: Samurott|56\/100\n|-unboost|p2a: McFries|spa|1\n|\n|-heal|p1a: Samurott|62\/100|[from] Grassy Terrain\n|-heal|p2a: McFries|77\/100|[from] Grassy Terrain\n|upkeep\n|turn|14\n|\n|t:|1701140095\n|switch|p2a: Kommo-o|Kommo-o, M|100\/100\n|-damage|p2a: Kommo-o|88\/100|[from] Spikes\n|move|p1a: Samurott|Ceaseless Edge|p2a: Kommo-o|[miss]\n|-miss|p1a: Samurott|p2a: Kommo-o\n|\n|-heal|p2a: Kommo-o|94\/100|[from] Grassy Terrain\n|-heal|p1a: Samurott|68\/100|[from] Grassy Terrain\n|upkeep\n|turn|15\n|j| temp0912397\n|\n|t:|1701140101\n|move|p2a: Kommo-o|Clangorous Soul|p2a: Kommo-o\n|-boost|p2a: Kommo-o|atk|1\n|-boost|p2a: Kommo-o|def|1\n|-boost|p2a: Kommo-o|spa|1\n|-boost|p2a: Kommo-o|spd|1\n|-boost|p2a: Kommo-o|spe|1\n|-damage|p2a: Kommo-o|61\/100\n|-enditem|p2a: Kommo-o|Throat Spray\n|-boost|p2a: Kommo-o|spa|1|[from] item: Throat Spray\n|move|p1a: Samurott|Ceaseless Edge|p2a: Kommo-o\n|-resisted|p2a: Kommo-o\n|-damage|p2a: Kommo-o|47\/100\n|-sidestart|p2: RggV|Spikes\n|\n|-heal|p2a: Kommo-o|53\/100|[from] Grassy Terrain\n|-heal|p1a: Samurott|74\/100|[from] Grassy Terrain\n|-fieldend|move: Grassy Terrain\n|upkeep\n|turn|16\n|\n|t:|1701140106\n|-terastallize|p1a: Samurott|Ghost\n|move|p2a: Kommo-o|Clanging Scales|p1a: Samurott\n|-damage|p1a: Samurott|0 fnt\n|faint|p1a: Samurott\n|-unboost|p2a: Kommo-o|def|1\n|\n|upkeep\n|\n|t:|1701140120\n|switch|p1a: Ogerpon|Ogerpon-Cornerstone, F|100\/100\n|-activate|p1a: Ogerpon|move: Sticky Web\n|-unboost|p1a: Ogerpon|spe|1\n|turn|17\n|\n|t:|1701140126\n|move|p2a: Kommo-o|Flamethrower|p1a: Ogerpon\n|-damage|p1a: Ogerpon|34\/100\n|move|p1a: Ogerpon|Horn Leech|p2a: Kommo-o\n|-resisted|p2a: Kommo-o\n|-damage|p2a: Kommo-o|33\/100\n|-heal|p1a: Ogerpon|44\/100|[from] drain|[of] p2a: Kommo-o\n|\n|upkeep\n|turn|18\n|\n|t:|1701140129\n|move|p2a: Kommo-o|Flamethrower|p1a: Ogerpon\n|-damage|p1a: Ogerpon|0 fnt\n|faint|p1a: Ogerpon\n|\n|upkeep\n|\n|t:|1701140131\n|switch|p1a: Rillaboom|Rillaboom, F, shiny|48\/100\n|-activate|p1a: Rillaboom|move: Sticky Web\n|-unboost|p1a: Rillaboom|spe|1\n|-fieldstart|move: Grassy Terrain|[from] ability: Grassy Surge|[of] p1a: Rillaboom\n|turn|19\n|\n|t:|1701140132\n|move|p1a: Rillaboom|Grassy Glide|p2a: Kommo-o\n|-resisted|p2a: Kommo-o\n|-damage|p2a: Kommo-o|6\/100\n|move|p2a: Kommo-o|Flamethrower|p1a: Rillaboom\n|-supereffective|p1a: Rillaboom\n|-damage|p1a: Rillaboom|0 fnt\n|faint|p1a: Rillaboom\n|\n|-heal|p2a: Kommo-o|12\/100|[from] Grassy Terrain\n|upkeep\n|-message|Aggron forfeited.\n|\n|win|RggV\n|raw|Aggron's rating: 1685 &rarr; <strong>1671<\/strong><br \/>(-14 for losing)\n|raw|RggV's rating: 1786 &rarr; <strong>1800<\/strong><br \/>(+14 for winning)\n|l|\u2606Aggron\n|l|\u2606RggV\n","uploadtime":1701140165,"views":16,"p1id":"aggron","p2id":"rggv","formatid":"gen9ou","rating":1671,"private":0,"password":""}