{"id":"gen9ou-1993245799","p1":"The Dollar","p2":"TheZalmancer","format":"[Gen 9] OU","log":"|j|\u2606The Dollar\n|j|\u2606TheZalmancer\n|t:|1700283549\n|gametype|singles\n|player|p1|The Dollar|elesa|1197\n|player|p2|TheZalmancer|skyla|1164\n|teamsize|p1|6\n|teamsize|p2|6\n|gen|9\n|tier|[Gen 9] OU\n|rated|\n|rule|Sleep Clause Mod: Limit one foe put to sleep\n|rule|Species Clause: Limit one of each Pok\u00e9mon\n|rule|OHKO Clause: OHKO moves are banned\n|rule|Evasion Items Clause: Evasion items are banned\n|rule|Evasion Moves Clause: Evasion moves are banned\n|rule|Endless Battle Clause: Forcing endless battles is banned\n|rule|HP Percentage Mod: HP is shown in percentages\n|clearpoke\n|poke|p1|Iron Moth|\n|poke|p1|Great Tusk|\n|poke|p1|Gholdengo|\n|poke|p1|Dragonite, M|\n|poke|p1|Ting-Lu|\n|poke|p1|Greninja-*, M|\n|poke|p2|Ogerpon-Wellspring, F|\n|poke|p2|Ninetales-Alola, F|\n|poke|p2|Corviknight, F|\n|poke|p2|Manaphy|\n|poke|p2|Kingambit, M|\n|poke|p2|Ditto|\n|teampreview\n|\n|t:|1700283554\n|start\n|switch|p1a: Ting-Lu|Ting-Lu|100\/100\n|switch|p2a: Corviknight|Corviknight, F, shiny|100\/100\n|-ability|p1a: Ting-Lu|Vessel of Ruin\n|turn|1\n|inactive|Battle timer is ON: inactive players will automatically lose when time's up. (requested by The Dollar)\n|\n|t:|1700283563\n|move|p2a: Corviknight|U-turn|p1a: Ting-Lu\n|-supereffective|p1a: Ting-Lu\n|-damage|p1a: Ting-Lu|85\/100\n|\n|t:|1700283567\n|switch|p2a: Kingambit|Kingambit, M|100\/100|[from] U-turn\n|-item|p2a: Kingambit|Air Balloon\n|move|p1a: Ting-Lu|Spikes|p2a: Kingambit\n|-sidestart|p2: TheZalmancer|Spikes\n|\n|-heal|p1a: Ting-Lu|91\/100|[from] item: Leftovers\n|upkeep\n|turn|2\n|\n|t:|1700283577\n|-end|p2a: Kingambit|fallenundefined|[silent]\n|switch|p2a: Corviknight|Corviknight, F, shiny|100\/100\n|move|p1a: Ting-Lu|Spikes|p2a: Corviknight\n|-sidestart|p2: TheZalmancer|Spikes\n|\n|-heal|p1a: Ting-Lu|97\/100|[from] item: Leftovers\n|upkeep\n|turn|3\n|\n|t:|1700283588\n|move|p2a: Corviknight|Defog|p1a: Ting-Lu\n|-unboost|p1a: Ting-Lu|evasion|1\n|-sideend|p2: TheZalmancer|Spikes|[from] move: Defog|[of] p2a: Corviknight\n|move|p1a: Ting-Lu|Ruination|p2a: Corviknight\n|-damage|p2a: Corviknight|50\/100\n|\n|-heal|p1a: Ting-Lu|100\/100|[from] item: Leftovers\n|upkeep\n|turn|4\n|\n|t:|1700283599\n|move|p2a: Corviknight|U-turn|p1a: Ting-Lu\n|-supereffective|p1a: Ting-Lu\n|-damage|p1a: Ting-Lu|86\/100\n|\n|t:|1700283602\n|switch|p2a: Ninetales|Ninetales-Alola, F, shiny|100\/100|[from] U-turn\n|-weather|Snow|[from] ability: Snow Warning|[of] p2a: Ninetales\n|move|p1a: Ting-Lu|Spikes|p2a: Ninetales\n|-sidestart|p2: TheZalmancer|Spikes\n|\n|-weather|Snow|[upkeep]\n|-heal|p1a: Ting-Lu|93\/100|[from] item: Leftovers\n|upkeep\n|turn|5\n|\n|t:|1700283613\n|move|p2a: Ninetales|Aurora Veil|p2a: Ninetales\n|-sidestart|p2: TheZalmancer|move: Aurora Veil\n|move|p1a: Ting-Lu|Ruination|p2a: Ninetales\n|-damage|p2a: Ninetales|51\/100\n|\n|-weather|Snow|[upkeep]\n|-heal|p1a: Ting-Lu|99\/100|[from] item: Leftovers\n|upkeep\n|turn|6\n|\n|t:|1700283637\n|switch|p2a: Ogerpon|Ogerpon-Wellspring, F|100\/100\n|-damage|p2a: Ogerpon|88\/100|[from] Spikes\n|move|p1a: Ting-Lu|Spikes|p2a: Ogerpon\n|-sidestart|p2: TheZalmancer|Spikes\n|\n|-weather|Snow|[upkeep]\n|-heal|p1a: Ting-Lu|100\/100|[from] item: Leftovers\n|upkeep\n|turn|7\n|\n|t:|1700283649\n|move|p2a: Ogerpon|Swords Dance|p2a: Ogerpon\n|-boost|p2a: Ogerpon|atk|2\n|move|p1a: Ting-Lu|Ruination|p2a: Ogerpon|[miss]\n|-miss|p1a: Ting-Lu|p2a: Ogerpon\n|\n|-weather|Snow|[upkeep]\n|upkeep\n|turn|8\n|inactive|TheZalmancer has 120 seconds left.\n|\n|t:|1700283676\n|move|p2a: Ogerpon|Swords Dance|p2a: Ogerpon\n|-boost|p2a: Ogerpon|atk|2\n|move|p1a: Ting-Lu|Ruination|p2a: Ogerpon\n|-damage|p2a: Ogerpon|45\/100\n|\n|-weather|none\n|upkeep\n|turn|9\n|\n|t:|1700283683\n|move|p2a: Ogerpon|Horn Leech|p1a: Ting-Lu\n|-supereffective|p1a: Ting-Lu\n|-damage|p1a: Ting-Lu|0 fnt\n|-heal|p2a: Ogerpon|100\/100|[from] drain|[of] p1a: Ting-Lu\n|faint|p1a: Ting-Lu\n|\n|upkeep\n|\n|t:|1700283690\n|switch|p1a: Dragonite|Dragonite, M|100\/100\n|turn|10\n|\n|t:|1700283708\n|move|p2a: Ogerpon|Ivy Cudgel|p1a: Dragonite|[anim] Ivy Cudgel Water\n|-resisted|p1a: Dragonite\n|-damage|p1a: Dragonite|49\/100\n|move|p1a: Dragonite|Dragon Dance|p1a: Dragonite\n|-boost|p1a: Dragonite|atk|1\n|-boost|p1a: Dragonite|spe|1\n|\n|upkeep\n|turn|11\n|\n|t:|1700283721\n|move|p1a: Dragonite|Ice Spinner|p2a: Ogerpon\n|-damage|p2a: Ogerpon|72\/100\n|move|p2a: Ogerpon|Ivy Cudgel|p1a: Dragonite|[anim] Ivy Cudgel Water\n|-resisted|p1a: Dragonite\n|-damage|p1a: Dragonite|0 fnt\n|faint|p1a: Dragonite\n|\n|upkeep\n|-message|The Dollar forfeited.\n|\n|win|TheZalmancer\n|raw|The Dollar's rating: 1197 &rarr; <strong>1170<\/strong><br \/>(-27 for losing)\n|raw|TheZalmancer's rating: 1164 &rarr; <strong>1191<\/strong><br \/>(+27 for winning)\n|l|\u2606The Dollar\n|c|\u2606TheZalmancer|ggs\n","uploadtime":1700283931,"views":16,"p1id":"thedollar","p2id":"thezalmancer","formatid":"gen9ou","rating":1170,"private":0,"password":""}