{"id":"gen9ou-1995816705","p1":"Gekclol","p2":"Hakan6892","format":"[Gen 9] OU","log":"|j|\u2606Gekclol\n|j|\u2606Hakan6892\n|t:|1700605996\n|gametype|singles\n|player|p1|Gekclol|silver|1260\n|player|p2|Hakan6892|benga|1330\n|teamsize|p1|6\n|teamsize|p2|6\n|gen|9\n|tier|[Gen 9] OU\n|rated|\n|rule|Sleep Clause Mod: Limit one foe put to sleep\n|rule|Species Clause: Limit one of each Pok\u00e9mon\n|rule|OHKO Clause: OHKO moves are banned\n|rule|Evasion Items Clause: Evasion items are banned\n|rule|Evasion Moves Clause: Evasion moves are banned\n|rule|Endless Battle Clause: Forcing endless battles is banned\n|rule|HP Percentage Mod: HP is shown in percentages\n|clearpoke\n|poke|p1|Dondozo, M|\n|poke|p1|Landorus-Therian, M|\n|poke|p1|Rillaboom, F|\n|poke|p1|Garganacl, F|\n|poke|p1|Ribombee, F|\n|poke|p1|Glimmora, M|\n|poke|p2|Enamorus, F|\n|poke|p2|Iron Moth|\n|poke|p2|Ogerpon-Wellspring, F|\n|poke|p2|Zapdos|\n|poke|p2|Great Tusk|\n|poke|p2|Clodsire, M|\n|teampreview\n|inactive|Battle timer is ON: inactive players will automatically lose when time's up. (requested by Gekclol)\n|\n|t:|1700606006\n|start\n|switch|p1a: Ribombee|Ribombee, F|100\/100\n|switch|p2a: Great Tusk|Great Tusk|100\/100\n|turn|1\n|\n|t:|1700606020\n|move|p1a: Ribombee|Sticky Web|p2a: Great Tusk\n|-sidestart|p2: Hakan6892|move: Sticky Web\n|move|p2a: Great Tusk|Earthquake|p1a: Ribombee\n|-resisted|p1a: Ribombee\n|-damage|p1a: Ribombee|39\/100\n|\n|upkeep\n|turn|2\n|\n|t:|1700606027\n|move|p1a: Ribombee|Stun Spore|p2a: Great Tusk\n|-status|p2a: Great Tusk|par\n|move|p2a: Great Tusk|Rapid Spin|p1a: Ribombee\n|-damage|p1a: Ribombee|0 fnt\n|-boost|p2a: Great Tusk|spe|1\n|-sideend|p2: Hakan6892|Sticky Web|[from] move: Rapid Spin|[of] p2a: Great Tusk\n|faint|p1a: Ribombee\n|\n|upkeep\n|\n|t:|1700606038\n|switch|p1a: Dondozo|Dondozo, M|100\/100\n|turn|3\n|\n|t:|1700606047\n|-end|p2a: Great Tusk|Protosynthesis|[silent]\n|switch|p2a: Ogerpon|Ogerpon-Wellspring, F|100\/100\n|switch|p1a: Rillaboom|Rillaboom, F|100\/100\n|-fieldstart|move: Grassy Terrain|[from] ability: Grassy Surge|[of] p1a: Rillaboom\n|\n|upkeep\n|turn|4\n|\n|t:|1700606058\n|switch|p2a: Iron Moth|Iron Moth|100\/100\n|-enditem|p2a: Iron Moth|Booster Energy\n|-activate|p2a: Iron Moth|ability: Quark Drive|[fromitem]\n|-start|p2a: Iron Moth|quarkdrivespa\n|move|p1a: Rillaboom|Knock Off|p2a: Iron Moth\n|-damage|p2a: Iron Moth|67\/100\n|\n|-heal|p2a: Iron Moth|73\/100|[from] Grassy Terrain\n|upkeep\n|turn|5\n|\n|t:|1700606070\n|move|p1a: Rillaboom|Protect|p1a: Rillaboom\n|-singleturn|p1a: Rillaboom|Protect\n|move|p2a: Iron Moth|Fiery Dance|p1a: Rillaboom\n|-activate|p1a: Rillaboom|move: Protect\n|\n|-heal|p2a: Iron Moth|79\/100|[from] Grassy Terrain\n|upkeep\n|turn|6\n|\n|t:|1700606080\n|switch|p1a: Jay Eazy|Landorus-Therian, M|100\/100\n|-ability|p1a: Jay Eazy|Intimidate|boost\n|-unboost|p2a: Iron Moth|atk|1\n|move|p2a: Iron Moth|Fiery Dance|p1a: Jay Eazy\n|-damage|p1a: Jay Eazy|21\/100\n|\n|-heal|p2a: Iron Moth|85\/100|[from] Grassy Terrain\n|upkeep\n|turn|7\n|\n|t:|1700606090\n|-end|p2a: Iron Moth|Quark Drive|[silent]\n|switch|p2a: Zapdos|Zapdos|100\/100\n|move|p1a: Jay Eazy|Stone Edge|p2a: Zapdos|[miss]\n|-miss|p1a: Jay Eazy|p2a: Zapdos\n|\n|-fieldend|move: Grassy Terrain\n|upkeep\n|turn|8\n|\n|t:|1700606100\n|move|p1a: Jay Eazy|Stone Edge|p2a: Zapdos|[miss]\n|-miss|p1a: Jay Eazy|p2a: Zapdos\n|move|p2a: Zapdos|Tera Blast|p1a: Jay Eazy\n|-damage|p1a: Jay Eazy|0 fnt\n|faint|p1a: Jay Eazy\n|\n|upkeep\n|\n|t:|1700606109\n|switch|p1a: Reddit Silver|Garganacl, F|100\/100\n|turn|9\n|\n|t:|1700606121\n|switch|p2a: Great Tusk|Great Tusk|100\/100 par\n|move|p1a: Reddit Silver|Salt Cure|p2a: Great Tusk\n|-resisted|p2a: Great Tusk\n|-damage|p2a: Great Tusk|98\/100 par\n|-start|p2a: Great Tusk|Salt Cure\n|\n|-damage|p2a: Great Tusk|86\/100 par|[from] Salt Cure\n|upkeep\n|turn|10\n|\n|t:|1700606131\n|move|p1a: Reddit Silver|Curse|p1a: Reddit Silver\n|-unboost|p1a: Reddit Silver|spe|1\n|-boost|p1a: Reddit Silver|atk|1\n|-boost|p1a: Reddit Silver|def|1\n|move|p2a: Great Tusk|Earthquake|p1a: Reddit Silver\n|-supereffective|p1a: Reddit Silver\n|-damage|p1a: Reddit Silver|59\/100\n|\n|-heal|p1a: Reddit Silver|65\/100|[from] item: Leftovers\n|-damage|p2a: Great Tusk|74\/100 par|[from] Salt Cure\n|upkeep\n|turn|11\n|\n|t:|1700606160\n|move|p2a: Great Tusk|Earthquake|p1a: Reddit Silver\n|-supereffective|p1a: Reddit Silver\n|-damage|p1a: Reddit Silver|26\/100\n|move|p1a: Reddit Silver|Salt Cure|p2a: Great Tusk\n|-resisted|p2a: Great Tusk\n|-damage|p2a: Great Tusk|70\/100 par\n|\n|-heal|p1a: Reddit Silver|32\/100|[from] item: Leftovers\n|-damage|p2a: Great Tusk|58\/100 par|[from] Salt Cure\n|upkeep\n|turn|12\n|\n|t:|1700606171\n|-terastallize|p1a: Reddit Silver|Water\n|move|p2a: Great Tusk|Earthquake|p1a: Reddit Silver\n|-damage|p1a: Reddit Silver|13\/100\n|move|p1a: Reddit Silver|Recover|p1a: Reddit Silver\n|-heal|p1a: Reddit Silver|63\/100\n|\n|-heal|p1a: Reddit Silver|70\/100|[from] item: Leftovers\n|-damage|p2a: Great Tusk|45\/100 par|[from] Salt Cure\n|upkeep\n|turn|13\n|\n|t:|1700606183\n|cant|p2a: Great Tusk|par\n|move|p1a: Reddit Silver|Curse|p1a: Reddit Silver\n|-unboost|p1a: Reddit Silver|spe|1\n|-boost|p1a: Reddit Silver|atk|1\n|-boost|p1a: Reddit Silver|def|1\n|\n|-heal|p1a: Reddit Silver|76\/100|[from] item: Leftovers\n|-damage|p2a: Great Tusk|33\/100 par|[from] Salt Cure\n|upkeep\n|turn|14\n|\n|t:|1700606196\n|move|p2a: Great Tusk|Earthquake|p1a: Reddit Silver\n|-damage|p1a: Reddit Silver|61\/100\n|move|p1a: Reddit Silver|Earthquake|p2a: Great Tusk\n|-damage|p2a: Great Tusk|6\/100 par\n|\n|-heal|p1a: Reddit Silver|68\/100|[from] item: Leftovers\n|-damage|p2a: Great Tusk|0 fnt|[from] Salt Cure\n|faint|p2a: Great Tusk\n|-end|p2a: Great Tusk|Protosynthesis|[silent]\n|upkeep\n|inactive|Hakan6892 has 120 seconds left.\n|\n|t:|1700606217\n|switch|p2a: Clodsire|Clodsire, M|100\/100\n|turn|15\n|\n|t:|1700606230\n|move|p2a: Clodsire|Toxic|p1a: Reddit Silver\n|-immune|p1a: Reddit Silver|[from] ability: Purifying Salt\n|move|p1a: Reddit Silver|Salt Cure|p2a: Clodsire\n|-resisted|p2a: Clodsire\n|-damage|p2a: Clodsire|93\/100\n|-start|p2a: Clodsire|Salt Cure\n|\n|-heal|p2a: Clodsire|99\/100|[from] item: Leftovers\n|-heal|p1a: Reddit Silver|74\/100|[from] item: Leftovers\n|-damage|p2a: Clodsire|86\/100|[from] Salt Cure\n|upkeep\n|turn|16\n|\n|t:|1700606243\n|move|p2a: Clodsire|Earthquake|p1a: Reddit Silver\n|-damage|p1a: Reddit Silver|60\/100\n|move|p1a: Reddit Silver|Curse|p1a: Reddit Silver\n|-unboost|p1a: Reddit Silver|spe|1\n|-boost|p1a: Reddit Silver|atk|1\n|-boost|p1a: Reddit Silver|def|1\n|\n|-heal|p2a: Clodsire|92\/100|[from] item: Leftovers\n|-heal|p1a: Reddit Silver|66\/100|[from] item: Leftovers\n|-damage|p2a: Clodsire|80\/100|[from] Salt Cure\n|upkeep\n|turn|17\n|\n|t:|1700606256\n|move|p2a: Clodsire|Liquidation|p1a: Reddit Silver\n|-resisted|p1a: Reddit Silver\n|-damage|p1a: Reddit Silver|62\/100\n|move|p1a: Reddit Silver|Recover|p1a: Reddit Silver\n|-heal|p1a: Reddit Silver|100\/100\n|\n|-heal|p2a: Clodsire|86\/100|[from] item: Leftovers\n|-damage|p2a: Clodsire|74\/100|[from] Salt Cure\n|upkeep\n|turn|18\n|\n|t:|1700606270\n|move|p2a: Clodsire|Recover|p2a: Clodsire\n|-heal|p2a: Clodsire|100\/100\n|move|p1a: Reddit Silver|Earthquake|p2a: Clodsire\n|-supereffective|p2a: Clodsire\n|-damage|p2a: Clodsire|46\/100\n|\n|-heal|p2a: Clodsire|52\/100|[from] item: Leftovers\n|-damage|p2a: Clodsire|39\/100|[from] Salt Cure\n|upkeep\n|turn|19\n|\n|t:|1700606280\n|move|p2a: Clodsire|Recover|p2a: Clodsire\n|-heal|p2a: Clodsire|89\/100\n|move|p1a: Reddit Silver|Curse|p1a: Reddit Silver\n|-unboost|p1a: Reddit Silver|spe|1\n|-boost|p1a: Reddit Silver|atk|1\n|-boost|p1a: Reddit Silver|def|1\n|\n|-heal|p2a: Clodsire|96\/100|[from] item: Leftovers\n|-damage|p2a: Clodsire|83\/100|[from] Salt Cure\n|upkeep\n|turn|20\n|inactive|Hakan6892 has 120 seconds left.\n|\n|t:|1700606294\n|switch|p2a: Zapdos|Zapdos|100\/100\n|move|p1a: Reddit Silver|Earthquake|p2a: Zapdos\n|-immune|p2a: Zapdos\n|\n|upkeep\n|turn|21\n|inactive|Hakan6892 has 120 seconds left.\n|\n|t:|1700606301\n|move|p2a: Zapdos|Discharge|p1a: Reddit Silver\n|-supereffective|p1a: Reddit Silver\n|-damage|p1a: Reddit Silver|19\/100\n|move|p1a: Reddit Silver|Salt Cure|p2a: Zapdos\n|-supereffective|p2a: Zapdos\n|-damage|p2a: Zapdos|18\/100\n|-start|p2a: Zapdos|Salt Cure\n|\n|-heal|p2a: Zapdos|24\/100|[from] item: Leftovers\n|-heal|p1a: Reddit Silver|25\/100|[from] item: Leftovers\n|-damage|p2a: Zapdos|11\/100|[from] Salt Cure\n|upkeep\n|turn|22\n|inactive|Hakan6892 has 120 seconds left.\n|\n|t:|1700606313\n|switch|p1a: Rillaboom|Rillaboom, F|100\/100\n|-fieldstart|move: Grassy Terrain|[from] ability: Grassy Surge|[of] p1a: Rillaboom\n|move|p2a: Zapdos|Discharge|p1a: Rillaboom\n|-resisted|p1a: Rillaboom\n|-damage|p1a: Rillaboom|75\/100\n|-status|p1a: Rillaboom|par\n|\n|-heal|p2a: Zapdos|18\/100|[from] item: Leftovers\n|-heal|p1a: Rillaboom|81\/100 par|[from] Grassy Terrain\n|-heal|p1a: Rillaboom|87\/100 par|[from] item: Leftovers\n|-damage|p2a: Zapdos|5\/100|[from] Salt Cure\n|upkeep\n|turn|23\n|inactive|Hakan6892 has 120 seconds left.\n|\n|t:|1700606328\n|move|p1a: Rillaboom|Grassy Glide|p2a: Zapdos\n|-resisted|p2a: Zapdos\n|-damage|p2a: Zapdos|0 fnt\n|faint|p2a: Zapdos\n|\n|-heal|p1a: Rillaboom|93\/100 par|[from] Grassy Terrain\n|-heal|p1a: Rillaboom|99\/100 par|[from] item: Leftovers\n|upkeep\n|inactive|Hakan6892 has 120 seconds left.\n|\n|t:|1700606337\n|switch|p2a: Iron Moth|Iron Moth|85\/100\n|turn|24\n|\n|t:|1700606341\n|move|p1a: Rillaboom|Protect|p1a: Rillaboom\n|-singleturn|p1a: Rillaboom|Protect\n|move|p2a: Iron Moth|Fiery Dance|p1a: Rillaboom\n|-activate|p1a: Rillaboom|move: Protect\n|\n|-heal|p2a: Iron Moth|91\/100|[from] Grassy Terrain\n|-heal|p1a: Rillaboom|100\/100 par|[from] Grassy Terrain\n|upkeep\n|turn|25\n|\n|t:|1700606351\n|switch|p1a: Dondozo|Dondozo, M|100\/100\n|move|p2a: Iron Moth|Fiery Dance|p1a: Dondozo\n|-resisted|p1a: Dondozo\n|-damage|p1a: Dondozo|80\/100\n|-boost|p2a: Iron Moth|spa|1\n|\n|-heal|p2a: Iron Moth|97\/100|[from] Grassy Terrain\n|-heal|p1a: Dondozo|86\/100|[from] Grassy Terrain\n|-heal|p1a: Dondozo|92\/100|[from] item: Leftovers\n|upkeep\n|turn|26\n|\n|t:|1700606364\n|move|p2a: Iron Moth|Energy Ball|p1a: Dondozo\n|-supereffective|p1a: Dondozo\n|-damage|p1a: Dondozo|6\/100\n|move|p1a: Dondozo|Wave Crash|p2a: Iron Moth\n|-supereffective|p2a: Iron Moth\n|-damage|p2a: Iron Moth|0 fnt\n|faint|p2a: Iron Moth\n|-end|p2a: Iron Moth|Quark Drive|[silent]\n|-damage|p1a: Dondozo|0 fnt|[from] Recoil\n|faint|p1a: Dondozo\n|\n|-fieldend|move: Grassy Terrain\n|upkeep\n|inactive|Hakan6892 has 120 seconds left.\n|\n|t:|1700606401\n|switch|p2a: Enamorus|Enamorus, F|100\/100\n|switch|p1a: Glimmora|Glimmora, M|100\/100\n|turn|27\n|\n|t:|1700606410\n|switch|p2a: Clodsire|Clodsire, M|83\/100\n|move|p1a: Glimmora|Mortal Spin|p2a: Clodsire\n|-resisted|p2a: Clodsire\n|-damage|p2a: Clodsire|81\/100\n|\n|-heal|p2a: Clodsire|88\/100|[from] item: Leftovers\n|upkeep\n|turn|28\n|inactive|Hakan6892 has 120 seconds left.\n|\n|t:|1700606420\n|move|p1a: Glimmora|Spikes|p2a: Clodsire\n|-sidestart|p2: Hakan6892|Spikes\n|move|p2a: Clodsire|Earthquake|p1a: Glimmora\n|-supereffective|p1a: Glimmora\n|-enditem|p1a: Glimmora|Focus Sash\n|-damage|p1a: Glimmora|1\/100\n|-activate|p1a: Glimmora|ability: Toxic Debris\n|-sidestart|p2: Hakan6892|move: Toxic Spikes\n|\n|-heal|p2a: Clodsire|94\/100|[from] item: Leftovers\n|upkeep\n|turn|29\n|inactive|Hakan6892 has 120 seconds left.\n|\n|t:|1700606432\n|move|p1a: Glimmora|Spikes|p2a: Clodsire\n|-sidestart|p2: Hakan6892|Spikes\n|move|p2a: Clodsire|Earthquake|p1a: Glimmora\n|-supereffective|p1a: Glimmora\n|-damage|p1a: Glimmora|0 fnt\n|-activate|p1a: Glimmora|ability: Toxic Debris\n|-sidestart|p2: Hakan6892|move: Toxic Spikes\n|faint|p1a: Glimmora\n|\n|-heal|p2a: Clodsire|99\/100|[from] item: Leftovers\n|upkeep\n|\n|t:|1700606443\n|switch|p1a: Rillaboom|Rillaboom, F|100\/100 par\n|-fieldstart|move: Grassy Terrain|[from] ability: Grassy Surge|[of] p1a: Rillaboom\n|turn|30\n|\n|t:|1700606448\n|move|p1a: Rillaboom|Knock Off|p2a: Clodsire\n|-damage|p2a: Clodsire|67\/100\n|-enditem|p2a: Clodsire|Leftovers|[from] move: Knock Off|[of] p1a: Rillaboom\n|move|p2a: Clodsire|Toxic||[still]\n|-fail|p2a: Clodsire\n|\n|-heal|p2a: Clodsire|74\/100|[from] Grassy Terrain\n|upkeep\n|turn|31\n|\n|t:|1700606459\n|move|p1a: Rillaboom|Leech Seed|p2a: Clodsire\n|-start|p2a: Clodsire|move: Leech Seed\n|move|p2a: Clodsire|Recover|p2a: Clodsire\n|-heal|p2a: Clodsire|100\/100\n|\n|-damage|p2a: Clodsire|88\/100|[from] Leech Seed|[of] p1a: Rillaboom\n|upkeep\n|turn|32\n|\n|t:|1700606468\n|cant|p1a: Rillaboom|par\n|move|p2a: Clodsire|Liquidation|p1a: Rillaboom\n|-resisted|p1a: Rillaboom\n|-damage|p1a: Rillaboom|96\/100 par\n|\n|-heal|p1a: Rillaboom|100\/100 par|[from] Grassy Terrain\n|-heal|p2a: Clodsire|94\/100|[from] Grassy Terrain\n|-damage|p2a: Clodsire|82\/100|[from] Leech Seed|[of] p1a: Rillaboom\n|upkeep\n|turn|33\n|inactive|Hakan6892 has 120 seconds left.\n|\n|t:|1700606490\n|cant|p1a: Rillaboom|par\n|move|p2a: Clodsire|Earthquake|p1a: Rillaboom\n|-resisted|p1a: Rillaboom\n|-damage|p1a: Rillaboom|96\/100 par\n|\n|-heal|p1a: Rillaboom|100\/100 par|[from] Grassy Terrain\n|-heal|p2a: Clodsire|88\/100|[from] Grassy Terrain\n|-damage|p2a: Clodsire|76\/100|[from] Leech Seed|[of] p1a: Rillaboom\n|upkeep\n|turn|34\n|inactive|Hakan6892 has 120 seconds left.\n|\n|t:|1700606502\n|cant|p1a: Rillaboom|par\n|move|p2a: Clodsire|Earthquake|p1a: Rillaboom\n|-resisted|p1a: Rillaboom\n|-damage|p1a: Rillaboom|96\/100 par\n|\n|-heal|p1a: Rillaboom|100\/100 par|[from] Grassy Terrain\n|-heal|p2a: Clodsire|82\/100|[from] Grassy Terrain\n|-damage|p2a: Clodsire|69\/100|[from] Leech Seed|[of] p1a: Rillaboom\n|-fieldend|move: Grassy Terrain\n|upkeep\n|turn|35\n|inactive|Hakan6892 has 120 seconds left.\n|\n|t:|1700606517\n|move|p1a: Rillaboom|Knock Off|p2a: Clodsire\n|-crit|p2a: Clodsire\n|-damage|p2a: Clodsire|41\/100\n|move|p2a: Clodsire|Liquidation|p1a: Rillaboom\n|-resisted|p1a: Rillaboom\n|-damage|p1a: Rillaboom|95\/100 par\n|-unboost|p1a: Rillaboom|def|1\n|\n|-heal|p1a: Rillaboom|100\/100 par|[from] item: Leftovers\n|-damage|p2a: Clodsire|28\/100|[from] Leech Seed|[of] p1a: Rillaboom\n|upkeep\n|turn|36\n|inactive|Hakan6892 has 120 seconds left.\n|\n|t:|1700606529\n|switch|p1a: Reddit Silver|Garganacl, F, tera:Water|25\/100\n|move|p2a: Clodsire|Recover|p2a: Clodsire\n|-heal|p2a: Clodsire|78\/100\n|\n|-heal|p1a: Reddit Silver|31\/100|[from] item: Leftovers\n|-damage|p2a: Clodsire|66\/100|[from] Leech Seed|[of] p1a: Reddit Silver\n|-heal|p1a: Reddit Silver|45\/100|[silent]\n|upkeep\n|turn|37\n|inactive|Hakan6892 has 120 seconds left.\n|\n|t:|1700606540\n|move|p1a: Reddit Silver|Recover|p1a: Reddit Silver\n|-heal|p1a: Reddit Silver|95\/100\n|move|p2a: Clodsire|Earthquake|p1a: Reddit Silver\n|-damage|p1a: Reddit Silver|82\/100\n|\n|-heal|p1a: Reddit Silver|88\/100|[from] item: Leftovers\n|-damage|p2a: Clodsire|54\/100|[from] Leech Seed|[of] p1a: Reddit Silver\n|-heal|p1a: Reddit Silver|100\/100|[silent]\n|upkeep\n|turn|38\n|inactive|Hakan6892 has 120 seconds left.\n|\n|t:|1700606553\n|move|p1a: Reddit Silver|Curse|p1a: Reddit Silver\n|-unboost|p1a: Reddit Silver|spe|1\n|-boost|p1a: Reddit Silver|atk|1\n|-boost|p1a: Reddit Silver|def|1\n|move|p2a: Clodsire|Recover|p2a: Clodsire\n|-heal|p2a: Clodsire|100\/100\n|\n|-damage|p2a: Clodsire|88\/100|[from] Leech Seed|[of] p1a: Reddit Silver\n|upkeep\n|turn|39\n|inactive|Hakan6892 has 120 seconds left.\n|\n|t:|1700606567\n|switch|p2a: Enamorus|Enamorus, F|100\/100\n|move|p1a: Reddit Silver|Salt Cure|p2a: Enamorus\n|-supereffective|p2a: Enamorus\n|-damage|p2a: Enamorus|23\/100\n|-start|p2a: Enamorus|Salt Cure\n|\n|-damage|p2a: Enamorus|11\/100|[from] Salt Cure\n|upkeep\n|turn|40\n|inactive|Hakan6892 has 120 seconds left.\n|\n|t:|1700606579\n|move|p2a: Enamorus|Superpower|p1a: Reddit Silver\n|-damage|p1a: Reddit Silver|88\/100\n|-boost|p2a: Enamorus|atk|1\n|-boost|p2a: Enamorus|def|1\n|move|p1a: Reddit Silver|Recover|p1a: Reddit Silver\n|-heal|p1a: Reddit Silver|100\/100\n|\n|-damage|p2a: Enamorus|0 fnt|[from] Salt Cure\n|faint|p2a: Enamorus\n|upkeep\n|\n|t:|1700606591\n|switch|p2a: Clodsire|Clodsire, M|88\/100\n|-damage|p2a: Clodsire|72\/100|[from] Spikes\n|-sideend|p2: Hakan6892|move: Toxic Spikes|[of] p2a: Clodsire\n|turn|41\n|\n|t:|1700606599\n|switch|p2a: Ogerpon|Ogerpon-Wellspring, F|100\/100\n|-damage|p2a: Ogerpon|84\/100|[from] Spikes\n|move|p1a: Reddit Silver|Curse|p1a: Reddit Silver\n|-unboost|p1a: Reddit Silver|spe|1\n|-boost|p1a: Reddit Silver|atk|1\n|-boost|p1a: Reddit Silver|def|1\n|\n|upkeep\n|turn|42\n|inactive|Hakan6892 has 120 seconds left.\n|\n|t:|1700606611\n|move|p2a: Ogerpon|Swords Dance|p2a: Ogerpon\n|-boost|p2a: Ogerpon|atk|2\n|move|p1a: Reddit Silver|Salt Cure|p2a: Ogerpon\n|-damage|p2a: Ogerpon|49\/100\n|-start|p2a: Ogerpon|Salt Cure\n|\n|-damage|p2a: Ogerpon|24\/100|[from] Salt Cure\n|upkeep\n|turn|43\n|inactive|Hakan6892 has 120 seconds left.\n|\n|t:|1700606621\n|move|p2a: Ogerpon|Horn Leech|p1a: Reddit Silver\n|-supereffective|p1a: Reddit Silver\n|-crit|p1a: Reddit Silver\n|-damage|p1a: Reddit Silver|0 fnt\n|-heal|p2a: Ogerpon|91\/100|[from] drain|[of] p1a: Reddit Silver\n|faint|p1a: Reddit Silver\n|\n|-damage|p2a: Ogerpon|66\/100|[from] Salt Cure\n|upkeep\n|\n|t:|1700606630\n|switch|p1a: Rillaboom|Rillaboom, F|100\/100 par\n|-fieldstart|move: Grassy Terrain|[from] ability: Grassy Surge|[of] p1a: Rillaboom\n|turn|44\n|\n|t:|1700606635\n|move|p1a: Rillaboom|Grassy Glide|p2a: Ogerpon\n|-damage|p2a: Ogerpon|30\/100\n|move|p2a: Ogerpon|Horn Leech|p1a: Rillaboom\n|-resisted|p1a: Rillaboom\n|-damage|p1a: Rillaboom|62\/100 par\n|-heal|p2a: Ogerpon|55\/100|[from] drain|[of] p1a: Rillaboom\n|\n|-heal|p2a: Ogerpon|61\/100|[from] Grassy Terrain\n|-heal|p1a: Rillaboom|68\/100 par|[from] Grassy Terrain\n|-heal|p1a: Rillaboom|74\/100 par|[from] item: Leftovers\n|-damage|p2a: Ogerpon|37\/100|[from] Salt Cure\n|upkeep\n|turn|45\n|\n|t:|1700606650\n|move|p1a: Rillaboom|Grassy Glide|p2a: Ogerpon\n|-damage|p2a: Ogerpon|0 fnt\n|faint|p2a: Ogerpon\n|\n|-heal|p1a: Rillaboom|80\/100 par|[from] Grassy Terrain\n|-heal|p1a: Rillaboom|87\/100 par|[from] item: Leftovers\n|upkeep\n|\n|t:|1700606658\n|switch|p2a: Clodsire|Clodsire, M|72\/100\n|-damage|p2a: Clodsire|55\/100|[from] Spikes\n|turn|46\n|\n|t:|1700606664\n|-terastallize|p2a: Clodsire|Poison\n|move|p1a: Rillaboom|Leech Seed|p2a: Clodsire\n|-start|p2a: Clodsire|move: Leech Seed\n|move|p2a: Clodsire|Recover|p2a: Clodsire\n|-heal|p2a: Clodsire|100\/100\n|\n|-heal|p1a: Rillaboom|93\/100 par|[from] Grassy Terrain\n|-heal|p1a: Rillaboom|99\/100 par|[from] item: Leftovers\n|-damage|p2a: Clodsire|88\/100|[from] Leech Seed|[of] p1a: Rillaboom\n|-heal|p1a: Rillaboom|100\/100 par|[silent]\n|upkeep\n|turn|47\n|\n|t:|1700606678\n|cant|p1a: Rillaboom|par\n|move|p2a: Clodsire|Liquidation|p1a: Rillaboom\n|-resisted|p1a: Rillaboom\n|-damage|p1a: Rillaboom|95\/100 par\n|-unboost|p1a: Rillaboom|def|1\n|\n|-heal|p1a: Rillaboom|100\/100 par|[from] Grassy Terrain\n|-heal|p2a: Clodsire|94\/100|[from] Grassy Terrain\n|-damage|p2a: Clodsire|82\/100|[from] Leech Seed|[of] p1a: Rillaboom\n|upkeep\n|turn|48\n|\n|t:|1700606691\n|move|p1a: Rillaboom|Knock Off|p2a: Clodsire\n|-damage|p2a: Clodsire|63\/100\n|move|p2a: Clodsire|Liquidation|p1a: Rillaboom\n|-resisted|p1a: Rillaboom\n|-damage|p1a: Rillaboom|96\/100 par\n|\n|-heal|p1a: Rillaboom|100\/100 par|[from] Grassy Terrain\n|-heal|p2a: Clodsire|69\/100|[from] Grassy Terrain\n|-damage|p2a: Clodsire|57\/100|[from] Leech Seed|[of] p1a: Rillaboom\n|-fieldend|move: Grassy Terrain\n|upkeep\n|turn|49\n|\n|t:|1700606702\n|move|p1a: Rillaboom|Knock Off|p2a: Clodsire\n|-damage|p2a: Clodsire|38\/100\n|move|p2a: Clodsire|Liquidation|p1a: Rillaboom\n|-resisted|p1a: Rillaboom\n|-damage|p1a: Rillaboom|95\/100 par\n|\n|-heal|p1a: Rillaboom|100\/100 par|[from] item: Leftovers\n|-damage|p2a: Clodsire|26\/100|[from] Leech Seed|[of] p1a: Rillaboom\n|upkeep\n|turn|50\n|\n|t:|1700606713\n|move|p1a: Rillaboom|Protect|p1a: Rillaboom\n|-singleturn|p1a: Rillaboom|Protect\n|move|p2a: Clodsire|Recover|p2a: Clodsire\n|-heal|p2a: Clodsire|76\/100\n|\n|-damage|p2a: Clodsire|64\/100|[from] Leech Seed|[of] p1a: Rillaboom\n|upkeep\n|turn|51\n|\n|t:|1700606721\n|move|p1a: Rillaboom|Knock Off|p2a: Clodsire\n|-crit|p2a: Clodsire\n|-damage|p2a: Clodsire|31\/100\n|move|p2a: Clodsire|Liquidation|p1a: Rillaboom\n|-resisted|p1a: Rillaboom\n|-damage|p1a: Rillaboom|96\/100 par\n|\n|-heal|p1a: Rillaboom|100\/100 par|[from] item: Leftovers\n|-damage|p2a: Clodsire|19\/100|[from] Leech Seed|[of] p1a: Rillaboom\n|upkeep\n|turn|52\n|\n|t:|1700606731\n|move|p1a: Rillaboom|Knock Off|p2a: Clodsire\n|-crit|p2a: Clodsire\n|-damage|p2a: Clodsire|0 fnt\n|faint|p2a: Clodsire\n|\n|win|Gekclol\n|raw|Gekclol's rating: 1260 &rarr; <strong>1290<\/strong><br \/>(+30 for winning)\n|raw|Hakan6892's rating: 1330 &rarr; <strong>1306<\/strong><br \/>(-24 for losing)\n|l|\u2606Hakan6892\n","uploadtime":1700606740,"views":11,"p1id":"gekclol","p2id":"hakan6892","formatid":"gen9ou","rating":1290,"private":0,"password":""}