{"id":"gen9ou-1993407599","p1":"tuesparliasfr","p2":"MathYeus","format":"[Gen 9] OU","log":"|j|\u2606tuesparliasfr\n|j|\u2606MathYeus\n|t:|1700313723\n|gametype|singles\n|player|p1|tuesparliasfr|265|1342\n|player|p2|MathYeus|brycenman|1347\n|teamsize|p1|6\n|teamsize|p2|6\n|gen|9\n|tier|[Gen 9] OU\n|rated|\n|rule|Sleep Clause Mod: Limit one foe put to sleep\n|rule|Species Clause: Limit one of each Pok\u00e9mon\n|rule|OHKO Clause: OHKO moves are banned\n|rule|Evasion Items Clause: Evasion items are banned\n|rule|Evasion Moves Clause: Evasion moves are banned\n|rule|Endless Battle Clause: Forcing endless battles is banned\n|rule|HP Percentage Mod: HP is shown in percentages\n|clearpoke\n|poke|p1|Scizor, F|\n|poke|p1|Zapdos|\n|poke|p1|Samurott-Hisui, M|\n|poke|p1|Kommo-o, M|\n|poke|p1|Sneasler, M|\n|poke|p1|Iron Valiant|\n|poke|p2|Kingambit, M|\n|poke|p2|Great Tusk|\n|poke|p2|Dragapult, F|\n|poke|p2|Ogerpon-Wellspring, F|\n|poke|p2|Blissey, F|\n|poke|p2|Zapdos|\n|teampreview\n|inactive|Battle timer is ON: inactive players will automatically lose when time's up. (requested by MathYeus)\n|\n|t:|1700313730\n|start\n|switch|p1a: Sneasler|Sneasler, M|100\/100\n|switch|p2a: Zapdos|Zapdos|100\/100\n|turn|1\n|\n|t:|1700313734\n|move|p1a: Sneasler|Fake Out|p2a: Zapdos\n|-enditem|p1a: Sneasler|Normal Gem|[from] gem\n|-damage|p2a: Zapdos|85\/100\n|cant|p2a: Zapdos|flinch\n|\n|upkeep\n|turn|2\n|c|\u2606MathYeus|?\n|\n|t:|1700313754\n|-terastallize|p1a: Sneasler|Flying\n|move|p1a: Sneasler|Night Slash|p2a: Zapdos\n|-damage|p2a: Zapdos|61\/100\n|move|p2a: Zapdos|Hurricane|p1a: Sneasler|[miss]\n|-miss|p2a: Zapdos|p1a: Sneasler\n|\n|upkeep\n|turn|3\n|c|\u2606MathYeus|Bizarre ta strat\n|\n|t:|1700313764\n|move|p1a: Sneasler|Night Slash|p2a: Zapdos\n|-damage|p2a: Zapdos|38\/100\n|move|p2a: Zapdos|Volt Switch|p1a: Sneasler\n|-supereffective|p1a: Sneasler\n|-damage|p1a: Sneasler|14\/100\n|c|\u2606tuesparliasfr|well\n|c|\u2606MathYeus|G\u00e2cher aussi t\u00f4t un aussi bon sweeper\n|c|\u2606tuesparliasfr|ur lead was interesting\n|\n|t:|1700313776\n|switch|p2a: Kingambit|Kingambit, M|100\/100|[from] Volt Switch\n|\n|upkeep\n|turn|4\n|c|\u2606tuesparliasfr|to say the least\n|\n|t:|1700313801\n|switch|p1a: Samurott|Samurott-Hisui, M|100\/100\n|move|p2a: Kingambit|Sucker Punch||[still]\n|-fail|p2a: Kingambit\n|\n|upkeep\n|turn|5\n|\n|t:|1700313812\n|move|p1a: Samurott|Sacred Sword|p2a: Kingambit\n|-supereffective|p2a: Kingambit\n|-damage|p2a: Kingambit|0 fnt\n|faint|p2a: Kingambit\n|-end|p2a: Kingambit|fallenundefined|[silent]\n|\n|upkeep\n|c|\u2606MathYeus|Forgot this move\n|\n|t:|1700313824\n|switch|p2a: Ogerpon|Ogerpon-Wellspring, F|100\/100\n|turn|6\n|c|\u2606tuesparliasfr|haha coverage\n|\n|t:|1700313830\n|move|p1a: Samurott|Sacred Sword|p2a: Ogerpon\n|-damage|p2a: Ogerpon|42\/100\n|move|p2a: Ogerpon|U-turn|p1a: Samurott\n|-supereffective|p1a: Samurott\n|-crit|p1a: Samurott\n|-damage|p1a: Samurott|0 fnt\n|faint|p1a: Samurott\n|c|\u2606tuesparliasfr|damn\n|\n|t:|1700313839\n|switch|p2a: Dragapult|Dragapult, F|100\/100|[from] U-turn\n|\n|upkeep\n|c|\u2606tuesparliasfr|crit might have mattered\n|\n|t:|1700313847\n|switch|p1a: Kommo-o|Kommo-o, M|100\/100\n|turn|7\n|\n|t:|1700313862\n|switch|p1a: Iron Valiant|Iron Valiant|100\/100\n|-enditem|p1a: Iron Valiant|Booster Energy\n|-activate|p1a: Iron Valiant|ability: Quark Drive|[fromitem]\n|-start|p1a: Iron Valiant|quarkdrivespe\n|move|p2a: Dragapult|Draco Meteor|p1a: Iron Valiant\n|-immune|p1a: Iron Valiant\n|\n|upkeep\n|turn|8\n|\n|t:|1700313869\n|switch|p2a: Blissey|Blissey, F|100\/100\n|move|p1a: Iron Valiant|Moonblast|p2a: Blissey\n|-damage|p2a: Blissey|85\/100\n|\n|upkeep\n|turn|9\n|c|\u2606tuesparliasfr|lesgo called the draco\n|\n|t:|1700313874\n|move|p1a: Iron Valiant|Close Combat|p2a: Blissey\n|-supereffective|p2a: Blissey\n|-damage|p2a: Blissey|0 fnt\n|-unboost|p1a: Iron Valiant|def|1\n|-unboost|p1a: Iron Valiant|spd|1\n|faint|p2a: Blissey\n|\n|upkeep\n|\n|t:|1700313889\n|switch|p2a: Great Tusk|Great Tusk|100\/100\n|turn|10\n|\n|t:|1700313893\n|-terastallize|p2a: Great Tusk|Steel\n|move|p1a: Iron Valiant|Moonblast|p2a: Great Tusk\n|-resisted|p2a: Great Tusk\n|-damage|p2a: Great Tusk|74\/100\n|-unboost|p2a: Great Tusk|spa|1\n|move|p2a: Great Tusk|Earthquake|p1a: Iron Valiant\n|-damage|p1a: Iron Valiant|12\/100\n|\n|-heal|p2a: Great Tusk|80\/100|[from] item: Leftovers\n|upkeep\n|turn|11\n|c|\u2606tuesparliasfr|BAHAHA\n|\n|t:|1700313906\n|move|p1a: Iron Valiant|Close Combat|p2a: Great Tusk\n|-supereffective|p2a: Great Tusk\n|-damage|p2a: Great Tusk|2\/100\n|-unboost|p1a: Iron Valiant|def|1\n|-unboost|p1a: Iron Valiant|spd|1\n|move|p2a: Great Tusk|Rapid Spin|p1a: Iron Valiant\n|-damage|p1a: Iron Valiant|0 fnt\n|-boost|p2a: Great Tusk|spe|1\n|faint|p1a: Iron Valiant\n|-end|p1a: Iron Valiant|Quark Drive|[silent]\n|\n|-heal|p2a: Great Tusk|9\/100|[from] item: Leftovers\n|upkeep\n|c|\u2606tuesparliasfr|valiant is a goat living an earthuake\n|\n|t:|1700313914\n|switch|p1a: Scizor|Scizor, F|100\/100\n|turn|12\n|\n|t:|1700313933\n|move|p1a: Scizor|Bullet Punch|p2a: Great Tusk\n|-resisted|p2a: Great Tusk\n|-damage|p2a: Great Tusk|0 fnt\n|faint|p2a: Great Tusk\n|-end|p2a: Great Tusk|Protosynthesis|[silent]\n|\n|upkeep\n|\n|t:|1700313937\n|switch|p2a: Dragapult|Dragapult, F|100\/100\n|turn|13\n|\n|t:|1700313939\n|move|p1a: Scizor|Bullet Punch|p2a: Dragapult\n|-damage|p2a: Dragapult|29\/100\n|move|p2a: Dragapult|Flamethrower|p1a: Scizor\n|-supereffective|p1a: Scizor\n|-crit|p1a: Scizor\n|-damage|p1a: Scizor|0 fnt\n|faint|p1a: Scizor\n|\n|upkeep\n|\n|t:|1700313947\n|switch|p1a: Zapdos|Zapdos|100\/100\n|turn|14\n|\n|t:|1700313955\n|switch|p2a: Ogerpon|Ogerpon-Wellspring, F|42\/100\n|move|p1a: Zapdos|Volt Switch|p2a: Ogerpon\n|-crit|p2a: Ogerpon\n|-damage|p2a: Ogerpon|0 fnt\n|faint|p2a: Ogerpon\n|\n|t:|1700313962\n|switch|p1a: Kommo-o|Kommo-o, M|100\/100|[from] Volt Switch\n|\n|upkeep\n|c|\u2606MathYeus|!dt bulletproof\n|raw|<ul class=\"utilichart\"><li class=\"result\"><span class=\"col namecol\"><a href=\"https:\/\/dex.pokemonshowdown.com\/abilities\/bulletproof\">Bulletproof<\/a><\/span> <span class=\"col abilitydesccol\">This Pokemon is immune to bullet moves.<\/span> <\/li><li style=\"clear:both\"><\/li><\/ul>\n|raw|<font size=\"1\"><font color=\"#686868\">Gen:<\/font> 6&nbsp;|&ThickSpace;&#10003; Ignored by Mold Breaker<\/font>\n\n|c|\u2606tuesparliasfr|hehe\n|c|\u2606tuesparliasfr|cant shadow ball me\n|inactive|MathYeus has 120 seconds left.\n|\n|t:|1700313994\n|switch|p2a: Dragapult|Dragapult, F|29\/100\n|turn|15\n|c|\u2606tuesparliasfr|but he has more than one ability\n|\n|t:|1700314001\n|move|p2a: Dragapult|Draco Meteor|p1a: Kommo-o\n|-supereffective|p1a: Kommo-o\n|-damage|p1a: Kommo-o|0 fnt\n|-unboost|p2a: Dragapult|spa|2\n|faint|p1a: Kommo-o\n|\n|upkeep\n|\n|t:|1700314007\n|switch|p1a: Zapdos|Zapdos|100\/100\n|turn|16\n|\n|t:|1700314014\n|switch|p2a: Zapdos|Zapdos|38\/100\n|move|p1a: Zapdos|Discharge|p2a: Zapdos\n|-damage|p2a: Zapdos|0 fnt\n|faint|p2a: Zapdos\n|\n|upkeep\n|c|\u2606tuesparliasfr|gg\n|\n|t:|1700314022\n|switch|p2a: Dragapult|Dragapult, F|29\/100\n|turn|17\n|\n|t:|1700314025\n|switch|p1a: Sneasler|Sneasler, M, tera:Flying|14\/100\n|move|p2a: Dragapult|Draco Meteor|p1a: Sneasler\n|-damage|p1a: Sneasler|0 fnt\n|-unboost|p2a: Dragapult|spa|2\n|faint|p1a: Sneasler\n|\n|upkeep\n|\n|t:|1700314030\n|switch|p1a: Zapdos|Zapdos|100\/100\n|turn|18\n|c|\u2606MathYeus|Fck\n|c|\u2606tuesparliasfr|ur choice specs\n|c|\u2606tuesparliasfr|hehe\n|c|\u2606MathYeus|Don't except the switch\n|c|\u2606tuesparliasfr|gg\n|c|\u2606MathYeus|Good job\n|c|\u2606tuesparliasfr|it was obv\n|c|\u2606MathYeus|And good game\n|\n|t:|1700314052\n|move|p2a: Dragapult|Draco Meteor|p1a: Zapdos\n|-damage|p1a: Zapdos|54\/100\n|-unboost|p2a: Dragapult|spa|2\n|move|p1a: Zapdos|Discharge|p2a: Dragapult\n|-resisted|p2a: Dragapult\n|-damage|p2a: Dragapult|0 fnt\n|faint|p2a: Dragapult\n|\n|win|tuesparliasfr\n|raw|tuesparliasfr's rating: 1342 &rarr; <strong>1362<\/strong><br \/>(+20 for winning)\n|raw|MathYeus's rating: 1347 &rarr; <strong>1327<\/strong><br \/>(-20 for losing)\n|l|\u2606MathYeus\n","uploadtime":1700314078,"views":8,"p1id":"tuesparliasfr","p2id":"mathyeus","formatid":"gen9ou","rating":1327,"private":0,"password":""}