{"id":"gen9ou-1993883323","p1":"fghj4","p2":"t1dalfiofj","format":"[Gen 9] OU","log":"|j|\u2606fghj4\n|j|\u2606t1dalfiofj\n|t:|1700369714\n|gametype|singles\n|player|p1|fghj4|cynthia-gen4|1453\n|player|p2|t1dalfiofj|101|1367\n|teamsize|p1|6\n|teamsize|p2|6\n|gen|9\n|tier|[Gen 9] OU\n|rated|\n|rule|Sleep Clause Mod: Limit one foe put to sleep\n|rule|Species Clause: Limit one of each Pok\u00e9mon\n|rule|OHKO Clause: OHKO moves are banned\n|rule|Evasion Items Clause: Evasion items are banned\n|rule|Evasion Moves Clause: Evasion moves are banned\n|rule|Endless Battle Clause: Forcing endless battles is banned\n|rule|HP Percentage Mod: HP is shown in percentages\n|clearpoke\n|poke|p1|Samurott-Hisui, F|\n|poke|p1|Iron Valiant|\n|poke|p1|Azelf|\n|poke|p1|Zamazenta-*|\n|poke|p1|Kingambit, F|\n|poke|p1|Iron Moth|\n|poke|p2|Rillaboom, F|\n|poke|p2|Sneasler, F|\n|poke|p2|Zamazenta-*|\n|poke|p2|Heatran, M|\n|poke|p2|Hatterene, F|\n|poke|p2|Manaphy|\n|teampreview\n|\n|t:|1700369743\n|start\n|switch|p1a: Samurott|Samurott-Hisui, F|100\/100\n|switch|p2a: Saint Laurent Hatt|Hatterene, F|100\/100\n|turn|1\n|\n|t:|1700369750\n|move|p1a: Samurott|Ceaseless Edge|p2a: Saint Laurent Hatt\n|-damage|p2a: Saint Laurent Hatt|63\/100\n|-sidestart|p2: t1dalfiofj|Spikes\n|move|p2a: Saint Laurent Hatt|Draining Kiss|p1a: Samurott\n|-supereffective|p1a: Samurott\n|-damage|p1a: Samurott|29\/100\n|-heal|p2a: Saint Laurent Hatt|100\/100|[from] drain|[of] p1a: Samurott\n|\n|upkeep\n|turn|2\n|\n|t:|1700369766\n|move|p1a: Samurott|Ceaseless Edge|p2a: Saint Laurent Hatt|[miss]\n|-miss|p1a: Samurott|p2a: Saint Laurent Hatt\n|move|p2a: Saint Laurent Hatt|Nuzzle|p1a: Samurott\n|-supereffective|p1a: Samurott\n|-damage|p1a: Samurott|20\/100\n|-status|p1a: Samurott|par\n|\n|upkeep\n|turn|3\n|\n|t:|1700369779\n|move|p1a: Samurott|Knock Off|p2a: Saint Laurent Hatt\n|-damage|p2a: Saint Laurent Hatt|58\/100\n|-enditem|p2a: Saint Laurent Hatt|Grassy Seed|[from] move: Knock Off|[of] p1a: Samurott\n|move|p2a: Saint Laurent Hatt|Draining Kiss|p1a: Samurott\n|-supereffective|p1a: Samurott\n|-damage|p1a: Samurott|0 fnt\n|-heal|p2a: Saint Laurent Hatt|72\/100|[from] drain|[of] p1a: Samurott\n|faint|p1a: Samurott\n|\n|upkeep\n|\n|t:|1700369782\n|switch|p1a: Iron Moth|Iron Moth|100\/100\n|-enditem|p1a: Iron Moth|Booster Energy\n|-activate|p1a: Iron Moth|ability: Quark Drive|[fromitem]\n|-start|p1a: Iron Moth|quarkdrivespe\n|turn|4\n|\n|t:|1700369805\n|-end|p1a: Iron Moth|Quark Drive|[silent]\n|switch|p1a: Zamazenta|Zamazenta, shiny|100\/100\n|-ability|p1a: Zamazenta|Dauntless Shield|boost\n|-boost|p1a: Zamazenta|def|1\n|switch|p2a: Mr Worldwide|Heatran, M|100\/100\n|-item|p2a: Mr Worldwide|Air Balloon\n|\n|upkeep\n|turn|5\n|\n|t:|1700369826\n|switch|p2a: Saint Laurent Hatt|Hatterene, F|72\/100\n|-damage|p2a: Saint Laurent Hatt|60\/100|[from] Spikes\n|move|p1a: Zamazenta|Body Press|p2a: Saint Laurent Hatt\n|-resisted|p2a: Saint Laurent Hatt\n|-damage|p2a: Saint Laurent Hatt|49\/100\n|\n|upkeep\n|turn|6\n|\n|t:|1700369837\n|move|p1a: Zamazenta|Stone Edge|p2a: Saint Laurent Hatt|[miss]\n|-miss|p1a: Zamazenta|p2a: Saint Laurent Hatt\n|move|p2a: Saint Laurent Hatt|Draining Kiss|p1a: Zamazenta\n|-supereffective|p1a: Zamazenta\n|-damage|p1a: Zamazenta|56\/100\n|-heal|p2a: Saint Laurent Hatt|83\/100|[from] drain|[of] p1a: Zamazenta\n|\n|-heal|p1a: Zamazenta|62\/100|[from] item: Leftovers\n|upkeep\n|turn|7\n|\n|t:|1700369845\n|switch|p1a: Azelf|Azelf|100\/100\n|move|p2a: Saint Laurent Hatt|Nuzzle|p1a: Azelf\n|-damage|p1a: Azelf|95\/100\n|-status|p1a: Azelf|par\n|\n|upkeep\n|turn|8\n|\n|t:|1700369887\n|switch|p2a: Peculiar Mixture|Manaphy|100\/100\n|-damage|p2a: Peculiar Mixture|88\/100|[from] Spikes\n|move|p1a: Azelf|Explosion|p2a: Peculiar Mixture\n|-damage|p2a: Peculiar Mixture|25\/100\n|faint|p1a: Azelf\n|\n|-heal|p2a: Peculiar Mixture|32\/100|[from] item: Leftovers\n|upkeep\n|\n|t:|1700369895\n|switch|p1a: Iron Valiant|Iron Valiant|100\/100\n|-enditem|p1a: Iron Valiant|Booster Energy\n|-activate|p1a: Iron Valiant|ability: Quark Drive|[fromitem]\n|-start|p1a: Iron Valiant|quarkdrivespe\n|turn|9\n|\n|t:|1700369906\n|move|p1a: Iron Valiant|Psyshock|p2a: Peculiar Mixture\n|-damage|p2a: Peculiar Mixture|11\/100\n|move|p2a: Peculiar Mixture|Scald|p1a: Iron Valiant\n|-damage|p1a: Iron Valiant|49\/100\n|\n|-heal|p2a: Peculiar Mixture|17\/100|[from] item: Leftovers\n|upkeep\n|turn|10\n|\n|t:|1700369914\n|move|p1a: Iron Valiant|Psyshock|p2a: Peculiar Mixture\n|-damage|p2a: Peculiar Mixture|0 fnt\n|faint|p2a: Peculiar Mixture\n|\n|upkeep\n|\n|t:|1700369929\n|switch|p2a: Iron Bands|Rillaboom, F|100\/100\n|-damage|p2a: Iron Bands|88\/100|[from] Spikes\n|-fieldstart|move: Grassy Terrain|[from] ability: Grassy Surge|[of] p2a: Iron Bands\n|turn|11\n|\n|t:|1700369937\n|move|p1a: Iron Valiant|Moonblast|p2a: Iron Bands\n|-damage|p2a: Iron Bands|34\/100\n|move|p2a: Iron Bands|U-turn|p1a: Iron Valiant\n|-resisted|p1a: Iron Valiant\n|-damage|p1a: Iron Valiant|36\/100\n|\n|t:|1700369944\n|switch|p2a: Creepin'|Sneasler, F|100\/100|[from] U-turn\n|-damage|p2a: Creepin'|88\/100|[from] Spikes\n|-enditem|p2a: Creepin'|Grassy Seed\n|-boost|p2a: Creepin'|def|1|[from] item: Grassy Seed\n|\n|-heal|p2a: Creepin'|94\/100|[from] Grassy Terrain\n|-heal|p1a: Iron Valiant|42\/100|[from] Grassy Terrain\n|upkeep\n|turn|12\n|\n|t:|1700369968\n|-terastallize|p1a: Iron Valiant|Steel\n|move|p2a: Creepin'|Dire Claw|p1a: Iron Valiant\n|-immune|p1a: Iron Valiant\n|move|p1a: Iron Valiant|Psyshock|p2a: Creepin'\n|-supereffective|p2a: Creepin'\n|-damage|p2a: Creepin'|0 fnt\n|faint|p2a: Creepin'\n|\n|-heal|p1a: Iron Valiant|49\/100|[from] Grassy Terrain\n|upkeep\n|\n|t:|1700369974\n|switch|p2a: Mr Worldwide|Heatran, M|100\/100\n|-item|p2a: Mr Worldwide|Air Balloon\n|turn|13\n|\n|t:|1700369982\n|move|p1a: Iron Valiant|Focus Blast|p2a: Mr Worldwide|[miss]\n|-miss|p1a: Iron Valiant|p2a: Mr Worldwide\n|move|p2a: Mr Worldwide|Earth Power|p1a: Iron Valiant\n|-supereffective|p1a: Iron Valiant\n|-damage|p1a: Iron Valiant|0 fnt\n|faint|p1a: Iron Valiant\n|-end|p1a: Iron Valiant|Quark Drive|[silent]\n|\n|upkeep\n|\n|t:|1700369987\n|switch|p1a: Zamazenta|Zamazenta, shiny|62\/100\n|turn|14\n|\n|t:|1700370020\n|switch|p2a: Saint Laurent Hatt|Hatterene, F|83\/100\n|-damage|p2a: Saint Laurent Hatt|71\/100|[from] Spikes\n|move|p1a: Zamazenta|Body Press|p2a: Saint Laurent Hatt\n|-resisted|p2a: Saint Laurent Hatt\n|-damage|p2a: Saint Laurent Hatt|63\/100\n|\n|-heal|p1a: Zamazenta|68\/100|[from] Grassy Terrain\n|-heal|p1a: Zamazenta|74\/100|[from] item: Leftovers\n|-heal|p2a: Saint Laurent Hatt|69\/100|[from] Grassy Terrain\n|upkeep\n|turn|15\n|\n|t:|1700370027\n|switch|p1a: Iron Moth|Iron Moth|100\/100\n|move|p2a: Saint Laurent Hatt|Nuzzle|p1a: Iron Moth\n|-crit|p1a: Iron Moth\n|-damage|p1a: Iron Moth|93\/100\n|-status|p1a: Iron Moth|par\n|\n|-heal|p1a: Iron Moth|99\/100 par|[from] Grassy Terrain\n|-heal|p2a: Saint Laurent Hatt|75\/100|[from] Grassy Terrain\n|-fieldend|move: Grassy Terrain\n|upkeep\n|turn|16\n|\n|t:|1700370075\n|switch|p2a: Mr Worldwide|Heatran, M|100\/100\n|-item|p2a: Mr Worldwide|Air Balloon\n|move|p1a: Iron Moth|Sludge Wave|p2a: Mr Worldwide\n|-immune|p2a: Mr Worldwide\n|\n|upkeep\n|turn|17\n|\n|t:|1700370092\n|-end|p1a: Iron Moth|Quark Drive|[silent]\n|switch|p1a: Zamazenta|Zamazenta, shiny|74\/100\n|move|p2a: Mr Worldwide|Will-O-Wisp|p1a: Zamazenta|[miss]\n|-miss|p2a: Mr Worldwide|p1a: Zamazenta\n|\n|-heal|p1a: Zamazenta|80\/100|[from] item: Leftovers\n|upkeep\n|turn|18\n|\n|t:|1700370106\n|move|p1a: Zamazenta|Stone Edge|p2a: Mr Worldwide\n|-damage|p2a: Mr Worldwide|73\/100\n|-enditem|p2a: Mr Worldwide|Air Balloon\n|move|p2a: Mr Worldwide|Earth Power|p1a: Zamazenta\n|-damage|p1a: Zamazenta|54\/100\n|\n|-heal|p1a: Zamazenta|60\/100|[from] item: Leftovers\n|upkeep\n|turn|19\n|\n|t:|1700370113\n|switch|p2a: Saint Laurent Hatt|Hatterene, F|75\/100\n|-damage|p2a: Saint Laurent Hatt|63\/100|[from] Spikes\n|move|p1a: Zamazenta|Stone Edge|p2a: Saint Laurent Hatt\n|-damage|p2a: Saint Laurent Hatt|38\/100\n|\n|-heal|p1a: Zamazenta|66\/100|[from] item: Leftovers\n|upkeep\n|turn|20\n|\n|t:|1700370126\n|move|p1a: Zamazenta|Stone Edge|p2a: Saint Laurent Hatt\n|-crit|p2a: Saint Laurent Hatt\n|-damage|p2a: Saint Laurent Hatt|0 fnt\n|faint|p2a: Saint Laurent Hatt\n|\n|-heal|p1a: Zamazenta|72\/100|[from] item: Leftovers\n|upkeep\n|\n|t:|1700370177\n|switch|p2a: Iron Bands|Rillaboom, F|34\/100\n|-damage|p2a: Iron Bands|22\/100|[from] Spikes\n|-fieldstart|move: Grassy Terrain|[from] ability: Grassy Surge|[of] p2a: Iron Bands\n|turn|21\n|\n|t:|1700370186\n|move|p2a: Iron Bands|Grassy Glide|p1a: Zamazenta\n|-damage|p1a: Zamazenta|19\/100\n|move|p1a: Zamazenta|Iron Defense|p1a: Zamazenta\n|-boost|p1a: Zamazenta|def|2\n|\n|-heal|p1a: Zamazenta|25\/100|[from] Grassy Terrain\n|-heal|p1a: Zamazenta|31\/100|[from] item: Leftovers\n|-heal|p2a: Iron Bands|28\/100|[from] Grassy Terrain\n|upkeep\n|turn|22\n|\n|t:|1700370196\n|-terastallize|p2a: Iron Bands|Grass\n|move|p2a: Iron Bands|Grassy Glide|p1a: Zamazenta\n|-damage|p1a: Zamazenta|0 fnt\n|faint|p1a: Zamazenta\n|\n|-heal|p2a: Iron Bands|34\/100|[from] Grassy Terrain\n|upkeep\n|\n|t:|1700370199\n|switch|p1a: Iron Moth|Iron Moth|99\/100 par\n|turn|23\n|\n|t:|1700370213\n|switch|p2a: Mr Worldwide|Heatran, M|73\/100\n|-damage|p2a: Mr Worldwide|61\/100|[from] Spikes\n|move|p1a: Iron Moth|Substitute|p1a: Iron Moth\n|-start|p1a: Iron Moth|Substitute\n|-damage|p1a: Iron Moth|74\/100 par\n|\n|-heal|p2a: Mr Worldwide|67\/100|[from] Grassy Terrain\n|-heal|p1a: Iron Moth|80\/100 par|[from] Grassy Terrain\n|upkeep\n|turn|24\n|\n|t:|1700370216\n|move|p2a: Mr Worldwide|Earth Power|p1a: Iron Moth\n|-supereffective|p1a: Iron Moth\n|-end|p1a: Iron Moth|Substitute\n|move|p1a: Iron Moth|Psychic|p2a: Mr Worldwide\n|-resisted|p2a: Mr Worldwide\n|-damage|p2a: Mr Worldwide|57\/100\n|\n|-heal|p2a: Mr Worldwide|64\/100|[from] Grassy Terrain\n|-heal|p1a: Iron Moth|86\/100 par|[from] Grassy Terrain\n|upkeep\n|turn|25\n|\n|t:|1700370222\n|move|p2a: Mr Worldwide|Earth Power|p1a: Iron Moth\n|-supereffective|p1a: Iron Moth\n|-damage|p1a: Iron Moth|0 fnt\n|faint|p1a: Iron Moth\n|-end|p1a: Iron Moth|Quark Drive|[silent]\n|\n|-heal|p2a: Mr Worldwide|70\/100|[from] Grassy Terrain\n|-fieldend|move: Grassy Terrain\n|upkeep\n|\n|t:|1700370225\n|switch|p1a: Kingambit|Kingambit, F|100\/100\n|-activate|p1a: Kingambit|ability: Supreme Overlord\n|-start|p1a: Kingambit|fallen5|[silent]\n|-item|p1a: Kingambit|Air Balloon\n|turn|26\n|\n|t:|1700370234\n|move|p2a: Mr Worldwide|Magma Storm|p1a: Kingambit\n|-supereffective|p1a: Kingambit\n|-damage|p1a: Kingambit|7\/100\n|-activate|p1a: Kingambit|move: Magma Storm|[of] p2a: Mr Worldwide\n|-enditem|p1a: Kingambit|Air Balloon\n|move|p1a: Kingambit|Kowtow Cleave|p2a: Mr Worldwide\n|-damage|p2a: Mr Worldwide|9\/100\n|\n|-damage|p1a: Kingambit|0 fnt|[from] move: Magma Storm|[partiallytrapped]\n|faint|p1a: Kingambit\n|-end|p1a: Kingambit|fallen5|[silent]\n|\n|win|t1dalfiofj\n|upkeep\n|raw|fghj4's rating: 1453 &rarr; <strong>1428<\/strong><br \/>(-25 for losing)\n|raw|t1dalfiofj's rating: 1367 &rarr; <strong>1392<\/strong><br \/>(+25 for winning)\n|l|\u2606fghj4\n","uploadtime":1700370279,"views":21,"p1id":"fghj4","p2id":"t1dalfiofj","formatid":"gen9ou","rating":1392,"private":0,"password":""}