{"id":"gen9ou-1991213888","p1":"Grotn2","p2":"Envymetta_TTV","format":"[Gen 9] OU","log":"|j|\u2606Grotn2\n|j|\u2606Envymetta_TTV\n|t:|1700057848\n|gametype|singles\n|player|p1|Grotn2|youngcouple|1403\n|player|p2|Envymetta_TTV|acetrainer-gen4|1409\n|teamsize|p1|6\n|teamsize|p2|6\n|gen|9\n|tier|[Gen 9] OU\n|rated|\n|rule|Sleep Clause Mod: Limit one foe put to sleep\n|rule|Species Clause: Limit one of each Pok\u00e9mon\n|rule|OHKO Clause: OHKO moves are banned\n|rule|Evasion Items Clause: Evasion items are banned\n|rule|Evasion Moves Clause: Evasion moves are banned\n|rule|Endless Battle Clause: Forcing endless battles is banned\n|rule|HP Percentage Mod: HP is shown in percentages\n|clearpoke\n|poke|p1|Clefable, M|\n|poke|p1|Alomomola, M|\n|poke|p1|Blissey, F|\n|poke|p1|Clodsire, M|\n|poke|p1|Dondozo, F|\n|poke|p1|Amoonguss, F|\n|poke|p2|Meloetta|\n|poke|p2|Meowscarada, F|\n|poke|p2|Manaphy|\n|poke|p2|Great Tusk|\n|poke|p2|Glimmora, F|\n|poke|p2|Mew|\n|teampreview\n|inactive|Battle timer is ON: inactive players will automatically lose when time's up. (requested by Grotn2)\n|\n|t:|1700057866\n|start\n|switch|p1a: Clodsire|Clodsire, M|100\/100\n|switch|p2a: Meloetta|Meloetta|100\/100\n|turn|1\n|\n|t:|1700057872\n|switch|p1a: Blissey|Blissey, F|100\/100\n|move|p2a: Meloetta|Substitute|p2a: Meloetta\n|-start|p2a: Meloetta|Substitute\n|-damage|p2a: Meloetta|75\/100\n|\n|-heal|p2a: Meloetta|82\/100|[from] item: Leftovers\n|upkeep\n|turn|2\n|\n|t:|1700057875\n|move|p2a: Meloetta|Calm Mind|p2a: Meloetta\n|-boost|p2a: Meloetta|spa|1\n|-boost|p2a: Meloetta|spd|1\n|move|p1a: Blissey|Stealth Rock|p2a: Meloetta\n|-sidestart|p2: Envymetta_TTV|move: Stealth Rock\n|\n|-heal|p2a: Meloetta|88\/100|[from] item: Leftovers\n|upkeep\n|turn|3\n|\n|t:|1700057880\n|move|p2a: Meloetta|Calm Mind|p2a: Meloetta\n|-boost|p2a: Meloetta|spa|1\n|-boost|p2a: Meloetta|spd|1\n|move|p1a: Blissey|Seismic Toss|p2a: Meloetta\n|-activate|p2a: Meloetta|move: Substitute|[damage]\n|\n|-heal|p2a: Meloetta|94\/100|[from] item: Leftovers\n|upkeep\n|turn|4\n|\n|t:|1700057886\n|move|p2a: Meloetta|Calm Mind|p2a: Meloetta\n|-boost|p2a: Meloetta|spa|1\n|-boost|p2a: Meloetta|spd|1\n|move|p1a: Blissey|Seismic Toss|p2a: Meloetta\n|-end|p2a: Meloetta|Substitute\n|\n|-heal|p2a: Meloetta|99\/100|[from] item: Leftovers\n|upkeep\n|turn|5\n|\n|t:|1700057889\n|switch|p1a: Clodsire|Clodsire, M|100\/100\n|move|p2a: Meloetta|Substitute|p2a: Meloetta\n|-start|p2a: Meloetta|Substitute\n|-damage|p2a: Meloetta|75\/100\n|\n|-heal|p2a: Meloetta|81\/100|[from] item: Leftovers\n|upkeep\n|turn|6\n|\n|t:|1700057892\n|move|p2a: Meloetta|Psyshock|p1a: Clodsire\n|-supereffective|p1a: Clodsire\n|-damage|p1a: Clodsire|28\/100\n|move|p1a: Clodsire|Amnesia|p1a: Clodsire\n|-boost|p1a: Clodsire|spd|2\n|\n|-heal|p2a: Meloetta|88\/100|[from] item: Leftovers\n|upkeep\n|turn|7\n|-message|Grotn2 forfeited.\n|\n|win|Envymetta_TTV\n|raw|Grotn2's rating: 1403 &rarr; <strong>1383<\/strong><br \/>(-20 for losing)\n|raw|Envymetta_TTV's rating: 1409 &rarr; <strong>1429<\/strong><br \/>(+20 for winning)\n|l|\u2606Grotn2\n","uploadtime":1700057902,"views":5,"p1id":"grotn2","p2id":"envymettattv","formatid":"gen9ou","rating":1383,"private":0,"password":""}