{"id":"gen9ou-1997117745","p1":"ShawJay","p2":"ass random name","format":"[Gen 9] OU","log":"|j|\u2606ShawJay\n|j|\u2606ass random name\n|t:|1700766277\n|gametype|singles\n|player|p1|ShawJay|hilbert-wonderlauncher|\n|player|p2|ass random name|266|\n|teamsize|p1|6\n|teamsize|p2|6\n|gen|9\n|tier|[Gen 9] OU\n|rule|Sleep Clause Mod: Limit one foe put to sleep\n|rule|Species Clause: Limit one of each Pok\u00e9mon\n|rule|OHKO Clause: OHKO moves are banned\n|rule|Evasion Items Clause: Evasion items are banned\n|rule|Evasion Moves Clause: Evasion moves are banned\n|rule|Endless Battle Clause: Forcing endless battles is banned\n|rule|HP Percentage Mod: HP is shown in percentages\n|clearpoke\n|poke|p1|Landorus-Therian, M|\n|poke|p1|Alomomola, F|\n|poke|p1|Goodra-Hisui, F|\n|poke|p1|Sinistcha-Masterpiece|\n|poke|p1|Hawlucha, F|\n|poke|p1|Delphox, M|\n|poke|p2|Weavile, M|\n|poke|p2|Skeledirge, F|\n|poke|p2|Quaquaval, M|\n|poke|p2|Iron Treads|\n|poke|p2|Tornadus-Therian, M|\n|poke|p2|Amoonguss, F|\n|teampreview\n|c|\u2606ass random name|what's the defensive core\n|c|\u2606ass random name|alo hoodra sinis?\n|\n|t:|1700766298\n|start\n|switch|p1a: Not on Land?|Landorus-Therian, M|100\/100\n|switch|p2a: Tornadus|Tornadus-Therian, M|100\/100\n|-ability|p1a: Not on Land?|Intimidate|boost\n|-unboost|p2a: Tornadus|atk|1\n|turn|1\n|c|\u2606ShawJay|landorus, alomolomo, goodra, cha cha\n|\n|t:|1700766331\n|move|p2a: Tornadus|Knock Off|p1a: Not on Land?\n|-damage|p1a: Not on Land?|89\/100\n|-enditem|p1a: Not on Land?|Leftovers|[from] move: Knock Off|[of] p2a: Tornadus\n|move|p1a: Not on Land?|U-turn|p2a: Tornadus\n|-resisted|p2a: Tornadus\n|-damage|p2a: Tornadus|89\/100\n|c|\u2606ass random name|why is delphox there lmao\n|\n|t:|1700766343\n|switch|p1a: Good Girl|Goodra-Hisui, F, shiny|100\/100|[from] U-turn\n|\n|upkeep\n|turn|2\n|\n|t:|1700766347\n|move|p2a: Tornadus|Knock Off|p1a: Good Girl\n|-damage|p1a: Good Girl|89\/100\n|-enditem|p1a: Good Girl|Leftovers|[from] move: Knock Off|[of] p2a: Tornadus\n|move|p1a: Good Girl|Knock Off|p2a: Tornadus\n|-damage|p2a: Tornadus|54\/100\n|-enditem|p2a: Tornadus|Assault Vest|[from] move: Knock Off|[of] p1a: Good Girl\n|\n|upkeep\n|turn|3\n|\n|t:|1700766356\n|move|p2a: Tornadus|U-turn|p1a: Good Girl\n|-resisted|p1a: Good Girl\n|-damage|p1a: Good Girl|85\/100\n|\n|t:|1700766366\n|switch|p2a: Amoonguss|Amoonguss, F|100\/100|[from] U-turn\n|move|p1a: Good Girl|Curse|p1a: Good Girl\n|-unboost|p1a: Good Girl|spe|1\n|-boost|p1a: Good Girl|atk|1\n|-boost|p1a: Good Girl|def|1\n|\n|upkeep\n|turn|4\n|c|\u2606ass random name|wtf\n|\n|t:|1700766380\n|move|p2a: Amoonguss|Spore|p1a: Good Girl\n|-ability|p1a: Good Girl|Sap Sipper|boost\n|-boost|p1a: Good Girl|atk|1\n|move|p1a: Good Girl|Knock Off|p2a: Amoonguss\n|-damage|p2a: Amoonguss|55\/100\n|-damage|p1a: Good Girl|69\/100|[from] item: Rocky Helmet|[of] p2a: Amoonguss\n|-enditem|p2a: Amoonguss|Rocky Helmet|[from] move: Knock Off|[of] p1a: Good Girl\n|\n|upkeep\n|turn|5\n|c|\u2606ass random name|curse av isn't real\n|c|\u2606ShawJay|wot?\n|\n|t:|1700766405\n|switch|p2a: Iron Treads|Iron Treads|100\/100\n|-item|p2a: Iron Treads|Air Balloon\n|move|p1a: Good Girl|Iron Head|p2a: Iron Treads\n|-resisted|p2a: Iron Treads\n|-damage|p2a: Iron Treads|67\/100\n|-enditem|p2a: Iron Treads|Air Balloon\n|\n|upkeep\n|turn|6\n|\n|t:|1700766413\n|switch|p1a: Not on Land?|Landorus-Therian, M|89\/100\n|-ability|p1a: Not on Land?|Intimidate|boost\n|-unboost|p2a: Iron Treads|atk|1\n|move|p2a: Iron Treads|Earthquake|p1a: Not on Land?\n|-immune|p1a: Not on Land?\n|\n|upkeep\n|turn|7\n|c|\u2606ass random name|assault vest blocks status moves\n|\n|t:|1700766421\n|-end|p2a: Iron Treads|Quark Drive|[silent]\n|switch|p2a: Tornadus|Tornadus-Therian, M|88\/100\n|move|p1a: Not on Land?|Earthquake|p2a: Tornadus\n|-immune|p2a: Tornadus\n|\n|upkeep\n|turn|8\n|c|\u2606ShawJay|you were assault vest not me\n|\n|t:|1700766446\n|move|p2a: Tornadus|Hurricane|p1a: Not on Land?\n|-damage|p1a: Not on Land?|37\/100\n|move|p1a: Not on Land?|Stone Edge|p2a: Tornadus\n|-supereffective|p2a: Tornadus\n|-damage|p2a: Tornadus|19\/100\n|\n|upkeep\n|turn|9\n|c|\u2606ass random name|wait nvm i'm stiupid\n|c|\u2606ass random name|stupid\n|\n|t:|1700766464\n|switch|p1a: Ravenous Wish|Alomomola, F, shiny|100\/100\n|move|p2a: Tornadus|U-turn|p1a: Ravenous Wish\n|-damage|p1a: Ravenous Wish|90\/100\n|c|\u2606ShawJay|lmaooo\n|\n|t:|1700766469\n|switch|p2a: Amoonguss|Amoonguss, F|89\/100|[from] U-turn\n|\n|-heal|p1a: Ravenous Wish|96\/100|[from] item: Leftovers\n|upkeep\n|turn|10\n|\n|t:|1700766475\n|switch|p1a: Good Girl|Goodra-Hisui, F, shiny|69\/100\n|move|p2a: Amoonguss|Spore|p1a: Good Girl\n|-ability|p1a: Good Girl|Sap Sipper|boost\n|-boost|p1a: Good Girl|atk|1\n|\n|upkeep\n|turn|11\n|\n|t:|1700766481\n|switch|p2a: Iron Treads|Iron Treads|67\/100\n|move|p1a: Good Girl|Knock Off|p2a: Iron Treads\n|-damage|p2a: Iron Treads|39\/100\n|\n|upkeep\n|turn|12\n|\n|t:|1700766488\n|switch|p1a: Ravenous Wish|Alomomola, F, shiny|100\/100\n|move|p2a: Iron Treads|Stealth Rock|p1a: Ravenous Wish\n|-sidestart|p1: ShawJay|move: Stealth Rock\n|\n|upkeep\n|turn|13\n|\n|t:|1700766494\n|move|p2a: Iron Treads|Knock Off|p1a: Ravenous Wish\n|-crit|p1a: Ravenous Wish\n|-damage|p1a: Ravenous Wish|65\/100\n|-enditem|p1a: Ravenous Wish|Leftovers|[from] move: Knock Off|[of] p2a: Iron Treads\n|move|p1a: Ravenous Wish|Wish|p1a: Ravenous Wish\n|\n|upkeep\n|turn|14\n|\n|t:|1700766505\n|-end|p2a: Iron Treads|Quark Drive|[silent]\n|switch|p2a: Amoonguss|Amoonguss, F|100\/100\n|switch|p1a: Not on Land?|Landorus-Therian, M|37\/100\n|-damage|p1a: Not on Land?|25\/100|[from] Stealth Rock\n|-ability|p1a: Not on Land?|Intimidate|boost\n|-unboost|p2a: Amoonguss|atk|1\n|\n|-heal|p1a: Not on Land?|100\/100|[from] move: Wish|[wisher] Ravenous Wish\n|upkeep\n|turn|15\n|\n|t:|1700766519\n|move|p1a: Not on Land?|U-turn|p2a: Amoonguss\n|-damage|p2a: Amoonguss|84\/100\n|\n|t:|1700766521\n|switch|p1a: Good Girl|Goodra-Hisui, F, shiny|69\/100|[from] U-turn\n|-damage|p1a: Good Girl|63\/100|[from] Stealth Rock\n|move|p2a: Amoonguss|Spore|p1a: Good Girl\n|-ability|p1a: Good Girl|Sap Sipper|boost\n|-boost|p1a: Good Girl|atk|1\n|\n|upkeep\n|turn|16\n|\n|t:|1700766530\n|switch|p2a: Iron Treads|Iron Treads|39\/100\n|move|p1a: Good Girl|Knock Off|p2a: Iron Treads\n|-damage|p2a: Iron Treads|10\/100\n|\n|upkeep\n|turn|17\n|\n|t:|1700766536\n|-end|p2a: Iron Treads|Quark Drive|[silent]\n|switch|p2a: Tornadus|Tornadus-Therian, M|52\/100\n|switch|p1a: Not on Land?|Landorus-Therian, M|100\/100\n|-damage|p1a: Not on Land?|88\/100|[from] Stealth Rock\n|-ability|p1a: Not on Land?|Intimidate|boost\n|-unboost|p2a: Tornadus|atk|1\n|\n|upkeep\n|turn|18\n|\n|t:|1700766551\n|move|p2a: Tornadus|Hurricane|p1a: Not on Land?\n|-damage|p1a: Not on Land?|37\/100\n|-start|p1a: Not on Land?|confusion\n|-activate|p1a: Not on Land?|confusion\n|move|p1a: Not on Land?|Stone Edge|p2a: Tornadus\n|-supereffective|p2a: Tornadus\n|-damage|p2a: Tornadus|0 fnt\n|faint|p2a: Tornadus\n|\n|upkeep\n|\n|t:|1700766561\n|switch|p2a: Quaquaval|Quaquaval, M|100\/100\n|turn|19\n|\n|t:|1700766568\n|switch|p1a: Ravenous Wish|Alomomola, F, shiny|99\/100\n|-damage|p1a: Ravenous Wish|86\/100|[from] Stealth Rock\n|move|p2a: Quaquaval|Swords Dance|p2a: Quaquaval\n|-boost|p2a: Quaquaval|atk|2\n|\n|upkeep\n|turn|20\n|\n|t:|1700766578\n|move|p2a: Quaquaval|Aqua Step|p1a: Ravenous Wish\n|-resisted|p1a: Ravenous Wish\n|-damage|p1a: Ravenous Wish|57\/100\n|-boost|p2a: Quaquaval|spe|1\n|move|p1a: Ravenous Wish|Wish|p1a: Ravenous Wish\n|\n|upkeep\n|turn|21\n|\n|t:|1700766584\n|switch|p1a: Not on Land?|Landorus-Therian, M|37\/100\n|-damage|p1a: Not on Land?|25\/100|[from] Stealth Rock\n|-ability|p1a: Not on Land?|Intimidate|boost\n|-unboost|p2a: Quaquaval|atk|1\n|move|p2a: Quaquaval|Close Combat|p1a: Not on Land?\n|-resisted|p1a: Not on Land?\n|-damage|p1a: Not on Land?|0 fnt\n|-unboost|p2a: Quaquaval|def|1\n|-unboost|p2a: Quaquaval|spd|1\n|faint|p1a: Not on Land?\n|-ability|p2a: Quaquaval|Moxie|boost\n|-boost|p2a: Quaquaval|atk|1\n|\n|upkeep\n|\n|t:|1700766594\n|switch|p1a: Fendi Wizzidrip|Delphox, M, shiny|100\/100\n|-damage|p1a: Fendi Wizzidrip|76\/100|[from] Stealth Rock\n|turn|22\n|\n|t:|1700766608\n|-terastallize|p2a: Quaquaval|Steel\n|move|p2a: Quaquaval|Aqua Step|p1a: Fendi Wizzidrip\n|-supereffective|p1a: Fendi Wizzidrip\n|-damage|p1a: Fendi Wizzidrip|0 fnt\n|-boost|p2a: Quaquaval|spe|1\n|faint|p1a: Fendi Wizzidrip\n|-ability|p2a: Quaquaval|Moxie|boost\n|-boost|p2a: Quaquaval|atk|1\n|\n|upkeep\n|c|\u2606ass random name|wtf does delphox even do\n|c|\u2606ShawJay|i think you just won\n|c|\u2606ass random name|yeah\n|\n|t:|1700766638\n|switch|p1a: Charmin Ultra|Sinistcha-Masterpiece|100\/100\n|-damage|p1a: Charmin Ultra|88\/100|[from] Stealth Rock\n|turn|23\n|c|\u2606ShawJay|delphox gets encore and wish withe a lot of speed\n|c|\u2606ShawJay|mystical fire for utility\n|c|\u2606ass random name|wish delphox does nothing\n|c|\u2606ass random name|you have mola\n|c|\u2606ShawJay|my choice of will o wisp or hypnosis or whatever\n|c|\u2606ass random name|is hawlucha defog\n|c|\u2606ShawJay|its something\n|c|\u2606ShawJay|no\n|c|\u2606ass random name|you have no hazard control\n|c|\u2606ass random name|spike stack goobs you\n|c|\u2606ShawJay|you got the setup\n|inactive|Battle timer is ON: inactive players will automatically lose when time's up. (requested by ass random name)\n|c|\u2606ass random name|?\n|c|\u2606ShawJay|normally i can deny entry\n|c|\u2606ass random name|no you can't lmao\n|c|\u2606ShawJay|but theres options for that\n|inactive|ShawJay has 270 seconds left.\n|c|\u2606ass random name|not really\n|c|\u2606ShawJay|goodra walls amoonguss especially hard\n|c|\u2606ass random name|amoongus is in uu rn\n|c|\u2606ShawJay|rematch\n|-message|ShawJay forfeited.\n|\n|win|ass random name\n|l|\u2606ShawJay\n|c|\u2606ass random name|so you won't see many in ou\n","uploadtime":1700766771,"views":6,"p1id":"shawjay","p2id":"assrandomname","formatid":"gen9ou","rating":0,"private":0,"password":""}