{"id":"gen9ou-1994431242","p1":"CKBars","p2":"Neyuuuu","format":"[Gen 9] OU","log":"|j|\u2606CKBars\n|j|\u2606Neyuuuu\n|t:|1700443168\n|gametype|singles\n|player|p1|CKBars|1|1075\n|player|p2|Neyuuuu|roxie|1035\n|teamsize|p1|6\n|teamsize|p2|6\n|gen|9\n|tier|[Gen 9] OU\n|rated|\n|rule|Sleep Clause Mod: Limit one foe put to sleep\n|rule|Species Clause: Limit one of each Pok\u00e9mon\n|rule|OHKO Clause: OHKO moves are banned\n|rule|Evasion Items Clause: Evasion items are banned\n|rule|Evasion Moves Clause: Evasion moves are banned\n|rule|Endless Battle Clause: Forcing endless battles is banned\n|rule|HP Percentage Mod: HP is shown in percentages\n|clearpoke\n|poke|p1|Zapdos|\n|poke|p1|Clodsire, F|\n|poke|p1|Ninetales-Alola, M|\n|poke|p1|Glimmora, M|\n|poke|p1|Manaphy|\n|poke|p1|Tinkaton, F|\n|poke|p2|Delphox, M|\n|poke|p2|Quaquaval, M|\n|poke|p2|Toxtricity, M|\n|poke|p2|Pincurchin, M|\n|poke|p2|Farigiraf, F|\n|poke|p2|Orthworm, F|\n|teampreview\n|inactive|Battle timer is ON: inactive players will automatically lose when time's up. (requested by CKBars)\n|\n|t:|1700443171\n|start\n|switch|p1a: Glimmora|Glimmora, M|100\/100\n|switch|p2a: Churrumais|Pincurchin, M|100\/100\n|-fieldstart|move: Electric Terrain|[from] ability: Electric Surge|[of] p2a: Churrumais\n|turn|1\n|\n|t:|1700443177\n|move|p1a: Glimmora|Toxic|p2a: Churrumais\n|-status|p2a: Churrumais|tox\n|move|p2a: Churrumais|Thunder Wave|p1a: Glimmora\n|-status|p1a: Glimmora|par\n|\n|-damage|p2a: Churrumais|94\/100 tox|[from] psn\n|upkeep\n|turn|2\n|\n|t:|1700443182\n|move|p1a: Glimmora|Stealth Rock|p2a: Churrumais\n|-sidestart|p2: Neyuuuu|move: Stealth Rock\n|move|p2a: Churrumais|Discharge|p1a: Glimmora\n|-damage|p1a: Glimmora|61\/100 par\n|\n|-heal|p1a: Glimmora|67\/100 par|[from] item: Leftovers\n|-damage|p2a: Churrumais|82\/100 tox|[from] psn\n|upkeep\n|turn|3\n|\n|t:|1700443188\n|move|p1a: Glimmora|Ancient Power|p2a: Churrumais\n|-damage|p2a: Churrumais|47\/100 tox\n|-boost|p1a: Glimmora|atk|1\n|-boost|p1a: Glimmora|def|1\n|-boost|p1a: Glimmora|spa|1\n|-boost|p1a: Glimmora|spd|1\n|-boost|p1a: Glimmora|spe|1\n|move|p2a: Churrumais|Discharge|p1a: Glimmora\n|-damage|p1a: Glimmora|43\/100 par\n|\n|-heal|p1a: Glimmora|49\/100 par|[from] item: Leftovers\n|-damage|p2a: Churrumais|29\/100 tox|[from] psn\n|upkeep\n|turn|4\n|\n|t:|1700443193\n|cant|p1a: Glimmora|par\n|move|p2a: Churrumais|Discharge|p1a: Glimmora\n|-damage|p1a: Glimmora|24\/100 par\n|\n|-heal|p1a: Glimmora|30\/100 par|[from] item: Leftovers\n|-damage|p2a: Churrumais|5\/100 tox|[from] psn\n|upkeep\n|turn|5\n|\n|t:|1700443196\n|move|p1a: Glimmora|Spiky Shield|p1a: Glimmora\n|-singleturn|p1a: Glimmora|move: Protect\n|move|p2a: Churrumais|Discharge|p1a: Glimmora\n|-activate|p1a: Glimmora|move: Protect\n|\n|-heal|p1a: Glimmora|36\/100 par|[from] item: Leftovers\n|-damage|p2a: Churrumais|0 fnt|[from] psn\n|faint|p2a: Churrumais\n|upkeep\n|\n|t:|1700443203\n|switch|p2a: Donnie|Quaquaval, M|100\/100\n|-damage|p2a: Donnie|94\/100|[from] Stealth Rock\n|turn|6\n|\n|t:|1700443208\n|move|p2a: Donnie|Rapid Spin|p1a: Glimmora\n|-resisted|p1a: Glimmora\n|-damage|p1a: Glimmora|32\/100 par\n|-boost|p2a: Donnie|spe|1\n|-sideend|p2: Neyuuuu|Stealth Rock|[from] move: Rapid Spin|[of] p2a: Donnie\n|move|p1a: Glimmora|Toxic|p2a: Donnie\n|-status|p2a: Donnie|tox\n|\n|-heal|p1a: Glimmora|38\/100 par|[from] item: Leftovers\n|-damage|p2a: Donnie|88\/100 tox|[from] psn\n|upkeep\n|turn|7\n|\n|t:|1700443219\n|move|p1a: Glimmora|Spiky Shield|p1a: Glimmora\n|-singleturn|p1a: Glimmora|move: Protect\n|move|p2a: Donnie|Aqua Step|p1a: Glimmora\n|-activate|p1a: Glimmora|move: Protect\n|-damage|p2a: Donnie|76\/100 tox|[from] Spiky Shield|[of] p1a: Glimmora\n|\n|-heal|p1a: Glimmora|44\/100 par|[from] item: Leftovers\n|-damage|p2a: Donnie|64\/100 tox|[from] psn\n|upkeep\n|turn|8\n|\n|t:|1700443229\n|move|p1a: Glimmora|Spiky Shield||[still]\n|-fail|p1a: Glimmora\n|move|p2a: Donnie|Aqua Step|p1a: Glimmora\n|-supereffective|p1a: Glimmora\n|-crit|p1a: Glimmora\n|-damage|p1a: Glimmora|0 fnt\n|-boost|p2a: Donnie|spe|1\n|faint|p1a: Glimmora\n|-ability|p2a: Donnie|Moxie|boost\n|-boost|p2a: Donnie|atk|1\n|\n|-damage|p2a: Donnie|46\/100 tox|[from] psn\n|-fieldend|move: Electric Terrain\n|upkeep\n|\n|t:|1700443232\n|switch|p1a: Ninetales|Ninetales-Alola, M|100\/100\n|-weather|Snow|[from] ability: Snow Warning|[of] p1a: Ninetales\n|turn|9\n|\n|t:|1700443240\n|move|p2a: Donnie|Aqua Step|p1a: Ninetales\n|-damage|p1a: Ninetales|24\/100\n|-boost|p2a: Donnie|spe|1\n|move|p1a: Ninetales|Dazzling Gleam|p2a: Donnie\n|-supereffective|p2a: Donnie\n|-damage|p2a: Donnie|0 fnt\n|faint|p2a: Donnie\n|\n|-weather|Snow|[upkeep]\n|-heal|p1a: Ninetales|30\/100|[from] item: Leftovers\n|upkeep\n|\n|t:|1700443245\n|switch|p2a: Mako|Delphox, M|100\/100\n|turn|10\n|\n|t:|1700443248\n|move|p1a: Ninetales|Aurora Veil|p1a: Ninetales\n|-sidestart|p1: CKBars|move: Aurora Veil\n|move|p2a: Mako|Fire Spin|p1a: Ninetales\n|-supereffective|p1a: Ninetales\n|-damage|p1a: Ninetales|7\/100\n|-activate|p1a: Ninetales|move: Fire Spin|[of] p2a: Mako\n|\n|-weather|Snow|[upkeep]\n|-heal|p1a: Ninetales|13\/100|[from] item: Leftovers\n|-damage|p2a: Mako|88\/100|[from] item: Black Sludge\n|-damage|p1a: Ninetales|1\/100|[from] move: Fire Spin|[partiallytrapped]\n|upkeep\n|turn|11\n|\n|t:|1700443256\n|move|p1a: Ninetales|Dazzling Gleam|p2a: Mako\n|-resisted|p2a: Mako\n|-damage|p2a: Mako|73\/100\n|move|p2a: Mako|Wish|p2a: Mako\n|\n|-weather|Snow|[upkeep]\n|-heal|p1a: Ninetales|7\/100|[from] item: Leftovers\n|-damage|p2a: Mako|60\/100|[from] item: Black Sludge\n|-damage|p1a: Ninetales|0 fnt|[from] move: Fire Spin|[partiallytrapped]\n|faint|p1a: Ninetales\n|upkeep\n|\n|t:|1700443260\n|switch|p1a: Clodsire|Clodsire, F|100\/100\n|turn|12\n|\n|t:|1700443289\n|move|p2a: Mako|Fire Spin|p1a: Clodsire\n|-damage|p1a: Clodsire|96\/100\n|-activate|p1a: Clodsire|move: Fire Spin|[of] p2a: Mako\n|move|p1a: Clodsire|Earthquake|p2a: Mako\n|-supereffective|p2a: Mako\n|-damage|p2a: Mako|0 fnt\n|faint|p2a: Mako\n|\n|-weather|Snow|[upkeep]\n|-end|p1a: Clodsire|Fire Spin|[partiallytrapped]|[silent]\n|upkeep\n|\n|t:|1700443295\n|switch|p2a: Pilin|Farigiraf, F|100\/100\n|turn|13\n|\n|t:|1700443304\n|switch|p1a: Zapdos|Zapdos|100\/100\n|-ability|p1a: Zapdos|Pressure\n|move|p2a: Pilin|Psyshock|p1a: Zapdos\n|-damage|p1a: Zapdos|72\/100\n|\n|-weather|none\n|upkeep\n|turn|14\n|\n|t:|1700443315\n|move|p1a: Zapdos|Thunderbolt|p2a: Pilin\n|-damage|p2a: Pilin|41\/100\n|-damage|p1a: Zapdos|62\/100|[from] item: Life Orb\n|move|p2a: Pilin|Future Sight|p1a: Zapdos\n|-start|p2a: Pilin|move: Future Sight\n|\n|-sideend|p1: CKBars|move: Aurora Veil\n|upkeep\n|turn|15\n|\n|t:|1700443318\n|move|p1a: Zapdos|Thunderbolt|p2a: Pilin\n|-damage|p2a: Pilin|0 fnt\n|faint|p2a: Pilin\n|-damage|p1a: Zapdos|52\/100|[from] item: Life Orb\n|\n|upkeep\n|\n|t:|1700443322\n|switch|p2a: Leon|Toxtricity, M|100\/100\n|turn|16\n|\n|t:|1700443325\n|switch|p1a: Clodsire|Clodsire, F|96\/100\n|move|p2a: Leon|Boomburst|p1a: Clodsire\n|-damage|p1a: Clodsire|62\/100\n|-enditem|p2a: Leon|Throat Spray\n|-boost|p2a: Leon|spa|1|[from] item: Throat Spray\n|\n|-end|p1a: Clodsire|move: Future Sight\n|-supereffective|p1a: Clodsire\n|-damage|p1a: Clodsire|0 fnt\n|faint|p1a: Clodsire\n|upkeep\n|\n|t:|1700443330\n|switch|p1a: Zapdos|Zapdos|52\/100\n|-ability|p1a: Zapdos|Pressure\n|turn|17\n|\n|t:|1700443343\n|move|p1a: Zapdos|Ancient Power|p2a: Leon\n|-damage|p2a: Leon|67\/100\n|-damage|p1a: Zapdos|42\/100|[from] item: Life Orb\n|move|p2a: Leon|Boomburst|p1a: Zapdos\n|-damage|p1a: Zapdos|0 fnt\n|faint|p1a: Zapdos\n|\n|upkeep\n|\n|t:|1700443346\n|switch|p1a: Tinkaton|Tinkaton, F|100\/100\n|turn|18\n|\n|t:|1700443356\n|move|p1a: Tinkaton|Play Rough|p2a: Leon\n|-resisted|p2a: Leon\n|-damage|p2a: Leon|35\/100\n|-damage|p1a: Tinkaton|91\/100|[from] item: Life Orb\n|move|p2a: Leon|Thief|p1a: Tinkaton\n|-resisted|p1a: Tinkaton\n|-damage|p1a: Tinkaton|81\/100\n|-enditem|p1a: Tinkaton|Life Orb|[silent]|[from] move: Thief|[of] p2a: Leon\n|-item|p2a: Leon|Life Orb|[from] move: Thief|[of] p1a: Tinkaton\n|-damage|p2a: Leon|25\/100|[from] item: Life Orb\n|\n|upkeep\n|turn|19\n|\n|t:|1700443364\n|move|p1a: Tinkaton|Ice Hammer|p2a: Leon\n|-damage|p2a: Leon|0 fnt\n|-unboost|p1a: Tinkaton|spe|1\n|faint|p2a: Leon\n|\n|upkeep\n|\n|t:|1700443367\n|switch|p2a: Sherman|Orthworm, F|100\/100\n|turn|20\n|\n|t:|1700443378\n|move|p1a: Tinkaton|Knock Off|p2a: Sherman\n|-damage|p2a: Sherman|83\/100\n|-enditem|p2a: Sherman|Chesto Berry|[from] move: Knock Off|[of] p1a: Tinkaton\n|move|p2a: Sherman|Iron Defense|p2a: Sherman\n|-boost|p2a: Sherman|def|2\n|\n|upkeep\n|turn|21\n|\n|t:|1700443385\n|move|p1a: Tinkaton|Gigaton Hammer|p2a: Sherman\n|-resisted|p2a: Sherman\n|-damage|p2a: Sherman|72\/100\n|move|p2a: Sherman|Iron Defense|p2a: Sherman\n|-boost|p2a: Sherman|def|2\n|\n|upkeep\n|turn|22\n|\n|t:|1700443388\n|move|p1a: Tinkaton|Play Rough|p2a: Sherman\n|-resisted|p2a: Sherman\n|-damage|p2a: Sherman|68\/100\n|move|p2a: Sherman|Iron Defense|p2a: Sherman\n|-boost|p2a: Sherman|def|2\n|\n|upkeep\n|turn|23\n|\n|t:|1700443392\n|switch|p1a: Manaphy|Manaphy|100\/100\n|move|p2a: Sherman|Body Press|p1a: Manaphy\n|-crit|p1a: Manaphy\n|-damage|p1a: Manaphy|0 fnt\n|faint|p1a: Manaphy\n|\n|upkeep\n|\n|t:|1700443394\n|switch|p1a: Tinkaton|Tinkaton, F|81\/100\n|turn|24\n|\n|t:|1700443404\n|move|p1a: Tinkaton|Gigaton Hammer|p2a: Sherman\n|-resisted|p2a: Sherman\n|-damage|p2a: Sherman|63\/100\n|move|p2a: Sherman|Body Press|p1a: Tinkaton\n|-damage|p1a: Tinkaton|0 fnt\n|faint|p1a: Tinkaton\n|\n|win|Neyuuuu\n|raw|CKBars's rating: 1075 &rarr; <strong>1051<\/strong><br \/>(-24 for losing)\n|raw|Neyuuuu's rating: 1035 &rarr; <strong>1074<\/strong><br \/>(+39 for winning)\n|l|\u2606CKBars\n","uploadtime":1700443410,"views":15,"p1id":"ckbars","p2id":"neyuuuu","formatid":"gen9ou","rating":1051,"private":0,"password":""}