{"id":"gen9ou-1999795292","p1":"ramzi65","p2":"Shuckle15","format":"[Gen 9] OU","log":"|j|\u2606ramzi65\n|j|\u2606Shuckle15\n|inactive|Battle timer is ON: inactive players will automatically lose when time's up.\n|t:|1701117396\n|gametype|singles\n|player|p1|ramzi65|265|\n|player|p2|Shuckle15|cynthia-gen4|\n|teamsize|p1|4\n|teamsize|p2|4\n|gen|9\n|tier|[Gen 9] OU\n|rated|Tournament battle\n|rule|Sleep Clause Mod: Limit one foe put to sleep\n|rule|Species Clause: Limit one of each Pok\u00e9mon\n|rule|OHKO Clause: OHKO moves are banned\n|rule|Evasion Items Clause: Evasion items are banned\n|rule|Evasion Moves Clause: Evasion moves are banned\n|rule|Endless Battle Clause: Forcing endless battles is banned\n|rule|HP Percentage Mod: HP is shown in percentages\n|clearpoke\n|poke|p1|Drifblim, M|\n|poke|p1|Aipom, F|\n|poke|p1|Mabosstiff, F|\n|poke|p1|Foongus, F|\n|poke|p2|Mienfoo, M|\n|poke|p2|Azumarill, M|\n|poke|p2|Breloom, F|\n|poke|p2|Magneton|\n|teampreview\n|j|*Lady Monita \u2746\n|inactive|Shuckle15 also wants the timer to be on.\n|\n|t:|1701117405\n|start\n|switch|p1a: Aipom|Aipom, F|100\/100\n|switch|p2a: Mienfoo|Mienfoo, M|100\/100\n|turn|1\n|\n|t:|1701117409\n|move|p1a: Aipom|Switcheroo|p2a: Mienfoo\n|-activate|p1a: Aipom|move: Trick|[of] p2a: Mienfoo\n|-item|p2a: Mienfoo|Choice Scarf|[from] move: Switcheroo\n|-item|p1a: Aipom|Eviolite|[from] move: Switcheroo\n|move|p2a: Mienfoo|Knock Off|p1a: Aipom\n|-damage|p1a: Aipom|74\/100\n|-enditem|p1a: Aipom|Eviolite|[from] move: Knock Off|[of] p2a: Mienfoo\n|\n|upkeep\n|turn|2\n|\n|t:|1701117438\n|move|p2a: Mienfoo|Knock Off|p1a: Aipom\n|-damage|p1a: Aipom|47\/100\n|move|p1a: Aipom|Fury Swipes|p2a: Mienfoo\n|-damage|p2a: Mienfoo|86\/100\n|-damage|p2a: Mienfoo|73\/100\n|-damage|p2a: Mienfoo|58\/100\n|-damage|p2a: Mienfoo|44\/100\n|-damage|p2a: Mienfoo|29\/100\n|-hitcount|p2a: Mienfoo|5\n|\n|upkeep\n|turn|3\n|\n|t:|1701117449\n|move|p2a: Mienfoo|Knock Off|p1a: Aipom\n|-damage|p1a: Aipom|20\/100\n|move|p1a: Aipom|Thief|p2a: Mienfoo\n|-resisted|p2a: Mienfoo\n|-damage|p2a: Mienfoo|15\/100\n|-enditem|p2a: Mienfoo|Choice Scarf|[silent]|[from] move: Thief|[of] p1a: Aipom\n|-item|p1a: Aipom|Choice Scarf|[from] move: Thief|[of] p2a: Mienfoo\n|\n|upkeep\n|turn|4\n|\n|t:|1701117457\n|switch|p2a: Azumarill|Azumarill, M|100\/100\n|move|p1a: Aipom|Fury Swipes|p2a: Azumarill\n|-damage|p2a: Azumarill|93\/100\n|-damage|p2a: Azumarill|86\/100\n|-damage|p2a: Azumarill|79\/100\n|-damage|p2a: Azumarill|72\/100\n|-damage|p2a: Azumarill|64\/100\n|-hitcount|p2a: Azumarill|5\n|\n|upkeep\n|turn|5\n|\n|t:|1701117462\n|move|p1a: Aipom|Fury Swipes|p2a: Azumarill\n|-damage|p2a: Azumarill|57\/100\n|-damage|p2a: Azumarill|49\/100\n|-damage|p2a: Azumarill|41\/100\n|-damage|p2a: Azumarill|34\/100\n|-damage|p2a: Azumarill|27\/100\n|-hitcount|p2a: Azumarill|5\n|move|p2a: Azumarill|Ice Spinner|p1a: Aipom\n|-damage|p1a: Aipom|0 fnt\n|faint|p1a: Aipom\n|\n|upkeep\n|\n|t:|1701117482\n|switch|p1a: Drifblim|Drifblim, M|100\/100\n|turn|6\n|\n|t:|1701117487\n|-terastallize|p1a: Drifblim|Ghost\n|move|p1a: Drifblim|Calm Mind|p1a: Drifblim\n|-boost|p1a: Drifblim|spa|1\n|-boost|p1a: Drifblim|spd|1\n|move|p2a: Azumarill|Ice Spinner|p1a: Drifblim\n|-damage|p1a: Drifblim|60\/100\n|\n|upkeep\n|turn|7\n|\n|t:|1701117501\n|switch|p2a: Mienfoo|Mienfoo, M|48\/100\n|move|p1a: Drifblim|Strength Sap|p2a: Mienfoo\n|-unboost|p2a: Mienfoo|atk|1\n|-heal|p1a: Drifblim|100\/100\n|\n|upkeep\n|turn|8\n|\n|t:|1701117514\n|switch|p1a: Mabosstiff|Mabosstiff, F|100\/100\n|-ability|p1a: Mabosstiff|Intimidate|boost\n|-unboost|p2a: Mienfoo|atk|1\n|move|p2a: Mienfoo|Taunt|p1a: Mabosstiff\n|-start|p1a: Mabosstiff|move: Taunt\n|\n|upkeep\n|turn|9\n|\n|t:|1701117525\n|move|p1a: Mabosstiff|Jaw Lock|p2a: Mienfoo\n|-resisted|p2a: Mienfoo\n|-damage|p2a: Mienfoo|8\/100\n|-activate|p1a: Mabosstiff|trapped\n|-activate|p2a: Mienfoo|trapped\n|move|p2a: Mienfoo|U-turn|p1a: Mabosstiff\n|-supereffective|p1a: Mabosstiff\n|-damage|p1a: Mabosstiff|84\/100\n|\n|t:|1701117532\n|switch|p2a: Breloom|Breloom, F|100\/100|[from] U-turn\n|\n|upkeep\n|turn|10\n|j| fucuk\n|\n|t:|1701117542\n|switch|p1a: Drifblim|Drifblim, M, tera:Ghost|100\/100\n|move|p2a: Breloom|Rock Tomb|p1a: Drifblim\n|-damage|p1a: Drifblim|58\/100\n|-unboost|p1a: Drifblim|spe|1\n|\n|upkeep\n|turn|11\n|\n|t:|1701117553\n|switch|p1a: Foongus|Foongus, F|100\/100\n|move|p2a: Breloom|Bullet Seed|p1a: Foongus\n|-resisted|p1a: Foongus\n|-damage|p1a: Foongus|96\/100\n|-resisted|p1a: Foongus\n|-damage|p1a: Foongus|91\/100\n|-resisted|p1a: Foongus\n|-damage|p1a: Foongus|86\/100\n|-resisted|p1a: Foongus\n|-damage|p1a: Foongus|80\/100\n|-hitcount|p1a: Foongus|4\n|\n|upkeep\n|turn|12\n|\n|t:|1701117558\n|switch|p2a: Mienfoo|Mienfoo, M|41\/100\n|move|p1a: Foongus|Toxic|p2a: Mienfoo\n|-status|p2a: Mienfoo|tox\n|\n|-damage|p2a: Mienfoo|35\/100 tox|[from] psn\n|upkeep\n|turn|13\n|\n|t:|1701117568\n|move|p2a: Mienfoo|Knock Off|p1a: Foongus\n|-damage|p1a: Foongus|60\/100\n|-enditem|p1a: Foongus|Eviolite|[from] move: Knock Off|[of] p2a: Mienfoo\n|move|p1a: Foongus|Substitute|p1a: Foongus\n|-start|p1a: Foongus|Substitute\n|-damage|p1a: Foongus|35\/100\n|\n|-damage|p2a: Mienfoo|23\/100 tox|[from] psn\n|upkeep\n|turn|14\n|\n|t:|1701117573\n|move|p2a: Mienfoo|Taunt|p1a: Foongus\n|-start|p1a: Foongus|move: Taunt\n|move|p1a: Foongus|Giga Drain|p2a: Mienfoo\n|-damage|p2a: Mienfoo|0 fnt\n|-heal|p1a: Foongus|44\/100|[from] drain|[of] p2a: Mienfoo\n|faint|p2a: Mienfoo\n|\n|upkeep\n|\n|t:|1701117579\n|switch|p2a: Magneton|Magneton|100\/100\n|turn|15\n|\n|t:|1701117584\n|switch|p1a: Mabosstiff|Mabosstiff, F|84\/100\n|-ability|p1a: Mabosstiff|Intimidate|boost\n|-unboost|p2a: Magneton|atk|1\n|-terastallize|p2a: Magneton|Flying\n|move|p2a: Magneton|Tera Blast|p1a: Mabosstiff|[anim] Tera Blast Flying\n|-crit|p1a: Mabosstiff\n|-damage|p1a: Mabosstiff|0 fnt\n|faint|p1a: Mabosstiff\n|\n|upkeep\n|\n|t:|1701117591\n|switch|p1a: Foongus|Foongus, F|78\/100\n|turn|16\n|\n|t:|1701117593\n|move|p2a: Magneton|Tera Blast|p1a: Foongus|[anim] Tera Blast Flying\n|-supereffective|p1a: Foongus\n|-damage|p1a: Foongus|0 fnt\n|faint|p1a: Foongus\n|\n|upkeep\n|\n|t:|1701117600\n|switch|p1a: Drifblim|Drifblim, M, tera:Ghost|58\/100\n|turn|17\n|\n|t:|1701117611\n|move|p1a: Drifblim|Calm Mind|p1a: Drifblim\n|-boost|p1a: Drifblim|spa|1\n|-boost|p1a: Drifblim|spd|1\n|move|p2a: Magneton|Volt Switch|p1a: Drifblim\n|-damage|p1a: Drifblim|24\/100\n|-enditem|p1a: Drifblim|Sitrus Berry|[eat]\n|-heal|p1a: Drifblim|49\/100|[from] item: Sitrus Berry\n|\n|t:|1701117616\n|switch|p2a: Breloom|Breloom, F|100\/100|[from] Volt Switch\n|\n|upkeep\n|turn|18\n|\n|t:|1701117622\n|move|p1a: Drifblim|Air Slash|p2a: Breloom\n|-supereffective|p2a: Breloom\n|-damage|p2a: Breloom|0 fnt\n|faint|p2a: Breloom\n|\n|upkeep\n|\n|t:|1701117625\n|switch|p2a: Magneton|Magneton, tera:Flying|100\/100\n|turn|19\n|\n|t:|1701117633\n|move|p1a: Drifblim|Shadow Ball|p2a: Magneton\n|-damage|p2a: Magneton|20\/100\n|move|p2a: Magneton|Thunderbolt|p1a: Drifblim\n|-damage|p1a: Drifblim|0 fnt\n|faint|p1a: Drifblim\n|\n|win|Shuckle15\n|n|\u2606ramzi65|ramzi65\n|n|\u2606Shuckle15|shuckle15\n|n|*Lady Monita \u2746|ladymonita\n|n| fucuk|fucuk\n","uploadtime":1701117634,"views":4,"p1id":"ramzi65","p2id":"shuckle15","formatid":"gen9ou","rating":0,"private":0,"password":""}