{"id":"gen9ou-1990692950","p1":"mohammed thejer","p2":"ShittyDitch69","format":"[Gen 9] OU","log":"|j|\u2606mohammed thejer\n|j|\u2606ShittyDitch69\n|t:|1699992280\n|gametype|singles\n|player|p1|mohammed thejer|101|1149\n|player|p2|ShittyDitch69|drayden|1162\n|teamsize|p1|6\n|teamsize|p2|6\n|gen|9\n|tier|[Gen 9] OU\n|rated|\n|rule|Sleep Clause Mod: Limit one foe put to sleep\n|rule|Species Clause: Limit one of each Pok\u00e9mon\n|rule|OHKO Clause: OHKO moves are banned\n|rule|Evasion Items Clause: Evasion items are banned\n|rule|Evasion Moves Clause: Evasion moves are banned\n|rule|Endless Battle Clause: Forcing endless battles is banned\n|rule|HP Percentage Mod: HP is shown in percentages\n|clearpoke\n|poke|p1|Heatran, M|\n|poke|p1|Greninja-*, M|\n|poke|p1|Infernape, F|\n|poke|p1|Thundurus-Therian, M|\n|poke|p1|Landorus-Therian, M|\n|poke|p1|Mamoswine, M|\n|poke|p2|Ogerpon-Wellspring, F|\n|poke|p2|Glimmora, F|\n|poke|p2|Breloom, F|\n|poke|p2|Cyclizar, F|\n|poke|p2|Kingambit, F|\n|poke|p2|Enamorus, F|\n|teampreview\n|\n|t:|1699992310\n|start\n|switch|p1a: Thundurus|Thundurus-Therian, M|100\/100\n|switch|p2a: Shitspring|Ogerpon-Wellspring, F|100\/100\n|turn|1\n|\n|t:|1699992319\n|move|p2a: Shitspring|Ivy Cudgel|p1a: Thundurus|[anim] Ivy Cudgel Water\n|-damage|p1a: Thundurus|7\/100\n|move|p1a: Thundurus|Volt Switch|p2a: Shitspring\n|-damage|p2a: Shitspring|28\/100\n|\n|t:|1699992325\n|switch|p1a: Greninja|Greninja, M|100\/100|[from] Volt Switch\n|\n|upkeep\n|turn|2\n|\n|t:|1699992333\n|switch|p2a: Kingambit|Kingambit, F|100\/100\n|move|p1a: Greninja|Dark Pulse|p2a: Kingambit\n|-resisted|p2a: Kingambit\n|-damage|p2a: Kingambit|75\/100\n|-damage|p1a: Greninja|91\/100|[from] item: Life Orb\n|\n|upkeep\n|turn|3\n|\n|t:|1699992351\n|move|p1a: Greninja|Surf|p2a: Kingambit\n|-damage|p2a: Kingambit|17\/100\n|-damage|p1a: Greninja|81\/100|[from] item: Life Orb\n|move|p2a: Kingambit|Kowtow Cleave|p1a: Greninja\n|-resisted|p1a: Greninja\n|-damage|p1a: Greninja|33\/100\n|\n|upkeep\n|turn|4\n|\n|t:|1699992368\n|-end|p2a: Kingambit|fallenundefined|[silent]\n|switch|p2a: Shitspring|Ogerpon-Wellspring, F|28\/100\n|move|p1a: Greninja|Surf|p2a: Shitspring\n|-heal|p2a: Shitspring|53\/100|[from] ability: Water Absorb|[of] p1a: Greninja\n|\n|upkeep\n|turn|5\n|\n|t:|1699992378\n|switch|p2a: Breloom|Breloom, F|100\/100\n|move|p1a: Greninja|Dark Pulse|p2a: Breloom\n|-resisted|p2a: Breloom\n|-damage|p2a: Breloom|58\/100\n|-damage|p1a: Greninja|23\/100|[from] item: Life Orb\n|\n|upkeep\n|turn|6\n|\n|t:|1699992385\n|move|p2a: Breloom|Mach Punch|p1a: Greninja\n|-supereffective|p1a: Greninja\n|-damage|p1a: Greninja|0 fnt\n|faint|p1a: Greninja\n|\n|upkeep\n|\n|t:|1699992389\n|switch|p1a: Mamoswine|Mamoswine, M|100\/100\n|turn|7\n|\n|t:|1699992395\n|switch|p2a: Glimmora|Glimmora, F|100\/100\n|move|p1a: Mamoswine|Ice Shard|p2a: Glimmora\n|-damage|p2a: Glimmora|73\/100\n|-activate|p2a: Glimmora|ability: Toxic Debris\n|-sidestart|p1: mohammed thejer|move: Toxic Spikes\n|\n|upkeep\n|turn|8\n|\n|t:|1699992406\n|move|p2a: Glimmora|Mortal Spin|p1a: Mamoswine\n|-resisted|p1a: Mamoswine\n|-damage|p1a: Mamoswine|97\/100\n|-status|p1a: Mamoswine|psn\n|move|p1a: Mamoswine|Earthquake|p2a: Glimmora\n|-supereffective|p2a: Glimmora\n|-damage|p2a: Glimmora|0 fnt\n|-activate|p2a: Glimmora|ability: Toxic Debris\n|-sidestart|p1: mohammed thejer|move: Toxic Spikes\n|faint|p2a: Glimmora\n|\n|-damage|p1a: Mamoswine|85\/100 psn|[from] psn\n|upkeep\n|\n|t:|1699992415\n|switch|p2a: Shitspring|Ogerpon-Wellspring, F|53\/100\n|turn|9\n|\n|t:|1699992420\n|move|p1a: Mamoswine|Ice Shard|p2a: Shitspring\n|-damage|p2a: Shitspring|27\/100\n|move|p2a: Shitspring|Ivy Cudgel|p1a: Mamoswine|[anim] Ivy Cudgel Water\n|-supereffective|p1a: Mamoswine\n|-damage|p1a: Mamoswine|0 fnt\n|faint|p1a: Mamoswine\n|\n|upkeep\n|\n|t:|1699992428\n|switch|p1a: Infernape|Infernape, F|100\/100\n|-status|p1a: Infernape|tox\n|turn|10\n|\n|t:|1699992434\n|switch|p2a: Kingambit|Kingambit, F|17\/100\n|-activate|p2a: Kingambit|ability: Supreme Overlord\n|-start|p2a: Kingambit|fallen1|[silent]\n|move|p1a: Infernape|U-turn|p2a: Kingambit\n|-damage|p2a: Kingambit|1\/100\n|\n|t:|1699992443\n|switch|p1a: Thundurus|Thundurus-Therian, M|7\/100|[from] U-turn\n|\n|upkeep\n|turn|11\n|\n|t:|1699992447\n|move|p2a: Kingambit|Sucker Punch|p1a: Thundurus\n|-damage|p1a: Thundurus|0 fnt\n|faint|p1a: Thundurus\n|\n|upkeep\n|\n|t:|1699992451\n|switch|p1a: Landorus|Landorus-Therian, M|100\/100\n|-ability|p1a: Landorus|Intimidate|boost\n|-unboost|p2a: Kingambit|atk|1\n|turn|12\n|\n|t:|1699992456\n|-end|p2a: Kingambit|fallen1|[silent]\n|switch|p2a: Enamorus|Enamorus, F|100\/100\n|move|p1a: Landorus|U-turn|p2a: Enamorus\n|-resisted|p2a: Enamorus\n|-damage|p2a: Enamorus|91\/100\n|\n|t:|1699992461\n|switch|p1a: Heatran|Heatran, M|100\/100|[from] U-turn\n|\n|upkeep\n|turn|13\n|\n|t:|1699992466\n|move|p2a: Enamorus|Healing Wish|p2a: Enamorus\n|faint|p2a: Enamorus\n|move|p1a: Heatran|Fire Blast|p2: Enamorus|[notarget]\n|-fail|p1a: Heatran\n|\n|upkeep\n|\n|t:|1699992471\n|switch|p2a: Shitspring|Ogerpon-Wellspring, F|27\/100\n|-heal|p2a: Shitspring|100\/100|[from] move: Healing Wish\n|turn|14\n|\n|t:|1699992475\n|-terastallize|p1a: Heatran|Grass\n|move|p2a: Shitspring|Ivy Cudgel|p1a: Heatran|[anim] Ivy Cudgel Water\n|-resisted|p1a: Heatran\n|-damage|p1a: Heatran|75\/100\n|move|p1a: Heatran|Fire Blast|p2a: Shitspring\n|-damage|p2a: Shitspring|23\/100\n|\n|upkeep\n|turn|15\n|\n|t:|1699992486\n|move|p2a: Shitspring|U-turn|p1a: Heatran\n|-supereffective|p1a: Heatran\n|-damage|p1a: Heatran|31\/100\n|\n|t:|1699992490\n|switch|p2a: Cyclizar|Cyclizar, F|100\/100|[from] U-turn\n|move|p1a: Heatran|Tera Blast|p2a: Cyclizar|[anim] Tera Blast Grass\n|-resisted|p2a: Cyclizar\n|-damage|p2a: Cyclizar|75\/100\n|\n|upkeep\n|turn|16\n|\n|t:|1699992501\n|move|p2a: Cyclizar|U-turn|p1a: Heatran\n|-supereffective|p1a: Heatran\n|-damage|p1a: Heatran|8\/100\n|\n|t:|1699992505\n|switch|p2a: Kingambit|Kingambit, F|1\/100|[from] U-turn\n|-activate|p2a: Kingambit|ability: Supreme Overlord\n|-start|p2a: Kingambit|fallen2|[silent]\n|move|p1a: Heatran|Dragon Pulse|p2a: Kingambit\n|-resisted|p2a: Kingambit\n|-crit|p2a: Kingambit\n|-damage|p2a: Kingambit|0 fnt\n|faint|p2a: Kingambit\n|-end|p2a: Kingambit|fallen2|[silent]\n|\n|upkeep\n|\n|t:|1699992506\n|switch|p2a: Cyclizar|Cyclizar, F|100\/100\n|turn|17\n|\n|t:|1699992518\n|move|p2a: Cyclizar|Rapid Spin|p1a: Heatran\n|-damage|p1a: Heatran|0 fnt\n|-boost|p2a: Cyclizar|spe|1\n|faint|p1a: Heatran\n|\n|upkeep\n|\n|t:|1699992523\n|switch|p1a: Landorus|Landorus-Therian, M|100\/100\n|-ability|p1a: Landorus|Intimidate|boost\n|-unboost|p2a: Cyclizar|atk|1\n|turn|18\n|\n|t:|1699992530\n|-terastallize|p2a: Cyclizar|Dragon\n|move|p2a: Cyclizar|Draco Meteor|p1a: Landorus\n|-damage|p1a: Landorus|18\/100\n|-unboost|p2a: Cyclizar|spa|2\n|move|p1a: Landorus|Earthquake|p2a: Cyclizar\n|-damage|p2a: Cyclizar|2\/100\n|\n|upkeep\n|turn|19\n|\n|t:|1699992540\n|move|p2a: Cyclizar|Draco Meteor|p1a: Landorus\n|-damage|p1a: Landorus|0 fnt\n|-unboost|p2a: Cyclizar|spa|2\n|faint|p1a: Landorus\n|\n|upkeep\n|\n|t:|1699992545\n|switch|p1a: Infernape|Infernape, F|100\/100 tox\n|turn|20\n|\n|t:|1699992552\n|move|p2a: Cyclizar|Draco Meteor|p1a: Infernape\n|-damage|p1a: Infernape|66\/100 tox\n|-unboost|p2a: Cyclizar|spa|2\n|move|p1a: Infernape|Flare Blitz|p2a: Cyclizar\n|-resisted|p2a: Cyclizar\n|-damage|p2a: Cyclizar|0 fnt\n|faint|p2a: Cyclizar\n|-damage|p1a: Infernape|66\/100 tox|[from] Recoil\n|\n|-damage|p1a: Infernape|60\/100 tox|[from] psn\n|upkeep\n|\n|t:|1699992559\n|switch|p2a: Shitspring|Ogerpon-Wellspring, F|23\/100\n|turn|21\n|\n|t:|1699992563\n|move|p1a: Infernape|Flare Blitz|p2a: Shitspring\n|-damage|p2a: Shitspring|0 fnt\n|faint|p2a: Shitspring\n|-damage|p1a: Infernape|52\/100 tox|[from] Recoil\n|\n|-damage|p1a: Infernape|40\/100 tox|[from] psn\n|upkeep\n|\n|t:|1699992571\n|switch|p2a: Breloom|Breloom, F|58\/100\n|turn|22\n|\n|t:|1699992573\n|move|p2a: Breloom|Mach Punch|p1a: Infernape\n|-damage|p1a: Infernape|0 fnt\n|faint|p1a: Infernape\n|\n|win|ShittyDitch69\n|raw|mohammed thejer's rating: 1149 &rarr; <strong>1125<\/strong><br \/>(-24 for losing)\n|raw|ShittyDitch69's rating: 1162 &rarr; <strong>1186<\/strong><br \/>(+24 for winning)\n","uploadtime":1699992578,"views":6,"p1id":"mohammedthejer","p2id":"shittyditch69","formatid":"gen9ou","rating":1125,"private":0,"password":""}