{"id":"gen9ou-1993901229","p1":"LukeF2","p2":"LoverZBoy","format":"[Gen 9] OU","log":"|j|\u2606LukeF2\n|j|\u2606LoverZBoy\n|t:|1700372452\n|gametype|singles\n|player|p1|LukeF2|265|1368\n|player|p2|LoverZBoy|266|1342\n|teamsize|p1|6\n|teamsize|p2|6\n|gen|9\n|tier|[Gen 9] OU\n|rated|\n|rule|Sleep Clause Mod: Limit one foe put to sleep\n|rule|Species Clause: Limit one of each Pok\u00e9mon\n|rule|OHKO Clause: OHKO moves are banned\n|rule|Evasion Items Clause: Evasion items are banned\n|rule|Evasion Moves Clause: Evasion moves are banned\n|rule|Endless Battle Clause: Forcing endless battles is banned\n|rule|HP Percentage Mod: HP is shown in percentages\n|clearpoke\n|poke|p1|Heatran, M|\n|poke|p1|Rillaboom, M|\n|poke|p1|Sneasler, F|\n|poke|p1|Great Tusk|\n|poke|p1|Clefable, F|\n|poke|p1|Ogerpon-Wellspring, F|\n|poke|p2|Ogerpon-Wellspring, F|\n|poke|p2|Gholdengo|\n|poke|p2|Glimmora, F|\n|poke|p2|Sneasler, F|\n|poke|p2|Great Tusk|\n|poke|p2|Clefable, F|\n|teampreview\n|inactive|Battle timer is ON: inactive players will automatically lose when time's up. (requested by LoverZBoy)\n|\n|t:|1700372462\n|start\n|switch|p1a: Great Tusk|Great Tusk|100\/100\n|switch|p2a: Sneasler|Sneasler, F|100\/100\n|-enditem|p1a: Great Tusk|Booster Energy\n|-activate|p1a: Great Tusk|ability: Protosynthesis|[fromitem]\n|-start|p1a: Great Tusk|protosynthesisatk\n|turn|1\n|\n|t:|1700372472\n|move|p2a: Sneasler|U-turn|p1a: Great Tusk\n|-resisted|p1a: Great Tusk\n|-damage|p1a: Great Tusk|88\/100\n|\n|t:|1700372475\n|switch|p2a: Glimmora|Glimmora, F|100\/100|[from] U-turn\n|move|p1a: Great Tusk|Rapid Spin|p2a: Glimmora\n|-resisted|p2a: Glimmora\n|-damage|p2a: Glimmora|87\/100\n|-boost|p1a: Great Tusk|spe|1\n|-activate|p2a: Glimmora|ability: Toxic Debris\n|-sidestart|p1: LukeF2|move: Toxic Spikes\n|-sideend|p1: LukeF2|Toxic Spikes|[from] move: Rapid Spin|[of] p1a: Great Tusk\n|\n|upkeep\n|turn|2\n|\n|t:|1700372480\n|move|p1a: Great Tusk|Headlong Rush|p2a: Glimmora\n|-supereffective|p2a: Glimmora\n|-damage|p2a: Glimmora|0 fnt\n|-unboost|p1a: Great Tusk|def|1\n|-unboost|p1a: Great Tusk|spd|1\n|-activate|p2a: Glimmora|ability: Toxic Debris\n|-sidestart|p1: LukeF2|move: Toxic Spikes\n|faint|p2a: Glimmora\n|\n|upkeep\n|\n|t:|1700372483\n|switch|p2a: Clefable|Clefable, F|100\/100\n|turn|3\n|\n|t:|1700372491\n|-end|p1a: Great Tusk|Protosynthesis|[silent]\n|switch|p1a: Heatran|Heatran, M|100\/100\n|move|p2a: Clefable|Moonblast|p1a: Heatran\n|-resisted|p1a: Heatran\n|-damage|p1a: Heatran|96\/100\n|\n|-heal|p1a: Heatran|100\/100|[from] item: Leftovers\n|upkeep\n|turn|4\n|\n|t:|1700372496\n|move|p1a: Heatran|Magma Storm|p2a: Clefable\n|-damage|p2a: Clefable|61\/100\n|-activate|p2a: Clefable|move: Magma Storm|[of] p1a: Heatran\n|move|p2a: Clefable|Cosmic Power|p2a: Clefable\n|-boost|p2a: Clefable|def|1\n|-boost|p2a: Clefable|spd|1\n|\n|-heal|p2a: Clefable|67\/100|[from] item: Leftovers\n|upkeep\n|turn|5\n|\n|t:|1700372499\n|move|p1a: Heatran|Taunt|p2a: Clefable\n|-start|p2a: Clefable|move: Taunt\n|cant|p2a: Clefable|move: Taunt|Wish\n|\n|-heal|p2a: Clefable|73\/100|[from] item: Leftovers\n|upkeep\n|turn|6\n|\n|t:|1700372508\n|switch|p1a: Sneasler|Sneasler, F|100\/100\n|-sideend|p1: LukeF2|move: Toxic Spikes|[of] p1a: Sneasler\n|move|p2a: Clefable|Moonblast|p1a: Sneasler\n|-damage|p1a: Sneasler|58\/100\n|\n|-heal|p2a: Clefable|79\/100|[from] item: Leftovers\n|-end|p2a: Clefable|Magma Storm|[partiallytrapped]|[silent]\n|upkeep\n|turn|7\n|\n|t:|1700372521\n|move|p1a: Sneasler|Lash Out|p2a: Clefable\n|-resisted|p2a: Clefable\n|-damage|p2a: Clefable|72\/100\n|move|p2a: Clefable|Moonblast|p1a: Sneasler\n|-damage|p1a: Sneasler|20\/100\n|-unboost|p1a: Sneasler|spa|1\n|\n|-heal|p2a: Clefable|78\/100|[from] item: Leftovers\n|-end|p2a: Clefable|move: Taunt\n|upkeep\n|turn|8\n|\n|t:|1700372530\n|move|p1a: Sneasler|Dire Claw|p2a: Clefable\n|-supereffective|p2a: Clefable\n|-damage|p2a: Clefable|29\/100\n|move|p2a: Clefable|Wish|p2a: Clefable\n|\n|-heal|p2a: Clefable|35\/100|[from] item: Leftovers\n|upkeep\n|turn|9\n|\n|t:|1700372538\n|switch|p1a: Heatran|Heatran, M|100\/100\n|move|p2a: Clefable|Cosmic Power|p2a: Clefable\n|-boost|p2a: Clefable|def|1\n|-boost|p2a: Clefable|spd|1\n|\n|-heal|p2a: Clefable|85\/100|[from] move: Wish|[wisher] Clefable\n|-heal|p2a: Clefable|91\/100|[from] item: Leftovers\n|upkeep\n|turn|10\n|\n|t:|1700372544\n|move|p1a: Heatran|Taunt|p2a: Clefable\n|-start|p2a: Clefable|move: Taunt\n|cant|p2a: Clefable|move: Taunt|Encore\n|\n|-heal|p2a: Clefable|97\/100|[from] item: Leftovers\n|upkeep\n|turn|11\n|\n|t:|1700372550\n|switch|p1a: Clefable|Clefable, F|100\/100\n|move|p2a: Clefable|Moonblast|p1a: Clefable\n|-damage|p1a: Clefable|70\/100\n|\n|-heal|p2a: Clefable|100\/100|[from] item: Leftovers\n|upkeep\n|turn|12\n|\n|t:|1700372552\n|move|p1a: Clefable|Calm Mind|p1a: Clefable\n|-boost|p1a: Clefable|spa|1\n|-boost|p1a: Clefable|spd|1\n|move|p2a: Clefable|Moonblast|p1a: Clefable\n|-damage|p1a: Clefable|49\/100\n|\n|-end|p2a: Clefable|move: Taunt\n|upkeep\n|turn|13\n|\n|t:|1700372563\n|move|p2a: Clefable|Encore|p1a: Clefable\n|-start|p1a: Clefable|Encore\n|move|p1a: Clefable|Calm Mind|p1a: Clefable\n|-boost|p1a: Clefable|spa|1\n|-boost|p1a: Clefable|spd|1\n|\n|upkeep\n|turn|14\n|\n|t:|1700372565\n|move|p1a: Clefable|Calm Mind|p1a: Clefable\n|-boost|p1a: Clefable|spa|1\n|-boost|p1a: Clefable|spd|1\n|move|p2a: Clefable|Cosmic Power|p2a: Clefable\n|-boost|p2a: Clefable|def|1\n|-boost|p2a: Clefable|spd|1\n|\n|upkeep\n|turn|15\n|\n|t:|1700372567\n|move|p2a: Clefable|Cosmic Power|p2a: Clefable\n|-boost|p2a: Clefable|def|1\n|-boost|p2a: Clefable|spd|1\n|move|p1a: Clefable|Calm Mind|p1a: Clefable\n|-boost|p1a: Clefable|spa|1\n|-boost|p1a: Clefable|spd|1\n|\n|-end|p1a: Clefable|Encore\n|upkeep\n|turn|16\n|\n|t:|1700372569\n|move|p1a: Clefable|Moonlight|p1a: Clefable\n|-heal|p1a: Clefable|99\/100\n|move|p2a: Clefable|Cosmic Power|p2a: Clefable\n|-boost|p2a: Clefable|def|1\n|-boost|p2a: Clefable|spd|1\n|\n|upkeep\n|turn|17\n|\n|t:|1700372573\n|move|p1a: Clefable|Moonblast|p2a: Clefable\n|-damage|p2a: Clefable|7\/100\n|-unboost|p2a: Clefable|spa|1\n|move|p2a: Clefable|Cosmic Power|p2a: Clefable\n|-boost|p2a: Clefable|def|1\n|-boost|p2a: Clefable|spd|1\n|\n|-heal|p2a: Clefable|13\/100|[from] item: Leftovers\n|upkeep\n|turn|18\n|\n|t:|1700372589\n|move|p2a: Clefable|Moonblast|p1a: Clefable\n|-damage|p1a: Clefable|89\/100\n|-unboost|p1a: Clefable|spa|1\n|move|p1a: Clefable|Moonblast|p2a: Clefable\n|-damage|p2a: Clefable|0 fnt\n|faint|p2a: Clefable\n|\n|upkeep\n|\n|t:|1700372594\n|switch|p2a: Sneasler|Sneasler, F|100\/100\n|turn|19\n|\n|t:|1700372603\n|-terastallize|p1a: Clefable|Poison\n|move|p2a: Sneasler|Close Combat|p1a: Clefable\n|-resisted|p1a: Clefable\n|-damage|p1a: Clefable|56\/100\n|-unboost|p2a: Sneasler|def|1\n|-unboost|p2a: Sneasler|spd|1\n|move|p1a: Clefable|Moonblast|p2a: Sneasler\n|-crit|p2a: Sneasler\n|-damage|p2a: Sneasler|0 fnt\n|faint|p2a: Sneasler\n|\n|upkeep\n|\n|t:|1700372606\n|switch|p2a: Great Tusk|Great Tusk|100\/100\n|turn|20\n|\n|t:|1700372613\n|switch|p1a: Rillaboom|Rillaboom, M|100\/100\n|-fieldstart|move: Grassy Terrain|[from] ability: Grassy Surge|[of] p1a: Rillaboom\n|move|p2a: Great Tusk|Headlong Rush|p1a: Rillaboom\n|-resisted|p1a: Rillaboom\n|-crit|p1a: Rillaboom\n|-damage|p1a: Rillaboom|59\/100\n|-unboost|p2a: Great Tusk|def|1\n|-unboost|p2a: Great Tusk|spd|1\n|\n|-heal|p1a: Rillaboom|66\/100|[from] Grassy Terrain\n|upkeep\n|turn|21\n|\n|t:|1700372620\n|-end|p2a: Great Tusk|Protosynthesis|[silent]\n|switch|p2a: Gholdengo|Gholdengo|100\/100\n|move|p1a: Rillaboom|Grassy Glide|p2a: Gholdengo\n|-resisted|p2a: Gholdengo\n|-crit|p2a: Gholdengo\n|-damage|p2a: Gholdengo|76\/100\n|\n|-heal|p1a: Rillaboom|72\/100|[from] Grassy Terrain\n|-heal|p2a: Gholdengo|82\/100|[from] Grassy Terrain\n|-heal|p2a: Gholdengo|88\/100|[from] item: Leftovers\n|upkeep\n|turn|22\n|\n|t:|1700372623\n|move|p1a: Rillaboom|U-turn|p2a: Gholdengo\n|-resisted|p2a: Gholdengo\n|-damage|p2a: Gholdengo|83\/100\n|\n|t:|1700372626\n|switch|p1a: Heatran|Heatran, M|100\/100|[from] U-turn\n|move|p2a: Gholdengo|Make It Rain|p1a: Heatran\n|-resisted|p1a: Heatran\n|-damage|p1a: Heatran|92\/100\n|-unboost|p2a: Gholdengo|spa|1\n|\n|-heal|p2a: Gholdengo|89\/100|[from] Grassy Terrain\n|-heal|p2a: Gholdengo|95\/100|[from] item: Leftovers\n|-heal|p1a: Heatran|99\/100|[from] Grassy Terrain\n|-heal|p1a: Heatran|100\/100|[from] item: Leftovers\n|upkeep\n|turn|23\n|\n|t:|1700372633\n|switch|p2a: Ogerpon|Ogerpon-Wellspring, F|100\/100\n|move|p1a: Heatran|Magma Storm|p2a: Ogerpon\n|-damage|p2a: Ogerpon|47\/100\n|-activate|p2a: Ogerpon|move: Magma Storm|[of] p1a: Heatran\n|\n|-heal|p2a: Ogerpon|53\/100|[from] Grassy Terrain\n|-damage|p2a: Ogerpon|40\/100|[from] move: Magma Storm|[partiallytrapped]\n|upkeep\n|turn|24\n|\n|t:|1700372639\n|switch|p1a: Ogerpon|Ogerpon-Wellspring, F|100\/100\n|move|p2a: Ogerpon|Power Whip|p1a: Ogerpon\n|-damage|p1a: Ogerpon|0 fnt\n|faint|p1a: Ogerpon\n|\n|-heal|p2a: Ogerpon|46\/100|[from] Grassy Terrain\n|-end|p2a: Ogerpon|Magma Storm|[partiallytrapped]|[silent]\n|upkeep\n|\n|t:|1700372648\n|switch|p1a: Rillaboom|Rillaboom, M|72\/100\n|turn|25\n|\n|t:|1700372650\n|switch|p2a: Gholdengo|Gholdengo|95\/100\n|move|p1a: Rillaboom|Grassy Glide|p2a: Gholdengo\n|-resisted|p2a: Gholdengo\n|-damage|p2a: Gholdengo|80\/100\n|\n|-heal|p1a: Rillaboom|78\/100|[from] Grassy Terrain\n|-heal|p2a: Gholdengo|86\/100|[from] Grassy Terrain\n|-heal|p2a: Gholdengo|92\/100|[from] item: Leftovers\n|upkeep\n|turn|26\n|\n|t:|1700372669\n|move|p1a: Rillaboom|U-turn|p2a: Gholdengo\n|-resisted|p2a: Gholdengo\n|-damage|p2a: Gholdengo|87\/100\n|\n|t:|1700372671\n|switch|p1a: Heatran|Heatran, M|100\/100|[from] U-turn\n|move|p2a: Gholdengo|Nasty Plot|p2a: Gholdengo\n|-boost|p2a: Gholdengo|spa|2\n|\n|-heal|p2a: Gholdengo|93\/100|[from] Grassy Terrain\n|-heal|p2a: Gholdengo|99\/100|[from] item: Leftovers\n|upkeep\n|turn|27\n|inactive|LoverZBoy has 120 seconds left.\n|\n|t:|1700372721\n|move|p2a: Gholdengo|Shadow Ball|p1a: Heatran\n|-damage|p1a: Heatran|54\/100\n|move|p1a: Heatran|Magma Storm|p2a: Gholdengo\n|-supereffective|p2a: Gholdengo\n|-damage|p2a: Gholdengo|31\/100\n|-activate|p2a: Gholdengo|move: Magma Storm|[of] p1a: Heatran\n|\n|-heal|p2a: Gholdengo|37\/100|[from] Grassy Terrain\n|-heal|p2a: Gholdengo|43\/100|[from] item: Leftovers\n|-heal|p1a: Heatran|60\/100|[from] Grassy Terrain\n|-heal|p1a: Heatran|66\/100|[from] item: Leftovers\n|-damage|p2a: Gholdengo|31\/100|[from] move: Magma Storm|[partiallytrapped]\n|-fieldend|move: Grassy Terrain\n|upkeep\n|turn|28\n|\n|t:|1700372739\n|move|p2a: Gholdengo|Recover|p2a: Gholdengo\n|-heal|p2a: Gholdengo|81\/100\n|move|p1a: Heatran|Earth Power|p2a: Gholdengo\n|-supereffective|p2a: Gholdengo\n|-damage|p2a: Gholdengo|43\/100\n|-unboost|p2a: Gholdengo|spd|1\n|\n|-heal|p2a: Gholdengo|49\/100|[from] item: Leftovers\n|-heal|p1a: Heatran|72\/100|[from] item: Leftovers\n|-damage|p2a: Gholdengo|36\/100|[from] move: Magma Storm|[partiallytrapped]\n|upkeep\n|turn|29\n|\n|t:|1700372765\n|-terastallize|p2a: Gholdengo|Fairy\n|move|p2a: Gholdengo|Recover|p2a: Gholdengo\n|-heal|p2a: Gholdengo|86\/100\n|move|p1a: Heatran|Magma Storm|p2a: Gholdengo\n|-damage|p2a: Gholdengo|37\/100\n|\n|-heal|p2a: Gholdengo|43\/100|[from] item: Leftovers\n|-heal|p1a: Heatran|78\/100|[from] item: Leftovers\n|-damage|p2a: Gholdengo|31\/100|[from] move: Magma Storm|[partiallytrapped]\n|upkeep\n|turn|30\n|\n|t:|1700372772\n|move|p2a: Gholdengo|Recover|p2a: Gholdengo\n|-heal|p2a: Gholdengo|81\/100\n|move|p1a: Heatran|Magma Storm|p2a: Gholdengo\n|-damage|p2a: Gholdengo|28\/100\n|\n|-heal|p2a: Gholdengo|34\/100|[from] item: Leftovers\n|-heal|p1a: Heatran|85\/100|[from] item: Leftovers\n|-damage|p2a: Gholdengo|22\/100|[from] move: Magma Storm|[partiallytrapped]\n|upkeep\n|turn|31\n|\n|t:|1700372777\n|move|p2a: Gholdengo|Recover|p2a: Gholdengo\n|-heal|p2a: Gholdengo|72\/100\n|move|p1a: Heatran|Earth Power|p2a: Gholdengo\n|-damage|p2a: Gholdengo|42\/100\n|\n|-heal|p2a: Gholdengo|48\/100|[from] item: Leftovers\n|-heal|p1a: Heatran|91\/100|[from] item: Leftovers\n|-damage|p2a: Gholdengo|35\/100|[from] move: Magma Storm|[partiallytrapped]\n|upkeep\n|turn|32\n|c|\u2606LoverZBoy|can you miss one?\n|\n|t:|1700372783\n|move|p2a: Gholdengo|Recover|p2a: Gholdengo\n|-heal|p2a: Gholdengo|85\/100\n|move|p1a: Heatran|Magma Storm|p2a: Gholdengo\n|-damage|p2a: Gholdengo|37\/100\n|\n|-heal|p2a: Gholdengo|43\/100|[from] item: Leftovers\n|-heal|p1a: Heatran|97\/100|[from] item: Leftovers\n|-end|p2a: Gholdengo|Magma Storm|[partiallytrapped]\n|upkeep\n|turn|33\n|\n|t:|1700372788\n|move|p2a: Gholdengo|Recover|p2a: Gholdengo\n|-heal|p2a: Gholdengo|93\/100\n|move|p1a: Heatran|Earth Power|p2a: Gholdengo\n|-damage|p2a: Gholdengo|61\/100\n|\n|-heal|p2a: Gholdengo|67\/100|[from] item: Leftovers\n|-heal|p1a: Heatran|100\/100|[from] item: Leftovers\n|upkeep\n|turn|34\n|c|\u2606LoverZBoy|6\/6\n|\n|t:|1700372792\n|move|p2a: Gholdengo|Nasty Plot|p2a: Gholdengo\n|-boost|p2a: Gholdengo|spa|2\n|move|p1a: Heatran|Earth Power|p2a: Gholdengo\n|-damage|p2a: Gholdengo|39\/100\n|\n|-heal|p2a: Gholdengo|45\/100|[from] item: Leftovers\n|upkeep\n|turn|35\n|\n|t:|1700372797\n|move|p2a: Gholdengo|Recover|p2a: Gholdengo\n|-heal|p2a: Gholdengo|95\/100\n|move|p1a: Heatran|Magma Storm|p2a: Gholdengo\n|-damage|p2a: Gholdengo|41\/100\n|-activate|p2a: Gholdengo|move: Magma Storm|[of] p1a: Heatran\n|\n|-heal|p2a: Gholdengo|47\/100|[from] item: Leftovers\n|-damage|p2a: Gholdengo|35\/100|[from] move: Magma Storm|[partiallytrapped]\n|upkeep\n|turn|36\n|c|\u2606LoverZBoy|7\/7\n|\n|t:|1700372803\n|move|p2a: Gholdengo|Recover|p2a: Gholdengo\n|-heal|p2a: Gholdengo|85\/100\n|move|p1a: Heatran|Earth Power|p2a: Gholdengo\n|-crit|p2a: Gholdengo\n|-damage|p2a: Gholdengo|36\/100\n|\n|-heal|p2a: Gholdengo|42\/100|[from] item: Leftovers\n|-damage|p2a: Gholdengo|30\/100|[from] move: Magma Storm|[partiallytrapped]\n|upkeep\n|turn|37\n|c|\u2606LukeF2|lmao\n|\n|t:|1700372808\n|move|p2a: Gholdengo|Shadow Ball|p1a: Heatran\n|-damage|p1a: Heatran|35\/100\n|move|p1a: Heatran|Earth Power|p2a: Gholdengo\n|-crit|p2a: Gholdengo\n|-damage|p2a: Gholdengo|0 fnt\n|faint|p2a: Gholdengo\n|\n|-heal|p1a: Heatran|41\/100|[from] item: Leftovers\n|upkeep\n|c|\u2606LoverZBoy|you're so trash\n|c|\u2606LukeF2|lmao\n|c|\u2606LukeF2|unlucky\n|c|\u2606LoverZBoy|DOUBLE CRIT???\n|c|\u2606LoverZBoy|LMFAOOOOOOOOOOOO\n|\n|t:|1700372821\n|switch|p2a: Ogerpon|Ogerpon-Wellspring, F|46\/100\n|turn|38\n|c|\u2606LoverZBoy|fucking hilarious\n|c|\u2606LukeF2|earth power wouldve killed anyways\n|c|\u2606LukeF2|the second time around\n|c|\u2606LukeF2|not the first\n|c|\u2606LoverZBoy|not double crit dumbass\n|c|\u2606LukeF2|alr stay mad lmfao\n|c|\u2606LoverZBoy|dude 7\/7 is fucking insane\n|\n|t:|1700372845\n|move|p2a: Ogerpon|Swords Dance|p2a: Ogerpon\n|-boost|p2a: Ogerpon|atk|2\n|move|p1a: Heatran|Magma Storm|p2a: Ogerpon\n|-damage|p2a: Ogerpon|0 fnt\n|faint|p2a: Ogerpon\n|\n|-heal|p1a: Heatran|48\/100|[from] item: Leftovers\n|upkeep\n|c|\u2606LukeF2|LMAO\n|c|\u2606LukeF2|HAHAHAHA\n|c|\u2606LoverZBoy|8\/8 LMFAOOOOOOOOO\n|c|\u2606LoverZBoy|https:\/\/powerball.com\n|c|\u2606LukeF2|tough man\n|n|!LoverZBoy|loverzboy\n|-message|LoverZBoy forfeited.\n|\n|win|LukeF2\n|raw|LukeF2's rating: 1368 &rarr; <strong>1387<\/strong><br \/>(+19 for winning)\n|raw|LoverZBoy's rating: 1342 &rarr; <strong>1323<\/strong><br \/>(-19 for losing)\n|l|!LoverZBoy\n","uploadtime":1700372864,"views":13,"p1id":"lukef2","p2id":"loverzboy","formatid":"gen9ou","rating":1323,"private":0,"password":""}