{"id":"gen9ou-1989323867","p1":"TheSilvySilv","p2":"mary achi","format":"[Gen 9] OU","log":"|j|\u2606TheSilvySilv\n|j|\u203dmary achi\n|t:|1699836399\n|gametype|singles\n|player|p1|TheSilvySilv|ghetsis|1695\n|player|p2|mary achi|blue|1623\n|teamsize|p1|6\n|teamsize|p2|6\n|gen|9\n|tier|[Gen 9] OU\n|rated|\n|rule|Sleep Clause Mod: Limit one foe put to sleep\n|rule|Species Clause: Limit one of each Pok\u00e9mon\n|rule|OHKO Clause: OHKO moves are banned\n|rule|Evasion Items Clause: Evasion items are banned\n|rule|Evasion Moves Clause: Evasion moves are banned\n|rule|Endless Battle Clause: Forcing endless battles is banned\n|rule|HP Percentage Mod: HP is shown in percentages\n|clearpoke\n|poke|p1|Rillaboom, F|\n|poke|p1|Heatran, M|\n|poke|p1|Sneasler, F|\n|poke|p1|Ogerpon-Wellspring, F|\n|poke|p1|Landorus-Therian, M|\n|poke|p1|Gholdengo|\n|poke|p2|Alomomola, F|\n|poke|p2|Slowking-Galar, F|\n|poke|p2|Kingambit, M|\n|poke|p2|Great Tusk|\n|poke|p2|Cinderace, F|\n|poke|p2|Thundurus-Therian, M|\n|teampreview\n|inactive|Battle timer is ON: inactive players will automatically lose when time's up. (requested by mary achi)\n|\n|t:|1699836417\n|start\n|switch|p1a: Landorus|Landorus-Therian, M|100\/100\n|switch|p2a: Great Tusk|Great Tusk|100\/100\n|-ability|p1a: Landorus|Intimidate|boost\n|-unboost|p2a: Great Tusk|atk|1\n|turn|1\n|inactive|TheSilvySilv has 120 seconds left.\n|\n|t:|1699836461\n|move|p1a: Landorus|U-turn|p2a: Great Tusk\n|-resisted|p2a: Great Tusk\n|-damage|p2a: Great Tusk|94\/100\n|-damage|p1a: Landorus|84\/100|[from] item: Rocky Helmet|[of] p2a: Great Tusk\n|\n|t:|1699836468\n|switch|p1a: HEY SQUIDWARD|Ogerpon-Wellspring, F|100\/100|[from] U-turn\n|move|p2a: Great Tusk|Ice Spinner|p1a: HEY SQUIDWARD\n|-damage|p1a: HEY SQUIDWARD|77\/100\n|\n|upkeep\n|turn|2\n|\n|t:|1699836477\n|-end|p2a: Great Tusk|Protosynthesis|[silent]\n|switch|p2a: Cinderace|Cinderace, F|100\/100\n|move|p1a: HEY SQUIDWARD|Ivy Cudgel|p2a: Cinderace\n|-supereffective|p2a: Cinderace\n|-damage|p2a: Cinderace|0 fnt\n|faint|p2a: Cinderace\n|\n|upkeep\n|\n|t:|1699836481\n|switch|p2a: Thundurus|Thundurus-Therian, M|100\/100\n|turn|3\n|\n|t:|1699836507\n|switch|p1a: DPP OU|Heatran, M|100\/100\n|move|p2a: Thundurus|Grass Knot|p1a: DPP OU\n|-resisted|p1a: DPP OU\n|-crit|p1a: DPP OU\n|-damage|p1a: DPP OU|83\/100\n|\n|-heal|p1a: DPP OU|89\/100|[from] item: Leftovers\n|upkeep\n|turn|4\n|\n|t:|1699836512\n|switch|p2a: Slowking|Slowking-Galar, F|100\/100\n|move|p1a: DPP OU|Magma Storm|p2a: Slowking\n|-damage|p2a: Slowking|73\/100\n|-activate|p2a: Slowking|move: Magma Storm|[of] p1a: DPP OU\n|\n|-heal|p1a: DPP OU|95\/100|[from] item: Leftovers\n|-damage|p2a: Slowking|60\/100|[from] move: Magma Storm|[partiallytrapped]\n|upkeep\n|turn|5\n|\n|t:|1699836517\n|move|p1a: DPP OU|Taunt|p2a: Slowking\n|-start|p2a: Slowking|move: Taunt\n|cant|p2a: Slowking|move: Taunt|Chilly Reception\n|\n|-heal|p1a: DPP OU|100\/100|[from] item: Leftovers\n|-damage|p2a: Slowking|48\/100|[from] move: Magma Storm|[partiallytrapped]\n|upkeep\n|turn|6\n|\n|t:|1699836520\n|move|p1a: DPP OU|Earth Power|p2a: Slowking\n|-supereffective|p2a: Slowking\n|-damage|p2a: Slowking|17\/100\n|move|p2a: Slowking|Future Sight|p1a: DPP OU\n|-start|p2a: Slowking|move: Future Sight\n|\n|-damage|p2a: Slowking|4\/100|[from] move: Magma Storm|[partiallytrapped]\n|upkeep\n|turn|7\n|\n|t:|1699836525\n|move|p1a: DPP OU|Stealth Rock|p2a: Slowking\n|-sidestart|p2: mary achi|move: Stealth Rock\n|move|p2a: Slowking|Ice Beam|p1a: DPP OU\n|-resisted|p1a: DPP OU\n|-damage|p1a: DPP OU|96\/100\n|-status|p1a: DPP OU|frz\n|\n|-heal|p1a: DPP OU|100\/100 frz|[from] item: Leftovers\n|-damage|p2a: Slowking|0 fnt|[from] move: Magma Storm|[partiallytrapped]\n|faint|p2a: Slowking\n|upkeep\n|\n|t:|1699836528\n|switch|p2a: Great Tusk|Great Tusk|94\/100\n|-damage|p2a: Great Tusk|91\/100|[from] Stealth Rock\n|turn|8\n|c|\u2606TheSilvySilv|Lol\n|\n|t:|1699836534\n|move|p2a: Great Tusk|Rapid Spin|p1a: DPP OU\n|-resisted|p1a: DPP OU\n|-damage|p1a: DPP OU|92\/100 frz\n|-boost|p2a: Great Tusk|spe|1\n|-sideend|p2: mary achi|Stealth Rock|[from] move: Rapid Spin|[of] p2a: Great Tusk\n|cant|p1a: DPP OU|frz\n|\n|-end|p1a: DPP OU|move: Future Sight\n|-resisted|p1a: DPP OU\n|-damage|p1a: DPP OU|76\/100 frz\n|-heal|p1a: DPP OU|83\/100 frz|[from] item: Leftovers\n|upkeep\n|turn|9\n|\n|t:|1699836544\n|switch|p1a: Landorus|Landorus-Therian, M|84\/100\n|-ability|p1a: Landorus|Intimidate|boost\n|-unboost|p2a: Great Tusk|atk|1\n|move|p2a: Great Tusk|Stealth Rock|p1a: Landorus\n|-sidestart|p1: TheSilvySilv|move: Stealth Rock\n|\n|upkeep\n|turn|10\n|\n|t:|1699836549\n|move|p2a: Great Tusk|Ice Spinner|p1a: Landorus\n|-supereffective|p1a: Landorus\n|-damage|p1a: Landorus|1\/100\n|move|p1a: Landorus|Earth Power|p2a: Great Tusk\n|-damage|p2a: Great Tusk|0 fnt\n|faint|p2a: Great Tusk\n|-end|p2a: Great Tusk|Protosynthesis|[silent]\n|\n|upkeep\n|\n|t:|1699836559\n|switch|p2a: Thundurus|Thundurus-Therian, M|100\/100\n|turn|11\n|\n|t:|1699836567\n|move|p2a: Thundurus|Knock Off|p1a: Landorus\n|-damage|p1a: Landorus|0 fnt\n|-enditem|p1a: Landorus|Choice Specs|[from] move: Knock Off|[of] p2a: Thundurus\n|faint|p1a: Landorus\n|\n|upkeep\n|\n|t:|1699836571\n|switch|p1a: DPP OU|Heatran, M|83\/100 frz\n|-damage|p1a: DPP OU|70\/100 frz|[from] Stealth Rock\n|turn|12\n|\n|t:|1699836575\n|switch|p2a: Alomomola|Alomomola, F|100\/100\n|cant|p1a: DPP OU|frz\n|\n|-heal|p1a: DPP OU|76\/100 frz|[from] item: Leftovers\n|upkeep\n|turn|13\n|\n|t:|1699836579\n|switch|p2a: Thundurus|Thundurus-Therian, M|100\/100\n|cant|p1a: DPP OU|frz\n|\n|-heal|p1a: DPP OU|83\/100 frz|[from] item: Leftovers\n|upkeep\n|turn|14\n|\n|t:|1699836584\n|move|p2a: Thundurus|Volt Switch|p1a: DPP OU\n|-damage|p1a: DPP OU|41\/100 frz\n|\n|t:|1699836588\n|switch|p2a: Alomomola|Alomomola, F|100\/100|[from] Volt Switch\n|cant|p1a: DPP OU|frz\n|\n|-heal|p1a: DPP OU|48\/100 frz|[from] item: Leftovers\n|upkeep\n|turn|15\n|\n|t:|1699836590\n|cant|p1a: DPP OU|frz\n|move|p2a: Alomomola|Flip Turn|p1a: DPP OU\n|-supereffective|p1a: DPP OU\n|-damage|p1a: DPP OU|17\/100 frz\n|\n|t:|1699836593\n|switch|p2a: Thundurus|Thundurus-Therian, M|100\/100|[from] Flip Turn\n|\n|-heal|p1a: DPP OU|23\/100 frz|[from] item: Leftovers\n|upkeep\n|turn|16\n|c|\u2606TheSilvySilv|Bruh\n|\n|t:|1699836602\n|move|p2a: Thundurus|Volt Switch|p1a: DPP OU\n|-damage|p1a: DPP OU|0 fnt\n|faint|p1a: DPP OU\n|\n|t:|1699836606\n|switch|p2a: Alomomola|Alomomola, F|100\/100|[from] Volt Switch\n|\n|upkeep\n|\n|t:|1699836612\n|switch|p1a: BOOM BOOM BOOM|Rillaboom, F|100\/100\n|-damage|p1a: BOOM BOOM BOOM|88\/100|[from] Stealth Rock\n|-fieldstart|move: Grassy Terrain|[from] ability: Grassy Surge|[of] p1a: BOOM BOOM BOOM\n|turn|17\n|\n|t:|1699836624\n|-terastallize|p2a: Alomomola|Flying\n|move|p1a: BOOM BOOM BOOM|Wood Hammer|p2a: Alomomola\n|-resisted|p2a: Alomomola\n|-damage|p2a: Alomomola|67\/100\n|-damage|p1a: BOOM BOOM BOOM|73\/100|[from] Recoil\n|-enditem|p2a: Alomomola|Red Card|[of] p1a: BOOM BOOM BOOM\n|drag|p1a: Gholdengo|Gholdengo|100\/100\n|-damage|p1a: Gholdengo|94\/100|[from] Stealth Rock\n|-item|p1a: Gholdengo|Air Balloon\n|move|p2a: Alomomola|Wish|p2a: Alomomola\n|\n|upkeep\n|turn|18\n|\n|t:|1699836636\n|move|p1a: Gholdengo|Nasty Plot|p1a: Gholdengo\n|-boost|p1a: Gholdengo|spa|2\n|move|p2a: Alomomola|Flip Turn|p1a: Gholdengo\n|-damage|p1a: Gholdengo|77\/100\n|-enditem|p1a: Gholdengo|Air Balloon\n|\n|t:|1699836642\n|switch|p2a: Kingambit|Kingambit, M|100\/100|[from] Flip Turn\n|-activate|p2a: Kingambit|ability: Supreme Overlord\n|-start|p2a: Kingambit|fallen3|[silent]\n|\n|-heal|p1a: Gholdengo|83\/100|[from] Grassy Terrain\n|upkeep\n|turn|19\n|\n|t:|1699836651\n|-terastallize|p1a: Gholdengo|Fairy\n|move|p1a: Gholdengo|Make It Rain|p2a: Kingambit\n|-resisted|p2a: Kingambit\n|-damage|p2a: Kingambit|44\/100\n|-unboost|p1a: Gholdengo|spa|1\n|move|p2a: Kingambit|Kowtow Cleave|p1a: Gholdengo\n|-resisted|p1a: Gholdengo\n|-damage|p1a: Gholdengo|51\/100\n|\n|-heal|p1a: Gholdengo|57\/100|[from] Grassy Terrain\n|-heal|p2a: Kingambit|51\/100|[from] Grassy Terrain\n|-heal|p2a: Kingambit|57\/100|[from] item: Leftovers\n|upkeep\n|turn|20\n|\n|t:|1699836663\n|move|p1a: Gholdengo|Make It Rain|p2a: Kingambit\n|-resisted|p2a: Kingambit\n|-damage|p2a: Kingambit|15\/100\n|-unboost|p1a: Gholdengo|spa|1\n|move|p2a: Kingambit|Iron Head|p1a: Gholdengo\n|-supereffective|p1a: Gholdengo\n|-damage|p1a: Gholdengo|0 fnt\n|faint|p1a: Gholdengo\n|\n|-heal|p2a: Kingambit|21\/100|[from] Grassy Terrain\n|-heal|p2a: Kingambit|28\/100|[from] item: Leftovers\n|upkeep\n|\n|t:|1699836672\n|switch|p1a: 50%|Sneasler, F|100\/100\n|-damage|p1a: 50%|95\/100|[from] Stealth Rock\n|-enditem|p1a: 50%|Grassy Seed\n|-boost|p1a: 50%|def|1|[from] item: Grassy Seed\n|turn|21\n|\n|t:|1699836679\n|-end|p2a: Kingambit|fallen3|[silent]\n|switch|p2a: Alomomola|Alomomola, F, tera:Flying|99\/100\n|move|p1a: 50%|Swords Dance|p1a: 50%\n|-boost|p1a: 50%|atk|2\n|\n|-heal|p1a: 50%|100\/100|[from] Grassy Terrain\n|-fieldend|move: Grassy Terrain\n|upkeep\n|turn|22\n|\n|t:|1699836684\n|move|p1a: 50%|Dire Claw|p2a: Alomomola\n|-damage|p2a: Alomomola|48\/100\n|-status|p2a: Alomomola|slp\n|cant|p2a: Alomomola|slp\n|\n|upkeep\n|turn|23\n|\n|t:|1699836688\n|move|p1a: 50%|Dire Claw|p2a: Alomomola\n|-damage|p2a: Alomomola|0 fnt\n|faint|p2a: Alomomola\n|\n|upkeep\n|\n|t:|1699836694\n|switch|p2a: Thundurus|Thundurus-Therian, M|100\/100\n|turn|24\n|\n|t:|1699836696\n|move|p1a: 50%|Dire Claw|p2a: Thundurus\n|-damage|p2a: Thundurus|0 fnt\n|faint|p2a: Thundurus\n|\n|upkeep\n|-message|mary achi forfeited.\n|\n|win|TheSilvySilv\n|raw|TheSilvySilv's rating: 1695 &rarr; <strong>1711<\/strong><br \/>(+16 for winning)\n|raw|mary achi's rating: 1623 &rarr; <strong>1607<\/strong><br \/>(-16 for losing)\n|l|\u203dmary achi\n","uploadtime":1699836703,"views":8,"p1id":"thesilvysilv","p2id":"maryachi","formatid":"gen9ou","rating":1607,"private":0,"password":""}