{"id":"gen9ou-1995913797","p1":"munchkinp","p2":"22SavageHut","format":"[Gen 9] OU","log":"|j|\u2606munchkinp\n|j|\u260622SavageHut\n|inactive|Battle timer is ON: inactive players will automatically lose when time's up.\n|t:|1700616787\n|gametype|singles\n|player|p1|munchkinp|2|\n|player|p2|22SavageHut|170|\n|teamsize|p1|3\n|teamsize|p2|3\n|gen|9\n|tier|[Gen 9] OU\n|rated|Tournament battle\n|rule|Sleep Clause Mod: Limit one foe put to sleep\n|rule|Species Clause: Limit one of each Pok\u00e9mon\n|rule|OHKO Clause: OHKO moves are banned\n|rule|Evasion Items Clause: Evasion items are banned\n|rule|Evasion Moves Clause: Evasion moves are banned\n|rule|Endless Battle Clause: Forcing endless battles is banned\n|rule|HP Percentage Mod: HP is shown in percentages\n|clearpoke\n|poke|p1|Sneasel, F|\n|poke|p1|Toxapex, M|\n|poke|p1|Clodsire, M|\n|poke|p2|Nymble, F|\n|poke|p2|Gholdengo|\n|poke|p2|Kilowattrel, M|\n|teampreview\n|j|*Lady Monita \u2746\n|j| ME2022\n|j| Yeet259\n|\n|t:|1700616802\n|start\n|switch|p1a: Sneasel|Sneasel, F|100\/100\n|switch|p2a: Nymble|Nymble, F|100\/100\n|turn|1\n|\n|t:|1700616811\n|switch|p1a: Toxapex|Toxapex, M, shiny|100\/100\n|move|p2a: Nymble|U-turn|p1a: Toxapex\n|-resisted|p1a: Toxapex\n|-damage|p1a: Toxapex|82\/100\n|-damage|p2a: Nymble|84\/100|[from] item: Rocky Helmet|[of] p1a: Toxapex\n|-damage|p2a: Nymble|74\/100|[from] item: Life Orb\n|\n|t:|1700616818\n|switch|p2a: Kilowattrel|Kilowattrel, M|100\/100|[from] U-turn\n|\n|upkeep\n|turn|2\n|\n|t:|1700616835\n|switch|p1a: Clodsire|Clodsire, M|100\/100\n|move|p2a: Kilowattrel|Hurricane|p1a: Clodsire\n|-damage|p1a: Clodsire|63\/100\n|-damage|p2a: Kilowattrel|91\/100|[from] item: Life Orb\n|\n|-heal|p1a: Clodsire|69\/100|[from] item: Leftovers\n|upkeep\n|turn|3\n|\n|t:|1700616842\n|switch|p2a: Nymble|Nymble, F|74\/100\n|move|p1a: Clodsire|Toxic|p2a: Nymble\n|-status|p2a: Nymble|tox\n|\n|-heal|p1a: Clodsire|75\/100|[from] item: Leftovers\n|-damage|p2a: Nymble|68\/100 tox|[from] psn\n|upkeep\n|turn|4\n|\n|t:|1700616850\n|move|p2a: Nymble|Leech Life|p1a: Clodsire\n|-resisted|p1a: Clodsire\n|-damage|p1a: Clodsire|40\/100\n|-heal|p2a: Nymble|98\/100 tox|[from] drain|[of] p1a: Clodsire\n|-damage|p2a: Nymble|88\/100 tox|[from] item: Life Orb\n|move|p1a: Clodsire|Recover|p1a: Clodsire\n|-heal|p1a: Clodsire|91\/100\n|\n|-heal|p1a: Clodsire|97\/100|[from] item: Leftovers\n|-damage|p2a: Nymble|76\/100 tox|[from] psn\n|upkeep\n|turn|5\n|\n|t:|1700616856\n|switch|p1a: Toxapex|Toxapex, M, shiny|100\/100\n|move|p2a: Nymble|U-turn|p1a: Toxapex\n|-resisted|p1a: Toxapex\n|-damage|p1a: Toxapex|82\/100\n|-damage|p2a: Nymble|59\/100 tox|[from] item: Rocky Helmet|[of] p1a: Toxapex\n|-damage|p2a: Nymble|49\/100 tox|[from] item: Life Orb\n|\n|t:|1700616864\n|switch|p2a: Gholdengo|Gholdengo|100\/100|[from] U-turn\n|\n|upkeep\n|turn|6\n|\n|t:|1700616873\n|switch|p1a: Sneasel|Sneasel, F|100\/100\n|move|p2a: Gholdengo|Nasty Plot|p2a: Gholdengo\n|-boost|p2a: Gholdengo|spa|2\n|\n|upkeep\n|turn|7\n|\n|t:|1700616885\n|move|p1a: Sneasel|Knock Off|p2a: Gholdengo\n|-supereffective|p2a: Gholdengo\n|-damage|p2a: Gholdengo|18\/100\n|-enditem|p2a: Gholdengo|Leftovers|[from] move: Knock Off|[of] p1a: Sneasel\n|move|p2a: Gholdengo|Make It Rain|p1a: Sneasel\n|-supereffective|p1a: Sneasel\n|-enditem|p1a: Sneasel|Focus Sash\n|-damage|p1a: Sneasel|1\/100\n|-unboost|p2a: Gholdengo|spa|1\n|\n|upkeep\n|turn|8\n|\n|t:|1700616894\n|switch|p2a: Nymble|Nymble, F|49\/100 tox\n|move|p1a: Sneasel|Knock Off|p2a: Nymble\n|-damage|p2a: Nymble|0 fnt\n|-enditem|p2a: Nymble|Life Orb|[from] move: Knock Off|[of] p1a: Sneasel\n|faint|p2a: Nymble\n|\n|upkeep\n|c| ME2022|make sh sneasel xD\n|\n|t:|1700616899\n|switch|p2a: Kilowattrel|Kilowattrel, M|91\/100\n|turn|9\n|j| jfebhjbeebhjf\n|inactive|munchkinp has 120 seconds left.\n|\n|t:|1700616936\n|switch|p1a: Clodsire|Clodsire, M|97\/100\n|move|p2a: Kilowattrel|Thunderbolt|p1a: Clodsire\n|-immune|p1a: Clodsire\n|\n|-heal|p1a: Clodsire|100\/100|[from] item: Leftovers\n|upkeep\n|turn|10\n|inactive|munchkinp has 120 seconds left.\n|\n|t:|1700616947\n|-terastallize|p2a: Kilowattrel|Steel\n|move|p2a: Kilowattrel|Hurricane|p1a: Clodsire|[miss]\n|-miss|p2a: Kilowattrel|p1a: Clodsire\n|move|p1a: Clodsire|Earthquake|p2a: Kilowattrel\n|-supereffective|p2a: Kilowattrel\n|-damage|p2a: Kilowattrel|0 fnt\n|faint|p2a: Kilowattrel\n|\n|upkeep\n|\n|t:|1700616951\n|switch|p2a: Gholdengo|Gholdengo|18\/100\n|turn|11\n|\n|t:|1700616956\n|move|p2a: Gholdengo|Make It Rain|p1a: Clodsire\n|-damage|p1a: Clodsire|68\/100\n|-unboost|p2a: Gholdengo|spa|1\n|move|p1a: Clodsire|Earthquake|p2a: Gholdengo\n|-supereffective|p2a: Gholdengo\n|-damage|p2a: Gholdengo|0 fnt\n|faint|p2a: Gholdengo\n|\n|win|munchkinp\n|n|\u2606munchkinp|munchkinp\n|n|\u260622SavageHut|22savagehut\n|n|*Lady Monita \u2746|ladymonita\n|n| ME2022|me2022\n|n| Yeet259|yeet259\n|n| jfebhjbeebhjf|jfebhjbeebhjf\n","uploadtime":1700616957,"views":0,"p1id":"munchkinp","p2id":"22savagehut","formatid":"gen9ou","rating":0,"private":0,"password":""}