{"id":"gen9ou-1993531897","p1":"TheZalmancer","p2":"markx","format":"[Gen 9] OU","log":"|j|\u2606TheZalmancer\n|j|\u2606markx\n|t:|1700328730\n|gametype|singles\n|player|p1|TheZalmancer|skyla|1138\n|player|p2|markx|hugh|1105\n|teamsize|p1|6\n|teamsize|p2|6\n|gen|9\n|tier|[Gen 9] OU\n|rated|\n|rule|Sleep Clause Mod: Limit one foe put to sleep\n|rule|Species Clause: Limit one of each Pok\u00e9mon\n|rule|OHKO Clause: OHKO moves are banned\n|rule|Evasion Items Clause: Evasion items are banned\n|rule|Evasion Moves Clause: Evasion moves are banned\n|rule|Endless Battle Clause: Forcing endless battles is banned\n|rule|HP Percentage Mod: HP is shown in percentages\n|clearpoke\n|poke|p1|Ogerpon-Wellspring, F|\n|poke|p1|Ninetales-Alola, F|\n|poke|p1|Corviknight, F|\n|poke|p1|Manaphy|\n|poke|p1|Hydreigon, F|\n|poke|p1|Ditto|\n|poke|p2|Iron Valiant|\n|poke|p2|Zamazenta-*|\n|poke|p2|Glimmora, M|\n|poke|p2|Ogerpon-Wellspring, F|\n|poke|p2|Ceruledge, F|\n|poke|p2|Enamorus, F|\n|teampreview\n|inactive|Battle timer is ON: inactive players will automatically lose when time's up. (requested by markx)\n|\n|t:|1700328738\n|start\n|switch|p1a: Hydreigon|Hydreigon, F|100\/100\n|switch|p2a: Iron Valiant|Iron Valiant, shiny|100\/100\n|-enditem|p2a: Iron Valiant|Booster Energy\n|-activate|p2a: Iron Valiant|ability: Quark Drive|[fromitem]\n|-start|p2a: Iron Valiant|quarkdrivespe\n|turn|1\n|\n|t:|1700328752\n|move|p2a: Iron Valiant|Moonblast|p1a: Hydreigon\n|-supereffective|p1a: Hydreigon\n|-enditem|p1a: Hydreigon|Focus Sash\n|-damage|p1a: Hydreigon|1\/100\n|-unboost|p1a: Hydreigon|spa|1\n|move|p1a: Hydreigon|Thunder Wave|p2a: Iron Valiant\n|-status|p2a: Iron Valiant|par\n|\n|upkeep\n|turn|2\n|\n|t:|1700328767\n|move|p1a: Hydreigon|Stealth Rock|p2a: Iron Valiant\n|-sidestart|p2: markx|move: Stealth Rock\n|move|p2a: Iron Valiant|Moonblast|p1a: Hydreigon\n|-supereffective|p1a: Hydreigon\n|-damage|p1a: Hydreigon|0 fnt\n|faint|p1a: Hydreigon\n|\n|upkeep\n|\n|t:|1700328773\n|switch|p1a: Ninetales|Ninetales-Alola, F, shiny|100\/100\n|-weather|Snow|[from] ability: Snow Warning|[of] p1a: Ninetales\n|turn|3\n|\n|t:|1700328778\n|move|p1a: Ninetales|Aurora Veil|p1a: Ninetales\n|-sidestart|p1: TheZalmancer|move: Aurora Veil\n|cant|p2a: Iron Valiant|par\n|\n|-weather|Snow|[upkeep]\n|upkeep\n|turn|4\n|\n|t:|1700328793\n|switch|p1a: Ogerpon|Ogerpon-Wellspring, F|100\/100\n|move|p2a: Iron Valiant|Aura Sphere|p1a: Ogerpon\n|-damage|p1a: Ogerpon|77\/100\n|\n|-weather|Snow|[upkeep]\n|upkeep\n|turn|5\n|\n|t:|1700328800\n|move|p1a: Ogerpon|Swords Dance|p1a: Ogerpon\n|-boost|p1a: Ogerpon|atk|2\n|move|p2a: Iron Valiant|Thunderbolt|p1a: Ogerpon\n|-damage|p1a: Ogerpon|61\/100\n|\n|-weather|Snow|[upkeep]\n|upkeep\n|turn|6\n|\n|t:|1700328812\n|-end|p2a: Iron Valiant|Quark Drive|[silent]\n|switch|p2a: Ogerpon|Ogerpon-Wellspring, F|100\/100\n|-damage|p2a: Ogerpon|88\/100|[from] Stealth Rock\n|move|p1a: Ogerpon|Horn Leech|p2a: Ogerpon\n|-crit|p2a: Ogerpon\n|-damage|p2a: Ogerpon|0 fnt\n|-heal|p1a: Ogerpon|100\/100|[from] drain|[of] p2a: Ogerpon\n|faint|p2a: Ogerpon\n|\n|-weather|Snow|[upkeep]\n|upkeep\n|\n|t:|1700328833\n|switch|p2a: Zamazenta|Zamazenta|100\/100\n|-damage|p2a: Zamazenta|94\/100|[from] Stealth Rock\n|-ability|p2a: Zamazenta|Dauntless Shield|boost\n|-boost|p2a: Zamazenta|def|1\n|turn|7\n|\n|t:|1700328840\n|move|p1a: Ogerpon|Swords Dance|p1a: Ogerpon\n|-boost|p1a: Ogerpon|atk|2\n|move|p2a: Zamazenta|Roar|p1a: Ogerpon\n|drag|p1a: Corviknight|Corviknight, F, shiny|100\/100\n|\n|-weather|none\n|-heal|p2a: Zamazenta|100\/100|[from] item: Leftovers\n|upkeep\n|turn|8\n|\n|t:|1700328857\n|move|p1a: Corviknight|Protect|p1a: Corviknight\n|-singleturn|p1a: Corviknight|Protect\n|move|p2a: Zamazenta|Iron Defense|p2a: Zamazenta\n|-boost|p2a: Zamazenta|def|2\n|\n|upkeep\n|turn|9\n|\n|t:|1700328874\n|move|p1a: Corviknight|Protect||[still]\n|-fail|p1a: Corviknight\n|move|p2a: Zamazenta|Body Press|p1a: Corviknight\n|-damage|p1a: Corviknight|73\/100\n|\n|-heal|p1a: Corviknight|79\/100|[from] item: Leftovers\n|upkeep\n|turn|10\n|\n|t:|1700328890\n|move|p2a: Zamazenta|Iron Defense|p2a: Zamazenta\n|-boost|p2a: Zamazenta|def|2\n|move|p1a: Corviknight|Iron Head|p2a: Zamazenta\n|-damage|p2a: Zamazenta|95\/100\n|\n|-heal|p2a: Zamazenta|100\/100|[from] item: Leftovers\n|-heal|p1a: Corviknight|86\/100|[from] item: Leftovers\n|-sideend|p1: TheZalmancer|move: Aurora Veil\n|upkeep\n|turn|11\n|inactive|TheZalmancer has 120 seconds left.\n|\n|t:|1700328910\n|move|p1a: Corviknight|Protect|p1a: Corviknight\n|-singleturn|p1a: Corviknight|Protect\n|move|p2a: Zamazenta|Body Press|p1a: Corviknight\n|-activate|p1a: Corviknight|move: Protect\n|\n|-heal|p1a: Corviknight|92\/100|[from] item: Leftovers\n|upkeep\n|turn|12\n|inactive|TheZalmancer has 120 seconds left.\n|\n|t:|1700328919\n|move|p2a: Zamazenta|Body Press|p1a: Corviknight\n|-damage|p1a: Corviknight|17\/100\n|move|p1a: Corviknight|Iron Head|p2a: Zamazenta\n|-damage|p2a: Zamazenta|94\/100\n|\n|-heal|p2a: Zamazenta|100\/100|[from] item: Leftovers\n|-heal|p1a: Corviknight|23\/100|[from] item: Leftovers\n|upkeep\n|turn|13\n|inactive|TheZalmancer has 120 seconds left.\n|\n|t:|1700328930\n|move|p2a: Zamazenta|Iron Defense|p2a: Zamazenta\n|-boost|p2a: Zamazenta|def|1\n|move|p1a: Corviknight|Iron Head|p2a: Zamazenta\n|-damage|p2a: Zamazenta|96\/100\n|\n|-heal|p2a: Zamazenta|100\/100|[from] item: Leftovers\n|-heal|p1a: Corviknight|29\/100|[from] item: Leftovers\n|upkeep\n|turn|14\n|\n|t:|1700328940\n|move|p2a: Zamazenta|Body Press|p1a: Corviknight\n|-damage|p1a: Corviknight|0 fnt\n|faint|p1a: Corviknight\n|\n|upkeep\n|\n|t:|1700328944\n|switch|p1a: Ditto|Ditto, shiny|100\/100\n|-transform|p1a: Ditto|p2a: Zamazenta|[from] ability: Imposter\n|turn|15\n|\n|t:|1700328951\n|move|p1a: Ditto|Body Press|p2a: Zamazenta\n|-damage|p2a: Zamazenta|75\/100\n|move|p2a: Zamazenta|Roar|p1a: Ditto\n|drag|p1a: Ogerpon|Ogerpon-Wellspring, F|100\/100\n|\n|-heal|p2a: Zamazenta|81\/100|[from] item: Leftovers\n|upkeep\n|turn|16\n|\n|t:|1700328965\n|switch|p1a: Manaphy|Manaphy|100\/100\n|move|p2a: Zamazenta|Body Press|p1a: Manaphy\n|-damage|p1a: Manaphy|0 fnt\n|faint|p1a: Manaphy\n|\n|-heal|p2a: Zamazenta|87\/100|[from] item: Leftovers\n|upkeep\n|\n|t:|1700328973\n|switch|p1a: Ditto|Ditto, shiny|100\/100\n|-transform|p1a: Ditto|p2a: Zamazenta|[from] ability: Imposter\n|turn|17\n|\n|t:|1700328980\n|move|p1a: Ditto|Roar|p2a: Zamazenta\n|drag|p2a: Glimmora|Glimmora, M, shiny|100\/100\n|-damage|p2a: Glimmora|88\/100|[from] Stealth Rock\n|\n|upkeep\n|turn|18\n|\n|t:|1700328988\n|switch|p1a: Ninetales|Ninetales-Alola, F, shiny|100\/100\n|-weather|Snow|[from] ability: Snow Warning|[of] p1a: Ninetales\n|move|p2a: Glimmora|Toxic|p1a: Ninetales\n|-status|p1a: Ninetales|tox\n|\n|-weather|Snow|[upkeep]\n|-damage|p1a: Ninetales|94\/100 tox|[from] psn\n|upkeep\n|turn|19\n|\n|t:|1700328999\n|switch|p2a: Ceruledge|Ceruledge, F|100\/100\n|move|p1a: Ninetales|Aurora Veil|p1a: Ninetales\n|-sidestart|p1: TheZalmancer|move: Aurora Veil\n|\n|-weather|Snow|[upkeep]\n|-damage|p1a: Ninetales|82\/100 tox|[from] psn\n|upkeep\n|turn|20\n|\n|t:|1700329010\n|move|p1a: Ninetales|Hypnosis|p2a: Ceruledge|[miss]\n|-miss|p1a: Ninetales|p2a: Ceruledge\n|move|p2a: Ceruledge|Bitter Blade|p1a: Ninetales\n|-supereffective|p1a: Ninetales\n|-damage|p1a: Ninetales|47\/100 tox\n|\n|-weather|Snow|[upkeep]\n|-damage|p1a: Ninetales|29\/100 tox|[from] psn\n|upkeep\n|turn|21\n|\n|t:|1700329020\n|move|p2a: Ceruledge|Shadow Sneak|p1a: Ninetales\n|-damage|p1a: Ninetales|21\/100 tox\n|move|p1a: Ninetales|Encore|p2a: Ceruledge\n|-start|p2a: Ceruledge|Encore\n|\n|-weather|Snow|[upkeep]\n|-damage|p1a: Ninetales|0 fnt|[from] psn\n|faint|p1a: Ninetales\n|upkeep\n|\n|t:|1700329027\n|switch|p1a: Ogerpon|Ogerpon-Wellspring, F|100\/100\n|turn|22\n|\n|t:|1700329032\n|switch|p2a: Zamazenta|Zamazenta|87\/100\n|-damage|p2a: Zamazenta|81\/100|[from] Stealth Rock\n|move|p1a: Ogerpon|Swords Dance|p1a: Ogerpon\n|-boost|p1a: Ogerpon|atk|2\n|\n|-weather|none\n|-heal|p2a: Zamazenta|87\/100|[from] item: Leftovers\n|upkeep\n|turn|23\n|\n|t:|1700329043\n|move|p1a: Ogerpon|Ivy Cudgel|p2a: Zamazenta|[anim] Ivy Cudgel Water\n|-damage|p2a: Zamazenta|9\/100\n|move|p2a: Zamazenta|Roar|p1a: Ogerpon\n|drag|p1a: Ditto|Ditto, shiny|100\/100\n|-transform|p1a: Ditto|p2a: Zamazenta|[from] ability: Imposter\n|\n|-heal|p2a: Zamazenta|15\/100|[from] item: Leftovers\n|upkeep\n|turn|24\n|\n|t:|1700329056\n|move|p1a: Ditto|Body Press|p2a: Zamazenta\n|-damage|p2a: Zamazenta|0 fnt\n|faint|p2a: Zamazenta\n|\n|upkeep\n|\n|t:|1700329068\n|switch|p2a: Glimmora|Glimmora, M, shiny|88\/100\n|-damage|p2a: Glimmora|76\/100|[from] Stealth Rock\n|turn|25\n|\n|t:|1700329073\n|switch|p1a: Ogerpon|Ogerpon-Wellspring, F|100\/100\n|move|p2a: Glimmora|Toxic|p1a: Ogerpon\n|-status|p1a: Ogerpon|tox\n|\n|-damage|p1a: Ogerpon|95\/100 tox|[from] psn\n|upkeep\n|turn|26\n|\n|t:|1700329090\n|-terastallize|p1a: Ogerpon|Water\n|detailschange|p1a: Ogerpon|Ogerpon-Wellspring-Tera, F, tera:Water\n|-ability|p1a: Ogerpon|Embody Aspect (Wellspring)|boost\n|-boost|p1a: Ogerpon|spd|1\n|-terastallize|p2a: Glimmora|Water\n|move|p1a: Ogerpon|Swords Dance|p1a: Ogerpon\n|-boost|p1a: Ogerpon|atk|2\n|move|p2a: Glimmora|Power Gem|p1a: Ogerpon\n|-damage|p1a: Ogerpon|81\/100 tox\n|\n|-damage|p1a: Ogerpon|69\/100 tox|[from] psn\n|-sideend|p1: TheZalmancer|move: Aurora Veil\n|upkeep\n|turn|27\n|\n|t:|1700329102\n|move|p1a: Ogerpon|Horn Leech|p2a: Glimmora\n|-supereffective|p2a: Glimmora\n|-damage|p2a: Glimmora|0 fnt\n|-heal|p1a: Ogerpon|100\/100 tox|[from] drain|[of] p2a: Glimmora\n|faint|p2a: Glimmora\n|\n|-damage|p1a: Ogerpon|83\/100 tox|[from] psn\n|upkeep\n|\n|t:|1700329114\n|switch|p2a: Enamorus|Enamorus, F|100\/100\n|-damage|p2a: Enamorus|76\/100|[from] Stealth Rock\n|turn|28\n|\n|t:|1700329124\n|move|p1a: Ogerpon|Ivy Cudgel|p2a: Enamorus|[anim] Ivy Cudgel Water\n|-damage|p2a: Enamorus|0 fnt\n|faint|p2a: Enamorus\n|\n|-damage|p1a: Ogerpon|59\/100 tox|[from] psn\n|upkeep\n|\n|t:|1700329130\n|switch|p2a: Iron Valiant|Iron Valiant, shiny|100\/100 par\n|-damage|p2a: Iron Valiant|94\/100 par|[from] Stealth Rock\n|turn|29\n|\n|t:|1700329137\n|move|p1a: Ogerpon|Ivy Cudgel|p2a: Iron Valiant|[anim] Ivy Cudgel Water\n|-damage|p2a: Iron Valiant|0 fnt\n|faint|p2a: Iron Valiant\n|-end|p2a: Iron Valiant|Quark Drive|[silent]\n|\n|-damage|p1a: Ogerpon|29\/100 tox|[from] psn\n|upkeep\n|-message|markx forfeited.\n|\n|win|TheZalmancer\n|raw|TheZalmancer's rating: 1138 &rarr; <strong>1161<\/strong><br \/>(+23 for winning)\n|raw|markx's rating: 1105 &rarr; <strong>1082<\/strong><br \/>(-23 for losing)\n|l|\u2606markx\n|c|\u2606TheZalmancer|ggs\n","uploadtime":1700329149,"views":10,"p1id":"thezalmancer","p2id":"markx","formatid":"gen9ou","rating":1082,"private":0,"password":""}