{"id":"gen9ou-1996983914","p1":"EQ&CRIT","p2":"Heavenrhey","format":"[Gen 9] OU","log":"|j|\u2606EQ&CRIT\n|j|\u2606Heavenrhey\n|t:|1700752519\n|gametype|singles\n|player|p1|EQ&CRIT|leon-tower|1183\n|player|p2|Heavenrhey|170|1103\n|teamsize|p1|6\n|teamsize|p2|6\n|gen|9\n|tier|[Gen 9] OU\n|rated|\n|rule|Sleep Clause Mod: Limit one foe put to sleep\n|rule|Species Clause: Limit one of each Pok\u00e9mon\n|rule|OHKO Clause: OHKO moves are banned\n|rule|Evasion Items Clause: Evasion items are banned\n|rule|Evasion Moves Clause: Evasion moves are banned\n|rule|Endless Battle Clause: Forcing endless battles is banned\n|rule|HP Percentage Mod: HP is shown in percentages\n|clearpoke\n|poke|p1|Ribombee, M|\n|poke|p1|Falinks|\n|poke|p1|Slowking-Galar, M|\n|poke|p1|Basculegion-F, F|\n|poke|p1|Garchomp, F|\n|poke|p1|Ting-Lu|\n|poke|p2|Quaquaval, M|\n|poke|p2|Clodsire, M|\n|poke|p2|Kingambit, M|\n|poke|p2|Pelipper, F|\n|poke|p2|Zapdos|\n|poke|p2|Slowking-Galar, F|\n|teampreview\n|inactive|Battle timer is ON: inactive players will automatically lose when time's up. (requested by EQ&CRIT)\n|\n|t:|1700752536\n|start\n|switch|p1a: Ribombee|Ribombee, M|100\/100\n|switch|p2a: Kingambit|Kingambit, M|100\/100\n|turn|1\n|\n|t:|1700752550\n|move|p1a: Ribombee|Sticky Web|p2a: Kingambit\n|-sidestart|p2: Heavenrhey|move: Sticky Web\n|move|p2a: Kingambit|Iron Head|p1a: Ribombee\n|-supereffective|p1a: Ribombee\n|-enditem|p1a: Ribombee|Focus Sash\n|-damage|p1a: Ribombee|1\/100\n|\n|upkeep\n|turn|2\n|\n|t:|1700752556\n|-end|p2a: Kingambit|fallenundefined|[silent]\n|switch|p2a: Clodsire|Clodsire, M|100\/100\n|-activate|p2a: Clodsire|move: Sticky Web\n|-unboost|p2a: Clodsire|spe|1\n|move|p1a: Ribombee|Stun Spore|p2a: Clodsire|[miss]\n|-miss|p1a: Ribombee|p2a: Clodsire\n|\n|upkeep\n|turn|3\n|\n|t:|1700752564\n|move|p1a: Ribombee|Stun Spore|p2a: Clodsire\n|-status|p2a: Clodsire|par\n|move|p2a: Clodsire|Stealth Rock|p1a: Ribombee\n|-sidestart|p1: EQ&CRIT|move: Stealth Rock\n|\n|upkeep\n|turn|4\n|\n|t:|1700752583\n|move|p1a: Ribombee|Moonblast|p2a: Clodsire\n|-resisted|p2a: Clodsire\n|-damage|p2a: Clodsire|89\/100 par\n|move|p2a: Clodsire|Toxic|p1a: Ribombee\n|-status|p1a: Ribombee|tox\n|\n|-heal|p2a: Clodsire|96\/100 par|[from] item: Leftovers\n|-damage|p1a: Ribombee|0 fnt|[from] psn\n|faint|p1a: Ribombee\n|upkeep\n|\n|t:|1700752592\n|switch|p1a: Ting-Lu|Ting-Lu|100\/100\n|-damage|p1a: Ting-Lu|94\/100|[from] Stealth Rock\n|-ability|p1a: Ting-Lu|Vessel of Ruin\n|turn|5\n|\n|t:|1700752622\n|switch|p1a: Slowking|Slowking-Galar, M|100\/100\n|-damage|p1a: Slowking|88\/100|[from] Stealth Rock\n|cant|p2a: Clodsire|par\n|\n|-heal|p1a: Slowking|94\/100|[from] item: Leftovers\n|-heal|p2a: Clodsire|100\/100 par|[from] item: Leftovers\n|upkeep\n|turn|6\n|\n|t:|1700752627\n|move|p1a: Slowking|Future Sight|p2a: Clodsire\n|-start|p1a: Slowking|move: Future Sight\n|move|p2a: Clodsire|Earthquake|p1a: Slowking\n|-supereffective|p1a: Slowking\n|-damage|p1a: Slowking|41\/100\n|\n|-heal|p1a: Slowking|47\/100|[from] item: Leftovers\n|upkeep\n|turn|7\n|\n|t:|1700752636\n|switch|p2a: Kingambit|Kingambit, M|100\/100\n|-activate|p2a: Kingambit|move: Sticky Web\n|-unboost|p2a: Kingambit|spe|1\n|move|p1a: Slowking|Chilly Reception|p1a: Slowking\n|-weather|Snow\n|\n|t:|1700752644\n|switch|p1a: Falinks|Falinks|100\/100|[from] Chilly Reception\n|-damage|p1a: Falinks|95\/100|[from] Stealth Rock\n|\n|-weather|Snow|[upkeep]\n|upkeep\n|turn|8\n|\n|t:|1700752650\n|-end|p2a: Kingambit|fallenundefined|[silent]\n|switch|p2a: Pelipper|Pelipper, F|100\/100\n|-weather|RainDance|[from] ability: Drizzle|[of] p2a: Pelipper\n|move|p1a: Falinks|No Retreat|p1a: Falinks\n|-boost|p1a: Falinks|atk|1\n|-boost|p1a: Falinks|def|1\n|-boost|p1a: Falinks|spa|1\n|-boost|p1a: Falinks|spd|1\n|-boost|p1a: Falinks|spe|1\n|-start|p1a: Falinks|move: No Retreat\n|\n|-weather|RainDance|[upkeep]\n|-end|p2a: Pelipper|move: Future Sight\n|-damage|p2a: Pelipper|30\/100\n|upkeep\n|turn|9\n|inactive|EQ&CRIT has 120 seconds left.\n|\n|t:|1700752692\n|move|p1a: Falinks|Iron Head|p2a: Pelipper\n|-resisted|p2a: Pelipper\n|-damage|p2a: Pelipper|18\/100\n|move|p2a: Pelipper|Hurricane|p1a: Falinks\n|-supereffective|p1a: Falinks\n|-damage|p1a: Falinks|0 fnt\n|faint|p1a: Falinks\n|\n|-weather|RainDance|[upkeep]\n|upkeep\n|\n|t:|1700752707\n|switch|p1a: Garchomp|Garchomp, F|100\/100\n|-damage|p1a: Garchomp|94\/100|[from] Stealth Rock\n|turn|10\n|\n|t:|1700752732\n|switch|p2a: Zapdos|Zapdos|100\/100\n|move|p1a: Garchomp|Swords Dance|p1a: Garchomp\n|-boost|p1a: Garchomp|atk|2\n|\n|-weather|RainDance|[upkeep]\n|upkeep\n|turn|11\n|\n|t:|1700752740\n|-terastallize|p2a: Zapdos|Steel\n|move|p1a: Garchomp|Scale Shot|p2a: Zapdos\n|-resisted|p2a: Zapdos\n|-damage|p2a: Zapdos|88\/100\n|-resisted|p2a: Zapdos\n|-damage|p2a: Zapdos|74\/100\n|-resisted|p2a: Zapdos\n|-damage|p2a: Zapdos|60\/100\n|-resisted|p2a: Zapdos\n|-damage|p2a: Zapdos|47\/100\n|-resisted|p2a: Zapdos\n|-damage|p2a: Zapdos|33\/100\n|-hitcount|p2a: Zapdos|5\n|-unboost|p1a: Garchomp|def|1\n|-boost|p1a: Garchomp|spe|1\n|move|p2a: Zapdos|Hurricane|p1a: Garchomp\n|-damage|p1a: Garchomp|25\/100\n|\n|-weather|RainDance|[upkeep]\n|upkeep\n|turn|12\n|\n|t:|1700752749\n|move|p1a: Garchomp|Earthquake|p2a: Zapdos\n|-supereffective|p2a: Zapdos\n|-damage|p2a: Zapdos|0 fnt\n|faint|p2a: Zapdos\n|\n|-weather|RainDance|[upkeep]\n|upkeep\n|\n|t:|1700752755\n|switch|p2a: Kingambit|Kingambit, M|100\/100\n|-activate|p2a: Kingambit|move: Sticky Web\n|-unboost|p2a: Kingambit|spe|1\n|-activate|p2a: Kingambit|ability: Supreme Overlord\n|-start|p2a: Kingambit|fallen1|[silent]\n|turn|13\n|\n|t:|1700752761\n|switch|p1a: Ting-Lu|Ting-Lu|94\/100\n|-damage|p1a: Ting-Lu|88\/100|[from] Stealth Rock\n|-ability|p1a: Ting-Lu|Vessel of Ruin\n|move|p2a: Kingambit|Kowtow Cleave|p1a: Ting-Lu\n|-resisted|p1a: Ting-Lu\n|-damage|p1a: Ting-Lu|77\/100\n|\n|-weather|RainDance|[upkeep]\n|-heal|p1a: Ting-Lu|83\/100|[from] item: Leftovers\n|upkeep\n|turn|14\n|\n|t:|1700752774\n|-end|p2a: Kingambit|fallen1|[silent]\n|switch|p2a: Pelipper|Pelipper, F|18\/100\n|move|p1a: Ting-Lu|Stealth Rock|p2a: Pelipper\n|-sidestart|p2: Heavenrhey|move: Stealth Rock\n|\n|-weather|RainDance|[upkeep]\n|-heal|p1a: Ting-Lu|89\/100|[from] item: Leftovers\n|upkeep\n|turn|15\n|\n|t:|1700752780\n|move|p2a: Pelipper|Roost|p2a: Pelipper\n|-heal|p2a: Pelipper|68\/100\n|-singleturn|p2a: Pelipper|move: Roost\n|move|p1a: Ting-Lu|Whirlwind|p2a: Pelipper\n|drag|p2a: Slowking|Slowking-Galar, F|100\/100\n|\n|-weather|none\n|-heal|p1a: Ting-Lu|96\/100|[from] item: Leftovers\n|upkeep\n|turn|16\n|\n|t:|1700752790\n|move|p1a: Ting-Lu|Earthquake|p2a: Slowking\n|-supereffective|p2a: Slowking\n|-damage|p2a: Slowking|47\/100\n|move|p2a: Slowking|Chilly Reception|p2a: Slowking\n|-weather|Snow\n|\n|t:|1700752796\n|switch|p2a: Quaquaval|Quaquaval, M|100\/100|[from] Chilly Reception\n|-activate|p2a: Quaquaval|move: Sticky Web\n|-unboost|p2a: Quaquaval|spe|1\n|-damage|p2a: Quaquaval|94\/100|[from] Stealth Rock\n|\n|-weather|Snow|[upkeep]\n|-heal|p1a: Ting-Lu|100\/100|[from] item: Leftovers\n|upkeep\n|turn|17\n|\n|t:|1700752802\n|move|p2a: Quaquaval|Aqua Step|p1a: Ting-Lu\n|-supereffective|p1a: Ting-Lu\n|-damage|p1a: Ting-Lu|69\/100\n|-boost|p2a: Quaquaval|spe|1\n|move|p1a: Ting-Lu|Ruination|p2a: Quaquaval\n|-damage|p2a: Quaquaval|47\/100\n|\n|-weather|Snow|[upkeep]\n|-heal|p1a: Ting-Lu|75\/100|[from] item: Leftovers\n|upkeep\n|turn|18\n|\n|t:|1700752811\n|move|p2a: Quaquaval|Swords Dance|p2a: Quaquaval\n|-boost|p2a: Quaquaval|atk|2\n|move|p1a: Ting-Lu|Earthquake|p2a: Quaquaval\n|-damage|p2a: Quaquaval|0 fnt\n|faint|p2a: Quaquaval\n|\n|-weather|Snow|[upkeep]\n|-heal|p1a: Ting-Lu|81\/100|[from] item: Leftovers\n|upkeep\n|\n|t:|1700752819\n|switch|p2a: Pelipper|Pelipper, F|68\/100\n|-damage|p2a: Pelipper|43\/100|[from] Stealth Rock\n|-weather|RainDance|[from] ability: Drizzle|[of] p2a: Pelipper\n|turn|19\n|\n|t:|1700752829\n|move|p2a: Pelipper|Surf|p1a: Ting-Lu\n|-supereffective|p1a: Ting-Lu\n|-damage|p1a: Ting-Lu|24\/100\n|move|p1a: Ting-Lu|Whirlwind|p2a: Pelipper\n|drag|p2a: Clodsire|Clodsire, M|100\/100 par\n|-activate|p2a: Clodsire|move: Sticky Web\n|-unboost|p2a: Clodsire|spe|1\n|-damage|p2a: Clodsire|94\/100 par|[from] Stealth Rock\n|\n|-weather|RainDance|[upkeep]\n|-heal|p1a: Ting-Lu|30\/100|[from] item: Leftovers\n|-heal|p2a: Clodsire|100\/100 par|[from] item: Leftovers\n|upkeep\n|turn|20\n|\n|t:|1700752836\n|move|p1a: Ting-Lu|Ruination|p2a: Clodsire\n|-damage|p2a: Clodsire|51\/100 par\n|cant|p2a: Clodsire|par\n|\n|-weather|RainDance|[upkeep]\n|-heal|p1a: Ting-Lu|37\/100|[from] item: Leftovers\n|-heal|p2a: Clodsire|57\/100 par|[from] item: Leftovers\n|upkeep\n|turn|21\n|\n|t:|1700752842\n|move|p1a: Ting-Lu|Earthquake|p2a: Clodsire\n|-supereffective|p2a: Clodsire\n|-damage|p2a: Clodsire|0 fnt\n|faint|p2a: Clodsire\n|\n|-weather|RainDance|[upkeep]\n|-heal|p1a: Ting-Lu|43\/100|[from] item: Leftovers\n|upkeep\n|\n|t:|1700752846\n|switch|p2a: Pelipper|Pelipper, F|43\/100\n|-damage|p2a: Pelipper|18\/100|[from] Stealth Rock\n|turn|22\n|\n|t:|1700752852\n|move|p2a: Pelipper|Roost|p2a: Pelipper\n|-heal|p2a: Pelipper|68\/100\n|-singleturn|p2a: Pelipper|move: Roost\n|move|p1a: Ting-Lu|Whirlwind|p2a: Pelipper\n|drag|p2a: Slowking|Slowking-Galar, F|80\/100\n|\n|-weather|RainDance|[upkeep]\n|-heal|p1a: Ting-Lu|49\/100|[from] item: Leftovers\n|upkeep\n|turn|23\n|\n|t:|1700752859\n|move|p1a: Ting-Lu|Earthquake|p2a: Slowking\n|-supereffective|p2a: Slowking\n|-damage|p2a: Slowking|27\/100\n|move|p2a: Slowking|Sludge Bomb|p1a: Ting-Lu\n|-resisted|p1a: Ting-Lu\n|-damage|p1a: Ting-Lu|38\/100\n|\n|-weather|RainDance|[upkeep]\n|-heal|p1a: Ting-Lu|45\/100|[from] item: Leftovers\n|upkeep\n|turn|24\n|\n|t:|1700752865\n|switch|p2a: Pelipper|Pelipper, F|68\/100\n|-damage|p2a: Pelipper|44\/100|[from] Stealth Rock\n|move|p1a: Ting-Lu|Earthquake|p2a: Pelipper\n|-immune|p2a: Pelipper\n|\n|-weather|RainDance|[upkeep]\n|-heal|p1a: Ting-Lu|51\/100|[from] item: Leftovers\n|upkeep\n|turn|25\n|\n|t:|1700752871\n|move|p2a: Pelipper|Surf|p1a: Ting-Lu\n|-supereffective|p1a: Ting-Lu\n|-damage|p1a: Ting-Lu|0 fnt\n|faint|p1a: Ting-Lu\n|\n|-weather|RainDance|[upkeep]\n|upkeep\n|c|\u2606Heavenrhey|fuck taht pokemon\n|\n|t:|1700752884\n|switch|p1a: Basculegion|Basculegion-F, F|100\/100\n|-damage|p1a: Basculegion|88\/100|[from] Stealth Rock\n|turn|26\n|\n|t:|1700752891\n|switch|p2a: Slowking|Slowking-Galar, F|60\/100\n|move|p1a: Basculegion|Hydro Pump|p2a: Slowking\n|-damage|p2a: Slowking|0 fnt\n|faint|p2a: Slowking\n|\n|-weather|none\n|upkeep\n|\n|t:|1700752897\n|switch|p2a: Kingambit|Kingambit, M|100\/100\n|-activate|p2a: Kingambit|move: Sticky Web\n|-unboost|p2a: Kingambit|spe|1\n|-damage|p2a: Kingambit|94\/100|[from] Stealth Rock\n|-activate|p2a: Kingambit|ability: Supreme Overlord\n|-start|p2a: Kingambit|fallen4|[silent]\n|turn|27\n|\n|t:|1700752906\n|-terastallize|p1a: Basculegion|Water\n|move|p1a: Basculegion|Hydro Pump|p2a: Kingambit|[miss]\n|-miss|p1a: Basculegion|p2a: Kingambit\n|move|p2a: Kingambit|Kowtow Cleave|p1a: Basculegion\n|-damage|p1a: Basculegion|6\/100\n|\n|-heal|p2a: Kingambit|100\/100|[from] item: Leftovers\n|upkeep\n|turn|28\n|\n|t:|1700752916\n|move|p2a: Kingambit|Sucker Punch|p1a: Basculegion\n|-damage|p1a: Basculegion|0 fnt\n|faint|p1a: Basculegion\n|\n|upkeep\n|\n|t:|1700752919\n|switch|p1a: Slowking|Slowking-Galar, M|80\/100\n|-damage|p1a: Slowking|68\/100|[from] Stealth Rock\n|turn|29\n|\n|t:|1700752923\n|move|p1a: Slowking|Thunder Wave|p2a: Kingambit\n|-status|p2a: Kingambit|par\n|move|p2a: Kingambit|Kowtow Cleave|p1a: Slowking\n|-supereffective|p1a: Slowking\n|-damage|p1a: Slowking|0 fnt\n|faint|p1a: Slowking\n|\n|upkeep\n|\n|t:|1700752926\n|switch|p1a: Garchomp|Garchomp, F|25\/100\n|-damage|p1a: Garchomp|18\/100|[from] Stealth Rock\n|turn|30\n|\n|t:|1700752930\n|cant|p2a: Kingambit|par\n|move|p1a: Garchomp|Swords Dance|p1a: Garchomp\n|-boost|p1a: Garchomp|atk|2\n|\n|upkeep\n|turn|31\n|\n|t:|1700752933\n|cant|p2a: Kingambit|par\n|move|p1a: Garchomp|Earthquake|p2a: Kingambit\n|-supereffective|p2a: Kingambit\n|-damage|p2a: Kingambit|0 fnt\n|faint|p2a: Kingambit\n|-end|p2a: Kingambit|fallen4|[silent]\n|\n|upkeep\n|\n|t:|1700752935\n|switch|p2a: Pelipper|Pelipper, F|44\/100\n|-damage|p2a: Pelipper|19\/100|[from] Stealth Rock\n|-weather|RainDance|[from] ability: Drizzle|[of] p2a: Pelipper\n|turn|32\n|c|\u2606Heavenrhey|really\n|c|\u2606Heavenrhey|what the fuck\n|\n|t:|1700752947\n|move|p1a: Garchomp|Scale Shot|p2a: Pelipper\n|-damage|p2a: Pelipper|1\/100\n|-damage|p2a: Pelipper|0 fnt\n|faint|p2a: Pelipper\n|-hitcount|p2: Pelipper|2\n|\n|win|EQ&CRIT\n|raw|EQ&amp;CRIT's rating: 1183 &rarr; <strong>1202<\/strong><br \/>(+19 for winning)\n|raw|Heavenrhey's rating: 1103 &rarr; <strong>1084<\/strong><br \/>(-19 for losing)\n|l|\u2606Heavenrhey\n","uploadtime":1700752997,"views":2,"p1id":"eqcrit","p2id":"heavenrhey","formatid":"gen9ou","rating":1084,"private":0,"password":""}