{"id":"gen9ou-1996534183","p1":"Geekco","p2":"randomheadcannon","format":"[Gen 9] OU","log":"|j|\u2606Geekco\n|j|\u203drandomheadcannon\n|t:|1700691535\n|gametype|singles\n|player|p1|Geekco|calem-masters|1203\n|player|p2|randomheadcannon|101|1238\n|teamsize|p1|6\n|teamsize|p2|6\n|gen|9\n|tier|[Gen 9] OU\n|rated|\n|rule|Sleep Clause Mod: Limit one foe put to sleep\n|rule|Species Clause: Limit one of each Pok\u00e9mon\n|rule|OHKO Clause: OHKO moves are banned\n|rule|Evasion Items Clause: Evasion items are banned\n|rule|Evasion Moves Clause: Evasion moves are banned\n|rule|Endless Battle Clause: Forcing endless battles is banned\n|rule|HP Percentage Mod: HP is shown in percentages\n|clearpoke\n|poke|p1|Ceruledge, F|\n|poke|p1|Cinderace, F|\n|poke|p1|Blissey, F|\n|poke|p1|Slowking-Galar, F|\n|poke|p1|Kingambit, M|\n|poke|p1|Corviknight, F|\n|poke|p2|Iron Jugulis|\n|poke|p2|Alomomola, F|\n|poke|p2|Tinkaton, F|\n|poke|p2|Great Tusk|\n|poke|p2|Kingambit, F|\n|poke|p2|Thundurus-Therian, M|\n|teampreview\n|inactive|Battle timer is ON: inactive players will automatically lose when time's up. (requested by Geekco)\n|\n|t:|1700691548\n|start\n|switch|p1a: Cinderace|Cinderace, F|100\/100\n|switch|p2a: Tinkaton|Tinkaton, F|100\/100\n|-item|p2a: Tinkaton|Air Balloon\n|turn|1\n|\n|t:|1700691558\n|switch|p2a: Alomomola|Alomomola, F|100\/100\n|move|p1a: Cinderace|Will-O-Wisp|p2a: Alomomola\n|-status|p2a: Alomomola|brn\n|\n|-damage|p2a: Alomomola|94\/100 brn|[from] brn\n|upkeep\n|turn|2\n|\n|t:|1700691566\n|move|p1a: Cinderace|U-turn|p2a: Alomomola\n|-start|p1a: Cinderace|typechange|Bug|[from] ability: Libero\n|-damage|p2a: Alomomola|77\/100 brn\n|-enditem|p2a: Alomomola|Red Card|[of] p1a: Cinderace\n|drag|p1a: Kingambit|Kingambit, M|100\/100\n|move|p2a: Alomomola|Scald|p1a: Kingambit\n|-damage|p1a: Kingambit|86\/100\n|-status|p1a: Kingambit|brn\n|\n|-heal|p1a: Kingambit|92\/100 brn|[from] item: Leftovers\n|-damage|p1a: Kingambit|86\/100 brn|[from] brn\n|-damage|p2a: Alomomola|70\/100 brn|[from] brn\n|upkeep\n|turn|3\n|c|\u2606Geekco|nice\n|\n|t:|1700691586\n|move|p1a: Kingambit|Kowtow Cleave|p2a: Alomomola\n|-damage|p2a: Alomomola|55\/100 brn\n|move|p2a: Alomomola|Wish|p2a: Alomomola\n|\n|-heal|p1a: Kingambit|92\/100 brn|[from] item: Leftovers\n|-damage|p1a: Kingambit|86\/100 brn|[from] brn\n|-damage|p2a: Alomomola|48\/100 brn|[from] brn\n|upkeep\n|turn|4\n|\n|t:|1700691594\n|move|p1a: Kingambit|Swords Dance|p1a: Kingambit\n|-boost|p1a: Kingambit|atk|2\n|move|p2a: Alomomola|Flip Turn|p1a: Kingambit\n|-damage|p1a: Kingambit|80\/100 brn\n|\n|t:|1700691597\n|switch|p2a: Great Tusk|Great Tusk|100\/100|[from] Flip Turn\n|-enditem|p2a: Great Tusk|Booster Energy\n|-activate|p2a: Great Tusk|ability: Protosynthesis|[fromitem]\n|-start|p2a: Great Tusk|protosynthesisatk\n|\n|-heal|p1a: Kingambit|86\/100 brn|[from] item: Leftovers\n|-damage|p1a: Kingambit|80\/100 brn|[from] brn\n|upkeep\n|turn|5\n|\n|t:|1700691610\n|-end|p1a: Kingambit|fallenundefined|[silent]\n|switch|p1a: Corviknight|Corviknight, F|100\/100\n|-ability|p1a: Corviknight|Pressure\n|move|p2a: Great Tusk|Ice Spinner|p1a: Corviknight\n|-damage|p1a: Corviknight|76\/100\n|-damage|p2a: Great Tusk|84\/100|[from] item: Rocky Helmet|[of] p1a: Corviknight\n|\n|upkeep\n|turn|6\n|\n|t:|1700691622\n|-end|p2a: Great Tusk|Protosynthesis|[silent]\n|switch|p2a: Tinkaton|Tinkaton, F|100\/100\n|-item|p2a: Tinkaton|Air Balloon\n|move|p1a: Corviknight|U-turn|p2a: Tinkaton\n|-resisted|p2a: Tinkaton\n|-damage|p2a: Tinkaton|96\/100\n|-enditem|p2a: Tinkaton|Air Balloon\n|-enditem|p1a: Corviknight|Rocky Helmet|[silent]|[from] ability: Pickpocket|[of] p1a: Corviknight\n|-item|p2a: Tinkaton|Rocky Helmet|[from] ability: Pickpocket|[of] p1a: Corviknight\n|\n|t:|1700691637\n|switch|p1a: Cinderace|Cinderace, F|100\/100|[from] U-turn\n|\n|upkeep\n|turn|7\n|\n|t:|1700691642\n|switch|p2a: Alomomola|Alomomola, F|82\/100 brn\n|move|p1a: Cinderace|Will-O-Wisp|p2a: Alomomola\n|-fail|p2a: Alomomola|brn\n|\n|-damage|p2a: Alomomola|76\/100 brn|[from] brn\n|upkeep\n|turn|8\n|\n|t:|1700691658\n|move|p1a: Cinderace|U-turn|p2a: Alomomola\n|-start|p1a: Cinderace|typechange|Bug|[from] ability: Libero\n|-damage|p2a: Alomomola|58\/100 brn\n|\n|t:|1700691665\n|switch|p1a: Slowking|Slowking-Galar, F|100\/100|[from] U-turn\n|move|p2a: Alomomola|Flip Turn|p1a: Slowking\n|-damage|p1a: Slowking|95\/100\n|\n|t:|1700691672\n|switch|p2a: Thundurus|Thundurus-Therian, M|100\/100|[from] Flip Turn\n|\n|upkeep\n|turn|9\n|\n|t:|1700691678\n|switch|p1a: Blissey|Blissey, F|100\/100\n|move|p2a: Thundurus|Knock Off|p1a: Blissey\n|-damage|p1a: Blissey|83\/100\n|-enditem|p1a: Blissey|Heavy-Duty Boots|[from] move: Knock Off|[of] p2a: Thundurus\n|\n|upkeep\n|turn|10\n|\n|t:|1700691706\n|switch|p2a: Alomomola|Alomomola, F|91\/100 brn\n|move|p1a: Blissey|Seismic Toss|p2a: Alomomola\n|-damage|p2a: Alomomola|70\/100 brn\n|\n|-damage|p2a: Alomomola|64\/100 brn|[from] brn\n|upkeep\n|turn|11\n|\n|t:|1700691714\n|move|p1a: Blissey|Stealth Rock|p2a: Alomomola\n|-sidestart|p2: randomheadcannon|move: Stealth Rock\n|move|p2a: Alomomola|Flip Turn|p1a: Blissey\n|-damage|p1a: Blissey|76\/100\n|\n|t:|1700691725\n|switch|p2a: Tinkaton|Tinkaton, F|96\/100|[from] Flip Turn\n|-damage|p2a: Tinkaton|90\/100|[from] Stealth Rock\n|\n|upkeep\n|turn|12\n|\n|t:|1700691731\n|move|p2a: Tinkaton|Encore|p1a: Blissey\n|-start|p1a: Blissey|Encore\n|move|p1a: Blissey|Stealth Rock||[still]\n|-fail|p1a: Blissey\n|\n|upkeep\n|turn|13\n|\n|t:|1700691740\n|switch|p1a: Cinderace|Cinderace, F|100\/100\n|move|p2a: Tinkaton|Thunder Wave|p1a: Cinderace|[miss]\n|-miss|p2a: Tinkaton|p1a: Cinderace\n|\n|upkeep\n|turn|14\n|\n|t:|1700691748\n|switch|p2a: Alomomola|Alomomola, F|97\/100 brn\n|-damage|p2a: Alomomola|85\/100 brn|[from] Stealth Rock\n|move|p1a: Cinderace|U-turn|p2a: Alomomola\n|-start|p1a: Cinderace|typechange|Bug|[from] ability: Libero\n|-damage|p2a: Alomomola|68\/100 brn\n|\n|t:|1700691762\n|switch|p1a: Slowking|Slowking-Galar, F|100\/100|[from] U-turn\n|\n|-damage|p2a: Alomomola|62\/100 brn|[from] brn\n|upkeep\n|turn|15\n|\n|t:|1700691771\n|move|p2a: Alomomola|Flip Turn|p1a: Slowking\n|-damage|p1a: Slowking|95\/100\n|\n|t:|1700691786\n|switch|p2a: Tinkaton|Tinkaton, F|90\/100|[from] Flip Turn\n|-damage|p2a: Tinkaton|84\/100|[from] Stealth Rock\n|move|p1a: Slowking|Future Sight|p2a: Tinkaton\n|-start|p1a: Slowking|move: Future Sight\n|\n|upkeep\n|turn|16\n|\n|t:|1700691795\n|move|p2a: Tinkaton|Stealth Rock|p1a: Slowking\n|-sidestart|p1: Geekco|move: Stealth Rock\n|move|p1a: Slowking|Chilly Reception|p1a: Slowking\n|-weather|Snow\n|\n|t:|1700691800\n|switch|p1a: Corviknight|Corviknight, F|76\/100|[from] Chilly Reception\n|-damage|p1a: Corviknight|63\/100|[from] Stealth Rock\n|-ability|p1a: Corviknight|Pressure\n|\n|-weather|Snow|[upkeep]\n|upkeep\n|turn|17\n|\n|t:|1700691810\n|move|p2a: Tinkaton|Thunder Wave|p1a: Corviknight\n|-status|p1a: Corviknight|par\n|move|p1a: Corviknight|Defog|p2a: Tinkaton\n|-unboost|p2a: Tinkaton|evasion|1\n|-sideend|p2: randomheadcannon|Stealth Rock|[from] move: Defog|[of] p1a: Corviknight\n|-sideend|p1: Geekco|Stealth Rock|[from] move: Defog|[of] p1a: Corviknight\n|\n|-weather|Snow|[upkeep]\n|-end|p2a: Tinkaton|move: Future Sight\n|-resisted|p2a: Tinkaton\n|-damage|p2a: Tinkaton|63\/100\n|upkeep\n|turn|18\n|\n|t:|1700691819\n|switch|p2a: Alomomola|Alomomola, F|96\/100 brn\n|move|p1a: Corviknight|U-turn|p2a: Alomomola\n|-damage|p2a: Alomomola|87\/100 brn\n|\n|t:|1700691823\n|switch|p1a: Blissey|Blissey, F|76\/100|[from] U-turn\n|\n|-weather|Snow|[upkeep]\n|-damage|p2a: Alomomola|81\/100 brn|[from] brn\n|upkeep\n|turn|19\n|\n|t:|1700691829\n|move|p1a: Blissey|Stealth Rock|p2a: Alomomola\n|-sidestart|p2: randomheadcannon|move: Stealth Rock\n|move|p2a: Alomomola|Wish|p2a: Alomomola\n|\n|-weather|Snow|[upkeep]\n|-damage|p2a: Alomomola|75\/100 brn|[from] brn\n|upkeep\n|turn|20\n|\n|t:|1700691842\n|switch|p2a: Tinkaton|Tinkaton, F|63\/100\n|-damage|p2a: Tinkaton|57\/100|[from] Stealth Rock\n|move|p1a: Blissey|Seismic Toss|p2a: Tinkaton\n|-damage|p2a: Tinkaton|30\/100\n|-damage|p1a: Blissey|59\/100|[from] item: Rocky Helmet|[of] p2a: Tinkaton\n|\n|-weather|none\n|-heal|p2a: Tinkaton|93\/100|[from] move: Wish|[wisher] Alomomola\n|upkeep\n|turn|21\n|\n|t:|1700691858\n|switch|p1a: Kingambit|Kingambit, M|80\/100 brn\n|move|p2a: Tinkaton|Stealth Rock|p1a: Kingambit\n|-sidestart|p1: Geekco|move: Stealth Rock\n|\n|-heal|p1a: Kingambit|86\/100 brn|[from] item: Leftovers\n|-damage|p1a: Kingambit|80\/100 brn|[from] brn\n|upkeep\n|turn|22\n|\n|t:|1700691868\n|move|p2a: Tinkaton|Play Rough|p1a: Kingambit\n|-damage|p1a: Kingambit|61\/100 brn\n|move|p1a: Kingambit|Swords Dance|p1a: Kingambit\n|-boost|p1a: Kingambit|atk|2\n|\n|-heal|p1a: Kingambit|67\/100 brn|[from] item: Leftovers\n|-damage|p1a: Kingambit|61\/100 brn|[from] brn\n|upkeep\n|turn|23\n|\n|t:|1700691876\n|move|p2a: Tinkaton|Encore|p1a: Kingambit\n|-start|p1a: Kingambit|Encore\n|move|p1a: Kingambit|Swords Dance|p1a: Kingambit\n|-boost|p1a: Kingambit|atk|2\n|\n|-heal|p1a: Kingambit|67\/100 brn|[from] item: Leftovers\n|-damage|p1a: Kingambit|61\/100 brn|[from] brn\n|upkeep\n|turn|24\n|\n|t:|1700691887\n|-end|p1a: Kingambit|fallenundefined|[silent]\n|switch|p1a: Slowking|Slowking-Galar, F|100\/100\n|move|p2a: Tinkaton|Play Rough|p1a: Slowking\n|-resisted|p1a: Slowking\n|-damage|p1a: Slowking|91\/100\n|\n|upkeep\n|turn|25\n|inactive|randomheadcannon has 120 seconds left.\n|\n|t:|1700691932\n|switch|p2a: Thundurus|Thundurus-Therian, M|100\/100\n|-damage|p2a: Thundurus|76\/100|[from] Stealth Rock\n|move|p1a: Slowking|Future Sight|p2a: Thundurus\n|-start|p1a: Slowking|move: Future Sight\n|\n|upkeep\n|turn|26\n|\n|t:|1700691940\n|move|p2a: Thundurus|Volt Switch|p1a: Slowking\n|-damage|p1a: Slowking|45\/100\n|\n|t:|1700691948\n|switch|p2a: Tinkaton|Tinkaton, F|93\/100|[from] Volt Switch\n|-damage|p2a: Tinkaton|87\/100|[from] Stealth Rock\n|move|p1a: Slowking|Sludge Bomb|p2a: Tinkaton\n|-immune|p2a: Tinkaton\n|\n|upkeep\n|turn|27\n|\n|t:|1700691959\n|switch|p1a: Corviknight|Corviknight, F|63\/100 par\n|-damage|p1a: Corviknight|51\/100 par|[from] Stealth Rock\n|-ability|p1a: Corviknight|Pressure\n|move|p2a: Tinkaton|Thunder Wave|p1a: Corviknight\n|-fail|p1a: Corviknight|par\n|\n|-end|p2a: Tinkaton|move: Future Sight\n|-resisted|p2a: Tinkaton\n|-damage|p2a: Tinkaton|68\/100\n|upkeep\n|turn|28\n|\n|t:|1700691970\n|switch|p2a: Alomomola|Alomomola, F|100\/100 brn\n|-damage|p2a: Alomomola|88\/100 brn|[from] Stealth Rock\n|cant|p1a: Corviknight|par\n|\n|-damage|p2a: Alomomola|82\/100 brn|[from] brn\n|upkeep\n|turn|29\n|\n|t:|1700691978\n|move|p2a: Alomomola|Wish|p2a: Alomomola\n|move|p1a: Corviknight|Roost|p1a: Corviknight\n|-heal|p1a: Corviknight|100\/100 par\n|-singleturn|p1a: Corviknight|move: Roost\n|\n|-damage|p2a: Alomomola|76\/100 brn|[from] brn\n|upkeep\n|turn|30\n|inactive|randomheadcannon has 120 seconds left.\n|\n|t:|1700692000\n|move|p2a: Alomomola|Flip Turn|p1a: Corviknight\n|-damage|p1a: Corviknight|96\/100 par\n|\n|t:|1700692008\n|switch|p2a: Thundurus|Thundurus-Therian, M|76\/100|[from] Flip Turn\n|-damage|p2a: Thundurus|51\/100|[from] Stealth Rock\n|cant|p1a: Corviknight|par\n|\n|-heal|p2a: Thundurus|100\/100|[from] move: Wish|[wisher] Alomomola\n|upkeep\n|turn|31\n|\n|t:|1700692017\n|switch|p1a: Blissey|Blissey, F|59\/100\n|-damage|p1a: Blissey|47\/100|[from] Stealth Rock\n|move|p2a: Thundurus|Volt Switch|p1a: Blissey\n|-damage|p1a: Blissey|25\/100\n|\n|t:|1700692025\n|switch|p2a: Great Tusk|Great Tusk|84\/100|[from] Volt Switch\n|-damage|p2a: Great Tusk|81\/100|[from] Stealth Rock\n|\n|upkeep\n|turn|32\n|inactive|randomheadcannon has 120 seconds left.\n|\n|t:|1700692033\n|switch|p1a: Corviknight|Corviknight, F|96\/100 par\n|-damage|p1a: Corviknight|83\/100 par|[from] Stealth Rock\n|-ability|p1a: Corviknight|Pressure\n|move|p2a: Great Tusk|Rapid Spin|p1a: Corviknight\n|-resisted|p1a: Corviknight\n|-damage|p1a: Corviknight|78\/100 par\n|-boost|p2a: Great Tusk|spe|1\n|-sideend|p2: randomheadcannon|Stealth Rock|[from] move: Rapid Spin|[of] p2a: Great Tusk\n|\n|upkeep\n|turn|33\n|inactive|randomheadcannon has 120 seconds left.\n|\n|t:|1700692049\n|-end|p2a: Great Tusk|Protosynthesis|[silent]\n|switch|p2a: Alomomola|Alomomola, F|100\/100 brn\n|cant|p1a: Corviknight|par\n|\n|-damage|p2a: Alomomola|94\/100 brn|[from] brn\n|upkeep\n|turn|34\n|inactive|randomheadcannon has 120 seconds left.\n|\n|t:|1700692056\n|move|p2a: Alomomola|Flip Turn|p1a: Corviknight\n|-damage|p1a: Corviknight|73\/100 par\n|\n|t:|1700692061\n|switch|p2a: Tinkaton|Tinkaton, F|68\/100|[from] Flip Turn\n|move|p1a: Corviknight|Defog|p2a: Tinkaton\n|-unboost|p2a: Tinkaton|evasion|1\n|-sideend|p1: Geekco|Stealth Rock|[from] move: Defog|[of] p1a: Corviknight\n|\n|upkeep\n|turn|35\n|inactive|randomheadcannon has 120 seconds left.\n|\n|t:|1700692076\n|move|p2a: Tinkaton|Stealth Rock|p1a: Corviknight\n|-sidestart|p1: Geekco|move: Stealth Rock\n|cant|p1a: Corviknight|par\n|\n|upkeep\n|turn|36\n|\n|t:|1700692085\n|switch|p2a: Thundurus|Thundurus-Therian, M|100\/100\n|switch|p1a: Cinderace|Cinderace, F|100\/100\n|\n|upkeep\n|turn|37\n|\n|t:|1700692094\n|switch|p2a: Alomomola|Alomomola, F|100\/100 brn\n|move|p1a: Cinderace|Court Change|p1a: Cinderace\n|-start|p1a: Cinderace|typechange|Normal|[from] ability: Libero\n|-swapsideconditions\n|-activate|p1a: Cinderace|move: Court Change\n|\n|-damage|p2a: Alomomola|94\/100 brn|[from] brn\n|upkeep\n|turn|38\n|\n|t:|1700692103\n|move|p1a: Cinderace|U-turn|p2a: Alomomola\n|-damage|p2a: Alomomola|82\/100 brn\n|\n|t:|1700692109\n|switch|p1a: Blissey|Blissey, F|25\/100|[from] U-turn\n|move|p2a: Alomomola|Scald|p1a: Blissey\n|-damage|p1a: Blissey|20\/100\n|\n|-damage|p2a: Alomomola|76\/100 brn|[from] brn\n|upkeep\n|turn|39\n|\n|t:|1700692117\n|move|p1a: Blissey|Soft-Boiled|p1a: Blissey\n|-heal|p1a: Blissey|70\/100\n|move|p2a: Alomomola|Flip Turn|p1a: Blissey\n|-damage|p1a: Blissey|63\/100\n|\n|t:|1700692120\n|switch|p2a: Tinkaton|Tinkaton, F|68\/100|[from] Flip Turn\n|-damage|p2a: Tinkaton|62\/100|[from] Stealth Rock\n|\n|upkeep\n|turn|40\n|\n|t:|1700692133\n|switch|p1a: Cinderace|Cinderace, F|100\/100\n|move|p2a: Tinkaton|Encore||[still]\n|-fail|p2a: Tinkaton\n|\n|upkeep\n|turn|41\n|\n|t:|1700692141\n|switch|p2a: Alomomola|Alomomola, F|100\/100 brn\n|-damage|p2a: Alomomola|88\/100 brn|[from] Stealth Rock\n|move|p1a: Cinderace|Pyro Ball|p2a: Alomomola\n|-resisted|p2a: Alomomola\n|-damage|p2a: Alomomola|74\/100 brn\n|\n|-damage|p2a: Alomomola|68\/100 brn|[from] brn\n|upkeep\n|turn|42\n|\n|t:|1700692149\n|move|p1a: Cinderace|U-turn|p2a: Alomomola\n|-start|p1a: Cinderace|typechange|Bug|[from] ability: Libero\n|-damage|p2a: Alomomola|50\/100 brn\n|\n|t:|1700692156\n|switch|p1a: Kingambit|Kingambit, M|61\/100 brn|[from] U-turn\n|move|p2a: Alomomola|Scald|p1a: Kingambit\n|-damage|p1a: Kingambit|46\/100 brn\n|\n|-heal|p1a: Kingambit|52\/100 brn|[from] item: Leftovers\n|-damage|p1a: Kingambit|46\/100 brn|[from] brn\n|-damage|p2a: Alomomola|44\/100 brn|[from] brn\n|upkeep\n|turn|43\n|\n|t:|1700692166\n|move|p1a: Kingambit|Kowtow Cleave|p2a: Alomomola\n|-damage|p2a: Alomomola|30\/100 brn\n|move|p2a: Alomomola|Flip Turn|p1a: Kingambit\n|-damage|p1a: Kingambit|40\/100 brn\n|\n|t:|1700692177\n|switch|p2a: Tinkaton|Tinkaton, F|62\/100|[from] Flip Turn\n|-damage|p2a: Tinkaton|56\/100|[from] Stealth Rock\n|\n|-heal|p1a: Kingambit|46\/100 brn|[from] item: Leftovers\n|-damage|p1a: Kingambit|40\/100 brn|[from] brn\n|upkeep\n|turn|44\n|\n|t:|1700692189\n|-end|p1a: Kingambit|fallenundefined|[silent]\n|switch|p1a: Corviknight|Corviknight, F|73\/100 par\n|-ability|p1a: Corviknight|Pressure\n|move|p2a: Tinkaton|Play Rough|p1a: Corviknight\n|-resisted|p1a: Corviknight\n|-damage|p1a: Corviknight|66\/100 par\n|\n|upkeep\n|turn|45\n|\n|t:|1700692199\n|move|p2a: Tinkaton|Stealth Rock|p1a: Corviknight\n|-sidestart|p1: Geekco|move: Stealth Rock\n|move|p1a: Corviknight|Brave Bird|p2a: Tinkaton\n|-resisted|p2a: Tinkaton\n|-damage|p2a: Tinkaton|36\/100\n|-damage|p1a: Corviknight|49\/100 par|[from] item: Rocky Helmet|[of] p2a: Tinkaton\n|-damage|p1a: Corviknight|43\/100 par|[from] Recoil\n|\n|upkeep\n|turn|46\n|\n|t:|1700692210\n|switch|p2a: Alomomola|Alomomola, F|63\/100 brn\n|-damage|p2a: Alomomola|51\/100 brn|[from] Stealth Rock\n|move|p1a: Corviknight|Defog|p2a: Alomomola\n|-unboost|p2a: Alomomola|evasion|1\n|-sideend|p2: randomheadcannon|Stealth Rock|[from] move: Defog|[of] p1a: Corviknight\n|-sideend|p1: Geekco|Stealth Rock|[from] move: Defog|[of] p1a: Corviknight\n|\n|-damage|p2a: Alomomola|44\/100 brn|[from] brn\n|upkeep\n|turn|47\n|\n|t:|1700692220\n|move|p2a: Alomomola|Flip Turn|p1a: Corviknight\n|-damage|p1a: Corviknight|38\/100 par\n|\n|t:|1700692233\n|switch|p2a: Thundurus|Thundurus-Therian, M|100\/100|[from] Flip Turn\n|move|p1a: Corviknight|Roost|p1a: Corviknight\n|-heal|p1a: Corviknight|88\/100 par\n|-singleturn|p1a: Corviknight|move: Roost\n|\n|upkeep\n|turn|48\n|\n|t:|1700692244\n|switch|p1a: Blissey|Blissey, F|63\/100\n|move|p2a: Thundurus|Volt Switch|p1a: Blissey\n|-damage|p1a: Blissey|41\/100\n|\n|t:|1700692248\n|switch|p2a: Great Tusk|Great Tusk|81\/100|[from] Volt Switch\n|\n|upkeep\n|turn|49\n|\n|t:|1700692256\n|switch|p1a: Corviknight|Corviknight, F|88\/100 par\n|-ability|p1a: Corviknight|Pressure\n|move|p2a: Great Tusk|Bulk Up|p2a: Great Tusk\n|-boost|p2a: Great Tusk|atk|1\n|-boost|p2a: Great Tusk|def|1\n|\n|upkeep\n|turn|50\n|\n|t:|1700692283\n|-end|p2a: Great Tusk|Protosynthesis|[silent]\n|switch|p2a: Alomomola|Alomomola, F|78\/100 brn\n|move|p1a: Corviknight|Brave Bird|p2a: Alomomola\n|-damage|p2a: Alomomola|57\/100 brn\n|-damage|p1a: Corviknight|80\/100 par|[from] Recoil\n|\n|-damage|p2a: Alomomola|50\/100 brn|[from] brn\n|upkeep\n|turn|51\n|\n|t:|1700692291\n|move|p2a: Alomomola|Wish|p2a: Alomomola\n|move|p1a: Corviknight|Brave Bird|p2a: Alomomola\n|-damage|p2a: Alomomola|30\/100 brn\n|-damage|p1a: Corviknight|72\/100 par|[from] Recoil\n|\n|-damage|p2a: Alomomola|24\/100 brn|[from] brn\n|upkeep\n|turn|52\n|\n|t:|1700692300\n|move|p2a: Alomomola|Flip Turn|p1a: Corviknight\n|-damage|p1a: Corviknight|67\/100 par\n|\n|t:|1700692303\n|switch|p2a: Tinkaton|Tinkaton, F|36\/100|[from] Flip Turn\n|move|p1a: Corviknight|Brave Bird|p2a: Tinkaton\n|-resisted|p2a: Tinkaton\n|-damage|p2a: Tinkaton|16\/100\n|-damage|p1a: Corviknight|51\/100 par|[from] item: Rocky Helmet|[of] p2a: Tinkaton\n|-damage|p1a: Corviknight|45\/100 par|[from] Recoil\n|\n|-heal|p2a: Tinkaton|79\/100|[from] move: Wish|[wisher] Alomomola\n|upkeep\n|turn|53\n|\n|t:|1700692313\n|move|p2a: Tinkaton|Encore|p1a: Corviknight\n|-start|p1a: Corviknight|Encore\n|move|p1a: Corviknight|Brave Bird|p2a: Tinkaton\n|-resisted|p2a: Tinkaton\n|-damage|p2a: Tinkaton|56\/100\n|-damage|p1a: Corviknight|28\/100 par|[from] item: Rocky Helmet|[of] p2a: Tinkaton\n|-damage|p1a: Corviknight|21\/100 par|[from] Recoil\n|\n|upkeep\n|turn|54\n|\n|t:|1700692323\n|switch|p1a: Slowking|Slowking-Galar, F|78\/100\n|move|p2a: Tinkaton|Thunder Wave|p1a: Slowking\n|-status|p1a: Slowking|par\n|\n|upkeep\n|turn|55\n|\n|t:|1700692329\n|move|p2a: Tinkaton|Stealth Rock|p1a: Slowking\n|-sidestart|p1: Geekco|move: Stealth Rock\n|move|p1a: Slowking|Future Sight|p2a: Tinkaton\n|-start|p1a: Slowking|move: Future Sight\n|\n|upkeep\n|turn|56\n|\n|t:|1700692357\n|switch|p2a: Kingambit|Kingambit, F|100\/100\n|move|p1a: Slowking|Surf|p2a: Kingambit\n|-damage|p2a: Kingambit|77\/100\n|\n|-heal|p2a: Kingambit|83\/100|[from] item: Leftovers\n|upkeep\n|turn|57\n|\n|t:|1700692364\n|switch|p1a: Cinderace|Cinderace, F|100\/100\n|move|p2a: Kingambit|Swords Dance|p2a: Kingambit\n|-boost|p2a: Kingambit|atk|2\n|\n|-end|p2a: Kingambit|move: Future Sight\n|-immune|p2a: Kingambit\n|-heal|p2a: Kingambit|89\/100|[from] item: Leftovers\n|upkeep\n|turn|58\n|\n|t:|1700692383\n|-end|p2a: Kingambit|fallenundefined|[silent]\n|switch|p2a: Alomomola|Alomomola, F|57\/100 brn\n|move|p1a: Cinderace|Will-O-Wisp|p2a: Alomomola|[miss]\n|-miss|p1a: Cinderace|p2a: Alomomola\n|\n|-damage|p2a: Alomomola|51\/100 brn|[from] brn\n|upkeep\n|turn|59\n|\n|t:|1700692397\n|move|p1a: Cinderace|Court Change|p1a: Cinderace\n|-start|p1a: Cinderace|typechange|Normal|[from] ability: Libero\n|-swapsideconditions\n|-activate|p1a: Cinderace|move: Court Change\n|move|p2a: Alomomola|Scald|p1a: Cinderace\n|-damage|p1a: Cinderace|85\/100\n|\n|-damage|p2a: Alomomola|45\/100 brn|[from] brn\n|upkeep\n|turn|60\n|\n|t:|1700692405\n|move|p1a: Cinderace|Pyro Ball|p2a: Alomomola\n|-resisted|p2a: Alomomola\n|-damage|p2a: Alomomola|35\/100 brn\n|move|p2a: Alomomola|Wish|p2a: Alomomola\n|\n|-damage|p2a: Alomomola|29\/100 brn|[from] brn\n|upkeep\n|turn|61\n|\n|t:|1700692411\n|move|p1a: Cinderace|Pyro Ball|p2a: Alomomola\n|-resisted|p2a: Alomomola\n|-damage|p2a: Alomomola|19\/100 brn\n|move|p2a: Alomomola|Scald|p1a: Cinderace\n|-damage|p1a: Cinderace|68\/100\n|\n|-heal|p2a: Alomomola|69\/100 brn|[from] move: Wish|[wisher] Alomomola\n|-damage|p2a: Alomomola|62\/100 brn|[from] brn\n|upkeep\n|turn|62\n|\n|t:|1700692421\n|move|p1a: Cinderace|U-turn|p2a: Alomomola\n|-damage|p2a: Alomomola|51\/100 brn\n|\n|t:|1700692425\n|switch|p1a: Blissey|Blissey, F|41\/100|[from] U-turn\n|move|p2a: Alomomola|Scald|p1a: Blissey\n|-damage|p1a: Blissey|36\/100\n|\n|-damage|p2a: Alomomola|45\/100 brn|[from] brn\n|upkeep\n|turn|63\n|\n|t:|1700692439\n|move|p1a: Blissey|Soft-Boiled|p1a: Blissey\n|-heal|p1a: Blissey|86\/100\n|move|p2a: Alomomola|Flip Turn|p1a: Blissey\n|-damage|p1a: Blissey|79\/100\n|\n|t:|1700692458\n|switch|p2a: Thundurus|Thundurus-Therian, M|100\/100|[from] Flip Turn\n|-damage|p2a: Thundurus|76\/100|[from] Stealth Rock\n|\n|upkeep\n|turn|64\n|inactive|randomheadcannon has 120 seconds left.\n|inactive|randomheadcannon has 90 seconds left.\n|\n|t:|1700692525\n|move|p2a: Thundurus|Volt Switch|p1a: Blissey\n|-damage|p1a: Blissey|57\/100\n|\n|t:|1700692531\n|switch|p2a: Alomomola|Alomomola, F|78\/100 brn|[from] Volt Switch\n|-damage|p2a: Alomomola|66\/100 brn|[from] Stealth Rock\n|move|p1a: Blissey|Seismic Toss|p2a: Alomomola\n|-damage|p2a: Alomomola|45\/100 brn\n|\n|-damage|p2a: Alomomola|39\/100 brn|[from] brn\n|upkeep\n|turn|65\n|\n|t:|1700692540\n|move|p1a: Blissey|Seismic Toss|p2a: Alomomola\n|-damage|p2a: Alomomola|17\/100 brn\n|move|p2a: Alomomola|Wish|p2a: Alomomola\n|\n|-damage|p2a: Alomomola|11\/100 brn|[from] brn\n|upkeep\n|turn|66\n|\n|t:|1700692546\n|switch|p2a: Great Tusk|Great Tusk|81\/100\n|-damage|p2a: Great Tusk|78\/100|[from] Stealth Rock\n|move|p1a: Blissey|Seismic Toss|p2a: Great Tusk\n|-damage|p2a: Great Tusk|55\/100\n|\n|-heal|p2a: Great Tusk|100\/100|[from] move: Wish|[wisher] Alomomola\n|upkeep\n|turn|67\n|inactive|randomheadcannon has 90 seconds left.\n|\n|t:|1700692557\n|switch|p1a: Corviknight|Corviknight, F|21\/100 par\n|-ability|p1a: Corviknight|Pressure\n|move|p2a: Great Tusk|Bulk Up|p2a: Great Tusk\n|-boost|p2a: Great Tusk|atk|1\n|-boost|p2a: Great Tusk|def|1\n|\n|upkeep\n|turn|68\n|inactive|randomheadcannon has 90 seconds left.\n|\n|t:|1700692577\n|-terastallize|p2a: Great Tusk|Dragon\n|move|p2a: Great Tusk|Rapid Spin|p1a: Corviknight\n|-resisted|p1a: Corviknight\n|-damage|p1a: Corviknight|13\/100 par\n|-boost|p2a: Great Tusk|spe|1\n|-sideend|p2: randomheadcannon|Stealth Rock|[from] move: Rapid Spin|[of] p2a: Great Tusk\n|move|p1a: Corviknight|Brave Bird|p2a: Great Tusk\n|-damage|p2a: Great Tusk|85\/100\n|-damage|p1a: Corviknight|8\/100 par|[from] Recoil\n|\n|upkeep\n|turn|69\n|\n|t:|1700692601\n|move|p2a: Great Tusk|Headlong Rush|p1a: Corviknight\n|-immune|p1a: Corviknight\n|move|p1a: Corviknight|Roost|p1a: Corviknight\n|-heal|p1a: Corviknight|58\/100 par\n|-singleturn|p1a: Corviknight|move: Roost\n|\n|upkeep\n|turn|70\n|\n|t:|1700692612\n|move|p2a: Great Tusk|Ice Spinner|p1a: Corviknight\n|-damage|p1a: Corviknight|28\/100 par\n|move|p1a: Corviknight|Brave Bird|p2a: Great Tusk\n|-damage|p2a: Great Tusk|70\/100\n|-damage|p1a: Corviknight|23\/100 par|[from] Recoil\n|\n|upkeep\n|turn|71\n|\n|t:|1700692620\n|move|p2a: Great Tusk|Ice Spinner|p1a: Corviknight\n|-damage|p1a: Corviknight|0 fnt\n|faint|p1a: Corviknight\n|\n|upkeep\n|\n|t:|1700692629\n|switch|p1a: Slowking|Slowking-Galar, F|100\/100 par\n|turn|72\n|\n|t:|1700692637\n|move|p2a: Great Tusk|Headlong Rush|p1a: Slowking\n|-supereffective|p1a: Slowking\n|-crit|p1a: Slowking\n|-damage|p1a: Slowking|0 fnt\n|-unboost|p2a: Great Tusk|def|1\n|-unboost|p2a: Great Tusk|spd|1\n|faint|p1a: Slowking\n|\n|upkeep\n|\n|t:|1700692644\n|switch|p1a: Kingambit|Kingambit, M|40\/100 brn\n|-activate|p1a: Kingambit|ability: Supreme Overlord\n|-start|p1a: Kingambit|fallen2|[silent]\n|turn|73\n|\n|t:|1700692650\n|move|p1a: Kingambit|Sucker Punch||[still]\n|-fail|p1a: Kingambit\n|move|p2a: Great Tusk|Bulk Up|p2a: Great Tusk\n|-boost|p2a: Great Tusk|atk|1\n|-boost|p2a: Great Tusk|def|1\n|\n|-heal|p1a: Kingambit|46\/100 brn|[from] item: Leftovers\n|-damage|p1a: Kingambit|40\/100 brn|[from] brn\n|upkeep\n|turn|74\n|\n|t:|1700692661\n|move|p2a: Great Tusk|Headlong Rush|p1a: Kingambit\n|-supereffective|p1a: Kingambit\n|-damage|p1a: Kingambit|0 fnt\n|-unboost|p2a: Great Tusk|def|1\n|-unboost|p2a: Great Tusk|spd|1\n|faint|p1a: Kingambit\n|-end|p1a: Kingambit|fallen2|[silent]\n|\n|upkeep\n|\n|t:|1700692670\n|switch|p1a: Cinderace|Cinderace, F|68\/100\n|turn|75\n|\n|t:|1700692683\n|move|p1a: Cinderace|Will-O-Wisp|p2a: Great Tusk|[miss]\n|-miss|p1a: Cinderace|p2a: Great Tusk\n|move|p2a: Great Tusk|Headlong Rush|p1a: Cinderace\n|-supereffective|p1a: Cinderace\n|-crit|p1a: Cinderace\n|-damage|p1a: Cinderace|0 fnt\n|-unboost|p2a: Great Tusk|def|1\n|-unboost|p2a: Great Tusk|spd|1\n|faint|p1a: Cinderace\n|\n|upkeep\n|c|\u2606Geekco|gg\n|\n|t:|1700692700\n|switch|p1a: Ceruledge|Ceruledge, F|100\/100\n|turn|76\n|\n|t:|1700692719\n|move|p2a: Great Tusk|Headlong Rush|p1a: Ceruledge\n|-supereffective|p1a: Ceruledge\n|-enditem|p1a: Ceruledge|Focus Sash\n|-damage|p1a: Ceruledge|1\/100\n|-unboost|p2a: Great Tusk|def|1\n|-unboost|p2a: Great Tusk|spd|1\n|-ability|p1a: Ceruledge|Weak Armor|boost\n|-unboost|p1a: Ceruledge|def|1\n|-boost|p1a: Ceruledge|spe|2\n|move|p1a: Ceruledge|Swords Dance|p1a: Ceruledge\n|-boost|p1a: Ceruledge|atk|2\n|\n|upkeep\n|turn|77\n|\n|t:|1700692737\n|-terastallize|p1a: Ceruledge|Bug\n|move|p1a: Ceruledge|Bitter Blade|p2a: Great Tusk\n|-resisted|p2a: Great Tusk\n|-damage|p2a: Great Tusk|18\/100\n|-heal|p1a: Ceruledge|40\/100|[from] drain|[of] p2a: Great Tusk\n|move|p2a: Great Tusk|Ice Spinner|p1a: Ceruledge\n|-damage|p1a: Ceruledge|0 fnt\n|faint|p1a: Ceruledge\n|\n|upkeep\n|\n|t:|1700692745\n|switch|p1a: Blissey|Blissey, F|57\/100\n|turn|78\n|\n|t:|1700692754\n|move|p2a: Great Tusk|Headlong Rush|p1a: Blissey\n|-damage|p1a: Blissey|0 fnt\n|-unboost|p2a: Great Tusk|def|1\n|-unboost|p2a: Great Tusk|spd|1\n|faint|p1a: Blissey\n|\n|win|randomheadcannon\n|raw|Geekco's rating: 1203 &rarr; <strong>1181<\/strong><br \/>(-22 for losing)\n|raw|randomheadcannon's rating: 1238 &rarr; <strong>1260<\/strong><br \/>(+22 for winning)\n|l|\u2606Geekco\n|l|\u203drandomheadcannon\n|j|\u203drandomheadcannon\n|player|p2|randomheadcannon|101\n|n|\u203drandomheadcannon|randomheadcannon\n","uploadtime":1700692758,"views":6,"p1id":"geekco","p2id":"randomheadcannon","formatid":"gen9ou","rating":1181,"private":0,"password":""}