{"id":"gen9ou-1996150719","p1":"Cecilicious","p2":"GorLeon","format":"[Gen 9] OU","log":"|j|\u2606Cecilicious\n|j|\u2606GorLeon\n|t:|1700651725\n|gametype|singles\n|player|p1|Cecilicious|sabrina|1642\n|player|p2|GorLeon|dragontamer|1602\n|teamsize|p1|6\n|teamsize|p2|6\n|gen|9\n|tier|[Gen 9] OU\n|rated|\n|rule|Sleep Clause Mod: Limit one foe put to sleep\n|rule|Species Clause: Limit one of each Pok\u00e9mon\n|rule|OHKO Clause: OHKO moves are banned\n|rule|Evasion Items Clause: Evasion items are banned\n|rule|Evasion Moves Clause: Evasion moves are banned\n|rule|Endless Battle Clause: Forcing endless battles is banned\n|rule|HP Percentage Mod: HP is shown in percentages\n|clearpoke\n|poke|p1|Garganacl, M|\n|poke|p1|Corviknight, F|\n|poke|p1|Great Tusk|\n|poke|p1|Iron Valiant|\n|poke|p1|Munkidori, M|\n|poke|p1|Dragapult, F|\n|poke|p2|Great Tusk|\n|poke|p2|Hatterene, F|\n|poke|p2|Dondozo, F|\n|poke|p2|Mandibuzz, F|\n|poke|p2|Heatran, M|\n|poke|p2|Dragapult, F|\n|teampreview\n|inactive|Battle timer is ON: inactive players will automatically lose when time's up. (requested by GorLeon)\n|c|\u2606GorLeon|gl hf\n|\n|t:|1700651739\n|start\n|switch|p1a: Munkidori|Munkidori, M|100\/100\n|switch|p2a: Mandibuzz|Mandibuzz, F|100\/100\n|turn|1\n|\n|t:|1700651745\n|move|p1a: Munkidori|U-turn|p2a: Mandibuzz\n|-damage|p2a: Mandibuzz|93\/100\n|\n|t:|1700651748\n|switch|p1a: Garganacl|Garganacl, M|100\/100|[from] U-turn\n|move|p2a: Mandibuzz|Foul Play|p1a: Garganacl\n|-damage|p1a: Garganacl|78\/100\n|\n|-heal|p1a: Garganacl|84\/100|[from] item: Leftovers\n|upkeep\n|turn|2\n|\n|t:|1700651753\n|move|p2a: Mandibuzz|U-turn|p1a: Garganacl\n|-damage|p1a: Garganacl|76\/100\n|\n|t:|1700651756\n|switch|p2a: Hatterene|Hatterene, F|100\/100|[from] U-turn\n|move|p1a: Garganacl|Salt Cure|p2a: Hatterene\n|-damage|p2a: Hatterene|89\/100\n|-start|p2a: Hatterene|Salt Cure\n|\n|-heal|p1a: Garganacl|82\/100|[from] item: Leftovers\n|-heal|p2a: Hatterene|95\/100|[from] item: Leftovers\n|-damage|p2a: Hatterene|83\/100|[from] Salt Cure\n|upkeep\n|turn|3\n|\n|t:|1700651775\n|switch|p2a: Great Tusk|Great Tusk|100\/100\n|move|p1a: Garganacl|Salt Cure|p2a: Great Tusk\n|-resisted|p2a: Great Tusk\n|-damage|p2a: Great Tusk|98\/100\n|-start|p2a: Great Tusk|Salt Cure\n|\n|-heal|p1a: Garganacl|88\/100|[from] item: Leftovers\n|-damage|p2a: Great Tusk|86\/100|[from] Salt Cure\n|upkeep\n|turn|4\n|\n|t:|1700651785\n|switch|p1a: Corviknight|Corviknight, F|100\/100\n|-ability|p1a: Corviknight|Pressure\n|move|p2a: Great Tusk|Close Combat|p1a: Corviknight\n|-damage|p1a: Corviknight|45\/100\n|-unboost|p2a: Great Tusk|def|1\n|-unboost|p2a: Great Tusk|spd|1\n|\n|-heal|p1a: Corviknight|51\/100|[from] item: Leftovers\n|-damage|p2a: Great Tusk|73\/100|[from] Salt Cure\n|upkeep\n|turn|5\n|\n|t:|1700651793\n|-end|p2a: Great Tusk|Protosynthesis|[silent]\n|switch|p2a: Mandibuzz|Mandibuzz, F|93\/100\n|switch|p1a: Munkidori|Munkidori, M|100\/100\n|\n|upkeep\n|turn|6\n|\n|t:|1700651803\n|move|p1a: Munkidori|U-turn|p2a: Mandibuzz\n|-damage|p2a: Mandibuzz|87\/100\n|-status|p2a: Mandibuzz|tox|[from] ability: Toxic Chain|[of] p1a: Munkidori\n|\n|t:|1700651808\n|switch|p1a: Corviknight|Corviknight, F|51\/100|[from] U-turn\n|-ability|p1a: Corviknight|Pressure\n|move|p2a: Mandibuzz|U-turn|p1a: Corviknight\n|-resisted|p1a: Corviknight\n|-damage|p1a: Corviknight|49\/100\n|\n|t:|1700651812\n|switch|p2a: Heatran|Heatran, M|100\/100|[from] U-turn\n|\n|-heal|p1a: Corviknight|55\/100|[from] item: Leftovers\n|upkeep\n|turn|7\n|\n|t:|1700651816\n|switch|p1a: Garganacl|Garganacl, M|88\/100\n|move|p2a: Heatran|Magma Storm|p1a: Garganacl\n|-resisted|p1a: Garganacl\n|-damage|p1a: Garganacl|74\/100\n|-activate|p1a: Garganacl|move: Magma Storm|[of] p2a: Heatran\n|\n|-heal|p1a: Garganacl|80\/100|[from] item: Leftovers\n|-damage|p1a: Garganacl|68\/100|[from] move: Magma Storm|[partiallytrapped]\n|upkeep\n|turn|8\n|\n|t:|1700651823\n|move|p2a: Heatran|Taunt|p1a: Garganacl\n|-start|p1a: Garganacl|move: Taunt\n|move|p1a: Garganacl|Salt Cure|p2a: Heatran\n|-damage|p2a: Heatran|89\/100\n|-start|p2a: Heatran|Salt Cure\n|\n|-heal|p2a: Heatran|95\/100|[from] item: Leftovers\n|-heal|p1a: Garganacl|74\/100|[from] item: Leftovers\n|-damage|p2a: Heatran|70\/100|[from] Salt Cure\n|-damage|p1a: Garganacl|62\/100|[from] move: Magma Storm|[partiallytrapped]\n|upkeep\n|turn|9\n|\n|t:|1700651841\n|switch|p2a: Great Tusk|Great Tusk|73\/100\n|-terastallize|p1a: Garganacl|Water\n|move|p1a: Garganacl|Body Press|p2a: Great Tusk\n|-damage|p2a: Great Tusk|57\/100\n|\n|-heal|p1a: Garganacl|68\/100|[from] item: Leftovers\n|-end|p1a: Garganacl|Magma Storm|[partiallytrapped]|[silent]\n|upkeep\n|turn|10\n|\n|t:|1700651851\n|switch|p1a: Corviknight|Corviknight, F|55\/100\n|-ability|p1a: Corviknight|Pressure\n|move|p2a: Great Tusk|Close Combat|p1a: Corviknight\n|-damage|p1a: Corviknight|0 fnt\n|-unboost|p2a: Great Tusk|def|1\n|-unboost|p2a: Great Tusk|spd|1\n|faint|p1a: Corviknight\n|\n|upkeep\n|\n|t:|1700651861\n|switch|p1a: Dragapult|Dragapult, F|100\/100\n|turn|11\n|\n|t:|1700651864\n|-end|p2a: Great Tusk|Protosynthesis|[silent]\n|switch|p2a: Mandibuzz|Mandibuzz, F|87\/100 tox\n|move|p1a: Dragapult|Thunderbolt|p2a: Mandibuzz\n|-supereffective|p2a: Mandibuzz\n|-damage|p2a: Mandibuzz|22\/100 tox\n|\n|-damage|p2a: Mandibuzz|16\/100 tox|[from] psn\n|upkeep\n|turn|12\n|\n|t:|1700651872\n|switch|p2a: Great Tusk|Great Tusk|57\/100\n|move|p1a: Dragapult|Thunderbolt|p2a: Great Tusk\n|-immune|p2a: Great Tusk\n|\n|upkeep\n|turn|13\n|\n|t:|1700651888\n|switch|p1a: Great Tusk|Great Tusk|100\/100\n|move|p2a: Great Tusk|Headlong Rush|p1a: Great Tusk\n|-damage|p1a: Great Tusk|53\/100\n|-unboost|p2a: Great Tusk|def|1\n|-unboost|p2a: Great Tusk|spd|1\n|\n|-heal|p1a: Great Tusk|60\/100|[from] item: Leftovers\n|upkeep\n|turn|14\n|\n|t:|1700651894\n|-end|p2a: Great Tusk|Protosynthesis|[silent]\n|switch|p2a: Hatterene|Hatterene, F|83\/100\n|move|p1a: Great Tusk|Earthquake|p2a: Hatterene\n|-damage|p2a: Hatterene|46\/100\n|\n|-heal|p1a: Great Tusk|66\/100|[from] item: Leftovers\n|-heal|p2a: Hatterene|52\/100|[from] item: Leftovers\n|upkeep\n|turn|15\n|\n|t:|1700651900\n|-end|p1a: Great Tusk|Protosynthesis|[silent]\n|switch|p1a: Garganacl|Garganacl, M, tera:Water|68\/100\n|move|p2a: Hatterene|Draining Kiss|p1a: Garganacl\n|-damage|p1a: Garganacl|53\/100\n|-heal|p2a: Hatterene|66\/100|[from] drain|[of] p1a: Garganacl\n|\n|-heal|p1a: Garganacl|59\/100|[from] item: Leftovers\n|-heal|p2a: Hatterene|72\/100|[from] item: Leftovers\n|upkeep\n|turn|16\n|\n|t:|1700651908\n|move|p1a: Garganacl|Iron Defense|p1a: Garganacl\n|-boost|p1a: Garganacl|def|2\n|move|p2a: Hatterene|Calm Mind|p2a: Hatterene\n|-boost|p2a: Hatterene|spa|1\n|-boost|p2a: Hatterene|spd|1\n|\n|-heal|p1a: Garganacl|65\/100|[from] item: Leftovers\n|-heal|p2a: Hatterene|78\/100|[from] item: Leftovers\n|upkeep\n|turn|17\n|\n|t:|1700651913\n|move|p1a: Garganacl|Salt Cure|p2a: Hatterene\n|-damage|p2a: Hatterene|67\/100\n|-start|p2a: Hatterene|Salt Cure\n|move|p2a: Hatterene|Calm Mind|p2a: Hatterene\n|-boost|p2a: Hatterene|spa|1\n|-boost|p2a: Hatterene|spd|1\n|\n|-heal|p1a: Garganacl|72\/100|[from] item: Leftovers\n|-heal|p2a: Hatterene|73\/100|[from] item: Leftovers\n|-damage|p2a: Hatterene|61\/100|[from] Salt Cure\n|upkeep\n|turn|18\n|\n|t:|1700651919\n|switch|p1a: Munkidori|Munkidori, M|100\/100\n|move|p2a: Hatterene|Draining Kiss|p1a: Munkidori\n|-resisted|p1a: Munkidori\n|-damage|p1a: Munkidori|75\/100\n|-heal|p2a: Hatterene|80\/100|[from] drain|[of] p1a: Munkidori\n|\n|-heal|p2a: Hatterene|86\/100|[from] item: Leftovers\n|-damage|p2a: Hatterene|74\/100|[from] Salt Cure\n|upkeep\n|turn|19\n|\n|t:|1700651926\n|move|p1a: Munkidori|Sludge Bomb|p2a: Hatterene\n|-supereffective|p2a: Hatterene\n|-damage|p2a: Hatterene|24\/100\n|-status|p2a: Hatterene|psn\n|move|p2a: Hatterene|Psyshock|p1a: Munkidori\n|-damage|p1a: Munkidori|0 fnt\n|faint|p1a: Munkidori\n|\n|-heal|p2a: Hatterene|30\/100 psn|[from] item: Leftovers\n|-damage|p2a: Hatterene|18\/100 psn|[from] psn\n|-damage|p2a: Hatterene|6\/100 psn|[from] Salt Cure\n|upkeep\n|\n|t:|1700651938\n|switch|p1a: Great Tusk|Great Tusk|66\/100\n|turn|20\n|\n|t:|1700651944\n|switch|p2a: Mandibuzz|Mandibuzz, F|16\/100 tox\n|move|p1a: Great Tusk|Rapid Spin|p2a: Mandibuzz\n|-damage|p2a: Mandibuzz|8\/100 tox\n|-boost|p1a: Great Tusk|spe|1\n|\n|-heal|p1a: Great Tusk|72\/100|[from] item: Leftovers\n|-damage|p2a: Mandibuzz|2\/100 tox|[from] psn\n|upkeep\n|turn|21\n|\n|t:|1700651954\n|move|p1a: Great Tusk|Rapid Spin|p2a: Mandibuzz\n|-damage|p2a: Mandibuzz|0 fnt\n|-boost|p1a: Great Tusk|spe|1\n|faint|p2a: Mandibuzz\n|\n|-heal|p1a: Great Tusk|78\/100|[from] item: Leftovers\n|upkeep\n|\n|t:|1700651960\n|switch|p2a: Dondozo|Dondozo, F|100\/100\n|turn|22\n|\n|t:|1700651964\n|move|p1a: Great Tusk|Knock Off|p2a: Dondozo\n|-damage|p2a: Dondozo|84\/100\n|-enditem|p2a: Dondozo|Leftovers|[from] move: Knock Off|[of] p1a: Great Tusk\n|move|p2a: Dondozo|Liquidation|p1a: Great Tusk\n|-supereffective|p1a: Great Tusk\n|-damage|p1a: Great Tusk|52\/100\n|\n|-heal|p1a: Great Tusk|58\/100|[from] item: Leftovers\n|upkeep\n|turn|23\n|\n|t:|1700651973\n|-end|p1a: Great Tusk|Protosynthesis|[silent]\n|switch|p1a: Garganacl|Garganacl, M, tera:Water|72\/100\n|move|p2a: Dondozo|Liquidation|p1a: Garganacl\n|-resisted|p1a: Garganacl\n|-damage|p1a: Garganacl|62\/100\n|-unboost|p1a: Garganacl|def|1\n|\n|-heal|p1a: Garganacl|68\/100|[from] item: Leftovers\n|upkeep\n|turn|24\n|\n|t:|1700651982\n|switch|p2a: Hatterene|Hatterene, F|6\/100 psn\n|move|p1a: Garganacl|Salt Cure|p2a: Hatterene\n|-damage|p2a: Hatterene|0 fnt\n|faint|p2a: Hatterene\n|\n|-heal|p1a: Garganacl|74\/100|[from] item: Leftovers\n|upkeep\n|\n|t:|1700651988\n|switch|p2a: Great Tusk|Great Tusk|57\/100\n|turn|25\n|\n|t:|1700652018\n|move|p2a: Great Tusk|Headlong Rush|p1a: Garganacl\n|-damage|p1a: Garganacl|0 fnt\n|-unboost|p2a: Great Tusk|def|1\n|-unboost|p2a: Great Tusk|spd|1\n|faint|p1a: Garganacl\n|\n|upkeep\n|\n|t:|1700652024\n|switch|p1a: Dragapult|Dragapult, F|100\/100\n|turn|26\n|\n|t:|1700652038\n|move|p1a: Dragapult|Shadow Ball|p2a: Great Tusk\n|-damage|p2a: Great Tusk|0 fnt\n|faint|p2a: Great Tusk\n|-end|p2a: Great Tusk|Protosynthesis|[silent]\n|\n|upkeep\n|\n|t:|1700652044\n|switch|p2a: Dondozo|Dondozo, F|84\/100\n|turn|27\n|\n|t:|1700652047\n|move|p1a: Dragapult|Shadow Ball|p2a: Dondozo\n|-damage|p2a: Dondozo|50\/100\n|move|p2a: Dondozo|Liquidation|p1a: Dragapult\n|-resisted|p1a: Dragapult\n|-damage|p1a: Dragapult|82\/100\n|\n|upkeep\n|turn|28\n|\n|t:|1700652052\n|move|p1a: Dragapult|Shadow Ball|p2a: Dondozo\n|-damage|p2a: Dondozo|16\/100\n|-unboost|p2a: Dondozo|spd|1\n|move|p2a: Dondozo|Rest|p2a: Dondozo\n|-status|p2a: Dondozo|slp|[from] move: Rest\n|-heal|p2a: Dondozo|100\/100 slp|[silent]\n|\n|upkeep\n|turn|29\n|\n|t:|1700652057\n|move|p1a: Dragapult|Shadow Ball|p2a: Dondozo\n|-damage|p2a: Dondozo|48\/100 slp\n|-unboost|p2a: Dondozo|spd|1\n|cant|p2a: Dondozo|slp\n|move|p2a: Dondozo|Sleep Talk|p2a: Dondozo\n|move|p2a: Dondozo|Curse|p2a: Dondozo|[from]move: Sleep Talk\n|-unboost|p2a: Dondozo|spe|1\n|-boost|p2a: Dondozo|atk|1\n|-boost|p2a: Dondozo|def|1\n|\n|upkeep\n|turn|30\n|\n|t:|1700652073\n|-terastallize|p2a: Dondozo|Dark\n|move|p1a: Dragapult|Shadow Ball|p2a: Dondozo\n|-resisted|p2a: Dondozo\n|-damage|p2a: Dondozo|14\/100 slp\n|-unboost|p2a: Dondozo|spd|1\n|cant|p2a: Dondozo|slp\n|move|p2a: Dondozo|Sleep Talk|p2a: Dondozo\n|move|p2a: Dondozo|Liquidation|p1a: Dragapult|[from]move: Sleep Talk\n|-resisted|p1a: Dragapult\n|-damage|p1a: Dragapult|50\/100\n|\n|upkeep\n|turn|31\n|\n|t:|1700652082\n|move|p1a: Dragapult|Shadow Ball|p2a: Dondozo\n|-resisted|p2a: Dondozo\n|-damage|p2a: Dondozo|0 fnt\n|faint|p2a: Dondozo\n|\n|upkeep\n|\n|t:|1700652086\n|switch|p2a: Heatran|Heatran, M|70\/100\n|turn|32\n|\n|t:|1700652094\n|move|p1a: Dragapult|Shadow Ball|p2a: Heatran\n|-damage|p2a: Heatran|37\/100\n|move|p2a: Heatran|Magma Storm|p1a: Dragapult\n|-resisted|p1a: Dragapult\n|-damage|p1a: Dragapult|19\/100\n|-activate|p1a: Dragapult|move: Magma Storm|[of] p2a: Heatran\n|\n|-heal|p2a: Heatran|43\/100|[from] item: Leftovers\n|-damage|p1a: Dragapult|6\/100|[from] move: Magma Storm|[partiallytrapped]\n|upkeep\n|turn|33\n|\n|t:|1700652099\n|move|p2a: Heatran|Protect|p2a: Heatran\n|-singleturn|p2a: Heatran|Protect\n|move|p1a: Dragapult|Shadow Ball|p2a: Heatran\n|-activate|p2a: Heatran|move: Protect\n|\n|-heal|p2a: Heatran|49\/100|[from] item: Leftovers\n|-damage|p1a: Dragapult|0 fnt|[from] move: Magma Storm|[partiallytrapped]\n|faint|p1a: Dragapult\n|upkeep\n|\n|t:|1700652102\n|switch|p1a: Great Tusk|Great Tusk|58\/100\n|turn|34\n|\n|t:|1700652109\n|move|p1a: Great Tusk|Knock Off|p2a: Heatran\n|-damage|p2a: Heatran|26\/100\n|-enditem|p2a: Heatran|Leftovers|[from] move: Knock Off|[of] p1a: Great Tusk\n|move|p2a: Heatran|Magma Storm|p1a: Great Tusk\n|-damage|p1a: Great Tusk|6\/100\n|-activate|p1a: Great Tusk|move: Magma Storm|[of] p2a: Heatran\n|\n|-heal|p1a: Great Tusk|12\/100|[from] item: Leftovers\n|-damage|p1a: Great Tusk|0 fnt|[from] move: Magma Storm|[partiallytrapped]\n|faint|p1a: Great Tusk\n|-end|p1a: Great Tusk|Protosynthesis|[silent]\n|upkeep\n|\n|t:|1700652113\n|switch|p1a: Iron Valiant|Iron Valiant|100\/100\n|-enditem|p1a: Iron Valiant|Booster Energy\n|-activate|p1a: Iron Valiant|ability: Quark Drive|[fromitem]\n|-start|p1a: Iron Valiant|quarkdrivespe\n|turn|35\n|\n|t:|1700652130\n|move|p1a: Iron Valiant|Close Combat|p2a: Heatran\n|-supereffective|p2a: Heatran\n|-damage|p2a: Heatran|0 fnt\n|-unboost|p1a: Iron Valiant|def|1\n|-unboost|p1a: Iron Valiant|spd|1\n|faint|p2a: Heatran\n|\n|upkeep\n|\n|t:|1700652136\n|switch|p2a: Dragapult|Dragapult, F|100\/100\n|turn|36\n|\n|t:|1700652142\n|move|p1a: Iron Valiant|Knock Off|p2a: Dragapult\n|-supereffective|p2a: Dragapult\n|-damage|p2a: Dragapult|15\/100\n|-enditem|p2a: Dragapult|Choice Specs|[from] move: Knock Off|[of] p1a: Iron Valiant\n|move|p2a: Dragapult|Shadow Ball|p1a: Iron Valiant\n|-damage|p1a: Iron Valiant|0 fnt\n|faint|p1a: Iron Valiant\n|-end|p1a: Iron Valiant|Quark Drive|[silent]\n|\n|win|GorLeon\n|raw|Cecilicious's rating: 1642 &rarr; <strong>1620<\/strong><br \/>(-22 for losing)\n|raw|GorLeon's rating: 1602 &rarr; <strong>1624<\/strong><br \/>(+22 for winning)\n|c|\u2606GorLeon|gg\n|c|\u2606Cecilicious|gg\n|l|\u2606Cecilicious\n","uploadtime":1700652156,"views":1,"p1id":"cecilicious","p2id":"gorleon","formatid":"gen9ou","rating":1620,"private":0,"password":""}