{"id":"gen9ou-1992775374","p1":"Fortune Meow","p2":"BIued","format":"[Gen 9] OU","log":"|j|\u2606Fortune Meow\n|j|\u2606BIued\n|t:|1700234381\n|gametype|singles\n|player|p1|Fortune Meow|burglar|\n|player|p2|BIued|cress|\n|teamsize|p1|6\n|teamsize|p2|6\n|gen|9\n|tier|[Gen 9] OU\n|rule|Sleep Clause Mod: Limit one foe put to sleep\n|rule|Species Clause: Limit one of each Pok\u00e9mon\n|rule|OHKO Clause: OHKO moves are banned\n|rule|Evasion Items Clause: Evasion items are banned\n|rule|Evasion Moves Clause: Evasion moves are banned\n|rule|Endless Battle Clause: Forcing endless battles is banned\n|rule|HP Percentage Mod: HP is shown in percentages\n|clearpoke\n|poke|p1|Kingambit, F|\n|poke|p1|Forretress, M|\n|poke|p1|Gyarados, M|\n|poke|p1|Qwilfish, M|\n|poke|p1|Komala, F|\n|poke|p1|Sawsbuck-Winter, F|\n|poke|p2|Jirachi|\n|poke|p2|Sableye, F|\n|poke|p2|Blissey, F|\n|poke|p2|Snorlax, F|\n|poke|p2|Qwilfish-Hisui, F|\n|poke|p2|Inteleon, M|\n|teampreview\n|inactive|Battle timer is ON: inactive players will automatically lose when time's up. (requested by Fortune Meow)\n|\n|t:|1700234402\n|start\n|switch|p1a: Sawsbuck|Sawsbuck-Winter, F|100\/100\n|switch|p2a: Blissey|Blissey, F|100\/100\n|turn|1\n|\n|t:|1700234409\n|move|p1a: Sawsbuck|Light Screen|p1a: Sawsbuck\n|-sidestart|p1: Fortune Meow|move: Light Screen\n|move|p2a: Blissey|Thunder Wave|p1a: Sawsbuck\n|-status|p1a: Sawsbuck|par\n|\n|upkeep\n|turn|2\n|\n|t:|1700234415\n|move|p2a: Blissey|Stealth Rock|p1a: Sawsbuck\n|-sidestart|p1: Fortune Meow|move: Stealth Rock\n|move|p1a: Sawsbuck|Body Slam|p2a: Blissey\n|-damage|p2a: Blissey|44\/100\n|-status|p2a: Blissey|par\n|\n|upkeep\n|turn|3\n|\n|t:|1700234420\n|move|p1a: Sawsbuck|Bulldoze|p2a: Blissey\n|-damage|p2a: Blissey|15\/100 par\n|-unboost|p2a: Blissey|spe|1\n|move|p2a: Blissey|Flamethrower|p1a: Sawsbuck\n|-supereffective|p1a: Sawsbuck\n|-damage|p1a: Sawsbuck|69\/100 par\n|\n|upkeep\n|turn|4\n|\n|t:|1700234426\n|move|p1a: Sawsbuck|Bulldoze|p2a: Blissey\n|-damage|p2a: Blissey|0 fnt\n|faint|p2a: Blissey\n|\n|upkeep\n|\n|t:|1700234451\n|switch|p2a: Snorlax|Snorlax, F|100\/100\n|turn|5\n|\n|t:|1700234470\n|move|p1a: Sawsbuck|Body Slam|p2a: Snorlax\n|-damage|p2a: Snorlax|82\/100\n|-status|p2a: Snorlax|par\n|move|p2a: Snorlax|Curse|p2a: Snorlax\n|-unboost|p2a: Snorlax|spe|1\n|-boost|p2a: Snorlax|atk|1\n|-boost|p2a: Snorlax|def|1\n|\n|-heal|p2a: Snorlax|88\/100 par|[from] item: Leftovers\n|upkeep\n|turn|6\n|\n|t:|1700234476\n|move|p1a: Sawsbuck|Leech Seed|p2a: Snorlax\n|-start|p2a: Snorlax|move: Leech Seed\n|move|p2a: Snorlax|Curse|p2a: Snorlax\n|-unboost|p2a: Snorlax|spe|1\n|-boost|p2a: Snorlax|atk|1\n|-boost|p2a: Snorlax|def|1\n|\n|-heal|p2a: Snorlax|94\/100 par|[from] item: Leftovers\n|-damage|p2a: Snorlax|82\/100 par|[from] Leech Seed|[of] p1a: Sawsbuck\n|-heal|p1a: Sawsbuck|86\/100 par|[silent]\n|upkeep\n|turn|7\n|\n|t:|1700234484\n|move|p1a: Sawsbuck|Bulldoze|p2a: Snorlax\n|-damage|p2a: Snorlax|77\/100 par\n|-unboost|p2a: Snorlax|spe|1\n|cant|p2a: Snorlax|par\n|\n|-heal|p2a: Snorlax|83\/100 par|[from] item: Leftovers\n|-damage|p2a: Snorlax|70\/100 par|[from] Leech Seed|[of] p1a: Sawsbuck\n|-heal|p1a: Sawsbuck|100\/100 par|[silent]\n|upkeep\n|turn|8\n|j| Yankiken\n|\n|t:|1700234490\n|cant|p1a: Sawsbuck|par\n|move|p2a: Snorlax|Heat Crash|p1a: Sawsbuck\n|-supereffective|p1a: Sawsbuck\n|-damage|p1a: Sawsbuck|0 fnt\n|faint|p1a: Sawsbuck\n|\n|-heal|p2a: Snorlax|77\/100 par|[from] item: Leftovers\n|-sideend|p1: Fortune Meow|move: Light Screen\n|upkeep\n|\n|t:|1700234508\n|switch|p1a: Forretress|Forretress, M|100\/100\n|turn|9\n|\n|t:|1700234514\n|move|p1a: Forretress|Rapid Spin|p2a: Snorlax\n|-damage|p2a: Snorlax|73\/100 par\n|-boost|p1a: Forretress|spe|1\n|-sideend|p1: Fortune Meow|Stealth Rock|[from] move: Rapid Spin|[of] p1a: Forretress\n|cant|p2a: Snorlax|par\n|\n|-heal|p2a: Snorlax|79\/100 par|[from] item: Leftovers\n|-damage|p2a: Snorlax|67\/100 par|[from] Leech Seed|[of] p1a: Forretress\n|upkeep\n|turn|10\n|\n|t:|1700234521\n|switch|p1a: Qwilfish|Qwilfish, M|100\/100\n|-ability|p1a: Qwilfish|Intimidate|boost\n|-unboost|p2a: Snorlax|atk|1\n|move|p2a: Snorlax|Heat Crash|p1a: Qwilfish\n|-resisted|p1a: Qwilfish\n|-damage|p1a: Qwilfish|83\/100\n|-damage|p2a: Snorlax|50\/100 par|[from] item: Rocky Helmet|[of] p1a: Qwilfish\n|\n|-heal|p2a: Snorlax|57\/100 par|[from] item: Leftovers\n|-damage|p2a: Snorlax|44\/100 par|[from] Leech Seed|[of] p1a: Qwilfish\n|-heal|p1a: Qwilfish|100\/100|[silent]\n|upkeep\n|turn|11\n|\n|t:|1700234531\n|move|p1a: Qwilfish|Spikes|p2a: Snorlax\n|-sidestart|p2: BIued|Spikes\n|move|p2a: Snorlax|Rest|p2a: Snorlax\n|-status|p2a: Snorlax|slp|[from] move: Rest\n|-heal|p2a: Snorlax|100\/100 slp|[silent]\n|\n|-damage|p2a: Snorlax|88\/100 slp|[from] Leech Seed|[of] p1a: Qwilfish\n|upkeep\n|turn|12\n|\n|t:|1700234538\n|move|p1a: Qwilfish|Spikes|p2a: Snorlax\n|-sidestart|p2: BIued|Spikes\n|cant|p2a: Snorlax|slp\n|\n|-heal|p2a: Snorlax|94\/100 slp|[from] item: Leftovers\n|-damage|p2a: Snorlax|82\/100 slp|[from] Leech Seed|[of] p1a: Qwilfish\n|upkeep\n|turn|13\n|\n|t:|1700234543\n|move|p1a: Qwilfish|Spikes|p2a: Snorlax\n|-sidestart|p2: BIued|Spikes\n|cant|p2a: Snorlax|slp\n|\n|-heal|p2a: Snorlax|88\/100 slp|[from] item: Leftovers\n|-damage|p2a: Snorlax|76\/100 slp|[from] Leech Seed|[of] p1a: Qwilfish\n|upkeep\n|turn|14\n|\n|t:|1700234547\n|move|p1a: Qwilfish|Flip Turn|p2a: Snorlax\n|-damage|p2a: Snorlax|68\/100 slp\n|\n|t:|1700234550\n|switch|p1a: Komala|Komala, F|100\/100|[from] Flip Turn\n|-ability|p1a: Komala|Comatose\n|-curestatus|p2a: Snorlax|slp|[msg]\n|move|p2a: Snorlax|Curse|p2a: Snorlax\n|-unboost|p2a: Snorlax|spe|1\n|-boost|p2a: Snorlax|atk|1\n|-boost|p2a: Snorlax|def|1\n|\n|-heal|p2a: Snorlax|75\/100|[from] item: Leftovers\n|-damage|p2a: Snorlax|62\/100|[from] Leech Seed|[of] p1a: Komala\n|upkeep\n|turn|15\n|\n|t:|1700234559\n|move|p1a: Komala|Giga Impact|p2a: Snorlax\n|-damage|p2a: Snorlax|31\/100\n|-mustrecharge|p1a: Komala\n|move|p2a: Snorlax|Body Slam|p1a: Komala\n|-damage|p1a: Komala|14\/100\n|\n|-heal|p2a: Snorlax|37\/100|[from] item: Leftovers\n|-damage|p2a: Snorlax|25\/100|[from] Leech Seed|[of] p1a: Komala\n|-heal|p1a: Komala|33\/100|[silent]\n|upkeep\n|turn|16\n|\n|t:|1700234568\n|cant|p1a: Komala|recharge\n|move|p2a: Snorlax|Body Slam|p1a: Komala\n|-damage|p1a: Komala|0 fnt\n|faint|p1a: Komala\n|\n|-heal|p2a: Snorlax|31\/100|[from] item: Leftovers\n|upkeep\n|\n|t:|1700234575\n|switch|p1a: Gyarados|Gyarados, M|100\/100\n|turn|17\n|\n|t:|1700234583\n|move|p1a: Gyarados|Dragon Dance|p1a: Gyarados\n|-boost|p1a: Gyarados|atk|1\n|-boost|p1a: Gyarados|spe|1\n|move|p2a: Snorlax|Body Slam|p1a: Gyarados\n|-damage|p1a: Gyarados|14\/100\n|\n|-heal|p1a: Gyarados|20\/100|[from] item: Leftovers\n|-heal|p2a: Snorlax|37\/100|[from] item: Leftovers\n|-damage|p2a: Snorlax|25\/100|[from] Leech Seed|[of] p1a: Gyarados\n|-heal|p1a: Gyarados|39\/100|[silent]\n|upkeep\n|turn|18\n|\n|t:|1700234589\n|-terastallize|p1a: Gyarados|Water\n|move|p1a: Gyarados|Waterfall|p2a: Snorlax\n|-damage|p2a: Snorlax|0 fnt\n|faint|p2a: Snorlax\n|-ability|p1a: Gyarados|Moxie|boost\n|-boost|p1a: Gyarados|atk|1\n|\n|-heal|p1a: Gyarados|45\/100|[from] item: Leftovers\n|upkeep\n|c|\u2606BIued|287 x 1,5\n|inactive|BIued has 270 seconds left.\n|c|\u2606Fortune Meow|==\"\n|c|\u2606BIued|280 + 140\n|c| Yankiken|Team m\u00ecnh thua speed\n|c|\u2606Fortune Meow|L\u1ea1i c\u00f2n th\u1ebf n\u1eefa\n|c|\u2606BIued|420\n|c| Yankiken|Kh\u1ecfi t\u00ednh\n|\n|t:|1700234639\n|switch|p2a: Sableye|Sableye, F|100\/100\n|-damage|p2a: Sableye|76\/100|[from] Spikes\n|turn|19\n|\n|t:|1700234647\n|switch|p1a: Qwilfish|Qwilfish, M|100\/100\n|-ability|p1a: Qwilfish|Intimidate|boost\n|-unboost|p2a: Sableye|atk|1\n|move|p2a: Sableye|Reflect|p2a: Sableye\n|-sidestart|p2: BIued|Reflect\n|\n|upkeep\n|turn|20\n|\n|t:|1700234655\n|move|p2a: Sableye|Will-O-Wisp|p1a: Qwilfish|[miss]\n|-miss|p2a: Sableye|p1a: Qwilfish\n|move|p1a: Qwilfish|Thunder Wave|p2a: Sableye\n|-status|p2a: Sableye|par\n|\n|upkeep\n|turn|21\n|\n|t:|1700234660\n|move|p2a: Sableye|Will-O-Wisp|p1a: Qwilfish\n|-status|p1a: Qwilfish|brn\n|move|p1a: Qwilfish|Flip Turn|p2a: Sableye\n|-damage|p2a: Sableye|70\/100 par\n|\n|t:|1700234663\n|switch|p1a: Kingambit|Kingambit, F|100\/100|[from] Flip Turn\n|-activate|p1a: Kingambit|ability: Supreme Overlord\n|-start|p1a: Kingambit|fallen2|[silent]\n|\n|upkeep\n|turn|22\n|\n|t:|1700234672\n|move|p2a: Sableye|Light Screen|p2a: Sableye\n|-sidestart|p2: BIued|move: Light Screen\n|move|p1a: Kingambit|Swords Dance|p1a: Kingambit\n|-boost|p1a: Kingambit|atk|2\n|\n|upkeep\n|turn|23\n|j| SameAstolfo\n|\n|t:|1700234681\n|switch|p2a: Qwilfish|Qwilfish-Hisui, F|100\/100\n|-damage|p2a: Qwilfish|76\/100|[from] Spikes\n|-ability|p2a: Qwilfish|Intimidate|boost\n|-unboost|p1a: Kingambit|atk|1\n|move|p1a: Kingambit|Swords Dance|p1a: Kingambit\n|-boost|p1a: Kingambit|atk|2\n|\n|upkeep\n|turn|24\n|c| SameAstolfo|lo\n|\n|t:|1700234691\n|move|p2a: Qwilfish|Crunch|p1a: Kingambit\n|-resisted|p1a: Kingambit\n|-damage|p1a: Kingambit|88\/100\n|move|p1a: Kingambit|Iron Head|p2a: Qwilfish\n|-damage|p2a: Qwilfish|8\/100\n|\n|-heal|p1a: Kingambit|94\/100|[from] item: Leftovers\n|upkeep\n|turn|25\n|\n|t:|1700234698\n|move|p1a: Kingambit|Sucker Punch|p2a: Qwilfish\n|-resisted|p2a: Qwilfish\n|-damage|p2a: Qwilfish|0 fnt\n|faint|p2a: Qwilfish\n|\n|-heal|p1a: Kingambit|100\/100|[from] item: Leftovers\n|upkeep\n|\n|t:|1700234706\n|switch|p2a: Jirachi|Jirachi|100\/100\n|-damage|p2a: Jirachi|75\/100|[from] Spikes\n|turn|26\n|\n|t:|1700234720\n|-terastallize|p2a: Jirachi|Fairy\n|move|p2a: Jirachi|Drain Punch|p1a: Kingambit\n|-supereffective|p1a: Kingambit\n|-damage|p1a: Kingambit|51\/100\n|-heal|p2a: Jirachi|99\/100|[from] drain|[of] p1a: Kingambit\n|move|p1a: Kingambit|Iron Head|p2a: Jirachi\n|-supereffective|p2a: Jirachi\n|-damage|p2a: Jirachi|0 fnt\n|faint|p2a: Jirachi\n|\n|-heal|p1a: Kingambit|58\/100|[from] item: Leftovers\n|-sideend|p2: BIued|Reflect\n|upkeep\n|l| Yankiken\n|\n|t:|1700234730\n|switch|p2a: Inteleon|Inteleon, M|100\/100\n|-damage|p2a: Inteleon|76\/100|[from] Spikes\n|turn|27\n|\n|t:|1700234735\n|move|p1a: Kingambit|Sucker Punch|p2a: Inteleon\n|-damage|p2a: Inteleon|0 fnt\n|faint|p2a: Inteleon\n|\n|-heal|p1a: Kingambit|64\/100|[from] item: Leftovers\n|upkeep\n|\n|t:|1700234737\n|switch|p2a: Sableye|Sableye, F|70\/100 par\n|-damage|p2a: Sableye|45\/100 par|[from] Spikes\n|turn|28\n|c| SameAstolfo|Tr\u00e2u v\u1eady :0\n|-message|BIued forfeited.\n|\n|win|Fortune Meow\n|l|\u2606BIued\n|c| SameAstolfo|Wao\n","uploadtime":1700234745,"views":12,"p1id":"fortunemeow","p2id":"biued","formatid":"gen9ou","rating":0,"private":0,"password":""}