{"id":"gen9ou-2000075736","p1":"AkiDes","p2":"FEMO953","format":"[Gen 9] OU","log":"|j|\u2606AkiDes\n|j|\u2606FEMO953\n|t:|1701150252\n|gametype|singles\n|player|p1|AkiDes|volkner|1127\n|player|p2|FEMO953|oak-gen2|1082\n|teamsize|p1|6\n|teamsize|p2|6\n|gen|9\n|tier|[Gen 9] OU\n|rated|\n|rule|Sleep Clause Mod: Limit one foe put to sleep\n|rule|Species Clause: Limit one of each Pok\u00e9mon\n|rule|OHKO Clause: OHKO moves are banned\n|rule|Evasion Items Clause: Evasion items are banned\n|rule|Evasion Moves Clause: Evasion moves are banned\n|rule|Endless Battle Clause: Forcing endless battles is banned\n|rule|HP Percentage Mod: HP is shown in percentages\n|clearpoke\n|poke|p1|Dragonite, M|\n|poke|p1|Cinderace, M|\n|poke|p1|Mandibuzz, F|\n|poke|p1|Jolteon, M|\n|poke|p1|Landorus-Therian, M|\n|poke|p1|Greninja-*, M|\n|poke|p2|Corviknight, F|\n|poke|p2|Infernape, F|\n|poke|p2|Dragonite, F|\n|poke|p2|Toxapex, M|\n|poke|p2|Zapdos|\n|poke|p2|Weavile, M|\n|teampreview\n|\n|t:|1701150267\n|start\n|switch|p1a: Prueba nomas|Landorus-Therian, M|100\/100\n|switch|p2a: Weavile|Weavile, M|100\/100\n|-ability|p2a: Weavile|Pressure\n|-ability|p1a: Prueba nomas|Intimidate|boost\n|-unboost|p2a: Weavile|atk|1\n|turn|1\n|\n|t:|1701150274\n|move|p2a: Weavile|Swords Dance|p2a: Weavile\n|-boost|p2a: Weavile|atk|2\n|move|p1a: Prueba nomas|Stealth Rock|p2a: Weavile\n|-sidestart|p2: FEMO953|move: Stealth Rock\n|\n|upkeep\n|turn|2\n|\n|t:|1701150281\n|move|p2a: Weavile|Swords Dance|p2a: Weavile\n|-boost|p2a: Weavile|atk|2\n|move|p1a: Prueba nomas|Hammer Arm|p2a: Weavile\n|-supereffective|p2a: Weavile\n|-enditem|p2a: Weavile|Focus Sash\n|-damage|p2a: Weavile|1\/100\n|-unboost|p1a: Prueba nomas|spe|1\n|\n|upkeep\n|turn|3\n|\n|t:|1701150297\n|switch|p1a: Fuego en la pista|Cinderace, M|100\/100\n|move|p2a: Weavile|Ice Spinner|p1a: Fuego en la pista\n|-resisted|p1a: Fuego en la pista\n|-damage|p1a: Fuego en la pista|29\/100\n|\n|upkeep\n|turn|4\n|\n|t:|1701150309\n|move|p1a: Fuego en la pista|Sucker Punch|p2a: Weavile\n|-start|p1a: Fuego en la pista|typechange|Dark|[from] ability: Libero\n|-resisted|p2a: Weavile\n|-damage|p2a: Weavile|0 fnt\n|faint|p2a: Weavile\n|\n|upkeep\n|\n|t:|1701150327\n|switch|p2a: Infernape|Infernape, F|100\/100\n|-damage|p2a: Infernape|88\/100|[from] Stealth Rock\n|turn|5\n|\n|t:|1701150335\n|move|p2a: Infernape|Mach Punch|p1a: Fuego en la pista\n|-supereffective|p1a: Fuego en la pista\n|-damage|p1a: Fuego en la pista|0 fnt\n|faint|p1a: Fuego en la pista\n|\n|upkeep\n|\n|t:|1701150343\n|switch|p1a: Babotas|Greninja, M, shiny|100\/100\n|turn|6\n|\n|t:|1701150361\n|switch|p1a: Prueba nomas|Landorus-Therian, M|100\/100\n|-ability|p1a: Prueba nomas|Intimidate|boost\n|-unboost|p2a: Infernape|atk|1\n|move|p2a: Infernape|Mach Punch|p1a: Prueba nomas\n|-resisted|p1a: Prueba nomas\n|-damage|p1a: Prueba nomas|92\/100\n|-damage|p2a: Infernape|72\/100|[from] item: Rocky Helmet|[of] p1a: Prueba nomas\n|\n|upkeep\n|turn|7\n|\n|t:|1701150381\n|switch|p2a: Corviknight|Corviknight, F, shiny|100\/100\n|-damage|p2a: Corviknight|88\/100|[from] Stealth Rock\n|move|p1a: Prueba nomas|Stone Edge|p2a: Corviknight|[miss]\n|-miss|p1a: Prueba nomas|p2a: Corviknight\n|\n|-heal|p2a: Corviknight|94\/100|[from] item: Leftovers\n|upkeep\n|turn|8\n|\n|t:|1701150395\n|move|p1a: Prueba nomas|Stone Edge|p2a: Corviknight\n|-damage|p2a: Corviknight|66\/100\n|move|p2a: Corviknight|Bulk Up|p2a: Corviknight\n|-boost|p2a: Corviknight|atk|1\n|-boost|p2a: Corviknight|def|1\n|\n|-heal|p2a: Corviknight|73\/100|[from] item: Leftovers\n|upkeep\n|turn|9\n|\n|t:|1701150404\n|move|p1a: Prueba nomas|Hammer Arm|p2a: Corviknight\n|-damage|p2a: Corviknight|55\/100\n|-unboost|p1a: Prueba nomas|spe|1\n|move|p2a: Corviknight|Defog|p1a: Prueba nomas\n|-unboost|p1a: Prueba nomas|evasion|1\n|-sideend|p2: FEMO953|Stealth Rock|[from] move: Defog|[of] p2a: Corviknight\n|\n|-heal|p2a: Corviknight|61\/100|[from] item: Leftovers\n|upkeep\n|turn|10\n|\n|t:|1701150414\n|switch|p1a: Jarcres|Jolteon, M|100\/100\n|move|p2a: Corviknight|Bulk Up|p2a: Corviknight\n|-boost|p2a: Corviknight|atk|1\n|-boost|p2a: Corviknight|def|1\n|\n|-heal|p2a: Corviknight|67\/100|[from] item: Leftovers\n|upkeep\n|turn|11\n|\n|t:|1701150432\n|move|p1a: Jarcres|Volt Switch|p2a: Corviknight\n|-supereffective|p2a: Corviknight\n|-damage|p2a: Corviknight|0 fnt\n|faint|p2a: Corviknight\n|\n|t:|1701150441\n|switch|p1a: Babotas|Greninja, M, shiny|100\/100|[from] Volt Switch\n|\n|upkeep\n|\n|t:|1701150456\n|switch|p2a: Infernape|Infernape, F|72\/100\n|turn|12\n|\n|t:|1701150461\n|switch|p1a: Prueba nomas|Landorus-Therian, M|92\/100\n|-ability|p1a: Prueba nomas|Intimidate|boost\n|-unboost|p2a: Infernape|atk|1\n|move|p2a: Infernape|Mach Punch|p1a: Prueba nomas\n|-resisted|p1a: Prueba nomas\n|-damage|p1a: Prueba nomas|83\/100\n|-damage|p2a: Infernape|55\/100|[from] item: Rocky Helmet|[of] p1a: Prueba nomas\n|\n|upkeep\n|turn|13\n|\n|t:|1701150475\n|switch|p2a: Toxapex|Toxapex, M|100\/100\n|move|p1a: Prueba nomas|Stealth Rock|p2a: Toxapex\n|-sidestart|p2: FEMO953|move: Stealth Rock\n|\n|upkeep\n|turn|14\n|\n|t:|1701150480\n|move|p1a: Prueba nomas|Earthquake|p2a: Toxapex\n|-supereffective|p2a: Toxapex\n|-damage|p2a: Toxapex|20\/100\n|move|p2a: Toxapex|Toxic Spikes|p1a: Prueba nomas\n|-sidestart|p1: AkiDes|move: Toxic Spikes\n|\n|-heal|p2a: Toxapex|26\/100|[from] item: Leftovers\n|upkeep\n|turn|15\n|\n|t:|1701150490\n|move|p1a: Prueba nomas|Earthquake|p2a: Toxapex\n|-supereffective|p2a: Toxapex\n|-damage|p2a: Toxapex|0 fnt\n|faint|p2a: Toxapex\n|\n|upkeep\n|\n|t:|1701150501\n|switch|p2a: Zapdos|Zapdos|100\/100\n|-damage|p2a: Zapdos|76\/100|[from] Stealth Rock\n|-ability|p2a: Zapdos|Pressure\n|turn|16\n|\n|t:|1701150507\n|move|p2a: Zapdos|Hurricane|p1a: Prueba nomas|[miss]\n|-miss|p2a: Zapdos|p1a: Prueba nomas\n|move|p1a: Prueba nomas|Stone Edge|p2a: Zapdos\n|-supereffective|p2a: Zapdos\n|-damage|p2a: Zapdos|0 fnt\n|faint|p2a: Zapdos\n|\n|upkeep\n|-message|FEMO953 forfeited.\n|\n|win|AkiDes\n|raw|AkiDes's rating: 1127 &rarr; <strong>1149<\/strong><br \/>(+22 for winning)\n|raw|FEMO953's rating: 1082 &rarr; <strong>1063<\/strong><br \/>(-19 for losing)\n|l|\u2606FEMO953\n","uploadtime":1701150518,"views":3,"p1id":"akides","p2id":"femo953","formatid":"gen9ou","rating":1063,"private":0,"password":""}