{"id":"gen9ou-1996966216","p1":"Gunther unter","p2":"Silly Croco","format":"[Gen 9] OU","log":"|j|\u2606Gunther unter\n|j|\u2606Silly Croco\n|t:|1700750545\n|gametype|singles\n|player|p1|Gunther unter|2|1133\n|player|p2|Silly Croco|alec-anime|1202\n|teamsize|p1|6\n|teamsize|p2|6\n|gen|9\n|tier|[Gen 9] OU\n|rated|\n|rule|Sleep Clause Mod: Limit one foe put to sleep\n|rule|Species Clause: Limit one of each Pok\u00e9mon\n|rule|OHKO Clause: OHKO moves are banned\n|rule|Evasion Items Clause: Evasion items are banned\n|rule|Evasion Moves Clause: Evasion moves are banned\n|rule|Endless Battle Clause: Forcing endless battles is banned\n|rule|HP Percentage Mod: HP is shown in percentages\n|clearpoke\n|poke|p1|Garganacl, M|\n|poke|p1|Great Tusk|\n|poke|p1|Gholdengo|\n|poke|p1|Iron Valiant|\n|poke|p1|Dragonite, F|\n|poke|p1|Zapdos|\n|poke|p2|Zapdos|\n|poke|p2|Heatran, M|\n|poke|p2|Great Tusk|\n|poke|p2|Rillaboom, F|\n|poke|p2|Weavile, M|\n|poke|p2|Manaphy|\n|teampreview\n|\n|t:|1700750555\n|start\n|switch|p1a: Great Tusk|Great Tusk|100\/100\n|switch|p2a: Weavile|Weavile, M|100\/100\n|-ability|p2a: Weavile|Pressure\n|turn|1\n|inactive|Battle timer is ON: inactive players will automatically lose when time's up. (requested by Silly Croco)\n|\n|t:|1700750609\n|-end|p1a: Great Tusk|Protosynthesis|[silent]\n|switch|p1a: Garganacl|Garganacl, M|100\/100\n|move|p2a: Weavile|Icicle Spear|p1a: Garganacl\n|-damage|p1a: Garganacl|94\/100\n|-damage|p1a: Garganacl|86\/100\n|-damage|p1a: Garganacl|79\/100\n|-crit|p1a: Garganacl\n|-damage|p1a: Garganacl|70\/100\n|-damage|p1a: Garganacl|63\/100\n|-hitcount|p1a: Garganacl|5\n|\n|-heal|p1a: Garganacl|69\/100|[from] item: Leftovers\n|upkeep\n|turn|2\n|inactive|Silly Croco has 120 seconds left.\n|inactive|Gunther unter has 120 seconds left.\n|\n|t:|1700750657\n|switch|p2a: Rillaboom|Rillaboom, F|100\/100\n|-fieldstart|move: Grassy Terrain|[from] ability: Grassy Surge|[of] p2a: Rillaboom\n|move|p1a: Garganacl|Salt Cure|p2a: Rillaboom\n|-damage|p2a: Rillaboom|85\/100\n|-start|p2a: Rillaboom|Salt Cure\n|\n|-heal|p2a: Rillaboom|91\/100|[from] Grassy Terrain\n|-heal|p1a: Garganacl|75\/100|[from] Grassy Terrain\n|-heal|p1a: Garganacl|81\/100|[from] item: Leftovers\n|-damage|p2a: Rillaboom|79\/100|[from] Salt Cure\n|upkeep\n|turn|3\n|inactive|Gunther unter has 120 seconds left.\n|\n|t:|1700750681\n|switch|p1a: Gholdengo|Gholdengo|100\/100\n|-item|p1a: Gholdengo|Air Balloon\n|move|p2a: Rillaboom|U-turn|p1a: Gholdengo\n|-resisted|p1a: Gholdengo\n|-damage|p1a: Gholdengo|93\/100\n|-enditem|p1a: Gholdengo|Air Balloon\n|inactive|Silly Croco has 90 seconds left.\n|\n|t:|1700750721\n|switch|p2a: Manaphy|Manaphy|100\/100|[from] U-turn\n|\n|-heal|p1a: Gholdengo|99\/100|[from] Grassy Terrain\n|upkeep\n|turn|4\n|inactive|Gunther unter has 120 seconds left.\n|inactive|Gunther unter has 90 seconds left.\n|\n|t:|1700750770\n|switch|p1a: Zapdos|Zapdos|100\/100\n|move|p2a: Manaphy|Tail Glow|p2a: Manaphy\n|-boost|p2a: Manaphy|spa|3\n|\n|upkeep\n|turn|5\n|inactive|Silly Croco has 90 seconds left.\n|\n|t:|1700750781\n|move|p2a: Manaphy|Ice Beam|p1a: Zapdos\n|-supereffective|p1a: Zapdos\n|-damage|p1a: Zapdos|18\/100\n|move|p1a: Zapdos|Discharge|p2a: Manaphy\n|-supereffective|p2a: Manaphy\n|-damage|p2a: Manaphy|37\/100\n|\n|-heal|p2a: Manaphy|43\/100|[from] Grassy Terrain\n|upkeep\n|turn|6\n|inactive|Gunther unter has 90 seconds left.\n|inactive|Silly Croco has 90 seconds left.\n|\n|t:|1700750801\n|switch|p1a: Iron Valiant|Iron Valiant|100\/100\n|move|p2a: Manaphy|Scald|p1a: Iron Valiant\n|-damage|p1a: Iron Valiant|0 fnt\n|faint|p1a: Iron Valiant\n|-end|p1a: Iron Valiant|Quark Drive|[silent]\n|\n|-heal|p2a: Manaphy|49\/100|[from] Grassy Terrain\n|-fieldend|move: Grassy Terrain\n|upkeep\n|-message|Gunther unter forfeited.\n|\n|win|Silly Croco\n|raw|Gunther unter's rating: 1133 &rarr; <strong>1113<\/strong><br \/>(-20 for losing)\n|raw|Silly Croco's rating: 1202 &rarr; <strong>1222<\/strong><br \/>(+20 for winning)\n|l|\u2606Gunther unter\n|c|\u2606Silly Croco|ggs\n","uploadtime":1700750817,"views":1,"p1id":"guntherunter","p2id":"sillycroco","formatid":"gen9ou","rating":1113,"private":0,"password":""}