{"id":"gen9ou-1989764664","p1":"Diatere","p2":"Helpful_Heracross","format":"[Gen 9] OU","log":"|j|\u2606Diatere\n|j|\u2606Helpful_Heracross\n|t:|1699893783\n|gametype|singles\n|player|p1|Diatere|mina|1346\n|player|p2|Helpful_Heracross|265|1432\n|teamsize|p1|6\n|teamsize|p2|6\n|gen|9\n|tier|[Gen 9] OU\n|rated|\n|rule|Sleep Clause Mod: Limit one foe put to sleep\n|rule|Species Clause: Limit one of each Pok\u00e9mon\n|rule|OHKO Clause: OHKO moves are banned\n|rule|Evasion Items Clause: Evasion items are banned\n|rule|Evasion Moves Clause: Evasion moves are banned\n|rule|Endless Battle Clause: Forcing endless battles is banned\n|rule|HP Percentage Mod: HP is shown in percentages\n|clearpoke\n|poke|p1|Ninetales-Alola, M|\n|poke|p1|Sneasler, M|\n|poke|p1|Hatterene, F|\n|poke|p1|Manaphy|\n|poke|p1|Ogerpon-Cornerstone, F|\n|poke|p1|Rillaboom, M|\n|poke|p2|Garganacl, F|\n|poke|p2|Quaquaval, F|\n|poke|p2|Weezing-Galar, F|\n|poke|p2|Ogerpon, F|\n|poke|p2|Enamorus, F|\n|poke|p2|Iron Valiant|\n|teampreview\n|j| The Crusade\n|\n|t:|1699893792\n|start\n|switch|p1a: Gamzee|Rillaboom, M|100\/100\n|switch|p2a: Quaquaval|Quaquaval, F|100\/100\n|-fieldstart|move: Grassy Terrain|[from] ability: Grassy Surge|[of] p1a: Gamzee\n|turn|1\n|j| sleepcooling\n|\n|t:|1699893796\n|move|p1a: Gamzee|Grassy Glide|p2a: Quaquaval\n|-supereffective|p2a: Quaquaval\n|-damage|p2a: Quaquaval|0 fnt\n|faint|p2a: Quaquaval\n|\n|upkeep\n|\n|t:|1699893805\n|switch|p2a: Enamorus|Enamorus, F|100\/100\n|turn|2\n|c|\u2606Diatere|ooh there's an entourage\n|c|\u2606Diatere|hello! :)\n|\n|t:|1699893817\n|switch|p1a: Tavros|Ninetales-Alola, M|100\/100\n|-weather|Snow|[from] ability: Snow Warning|[of] p1a: Tavros\n|move|p2a: Enamorus|Substitute|p2a: Enamorus\n|-start|p2a: Enamorus|Substitute\n|-damage|p2a: Enamorus|76\/100\n|\n|-weather|Snow|[upkeep]\n|-heal|p2a: Enamorus|82\/100|[from] item: Leftovers\n|upkeep\n|turn|3\n|c| The Crusade|Just passing by. o\/\n|\n|t:|1699893828\n|move|p1a: Tavros|Encore|p2a: Enamorus\n|-start|p2a: Enamorus|Encore\n|move|p2a: Enamorus|Substitute|p2a: Enamorus\n|-fail|p2a: Enamorus|move: Substitute\n|\n|-weather|Snow|[upkeep]\n|-heal|p2a: Enamorus|88\/100|[from] item: Leftovers\n|upkeep\n|turn|4\n|\n|t:|1699893834\n|switch|p2a: Garganacl|Garganacl, F|100\/100\n|move|p1a: Tavros|Aurora Veil|p1a: Tavros\n|-sidestart|p1: Diatere|move: Aurora Veil\n|\n|-weather|Snow|[upkeep]\n|upkeep\n|turn|5\n|\n|t:|1699893848\n|switch|p1a: Karkat|Sneasler, M|100\/100\n|-enditem|p1a: Karkat|Grassy Seed\n|-boost|p1a: Karkat|def|1|[from] item: Grassy Seed\n|move|p2a: Garganacl|Salt Cure|p1a: Karkat\n|-resisted|p1a: Karkat\n|-damage|p1a: Karkat|97\/100\n|-start|p1a: Karkat|Salt Cure\n|\n|-weather|Snow|[upkeep]\n|-heal|p1a: Karkat|100\/100|[from] Grassy Terrain\n|-damage|p1a: Karkat|88\/100|[from] Salt Cure\n|-fieldend|move: Grassy Terrain\n|upkeep\n|turn|6\n|\n|t:|1699893854\n|-terastallize|p2a: Garganacl|Ghost\n|move|p1a: Karkat|Swords Dance|p1a: Karkat\n|-boost|p1a: Karkat|atk|2\n|move|p2a: Garganacl|Iron Defense|p2a: Garganacl\n|-boost|p2a: Garganacl|def|2\n|\n|-weather|none\n|-damage|p1a: Karkat|76\/100|[from] Salt Cure\n|upkeep\n|turn|7\n|\n|t:|1699893866\n|-terastallize|p1a: Karkat|Flying\n|move|p1a: Karkat|Acrobatics|p2a: Garganacl\n|-damage|p2a: Garganacl|68\/100\n|move|p2a: Garganacl|Salt Cure|p1a: Karkat\n|-supereffective|p1a: Karkat\n|-damage|p1a: Karkat|61\/100\n|\n|-heal|p2a: Garganacl|74\/100|[from] item: Leftovers\n|-damage|p1a: Karkat|48\/100|[from] Salt Cure\n|upkeep\n|turn|8\n|\n|t:|1699893872\n|move|p1a: Karkat|Acrobatics|p2a: Garganacl\n|-damage|p2a: Garganacl|42\/100\n|move|p2a: Garganacl|Iron Defense|p2a: Garganacl\n|-boost|p2a: Garganacl|def|2\n|\n|-heal|p2a: Garganacl|48\/100|[from] item: Leftovers\n|-damage|p1a: Karkat|36\/100|[from] Salt Cure\n|upkeep\n|turn|9\n|\n|t:|1699893876\n|move|p1a: Karkat|Acrobatics|p2a: Garganacl\n|-damage|p2a: Garganacl|25\/100\n|move|p2a: Garganacl|Recover|p2a: Garganacl\n|-heal|p2a: Garganacl|75\/100\n|\n|-heal|p2a: Garganacl|82\/100|[from] item: Leftovers\n|-damage|p1a: Karkat|24\/100|[from] Salt Cure\n|upkeep\n|turn|10\n|\n|t:|1699893888\n|move|p1a: Karkat|Acrobatics|p2a: Garganacl\n|-damage|p2a: Garganacl|59\/100\n|move|p2a: Garganacl|Iron Defense|p2a: Garganacl\n|-boost|p2a: Garganacl|def|2\n|\n|-heal|p2a: Garganacl|65\/100|[from] item: Leftovers\n|-damage|p1a: Karkat|11\/100|[from] Salt Cure\n|upkeep\n|turn|11\n|\n|t:|1699893892\n|move|p1a: Karkat|Acrobatics|p2a: Garganacl\n|-damage|p2a: Garganacl|50\/100\n|move|p2a: Garganacl|Recover|p2a: Garganacl\n|-heal|p2a: Garganacl|99\/100\n|\n|-heal|p2a: Garganacl|100\/100|[from] item: Leftovers\n|-damage|p1a: Karkat|0 fnt|[from] Salt Cure\n|faint|p1a: Karkat\n|-sideend|p1: Diatere|move: Aurora Veil\n|upkeep\n|\n|t:|1699893896\n|switch|p1a: Gamzee|Rillaboom, M|100\/100\n|-fieldstart|move: Grassy Terrain|[from] ability: Grassy Surge|[of] p1a: Gamzee\n|turn|12\n|\n|t:|1699893899\n|move|p1a: Gamzee|Knock Off|p2a: Garganacl\n|-supereffective|p2a: Garganacl\n|-damage|p2a: Garganacl|87\/100\n|-enditem|p2a: Garganacl|Leftovers|[from] move: Knock Off|[of] p1a: Gamzee\n|move|p2a: Garganacl|Body Press|p1a: Gamzee\n|-damage|p1a: Gamzee|0 fnt\n|faint|p1a: Gamzee\n|\n|-heal|p2a: Garganacl|93\/100|[from] Grassy Terrain\n|upkeep\n|\n|t:|1699893911\n|switch|p1a: Terezi|Manaphy|100\/100\n|turn|13\n|\n|t:|1699893921\n|move|p1a: Terezi|Acid Armor|p1a: Terezi\n|-boost|p1a: Terezi|def|2\n|move|p2a: Garganacl|Body Press|p1a: Terezi\n|-damage|p1a: Terezi|46\/100\n|\n|-heal|p1a: Terezi|52\/100|[from] Grassy Terrain\n|-heal|p1a: Terezi|58\/100|[from] item: Leftovers\n|-heal|p2a: Garganacl|99\/100|[from] Grassy Terrain\n|upkeep\n|turn|14\n|\n|t:|1699893928\n|move|p1a: Terezi|Acid Armor|p1a: Terezi\n|-boost|p1a: Terezi|def|2\n|move|p2a: Garganacl|Salt Cure|p1a: Terezi\n|-damage|p1a: Terezi|54\/100\n|-start|p1a: Terezi|Salt Cure\n|\n|-heal|p1a: Terezi|60\/100|[from] Grassy Terrain\n|-heal|p1a: Terezi|66\/100|[from] item: Leftovers\n|-heal|p2a: Garganacl|100\/100|[from] Grassy Terrain\n|-damage|p1a: Terezi|41\/100|[from] Salt Cure\n|upkeep\n|turn|15\n|\n|t:|1699893936\n|switch|p2a: Enamorus|Enamorus, F|88\/100\n|move|p1a: Terezi|Stored Power|p2a: Enamorus\n|-damage|p2a: Enamorus|51\/100\n|\n|-heal|p2a: Enamorus|57\/100|[from] item: Leftovers\n|-heal|p1a: Terezi|47\/100|[from] Grassy Terrain\n|-heal|p1a: Terezi|54\/100|[from] item: Leftovers\n|-damage|p1a: Terezi|29\/100|[from] Salt Cure\n|upkeep\n|turn|16\n|\n|t:|1699893943\n|move|p2a: Enamorus|Taunt|p1a: Terezi\n|-start|p1a: Terezi|move: Taunt\n|cant|p1a: Terezi|move: Taunt|Take Heart\n|\n|-heal|p2a: Enamorus|63\/100|[from] item: Leftovers\n|-heal|p1a: Terezi|35\/100|[from] Grassy Terrain\n|-heal|p1a: Terezi|41\/100|[from] item: Leftovers\n|-damage|p1a: Terezi|16\/100|[from] Salt Cure\n|-fieldend|move: Grassy Terrain\n|upkeep\n|turn|17\n|\n|t:|1699893949\n|move|p2a: Enamorus|Moonblast|p1a: Terezi\n|-damage|p1a: Terezi|0 fnt\n|faint|p1a: Terezi\n|\n|-heal|p2a: Enamorus|69\/100|[from] item: Leftovers\n|upkeep\n|\n|t:|1699893953\n|switch|p1a: Vriska|Ogerpon-Cornerstone, F|100\/100\n|turn|18\n|\n|t:|1699893958\n|switch|p2a: Garganacl|Garganacl, F, tera:Ghost|100\/100\n|move|p1a: Vriska|Ivy Cudgel|p2a: Garganacl\n|-damage|p2a: Garganacl|73\/100\n|\n|upkeep\n|turn|19\n|\n|t:|1699893972\n|switch|p1a: Tavros|Ninetales-Alola, M|100\/100\n|-weather|Snow|[from] ability: Snow Warning|[of] p1a: Tavros\n|move|p2a: Garganacl|Salt Cure|p1a: Tavros\n|-supereffective|p1a: Tavros\n|-damage|p1a: Tavros|76\/100\n|-start|p1a: Tavros|Salt Cure\n|\n|-weather|Snow|[upkeep]\n|-damage|p1a: Tavros|64\/100|[from] Salt Cure\n|upkeep\n|turn|20\n|\n|t:|1699893977\n|move|p1a: Tavros|Aurora Veil|p1a: Tavros\n|-sidestart|p1: Diatere|move: Aurora Veil\n|move|p2a: Garganacl|Salt Cure|p1a: Tavros\n|-supereffective|p1a: Tavros\n|-damage|p1a: Tavros|52\/100\n|\n|-weather|Snow|[upkeep]\n|-damage|p1a: Tavros|39\/100|[from] Salt Cure\n|upkeep\n|turn|21\n|\n|t:|1699893984\n|switch|p1a: Kanaya|Hatterene, F|100\/100\n|move|p2a: Garganacl|Iron Defense|p2a: Garganacl\n|-boost|p2a: Garganacl|def|2\n|\n|-weather|Snow|[upkeep]\n|upkeep\n|turn|22\n|\n|t:|1699893988\n|switch|p1a: Tavros|Ninetales-Alola, M|39\/100\n|move|p2a: Garganacl|Salt Cure|p1a: Tavros\n|-supereffective|p1a: Tavros\n|-damage|p1a: Tavros|29\/100\n|-start|p1a: Tavros|Salt Cure\n|\n|-weather|Snow|[upkeep]\n|-damage|p1a: Tavros|17\/100|[from] Salt Cure\n|upkeep\n|turn|23\n|\n|t:|1699893991\n|switch|p1a: Kanaya|Hatterene, F|100\/100\n|move|p2a: Garganacl|Salt Cure|p1a: Kanaya\n|-damage|p1a: Kanaya|94\/100\n|-start|p1a: Kanaya|Salt Cure\n|\n|-weather|none\n|-damage|p1a: Kanaya|82\/100|[from] Salt Cure\n|upkeep\n|turn|24\n|\n|t:|1699893998\n|switch|p2a: Enamorus|Enamorus, F|69\/100\n|move|p1a: Kanaya|Calm Mind|p1a: Kanaya\n|-boost|p1a: Kanaya|spa|1\n|-boost|p1a: Kanaya|spd|1\n|\n|-heal|p2a: Enamorus|75\/100|[from] item: Leftovers\n|-damage|p1a: Kanaya|69\/100|[from] Salt Cure\n|upkeep\n|turn|25\n|\n|t:|1699894002\n|move|p2a: Enamorus|Moonblast|p1a: Kanaya\n|-damage|p1a: Kanaya|53\/100\n|move|p1a: Kanaya|Draining Kiss|p2a: Enamorus\n|-damage|p2a: Enamorus|32\/100\n|-heal|p1a: Kanaya|88\/100|[from] drain|[of] p2a: Enamorus\n|\n|-heal|p2a: Enamorus|38\/100|[from] item: Leftovers\n|-damage|p1a: Kanaya|76\/100|[from] Salt Cure\n|upkeep\n|turn|26\n|\n|t:|1699894009\n|move|p2a: Enamorus|Moonblast|p1a: Kanaya\n|-damage|p1a: Kanaya|60\/100\n|-unboost|p1a: Kanaya|spa|1\n|move|p1a: Kanaya|Draining Kiss|p2a: Enamorus\n|-damage|p2a: Enamorus|12\/100\n|-heal|p1a: Kanaya|83\/100|[from] drain|[of] p2a: Enamorus\n|\n|-heal|p2a: Enamorus|18\/100|[from] item: Leftovers\n|-damage|p1a: Kanaya|71\/100|[from] Salt Cure\n|upkeep\n|turn|27\n|\n|t:|1699894018\n|switch|p2a: Weezing|Weezing-Galar, F|100\/100\n|-ability|p2a: Weezing|Neutralizing Gas\n|move|p1a: Kanaya|Calm Mind|p1a: Kanaya\n|-boost|p1a: Kanaya|spa|1\n|-boost|p1a: Kanaya|spd|1\n|\n|-damage|p1a: Kanaya|58\/100|[from] Salt Cure\n|-sideend|p1: Diatere|move: Aurora Veil\n|upkeep\n|turn|28\n|\n|t:|1699894022\n|move|p2a: Weezing|Will-O-Wisp|p1a: Kanaya\n|-status|p1a: Kanaya|brn\n|move|p1a: Kanaya|Psyshock|p2a: Weezing\n|-supereffective|p2a: Weezing\n|-damage|p2a: Weezing|35\/100\n|\n|-heal|p2a: Weezing|41\/100|[from] item: Leftovers\n|-damage|p1a: Kanaya|52\/100 brn|[from] brn\n|-damage|p1a: Kanaya|40\/100 brn|[from] Salt Cure\n|upkeep\n|turn|29\n|\n|t:|1699894027\n|move|p2a: Weezing|Strange Steam|p1a: Kanaya\n|-damage|p1a: Kanaya|24\/100 brn\n|move|p1a: Kanaya|Psyshock|p2a: Weezing\n|-supereffective|p2a: Weezing\n|-damage|p2a: Weezing|0 fnt\n|faint|p2a: Weezing\n|-end|p2a: Weezing|ability: Neutralizing Gas\n|\n|-damage|p1a: Kanaya|18\/100 brn|[from] brn\n|-damage|p1a: Kanaya|6\/100 brn|[from] Salt Cure\n|upkeep\n|\n|t:|1699894033\n|switch|p2a: Ogerpon|Ogerpon, F|100\/100\n|turn|30\n|\n|t:|1699894037\n|move|p2a: Ogerpon|U-turn|p1a: Kanaya\n|-damage|p1a: Kanaya|0 fnt\n|faint|p1a: Kanaya\n|\n|t:|1699894046\n|switch|p2a: Iron Valiant|Iron Valiant|100\/100|[from] U-turn\n|\n|upkeep\n|\n|t:|1699894052\n|switch|p1a: Tavros|Ninetales-Alola, M|17\/100\n|-weather|Snow|[from] ability: Snow Warning|[of] p1a: Tavros\n|turn|31\n|\n|t:|1699894055\n|move|p2a: Iron Valiant|Moonblast|p1a: Tavros\n|-damage|p1a: Tavros|0 fnt\n|faint|p1a: Tavros\n|\n|-weather|Snow|[upkeep]\n|upkeep\n|\n|t:|1699894057\n|switch|p1a: Vriska|Ogerpon-Cornerstone, F|100\/100\n|turn|32\n|\n|t:|1699894060\n|move|p2a: Iron Valiant|Aura Sphere|p1a: Vriska\n|-supereffective|p1a: Vriska\n|-ability|p1a: Vriska|Sturdy\n|-damage|p1a: Vriska|1\/100\n|move|p1a: Vriska|Ivy Cudgel|p2a: Iron Valiant\n|-resisted|p2a: Iron Valiant\n|-damage|p2a: Iron Valiant|63\/100\n|\n|-weather|Snow|[upkeep]\n|upkeep\n|turn|33\n|c|\u2606Diatere|ggs\n|c|\u2606Helpful_Heracross|Gg\n|\n|t:|1699894072\n|move|p2a: Iron Valiant|Aura Sphere|p1a: Vriska\n|-supereffective|p1a: Vriska\n|-damage|p1a: Vriska|0 fnt\n|faint|p1a: Vriska\n|\n|win|Helpful_Heracross\n|raw|Diatere's rating: 1346 &rarr; <strong>1331<\/strong><br \/>(-15 for losing)\n|raw|Helpful_Heracross's rating: 1432 &rarr; <strong>1447<\/strong><br \/>(+15 for winning)\n|l| The Crusade\n","uploadtime":1699894084,"views":8,"p1id":"diatere","p2id":"helpfulheracross","formatid":"gen9ou","rating":1331,"private":0,"password":""}