{"id":"gen9ou-1999928538","p1":"OUVT Zamorakism","p2":"310YM4N74N3R0","format":"[Gen 9] OU","log":"|j|\u2606OUVT Zamorakism\n|j|\u2606310YM4N74N3R0\n|t:|1701131151\n|gametype|singles\n|player|p1|OUVT Zamorakism|archer|1777\n|player|p2|310YM4N74N3R0|pokemonrangerf|1798\n|teamsize|p1|6\n|teamsize|p2|6\n|gen|9\n|tier|[Gen 9] OU\n|rated|\n|rule|Sleep Clause Mod: Limit one foe put to sleep\n|rule|Species Clause: Limit one of each Pok\u00e9mon\n|rule|OHKO Clause: OHKO moves are banned\n|rule|Evasion Items Clause: Evasion items are banned\n|rule|Evasion Moves Clause: Evasion moves are banned\n|rule|Endless Battle Clause: Forcing endless battles is banned\n|rule|HP Percentage Mod: HP is shown in percentages\n|clearpoke\n|poke|p1|Amoonguss, M|\n|poke|p1|Alomomola, M|\n|poke|p1|Cinderace, M|\n|poke|p1|Ogerpon-Wellspring, F|\n|poke|p1|Dondozo, M|\n|poke|p1|Ting-Lu|\n|poke|p2|Clodsire, M|\n|poke|p2|Thundurus-Therian, M|\n|poke|p2|Breloom, F|\n|poke|p2|Ceruledge, F|\n|poke|p2|Slowking, F|\n|poke|p2|Corviknight, M|\n|teampreview\n|j| Dad hoarder\n|j| Seleukos\n|\n|t:|1701131188\n|start\n|switch|p1a: Amoonguss|Amoonguss, M|100\/100\n|switch|p2a: Ceruledge|Ceruledge, F|100\/100\n|turn|1\n|\n|t:|1701131196\n|move|p2a: Ceruledge|Bitter Blade|p1a: Amoonguss\n|-supereffective|p1a: Amoonguss\n|-damage|p1a: Amoonguss|17\/100\n|move|p1a: Amoonguss|Toxic|p2a: Ceruledge\n|-status|p2a: Ceruledge|tox\n|\n|-heal|p1a: Amoonguss|23\/100|[from] item: Leftovers\n|-damage|p2a: Ceruledge|94\/100 tox|[from] psn\n|upkeep\n|turn|2\n|inactive|Battle timer is ON: inactive players will automatically lose when time's up. (requested by 310YM4N74N3R0)\n|\n|t:|1701131215\n|switch|p2a: Thundurus|Thundurus-Therian, M|100\/100\n|switch|p1a: Alomomola|Alomomola, M|100\/100\n|\n|upkeep\n|turn|3\n|\n|t:|1701131239\n|switch|p2a: Breloom|Breloom, F|100\/100\n|move|p1a: Alomomola|Protect||[still]\n|-fail|p1a: Alomomola\n|\n|upkeep\n|turn|4\n|\n|t:|1701131251\n|switch|p1a: Amoonguss|Amoonguss, M|57\/100\n|move|p2a: Breloom|Rock Tomb|p1a: Amoonguss\n|-damage|p1a: Amoonguss|31\/100\n|-unboost|p1a: Amoonguss|spe|1\n|\n|-heal|p1a: Amoonguss|37\/100|[from] item: Leftovers\n|upkeep\n|turn|5\n|j| JoeyIreland11\n|\n|t:|1701131266\n|switch|p2a: Slowking|Slowking, F|100\/100\n|move|p1a: Amoonguss|Toxic|p2a: Slowking\n|-status|p2a: Slowking|tox\n|\n|-heal|p1a: Amoonguss|43\/100|[from] item: Leftovers\n|-damage|p2a: Slowking|94\/100 tox|[from] psn\n|upkeep\n|turn|6\n|\n|t:|1701131272\n|switch|p1a: Alomomola|Alomomola, M|100\/100\n|move|p2a: Slowking|Future Sight|p1a: Alomomola\n|-start|p2a: Slowking|move: Future Sight\n|\n|-damage|p2a: Slowking|82\/100 tox|[from] psn\n|upkeep\n|turn|7\n|j| HYper\n|\n|t:|1701131280\n|switch|p2a: Breloom|Breloom, F|100\/100\n|move|p1a: Alomomola|Wish|p1a: Alomomola\n|\n|upkeep\n|turn|8\n|\n|t:|1701131294\n|move|p2a: Breloom|Bullet Seed|p1a: Alomomola\n|-supereffective|p1a: Alomomola\n|-damage|p1a: Alomomola|71\/100\n|-supereffective|p1a: Alomomola\n|-damage|p1a: Alomomola|40\/100\n|-supereffective|p1a: Alomomola\n|-damage|p1a: Alomomola|9\/100\n|-supereffective|p1a: Alomomola\n|-damage|p1a: Alomomola|0 fnt\n|faint|p1a: Alomomola\n|-hitcount|p1: Alomomola|4\n|\n|-hint|Future Sight did not hit because the target is fainted.\n|upkeep\n|\n|t:|1701131305\n|switch|p1a: Cinderace|Cinderace, M|100\/100\n|turn|9\n|l| Dad hoarder\n|\n|t:|1701131323\n|switch|p2a: Ceruledge|Ceruledge, F|94\/100 tox\n|move|p1a: Cinderace|U-turn|p2a: Ceruledge\n|-resisted|p2a: Ceruledge\n|-damage|p2a: Ceruledge|86\/100 tox\n|-ability|p2a: Ceruledge|Weak Armor|boost\n|-unboost|p2a: Ceruledge|def|1\n|-boost|p2a: Ceruledge|spe|2\n|\n|t:|1701131330\n|switch|p1a: Ting-Lu|Ting-Lu|100\/100|[from] U-turn\n|-ability|p1a: Ting-Lu|Vessel of Ruin\n|\n|-damage|p2a: Ceruledge|80\/100 tox|[from] psn\n|upkeep\n|turn|10\n|\n|t:|1701131337\n|switch|p2a: Breloom|Breloom, F|100\/100\n|move|p1a: Ting-Lu|Stealth Rock|p2a: Breloom\n|-sidestart|p2: 310YM4N74N3R0|move: Stealth Rock\n|\n|upkeep\n|turn|11\n|\n|t:|1701131347\n|switch|p1a: Amoonguss|Amoonguss, M|76\/100\n|move|p2a: Breloom|Rock Tomb|p1a: Amoonguss\n|-damage|p1a: Amoonguss|47\/100\n|-unboost|p1a: Amoonguss|spe|1\n|\n|-heal|p1a: Amoonguss|54\/100|[from] item: Leftovers\n|upkeep\n|turn|12\n|\n|t:|1701131356\n|switch|p2a: Ceruledge|Ceruledge, F|80\/100 tox\n|-damage|p2a: Ceruledge|55\/100 tox|[from] Stealth Rock\n|move|p1a: Amoonguss|Giga Drain|p2a: Ceruledge\n|-resisted|p2a: Ceruledge\n|-damage|p2a: Ceruledge|43\/100 tox\n|-heal|p1a: Amoonguss|58\/100|[from] drain|[of] p2a: Ceruledge\n|\n|-heal|p1a: Amoonguss|64\/100|[from] item: Leftovers\n|-damage|p2a: Ceruledge|37\/100 tox|[from] psn\n|upkeep\n|turn|13\n|\n|t:|1701131372\n|switch|p2a: Breloom|Breloom, F|100\/100\n|-damage|p2a: Breloom|94\/100|[from] Stealth Rock\n|switch|p1a: Ting-Lu|Ting-Lu|100\/100\n|-ability|p1a: Ting-Lu|Vessel of Ruin\n|\n|upkeep\n|turn|14\n|\n|t:|1701131377\n|switch|p1a: Amoonguss|Amoonguss, M|97\/100\n|move|p2a: Breloom|Bullet Seed|p1a: Amoonguss\n|-resisted|p1a: Amoonguss\n|-damage|p1a: Amoonguss|93\/100\n|-resisted|p1a: Amoonguss\n|-damage|p1a: Amoonguss|89\/100\n|-resisted|p1a: Amoonguss\n|-damage|p1a: Amoonguss|84\/100\n|-resisted|p1a: Amoonguss\n|-damage|p1a: Amoonguss|79\/100\n|-resisted|p1a: Amoonguss\n|-damage|p1a: Amoonguss|75\/100\n|-hitcount|p1a: Amoonguss|5\n|\n|-heal|p1a: Amoonguss|81\/100|[from] item: Leftovers\n|upkeep\n|turn|15\n|j| OUZD PachiPoo\n|\n|t:|1701131383\n|switch|p2a: Ceruledge|Ceruledge, F|37\/100 tox\n|-damage|p2a: Ceruledge|12\/100 tox|[from] Stealth Rock\n|move|p1a: Amoonguss|Clear Smog|p2a: Ceruledge\n|-resisted|p2a: Ceruledge\n|-damage|p2a: Ceruledge|3\/100 tox\n|-clearboost|p2a: Ceruledge\n|\n|-heal|p1a: Amoonguss|88\/100|[from] item: Leftovers\n|-damage|p2a: Ceruledge|0 fnt|[from] psn\n|faint|p2a: Ceruledge\n|upkeep\n|\n|t:|1701131392\n|switch|p2a: Corviknight|Corviknight, M, shiny|100\/100\n|-damage|p2a: Corviknight|88\/100|[from] Stealth Rock\n|turn|16\n|\n|t:|1701131397\n|move|p2a: Corviknight|Bulk Up|p2a: Corviknight\n|-boost|p2a: Corviknight|atk|1\n|-boost|p2a: Corviknight|def|1\n|move|p1a: Amoonguss|Spore|p2a: Corviknight\n|-status|p2a: Corviknight|slp|[from] move: Spore\n|\n|-heal|p2a: Corviknight|94\/100 slp|[from] item: Leftovers\n|-heal|p1a: Amoonguss|94\/100|[from] item: Leftovers\n|upkeep\n|turn|17\n|\n|t:|1701131412\n|switch|p1a: Ting-Lu|Ting-Lu|100\/100\n|-ability|p1a: Ting-Lu|Vessel of Ruin\n|cant|p2a: Corviknight|slp\n|\n|-heal|p2a: Corviknight|99\/100 slp|[from] item: Leftovers\n|upkeep\n|turn|18\n|\n|t:|1701131419\n|-curestatus|p2a: Corviknight|slp|[msg]\n|move|p2a: Corviknight|Brave Bird|p1a: Ting-Lu\n|-damage|p1a: Ting-Lu|69\/100\n|-damage|p2a: Corviknight|88\/100|[from] Recoil\n|move|p1a: Ting-Lu|Ruination|p2a: Corviknight\n|-damage|p2a: Corviknight|44\/100\n|\n|-heal|p2a: Corviknight|50\/100|[from] item: Leftovers\n|-heal|p1a: Ting-Lu|75\/100|[from] item: Leftovers\n|upkeep\n|turn|19\n|\n|t:|1701131430\n|switch|p1a: Dondozo|Dondozo, M|100\/100\n|move|p2a: Corviknight|Roost|p2a: Corviknight\n|-heal|p2a: Corviknight|99\/100\n|-singleturn|p2a: Corviknight|move: Roost\n|\n|-heal|p2a: Corviknight|100\/100|[from] item: Leftovers\n|upkeep\n|turn|20\n|\n|t:|1701131438\n|switch|p2a: Breloom|Breloom, F|94\/100\n|-damage|p2a: Breloom|88\/100|[from] Stealth Rock\n|move|p1a: Dondozo|Liquidation|p2a: Breloom\n|-resisted|p2a: Breloom\n|-damage|p2a: Breloom|66\/100\n|-unboost|p2a: Breloom|def|1\n|\n|upkeep\n|turn|21\n|\n|t:|1701131443\n|switch|p1a: Amoonguss|Amoonguss, M|100\/100\n|move|p2a: Breloom|Bullet Seed|p1a: Amoonguss\n|-resisted|p1a: Amoonguss\n|-crit|p1a: Amoonguss\n|-damage|p1a: Amoonguss|94\/100\n|-resisted|p1a: Amoonguss\n|-damage|p1a: Amoonguss|90\/100\n|-resisted|p1a: Amoonguss\n|-damage|p1a: Amoonguss|85\/100\n|-resisted|p1a: Amoonguss\n|-damage|p1a: Amoonguss|81\/100\n|-hitcount|p1a: Amoonguss|4\n|\n|-heal|p1a: Amoonguss|87\/100|[from] item: Leftovers\n|upkeep\n|turn|22\n|\n|t:|1701131451\n|switch|p2a: Slowking|Slowking, F|100\/100 tox\n|-damage|p2a: Slowking|88\/100 tox|[from] Stealth Rock\n|move|p1a: Amoonguss|Giga Drain|p2a: Slowking\n|-supereffective|p2a: Slowking\n|-damage|p2a: Slowking|66\/100 tox\n|-heal|p1a: Amoonguss|96\/100|[from] drain|[of] p2a: Slowking\n|\n|-heal|p1a: Amoonguss|100\/100|[from] item: Leftovers\n|-damage|p2a: Slowking|60\/100 tox|[from] psn\n|upkeep\n|turn|23\n|\n|t:|1701131461\n|move|p1a: Amoonguss|Giga Drain|p2a: Slowking\n|-supereffective|p2a: Slowking\n|-damage|p2a: Slowking|37\/100 tox\n|move|p2a: Slowking|Psyshock|p1a: Amoonguss\n|-supereffective|p1a: Amoonguss\n|-damage|p1a: Amoonguss|34\/100\n|\n|-heal|p1a: Amoonguss|40\/100|[from] item: Leftovers\n|-damage|p2a: Slowking|25\/100 tox|[from] psn\n|upkeep\n|turn|24\n|\n|t:|1701131472\n|switch|p1a: Ting-Lu|Ting-Lu|75\/100\n|-ability|p1a: Ting-Lu|Vessel of Ruin\n|switch|p2a: Corviknight|Corviknight, M, shiny|100\/100\n|-damage|p2a: Corviknight|88\/100|[from] Stealth Rock\n|\n|-heal|p2a: Corviknight|94\/100|[from] item: Leftovers\n|-heal|p1a: Ting-Lu|81\/100|[from] item: Leftovers\n|upkeep\n|turn|25\n|j| xxCOALLAxx\n|\n|t:|1701131488\n|switch|p2a: Breloom|Breloom, F|66\/100\n|-damage|p2a: Breloom|60\/100|[from] Stealth Rock\n|move|p1a: Ting-Lu|Ruination|p2a: Breloom|[miss]\n|-miss|p1a: Ting-Lu|p2a: Breloom\n|\n|-heal|p1a: Ting-Lu|87\/100|[from] item: Leftovers\n|upkeep\n|turn|26\n|\n|t:|1701131496\n|switch|p1a: Amoonguss|Amoonguss, M|73\/100\n|move|p2a: Breloom|Rock Tomb|p1a: Amoonguss\n|-damage|p1a: Amoonguss|45\/100\n|-unboost|p1a: Amoonguss|spe|1\n|\n|-heal|p1a: Amoonguss|52\/100|[from] item: Leftovers\n|upkeep\n|turn|27\n|\n|t:|1701131506\n|switch|p2a: Slowking|Slowking, F|58\/100 tox\n|-damage|p2a: Slowking|45\/100 tox|[from] Stealth Rock\n|move|p1a: Amoonguss|Spore||[still]\n|-fail|p1a: Amoonguss\n|\n|-heal|p1a: Amoonguss|58\/100|[from] item: Leftovers\n|-damage|p2a: Slowking|39\/100 tox|[from] psn\n|upkeep\n|turn|28\n|\n|t:|1701131524\n|switch|p1a: Cinderace|Cinderace, M|100\/100\n|move|p2a: Slowking|Future Sight|p1a: Cinderace\n|-start|p2a: Slowking|move: Future Sight\n|\n|-damage|p2a: Slowking|27\/100 tox|[from] psn\n|upkeep\n|turn|29\n|\n|t:|1701131538\n|switch|p2a: Clodsire|Clodsire, M|100\/100\n|-damage|p2a: Clodsire|94\/100|[from] Stealth Rock\n|move|p1a: Cinderace|Pyro Ball|p2a: Clodsire\n|-damage|p2a: Clodsire|35\/100\n|\n|upkeep\n|turn|30\n|\n|t:|1701131547\n|move|p1a: Cinderace|Pyro Ball|p2a: Clodsire|[miss]\n|-miss|p1a: Cinderace|p2a: Clodsire\n|move|p2a: Clodsire|Recover|p2a: Clodsire\n|-heal|p2a: Clodsire|85\/100\n|\n|-end|p1a: Cinderace|move: Future Sight\n|-damage|p1a: Cinderace|20\/100\n|upkeep\n|turn|31\n|c|\u2606OUVT Zamorakism|Wtf\n|\n|t:|1701131561\n|move|p1a: Cinderace|U-turn|p2a: Clodsire\n|-resisted|p2a: Clodsire\n|-damage|p2a: Clodsire|74\/100\n|-damage|p1a: Cinderace|3\/100|[from] item: Rocky Helmet|[of] p2a: Clodsire\n|l| HYper\n|\n|t:|1701131563\n|switch|p1a: Ting-Lu|Ting-Lu|87\/100|[from] U-turn\n|-ability|p1a: Ting-Lu|Vessel of Ruin\n|move|p2a: Clodsire|Earthquake|p1a: Ting-Lu\n|-damage|p1a: Ting-Lu|72\/100\n|\n|-heal|p1a: Ting-Lu|79\/100|[from] item: Leftovers\n|upkeep\n|turn|32\n|\n|t:|1701131577\n|switch|p2a: Breloom|Breloom, F|60\/100\n|-damage|p2a: Breloom|54\/100|[from] Stealth Rock\n|move|p1a: Ting-Lu|Ruination|p2a: Breloom\n|-damage|p2a: Breloom|27\/100\n|\n|-heal|p1a: Ting-Lu|85\/100|[from] item: Leftovers\n|upkeep\n|turn|33\n|\n|t:|1701131584\n|switch|p2a: Slowking|Slowking, F|60\/100 tox\n|-damage|p2a: Slowking|48\/100 tox|[from] Stealth Rock\n|switch|p1a: Amoonguss|Amoonguss, M|91\/100\n|\n|-heal|p1a: Amoonguss|97\/100|[from] item: Leftovers\n|-damage|p2a: Slowking|42\/100 tox|[from] psn\n|upkeep\n|turn|34\n|\n|t:|1701131599\n|move|p1a: Amoonguss|Giga Drain|p2a: Slowking\n|-supereffective|p2a: Slowking\n|-damage|p2a: Slowking|18\/100 tox\n|-heal|p1a: Amoonguss|100\/100|[from] drain|[of] p2a: Slowking\n|move|p2a: Slowking|Psyshock|p1a: Amoonguss\n|-supereffective|p1a: Amoonguss\n|-damage|p1a: Amoonguss|38\/100\n|\n|-heal|p1a: Amoonguss|44\/100|[from] item: Leftovers\n|-damage|p2a: Slowking|6\/100 tox|[from] psn\n|upkeep\n|turn|35\n|\n|t:|1701131608\n|switch|p2a: Corviknight|Corviknight, M, shiny|94\/100\n|-damage|p2a: Corviknight|82\/100|[from] Stealth Rock\n|move|p1a: Amoonguss|Clear Smog|p2a: Corviknight\n|-immune|p2a: Corviknight\n|\n|-heal|p2a: Corviknight|88\/100|[from] item: Leftovers\n|-heal|p1a: Amoonguss|50\/100|[from] item: Leftovers\n|upkeep\n|turn|36\n|\n|t:|1701131612\n|switch|p1a: Dondozo|Dondozo, M|100\/100\n|move|p2a: Corviknight|Brave Bird|p1a: Dondozo\n|-damage|p1a: Dondozo|83\/100\n|-damage|p2a: Corviknight|81\/100|[from] Recoil\n|\n|-heal|p2a: Corviknight|87\/100|[from] item: Leftovers\n|-heal|p1a: Dondozo|90\/100|[from] item: Leftovers\n|upkeep\n|turn|37\n|\n|t:|1701131631\n|switch|p2a: Slowking|Slowking, F|39\/100 tox\n|-damage|p2a: Slowking|27\/100 tox|[from] Stealth Rock\n|move|p1a: Dondozo|Liquidation|p2a: Slowking\n|-resisted|p2a: Slowking\n|-damage|p2a: Slowking|9\/100 tox\n|\n|-heal|p1a: Dondozo|96\/100|[from] item: Leftovers\n|-damage|p2a: Slowking|3\/100 tox|[from] psn\n|upkeep\n|turn|38\n|\n|t:|1701131639\n|move|p1a: Dondozo|Body Press|p2a: Slowking\n|-resisted|p2a: Slowking\n|-damage|p2a: Slowking|0 fnt\n|faint|p2a: Slowking\n|\n|-heal|p1a: Dondozo|100\/100|[from] item: Leftovers\n|upkeep\n|\n|t:|1701131645\n|switch|p2a: Thundurus|Thundurus-Therian, M|100\/100\n|-damage|p2a: Thundurus|76\/100|[from] Stealth Rock\n|turn|39\n|\n|t:|1701131651\n|switch|p1a: Ting-Lu|Ting-Lu|85\/100\n|-ability|p1a: Ting-Lu|Vessel of Ruin\n|-terastallize|p2a: Thundurus|Flying\n|move|p2a: Thundurus|Tera Blast|p1a: Ting-Lu|[anim] Tera Blast Flying\n|-damage|p1a: Ting-Lu|56\/100\n|\n|-heal|p1a: Ting-Lu|62\/100|[from] item: Leftovers\n|upkeep\n|turn|40\n|\n|t:|1701131662\n|switch|p2a: Corviknight|Corviknight, M, shiny|87\/100\n|-damage|p2a: Corviknight|75\/100|[from] Stealth Rock\n|move|p1a: Ting-Lu|Ruination|p2a: Corviknight\n|-damage|p2a: Corviknight|38\/100\n|\n|-heal|p2a: Corviknight|44\/100|[from] item: Leftovers\n|-heal|p1a: Ting-Lu|69\/100|[from] item: Leftovers\n|upkeep\n|turn|41\n|j| NicksRokaya\n|\n|t:|1701131668\n|switch|p1a: Dondozo|Dondozo, M|100\/100\n|move|p2a: Corviknight|Roost|p2a: Corviknight\n|-heal|p2a: Corviknight|94\/100\n|-singleturn|p2a: Corviknight|move: Roost\n|\n|-heal|p2a: Corviknight|99\/100|[from] item: Leftovers\n|upkeep\n|turn|42\n|\n|t:|1701131677\n|switch|p2a: Clodsire|Clodsire, M|74\/100\n|-damage|p2a: Clodsire|68\/100|[from] Stealth Rock\n|move|p1a: Dondozo|Body Press|p2a: Clodsire\n|-resisted|p2a: Clodsire\n|-damage|p2a: Clodsire|54\/100\n|-damage|p1a: Dondozo|84\/100|[from] item: Rocky Helmet|[of] p2a: Clodsire\n|\n|-heal|p1a: Dondozo|90\/100|[from] item: Leftovers\n|upkeep\n|turn|43\n|\n|t:|1701131686\n|switch|p1a: Ting-Lu|Ting-Lu|69\/100\n|-ability|p1a: Ting-Lu|Vessel of Ruin\n|move|p2a: Clodsire|Recover|p2a: Clodsire\n|-heal|p2a: Clodsire|100\/100\n|\n|-heal|p1a: Ting-Lu|75\/100|[from] item: Leftovers\n|upkeep\n|turn|44\n|\n|t:|1701131690\n|move|p1a: Ting-Lu|Ruination|p2a: Clodsire|[miss]\n|-miss|p1a: Ting-Lu|p2a: Clodsire\n|move|p2a: Clodsire|Gunk Shot|p1a: Ting-Lu\n|-resisted|p1a: Ting-Lu\n|-damage|p1a: Ting-Lu|65\/100\n|-status|p1a: Ting-Lu|psn\n|\n|-heal|p1a: Ting-Lu|72\/100 psn|[from] item: Leftovers\n|-damage|p1a: Ting-Lu|59\/100 psn|[from] psn\n|upkeep\n|turn|45\n|c|\u2606OUVT Zamorakism|Wtf is this game\n|\n|t:|1701131704\n|move|p1a: Ting-Lu|Ruination|p2a: Clodsire|[miss]\n|-miss|p1a: Ting-Lu|p2a: Clodsire\n|move|p2a: Clodsire|Earthquake|p1a: Ting-Lu\n|-damage|p1a: Ting-Lu|43\/100 psn\n|\n|-heal|p1a: Ting-Lu|49\/100 psn|[from] item: Leftovers\n|-damage|p1a: Ting-Lu|37\/100 psn|[from] psn\n|upkeep\n|turn|46\n|c|\u2606OUVT Zamorakism|Sad\n|\n|t:|1701131714\n|move|p1a: Ting-Lu|Ruination|p2a: Clodsire\n|-damage|p2a: Clodsire|51\/100\n|move|p2a: Clodsire|Earthquake|p1a: Ting-Lu\n|-damage|p1a: Ting-Lu|22\/100 psn\n|\n|-heal|p1a: Ting-Lu|28\/100 psn|[from] item: Leftovers\n|-damage|p1a: Ting-Lu|16\/100 psn|[from] psn\n|upkeep\n|turn|47\n|\n|t:|1701131720\n|move|p1a: Ting-Lu|Earthquake|p2a: Clodsire\n|-supereffective|p2a: Clodsire\n|-damage|p2a: Clodsire|0 fnt\n|faint|p2a: Clodsire\n|\n|-heal|p1a: Ting-Lu|22\/100 psn|[from] item: Leftovers\n|-damage|p1a: Ting-Lu|10\/100 psn|[from] psn\n|upkeep\n|j| angrrry\n|\n|t:|1701131744\n|switch|p2a: Breloom|Breloom, F|27\/100\n|-damage|p2a: Breloom|21\/100|[from] Stealth Rock\n|turn|48\n|\n|t:|1701131754\n|switch|p1a: Amoonguss|Amoonguss, M|83\/100\n|move|p2a: Breloom|Bullet Seed|p1a: Amoonguss\n|-resisted|p1a: Amoonguss\n|-damage|p1a: Amoonguss|79\/100\n|-resisted|p1a: Amoonguss\n|-damage|p1a: Amoonguss|74\/100\n|-resisted|p1a: Amoonguss\n|-damage|p1a: Amoonguss|70\/100\n|-resisted|p1a: Amoonguss\n|-damage|p1a: Amoonguss|66\/100\n|-hitcount|p1a: Amoonguss|4\n|\n|-heal|p1a: Amoonguss|72\/100|[from] item: Leftovers\n|upkeep\n|turn|49\n|\n|t:|1701131763\n|switch|p2a: Corviknight|Corviknight, M, shiny|99\/100\n|-damage|p2a: Corviknight|88\/100|[from] Stealth Rock\n|move|p1a: Amoonguss|Clear Smog|p2a: Corviknight\n|-immune|p2a: Corviknight\n|\n|-heal|p2a: Corviknight|94\/100|[from] item: Leftovers\n|-heal|p1a: Amoonguss|78\/100|[from] item: Leftovers\n|upkeep\n|turn|50\n|\n|t:|1701131766\n|move|p2a: Corviknight|Bulk Up|p2a: Corviknight\n|-boost|p2a: Corviknight|atk|1\n|-boost|p2a: Corviknight|def|1\n|move|p1a: Amoonguss|Spore|p2a: Corviknight\n|-status|p2a: Corviknight|slp|[from] move: Spore\n|\n|-heal|p2a: Corviknight|99\/100 slp|[from] item: Leftovers\n|-heal|p1a: Amoonguss|85\/100|[from] item: Leftovers\n|upkeep\n|turn|51\n|\n|t:|1701131770\n|switch|p1a: Dondozo|Dondozo, M|90\/100\n|cant|p2a: Corviknight|slp\n|\n|-heal|p2a: Corviknight|100\/100 slp|[from] item: Leftovers\n|-heal|p1a: Dondozo|96\/100|[from] item: Leftovers\n|upkeep\n|turn|52\n|\n|t:|1701131779\n|switch|p2a: Breloom|Breloom, F|21\/100\n|-damage|p2a: Breloom|15\/100|[from] Stealth Rock\n|move|p1a: Dondozo|Liquidation|p2a: Breloom\n|-resisted|p2a: Breloom\n|-damage|p2a: Breloom|0 fnt\n|faint|p2a: Breloom\n|\n|-heal|p1a: Dondozo|100\/100|[from] item: Leftovers\n|upkeep\n|\n|t:|1701131781\n|switch|p2a: Thundurus|Thundurus-Therian, M, tera:Flying|76\/100\n|-damage|p2a: Thundurus|51\/100|[from] Stealth Rock\n|turn|53\n|\n|t:|1701131788\n|switch|p1a: Ting-Lu|Ting-Lu|10\/100 psn\n|-ability|p1a: Ting-Lu|Vessel of Ruin\n|move|p2a: Thundurus|Tera Blast|p1a: Ting-Lu|[anim] Tera Blast Flying\n|-damage|p1a: Ting-Lu|0 fnt\n|faint|p1a: Ting-Lu\n|\n|upkeep\n|\n|t:|1701131794\n|switch|p1a: Cinderace|Cinderace, M|3\/100\n|turn|54\n|\n|t:|1701131800\n|move|p2a: Thundurus|Tera Blast|p1a: Cinderace|[anim] Tera Blast Flying\n|-damage|p1a: Cinderace|0 fnt\n|faint|p1a: Cinderace\n|\n|upkeep\n|l| NicksRokaya\n|inactive|OUVT Zamorakism has 120 seconds left.\n|\n|t:|1701131839\n|switch|p1a: Ogerpon|Ogerpon-Wellspring, F|100\/100\n|turn|55\n|\n|t:|1701131842\n|-terastallize|p1a: Ogerpon|Water\n|detailschange|p1a: Ogerpon|Ogerpon-Wellspring-Tera, F, tera:Water\n|-ability|p1a: Ogerpon|Embody Aspect (Wellspring)|boost\n|-boost|p1a: Ogerpon|spd|1\n|move|p2a: Thundurus|Tera Blast|p1a: Ogerpon|[anim] Tera Blast Flying\n|-damage|p1a: Ogerpon|47\/100\n|move|p1a: Ogerpon|Ivy Cudgel|p2a: Thundurus|[anim] Ivy Cudgel Water\n|-damage|p2a: Thundurus|0 fnt\n|faint|p2a: Thundurus\n|\n|upkeep\n|\n|t:|1701131846\n|switch|p2a: Corviknight|Corviknight, M, shiny|100\/100 slp\n|-damage|p2a: Corviknight|88\/100 slp|[from] Stealth Rock\n|turn|56\n|\n|t:|1701131851\n|move|p1a: Ogerpon|Substitute|p1a: Ogerpon\n|-start|p1a: Ogerpon|Substitute\n|-damage|p1a: Ogerpon|22\/100\n|cant|p2a: Corviknight|slp\n|\n|-heal|p2a: Corviknight|94\/100 slp|[from] item: Leftovers\n|upkeep\n|turn|57\n|\n|t:|1701131855\n|move|p1a: Ogerpon|Swords Dance|p1a: Ogerpon\n|-boost|p1a: Ogerpon|atk|2\n|-curestatus|p2a: Corviknight|slp|[msg]\n|move|p2a: Corviknight|Bulk Up|p2a: Corviknight\n|-boost|p2a: Corviknight|atk|1\n|-boost|p2a: Corviknight|def|1\n|\n|-heal|p2a: Corviknight|99\/100|[from] item: Leftovers\n|upkeep\n|turn|58\n|\n|t:|1701131859\n|move|p1a: Ogerpon|Ivy Cudgel|p2a: Corviknight|[anim] Ivy Cudgel Water\n|-damage|p2a: Corviknight|17\/100\n|move|p2a: Corviknight|Power Trip|p1a: Ogerpon\n|-end|p1a: Ogerpon|Substitute\n|\n|-heal|p2a: Corviknight|23\/100|[from] item: Leftovers\n|upkeep\n|turn|59\n|\n|t:|1701131863\n|move|p1a: Ogerpon|Ivy Cudgel|p2a: Corviknight|[anim] Ivy Cudgel Water\n|-crit|p2a: Corviknight\n|-damage|p2a: Corviknight|0 fnt\n|faint|p2a: Corviknight\n|\n|win|OUVT Zamorakism\n|raw|OUVT Zamorakism's rating: 1777 &rarr; <strong>1798<\/strong><br \/>(+21 for winning)\n|raw|310YM4N74N3R0's rating: 1798 &rarr; <strong>1777<\/strong><br \/>(-21 for losing)\n|c|\u2606OUVT Zamorakism|Karma\n|l|\u2606310YM4N74N3R0\n|c|\u2606OUVT Zamorakism|No words\n|c|\u2606OUVT Zamorakism|hahaha\n|l|\u2606OUVT Zamorakism\n|l| JoeyIreland11\n","uploadtime":1701132085,"views":3,"p1id":"ouvtzamorakism","p2id":"310ym4n74n3r0","formatid":"gen9ou","rating":1777,"private":0,"password":""}