{"id":"gen9ou-1988447772","p1":"DragsIThink","p2":"reddeadray","format":"[Gen 9] OU","log":"|j|\u2606DragsIThink\n|j|\u2606reddeadray\n|t:|1699723975\n|gametype|singles\n|player|p1|DragsIThink|roxie|1139\n|player|p2|reddeadray|170|1165\n|teamsize|p1|6\n|teamsize|p2|6\n|gen|9\n|tier|[Gen 9] OU\n|rated|\n|rule|Sleep Clause Mod: Limit one foe put to sleep\n|rule|Species Clause: Limit one of each Pok\u00e9mon\n|rule|OHKO Clause: OHKO moves are banned\n|rule|Evasion Items Clause: Evasion items are banned\n|rule|Evasion Moves Clause: Evasion moves are banned\n|rule|Endless Battle Clause: Forcing endless battles is banned\n|rule|HP Percentage Mod: HP is shown in percentages\n|clearpoke\n|poke|p1|Toxapex, F|\n|poke|p1|Wo-Chien|\n|poke|p1|Garganacl, M|\n|poke|p1|Hydreigon, F|\n|poke|p1|Heatran, F|\n|poke|p1|Great Tusk|\n|poke|p2|Ogerpon-Wellspring, F|\n|poke|p2|Gholdengo|\n|poke|p2|Iron Moth|\n|poke|p2|Zamazenta-*|\n|poke|p2|Landorus-Therian, M|\n|poke|p2|Clefable, F|\n|teampreview\n|\n|t:|1699723988\n|start\n|switch|p1a: Threesome|Hydreigon, F|100\/100\n|switch|p2a: Landorus|Landorus-Therian, M|100\/100\n|-ability|p2a: Landorus|Intimidate|boost\n|-unboost|p1a: Threesome|atk|1\n|turn|1\n|\n|t:|1699723997\n|switch|p1a: Bad Hair Day|Toxapex, F|100\/100\n|move|p2a: Landorus|U-turn|p1a: Bad Hair Day\n|-resisted|p1a: Bad Hair Day\n|-damage|p1a: Bad Hair Day|92\/100\n|\n|t:|1699724011\n|switch|p2a: Gholdengo|Gholdengo|100\/100|[from] U-turn\n|\n|-heal|p1a: Bad Hair Day|98\/100|[from] item: Leftovers\n|upkeep\n|turn|2\n|\n|t:|1699724019\n|move|p1a: Bad Hair Day|Baneful Bunker|p1a: Bad Hair Day\n|-singleturn|p1a: Bad Hair Day|move: Protect\n|move|p2a: Gholdengo|Nasty Plot|p2a: Gholdengo\n|-boost|p2a: Gholdengo|spa|2\n|\n|-heal|p1a: Bad Hair Day|100\/100|[from] item: Leftovers\n|upkeep\n|turn|3\n|\n|t:|1699724028\n|move|p2a: Gholdengo|Shadow Ball|p1a: Bad Hair Day\n|-damage|p1a: Bad Hair Day|24\/100\n|-unboost|p1a: Bad Hair Day|spd|1\n|move|p1a: Bad Hair Day|Chilling Water|p2a: Gholdengo\n|-damage|p2a: Gholdengo|88\/100\n|-unboost|p2a: Gholdengo|atk|1\n|\n|-heal|p1a: Bad Hair Day|30\/100|[from] item: Leftovers\n|upkeep\n|turn|4\n|\n|t:|1699724037\n|switch|p1a: Beefcon|Garganacl, M|100\/100\n|move|p2a: Gholdengo|Shadow Ball|p1a: Beefcon\n|-damage|p1a: Beefcon|68\/100\n|\n|upkeep\n|turn|5\n|\n|t:|1699724052\n|move|p2a: Gholdengo|Trick|p1a: Beefcon\n|-activate|p2a: Gholdengo|move: Trick|[of] p1a: Beefcon\n|-item|p1a: Beefcon|Toxic Orb|[from] move: Trick\n|-item|p2a: Gholdengo|Rocky Helmet|[from] move: Trick\n|move|p1a: Beefcon|Salt Cure|p2a: Gholdengo\n|-resisted|p2a: Gholdengo\n|-damage|p2a: Gholdengo|80\/100\n|-start|p2a: Gholdengo|Salt Cure\n|\n|-damage|p2a: Gholdengo|55\/100|[from] Salt Cure\n|upkeep\n|turn|6\n|c|\u2606DragsIThink|lmao\n|c|\u2606reddeadray|had to try lol\n|c|\u2606DragsIThink|purifying salt makes me immune\n|\n|t:|1699724080\n|switch|p2a: Landorus|Landorus-Therian, M|100\/100\n|-ability|p2a: Landorus|Intimidate|boost\n|-unboost|p1a: Beefcon|atk|1\n|switch|p1a: Snail.|Wo-Chien|100\/100\n|-ability|p1a: Snail.|Tablets of Ruin\n|\n|upkeep\n|turn|7\n|\n|t:|1699724091\n|move|p1a: Snail.|Protect|p1a: Snail.\n|-singleturn|p1a: Snail.|Protect\n|move|p2a: Landorus|U-turn|p1a: Snail.\n|-activate|p1a: Snail.|move: Protect\n|\n|upkeep\n|turn|8\n|\n|t:|1699724099\n|switch|p1a: Kardashians|Heatran, F|100\/100\n|move|p2a: Landorus|U-turn|p1a: Kardashians\n|-resisted|p1a: Kardashians\n|-damage|p1a: Kardashians|95\/100\n|\n|t:|1699724106\n|switch|p2a: Ogerpon|Ogerpon-Wellspring, F|100\/100|[from] U-turn\n|\n|-heal|p1a: Kardashians|100\/100|[from] item: Leftovers\n|upkeep\n|turn|9\n|\n|t:|1699724114\n|switch|p1a: Snail.|Wo-Chien|100\/100\n|-ability|p1a: Snail.|Tablets of Ruin\n|move|p2a: Ogerpon|Trailblaze|p1a: Snail.\n|-resisted|p1a: Snail.\n|-damage|p1a: Snail.|89\/100\n|-boost|p2a: Ogerpon|spe|1\n|\n|-heal|p1a: Snail.|95\/100|[from] item: Leftovers\n|upkeep\n|turn|10\n|\n|t:|1699724133\n|switch|p2a: Landorus|Landorus-Therian, M|100\/100\n|-ability|p2a: Landorus|Intimidate|boost\n|-unboost|p1a: Snail.|atk|1\n|move|p1a: Snail.|Protect||[still]\n|-fail|p1a: Snail.\n|\n|-heal|p1a: Snail.|100\/100|[from] item: Leftovers\n|upkeep\n|turn|11\n|\n|t:|1699724143\n|switch|p1a: Bad Hair Day|Toxapex, F|64\/100\n|move|p2a: Landorus|Earthquake|p1a: Bad Hair Day\n|-supereffective|p1a: Bad Hair Day\n|-damage|p1a: Bad Hair Day|0 fnt\n|faint|p1a: Bad Hair Day\n|\n|upkeep\n|c|\u2606DragsIThink|damn\n|c|\u2606DragsIThink|i became too predictable\n|\n|t:|1699724159\n|switch|p1a: Threesome|Hydreigon, F|100\/100\n|turn|12\n|\n|t:|1699724166\n|move|p1a: Threesome|Dark Pulse|p2a: Landorus\n|-damage|p2a: Landorus|37\/100\n|move|p2a: Landorus|U-turn|p1a: Threesome\n|-supereffective|p1a: Threesome\n|-damage|p1a: Threesome|36\/100\n|\n|t:|1699724172\n|switch|p2a: Clefable|Clefable, F|100\/100|[from] U-turn\n|\n|upkeep\n|turn|13\n|c|\u2606DragsIThink|NOT SCARFED????!?!?!?\n|\n|t:|1699724183\n|switch|p1a: Kardashians|Heatran, F|100\/100\n|move|p2a: Clefable|Draining Kiss|p1a: Kardashians\n|-resisted|p1a: Kardashians\n|-damage|p1a: Kardashians|96\/100\n|\n|-heal|p1a: Kardashians|100\/100|[from] item: Leftovers\n|upkeep\n|turn|14\n|\n|t:|1699724199\n|switch|p2a: Ogerpon|Ogerpon-Wellspring, F|100\/100\n|move|p1a: Kardashians|Lava Plume|p2a: Ogerpon\n|-damage|p2a: Ogerpon|44\/100\n|\n|upkeep\n|turn|15\n|\n|t:|1699724207\n|move|p1a: Kardashians|Protect|p1a: Kardashians\n|-singleturn|p1a: Kardashians|Protect\n|move|p2a: Ogerpon|Ivy Cudgel|p1a: Kardashians\n|-activate|p1a: Kardashians|move: Protect\n|\n|upkeep\n|turn|16\n|\n|t:|1699724222\n|switch|p2a: Landorus|Landorus-Therian, M|37\/100\n|-ability|p2a: Landorus|Intimidate|boost\n|-unboost|p1a: Kardashians|atk|1\n|move|p1a: Kardashians|Lava Plume|p2a: Landorus\n|-damage|p2a: Landorus|0 fnt\n|faint|p2a: Landorus\n|\n|upkeep\n|c|\u2606DragsIThink|YEAH\n|c|\u2606DragsIThink|THE PREDICT\n|\n|t:|1699724234\n|switch|p2a: Zamazenta|Zamazenta|100\/100\n|-ability|p2a: Zamazenta|Dauntless Shield|boost\n|-boost|p2a: Zamazenta|def|1\n|turn|17\n|\n|t:|1699724252\n|switch|p1a: Musky Tusky|Great Tusk|100\/100\n|move|p2a: Zamazenta|Close Combat|p1a: Musky Tusky\n|-damage|p1a: Musky Tusky|53\/100\n|-unboost|p2a: Zamazenta|def|1\n|-unboost|p2a: Zamazenta|spd|1\n|\n|upkeep\n|turn|18\n|\n|t:|1699724263\n|move|p2a: Zamazenta|Psychic Fangs|p1a: Musky Tusky\n|-supereffective|p1a: Musky Tusky\n|-damage|p1a: Musky Tusky|10\/100\n|move|p1a: Musky Tusky|Close Combat|p2a: Zamazenta\n|-damage|p2a: Zamazenta|46\/100\n|-unboost|p1a: Musky Tusky|def|1\n|-unboost|p1a: Musky Tusky|spd|1\n|\n|upkeep\n|turn|19\n|\n|t:|1699724272\n|move|p2a: Zamazenta|Close Combat|p1a: Musky Tusky\n|-damage|p1a: Musky Tusky|0 fnt\n|-unboost|p2a: Zamazenta|def|1\n|-unboost|p2a: Zamazenta|spd|1\n|faint|p1a: Musky Tusky\n|-end|p1a: Musky Tusky|Protosynthesis|[silent]\n|\n|upkeep\n|\n|t:|1699724279\n|switch|p1a: Beefcon|Garganacl, M|68\/100\n|turn|20\n|\n|t:|1699724289\n|-terastallize|p1a: Beefcon|Ghost\n|move|p2a: Zamazenta|Close Combat|p1a: Beefcon\n|-immune|p1a: Beefcon\n|move|p1a: Beefcon|Iron Defense|p1a: Beefcon\n|-boost|p1a: Beefcon|def|2\n|\n|upkeep\n|turn|21\n|\n|t:|1699724305\n|switch|p2a: Gholdengo|Gholdengo|55\/100\n|move|p1a: Beefcon|Recover|p1a: Beefcon\n|-heal|p1a: Beefcon|100\/100\n|\n|upkeep\n|turn|22\n|\n|t:|1699724311\n|move|p2a: Gholdengo|Shadow Ball|p1a: Beefcon\n|-supereffective|p1a: Beefcon\n|-damage|p1a: Beefcon|70\/100\n|move|p1a: Beefcon|Salt Cure|p2a: Gholdengo\n|-resisted|p2a: Gholdengo\n|-damage|p2a: Gholdengo|47\/100\n|-start|p2a: Gholdengo|Salt Cure\n|\n|-damage|p2a: Gholdengo|22\/100|[from] Salt Cure\n|upkeep\n|turn|23\n|\n|t:|1699724325\n|switch|p2a: Clefable|Clefable, F|100\/100\n|move|p1a: Beefcon|Recover|p1a: Beefcon\n|-heal|p1a: Beefcon|100\/100\n|\n|upkeep\n|turn|24\n|\n|t:|1699724334\n|move|p2a: Clefable|Cosmic Power|p2a: Clefable\n|-boost|p2a: Clefable|def|1\n|-boost|p2a: Clefable|spd|1\n|move|p1a: Beefcon|Salt Cure|p2a: Clefable\n|-damage|p2a: Clefable|90\/100\n|-start|p2a: Clefable|Salt Cure\n|\n|-heal|p2a: Clefable|96\/100|[from] item: Leftovers\n|-damage|p2a: Clefable|83\/100|[from] Salt Cure\n|upkeep\n|turn|25\n|\n|t:|1699724342\n|move|p2a: Clefable|Cosmic Power|p2a: Clefable\n|-boost|p2a: Clefable|def|1\n|-boost|p2a: Clefable|spd|1\n|move|p1a: Beefcon|Body Press|p2a: Clefable\n|-resisted|p2a: Clefable\n|-damage|p2a: Clefable|78\/100\n|\n|-heal|p2a: Clefable|84\/100|[from] item: Leftovers\n|-damage|p2a: Clefable|71\/100|[from] Salt Cure\n|upkeep\n|turn|26\n|\n|t:|1699724352\n|move|p2a: Clefable|Draining Kiss|p1a: Beefcon\n|-damage|p1a: Beefcon|85\/100\n|-heal|p2a: Clefable|83\/100|[from] drain|[of] p1a: Beefcon\n|move|p1a: Beefcon|Iron Defense|p1a: Beefcon\n|-boost|p1a: Beefcon|def|2\n|\n|-heal|p2a: Clefable|89\/100|[from] item: Leftovers\n|-damage|p2a: Clefable|77\/100|[from] Salt Cure\n|upkeep\n|turn|27\n|\n|t:|1699724361\n|move|p2a: Clefable|Cosmic Power|p2a: Clefable\n|-boost|p2a: Clefable|def|1\n|-boost|p2a: Clefable|spd|1\n|move|p1a: Beefcon|Iron Defense|p1a: Beefcon\n|-boost|p1a: Beefcon|def|2\n|\n|-heal|p2a: Clefable|83\/100|[from] item: Leftovers\n|-damage|p2a: Clefable|71\/100|[from] Salt Cure\n|upkeep\n|turn|28\n|\n|t:|1699724370\n|move|p2a: Clefable|Cosmic Power|p2a: Clefable\n|-boost|p2a: Clefable|def|1\n|-boost|p2a: Clefable|spd|1\n|move|p1a: Beefcon|Body Press|p2a: Clefable\n|-resisted|p2a: Clefable\n|-damage|p2a: Clefable|66\/100\n|\n|-heal|p2a: Clefable|72\/100|[from] item: Leftovers\n|-damage|p2a: Clefable|60\/100|[from] Salt Cure\n|upkeep\n|turn|29\n|\n|t:|1699724381\n|move|p2a: Clefable|Draining Kiss|p1a: Beefcon\n|-damage|p1a: Beefcon|70\/100\n|-heal|p2a: Clefable|71\/100|[from] drain|[of] p1a: Beefcon\n|move|p1a: Beefcon|Body Press|p2a: Clefable\n|-resisted|p2a: Clefable\n|-damage|p2a: Clefable|67\/100\n|\n|-heal|p2a: Clefable|73\/100|[from] item: Leftovers\n|-damage|p2a: Clefable|61\/100|[from] Salt Cure\n|upkeep\n|turn|30\n|\n|t:|1699724390\n|move|p2a: Clefable|Stored Power|p1a: Beefcon\n|-damage|p1a: Beefcon|32\/100\n|move|p1a: Beefcon|Body Press|p2a: Clefable\n|-resisted|p2a: Clefable\n|-damage|p2a: Clefable|56\/100\n|\n|-heal|p2a: Clefable|62\/100|[from] item: Leftovers\n|-damage|p2a: Clefable|50\/100|[from] Salt Cure\n|upkeep\n|turn|31\n|\n|t:|1699724399\n|switch|p1a: Threesome|Hydreigon, F|36\/100\n|move|p2a: Clefable|Draining Kiss|p1a: Threesome\n|-supereffective|p1a: Threesome\n|-damage|p1a: Threesome|0 fnt\n|-heal|p2a: Clefable|72\/100|[from] drain|[of] p1a: Threesome\n|faint|p1a: Threesome\n|\n|-heal|p2a: Clefable|78\/100|[from] item: Leftovers\n|-damage|p2a: Clefable|65\/100|[from] Salt Cure\n|upkeep\n|c|\u2606DragsIThink|FUCK\n|\n|t:|1699724406\n|switch|p1a: Kardashians|Heatran, F|100\/100\n|turn|32\n|\n|t:|1699724418\n|-terastallize|p2a: Clefable|Fire\n|move|p1a: Kardashians|Flash Cannon|p2a: Clefable\n|-resisted|p2a: Clefable\n|-damage|p2a: Clefable|58\/100\n|move|p2a: Clefable|Stored Power|p1a: Kardashians\n|-resisted|p1a: Kardashians\n|-damage|p1a: Kardashians|77\/100\n|\n|-heal|p1a: Kardashians|84\/100|[from] item: Leftovers\n|-heal|p2a: Clefable|64\/100|[from] item: Leftovers\n|-damage|p2a: Clefable|52\/100|[from] Salt Cure\n|upkeep\n|turn|33\n|\n|t:|1699724429\n|move|p1a: Kardashians|Stealth Rock|p2a: Clefable\n|-sidestart|p2: reddeadray|move: Stealth Rock\n|move|p2a: Clefable|Cosmic Power|p2a: Clefable\n|-boost|p2a: Clefable|def|1\n|-boost|p2a: Clefable|spd|1\n|\n|-heal|p1a: Kardashians|90\/100|[from] item: Leftovers\n|-heal|p2a: Clefable|58\/100|[from] item: Leftovers\n|-damage|p2a: Clefable|45\/100|[from] Salt Cure\n|upkeep\n|turn|34\n|\n|t:|1699724442\n|move|p1a: Kardashians|Flash Cannon|p2a: Clefable\n|-resisted|p2a: Clefable\n|-damage|p2a: Clefable|39\/100\n|move|p2a: Clefable|Draining Kiss|p1a: Kardashians\n|-resisted|p1a: Kardashians\n|-crit|p1a: Kardashians\n|-damage|p1a: Kardashians|82\/100\n|-heal|p2a: Clefable|45\/100|[from] drain|[of] p1a: Kardashians\n|\n|-heal|p1a: Kardashians|88\/100|[from] item: Leftovers\n|-heal|p2a: Clefable|51\/100|[from] item: Leftovers\n|-damage|p2a: Clefable|39\/100|[from] Salt Cure\n|upkeep\n|turn|35\n|\n|t:|1699724454\n|move|p1a: Kardashians|Flash Cannon|p2a: Clefable\n|-resisted|p2a: Clefable\n|-damage|p2a: Clefable|32\/100\n|move|p2a: Clefable|Light Screen|p2a: Clefable\n|-sidestart|p2: reddeadray|move: Light Screen\n|\n|-heal|p1a: Kardashians|95\/100|[from] item: Leftovers\n|-heal|p2a: Clefable|38\/100|[from] item: Leftovers\n|-damage|p2a: Clefable|26\/100|[from] Salt Cure\n|upkeep\n|turn|36\n|\n|t:|1699724465\n|move|p1a: Kardashians|Flash Cannon|p2a: Clefable\n|-resisted|p2a: Clefable\n|-damage|p2a: Clefable|23\/100\n|move|p2a: Clefable|Stored Power|p1a: Kardashians\n|-resisted|p1a: Kardashians\n|-damage|p1a: Kardashians|65\/100\n|\n|-heal|p1a: Kardashians|71\/100|[from] item: Leftovers\n|-heal|p2a: Clefable|29\/100|[from] item: Leftovers\n|-damage|p2a: Clefable|16\/100|[from] Salt Cure\n|upkeep\n|turn|37\n|\n|t:|1699724475\n|move|p1a: Kardashians|Flash Cannon|p2a: Clefable\n|-resisted|p2a: Clefable\n|-damage|p2a: Clefable|13\/100\n|move|p2a: Clefable|Stored Power|p1a: Kardashians\n|-resisted|p1a: Kardashians\n|-damage|p1a: Kardashians|41\/100\n|\n|-heal|p1a: Kardashians|47\/100|[from] item: Leftovers\n|-heal|p2a: Clefable|20\/100|[from] item: Leftovers\n|-damage|p2a: Clefable|7\/100|[from] Salt Cure\n|upkeep\n|turn|38\n|\n|t:|1699724486\n|move|p1a: Kardashians|Protect|p1a: Kardashians\n|-singleturn|p1a: Kardashians|Protect\n|move|p2a: Clefable|Stored Power|p1a: Kardashians\n|-activate|p1a: Kardashians|move: Protect\n|\n|-heal|p1a: Kardashians|53\/100|[from] item: Leftovers\n|-heal|p2a: Clefable|13\/100|[from] item: Leftovers\n|-damage|p2a: Clefable|1\/100|[from] Salt Cure\n|upkeep\n|turn|39\n|\n|t:|1699724494\n|move|p1a: Kardashians|Flash Cannon|p2a: Clefable\n|-resisted|p2a: Clefable\n|-damage|p2a: Clefable|0 fnt\n|faint|p2a: Clefable\n|\n|-heal|p1a: Kardashians|59\/100|[from] item: Leftovers\n|-sideend|p2: reddeadray|move: Light Screen\n|upkeep\n|\n|t:|1699724504\n|switch|p2a: Zamazenta|Zamazenta|46\/100\n|-damage|p2a: Zamazenta|40\/100|[from] Stealth Rock\n|turn|40\n|\n|t:|1699724516\n|move|p1a: Kardashians|Protect|p1a: Kardashians\n|-singleturn|p1a: Kardashians|Protect\n|move|p2a: Zamazenta|Iron Head|p1a: Kardashians\n|-activate|p1a: Kardashians|move: Protect\n|\n|-heal|p1a: Kardashians|66\/100|[from] item: Leftovers\n|upkeep\n|turn|41\n|\n|t:|1699724531\n|move|p2a: Zamazenta|Close Combat|p1a: Kardashians\n|-supereffective|p1a: Kardashians\n|-damage|p1a: Kardashians|0 fnt\n|-unboost|p2a: Zamazenta|def|1\n|-unboost|p2a: Zamazenta|spd|1\n|faint|p1a: Kardashians\n|\n|upkeep\n|\n|t:|1699724537\n|switch|p1a: Beefcon|Garganacl, M, tera:Ghost|32\/100\n|turn|42\n|\n|t:|1699724548\n|move|p2a: Zamazenta|Iron Head|p1a: Beefcon\n|-damage|p1a: Beefcon|11\/100\n|move|p1a: Beefcon|Recover|p1a: Beefcon\n|-heal|p1a: Beefcon|61\/100\n|\n|upkeep\n|turn|43\n|\n|t:|1699724557\n|switch|p2a: Gholdengo|Gholdengo|22\/100\n|-damage|p2a: Gholdengo|16\/100|[from] Stealth Rock\n|move|p1a: Beefcon|Recover|p1a: Beefcon\n|-heal|p1a: Beefcon|100\/100\n|\n|upkeep\n|turn|44\n|\n|t:|1699724566\n|move|p2a: Gholdengo|Shadow Ball|p1a: Beefcon\n|-supereffective|p1a: Beefcon\n|-damage|p1a: Beefcon|68\/100\n|move|p1a: Beefcon|Iron Defense|p1a: Beefcon\n|-boost|p1a: Beefcon|def|2\n|\n|upkeep\n|turn|45\n|\n|t:|1699724575\n|move|p2a: Gholdengo|Shadow Ball|p1a: Beefcon\n|-supereffective|p1a: Beefcon\n|-damage|p1a: Beefcon|38\/100\n|move|p1a: Beefcon|Salt Cure|p2a: Gholdengo\n|-resisted|p2a: Gholdengo\n|-damage|p2a: Gholdengo|8\/100\n|-start|p2a: Gholdengo|Salt Cure\n|\n|-damage|p2a: Gholdengo|0 fnt|[from] Salt Cure\n|faint|p2a: Gholdengo\n|upkeep\n|\n|t:|1699724585\n|switch|p2a: Iron Moth|Iron Moth|100\/100\n|-damage|p2a: Iron Moth|76\/100|[from] Stealth Rock\n|turn|46\n|\n|t:|1699724596\n|move|p2a: Iron Moth|Fiery Dance|p1a: Beefcon\n|-damage|p1a: Beefcon|6\/100\n|move|p1a: Beefcon|Recover|p1a: Beefcon\n|-heal|p1a: Beefcon|56\/100\n|\n|upkeep\n|turn|47\n|c|\u2606reddeadray|youd have lost 20turns ago if it werent  for recover\n|\n|t:|1699724622\n|move|p2a: Iron Moth|Fiery Dance|p1a: Beefcon\n|-damage|p1a: Beefcon|22\/100\n|-boost|p2a: Iron Moth|spa|1\n|move|p1a: Beefcon|Recover|p1a: Beefcon\n|-heal|p1a: Beefcon|72\/100\n|\n|upkeep\n|turn|48\n|c|\u2606DragsIThink|thats the point lmao\n|\n|t:|1699724633\n|move|p2a: Iron Moth|Fiery Dance|p1a: Beefcon\n|-damage|p1a: Beefcon|26\/100\n|move|p1a: Beefcon|Salt Cure|p2a: Iron Moth\n|-supereffective|p2a: Iron Moth\n|-damage|p2a: Iron Moth|30\/100\n|-start|p2a: Iron Moth|Salt Cure\n|\n|-damage|p2a: Iron Moth|17\/100|[from] Salt Cure\n|upkeep\n|turn|49\n|\n|t:|1699724642\n|move|p2a: Iron Moth|Fiery Dance|p1a: Beefcon\n|-damage|p1a: Beefcon|0 fnt\n|-boost|p2a: Iron Moth|spa|1\n|faint|p1a: Beefcon\n|\n|-damage|p2a: Iron Moth|5\/100|[from] Salt Cure\n|upkeep\n|\n|t:|1699724644\n|switch|p1a: Snail.|Wo-Chien|100\/100\n|-ability|p1a: Snail.|Tablets of Ruin\n|turn|50\n|\n|t:|1699724658\n|move|p1a: Snail.|Protect|p1a: Snail.\n|-singleturn|p1a: Snail.|Protect\n|move|p2a: Iron Moth|Fiery Dance|p1a: Snail.\n|-activate|p1a: Snail.|move: Protect\n|\n|-damage|p2a: Iron Moth|0 fnt|[from] Salt Cure\n|faint|p2a: Iron Moth\n|-end|p2a: Iron Moth|Quark Drive|[silent]\n|upkeep\n|\n|t:|1699724668\n|switch|p2a: Zamazenta|Zamazenta|40\/100\n|-damage|p2a: Zamazenta|34\/100|[from] Stealth Rock\n|turn|51\n|\n|t:|1699724675\n|move|p2a: Zamazenta|Close Combat|p1a: Snail.\n|-supereffective|p1a: Snail.\n|-damage|p1a: Snail.|12\/100\n|-unboost|p2a: Zamazenta|def|1\n|-unboost|p2a: Zamazenta|spd|1\n|move|p1a: Snail.|Leech Seed|p2a: Zamazenta\n|-start|p2a: Zamazenta|move: Leech Seed\n|\n|-heal|p1a: Snail.|18\/100|[from] item: Leftovers\n|-damage|p2a: Zamazenta|21\/100|[from] Leech Seed|[of] p1a: Snail.\n|-heal|p1a: Snail.|29\/100|[silent]\n|upkeep\n|turn|52\n|\n|t:|1699724685\n|move|p1a: Snail.|Protect|p1a: Snail.\n|-singleturn|p1a: Snail.|Protect\n|move|p2a: Zamazenta|Close Combat|p1a: Snail.\n|-activate|p1a: Snail.|move: Protect\n|\n|-heal|p1a: Snail.|35\/100|[from] item: Leftovers\n|-damage|p2a: Zamazenta|9\/100|[from] Leech Seed|[of] p1a: Snail.\n|-heal|p1a: Snail.|45\/100|[silent]\n|upkeep\n|turn|53\n|c|\u2606DragsIThink|double protects?\n|\n|t:|1699724700\n|move|p1a: Snail.|Protect|p1a: Snail.\n|-singleturn|p1a: Snail.|Protect\n|move|p2a: Zamazenta|Close Combat|p1a: Snail.\n|-activate|p1a: Snail.|move: Protect\n|\n|-heal|p1a: Snail.|52\/100|[from] item: Leftovers\n|-damage|p2a: Zamazenta|0 fnt|[from] Leech Seed|[of] p1a: Snail.\n|-heal|p1a: Snail.|59\/100|[silent]\n|faint|p2a: Zamazenta\n|upkeep\n|c|\u2606DragsIThink|YOOOOOOOOOO\n|c|\u2606reddeadray|go buy lottery you hack\n|c|\u2606DragsIThink|LMAO\n|c|\u2606DragsIThink|but i have lost\n|c|\u2606DragsIThink|i cant kill oger\n|c|\u2606DragsIThink|unless?\n|inactive|Battle timer is ON: inactive players will automatically lose when time's up. (requested by DragsIThink)\n|inactive|reddeadray has 120 seconds left.\n|inactive|reddeadray has 90 seconds left.\n|inactive|reddeadray has 60 seconds left.\n|inactive|reddeadray has 30 seconds left.\n|c|\u2606DragsIThink|gg?\n|inactive|reddeadray has 20 seconds left.\n|inactive|reddeadray has 15 seconds left.\n|inactive|reddeadray has 10 seconds left.\n|inactive|reddeadray has 5 seconds left.\n|c|\u2606DragsIThink|WO CHI*EN\n|c|\u2606DragsIThink|OPO\n|-message|reddeadray lost due to inactivity.\n|\n|win|DragsIThink\n|raw|DragsIThink's rating: 1139 &rarr; <strong>1167<\/strong><br \/>(+28 for winning)\n|raw|reddeadray's rating: 1187 &rarr; <strong>1159<\/strong><br \/>(-28 for losing)\n|c|\u2606DragsIThink|OPPPP\n|c|\u2606DragsIThink|LETS GOOOOOOOOOO\n","uploadtime":1699724950,"views":38,"p1id":"dragsithink","p2id":"reddeadray","formatid":"gen9ou","rating":1159,"private":0,"password":""}