{"id":"gen9ou-1991855367","p1":"lolgod2","p2":"Muskitoss","format":"[Gen 9] OU","log":"|j|\u2606lolgod2\n|j|\u2606Muskitoss\n|t:|1700129051\n|gametype|singles\n|player|p1|lolgod2|unknownf|1325\n|player|p2|Muskitoss|janine|1412\n|teamsize|p1|6\n|teamsize|p2|6\n|gen|9\n|tier|[Gen 9] OU\n|rated|\n|rule|Sleep Clause Mod: Limit one foe put to sleep\n|rule|Species Clause: Limit one of each Pok\u00e9mon\n|rule|OHKO Clause: OHKO moves are banned\n|rule|Evasion Items Clause: Evasion items are banned\n|rule|Evasion Moves Clause: Evasion moves are banned\n|rule|Endless Battle Clause: Forcing endless battles is banned\n|rule|HP Percentage Mod: HP is shown in percentages\n|clearpoke\n|poke|p1|Manaphy|\n|poke|p1|Samurott-Hisui, M|\n|poke|p1|Landorus-Therian, M|\n|poke|p1|Gholdengo|\n|poke|p1|Enamorus, F|\n|poke|p1|Ogerpon-Cornerstone, F|\n|poke|p2|Hatterene, F|\n|poke|p2|Greninja-*, M|\n|poke|p2|Corviknight, F|\n|poke|p2|Landorus-Therian, M|\n|poke|p2|Dragapult, F|\n|poke|p2|Iron Moth|\n|teampreview\n|inactive|Battle timer is ON: inactive players will automatically lose when time's up. (requested by lolgod2)\n|\n|t:|1700129070\n|start\n|switch|p1a: Landorus|Landorus-Therian, M|100\/100\n|switch|p2a: Corviknight|Corviknight, F|100\/100\n|-ability|p1a: Landorus|Intimidate|boost\n|-ability|p2a: Corviknight|Mirror Armor\n|-unboost|p1a: Landorus|atk|1\n|turn|1\n|\n|t:|1700129083\n|move|p1a: Landorus|U-turn|p2a: Corviknight\n|-resisted|p2a: Corviknight\n|-damage|p2a: Corviknight|98\/100\n|-damage|p1a: Landorus|84\/100|[from] item: Rocky Helmet|[of] p2a: Corviknight\n|\n|t:|1700129085\n|switch|p1a: Gholdengo|Gholdengo|100\/100|[from] U-turn\n|-item|p1a: Gholdengo|Air Balloon\n|move|p2a: Corviknight|Brave Bird|p1a: Gholdengo\n|-resisted|p1a: Gholdengo\n|-damage|p1a: Gholdengo|81\/100\n|-enditem|p1a: Gholdengo|Air Balloon\n|-damage|p2a: Corviknight|93\/100|[from] Recoil\n|\n|upkeep\n|turn|2\n|inactive|Muskitoss has 120 seconds left.\n|\n|t:|1700129118\n|switch|p2a: Landorus|Landorus-Therian, M|100\/100\n|-ability|p2a: Landorus|Intimidate|boost\n|-unboost|p1a: Gholdengo|atk|1\n|move|p1a: Gholdengo|Nasty Plot|p1a: Gholdengo\n|-boost|p1a: Gholdengo|spa|2\n|\n|upkeep\n|turn|3\n|\n|t:|1700129128\n|move|p2a: Landorus|Earthquake|p1a: Gholdengo\n|-supereffective|p1a: Gholdengo\n|-damage|p1a: Gholdengo|0 fnt\n|faint|p1a: Gholdengo\n|\n|upkeep\n|\n|t:|1700129133\n|switch|p1a: Enamorus|Enamorus, F|100\/100\n|turn|4\n|\n|t:|1700129137\n|move|p1a: Enamorus|Moonblast|p2a: Landorus\n|-damage|p2a: Landorus|4\/100\n|-unboost|p2a: Landorus|spa|1\n|move|p2a: Landorus|Taunt|p1a: Enamorus\n|-start|p1a: Enamorus|move: Taunt\n|\n|-heal|p2a: Landorus|10\/100|[from] item: Leftovers\n|upkeep\n|turn|5\n|\n|t:|1700129143\n|switch|p2a: Iron Moth|Iron Moth|100\/100\n|-enditem|p2a: Iron Moth|Booster Energy\n|-activate|p2a: Iron Moth|ability: Quark Drive|[fromitem]\n|-start|p2a: Iron Moth|quarkdrivespe\n|move|p1a: Enamorus|Moonblast|p2a: Iron Moth\n|-resisted|p2a: Iron Moth\n|-damage|p2a: Iron Moth|82\/100\n|\n|upkeep\n|turn|6\n|\n|t:|1700129154\n|switch|p1a: Landorus|Landorus-Therian, M|84\/100\n|-ability|p1a: Landorus|Intimidate|boost\n|-unboost|p2a: Iron Moth|atk|1\n|move|p2a: Iron Moth|Sludge Wave|p1a: Landorus\n|-resisted|p1a: Landorus\n|-damage|p1a: Landorus|52\/100\n|\n|-heal|p1a: Landorus|58\/100|[from] item: Leftovers\n|upkeep\n|turn|7\n|\n|t:|1700129173\n|-terastallize|p2a: Iron Moth|Grass\n|move|p2a: Iron Moth|Fiery Dance|p1a: Landorus\n|-damage|p1a: Landorus|3\/100\n|move|p1a: Landorus|Earthquake|p2a: Iron Moth\n|-resisted|p2a: Iron Moth\n|-damage|p2a: Iron Moth|37\/100\n|\n|-heal|p1a: Landorus|9\/100|[from] item: Leftovers\n|upkeep\n|turn|8\n|\n|t:|1700129181\n|move|p2a: Iron Moth|Fiery Dance|p1a: Landorus\n|-damage|p1a: Landorus|0 fnt\n|-boost|p2a: Iron Moth|spa|1\n|faint|p1a: Landorus\n|\n|upkeep\n|\n|t:|1700129187\n|switch|p1a: Ogerpon|Ogerpon-Cornerstone, F|100\/100\n|turn|9\n|\n|t:|1700129196\n|move|p2a: Iron Moth|Energy Ball|p1a: Ogerpon\n|-damage|p1a: Ogerpon|16\/100\n|move|p1a: Ogerpon|Ivy Cudgel|p2a: Iron Moth|[anim] Ivy Cudgel Rock\n|-damage|p2a: Iron Moth|0 fnt\n|faint|p2a: Iron Moth\n|-end|p2a: Iron Moth|Quark Drive|[silent]\n|\n|upkeep\n|\n|t:|1700129200\n|switch|p2a: Greninja|Greninja, M|100\/100\n|turn|10\n|\n|t:|1700129208\n|switch|p1a: Samurott|Samurott-Hisui, M|100\/100\n|move|p2a: Greninja|Water Shuriken|p1a: Samurott\n|-resisted|p1a: Samurott\n|-damage|p1a: Samurott|96\/100\n|-resisted|p1a: Samurott\n|-damage|p1a: Samurott|91\/100\n|-resisted|p1a: Samurott\n|-damage|p1a: Samurott|86\/100\n|-resisted|p1a: Samurott\n|-damage|p1a: Samurott|81\/100\n|-hitcount|p1a: Samurott|4\n|\n|upkeep\n|turn|11\n|\n|t:|1700129215\n|switch|p2a: Corviknight|Corviknight, F|93\/100\n|move|p1a: Samurott|Ceaseless Edge|p2a: Corviknight|[miss]\n|-miss|p1a: Samurott|p2a: Corviknight\n|\n|upkeep\n|turn|12\n|\n|t:|1700129220\n|switch|p1a: Ogerpon|Ogerpon-Cornerstone, F|16\/100\n|move|p2a: Corviknight|Body Press|p1a: Ogerpon\n|-supereffective|p1a: Ogerpon\n|-damage|p1a: Ogerpon|0 fnt\n|faint|p1a: Ogerpon\n|\n|upkeep\n|\n|t:|1700129224\n|switch|p1a: Manaphy|Manaphy|100\/100\n|turn|13\n|\n|t:|1700129229\n|switch|p2a: Landorus|Landorus-Therian, M|10\/100\n|-ability|p2a: Landorus|Intimidate|boost\n|-unboost|p1a: Manaphy|atk|1\n|move|p1a: Manaphy|Tail Glow|p1a: Manaphy\n|-boost|p1a: Manaphy|spa|3\n|\n|-heal|p2a: Landorus|16\/100|[from] item: Leftovers\n|upkeep\n|turn|14\n|\n|t:|1700129236\n|move|p1a: Manaphy|Surf|p2a: Landorus\n|-supereffective|p2a: Landorus\n|-damage|p2a: Landorus|0 fnt\n|faint|p2a: Landorus\n|\n|upkeep\n|\n|t:|1700129239\n|switch|p2a: Dragapult|Dragapult, F|100\/100\n|turn|15\n|\n|t:|1700129245\n|move|p2a: Dragapult|Draco Meteor|p1a: Manaphy\n|-damage|p1a: Manaphy|40\/100\n|-unboost|p2a: Dragapult|spa|2\n|move|p1a: Manaphy|Dazzling Gleam|p2a: Dragapult\n|-supereffective|p2a: Dragapult\n|-damage|p2a: Dragapult|0 fnt\n|faint|p2a: Dragapult\n|\n|-heal|p1a: Manaphy|46\/100|[from] item: Leftovers\n|upkeep\n|\n|t:|1700129253\n|switch|p2a: Greninja|Greninja, M|100\/100\n|turn|16\n|\n|t:|1700129258\n|-terastallize|p1a: Manaphy|Fairy\n|move|p2a: Greninja|Dark Pulse|p1a: Manaphy\n|-resisted|p1a: Manaphy\n|-damage|p1a: Manaphy|29\/100\n|move|p1a: Manaphy|Dazzling Gleam|p2a: Greninja\n|-supereffective|p2a: Greninja\n|-damage|p2a: Greninja|0 fnt\n|faint|p2a: Greninja\n|\n|-heal|p1a: Manaphy|35\/100|[from] item: Leftovers\n|upkeep\n|\n|t:|1700129262\n|switch|p2a: Hatterene|Hatterene, F|100\/100\n|turn|17\n|\n|t:|1700129265\n|move|p1a: Manaphy|Surf|p2a: Hatterene\n|-crit|p2a: Hatterene\n|-damage|p2a: Hatterene|0 fnt\n|faint|p2a: Hatterene\n|\n|-heal|p1a: Manaphy|41\/100|[from] item: Leftovers\n|upkeep\n|\n|t:|1700129267\n|switch|p2a: Corviknight|Corviknight, F|93\/100\n|turn|18\n|\n|t:|1700129269\n|move|p1a: Manaphy|Surf|p2a: Corviknight\n|-crit|p2a: Corviknight\n|-damage|p2a: Corviknight|0 fnt\n|faint|p2a: Corviknight\n|\n|win|lolgod2\n|raw|lolgod2's rating: 1325 &rarr; <strong>1350<\/strong><br \/>(+25 for winning)\n|raw|Muskitoss's rating: 1412 &rarr; <strong>1387<\/strong><br \/>(-25 for losing)\n|l|\u2606lolgod2\n|l|\u2606Muskitoss\n|j|\u2606lolgod2\n|player|p1|lolgod2|unknownf\n","uploadtime":1700129282,"views":12,"p1id":"lolgod2","p2id":"muskitoss","formatid":"gen9ou","rating":1350,"private":0,"password":""}