{"id":"gen9ou-1995600707","p1":"ClodsireYT","p2":"PLAYB0I R0BBIE B","format":"[Gen 9] OU","log":"|j|\u2606ClodsireYT\n|j|\u2606PLAYB0I R0BBIE B\n|t:|1700586435\n|gametype|singles\n|player|p1|ClodsireYT|hiker-gen4|1342\n|player|p2|PLAYB0I R0BBIE B|eusine|1352\n|teamsize|p1|6\n|teamsize|p2|6\n|gen|9\n|tier|[Gen 9] OU\n|rated|\n|rule|Sleep Clause Mod: Limit one foe put to sleep\n|rule|Species Clause: Limit one of each Pok\u00e9mon\n|rule|OHKO Clause: OHKO moves are banned\n|rule|Evasion Items Clause: Evasion items are banned\n|rule|Evasion Moves Clause: Evasion moves are banned\n|rule|Endless Battle Clause: Forcing endless battles is banned\n|rule|HP Percentage Mod: HP is shown in percentages\n|clearpoke\n|poke|p1|Ogerpon-Wellspring, F|\n|poke|p1|Kingambit, F|\n|poke|p1|Cinderace, F|\n|poke|p1|Iron Moth|\n|poke|p1|Clodsire, M|\n|poke|p1|Manaphy|\n|poke|p2|Meowscarada, F|\n|poke|p2|Heatran, F|\n|poke|p2|Thundurus-Therian, M|\n|poke|p2|Dragapult, F|\n|poke|p2|Great Tusk|\n|poke|p2|Azumarill, F|\n|teampreview\n|inactive|Battle timer is ON: inactive players will automatically lose when time's up. (requested by ClodsireYT)\n|\n|t:|1700586445\n|start\n|switch|p1a: Manaphy|Manaphy|100\/100\n|switch|p2a: SICKO MODE|Meowscarada, F|100\/100\n|turn|1\n|\n|t:|1700586452\n|move|p2a: SICKO MODE|Knock Off|p1a: Manaphy\n|-start|p2a: SICKO MODE|typechange|Dark|[from] ability: Protean\n|-damage|p1a: Manaphy|45\/100\n|-enditem|p1a: Manaphy|Leftovers|[from] move: Knock Off|[of] p2a: SICKO MODE\n|move|p1a: Manaphy|Ice Beam|p2a: SICKO MODE\n|-damage|p2a: SICKO MODE|58\/100\n|\n|upkeep\n|turn|2\n|\n|t:|1700586458\n|move|p2a: SICKO MODE|Knock Off|p1a: Manaphy\n|-damage|p1a: Manaphy|5\/100\n|move|p1a: Manaphy|Tail Glow|p1a: Manaphy\n|-boost|p1a: Manaphy|spa|3\n|\n|upkeep\n|turn|3\n|c|\u2606ClodsireYT|FUCK\n|c|\u2606ClodsireYT|MISCLICK\n|\n|t:|1700586466\n|move|p2a: SICKO MODE|Knock Off|p1a: Manaphy\n|-damage|p1a: Manaphy|0 fnt\n|faint|p1a: Manaphy\n|\n|upkeep\n|\n|t:|1700586469\n|switch|p1a: Iron Moth|Iron Moth|100\/100\n|-enditem|p1a: Iron Moth|Booster Energy\n|-activate|p1a: Iron Moth|ability: Quark Drive|[fromitem]\n|-start|p1a: Iron Moth|quarkdrivespe\n|turn|4\n|\n|t:|1700586473\n|switch|p2a: 5% TINT|Heatran, F|100\/100\n|-item|p2a: 5% TINT|Air Balloon\n|move|p1a: Iron Moth|Hurricane|p2a: 5% TINT\n|-resisted|p2a: 5% TINT\n|-damage|p2a: 5% TINT|83\/100\n|-start|p2a: 5% TINT|confusion\n|-enditem|p2a: 5% TINT|Air Balloon\n|\n|upkeep\n|turn|5\n|\n|t:|1700586480\n|move|p1a: Iron Moth|Hurricane|p2a: 5% TINT\n|-resisted|p2a: 5% TINT\n|-damage|p2a: 5% TINT|67\/100\n|-activate|p2a: 5% TINT|confusion\n|-damage|p2a: 5% TINT|61\/100|[from] confusion\n|\n|upkeep\n|turn|6\n|\n|t:|1700586487\n|-end|p1a: Iron Moth|Quark Drive|[silent]\n|switch|p1a: Ogerpon|Ogerpon-Wellspring, F|100\/100\n|-activate|p2a: 5% TINT|confusion\n|move|p2a: 5% TINT|Earth Power|p1a: Ogerpon\n|-resisted|p1a: Ogerpon\n|-damage|p1a: Ogerpon|80\/100\n|\n|upkeep\n|turn|7\n|\n|t:|1700586492\n|switch|p2a: NO BYSTANDERS|Dragapult, F|100\/100\n|move|p1a: Ogerpon|Swords Dance|p1a: Ogerpon\n|-boost|p1a: Ogerpon|atk|2\n|\n|upkeep\n|turn|8\n|\n|t:|1700586499\n|move|p2a: NO BYSTANDERS|Thunder Wave|p1a: Ogerpon\n|-status|p1a: Ogerpon|par\n|move|p1a: Ogerpon|Trailblaze|p2a: NO BYSTANDERS\n|-resisted|p2a: NO BYSTANDERS\n|-damage|p2a: NO BYSTANDERS|53\/100\n|-boost|p1a: Ogerpon|spe|1\n|\n|upkeep\n|turn|9\n|\n|t:|1700586505\n|move|p2a: NO BYSTANDERS|U-turn|p1a: Ogerpon\n|-supereffective|p1a: Ogerpon\n|-damage|p1a: Ogerpon|29\/100 par\n|\n|t:|1700586507\n|switch|p2a: ASTROTHUNDER|Thundurus-Therian, M|100\/100|[from] U-turn\n|cant|p1a: Ogerpon|par\n|\n|upkeep\n|turn|10\n|\n|t:|1700586512\n|-terastallize|p2a: ASTROTHUNDER|Flying\n|move|p2a: ASTROTHUNDER|Tera Blast|p1a: Ogerpon|[anim] Tera Blast Flying\n|-supereffective|p1a: Ogerpon\n|-damage|p1a: Ogerpon|0 fnt\n|faint|p1a: Ogerpon\n|\n|upkeep\n|\n|t:|1700586522\n|switch|p1a: Iron Moth|Iron Moth|100\/100\n|turn|11\n|\n|t:|1700586526\n|switch|p2a: 5% TINT|Heatran, F|61\/100\n|move|p1a: Iron Moth|Hurricane|p2a: 5% TINT\n|-resisted|p2a: 5% TINT\n|-damage|p2a: 5% TINT|45\/100\n|\n|upkeep\n|turn|12\n|\n|t:|1700586529\n|move|p1a: Iron Moth|Hurricane|p2a: 5% TINT\n|-resisted|p2a: 5% TINT\n|-damage|p2a: 5% TINT|30\/100\n|move|p2a: 5% TINT|Earth Power|p1a: Iron Moth\n|-supereffective|p1a: Iron Moth\n|-damage|p1a: Iron Moth|0 fnt\n|faint|p1a: Iron Moth\n|-end|p1a: Iron Moth|Quark Drive|[silent]\n|\n|upkeep\n|\n|t:|1700586538\n|switch|p1a: Kingambit|Kingambit, F|100\/100\n|-activate|p1a: Kingambit|ability: Supreme Overlord\n|-start|p1a: Kingambit|fallen3|[silent]\n|turn|13\n|\n|t:|1700586544\n|move|p2a: 5% TINT|Taunt|p1a: Kingambit\n|-start|p1a: Kingambit|move: Taunt\n|cant|p1a: Kingambit|move: Taunt|Swords Dance\n|\n|upkeep\n|turn|14\n|\n|t:|1700586548\n|move|p2a: 5% TINT|Magma Storm|p1a: Kingambit|[miss]\n|-miss|p2a: 5% TINT|p1a: Kingambit\n|move|p1a: Kingambit|Kowtow Cleave|p2a: 5% TINT\n|-damage|p2a: 5% TINT|0 fnt\n|faint|p2a: 5% TINT\n|\n|upkeep\n|\n|t:|1700586553\n|switch|p2a: SICKO MODE|Meowscarada, F|58\/100\n|turn|15\n|\n|t:|1700586559\n|move|p2a: SICKO MODE|Low Kick|p1a: Kingambit\n|-start|p2a: SICKO MODE|typechange|Fighting|[from] ability: Protean\n|-supereffective|p1a: Kingambit\n|-damage|p1a: Kingambit|0 fnt\n|faint|p1a: Kingambit\n|-end|p1a: Kingambit|fallen3|[silent]\n|\n|upkeep\n|\n|t:|1700586563\n|switch|p1a: Cinderace|Cinderace, F|100\/100\n|turn|16\n|\n|t:|1700586570\n|switch|p2a: NO BYSTANDERS|Dragapult, F|53\/100\n|move|p1a: Cinderace|Pyro Ball|p2a: NO BYSTANDERS\n|-resisted|p2a: NO BYSTANDERS\n|-damage|p2a: NO BYSTANDERS|17\/100\n|\n|upkeep\n|turn|17\n|\n|t:|1700586573\n|move|p2a: NO BYSTANDERS|Thunder Wave|p1a: Cinderace\n|-status|p1a: Cinderace|par\n|move|p1a: Cinderace|Pyro Ball|p2a: NO BYSTANDERS\n|-resisted|p2a: NO BYSTANDERS\n|-damage|p2a: NO BYSTANDERS|0 fnt\n|faint|p2a: NO BYSTANDERS\n|\n|upkeep\n|\n|t:|1700586576\n|switch|p2a: ASTROTHUNDER|Thundurus-Therian, M, tera:Flying|100\/100\n|turn|18\n|\n|t:|1700586579\n|move|p2a: ASTROTHUNDER|Tera Blast|p1a: Cinderace|[anim] Tera Blast Flying\n|-damage|p1a: Cinderace|0 fnt\n|faint|p1a: Cinderace\n|\n|upkeep\n|\n|t:|1700586581\n|switch|p1a: Clodsire|Clodsire, M|100\/100\n|turn|19\n|\n|t:|1700586587\n|switch|p2a: YOSEMITE|Great Tusk|100\/100\n|move|p1a: Clodsire|Curse|p1a: Clodsire\n|-unboost|p1a: Clodsire|spe|1\n|-boost|p1a: Clodsire|atk|1\n|-boost|p1a: Clodsire|def|1\n|\n|upkeep\n|turn|20\n|\n|t:|1700586592\n|-terastallize|p1a: Clodsire|Dark\n|move|p2a: YOSEMITE|Headlong Rush|p1a: Clodsire\n|-damage|p1a: Clodsire|52\/100\n|-unboost|p2a: YOSEMITE|def|1\n|-unboost|p2a: YOSEMITE|spd|1\n|move|p1a: Clodsire|Curse|p1a: Clodsire\n|-unboost|p1a: Clodsire|spe|1\n|-boost|p1a: Clodsire|atk|1\n|-boost|p1a: Clodsire|def|1\n|\n|-heal|p1a: Clodsire|59\/100|[from] item: Leftovers\n|upkeep\n|turn|21\n|\n|t:|1700586595\n|move|p2a: YOSEMITE|Close Combat|p1a: Clodsire\n|-supereffective|p1a: Clodsire\n|-damage|p1a: Clodsire|0 fnt\n|-unboost|p2a: YOSEMITE|def|1\n|-unboost|p2a: YOSEMITE|spd|1\n|faint|p1a: Clodsire\n|\n|win|PLAYB0I R0BBIE B\n|raw|ClodsireYT's rating: 1342 &rarr; <strong>1323<\/strong><br \/>(-19 for losing)\n|raw|PLAYB0I R0BBIE B's rating: 1352 &rarr; <strong>1371<\/strong><br \/>(+19 for winning)\n","uploadtime":1700586599,"views":1,"p1id":"clodsireyt","p2id":"playb0ir0bbieb","formatid":"gen9ou","rating":1323,"private":0,"password":""}