{"id":"gen9ou-1993754363","p1":"Yobeto","p2":"gengarsslowcousin","format":"[Gen 9] OU","log":"|j|\u2606Yobeto\n|j|\u2606gengarsslowcousin\n|t:|1700353296\n|gametype|singles\n|player|p1|Yobeto|101|1677\n|player|p2|gengarsslowcousin|cynthia-gen4|1639\n|teamsize|p1|6\n|teamsize|p2|6\n|gen|9\n|tier|[Gen 9] OU\n|rated|\n|rule|Sleep Clause Mod: Limit one foe put to sleep\n|rule|Species Clause: Limit one of each Pok\u00e9mon\n|rule|OHKO Clause: OHKO moves are banned\n|rule|Evasion Items Clause: Evasion items are banned\n|rule|Evasion Moves Clause: Evasion moves are banned\n|rule|Endless Battle Clause: Forcing endless battles is banned\n|rule|HP Percentage Mod: HP is shown in percentages\n|clearpoke\n|poke|p1|Iron Valiant|\n|poke|p1|Garchomp, F|\n|poke|p1|Kingambit, F|\n|poke|p1|Dragapult, F|\n|poke|p1|Gholdengo|\n|poke|p1|Dragonite, M|\n|poke|p2|Thundurus-Therian, M|\n|poke|p2|Cinderace, F|\n|poke|p2|Dragapult, M|\n|poke|p2|Garganacl, F|\n|poke|p2|Slowking-Galar, F|\n|poke|p2|Kingambit, M|\n|teampreview\n|j| Seleukos\n|inactive|Battle timer is ON: inactive players will automatically lose when time's up. (requested by gengarsslowcousin)\n|\n|t:|1700353334\n|start\n|switch|p1a: Garchomp|Garchomp, F|100\/100\n|switch|p2a: Dragapult|Dragapult, M|100\/100\n|turn|1\n|\n|t:|1700353345\n|-terastallize|p1a: Garchomp|Fairy\n|move|p2a: Dragapult|Dragon Darts|p1a: Garchomp\n|-immune|p1a: Garchomp\n|move|p1a: Garchomp|Tera Blast|p2a: Dragapult|[anim] Tera Blast Fairy\n|-supereffective|p2a: Dragapult\n|-damage|p2a: Dragapult|0 fnt\n|faint|p2a: Dragapult\n|\n|upkeep\n|\n|t:|1700353356\n|switch|p2a: Slowking|Slowking-Galar, F|100\/100\n|turn|2\n|\n|t:|1700353360\n|switch|p1a: Kingambit|Kingambit, F|100\/100\n|-item|p1a: Kingambit|Air Balloon\n|switch|p2a: Thundurus|Thundurus-Therian, M|100\/100\n|\n|upkeep\n|turn|3\n|\n|t:|1700353374\n|move|p2a: Thundurus|Volt Switch|p1a: Kingambit\n|-damage|p1a: Kingambit|59\/100\n|-enditem|p1a: Kingambit|Air Balloon\n|\n|t:|1700353378\n|switch|p2a: Cinderace|Cinderace, F|100\/100|[from] Volt Switch\n|move|p1a: Kingambit|Kowtow Cleave|p2a: Cinderace\n|-damage|p2a: Cinderace|46\/100\n|\n|upkeep\n|turn|4\n|\n|t:|1700353387\n|move|p1a: Kingambit|Sucker Punch||[still]\n|-fail|p1a: Kingambit\n|move|p2a: Cinderace|Will-O-Wisp|p1a: Kingambit\n|-status|p1a: Kingambit|brn\n|\n|-damage|p1a: Kingambit|52\/100 brn|[from] brn\n|upkeep\n|turn|5\n|\n|t:|1700353392\n|move|p1a: Kingambit|Sucker Punch|p2a: Cinderace\n|-damage|p2a: Cinderace|19\/100\n|move|p2a: Cinderace|Pyro Ball|p1a: Kingambit\n|-supereffective|p1a: Kingambit\n|-damage|p1a: Kingambit|0 fnt\n|faint|p1a: Kingambit\n|-end|p1a: Kingambit|fallenundefined|[silent]\n|\n|upkeep\n|\n|t:|1700353401\n|switch|p1a: Dragapult|Dragapult, F|100\/100\n|turn|6\n|\n|t:|1700353408\n|move|p1a: Dragapult|Shadow Ball|p2a: Cinderace\n|-damage|p2a: Cinderace|0 fnt\n|faint|p2a: Cinderace\n|\n|upkeep\n|\n|t:|1700353410\n|switch|p2a: Garganacl|Garganacl, F|100\/100\n|turn|7\n|\n|t:|1700353420\n|switch|p1a: Iron Valiant|Iron Valiant|100\/100\n|-enditem|p1a: Iron Valiant|Booster Energy\n|-activate|p1a: Iron Valiant|ability: Quark Drive|[fromitem]\n|-start|p1a: Iron Valiant|quarkdrivespe\n|move|p2a: Garganacl|Salt Cure|p1a: Iron Valiant\n|-resisted|p1a: Iron Valiant\n|-damage|p1a: Iron Valiant|92\/100\n|-start|p1a: Iron Valiant|Salt Cure\n|\n|-damage|p1a: Iron Valiant|80\/100|[from] Salt Cure\n|upkeep\n|turn|8\n|\n|t:|1700353429\n|-end|p1a: Iron Valiant|Quark Drive|[silent]\n|switch|p1a: Garchomp|Garchomp, F, tera:Fairy|100\/100\n|move|p2a: Garganacl|Stealth Rock|p1a: Garchomp\n|-sidestart|p1: Yobeto|move: Stealth Rock\n|\n|upkeep\n|turn|9\n|\n|t:|1700353438\n|move|p2a: Garganacl|Protect|p2a: Garganacl\n|-singleturn|p2a: Garganacl|Protect\n|move|p1a: Garchomp|Stealth Rock|p2a: Garganacl\n|-sidestart|p2: gengarsslowcousin|move: Stealth Rock\n|\n|upkeep\n|turn|10\n|\n|t:|1700353444\n|-terastallize|p2a: Garganacl|Water\n|move|p1a: Garchomp|Earthquake|p2a: Garganacl\n|-damage|p2a: Garganacl|76\/100\n|move|p2a: Garganacl|Salt Cure|p1a: Garchomp\n|-damage|p1a: Garchomp|87\/100\n|-start|p1a: Garchomp|Salt Cure\n|\n|-heal|p2a: Garganacl|82\/100|[from] item: Leftovers\n|-damage|p1a: Garchomp|75\/100|[from] Salt Cure\n|upkeep\n|turn|11\n|\n|t:|1700353449\n|move|p1a: Garchomp|Spikes|p2a: Garganacl\n|-sidestart|p2: gengarsslowcousin|Spikes\n|move|p2a: Garganacl|Salt Cure|p1a: Garchomp\n|-damage|p1a: Garchomp|60\/100\n|\n|-heal|p2a: Garganacl|88\/100|[from] item: Leftovers\n|-damage|p1a: Garchomp|48\/100|[from] Salt Cure\n|upkeep\n|turn|12\n|\n|t:|1700353453\n|move|p1a: Garchomp|Spikes|p2a: Garganacl\n|-sidestart|p2: gengarsslowcousin|Spikes\n|move|p2a: Garganacl|Salt Cure|p1a: Garchomp\n|-damage|p1a: Garchomp|33\/100\n|\n|-heal|p2a: Garganacl|94\/100|[from] item: Leftovers\n|-damage|p1a: Garchomp|21\/100|[from] Salt Cure\n|upkeep\n|turn|13\n|\n|t:|1700353462\n|move|p2a: Garganacl|Protect|p2a: Garganacl\n|-singleturn|p2a: Garganacl|Protect\n|move|p1a: Garchomp|Spikes|p2a: Garganacl\n|-sidestart|p2: gengarsslowcousin|Spikes\n|\n|-heal|p2a: Garganacl|100\/100|[from] item: Leftovers\n|-damage|p1a: Garchomp|9\/100|[from] Salt Cure\n|upkeep\n|turn|14\n|\n|t:|1700353465\n|move|p1a: Garchomp|Earthquake|p2a: Garganacl\n|-damage|p2a: Garganacl|74\/100\n|move|p2a: Garganacl|Recover|p2a: Garganacl\n|-heal|p2a: Garganacl|100\/100\n|\n|-damage|p1a: Garchomp|0 fnt|[from] Salt Cure\n|faint|p1a: Garchomp\n|upkeep\n|\n|t:|1700353471\n|switch|p1a: Iron Valiant|Iron Valiant|80\/100\n|-damage|p1a: Iron Valiant|74\/100|[from] Stealth Rock\n|turn|15\n|\n|t:|1700353475\n|move|p1a: Iron Valiant|Calm Mind|p1a: Iron Valiant\n|-boost|p1a: Iron Valiant|spa|1\n|-boost|p1a: Iron Valiant|spd|1\n|move|p2a: Garganacl|Salt Cure|p1a: Iron Valiant\n|-resisted|p1a: Iron Valiant\n|-damage|p1a: Iron Valiant|65\/100\n|-start|p1a: Iron Valiant|Salt Cure\n|\n|-damage|p1a: Iron Valiant|52\/100|[from] Salt Cure\n|upkeep\n|turn|16\n|\n|t:|1700353484\n|switch|p2a: Thundurus|Thundurus-Therian, M|100\/100\n|move|p1a: Iron Valiant|Moonblast|p2a: Thundurus\n|-damage|p2a: Thundurus|2\/100\n|\n|-damage|p1a: Iron Valiant|40\/100|[from] Salt Cure\n|upkeep\n|turn|17\n|\n|t:|1700353492\n|move|p1a: Iron Valiant|Shadow Ball|p2a: Thundurus\n|-damage|p2a: Thundurus|0 fnt\n|faint|p2a: Thundurus\n|\n|-damage|p1a: Iron Valiant|27\/100|[from] Salt Cure\n|upkeep\n|\n|t:|1700353495\n|switch|p2a: Garganacl|Garganacl, F, tera:Water|100\/100\n|-damage|p2a: Garganacl|88\/100|[from] Stealth Rock\n|-damage|p2a: Garganacl|63\/100|[from] Spikes\n|turn|18\n|\n|t:|1700353501\n|move|p1a: Iron Valiant|Moonblast|p2a: Garganacl\n|-damage|p2a: Garganacl|1\/100\n|move|p2a: Garganacl|Recover|p2a: Garganacl\n|-heal|p2a: Garganacl|51\/100\n|\n|-heal|p2a: Garganacl|57\/100|[from] item: Leftovers\n|-damage|p1a: Iron Valiant|15\/100|[from] Salt Cure\n|upkeep\n|turn|19\n|\n|t:|1700353510\n|move|p2a: Garganacl|Protect|p2a: Garganacl\n|-singleturn|p2a: Garganacl|Protect\n|move|p1a: Iron Valiant|Moonblast|p2a: Garganacl\n|-activate|p2a: Garganacl|move: Protect\n|\n|-heal|p2a: Garganacl|63\/100|[from] item: Leftovers\n|-damage|p1a: Iron Valiant|3\/100|[from] Salt Cure\n|upkeep\n|turn|20\n|\n|t:|1700353519\n|move|p1a: Iron Valiant|Encore|p2a: Garganacl\n|-start|p2a: Garganacl|Encore\n|move|p2a: Garganacl|Protect||[still]\n|-fail|p2a: Garganacl\n|\n|-heal|p2a: Garganacl|69\/100|[from] item: Leftovers\n|-damage|p1a: Iron Valiant|0 fnt|[from] Salt Cure\n|faint|p1a: Iron Valiant\n|-end|p1a: Iron Valiant|Quark Drive|[silent]\n|upkeep\n|\n|t:|1700353525\n|switch|p1a: Dragonite|Dragonite, M|100\/100\n|turn|21\n|\n|t:|1700353529\n|switch|p2a: Slowking|Slowking-Galar, F|100\/100\n|-damage|p2a: Slowking|88\/100|[from] Stealth Rock\n|-damage|p2a: Slowking|63\/100|[from] Spikes\n|move|p1a: Dragonite|Dragon Dance|p1a: Dragonite\n|-boost|p1a: Dragonite|atk|1\n|-boost|p1a: Dragonite|spe|1\n|\n|upkeep\n|turn|22\n|\n|t:|1700353534\n|move|p1a: Dragonite|Earthquake|p2a: Slowking\n|-supereffective|p2a: Slowking\n|-damage|p2a: Slowking|0 fnt\n|faint|p2a: Slowking\n|\n|upkeep\n|\n|t:|1700353536\n|switch|p2a: Garganacl|Garganacl, F, tera:Water|69\/100\n|-damage|p2a: Garganacl|57\/100|[from] Stealth Rock\n|-damage|p2a: Garganacl|32\/100|[from] Spikes\n|turn|23\n|j| SandGetsEverywhere\n|\n|t:|1700353547\n|move|p1a: Dragonite|Dragon Dance|p1a: Dragonite\n|-boost|p1a: Dragonite|atk|1\n|-boost|p1a: Dragonite|spe|1\n|move|p2a: Garganacl|Recover|p2a: Garganacl\n|-heal|p2a: Garganacl|82\/100\n|\n|-heal|p2a: Garganacl|88\/100|[from] item: Leftovers\n|upkeep\n|turn|24\n|\n|t:|1700353553\n|move|p1a: Dragonite|Earthquake|p2a: Garganacl\n|-damage|p2a: Garganacl|47\/100\n|move|p2a: Garganacl|Salt Cure|p1a: Dragonite\n|-supereffective|p1a: Dragonite\n|-damage|p1a: Dragonite|88\/100\n|-start|p1a: Dragonite|Salt Cure\n|\n|-heal|p2a: Garganacl|53\/100|[from] item: Leftovers\n|-damage|p1a: Dragonite|76\/100|[from] Salt Cure\n|upkeep\n|turn|25\n|\n|t:|1700353566\n|move|p1a: Dragonite|Earthquake|p2a: Garganacl\n|-damage|p2a: Garganacl|10\/100\n|move|p2a: Garganacl|Recover|p2a: Garganacl\n|-heal|p2a: Garganacl|60\/100\n|\n|-heal|p2a: Garganacl|67\/100|[from] item: Leftovers\n|-damage|p1a: Dragonite|63\/100|[from] Salt Cure\n|upkeep\n|turn|26\n|\n|t:|1700353577\n|move|p1a: Dragonite|Earthquake|p2a: Garganacl\n|-damage|p2a: Garganacl|27\/100\n|move|p2a: Garganacl|Salt Cure|p1a: Dragonite\n|-supereffective|p1a: Dragonite\n|-damage|p1a: Dragonite|35\/100\n|\n|-heal|p2a: Garganacl|33\/100|[from] item: Leftovers\n|-damage|p1a: Dragonite|23\/100|[from] Salt Cure\n|upkeep\n|turn|27\n|\n|t:|1700353587\n|move|p2a: Garganacl|Protect|p2a: Garganacl\n|-singleturn|p2a: Garganacl|Protect\n|move|p1a: Dragonite|Roost|p1a: Dragonite\n|-heal|p1a: Dragonite|73\/100\n|-singleturn|p1a: Dragonite|move: Roost\n|\n|-heal|p2a: Garganacl|39\/100|[from] item: Leftovers\n|-damage|p1a: Dragonite|61\/100|[from] Salt Cure\n|upkeep\n|turn|28\n|\n|t:|1700353592\n|move|p1a: Dragonite|Earthquake|p2a: Garganacl\n|-damage|p2a: Garganacl|1\/100\n|move|p2a: Garganacl|Recover|p2a: Garganacl\n|-heal|p2a: Garganacl|51\/100\n|\n|-heal|p2a: Garganacl|58\/100|[from] item: Leftovers\n|-damage|p1a: Dragonite|48\/100|[from] Salt Cure\n|upkeep\n|turn|29\n|\n|t:|1700353601\n|move|p1a: Dragonite|Earthquake|p2a: Garganacl\n|-damage|p2a: Garganacl|16\/100\n|move|p2a: Garganacl|Salt Cure|p1a: Dragonite\n|-supereffective|p1a: Dragonite\n|-damage|p1a: Dragonite|22\/100\n|\n|-heal|p2a: Garganacl|23\/100|[from] item: Leftovers\n|-damage|p1a: Dragonite|10\/100|[from] Salt Cure\n|upkeep\n|turn|30\n|\n|t:|1700353616\n|move|p1a: Dragonite|Roost|p1a: Dragonite\n|-heal|p1a: Dragonite|60\/100\n|-singleturn|p1a: Dragonite|move: Roost\n|move|p2a: Garganacl|Salt Cure|p1a: Dragonite\n|-damage|p1a: Dragonite|46\/100\n|\n|-heal|p2a: Garganacl|29\/100|[from] item: Leftovers\n|-damage|p1a: Dragonite|34\/100|[from] Salt Cure\n|upkeep\n|turn|31\n|\n|t:|1700353626\n|move|p1a: Dragonite|Roost|p1a: Dragonite\n|-heal|p1a: Dragonite|84\/100\n|-singleturn|p1a: Dragonite|move: Roost\n|move|p2a: Garganacl|Recover|p2a: Garganacl\n|-heal|p2a: Garganacl|79\/100\n|\n|-heal|p2a: Garganacl|85\/100|[from] item: Leftovers\n|-damage|p1a: Dragonite|71\/100|[from] Salt Cure\n|upkeep\n|turn|32\n|\n|t:|1700353632\n|move|p1a: Dragonite|Earthquake|p2a: Garganacl\n|-damage|p2a: Garganacl|44\/100\n|move|p2a: Garganacl|Salt Cure|p1a: Dragonite\n|-supereffective|p1a: Dragonite\n|-damage|p1a: Dragonite|42\/100\n|\n|-heal|p2a: Garganacl|50\/100|[from] item: Leftovers\n|-damage|p1a: Dragonite|29\/100|[from] Salt Cure\n|upkeep\n|turn|33\n|\n|t:|1700353642\n|move|p1a: Dragonite|Roost|p1a: Dragonite\n|-heal|p1a: Dragonite|79\/100\n|-singleturn|p1a: Dragonite|move: Roost\n|move|p2a: Garganacl|Salt Cure|p1a: Dragonite\n|-damage|p1a: Dragonite|66\/100\n|\n|-heal|p2a: Garganacl|56\/100|[from] item: Leftovers\n|-damage|p1a: Dragonite|53\/100|[from] Salt Cure\n|upkeep\n|turn|34\n|\n|t:|1700353651\n|move|p1a: Dragonite|Earthquake|p2a: Garganacl\n|-damage|p2a: Garganacl|18\/100\n|move|p2a: Garganacl|Recover|p2a: Garganacl\n|-heal|p2a: Garganacl|68\/100\n|\n|-heal|p2a: Garganacl|74\/100|[from] item: Leftovers\n|-damage|p1a: Dragonite|41\/100|[from] Salt Cure\n|upkeep\n|turn|35\n|\n|t:|1700353658\n|move|p1a: Dragonite|Roost|p1a: Dragonite\n|-heal|p1a: Dragonite|91\/100\n|-singleturn|p1a: Dragonite|move: Roost\n|move|p2a: Garganacl|Salt Cure|p1a: Dragonite\n|-damage|p1a: Dragonite|78\/100\n|\n|-heal|p2a: Garganacl|80\/100|[from] item: Leftovers\n|-damage|p1a: Dragonite|66\/100|[from] Salt Cure\n|upkeep\n|turn|36\n|\n|t:|1700353669\n|move|p1a: Dragonite|Dragon Dance|p1a: Dragonite\n|-boost|p1a: Dragonite|atk|1\n|-boost|p1a: Dragonite|spe|1\n|move|p2a: Garganacl|Salt Cure|p1a: Dragonite\n|-supereffective|p1a: Dragonite\n|-damage|p1a: Dragonite|37\/100\n|\n|-heal|p2a: Garganacl|86\/100|[from] item: Leftovers\n|-damage|p1a: Dragonite|24\/100|[from] Salt Cure\n|upkeep\n|turn|37\n|l| SandGetsEverywhere\n|\n|t:|1700353674\n|move|p1a: Dragonite|Roost|p1a: Dragonite\n|-heal|p1a: Dragonite|74\/100\n|-singleturn|p1a: Dragonite|move: Roost\n|move|p2a: Garganacl|Salt Cure|p1a: Dragonite\n|-damage|p1a: Dragonite|61\/100\n|\n|-heal|p2a: Garganacl|93\/100|[from] item: Leftovers\n|-damage|p1a: Dragonite|49\/100|[from] Salt Cure\n|upkeep\n|turn|38\n|\n|t:|1700353684\n|move|p1a: Dragonite|Roost|p1a: Dragonite\n|-heal|p1a: Dragonite|99\/100\n|-singleturn|p1a: Dragonite|move: Roost\n|move|p2a: Garganacl|Salt Cure|p1a: Dragonite\n|-damage|p1a: Dragonite|84\/100\n|\n|-heal|p2a: Garganacl|99\/100|[from] item: Leftovers\n|-damage|p1a: Dragonite|72\/100|[from] Salt Cure\n|upkeep\n|turn|39\n|\n|t:|1700353690\n|move|p1a: Dragonite|Earthquake|p2a: Garganacl\n|-damage|p2a: Garganacl|46\/100\n|move|p2a: Garganacl|Salt Cure|p1a: Dragonite\n|-supereffective|p1a: Dragonite\n|-damage|p1a: Dragonite|42\/100\n|\n|-heal|p2a: Garganacl|52\/100|[from] item: Leftovers\n|-damage|p1a: Dragonite|30\/100|[from] Salt Cure\n|upkeep\n|turn|40\n|\n|t:|1700353710\n|move|p2a: Garganacl|Protect|p2a: Garganacl\n|-singleturn|p2a: Garganacl|Protect\n|move|p1a: Dragonite|Roost|p1a: Dragonite\n|-heal|p1a: Dragonite|80\/100\n|-singleturn|p1a: Dragonite|move: Roost\n|\n|-heal|p2a: Garganacl|58\/100|[from] item: Leftovers\n|-damage|p1a: Dragonite|68\/100|[from] Salt Cure\n|upkeep\n|turn|41\n|\n|t:|1700353716\n|move|p1a: Dragonite|Dragon Dance|p1a: Dragonite\n|-boost|p1a: Dragonite|atk|1\n|-boost|p1a: Dragonite|spe|1\n|move|p2a: Garganacl|Recover|p2a: Garganacl\n|-heal|p2a: Garganacl|100\/100\n|\n|-damage|p1a: Dragonite|55\/100|[from] Salt Cure\n|upkeep\n|turn|42\n|\n|t:|1700353722\n|move|p1a: Dragonite|Earthquake|p2a: Garganacl\n|-damage|p2a: Garganacl|46\/100\n|move|p2a: Garganacl|Salt Cure|p1a: Dragonite\n|-supereffective|p1a: Dragonite\n|-damage|p1a: Dragonite|28\/100\n|\n|-heal|p2a: Garganacl|52\/100|[from] item: Leftovers\n|-damage|p1a: Dragonite|16\/100|[from] Salt Cure\n|upkeep\n|turn|43\n|\n|t:|1700353726\n|move|p2a: Garganacl|Protect|p2a: Garganacl\n|-singleturn|p2a: Garganacl|Protect\n|move|p1a: Dragonite|Dragon Dance|p1a: Dragonite\n|-boost|p1a: Dragonite|atk|1\n|-boost|p1a: Dragonite|spe|1\n|\n|-heal|p2a: Garganacl|58\/100|[from] item: Leftovers\n|-damage|p1a: Dragonite|3\/100|[from] Salt Cure\n|upkeep\n|turn|44\n|\n|t:|1700353731\n|move|p2a: Garganacl|Protect||[still]\n|-fail|p2a: Garganacl\n|move|p1a: Dragonite|Earthquake|p2a: Garganacl\n|-damage|p2a: Garganacl|0 fnt\n|faint|p2a: Garganacl\n|\n|-damage|p1a: Dragonite|0 fnt|[from] Salt Cure\n|faint|p1a: Dragonite\n|upkeep\n|\n|t:|1700353740\n|switch|p1a: Dragapult|Dragapult, F|100\/100\n|switch|p2a: Kingambit|Kingambit, M|100\/100\n|-damage|p1a: Dragapult|88\/100|[from] Stealth Rock\n|-damage|p2a: Kingambit|94\/100|[from] Stealth Rock\n|-damage|p2a: Kingambit|69\/100|[from] Spikes\n|-activate|p2a: Kingambit|ability: Supreme Overlord\n|-start|p2a: Kingambit|fallen5|[silent]\n|turn|45\n|\n|t:|1700353743\n|switch|p1a: Gholdengo|Gholdengo|100\/100\n|move|p2a: Kingambit|Sucker Punch||[still]\n|-fail|p2a: Kingambit\n|\n|upkeep\n|turn|46\n|\n|t:|1700353751\n|move|p2a: Kingambit|Sucker Punch||[still]\n|-fail|p2a: Kingambit\n|move|p1a: Gholdengo|Nasty Plot|p1a: Gholdengo\n|-boost|p1a: Gholdengo|spa|2\n|\n|upkeep\n|turn|47\n|\n|t:|1700353754\n|move|p2a: Kingambit|Sucker Punch||[still]\n|-fail|p2a: Kingambit\n|move|p1a: Gholdengo|Nasty Plot|p1a: Gholdengo\n|-boost|p1a: Gholdengo|spa|2\n|\n|upkeep\n|turn|48\n|\n|t:|1700353756\n|move|p2a: Kingambit|Sucker Punch||[still]\n|-fail|p2a: Kingambit\n|move|p1a: Gholdengo|Nasty Plot|p1a: Gholdengo\n|-boost|p1a: Gholdengo|spa|2\n|\n|upkeep\n|turn|49\n|\n|t:|1700353759\n|move|p1a: Gholdengo|Nasty Plot|p1a: Gholdengo\n|-boost|p1a: Gholdengo|spa|0\n|move|p2a: Kingambit|Kowtow Cleave|p1a: Gholdengo\n|-supereffective|p1a: Gholdengo\n|-damage|p1a: Gholdengo|0 fnt\n|faint|p1a: Gholdengo\n|\n|upkeep\n|\n|t:|1700353761\n|switch|p1a: Dragapult|Dragapult, F|88\/100\n|-damage|p1a: Dragapult|76\/100|[from] Stealth Rock\n|turn|50\n|\n|t:|1700353763\n|move|p2a: Kingambit|Sucker Punch|p1a: Dragapult\n|-supereffective|p1a: Dragapult\n|-damage|p1a: Dragapult|0 fnt\n|faint|p1a: Dragapult\n|\n|win|gengarsslowcousin\n|raw|Yobeto's rating: 1677 &rarr; <strong>1655<\/strong><br \/>(-22 for losing)\n|raw|gengarsslowcousin's rating: 1639 &rarr; <strong>1661<\/strong><br \/>(+22 for winning)\n|c|\u2606gengarsslowcousin|GOAT\n","uploadtime":1700353771,"views":45,"p1id":"yobeto","p2id":"gengarsslowcousin","formatid":"gen9ou","rating":1655,"private":0,"password":""}