{"id":"gen9ou-1992572656","p1":"Men Hugging","p2":"roamflag","format":"[Gen 9] OU","log":"|j|\u2606Men Hugging\n|j|\u2606roamflag\n|t:|1700208094\n|gametype|singles\n|player|p1|Men Hugging|swimmer-gen4|1455\n|player|p2|roamflag|hilda-wonderlauncher|1595\n|teamsize|p1|6\n|teamsize|p2|6\n|gen|9\n|tier|[Gen 9] OU\n|rated|\n|rule|Sleep Clause Mod: Limit one foe put to sleep\n|rule|Species Clause: Limit one of each Pok\u00e9mon\n|rule|OHKO Clause: OHKO moves are banned\n|rule|Evasion Items Clause: Evasion items are banned\n|rule|Evasion Moves Clause: Evasion moves are banned\n|rule|Endless Battle Clause: Forcing endless battles is banned\n|rule|HP Percentage Mod: HP is shown in percentages\n|clearpoke\n|poke|p1|Ogerpon, F|\n|poke|p1|Moltres|\n|poke|p1|Great Tusk|\n|poke|p1|Kingambit, F|\n|poke|p1|Greninja-*, M|\n|poke|p1|Dragapult, F|\n|poke|p2|Dragapult, M|\n|poke|p2|Glimmora, M|\n|poke|p2|Rillaboom, M|\n|poke|p2|Kingambit, F|\n|poke|p2|Ursaluna, F|\n|poke|p2|Sneasler, M|\n|teampreview\n|inactive|Battle timer is ON: inactive players will automatically lose when time's up. (requested by Men Hugging)\n|j| BobbyTheFool\n|l| BobbyTheFool\n|\n|t:|1700208103\n|start\n|switch|p1a: Dragapult|Dragapult, F|100\/100\n|switch|p2a: Glimmora|Glimmora, M|100\/100\n|turn|1\n|\n|t:|1700208109\n|switch|p2a: Ursaluna|Ursaluna, F|100\/100\n|move|p1a: Dragapult|Shadow Ball|p2a: Ursaluna\n|-immune|p2a: Ursaluna\n|\n|-status|p2a: Ursaluna|brn|[from] item: Flame Orb\n|upkeep\n|turn|2\n|\n|t:|1700208129\n|switch|p1a: Great Tusk|Great Tusk|100\/100\n|move|p2a: Ursaluna|Ice Punch|p1a: Great Tusk\n|-supereffective|p1a: Great Tusk\n|-damage|p1a: Great Tusk|30\/100\n|\n|-heal|p1a: Great Tusk|37\/100|[from] item: Leftovers\n|-damage|p2a: Ursaluna|94\/100 brn|[from] brn\n|upkeep\n|turn|3\n|inactive|Men Hugging has 120 seconds left.\n|\n|t:|1700208153\n|switch|p2a: Glimmora|Glimmora, M|100\/100\n|move|p1a: Great Tusk|Ice Spinner|p2a: Glimmora\n|-damage|p2a: Glimmora|67\/100\n|-activate|p2a: Glimmora|ability: Toxic Debris\n|-sidestart|p1: Men Hugging|move: Toxic Spikes\n|\n|-heal|p1a: Great Tusk|43\/100|[from] item: Leftovers\n|upkeep\n|turn|4\n|\n|t:|1700208160\n|move|p1a: Great Tusk|Rapid Spin|p2a: Glimmora\n|-resisted|p2a: Glimmora\n|-damage|p2a: Glimmora|56\/100\n|-boost|p1a: Great Tusk|spe|1\n|-activate|p2a: Glimmora|ability: Toxic Debris\n|-sidestart|p1: Men Hugging|move: Toxic Spikes\n|-sideend|p1: Men Hugging|Toxic Spikes|[from] move: Rapid Spin|[of] p1a: Great Tusk\n|move|p2a: Glimmora|Dazzling Gleam|p1a: Great Tusk\n|-supereffective|p1a: Great Tusk\n|-damage|p1a: Great Tusk|0 fnt\n|faint|p1a: Great Tusk\n|-end|p1a: Great Tusk|Protosynthesis|[silent]\n|\n|upkeep\n|\n|t:|1700208173\n|switch|p1a: Dragapult|Dragapult, F|100\/100\n|turn|5\n|\n|t:|1700208179\n|switch|p2a: Kingambit|Kingambit, F|100\/100\n|move|p1a: Dragapult|Draco Meteor|p2a: Kingambit|[miss]\n|-miss|p1a: Dragapult|p2a: Kingambit\n|\n|upkeep\n|turn|6\n|\n|t:|1700208187\n|switch|p1a: Moltres|Moltres|100\/100\n|-end|p2a: Kingambit|fallenundefined|[silent]\n|switch|p2a: Glimmora|Glimmora, M|56\/100\n|\n|upkeep\n|turn|7\n|\n|t:|1700208217\n|switch|p1a: Dragapult|Dragapult, F|100\/100\n|move|p2a: Glimmora|Stealth Rock|p1a: Dragapult\n|-sidestart|p1: Men Hugging|move: Stealth Rock\n|\n|upkeep\n|turn|8\n|\n|t:|1700208229\n|move|p1a: Dragapult|Draco Meteor|p2a: Glimmora\n|-damage|p2a: Glimmora|0 fnt\n|-unboost|p1a: Dragapult|spa|2\n|faint|p2a: Glimmora\n|\n|upkeep\n|\n|t:|1700208238\n|switch|p2a: Ursaluna|Ursaluna, F|94\/100 brn\n|turn|9\n|\n|t:|1700208247\n|move|p1a: Dragapult|Draco Meteor|p2a: Ursaluna\n|-damage|p2a: Ursaluna|56\/100 brn\n|-unboost|p1a: Dragapult|spa|2\n|move|p2a: Ursaluna|Ice Punch|p1a: Dragapult\n|-supereffective|p1a: Dragapult\n|-damage|p1a: Dragapult|0 fnt\n|faint|p1a: Dragapult\n|\n|-damage|p2a: Ursaluna|49\/100 brn|[from] brn\n|upkeep\n|inactive|Men Hugging has 120 seconds left.\n|\n|t:|1700208282\n|switch|p1a: Greninja|Greninja, M|100\/100\n|-damage|p1a: Greninja|88\/100|[from] Stealth Rock\n|turn|10\n|\n|t:|1700208299\n|-terastallize|p2a: Ursaluna|Grass\n|move|p1a: Greninja|Dark Pulse|p2a: Ursaluna\n|-damage|p2a: Ursaluna|3\/100 brn\n|-damage|p1a: Greninja|78\/100|[from] item: Life Orb\n|move|p2a: Ursaluna|Facade|p1a: Greninja\n|-damage|p1a: Greninja|0 fnt\n|faint|p1a: Greninja\n|\n|-damage|p2a: Ursaluna|0 fnt|[from] brn\n|faint|p2a: Ursaluna\n|upkeep\n|\n|t:|1700208313\n|switch|p1a: Moltres|Moltres|100\/100\n|switch|p2a: Dragapult|Dragapult, M|100\/100\n|turn|11\n|\n|t:|1700208325\n|switch|p1a: Gooberpon|Ogerpon, F|100\/100\n|-damage|p1a: Gooberpon|88\/100|[from] Stealth Rock\n|move|p2a: Dragapult|Thunder Wave|p1a: Gooberpon\n|-status|p1a: Gooberpon|par\n|\n|upkeep\n|turn|12\n|\n|t:|1700208333\n|move|p2a: Dragapult|Hex|p1a: Gooberpon\n|-damage|p1a: Gooberpon|17\/100 par\n|cant|p1a: Gooberpon|par\n|\n|upkeep\n|turn|13\n|\n|t:|1700208338\n|move|p2a: Dragapult|Hex|p1a: Gooberpon\n|-damage|p1a: Gooberpon|0 fnt\n|faint|p1a: Gooberpon\n|\n|upkeep\n|\n|t:|1700208344\n|switch|p1a: Kingambit|Kingambit, F|100\/100\n|-damage|p1a: Kingambit|94\/100|[from] Stealth Rock\n|-activate|p1a: Kingambit|ability: Supreme Overlord\n|-start|p1a: Kingambit|fallen4|[silent]\n|turn|14\n|\n|t:|1700208346\n|move|p2a: Dragapult|Will-O-Wisp|p1a: Kingambit\n|-status|p1a: Kingambit|brn\n|move|p1a: Kingambit|Kowtow Cleave|p2a: Dragapult\n|-supereffective|p2a: Dragapult\n|-damage|p2a: Dragapult|7\/100\n|\n|-heal|p1a: Kingambit|100\/100 brn|[from] item: Leftovers\n|-damage|p1a: Kingambit|94\/100 brn|[from] brn\n|upkeep\n|turn|15\n|\n|t:|1700208358\n|switch|p2a: Rillaboom|Rillaboom, M|100\/100\n|-fieldstart|move: Grassy Terrain|[from] ability: Grassy Surge|[of] p2a: Rillaboom\n|move|p1a: Kingambit|Kowtow Cleave|p2a: Rillaboom\n|-damage|p2a: Rillaboom|62\/100\n|\n|-heal|p2a: Rillaboom|69\/100|[from] Grassy Terrain\n|-heal|p1a: Kingambit|100\/100 brn|[from] Grassy Terrain\n|-damage|p1a: Kingambit|94\/100 brn|[from] brn\n|upkeep\n|turn|16\n|\n|t:|1700208365\n|-end|p1a: Kingambit|fallen4|[silent]\n|switch|p1a: Moltres|Moltres|100\/100\n|move|p2a: Rillaboom|Wood Hammer|p1a: Moltres\n|-resisted|p1a: Moltres\n|-damage|p1a: Moltres|78\/100\n|-damage|p2a: Rillaboom|60\/100|[from] Recoil\n|\n|-heal|p2a: Rillaboom|66\/100|[from] Grassy Terrain\n|upkeep\n|turn|17\n|\n|t:|1700208374\n|switch|p2a: Dragapult|Dragapult, M|7\/100\n|move|p1a: Moltres|Will-O-Wisp|p2a: Dragapult\n|-status|p2a: Dragapult|brn\n|\n|-heal|p2a: Dragapult|13\/100 brn|[from] Grassy Terrain\n|-damage|p2a: Dragapult|7\/100 brn|[from] brn\n|upkeep\n|turn|18\n|\n|t:|1700208384\n|switch|p1a: Kingambit|Kingambit, F|94\/100 brn\n|-damage|p1a: Kingambit|88\/100 brn|[from] Stealth Rock\n|-activate|p1a: Kingambit|ability: Supreme Overlord\n|-start|p1a: Kingambit|fallen4|[silent]\n|move|p2a: Dragapult|Draco Meteor|p1a: Kingambit\n|-resisted|p1a: Kingambit\n|-damage|p1a: Kingambit|58\/100 brn\n|-unboost|p2a: Dragapult|spa|2\n|\n|-heal|p2a: Dragapult|13\/100 brn|[from] Grassy Terrain\n|-heal|p1a: Kingambit|64\/100 brn|[from] Grassy Terrain\n|-heal|p1a: Kingambit|71\/100 brn|[from] item: Leftovers\n|-damage|p2a: Dragapult|7\/100 brn|[from] brn\n|-damage|p1a: Kingambit|64\/100 brn|[from] brn\n|upkeep\n|turn|19\n|\n|t:|1700208403\n|switch|p2a: Kingambit|Kingambit, F|100\/100\n|-activate|p2a: Kingambit|ability: Supreme Overlord\n|-start|p2a: Kingambit|fallen2|[silent]\n|move|p1a: Kingambit|Iron Head|p2a: Kingambit\n|-resisted|p2a: Kingambit\n|-damage|p2a: Kingambit|88\/100\n|\n|-heal|p1a: Kingambit|71\/100 brn|[from] Grassy Terrain\n|-heal|p1a: Kingambit|77\/100 brn|[from] item: Leftovers\n|-heal|p2a: Kingambit|94\/100|[from] Grassy Terrain\n|-damage|p1a: Kingambit|71\/100 brn|[from] brn\n|-fieldend|move: Grassy Terrain\n|upkeep\n|turn|20\n|\n|t:|1700208416\n|-end|p1a: Kingambit|fallen4|[silent]\n|switch|p1a: Moltres|Moltres|78\/100\n|move|p2a: Kingambit|Swords Dance|p2a: Kingambit\n|-boost|p2a: Kingambit|atk|2\n|\n|upkeep\n|turn|21\n|\n|t:|1700208423\n|move|p1a: Moltres|Will-O-Wisp|p2a: Kingambit\n|-status|p2a: Kingambit|brn\n|-enditem|p2a: Kingambit|Lum Berry|[eat]\n|-curestatus|p2a: Kingambit|brn|[msg]\n|move|p2a: Kingambit|Kowtow Cleave|p1a: Moltres\n|-damage|p1a: Moltres|0 fnt\n|-status|p2a: Kingambit|brn|[from] ability: Flame Body|[of] p1a: Moltres\n|faint|p1a: Moltres\n|\n|-damage|p2a: Kingambit|88\/100 brn|[from] brn\n|upkeep\n|\n|t:|1700208433\n|switch|p1a: Kingambit|Kingambit, F|71\/100 brn\n|-damage|p1a: Kingambit|64\/100 brn|[from] Stealth Rock\n|-activate|p1a: Kingambit|ability: Supreme Overlord\n|-start|p1a: Kingambit|fallen5|[silent]\n|turn|22\n|\n|t:|1700208435\n|move|p1a: Kingambit|Swords Dance|p1a: Kingambit\n|-boost|p1a: Kingambit|atk|2\n|move|p2a: Kingambit|Kowtow Cleave|p1a: Kingambit\n|-resisted|p1a: Kingambit\n|-damage|p1a: Kingambit|38\/100 brn\n|\n|-heal|p1a: Kingambit|44\/100 brn|[from] item: Leftovers\n|-damage|p1a: Kingambit|38\/100 brn|[from] brn\n|-damage|p2a: Kingambit|82\/100 brn|[from] brn\n|upkeep\n|turn|23\n|\n|t:|1700208441\n|move|p1a: Kingambit|Swords Dance|p1a: Kingambit\n|-boost|p1a: Kingambit|atk|2\n|move|p2a: Kingambit|Kowtow Cleave|p1a: Kingambit\n|-resisted|p1a: Kingambit\n|-damage|p1a: Kingambit|13\/100 brn\n|\n|-heal|p1a: Kingambit|19\/100 brn|[from] item: Leftovers\n|-damage|p1a: Kingambit|13\/100 brn|[from] brn\n|-damage|p2a: Kingambit|76\/100 brn|[from] brn\n|upkeep\n|turn|24\n|\n|t:|1700208451\n|move|p2a: Kingambit|Sucker Punch|p1a: Kingambit\n|-resisted|p1a: Kingambit\n|-damage|p1a: Kingambit|0 fnt\n|faint|p1a: Kingambit\n|-end|p1a: Kingambit|fallen5|[silent]\n|\n|win|roamflag\n|raw|Men Hugging's rating: 1455 &rarr; <strong>1443<\/strong><br \/>(-12 for losing)\n|raw|roamflag's rating: 1595 &rarr; <strong>1607<\/strong><br \/>(+12 for winning)\n","uploadtime":1700208459,"views":7,"p1id":"menhugging","p2id":"roamflag","formatid":"gen9ou","rating":1443,"private":0,"password":""}