{"id":"gen9ou-1991104418","p1":"ifuyfgvi","p2":"keinbockmehralda","format":"[Gen 9] OU","log":"|j|\u2606ifuyfgvi\n|j|\u2606keinbockmehralda\n|t:|1700043550\n|gametype|singles\n|player|p1|ifuyfgvi|101|1073\n|player|p2|keinbockmehralda|gentleman|1036\n|teamsize|p1|6\n|teamsize|p2|6\n|gen|9\n|tier|[Gen 9] OU\n|rated|\n|rule|Sleep Clause Mod: Limit one foe put to sleep\n|rule|Species Clause: Limit one of each Pok\u00e9mon\n|rule|OHKO Clause: OHKO moves are banned\n|rule|Evasion Items Clause: Evasion items are banned\n|rule|Evasion Moves Clause: Evasion moves are banned\n|rule|Endless Battle Clause: Forcing endless battles is banned\n|rule|HP Percentage Mod: HP is shown in percentages\n|clearpoke\n|poke|p1|Garganacl, M|\n|poke|p1|Cinderace, F|\n|poke|p1|Dragapult, M|\n|poke|p1|Iron Valiant|\n|poke|p1|Ting-Lu|\n|poke|p1|Greninja-*, M|\n|poke|p2|Rillaboom, M|\n|poke|p2|Iron Valiant|\n|poke|p2|Maushold|\n|poke|p2|Heatran, M|\n|poke|p2|Great Tusk|\n|poke|p2|Sneasler, M|\n|teampreview\n|\n|t:|1700043567\n|start\n|switch|p1a: Cinderace|Cinderace, F|100\/100\n|switch|p2a: VIVALOSPRIDE|Rillaboom, M|100\/100\n|-fieldstart|move: Grassy Terrain|[from] ability: Grassy Surge|[of] p2a: VIVALOSPRIDE\n|turn|1\n|\n|t:|1700043590\n|move|p1a: Cinderace|Will-O-Wisp|p2a: VIVALOSPRIDE\n|-status|p2a: VIVALOSPRIDE|brn\n|move|p2a: VIVALOSPRIDE|U-turn|p1a: Cinderace\n|-resisted|p1a: Cinderace\n|-damage|p1a: Cinderace|93\/100\n|\n|t:|1700043601\n|switch|p2a: SAVOURAS|Heatran, M|100\/100|[from] U-turn\n|-item|p2a: SAVOURAS|Air Balloon\n|\n|-heal|p1a: Cinderace|99\/100|[from] Grassy Terrain\n|upkeep\n|turn|2\n|\n|t:|1700043608\n|move|p1a: Cinderace|U-turn|p2a: SAVOURAS\n|-resisted|p2a: SAVOURAS\n|-damage|p2a: SAVOURAS|97\/100\n|-enditem|p2a: SAVOURAS|Air Balloon\n|\n|t:|1700043611\n|switch|p1a: Ting-Lu|Ting-Lu|100\/100|[from] U-turn\n|-ability|p1a: Ting-Lu|Vessel of Ruin\n|move|p2a: SAVOURAS|Magma Storm|p1a: Ting-Lu\n|-damage|p1a: Ting-Lu|78\/100\n|-activate|p1a: Ting-Lu|move: Magma Storm|[of] p2a: SAVOURAS\n|\n|-heal|p2a: SAVOURAS|100\/100|[from] Grassy Terrain\n|-heal|p1a: Ting-Lu|84\/100|[from] Grassy Terrain\n|-heal|p1a: Ting-Lu|90\/100|[from] item: Leftovers\n|-damage|p1a: Ting-Lu|78\/100|[from] move: Magma Storm|[partiallytrapped]\n|upkeep\n|turn|3\n|\n|t:|1700043630\n|move|p2a: SAVOURAS|Taunt|p1a: Ting-Lu\n|-start|p1a: Ting-Lu|move: Taunt\n|cant|p1a: Ting-Lu|move: Taunt|Whirlwind\n|\n|-heal|p1a: Ting-Lu|84\/100|[from] Grassy Terrain\n|-heal|p1a: Ting-Lu|90\/100|[from] item: Leftovers\n|-damage|p1a: Ting-Lu|78\/100|[from] move: Magma Storm|[partiallytrapped]\n|upkeep\n|turn|4\n|\n|t:|1700043641\n|switch|p2a: GREAT FREEZAI|Great Tusk|100\/100\n|-enditem|p2a: GREAT FREEZAI|Booster Energy\n|-activate|p2a: GREAT FREEZAI|ability: Protosynthesis|[fromitem]\n|-start|p2a: GREAT FREEZAI|protosynthesisspe\n|move|p1a: Ting-Lu|Earthquake|p2a: GREAT FREEZAI\n|-damage|p2a: GREAT FREEZAI|88\/100\n|\n|-heal|p2a: GREAT FREEZAI|94\/100|[from] Grassy Terrain\n|-heal|p1a: Ting-Lu|84\/100|[from] Grassy Terrain\n|-heal|p1a: Ting-Lu|90\/100|[from] item: Leftovers\n|-end|p1a: Ting-Lu|Magma Storm|[partiallytrapped]|[silent]\n|upkeep\n|turn|5\n|\n|t:|1700043657\n|switch|p1a: Iron Valiant|Iron Valiant|100\/100\n|-enditem|p1a: Iron Valiant|Booster Energy\n|-activate|p1a: Iron Valiant|ability: Quark Drive|[fromitem]\n|-start|p1a: Iron Valiant|quarkdrivespe\n|move|p2a: GREAT FREEZAI|Close Combat|p1a: Iron Valiant\n|-resisted|p1a: Iron Valiant\n|-damage|p1a: Iron Valiant|67\/100\n|-unboost|p2a: GREAT FREEZAI|def|1\n|-unboost|p2a: GREAT FREEZAI|spd|1\n|\n|-heal|p1a: Iron Valiant|73\/100|[from] Grassy Terrain\n|-heal|p2a: GREAT FREEZAI|100\/100|[from] Grassy Terrain\n|-fieldend|move: Grassy Terrain\n|upkeep\n|turn|6\n|\n|t:|1700043678\n|-end|p2a: GREAT FREEZAI|Protosynthesis|[silent]\n|switch|p2a: SAVOURAS|Heatran, M|100\/100\n|move|p1a: Iron Valiant|Moonblast|p2a: SAVOURAS\n|-resisted|p2a: SAVOURAS\n|-damage|p2a: SAVOURAS|90\/100\n|-unboost|p2a: SAVOURAS|spa|1\n|\n|upkeep\n|turn|7\n|\n|t:|1700043698\n|-end|p1a: Iron Valiant|Quark Drive|[silent]\n|switch|p1a: Ting-Lu|Ting-Lu|90\/100\n|-ability|p1a: Ting-Lu|Vessel of Ruin\n|move|p2a: SAVOURAS|Stealth Rock|p1a: Ting-Lu\n|-sidestart|p1: ifuyfgvi|move: Stealth Rock\n|\n|-heal|p1a: Ting-Lu|96\/100|[from] item: Leftovers\n|upkeep\n|turn|8\n|\n|t:|1700043708\n|switch|p2a: VIVALOSPRIDE|Rillaboom, M|100\/100 brn\n|-fieldstart|move: Grassy Terrain|[from] ability: Grassy Surge|[of] p2a: VIVALOSPRIDE\n|move|p1a: Ting-Lu|Earthquake|p2a: VIVALOSPRIDE\n|-resisted|p2a: VIVALOSPRIDE\n|-damage|p2a: VIVALOSPRIDE|91\/100 brn\n|\n|-heal|p2a: VIVALOSPRIDE|97\/100 brn|[from] Grassy Terrain\n|-heal|p1a: Ting-Lu|100\/100|[from] Grassy Terrain\n|-damage|p2a: VIVALOSPRIDE|91\/100 brn|[from] brn\n|upkeep\n|turn|9\n|\n|t:|1700043721\n|move|p2a: VIVALOSPRIDE|Knock Off|p1a: Ting-Lu\n|-resisted|p1a: Ting-Lu\n|-damage|p1a: Ting-Lu|96\/100\n|-enditem|p1a: Ting-Lu|Leftovers|[from] move: Knock Off|[of] p2a: VIVALOSPRIDE\n|move|p1a: Ting-Lu|Whirlwind|p2a: VIVALOSPRIDE\n|drag|p2a: SAVOURAS|Heatran, M|90\/100\n|\n|-heal|p2a: SAVOURAS|97\/100|[from] Grassy Terrain\n|-heal|p1a: Ting-Lu|100\/100|[from] Grassy Terrain\n|upkeep\n|turn|10\n|\n|t:|1700043731\n|move|p2a: SAVOURAS|Taunt|p1a: Ting-Lu\n|-start|p1a: Ting-Lu|move: Taunt\n|cant|p1a: Ting-Lu|move: Taunt|Stealth Rock\n|\n|-heal|p2a: SAVOURAS|100\/100|[from] Grassy Terrain\n|upkeep\n|turn|11\n|\n|t:|1700043752\n|switch|p2a: HOWKINGS|Maushold|100\/100\n|switch|p1a: Cinderace|Cinderace, F|99\/100\n|\n|-heal|p1a: Cinderace|100\/100|[from] Grassy Terrain\n|upkeep\n|turn|12\n|\n|t:|1700043759\n|move|p1a: Cinderace|Pyro Ball|p2a: HOWKINGS\n|-damage|p2a: HOWKINGS|30\/100\n|move|p2a: HOWKINGS|Population Bomb|p1a: Cinderace\n|-damage|p1a: Cinderace|88\/100\n|-damage|p1a: Cinderace|75\/100\n|-damage|p1a: Cinderace|62\/100\n|-damage|p1a: Cinderace|49\/100\n|-damage|p1a: Cinderace|36\/100\n|-damage|p1a: Cinderace|22\/100\n|-damage|p1a: Cinderace|8\/100\n|-damage|p1a: Cinderace|0 fnt\n|faint|p1a: Cinderace\n|-hitcount|p1: Cinderace|8\n|\n|-heal|p2a: HOWKINGS|36\/100|[from] Grassy Terrain\n|-fieldend|move: Grassy Terrain\n|upkeep\n|\n|t:|1700043780\n|switch|p1a: Garganacl|Garganacl, M|100\/100\n|-damage|p1a: Garganacl|88\/100|[from] Stealth Rock\n|turn|13\n|\n|t:|1700043792\n|switch|p2a: VIVALOSPRIDE|Rillaboom, M|91\/100 brn\n|-fieldstart|move: Grassy Terrain|[from] ability: Grassy Surge|[of] p2a: VIVALOSPRIDE\n|move|p1a: Garganacl|Curse|p1a: Garganacl\n|-unboost|p1a: Garganacl|spe|1\n|-boost|p1a: Garganacl|atk|1\n|-boost|p1a: Garganacl|def|1\n|\n|-heal|p2a: VIVALOSPRIDE|97\/100 brn|[from] Grassy Terrain\n|-heal|p1a: Garganacl|94\/100|[from] Grassy Terrain\n|-heal|p1a: Garganacl|100\/100|[from] item: Leftovers\n|-damage|p2a: VIVALOSPRIDE|91\/100 brn|[from] brn\n|upkeep\n|turn|14\n|\n|t:|1700043808\n|move|p2a: VIVALOSPRIDE|Knock Off|p1a: Garganacl\n|-damage|p1a: Garganacl|94\/100\n|-enditem|p1a: Garganacl|Leftovers|[from] move: Knock Off|[of] p2a: VIVALOSPRIDE\n|move|p1a: Garganacl|Salt Cure|p2a: VIVALOSPRIDE\n|-crit|p2a: VIVALOSPRIDE\n|-damage|p2a: VIVALOSPRIDE|61\/100 brn\n|-start|p2a: VIVALOSPRIDE|Salt Cure\n|\n|-heal|p2a: VIVALOSPRIDE|67\/100 brn|[from] Grassy Terrain\n|-heal|p1a: Garganacl|99\/100|[from] Grassy Terrain\n|-damage|p2a: VIVALOSPRIDE|61\/100 brn|[from] brn\n|-damage|p2a: VIVALOSPRIDE|49\/100 brn|[from] Salt Cure\n|upkeep\n|turn|15\n|\n|t:|1700043819\n|move|p2a: VIVALOSPRIDE|U-turn|p1a: Garganacl\n|-damage|p1a: Garganacl|96\/100\n|\n|t:|1700043823\n|switch|p2a: HOWKINGS|Maushold|36\/100|[from] U-turn\n|move|p1a: Garganacl|Curse|p1a: Garganacl\n|-unboost|p1a: Garganacl|spe|1\n|-boost|p1a: Garganacl|atk|1\n|-boost|p1a: Garganacl|def|1\n|\n|-heal|p2a: HOWKINGS|42\/100|[from] Grassy Terrain\n|-heal|p1a: Garganacl|100\/100|[from] Grassy Terrain\n|upkeep\n|turn|16\n|\n|t:|1700043832\n|move|p2a: HOWKINGS|Encore|p1a: Garganacl\n|-start|p1a: Garganacl|Encore\n|move|p1a: Garganacl|Curse|p1a: Garganacl\n|-unboost|p1a: Garganacl|spe|1\n|-boost|p1a: Garganacl|atk|1\n|-boost|p1a: Garganacl|def|1\n|\n|-heal|p2a: HOWKINGS|49\/100|[from] Grassy Terrain\n|upkeep\n|turn|17\n|\n|t:|1700043840\n|switch|p2a: IRON PUNNY|Iron Valiant|100\/100\n|-enditem|p2a: IRON PUNNY|Booster Energy\n|-activate|p2a: IRON PUNNY|ability: Quark Drive|[fromitem]\n|-start|p2a: IRON PUNNY|quarkdrivespe\n|switch|p1a: Ting-Lu|Ting-Lu|100\/100\n|-damage|p1a: Ting-Lu|94\/100|[from] Stealth Rock\n|-ability|p1a: Ting-Lu|Vessel of Ruin\n|\n|-heal|p1a: Ting-Lu|100\/100|[from] Grassy Terrain\n|-fieldend|move: Grassy Terrain\n|upkeep\n|turn|18\n|\n|t:|1700043857\n|move|p2a: IRON PUNNY|Moonblast|p1a: Ting-Lu\n|-supereffective|p1a: Ting-Lu\n|-damage|p1a: Ting-Lu|62\/100\n|-unboost|p1a: Ting-Lu|spa|1\n|move|p1a: Ting-Lu|Earthquake|p2a: IRON PUNNY\n|-damage|p2a: IRON PUNNY|54\/100\n|\n|upkeep\n|turn|19\n|\n|t:|1700043869\n|move|p2a: IRON PUNNY|Moonblast|p1a: Ting-Lu\n|-supereffective|p1a: Ting-Lu\n|-damage|p1a: Ting-Lu|21\/100\n|-unboost|p1a: Ting-Lu|spa|1\n|move|p1a: Ting-Lu|Stealth Rock|p2a: IRON PUNNY\n|-sidestart|p2: keinbockmehralda|move: Stealth Rock\n|\n|upkeep\n|turn|20\n|\n|t:|1700043877\n|move|p2a: IRON PUNNY|Moonblast|p1a: Ting-Lu\n|-supereffective|p1a: Ting-Lu\n|-damage|p1a: Ting-Lu|0 fnt\n|faint|p1a: Ting-Lu\n|\n|upkeep\n|\n|t:|1700043892\n|switch|p1a: Greninja|Greninja, M|100\/100\n|-damage|p1a: Greninja|88\/100|[from] Stealth Rock\n|turn|21\n|\n|t:|1700043903\n|-terastallize|p1a: Greninja|Water\n|move|p1a: Greninja|Water Shuriken|p2a: IRON PUNNY\n|-damage|p2a: IRON PUNNY|34\/100\n|-damage|p2a: IRON PUNNY|12\/100\n|-hitcount|p2a: IRON PUNNY|2\n|-damage|p1a: Greninja|78\/100|[from] item: Life Orb\n|move|p2a: IRON PUNNY|Moonblast|p1a: Greninja\n|-damage|p1a: Greninja|2\/100\n|\n|upkeep\n|turn|22\n|-message|ifuyfgvi forfeited.\n|\n|win|keinbockmehralda\n|raw|ifuyfgvi's rating: 1073 &rarr; <strong>1050<\/strong><br \/>(-23 for losing)\n|raw|keinbockmehralda's rating: 1036 &rarr; <strong>1074<\/strong><br \/>(+38 for winning)\n|l|\u2606ifuyfgvi\n","uploadtime":1700043913,"views":5,"p1id":"ifuyfgvi","p2id":"keinbockmehralda","formatid":"gen9ou","rating":1050,"private":0,"password":""}