{"id":"gen9ou-1991224663","p1":"dilkem","p2":"Logan2024","format":"[Gen 9] OU","log":"|j|\u203ddilkem\n|j|\u2606Logan2024\n|t:|1700058894\n|gametype|singles\n|player|p1|dilkem|worker|1399\n|player|p2|Logan2024|acetrainersnow|1403\n|teamsize|p1|6\n|teamsize|p2|6\n|gen|9\n|tier|[Gen 9] OU\n|rated|\n|rule|Sleep Clause Mod: Limit one foe put to sleep\n|rule|Species Clause: Limit one of each Pok\u00e9mon\n|rule|OHKO Clause: OHKO moves are banned\n|rule|Evasion Items Clause: Evasion items are banned\n|rule|Evasion Moves Clause: Evasion moves are banned\n|rule|Endless Battle Clause: Forcing endless battles is banned\n|rule|HP Percentage Mod: HP is shown in percentages\n|clearpoke\n|poke|p1|Slowbro, M|\n|poke|p1|Diancie|\n|poke|p1|Slither Wing|\n|poke|p1|Donphan, M|\n|poke|p1|Arcanine-Hisui, F|\n|poke|p1|Revavroom, M|\n|poke|p2|Meowscarada, F|\n|poke|p2|Torkoal, F|\n|poke|p2|Walking Wake|\n|poke|p2|Ting-Lu|\n|poke|p2|Typhlosion-Hisui, F|\n|poke|p2|Hatterene, F|\n|teampreview\n|inactive|Battle timer is ON: inactive players will automatically lose when time's up. (requested by dilkem)\n|\n|t:|1700058909\n|start\n|switch|p1a: Slither Wing|Slither Wing|100\/100\n|switch|p2a: Meowscarada|Meowscarada, F|100\/100\n|turn|1\n|\n|t:|1700058918\n|switch|p2a: Torkoal|Torkoal, F|100\/100\n|-weather|SunnyDay|[from] ability: Drought|[of] p2a: Torkoal\n|-activate|p1a: Slither Wing|ability: Protosynthesis\n|-start|p1a: Slither Wing|protosynthesisatk\n|move|p1a: Slither Wing|U-turn|p2a: Torkoal\n|-resisted|p2a: Torkoal\n|-damage|p2a: Torkoal|80\/100\n|\n|t:|1700058932\n|-end|p1a: Slither Wing|Protosynthesis|[silent]\n|switch|p1a: Donphan|Donphan, M|100\/100|[from] U-turn\n|\n|-weather|SunnyDay|[upkeep]\n|upkeep\n|turn|2\n|\n|t:|1700058951\n|switch|p2a: Walking Wake|Walking Wake|100\/100\n|-activate|p2a: Walking Wake|ability: Protosynthesis\n|-start|p2a: Walking Wake|protosynthesisspe\n|move|p1a: Donphan|Earthquake|p2a: Walking Wake\n|-damage|p2a: Walking Wake|45\/100\n|\n|-weather|SunnyDay|[upkeep]\n|upkeep\n|turn|3\n|\n|t:|1700058981\n|move|p2a: Walking Wake|Hydro Steam|p1a: Donphan\n|-supereffective|p1a: Donphan\n|-ability|p1a: Donphan|Sturdy\n|-damage|p1a: Donphan|1\/100\n|move|p1a: Donphan|Earthquake|p2a: Walking Wake\n|-damage|p2a: Walking Wake|0 fnt\n|faint|p2a: Walking Wake\n|-end|p2a: Walking Wake|Protosynthesis|[silent]\n|\n|-weather|SunnyDay|[upkeep]\n|-heal|p1a: Donphan|7\/100|[from] item: Leftovers\n|upkeep\n|\n|t:|1700058991\n|switch|p2a: Meowscarada|Meowscarada, F|100\/100\n|turn|4\n|\n|t:|1700058995\n|switch|p1a: Slither Wing|Slither Wing|100\/100\n|-activate|p1a: Slither Wing|ability: Protosynthesis\n|-start|p1a: Slither Wing|protosynthesisatk\n|move|p2a: Meowscarada|U-turn|p1a: Slither Wing\n|-resisted|p1a: Slither Wing\n|-damage|p1a: Slither Wing|88\/100\n|\n|t:|1700059002\n|switch|p2a: Typhlosion|Typhlosion-Hisui, F|100\/100|[from] U-turn\n|\n|-weather|SunnyDay|[upkeep]\n|upkeep\n|turn|5\n|\n|t:|1700059012\n|-end|p1a: Slither Wing|Protosynthesis|[silent]\n|switch|p1a: Donphan|Donphan, M|7\/100\n|move|p2a: Typhlosion|Eruption|p1a: Donphan\n|-damage|p1a: Donphan|0 fnt\n|faint|p1a: Donphan\n|\n|-weather|SunnyDay|[upkeep]\n|upkeep\n|\n|t:|1700059019\n|switch|p1a: Arcanine|Arcanine-Hisui, F|100\/100\n|turn|6\n|\n|t:|1700059035\n|switch|p2a: Ting-Lu|Ting-Lu|100\/100\n|-ability|p2a: Ting-Lu|Vessel of Ruin\n|move|p1a: Arcanine|Flare Blitz|p2a: Ting-Lu\n|-damage|p2a: Ting-Lu|59\/100\n|\n|-weather|SunnyDay|[upkeep]\n|-heal|p2a: Ting-Lu|65\/100|[from] item: Leftovers\n|upkeep\n|turn|7\n|\n|t:|1700059047\n|switch|p1a: Slither Wing|Slither Wing|88\/100\n|-activate|p1a: Slither Wing|ability: Protosynthesis\n|-start|p1a: Slither Wing|protosynthesisatk\n|move|p2a: Ting-Lu|Spikes|p1a: Slither Wing\n|-sidestart|p1: dilkem|Spikes\n|\n|-weather|SunnyDay|[upkeep]\n|-heal|p2a: Ting-Lu|71\/100|[from] item: Leftovers\n|upkeep\n|turn|8\n|\n|t:|1700059058\n|move|p1a: Slither Wing|Close Combat|p2a: Ting-Lu\n|-supereffective|p2a: Ting-Lu\n|-damage|p2a: Ting-Lu|0 fnt\n|-unboost|p1a: Slither Wing|def|1\n|-unboost|p1a: Slither Wing|spd|1\n|faint|p2a: Ting-Lu\n|\n|-weather|none\n|-end|p1a: Slither Wing|Protosynthesis\n|upkeep\n|\n|t:|1700059066\n|switch|p2a: Typhlosion|Typhlosion-Hisui, F|100\/100\n|turn|9\n|\n|t:|1700059083\n|-end|p1a: Slither Wing|Protosynthesis|[silent]\n|switch|p1a: Slowbro|Slowbro, M, shiny|100\/100\n|-damage|p1a: Slowbro|88\/100|[from] Spikes\n|move|p2a: Typhlosion|Eruption|p1a: Slowbro\n|-resisted|p1a: Slowbro\n|-damage|p1a: Slowbro|47\/100\n|\n|upkeep\n|turn|10\n|\n|t:|1700059102\n|switch|p2a: Meowscarada|Meowscarada, F|100\/100\n|move|p1a: Slowbro|Trick Room|p1a: Slowbro\n|-fieldstart|move: Trick Room|[of] p1a: Slowbro\n|\n|upkeep\n|turn|11\n|\n|t:|1700059110\n|move|p1a: Slowbro|Focus Blast|p2a: Meowscarada\n|-supereffective|p2a: Meowscarada\n|-damage|p2a: Meowscarada|0 fnt\n|faint|p2a: Meowscarada\n|\n|upkeep\n|\n|t:|1700059114\n|switch|p2a: Torkoal|Torkoal, F|80\/100\n|-weather|SunnyDay|[from] ability: Drought|[of] p2a: Torkoal\n|turn|12\n|\n|t:|1700059120\n|move|p1a: Slowbro|Surf|p2a: Torkoal\n|-supereffective|p2a: Torkoal\n|-crit|p2a: Torkoal\n|-damage|p2a: Torkoal|0 fnt\n|faint|p2a: Torkoal\n|\n|-weather|SunnyDay|[upkeep]\n|upkeep\n|\n|t:|1700059126\n|switch|p2a: Hatterene|Hatterene, F|100\/100\n|turn|13\n|\n|t:|1700059132\n|move|p1a: Slowbro|Surf|p2a: Hatterene\n|-damage|p2a: Hatterene|85\/100\n|-enditem|p2a: Hatterene|Eject Button\n|\n|t:|1700059139\n|switch|p2a: Typhlosion|Typhlosion-Hisui, F|100\/100\n|\n|-weather|SunnyDay|[upkeep]\n|upkeep\n|turn|14\n|\n|t:|1700059144\n|switch|p2a: Hatterene|Hatterene, F|85\/100\n|move|p1a: Slowbro|Surf|p2a: Hatterene\n|-damage|p2a: Hatterene|70\/100\n|\n|-weather|SunnyDay|[upkeep]\n|-fieldend|move: Trick Room\n|upkeep\n|turn|15\n|\n|t:|1700059154\n|move|p2a: Hatterene|Nuzzle|p1a: Slowbro\n|-supereffective|p1a: Slowbro\n|-damage|p1a: Slowbro|40\/100\n|-status|p1a: Slowbro|par\n|-enditem|p1a: Slowbro|Weakness Policy\n|-boost|p1a: Slowbro|atk|2|[from] item: Weakness Policy\n|-boost|p1a: Slowbro|spa|2|[from] item: Weakness Policy\n|move|p1a: Slowbro|Surf|p2a: Hatterene\n|-damage|p2a: Hatterene|40\/100\n|\n|-weather|SunnyDay|[upkeep]\n|upkeep\n|turn|16\n|\n|t:|1700059181\n|move|p2a: Hatterene|Draining Kiss|p1a: Slowbro\n|-damage|p1a: Slowbro|15\/100 par\n|-heal|p2a: Hatterene|63\/100|[from] drain|[of] p1a: Slowbro\n|move|p1a: Slowbro|Surf|p2a: Hatterene\n|-damage|p2a: Hatterene|29\/100\n|\n|-weather|SunnyDay|[upkeep]\n|upkeep\n|turn|17\n|\n|t:|1700059188\n|switch|p1a: Revavroom|Revavroom, M|100\/100\n|-damage|p1a: Revavroom|88\/100|[from] Spikes\n|move|p2a: Hatterene|Draining Kiss|p1a: Revavroom\n|-resisted|p1a: Revavroom\n|-damage|p1a: Revavroom|83\/100\n|-heal|p2a: Hatterene|34\/100|[from] drain|[of] p1a: Revavroom\n|\n|-weather|SunnyDay|[upkeep]\n|-heal|p1a: Revavroom|90\/100|[from] item: Black Sludge\n|upkeep\n|turn|18\n|\n|t:|1700059199\n|move|p1a: Revavroom|Iron Head|p2a: Hatterene\n|-supereffective|p2a: Hatterene\n|-damage|p2a: Hatterene|0 fnt\n|faint|p2a: Hatterene\n|\n|-weather|SunnyDay|[upkeep]\n|-heal|p1a: Revavroom|96\/100|[from] item: Black Sludge\n|upkeep\n|\n|t:|1700059205\n|switch|p2a: Typhlosion|Typhlosion-Hisui, F|100\/100\n|turn|19\n|\n|t:|1700059211\n|move|p2a: Typhlosion|Eruption|p1a: Revavroom\n|-supereffective|p1a: Revavroom\n|-damage|p1a: Revavroom|0 fnt\n|faint|p1a: Revavroom\n|\n|-weather|none\n|upkeep\n|\n|t:|1700059216\n|switch|p1a: Arcanine|Arcanine-Hisui, F|100\/100\n|-damage|p1a: Arcanine|88\/100|[from] Spikes\n|turn|20\n|\n|t:|1700059222\n|-terastallize|p2a: Typhlosion|Fire\n|move|p1a: Arcanine|Head Smash|p2a: Typhlosion|[miss]\n|-miss|p1a: Arcanine|p2a: Typhlosion\n|move|p2a: Typhlosion|Eruption|p1a: Arcanine\n|-resisted|p1a: Arcanine\n|-crit|p1a: Arcanine\n|-damage|p1a: Arcanine|39\/100\n|\n|upkeep\n|turn|21\n|\n|t:|1700059230\n|move|p1a: Arcanine|Head Smash|p2a: Typhlosion\n|-supereffective|p2a: Typhlosion\n|-damage|p2a: Typhlosion|0 fnt\n|faint|p2a: Typhlosion\n|\n|win|dilkem\n|raw|dilkem's rating: 1399 &rarr; <strong>1419<\/strong><br \/>(+20 for winning)\n|raw|Logan2024's rating: 1403 &rarr; <strong>1383<\/strong><br \/>(-20 for losing)\n|l|\u2606Logan2024\n","uploadtime":1700059243,"views":5,"p1id":"dilkem","p2id":"logan2024","formatid":"gen9ou","rating":1383,"private":0,"password":""}