{"id":"gen9ou-2000647221","p1":"RggV","p2":"LaxativeCement","format":"[Gen 9] OU","log":"|j|\u2606RggV\n|j|\u2606LaxativeCement\n|t:|1701214225\n|gametype|singles\n|player|p1|RggV|#wcop2023latinamerica|1633\n|player|p2|LaxativeCement|lucas|1752\n|teamsize|p1|6\n|teamsize|p2|6\n|gen|9\n|tier|[Gen 9] OU\n|rated|\n|rule|Sleep Clause Mod: Limit one foe put to sleep\n|rule|Species Clause: Limit one of each Pok\u00e9mon\n|rule|OHKO Clause: OHKO moves are banned\n|rule|Evasion Items Clause: Evasion items are banned\n|rule|Evasion Moves Clause: Evasion moves are banned\n|rule|Endless Battle Clause: Forcing endless battles is banned\n|rule|HP Percentage Mod: HP is shown in percentages\n|clearpoke\n|poke|p1|Manaphy|\n|poke|p1|Infernape, F|\n|poke|p1|Ribombee, F|\n|poke|p1|Gholdengo|\n|poke|p1|Landorus-Therian, M|\n|poke|p1|Kommo-o, M|\n|poke|p2|Pelipper, F|\n|poke|p2|Greninja-*, M|\n|poke|p2|Barraskewda, F|\n|poke|p2|Scizor, M|\n|poke|p2|Manaphy|\n|poke|p2|Zapdos|\n|teampreview\n|inactive|Battle timer is ON: inactive players will automatically lose when time's up. (requested by LaxativeCement)\n|inactive|RggV also wants the timer to be on.\n|\n|t:|1701214255\n|start\n|switch|p1a: Ribombee|Ribombee, F|100\/100\n|switch|p2a: Edward Scizorhands|Scizor, M|100\/100\n|turn|1\n|\n|t:|1701214258\n|move|p2a: Edward Scizorhands|Bullet Punch|p1a: Ribombee\n|-supereffective|p1a: Ribombee\n|-enditem|p1a: Ribombee|Focus Sash\n|-damage|p1a: Ribombee|1\/100\n|move|p1a: Ribombee|Sticky Web|p2a: Edward Scizorhands\n|-sidestart|p2: LaxativeCement|move: Sticky Web\n|\n|upkeep\n|turn|2\n|\n|t:|1701214262\n|move|p2a: Edward Scizorhands|Bullet Punch|p1a: Ribombee\n|-supereffective|p1a: Ribombee\n|-damage|p1a: Ribombee|0 fnt\n|faint|p1a: Ribombee\n|\n|upkeep\n|j| Iamnulachier\n|\n|t:|1701214264\n|switch|p1a: McFries|Gholdengo|100\/100\n|-item|p1a: McFries|Air Balloon\n|turn|3\n|\n|t:|1701214268\n|switch|p2a: Brazy Frog|Greninja, M|100\/100\n|-activate|p2a: Brazy Frog|move: Sticky Web\n|-unboost|p2a: Brazy Frog|spe|1\n|move|p1a: McFries|Nasty Plot|p1a: McFries\n|-boost|p1a: McFries|spa|2\n|\n|upkeep\n|turn|4\n|\n|t:|1701214277\n|-terastallize|p1a: McFries|Dark\n|move|p1a: McFries|Make It Rain|p2a: Brazy Frog\n|-resisted|p2a: Brazy Frog\n|-damage|p2a: Brazy Frog|4\/100\n|-unboost|p1a: McFries|spa|1\n|move|p2a: Brazy Frog|Dark Pulse|p1a: McFries\n|-resisted|p1a: McFries\n|-damage|p1a: McFries|72\/100\n|-enditem|p1a: McFries|Air Balloon\n|-damage|p2a: Brazy Frog|0 fnt|[from] item: Life Orb\n|faint|p2a: Brazy Frog\n|\n|upkeep\n|\n|t:|1701214305\n|switch|p2a: Big Bird|Zapdos|100\/100\n|turn|5\n|\n|t:|1701214314\n|move|p2a: Big Bird|Thunder|p1a: McFries\n|-damage|p1a: McFries|5\/100\n|move|p1a: McFries|Shadow Ball|p2a: Big Bird\n|-damage|p2a: Big Bird|31\/100\n|-unboost|p2a: Big Bird|spd|1\n|\n|upkeep\n|turn|6\n|\n|t:|1701214321\n|move|p2a: Big Bird|Volt Switch|p1a: McFries\n|-damage|p1a: McFries|0 fnt\n|faint|p1a: McFries\n|\n|t:|1701214324\n|switch|p2a: Faucet Failure|Pelipper, F|100\/100|[from] Volt Switch\n|-weather|RainDance|[from] ability: Drizzle|[of] p2a: Faucet Failure\n|\n|-weather|RainDance|[upkeep]\n|upkeep\n|\n|t:|1701214327\n|switch|p1a: Manaphy|Manaphy|100\/100\n|turn|7\n|\n|t:|1701214331\n|move|p1a: Manaphy|Tail Glow|p1a: Manaphy\n|-boost|p1a: Manaphy|spa|3\n|move|p2a: Faucet Failure|U-turn|p1a: Manaphy\n|-damage|p1a: Manaphy|92\/100\n|\n|t:|1701214334\n|switch|p2a: Big Bird|Zapdos|31\/100|[from] U-turn\n|\n|-weather|RainDance|[upkeep]\n|-heal|p1a: Manaphy|98\/100|[from] item: Leftovers\n|upkeep\n|turn|8\n|\n|t:|1701214336\n|move|p2a: Big Bird|Thunder|p1a: Manaphy\n|-supereffective|p1a: Manaphy\n|-damage|p1a: Manaphy|0 fnt\n|faint|p1a: Manaphy\n|\n|-weather|RainDance|[upkeep]\n|upkeep\n|\n|t:|1701214341\n|switch|p1a: Landorus|Landorus-Therian, M|100\/100\n|-ability|p1a: Landorus|Intimidate|boost\n|-unboost|p2a: Big Bird|atk|1\n|turn|9\n|\n|t:|1701214343\n|move|p2a: Big Bird|Hurricane|p1a: Landorus\n|-damage|p1a: Landorus|30\/100\n|move|p1a: Landorus|Smack Down|p2a: Big Bird\n|-supereffective|p2a: Big Bird\n|-damage|p2a: Big Bird|0 fnt\n|faint|p2a: Big Bird\n|\n|-weather|RainDance|[upkeep]\n|-heal|p1a: Landorus|36\/100|[from] item: Leftovers\n|upkeep\n|\n|t:|1701214347\n|switch|p2a: Edward Scizorhands|Scizor, M|100\/100\n|-activate|p2a: Edward Scizorhands|move: Sticky Web\n|-unboost|p2a: Edward Scizorhands|spe|1\n|turn|10\n|\n|t:|1701214352\n|move|p1a: Landorus|Earthquake|p2a: Edward Scizorhands\n|-damage|p2a: Edward Scizorhands|36\/100\n|move|p2a: Edward Scizorhands|Defog|p1a: Landorus\n|-unboost|p1a: Landorus|evasion|1\n|-sideend|p2: LaxativeCement|Sticky Web|[from] move: Defog|[of] p2a: Edward Scizorhands\n|\n|-weather|RainDance|[upkeep]\n|-heal|p1a: Landorus|42\/100|[from] item: Leftovers\n|upkeep\n|turn|11\n|\n|t:|1701214362\n|move|p1a: Landorus|Smack Down|p2a: Edward Scizorhands\n|-damage|p2a: Edward Scizorhands|13\/100\n|move|p2a: Edward Scizorhands|Defog|p1a: Landorus\n|-unboost|p1a: Landorus|evasion|1\n|\n|-weather|RainDance|[upkeep]\n|-heal|p1a: Landorus|48\/100|[from] item: Leftovers\n|upkeep\n|turn|12\n|\n|t:|1701214366\n|move|p1a: Landorus|Substitute|p1a: Landorus\n|-start|p1a: Landorus|Substitute\n|-damage|p1a: Landorus|23\/100\n|move|p2a: Edward Scizorhands|Defog||[still]\n|-fail|p2a: Edward Scizorhands\n|\n|-weather|RainDance|[upkeep]\n|-heal|p1a: Landorus|29\/100|[from] item: Leftovers\n|upkeep\n|turn|13\n|\n|t:|1701214370\n|move|p1a: Landorus|Bulk Up|p1a: Landorus\n|-boost|p1a: Landorus|atk|1\n|-boost|p1a: Landorus|def|1\n|move|p2a: Edward Scizorhands|Defog||[still]\n|-fail|p2a: Edward Scizorhands\n|\n|-weather|none\n|-heal|p1a: Landorus|35\/100|[from] item: Leftovers\n|upkeep\n|turn|14\n|\n|t:|1701214372\n|switch|p2a: Faucet Failure|Pelipper, F|100\/100\n|-weather|RainDance|[from] ability: Drizzle|[of] p2a: Faucet Failure\n|move|p1a: Landorus|Bulk Up|p1a: Landorus\n|-boost|p1a: Landorus|atk|1\n|-boost|p1a: Landorus|def|1\n|\n|-weather|RainDance|[upkeep]\n|-heal|p1a: Landorus|41\/100|[from] item: Leftovers\n|upkeep\n|turn|15\n|\n|t:|1701214375\n|move|p1a: Landorus|Smack Down|p2a: Faucet Failure\n|-supereffective|p2a: Faucet Failure\n|-damage|p2a: Faucet Failure|44\/100\n|-start|p2a: Faucet Failure|Smack Down\n|move|p2a: Faucet Failure|Chilling Water|p1a: Landorus\n|-supereffective|p1a: Landorus\n|-crit|p1a: Landorus\n|-end|p1a: Landorus|Substitute\n|\n|-weather|RainDance|[upkeep]\n|-heal|p1a: Landorus|47\/100|[from] item: Leftovers\n|upkeep\n|turn|16\n|\n|t:|1701214379\n|move|p1a: Landorus|Smack Down|p2a: Faucet Failure\n|-supereffective|p2a: Faucet Failure\n|-damage|p2a: Faucet Failure|0 fnt\n|faint|p2a: Faucet Failure\n|\n|-weather|RainDance|[upkeep]\n|-heal|p1a: Landorus|53\/100|[from] item: Leftovers\n|upkeep\n|\n|t:|1701214382\n|switch|p2a: Tech N9ne|Barraskewda, F|100\/100\n|turn|17\n|\n|t:|1701214390\n|move|p2a: Tech N9ne|Liquidation|p1a: Landorus\n|-supereffective|p1a: Landorus\n|-damage|p1a: Landorus|0 fnt\n|faint|p1a: Landorus\n|\n|-weather|RainDance|[upkeep]\n|upkeep\n|\n|t:|1701214392\n|switch|p1a: Kommo-o|Kommo-o, M|100\/100\n|turn|18\n|\n|t:|1701214396\n|move|p2a: Tech N9ne|Liquidation|p1a: Kommo-o\n|-resisted|p1a: Kommo-o\n|-damage|p1a: Kommo-o|53\/100\n|move|p1a: Kommo-o|Boomburst|p2a: Tech N9ne\n|-damage|p2a: Tech N9ne|12\/100\n|-enditem|p1a: Kommo-o|Throat Spray\n|-boost|p1a: Kommo-o|spa|1|[from] item: Throat Spray\n|\n|-weather|RainDance|[upkeep]\n|upkeep\n|turn|19\n|\n|t:|1701214404\n|-terastallize|p2a: Tech N9ne|Water\n|move|p2a: Tech N9ne|Liquidation|p1a: Kommo-o\n|-resisted|p1a: Kommo-o\n|-damage|p1a: Kommo-o|0 fnt\n|faint|p1a: Kommo-o\n|\n|-weather|RainDance|[upkeep]\n|upkeep\n|\n|t:|1701214406\n|switch|p1a: Son Goku|Infernape, F|100\/100\n|turn|20\n|\n|t:|1701214412\n|move|p1a: Son Goku|Mach Punch|p2a: Tech N9ne\n|-damage|p2a: Tech N9ne|0 fnt\n|faint|p2a: Tech N9ne\n|-damage|p1a: Son Goku|91\/100|[from] item: Life Orb\n|\n|-weather|RainDance|[upkeep]\n|upkeep\n|\n|t:|1701214415\n|switch|p2a: Doc|Manaphy|100\/100\n|turn|21\n|\n|t:|1701214417\n|move|p1a: Son Goku|Mach Punch|p2a: Doc\n|-damage|p2a: Doc|81\/100\n|-damage|p1a: Son Goku|81\/100|[from] item: Life Orb\n|move|p2a: Doc|Scald|p1a: Son Goku\n|-supereffective|p1a: Son Goku\n|-damage|p1a: Son Goku|0 fnt\n|faint|p1a: Son Goku\n|\n|win|LaxativeCement\n|raw|RggV's rating: 1633 &rarr; <strong>1620<\/strong><br \/>(-13 for losing)\n|raw|LaxativeCement's rating: 1752 &rarr; <strong>1765<\/strong><br \/>(+13 for winning)\n|l|\u2606RggV\n|c|\u2606LaxativeCement|gg\n|l| Iamnulachier\n","uploadtime":1701214463,"views":0,"p1id":"rggv","p2id":"laxativecement","formatid":"gen9ou","rating":1620,"private":0,"password":""}