{"id":"gen9ou-1996176301","p1":"Proginger","p2":"ss_wobblewok","format":"[Gen 9] OU","log":"|j|\u2606Proginger\n|j|\u2606ss_wobblewok\n|t:|1700655305\n|gametype|singles\n|player|p1|Proginger|flannery|1000\n|player|p2|ss_wobblewok|parasollady|1103\n|teamsize|p1|6\n|teamsize|p2|6\n|gen|9\n|tier|[Gen 9] OU\n|rated|\n|rule|Sleep Clause Mod: Limit one foe put to sleep\n|rule|Species Clause: Limit one of each Pok\u00e9mon\n|rule|OHKO Clause: OHKO moves are banned\n|rule|Evasion Items Clause: Evasion items are banned\n|rule|Evasion Moves Clause: Evasion moves are banned\n|rule|Endless Battle Clause: Forcing endless battles is banned\n|rule|HP Percentage Mod: HP is shown in percentages\n|clearpoke\n|poke|p1|Arcanine-Hisui, M|\n|poke|p1|Great Tusk|\n|poke|p1|Basculegion, M|\n|poke|p1|Donphan, F|\n|poke|p1|Hydreigon, M|\n|poke|p1|Drednaw, F|\n|poke|p2|Delphox, F|\n|poke|p2|Floatzel, M|\n|poke|p2|Pelipper, F|\n|poke|p2|Great Tusk|\n|poke|p2|Gholdengo|\n|poke|p2|Decidueye-Hisui, M|\n|teampreview\n|\n|t:|1700655334\n|start\n|switch|p1a: Drednaw|Drednaw, F|100\/100\n|switch|p2a: Decidueye|Decidueye-Hisui, M|100\/100\n|turn|1\n|\n|t:|1700655346\n|move|p2a: Decidueye|Triple Arrows|p1a: Drednaw\n|-supereffective|p1a: Drednaw\n|-damage|p1a: Drednaw|25\/100\n|-unboost|p1a: Drednaw|def|1\n|move|p1a: Drednaw|Head Smash|p2a: Decidueye\n|-resisted|p2a: Decidueye\n|-damage|p2a: Decidueye|45\/100\n|-damage|p1a: Drednaw|2\/100|[from] Recoil\n|\n|upkeep\n|turn|2\n|\n|t:|1700655355\n|move|p2a: Decidueye|Triple Arrows|p1a: Drednaw\n|-supereffective|p1a: Drednaw\n|-damage|p1a: Drednaw|0 fnt\n|faint|p1a: Drednaw\n|\n|upkeep\n|\n|t:|1700655369\n|switch|p1a: Basculegion|Basculegion, M|100\/100\n|turn|3\n|\n|t:|1700655393\n|switch|p2a: Pelipper|Pelipper, F|100\/100\n|-weather|RainDance|[from] ability: Drizzle|[of] p2a: Pelipper\n|-terastallize|p1a: Basculegion|Rock\n|move|p1a: Basculegion|Head Smash|p2a: Pelipper\n|-supereffective|p2a: Pelipper\n|-damage|p2a: Pelipper|0 fnt\n|faint|p2a: Pelipper\n|-damage|p1a: Basculegion|58\/100|[from] Recoil\n|\n|-weather|RainDance|[upkeep]\n|upkeep\n|\n|t:|1700655406\n|switch|p2a: Floatzel|Floatzel, M|100\/100\n|turn|4\n|\n|t:|1700655414\n|move|p2a: Floatzel|Aqua Jet|p1a: Basculegion\n|-supereffective|p1a: Basculegion\n|-crit|p1a: Basculegion\n|-damage|p1a: Basculegion|0 fnt\n|faint|p1a: Basculegion\n|\n|-weather|RainDance|[upkeep]\n|upkeep\n|\n|t:|1700655423\n|switch|p1a: Hydreigon|Hydreigon, M|100\/100\n|turn|5\n|\n|t:|1700655434\n|switch|p2a: Decidueye|Decidueye-Hisui, M|45\/100\n|move|p1a: Hydreigon|Head Smash|p2a: Decidueye|[miss]\n|-miss|p1a: Hydreigon|p2a: Decidueye\n|\n|-weather|RainDance|[upkeep]\n|upkeep\n|turn|6\n|\n|t:|1700655440\n|move|p2a: Decidueye|U-turn|p1a: Hydreigon\n|-supereffective|p1a: Hydreigon\n|-damage|p1a: Hydreigon|51\/100\n|\n|t:|1700655452\n|switch|p2a: Floatzel|Floatzel, M|100\/100|[from] U-turn\n|move|p1a: Hydreigon|Head Smash|p2a: Floatzel\n|-damage|p2a: Floatzel|0 fnt\n|faint|p2a: Floatzel\n|-damage|p1a: Hydreigon|4\/100|[from] Recoil\n|\n|-weather|RainDance|[upkeep]\n|upkeep\n|\n|t:|1700655459\n|switch|p2a: Decidueye|Decidueye-Hisui, M|45\/100\n|turn|7\n|\n|t:|1700655465\n|move|p2a: Decidueye|U-turn|p1a: Hydreigon\n|-supereffective|p1a: Hydreigon\n|-damage|p1a: Hydreigon|0 fnt\n|faint|p1a: Hydreigon\n|\n|t:|1700655482\n|switch|p2a: Delphox|Delphox, F|100\/100|[from] U-turn\n|\n|-weather|RainDance|[upkeep]\n|upkeep\n|\n|t:|1700655486\n|switch|p1a: Arcanine|Arcanine-Hisui, M|100\/100\n|turn|8\n|\n|t:|1700655492\n|move|p1a: Arcanine|Head Smash|p2a: Delphox\n|-supereffective|p2a: Delphox\n|-damage|p2a: Delphox|0 fnt\n|faint|p2a: Delphox\n|\n|-weather|RainDance|[upkeep]\n|upkeep\n|\n|t:|1700655500\n|switch|p2a: Decidueye|Decidueye-Hisui, M|45\/100\n|turn|9\n|\n|t:|1700655503\n|move|p2a: Decidueye|Triple Arrows|p1a: Arcanine\n|-supereffective|p1a: Arcanine\n|-damage|p1a: Arcanine|12\/100\n|-unboost|p1a: Arcanine|def|1\n|move|p1a: Arcanine|Head Smash|p2a: Decidueye\n|-resisted|p2a: Decidueye\n|-damage|p2a: Decidueye|0 fnt\n|faint|p2a: Decidueye\n|\n|-weather|RainDance|[upkeep]\n|upkeep\n|\n|t:|1700655508\n|switch|p2a: Great Tusk|Great Tusk|100\/100\n|turn|10\n|\n|t:|1700655515\n|move|p2a: Great Tusk|Rapid Spin|p1a: Arcanine\n|-resisted|p1a: Arcanine\n|-damage|p1a: Arcanine|0 fnt\n|-boost|p2a: Great Tusk|spe|1\n|faint|p1a: Arcanine\n|\n|-weather|none\n|upkeep\n|\n|t:|1700655524\n|switch|p1a: Great Tusk|Great Tusk|100\/100\n|-enditem|p1a: Great Tusk|Booster Energy\n|-activate|p1a: Great Tusk|ability: Protosynthesis|[fromitem]\n|-start|p1a: Great Tusk|protosynthesisspe\n|turn|11\n|\n|t:|1700655551\n|move|p1a: Great Tusk|Head Smash|p2a: Great Tusk\n|-resisted|p2a: Great Tusk\n|-damage|p2a: Great Tusk|92\/100\n|-damage|p1a: Great Tusk|97\/100|[from] Recoil\n|move|p2a: Great Tusk|Headlong Rush|p1a: Great Tusk\n|-crit|p1a: Great Tusk\n|-damage|p1a: Great Tusk|35\/100\n|-unboost|p2a: Great Tusk|def|1\n|-unboost|p2a: Great Tusk|spd|1\n|\n|upkeep\n|turn|12\n|\n|t:|1700655562\n|move|p2a: Great Tusk|Headlong Rush|p1a: Great Tusk\n|-damage|p1a: Great Tusk|0 fnt\n|-unboost|p2a: Great Tusk|def|1\n|-unboost|p2a: Great Tusk|spd|1\n|faint|p1a: Great Tusk\n|-end|p1a: Great Tusk|Protosynthesis|[silent]\n|\n|upkeep\n|\n|t:|1700655568\n|switch|p1a: Donphan|Donphan, F|100\/100\n|turn|13\n|\n|t:|1700655573\n|move|p2a: Great Tusk|Close Combat|p1a: Donphan\n|-damage|p1a: Donphan|56\/100\n|-unboost|p2a: Great Tusk|def|1\n|-unboost|p2a: Great Tusk|spd|1\n|move|p1a: Donphan|Head Smash|p2a: Great Tusk|[miss]\n|-miss|p1a: Donphan|p2a: Great Tusk\n|\n|upkeep\n|turn|14\n|\n|t:|1700655580\n|move|p2a: Great Tusk|Close Combat|p1a: Donphan\n|-damage|p1a: Donphan|11\/100\n|-unboost|p2a: Great Tusk|def|1\n|-unboost|p2a: Great Tusk|spd|1\n|move|p1a: Donphan|Head Smash|p2a: Great Tusk\n|-resisted|p2a: Great Tusk\n|-damage|p2a: Great Tusk|44\/100\n|-damage|p1a: Donphan|0 fnt|[from] Recoil\n|faint|p1a: Donphan\n|\n|win|ss_wobblewok\n|raw|Proginger's rating: 1000 &rarr; <strong>1000<\/strong><br \/>(+0 for losing)\n|raw|ss_wobblewok's rating: 1103 &rarr; <strong>1121<\/strong><br \/>(+18 for winning)\n|c|\u2606Proginger|gg\n|l|\u2606Proginger\n|c|\u2606ss_wobblewok|Gg\n","uploadtime":1700655611,"views":1,"p1id":"proginger","p2id":"sswobblewok","formatid":"gen9ou","rating":1000,"private":0,"password":""}