{"id":"gen9ou-1995765744","p1":"Bakitaladelbarrio","p2":"Dogwearingdurag","format":"[Gen 9] OU","log":"|j|\u2606Bakitaladelbarrio\n|j|\u2606Dogwearingdurag\n|t:|1700601089\n|gametype|singles\n|player|p1|Bakitaladelbarrio|colress|1491\n|player|p2|Dogwearingdurag|1|1450\n|teamsize|p1|6\n|teamsize|p2|6\n|gen|9\n|tier|[Gen 9] OU\n|rated|\n|rule|Sleep Clause Mod: Limit one foe put to sleep\n|rule|Species Clause: Limit one of each Pok\u00e9mon\n|rule|OHKO Clause: OHKO moves are banned\n|rule|Evasion Items Clause: Evasion items are banned\n|rule|Evasion Moves Clause: Evasion moves are banned\n|rule|Endless Battle Clause: Forcing endless battles is banned\n|rule|HP Percentage Mod: HP is shown in percentages\n|clearpoke\n|poke|p1|Landorus-Therian, M|\n|poke|p1|Dragapult, F|\n|poke|p1|Corviknight, F|\n|poke|p1|Heatran, F|\n|poke|p1|Greninja-*, M|\n|poke|p1|Iron Valiant|\n|poke|p2|Alomomola, F|\n|poke|p2|Slowking-Galar, F|\n|poke|p2|Kingambit, F|\n|poke|p2|Great Tusk|\n|poke|p2|Cinderace, F|\n|poke|p2|Thundurus-Therian, M|\n|teampreview\n|inactive|Battle timer is ON: inactive players will automatically lose when time's up. (requested by Dogwearingdurag)\n|\n|t:|1700601095\n|start\n|switch|p1a: Landorus|Landorus-Therian, M|100\/100\n|switch|p2a: Cinderace|Cinderace, F|100\/100\n|-ability|p1a: Landorus|Intimidate|boost\n|-unboost|p2a: Cinderace|atk|1\n|turn|1\n|\n|t:|1700601103\n|move|p1a: Landorus|Earthquake|p2a: Cinderace\n|-supereffective|p2a: Cinderace\n|-damage|p2a: Cinderace|0 fnt\n|faint|p2a: Cinderace\n|\n|upkeep\n|\n|t:|1700601107\n|switch|p2a: Thundurus|Thundurus-Therian, M|100\/100\n|turn|2\n|\n|t:|1700601117\n|switch|p1a: Dragapult|Dragapult, F|100\/100\n|move|p2a: Thundurus|Volt Switch|p1a: Dragapult\n|-resisted|p1a: Dragapult\n|-damage|p1a: Dragapult|57\/100\n|\n|t:|1700601126\n|switch|p2a: Kingambit|Kingambit, F|100\/100|[from] Volt Switch\n|-activate|p2a: Kingambit|ability: Supreme Overlord\n|-start|p2a: Kingambit|fallen1|[silent]\n|\n|upkeep\n|turn|3\n|\n|t:|1700601142\n|switch|p1a: Corviknight|Corviknight, F|100\/100\n|-ability|p1a: Corviknight|Pressure\n|move|p2a: Kingambit|Kowtow Cleave|p1a: Corviknight\n|-damage|p1a: Corviknight|65\/100\n|-damage|p2a: Kingambit|84\/100|[from] item: Rocky Helmet|[of] p1a: Corviknight\n|\n|-heal|p2a: Kingambit|90\/100|[from] item: Leftovers\n|upkeep\n|turn|4\n|\n|t:|1700601154\n|-end|p2a: Kingambit|fallen1|[silent]\n|switch|p2a: Slowking|Slowking-Galar, F|100\/100\n|move|p1a: Corviknight|U-turn|p2a: Slowking\n|-damage|p2a: Slowking|87\/100\n|\n|t:|1700601159\n|switch|p1a: Greninja|Greninja, M|100\/100|[from] U-turn\n|\n|upkeep\n|turn|5\n|\n|t:|1700601164\n|move|p1a: Greninja|Dark Pulse|p2a: Slowking\n|-supereffective|p2a: Slowking\n|-damage|p2a: Slowking|30\/100\n|-damage|p1a: Greninja|91\/100|[from] item: Life Orb\n|cant|p2a: Slowking|flinch\n|\n|upkeep\n|turn|6\n|\n|t:|1700601183\n|switch|p2a: Thundurus|Thundurus-Therian, M|100\/100\n|move|p1a: Greninja|Dark Pulse|p2a: Thundurus\n|-damage|p2a: Thundurus|39\/100\n|-damage|p1a: Greninja|81\/100|[from] item: Life Orb\n|\n|upkeep\n|turn|7\n|\n|t:|1700601199\n|-terastallize|p1a: Greninja|Water\n|move|p1a: Greninja|Water Shuriken|p2a: Thundurus\n|-damage|p2a: Thundurus|22\/100\n|-damage|p2a: Thundurus|7\/100\n|-damage|p2a: Thundurus|0 fnt\n|faint|p2a: Thundurus\n|-ability|p1a: Greninja|Battle Bond|boost\n|-boost|p1a: Greninja|atk|1\n|-boost|p1a: Greninja|spa|1\n|-boost|p1a: Greninja|spe|1\n|-activate|p1a: Greninja|ability: Battle Bond\n|-hitcount|p2: Thundurus|3\n|-damage|p1a: Greninja|71\/100|[from] item: Life Orb\n|\n|upkeep\n|\n|t:|1700601204\n|switch|p2a: Kingambit|Kingambit, F|90\/100\n|-activate|p2a: Kingambit|ability: Supreme Overlord\n|-start|p2a: Kingambit|fallen2|[silent]\n|turn|8\n|\n|t:|1700601217\n|switch|p1a: Iron Valiant|Iron Valiant|100\/100\n|-enditem|p1a: Iron Valiant|Booster Energy\n|-activate|p1a: Iron Valiant|ability: Quark Drive|[fromitem]\n|-start|p1a: Iron Valiant|quarkdrivespe\n|-end|p2a: Kingambit|fallen2|[silent]\n|switch|p2a: Alomomola|Alomomola, F|100\/100\n|\n|upkeep\n|turn|9\n|\n|t:|1700601229\n|-end|p1a: Iron Valiant|Quark Drive|[silent]\n|switch|p1a: Greninja|Greninja, M, tera:Water|71\/100\n|move|p2a: Alomomola|Flip Turn|p1a: Greninja\n|-resisted|p1a: Greninja\n|-crit|p1a: Greninja\n|-damage|p1a: Greninja|50\/100\n|\n|t:|1700601239\n|switch|p2a: Kingambit|Kingambit, F|90\/100|[from] Flip Turn\n|-activate|p2a: Kingambit|ability: Supreme Overlord\n|-start|p2a: Kingambit|fallen2|[silent]\n|\n|-heal|p2a: Kingambit|96\/100|[from] item: Leftovers\n|upkeep\n|turn|10\n|\n|t:|1700601250\n|switch|p1a: Landorus|Landorus-Therian, M|100\/100\n|-ability|p1a: Landorus|Intimidate|boost\n|-unboost|p2a: Kingambit|atk|1\n|move|p2a: Kingambit|Kowtow Cleave|p1a: Landorus\n|-damage|p1a: Landorus|56\/100\n|\n|-heal|p2a: Kingambit|100\/100|[from] item: Leftovers\n|upkeep\n|turn|11\n|\n|t:|1700601261\n|-end|p2a: Kingambit|fallen2|[silent]\n|switch|p2a: Great Tusk|Great Tusk|100\/100\n|move|p1a: Landorus|U-turn|p2a: Great Tusk\n|-resisted|p2a: Great Tusk\n|-damage|p2a: Great Tusk|91\/100\n|-damage|p1a: Landorus|40\/100|[from] item: Rocky Helmet|[of] p2a: Great Tusk\n|\n|t:|1700601268\n|switch|p1a: Greninja|Greninja, M, tera:Water|50\/100|[from] U-turn\n|\n|upkeep\n|turn|12\n|\n|t:|1700601289\n|-end|p2a: Great Tusk|Protosynthesis|[silent]\n|switch|p2a: Slowking|Slowking-Galar, F|64\/100\n|move|p1a: Greninja|Grass Knot|p2a: Slowking\n|-resisted|p2a: Slowking\n|-damage|p2a: Slowking|54\/100\n|-damage|p1a: Greninja|41\/100|[from] item: Life Orb\n|\n|upkeep\n|turn|13\n|\n|t:|1700601297\n|move|p1a: Greninja|Dark Pulse|p2a: Slowking\n|-supereffective|p2a: Slowking\n|-damage|p2a: Slowking|2\/100\n|-damage|p1a: Greninja|31\/100|[from] item: Life Orb\n|cant|p2a: Slowking|flinch\n|\n|upkeep\n|turn|14\n|\n|t:|1700601321\n|switch|p2a: Kingambit|Kingambit, F|100\/100\n|-activate|p2a: Kingambit|ability: Supreme Overlord\n|-start|p2a: Kingambit|fallen2|[silent]\n|move|p1a: Greninja|Surf|p2a: Kingambit\n|-damage|p2a: Kingambit|31\/100\n|-damage|p1a: Greninja|21\/100|[from] item: Life Orb\n|\n|-heal|p2a: Kingambit|37\/100|[from] item: Leftovers\n|upkeep\n|turn|15\n|inactive|Dogwearingdurag has 120 seconds left.\n|\n|t:|1700601347\n|move|p1a: Greninja|Water Shuriken|p2a: Kingambit\n|-damage|p2a: Kingambit|26\/100\n|-damage|p2a: Kingambit|15\/100\n|-damage|p2a: Kingambit|4\/100\n|-damage|p2a: Kingambit|0 fnt\n|faint|p2a: Kingambit\n|-end|p2a: Kingambit|fallen2|[silent]\n|-hitcount|p2: Kingambit|4\n|-damage|p1a: Greninja|11\/100|[from] item: Life Orb\n|\n|upkeep\n|inactive|Dogwearingdurag has 90 seconds left.\n|\n|t:|1700601378\n|switch|p2a: Alomomola|Alomomola, F|100\/100\n|turn|16\n|\n|t:|1700601386\n|move|p1a: Greninja|Grass Knot|p2a: Alomomola\n|-supereffective|p2a: Alomomola\n|-damage|p2a: Alomomola|58\/100\n|-enditem|p2a: Alomomola|Red Card|[of] p1a: Greninja\n|drag|p1a: Dragapult|Dragapult, F|57\/100\n|move|p2a: Alomomola|Flip Turn|p1a: Dragapult\n|-resisted|p1a: Dragapult\n|-damage|p1a: Dragapult|45\/100\n|inactive|Dogwearingdurag has 90 seconds left.\n|inactive|Dogwearingdurag has 60 seconds left.\n|l|\u2606Dogwearingdurag\n|inactive|Dogwearingdurag disconnected and has a minute to reconnect!\n|player|p2|\n|inactive|Dogwearingdurag has 30 seconds to reconnect!\n|inactive|Dogwearingdurag has 20 seconds to reconnect!\n|inactive|Dogwearingdurag has 15 seconds to reconnect!\n|inactive|Dogwearingdurag has 10 seconds to reconnect!\n|inactive|Dogwearingdurag has 5 seconds to reconnect!\n|-message|Dogwearingdurag lost due to inactivity.\n|\n|win|Bakitaladelbarrio\n|raw|Bakitaladelbarrio's rating: 1491 &rarr; <strong>1509<\/strong><br \/>(+18 for winning)\n|raw|Dogwearingdurag's rating: 1450 &rarr; <strong>1432<\/strong><br \/>(-18 for losing)\n","uploadtime":1700601496,"views":7,"p1id":"bakitaladelbarrio","p2id":"dogwearingdurag","formatid":"gen9ou","rating":1432,"private":0,"password":""}