{"id":"gen9ou-1989531062","p1":"360Yes","p2":"heisensplurg","format":"[Gen 9] OU","log":"|j|\u2606360Yes\n|j|\u203dheisensplurg\n|t:|1699866625\n|gametype|singles\n|player|p1|360Yes|benga|1137\n|player|p2|heisensplurg|266|1145\n|teamsize|p1|6\n|teamsize|p2|6\n|gen|9\n|tier|[Gen 9] OU\n|rated|\n|rule|Sleep Clause Mod: Limit one foe put to sleep\n|rule|Species Clause: Limit one of each Pok\u00e9mon\n|rule|OHKO Clause: OHKO moves are banned\n|rule|Evasion Items Clause: Evasion items are banned\n|rule|Evasion Moves Clause: Evasion moves are banned\n|rule|Endless Battle Clause: Forcing endless battles is banned\n|rule|HP Percentage Mod: HP is shown in percentages\n|clearpoke\n|poke|p1|Samurott-Hisui, F|\n|poke|p1|Great Tusk|\n|poke|p1|Gholdengo|\n|poke|p1|Ceruledge, F|\n|poke|p1|Thundurus-Therian, M|\n|poke|p1|Slowking-Galar, M|\n|poke|p2|Samurott-Hisui, M|\n|poke|p2|Yanmega, F|\n|poke|p2|Mamoswine, M|\n|poke|p2|Zoroark-Hisui, F|\n|poke|p2|Sneasler, F|\n|poke|p2|Goodra-Hisui, M|\n|teampreview\n|inactive|Battle timer is ON: inactive players will automatically lose when time's up. (requested by heisensplurg)\n|\n|t:|1699866639\n|start\n|switch|p1a: Thundurus|Thundurus-Therian, M|100\/100\n|switch|p2a: Samurott|Samurott-Hisui, M|100\/100\n|turn|1\n|\n|t:|1699866644\n|move|p2a: Samurott|Hyper Voice|p1a: Thundurus\n|-damage|p1a: Thundurus|42\/100\n|-enditem|p2a: Samurott|Throat Spray\n|-boost|p2a: Samurott|spa|1|[from] item: Throat Spray\n|move|p1a: Thundurus|Volt Switch|p2a: Samurott\n|-damage|p2a: Samurott|0 fnt\n|replace|p2a: Zoroark|Zoroark-Hisui, F\n|-end|p2a: Zoroark|Illusion\n|faint|p2a: Zoroark\n|\n|t:|1699866647\n|switch|p1a: Samurott|Samurott-Hisui, F, shiny|100\/100|[from] Volt Switch\n|\n|upkeep\n|\n|t:|1699866658\n|switch|p2a: Yanmega|Yanmega, F|100\/100\n|turn|2\n|\n|t:|1699866662\n|move|p1a: Samurott|Flip Turn|p2a: Yanmega\n|-damage|p2a: Yanmega|67\/100\n|\n|t:|1699866667\n|switch|p1a: Ceruledge|Ceruledge, F|100\/100|[from] Flip Turn\n|move|p2a: Yanmega|Bug Buzz|p1a: Ceruledge\n|-resisted|p1a: Ceruledge\n|-damage|p1a: Ceruledge|61\/100\n|\n|upkeep\n|turn|3\n|\n|t:|1699866673\n|move|p2a: Yanmega|Bug Buzz|p1a: Ceruledge\n|-resisted|p1a: Ceruledge\n|-damage|p1a: Ceruledge|24\/100\n|move|p1a: Ceruledge|Bitter Blade|p2a: Yanmega\n|-supereffective|p2a: Yanmega\n|-damage|p2a: Yanmega|0 fnt\n|-heal|p1a: Ceruledge|59\/100|[from] drain|[of] p2a: Yanmega\n|faint|p2a: Yanmega\n|-damage|p1a: Ceruledge|49\/100|[from] item: Life Orb\n|\n|upkeep\n|\n|t:|1699866691\n|switch|p2a: Samurott|Samurott-Hisui, M|100\/100\n|turn|4\n|\n|t:|1699866702\n|move|p2a: Samurott|Razor Shell|p1a: Ceruledge\n|-supereffective|p1a: Ceruledge\n|-damage|p1a: Ceruledge|0 fnt\n|faint|p1a: Ceruledge\n|\n|upkeep\n|\n|t:|1699866714\n|switch|p1a: Thundurus|Thundurus-Therian, M|42\/100\n|turn|5\n|\n|t:|1699866722\n|switch|p2a: Mamoswine|Mamoswine, M|100\/100\n|move|p1a: Thundurus|Thunderbolt|p2a: Mamoswine\n|-immune|p2a: Mamoswine\n|\n|upkeep\n|turn|6\n|\n|t:|1699866726\n|switch|p1a: Slowking|Slowking-Galar, M|100\/100\n|move|p2a: Mamoswine|Ice Shard|p1a: Slowking\n|-damage|p1a: Slowking|78\/100\n|\n|upkeep\n|turn|7\n|\n|t:|1699866734\n|switch|p1a: Gholdengo|Gholdengo|100\/100\n|-item|p1a: Gholdengo|Air Balloon\n|move|p2a: Mamoswine|Earthquake|p1a: Gholdengo\n|-immune|p1a: Gholdengo\n|\n|upkeep\n|turn|8\n|\n|t:|1699866761\n|switch|p2a: Goodra|Goodra-Hisui, M|100\/100\n|switch|p1a: Samurott|Samurott-Hisui, F, shiny|100\/100\n|\n|upkeep\n|turn|9\n|\n|t:|1699866764\n|move|p1a: Samurott|Ceaseless Edge|p2a: Goodra\n|-damage|p2a: Goodra|58\/100\n|-sidestart|p2: heisensplurg|Spikes\n|move|p2a: Goodra|Thunderbolt|p1a: Samurott\n|-supereffective|p1a: Samurott\n|-damage|p1a: Samurott|2\/100\n|\n|upkeep\n|turn|10\n|\n|t:|1699866771\n|move|p1a: Samurott|Ceaseless Edge|p2a: Goodra\n|-damage|p2a: Goodra|19\/100\n|-sidestart|p2: heisensplurg|Spikes\n|move|p2a: Goodra|Dragon Pulse|p1a: Samurott\n|-damage|p1a: Samurott|0 fnt\n|faint|p1a: Samurott\n|\n|upkeep\n|\n|t:|1699866778\n|switch|p1a: Thundurus|Thundurus-Therian, M|42\/100\n|turn|11\n|\n|t:|1699866786\n|-terastallize|p1a: Thundurus|Ice\n|move|p1a: Thundurus|Tera Blast|p2a: Goodra|[anim] Tera Blast Ice\n|-damage|p2a: Goodra|0 fnt\n|faint|p2a: Goodra\n|\n|upkeep\n|\n|t:|1699866795\n|switch|p2a: Sneasler|Sneasler, F|100\/100\n|-damage|p2a: Sneasler|84\/100|[from] Spikes\n|turn|12\n|\n|t:|1699866802\n|switch|p1a: Slowking|Slowking-Galar, M|100\/100\n|-terastallize|p2a: Sneasler|Flying\n|move|p2a: Sneasler|Bulk Up|p2a: Sneasler\n|-boost|p2a: Sneasler|atk|1\n|-boost|p2a: Sneasler|def|1\n|\n|upkeep\n|turn|13\n|\n|t:|1699866810\n|move|p2a: Sneasler|Acrobatics|p1a: Slowking\n|-damage|p1a: Slowking|46\/100\n|move|p1a: Slowking|Thunder Wave|p2a: Sneasler\n|-status|p2a: Sneasler|par\n|\n|upkeep\n|turn|14\n|\n|t:|1699866815\n|move|p2a: Sneasler|Acrobatics|p1a: Slowking\n|-damage|p1a: Slowking|0 fnt\n|faint|p1a: Slowking\n|\n|upkeep\n|\n|t:|1699866819\n|switch|p1a: Thundurus|Thundurus-Therian, M, tera:Ice|42\/100\n|turn|15\n|inactive|heisensplurg has 120 seconds left.\n|inactive|heisensplurg has 90 seconds left.\n|inactive|heisensplurg has 60 seconds left.\n|\n|t:|1699866930\n|move|p1a: Thundurus|Thunderbolt|p2a: Sneasler\n|-supereffective|p2a: Sneasler\n|-damage|p2a: Sneasler|0 fnt\n|faint|p2a: Sneasler\n|\n|upkeep\n|\n|t:|1699866945\n|switch|p2a: Mamoswine|Mamoswine, M|100\/100\n|-damage|p2a: Mamoswine|84\/100|[from] Spikes\n|turn|16\n|inactive|heisensplurg has 30 seconds left.\n|inactive|heisensplurg has 20 seconds left.\n|inactive|heisensplurg has 15 seconds left.\n|\n|t:|1699866977\n|switch|p1a: Great Tusk|Great Tusk|100\/100\n|move|p2a: Mamoswine|Earthquake|p1a: Great Tusk\n|-damage|p1a: Great Tusk|70\/100\n|\n|upkeep\n|turn|17\n|inactive|heisensplurg has 25 seconds left this turn.\n|inactive|heisensplurg has 20 seconds left.\n|\n|t:|1699866983\n|move|p2a: Mamoswine|Icicle Spear|p1a: Great Tusk\n|-supereffective|p1a: Great Tusk\n|-damage|p1a: Great Tusk|55\/100\n|-supereffective|p1a: Great Tusk\n|-damage|p1a: Great Tusk|38\/100\n|-supereffective|p1a: Great Tusk\n|-damage|p1a: Great Tusk|21\/100\n|-supereffective|p1a: Great Tusk\n|-damage|p1a: Great Tusk|6\/100\n|-hitcount|p1a: Great Tusk|4\n|move|p1a: Great Tusk|Close Combat|p2a: Mamoswine\n|-supereffective|p2a: Mamoswine\n|-damage|p2a: Mamoswine|0 fnt\n|-unboost|p1a: Great Tusk|def|1\n|-unboost|p1a: Great Tusk|spd|1\n|faint|p2a: Mamoswine\n|\n|upkeep\n|inactive|heisensplurg has 25 seconds left this turn.\n|inactive|heisensplurg has 20 seconds left.\n|\n|t:|1699866992\n|switch|p2a: Samurott|Samurott-Hisui, M|100\/100\n|-damage|p2a: Samurott|84\/100|[from] Spikes\n|turn|18\n|inactive|heisensplurg has 30 seconds left this turn.\n|\n|t:|1699866998\n|move|p2a: Samurott|Aqua Jet|p1a: Great Tusk\n|-supereffective|p1a: Great Tusk\n|-damage|p1a: Great Tusk|0 fnt\n|faint|p1a: Great Tusk\n|-end|p1a: Great Tusk|Protosynthesis|[silent]\n|\n|upkeep\n|\n|t:|1699867001\n|switch|p1a: Gholdengo|Gholdengo|100\/100\n|-item|p1a: Gholdengo|Air Balloon\n|turn|19\n|\n|t:|1699867006\n|move|p2a: Samurott|Ceaseless Edge|p1a: Gholdengo\n|-supereffective|p1a: Gholdengo\n|-damage|p1a: Gholdengo|3\/100\n|-enditem|p1a: Gholdengo|Air Balloon\n|-sidestart|p1: 360Yes|Spikes\n|move|p1a: Gholdengo|Thunder Wave|p2a: Samurott\n|-status|p2a: Samurott|par\n|\n|upkeep\n|turn|20\n|\n|t:|1699867011\n|cant|p2a: Samurott|par\n|move|p1a: Gholdengo|Hex|p2a: Samurott\n|-resisted|p2a: Samurott\n|-damage|p2a: Samurott|32\/100 par\n|\n|upkeep\n|turn|21\n|\n|t:|1699867013\n|cant|p2a: Samurott|par\n|move|p1a: Gholdengo|Hex|p2a: Samurott\n|-resisted|p2a: Samurott\n|-damage|p2a: Samurott|0 fnt\n|faint|p2a: Samurott\n|\n|win|360Yes\n|raw|360Yes's rating: 1137 &rarr; <strong>1163<\/strong><br \/>(+26 for winning)\n|raw|heisensplurg's rating: 1145 &rarr; <strong>1119<\/strong><br \/>(-26 for losing)\n|l|\u203dheisensplurg\n|c|\u2606360Yes|GG\n","uploadtime":1699867022,"views":10,"p1id":"360yes","p2id":"heisensplurg","formatid":"gen9ou","rating":1119,"private":0,"password":""}