{"id":"gen9ou-1996697521","p1":"metrobotalt","p2":"F1shy_yyy","format":"[Gen 9] OU","log":"|j|\u2606metrobotalt\n|j|\u2606F1shy_yyy\n|t:|1700711107\n|gametype|singles\n|player|p1|metrobotalt|101|1557\n|player|p2|F1shy_yyy|marlon|1578\n|teamsize|p1|6\n|teamsize|p2|6\n|gen|9\n|tier|[Gen 9] OU\n|rated|\n|rule|Sleep Clause Mod: Limit one foe put to sleep\n|rule|Species Clause: Limit one of each Pok\u00e9mon\n|rule|OHKO Clause: OHKO moves are banned\n|rule|Evasion Items Clause: Evasion items are banned\n|rule|Evasion Moves Clause: Evasion moves are banned\n|rule|Endless Battle Clause: Forcing endless battles is banned\n|rule|HP Percentage Mod: HP is shown in percentages\n|clearpoke\n|poke|p1|Zamazenta-*|\n|poke|p1|Iron Moth|\n|poke|p1|Maushold-Four|\n|poke|p1|Walking Wake|\n|poke|p1|Dragonite, F|\n|poke|p1|Kingambit, F|\n|poke|p2|Slowking-Galar, F|\n|poke|p2|Kingambit, M|\n|poke|p2|Landorus-Therian, M|\n|poke|p2|Samurott-Hisui, F|\n|poke|p2|Great Tusk|\n|poke|p2|Dragapult, F|\n|teampreview\n|\n|t:|1700711126\n|start\n|switch|p1a: Walking Wake|Walking Wake|100\/100\n|switch|p2a: Edging Streak|Samurott-Hisui, F|100\/100\n|-enditem|p1a: Walking Wake|Booster Energy\n|-activate|p1a: Walking Wake|ability: Protosynthesis|[fromitem]\n|-start|p1a: Walking Wake|protosynthesisspa\n|turn|1\n|\n|t:|1700711131\n|move|p1a: Walking Wake|Dragon Pulse|p2a: Edging Streak\n|-damage|p2a: Edging Streak|7\/100\n|move|p2a: Edging Streak|Ceaseless Edge|p1a: Walking Wake\n|-damage|p1a: Walking Wake|52\/100\n|-sidestart|p1: metrobotalt|Spikes\n|\n|upkeep\n|turn|2\n|\n|t:|1700711140\n|switch|p2a: Seinfeld|Slowking-Galar, F|100\/100\n|move|p1a: Walking Wake|Substitute|p1a: Walking Wake\n|-start|p1a: Walking Wake|Substitute\n|-damage|p1a: Walking Wake|27\/100\n|\n|upkeep\n|turn|3\n|\n|t:|1700711143\n|move|p1a: Walking Wake|Dragon Pulse|p2a: Seinfeld\n|-damage|p2a: Seinfeld|65\/100\n|move|p2a: Seinfeld|Sludge Bomb|p1a: Walking Wake\n|-end|p1a: Walking Wake|Substitute\n|\n|upkeep\n|turn|4\n|\n|t:|1700711147\n|move|p1a: Walking Wake|Hydro Pump|p2a: Seinfeld\n|-damage|p2a: Seinfeld|16\/100\n|move|p2a: Seinfeld|Sludge Bomb|p1a: Walking Wake\n|-damage|p1a: Walking Wake|0 fnt\n|faint|p1a: Walking Wake\n|-end|p1a: Walking Wake|Protosynthesis|[silent]\n|\n|upkeep\n|\n|t:|1700711154\n|switch|p1a: Maushold|Maushold-Four|100\/100\n|-damage|p1a: Maushold|88\/100|[from] Spikes\n|turn|5\n|\n|t:|1700711157\n|move|p1a: Maushold|Tidy Up|p1a: Maushold\n|-sideend|p1: metrobotalt|Spikes\n|-activate|p1a: Maushold|move: Tidy Up\n|-boost|p1a: Maushold|atk|1\n|-boost|p1a: Maushold|spe|1\n|move|p2a: Seinfeld|Sludge Bomb|p1a: Maushold\n|-damage|p1a: Maushold|39\/100\n|\n|upkeep\n|turn|6\n|\n|t:|1700711162\n|switch|p2a: Edging Streak|Samurott-Hisui, F|7\/100\n|move|p1a: Maushold|Population Bomb|p2a: Edging Streak\n|-damage|p2a: Edging Streak|0 fnt\n|faint|p2a: Edging Streak\n|-hitcount|p2: Edging Streak|1\n|\n|upkeep\n|\n|t:|1700711170\n|switch|p2a: onthedeadhomies|Kingambit, M|100\/100\n|-activate|p2a: onthedeadhomies|ability: Supreme Overlord\n|-start|p2a: onthedeadhomies|fallen1|[silent]\n|turn|7\n|\n|t:|1700711187\n|move|p2a: onthedeadhomies|Sucker Punch||[still]\n|-fail|p2a: onthedeadhomies\n|move|p1a: Maushold|Tidy Up|p1a: Maushold\n|-boost|p1a: Maushold|atk|1\n|-boost|p1a: Maushold|spe|1\n|\n|upkeep\n|turn|8\n|\n|t:|1700711190\n|move|p2a: onthedeadhomies|Sucker Punch||[still]\n|-fail|p2a: onthedeadhomies\n|move|p1a: Maushold|Encore|p2a: onthedeadhomies\n|-start|p2a: onthedeadhomies|Encore\n|\n|upkeep\n|turn|9\n|\n|t:|1700711192\n|move|p2a: onthedeadhomies|Sucker Punch||[still]\n|-fail|p2a: onthedeadhomies\n|move|p1a: Maushold|Tidy Up|p1a: Maushold\n|-boost|p1a: Maushold|atk|1\n|-boost|p1a: Maushold|spe|1\n|\n|upkeep\n|turn|10\n|\n|t:|1700711211\n|-end|p2a: onthedeadhomies|fallen1|[silent]\n|switch|p2a: Lando Norris|Landorus-Therian, M|100\/100\n|-ability|p2a: Lando Norris|Intimidate|boost\n|-unboost|p1a: Maushold|atk|1\n|move|p1a: Maushold|Tidy Up|p1a: Maushold\n|-boost|p1a: Maushold|atk|1\n|-boost|p1a: Maushold|spe|1\n|\n|upkeep\n|turn|11\n|\n|t:|1700711214\n|move|p1a: Maushold|Population Bomb|p2a: Lando Norris\n|-damage|p2a: Lando Norris|67\/100\n|-damage|p2a: Lando Norris|34\/100\n|-damage|p2a: Lando Norris|3\/100\n|-crit|p2a: Lando Norris\n|-damage|p2a: Lando Norris|0 fnt\n|faint|p2a: Lando Norris\n|-hitcount|p2: Lando Norris|4\n|\n|upkeep\n|-message|F1shy_yyy forfeited.\n|\n|win|metrobotalt\n|raw|metrobotalt's rating: 1557 &rarr; <strong>1578<\/strong><br \/>(+21 for winning)\n|raw|F1shy_yyy's rating: 1578 &rarr; <strong>1557<\/strong><br \/>(-21 for losing)\n|l|\u2606F1shy_yyy\n","uploadtime":1700711221,"views":14,"p1id":"metrobotalt","p2id":"f1shyyyy","formatid":"gen9ou","rating":1557,"private":0,"password":""}