{"id":"gen9ou-1988946095","p1":"Dogwearingdurag","p2":"Mukyaup","format":"[Gen 9] OU","log":"|j|\u2606Dogwearingdurag\n|j|\u2606Mukyaup\n|t:|1699792580\n|gametype|singles\n|player|p1|Dogwearingdurag|266|1473\n|player|p2|Mukyaup|koga|1388\n|teamsize|p1|6\n|teamsize|p2|6\n|gen|9\n|tier|[Gen 9] OU\n|rated|\n|rule|Sleep Clause Mod: Limit one foe put to sleep\n|rule|Species Clause: Limit one of each Pok\u00e9mon\n|rule|OHKO Clause: OHKO moves are banned\n|rule|Evasion Items Clause: Evasion items are banned\n|rule|Evasion Moves Clause: Evasion moves are banned\n|rule|Endless Battle Clause: Forcing endless battles is banned\n|rule|HP Percentage Mod: HP is shown in percentages\n|clearpoke\n|poke|p1|Zapdos|\n|poke|p1|Gholdengo|\n|poke|p1|Weavile, M|\n|poke|p1|Milotic, M|\n|poke|p1|Great Tusk|\n|poke|p1|Sneasler, F|\n|poke|p2|Maushold-Four|\n|poke|p2|Weezing-Galar, F|\n|poke|p2|Dragonite, M|\n|poke|p2|Walking Wake|\n|poke|p2|Muk-Alola, M|\n|poke|p2|Great Tusk|\n|teampreview\n|inactive|Battle timer is ON: inactive players will automatically lose when time's up. (requested by Dogwearingdurag)\n|\n|t:|1699792599\n|start\n|switch|p1a: Sneasler|Sneasler, F|100\/100\n|switch|p2a: WalkingMid|Walking Wake|100\/100\n|turn|1\n|\n|t:|1699792608\n|move|p1a: Sneasler|U-turn|p2a: WalkingMid\n|-damage|p2a: WalkingMid|75\/100\n|\n|t:|1699792611\n|switch|p1a: Milotic|Milotic, M|100\/100|[from] U-turn\n|move|p2a: WalkingMid|Draco Meteor|p1a: Milotic\n|-damage|p1a: Milotic|68\/100\n|-unboost|p2a: WalkingMid|spa|2\n|\n|-heal|p1a: Milotic|74\/100|[from] item: Leftovers\n|upkeep\n|turn|2\n|inactive|Mukyaup has 120 seconds left.\n|\n|t:|1699792643\n|-end|p2a: WalkingMid|Protosynthesis|[silent]\n|switch|p2a: Pride \ud83c\udf08|Muk-Alola, M|100\/100\n|switch|p1a: Sneasler|Sneasler, F|100\/100\n|\n|upkeep\n|turn|3\n|\n|t:|1699792651\n|move|p1a: Sneasler|U-turn|p2a: Pride \ud83c\udf08\n|-damage|p2a: Pride \ud83c\udf08|76\/100\n|\n|t:|1699792655\n|switch|p1a: Great Tusk|Great Tusk|100\/100|[from] U-turn\n|move|p2a: Pride \ud83c\udf08|Knock Off|p1a: Great Tusk\n|-resisted|p1a: Great Tusk\n|-damage|p1a: Great Tusk|90\/100\n|-damage|p2a: Pride \ud83c\udf08|59\/100|[from] item: Rocky Helmet|[of] p1a: Great Tusk\n|-enditem|p1a: Great Tusk|Rocky Helmet|[from] move: Knock Off|[of] p2a: Pride \ud83c\udf08\n|\n|-heal|p2a: Pride \ud83c\udf08|65\/100|[from] item: Black Sludge\n|upkeep\n|turn|4\n|\n|t:|1699792667\n|switch|p2a: Beyblade|Great Tusk|100\/100\n|move|p1a: Great Tusk|Stealth Rock|p2a: Beyblade\n|-sidestart|p2: Mukyaup|move: Stealth Rock\n|\n|upkeep\n|turn|5\n|\n|t:|1699792674\n|-end|p1a: Great Tusk|Protosynthesis|[silent]\n|switch|p1a: Gholdengo|Gholdengo|100\/100\n|-item|p1a: Gholdengo|Air Balloon\n|move|p2a: Beyblade|Stealth Rock|p1a: Gholdengo\n|-sidestart|p1: Dogwearingdurag|move: Stealth Rock\n|\n|upkeep\n|turn|6\n|\n|t:|1699792683\n|move|p2a: Beyblade|Ice Spinner|p1a: Gholdengo\n|-resisted|p1a: Gholdengo\n|-damage|p1a: Gholdengo|89\/100\n|-enditem|p1a: Gholdengo|Air Balloon\n|move|p1a: Gholdengo|Make It Rain|p2a: Beyblade\n|-damage|p2a: Beyblade|16\/100\n|-unboost|p1a: Gholdengo|spa|1\n|\n|upkeep\n|turn|7\n|\n|t:|1699792694\n|switch|p1a: Great Tusk|Great Tusk|90\/100\n|-damage|p1a: Great Tusk|87\/100|[from] Stealth Rock\n|move|p2a: Beyblade|Earthquake|p1a: Great Tusk\n|-damage|p1a: Great Tusk|59\/100\n|\n|upkeep\n|turn|8\n|\n|t:|1699792701\n|move|p1a: Great Tusk|Headlong Rush|p2a: Beyblade\n|-damage|p2a: Beyblade|0 fnt\n|-unboost|p1a: Great Tusk|def|1\n|-unboost|p1a: Great Tusk|spd|1\n|-damage|p1a: Great Tusk|42\/100|[from] item: Rocky Helmet|[of] p2a: Beyblade\n|faint|p2a: Beyblade\n|-end|p2a: Beyblade|Protosynthesis|[silent]\n|\n|upkeep\n|\n|t:|1699792708\n|switch|p2a: WalkingMid|Walking Wake|75\/100\n|-damage|p2a: WalkingMid|62\/100|[from] Stealth Rock\n|turn|9\n|\n|t:|1699792713\n|-end|p1a: Great Tusk|Protosynthesis|[silent]\n|switch|p1a: Milotic|Milotic, M|74\/100\n|-damage|p1a: Milotic|61\/100|[from] Stealth Rock\n|move|p2a: WalkingMid|Flip Turn|p1a: Milotic\n|-resisted|p1a: Milotic\n|-damage|p1a: Milotic|53\/100\n|\n|t:|1699792716\n|-end|p2a: WalkingMid|Protosynthesis|[silent]\n|switch|p2a: ChinaAttacks|Maushold-Four|100\/100|[from] Flip Turn\n|-damage|p2a: ChinaAttacks|88\/100|[from] Stealth Rock\n|\n|-heal|p1a: Milotic|59\/100|[from] item: Leftovers\n|upkeep\n|turn|10\n|\n|t:|1699792720\n|switch|p1a: Lebron|Zapdos|100\/100\n|move|p2a: ChinaAttacks|Tidy Up|p2a: ChinaAttacks\n|-sideend|p2: Mukyaup|Stealth Rock\n|-sideend|p1: Dogwearingdurag|Stealth Rock\n|-activate|p2a: ChinaAttacks|move: Tidy Up\n|-boost|p2a: ChinaAttacks|atk|1\n|-boost|p2a: ChinaAttacks|spe|1\n|\n|upkeep\n|turn|11\n|\n|t:|1699792728\n|move|p2a: ChinaAttacks|Population Bomb|p1a: Lebron\n|-damage|p1a: Lebron|89\/100\n|-damage|p1a: Lebron|77\/100\n|-damage|p1a: Lebron|65\/100\n|-damage|p1a: Lebron|53\/100\n|-damage|p1a: Lebron|42\/100\n|-damage|p1a: Lebron|30\/100\n|-damage|p1a: Lebron|19\/100\n|-damage|p1a: Lebron|6\/100\n|-damage|p1a: Lebron|0 fnt\n|faint|p1a: Lebron\n|-hitcount|p1: Lebron|9\n|\n|upkeep\n|c|\u2606Dogwearingdurag|No para is insanity\n|inactive|Dogwearingdurag has 120 seconds left.\n|\n|t:|1699792771\n|switch|p1a: Sneasler|Sneasler, F|100\/100\n|turn|12\n|\n|t:|1699792780\n|-terastallize|p2a: ChinaAttacks|Ghost\n|move|p1a: Sneasler|Close Combat|p2a: ChinaAttacks\n|-immune|p2a: ChinaAttacks\n|move|p2a: ChinaAttacks|Population Bomb|p1a: Sneasler\n|-damage|p1a: Sneasler|75\/100\n|-damage|p1a: Sneasler|47\/100\n|-damage|p1a: Sneasler|17\/100\n|-damage|p1a: Sneasler|0 fnt\n|faint|p1a: Sneasler\n|-hitcount|p1: Sneasler|4\n|\n|upkeep\n|inactive|Dogwearingdurag has 120 seconds left.\n|\n|t:|1699792789\n|switch|p1a: Weavile|Weavile, M|100\/100\n|turn|13\n|inactive|Dogwearingdurag has 120 seconds left.\n|inactive|Mukyaup has 120 seconds left.\n|c|\u2606Mukyaup|Makes up for the fact I got frozen twice last game on ice beam \ud83e\udd23\n|\n|t:|1699792832\n|switch|p1a: Gholdengo|Gholdengo|89\/100\n|move|p2a: ChinaAttacks|Population Bomb|p1a: Gholdengo\n|-immune|p1a: Gholdengo\n|\n|upkeep\n|turn|14\n|inactive|Dogwearingdurag has 120 seconds left.\n|\n|t:|1699792838\n|-terastallize|p1a: Gholdengo|Flying\n|move|p2a: ChinaAttacks|Bite|p1a: Gholdengo\n|-damage|p1a: Gholdengo|57\/100\n|cant|p1a: Gholdengo|flinch\n|\n|upkeep\n|turn|15\n|\n|t:|1699792847\n|move|p2a: ChinaAttacks|Population Bomb|p1a: Gholdengo\n|-damage|p1a: Gholdengo|41\/100\n|-damage|p1a: Gholdengo|25\/100\n|-damage|p1a: Gholdengo|10\/100\n|-damage|p1a: Gholdengo|0 fnt\n|faint|p1a: Gholdengo\n|-hitcount|p1: Gholdengo|4\n|\n|upkeep\n|c|\u2606Mukyaup|Oooof. My bad\n|inactive|Dogwearingdurag has 120 seconds left.\n|c|\u2606Dogwearingdurag|Cool\n|\n|t:|1699792869\n|switch|p1a: Weavile|Weavile, M|100\/100\n|turn|16\n|\n|t:|1699792875\n|move|p2a: ChinaAttacks|Population Bomb|p1a: Weavile\n|-damage|p1a: Weavile|74\/100\n|-damage|p1a: Weavile|46\/100\n|-damage|p1a: Weavile|17\/100\n|-damage|p1a: Weavile|0 fnt\n|faint|p1a: Weavile\n|-hitcount|p1: Weavile|4\n|\n|upkeep\n|inactive|Dogwearingdurag has 120 seconds left.\n|-message|Dogwearingdurag forfeited.\n|\n|win|Mukyaup\n|raw|Dogwearingdurag's rating: 1473 &rarr; <strong>1448<\/strong><br \/>(-25 for losing)\n|raw|Mukyaup's rating: 1388 &rarr; <strong>1413<\/strong><br \/>(+25 for winning)\n|l|\u2606Dogwearingdurag\n","uploadtime":1699792886,"views":14,"p1id":"dogwearingdurag","p2id":"mukyaup","formatid":"gen9ou","rating":1413,"private":0,"password":""}