{"id":"gen9ou-1995172872","p1":"B. Decker","p2":"henny inna cup","format":"[Gen 9] OU","log":"|j|\u203dB. Decker\n|j|\u2606henny inna cup\n|t:|1700530742\n|gametype|singles\n|player|p1|B. Decker|cress|1107\n|player|p2|henny inna cup|hiker-gen4|1195\n|teamsize|p1|6\n|teamsize|p2|6\n|gen|9\n|tier|[Gen 9] OU\n|rated|\n|rule|Sleep Clause Mod: Limit one foe put to sleep\n|rule|Species Clause: Limit one of each Pok\u00e9mon\n|rule|OHKO Clause: OHKO moves are banned\n|rule|Evasion Items Clause: Evasion items are banned\n|rule|Evasion Moves Clause: Evasion moves are banned\n|rule|Endless Battle Clause: Forcing endless battles is banned\n|rule|HP Percentage Mod: HP is shown in percentages\n|clearpoke\n|poke|p1|Manaphy|\n|poke|p1|Samurott-Hisui, M|\n|poke|p1|Empoleon, M|\n|poke|p1|Cloyster, M|\n|poke|p1|Volcanion|\n|poke|p1|Milotic, F|\n|poke|p2|Okidogi, M|\n|poke|p2|Ninetales-Alola, M|\n|poke|p2|Manaphy|\n|poke|p2|Kingambit, F|\n|poke|p2|Ditto|\n|poke|p2|Dragapult, M|\n|teampreview\n|\n|t:|1700530762\n|start\n|switch|p1a: Samurott|Samurott-Hisui, M, shiny|100\/100\n|switch|p2a: Ninetales|Ninetales-Alola, M|100\/100\n|-weather|Snow|[from] ability: Snow Warning|[of] p2a: Ninetales\n|turn|1\n|\n|t:|1700530772\n|move|p2a: Ninetales|Aurora Veil|p2a: Ninetales\n|-sidestart|p2: henny inna cup|move: Aurora Veil\n|move|p1a: Samurott|Taunt|p2a: Ninetales\n|-start|p2a: Ninetales|move: Taunt\n|\n|-weather|Snow|[upkeep]\n|upkeep\n|turn|2\n|\n|t:|1700530781\n|move|p2a: Ninetales|Freeze-Dry|p1a: Samurott\n|-supereffective|p1a: Samurott\n|-damage|p1a: Samurott|44\/100\n|move|p1a: Samurott|Ceaseless Edge|p2a: Ninetales\n|-resisted|p2a: Ninetales\n|-damage|p2a: Ninetales|92\/100\n|-sidestart|p2: henny inna cup|Spikes\n|\n|-weather|Snow|[upkeep]\n|upkeep\n|turn|3\n|\n|t:|1700530789\n|move|p1a: Samurott|Aqua Jet|p2a: Ninetales\n|-damage|p2a: Ninetales|85\/100\n|move|p2a: Ninetales|Freeze-Dry|p1a: Samurott\n|-supereffective|p1a: Samurott\n|-crit|p1a: Samurott\n|-damage|p1a: Samurott|0 fnt\n|faint|p1a: Samurott\n|\n|-weather|Snow|[upkeep]\n|upkeep\n|\n|t:|1700530815\n|switch|p1a: Cloyster|Cloyster, M, shiny|100\/100\n|turn|4\n|\n|t:|1700530840\n|move|p2a: Ninetales|Freeze-Dry|p1a: Cloyster\n|-damage|p1a: Cloyster|45\/100\n|move|p1a: Cloyster|Shell Smash|p1a: Cloyster\n|-unboost|p1a: Cloyster|def|1\n|-unboost|p1a: Cloyster|spd|1\n|-boost|p1a: Cloyster|atk|2\n|-boost|p1a: Cloyster|spa|2\n|-boost|p1a: Cloyster|spe|2\n|\n|-weather|Snow|[upkeep]\n|-end|p2a: Ninetales|move: Taunt\n|upkeep\n|turn|5\n|\n|t:|1700530857\n|move|p1a: Cloyster|Rock Blast|p2a: Ninetales\n|-supereffective|p2a: Ninetales\n|-damage|p2a: Ninetales|74\/100\n|-supereffective|p2a: Ninetales\n|-damage|p2a: Ninetales|62\/100\n|-supereffective|p2a: Ninetales\n|-damage|p2a: Ninetales|49\/100\n|-supereffective|p2a: Ninetales\n|-damage|p2a: Ninetales|38\/100\n|-supereffective|p2a: Ninetales\n|-crit|p2a: Ninetales\n|-damage|p2a: Ninetales|0 fnt\n|faint|p2a: Ninetales\n|-hitcount|p2: Ninetales|5\n|\n|-weather|none\n|upkeep\n|\n|t:|1700530866\n|switch|p2a: Ditto|Ditto, shiny|100\/100\n|-damage|p2a: Ditto|88\/100|[from] Spikes\n|-transform|p2a: Ditto|p1a: Cloyster|[from] ability: Imposter\n|turn|6\n|\n|t:|1700530879\n|move|p1a: Cloyster|Protect|p1a: Cloyster\n|-singleturn|p1a: Cloyster|Protect\n|move|p2a: Ditto|Rock Blast|p1a: Cloyster\n|-activate|p1a: Cloyster|move: Protect\n|\n|upkeep\n|turn|7\n|\n|t:|1700530895\n|move|p2a: Ditto|Rock Blast|p1a: Cloyster\n|-supereffective|p1a: Cloyster\n|-damage|p1a: Cloyster|7\/100\n|-supereffective|p1a: Cloyster\n|-damage|p1a: Cloyster|0 fnt\n|faint|p1a: Cloyster\n|-hitcount|p1: Cloyster|2\n|\n|upkeep\n|\n|t:|1700530904\n|switch|p1a: Empoleon|Empoleon, M|100\/100\n|turn|8\n|\n|t:|1700530923\n|switch|p2a: Manaphy|Manaphy|100\/100\n|-damage|p2a: Manaphy|88\/100|[from] Spikes\n|move|p1a: Empoleon|Flash Cannon|p2a: Manaphy\n|-resisted|p2a: Manaphy\n|-damage|p2a: Manaphy|81\/100\n|\n|-heal|p2a: Manaphy|87\/100|[from] item: Leftovers\n|-sideend|p2: henny inna cup|move: Aurora Veil\n|upkeep\n|turn|9\n|\n|t:|1700530942\n|switch|p1a: Volcanion|Volcanion|100\/100\n|move|p2a: Manaphy|Take Heart|p2a: Manaphy\n|-boost|p2a: Manaphy|spa|1\n|-boost|p2a: Manaphy|spd|1\n|\n|-heal|p2a: Manaphy|93\/100|[from] item: Leftovers\n|upkeep\n|turn|10\n|j| Maxedout9\n|\n|t:|1700530961\n|move|p2a: Manaphy|Take Heart|p2a: Manaphy\n|-boost|p2a: Manaphy|spa|1\n|-boost|p2a: Manaphy|spd|1\n|move|p1a: Volcanion|Focus Blast|p2a: Manaphy|[miss]\n|-miss|p1a: Volcanion|p2a: Manaphy\n|\n|-heal|p2a: Manaphy|99\/100|[from] item: Leftovers\n|upkeep\n|turn|11\n|\n|t:|1700530968\n|move|p2a: Manaphy|Take Heart|p2a: Manaphy\n|-boost|p2a: Manaphy|spa|1\n|-boost|p2a: Manaphy|spd|1\n|move|p1a: Volcanion|Focus Blast|p2a: Manaphy|[miss]\n|-miss|p1a: Volcanion|p2a: Manaphy\n|\n|-heal|p2a: Manaphy|100\/100|[from] item: Leftovers\n|upkeep\n|turn|12\n|\n|t:|1700530977\n|move|p2a: Manaphy|Take Heart|p2a: Manaphy\n|-boost|p2a: Manaphy|spa|1\n|-boost|p2a: Manaphy|spd|1\n|move|p1a: Volcanion|Focus Blast|p2a: Manaphy\n|-damage|p2a: Manaphy|89\/100\n|\n|-heal|p2a: Manaphy|95\/100|[from] item: Leftovers\n|upkeep\n|turn|13\n|\n|t:|1700530987\n|move|p2a: Manaphy|Acid Armor|p2a: Manaphy\n|-boost|p2a: Manaphy|def|2\n|move|p1a: Volcanion|Focus Blast|p2a: Manaphy\n|-damage|p2a: Manaphy|83\/100\n|\n|-heal|p2a: Manaphy|89\/100|[from] item: Leftovers\n|upkeep\n|turn|14\n|c| Maxedout9|Rip\n|\n|t:|1700530996\n|switch|p1a: Manaphy|Manaphy, shiny|100\/100\n|move|p2a: Manaphy|Acid Armor|p2a: Manaphy\n|-boost|p2a: Manaphy|def|2\n|\n|-heal|p2a: Manaphy|95\/100|[from] item: Leftovers\n|upkeep\n|turn|15\n|\n|t:|1700531004\n|move|p1a: Manaphy|Tail Glow|p1a: Manaphy\n|-boost|p1a: Manaphy|spa|3\n|move|p2a: Manaphy|Stored Power|p1a: Manaphy\n|-damage|p1a: Manaphy|0 fnt\n|faint|p1a: Manaphy\n|\n|-heal|p2a: Manaphy|100\/100|[from] item: Leftovers\n|upkeep\n|\n|t:|1700531011\n|switch|p1a: Empoleon|Empoleon, M|100\/100\n|turn|16\n|\n|t:|1700531017\n|move|p1a: Empoleon|Flash Cannon|p2a: Manaphy\n|-resisted|p2a: Manaphy\n|-damage|p2a: Manaphy|95\/100\n|move|p2a: Manaphy|Take Heart|p2a: Manaphy\n|-boost|p2a: Manaphy|spa|1\n|-boost|p2a: Manaphy|spd|1\n|\n|-heal|p2a: Manaphy|100\/100|[from] item: Leftovers\n|upkeep\n|turn|17\n|\n|t:|1700531024\n|-terastallize|p1a: Empoleon|Water\n|move|p1a: Empoleon|Surf|p2a: Manaphy\n|-resisted|p2a: Manaphy\n|-damage|p2a: Manaphy|93\/100\n|move|p2a: Manaphy|Take Heart|p2a: Manaphy\n|-boost|p2a: Manaphy|spa|1\n|-boost|p2a: Manaphy|spd|1\n|\n|-heal|p2a: Manaphy|99\/100|[from] item: Leftovers\n|upkeep\n|turn|18\n|-message|B. Decker forfeited.\n|\n|win|henny inna cup\n|raw|B. Decker's rating: 1107 &rarr; <strong>1088<\/strong><br \/>(-19 for losing)\n|raw|henny inna cup's rating: 1195 &rarr; <strong>1214<\/strong><br \/>(+19 for winning)\n|c|\u2606henny inna cup|ow\n|l|\u203dB. Decker\n|c| Maxedout9|Gg\n|c|\u2606henny inna cup|gg\n","uploadtime":1700531042,"views":17,"p1id":"bdecker","p2id":"hennyinnacup","formatid":"gen9ou","rating":1088,"private":0,"password":""}