{"id":"gen9ou-1989117431","p1":"Awakeaarnie07","p2":"petertonetto","format":"[Gen 9] OU","log":"|j|\u2606Awakeaarnie07\n|j|\u2606petertonetto\n|t:|1699814099\n|gametype|singles\n|player|p1|Awakeaarnie07|aaron|1151\n|player|p2|petertonetto|265|1237\n|teamsize|p1|6\n|teamsize|p2|6\n|gen|9\n|tier|[Gen 9] OU\n|rated|\n|rule|Sleep Clause Mod: Limit one foe put to sleep\n|rule|Species Clause: Limit one of each Pok\u00e9mon\n|rule|OHKO Clause: OHKO moves are banned\n|rule|Evasion Items Clause: Evasion items are banned\n|rule|Evasion Moves Clause: Evasion moves are banned\n|rule|Endless Battle Clause: Forcing endless battles is banned\n|rule|HP Percentage Mod: HP is shown in percentages\n|clearpoke\n|poke|p1|Ambipom, F|\n|poke|p1|Garganacl, F|\n|poke|p1|Skeledirge, M|\n|poke|p1|Corviknight, F|\n|poke|p1|Breloom, F|\n|poke|p1|Rotom-Wash|\n|poke|p2|Dragapult, M|\n|poke|p2|Kingambit, F|\n|poke|p2|Iron Moth|\n|poke|p2|Glimmora, F|\n|poke|p2|Greninja-*, M|\n|poke|p2|Great Tusk|\n|teampreview\n|inactive|Battle timer is ON: inactive players will automatically lose when time's up. (requested by petertonetto)\n|\n|t:|1699814116\n|start\n|switch|p1a: Breloom|Breloom, F|100\/100\n|switch|p2a: Glimmora|Glimmora, F|100\/100\n|turn|1\n|\n|t:|1699814126\n|move|p2a: Glimmora|Stealth Rock|p1a: Breloom\n|-sidestart|p1: Awakeaarnie07|move: Stealth Rock\n|move|p1a: Breloom|Spore|p2a: Glimmora\n|-status|p2a: Glimmora|slp|[from] move: Spore\n|\n|upkeep\n|turn|2\n|\n|t:|1699814137\n|switch|p2a: Iron Moth|Iron Moth|100\/100\n|-enditem|p2a: Iron Moth|Booster Energy\n|-activate|p2a: Iron Moth|ability: Quark Drive|[fromitem]\n|-start|p2a: Iron Moth|quarkdrivespe\n|move|p1a: Breloom|Swords Dance|p1a: Breloom\n|-boost|p1a: Breloom|atk|2\n|\n|upkeep\n|turn|3\n|\n|t:|1699814152\n|-terastallize|p1a: Breloom|Water\n|move|p1a: Breloom|Mach Punch|p2a: Iron Moth\n|-resisted|p2a: Iron Moth\n|-damage|p2a: Iron Moth|26\/100\n|-damage|p1a: Breloom|91\/100|[from] item: Life Orb\n|move|p2a: Iron Moth|Fiery Dance|p1a: Breloom\n|-resisted|p1a: Breloom\n|-damage|p1a: Breloom|49\/100\n|\n|upkeep\n|turn|4\n|\n|t:|1699814163\n|move|p1a: Breloom|Mach Punch|p2a: Iron Moth\n|-resisted|p2a: Iron Moth\n|-damage|p2a: Iron Moth|0 fnt\n|faint|p2a: Iron Moth\n|-end|p2a: Iron Moth|Quark Drive|[silent]\n|-damage|p1a: Breloom|39\/100|[from] item: Life Orb\n|\n|upkeep\n|\n|t:|1699814171\n|switch|p2a: Kingambit|Kingambit, F|100\/100\n|-activate|p2a: Kingambit|ability: Supreme Overlord\n|-start|p2a: Kingambit|fallen1|[silent]\n|turn|5\n|\n|t:|1699814179\n|-terastallize|p2a: Kingambit|Flying\n|move|p1a: Breloom|Mach Punch|p2a: Kingambit\n|-resisted|p2a: Kingambit\n|-damage|p2a: Kingambit|64\/100\n|-damage|p1a: Breloom|29\/100|[from] item: Life Orb\n|move|p2a: Kingambit|Kowtow Cleave|p1a: Breloom\n|-damage|p1a: Breloom|0 fnt\n|faint|p1a: Breloom\n|\n|upkeep\n|\n|t:|1699814194\n|switch|p1a: Ambipom|Ambipom, F|100\/100\n|-damage|p1a: Ambipom|88\/100|[from] Stealth Rock\n|turn|6\n|\n|t:|1699814201\n|move|p1a: Ambipom|Fake Out|p2a: Kingambit\n|-damage|p2a: Kingambit|42\/100\n|cant|p2a: Kingambit|flinch\n|\n|upkeep\n|turn|7\n|\n|t:|1699814209\n|move|p1a: Ambipom|Last Resort|p2a: Kingambit\n|-damage|p2a: Kingambit|0 fnt\n|faint|p2a: Kingambit\n|-end|p2a: Kingambit|fallen1|[silent]\n|\n|upkeep\n|\n|t:|1699814214\n|switch|p2a: Great Tusk|Great Tusk|100\/100\n|-enditem|p2a: Great Tusk|Booster Energy\n|-activate|p2a: Great Tusk|ability: Protosynthesis|[fromitem]\n|-start|p2a: Great Tusk|protosynthesisdef\n|turn|8\n|\n|t:|1699814228\n|switch|p1a: Rotom|Rotom-Wash|100\/100\n|-damage|p1a: Rotom|88\/100|[from] Stealth Rock\n|move|p2a: Great Tusk|Bulk Up|p2a: Great Tusk\n|-boost|p2a: Great Tusk|atk|1\n|-boost|p2a: Great Tusk|def|1\n|\n|-heal|p1a: Rotom|94\/100|[from] item: Leftovers\n|upkeep\n|turn|9\n|\n|t:|1699814243\n|move|p2a: Great Tusk|Body Press|p1a: Rotom\n|-damage|p1a: Rotom|19\/100\n|move|p1a: Rotom|Will-O-Wisp|p2a: Great Tusk\n|-status|p2a: Great Tusk|brn\n|\n|-heal|p1a: Rotom|25\/100|[from] item: Leftovers\n|-damage|p2a: Great Tusk|94\/100 brn|[from] brn\n|upkeep\n|turn|10\n|\n|t:|1699814254\n|switch|p1a: Skeledirge|Skeledirge, M|100\/100\n|-damage|p1a: Skeledirge|75\/100|[from] Stealth Rock\n|move|p2a: Great Tusk|Bulk Up|p2a: Great Tusk\n|-boost|p2a: Great Tusk|atk|1\n|-boost|p2a: Great Tusk|def|1\n|\n|-heal|p1a: Skeledirge|82\/100|[from] item: Leftovers\n|-damage|p2a: Great Tusk|88\/100 brn|[from] brn\n|upkeep\n|turn|11\n|\n|t:|1699814268\n|move|p2a: Great Tusk|Bulk Up|p2a: Great Tusk\n|-boost|p2a: Great Tusk|atk|1\n|-boost|p2a: Great Tusk|def|1\n|move|p1a: Skeledirge|Earth Power|p2a: Great Tusk\n|-damage|p2a: Great Tusk|46\/100 brn\n|\n|-heal|p1a: Skeledirge|88\/100|[from] item: Leftovers\n|-damage|p2a: Great Tusk|40\/100 brn|[from] brn\n|upkeep\n|turn|12\n|\n|t:|1699814284\n|move|p2a: Great Tusk|Zen Headbutt|p1a: Skeledirge|[miss]\n|-miss|p2a: Great Tusk|p1a: Skeledirge\n|move|p1a: Skeledirge|Earth Power|p2a: Great Tusk\n|-damage|p2a: Great Tusk|0 fnt\n|faint|p2a: Great Tusk\n|-end|p2a: Great Tusk|Protosynthesis|[silent]\n|\n|-heal|p1a: Skeledirge|94\/100|[from] item: Leftovers\n|upkeep\n|-message|petertonetto forfeited.\n|\n|win|Awakeaarnie07\n|raw|Awakeaarnie07's rating: 1151 &rarr; <strong>1182<\/strong><br \/>(+31 for winning)\n|raw|petertonetto's rating: 1237 &rarr; <strong>1206<\/strong><br \/>(-31 for losing)\n|l|\u2606petertonetto\n","uploadtime":1699814306,"views":9,"p1id":"awakeaarnie07","p2id":"petertonetto","formatid":"gen9ou","rating":1182,"private":0,"password":""}