{"id":"gen9ou-1992066935","p1":"douidates","p2":"pok3monjake","format":"[Gen 9] OU","log":"|j|\u2606douidates\n|j|\u2606pok3monjake\n|t:|1700152298\n|gametype|singles\n|player|p1|douidates|hugh|1684\n|player|p2|pok3monjake|unknown|1620\n|teamsize|p1|6\n|teamsize|p2|6\n|gen|9\n|tier|[Gen 9] OU\n|rated|\n|rule|Sleep Clause Mod: Limit one foe put to sleep\n|rule|Species Clause: Limit one of each Pok\u00e9mon\n|rule|OHKO Clause: OHKO moves are banned\n|rule|Evasion Items Clause: Evasion items are banned\n|rule|Evasion Moves Clause: Evasion moves are banned\n|rule|Endless Battle Clause: Forcing endless battles is banned\n|rule|HP Percentage Mod: HP is shown in percentages\n|clearpoke\n|poke|p1|Dragonite, M|\n|poke|p1|Sandy Shocks|\n|poke|p1|Zamazenta-*|\n|poke|p1|Enamorus, F|\n|poke|p1|Great Tusk|\n|poke|p1|Greninja-*, M|\n|poke|p2|Sandslash-Alola, M|\n|poke|p2|Slowking-Galar, F|\n|poke|p2|Cinderace, F|\n|poke|p2|Ninetales-Alola, M|\n|poke|p2|Kingambit, M|\n|poke|p2|Great Tusk|\n|teampreview\n|inactive|Battle timer is ON: inactive players will automatically lose when time's up. (requested by douidates)\n|inactive|pok3monjake has 120 seconds left.\n|\n|t:|1700152349\n|start\n|switch|p1a: Enamorus|Enamorus, F|100\/100\n|switch|p2a: Ninetales|Ninetales-Alola, M|100\/100\n|-weather|Snow|[from] ability: Snow Warning|[of] p2a: Ninetales\n|turn|1\n|\n|t:|1700152376\n|move|p2a: Ninetales|Blizzard|p1a: Enamorus\n|-supereffective|p1a: Enamorus\n|-crit|p1a: Enamorus\n|-damage|p1a: Enamorus|0 fnt\n|faint|p1a: Enamorus\n|\n|-weather|Snow|[upkeep]\n|upkeep\n|\n|t:|1700152384\n|switch|p1a: Zamazenta|Zamazenta|100\/100\n|-ability|p1a: Zamazenta|Dauntless Shield|boost\n|-boost|p1a: Zamazenta|def|1\n|turn|2\n|\n|t:|1700152394\n|switch|p2a: Slowking|Slowking-Galar, F|100\/100\n|move|p1a: Zamazenta|Heavy Slam|p2a: Slowking\n|-damage|p2a: Slowking|68\/100\n|\n|-weather|Snow|[upkeep]\n|upkeep\n|turn|3\n|\n|t:|1700152421\n|move|p1a: Zamazenta|Heavy Slam|p2a: Slowking\n|-damage|p2a: Slowking|40\/100\n|move|p2a: Slowking|Chilly Reception|p2a: Slowking\n|j| Nubbleslabob\n|inactive|pok3monjake has 120 seconds left.\n|\n|t:|1700152432\n|switch|p2a: Great Tusk|Great Tusk|100\/100|[from] Chilly Reception\n|\n|-weather|Snow|[upkeep]\n|upkeep\n|turn|4\n|\n|t:|1700152439\n|switch|p1a: Great Tusk|Great Tusk|100\/100\n|move|p2a: Great Tusk|Rapid Spin|p1a: Great Tusk\n|-damage|p1a: Great Tusk|94\/100\n|-boost|p2a: Great Tusk|spe|1\n|-damage|p2a: Great Tusk|84\/100|[from] item: Rocky Helmet|[of] p1a: Great Tusk\n|\n|-weather|Snow|[upkeep]\n|-heal|p2a: Great Tusk|90\/100|[from] item: Leftovers\n|upkeep\n|turn|5\n|\n|t:|1700152444\n|move|p2a: Great Tusk|Bulk Up|p2a: Great Tusk\n|-boost|p2a: Great Tusk|atk|1\n|-boost|p2a: Great Tusk|def|1\n|move|p1a: Great Tusk|Stealth Rock|p2a: Great Tusk\n|-sidestart|p2: pok3monjake|move: Stealth Rock\n|\n|-weather|Snow|[upkeep]\n|-heal|p2a: Great Tusk|96\/100|[from] item: Leftovers\n|upkeep\n|turn|6\n|\n|t:|1700152448\n|move|p2a: Great Tusk|Rapid Spin|p1a: Great Tusk\n|-damage|p1a: Great Tusk|84\/100\n|-boost|p2a: Great Tusk|spe|1\n|-damage|p2a: Great Tusk|80\/100|[from] item: Rocky Helmet|[of] p1a: Great Tusk\n|-sideend|p2: pok3monjake|Stealth Rock|[from] move: Rapid Spin|[of] p2a: Great Tusk\n|move|p1a: Great Tusk|Knock Off|p2a: Great Tusk\n|-resisted|p2a: Great Tusk\n|-damage|p2a: Great Tusk|74\/100\n|-enditem|p2a: Great Tusk|Leftovers|[from] move: Knock Off|[of] p1a: Great Tusk\n|\n|-weather|Snow|[upkeep]\n|upkeep\n|turn|7\n|\n|t:|1700152450\n|move|p2a: Great Tusk|Bulk Up|p2a: Great Tusk\n|-boost|p2a: Great Tusk|atk|1\n|-boost|p2a: Great Tusk|def|1\n|move|p1a: Great Tusk|Earthquake|p2a: Great Tusk\n|-damage|p2a: Great Tusk|60\/100\n|\n|-weather|Snow|[upkeep]\n|upkeep\n|turn|8\n|\n|t:|1700152453\n|move|p2a: Great Tusk|Bulk Up|p2a: Great Tusk\n|-boost|p2a: Great Tusk|atk|1\n|-boost|p2a: Great Tusk|def|1\n|move|p1a: Great Tusk|Earthquake|p2a: Great Tusk\n|-damage|p2a: Great Tusk|50\/100\n|\n|-weather|none\n|upkeep\n|turn|9\n|\n|t:|1700152469\n|move|p2a: Great Tusk|Ice Spinner|p1a: Great Tusk\n|-supereffective|p1a: Great Tusk\n|-damage|p1a: Great Tusk|33\/100\n|-damage|p2a: Great Tusk|33\/100|[from] item: Rocky Helmet|[of] p1a: Great Tusk\n|move|p1a: Great Tusk|Earthquake|p2a: Great Tusk\n|-damage|p2a: Great Tusk|22\/100\n|\n|upkeep\n|turn|10\n|\n|t:|1700152477\n|move|p2a: Great Tusk|Earthquake|p1a: Great Tusk\n|-damage|p1a: Great Tusk|0 fnt\n|faint|p1a: Great Tusk\n|-end|p1a: Great Tusk|Protosynthesis|[silent]\n|\n|upkeep\n|\n|t:|1700152480\n|switch|p1a: Greninja|Greninja, M|100\/100\n|turn|11\n|\n|t:|1700152483\n|-end|p2a: Great Tusk|Protosynthesis|[silent]\n|switch|p2a: Slowking|Slowking-Galar, F|73\/100\n|move|p1a: Greninja|Water Shuriken|p2a: Slowking\n|-damage|p2a: Slowking|68\/100\n|-damage|p2a: Slowking|63\/100\n|-hitcount|p2a: Slowking|2\n|-damage|p1a: Greninja|91\/100|[from] item: Life Orb\n|\n|upkeep\n|turn|12\n|\n|t:|1700152500\n|switch|p2a: Ninetales|Ninetales-Alola, M|100\/100\n|-weather|Snow|[from] ability: Snow Warning|[of] p2a: Ninetales\n|move|p1a: Greninja|Dark Pulse|p2a: Ninetales\n|-resisted|p2a: Ninetales\n|-damage|p2a: Ninetales|74\/100\n|-damage|p1a: Greninja|81\/100|[from] item: Life Orb\n|\n|-weather|Snow|[upkeep]\n|upkeep\n|turn|13\n|j| Ran Kob\n|\n|t:|1700152524\n|switch|p2a: Slowking|Slowking-Galar, F|96\/100\n|-terastallize|p1a: Greninja|Water\n|move|p1a: Greninja|Surf|p2a: Slowking\n|-damage|p2a: Slowking|52\/100\n|-damage|p1a: Greninja|71\/100|[from] item: Life Orb\n|\n|-weather|Snow|[upkeep]\n|upkeep\n|turn|14\n|l| Nubbleslabob\n|inactive|pok3monjake has 120 seconds left.\n|inactive|pok3monjake has 90 seconds left.\n|inactive|pok3monjake has 60 seconds left.\n|j| Little Cuack\n|inactive|pok3monjake has 30 seconds left.\n|inactive|pok3monjake has 20 seconds left.\n|inactive|pok3monjake has 15 seconds left.\n|inactive|pok3monjake has 10 seconds left.\n|\n|t:|1700152649\n|-terastallize|p2a: Slowking|Water\n|move|p1a: Greninja|Dark Pulse|p2a: Slowking\n|-damage|p2a: Slowking|27\/100\n|-damage|p1a: Greninja|61\/100|[from] item: Life Orb\n|cant|p2a: Slowking|flinch\n|\n|-weather|Snow|[upkeep]\n|upkeep\n|turn|15\n|inactive|pok3monjake has 20 seconds left this turn.\n|inactive|pok3monjake has 15 seconds left.\n|inactive|pok3monjake has 10 seconds left.\n|\n|t:|1700152660\n|move|p1a: Greninja|Dark Pulse|p2a: Slowking\n|-damage|p2a: Slowking|0 fnt\n|faint|p2a: Slowking\n|-ability|p1a: Greninja|Battle Bond|boost\n|-boost|p1a: Greninja|atk|1\n|-boost|p1a: Greninja|spa|1\n|-boost|p1a: Greninja|spe|1\n|-activate|p1a: Greninja|ability: Battle Bond\n|-damage|p1a: Greninja|51\/100|[from] item: Life Orb\n|\n|-weather|Snow|[upkeep]\n|upkeep\n|inactive|pok3monjake has 15 seconds left this turn.\n|inactive|pok3monjake has 10 seconds left.\n|\n|t:|1700152667\n|switch|p2a: Kingambit|Kingambit, M|100\/100\n|-activate|p2a: Kingambit|ability: Supreme Overlord\n|-start|p2a: Kingambit|fallen1|[silent]\n|turn|16\n|inactive|pok3monjake has 20 seconds left this turn.\n|inactive|pok3monjake has 15 seconds left.\n|inactive|pok3monjake has 10 seconds left.\n|\n|t:|1700152680\n|move|p1a: Greninja|Water Shuriken|p2a: Kingambit\n|-crit|p2a: Kingambit\n|-damage|p2a: Kingambit|73\/100\n|-damage|p2a: Kingambit|54\/100\n|-crit|p2a: Kingambit\n|-damage|p2a: Kingambit|26\/100\n|-damage|p2a: Kingambit|8\/100\n|-hitcount|p2a: Kingambit|4\n|-damage|p1a: Greninja|42\/100|[from] item: Life Orb\n|move|p2a: Kingambit|Kowtow Cleave|p1a: Greninja\n|-damage|p1a: Greninja|0 fnt\n|faint|p1a: Greninja\n|\n|-weather|Snow|[upkeep]\n|-heal|p2a: Kingambit|14\/100|[from] item: Leftovers\n|upkeep\n|inactive|pok3monjake has 15 seconds left this turn.\n|\n|t:|1700152691\n|switch|p1a: Dragonite|Dragonite, M|100\/100\n|turn|17\n|inactive|pok3monjake has 25 seconds left this turn.\n|inactive|pok3monjake has 20 seconds left.\n|inactive|pok3monjake has 15 seconds left.\n|\n|t:|1700152705\n|move|p1a: Dragonite|Extreme Speed|p2a: Kingambit\n|-resisted|p2a: Kingambit\n|-damage|p2a: Kingambit|0 fnt\n|faint|p2a: Kingambit\n|-end|p2a: Kingambit|fallen1|[silent]\n|\n|-weather|Snow|[upkeep]\n|upkeep\n|inactive|pok3monjake has 20 seconds left this turn.\n|\n|t:|1700152708\n|switch|p2a: Sandslash|Sandslash-Alola, M|100\/100\n|turn|18\n|inactive|pok3monjake has 30 seconds left this turn.\n|\n|t:|1700152717\n|switch|p1a: Sandy Shocks|Sandy Shocks|100\/100\n|move|p2a: Sandslash|Icicle Spear|p1a: Sandy Shocks\n|-supereffective|p1a: Sandy Shocks\n|-crit|p1a: Sandy Shocks\n|-damage|p1a: Sandy Shocks|63\/100\n|-supereffective|p1a: Sandy Shocks\n|-damage|p1a: Sandy Shocks|38\/100\n|-supereffective|p1a: Sandy Shocks\n|-damage|p1a: Sandy Shocks|9\/100\n|-supereffective|p1a: Sandy Shocks\n|-damage|p1a: Sandy Shocks|0 fnt\n|faint|p1a: Sandy Shocks\n|-end|p1a: Sandy Shocks|Protosynthesis|[silent]\n|-hitcount|p1: Sandy Shocks|4\n|\n|-weather|Snow|[upkeep]\n|upkeep\n|\n|t:|1700152719\n|switch|p1a: Zamazenta|Zamazenta|100\/100\n|turn|19\n|\n|t:|1700152725\n|switch|p2a: Great Tusk|Great Tusk|22\/100\n|move|p1a: Zamazenta|Close Combat|p2a: Great Tusk\n|-crit|p2a: Great Tusk\n|-damage|p2a: Great Tusk|0 fnt\n|-unboost|p1a: Zamazenta|def|1\n|-unboost|p1a: Zamazenta|spd|1\n|faint|p2a: Great Tusk\n|-end|p2a: Great Tusk|Protosynthesis|[silent]\n|\n|-weather|none\n|upkeep\n|\n|t:|1700152728\n|switch|p2a: Ninetales|Ninetales-Alola, M|74\/100\n|-weather|Snow|[from] ability: Snow Warning|[of] p2a: Ninetales\n|turn|20\n|inactive|pok3monjake has 30 seconds left.\n|inactive|pok3monjake has 20 seconds left.\n|inactive|pok3monjake has 15 seconds left.\n|\n|t:|1700152770\n|move|p1a: Zamazenta|Close Combat|p2a: Ninetales\n|-damage|p2a: Ninetales|0 fnt\n|-unboost|p1a: Zamazenta|def|1\n|-unboost|p1a: Zamazenta|spd|1\n|faint|p2a: Ninetales\n|\n|-weather|Snow|[upkeep]\n|upkeep\n|inactive|pok3monjake has 20 seconds left this turn.\n|\n|t:|1700152772\n|switch|p2a: Cinderace|Cinderace, F|100\/100\n|turn|21\n|inactive|pok3monjake has 30 seconds left this turn.\n|inactive|pok3monjake has 20 seconds left.\n|\n|t:|1700152786\n|move|p1a: Zamazenta|Close Combat|p2a: Cinderace\n|-damage|p2a: Cinderace|0 fnt\n|-unboost|p1a: Zamazenta|def|1\n|-unboost|p1a: Zamazenta|spd|1\n|faint|p2a: Cinderace\n|\n|-weather|Snow|[upkeep]\n|upkeep\n|inactive|pok3monjake has 25 seconds left this turn.\n|\n|t:|1700152789\n|switch|p2a: Sandslash|Sandslash-Alola, M|100\/100\n|turn|22\n|\n|t:|1700152794\n|switch|p1a: Dragonite|Dragonite, M|100\/100\n|move|p2a: Sandslash|Icicle Spear|p1a: Dragonite\n|-supereffective|p1a: Dragonite\n|-damage|p1a: Dragonite|72\/100\n|-supereffective|p1a: Dragonite\n|-damage|p1a: Dragonite|22\/100\n|-supereffective|p1a: Dragonite\n|-damage|p1a: Dragonite|0 fnt\n|faint|p1a: Dragonite\n|-hitcount|p1: Dragonite|3\n|\n|-weather|Snow|[upkeep]\n|upkeep\n|\n|t:|1700152796\n|switch|p1a: Zamazenta|Zamazenta|100\/100\n|turn|23\n|c|\u2606douidates|gg\n|\n|t:|1700152803\n|move|p2a: Sandslash|Icicle Spear|p1a: Zamazenta\n|-damage|p1a: Zamazenta|88\/100\n|-damage|p1a: Zamazenta|78\/100\n|-crit|p1a: Zamazenta\n|-damage|p1a: Zamazenta|61\/100\n|-damage|p1a: Zamazenta|49\/100\n|-hitcount|p1a: Zamazenta|4\n|move|p1a: Zamazenta|Close Combat|p2a: Sandslash\n|-supereffective|p2a: Sandslash\n|-damage|p2a: Sandslash|0 fnt\n|-unboost|p1a: Zamazenta|def|1\n|-unboost|p1a: Zamazenta|spd|1\n|faint|p2a: Sandslash\n|\n|win|douidates\n|raw|douidates's rating: 1684 &rarr; <strong>1700<\/strong><br \/>(+16 for winning)\n|raw|pok3monjake's rating: 1620 &rarr; <strong>1604<\/strong><br \/>(-16 for losing)\n","uploadtime":1700152808,"views":11,"p1id":"douidates","p2id":"pok3monjake","formatid":"gen9ou","rating":1604,"private":0,"password":""}