{"id":"gen9ou-1995316516","p1":"d00m5","p2":"luckypants54","format":"[Gen 9] OU","log":"|j|\u2606d00m5\n|j|\u2606luckypants54\n|t:|1700552474\n|gametype|singles\n|player|p1|d00m5|workerice|1407\n|player|p2|luckypants54|scott|1305\n|teamsize|p1|6\n|teamsize|p2|6\n|gen|9\n|tier|[Gen 9] OU\n|rated|\n|rule|Sleep Clause Mod: Limit one foe put to sleep\n|rule|Species Clause: Limit one of each Pok\u00e9mon\n|rule|OHKO Clause: OHKO moves are banned\n|rule|Evasion Items Clause: Evasion items are banned\n|rule|Evasion Moves Clause: Evasion moves are banned\n|rule|Endless Battle Clause: Forcing endless battles is banned\n|rule|HP Percentage Mod: HP is shown in percentages\n|clearpoke\n|poke|p1|Maushold|\n|poke|p1|Rillaboom, F|\n|poke|p1|Great Tusk|\n|poke|p1|Heatran, M|\n|poke|p1|Enamorus, F|\n|poke|p1|Kingambit, F|\n|poke|p2|Iron Jugulis|\n|poke|p2|Ogerpon-Wellspring, F|\n|poke|p2|Tinkaton, F|\n|poke|p2|Iron Moth|\n|poke|p2|Great Tusk|\n|poke|p2|Dragapult, F|\n|teampreview\n|inactive|Battle timer is ON: inactive players will automatically lose when time's up. (requested by luckypants54)\n|inactive|d00m5 also wants the timer to be on.\n|\n|t:|1700552487\n|start\n|switch|p1a: Great Tusk|Great Tusk|100\/100\n|switch|p2a: Iron Moth|Iron Moth|100\/100\n|-enditem|p2a: Iron Moth|Booster Energy\n|-activate|p2a: Iron Moth|ability: Quark Drive|[fromitem]\n|-start|p2a: Iron Moth|quarkdrivespe\n|turn|1\n|\n|t:|1700552501\n|-end|p1a: Great Tusk|Protosynthesis|[silent]\n|switch|p1a: Heatran|Heatran, M|100\/100\n|move|p2a: Iron Moth|Psychic|p1a: Heatran\n|-resisted|p1a: Heatran\n|-damage|p1a: Heatran|90\/100\n|\n|-heal|p1a: Heatran|96\/100|[from] item: Leftovers\n|upkeep\n|turn|2\n|\n|t:|1700552521\n|-end|p2a: Iron Moth|Quark Drive|[silent]\n|switch|p2a: Dragapult|Dragapult, F|100\/100\n|move|p1a: Heatran|Magma Storm|p2a: Dragapult\n|-resisted|p2a: Dragapult\n|-damage|p2a: Dragapult|72\/100\n|-activate|p2a: Dragapult|move: Magma Storm|[of] p1a: Heatran\n|\n|-heal|p1a: Heatran|100\/100|[from] item: Leftovers\n|-damage|p2a: Dragapult|60\/100|[from] move: Magma Storm|[partiallytrapped]\n|upkeep\n|turn|3\n|inactive|d00m5 has 120 seconds left.\n|\n|t:|1700552554\n|switch|p1a: Enamorus|Enamorus, F|100\/100\n|move|p2a: Dragapult|Shadow Ball|p1a: Enamorus\n|-damage|p1a: Enamorus|22\/100\n|\n|-end|p2a: Dragapult|Magma Storm|[partiallytrapped]|[silent]\n|upkeep\n|turn|4\n|inactive|luckypants54 has 120 seconds left.\n|\n|t:|1700552574\n|switch|p2a: Tinkaton|Tinkaton, F|100\/100\n|-item|p2a: Tinkaton|Air Balloon\n|move|p1a: Enamorus|Moonblast|p2a: Tinkaton\n|-resisted|p2a: Tinkaton\n|-damage|p2a: Tinkaton|80\/100\n|-enditem|p2a: Tinkaton|Air Balloon\n|\n|upkeep\n|turn|5\n|\n|t:|1700552584\n|switch|p1a: Great Tusk|Great Tusk|100\/100\n|move|p2a: Tinkaton|Play Rough|p1a: Great Tusk|[miss]\n|-miss|p2a: Tinkaton|p1a: Great Tusk\n|\n|upkeep\n|turn|6\n|\n|t:|1700552592\n|switch|p2a: Iron Jugulis|Iron Jugulis|100\/100\n|-enditem|p2a: Iron Jugulis|Booster Energy\n|-activate|p2a: Iron Jugulis|ability: Quark Drive|[fromitem]\n|-start|p2a: Iron Jugulis|quarkdrivespe\n|move|p1a: Great Tusk|Headlong Rush|p2a: Iron Jugulis\n|-immune|p2a: Iron Jugulis\n|\n|upkeep\n|turn|7\n|\n|t:|1700552606\n|move|p2a: Iron Jugulis|Knock Off|p1a: Great Tusk\n|-resisted|p1a: Great Tusk\n|-damage|p1a: Great Tusk|92\/100\n|-enditem|p1a: Great Tusk|Leftovers|[from] move: Knock Off|[of] p2a: Iron Jugulis\n|move|p1a: Great Tusk|Ice Spinner|p2a: Iron Jugulis\n|-supereffective|p2a: Iron Jugulis\n|-damage|p2a: Iron Jugulis|43\/100\n|\n|upkeep\n|turn|8\n|\n|t:|1700552612\n|move|p2a: Iron Jugulis|Hurricane|p1a: Great Tusk\n|-supereffective|p1a: Great Tusk\n|-damage|p1a: Great Tusk|0 fnt\n|faint|p1a: Great Tusk\n|-end|p1a: Great Tusk|Protosynthesis|[silent]\n|\n|upkeep\n|\n|t:|1700552631\n|switch|p1a: Maushold|Maushold|100\/100\n|turn|9\n|\n|t:|1700552636\n|move|p2a: Iron Jugulis|Taunt|p1a: Maushold\n|-start|p1a: Maushold|move: Taunt\n|cant|p1a: Maushold|move: Taunt|Tidy Up\n|\n|upkeep\n|turn|10\n|\n|t:|1700552643\n|switch|p1a: Enamorus|Enamorus, F|22\/100\n|move|p2a: Iron Jugulis|Knock Off|p1a: Enamorus\n|-resisted|p1a: Enamorus\n|-damage|p1a: Enamorus|0 fnt\n|-enditem|p1a: Enamorus|Choice Scarf|[from] move: Knock Off|[of] p2a: Iron Jugulis\n|faint|p1a: Enamorus\n|\n|upkeep\n|\n|t:|1700552647\n|switch|p1a: Rillaboom|Rillaboom, F|100\/100\n|-fieldstart|move: Grassy Terrain|[from] ability: Grassy Surge|[of] p1a: Rillaboom\n|turn|11\n|\n|t:|1700552652\n|move|p1a: Rillaboom|Grassy Glide|p2a: Iron Jugulis\n|-resisted|p2a: Iron Jugulis\n|-damage|p2a: Iron Jugulis|6\/100\n|move|p2a: Iron Jugulis|Hurricane|p1a: Rillaboom\n|-supereffective|p1a: Rillaboom\n|-damage|p1a: Rillaboom|0 fnt\n|faint|p1a: Rillaboom\n|\n|upkeep\n|\n|t:|1700552659\n|switch|p1a: devindian|Kingambit, F|100\/100\n|-activate|p1a: devindian|ability: Supreme Overlord\n|-start|p1a: devindian|fallen3|[silent]\n|turn|12\n|\n|t:|1700552663\n|move|p2a: Iron Jugulis|Taunt|p1a: devindian\n|-start|p1a: devindian|move: Taunt\n|move|p1a: devindian|Iron Head|p2a: Iron Jugulis\n|-damage|p2a: Iron Jugulis|0 fnt\n|faint|p2a: Iron Jugulis\n|-end|p2a: Iron Jugulis|Quark Drive|[silent]\n|\n|upkeep\n|\n|t:|1700552672\n|switch|p2a: Tinkaton|Tinkaton, F|80\/100\n|turn|13\n|\n|t:|1700552677\n|-end|p1a: devindian|fallen3|[silent]\n|switch|p1a: Heatran|Heatran, M|100\/100\n|move|p2a: Tinkaton|Thunder Wave|p1a: Heatran\n|-status|p1a: Heatran|par\n|\n|-heal|p2a: Tinkaton|86\/100|[from] Grassy Terrain\n|upkeep\n|turn|14\n|\n|t:|1700552692\n|switch|p2a: Ogerpon|Ogerpon-Wellspring, F|100\/100\n|move|p1a: Heatran|Magma Storm|p2a: Ogerpon\n|-damage|p2a: Ogerpon|51\/100\n|-activate|p2a: Ogerpon|move: Magma Storm|[of] p1a: Heatran\n|\n|-heal|p2a: Ogerpon|57\/100|[from] Grassy Terrain\n|-damage|p2a: Ogerpon|44\/100|[from] move: Magma Storm|[partiallytrapped]\n|upkeep\n|turn|15\n|inactive|d00m5 has 120 seconds left.\n|\n|t:|1700552724\n|switch|p1a: devindian|Kingambit, F|100\/100\n|-activate|p1a: devindian|ability: Supreme Overlord\n|-start|p1a: devindian|fallen3|[silent]\n|move|p2a: Ogerpon|Ivy Cudgel|p1a: devindian|[anim] Ivy Cudgel Water\n|-damage|p1a: devindian|54\/100\n|\n|-heal|p2a: Ogerpon|50\/100|[from] Grassy Terrain\n|-heal|p1a: devindian|61\/100|[from] Grassy Terrain\n|-heal|p1a: devindian|67\/100|[from] item: Leftovers\n|-end|p2a: Ogerpon|Magma Storm|[partiallytrapped]|[silent]\n|-fieldend|move: Grassy Terrain\n|upkeep\n|turn|16\n|\n|t:|1700552732\n|move|p2a: Ogerpon|Ivy Cudgel|p1a: devindian|[anim] Ivy Cudgel Water\n|-damage|p1a: devindian|23\/100\n|move|p1a: devindian|Kowtow Cleave|p2a: Ogerpon\n|-crit|p2a: Ogerpon\n|-damage|p2a: Ogerpon|0 fnt\n|faint|p2a: Ogerpon\n|\n|-heal|p1a: devindian|30\/100|[from] item: Leftovers\n|upkeep\n|\n|t:|1700552739\n|switch|p2a: Great Tusk|Great Tusk|100\/100\n|-enditem|p2a: Great Tusk|Booster Energy\n|-activate|p2a: Great Tusk|ability: Protosynthesis|[fromitem]\n|-start|p2a: Great Tusk|protosynthesisspe\n|turn|17\n|\n|t:|1700552751\n|move|p2a: Great Tusk|Bulk Up|p2a: Great Tusk\n|-boost|p2a: Great Tusk|atk|1\n|-boost|p2a: Great Tusk|def|1\n|move|p1a: devindian|Iron Head|p2a: Great Tusk\n|-damage|p2a: Great Tusk|77\/100\n|\n|-heal|p1a: devindian|36\/100|[from] item: Leftovers\n|upkeep\n|turn|18\n|\n|t:|1700552765\n|move|p2a: Great Tusk|Headlong Rush|p1a: devindian\n|-supereffective|p1a: devindian\n|-damage|p1a: devindian|0 fnt\n|-unboost|p2a: Great Tusk|def|1\n|-unboost|p2a: Great Tusk|spd|1\n|faint|p1a: devindian\n|-end|p1a: devindian|fallen3|[silent]\n|\n|upkeep\n|\n|t:|1700552771\n|switch|p1a: Heatran|Heatran, M|100\/100 par\n|turn|19\n|\n|t:|1700552776\n|-terastallize|p1a: Heatran|Grass\n|move|p2a: Great Tusk|Headlong Rush|p1a: Heatran\n|-resisted|p1a: Heatran\n|-damage|p1a: Heatran|67\/100 par\n|-unboost|p2a: Great Tusk|def|1\n|-unboost|p2a: Great Tusk|spd|1\n|cant|p1a: Heatran|par\n|\n|-heal|p1a: Heatran|73\/100 par|[from] item: Leftovers\n|upkeep\n|turn|20\n|\n|t:|1700552786\n|move|p2a: Great Tusk|Ice Spinner|p1a: Heatran\n|-supereffective|p1a: Heatran\n|-damage|p1a: Heatran|16\/100 par\n|move|p1a: Heatran|Magma Storm|p2a: Great Tusk|[miss]\n|-miss|p1a: Heatran|p2a: Great Tusk\n|\n|-heal|p1a: Heatran|23\/100 par|[from] item: Leftovers\n|upkeep\n|turn|21\n|c|\u2606d00m5|Bruh\n|c|\u2606d00m5|Fuck this shit tbh\n|c|\u2606luckypants54|gg bruh\n|c|\u2606d00m5|Ggs\n|-message|d00m5 forfeited.\n|\n|win|luckypants54\n|raw|d00m5's rating: 1407 &rarr; <strong>1381<\/strong><br \/>(-26 for losing)\n|raw|luckypants54's rating: 1305 &rarr; <strong>1331<\/strong><br \/>(+26 for winning)\n","uploadtime":1700552801,"views":8,"p1id":"d00m5","p2id":"luckypants54","formatid":"gen9ou","rating":1331,"private":0,"password":""}