{"id":"gen9ou-1993300480","p1":"snotnosezill","p2":"BltZSioul","format":"[Gen 9] OU","log":"|j|\u2606snotnosezill\n|j|\u2606BltZSioul\n|t:|1700293447\n|gametype|singles\n|player|p1|snotnosezill|2|1247\n|player|p2|BltZSioul|2|1216\n|teamsize|p1|6\n|teamsize|p2|6\n|gen|9\n|tier|[Gen 9] OU\n|rated|\n|rule|Sleep Clause Mod: Limit one foe put to sleep\n|rule|Species Clause: Limit one of each Pok\u00e9mon\n|rule|OHKO Clause: OHKO moves are banned\n|rule|Evasion Items Clause: Evasion items are banned\n|rule|Evasion Moves Clause: Evasion moves are banned\n|rule|Endless Battle Clause: Forcing endless battles is banned\n|rule|HP Percentage Mod: HP is shown in percentages\n|clearpoke\n|poke|p1|Ninetales, F|\n|poke|p1|Skeledirge, M|\n|poke|p1|Heatran, F|\n|poke|p1|Walking Wake|\n|poke|p1|Moltres-Galar|\n|poke|p1|Landorus-Therian, M|\n|poke|p2|Weavile, F|\n|poke|p2|Amoonguss, M|\n|poke|p2|Garganacl, F|\n|poke|p2|Maushold|\n|poke|p2|Kingambit, M|\n|poke|p2|Samurott-Hisui, M|\n|teampreview\n|\n|t:|1700293460\n|start\n|switch|p1a: Landorus|Landorus-Therian, M|100\/100\n|switch|p2a: Samurott|Samurott-Hisui, M, shiny|100\/100\n|-ability|p1a: Landorus|Intimidate|boost\n|-unboost|p2a: Samurott|atk|1\n|turn|1\n|\n|t:|1700293502\n|move|p1a: Landorus|U-turn|p2a: Samurott\n|-supereffective|p2a: Samurott\n|-damage|p2a: Samurott|33\/100\n|\n|t:|1700293518\n|switch|p1a: Walking Wake|Walking Wake|100\/100|[from] U-turn\n|-enditem|p1a: Walking Wake|Booster Energy\n|-activate|p1a: Walking Wake|ability: Protosynthesis|[fromitem]\n|-start|p1a: Walking Wake|protosynthesisspe\n|move|p2a: Samurott|Swords Dance|p2a: Samurott\n|-boost|p2a: Samurott|atk|2\n|\n|upkeep\n|turn|2\n|\n|t:|1700293550\n|move|p1a: Walking Wake|Dragon Pulse|p2a: Samurott\n|-damage|p2a: Samurott|0 fnt\n|faint|p2a: Samurott\n|\n|upkeep\n|\n|t:|1700293561\n|switch|p2a: Amoonguss|Amoonguss, M, shiny|100\/100\n|turn|3\n|\n|t:|1700293593\n|move|p1a: Walking Wake|Substitute|p1a: Walking Wake\n|-start|p1a: Walking Wake|Substitute\n|-damage|p1a: Walking Wake|76\/100\n|move|p2a: Amoonguss|Spore||[still]\n|-fail|p2a: Amoonguss\n|\n|upkeep\n|turn|4\n|\n|t:|1700293603\n|-terastallize|p2a: Amoonguss|Water\n|move|p1a: Walking Wake|Dragon Pulse|p2a: Amoonguss\n|-damage|p2a: Amoonguss|59\/100\n|-enditem|p2a: Amoonguss|Red Card|[of] p1a: Walking Wake\n|-end|p1a: Walking Wake|Protosynthesis|[silent]\n|drag|p1a: Skeledirge|Skeledirge, M|100\/100\n|move|p2a: Amoonguss|Sludge Bomb|p1a: Skeledirge\n|-resisted|p1a: Skeledirge\n|-crit|p1a: Skeledirge\n|-damage|p1a: Skeledirge|75\/100\n|-status|p1a: Skeledirge|psn\n|\n|-damage|p1a: Skeledirge|63\/100 psn|[from] psn\n|upkeep\n|turn|5\n|\n|t:|1700293661\n|move|p1a: Skeledirge|Sing|p2a: Amoonguss|[miss]\n|-miss|p1a: Skeledirge|p2a: Amoonguss\n|-enditem|p1a: Skeledirge|Blunder Policy\n|-boost|p1a: Skeledirge|spe|2\n|move|p2a: Amoonguss|Foul Play|p1a: Skeledirge\n|-supereffective|p1a: Skeledirge\n|-damage|p1a: Skeledirge|38\/100 psn\n|\n|-damage|p1a: Skeledirge|25\/100 psn|[from] psn\n|upkeep\n|turn|6\n|\n|t:|1700293680\n|switch|p2a: Maushold|Maushold|100\/100\n|move|p1a: Skeledirge|Sing|p2a: Maushold\n|-status|p2a: Maushold|slp|[from] move: Sing\n|\n|-damage|p1a: Skeledirge|13\/100 psn|[from] psn\n|upkeep\n|turn|7\n|\n|t:|1700293701\n|move|p1a: Skeledirge|Slack Off|p1a: Skeledirge\n|-heal|p1a: Skeledirge|63\/100 psn\n|cant|p2a: Maushold|slp\n|\n|-damage|p1a: Skeledirge|51\/100 psn|[from] psn\n|upkeep\n|turn|8\n|\n|t:|1700293711\n|move|p1a: Skeledirge|Torch Song|p2a: Maushold\n|-damage|p2a: Maushold|40\/100 slp\n|-boost|p1a: Skeledirge|spa|1\n|-curestatus|p2a: Maushold|slp|[msg]\n|move|p2a: Maushold|Tidy Up|p2a: Maushold\n|-boost|p2a: Maushold|atk|1\n|-boost|p2a: Maushold|spe|1\n|\n|-damage|p1a: Skeledirge|39\/100 psn|[from] psn\n|upkeep\n|turn|9\n|\n|t:|1700293753\n|switch|p1a: Landorus|Landorus-Therian, M|100\/100\n|-ability|p1a: Landorus|Intimidate|boost\n|-unboost|p2a: Maushold|atk|1\n|move|p2a: Maushold|Bite|p1a: Landorus\n|-damage|p1a: Landorus|74\/100\n|\n|upkeep\n|turn|10\n|\n|t:|1700293765\n|move|p2a: Maushold|Encore||[still]\n|-fail|p2a: Maushold\n|move|p1a: Landorus|U-turn|p2a: Maushold\n|-damage|p2a: Maushold|0 fnt\n|faint|p2a: Maushold\n|\n|t:|1700293777\n|switch|p1a: Ninetales|Ninetales, F|100\/100|[from] U-turn\n|-weather|SunnyDay|[from] ability: Drought|[of] p1a: Ninetales\n|\n|-weather|SunnyDay|[upkeep]\n|upkeep\n|\n|t:|1700293783\n|switch|p2a: Garganacl|Garganacl, F|100\/100\n|turn|11\n|inactive|Battle timer is ON: inactive players will automatically lose when time's up. (requested by BltZSioul)\n|inactive|snotnosezill has 120 seconds left.\n|\n|t:|1700293888\n|-terastallize|p1a: Ninetales|Grass\n|move|p1a: Ninetales|Solar Beam||[still]\n|-prepare|p1a: Ninetales|Solar Beam\n|-anim|p1a: Ninetales|Solar Beam|p2a: Garganacl\n|-supereffective|p2a: Garganacl\n|-damage|p2a: Garganacl|54\/100\n|move|p2a: Garganacl|Salt Cure|p1a: Ninetales\n|-damage|p1a: Ninetales|82\/100\n|-start|p1a: Ninetales|Salt Cure\n|\n|-weather|SunnyDay|[upkeep]\n|-heal|p2a: Garganacl|61\/100|[from] item: Leftovers\n|-damage|p1a: Ninetales|70\/100|[from] Salt Cure\n|upkeep\n|turn|12\n|\n|t:|1700293908\n|switch|p1a: Walking Wake|Walking Wake|76\/100\n|-activate|p1a: Walking Wake|ability: Protosynthesis\n|-start|p1a: Walking Wake|protosynthesisspe\n|switch|p2a: Amoonguss|Amoonguss, M, shiny, tera:Water|93\/100\n|\n|-weather|SunnyDay|[upkeep]\n|upkeep\n|turn|13\n|\n|t:|1700293922\n|-end|p1a: Walking Wake|Protosynthesis|[silent]\n|switch|p1a: Skeledirge|Skeledirge, M|39\/100 psn\n|move|p2a: Amoonguss|Sludge Bomb|p1a: Skeledirge\n|-resisted|p1a: Skeledirge\n|-damage|p1a: Skeledirge|22\/100 psn\n|\n|-weather|SunnyDay|[upkeep]\n|-damage|p1a: Skeledirge|10\/100 psn|[from] psn\n|upkeep\n|turn|14\n|\n|t:|1700293934\n|switch|p2a: Garganacl|Garganacl, F|61\/100\n|move|p1a: Skeledirge|Slack Off|p1a: Skeledirge\n|-heal|p1a: Skeledirge|60\/100 psn\n|\n|-weather|SunnyDay|[upkeep]\n|-heal|p2a: Garganacl|67\/100|[from] item: Leftovers\n|-damage|p1a: Skeledirge|47\/100 psn|[from] psn\n|upkeep\n|turn|15\n|\n|t:|1700293962\n|move|p1a: Skeledirge|Earth Power|p2a: Garganacl\n|-supereffective|p2a: Garganacl\n|-damage|p2a: Garganacl|30\/100\n|-unboost|p2a: Garganacl|spd|1\n|move|p2a: Garganacl|Salt Cure|p1a: Skeledirge\n|-supereffective|p1a: Skeledirge\n|-damage|p1a: Skeledirge|23\/100 psn\n|-start|p1a: Skeledirge|Salt Cure\n|\n|-weather|SunnyDay|[upkeep]\n|-heal|p2a: Garganacl|36\/100|[from] item: Leftovers\n|-damage|p1a: Skeledirge|11\/100 psn|[from] psn\n|-damage|p1a: Skeledirge|0 fnt|[from] Salt Cure\n|faint|p1a: Skeledirge\n|upkeep\n|inactive|snotnosezill has 120 seconds left.\n|\n|t:|1700293993\n|switch|p1a: Heatran|Heatran, F|100\/100\n|-item|p1a: Heatran|Air Balloon\n|turn|16\n|\n|t:|1700294003\n|move|p1a: Heatran|Earth Power|p2a: Garganacl\n|-supereffective|p2a: Garganacl\n|-damage|p2a: Garganacl|0 fnt\n|faint|p2a: Garganacl\n|\n|-weather|SunnyDay|[upkeep]\n|upkeep\n|\n|t:|1700294013\n|switch|p2a: Kingambit|Kingambit, M|100\/100\n|-activate|p2a: Kingambit|ability: Supreme Overlord\n|-start|p2a: Kingambit|fallen3|[silent]\n|turn|17\n|\n|t:|1700294027\n|move|p1a: Heatran|Magma Storm|p2a: Kingambit\n|-supereffective|p2a: Kingambit\n|-damage|p2a: Kingambit|0 fnt\n|faint|p2a: Kingambit\n|-end|p2a: Kingambit|fallen3|[silent]\n|\n|-weather|none\n|upkeep\n|-message|BltZSioul forfeited.\n|\n|win|snotnosezill\n|raw|snotnosezill's rating: 1247 &rarr; <strong>1270<\/strong><br \/>(+23 for winning)\n|raw|BltZSioul's rating: 1216 &rarr; <strong>1193<\/strong><br \/>(-23 for losing)\n|l|\u2606BltZSioul\n","uploadtime":1700294048,"views":16,"p1id":"snotnosezill","p2id":"bltzsioul","formatid":"gen9ou","rating":1193,"private":0,"password":""}