{"id":"gen9ou-1991618282","p1":"ndee","p2":"OUZD SussyGambit","format":"[Gen 9] OU","log":"|j|\u2606ndee\n|j|\u2606OUZD SussyGambit\n|t:|1700094838\n|gametype|singles\n|player|p1|ndee|veteran|1124\n|player|p2|OUZD SussyGambit|cameraman|1147\n|teamsize|p1|6\n|teamsize|p2|6\n|gen|9\n|tier|[Gen 9] OU\n|rated|\n|rule|Sleep Clause Mod: Limit one foe put to sleep\n|rule|Species Clause: Limit one of each Pok\u00e9mon\n|rule|OHKO Clause: OHKO moves are banned\n|rule|Evasion Items Clause: Evasion items are banned\n|rule|Evasion Moves Clause: Evasion moves are banned\n|rule|Endless Battle Clause: Forcing endless battles is banned\n|rule|HP Percentage Mod: HP is shown in percentages\n|clearpoke\n|poke|p1|Iron Moth|\n|poke|p1|Kommo-o, M|\n|poke|p1|Ninetales-Alola, M|\n|poke|p1|Hatterene, F|\n|poke|p1|Kingambit, M|\n|poke|p1|Great Tusk|\n|poke|p2|Rillaboom, M|\n|poke|p2|Sneasler, F|\n|poke|p2|Dragapult, F|\n|poke|p2|Samurott-Hisui, F|\n|poke|p2|Corviknight, M|\n|poke|p2|Great Tusk|\n|teampreview\n|inactive|Battle timer is ON: inactive players will automatically lose when time's up. (requested by ndee)\n|\n|t:|1700094863\n|start\n|switch|p1a: Hatterene|Hatterene, F|100\/100\n|switch|p2a: Dragapult|Dragapult, F|100\/100\n|turn|1\n|\n|t:|1700094870\n|move|p2a: Dragapult|U-turn|p1a: Hatterene\n|-damage|p1a: Hatterene|80\/100\n|-enditem|p1a: Hatterene|Kee Berry|[eat]\n|-boost|p1a: Hatterene|def|1|[from] item: Kee Berry\n|\n|t:|1700094876\n|switch|p2a: Sneasler|Sneasler, F|100\/100|[from] U-turn\n|move|p1a: Hatterene|Agility|p1a: Hatterene\n|-boost|p1a: Hatterene|spe|2\n|\n|upkeep\n|turn|2\n|\n|t:|1700094887\n|move|p1a: Hatterene|Calm Mind|p1a: Hatterene\n|-boost|p1a: Hatterene|spa|1\n|-boost|p1a: Hatterene|spd|1\n|move|p2a: Sneasler|Dire Claw|p1a: Hatterene\n|-supereffective|p1a: Hatterene\n|-damage|p1a: Hatterene|16\/100\n|\n|upkeep\n|turn|3\n|\n|t:|1700094894\n|move|p1a: Hatterene|Stored Power|p2a: Sneasler\n|-supereffective|p2a: Sneasler\n|-damage|p2a: Sneasler|0 fnt\n|faint|p2a: Sneasler\n|\n|upkeep\n|\n|t:|1700094897\n|switch|p2a: Samurott|Samurott-Hisui, F|100\/100\n|turn|4\n|\n|t:|1700094900\n|move|p1a: Hatterene|Draining Kiss|p2a: Samurott\n|-supereffective|p2a: Samurott\n|-enditem|p2a: Samurott|Focus Sash\n|-damage|p2a: Samurott|1\/100\n|-heal|p1a: Hatterene|91\/100|[from] drain|[of] p2a: Samurott\n|move|p2a: Samurott|Ceaseless Edge|p1a: Hatterene\n|-damage|p1a: Hatterene|60\/100\n|-sidestart|p1: ndee|Spikes\n|\n|upkeep\n|turn|5\n|\n|t:|1700094912\n|move|p1a: Hatterene|Draining Kiss|p2a: Samurott\n|-supereffective|p2a: Samurott\n|-damage|p2a: Samurott|0 fnt\n|-heal|p1a: Hatterene|61\/100|[from] drain|[of] p2a: Samurott\n|faint|p2a: Samurott\n|\n|upkeep\n|\n|t:|1700094923\n|switch|p2a: Rillaboom|Rillaboom, M|100\/100\n|-fieldstart|move: Grassy Terrain|[from] ability: Grassy Surge|[of] p2a: Rillaboom\n|turn|6\n|\n|t:|1700094928\n|-terastallize|p2a: Rillaboom|Grass\n|move|p2a: Rillaboom|Grassy Glide|p1a: Hatterene\n|-crit|p1a: Hatterene\n|-damage|p1a: Hatterene|0 fnt\n|faint|p1a: Hatterene\n|\n|upkeep\n|c|\u2606OUZD SussyGambit|im sorry\n|\n|t:|1700094937\n|switch|p1a: Ninetales|Ninetales-Alola, M|100\/100\n|-damage|p1a: Ninetales|88\/100|[from] Spikes\n|-weather|Snow|[from] ability: Snow Warning|[of] p1a: Ninetales\n|turn|7\n|\n|t:|1700094946\n|move|p2a: Rillaboom|Grassy Glide|p1a: Ninetales\n|-damage|p1a: Ninetales|33\/100\n|move|p1a: Ninetales|Freeze-Dry|p2a: Rillaboom\n|-supereffective|p2a: Rillaboom\n|-damage|p2a: Rillaboom|49\/100\n|\n|-weather|Snow|[upkeep]\n|-heal|p1a: Ninetales|39\/100|[from] Grassy Terrain\n|-heal|p2a: Rillaboom|55\/100|[from] Grassy Terrain\n|upkeep\n|turn|8\n|\n|t:|1700094956\n|move|p2a: Rillaboom|Grassy Glide|p1a: Ninetales\n|-damage|p1a: Ninetales|0 fnt\n|faint|p1a: Ninetales\n|\n|-weather|Snow|[upkeep]\n|-heal|p2a: Rillaboom|61\/100|[from] Grassy Terrain\n|upkeep\n|\n|t:|1700094962\n|switch|p1a: Great Tusk|Great Tusk|100\/100\n|-damage|p1a: Great Tusk|88\/100|[from] Spikes\n|-enditem|p1a: Great Tusk|Booster Energy\n|-activate|p1a: Great Tusk|ability: Protosynthesis|[fromitem]\n|-start|p1a: Great Tusk|protosynthesisatk\n|turn|9\n|\n|t:|1700094971\n|-terastallize|p1a: Great Tusk|Steel\n|move|p2a: Rillaboom|Grassy Glide|p1a: Great Tusk\n|-resisted|p1a: Great Tusk\n|-damage|p1a: Great Tusk|62\/100\n|move|p1a: Great Tusk|Ice Spinner|p2a: Rillaboom\n|-supereffective|p2a: Rillaboom\n|-damage|p2a: Rillaboom|0 fnt\n|-fieldend|move: Grassy Terrain\n|faint|p2a: Rillaboom\n|\n|-weather|Snow|[upkeep]\n|upkeep\n|\n|t:|1700094976\n|switch|p2a: Dragapult|Dragapult, F|100\/100\n|turn|10\n|\n|t:|1700094982\n|move|p2a: Dragapult|Flamethrower|p1a: Great Tusk\n|-supereffective|p1a: Great Tusk\n|-damage|p1a: Great Tusk|0 fnt\n|faint|p1a: Great Tusk\n|-end|p1a: Great Tusk|Protosynthesis|[silent]\n|\n|-weather|Snow|[upkeep]\n|upkeep\n|\n|t:|1700094987\n|switch|p1a: Kommo-o|Kommo-o, M|100\/100\n|-damage|p1a: Kommo-o|88\/100|[from] Spikes\n|turn|11\n|\n|t:|1700094994\n|move|p2a: Dragapult|Draco Meteor|p1a: Kommo-o\n|-supereffective|p1a: Kommo-o\n|-crit|p1a: Kommo-o\n|-damage|p1a: Kommo-o|0 fnt\n|-unboost|p2a: Dragapult|spa|2\n|faint|p1a: Kommo-o\n|\n|-weather|none\n|upkeep\n|\n|t:|1700095001\n|switch|p1a: Kingambit|Kingambit, M|100\/100\n|-damage|p1a: Kingambit|88\/100|[from] Spikes\n|-activate|p1a: Kingambit|ability: Supreme Overlord\n|-start|p1a: Kingambit|fallen4|[silent]\n|turn|12\n|\n|t:|1700095007\n|move|p1a: Kingambit|Sucker Punch||[still]\n|-fail|p1a: Kingambit\n|move|p2a: Dragapult|Will-O-Wisp|p1a: Kingambit\n|-status|p1a: Kingambit|brn\n|\n|-heal|p1a: Kingambit|94\/100 brn|[from] item: Leftovers\n|-damage|p1a: Kingambit|88\/100 brn|[from] brn\n|upkeep\n|turn|13\n|-message|ndee forfeited.\n|\n|win|OUZD SussyGambit\n|raw|ndee's rating: 1124 &rarr; <strong>1101<\/strong><br \/>(-23 for losing)\n|raw|OUZD SussyGambit's rating: 1147 &rarr; <strong>1170<\/strong><br \/>(+23 for winning)\n|l|\u2606ndee\n|c|\u2606OUZD SussyGambit|gg\n","uploadtime":1700095025,"views":6,"p1id":"ndee","p2id":"ouzdsussygambit","formatid":"gen9ou","rating":1101,"private":0,"password":""}