{"id":"gen9ou-1989075999","p1":"ssaltsorf1","p2":"BugCatcherN8R1X","format":"[Gen 9] OU","log":"|j|\u2606ssaltsorf1\n|j|\u2606BugCatcherN8R1X\n|t:|1699809545\n|gametype|singles\n|player|p1|ssaltsorf1|caitlin|1195\n|player|p2|BugCatcherN8R1X|bugcatcher-gen4dp|1133\n|teamsize|p1|6\n|teamsize|p2|6\n|gen|9\n|tier|[Gen 9] OU\n|rated|\n|rule|Sleep Clause Mod: Limit one foe put to sleep\n|rule|Species Clause: Limit one of each Pok\u00e9mon\n|rule|OHKO Clause: OHKO moves are banned\n|rule|Evasion Items Clause: Evasion items are banned\n|rule|Evasion Moves Clause: Evasion moves are banned\n|rule|Endless Battle Clause: Forcing endless battles is banned\n|rule|HP Percentage Mod: HP is shown in percentages\n|clearpoke\n|poke|p1|Dragapult, M|\n|poke|p1|Ninetales-Alola, F|\n|poke|p1|Gholdengo|\n|poke|p1|Garchomp, F|\n|poke|p1|Kingambit, F|\n|poke|p1|Iron Valiant|\n|poke|p2|Kleavor, M|\n|poke|p2|Lokix, M|\n|poke|p2|Vikavolt, M|\n|poke|p2|Slither Wing|\n|poke|p2|Scizor, M|\n|poke|p2|Ribombee, M|\n|teampreview\n|inactive|Battle timer is ON: inactive players will automatically lose when time's up. (requested by ssaltsorf1)\n|c|\u2606BugCatcherN8R1X|Glhf\n|c|\u2606ssaltsorf1|u2\n|inactive|BugCatcherN8R1X has 120 seconds left.\n|inactive|ssaltsorf1 has 120 seconds left.\n|c|\u2606BugCatcherN8R1X|Go, random bullshit\n|inactive|ssaltsorf1 has 90 seconds left.\n|\n|t:|1699809622\n|start\n|switch|p1a: Garchomp|Garchomp, F|100\/100\n|switch|p2a: Hachiman|Kleavor, M|100\/100\n|turn|1\n|\n|t:|1699809633\n|move|p2a: Hachiman|Stone Axe|p1a: Garchomp\n|-resisted|p1a: Garchomp\n|-damage|p1a: Garchomp|70\/100\n|-damage|p2a: Hachiman|88\/100|[from] ability: Rough Skin|[of] p1a: Garchomp\n|-damage|p2a: Hachiman|72\/100|[from] item: Rocky Helmet|[of] p1a: Garchomp\n|-sidestart|p1: ssaltsorf1|move: Stealth Rock\n|move|p1a: Garchomp|Earthquake|p2a: Hachiman\n|-damage|p2a: Hachiman|3\/100\n|\n|upkeep\n|turn|2\n|\n|t:|1699809640\n|switch|p2a: Thor|Vikavolt, M|100\/100\n|move|p1a: Garchomp|Stealth Rock|p2a: Thor\n|-sidestart|p2: BugCatcherN8R1X|move: Stealth Rock\n|\n|upkeep\n|turn|3\n|\n|t:|1699809645\n|move|p1a: Garchomp|Spikes|p2a: Thor\n|-sidestart|p2: BugCatcherN8R1X|Spikes\n|move|p2a: Thor|Agility|p2a: Thor\n|-boost|p2a: Thor|spe|2\n|\n|upkeep\n|turn|4\n|\n|t:|1699809649\n|move|p2a: Thor|Bug Buzz|p1a: Garchomp\n|-damage|p1a: Garchomp|15\/100\n|-enditem|p2a: Thor|Throat Spray\n|-boost|p2a: Thor|spa|1|[from] item: Throat Spray\n|move|p1a: Garchomp|Spikes|p2a: Thor\n|-sidestart|p2: BugCatcherN8R1X|Spikes\n|\n|upkeep\n|turn|5\n|\n|t:|1699809656\n|move|p2a: Thor|Bug Buzz|p1a: Garchomp\n|-damage|p1a: Garchomp|0 fnt\n|faint|p1a: Garchomp\n|\n|upkeep\n|\n|t:|1699809670\n|switch|p1a: Ninetales|Ninetales-Alola, F, shiny|100\/100\n|-damage|p1a: Ninetales|76\/100|[from] Stealth Rock\n|-weather|Snow|[from] ability: Snow Warning|[of] p1a: Ninetales\n|turn|6\n|\n|t:|1699809679\n|move|p2a: Thor|Thunderbolt|p1a: Ninetales\n|-damage|p1a: Ninetales|0 fnt\n|faint|p1a: Ninetales\n|\n|-weather|Snow|[upkeep]\n|upkeep\n|\n|t:|1699809686\n|switch|p1a: Gholdengo|Gholdengo|100\/100\n|-damage|p1a: Gholdengo|94\/100|[from] Stealth Rock\n|turn|7\n|\n|t:|1699809702\n|move|p2a: Thor|Thunderbolt|p1a: Gholdengo\n|-damage|p1a: Gholdengo|2\/100\n|-status|p1a: Gholdengo|par\n|move|p1a: Gholdengo|Make It Rain|p2a: Thor\n|-resisted|p2a: Thor\n|-damage|p2a: Thor|53\/100\n|-unboost|p1a: Gholdengo|spa|1\n|\n|-weather|Snow|[upkeep]\n|-heal|p1a: Gholdengo|8\/100 par|[from] item: Leftovers\n|upkeep\n|turn|8\n|-message|ssaltsorf1 forfeited.\n|\n|win|BugCatcherN8R1X\n|raw|ssaltsorf1's rating: 1195 &rarr; <strong>1166<\/strong><br \/>(-29 for losing)\n|raw|BugCatcherN8R1X's rating: 1133 &rarr; <strong>1162<\/strong><br \/>(+29 for winning)\n|l|\u2606ssaltsorf1\n","uploadtime":1699809722,"views":9,"p1id":"ssaltsorf1","p2id":"bugcatchern8r1x","formatid":"gen9ou","rating":1162,"private":0,"password":""}