{"id":"gen9ou-1991082565","p1":"Skaraptor2.1","p2":"wooper junior","format":"[Gen 9] OU","log":"|j|\u2606Skaraptor2.1\n|j|\u2606wooper junior\n|t:|1700040077\n|gametype|singles\n|player|p1|Skaraptor2.1|bodybuilderf-gen9|1253\n|player|p2|wooper junior|harlequin|1189\n|teamsize|p1|6\n|teamsize|p2|6\n|gen|9\n|tier|[Gen 9] OU\n|rated|\n|rule|Sleep Clause Mod: Limit one foe put to sleep\n|rule|Species Clause: Limit one of each Pok\u00e9mon\n|rule|OHKO Clause: OHKO moves are banned\n|rule|Evasion Items Clause: Evasion items are banned\n|rule|Evasion Moves Clause: Evasion moves are banned\n|rule|Endless Battle Clause: Forcing endless battles is banned\n|rule|HP Percentage Mod: HP is shown in percentages\n|clearpoke\n|poke|p1|Ribombee, M|\n|poke|p1|Ogerpon-Wellspring, F|\n|poke|p1|Cyclizar, F|\n|poke|p1|Zamazenta-*|\n|poke|p1|Iron Valiant|\n|poke|p1|Kingambit, F|\n|poke|p2|Haxorus, M|\n|poke|p2|Iron Moth|\n|poke|p2|Espeon, F|\n|poke|p2|Quaquaval, M|\n|poke|p2|Ting-Lu|\n|poke|p2|Thundurus-Therian, M|\n|teampreview\n|inactive|Battle timer is ON: inactive players will automatically lose when time's up. (requested by Skaraptor2.1)\n|l|\u2606Skaraptor2.1\n|inactive|Skaraptor2.1 disconnected and has a minute to reconnect!\n|player|p1|\n|j|\u2606Skaraptor2.1\n|inactive|Skaraptor2.1 reconnected.\n|player|p1|Skaraptor2.1|bodybuilderf-gen9\n|inactive|wooper junior has 120 seconds left.\n|\n|t:|1700040119\n|start\n|switch|p1a: Twink|Ribombee, M|100\/100\n|switch|p2a: Ting-Lu|Ting-Lu|100\/100\n|-ability|p2a: Ting-Lu|Vessel of Ruin\n|turn|1\n|\n|t:|1700040126\n|switch|p2a: Espeon|Espeon, F|100\/100\n|move|p1a: Twink|Skill Swap|p2a: Espeon\n|-activate|p1a: Twink|move: Skill Swap|Magic Bounce|Shield Dust|[of] p2a: Espeon\n|\n|upkeep\n|turn|2\n|\n|t:|1700040141\n|switch|p2a: Ting-Lu|Ting-Lu|100\/100\n|-ability|p2a: Ting-Lu|Vessel of Ruin\n|move|p1a: Twink|Sticky Web|p2a: Ting-Lu\n|-sidestart|p2: wooper junior|move: Sticky Web\n|\n|upkeep\n|turn|3\n|\n|t:|1700040151\n|move|p1a: Twink|Moonblast|p2a: Ting-Lu\n|-supereffective|p2a: Ting-Lu\n|-damage|p2a: Ting-Lu|64\/100\n|move|p2a: Ting-Lu|Stealth Rock|p1a: Twink\n|move|p1a: Twink|Stealth Rock|p2a: Ting-Lu|[from]ability: Magic Bounce\n|-sidestart|p2: wooper junior|move: Stealth Rock\n|\n|-heal|p2a: Ting-Lu|70\/100|[from] item: Leftovers\n|upkeep\n|turn|4\n|\n|t:|1700040160\n|move|p1a: Twink|Moonblast|p2a: Ting-Lu\n|-supereffective|p2a: Ting-Lu\n|-damage|p2a: Ting-Lu|32\/100\n|-unboost|p2a: Ting-Lu|spa|1\n|move|p2a: Ting-Lu|Whirlwind|p1a: Twink\n|move|p1a: Twink|Whirlwind|p2a: Ting-Lu|[from]ability: Magic Bounce\n|drag|p2a: Haxorus|Haxorus, M, shiny|100\/100\n|-activate|p2a: Haxorus|move: Sticky Web\n|-unboost|p2a: Haxorus|spe|1\n|-damage|p2a: Haxorus|88\/100|[from] Stealth Rock\n|-ability|p2a: Haxorus|Mold Breaker\n|\n|upkeep\n|turn|5\n|\n|t:|1700040184\n|switch|p2a: Ting-Lu|Ting-Lu|32\/100\n|-activate|p2a: Ting-Lu|move: Sticky Web\n|-unboost|p2a: Ting-Lu|spe|1\n|-damage|p2a: Ting-Lu|25\/100|[from] Stealth Rock\n|-ability|p2a: Ting-Lu|Vessel of Ruin\n|move|p1a: Twink|Stun Spore|p2a: Ting-Lu\n|-status|p2a: Ting-Lu|par\n|\n|-heal|p2a: Ting-Lu|32\/100 par|[from] item: Leftovers\n|upkeep\n|turn|6\n|c|\u2606Skaraptor2.1|Magic Bounce should be called \"taste of your own medicine\"\n|\n|t:|1700040195\n|move|p1a: Twink|Moonblast|p2a: Ting-Lu\n|-supereffective|p2a: Ting-Lu\n|-damage|p2a: Ting-Lu|0 fnt\n|faint|p2a: Ting-Lu\n|\n|upkeep\n|\n|t:|1700040201\n|switch|p2a: Quaquaval|Quaquaval, M|100\/100\n|turn|7\n|c|\u2606wooper junior|fr\n|\n|t:|1700040209\n|move|p1a: Twink|Moonblast|p2a: Quaquaval\n|-supereffective|p2a: Quaquaval\n|-damage|p2a: Quaquaval|12\/100\n|-unboost|p2a: Quaquaval|spa|1\n|move|p2a: Quaquaval|Rapid Spin|p1a: Twink\n|-damage|p1a: Twink|76\/100\n|-boost|p2a: Quaquaval|spe|1\n|-sideend|p2: wooper junior|Stealth Rock|[from] move: Rapid Spin|[of] p2a: Quaquaval\n|-sideend|p2: wooper junior|Sticky Web|[from] move: Rapid Spin|[of] p2a: Quaquaval\n|\n|upkeep\n|turn|8\n|\n|t:|1700040219\n|switch|p1a: Transfem|Ogerpon-Wellspring, F|100\/100\n|move|p2a: Quaquaval|Aqua Step|p1a: Transfem\n|-immune|p1a: Transfem|[from] ability: Water Absorb\n|\n|upkeep\n|turn|9\n|\n|t:|1700040225\n|move|p2a: Quaquaval|Brave Bird|p1a: Transfem\n|-supereffective|p1a: Transfem\n|-damage|p1a: Transfem|0 fnt\n|faint|p1a: Transfem\n|-ability|p2a: Quaquaval|Moxie|boost\n|-boost|p2a: Quaquaval|atk|1\n|-damage|p2a: Quaquaval|0 fnt|[from] Recoil\n|faint|p2a: Quaquaval\n|\n|upkeep\n|\n|t:|1700040238\n|switch|p1a: Wheelie|Cyclizar, F|100\/100\n|switch|p2a: Iron Moth|Iron Moth|100\/100\n|-enditem|p2a: Iron Moth|Booster Energy\n|-activate|p2a: Iron Moth|ability: Quark Drive|[fromitem]\n|-start|p2a: Iron Moth|quarkdrivespe\n|turn|10\n|\n|t:|1700040247\n|switch|p1a: Twink|Ribombee, M|76\/100\n|move|p2a: Iron Moth|Sludge Wave|p1a: Twink\n|-supereffective|p1a: Twink\n|-damage|p1a: Twink|0 fnt\n|faint|p1a: Twink\n|\n|upkeep\n|\n|t:|1700040249\n|switch|p1a: Bigender|Iron Valiant|100\/100\n|-enditem|p1a: Bigender|Booster Energy\n|-activate|p1a: Bigender|ability: Quark Drive|[fromitem]\n|-start|p1a: Bigender|quarkdrivespe\n|turn|11\n|\n|t:|1700040258\n|move|p1a: Bigender|Destiny Bond|p1a: Bigender\n|-singlemove|p1a: Bigender|Destiny Bond\n|move|p2a: Iron Moth|Sludge Wave|p1a: Bigender\n|-supereffective|p1a: Bigender\n|-damage|p1a: Bigender|0 fnt\n|faint|p1a: Bigender\n|-activate|p1a: Bigender|move: Destiny Bond\n|-end|p1a: Bigender|Quark Drive|[silent]\n|faint|p2a: Iron Moth\n|-end|p2a: Iron Moth|Quark Drive|[silent]\n|\n|upkeep\n|\n|t:|1700040267\n|switch|p1a: Wheelie|Cyclizar, F|100\/100\n|switch|p2a: Haxorus|Haxorus, M, shiny|88\/100\n|-ability|p2a: Haxorus|Mold Breaker\n|turn|12\n|\n|t:|1700040273\n|-terastallize|p2a: Haxorus|Poison\n|move|p1a: Wheelie|Knock Off|p2a: Haxorus\n|-damage|p2a: Haxorus|55\/100\n|-enditem|p2a: Haxorus|Life Orb|[from] move: Knock Off|[of] p1a: Wheelie\n|move|p2a: Haxorus|Dragon Dance|p2a: Haxorus\n|-boost|p2a: Haxorus|atk|1\n|-boost|p2a: Haxorus|spe|1\n|\n|upkeep\n|turn|13\n|\n|t:|1700040285\n|move|p1a: Wheelie|Quick Attack|p2a: Haxorus\n|-crit|p2a: Haxorus\n|-damage|p2a: Haxorus|24\/100\n|move|p2a: Haxorus|Dragon Dance|p2a: Haxorus\n|-boost|p2a: Haxorus|atk|1\n|-boost|p2a: Haxorus|spe|1\n|\n|upkeep\n|turn|14\n|\n|t:|1700040292\n|move|p1a: Wheelie|Quick Attack|p2a: Haxorus\n|-damage|p2a: Haxorus|4\/100\n|move|p2a: Haxorus|Dragon Claw|p1a: Wheelie\n|-supereffective|p1a: Wheelie\n|-damage|p1a: Wheelie|0 fnt\n|faint|p1a: Wheelie\n|\n|upkeep\n|\n|t:|1700040297\n|switch|p1a: Defender of Trans|Zamazenta, shiny|100\/100\n|-ability|p1a: Defender of Trans|Dauntless Shield|boost\n|-boost|p1a: Defender of Trans|def|1\n|turn|15\n|\n|t:|1700040303\n|move|p2a: Haxorus|Dragon Claw|p1a: Defender of Trans\n|-damage|p1a: Defender of Trans|55\/100\n|move|p1a: Defender of Trans|Iron Defense|p1a: Defender of Trans\n|-boost|p1a: Defender of Trans|def|2\n|\n|-heal|p1a: Defender of Trans|61\/100|[from] item: Leftovers\n|upkeep\n|turn|16\n|\n|t:|1700040311\n|move|p2a: Haxorus|Dragon Claw|p1a: Defender of Trans\n|-damage|p1a: Defender of Trans|35\/100\n|move|p1a: Defender of Trans|Body Press|p2a: Haxorus\n|-resisted|p2a: Haxorus\n|-damage|p2a: Haxorus|0 fnt\n|faint|p2a: Haxorus\n|\n|-heal|p1a: Defender of Trans|41\/100|[from] item: Leftovers\n|upkeep\n|\n|t:|1700040320\n|switch|p2a: Thundurus|Thundurus-Therian, M|100\/100\n|turn|17\n|\n|t:|1700040322\n|move|p2a: Thundurus|Thunderbolt|p1a: Defender of Trans\n|-damage|p1a: Defender of Trans|0 fnt\n|faint|p1a: Defender of Trans\n|\n|upkeep\n|\n|t:|1700040325\n|switch|p1a: Queengambit|Kingambit, F|100\/100\n|-activate|p1a: Queengambit|ability: Supreme Overlord\n|-start|p1a: Queengambit|fallen5|[silent]\n|turn|18\n|\n|t:|1700040331\n|move|p2a: Thundurus|Thunderbolt|p1a: Queengambit\n|-damage|p1a: Queengambit|48\/100\n|move|p1a: Queengambit|Swords Dance|p1a: Queengambit\n|-boost|p1a: Queengambit|atk|2\n|\n|-heal|p1a: Queengambit|54\/100|[from] item: Leftovers\n|upkeep\n|turn|19\n|\n|t:|1700040339\n|switch|p2a: Espeon|Espeon, F|100\/100\n|move|p1a: Queengambit|Iron Head|p2a: Espeon\n|-enditem|p2a: Espeon|Focus Sash\n|-damage|p2a: Espeon|1\/100\n|\n|-heal|p1a: Queengambit|61\/100|[from] item: Leftovers\n|upkeep\n|turn|20\n|\n|t:|1700040349\n|move|p1a: Queengambit|Sucker Punch||[still]\n|-fail|p1a: Queengambit\n|move|p2a: Espeon|Calm Mind|p2a: Espeon\n|-boost|p2a: Espeon|spa|1\n|-boost|p2a: Espeon|spd|1\n|\n|-heal|p1a: Queengambit|67\/100|[from] item: Leftovers\n|upkeep\n|turn|21\n|\n|t:|1700040359\n|move|p2a: Espeon|Calm Mind|p2a: Espeon\n|-boost|p2a: Espeon|spa|1\n|-boost|p2a: Espeon|spd|1\n|move|p1a: Queengambit|Iron Head|p2a: Espeon\n|-damage|p2a: Espeon|0 fnt\n|faint|p2a: Espeon\n|\n|-heal|p1a: Queengambit|73\/100|[from] item: Leftovers\n|upkeep\n|\n|t:|1700040362\n|switch|p2a: Thundurus|Thundurus-Therian, M|100\/100\n|turn|22\n|\n|t:|1700040365\n|move|p2a: Thundurus|Thunderbolt|p1a: Queengambit\n|-damage|p1a: Queengambit|20\/100\n|move|p1a: Queengambit|Iron Head|p2a: Thundurus\n|-resisted|p2a: Thundurus\n|-damage|p2a: Thundurus|0 fnt\n|faint|p2a: Thundurus\n|\n|win|Skaraptor2.1\n|raw|Skaraptor2.1's rating: 1253 &rarr; <strong>1273<\/strong><br \/>(+20 for winning)\n|raw|wooper junior's rating: 1189 &rarr; <strong>1169<\/strong><br \/>(-20 for losing)\n|l|\u2606Skaraptor2.1\n|c|\u2606wooper junior|gg\n|l|\u2606wooper junior\n|j|\u2606Skaraptor2.1\n|player|p1|Skaraptor2.1|bodybuilderf-gen9\n","uploadtime":1700040368,"views":20,"p1id":"skaraptor21","p2id":"wooperjunior","formatid":"gen9ou","rating":1169,"private":0,"password":""}