{"id":"gen9ou-1993055303","p1":"SnazzyLotus","p2":"HyperDood","format":"[Gen 9] OU","log":"|j|\u2606SnazzyLotus\n|j|\u2606HyperDood\n|t:|1700259779\n|gametype|singles\n|player|p1|SnazzyLotus|ghetsis|\n|player|p2|HyperDood|zinnia|\n|teamsize|p1|6\n|teamsize|p2|6\n|gen|9\n|tier|[Gen 9] OU\n|rule|Sleep Clause Mod: Limit one foe put to sleep\n|rule|Species Clause: Limit one of each Pok\u00e9mon\n|rule|OHKO Clause: OHKO moves are banned\n|rule|Evasion Items Clause: Evasion items are banned\n|rule|Evasion Moves Clause: Evasion moves are banned\n|rule|Endless Battle Clause: Forcing endless battles is banned\n|rule|HP Percentage Mod: HP is shown in percentages\n|clearpoke\n|poke|p1|Ogerpon-Wellspring, F|\n|poke|p1|Dragapult, M|\n|poke|p1|Iron Moth|\n|poke|p1|Great Tusk|\n|poke|p1|Kingambit, F|\n|poke|p1|Gholdengo|\n|poke|p2|Toxapex, M|\n|poke|p2|Dondozo, M|\n|poke|p2|Skeledirge, M|\n|poke|p2|Clodsire, F|\n|poke|p2|Kingambit, F|\n|poke|p2|Hatterene, F|\n|teampreview\n|\n|t:|1700259785\n|start\n|switch|p1a: Ogerpon|Ogerpon-Wellspring, F|100\/100\n|switch|p2a: Dondozo|Dondozo, M|100\/100\n|turn|1\n|\n|t:|1700259790\n|move|p1a: Ogerpon|Horn Leech|p2a: Dondozo\n|-supereffective|p2a: Dondozo\n|-damage|p2a: Dondozo|62\/100\n|move|p2a: Dondozo|Curse|p2a: Dondozo\n|-unboost|p2a: Dondozo|spe|1\n|-boost|p2a: Dondozo|atk|1\n|-boost|p2a: Dondozo|def|1\n|\n|upkeep\n|turn|2\n|\n|t:|1700259798\n|move|p1a: Ogerpon|Horn Leech|p2a: Dondozo\n|-supereffective|p2a: Dondozo\n|-damage|p2a: Dondozo|37\/100\n|move|p2a: Dondozo|Curse|p2a: Dondozo\n|-unboost|p2a: Dondozo|spe|1\n|-boost|p2a: Dondozo|atk|1\n|-boost|p2a: Dondozo|def|1\n|\n|upkeep\n|turn|3\n|\n|t:|1700259807\n|move|p1a: Ogerpon|Horn Leech|p2a: Dondozo\n|-supereffective|p2a: Dondozo\n|-damage|p2a: Dondozo|19\/100\n|move|p2a: Dondozo|Rest|p2a: Dondozo\n|-status|p2a: Dondozo|slp|[from] move: Rest\n|-heal|p2a: Dondozo|100\/100 slp|[silent]\n|\n|upkeep\n|turn|4\n|\n|t:|1700259817\n|move|p1a: Ogerpon|Horn Leech|p2a: Dondozo\n|-supereffective|p2a: Dondozo\n|-damage|p2a: Dondozo|82\/100 slp\n|cant|p2a: Dondozo|slp\n|move|p2a: Dondozo|Sleep Talk|p2a: Dondozo\n|move|p2a: Dondozo|Rest||[from]move: Sleep Talk|[still]\n|-fail|p2a: Dondozo\n|\n|upkeep\n|turn|5\n|\n|t:|1700259827\n|switch|p1a: Dragapult|Dragapult, M, shiny|100\/100\n|cant|p2a: Dondozo|slp\n|move|p2a: Dondozo|Sleep Talk|p2a: Dondozo\n|move|p2a: Dondozo|Body Press|p1a: Dragapult|[from]move: Sleep Talk\n|-immune|p1a: Dragapult\n|\n|upkeep\n|turn|6\n|\n|t:|1700259842\n|switch|p2a: Clodsire|Clodsire, F|100\/100\n|move|p1a: Dragapult|Dragon Darts|p2a: Clodsire\n|-damage|p2a: Clodsire|82\/100\n|-anim|p1a: Dragapult|Dragon Darts|p2a: Clodsire\n|-damage|p2a: Clodsire|66\/100\n|\n|upkeep\n|turn|7\n|\n|t:|1700259850\n|move|p1a: Dragapult|Will-O-Wisp|p2a: Clodsire\n|-status|p2a: Clodsire|brn\n|move|p2a: Clodsire|Yawn|p1a: Dragapult\n|-start|p1a: Dragapult|move: Yawn|[of] p2a: Clodsire\n|\n|-damage|p2a: Clodsire|59\/100 brn|[from] brn\n|upkeep\n|turn|8\n|\n|t:|1700259858\n|move|p1a: Dragapult|Substitute|p1a: Dragapult\n|-start|p1a: Dragapult|Substitute\n|-damage|p1a: Dragapult|76\/100\n|move|p2a: Clodsire|Toxic Spikes|p1a: Dragapult\n|-sidestart|p1: SnazzyLotus|move: Toxic Spikes\n|\n|-heal|p1a: Dragapult|82\/100|[from] item: Leftovers\n|-damage|p2a: Clodsire|53\/100 brn|[from] brn\n|-end|p1a: Dragapult|move: Yawn|[silent]\n|-status|p1a: Dragapult|slp\n|upkeep\n|turn|9\n|\n|t:|1700259868\n|cant|p1a: Dragapult|slp\n|move|p2a: Clodsire|Toxic Spikes|p1a: Dragapult\n|-sidestart|p1: SnazzyLotus|move: Toxic Spikes\n|\n|-heal|p1a: Dragapult|88\/100 slp|[from] item: Leftovers\n|-damage|p2a: Clodsire|47\/100 brn|[from] brn\n|upkeep\n|turn|10\n|\n|t:|1700259874\n|switch|p2a: Skeledirge|Skeledirge, M|100\/100\n|cant|p1a: Dragapult|slp\n|\n|-heal|p1a: Dragapult|94\/100 slp|[from] item: Leftovers\n|upkeep\n|turn|11\n|\n|t:|1700259879\n|cant|p1a: Dragapult|slp\n|move|p2a: Skeledirge|Earth Power|p1a: Dragapult\n|-end|p1a: Dragapult|Substitute\n|\n|-heal|p1a: Dragapult|99\/100 slp|[from] item: Leftovers\n|upkeep\n|turn|12\n|\n|t:|1700259897\n|switch|p1a: Ogerpon|Ogerpon-Wellspring, F|100\/100\n|-status|p1a: Ogerpon|tox\n|move|p2a: Skeledirge|Torch Song|p1a: Ogerpon\n|-damage|p1a: Ogerpon|66\/100 tox\n|-boost|p2a: Skeledirge|spa|1\n|\n|-damage|p1a: Ogerpon|60\/100 tox|[from] psn\n|upkeep\n|turn|13\n|\n|t:|1700259906\n|switch|p2a: Toxapex|Toxapex, M|100\/100\n|move|p1a: Ogerpon|Ivy Cudgel|p2a: Toxapex|[anim] Ivy Cudgel Water\n|-resisted|p2a: Toxapex\n|-damage|p2a: Toxapex|81\/100\n|\n|-heal|p2a: Toxapex|87\/100|[from] item: Black Sludge\n|-damage|p1a: Ogerpon|48\/100 tox|[from] psn\n|upkeep\n|turn|14\n|\n|t:|1700259920\n|move|p1a: Ogerpon|Horn Leech|p2a: Toxapex\n|-damage|p2a: Toxapex|55\/100\n|-heal|p1a: Ogerpon|64\/100 tox|[from] drain|[of] p2a: Toxapex\n|move|p2a: Toxapex|Recover|p2a: Toxapex\n|-heal|p2a: Toxapex|100\/100\n|\n|-damage|p1a: Ogerpon|46\/100 tox|[from] psn\n|upkeep\n|turn|15\n|\n|t:|1700259941\n|switch|p2a: Skeledirge|Skeledirge, M|100\/100\n|move|p1a: Ogerpon|Horn Leech|p2a: Skeledirge\n|-resisted|p2a: Skeledirge\n|-damage|p2a: Skeledirge|84\/100\n|-heal|p1a: Ogerpon|57\/100 tox|[from] drain|[of] p2a: Skeledirge\n|\n|-damage|p1a: Ogerpon|33\/100 tox|[from] psn\n|upkeep\n|turn|16\n|\n|t:|1700259951\n|switch|p2a: Toxapex|Toxapex, M|100\/100\n|move|p1a: Ogerpon|Ivy Cudgel|p2a: Toxapex|[anim] Ivy Cudgel Water\n|-resisted|p2a: Toxapex\n|-damage|p2a: Toxapex|79\/100\n|\n|-heal|p2a: Toxapex|85\/100|[from] item: Black Sludge\n|-damage|p1a: Ogerpon|3\/100 tox|[from] psn\n|upkeep\n|turn|17\n|\n|t:|1700259962\n|move|p1a: Ogerpon|Horn Leech|p2a: Toxapex\n|-damage|p2a: Toxapex|50\/100\n|-heal|p1a: Ogerpon|20\/100 tox|[from] drain|[of] p2a: Toxapex\n|move|p2a: Toxapex|Recover|p2a: Toxapex\n|-heal|p2a: Toxapex|100\/100\n|\n|-damage|p1a: Ogerpon|0 fnt|[from] psn\n|faint|p1a: Ogerpon\n|upkeep\n|\n|t:|1700259971\n|switch|p1a: Dragapult|Dragapult, M, shiny|99\/100 slp\n|turn|18\n|\n|t:|1700259980\n|switch|p2a: Skeledirge|Skeledirge, M|84\/100\n|-curestatus|p1a: Dragapult|slp|[msg]\n|move|p1a: Dragapult|Hex|p2a: Skeledirge\n|-supereffective|p2a: Skeledirge\n|-damage|p2a: Skeledirge|42\/100\n|\n|-heal|p1a: Dragapult|100\/100|[from] item: Leftovers\n|upkeep\n|turn|19\n|\n|t:|1700259990\n|switch|p2a: Hatterene|Hatterene, F|100\/100\n|move|p1a: Dragapult|Hex|p2a: Hatterene\n|-supereffective|p2a: Hatterene\n|-damage|p2a: Hatterene|47\/100\n|\n|upkeep\n|turn|20\n|\n|t:|1700259999\n|-terastallize|p2a: Hatterene|Steel\n|move|p1a: Dragapult|Hex|p2a: Hatterene\n|-crit|p2a: Hatterene\n|-damage|p2a: Hatterene|7\/100\n|move|p2a: Hatterene|Calm Mind|p2a: Hatterene\n|-boost|p2a: Hatterene|spa|1\n|-boost|p2a: Hatterene|spd|1\n|\n|upkeep\n|turn|21\n|\n|t:|1700260007\n|move|p1a: Dragapult|Dragon Darts|p2a: Hatterene\n|-resisted|p2a: Hatterene\n|-damage|p2a: Hatterene|0 fnt\n|faint|p2a: Hatterene\n|\n|upkeep\n|c|\u2606HyperDood|Oh my god this is the worst team imaginable\n|c|\u2606SnazzyLotus|Hurry up jit\n|\n|t:|1700260038\n|switch|p2a: Toxapex|Toxapex, M|100\/100\n|turn|22\n|\n|t:|1700260043\n|move|p1a: Dragapult|Hex|p2a: Toxapex\n|-damage|p2a: Toxapex|80\/100\n|move|p2a: Toxapex|Toxic|p1a: Dragapult\n|-status|p1a: Dragapult|tox\n|\n|-heal|p2a: Toxapex|87\/100|[from] item: Black Sludge\n|-damage|p1a: Dragapult|95\/100 tox|[from] psn\n|upkeep\n|turn|23\n|\n|t:|1700260057\n|switch|p1a: Great Tusk|Great Tusk|100\/100\n|-status|p1a: Great Tusk|tox\n|move|p2a: Toxapex|Recover|p2a: Toxapex\n|-heal|p2a: Toxapex|100\/100\n|\n|-damage|p1a: Great Tusk|94\/100 tox|[from] psn\n|upkeep\n|turn|24\n|\n|t:|1700260066\n|switch|p2a: Dondozo|Dondozo, M|82\/100 slp\n|move|p1a: Great Tusk|Knock Off|p2a: Dondozo\n|-damage|p2a: Dondozo|69\/100 slp\n|-enditem|p2a: Dondozo|Heavy-Duty Boots|[from] move: Knock Off|[of] p1a: Great Tusk\n|\n|-heal|p1a: Great Tusk|100\/100 tox|[from] item: Leftovers\n|-damage|p1a: Great Tusk|88\/100 tox|[from] psn\n|upkeep\n|turn|25\n|\n|t:|1700260075\n|move|p1a: Great Tusk|Earthquake|p2a: Dondozo\n|-damage|p2a: Dondozo|48\/100 slp\n|-curestatus|p2a: Dondozo|slp|[msg]\n|move|p2a: Dondozo|Sleep Talk||[still]\n|-fail|p2a: Dondozo\n|\n|-heal|p1a: Great Tusk|94\/100 tox|[from] item: Leftovers\n|-damage|p1a: Great Tusk|76\/100 tox|[from] psn\n|upkeep\n|turn|26\n|\n|t:|1700260085\n|-end|p1a: Great Tusk|Protosynthesis|[silent]\n|switch|p1a: Gholdengo|Gholdengo|100\/100\n|move|p2a: Dondozo|Rest|p2a: Dondozo\n|-status|p2a: Dondozo|slp|[from] move: Rest\n|-heal|p2a: Dondozo|100\/100 slp|[silent]\n|\n|upkeep\n|turn|27\n|\n|t:|1700260094\n|move|p1a: Gholdengo|Thunder Wave||[still]\n|-fail|p1a: Gholdengo\n|cant|p2a: Dondozo|slp\n|move|p2a: Dondozo|Sleep Talk|p2a: Dondozo\n|move|p2a: Dondozo|Rest||[from]move: Sleep Talk|[still]\n|-fail|p2a: Dondozo\n|\n|upkeep\n|turn|28\n|\n|t:|1700260101\n|switch|p2a: Clodsire|Clodsire, F|47\/100 brn\n|move|p1a: Gholdengo|Nasty Plot|p1a: Gholdengo\n|-boost|p1a: Gholdengo|spa|2\n|\n|-damage|p2a: Clodsire|41\/100 brn|[from] brn\n|upkeep\n|turn|29\n|\n|t:|1700260108\n|move|p1a: Gholdengo|Hex|p2a: Clodsire\n|-damage|p2a: Clodsire|0 fnt\n|faint|p2a: Clodsire\n|\n|upkeep\n|\n|t:|1700260117\n|switch|p2a: Skeledirge|Skeledirge, M|42\/100\n|turn|30\n|\n|t:|1700260122\n|move|p1a: Gholdengo|Hex|p2a: Skeledirge\n|-supereffective|p2a: Skeledirge\n|-damage|p2a: Skeledirge|0 fnt\n|faint|p2a: Skeledirge\n|\n|upkeep\n|\n|t:|1700260130\n|switch|p2a: Kingambit|Kingambit, F|100\/100\n|-activate|p2a: Kingambit|ability: Supreme Overlord\n|-start|p2a: Kingambit|fallen3|[silent]\n|turn|31\n|\n|t:|1700260147\n|switch|p1a: Great Tusk|Great Tusk|76\/100 tox\n|move|p2a: Kingambit|Sucker Punch||[still]\n|-fail|p2a: Kingambit\n|\n|-heal|p1a: Great Tusk|82\/100 tox|[from] item: Leftovers\n|-damage|p1a: Great Tusk|76\/100 tox|[from] psn\n|upkeep\n|turn|32\n|\n|t:|1700260157\n|-end|p2a: Kingambit|fallen3|[silent]\n|switch|p2a: Dondozo|Dondozo, M|100\/100 slp\n|move|p1a: Great Tusk|Stealth Rock|p2a: Dondozo\n|-sidestart|p2: HyperDood|move: Stealth Rock\n|\n|-heal|p1a: Great Tusk|82\/100 tox|[from] item: Leftovers\n|-damage|p1a: Great Tusk|69\/100 tox|[from] psn\n|upkeep\n|turn|33\n|\n|t:|1700260165\n|move|p1a: Great Tusk|Knock Off|p2a: Dondozo\n|-damage|p2a: Dondozo|92\/100 slp\n|cant|p2a: Dondozo|slp\n|move|p2a: Dondozo|Sleep Talk|p2a: Dondozo\n|move|p2a: Dondozo|Body Press|p1a: Great Tusk|[from]move: Sleep Talk\n|-damage|p1a: Great Tusk|52\/100 tox\n|\n|-heal|p1a: Great Tusk|58\/100 tox|[from] item: Leftovers\n|-damage|p1a: Great Tusk|39\/100 tox|[from] psn\n|upkeep\n|turn|34\n|\n|t:|1700260175\n|move|p1a: Great Tusk|Rapid Spin|p2a: Dondozo\n|-damage|p2a: Dondozo|85\/100 slp\n|-boost|p1a: Great Tusk|spe|1\n|-sideend|p1: SnazzyLotus|Toxic Spikes|[from] move: Rapid Spin|[of] p1a: Great Tusk\n|-curestatus|p2a: Dondozo|slp|[msg]\n|move|p2a: Dondozo|Sleep Talk||[still]\n|-fail|p2a: Dondozo\n|\n|-heal|p1a: Great Tusk|46\/100 tox|[from] item: Leftovers\n|-damage|p1a: Great Tusk|21\/100 tox|[from] psn\n|upkeep\n|turn|35\n|\n|t:|1700260186\n|-end|p1a: Great Tusk|Protosynthesis|[silent]\n|switch|p1a: Dragapult|Dragapult, M, shiny|95\/100 tox\n|move|p2a: Dondozo|Curse|p2a: Dondozo\n|-unboost|p2a: Dondozo|spe|1\n|-boost|p2a: Dondozo|atk|1\n|-boost|p2a: Dondozo|def|1\n|\n|-heal|p1a: Dragapult|100\/100 tox|[from] item: Leftovers\n|-damage|p1a: Dragapult|95\/100 tox|[from] psn\n|upkeep\n|turn|36\n|\n|t:|1700260210\n|switch|p2a: Toxapex|Toxapex, M|100\/100\n|-damage|p2a: Toxapex|88\/100|[from] Stealth Rock\n|move|p1a: Dragapult|Substitute|p1a: Dragapult\n|-start|p1a: Dragapult|Substitute\n|-damage|p1a: Dragapult|70\/100 tox\n|\n|-heal|p1a: Dragapult|76\/100 tox|[from] item: Leftovers\n|-heal|p2a: Toxapex|94\/100|[from] item: Black Sludge\n|-damage|p1a: Dragapult|64\/100 tox|[from] psn\n|upkeep\n|turn|37\n|\n|t:|1700260221\n|move|p1a: Dragapult|Dragon Darts|p2a: Toxapex\n|-crit|p2a: Toxapex\n|-damage|p2a: Toxapex|69\/100\n|-anim|p1a: Dragapult|Dragon Darts|p2a: Toxapex\n|-damage|p2a: Toxapex|52\/100\n|move|p2a: Toxapex|Surf|p1a: Dragapult\n|-resisted|p1a: Dragapult\n|-activate|p1a: Dragapult|move: Substitute|[damage]\n|\n|-heal|p1a: Dragapult|70\/100 tox|[from] item: Leftovers\n|-heal|p2a: Toxapex|59\/100|[from] item: Black Sludge\n|-damage|p1a: Dragapult|52\/100 tox|[from] psn\n|upkeep\n|turn|38\n|\n|t:|1700260233\n|move|p1a: Dragapult|Dragon Darts|p2a: Toxapex\n|-damage|p2a: Toxapex|43\/100\n|-anim|p1a: Dragapult|Dragon Darts|p2a: Toxapex\n|-damage|p2a: Toxapex|28\/100\n|move|p2a: Toxapex|Recover|p2a: Toxapex\n|-heal|p2a: Toxapex|78\/100\n|\n|-heal|p1a: Dragapult|58\/100 tox|[from] item: Leftovers\n|-heal|p2a: Toxapex|84\/100|[from] item: Black Sludge\n|-damage|p1a: Dragapult|34\/100 tox|[from] psn\n|upkeep\n|turn|39\n|\n|t:|1700260256\n|move|p1a: Dragapult|Dragon Darts|p2a: Toxapex\n|-damage|p2a: Toxapex|69\/100\n|-anim|p1a: Dragapult|Dragon Darts|p2a: Toxapex\n|-damage|p2a: Toxapex|54\/100\n|move|p2a: Toxapex|Recover|p2a: Toxapex\n|-heal|p2a: Toxapex|100\/100\n|\n|-heal|p1a: Dragapult|40\/100 tox|[from] item: Leftovers\n|-damage|p1a: Dragapult|10\/100 tox|[from] psn\n|upkeep\n|turn|40\n|\n|t:|1700260266\n|switch|p1a: Kingambit|Kingambit, F|100\/100\n|-activate|p1a: Kingambit|ability: Supreme Overlord\n|-start|p1a: Kingambit|fallen1|[silent]\n|move|p2a: Toxapex|Surf|p1a: Kingambit\n|-damage|p1a: Kingambit|80\/100\n|\n|-heal|p1a: Kingambit|86\/100|[from] item: Leftovers\n|upkeep\n|turn|41\n|\n|t:|1700260280\n|-end|p1a: Kingambit|fallen1|[silent]\n|switch|p1a: Gholdengo|Gholdengo|100\/100\n|switch|p2a: Dondozo|Dondozo, M|85\/100\n|-damage|p2a: Dondozo|73\/100|[from] Stealth Rock\n|\n|upkeep\n|turn|42\n|\n|t:|1700260287\n|switch|p2a: Toxapex|Toxapex, M|100\/100\n|-damage|p2a: Toxapex|88\/100|[from] Stealth Rock\n|move|p1a: Gholdengo|Hex|p2a: Toxapex\n|-damage|p2a: Toxapex|65\/100\n|\n|-heal|p2a: Toxapex|72\/100|[from] item: Black Sludge\n|upkeep\n|turn|43\n|\n|t:|1700260298\n|move|p1a: Gholdengo|Hex|p2a: Toxapex\n|-damage|p2a: Toxapex|51\/100\n|move|p2a: Toxapex|Surf|p1a: Gholdengo\n|-damage|p1a: Gholdengo|83\/100\n|\n|-heal|p2a: Toxapex|58\/100|[from] item: Black Sludge\n|upkeep\n|turn|44\n|\n|t:|1700260305\n|switch|p2a: Kingambit|Kingambit, F|100\/100\n|-damage|p2a: Kingambit|94\/100|[from] Stealth Rock\n|-activate|p2a: Kingambit|ability: Supreme Overlord\n|-start|p2a: Kingambit|fallen3|[silent]\n|move|p1a: Gholdengo|Hex|p2a: Kingambit\n|-resisted|p2a: Kingambit\n|-damage|p2a: Kingambit|80\/100\n|\n|upkeep\n|turn|45\n|\n|t:|1700260317\n|switch|p1a: Great Tusk|Great Tusk|21\/100 tox\n|move|p2a: Kingambit|Kowtow Cleave|p1a: Great Tusk\n|-resisted|p1a: Great Tusk\n|-damage|p1a: Great Tusk|0 fnt\n|faint|p1a: Great Tusk\n|-end|p1a: Great Tusk|Protosynthesis|[silent]\n|-damage|p2a: Kingambit|70\/100|[from] item: Life Orb\n|\n|upkeep\n|\n|t:|1700260325\n|switch|p1a: Gholdengo|Gholdengo|83\/100\n|turn|46\n|\n|t:|1700260332\n|move|p2a: Kingambit|Sucker Punch|p1a: Gholdengo\n|-supereffective|p1a: Gholdengo\n|-damage|p1a: Gholdengo|0 fnt\n|faint|p1a: Gholdengo\n|-damage|p2a: Kingambit|60\/100|[from] item: Life Orb\n|\n|upkeep\n|\n|t:|1700260338\n|switch|p1a: Dragapult|Dragapult, M, shiny|10\/100 tox\n|turn|47\n|\n|t:|1700260342\n|-end|p2a: Kingambit|fallen3|[silent]\n|switch|p2a: Toxapex|Toxapex, M|91\/100\n|-damage|p2a: Toxapex|78\/100|[from] Stealth Rock\n|move|p1a: Dragapult|Will-O-Wisp|p2a: Toxapex\n|-status|p2a: Toxapex|brn\n|\n|-heal|p1a: Dragapult|16\/100 tox|[from] item: Leftovers\n|-heal|p2a: Toxapex|85\/100 brn|[from] item: Black Sludge\n|-damage|p1a: Dragapult|10\/100 tox|[from] psn\n|-damage|p2a: Toxapex|78\/100 brn|[from] brn\n|upkeep\n|turn|48\n|\n|t:|1700260353\n|move|p1a: Dragapult|Hex|p2a: Toxapex\n|-damage|p2a: Toxapex|37\/100 brn\n|move|p2a: Toxapex|Recover|p2a: Toxapex\n|-heal|p2a: Toxapex|87\/100 brn\n|\n|-heal|p1a: Dragapult|16\/100 tox|[from] item: Leftovers\n|-heal|p2a: Toxapex|93\/100 brn|[from] item: Black Sludge\n|-damage|p1a: Dragapult|4\/100 tox|[from] psn\n|-damage|p2a: Toxapex|87\/100 brn|[from] brn\n|upkeep\n|turn|49\n|\n|t:|1700260363\n|move|p1a: Dragapult|Hex|p2a: Toxapex\n|-damage|p2a: Toxapex|46\/100 brn\n|move|p2a: Toxapex|Recover|p2a: Toxapex\n|-heal|p2a: Toxapex|96\/100 brn\n|\n|-heal|p1a: Dragapult|10\/100 tox|[from] item: Leftovers\n|-heal|p2a: Toxapex|100\/100 brn|[from] item: Black Sludge\n|-damage|p1a: Dragapult|0 fnt|[from] psn\n|faint|p1a: Dragapult\n|-damage|p2a: Toxapex|94\/100 brn|[from] brn\n|upkeep\n|c|\u2606SnazzyLotus|You're annoying\n|\n|t:|1700260375\n|switch|p1a: Iron Moth|Iron Moth|100\/100\n|turn|50\n|\n|t:|1700260378\n|move|p1a: Iron Moth|Energy Ball|p2a: Toxapex\n|-damage|p2a: Toxapex|70\/100 brn\n|-unboost|p2a: Toxapex|spd|1\n|move|p2a: Toxapex|Surf|p1a: Iron Moth\n|-supereffective|p1a: Iron Moth\n|-damage|p1a: Iron Moth|63\/100\n|\n|-heal|p2a: Toxapex|76\/100 brn|[from] item: Black Sludge\n|-damage|p2a: Toxapex|70\/100 brn|[from] brn\n|upkeep\n|turn|51\n|\n|t:|1700260388\n|switch|p2a: Dondozo|Dondozo, M|73\/100\n|-damage|p2a: Dondozo|60\/100|[from] Stealth Rock\n|move|p1a: Iron Moth|Energy Ball|p2a: Dondozo\n|-supereffective|p2a: Dondozo\n|-damage|p2a: Dondozo|2\/100\n|\n|upkeep\n|turn|52\n|\n|t:|1700260398\n|switch|p2a: Toxapex|Toxapex, M|100\/100 brn\n|-damage|p2a: Toxapex|88\/100 brn|[from] Stealth Rock\n|move|p1a: Iron Moth|Energy Ball|p2a: Toxapex\n|-damage|p2a: Toxapex|62\/100 brn\n|\n|-heal|p2a: Toxapex|69\/100 brn|[from] item: Black Sludge\n|-damage|p2a: Toxapex|62\/100 brn|[from] brn\n|upkeep\n|turn|53\n|\n|t:|1700260408\n|move|p1a: Iron Moth|Energy Ball|p2a: Toxapex\n|-damage|p2a: Toxapex|37\/100 brn\n|move|p2a: Toxapex|Surf|p1a: Iron Moth\n|-supereffective|p1a: Iron Moth\n|-damage|p1a: Iron Moth|22\/100\n|\n|-heal|p2a: Toxapex|43\/100 brn|[from] item: Black Sludge\n|-damage|p2a: Toxapex|37\/100 brn|[from] brn\n|upkeep\n|turn|54\n|\n|t:|1700260422\n|move|p1a: Iron Moth|Energy Ball|p2a: Toxapex\n|-damage|p2a: Toxapex|15\/100 brn\n|move|p2a: Toxapex|Recover|p2a: Toxapex\n|-heal|p2a: Toxapex|65\/100 brn\n|\n|-heal|p2a: Toxapex|71\/100 brn|[from] item: Black Sludge\n|-damage|p2a: Toxapex|65\/100 brn|[from] brn\n|upkeep\n|turn|55\n|\n|t:|1700260431\n|move|p1a: Iron Moth|Energy Ball|p2a: Toxapex\n|-damage|p2a: Toxapex|42\/100 brn\n|move|p2a: Toxapex|Surf|p1a: Iron Moth\n|-supereffective|p1a: Iron Moth\n|-damage|p1a: Iron Moth|0 fnt\n|faint|p1a: Iron Moth\n|-end|p1a: Iron Moth|Quark Drive|[silent]\n|\n|-heal|p2a: Toxapex|48\/100 brn|[from] item: Black Sludge\n|-damage|p2a: Toxapex|42\/100 brn|[from] brn\n|upkeep\n|\n|t:|1700260441\n|switch|p1a: Kingambit|Kingambit, F|86\/100\n|-activate|p1a: Kingambit|ability: Supreme Overlord\n|-start|p1a: Kingambit|fallen5|[silent]\n|turn|56\n|\n|t:|1700260447\n|move|p1a: Kingambit|Kowtow Cleave|p2a: Toxapex\n|-damage|p2a: Toxapex|0 fnt\n|faint|p2a: Toxapex\n|\n|-heal|p1a: Kingambit|92\/100|[from] item: Leftovers\n|upkeep\n|\n|t:|1700260449\n|switch|p2a: Dondozo|Dondozo, M|2\/100\n|-damage|p2a: Dondozo|0 fnt|[from] Stealth Rock\n|faint|p2a: Dondozo\n|\n|t:|1700260450\n|switch|p2a: Kingambit|Kingambit, F|60\/100\n|-damage|p2a: Kingambit|54\/100|[from] Stealth Rock\n|-activate|p2a: Kingambit|ability: Supreme Overlord\n|-start|p2a: Kingambit|fallen5|[silent]\n|turn|57\n|\n|t:|1700260461\n|move|p1a: Kingambit|Sucker Punch||[still]\n|-fail|p1a: Kingambit\n|move|p2a: Kingambit|Swords Dance|p2a: Kingambit\n|-boost|p2a: Kingambit|atk|2\n|\n|-heal|p1a: Kingambit|99\/100|[from] item: Leftovers\n|upkeep\n|turn|58\n|\n|t:|1700260468\n|move|p1a: Kingambit|Sucker Punch|p2a: Kingambit\n|-resisted|p2a: Kingambit\n|-damage|p2a: Kingambit|31\/100\n|move|p2a: Kingambit|Kowtow Cleave|p1a: Kingambit\n|-resisted|p1a: Kingambit\n|-damage|p1a: Kingambit|23\/100\n|-damage|p2a: Kingambit|21\/100|[from] item: Life Orb\n|\n|-heal|p1a: Kingambit|30\/100|[from] item: Leftovers\n|upkeep\n|turn|59\n|\n|t:|1700260482\n|move|p1a: Kingambit|Sucker Punch|p2a: Kingambit\n|-resisted|p2a: Kingambit\n|-damage|p2a: Kingambit|0 fnt\n|faint|p2a: Kingambit\n|-end|p2a: Kingambit|fallen5|[silent]\n|\n|win|SnazzyLotus\n|c|\u2606HyperDood|THIS TEAM\n|c|\u2606SnazzyLotus|First dub\n|c|\u2606SnazzyLotus|Undeserved\n","uploadtime":1700260501,"views":11,"p1id":"snazzylotus","p2id":"hyperdood","formatid":"gen9ou","rating":0,"private":0,"password":""}