{"id":"gen9ou-1990652255","p1":"Ban Stall Pokemon","p2":"64782387943O945834","format":"[Gen 9] OU","log":"|j|\u2606Ban Stall Pokemon\n|j|\u260664782387943O945834\n|t:|1699988921\n|gametype|singles\n|player|p1|Ban Stall Pokemon|benga|1106\n|player|p2|64782387943O945834|169|1179\n|teamsize|p1|6\n|teamsize|p2|6\n|gen|9\n|tier|[Gen 9] OU\n|rated|\n|rule|Sleep Clause Mod: Limit one foe put to sleep\n|rule|Species Clause: Limit one of each Pok\u00e9mon\n|rule|OHKO Clause: OHKO moves are banned\n|rule|Evasion Items Clause: Evasion items are banned\n|rule|Evasion Moves Clause: Evasion moves are banned\n|rule|Endless Battle Clause: Forcing endless battles is banned\n|rule|HP Percentage Mod: HP is shown in percentages\n|clearpoke\n|poke|p1|Chandelure, F|\n|poke|p1|Ceruledge, F|\n|poke|p1|Dragapult, F|\n|poke|p1|Greninja-*, M|\n|poke|p1|Talonflame, F|\n|poke|p1|Scizor, M|\n|poke|p2|Iron Valiant|\n|poke|p2|Cinderace, F|\n|poke|p2|Garganacl, M|\n|poke|p2|Great Tusk|\n|poke|p2|Greninja-*, M|\n|poke|p2|Zapdos|\n|teampreview\n|inactive|Battle timer is ON: inactive players will automatically lose when time's up. (requested by 64782387943O945834)\n|\n|t:|1699988930\n|start\n|switch|p1a: Nerfed bc too good|Chandelure, F|100\/100\n|switch|p2a: Cinderace|Cinderace, F, shiny|100\/100\n|turn|1\n|j| Regimidas\n|\n|t:|1699988934\n|move|p2a: Cinderace|U-turn|p1a: Nerfed bc too good\n|-start|p2a: Cinderace|typechange|Bug|[from] ability: Libero\n|-resisted|p1a: Nerfed bc too good\n|-damage|p1a: Nerfed bc too good|87\/100\n|\n|t:|1699988938\n|switch|p2a: Garganacl|Garganacl, M|100\/100|[from] U-turn\n|move|p1a: Nerfed bc too good|Fire Blast|p2a: Garganacl\n|-resisted|p2a: Garganacl\n|-damage|p2a: Garganacl|80\/100\n|\n|-heal|p2a: Garganacl|86\/100|[from] item: Leftovers\n|upkeep\n|turn|2\n|\n|t:|1699988944\n|move|p1a: Nerfed bc too good|Energy Ball|p2a: Garganacl\n|-supereffective|p2a: Garganacl\n|-damage|p2a: Garganacl|40\/100\n|move|p2a: Garganacl|Salt Cure|p1a: Nerfed bc too good\n|-supereffective|p1a: Nerfed bc too good\n|-damage|p1a: Nerfed bc too good|48\/100\n|-start|p1a: Nerfed bc too good|Salt Cure\n|\n|-heal|p2a: Garganacl|46\/100|[from] item: Leftovers\n|-damage|p1a: Nerfed bc too good|36\/100|[from] Salt Cure\n|upkeep\n|turn|3\n|\n|t:|1699988947\n|switch|p2a: Zapdos|Zapdos, shiny|100\/100\n|move|p1a: Nerfed bc too good|Energy Ball|p2a: Zapdos\n|-resisted|p2a: Zapdos\n|-damage|p2a: Zapdos|83\/100\n|\n|-damage|p1a: Nerfed bc too good|24\/100|[from] Salt Cure\n|upkeep\n|turn|4\n|\n|t:|1699988950\n|move|p1a: Nerfed bc too good|Fire Blast|p2a: Zapdos\n|-damage|p2a: Zapdos|21\/100\n|move|p2a: Zapdos|Discharge|p1a: Nerfed bc too good\n|-damage|p1a: Nerfed bc too good|0 fnt\n|faint|p1a: Nerfed bc too good\n|\n|upkeep\n|\n|t:|1699988955\n|switch|p1a: Fast|Dragapult, F|100\/100\n|turn|5\n|\n|t:|1699988959\n|move|p1a: Fast|Shadow Ball|p2a: Zapdos\n|-damage|p2a: Zapdos|0 fnt\n|faint|p2a: Zapdos\n|\n|upkeep\n|\n|t:|1699988963\n|switch|p2a: Garganacl|Garganacl, M|46\/100\n|turn|6\n|\n|t:|1699988966\n|move|p1a: Fast|Shadow Ball|p2a: Garganacl\n|-damage|p2a: Garganacl|34\/100\n|move|p2a: Garganacl|Recover|p2a: Garganacl\n|-heal|p2a: Garganacl|84\/100\n|\n|-heal|p2a: Garganacl|90\/100|[from] item: Leftovers\n|upkeep\n|turn|7\n|inactive|Ban Stall Pokemon has 120 seconds left.\n|\n|t:|1699989018\n|move|p1a: Fast|Shadow Ball|p2a: Garganacl\n|-damage|p2a: Garganacl|78\/100\n|move|p2a: Garganacl|Salt Cure|p1a: Fast\n|-damage|p1a: Fast|79\/100\n|-start|p1a: Fast|Salt Cure\n|\n|-heal|p2a: Garganacl|84\/100|[from] item: Leftovers\n|-damage|p1a: Fast|66\/100|[from] Salt Cure\n|upkeep\n|turn|8\n|\n|t:|1699989031\n|move|p1a: Fast|Shadow Ball|p2a: Garganacl\n|-damage|p2a: Garganacl|73\/100\n|move|p2a: Garganacl|Iron Defense|p2a: Garganacl\n|-boost|p2a: Garganacl|def|2\n|\n|-heal|p2a: Garganacl|79\/100|[from] item: Leftovers\n|-damage|p1a: Fast|54\/100|[from] Salt Cure\n|upkeep\n|turn|9\n|c|\u2606Ban Stall Pokemon|Fuck stall, give me back my stallbreakers or ban this shit\n|inactive|Ban Stall Pokemon has 90 seconds left.\n|inactive|Ban Stall Pokemon has 60 seconds left.\n|inactive|Ban Stall Pokemon has 30 seconds left.\n|inactive|Ban Stall Pokemon has 20 seconds left.\n|inactive|Ban Stall Pokemon has 15 seconds left.\n|inactive|Ban Stall Pokemon has 10 seconds left.\n|inactive|Ban Stall Pokemon has 5 seconds left.\n|-message|Ban Stall Pokemon lost due to inactivity.\n|\n|win|64782387943O945834\n|raw|Ban Stall Pokemon's rating: 1106 &rarr; <strong>1086<\/strong><br \/>(-20 for losing)\n|raw|64782387943O945834's rating: 1179 &rarr; <strong>1199<\/strong><br \/>(+20 for winning)\n","uploadtime":1699989056,"views":13,"p1id":"banstallpokemon","p2id":"64782387943o945834","formatid":"gen9ou","rating":1086,"private":0,"password":""}