{"id":"gen9ou-1991193757","p1":"FunnyFlinch","p2":"danz12","format":"[Gen 9] OU","log":"|j|\u2606FunnyFlinch\n|j|\u2606danz12\n|t:|1700055740\n|gametype|singles\n|player|p1|FunnyFlinch|colress|1210\n|player|p2|danz12|nate|1168\n|teamsize|p1|6\n|teamsize|p2|6\n|gen|9\n|tier|[Gen 9] OU\n|rated|\n|rule|Sleep Clause Mod: Limit one foe put to sleep\n|rule|Species Clause: Limit one of each Pok\u00e9mon\n|rule|OHKO Clause: OHKO moves are banned\n|rule|Evasion Items Clause: Evasion items are banned\n|rule|Evasion Moves Clause: Evasion moves are banned\n|rule|Endless Battle Clause: Forcing endless battles is banned\n|rule|HP Percentage Mod: HP is shown in percentages\n|clearpoke\n|poke|p1|Garganacl, M|\n|poke|p1|Gholdengo|\n|poke|p1|Toxapex, M|\n|poke|p1|Alomomola, F|\n|poke|p1|Garchomp, M|\n|poke|p1|Maushold|\n|poke|p2|Garganacl, M|\n|poke|p2|Clodsire, F|\n|poke|p2|Moltres-Galar|\n|poke|p2|Ceruledge, F|\n|poke|p2|Meowscarada, F|\n|poke|p2|Dragapult, F|\n|teampreview\n|inactive|Battle timer is ON: inactive players will automatically lose when time's up. (requested by danz12)\n|\n|t:|1700055770\n|start\n|switch|p1a: StallChomp|Garchomp, M|100\/100\n|switch|p2a: Meowscarada|Meowscarada, F|100\/100\n|turn|1\n|\n|t:|1700055778\n|switch|p1a: I love stall|Toxapex, M|100\/100\n|move|p2a: Meowscarada|U-turn|p1a: I love stall\n|-start|p2a: Meowscarada|typechange|Bug|[from] ability: Protean\n|-resisted|p1a: I love stall\n|-damage|p1a: I love stall|91\/100\n|\n|t:|1700055803\n|switch|p2a: Dragapult|Dragapult, F|100\/100|[from] U-turn\n|\n|-heal|p1a: I love stall|97\/100|[from] item: Leftovers\n|upkeep\n|turn|2\n|inactive|danz12 has 120 seconds left.\n|\n|t:|1700055821\n|-terastallize|p2a: Dragapult|Dragon\n|move|p2a: Dragapult|Draco Meteor|p1a: I love stall\n|-damage|p1a: I love stall|0 fnt\n|-unboost|p2a: Dragapult|spa|2\n|faint|p1a: I love stall\n|\n|upkeep\n|\n|t:|1700055831\n|switch|p1a: StallChomp|Garchomp, M|100\/100\n|turn|3\n|inactive|danz12 has 120 seconds left.\n|\n|t:|1700055847\n|move|p2a: Dragapult|Draco Meteor|p1a: StallChomp|[miss]\n|-miss|p2a: Dragapult|p1a: StallChomp\n|move|p1a: StallChomp|Stealth Rock|p2a: Dragapult\n|-sidestart|p2: danz12|move: Stealth Rock\n|\n|upkeep\n|turn|4\n|\n|t:|1700055855\n|move|p2a: Dragapult|Draco Meteor|p1a: StallChomp\n|-supereffective|p1a: StallChomp\n|-damage|p1a: StallChomp|0 fnt\n|-unboost|p2a: Dragapult|spa|2\n|faint|p1a: StallChomp\n|\n|upkeep\n|\n|t:|1700055861\n|switch|p1a: Stallingformoney|Gholdengo|100\/100\n|turn|5\n|\n|t:|1700055880\n|switch|p2a: Clodsire|Clodsire, F|100\/100\n|-damage|p2a: Clodsire|94\/100|[from] Stealth Rock\n|move|p1a: Stallingformoney|Hex|p2a: Clodsire\n|-crit|p2a: Clodsire\n|-damage|p2a: Clodsire|68\/100\n|\n|-heal|p2a: Clodsire|74\/100|[from] item: Black Sludge\n|upkeep\n|turn|6\n|\n|t:|1700055894\n|switch|p1a: Iwishstallisgood|Alomomola, F|100\/100\n|move|p2a: Clodsire|Earthquake|p1a: Iwishstallisgood\n|-damage|p1a: Iwishstallisgood|86\/100\n|-enditem|p1a: Iwishstallisgood|Red Card|[of] p2a: Clodsire\n|drag|p2a: Dragapult|Dragapult, F, tera:Dragon|100\/100\n|-damage|p2a: Dragapult|88\/100|[from] Stealth Rock\n|\n|upkeep\n|turn|7\n|\n|t:|1700055901\n|move|p2a: Dragapult|Draco Meteor|p1a: Iwishstallisgood\n|-damage|p1a: Iwishstallisgood|0 fnt\n|-unboost|p2a: Dragapult|spa|2\n|faint|p1a: Iwishstallisgood\n|\n|upkeep\n|\n|t:|1700055907\n|switch|p1a: Stallingformoney|Gholdengo|100\/100\n|turn|8\n|\n|t:|1700055913\n|switch|p2a: Clodsire|Clodsire, F|74\/100\n|-damage|p2a: Clodsire|68\/100|[from] Stealth Rock\n|move|p1a: Stallingformoney|Make It Rain|p2a: Clodsire\n|-damage|p2a: Clodsire|33\/100\n|-unboost|p1a: Stallingformoney|spa|1\n|\n|-heal|p2a: Clodsire|40\/100|[from] item: Black Sludge\n|upkeep\n|turn|9\n|\n|t:|1700055923\n|switch|p1a: Actor|Maushold, shiny|100\/100\n|move|p2a: Clodsire|Recover|p2a: Clodsire\n|-heal|p2a: Clodsire|90\/100\n|\n|-heal|p2a: Clodsire|96\/100|[from] item: Black Sludge\n|upkeep\n|turn|10\n|\n|t:|1700055931\n|move|p1a: Actor|Population Bomb|p2a: Clodsire\n|-damage|p2a: Clodsire|83\/100\n|-damage|p2a: Clodsire|71\/100\n|-damage|p2a: Clodsire|59\/100\n|-damage|p2a: Clodsire|47\/100\n|-damage|p2a: Clodsire|34\/100\n|-damage|p2a: Clodsire|22\/100\n|-damage|p2a: Clodsire|11\/100\n|-damage|p2a: Clodsire|0 fnt\n|faint|p2a: Clodsire\n|-hitcount|p2: Clodsire|8\n|\n|upkeep\n|\n|t:|1700055942\n|switch|p2a: Meowscarada|Meowscarada, F|100\/100\n|-damage|p2a: Meowscarada|88\/100|[from] Stealth Rock\n|turn|11\n|\n|t:|1700055949\n|move|p2a: Meowscarada|Knock Off|p1a: Actor\n|-start|p2a: Meowscarada|typechange|Dark|[from] ability: Protean\n|-damage|p1a: Actor|26\/100\n|-enditem|p1a: Actor|Wide Lens|[from] move: Knock Off|[of] p2a: Meowscarada\n|move|p1a: Actor|Population Bomb|p2a: Meowscarada\n|-damage|p2a: Meowscarada|70\/100\n|-damage|p2a: Meowscarada|52\/100\n|-damage|p2a: Meowscarada|35\/100\n|-damage|p2a: Meowscarada|17\/100\n|-damage|p2a: Meowscarada|0 fnt\n|faint|p2a: Meowscarada\n|-hitcount|p2: Meowscarada|5\n|\n|upkeep\n|\n|t:|1700055969\n|switch|p2a: Ceruledge|Ceruledge, F|100\/100\n|-damage|p2a: Ceruledge|76\/100|[from] Stealth Rock\n|turn|12\n|\n|t:|1700055973\n|move|p1a: Actor|Bite|p2a: Ceruledge\n|-supereffective|p2a: Ceruledge\n|-damage|p2a: Ceruledge|13\/100\n|-ability|p2a: Ceruledge|Weak Armor|boost\n|-unboost|p2a: Ceruledge|def|1\n|-boost|p2a: Ceruledge|spe|2\n|cant|p2a: Ceruledge|flinch\n|\n|upkeep\n|turn|13\n|\n|t:|1700055980\n|move|p2a: Ceruledge|Bitter Blade|p1a: Actor\n|-damage|p1a: Actor|0 fnt\n|-heal|p2a: Ceruledge|26\/100|[from] drain|[of] p1a: Actor\n|faint|p1a: Actor\n|-damage|p2a: Ceruledge|16\/100|[from] item: Life Orb\n|\n|upkeep\n|\n|t:|1700055986\n|switch|p1a: I am so sorry|Garganacl, M|100\/100\n|turn|14\n|\n|t:|1700055990\n|move|p2a: Ceruledge|Iron Head|p1a: I am so sorry\n|-supereffective|p1a: I am so sorry\n|-damage|p1a: I am so sorry|50\/100\n|-damage|p2a: Ceruledge|6\/100|[from] item: Life Orb\n|cant|p1a: I am so sorry|flinch\n|\n|-heal|p1a: I am so sorry|56\/100|[from] item: Leftovers\n|upkeep\n|turn|15\n|\n|t:|1700055997\n|move|p1a: I am so sorry|Protect|p1a: I am so sorry\n|-singleturn|p1a: I am so sorry|Protect\n|move|p2a: Ceruledge|Iron Head|p1a: I am so sorry\n|-activate|p1a: I am so sorry|move: Protect\n|\n|-heal|p1a: I am so sorry|63\/100|[from] item: Leftovers\n|upkeep\n|turn|16\n|\n|t:|1700056004\n|move|p2a: Ceruledge|Iron Head|p1a: I am so sorry\n|-supereffective|p1a: I am so sorry\n|-damage|p1a: I am so sorry|15\/100\n|-damage|p2a: Ceruledge|0 fnt|[from] item: Life Orb\n|faint|p2a: Ceruledge\n|move|p1a: I am so sorry|Recover|p1a: I am so sorry\n|-heal|p1a: I am so sorry|65\/100\n|\n|-heal|p1a: I am so sorry|71\/100|[from] item: Leftovers\n|upkeep\n|\n|t:|1700056013\n|switch|p2a: Moltres|Moltres-Galar, shiny|100\/100\n|-damage|p2a: Moltres|76\/100|[from] Stealth Rock\n|turn|17\n|\n|t:|1700056017\n|move|p2a: Moltres|Nasty Plot|p2a: Moltres\n|-boost|p2a: Moltres|spa|2\n|move|p1a: I am so sorry|Salt Cure|p2a: Moltres\n|-supereffective|p2a: Moltres\n|-damage|p2a: Moltres|46\/100\n|-start|p2a: Moltres|Salt Cure\n|-enditem|p2a: Moltres|Weakness Policy\n|-boost|p2a: Moltres|atk|2|[from] item: Weakness Policy\n|-boost|p2a: Moltres|spa|2|[from] item: Weakness Policy\n|-ability|p2a: Moltres|Berserk|boost\n|-boost|p2a: Moltres|spa|1\n|\n|-heal|p1a: I am so sorry|77\/100|[from] item: Leftovers\n|-damage|p2a: Moltres|33\/100|[from] Salt Cure\n|upkeep\n|turn|18\n|\n|t:|1700056029\n|move|p1a: I am so sorry|Protect|p1a: I am so sorry\n|-singleturn|p1a: I am so sorry|Protect\n|move|p2a: Moltres|Fiery Wrath|p1a: I am so sorry\n|-activate|p1a: I am so sorry|move: Protect\n|\n|-heal|p1a: I am so sorry|84\/100|[from] item: Leftovers\n|-damage|p2a: Moltres|21\/100|[from] Salt Cure\n|upkeep\n|turn|19\n|\n|t:|1700056042\n|move|p2a: Moltres|Fiery Wrath|p1a: I am so sorry\n|-crit|p1a: I am so sorry\n|-damage|p1a: I am so sorry|0 fnt\n|faint|p1a: I am so sorry\n|\n|-damage|p2a: Moltres|8\/100|[from] Salt Cure\n|upkeep\n|\n|t:|1700056048\n|switch|p1a: Stallingformoney|Gholdengo|100\/100\n|turn|20\n|\n|t:|1700056052\n|move|p1a: Stallingformoney|Hex|p2a: Moltres\n|-resisted|p2a: Moltres\n|-damage|p2a: Moltres|0 fnt\n|faint|p2a: Moltres\n|\n|upkeep\n|\n|t:|1700056057\n|switch|p2a: Garganacl|Garganacl, M|100\/100\n|-damage|p2a: Garganacl|88\/100|[from] Stealth Rock\n|turn|21\n|\n|t:|1700056061\n|move|p1a: Stallingformoney|Make It Rain|p2a: Garganacl\n|-supereffective|p2a: Garganacl\n|-damage|p2a: Garganacl|0 fnt\n|-unboost|p1a: Stallingformoney|spa|1\n|faint|p2a: Garganacl\n|\n|upkeep\n|\n|t:|1700056064\n|switch|p2a: Dragapult|Dragapult, F, tera:Dragon|88\/100\n|-damage|p2a: Dragapult|76\/100|[from] Stealth Rock\n|turn|22\n|\n|t:|1700056079\n|move|p2a: Dragapult|Shadow Ball|p1a: Stallingformoney\n|-supereffective|p1a: Stallingformoney\n|-damage|p1a: Stallingformoney|0 fnt\n|faint|p1a: Stallingformoney\n|\n|win|danz12\n|raw|FunnyFlinch's rating: 1210 &rarr; <strong>1182<\/strong><br \/>(-28 for losing)\n|raw|danz12's rating: 1168 &rarr; <strong>1196<\/strong><br \/>(+28 for winning)\n","uploadtime":1700056083,"views":5,"p1id":"funnyflinch","p2id":"danz12","formatid":"gen9ou","rating":1182,"private":0,"password":""}