{"id":"gen9ou-1996757188","p1":"spicy piquant","p2":"mohuanjiamianmao","format":"[Gen 9] OU","log":"|j|\u2606spicy piquant\n|j|\u203dmohuanjiamianmao\n|t:|1700720055\n|gametype|singles\n|player|p1|spicy piquant|170|1647\n|player|p2|mohuanjiamianmao|102|1781\n|teamsize|p1|6\n|teamsize|p2|6\n|gen|9\n|tier|[Gen 9] OU\n|rated|\n|rule|Sleep Clause Mod: Limit one foe put to sleep\n|rule|Species Clause: Limit one of each Pok\u00e9mon\n|rule|OHKO Clause: OHKO moves are banned\n|rule|Evasion Items Clause: Evasion items are banned\n|rule|Evasion Moves Clause: Evasion moves are banned\n|rule|Endless Battle Clause: Forcing endless battles is banned\n|rule|HP Percentage Mod: HP is shown in percentages\n|clearpoke\n|poke|p1|Iron Valiant|\n|poke|p1|Gholdengo|\n|poke|p1|Cinderace, F|\n|poke|p1|Toxapex, F|\n|poke|p1|Corviknight, M|\n|poke|p1|Ursaluna, M|\n|poke|p2|Meowscarada, F|\n|poke|p2|Great Tusk|\n|poke|p2|Garganacl, F|\n|poke|p2|Glimmora, F|\n|poke|p2|Gholdengo|\n|poke|p2|Blissey, F|\n|teampreview\n|inactive|Battle timer is ON: inactive players will automatically lose when time's up. (requested by spicy piquant)\n|inactive|mohuanjiamianmao has 120 seconds left.\n|\n|t:|1700720088\n|start\n|switch|p1a: Toxapex|Toxapex, F|100\/100\n|switch|p2a: Glimmora|Glimmora, F|100\/100\n|turn|1\n|inactive|spicy piquant has 120 seconds left.\n|\n|t:|1700720122\n|switch|p2a: Gholdengo|Gholdengo|100\/100\n|move|p1a: Toxapex|Surf|p2a: Gholdengo\n|-damage|p2a: Gholdengo|66\/100\n|\n|upkeep\n|turn|2\n|\n|t:|1700720129\n|switch|p1a: Ursaluna|Ursaluna, M|100\/100\n|move|p2a: Gholdengo|Trick|p1a: Ursaluna\n|-activate|p2a: Gholdengo|move: Trick|[of] p1a: Ursaluna\n|-item|p1a: Ursaluna|Choice Scarf|[from] move: Trick\n|-item|p2a: Gholdengo|Flame Orb|[from] move: Trick\n|\n|-status|p2a: Gholdengo|brn|[from] item: Flame Orb\n|upkeep\n|turn|3\n|\n|t:|1700720138\n|switch|p2a: Great Tusk|Great Tusk|100\/100\n|move|p1a: Ursaluna|Facade|p2a: Great Tusk\n|-damage|p2a: Great Tusk|76\/100\n|\n|-heal|p2a: Great Tusk|82\/100|[from] item: Leftovers\n|upkeep\n|turn|4\n|\n|t:|1700720146\n|switch|p1a: Corviknight|Corviknight, M|100\/100\n|-ability|p1a: Corviknight|Pressure\n|move|p2a: Great Tusk|Close Combat|p1a: Corviknight\n|-damage|p1a: Corviknight|62\/100\n|-unboost|p2a: Great Tusk|def|1\n|-unboost|p2a: Great Tusk|spd|1\n|-damage|p2a: Great Tusk|66\/100|[from] item: Rocky Helmet|[of] p1a: Corviknight\n|\n|-heal|p2a: Great Tusk|72\/100|[from] item: Leftovers\n|upkeep\n|turn|5\n|j| Rocksane\n|\n|t:|1700720161\n|-end|p2a: Great Tusk|Protosynthesis|[silent]\n|switch|p2a: Gholdengo|Gholdengo|66\/100 brn\n|move|p1a: Corviknight|Roost|p1a: Corviknight\n|-heal|p1a: Corviknight|100\/100\n|-singleturn|p1a: Corviknight|move: Roost\n|\n|-damage|p2a: Gholdengo|60\/100 brn|[from] brn\n|upkeep\n|turn|6\n|\n|t:|1700720182\n|switch|p1a: Ursaluna|Ursaluna, M|100\/100\n|move|p2a: Gholdengo|Trick|p1a: Ursaluna\n|-activate|p2a: Gholdengo|move: Trick|[of] p1a: Ursaluna\n|-item|p1a: Ursaluna|Flame Orb|[from] move: Trick\n|-item|p2a: Gholdengo|Choice Scarf|[from] move: Trick\n|\n|-damage|p2a: Gholdengo|54\/100 brn|[from] brn\n|-status|p1a: Ursaluna|brn|[from] item: Flame Orb\n|upkeep\n|turn|7\n|\n|t:|1700720191\n|switch|p2a: Great Tusk|Great Tusk|72\/100\n|move|p1a: Ursaluna|Facade|p2a: Great Tusk\n|-damage|p2a: Great Tusk|0 fnt\n|faint|p2a: Great Tusk\n|-end|p2a: Great Tusk|Protosynthesis|[silent]\n|\n|-damage|p1a: Ursaluna|94\/100 brn|[from] brn\n|upkeep\n|\n|t:|1700720201\n|switch|p2a: Meowscarada|Meowscarada, F|100\/100\n|turn|8\n|-message|mohuanjiamianmao forfeited.\n|\n|win|spicy piquant\n|raw|spicy piquant's rating: 1647 &rarr; <strong>1674<\/strong><br \/>(+27 for winning)\n|raw|mohuanjiamianmao's rating: 1781 &rarr; <strong>1754<\/strong><br \/>(-27 for losing)\n|l|\u203dmohuanjiamianmao\n","uploadtime":1700720217,"views":4,"p1id":"spicypiquant","p2id":"mohuanjiamianmao","formatid":"gen9ou","rating":1674,"private":0,"password":""}