{"id":"gen9ou-1999794908","p1":"LM1502","p2":"dergonu_1","format":"[Gen 9] OU","log":"|j|\u2606LM1502\n|j|\u2606dergonu_1\n|t:|1701117359\n|gametype|singles\n|player|p1|LM1502|cynthia-gen4|1098\n|player|p2|dergonu_1|101|1183\n|teamsize|p1|6\n|teamsize|p2|6\n|gen|9\n|tier|[Gen 9] OU\n|rated|\n|rule|Sleep Clause Mod: Limit one foe put to sleep\n|rule|Species Clause: Limit one of each Pok\u00e9mon\n|rule|OHKO Clause: OHKO moves are banned\n|rule|Evasion Items Clause: Evasion items are banned\n|rule|Evasion Moves Clause: Evasion moves are banned\n|rule|Endless Battle Clause: Forcing endless battles is banned\n|rule|HP Percentage Mod: HP is shown in percentages\n|clearpoke\n|poke|p1|Rillaboom, F|\n|poke|p1|Iron Moth|\n|poke|p1|Ninetales-Alola, M|\n|poke|p1|Manaphy|\n|poke|p1|Kingambit, F|\n|poke|p1|Eiscue, F|\n|poke|p2|Samurott-Hisui, M|\n|poke|p2|Gholdengo|\n|poke|p2|Great Tusk|\n|poke|p2|Iron Moth|\n|poke|p2|Kingambit, F|\n|poke|p2|Zapdos|\n|teampreview\n|inactive|Battle timer is ON: inactive players will automatically lose when time's up. (requested by dergonu_1)\n|\n|t:|1701117369\n|start\n|switch|p1a: Ninetales|Ninetales-Alola, M|100\/100\n|switch|p2a: Samurott|Samurott-Hisui, M|100\/100\n|-weather|Snow|[from] ability: Snow Warning|[of] p1a: Ninetales\n|turn|1\n|\n|t:|1701117375\n|move|p1a: Ninetales|Aurora Veil|p1a: Ninetales\n|-sidestart|p1: LM1502|move: Aurora Veil\n|move|p2a: Samurott|Ceaseless Edge|p1a: Ninetales\n|-resisted|p1a: Ninetales\n|-damage|p1a: Ninetales|89\/100\n|-sidestart|p1: LM1502|Spikes\n|\n|-weather|Snow|[upkeep]\n|upkeep\n|turn|2\n|\n|t:|1701117385\n|move|p1a: Ninetales|Moonblast|p2a: Samurott\n|-supereffective|p2a: Samurott\n|-damage|p2a: Samurott|1\/100\n|move|p2a: Samurott|Ceaseless Edge|p1a: Ninetales\n|-resisted|p1a: Ninetales\n|-damage|p1a: Ninetales|79\/100\n|-sidestart|p1: LM1502|Spikes\n|\n|-weather|Snow|[upkeep]\n|upkeep\n|turn|3\n|\n|t:|1701117409\n|switch|p1a: Eiscue|Eiscue, F|100\/100\n|-damage|p1a: Eiscue|84\/100|[from] Spikes\n|switch|p2a: Gholdengo|Gholdengo|100\/100\n|-item|p2a: Gholdengo|Air Balloon\n|\n|-weather|Snow|[upkeep]\n|upkeep\n|turn|4\n|\n|t:|1701117419\n|move|p2a: Gholdengo|Shadow Ball|p1a: Eiscue\n|-damage|p1a: Eiscue|56\/100\n|move|p1a: Eiscue|Substitute|p1a: Eiscue\n|-start|p1a: Eiscue|Substitute\n|-damage|p1a: Eiscue|31\/100\n|\n|-weather|Snow|[upkeep]\n|upkeep\n|turn|5\n|\n|t:|1701117434\n|move|p2a: Gholdengo|Shadow Ball|p1a: Eiscue\n|-end|p1a: Eiscue|Substitute\n|move|p1a: Eiscue|Liquidation|p2a: Gholdengo\n|-damage|p2a: Gholdengo|77\/100\n|-enditem|p2a: Gholdengo|Air Balloon\n|\n|-weather|none\n|upkeep\n|turn|6\n|\n|t:|1701117444\n|move|p2a: Gholdengo|Shadow Ball|p1a: Eiscue\n|-damage|p1a: Eiscue|2\/100\n|-enditem|p1a: Eiscue|Salac Berry|[eat]\n|-boost|p1a: Eiscue|spe|1|[from] item: Salac Berry\n|move|p1a: Eiscue|Liquidation|p2a: Gholdengo\n|-damage|p2a: Gholdengo|51\/100\n|\n|upkeep\n|turn|7\n|\n|t:|1701117452\n|move|p1a: Eiscue|Liquidation|p2a: Gholdengo\n|-damage|p2a: Gholdengo|26\/100\n|-unboost|p2a: Gholdengo|def|1\n|move|p2a: Gholdengo|Recover|p2a: Gholdengo\n|-heal|p2a: Gholdengo|76\/100\n|\n|upkeep\n|turn|8\n|\n|t:|1701117458\n|switch|p2a: Zapdos|Zapdos|100\/100\n|move|p1a: Eiscue|Liquidation|p2a: Zapdos\n|-damage|p2a: Zapdos|83\/100\n|\n|-sideend|p1: LM1502|move: Aurora Veil\n|upkeep\n|turn|9\n|\n|t:|1701117467\n|move|p1a: Eiscue|Icicle Crash|p2a: Zapdos\n|-supereffective|p2a: Zapdos\n|-damage|p2a: Zapdos|26\/100\n|move|p2a: Zapdos|Heat Wave|p1a: Eiscue\n|-supereffective|p1a: Eiscue\n|-damage|p1a: Eiscue|0 fnt\n|faint|p1a: Eiscue\n|\n|upkeep\n|\n|t:|1701117481\n|switch|p1a: Ninetales|Ninetales-Alola, M|79\/100\n|-damage|p1a: Ninetales|62\/100|[from] Spikes\n|-weather|Snow|[from] ability: Snow Warning|[of] p1a: Ninetales\n|turn|10\n|\n|t:|1701117487\n|move|p1a: Ninetales|Aurora Veil|p1a: Ninetales\n|-sidestart|p1: LM1502|move: Aurora Veil\n|move|p2a: Zapdos|Roost|p2a: Zapdos\n|-heal|p2a: Zapdos|76\/100\n|-singleturn|p2a: Zapdos|move: Roost\n|\n|-weather|Snow|[upkeep]\n|upkeep\n|turn|11\n|\n|t:|1701117494\n|switch|p2a: Gholdengo|Gholdengo|76\/100\n|move|p1a: Ninetales|Blizzard|p2a: Gholdengo\n|-resisted|p2a: Gholdengo\n|-damage|p2a: Gholdengo|53\/100\n|-status|p2a: Gholdengo|frz\n|\n|-weather|Snow|[upkeep]\n|upkeep\n|turn|12\n|\n|t:|1701117499\n|move|p1a: Ninetales|Blizzard|p2a: Gholdengo\n|-resisted|p2a: Gholdengo\n|-damage|p2a: Gholdengo|29\/100 frz\n|cant|p2a: Gholdengo|frz\n|\n|-weather|Snow|[upkeep]\n|upkeep\n|turn|13\n|\n|t:|1701117505\n|move|p1a: Ninetales|Blizzard|p2a: Gholdengo\n|-resisted|p2a: Gholdengo\n|-damage|p2a: Gholdengo|5\/100 frz\n|cant|p2a: Gholdengo|frz\n|\n|-weather|Snow|[upkeep]\n|upkeep\n|turn|14\n|n|!dergonu_1|dergonu1\n|\n|t:|1701117520\n|move|p1a: Ninetales|Moonblast|p2a: Gholdengo\n|-resisted|p2a: Gholdengo\n|-damage|p2a: Gholdengo|0 fnt\n|faint|p2a: Gholdengo\n|\n|-weather|none\n|upkeep\n|inactive|dergonu_1 has 120 seconds left.\n|\n|t:|1701117551\n|switch|p2a: Samurott|Samurott-Hisui, M|1\/100\n|turn|15\n|inactive|dergonu_1 has 120 seconds left.\n|\n|t:|1701117556\n|move|p2a: Samurott|Aqua Jet|p1a: Ninetales\n|-damage|p1a: Ninetales|48\/100\n|move|p1a: Ninetales|Moonblast|p2a: Samurott\n|-supereffective|p2a: Samurott\n|-damage|p2a: Samurott|0 fnt\n|faint|p2a: Samurott\n|\n|upkeep\n|inactive|dergonu_1 has 120 seconds left.\n|\n|t:|1701117583\n|switch|p2a: Zapdos|Zapdos|76\/100\n|turn|16\n|\n|t:|1701117588\n|-terastallize|p2a: Zapdos|Steel\n|move|p1a: Ninetales|Blizzard|p2a: Zapdos\n|-resisted|p2a: Zapdos\n|-damage|p2a: Zapdos|54\/100\n|move|p2a: Zapdos|Roost|p2a: Zapdos\n|-heal|p2a: Zapdos|100\/100\n|\n|upkeep\n|turn|17\n|\n|t:|1701117601\n|move|p1a: Ninetales|Encore|p2a: Zapdos\n|-start|p2a: Zapdos|Encore\n|move|p2a: Zapdos|Roost||[still]\n|-fail|p2a: Zapdos|heal\n|\n|-sideend|p1: LM1502|move: Aurora Veil\n|upkeep\n|turn|18\n|\n|t:|1701117614\n|switch|p1a: Iron Moth|Iron Moth|100\/100\n|-damage|p1a: Iron Moth|84\/100|[from] Spikes\n|-enditem|p1a: Iron Moth|Booster Energy\n|-activate|p1a: Iron Moth|ability: Quark Drive|[fromitem]\n|-start|p1a: Iron Moth|quarkdrivespa\n|move|p2a: Zapdos|Roost||[still]\n|-fail|p2a: Zapdos|heal\n|\n|upkeep\n|turn|19\n|\n|t:|1701117624\n|move|p1a: Iron Moth|Fiery Dance|p2a: Zapdos\n|-supereffective|p2a: Zapdos\n|-damage|p2a: Zapdos|0 fnt\n|-boost|p1a: Iron Moth|spa|1\n|faint|p2a: Zapdos\n|\n|upkeep\n|inactive|dergonu_1 has 120 seconds left.\n|\n|t:|1701117640\n|switch|p2a: Great Tusk|Great Tusk|100\/100\n|turn|20\n|\n|t:|1701117659\n|move|p1a: Iron Moth|Energy Ball|p2a: Great Tusk\n|-supereffective|p2a: Great Tusk\n|-damage|p2a: Great Tusk|0 fnt\n|faint|p2a: Great Tusk\n|-end|p2a: Great Tusk|Protosynthesis|[silent]\n|\n|upkeep\n|inactive|dergonu_1 has 120 seconds left.\n|-message|dergonu_1 forfeited.\n|\n|win|LM1502\n|raw|LM1502's rating: 1098 &rarr; <strong>1129<\/strong><br \/>(+31 for winning)\n|raw|dergonu_1's rating: 1183 &rarr; <strong>1152<\/strong><br \/>(-31 for losing)\n|l|!dergonu_1\n","uploadtime":1701117512,"views":2,"p1id":"lm1502","p2id":"dergonu1","formatid":"gen9ou","rating":1129,"private":0,"password":""}