{"id":"gen9ou-1994770713","p1":"Silver Jay#2240","p2":"Skaraptor2.1","format":"[Gen 9] OU","log":"|j|\u2606Silver Jay#2240\n|j|\u2606Skaraptor2.1\n|t:|1700491106\n|gametype|singles\n|player|p1|Silver Jay#2240|klara|1458\n|player|p2|Skaraptor2.1|bodybuilderf-gen9|1347\n|teamsize|p1|6\n|teamsize|p2|6\n|gen|9\n|tier|[Gen 9] OU\n|rated|\n|rule|Sleep Clause Mod: Limit one foe put to sleep\n|rule|Species Clause: Limit one of each Pok\u00e9mon\n|rule|OHKO Clause: OHKO moves are banned\n|rule|Evasion Items Clause: Evasion items are banned\n|rule|Evasion Moves Clause: Evasion moves are banned\n|rule|Endless Battle Clause: Forcing endless battles is banned\n|rule|HP Percentage Mod: HP is shown in percentages\n|clearpoke\n|poke|p1|Bellibolt, F|\n|poke|p1|Slowking-Galar, F|\n|poke|p1|Heatran, F|\n|poke|p1|Rillaboom, F|\n|poke|p1|Ogerpon-Wellspring, F|\n|poke|p1|Iron Valiant|\n|poke|p2|Ribombee, M|\n|poke|p2|Ogerpon-Wellspring, F|\n|poke|p2|Great Tusk|\n|poke|p2|Zamazenta-*|\n|poke|p2|Iron Valiant|\n|poke|p2|Kingambit, F|\n|teampreview\n|inactive|Battle timer is ON: inactive players will automatically lose when time's up. (requested by Skaraptor2.1)\n|\n|t:|1700491115\n|start\n|switch|p1a: Iron Valiant|Iron Valiant|100\/100\n|switch|p2a: Twink|Ribombee, M|100\/100\n|-enditem|p1a: Iron Valiant|Booster Energy\n|-activate|p1a: Iron Valiant|ability: Quark Drive|[fromitem]\n|-start|p1a: Iron Valiant|quarkdrivespe\n|turn|1\n|\n|t:|1700491124\n|move|p1a: Iron Valiant|Moonblast|p2a: Twink\n|-damage|p2a: Twink|31\/100\n|move|p2a: Twink|Sticky Web|p1a: Iron Valiant\n|-sidestart|p1: Silver Jay#2240|move: Sticky Web\n|\n|upkeep\n|turn|2\n|\n|t:|1700491127\n|move|p1a: Iron Valiant|Encore|p2a: Twink\n|-start|p2a: Twink|Encore\n|move|p2a: Twink|Sticky Web||[still]\n|-fail|p2a: Twink\n|\n|upkeep\n|turn|3\n|\n|t:|1700491129\n|switch|p2a: Bigender|Iron Valiant|100\/100\n|-enditem|p2a: Bigender|Booster Energy\n|-activate|p2a: Bigender|ability: Quark Drive|[fromitem]\n|-start|p2a: Bigender|quarkdrivespe\n|move|p1a: Iron Valiant|Calm Mind|p1a: Iron Valiant\n|-boost|p1a: Iron Valiant|spa|1\n|-boost|p1a: Iron Valiant|spd|1\n|\n|upkeep\n|turn|4\n|c|\u2606Silver Jay#2240|i love twinka\n|\n|t:|1700491137\n|move|p2a: Bigender|Destiny Bond|p2a: Bigender\n|-singlemove|p2a: Bigender|Destiny Bond\n|move|p1a: Iron Valiant|Moonblast|p2a: Bigender\n|-supereffective|p2a: Bigender\n|-damage|p2a: Bigender|0 fnt\n|faint|p2a: Bigender\n|-activate|p2a: Bigender|move: Destiny Bond\n|-end|p2a: Bigender|Quark Drive|[silent]\n|faint|p1a: Iron Valiant\n|-end|p1a: Iron Valiant|Quark Drive|[silent]\n|\n|upkeep\n|\n|t:|1700491164\n|switch|p1a: Rillaboom|Rillaboom, F|100\/100\n|switch|p2a: Twink|Ribombee, M|31\/100\n|-activate|p1a: Rillaboom|move: Sticky Web\n|-unboost|p1a: Rillaboom|spe|1\n|-fieldstart|move: Grassy Terrain|[from] ability: Grassy Surge|[of] p1a: Rillaboom\n|turn|5\n|\n|t:|1700491176\n|switch|p1a: Ogerpon|Ogerpon-Wellspring, F|100\/100\n|-activate|p1a: Ogerpon|move: Sticky Web\n|-unboost|p1a: Ogerpon|spe|1\n|move|p2a: Twink|Moonblast|p1a: Ogerpon\n|-damage|p1a: Ogerpon|62\/100\n|-unboost|p1a: Ogerpon|spa|1\n|\n|-heal|p2a: Twink|37\/100|[from] Grassy Terrain\n|-heal|p1a: Ogerpon|68\/100|[from] Grassy Terrain\n|upkeep\n|turn|6\n|inactive|Silver Jay#2240 has 120 seconds left.\n|\n|t:|1700491199\n|move|p2a: Twink|Skill Swap|p1a: Ogerpon\n|-activate|p2a: Twink|move: Skill Swap|Water Absorb|Shield Dust|[of] p1a: Ogerpon\n|move|p1a: Ogerpon|Trailblaze|p2a: Twink\n|-resisted|p2a: Twink\n|-damage|p2a: Twink|5\/100\n|-boost|p1a: Ogerpon|spe|1\n|\n|-heal|p2a: Twink|11\/100|[from] Grassy Terrain\n|-heal|p1a: Ogerpon|74\/100|[from] Grassy Terrain\n|upkeep\n|turn|7\n|\n|t:|1700491205\n|move|p2a: Twink|Moonblast|p1a: Ogerpon\n|-damage|p1a: Ogerpon|39\/100\n|move|p1a: Ogerpon|Swords Dance|p1a: Ogerpon\n|-boost|p1a: Ogerpon|atk|2\n|\n|-heal|p2a: Twink|17\/100|[from] Grassy Terrain\n|-heal|p1a: Ogerpon|45\/100|[from] Grassy Terrain\n|upkeep\n|turn|8\n|\n|t:|1700491209\n|move|p2a: Twink|Moonblast|p1a: Ogerpon\n|-damage|p1a: Ogerpon|8\/100\n|move|p1a: Ogerpon|Trailblaze|p2a: Twink\n|-resisted|p2a: Twink\n|-damage|p2a: Twink|0 fnt\n|-boost|p1a: Ogerpon|spe|1\n|faint|p2a: Twink\n|\n|-heal|p1a: Ogerpon|14\/100|[from] Grassy Terrain\n|upkeep\n|\n|t:|1700491214\n|switch|p2a: Transfem|Ogerpon-Wellspring, F|100\/100\n|turn|9\n|\n|t:|1700491231\n|move|p1a: Ogerpon|Power Whip|p2a: Transfem\n|-damage|p2a: Transfem|0 fnt\n|faint|p2a: Transfem\n|\n|-heal|p1a: Ogerpon|20\/100|[from] Grassy Terrain\n|-fieldend|move: Grassy Terrain\n|upkeep\n|\n|t:|1700491237\n|switch|p2a: Defender of Trans|Zamazenta, shiny|100\/100\n|-ability|p2a: Defender of Trans|Dauntless Shield|boost\n|-boost|p2a: Defender of Trans|def|1\n|turn|10\n|inactive|Silver Jay#2240 has 120 seconds left.\n|\n|t:|1700491269\n|move|p1a: Ogerpon|Ivy Cudgel|p2a: Defender of Trans|[anim] Ivy Cudgel Water\n|-damage|p2a: Defender of Trans|51\/100\n|move|p2a: Defender of Trans|Iron Defense|p2a: Defender of Trans\n|-boost|p2a: Defender of Trans|def|2\n|\n|-heal|p2a: Defender of Trans|57\/100|[from] item: Leftovers\n|upkeep\n|turn|11\n|c|\u2606Silver Jay#2240|crit\n|inactive|Skaraptor2.1 has 120 seconds left.\n|\n|t:|1700491313\n|move|p1a: Ogerpon|Ivy Cudgel|p2a: Defender of Trans|[anim] Ivy Cudgel Water\n|-damage|p2a: Defender of Trans|25\/100\n|move|p2a: Defender of Trans|Iron Defense|p2a: Defender of Trans\n|-boost|p2a: Defender of Trans|def|2\n|\n|-heal|p2a: Defender of Trans|31\/100|[from] item: Leftovers\n|upkeep\n|turn|12\n|c|\u2606Silver Jay#2240|let me crit\n|\n|t:|1700491324\n|move|p1a: Ogerpon|Ivy Cudgel|p2a: Defender of Trans|[anim] Ivy Cudgel Water\n|-damage|p2a: Defender of Trans|7\/100\n|move|p2a: Defender of Trans|Body Press|p1a: Ogerpon\n|-damage|p1a: Ogerpon|0 fnt\n|faint|p1a: Ogerpon\n|\n|-heal|p2a: Defender of Trans|13\/100|[from] item: Leftovers\n|upkeep\n|\n|t:|1700491340\n|switch|p1a: Slowking|Slowking-Galar, F|100\/100\n|turn|13\n|c|\u2606Skaraptor2.1|Nuuu\n|inactive|Skaraptor2.1 has 120 seconds left.\n|l|\u2606Skaraptor2.1\n|inactive|Skaraptor2.1 disconnected and has a minute to reconnect!\n|player|p2|\n|j|\u2606Skaraptor2.1\n|inactive|Skaraptor2.1 reconnected and has 115 seconds left.\n|player|p2|Skaraptor2.1|bodybuilderf-gen9\n|\n|t:|1700491359\n|-terastallize|p2a: Defender of Trans|Fire\n|move|p2a: Defender of Trans|Body Press|p1a: Slowking\n|-resisted|p1a: Slowking\n|-damage|p1a: Slowking|69\/100\n|move|p1a: Slowking|Sludge Bomb|p2a: Defender of Trans\n|-damage|p2a: Defender of Trans|0 fnt\n|faint|p2a: Defender of Trans\n|\n|upkeep\n|\n|t:|1700491364\n|switch|p2a: Queengambit|Kingambit, F|100\/100\n|-activate|p2a: Queengambit|ability: Supreme Overlord\n|-start|p2a: Queengambit|fallen4|[silent]\n|turn|14\n|c|\u2606Silver Jay#2240|why tera..????\n|\n|t:|1700491374\n|move|p2a: Queengambit|Swords Dance|p2a: Queengambit\n|-boost|p2a: Queengambit|atk|2\n|move|p1a: Slowking|Thunder Wave|p2a: Queengambit\n|-status|p2a: Queengambit|par\n|\n|upkeep\n|turn|15\n|\n|t:|1700491379\n|move|p2a: Queengambit|Iron Head|p1a: Slowking\n|-damage|p1a: Slowking|0 fnt\n|faint|p1a: Slowking\n|\n|upkeep\n|\n|t:|1700491385\n|switch|p1a: Bellibolt|Bellibolt, F|100\/100\n|turn|16\n|\n|t:|1700491389\n|move|p1a: Bellibolt|Soak|p2a: Queengambit\n|-start|p2a: Queengambit|typechange|Water\n|move|p2a: Queengambit|Low Kick|p1a: Bellibolt\n|-damage|p1a: Bellibolt|33\/100\n|\n|upkeep\n|turn|17\n|\n|t:|1700491395\n|move|p2a: Queengambit|Sucker Punch|p1a: Bellibolt\n|-damage|p1a: Bellibolt|0 fnt\n|faint|p1a: Bellibolt\n|\n|upkeep\n|\n|t:|1700491397\n|switch|p1a: Rillaboom|Rillaboom, F|100\/100\n|-activate|p1a: Rillaboom|move: Sticky Web\n|-unboost|p1a: Rillaboom|spe|1\n|-fieldstart|move: Grassy Terrain|[from] ability: Grassy Surge|[of] p1a: Rillaboom\n|turn|18\n|\n|t:|1700491414\n|move|p1a: Rillaboom|U-turn|p2a: Queengambit\n|-damage|p2a: Queengambit|73\/100 par\n|\n|t:|1700491415\n|switch|p1a: Heatran|Heatran, F|100\/100|[from] U-turn\n|-activate|p1a: Heatran|move: Sticky Web\n|-unboost|p1a: Heatran|spe|1\n|cant|p2a: Queengambit|par\n|\n|-heal|p2a: Queengambit|79\/100 par|[from] Grassy Terrain\n|-heal|p2a: Queengambit|85\/100 par|[from] item: Leftovers\n|upkeep\n|turn|19\n|c|\u2606Skaraptor2.1|I kind of expected a double switch\n|\n|t:|1700491426\n|move|p2a: Queengambit|Sucker Punch|p1a: Heatran\n|-crit|p1a: Heatran\n|-damage|p1a: Heatran|0 fnt\n|faint|p1a: Heatran\n|\n|-heal|p2a: Queengambit|91\/100 par|[from] Grassy Terrain\n|-heal|p2a: Queengambit|98\/100 par|[from] item: Leftovers\n|upkeep\n|\n|t:|1700491428\n|switch|p1a: Rillaboom|Rillaboom, F|100\/100\n|-activate|p1a: Rillaboom|move: Sticky Web\n|-unboost|p1a: Rillaboom|spe|1\n|turn|20\n|\n|t:|1700491435\n|-terastallize|p1a: Rillaboom|Grass\n|move|p1a: Rillaboom|Grassy Glide|p2a: Queengambit\n|-supereffective|p2a: Queengambit\n|-damage|p2a: Queengambit|0 fnt\n|faint|p2a: Queengambit\n|-end|p2a: Queengambit|fallen4|[silent]\n|\n|upkeep\n|\n|t:|1700491440\n|switch|p2a: Raging Queer|Great Tusk|100\/100\n|turn|21\n|\n|t:|1700491445\n|move|p1a: Rillaboom|Grassy Glide|p2a: Raging Queer\n|-supereffective|p2a: Raging Queer\n|-damage|p2a: Raging Queer|0 fnt\n|faint|p2a: Raging Queer\n|-end|p2a: Raging Queer|Protosynthesis|[silent]\n|\n|win|Silver Jay#2240\n|raw|Silver Jay#2240's rating: 1477 &rarr; <strong>1490<\/strong><br \/>(+13 for winning)\n|raw|Skaraptor2.1's rating: 1347 &rarr; <strong>1334<\/strong><br \/>(-13 for losing)\n|l|\u2606Skaraptor2.1\n|l|\u2606Silver Jay#2240\n|j|\u2606Skaraptor2.1\n|player|p2|Skaraptor2.1|bodybuilderf-gen9\n","uploadtime":1700491449,"views":4,"p1id":"silverjay2240","p2id":"skaraptor21","formatid":"gen9ou","rating":1334,"private":0,"password":""}