{"id":"gen9ou-1993936192","p1":"fiddledick","p2":"paradox 420","format":"[Gen 9] OU","log":"|j|\u2606fiddledick\n|j|\u2606paradox 420\n|t:|1700378508\n|gametype|singles\n|player|p1|fiddledick|266|1243\n|player|p2|paradox 420|preschooler|1338\n|teamsize|p1|6\n|teamsize|p2|6\n|gen|9\n|tier|[Gen 9] OU\n|rated|\n|rule|Sleep Clause Mod: Limit one foe put to sleep\n|rule|Species Clause: Limit one of each Pok\u00e9mon\n|rule|OHKO Clause: OHKO moves are banned\n|rule|Evasion Items Clause: Evasion items are banned\n|rule|Evasion Moves Clause: Evasion moves are banned\n|rule|Endless Battle Clause: Forcing endless battles is banned\n|rule|HP Percentage Mod: HP is shown in percentages\n|clearpoke\n|poke|p1|Ribombee, F|\n|poke|p1|Iron Moth|\n|poke|p1|Zapdos|\n|poke|p1|Ogerpon-Wellspring, F|\n|poke|p1|Ting-Lu|\n|poke|p1|Great Tusk|\n|poke|p2|Sandy Shocks|\n|poke|p2|Great Tusk|\n|poke|p2|Iron Valiant|\n|poke|p2|Iron Moth|\n|poke|p2|Kingambit, M|\n|poke|p2|Rillaboom, F|\n|teampreview\n|inactive|Battle timer is ON: inactive players will automatically lose when time's up. (requested by fiddledick)\n|\n|t:|1700378524\n|start\n|switch|p1a: Iron Moth|Iron Moth|100\/100\n|switch|p2a: Great Tusk|Great Tusk|100\/100\n|-enditem|p1a: Iron Moth|Booster Energy\n|-activate|p1a: Iron Moth|ability: Quark Drive|[fromitem]\n|-start|p1a: Iron Moth|quarkdrivespe\n|-enditem|p2a: Great Tusk|Booster Energy\n|-activate|p2a: Great Tusk|ability: Protosynthesis|[fromitem]\n|-start|p2a: Great Tusk|protosynthesisspe\n|turn|1\n|\n|t:|1700378538\n|-terastallize|p1a: Iron Moth|Grass\n|move|p1a: Iron Moth|Energy Ball|p2a: Great Tusk\n|-supereffective|p2a: Great Tusk\n|-damage|p2a: Great Tusk|0 fnt\n|faint|p2a: Great Tusk\n|-end|p2a: Great Tusk|Protosynthesis|[silent]\n|\n|upkeep\n|\n|t:|1700378549\n|switch|p2a: Sandy Shocks|Sandy Shocks|100\/100\n|-enditem|p2a: Sandy Shocks|Booster Energy\n|-activate|p2a: Sandy Shocks|ability: Protosynthesis|[fromitem]\n|-start|p2a: Sandy Shocks|protosynthesisspe\n|turn|2\n|\n|t:|1700378554\n|-terastallize|p2a: Sandy Shocks|Bug\n|move|p1a: Iron Moth|Energy Ball|p2a: Sandy Shocks\n|-resisted|p2a: Sandy Shocks\n|-damage|p2a: Sandy Shocks|72\/100\n|move|p2a: Sandy Shocks|Tera Blast|p1a: Iron Moth|[anim] Tera Blast Bug\n|-supereffective|p1a: Iron Moth\n|-damage|p1a: Iron Moth|27\/100\n|\n|upkeep\n|turn|3\n|\n|t:|1700378563\n|-end|p2a: Sandy Shocks|Protosynthesis|[silent]\n|switch|p2a: Iron Moth|Iron Moth|100\/100\n|-enditem|p2a: Iron Moth|Booster Energy\n|-activate|p2a: Iron Moth|ability: Quark Drive|[fromitem]\n|-start|p2a: Iron Moth|quarkdrivespe\n|move|p1a: Iron Moth|Fiery Dance|p2a: Iron Moth\n|-resisted|p2a: Iron Moth\n|-damage|p2a: Iron Moth|80\/100\n|\n|upkeep\n|turn|4\n|c|\u2606fiddledick|you weird for that\n|c|\u2606fiddledick|why bug\n|c|\u2606paradox 420|playing around\n|\n|t:|1700378580\n|move|p1a: Iron Moth|Fiery Dance|p2a: Iron Moth\n|-resisted|p2a: Iron Moth\n|-damage|p2a: Iron Moth|60\/100\n|move|p2a: Iron Moth|Substitute|p2a: Iron Moth\n|-start|p2a: Iron Moth|Substitute\n|-damage|p2a: Iron Moth|35\/100\n|\n|upkeep\n|turn|5\n|c|\u2606paradox 420|not serious\n|\n|t:|1700378588\n|move|p1a: Iron Moth|Fiery Dance|p2a: Iron Moth\n|-resisted|p2a: Iron Moth\n|-activate|p2a: Iron Moth|move: Substitute|[damage]\n|move|p2a: Iron Moth|Fiery Dance|p1a: Iron Moth\n|-supereffective|p1a: Iron Moth\n|-damage|p1a: Iron Moth|0 fnt\n|faint|p1a: Iron Moth\n|-end|p1a: Iron Moth|Quark Drive|[silent]\n|\n|upkeep\n|\n|t:|1700378601\n|switch|p1a: Ting-Lu|Ting-Lu|100\/100\n|-ability|p1a: Ting-Lu|Vessel of Ruin\n|turn|6\n|c|\u2606fiddledick|lol\n|c|\u2606paradox 420|but it resists ground n grass\n|c|\u2606paradox 420|and hits grass\n|c|\u2606fiddledick|yeah it did\n|c|\u2606paradox 420|which the stabs can't\n|c|\u2606fiddledick|i was shooked\n|inactive|paradox 420 has 120 seconds left.\n|c|\u2606paradox 420|and hits dark\/psychic types in the tier too\n|\n|t:|1700378635\n|move|p2a: Iron Moth|Fiery Dance|p1a: Ting-Lu\n|-damage|p1a: Ting-Lu|85\/100\n|move|p1a: Ting-Lu|Earthquake|p2a: Iron Moth\n|-supereffective|p2a: Iron Moth\n|-end|p2a: Iron Moth|Substitute\n|\n|-heal|p1a: Ting-Lu|91\/100|[from] item: Leftovers\n|upkeep\n|turn|7\n|c|\u2606fiddledick|to bad they took away the move signal beam on most eletric types\n|\n|t:|1700378650\n|move|p2a: Iron Moth|Fiery Dance|p1a: Ting-Lu\n|-damage|p1a: Ting-Lu|74\/100\n|move|p1a: Ting-Lu|Whirlwind|p2a: Iron Moth\n|-end|p2a: Iron Moth|Quark Drive|[silent]\n|drag|p2a: Sandy Shocks|Sandy Shocks, tera:Bug|72\/100\n|\n|-heal|p1a: Ting-Lu|80\/100|[from] item: Leftovers\n|upkeep\n|turn|8\n|c|\u2606paradox 420|lol\n|\n|t:|1700378658\n|move|p2a: Sandy Shocks|Tera Blast|p1a: Ting-Lu|[anim] Tera Blast Bug\n|-supereffective|p1a: Ting-Lu\n|-damage|p1a: Ting-Lu|47\/100\n|move|p1a: Ting-Lu|Stealth Rock|p2a: Sandy Shocks\n|-sidestart|p2: paradox 420|move: Stealth Rock\n|\n|-heal|p1a: Ting-Lu|53\/100|[from] item: Leftovers\n|upkeep\n|turn|9\n|\n|t:|1700378666\n|move|p2a: Sandy Shocks|Tera Blast|p1a: Ting-Lu|[anim] Tera Blast Bug\n|-supereffective|p1a: Ting-Lu\n|-damage|p1a: Ting-Lu|23\/100\n|move|p1a: Ting-Lu|Whirlwind|p2a: Sandy Shocks\n|-end|p2a: Sandy Shocks|Protosynthesis|[silent]\n|drag|p2a: Rillaboom|Rillaboom, F|100\/100\n|-damage|p2a: Rillaboom|88\/100|[from] Stealth Rock\n|-fieldstart|move: Grassy Terrain|[from] ability: Grassy Surge|[of] p2a: Rillaboom\n|\n|-heal|p2a: Rillaboom|94\/100|[from] Grassy Terrain\n|-heal|p1a: Ting-Lu|29\/100|[from] Grassy Terrain\n|-heal|p1a: Ting-Lu|36\/100|[from] item: Leftovers\n|upkeep\n|turn|10\n|\n|t:|1700378678\n|move|p2a: Rillaboom|Drain Punch|p1a: Ting-Lu\n|-supereffective|p1a: Ting-Lu\n|-damage|p1a: Ting-Lu|0 fnt\n|-heal|p2a: Rillaboom|100\/100|[from] drain|[of] p1a: Ting-Lu\n|faint|p1a: Ting-Lu\n|-damage|p2a: Rillaboom|91\/100|[from] item: Life Orb\n|\n|-heal|p2a: Rillaboom|97\/100|[from] Grassy Terrain\n|upkeep\n|\n|t:|1700378694\n|switch|p1a: Zapdos|Zapdos|100\/100\n|turn|11\n|inactive|paradox 420 has 120 seconds left.\n|\n|t:|1700378731\n|switch|p2a: Sandy Shocks|Sandy Shocks, tera:Bug|72\/100\n|-damage|p2a: Sandy Shocks|47\/100|[from] Stealth Rock\n|move|p1a: Zapdos|Heat Wave|p2a: Sandy Shocks\n|-supereffective|p2a: Sandy Shocks\n|-damage|p2a: Sandy Shocks|0 fnt\n|faint|p2a: Sandy Shocks\n|-end|p2a: Sandy Shocks|Protosynthesis|[silent]\n|\n|upkeep\n|\n|t:|1700378736\n|switch|p2a: Iron Moth|Iron Moth|35\/100\n|-damage|p2a: Iron Moth|10\/100|[from] Stealth Rock\n|turn|12\n|c|\u2606fiddledick|hehe\n|\n|t:|1700378750\n|move|p2a: Iron Moth|Sludge Wave|p1a: Zapdos\n|-damage|p1a: Zapdos|53\/100\n|move|p1a: Zapdos|Heat Wave|p2a: Iron Moth\n|-resisted|p2a: Iron Moth\n|-damage|p2a: Iron Moth|0 fnt\n|faint|p2a: Iron Moth\n|-end|p2a: Iron Moth|Quark Drive|[silent]\n|\n|upkeep\n|inactive|paradox 420 has 120 seconds left.\n|c|\u2606paradox 420|hurricane?\n|c|\u2606fiddledick|i dont want to miss\n|\n|t:|1700378784\n|switch|p2a: Iron Valiant|Iron Valiant|100\/100\n|-damage|p2a: Iron Valiant|94\/100|[from] Stealth Rock\n|-enditem|p2a: Iron Valiant|Booster Energy\n|-activate|p2a: Iron Valiant|ability: Quark Drive|[fromitem]\n|-start|p2a: Iron Valiant|quarkdrivespe\n|turn|13\n|\n|t:|1700378795\n|switch|p1a: Ogerpon|Ogerpon-Wellspring, F|100\/100\n|move|p2a: Iron Valiant|Moonblast|p1a: Ogerpon\n|-damage|p1a: Ogerpon|47\/100\n|\n|-heal|p2a: Iron Valiant|100\/100|[from] Grassy Terrain\n|-heal|p1a: Ogerpon|53\/100|[from] Grassy Terrain\n|-fieldend|move: Grassy Terrain\n|upkeep\n|turn|14\n|\n|t:|1700378805\n|move|p2a: Iron Valiant|Moonblast|p1a: Ogerpon\n|-damage|p1a: Ogerpon|0 fnt\n|faint|p1a: Ogerpon\n|\n|upkeep\n|\n|t:|1700378807\n|switch|p1a: Ribombee|Ribombee, F|100\/100\n|turn|15\n|\n|t:|1700378814\n|move|p2a: Iron Valiant|Moonblast|p1a: Ribombee\n|-damage|p1a: Ribombee|19\/100\n|move|p1a: Ribombee|Stun Spore|p2a: Iron Valiant\n|-status|p2a: Iron Valiant|par\n|\n|upkeep\n|turn|16\n|inactive|paradox 420 has 120 seconds left.\n|\n|t:|1700378820\n|move|p1a: Ribombee|Moonblast|p2a: Iron Valiant\n|-supereffective|p2a: Iron Valiant\n|-damage|p2a: Iron Valiant|0 fnt\n|faint|p2a: Iron Valiant\n|-end|p2a: Iron Valiant|Quark Drive|[silent]\n|\n|upkeep\n|inactive|paradox 420 has 120 seconds left.\n|\n|t:|1700378826\n|switch|p2a: Rillaboom|Rillaboom, F|97\/100\n|-damage|p2a: Rillaboom|84\/100|[from] Stealth Rock\n|-fieldstart|move: Grassy Terrain|[from] ability: Grassy Surge|[of] p2a: Rillaboom\n|turn|17\n|\n|t:|1700378832\n|move|p1a: Ribombee|Sticky Web|p2a: Rillaboom\n|-sidestart|p2: paradox 420|move: Sticky Web\n|move|p2a: Rillaboom|Swords Dance|p2a: Rillaboom\n|-boost|p2a: Rillaboom|atk|2\n|\n|-heal|p1a: Ribombee|25\/100|[from] Grassy Terrain\n|-heal|p2a: Rillaboom|91\/100|[from] Grassy Terrain\n|upkeep\n|turn|18\n|\n|t:|1700378838\n|move|p1a: Ribombee|Moonblast|p2a: Rillaboom\n|-damage|p2a: Rillaboom|40\/100\n|move|p2a: Rillaboom|Swords Dance|p2a: Rillaboom\n|-boost|p2a: Rillaboom|atk|2\n|\n|-heal|p1a: Ribombee|31\/100|[from] Grassy Terrain\n|-heal|p2a: Rillaboom|47\/100|[from] Grassy Terrain\n|upkeep\n|turn|19\n|\n|t:|1700378842\n|move|p2a: Rillaboom|Grassy Glide|p1a: Ribombee\n|-resisted|p1a: Ribombee\n|-damage|p1a: Ribombee|0 fnt\n|faint|p1a: Ribombee\n|-damage|p2a: Rillaboom|37\/100|[from] item: Life Orb\n|\n|-heal|p2a: Rillaboom|43\/100|[from] Grassy Terrain\n|upkeep\n|\n|t:|1700378844\n|switch|p1a: Great Tusk|Great Tusk|100\/100\n|-enditem|p1a: Great Tusk|Booster Energy\n|-activate|p1a: Great Tusk|ability: Protosynthesis|[fromitem]\n|-start|p1a: Great Tusk|protosynthesisspe\n|turn|20\n|\n|t:|1700378849\n|move|p2a: Rillaboom|Grassy Glide|p1a: Great Tusk\n|-supereffective|p1a: Great Tusk\n|-damage|p1a: Great Tusk|0 fnt\n|faint|p1a: Great Tusk\n|-end|p1a: Great Tusk|Protosynthesis|[silent]\n|-damage|p2a: Rillaboom|33\/100|[from] item: Life Orb\n|\n|-heal|p2a: Rillaboom|39\/100|[from] Grassy Terrain\n|upkeep\n|\n|t:|1700378852\n|switch|p1a: Zapdos|Zapdos|53\/100\n|turn|21\n|\n|t:|1700378855\n|move|p2a: Rillaboom|Grassy Glide|p1a: Zapdos\n|-resisted|p1a: Zapdos\n|-damage|p1a: Zapdos|0 fnt\n|-status|p2a: Rillaboom|par|[from] ability: Static|[of] p1a: Zapdos\n|faint|p1a: Zapdos\n|-damage|p2a: Rillaboom|29\/100 par|[from] item: Life Orb\n|\n|win|paradox 420\n|raw|fiddledick's rating: 1243 &rarr; <strong>1225<\/strong><br \/>(-18 for losing)\n|raw|paradox 420's rating: 1338 &rarr; <strong>1353<\/strong><br \/>(+15 for winning)\n|c|\u2606fiddledick|wow\n","uploadtime":1700378860,"views":15,"p1id":"fiddledick","p2id":"paradox420","formatid":"gen9ou","rating":1225,"private":0,"password":""}