{"id":"gen9ou-1993498800","p1":"Uquelando","p2":"jimaKAC","format":"[Gen 9] OU","log":"|j|\u2606Uquelando\n|j|\u2606jimaKAC\n|t:|1700325077\n|gametype|singles\n|player|p1|Uquelando|265|1187\n|player|p2|jimaKAC|flint|1093\n|teamsize|p1|6\n|teamsize|p2|6\n|gen|9\n|tier|[Gen 9] OU\n|rated|\n|rule|Sleep Clause Mod: Limit one foe put to sleep\n|rule|Species Clause: Limit one of each Pok\u00e9mon\n|rule|OHKO Clause: OHKO moves are banned\n|rule|Evasion Items Clause: Evasion items are banned\n|rule|Evasion Moves Clause: Evasion moves are banned\n|rule|Endless Battle Clause: Forcing endless battles is banned\n|rule|HP Percentage Mod: HP is shown in percentages\n|clearpoke\n|poke|p1|Poliwrath, M|\n|poke|p1|Pelipper, F|\n|poke|p1|Rillaboom, F|\n|poke|p1|Mamoswine, M|\n|poke|p1|Sneasler, F|\n|poke|p1|Overqwil, M|\n|poke|p2|Swanna, F|\n|poke|p2|Rillaboom, F|\n|poke|p2|Sneasler, M|\n|poke|p2|Cinderace, M|\n|poke|p2|Ribombee, M|\n|poke|p2|Great Tusk|\n|teampreview\n|\n|t:|1700325105\n|start\n|switch|p1a: Pelipper|Pelipper, F, shiny|100\/100\n|switch|p2a: Ribombee|Ribombee, M|100\/100\n|-weather|RainDance|[from] ability: Drizzle|[of] p1a: Pelipper\n|turn|1\n|\n|t:|1700325114\n|move|p2a: Ribombee|Sticky Web|p1a: Pelipper\n|-sidestart|p1: Uquelando|move: Sticky Web\n|move|p1a: Pelipper|Hurricane|p2a: Ribombee\n|-supereffective|p2a: Ribombee\n|-enditem|p2a: Ribombee|Focus Sash\n|-damage|p2a: Ribombee|1\/100\n|\n|-weather|RainDance|[upkeep]\n|upkeep\n|turn|2\n|\n|t:|1700325133\n|move|p2a: Ribombee|Tailwind|p2a: Ribombee\n|-sidestart|p2: jimaKAC|move: Tailwind\n|move|p1a: Pelipper|U-turn|p2a: Ribombee\n|-resisted|p2a: Ribombee\n|-damage|p2a: Ribombee|0 fnt\n|faint|p2a: Ribombee\n|\n|t:|1700325151\n|switch|p1a: Overqwil|Overqwil, M|100\/100|[from] U-turn\n|-activate|p1a: Overqwil|move: Sticky Web\n|-unboost|p1a: Overqwil|spe|1\n|\n|-weather|RainDance|[upkeep]\n|upkeep\n|\n|t:|1700325172\n|switch|p2a: Great Tusk|Great Tusk|100\/100\n|turn|3\n|\n|t:|1700325186\n|switch|p1a: Pelipper|Pelipper, F, shiny|100\/100\n|move|p2a: Great Tusk|Earthquake|p1a: Pelipper\n|-immune|p1a: Pelipper\n|\n|-weather|RainDance|[upkeep]\n|upkeep\n|turn|4\n|\n|t:|1700325193\n|-end|p2a: Great Tusk|Protosynthesis|[silent]\n|switch|p2a: Rillaboom|Rillaboom, F|100\/100\n|-fieldstart|move: Grassy Terrain|[from] ability: Grassy Surge|[of] p2a: Rillaboom\n|move|p1a: Pelipper|Hurricane|p2a: Rillaboom\n|-supereffective|p2a: Rillaboom\n|-damage|p2a: Rillaboom|0 fnt\n|faint|p2a: Rillaboom\n|\n|-weather|RainDance|[upkeep]\n|upkeep\n|\n|t:|1700325208\n|switch|p2a: Sneasler|Sneasler, M|100\/100\n|-enditem|p2a: Sneasler|Grassy Seed\n|-boost|p2a: Sneasler|def|1|[from] item: Grassy Seed\n|turn|5\n|\n|t:|1700325235\n|-terastallize|p2a: Sneasler|Flying\n|move|p2a: Sneasler|Swords Dance|p2a: Sneasler\n|-boost|p2a: Sneasler|atk|2\n|move|p1a: Pelipper|Hurricane|p2a: Sneasler\n|-damage|p2a: Sneasler|51\/100\n|\n|-weather|RainDance|[upkeep]\n|-sideend|p2: jimaKAC|move: Tailwind\n|upkeep\n|turn|6\n|\n|t:|1700325258\n|switch|p1a: Mamoswine|Mamoswine, M|100\/100\n|-activate|p1a: Mamoswine|move: Sticky Web\n|-unboost|p1a: Mamoswine|spe|1\n|move|p2a: Sneasler|Acrobatics|p1a: Mamoswine\n|-enditem|p1a: Mamoswine|Focus Sash\n|-damage|p1a: Mamoswine|1\/100\n|\n|-weather|RainDance|[upkeep]\n|-heal|p1a: Mamoswine|7\/100|[from] Grassy Terrain\n|upkeep\n|turn|7\n|\n|t:|1700325269\n|move|p1a: Mamoswine|Ice Shard|p2a: Sneasler\n|-supereffective|p2a: Sneasler\n|-damage|p2a: Sneasler|6\/100\n|move|p2a: Sneasler|Dire Claw|p1a: Mamoswine\n|-resisted|p1a: Mamoswine\n|-damage|p1a: Mamoswine|0 fnt\n|faint|p1a: Mamoswine\n|\n|-weather|RainDance|[upkeep]\n|upkeep\n|\n|t:|1700325297\n|switch|p1a: Sneasler|Sneasler, F|100\/100\n|-activate|p1a: Sneasler|move: Sticky Web\n|-unboost|p1a: Sneasler|spe|1\n|-enditem|p1a: Sneasler|Grassy Seed\n|-boost|p1a: Sneasler|def|1|[from] item: Grassy Seed\n|turn|8\n|\n|t:|1700325308\n|move|p2a: Sneasler|Acrobatics|p1a: Sneasler\n|-supereffective|p1a: Sneasler\n|-damage|p1a: Sneasler|0 fnt\n|faint|p1a: Sneasler\n|\n|-weather|none\n|upkeep\n|\n|t:|1700325316\n|switch|p1a: Pelipper|Pelipper, F, shiny|100\/100\n|-weather|RainDance|[from] ability: Drizzle|[of] p1a: Pelipper\n|turn|9\n|\n|t:|1700325332\n|move|p2a: Sneasler|Acrobatics|p1a: Pelipper\n|-damage|p1a: Pelipper|0 fnt\n|faint|p1a: Pelipper\n|\n|-weather|RainDance|[upkeep]\n|upkeep\n|\n|t:|1700325340\n|switch|p1a: Rillaboom|Rillaboom, F|100\/100\n|-activate|p1a: Rillaboom|move: Sticky Web\n|-unboost|p1a: Rillaboom|spe|1\n|turn|10\n|\n|t:|1700325352\n|move|p1a: Rillaboom|Grassy Glide|p2a: Sneasler\n|-resisted|p2a: Sneasler\n|-damage|p2a: Sneasler|0 fnt\n|faint|p2a: Sneasler\n|\n|-weather|RainDance|[upkeep]\n|upkeep\n|\n|t:|1700325358\n|switch|p2a: Swanna|Swanna, F|100\/100\n|turn|11\n|\n|t:|1700325363\n|switch|p1a: Overqwil|Overqwil, M|100\/100\n|-activate|p1a: Overqwil|move: Sticky Web\n|-unboost|p1a: Overqwil|spe|1\n|move|p2a: Swanna|Brave Bird|p1a: Overqwil\n|-damage|p1a: Overqwil|44\/100\n|-damage|p2a: Swanna|80\/100|[from] Recoil\n|\n|-weather|RainDance|[upkeep]\n|-heal|p1a: Overqwil|50\/100|[from] Grassy Terrain\n|-fieldend|move: Grassy Terrain\n|upkeep\n|turn|12\n|\n|t:|1700325375\n|move|p2a: Swanna|Brave Bird|p1a: Overqwil\n|-damage|p1a: Overqwil|0 fnt\n|faint|p1a: Overqwil\n|-damage|p2a: Swanna|62\/100|[from] Recoil\n|\n|-weather|RainDance|[upkeep]\n|upkeep\n|\n|t:|1700325383\n|switch|p1a: Poliwrath|Poliwrath, M, shiny|100\/100\n|-activate|p1a: Poliwrath|move: Sticky Web\n|-unboost|p1a: Poliwrath|spe|1\n|turn|13\n|\n|t:|1700325393\n|-terastallize|p1a: Poliwrath|Poison\n|move|p2a: Swanna|Brave Bird|p1a: Poliwrath\n|-damage|p1a: Poliwrath|41\/100\n|-enditem|p1a: Poliwrath|Sitrus Berry|[eat]\n|-heal|p1a: Poliwrath|66\/100|[from] item: Sitrus Berry\n|-damage|p2a: Swanna|40\/100|[from] Recoil\n|move|p1a: Poliwrath|Belly Drum|p1a: Poliwrath\n|-damage|p1a: Poliwrath|16\/100\n|-setboost|p1a: Poliwrath|atk|6|[from] move: Belly Drum\n|\n|-weather|RainDance|[upkeep]\n|upkeep\n|turn|14\n|\n|t:|1700325408\n|move|p2a: Swanna|Brave Bird|p1a: Poliwrath\n|-damage|p1a: Poliwrath|0 fnt\n|faint|p1a: Poliwrath\n|-damage|p2a: Swanna|35\/100|[from] Recoil\n|\n|-weather|RainDance|[upkeep]\n|upkeep\n|-message|Uquelando forfeited.\n|\n|win|jimaKAC\n|raw|Uquelando's rating: 1187 &rarr; <strong>1155<\/strong><br \/>(-32 for losing)\n|raw|jimaKAC's rating: 1093 &rarr; <strong>1126<\/strong><br \/>(+33 for winning)\n|l|\u2606Uquelando\n","uploadtime":1700325417,"views":10,"p1id":"uquelando","p2id":"jimakac","formatid":"gen9ou","rating":1126,"private":0,"password":""}