{"id":"gen9ou-1988284880","p1":"RSDPM","p2":"liltottofan","format":"[Gen 9] OU","log":"|j|\u2606RSDPM\n|j|\u2606liltottofan\n|t:|1699701611\n|gametype|singles\n|player|p1|RSDPM|riley|1337\n|player|p2|liltottofan|marlon|1316\n|teamsize|p1|6\n|teamsize|p2|6\n|gen|9\n|tier|[Gen 9] OU\n|rated|\n|rule|Sleep Clause Mod: Limit one foe put to sleep\n|rule|Species Clause: Limit one of each Pok\u00e9mon\n|rule|OHKO Clause: OHKO moves are banned\n|rule|Evasion Items Clause: Evasion items are banned\n|rule|Evasion Moves Clause: Evasion moves are banned\n|rule|Endless Battle Clause: Forcing endless battles is banned\n|rule|HP Percentage Mod: HP is shown in percentages\n|clearpoke\n|poke|p1|Wyrdeer, F|\n|poke|p1|Kleavor, M|\n|poke|p1|Ursaluna, F|\n|poke|p1|Basculegion-F, F|\n|poke|p1|Sneasler, F|\n|poke|p1|Overqwil, F|\n|poke|p2|Clefable, F|\n|poke|p2|Toxapex, F|\n|poke|p2|Sneasler, M|\n|poke|p2|Rillaboom, F|\n|poke|p2|Dragapult, M|\n|poke|p2|Typhlosion-Hisui, F|\n|teampreview\n|inactive|Battle timer is ON: inactive players will automatically lose when time's up. (requested by liltottofan)\n|\n|t:|1699701630\n|start\n|switch|p1a: Kleavor|Kleavor, M|100\/100\n|switch|p2a: Rillaboom|Rillaboom, F|100\/100\n|-fieldstart|move: Grassy Terrain|[from] ability: Grassy Surge|[of] p2a: Rillaboom\n|turn|1\n|\n|t:|1699701638\n|move|p1a: Kleavor|X-Scissor|p2a: Rillaboom\n|-supereffective|p2a: Rillaboom\n|-damage|p2a: Rillaboom|0 fnt\n|faint|p2a: Rillaboom\n|\n|upkeep\n|\n|t:|1699701646\n|switch|p2a: Clefable|Clefable, F, shiny|100\/100\n|turn|2\n|\n|t:|1699701654\n|switch|p1a: Overqwil|Overqwil, F|100\/100\n|-ability|p1a: Overqwil|Intimidate|boost\n|-unboost|p2a: Clefable|atk|1\n|move|p2a: Clefable|Cosmic Power|p2a: Clefable\n|-boost|p2a: Clefable|def|1\n|-boost|p2a: Clefable|spd|1\n|\n|upkeep\n|turn|3\n|\n|t:|1699701664\n|move|p1a: Overqwil|Toxic|p2a: Clefable\n|-status|p2a: Clefable|tox\n|move|p2a: Clefable|Stealth Rock|p1a: Overqwil\n|-sidestart|p1: RSDPM|move: Stealth Rock\n|\n|-damage|p2a: Clefable|94\/100 tox|[from] psn\n|upkeep\n|turn|4\n|\n|t:|1699701675\n|switch|p2a: Dragapult|Dragapult, M|100\/100\n|move|p1a: Overqwil|Spikes|p2a: Dragapult\n|-sidestart|p2: liltottofan|Spikes\n|\n|upkeep\n|turn|5\n|\n|t:|1699701682\n|move|p2a: Dragapult|Draco Meteor|p1a: Overqwil\n|-damage|p1a: Overqwil|0 fnt\n|-unboost|p2a: Dragapult|spa|2\n|faint|p1a: Overqwil\n|\n|-fieldend|move: Grassy Terrain\n|upkeep\n|\n|t:|1699701692\n|switch|p1a: Kleavor|Kleavor, M|100\/100\n|-damage|p1a: Kleavor|76\/100|[from] Stealth Rock\n|turn|6\n|\n|t:|1699701698\n|switch|p2a: Clefable|Clefable, F, shiny|94\/100 tox\n|-damage|p2a: Clefable|82\/100 tox|[from] Spikes\n|move|p1a: Kleavor|Stone Axe|p2a: Clefable\n|-damage|p2a: Clefable|23\/100 tox\n|-sidestart|p2: liltottofan|move: Stealth Rock\n|\n|-heal|p2a: Clefable|29\/100 tox|[from] item: Leftovers\n|-damage|p2a: Clefable|23\/100 tox|[from] psn\n|upkeep\n|turn|7\n|\n|t:|1699701709\n|move|p1a: Kleavor|Stone Axe|p2a: Clefable\n|-damage|p2a: Clefable|0 fnt\n|faint|p2a: Clefable\n|\n|upkeep\n|\n|t:|1699701715\n|switch|p2a: Dragapult|Dragapult, M|100\/100\n|-damage|p2a: Dragapult|88\/100|[from] Spikes\n|-damage|p2a: Dragapult|76\/100|[from] Stealth Rock\n|turn|8\n|\n|t:|1699701728\n|move|p1a: Kleavor|Stone Axe|p2a: Dragapult\n|-damage|p2a: Dragapult|4\/100\n|move|p2a: Dragapult|Draco Meteor|p1a: Kleavor\n|-damage|p1a: Kleavor|0 fnt\n|-unboost|p2a: Dragapult|spa|2\n|faint|p1a: Kleavor\n|\n|upkeep\n|\n|t:|1699701741\n|switch|p1a: Basculegion|Basculegion-F, F|100\/100\n|-damage|p1a: Basculegion|88\/100|[from] Stealth Rock\n|turn|9\n|\n|t:|1699701748\n|switch|p2a: Toxapex|Toxapex, F, shiny|100\/100\n|-damage|p2a: Toxapex|88\/100|[from] Spikes\n|-damage|p2a: Toxapex|75\/100|[from] Stealth Rock\n|move|p1a: Basculegion|Aqua Jet|p2a: Toxapex\n|-resisted|p2a: Toxapex\n|-damage|p2a: Toxapex|68\/100\n|-damage|p1a: Basculegion|78\/100|[from] item: Life Orb\n|\n|-heal|p2a: Toxapex|75\/100|[from] item: Black Sludge\n|upkeep\n|turn|10\n|\n|t:|1699701754\n|move|p1a: Basculegion|Shadow Ball|p2a: Toxapex\n|-damage|p2a: Toxapex|26\/100\n|-damage|p1a: Basculegion|68\/100|[from] item: Life Orb\n|move|p2a: Toxapex|Toxic|p1a: Basculegion\n|-status|p1a: Basculegion|tox\n|\n|-heal|p2a: Toxapex|33\/100|[from] item: Black Sludge\n|-damage|p1a: Basculegion|62\/100 tox|[from] psn\n|upkeep\n|turn|11\n|\n|t:|1699701764\n|switch|p2a: Sneasler|Sneasler, M, shiny|100\/100\n|-damage|p2a: Sneasler|88\/100|[from] Spikes\n|-damage|p2a: Sneasler|82\/100|[from] Stealth Rock\n|move|p1a: Basculegion|Shadow Ball|p2a: Sneasler\n|-damage|p2a: Sneasler|12\/100\n|-damage|p1a: Basculegion|52\/100 tox|[from] item: Life Orb\n|\n|-damage|p1a: Basculegion|40\/100 tox|[from] psn\n|upkeep\n|turn|12\n|\n|t:|1699701774\n|move|p1a: Basculegion|Aqua Jet|p2a: Sneasler\n|-damage|p2a: Sneasler|0 fnt\n|faint|p2a: Sneasler\n|-damage|p1a: Basculegion|30\/100 tox|[from] item: Life Orb\n|\n|-damage|p1a: Basculegion|12\/100 tox|[from] psn\n|upkeep\n|\n|t:|1699701776\n|switch|p2a: Dragapult|Dragapult, M|4\/100\n|-damage|p2a: Dragapult|0 fnt|[from] Spikes\n|faint|p2a: Dragapult\n|\n|t:|1699701778\n|switch|p2a: Toxapex|Toxapex, F, shiny|66\/100\n|-damage|p2a: Toxapex|53\/100|[from] Spikes\n|-damage|p2a: Toxapex|41\/100|[from] Stealth Rock\n|turn|13\n|\n|t:|1699701791\n|move|p1a: Basculegion|Shadow Ball|p2a: Toxapex\n|-damage|p2a: Toxapex|0 fnt\n|faint|p2a: Toxapex\n|-damage|p1a: Basculegion|2\/100 tox|[from] item: Life Orb\n|\n|-damage|p1a: Basculegion|0 fnt|[from] psn\n|faint|p1a: Basculegion\n|upkeep\n|\n|t:|1699701812\n|switch|p1a: Ursaluna|Ursaluna, F|100\/100\n|switch|p2a: Typhlosion|Typhlosion-Hisui, F, shiny|100\/100\n|-damage|p2a: Typhlosion|88\/100|[from] Spikes\n|-damage|p2a: Typhlosion|64\/100|[from] Stealth Rock\n|-damage|p1a: Ursaluna|94\/100|[from] Stealth Rock\n|turn|14\n|inactive|RSDPM has 120 seconds left.\n|\n|t:|1699701842\n|-terastallize|p2a: Typhlosion|Dark\n|move|p2a: Typhlosion|Calm Mind|p2a: Typhlosion\n|-boost|p2a: Typhlosion|spa|1\n|-boost|p2a: Typhlosion|spd|1\n|move|p1a: Ursaluna|Earthquake|p2a: Typhlosion\n|-damage|p2a: Typhlosion|0 fnt\n|faint|p2a: Typhlosion\n|\n|win|RSDPM\n|raw|RSDPM's rating: 1337 &rarr; <strong>1356<\/strong><br \/>(+19 for winning)\n|raw|liltottofan's rating: 1316 &rarr; <strong>1297<\/strong><br \/>(-19 for losing)\n|l|\u2606liltottofan\n","uploadtime":1699701859,"views":16,"p1id":"rsdpm","p2id":"liltottofan","formatid":"gen9ou","rating":1297,"private":0,"password":""}