{"id":"gen9ou-1999993541","p1":"poketough","p2":"FrostArcanine19","format":"[Gen 9] OU","log":"|j|\u2606poketough\n|j|\u2606FrostArcanine19\n|inactive|Battle timer is ON: inactive players will automatically lose when time's up.\n|t:|1701138770\n|gametype|singles\n|player|p1|poketough|emmet|\n|player|p2|FrostArcanine19|bellelba|\n|teamsize|p1|3\n|teamsize|p2|3\n|gen|9\n|tier|[Gen 9] OU\n|rated|Tournament battle\n|rule|Sleep Clause Mod: Limit one foe put to sleep\n|rule|Species Clause: Limit one of each Pok\u00e9mon\n|rule|OHKO Clause: OHKO moves are banned\n|rule|Evasion Items Clause: Evasion items are banned\n|rule|Evasion Moves Clause: Evasion moves are banned\n|rule|Endless Battle Clause: Forcing endless battles is banned\n|rule|HP Percentage Mod: HP is shown in percentages\n|clearpoke\n|poke|p1|Goodra-Hisui, M|\n|poke|p1|Quaquaval, F|\n|poke|p1|Houndoom, F|\n|poke|p2|Ceruledge, F|\n|poke|p2|Dragonite, F|\n|poke|p2|Inteleon, F|\n|teampreview\n|j|*Lady Monita \u2746\n|inactive|poketough also wants the timer to be on.\n|c|\u2606FrostArcanine19|glhf\n|c|\u2606poketough|glhf\n|\n|t:|1701138792\n|start\n|switch|p1a: Goodra|Goodra-Hisui, M, shiny|100\/100\n|switch|p2a: Inteleon|Inteleon, F, shiny|100\/100\n|turn|1\n|\n|t:|1701138798\n|move|p2a: Inteleon|Ice Beam|p1a: Goodra\n|-damage|p1a: Goodra|88\/100\n|move|p1a: Goodra|Dragon Pulse|p2a: Inteleon\n|-damage|p2a: Inteleon|29\/100\n|\n|upkeep\n|turn|2\n|c|\u2606FrostArcanine19|yourrrrrre jooooking\n|\n|t:|1701138813\n|move|p2a: Inteleon|Dark Pulse|p1a: Goodra\n|-damage|p1a: Goodra|75\/100\n|move|p1a: Goodra|Dragon Pulse|p2a: Inteleon\n|-damage|p2a: Inteleon|0 fnt\n|faint|p2a: Inteleon\n|\n|upkeep\n|\n|t:|1701138817\n|switch|p2a: Ceruledge|Ceruledge, F, shiny|100\/100\n|turn|3\n|\n|t:|1701138821\n|switch|p1a: Houndoom|Houndoom, F, shiny|100\/100\n|move|p2a: Ceruledge|Swords Dance|p2a: Ceruledge\n|-boost|p2a: Ceruledge|atk|2\n|\n|upkeep\n|turn|4\n|\n|t:|1701138825\n|move|p1a: Houndoom|Dark Pulse|p2a: Ceruledge\n|-supereffective|p2a: Ceruledge\n|-enditem|p2a: Ceruledge|Focus Sash\n|-damage|p2a: Ceruledge|1\/100\n|-damage|p1a: Houndoom|91\/100|[from] item: Life Orb\n|cant|p2a: Ceruledge|flinch\n|\n|upkeep\n|turn|5\n|c|\u2606FrostArcanine19|bro\n|c|\u2606FrostArcanine19|Not cool man\n|\n|t:|1701138846\n|move|p2a: Ceruledge|Shadow Sneak|p1a: Houndoom\n|-resisted|p1a: Houndoom\n|-damage|p1a: Houndoom|51\/100\n|move|p1a: Houndoom|Sludge Bomb|p2a: Ceruledge\n|-resisted|p2a: Ceruledge\n|-damage|p2a: Ceruledge|0 fnt\n|faint|p2a: Ceruledge\n|-damage|p1a: Houndoom|41\/100|[from] item: Life Orb\n|\n|upkeep\n|\n|t:|1701138848\n|switch|p2a: Dragonite|Dragonite, F, shiny|100\/100\n|turn|6\n|\n|t:|1701138853\n|move|p2a: Dragonite|Extreme Speed|p1a: Houndoom\n|-damage|p1a: Houndoom|0 fnt\n|faint|p1a: Houndoom\n|\n|upkeep\n|c|\u2606poketough|Band uh?\n|j| Im dumb srly\n|\n|t:|1701138874\n|switch|p1a: Goodra|Goodra-Hisui, M, shiny|75\/100\n|turn|7\n|c|\u2606FrostArcanine19|got that band on me no lesbo\n|\n|t:|1701138884\n|-terastallize|p2a: Dragonite|Normal\n|-terastallize|p1a: Goodra|Ghost\n|move|p2a: Dragonite|Dragon Dance|p2a: Dragonite\n|-boost|p2a: Dragonite|atk|1\n|-boost|p2a: Dragonite|spe|1\n|move|p1a: Goodra|Ice Beam|p2a: Dragonite\n|-damage|p2a: Dragonite|84\/100\n|\n|upkeep\n|turn|8\n|c|\u2606FrostArcanine19|i swear im gay that was a joke\n|\n|t:|1701138899\n|move|p2a: Dragonite|Roost|p2a: Dragonite\n|-heal|p2a: Dragonite|100\/100\n|move|p1a: Goodra|Dragon Pulse|p2a: Dragonite\n|-damage|p2a: Dragonite|79\/100\n|\n|upkeep\n|turn|9\n|\n|t:|1701138906\n|move|p2a: Dragonite|Roost|p2a: Dragonite\n|-heal|p2a: Dragonite|100\/100\n|move|p1a: Goodra|Dragon Pulse|p2a: Dragonite\n|-damage|p2a: Dragonite|78\/100\n|\n|upkeep\n|turn|10\n|\n|t:|1701138921\n|move|p2a: Dragonite|Dragon Dance|p2a: Dragonite\n|-boost|p2a: Dragonite|atk|1\n|-boost|p2a: Dragonite|spe|1\n|move|p1a: Goodra|Dragon Pulse|p2a: Dragonite\n|-damage|p2a: Dragonite|37\/100\n|\n|upkeep\n|turn|11\n|c|\u2606FrostArcanine19|sheeeesh\n|\n|t:|1701138932\n|move|p2a: Dragonite|Roost|p2a: Dragonite\n|-heal|p2a: Dragonite|87\/100\n|move|p1a: Goodra|Dragon Pulse|p2a: Dragonite\n|-damage|p2a: Dragonite|39\/100\n|\n|upkeep\n|turn|12\n|\n|t:|1701138936\n|move|p2a: Dragonite|Roost|p2a: Dragonite\n|-heal|p2a: Dragonite|89\/100\n|move|p1a: Goodra|Dragon Pulse|p2a: Dragonite\n|-damage|p2a: Dragonite|43\/100\n|\n|upkeep\n|turn|13\n|\n|t:|1701138938\n|move|p2a: Dragonite|Roost|p2a: Dragonite\n|-heal|p2a: Dragonite|93\/100\n|move|p1a: Goodra|Dragon Pulse|p2a: Dragonite\n|-damage|p2a: Dragonite|49\/100\n|\n|upkeep\n|turn|14\n|\n|t:|1701138942\n|move|p2a: Dragonite|Roost|p2a: Dragonite\n|-heal|p2a: Dragonite|99\/100\n|move|p1a: Goodra|Dragon Pulse|p2a: Dragonite\n|-damage|p2a: Dragonite|55\/100\n|\n|upkeep\n|turn|15\n|\n|t:|1701138946\n|move|p2a: Dragonite|Roost|p2a: Dragonite\n|-heal|p2a: Dragonite|100\/100\n|move|p1a: Goodra|Dragon Pulse|p2a: Dragonite\n|-damage|p2a: Dragonite|79\/100\n|\n|upkeep\n|turn|16\n|\n|t:|1701138956\n|move|p2a: Dragonite|Outrage|p1a: Goodra\n|-damage|p1a: Goodra|0 fnt\n|-ability|p1a: Goodra|Gooey\n|-unboost|p2a: Dragonite|spe|1\n|faint|p1a: Goodra\n|\n|upkeep\n|\n|t:|1701138959\n|switch|p1a: Quaquaval|Quaquaval, F, shiny|100\/100\n|turn|17\n|\n|t:|1701138966\n|move|p2a: Dragonite|Outrage|p1a: Quaquaval|[from]lockedmove\n|-damage|p1a: Quaquaval|0 fnt\n|faint|p1a: Quaquaval\n|\n|win|FrostArcanine19\n|n|\u2606poketough|poketough\n|n|\u2606FrostArcanine19|frostarcanine19\n|n|*Lady Monita \u2746|ladymonita\n|n| Im dumb srly|imdumbsrly\n","uploadtime":1701138967,"views":3,"p1id":"poketough","p2id":"frostarcanine19","formatid":"gen9ou","rating":0,"private":0,"password":""}