{"id":"gen9ou-1998376627","p1":"Airi Pearl","p2":"Unamed","format":"[Gen 9] OU","log":"|j|\u2606Airi Pearl\n|j|\u2606Unamed\n|t:|1700935459\n|gametype|singles\n|player|p1|Airi Pearl|#wcop2023latinamerica2|\n|player|p2|Unamed|rancher|\n|teamsize|p1|6\n|teamsize|p2|6\n|gen|9\n|tier|[Gen 9] OU\n|rule|Sleep Clause Mod: Limit one foe put to sleep\n|rule|Species Clause: Limit one of each Pok\u00e9mon\n|rule|OHKO Clause: OHKO moves are banned\n|rule|Evasion Items Clause: Evasion items are banned\n|rule|Evasion Moves Clause: Evasion moves are banned\n|rule|Endless Battle Clause: Forcing endless battles is banned\n|rule|HP Percentage Mod: HP is shown in percentages\n|clearpoke\n|poke|p1|Cinderace, M|\n|poke|p1|Landorus-Therian, M|\n|poke|p1|Kingambit, M|\n|poke|p1|Slowking-Galar, F|\n|poke|p1|Samurott-Hisui, F|\n|poke|p1|Dragapult, M|\n|poke|p2|Rillaboom, F|\n|poke|p2|Hawlucha, F|\n|poke|p2|Heatran, M|\n|poke|p2|Ogerpon-Wellspring, F|\n|poke|p2|Iron Moth|\n|poke|p2|Great Tusk|\n|teampreview\n|c|\u2606Unamed|hf\n|c|\u2606Airi Pearl|U2\n|\n|t:|1700935493\n|start\n|switch|p1a: Dragapult|Dragapult, M, shiny|100\/100\n|switch|p2a: Heatran|Heatran, M, shiny|100\/100\n|turn|1\n|\n|t:|1700935505\n|move|p1a: Dragapult|U-turn|p2a: Heatran\n|-resisted|p2a: Heatran\n|-damage|p2a: Heatran|96\/100\n|\n|t:|1700935513\n|switch|p1a: Samurott|Samurott-Hisui, F|100\/100|[from] U-turn\n|move|p2a: Heatran|Magma Storm|p1a: Samurott\n|-resisted|p1a: Samurott\n|-damage|p1a: Samurott|77\/100\n|-activate|p1a: Samurott|move: Magma Storm|[of] p2a: Heatran\n|\n|-heal|p2a: Heatran|100\/100|[from] item: Leftovers\n|-damage|p1a: Samurott|65\/100|[from] move: Magma Storm|[partiallytrapped]\n|upkeep\n|turn|2\n|\n|t:|1700935529\n|switch|p2a: Rillaboom|Rillaboom, F, shiny|100\/100\n|-fieldstart|move: Grassy Terrain|[from] ability: Grassy Surge|[of] p2a: Rillaboom\n|move|p1a: Samurott|Knock Off|p2a: Rillaboom\n|-damage|p2a: Rillaboom|58\/100\n|-enditem|p2a: Rillaboom|Choice Band|[from] move: Knock Off|[of] p1a: Samurott\n|\n|-heal|p1a: Samurott|71\/100|[from] Grassy Terrain\n|-heal|p2a: Rillaboom|64\/100|[from] Grassy Terrain\n|-end|p1a: Samurott|Magma Storm|[partiallytrapped]|[silent]\n|upkeep\n|turn|3\n|\n|t:|1700935544\n|switch|p1a: Cinderace|Cinderace, M, shiny|100\/100\n|move|p2a: Rillaboom|U-turn|p1a: Cinderace\n|-resisted|p1a: Cinderace\n|-damage|p1a: Cinderace|85\/100\n|\n|t:|1700935591\n|switch|p2a: Great Tusk|Great Tusk|100\/100|[from] U-turn\n|\n|-heal|p1a: Cinderace|91\/100|[from] Grassy Terrain\n|upkeep\n|turn|4\n|\n|t:|1700935594\n|move|p1a: Cinderace|Will-O-Wisp|p2a: Great Tusk\n|-status|p2a: Great Tusk|brn\n|move|p2a: Great Tusk|Headlong Rush|p1a: Cinderace\n|-supereffective|p1a: Cinderace\n|-damage|p1a: Cinderace|23\/100\n|-unboost|p2a: Great Tusk|def|1\n|-unboost|p2a: Great Tusk|spd|1\n|\n|-heal|p1a: Cinderace|29\/100|[from] Grassy Terrain\n|-damage|p2a: Great Tusk|94\/100 brn|[from] brn\n|upkeep\n|turn|5\n|\n|t:|1700935602\n|move|p1a: Cinderace|U-turn|p2a: Great Tusk\n|-resisted|p2a: Great Tusk\n|-damage|p2a: Great Tusk|85\/100 brn\n|\n|t:|1700935604\n|switch|p1a: Landorus|Landorus-Therian, M|100\/100|[from] U-turn\n|-ability|p1a: Landorus|Intimidate|boost\n|-unboost|p2a: Great Tusk|atk|1\n|move|p2a: Great Tusk|Ice Spinner|p1a: Landorus\n|-supereffective|p1a: Landorus\n|-damage|p1a: Landorus|64\/100\n|-fieldend|move: Grassy Terrain\n|\n|-damage|p2a: Great Tusk|79\/100 brn|[from] brn\n|upkeep\n|turn|6\n|\n|t:|1700935615\n|move|p1a: Landorus|U-turn|p2a: Great Tusk\n|-resisted|p2a: Great Tusk\n|-damage|p2a: Great Tusk|59\/100 brn\n|\n|t:|1700935620\n|switch|p1a: Slowking|Slowking-Galar, F, shiny|100\/100|[from] U-turn\n|move|p2a: Great Tusk|Ice Spinner|p1a: Slowking\n|-damage|p1a: Slowking|95\/100\n|\n|-damage|p2a: Great Tusk|53\/100 brn|[from] brn\n|upkeep\n|turn|7\n|\n|t:|1700935633\n|move|p2a: Great Tusk|Headlong Rush|p1a: Slowking\n|-supereffective|p1a: Slowking\n|-damage|p1a: Slowking|71\/100\n|-unboost|p2a: Great Tusk|def|1\n|-unboost|p2a: Great Tusk|spd|1\n|move|p1a: Slowking|Chilly Reception|p1a: Slowking\n|-weather|Snow\n|\n|t:|1700935638\n|switch|p1a: Dragapult|Dragapult, M, shiny|100\/100|[from] Chilly Reception\n|\n|-weather|Snow|[upkeep]\n|-damage|p2a: Great Tusk|47\/100 brn|[from] brn\n|upkeep\n|turn|8\n|\n|t:|1700935664\n|-end|p2a: Great Tusk|Protosynthesis|[silent]\n|switch|p2a: Heatran|Heatran, M, shiny|100\/100\n|move|p1a: Dragapult|Shadow Ball|p2a: Heatran\n|-damage|p2a: Heatran|45\/100\n|\n|-weather|Snow|[upkeep]\n|-heal|p2a: Heatran|51\/100|[from] item: Leftovers\n|upkeep\n|turn|9\n|\n|t:|1700935675\n|switch|p2a: Great Tusk|Great Tusk|47\/100 brn\n|move|p1a: Dragapult|Shadow Ball|p2a: Great Tusk\n|-damage|p2a: Great Tusk|0 fnt\n|faint|p2a: Great Tusk\n|-end|p2a: Great Tusk|Protosynthesis|[silent]\n|\n|-weather|Snow|[upkeep]\n|upkeep\n|\n|t:|1700935710\n|switch|p2a: Iron Moth|Iron Moth, shiny|100\/100\n|-enditem|p2a: Iron Moth|Booster Energy\n|-activate|p2a: Iron Moth|ability: Quark Drive|[fromitem]\n|-start|p2a: Iron Moth|quarkdrivespe\n|turn|10\n|\n|t:|1700935712\n|switch|p1a: Slowking|Slowking-Galar, F, shiny|100\/100\n|move|p2a: Iron Moth|Fiery Dance|p1a: Slowking\n|-damage|p1a: Slowking|65\/100\n|-boost|p2a: Iron Moth|spa|1\n|\n|-weather|Snow|[upkeep]\n|upkeep\n|turn|11\n|\n|t:|1700935722\n|move|p2a: Iron Moth|Fiery Dance|p1a: Slowking\n|-damage|p1a: Slowking|20\/100\n|-boost|p2a: Iron Moth|spa|1\n|move|p1a: Slowking|Thunder Wave|p2a: Iron Moth\n|-status|p2a: Iron Moth|par\n|\n|-weather|none\n|upkeep\n|turn|12\n|\n|t:|1700935756\n|move|p2a: Iron Moth|Fiery Dance|p1a: Slowking\n|-damage|p1a: Slowking|0 fnt\n|-boost|p2a: Iron Moth|spa|1\n|faint|p1a: Slowking\n|\n|upkeep\n|c|\u2606Airi Pearl|Kek\n|\n|t:|1700935765\n|switch|p1a: Samurott|Samurott-Hisui, F|71\/100\n|turn|13\n|j| DonSalvatore\n|\n|t:|1700935786\n|-end|p2a: Iron Moth|Quark Drive|[silent]\n|switch|p2a: Ogerpon|Ogerpon-Wellspring, F|100\/100\n|move|p1a: Samurott|Ceaseless Edge|p2a: Ogerpon\n|-damage|p2a: Ogerpon|44\/100\n|-sidestart|p2: Unamed|Spikes\n|\n|upkeep\n|turn|14\n|\n|t:|1700935793\n|switch|p1a: Kingambit|Kingambit, M, shiny|100\/100\n|-activate|p1a: Kingambit|ability: Supreme Overlord\n|-start|p1a: Kingambit|fallen1|[silent]\n|move|p2a: Ogerpon|Horn Leech|p1a: Kingambit\n|-resisted|p1a: Kingambit\n|-damage|p1a: Kingambit|82\/100\n|-heal|p2a: Ogerpon|56\/100|[from] drain|[of] p1a: Kingambit\n|\n|-heal|p1a: Kingambit|88\/100|[from] item: Leftovers\n|upkeep\n|turn|15\n|\n|t:|1700935804\n|move|p2a: Ogerpon|Ivy Cudgel|p1a: Kingambit|[anim] Ivy Cudgel Water\n|-crit|p1a: Kingambit\n|-damage|p1a: Kingambit|15\/100\n|move|p1a: Kingambit|Kowtow Cleave|p2a: Ogerpon\n|-damage|p2a: Ogerpon|0 fnt\n|faint|p2a: Ogerpon\n|\n|-heal|p1a: Kingambit|21\/100|[from] item: Leftovers\n|upkeep\n|\n|t:|1700935808\n|switch|p2a: Rillaboom|Rillaboom, F, shiny|64\/100\n|-damage|p2a: Rillaboom|51\/100|[from] Spikes\n|-fieldstart|move: Grassy Terrain|[from] ability: Grassy Surge|[of] p2a: Rillaboom\n|turn|16\n|\n|t:|1700935813\n|move|p2a: Rillaboom|U-turn|p1a: Kingambit\n|-damage|p1a: Kingambit|0 fnt\n|faint|p1a: Kingambit\n|-end|p1a: Kingambit|fallen1|[silent]\n|\n|t:|1700935819\n|switch|p2a: Iron Moth|Iron Moth, shiny|100\/100 par|[from] U-turn\n|-damage|p2a: Iron Moth|88\/100 par|[from] Spikes\n|\n|-heal|p2a: Iron Moth|94\/100 par|[from] Grassy Terrain\n|upkeep\n|\n|t:|1700935828\n|switch|p1a: Samurott|Samurott-Hisui, F|71\/100\n|turn|17\n|\n|t:|1700935833\n|move|p1a: Samurott|Flip Turn|p2a: Iron Moth\n|-supereffective|p2a: Iron Moth\n|-damage|p2a: Iron Moth|16\/100 par\n|\n|t:|1700935836\n|switch|p1a: Cinderace|Cinderace, M, shiny|29\/100|[from] Flip Turn\n|cant|p2a: Iron Moth|par\n|\n|-heal|p1a: Cinderace|35\/100|[from] Grassy Terrain\n|-heal|p2a: Iron Moth|22\/100 par|[from] Grassy Terrain\n|upkeep\n|turn|18\n|\n|t:|1700935857\n|-end|p2a: Iron Moth|Quark Drive|[silent]\n|switch|p2a: Heatran|Heatran, M, shiny|51\/100\n|-damage|p2a: Heatran|39\/100|[from] Spikes\n|move|p1a: Cinderace|U-turn|p2a: Heatran\n|-resisted|p2a: Heatran\n|-damage|p2a: Heatran|34\/100\n|\n|t:|1700935863\n|switch|p1a: Samurott|Samurott-Hisui, F|71\/100|[from] U-turn\n|\n|-heal|p1a: Samurott|77\/100|[from] Grassy Terrain\n|-heal|p2a: Heatran|40\/100|[from] Grassy Terrain\n|-heal|p2a: Heatran|46\/100|[from] item: Leftovers\n|upkeep\n|turn|19\n|\n|t:|1700935872\n|move|p1a: Samurott|Aqua Cutter|p2a: Heatran\n|-supereffective|p2a: Heatran\n|-crit|p2a: Heatran\n|-damage|p2a: Heatran|0 fnt\n|faint|p2a: Heatran\n|\n|-heal|p1a: Samurott|83\/100|[from] Grassy Terrain\n|upkeep\n|\n|t:|1700935875\n|switch|p2a: Hawlucha|Hawlucha, F, shiny|100\/100\n|-enditem|p2a: Hawlucha|Grassy Seed\n|-boost|p2a: Hawlucha|def|1|[from] item: Grassy Seed\n|turn|20\n|\n|t:|1700935879\n|move|p2a: Hawlucha|Swords Dance|p2a: Hawlucha\n|-boost|p2a: Hawlucha|atk|2\n|move|p1a: Samurott|Flip Turn|p2a: Hawlucha\n|-damage|p2a: Hawlucha|75\/100\n|\n|t:|1700935885\n|switch|p1a: Landorus|Landorus-Therian, M|64\/100|[from] Flip Turn\n|-ability|p1a: Landorus|Intimidate|boost\n|-unboost|p2a: Hawlucha|atk|1\n|\n|-fieldend|move: Grassy Terrain\n|upkeep\n|turn|21\n|l| DonSalvatore\n|\n|t:|1700935913\n|-terastallize|p1a: Landorus|Flying\n|move|p2a: Hawlucha|Swords Dance|p2a: Hawlucha\n|-boost|p2a: Hawlucha|atk|2\n|move|p1a: Landorus|Tera Blast|p2a: Hawlucha|[anim] Tera Blast Flying\n|-supereffective|p2a: Hawlucha\n|-damage|p2a: Hawlucha|0 fnt\n|faint|p2a: Hawlucha\n|\n|upkeep\n|j| DonSalvatore\n|c|\u2606Airi Pearl|gg\n|c|\u2606Unamed|gg\n|-message|Unamed forfeited.\n|\n|win|Airi Pearl\n|l| DonSalvatore\n","uploadtime":1700935936,"views":11,"p1id":"airipearl","p2id":"unamed","formatid":"gen9ou","rating":0,"private":0,"password":""}