{"id":"gen9ou-1989166270","p1":"Kmud8","p2":"Death of Mimikyu","format":"[Gen 9] OU","log":"|j|\u2606Kmud8\n|j|\u2606Death of Mimikyu\n|t:|1699819224\n|gametype|singles\n|player|p1|Kmud8|265|1280\n|player|p2|Death of Mimikyu|cynthia-masters3|1270\n|teamsize|p1|6\n|teamsize|p2|6\n|gen|9\n|tier|[Gen 9] OU\n|rated|\n|rule|Sleep Clause Mod: Limit one foe put to sleep\n|rule|Species Clause: Limit one of each Pok\u00e9mon\n|rule|OHKO Clause: OHKO moves are banned\n|rule|Evasion Items Clause: Evasion items are banned\n|rule|Evasion Moves Clause: Evasion moves are banned\n|rule|Endless Battle Clause: Forcing endless battles is banned\n|rule|HP Percentage Mod: HP is shown in percentages\n|clearpoke\n|poke|p1|Basculegion, M|\n|poke|p1|Tinkaton, F|\n|poke|p1|Iron Moth|\n|poke|p1|Conkeldurr, M|\n|poke|p1|Altaria, M|\n|poke|p1|Uxie|\n|poke|p2|Ceruledge, M|\n|poke|p2|Dragapult, M|\n|poke|p2|Ogerpon-Wellspring, F|\n|poke|p2|Sneasler, M|\n|poke|p2|Zamazenta-*|\n|poke|p2|Landorus-Therian, M|\n|teampreview\n|inactive|Battle timer is ON: inactive players will automatically lose when time's up. (requested by Death of Mimikyu)\n|\n|t:|1699819230\n|start\n|switch|p1a: Basculegion|Basculegion, M|100\/100\n|switch|p2a: Sneasler|Sneasler, M|100\/100\n|turn|1\n|\n|t:|1699819249\n|move|p1a: Basculegion|Wave Crash|p2a: Sneasler\n|-damage|p2a: Sneasler|0 fnt\n|faint|p2a: Sneasler\n|-damage|p1a: Basculegion|75\/100|[from] Recoil\n|\n|upkeep\n|\n|t:|1699819254\n|switch|p2a: Zamazenta|Zamazenta|100\/100\n|-ability|p2a: Zamazenta|Dauntless Shield|boost\n|-boost|p2a: Zamazenta|def|1\n|turn|2\n|\n|t:|1699819277\n|switch|p1a: Tinkaton|Tinkaton, F|100\/100\n|-ability|p1a: Tinkaton|Mold Breaker\n|move|p2a: Zamazenta|Iron Defense|p2a: Zamazenta\n|-boost|p2a: Zamazenta|def|2\n|\n|upkeep\n|turn|3\n|\n|t:|1699819297\n|move|p2a: Zamazenta|Substitute|p2a: Zamazenta\n|-start|p2a: Zamazenta|Substitute\n|-damage|p2a: Zamazenta|76\/100\n|move|p1a: Tinkaton|Thunder Wave||[still]\n|-fail|p1a: Tinkaton\n|\n|-heal|p2a: Zamazenta|82\/100|[from] item: Leftovers\n|upkeep\n|turn|4\n|\n|t:|1699819308\n|switch|p1a: Basculegion|Basculegion, M|75\/100\n|move|p2a: Zamazenta|Iron Defense|p2a: Zamazenta\n|-boost|p2a: Zamazenta|def|2\n|\n|-heal|p2a: Zamazenta|88\/100|[from] item: Leftovers\n|upkeep\n|turn|5\n|inactive|Death of Mimikyu has 120 seconds left.\n|\n|t:|1699819340\n|move|p1a: Basculegion|Wave Crash|p2a: Zamazenta\n|-activate|p2a: Zamazenta|move: Substitute|[damage]\n|-damage|p1a: Basculegion|69\/100|[from] Recoil|[of] p2a: Zamazenta\n|move|p2a: Zamazenta|Crunch|p1a: Basculegion\n|-supereffective|p1a: Basculegion\n|-damage|p1a: Basculegion|14\/100\n|-unboost|p1a: Basculegion|def|1\n|\n|-heal|p2a: Zamazenta|94\/100|[from] item: Leftovers\n|upkeep\n|turn|6\n|\n|t:|1699819353\n|move|p1a: Basculegion|Wave Crash|p2a: Zamazenta\n|-end|p2a: Zamazenta|Substitute\n|-damage|p1a: Basculegion|12\/100|[from] Recoil|[of] p2a: Zamazenta\n|move|p2a: Zamazenta|Crunch|p1a: Basculegion\n|-supereffective|p1a: Basculegion\n|-damage|p1a: Basculegion|0 fnt\n|faint|p1a: Basculegion\n|\n|-heal|p2a: Zamazenta|100\/100|[from] item: Leftovers\n|upkeep\n|\n|t:|1699819364\n|switch|p1a: Iron Moth|Iron Moth|100\/100\n|-enditem|p1a: Iron Moth|Booster Energy\n|-activate|p1a: Iron Moth|ability: Quark Drive|[fromitem]\n|-start|p1a: Iron Moth|quarkdrivespe\n|turn|7\n|\n|t:|1699819373\n|move|p1a: Iron Moth|Fiery Dance|p2a: Zamazenta\n|-damage|p2a: Zamazenta|70\/100\n|-boost|p1a: Iron Moth|spa|1\n|move|p2a: Zamazenta|Substitute|p2a: Zamazenta\n|-start|p2a: Zamazenta|Substitute\n|-damage|p2a: Zamazenta|45\/100\n|\n|-heal|p2a: Zamazenta|51\/100|[from] item: Leftovers\n|upkeep\n|turn|8\n|\n|t:|1699819386\n|move|p1a: Iron Moth|Fiery Dance|p2a: Zamazenta\n|-end|p2a: Zamazenta|Substitute\n|move|p2a: Zamazenta|Body Press|p1a: Iron Moth\n|-resisted|p1a: Iron Moth\n|-damage|p1a: Iron Moth|21\/100\n|\n|-heal|p2a: Zamazenta|58\/100|[from] item: Leftovers\n|upkeep\n|turn|9\n|inactive|Death of Mimikyu has 120 seconds left.\n|inactive|Death of Mimikyu has 90 seconds left.\n|\n|t:|1699819471\n|move|p1a: Iron Moth|Dazzling Gleam|p2a: Zamazenta\n|-supereffective|p2a: Zamazenta\n|-damage|p2a: Zamazenta|0 fnt\n|faint|p2a: Zamazenta\n|\n|upkeep\n|inactive|Death of Mimikyu has 60 seconds left.\n|inactive|Death of Mimikyu has 30 seconds left.\n|\n|t:|1699819515\n|switch|p2a: Ogerpon|Ogerpon-Wellspring, F|100\/100\n|turn|10\n|\n|t:|1699819521\n|-terastallize|p2a: Ogerpon|Water\n|detailschange|p2a: Ogerpon|Ogerpon-Wellspring-Tera, F, tera:Water\n|-ability|p2a: Ogerpon|Embody Aspect (Wellspring)|boost\n|-boost|p2a: Ogerpon|spd|1\n|move|p1a: Iron Moth|Sludge Wave|p2a: Ogerpon\n|-damage|p2a: Ogerpon|47\/100\n|move|p2a: Ogerpon|Trailblaze|p1a: Iron Moth\n|-resisted|p1a: Iron Moth\n|-damage|p1a: Iron Moth|9\/100\n|-boost|p2a: Ogerpon|spe|1\n|\n|upkeep\n|turn|11\n|\n|t:|1699819534\n|move|p2a: Ogerpon|Ivy Cudgel|p1a: Iron Moth\n|-supereffective|p1a: Iron Moth\n|-damage|p1a: Iron Moth|0 fnt\n|faint|p1a: Iron Moth\n|-end|p1a: Iron Moth|Quark Drive|[silent]\n|\n|upkeep\n|\n|t:|1699819551\n|switch|p1a: Conkeldurr|Conkeldurr, M|100\/100\n|turn|12\n|\n|t:|1699819558\n|move|p2a: Ogerpon|Horn Leech|p1a: Conkeldurr\n|-damage|p1a: Conkeldurr|65\/100\n|-heal|p2a: Ogerpon|71\/100|[from] drain|[of] p1a: Conkeldurr\n|move|p1a: Conkeldurr|Drain Punch|p2a: Ogerpon\n|-crit|p2a: Ogerpon\n|-damage|p2a: Ogerpon|0 fnt\n|-heal|p1a: Conkeldurr|91\/100|[from] drain|[of] p2a: Ogerpon\n|faint|p2a: Ogerpon\n|\n|-status|p1a: Conkeldurr|brn|[from] item: Flame Orb\n|upkeep\n|\n|t:|1699819562\n|switch|p2a: Ceruledge|Ceruledge, M|100\/100\n|turn|13\n|\n|t:|1699819573\n|move|p2a: Ceruledge|Swords Dance|p2a: Ceruledge\n|-boost|p2a: Ceruledge|atk|2\n|move|p1a: Conkeldurr|Knock Off|p2a: Ceruledge\n|-supereffective|p2a: Ceruledge\n|-enditem|p2a: Ceruledge|Focus Sash\n|-damage|p2a: Ceruledge|1\/100\n|-ability|p2a: Ceruledge|Weak Armor|boost\n|-unboost|p2a: Ceruledge|def|1\n|-boost|p2a: Ceruledge|spe|2\n|\n|-damage|p1a: Conkeldurr|85\/100 brn|[from] brn\n|upkeep\n|turn|14\n|inactive|Death of Mimikyu has 60 seconds left.\n|inactive|Kmud8 has 120 seconds left.\n|inactive|Death of Mimikyu has 30 seconds left.\n|\n|t:|1699819631\n|switch|p1a: Altaria|Altaria, M|100\/100\n|move|p2a: Ceruledge|Bitter Blade|p1a: Altaria\n|-resisted|p1a: Altaria\n|-damage|p1a: Altaria|52\/100\n|-heal|p2a: Ceruledge|30\/100|[from] drain|[of] p1a: Altaria\n|\n|upkeep\n|turn|15\n|\n|t:|1699819641\n|move|p2a: Ceruledge|Bitter Blade|p1a: Altaria\n|-resisted|p1a: Altaria\n|-damage|p1a: Altaria|6\/100\n|-heal|p2a: Ceruledge|59\/100|[from] drain|[of] p1a: Altaria\n|move|p1a: Altaria|Dragon Pulse|p2a: Ceruledge\n|-damage|p2a: Ceruledge|30\/100\n|\n|upkeep\n|turn|16\n|\n|t:|1699819651\n|move|p2a: Ceruledge|Bitter Blade|p1a: Altaria\n|-resisted|p1a: Altaria\n|-damage|p1a: Altaria|0 fnt\n|-heal|p2a: Ceruledge|33\/100|[from] drain|[of] p1a: Altaria\n|faint|p1a: Altaria\n|\n|upkeep\n|inactive|Kmud8 has 90 seconds left.\n|\n|t:|1699819680\n|switch|p1a: Uxie|Uxie|100\/100\n|turn|17\n|\n|t:|1699819688\n|-terastallize|p1a: Uxie|Dark\n|move|p2a: Ceruledge|Bitter Blade|p1a: Uxie\n|-damage|p1a: Uxie|52\/100\n|-heal|p2a: Ceruledge|63\/100|[from] drain|[of] p1a: Uxie\n|move|p1a: Uxie|Foul Play|p2a: Ceruledge\n|-supereffective|p2a: Ceruledge\n|-damage|p2a: Ceruledge|0 fnt\n|faint|p2a: Ceruledge\n|\n|-heal|p1a: Uxie|58\/100|[from] item: Leftovers\n|upkeep\n|\n|t:|1699819705\n|switch|p2a: Landorus|Landorus-Therian, M|100\/100\n|-ability|p2a: Landorus|Intimidate|boost\n|-unboost|p1a: Uxie|atk|1\n|turn|18\n|inactive|Kmud8 has 90 seconds left.\n|\n|t:|1699819716\n|move|p2a: Landorus|Swords Dance|p2a: Landorus\n|-boost|p2a: Landorus|atk|2\n|move|p1a: Uxie|Foul Play|p2a: Landorus\n|-crit|p2a: Landorus\n|-damage|p2a: Landorus|0 fnt\n|faint|p2a: Landorus\n|\n|-heal|p1a: Uxie|65\/100|[from] item: Leftovers\n|upkeep\n|\n|t:|1699819720\n|switch|p2a: Dragapult|Dragapult, M|100\/100\n|turn|19\n|\n|t:|1699819731\n|move|p2a: Dragapult|Dragon Dance|p2a: Dragapult\n|-boost|p2a: Dragapult|atk|1\n|-boost|p2a: Dragapult|spe|1\n|move|p1a: Uxie|Foul Play|p2a: Dragapult\n|-supereffective|p2a: Dragapult\n|-enditem|p2a: Dragapult|Focus Sash\n|-damage|p2a: Dragapult|1\/100\n|\n|-heal|p1a: Uxie|71\/100|[from] item: Leftovers\n|upkeep\n|turn|20\n|\n|t:|1699819744\n|move|p2a: Dragapult|Dragon Darts|p1a: Uxie\n|-damage|p1a: Uxie|47\/100\n|-anim|p2a: Dragapult|Dragon Darts|p1a: Uxie\n|-damage|p1a: Uxie|24\/100\n|move|p1a: Uxie|Foul Play|p2a: Dragapult\n|-supereffective|p2a: Dragapult\n|-damage|p2a: Dragapult|0 fnt\n|faint|p2a: Dragapult\n|\n|win|Kmud8\n|raw|Kmud8's rating: 1280 &rarr; <strong>1304<\/strong><br \/>(+24 for winning)\n|raw|Death of Mimikyu's rating: 1270 &rarr; <strong>1246<\/strong><br \/>(-24 for losing)\n|l|\u2606Death of Mimikyu\n","uploadtime":1699819764,"views":9,"p1id":"kmud8","p2id":"deathofmimikyu","formatid":"gen9ou","rating":1246,"private":0,"password":""}