{"id":"gen9ou-1989136427","p1":"simonKK","p2":"hgbvgfvc","format":"[Gen 9] OU","log":"|j|\u2606simonKK\n|j|\u2606hgbvgfvc\n|t:|1699816132\n|gametype|singles\n|player|p1|simonKK|2|1159\n|player|p2|hgbvgfvc|265|1126\n|teamsize|p1|6\n|teamsize|p2|6\n|gen|9\n|tier|[Gen 9] OU\n|rated|\n|rule|Sleep Clause Mod: Limit one foe put to sleep\n|rule|Species Clause: Limit one of each Pok\u00e9mon\n|rule|OHKO Clause: OHKO moves are banned\n|rule|Evasion Items Clause: Evasion items are banned\n|rule|Evasion Moves Clause: Evasion moves are banned\n|rule|Endless Battle Clause: Forcing endless battles is banned\n|rule|HP Percentage Mod: HP is shown in percentages\n|clearpoke\n|poke|p1|Greninja-*, M|\n|poke|p1|Enamorus, F|\n|poke|p1|Great Tusk|\n|poke|p1|Espeon, M|\n|poke|p1|Dragapult, F|\n|poke|p1|Goodra-Hisui, F|\n|poke|p2|Hoopa-Unbound|\n|poke|p2|Landorus-Therian, M|\n|poke|p2|Chandelure, F|\n|poke|p2|Dragonite, F|\n|poke|p2|Slowking-Galar, M|\n|poke|p2|Rotom-Wash|\n|teampreview\n|\n|t:|1699816140\n|start\n|switch|p1a: Dragapult|Dragapult, F|100\/100\n|switch|p2a: Hoopa|Hoopa-Unbound|100\/100\n|turn|1\n|\n|t:|1699816151\n|switch|p2a: Landorus|Landorus-Therian, M|100\/100\n|-ability|p2a: Landorus|Intimidate|boost\n|-unboost|p1a: Dragapult|atk|1\n|move|p1a: Dragapult|U-turn|p2a: Landorus\n|-resisted|p2a: Landorus\n|-damage|p2a: Landorus|90\/100\n|-damage|p1a: Dragapult|91\/100|[from] item: Life Orb\n|\n|t:|1699816160\n|switch|p1a: Greninja|Greninja, M|100\/100|[from] U-turn\n|\n|upkeep\n|turn|2\n|\n|t:|1699816168\n|switch|p2a: Slowking|Slowking-Galar, M|100\/100\n|move|p1a: Greninja|Ice Beam|p2a: Slowking\n|-damage|p2a: Slowking|86\/100\n|\n|-heal|p2a: Slowking|92\/100|[from] item: Leftovers\n|upkeep\n|turn|3\n|\n|t:|1699816179\n|move|p1a: Greninja|Dark Pulse|p2a: Slowking\n|-supereffective|p2a: Slowking\n|-damage|p2a: Slowking|51\/100\n|move|p2a: Slowking|Chilly Reception|p2a: Slowking\n|-weather|Snow\n|\n|t:|1699816191\n|switch|p2a: Hoopa|Hoopa-Unbound|100\/100|[from] Chilly Reception\n|\n|-weather|Snow|[upkeep]\n|upkeep\n|turn|4\n|\n|t:|1699816200\n|switch|p1a: Great Tusk|Great Tusk|100\/100\n|-enditem|p1a: Great Tusk|Booster Energy\n|-activate|p1a: Great Tusk|ability: Protosynthesis|[fromitem]\n|-start|p1a: Great Tusk|protosynthesisspe\n|move|p2a: Hoopa|Focus Blast|p1a: Great Tusk\n|-damage|p1a: Great Tusk|9\/100\n|\n|-weather|Snow|[upkeep]\n|upkeep\n|turn|5\n|\n|t:|1699816214\n|switch|p2a: Landorus|Landorus-Therian, M|90\/100\n|-ability|p2a: Landorus|Intimidate|boost\n|-unboost|p1a: Great Tusk|atk|1\n|move|p1a: Great Tusk|Earthquake|p2a: Landorus\n|-immune|p2a: Landorus\n|\n|-weather|Snow|[upkeep]\n|upkeep\n|turn|6\n|\n|t:|1699816227\n|switch|p2a: Rotom|Rotom-Wash|100\/100\n|move|p1a: Great Tusk|Ice Spinner|p2a: Rotom\n|-resisted|p2a: Rotom\n|-damage|p2a: Rotom|94\/100\n|\n|-weather|Snow|[upkeep]\n|-heal|p2a: Rotom|100\/100|[from] item: Leftovers\n|upkeep\n|turn|7\n|\n|t:|1699816240\n|-end|p1a: Great Tusk|Protosynthesis|[silent]\n|switch|p1a: Espeon|Espeon, M, shiny|100\/100\n|move|p2a: Rotom|Hydro Pump|p1a: Espeon\n|-damage|p1a: Espeon|45\/100\n|\n|-weather|none\n|upkeep\n|turn|8\n|\n|t:|1699816250\n|move|p1a: Espeon|Dazzling Gleam|p2a: Rotom\n|-damage|p2a: Rotom|59\/100\n|move|p2a: Rotom|Hydro Pump|p1a: Espeon|[miss]\n|-miss|p2a: Rotom|p1a: Espeon\n|\n|-heal|p2a: Rotom|66\/100|[from] item: Leftovers\n|upkeep\n|turn|9\n|\n|t:|1699816261\n|move|p1a: Espeon|Dazzling Gleam|p2a: Rotom\n|-damage|p2a: Rotom|25\/100\n|move|p2a: Rotom|Hydro Pump|p1a: Espeon\n|-damage|p1a: Espeon|0 fnt\n|faint|p1a: Espeon\n|\n|-heal|p2a: Rotom|31\/100|[from] item: Leftovers\n|upkeep\n|\n|t:|1699816269\n|switch|p1a: Greninja|Greninja, M|100\/100\n|turn|10\n|\n|t:|1699816276\n|move|p1a: Greninja|Dark Pulse|p2a: Rotom\n|-crit|p2a: Rotom\n|-damage|p2a: Rotom|0 fnt\n|faint|p2a: Rotom\n|-ability|p1a: Greninja|Battle Bond|boost\n|-boost|p1a: Greninja|atk|1\n|-boost|p1a: Greninja|spa|1\n|-boost|p1a: Greninja|spe|1\n|-activate|p1a: Greninja|ability: Battle Bond\n|\n|upkeep\n|\n|t:|1699816287\n|switch|p2a: Hoopa|Hoopa-Unbound|100\/100\n|turn|11\n|\n|t:|1699816293\n|move|p1a: Greninja|Dark Pulse|p2a: Hoopa\n|-damage|p2a: Hoopa|52\/100\n|move|p2a: Hoopa|Focus Blast|p1a: Greninja|[miss]\n|-miss|p2a: Hoopa|p1a: Greninja\n|\n|upkeep\n|turn|12\n|\n|t:|1699816303\n|move|p1a: Greninja|Surf|p2a: Hoopa\n|-damage|p2a: Hoopa|0 fnt\n|faint|p2a: Hoopa\n|\n|upkeep\n|\n|t:|1699816311\n|switch|p2a: Dragonite|Dragonite, F|100\/100\n|turn|13\n|\n|t:|1699816317\n|move|p1a: Greninja|Ice Beam|p2a: Dragonite\n|-supereffective|p2a: Dragonite\n|-damage|p2a: Dragonite|21\/100\n|move|p2a: Dragonite|Dragon Claw|p1a: Greninja\n|-damage|p1a: Greninja|27\/100\n|\n|upkeep\n|turn|14\n|\n|t:|1699816331\n|-terastallize|p1a: Greninja|Ghost\n|move|p2a: Dragonite|Extreme Speed|p1a: Greninja\n|-immune|p1a: Greninja\n|move|p1a: Greninja|Dark Pulse|p2a: Dragonite\n|-damage|p2a: Dragonite|0 fnt\n|faint|p2a: Dragonite\n|\n|upkeep\n|\n|t:|1699816347\n|switch|p2a: Slowking|Slowking-Galar, M|84\/100\n|turn|15\n|\n|t:|1699816356\n|-terastallize|p2a: Slowking|Poison\n|move|p1a: Greninja|Dark Pulse|p2a: Slowking\n|-damage|p2a: Slowking|53\/100\n|move|p2a: Slowking|Sludge Bomb|p1a: Greninja\n|-resisted|p1a: Greninja\n|-damage|p1a: Greninja|0 fnt\n|faint|p1a: Greninja\n|\n|-heal|p2a: Slowking|59\/100|[from] item: Leftovers\n|upkeep\n|\n|t:|1699816376\n|switch|p1a: Great Tusk|Great Tusk|9\/100\n|turn|16\n|\n|t:|1699816384\n|switch|p2a: Landorus|Landorus-Therian, M|90\/100\n|-ability|p2a: Landorus|Intimidate|boost\n|-unboost|p1a: Great Tusk|atk|1\n|move|p1a: Great Tusk|Ice Spinner|p2a: Landorus\n|-supereffective|p2a: Landorus\n|-damage|p2a: Landorus|12\/100\n|\n|upkeep\n|turn|17\n|\n|t:|1699816399\n|move|p2a: Landorus|Earthquake|p1a: Great Tusk\n|-damage|p1a: Great Tusk|0 fnt\n|faint|p1a: Great Tusk\n|-end|p1a: Great Tusk|Protosynthesis|[silent]\n|\n|upkeep\n|\n|t:|1699816405\n|switch|p1a: Enamorus|Enamorus, F|100\/100\n|turn|18\n|\n|t:|1699816414\n|switch|p2a: Slowking|Slowking-Galar, M, tera:Poison|92\/100\n|move|p1a: Enamorus|Earth Power|p2a: Slowking\n|-supereffective|p2a: Slowking\n|-damage|p2a: Slowking|57\/100\n|\n|-heal|p2a: Slowking|63\/100|[from] item: Leftovers\n|upkeep\n|turn|19\n|\n|t:|1699816429\n|move|p1a: Enamorus|Earth Power|p2a: Slowking\n|-supereffective|p2a: Slowking\n|-damage|p2a: Slowking|27\/100\n|move|p2a: Slowking|Chilly Reception|p2a: Slowking\n|-weather|Snow\n|\n|t:|1699816436\n|switch|p2a: Landorus|Landorus-Therian, M|12\/100|[from] Chilly Reception\n|-ability|p2a: Landorus|Intimidate|boost\n|-boost|p1a: Enamorus|atk|1\n|\n|-weather|Snow|[upkeep]\n|upkeep\n|turn|20\n|\n|t:|1699816447\n|switch|p1a: Goodra|Goodra-Hisui, F|100\/100\n|move|p2a: Landorus|Stone Edge|p1a: Goodra\n|-resisted|p1a: Goodra\n|-damage|p1a: Goodra|76\/100\n|\n|-weather|Snow|[upkeep]\n|-heal|p1a: Goodra|82\/100|[from] item: Leftovers\n|upkeep\n|turn|21\n|\n|t:|1699816458\n|switch|p2a: Slowking|Slowking-Galar, M, tera:Poison|60\/100\n|switch|p1a: Enamorus|Enamorus, F|100\/100\n|\n|-weather|Snow|[upkeep]\n|-heal|p2a: Slowking|66\/100|[from] item: Leftovers\n|upkeep\n|turn|22\n|\n|t:|1699816470\n|switch|p1a: Goodra|Goodra-Hisui, F|82\/100\n|move|p2a: Slowking|Sludge Bomb|p1a: Goodra\n|-immune|p1a: Goodra\n|\n|-weather|Snow|[upkeep]\n|-heal|p1a: Goodra|88\/100|[from] item: Leftovers\n|-heal|p2a: Slowking|72\/100|[from] item: Leftovers\n|upkeep\n|turn|23\n|\n|t:|1699816482\n|move|p1a: Goodra|Substitute|p1a: Goodra\n|-start|p1a: Goodra|Substitute\n|-damage|p1a: Goodra|63\/100\n|move|p2a: Slowking|Chilly Reception|p2a: Slowking\n|\n|t:|1699816488\n|switch|p2a: Chandelure|Chandelure, F|100\/100|[from] Chilly Reception\n|\n|-weather|none\n|-heal|p1a: Goodra|69\/100|[from] item: Leftovers\n|upkeep\n|turn|24\n|\n|t:|1699816498\n|move|p2a: Chandelure|Fire Blast|p1a: Goodra\n|-damage|p1a: Goodra|18\/100\n|move|p1a: Goodra|Earthquake|p2a: Chandelure\n|-supereffective|p2a: Chandelure\n|-damage|p2a: Chandelure|33\/100\n|\n|-heal|p1a: Goodra|24\/100|[from] item: Leftovers\n|upkeep\n|turn|25\n|\n|t:|1699816510\n|move|p2a: Chandelure|Fire Blast|p1a: Goodra\n|-damage|p1a: Goodra|0 fnt\n|faint|p1a: Goodra\n|\n|upkeep\n|\n|t:|1699816516\n|switch|p1a: Dragapult|Dragapult, F|91\/100\n|turn|26\n|\n|t:|1699816521\n|move|p1a: Dragapult|Dragon Darts|p2a: Chandelure\n|-damage|p2a: Chandelure|0 fnt\n|faint|p2a: Chandelure\n|-damage|p1a: Dragapult|81\/100|[from] item: Life Orb\n|\n|upkeep\n|\n|t:|1699816529\n|switch|p2a: Slowking|Slowking-Galar, M, tera:Poison|100\/100\n|turn|27\n|\n|t:|1699816534\n|move|p1a: Dragapult|Dragon Darts|p2a: Slowking\n|-damage|p2a: Slowking|67\/100\n|-anim|p1a: Dragapult|Dragon Darts|p2a: Slowking\n|-damage|p2a: Slowking|33\/100\n|-damage|p1a: Dragapult|71\/100|[from] item: Life Orb\n|move|p2a: Slowking|Ice Beam|p1a: Dragapult\n|-supereffective|p1a: Dragapult\n|-damage|p1a: Dragapult|9\/100\n|\n|-heal|p2a: Slowking|39\/100|[from] item: Leftovers\n|upkeep\n|turn|28\n|\n|t:|1699816552\n|switch|p2a: Landorus|Landorus-Therian, M|12\/100\n|-ability|p2a: Landorus|Intimidate|boost\n|-unboost|p1a: Dragapult|atk|1\n|move|p1a: Dragapult|Dragon Darts|p2a: Landorus\n|-crit|p2a: Landorus\n|-damage|p2a: Landorus|0 fnt\n|faint|p2a: Landorus\n|-damage|p1a: Dragapult|0 fnt|[from] item: Life Orb\n|faint|p1a: Dragapult\n|\n|upkeep\n|\n|t:|1699816567\n|switch|p1a: Enamorus|Enamorus, F|100\/100\n|switch|p2a: Slowking|Slowking-Galar, M, tera:Poison|72\/100\n|turn|29\n|\n|t:|1699816581\n|move|p1a: Enamorus|Earth Power|p2a: Slowking\n|-supereffective|p2a: Slowking\n|-damage|p2a: Slowking|36\/100\n|move|p2a: Slowking|Sludge Bomb|p1a: Enamorus\n|-supereffective|p1a: Enamorus\n|-damage|p1a: Enamorus|0 fnt\n|faint|p1a: Enamorus\n|\n|win|hgbvgfvc\n|raw|simonKK's rating: 1159 &rarr; <strong>1132<\/strong><br \/>(-27 for losing)\n|raw|hgbvgfvc's rating: 1126 &rarr; <strong>1153<\/strong><br \/>(+27 for winning)\n|l|\u2606simonKK\n","uploadtime":1699816591,"views":10,"p1id":"simonkk","p2id":"hgbvgfvc","formatid":"gen9ou","rating":1132,"private":0,"password":""}