{"id":"gen9ou-1995548235","p1":"Aggarcia8","p2":"die4ry","format":"[Gen 9] OU","log":"|j|\u2606Aggarcia8\n|j|\u2606die4ry\n|t:|1700581856\n|gametype|singles\n|player|p1|Aggarcia8|1|1085\n|player|p2|die4ry|1|1088\n|teamsize|p1|6\n|teamsize|p2|6\n|gen|9\n|tier|[Gen 9] OU\n|rated|\n|rule|Sleep Clause Mod: Limit one foe put to sleep\n|rule|Species Clause: Limit one of each Pok\u00e9mon\n|rule|OHKO Clause: OHKO moves are banned\n|rule|Evasion Items Clause: Evasion items are banned\n|rule|Evasion Moves Clause: Evasion moves are banned\n|rule|Endless Battle Clause: Forcing endless battles is banned\n|rule|HP Percentage Mod: HP is shown in percentages\n|clearpoke\n|poke|p1|Maushold-Four|\n|poke|p1|Samurott-Hisui, F|\n|poke|p1|Mandibuzz, F|\n|poke|p1|Mamoswine, F|\n|poke|p1|Dragapult, F|\n|poke|p1|Iron Moth|\n|poke|p2|Ribombee, M|\n|poke|p2|Samurott-Hisui, M|\n|poke|p2|Dragapult, F|\n|poke|p2|Iron Valiant|\n|poke|p2|Greninja-*, M|\n|poke|p2|Ogerpon-Wellspring, F|\n|teampreview\n|inactive|Battle timer is ON: inactive players will automatically lose when time's up. (requested by die4ry)\n|\n|t:|1700581872\n|start\n|switch|p1a: Samurott|Samurott-Hisui, F|100\/100\n|switch|p2a: Iron Valiant|Iron Valiant|100\/100\n|-enditem|p2a: Iron Valiant|Booster Energy\n|-activate|p2a: Iron Valiant|ability: Quark Drive|[fromitem]\n|-start|p2a: Iron Valiant|quarkdrivespe\n|turn|1\n|\n|t:|1700581878\n|move|p2a: Iron Valiant|Spirit Break|p1a: Samurott\n|-supereffective|p1a: Samurott\n|-damage|p1a: Samurott|0 fnt\n|faint|p1a: Samurott\n|\n|upkeep\n|\n|t:|1700581897\n|switch|p1a: Iron Moth|Iron Moth|100\/100\n|-enditem|p1a: Iron Moth|Booster Energy\n|-activate|p1a: Iron Moth|ability: Quark Drive|[fromitem]\n|-start|p1a: Iron Moth|quarkdrivespa\n|turn|2\n|\n|t:|1700581902\n|move|p2a: Iron Valiant|Psycho Cut|p1a: Iron Moth\n|-supereffective|p1a: Iron Moth\n|-damage|p1a: Iron Moth|9\/100\n|move|p1a: Iron Moth|Sludge Wave|p2a: Iron Valiant\n|-supereffective|p2a: Iron Valiant\n|-damage|p2a: Iron Valiant|0 fnt\n|faint|p2a: Iron Valiant\n|-end|p2a: Iron Valiant|Quark Drive|[silent]\n|\n|upkeep\n|\n|t:|1700581905\n|switch|p2a: Greninja|Greninja, M|100\/100\n|turn|3\n|\n|t:|1700581912\n|-end|p1a: Iron Moth|Quark Drive|[silent]\n|switch|p1a: Mandibuzz|Mandibuzz, F|100\/100\n|move|p2a: Greninja|Water Shuriken|p1a: Mandibuzz\n|-damage|p1a: Mandibuzz|92\/100\n|-damage|p1a: Mandibuzz|84\/100\n|-damage|p1a: Mandibuzz|75\/100\n|-damage|p1a: Mandibuzz|68\/100\n|-hitcount|p1a: Mandibuzz|4\n|-damage|p2a: Greninja|91\/100|[from] item: Life Orb\n|\n|upkeep\n|turn|4\n|\n|t:|1700581918\n|move|p2a: Greninja|Ice Beam|p1a: Mandibuzz\n|-supereffective|p1a: Mandibuzz\n|-damage|p1a: Mandibuzz|11\/100\n|-damage|p2a: Greninja|81\/100|[from] item: Life Orb\n|move|p1a: Mandibuzz|Toxic|p2a: Greninja\n|-status|p2a: Greninja|tox\n|\n|-damage|p2a: Greninja|75\/100 tox|[from] psn\n|upkeep\n|turn|5\n|\n|t:|1700581923\n|switch|p1a: Mamoswine|Mamoswine, F|100\/100\n|move|p2a: Greninja|Ice Beam|p1a: Mamoswine\n|-damage|p1a: Mamoswine|76\/100\n|-damage|p2a: Greninja|65\/100 tox|[from] item: Life Orb\n|\n|-damage|p2a: Greninja|53\/100 tox|[from] psn\n|upkeep\n|turn|6\n|\n|t:|1700581931\n|move|p1a: Mamoswine|Earthquake|p2a: Greninja\n|-damage|p2a: Greninja|0 fnt\n|faint|p2a: Greninja\n|\n|upkeep\n|\n|t:|1700581937\n|switch|p2a: Samurott|Samurott-Hisui, M|100\/100\n|turn|7\n|\n|t:|1700581940\n|move|p1a: Mamoswine|Earthquake|p2a: Samurott\n|-damage|p2a: Samurott|32\/100\n|move|p2a: Samurott|Ceaseless Edge|p1a: Mamoswine\n|-damage|p1a: Mamoswine|30\/100\n|-sidestart|p1: Aggarcia8|Spikes\n|\n|upkeep\n|turn|8\n|\n|t:|1700581945\n|move|p2a: Samurott|Aqua Jet|p1a: Mamoswine\n|-supereffective|p1a: Mamoswine\n|-damage|p1a: Mamoswine|0 fnt\n|faint|p1a: Mamoswine\n|\n|upkeep\n|\n|t:|1700581953\n|switch|p1a: Maushold|Maushold-Four|100\/100\n|-damage|p1a: Maushold|88\/100|[from] Spikes\n|turn|9\n|\n|t:|1700581956\n|move|p1a: Maushold|Tidy Up|p1a: Maushold\n|-sideend|p1: Aggarcia8|Spikes\n|-activate|p1a: Maushold|move: Tidy Up\n|-boost|p1a: Maushold|atk|1\n|-boost|p1a: Maushold|spe|1\n|move|p2a: Samurott|Ceaseless Edge|p1a: Maushold\n|-damage|p1a: Maushold|13\/100\n|-sidestart|p1: Aggarcia8|Spikes\n|\n|upkeep\n|turn|10\n|\n|t:|1700581966\n|move|p2a: Samurott|Aqua Jet|p1a: Maushold\n|-damage|p1a: Maushold|0 fnt\n|faint|p1a: Maushold\n|\n|upkeep\n|\n|t:|1700581968\n|switch|p1a: Dragapult|Dragapult, F|100\/100\n|-damage|p1a: Dragapult|88\/100|[from] Spikes\n|turn|11\n|\n|t:|1700581974\n|move|p2a: Samurott|Sucker Punch|p1a: Dragapult\n|-supereffective|p1a: Dragapult\n|-damage|p1a: Dragapult|0 fnt\n|faint|p1a: Dragapult\n|\n|upkeep\n|-message|Aggarcia8 forfeited.\n|\n|win|die4ry\n|raw|Aggarcia8's rating: 1085 &rarr; <strong>1062<\/strong><br \/>(-23 for losing)\n|raw|die4ry's rating: 1088 &rarr; <strong>1115<\/strong><br \/>(+27 for winning)\n|l|\u2606Aggarcia8\n","uploadtime":1700582090,"views":9,"p1id":"aggarcia8","p2id":"die4ry","formatid":"gen9ou","rating":1062,"private":0,"password":""}