{"id":"gen9ou-2000209299","p1":"MecGasy","p2":"iamhaxnoob","format":"[Gen 9] OU","log":"|j|\u2606MecGasy\n|j|\u2606iamhaxnoob\n|t:|1701172410\n|gametype|singles\n|player|p1|MecGasy|pokemonbreeder|1327\n|player|p2|iamhaxnoob|101|1409\n|teamsize|p1|6\n|teamsize|p2|6\n|gen|9\n|tier|[Gen 9] OU\n|rated|\n|rule|Sleep Clause Mod: Limit one foe put to sleep\n|rule|Species Clause: Limit one of each Pok\u00e9mon\n|rule|OHKO Clause: OHKO moves are banned\n|rule|Evasion Items Clause: Evasion items are banned\n|rule|Evasion Moves Clause: Evasion moves are banned\n|rule|Endless Battle Clause: Forcing endless battles is banned\n|rule|HP Percentage Mod: HP is shown in percentages\n|clearpoke\n|poke|p1|Dondozo, F|\n|poke|p1|Cinderace, M|\n|poke|p1|Munkidori, M|\n|poke|p1|Landorus-Therian, M|\n|poke|p1|Zarude|\n|poke|p1|Goodra-Hisui, M|\n|poke|p2|Fezandipiti, M|\n|poke|p2|Iron Valiant|\n|poke|p2|Dragapult, M|\n|poke|p2|Rotom-Wash|\n|poke|p2|Ogerpon-Wellspring, F|\n|poke|p2|Great Tusk|\n|teampreview\n|inactive|Battle timer is ON: inactive players will automatically lose when time's up. (requested by iamhaxnoob)\n|\n|t:|1701172445\n|start\n|switch|p1a: Landorus|Landorus-Therian, M|100\/100\n|switch|p2a: Fezandipiti|Fezandipiti, M|100\/100\n|-ability|p1a: Landorus|Intimidate|boost\n|-unboost|p2a: Fezandipiti|atk|1\n|turn|1\n|\n|t:|1701172455\n|switch|p1a: Goodra|Goodra-Hisui, M|100\/100\n|move|p2a: Fezandipiti|U-turn|p1a: Goodra\n|-resisted|p1a: Goodra\n|-damage|p1a: Goodra|97\/100\n|\n|t:|1701172468\n|switch|p2a: Rotom|Rotom-Wash|100\/100|[from] U-turn\n|\n|-heal|p1a: Goodra|100\/100|[from] item: Leftovers\n|upkeep\n|turn|2\n|\n|t:|1701172475\n|move|p2a: Rotom|Will-O-Wisp|p1a: Goodra|[miss]\n|-miss|p2a: Rotom|p1a: Goodra\n|move|p1a: Goodra|Knock Off|p2a: Rotom\n|-damage|p2a: Rotom|83\/100\n|-enditem|p2a: Rotom|Leftovers|[from] move: Knock Off|[of] p1a: Goodra\n|\n|upkeep\n|turn|3\n|\n|t:|1701172483\n|switch|p1a: Zarude|Zarude|100\/100\n|move|p2a: Rotom|Protect||[still]\n|-fail|p2a: Rotom\n|\n|upkeep\n|turn|4\n|\n|t:|1701172493\n|switch|p2a: Fezandipiti|Fezandipiti, M|100\/100\n|move|p1a: Zarude|Bulk Up|p1a: Zarude\n|-boost|p1a: Zarude|atk|1\n|-boost|p1a: Zarude|def|1\n|\n|upkeep\n|turn|5\n|\n|t:|1701172507\n|switch|p1a: Goodra|Goodra-Hisui, M|100\/100\n|move|p2a: Fezandipiti|Beat Up|p1a: Goodra\n|-damage|p1a: Goodra|98\/100\n|-damage|p1a: Goodra|96\/100\n|-damage|p1a: Goodra|93\/100\n|-damage|p1a: Goodra|91\/100\n|-damage|p1a: Goodra|88\/100\n|-damage|p1a: Goodra|85\/100\n|-hitcount|p1a: Goodra|6\n|\n|-heal|p1a: Goodra|91\/100|[from] item: Leftovers\n|upkeep\n|turn|6\n|\n|t:|1701172516\n|move|p2a: Fezandipiti|U-turn|p1a: Goodra\n|-resisted|p1a: Goodra\n|-damage|p1a: Goodra|86\/100\n|\n|t:|1701172519\n|switch|p2a: Rotom|Rotom-Wash|83\/100|[from] U-turn\n|move|p1a: Goodra|Knock Off|p2a: Rotom\n|-damage|p2a: Rotom|73\/100\n|\n|-heal|p1a: Goodra|92\/100|[from] item: Leftovers\n|upkeep\n|turn|7\n|\n|t:|1701172525\n|switch|p1a: Zarude|Zarude|100\/100\n|move|p2a: Rotom|Will-O-Wisp|p1a: Zarude\n|-status|p1a: Zarude|brn\n|\n|-damage|p1a: Zarude|95\/100 brn|[from] brn\n|upkeep\n|turn|8\n|\n|t:|1701172531\n|move|p1a: Zarude|Jungle Healing|p1a: Zarude\n|-heal|p1a: Zarude|100\/100 brn\n|-curestatus|p1a: Zarude|brn|[msg]\n|move|p2a: Rotom|Volt Switch|p1a: Zarude\n|-resisted|p1a: Zarude\n|-damage|p1a: Zarude|89\/100\n|\n|t:|1701172538\n|switch|p2a: Fezandipiti|Fezandipiti, M|100\/100|[from] Volt Switch\n|\n|upkeep\n|turn|9\n|\n|t:|1701172541\n|switch|p1a: Landorus|Landorus-Therian, M|100\/100\n|-ability|p1a: Landorus|Intimidate|boost\n|-unboost|p2a: Fezandipiti|atk|1\n|move|p2a: Fezandipiti|U-turn|p1a: Landorus\n|-resisted|p1a: Landorus\n|-damage|p1a: Landorus|97\/100\n|-damage|p2a: Fezandipiti|84\/100|[from] item: Rocky Helmet|[of] p1a: Landorus\n|-status|p1a: Landorus|tox|[from] ability: Toxic Chain|[of] p2a: Fezandipiti\n|\n|t:|1701172552\n|switch|p2a: Great Tusk|Great Tusk|100\/100|[from] U-turn\n|\n|-damage|p1a: Landorus|91\/100 tox|[from] psn\n|upkeep\n|turn|10\n|\n|t:|1701172556\n|move|p2a: Great Tusk|Stealth Rock|p1a: Landorus\n|-sidestart|p1: MecGasy|move: Stealth Rock\n|move|p1a: Landorus|Grass Knot|p2a: Great Tusk\n|-supereffective|p2a: Great Tusk\n|-damage|p2a: Great Tusk|30\/100\n|-damage|p1a: Landorus|75\/100 tox|[from] item: Rocky Helmet|[of] p2a: Great Tusk\n|\n|-damage|p1a: Landorus|62\/100 tox|[from] psn\n|upkeep\n|turn|11\n|\n|t:|1701172562\n|move|p2a: Great Tusk|Ice Spinner|p1a: Landorus\n|-supereffective|p1a: Landorus\n|-damage|p1a: Landorus|2\/100 tox\n|-damage|p2a: Great Tusk|14\/100|[from] item: Rocky Helmet|[of] p1a: Landorus\n|move|p1a: Landorus|U-turn|p2a: Great Tusk\n|-resisted|p2a: Great Tusk\n|-damage|p2a: Great Tusk|8\/100\n|-damage|p1a: Landorus|0 fnt|[from] item: Rocky Helmet|[of] p2a: Great Tusk\n|faint|p1a: Landorus\n|\n|upkeep\n|\n|t:|1701172576\n|switch|p1a: Cinderace|Cinderace, M|100\/100\n|turn|12\n|\n|t:|1701172582\n|move|p1a: Cinderace|Pyro Ball|p2a: Great Tusk\n|-damage|p2a: Great Tusk|0 fnt\n|faint|p2a: Great Tusk\n|-end|p2a: Great Tusk|Protosynthesis|[silent]\n|\n|upkeep\n|\n|t:|1701172587\n|switch|p2a: Dragapult|Dragapult, M|100\/100\n|turn|13\n|inactive|MecGasy has 120 seconds left.\n|\n|t:|1701172621\n|-terastallize|p2a: Dragapult|Dragon\n|move|p1a: Cinderace|Sucker Punch|p2a: Dragapult\n|-start|p1a: Cinderace|typechange|Dark|[from] ability: Libero\n|-damage|p2a: Dragapult|64\/100\n|move|p2a: Dragapult|Draco Meteor|p1a: Cinderace\n|-damage|p1a: Cinderace|3\/100\n|-unboost|p2a: Dragapult|spa|2\n|\n|upkeep\n|turn|14\n|inactive|MecGasy has 120 seconds left.\n|\n|t:|1701172638\n|move|p2a: Dragapult|U-turn|p1a: Cinderace\n|-supereffective|p1a: Cinderace\n|-damage|p1a: Cinderace|0 fnt\n|faint|p1a: Cinderace\n|inactive|iamhaxnoob has 120 seconds left.\n|\n|t:|1701172675\n|switch|p2a: Fezandipiti|Fezandipiti, M|84\/100|[from] U-turn\n|\n|upkeep\n|inactive|MecGasy has 120 seconds left.\n|\n|t:|1701172692\n|switch|p1a: Munkidori|Munkidori, M|100\/100\n|-damage|p1a: Munkidori|88\/100|[from] Stealth Rock\n|turn|15\n|inactive|iamhaxnoob has 120 seconds left.\n|\n|t:|1701172721\n|move|p1a: Munkidori|Psychic|p2a: Fezandipiti\n|-supereffective|p2a: Fezandipiti\n|-damage|p2a: Fezandipiti|17\/100\n|move|p2a: Fezandipiti|U-turn|p1a: Munkidori\n|-damage|p1a: Munkidori|68\/100\n|\n|t:|1701172740\n|switch|p2a: Rotom|Rotom-Wash|73\/100|[from] U-turn\n|\n|upkeep\n|turn|16\n|\n|t:|1701172753\n|switch|p1a: Zarude|Zarude|89\/100\n|move|p2a: Rotom|Thunder Wave|p1a: Zarude\n|-status|p1a: Zarude|par\n|\n|upkeep\n|turn|17\n|\n|t:|1701172773\n|move|p2a: Rotom|Volt Switch|p1a: Zarude\n|-resisted|p1a: Zarude\n|-damage|p1a: Zarude|76\/100 par\n|\n|t:|1701172787\n|switch|p2a: Fezandipiti|Fezandipiti, M|17\/100|[from] Volt Switch\n|move|p1a: Zarude|Jungle Healing|p1a: Zarude\n|-heal|p1a: Zarude|100\/100 par\n|-curestatus|p1a: Zarude|par|[msg]\n|\n|upkeep\n|turn|18\n|inactive|MecGasy has 120 seconds left.\n|\n|t:|1701172796\n|move|p1a: Zarude|Power Whip|p2a: Fezandipiti\n|-resisted|p2a: Fezandipiti\n|-damage|p2a: Fezandipiti|0 fnt\n|faint|p2a: Fezandipiti\n|\n|upkeep\n|\n|t:|1701172805\n|switch|p2a: Dragapult|Dragapult, M, tera:Dragon|64\/100\n|turn|19\n|\n|t:|1701172816\n|switch|p1a: Goodra|Goodra-Hisui, M|92\/100\n|-damage|p1a: Goodra|86\/100|[from] Stealth Rock\n|move|p2a: Dragapult|U-turn|p1a: Goodra\n|-resisted|p1a: Goodra\n|-damage|p1a: Goodra|80\/100\n|\n|t:|1701172843\n|switch|p2a: Rotom|Rotom-Wash|73\/100|[from] U-turn\n|\n|-heal|p1a: Goodra|86\/100|[from] item: Leftovers\n|upkeep\n|turn|20\n|\n|t:|1701172848\n|move|p2a: Rotom|Will-O-Wisp|p1a: Goodra\n|-status|p1a: Goodra|brn\n|move|p1a: Goodra|Thunderbolt|p2a: Rotom\n|-damage|p2a: Rotom|49\/100\n|\n|-heal|p1a: Goodra|92\/100 brn|[from] item: Leftovers\n|-damage|p1a: Goodra|86\/100 brn|[from] brn\n|upkeep\n|turn|21\n|\n|t:|1701172868\n|move|p2a: Rotom|Volt Switch|p1a: Goodra\n|-resisted|p1a: Goodra\n|-damage|p1a: Goodra|78\/100 brn\n|\n|t:|1701172887\n|switch|p2a: Ogerpon|Ogerpon-Wellspring, F|100\/100|[from] Volt Switch\n|move|p1a: Goodra|Draco Meteor|p2a: Ogerpon\n|-damage|p2a: Ogerpon|46\/100\n|-unboost|p1a: Goodra|spa|2\n|\n|-heal|p1a: Goodra|84\/100 brn|[from] item: Leftovers\n|-damage|p1a: Goodra|78\/100 brn|[from] brn\n|upkeep\n|turn|22\n|\n|t:|1701172901\n|move|p2a: Ogerpon|Swords Dance|p2a: Ogerpon\n|-boost|p2a: Ogerpon|atk|2\n|move|p1a: Goodra|Thunderbolt|p2a: Ogerpon\n|-damage|p2a: Ogerpon|32\/100\n|\n|-heal|p1a: Goodra|84\/100 brn|[from] item: Leftovers\n|-damage|p1a: Goodra|78\/100 brn|[from] brn\n|upkeep\n|turn|23\n|\n|t:|1701172909\n|move|p2a: Ogerpon|Ivy Cudgel|p1a: Goodra|[anim] Ivy Cudgel Water\n|-resisted|p1a: Goodra\n|-damage|p1a: Goodra|38\/100 brn\n|move|p1a: Goodra|Thunderbolt|p2a: Ogerpon\n|-damage|p2a: Ogerpon|19\/100\n|\n|-heal|p1a: Goodra|44\/100 brn|[from] item: Leftovers\n|-damage|p1a: Goodra|38\/100 brn|[from] brn\n|upkeep\n|turn|24\n|\n|t:|1701172915\n|move|p2a: Ogerpon|Ivy Cudgel|p1a: Goodra|[anim] Ivy Cudgel Water\n|-resisted|p1a: Goodra\n|-damage|p1a: Goodra|0 fnt\n|faint|p1a: Goodra\n|\n|upkeep\n|\n|t:|1701172919\n|switch|p1a: Munkidori|Munkidori, M|68\/100\n|-damage|p1a: Munkidori|55\/100|[from] Stealth Rock\n|turn|25\n|inactive|iamhaxnoob has 120 seconds left.\n|\n|t:|1701172934\n|move|p1a: Munkidori|U-turn|p2a: Ogerpon\n|-supereffective|p2a: Ogerpon\n|-damage|p2a: Ogerpon|0 fnt\n|faint|p2a: Ogerpon\n|\n|t:|1701172940\n|switch|p1a: Zarude|Zarude|100\/100|[from] U-turn\n|\n|upkeep\n|\n|t:|1701172949\n|switch|p2a: Dragapult|Dragapult, M, tera:Dragon|64\/100\n|turn|26\n|\n|t:|1701172953\n|move|p2a: Dragapult|U-turn|p1a: Zarude\n|-supereffective|p1a: Zarude\n|-damage|p1a: Zarude|40\/100\n|\n|t:|1701172961\n|switch|p2a: Iron Valiant|Iron Valiant|100\/100|[from] U-turn\n|-enditem|p2a: Iron Valiant|Booster Energy\n|-activate|p2a: Iron Valiant|ability: Quark Drive|[fromitem]\n|-start|p2a: Iron Valiant|quarkdrivespe\n|move|p1a: Zarude|Knock Off|p2a: Iron Valiant\n|-resisted|p2a: Iron Valiant\n|-damage|p2a: Iron Valiant|90\/100\n|\n|upkeep\n|turn|27\n|\n|t:|1701172968\n|move|p2a: Iron Valiant|Moonblast|p1a: Zarude\n|-supereffective|p1a: Zarude\n|-damage|p1a: Zarude|0 fnt\n|faint|p1a: Zarude\n|\n|upkeep\n|\n|t:|1701172971\n|switch|p1a: Munkidori|Munkidori, M|55\/100\n|-damage|p1a: Munkidori|43\/100|[from] Stealth Rock\n|turn|28\n|\n|t:|1701172987\n|move|p2a: Iron Valiant|Hex|p1a: Munkidori\n|-supereffective|p1a: Munkidori\n|-damage|p1a: Munkidori|0 fnt\n|faint|p1a: Munkidori\n|\n|upkeep\n|\n|t:|1701172990\n|switch|p1a: Dondozo|Dondozo, F|100\/100\n|-damage|p1a: Dondozo|88\/100|[from] Stealth Rock\n|turn|29\n|\n|t:|1701172998\n|move|p2a: Iron Valiant|Calm Mind|p2a: Iron Valiant\n|-boost|p2a: Iron Valiant|spa|1\n|-boost|p2a: Iron Valiant|spd|1\n|move|p1a: Dondozo|Wave Crash|p2a: Iron Valiant\n|-crit|p2a: Iron Valiant\n|-damage|p2a: Iron Valiant|12\/100\n|-damage|p1a: Dondozo|73\/100|[from] Recoil\n|\n|-heal|p1a: Dondozo|79\/100|[from] item: Leftovers\n|upkeep\n|turn|30\n|\n|t:|1701173007\n|move|p2a: Iron Valiant|Moonblast|p1a: Dondozo\n|-damage|p1a: Dondozo|52\/100\n|move|p1a: Dondozo|Avalanche|p2a: Iron Valiant\n|-damage|p2a: Iron Valiant|0 fnt\n|faint|p2a: Iron Valiant\n|-end|p2a: Iron Valiant|Quark Drive|[silent]\n|\n|-heal|p1a: Dondozo|58\/100|[from] item: Leftovers\n|upkeep\n|\n|t:|1701173013\n|switch|p2a: Rotom|Rotom-Wash|49\/100\n|turn|31\n|\n|t:|1701173020\n|move|p2a: Rotom|Volt Switch|p1a: Dondozo\n|-supereffective|p1a: Dondozo\n|-damage|p1a: Dondozo|27\/100\n|inactive|iamhaxnoob has 120 seconds left.\n|\n|t:|1701173063\n|switch|p2a: Dragapult|Dragapult, M, tera:Dragon|64\/100|[from] Volt Switch\n|move|p1a: Dondozo|Rest|p1a: Dondozo\n|-status|p1a: Dondozo|slp|[from] move: Rest\n|-heal|p1a: Dondozo|100\/100 slp|[silent]\n|\n|upkeep\n|turn|32\n|\n|t:|1701173070\n|move|p2a: Dragapult|Hex|p1a: Dondozo\n|-crit|p1a: Dondozo\n|-damage|p1a: Dondozo|42\/100 slp\n|cant|p1a: Dondozo|slp\n|\n|-heal|p1a: Dondozo|48\/100 slp|[from] item: Leftovers\n|upkeep\n|turn|33\n|inactive|iamhaxnoob has 120 seconds left.\n|\n|t:|1701173090\n|move|p2a: Dragapult|Hex|p1a: Dondozo\n|-damage|p1a: Dondozo|10\/100 slp\n|cant|p1a: Dondozo|slp\n|\n|-heal|p1a: Dondozo|16\/100 slp|[from] item: Leftovers\n|upkeep\n|turn|34\n|\n|t:|1701173096\n|move|p2a: Dragapult|Hex|p1a: Dondozo\n|-damage|p1a: Dondozo|0 fnt\n|faint|p1a: Dondozo\n|\n|win|iamhaxnoob\n|raw|MecGasy's rating: 1327 &rarr; <strong>1312<\/strong><br \/>(-15 for losing)\n|raw|iamhaxnoob's rating: 1409 &rarr; <strong>1424<\/strong><br \/>(+15 for winning)\n|l|\u2606MecGasy\n","uploadtime":1701173102,"views":2,"p1id":"mecgasy","p2id":"iamhaxnoob","formatid":"gen9ou","rating":1312,"private":0,"password":""}