{"id":"gen9ou-1990072682","p1":"iopqwe","p2":"pinkerthanfloyd","format":"[Gen 9] OU","log":"|j|\u2606iopqwe\n|j|\u2606pinkerthanfloyd\n|t:|1699921588\n|gametype|singles\n|player|p1|iopqwe|fisherman-gen4|1717\n|player|p2|pinkerthanfloyd|brycen|1683\n|teamsize|p1|6\n|teamsize|p2|6\n|gen|9\n|tier|[Gen 9] OU\n|rated|\n|rule|Sleep Clause Mod: Limit one foe put to sleep\n|rule|Species Clause: Limit one of each Pok\u00e9mon\n|rule|OHKO Clause: OHKO moves are banned\n|rule|Evasion Items Clause: Evasion items are banned\n|rule|Evasion Moves Clause: Evasion moves are banned\n|rule|Endless Battle Clause: Forcing endless battles is banned\n|rule|HP Percentage Mod: HP is shown in percentages\n|clearpoke\n|poke|p1|Rillaboom, M|\n|poke|p1|Sneasler, M|\n|poke|p1|Hatterene, F|\n|poke|p1|Ursaluna, F|\n|poke|p1|Heatran, M|\n|poke|p1|Dragapult, F|\n|poke|p2|Ceruledge, F|\n|poke|p2|Ogerpon-Cornerstone, F|\n|poke|p2|Kingambit, M|\n|poke|p2|Rillaboom, F|\n|poke|p2|Toxapex, F|\n|poke|p2|Samurott-Hisui, F|\n|teampreview\n|\n|t:|1699921622\n|start\n|switch|p1a: Rillaboom|Rillaboom, M|100\/100\n|switch|p2a: Ceruledge|Ceruledge, F|100\/100\n|-fieldstart|move: Grassy Terrain|[from] ability: Grassy Surge|[of] p1a: Rillaboom\n|turn|1\n|\n|t:|1699921633\n|switch|p1a: Heatran|Heatran, M|100\/100\n|-item|p1a: Heatran|Air Balloon\n|move|p2a: Ceruledge|Swords Dance|p2a: Ceruledge\n|-boost|p2a: Ceruledge|atk|2\n|\n|upkeep\n|turn|2\n|\n|t:|1699921637\n|move|p2a: Ceruledge|Poltergeist|p1a: Heatran\n|-activate|p1a: Heatran|move: Poltergeist|Air Balloon\n|-damage|p1a: Heatran|4\/100\n|-enditem|p1a: Heatran|Air Balloon\n|move|p1a: Heatran|Earth Power|p2a: Ceruledge\n|-supereffective|p2a: Ceruledge\n|-damage|p2a: Ceruledge|19\/100\n|\n|-heal|p2a: Ceruledge|25\/100|[from] Grassy Terrain\n|-heal|p1a: Heatran|10\/100|[from] Grassy Terrain\n|upkeep\n|turn|3\n|\n|t:|1699921648\n|switch|p2a: Samurott|Samurott-Hisui, F|100\/100\n|move|p1a: Heatran|Stealth Rock|p2a: Samurott\n|-sidestart|p2: pinkerthanfloyd|move: Stealth Rock\n|\n|-heal|p1a: Heatran|16\/100|[from] Grassy Terrain\n|upkeep\n|turn|4\n|\n|t:|1699921659\n|move|p2a: Samurott|Ceaseless Edge|p1a: Heatran\n|-damage|p1a: Heatran|0 fnt\n|-sidestart|p1: iopqwe|Spikes\n|faint|p1a: Heatran\n|\n|upkeep\n|\n|t:|1699921669\n|switch|p1a: Rillaboom|Rillaboom, M|100\/100\n|-damage|p1a: Rillaboom|88\/100|[from] Spikes\n|turn|5\n|\n|t:|1699921674\n|switch|p2a: Ceruledge|Ceruledge, F|25\/100\n|-damage|p2a: Ceruledge|0 fnt|[from] Stealth Rock\n|faint|p2a: Ceruledge\n|move|p1a: Rillaboom|U-turn|p2: Ceruledge|[notarget]\n|-fail|p1a: Rillaboom\n|\n|-heal|p1a: Rillaboom|94\/100|[from] Grassy Terrain\n|-fieldend|move: Grassy Terrain\n|upkeep\n|inactive|Battle timer is ON: inactive players will automatically lose when time's up. (requested by iopqwe)\n|\n|t:|1699921689\n|switch|p2a: Rillaboom|Rillaboom, F|100\/100\n|-damage|p2a: Rillaboom|88\/100|[from] Stealth Rock\n|-fieldstart|move: Grassy Terrain|[from] ability: Grassy Surge|[of] p2a: Rillaboom\n|turn|6\n|\n|t:|1699921702\n|move|p2a: Rillaboom|U-turn|p1a: Rillaboom\n|-supereffective|p1a: Rillaboom\n|-damage|p1a: Rillaboom|21\/100\n|\n|t:|1699921706\n|switch|p2a: Toxapex|Toxapex, F|100\/100|[from] U-turn\n|-damage|p2a: Toxapex|88\/100|[from] Stealth Rock\n|move|p1a: Rillaboom|U-turn|p2a: Toxapex\n|-resisted|p2a: Toxapex\n|-damage|p2a: Toxapex|74\/100\n|\n|t:|1699921711\n|switch|p1a: Ursaluna|Ursaluna, F|100\/100|[from] U-turn\n|-damage|p1a: Ursaluna|88\/100|[from] Spikes\n|\n|-heal|p1a: Ursaluna|94\/100|[from] Grassy Terrain\n|-heal|p2a: Toxapex|80\/100|[from] Grassy Terrain\n|-status|p1a: Ursaluna|brn|[from] item: Flame Orb\n|upkeep\n|turn|7\n|\n|t:|1699921718\n|switch|p2a: Samurott|Samurott-Hisui, F|100\/100\n|-damage|p2a: Samurott|88\/100|[from] Stealth Rock\n|move|p1a: Ursaluna|Facade|p2a: Samurott\n|-damage|p2a: Samurott|0 fnt\n|faint|p2a: Samurott\n|\n|-heal|p1a: Ursaluna|99\/100 brn|[from] Grassy Terrain\n|-damage|p1a: Ursaluna|94\/100 brn|[from] brn\n|upkeep\n|\n|t:|1699921725\n|switch|p2a: Ogerpon|Ogerpon-Cornerstone, F|100\/100\n|-damage|p2a: Ogerpon|88\/100|[from] Stealth Rock\n|turn|8\n|\n|t:|1699921741\n|-terastallize|p1a: Ursaluna|Poison\n|move|p2a: Ogerpon|Horn Leech|p1a: Ursaluna\n|-resisted|p1a: Ursaluna\n|-damage|p1a: Ursaluna|75\/100 brn\n|-heal|p2a: Ogerpon|100\/100|[from] drain|[of] p1a: Ursaluna\n|move|p1a: Ursaluna|Headlong Rush|p2a: Ogerpon\n|-ability|p2a: Ogerpon|Sturdy\n|-damage|p2a: Ogerpon|1\/100\n|-unboost|p1a: Ursaluna|def|1\n|-unboost|p1a: Ursaluna|spd|1\n|\n|-heal|p2a: Ogerpon|7\/100|[from] Grassy Terrain\n|-heal|p1a: Ursaluna|81\/100 brn|[from] Grassy Terrain\n|-damage|p1a: Ursaluna|75\/100 brn|[from] brn\n|upkeep\n|turn|9\n|\n|t:|1699921753\n|switch|p1a: Sneasler|Sneasler, M, shiny|100\/100\n|-damage|p1a: Sneasler|88\/100|[from] Spikes\n|-enditem|p1a: Sneasler|Grassy Seed\n|-boost|p1a: Sneasler|def|1|[from] item: Grassy Seed\n|move|p2a: Ogerpon|Ivy Cudgel|p1a: Sneasler\n|-resisted|p1a: Sneasler\n|-damage|p1a: Sneasler|57\/100\n|\n|-heal|p1a: Sneasler|64\/100|[from] Grassy Terrain\n|-heal|p2a: Ogerpon|13\/100|[from] Grassy Terrain\n|upkeep\n|turn|10\n|\n|t:|1699921765\n|switch|p2a: Toxapex|Toxapex, F|100\/100\n|-damage|p2a: Toxapex|88\/100|[from] Stealth Rock\n|move|p1a: Sneasler|Dire Claw|p2a: Toxapex\n|-resisted|p2a: Toxapex\n|-damage|p2a: Toxapex|72\/100\n|-status|p2a: Toxapex|par\n|\n|-heal|p1a: Sneasler|70\/100|[from] Grassy Terrain\n|-heal|p2a: Toxapex|78\/100 par|[from] Grassy Terrain\n|-fieldend|move: Grassy Terrain\n|upkeep\n|turn|11\n|\n|t:|1699921775\n|move|p1a: Sneasler|Swords Dance|p1a: Sneasler\n|-boost|p1a: Sneasler|atk|2\n|move|p2a: Toxapex|Acid Spray|p1a: Sneasler\n|-resisted|p1a: Sneasler\n|-damage|p1a: Sneasler|63\/100\n|-unboost|p1a: Sneasler|spd|2\n|\n|upkeep\n|turn|12\n|\n|t:|1699921780\n|move|p1a: Sneasler|Shadow Claw|p2a: Toxapex\n|-damage|p2a: Toxapex|42\/100 par\n|cant|p2a: Toxapex|par\n|\n|upkeep\n|turn|13\n|\n|t:|1699921788\n|move|p1a: Sneasler|Shadow Claw|p2a: Toxapex\n|-damage|p2a: Toxapex|5\/100 par\n|move|p2a: Toxapex|Surf|p1a: Sneasler\n|-damage|p1a: Sneasler|2\/100\n|\n|upkeep\n|turn|14\n|\n|t:|1699921795\n|move|p1a: Sneasler|Close Combat|p2a: Toxapex\n|-resisted|p2a: Toxapex\n|-damage|p2a: Toxapex|0 fnt\n|-unboost|p1a: Sneasler|def|1\n|-unboost|p1a: Sneasler|spd|1\n|faint|p2a: Toxapex\n|\n|upkeep\n|\n|t:|1699921798\n|switch|p2a: Kingambit|Kingambit, M|100\/100\n|-damage|p2a: Kingambit|94\/100|[from] Stealth Rock\n|-activate|p2a: Kingambit|ability: Supreme Overlord\n|-start|p2a: Kingambit|fallen3|[silent]\n|turn|15\n|\n|t:|1699921810\n|move|p2a: Kingambit|Sucker Punch||[still]\n|-fail|p2a: Kingambit\n|move|p1a: Sneasler|Swords Dance|p1a: Sneasler\n|-boost|p1a: Sneasler|atk|2\n|\n|upkeep\n|turn|16\n|\n|t:|1699921814\n|move|p2a: Kingambit|Sucker Punch||[still]\n|-fail|p2a: Kingambit\n|move|p1a: Sneasler|Swords Dance|p1a: Sneasler\n|-boost|p1a: Sneasler|atk|2\n|\n|upkeep\n|turn|17\n|\n|t:|1699921817\n|move|p2a: Kingambit|Sucker Punch||[still]\n|-fail|p2a: Kingambit\n|move|p1a: Sneasler|Swords Dance|p1a: Sneasler\n|-boost|p1a: Sneasler|atk|0\n|\n|upkeep\n|turn|18\n|\n|t:|1699921821\n|move|p2a: Kingambit|Sucker Punch||[still]\n|-fail|p2a: Kingambit\n|move|p1a: Sneasler|Swords Dance|p1a: Sneasler\n|-boost|p1a: Sneasler|atk|0\n|\n|upkeep\n|turn|19\n|\n|t:|1699921825\n|move|p2a: Kingambit|Sucker Punch||[still]\n|-fail|p2a: Kingambit\n|move|p1a: Sneasler|Swords Dance|p1a: Sneasler\n|-boost|p1a: Sneasler|atk|0\n|\n|upkeep\n|turn|20\n|\n|t:|1699921829\n|move|p2a: Kingambit|Sucker Punch||[still]\n|-fail|p2a: Kingambit\n|move|p1a: Sneasler|Swords Dance|p1a: Sneasler\n|-boost|p1a: Sneasler|atk|0\n|\n|upkeep\n|turn|21\n|\n|t:|1699921833\n|move|p2a: Kingambit|Sucker Punch||[still]\n|-fail|p2a: Kingambit\n|move|p1a: Sneasler|Swords Dance|p1a: Sneasler\n|-boost|p1a: Sneasler|atk|0\n|\n|upkeep\n|turn|22\n|\n|t:|1699921838\n|move|p2a: Kingambit|Sucker Punch||[still]\n|-fail|p2a: Kingambit\n|move|p1a: Sneasler|Swords Dance|p1a: Sneasler\n|-boost|p1a: Sneasler|atk|0\n|\n|upkeep\n|turn|23\n|\n|t:|1699921842\n|-terastallize|p2a: Kingambit|Flying\n|move|p1a: Sneasler|Close Combat|p2a: Kingambit\n|-resisted|p2a: Kingambit\n|-damage|p2a: Kingambit|0 fnt\n|-unboost|p1a: Sneasler|def|1\n|-unboost|p1a: Sneasler|spd|1\n|faint|p2a: Kingambit\n|-end|p2a: Kingambit|fallen3|[silent]\n|\n|upkeep\n|\n|t:|1699921849\n|switch|p2a: Rillaboom|Rillaboom, F|88\/100\n|-damage|p2a: Rillaboom|76\/100|[from] Stealth Rock\n|-fieldstart|move: Grassy Terrain|[from] ability: Grassy Surge|[of] p2a: Rillaboom\n|turn|24\n|\n|t:|1699921853\n|move|p2a: Rillaboom|Grassy Glide|p1a: Sneasler\n|-resisted|p1a: Sneasler\n|-damage|p1a: Sneasler|0 fnt\n|faint|p1a: Sneasler\n|\n|-heal|p2a: Rillaboom|82\/100|[from] Grassy Terrain\n|upkeep\n|\n|t:|1699921859\n|switch|p1a: Ursaluna|Ursaluna, F, tera:Poison|75\/100 brn\n|-damage|p1a: Ursaluna|63\/100 brn|[from] Spikes\n|turn|25\n|\n|t:|1699921863\n|move|p2a: Rillaboom|Grassy Glide|p1a: Ursaluna\n|-resisted|p1a: Ursaluna\n|-damage|p1a: Ursaluna|43\/100 brn\n|move|p1a: Ursaluna|Facade|p2a: Rillaboom\n|-damage|p2a: Rillaboom|0 fnt\n|faint|p2a: Rillaboom\n|\n|-heal|p1a: Ursaluna|49\/100 brn|[from] Grassy Terrain\n|-damage|p1a: Ursaluna|43\/100 brn|[from] brn\n|upkeep\n|\n|t:|1699921868\n|switch|p2a: Ogerpon|Ogerpon-Cornerstone, F|13\/100\n|-damage|p2a: Ogerpon|0 fnt|[from] Stealth Rock\n|faint|p2a: Ogerpon\n|\n|win|iopqwe\n|raw|iopqwe's rating: 1717 &rarr; <strong>1735<\/strong><br \/>(+18 for winning)\n|raw|pinkerthanfloyd's rating: 1683 &rarr; <strong>1665<\/strong><br \/>(-18 for losing)\n|l|\u2606pinkerthanfloyd\n","uploadtime":1699921994,"views":13,"p1id":"iopqwe","p2id":"pinkerthanfloyd","formatid":"gen9ou","rating":1665,"private":0,"password":""}