{"id":"gen9ou-2000080495","p1":"iamhaxnoob","p2":"CreamerHKH","format":"[Gen 9] OU","log":"|j|\u2606iamhaxnoob\n|j|\u2606CreamerHKH\n|t:|1701151104\n|gametype|singles\n|player|p1|iamhaxnoob|101|1393\n|player|p2|CreamerHKH|170|1309\n|teamsize|p1|6\n|teamsize|p2|6\n|gen|9\n|tier|[Gen 9] OU\n|rated|\n|rule|Sleep Clause Mod: Limit one foe put to sleep\n|rule|Species Clause: Limit one of each Pok\u00e9mon\n|rule|OHKO Clause: OHKO moves are banned\n|rule|Evasion Items Clause: Evasion items are banned\n|rule|Evasion Moves Clause: Evasion moves are banned\n|rule|Endless Battle Clause: Forcing endless battles is banned\n|rule|HP Percentage Mod: HP is shown in percentages\n|clearpoke\n|poke|p1|Fezandipiti, M|\n|poke|p1|Iron Valiant|\n|poke|p1|Dragapult, F|\n|poke|p1|Rotom-Wash|\n|poke|p1|Ogerpon-Wellspring, F|\n|poke|p1|Great Tusk|\n|poke|p2|Ninetales-Alola, F|\n|poke|p2|Kingambit, F|\n|poke|p2|Toxapex, F|\n|poke|p2|Landorus-Therian, M|\n|poke|p2|Iron Valiant|\n|poke|p2|Cinderace, F|\n|teampreview\n|\n|t:|1701151113\n|start\n|switch|p1a: Fezandipiti|Fezandipiti, M|100\/100\n|switch|p2a: Landorus|Landorus-Therian, M|100\/100\n|-ability|p2a: Landorus|Intimidate|boost\n|-unboost|p1a: Fezandipiti|atk|1\n|turn|1\n|inactive|Battle timer is ON: inactive players will automatically lose when time's up. (requested by iamhaxnoob)\n|\n|t:|1701151119\n|move|p1a: Fezandipiti|U-turn|p2a: Landorus\n|-resisted|p2a: Landorus\n|-damage|p2a: Landorus|97\/100\n|\n|t:|1701151122\n|switch|p1a: Great Tusk|Great Tusk|100\/100|[from] U-turn\n|move|p2a: Landorus|Stealth Rock|p1a: Great Tusk\n|-sidestart|p1: iamhaxnoob|move: Stealth Rock\n|\n|-heal|p2a: Landorus|100\/100|[from] item: Leftovers\n|upkeep\n|turn|2\n|\n|t:|1701151127\n|move|p1a: Great Tusk|Stealth Rock|p2a: Landorus\n|-sidestart|p2: CreamerHKH|move: Stealth Rock\n|move|p2a: Landorus|U-turn|p1a: Great Tusk\n|-resisted|p1a: Great Tusk\n|-crit|p1a: Great Tusk\n|-damage|p1a: Great Tusk|93\/100\n|-damage|p2a: Landorus|84\/100|[from] item: Rocky Helmet|[of] p1a: Great Tusk\n|\n|t:|1701151130\n|switch|p2a: Ninetales|Ninetales-Alola, F|100\/100|[from] U-turn\n|-damage|p2a: Ninetales|76\/100|[from] Stealth Rock\n|-weather|Snow|[from] ability: Snow Warning|[of] p2a: Ninetales\n|\n|-weather|Snow|[upkeep]\n|upkeep\n|turn|3\n|\n|t:|1701151135\n|-end|p1a: Great Tusk|Protosynthesis|[silent]\n|switch|p1a: Fezandipiti|Fezandipiti, M|100\/100\n|move|p2a: Ninetales|Freeze-Dry|p1a: Fezandipiti\n|-damage|p1a: Fezandipiti|85\/100\n|\n|-weather|Snow|[upkeep]\n|upkeep\n|turn|4\n|\n|t:|1701151141\n|move|p2a: Ninetales|Aurora Veil|p2a: Ninetales\n|-sidestart|p2: CreamerHKH|move: Aurora Veil\n|move|p1a: Fezandipiti|Beat Up|p2a: Ninetales\n|-resisted|p2a: Ninetales\n|-damage|p2a: Ninetales|75\/100\n|-status|p2a: Ninetales|tox|[from] ability: Toxic Chain|[of] p1a: Fezandipiti\n|-resisted|p2a: Ninetales\n|-damage|p2a: Ninetales|74\/100 tox\n|-resisted|p2a: Ninetales\n|-damage|p2a: Ninetales|73\/100 tox\n|-resisted|p2a: Ninetales\n|-damage|p2a: Ninetales|73\/100 tox\n|-resisted|p2a: Ninetales\n|-damage|p2a: Ninetales|72\/100 tox\n|-resisted|p2a: Ninetales\n|-damage|p2a: Ninetales|71\/100 tox\n|-hitcount|p2a: Ninetales|6\n|\n|-weather|Snow|[upkeep]\n|-damage|p2a: Ninetales|65\/100 tox|[from] psn\n|upkeep\n|turn|5\n|inactive|CreamerHKH has 120 seconds left.\n|\n|t:|1701151188\n|switch|p2a: Toxapex|Toxapex, F|100\/100\n|-damage|p2a: Toxapex|88\/100|[from] Stealth Rock\n|move|p1a: Fezandipiti|U-turn|p2a: Toxapex\n|-resisted|p2a: Toxapex\n|-damage|p2a: Toxapex|86\/100\n|\n|t:|1701151196\n|switch|p1a: Rotom|Rotom-Wash|100\/100|[from] U-turn\n|-damage|p1a: Rotom|88\/100|[from] Stealth Rock\n|\n|-weather|Snow|[upkeep]\n|-heal|p1a: Rotom|94\/100|[from] item: Leftovers\n|-heal|p2a: Toxapex|92\/100|[from] item: Leftovers\n|upkeep\n|turn|6\n|\n|t:|1701151207\n|move|p1a: Rotom|Thunder Wave|p2a: Toxapex\n|-status|p2a: Toxapex|par\n|move|p2a: Toxapex|Toxic|p1a: Rotom\n|-status|p1a: Rotom|tox\n|\n|-weather|none\n|-heal|p1a: Rotom|100\/100 tox|[from] item: Leftovers\n|-heal|p2a: Toxapex|98\/100 par|[from] item: Leftovers\n|-damage|p1a: Rotom|94\/100 tox|[from] psn\n|upkeep\n|turn|7\n|\n|t:|1701151217\n|switch|p2a: Landorus|Landorus-Therian, M|84\/100\n|-damage|p2a: Landorus|72\/100|[from] Stealth Rock\n|-ability|p2a: Landorus|Intimidate|boost\n|-unboost|p1a: Rotom|atk|1\n|move|p1a: Rotom|Volt Switch|p2a: Landorus\n|-immune|p2a: Landorus\n|\n|-heal|p2a: Landorus|78\/100|[from] item: Leftovers\n|-heal|p1a: Rotom|100\/100 tox|[from] item: Leftovers\n|-damage|p1a: Rotom|88\/100 tox|[from] psn\n|upkeep\n|turn|8\n|\n|t:|1701151225\n|move|p2a: Landorus|U-turn|p1a: Rotom\n|-damage|p1a: Rotom|72\/100 tox\n|\n|t:|1701151235\n|switch|p2a: Kingambit|Kingambit, F|100\/100|[from] U-turn\n|-damage|p2a: Kingambit|94\/100|[from] Stealth Rock\n|move|p1a: Rotom|Will-O-Wisp|p2a: Kingambit\n|-status|p2a: Kingambit|brn\n|\n|-heal|p1a: Rotom|78\/100 tox|[from] item: Leftovers\n|-heal|p2a: Kingambit|100\/100 brn|[from] item: Leftovers\n|-damage|p1a: Rotom|60\/100 tox|[from] psn\n|-damage|p2a: Kingambit|94\/100 brn|[from] brn\n|upkeep\n|turn|9\n|\n|t:|1701151242\n|switch|p1a: Great Tusk|Great Tusk|93\/100\n|-damage|p1a: Great Tusk|90\/100|[from] Stealth Rock\n|move|p2a: Kingambit|Swords Dance|p2a: Kingambit\n|-boost|p2a: Kingambit|atk|2\n|\n|-heal|p2a: Kingambit|100\/100 brn|[from] item: Leftovers\n|-damage|p2a: Kingambit|94\/100 brn|[from] brn\n|upkeep\n|turn|10\n|\n|t:|1701151257\n|-end|p2a: Kingambit|fallenundefined|[silent]\n|switch|p2a: Iron Valiant|Iron Valiant|100\/100\n|-damage|p2a: Iron Valiant|94\/100|[from] Stealth Rock\n|-enditem|p2a: Iron Valiant|Booster Energy\n|-activate|p2a: Iron Valiant|ability: Quark Drive|[fromitem]\n|-start|p2a: Iron Valiant|quarkdrivespe\n|move|p1a: Great Tusk|Rapid Spin|p2a: Iron Valiant\n|-damage|p2a: Iron Valiant|86\/100\n|-boost|p1a: Great Tusk|spe|1\n|-sideend|p1: iamhaxnoob|Stealth Rock|[from] move: Rapid Spin|[of] p1a: Great Tusk\n|\n|upkeep\n|turn|11\n|\n|t:|1701151263\n|-end|p1a: Great Tusk|Protosynthesis|[silent]\n|switch|p1a: Fezandipiti|Fezandipiti, M|85\/100\n|move|p2a: Iron Valiant|Swords Dance|p2a: Iron Valiant\n|-boost|p2a: Iron Valiant|atk|2\n|\n|-sideend|p2: CreamerHKH|move: Aurora Veil\n|upkeep\n|turn|12\n|\n|t:|1701151281\n|-terastallize|p2a: Iron Valiant|Dark\n|move|p2a: Iron Valiant|Knock Off|p1a: Fezandipiti\n|-resisted|p1a: Fezandipiti\n|-damage|p1a: Fezandipiti|32\/100\n|-enditem|p1a: Fezandipiti|Heavy-Duty Boots|[from] move: Knock Off|[of] p2a: Iron Valiant\n|move|p1a: Fezandipiti|Play Rough|p2a: Iron Valiant\n|-supereffective|p2a: Iron Valiant\n|-damage|p2a: Iron Valiant|15\/100\n|\n|upkeep\n|turn|13\n|\n|t:|1701151297\n|move|p2a: Iron Valiant|Close Combat|p1a: Fezandipiti\n|-resisted|p1a: Fezandipiti\n|-damage|p1a: Fezandipiti|0 fnt\n|-unboost|p2a: Iron Valiant|def|1\n|-unboost|p2a: Iron Valiant|spd|1\n|faint|p1a: Fezandipiti\n|\n|upkeep\n|inactive|iamhaxnoob has 120 seconds left.\n|\n|t:|1701151336\n|switch|p1a: Great Tusk|Great Tusk|90\/100\n|turn|14\n|\n|t:|1701151340\n|move|p2a: Iron Valiant|Close Combat|p1a: Great Tusk\n|-damage|p1a: Great Tusk|29\/100\n|-unboost|p2a: Iron Valiant|def|1\n|-unboost|p2a: Iron Valiant|spd|1\n|-damage|p2a: Iron Valiant|0 fnt|[from] item: Rocky Helmet|[of] p1a: Great Tusk\n|faint|p2a: Iron Valiant\n|-end|p2a: Iron Valiant|Quark Drive|[silent]\n|move|p1a: Great Tusk|Earthquake|p2: Iron Valiant|[notarget]\n|-fail|p1a: Great Tusk\n|\n|upkeep\n|\n|t:|1701151353\n|switch|p2a: Cinderace|Cinderace, F|100\/100\n|turn|15\n|\n|t:|1701151358\n|move|p2a: Cinderace|Court Change|p2a: Cinderace\n|-start|p2a: Cinderace|typechange|Normal|[from] ability: Libero\n|-swapsideconditions\n|-activate|p2a: Cinderace|move: Court Change\n|move|p1a: Great Tusk|Rapid Spin|p2a: Cinderace\n|-damage|p2a: Cinderace|79\/100\n|-boost|p1a: Great Tusk|spe|1\n|-sideend|p1: iamhaxnoob|Stealth Rock|[from] move: Rapid Spin|[of] p1a: Great Tusk\n|\n|upkeep\n|turn|16\n|\n|t:|1701151375\n|-end|p1a: Great Tusk|Protosynthesis|[silent]\n|switch|p1a: Rotom|Rotom-Wash|60\/100 tox\n|move|p2a: Cinderace|Will-O-Wisp||[still]\n|-fail|p2a: Cinderace\n|\n|-heal|p1a: Rotom|66\/100 tox|[from] item: Leftovers\n|-damage|p1a: Rotom|60\/100 tox|[from] psn\n|upkeep\n|turn|17\n|inactive|iamhaxnoob has 120 seconds left.\n|\n|t:|1701151391\n|move|p2a: Cinderace|U-turn|p1a: Rotom\n|-damage|p1a: Rotom|44\/100 tox\n|\n|t:|1701151393\n|switch|p2a: Ninetales|Ninetales-Alola, F|65\/100 tox|[from] U-turn\n|-weather|Snow|[from] ability: Snow Warning|[of] p2a: Ninetales\n|move|p1a: Rotom|Volt Switch|p2a: Ninetales\n|-damage|p2a: Ninetales|37\/100 tox\n|\n|t:|1701151399\n|switch|p1a: Dragapult|Dragapult, F|100\/100|[from] Volt Switch\n|\n|-weather|Snow|[upkeep]\n|-damage|p2a: Ninetales|31\/100 tox|[from] psn\n|upkeep\n|turn|18\n|\n|t:|1701151405\n|move|p1a: Dragapult|Hex|p2a: Ninetales\n|-damage|p2a: Ninetales|0 fnt\n|faint|p2a: Ninetales\n|\n|-weather|Snow|[upkeep]\n|upkeep\n|\n|t:|1701151420\n|switch|p2a: Kingambit|Kingambit, F|94\/100 brn\n|-activate|p2a: Kingambit|ability: Supreme Overlord\n|-start|p2a: Kingambit|fallen2|[silent]\n|turn|19\n|\n|t:|1701151434\n|switch|p1a: Great Tusk|Great Tusk|29\/100\n|move|p2a: Kingambit|Swords Dance|p2a: Kingambit\n|-boost|p2a: Kingambit|atk|2\n|\n|-weather|Snow|[upkeep]\n|-heal|p2a: Kingambit|100\/100 brn|[from] item: Leftovers\n|-damage|p2a: Kingambit|94\/100 brn|[from] brn\n|upkeep\n|turn|20\n|\n|t:|1701151443\n|move|p2a: Kingambit|Sucker Punch|p1a: Great Tusk\n|-resisted|p1a: Great Tusk\n|-damage|p1a: Great Tusk|16\/100\n|-damage|p2a: Kingambit|78\/100 brn|[from] item: Rocky Helmet|[of] p1a: Great Tusk\n|move|p1a: Great Tusk|Earthquake|p2a: Kingambit\n|-supereffective|p2a: Kingambit\n|-damage|p2a: Kingambit|18\/100 brn\n|\n|-weather|Snow|[upkeep]\n|-heal|p2a: Kingambit|24\/100 brn|[from] item: Leftovers\n|-damage|p2a: Kingambit|18\/100 brn|[from] brn\n|upkeep\n|turn|21\n|\n|t:|1701151454\n|move|p2a: Kingambit|Sucker Punch||[still]\n|-fail|p2a: Kingambit\n|move|p1a: Great Tusk|Stealth Rock|p2a: Kingambit\n|-sidestart|p2: CreamerHKH|move: Stealth Rock\n|\n|-weather|none\n|-heal|p2a: Kingambit|24\/100 brn|[from] item: Leftovers\n|-damage|p2a: Kingambit|18\/100 brn|[from] brn\n|upkeep\n|turn|22\n|\n|t:|1701151462\n|move|p2a: Kingambit|Sucker Punch|p1a: Great Tusk\n|-resisted|p1a: Great Tusk\n|-damage|p1a: Great Tusk|4\/100\n|-damage|p2a: Kingambit|1\/100 brn|[from] item: Rocky Helmet|[of] p1a: Great Tusk\n|move|p1a: Great Tusk|Ice Spinner|p2a: Kingambit\n|-resisted|p2a: Kingambit\n|-damage|p2a: Kingambit|0 fnt\n|faint|p2a: Kingambit\n|-end|p2a: Kingambit|fallen2|[silent]\n|\n|upkeep\n|\n|t:|1701151467\n|switch|p2a: Cinderace|Cinderace, F|79\/100\n|turn|23\n|\n|t:|1701151477\n|move|p2a: Cinderace|Pyro Ball|p1a: Great Tusk\n|-damage|p1a: Great Tusk|0 fnt\n|faint|p1a: Great Tusk\n|-end|p1a: Great Tusk|Protosynthesis|[silent]\n|\n|upkeep\n|\n|t:|1701151488\n|switch|p1a: Rotom|Rotom-Wash|44\/100 tox\n|turn|24\n|\n|t:|1701151495\n|move|p2a: Cinderace|U-turn|p1a: Rotom\n|-start|p2a: Cinderace|typechange|Bug|[from] ability: Libero\n|-damage|p1a: Rotom|18\/100 tox\n|\n|t:|1701151503\n|switch|p2a: Landorus|Landorus-Therian, M|78\/100|[from] U-turn\n|-damage|p2a: Landorus|65\/100|[from] Stealth Rock\n|-ability|p2a: Landorus|Intimidate|boost\n|-unboost|p1a: Rotom|atk|1\n|move|p1a: Rotom|Thunder Wave|p2a: Landorus\n|-immune|p2a: Landorus\n|\n|-heal|p2a: Landorus|71\/100|[from] item: Leftovers\n|-heal|p1a: Rotom|24\/100 tox|[from] item: Leftovers\n|-damage|p1a: Rotom|18\/100 tox|[from] psn\n|upkeep\n|turn|25\n|\n|t:|1701151513\n|move|p2a: Landorus|U-turn|p1a: Rotom\n|-damage|p1a: Rotom|1\/100 tox\n|\n|t:|1701151519\n|switch|p2a: Cinderace|Cinderace, F|79\/100|[from] U-turn\n|move|p1a: Rotom|Will-O-Wisp|p2a: Cinderace\n|-immune|p2a: Cinderace\n|\n|-heal|p1a: Rotom|8\/100 tox|[from] item: Leftovers\n|-damage|p1a: Rotom|0 fnt|[from] psn\n|faint|p1a: Rotom\n|upkeep\n|\n|t:|1701151526\n|switch|p1a: Dragapult|Dragapult, F|100\/100\n|turn|26\n|\n|t:|1701151538\n|-terastallize|p1a: Dragapult|Dragon\n|move|p1a: Dragapult|Draco Meteor|p2a: Cinderace\n|-damage|p2a: Cinderace|0 fnt\n|-unboost|p1a: Dragapult|spa|2\n|faint|p2a: Cinderace\n|\n|upkeep\n|\n|t:|1701151548\n|switch|p2a: Toxapex|Toxapex, F|100\/100 par\n|-damage|p2a: Toxapex|88\/100 par|[from] Stealth Rock\n|turn|27\n|\n|t:|1701151561\n|switch|p1a: Iron Valiant|Iron Valiant|100\/100\n|-enditem|p1a: Iron Valiant|Booster Energy\n|-activate|p1a: Iron Valiant|ability: Quark Drive|[fromitem]\n|-start|p1a: Iron Valiant|quarkdrivespe\n|move|p2a: Toxapex|Toxic|p1a: Iron Valiant\n|-status|p1a: Iron Valiant|tox\n|\n|-heal|p2a: Toxapex|94\/100 par|[from] item: Leftovers\n|-damage|p1a: Iron Valiant|94\/100 tox|[from] psn\n|upkeep\n|turn|28\n|\n|t:|1701151571\n|move|p1a: Iron Valiant|Calm Mind|p1a: Iron Valiant\n|-boost|p1a: Iron Valiant|spa|1\n|-boost|p1a: Iron Valiant|spd|1\n|move|p2a: Toxapex|Surf|p1a: Iron Valiant\n|-damage|p1a: Iron Valiant|71\/100 tox\n|\n|-heal|p2a: Toxapex|100\/100 par|[from] item: Leftovers\n|-damage|p1a: Iron Valiant|59\/100 tox|[from] psn\n|upkeep\n|turn|29\n|\n|t:|1701151575\n|move|p1a: Iron Valiant|Hex|p2a: Toxapex\n|-damage|p2a: Toxapex|48\/100 par\n|move|p2a: Toxapex|Surf|p1a: Iron Valiant\n|-damage|p1a: Iron Valiant|39\/100 tox\n|\n|-heal|p2a: Toxapex|54\/100 par|[from] item: Leftovers\n|-damage|p1a: Iron Valiant|20\/100 tox|[from] psn\n|upkeep\n|turn|30\n|\n|t:|1701151581\n|move|p1a: Iron Valiant|Hex|p2a: Toxapex\n|-damage|p2a: Toxapex|2\/100 par\n|move|p2a: Toxapex|Recover|p2a: Toxapex\n|-heal|p2a: Toxapex|52\/100 par\n|\n|-heal|p2a: Toxapex|58\/100 par|[from] item: Leftovers\n|-damage|p1a: Iron Valiant|0 fnt|[from] psn\n|faint|p1a: Iron Valiant\n|-end|p1a: Iron Valiant|Quark Drive|[silent]\n|upkeep\n|\n|t:|1701151589\n|switch|p1a: Ogerpon|Ogerpon-Wellspring, F|100\/100\n|turn|31\n|\n|t:|1701151592\n|move|p1a: Ogerpon|Swords Dance|p1a: Ogerpon\n|-boost|p1a: Ogerpon|atk|2\n|cant|p2a: Toxapex|par\n|\n|-heal|p2a: Toxapex|65\/100 par|[from] item: Leftovers\n|upkeep\n|turn|32\n|\n|t:|1701151595\n|move|p1a: Ogerpon|Zen Headbutt|p2a: Toxapex\n|-supereffective|p2a: Toxapex\n|-damage|p2a: Toxapex|0 fnt\n|faint|p2a: Toxapex\n|\n|upkeep\n|-message|CreamerHKH forfeited.\n|\n|win|iamhaxnoob\n|raw|iamhaxnoob's rating: 1393 &rarr; <strong>1408<\/strong><br \/>(+15 for winning)\n|raw|CreamerHKH's rating: 1309 &rarr; <strong>1294<\/strong><br \/>(-15 for losing)\n|l|\u2606CreamerHKH\n","uploadtime":1701151606,"views":2,"p1id":"iamhaxnoob","p2id":"creamerhkh","formatid":"gen9ou","rating":1294,"private":0,"password":""}