{"id":"gen9ou-1997982781","p1":"ouvt botolwotol","p2":"Duckycrater","format":"[Gen 9] OU","log":"|j|\u2606ouvt botolwotol\n|j|\u2606Duckycrater\n|t:|1700875174\n|gametype|singles\n|player|p1|ouvt botolwotol|pokemonrangerf-gen4|1540\n|player|p2|Duckycrater|266|1610\n|teamsize|p1|6\n|teamsize|p2|6\n|gen|9\n|tier|[Gen 9] OU\n|rated|\n|rule|Sleep Clause Mod: Limit one foe put to sleep\n|rule|Species Clause: Limit one of each Pok\u00e9mon\n|rule|OHKO Clause: OHKO moves are banned\n|rule|Evasion Items Clause: Evasion items are banned\n|rule|Evasion Moves Clause: Evasion moves are banned\n|rule|Endless Battle Clause: Forcing endless battles is banned\n|rule|HP Percentage Mod: HP is shown in percentages\n|clearpoke\n|poke|p1|Kingambit, M|\n|poke|p1|Iron Valiant|\n|poke|p1|Glimmora, M|\n|poke|p1|Dragonite, M|\n|poke|p1|Gholdengo|\n|poke|p1|Tornadus-Therian, M|\n|poke|p2|Garganacl, F|\n|poke|p2|Great Tusk|\n|poke|p2|Gholdengo|\n|poke|p2|Iron Valiant|\n|poke|p2|Dragonite, M|\n|poke|p2|Zapdos|\n|teampreview\n|inactive|Battle timer is ON: inactive players will automatically lose when time's up. (requested by Duckycrater)\n|\n|t:|1700875186\n|start\n|switch|p1a: Glimmora|Glimmora, M|100\/100\n|switch|p2a: Garganacl|Garganacl, F|100\/100\n|turn|1\n|\n|t:|1700875208\n|move|p1a: Glimmora|Earth Power|p2a: Garganacl\n|-supereffective|p2a: Garganacl\n|-damage|p2a: Garganacl|47\/100\n|move|p2a: Garganacl|Earthquake|p1a: Glimmora\n|-supereffective|p1a: Glimmora\n|-enditem|p1a: Glimmora|Focus Sash\n|-damage|p1a: Glimmora|1\/100\n|-activate|p1a: Glimmora|ability: Toxic Debris\n|-sidestart|p2: Duckycrater|move: Toxic Spikes\n|\n|-heal|p2a: Garganacl|53\/100|[from] item: Leftovers\n|upkeep\n|turn|2\n|\n|t:|1700875212\n|switch|p2a: Gholdengo|Gholdengo|100\/100\n|-item|p2a: Gholdengo|Air Balloon\n|move|p1a: Glimmora|Stealth Rock|p2a: Gholdengo\n|-sidestart|p2: Duckycrater|move: Stealth Rock\n|\n|upkeep\n|turn|3\n|\n|t:|1700875228\n|move|p1a: Glimmora|Energy Ball|p2a: Gholdengo\n|-resisted|p2a: Gholdengo\n|-crit|p2a: Gholdengo\n|-damage|p2a: Gholdengo|77\/100\n|-unboost|p2a: Gholdengo|spd|1\n|-enditem|p2a: Gholdengo|Air Balloon\n|move|p2a: Gholdengo|Shadow Ball|p1a: Glimmora\n|-damage|p1a: Glimmora|0 fnt\n|faint|p1a: Glimmora\n|\n|upkeep\n|\n|t:|1700875232\n|switch|p1a: Tornadus|Tornadus-Therian, M|100\/100\n|turn|4\n|\n|t:|1700875242\n|move|p1a: Tornadus|Nasty Plot|p1a: Tornadus\n|-boost|p1a: Tornadus|spa|2\n|move|p2a: Gholdengo|Make It Rain|p1a: Tornadus\n|-damage|p1a: Tornadus|34\/100\n|-unboost|p2a: Gholdengo|spa|1\n|\n|upkeep\n|turn|5\n|\n|t:|1700875245\n|move|p1a: Tornadus|Heat Wave|p2a: Gholdengo\n|-supereffective|p2a: Gholdengo\n|-damage|p2a: Gholdengo|0 fnt\n|faint|p2a: Gholdengo\n|\n|upkeep\n|\n|t:|1700875252\n|switch|p2a: Dragonite|Dragonite, M|100\/100\n|turn|6\n|\n|t:|1700875261\n|switch|p1a: Iron Valiant|Iron Valiant|100\/100\n|-enditem|p1a: Iron Valiant|Booster Energy\n|-activate|p1a: Iron Valiant|ability: Quark Drive|[fromitem]\n|-start|p1a: Iron Valiant|quarkdrivespe\n|move|p2a: Dragonite|Extreme Speed|p1a: Iron Valiant\n|-damage|p1a: Iron Valiant|58\/100\n|\n|upkeep\n|turn|7\n|\n|t:|1700875269\n|-terastallize|p2a: Dragonite|Normal\n|move|p2a: Dragonite|Extreme Speed|p1a: Iron Valiant\n|-damage|p1a: Iron Valiant|0 fnt\n|faint|p1a: Iron Valiant\n|-end|p1a: Iron Valiant|Quark Drive|[silent]\n|\n|upkeep\n|\n|t:|1700875284\n|switch|p1a: Kingambit|Kingambit, M|100\/100\n|-activate|p1a: Kingambit|ability: Supreme Overlord\n|-start|p1a: Kingambit|fallen2|[silent]\n|turn|8\n|\n|t:|1700875294\n|switch|p2a: Great Tusk|Great Tusk|100\/100\n|move|p1a: Kingambit|Sucker Punch||[still]\n|-fail|p1a: Kingambit\n|\n|upkeep\n|turn|9\n|\n|t:|1700875303\n|-terastallize|p1a: Kingambit|Flying\n|move|p2a: Great Tusk|Stealth Rock|p1a: Kingambit\n|-sidestart|p1: ouvt botolwotol|move: Stealth Rock\n|move|p1a: Kingambit|Swords Dance|p1a: Kingambit\n|-boost|p1a: Kingambit|atk|2\n|\n|upkeep\n|turn|10\n|\n|t:|1700875310\n|move|p2a: Great Tusk|Ice Spinner|p1a: Kingambit\n|-supereffective|p1a: Kingambit\n|-damage|p1a: Kingambit|52\/100\n|move|p1a: Kingambit|Swords Dance|p1a: Kingambit\n|-boost|p1a: Kingambit|atk|2\n|\n|upkeep\n|turn|11\n|\n|t:|1700875314\n|move|p2a: Great Tusk|Ice Spinner|p1a: Kingambit\n|-supereffective|p1a: Kingambit\n|-damage|p1a: Kingambit|9\/100\n|move|p1a: Kingambit|Iron Head|p2a: Great Tusk\n|-damage|p2a: Great Tusk|0 fnt\n|faint|p2a: Great Tusk\n|-end|p2a: Great Tusk|Protosynthesis|[silent]\n|\n|upkeep\n|\n|t:|1700875317\n|switch|p2a: Dragonite|Dragonite, M, tera:Normal|100\/100\n|turn|12\n|\n|t:|1700875321\n|-end|p1a: Kingambit|fallen2|[silent]\n|switch|p1a: Gholdengo|Gholdengo|100\/100\n|-damage|p1a: Gholdengo|94\/100|[from] Stealth Rock\n|move|p2a: Dragonite|Extreme Speed|p1a: Gholdengo\n|-immune|p1a: Gholdengo\n|\n|upkeep\n|turn|13\n|\n|t:|1700875324\n|move|p1a: Gholdengo|Make It Rain|p2a: Dragonite\n|-damage|p2a: Dragonite|68\/100\n|-unboost|p1a: Gholdengo|spa|1\n|move|p2a: Dragonite|Dragon Dance|p2a: Dragonite\n|-boost|p2a: Dragonite|atk|1\n|-boost|p2a: Dragonite|spe|1\n|\n|upkeep\n|turn|14\n|\n|t:|1700875328\n|switch|p1a: Kingambit|Kingambit, M, tera:Flying|9\/100\n|-damage|p1a: Kingambit|0 fnt|[from] Stealth Rock\n|faint|p1a: Kingambit\n|-end|p1a: Kingambit|fallen2|[silent]\n|move|p2a: Dragonite|Earthquake|p1: Kingambit|[notarget]\n|-fail|p2a: Dragonite\n|\n|upkeep\n|\n|t:|1700875330\n|switch|p1a: Dragonite|Dragonite, M|100\/100\n|turn|15\n|\n|t:|1700875334\n|move|p2a: Dragonite|Ice Spinner|p1a: Dragonite\n|-supereffective|p1a: Dragonite\n|-damage|p1a: Dragonite|0 fnt\n|faint|p1a: Dragonite\n|\n|upkeep\n|\n|t:|1700875340\n|switch|p1a: Gholdengo|Gholdengo|94\/100\n|-damage|p1a: Gholdengo|88\/100|[from] Stealth Rock\n|turn|16\n|\n|t:|1700875343\n|move|p1a: Gholdengo|Focus Blast|p2a: Dragonite|[miss]\n|-miss|p1a: Gholdengo|p2a: Dragonite\n|move|p2a: Dragonite|Earthquake|p1a: Gholdengo\n|-supereffective|p1a: Gholdengo\n|-damage|p1a: Gholdengo|0 fnt\n|faint|p1a: Gholdengo\n|\n|upkeep\n|-message|ouvt botolwotol forfeited.\n|\n|win|Duckycrater\n|raw|ouvt botolwotol's rating: 1540 &rarr; <strong>1524<\/strong><br \/>(-16 for losing)\n|raw|Duckycrater's rating: 1610 &rarr; <strong>1626<\/strong><br \/>(+16 for winning)\n|l|\u2606ouvt botolwotol\n|c|\u2606Duckycrater|f\n|l|\u2606Duckycrater\n|j|\u2606ouvt botolwotol\n|player|p1|ouvt botolwotol|pokemonrangerf-gen4\n","uploadtime":1700875379,"views":1,"p1id":"ouvtbotolwotol","p2id":"duckycrater","formatid":"gen9ou","rating":1524,"private":0,"password":""}