{"id":"gen9ou-1990252169","p1":"MINO12131","p2":"longtiip","format":"[Gen 9] OU","log":"|j|\u2606MINO12131\n|j|\u2606longtiip\n|t:|1699944941\n|gametype|singles\n|player|p1|MINO12131|265|1055\n|player|p2|longtiip|265|1000\n|teamsize|p1|6\n|teamsize|p2|6\n|gen|9\n|tier|[Gen 9] OU\n|rated|\n|rule|Sleep Clause Mod: Limit one foe put to sleep\n|rule|Species Clause: Limit one of each Pok\u00e9mon\n|rule|OHKO Clause: OHKO moves are banned\n|rule|Evasion Items Clause: Evasion items are banned\n|rule|Evasion Moves Clause: Evasion moves are banned\n|rule|Endless Battle Clause: Forcing endless battles is banned\n|rule|HP Percentage Mod: HP is shown in percentages\n|clearpoke\n|poke|p1|Glimmora, M|\n|poke|p1|Samurott-Hisui, M|\n|poke|p1|Tyranitar, F|\n|poke|p1|Gholdengo|\n|poke|p1|Zamazenta-*|\n|poke|p1|Garchomp, F|\n|poke|p2|Pincurchin, F|\n|poke|p2|Iron Treads|\n|poke|p2|Iron Moth|\n|poke|p2|Iron Hands|\n|poke|p2|Iron Valiant|\n|poke|p2|Electrode-Hisui|\n|teampreview\n|\n|t:|1699944957\n|start\n|switch|p1a: Glimmora|Glimmora, M|100\/100\n|switch|p2a: Pincurchin|Pincurchin, F|100\/100\n|-fieldstart|move: Electric Terrain|[from] ability: Electric Surge|[of] p2a: Pincurchin\n|-enditem|p2a: Pincurchin|Electric Seed\n|-boost|p2a: Pincurchin|def|1|[from] item: Electric Seed\n|turn|1\n|\n|t:|1699944972\n|move|p1a: Glimmora|Stealth Rock|p2a: Pincurchin\n|-sidestart|p2: longtiip|move: Stealth Rock\n|move|p2a: Pincurchin|Thunder Wave|p1a: Glimmora\n|-status|p1a: Glimmora|par\n|\n|upkeep\n|turn|2\n|\n|t:|1699944978\n|move|p1a: Glimmora|Spikes|p2a: Pincurchin\n|-sidestart|p2: longtiip|Spikes\n|move|p2a: Pincurchin|Toxic Spikes|p1a: Glimmora\n|-sidestart|p1: MINO12131|move: Toxic Spikes\n|\n|upkeep\n|turn|3\n|\n|t:|1699944983\n|move|p1a: Glimmora|Spikes|p2a: Pincurchin\n|-sidestart|p2: longtiip|Spikes\n|move|p2a: Pincurchin|Toxic Spikes|p1a: Glimmora\n|-sidestart|p1: MINO12131|move: Toxic Spikes\n|\n|upkeep\n|turn|4\n|\n|t:|1699944995\n|switch|p2a: Iron Treads|Iron Treads|100\/100\n|-damage|p2a: Iron Treads|97\/100|[from] Stealth Rock\n|-damage|p2a: Iron Treads|81\/100|[from] Spikes\n|-activate|p2a: Iron Treads|ability: Quark Drive\n|-start|p2a: Iron Treads|quarkdrivespe\n|move|p1a: Glimmora|Spikes|p2a: Iron Treads\n|-sidestart|p2: longtiip|Spikes\n|\n|upkeep\n|turn|5\n|\n|t:|1699945013\n|switch|p1a: Gholdengo|Gholdengo|100\/100\n|-item|p1a: Gholdengo|Air Balloon\n|move|p2a: Iron Treads|Earthquake|p1a: Gholdengo\n|-immune|p1a: Gholdengo\n|\n|-fieldend|move: Electric Terrain\n|-end|p2a: Iron Treads|Quark Drive\n|upkeep\n|turn|6\n|\n|t:|1699945034\n|-end|p2a: Iron Treads|Quark Drive|[silent]\n|switch|p2a: Pincurchin|Pincurchin, F|100\/100\n|-damage|p2a: Pincurchin|88\/100|[from] Stealth Rock\n|-damage|p2a: Pincurchin|63\/100|[from] Spikes\n|-fieldstart|move: Electric Terrain|[from] ability: Electric Surge|[of] p2a: Pincurchin\n|move|p1a: Gholdengo|Shadow Ball|p2a: Pincurchin\n|-damage|p2a: Pincurchin|24\/100\n|\n|upkeep\n|turn|7\n|\n|t:|1699945056\n|switch|p1a: Glimmora|Glimmora, M|100\/100 par\n|-sideend|p1: MINO12131|move: Toxic Spikes|[of] p1a: Glimmora\n|move|p2a: Pincurchin|Memento|p1a: Glimmora\n|-unboost|p1a: Glimmora|atk|2\n|-unboost|p1a: Glimmora|spa|2\n|faint|p2a: Pincurchin\n|\n|upkeep\n|\n|t:|1699945093\n|switch|p2a: Iron Moth|Iron Moth|100\/100\n|-damage|p2a: Iron Moth|76\/100|[from] Stealth Rock\n|-damage|p2a: Iron Moth|51\/100|[from] Spikes\n|-activate|p2a: Iron Moth|ability: Quark Drive\n|-start|p2a: Iron Moth|quarkdrivespa\n|turn|8\n|\n|t:|1699945108\n|move|p1a: Glimmora|Spiky Shield|p1a: Glimmora\n|-singleturn|p1a: Glimmora|move: Protect\n|move|p2a: Iron Moth|Psychic|p1a: Glimmora\n|-activate|p1a: Glimmora|move: Protect\n|\n|upkeep\n|turn|9\n|\n|t:|1699945123\n|-end|p2a: Iron Moth|Quark Drive|[silent]\n|switch|p2a: Iron Hands|Iron Hands|100\/100\n|-damage|p2a: Iron Hands|94\/100|[from] Stealth Rock\n|-damage|p2a: Iron Hands|69\/100|[from] Spikes\n|-activate|p2a: Iron Hands|ability: Quark Drive\n|-start|p2a: Iron Hands|quarkdriveatk\n|switch|p1a: Samurott|Samurott-Hisui, M|100\/100\n|\n|-heal|p2a: Iron Hands|75\/100|[from] item: Leftovers\n|upkeep\n|turn|10\n|\n|t:|1699945140\n|switch|p1a: Tyranitar|Tyranitar, F|100\/100\n|-weather|Sandstorm|[from] ability: Sand Stream|[of] p1a: Tyranitar\n|move|p2a: Iron Hands|Swords Dance|p2a: Iron Hands\n|-boost|p2a: Iron Hands|atk|2\n|\n|-weather|Sandstorm|[upkeep]\n|-damage|p2a: Iron Hands|69\/100|[from] Sandstorm\n|-heal|p2a: Iron Hands|75\/100|[from] item: Leftovers\n|-fieldend|move: Electric Terrain\n|-end|p2a: Iron Hands|Quark Drive\n|upkeep\n|turn|11\n|\n|t:|1699945148\n|move|p2a: Iron Hands|Drain Punch|p1a: Tyranitar\n|-supereffective|p1a: Tyranitar\n|-damage|p1a: Tyranitar|0 fnt\n|-heal|p2a: Iron Hands|100\/100|[from] drain|[of] p1a: Tyranitar\n|faint|p1a: Tyranitar\n|\n|-weather|Sandstorm|[upkeep]\n|-damage|p2a: Iron Hands|94\/100|[from] Sandstorm\n|-heal|p2a: Iron Hands|100\/100|[from] item: Leftovers\n|upkeep\n|\n|t:|1699945161\n|switch|p1a: Garchomp|Garchomp, F|100\/100\n|turn|12\n|\n|t:|1699945172\n|move|p1a: Garchomp|Earthquake|p2a: Iron Hands\n|-supereffective|p2a: Iron Hands\n|-damage|p2a: Iron Hands|33\/100\n|move|p2a: Iron Hands|Drain Punch|p1a: Garchomp\n|-damage|p1a: Garchomp|14\/100\n|-heal|p2a: Iron Hands|64\/100|[from] drain|[of] p1a: Garchomp\n|-damage|p2a: Iron Hands|51\/100|[from] ability: Rough Skin|[of] p1a: Garchomp\n|\n|-weather|Sandstorm|[upkeep]\n|-damage|p2a: Iron Hands|45\/100|[from] Sandstorm\n|-heal|p2a: Iron Hands|51\/100|[from] item: Leftovers\n|upkeep\n|turn|13\n|\n|t:|1699945179\n|move|p2a: Iron Hands|Detect|p2a: Iron Hands\n|-singleturn|p2a: Iron Hands|Protect\n|move|p1a: Garchomp|Earthquake|p2a: Iron Hands\n|-activate|p2a: Iron Hands|move: Protect\n|\n|-weather|Sandstorm|[upkeep]\n|-damage|p2a: Iron Hands|45\/100|[from] Sandstorm\n|-heal|p2a: Iron Hands|51\/100|[from] item: Leftovers\n|upkeep\n|turn|14\n|\n|t:|1699945190\n|move|p1a: Garchomp|Earthquake|p2a: Iron Hands\n|-supereffective|p2a: Iron Hands\n|-damage|p2a: Iron Hands|0 fnt\n|faint|p2a: Iron Hands\n|-end|p2a: Iron Hands|Quark Drive|[silent]\n|\n|-weather|none\n|upkeep\n|\n|t:|1699945203\n|switch|p2a: Iron Treads|Iron Treads|81\/100\n|-damage|p2a: Iron Treads|78\/100|[from] Stealth Rock\n|-damage|p2a: Iron Treads|53\/100|[from] Spikes\n|turn|15\n|\n|t:|1699945215\n|switch|p1a: Gholdengo|Gholdengo|100\/100\n|-item|p1a: Gholdengo|Air Balloon\n|move|p2a: Iron Treads|Ice Spinner|p1a: Gholdengo\n|-resisted|p1a: Gholdengo\n|-damage|p1a: Gholdengo|83\/100\n|-enditem|p1a: Gholdengo|Air Balloon\n|\n|upkeep\n|turn|16\n|\n|t:|1699945234\n|-end|p2a: Iron Treads|Quark Drive|[silent]\n|switch|p2a: Iron Moth|Iron Moth|51\/100\n|-damage|p2a: Iron Moth|26\/100|[from] Stealth Rock\n|-damage|p2a: Iron Moth|1\/100|[from] Spikes\n|move|p1a: Gholdengo|Shadow Ball|p2a: Iron Moth\n|-damage|p2a: Iron Moth|0 fnt\n|faint|p2a: Iron Moth\n|-end|p2a: Iron Moth|Quark Drive|[silent]\n|\n|upkeep\n|\n|t:|1699945251\n|switch|p2a: Electrode|Electrode-Hisui|100\/100\n|-damage|p2a: Electrode|88\/100|[from] Stealth Rock\n|-damage|p2a: Electrode|63\/100|[from] Spikes\n|turn|17\n|\n|t:|1699945268\n|switch|p1a: Glimmora|Glimmora, M|100\/100 par\n|move|p2a: Electrode|Electric Terrain|p2a: Electrode\n|-fieldstart|move: Electric Terrain\n|\n|upkeep\n|turn|18\n|\n|t:|1699945291\n|move|p2a: Electrode|Chloroblast|p1a: Glimmora|[miss]\n|-miss|p2a: Electrode|p1a: Glimmora\n|move|p1a: Glimmora|Sludge Wave|p2a: Electrode\n|-supereffective|p2a: Electrode\n|-damage|p2a: Electrode|0 fnt\n|faint|p2a: Electrode\n|\n|upkeep\n|\n|t:|1699945296\n|switch|p2a: Iron Treads|Iron Treads|53\/100\n|-damage|p2a: Iron Treads|49\/100|[from] Stealth Rock\n|-damage|p2a: Iron Treads|24\/100|[from] Spikes\n|-activate|p2a: Iron Treads|ability: Quark Drive\n|-start|p2a: Iron Treads|quarkdrivespe\n|turn|19\n|\n|t:|1699945309\n|cant|p1a: Glimmora|par\n|move|p2a: Iron Treads|Earthquake|p1a: Glimmora\n|-supereffective|p1a: Glimmora\n|-damage|p1a: Glimmora|0 fnt\n|-activate|p1a: Glimmora|ability: Toxic Debris\n|-sidestart|p2: longtiip|move: Toxic Spikes\n|faint|p1a: Glimmora\n|\n|upkeep\n|\n|t:|1699945322\n|switch|p1a: Garchomp|Garchomp, F|14\/100\n|turn|20\n|\n|t:|1699945326\n|move|p2a: Iron Treads|Earthquake|p1a: Garchomp\n|-damage|p1a: Garchomp|0 fnt\n|faint|p1a: Garchomp\n|\n|upkeep\n|\n|t:|1699945332\n|switch|p1a: Zamazenta|Zamazenta|100\/100\n|-ability|p1a: Zamazenta|Dauntless Shield|boost\n|-boost|p1a: Zamazenta|def|1\n|turn|21\n|\n|t:|1699945342\n|move|p2a: Iron Treads|Earthquake|p1a: Zamazenta\n|-damage|p1a: Zamazenta|67\/100\n|move|p1a: Zamazenta|Body Press|p2a: Iron Treads\n|-supereffective|p2a: Iron Treads\n|-damage|p2a: Iron Treads|0 fnt\n|faint|p2a: Iron Treads\n|-end|p2a: Iron Treads|Quark Drive|[silent]\n|\n|-fieldend|move: Electric Terrain\n|upkeep\n|\n|t:|1699945347\n|switch|p2a: Iron Valiant|Iron Valiant|100\/100\n|-damage|p2a: Iron Valiant|94\/100|[from] Stealth Rock\n|-damage|p2a: Iron Valiant|69\/100|[from] Spikes\n|-status|p2a: Iron Valiant|psn\n|turn|22\n|\n|t:|1699945364\n|-terastallize|p2a: Iron Valiant|Fairy\n|move|p1a: Zamazenta|Iron Defense|p1a: Zamazenta\n|-boost|p1a: Zamazenta|def|2\n|move|p2a: Iron Valiant|Spirit Break|p1a: Zamazenta\n|-supereffective|p1a: Zamazenta\n|-damage|p1a: Zamazenta|29\/100\n|-unboost|p1a: Zamazenta|spa|1\n|-damage|p2a: Iron Valiant|53\/100 psn|[from] item: Rocky Helmet|[of] p1a: Zamazenta\n|\n|-damage|p2a: Iron Valiant|41\/100 psn|[from] psn\n|upkeep\n|turn|23\n|\n|t:|1699945382\n|-terastallize|p1a: Zamazenta|Rock\n|move|p1a: Zamazenta|Heavy Slam|p2a: Iron Valiant\n|-supereffective|p2a: Iron Valiant\n|-damage|p2a: Iron Valiant|0 fnt\n|faint|p2a: Iron Valiant\n|-end|p2a: Iron Valiant|Quark Drive|[silent]\n|\n|win|MINO12131\n|raw|MINO12131's rating: 1055 &rarr; <strong>1082<\/strong><br \/>(+27 for winning)\n|raw|longtiip's rating: 1000 &rarr; <strong>1000<\/strong><br \/>(+0 for losing)\n","uploadtime":1699945391,"views":25,"p1id":"mino12131","p2id":"longtiip","formatid":"gen9ou","rating":1000,"private":0,"password":""}