{"id":"gen9ou-1999509064","p1":"ArvenDs5","p2":"Blank_Playe","format":"[Gen 9] OU","log":"|j|\u2606ArvenDs5\n|j|\u2606Blank_Playe\n|t:|1701090627\n|gametype|singles\n|player|p1|ArvenDs5|acetrainersnow|1216\n|player|p2|Blank_Playe|266|1115\n|teamsize|p1|6\n|teamsize|p2|6\n|gen|9\n|tier|[Gen 9] OU\n|rated|\n|rule|Sleep Clause Mod: Limit one foe put to sleep\n|rule|Species Clause: Limit one of each Pok\u00e9mon\n|rule|OHKO Clause: OHKO moves are banned\n|rule|Evasion Items Clause: Evasion items are banned\n|rule|Evasion Moves Clause: Evasion moves are banned\n|rule|Endless Battle Clause: Forcing endless battles is banned\n|rule|HP Percentage Mod: HP is shown in percentages\n|clearpoke\n|poke|p1|Ceruledge, M|\n|poke|p1|Garchomp, M|\n|poke|p1|Torterra, M|\n|poke|p1|Honchkrow, F|\n|poke|p1|Hariyama, M|\n|poke|p1|Ursaring, M|\n|poke|p2|Maushold-Four|\n|poke|p2|Slowbro-Galar, M|\n|poke|p2|Ninetales-Alola, F|\n|poke|p2|Garchomp, M|\n|poke|p2|Tornadus, M|\n|poke|p2|Rotom-Wash|\n|teampreview\n|\n|t:|1701090636\n|start\n|switch|p1a: Hariyama|Hariyama, M|100\/100\n|switch|p2a: Ice Kurama|Ninetales-Alola, F|100\/100\n|-weather|Snow|[from] ability: Snow Warning|[of] p2a: Ice Kurama\n|turn|1\n|\n|t:|1701090645\n|move|p1a: Hariyama|Fake Out|p2a: Ice Kurama\n|-damage|p2a: Ice Kurama|89\/100\n|cant|p2a: Ice Kurama|flinch\n|\n|-weather|Snow|[upkeep]\n|-status|p1a: Hariyama|brn|[from] item: Flame Orb\n|upkeep\n|turn|2\n|\n|t:|1701090654\n|-terastallize|p1a: Hariyama|Steel\n|move|p1a: Hariyama|Bullet Punch|p2a: Ice Kurama\n|-supereffective|p2a: Ice Kurama\n|-damage|p2a: Ice Kurama|0 fnt\n|faint|p2a: Ice Kurama\n|\n|-weather|Snow|[upkeep]\n|-damage|p1a: Hariyama|94\/100 brn|[from] brn\n|upkeep\n|\n|t:|1701090661\n|switch|p2a: Happy Family|Maushold-Four|100\/100\n|turn|3\n|\n|t:|1701090667\n|-terastallize|p2a: Happy Family|Normal\n|move|p2a: Happy Family|Population Bomb|p1a: Hariyama\n|-resisted|p1a: Hariyama\n|-damage|p1a: Hariyama|86\/100 brn\n|-resisted|p1a: Hariyama\n|-damage|p1a: Hariyama|78\/100 brn\n|-resisted|p1a: Hariyama\n|-damage|p1a: Hariyama|69\/100 brn\n|-resisted|p1a: Hariyama\n|-damage|p1a: Hariyama|61\/100 brn\n|-resisted|p1a: Hariyama\n|-damage|p1a: Hariyama|52\/100 brn\n|-resisted|p1a: Hariyama\n|-damage|p1a: Hariyama|44\/100 brn\n|-resisted|p1a: Hariyama\n|-damage|p1a: Hariyama|36\/100 brn\n|-resisted|p1a: Hariyama\n|-damage|p1a: Hariyama|27\/100 brn\n|-hitcount|p1a: Hariyama|8\n|move|p1a: Hariyama|Close Combat|p2a: Happy Family\n|-supereffective|p2a: Happy Family\n|-damage|p2a: Happy Family|0 fnt\n|-unboost|p1a: Hariyama|def|1\n|-unboost|p1a: Hariyama|spd|1\n|faint|p2a: Happy Family\n|\n|-weather|Snow|[upkeep]\n|-damage|p1a: Hariyama|21\/100 brn|[from] brn\n|upkeep\n|\n|t:|1701090696\n|switch|p2a: LandShark|Garchomp, M|100\/100\n|turn|4\n|\n|t:|1701090704\n|move|p1a: Hariyama|Bullet Punch|p2a: LandShark\n|-damage|p2a: LandShark|70\/100\n|-damage|p1a: Hariyama|9\/100 brn|[from] ability: Rough Skin|[of] p2a: LandShark\n|-damage|p1a: Hariyama|0 fnt|[from] item: Rocky Helmet|[of] p2a: LandShark\n|faint|p1a: Hariyama\n|move|p2a: LandShark|Fire Fang|p1: Hariyama|[notarget]\n|-fail|p2a: LandShark\n|\n|-weather|Snow|[upkeep]\n|upkeep\n|\n|t:|1701090714\n|switch|p1a: Honchkrow|Honchkrow, F|100\/100\n|turn|5\n|\n|t:|1701090726\n|move|p2a: LandShark|Scale Shot|p1a: Honchkrow|[miss]\n|-miss|p2a: LandShark|p1a: Honchkrow\n|move|p1a: Honchkrow|Brave Bird|p2a: LandShark\n|-damage|p2a: LandShark|0 fnt\n|-damage|p1a: Honchkrow|88\/100|[from] ability: Rough Skin|[of] p2a: LandShark\n|-damage|p1a: Honchkrow|72\/100|[from] item: Rocky Helmet|[of] p2a: LandShark\n|faint|p2a: LandShark\n|-ability|p1a: Honchkrow|Moxie|boost\n|-boost|p1a: Honchkrow|atk|1\n|-damage|p1a: Honchkrow|51\/100|[from] Recoil\n|-damage|p1a: Honchkrow|41\/100|[from] item: Life Orb\n|\n|-weather|none\n|upkeep\n|\n|t:|1701090739\n|switch|p2a: Tornado|Tornadus, M|100\/100\n|turn|6\n|\n|t:|1701090743\n|move|p1a: Honchkrow|Sucker Punch|p2a: Tornado\n|-damage|p2a: Tornado|0 fnt\n|faint|p2a: Tornado\n|-ability|p1a: Honchkrow|Moxie|boost\n|-boost|p1a: Honchkrow|atk|1\n|-damage|p1a: Honchkrow|31\/100|[from] item: Life Orb\n|\n|upkeep\n|\n|t:|1701090749\n|switch|p2a: Rotom|Rotom-Wash|100\/100\n|turn|7\n|\n|t:|1701090753\n|move|p1a: Honchkrow|Sucker Punch|p2a: Rotom\n|-damage|p2a: Rotom|0 fnt\n|faint|p2a: Rotom\n|-ability|p1a: Honchkrow|Moxie|boost\n|-boost|p1a: Honchkrow|atk|1\n|-damage|p1a: Honchkrow|22\/100|[from] item: Life Orb\n|\n|upkeep\n|\n|t:|1701090759\n|switch|p2a: Gangsta|Slowbro-Galar, M|100\/100\n|turn|8\n|\n|t:|1701090763\n|move|p1a: Honchkrow|Sucker Punch|p2a: Gangsta\n|-supereffective|p2a: Gangsta\n|-damage|p2a: Gangsta|0 fnt\n|faint|p2a: Gangsta\n|-damage|p1a: Honchkrow|12\/100|[from] item: Life Orb\n|\n|win|ArvenDs5\n|raw|ArvenDs5's rating: 1216 &rarr; <strong>1234<\/strong><br \/>(+18 for winning)\n|raw|Blank_Playe's rating: 1115 &rarr; <strong>1097<\/strong><br \/>(-18 for losing)\n|l|\u2606Blank_Playe\n","uploadtime":1701090801,"views":18,"p1id":"arvends5","p2id":"blankplaye","formatid":"gen9ou","rating":1097,"private":0,"password":""}