{"id":"gen9ou-1994130346","p1":"Light Rey","p2":"poodress","format":"[Gen 9] OU","log":"|j|\u2606Light Rey\n|j|\u2606poodress\n|t:|1700410463\n|gametype|singles\n|player|p1|Light Rey|giovanni|1311\n|player|p2|poodress|harlequin|1359\n|teamsize|p1|6\n|teamsize|p2|6\n|gen|9\n|tier|[Gen 9] OU\n|rated|\n|rule|Sleep Clause Mod: Limit one foe put to sleep\n|rule|Species Clause: Limit one of each Pok\u00e9mon\n|rule|OHKO Clause: OHKO moves are banned\n|rule|Evasion Items Clause: Evasion items are banned\n|rule|Evasion Moves Clause: Evasion moves are banned\n|rule|Endless Battle Clause: Forcing endless battles is banned\n|rule|HP Percentage Mod: HP is shown in percentages\n|clearpoke\n|poke|p1|Breloom, M|\n|poke|p1|Iron Treads|\n|poke|p1|Enamorus-Therian, F|\n|poke|p1|Spidops, F|\n|poke|p1|Arcanine-Hisui, M|\n|poke|p1|Gholdengo|\n|poke|p2|Gengar, M|\n|poke|p2|Maushold|\n|poke|p2|Meowscarada, F|\n|poke|p2|Zamazenta-*|\n|poke|p2|Goodra-Hisui, F|\n|poke|p2|Enamorus-Therian, F|\n|teampreview\n|inactive|Battle timer is ON: inactive players will automatically lose when time's up. (requested by Light Rey)\n|\n|t:|1700410481\n|start\n|switch|p1a: Spidops|Spidops, F|100\/100\n|switch|p2a: Ga Ga|Meowscarada, F|100\/100\n|turn|1\n|\n|t:|1700410505\n|switch|p2a: Enamorus|Enamorus-Therian, F|100\/100\n|move|p1a: Spidops|Sticky Web|p2a: Enamorus\n|-sidestart|p2: poodress|move: Sticky Web\n|\n|upkeep\n|turn|2\n|\n|t:|1700410520\n|move|p2a: Enamorus|Iron Defense|p2a: Enamorus\n|-boost|p2a: Enamorus|def|2\n|move|p1a: Spidops|Circle Throw|p2a: Enamorus|[miss]\n|-miss|p1a: Spidops|p2a: Enamorus\n|\n|upkeep\n|turn|3\n|\n|t:|1700410525\n|move|p2a: Enamorus|Calm Mind|p2a: Enamorus\n|-boost|p2a: Enamorus|spa|1\n|-boost|p2a: Enamorus|spd|1\n|move|p1a: Spidops|Circle Throw|p2a: Enamorus\n|-resisted|p2a: Enamorus\n|-damage|p2a: Enamorus|99\/100\n|drag|p2a: Goodra|Goodra-Hisui, F|100\/100\n|-activate|p2a: Goodra|move: Sticky Web\n|-unboost|p2a: Goodra|spe|1\n|\n|upkeep\n|turn|4\n|\n|t:|1700410534\n|move|p1a: Spidops|Spikes|p2a: Goodra\n|-sidestart|p2: poodress|Spikes\n|move|p2a: Goodra|Fire Blast|p1a: Spidops\n|-supereffective|p1a: Spidops\n|-damage|p1a: Spidops|15\/100\n|\n|upkeep\n|turn|5\n|\n|t:|1700410541\n|move|p1a: Spidops|Toxic Spikes|p2a: Goodra\n|-sidestart|p2: poodress|move: Toxic Spikes\n|move|p2a: Goodra|Ice Beam|p1a: Spidops\n|-damage|p1a: Spidops|0 fnt\n|faint|p1a: Spidops\n|\n|upkeep\n|\n|t:|1700410556\n|switch|p1a: Enamorus|Enamorus-Therian, F, shiny|100\/100\n|turn|6\n|\n|t:|1700410562\n|move|p1a: Enamorus|Agility|p1a: Enamorus\n|-boost|p1a: Enamorus|spe|2\n|move|p2a: Goodra|Ice Beam|p1a: Enamorus\n|-supereffective|p1a: Enamorus\n|-damage|p1a: Enamorus|33\/100\n|-enditem|p1a: Enamorus|Weakness Policy\n|-boost|p1a: Enamorus|atk|2|[from] item: Weakness Policy\n|-boost|p1a: Enamorus|spa|2|[from] item: Weakness Policy\n|\n|upkeep\n|turn|7\n|\n|t:|1700410575\n|-terastallize|p1a: Enamorus|Ground\n|move|p1a: Enamorus|Earth Power|p2a: Goodra\n|-supereffective|p2a: Goodra\n|-damage|p2a: Goodra|0 fnt\n|faint|p2a: Goodra\n|\n|upkeep\n|\n|t:|1700410588\n|switch|p2a: Ga Ga|Meowscarada, F|100\/100\n|-activate|p2a: Ga Ga|move: Sticky Web\n|-unboost|p2a: Ga Ga|spe|1\n|-damage|p2a: Ga Ga|88\/100|[from] Spikes\n|-status|p2a: Ga Ga|psn\n|turn|8\n|\n|t:|1700410607\n|move|p2a: Ga Ga|Sucker Punch|p1a: Enamorus\n|-start|p2a: Ga Ga|typechange|Dark|[from] ability: Protean\n|-damage|p1a: Enamorus|0 fnt\n|faint|p1a: Enamorus\n|\n|-damage|p2a: Ga Ga|76\/100 psn|[from] psn\n|upkeep\n|\n|t:|1700410614\n|switch|p1a: Breloom|Breloom, M, shiny|100\/100\n|turn|9\n|\n|t:|1700410619\n|switch|p2a: Enamorus|Enamorus-Therian, F|99\/100\n|move|p1a: Breloom|Swords Dance|p1a: Breloom\n|-boost|p1a: Breloom|atk|2\n|\n|upkeep\n|turn|10\n|\n|t:|1700410623\n|move|p1a: Breloom|Rock Tomb|p2a: Enamorus|[miss]\n|-miss|p1a: Breloom|p2a: Enamorus\n|move|p2a: Enamorus|Draining Kiss|p1a: Breloom\n|-supereffective|p1a: Breloom\n|-damage|p1a: Breloom|0 fnt\n|-heal|p2a: Enamorus|100\/100|[from] drain|[of] p1a: Breloom\n|faint|p1a: Breloom\n|\n|upkeep\n|\n|t:|1700410633\n|switch|p1a: Gholdengo|Gholdengo|100\/100\n|turn|11\n|\n|t:|1700410638\n|move|p1a: Gholdengo|Make It Rain|p2a: Enamorus\n|-supereffective|p2a: Enamorus\n|-damage|p2a: Enamorus|0 fnt\n|-unboost|p1a: Gholdengo|spa|1\n|faint|p2a: Enamorus\n|\n|upkeep\n|\n|t:|1700410645\n|switch|p2a: Gengar|Gengar, M|100\/100\n|-activate|p2a: Gengar|move: Sticky Web\n|-unboost|p2a: Gengar|spe|1\n|-damage|p2a: Gengar|88\/100|[from] Spikes\n|-sideend|p2: poodress|move: Toxic Spikes|[of] p2a: Gengar\n|turn|12\n|\n|t:|1700410656\n|move|p1a: Gholdengo|Make It Rain|p2a: Gengar\n|-damage|p2a: Gengar|14\/100\n|-unboost|p1a: Gholdengo|spa|1\n|-start|p1a: Gholdengo|Disable|Make It Rain|[from] ability: Cursed Body|[of] p2a: Gengar\n|move|p2a: Gengar|Shadow Ball|p1a: Gholdengo\n|-supereffective|p1a: Gholdengo\n|-damage|p1a: Gholdengo|0 fnt\n|faint|p1a: Gholdengo\n|\n|upkeep\n|\n|t:|1700410667\n|switch|p1a: Iron Treads|Iron Treads|100\/100\n|turn|13\n|\n|t:|1700410671\n|move|p1a: Iron Treads|Earthquake|p2a: Gengar\n|-supereffective|p2a: Gengar\n|-damage|p2a: Gengar|0 fnt\n|faint|p2a: Gengar\n|\n|upkeep\n|\n|t:|1700410681\n|switch|p2a: Madonna|Zamazenta, shiny|100\/100\n|-activate|p2a: Madonna|move: Sticky Web\n|-unboost|p2a: Madonna|spe|1\n|-damage|p2a: Madonna|88\/100|[from] Spikes\n|-ability|p2a: Madonna|Dauntless Shield|boost\n|-boost|p2a: Madonna|def|1\n|turn|14\n|\n|t:|1700410689\n|move|p1a: Iron Treads|Knock Off|p2a: Madonna\n|-resisted|p2a: Madonna\n|-damage|p2a: Madonna|81\/100\n|-enditem|p2a: Madonna|Leftovers|[from] move: Knock Off|[of] p1a: Iron Treads\n|move|p2a: Madonna|Close Combat|p1a: Iron Treads\n|-supereffective|p1a: Iron Treads\n|-damage|p1a: Iron Treads|4\/100\n|-unboost|p2a: Madonna|def|1\n|-unboost|p2a: Madonna|spd|1\n|\n|upkeep\n|turn|15\n|\n|t:|1700410697\n|move|p1a: Iron Treads|Earthquake|p2a: Madonna\n|-damage|p2a: Madonna|47\/100\n|move|p2a: Madonna|Iron Head|p1a: Iron Treads\n|-resisted|p1a: Iron Treads\n|-damage|p1a: Iron Treads|0 fnt\n|faint|p1a: Iron Treads\n|-end|p1a: Iron Treads|Quark Drive|[silent]\n|\n|upkeep\n|\n|t:|1700410701\n|switch|p1a: Arcanine|Arcanine-Hisui, M, shiny|100\/100\n|turn|16\n|\n|t:|1700410705\n|move|p1a: Arcanine|Flare Blitz|p2a: Madonna\n|-damage|p2a: Madonna|0 fnt\n|faint|p2a: Madonna\n|\n|upkeep\n|\n|t:|1700410713\n|switch|p2a: Ga Ga|Meowscarada, F|76\/100 psn\n|-activate|p2a: Ga Ga|move: Sticky Web\n|-unboost|p2a: Ga Ga|spe|1\n|-damage|p2a: Ga Ga|64\/100 psn|[from] Spikes\n|turn|17\n|\n|t:|1700410716\n|move|p2a: Ga Ga|Sucker Punch|p1a: Arcanine\n|-start|p2a: Ga Ga|typechange|Dark|[from] ability: Protean\n|-damage|p1a: Arcanine|39\/100\n|move|p1a: Arcanine|Flare Blitz|p2a: Ga Ga\n|-damage|p2a: Ga Ga|0 fnt\n|faint|p2a: Ga Ga\n|\n|upkeep\n|\n|t:|1700410721\n|switch|p2a: Maushold|Maushold|100\/100\n|-activate|p2a: Maushold|move: Sticky Web\n|-unboost|p2a: Maushold|spe|1\n|-damage|p2a: Maushold|88\/100|[from] Spikes\n|turn|18\n|-message|poodress forfeited.\n|\n|win|Light Rey\n|raw|Light Rey's rating: 1311 &rarr; <strong>1334<\/strong><br \/>(+23 for winning)\n|raw|poodress's rating: 1359 &rarr; <strong>1336<\/strong><br \/>(-23 for losing)\n|l|\u2606poodress\n","uploadtime":1700410729,"views":6,"p1id":"lightrey","p2id":"poodress","formatid":"gen9ou","rating":1334,"private":0,"password":""}