{"id":"gen9ou-1993850797","p1":"zenkijooj","p2":"pokmn Legend Blue","format":"[Gen 9] OU","log":"|j|\u2606zenkijooj\n|j|\u2606pokmn Legend Blue\n|t:|1700365199\n|gametype|singles\n|player|p1|zenkijooj|102|\n|player|p2|pokmn Legend Blue|blue|\n|teamsize|p1|6\n|teamsize|p2|6\n|gen|9\n|tier|[Gen 9] OU\n|rule|Sleep Clause Mod: Limit one foe put to sleep\n|rule|Species Clause: Limit one of each Pok\u00e9mon\n|rule|OHKO Clause: OHKO moves are banned\n|rule|Evasion Items Clause: Evasion items are banned\n|rule|Evasion Moves Clause: Evasion moves are banned\n|rule|Endless Battle Clause: Forcing endless battles is banned\n|rule|HP Percentage Mod: HP is shown in percentages\n|clearpoke\n|poke|p1|Skeledirge, M|\n|poke|p1|Meowscarada, M|\n|poke|p1|Clodsire, F|\n|poke|p1|Corviknight, F|\n|poke|p1|Zoroark-Hisui, F|\n|poke|p1|Iron Hands|\n|poke|p2|Eelektross, M|\n|poke|p2|Hoopa-Unbound|\n|poke|p2|Azelf|\n|poke|p2|Salamence, M|\n|poke|p2|Greninja-*, M|\n|poke|p2|Jirachi|\n|teampreview\n|j| Carter_eiro\n|\n|t:|1700365215\n|start\n|switch|p1a: Meowscarada|Meowscarada, M|100\/100\n|switch|p2a: Azelf|Azelf|100\/100\n|turn|1\n|\n|t:|1700365226\n|move|p1a: Meowscarada|Knock Off|p2a: Azelf\n|-start|p1a: Meowscarada|typechange|Dark|[from] ability: Protean\n|-supereffective|p2a: Azelf\n|-enditem|p2a: Azelf|Focus Sash\n|-damage|p2a: Azelf|1\/100\n|move|p2a: Azelf|U-turn|p1a: Meowscarada\n|-supereffective|p1a: Meowscarada\n|-damage|p1a: Meowscarada|23\/100\n|\n|t:|1700365249\n|switch|p2a: Salamence|Salamence, M|100\/100|[from] U-turn\n|\n|upkeep\n|turn|2\n|c|\u2606zenkijooj|Eu real n esperava o focus sash\n|c|\u2606pokmn Legend Blue|Ningu\u00e9m espera\n|c| Carter_eiro|Salabucha\n|\n|t:|1700365264\n|switch|p1a: Corviknight|Corviknight, F|100\/100\n|move|p2a: Salamence|Dragon Dance|p2a: Salamence\n|-boost|p2a: Salamence|atk|1\n|-boost|p2a: Salamence|spe|1\n|\n|upkeep\n|turn|3\n|c|\u2606pokmn Legend Blue|\ud83d\ude35\u200d\ud83d\udcab\n|\n|t:|1700365281\n|move|p2a: Salamence|Dual Wingbeat|p1a: Corviknight\n|-resisted|p1a: Corviknight\n|-damage|p1a: Corviknight|91\/100\n|-damage|p2a: Salamence|84\/100|[from] item: Rocky Helmet|[of] p1a: Corviknight\n|-resisted|p1a: Corviknight\n|-damage|p1a: Corviknight|81\/100\n|-damage|p2a: Salamence|67\/100|[from] item: Rocky Helmet|[of] p1a: Corviknight\n|-hitcount|p1a: Corviknight|2\n|move|p1a: Corviknight|Brave Bird|p2a: Salamence\n|-damage|p2a: Salamence|21\/100\n|-damage|p1a: Corviknight|69\/100|[from] Recoil\n|\n|upkeep\n|turn|4\n|c| Carter_eiro|Ali\u00e1s um dos sets mais engra\u00e7ados de Corviknight que j\u00e1 usei\n|c|\u2606pokmn Legend Blue|\ud83d\ude22\n|\n|t:|1700365302\n|move|p2a: Salamence|Dual Wingbeat|p1a: Corviknight\n|-resisted|p1a: Corviknight\n|-damage|p1a: Corviknight|59\/100\n|-damage|p2a: Salamence|4\/100|[from] item: Rocky Helmet|[of] p1a: Corviknight\n|-resisted|p1a: Corviknight\n|-damage|p1a: Corviknight|49\/100\n|-damage|p2a: Salamence|0 fnt|[from] item: Rocky Helmet|[of] p1a: Corviknight\n|faint|p2a: Salamence\n|-hitcount|p1a: Corviknight|2\n|move|p1a: Corviknight|Brave Bird|p2: Salamence|[notarget]\n|-fail|p1a: Corviknight\n|\n|upkeep\n|c| Carter_eiro|Era mirror herb, bulk up, power trip, roost e body press\n|c|\u2606zenkijooj|Eu devia usar prsssure\n|\n|t:|1700365316\n|switch|p2a: Eelektross|Eelektross, M|100\/100\n|turn|5\n|c|\u2606pokmn Legend Blue|Cad\u00ea o Roost?\n|\n|t:|1700365329\n|switch|p1a: Clodsire|Clodsire, F|100\/100\n|move|p2a: Eelektross|Flamethrower|p1a: Clodsire\n|-damage|p1a: Clodsire|82\/100\n|\n|-heal|p1a: Clodsire|88\/100|[from] item: Leftovers\n|upkeep\n|turn|6\n|\n|t:|1700365339\n|switch|p2a: Azelf|Azelf|1\/100\n|move|p1a: Clodsire|Toxic|p2a: Azelf\n|-status|p2a: Azelf|tox\n|\n|-heal|p1a: Clodsire|94\/100|[from] item: Leftovers\n|-damage|p2a: Azelf|0 fnt|[from] psn\n|faint|p2a: Azelf\n|upkeep\n|c|\u2606zenkijooj|Esqueci\n|c| Carter_eiro|Clodsire da tank\n|\n|t:|1700365347\n|switch|p2a: Mahoraga|Hoopa-Unbound|100\/100\n|turn|7\n|\n|t:|1700365360\n|switch|p1a: Meowscarada|Meowscarada, M|23\/100\n|move|p2a: Mahoraga|Calm Mind|p2a: Mahoraga\n|-boost|p2a: Mahoraga|spa|1\n|-boost|p2a: Mahoraga|spd|1\n|\n|upkeep\n|turn|8\n|c| Carter_eiro|General Divino\n|c|\u2606pokmn Legend Blue|FUDEU\n|\n|t:|1700365377\n|switch|p2a: Eelektross|Eelektross, M|100\/100\n|move|p1a: Meowscarada|U-turn|p2a: Eelektross\n|-start|p1a: Meowscarada|typechange|Bug|[from] ability: Protean\n|-damage|p2a: Eelektross|34\/100\n|c| Carter_eiro|Vc est\u00e1 cozinhado\n|c|\u2606pokmn Legend Blue|Eu n\u00e3o estou cozinhando\n|\n|t:|1700365388\n|switch|p1a: Clodsire|Clodsire, F|100\/100|[from] U-turn\n|\n|upkeep\n|turn|9\n|c| Carter_eiro|66% num u-turn\n|c| Carter_eiro|\u00c9 brincadeira\n|c|\u2606pokmn Legend Blue|REPITO EI N\u00c3O ESTOU COZINHANDO\n|\n|t:|1700365401\n|move|p1a: Clodsire|Hyper Voice|p2a: Eelektross\n|-damage|p2a: Eelektross|0 fnt\n|faint|p2a: Eelektross\n|-damage|p1a: Clodsire|91\/100|[from] item: Life Orb\n|\n|upkeep\n|\n|t:|1700365406\n|switch|p2a: Ninja|Greninja, M|100\/100\n|turn|10\n|c| Carter_eiro|THAT'S NOT CLODSIRE\n|c|\u2606zenkijooj|Clodsire t\u00e1 op\n|\n|t:|1700365427\n|switch|p1a: Corviknight|Corviknight, F|49\/100\n|move|p2a: Ninja|Surf|p1a: Corviknight\n|-crit|p1a: Corviknight\n|-damage|p1a: Corviknight|0 fnt\n|faint|p1a: Corviknight\n|-ability|p2a: Ninja|Battle Bond|boost\n|-boost|p2a: Ninja|atk|1\n|-boost|p2a: Ninja|spa|1\n|-boost|p2a: Ninja|spe|1\n|-activate|p2a: Ninja|ability: Battle Bond\n|-damage|p2a: Ninja|91\/100|[from] item: Life Orb\n|\n|upkeep\n|c| Carter_eiro|THE IMPOSTOR AMONG US\n|c|\u2606pokmn Legend Blue|Clod hyper voice \ud83c\udf83\n|c| Carter_eiro|Ele achou o battle bond\n|\n|t:|1700365447\n|switch|p1a: Iron Hands|Iron Hands|100\/100\n|turn|11\n|c|\u2606pokmn Legend Blue|Eu tava achando que ia perder sem levar 1\n|\n|t:|1700365461\n|-terastallize|p2a: Ninja|Water\n|move|p1a: Iron Hands|Fake Out|p2a: Ninja\n|-damage|p2a: Ninja|63\/100\n|cant|p2a: Ninja|flinch\n|\n|upkeep\n|turn|12\n|c| Carter_eiro|KKKKKK\n|c| Carter_eiro|Fake out\n|c|\u2606pokmn Legend Blue|\ud83e\udd13\u261d\ufe0f\n|\n|t:|1700365473\n|move|p2a: Ninja|Surf|p1a: Iron Hands\n|-damage|p1a: Iron Hands|35\/100\n|-damage|p2a: Ninja|53\/100|[from] item: Life Orb\n|move|p1a: Iron Hands|Thunder Punch|p2a: Ninja\n|-supereffective|p2a: Ninja\n|-damage|p2a: Ninja|0 fnt\n|faint|p2a: Ninja\n|\n|upkeep\n|c|\u2606zenkijooj|Tome\n|\n|t:|1700365480\n|switch|p2a: Kami|Jirachi, shiny|100\/100\n|turn|13\n|c| Carter_eiro|Tomou\n|\n|t:|1700365492\n|move|p2a: Kami|Iron Head|p1a: Iron Hands\n|-resisted|p1a: Iron Hands\n|-damage|p1a: Iron Hands|25\/100\n|move|p1a: Iron Hands|Drain Punch|p2a: Kami\n|-damage|p2a: Kami|58\/100\n|-heal|p1a: Iron Hands|39\/100|[from] drain|[of] p2a: Kami\n|\n|upkeep\n|turn|14\n|c| Carter_eiro|A \u00e9pica luta de UU vs PU\n|c|\u2606pokmn Legend Blue|Veja s\u00f3\n|c|\u2606pokmn Legend Blue|60%\n|\n|t:|1700365511\n|move|p2a: Kami|Iron Head|p1a: Iron Hands\n|-resisted|p1a: Iron Hands\n|-damage|p1a: Iron Hands|28\/100\n|move|p1a: Iron Hands|Drain Punch|p2a: Kami\n|-damage|p2a: Kami|14\/100\n|-heal|p1a: Iron Hands|43\/100|[from] drain|[of] p2a: Kami\n|\n|upkeep\n|turn|15\n|c|\u2606zenkijooj|CADE O PSIQUICO\n|c| Carter_eiro|Cad\u00ea o flinch\n|c|\u2606pokmn Legend Blue|CAD\u00ca O 70%\n|c| Carter_eiro|KKKKK\n|\n|t:|1700365527\n|move|p2a: Kami|Iron Head|p1a: Iron Hands\n|-resisted|p1a: Iron Hands\n|-damage|p1a: Iron Hands|32\/100\n|cant|p1a: Iron Hands|flinch\n|\n|upkeep\n|turn|16\n|c| Carter_eiro|JKKKKK\n|c|\u2606pokmn Legend Blue|60*\n|c|\u2606pokmn Legend Blue|YEEEEEEAH\n|c| Carter_eiro|Achou\n|c| Carter_eiro|Finalmente\n|\n|t:|1700365536\n|move|p2a: Kami|Iron Head|p1a: Iron Hands\n|-resisted|p1a: Iron Hands\n|-damage|p1a: Iron Hands|22\/100\n|move|p1a: Iron Hands|Drain Punch|p2a: Kami\n|-damage|p2a: Kami|0 fnt\n|-heal|p1a: Iron Hands|26\/100|[from] drain|[of] p2a: Kami\n|faint|p2a: Kami\n|\n|upkeep\n|c|\u2606pokmn Legend Blue|PORRA\n|c| Carter_eiro|KKKKK\n|c|\u2606pokmn Legend Blue|60% \u00c9 A TUA M\u00c3E\n|c| Carter_eiro|KKKKK\n|c|\u2606pokmn Legend Blue|JOGO FDP\n|c| Carter_eiro|DUNSPARCE BETTER\n|\n|t:|1700365560\n|switch|p2a: Mahoraga|Hoopa-Unbound|100\/100\n|turn|17\n|c| Carter_eiro|DUDUNSPARCE BETTER\n|\n|t:|1700365567\n|move|p2a: Mahoraga|Psychic Terrain|p2a: Mahoraga\n|-fieldstart|move: Psychic Terrain\n|move|p1a: Iron Hands|Drain Punch|p2a: Mahoraga\n|-damage|p2a: Mahoraga|40\/100\n|-heal|p1a: Iron Hands|48\/100|[from] drain|[of] p2a: Mahoraga\n|\n|upkeep\n|turn|18\n|c| Carter_eiro|ACERTEI MAIS FLINCH QUE ESSE BUCHA\n|c|\u2606pokmn Legend Blue|EXPANS\u00c3O DE DOM\u00cdNIO\n|\n|t:|1700365577\n|move|p2a: Mahoraga|Psychic|p1a: Iron Hands\n|-supereffective|p1a: Iron Hands\n|-damage|p1a: Iron Hands|0 fnt\n|faint|p1a: Iron Hands\n|-end|p1a: Iron Hands|Quark Drive|[silent]\n|\n|upkeep\n|c| Carter_eiro|Mahoraga not built for this\n|\n|t:|1700365590\n|switch|p1a: Clodsire|Clodsire, F|91\/100\n|turn|19\n|\n|t:|1700365593\n|move|p1a: Clodsire|Hyper Voice|p2a: Mahoraga\n|-damage|p2a: Mahoraga|4\/100\n|-damage|p1a: Clodsire|81\/100|[from] item: Life Orb\n|move|p2a: Mahoraga|Rest|p2a: Mahoraga\n|-status|p2a: Mahoraga|slp|[from] move: Rest\n|-heal|p2a: Mahoraga|100\/100 slp|[silent]\n|-enditem|p2a: Mahoraga|Chesto Berry|[eat]\n|-curestatus|p2a: Mahoraga|slp|[msg]\n|\n|upkeep\n|turn|20\n|c| Carter_eiro|CLODSIRE\n|c| Carter_eiro|KKKK\n|c|\u2606zenkijooj|????\n|c| Carter_eiro|DEM FAKE ASS CLODSIRE\n|c|\u2606zenkijooj|ELE TANKOUKKKKKKK\n|c| Carter_eiro|Ok isso foi esperto\n|c| Carter_eiro|KKKKK\n|c| Carter_eiro|Rest em terreno psiqu\u00edco\n|c| Carter_eiro|Nunca vi essa\n|\n|t:|1700365624\n|move|p1a: Clodsire|Hyper Voice|p2a: Mahoraga\n|-damage|p2a: Mahoraga|69\/100\n|-damage|p1a: Clodsire|71\/100|[from] item: Life Orb\n|move|p2a: Mahoraga|Psychic|p1a: Clodsire\n|-damage|p1a: Clodsire|0 fnt\n|replace|p1a: Zoroark|Zoroark-Hisui, F\n|-end|p1a: Zoroark|Illusion\n|faint|p1a: Zoroark\n|\n|upkeep\n|\n|t:|1700365627\n|switch|p1a: Meowscarada|Meowscarada, M|23\/100\n|turn|21\n|c|\u2606pokmn Legend Blue|Agr acabou\n|c| Carter_eiro|O crit\n|\n|t:|1700365640\n|move|p1a: Meowscarada|U-turn|p2a: Mahoraga\n|-start|p1a: Meowscarada|typechange|Bug|[from] ability: Protean\n|-supereffective|p2a: Mahoraga\n|-crit|p2a: Mahoraga\n|-damage|p2a: Mahoraga|0 fnt\n|faint|p2a: Mahoraga\n|\n|win|zenkijooj\n|c| Carter_eiro|KKKK\n|c|\u2606zenkijooj|KRL\n|c|\u2606pokmn Legend Blue|OOOOOOAAAAH\n|c| Carter_eiro|EU ACERTEI\n|c|\u2606zenkijooj|foi mesmo\n|c|\u2606zenkijooj|KKKKKKKKK\n","uploadtime":1700365659,"views":19,"p1id":"zenkijooj","p2id":"pokmnlegendblue","formatid":"gen9ou","rating":0,"private":0,"password":""}