{"id":"gen9ou-1994366161","p1":"Soosthemoose","p2":"Venomous Crunch","format":"[Gen 9] OU","log":"|j|\u2606Soosthemoose\n|j|\u2606Venomous Crunch\n|t:|1700435711\n|gametype|singles\n|player|p1|Soosthemoose|1|1520\n|player|p2|Venomous Crunch|winona|1664\n|teamsize|p1|6\n|teamsize|p2|6\n|gen|9\n|tier|[Gen 9] OU\n|rated|\n|rule|Sleep Clause Mod: Limit one foe put to sleep\n|rule|Species Clause: Limit one of each Pok\u00e9mon\n|rule|OHKO Clause: OHKO moves are banned\n|rule|Evasion Items Clause: Evasion items are banned\n|rule|Evasion Moves Clause: Evasion moves are banned\n|rule|Endless Battle Clause: Forcing endless battles is banned\n|rule|HP Percentage Mod: HP is shown in percentages\n|clearpoke\n|poke|p1|Rillaboom, F|\n|poke|p1|Sneasler, F|\n|poke|p1|Zamazenta-*|\n|poke|p1|Heatran, M|\n|poke|p1|Hatterene, F|\n|poke|p1|Manaphy|\n|poke|p2|Ninetales-Alola, F|\n|poke|p2|Klefki, M|\n|poke|p2|Sneasler, F|\n|poke|p2|Manaphy|\n|poke|p2|Articuno-Galar|\n|poke|p2|Maushold-Four|\n|teampreview\n|inactive|Battle timer is ON: inactive players will automatically lose when time's up. (requested by Soosthemoose)\n|j| soapeggs\n|inactive|Venomous Crunch has 120 seconds left.\n|\n|t:|1700435746\n|start\n|switch|p1a: Heatran|Heatran, M|100\/100\n|switch|p2a: Ninetales|Ninetales-Alola, F|100\/100\n|-weather|Snow|[from] ability: Snow Warning|[of] p2a: Ninetales\n|-item|p1a: Heatran|Air Balloon\n|turn|1\n|\n|t:|1700435766\n|move|p2a: Ninetales|Aurora Veil|p2a: Ninetales\n|-sidestart|p2: Venomous Crunch|move: Aurora Veil\n|move|p1a: Heatran|Magma Storm|p2a: Ninetales\n|-supereffective|p2a: Ninetales\n|-damage|p2a: Ninetales|52\/100\n|-activate|p2a: Ninetales|move: Magma Storm|[of] p1a: Heatran\n|\n|-weather|Snow|[upkeep]\n|-damage|p2a: Ninetales|39\/100|[from] move: Magma Storm|[partiallytrapped]\n|upkeep\n|turn|2\n|j| BabyPigsAreLaughin\n|\n|t:|1700435773\n|move|p2a: Ninetales|Encore|p1a: Heatran\n|-start|p1a: Heatran|Encore\n|move|p1a: Heatran|Magma Storm|p2a: Ninetales\n|-supereffective|p2a: Ninetales\n|-damage|p2a: Ninetales|0 fnt\n|faint|p2a: Ninetales\n|\n|-weather|Snow|[upkeep]\n|upkeep\n|\n|t:|1700435779\n|switch|p2a: Manaphy|Manaphy, shiny|100\/100\n|turn|3\n|c| BabyPigsAreLaughin|Yo!\n|c|\u2606Soosthemoose|Yo!\n|\n|t:|1700435797\n|switch|p1a: Rillaboom|Rillaboom, F|100\/100\n|-fieldstart|move: Grassy Terrain|[from] ability: Grassy Surge|[of] p1a: Rillaboom\n|move|p2a: Manaphy|Acid Armor|p2a: Manaphy\n|-boost|p2a: Manaphy|def|2\n|\n|-weather|Snow|[upkeep]\n|upkeep\n|turn|4\n|\n|t:|1700435804\n|move|p1a: Rillaboom|Wood Hammer|p2a: Manaphy\n|-supereffective|p2a: Manaphy\n|-damage|p2a: Manaphy|41\/100\n|-damage|p1a: Rillaboom|79\/100|[from] Recoil\n|move|p2a: Manaphy|Acid Armor|p2a: Manaphy\n|-boost|p2a: Manaphy|def|2\n|\n|-weather|Snow|[upkeep]\n|-heal|p1a: Rillaboom|85\/100|[from] Grassy Terrain\n|-heal|p2a: Manaphy|47\/100|[from] Grassy Terrain\n|-heal|p2a: Manaphy|53\/100|[from] item: Leftovers\n|upkeep\n|turn|5\n|\n|t:|1700435814\n|-terastallize|p1a: Rillaboom|Grass\n|-terastallize|p2a: Manaphy|Psychic\n|move|p1a: Rillaboom|Wood Hammer|p2a: Manaphy\n|-damage|p2a: Manaphy|28\/100\n|-damage|p1a: Rillaboom|76\/100|[from] Recoil\n|move|p2a: Manaphy|Take Heart|p2a: Manaphy\n|-boost|p2a: Manaphy|spa|1\n|-boost|p2a: Manaphy|spd|1\n|\n|-weather|none\n|-heal|p1a: Rillaboom|82\/100|[from] Grassy Terrain\n|-heal|p2a: Manaphy|34\/100|[from] Grassy Terrain\n|-heal|p2a: Manaphy|40\/100|[from] item: Leftovers\n|upkeep\n|turn|6\n|\n|t:|1700435827\n|move|p1a: Rillaboom|Wood Hammer|p2a: Manaphy\n|-damage|p2a: Manaphy|16\/100\n|-damage|p1a: Rillaboom|74\/100|[from] Recoil\n|move|p2a: Manaphy|Stored Power|p1a: Rillaboom\n|-damage|p1a: Rillaboom|0 fnt\n|faint|p1a: Rillaboom\n|\n|-heal|p2a: Manaphy|23\/100|[from] Grassy Terrain\n|-heal|p2a: Manaphy|29\/100|[from] item: Leftovers\n|upkeep\n|\n|t:|1700435836\n|switch|p1a: Sneasler|Sneasler, F|100\/100\n|-enditem|p1a: Sneasler|Grassy Seed\n|-boost|p1a: Sneasler|def|1|[from] item: Grassy Seed\n|turn|7\n|\n|t:|1700435840\n|move|p1a: Sneasler|Dire Claw|p2a: Manaphy\n|-damage|p2a: Manaphy|23\/100\n|-status|p2a: Manaphy|psn\n|move|p2a: Manaphy|Stored Power|p1a: Sneasler\n|-supereffective|p1a: Sneasler\n|-damage|p1a: Sneasler|0 fnt\n|faint|p1a: Sneasler\n|\n|-heal|p2a: Manaphy|29\/100 psn|[from] Grassy Terrain\n|-heal|p2a: Manaphy|35\/100 psn|[from] item: Leftovers\n|-damage|p2a: Manaphy|23\/100 psn|[from] psn\n|-fieldend|move: Grassy Terrain\n|upkeep\n|\n|t:|1700435848\n|switch|p1a: Hatterene|Hatterene, F|100\/100\n|turn|8\n|\n|t:|1700435853\n|move|p2a: Manaphy|Take Heart|p2a: Manaphy\n|-boost|p2a: Manaphy|spa|1\n|-boost|p2a: Manaphy|spd|1\n|-curestatus|p2a: Manaphy|psn|[msg]\n|move|p1a: Hatterene|Calm Mind|p1a: Hatterene\n|-boost|p1a: Hatterene|spa|1\n|-boost|p1a: Hatterene|spd|1\n|\n|-heal|p2a: Manaphy|29\/100|[from] item: Leftovers\n|-sideend|p2: Venomous Crunch|move: Aurora Veil\n|upkeep\n|turn|9\n|\n|t:|1700435861\n|move|p2a: Manaphy|Stored Power|p1a: Hatterene\n|-resisted|p1a: Hatterene\n|-damage|p1a: Hatterene|36\/100\n|move|p1a: Hatterene|Calm Mind|p1a: Hatterene\n|-boost|p1a: Hatterene|spa|1\n|-boost|p1a: Hatterene|spd|1\n|\n|-heal|p2a: Manaphy|35\/100|[from] item: Leftovers\n|upkeep\n|turn|10\n|\n|t:|1700435868\n|move|p2a: Manaphy|Stored Power|p1a: Hatterene\n|-resisted|p1a: Hatterene\n|-damage|p1a: Hatterene|0 fnt\n|faint|p1a: Hatterene\n|\n|-heal|p2a: Manaphy|41\/100|[from] item: Leftovers\n|upkeep\n|\n|t:|1700435872\n|switch|p1a: Heatran|Heatran, M|100\/100\n|-item|p1a: Heatran|Air Balloon\n|turn|11\n|\n|t:|1700435875\n|move|p2a: Manaphy|Scald|p1a: Heatran\n|-supereffective|p1a: Heatran\n|-damage|p1a: Heatran|8\/100\n|-enditem|p1a: Heatran|Air Balloon\n|move|p1a: Heatran|Magma Storm|p2a: Manaphy\n|-damage|p2a: Manaphy|22\/100\n|-activate|p2a: Manaphy|move: Magma Storm|[of] p1a: Heatran\n|\n|-heal|p2a: Manaphy|28\/100|[from] item: Leftovers\n|-damage|p2a: Manaphy|15\/100|[from] move: Magma Storm|[partiallytrapped]\n|upkeep\n|turn|12\n|\n|t:|1700435885\n|move|p2a: Manaphy|Scald|p1a: Heatran\n|-supereffective|p1a: Heatran\n|-damage|p1a: Heatran|0 fnt\n|faint|p1a: Heatran\n|\n|-heal|p2a: Manaphy|22\/100|[from] item: Leftovers\n|-end|p2a: Manaphy|Magma Storm|[partiallytrapped]|[silent]\n|upkeep\n|\n|t:|1700435888\n|switch|p1a: Zamazenta|Zamazenta|100\/100\n|-ability|p1a: Zamazenta|Dauntless Shield|boost\n|-boost|p1a: Zamazenta|def|1\n|turn|13\n|\n|t:|1700435893\n|move|p1a: Zamazenta|Crunch|p2a: Manaphy\n|-supereffective|p2a: Manaphy\n|-damage|p2a: Manaphy|8\/100\n|move|p2a: Manaphy|Stored Power|p1a: Zamazenta\n|-supereffective|p1a: Zamazenta\n|-damage|p1a: Zamazenta|0 fnt\n|faint|p1a: Zamazenta\n|\n|-heal|p2a: Manaphy|14\/100|[from] item: Leftovers\n|upkeep\n|c|\u2606Soosthemoose|please die, thank yyou\n|\n|t:|1700435899\n|switch|p1a: Manaphy|Manaphy|100\/100\n|turn|14\n|\n|t:|1700435903\n|move|p1a: Manaphy|Scald|p2a: Manaphy\n|-damage|p2a: Manaphy|2\/100\n|move|p2a: Manaphy|Stored Power|p1a: Manaphy\n|-damage|p1a: Manaphy|0 fnt\n|faint|p1a: Manaphy\n|\n|win|Venomous Crunch\n|raw|Soosthemoose's rating: 1520 &rarr; <strong>1508<\/strong><br \/>(-12 for losing)\n|raw|Venomous Crunch's rating: 1664 &rarr; <strong>1676<\/strong><br \/>(+12 for winning)\n","uploadtime":1700435897,"views":18,"p1id":"soosthemoose","p2id":"venomouscrunch","formatid":"gen9ou","rating":1508,"private":0,"password":""}