{"id":"gen9ou-1989547820","p1":"wefu89ewfu89","p2":"hallomeneer","format":"[Gen 9] OU","log":"|j|\u2606wefu89ewfu89\n|j|\u2606hallomeneer\n|t:|1699869371\n|gametype|singles\n|player|p1|wefu89ewfu89|2|1150\n|player|p2|hallomeneer|policeman-gen4|1119\n|teamsize|p1|6\n|teamsize|p2|6\n|gen|9\n|tier|[Gen 9] OU\n|rated|\n|rule|Sleep Clause Mod: Limit one foe put to sleep\n|rule|Species Clause: Limit one of each Pok\u00e9mon\n|rule|OHKO Clause: OHKO moves are banned\n|rule|Evasion Items Clause: Evasion items are banned\n|rule|Evasion Moves Clause: Evasion moves are banned\n|rule|Endless Battle Clause: Forcing endless battles is banned\n|rule|HP Percentage Mod: HP is shown in percentages\n|clearpoke\n|poke|p1|Clefable, F|\n|poke|p1|Dondozo, M|\n|poke|p1|Tornadus-Therian, M|\n|poke|p1|Toxapex, F|\n|poke|p1|Blissey, F|\n|poke|p1|Gastrodon, F|\n|poke|p2|Ogerpon, F|\n|poke|p2|Slowking-Galar, M|\n|poke|p2|Arcanine-Hisui, M|\n|poke|p2|Ribombee, F|\n|poke|p2|Iron Moth|\n|poke|p2|Pincurchin, M|\n|teampreview\n|\n|t:|1699869398\n|start\n|switch|p1a: Flying Dutchman|Tornadus-Therian, M|100\/100\n|switch|p2a: Slowking|Slowking-Galar, M|100\/100\n|turn|1\n|\n|t:|1699869404\n|move|p1a: Flying Dutchman|Knock Off|p2a: Slowking\n|-supereffective|p2a: Slowking\n|-damage|p2a: Slowking|58\/100\n|-enditem|p2a: Slowking|Leftovers|[from] move: Knock Off|[of] p1a: Flying Dutchman\n|move|p2a: Slowking|Toxic|p1a: Flying Dutchman\n|-status|p1a: Flying Dutchman|tox\n|\n|-damage|p1a: Flying Dutchman|94\/100 tox|[from] psn\n|upkeep\n|turn|2\n|\n|t:|1699869414\n|move|p1a: Flying Dutchman|U-turn|p2a: Slowking\n|-damage|p2a: Slowking|43\/100\n|\n|t:|1699869418\n|switch|p1a: G\u00f6tterd\u00e4mmerung|Blissey, F|100\/100|[from] U-turn\n|move|p2a: Slowking|Slack Off|p2a: Slowking\n|-heal|p2a: Slowking|93\/100\n|\n|upkeep\n|turn|3\n|\n|t:|1699869424\n|move|p1a: G\u00f6tterd\u00e4mmerung|Seismic Toss|p2a: Slowking\n|-damage|p2a: Slowking|68\/100\n|move|p2a: Slowking|Toxic|p1a: G\u00f6tterd\u00e4mmerung\n|-status|p1a: G\u00f6tterd\u00e4mmerung|tox\n|\n|-damage|p1a: G\u00f6tterd\u00e4mmerung|94\/100 tox|[from] psn\n|upkeep\n|turn|4\n|\n|t:|1699869432\n|-curestatus|p1a: G\u00f6tterd\u00e4mmerung|tox|[from] ability: Natural Cure\n|switch|p1a: Apex Predator|Toxapex, F|100\/100\n|move|p2a: Slowking|Eerie Spell|p1a: Apex Predator\n|-supereffective|p1a: Apex Predator\n|-damage|p1a: Apex Predator|64\/100\n|\n|upkeep\n|turn|5\n|\n|t:|1699869440\n|switch|p1a: G\u00f6tterd\u00e4mmerung|Blissey, F|94\/100\n|move|p2a: Slowking|Eerie Spell|p1a: G\u00f6tterd\u00e4mmerung\n|-damage|p1a: G\u00f6tterd\u00e4mmerung|86\/100\n|\n|upkeep\n|turn|6\n|\n|t:|1699869447\n|switch|p1a: Flying Dutchman|Tornadus-Therian, M|100\/100 tox\n|move|p2a: Slowking|Toxic|p1a: Flying Dutchman\n|-fail|p1a: Flying Dutchman|tox\n|\n|-damage|p1a: Flying Dutchman|94\/100 tox|[from] psn\n|upkeep\n|turn|7\n|\n|t:|1699869454\n|move|p1a: Flying Dutchman|U-turn|p2a: Slowking\n|-damage|p2a: Slowking|52\/100\n|\n|t:|1699869457\n|switch|p1a: Apex Predator|Toxapex, F|98\/100|[from] U-turn\n|move|p2a: Slowking|Eerie Spell|p1a: Apex Predator\n|-supereffective|p1a: Apex Predator\n|-damage|p1a: Apex Predator|62\/100\n|\n|upkeep\n|turn|8\n|\n|t:|1699869463\n|switch|p1a: Flying Dutchman|Tornadus-Therian, M|100\/100 tox\n|move|p2a: Slowking|Slack Off|p2a: Slowking\n|-heal|p2a: Slowking|100\/100\n|\n|-damage|p1a: Flying Dutchman|94\/100 tox|[from] psn\n|upkeep\n|turn|9\n|\n|t:|1699869472\n|switch|p2a: Pincurchin|Pincurchin, M|100\/100\n|-fieldstart|move: Electric Terrain|[from] ability: Electric Surge|[of] p2a: Pincurchin\n|move|p1a: Flying Dutchman|U-turn|p2a: Pincurchin\n|-damage|p2a: Pincurchin|87\/100\n|\n|t:|1699869479\n|switch|p1a: Landkreuzer|Gastrodon, F|100\/100|[from] U-turn\n|\n|-heal|p2a: Pincurchin|93\/100|[from] item: Leftovers\n|upkeep\n|turn|10\n|\n|t:|1699869492\n|switch|p2a: Ribombee|Ribombee, F|100\/100\n|move|p1a: Landkreuzer|Spikes|p2a: Ribombee\n|-sidestart|p2: hallomeneer|Spikes\n|\n|upkeep\n|turn|11\n|\n|t:|1699869495\n|switch|p1a: G\u00f6tterd\u00e4mmerung|Blissey, F|86\/100\n|move|p2a: Ribombee|Sticky Web|p1a: G\u00f6tterd\u00e4mmerung\n|-sidestart|p1: wefu89ewfu89|move: Sticky Web\n|\n|upkeep\n|turn|12\n|\n|t:|1699869502\n|move|p2a: Ribombee|Stun Spore|p1a: G\u00f6tterd\u00e4mmerung\n|-status|p1a: G\u00f6tterd\u00e4mmerung|par\n|move|p1a: G\u00f6tterd\u00e4mmerung|Seismic Toss|p2a: Ribombee\n|-damage|p2a: Ribombee|62\/100\n|\n|upkeep\n|turn|13\n|\n|t:|1699869511\n|switch|p2a: Iron Moth|Iron Moth|100\/100\n|-damage|p2a: Iron Moth|88\/100|[from] Spikes\n|-activate|p2a: Iron Moth|ability: Quark Drive\n|-start|p2a: Iron Moth|quarkdrivespe\n|move|p1a: G\u00f6tterd\u00e4mmerung|Seismic Toss|p2a: Iron Moth\n|-damage|p2a: Iron Moth|61\/100\n|\n|-fieldend|move: Electric Terrain\n|-end|p2a: Iron Moth|Quark Drive\n|upkeep\n|turn|14\n|\n|t:|1699869524\n|-curestatus|p1a: G\u00f6tterd\u00e4mmerung|par|[from] ability: Natural Cure\n|switch|p1a: Apex Predator|Toxapex, F|95\/100\n|move|p2a: Iron Moth|Fiery Dance|p1a: Apex Predator\n|-resisted|p1a: Apex Predator\n|-damage|p1a: Apex Predator|80\/100\n|-damage|p2a: Iron Moth|51\/100|[from] item: Life Orb\n|\n|upkeep\n|turn|15\n|\n|t:|1699869543\n|-end|p2a: Iron Moth|Quark Drive|[silent]\n|switch|p2a: Pincurchin|Pincurchin, M|93\/100\n|-damage|p2a: Pincurchin|81\/100|[from] Spikes\n|-fieldstart|move: Electric Terrain|[from] ability: Electric Surge|[of] p2a: Pincurchin\n|move|p1a: Apex Predator|Infestation|p2a: Pincurchin\n|-damage|p2a: Pincurchin|77\/100\n|-activate|p2a: Pincurchin|move: Infestation|[of] p1a: Apex Predator\n|\n|-heal|p2a: Pincurchin|83\/100|[from] item: Leftovers\n|-damage|p2a: Pincurchin|71\/100|[from] move: Infestation|[partiallytrapped]\n|upkeep\n|turn|16\n|\n|t:|1699869550\n|switch|p1a: Landkreuzer|Gastrodon, F|100\/100\n|move|p2a: Pincurchin|Recover|p2a: Pincurchin\n|-heal|p2a: Pincurchin|100\/100\n|\n|-end|p2a: Pincurchin|Infestation|[partiallytrapped]|[silent]\n|upkeep\n|turn|17\n|\n|t:|1699869559\n|switch|p2a: Ogerpon|Ogerpon, F|100\/100\n|-damage|p2a: Ogerpon|88\/100|[from] Spikes\n|move|p1a: Landkreuzer|Earth Power|p2a: Ogerpon\n|-resisted|p2a: Ogerpon\n|-damage|p2a: Ogerpon|72\/100\n|\n|upkeep\n|turn|18\n|\n|t:|1699869569\n|switch|p1a: Matchup Fish|Dondozo, M|100\/100\n|move|p2a: Ogerpon|Zen Headbutt|p1a: Matchup Fish\n|-crit|p1a: Matchup Fish\n|-damage|p1a: Matchup Fish|74\/100\n|\n|upkeep\n|turn|19\n|\n|t:|1699869577\n|-terastallize|p1a: Matchup Fish|Dragon\n|move|p2a: Ogerpon|Zen Headbutt|p1a: Matchup Fish\n|-damage|p1a: Matchup Fish|55\/100\n|move|p1a: Matchup Fish|Body Press|p2a: Ogerpon\n|-damage|p2a: Ogerpon|38\/100\n|\n|-fieldend|move: Electric Terrain\n|upkeep\n|turn|20\n|\n|t:|1699869587\n|switch|p2a: Ribombee|Ribombee, F|62\/100\n|-damage|p2a: Ribombee|50\/100|[from] Spikes\n|move|p1a: Matchup Fish|Rest|p1a: Matchup Fish\n|-status|p1a: Matchup Fish|slp|[from] move: Rest\n|-heal|p1a: Matchup Fish|100\/100 slp|[silent]\n|\n|upkeep\n|turn|21\n|\n|t:|1699869594\n|switch|p1a: G\u00f6tterd\u00e4mmerung|Blissey, F|86\/100\n|move|p2a: Ribombee|Dazzling Gleam|p1a: G\u00f6tterd\u00e4mmerung\n|-damage|p1a: G\u00f6tterd\u00e4mmerung|77\/100\n|\n|upkeep\n|turn|22\n|\n|t:|1699869609\n|switch|p2a: Arcanine|Arcanine-Hisui, M|100\/100\n|-damage|p2a: Arcanine|88\/100|[from] Spikes\n|move|p1a: G\u00f6tterd\u00e4mmerung|Seismic Toss|p2a: Arcanine\n|-damage|p2a: Arcanine|58\/100\n|\n|upkeep\n|turn|23\n|\n|t:|1699869628\n|switch|p1a: Landkreuzer|Gastrodon, F|100\/100\n|move|p2a: Arcanine|Wild Charge|p1a: Landkreuzer\n|-immune|p1a: Landkreuzer\n|\n|upkeep\n|turn|24\n|\n|t:|1699869655\n|switch|p2a: Ribombee|Ribombee, F|50\/100\n|-damage|p2a: Ribombee|38\/100|[from] Spikes\n|move|p1a: Landkreuzer|Chilling Water|p2a: Ribombee\n|-damage|p2a: Ribombee|8\/100\n|\n|upkeep\n|turn|25\n|inactive|Battle timer is ON: inactive players will automatically lose when time's up. (requested by hallomeneer)\n|\n|t:|1699869707\n|switch|p1a: G\u00f6tterd\u00e4mmerung|Blissey, F|77\/100\n|move|p2a: Ribombee|Dazzling Gleam|p1a: G\u00f6tterd\u00e4mmerung\n|-damage|p1a: G\u00f6tterd\u00e4mmerung|68\/100\n|\n|upkeep\n|turn|26\n|\n|t:|1699869714\n|move|p2a: Ribombee|Stun Spore|p1a: G\u00f6tterd\u00e4mmerung\n|-status|p1a: G\u00f6tterd\u00e4mmerung|par\n|move|p1a: G\u00f6tterd\u00e4mmerung|Seismic Toss|p2a: Ribombee\n|-damage|p2a: Ribombee|0 fnt\n|faint|p2a: Ribombee\n|\n|upkeep\n|\n|t:|1699869721\n|switch|p2a: Arcanine|Arcanine-Hisui, M|58\/100\n|-damage|p2a: Arcanine|46\/100|[from] Spikes\n|turn|27\n|\n|t:|1699869727\n|-curestatus|p1a: G\u00f6tterd\u00e4mmerung|par|[from] ability: Natural Cure\n|switch|p1a: Landkreuzer|Gastrodon, F|100\/100\n|move|p2a: Arcanine|Head Smash|p1a: Landkreuzer\n|-resisted|p1a: Landkreuzer\n|-damage|p1a: Landkreuzer|76\/100\n|\n|upkeep\n|turn|28\n|\n|t:|1699869739\n|switch|p2a: Ogerpon|Ogerpon, F|38\/100\n|-damage|p2a: Ogerpon|26\/100|[from] Spikes\n|move|p1a: Landkreuzer|Chilling Water|p2a: Ogerpon\n|-resisted|p2a: Ogerpon\n|-damage|p2a: Ogerpon|16\/100\n|-unboost|p2a: Ogerpon|atk|1\n|-ability|p2a: Ogerpon|Defiant|boost\n|-boost|p2a: Ogerpon|atk|2\n|\n|upkeep\n|turn|29\n|\n|t:|1699869749\n|switch|p1a: Matchup Fish|Dondozo, M, tera:Dragon|100\/100 slp\n|-terastallize|p2a: Ogerpon|Grass\n|detailschange|p2a: Ogerpon|Ogerpon-Teal-Tera, F, tera:Grass\n|-ability|p2a: Ogerpon|Embody Aspect (Teal)|boost\n|-boost|p2a: Ogerpon|spe|1\n|move|p2a: Ogerpon|Ivy Cudgel|p1a: Matchup Fish\n|-resisted|p1a: Matchup Fish\n|-damage|p1a: Matchup Fish|80\/100 slp\n|\n|upkeep\n|turn|30\n|-message|hallomeneer forfeited.\n|\n|win|wefu89ewfu89\n|raw|wefu89ewfu89's rating: 1150 &rarr; <strong>1173<\/strong><br \/>(+23 for winning)\n|raw|hallomeneer's rating: 1119 &rarr; <strong>1096<\/strong><br \/>(-23 for losing)\n|l|\u2606hallomeneer\n|c|\u2606wefu89ewfu89|gg\n","uploadtime":1699869772,"views":12,"p1id":"wefu89ewfu89","p2id":"hallomeneer","formatid":"gen9ou","rating":1096,"private":0,"password":""}