{"id":"gen9ou-1999650445","p1":"DylanoSR","p2":"Alice Sapphic","format":"[Gen 9] OU","log":"|j|\u2606DylanoSR\n|j|\u2606Alice Sapphic\n|t:|1701104598\n|gametype|singles\n|player|p1|DylanoSR|ingo|1118\n|player|p2|Alice Sapphic|dawn-gen4pt|1188\n|teamsize|p1|6\n|teamsize|p2|6\n|gen|9\n|tier|[Gen 9] OU\n|rated|\n|rule|Sleep Clause Mod: Limit one foe put to sleep\n|rule|Species Clause: Limit one of each Pok\u00e9mon\n|rule|OHKO Clause: OHKO moves are banned\n|rule|Evasion Items Clause: Evasion items are banned\n|rule|Evasion Moves Clause: Evasion moves are banned\n|rule|Endless Battle Clause: Forcing endless battles is banned\n|rule|HP Percentage Mod: HP is shown in percentages\n|clearpoke\n|poke|p1|Gholdengo|\n|poke|p1|Glimmora, M|\n|poke|p1|Corviknight, F|\n|poke|p1|Dragapult, M|\n|poke|p1|Skeledirge, F|\n|poke|p1|Azumarill, F|\n|poke|p2|Meowscarada, F|\n|poke|p2|Glimmora, F|\n|poke|p2|Ursaluna, F|\n|poke|p2|Slowking-Galar, F|\n|poke|p2|Thundurus-Therian, M|\n|poke|p2|Iron Valiant|\n|teampreview\n|\n|t:|1701104609\n|start\n|switch|p1a: Glimmora|Glimmora, M, shiny|100\/100\n|switch|p2a: Thundurus|Thundurus-Therian, M|100\/100\n|turn|1\n|\n|t:|1701104616\n|move|p2a: Thundurus|Psychic|p1a: Glimmora\n|-supereffective|p1a: Glimmora\n|-damage|p1a: Glimmora|0 fnt\n|faint|p1a: Glimmora\n|\n|upkeep\n|\n|t:|1701104641\n|switch|p1a: Dragapult|Dragapult, M, shiny|100\/100\n|turn|2\n|\n|t:|1701104657\n|move|p1a: Dragapult|Reflect|p1a: Dragapult\n|-sidestart|p1: DylanoSR|Reflect\n|move|p2a: Thundurus|Psychic|p1a: Dragapult\n|-damage|p1a: Dragapult|39\/100\n|\n|upkeep\n|turn|3\n|\n|t:|1701104662\n|move|p1a: Dragapult|Light Screen|p1a: Dragapult\n|-sidestart|p1: DylanoSR|move: Light Screen\n|move|p2a: Thundurus|Psychic|p1a: Dragapult\n|-damage|p1a: Dragapult|5\/100\n|\n|upkeep\n|turn|4\n|\n|t:|1701104668\n|move|p1a: Dragapult|Dragon Darts|p2a: Thundurus\n|-damage|p2a: Thundurus|68\/100\n|-anim|p1a: Dragapult|Dragon Darts|p2a: Thundurus\n|-damage|p2a: Thundurus|34\/100\n|move|p2a: Thundurus|Psychic|p1a: Dragapult\n|-damage|p1a: Dragapult|0 fnt\n|faint|p1a: Dragapult\n|\n|upkeep\n|\n|t:|1701104675\n|switch|p1a: Skeledirge|Skeledirge, F|100\/100\n|turn|5\n|\n|t:|1701104682\n|switch|p2a: Slowking|Slowking-Galar, F|100\/100\n|move|p1a: Skeledirge|Torch Song|p2a: Slowking\n|-damage|p2a: Slowking|75\/100\n|-boost|p1a: Skeledirge|spa|1\n|\n|upkeep\n|turn|6\n|\n|t:|1701104692\n|move|p1a: Skeledirge|Will-O-Wisp|p2a: Slowking|[miss]\n|-miss|p1a: Skeledirge|p2a: Slowking\n|move|p2a: Slowking|Surf|p1a: Skeledirge\n|-supereffective|p1a: Skeledirge\n|-damage|p1a: Skeledirge|77\/100\n|\n|upkeep\n|turn|7\n|\n|t:|1701104711\n|move|p1a: Skeledirge|Will-O-Wisp|p2a: Slowking\n|-status|p2a: Slowking|brn\n|move|p2a: Slowking|Chilly Reception|p2a: Slowking\n|-weather|Snow\n|\n|t:|1701104725\n|switch|p2a: Glimmora|Glimmora, F|100\/100|[from] Chilly Reception\n|\n|-weather|Snow|[upkeep]\n|upkeep\n|turn|8\n|\n|t:|1701104733\n|switch|p1a: Corviknight|Corviknight, F, shiny|100\/100\n|-ability|p1a: Corviknight|Pressure\n|move|p2a: Glimmora|Power Gem|p1a: Corviknight\n|-damage|p1a: Corviknight|86\/100\n|\n|-weather|Snow|[upkeep]\n|upkeep\n|turn|9\n|\n|t:|1701104747\n|move|p2a: Glimmora|Stealth Rock|p1a: Corviknight\n|-sidestart|p1: DylanoSR|move: Stealth Rock\n|move|p1a: Corviknight|Iron Defense|p1a: Corviknight\n|-boost|p1a: Corviknight|def|2\n|\n|-weather|Snow|[upkeep]\n|-sideend|p1: DylanoSR|Reflect\n|upkeep\n|turn|10\n|\n|t:|1701104755\n|move|p2a: Glimmora|Spikes|p1a: Corviknight\n|-sidestart|p1: DylanoSR|Spikes\n|move|p1a: Corviknight|Iron Defense|p1a: Corviknight\n|-boost|p1a: Corviknight|def|2\n|\n|-weather|Snow|[upkeep]\n|-sideend|p1: DylanoSR|move: Light Screen\n|upkeep\n|turn|11\n|\n|t:|1701104766\n|move|p2a: Glimmora|Spikes|p1a: Corviknight\n|-sidestart|p1: DylanoSR|Spikes\n|move|p1a: Corviknight|Body Press|p2a: Glimmora\n|-damage|p2a: Glimmora|29\/100\n|-activate|p2a: Glimmora|ability: Toxic Debris\n|-sidestart|p1: DylanoSR|move: Toxic Spikes\n|\n|-weather|none\n|upkeep\n|turn|12\n|\n|t:|1701104775\n|move|p2a: Glimmora|Spikes|p1a: Corviknight\n|-sidestart|p1: DylanoSR|Spikes\n|move|p1a: Corviknight|Iron Defense|p1a: Corviknight\n|-boost|p1a: Corviknight|def|2\n|\n|upkeep\n|turn|13\n|\n|t:|1701104781\n|move|p2a: Glimmora|Power Gem|p1a: Corviknight\n|-damage|p1a: Corviknight|57\/100\n|move|p1a: Corviknight|Body Press|p2a: Glimmora\n|-damage|p2a: Glimmora|0 fnt\n|-activate|p2a: Glimmora|ability: Toxic Debris\n|-sidestart|p1: DylanoSR|move: Toxic Spikes\n|faint|p2a: Glimmora\n|\n|upkeep\n|\n|t:|1701104791\n|switch|p2a: Thundurus|Thundurus-Therian, M|34\/100\n|turn|14\n|\n|t:|1701104795\n|move|p2a: Thundurus|Thunderbolt|p1a: Corviknight\n|-supereffective|p1a: Corviknight\n|-damage|p1a: Corviknight|0 fnt\n|faint|p1a: Corviknight\n|\n|upkeep\n|\n|t:|1701104802\n|switch|p1a: Gholdengo|Gholdengo|100\/100\n|-damage|p1a: Gholdengo|94\/100|[from] Stealth Rock\n|-damage|p1a: Gholdengo|70\/100|[from] Spikes\n|turn|15\n|\n|t:|1701104812\n|move|p2a: Thundurus|Thunderbolt|p1a: Gholdengo\n|-damage|p1a: Gholdengo|0 fnt\n|faint|p1a: Gholdengo\n|\n|upkeep\n|\n|t:|1701104816\n|switch|p1a: Skeledirge|Skeledirge, F|77\/100\n|turn|16\n|\n|t:|1701104821\n|move|p2a: Thundurus|Thunderbolt|p1a: Skeledirge\n|-damage|p1a: Skeledirge|12\/100\n|move|p1a: Skeledirge|Will-O-Wisp|p2a: Thundurus\n|-status|p2a: Thundurus|brn\n|\n|-damage|p2a: Thundurus|28\/100 brn|[from] brn\n|upkeep\n|turn|17\n|\n|t:|1701104830\n|move|p2a: Thundurus|Thunderbolt|p1a: Skeledirge\n|-damage|p1a: Skeledirge|0 fnt\n|faint|p1a: Skeledirge\n|\n|-damage|p2a: Thundurus|22\/100 brn|[from] brn\n|upkeep\n|\n|t:|1701104834\n|switch|p1a: Azumarill|Azumarill, F|100\/100\n|-damage|p1a: Azumarill|88\/100|[from] Stealth Rock\n|-damage|p1a: Azumarill|63\/100|[from] Spikes\n|-status|p1a: Azumarill|tox\n|turn|18\n|\n|t:|1701104842\n|move|p1a: Azumarill|Aqua Jet|p2a: Thundurus\n|-damage|p2a: Thundurus|0 fnt\n|faint|p2a: Thundurus\n|\n|-damage|p1a: Azumarill|57\/100 tox|[from] psn\n|upkeep\n|\n|t:|1701104857\n|switch|p2a: Ursaluna|Ursaluna, F|100\/100\n|turn|19\n|\n|t:|1701104863\n|move|p1a: Azumarill|Aqua Jet|p2a: Ursaluna\n|-supereffective|p2a: Ursaluna\n|-damage|p2a: Ursaluna|61\/100\n|move|p2a: Ursaluna|Headlong Rush|p1a: Azumarill\n|-damage|p1a: Azumarill|0 fnt\n|-unboost|p2a: Ursaluna|def|1\n|-unboost|p2a: Ursaluna|spd|1\n|faint|p1a: Azumarill\n|\n|win|Alice Sapphic\n|raw|DylanoSR's rating: 1118 &rarr; <strong>1098<\/strong><br \/>(-20 for losing)\n|raw|Alice Sapphic's rating: 1188 &rarr; <strong>1208<\/strong><br \/>(+20 for winning)\n|l|\u2606DylanoSR\n","uploadtime":1701104884,"views":9,"p1id":"dylanosr","p2id":"alicesapphic","formatid":"gen9ou","rating":1098,"private":0,"password":""}