{"id":"gen9ou-1993471147","p1":"bellenguer2","p2":"sempreqpeditutem","format":"[Gen 9] OU","log":"|j|\u2606bellenguer2\n|j|\u2606sempreqpeditutem\n|t:|1700321918\n|gametype|singles\n|player|p1|bellenguer2|dawn|1104\n|player|p2|sempreqpeditutem|pokemonbreederf-gen4|1192\n|teamsize|p1|6\n|teamsize|p2|6\n|gen|9\n|tier|[Gen 9] OU\n|rated|\n|rule|Sleep Clause Mod: Limit one foe put to sleep\n|rule|Species Clause: Limit one of each Pok\u00e9mon\n|rule|OHKO Clause: OHKO moves are banned\n|rule|Evasion Items Clause: Evasion items are banned\n|rule|Evasion Moves Clause: Evasion moves are banned\n|rule|Endless Battle Clause: Forcing endless battles is banned\n|rule|HP Percentage Mod: HP is shown in percentages\n|clearpoke\n|poke|p1|Zapdos|\n|poke|p1|Blissey, F|\n|poke|p1|Toxapex, M|\n|poke|p1|Clefable, F|\n|poke|p1|Corviknight, F|\n|poke|p1|Quagsire, F|\n|poke|p2|Hatterene, F|\n|poke|p2|Dragonite, M|\n|poke|p2|Greninja-*, M|\n|poke|p2|Sneasler, F|\n|poke|p2|Kingambit, F|\n|poke|p2|Corviknight, M|\n|teampreview\n|inactive|Battle timer is ON: inactive players will automatically lose when time's up. (requested by sempreqpeditutem)\n|\n|t:|1700321945\n|start\n|switch|p1a: Corviknight|Corviknight, F|100\/100\n|switch|p2a: Sneasler|Sneasler, F|100\/100\n|-ability|p1a: Corviknight|Pressure\n|turn|1\n|\n|t:|1700321954\n|move|p2a: Sneasler|Switcheroo|p1a: Corviknight\n|-activate|p2a: Sneasler|move: Trick|[of] p1a: Corviknight\n|-item|p1a: Corviknight|Choice Scarf|[from] move: Switcheroo\n|-item|p2a: Sneasler|Rocky Helmet|[from] move: Switcheroo\n|move|p1a: Corviknight|U-turn|p2a: Sneasler\n|-resisted|p2a: Sneasler\n|-damage|p2a: Sneasler|95\/100\n|-damage|p1a: Corviknight|84\/100|[from] item: Rocky Helmet|[of] p2a: Sneasler\n|\n|t:|1700321979\n|switch|p1a: Quagsire|Quagsire, F|100\/100|[from] U-turn\n|\n|upkeep\n|turn|2\n|\n|t:|1700321984\n|move|p2a: Sneasler|U-turn|p1a: Quagsire\n|-damage|p1a: Quagsire|80\/100\n|-status|p1a: Quagsire|psn|[from] ability: Poison Touch|[of] p2a: Sneasler\n|\n|t:|1700321990\n|switch|p2a: Corviknight|Corviknight, M|100\/100|[from] U-turn\n|-ability|p2a: Corviknight|Pressure\n|move|p1a: Quagsire|Stealth Rock|p2a: Corviknight\n|-sidestart|p2: sempreqpeditutem|move: Stealth Rock\n|\n|-heal|p1a: Quagsire|87\/100 psn|[from] item: Leftovers\n|-damage|p1a: Quagsire|74\/100 psn|[from] psn\n|upkeep\n|turn|3\n|\n|t:|1700321995\n|switch|p1a: Zapdos|Zapdos|100\/100\n|move|p2a: Corviknight|Taunt|p1a: Zapdos\n|-start|p1a: Zapdos|move: Taunt\n|\n|upkeep\n|turn|4\n|\n|t:|1700322001\n|switch|p2a: Kingambit|Kingambit, F|100\/100\n|-damage|p2a: Kingambit|94\/100|[from] Stealth Rock\n|move|p1a: Zapdos|Volt Switch|p2a: Kingambit\n|-damage|p2a: Kingambit|79\/100\n|\n|t:|1700322009\n|switch|p1a: Corviknight|Corviknight, F|84\/100|[from] Volt Switch\n|-ability|p1a: Corviknight|Pressure\n|\n|upkeep\n|turn|5\n|\n|t:|1700322014\n|-end|p2a: Kingambit|fallenundefined|[silent]\n|switch|p2a: Corviknight|Corviknight, M|100\/100\n|-damage|p2a: Corviknight|88\/100|[from] Stealth Rock\n|-ability|p2a: Corviknight|Pressure\n|move|p1a: Corviknight|Body Press|p2a: Corviknight\n|-damage|p2a: Corviknight|70\/100\n|-damage|p1a: Corviknight|67\/100|[from] item: Rocky Helmet|[of] p2a: Corviknight\n|\n|upkeep\n|turn|6\n|\n|t:|1700322025\n|switch|p1a: Zapdos|Zapdos|100\/100\n|move|p2a: Corviknight|Taunt|p1a: Zapdos\n|-start|p1a: Zapdos|move: Taunt\n|\n|upkeep\n|turn|7\n|\n|t:|1700322030\n|move|p1a: Zapdos|Heat Wave|p2a: Corviknight\n|-supereffective|p2a: Corviknight\n|-damage|p2a: Corviknight|37\/100\n|-status|p2a: Corviknight|brn\n|move|p2a: Corviknight|Roost|p2a: Corviknight\n|-heal|p2a: Corviknight|87\/100 brn\n|-singleturn|p2a: Corviknight|move: Roost\n|\n|-damage|p2a: Corviknight|81\/100 brn|[from] brn\n|upkeep\n|turn|8\n|\n|t:|1700322041\n|switch|p2a: Kingambit|Kingambit, F|79\/100\n|-damage|p2a: Kingambit|72\/100|[from] Stealth Rock\n|move|p1a: Zapdos|Volt Switch|p2a: Kingambit\n|-damage|p2a: Kingambit|56\/100\n|\n|t:|1700322053\n|switch|p1a: Corviknight|Corviknight, F|67\/100|[from] Volt Switch\n|-ability|p1a: Corviknight|Pressure\n|\n|upkeep\n|turn|9\n|\n|t:|1700322058\n|move|p1a: Corviknight|Roost|p1a: Corviknight\n|-heal|p1a: Corviknight|100\/100\n|-singleturn|p1a: Corviknight|move: Roost\n|move|p2a: Kingambit|Kowtow Cleave|p1a: Corviknight\n|-damage|p1a: Corviknight|64\/100\n|\n|upkeep\n|turn|10\n|\n|t:|1700322069\n|move|p1a: Corviknight|Roost|p1a: Corviknight\n|-heal|p1a: Corviknight|100\/100\n|-singleturn|p1a: Corviknight|move: Roost\n|move|p2a: Kingambit|Kowtow Cleave|p1a: Corviknight\n|-damage|p1a: Corviknight|69\/100\n|\n|upkeep\n|turn|11\n|\n|t:|1700322078\n|move|p1a: Corviknight|Roost|p1a: Corviknight\n|-heal|p1a: Corviknight|100\/100\n|-singleturn|p1a: Corviknight|move: Roost\n|move|p2a: Kingambit|Kowtow Cleave|p1a: Corviknight\n|-damage|p1a: Corviknight|69\/100\n|\n|upkeep\n|turn|12\n|\n|t:|1700322086\n|switch|p1a: Zapdos|Zapdos|100\/100\n|move|p2a: Kingambit|Low Kick|p1a: Zapdos\n|-resisted|p1a: Zapdos\n|-damage|p1a: Zapdos|90\/100\n|\n|upkeep\n|turn|13\n|\n|t:|1700322093\n|move|p1a: Zapdos|Heat Wave|p2a: Kingambit\n|-supereffective|p2a: Kingambit\n|-damage|p2a: Kingambit|28\/100\n|move|p2a: Kingambit|Kowtow Cleave|p1a: Zapdos\n|-damage|p1a: Zapdos|53\/100\n|\n|upkeep\n|turn|14\n|\n|t:|1700322101\n|move|p1a: Zapdos|Roost|p1a: Zapdos\n|-heal|p1a: Zapdos|100\/100\n|-singleturn|p1a: Zapdos|move: Roost\n|move|p2a: Kingambit|Kowtow Cleave|p1a: Zapdos\n|-damage|p1a: Zapdos|64\/100\n|-status|p2a: Kingambit|par|[from] ability: Static|[of] p1a: Zapdos\n|\n|upkeep\n|turn|15\n|\n|t:|1700322112\n|move|p1a: Zapdos|Roost|p1a: Zapdos\n|-heal|p1a: Zapdos|100\/100\n|-singleturn|p1a: Zapdos|move: Roost\n|cant|p2a: Kingambit|par\n|\n|upkeep\n|turn|16\n|\n|t:|1700322118\n|move|p1a: Zapdos|Heat Wave|p2a: Kingambit\n|-supereffective|p2a: Kingambit\n|-damage|p2a: Kingambit|2\/100 par\n|move|p2a: Kingambit|Kowtow Cleave|p1a: Zapdos\n|-damage|p1a: Zapdos|65\/100\n|\n|upkeep\n|turn|17\n|\n|t:|1700322124\n|-end|p2a: Kingambit|fallenundefined|[silent]\n|switch|p2a: Dragonite|Dragonite, M|100\/100\n|-damage|p2a: Dragonite|76\/100|[from] Stealth Rock\n|move|p1a: Zapdos|Volt Switch|p2a: Dragonite\n|-damage|p2a: Dragonite|46\/100\n|\n|t:|1700322132\n|switch|p1a: Clefable|Clefable, F|100\/100|[from] Volt Switch\n|\n|upkeep\n|turn|18\n|\n|t:|1700322138\n|switch|p2a: Sneasler|Sneasler, F|95\/100\n|-damage|p2a: Sneasler|89\/100|[from] Stealth Rock\n|move|p1a: Clefable|Moonblast|p2a: Sneasler\n|-damage|p2a: Sneasler|43\/100\n|-unboost|p2a: Sneasler|spa|1\n|\n|upkeep\n|turn|19\n|\n|t:|1700322149\n|switch|p1a: Toxapex|Toxapex, M|100\/100\n|move|p2a: Sneasler|U-turn|p1a: Toxapex\n|-resisted|p1a: Toxapex\n|-damage|p1a: Toxapex|91\/100\n|\n|t:|1700322152\n|switch|p2a: Dragonite|Dragonite, M|46\/100|[from] U-turn\n|-damage|p2a: Dragonite|21\/100|[from] Stealth Rock\n|\n|-heal|p1a: Toxapex|97\/100|[from] item: Black Sludge\n|upkeep\n|turn|20\n|\n|t:|1700322159\n|switch|p1a: Clefable|Clefable, F|100\/100\n|move|p2a: Dragonite|Roost|p2a: Dragonite\n|-heal|p2a: Dragonite|71\/100\n|-singleturn|p2a: Dragonite|move: Roost\n|\n|upkeep\n|turn|21\n|\n|t:|1700322163\n|move|p2a: Dragonite|Roost|p2a: Dragonite\n|-heal|p2a: Dragonite|100\/100\n|-singleturn|p2a: Dragonite|move: Roost\n|move|p1a: Clefable|Moonblast|p2a: Dragonite\n|-supereffective|p2a: Dragonite\n|-damage|p2a: Dragonite|68\/100\n|\n|upkeep\n|turn|22\n|\n|t:|1700322170\n|move|p2a: Dragonite|Roost|p2a: Dragonite\n|-heal|p2a: Dragonite|100\/100\n|-singleturn|p2a: Dragonite|move: Roost\n|move|p1a: Clefable|Moonblast|p2a: Dragonite\n|-supereffective|p2a: Dragonite\n|-damage|p2a: Dragonite|66\/100\n|\n|upkeep\n|turn|23\n|\n|t:|1700322174\n|-terastallize|p2a: Dragonite|Normal\n|move|p2a: Dragonite|Roost|p2a: Dragonite\n|-heal|p2a: Dragonite|100\/100\n|move|p1a: Clefable|Knock Off|p2a: Dragonite\n|-damage|p2a: Dragonite|93\/100\n|-enditem|p2a: Dragonite|Lum Berry|[from] move: Knock Off|[of] p1a: Clefable\n|\n|upkeep\n|turn|24\n|\n|t:|1700322194\n|switch|p1a: Quagsire|Quagsire, F|74\/100 psn\n|move|p2a: Dragonite|Dragon Dance|p2a: Dragonite\n|-boost|p2a: Dragonite|atk|1\n|-boost|p2a: Dragonite|spe|1\n|\n|-heal|p1a: Quagsire|80\/100 psn|[from] item: Leftovers\n|-damage|p1a: Quagsire|68\/100 psn|[from] psn\n|upkeep\n|turn|25\n|\n|t:|1700322201\n|switch|p2a: Corviknight|Corviknight, M|81\/100 brn\n|-damage|p2a: Corviknight|68\/100 brn|[from] Stealth Rock\n|-ability|p2a: Corviknight|Pressure\n|move|p1a: Quagsire|Recover|p1a: Quagsire\n|-heal|p1a: Quagsire|100\/100 psn\n|\n|-damage|p1a: Quagsire|88\/100 psn|[from] psn\n|-damage|p2a: Corviknight|62\/100 brn|[from] brn\n|upkeep\n|turn|26\n|inactive|bellenguer2 has 120 seconds left.\n|\n|t:|1700322246\n|switch|p1a: Zapdos|Zapdos|65\/100\n|move|p2a: Corviknight|Taunt|p1a: Zapdos\n|-start|p1a: Zapdos|move: Taunt\n|\n|-damage|p2a: Corviknight|56\/100 brn|[from] brn\n|upkeep\n|turn|27\n|\n|t:|1700322253\n|move|p1a: Zapdos|Volt Switch|p2a: Corviknight\n|-supereffective|p2a: Corviknight\n|-damage|p2a: Corviknight|17\/100 brn\n|\n|t:|1700322261\n|switch|p1a: Corviknight|Corviknight, F|69\/100|[from] Volt Switch\n|-ability|p1a: Corviknight|Pressure\n|move|p2a: Corviknight|Roost|p2a: Corviknight\n|-heal|p2a: Corviknight|67\/100 brn\n|-singleturn|p2a: Corviknight|move: Roost\n|\n|-damage|p2a: Corviknight|60\/100 brn|[from] brn\n|upkeep\n|turn|28\n|inactive|bellenguer2 has 120 seconds left.\n|\n|t:|1700322273\n|move|p1a: Corviknight|Roost|p1a: Corviknight\n|-heal|p1a: Corviknight|100\/100\n|-singleturn|p1a: Corviknight|move: Roost\n|move|p2a: Corviknight|Iron Defense|p2a: Corviknight\n|-boost|p2a: Corviknight|def|2\n|\n|-damage|p2a: Corviknight|54\/100 brn|[from] brn\n|upkeep\n|turn|29\n|inactive|bellenguer2 has 120 seconds left.\n|\n|t:|1700322280\n|switch|p1a: Quagsire|Quagsire, F|88\/100 psn\n|move|p2a: Corviknight|Roost|p2a: Corviknight\n|-heal|p2a: Corviknight|100\/100 brn\n|-singleturn|p2a: Corviknight|move: Roost\n|\n|-heal|p1a: Quagsire|94\/100 psn|[from] item: Leftovers\n|-damage|p1a: Quagsire|82\/100 psn|[from] psn\n|-damage|p2a: Corviknight|94\/100 brn|[from] brn\n|upkeep\n|turn|30\n|\n|t:|1700322283\n|move|p2a: Corviknight|Taunt|p1a: Quagsire\n|-start|p1a: Quagsire|move: Taunt\n|cant|p1a: Quagsire|move: Taunt|Haze\n|\n|-heal|p1a: Quagsire|88\/100 psn|[from] item: Leftovers\n|-damage|p1a: Quagsire|75\/100 psn|[from] psn\n|-damage|p2a: Corviknight|88\/100 brn|[from] brn\n|upkeep\n|turn|31\n|\n|t:|1700322290\n|switch|p1a: Zapdos|Zapdos|65\/100\n|move|p2a: Corviknight|Body Press|p1a: Zapdos\n|-resisted|p1a: Zapdos\n|-damage|p1a: Zapdos|57\/100\n|\n|-damage|p2a: Corviknight|82\/100 brn|[from] brn\n|upkeep\n|turn|32\n|\n|t:|1700322299\n|switch|p2a: Kingambit|Kingambit, F|2\/100 par\n|-damage|p2a: Kingambit|0 fnt|[from] Stealth Rock\n|faint|p2a: Kingambit\n|-end|p2a: Kingambit|fallenundefined|[silent]\n|move|p1a: Zapdos|Volt Switch|p2: Kingambit|[notarget]\n|-fail|p1a: Zapdos\n|\n|upkeep\n|\n|t:|1700322308\n|switch|p2a: Greninja|Greninja, M|100\/100\n|-damage|p2a: Greninja|88\/100|[from] Stealth Rock\n|turn|33\n|\n|t:|1700322313\n|switch|p1a: Toxapex|Toxapex, M|100\/100\n|move|p2a: Greninja|Ice Beam|p1a: Toxapex\n|-resisted|p1a: Toxapex\n|-damage|p1a: Toxapex|91\/100\n|\n|-heal|p1a: Toxapex|97\/100|[from] item: Black Sludge\n|upkeep\n|turn|34\n|\n|t:|1700322319\n|switch|p2a: Hatterene|Hatterene, F|100\/100\n|-damage|p2a: Hatterene|88\/100|[from] Stealth Rock\n|move|p1a: Toxapex|Surf|p2a: Hatterene\n|-damage|p2a: Hatterene|67\/100\n|\n|-heal|p1a: Toxapex|100\/100|[from] item: Black Sludge\n|-heal|p2a: Hatterene|73\/100|[from] item: Leftovers\n|upkeep\n|turn|35\n|\n|t:|1700322336\n|switch|p1a: Blissey|Blissey, F|100\/100\n|move|p2a: Hatterene|Calm Mind|p2a: Hatterene\n|-boost|p2a: Hatterene|spa|1\n|-boost|p2a: Hatterene|spd|1\n|\n|-heal|p2a: Hatterene|79\/100|[from] item: Leftovers\n|upkeep\n|turn|36\n|\n|t:|1700322341\n|move|p1a: Blissey|Seismic Toss|p2a: Hatterene\n|-damage|p2a: Hatterene|48\/100\n|move|p2a: Hatterene|Calm Mind|p2a: Hatterene\n|-boost|p2a: Hatterene|spa|1\n|-boost|p2a: Hatterene|spd|1\n|\n|-heal|p2a: Hatterene|54\/100|[from] item: Leftovers\n|upkeep\n|turn|37\n|\n|t:|1700322345\n|move|p1a: Blissey|Light Screen|p1a: Blissey\n|-sidestart|p1: bellenguer2|move: Light Screen\n|move|p2a: Hatterene|Draining Kiss|p1a: Blissey\n|-damage|p1a: Blissey|94\/100\n|-heal|p2a: Hatterene|65\/100|[from] drain|[of] p1a: Blissey\n|\n|-heal|p1a: Blissey|99\/100|[from] item: Leftovers\n|-heal|p2a: Hatterene|71\/100|[from] item: Leftovers\n|upkeep\n|turn|38\n|\n|t:|1700322354\n|move|p1a: Blissey|Seismic Toss|p2a: Hatterene\n|-damage|p2a: Hatterene|40\/100\n|move|p2a: Hatterene|Draining Kiss|p1a: Blissey\n|-damage|p1a: Blissey|94\/100\n|-heal|p2a: Hatterene|50\/100|[from] drain|[of] p1a: Blissey\n|\n|-heal|p1a: Blissey|99\/100|[from] item: Leftovers\n|-heal|p2a: Hatterene|56\/100|[from] item: Leftovers\n|upkeep\n|turn|39\n|-message|sempreqpeditutem forfeited.\n|\n|win|bellenguer2\n|raw|bellenguer2's rating: 1104 &rarr; <strong>1135<\/strong><br \/>(+31 for winning)\n|raw|sempreqpeditutem's rating: 1192 &rarr; <strong>1161<\/strong><br \/>(-31 for losing)\n|l|\u2606sempreqpeditutem\n","uploadtime":1700322361,"views":8,"p1id":"bellenguer2","p2id":"sempreqpeditutem","formatid":"gen9ou","rating":1135,"private":0,"password":""}