{"id":"gen9ou-1997084189","p1":"Vivilia7982","p2":"Bio_Hazz","format":"[Gen 9] OU","log":"|j|\u2606Vivilia7982\n|j|\u2606Bio_Hazz\n|t:|1700762872\n|gametype|singles\n|player|p1|Vivilia7982|backersf|\n|player|p2|Bio_Hazz|lucas|\n|teamsize|p1|6\n|teamsize|p2|6\n|gen|9\n|tier|[Gen 9] OU\n|rule|Sleep Clause Mod: Limit one foe put to sleep\n|rule|Species Clause: Limit one of each Pok\u00e9mon\n|rule|OHKO Clause: OHKO moves are banned\n|rule|Evasion Items Clause: Evasion items are banned\n|rule|Evasion Moves Clause: Evasion moves are banned\n|rule|Endless Battle Clause: Forcing endless battles is banned\n|rule|HP Percentage Mod: HP is shown in percentages\n|clearpoke\n|poke|p1|Torkoal, F|\n|poke|p1|Armarouge, F|\n|poke|p1|Lilligant-Hisui, F|\n|poke|p1|Victreebel, F|\n|poke|p1|Goodra-Hisui, F|\n|poke|p1|Alomomola, F|\n|poke|p2|Iron Valiant|\n|poke|p2|Dragapult, F|\n|poke|p2|Garganacl, M|\n|poke|p2|Scizor, F|\n|poke|p2|Cinderace, F|\n|poke|p2|Iron Moth|\n|teampreview\n|inactive|Battle timer is ON: inactive players will automatically lose when time's up. (requested by Vivilia7982)\n|c|\u2606Bio_Hazz|glhf\n|c|\u2606Bio_Hazz|round 2\n|c|\u2606Vivilia7982|Glhf\n|\n|t:|1700762894\n|start\n|switch|p1a: Torkoal|Torkoal, F|100\/100\n|switch|p2a: Iron Moth|Iron Moth|100\/100\n|-weather|SunnyDay|[from] ability: Drought|[of] p1a: Torkoal\n|turn|1\n|\n|t:|1700762904\n|switch|p1a: Goodra|Goodra-Hisui, F|100\/100\n|move|p2a: Iron Moth|Substitute|p2a: Iron Moth\n|-start|p2a: Iron Moth|Substitute\n|-damage|p2a: Iron Moth|76\/100\n|\n|-weather|SunnyDay|[upkeep]\n|-heal|p2a: Iron Moth|82\/100|[from] item: Black Sludge\n|upkeep\n|turn|2\n|\n|t:|1700762911\n|move|p2a: Iron Moth|Fiery Dance|p1a: Goodra\n|-damage|p1a: Goodra|66\/100\n|move|p1a: Goodra|Dragon Tail|p2a: Iron Moth|[miss]\n|-miss|p1a: Goodra|p2a: Iron Moth\n|\n|-weather|SunnyDay|[upkeep]\n|-heal|p2a: Iron Moth|88\/100|[from] item: Black Sludge\n|-heal|p1a: Goodra|72\/100|[from] item: Leftovers\n|upkeep\n|turn|3\n|c|\u2606Vivilia7982|Oh\n|\n|t:|1700762921\n|move|p2a: Iron Moth|Fiery Dance|p1a: Goodra\n|-damage|p1a: Goodra|37\/100\n|move|p1a: Goodra|Dragon Tail|p2a: Iron Moth\n|-end|p2a: Iron Moth|Substitute\n|\n|-weather|SunnyDay|[upkeep]\n|-heal|p2a: Iron Moth|94\/100|[from] item: Black Sludge\n|-heal|p1a: Goodra|43\/100|[from] item: Leftovers\n|upkeep\n|turn|4\n|c|\u2606Bio_Hazz|last time i was scarf for some reason\n|c|\u2606Bio_Hazz|thats why i had to swich\n|inactive|Vivilia7982 has 270 seconds left.\n|c|\u2606Vivilia7982|Ah\n|\n|t:|1700762971\n|move|p2a: Iron Moth|Substitute|p2a: Iron Moth\n|-start|p2a: Iron Moth|Substitute\n|-damage|p2a: Iron Moth|69\/100\n|move|p1a: Goodra|Draco Meteor|p2a: Iron Moth\n|-end|p2a: Iron Moth|Substitute\n|-unboost|p1a: Goodra|spa|2\n|\n|-weather|SunnyDay|[upkeep]\n|-heal|p2a: Iron Moth|75\/100|[from] item: Black Sludge\n|-heal|p1a: Goodra|49\/100|[from] item: Leftovers\n|upkeep\n|turn|5\n|\n|t:|1700762988\n|switch|p1a: Alomomola|Alomomola, F|100\/100\n|move|p2a: Iron Moth|Substitute|p2a: Iron Moth\n|-start|p2a: Iron Moth|Substitute\n|-damage|p2a: Iron Moth|50\/100\n|\n|-weather|SunnyDay|[upkeep]\n|-heal|p2a: Iron Moth|56\/100|[from] item: Black Sludge\n|upkeep\n|turn|6\n|\n|t:|1700762994\n|move|p2a: Iron Moth|Sludge Wave|p1a: Alomomola\n|-damage|p1a: Alomomola|33\/100\n|move|p1a: Alomomola|Flip Turn|p2a: Iron Moth\n|-supereffective|p2a: Iron Moth\n|-activate|p2a: Iron Moth|move: Substitute|[damage]\n|\n|t:|1700762999\n|switch|p1a: Goodra|Goodra-Hisui, F|49\/100|[from] Flip Turn\n|\n|-weather|SunnyDay|[upkeep]\n|-heal|p2a: Iron Moth|62\/100|[from] item: Black Sludge\n|-heal|p1a: Goodra|55\/100|[from] item: Leftovers\n|upkeep\n|turn|7\n|\n|t:|1700763003\n|move|p2a: Iron Moth|Fiery Dance|p1a: Goodra\n|-damage|p1a: Goodra|19\/100\n|-boost|p2a: Iron Moth|spa|1\n|move|p1a: Goodra|Dragon Tail|p2a: Iron Moth\n|-end|p2a: Iron Moth|Substitute\n|\n|-weather|SunnyDay|[upkeep]\n|-heal|p2a: Iron Moth|68\/100|[from] item: Black Sludge\n|-heal|p1a: Goodra|25\/100|[from] item: Leftovers\n|upkeep\n|turn|8\n|\n|t:|1700763010\n|move|p2a: Iron Moth|Substitute|p2a: Iron Moth\n|-start|p2a: Iron Moth|Substitute\n|-damage|p2a: Iron Moth|43\/100\n|move|p1a: Goodra|Draco Meteor|p2a: Iron Moth\n|-end|p2a: Iron Moth|Substitute\n|-unboost|p1a: Goodra|spa|2\n|\n|-weather|none\n|-heal|p2a: Iron Moth|49\/100|[from] item: Black Sludge\n|-heal|p1a: Goodra|31\/100|[from] item: Leftovers\n|upkeep\n|turn|9\n|\n|t:|1700763019\n|move|p2a: Iron Moth|Fiery Dance|p1a: Goodra\n|-damage|p1a: Goodra|0 fnt\n|faint|p1a: Goodra\n|\n|-heal|p2a: Iron Moth|55\/100|[from] item: Black Sludge\n|upkeep\n|\n|t:|1700763028\n|switch|p1a: Armarouge|Armarouge, F|100\/100\n|turn|10\n|\n|t:|1700763033\n|move|p1a: Armarouge|Psychic|p2a: Iron Moth\n|-supereffective|p2a: Iron Moth\n|-damage|p2a: Iron Moth|0 fnt\n|faint|p2a: Iron Moth\n|-end|p2a: Iron Moth|Quark Drive|[silent]\n|\n|upkeep\n|\n|t:|1700763053\n|switch|p2a: Scizor|Scizor, F|100\/100\n|turn|11\n|\n|t:|1700763061\n|switch|p1a: Torkoal|Torkoal, F|100\/100\n|-weather|SunnyDay|[from] ability: Drought|[of] p1a: Torkoal\n|switch|p2a: Garganacl|Garganacl, M|100\/100\n|\n|-weather|SunnyDay|[upkeep]\n|upkeep\n|turn|12\n|\n|t:|1700763068\n|move|p2a: Garganacl|Salt Cure|p1a: Torkoal\n|-supereffective|p1a: Torkoal\n|-damage|p1a: Torkoal|83\/100\n|-start|p1a: Torkoal|Salt Cure\n|move|p1a: Torkoal|Solar Beam||[still]\n|-prepare|p1a: Torkoal|Solar Beam\n|-anim|p1a: Torkoal|Solar Beam|p2a: Garganacl\n|-supereffective|p2a: Garganacl\n|-damage|p2a: Garganacl|54\/100\n|\n|-weather|SunnyDay|[upkeep]\n|-heal|p2a: Garganacl|60\/100|[from] item: Leftovers\n|-damage|p1a: Torkoal|71\/100|[from] Salt Cure\n|upkeep\n|turn|13\n|\n|t:|1700763079\n|switch|p1a: Victreebel|Victreebel, F|100\/100\n|move|p2a: Garganacl|Iron Defense|p2a: Garganacl\n|-boost|p2a: Garganacl|def|2\n|\n|-weather|SunnyDay|[upkeep]\n|-heal|p2a: Garganacl|66\/100|[from] item: Leftovers\n|upkeep\n|turn|14\n|c|\u2606Vivilia7982|That did less than i thought\n|c|\u2606Bio_Hazz|ye\n|\n|t:|1700763100\n|switch|p2a: Dragapult|Dragapult, F|100\/100\n|move|p1a: Victreebel|Solar Beam||[still]\n|-prepare|p1a: Victreebel|Solar Beam\n|-anim|p1a: Victreebel|Solar Beam|p2a: Dragapult\n|-resisted|p2a: Dragapult\n|-damage|p2a: Dragapult|51\/100\n|-damage|p1a: Victreebel|91\/100|[from] item: Life Orb\n|\n|-weather|SunnyDay|[upkeep]\n|upkeep\n|turn|15\n|\n|t:|1700763114\n|move|p1a: Victreebel|Solar Beam||[still]\n|-prepare|p1a: Victreebel|Solar Beam\n|-anim|p1a: Victreebel|Solar Beam|p2a: Dragapult\n|-resisted|p2a: Dragapult\n|-damage|p2a: Dragapult|5\/100\n|-damage|p1a: Victreebel|81\/100|[from] item: Life Orb\n|move|p2a: Dragapult|Draco Meteor|p1a: Victreebel|[miss]\n|-miss|p2a: Dragapult|p1a: Victreebel\n|\n|-weather|SunnyDay|[upkeep]\n|upkeep\n|turn|16\n|c|\u2606Vivilia7982|Omg\n|c|\u2606Bio_Hazz|bro my misses\n|c|\u2606Bio_Hazz|wait you scarfed on that?\n|inactive|Bio_Hazz has 270 seconds left.\n|c|\u2606Vivilia7982|Chlorophyll\n|c|\u2606Bio_Hazz|ah wait no\n|\n|t:|1700763144\n|move|p1a: Victreebel|Solar Beam||[still]\n|-prepare|p1a: Victreebel|Solar Beam\n|-anim|p1a: Victreebel|Solar Beam|p2a: Dragapult\n|-resisted|p2a: Dragapult\n|-damage|p2a: Dragapult|0 fnt\n|faint|p2a: Dragapult\n|-damage|p1a: Victreebel|71\/100|[from] item: Life Orb\n|\n|-weather|SunnyDay|[upkeep]\n|upkeep\n|inactive|Bio_Hazz has 270 seconds left.\n|\n|t:|1700763155\n|switch|p2a: Iron Valiant|Iron Valiant|100\/100\n|-enditem|p2a: Iron Valiant|Booster Energy\n|-activate|p2a: Iron Valiant|ability: Quark Drive|[fromitem]\n|-start|p2a: Iron Valiant|quarkdrivespe\n|turn|17\n|c|\u2606Bio_Hazz|that miss might have ruined me\n|inactive|Vivilia7982 has 270 seconds left.\n|inactive|Bio_Hazz has 270 seconds left.\n|\n|t:|1700763202\n|switch|p1a: Lilligant|Lilligant-Hisui, F|100\/100\n|move|p2a: Iron Valiant|Knock Off|p1a: Lilligant\n|-resisted|p1a: Lilligant\n|-crit|p1a: Lilligant\n|-damage|p1a: Lilligant|62\/100\n|-enditem|p1a: Lilligant|Choice Band|[from] move: Knock Off|[of] p2a: Iron Valiant\n|\n|-weather|SunnyDay|[upkeep]\n|upkeep\n|turn|18\n|\n|t:|1700763213\n|move|p1a: Lilligant|Solar Blade||[still]\n|-prepare|p1a: Lilligant|Solar Blade\n|-anim|p1a: Lilligant|Solar Blade|p2a: Iron Valiant\n|-damage|p2a: Iron Valiant|17\/100\n|move|p2a: Iron Valiant|Spirit Break|p1a: Lilligant\n|-supereffective|p1a: Lilligant\n|-damage|p1a: Lilligant|0 fnt\n|faint|p1a: Lilligant\n|\n|-weather|none\n|upkeep\n|\n|t:|1700763223\n|switch|p1a: Alomomola|Alomomola, F|66\/100\n|turn|19\n|\n|t:|1700763227\n|move|p2a: Iron Valiant|Close Combat|p1a: Alomomola\n|-damage|p1a: Alomomola|35\/100\n|-unboost|p2a: Iron Valiant|def|1\n|-unboost|p2a: Iron Valiant|spd|1\n|-damage|p2a: Iron Valiant|0 fnt|[from] item: Rocky Helmet|[of] p1a: Alomomola\n|faint|p2a: Iron Valiant\n|-end|p2a: Iron Valiant|Quark Drive|[silent]\n|move|p1a: Alomomola|Wish|p1a: Alomomola\n|\n|upkeep\n|\n|t:|1700763232\n|switch|p2a: Scizor|Scizor, F|100\/100\n|turn|20\n|\n|t:|1700763237\n|move|p1a: Alomomola|Scald|p2a: Scizor\n|-damage|p2a: Scizor|85\/100\n|move|p2a: Scizor|Swords Dance|p2a: Scizor\n|-boost|p2a: Scizor|atk|2\n|\n|-heal|p1a: Alomomola|85\/100|[from] move: Wish|[wisher] Alomomola\n|upkeep\n|turn|21\n|\n|t:|1700763241\n|move|p2a: Scizor|Swords Dance|p2a: Scizor\n|-boost|p2a: Scizor|atk|2\n|move|p1a: Alomomola|Scald|p2a: Scizor\n|-damage|p2a: Scizor|69\/100\n|\n|upkeep\n|turn|22\n|c|\u2606Vivilia7982|Damn\n|\n|t:|1700763257\n|move|p1a: Alomomola|Scald|p2a: Scizor\n|-damage|p2a: Scizor|53\/100\n|move|p2a: Scizor|Swords Dance|p2a: Scizor\n|-boost|p2a: Scizor|atk|2\n|\n|upkeep\n|turn|23\n|c|\u2606Vivilia7982|3 scalds no burn\n|\n|t:|1700763266\n|move|p2a: Scizor|Bug Bite|p1a: Alomomola\n|-damage|p1a: Alomomola|0 fnt\n|-damage|p2a: Scizor|36\/100|[from] item: Rocky Helmet|[of] p1a: Alomomola\n|faint|p1a: Alomomola\n|\n|upkeep\n|c|\u2606Bio_Hazz|ye a little unlucky\n|c|\u2606Bio_Hazz|but my misses make up for it\n|inactive|Vivilia7982 has 270 seconds left.\n|\n|t:|1700763286\n|switch|p1a: Armarouge|Armarouge, F|100\/100\n|turn|24\n|inactive|Vivilia7982 has 270 seconds left.\n|\n|t:|1700763305\n|-terastallize|p2a: Scizor|Steel\n|move|p2a: Scizor|Bullet Punch|p1a: Armarouge\n|-resisted|p1a: Armarouge\n|-damage|p1a: Armarouge|0 fnt\n|faint|p1a: Armarouge\n|\n|upkeep\n|c|\u2606Vivilia7982|Yeah gg\n|c|\u2606Bio_Hazz|prob\n|\n|t:|1700763323\n|switch|p1a: Torkoal|Torkoal, F|71\/100\n|-weather|SunnyDay|[from] ability: Drought|[of] p1a: Torkoal\n|turn|25\n|\n|t:|1700763325\n|move|p2a: Scizor|Dual Wingbeat|p1a: Torkoal\n|-damage|p1a: Torkoal|22\/100\n|-damage|p1a: Torkoal|0 fnt\n|faint|p1a: Torkoal\n|-hitcount|p1: Torkoal|2\n|\n|-weather|SunnyDay|[upkeep]\n|upkeep\n|\n|t:|1700763328\n|switch|p1a: Victreebel|Victreebel, F|71\/100\n|turn|26\n|\n|t:|1700763332\n|move|p2a: Scizor|Bullet Punch|p1a: Victreebel\n|-damage|p1a: Victreebel|0 fnt\n|faint|p1a: Victreebel\n|\n|win|Bio_Hazz\n|c|\u2606Bio_Hazz|gg\n|l|\u2606Vivilia7982\n","uploadtime":1700763359,"views":9,"p1id":"vivilia7982","p2id":"biohazz","formatid":"gen9ou","rating":0,"private":0,"password":""}