{"id":"gen9ou-1988711029","p1":"dreadway","p2":"Abracadaver","format":"[Gen 9] OU","log":"|j|\u2606dreadway\n|j|\u2606Abracadaver\n|t:|1699753551\n|gametype|singles\n|player|p1|dreadway|266|1396\n|player|p2|Abracadaver|1|1366\n|teamsize|p1|6\n|teamsize|p2|6\n|gen|9\n|tier|[Gen 9] OU\n|rated|\n|rule|Sleep Clause Mod: Limit one foe put to sleep\n|rule|Species Clause: Limit one of each Pok\u00e9mon\n|rule|OHKO Clause: OHKO moves are banned\n|rule|Evasion Items Clause: Evasion items are banned\n|rule|Evasion Moves Clause: Evasion moves are banned\n|rule|Endless Battle Clause: Forcing endless battles is banned\n|rule|HP Percentage Mod: HP is shown in percentages\n|clearpoke\n|poke|p1|Crawdaunt, M|\n|poke|p1|Iron Hands|\n|poke|p1|Zoroark-Hisui, F|\n|poke|p1|Iron Valiant|\n|poke|p1|Kingambit, M|\n|poke|p1|Iron Treads|\n|poke|p2|Dragonite, M|\n|poke|p2|Meowscarada, M|\n|poke|p2|Gliscor, F|\n|poke|p2|Umbreon, M|\n|poke|p2|Iron Moth|\n|poke|p2|Iron Valiant|\n|teampreview\n|inactive|Battle timer is ON: inactive players will automatically lose when time's up. (requested by Abracadaver)\n|\n|t:|1699753565\n|start\n|switch|p1a: Iron Hands|Iron Hands|100\/100\n|switch|p2a: Gliscor|Gliscor, F|100\/100\n|turn|1\n|\n|t:|1699753572\n|move|p1a: Iron Hands|Nasty Plot|p1a: Iron Hands\n|-boost|p1a: Iron Hands|spa|2\n|move|p2a: Gliscor|Toxic|p1a: Iron Hands|[miss]\n|-miss|p2a: Gliscor|p1a: Iron Hands\n|\n|-status|p2a: Gliscor|tox|[from] item: Toxic Orb\n|upkeep\n|turn|2\n|\n|t:|1699753581\n|switch|p2a: Umbreon|Umbreon, M, shiny|100\/100\n|move|p1a: Iron Hands|Shadow Ball|p2a: Umbreon\n|-resisted|p2a: Umbreon\n|-damage|p2a: Umbreon|80\/100\n|-unboost|p2a: Umbreon|spd|1\n|\n|-heal|p2a: Umbreon|86\/100|[from] item: Leftovers\n|upkeep\n|turn|3\n|\n|t:|1699753591\n|move|p1a: Iron Hands|Flamethrower|p2a: Umbreon\n|-damage|p2a: Umbreon|34\/100\n|move|p2a: Umbreon|Foul Play|p1a: Iron Hands\n|-supereffective|p1a: Iron Hands\n|-enditem|p1a: Iron Hands|Focus Sash\n|-damage|p1a: Iron Hands|1\/100\n|replace|p1a: Zoroark|Zoroark-Hisui, F\n|-end|p1a: Zoroark|Illusion\n|\n|-heal|p2a: Umbreon|40\/100|[from] item: Leftovers\n|upkeep\n|turn|4\n|\n|t:|1699753602\n|move|p2a: Umbreon|Protect|p2a: Umbreon\n|-singleturn|p2a: Umbreon|Protect\n|move|p1a: Zoroark|Flamethrower|p2a: Umbreon\n|-activate|p2a: Umbreon|move: Protect\n|\n|-heal|p2a: Umbreon|46\/100|[from] item: Leftovers\n|upkeep\n|turn|5\n|\n|t:|1699753610\n|move|p1a: Zoroark|Flamethrower|p2a: Umbreon\n|-crit|p2a: Umbreon\n|-damage|p2a: Umbreon|0 fnt\n|faint|p2a: Umbreon\n|\n|upkeep\n|inactive|Abracadaver has 120 seconds left.\n|\n|t:|1699753644\n|switch|p2a: Meowscarada|Meowscarada, M|100\/100\n|turn|6\n|inactive|Abracadaver has 120 seconds left.\n|c|\u2606Abracadaver|This game is pure s h i t\n|\n|t:|1699753658\n|move|p2a: Meowscarada|Knock Off|p1a: Zoroark\n|-start|p2a: Meowscarada|typechange|Dark|[from] ability: Protean\n|-supereffective|p1a: Zoroark\n|-damage|p1a: Zoroark|0 fnt\n|faint|p1a: Zoroark\n|\n|upkeep\n|\n|t:|1699753665\n|switch|p1a: Iron Valiant|Iron Valiant|100\/100\n|-enditem|p1a: Iron Valiant|Booster Energy\n|-activate|p1a: Iron Valiant|ability: Quark Drive|[fromitem]\n|-start|p1a: Iron Valiant|quarkdrivespe\n|turn|7\n|\n|t:|1699753678\n|switch|p2a: Dragonite|Dragonite, M|100\/100\n|move|p1a: Iron Valiant|Calm Mind|p1a: Iron Valiant\n|-boost|p1a: Iron Valiant|spa|1\n|-boost|p1a: Iron Valiant|spd|1\n|\n|upkeep\n|turn|8\n|\n|t:|1699753687\n|move|p1a: Iron Valiant|Moonblast|p2a: Dragonite\n|-supereffective|p2a: Dragonite\n|-crit|p2a: Dragonite\n|-damage|p2a: Dragonite|8\/100\n|-enditem|p2a: Dragonite|Weakness Policy\n|-boost|p2a: Dragonite|atk|2|[from] item: Weakness Policy\n|-boost|p2a: Dragonite|spa|2|[from] item: Weakness Policy\n|move|p2a: Dragonite|Dragon Dance|p2a: Dragonite\n|-boost|p2a: Dragonite|atk|1\n|-boost|p2a: Dragonite|spe|1\n|\n|upkeep\n|turn|9\n|\n|t:|1699753697\n|-terastallize|p2a: Dragonite|Normal\n|move|p2a: Dragonite|Extreme Speed|p1a: Iron Valiant\n|-damage|p1a: Iron Valiant|0 fnt\n|faint|p1a: Iron Valiant\n|-end|p1a: Iron Valiant|Quark Drive|[silent]\n|\n|upkeep\n|\n|t:|1699753705\n|switch|p1a: Kingambit|Kingambit, M|100\/100\n|-activate|p1a: Kingambit|ability: Supreme Overlord\n|-start|p1a: Kingambit|fallen2|[silent]\n|turn|10\n|c|\u2606Abracadaver|2 TWO fucking crits dude come on!!\n|\n|t:|1699753724\n|move|p2a: Dragonite|Extreme Speed|p1a: Kingambit\n|-resisted|p1a: Kingambit\n|-damage|p1a: Kingambit|56\/100\n|move|p1a: Kingambit|Sucker Punch||[still]\n|-fail|p1a: Kingambit\n|\n|-heal|p1a: Kingambit|62\/100|[from] item: Leftovers\n|upkeep\n|turn|11\n|\n|t:|1699753739\n|move|p2a: Dragonite|Earthquake|p1a: Kingambit\n|-supereffective|p1a: Kingambit\n|-damage|p1a: Kingambit|0 fnt\n|faint|p1a: Kingambit\n|-end|p1a: Kingambit|fallen2|[silent]\n|\n|upkeep\n|\n|t:|1699753742\n|switch|p1a: Crawdaunt|Crawdaunt, M|100\/100\n|turn|12\n|\n|t:|1699753747\n|move|p2a: Dragonite|Extreme Speed|p1a: Crawdaunt\n|-damage|p1a: Crawdaunt|0 fnt\n|faint|p1a: Crawdaunt\n|\n|upkeep\n|\n|t:|1699753750\n|switch|p1a: Iron Hands|Iron Hands|100\/100\n|turn|13\n|\n|t:|1699753754\n|move|p2a: Dragonite|Earthquake|p1a: Iron Hands\n|-supereffective|p1a: Iron Hands\n|-damage|p1a: Iron Hands|0 fnt\n|faint|p1a: Iron Hands\n|-end|p1a: Iron Hands|Quark Drive|[silent]\n|\n|upkeep\n|\n|t:|1699753756\n|switch|p1a: Iron Treads|Iron Treads|100\/100\n|turn|14\n|\n|t:|1699753762\n|move|p1a: Iron Treads|Rapid Spin|p2a: Dragonite\n|-damage|p2a: Dragonite|0 fnt\n|-boost|p1a: Iron Treads|spe|1\n|faint|p2a: Dragonite\n|\n|upkeep\n|\n|t:|1699753770\n|switch|p2a: Gliscor|Gliscor, F|100\/100 tox\n|turn|15\n|\n|t:|1699753774\n|move|p1a: Iron Treads|Ice Spinner|p2a: Gliscor\n|-supereffective|p2a: Gliscor\n|-damage|p2a: Gliscor|33\/100 tox\n|move|p2a: Gliscor|Earthquake|p1a: Iron Treads\n|-supereffective|p1a: Iron Treads\n|-damage|p1a: Iron Treads|43\/100\n|\n|-heal|p1a: Iron Treads|49\/100|[from] item: Leftovers\n|-heal|p2a: Gliscor|45\/100 tox|[from] ability: Poison Heal\n|upkeep\n|turn|16\n|c|\u2606dreadway|gg\n|inactive|Abracadaver has 120 seconds left.\n|\n|t:|1699753813\n|move|p1a: Iron Treads|Ice Spinner|p2a: Gliscor\n|-supereffective|p2a: Gliscor\n|-damage|p2a: Gliscor|0 fnt\n|faint|p2a: Gliscor\n|\n|-heal|p1a: Iron Treads|55\/100|[from] item: Leftovers\n|upkeep\n|\n|t:|1699753826\n|switch|p2a: Iron Moth|Iron Moth|100\/100\n|-enditem|p2a: Iron Moth|Booster Energy\n|-activate|p2a: Iron Moth|ability: Quark Drive|[fromitem]\n|-start|p2a: Iron Moth|quarkdrivespa\n|turn|17\n|\n|t:|1699753832\n|-terastallize|p1a: Iron Treads|Ground\n|move|p1a: Iron Treads|Earthquake|p2a: Iron Moth\n|-supereffective|p2a: Iron Moth\n|-damage|p2a: Iron Moth|0 fnt\n|faint|p2a: Iron Moth\n|-end|p2a: Iron Moth|Quark Drive|[silent]\n|\n|-heal|p1a: Iron Treads|61\/100|[from] item: Leftovers\n|upkeep\n|\n|t:|1699753842\n|switch|p2a: Meowscarada|Meowscarada, M|100\/100\n|turn|18\n|\n|t:|1699753846\n|move|p1a: Iron Treads|Ice Spinner|p2a: Meowscarada\n|-supereffective|p2a: Meowscarada\n|-damage|p2a: Meowscarada|21\/100\n|move|p2a: Meowscarada|Flower Trick|p1a: Iron Treads\n|-start|p2a: Meowscarada|typechange|Grass|[from] ability: Protean\n|-supereffective|p1a: Iron Treads\n|-crit|p1a: Iron Treads\n|-damage|p1a: Iron Treads|0 fnt\n|faint|p1a: Iron Treads\n|-end|p1a: Iron Treads|Quark Drive|[silent]\n|\n|win|Abracadaver\n|raw|dreadway's rating: 1417 &rarr; <strong>1394<\/strong><br \/>(-23 for losing)\n|raw|Abracadaver's rating: 1366 &rarr; <strong>1389<\/strong><br \/>(+23 for winning)\n","uploadtime":1699753656,"views":8,"p1id":"dreadway","p2id":"abracadaver","formatid":"gen9ou","rating":1389,"private":0,"password":""}