{"id":"gen9ou-1993630381","p1":"ApplinFan773","p2":"MimitheBunnyRabbit","format":"[Gen 9] OU","log":"|j|\u2606ApplinFan773\n|j|\u2606MimitheBunnyRabbit\n|t:|1700339393\n|gametype|singles\n|player|p1|ApplinFan773|cilan|\n|player|p2|MimitheBunnyRabbit|shauntal|\n|teamsize|p1|6\n|teamsize|p2|6\n|gen|9\n|tier|[Gen 9] OU\n|rule|Sleep Clause Mod: Limit one foe put to sleep\n|rule|Species Clause: Limit one of each Pok\u00e9mon\n|rule|OHKO Clause: OHKO moves are banned\n|rule|Evasion Items Clause: Evasion items are banned\n|rule|Evasion Moves Clause: Evasion moves are banned\n|rule|Endless Battle Clause: Forcing endless battles is banned\n|rule|HP Percentage Mod: HP is shown in percentages\n|clearpoke\n|poke|p1|Torterra, M|\n|poke|p1|Rillaboom, M|\n|poke|p1|Dragapult, F|\n|poke|p1|Kingambit, M|\n|poke|p1|Sinistcha|\n|poke|p1|Chandelure, F|\n|poke|p2|Gyarados, M|\n|poke|p2|Clodsire, M|\n|poke|p2|Lucario, M|\n|poke|p2|Greedent, F|\n|poke|p2|Vikavolt, M|\n|poke|p2|Mandibuzz, F|\n|teampreview\n|inactive|Battle timer is ON: inactive players will automatically lose when time's up. (requested by ApplinFan773)\n|c|\u2606ApplinFan773|Glhf!\n|c|\u2606ApplinFan773|We can do round 2 in vgc reg e\n|c|\u2606MimitheBunnyRabbit|Glhf!\n|\n|t:|1700339418\n|start\n|switch|p1a: Amelia|Dragapult, F, shiny|100\/100\n|switch|p2a: ZipZapZop|Vikavolt, M|100\/100\n|turn|1\n|c|\u2606MimitheBunnyRabbit|In what???\n|\n|t:|1700339443\n|move|p1a: Amelia|Flamethrower|p2a: ZipZapZop\n|-supereffective|p2a: ZipZapZop\n|-damage|p2a: ZipZapZop|0 fnt\n|faint|p2a: ZipZapZop\n|\n|upkeep\n|\n|t:|1700339451\n|switch|p2a: Yzma|Mandibuzz, F|100\/100\n|turn|2\n|\n|t:|1700339462\n|switch|p1a: DeVante|Kingambit, M, shiny|100\/100\n|move|p2a: Yzma|Tailwind|p2a: Yzma\n|-sidestart|p2: MimitheBunnyRabbit|move: Tailwind\n|\n|upkeep\n|turn|3\n|\n|t:|1700339469\n|move|p2a: Yzma|U-turn|p1a: DeVante\n|-damage|p1a: DeVante|91\/100\n|\n|t:|1700339473\n|switch|p2a: TheBoi|Clodsire, M|100\/100|[from] U-turn\n|move|p1a: DeVante|Swords Dance|p1a: DeVante\n|-boost|p1a: DeVante|atk|2\n|\n|upkeep\n|turn|4\n|\n|t:|1700339486\n|move|p2a: TheBoi|Curse|p2a: TheBoi\n|-unboost|p2a: TheBoi|spe|1\n|-boost|p2a: TheBoi|atk|1\n|-boost|p2a: TheBoi|def|1\n|move|p1a: DeVante|Kowtow Cleave|p2a: TheBoi\n|-damage|p2a: TheBoi|19\/100\n|\n|-heal|p2a: TheBoi|25\/100|[from] item: Leftovers\n|upkeep\n|turn|5\n|\n|t:|1700339498\n|move|p1a: DeVante|Kowtow Cleave|p2a: TheBoi\n|-damage|p2a: TheBoi|0 fnt\n|faint|p2a: TheBoi\n|\n|-sideend|p2: MimitheBunnyRabbit|move: Tailwind\n|upkeep\n|\n|t:|1700339505\n|switch|p2a: Goku|Lucario, M|100\/100\n|turn|6\n|c|\u2606ApplinFan773|The format i mean\n|c|\u2606MimitheBunnyRabbit|Oh\n|c|\u2606ApplinFan773|Actually doubles OU would probably be easier\n|\n|t:|1700339531\n|move|p2a: Goku|Swords Dance|p2a: Goku\n|-boost|p2a: Goku|atk|2\n|move|p1a: DeVante|Kowtow Cleave|p2a: Goku\n|-resisted|p2a: Goku\n|-damage|p2a: Goku|2\/100\n|\n|upkeep\n|turn|7\n|c|\u2606MimitheBunnyRabbit|Yeah probably\n|c|\u2606ApplinFan773|Oh my god kingambit is nuts\n|inactive|ApplinFan773 has 270 seconds left.\n|\n|t:|1700339548\n|move|p1a: DeVante|Sucker Punch|p2a: Goku\n|-resisted|p2a: Goku\n|-damage|p2a: Goku|0 fnt\n|faint|p2a: Goku\n|\n|upkeep\n|c|\u2606MimitheBunnyRabbit|U sure it isn't banned?\n|\n|t:|1700339567\n|switch|p2a: Sandy|Greedent, F, shiny|100\/100\n|turn|8\n|c|\u2606ApplinFan773|Nah guzma just banned supreme overlord\n|c|\u2606MimitheBunnyRabbit|Ah ok\n|inactive|ApplinFan773 has 270 seconds left.\n|c|\u2606ApplinFan773|Might have to ban kingambit too \ud83d\udc80\n|\n|t:|1700339595\n|move|p1a: DeVante|Kowtow Cleave|p2a: Sandy\n|-damage|p2a: Sandy|8\/100\n|-enditem|p2a: Sandy|Sitrus Berry|[eat]\n|-heal|p2a: Sandy|33\/100|[from] item: Sitrus Berry\n|-heal|p2a: Sandy|66\/100|[from] ability: Cheek Pouch\n|move|p2a: Sandy|Earthquake|p1a: DeVante\n|-supereffective|p1a: DeVante\n|-damage|p1a: DeVante|48\/100\n|\n|upkeep\n|turn|9\n|c|\u2606MimitheBunnyRabbit|Yeah fr I'm just getting cooked\n|\n|t:|1700339611\n|move|p1a: DeVante|Kowtow Cleave|p2a: Sandy\n|-damage|p2a: Sandy|0 fnt\n|faint|p2a: Sandy\n|\n|upkeep\n|\n|t:|1700339617\n|switch|p2a: Yzma|Mandibuzz, F|100\/100\n|turn|10\n|inactive|ApplinFan773 has 270 seconds left.\n|c|\u2606ApplinFan773|No wonder people complain about this guy\n|\n|t:|1700339632\n|move|p2a: Yzma|Foul Play|p1a: DeVante\n|-resisted|p1a: DeVante\n|-damage|p1a: DeVante|9\/100\n|move|p1a: DeVante|Kowtow Cleave|p2a: Yzma\n|-resisted|p2a: Yzma\n|-damage|p2a: Yzma|66\/100\n|-enditem|p2a: Yzma|Red Card|[of] p1a: DeVante\n|drag|p1a: Hector|Rillaboom, M|100\/100\n|-fieldstart|move: Grassy Terrain|[from] ability: Grassy Surge|[of] p1a: Hector\n|\n|upkeep\n|turn|11\n|inactive|ApplinFan773 has 270 seconds left.\n|\n|t:|1700339647\n|move|p1a: Hector|U-turn|p2a: Yzma\n|-damage|p2a: Yzma|46\/100\n|\n|t:|1700339650\n|switch|p1a: Vincent|Torterra, M, shiny|100\/100|[from] U-turn\n|move|p2a: Yzma|Tailwind|p2a: Yzma\n|-sidestart|p2: MimitheBunnyRabbit|move: Tailwind\n|\n|upkeep\n|turn|12\n|\n|t:|1700339662\n|-terastallize|p1a: Vincent|Rock\n|move|p2a: Yzma|U-turn|p1a: Vincent\n|-damage|p1a: Vincent|88\/100\n|\n|t:|1700339667\n|switch|p2a: L\u00e9viator|Gyarados, M|100\/100|[from] U-turn\n|-ability|p2a: L\u00e9viator|Intimidate|boost\n|-unboost|p1a: Vincent|atk|1\n|move|p1a: Vincent|Shell Smash|p1a: Vincent\n|-unboost|p1a: Vincent|def|1\n|-unboost|p1a: Vincent|spd|1\n|-boost|p1a: Vincent|atk|2\n|-boost|p1a: Vincent|spa|2\n|-boost|p1a: Vincent|spe|2\n|\n|-heal|p1a: Vincent|94\/100|[from] Grassy Terrain\n|upkeep\n|turn|13\n|\n|t:|1700339682\n|move|p2a: L\u00e9viator|Waterfall|p1a: Vincent\n|-supereffective|p1a: Vincent\n|-damage|p1a: Vincent|0 fnt\n|faint|p1a: Vincent\n|\n|upkeep\n|c|\u2606ApplinFan773|NOOOOOOO\n|inactive|ApplinFan773 has 270 seconds left.\n|c|\u2606MimitheBunnyRabbit|YES\n|\n|t:|1700339696\n|switch|p1a: Mauteh|Sinistcha, shiny|100\/100\n|turn|14\n|c|\u2606MimitheBunnyRabbit|STILL FASTER\n|\n|t:|1700339703\n|move|p2a: L\u00e9viator|Dragon Dance|p2a: L\u00e9viator\n|-boost|p2a: L\u00e9viator|atk|1\n|-boost|p2a: L\u00e9viator|spe|1\n|move|p1a: Mauteh|Calm Mind|p1a: Mauteh\n|-boost|p1a: Mauteh|spa|1\n|-boost|p1a: Mauteh|spd|1\n|\n|-sideend|p2: MimitheBunnyRabbit|move: Tailwind\n|-fieldend|move: Grassy Terrain\n|upkeep\n|turn|15\n|\n|t:|1700339715\n|move|p2a: L\u00e9viator|Waterfall|p1a: Mauteh\n|-resisted|p1a: Mauteh\n|-damage|p1a: Mauteh|70\/100\n|cant|p1a: Mauteh|flinch\n|\n|-heal|p1a: Mauteh|76\/100|[from] item: Leftovers\n|upkeep\n|turn|16\n|c|\u2606ApplinFan773|RIGGEDDDD\n|\n|t:|1700339727\n|move|p2a: L\u00e9viator|Waterfall|p1a: Mauteh\n|-resisted|p1a: Mauteh\n|-damage|p1a: Mauteh|46\/100\n|move|p1a: Mauteh|Matcha Gotcha|p2a: L\u00e9viator\n|-damage|p2a: L\u00e9viator|36\/100\n|-heal|p1a: Mauteh|77\/100|[from] drain|[of] p2a: L\u00e9viator\n|-status|p2a: L\u00e9viator|brn\n|-enditem|p2a: L\u00e9viator|Lum Berry|[eat]\n|-curestatus|p2a: L\u00e9viator|brn|[msg]\n|\n|-heal|p1a: Mauteh|83\/100|[from] item: Leftovers\n|upkeep\n|turn|17\n|c|\u2606ApplinFan773|WHATTTT\n|\n|t:|1700339743\n|-terastallize|p2a: L\u00e9viator|Rock\n|move|p2a: L\u00e9viator|Tera Blast|p1a: Mauteh|[anim] Tera Blast Rock\n|-damage|p1a: Mauteh|22\/100\n|move|p1a: Mauteh|Matcha Gotcha|p2a: L\u00e9viator\n|-supereffective|p2a: L\u00e9viator\n|-damage|p2a: L\u00e9viator|0 fnt\n|-heal|p1a: Mauteh|39\/100|[from] drain|[of] p2a: L\u00e9viator\n|faint|p2a: L\u00e9viator\n|\n|-heal|p1a: Mauteh|45\/100|[from] item: Leftovers\n|upkeep\n|c|\u2606MimitheBunnyRabbit|noooooooo\n|\n|t:|1700339762\n|switch|p2a: Yzma|Mandibuzz, F|46\/100\n|turn|18\n|inactive|ApplinFan773 has 270 seconds left.\n|\n|t:|1700339797\n|move|p2a: Yzma|Foul Play|p1a: Mauteh\n|-supereffective|p1a: Mauteh\n|-damage|p1a: Mauteh|14\/100\n|move|p1a: Mauteh|Scald|p2a: Yzma\n|-damage|p2a: Yzma|9\/100\n|-status|p2a: Yzma|brn\n|\n|-heal|p1a: Mauteh|20\/100|[from] item: Leftovers\n|-damage|p2a: Yzma|2\/100 brn|[from] brn\n|upkeep\n|turn|19\n|\n|t:|1700339810\n|move|p2a: Yzma|Foul Play|p1a: Mauteh\n|-supereffective|p1a: Mauteh\n|-damage|p1a: Mauteh|7\/100\n|move|p1a: Mauteh|Scald|p2a: Yzma\n|-crit|p2a: Yzma\n|-damage|p2a: Yzma|0 fnt\n|faint|p2a: Yzma\n|\n|win|ApplinFan773\n|c|\u2606MimitheBunnyRabbit|dammit, gg\n|c|\u2606ApplinFan773|Okay yeah im not using kingambit anymore \ud83d\udc80\n|c|\u2606ApplinFan773|gg!\n","uploadtime":1700339843,"views":12,"p1id":"applinfan773","p2id":"mimithebunnyrabbit","formatid":"gen9ou","rating":0,"private":0,"password":""}