{"id":"gen9ou-1994197519","p1":"GamerSwag1337","p2":"Kaos320","format":"[Gen 9] OU","log":"|j|\u2606GamerSwag1337\n|j|\u2606Kaos320\n|t:|1700417890\n|gametype|singles\n|player|p1|GamerSwag1337|pokekid|1273\n|player|p2|Kaos320|1|1361\n|teamsize|p1|6\n|teamsize|p2|6\n|gen|9\n|tier|[Gen 9] OU\n|rated|\n|rule|Sleep Clause Mod: Limit one foe put to sleep\n|rule|Species Clause: Limit one of each Pok\u00e9mon\n|rule|OHKO Clause: OHKO moves are banned\n|rule|Evasion Items Clause: Evasion items are banned\n|rule|Evasion Moves Clause: Evasion moves are banned\n|rule|Endless Battle Clause: Forcing endless battles is banned\n|rule|HP Percentage Mod: HP is shown in percentages\n|clearpoke\n|poke|p1|Iron Valiant|\n|poke|p1|Ribombee, F|\n|poke|p1|Gholdengo|\n|poke|p1|Kingambit, M|\n|poke|p1|Great Tusk|\n|poke|p1|Iron Moth|\n|poke|p2|Cinderace, F|\n|poke|p2|Ninetales-Alola, F|\n|poke|p2|Zapdos|\n|poke|p2|Kleavor, F|\n|poke|p2|Goodra-Hisui, F|\n|poke|p2|Ogerpon-Wellspring, F|\n|teampreview\n|inactive|Battle timer is ON: inactive players will automatically lose when time's up. (requested by GamerSwag1337)\n|\n|t:|1700417908\n|start\n|switch|p1a: Evil sinner|Ribombee, F|100\/100\n|switch|p2a: Kleavor|Kleavor, F|100\/100\n|turn|1\n|\n|t:|1700417919\n|move|p1a: Evil sinner|Sticky Web|p2a: Kleavor\n|-sidestart|p2: Kaos320|move: Sticky Web\n|move|p2a: Kleavor|U-turn|p1a: Evil sinner\n|-resisted|p1a: Evil sinner\n|-damage|p1a: Evil sinner|53\/100\n|\n|t:|1700417927\n|switch|p2a: Zapdos|Zapdos|100\/100|[from] U-turn\n|\n|upkeep\n|turn|2\n|\n|t:|1700417932\n|move|p2a: Zapdos|Volt Switch|p1a: Evil sinner\n|-damage|p1a: Evil sinner|3\/100\n|\n|t:|1700417955\n|switch|p2a: Cinderace|Cinderace, F|100\/100|[from] Volt Switch\n|move|p1a: Evil sinner|Stun Spore|p2a: Cinderace\n|-status|p2a: Cinderace|par\n|\n|upkeep\n|turn|3\n|\n|t:|1700417971\n|move|p1a: Evil sinner|Moonblast|p2a: Cinderace\n|-resisted|p2a: Cinderace\n|-crit|p2a: Cinderace\n|-damage|p2a: Cinderace|68\/100 par\n|-unboost|p2a: Cinderace|spa|1\n|cant|p2a: Cinderace|par\n|\n|upkeep\n|turn|4\n|\n|t:|1700417978\n|move|p1a: Evil sinner|Moonblast|p2a: Cinderace\n|-resisted|p2a: Cinderace\n|-damage|p2a: Cinderace|45\/100 par\n|move|p2a: Cinderace|Court Change|p2a: Cinderace\n|-start|p2a: Cinderace|typechange|Normal|[from] ability: Libero\n|-swapsideconditions\n|-activate|p2a: Cinderace|move: Court Change\n|\n|upkeep\n|turn|5\n|\n|t:|1700417984\n|move|p1a: Evil sinner|Sticky Web|p2a: Cinderace\n|-sidestart|p2: Kaos320|move: Sticky Web\n|move|p2a: Cinderace|U-turn|p1a: Evil sinner\n|-resisted|p1a: Evil sinner\n|-damage|p1a: Evil sinner|0 fnt\n|faint|p1a: Evil sinner\n|inactive|Kaos320 has 120 seconds left.\n|\n|t:|1700418026\n|switch|p2a: Kleavor|Kleavor, F|100\/100|[from] U-turn\n|-activate|p2a: Kleavor|move: Sticky Web\n|-unboost|p2a: Kleavor|spe|1\n|\n|upkeep\n|\n|t:|1700418037\n|switch|p1a: HO is fun|Iron Valiant|100\/100\n|-activate|p1a: HO is fun|move: Sticky Web\n|-unboost|p1a: HO is fun|spe|1\n|-enditem|p1a: HO is fun|Booster Energy\n|-activate|p1a: HO is fun|ability: Quark Drive|[fromitem]\n|-start|p1a: HO is fun|quarkdriveatk\n|turn|6\n|\n|t:|1700418053\n|move|p1a: HO is fun|Close Combat|p2a: Kleavor\n|-damage|p2a: Kleavor|0 fnt\n|-unboost|p1a: HO is fun|def|1\n|-unboost|p1a: HO is fun|spd|1\n|faint|p2a: Kleavor\n|\n|upkeep\n|inactive|Kaos320 has 90 seconds left.\n|\n|t:|1700418083\n|switch|p2a: Zapdos|Zapdos|100\/100\n|turn|7\n|inactive|Kaos320 has 90 seconds left.\n|inactive|GamerSwag1337 has 120 seconds left.\n|\n|t:|1700418125\n|move|p2a: Zapdos|Hurricane|p1a: HO is fun\n|-supereffective|p1a: HO is fun\n|-damage|p1a: HO is fun|0 fnt\n|faint|p1a: HO is fun\n|-end|p1a: HO is fun|Quark Drive|[silent]\n|\n|upkeep\n|\n|t:|1700418132\n|switch|p1a: Chris Cristy|Iron Moth|100\/100\n|-activate|p1a: Chris Cristy|move: Sticky Web\n|-unboost|p1a: Chris Cristy|spe|1\n|-enditem|p1a: Chris Cristy|Booster Energy\n|-activate|p1a: Chris Cristy|ability: Quark Drive|[fromitem]\n|-start|p1a: Chris Cristy|quarkdrivespa\n|turn|8\n|inactive|Kaos320 has 90 seconds left.\n|\n|t:|1700418143\n|move|p2a: Zapdos|Hurricane|p1a: Chris Cristy\n|-damage|p1a: Chris Cristy|45\/100\n|move|p1a: Chris Cristy|Fiery Dance|p2a: Zapdos\n|-damage|p2a: Zapdos|32\/100\n|\n|upkeep\n|turn|9\n|\n|t:|1700418152\n|move|p2a: Zapdos|Hurricane|p1a: Chris Cristy\n|-damage|p1a: Chris Cristy|0 fnt\n|faint|p1a: Chris Cristy\n|-end|p1a: Chris Cristy|Quark Drive|[silent]\n|\n|upkeep\n|\n|t:|1700418156\n|switch|p1a: Fart Tusk|Great Tusk|100\/100\n|-activate|p1a: Fart Tusk|move: Sticky Web\n|-unboost|p1a: Fart Tusk|spe|1\n|-enditem|p1a: Fart Tusk|Booster Energy\n|-activate|p1a: Fart Tusk|ability: Protosynthesis|[fromitem]\n|-start|p1a: Fart Tusk|protosynthesisatk\n|turn|10\n|\n|t:|1700418163\n|move|p2a: Zapdos|Hurricane|p1a: Fart Tusk\n|-supereffective|p1a: Fart Tusk\n|-damage|p1a: Fart Tusk|0 fnt\n|faint|p1a: Fart Tusk\n|-end|p1a: Fart Tusk|Protosynthesis|[silent]\n|\n|upkeep\n|c|\u2606GamerSwag1337|4 hits in a row\n|c|\u2606GamerSwag1337|it must be Christmas for you\n|\n|t:|1700418188\n|switch|p1a: Gamefreaks Mistake|Gholdengo|100\/100\n|-item|p1a: Gamefreaks Mistake|Air Balloon\n|turn|11\n|c|\u2606Kaos320|ofc i have been lucky this time XDD\n|c|\u2606GamerSwag1337|Yeah lol\n|inactive|Kaos320 has 90 seconds left.\n|c|\u2606Kaos320|but your balsy to put great tusk on a hurrican as well XDd\n|c|\u2606GamerSwag1337|its apart of the game I hit a 10% para to win a game earlier\n|c|\u2606Kaos320|yep XDD\n|inactive|Kaos320 has 60 seconds left.\n|c|\u2606Kaos320|a 10% burn on my ass the last one for me\n|\n|t:|1700418254\n|switch|p2a: Goodra|Goodra-Hisui, F|100\/100\n|-activate|p2a: Goodra|move: Sticky Web\n|-unboost|p2a: Goodra|spe|1\n|move|p1a: Gamefreaks Mistake|Nasty Plot|p1a: Gamefreaks Mistake\n|-boost|p1a: Gamefreaks Mistake|spa|2\n|\n|upkeep\n|turn|12\n|inactive|Kaos320 has 60 seconds left.\n|inactive|GamerSwag1337 has 120 seconds left.\n|\n|t:|1700418276\n|move|p1a: Gamefreaks Mistake|Shadow Ball|p2a: Goodra\n|-damage|p2a: Goodra|60\/100\n|move|p2a: Goodra|Fire Blast|p1a: Gamefreaks Mistake\n|-supereffective|p1a: Gamefreaks Mistake\n|-damage|p1a: Gamefreaks Mistake|13\/100\n|-enditem|p1a: Gamefreaks Mistake|Air Balloon\n|\n|upkeep\n|turn|13\n|\n|t:|1700418284\n|move|p1a: Gamefreaks Mistake|Shadow Ball|p2a: Goodra\n|-crit|p2a: Goodra\n|-damage|p2a: Goodra|2\/100\n|move|p2a: Goodra|Earthquake|p1a: Gamefreaks Mistake\n|-supereffective|p1a: Gamefreaks Mistake\n|-damage|p1a: Gamefreaks Mistake|0 fnt\n|faint|p1a: Gamefreaks Mistake\n|\n|upkeep\n|\n|t:|1700418290\n|switch|p1a: The other mistake|Kingambit, M|100\/100\n|-activate|p1a: The other mistake|move: Sticky Web\n|-unboost|p1a: The other mistake|spe|1\n|-activate|p1a: The other mistake|ability: Supreme Overlord\n|-start|p1a: The other mistake|fallen5|[silent]\n|turn|14\n|\n|t:|1700418301\n|-terastallize|p1a: The other mistake|Dark\n|move|p2a: Goodra|Fire Blast|p1a: The other mistake|[miss]\n|-miss|p2a: Goodra|p1a: The other mistake\n|move|p1a: The other mistake|Swords Dance|p1a: The other mistake\n|-boost|p1a: The other mistake|atk|2\n|\n|upkeep\n|turn|15\n|\n|t:|1700418310\n|move|p2a: Goodra|Draco Meteor|p1a: The other mistake|[miss]\n|-miss|p2a: Goodra|p1a: The other mistake\n|move|p1a: The other mistake|Low Kick|p2a: Goodra\n|-supereffective|p2a: Goodra\n|-damage|p2a: Goodra|0 fnt\n|faint|p2a: Goodra\n|\n|upkeep\n|c|\u2606GamerSwag1337|Wow\n|c|\u2606Kaos320|XDDD\n|inactive|Kaos320 has 60 seconds left.\n|\n|t:|1700418357\n|switch|p2a: Zapdos|Zapdos|32\/100\n|turn|16\n|\n|t:|1700418365\n|move|p1a: The other mistake|Sucker Punch|p2a: Zapdos\n|-damage|p2a: Zapdos|0 fnt\n|faint|p2a: Zapdos\n|\n|upkeep\n|\n|t:|1700418370\n|switch|p2a: Ogerpon|Ogerpon-Wellspring, F|100\/100\n|-activate|p2a: Ogerpon|move: Sticky Web\n|-unboost|p2a: Ogerpon|spe|1\n|turn|17\n|\n|t:|1700418386\n|-terastallize|p2a: Ogerpon|Water\n|detailschange|p2a: Ogerpon|Ogerpon-Wellspring-Tera, F, tera:Water\n|-ability|p2a: Ogerpon|Embody Aspect (Wellspring)|boost\n|-boost|p2a: Ogerpon|spd|1\n|move|p1a: The other mistake|Sucker Punch||[still]\n|-fail|p1a: The other mistake\n|move|p2a: Ogerpon|Taunt|p1a: The other mistake\n|-start|p1a: The other mistake|move: Taunt\n|\n|upkeep\n|turn|18\n|\n|t:|1700418400\n|move|p1a: The other mistake|Sucker Punch|p2a: Ogerpon\n|-damage|p2a: Ogerpon|0 fnt\n|faint|p2a: Ogerpon\n|\n|upkeep\n|\n|t:|1700418409\n|switch|p2a: Cinderace|Cinderace, F|45\/100 par\n|turn|19\n|\n|t:|1700418417\n|cant|p2a: Cinderace|par\n|move|p1a: The other mistake|Low Kick|p2a: Cinderace\n|-damage|p2a: Cinderace|0 fnt\n|faint|p2a: Cinderace\n|\n|upkeep\n|\n|t:|1700418422\n|switch|p2a: Ninetales|Ninetales-Alola, F|100\/100\n|-activate|p2a: Ninetales|move: Sticky Web\n|-unboost|p2a: Ninetales|spe|1\n|-weather|Snow|[from] ability: Snow Warning|[of] p2a: Ninetales\n|turn|20\n|\n|t:|1700418427\n|move|p2a: Ninetales|Moonblast|p1a: The other mistake\n|-supereffective|p1a: The other mistake\n|-damage|p1a: The other mistake|2\/100\n|-unboost|p1a: The other mistake|spa|1\n|move|p1a: The other mistake|Iron Head|p2a: Ninetales\n|-supereffective|p2a: Ninetales\n|-damage|p2a: Ninetales|0 fnt\n|faint|p2a: Ninetales\n|\n|win|GamerSwag1337\n|raw|GamerSwag1337's rating: 1273 &rarr; <strong>1304<\/strong><br \/>(+31 for winning)\n|raw|Kaos320's rating: 1361 &rarr; <strong>1336<\/strong><br \/>(-25 for losing)\n|c|\u2606GamerSwag1337|Ggwp\n|c|\u2606Kaos320|wtf Oo XDD\n|c|\u2606Kaos320|gg ^^\n|l|\u2606Kaos320\n","uploadtime":1700418672,"views":14,"p1id":"gamerswag1337","p2id":"kaos320","formatid":"gen9ou","rating":1304,"private":0,"password":""}