{"id":"gen9ou-1994494116","p1":"gcy9","p2":"lord noobio","format":"[Gen 9] OU","log":"|j|\u2606gcy9\n|j|\u2606lord noobio\n|t:|1700450489\n|gametype|singles\n|player|p1|gcy9|265|\n|player|p2|lord noobio|169|\n|teamsize|p1|6\n|teamsize|p2|6\n|gen|9\n|tier|[Gen 9] OU\n|rule|Sleep Clause Mod: Limit one foe put to sleep\n|rule|Species Clause: Limit one of each Pok\u00e9mon\n|rule|OHKO Clause: OHKO moves are banned\n|rule|Evasion Items Clause: Evasion items are banned\n|rule|Evasion Moves Clause: Evasion moves are banned\n|rule|Endless Battle Clause: Forcing endless battles is banned\n|rule|HP Percentage Mod: HP is shown in percentages\n|clearpoke\n|poke|p1|Mandibuzz, F|\n|poke|p1|Jirachi|\n|poke|p1|Garchomp, F|\n|poke|p1|Slowking-Galar, M|\n|poke|p1|Ogerpon, F|\n|poke|p1|Tauros-Paldea-Aqua, M|\n|poke|p2|Maushold|\n|poke|p2|Samurott-Hisui, M|\n|poke|p2|Kingambit, M|\n|poke|p2|Garganacl, M|\n|poke|p2|Amoonguss, M|\n|poke|p2|Weavile, F|\n|teampreview\n|\n|t:|1700450538\n|start\n|switch|p1a: Happy|Jirachi|100\/100\n|switch|p2a: Amoonguss|Amoonguss, M, shiny|100\/100\n|turn|1\n|\n|t:|1700450603\n|move|p1a: Happy|U-turn|p2a: Amoonguss\n|-crit|p2a: Amoonguss\n|-damage|p2a: Amoonguss|86\/100\n|-enditem|p2a: Amoonguss|Red Card|[of] p1a: Happy\n|drag|p1a: Garchomp|Garchomp, F|100\/100\n|move|p2a: Amoonguss|Spore|p1a: Garchomp\n|-status|p1a: Garchomp|slp|[from] move: Spore\n|\n|upkeep\n|turn|2\n|\n|t:|1700450630\n|switch|p2a: Maushold|Maushold|100\/100\n|cant|p1a: Garchomp|slp\n|move|p1a: Garchomp|Sleep Talk|p1a: Garchomp\n|move|p1a: Garchomp|Dragon Tail|p2a: Maushold|[from]move: Sleep Talk\n|-damage|p2a: Maushold|60\/100\n|drag|p2a: Weavile|Weavile, F|100\/100\n|-ability|p2a: Weavile|Pressure\n|\n|upkeep\n|turn|3\n|\n|t:|1700450652\n|switch|p1a: Tauros|Tauros-Paldea-Aqua, M|100\/100\n|-ability|p1a: Tauros|Intimidate|boost\n|-unboost|p2a: Weavile|atk|1\n|move|p2a: Weavile|Swords Dance|p2a: Weavile\n|-boost|p2a: Weavile|atk|2\n|\n|upkeep\n|turn|4\n|\n|t:|1700450670\n|switch|p2a: Amoonguss|Amoonguss, M, shiny|100\/100\n|move|p1a: Tauros|Body Press|p2a: Amoonguss\n|-resisted|p2a: Amoonguss\n|-damage|p2a: Amoonguss|87\/100\n|\n|upkeep\n|turn|5\n|\n|t:|1700450688\n|switch|p1a: Slowking|Slowking-Galar, M|100\/100\n|move|p2a: Amoonguss|Grass Knot|p1a: Slowking\n|-resisted|p1a: Slowking\n|-damage|p1a: Slowking|92\/100\n|\n|-heal|p1a: Slowking|98\/100|[from] item: Black Sludge\n|upkeep\n|turn|6\n|\n|t:|1700450703\n|switch|p2a: Samurott|Samurott-Hisui, M, shiny|100\/100\n|move|p1a: Slowking|Future Sight|p2a: Samurott\n|-start|p1a: Slowking|move: Future Sight\n|\n|-heal|p1a: Slowking|100\/100|[from] item: Black Sludge\n|upkeep\n|turn|7\n|\n|t:|1700450722\n|switch|p1a: Tauros|Tauros-Paldea-Aqua, M|100\/100\n|-ability|p1a: Tauros|Intimidate|boost\n|-unboost|p2a: Samurott|atk|1\n|move|p2a: Samurott|Swords Dance|p2a: Samurott\n|-boost|p2a: Samurott|atk|2\n|\n|upkeep\n|turn|8\n|\n|t:|1700450742\n|switch|p2a: Amoonguss|Amoonguss, M, shiny|100\/100\n|move|p1a: Tauros|Body Press|p2a: Amoonguss\n|-resisted|p2a: Amoonguss\n|-damage|p2a: Amoonguss|86\/100\n|\n|-end|p2a: Amoonguss|move: Future Sight\n|-supereffective|p2a: Amoonguss\n|-damage|p2a: Amoonguss|0 fnt\n|faint|p2a: Amoonguss\n|upkeep\n|\n|t:|1700450760\n|switch|p2a: Maushold|Maushold|60\/100\n|turn|9\n|\n|t:|1700450771\n|switch|p1a: Garchomp|Garchomp, F|100\/100 slp\n|move|p2a: Maushold|Population Bomb|p1a: Garchomp\n|-damage|p1a: Garchomp|90\/100 slp\n|-damage|p2a: Maushold|48\/100|[from] ability: Rough Skin|[of] p1a: Garchomp\n|-damage|p1a: Garchomp|80\/100 slp\n|-damage|p2a: Maushold|35\/100|[from] ability: Rough Skin|[of] p1a: Garchomp\n|-damage|p1a: Garchomp|72\/100 slp\n|-damage|p2a: Maushold|23\/100|[from] ability: Rough Skin|[of] p1a: Garchomp\n|-damage|p1a: Garchomp|62\/100 slp\n|-damage|p2a: Maushold|10\/100|[from] ability: Rough Skin|[of] p1a: Garchomp\n|-crit|p1a: Garchomp\n|-damage|p1a: Garchomp|48\/100 slp\n|-damage|p2a: Maushold|0 fnt|[from] ability: Rough Skin|[of] p1a: Garchomp\n|faint|p2a: Maushold\n|-hitcount|p1a: Garchomp|5\n|\n|-heal|p1a: Garchomp|54\/100 slp|[from] item: Leftovers\n|upkeep\n|-message|lord noobio forfeited.\n|\n|win|gcy9\n|l|\u2606lord noobio\n","uploadtime":1700450791,"views":12,"p1id":"gcy9","p2id":"lordnoobio","formatid":"gen9ou","rating":0,"private":0,"password":""}