{"id":"gen9ou-1997053871","p1":"mikejohns","p2":"Phlar-Navi","format":"[Gen 9] OU","log":"|j|\u2606mikejohns\n|j|\u2606Phlar-Navi\n|t:|1700759855\n|gametype|singles\n|player|p1|mikejohns|volkner|1605\n|player|p2|Phlar-Navi|170|1560\n|teamsize|p1|6\n|teamsize|p2|6\n|gen|9\n|tier|[Gen 9] OU\n|rated|\n|rule|Sleep Clause Mod: Limit one foe put to sleep\n|rule|Species Clause: Limit one of each Pok\u00e9mon\n|rule|OHKO Clause: OHKO moves are banned\n|rule|Evasion Items Clause: Evasion items are banned\n|rule|Evasion Moves Clause: Evasion moves are banned\n|rule|Endless Battle Clause: Forcing endless battles is banned\n|rule|HP Percentage Mod: HP is shown in percentages\n|clearpoke\n|poke|p1|Amoonguss, F|\n|poke|p1|Ting-Lu|\n|poke|p1|Great Tusk|\n|poke|p1|Gholdengo|\n|poke|p1|Moltres|\n|poke|p1|Iron Valiant|\n|poke|p2|Kilowattrel, F|\n|poke|p2|Ursaluna, M|\n|poke|p2|Corviknight, F|\n|poke|p2|Great Tusk|\n|poke|p2|Scizor, F|\n|poke|p2|Quaquaval, F|\n|teampreview\n|inactive|Battle timer is ON: inactive players will automatically lose when time's up. (requested by mikejohns)\n|inactive|mikejohns has 120 seconds left.\n|\n|t:|1700759890\n|start\n|switch|p1a: Amoonguss|Amoonguss, F|100\/100\n|switch|p2a: Scizor|Scizor, F|100\/100\n|turn|1\n|j| Seleukos\n|\n|t:|1700759899\n|switch|p1a: Moltres|Moltres|100\/100\n|move|p2a: Scizor|Dual Wingbeat|p1a: Moltres\n|-damage|p1a: Moltres|68\/100\n|-damage|p1a: Moltres|37\/100\n|-hitcount|p1a: Moltres|2\n|\n|upkeep\n|turn|2\n|\n|t:|1700759910\n|switch|p1a: Ting-Lu|Ting-Lu|100\/100\n|-ability|p1a: Ting-Lu|Vessel of Ruin\n|switch|p2a: Quaquaval|Quaquaval, F|100\/100\n|\n|upkeep\n|turn|3\n|\n|t:|1700759917\n|move|p2a: Quaquaval|Aqua Step|p1a: Ting-Lu\n|-supereffective|p1a: Ting-Lu\n|-damage|p1a: Ting-Lu|57\/100\n|-boost|p2a: Quaquaval|spe|1\n|move|p1a: Ting-Lu|Whirlwind|p2a: Quaquaval\n|drag|p2a: Scizor|Scizor, F|100\/100\n|\n|-heal|p1a: Ting-Lu|63\/100|[from] item: Leftovers\n|upkeep\n|turn|4\n|\n|t:|1700759928\n|move|p2a: Scizor|Knock Off|p1a: Ting-Lu\n|-resisted|p1a: Ting-Lu\n|-damage|p1a: Ting-Lu|48\/100\n|-enditem|p1a: Ting-Lu|Leftovers|[from] move: Knock Off|[of] p2a: Scizor\n|move|p1a: Ting-Lu|Spikes|p2a: Scizor\n|-sidestart|p2: Phlar-Navi|Spikes\n|\n|upkeep\n|turn|5\n|\n|t:|1700759937\n|switch|p2a: Great Tusk|Great Tusk|100\/100\n|-damage|p2a: Great Tusk|88\/100|[from] Spikes\n|move|p1a: Ting-Lu|Ruination|p2a: Great Tusk\n|-damage|p2a: Great Tusk|44\/100\n|\n|upkeep\n|turn|6\n|\n|t:|1700759944\n|switch|p1a: Gholdengo|Gholdengo|100\/100\n|-item|p1a: Gholdengo|Air Balloon\n|move|p2a: Great Tusk|Knock Off|p1a: Gholdengo\n|-supereffective|p1a: Gholdengo\n|-damage|p1a: Gholdengo|12\/100\n|-enditem|p1a: Gholdengo|Air Balloon\n|\n|upkeep\n|turn|7\n|\n|t:|1700759962\n|switch|p1a: Moltres|Moltres|37\/100\n|-end|p2a: Great Tusk|Protosynthesis|[silent]\n|switch|p2a: Kilowattrel|Kilowattrel, F|100\/100\n|\n|upkeep\n|turn|8\n|\n|t:|1700759975\n|switch|p1a: Ting-Lu|Ting-Lu|48\/100\n|-ability|p1a: Ting-Lu|Vessel of Ruin\n|move|p2a: Kilowattrel|Hurricane|p1a: Ting-Lu|[miss]\n|-miss|p2a: Kilowattrel|p1a: Ting-Lu\n|\n|upkeep\n|turn|9\n|\n|t:|1700759981\n|move|p2a: Kilowattrel|Hurricane|p1a: Ting-Lu\n|-damage|p1a: Ting-Lu|18\/100\n|move|p1a: Ting-Lu|Spikes|p2a: Kilowattrel\n|-sidestart|p2: Phlar-Navi|Spikes\n|\n|upkeep\n|turn|10\n|\n|t:|1700759992\n|move|p2a: Kilowattrel|Hurricane|p1a: Ting-Lu\n|-damage|p1a: Ting-Lu|0 fnt\n|faint|p1a: Ting-Lu\n|\n|upkeep\n|\n|t:|1700760013\n|switch|p1a: Amoonguss|Amoonguss, F|100\/100\n|turn|11\n|\n|t:|1700760018\n|-terastallize|p1a: Amoonguss|Steel\n|move|p2a: Kilowattrel|Hurricane|p1a: Amoonguss\n|-resisted|p1a: Amoonguss\n|-damage|p1a: Amoonguss|66\/100\n|-start|p1a: Amoonguss|confusion\n|-activate|p1a: Amoonguss|confusion\n|move|p1a: Amoonguss|Spore|p2a: Kilowattrel\n|-status|p2a: Kilowattrel|slp|[from] move: Spore\n|\n|upkeep\n|turn|12\n|\n|t:|1700760040\n|switch|p1a: Moltres|Moltres|37\/100\n|cant|p2a: Kilowattrel|slp\n|\n|upkeep\n|turn|13\n|\n|t:|1700760045\n|cant|p2a: Kilowattrel|slp\n|move|p1a: Moltres|Roost|p1a: Moltres\n|-heal|p1a: Moltres|87\/100\n|-singleturn|p1a: Moltres|move: Roost\n|\n|upkeep\n|turn|14\n|\n|t:|1700760051\n|-curestatus|p2a: Kilowattrel|slp|[msg]\n|move|p2a: Kilowattrel|Hurricane|p1a: Moltres\n|-damage|p1a: Moltres|29\/100\n|move|p1a: Moltres|Flamethrower|p2a: Kilowattrel\n|-damage|p2a: Kilowattrel|31\/100\n|\n|upkeep\n|turn|15\n|\n|t:|1700760062\n|switch|p1a: Amoonguss|Amoonguss, F, tera:Steel|99\/100\n|move|p2a: Kilowattrel|Hurricane|p1a: Amoonguss|[miss]\n|-miss|p2a: Kilowattrel|p1a: Amoonguss\n|\n|upkeep\n|turn|16\n|\n|t:|1700760072\n|move|p2a: Kilowattrel|Hurricane|p1a: Amoonguss|[miss]\n|-miss|p2a: Kilowattrel|p1a: Amoonguss\n|move|p1a: Amoonguss|Sludge Bomb|p2a: Kilowattrel\n|-damage|p2a: Kilowattrel|0 fnt\n|faint|p2a: Kilowattrel\n|\n|upkeep\n|\n|t:|1700760085\n|switch|p2a: Ursaluna|Ursaluna, M|100\/100\n|-damage|p2a: Ursaluna|84\/100|[from] Spikes\n|turn|17\n|\n|t:|1700760090\n|switch|p1a: Moltres|Moltres|29\/100\n|move|p2a: Ursaluna|Protect||[still]\n|-fail|p2a: Ursaluna\n|\n|-status|p2a: Ursaluna|brn|[from] item: Flame Orb\n|upkeep\n|turn|18\n|\n|t:|1700760103\n|switch|p1a: Gholdengo|Gholdengo|12\/100\n|move|p2a: Ursaluna|Earthquake|p1a: Gholdengo\n|-supereffective|p1a: Gholdengo\n|-damage|p1a: Gholdengo|0 fnt\n|faint|p1a: Gholdengo\n|\n|-damage|p2a: Ursaluna|78\/100 brn|[from] brn\n|upkeep\n|\n|t:|1700760124\n|switch|p1a: Iron Valiant|Iron Valiant|100\/100\n|-enditem|p1a: Iron Valiant|Booster Energy\n|-activate|p1a: Iron Valiant|ability: Quark Drive|[fromitem]\n|-start|p1a: Iron Valiant|quarkdrivespe\n|turn|19\n|\n|t:|1700760132\n|switch|p2a: Scizor|Scizor, F|100\/100\n|-damage|p2a: Scizor|84\/100|[from] Spikes\n|move|p1a: Iron Valiant|Close Combat|p2a: Scizor\n|-damage|p2a: Scizor|28\/100\n|-unboost|p1a: Iron Valiant|def|1\n|-unboost|p1a: Iron Valiant|spd|1\n|\n|upkeep\n|turn|20\n|\n|t:|1700760140\n|-end|p1a: Iron Valiant|Quark Drive|[silent]\n|switch|p1a: Amoonguss|Amoonguss, F, tera:Steel|100\/100\n|move|p2a: Scizor|Bullet Punch|p1a: Amoonguss\n|-resisted|p1a: Amoonguss\n|-damage|p1a: Amoonguss|80\/100\n|-damage|p2a: Scizor|12\/100|[from] item: Rocky Helmet|[of] p1a: Amoonguss\n|\n|upkeep\n|turn|21\n|\n|t:|1700760153\n|switch|p2a: Ursaluna|Ursaluna, M|78\/100 brn\n|-damage|p2a: Ursaluna|61\/100 brn|[from] Spikes\n|move|p1a: Amoonguss|Foul Play|p2a: Ursaluna\n|-damage|p2a: Ursaluna|28\/100 brn\n|\n|-damage|p2a: Ursaluna|22\/100 brn|[from] brn\n|upkeep\n|turn|22\n|\n|t:|1700760163\n|switch|p1a: Moltres|Moltres|29\/100\n|move|p2a: Ursaluna|Facade|p1a: Moltres\n|-damage|p1a: Moltres|0 fnt\n|faint|p1a: Moltres\n|\n|-damage|p2a: Ursaluna|15\/100 brn|[from] brn\n|upkeep\n|\n|t:|1700760172\n|switch|p1a: Iron Valiant|Iron Valiant|100\/100\n|turn|23\n|\n|t:|1700760177\n|move|p1a: Iron Valiant|Moonblast|p2a: Ursaluna\n|-damage|p2a: Ursaluna|0 fnt\n|faint|p2a: Ursaluna\n|\n|upkeep\n|\n|t:|1700760198\n|switch|p2a: Great Tusk|Great Tusk|44\/100\n|-damage|p2a: Great Tusk|28\/100|[from] Spikes\n|turn|24\n|\n|t:|1700760203\n|-terastallize|p2a: Great Tusk|Steel\n|move|p1a: Iron Valiant|Moonblast|p2a: Great Tusk\n|-resisted|p2a: Great Tusk\n|-crit|p2a: Great Tusk\n|-damage|p2a: Great Tusk|2\/100\n|move|p2a: Great Tusk|Rapid Spin|p1a: Iron Valiant\n|-damage|p1a: Iron Valiant|73\/100\n|-boost|p2a: Great Tusk|spe|1\n|-sideend|p2: Phlar-Navi|Spikes|[from] move: Rapid Spin|[of] p2a: Great Tusk\n|\n|upkeep\n|turn|25\n|\n|t:|1700760213\n|-end|p1a: Iron Valiant|Quark Drive|[silent]\n|switch|p1a: Amoonguss|Amoonguss, F, tera:Steel|100\/100\n|move|p2a: Great Tusk|Earthquake|p1a: Amoonguss\n|-supereffective|p1a: Amoonguss\n|-damage|p1a: Amoonguss|14\/100\n|\n|upkeep\n|turn|26\n|\n|t:|1700760237\n|switch|p1a: Great Tusk|Great Tusk|100\/100\n|move|p2a: Great Tusk|Earthquake|p1a: Great Tusk\n|-damage|p1a: Great Tusk|57\/100\n|\n|upkeep\n|turn|27\n|\n|t:|1700760260\n|move|p2a: Great Tusk|Ice Spinner|p1a: Great Tusk\n|-supereffective|p1a: Great Tusk\n|-damage|p1a: Great Tusk|10\/100\n|move|p1a: Great Tusk|Rapid Spin|p2a: Great Tusk\n|-resisted|p2a: Great Tusk\n|-damage|p2a: Great Tusk|0 fnt\n|-boost|p1a: Great Tusk|spe|1\n|faint|p2a: Great Tusk\n|-end|p2a: Great Tusk|Protosynthesis|[silent]\n|\n|upkeep\n|\n|t:|1700760268\n|switch|p2a: Corviknight|Corviknight, F|100\/100\n|turn|28\n|\n|t:|1700760274\n|move|p1a: Great Tusk|Stealth Rock|p2a: Corviknight\n|-sidestart|p2: Phlar-Navi|move: Stealth Rock\n|move|p2a: Corviknight|Iron Defense|p2a: Corviknight\n|-boost|p2a: Corviknight|def|2\n|\n|upkeep\n|turn|29\n|\n|t:|1700760286\n|-end|p1a: Great Tusk|Protosynthesis|[silent]\n|switch|p1a: Amoonguss|Amoonguss, F, tera:Steel|47\/100\n|move|p2a: Corviknight|Iron Defense|p2a: Corviknight\n|-boost|p2a: Corviknight|def|2\n|\n|upkeep\n|turn|30\n|\n|t:|1700760291\n|move|p2a: Corviknight|Body Press|p1a: Amoonguss\n|-supereffective|p1a: Amoonguss\n|-damage|p1a: Amoonguss|0 fnt\n|-damage|p2a: Corviknight|84\/100|[from] item: Rocky Helmet|[of] p1a: Amoonguss\n|faint|p1a: Amoonguss\n|\n|upkeep\n|\n|t:|1700760294\n|switch|p1a: Iron Valiant|Iron Valiant|73\/100\n|turn|31\n|\n|t:|1700760301\n|move|p1a: Iron Valiant|Thunderbolt|p2a: Corviknight\n|-supereffective|p2a: Corviknight\n|-damage|p2a: Corviknight|33\/100\n|move|p2a: Corviknight|Body Press|p1a: Iron Valiant\n|-resisted|p1a: Iron Valiant\n|-damage|p1a: Iron Valiant|23\/100\n|\n|upkeep\n|turn|32\n|\n|t:|1700760308\n|move|p1a: Iron Valiant|Thunderbolt|p2a: Corviknight\n|-supereffective|p2a: Corviknight\n|-crit|p2a: Corviknight\n|-damage|p2a: Corviknight|0 fnt\n|faint|p2a: Corviknight\n|\n|upkeep\n|\n|t:|1700760313\n|switch|p2a: Quaquaval|Quaquaval, F|100\/100\n|-damage|p2a: Quaquaval|94\/100|[from] Stealth Rock\n|turn|33\n|\n|t:|1700760319\n|move|p1a: Iron Valiant|Moonblast|p2a: Quaquaval\n|-supereffective|p2a: Quaquaval\n|-damage|p2a: Quaquaval|0 fnt\n|faint|p2a: Quaquaval\n|\n|upkeep\n|\n|t:|1700760324\n|switch|p2a: Scizor|Scizor, F|12\/100\n|-damage|p2a: Scizor|0 fnt|[from] Stealth Rock\n|faint|p2a: Scizor\n|\n|win|mikejohns\n|raw|mikejohns's rating: 1605 &rarr; <strong>1622<\/strong><br \/>(+17 for winning)\n|raw|Phlar-Navi's rating: 1560 &rarr; <strong>1543<\/strong><br \/>(-17 for losing)\n|c|\u2606mikejohns|gg\n|l|\u2606Phlar-Navi\n","uploadtime":1700760341,"views":4,"p1id":"mikejohns","p2id":"phlarnavi","formatid":"gen9ou","rating":1543,"private":0,"password":""}