{"id":"gen9ou-1998266525","p1":"FlorenceIris","p2":"gfrostmoths","format":"[Gen 9] OU","log":"|j|\u2606FlorenceIris\n|j|\u2606gfrostmoths\n|t:|1700922204\n|gametype|singles\n|player|p1|FlorenceIris|sonia-professor|\n|player|p2|gfrostmoths|adaman|\n|teamsize|p1|6\n|teamsize|p2|6\n|gen|9\n|tier|[Gen 9] OU\n|rule|Sleep Clause Mod: Limit one foe put to sleep\n|rule|Species Clause: Limit one of each Pok\u00e9mon\n|rule|OHKO Clause: OHKO moves are banned\n|rule|Evasion Items Clause: Evasion items are banned\n|rule|Evasion Moves Clause: Evasion moves are banned\n|rule|Endless Battle Clause: Forcing endless battles is banned\n|rule|HP Percentage Mod: HP is shown in percentages\n|clearpoke\n|poke|p1|Enamorus, F|\n|poke|p1|Landorus-Therian, M|\n|poke|p1|Dragonite, F|\n|poke|p1|Thundurus-Therian, M|\n|poke|p1|Moltres|\n|poke|p1|Corviknight, M|\n|poke|p2|Dragapult, M|\n|poke|p2|Iron Moth|\n|poke|p2|Ogerpon-Cornerstone, F|\n|poke|p2|Empoleon, F|\n|poke|p2|Zapdos|\n|poke|p2|Great Tusk|\n|teampreview\n|c|\u2606gfrostmoths|ok lets not sack great tusk this time lol\n|c|\u2606gfrostmoths|gl hf :)\n|c|\u2606FlorenceIris|gl hf :))\n|\n|t:|1700922229\n|start\n|switch|p1a: Thundurus|Thundurus-Therian, M|100\/100\n|switch|p2a: Ogerpon|Ogerpon-Cornerstone, F|100\/100\n|turn|1\n|\n|t:|1700922240\n|move|p1a: Thundurus|Volt Switch|p2a: Ogerpon\n|-resisted|p2a: Ogerpon\n|-damage|p2a: Ogerpon|77\/100\n|\n|t:|1700922244\n|switch|p1a: Landorus|Landorus-Therian, M|100\/100|[from] Volt Switch\n|-ability|p1a: Landorus|Intimidate|boost\n|-unboost|p2a: Ogerpon|atk|1\n|move|p2a: Ogerpon|Trailblaze|p1a: Landorus\n|-damage|p1a: Landorus|88\/100\n|-boost|p2a: Ogerpon|spe|1\n|-damage|p2a: Ogerpon|61\/100|[from] item: Rocky Helmet|[of] p1a: Landorus\n|\n|upkeep\n|turn|2\n|\n|t:|1700922286\n|move|p2a: Ogerpon|Swords Dance|p2a: Ogerpon\n|-boost|p2a: Ogerpon|atk|2\n|move|p1a: Landorus|Stealth Rock|p2a: Ogerpon\n|-sidestart|p2: gfrostmoths|move: Stealth Rock\n|\n|upkeep\n|turn|3\n|\n|t:|1700922302\n|move|p2a: Ogerpon|Horn Leech|p1a: Landorus\n|-damage|p1a: Landorus|43\/100\n|-heal|p2a: Ogerpon|89\/100|[from] drain|[of] p1a: Landorus\n|-damage|p2a: Ogerpon|73\/100|[from] item: Rocky Helmet|[of] p1a: Landorus\n|move|p1a: Landorus|Earthquake|p2a: Ogerpon\n|-damage|p2a: Ogerpon|9\/100\n|\n|upkeep\n|turn|4\n|\n|t:|1700922324\n|switch|p1a: Moltres|Moltres|100\/100\n|move|p2a: Ogerpon|Ivy Cudgel|p1a: Moltres|[anim] Ivy Cudgel Rock\n|-supereffective|p1a: Moltres\n|-damage|p1a: Moltres|0 fnt\n|faint|p1a: Moltres\n|\n|upkeep\n|\n|t:|1700922332\n|switch|p1a: Dragonite|Dragonite, F|100\/100\n|turn|5\n|\n|t:|1700922348\n|switch|p2a: Dragapult|Dragapult, M|100\/100\n|-damage|p2a: Dragapult|88\/100|[from] Stealth Rock\n|switch|p1a: Thundurus|Thundurus-Therian, M|100\/100\n|\n|upkeep\n|turn|6\n|\n|t:|1700922367\n|move|p1a: Thundurus|Volt Switch|p2a: Dragapult\n|-resisted|p2a: Dragapult\n|-damage|p2a: Dragapult|61\/100\n|\n|t:|1700922372\n|switch|p1a: Enamorus|Enamorus, F|100\/100|[from] Volt Switch\n|move|p2a: Dragapult|U-turn|p1a: Enamorus\n|-resisted|p1a: Enamorus\n|-damage|p1a: Enamorus|94\/100\n|\n|t:|1700922379\n|switch|p2a: Iron Moth|Iron Moth|100\/100|[from] U-turn\n|-damage|p2a: Iron Moth|76\/100|[from] Stealth Rock\n|\n|upkeep\n|turn|7\n|\n|t:|1700922395\n|switch|p1a: Dragonite|Dragonite, F|100\/100\n|move|p2a: Iron Moth|Sludge Wave|p1a: Dragonite\n|-damage|p1a: Dragonite|75\/100\n|\n|upkeep\n|turn|8\n|\n|t:|1700922409\n|-end|p2a: Iron Moth|Quark Drive|[silent]\n|switch|p2a: Zapdos|Zapdos|100\/100\n|move|p1a: Dragonite|Earthquake|p2a: Zapdos\n|-immune|p2a: Zapdos\n|\n|upkeep\n|turn|9\n|\n|t:|1700922420\n|switch|p1a: Thundurus|Thundurus-Therian, M|100\/100\n|move|p2a: Zapdos|U-turn|p1a: Thundurus\n|-resisted|p1a: Thundurus\n|-damage|p1a: Thundurus|90\/100\n|j| Hallowed_Hazel\n|\n|t:|1700922461\n|switch|p2a: Iron Moth|Iron Moth|76\/100|[from] U-turn\n|-damage|p2a: Iron Moth|51\/100|[from] Stealth Rock\n|\n|upkeep\n|turn|10\n|\n|t:|1700922480\n|move|p2a: Iron Moth|Sludge Wave|p1a: Thundurus\n|-crit|p1a: Thundurus\n|-damage|p1a: Thundurus|0 fnt\n|faint|p1a: Thundurus\n|\n|upkeep\n|\n|t:|1700922485\n|switch|p1a: Corviknight|Corviknight, M|100\/100\n|-ability|p1a: Corviknight|Pressure\n|turn|11\n|c|\u2606FlorenceIris|:((\n|c|\u2606gfrostmoths|oop did that matter?\n|c|\u2606FlorenceIris|not sure tbh\n|\n|t:|1700922504\n|-end|p2a: Iron Moth|Quark Drive|[silent]\n|switch|p2a: Zapdos|Zapdos|100\/100\n|move|p1a: Corviknight|U-turn|p2a: Zapdos\n|-resisted|p2a: Zapdos\n|-damage|p2a: Zapdos|95\/100\n|c|\u2606FlorenceIris|thundy isn't too frail for non-boosting moth\n|\n|t:|1700922509\n|switch|p1a: Landorus|Landorus-Therian, M|43\/100|[from] U-turn\n|-ability|p1a: Landorus|Intimidate|boost\n|-unboost|p2a: Zapdos|atk|1\n|\n|upkeep\n|turn|12\n|\n|t:|1700922530\n|move|p1a: Landorus|Earthquake|p2a: Zapdos\n|-immune|p2a: Zapdos\n|move|p2a: Zapdos|Hurricane|p1a: Landorus\n|-damage|p1a: Landorus|0 fnt\n|faint|p1a: Landorus\n|\n|upkeep\n|c| Hallowed_Hazel|that crit did indeed matter unless it's specs moth\n|\n|t:|1700922535\n|switch|p1a: Enamorus|Enamorus, F|94\/100\n|turn|13\n|c|\u2606FlorenceIris|it's scarf\n|c|\u2606gfrostmoths|ah rip sorry\n|c|\u2606FlorenceIris|nt nt\n|\n|t:|1700922553\n|move|p1a: Enamorus|Moonblast|p2a: Zapdos\n|-damage|p2a: Zapdos|48\/100\n|move|p2a: Zapdos|Discharge|p1a: Enamorus\n|-supereffective|p1a: Enamorus\n|-damage|p1a: Enamorus|0 fnt\n|faint|p1a: Enamorus\n|\n|upkeep\n|-message|FlorenceIris forfeited.\n|\n|win|gfrostmoths\n|c|\u2606FlorenceIris|we go again\n|c|\u2606gfrostmoths|zap do be zappin\n|l|\u2606FlorenceIris\n|l|\u2606gfrostmoths\n|j|\u2606gfrostmoths\n|player|p2|gfrostmoths|adaman\n","uploadtime":1700922768,"views":6,"p1id":"florenceiris","p2id":"gfrostmoths","formatid":"gen9ou","rating":0,"private":0,"password":""}