{"id":"gen9ou-1992564009","p1":"123uloveme","p2":"StarBerry05","format":"[Gen 9] OU","log":"|j|\u2606123uloveme\n|j|\u2606StarBerry05\n|t:|1700206547\n|gametype|singles\n|player|p1|123uloveme|lucas|1000\n|player|p2|StarBerry05|roark|1087\n|teamsize|p1|6\n|teamsize|p2|6\n|gen|9\n|tier|[Gen 9] OU\n|rated|\n|rule|Sleep Clause Mod: Limit one foe put to sleep\n|rule|Species Clause: Limit one of each Pok\u00e9mon\n|rule|OHKO Clause: OHKO moves are banned\n|rule|Evasion Items Clause: Evasion items are banned\n|rule|Evasion Moves Clause: Evasion moves are banned\n|rule|Endless Battle Clause: Forcing endless battles is banned\n|rule|HP Percentage Mod: HP is shown in percentages\n|clearpoke\n|poke|p1|Maushold|\n|poke|p1|Rillaboom, F|\n|poke|p1|Great Tusk|\n|poke|p1|Heatran, F|\n|poke|p1|Enamorus, F|\n|poke|p1|Ogerpon-Wellspring, F|\n|poke|p2|Manaphy|\n|poke|p2|Pelipper, F|\n|poke|p2|Torkoal, M|\n|poke|p2|Lilligant-Hisui, F|\n|poke|p2|Slowking, F|\n|poke|p2|Sandslash-Alola, F|\n|teampreview\n|inactive|Battle timer is ON: inactive players will automatically lose when time's up. (requested by 123uloveme)\n|inactive|StarBerry05 also wants the timer to be on.\n|j| Parrot D\n|c|\u2606StarBerry05|glhf\n|c|\u2606StarBerry05|gangster maushold\n|inactive|123uloveme has 120 seconds left.\n|\n|t:|1700206579\n|start\n|switch|p1a: Ogerpon|Ogerpon-Wellspring, F|100\/100\n|switch|p2a: Torkoal|Torkoal, M, shiny|100\/100\n|-weather|SunnyDay|[from] ability: Drought|[of] p2a: Torkoal\n|turn|1\n|\n|t:|1700206588\n|switch|p2a: Lilligant|Lilligant-Hisui, F, shiny|100\/100\n|move|p1a: Ogerpon|Taunt|p2a: Lilligant\n|-start|p2a: Lilligant|move: Taunt\n|\n|-weather|SunnyDay|[upkeep]\n|upkeep\n|turn|2\n|\n|t:|1700206597\n|move|p2a: Lilligant|Solar Blade||[still]\n|-prepare|p2a: Lilligant|Solar Blade\n|-anim|p2a: Lilligant|Solar Blade|p1a: Ogerpon\n|-damage|p1a: Ogerpon|7\/100\n|-damage|p2a: Lilligant|91\/100|[from] item: Life Orb\n|move|p1a: Ogerpon|U-turn|p2a: Lilligant\n|-damage|p2a: Lilligant|49\/100\n|inactive|123uloveme has 120 seconds left.\n|\n|t:|1700206654\n|switch|p1a: Heatran|Heatran, F|100\/100|[from] U-turn\n|\n|-weather|SunnyDay|[upkeep]\n|upkeep\n|turn|3\n|c|\u2606StarBerry05|you gonna terra?\n|inactive|123uloveme has 90 seconds left.\n|\n|t:|1700206672\n|switch|p1a: Enamorus|Enamorus, F|100\/100\n|move|p2a: Lilligant|Close Combat|p1a: Enamorus\n|-resisted|p1a: Enamorus\n|-damage|p1a: Enamorus|74\/100\n|-unboost|p2a: Lilligant|def|1\n|-unboost|p2a: Lilligant|spd|1\n|-damage|p2a: Lilligant|39\/100|[from] item: Life Orb\n|\n|-weather|SunnyDay|[upkeep]\n|-heal|p1a: Enamorus|80\/100|[from] item: Leftovers\n|-end|p2a: Lilligant|move: Taunt\n|upkeep\n|turn|4\n|c|\u2606StarBerry05|you gonna switch again?\n|inactive|123uloveme has 90 seconds left.\n|\n|t:|1700206693\n|move|p2a: Lilligant|Ice Spinner|p1a: Enamorus\n|-supereffective|p1a: Enamorus\n|-damage|p1a: Enamorus|0 fnt\n|faint|p1a: Enamorus\n|-damage|p2a: Lilligant|29\/100|[from] item: Life Orb\n|\n|-weather|SunnyDay|[upkeep]\n|upkeep\n|c|\u2606123uloveme|oh\n|c|\u2606StarBerry05|yeah\n|c|\u2606123uloveme|it gets ice move\n|c|\u2606123uloveme|wtf\n|c|\u2606StarBerry05|mb\n|c|\u2606123uloveme|how does grass type know ice?\n|c|\u2606StarBerry05|idk bro ask it\n|inactive|123uloveme has 60 seconds left.\n|\n|t:|1700206720\n|switch|p1a: Rillaboom|Rillaboom, F|100\/100\n|-fieldstart|move: Grassy Terrain|[from] ability: Grassy Surge|[of] p1a: Rillaboom\n|turn|5\n|inactive|123uloveme has 60 seconds left.\n|\n|t:|1700206732\n|switch|p2a: Torkoal|Torkoal, M, shiny|100\/100\n|move|p1a: Rillaboom|U-turn|p2a: Torkoal\n|-resisted|p2a: Torkoal\n|-damage|p2a: Torkoal|90\/100\n|inactive|123uloveme has 60 seconds left.\n|\n|t:|1700206746\n|switch|p1a: Heatran|Heatran, F|100\/100|[from] U-turn\n|\n|-weather|SunnyDay|[upkeep]\n|-heal|p2a: Torkoal|96\/100|[from] Grassy Terrain\n|upkeep\n|turn|6\n|inactive|123uloveme has 60 seconds left.\n|\n|t:|1700206754\n|move|p1a: Heatran|Stealth Rock|p2a: Torkoal\n|-sidestart|p2: StarBerry05|move: Stealth Rock\n|move|p2a: Torkoal|Stealth Rock|p1a: Heatran\n|-sidestart|p1: 123uloveme|move: Stealth Rock\n|\n|-weather|SunnyDay|[upkeep]\n|-heal|p2a: Torkoal|100\/100|[from] Grassy Terrain\n|upkeep\n|turn|7\n|\n|t:|1700206758\n|move|p1a: Heatran|Earth Power|p2a: Torkoal\n|-supereffective|p2a: Torkoal\n|-damage|p2a: Torkoal|33\/100\n|move|p2a: Torkoal|Rapid Spin|p1a: Heatran\n|-resisted|p1a: Heatran\n|-damage|p1a: Heatran|97\/100\n|-boost|p2a: Torkoal|spe|1\n|-sideend|p2: StarBerry05|Stealth Rock|[from] move: Rapid Spin|[of] p2a: Torkoal\n|\n|-weather|SunnyDay|[upkeep]\n|-heal|p1a: Heatran|100\/100|[from] Grassy Terrain\n|-heal|p2a: Torkoal|39\/100|[from] Grassy Terrain\n|upkeep\n|turn|8\n|\n|t:|1700206766\n|switch|p2a: Lilligant|Lilligant-Hisui, F, shiny|29\/100\n|move|p1a: Heatran|Magma Storm|p2a: Lilligant\n|-supereffective|p2a: Lilligant\n|-crit|p2a: Lilligant\n|-damage|p2a: Lilligant|0 fnt\n|faint|p2a: Lilligant\n|\n|-weather|none\n|upkeep\n|\n|t:|1700206769\n|switch|p2a: Pelipper|Pelipper, F, shiny|100\/100\n|-weather|RainDance|[from] ability: Drizzle|[of] p2a: Pelipper\n|turn|9\n|\n|t:|1700206775\n|switch|p1a: Ogerpon|Ogerpon-Wellspring, F|7\/100\n|-damage|p1a: Ogerpon|0 fnt|[from] Stealth Rock\n|faint|p1a: Ogerpon\n|move|p2a: Pelipper|U-turn|p1: Ogerpon|[notarget]\n|-fail|p2a: Pelipper\n|\n|-weather|RainDance|[upkeep]\n|-fieldend|move: Grassy Terrain\n|upkeep\n|\n|t:|1700206779\n|switch|p1a: Rillaboom|Rillaboom, F|100\/100\n|-damage|p1a: Rillaboom|88\/100|[from] Stealth Rock\n|-fieldstart|move: Grassy Terrain|[from] ability: Grassy Surge|[of] p1a: Rillaboom\n|turn|10\n|\n|t:|1700206784\n|-terastallize|p1a: Rillaboom|Grass\n|move|p1a: Rillaboom|Wood Hammer|p2a: Pelipper\n|-damage|p2a: Pelipper|0 fnt\n|faint|p2a: Pelipper\n|-damage|p1a: Rillaboom|57\/100|[from] Recoil\n|\n|-weather|RainDance|[upkeep]\n|-heal|p1a: Rillaboom|63\/100|[from] Grassy Terrain\n|upkeep\n|\n|t:|1700206789\n|switch|p2a: Manaphy|Manaphy|100\/100\n|turn|11\n|\n|t:|1700206797\n|-terastallize|p2a: Manaphy|Dragon\n|move|p1a: Rillaboom|Wood Hammer|p2a: Manaphy\n|-resisted|p2a: Manaphy\n|-crit|p2a: Manaphy\n|-damage|p2a: Manaphy|0 fnt\n|faint|p2a: Manaphy\n|-damage|p1a: Rillaboom|24\/100|[from] Recoil\n|\n|-weather|RainDance|[upkeep]\n|-heal|p1a: Rillaboom|30\/100|[from] Grassy Terrain\n|upkeep\n|c|\u2606StarBerry05|what\n|\n|t:|1700206803\n|switch|p2a: Torkoal|Torkoal, M, shiny|39\/100\n|-weather|SunnyDay|[from] ability: Drought|[of] p2a: Torkoal\n|turn|12\n|\n|t:|1700206808\n|switch|p1a: Heatran|Heatran, F|100\/100\n|-damage|p1a: Heatran|88\/100|[from] Stealth Rock\n|move|p2a: Torkoal|Lava Plume|p1a: Heatran\n|-start|p1a: Heatran|ability: Flash Fire\n|\n|-weather|SunnyDay|[upkeep]\n|-heal|p1a: Heatran|94\/100|[from] Grassy Terrain\n|-heal|p1a: Heatran|100\/100|[from] item: Leftovers\n|-heal|p2a: Torkoal|45\/100|[from] Grassy Terrain\n|upkeep\n|turn|13\n|inactive|123uloveme has 120 seconds left.\n|c|\u2606StarBerry05|oh\n|c|\u2606StarBerry05|it's over\n|\n|t:|1700206820\n|move|p1a: Heatran|Earth Power|p2a: Torkoal\n|-supereffective|p2a: Torkoal\n|-damage|p2a: Torkoal|0 fnt\n|faint|p2a: Torkoal\n|\n|-weather|SunnyDay|[upkeep]\n|upkeep\n|\n|t:|1700206822\n|switch|p2a: Slowking|Slowking, F, shiny|100\/100\n|turn|14\n|\n|t:|1700206827\n|move|p1a: Heatran|Taunt|p2a: Slowking\n|-start|p2a: Slowking|move: Taunt\n|cant|p2a: Slowking|move: Taunt|Chilly Reception\n|\n|-weather|SunnyDay|[upkeep]\n|-fieldend|move: Grassy Terrain\n|upkeep\n|turn|15\n|c|\u2606StarBerry05|man\n|\n|t:|1700206834\n|move|p1a: Heatran|Magma Storm|p2a: Slowking\n|-resisted|p2a: Slowking\n|-damage|p2a: Slowking|71\/100\n|-activate|p2a: Slowking|move: Magma Storm|[of] p1a: Heatran\n|move|p2a: Slowking|Surf|p1a: Heatran\n|-supereffective|p1a: Heatran\n|-damage|p1a: Heatran|80\/100\n|\n|-weather|SunnyDay|[upkeep]\n|-heal|p1a: Heatran|87\/100|[from] item: Leftovers\n|-damage|p2a: Slowking|59\/100|[from] move: Magma Storm|[partiallytrapped]\n|upkeep\n|turn|16\n|\n|t:|1700206851\n|move|p1a: Heatran|Earth Power|p2a: Slowking\n|-damage|p2a: Slowking|42\/100\n|move|p2a: Slowking|Future Sight|p1a: Heatran\n|-start|p2a: Slowking|move: Future Sight\n|\n|-weather|SunnyDay|[upkeep]\n|-heal|p1a: Heatran|93\/100|[from] item: Leftovers\n|-damage|p2a: Slowking|30\/100|[from] move: Magma Storm|[partiallytrapped]\n|-end|p2a: Slowking|move: Taunt\n|upkeep\n|turn|17\n|\n|t:|1700206858\n|move|p1a: Heatran|Taunt|p2a: Slowking\n|-start|p2a: Slowking|move: Taunt\n|cant|p2a: Slowking|move: Taunt|Chilly Reception\n|\n|-weather|SunnyDay|[upkeep]\n|-heal|p1a: Heatran|99\/100|[from] item: Leftovers\n|-damage|p2a: Slowking|18\/100|[from] move: Magma Storm|[partiallytrapped]\n|upkeep\n|turn|18\n|c|\u2606StarBerry05|alr yeah wp\n|c|\u2606StarBerry05|lmao\n|c|\u2606123uloveme|gg\n|-message|StarBerry05 forfeited.\n|\n|win|123uloveme\n|raw|123uloveme's rating: 1000 &rarr; <strong>1050<\/strong><br \/>(+50 for winning)\n|raw|StarBerry05's rating: 1087 &rarr; <strong>1058<\/strong><br \/>(-29 for losing)\n|l|\u2606StarBerry05\n|l| Parrot D\n","uploadtime":1700206884,"views":10,"p1id":"123uloveme","p2id":"starberry05","formatid":"gen9ou","rating":1050,"private":0,"password":""}