{"id":"gen9ou-2000061771","p1":"McD's Dollar Menu","p2":"liaoya","format":"[Gen 9] OU","log":"|j|\u2606McD's Dollar Menu\n|j|\u2606liaoya\n|t:|1701147973\n|gametype|singles\n|player|p1|McD's Dollar Menu|medium|1626\n|player|p2|liaoya|petrel|1564\n|teamsize|p1|6\n|teamsize|p2|6\n|gen|9\n|tier|[Gen 9] OU\n|rated|\n|rule|Sleep Clause Mod: Limit one foe put to sleep\n|rule|Species Clause: Limit one of each Pok\u00e9mon\n|rule|OHKO Clause: OHKO moves are banned\n|rule|Evasion Items Clause: Evasion items are banned\n|rule|Evasion Moves Clause: Evasion moves are banned\n|rule|Endless Battle Clause: Forcing endless battles is banned\n|rule|HP Percentage Mod: HP is shown in percentages\n|clearpoke\n|poke|p1|Dragapult, M|\n|poke|p1|Dondozo, F|\n|poke|p1|Great Tusk|\n|poke|p1|Mamoswine, M|\n|poke|p1|Mandibuzz, F|\n|poke|p1|Skeledirge, M|\n|poke|p2|Drifblim, F|\n|poke|p2|Garganacl, M|\n|poke|p2|Umbreon, M|\n|poke|p2|Rotom-Wash|\n|poke|p2|Glimmora, F|\n|poke|p2|Espeon, F|\n|teampreview\n|inactive|Battle timer is ON: inactive players will automatically lose when time's up. (requested by McD's Dollar Menu)\n|\n|t:|1701147982\n|start\n|switch|p1a: Kendrick Lamar|Dragapult, M, shiny|100\/100\n|switch|p2a: Rotom|Rotom-Wash|100\/100\n|turn|1\n|\n|t:|1701147986\n|move|p1a: Kendrick Lamar|U-turn|p2a: Rotom\n|-damage|p2a: Rotom|82\/100\n|\n|t:|1701147991\n|switch|p1a: Dr. Dre|Mamoswine, M, shiny|100\/100|[from] U-turn\n|move|p2a: Rotom|Trick|p1a: Dr. Dre\n|-activate|p2a: Rotom|move: Trick|[of] p1a: Dr. Dre\n|-item|p1a: Dr. Dre|Choice Scarf|[from] move: Trick\n|-item|p2a: Rotom|Choice Band|[from] move: Trick\n|\n|upkeep\n|turn|2\n|\n|t:|1701148004\n|switch|p1a: Kendrick Lamar|Dragapult, M, shiny|100\/100\n|move|p2a: Rotom|Hydro Pump|p1a: Kendrick Lamar\n|-resisted|p1a: Kendrick Lamar\n|-damage|p1a: Kendrick Lamar|68\/100\n|\n|upkeep\n|turn|3\n|\n|t:|1701148012\n|switch|p2a: Umbreon|Umbreon, M, shiny|100\/100\n|move|p1a: Kendrick Lamar|Draco Meteor|p2a: Umbreon\n|-damage|p2a: Umbreon|47\/100\n|-unboost|p1a: Kendrick Lamar|spa|2\n|\n|-heal|p2a: Umbreon|53\/100|[from] item: Leftovers\n|upkeep\n|turn|4\n|\n|t:|1701148019\n|switch|p1a: Dr. Dre|Mamoswine, M, shiny|100\/100\n|move|p2a: Umbreon|Wish|p2a: Umbreon\n|\n|-heal|p2a: Umbreon|59\/100|[from] item: Leftovers\n|upkeep\n|turn|5\n|\n|t:|1701148024\n|move|p1a: Dr. Dre|Icicle Crash|p2a: Umbreon\n|-damage|p2a: Umbreon|29\/100\n|move|p2a: Umbreon|Yawn|p1a: Dr. Dre\n|-start|p1a: Dr. Dre|move: Yawn|[of] p2a: Umbreon\n|\n|-heal|p2a: Umbreon|79\/100|[from] move: Wish|[wisher] Umbreon\n|-heal|p2a: Umbreon|86\/100|[from] item: Leftovers\n|upkeep\n|turn|6\n|\n|t:|1701148040\n|switch|p1a: Notorious B.I.G.|Dondozo, F, shiny|100\/100\n|move|p2a: Umbreon|Yawn|p1a: Notorious B.I.G.\n|-start|p1a: Notorious B.I.G.|move: Yawn|[of] p2a: Umbreon\n|\n|-heal|p2a: Umbreon|92\/100|[from] item: Leftovers\n|upkeep\n|turn|7\n|\n|t:|1701148042\n|move|p2a: Umbreon|Wish|p2a: Umbreon\n|move|p1a: Notorious B.I.G.|Body Press|p2a: Umbreon\n|-supereffective|p2a: Umbreon\n|-damage|p2a: Umbreon|54\/100\n|\n|-heal|p2a: Umbreon|60\/100|[from] item: Leftovers\n|-end|p1a: Notorious B.I.G.|move: Yawn|[silent]\n|-status|p1a: Notorious B.I.G.|slp\n|upkeep\n|turn|8\n|\n|t:|1701148056\n|switch|p1a: Dr. Dre|Mamoswine, M, shiny|100\/100\n|move|p2a: Umbreon|Foul Play|p1a: Dr. Dre\n|-damage|p1a: Dr. Dre|46\/100\n|\n|-heal|p2a: Umbreon|100\/100|[from] move: Wish|[wisher] Umbreon\n|upkeep\n|turn|9\n|\n|t:|1701148063\n|move|p1a: Dr. Dre|Icicle Crash|p2a: Umbreon\n|-damage|p2a: Umbreon|72\/100\n|move|p2a: Umbreon|Foul Play|p1a: Dr. Dre\n|-damage|p1a: Dr. Dre|0 fnt\n|faint|p1a: Dr. Dre\n|\n|-heal|p2a: Umbreon|78\/100|[from] item: Leftovers\n|upkeep\n|\n|t:|1701148067\n|switch|p1a: Snoop Dogg|Great Tusk|100\/100\n|turn|10\n|\n|t:|1701148074\n|move|p2a: Umbreon|Protect|p2a: Umbreon\n|-singleturn|p2a: Umbreon|Protect\n|move|p1a: Snoop Dogg|Bulk Up|p1a: Snoop Dogg\n|-boost|p1a: Snoop Dogg|atk|1\n|-boost|p1a: Snoop Dogg|def|1\n|\n|-heal|p2a: Umbreon|84\/100|[from] item: Leftovers\n|upkeep\n|turn|11\n|\n|t:|1701148082\n|switch|p2a: Espeon|Espeon, F|100\/100\n|move|p1a: Snoop Dogg|Rapid Spin|p2a: Espeon\n|-damage|p2a: Espeon|71\/100\n|-boost|p1a: Snoop Dogg|spe|1\n|\n|upkeep\n|turn|12\n|\n|t:|1701148091\n|-end|p1a: Snoop Dogg|Protosynthesis|[silent]\n|switch|p1a: Nicki Minaj|Mandibuzz, F, shiny|100\/100\n|move|p2a: Espeon|Trick|p1a: Nicki Minaj\n|-activate|p2a: Espeon|move: Trick|[of] p1a: Nicki Minaj\n|-item|p1a: Nicki Minaj|Choice Scarf|[from] move: Trick\n|-item|p2a: Espeon|Heavy-Duty Boots|[from] move: Trick\n|\n|upkeep\n|turn|13\n|\n|t:|1701148100\n|switch|p2a: Glimmora|Glimmora, F|100\/100\n|move|p1a: Nicki Minaj|Foul Play|p2a: Glimmora\n|-damage|p2a: Glimmora|87\/100\n|-activate|p2a: Glimmora|ability: Toxic Debris\n|-sidestart|p1: McD's Dollar Menu|move: Toxic Spikes\n|\n|upkeep\n|turn|14\n|\n|t:|1701148117\n|move|p1a: Nicki Minaj|Foul Play|p2a: Glimmora\n|-damage|p2a: Glimmora|72\/100\n|-activate|p2a: Glimmora|ability: Toxic Debris\n|-sidestart|p1: McD's Dollar Menu|move: Toxic Spikes\n|move|p2a: Glimmora|Mortal Spin|p1a: Nicki Minaj\n|-damage|p1a: Nicki Minaj|97\/100\n|-status|p1a: Nicki Minaj|psn\n|\n|-damage|p1a: Nicki Minaj|84\/100 psn|[from] psn\n|upkeep\n|turn|15\n|\n|t:|1701148121\n|move|p1a: Nicki Minaj|Foul Play|p2a: Glimmora\n|-damage|p2a: Glimmora|56\/100\n|move|p2a: Glimmora|Stealth Rock|p1a: Nicki Minaj\n|-sidestart|p1: McD's Dollar Menu|move: Stealth Rock\n|\n|-damage|p1a: Nicki Minaj|72\/100 psn|[from] psn\n|upkeep\n|turn|16\n|\n|t:|1701148132\n|switch|p1a: Notorious B.I.G.|Dondozo, F, shiny|100\/100 slp\n|switch|p2a: Garganacl|Garganacl, M, shiny|100\/100\n|\n|upkeep\n|turn|17\n|\n|t:|1701148141\n|switch|p1a: Nicki Minaj|Mandibuzz, F, shiny|72\/100 psn\n|-damage|p1a: Nicki Minaj|47\/100 psn|[from] Stealth Rock\n|move|p2a: Garganacl|Salt Cure|p1a: Nicki Minaj\n|-supereffective|p1a: Nicki Minaj\n|-damage|p1a: Nicki Minaj|32\/100 psn\n|-start|p1a: Nicki Minaj|Salt Cure\n|\n|-damage|p1a: Nicki Minaj|20\/100 psn|[from] psn\n|-damage|p1a: Nicki Minaj|7\/100 psn|[from] Salt Cure\n|upkeep\n|turn|18\n|\n|t:|1701148161\n|switch|p2a: Umbreon|Umbreon, M, shiny|84\/100\n|move|p1a: Nicki Minaj|Defog|p2a: Umbreon\n|-unboost|p2a: Umbreon|evasion|1\n|-sideend|p1: McD's Dollar Menu|Toxic Spikes|[from] move: Defog|[of] p1a: Nicki Minaj\n|-sideend|p1: McD's Dollar Menu|Stealth Rock|[from] move: Defog|[of] p1a: Nicki Minaj\n|\n|-heal|p2a: Umbreon|90\/100|[from] item: Leftovers\n|-damage|p1a: Nicki Minaj|0 fnt|[from] psn\n|faint|p1a: Nicki Minaj\n|upkeep\n|\n|t:|1701148168\n|switch|p1a: Slim Shady|Skeledirge, M, shiny|100\/100\n|turn|19\n|\n|t:|1701148172\n|move|p1a: Slim Shady|Torch Song|p2a: Umbreon\n|-damage|p2a: Umbreon|73\/100\n|-boost|p1a: Slim Shady|spa|1\n|move|p2a: Umbreon|Yawn|p1a: Slim Shady\n|-start|p1a: Slim Shady|move: Yawn|[of] p2a: Umbreon\n|\n|-heal|p2a: Umbreon|79\/100|[from] item: Leftovers\n|upkeep\n|turn|20\n|\n|t:|1701148179\n|switch|p2a: Rotom|Rotom-Wash|82\/100\n|move|p1a: Slim Shady|Will-O-Wisp|p2a: Rotom\n|-status|p2a: Rotom|brn\n|\n|-damage|p2a: Rotom|75\/100 brn|[from] brn\n|-end|p1a: Slim Shady|move: Yawn|[silent]\n|-message|Sleep Clause Mod activated.\n|-hint|Sleep Clause Mod prevents players from putting more than one of their opponent's Pok\u00e9mon to sleep at a time\n|upkeep\n|turn|21\n|\n|t:|1701148196\n|move|p2a: Rotom|Trick|p1a: Slim Shady\n|-activate|p2a: Rotom|move: Trick|[of] p1a: Slim Shady\n|-item|p1a: Slim Shady|Choice Band|[from] move: Trick\n|-item|p2a: Rotom|Heavy-Duty Boots|[from] move: Trick\n|move|p1a: Slim Shady|Hex|p2a: Rotom\n|-damage|p2a: Rotom|0 fnt\n|faint|p2a: Rotom\n|\n|upkeep\n|\n|t:|1701148203\n|switch|p2a: Glimmora|Glimmora, F|56\/100\n|turn|22\n|\n|t:|1701148206\n|move|p2a: Glimmora|Mortal Spin|p1a: Slim Shady\n|-resisted|p1a: Slim Shady\n|-damage|p1a: Slim Shady|98\/100\n|-status|p1a: Slim Shady|psn\n|move|p1a: Slim Shady|Hex|p2a: Glimmora\n|-damage|p2a: Glimmora|17\/100\n|\n|-damage|p1a: Slim Shady|86\/100 psn|[from] psn\n|upkeep\n|turn|23\n|\n|t:|1701148209\n|move|p2a: Glimmora|Light Screen|p2a: Glimmora\n|-sidestart|p2: liaoya|move: Light Screen\n|move|p1a: Slim Shady|Hex|p2a: Glimmora\n|-damage|p2a: Glimmora|0 fnt\n|faint|p2a: Glimmora\n|\n|-damage|p1a: Slim Shady|73\/100 psn|[from] psn\n|upkeep\n|\n|t:|1701148217\n|switch|p2a: Garganacl|Garganacl, M, shiny|100\/100\n|turn|24\n|\n|t:|1701148219\n|switch|p1a: Snoop Dogg|Great Tusk|100\/100\n|move|p2a: Garganacl|Salt Cure|p1a: Snoop Dogg\n|-resisted|p1a: Snoop Dogg\n|-damage|p1a: Snoop Dogg|98\/100\n|-start|p1a: Snoop Dogg|Salt Cure\n|\n|-heal|p1a: Snoop Dogg|100\/100|[from] item: Leftovers\n|-damage|p1a: Snoop Dogg|88\/100|[from] Salt Cure\n|upkeep\n|turn|25\n|\n|t:|1701148228\n|-terastallize|p2a: Garganacl|Ghost\n|move|p1a: Snoop Dogg|Bulk Up|p1a: Snoop Dogg\n|-boost|p1a: Snoop Dogg|atk|1\n|-boost|p1a: Snoop Dogg|def|1\n|move|p2a: Garganacl|Iron Defense|p2a: Garganacl\n|-boost|p2a: Garganacl|def|2\n|\n|-heal|p1a: Snoop Dogg|94\/100|[from] item: Leftovers\n|-damage|p1a: Snoop Dogg|82\/100|[from] Salt Cure\n|upkeep\n|turn|26\n|\n|t:|1701148234\n|move|p1a: Snoop Dogg|Bulk Up|p1a: Snoop Dogg\n|-boost|p1a: Snoop Dogg|atk|1\n|-boost|p1a: Snoop Dogg|def|1\n|move|p2a: Garganacl|Iron Defense|p2a: Garganacl\n|-boost|p2a: Garganacl|def|2\n|\n|-heal|p1a: Snoop Dogg|88\/100|[from] item: Leftovers\n|-damage|p1a: Snoop Dogg|76\/100|[from] Salt Cure\n|upkeep\n|turn|27\n|\n|t:|1701148240\n|move|p1a: Snoop Dogg|Bulk Up|p1a: Snoop Dogg\n|-boost|p1a: Snoop Dogg|atk|1\n|-boost|p1a: Snoop Dogg|def|1\n|move|p2a: Garganacl|Iron Defense|p2a: Garganacl\n|-boost|p2a: Garganacl|def|2\n|\n|-heal|p1a: Snoop Dogg|82\/100|[from] item: Leftovers\n|-damage|p1a: Snoop Dogg|69\/100|[from] Salt Cure\n|-sideend|p2: liaoya|move: Light Screen\n|upkeep\n|turn|28\n|\n|t:|1701148243\n|move|p1a: Snoop Dogg|Bulk Up|p1a: Snoop Dogg\n|-boost|p1a: Snoop Dogg|atk|1\n|-boost|p1a: Snoop Dogg|def|1\n|move|p2a: Garganacl|Body Press|p1a: Snoop Dogg\n|-damage|p1a: Snoop Dogg|49\/100\n|\n|-heal|p1a: Snoop Dogg|55\/100|[from] item: Leftovers\n|-damage|p1a: Snoop Dogg|43\/100|[from] Salt Cure\n|upkeep\n|turn|29\n|\n|t:|1701148247\n|move|p1a: Snoop Dogg|Earthquake|p2a: Garganacl\n|-damage|p2a: Garganacl|75\/100\n|move|p2a: Garganacl|Body Press|p1a: Snoop Dogg\n|-damage|p1a: Snoop Dogg|22\/100\n|\n|-heal|p1a: Snoop Dogg|29\/100|[from] item: Leftovers\n|-heal|p2a: Garganacl|81\/100|[from] item: Leftovers\n|-damage|p1a: Snoop Dogg|16\/100|[from] Salt Cure\n|upkeep\n|turn|30\n|\n|t:|1701148251\n|move|p1a: Snoop Dogg|Earthquake|p2a: Garganacl\n|-damage|p2a: Garganacl|59\/100\n|move|p2a: Garganacl|Body Press|p1a: Snoop Dogg\n|-damage|p1a: Snoop Dogg|0 fnt\n|faint|p1a: Snoop Dogg\n|-end|p1a: Snoop Dogg|Protosynthesis|[silent]\n|\n|-heal|p2a: Garganacl|65\/100|[from] item: Leftovers\n|upkeep\n|\n|t:|1701148254\n|switch|p1a: Kendrick Lamar|Dragapult, M, shiny|68\/100\n|turn|31\n|\n|t:|1701148260\n|move|p1a: Kendrick Lamar|Shadow Ball|p2a: Garganacl\n|-supereffective|p2a: Garganacl\n|-damage|p2a: Garganacl|29\/100\n|move|p2a: Garganacl|Recover|p2a: Garganacl\n|-heal|p2a: Garganacl|79\/100\n|\n|-heal|p2a: Garganacl|86\/100|[from] item: Leftovers\n|upkeep\n|turn|32\n|\n|t:|1701148263\n|move|p1a: Kendrick Lamar|Shadow Ball|p2a: Garganacl\n|-supereffective|p2a: Garganacl\n|-crit|p2a: Garganacl\n|-damage|p2a: Garganacl|35\/100\n|move|p2a: Garganacl|Salt Cure|p1a: Kendrick Lamar\n|-damage|p1a: Kendrick Lamar|49\/100\n|-start|p1a: Kendrick Lamar|Salt Cure\n|\n|-heal|p2a: Garganacl|41\/100|[from] item: Leftovers\n|-damage|p1a: Kendrick Lamar|37\/100|[from] Salt Cure\n|upkeep\n|turn|33\n|\n|t:|1701148270\n|switch|p2a: Umbreon|Umbreon, M, shiny|79\/100\n|-terastallize|p1a: Kendrick Lamar|Ghost\n|move|p1a: Kendrick Lamar|Shadow Ball|p2a: Umbreon\n|-resisted|p2a: Umbreon\n|-damage|p2a: Umbreon|58\/100\n|\n|-heal|p2a: Umbreon|64\/100|[from] item: Leftovers\n|-damage|p1a: Kendrick Lamar|24\/100|[from] Salt Cure\n|upkeep\n|turn|34\n|\n|t:|1701148274\n|switch|p1a: Slim Shady|Skeledirge, M, shiny|73\/100 psn\n|move|p2a: Umbreon|Wish|p2a: Umbreon\n|\n|-heal|p2a: Umbreon|71\/100|[from] item: Leftovers\n|-damage|p1a: Slim Shady|61\/100 psn|[from] psn\n|upkeep\n|turn|35\n|\n|t:|1701148278\n|move|p1a: Slim Shady|Torch Song|p2a: Umbreon\n|-damage|p2a: Umbreon|52\/100\n|-boost|p1a: Slim Shady|spa|1\n|move|p2a: Umbreon|Foul Play|p1a: Slim Shady\n|-supereffective|p1a: Slim Shady\n|-damage|p1a: Slim Shady|28\/100 psn\n|\n|-heal|p2a: Umbreon|100\/100|[from] move: Wish|[wisher] Umbreon\n|-damage|p1a: Slim Shady|15\/100 psn|[from] psn\n|upkeep\n|turn|36\n|\n|t:|1701148282\n|move|p1a: Slim Shady|Torch Song|p2a: Umbreon\n|-damage|p2a: Umbreon|72\/100\n|-boost|p1a: Slim Shady|spa|1\n|move|p2a: Umbreon|Wish|p2a: Umbreon\n|\n|-heal|p2a: Umbreon|78\/100|[from] item: Leftovers\n|-damage|p1a: Slim Shady|3\/100 psn|[from] psn\n|upkeep\n|turn|37\n|\n|t:|1701148285\n|move|p2a: Umbreon|Protect|p2a: Umbreon\n|-singleturn|p2a: Umbreon|Protect\n|move|p1a: Slim Shady|Torch Song|p2a: Umbreon\n|-activate|p2a: Umbreon|move: Protect\n|\n|-heal|p2a: Umbreon|100\/100|[from] move: Wish|[wisher] Umbreon\n|-damage|p1a: Slim Shady|0 fnt|[from] psn\n|faint|p1a: Slim Shady\n|upkeep\n|\n|t:|1701148288\n|switch|p1a: Notorious B.I.G.|Dondozo, F, shiny|100\/100 slp\n|turn|38\n|\n|t:|1701148294\n|switch|p2a: Drifblim|Drifblim, F|100\/100\n|cant|p1a: Notorious B.I.G.|slp\n|move|p1a: Notorious B.I.G.|Sleep Talk|p1a: Notorious B.I.G.\n|move|p1a: Notorious B.I.G.|Liquidation|p2a: Drifblim|[from]move: Sleep Talk\n|-damage|p2a: Drifblim|59\/100\n|\n|upkeep\n|turn|39\n|\n|t:|1701148300\n|move|p2a: Drifblim|Trick|p1a: Notorious B.I.G.\n|-activate|p2a: Drifblim|move: Trick|[of] p1a: Notorious B.I.G.\n|-item|p1a: Notorious B.I.G.|Choice Scarf|[from] move: Trick\n|-item|p2a: Drifblim|Heavy-Duty Boots|[from] move: Trick\n|-curestatus|p1a: Notorious B.I.G.|slp|[msg]\n|move|p1a: Notorious B.I.G.|Sleep Talk||[still]\n|-fail|p1a: Notorious B.I.G.\n|\n|upkeep\n|turn|40\n|c|\u2606McD's Dollar Menu|cancer team\n|-message|McD's Dollar Menu forfeited.\n|\n|win|liaoya\n|raw|McD&apos;s Dollar Menu's rating: 1626 &rarr; <strong>1602<\/strong><br \/>(-24 for losing)\n|raw|liaoya's rating: 1564 &rarr; <strong>1588<\/strong><br \/>(+24 for winning)\n|l|\u2606McD's Dollar Menu\n","uploadtime":1701148316,"views":4,"p1id":"mcdsdollarmenu","p2id":"liaoya","formatid":"gen9ou","rating":1588,"private":0,"password":""}