{"id":"gen9ou-1990047867","p1":"cesarmiguez","p2":"PLAYB0I R0BBIE B","format":"[Gen 9] OU","log":"|j|\u2606cesarmiguez\n|j|\u2606PLAYB0I R0BBIE B\n|t:|1699918921\n|gametype|singles\n|player|p1|cesarmiguez|n|1353\n|player|p2|PLAYB0I R0BBIE B|eusine|1457\n|teamsize|p1|6\n|teamsize|p2|6\n|gen|9\n|tier|[Gen 9] OU\n|rated|\n|rule|Sleep Clause Mod: Limit one foe put to sleep\n|rule|Species Clause: Limit one of each Pok\u00e9mon\n|rule|OHKO Clause: OHKO moves are banned\n|rule|Evasion Items Clause: Evasion items are banned\n|rule|Evasion Moves Clause: Evasion moves are banned\n|rule|Endless Battle Clause: Forcing endless battles is banned\n|rule|HP Percentage Mod: HP is shown in percentages\n|clearpoke\n|poke|p1|Slowking-Galar, M|\n|poke|p1|Tornadus-Therian, M|\n|poke|p1|Dondozo, F|\n|poke|p1|Cinderace, F|\n|poke|p1|Great Tusk|\n|poke|p1|Ogerpon, F|\n|poke|p2|Glimmora, F|\n|poke|p2|Meowscarada, F|\n|poke|p2|Thundurus-Therian, M|\n|poke|p2|Dragapult, F|\n|poke|p2|Heatran, F|\n|poke|p2|Great Tusk|\n|teampreview\n|\n|t:|1699918930\n|start\n|switch|p1a: Slowking|Slowking-Galar, M|100\/100\n|switch|p2a: Thundurus|Thundurus-Therian, M|100\/100\n|turn|1\n|\n|t:|1699918935\n|move|p2a: Thundurus|Knock Off|p1a: Slowking\n|-supereffective|p1a: Slowking\n|-damage|p1a: Slowking|56\/100\n|-enditem|p1a: Slowking|Assault Vest|[from] move: Knock Off|[of] p2a: Thundurus\n|move|p1a: Slowking|Future Sight|p2a: Thundurus\n|-start|p1a: Slowking|move: Future Sight\n|\n|upkeep\n|turn|2\n|\n|t:|1699918945\n|switch|p2a: Heatran|Heatran, F|100\/100\n|-item|p2a: Heatran|Air Balloon\n|switch|p1a: Great Tusk|Great Tusk|100\/100\n|-enditem|p1a: Great Tusk|Booster Energy\n|-activate|p1a: Great Tusk|ability: Protosynthesis|[fromitem]\n|-start|p1a: Great Tusk|protosynthesisspe\n|\n|upkeep\n|turn|3\n|\n|t:|1699918963\n|switch|p2a: Dragapult|Dragapult, F|100\/100\n|move|p1a: Great Tusk|Bulk Up|p1a: Great Tusk\n|-boost|p1a: Great Tusk|atk|1\n|-boost|p1a: Great Tusk|def|1\n|\n|-end|p2a: Dragapult|move: Future Sight\n|-damage|p2a: Dragapult|29\/100\n|upkeep\n|turn|4\n|\n|t:|1699918971\n|move|p1a: Great Tusk|Ice Spinner|p2a: Dragapult\n|-supereffective|p2a: Dragapult\n|-damage|p2a: Dragapult|0 fnt\n|faint|p2a: Dragapult\n|\n|upkeep\n|\n|t:|1699918996\n|switch|p2a: Heatran|Heatran, F|100\/100\n|-item|p2a: Heatran|Air Balloon\n|turn|5\n|\n|t:|1699919007\n|move|p1a: Great Tusk|Close Combat|p2a: Heatran\n|-supereffective|p2a: Heatran\n|-damage|p2a: Heatran|0 fnt\n|-unboost|p1a: Great Tusk|def|1\n|-unboost|p1a: Great Tusk|spd|1\n|-enditem|p2a: Heatran|Air Balloon\n|faint|p2a: Heatran\n|\n|upkeep\n|\n|t:|1699919010\n|switch|p2a: Glimmora|Glimmora, F|100\/100\n|turn|6\n|\n|t:|1699919017\n|move|p1a: Great Tusk|Headlong Rush|p2a: Glimmora\n|-supereffective|p2a: Glimmora\n|-enditem|p2a: Glimmora|Focus Sash\n|-damage|p2a: Glimmora|1\/100\n|-unboost|p1a: Great Tusk|def|1\n|-unboost|p1a: Great Tusk|spd|1\n|-activate|p2a: Glimmora|ability: Toxic Debris\n|-sidestart|p1: cesarmiguez|move: Toxic Spikes\n|move|p2a: Glimmora|Energy Ball|p1a: Great Tusk\n|-supereffective|p1a: Great Tusk\n|-damage|p1a: Great Tusk|0 fnt\n|faint|p1a: Great Tusk\n|-end|p1a: Great Tusk|Protosynthesis|[silent]\n|\n|upkeep\n|\n|t:|1699919023\n|switch|p1a: Cinderace|Cinderace, F|100\/100\n|turn|7\n|\n|t:|1699919031\n|move|p1a: Cinderace|Pyro Ball|p2a: Glimmora\n|-resisted|p2a: Glimmora\n|-damage|p2a: Glimmora|0 fnt\n|-activate|p2a: Glimmora|ability: Toxic Debris\n|-sidestart|p1: cesarmiguez|move: Toxic Spikes\n|faint|p2a: Glimmora\n|\n|upkeep\n|\n|t:|1699919036\n|switch|p2a: Thundurus|Thundurus-Therian, M|100\/100\n|turn|8\n|\n|t:|1699919046\n|-terastallize|p2a: Thundurus|Flying\n|move|p1a: Cinderace|Court Change|p1a: Cinderace\n|-swapsideconditions\n|-activate|p1a: Cinderace|move: Court Change\n|move|p2a: Thundurus|Tera Blast|p1a: Cinderace|[anim] Tera Blast Flying\n|-damage|p1a: Cinderace|0 fnt\n|faint|p1a: Cinderace\n|\n|upkeep\n|\n|t:|1699919057\n|switch|p1a: Slowking|Slowking-Galar, M|90\/100\n|turn|9\n|\n|t:|1699919062\n|move|p2a: Thundurus|Tera Blast|p1a: Slowking|[anim] Tera Blast Flying\n|-damage|p1a: Slowking|35\/100\n|move|p1a: Slowking|Sludge Bomb|p2a: Thundurus\n|-damage|p2a: Thundurus|47\/100\n|\n|upkeep\n|turn|10\n|\n|t:|1699919068\n|move|p2a: Thundurus|Tera Blast|p1a: Slowking|[anim] Tera Blast Flying\n|-damage|p1a: Slowking|0 fnt\n|faint|p1a: Slowking\n|\n|upkeep\n|\n|t:|1699919077\n|switch|p1a: Tornadus|Tornadus-Therian, M|100\/100\n|turn|11\n|\n|t:|1699919080\n|switch|p2a: Great Tusk|Great Tusk|100\/100\n|move|p1a: Tornadus|Bleakwind Storm|p2a: Great Tusk\n|-supereffective|p2a: Great Tusk\n|-damage|p2a: Great Tusk|0 fnt\n|faint|p2a: Great Tusk\n|-end|p2a: Great Tusk|Protosynthesis|[silent]\n|\n|upkeep\n|\n|t:|1699919082\n|switch|p2a: Thundurus|Thundurus-Therian, M, tera:Flying|47\/100\n|turn|12\n|\n|t:|1699919089\n|switch|p1a: Dondozo|Dondozo, F|100\/100\n|move|p2a: Thundurus|Volt Switch|p1a: Dondozo\n|-supereffective|p1a: Dondozo\n|-damage|p1a: Dondozo|0 fnt\n|faint|p1a: Dondozo\n|\n|t:|1699919092\n|switch|p2a: Meowscarada|Meowscarada, F|100\/100|[from] Volt Switch\n|-status|p2a: Meowscarada|tox\n|\n|-damage|p2a: Meowscarada|94\/100 tox|[from] psn\n|upkeep\n|\n|t:|1699919095\n|switch|p1a: Ogerpon|Ogerpon, F|100\/100\n|turn|13\n|\n|t:|1699919099\n|-terastallize|p1a: Ogerpon|Grass\n|detailschange|p1a: Ogerpon|Ogerpon-Teal-Tera, F, tera:Grass\n|-ability|p1a: Ogerpon|Embody Aspect (Teal)|boost\n|-boost|p1a: Ogerpon|spe|1\n|move|p1a: Ogerpon|Swords Dance|p1a: Ogerpon\n|-boost|p1a: Ogerpon|atk|2\n|move|p2a: Meowscarada|U-turn|p1a: Ogerpon\n|-start|p2a: Meowscarada|typechange|Bug|[from] ability: Protean\n|-supereffective|p1a: Ogerpon\n|-damage|p1a: Ogerpon|0 fnt\n|faint|p1a: Ogerpon\n|\n|t:|1699919105\n|switch|p2a: Thundurus|Thundurus-Therian, M, tera:Flying|47\/100|[from] U-turn\n|\n|upkeep\n|inactive|Battle timer is ON: inactive players will automatically lose when time's up. (requested by PLAYB0I R0BBIE B)\n|-message|cesarmiguez forfeited.\n|\n|win|PLAYB0I R0BBIE B\n|raw|cesarmiguez's rating: 1353 &rarr; <strong>1339<\/strong><br \/>(-14 for losing)\n|raw|PLAYB0I R0BBIE B's rating: 1457 &rarr; <strong>1471<\/strong><br \/>(+14 for winning)\n|l|\u2606cesarmiguez\n","uploadtime":1699919118,"views":7,"p1id":"cesarmiguez","p2id":"playb0ir0bbieb","formatid":"gen9ou","rating":1339,"private":0,"password":""}