{"id":"gen9ou-1989155038","p1":"ooj2","p2":"by nicole","format":"[Gen 9] OU","log":"|j|\u2606ooj2\n|j|\u2606by nicole\n|t:|1699818070\n|gametype|singles\n|player|p1|ooj2|psychicf-gen4|1406\n|player|p2|by nicole|lucas|1340\n|teamsize|p1|6\n|teamsize|p2|6\n|gen|9\n|tier|[Gen 9] OU\n|rated|\n|rule|Sleep Clause Mod: Limit one foe put to sleep\n|rule|Species Clause: Limit one of each Pok\u00e9mon\n|rule|OHKO Clause: OHKO moves are banned\n|rule|Evasion Items Clause: Evasion items are banned\n|rule|Evasion Moves Clause: Evasion moves are banned\n|rule|Endless Battle Clause: Forcing endless battles is banned\n|rule|HP Percentage Mod: HP is shown in percentages\n|clearpoke\n|poke|p1|Rillaboom, F|\n|poke|p1|Sneasler, F|\n|poke|p1|Manaphy|\n|poke|p1|Iron Valiant|\n|poke|p1|Cinderace, M|\n|poke|p1|Corviknight, M|\n|poke|p2|Ribombee, M|\n|poke|p2|Gholdengo|\n|poke|p2|Great Tusk|\n|poke|p2|Kingambit, F|\n|poke|p2|Manaphy|\n|poke|p2|Iron Moth|\n|teampreview\n|\n|t:|1699818090\n|start\n|switch|p1a: Glup Shiddo|Manaphy|100\/100\n|switch|p2a: Ribombee|Ribombee, M|100\/100\n|turn|1\n|\n|t:|1699818105\n|move|p2a: Ribombee|Stun Spore|p1a: Glup Shiddo\n|-status|p1a: Glup Shiddo|par\n|move|p1a: Glup Shiddo|Take Heart|p1a: Glup Shiddo\n|-boost|p1a: Glup Shiddo|spa|1\n|-boost|p1a: Glup Shiddo|spd|1\n|-curestatus|p1a: Glup Shiddo|par|[msg]\n|\n|upkeep\n|turn|2\n|\n|t:|1699818108\n|move|p2a: Ribombee|Sticky Web|p1a: Glup Shiddo\n|-sidestart|p1: ooj2|move: Sticky Web\n|move|p1a: Glup Shiddo|Acid Armor|p1a: Glup Shiddo\n|-boost|p1a: Glup Shiddo|def|2\n|\n|upkeep\n|turn|3\n|\n|t:|1699818112\n|move|p2a: Ribombee|Stun Spore|p1a: Glup Shiddo\n|-status|p1a: Glup Shiddo|par\n|move|p1a: Glup Shiddo|Take Heart|p1a: Glup Shiddo\n|-boost|p1a: Glup Shiddo|spa|1\n|-boost|p1a: Glup Shiddo|spd|1\n|-curestatus|p1a: Glup Shiddo|par|[msg]\n|\n|upkeep\n|turn|4\n|\n|t:|1699818116\n|move|p2a: Ribombee|Stun Spore|p1a: Glup Shiddo\n|-status|p1a: Glup Shiddo|par\n|move|p1a: Glup Shiddo|Take Heart|p1a: Glup Shiddo\n|-boost|p1a: Glup Shiddo|spa|1\n|-boost|p1a: Glup Shiddo|spd|1\n|-curestatus|p1a: Glup Shiddo|par|[msg]\n|\n|upkeep\n|turn|5\n|\n|t:|1699818121\n|move|p2a: Ribombee|Quiver Dance|p2a: Ribombee\n|-boost|p2a: Ribombee|spa|1\n|-boost|p2a: Ribombee|spd|1\n|-boost|p2a: Ribombee|spe|1\n|move|p1a: Glup Shiddo|Take Heart|p1a: Glup Shiddo\n|-boost|p1a: Glup Shiddo|spa|1\n|-boost|p1a: Glup Shiddo|spd|1\n|\n|upkeep\n|turn|6\n|\n|t:|1699818125\n|move|p2a: Ribombee|Stun Spore|p1a: Glup Shiddo\n|-status|p1a: Glup Shiddo|par\n|cant|p1a: Glup Shiddo|par\n|\n|upkeep\n|turn|7\n|\n|t:|1699818129\n|move|p2a: Ribombee|Quiver Dance|p2a: Ribombee\n|-boost|p2a: Ribombee|spa|1\n|-boost|p2a: Ribombee|spd|1\n|-boost|p2a: Ribombee|spe|1\n|move|p1a: Glup Shiddo|Take Heart|p1a: Glup Shiddo\n|-boost|p1a: Glup Shiddo|spa|1\n|-boost|p1a: Glup Shiddo|spd|1\n|-curestatus|p1a: Glup Shiddo|par|[msg]\n|\n|upkeep\n|turn|8\n|\n|t:|1699818132\n|move|p2a: Ribombee|Moonblast|p1a: Glup Shiddo\n|-damage|p1a: Glup Shiddo|79\/100\n|move|p1a: Glup Shiddo|Stored Power|p2a: Ribombee\n|-enditem|p2a: Ribombee|Focus Sash\n|-damage|p2a: Ribombee|1\/100\n|\n|-heal|p1a: Glup Shiddo|86\/100|[from] item: Leftovers\n|upkeep\n|turn|9\n|\n|t:|1699818142\n|move|p2a: Ribombee|Stun Spore|p1a: Glup Shiddo\n|-status|p1a: Glup Shiddo|par\n|cant|p1a: Glup Shiddo|par\n|\n|-heal|p1a: Glup Shiddo|92\/100 par|[from] item: Leftovers\n|upkeep\n|turn|10\n|\n|t:|1699818145\n|move|p2a: Ribombee|Moonblast|p1a: Glup Shiddo\n|-damage|p1a: Glup Shiddo|72\/100 par\n|move|p1a: Glup Shiddo|Scald|p2a: Ribombee\n|-damage|p2a: Ribombee|0 fnt\n|faint|p2a: Ribombee\n|\n|-heal|p1a: Glup Shiddo|78\/100 par|[from] item: Leftovers\n|upkeep\n|\n|t:|1699818157\n|switch|p2a: Manaphy|Manaphy|100\/100\n|turn|11\n|\n|t:|1699818160\n|move|p2a: Manaphy|Take Heart|p2a: Manaphy\n|-boost|p2a: Manaphy|spa|1\n|-boost|p2a: Manaphy|spd|1\n|move|p1a: Glup Shiddo|Take Heart|p1a: Glup Shiddo\n|-boost|p1a: Glup Shiddo|spa|1\n|-boost|p1a: Glup Shiddo|spd|1\n|-curestatus|p1a: Glup Shiddo|par|[msg]\n|\n|-heal|p1a: Glup Shiddo|84\/100|[from] item: Leftovers\n|upkeep\n|turn|12\n|\n|t:|1699818192\n|move|p1a: Glup Shiddo|Stored Power|p2a: Manaphy\n|-damage|p2a: Manaphy|0 fnt\n|faint|p2a: Manaphy\n|\n|-heal|p1a: Glup Shiddo|90\/100|[from] item: Leftovers\n|upkeep\n|-message|by nicole forfeited.\n|\n|win|ooj2\n|raw|ooj2's rating: 1406 &rarr; <strong>1422<\/strong><br \/>(+16 for winning)\n|raw|by nicole's rating: 1340 &rarr; <strong>1324<\/strong><br \/>(-16 for losing)\n|l|\u2606by nicole\n","uploadtime":1699818220,"views":11,"p1id":"ooj2","p2id":"bynicole","formatid":"gen9ou","rating":1324,"private":0,"password":""}