{"id":"gen9ou-1991579735","p1":"TurboKaiSM64","p2":"Poweryoink","format":"[Gen 9] OU","log":"|j|\u2606TurboKaiSM64\n|j|\u2606Poweryoink\n|t:|1700090512\n|gametype|singles\n|player|p1|TurboKaiSM64|170|\n|player|p2|Poweryoink|101|\n|teamsize|p1|6\n|teamsize|p2|6\n|gen|9\n|tier|[Gen 9] OU\n|rule|Sleep Clause Mod: Limit one foe put to sleep\n|rule|Species Clause: Limit one of each Pok\u00e9mon\n|rule|OHKO Clause: OHKO moves are banned\n|rule|Evasion Items Clause: Evasion items are banned\n|rule|Evasion Moves Clause: Evasion moves are banned\n|rule|Endless Battle Clause: Forcing endless battles is banned\n|rule|HP Percentage Mod: HP is shown in percentages\n|clearpoke\n|poke|p1|Ogerpon, F|\n|poke|p1|Gholdengo|\n|poke|p1|Glimmora, F|\n|poke|p1|Iron Moth|\n|poke|p1|Great Tusk|\n|poke|p1|Enamorus, F|\n|poke|p2|Samurott-Hisui, F|\n|poke|p2|Gholdengo|\n|poke|p2|Garchomp, M|\n|poke|p2|Slowking-Galar, M|\n|poke|p2|Iron Valiant|\n|poke|p2|Great Tusk|\n|teampreview\n|\n|t:|1700090518\n|start\n|switch|p1a: Glimmora|Glimmora, F|100\/100\n|switch|p2a: Samurott|Samurott-Hisui, F, shiny|100\/100\n|turn|1\n|\n|t:|1700090556\n|switch|p1a: Ogerpon|Ogerpon, F|100\/100\n|-terastallize|p2a: Samurott|Dark\n|move|p2a: Samurott|Ceaseless Edge|p1a: Ogerpon\n|-damage|p1a: Ogerpon|26\/100\n|-sidestart|p1: TurboKaiSM64|Spikes\n|\n|upkeep\n|turn|2\n|\n|t:|1700090570\n|-terastallize|p1a: Ogerpon|Grass\n|detailschange|p1a: Ogerpon|Ogerpon-Teal-Tera, F, tera:Grass\n|-ability|p1a: Ogerpon|Embody Aspect (Teal)|boost\n|-boost|p1a: Ogerpon|spe|1\n|move|p2a: Samurott|Sucker Punch|p1a: Ogerpon\n|-damage|p1a: Ogerpon|0 fnt\n|faint|p1a: Ogerpon\n|\n|upkeep\n|\n|t:|1700090597\n|switch|p1a: Great Tusk|Great Tusk|100\/100\n|-damage|p1a: Great Tusk|88\/100|[from] Spikes\n|-enditem|p1a: Great Tusk|Booster Energy\n|-activate|p1a: Great Tusk|ability: Protosynthesis|[fromitem]\n|-start|p1a: Great Tusk|protosynthesisatk\n|turn|3\n|\n|t:|1700090616\n|move|p2a: Samurott|Ceaseless Edge|p1a: Great Tusk\n|-resisted|p1a: Great Tusk\n|-damage|p1a: Great Tusk|63\/100\n|-sidestart|p1: TurboKaiSM64|Spikes\n|move|p1a: Great Tusk|Rapid Spin|p2a: Samurott\n|-damage|p2a: Samurott|67\/100\n|-boost|p1a: Great Tusk|spe|1\n|-sideend|p1: TurboKaiSM64|Spikes|[from] move: Rapid Spin|[of] p1a: Great Tusk\n|\n|upkeep\n|turn|4\n|\n|t:|1700090622\n|move|p1a: Great Tusk|Close Combat|p2a: Samurott\n|-supereffective|p2a: Samurott\n|-damage|p2a: Samurott|0 fnt\n|-unboost|p1a: Great Tusk|def|1\n|-unboost|p1a: Great Tusk|spd|1\n|faint|p2a: Samurott\n|\n|upkeep\n|\n|t:|1700090641\n|switch|p2a: Gholdengo|Gholdengo, shiny|100\/100\n|-item|p2a: Gholdengo|Air Balloon\n|turn|5\n|\n|t:|1700090659\n|-end|p1a: Great Tusk|Protosynthesis|[silent]\n|switch|p1a: Glimmora|Glimmora, F|100\/100\n|move|p2a: Gholdengo|Nasty Plot|p2a: Gholdengo\n|-boost|p2a: Gholdengo|spa|2\n|\n|upkeep\n|turn|6\n|\n|t:|1700090670\n|move|p2a: Gholdengo|Make It Rain|p1a: Glimmora\n|-supereffective|p1a: Glimmora\n|-enditem|p1a: Glimmora|Focus Sash\n|-damage|p1a: Glimmora|1\/100\n|-unboost|p2a: Gholdengo|spa|1\n|move|p1a: Glimmora|Stealth Rock|p2a: Gholdengo\n|-sidestart|p2: Poweryoink|move: Stealth Rock\n|\n|upkeep\n|turn|7\n|\n|t:|1700090690\n|switch|p1a: Enamorus|Enamorus, F|100\/100\n|move|p2a: Gholdengo|Shadow Ball|p1a: Enamorus\n|-damage|p1a: Enamorus|5\/100\n|\n|upkeep\n|turn|8\n|\n|t:|1700090717\n|switch|p2a: Iron Valiant|Iron Valiant|100\/100\n|-damage|p2a: Iron Valiant|95\/100|[from] Stealth Rock\n|-enditem|p2a: Iron Valiant|Booster Energy\n|-activate|p2a: Iron Valiant|ability: Quark Drive|[fromitem]\n|-start|p2a: Iron Valiant|quarkdrivespe\n|move|p1a: Enamorus|Mystical Fire|p2a: Iron Valiant\n|-damage|p2a: Iron Valiant|29\/100\n|-unboost|p2a: Iron Valiant|spa|1\n|\n|upkeep\n|turn|9\n|\n|t:|1700090729\n|move|p2a: Iron Valiant|Ice Punch|p1a: Enamorus\n|-supereffective|p1a: Enamorus\n|-damage|p1a: Enamorus|0 fnt\n|faint|p1a: Enamorus\n|\n|upkeep\n|\n|t:|1700090734\n|switch|p1a: Glimmora|Glimmora, F|1\/100\n|turn|10\n|\n|t:|1700090750\n|move|p2a: Iron Valiant|Moonblast|p1a: Glimmora\n|-resisted|p1a: Glimmora\n|-damage|p1a: Glimmora|0 fnt\n|faint|p1a: Glimmora\n|\n|upkeep\n|\n|t:|1700090770\n|switch|p1a: Gholdengo|Gholdengo|100\/100\n|turn|11\n|\n|t:|1700090820\n|-end|p2a: Iron Valiant|Quark Drive|[silent]\n|switch|p2a: Slowking|Slowking-Galar, M, shiny|100\/100\n|-damage|p2a: Slowking|88\/100|[from] Stealth Rock\n|move|p1a: Gholdengo|Shadow Ball|p2a: Slowking\n|-supereffective|p2a: Slowking\n|-damage|p2a: Slowking|7\/100\n|\n|-heal|p2a: Slowking|13\/100|[from] item: Black Sludge\n|upkeep\n|turn|12\n|\n|t:|1700090833\n|move|p1a: Gholdengo|Nasty Plot|p1a: Gholdengo\n|-boost|p1a: Gholdengo|spa|2\n|move|p2a: Slowking|Sludge Bomb|p1a: Gholdengo\n|-immune|p1a: Gholdengo\n|\n|-heal|p2a: Slowking|20\/100|[from] item: Black Sludge\n|upkeep\n|turn|13\n|\n|t:|1700090839\n|move|p1a: Gholdengo|Shadow Ball|p2a: Slowking\n|-supereffective|p2a: Slowking\n|-damage|p2a: Slowking|0 fnt\n|faint|p2a: Slowking\n|\n|upkeep\n|\n|t:|1700090848\n|switch|p2a: Gholdengo|Gholdengo, shiny|100\/100\n|-damage|p2a: Gholdengo|94\/100|[from] Stealth Rock\n|-item|p2a: Gholdengo|Air Balloon\n|turn|14\n|\n|t:|1700090852\n|move|p2a: Gholdengo|Shadow Ball|p1a: Gholdengo\n|-supereffective|p1a: Gholdengo\n|-crit|p1a: Gholdengo\n|-damage|p1a: Gholdengo|0 fnt\n|faint|p1a: Gholdengo\n|\n|upkeep\n|\n|t:|1700090861\n|switch|p1a: Iron Moth|Iron Moth|100\/100\n|-enditem|p1a: Iron Moth|Booster Energy\n|-activate|p1a: Iron Moth|ability: Quark Drive|[fromitem]\n|-start|p1a: Iron Moth|quarkdrivespa\n|turn|15\n|\n|t:|1700090873\n|switch|p2a: Garchomp|Garchomp, M, shiny|100\/100\n|-damage|p2a: Garchomp|94\/100|[from] Stealth Rock\n|move|p1a: Iron Moth|Substitute|p1a: Iron Moth\n|-start|p1a: Iron Moth|Substitute\n|-damage|p1a: Iron Moth|76\/100\n|\n|upkeep\n|turn|16\n|\n|t:|1700090890\n|move|p1a: Iron Moth|Fiery Dance|p2a: Garchomp\n|-resisted|p2a: Garchomp\n|-crit|p2a: Garchomp\n|-damage|p2a: Garchomp|48\/100\n|move|p2a: Garchomp|Scale Shot|p1a: Iron Moth\n|-activate|p1a: Iron Moth|move: Substitute|[damage]\n|-end|p1a: Iron Moth|Substitute\n|-damage|p1a: Iron Moth|53\/100\n|-damage|p1a: Iron Moth|30\/100\n|-damage|p1a: Iron Moth|7\/100\n|-hitcount|p1a: Iron Moth|5\n|-unboost|p2a: Garchomp|def|1\n|-boost|p2a: Garchomp|spe|1\n|\n|upkeep\n|turn|17\n|\n|t:|1700090932\n|move|p2a: Garchomp|Scale Shot|p1a: Iron Moth\n|-damage|p1a: Iron Moth|0 fnt\n|faint|p1a: Iron Moth\n|-end|p1a: Iron Moth|Quark Drive|[silent]\n|-hitcount|p1: Iron Moth|1\n|-unboost|p2a: Garchomp|def|1\n|-boost|p2a: Garchomp|spe|1\n|\n|upkeep\n|\n|t:|1700090938\n|switch|p1a: Great Tusk|Great Tusk|63\/100\n|turn|18\n|\n|t:|1700090943\n|move|p2a: Garchomp|Scale Shot|p1a: Great Tusk\n|-damage|p1a: Great Tusk|52\/100\n|-damage|p1a: Great Tusk|43\/100\n|-damage|p1a: Great Tusk|33\/100\n|-damage|p1a: Great Tusk|24\/100\n|-damage|p1a: Great Tusk|14\/100\n|-hitcount|p1a: Great Tusk|5\n|-unboost|p2a: Garchomp|def|1\n|-boost|p2a: Garchomp|spe|1\n|move|p1a: Great Tusk|Ice Spinner|p2a: Garchomp\n|-supereffective|p2a: Garchomp\n|-damage|p2a: Garchomp|0 fnt\n|-damage|p1a: Great Tusk|2\/100|[from] ability: Rough Skin|[of] p2a: Garchomp\n|faint|p2a: Garchomp\n|\n|upkeep\n|\n|t:|1700090964\n|switch|p2a: Gholdengo|Gholdengo, shiny|94\/100\n|-damage|p2a: Gholdengo|88\/100|[from] Stealth Rock\n|-item|p2a: Gholdengo|Air Balloon\n|turn|19\n|\n|t:|1700090979\n|move|p2a: Gholdengo|Make It Rain|p1a: Great Tusk\n|-crit|p1a: Great Tusk\n|-damage|p1a: Great Tusk|0 fnt\n|-unboost|p2a: Gholdengo|spa|1\n|faint|p1a: Great Tusk\n|-end|p1a: Great Tusk|Protosynthesis|[silent]\n|\n|win|Poweryoink\n","uploadtime":1700090991,"views":13,"p1id":"turbokaism64","p2id":"poweryoink","formatid":"gen9ou","rating":0,"private":0,"password":""}