{"id":"gen9ou-1988754283","p1":"ShinyLibby","p2":"6FuckingTypes","format":"[Gen 9] OU","log":"|j|\u2606ShinyLibby\n|j|\u26066FuckingTypes\n|t:|1699758846\n|gametype|singles\n|player|p1|ShinyLibby|brycenman|1101\n|player|p2|6FuckingTypes|allister|1120\n|teamsize|p1|6\n|teamsize|p2|6\n|gen|9\n|tier|[Gen 9] OU\n|rated|\n|rule|Sleep Clause Mod: Limit one foe put to sleep\n|rule|Species Clause: Limit one of each Pok\u00e9mon\n|rule|OHKO Clause: OHKO moves are banned\n|rule|Evasion Items Clause: Evasion items are banned\n|rule|Evasion Moves Clause: Evasion moves are banned\n|rule|Endless Battle Clause: Forcing endless battles is banned\n|rule|HP Percentage Mod: HP is shown in percentages\n|clearpoke\n|poke|p1|Gholdengo|\n|poke|p1|Gliscor, M|\n|poke|p1|Garganacl, F|\n|poke|p1|Scream Tail|\n|poke|p1|Ogerpon-Wellspring, F|\n|poke|p1|Pawmot, F|\n|poke|p2|Great Tusk|\n|poke|p2|Ting-Lu|\n|poke|p2|Landorus-Therian, M|\n|poke|p2|Garchomp, M|\n|poke|p2|Mamoswine, F|\n|poke|p2|Sandy Shocks|\n|teampreview\n|inactive|Battle timer is ON: inactive players will automatically lose when time's up. (requested by ShinyLibby)\n|\n|t:|1699758850\n|start\n|switch|p1a: Garganacl|Garganacl, F|100\/100\n|switch|p2a: Ting-Lu|Ting-Lu|100\/100\n|-ability|p2a: Ting-Lu|Vessel of Ruin\n|turn|1\n|\n|t:|1699758856\n|move|p2a: Ting-Lu|Spikes|p1a: Garganacl\n|-sidestart|p1: ShinyLibby|Spikes\n|move|p1a: Garganacl|Salt Cure|p2a: Ting-Lu\n|-resisted|p2a: Ting-Lu\n|-damage|p2a: Ting-Lu|98\/100\n|-start|p2a: Ting-Lu|Salt Cure\n|\n|-heal|p2a: Ting-Lu|100\/100|[from] item: Leftovers\n|-damage|p2a: Ting-Lu|88\/100|[from] Salt Cure\n|upkeep\n|turn|2\n|\n|t:|1699758864\n|move|p2a: Ting-Lu|Spikes|p1a: Garganacl\n|-sidestart|p1: ShinyLibby|Spikes\n|move|p1a: Garganacl|Stealth Rock|p2a: Ting-Lu\n|-sidestart|p2: 6FuckingTypes|move: Stealth Rock\n|\n|-heal|p2a: Ting-Lu|94\/100|[from] item: Leftovers\n|-damage|p2a: Ting-Lu|82\/100|[from] Salt Cure\n|upkeep\n|turn|3\n|\n|t:|1699758881\n|move|p1a: Garganacl|Protect|p1a: Garganacl\n|-singleturn|p1a: Garganacl|Protect\n|move|p2a: Ting-Lu|Spikes|p1a: Garganacl\n|-sidestart|p1: ShinyLibby|Spikes\n|\n|-heal|p2a: Ting-Lu|88\/100|[from] item: Leftovers\n|-damage|p2a: Ting-Lu|76\/100|[from] Salt Cure\n|upkeep\n|turn|4\n|\n|t:|1699758889\n|switch|p1a: Gliscor|Gliscor, M|100\/100\n|move|p2a: Ting-Lu|Earthquake|p1a: Gliscor\n|-immune|p1a: Gliscor\n|\n|-heal|p2a: Ting-Lu|82\/100|[from] item: Leftovers\n|-damage|p2a: Ting-Lu|69\/100|[from] Salt Cure\n|-status|p1a: Gliscor|tox|[from] item: Toxic Orb\n|upkeep\n|turn|5\n|\n|t:|1699758898\n|-terastallize|p2a: Ting-Lu|Poison\n|move|p1a: Gliscor|Toxic|p2a: Ting-Lu\n|-immune|p2a: Ting-Lu\n|move|p2a: Ting-Lu|Whirlwind|p1a: Gliscor\n|drag|p1a: Garganacl|Garganacl, F|100\/100\n|-damage|p1a: Garganacl|75\/100|[from] Spikes\n|\n|-heal|p2a: Ting-Lu|76\/100|[from] item: Leftovers\n|-heal|p1a: Garganacl|82\/100|[from] item: Leftovers\n|-damage|p2a: Ting-Lu|63\/100|[from] Salt Cure\n|upkeep\n|turn|6\n|\n|t:|1699758912\n|switch|p2a: Mamoswine|Mamoswine, F|100\/100\n|move|p1a: Garganacl|Protect||[still]\n|-fail|p1a: Garganacl\n|\n|-heal|p1a: Garganacl|88\/100|[from] item: Leftovers\n|upkeep\n|turn|7\n|\n|t:|1699758920\n|move|p2a: Mamoswine|Knock Off|p1a: Garganacl\n|-damage|p1a: Garganacl|69\/100\n|-enditem|p1a: Garganacl|Leftovers|[from] move: Knock Off|[of] p2a: Mamoswine\n|move|p1a: Garganacl|Salt Cure|p2a: Mamoswine\n|-damage|p2a: Mamoswine|84\/100\n|-start|p2a: Mamoswine|Salt Cure\n|\n|-damage|p2a: Mamoswine|72\/100|[from] Salt Cure\n|upkeep\n|turn|8\n|\n|t:|1699758932\n|move|p1a: Garganacl|Protect|p1a: Garganacl\n|-singleturn|p1a: Garganacl|Protect\n|move|p2a: Mamoswine|Earthquake|p1a: Garganacl\n|-activate|p1a: Garganacl|move: Protect\n|\n|-damage|p2a: Mamoswine|60\/100|[from] Salt Cure\n|upkeep\n|turn|9\n|\n|t:|1699758940\n|move|p2a: Mamoswine|Icicle Crash|p1a: Garganacl\n|-crit|p1a: Garganacl\n|-damage|p1a: Garganacl|35\/100\n|cant|p1a: Garganacl|flinch\n|\n|-damage|p2a: Mamoswine|47\/100|[from] Salt Cure\n|upkeep\n|turn|10\n|\n|t:|1699758948\n|switch|p2a: Landorus|Landorus-Therian, M|100\/100\n|-ability|p2a: Landorus|Intimidate|boost\n|-unboost|p1a: Garganacl|atk|1\n|move|p1a: Garganacl|Protect||[still]\n|-fail|p1a: Garganacl\n|\n|upkeep\n|turn|11\n|\n|t:|1699758956\n|switch|p1a: Gliscor|Gliscor, M|100\/100 tox\n|move|p2a: Landorus|Earthquake|p1a: Gliscor\n|-immune|p1a: Gliscor\n|\n|upkeep\n|turn|12\n|\n|t:|1699758961\n|move|p2a: Landorus|U-turn|p1a: Gliscor\n|-resisted|p1a: Gliscor\n|-damage|p1a: Gliscor|93\/100 tox\n|\n|t:|1699758973\n|switch|p2a: Ting-Lu|Ting-Lu, tera:Poison|63\/100|[from] U-turn\n|-damage|p2a: Ting-Lu|51\/100|[from] Stealth Rock\n|-ability|p2a: Ting-Lu|Vessel of Ruin\n|move|p1a: Gliscor|Toxic|p2a: Ting-Lu\n|-immune|p2a: Ting-Lu\n|\n|-heal|p2a: Ting-Lu|57\/100|[from] item: Leftovers\n|-heal|p1a: Gliscor|100\/100 tox|[from] ability: Poison Heal\n|upkeep\n|turn|13\n|\n|t:|1699758985\n|move|p1a: Gliscor|Substitute|p1a: Gliscor\n|-start|p1a: Gliscor|Substitute\n|-damage|p1a: Gliscor|75\/100 tox\n|move|p2a: Ting-Lu|Whirlwind|p1a: Gliscor\n|drag|p1a: Scream Tail|Scream Tail|100\/100\n|-damage|p1a: Scream Tail|76\/100|[from] Spikes\n|\n|-heal|p1a: Scream Tail|82\/100|[from] item: Leftovers\n|-heal|p2a: Ting-Lu|63\/100|[from] item: Leftovers\n|upkeep\n|turn|14\n|\n|t:|1699758995\n|move|p1a: Scream Tail|Wish|p1a: Scream Tail\n|move|p2a: Ting-Lu|Whirlwind|p1a: Scream Tail\n|-end|p1a: Scream Tail|Protosynthesis|[silent]\n|drag|p1a: Pawmot|Pawmot, F|100\/100\n|-damage|p1a: Pawmot|76\/100|[from] Spikes\n|\n|-heal|p2a: Ting-Lu|69\/100|[from] item: Leftovers\n|upkeep\n|turn|15\n|\n|t:|1699759005\n|move|p1a: Pawmot|Protect|p1a: Pawmot\n|-singleturn|p1a: Pawmot|Protect\n|move|p2a: Ting-Lu|Earthquake|p1a: Pawmot\n|-activate|p1a: Pawmot|move: Protect\n|\n|-heal|p1a: Pawmot|100\/100|[from] move: Wish|[wisher] Scream Tail\n|-heal|p2a: Ting-Lu|76\/100|[from] item: Leftovers\n|upkeep\n|turn|16\n|\n|t:|1699759013\n|switch|p1a: Gliscor|Gliscor, M|75\/100 tox\n|move|p2a: Ting-Lu|Earthquake|p1a: Gliscor\n|-immune|p1a: Gliscor\n|\n|-heal|p2a: Ting-Lu|82\/100|[from] item: Leftovers\n|-heal|p1a: Gliscor|88\/100 tox|[from] ability: Poison Heal\n|upkeep\n|turn|17\n|\n|t:|1699759022\n|move|p1a: Gliscor|Protect|p1a: Gliscor\n|-singleturn|p1a: Gliscor|Protect\n|move|p2a: Ting-Lu|Whirlwind|p1a: Gliscor\n|drag|p1a: Scream Tail|Scream Tail|82\/100\n|-damage|p1a: Scream Tail|57\/100|[from] Spikes\n|\n|-heal|p1a: Scream Tail|63\/100|[from] item: Leftovers\n|-heal|p2a: Ting-Lu|88\/100|[from] item: Leftovers\n|upkeep\n|turn|18\n|\n|t:|1699759031\n|move|p1a: Scream Tail|Wish|p1a: Scream Tail\n|move|p2a: Ting-Lu|Whirlwind|p1a: Scream Tail\n|-end|p1a: Scream Tail|Protosynthesis|[silent]\n|drag|p1a: Garganacl|Garganacl, F|35\/100\n|-damage|p1a: Garganacl|10\/100|[from] Spikes\n|\n|-heal|p2a: Ting-Lu|94\/100|[from] item: Leftovers\n|upkeep\n|turn|19\n|\n|t:|1699759038\n|move|p1a: Garganacl|Protect|p1a: Garganacl\n|-singleturn|p1a: Garganacl|Protect\n|move|p2a: Ting-Lu|Earthquake|p1a: Garganacl\n|-activate|p1a: Garganacl|move: Protect\n|\n|-heal|p1a: Garganacl|60\/100|[from] move: Wish|[wisher] Scream Tail\n|-heal|p2a: Ting-Lu|100\/100|[from] item: Leftovers\n|upkeep\n|turn|20\n|\n|t:|1699759046\n|move|p2a: Ting-Lu|Earthquake|p1a: Garganacl\n|-supereffective|p1a: Garganacl\n|-damage|p1a: Garganacl|17\/100\n|move|p1a: Garganacl|Recover|p1a: Garganacl\n|-heal|p1a: Garganacl|67\/100\n|\n|upkeep\n|turn|21\n|\n|t:|1699759054\n|move|p1a: Garganacl|Salt Cure|p2a: Ting-Lu\n|-damage|p2a: Ting-Lu|95\/100\n|-start|p2a: Ting-Lu|Salt Cure\n|move|p2a: Ting-Lu|Whirlwind|p1a: Garganacl\n|drag|p1a: Ogerpon|Ogerpon-Wellspring, F|100\/100\n|-damage|p1a: Ogerpon|76\/100|[from] Spikes\n|\n|-heal|p2a: Ting-Lu|100\/100|[from] item: Leftovers\n|-damage|p2a: Ting-Lu|88\/100|[from] Salt Cure\n|upkeep\n|turn|22\n|\n|t:|1699759078\n|switch|p2a: Landorus|Landorus-Therian, M|100\/100\n|-ability|p2a: Landorus|Intimidate|boost\n|-unboost|p1a: Ogerpon|atk|1\n|move|p1a: Ogerpon|Encore||[still]\n|-fail|p1a: Ogerpon\n|\n|upkeep\n|turn|23\n|\n|t:|1699759089\n|switch|p1a: Gliscor|Gliscor, M|88\/100 tox\n|move|p2a: Landorus|U-turn|p1a: Gliscor\n|-resisted|p1a: Gliscor\n|-damage|p1a: Gliscor|81\/100 tox\n|\n|t:|1699759094\n|switch|p2a: Mamoswine|Mamoswine, F|47\/100|[from] U-turn\n|\n|-heal|p1a: Gliscor|93\/100 tox|[from] ability: Poison Heal\n|upkeep\n|turn|24\n|\n|t:|1699759111\n|switch|p1a: Garganacl|Garganacl, F|67\/100\n|-damage|p1a: Garganacl|42\/100|[from] Spikes\n|move|p2a: Mamoswine|Icicle Crash|p1a: Garganacl\n|-damage|p1a: Garganacl|19\/100\n|\n|upkeep\n|turn|25\n|\n|t:|1699759120\n|move|p1a: Garganacl|Protect|p1a: Garganacl\n|-singleturn|p1a: Garganacl|Protect\n|move|p2a: Mamoswine|Earthquake|p1a: Garganacl\n|-activate|p1a: Garganacl|move: Protect\n|\n|upkeep\n|turn|26\n|\n|t:|1699759126\n|move|p2a: Mamoswine|Icicle Crash|p1a: Garganacl\n|-damage|p1a: Garganacl|0 fnt\n|faint|p1a: Garganacl\n|\n|upkeep\n|\n|t:|1699759135\n|switch|p1a: Ogerpon|Ogerpon-Wellspring, F|76\/100\n|-damage|p1a: Ogerpon|51\/100|[from] Spikes\n|turn|27\n|\n|t:|1699759143\n|switch|p2a: Ting-Lu|Ting-Lu, tera:Poison|88\/100\n|-damage|p2a: Ting-Lu|76\/100|[from] Stealth Rock\n|-ability|p2a: Ting-Lu|Vessel of Ruin\n|move|p1a: Ogerpon|Swords Dance|p1a: Ogerpon\n|-boost|p1a: Ogerpon|atk|2\n|\n|-heal|p2a: Ting-Lu|82\/100|[from] item: Leftovers\n|upkeep\n|turn|28\n|\n|t:|1699759153\n|move|p1a: Ogerpon|Ivy Cudgel|p2a: Ting-Lu\n|-damage|p2a: Ting-Lu|34\/100\n|move|p2a: Ting-Lu|Whirlwind|p1a: Ogerpon\n|drag|p1a: Scream Tail|Scream Tail|63\/100\n|-damage|p1a: Scream Tail|38\/100|[from] Spikes\n|\n|-heal|p1a: Scream Tail|44\/100|[from] item: Leftovers\n|-heal|p2a: Ting-Lu|40\/100|[from] item: Leftovers\n|upkeep\n|turn|29\n|\n|t:|1699759162\n|move|p1a: Scream Tail|Wish|p1a: Scream Tail\n|move|p2a: Ting-Lu|Earthquake|p1a: Scream Tail\n|-damage|p1a: Scream Tail|13\/100\n|\n|-heal|p1a: Scream Tail|19\/100|[from] item: Leftovers\n|-heal|p2a: Ting-Lu|46\/100|[from] item: Leftovers\n|upkeep\n|turn|30\n|\n|t:|1699759177\n|move|p1a: Scream Tail|Protect|p1a: Scream Tail\n|-singleturn|p1a: Scream Tail|Protect\n|move|p2a: Ting-Lu|Whirlwind|p1a: Scream Tail\n|-end|p1a: Scream Tail|Protosynthesis|[silent]\n|drag|p1a: Pawmot|Pawmot, F|100\/100\n|-damage|p1a: Pawmot|76\/100|[from] Spikes\n|\n|-heal|p1a: Pawmot|100\/100|[from] move: Wish|[wisher] Scream Tail\n|-heal|p2a: Ting-Lu|52\/100|[from] item: Leftovers\n|upkeep\n|turn|31\n|\n|t:|1699759192\n|move|p1a: Pawmot|Revival Blessing|p1a: Pawmot\n|-enditem|p1a: Pawmot|Leppa Berry|[eat]\n|-activate|p1a: Pawmot|item: Leppa Berry|Revival Blessing|[consumed]\n|\n|t:|1699759194\n|-heal|p1: Garganacl|50\/100|[from] move: Revival Blessing\n|move|p2a: Ting-Lu|Whirlwind|p1a: Pawmot\n|drag|p1a: Gliscor|Gliscor, M|93\/100 tox\n|\n|-heal|p2a: Ting-Lu|59\/100|[from] item: Leftovers\n|-heal|p1a: Gliscor|100\/100 tox|[from] ability: Poison Heal\n|upkeep\n|turn|32\n|\n|t:|1699759215\n|move|p1a: Gliscor|Protect|p1a: Gliscor\n|-singleturn|p1a: Gliscor|Protect\n|move|p2a: Ting-Lu|Whirlwind|p1a: Gliscor\n|drag|p1a: Ogerpon|Ogerpon-Wellspring, F|51\/100\n|-damage|p1a: Ogerpon|26\/100|[from] Spikes\n|\n|-heal|p2a: Ting-Lu|65\/100|[from] item: Leftovers\n|upkeep\n|turn|33\n|\n|t:|1699759225\n|move|p1a: Ogerpon|Ivy Cudgel|p2a: Ting-Lu\n|-damage|p2a: Ting-Lu|41\/100\n|move|p2a: Ting-Lu|Earthquake|p1a: Ogerpon\n|-resisted|p1a: Ogerpon\n|-damage|p1a: Ogerpon|3\/100\n|\n|-heal|p2a: Ting-Lu|47\/100|[from] item: Leftovers\n|upkeep\n|turn|34\n|\n|t:|1699759234\n|move|p1a: Ogerpon|Ivy Cudgel|p2a: Ting-Lu\n|-damage|p2a: Ting-Lu|24\/100\n|move|p2a: Ting-Lu|Whirlwind|p1a: Ogerpon\n|drag|p1a: Scream Tail|Scream Tail|19\/100\n|-damage|p1a: Scream Tail|0 fnt|[from] Spikes\n|faint|p1a: Scream Tail\n|-end|p1a: Scream Tail|Protosynthesis|[silent]\n|\n|-heal|p2a: Ting-Lu|30\/100|[from] item: Leftovers\n|upkeep\n|\n|t:|1699759248\n|switch|p1a: Gholdengo|Gholdengo|100\/100\n|-item|p1a: Gholdengo|Air Balloon\n|turn|35\n|\n|t:|1699759260\n|switch|p2a: Landorus|Landorus-Therian, M|100\/100\n|-ability|p2a: Landorus|Intimidate|boost\n|-unboost|p1a: Gholdengo|atk|1\n|move|p1a: Gholdengo|Shadow Ball|p2a: Landorus\n|-damage|p2a: Landorus|48\/100\n|\n|upkeep\n|turn|36\n|\n|t:|1699759269\n|move|p2a: Landorus|U-turn|p1a: Gholdengo\n|-resisted|p1a: Gholdengo\n|-damage|p1a: Gholdengo|93\/100\n|-enditem|p1a: Gholdengo|Air Balloon\n|\n|t:|1699759274\n|switch|p2a: Sandy Shocks|Sandy Shocks|100\/100|[from] U-turn\n|-damage|p2a: Sandy Shocks|94\/100|[from] Stealth Rock\n|-enditem|p2a: Sandy Shocks|Booster Energy\n|-activate|p2a: Sandy Shocks|ability: Protosynthesis|[fromitem]\n|-start|p2a: Sandy Shocks|protosynthesisspa\n|move|p1a: Gholdengo|Shadow Ball|p2a: Sandy Shocks\n|-damage|p2a: Sandy Shocks|38\/100\n|\n|upkeep\n|turn|37\n|\n|t:|1699759287\n|switch|p1a: Gliscor|Gliscor, M|100\/100 tox\n|move|p2a: Sandy Shocks|Earth Power|p1a: Gliscor\n|-immune|p1a: Gliscor\n|\n|upkeep\n|turn|38\n|\n|t:|1699759293\n|-end|p2a: Sandy Shocks|Protosynthesis|[silent]\n|switch|p2a: Mamoswine|Mamoswine, F|47\/100\n|move|p1a: Gliscor|Toxic|p2a: Mamoswine\n|-status|p2a: Mamoswine|tox\n|\n|-damage|p2a: Mamoswine|41\/100 tox|[from] psn\n|upkeep\n|turn|39\n|\n|t:|1699759302\n|move|p1a: Gliscor|Protect|p1a: Gliscor\n|-singleturn|p1a: Gliscor|Protect\n|move|p2a: Mamoswine|Icicle Crash|p1a: Gliscor\n|-activate|p1a: Gliscor|move: Protect\n|\n|-damage|p2a: Mamoswine|29\/100 tox|[from] psn\n|upkeep\n|turn|40\n|\n|t:|1699759310\n|switch|p1a: Pawmot|Pawmot, F|100\/100\n|-damage|p1a: Pawmot|76\/100|[from] Spikes\n|move|p2a: Mamoswine|Icicle Crash|p1a: Pawmot\n|-damage|p1a: Pawmot|27\/100\n|\n|-damage|p2a: Mamoswine|10\/100 tox|[from] psn\n|upkeep\n|turn|41\n|\n|t:|1699759319\n|switch|p2a: Ting-Lu|Ting-Lu, tera:Poison|30\/100\n|-damage|p2a: Ting-Lu|18\/100|[from] Stealth Rock\n|-ability|p2a: Ting-Lu|Vessel of Ruin\n|move|p1a: Pawmot|Protect||[still]\n|-fail|p1a: Pawmot\n|\n|-heal|p2a: Ting-Lu|24\/100|[from] item: Leftovers\n|upkeep\n|turn|42\n|\n|t:|1699759328\n|switch|p1a: Ogerpon|Ogerpon-Wellspring, F|3\/100\n|-damage|p1a: Ogerpon|0 fnt|[from] Spikes\n|faint|p1a: Ogerpon\n|move|p2a: Ting-Lu|Whirlwind|p1: Ogerpon|[notarget]\n|-fail|p2a: Ting-Lu\n|\n|-heal|p2a: Ting-Lu|30\/100|[from] item: Leftovers\n|upkeep\n|\n|t:|1699759335\n|switch|p1a: Pawmot|Pawmot, F|27\/100\n|-damage|p1a: Pawmot|2\/100|[from] Spikes\n|turn|43\n|\n|t:|1699759343\n|move|p1a: Pawmot|Revival Blessing|p1a: Pawmot\n|\n|t:|1699759346\n|-heal|p1: Ogerpon|50\/100|[from] move: Revival Blessing\n|move|p2a: Ting-Lu|Whirlwind|p1a: Pawmot\n|drag|p1a: Ogerpon|Ogerpon-Wellspring, F|50\/100\n|-damage|p1a: Ogerpon|25\/100|[from] Spikes\n|\n|-heal|p2a: Ting-Lu|37\/100|[from] item: Leftovers\n|upkeep\n|turn|44\n|\n|t:|1699759362\n|switch|p2a: Landorus|Landorus-Therian, M|48\/100\n|-ability|p2a: Landorus|Intimidate|boost\n|-unboost|p1a: Ogerpon|atk|1\n|move|p1a: Ogerpon|Ivy Cudgel|p2a: Landorus\n|-supereffective|p2a: Landorus\n|-damage|p2a: Landorus|0 fnt\n|faint|p2a: Landorus\n|\n|upkeep\n|\n|t:|1699759375\n|switch|p2a: Garchomp|Garchomp, M|100\/100\n|-damage|p2a: Garchomp|94\/100|[from] Stealth Rock\n|turn|45\n|\n|t:|1699759381\n|move|p1a: Ogerpon|Ivy Cudgel|p2a: Garchomp\n|-damage|p2a: Garchomp|58\/100\n|move|p2a: Garchomp|Scale Shot|p1a: Ogerpon\n|-damage|p1a: Ogerpon|7\/100\n|-damage|p1a: Ogerpon|0 fnt\n|faint|p1a: Ogerpon\n|-hitcount|p1: Ogerpon|2\n|-unboost|p2a: Garchomp|def|1\n|-boost|p2a: Garchomp|spe|1\n|\n|upkeep\n|\n|t:|1699759390\n|switch|p1a: Garganacl|Garganacl, F|50\/100\n|-damage|p1a: Garganacl|25\/100|[from] Spikes\n|turn|46\n|\n|t:|1699759394\n|move|p1a: Garganacl|Protect|p1a: Garganacl\n|-singleturn|p1a: Garganacl|Protect\n|move|p2a: Garchomp|Earthquake|p1a: Garganacl\n|-activate|p1a: Garganacl|move: Protect\n|\n|upkeep\n|turn|47\n|\n|t:|1699759399\n|switch|p1a: Gliscor|Gliscor, M|100\/100 tox\n|move|p2a: Garchomp|Scale Shot|p1a: Gliscor\n|-damage|p1a: Gliscor|92\/100 tox\n|-damage|p1a: Gliscor|85\/100 tox\n|-damage|p1a: Gliscor|77\/100 tox\n|-damage|p1a: Gliscor|69\/100 tox\n|-hitcount|p1a: Gliscor|4\n|-unboost|p2a: Garchomp|def|1\n|-boost|p2a: Garchomp|spe|1\n|\n|-heal|p1a: Gliscor|82\/100 tox|[from] ability: Poison Heal\n|upkeep\n|turn|48\n|\n|t:|1699759413\n|switch|p2a: Ting-Lu|Ting-Lu, tera:Poison|37\/100\n|-damage|p2a: Ting-Lu|24\/100|[from] Stealth Rock\n|-ability|p2a: Ting-Lu|Vessel of Ruin\n|move|p1a: Gliscor|Toxic|p2a: Ting-Lu\n|-immune|p2a: Ting-Lu\n|\n|-heal|p2a: Ting-Lu|30\/100|[from] item: Leftovers\n|-heal|p1a: Gliscor|94\/100 tox|[from] ability: Poison Heal\n|upkeep\n|turn|49\n|\n|t:|1699759425\n|move|p1a: Gliscor|Earthquake|p2a: Ting-Lu\n|-supereffective|p2a: Ting-Lu\n|-damage|p2a: Ting-Lu|4\/100\n|move|p2a: Ting-Lu|Whirlwind|p1a: Gliscor\n|drag|p1a: Gholdengo|Gholdengo|93\/100\n|-damage|p1a: Gholdengo|68\/100|[from] Spikes\n|\n|-heal|p2a: Ting-Lu|10\/100|[from] item: Leftovers\n|upkeep\n|turn|50\n|\n|t:|1699759435\n|switch|p2a: Great Tusk|Great Tusk|100\/100\n|-damage|p2a: Great Tusk|98\/100|[from] Stealth Rock\n|-enditem|p2a: Great Tusk|Booster Energy\n|-activate|p2a: Great Tusk|ability: Protosynthesis|[fromitem]\n|-start|p2a: Great Tusk|protosynthesisatk\n|move|p1a: Gholdengo|Shadow Ball|p2a: Great Tusk\n|-damage|p2a: Great Tusk|34\/100\n|-unboost|p2a: Great Tusk|spd|1\n|\n|upkeep\n|turn|51\n|\n|t:|1699759446\n|switch|p1a: Gliscor|Gliscor, M|94\/100 tox\n|move|p2a: Great Tusk|Knock Off|p1a: Gliscor\n|-damage|p1a: Gliscor|67\/100 tox\n|-enditem|p1a: Gliscor|Toxic Orb|[from] move: Knock Off|[of] p2a: Great Tusk\n|\n|-heal|p1a: Gliscor|79\/100 tox|[from] ability: Poison Heal\n|upkeep\n|turn|52\n|\n|t:|1699759466\n|move|p2a: Great Tusk|Knock Off|p1a: Gliscor\n|-damage|p1a: Gliscor|62\/100 tox\n|move|p1a: Gliscor|Earthquake|p2a: Great Tusk\n|-damage|p2a: Great Tusk|12\/100\n|\n|-heal|p1a: Gliscor|74\/100 tox|[from] ability: Poison Heal\n|upkeep\n|turn|53\n|\n|t:|1699759476\n|move|p1a: Gliscor|Protect|p1a: Gliscor\n|-singleturn|p1a: Gliscor|Protect\n|move|p2a: Great Tusk|Rapid Spin|p1a: Gliscor\n|-activate|p1a: Gliscor|move: Protect\n|\n|-heal|p1a: Gliscor|87\/100 tox|[from] ability: Poison Heal\n|upkeep\n|turn|54\n|\n|t:|1699759489\n|switch|p1a: Gholdengo|Gholdengo|68\/100\n|-damage|p1a: Gholdengo|44\/100|[from] Spikes\n|move|p2a: Great Tusk|Rapid Spin|p1a: Gholdengo\n|-immune|p1a: Gholdengo\n|\n|upkeep\n|turn|55\n|\n|t:|1699759496\n|switch|p1a: Gliscor|Gliscor, M|87\/100 tox\n|move|p2a: Great Tusk|Earthquake|p1a: Gliscor\n|-immune|p1a: Gliscor\n|\n|-heal|p1a: Gliscor|99\/100 tox|[from] ability: Poison Heal\n|upkeep\n|turn|56\n|\n|t:|1699759503\n|move|p2a: Great Tusk|Earthquake|p1a: Gliscor\n|-immune|p1a: Gliscor\n|move|p1a: Gliscor|Earthquake|p2a: Great Tusk\n|-damage|p2a: Great Tusk|0 fnt\n|faint|p2a: Great Tusk\n|-end|p2a: Great Tusk|Protosynthesis|[silent]\n|\n|-heal|p1a: Gliscor|100\/100 tox|[from] ability: Poison Heal\n|upkeep\n|\n|t:|1699759514\n|switch|p2a: Mamoswine|Mamoswine, F|10\/100 tox\n|turn|57\n|\n|t:|1699759519\n|switch|p2a: Ting-Lu|Ting-Lu, tera:Poison|10\/100\n|-damage|p2a: Ting-Lu|0 fnt|[from] Stealth Rock\n|faint|p2a: Ting-Lu\n|move|p1a: Gliscor|Earthquake|p2: Ting-Lu|[notarget]\n|-fail|p1a: Gliscor\n|\n|upkeep\n|\n|t:|1699759531\n|switch|p2a: Mamoswine|Mamoswine, F|10\/100 tox\n|turn|58\n|\n|t:|1699759535\n|move|p1a: Gliscor|Protect|p1a: Gliscor\n|-singleturn|p1a: Gliscor|Protect\n|move|p2a: Mamoswine|Icicle Crash|p1a: Gliscor\n|-activate|p1a: Gliscor|move: Protect\n|\n|-damage|p2a: Mamoswine|4\/100 tox|[from] psn\n|upkeep\n|turn|59\n|\n|t:|1699759545\n|switch|p1a: Garganacl|Garganacl, F|25\/100\n|-damage|p1a: Garganacl|0 fnt|[from] Spikes\n|faint|p1a: Garganacl\n|move|p2a: Mamoswine|Icicle Crash|p1: Garganacl|[notarget]\n|-fail|p2a: Mamoswine\n|\n|-damage|p2a: Mamoswine|0 fnt|[from] psn\n|faint|p2a: Mamoswine\n|upkeep\n|\n|t:|1699759558\n|switch|p2a: Garchomp|Garchomp, M|58\/100\n|switch|p1a: Pawmot|Pawmot, F|2\/100\n|-damage|p2a: Garchomp|52\/100|[from] Stealth Rock\n|-damage|p1a: Pawmot|0 fnt|[from] Spikes\n|faint|p1a: Pawmot\n|\n|t:|1699759564\n|switch|p1a: Gholdengo|Gholdengo|44\/100\n|-damage|p1a: Gholdengo|19\/100|[from] Spikes\n|turn|60\n|\n|t:|1699759575\n|move|p2a: Garchomp|Swords Dance|p2a: Garchomp\n|-boost|p2a: Garchomp|atk|2\n|move|p1a: Gholdengo|Shadow Ball|p2a: Garchomp\n|-damage|p2a: Garchomp|6\/100\n|\n|upkeep\n|turn|61\n|\n|t:|1699759586\n|move|p2a: Garchomp|Scale Shot|p1a: Gholdengo\n|-resisted|p1a: Gholdengo\n|-damage|p1a: Gholdengo|3\/100\n|-resisted|p1a: Gholdengo\n|-damage|p1a: Gholdengo|0 fnt\n|faint|p1a: Gholdengo\n|-hitcount|p1: Gholdengo|2\n|-unboost|p2a: Garchomp|def|1\n|-boost|p2a: Garchomp|spe|1\n|\n|upkeep\n|\n|t:|1699759588\n|switch|p1a: Gliscor|Gliscor, M|100\/100 tox\n|turn|62\n|\n|t:|1699759600\n|move|p1a: Gliscor|Protect|p1a: Gliscor\n|-singleturn|p1a: Gliscor|Protect\n|move|p2a: Garchomp|Scale Shot|p1a: Gliscor\n|-activate|p1a: Gliscor|move: Protect\n|\n|upkeep\n|turn|63\n|\n|t:|1699759607\n|move|p2a: Garchomp|Scale Shot|p1a: Gliscor\n|-damage|p1a: Gliscor|85\/100 tox\n|-damage|p1a: Gliscor|69\/100 tox\n|-damage|p1a: Gliscor|53\/100 tox\n|-damage|p1a: Gliscor|39\/100 tox\n|-damage|p1a: Gliscor|24\/100 tox\n|-hitcount|p1a: Gliscor|5\n|-unboost|p2a: Garchomp|def|1\n|-boost|p2a: Garchomp|spe|1\n|move|p1a: Gliscor|Earthquake|p2a: Garchomp\n|-damage|p2a: Garchomp|0 fnt\n|faint|p2a: Garchomp\n|\n|-heal|p1a: Gliscor|36\/100 tox|[from] ability: Poison Heal\n|upkeep\n|\n|t:|1699759622\n|switch|p2a: Sandy Shocks|Sandy Shocks|38\/100\n|-damage|p2a: Sandy Shocks|32\/100|[from] Stealth Rock\n|turn|64\n|\n|t:|1699759628\n|move|p1a: Gliscor|Protect|p1a: Gliscor\n|-singleturn|p1a: Gliscor|Protect\n|move|p2a: Sandy Shocks|Tera Blast|p1a: Gliscor\n|-activate|p1a: Gliscor|move: Protect\n|\n|-heal|p1a: Gliscor|49\/100 tox|[from] ability: Poison Heal\n|upkeep\n|turn|65\n|\n|t:|1699759639\n|move|p2a: Sandy Shocks|Tera Blast|p1a: Gliscor\n|-damage|p1a: Gliscor|15\/100 tox\n|move|p1a: Gliscor|Earthquake|p2a: Sandy Shocks\n|-supereffective|p2a: Sandy Shocks\n|-damage|p2a: Sandy Shocks|0 fnt\n|faint|p2a: Sandy Shocks\n|-end|p2a: Sandy Shocks|Protosynthesis|[silent]\n|\n|win|ShinyLibby\n|raw|ShinyLibby's rating: 1101 &rarr; <strong>1127<\/strong><br \/>(+26 for winning)\n|raw|6FuckingTypes's rating: 1120 &rarr; <strong>1094<\/strong><br \/>(-26 for losing)\n|c|\u2606ShinyLibby|Gg.\n|c|\u26066FuckingTypes|the fact you still nearly lost is embarasing\n|c|\u26066FuckingTypes|no\n|c|\u26066FuckingTypes|no gg\n","uploadtime":1699759672,"views":16,"p1id":"shinylibby","p2id":"6fuckingtypes","formatid":"gen9ou","rating":1094,"private":0,"password":""}