{"id":"gen9ou-1996838259","p1":"Drytron Fafnir","p2":"Taigida","format":"[Gen 9] OU","log":"|j|\u2606Drytron Fafnir\n|j|\u2606Taigida\n|t:|1700733389\n|gametype|singles\n|player|p1|Drytron Fafnir|kieran-festival|1656\n|player|p2|Taigida|101|1560\n|teamsize|p1|6\n|teamsize|p2|6\n|gen|9\n|tier|[Gen 9] OU\n|rated|\n|rule|Sleep Clause Mod: Limit one foe put to sleep\n|rule|Species Clause: Limit one of each Pok\u00e9mon\n|rule|OHKO Clause: OHKO moves are banned\n|rule|Evasion Items Clause: Evasion items are banned\n|rule|Evasion Moves Clause: Evasion moves are banned\n|rule|Endless Battle Clause: Forcing endless battles is banned\n|rule|HP Percentage Mod: HP is shown in percentages\n|clearpoke\n|poke|p1|Dragapult, M|\n|poke|p1|Samurott-Hisui, M|\n|poke|p1|Heatran, M|\n|poke|p1|Zamazenta-*|\n|poke|p1|Amoonguss, M|\n|poke|p1|Iron Valiant|\n|poke|p2|Enamorus, F|\n|poke|p2|Dragapult, F|\n|poke|p2|Iron Valiant|\n|poke|p2|Gholdengo|\n|poke|p2|Iron Treads|\n|poke|p2|Dragonite, F|\n|teampreview\n|\n|t:|1700733400\n|start\n|switch|p1a: Samurott|Samurott-Hisui, M|100\/100\n|switch|p2a: Iron Treads|Iron Treads|100\/100\n|-enditem|p2a: Iron Treads|Booster Energy\n|-activate|p2a: Iron Treads|ability: Quark Drive|[fromitem]\n|-start|p2a: Iron Treads|quarkdrivespe\n|turn|1\n|\n|t:|1700733405\n|move|p2a: Iron Treads|Stealth Rock|p1a: Samurott\n|-sidestart|p1: Drytron Fafnir|move: Stealth Rock\n|move|p1a: Samurott|Aqua Cutter|p2a: Iron Treads\n|-supereffective|p2a: Iron Treads\n|-damage|p2a: Iron Treads|28\/100\n|\n|upkeep\n|turn|2\n|\n|t:|1700733410\n|move|p2a: Iron Treads|Earthquake|p1a: Samurott\n|-damage|p1a: Samurott|50\/100\n|move|p1a: Samurott|Ceaseless Edge|p2a: Iron Treads\n|-damage|p2a: Iron Treads|0 fnt\n|-sidestart|p2: Taigida|Spikes\n|faint|p2a: Iron Treads\n|-end|p2a: Iron Treads|Quark Drive|[silent]\n|\n|upkeep\n|\n|t:|1700733417\n|switch|p2a: Enamorus|Enamorus, F|100\/100\n|turn|3\n|\n|t:|1700733420\n|switch|p1a: Amoonguss|Amoonguss, M|100\/100\n|move|p2a: Enamorus|Moonblast|p1a: Amoonguss\n|-resisted|p1a: Amoonguss\n|-damage|p1a: Amoonguss|79\/100\n|-unboost|p1a: Amoonguss|spa|1\n|\n|upkeep\n|turn|4\n|\n|t:|1700733426\n|switch|p2a: Gholdengo|Gholdengo|100\/100\n|-item|p2a: Gholdengo|Air Balloon\n|switch|p1a: Samurott|Samurott-Hisui, M|50\/100\n|\n|upkeep\n|turn|5\n|\n|t:|1700733433\n|switch|p2a: Enamorus|Enamorus, F|100\/100\n|move|p1a: Samurott|Ceaseless Edge|p2a: Enamorus\n|-resisted|p2a: Enamorus\n|-damage|p2a: Enamorus|68\/100\n|-start|p1a: Samurott|Attract|[from] ability: Cute Charm|[of] p2a: Enamorus\n|-sidestart|p2: Taigida|Spikes\n|\n|-heal|p2a: Enamorus|75\/100|[from] item: Leftovers\n|upkeep\n|turn|6\n|\n|t:|1700733439\n|move|p2a: Enamorus|Earth Power|p1a: Samurott\n|-damage|p1a: Samurott|4\/100\n|-activate|p1a: Samurott|move: Attract|[of] p2a: Enamorus\n|cant|p1a: Samurott|Attract\n|\n|-heal|p2a: Enamorus|81\/100|[from] item: Leftovers\n|upkeep\n|turn|7\n|\n|t:|1700733445\n|-activate|p1a: Samurott|move: Attract|[of] p2a: Enamorus\n|move|p1a: Samurott|Aqua Jet|p2a: Enamorus\n|-damage|p2a: Enamorus|52\/100\n|move|p2a: Enamorus|Earth Power|p1a: Samurott\n|-damage|p1a: Samurott|0 fnt\n|faint|p1a: Samurott\n|\n|-heal|p2a: Enamorus|58\/100|[from] item: Leftovers\n|upkeep\n|\n|t:|1700733450\n|switch|p1a: Dragapult|Dragapult, M|100\/100\n|-damage|p1a: Dragapult|88\/100|[from] Stealth Rock\n|turn|8\n|\n|t:|1700733456\n|move|p1a: Dragapult|Double-Edge|p2a: Enamorus\n|-damage|p2a: Enamorus|0 fnt\n|faint|p2a: Enamorus\n|-damage|p1a: Dragapult|71\/100|[from] Recoil\n|\n|upkeep\n|inactive|Battle timer is ON: inactive players will automatically lose when time's up. (requested by Drytron Fafnir)\n|\n|t:|1700733466\n|switch|p2a: Gholdengo|Gholdengo|100\/100\n|-item|p2a: Gholdengo|Air Balloon\n|turn|9\n|inactive|Drytron Fafnir has 120 seconds left.\n|\n|t:|1700733498\n|switch|p1a: Heatran|Heatran, M|100\/100\n|-damage|p1a: Heatran|88\/100|[from] Stealth Rock\n|move|p2a: Gholdengo|Shadow Ball|p1a: Heatran\n|-damage|p1a: Heatran|63\/100\n|\n|-heal|p1a: Heatran|69\/100|[from] item: Leftovers\n|upkeep\n|turn|10\n|\n|t:|1700733510\n|switch|p2a: Dragapult|Dragapult, F|100\/100\n|-damage|p2a: Dragapult|84\/100|[from] Spikes\n|move|p1a: Heatran|Stealth Rock|p2a: Dragapult\n|-sidestart|p2: Taigida|move: Stealth Rock\n|\n|-heal|p1a: Heatran|76\/100|[from] item: Leftovers\n|upkeep\n|turn|11\n|inactive|Drytron Fafnir has 120 seconds left.\n|j| No Nice Names Left\n|\n|t:|1700733533\n|move|p2a: Dragapult|Dragon Dance|p2a: Dragapult\n|-boost|p2a: Dragapult|atk|1\n|-boost|p2a: Dragapult|spe|1\n|move|p1a: Heatran|Earth Power|p2a: Dragapult\n|-damage|p2a: Dragapult|47\/100\n|\n|-heal|p1a: Heatran|82\/100|[from] item: Leftovers\n|upkeep\n|turn|12\n|\n|t:|1700733540\n|move|p2a: Dragapult|Phantom Force||[still]\n|-prepare|p2a: Dragapult|Phantom Force\n|move|p1a: Heatran|Earth Power|p2a: Dragapult|[miss]\n|-miss|p1a: Heatran|p2a: Dragapult\n|\n|-heal|p1a: Heatran|88\/100|[from] item: Leftovers\n|upkeep\n|turn|13\n|\n|t:|1700733549\n|move|p2a: Dragapult|Phantom Force|p1a: Heatran|[from]lockedmove\n|-damage|p1a: Heatran|26\/100\n|move|p1a: Heatran|Earth Power|p2a: Dragapult\n|-damage|p2a: Dragapult|9\/100\n|\n|-heal|p1a: Heatran|33\/100|[from] item: Leftovers\n|upkeep\n|turn|14\n|\n|t:|1700733558\n|move|p2a: Dragapult|Dragon Darts|p1a: Heatran\n|-resisted|p1a: Heatran\n|-damage|p1a: Heatran|15\/100\n|-anim|p2a: Dragapult|Dragon Darts|p1a: Heatran\n|-resisted|p1a: Heatran\n|-damage|p1a: Heatran|0 fnt\n|faint|p1a: Heatran\n|\n|upkeep\n|\n|t:|1700733560\n|switch|p1a: Amoonguss|Amoonguss, M|100\/100\n|turn|15\n|\n|t:|1700733564\n|move|p2a: Dragapult|Dragon Darts|p1a: Amoonguss\n|-damage|p1a: Amoonguss|66\/100\n|-anim|p2a: Dragapult|Dragon Darts|p1a: Amoonguss\n|-damage|p1a: Amoonguss|36\/100\n|move|p1a: Amoonguss|Giga Drain|p2a: Dragapult\n|-resisted|p2a: Dragapult\n|-damage|p2a: Dragapult|0 fnt\n|-heal|p1a: Amoonguss|39\/100|[from] drain|[of] p2a: Dragapult\n|faint|p2a: Dragapult\n|\n|upkeep\n|\n|t:|1700733572\n|switch|p2a: Gholdengo|Gholdengo|100\/100\n|-damage|p2a: Gholdengo|94\/100|[from] Stealth Rock\n|-item|p2a: Gholdengo|Air Balloon\n|turn|16\n|\n|t:|1700733587\n|switch|p1a: Iron Valiant|Iron Valiant|100\/100\n|-damage|p1a: Iron Valiant|94\/100|[from] Stealth Rock\n|-enditem|p1a: Iron Valiant|Booster Energy\n|-activate|p1a: Iron Valiant|ability: Quark Drive|[fromitem]\n|-start|p1a: Iron Valiant|quarkdrivespe\n|move|p2a: Gholdengo|Shadow Ball|p1a: Iron Valiant\n|-damage|p1a: Iron Valiant|18\/100\n|\n|upkeep\n|turn|17\n|\n|t:|1700733596\n|move|p1a: Iron Valiant|Destiny Bond|p1a: Iron Valiant\n|-singlemove|p1a: Iron Valiant|Destiny Bond\n|move|p2a: Gholdengo|Shadow Ball|p1a: Iron Valiant\n|-damage|p1a: Iron Valiant|0 fnt\n|faint|p1a: Iron Valiant\n|-activate|p1a: Iron Valiant|move: Destiny Bond\n|-end|p1a: Iron Valiant|Quark Drive|[silent]\n|faint|p2a: Gholdengo\n|\n|upkeep\n|\n|t:|1700733602\n|switch|p1a: Zamazenta|Zamazenta|100\/100\n|switch|p2a: Iron Valiant|Iron Valiant|100\/100\n|-damage|p1a: Zamazenta|94\/100|[from] Stealth Rock\n|-ability|p1a: Zamazenta|Dauntless Shield|boost\n|-boost|p1a: Zamazenta|def|1\n|-damage|p2a: Iron Valiant|84\/100|[from] Spikes\n|-damage|p2a: Iron Valiant|78\/100|[from] Stealth Rock\n|-enditem|p2a: Iron Valiant|Booster Energy\n|-activate|p2a: Iron Valiant|ability: Quark Drive|[fromitem]\n|-start|p2a: Iron Valiant|quarkdrivespe\n|turn|18\n|\n|t:|1700733619\n|switch|p1a: Amoonguss|Amoonguss, M|72\/100\n|move|p2a: Iron Valiant|Moonblast|p1a: Amoonguss\n|-resisted|p1a: Amoonguss\n|-damage|p1a: Amoonguss|52\/100\n|-unboost|p1a: Amoonguss|spa|1\n|\n|upkeep\n|turn|19\n|\n|t:|1700733636\n|move|p2a: Iron Valiant|Psyshock|p1a: Amoonguss\n|-supereffective|p1a: Amoonguss\n|-damage|p1a: Amoonguss|10\/100\n|move|p1a: Amoonguss|Spore|p2a: Iron Valiant\n|-status|p2a: Iron Valiant|slp|[from] move: Spore\n|\n|upkeep\n|turn|20\n|\n|t:|1700733641\n|-end|p2a: Iron Valiant|Quark Drive|[silent]\n|switch|p2a: Dragonite|Dragonite, F|100\/100\n|switch|p1a: Dragapult|Dragapult, M|71\/100\n|-damage|p1a: Dragapult|59\/100|[from] Stealth Rock\n|\n|upkeep\n|turn|21\n|\n|t:|1700733647\n|-terastallize|p2a: Dragonite|Normal\n|move|p1a: Dragapult|U-turn|p2a: Dragonite\n|-damage|p2a: Dragonite|83\/100\n|\n|t:|1700733651\n|switch|p1a: Zamazenta|Zamazenta|94\/100|[from] U-turn\n|-damage|p1a: Zamazenta|88\/100|[from] Stealth Rock\n|move|p2a: Dragonite|Dragon Dance|p2a: Dragonite\n|-boost|p2a: Dragonite|atk|1\n|-boost|p2a: Dragonite|spe|1\n|\n|-heal|p1a: Zamazenta|94\/100|[from] item: Leftovers\n|upkeep\n|turn|22\n|\n|t:|1700733655\n|-terastallize|p1a: Zamazenta|Steel\n|move|p2a: Dragonite|Extreme Speed|p1a: Zamazenta\n|-resisted|p1a: Zamazenta\n|-damage|p1a: Zamazenta|69\/100\n|move|p1a: Zamazenta|Iron Defense|p1a: Zamazenta\n|-boost|p1a: Zamazenta|def|2\n|\n|-heal|p1a: Zamazenta|75\/100|[from] item: Leftovers\n|upkeep\n|turn|23\n|\n|t:|1700733671\n|move|p1a: Zamazenta|Body Press|p2a: Dragonite\n|-supereffective|p2a: Dragonite\n|-damage|p2a: Dragonite|0 fnt\n|faint|p2a: Dragonite\n|\n|-heal|p1a: Zamazenta|81\/100|[from] item: Leftovers\n|upkeep\n|-message|Taigida forfeited.\n|\n|win|Drytron Fafnir\n|raw|Drytron Fafnir's rating: 1656 &rarr; <strong>1671<\/strong><br \/>(+15 for winning)\n|raw|Taigida's rating: 1560 &rarr; <strong>1545<\/strong><br \/>(-15 for losing)\n|l|\u2606Taigida\n|l|\u2606Drytron Fafnir\n","uploadtime":1700733969,"views":2,"p1id":"drytronfafnir","p2id":"taigida","formatid":"gen9ou","rating":1545,"private":0,"password":""}