{"id":"gen9ou-1988345768","p1":"yellow motorola","p2":"X15428643.","format":"[Gen 9] OU","log":"|j|\u2606yellow motorola\n|j|\u2606X15428643.\n|t:|1699711803\n|gametype|singles\n|player|p1|yellow motorola|byron|1469\n|player|p2|X15428643.|1|1391\n|teamsize|p1|6\n|teamsize|p2|6\n|gen|9\n|tier|[Gen 9] OU\n|rated|\n|rule|Sleep Clause Mod: Limit one foe put to sleep\n|rule|Species Clause: Limit one of each Pok\u00e9mon\n|rule|OHKO Clause: OHKO moves are banned\n|rule|Evasion Items Clause: Evasion items are banned\n|rule|Evasion Moves Clause: Evasion moves are banned\n|rule|Endless Battle Clause: Forcing endless battles is banned\n|rule|HP Percentage Mod: HP is shown in percentages\n|clearpoke\n|poke|p1|Grimmsnarl, M|\n|poke|p1|Gholdengo|\n|poke|p1|Iron Hands|\n|poke|p1|Sinistcha-Masterpiece|\n|poke|p1|Iron Valiant|\n|poke|p1|Great Tusk|\n|poke|p2|Dragapult, F|\n|poke|p2|Alomomola, F|\n|poke|p2|Sneasler, F|\n|poke|p2|Zapdos|\n|poke|p2|Glimmora, F|\n|poke|p2|Gholdengo|\n|teampreview\n|inactive|Battle timer is ON: inactive players will automatically lose when time's up. (requested by yellow motorola)\n|\n|t:|1699711833\n|start\n|switch|p1a: Gol D. Engo|Gholdengo|100\/100\n|switch|p2a: Glimmora|Glimmora, F|100\/100\n|turn|1\n|\n|t:|1699711842\n|-terastallize|p2a: Glimmora|Water\n|move|p1a: Gol D. Engo|Shadow Ball|p2a: Glimmora\n|-damage|p2a: Glimmora|50\/100\n|move|p2a: Glimmora|Stealth Rock|p1a: Gol D. Engo\n|-sidestart|p1: yellow motorola|move: Stealth Rock\n|\n|upkeep\n|turn|2\n|\n|t:|1699711848\n|switch|p2a: Alomomola|Alomomola, F|100\/100\n|move|p1a: Gol D. Engo|Shadow Ball|p2a: Alomomola\n|-damage|p2a: Alomomola|68\/100\n|\n|upkeep\n|turn|3\n|\n|t:|1699711852\n|move|p1a: Gol D. Engo|Shadow Ball|p2a: Alomomola\n|-damage|p2a: Alomomola|35\/100\n|move|p2a: Alomomola|Wish|p2a: Alomomola\n|\n|upkeep\n|turn|4\n|\n|t:|1699711858\n|move|p1a: Gol D. Engo|Shadow Ball|p2a: Alomomola\n|-damage|p2a: Alomomola|4\/100\n|-unboost|p2a: Alomomola|spd|1\n|move|p2a: Alomomola|Mirror Coat|p1a: Gol D. Engo\n|-damage|p1a: Gol D. Engo|0 fnt\n|faint|p1a: Gol D. Engo\n|\n|-heal|p2a: Alomomola|54\/100|[from] move: Wish|[wisher] Alomomola\n|upkeep\n|\n|t:|1699711872\n|switch|p1a: Assassin|Iron Valiant|100\/100\n|-damage|p1a: Assassin|94\/100|[from] Stealth Rock\n|-enditem|p1a: Assassin|Booster Energy\n|-activate|p1a: Assassin|ability: Quark Drive|[fromitem]\n|-start|p1a: Assassin|quarkdrivespe\n|turn|5\n|\n|t:|1699711881\n|switch|p2a: Gholdengo|Gholdengo|100\/100\n|move|p1a: Assassin|Thunderbolt|p2a: Gholdengo\n|-damage|p2a: Gholdengo|68\/100\n|\n|upkeep\n|turn|6\n|\n|t:|1699711907\n|move|p1a: Assassin|Destiny Bond|p1a: Assassin\n|-singlemove|p1a: Assassin|Destiny Bond\n|move|p2a: Gholdengo|Make It Rain|p1a: Assassin\n|-supereffective|p1a: Assassin\n|-damage|p1a: Assassin|0 fnt\n|-unboost|p2a: Gholdengo|spa|1\n|faint|p1a: Assassin\n|-activate|p1a: Assassin|move: Destiny Bond\n|-end|p1a: Assassin|Quark Drive|[silent]\n|faint|p2a: Gholdengo\n|\n|upkeep\n|inactive|yellow motorola has 120 seconds left.\n|\n|t:|1699711927\n|switch|p1a: Mahito|Grimmsnarl, M, shiny|100\/100\n|switch|p2a: Glimmora|Glimmora, F, tera:Water|50\/100\n|-damage|p1a: Mahito|88\/100|[from] Stealth Rock\n|turn|7\n|\n|t:|1699711933\n|move|p1a: Mahito|Light Screen|p1a: Mahito\n|-sidestart|p1: yellow motorola|move: Light Screen\n|move|p2a: Glimmora|Toxic|p1a: Mahito\n|-status|p1a: Mahito|tox\n|\n|-damage|p1a: Mahito|82\/100 tox|[from] psn\n|upkeep\n|turn|8\n|\n|t:|1699711943\n|move|p2a: Glimmora|Mortal Spin|p1a: Mahito\n|-supereffective|p1a: Mahito\n|-damage|p1a: Mahito|65\/100 tox\n|move|p1a: Mahito|Spirit Break|p2a: Glimmora\n|-damage|p2a: Glimmora|22\/100\n|-unboost|p2a: Glimmora|spa|1\n|-activate|p2a: Glimmora|ability: Toxic Debris\n|-sidestart|p1: yellow motorola|move: Toxic Spikes\n|\n|-damage|p1a: Mahito|53\/100 tox|[from] psn\n|upkeep\n|turn|9\n|\n|t:|1699711957\n|move|p2a: Glimmora|Spiky Shield|p2a: Glimmora\n|-singleturn|p2a: Glimmora|move: Protect\n|move|p1a: Mahito|Spirit Break|p2a: Glimmora\n|-activate|p2a: Glimmora|move: Protect\n|-damage|p1a: Mahito|41\/100 tox|[from] Spiky Shield|[of] p2a: Glimmora\n|\n|-damage|p1a: Mahito|23\/100 tox|[from] psn\n|upkeep\n|turn|10\n|\n|t:|1699711962\n|move|p1a: Mahito|Reflect|p1a: Mahito\n|-sidestart|p1: yellow motorola|Reflect\n|move|p2a: Glimmora|Mortal Spin|p1a: Mahito\n|-supereffective|p1a: Mahito\n|-damage|p1a: Mahito|13\/100 tox\n|\n|-damage|p1a: Mahito|0 fnt|[from] psn\n|faint|p1a: Mahito\n|upkeep\n|\n|t:|1699711965\n|switch|p1a: Mastogob Warrior|Great Tusk|100\/100\n|-damage|p1a: Mastogob Warrior|97\/100|[from] Stealth Rock\n|-status|p1a: Mastogob Warrior|psn\n|turn|11\n|\n|t:|1699711989\n|move|p2a: Glimmora|Spiky Shield|p2a: Glimmora\n|-singleturn|p2a: Glimmora|move: Protect\n|move|p1a: Mastogob Warrior|Earthquake|p2a: Glimmora\n|-activate|p2a: Glimmora|move: Protect\n|\n|-heal|p1a: Mastogob Warrior|100\/100 psn|[from] item: Leftovers\n|-damage|p1a: Mastogob Warrior|88\/100 psn|[from] psn\n|upkeep\n|turn|12\n|\n|t:|1699711997\n|switch|p2a: Zapdos|Zapdos|100\/100\n|move|p1a: Mastogob Warrior|Rapid Spin|p2a: Zapdos\n|-damage|p2a: Zapdos|90\/100\n|-boost|p1a: Mastogob Warrior|spe|1\n|-sideend|p1: yellow motorola|Toxic Spikes|[from] move: Rapid Spin|[of] p1a: Mastogob Warrior\n|-sideend|p1: yellow motorola|Stealth Rock|[from] move: Rapid Spin|[of] p1a: Mastogob Warrior\n|\n|-heal|p1a: Mastogob Warrior|94\/100 psn|[from] item: Leftovers\n|-damage|p1a: Mastogob Warrior|82\/100 psn|[from] psn\n|upkeep\n|turn|13\n|\n|t:|1699712008\n|switch|p2a: Glimmora|Glimmora, F, tera:Water|22\/100\n|move|p1a: Mastogob Warrior|Ice Spinner|p2a: Glimmora\n|-resisted|p2a: Glimmora\n|-damage|p2a: Glimmora|13\/100\n|-activate|p2a: Glimmora|ability: Toxic Debris\n|-sidestart|p1: yellow motorola|move: Toxic Spikes\n|\n|-heal|p1a: Mastogob Warrior|88\/100 psn|[from] item: Leftovers\n|-damage|p1a: Mastogob Warrior|75\/100 psn|[from] psn\n|upkeep\n|turn|14\n|\n|t:|1699712010\n|move|p2a: Glimmora|Spiky Shield|p2a: Glimmora\n|-singleturn|p2a: Glimmora|move: Protect\n|move|p1a: Mastogob Warrior|Rapid Spin|p2a: Glimmora\n|-activate|p2a: Glimmora|move: Protect\n|-damage|p1a: Mastogob Warrior|63\/100 psn|[from] Spiky Shield|[of] p2a: Glimmora\n|\n|-heal|p1a: Mastogob Warrior|69\/100 psn|[from] item: Leftovers\n|-damage|p1a: Mastogob Warrior|57\/100 psn|[from] psn\n|-sideend|p1: yellow motorola|move: Light Screen\n|upkeep\n|turn|15\n|\n|t:|1699712021\n|move|p1a: Mastogob Warrior|Rapid Spin|p2a: Glimmora\n|-damage|p2a: Glimmora|2\/100\n|-boost|p1a: Mastogob Warrior|spe|1\n|-activate|p2a: Glimmora|ability: Toxic Debris\n|-sidestart|p1: yellow motorola|move: Toxic Spikes\n|-sideend|p1: yellow motorola|Toxic Spikes|[from] move: Rapid Spin|[of] p1a: Mastogob Warrior\n|move|p2a: Glimmora|Stealth Rock|p1a: Mastogob Warrior\n|-sidestart|p1: yellow motorola|move: Stealth Rock\n|\n|-heal|p1a: Mastogob Warrior|63\/100 psn|[from] item: Leftovers\n|-damage|p1a: Mastogob Warrior|50\/100 psn|[from] psn\n|upkeep\n|turn|16\n|\n|t:|1699712029\n|move|p2a: Glimmora|Spiky Shield|p2a: Glimmora\n|-singleturn|p2a: Glimmora|move: Protect\n|move|p1a: Mastogob Warrior|Stealth Rock|p2a: Glimmora\n|-sidestart|p2: X15428643.|move: Stealth Rock\n|\n|-heal|p1a: Mastogob Warrior|57\/100 psn|[from] item: Leftovers\n|-damage|p1a: Mastogob Warrior|44\/100 psn|[from] psn\n|upkeep\n|turn|17\n|\n|t:|1699712040\n|move|p2a: Glimmora|Spiky Shield|p2a: Glimmora\n|-singleturn|p2a: Glimmora|move: Protect\n|move|p1a: Mastogob Warrior|Rapid Spin|p2a: Glimmora\n|-activate|p2a: Glimmora|move: Protect\n|-damage|p1a: Mastogob Warrior|32\/100 psn|[from] Spiky Shield|[of] p2a: Glimmora\n|\n|-heal|p1a: Mastogob Warrior|38\/100 psn|[from] item: Leftovers\n|-damage|p1a: Mastogob Warrior|25\/100 psn|[from] psn\n|-sideend|p1: yellow motorola|Reflect\n|upkeep\n|turn|18\n|\n|t:|1699712054\n|move|p1a: Mastogob Warrior|Ice Spinner|p2a: Glimmora\n|-resisted|p2a: Glimmora\n|-damage|p2a: Glimmora|0 fnt\n|-activate|p2a: Glimmora|ability: Toxic Debris\n|-sidestart|p1: yellow motorola|move: Toxic Spikes\n|faint|p2a: Glimmora\n|\n|-heal|p1a: Mastogob Warrior|32\/100 psn|[from] item: Leftovers\n|-damage|p1a: Mastogob Warrior|19\/100 psn|[from] psn\n|upkeep\n|\n|t:|1699712075\n|switch|p2a: Alomomola|Alomomola, F|87\/100\n|turn|19\n|\n|t:|1699712082\n|move|p1a: Mastogob Warrior|Rapid Spin|p2a: Alomomola\n|-damage|p2a: Alomomola|76\/100\n|-boost|p1a: Mastogob Warrior|spe|1\n|-sideend|p1: yellow motorola|Toxic Spikes|[from] move: Rapid Spin|[of] p1a: Mastogob Warrior\n|-sideend|p1: yellow motorola|Stealth Rock|[from] move: Rapid Spin|[of] p1a: Mastogob Warrior\n|move|p2a: Alomomola|Flip Turn|p1a: Mastogob Warrior\n|-supereffective|p1a: Mastogob Warrior\n|-damage|p1a: Mastogob Warrior|2\/100 psn\n|\n|t:|1699712085\n|switch|p2a: Sneasler|Sneasler, F|100\/100|[from] Flip Turn\n|-damage|p2a: Sneasler|95\/100|[from] Stealth Rock\n|\n|-heal|p1a: Mastogob Warrior|8\/100 psn|[from] item: Leftovers\n|-damage|p1a: Mastogob Warrior|0 fnt|[from] psn\n|faint|p1a: Mastogob Warrior\n|-end|p1a: Mastogob Warrior|Protosynthesis|[silent]\n|upkeep\n|\n|t:|1699712089\n|switch|p1a: Heihachi \u26a1\ufe0f\ud83d\udcaa\ud83c\udffc|Iron Hands|100\/100\n|turn|20\n|\n|t:|1699712098\n|switch|p2a: Zapdos|Zapdos|90\/100\n|move|p1a: Heihachi \u26a1\ufe0f\ud83d\udcaa\ud83c\udffc|Thunder Punch|p2a: Zapdos\n|-damage|p2a: Zapdos|61\/100\n|\n|upkeep\n|turn|21\n|\n|t:|1699712102\n|move|p2a: Zapdos|Roost|p2a: Zapdos\n|-heal|p2a: Zapdos|100\/100\n|-singleturn|p2a: Zapdos|move: Roost\n|move|p1a: Heihachi \u26a1\ufe0f\ud83d\udcaa\ud83c\udffc|Ice Punch|p2a: Zapdos\n|-damage|p2a: Zapdos|78\/100\n|\n|upkeep\n|turn|22\n|\n|t:|1699712109\n|move|p2a: Zapdos|Hurricane|p1a: Heihachi \u26a1\ufe0f\ud83d\udcaa\ud83c\udffc\n|-damage|p1a: Heihachi \u26a1\ufe0f\ud83d\udcaa\ud83c\udffc|63\/100\n|-start|p1a: Heihachi \u26a1\ufe0f\ud83d\udcaa\ud83c\udffc|confusion\n|-activate|p1a: Heihachi \u26a1\ufe0f\ud83d\udcaa\ud83c\udffc|confusion\n|-damage|p1a: Heihachi \u26a1\ufe0f\ud83d\udcaa\ud83c\udffc|53\/100|[from] confusion\n|\n|upkeep\n|turn|23\n|\n|t:|1699712120\n|move|p2a: Zapdos|Hurricane|p1a: Heihachi \u26a1\ufe0f\ud83d\udcaa\ud83c\udffc\n|-damage|p1a: Heihachi \u26a1\ufe0f\ud83d\udcaa\ud83c\udffc|19\/100\n|-enditem|p1a: Heihachi \u26a1\ufe0f\ud83d\udcaa\ud83c\udffc|Sitrus Berry|[eat]\n|-heal|p1a: Heihachi \u26a1\ufe0f\ud83d\udcaa\ud83c\udffc|44\/100|[from] item: Sitrus Berry\n|-activate|p1a: Heihachi \u26a1\ufe0f\ud83d\udcaa\ud83c\udffc|confusion\n|move|p1a: Heihachi \u26a1\ufe0f\ud83d\udcaa\ud83c\udffc|Ice Punch|p2a: Zapdos\n|-supereffective|p2a: Zapdos\n|-damage|p2a: Zapdos|35\/100\n|\n|upkeep\n|turn|24\n|\n|t:|1699712130\n|move|p2a: Zapdos|Volt Switch|p1a: Heihachi \u26a1\ufe0f\ud83d\udcaa\ud83c\udffc\n|-resisted|p1a: Heihachi \u26a1\ufe0f\ud83d\udcaa\ud83c\udffc\n|-damage|p1a: Heihachi \u26a1\ufe0f\ud83d\udcaa\ud83c\udffc|31\/100\n|\n|t:|1699712133\n|switch|p2a: Sneasler|Sneasler, F|95\/100|[from] Volt Switch\n|-damage|p2a: Sneasler|89\/100|[from] Stealth Rock\n|-end|p1a: Heihachi \u26a1\ufe0f\ud83d\udcaa\ud83c\udffc|confusion\n|move|p1a: Heihachi \u26a1\ufe0f\ud83d\udcaa\ud83c\udffc|Drain Punch|p2a: Sneasler\n|-resisted|p2a: Sneasler\n|-damage|p2a: Sneasler|54\/100\n|-heal|p1a: Heihachi \u26a1\ufe0f\ud83d\udcaa\ud83c\udffc|42\/100|[from] drain|[of] p2a: Sneasler\n|\n|upkeep\n|turn|25\n|\n|t:|1699712145\n|move|p2a: Sneasler|Close Combat|p1a: Heihachi \u26a1\ufe0f\ud83d\udcaa\ud83c\udffc\n|-damage|p1a: Heihachi \u26a1\ufe0f\ud83d\udcaa\ud83c\udffc|3\/100\n|-unboost|p2a: Sneasler|def|1\n|-unboost|p2a: Sneasler|spd|1\n|move|p1a: Heihachi \u26a1\ufe0f\ud83d\udcaa\ud83c\udffc|Ice Punch|p2a: Sneasler\n|-damage|p2a: Sneasler|0 fnt\n|faint|p2a: Sneasler\n|\n|upkeep\n|\n|t:|1699712154\n|switch|p2a: Zapdos|Zapdos|35\/100\n|turn|26\n|\n|t:|1699712157\n|move|p2a: Zapdos|Volt Switch|p1a: Heihachi \u26a1\ufe0f\ud83d\udcaa\ud83c\udffc\n|-resisted|p1a: Heihachi \u26a1\ufe0f\ud83d\udcaa\ud83c\udffc\n|-damage|p1a: Heihachi \u26a1\ufe0f\ud83d\udcaa\ud83c\udffc|0 fnt\n|faint|p1a: Heihachi \u26a1\ufe0f\ud83d\udcaa\ud83c\udffc\n|-end|p1a: Heihachi \u26a1\ufe0f\ud83d\udcaa\ud83c\udffc|Quark Drive|[silent]\n|\n|t:|1699712165\n|switch|p2a: Dragapult|Dragapult, F|100\/100|[from] Volt Switch\n|-damage|p2a: Dragapult|88\/100|[from] Stealth Rock\n|\n|upkeep\n|\n|t:|1699712166\n|switch|p1a: Sinistcha|Sinistcha-Masterpiece|100\/100\n|turn|27\n|\n|t:|1699712174\n|-terastallize|p1a: Sinistcha|Steel\n|move|p2a: Dragapult|Draco Meteor|p1a: Sinistcha\n|-resisted|p1a: Sinistcha\n|-damage|p1a: Sinistcha|52\/100\n|-unboost|p2a: Dragapult|spa|2\n|move|p1a: Sinistcha|Strength Sap|p2a: Dragapult\n|-unboost|p2a: Dragapult|atk|1\n|-heal|p1a: Sinistcha|100\/100\n|\n|upkeep\n|turn|28\n|\n|t:|1699712181\n|switch|p2a: Zapdos|Zapdos|35\/100\n|move|p1a: Sinistcha|Calm Mind|p1a: Sinistcha\n|-boost|p1a: Sinistcha|spa|1\n|-boost|p1a: Sinistcha|spd|1\n|\n|upkeep\n|turn|29\n|\n|t:|1699712185\n|move|p2a: Zapdos|Discharge|p1a: Sinistcha\n|-damage|p1a: Sinistcha|75\/100\n|move|p1a: Sinistcha|Calm Mind|p1a: Sinistcha\n|-boost|p1a: Sinistcha|spa|1\n|-boost|p1a: Sinistcha|spd|1\n|\n|upkeep\n|turn|30\n|\n|t:|1699712189\n|move|p2a: Zapdos|Discharge|p1a: Sinistcha\n|-damage|p1a: Sinistcha|54\/100\n|-status|p1a: Sinistcha|par\n|cant|p1a: Sinistcha|par\n|\n|upkeep\n|turn|31\n|\n|t:|1699712201\n|move|p2a: Zapdos|Discharge|p1a: Sinistcha\n|-damage|p1a: Sinistcha|33\/100 par\n|move|p1a: Sinistcha|Strength Sap|p2a: Zapdos\n|-unboost|p2a: Zapdos|atk|1\n|-heal|p1a: Sinistcha|81\/100 par\n|\n|upkeep\n|turn|32\n|\n|t:|1699712207\n|move|p2a: Zapdos|Discharge|p1a: Sinistcha\n|-damage|p1a: Sinistcha|62\/100 par\n|move|p1a: Sinistcha|Matcha Gotcha|p2a: Zapdos\n|-resisted|p2a: Zapdos\n|-damage|p2a: Zapdos|3\/100\n|-heal|p1a: Sinistcha|79\/100 par|[from] drain|[of] p2a: Zapdos\n|\n|upkeep\n|turn|33\n|\n|t:|1699712215\n|move|p2a: Zapdos|Discharge|p1a: Sinistcha\n|-damage|p1a: Sinistcha|57\/100 par\n|move|p1a: Sinistcha|Matcha Gotcha|p2a: Zapdos\n|-resisted|p2a: Zapdos\n|-damage|p2a: Zapdos|0 fnt\n|-heal|p1a: Sinistcha|59\/100 par|[from] drain|[of] p2a: Zapdos\n|faint|p2a: Zapdos\n|\n|upkeep\n|\n|t:|1699712218\n|switch|p2a: Dragapult|Dragapult, F|88\/100\n|-damage|p2a: Dragapult|76\/100|[from] Stealth Rock\n|turn|34\n|\n|t:|1699712227\n|move|p2a: Dragapult|Hex|p1a: Sinistcha\n|-damage|p1a: Sinistcha|9\/100 par\n|move|p1a: Sinistcha|Strength Sap|p2a: Dragapult\n|-unboost|p2a: Dragapult|atk|1\n|-heal|p1a: Sinistcha|73\/100 par\n|\n|upkeep\n|turn|35\n|\n|t:|1699712231\n|move|p2a: Dragapult|Hex|p1a: Sinistcha\n|-damage|p1a: Sinistcha|20\/100 par\n|move|p1a: Sinistcha|Shadow Ball|p2a: Dragapult\n|-supereffective|p2a: Dragapult\n|-damage|p2a: Dragapult|0 fnt\n|faint|p2a: Dragapult\n|\n|upkeep\n|\n|t:|1699712234\n|switch|p2a: Alomomola|Alomomola, F|100\/100\n|turn|36\n|\n|t:|1699712242\n|move|p2a: Alomomola|Flip Turn|p1a: Sinistcha\n|-damage|p1a: Sinistcha|9\/100 par\n|move|p1a: Sinistcha|Matcha Gotcha|p2a: Alomomola\n|-supereffective|p2a: Alomomola\n|-damage|p2a: Alomomola|4\/100\n|-heal|p1a: Sinistcha|84\/100 par|[from] drain|[of] p2a: Alomomola\n|\n|upkeep\n|turn|37\n|\n|t:|1699712248\n|move|p1a: Sinistcha|Shadow Ball|p2a: Alomomola\n|-damage|p2a: Alomomola|0 fnt\n|faint|p2a: Alomomola\n|\n|win|yellow motorola\n|raw|yellow motorola's rating: 1469 &rarr; <strong>1485<\/strong><br \/>(+16 for winning)\n|raw|X15428643.'s rating: 1391 &rarr; <strong>1375<\/strong><br \/>(-16 for losing)\n|l|\u2606X15428643.\n","uploadtime":1699712251,"views":21,"p1id":"yellowmotorola","p2id":"x15428643","formatid":"gen9ou","rating":1375,"private":0,"password":""}