{"id":"gen9ou-1996043543","p1":"PLLV51 Narshim","p2":"Aimsss","format":"[Gen 9] OU","log":"|j|\u2606PLLV51 Narshim\n|j|\u2606Aimsss\n|t:|1700634340\n|gametype|singles\n|player|p1|PLLV51 Narshim|lucas|1394\n|player|p2|Aimsss|policeman-gen4|1480\n|teamsize|p1|6\n|teamsize|p2|6\n|gen|9\n|tier|[Gen 9] OU\n|rated|\n|rule|Sleep Clause Mod: Limit one foe put to sleep\n|rule|Species Clause: Limit one of each Pok\u00e9mon\n|rule|OHKO Clause: OHKO moves are banned\n|rule|Evasion Items Clause: Evasion items are banned\n|rule|Evasion Moves Clause: Evasion moves are banned\n|rule|Endless Battle Clause: Forcing endless battles is banned\n|rule|HP Percentage Mod: HP is shown in percentages\n|clearpoke\n|poke|p1|Ninetales-Alola, F|\n|poke|p1|Ogerpon, F|\n|poke|p1|Great Tusk|\n|poke|p1|Kommo-o, F|\n|poke|p1|Kingambit, M|\n|poke|p1|Iron Moth|\n|poke|p2|Dragapult, M|\n|poke|p2|Kingambit, F|\n|poke|p2|Hawlucha, M|\n|poke|p2|Glimmora, F|\n|poke|p2|Haxorus, M|\n|poke|p2|Chesnaught, F|\n|teampreview\n|inactive|Battle timer is ON: inactive players will automatically lose when time's up. (requested by PLLV51 Narshim)\n|\n|t:|1700634350\n|start\n|switch|p1a: Ninetales|Ninetales-Alola, F|100\/100\n|switch|p2a: Chesnaught|Chesnaught, F|100\/100\n|-weather|Snow|[from] ability: Snow Warning|[of] p1a: Ninetales\n|turn|1\n|j| ogkbee\n|\n|t:|1700634358\n|move|p1a: Ninetales|Aurora Veil|p1a: Ninetales\n|-sidestart|p1: PLLV51 Narshim|move: Aurora Veil\n|move|p2a: Chesnaught|Knock Off|p1a: Ninetales\n|-resisted|p1a: Ninetales\n|-damage|p1a: Ninetales|96\/100\n|-enditem|p1a: Ninetales|Light Clay|[from] move: Knock Off|[of] p2a: Chesnaught\n|\n|-weather|Snow|[upkeep]\n|upkeep\n|turn|2\n|j| Pllv51 soviet\n|\n|t:|1700634366\n|move|p1a: Ninetales|Hypnosis|p2a: Chesnaught\n|-status|p2a: Chesnaught|slp|[from] move: Hypnosis\n|cant|p2a: Chesnaught|slp\n|\n|-weather|Snow|[upkeep]\n|upkeep\n|turn|3\n|j| lemonstre1\n|\n|t:|1700634372\n|switch|p1a: Kommo-o|Kommo-o, F|100\/100\n|-curestatus|p2a: Chesnaught|slp|[msg]\n|move|p2a: Chesnaught|Leech Seed|p1a: Kommo-o\n|-start|p1a: Kommo-o|move: Leech Seed\n|\n|-weather|Snow|[upkeep]\n|-damage|p1a: Kommo-o|88\/100|[from] Leech Seed|[of] p2a: Chesnaught\n|upkeep\n|turn|4\n|\n|t:|1700634381\n|switch|p1a: Ninetales|Ninetales-Alola, F|96\/100\n|switch|p2a: Glimmora|Glimmora, F|100\/100\n|-item|p2a: Glimmora|Air Balloon\n|\n|-weather|Snow|[upkeep]\n|upkeep\n|turn|5\n|\n|t:|1700634390\n|move|p1a: Ninetales|Hypnosis|p2a: Glimmora|[miss]\n|-miss|p1a: Ninetales|p2a: Glimmora\n|move|p2a: Glimmora|Sludge Bomb|p1a: Ninetales\n|-supereffective|p1a: Ninetales\n|-damage|p1a: Ninetales|52\/100\n|\n|-weather|none\n|upkeep\n|turn|6\n|\n|t:|1700634398\n|move|p1a: Ninetales|Hypnosis|p2a: Glimmora\n|-status|p2a: Glimmora|slp|[from] move: Hypnosis\n|cant|p2a: Glimmora|slp\n|\n|upkeep\n|turn|7\n|\n|t:|1700634406\n|switch|p1a: Kommo-o|Kommo-o, F|88\/100\n|cant|p2a: Glimmora|slp\n|\n|upkeep\n|turn|8\n|\n|t:|1700634411\n|move|p1a: Kommo-o|Clangorous Soul|p1a: Kommo-o\n|-boost|p1a: Kommo-o|atk|1\n|-boost|p1a: Kommo-o|def|1\n|-boost|p1a: Kommo-o|spa|1\n|-boost|p1a: Kommo-o|spd|1\n|-boost|p1a: Kommo-o|spe|1\n|-damage|p1a: Kommo-o|55\/100\n|-enditem|p1a: Kommo-o|Throat Spray\n|-boost|p1a: Kommo-o|spa|1|[from] item: Throat Spray\n|-curestatus|p2a: Glimmora|slp|[msg]\n|move|p2a: Glimmora|Mortal Spin|p1a: Kommo-o\n|-damage|p1a: Kommo-o|53\/100\n|-status|p1a: Kommo-o|psn\n|\n|-damage|p1a: Kommo-o|41\/100 psn|[from] psn\n|-sideend|p1: PLLV51 Narshim|move: Aurora Veil\n|upkeep\n|turn|9\n|l| Pllv51 soviet\n|\n|t:|1700634428\n|move|p1a: Kommo-o|Clanging Scales|p2a: Glimmora\n|-damage|p2a: Glimmora|16\/100\n|-enditem|p2a: Glimmora|Air Balloon\n|-unboost|p1a: Kommo-o|def|1\n|move|p2a: Glimmora|Stealth Rock|p1a: Kommo-o\n|-sidestart|p1: PLLV51 Narshim|move: Stealth Rock\n|\n|-damage|p1a: Kommo-o|28\/100 psn|[from] psn\n|upkeep\n|turn|10\n|\n|t:|1700634441\n|move|p1a: Kommo-o|Boomburst|p2a: Glimmora\n|-resisted|p2a: Glimmora\n|-damage|p2a: Glimmora|0 fnt\n|faint|p2a: Glimmora\n|\n|-damage|p1a: Kommo-o|16\/100 psn|[from] psn\n|upkeep\n|\n|t:|1700634462\n|switch|p2a: Chesnaught|Chesnaught, F|100\/100\n|turn|11\n|\n|t:|1700634477\n|move|p2a: Chesnaught|Spiky Shield|p2a: Chesnaught\n|-singleturn|p2a: Chesnaught|move: Protect\n|move|p1a: Kommo-o|Flamethrower|p2a: Chesnaught\n|-activate|p2a: Chesnaught|move: Protect\n|\n|-damage|p1a: Kommo-o|4\/100 psn|[from] psn\n|upkeep\n|turn|12\n|\n|t:|1700634487\n|switch|p2a: Dragapult|Dragapult, M|100\/100\n|move|p1a: Kommo-o|Clanging Scales|p2a: Dragapult\n|-supereffective|p2a: Dragapult\n|-damage|p2a: Dragapult|0 fnt\n|faint|p2a: Dragapult\n|-unboost|p1a: Kommo-o|def|1\n|\n|-damage|p1a: Kommo-o|0 fnt|[from] psn\n|faint|p1a: Kommo-o\n|upkeep\n|\n|t:|1700634508\n|switch|p2a: Hawlucha|Hawlucha, M|100\/100\n|switch|p1a: Ninetales|Ninetales-Alola, F|52\/100\n|-damage|p1a: Ninetales|27\/100|[from] Stealth Rock\n|-weather|Snow|[from] ability: Snow Warning|[of] p1a: Ninetales\n|turn|13\n|\n|t:|1700634517\n|switch|p2a: Kingambit|Kingambit, F|100\/100\n|-activate|p2a: Kingambit|ability: Supreme Overlord\n|-start|p2a: Kingambit|fallen2|[silent]\n|move|p1a: Ninetales|Aurora Veil|p1a: Ninetales\n|-sidestart|p1: PLLV51 Narshim|move: Aurora Veil\n|\n|-weather|Snow|[upkeep]\n|upkeep\n|turn|14\n|\n|t:|1700634529\n|move|p1a: Ninetales|Hypnosis|p2a: Kingambit\n|-status|p2a: Kingambit|slp|[from] move: Hypnosis\n|cant|p2a: Kingambit|slp\n|\n|-weather|Snow|[upkeep]\n|upkeep\n|turn|15\n|\n|t:|1700634539\n|switch|p1a: Great Tusk|Great Tusk|100\/100\n|-damage|p1a: Great Tusk|98\/100|[from] Stealth Rock\n|-enditem|p1a: Great Tusk|Booster Energy\n|-activate|p1a: Great Tusk|ability: Protosynthesis|[fromitem]\n|-start|p1a: Great Tusk|protosynthesisatk\n|cant|p2a: Kingambit|slp\n|\n|-weather|Snow|[upkeep]\n|upkeep\n|turn|16\n|\n|t:|1700634550\n|-end|p2a: Kingambit|fallen2|[silent]\n|switch|p2a: Chesnaught|Chesnaught, F|100\/100\n|move|p1a: Great Tusk|Bulk Up|p1a: Great Tusk\n|-boost|p1a: Great Tusk|atk|1\n|-boost|p1a: Great Tusk|def|1\n|\n|-weather|Snow|[upkeep]\n|upkeep\n|turn|17\n|\n|t:|1700634559\n|move|p1a: Great Tusk|Ice Spinner|p2a: Chesnaught\n|-supereffective|p2a: Chesnaught\n|-damage|p2a: Chesnaught|34\/100\n|move|p2a: Chesnaught|Leech Seed|p1a: Great Tusk\n|-start|p1a: Great Tusk|move: Leech Seed\n|\n|-weather|none\n|-heal|p2a: Chesnaught|40\/100|[from] item: Leftovers\n|-damage|p1a: Great Tusk|85\/100|[from] Leech Seed|[of] p2a: Chesnaught\n|-heal|p2a: Chesnaught|54\/100|[silent]\n|-sideend|p1: PLLV51 Narshim|move: Aurora Veil\n|upkeep\n|turn|18\n|\n|t:|1700634570\n|move|p1a: Great Tusk|Bulk Up|p1a: Great Tusk\n|-boost|p1a: Great Tusk|atk|1\n|-boost|p1a: Great Tusk|def|1\n|move|p2a: Chesnaught|Drain Punch|p1a: Great Tusk\n|-damage|p1a: Great Tusk|77\/100\n|-heal|p2a: Chesnaught|59\/100|[from] drain|[of] p1a: Great Tusk\n|\n|-heal|p2a: Chesnaught|65\/100|[from] item: Leftovers\n|-damage|p1a: Great Tusk|64\/100|[from] Leech Seed|[of] p2a: Chesnaught\n|-heal|p2a: Chesnaught|79\/100|[silent]\n|upkeep\n|turn|19\n|\n|t:|1700634581\n|move|p2a: Chesnaught|Spiky Shield|p2a: Chesnaught\n|-singleturn|p2a: Chesnaught|move: Protect\n|move|p1a: Great Tusk|Ice Spinner|p2a: Chesnaught\n|-activate|p2a: Chesnaught|move: Protect\n|-damage|p1a: Great Tusk|52\/100|[from] Spiky Shield|[of] p2a: Chesnaught\n|\n|-heal|p2a: Chesnaught|85\/100|[from] item: Leftovers\n|-damage|p1a: Great Tusk|39\/100|[from] Leech Seed|[of] p2a: Chesnaught\n|-heal|p2a: Chesnaught|99\/100|[silent]\n|upkeep\n|turn|20\n|\n|t:|1700634592\n|move|p1a: Great Tusk|Ice Spinner|p2a: Chesnaught\n|-supereffective|p2a: Chesnaught\n|-crit|p2a: Chesnaught\n|-damage|p2a: Chesnaught|0 fnt\n|faint|p2a: Chesnaught\n|\n|upkeep\n|\n|t:|1700634598\n|switch|p2a: Haxorus|Haxorus, M|100\/100\n|-ability|p2a: Haxorus|Mold Breaker\n|turn|21\n|\n|t:|1700634603\n|move|p2a: Haxorus|Dragon Dance|p2a: Haxorus\n|-boost|p2a: Haxorus|atk|1\n|-boost|p2a: Haxorus|spe|1\n|move|p1a: Great Tusk|Ice Spinner|p2a: Haxorus\n|-supereffective|p2a: Haxorus\n|-enditem|p2a: Haxorus|Yache Berry|[eat]\n|-enditem|p2a: Haxorus|Yache Berry|[weaken]\n|-damage|p2a: Haxorus|17\/100\n|\n|-damage|p1a: Great Tusk|27\/100|[from] Leech Seed|[of] p2a: Haxorus\n|-heal|p2a: Haxorus|36\/100|[silent]\n|upkeep\n|turn|22\n|\n|t:|1700634613\n|move|p2a: Haxorus|Dragon Claw|p1a: Great Tusk\n|-damage|p1a: Great Tusk|5\/100\n|move|p1a: Great Tusk|Ice Spinner|p2a: Haxorus\n|-supereffective|p2a: Haxorus\n|-damage|p2a: Haxorus|0 fnt\n|faint|p2a: Haxorus\n|\n|upkeep\n|\n|t:|1700634622\n|switch|p2a: Kingambit|Kingambit, F|100\/100 slp\n|-activate|p2a: Kingambit|ability: Supreme Overlord\n|-start|p2a: Kingambit|fallen4|[silent]\n|turn|23\n|\n|t:|1700634627\n|move|p1a: Great Tusk|Earthquake|p2a: Kingambit\n|-supereffective|p2a: Kingambit\n|-damage|p2a: Kingambit|0 fnt\n|faint|p2a: Kingambit\n|-end|p2a: Kingambit|fallen4|[silent]\n|\n|upkeep\n|\n|t:|1700634632\n|switch|p2a: Hawlucha|Hawlucha, M|100\/100\n|turn|24\n|\n|t:|1700634636\n|move|p2a: Hawlucha|Acrobatics|p1a: Great Tusk\n|-supereffective|p1a: Great Tusk\n|-damage|p1a: Great Tusk|0 fnt\n|faint|p1a: Great Tusk\n|-end|p1a: Great Tusk|Protosynthesis|[silent]\n|\n|upkeep\n|\n|t:|1700634652\n|switch|p1a: Ninetales|Ninetales-Alola, F|27\/100\n|-damage|p1a: Ninetales|2\/100|[from] Stealth Rock\n|-weather|Snow|[from] ability: Snow Warning|[of] p1a: Ninetales\n|turn|25\n|c| ogkbee|HAWLUCHA GAMING\n|\n|t:|1700634669\n|move|p1a: Ninetales|Aurora Veil|p1a: Ninetales\n|-sidestart|p1: PLLV51 Narshim|move: Aurora Veil\n|move|p2a: Hawlucha|Swords Dance|p2a: Hawlucha\n|-boost|p2a: Hawlucha|atk|2\n|\n|-weather|Snow|[upkeep]\n|upkeep\n|turn|26\n|\n|t:|1700634675\n|move|p1a: Ninetales|Encore|p2a: Hawlucha\n|-start|p2a: Hawlucha|Encore\n|move|p2a: Hawlucha|Swords Dance|p2a: Hawlucha\n|-boost|p2a: Hawlucha|atk|2\n|\n|-weather|Snow|[upkeep]\n|upkeep\n|turn|27\n|\n|t:|1700634683\n|move|p1a: Ninetales|Freeze-Dry|p2a: Hawlucha\n|-supereffective|p2a: Hawlucha\n|-damage|p2a: Hawlucha|38\/100\n|-enditem|p2a: Hawlucha|Red Card|[of] p1a: Ninetales\n|drag|p1a: Iron Moth|Iron Moth|100\/100\n|-damage|p1a: Iron Moth|75\/100|[from] Stealth Rock\n|-enditem|p1a: Iron Moth|Booster Energy\n|-activate|p1a: Iron Moth|ability: Quark Drive|[fromitem]\n|-start|p1a: Iron Moth|quarkdrivespe\n|move|p2a: Hawlucha|Swords Dance|p2a: Hawlucha\n|-boost|p2a: Hawlucha|atk|2\n|\n|-weather|Snow|[upkeep]\n|upkeep\n|turn|28\n|\n|t:|1700634696\n|move|p2a: Hawlucha|Swords Dance|p2a: Hawlucha\n|-boost|p2a: Hawlucha|atk|0\n|move|p1a: Iron Moth|Dazzling Gleam|p2a: Hawlucha\n|-supereffective|p2a: Hawlucha\n|-crit|p2a: Hawlucha\n|-damage|p2a: Hawlucha|0 fnt\n|faint|p2a: Hawlucha\n|\n|win|PLLV51 Narshim\n|raw|PLLV51 Narshim's rating: 1394 &rarr; <strong>1419<\/strong><br \/>(+25 for winning)\n|raw|Aimsss's rating: 1480 &rarr; <strong>1455<\/strong><br \/>(-25 for losing)\n|l|\u2606PLLV51 Narshim\n|l|\u2606Aimsss\n|l| lemonstre1\n","uploadtime":1700634794,"views":1,"p1id":"pllv51narshim","p2id":"aimsss","formatid":"gen9ou","rating":1419,"private":0,"password":""}