{"id":"gen9ou-1990893236","p1":"Brockkkkk1111","p2":"aniihS","format":"[Gen 9] OU","log":"|j|\u2606Brockkkkk1111\n|j|\u2606aniihS\n|t:|1700012205\n|gametype|singles\n|player|p1|Brockkkkk1111|1|1079\n|player|p2|aniihS|elesa-masters|1129\n|teamsize|p1|6\n|teamsize|p2|6\n|gen|9\n|tier|[Gen 9] OU\n|rated|\n|rule|Sleep Clause Mod: Limit one foe put to sleep\n|rule|Species Clause: Limit one of each Pok\u00e9mon\n|rule|OHKO Clause: OHKO moves are banned\n|rule|Evasion Items Clause: Evasion items are banned\n|rule|Evasion Moves Clause: Evasion moves are banned\n|rule|Endless Battle Clause: Forcing endless battles is banned\n|rule|HP Percentage Mod: HP is shown in percentages\n|clearpoke\n|poke|p1|Sinistcha|\n|poke|p1|Clefable, F|\n|poke|p1|Ninetales-Alola, F|\n|poke|p1|Heatran, F|\n|poke|p1|Manaphy|\n|poke|p1|Great Tusk|\n|poke|p2|Thundurus-Therian, M|\n|poke|p2|Heatran, F|\n|poke|p2|Great Tusk|\n|poke|p2|Iron Valiant|\n|poke|p2|Alomomola, M|\n|poke|p2|Kingambit, M|\n|teampreview\n|\n|t:|1700012220\n|start\n|switch|p1a: Ninetales|Ninetales-Alola, F|100\/100\n|switch|p2a: Thundurus|Thundurus-Therian, M|100\/100\n|-weather|Snow|[from] ability: Snow Warning|[of] p1a: Ninetales\n|turn|1\n|inactive|Battle timer is ON: inactive players will automatically lose when time's up. (requested by aniihS)\n|\n|t:|1700012226\n|move|p2a: Thundurus|Sludge Bomb|p1a: Ninetales\n|-supereffective|p1a: Ninetales\n|-crit|p1a: Ninetales\n|-damage|p1a: Ninetales|4\/100\n|move|p1a: Ninetales|Aurora Veil|p1a: Ninetales\n|-sidestart|p1: Brockkkkk1111|move: Aurora Veil\n|\n|-weather|Snow|[upkeep]\n|upkeep\n|turn|2\n|\n|t:|1700012241\n|switch|p1a: Manaphy|Manaphy|100\/100\n|move|p2a: Thundurus|Sludge Bomb|p1a: Manaphy\n|-damage|p1a: Manaphy|88\/100\n|\n|-weather|Snow|[upkeep]\n|-heal|p1a: Manaphy|94\/100|[from] item: Leftovers\n|upkeep\n|turn|3\n|\n|t:|1700012250\n|switch|p2a: Alomomola|Alomomola, M|100\/100\n|-terastallize|p1a: Manaphy|Dragon\n|move|p1a: Manaphy|Take Heart|p1a: Manaphy\n|-boost|p1a: Manaphy|spa|1\n|-boost|p1a: Manaphy|spd|1\n|\n|-weather|Snow|[upkeep]\n|-heal|p1a: Manaphy|100\/100|[from] item: Leftovers\n|upkeep\n|turn|4\n|\n|t:|1700012258\n|move|p1a: Manaphy|Acid Armor|p1a: Manaphy\n|-boost|p1a: Manaphy|def|2\n|move|p2a: Alomomola|Scald|p1a: Manaphy\n|-resisted|p1a: Manaphy\n|-damage|p1a: Manaphy|99\/100\n|\n|-weather|Snow|[upkeep]\n|-heal|p1a: Manaphy|100\/100|[from] item: Leftovers\n|upkeep\n|turn|5\n|\n|t:|1700012266\n|switch|p2a: Iron Valiant|Iron Valiant|100\/100\n|-enditem|p2a: Iron Valiant|Booster Energy\n|-activate|p2a: Iron Valiant|ability: Quark Drive|[fromitem]\n|-start|p2a: Iron Valiant|quarkdrivespe\n|move|p1a: Manaphy|Take Heart|p1a: Manaphy\n|-boost|p1a: Manaphy|spa|1\n|-boost|p1a: Manaphy|spd|1\n|\n|-weather|none\n|upkeep\n|turn|6\n|\n|t:|1700012276\n|move|p2a: Iron Valiant|Encore|p1a: Manaphy\n|-start|p1a: Manaphy|Encore\n|move|p1a: Manaphy|Take Heart|p1a: Manaphy\n|-boost|p1a: Manaphy|spa|1\n|-boost|p1a: Manaphy|spd|1\n|\n|upkeep\n|turn|7\n|\n|t:|1700012285\n|switch|p1a: Clefable|Clefable, F|100\/100\n|move|p2a: Iron Valiant|Calm Mind|p2a: Iron Valiant\n|-boost|p2a: Iron Valiant|spa|1\n|-boost|p2a: Iron Valiant|spd|1\n|\n|upkeep\n|turn|8\n|\n|t:|1700012297\n|move|p2a: Iron Valiant|Moonblast|p1a: Clefable\n|-damage|p1a: Clefable|69\/100\n|-unboost|p1a: Clefable|spa|1\n|move|p1a: Clefable|Wish|p1a: Clefable\n|\n|-heal|p1a: Clefable|75\/100|[from] item: Leftovers\n|-sideend|p1: Brockkkkk1111|move: Aurora Veil\n|upkeep\n|turn|9\n|\n|t:|1700012310\n|-end|p2a: Iron Valiant|Quark Drive|[silent]\n|switch|p2a: Thundurus|Thundurus-Therian, M|100\/100\n|move|p1a: Clefable|Cosmic Power|p1a: Clefable\n|-boost|p1a: Clefable|def|1\n|-boost|p1a: Clefable|spd|1\n|\n|-heal|p1a: Clefable|100\/100|[from] move: Wish|[wisher] Clefable\n|upkeep\n|turn|10\n|\n|t:|1700012321\n|move|p2a: Thundurus|Sludge Bomb|p1a: Clefable\n|-supereffective|p1a: Clefable\n|-damage|p1a: Clefable|60\/100\n|-status|p1a: Clefable|psn\n|move|p1a: Clefable|Cosmic Power|p1a: Clefable\n|-boost|p1a: Clefable|def|1\n|-boost|p1a: Clefable|spd|1\n|\n|-heal|p1a: Clefable|66\/100 psn|[from] item: Leftovers\n|upkeep\n|turn|11\n|\n|t:|1700012339\n|move|p2a: Thundurus|Sludge Bomb|p1a: Clefable\n|-supereffective|p1a: Clefable\n|-damage|p1a: Clefable|34\/100 psn\n|move|p1a: Clefable|Wish|p1a: Clefable\n|\n|-heal|p1a: Clefable|40\/100 psn|[from] item: Leftovers\n|upkeep\n|turn|12\n|\n|t:|1700012350\n|switch|p2a: Iron Valiant|Iron Valiant|100\/100\n|move|p1a: Clefable|Cosmic Power|p1a: Clefable\n|-boost|p1a: Clefable|def|1\n|-boost|p1a: Clefable|spd|1\n|\n|-heal|p1a: Clefable|90\/100 psn|[from] move: Wish|[wisher] Clefable\n|-heal|p1a: Clefable|96\/100 psn|[from] item: Leftovers\n|upkeep\n|turn|13\n|\n|t:|1700012367\n|move|p2a: Iron Valiant|Encore|p1a: Clefable\n|-start|p1a: Clefable|Encore\n|move|p1a: Clefable|Cosmic Power|p1a: Clefable\n|-boost|p1a: Clefable|def|1\n|-boost|p1a: Clefable|spd|1\n|\n|-heal|p1a: Clefable|100\/100 psn|[from] item: Leftovers\n|upkeep\n|turn|14\n|\n|t:|1700012379\n|switch|p1a: Sinistcha|Sinistcha|100\/100\n|move|p2a: Iron Valiant|Calm Mind|p2a: Iron Valiant\n|-boost|p2a: Iron Valiant|spa|1\n|-boost|p2a: Iron Valiant|spd|1\n|\n|upkeep\n|turn|15\n|\n|t:|1700012390\n|-end|p2a: Iron Valiant|Quark Drive|[silent]\n|switch|p2a: Heatran|Heatran, F|100\/100\n|move|p1a: Sinistcha|Stun Spore|p2a: Heatran\n|-status|p2a: Heatran|par\n|\n|upkeep\n|turn|16\n|\n|t:|1700012403\n|switch|p1a: Manaphy|Manaphy, tera:Dragon|100\/100\n|move|p2a: Heatran|Will-O-Wisp|p1a: Manaphy\n|-status|p1a: Manaphy|brn\n|\n|-damage|p1a: Manaphy|94\/100 brn|[from] brn\n|upkeep\n|turn|17\n|\n|t:|1700012432\n|move|p1a: Manaphy|Take Heart|p1a: Manaphy\n|-boost|p1a: Manaphy|spa|1\n|-boost|p1a: Manaphy|spd|1\n|-curestatus|p1a: Manaphy|brn|[msg]\n|cant|p2a: Heatran|par\n|\n|-heal|p1a: Manaphy|100\/100|[from] item: Leftovers\n|upkeep\n|turn|18\n|\n|t:|1700012440\n|switch|p2a: Iron Valiant|Iron Valiant|100\/100\n|move|p1a: Manaphy|Acid Armor|p1a: Manaphy\n|-boost|p1a: Manaphy|def|2\n|\n|upkeep\n|turn|19\n|\n|t:|1700012450\n|switch|p1a: Sinistcha|Sinistcha|100\/100\n|move|p2a: Iron Valiant|Encore||[still]\n|-fail|p2a: Iron Valiant\n|\n|upkeep\n|turn|20\n|\n|t:|1700012464\n|-end|p2a: Iron Valiant|Quark Drive|[silent]\n|switch|p2a: Thundurus|Thundurus-Therian, M|100\/100\n|move|p1a: Sinistcha|Stun Spore|p2a: Thundurus\n|-immune|p2a: Thundurus\n|\n|upkeep\n|turn|21\n|\n|t:|1700012472\n|switch|p1a: Clefable|Clefable, F|100\/100 psn\n|move|p2a: Thundurus|Dark Pulse|p1a: Clefable\n|-resisted|p1a: Clefable\n|-damage|p1a: Clefable|88\/100 psn\n|\n|-heal|p1a: Clefable|94\/100 psn|[from] item: Leftovers\n|upkeep\n|turn|22\n|\n|t:|1700012480\n|switch|p2a: Iron Valiant|Iron Valiant|100\/100\n|move|p1a: Clefable|Night Shade|p2a: Iron Valiant\n|-damage|p2a: Iron Valiant|66\/100\n|\n|-heal|p1a: Clefable|99\/100 psn|[from] item: Leftovers\n|upkeep\n|turn|23\n|\n|t:|1700012490\n|-end|p2a: Iron Valiant|Quark Drive|[silent]\n|switch|p2a: Kingambit|Kingambit, M|100\/100\n|move|p1a: Clefable|Night Shade|p2a: Kingambit\n|-damage|p2a: Kingambit|74\/100\n|\n|-heal|p1a: Clefable|100\/100 psn|[from] item: Leftovers\n|upkeep\n|turn|24\n|\n|t:|1700012507\n|switch|p1a: Great Tusk|Great Tusk|100\/100\n|-enditem|p1a: Great Tusk|Booster Energy\n|-activate|p1a: Great Tusk|ability: Protosynthesis|[fromitem]\n|-start|p1a: Great Tusk|protosynthesisatk\n|move|p2a: Kingambit|Iron Head|p1a: Great Tusk\n|-damage|p1a: Great Tusk|70\/100\n|\n|upkeep\n|turn|25\n|\n|t:|1700012517\n|-end|p2a: Kingambit|fallenundefined|[silent]\n|switch|p2a: Thundurus|Thundurus-Therian, M|100\/100\n|move|p1a: Great Tusk|Bulk Up|p1a: Great Tusk\n|-boost|p1a: Great Tusk|atk|1\n|-boost|p1a: Great Tusk|def|1\n|\n|upkeep\n|turn|26\n|\n|t:|1700012528\n|-terastallize|p2a: Thundurus|Ice\n|move|p2a: Thundurus|Tera Blast|p1a: Great Tusk|[anim] Tera Blast Ice\n|-supereffective|p1a: Great Tusk\n|-damage|p1a: Great Tusk|0 fnt\n|faint|p1a: Great Tusk\n|-end|p1a: Great Tusk|Protosynthesis|[silent]\n|\n|upkeep\n|\n|t:|1700012534\n|switch|p1a: Ninetales|Ninetales-Alola, F|4\/100\n|-weather|Snow|[from] ability: Snow Warning|[of] p1a: Ninetales\n|turn|27\n|\n|t:|1700012538\n|move|p2a: Thundurus|Tera Blast|p1a: Ninetales|[anim] Tera Blast Ice\n|-resisted|p1a: Ninetales\n|-damage|p1a: Ninetales|0 fnt\n|faint|p1a: Ninetales\n|\n|-weather|Snow|[upkeep]\n|upkeep\n|\n|t:|1700012548\n|switch|p1a: Clefable|Clefable, F|100\/100 psn\n|turn|28\n|\n|t:|1700012554\n|switch|p2a: Alomomola|Alomomola, M|100\/100\n|move|p1a: Clefable|Cosmic Power|p1a: Clefable\n|-boost|p1a: Clefable|def|1\n|-boost|p1a: Clefable|spd|1\n|\n|-weather|Snow|[upkeep]\n|upkeep\n|turn|29\n|\n|t:|1700012567\n|move|p1a: Clefable|Night Shade|p2a: Alomomola\n|-damage|p2a: Alomomola|79\/100\n|move|p2a: Alomomola|Scald|p1a: Clefable\n|-damage|p1a: Clefable|91\/100 psn\n|\n|-weather|Snow|[upkeep]\n|-heal|p1a: Clefable|97\/100 psn|[from] item: Leftovers\n|-heal|p2a: Alomomola|85\/100|[from] item: Leftovers\n|upkeep\n|turn|30\n|\n|t:|1700012575\n|move|p1a: Clefable|Cosmic Power|p1a: Clefable\n|-boost|p1a: Clefable|def|1\n|-boost|p1a: Clefable|spd|1\n|move|p2a: Alomomola|Flip Turn|p1a: Clefable\n|-damage|p1a: Clefable|89\/100 psn\n|\n|t:|1700012579\n|switch|p2a: Iron Valiant|Iron Valiant|66\/100|[from] Flip Turn\n|\n|-weather|Snow|[upkeep]\n|-heal|p1a: Clefable|95\/100 psn|[from] item: Leftovers\n|upkeep\n|turn|31\n|\n|t:|1700012588\n|switch|p1a: Sinistcha|Sinistcha|100\/100\n|move|p2a: Iron Valiant|Encore||[still]\n|-fail|p2a: Iron Valiant\n|\n|-weather|none\n|upkeep\n|turn|32\n|\n|t:|1700012600\n|-end|p2a: Iron Valiant|Quark Drive|[silent]\n|switch|p2a: Heatran|Heatran, F|100\/100 par\n|move|p1a: Sinistcha|Stun Spore|p2a: Heatran\n|-fail|p2a: Heatran|par\n|\n|upkeep\n|turn|33\n|\n|t:|1700012607\n|switch|p1a: Manaphy|Manaphy, tera:Dragon|100\/100\n|cant|p2a: Heatran|par\n|\n|upkeep\n|turn|34\n|\n|t:|1700012612\n|move|p1a: Manaphy|Take Heart|p1a: Manaphy\n|-boost|p1a: Manaphy|spa|1\n|-boost|p1a: Manaphy|spd|1\n|move|p2a: Heatran|Will-O-Wisp|p1a: Manaphy\n|-status|p1a: Manaphy|brn\n|\n|-damage|p1a: Manaphy|94\/100 brn|[from] brn\n|upkeep\n|turn|35\n|\n|t:|1700012620\n|switch|p2a: Iron Valiant|Iron Valiant|66\/100\n|move|p1a: Manaphy|Scald|p2a: Iron Valiant\n|-damage|p2a: Iron Valiant|0 fnt\n|faint|p2a: Iron Valiant\n|-end|p2a: Iron Valiant|Quark Drive|[silent]\n|\n|-heal|p1a: Manaphy|100\/100 brn|[from] item: Leftovers\n|-damage|p1a: Manaphy|94\/100 brn|[from] brn\n|upkeep\n|\n|t:|1700012631\n|switch|p2a: Thundurus|Thundurus-Therian, M, tera:Ice|100\/100\n|turn|36\n|\n|t:|1700012636\n|move|p2a: Thundurus|Tera Blast|p1a: Manaphy|[anim] Tera Blast Ice\n|-supereffective|p1a: Manaphy\n|-damage|p1a: Manaphy|49\/100 brn\n|move|p1a: Manaphy|Take Heart|p1a: Manaphy\n|-boost|p1a: Manaphy|spa|1\n|-boost|p1a: Manaphy|spd|1\n|-curestatus|p1a: Manaphy|brn|[msg]\n|\n|-heal|p1a: Manaphy|55\/100|[from] item: Leftovers\n|upkeep\n|turn|37\n|\n|t:|1700012652\n|move|p2a: Thundurus|Tera Blast|p1a: Manaphy|[anim] Tera Blast Ice\n|-supereffective|p1a: Manaphy\n|-damage|p1a: Manaphy|23\/100\n|move|p1a: Manaphy|Scald|p2a: Thundurus\n|-damage|p2a: Thundurus|16\/100\n|\n|-heal|p1a: Manaphy|29\/100|[from] item: Leftovers\n|upkeep\n|turn|38\n|\n|t:|1700012663\n|switch|p1a: Clefable|Clefable, F|95\/100 psn\n|move|p2a: Thundurus|Tera Blast|p1a: Clefable|[anim] Tera Blast Ice\n|-damage|p1a: Clefable|54\/100 psn\n|\n|-heal|p1a: Clefable|60\/100 psn|[from] item: Leftovers\n|upkeep\n|turn|39\n|\n|t:|1700012670\n|move|p2a: Thundurus|Tera Blast|p1a: Clefable|[anim] Tera Blast Ice\n|-damage|p1a: Clefable|19\/100 psn\n|move|p1a: Clefable|Wish|p1a: Clefable\n|\n|-heal|p1a: Clefable|25\/100 psn|[from] item: Leftovers\n|upkeep\n|turn|40\n|\n|t:|1700012677\n|switch|p1a: Heatran|Heatran, F|100\/100\n|-item|p1a: Heatran|Air Balloon\n|move|p2a: Thundurus|Tera Blast|p1a: Heatran|[anim] Tera Blast Ice\n|-resisted|p1a: Heatran\n|-damage|p1a: Heatran|91\/100\n|-enditem|p1a: Heatran|Air Balloon\n|\n|-heal|p1a: Heatran|100\/100|[from] move: Wish|[wisher] Clefable\n|upkeep\n|turn|41\n|\n|t:|1700012688\n|switch|p2a: Alomomola|Alomomola, M|100\/100\n|move|p1a: Heatran|Earth Power|p2a: Alomomola\n|-damage|p2a: Alomomola|70\/100\n|\n|-heal|p2a: Alomomola|77\/100|[from] item: Leftovers\n|upkeep\n|turn|42\n|\n|t:|1700012696\n|switch|p1a: Clefable|Clefable, F|25\/100 psn\n|move|p2a: Alomomola|Scald|p1a: Clefable\n|-damage|p1a: Clefable|12\/100 psn\n|\n|-heal|p1a: Clefable|19\/100 psn|[from] item: Leftovers\n|-heal|p2a: Alomomola|83\/100|[from] item: Leftovers\n|upkeep\n|turn|43\n|\n|t:|1700012710\n|move|p1a: Clefable|Wish|p1a: Clefable\n|move|p2a: Alomomola|Scald|p1a: Clefable\n|-damage|p1a: Clefable|7\/100 psn\n|\n|-heal|p1a: Clefable|13\/100 psn|[from] item: Leftovers\n|-heal|p2a: Alomomola|89\/100|[from] item: Leftovers\n|upkeep\n|turn|44\n|\n|t:|1700012718\n|move|p1a: Clefable|Cosmic Power|p1a: Clefable\n|-boost|p1a: Clefable|def|1\n|-boost|p1a: Clefable|spd|1\n|move|p2a: Alomomola|Wish|p2a: Alomomola\n|\n|-heal|p1a: Clefable|63\/100 psn|[from] move: Wish|[wisher] Clefable\n|-heal|p1a: Clefable|69\/100 psn|[from] item: Leftovers\n|-heal|p2a: Alomomola|95\/100|[from] item: Leftovers\n|upkeep\n|turn|45\n|\n|t:|1700012728\n|move|p1a: Clefable|Wish|p1a: Clefable\n|move|p2a: Alomomola|Flip Turn|p1a: Clefable\n|-damage|p1a: Clefable|59\/100 psn\n|\n|t:|1700012730\n|switch|p2a: Kingambit|Kingambit, M|74\/100|[from] Flip Turn\n|-activate|p2a: Kingambit|ability: Supreme Overlord\n|-start|p2a: Kingambit|fallen1|[silent]\n|\n|-heal|p2a: Kingambit|100\/100|[from] move: Wish|[wisher] Alomomola\n|-heal|p1a: Clefable|65\/100 psn|[from] item: Leftovers\n|upkeep\n|turn|46\n|\n|t:|1700012740\n|move|p1a: Clefable|Cosmic Power|p1a: Clefable\n|-boost|p1a: Clefable|def|1\n|-boost|p1a: Clefable|spd|1\n|move|p2a: Kingambit|Iron Head|p1a: Clefable\n|-supereffective|p1a: Clefable\n|-damage|p1a: Clefable|7\/100 psn\n|\n|-heal|p1a: Clefable|57\/100 psn|[from] move: Wish|[wisher] Clefable\n|-heal|p1a: Clefable|63\/100 psn|[from] item: Leftovers\n|upkeep\n|turn|47\n|\n|t:|1700012749\n|switch|p1a: Heatran|Heatran, F|100\/100\n|move|p2a: Kingambit|Swords Dance|p2a: Kingambit\n|-boost|p2a: Kingambit|atk|2\n|\n|upkeep\n|turn|48\n|\n|t:|1700012757\n|move|p1a: Heatran|Magma Storm|p2a: Kingambit\n|-supereffective|p2a: Kingambit\n|-damage|p2a: Kingambit|1\/100\n|-activate|p2a: Kingambit|move: Magma Storm|[of] p1a: Heatran\n|move|p2a: Kingambit|Kowtow Cleave|p1a: Heatran\n|-damage|p1a: Heatran|0 fnt\n|faint|p1a: Heatran\n|\n|-end|p2a: Kingambit|Magma Storm|[partiallytrapped]|[silent]\n|upkeep\n|\n|t:|1700012770\n|switch|p1a: Clefable|Clefable, F|63\/100 psn\n|turn|49\n|\n|t:|1700012777\n|move|p1a: Clefable|Night Shade|p2a: Kingambit\n|-damage|p2a: Kingambit|0 fnt\n|faint|p2a: Kingambit\n|-end|p2a: Kingambit|fallen1|[silent]\n|\n|-heal|p1a: Clefable|69\/100 psn|[from] item: Leftovers\n|upkeep\n|\n|t:|1700012787\n|switch|p2a: Thundurus|Thundurus-Therian, M, tera:Ice|16\/100\n|turn|50\n|\n|t:|1700012789\n|move|p2a: Thundurus|Sludge Bomb|p1a: Clefable\n|-supereffective|p1a: Clefable\n|-damage|p1a: Clefable|5\/100 psn\n|move|p1a: Clefable|Night Shade|p2a: Thundurus\n|-damage|p2a: Thundurus|0 fnt\n|faint|p2a: Thundurus\n|\n|-heal|p1a: Clefable|11\/100 psn|[from] item: Leftovers\n|upkeep\n|\n|t:|1700012798\n|switch|p2a: Great Tusk|Great Tusk|100\/100\n|turn|51\n|\n|t:|1700012806\n|move|p2a: Great Tusk|Ice Spinner|p1a: Clefable\n|-damage|p1a: Clefable|0 fnt\n|faint|p1a: Clefable\n|\n|upkeep\n|\n|t:|1700012810\n|switch|p1a: Sinistcha|Sinistcha|100\/100\n|turn|52\n|\n|t:|1700012819\n|move|p2a: Great Tusk|Ice Spinner|p1a: Sinistcha\n|-supereffective|p1a: Sinistcha\n|-damage|p1a: Sinistcha|48\/100\n|move|p1a: Sinistcha|Matcha Gotcha|p2a: Great Tusk\n|-supereffective|p2a: Great Tusk\n|-damage|p2a: Great Tusk|19\/100\n|-heal|p1a: Sinistcha|92\/100|[from] drain|[of] p2a: Great Tusk\n|-status|p2a: Great Tusk|brn\n|\n|-heal|p1a: Sinistcha|98\/100|[from] item: Leftovers\n|-damage|p2a: Great Tusk|13\/100 brn|[from] brn\n|upkeep\n|turn|53\n|\n|t:|1700012834\n|move|p2a: Great Tusk|Ice Spinner|p1a: Sinistcha\n|-supereffective|p1a: Sinistcha\n|-damage|p1a: Sinistcha|69\/100\n|move|p1a: Sinistcha|Iron Defense|p1a: Sinistcha\n|-boost|p1a: Sinistcha|def|2\n|\n|-heal|p1a: Sinistcha|75\/100|[from] item: Leftovers\n|-damage|p2a: Great Tusk|7\/100 brn|[from] brn\n|upkeep\n|turn|54\n|\n|t:|1700012845\n|-end|p2a: Great Tusk|Protosynthesis|[silent]\n|switch|p2a: Alomomola|Alomomola, M|100\/100\n|move|p1a: Sinistcha|Calm Mind|p1a: Sinistcha\n|-boost|p1a: Sinistcha|spa|1\n|-boost|p1a: Sinistcha|spd|1\n|\n|-heal|p1a: Sinistcha|81\/100|[from] item: Leftovers\n|upkeep\n|turn|55\n|\n|t:|1700012852\n|move|p1a: Sinistcha|Calm Mind|p1a: Sinistcha\n|-boost|p1a: Sinistcha|spa|1\n|-boost|p1a: Sinistcha|spd|1\n|move|p2a: Alomomola|Wish|p2a: Alomomola\n|\n|-heal|p1a: Sinistcha|87\/100|[from] item: Leftovers\n|upkeep\n|turn|56\n|\n|t:|1700012858\n|move|p1a: Sinistcha|Calm Mind|p1a: Sinistcha\n|-boost|p1a: Sinistcha|spa|1\n|-boost|p1a: Sinistcha|spd|1\n|move|p2a: Alomomola|Scald|p1a: Sinistcha\n|-resisted|p1a: Sinistcha\n|-damage|p1a: Sinistcha|84\/100\n|\n|-heal|p1a: Sinistcha|90\/100|[from] item: Leftovers\n|upkeep\n|turn|57\n|\n|t:|1700012866\n|move|p1a: Sinistcha|Iron Defense|p1a: Sinistcha\n|-boost|p1a: Sinistcha|def|2\n|move|p2a: Alomomola|Scald|p1a: Sinistcha\n|-resisted|p1a: Sinistcha\n|-damage|p1a: Sinistcha|87\/100\n|\n|-heal|p1a: Sinistcha|93\/100|[from] item: Leftovers\n|upkeep\n|turn|58\n|c|\u2606aniihS|king of setup\n|\n|t:|1700012875\n|move|p1a: Sinistcha|Matcha Gotcha|p2a: Alomomola\n|-supereffective|p2a: Alomomola\n|-damage|p2a: Alomomola|0 fnt\n|-heal|p1a: Sinistcha|100\/100|[from] drain|[of] p2a: Alomomola\n|faint|p2a: Alomomola\n|\n|upkeep\n|\n|t:|1700012878\n|switch|p2a: Heatran|Heatran, F|100\/100 par\n|turn|59\n|c|\u2606Brockkkkk1111|gotta set my boy up\n|\n|t:|1700012888\n|move|p1a: Sinistcha|Matcha Gotcha|p2a: Heatran\n|-resisted|p2a: Heatran\n|-damage|p2a: Heatran|80\/100 par\n|move|p2a: Heatran|Will-O-Wisp|p1a: Sinistcha\n|-status|p1a: Sinistcha|brn\n|\n|-heal|p2a: Heatran|86\/100 par|[from] item: Leftovers\n|-damage|p1a: Sinistcha|98\/100 brn|[from] brn\n|upkeep\n|turn|60\n|\n|t:|1700012898\n|move|p1a: Sinistcha|Calm Mind|p1a: Sinistcha\n|-boost|p1a: Sinistcha|spa|1\n|-boost|p1a: Sinistcha|spd|1\n|cant|p2a: Heatran|par\n|\n|-heal|p1a: Sinistcha|100\/100 brn|[from] item: Leftovers\n|-heal|p2a: Heatran|92\/100 par|[from] item: Leftovers\n|-damage|p1a: Sinistcha|98\/100 brn|[from] brn\n|upkeep\n|turn|61\n|\n|t:|1700012906\n|move|p1a: Sinistcha|Calm Mind|p1a: Sinistcha\n|-boost|p1a: Sinistcha|spa|1\n|-boost|p1a: Sinistcha|spd|1\n|move|p2a: Heatran|Flamethrower|p1a: Sinistcha\n|-supereffective|p1a: Sinistcha\n|-damage|p1a: Sinistcha|80\/100 brn\n|\n|-heal|p1a: Sinistcha|86\/100 brn|[from] item: Leftovers\n|-heal|p2a: Heatran|98\/100 par|[from] item: Leftovers\n|-damage|p1a: Sinistcha|83\/100 brn|[from] brn\n|upkeep\n|turn|62\n|c|\u2606aniihS|oh hell nah\n|c|\u2606aniihS|its ggs\n|\n|t:|1700012920\n|move|p1a: Sinistcha|Calm Mind|p1a: Sinistcha\n|-boost|p1a: Sinistcha|spa|1\n|-boost|p1a: Sinistcha|spd|1\n|move|p2a: Heatran|Flamethrower|p1a: Sinistcha\n|-supereffective|p1a: Sinistcha\n|-damage|p1a: Sinistcha|68\/100 brn\n|\n|-heal|p1a: Sinistcha|74\/100 brn|[from] item: Leftovers\n|-heal|p2a: Heatran|100\/100 par|[from] item: Leftovers\n|-damage|p1a: Sinistcha|71\/100 brn|[from] brn\n|upkeep\n|turn|63\n|\n|t:|1700012930\n|move|p1a: Sinistcha|Matcha Gotcha|p2a: Heatran|[miss]\n|-miss|p1a: Sinistcha|p2a: Heatran\n|move|p2a: Heatran|Flamethrower|p1a: Sinistcha\n|-supereffective|p1a: Sinistcha\n|-damage|p1a: Sinistcha|57\/100 brn\n|\n|-heal|p1a: Sinistcha|63\/100 brn|[from] item: Leftovers\n|-damage|p1a: Sinistcha|60\/100 brn|[from] brn\n|upkeep\n|turn|64\n|\n|t:|1700012939\n|move|p1a: Sinistcha|Matcha Gotcha|p2a: Heatran\n|-resisted|p2a: Heatran\n|-damage|p2a: Heatran|67\/100 par\n|-heal|p1a: Sinistcha|79\/100 brn|[from] drain|[of] p2a: Heatran\n|move|p2a: Heatran|Flamethrower|p1a: Sinistcha\n|-supereffective|p1a: Sinistcha\n|-damage|p1a: Sinistcha|64\/100 brn\n|\n|-heal|p1a: Sinistcha|70\/100 brn|[from] item: Leftovers\n|-heal|p2a: Heatran|73\/100 par|[from] item: Leftovers\n|-damage|p1a: Sinistcha|67\/100 brn|[from] brn\n|upkeep\n|turn|65\n|\n|t:|1700012951\n|move|p1a: Sinistcha|Matcha Gotcha|p2a: Heatran\n|-resisted|p2a: Heatran\n|-damage|p2a: Heatran|41\/100 par\n|-heal|p1a: Sinistcha|85\/100 brn|[from] drain|[of] p2a: Heatran\n|move|p2a: Heatran|Flamethrower|p1a: Sinistcha\n|-supereffective|p1a: Sinistcha\n|-damage|p1a: Sinistcha|70\/100 brn\n|\n|-heal|p1a: Sinistcha|76\/100 brn|[from] item: Leftovers\n|-heal|p2a: Heatran|48\/100 par|[from] item: Leftovers\n|-damage|p1a: Sinistcha|73\/100 brn|[from] brn\n|upkeep\n|turn|66\n|-message|aniihS forfeited.\n|\n|win|Brockkkkk1111\n|raw|Brockkkkk1111's rating: 1079 &rarr; <strong>1111<\/strong><br \/>(+32 for winning)\n|raw|aniihS's rating: 1129 &rarr; <strong>1100<\/strong><br \/>(-29 for losing)\n","uploadtime":1700012971,"views":20,"p1id":"brockkkkk1111","p2id":"aniihs","formatid":"gen9ou","rating":1100,"private":0,"password":""}