{"id":"gen9ou-1989705953","p1":"bomb gaza","p2":"KewlKiwiCube","format":"[Gen 9] OU","log":"|j|\u2606bomb gaza\n|j|\u2606KewlKiwiCube\n|t:|1699888653\n|gametype|singles\n|player|p1|bomb gaza|swimmer-gen4|1124\n|player|p2|KewlKiwiCube|101|1093\n|teamsize|p1|6\n|teamsize|p2|6\n|gen|9\n|tier|[Gen 9] OU\n|rated|\n|rule|Sleep Clause Mod: Limit one foe put to sleep\n|rule|Species Clause: Limit one of each Pok\u00e9mon\n|rule|OHKO Clause: OHKO moves are banned\n|rule|Evasion Items Clause: Evasion items are banned\n|rule|Evasion Moves Clause: Evasion moves are banned\n|rule|Endless Battle Clause: Forcing endless battles is banned\n|rule|HP Percentage Mod: HP is shown in percentages\n|clearpoke\n|poke|p1|Toxicroak, F|\n|poke|p1|Pelipper, F|\n|poke|p1|Barraskewda, F|\n|poke|p1|Ogerpon-Wellspring, F|\n|poke|p1|Enamorus, F|\n|poke|p1|Manaphy|\n|poke|p2|Arbok, M|\n|poke|p2|Ribombee, M|\n|poke|p2|Gengar, F|\n|poke|p2|Eelektross, F|\n|poke|p2|Coalossal, M|\n|poke|p2|Cinderace, M|\n|teampreview\n|\n|t:|1699888660\n|start\n|switch|p1a: Pelipper|Pelipper, F|100\/100\n|switch|p2a: Ribombee|Ribombee, M|100\/100\n|-weather|RainDance|[from] ability: Drizzle|[of] p1a: Pelipper\n|turn|1\n|\n|t:|1699888663\n|move|p2a: Ribombee|Sticky Web|p1a: Pelipper\n|-sidestart|p1: bomb gaza|move: Sticky Web\n|move|p1a: Pelipper|U-turn|p2a: Ribombee\n|-resisted|p2a: Ribombee\n|-damage|p2a: Ribombee|92\/100\n|\n|t:|1699888671\n|switch|p1a: Barraskewda|Barraskewda, F|100\/100|[from] U-turn\n|-activate|p1a: Barraskewda|move: Sticky Web\n|-unboost|p1a: Barraskewda|spe|1\n|\n|-weather|RainDance|[upkeep]\n|upkeep\n|turn|2\n|\n|t:|1699888691\n|move|p1a: Barraskewda|Liquidation|p2a: Ribombee\n|-damage|p2a: Ribombee|0 fnt\n|faint|p2a: Ribombee\n|\n|-weather|RainDance|[upkeep]\n|upkeep\n|\n|t:|1699888696\n|switch|p2a: Coalossal|Coalossal, M|100\/100\n|turn|3\n|\n|t:|1699888703\n|-terastallize|p2a: Coalossal|Water\n|move|p1a: Barraskewda|Liquidation|p2a: Coalossal\n|-resisted|p2a: Coalossal\n|-damage|p2a: Coalossal|66\/100\n|-ability|p2a: Coalossal|Steam Engine|boost\n|-boost|p2a: Coalossal|spe|6\n|move|p2a: Coalossal|Body Press|p1a: Barraskewda\n|-damage|p1a: Barraskewda|46\/100\n|\n|-weather|RainDance|[upkeep]\n|upkeep\n|turn|4\n|\n|t:|1699888714\n|switch|p1a: Manaphy|Manaphy|100\/100\n|-activate|p1a: Manaphy|move: Sticky Web\n|-unboost|p1a: Manaphy|spe|1\n|move|p2a: Coalossal|Body Press|p1a: Manaphy\n|-damage|p1a: Manaphy|76\/100\n|\n|-weather|RainDance|[upkeep]\n|-heal|p1a: Manaphy|82\/100|[from] item: Leftovers\n|upkeep\n|turn|5\n|\n|t:|1699888722\n|move|p2a: Coalossal|Body Press|p1a: Manaphy\n|-damage|p1a: Manaphy|55\/100\n|move|p1a: Manaphy|Tail Glow|p1a: Manaphy\n|-boost|p1a: Manaphy|spa|3\n|\n|-weather|RainDance|[upkeep]\n|-heal|p1a: Manaphy|61\/100|[from] item: Leftovers\n|upkeep\n|turn|6\n|\n|t:|1699888733\n|switch|p2a: Eelektross|Eelektross, F|100\/100\n|move|p1a: Manaphy|Rest|p1a: Manaphy\n|-status|p1a: Manaphy|slp|[from] move: Rest\n|-heal|p1a: Manaphy|100\/100 slp|[silent]\n|\n|-weather|RainDance|[upkeep]\n|-activate|p1a: Manaphy|ability: Hydration\n|-curestatus|p1a: Manaphy|slp|[msg]\n|upkeep\n|turn|7\n|\n|t:|1699888748\n|move|p1a: Manaphy|Surf|p2a: Eelektross\n|-damage|p2a: Eelektross|0 fnt\n|faint|p2a: Eelektross\n|\n|-weather|RainDance|[upkeep]\n|upkeep\n|\n|t:|1699888758\n|switch|p2a: Gengar|Gengar, F|100\/100\n|turn|8\n|\n|t:|1699888766\n|move|p2a: Gengar|Hypnosis|p1a: Manaphy\n|-status|p1a: Manaphy|slp|[from] move: Hypnosis\n|cant|p1a: Manaphy|slp\n|\n|-weather|none\n|upkeep\n|turn|9\n|\n|t:|1699888790\n|move|p2a: Gengar|Sludge Bomb|p1a: Manaphy\n|-damage|p1a: Manaphy|50\/100 slp\n|cant|p1a: Manaphy|slp\n|\n|-heal|p1a: Manaphy|56\/100 slp|[from] item: Leftovers\n|upkeep\n|turn|10\n|\n|t:|1699888798\n|move|p2a: Gengar|Sludge Bomb|p1a: Manaphy\n|-damage|p1a: Manaphy|5\/100 slp\n|-curestatus|p1a: Manaphy|slp|[msg]\n|move|p1a: Manaphy|Surf|p2a: Gengar\n|-damage|p2a: Gengar|0 fnt\n|faint|p2a: Gengar\n|\n|-heal|p1a: Manaphy|11\/100|[from] item: Leftovers\n|upkeep\n|\n|t:|1699888819\n|switch|p2a: Cinderace|Cinderace, M, shiny|100\/100\n|turn|11\n|\n|t:|1699888833\n|move|p2a: Cinderace|U-turn|p1a: Manaphy\n|-start|p2a: Cinderace|typechange|Bug|[from] ability: Libero\n|-crit|p1a: Manaphy\n|-damage|p1a: Manaphy|0 fnt\n|faint|p1a: Manaphy\n|\n|t:|1699888836\n|switch|p2a: Arbok|Arbok, M|100\/100|[from] U-turn\n|\n|upkeep\n|\n|t:|1699888845\n|switch|p1a: Pelipper|Pelipper, F|100\/100\n|-weather|RainDance|[from] ability: Drizzle|[of] p1a: Pelipper\n|turn|12\n|\n|t:|1699888870\n|move|p2a: Arbok|Coil|p2a: Arbok\n|-boost|p2a: Arbok|atk|1\n|-boost|p2a: Arbok|def|1\n|-boost|p2a: Arbok|accuracy|1\n|move|p1a: Pelipper|Hurricane|p2a: Arbok\n|-damage|p2a: Arbok|46\/100\n|\n|-weather|RainDance|[upkeep]\n|upkeep\n|turn|13\n|\n|t:|1699888898\n|move|p2a: Arbok|Scale Shot|p1a: Pelipper\n|-damage|p1a: Pelipper|92\/100\n|-damage|p1a: Pelipper|83\/100\n|-damage|p1a: Pelipper|76\/100\n|-damage|p1a: Pelipper|67\/100\n|-hitcount|p1a: Pelipper|4\n|-unboost|p2a: Arbok|def|1\n|-boost|p2a: Arbok|spe|1\n|move|p1a: Pelipper|Hurricane|p2a: Arbok\n|-damage|p2a: Arbok|0 fnt\n|faint|p2a: Arbok\n|\n|-weather|RainDance|[upkeep]\n|upkeep\n|\n|t:|1699888902\n|switch|p2a: Coalossal|Coalossal, M, tera:Water|66\/100\n|turn|14\n|\n|t:|1699888911\n|move|p2a: Coalossal|Stealth Rock|p1a: Pelipper\n|-sidestart|p1: bomb gaza|move: Stealth Rock\n|move|p1a: Pelipper|Hurricane|p2a: Coalossal\n|-damage|p2a: Coalossal|27\/100\n|\n|-weather|RainDance|[upkeep]\n|upkeep\n|turn|15\n|inactive|Battle timer is ON: inactive players will automatically lose when time's up. (requested by bomb gaza)\n|\n|t:|1699888956\n|move|p2a: Coalossal|Tera Blast|p1a: Pelipper|[anim] Tera Blast Water\n|-resisted|p1a: Pelipper\n|-damage|p1a: Pelipper|40\/100\n|move|p1a: Pelipper|Hurricane|p2a: Coalossal\n|-damage|p2a: Coalossal|0 fnt\n|faint|p2a: Coalossal\n|\n|-weather|RainDance|[upkeep]\n|upkeep\n|\n|t:|1699888959\n|switch|p2a: Cinderace|Cinderace, M, shiny|100\/100\n|turn|16\n|j| ban tera... NOW!\n|\n|t:|1699888980\n|move|p2a: Cinderace|Sucker Punch|p1a: Pelipper\n|-start|p2a: Cinderace|typechange|Dark|[from] ability: Libero\n|-damage|p1a: Pelipper|12\/100\n|move|p1a: Pelipper|Surf|p2a: Cinderace\n|-damage|p2a: Cinderace|35\/100\n|\n|-weather|RainDance|[upkeep]\n|upkeep\n|turn|17\n|c| ban tera... NOW!|fuck him up for me kiwicube\n|\n|t:|1699888992\n|move|p2a: Cinderace|Sucker Punch|p1a: Pelipper\n|-damage|p1a: Pelipper|0 fnt\n|faint|p1a: Pelipper\n|\n|-weather|RainDance|[upkeep]\n|upkeep\n|\n|t:|1699889003\n|switch|p1a: Barraskewda|Barraskewda, F|46\/100\n|-activate|p1a: Barraskewda|move: Sticky Web\n|-unboost|p1a: Barraskewda|spe|1\n|-damage|p1a: Barraskewda|34\/100|[from] Stealth Rock\n|turn|18\n|c| ban tera... NOW!|\"bomb gaza\" how about you k!ll yourself\n|\n|t:|1699889007\n|move|p1a: Barraskewda|Aqua Jet|p2a: Cinderace\n|-damage|p2a: Cinderace|0 fnt\n|faint|p2a: Cinderace\n|\n|win|bomb gaza\n|raw|bomb gaza's rating: 1124 &rarr; <strong>1147<\/strong><br \/>(+23 for winning)\n|raw|KewlKiwiCube's rating: 1093 &rarr; <strong>1071<\/strong><br \/>(-22 for losing)\n","uploadtime":1699888987,"views":14,"p1id":"bombgaza","p2id":"kewlkiwicube","formatid":"gen9ou","rating":1071,"private":0,"password":""}