{"id":"gen9ou-1996843585","p1":"Sdfg123#","p2":"Tiger373slow","format":"[Gen 9] OU","log":"|j|\u2606Sdfg123#\n|j|\u2606Tiger373slow\n|t:|1700734226\n|gametype|singles\n|player|p1|Sdfg123#|veteran|1081\n|player|p2|Tiger373slow|volkner|1093\n|teamsize|p1|6\n|teamsize|p2|6\n|gen|9\n|tier|[Gen 9] OU\n|rated|\n|rule|Sleep Clause Mod: Limit one foe put to sleep\n|rule|Species Clause: Limit one of each Pok\u00e9mon\n|rule|OHKO Clause: OHKO moves are banned\n|rule|Evasion Items Clause: Evasion items are banned\n|rule|Evasion Moves Clause: Evasion moves are banned\n|rule|Endless Battle Clause: Forcing endless battles is banned\n|rule|HP Percentage Mod: HP is shown in percentages\n|clearpoke\n|poke|p1|Mamoswine, F|\n|poke|p1|Dragonite, M|\n|poke|p1|Azumarill, M|\n|poke|p1|Charizard, M|\n|poke|p1|Mudsdale, M|\n|poke|p1|Gengar, M|\n|poke|p2|Scizor, M|\n|poke|p2|Dudunsparce-*, M|\n|poke|p2|Glimmora, M|\n|poke|p2|Iron Valiant|\n|poke|p2|Skeledirge, F|\n|poke|p2|Dipplin, M|\n|teampreview\n|\n|t:|1700734232\n|start\n|switch|p1a: Azumarill|Azumarill, M|100\/100\n|switch|p2a: Glimmer like rocks|Glimmora, M, shiny|100\/100\n|turn|1\n|\n|t:|1700734243\n|move|p2a: Glimmer like rocks|Mortal Spin|p1a: Azumarill\n|-supereffective|p1a: Azumarill\n|-damage|p1a: Azumarill|88\/100\n|-status|p1a: Azumarill|psn\n|move|p1a: Azumarill|Hydro Pump|p2a: Glimmer like rocks\n|-supereffective|p2a: Glimmer like rocks\n|-damage|p2a: Glimmer like rocks|23\/100\n|\n|-damage|p1a: Azumarill|76\/100 psn|[from] psn\n|upkeep\n|turn|2\n|\n|t:|1700734255\n|move|p1a: Azumarill|Aqua Jet|p2a: Glimmer like rocks\n|-supereffective|p2a: Glimmer like rocks\n|-damage|p2a: Glimmer like rocks|8\/100\n|-activate|p2a: Glimmer like rocks|ability: Toxic Debris\n|-sidestart|p1: Sdfg123#|move: Toxic Spikes\n|move|p2a: Glimmer like rocks|Stealth Rock|p1a: Azumarill\n|-sidestart|p1: Sdfg123#|move: Stealth Rock\n|\n|-damage|p1a: Azumarill|63\/100 psn|[from] psn\n|upkeep\n|turn|3\n|\n|t:|1700734265\n|move|p2a: Glimmer like rocks|Spiky Shield|p2a: Glimmer like rocks\n|-singleturn|p2a: Glimmer like rocks|move: Protect\n|move|p1a: Azumarill|Aqua Jet|p2a: Glimmer like rocks\n|-activate|p2a: Glimmer like rocks|move: Protect\n|-damage|p1a: Azumarill|51\/100 psn|[from] Spiky Shield|[of] p2a: Glimmer like rocks\n|\n|-damage|p1a: Azumarill|39\/100 psn|[from] psn\n|upkeep\n|turn|4\n|\n|t:|1700734275\n|move|p2a: Glimmer like rocks|Spiky Shield||[still]\n|-fail|p2a: Glimmer like rocks\n|move|p1a: Azumarill|Ice Beam|p2a: Glimmer like rocks\n|-damage|p2a: Glimmer like rocks|0 fnt\n|faint|p2a: Glimmer like rocks\n|\n|-damage|p1a: Azumarill|26\/100 psn|[from] psn\n|upkeep\n|\n|t:|1700734278\n|switch|p2a: Scissors|Scizor, M|100\/100\n|turn|5\n|\n|t:|1700734295\n|move|p2a: Scissors|Swords Dance|p2a: Scissors\n|-boost|p2a: Scissors|atk|2\n|move|p1a: Azumarill|Ice Beam|p2a: Scissors\n|-resisted|p2a: Scissors\n|-damage|p2a: Scissors|87\/100\n|-status|p2a: Scissors|frz\n|\n|-damage|p1a: Azumarill|14\/100 psn|[from] psn\n|upkeep\n|-enditem|p1a: Azumarill|Aguav Berry|[eat]\n|-heal|p1a: Azumarill|47\/100 psn|[from] item: Aguav Berry\n|turn|6\n|\n|t:|1700734309\n|cant|p2a: Scissors|frz\n|move|p1a: Azumarill|Hydro Pump|p2a: Scissors\n|-damage|p2a: Scissors|42\/100 frz\n|\n|-damage|p1a: Azumarill|35\/100 psn|[from] psn\n|upkeep\n|turn|7\n|\n|t:|1700734317\n|-curestatus|p2a: Scissors|frz|[msg]\n|move|p2a: Scissors|Bullet Punch|p1a: Azumarill\n|-damage|p1a: Azumarill|0 fnt\n|faint|p1a: Azumarill\n|\n|upkeep\n|\n|t:|1700734324\n|switch|p1a: Gengar|Gengar, M|100\/100\n|-sideend|p1: Sdfg123#|move: Toxic Spikes|[of] p1a: Gengar\n|-damage|p1a: Gengar|88\/100|[from] Stealth Rock\n|turn|8\n|\n|t:|1700734330\n|move|p2a: Scissors|Bullet Punch|p1a: Gengar\n|-damage|p1a: Gengar|0 fnt\n|-start|p2a: Scissors|Disable|Bullet Punch|[from] ability: Cursed Body|[of] p1a: Gengar\n|faint|p1a: Gengar\n|\n|upkeep\n|\n|t:|1700734338\n|switch|p1a: Mudsdale|Mudsdale, M|100\/100\n|-damage|p1a: Mudsdale|94\/100|[from] Stealth Rock\n|turn|9\n|\n|t:|1700734344\n|switch|p2a: Dun Dun Dun|Dudunsparce-Three-Segment, M, shiny|100\/100\n|move|p1a: Mudsdale|Body Press|p2a: Dun Dun Dun\n|-supereffective|p2a: Dun Dun Dun\n|-damage|p2a: Dun Dun Dun|69\/100\n|\n|-heal|p2a: Dun Dun Dun|75\/100|[from] item: Leftovers\n|-heal|p1a: Mudsdale|100\/100|[from] item: Leftovers\n|upkeep\n|turn|10\n|\n|t:|1700734355\n|move|p2a: Dun Dun Dun|Glare|p1a: Mudsdale\n|-status|p1a: Mudsdale|par\n|cant|p1a: Mudsdale|par\n|\n|-heal|p2a: Dun Dun Dun|81\/100|[from] item: Leftovers\n|upkeep\n|turn|11\n|\n|t:|1700734363\n|move|p2a: Dun Dun Dun|Coil|p2a: Dun Dun Dun\n|-boost|p2a: Dun Dun Dun|atk|1\n|-boost|p2a: Dun Dun Dun|def|1\n|-boost|p2a: Dun Dun Dun|accuracy|1\n|move|p1a: Mudsdale|Stealth Rock|p2a: Dun Dun Dun\n|-sidestart|p2: Tiger373slow|move: Stealth Rock\n|\n|-heal|p2a: Dun Dun Dun|87\/100|[from] item: Leftovers\n|upkeep\n|turn|12\n|\n|t:|1700734375\n|move|p2a: Dun Dun Dun|Coil|p2a: Dun Dun Dun\n|-boost|p2a: Dun Dun Dun|atk|1\n|-boost|p2a: Dun Dun Dun|def|1\n|-boost|p2a: Dun Dun Dun|accuracy|1\n|move|p1a: Mudsdale|Stone Edge|p2a: Dun Dun Dun\n|-damage|p2a: Dun Dun Dun|70\/100\n|\n|-heal|p2a: Dun Dun Dun|76\/100|[from] item: Leftovers\n|upkeep\n|turn|13\n|\n|t:|1700734380\n|move|p2a: Dun Dun Dun|Coil|p2a: Dun Dun Dun\n|-boost|p2a: Dun Dun Dun|atk|1\n|-boost|p2a: Dun Dun Dun|def|1\n|-boost|p2a: Dun Dun Dun|accuracy|1\n|cant|p1a: Mudsdale|par\n|\n|-heal|p2a: Dun Dun Dun|82\/100|[from] item: Leftovers\n|upkeep\n|turn|14\n|\n|t:|1700734384\n|move|p2a: Dun Dun Dun|Coil|p2a: Dun Dun Dun\n|-boost|p2a: Dun Dun Dun|atk|1\n|-boost|p2a: Dun Dun Dun|def|1\n|-boost|p2a: Dun Dun Dun|accuracy|1\n|cant|p1a: Mudsdale|par\n|\n|-heal|p2a: Dun Dun Dun|89\/100|[from] item: Leftovers\n|upkeep\n|turn|15\n|\n|t:|1700734386\n|move|p2a: Dun Dun Dun|Coil|p2a: Dun Dun Dun\n|-boost|p2a: Dun Dun Dun|atk|1\n|-boost|p2a: Dun Dun Dun|def|1\n|-boost|p2a: Dun Dun Dun|accuracy|1\n|cant|p1a: Mudsdale|par\n|\n|-heal|p2a: Dun Dun Dun|95\/100|[from] item: Leftovers\n|upkeep\n|turn|16\n|\n|t:|1700734388\n|move|p2a: Dun Dun Dun|Coil|p2a: Dun Dun Dun\n|-boost|p2a: Dun Dun Dun|atk|1\n|-boost|p2a: Dun Dun Dun|def|1\n|-boost|p2a: Dun Dun Dun|accuracy|1\n|move|p1a: Mudsdale|Earthquake|p2a: Dun Dun Dun\n|-damage|p2a: Dun Dun Dun|83\/100\n|\n|-heal|p2a: Dun Dun Dun|89\/100|[from] item: Leftovers\n|upkeep\n|turn|17\n|\n|t:|1700734391\n|move|p2a: Dun Dun Dun|Headbutt|p1a: Mudsdale\n|-damage|p1a: Mudsdale|18\/100 par\n|move|p1a: Mudsdale|Body Press|p2a: Dun Dun Dun\n|-supereffective|p2a: Dun Dun Dun\n|-damage|p2a: Dun Dun Dun|80\/100\n|\n|-heal|p2a: Dun Dun Dun|86\/100|[from] item: Leftovers\n|-heal|p1a: Mudsdale|24\/100 par|[from] item: Leftovers\n|upkeep\n|turn|18\n|\n|t:|1700734402\n|move|p2a: Dun Dun Dun|Headbutt|p1a: Mudsdale\n|-damage|p1a: Mudsdale|0 fnt\n|faint|p1a: Mudsdale\n|\n|-heal|p2a: Dun Dun Dun|93\/100|[from] item: Leftovers\n|upkeep\n|\n|t:|1700734409\n|switch|p1a: Mamoswine|Mamoswine, F|100\/100\n|-damage|p1a: Mamoswine|88\/100|[from] Stealth Rock\n|turn|19\n|\n|t:|1700734416\n|move|p1a: Mamoswine|Icicle Crash|p2a: Dun Dun Dun\n|-damage|p2a: Dun Dun Dun|80\/100\n|cant|p2a: Dun Dun Dun|flinch\n|\n|-heal|p2a: Dun Dun Dun|87\/100|[from] item: Leftovers\n|upkeep\n|turn|20\n|\n|t:|1700734425\n|move|p1a: Mamoswine|Earthquake|p2a: Dun Dun Dun\n|-damage|p2a: Dun Dun Dun|74\/100\n|move|p2a: Dun Dun Dun|Glare|p1a: Mamoswine\n|-status|p1a: Mamoswine|par\n|\n|-heal|p2a: Dun Dun Dun|80\/100|[from] item: Leftovers\n|upkeep\n|turn|21\n|\n|t:|1700734436\n|-terastallize|p1a: Mamoswine|Ice\n|cant|p1a: Mamoswine|par\n|move|p2a: Dun Dun Dun|Headbutt|p1a: Mamoswine\n|-damage|p1a: Mamoswine|0 fnt\n|faint|p1a: Mamoswine\n|\n|-heal|p2a: Dun Dun Dun|86\/100|[from] item: Leftovers\n|upkeep\n|inactive|Battle timer is ON: inactive players will automatically lose when time's up. (requested by Tiger373slow)\n|\n|t:|1700734447\n|switch|p1a: Dragonite|Dragonite, M|100\/100\n|-damage|p1a: Dragonite|76\/100|[from] Stealth Rock\n|turn|22\n|\n|t:|1700734453\n|move|p1a: Dragonite|Extreme Speed|p2a: Dun Dun Dun\n|-damage|p2a: Dun Dun Dun|79\/100\n|move|p2a: Dun Dun Dun|Glare|p1a: Dragonite\n|-status|p1a: Dragonite|par\n|\n|-heal|p2a: Dun Dun Dun|85\/100|[from] item: Leftovers\n|upkeep\n|turn|23\n|-message|Sdfg123# forfeited.\n|\n|win|Tiger373slow\n|raw|Sdfg123#'s rating: 1081 &rarr; <strong>1060<\/strong><br \/>(-21 for losing)\n|raw|Tiger373slow's rating: 1093 &rarr; <strong>1118<\/strong><br \/>(+25 for winning)\n|l|\u2606Sdfg123#\n","uploadtime":1700734472,"views":9,"p1id":"sdfg123","p2id":"tiger373slow","formatid":"gen9ou","rating":1060,"private":0,"password":""}