{"id":"gen9ou-1995777799","p1":"IVDnOfVeNns6esMS","p2":"jkBao","format":"[Gen 9] OU","log":"|j|\u2606IVDnOfVeNns6esMS\n|j|\u2606jkBao\n|t:|1700602229\n|gametype|singles\n|player|p1|IVDnOfVeNns6esMS|265|1000\n|player|p2|jkBao|giovanni-gen1rb|1000\n|teamsize|p1|6\n|teamsize|p2|6\n|gen|9\n|tier|[Gen 9] OU\n|rated|\n|rule|Sleep Clause Mod: Limit one foe put to sleep\n|rule|Species Clause: Limit one of each Pok\u00e9mon\n|rule|OHKO Clause: OHKO moves are banned\n|rule|Evasion Items Clause: Evasion items are banned\n|rule|Evasion Moves Clause: Evasion moves are banned\n|rule|Endless Battle Clause: Forcing endless battles is banned\n|rule|HP Percentage Mod: HP is shown in percentages\n|clearpoke\n|poke|p1|Torkoal, F|\n|poke|p1|Great Tusk|\n|poke|p1|Walking Wake|\n|poke|p1|Kingambit, F|\n|poke|p1|Infernape, F|\n|poke|p1|Rillaboom, M|\n|poke|p2|Rillaboom, M|\n|poke|p2|Flareon, F|\n|poke|p2|Probopass, M|\n|poke|p2|Polteageist|\n|poke|p2|Noctowl, M|\n|poke|p2|Crawdaunt, F|\n|teampreview\n|inactive|Battle timer is ON: inactive players will automatically lose when time's up. (requested by jkBao)\n|inactive|IVDnOfVeNns6esMS also wants the timer to be on.\n|\n|t:|1700602239\n|start\n|switch|p1a: Torkoal|Torkoal, F|100\/100\n|switch|p2a: Probopass|Probopass, M|100\/100\n|-item|p2a: Probopass|Air Balloon\n|-weather|SunnyDay|[from] ability: Drought|[of] p1a: Torkoal\n|turn|1\n|\n|t:|1700602247\n|move|p2a: Probopass|Stealth Rock|p1a: Torkoal\n|-sidestart|p1: IVDnOfVeNns6esMS|move: Stealth Rock\n|move|p1a: Torkoal|Stealth Rock|p2a: Probopass\n|-sidestart|p2: jkBao|move: Stealth Rock\n|\n|-weather|SunnyDay|[upkeep]\n|upkeep\n|turn|2\n|\n|t:|1700602252\n|move|p2a: Probopass|Earth Power|p1a: Torkoal\n|-supereffective|p1a: Torkoal\n|-damage|p1a: Torkoal|50\/100\n|move|p1a: Torkoal|Rapid Spin|p2a: Probopass\n|-resisted|p2a: Probopass\n|-damage|p2a: Probopass|99\/100\n|-boost|p1a: Torkoal|spe|1\n|-enditem|p2a: Probopass|Air Balloon\n|-sideend|p1: IVDnOfVeNns6esMS|Stealth Rock|[from] move: Rapid Spin|[of] p1a: Torkoal\n|\n|-weather|SunnyDay|[upkeep]\n|upkeep\n|turn|3\n|\n|t:|1700602265\n|switch|p2a: Crawdaunt|Crawdaunt, F|100\/100\n|switch|p1a: Rillaboom|Rillaboom, M|100\/100\n|-fieldstart|move: Grassy Terrain|[from] ability: Grassy Surge|[of] p1a: Rillaboom\n|\n|-weather|SunnyDay|[upkeep]\n|upkeep\n|turn|4\n|\n|t:|1700602272\n|move|p1a: Rillaboom|Wood Hammer|p2a: Crawdaunt\n|-supereffective|p2a: Crawdaunt\n|-damage|p2a: Crawdaunt|0 fnt\n|faint|p2a: Crawdaunt\n|-damage|p1a: Rillaboom|69\/100|[from] Recoil\n|\n|-weather|SunnyDay|[upkeep]\n|-heal|p1a: Rillaboom|75\/100|[from] Grassy Terrain\n|upkeep\n|\n|t:|1700602278\n|switch|p2a: Flareon|Flareon, F|100\/100\n|-damage|p2a: Flareon|76\/100|[from] Stealth Rock\n|turn|5\n|\n|t:|1700602284\n|switch|p1a: Walking Wake|Walking Wake|100\/100\n|-activate|p1a: Walking Wake|ability: Protosynthesis\n|-start|p1a: Walking Wake|protosynthesisspe\n|move|p2a: Flareon|Substitute|p2a: Flareon\n|-start|p2a: Flareon|Substitute\n|-damage|p2a: Flareon|51\/100\n|\n|-weather|SunnyDay|[upkeep]\n|-heal|p2a: Flareon|57\/100|[from] Grassy Terrain\n|-status|p2a: Flareon|tox|[from] item: Toxic Orb\n|upkeep\n|turn|6\n|\n|t:|1700602292\n|move|p1a: Walking Wake|Flip Turn|p2a: Flareon\n|-supereffective|p2a: Flareon\n|-end|p2a: Flareon|Substitute\n|\n|t:|1700602295\n|-end|p1a: Walking Wake|Protosynthesis|[silent]\n|switch|p1a: Torkoal|Torkoal, F|50\/100|[from] Flip Turn\n|move|p2a: Flareon|Trailblaze|p1a: Torkoal\n|-resisted|p1a: Torkoal\n|-damage|p1a: Torkoal|37\/100\n|-boost|p2a: Flareon|spe|1\n|\n|-weather|SunnyDay|[upkeep]\n|-heal|p2a: Flareon|63\/100 tox|[from] Grassy Terrain\n|-heal|p1a: Torkoal|44\/100|[from] Grassy Terrain\n|-damage|p2a: Flareon|57\/100 tox|[from] psn\n|upkeep\n|turn|7\n|\n|t:|1700602307\n|move|p2a: Flareon|Facade|p1a: Torkoal\n|-damage|p1a: Torkoal|0 fnt\n|faint|p1a: Torkoal\n|\n|-weather|SunnyDay|[upkeep]\n|-heal|p2a: Flareon|63\/100 tox|[from] Grassy Terrain\n|-damage|p2a: Flareon|51\/100 tox|[from] psn\n|-fieldend|move: Grassy Terrain\n|upkeep\n|\n|t:|1700602313\n|switch|p1a: Walking Wake|Walking Wake|100\/100\n|-activate|p1a: Walking Wake|ability: Protosynthesis\n|-start|p1a: Walking Wake|protosynthesisspe\n|turn|8\n|\n|t:|1700602321\n|-terastallize|p2a: Flareon|Grass\n|move|p1a: Walking Wake|Hydro Steam|p2a: Flareon\n|-resisted|p2a: Flareon\n|-damage|p2a: Flareon|9\/100 tox\n|move|p2a: Flareon|Facade|p1a: Walking Wake\n|-damage|p1a: Walking Wake|15\/100\n|\n|-weather|none\n|-end|p1a: Walking Wake|Protosynthesis\n|-damage|p2a: Flareon|0 fnt|[from] psn\n|faint|p2a: Flareon\n|upkeep\n|\n|t:|1700602333\n|switch|p2a: Rillaboom|Rillaboom, M, shiny|100\/100\n|-damage|p2a: Rillaboom|88\/100|[from] Stealth Rock\n|-fieldstart|move: Grassy Terrain|[from] ability: Grassy Surge|[of] p2a: Rillaboom\n|turn|9\n|\n|t:|1700602342\n|move|p2a: Rillaboom|Grassy Glide|p1a: Walking Wake\n|-damage|p1a: Walking Wake|0 fnt\n|faint|p1a: Walking Wake\n|-end|p1a: Walking Wake|Protosynthesis|[silent]\n|\n|-heal|p2a: Rillaboom|94\/100|[from] Grassy Terrain\n|upkeep\n|\n|t:|1700602344\n|switch|p1a: Infernape|Infernape, F|100\/100\n|turn|10\n|\n|t:|1700602369\n|switch|p2a: Probopass|Probopass, M|99\/100\n|-damage|p2a: Probopass|92\/100|[from] Stealth Rock\n|move|p1a: Infernape|Overheat|p2a: Probopass\n|-damage|p2a: Probopass|49\/100\n|-unboost|p1a: Infernape|spa|2\n|-enditem|p1a: Infernape|Eject Pack\n|\n|t:|1700602384\n|switch|p1a: Great Tusk|Great Tusk|100\/100\n|\n|-heal|p2a: Probopass|55\/100|[from] Grassy Terrain\n|upkeep\n|turn|11\n|\n|t:|1700602395\n|move|p1a: Great Tusk|Bulk Up|p1a: Great Tusk\n|-boost|p1a: Great Tusk|atk|1\n|-boost|p1a: Great Tusk|def|1\n|move|p2a: Probopass|Earth Power|p1a: Great Tusk\n|-damage|p1a: Great Tusk|68\/100\n|\n|-heal|p1a: Great Tusk|75\/100|[from] Grassy Terrain\n|-heal|p2a: Probopass|61\/100|[from] Grassy Terrain\n|upkeep\n|turn|12\n|\n|t:|1700602400\n|move|p1a: Great Tusk|Headlong Rush|p2a: Probopass\n|-supereffective|p2a: Probopass\n|-damage|p2a: Probopass|0 fnt\n|-unboost|p1a: Great Tusk|def|1\n|-unboost|p1a: Great Tusk|spd|1\n|faint|p2a: Probopass\n|\n|-heal|p1a: Great Tusk|81\/100|[from] Grassy Terrain\n|upkeep\n|\n|t:|1700602406\n|switch|p2a: Rillaboom|Rillaboom, M, shiny|94\/100\n|-damage|p2a: Rillaboom|82\/100|[from] Stealth Rock\n|turn|13\n|\n|t:|1700602410\n|move|p1a: Great Tusk|Ice Spinner|p2a: Rillaboom\n|-supereffective|p2a: Rillaboom\n|-damage|p2a: Rillaboom|5\/100\n|-fieldend|move: Grassy Terrain\n|move|p2a: Rillaboom|Wood Hammer|p1a: Great Tusk\n|-supereffective|p1a: Great Tusk\n|-damage|p1a: Great Tusk|0 fnt\n|faint|p1a: Great Tusk\n|-end|p1a: Great Tusk|Protosynthesis|[silent]\n|-damage|p2a: Rillaboom|0 fnt|[from] Recoil\n|faint|p2a: Rillaboom\n|\n|upkeep\n|\n|t:|1700602420\n|switch|p1a: Infernape|Infernape, F|100\/100\n|switch|p2a: Polteageist|Polteageist|100\/100\n|-damage|p2a: Polteageist|88\/100|[from] Stealth Rock\n|turn|14\n|\n|t:|1700602424\n|move|p1a: Infernape|Overheat|p2a: Polteageist|[miss]\n|-miss|p1a: Infernape|p2a: Polteageist\n|move|p2a: Polteageist|Shell Smash|p2a: Polteageist\n|-unboost|p2a: Polteageist|def|1\n|-unboost|p2a: Polteageist|spd|1\n|-boost|p2a: Polteageist|atk|2\n|-boost|p2a: Polteageist|spa|2\n|-boost|p2a: Polteageist|spe|2\n|-enditem|p2a: Polteageist|White Herb\n|-clearnegativeboost|p2a: Polteageist|[silent]\n|\n|upkeep\n|turn|15\n|\n|t:|1700602433\n|move|p2a: Polteageist|Shadow Ball|p1a: Infernape\n|-damage|p1a: Infernape|0 fnt\n|faint|p1a: Infernape\n|\n|upkeep\n|\n|t:|1700602435\n|switch|p1a: Kingambit|Kingambit, F|100\/100\n|-activate|p1a: Kingambit|ability: Supreme Overlord\n|-start|p1a: Kingambit|fallen4|[silent]\n|turn|16\n|\n|t:|1700602439\n|move|p1a: Kingambit|Sucker Punch||[still]\n|-fail|p1a: Kingambit\n|move|p2a: Polteageist|Shell Smash|p2a: Polteageist\n|-unboost|p2a: Polteageist|def|1\n|-unboost|p2a: Polteageist|spd|1\n|-boost|p2a: Polteageist|atk|2\n|-boost|p2a: Polteageist|spa|2\n|-boost|p2a: Polteageist|spe|2\n|\n|upkeep\n|turn|17\n|\n|t:|1700602446\n|move|p1a: Kingambit|Sucker Punch||[still]\n|-fail|p1a: Kingambit\n|move|p2a: Polteageist|Shell Smash|p2a: Polteageist\n|-unboost|p2a: Polteageist|def|1\n|-unboost|p2a: Polteageist|spd|1\n|-boost|p2a: Polteageist|atk|2\n|-boost|p2a: Polteageist|spa|2\n|-boost|p2a: Polteageist|spe|2\n|\n|upkeep\n|turn|18\n|\n|t:|1700602452\n|move|p1a: Kingambit|Sucker Punch||[still]\n|-fail|p1a: Kingambit\n|move|p2a: Polteageist|Shell Smash|p2a: Polteageist\n|-unboost|p2a: Polteageist|def|1\n|-unboost|p2a: Polteageist|spd|1\n|-boost|p2a: Polteageist|atk|0\n|-boost|p2a: Polteageist|spa|0\n|-boost|p2a: Polteageist|spe|0\n|\n|upkeep\n|turn|19\n|\n|t:|1700602458\n|move|p1a: Kingambit|Sucker Punch||[still]\n|-fail|p1a: Kingambit\n|move|p2a: Polteageist|Shell Smash|p2a: Polteageist\n|-unboost|p2a: Polteageist|def|1\n|-unboost|p2a: Polteageist|spd|1\n|-boost|p2a: Polteageist|atk|0\n|-boost|p2a: Polteageist|spa|0\n|-boost|p2a: Polteageist|spe|0\n|\n|upkeep\n|turn|20\n|\n|t:|1700602463\n|move|p1a: Kingambit|Sucker Punch||[still]\n|-fail|p1a: Kingambit\n|move|p2a: Polteageist|Shell Smash|p2a: Polteageist\n|-unboost|p2a: Polteageist|def|1\n|-unboost|p2a: Polteageist|spd|1\n|-boost|p2a: Polteageist|atk|0\n|-boost|p2a: Polteageist|spa|0\n|-boost|p2a: Polteageist|spe|0\n|\n|upkeep\n|turn|21\n|\n|t:|1700602472\n|move|p2a: Polteageist|Shell Smash|p2a: Polteageist\n|-unboost|p2a: Polteageist|def|1\n|-unboost|p2a: Polteageist|spd|1\n|-boost|p2a: Polteageist|atk|0\n|-boost|p2a: Polteageist|spa|0\n|-boost|p2a: Polteageist|spe|0\n|move|p1a: Kingambit|Kowtow Cleave|p2a: Polteageist\n|-supereffective|p2a: Polteageist\n|-damage|p2a: Polteageist|0 fnt\n|faint|p2a: Polteageist\n|\n|upkeep\n|\n|t:|1700602480\n|switch|p2a: Noctowl|Noctowl, M|100\/100\n|-damage|p2a: Noctowl|76\/100|[from] Stealth Rock\n|turn|22\n|\n|t:|1700602483\n|move|p2a: Noctowl|Heat Wave|p1a: Kingambit\n|-supereffective|p1a: Kingambit\n|-damage|p1a: Kingambit|44\/100\n|move|p1a: Kingambit|Kowtow Cleave|p2a: Noctowl\n|-damage|p2a: Noctowl|0 fnt\n|faint|p2a: Noctowl\n|\n|win|IVDnOfVeNns6esMS\n|raw|IVDnOfVeNns6esMS's rating: 1000 &rarr; <strong>1040<\/strong><br \/>(+40 for winning)\n|raw|jkBao's rating: 1000 &rarr; <strong>1000<\/strong><br \/>(+0 for losing)\n","uploadtime":1700602487,"views":6,"p1id":"ivdnofvenns6esms","p2id":"jkbao","formatid":"gen9ou","rating":1000,"private":0,"password":""}