{"id":"gen9ou-1996757047","p1":"llmlmlml","p2":"fdgkjkgjldfjlkgd","format":"[Gen 9] OU","log":"|j|\u2606llmlmlml\n|j|\u2606fdgkjkgjldfjlkgd\n|t:|1700720030\n|gametype|singles\n|player|p1|llmlmlml|169|1084\n|player|p2|fdgkjkgjldfjlkgd|265|1041\n|teamsize|p1|6\n|teamsize|p2|6\n|gen|9\n|tier|[Gen 9] OU\n|rated|\n|rule|Sleep Clause Mod: Limit one foe put to sleep\n|rule|Species Clause: Limit one of each Pok\u00e9mon\n|rule|OHKO Clause: OHKO moves are banned\n|rule|Evasion Items Clause: Evasion items are banned\n|rule|Evasion Moves Clause: Evasion moves are banned\n|rule|Endless Battle Clause: Forcing endless battles is banned\n|rule|HP Percentage Mod: HP is shown in percentages\n|clearpoke\n|poke|p1|Thundurus-Therian, M|\n|poke|p1|Dondozo, F|\n|poke|p1|Clodsire, F|\n|poke|p1|Iron Valiant|\n|poke|p1|Scizor, F|\n|poke|p1|Gholdengo|\n|poke|p2|Gholdengo|\n|poke|p2|Kingambit, M|\n|poke|p2|Corviknight, M|\n|poke|p2|Heatran, F|\n|poke|p2|Goodra-Hisui, M|\n|poke|p2|Empoleon, F|\n|teampreview\n|inactive|Battle timer is ON: inactive players will automatically lose when time's up. (requested by llmlmlml)\n|\n|t:|1700720037\n|start\n|switch|p1a: Thundurus|Thundurus-Therian, M|100\/100\n|switch|p2a: Empoleon|Empoleon, F|100\/100\n|turn|1\n|\n|t:|1700720045\n|move|p1a: Thundurus|Volt Switch|p2a: Empoleon\n|-supereffective|p2a: Empoleon\n|-damage|p2a: Empoleon|0 fnt\n|faint|p2a: Empoleon\n|\n|t:|1700720050\n|switch|p1a: Gholdengo|Gholdengo|100\/100|[from] Volt Switch\n|\n|upkeep\n|\n|t:|1700720056\n|switch|p2a: Heatran|Heatran, F|100\/100\n|turn|2\n|\n|t:|1700720071\n|switch|p1a: Clodsire|Clodsire, F|100\/100\n|move|p2a: Heatran|Stealth Rock|p1a: Clodsire\n|-sidestart|p1: llmlmlml|move: Stealth Rock\n|\n|upkeep\n|turn|3\n|\n|t:|1700720077\n|move|p2a: Heatran|Magma Storm|p1a: Clodsire\n|-damage|p1a: Clodsire|78\/100\n|-activate|p1a: Clodsire|move: Magma Storm|[of] p2a: Heatran\n|move|p1a: Clodsire|Stealth Rock|p2a: Heatran\n|-sidestart|p2: fdgkjkgjldfjlkgd|move: Stealth Rock\n|\n|-heal|p1a: Clodsire|84\/100|[from] item: Leftovers\n|-damage|p1a: Clodsire|72\/100|[from] move: Magma Storm|[partiallytrapped]\n|upkeep\n|turn|4\n|\n|t:|1700720085\n|move|p2a: Heatran|Protect|p2a: Heatran\n|-singleturn|p2a: Heatran|Protect\n|move|p1a: Clodsire|Recover|p1a: Clodsire\n|-heal|p1a: Clodsire|100\/100\n|\n|-damage|p1a: Clodsire|88\/100|[from] move: Magma Storm|[partiallytrapped]\n|upkeep\n|turn|5\n|\n|t:|1700720092\n|move|p2a: Heatran|Earth Power|p1a: Clodsire\n|-supereffective|p1a: Clodsire\n|-damage|p1a: Clodsire|63\/100\n|move|p1a: Clodsire|Earthquake|p2a: Heatran\n|-supereffective|p2a: Heatran\n|-crit|p2a: Heatran\n|-damage|p2a: Heatran|0 fnt\n|faint|p2a: Heatran\n|\n|-heal|p1a: Clodsire|69\/100|[from] item: Leftovers\n|-end|p1a: Clodsire|Magma Storm|[partiallytrapped]|[silent]\n|upkeep\n|\n|t:|1700720118\n|switch|p2a: Kingambit|Kingambit, M|100\/100\n|-damage|p2a: Kingambit|94\/100|[from] Stealth Rock\n|-activate|p2a: Kingambit|ability: Supreme Overlord\n|-start|p2a: Kingambit|fallen2|[silent]\n|turn|6\n|\n|t:|1700720132\n|switch|p1a: Dondozo|Dondozo, F|100\/100\n|-damage|p1a: Dondozo|88\/100|[from] Stealth Rock\n|move|p2a: Kingambit|Kowtow Cleave|p1a: Dondozo\n|-damage|p1a: Dondozo|64\/100\n|\n|-heal|p1a: Dondozo|70\/100|[from] item: Leftovers\n|upkeep\n|turn|7\n|\n|t:|1700720147\n|move|p2a: Kingambit|Kowtow Cleave|p1a: Dondozo\n|-damage|p1a: Dondozo|46\/100\n|move|p1a: Dondozo|Yawn|p2a: Kingambit\n|-start|p2a: Kingambit|move: Yawn|[of] p1a: Dondozo\n|\n|-heal|p1a: Dondozo|52\/100|[from] item: Leftovers\n|upkeep\n|turn|8\n|\n|t:|1700720154\n|-end|p2a: Kingambit|fallen2|[silent]\n|switch|p2a: Gholdengo|Gholdengo|100\/100\n|-damage|p2a: Gholdengo|94\/100|[from] Stealth Rock\n|-item|p2a: Gholdengo|Air Balloon\n|move|p1a: Dondozo|Wave Crash|p2a: Gholdengo\n|-damage|p2a: Gholdengo|67\/100\n|-enditem|p2a: Gholdengo|Air Balloon\n|-damage|p1a: Dondozo|45\/100|[from] Recoil\n|\n|-heal|p1a: Dondozo|51\/100|[from] item: Leftovers\n|upkeep\n|turn|9\n|\n|t:|1700720166\n|move|p1a: Dondozo|Protect|p1a: Dondozo\n|-singleturn|p1a: Dondozo|Protect\n|move|p2a: Gholdengo|Nasty Plot|p2a: Gholdengo\n|-boost|p2a: Gholdengo|spa|2\n|\n|-heal|p1a: Dondozo|57\/100|[from] item: Leftovers\n|upkeep\n|turn|10\n|\n|t:|1700720176\n|move|p2a: Gholdengo|Nasty Plot|p2a: Gholdengo\n|-boost|p2a: Gholdengo|spa|2\n|move|p1a: Dondozo|Wave Crash|p2a: Gholdengo\n|-crit|p2a: Gholdengo\n|-damage|p2a: Gholdengo|21\/100\n|-damage|p1a: Dondozo|46\/100|[from] Recoil\n|\n|-heal|p1a: Dondozo|52\/100|[from] item: Leftovers\n|upkeep\n|turn|11\n|\n|t:|1700720186\n|move|p2a: Gholdengo|Recover|p2a: Gholdengo\n|-heal|p2a: Gholdengo|71\/100\n|move|p1a: Dondozo|Wave Crash|p2a: Gholdengo\n|-damage|p2a: Gholdengo|44\/100\n|-damage|p1a: Dondozo|46\/100|[from] Recoil\n|\n|-heal|p1a: Dondozo|52\/100|[from] item: Leftovers\n|upkeep\n|turn|12\n|\n|t:|1700720207\n|switch|p1a: Gholdengo|Gholdengo|100\/100\n|-damage|p1a: Gholdengo|94\/100|[from] Stealth Rock\n|move|p2a: Gholdengo|Recover|p2a: Gholdengo\n|-heal|p2a: Gholdengo|94\/100\n|\n|upkeep\n|turn|13\n|\n|t:|1700720216\n|move|p1a: Gholdengo|Shadow Ball|p2a: Gholdengo\n|-supereffective|p2a: Gholdengo\n|-damage|p2a: Gholdengo|6\/100\n|-unboost|p2a: Gholdengo|spd|1\n|move|p2a: Gholdengo|Shadow Ball|p1a: Gholdengo\n|-supereffective|p1a: Gholdengo\n|-damage|p1a: Gholdengo|0 fnt\n|faint|p1a: Gholdengo\n|\n|upkeep\n|\n|t:|1700720225\n|switch|p1a: Thundurus|Thundurus-Therian, M|100\/100\n|-damage|p1a: Thundurus|76\/100|[from] Stealth Rock\n|turn|14\n|\n|t:|1700720229\n|move|p1a: Thundurus|Volt Switch|p2a: Gholdengo\n|-damage|p2a: Gholdengo|0 fnt\n|faint|p2a: Gholdengo\n|\n|t:|1700720239\n|switch|p1a: Scizor|Scizor, F|100\/100|[from] Volt Switch\n|-damage|p1a: Scizor|88\/100|[from] Stealth Rock\n|\n|-heal|p1a: Scizor|94\/100|[from] item: Leftovers\n|upkeep\n|\n|t:|1700720260\n|switch|p2a: Corviknight|Corviknight, M|100\/100\n|-damage|p2a: Corviknight|88\/100|[from] Stealth Rock\n|-ability|p2a: Corviknight|Pressure\n|turn|15\n|\n|t:|1700720270\n|move|p2a: Corviknight|Iron Defense|p2a: Corviknight\n|-boost|p2a: Corviknight|def|2\n|move|p1a: Scizor|Knock Off|p2a: Corviknight\n|-damage|p2a: Corviknight|75\/100\n|-enditem|p2a: Corviknight|Leftovers|[from] move: Knock Off|[of] p1a: Scizor\n|\n|-heal|p1a: Scizor|99\/100|[from] item: Leftovers\n|upkeep\n|turn|16\n|\n|t:|1700720278\n|switch|p1a: Dondozo|Dondozo, F|52\/100\n|-damage|p1a: Dondozo|39\/100|[from] Stealth Rock\n|move|p2a: Corviknight|Iron Defense|p2a: Corviknight\n|-boost|p2a: Corviknight|def|2\n|\n|-heal|p1a: Dondozo|45\/100|[from] item: Leftovers\n|upkeep\n|turn|17\n|\n|t:|1700720295\n|move|p2a: Corviknight|Iron Defense|p2a: Corviknight\n|-boost|p2a: Corviknight|def|2\n|move|p1a: Dondozo|Yawn|p2a: Corviknight\n|-start|p2a: Corviknight|move: Yawn|[of] p1a: Dondozo\n|\n|-heal|p1a: Dondozo|51\/100|[from] item: Leftovers\n|upkeep\n|turn|18\n|\n|t:|1700720303\n|move|p2a: Corviknight|Hurricane|p1a: Dondozo\n|-damage|p1a: Dondozo|29\/100\n|move|p1a: Dondozo|Curse|p1a: Dondozo\n|-unboost|p1a: Dondozo|spe|1\n|-boost|p1a: Dondozo|atk|1\n|-boost|p1a: Dondozo|def|1\n|\n|-heal|p1a: Dondozo|35\/100|[from] item: Leftovers\n|-end|p2a: Corviknight|move: Yawn|[silent]\n|-status|p2a: Corviknight|slp\n|upkeep\n|turn|19\n|\n|t:|1700720313\n|cant|p2a: Corviknight|slp\n|move|p1a: Dondozo|Curse|p1a: Dondozo\n|-unboost|p1a: Dondozo|spe|1\n|-boost|p1a: Dondozo|atk|1\n|-boost|p1a: Dondozo|def|1\n|\n|-heal|p1a: Dondozo|41\/100|[from] item: Leftovers\n|upkeep\n|turn|20\n|\n|t:|1700720321\n|cant|p2a: Corviknight|slp\n|move|p1a: Dondozo|Curse|p1a: Dondozo\n|-unboost|p1a: Dondozo|spe|1\n|-boost|p1a: Dondozo|atk|1\n|-boost|p1a: Dondozo|def|1\n|\n|-heal|p1a: Dondozo|47\/100|[from] item: Leftovers\n|upkeep\n|turn|21\n|\n|t:|1700720329\n|-curestatus|p2a: Corviknight|slp|[msg]\n|move|p2a: Corviknight|Hurricane|p1a: Dondozo\n|-damage|p1a: Dondozo|25\/100\n|move|p1a: Dondozo|Yawn|p2a: Corviknight\n|-start|p2a: Corviknight|move: Yawn|[of] p1a: Dondozo\n|\n|-heal|p1a: Dondozo|31\/100|[from] item: Leftovers\n|upkeep\n|turn|22\n|\n|t:|1700720339\n|move|p1a: Dondozo|Protect|p1a: Dondozo\n|-singleturn|p1a: Dondozo|Protect\n|move|p2a: Corviknight|Hurricane|p1a: Dondozo\n|-activate|p1a: Dondozo|move: Protect\n|\n|-heal|p1a: Dondozo|37\/100|[from] item: Leftovers\n|-end|p2a: Corviknight|move: Yawn|[silent]\n|-status|p2a: Corviknight|slp\n|upkeep\n|turn|23\n|\n|t:|1700720350\n|cant|p2a: Corviknight|slp\n|move|p1a: Dondozo|Wave Crash|p2a: Corviknight\n|-damage|p2a: Corviknight|7\/100 slp\n|-damage|p1a: Dondozo|19\/100|[from] Recoil\n|\n|-heal|p1a: Dondozo|25\/100|[from] item: Leftovers\n|upkeep\n|turn|24\n|\n|t:|1700720359\n|cant|p2a: Corviknight|slp\n|move|p1a: Dondozo|Wave Crash|p2a: Corviknight\n|-damage|p2a: Corviknight|0 fnt\n|faint|p2a: Corviknight\n|-damage|p1a: Dondozo|24\/100|[from] Recoil\n|\n|-heal|p1a: Dondozo|30\/100|[from] item: Leftovers\n|upkeep\n|\n|t:|1700720367\n|switch|p2a: Goodra|Goodra-Hisui, M|100\/100\n|-damage|p2a: Goodra|94\/100|[from] Stealth Rock\n|turn|25\n|\n|t:|1700720372\n|move|p2a: Goodra|Thunderbolt|p1a: Dondozo\n|-supereffective|p1a: Dondozo\n|-damage|p1a: Dondozo|0 fnt\n|faint|p1a: Dondozo\n|\n|upkeep\n|\n|t:|1700720382\n|switch|p1a: Clodsire|Clodsire, F|69\/100\n|-damage|p1a: Clodsire|63\/100|[from] Stealth Rock\n|turn|26\n|\n|t:|1700720388\n|move|p2a: Goodra|Ice Beam|p1a: Clodsire\n|-supereffective|p1a: Clodsire\n|-damage|p1a: Clodsire|32\/100\n|-status|p1a: Clodsire|frz\n|cant|p1a: Clodsire|frz\n|\n|-heal|p1a: Clodsire|39\/100 frz|[from] item: Leftovers\n|upkeep\n|turn|27\n|\n|t:|1700720402\n|switch|p1a: Thundurus|Thundurus-Therian, M|76\/100\n|-damage|p1a: Thundurus|51\/100|[from] Stealth Rock\n|move|p2a: Goodra|Ice Beam|p1a: Thundurus\n|-supereffective|p1a: Thundurus\n|-damage|p1a: Thundurus|0 fnt\n|faint|p1a: Thundurus\n|\n|upkeep\n|\n|t:|1700720409\n|switch|p1a: Iron Valiant|Iron Valiant|100\/100\n|-damage|p1a: Iron Valiant|94\/100|[from] Stealth Rock\n|-enditem|p1a: Iron Valiant|Booster Energy\n|-activate|p1a: Iron Valiant|ability: Quark Drive|[fromitem]\n|-start|p1a: Iron Valiant|quarkdrivespe\n|turn|28\n|\n|t:|1700720431\n|-terastallize|p1a: Iron Valiant|Fighting\n|-terastallize|p2a: Goodra|Flying\n|move|p1a: Iron Valiant|Close Combat|p2a: Goodra\n|-resisted|p2a: Goodra\n|-damage|p2a: Goodra|58\/100\n|-unboost|p1a: Iron Valiant|def|1\n|-unboost|p1a: Iron Valiant|spd|1\n|move|p2a: Goodra|Flash Cannon|p1a: Iron Valiant\n|-damage|p1a: Iron Valiant|0 fnt\n|faint|p1a: Iron Valiant\n|-end|p1a: Iron Valiant|Quark Drive|[silent]\n|\n|upkeep\n|-message|llmlmlml forfeited.\n|\n|win|fdgkjkgjldfjlkgd\n|raw|llmlmlml's rating: 1084 &rarr; <strong>1059<\/strong><br \/>(-25 for losing)\n|raw|fdgkjkgjldfjlkgd's rating: 1041 &rarr; <strong>1079<\/strong><br \/>(+38 for winning)\n|l|\u2606llmlmlml\n","uploadtime":1700720680,"views":3,"p1id":"llmlmlml","p2id":"fdgkjkgjldfjlkgd","formatid":"gen9ou","rating":1059,"private":0,"password":""}