{"id":"gen9ou-1996280067","p1":"AstroMonster52","p2":"Houmura","format":"[Gen 9] OU","log":"|j|\u203dAstroMonster52\n|j|\u2606Houmura\n|t:|1700667005\n|gametype|singles\n|player|p1|AstroMonster52|giovanni|1085\n|player|p2|Houmura|1|1080\n|teamsize|p1|6\n|teamsize|p2|6\n|gen|9\n|tier|[Gen 9] OU\n|rated|\n|rule|Sleep Clause Mod: Limit one foe put to sleep\n|rule|Species Clause: Limit one of each Pok\u00e9mon\n|rule|OHKO Clause: OHKO moves are banned\n|rule|Evasion Items Clause: Evasion items are banned\n|rule|Evasion Moves Clause: Evasion moves are banned\n|rule|Endless Battle Clause: Forcing endless battles is banned\n|rule|HP Percentage Mod: HP is shown in percentages\n|clearpoke\n|poke|p1|Samurott-Hisui, M|\n|poke|p1|Clodsire, F|\n|poke|p1|Kingambit, F|\n|poke|p1|Great Tusk|\n|poke|p1|Milotic, F|\n|poke|p1|Glimmora, M|\n|poke|p2|Maushold|\n|poke|p2|Rillaboom, F|\n|poke|p2|Great Tusk|\n|poke|p2|Heatran, M|\n|poke|p2|Enamorus, F|\n|poke|p2|Kingambit, M|\n|teampreview\n|inactive|Battle timer is ON: inactive players will automatically lose when time's up. (requested by AstroMonster52)\n|\n|t:|1700667025\n|start\n|switch|p1a: Glimmora|Glimmora, M|100\/100\n|switch|p2a: Rillaboom|Rillaboom, F|100\/100\n|-fieldstart|move: Grassy Terrain|[from] ability: Grassy Surge|[of] p2a: Rillaboom\n|turn|1\n|\n|t:|1700667036\n|-terastallize|p1a: Glimmora|Poison\n|move|p1a: Glimmora|Sludge Bomb|p2a: Rillaboom\n|-supereffective|p2a: Rillaboom\n|-damage|p2a: Rillaboom|0 fnt\n|faint|p2a: Rillaboom\n|\n|upkeep\n|\n|t:|1700667041\n|switch|p2a: Heatran|Heatran, M|100\/100\n|turn|2\n|\n|t:|1700667048\n|move|p1a: Glimmora|Spiky Shield|p1a: Glimmora\n|-singleturn|p1a: Glimmora|move: Protect\n|move|p2a: Heatran|Earth Power|p1a: Glimmora\n|-activate|p1a: Glimmora|move: Protect\n|\n|upkeep\n|turn|3\n|\n|t:|1700667063\n|switch|p1a: Clodsire|Clodsire, F|100\/100\n|move|p2a: Heatran|Earth Power|p1a: Clodsire\n|-supereffective|p1a: Clodsire\n|-damage|p1a: Clodsire|60\/100\n|\n|-heal|p1a: Clodsire|67\/100|[from] Grassy Terrain\n|-heal|p1a: Clodsire|73\/100|[from] item: Leftovers\n|upkeep\n|turn|4\n|\n|t:|1700667078\n|move|p2a: Heatran|Earth Power|p1a: Clodsire\n|-supereffective|p1a: Clodsire\n|-damage|p1a: Clodsire|38\/100\n|move|p1a: Clodsire|Curse|p1a: Clodsire\n|-unboost|p1a: Clodsire|spe|1\n|-boost|p1a: Clodsire|atk|1\n|-boost|p1a: Clodsire|def|1\n|\n|-heal|p1a: Clodsire|44\/100|[from] Grassy Terrain\n|-heal|p1a: Clodsire|50\/100|[from] item: Leftovers\n|upkeep\n|turn|5\n|\n|t:|1700667086\n|move|p2a: Heatran|Taunt|p1a: Clodsire\n|-start|p1a: Clodsire|move: Taunt\n|move|p1a: Clodsire|Body Press|p2a: Heatran\n|-supereffective|p2a: Heatran\n|-damage|p2a: Heatran|61\/100\n|\n|-heal|p2a: Heatran|67\/100|[from] Grassy Terrain\n|-heal|p2a: Heatran|74\/100|[from] item: Leftovers\n|-heal|p1a: Clodsire|57\/100|[from] Grassy Terrain\n|-heal|p1a: Clodsire|63\/100|[from] item: Leftovers\n|-fieldend|move: Grassy Terrain\n|upkeep\n|turn|6\n|\n|t:|1700667089\n|move|p2a: Heatran|Earth Power|p1a: Clodsire\n|-supereffective|p1a: Clodsire\n|-damage|p1a: Clodsire|26\/100\n|move|p1a: Clodsire|Body Press|p2a: Heatran\n|-supereffective|p2a: Heatran\n|-crit|p2a: Heatran\n|-damage|p2a: Heatran|9\/100\n|\n|-heal|p2a: Heatran|16\/100|[from] item: Leftovers\n|-heal|p1a: Clodsire|33\/100|[from] item: Leftovers\n|upkeep\n|turn|7\n|\n|t:|1700667098\n|move|p2a: Heatran|Earth Power|p1a: Clodsire\n|-supereffective|p1a: Clodsire\n|-damage|p1a: Clodsire|0 fnt\n|faint|p1a: Clodsire\n|\n|-heal|p2a: Heatran|22\/100|[from] item: Leftovers\n|upkeep\n|\n|t:|1700667102\n|switch|p1a: Milotic|Milotic, F|100\/100\n|turn|8\n|\n|t:|1700667117\n|move|p1a: Milotic|Scald|p2a: Heatran\n|-supereffective|p2a: Heatran\n|-damage|p2a: Heatran|0 fnt\n|faint|p2a: Heatran\n|-damage|p1a: Milotic|91\/100|[from] item: Life Orb\n|\n|upkeep\n|\n|t:|1700667136\n|switch|p2a: Maushold|Maushold|100\/100\n|turn|9\n|\n|t:|1700667148\n|move|p2a: Maushold|Population Bomb|p1a: Milotic\n|-damage|p1a: Milotic|78\/100\n|-damage|p1a: Milotic|64\/100\n|-damage|p1a: Milotic|50\/100\n|-damage|p1a: Milotic|36\/100\n|-crit|p1a: Milotic\n|-damage|p1a: Milotic|17\/100\n|-damage|p1a: Milotic|3\/100\n|-damage|p1a: Milotic|0 fnt\n|faint|p1a: Milotic\n|-hitcount|p1: Milotic|7\n|\n|upkeep\n|\n|t:|1700667167\n|switch|p1a: Samurott|Samurott-Hisui, M|100\/100\n|turn|10\n|\n|t:|1700667174\n|-terastallize|p2a: Maushold|Ghost\n|move|p2a: Maushold|Tidy Up|p2a: Maushold\n|-boost|p2a: Maushold|atk|1\n|-boost|p2a: Maushold|spe|1\n|move|p1a: Samurott|Sacred Sword|p2a: Maushold\n|-immune|p2a: Maushold\n|\n|upkeep\n|turn|11\n|\n|t:|1700667183\n|switch|p1a: Glimmora|Glimmora, M, tera:Poison|100\/100\n|move|p2a: Maushold|Population Bomb|p1a: Glimmora\n|-damage|p1a: Glimmora|81\/100\n|-activate|p1a: Glimmora|ability: Toxic Debris\n|-sidestart|p2: Houmura|move: Toxic Spikes\n|-damage|p1a: Glimmora|61\/100\n|-activate|p1a: Glimmora|ability: Toxic Debris\n|-sidestart|p2: Houmura|move: Toxic Spikes\n|-damage|p1a: Glimmora|43\/100\n|-damage|p1a: Glimmora|24\/100\n|-damage|p1a: Glimmora|6\/100\n|-damage|p1a: Glimmora|0 fnt\n|faint|p1a: Glimmora\n|-hitcount|p1: Glimmora|6\n|\n|upkeep\n|\n|t:|1700667198\n|switch|p1a: Great Tusk|Great Tusk|100\/100\n|turn|12\n|\n|t:|1700667204\n|move|p2a: Maushold|Population Bomb|p1a: Great Tusk\n|-damage|p1a: Great Tusk|91\/100\n|-damage|p1a: Great Tusk|81\/100\n|-damage|p1a: Great Tusk|71\/100\n|-damage|p1a: Great Tusk|61\/100\n|-damage|p1a: Great Tusk|51\/100\n|-damage|p1a: Great Tusk|41\/100\n|-damage|p1a: Great Tusk|30\/100\n|-damage|p1a: Great Tusk|20\/100\n|-damage|p1a: Great Tusk|11\/100\n|-damage|p1a: Great Tusk|0 fnt\n|faint|p1a: Great Tusk\n|-end|p1a: Great Tusk|Protosynthesis|[silent]\n|-hitcount|p1: Great Tusk|10\n|\n|upkeep\n|\n|t:|1700667207\n|switch|p1a: Kingambit|Kingambit, F|100\/100\n|-activate|p1a: Kingambit|ability: Supreme Overlord\n|-start|p1a: Kingambit|fallen4|[silent]\n|turn|13\n|\n|t:|1700667226\n|move|p2a: Maushold|Encore||[still]\n|-fail|p2a: Maushold\n|move|p1a: Kingambit|Kowtow Cleave|p2a: Maushold\n|-supereffective|p2a: Maushold\n|-damage|p2a: Maushold|0 fnt\n|faint|p2a: Maushold\n|\n|upkeep\n|\n|t:|1700667237\n|switch|p2a: Great Tusk|Great Tusk|100\/100\n|-status|p2a: Great Tusk|tox\n|turn|14\n|\n|t:|1700667263\n|move|p2a: Great Tusk|Headlong Rush|p1a: Kingambit\n|-supereffective|p1a: Kingambit\n|-damage|p1a: Kingambit|28\/100\n|-unboost|p2a: Great Tusk|def|1\n|-unboost|p2a: Great Tusk|spd|1\n|-damage|p2a: Great Tusk|84\/100 tox|[from] item: Rocky Helmet|[of] p1a: Kingambit\n|move|p1a: Kingambit|Iron Head|p2a: Great Tusk\n|-damage|p2a: Great Tusk|27\/100 tox\n|\n|-heal|p2a: Great Tusk|33\/100 tox|[from] item: Leftovers\n|-damage|p2a: Great Tusk|27\/100 tox|[from] psn\n|upkeep\n|turn|15\n|\n|t:|1700667274\n|move|p2a: Great Tusk|Bulk Up|p2a: Great Tusk\n|-boost|p2a: Great Tusk|atk|1\n|-boost|p2a: Great Tusk|def|1\n|move|p1a: Kingambit|Kowtow Cleave|p2a: Great Tusk\n|-resisted|p2a: Great Tusk\n|-damage|p2a: Great Tusk|6\/100 tox\n|\n|-heal|p2a: Great Tusk|12\/100 tox|[from] item: Leftovers\n|-damage|p2a: Great Tusk|0 fnt|[from] psn\n|faint|p2a: Great Tusk\n|-end|p2a: Great Tusk|Protosynthesis|[silent]\n|upkeep\n|\n|t:|1700667286\n|switch|p2a: Enamorus|Enamorus, F|100\/100\n|turn|16\n|\n|t:|1700667292\n|move|p2a: Enamorus|Mystical Fire|p1a: Kingambit\n|-supereffective|p1a: Kingambit\n|-damage|p1a: Kingambit|0 fnt\n|faint|p1a: Kingambit\n|-end|p1a: Kingambit|fallen4|[silent]\n|\n|upkeep\n|\n|t:|1700667295\n|switch|p1a: Samurott|Samurott-Hisui, M|100\/100\n|turn|17\n|\n|t:|1700667323\n|switch|p2a: devindian|Kingambit, M|100\/100\n|-activate|p2a: devindian|ability: Supreme Overlord\n|-start|p2a: devindian|fallen4|[silent]\n|move|p1a: Samurott|Ceaseless Edge|p2a: devindian\n|-resisted|p2a: devindian\n|-damage|p2a: devindian|76\/100\n|-sidestart|p2: Houmura|Spikes\n|\n|-heal|p2a: devindian|82\/100|[from] item: Leftovers\n|upkeep\n|turn|18\n|\n|t:|1700667348\n|move|p2a: devindian|Sucker Punch|p1a: Samurott\n|-resisted|p1a: Samurott\n|-damage|p1a: Samurott|62\/100\n|move|p1a: Samurott|Ceaseless Edge|p2a: devindian\n|-resisted|p2a: devindian\n|-damage|p2a: devindian|57\/100\n|-sidestart|p2: Houmura|Spikes\n|\n|-heal|p2a: devindian|64\/100|[from] item: Leftovers\n|upkeep\n|turn|19\n|\n|t:|1700667365\n|move|p1a: Samurott|Ceaseless Edge|p2a: devindian\n|-resisted|p2a: devindian\n|-damage|p2a: devindian|37\/100\n|-sidestart|p2: Houmura|Spikes\n|move|p2a: devindian|Iron Head|p1a: Samurott\n|-resisted|p1a: Samurott\n|-damage|p1a: Samurott|21\/100\n|\n|-heal|p2a: devindian|44\/100|[from] item: Leftovers\n|upkeep\n|turn|20\n|\n|t:|1700667374\n|move|p2a: devindian|Sucker Punch|p1a: Samurott\n|-resisted|p1a: Samurott\n|-damage|p1a: Samurott|0 fnt\n|faint|p1a: Samurott\n|\n|win|Houmura\n|raw|AstroMonster52's rating: 1085 &rarr; <strong>1062<\/strong><br \/>(-23 for losing)\n|raw|Houmura's rating: 1080 &rarr; <strong>1108<\/strong><br \/>(+28 for winning)\n|l|\u203dAstroMonster52\n","uploadtime":1700667394,"views":8,"p1id":"astromonster52","p2id":"houmura","formatid":"gen9ou","rating":1062,"private":0,"password":""}