{"id":"gen9ou-1993344904","p1":"fatherKa","p2":"KKLQWE","format":"[Gen 9] OU","log":"|j|\u2606fatherKa\n|j|\u2606KKLQWE\n|t:|1700302737\n|gametype|singles\n|player|p1|fatherKa|266|1069\n|player|p2|KKLQWE|266|1000\n|teamsize|p1|6\n|teamsize|p2|6\n|gen|9\n|tier|[Gen 9] OU\n|rated|\n|rule|Sleep Clause Mod: Limit one foe put to sleep\n|rule|Species Clause: Limit one of each Pok\u00e9mon\n|rule|OHKO Clause: OHKO moves are banned\n|rule|Evasion Items Clause: Evasion items are banned\n|rule|Evasion Moves Clause: Evasion moves are banned\n|rule|Endless Battle Clause: Forcing endless battles is banned\n|rule|HP Percentage Mod: HP is shown in percentages\n|clearpoke\n|poke|p1|Cinderace, M|\n|poke|p1|Dragapult, M|\n|poke|p1|Dondozo, M|\n|poke|p1|Rillaboom, F|\n|poke|p1|Corviknight, M|\n|poke|p1|Garganacl, M|\n|poke|p2|Azumarill, F|\n|poke|p2|Dragonite, M|\n|poke|p2|Greninja-*, M|\n|poke|p2|Cinderace, M|\n|poke|p2|Skeledirge, F|\n|poke|p2|Kingambit, M|\n|teampreview\n|\n|t:|1700302748\n|start\n|switch|p1a: Garganacl|Garganacl, M|100\/100\n|switch|p2a: Dragonite|Dragonite, M|100\/100\n|turn|1\n|\n|t:|1700302767\n|switch|p2a: Greninja|Greninja, M|100\/100\n|move|p1a: Garganacl|Salt Cure|p2a: Greninja\n|-damage|p2a: Greninja|78\/100\n|-start|p2a: Greninja|Salt Cure\n|\n|-damage|p2a: Greninja|54\/100|[from] Salt Cure\n|upkeep\n|turn|2\n|\n|t:|1700302779\n|move|p2a: Greninja|Water Shuriken|p1a: Garganacl\n|-supereffective|p1a: Garganacl\n|-damage|p1a: Garganacl|87\/100\n|-supereffective|p1a: Garganacl\n|-damage|p1a: Garganacl|73\/100\n|-supereffective|p1a: Garganacl\n|-damage|p1a: Garganacl|59\/100\n|-hitcount|p1a: Garganacl|3\n|move|p1a: Garganacl|Iron Defense|p1a: Garganacl\n|-boost|p1a: Garganacl|def|2\n|\n|-heal|p1a: Garganacl|66\/100|[from] item: Leftovers\n|-damage|p2a: Greninja|29\/100|[from] Salt Cure\n|upkeep\n|turn|3\n|\n|t:|1700302796\n|move|p2a: Greninja|Water Shuriken|p1a: Garganacl\n|-supereffective|p1a: Garganacl\n|-damage|p1a: Garganacl|52\/100\n|-supereffective|p1a: Garganacl\n|-damage|p1a: Garganacl|38\/100\n|-supereffective|p1a: Garganacl\n|-damage|p1a: Garganacl|23\/100\n|-supereffective|p1a: Garganacl\n|-damage|p1a: Garganacl|8\/100\n|-hitcount|p1a: Garganacl|4\n|move|p1a: Garganacl|Recover|p1a: Garganacl\n|-heal|p1a: Garganacl|58\/100\n|\n|-heal|p1a: Garganacl|64\/100|[from] item: Leftovers\n|-damage|p2a: Greninja|4\/100|[from] Salt Cure\n|upkeep\n|turn|4\n|\n|t:|1700302811\n|move|p2a: Greninja|Water Shuriken|p1a: Garganacl\n|-supereffective|p1a: Garganacl\n|-damage|p1a: Garganacl|50\/100\n|-supereffective|p1a: Garganacl\n|-damage|p1a: Garganacl|37\/100\n|-supereffective|p1a: Garganacl\n|-damage|p1a: Garganacl|22\/100\n|-supereffective|p1a: Garganacl\n|-damage|p1a: Garganacl|9\/100\n|-supereffective|p1a: Garganacl\n|-damage|p1a: Garganacl|0 fnt\n|faint|p1a: Garganacl\n|-ability|p2a: Greninja|Battle Bond|boost\n|-boost|p2a: Greninja|atk|1\n|-boost|p2a: Greninja|spa|1\n|-boost|p2a: Greninja|spe|1\n|-activate|p2a: Greninja|ability: Battle Bond\n|-hitcount|p1: Garganacl|5\n|\n|-damage|p2a: Greninja|0 fnt|[from] Salt Cure\n|faint|p2a: Greninja\n|upkeep\n|j| Shurican\n|\n|t:|1700302832\n|switch|p2a: Azumarill|Azumarill, F|100\/100\n|switch|p1a: Dragapult|Dragapult, M, shiny|100\/100\n|turn|5\n|\n|t:|1700302840\n|move|p1a: Dragapult|Thunderbolt|p2a: Azumarill\n|-supereffective|p2a: Azumarill\n|-damage|p2a: Azumarill|45\/100\n|move|p2a: Azumarill|Play Rough|p1a: Dragapult\n|-supereffective|p1a: Dragapult\n|-damage|p1a: Dragapult|0 fnt\n|faint|p1a: Dragapult\n|\n|upkeep\n|\n|t:|1700302849\n|switch|p1a: Rillaboom|Rillaboom, F|100\/100\n|-fieldstart|move: Grassy Terrain|[from] ability: Grassy Surge|[of] p1a: Rillaboom\n|turn|6\n|\n|t:|1700302860\n|switch|p2a: Dragonite|Dragonite, M|100\/100\n|move|p1a: Rillaboom|Swords Dance|p1a: Rillaboom\n|-boost|p1a: Rillaboom|atk|2\n|\n|upkeep\n|turn|7\n|\n|t:|1700302868\n|move|p1a: Rillaboom|Grassy Glide|p2a: Dragonite\n|-resisted|p2a: Dragonite\n|-damage|p2a: Dragonite|86\/100\n|-damage|p1a: Rillaboom|91\/100|[from] item: Life Orb\n|move|p2a: Dragonite|Fire Punch|p1a: Rillaboom\n|-supereffective|p1a: Rillaboom\n|-damage|p1a: Rillaboom|35\/100\n|\n|-heal|p1a: Rillaboom|41\/100|[from] Grassy Terrain\n|upkeep\n|turn|8\n|\n|t:|1700302879\n|move|p2a: Dragonite|Fire Punch|p1a: Rillaboom\n|-supereffective|p1a: Rillaboom\n|-damage|p1a: Rillaboom|0 fnt\n|faint|p1a: Rillaboom\n|\n|upkeep\n|\n|t:|1700302884\n|switch|p1a: Cinderace|Cinderace, M|100\/100\n|turn|9\n|\n|t:|1700302897\n|switch|p2a: Azumarill|Azumarill, F|45\/100\n|move|p1a: Cinderace|Bulk Up|p1a: Cinderace\n|-boost|p1a: Cinderace|atk|1\n|-boost|p1a: Cinderace|def|1\n|\n|-heal|p2a: Azumarill|51\/100|[from] Grassy Terrain\n|upkeep\n|turn|10\n|\n|t:|1700302911\n|move|p1a: Cinderace|Pyro Ball|p2a: Azumarill\n|-resisted|p2a: Azumarill\n|-damage|p2a: Azumarill|11\/100\n|move|p2a: Azumarill|Aqua Tail|p1a: Cinderace\n|-supereffective|p1a: Cinderace\n|-damage|p1a: Cinderace|0 fnt\n|faint|p1a: Cinderace\n|\n|-heal|p2a: Azumarill|17\/100|[from] Grassy Terrain\n|-fieldend|move: Grassy Terrain\n|upkeep\n|-message|fatherKa forfeited.\n|\n|win|KKLQWE\n|raw|fatherKa's rating: 1069 &rarr; <strong>1045<\/strong><br \/>(-24 for losing)\n|raw|KKLQWE's rating: 1000 &rarr; <strong>1048<\/strong><br \/>(+48 for winning)\n|l|\u2606fatherKa\n|l| Shurican\n","uploadtime":1700302929,"views":10,"p1id":"fatherka","p2id":"kklqwe","formatid":"gen9ou","rating":1045,"private":0,"password":""}