{"id":"gen9ou-1988256686","p1":"AikonZ_Test","p2":"Saimasseuh v10","format":"[Gen 9] OU","log":"|j|\u2606AikonZ_Test\n|j|\u2606Saimasseuh v10\n|t:|1699695859\n|gametype|singles\n|player|p1|AikonZ_Test|veteran|1882\n|player|p2|Saimasseuh v10|170|1901\n|teamsize|p1|6\n|teamsize|p2|6\n|gen|9\n|tier|[Gen 9] OU\n|rated|\n|rule|Sleep Clause Mod: Limit one foe put to sleep\n|rule|Species Clause: Limit one of each Pok\u00e9mon\n|rule|OHKO Clause: OHKO moves are banned\n|rule|Evasion Items Clause: Evasion items are banned\n|rule|Evasion Moves Clause: Evasion moves are banned\n|rule|Endless Battle Clause: Forcing endless battles is banned\n|rule|HP Percentage Mod: HP is shown in percentages\n|clearpoke\n|poke|p1|Slowking-Galar, F|\n|poke|p1|Clefable, M|\n|poke|p1|Zamazenta-*|\n|poke|p1|Cinderace, M|\n|poke|p1|Greninja-*, M|\n|poke|p1|Gliscor, F|\n|poke|p2|Ting-Lu|\n|poke|p2|Iron Valiant|\n|poke|p2|Clodsire, F|\n|poke|p2|Dragonite, F|\n|poke|p2|Gholdengo|\n|poke|p2|Great Tusk|\n|teampreview\n|inactive|Battle timer is ON: inactive players will automatically lose when time's up. (requested by Saimasseuh v10)\n|\n|t:|1699695885\n|start\n|switch|p1a: Greninja|Greninja, M|100\/100\n|switch|p2a: Iron Valiant|Iron Valiant|100\/100\n|turn|1\n|\n|t:|1699695898\n|switch|p1a: Clefable|Clefable, M|100\/100\n|-end|p2a: Iron Valiant|Quark Drive|[silent]\n|switch|p2a: Clodsire|Clodsire, F|100\/100\n|\n|upkeep\n|turn|2\n|\n|t:|1699695904\n|switch|p1a: Gliscor|Gliscor, F|100\/100\n|move|p2a: Clodsire|Poison Jab|p1a: Gliscor\n|-resisted|p1a: Gliscor\n|-damage|p1a: Gliscor|94\/100\n|-status|p1a: Gliscor|psn\n|\n|-heal|p1a: Gliscor|100\/100 psn|[from] ability: Poison Heal\n|upkeep\n|turn|3\n|\n|t:|1699695925\n|switch|p2a: Gholdengo|Gholdengo|100\/100\n|move|p1a: Gliscor|Spikes|p2a: Gholdengo\n|-sidestart|p2: Saimasseuh v10|Spikes\n|\n|upkeep\n|turn|4\n|\n|t:|1699695939\n|move|p1a: Gliscor|Protect|p1a: Gliscor\n|-singleturn|p1a: Gliscor|Protect\n|move|p2a: Gholdengo|Trick|p1a: Gliscor\n|-activate|p1a: Gliscor|move: Protect\n|\n|upkeep\n|turn|5\n|\n|t:|1699695945\n|switch|p1a: Greninja|Greninja, M|100\/100\n|move|p2a: Gholdengo|Trick|p1a: Greninja\n|-activate|p2a: Gholdengo|move: Trick|[of] p1a: Greninja\n|-item|p1a: Greninja|Choice Scarf|[from] move: Trick\n|-item|p2a: Gholdengo|Choice Scarf|[from] move: Trick\n|\n|upkeep\n|turn|6\n|\n|t:|1699695961\n|switch|p2a: Ting-Lu|Ting-Lu|100\/100\n|-damage|p2a: Ting-Lu|88\/100|[from] Spikes\n|-ability|p2a: Ting-Lu|Vessel of Ruin\n|move|p1a: Greninja|Surf|p2a: Ting-Lu\n|-start|p1a: Greninja|typechange|Water|[from] ability: Protean\n|-supereffective|p2a: Ting-Lu\n|-damage|p2a: Ting-Lu|52\/100\n|\n|-heal|p2a: Ting-Lu|58\/100|[from] item: Leftovers\n|upkeep\n|turn|7\n|j| a1212\n|\n|t:|1699695973\n|switch|p1a: Gliscor|Gliscor, F|100\/100 psn\n|switch|p2a: Clodsire|Clodsire, F|100\/100\n|-damage|p2a: Clodsire|88\/100|[from] Spikes\n|\n|-heal|p2a: Clodsire|94\/100|[from] item: Black Sludge\n|upkeep\n|turn|8\n|\n|t:|1699695987\n|switch|p2a: Great Tusk|Great Tusk|100\/100\n|-damage|p2a: Great Tusk|88\/100|[from] Spikes\n|move|p1a: Gliscor|Earthquake|p2a: Great Tusk\n|-damage|p2a: Great Tusk|71\/100\n|\n|-heal|p2a: Great Tusk|78\/100|[from] item: Leftovers\n|upkeep\n|turn|9\n|\n|t:|1699695996\n|-end|p2a: Great Tusk|Protosynthesis|[silent]\n|switch|p2a: Gholdengo|Gholdengo|100\/100\n|-damage|p2a: Gholdengo|88\/100|[from] Spikes\n|move|p1a: Gliscor|Toxic|p2a: Gholdengo\n|-immune|p2a: Gholdengo|[from] ability: Good as Gold\n|\n|upkeep\n|turn|10\n|\n|t:|1699696002\n|move|p1a: Gliscor|Protect|p1a: Gliscor\n|-singleturn|p1a: Gliscor|Protect\n|move|p2a: Gholdengo|Trick|p1a: Gliscor\n|-activate|p1a: Gliscor|move: Protect\n|\n|upkeep\n|turn|11\n|\n|t:|1699696008\n|switch|p1a: Greninja|Greninja, M|100\/100\n|move|p2a: Gholdengo|Trick|p1a: Greninja\n|-activate|p2a: Gholdengo|move: Trick|[of] p1a: Greninja\n|-item|p1a: Greninja|Choice Scarf|[from] move: Trick\n|-item|p2a: Gholdengo|Choice Scarf|[from] move: Trick\n|\n|upkeep\n|turn|12\n|\n|t:|1699696014\n|switch|p2a: Ting-Lu|Ting-Lu|58\/100\n|-damage|p2a: Ting-Lu|46\/100|[from] Spikes\n|-ability|p2a: Ting-Lu|Vessel of Ruin\n|move|p1a: Greninja|Surf|p2a: Ting-Lu\n|-start|p1a: Greninja|typechange|Water|[from] ability: Protean\n|-supereffective|p2a: Ting-Lu\n|-damage|p2a: Ting-Lu|14\/100\n|\n|-heal|p2a: Ting-Lu|20\/100|[from] item: Leftovers\n|upkeep\n|turn|13\n|\n|t:|1699696023\n|switch|p2a: Clodsire|Clodsire, F|94\/100\n|-damage|p2a: Clodsire|82\/100|[from] Spikes\n|move|p1a: Greninja|Surf|p2a: Clodsire\n|-heal|p2a: Clodsire|100\/100|[from] ability: Water Absorb|[of] p1a: Greninja\n|\n|upkeep\n|turn|14\n|\n|t:|1699696029\n|switch|p1a: Gliscor|Gliscor, F|100\/100 psn\n|switch|p2a: Dragonite|Dragonite, F|100\/100\n|\n|upkeep\n|turn|15\n|\n|t:|1699696042\n|move|p2a: Dragonite|Ice Beam|p1a: Gliscor\n|-supereffective|p1a: Gliscor\n|-damage|p1a: Gliscor|0 fnt\n|faint|p1a: Gliscor\n|\n|upkeep\n|\n|t:|1699696047\n|switch|p1a: Clefable|Clefable, M|100\/100\n|turn|16\n|\n|t:|1699696064\n|switch|p2a: Clodsire|Clodsire, F|100\/100\n|-damage|p2a: Clodsire|88\/100|[from] Spikes\n|move|p1a: Clefable|Knock Off|p2a: Clodsire\n|-damage|p2a: Clodsire|77\/100\n|-enditem|p2a: Clodsire|Black Sludge|[from] move: Knock Off|[of] p1a: Clefable\n|\n|upkeep\n|turn|17\n|\n|t:|1699696072\n|switch|p1a: Slowking|Slowking-Galar, F|100\/100\n|move|p2a: Clodsire|Earthquake|p1a: Slowking\n|-supereffective|p1a: Slowking\n|-damage|p1a: Slowking|44\/100\n|\n|upkeep\n|turn|18\n|j| Kyurem\n|\n|t:|1699696087\n|switch|p1a: Zamazenta|Zamazenta|100\/100\n|-ability|p1a: Zamazenta|Dauntless Shield|boost\n|-boost|p1a: Zamazenta|def|1\n|move|p2a: Clodsire|Earthquake|p1a: Zamazenta\n|-damage|p1a: Zamazenta|88\/100\n|\n|-heal|p1a: Zamazenta|94\/100|[from] item: Leftovers\n|upkeep\n|turn|19\n|\n|t:|1699696093\n|switch|p2a: Gholdengo|Gholdengo|88\/100\n|-damage|p2a: Gholdengo|76\/100|[from] Spikes\n|move|p1a: Zamazenta|Substitute|p1a: Zamazenta\n|-start|p1a: Zamazenta|Substitute\n|-damage|p1a: Zamazenta|69\/100\n|\n|-heal|p1a: Zamazenta|75\/100|[from] item: Leftovers\n|upkeep\n|turn|20\n|\n|t:|1699696100\n|move|p2a: Gholdengo|Shadow Ball|p1a: Zamazenta\n|-end|p1a: Zamazenta|Substitute\n|move|p1a: Zamazenta|Crunch|p2a: Gholdengo\n|-supereffective|p2a: Gholdengo\n|-damage|p2a: Gholdengo|34\/100\n|\n|-heal|p1a: Zamazenta|82\/100|[from] item: Leftovers\n|upkeep\n|turn|21\n|\n|t:|1699696109\n|switch|p2a: Iron Valiant|Iron Valiant|100\/100\n|-damage|p2a: Iron Valiant|88\/100|[from] Spikes\n|switch|p1a: Greninja|Greninja, M|100\/100\n|\n|upkeep\n|turn|22\n|\n|t:|1699696128\n|switch|p1a: Slowking|Slowking-Galar, F|77\/100\n|-end|p2a: Iron Valiant|Quark Drive|[silent]\n|switch|p2a: Clodsire|Clodsire, F|77\/100\n|-damage|p2a: Clodsire|64\/100|[from] Spikes\n|\n|upkeep\n|turn|23\n|l| a1212\n|inactive|Saimasseuh v10 has 120 seconds left.\n|\n|t:|1699696159\n|move|p1a: Slowking|Future Sight|p2a: Clodsire\n|-start|p1a: Slowking|move: Future Sight\n|move|p2a: Clodsire|Earthquake|p1a: Slowking\n|-supereffective|p1a: Slowking\n|-damage|p1a: Slowking|24\/100\n|\n|upkeep\n|turn|24\n|\n|t:|1699696171\n|switch|p1a: Greninja|Greninja, M|100\/100\n|move|p2a: Clodsire|Poison Jab|p1a: Greninja\n|-damage|p1a: Greninja|68\/100\n|\n|upkeep\n|turn|25\n|\n|t:|1699696189\n|switch|p2a: Ting-Lu|Ting-Lu|20\/100\n|-damage|p2a: Ting-Lu|8\/100|[from] Spikes\n|-ability|p2a: Ting-Lu|Vessel of Ruin\n|move|p1a: Greninja|Ice Beam|p2a: Ting-Lu\n|-start|p1a: Greninja|typechange|Ice|[from] ability: Protean\n|-supereffective|p2a: Ting-Lu\n|-damage|p2a: Ting-Lu|0 fnt\n|faint|p2a: Ting-Lu\n|\n|-hint|Future Sight did not hit because the target is fainted.\n|upkeep\n|inactive|Saimasseuh v10 has 120 seconds left.\n|inactive|Saimasseuh v10 has 90 seconds left.\n|\n|t:|1699696253\n|switch|p2a: Clodsire|Clodsire, F|64\/100\n|-damage|p2a: Clodsire|52\/100|[from] Spikes\n|turn|26\n|\n|t:|1699696258\n|-terastallize|p2a: Clodsire|Poison\n|move|p1a: Greninja|Ice Beam|p2a: Clodsire\n|-damage|p2a: Clodsire|22\/100\n|move|p2a: Clodsire|Recover|p2a: Clodsire\n|-heal|p2a: Clodsire|72\/100\n|\n|upkeep\n|turn|27\n|inactive|Saimasseuh v10 has 90 seconds left.\n|inactive|AikonZ_Test has 120 seconds left.\n|\n|t:|1699696298\n|switch|p1a: Cinderace|Cinderace, M|100\/100\n|move|p2a: Clodsire|Earthquake|p1a: Cinderace\n|-supereffective|p1a: Cinderace\n|-damage|p1a: Cinderace|20\/100\n|\n|upkeep\n|turn|28\n|inactive|AikonZ_Test has 120 seconds left.\n|\n|t:|1699696306\n|switch|p2a: Great Tusk|Great Tusk|78\/100\n|-damage|p2a: Great Tusk|65\/100|[from] Spikes\n|move|p1a: Cinderace|Pyro Ball|p2a: Great Tusk\n|-damage|p2a: Great Tusk|40\/100\n|-status|p2a: Great Tusk|brn\n|\n|-heal|p2a: Great Tusk|46\/100 brn|[from] item: Leftovers\n|-damage|p2a: Great Tusk|40\/100 brn|[from] brn\n|upkeep\n|turn|29\n|\n|t:|1699696315\n|move|p1a: Cinderace|U-turn|p2a: Great Tusk\n|-start|p1a: Cinderace|typechange|Bug|[from] ability: Libero\n|-resisted|p2a: Great Tusk\n|-damage|p2a: Great Tusk|33\/100 brn\n|\n|t:|1699696322\n|switch|p1a: Clefable|Clefable, M|100\/100|[from] U-turn\n|move|p2a: Great Tusk|Rapid Spin|p1a: Clefable\n|-damage|p1a: Clefable|94\/100\n|-boost|p2a: Great Tusk|spe|1\n|-sideend|p2: Saimasseuh v10|Spikes|[from] move: Rapid Spin|[of] p2a: Great Tusk\n|\n|-heal|p2a: Great Tusk|39\/100 brn|[from] item: Leftovers\n|-heal|p1a: Clefable|100\/100|[from] item: Leftovers\n|-damage|p2a: Great Tusk|33\/100 brn|[from] brn\n|upkeep\n|turn|30\n|\n|t:|1699696331\n|-end|p2a: Great Tusk|Protosynthesis|[silent]\n|switch|p2a: Clodsire|Clodsire, F, tera:Poison|72\/100\n|move|p1a: Clefable|Wish|p1a: Clefable\n|\n|upkeep\n|turn|31\n|j| PantyPhantom\n|\n|t:|1699696351\n|switch|p1a: Slowking|Slowking-Galar, F|58\/100\n|move|p2a: Clodsire|Toxic Spikes|p1a: Slowking\n|-sidestart|p1: AikonZ_Test|move: Toxic Spikes\n|\n|-heal|p1a: Slowking|100\/100|[from] move: Wish|[wisher] Clefable\n|upkeep\n|turn|32\n|\n|t:|1699696358\n|move|p1a: Slowking|Future Sight|p2a: Clodsire\n|-start|p1a: Slowking|move: Future Sight\n|move|p2a: Clodsire|Earthquake|p1a: Slowking\n|-supereffective|p1a: Slowking\n|-damage|p1a: Slowking|39\/100\n|\n|upkeep\n|turn|33\n|\n|t:|1699696367\n|switch|p1a: Cinderace|Cinderace, M|20\/100\n|move|p2a: Clodsire|Poison Jab|p1a: Cinderace\n|-crit|p1a: Cinderace\n|-damage|p1a: Cinderace|0 fnt\n|faint|p1a: Cinderace\n|\n|upkeep\n|\n|t:|1699696372\n|switch|p1a: Slowking|Slowking-Galar, F|73\/100\n|-sideend|p1: AikonZ_Test|move: Toxic Spikes|[of] p1a: Slowking\n|turn|34\n|\n|t:|1699696380\n|move|p1a: Slowking|Surf|p2a: Clodsire\n|-heal|p2a: Clodsire|97\/100|[from] ability: Water Absorb|[of] p1a: Slowking\n|move|p2a: Clodsire|Recover|p2a: Clodsire\n|-heal|p2a: Clodsire|100\/100\n|\n|-end|p2a: Clodsire|move: Future Sight\n|-supereffective|p2a: Clodsire\n|-damage|p2a: Clodsire|15\/100\n|upkeep\n|turn|35\n|\n|t:|1699696390\n|move|p1a: Slowking|Flamethrower|p2a: Clodsire\n|-damage|p2a: Clodsire|0 fnt\n|faint|p2a: Clodsire\n|\n|upkeep\n|j| gosuBX\n|\n|t:|1699696395\n|switch|p2a: Dragonite|Dragonite, F|100\/100\n|turn|36\n|\n|t:|1699696401\n|switch|p2a: Gholdengo|Gholdengo|34\/100\n|switch|p1a: Clefable|Clefable, M|100\/100\n|\n|upkeep\n|turn|37\n|\n|t:|1699696413\n|move|p1a: Clefable|Protect|p1a: Clefable\n|-singleturn|p1a: Clefable|Protect\n|move|p2a: Gholdengo|Make It Rain|p1a: Clefable\n|-activate|p1a: Clefable|move: Protect\n|\n|upkeep\n|turn|38\n|\n|t:|1699696418\n|switch|p2a: Iron Valiant|Iron Valiant|88\/100\n|switch|p1a: Slowking|Slowking-Galar, F|100\/100\n|\n|upkeep\n|turn|39\n|\n|t:|1699696424\n|move|p2a: Iron Valiant|Shadow Ball|p1a: Slowking\n|-supereffective|p1a: Slowking\n|-damage|p1a: Slowking|58\/100\n|move|p1a: Slowking|Sludge Bomb|p2a: Iron Valiant\n|-supereffective|p2a: Iron Valiant\n|-damage|p2a: Iron Valiant|0 fnt\n|faint|p2a: Iron Valiant\n|-end|p2a: Iron Valiant|Quark Drive|[silent]\n|\n|upkeep\n|\n|t:|1699696428\n|switch|p2a: Dragonite|Dragonite, F|100\/100\n|turn|40\n|\n|t:|1699696432\n|switch|p1a: Clefable|Clefable, M|100\/100\n|move|p2a: Dragonite|Earthquake|p1a: Clefable\n|-damage|p1a: Clefable|72\/100\n|\n|-heal|p1a: Clefable|78\/100|[from] item: Leftovers\n|upkeep\n|turn|41\n|\n|t:|1699696460\n|move|p2a: Dragonite|Dragon Dance|p2a: Dragonite\n|-boost|p2a: Dragonite|atk|1\n|-boost|p2a: Dragonite|spe|1\n|move|p1a: Clefable|Wish|p1a: Clefable\n|\n|-heal|p1a: Clefable|84\/100|[from] item: Leftovers\n|upkeep\n|turn|42\n|\n|t:|1699696466\n|switch|p2a: Gholdengo|Gholdengo|34\/100\n|move|p1a: Clefable|Moonblast|p2a: Gholdengo\n|-resisted|p2a: Gholdengo\n|-damage|p2a: Gholdengo|18\/100\n|-unboost|p2a: Gholdengo|spa|1\n|\n|-heal|p1a: Clefable|100\/100|[from] move: Wish|[wisher] Clefable\n|upkeep\n|turn|43\n|\n|t:|1699696486\n|move|p1a: Clefable|Protect|p1a: Clefable\n|-singleturn|p1a: Clefable|Protect\n|move|p2a: Gholdengo|Trick|p1a: Clefable\n|-activate|p1a: Clefable|move: Protect\n|\n|upkeep\n|turn|44\n|inactive|AikonZ_Test has 120 seconds left.\n|\n|t:|1699696514\n|switch|p1a: Greninja|Greninja, M|68\/100\n|move|p2a: Gholdengo|Trick|p1a: Greninja\n|-activate|p2a: Gholdengo|move: Trick|[of] p1a: Greninja\n|-item|p1a: Greninja|Choice Scarf|[from] move: Trick\n|-item|p2a: Gholdengo|Choice Scarf|[from] move: Trick\n|\n|upkeep\n|turn|45\n|inactive|AikonZ_Test has 120 seconds left.\n|\n|t:|1699696538\n|switch|p2a: Great Tusk|Great Tusk|33\/100 brn\n|move|p1a: Greninja|Ice Beam|p2a: Great Tusk\n|-start|p1a: Greninja|typechange|Ice|[from] ability: Protean\n|-supereffective|p2a: Great Tusk\n|-damage|p2a: Great Tusk|0 fnt\n|faint|p2a: Great Tusk\n|-end|p2a: Great Tusk|Protosynthesis|[silent]\n|\n|upkeep\n|\n|t:|1699696542\n|switch|p2a: Dragonite|Dragonite, F|100\/100\n|turn|46\n|\n|t:|1699696548\n|move|p1a: Greninja|Ice Beam|p2a: Dragonite\n|-supereffective|p2a: Dragonite\n|-damage|p2a: Dragonite|0 fnt\n|faint|p2a: Dragonite\n|\n|upkeep\n|-message|Saimasseuh v10 forfeited.\n|\n|win|AikonZ_Test\n|raw|AikonZ_Test's rating: 1882 &rarr; <strong>1903<\/strong><br \/>(+21 for winning)\n|raw|Saimasseuh v10's rating: 1901 &rarr; <strong>1880<\/strong><br \/>(-21 for losing)\n|l|\u2606Saimasseuh v10\n|c|\u2606AikonZ_Test|gg\n","uploadtime":1699696558,"views":24,"p1id":"aikonztest","p2id":"saimasseuhv10","formatid":"gen9ou","rating":1880,"private":0,"password":""}