{"id":"gen9ou-1991188292","p1":"Haunty51","p2":"igneo3000","format":"[Gen 9] OU","log":"|j|\u2606Haunty51\n|j|\u2606igneo3000\n|inactive|Battle timer is ON: inactive players will automatically lose when time's up.\n|t:|1700055139\n|gametype|singles\n|player|p1|Haunty51|benga|\n|player|p2|igneo3000|unknown|\n|teamsize|p1|6\n|teamsize|p2|6\n|gen|9\n|tier|[Gen 9] OU\n|rated|Tournament battle\n|rule|Sleep Clause Mod: Limit one foe put to sleep\n|rule|Species Clause: Limit one of each Pok\u00e9mon\n|rule|OHKO Clause: OHKO moves are banned\n|rule|Evasion Items Clause: Evasion items are banned\n|rule|Evasion Moves Clause: Evasion moves are banned\n|rule|Endless Battle Clause: Forcing endless battles is banned\n|rule|HP Percentage Mod: HP is shown in percentages\n|clearpoke\n|poke|p1|Mimikyu, M|\n|poke|p1|Gengar, M|\n|poke|p1|Dragapult, M|\n|poke|p1|Palossand, M|\n|poke|p1|Decidueye, M|\n|poke|p1|Skeledirge, F|\n|poke|p2|Meowscarada, M|\n|poke|p2|Cinderace, F|\n|poke|p2|Greninja-*, F|\n|poke|p2|Kingambit, M|\n|poke|p2|Iron Moth|\n|poke|p2|Glimmora, M|\n|teampreview\n|inactive|Haunty51 also wants the timer to be on.\n|j| theleaguefear\n|\n|t:|1700055155\n|start\n|switch|p1a: Decidueye|Decidueye, M, shiny|100\/100\n|switch|p2a: Glimmora|Glimmora, M|100\/100\n|turn|1\n|\n|t:|1700055163\n|move|p2a: Glimmora|Sludge Bomb|p1a: Decidueye\n|-damage|p1a: Decidueye|31\/100\n|move|p1a: Decidueye|Swords Dance|p1a: Decidueye\n|-boost|p1a: Decidueye|atk|2\n|\n|-heal|p1a: Decidueye|37\/100|[from] item: Leftovers\n|upkeep\n|turn|2\n|\n|t:|1700055169\n|move|p2a: Glimmora|Sludge Bomb|p1a: Decidueye\n|-damage|p1a: Decidueye|0 fnt\n|faint|p1a: Decidueye\n|\n|upkeep\n|\n|t:|1700055172\n|switch|p1a: Palossand|Palossand, M, shiny|100\/100\n|turn|3\n|\n|t:|1700055178\n|switch|p2a: Meowscarada|Meowscarada, M|100\/100\n|move|p1a: Palossand|Earth Power|p2a: Meowscarada\n|-resisted|p2a: Meowscarada\n|-damage|p2a: Meowscarada|76\/100\n|\n|upkeep\n|turn|4\n|\n|t:|1700055184\n|switch|p1a: Gengar|Gengar, M|100\/100\n|move|p2a: Meowscarada|Knock Off|p1a: Gengar\n|-start|p2a: Meowscarada|typechange|Dark|[from] ability: Protean\n|-supereffective|p1a: Gengar\n|-enditem|p1a: Gengar|Focus Sash\n|-damage|p1a: Gengar|1\/100\n|\n|upkeep\n|turn|5\n|\n|t:|1700055192\n|move|p2a: Meowscarada|Knock Off|p1a: Gengar\n|-supereffective|p1a: Gengar\n|-damage|p1a: Gengar|0 fnt\n|faint|p1a: Gengar\n|\n|upkeep\n|\n|t:|1700055196\n|switch|p1a: Mimikyu|Mimikyu, M, shiny|100\/100\n|turn|6\n|\n|t:|1700055201\n|move|p2a: Meowscarada|Knock Off|p1a: Mimikyu\n|-activate|p1a: Mimikyu|ability: Disguise\n|-damage|p1a: Mimikyu|100\/100\n|-enditem|p1a: Mimikyu|Life Orb|[from] move: Knock Off|[of] p2a: Meowscarada\n|detailschange|p1a: Mimikyu|Mimikyu-Busted, M, shiny\n|-damage|p1a: Mimikyu|88\/100|[from] pokemon: Mimikyu-Busted\n|move|p1a: Mimikyu|Swords Dance|p1a: Mimikyu\n|-boost|p1a: Mimikyu|atk|2\n|\n|upkeep\n|turn|7\n|\n|t:|1700055204\n|switch|p2a: Glimmora|Glimmora, M|100\/100\n|move|p1a: Mimikyu|Play Rough|p2a: Glimmora\n|-resisted|p2a: Glimmora\n|-damage|p2a: Glimmora|58\/100\n|-activate|p2a: Glimmora|ability: Toxic Debris\n|-sidestart|p1: Haunty51|move: Toxic Spikes\n|\n|upkeep\n|turn|8\n|\n|t:|1700055211\n|move|p2a: Glimmora|Sludge Bomb|p1a: Mimikyu\n|-damage|p1a: Mimikyu|16\/100\n|move|p1a: Mimikyu|Shadow Claw|p2a: Glimmora\n|-damage|p2a: Glimmora|0 fnt\n|-activate|p2a: Glimmora|ability: Toxic Debris\n|-sidestart|p1: Haunty51|move: Toxic Spikes\n|faint|p2a: Glimmora\n|\n|upkeep\n|\n|t:|1700055216\n|switch|p2a: Greninja|Greninja, F|100\/100\n|turn|9\n|\n|t:|1700055220\n|move|p2a: Greninja|Water Shuriken|p1a: Mimikyu\n|-start|p2a: Greninja|typechange|Water|[from] ability: Protean\n|-damage|p1a: Mimikyu|4\/100\n|-damage|p1a: Mimikyu|0 fnt\n|faint|p1a: Mimikyu\n|-hitcount|p1: Mimikyu|2\n|\n|upkeep\n|\n|t:|1700055227\n|switch|p1a: Dragapult|Dragapult, M, shiny|100\/100\n|-status|p1a: Dragapult|tox\n|turn|10\n|\n|t:|1700055235\n|switch|p2a: Kingambit|Kingambit, M|100\/100\n|-activate|p2a: Kingambit|ability: Supreme Overlord\n|-start|p2a: Kingambit|fallen1|[silent]\n|move|p1a: Dragapult|Dragon Dance|p1a: Dragapult\n|-boost|p1a: Dragapult|atk|1\n|-boost|p1a: Dragapult|spe|1\n|\n|-damage|p1a: Dragapult|95\/100 tox|[from] psn\n|upkeep\n|turn|11\n|\n|t:|1700055244\n|move|p2a: Kingambit|Sucker Punch|p1a: Dragapult\n|-supereffective|p1a: Dragapult\n|-damage|p1a: Dragapult|0 fnt\n|faint|p1a: Dragapult\n|\n|upkeep\n|\n|t:|1700055247\n|switch|p1a: Palossand|Palossand, M, shiny|100\/100\n|-status|p1a: Palossand|tox\n|turn|12\n|\n|t:|1700055253\n|-end|p2a: Kingambit|fallen1|[silent]\n|switch|p2a: Meowscarada|Meowscarada, M|76\/100\n|move|p1a: Palossand|Earth Power|p2a: Meowscarada\n|-resisted|p2a: Meowscarada\n|-damage|p2a: Meowscarada|50\/100\n|\n|-damage|p1a: Palossand|94\/100 tox|[from] psn\n|upkeep\n|turn|13\n|\n|t:|1700055258\n|move|p2a: Meowscarada|Knock Off|p1a: Palossand\n|-start|p2a: Meowscarada|typechange|Dark|[from] ability: Protean\n|-supereffective|p1a: Palossand\n|-damage|p1a: Palossand|6\/100 tox\n|-enditem|p1a: Palossand|Leftovers|[from] move: Knock Off|[of] p2a: Meowscarada\n|move|p1a: Palossand|Earth Power|p2a: Meowscarada\n|-damage|p2a: Meowscarada|2\/100\n|\n|-damage|p1a: Palossand|0 fnt|[from] psn\n|faint|p1a: Palossand\n|upkeep\n|\n|t:|1700055263\n|switch|p1a: Skeledirge|Skeledirge, F|100\/100\n|-status|p1a: Skeledirge|tox\n|turn|14\n|\n|t:|1700055265\n|move|p2a: Meowscarada|Knock Off|p1a: Skeledirge\n|-supereffective|p1a: Skeledirge\n|-damage|p1a: Skeledirge|0 fnt\n|-enditem|p1a: Skeledirge|Assault Vest|[from] move: Knock Off|[of] p2a: Meowscarada\n|faint|p1a: Skeledirge\n|\n|win|igneo3000\n|n|\u2606Haunty51|haunty51\n|n|\u2606igneo3000|igneo3000\n|n| theleaguefear|theleaguefear\n","uploadtime":1700055269,"views":11,"p1id":"haunty51","p2id":"igneo3000","formatid":"gen9ou","rating":0,"private":0,"password":""}