{"id":"gen9ou-1995204245","p1":"AutisticAndy","p2":"hnwnwsn","format":"[Gen 9] OU","log":"|j|\u2606AutisticAndy\n|j|\u2606hnwnwsn\n|t:|1700534299\n|gametype|singles\n|player|p1|AutisticAndy|102|1035\n|player|p2|hnwnwsn|preschooler|1000\n|teamsize|p1|6\n|teamsize|p2|6\n|gen|9\n|tier|[Gen 9] OU\n|rated|\n|rule|Sleep Clause Mod: Limit one foe put to sleep\n|rule|Species Clause: Limit one of each Pok\u00e9mon\n|rule|OHKO Clause: OHKO moves are banned\n|rule|Evasion Items Clause: Evasion items are banned\n|rule|Evasion Moves Clause: Evasion moves are banned\n|rule|Endless Battle Clause: Forcing endless battles is banned\n|rule|HP Percentage Mod: HP is shown in percentages\n|clearpoke\n|poke|p1|Zoroark-Hisui, M|\n|poke|p1|Kingambit, F|\n|poke|p1|Toxapex, F|\n|poke|p1|Cinderace, F|\n|poke|p1|Samurott-Hisui, M|\n|poke|p1|Amoonguss, M|\n|poke|p2|Iron Moth|\n|poke|p2|Iron Valiant|\n|poke|p2|Kingambit, F|\n|poke|p2|Great Tusk|\n|poke|p2|Samurott-Hisui, F|\n|poke|p2|Enamorus, F|\n|teampreview\n|inactive|Battle timer is ON: inactive players will automatically lose when time's up. (requested by AutisticAndy)\n|\n|t:|1700534309\n|start\n|switch|p1a: Crewmate|Amoonguss, M, shiny|100\/100\n|switch|p2a: Samurott|Samurott-Hisui, F|100\/100\n|turn|1\n|\n|t:|1700534319\n|move|p1a: Crewmate|U-turn|p2a: Samurott\n|-supereffective|p2a: Samurott\n|-damage|p2a: Samurott|68\/100\n|\n|t:|1700534325\n|switch|p1a: Zoro|Kingambit, F, shiny|100\/100|[from] U-turn\n|move|p2a: Samurott|Ceaseless Edge|p1a: Zoro\n|-resisted|p1a: Zoro\n|-damage|p1a: Zoro|85\/100\n|-sidestart|p1: AutisticAndy|Spikes\n|\n|-heal|p1a: Zoro|91\/100|[from] item: Leftovers\n|upkeep\n|turn|2\n|\n|t:|1700534337\n|move|p2a: Samurott|Razor Shell|p1a: Zoro\n|-damage|p1a: Zoro|53\/100\n|-unboost|p1a: Zoro|def|1\n|move|p1a: Zoro|Iron Head|p2a: Samurott\n|-resisted|p2a: Samurott\n|-damage|p2a: Samurott|37\/100\n|\n|-heal|p1a: Zoro|59\/100|[from] item: Leftovers\n|upkeep\n|turn|3\n|\n|t:|1700534357\n|-end|p1a: Zoro|fallenundefined|[silent]\n|switch|p1a: Crewmate|Amoonguss, M, shiny|100\/100\n|-damage|p1a: Crewmate|88\/100|[from] Spikes\n|move|p2a: Samurott|Razor Shell|p1a: Crewmate\n|-resisted|p1a: Crewmate\n|-damage|p1a: Crewmate|70\/100\n|-damage|p2a: Samurott|20\/100|[from] item: Rocky Helmet|[of] p1a: Crewmate\n|\n|upkeep\n|turn|4\n|\n|t:|1700534370\n|move|p2a: Samurott|Ceaseless Edge|p1a: Crewmate\n|-damage|p1a: Crewmate|38\/100\n|-damage|p2a: Samurott|4\/100|[from] item: Rocky Helmet|[of] p1a: Crewmate\n|-sidestart|p1: AutisticAndy|Spikes\n|move|p1a: Crewmate|Giga Drain|p2a: Samurott\n|-supereffective|p2a: Samurott\n|-damage|p2a: Samurott|0 fnt\n|-heal|p1a: Crewmate|39\/100|[from] drain|[of] p2a: Samurott\n|faint|p2a: Samurott\n|\n|upkeep\n|\n|t:|1700534387\n|switch|p2a: Iron Moth|Iron Moth|100\/100\n|-enditem|p2a: Iron Moth|Booster Energy\n|-activate|p2a: Iron Moth|ability: Quark Drive|[fromitem]\n|-start|p2a: Iron Moth|quarkdrivespe\n|turn|5\n|\n|t:|1700534395\n|switch|p1a: Whitebeard|Samurott-Hisui, M, shiny|100\/100\n|-damage|p1a: Whitebeard|84\/100|[from] Spikes\n|move|p2a: Iron Moth|Fiery Dance|p1a: Whitebeard\n|-resisted|p1a: Whitebeard\n|-damage|p1a: Whitebeard|56\/100\n|-boost|p2a: Iron Moth|spa|1\n|\n|upkeep\n|turn|6\n|\n|t:|1700534403\n|move|p1a: Whitebeard|Aqua Jet|p2a: Iron Moth\n|-supereffective|p2a: Iron Moth\n|-damage|p2a: Iron Moth|45\/100\n|move|p2a: Iron Moth|Sludge Wave|p1a: Whitebeard\n|-damage|p1a: Whitebeard|0 fnt\n|faint|p1a: Whitebeard\n|\n|upkeep\n|\n|t:|1700534410\n|switch|p1a: Zoro|Kingambit, F, shiny|100\/100\n|-damage|p1a: Zoro|84\/100|[from] Spikes\n|turn|7\n|\n|t:|1700534426\n|move|p2a: Iron Moth|Fiery Dance|p1a: Zoro\n|-damage|p1a: Zoro|0 fnt\n|-boost|p2a: Iron Moth|spa|1\n|replace|p1a: Impostor|Zoroark-Hisui, M, shiny\n|-end|p1a: Impostor|Illusion\n|faint|p1a: Impostor\n|\n|upkeep\n|-message|AutisticAndy forfeited.\n|\n|win|hnwnwsn\n|raw|AutisticAndy's rating: 1035 &rarr; <strong>1018<\/strong><br \/>(-17 for losing)\n|raw|hnwnwsn's rating: 1000 &rarr; <strong>1044<\/strong><br \/>(+44 for winning)\n|l|\u2606AutisticAndy\n","uploadtime":1700534440,"views":5,"p1id":"autisticandy","p2id":"hnwnwsn","formatid":"gen9ou","rating":1018,"private":0,"password":""}