{"id":"gen9ou-1992170077","p1":"Nubbleslabob","p2":"Pestonara","format":"[Gen 9] OU","log":"|j|\u2606Nubbleslabob\n|j|\u2606Pestonara\n|t:|1700160815\n|gametype|singles\n|player|p1|Nubbleslabob|102|1012\n|player|p2|Pestonara|cress|1000\n|teamsize|p1|6\n|teamsize|p2|6\n|gen|9\n|tier|[Gen 9] OU\n|rated|\n|rule|Sleep Clause Mod: Limit one foe put to sleep\n|rule|Species Clause: Limit one of each Pok\u00e9mon\n|rule|OHKO Clause: OHKO moves are banned\n|rule|Evasion Items Clause: Evasion items are banned\n|rule|Evasion Moves Clause: Evasion moves are banned\n|rule|Endless Battle Clause: Forcing endless battles is banned\n|rule|HP Percentage Mod: HP is shown in percentages\n|clearpoke\n|poke|p1|Ogerpon-Wellspring, F|\n|poke|p1|Greninja-*, M|\n|poke|p1|Kommo-o, F|\n|poke|p1|Kingambit, M|\n|poke|p1|Chandelure, F|\n|poke|p1|Gholdengo|\n|poke|p2|Pelipper, M|\n|poke|p2|Basculegion, M|\n|poke|p2|Psyduck, M|\n|poke|p2|Grimmsnarl, M|\n|poke|p2|Politoed, F|\n|poke|p2|Clefable, M|\n|teampreview\n|\n|t:|1700160825\n|start\n|switch|p1a: Overgrown Lizard|Kommo-o, F, shiny|100\/100\n|switch|p2a: Pelipper|Pelipper, M|100\/100\n|-weather|RainDance|[from] ability: Drizzle|[of] p2a: Pelipper\n|turn|1\n|c|\u2606Nubbleslabob|? psyduck\n|\n|t:|1700160836\n|switch|p2a: Clefable|Clefable, M|100\/100\n|move|p1a: Overgrown Lizard|Belly Drum|p1a: Overgrown Lizard\n|-damage|p1a: Overgrown Lizard|51\/100\n|-setboost|p1a: Overgrown Lizard|atk|6|[from] move: Belly Drum\n|\n|-weather|RainDance|[upkeep]\n|upkeep\n|turn|2\n|\n|t:|1700160860\n|move|p1a: Overgrown Lizard|Boomburst|p2a: Clefable\n|-damage|p2a: Clefable|72\/100\n|move|p2a: Clefable|Stored Power|p1a: Overgrown Lizard\n|-supereffective|p1a: Overgrown Lizard\n|-damage|p1a: Overgrown Lizard|39\/100\n|-enditem|p1a: Overgrown Lizard|Sitrus Berry|[eat]\n|-heal|p1a: Overgrown Lizard|64\/100|[from] item: Sitrus Berry\n|\n|-weather|RainDance|[upkeep]\n|-heal|p2a: Clefable|78\/100|[from] item: Leftovers\n|upkeep\n|turn|3\n|c|\u2606Pestonara|Th\u00e9 good\n|\n|t:|1700160878\n|move|p1a: Overgrown Lizard|Drain Punch|p2a: Clefable\n|-resisted|p2a: Clefable\n|-damage|p2a: Clefable|18\/100\n|-heal|p1a: Overgrown Lizard|100\/100|[from] drain|[of] p2a: Clefable\n|move|p2a: Clefable|Cosmic Power|p2a: Clefable\n|-boost|p2a: Clefable|def|1\n|-boost|p2a: Clefable|spd|1\n|\n|-weather|RainDance|[upkeep]\n|-heal|p2a: Clefable|24\/100|[from] item: Leftovers\n|upkeep\n|turn|4\n|\n|t:|1700160913\n|switch|p2a: Basculegion|Basculegion, M|100\/100\n|move|p1a: Overgrown Lizard|Drain Punch|p2a: Basculegion\n|-immune|p2a: Basculegion\n|\n|-weather|RainDance|[upkeep]\n|upkeep\n|turn|5\n|\n|t:|1700160930\n|move|p2a: Basculegion|Psychic Fangs|p1a: Overgrown Lizard\n|-supereffective|p1a: Overgrown Lizard\n|-damage|p1a: Overgrown Lizard|24\/100\n|move|p1a: Overgrown Lizard|Dragon Pulse|p2a: Basculegion\n|-damage|p2a: Basculegion|68\/100\n|\n|-weather|RainDance|[upkeep]\n|upkeep\n|turn|6\n|inactive|Battle timer is ON: inactive players will automatically lose when time's up. (requested by Pestonara)\n|\n|t:|1700160945\n|switch|p1a: Pew Pew|Gholdengo, shiny|100\/100\n|-item|p1a: Pew Pew|Air Balloon\n|move|p2a: Basculegion|Psychic Fangs|p1a: Pew Pew\n|-resisted|p1a: Pew Pew\n|-damage|p1a: Pew Pew|78\/100\n|-enditem|p1a: Pew Pew|Air Balloon\n|\n|-weather|RainDance|[upkeep]\n|upkeep\n|turn|7\n|\n|t:|1700160964\n|switch|p2a: Grimmsnarl|Grimmsnarl, M|100\/100\n|move|p1a: Pew Pew|Shadow Ball|p2a: Grimmsnarl\n|-resisted|p2a: Grimmsnarl\n|-damage|p2a: Grimmsnarl|83\/100\n|\n|-weather|RainDance|[upkeep]\n|upkeep\n|turn|8\n|c|\u2606Nubbleslabob|UGHHH\n|\n|t:|1700160977\n|move|p2a: Grimmsnarl|Light Screen|p2a: Grimmsnarl\n|-sidestart|p2: Pestonara|move: Light Screen\n|move|p1a: Pew Pew|Make It Rain|p2a: Grimmsnarl\n|-supereffective|p2a: Grimmsnarl\n|-damage|p2a: Grimmsnarl|29\/100\n|-unboost|p1a: Pew Pew|spa|1\n|\n|-weather|none\n|upkeep\n|turn|9\n|\n|t:|1700160988\n|move|p2a: Grimmsnarl|Reflect|p2a: Grimmsnarl\n|-sidestart|p2: Pestonara|Reflect\n|move|p1a: Pew Pew|Make It Rain|p2a: Grimmsnarl\n|-supereffective|p2a: Grimmsnarl\n|-damage|p2a: Grimmsnarl|0 fnt\n|-unboost|p1a: Pew Pew|spa|1\n|faint|p2a: Grimmsnarl\n|\n|upkeep\n|\n|t:|1700160998\n|switch|p2a: Pelipper|Pelipper, M|100\/100\n|-weather|RainDance|[from] ability: Drizzle|[of] p2a: Pelipper\n|turn|10\n|c|\u2606Nubbleslabob|haha nerd\n|\n|t:|1700161003\n|switch|p1a: Forg Ninja|Greninja, M|100\/100\n|move|p2a: Pelipper|U-turn|p1a: Forg Ninja\n|-supereffective|p1a: Forg Ninja\n|-damage|p1a: Forg Ninja|75\/100\n|\n|t:|1700161009\n|switch|p2a: Psyduck|Psyduck, M, shiny|100\/100|[from] U-turn\n|\n|-weather|RainDance|[upkeep]\n|upkeep\n|turn|11\n|\n|t:|1700161015\n|move|p2a: Psyduck|Nasty Plot|p2a: Psyduck\n|-boost|p2a: Psyduck|spa|2\n|move|p1a: Forg Ninja|Grass Knot|p2a: Psyduck\n|-supereffective|p2a: Psyduck\n|-damage|p2a: Psyduck|77\/100\n|-damage|p1a: Forg Ninja|65\/100|[from] item: Life Orb\n|\n|-weather|RainDance|[upkeep]\n|upkeep\n|turn|12\n|\n|t:|1700161024\n|move|p2a: Psyduck|Nasty Plot|p2a: Psyduck\n|-boost|p2a: Psyduck|spa|2\n|move|p1a: Forg Ninja|Grass Knot|p2a: Psyduck\n|-supereffective|p2a: Psyduck\n|-damage|p2a: Psyduck|50\/100\n|-damage|p1a: Forg Ninja|55\/100|[from] item: Life Orb\n|\n|-weather|RainDance|[upkeep]\n|upkeep\n|turn|13\n|\n|t:|1700161039\n|-terastallize|p2a: Psyduck|Electric\n|move|p2a: Psyduck|Tera Blast|p1a: Forg Ninja|[anim] Tera Blast Electric\n|-supereffective|p1a: Forg Ninja\n|-damage|p1a: Forg Ninja|0 fnt\n|faint|p1a: Forg Ninja\n|\n|-weather|RainDance|[upkeep]\n|upkeep\n|\n|t:|1700161060\n|switch|p1a: Overgrown Lizard|Kommo-o, F, shiny|24\/100\n|turn|14\n|\n|t:|1700161066\n|move|p2a: Psyduck|Psychic|p1a: Overgrown Lizard\n|-supereffective|p1a: Overgrown Lizard\n|-damage|p1a: Overgrown Lizard|0 fnt\n|faint|p1a: Overgrown Lizard\n|\n|-weather|RainDance|[upkeep]\n|upkeep\n|\n|t:|1700161072\n|switch|p1a: Pew Pew|Gholdengo, shiny|78\/100\n|turn|15\n|c|\u2606Pestonara|Respect psyduck\n|\n|t:|1700161084\n|move|p2a: Psyduck|Surf|p1a: Pew Pew\n|-damage|p1a: Pew Pew|0 fnt\n|faint|p1a: Pew Pew\n|\n|-weather|RainDance|[upkeep]\n|-sideend|p2: Pestonara|move: Light Screen\n|upkeep\n|\n|t:|1700161090\n|switch|p1a: En Passant|Kingambit, M, shiny|100\/100\n|-activate|p1a: En Passant|ability: Supreme Overlord\n|-start|p1a: En Passant|fallen3|[silent]\n|turn|16\n|\n|t:|1700161095\n|move|p2a: Psyduck|Surf|p1a: En Passant\n|-damage|p1a: En Passant|0 fnt\n|faint|p1a: En Passant\n|-end|p1a: En Passant|fallen3|[silent]\n|\n|-weather|RainDance|[upkeep]\n|-sideend|p2: Pestonara|Reflect\n|upkeep\n|c|\u2606Pestonara|Fran\u00e7ais ?\n|\n|t:|1700161104\n|switch|p1a: Tidal Wave|Ogerpon-Wellspring, F|100\/100\n|turn|17\n|\n|t:|1700161119\n|-terastallize|p1a: Tidal Wave|Water\n|detailschange|p1a: Tidal Wave|Ogerpon-Wellspring-Tera, F, tera:Water\n|-ability|p1a: Tidal Wave|Embody Aspect (Wellspring)|boost\n|-boost|p1a: Tidal Wave|spd|1\n|move|p2a: Psyduck|Tera Blast|p1a: Tidal Wave|[anim] Tera Blast Electric\n|-supereffective|p1a: Tidal Wave\n|-damage|p1a: Tidal Wave|0 fnt\n|faint|p1a: Tidal Wave\n|\n|-weather|none\n|upkeep\n|\n|t:|1700161127\n|switch|p1a: Flaming Magician|Chandelure, F, shiny|100\/100\n|turn|18\n|\n|t:|1700161135\n|move|p1a: Flaming Magician|Energy Ball|p2a: Psyduck\n|-damage|p2a: Psyduck|0 fnt\n|faint|p2a: Psyduck\n|\n|upkeep\n|\n|t:|1700161142\n|switch|p2a: Pelipper|Pelipper, M|100\/100\n|-weather|RainDance|[from] ability: Drizzle|[of] p2a: Pelipper\n|turn|19\n|\n|t:|1700161146\n|move|p1a: Flaming Magician|Energy Ball|p2a: Pelipper\n|-damage|p2a: Pelipper|64\/100\n|move|p2a: Pelipper|Surf|p1a: Flaming Magician\n|-supereffective|p1a: Flaming Magician\n|-damage|p1a: Flaming Magician|0 fnt\n|faint|p1a: Flaming Magician\n|\n|win|Pestonara\n|raw|Nubbleslabob's rating: 1012 &rarr; <strong>1000<\/strong><br \/>(-12 for losing)\n|raw|Pestonara's rating: 1000 &rarr; <strong>1041<\/strong><br \/>(+41 for winning)\n|c|\u2606Nubbleslabob|ggs\n|l|\u2606Nubbleslabob\n|c|\u2606Pestonara|Gg\n","uploadtime":1700161169,"views":111,"p1id":"nubbleslabob","p2id":"pestonara","formatid":"gen9ou","rating":1000,"private":0,"password":""}