{"id":"gen9ou-1990920773","p1":"BizarreSlime","p2":"Vexxtra27","format":"[Gen 9] OU","log":"|j|\u2606BizarreSlime\n|j|\u2606Vexxtra27\n|t:|1700015304\n|gametype|singles\n|player|p1|BizarreSlime|archer|1315\n|player|p2|Vexxtra27|170|1288\n|teamsize|p1|6\n|teamsize|p2|6\n|gen|9\n|tier|[Gen 9] OU\n|rated|\n|rule|Sleep Clause Mod: Limit one foe put to sleep\n|rule|Species Clause: Limit one of each Pok\u00e9mon\n|rule|OHKO Clause: OHKO moves are banned\n|rule|Evasion Items Clause: Evasion items are banned\n|rule|Evasion Moves Clause: Evasion moves are banned\n|rule|Endless Battle Clause: Forcing endless battles is banned\n|rule|HP Percentage Mod: HP is shown in percentages\n|clearpoke\n|poke|p1|Clefable, M|\n|poke|p1|Garchomp, F|\n|poke|p1|Azelf|\n|poke|p1|Landorus-Therian, M|\n|poke|p1|Heatran, M|\n|poke|p1|Iron Valiant|\n|poke|p2|Great Tusk|\n|poke|p2|Kingambit, M|\n|poke|p2|Manaphy|\n|poke|p2|Enamorus, F|\n|poke|p2|Ninetales-Alola, M|\n|poke|p2|Zamazenta-*|\n|teampreview\n|inactive|Battle timer is ON: inactive players will automatically lose when time's up. (requested by Vexxtra27)\n|\n|t:|1700015322\n|start\n|switch|p1a: Azelf|Azelf|100\/100\n|switch|p2a: Slayqueen|Enamorus, F|100\/100\n|turn|1\n|\n|t:|1700015328\n|switch|p2a: Diemyo|Kingambit, M, shiny|100\/100\n|move|p1a: Azelf|Stealth Rock|p2a: Diemyo\n|-sidestart|p2: Vexxtra27|move: Stealth Rock\n|\n|upkeep\n|turn|2\n|\n|t:|1700015339\n|move|p1a: Azelf|Drain Punch|p2a: Diemyo\n|-supereffective|p2a: Diemyo\n|-damage|p2a: Diemyo|25\/100\n|move|p2a: Diemyo|Swords Dance|p2a: Diemyo\n|-boost|p2a: Diemyo|atk|2\n|\n|-heal|p2a: Diemyo|31\/100|[from] item: Leftovers\n|upkeep\n|turn|3\n|\n|t:|1700015343\n|move|p2a: Diemyo|Sucker Punch|p1a: Azelf\n|-supereffective|p1a: Azelf\n|-enditem|p1a: Azelf|Focus Sash\n|-damage|p1a: Azelf|1\/100\n|move|p1a: Azelf|Drain Punch|p2a: Diemyo\n|-supereffective|p2a: Diemyo\n|-damage|p2a: Diemyo|0 fnt\n|-heal|p1a: Azelf|22\/100|[from] drain|[of] p2a: Diemyo\n|faint|p2a: Diemyo\n|-end|p2a: Diemyo|fallenundefined|[silent]\n|\n|upkeep\n|\n|t:|1700015360\n|switch|p2a: Zamazenta|Zamazenta|100\/100\n|-damage|p2a: Zamazenta|94\/100|[from] Stealth Rock\n|-ability|p2a: Zamazenta|Dauntless Shield|boost\n|-boost|p2a: Zamazenta|def|1\n|turn|4\n|\n|t:|1700015368\n|switch|p1a: Landorus|Landorus-Therian, M|100\/100\n|-ability|p1a: Landorus|Intimidate|boost\n|-unboost|p2a: Zamazenta|atk|1\n|move|p2a: Zamazenta|Crunch|p1a: Landorus\n|-damage|p1a: Landorus|83\/100\n|\n|-heal|p2a: Zamazenta|100\/100|[from] item: Leftovers\n|upkeep\n|turn|5\n|\n|t:|1700015380\n|switch|p2a: Great Tusk|Great Tusk|100\/100\n|move|p1a: Landorus|U-turn|p2a: Great Tusk\n|-resisted|p2a: Great Tusk\n|-damage|p2a: Great Tusk|91\/100\n|\n|t:|1700015383\n|switch|p1a: Azelf|Azelf|22\/100|[from] U-turn\n|\n|upkeep\n|turn|6\n|inactive|BizarreSlime has 120 seconds left.\n|\n|t:|1700015419\n|-terastallize|p2a: Great Tusk|Steel\n|move|p1a: Azelf|Psychic|p2a: Great Tusk\n|-resisted|p2a: Great Tusk\n|-damage|p2a: Great Tusk|58\/100\n|move|p2a: Great Tusk|Knock Off|p1a: Azelf\n|-supereffective|p1a: Azelf\n|-damage|p1a: Azelf|0 fnt\n|faint|p1a: Azelf\n|\n|upkeep\n|inactive|BizarreSlime has 120 seconds left.\n|\n|t:|1700015431\n|switch|p1a: Landorus|Landorus-Therian, M|83\/100\n|-ability|p1a: Landorus|Intimidate|boost\n|-unboost|p2a: Great Tusk|atk|1\n|turn|7\n|\n|t:|1700015441\n|-end|p2a: Great Tusk|Protosynthesis|[silent]\n|switch|p2a: Zamazenta|Zamazenta|100\/100\n|-damage|p2a: Zamazenta|94\/100|[from] Stealth Rock\n|move|p1a: Landorus|Earthquake|p2a: Zamazenta\n|-damage|p2a: Zamazenta|53\/100\n|\n|-heal|p2a: Zamazenta|59\/100|[from] item: Leftovers\n|upkeep\n|turn|8\n|\n|t:|1700015455\n|-terastallize|p1a: Landorus|Ground\n|move|p1a: Landorus|Earthquake|p2a: Zamazenta\n|-damage|p2a: Zamazenta|0 fnt\n|faint|p2a: Zamazenta\n|\n|upkeep\n|\n|t:|1700015466\n|switch|p2a: Ninetales|Ninetales-Alola, M|100\/100\n|-damage|p2a: Ninetales|76\/100|[from] Stealth Rock\n|-weather|Snow|[from] ability: Snow Warning|[of] p2a: Ninetales\n|turn|9\n|\n|t:|1700015472\n|move|p1a: Landorus|Earthquake|p2a: Ninetales\n|-damage|p2a: Ninetales|0 fnt\n|faint|p2a: Ninetales\n|\n|-weather|Snow|[upkeep]\n|upkeep\n|\n|t:|1700015477\n|switch|p2a: Slayqueen|Enamorus, F|100\/100\n|-damage|p2a: Slayqueen|76\/100|[from] Stealth Rock\n|turn|10\n|\n|t:|1700015483\n|switch|p1a: Heatran|Heatran, M, shiny|100\/100\n|-item|p1a: Heatran|Air Balloon\n|move|p2a: Slayqueen|Moonblast|p1a: Heatran\n|-resisted|p1a: Heatran\n|-damage|p1a: Heatran|88\/100\n|-enditem|p1a: Heatran|Air Balloon\n|\n|-weather|Snow|[upkeep]\n|upkeep\n|turn|11\n|\n|t:|1700015494\n|switch|p2a: Great Tusk|Great Tusk, tera:Steel|58\/100\n|switch|p1a: Landorus|Landorus-Therian, M, tera:Ground|83\/100\n|-ability|p1a: Landorus|Intimidate|boost\n|-unboost|p2a: Great Tusk|atk|1\n|\n|-weather|Snow|[upkeep]\n|upkeep\n|turn|12\n|\n|t:|1700015504\n|move|p1a: Landorus|Earthquake|p2a: Great Tusk\n|-supereffective|p2a: Great Tusk\n|-damage|p2a: Great Tusk|0 fnt\n|faint|p2a: Great Tusk\n|-end|p2a: Great Tusk|Protosynthesis|[silent]\n|\n|-weather|Snow|[upkeep]\n|upkeep\n|-message|Vexxtra27 forfeited.\n|\n|win|BizarreSlime\n|raw|BizarreSlime's rating: 1315 &rarr; <strong>1333<\/strong><br \/>(+18 for winning)\n|raw|Vexxtra27's rating: 1288 &rarr; <strong>1265<\/strong><br \/>(-23 for losing)\n|l|\u2606Vexxtra27\n","uploadtime":1700015512,"views":6,"p1id":"bizarreslime","p2id":"vexxtra27","formatid":"gen9ou","rating":1265,"private":0,"password":""}