{"id":"gen9ou-1990131836","p1":"Boyer Enjoyer","p2":"Kiky14","format":"[Gen 9] OU","log":"|j|\u2606Boyer Enjoyer\n|j|\u2606Kiky14\n|t:|1699927981\n|gametype|singles\n|player|p1|Boyer Enjoyer|swimmerf-gen4|1512\n|player|p2|Kiky14|hilda-wonderlauncher|1533\n|teamsize|p1|6\n|teamsize|p2|6\n|gen|9\n|tier|[Gen 9] OU\n|rated|\n|rule|Sleep Clause Mod: Limit one foe put to sleep\n|rule|Species Clause: Limit one of each Pok\u00e9mon\n|rule|OHKO Clause: OHKO moves are banned\n|rule|Evasion Items Clause: Evasion items are banned\n|rule|Evasion Moves Clause: Evasion moves are banned\n|rule|Endless Battle Clause: Forcing endless battles is banned\n|rule|HP Percentage Mod: HP is shown in percentages\n|clearpoke\n|poke|p1|Pelipper, M|\n|poke|p1|Barraskewda, M|\n|poke|p1|Zapdos|\n|poke|p1|Manaphy|\n|poke|p1|Maushold-Four|\n|poke|p1|Greninja-*, M|\n|poke|p2|Garganacl, M|\n|poke|p2|Corviknight, M|\n|poke|p2|Clodsire, M|\n|poke|p2|Cresselia, F|\n|poke|p2|Iron Valiant|\n|poke|p2|Meowscarada, F|\n|teampreview\n|inactive|Battle timer is ON: inactive players will automatically lose when time's up. (requested by Boyer Enjoyer)\n|inactive|Kiky14 has 120 seconds left.\n|\n|t:|1699928019\n|start\n|switch|p1a: Pelipper|Pelipper, M, shiny|100\/100\n|switch|p2a: Twice|Clodsire, M|100\/100\n|-weather|RainDance|[from] ability: Drizzle|[of] p1a: Pelipper\n|turn|1\n|\n|t:|1699928029\n|move|p1a: Pelipper|U-turn|p2a: Twice\n|-resisted|p2a: Twice\n|-damage|p2a: Twice|96\/100\n|\n|t:|1699928039\n|switch|p1a: Maushold|Maushold-Four|100\/100|[from] U-turn\n|move|p2a: Twice|Stealth Rock|p1a: Maushold\n|-sidestart|p1: Boyer Enjoyer|move: Stealth Rock\n|\n|-weather|RainDance|[upkeep]\n|-heal|p2a: Twice|100\/100|[from] item: Black Sludge\n|upkeep\n|turn|2\n|\n|t:|1699928045\n|move|p1a: Maushold|Tidy Up|p1a: Maushold\n|-sideend|p1: Boyer Enjoyer|Stealth Rock\n|-activate|p1a: Maushold|move: Tidy Up\n|-boost|p1a: Maushold|atk|1\n|-boost|p1a: Maushold|spe|1\n|move|p2a: Twice|Toxic|p1a: Maushold\n|-status|p1a: Maushold|tox\n|\n|-weather|RainDance|[upkeep]\n|-damage|p1a: Maushold|94\/100 tox|[from] psn\n|upkeep\n|turn|3\n|\n|t:|1699928049\n|switch|p2a: Dreamcatcher|Corviknight, M|100\/100\n|move|p1a: Maushold|Population Bomb|p2a: Dreamcatcher\n|-resisted|p2a: Dreamcatcher\n|-damage|p2a: Dreamcatcher|96\/100\n|-damage|p1a: Maushold|78\/100 tox|[from] item: Rocky Helmet|[of] p2a: Dreamcatcher\n|-resisted|p2a: Dreamcatcher\n|-damage|p2a: Dreamcatcher|90\/100\n|-damage|p1a: Maushold|61\/100 tox|[from] item: Rocky Helmet|[of] p2a: Dreamcatcher\n|-resisted|p2a: Dreamcatcher\n|-damage|p2a: Dreamcatcher|86\/100\n|-damage|p1a: Maushold|44\/100 tox|[from] item: Rocky Helmet|[of] p2a: Dreamcatcher\n|-resisted|p2a: Dreamcatcher\n|-damage|p2a: Dreamcatcher|81\/100\n|-damage|p1a: Maushold|28\/100 tox|[from] item: Rocky Helmet|[of] p2a: Dreamcatcher\n|-resisted|p2a: Dreamcatcher\n|-damage|p2a: Dreamcatcher|76\/100\n|-damage|p1a: Maushold|11\/100 tox|[from] item: Rocky Helmet|[of] p2a: Dreamcatcher\n|-resisted|p2a: Dreamcatcher\n|-damage|p2a: Dreamcatcher|71\/100\n|-damage|p1a: Maushold|0 fnt|[from] item: Rocky Helmet|[of] p2a: Dreamcatcher\n|faint|p1a: Maushold\n|-hitcount|p2a: Dreamcatcher|6\n|\n|-weather|RainDance|[upkeep]\n|upkeep\n|\n|t:|1699928054\n|switch|p1a: Greninja|Greninja, M|100\/100\n|turn|4\n|inactive|Kiky14 has 120 seconds left.\n|\n|t:|1699928084\n|switch|p2a: Twice|Clodsire, M|100\/100\n|move|p1a: Greninja|Surf|p2a: Twice\n|-immune|p2a: Twice|[from] ability: Water Absorb\n|\n|-weather|RainDance|[upkeep]\n|upkeep\n|turn|5\n|\n|t:|1699928100\n|switch|p1a: Zapdos|Zapdos|100\/100\n|move|p2a: Twice|Stealth Rock|p1a: Zapdos\n|-sidestart|p1: Boyer Enjoyer|move: Stealth Rock\n|\n|-weather|RainDance|[upkeep]\n|upkeep\n|turn|6\n|\n|t:|1699928104\n|move|p1a: Zapdos|Hurricane|p2a: Twice\n|-damage|p2a: Twice|69\/100\n|move|p2a: Twice|Toxic|p1a: Zapdos\n|-status|p1a: Zapdos|tox\n|\n|-weather|RainDance|[upkeep]\n|-heal|p2a: Twice|75\/100|[from] item: Black Sludge\n|-damage|p1a: Zapdos|94\/100 tox|[from] psn\n|upkeep\n|turn|7\n|\n|t:|1699928115\n|move|p1a: Zapdos|Hurricane|p2a: Twice\n|-crit|p2a: Twice\n|-damage|p2a: Twice|32\/100\n|move|p2a: Twice|Recover|p2a: Twice\n|-heal|p2a: Twice|82\/100\n|\n|-weather|RainDance|[upkeep]\n|-heal|p2a: Twice|89\/100|[from] item: Black Sludge\n|-damage|p1a: Zapdos|82\/100 tox|[from] psn\n|upkeep\n|turn|8\n|\n|t:|1699928124\n|switch|p1a: Manaphy|Manaphy, shiny|100\/100\n|-damage|p1a: Manaphy|88\/100|[from] Stealth Rock\n|move|p2a: Twice|Earthquake|p1a: Manaphy\n|-damage|p1a: Manaphy|65\/100\n|\n|-weather|none\n|-heal|p1a: Manaphy|71\/100|[from] item: Leftovers\n|-heal|p2a: Twice|95\/100|[from] item: Black Sludge\n|upkeep\n|turn|9\n|\n|t:|1699928134\n|switch|p1a: Pelipper|Pelipper, M, shiny|100\/100\n|-damage|p1a: Pelipper|76\/100|[from] Stealth Rock\n|-weather|RainDance|[from] ability: Drizzle|[of] p1a: Pelipper\n|switch|p2a: NMIXX|Meowscarada, F|100\/100\n|\n|-weather|RainDance|[upkeep]\n|upkeep\n|turn|10\n|\n|t:|1699928140\n|move|p2a: NMIXX|U-turn|p1a: Pelipper\n|-start|p2a: NMIXX|typechange|Bug|[from] ability: Protean\n|-resisted|p1a: Pelipper\n|-damage|p1a: Pelipper|63\/100\n|\n|t:|1699928147\n|switch|p2a: Dreamcatcher|Corviknight, M|71\/100|[from] U-turn\n|move|p1a: Pelipper|Hurricane|p2a: Dreamcatcher\n|-resisted|p2a: Dreamcatcher\n|-damage|p2a: Dreamcatcher|53\/100\n|\n|-weather|RainDance|[upkeep]\n|upkeep\n|turn|11\n|\n|t:|1699928157\n|move|p2a: Dreamcatcher|Roost|p2a: Dreamcatcher\n|-heal|p2a: Dreamcatcher|100\/100\n|-singleturn|p2a: Dreamcatcher|move: Roost\n|move|p1a: Pelipper|Weather Ball|p2a: Dreamcatcher\n|-damage|p2a: Dreamcatcher|55\/100\n|\n|-weather|RainDance|[upkeep]\n|upkeep\n|turn|12\n|\n|t:|1699928169\n|move|p2a: Dreamcatcher|U-turn|p1a: Pelipper\n|-resisted|p1a: Pelipper\n|-damage|p1a: Pelipper|58\/100\n|\n|t:|1699928173\n|switch|p2a: Twice|Clodsire, M|95\/100|[from] U-turn\n|move|p1a: Pelipper|Roost|p1a: Pelipper\n|-heal|p1a: Pelipper|100\/100\n|-singleturn|p1a: Pelipper|move: Roost\n|\n|-weather|RainDance|[upkeep]\n|-heal|p2a: Twice|100\/100|[from] item: Black Sludge\n|upkeep\n|turn|13\n|\n|t:|1699928179\n|move|p1a: Pelipper|U-turn|p2a: Twice\n|-resisted|p2a: Twice\n|-damage|p2a: Twice|96\/100\n|\n|t:|1699928186\n|switch|p1a: Manaphy|Manaphy, shiny|71\/100|[from] U-turn\n|-damage|p1a: Manaphy|59\/100|[from] Stealth Rock\n|move|p2a: Twice|Toxic|p1a: Manaphy\n|-status|p1a: Manaphy|tox\n|\n|-weather|RainDance|[upkeep]\n|-activate|p1a: Manaphy|ability: Hydration\n|-curestatus|p1a: Manaphy|tox|[msg]\n|-heal|p1a: Manaphy|65\/100|[from] item: Leftovers\n|-heal|p2a: Twice|100\/100|[from] item: Black Sludge\n|upkeep\n|turn|14\n|\n|t:|1699928192\n|switch|p2a: NMIXX|Meowscarada, F|100\/100\n|move|p1a: Manaphy|Tail Glow|p1a: Manaphy\n|-boost|p1a: Manaphy|spa|3\n|\n|-weather|RainDance|[upkeep]\n|-heal|p1a: Manaphy|71\/100|[from] item: Leftovers\n|upkeep\n|turn|15\n|\n|t:|1699928202\n|-terastallize|p1a: Manaphy|Grass\n|move|p2a: NMIXX|Trick|p1a: Manaphy\n|-start|p2a: NMIXX|typechange|Psychic|[from] ability: Protean\n|-activate|p2a: NMIXX|move: Trick|[of] p1a: Manaphy\n|-item|p1a: Manaphy|Choice Scarf|[from] move: Trick\n|-item|p2a: NMIXX|Leftovers|[from] move: Trick\n|move|p1a: Manaphy|Rest|p1a: Manaphy\n|-status|p1a: Manaphy|slp|[from] move: Rest\n|-heal|p1a: Manaphy|100\/100 slp|[silent]\n|\n|-weather|RainDance|[upkeep]\n|-activate|p1a: Manaphy|ability: Hydration\n|-curestatus|p1a: Manaphy|slp|[msg]\n|upkeep\n|turn|16\n|-message|Boyer Enjoyer forfeited.\n|\n|win|Kiky14\n|raw|Boyer Enjoyer's rating: 1512 &rarr; <strong>1493<\/strong><br \/>(-19 for losing)\n|raw|Kiky14's rating: 1533 &rarr; <strong>1552<\/strong><br \/>(+19 for winning)\n|l|\u2606Boyer Enjoyer\n|l|\u2606Kiky14\n|j|\u2606Kiky14\n|player|p2|Kiky14|hilda-wonderlauncher\n","uploadtime":1699928239,"views":13,"p1id":"boyerenjoyer","p2id":"kiky14","formatid":"gen9ou","rating":1493,"private":0,"password":""}