{"id":"gen9ou-1989165253","p1":"taw","p2":"Derpy Monkey","format":"[Gen 9] OU","log":"|j|\u2606taw\n|j|\u2606Derpy Monkey\n|t:|1699819118\n|gametype|singles\n|player|p1|taw|alder|1706\n|player|p2|Derpy Monkey|preschooler|1697\n|teamsize|p1|6\n|teamsize|p2|6\n|gen|9\n|tier|[Gen 9] OU\n|rated|\n|rule|Sleep Clause Mod: Limit one foe put to sleep\n|rule|Species Clause: Limit one of each Pok\u00e9mon\n|rule|OHKO Clause: OHKO moves are banned\n|rule|Evasion Items Clause: Evasion items are banned\n|rule|Evasion Moves Clause: Evasion moves are banned\n|rule|Endless Battle Clause: Forcing endless battles is banned\n|rule|HP Percentage Mod: HP is shown in percentages\n|clearpoke\n|poke|p1|Azelf|\n|poke|p1|Gholdengo|\n|poke|p1|Samurott-Hisui, F|\n|poke|p1|Iron Moth|\n|poke|p1|Zamazenta-*|\n|poke|p1|Great Tusk|\n|poke|p2|Rillaboom, F|\n|poke|p2|Sneasler, F|\n|poke|p2|Dragapult, F|\n|poke|p2|Kingambit, F|\n|poke|p2|Gyarados, F|\n|poke|p2|Great Tusk|\n|teampreview\n|inactive|Battle timer is ON: inactive players will automatically lose when time's up. (requested by taw)\n|\n|t:|1699819132\n|start\n|switch|p1a: Azelf|Azelf, shiny|100\/100\n|switch|p2a: Rillaboom|Rillaboom, F|100\/100\n|-fieldstart|move: Grassy Terrain|[from] ability: Grassy Surge|[of] p2a: Rillaboom\n|turn|1\n|\n|t:|1699819138\n|move|p2a: Rillaboom|Grassy Glide|p1a: Azelf\n|-damage|p1a: Azelf|17\/100\n|move|p1a: Azelf|Explosion|p2a: Rillaboom\n|-damage|p2a: Rillaboom|16\/100\n|faint|p1a: Azelf\n|\n|-heal|p2a: Rillaboom|22\/100|[from] Grassy Terrain\n|upkeep\n|\n|t:|1699819149\n|switch|p1a: Zamazenta|Zamazenta|100\/100\n|-ability|p1a: Zamazenta|Dauntless Shield|boost\n|-boost|p1a: Zamazenta|def|1\n|turn|2\n|\n|t:|1699819159\n|switch|p2a: Dragapult|Dragapult, F|100\/100\n|move|p1a: Zamazenta|Substitute|p1a: Zamazenta\n|-start|p1a: Zamazenta|Substitute\n|-damage|p1a: Zamazenta|76\/100\n|\n|-heal|p1a: Zamazenta|82\/100|[from] Grassy Terrain\n|-heal|p1a: Zamazenta|88\/100|[from] item: Leftovers\n|upkeep\n|turn|3\n|\n|t:|1699819167\n|move|p2a: Dragapult|Will-O-Wisp||[still]\n|-fail|p2a: Dragapult\n|move|p1a: Zamazenta|Crunch|p2a: Dragapult\n|-supereffective|p2a: Dragapult\n|-damage|p2a: Dragapult|52\/100\n|-unboost|p2a: Dragapult|def|1\n|\n|-heal|p2a: Dragapult|58\/100|[from] Grassy Terrain\n|-heal|p1a: Zamazenta|94\/100|[from] Grassy Terrain\n|-heal|p1a: Zamazenta|100\/100|[from] item: Leftovers\n|upkeep\n|turn|4\n|c|\u2606Derpy Monkey|f\n|c|\u2606Derpy Monkey|I'm too hasty\n|\n|t:|1699819180\n|move|p2a: Dragapult|Reflect|p2a: Dragapult\n|-sidestart|p2: Derpy Monkey|Reflect\n|move|p1a: Zamazenta|Crunch|p2a: Dragapult\n|-supereffective|p2a: Dragapult\n|-damage|p2a: Dragapult|19\/100\n|-unboost|p2a: Dragapult|def|1\n|-start|p1a: Zamazenta|Disable|Crunch|[from] ability: Cursed Body|[of] p2a: Dragapult\n|\n|-heal|p2a: Dragapult|25\/100|[from] Grassy Terrain\n|upkeep\n|turn|5\n|c|\u2606Derpy Monkey|and lost 150 elo because of that\n|\n|t:|1699819199\n|move|p2a: Dragapult|Shadow Ball|p1a: Zamazenta\n|-activate|p1a: Zamazenta|move: Substitute|[damage]\n|move|p1a: Zamazenta|Iron Defense|p1a: Zamazenta\n|-boost|p1a: Zamazenta|def|2\n|\n|-heal|p2a: Dragapult|31\/100|[from] Grassy Terrain\n|-fieldend|move: Grassy Terrain\n|upkeep\n|turn|6\n|c|\u2606taw|does infiltrator work on status moves?\n|c|\u2606Derpy Monkey|yes\n|\n|t:|1699819211\n|move|p2a: Dragapult|Shadow Ball|p1a: Zamazenta\n|-end|p1a: Zamazenta|Substitute\n|move|p1a: Zamazenta|Iron Defense|p1a: Zamazenta\n|-boost|p1a: Zamazenta|def|2\n|\n|upkeep\n|turn|7\n|c|\u2606taw|oh I didn't know\n|\n|t:|1699819220\n|move|p2a: Dragapult|Will-O-Wisp|p1a: Zamazenta\n|-status|p1a: Zamazenta|brn\n|move|p1a: Zamazenta|Substitute|p1a: Zamazenta\n|-start|p1a: Zamazenta|Substitute\n|-damage|p1a: Zamazenta|76\/100 brn\n|\n|-heal|p1a: Zamazenta|82\/100 brn|[from] item: Leftovers\n|-damage|p1a: Zamazenta|76\/100 brn|[from] brn\n|-end|p1a: Zamazenta|Disable\n|upkeep\n|turn|8\n|\n|t:|1699819232\n|switch|p2a: Rillaboom|Rillaboom, F|22\/100\n|-fieldstart|move: Grassy Terrain|[from] ability: Grassy Surge|[of] p2a: Rillaboom\n|move|p1a: Zamazenta|Crunch|p2a: Rillaboom\n|-damage|p2a: Rillaboom|17\/100\n|\n|-heal|p1a: Zamazenta|82\/100 brn|[from] Grassy Terrain\n|-heal|p1a: Zamazenta|88\/100 brn|[from] item: Leftovers\n|-heal|p2a: Rillaboom|23\/100|[from] Grassy Terrain\n|-damage|p1a: Zamazenta|82\/100 brn|[from] brn\n|upkeep\n|turn|9\n|\n|t:|1699819253\n|move|p1a: Zamazenta|Iron Defense|p1a: Zamazenta\n|-boost|p1a: Zamazenta|def|1\n|move|p2a: Rillaboom|U-turn|p1a: Zamazenta\n|-resisted|p1a: Zamazenta\n|-activate|p1a: Zamazenta|move: Substitute|[damage]\n|\n|t:|1699819266\n|switch|p2a: Dragapult|Dragapult, F|31\/100|[from] U-turn\n|\n|-heal|p2a: Dragapult|37\/100|[from] Grassy Terrain\n|-heal|p1a: Zamazenta|88\/100 brn|[from] Grassy Terrain\n|-heal|p1a: Zamazenta|94\/100 brn|[from] item: Leftovers\n|-damage|p1a: Zamazenta|88\/100 brn|[from] brn\n|upkeep\n|turn|10\n|\n|t:|1699819279\n|switch|p2a: Rillaboom|Rillaboom, F|23\/100\n|move|p1a: Zamazenta|Crunch|p2a: Rillaboom\n|-damage|p2a: Rillaboom|16\/100\n|-unboost|p2a: Rillaboom|def|1\n|\n|-heal|p1a: Zamazenta|94\/100 brn|[from] Grassy Terrain\n|-heal|p1a: Zamazenta|100\/100 brn|[from] item: Leftovers\n|-heal|p2a: Rillaboom|22\/100|[from] Grassy Terrain\n|-damage|p1a: Zamazenta|94\/100 brn|[from] brn\n|upkeep\n|turn|11\n|\n|t:|1699819292\n|switch|p2a: Dragapult|Dragapult, F|37\/100\n|move|p1a: Zamazenta|Body Press|p2a: Dragapult\n|-immune|p2a: Dragapult\n|\n|-heal|p2a: Dragapult|43\/100|[from] Grassy Terrain\n|-heal|p1a: Zamazenta|100\/100 brn|[from] Grassy Terrain\n|-damage|p1a: Zamazenta|94\/100 brn|[from] brn\n|-sideend|p2: Derpy Monkey|Reflect\n|upkeep\n|turn|12\n|\n|t:|1699819302\n|move|p2a: Dragapult|Reflect|p2a: Dragapult\n|-sidestart|p2: Derpy Monkey|Reflect\n|move|p1a: Zamazenta|Crunch|p2a: Dragapult\n|-supereffective|p2a: Dragapult\n|-damage|p2a: Dragapult|31\/100\n|\n|-heal|p2a: Dragapult|37\/100|[from] Grassy Terrain\n|-heal|p1a: Zamazenta|100\/100 brn|[from] Grassy Terrain\n|-damage|p1a: Zamazenta|94\/100 brn|[from] brn\n|-fieldend|move: Grassy Terrain\n|upkeep\n|turn|13\n|\n|t:|1699819311\n|switch|p2a: Rillaboom|Rillaboom, F|22\/100\n|-fieldstart|move: Grassy Terrain|[from] ability: Grassy Surge|[of] p2a: Rillaboom\n|move|p1a: Zamazenta|Crunch|p2a: Rillaboom\n|-damage|p2a: Rillaboom|16\/100\n|-unboost|p2a: Rillaboom|def|1\n|\n|-heal|p1a: Zamazenta|100\/100 brn|[from] Grassy Terrain\n|-heal|p2a: Rillaboom|22\/100|[from] Grassy Terrain\n|-damage|p1a: Zamazenta|94\/100 brn|[from] brn\n|upkeep\n|turn|14\n|\n|t:|1699819322\n|move|p1a: Zamazenta|Crunch|p2a: Rillaboom\n|-damage|p2a: Rillaboom|13\/100\n|move|p2a: Rillaboom|U-turn|p1a: Zamazenta\n|-resisted|p1a: Zamazenta\n|-activate|p1a: Zamazenta|move: Substitute|[damage]\n|\n|t:|1699819329\n|switch|p2a: Gyarados|Gyarados, F|100\/100|[from] U-turn\n|\n|-heal|p1a: Zamazenta|100\/100 brn|[from] Grassy Terrain\n|-damage|p1a: Zamazenta|94\/100 brn|[from] brn\n|upkeep\n|turn|15\n|\n|t:|1699819335\n|move|p1a: Zamazenta|Body Press|p2a: Gyarados\n|-resisted|p2a: Gyarados\n|-damage|p2a: Gyarados|70\/100\n|move|p2a: Gyarados|Dragon Dance|p2a: Gyarados\n|-boost|p2a: Gyarados|atk|1\n|-boost|p2a: Gyarados|spe|1\n|\n|-heal|p1a: Zamazenta|100\/100 brn|[from] Grassy Terrain\n|-damage|p1a: Zamazenta|94\/100 brn|[from] brn\n|upkeep\n|turn|16\n|\n|t:|1699819344\n|move|p2a: Gyarados|Waterfall|p1a: Zamazenta\n|-activate|p1a: Zamazenta|move: Substitute|[damage]\n|move|p1a: Zamazenta|Body Press|p2a: Gyarados\n|-resisted|p2a: Gyarados\n|-damage|p2a: Gyarados|40\/100\n|\n|-heal|p1a: Zamazenta|100\/100 brn|[from] Grassy Terrain\n|-damage|p1a: Zamazenta|94\/100 brn|[from] brn\n|upkeep\n|turn|17\n|\n|t:|1699819353\n|move|p2a: Gyarados|Waterfall|p1a: Zamazenta\n|-activate|p1a: Zamazenta|move: Substitute|[damage]\n|move|p1a: Zamazenta|Body Press|p2a: Gyarados\n|-resisted|p2a: Gyarados\n|-damage|p2a: Gyarados|9\/100\n|\n|-heal|p1a: Zamazenta|100\/100 brn|[from] Grassy Terrain\n|-damage|p1a: Zamazenta|94\/100 brn|[from] brn\n|-fieldend|move: Grassy Terrain\n|upkeep\n|turn|18\n|\n|t:|1699819362\n|move|p2a: Gyarados|Waterfall|p1a: Zamazenta\n|-end|p1a: Zamazenta|Substitute\n|move|p1a: Zamazenta|Substitute|p1a: Zamazenta\n|-start|p1a: Zamazenta|Substitute\n|-damage|p1a: Zamazenta|69\/100 brn\n|\n|-heal|p1a: Zamazenta|76\/100 brn|[from] item: Leftovers\n|-damage|p1a: Zamazenta|69\/100 brn|[from] brn\n|upkeep\n|turn|19\n|\n|t:|1699819385\n|-terastallize|p2a: Gyarados|Flying\n|move|p2a: Gyarados|Tera Blast|p1a: Zamazenta|[anim] Tera Blast Flying\n|-supereffective|p1a: Zamazenta\n|-end|p1a: Zamazenta|Substitute\n|move|p1a: Zamazenta|Crunch|p2a: Gyarados\n|-damage|p2a: Gyarados|2\/100\n|\n|-heal|p1a: Zamazenta|76\/100 brn|[from] item: Leftovers\n|-damage|p1a: Zamazenta|69\/100 brn|[from] brn\n|-sideend|p2: Derpy Monkey|Reflect\n|upkeep\n|turn|20\n|\n|t:|1699819396\n|move|p2a: Gyarados|Tera Blast|p1a: Zamazenta|[anim] Tera Blast Flying\n|-supereffective|p1a: Zamazenta\n|-damage|p1a: Zamazenta|43\/100 brn\n|move|p1a: Zamazenta|Crunch|p2a: Gyarados\n|-damage|p2a: Gyarados|0 fnt\n|faint|p2a: Gyarados\n|\n|-heal|p1a: Zamazenta|49\/100 brn|[from] item: Leftovers\n|-damage|p1a: Zamazenta|43\/100 brn|[from] brn\n|upkeep\n|\n|t:|1699819406\n|switch|p2a: Dragapult|Dragapult, F|37\/100\n|turn|21\n|\n|t:|1699819411\n|move|p2a: Dragapult|Reflect|p2a: Dragapult\n|-sidestart|p2: Derpy Monkey|Reflect\n|move|p1a: Zamazenta|Crunch|p2a: Dragapult\n|-supereffective|p2a: Dragapult\n|-damage|p2a: Dragapult|24\/100\n|-start|p1a: Zamazenta|Disable|Crunch|[from] ability: Cursed Body|[of] p2a: Dragapult\n|\n|-heal|p1a: Zamazenta|49\/100 brn|[from] item: Leftovers\n|-damage|p1a: Zamazenta|43\/100 brn|[from] brn\n|upkeep\n|turn|22\n|\n|t:|1699819419\n|move|p2a: Dragapult|Shadow Ball|p1a: Zamazenta\n|-damage|p1a: Zamazenta|25\/100 brn\n|move|p1a: Zamazenta|Substitute|p1a: Zamazenta\n|-fail|p1a: Zamazenta|move: Substitute|[weak]\n|\n|-heal|p1a: Zamazenta|31\/100 brn|[from] item: Leftovers\n|-damage|p1a: Zamazenta|25\/100 brn|[from] brn\n|upkeep\n|turn|23\n|\n|t:|1699819436\n|switch|p1a: Samurott|Samurott-Hisui, F|100\/100\n|move|p2a: Dragapult|Shadow Ball|p1a: Samurott\n|-resisted|p1a: Samurott\n|-damage|p1a: Samurott|82\/100\n|\n|upkeep\n|turn|24\n|\n|t:|1699819442\n|move|p1a: Samurott|Ceaseless Edge|p2a: Dragapult\n|-supereffective|p2a: Dragapult\n|-damage|p2a: Dragapult|0 fnt\n|-sidestart|p2: Derpy Monkey|Spikes\n|faint|p2a: Dragapult\n|\n|upkeep\n|\n|t:|1699819450\n|switch|p2a: Great Tusk|Great Tusk|100\/100\n|turn|25\n|\n|t:|1699819460\n|switch|p1a: Zamazenta|Zamazenta|25\/100 brn\n|move|p2a: Great Tusk|Knock Off|p1a: Zamazenta\n|-resisted|p1a: Zamazenta\n|-damage|p1a: Zamazenta|15\/100 brn\n|-enditem|p1a: Zamazenta|Leftovers|[from] move: Knock Off|[of] p2a: Great Tusk\n|\n|-damage|p1a: Zamazenta|9\/100 brn|[from] brn\n|upkeep\n|turn|26\n|\n|t:|1699819469\n|move|p1a: Zamazenta|Body Press|p2a: Great Tusk\n|-damage|p2a: Great Tusk|93\/100\n|move|p2a: Great Tusk|Rapid Spin|p1a: Zamazenta\n|-damage|p1a: Zamazenta|0 fnt\n|-boost|p2a: Great Tusk|spe|1\n|-sideend|p2: Derpy Monkey|Spikes|[from] move: Rapid Spin|[of] p2a: Great Tusk\n|faint|p1a: Zamazenta\n|\n|upkeep\n|\n|t:|1699819477\n|switch|p1a: Iron Moth|Iron Moth|100\/100\n|-enditem|p1a: Iron Moth|Booster Energy\n|-activate|p1a: Iron Moth|ability: Quark Drive|[fromitem]\n|-start|p1a: Iron Moth|quarkdrivespe\n|turn|27\n|\n|t:|1699819482\n|-terastallize|p1a: Iron Moth|Psychic\n|move|p1a: Iron Moth|Psychic|p2a: Great Tusk\n|-supereffective|p2a: Great Tusk\n|-crit|p2a: Great Tusk\n|-damage|p2a: Great Tusk|0 fnt\n|faint|p2a: Great Tusk\n|-end|p2a: Great Tusk|Protosynthesis|[silent]\n|\n|upkeep\n|\n|t:|1699819486\n|switch|p2a: Rillaboom|Rillaboom, F|13\/100\n|-fieldstart|move: Grassy Terrain|[from] ability: Grassy Surge|[of] p2a: Rillaboom\n|turn|28\n|\n|t:|1699819508\n|move|p2a: Rillaboom|Grassy Glide|p1a: Iron Moth\n|-damage|p1a: Iron Moth|21\/100\n|move|p1a: Iron Moth|Fiery Dance|p2a: Rillaboom\n|-supereffective|p2a: Rillaboom\n|-damage|p2a: Rillaboom|0 fnt\n|faint|p2a: Rillaboom\n|\n|-heal|p1a: Iron Moth|27\/100|[from] Grassy Terrain\n|-sideend|p2: Derpy Monkey|Reflect\n|upkeep\n|\n|t:|1699819523\n|switch|p2a: Sneasler|Sneasler, F|100\/100\n|-enditem|p2a: Sneasler|Grassy Seed\n|-boost|p2a: Sneasler|def|1|[from] item: Grassy Seed\n|turn|29\n|\n|t:|1699819528\n|move|p2a: Sneasler|Acrobatics|p1a: Iron Moth\n|-damage|p1a: Iron Moth|0 fnt\n|faint|p1a: Iron Moth\n|-end|p1a: Iron Moth|Quark Drive|[silent]\n|\n|upkeep\n|j| iAeOs\n|\n|t:|1699819541\n|switch|p1a: Gholdengo|Gholdengo|100\/100\n|turn|30\n|\n|t:|1699819545\n|move|p2a: Sneasler|Swords Dance|p2a: Sneasler\n|-boost|p2a: Sneasler|atk|2\n|move|p1a: Gholdengo|Psyshock|p2a: Sneasler\n|-supereffective|p2a: Sneasler\n|-damage|p2a: Sneasler|0 fnt\n|faint|p2a: Sneasler\n|\n|upkeep\n|\n|t:|1699819548\n|switch|p2a: Kingambit|Kingambit, F|100\/100\n|-activate|p2a: Kingambit|ability: Supreme Overlord\n|-start|p2a: Kingambit|fallen5|[silent]\n|turn|31\n|\n|t:|1699819557\n|switch|p1a: Great Tusk|Great Tusk|100\/100\n|move|p2a: Kingambit|Swords Dance|p2a: Kingambit\n|-boost|p2a: Kingambit|atk|2\n|\n|upkeep\n|turn|32\n|c|\u2606Derpy Monkey|yeah I don't know how to play the game\n|c| iAeOs|damn sneasler 3d sprite\n|\n|t:|1699819567\n|move|p1a: Great Tusk|Close Combat|p2a: Kingambit\n|-supereffective|p2a: Kingambit\n|-damage|p2a: Kingambit|0 fnt\n|-unboost|p1a: Great Tusk|def|1\n|-unboost|p1a: Great Tusk|spd|1\n|faint|p2a: Kingambit\n|-end|p2a: Kingambit|fallen5|[silent]\n|\n|win|taw\n|raw|taw's rating: 1706 &rarr; <strong>1725<\/strong><br \/>(+19 for winning)\n|raw|Derpy Monkey's rating: 1697 &rarr; <strong>1678<\/strong><br \/>(-19 for losing)\n|c|\u2606Derpy Monkey|gg\n|l|\u2606Derpy Monkey\n|c|\u2606taw|gg\n","uploadtime":1699819579,"views":23,"p1id":"taw","p2id":"derpymonkey","formatid":"gen9ou","rating":1678,"private":0,"password":""}