{"id":"gen9ou-2000064378","p1":"Pickedman","p2":"stallgod6000","format":"[Gen 9] OU","log":"|j|\u2606Pickedman\n|j|\u2606stallgod6000\n|t:|1701148388\n|gametype|singles\n|player|p1|Pickedman|zinnia|\n|player|p2|stallgod6000|wallace|\n|teamsize|p1|6\n|teamsize|p2|6\n|gen|9\n|tier|[Gen 9] OU\n|rule|Sleep Clause Mod: Limit one foe put to sleep\n|rule|Species Clause: Limit one of each Pok\u00e9mon\n|rule|OHKO Clause: OHKO moves are banned\n|rule|Evasion Items Clause: Evasion items are banned\n|rule|Evasion Moves Clause: Evasion moves are banned\n|rule|Endless Battle Clause: Forcing endless battles is banned\n|rule|HP Percentage Mod: HP is shown in percentages\n|clearpoke\n|poke|p1|Zapdos-Galar|\n|poke|p1|Ceruledge, F|\n|poke|p1|Ribombee, F|\n|poke|p1|Dragonite, M|\n|poke|p1|Rillaboom, M|\n|poke|p1|Samurott-Hisui, M|\n|poke|p2|Sandy Shocks|\n|poke|p2|Kingambit, F|\n|poke|p2|Gholdengo|\n|poke|p2|Maushold-Four|\n|poke|p2|Quaquaval, M|\n|poke|p2|Rillaboom, F|\n|teampreview\n|\n|t:|1701148402\n|start\n|switch|p1a: Ribombee|Ribombee, F|100\/100\n|switch|p2a: Maushold|Maushold-Four|100\/100\n|turn|1\n|\n|t:|1701148409\n|move|p1a: Ribombee|Stun Spore|p2a: Maushold\n|-status|p2a: Maushold|par\n|cant|p2a: Maushold|par\n|\n|upkeep\n|turn|2\n|\n|t:|1701148415\n|move|p1a: Ribombee|Sticky Web|p2a: Maushold\n|-sidestart|p2: stallgod6000|move: Sticky Web\n|move|p2a: Maushold|Population Bomb|p1a: Ribombee\n|-damage|p1a: Ribombee|76\/100\n|-damage|p1a: Ribombee|53\/100\n|-damage|p1a: Ribombee|33\/100\n|-damage|p1a: Ribombee|12\/100\n|-damage|p1a: Ribombee|0 fnt\n|faint|p1a: Ribombee\n|-hitcount|p1: Ribombee|5\n|\n|upkeep\n|inactive|Battle timer is ON: inactive players will automatically lose when time's up. (requested by stallgod6000)\n|\n|t:|1701148432\n|switch|p1a: Ceruledge|Ceruledge, F|100\/100\n|turn|3\n|\n|t:|1701148440\n|-terastallize|p2a: Maushold|Dark\n|move|p1a: Ceruledge|Close Combat|p2a: Maushold\n|-supereffective|p2a: Maushold\n|-damage|p2a: Maushold|0 fnt\n|-unboost|p1a: Ceruledge|def|1\n|-unboost|p1a: Ceruledge|spd|1\n|faint|p2a: Maushold\n|\n|upkeep\n|\n|t:|1701148452\n|switch|p2a: Sandy Shocks|Sandy Shocks|100\/100\n|-activate|p2a: Sandy Shocks|move: Sticky Web\n|-unboost|p2a: Sandy Shocks|spe|1\n|-enditem|p2a: Sandy Shocks|Booster Energy\n|-activate|p2a: Sandy Shocks|ability: Protosynthesis|[fromitem]\n|-start|p2a: Sandy Shocks|protosynthesisspa\n|turn|4\n|\n|t:|1701148464\n|move|p1a: Ceruledge|Swords Dance|p1a: Ceruledge\n|-boost|p1a: Ceruledge|atk|2\n|move|p2a: Sandy Shocks|Earth Power|p1a: Ceruledge\n|-supereffective|p1a: Ceruledge\n|-enditem|p1a: Ceruledge|Focus Sash\n|-damage|p1a: Ceruledge|1\/100\n|\n|upkeep\n|turn|5\n|\n|t:|1701148473\n|move|p1a: Ceruledge|Bitter Blade|p2a: Sandy Shocks\n|-damage|p2a: Sandy Shocks|5\/100\n|-heal|p1a: Ceruledge|54\/100|[from] drain|[of] p2a: Sandy Shocks\n|move|p2a: Sandy Shocks|Volt Switch|p1a: Ceruledge\n|-damage|p1a: Ceruledge|0 fnt\n|faint|p1a: Ceruledge\n|\n|t:|1701148494\n|-end|p2a: Sandy Shocks|Protosynthesis|[silent]\n|switch|p2a: Gholdengo|Gholdengo|100\/100|[from] Volt Switch\n|-item|p2a: Gholdengo|Air Balloon\n|\n|upkeep\n|\n|t:|1701148499\n|switch|p1a: Samurott|Samurott-Hisui, M|100\/100\n|turn|6\n|\n|t:|1701148512\n|switch|p2a: Rillaboom|Rillaboom, F|100\/100\n|-activate|p2a: Rillaboom|move: Sticky Web\n|-unboost|p2a: Rillaboom|spe|1\n|-fieldstart|move: Grassy Terrain|[from] ability: Grassy Surge|[of] p2a: Rillaboom\n|move|p1a: Samurott|Ceaseless Edge|p2a: Rillaboom|[miss]\n|-miss|p1a: Samurott|p2a: Rillaboom\n|\n|upkeep\n|turn|7\n|inactive|Pickedman has 270 seconds left.\n|\n|t:|1701148546\n|switch|p1a: Rillaboom|Rillaboom, M|100\/100\n|move|p2a: Rillaboom|Grassy Glide|p1a: Rillaboom\n|-resisted|p1a: Rillaboom\n|-damage|p1a: Rillaboom|81\/100\n|\n|-heal|p1a: Rillaboom|87\/100|[from] Grassy Terrain\n|upkeep\n|turn|8\n|inactive|Pickedman has 270 seconds left.\n|\n|t:|1701148564\n|move|p1a: Rillaboom|Knock Off|p2a: Rillaboom\n|-damage|p2a: Rillaboom|46\/100\n|-damage|p1a: Rillaboom|71\/100|[from] item: Rocky Helmet|[of] p2a: Rillaboom\n|-enditem|p2a: Rillaboom|Rocky Helmet|[from] move: Knock Off|[of] p1a: Rillaboom\n|move|p2a: Rillaboom|U-turn|p1a: Rillaboom\n|-supereffective|p1a: Rillaboom\n|-damage|p1a: Rillaboom|20\/100\n|\n|t:|1701148590\n|switch|p2a: Kingambit|Kingambit, F|100\/100|[from] U-turn\n|-activate|p2a: Kingambit|move: Sticky Web\n|-unboost|p2a: Kingambit|spe|1\n|-activate|p2a: Kingambit|ability: Supreme Overlord\n|-start|p2a: Kingambit|fallen1|[silent]\n|\n|-heal|p1a: Rillaboom|27\/100|[from] Grassy Terrain\n|upkeep\n|turn|9\n|inactive|Pickedman has 270 seconds left.\n|inactive|stallgod6000 has 270 seconds left.\n|\n|t:|1701148612\n|switch|p1a: Samurott|Samurott-Hisui, M|100\/100\n|move|p2a: Kingambit|Swords Dance|p2a: Kingambit\n|-boost|p2a: Kingambit|atk|2\n|\n|upkeep\n|turn|10\n|inactive|Pickedman has 270 seconds left.\n|inactive|stallgod6000 has 270 seconds left.\n|\n|t:|1701148626\n|move|p1a: Samurott|Aqua Cutter|p2a: Kingambit\n|-damage|p2a: Kingambit|56\/100\n|move|p2a: Kingambit|Low Kick|p1a: Samurott\n|-supereffective|p1a: Samurott\n|-damage|p1a: Samurott|0 fnt\n|faint|p1a: Samurott\n|\n|-heal|p2a: Kingambit|63\/100|[from] Grassy Terrain\n|-fieldend|move: Grassy Terrain\n|upkeep\n|inactive|Pickedman has 270 seconds left.\n|\n|t:|1701148636\n|switch|p1a: Dragonite|Dragonite, M|100\/100\n|turn|11\n|inactive|Pickedman has 270 seconds left.\n|\n|t:|1701148655\n|-end|p2a: Kingambit|fallen1|[silent]\n|switch|p2a: Sandy Shocks|Sandy Shocks|5\/100\n|-activate|p2a: Sandy Shocks|move: Sticky Web\n|-unboost|p2a: Sandy Shocks|spe|1\n|move|p1a: Dragonite|Dragon Dance|p1a: Dragonite\n|-boost|p1a: Dragonite|atk|1\n|-boost|p1a: Dragonite|spe|1\n|\n|upkeep\n|turn|12\n|inactive|Pickedman has 270 seconds left.\n|inactive|stallgod6000 has 270 seconds left.\n|\n|t:|1701148676\n|move|p1a: Dragonite|Earthquake|p2a: Sandy Shocks\n|-supereffective|p2a: Sandy Shocks\n|-damage|p2a: Sandy Shocks|0 fnt\n|faint|p2a: Sandy Shocks\n|-end|p2a: Sandy Shocks|Protosynthesis|[silent]\n|\n|upkeep\n|inactive|stallgod6000 has 270 seconds left.\n|inactive|stallgod6000 has 240 seconds left.\n|\n|t:|1701148714\n|switch|p2a: Quaquaval|Quaquaval, M|100\/100\n|turn|13\n|\n|t:|1701148719\n|move|p1a: Dragonite|Dragon Dance|p1a: Dragonite\n|-boost|p1a: Dragonite|atk|1\n|-boost|p1a: Dragonite|spe|1\n|move|p2a: Quaquaval|Rapid Spin|p1a: Dragonite\n|-damage|p1a: Dragonite|92\/100\n|-boost|p2a: Quaquaval|spe|1\n|-sideend|p2: stallgod6000|Sticky Web|[from] move: Rapid Spin|[of] p2a: Quaquaval\n|\n|upkeep\n|turn|14\n|inactive|stallgod6000 has 240 seconds left.\n|\n|t:|1701148742\n|-terastallize|p1a: Dragonite|Normal\n|move|p1a: Dragonite|Extreme Speed|p2a: Quaquaval\n|-damage|p2a: Quaquaval|0 fnt\n|faint|p2a: Quaquaval\n|\n|upkeep\n|inactive|stallgod6000 has 240 seconds left.\n|\n|t:|1701148769\n|switch|p2a: Gholdengo|Gholdengo|100\/100\n|-item|p2a: Gholdengo|Air Balloon\n|turn|15\n|\n|t:|1701148778\n|move|p1a: Dragonite|Earthquake|p2a: Gholdengo\n|-immune|p2a: Gholdengo\n|move|p2a: Gholdengo|Nasty Plot|p2a: Gholdengo\n|-boost|p2a: Gholdengo|spa|2\n|\n|upkeep\n|turn|16\n|\n|t:|1701148793\n|move|p1a: Dragonite|Fire Punch|p2a: Gholdengo\n|-supereffective|p2a: Gholdengo\n|-damage|p2a: Gholdengo|0 fnt\n|-enditem|p2a: Gholdengo|Air Balloon\n|faint|p2a: Gholdengo\n|\n|upkeep\n|\n|t:|1701148801\n|switch|p2a: Rillaboom|Rillaboom, F|46\/100\n|-fieldstart|move: Grassy Terrain|[from] ability: Grassy Surge|[of] p2a: Rillaboom\n|turn|17\n|\n|t:|1701148805\n|move|p1a: Dragonite|Extreme Speed|p2a: Rillaboom\n|-damage|p2a: Rillaboom|0 fnt\n|faint|p2a: Rillaboom\n|\n|-heal|p1a: Dragonite|98\/100|[from] Grassy Terrain\n|upkeep\n|\n|t:|1701148809\n|switch|p2a: Kingambit|Kingambit, F|63\/100\n|-activate|p2a: Kingambit|ability: Supreme Overlord\n|-start|p2a: Kingambit|fallen5|[silent]\n|turn|18\n|\n|t:|1701148818\n|move|p1a: Dragonite|Fire Punch|p2a: Kingambit\n|-supereffective|p2a: Kingambit\n|-damage|p2a: Kingambit|0 fnt\n|faint|p2a: Kingambit\n|-end|p2a: Kingambit|fallen5|[silent]\n|\n|win|Pickedman\n|l|\u2606stallgod6000\n","uploadtime":1701148825,"views":2,"p1id":"pickedman","p2id":"stallgod6000","formatid":"gen9ou","rating":0,"private":0,"password":""}