{"id":"gen9ou-1990486663","p1":"Firemelon66","p2":"Eucalipto69!","format":"[Gen 9] OU","log":"|j|\u2606Firemelon66\n|j|\u2606Eucalipto69!\n|t:|1699975378\n|gametype|singles\n|player|p1|Firemelon66|unknown|1551\n|player|p2|Eucalipto69!|alder|1657\n|teamsize|p1|6\n|teamsize|p2|6\n|gen|9\n|tier|[Gen 9] OU\n|rated|\n|rule|Sleep Clause Mod: Limit one foe put to sleep\n|rule|Species Clause: Limit one of each Pok\u00e9mon\n|rule|OHKO Clause: OHKO moves are banned\n|rule|Evasion Items Clause: Evasion items are banned\n|rule|Evasion Moves Clause: Evasion moves are banned\n|rule|Endless Battle Clause: Forcing endless battles is banned\n|rule|HP Percentage Mod: HP is shown in percentages\n|clearpoke\n|poke|p1|Samurott-Hisui, F|\n|poke|p1|Ceruledge, F|\n|poke|p1|Thundurus-Therian, M|\n|poke|p1|Amoonguss, M|\n|poke|p1|Great Tusk|\n|poke|p1|Gholdengo|\n|poke|p2|Scizor, M|\n|poke|p2|Dragapult, M|\n|poke|p2|Kilowattrel, F|\n|poke|p2|Samurott-Hisui, M|\n|poke|p2|Great Tusk|\n|poke|p2|Ogerpon-Cornerstone, F|\n|teampreview\n|inactive|Battle timer is ON: inactive players will automatically lose when time's up. (requested by Firemelon66)\n|c|\u2606Firemelon66|dis looks kinda crazy and weird ngl\n|\n|t:|1699975404\n|start\n|switch|p1a: Sekiro|Samurott-Hisui, F, shiny|100\/100\n|switch|p2a: Kilowattrel|Kilowattrel, F|100\/100\n|turn|1\n|\n|t:|1699975410\n|move|p2a: Kilowattrel|U-turn|p1a: Sekiro\n|-supereffective|p1a: Sekiro\n|-damage|p1a: Sekiro|74\/100\n|\n|t:|1699975415\n|switch|p2a: Great Tusk|Great Tusk|100\/100|[from] U-turn\n|move|p1a: Sekiro|Flip Turn|p2a: Great Tusk\n|-supereffective|p2a: Great Tusk\n|-damage|p2a: Great Tusk|74\/100\n|-damage|p1a: Sekiro|57\/100|[from] item: Rocky Helmet|[of] p2a: Great Tusk\n|\n|t:|1699975420\n|switch|p1a: Thor|Thundurus-Therian, M, shiny|100\/100|[from] Flip Turn\n|\n|upkeep\n|turn|2\n|\n|t:|1699975427\n|-end|p2a: Great Tusk|Protosynthesis|[silent]\n|switch|p2a: Kilowattrel|Kilowattrel, F|100\/100\n|move|p1a: Thor|Grass Knot|p2a: Kilowattrel\n|-resisted|p2a: Kilowattrel\n|-damage|p2a: Kilowattrel|79\/100\n|\n|upkeep\n|turn|3\n|\n|t:|1699975433\n|-terastallize|p2a: Kilowattrel|Ice\n|move|p2a: Kilowattrel|Tera Blast|p1a: Thor|[anim] Tera Blast Ice\n|-supereffective|p1a: Thor\n|-crit|p1a: Thor\n|-damage|p1a: Thor|0 fnt\n|faint|p1a: Thor\n|\n|upkeep\n|c|\u2606Firemelon66|it learns ice beam?\n|c|\u2606Firemelon66|tf\n|\n|t:|1699975444\n|switch|p1a: Kuzko|Gholdengo, shiny|100\/100\n|turn|4\n|\n|t:|1699975448\n|switch|p2a: Samurott|Samurott-Hisui, M|100\/100\n|move|p1a: Kuzko|Nasty Plot|p1a: Kuzko\n|-boost|p1a: Kuzko|spa|2\n|\n|upkeep\n|turn|5\n|\n|t:|1699975454\n|move|p2a: Samurott|Ceaseless Edge|p1a: Kuzko\n|-supereffective|p1a: Kuzko\n|-damage|p1a: Kuzko|37\/100\n|-sidestart|p1: Firemelon66|Spikes\n|move|p1a: Kuzko|Shadow Ball|p2a: Samurott\n|-resisted|p2a: Samurott\n|-crit|p2a: Samurott\n|-damage|p2a: Samurott|55\/100\n|\n|-heal|p1a: Kuzko|43\/100|[from] item: Leftovers\n|upkeep\n|turn|6\n|\n|t:|1699975462\n|switch|p1a: Amanita Phalloides|Amoonguss, M, shiny|100\/100\n|-damage|p1a: Amanita Phalloides|88\/100|[from] Spikes\n|move|p2a: Samurott|Ceaseless Edge|p1a: Amanita Phalloides|[miss]\n|-miss|p2a: Samurott|p1a: Amanita Phalloides\n|\n|upkeep\n|turn|7\n|\n|t:|1699975488\n|switch|p2a: Ogerpon|Ogerpon-Cornerstone, F|100\/100\n|move|p1a: Amanita Phalloides|Spore|p2a: Ogerpon\n|-immune|p2a: Ogerpon\n|\n|upkeep\n|turn|8\n|\n|t:|1699975496\n|move|p2a: Ogerpon|Encore|p1a: Amanita Phalloides\n|-start|p1a: Amanita Phalloides|Encore\n|move|p1a: Amanita Phalloides|Spore|p2a: Ogerpon\n|-immune|p2a: Ogerpon\n|\n|upkeep\n|turn|9\n|\n|t:|1699975501\n|switch|p1a: Sekiro|Samurott-Hisui, F, shiny|57\/100\n|-damage|p1a: Sekiro|45\/100|[from] Spikes\n|move|p2a: Ogerpon|Ivy Cudgel|p1a: Sekiro|[anim] Ivy Cudgel Rock\n|-damage|p1a: Sekiro|0 fnt\n|faint|p1a: Sekiro\n|\n|upkeep\n|\n|t:|1699975508\n|switch|p1a: Amanita Phalloides|Amoonguss, M, shiny|100\/100\n|-damage|p1a: Amanita Phalloides|88\/100|[from] Spikes\n|turn|10\n|\n|t:|1699975517\n|switch|p2a: Great Tusk|Great Tusk|74\/100\n|move|p1a: Amanita Phalloides|Spore|p2a: Great Tusk\n|-status|p2a: Great Tusk|slp|[from] move: Spore\n|\n|upkeep\n|turn|11\n|\n|t:|1699975524\n|-end|p2a: Great Tusk|Protosynthesis|[silent]\n|switch|p2a: Scizor|Scizor, M|100\/100\n|switch|p1a: Palpatin|Ceruledge, F, shiny|100\/100\n|\n|upkeep\n|turn|12\n|\n|t:|1699975529\n|move|p1a: Palpatin|Swords Dance|p1a: Palpatin\n|-boost|p1a: Palpatin|atk|2\n|move|p2a: Scizor|Knock Off|p1a: Palpatin\n|-supereffective|p1a: Palpatin\n|-damage|p1a: Palpatin|4\/100\n|-ability|p1a: Palpatin|Weak Armor|boost\n|-unboost|p1a: Palpatin|def|1\n|-boost|p1a: Palpatin|spe|2\n|-enditem|p1a: Palpatin|Heavy-Duty Boots|[from] move: Knock Off|[of] p2a: Scizor\n|\n|upkeep\n|turn|13\n|\n|t:|1699975536\n|move|p2a: Scizor|Bullet Punch|p1a: Palpatin\n|-resisted|p1a: Palpatin\n|-damage|p1a: Palpatin|0 fnt\n|faint|p1a: Palpatin\n|\n|upkeep\n|-message|Firemelon66 forfeited.\n|\n|win|Eucalipto69!\n|raw|Firemelon66's rating: 1551 &rarr; <strong>1537<\/strong><br \/>(-14 for losing)\n|raw|Eucalipto69!'s rating: 1657 &rarr; <strong>1671<\/strong><br \/>(+14 for winning)\n|l|\u2606Firemelon66\n","uploadtime":1699975555,"views":15,"p1id":"firemelon66","p2id":"eucalipto69","formatid":"gen9ou","rating":1537,"private":0,"password":""}