{"id":"gen9ou-1990952890","p1":"xjppires","p2":"SWAG_MASSIAH","format":"[Gen 9] OU","log":"|j|\u2606xjppires\n|j|\u2606SWAG_MASSIAH\n|t:|1700019114\n|gametype|singles\n|player|p1|xjppires|102|1068\n|player|p2|SWAG_MASSIAH|benga|1110\n|teamsize|p1|6\n|teamsize|p2|6\n|gen|9\n|tier|[Gen 9] OU\n|rated|\n|rule|Sleep Clause Mod: Limit one foe put to sleep\n|rule|Species Clause: Limit one of each Pok\u00e9mon\n|rule|OHKO Clause: OHKO moves are banned\n|rule|Evasion Items Clause: Evasion items are banned\n|rule|Evasion Moves Clause: Evasion moves are banned\n|rule|Endless Battle Clause: Forcing endless battles is banned\n|rule|HP Percentage Mod: HP is shown in percentages\n|clearpoke\n|poke|p1|Charizard, M|\n|poke|p1|Greninja-*, M|\n|poke|p1|Ditto|\n|poke|p1|Snorlax, M|\n|poke|p1|Scizor, M|\n|poke|p1|Milotic, F|\n|poke|p2|Sneasler, F|\n|poke|p2|Zamazenta-*|\n|poke|p2|Landorus-Therian, M|\n|poke|p2|Ribombee, M|\n|poke|p2|Toxapex, M|\n|poke|p2|Gholdengo|\n|teampreview\n|inactive|Battle timer is ON: inactive players will automatically lose when time's up. (requested by xjppires)\n|\n|t:|1700019120\n|start\n|switch|p1a: Snorlax|Snorlax, M|100\/100\n|switch|p2a: Ribombee|Ribombee, M|100\/100\n|turn|1\n|\n|t:|1700019139\n|move|p2a: Ribombee|Sticky Web|p1a: Snorlax\n|-sidestart|p1: xjppires|move: Sticky Web\n|move|p1a: Snorlax|Body Slam|p2a: Ribombee\n|-damage|p2a: Ribombee|15\/100\n|\n|upkeep\n|turn|2\n|\n|t:|1700019149\n|move|p2a: Ribombee|Stun Spore|p1a: Snorlax\n|-status|p1a: Snorlax|par\n|move|p1a: Snorlax|Body Slam|p2a: Ribombee\n|-damage|p2a: Ribombee|0 fnt\n|faint|p2a: Ribombee\n|\n|upkeep\n|\n|t:|1700019168\n|switch|p2a: Zamazenta|Zamazenta|100\/100\n|-ability|p2a: Zamazenta|Dauntless Shield|boost\n|-boost|p2a: Zamazenta|def|1\n|turn|3\n|\n|t:|1700019177\n|move|p2a: Zamazenta|Close Combat|p1a: Snorlax\n|-supereffective|p1a: Snorlax\n|-damage|p1a: Snorlax|0 fnt\n|-unboost|p2a: Zamazenta|def|1\n|-unboost|p2a: Zamazenta|spd|1\n|faint|p1a: Snorlax\n|\n|upkeep\n|\n|t:|1700019205\n|switch|p1a: Milotic|Milotic, F|100\/100\n|-activate|p1a: Milotic|move: Sticky Web\n|-unboost|p1a: Milotic|spe|1\n|turn|4\n|inactive|xjppires has 120 seconds left.\n|\n|t:|1700019230\n|switch|p2a: Toxapex|Toxapex, M|100\/100\n|move|p1a: Milotic|Hypnosis|p2a: Toxapex\n|-status|p2a: Toxapex|slp|[from] move: Hypnosis\n|\n|upkeep\n|turn|5\n|inactive|xjppires has 120 seconds left.\n|\n|t:|1700019242\n|switch|p1a: Charizard|Charizard, M, shiny|100\/100\n|cant|p2a: Toxapex|slp\n|\n|upkeep\n|turn|6\n|inactive|xjppires has 120 seconds left.\n|\n|t:|1700019249\n|move|p1a: Charizard|Dragon Dance|p1a: Charizard\n|-boost|p1a: Charizard|atk|1\n|-boost|p1a: Charizard|spe|1\n|cant|p2a: Toxapex|slp\n|\n|upkeep\n|turn|7\n|\n|t:|1700019256\n|move|p1a: Charizard|Thunder Punch|p2a: Toxapex\n|-supereffective|p2a: Toxapex\n|-damage|p2a: Toxapex|54\/100 slp\n|-curestatus|p2a: Toxapex|slp|[msg]\n|move|p2a: Toxapex|Haze|p2a: Toxapex\n|-clearallboost\n|\n|-heal|p2a: Toxapex|60\/100|[from] item: Leftovers\n|upkeep\n|turn|8\n|\n|t:|1700019267\n|move|p1a: Charizard|Thunder Punch|p2a: Toxapex\n|-supereffective|p2a: Toxapex\n|-damage|p2a: Toxapex|28\/100\n|move|p2a: Toxapex|Recover|p2a: Toxapex\n|-heal|p2a: Toxapex|78\/100\n|\n|-heal|p2a: Toxapex|85\/100|[from] item: Leftovers\n|upkeep\n|turn|9\n|\n|t:|1700019277\n|move|p1a: Charizard|Dragon Dance|p1a: Charizard\n|-boost|p1a: Charizard|atk|1\n|-boost|p1a: Charizard|spe|1\n|move|p2a: Toxapex|Toxic|p1a: Charizard\n|-status|p1a: Charizard|tox\n|\n|-heal|p2a: Toxapex|91\/100|[from] item: Leftovers\n|-damage|p1a: Charizard|94\/100 tox|[from] psn\n|upkeep\n|turn|10\n|\n|t:|1700019287\n|move|p1a: Charizard|Dragon Dance|p1a: Charizard\n|-boost|p1a: Charizard|atk|1\n|-boost|p1a: Charizard|spe|1\n|move|p2a: Toxapex|Haze|p2a: Toxapex\n|-clearallboost\n|\n|-heal|p2a: Toxapex|97\/100|[from] item: Leftovers\n|-damage|p1a: Charizard|82\/100 tox|[from] psn\n|upkeep\n|turn|11\n|\n|t:|1700019308\n|move|p1a: Charizard|Dragon Dance|p1a: Charizard\n|-boost|p1a: Charizard|atk|1\n|-boost|p1a: Charizard|spe|1\n|move|p2a: Toxapex|Haze|p2a: Toxapex\n|-clearallboost\n|\n|-heal|p2a: Toxapex|100\/100|[from] item: Leftovers\n|-damage|p1a: Charizard|64\/100 tox|[from] psn\n|upkeep\n|turn|12\n|\n|t:|1700019324\n|move|p1a: Charizard|Thunder Punch|p2a: Toxapex\n|-supereffective|p2a: Toxapex\n|-damage|p2a: Toxapex|69\/100\n|move|p2a: Toxapex|Chilling Water|p1a: Charizard\n|-supereffective|p1a: Charizard\n|-damage|p1a: Charizard|38\/100 tox\n|-unboost|p1a: Charizard|atk|1\n|\n|-heal|p2a: Toxapex|75\/100|[from] item: Leftovers\n|-damage|p1a: Charizard|14\/100 tox|[from] psn\n|upkeep\n|-enditem|p1a: Charizard|Aguav Berry|[eat]\n|-heal|p1a: Charizard|47\/100 tox|[from] item: Aguav Berry\n|turn|13\n|\n|t:|1700019340\n|switch|p1a: Greninja|Greninja, M, shiny|100\/100\n|-activate|p1a: Greninja|move: Sticky Web\n|-unboost|p1a: Greninja|spe|1\n|move|p2a: Toxapex|Recover|p2a: Toxapex\n|-heal|p2a: Toxapex|100\/100\n|\n|upkeep\n|turn|14\n|inactive|xjppires has 120 seconds left.\n|\n|t:|1700019362\n|move|p1a: Greninja|Ice Beam|p2a: Toxapex\n|-start|p1a: Greninja|typechange|Ice|[from] ability: Protean\n|-resisted|p2a: Toxapex\n|-damage|p2a: Toxapex|87\/100\n|-status|p2a: Toxapex|frz\n|-curestatus|p2a: Toxapex|frz|[msg]\n|move|p2a: Toxapex|Toxic|p1a: Greninja\n|-status|p1a: Greninja|tox\n|\n|-heal|p2a: Toxapex|93\/100|[from] item: Leftovers\n|-damage|p1a: Greninja|95\/100 tox|[from] psn\n|upkeep\n|turn|15\n|inactive|xjppires has 120 seconds left.\n|\n|t:|1700019380\n|move|p1a: Greninja|Ice Beam|p2a: Toxapex\n|-resisted|p2a: Toxapex\n|-damage|p2a: Toxapex|80\/100\n|move|p2a: Toxapex|Chilling Water|p1a: Greninja\n|-damage|p1a: Greninja|77\/100 tox\n|-unboost|p1a: Greninja|atk|1\n|\n|-heal|p2a: Toxapex|86\/100|[from] item: Leftovers\n|-damage|p1a: Greninja|65\/100 tox|[from] psn\n|upkeep\n|turn|16\n|inactive|xjppires has 120 seconds left.\n|\n|t:|1700019393\n|switch|p1a: Scizor|Scizor, M|100\/100\n|-activate|p1a: Scizor|move: Sticky Web\n|-unboost|p1a: Scizor|spe|1\n|move|p2a: Toxapex|Chilling Water|p1a: Scizor\n|-damage|p1a: Scizor|87\/100\n|-unboost|p1a: Scizor|atk|1\n|\n|-heal|p2a: Toxapex|92\/100|[from] item: Leftovers\n|upkeep\n|turn|17\n|inactive|xjppires has 120 seconds left.\n|\n|t:|1700019408\n|move|p1a: Scizor|Defog|p2a: Toxapex\n|-unboost|p2a: Toxapex|evasion|1\n|-sideend|p1: xjppires|Sticky Web|[from] move: Defog|[of] p1a: Scizor\n|move|p2a: Toxapex|Chilling Water|p1a: Scizor\n|-damage|p1a: Scizor|75\/100\n|-unboost|p1a: Scizor|atk|1\n|\n|-heal|p2a: Toxapex|99\/100|[from] item: Leftovers\n|upkeep\n|turn|18\n|inactive|xjppires has 120 seconds left.\n|\n|t:|1700019420\n|move|p1a: Scizor|Swords Dance|p1a: Scizor\n|-boost|p1a: Scizor|atk|2\n|move|p2a: Toxapex|Chilling Water|p1a: Scizor\n|-damage|p1a: Scizor|62\/100\n|-unboost|p1a: Scizor|atk|1\n|\n|-heal|p2a: Toxapex|100\/100|[from] item: Leftovers\n|upkeep\n|turn|19\n|inactive|xjppires has 120 seconds left.\n|\n|t:|1700019430\n|move|p1a: Scizor|Bullet Punch|p2a: Toxapex\n|-resisted|p2a: Toxapex\n|-damage|p2a: Toxapex|93\/100\n|move|p2a: Toxapex|Chilling Water|p1a: Scizor\n|-damage|p1a: Scizor|50\/100\n|-unboost|p1a: Scizor|atk|1\n|\n|-heal|p2a: Toxapex|99\/100|[from] item: Leftovers\n|upkeep\n|turn|20\n|inactive|xjppires has 120 seconds left.\n|c|\u2606SWAG_MASSIAH|lmao\n|c|\u2606xjppires|Play Just Man\n|inactive|xjppires has 90 seconds left.\n|c|\u2606xjppires|Your trash\n|\n|t:|1700019481\n|switch|p1a: Milotic|Milotic, F|100\/100\n|move|p2a: Toxapex|Chilling Water|p1a: Milotic\n|-resisted|p1a: Milotic\n|-damage|p1a: Milotic|97\/100\n|-unboost|p1a: Milotic|atk|1\n|\n|-heal|p1a: Milotic|100\/100|[from] item: Leftovers\n|-heal|p2a: Toxapex|100\/100|[from] item: Leftovers\n|upkeep\n|turn|21\n|c|\u2606SWAG_MASSIAH|im playing your team is just bad\n|\n|t:|1700019493\n|move|p2a: Toxapex|Toxic|p1a: Milotic\n|-status|p1a: Milotic|tox\n|move|p1a: Milotic|Mirror Coat||[still]\n|-fail|p1a: Milotic\n|\n|-damage|p1a: Milotic|94\/100 tox|[from] psn\n|upkeep\n|turn|22\n|-message|xjppires forfeited.\n|\n|win|SWAG_MASSIAH\n|raw|xjppires's rating: 1068 &rarr; <strong>1050<\/strong><br \/>(-18 for losing)\n|raw|SWAG_MASSIAH's rating: 1110 &rarr; <strong>1132<\/strong><br \/>(+22 for winning)\n|l|\u2606xjppires\n","uploadtime":1700019523,"views":6,"p1id":"xjppires","p2id":"swagmassiah","formatid":"gen9ou","rating":1050,"private":0,"password":""}