{"id":"gen9ou-1988656342","p1":"Soralax","p2":"Gezard","format":"[Gen 9] OU","log":"|j|\u2606Soralax\n|j|\u2606Gezard\n|t:|1699746944\n|gametype|singles\n|player|p1|Soralax|102|1047\n|player|p2|Gezard|benga|1072\n|teamsize|p1|6\n|teamsize|p2|6\n|gen|9\n|tier|[Gen 9] OU\n|rated|\n|rule|Sleep Clause Mod: Limit one foe put to sleep\n|rule|Species Clause: Limit one of each Pok\u00e9mon\n|rule|OHKO Clause: OHKO moves are banned\n|rule|Evasion Items Clause: Evasion items are banned\n|rule|Evasion Moves Clause: Evasion moves are banned\n|rule|Endless Battle Clause: Forcing endless battles is banned\n|rule|HP Percentage Mod: HP is shown in percentages\n|clearpoke\n|poke|p1|Grafaiai, M|\n|poke|p1|Clodsire, F|\n|poke|p1|Glimmora, F|\n|poke|p1|Toxapex, F|\n|poke|p1|Iron Moth|\n|poke|p1|Hydreigon, M|\n|poke|p2|Dragapult, F|\n|poke|p2|Skeledirge, M|\n|poke|p2|Mandibuzz, F|\n|poke|p2|Weezing-Galar, M|\n|poke|p2|Milotic, M|\n|poke|p2|Gliscor, M|\n|teampreview\n|c|\u2606Soralax|glhf\n|c|\u2606Gezard|u2\n|\n|t:|1699746955\n|start\n|switch|p1a: Van|Grafaiai, M|100\/100\n|switch|p2a: Gliscor|Gliscor, M|100\/100\n|turn|1\n|inactive|Battle timer is ON: inactive players will automatically lose when time's up. (requested by Gezard)\n|\n|t:|1699746969\n|move|p2a: Gliscor|Protect|p2a: Gliscor\n|-singleturn|p2a: Gliscor|Protect\n|move|p1a: Van|Knock Off|p2a: Gliscor\n|-activate|p2a: Gliscor|move: Protect\n|\n|-status|p2a: Gliscor|tox|[from] item: Toxic Orb\n|upkeep\n|turn|2\n|\n|t:|1699746979\n|move|p1a: Van|Encore|p2a: Gliscor\n|-start|p2a: Gliscor|Encore\n|move|p2a: Gliscor|Protect||[still]\n|-fail|p2a: Gliscor\n|\n|upkeep\n|turn|3\n|\n|t:|1699747007\n|switch|p2a: Mandibuzz|Mandibuzz, F|100\/100\n|move|p1a: Van|Parting Shot|p2a: Mandibuzz\n|-hint|Since gen 7, Dark is immune to Prankster moves.\n|-immune|p2a: Mandibuzz\n|\n|upkeep\n|turn|4\n|\n|t:|1699747022\n|switch|p1a: Heracles|Hydreigon, M|100\/100\n|move|p2a: Mandibuzz|Foul Play|p1a: Heracles\n|-resisted|p1a: Heracles\n|-damage|p1a: Heracles|84\/100\n|\n|upkeep\n|turn|5\n|\n|t:|1699747034\n|switch|p2a: Weezing|Weezing-Galar, M|100\/100\n|-ability|p2a: Weezing|Neutralizing Gas\n|-terastallize|p1a: Heracles|Poison\n|move|p1a: Heracles|Nasty Plot|p1a: Heracles\n|-boost|p1a: Heracles|spa|2\n|\n|upkeep\n|turn|6\n|inactive|Gezard has 120 seconds left.\n|\n|t:|1699747056\n|move|p1a: Heracles|Earth Power|p2a: Weezing\n|-supereffective|p2a: Weezing\n|-damage|p2a: Weezing|0 fnt\n|faint|p2a: Weezing\n|-end|p2a: Weezing|ability: Neutralizing Gas\n|-damage|p1a: Heracles|74\/100|[from] item: Life Orb\n|\n|upkeep\n|\n|t:|1699747068\n|switch|p2a: Dragapult|Dragapult, F|100\/100\n|turn|7\n|\n|t:|1699747074\n|move|p2a: Dragapult|Draco Meteor|p1a: Heracles|[miss]\n|-miss|p2a: Dragapult|p1a: Heracles\n|move|p1a: Heracles|Dark Pulse|p2a: Dragapult\n|-supereffective|p2a: Dragapult\n|-damage|p2a: Dragapult|0 fnt\n|faint|p2a: Dragapult\n|-damage|p1a: Heracles|64\/100|[from] item: Life Orb\n|\n|upkeep\n|\n|t:|1699747090\n|switch|p2a: Gliscor|Gliscor, M|100\/100 tox\n|turn|8\n|\n|t:|1699747104\n|move|p2a: Gliscor|Protect|p2a: Gliscor\n|-singleturn|p2a: Gliscor|Protect\n|move|p1a: Heracles|Nasty Plot|p1a: Heracles\n|-boost|p1a: Heracles|spa|2\n|\n|upkeep\n|turn|9\n|\n|t:|1699747111\n|move|p1a: Heracles|Draco Meteor|p2a: Gliscor\n|-damage|p2a: Gliscor|0 fnt\n|-unboost|p1a: Heracles|spa|2\n|faint|p2a: Gliscor\n|-damage|p1a: Heracles|55\/100|[from] item: Life Orb\n|\n|upkeep\n|c|\u2606Gezard|that miss t.t\n|-message|Gezard forfeited.\n|\n|win|Soralax\n|raw|Soralax's rating: 1047 &rarr; <strong>1082<\/strong><br \/>(+35 for winning)\n|raw|Gezard's rating: 1072 &rarr; <strong>1050<\/strong><br \/>(-22 for losing)\n|l|\u2606Gezard\n|c|\u2606Soralax|gg\n","uploadtime":1699747144,"views":24,"p1id":"soralax","p2id":"gezard","formatid":"gen9ou","rating":1050,"private":0,"password":""}