{"id":"gen9ou-1992411603","p1":"Dc12345","p2":"lehuynhan","format":"[Gen 9] OU","log":"|j|\u2606Dc12345\n|j|\u2606lehuynhan\n|t:|1700184473\n|gametype|singles\n|player|p1|Dc12345|cynthia-gen4|1083\n|player|p2|lehuynhan|2|1107\n|teamsize|p1|6\n|teamsize|p2|6\n|gen|9\n|tier|[Gen 9] OU\n|rated|\n|rule|Sleep Clause Mod: Limit one foe put to sleep\n|rule|Species Clause: Limit one of each Pok\u00e9mon\n|rule|OHKO Clause: OHKO moves are banned\n|rule|Evasion Items Clause: Evasion items are banned\n|rule|Evasion Moves Clause: Evasion moves are banned\n|rule|Endless Battle Clause: Forcing endless battles is banned\n|rule|HP Percentage Mod: HP is shown in percentages\n|clearpoke\n|poke|p1|Ogerpon-Wellspring, F|\n|poke|p1|Ting-Lu|\n|poke|p1|Chesnaught, F|\n|poke|p1|Toxapex, F|\n|poke|p1|Sneasler, M|\n|poke|p1|Iron Moth|\n|poke|p2|Poliwrath, M|\n|poke|p2|Pelipper, M|\n|poke|p2|Overqwil, M|\n|poke|p2|Rillaboom, M|\n|poke|p2|Iron Treads|\n|poke|p2|Zapdos|\n|teampreview\n|inactive|Battle timer is ON: inactive players will automatically lose when time's up. (requested by lehuynhan)\n|\n|t:|1700184485\n|start\n|switch|p1a: Ting-Lu|Ting-Lu|100\/100\n|switch|p2a: Rillaboom|Rillaboom, M|100\/100\n|-fieldstart|move: Grassy Terrain|[from] ability: Grassy Surge|[of] p2a: Rillaboom\n|-ability|p1a: Ting-Lu|Vessel of Ruin\n|turn|1\n|\n|t:|1700184500\n|move|p2a: Rillaboom|Wood Hammer|p1a: Ting-Lu\n|-supereffective|p1a: Ting-Lu\n|-damage|p1a: Ting-Lu|0 fnt\n|faint|p1a: Ting-Lu\n|-damage|p2a: Rillaboom|52\/100|[from] Recoil\n|\n|-heal|p2a: Rillaboom|58\/100|[from] Grassy Terrain\n|upkeep\n|\n|t:|1700184512\n|switch|p1a: Toxapex|Toxapex, F|100\/100\n|turn|2\n|\n|t:|1700184516\n|move|p2a: Rillaboom|Wood Hammer|p1a: Toxapex\n|-damage|p1a: Toxapex|0 fnt\n|faint|p1a: Toxapex\n|-damage|p2a: Rillaboom|34\/100|[from] Recoil\n|\n|-heal|p2a: Rillaboom|40\/100|[from] Grassy Terrain\n|upkeep\n|\n|t:|1700184526\n|switch|p1a: Chesnaught|Chesnaught, F|100\/100\n|turn|3\n|\n|t:|1700184533\n|switch|p2a: Zapdos|Zapdos|100\/100\n|move|p1a: Chesnaught|Rock Slide|p2a: Zapdos\n|-supereffective|p2a: Zapdos\n|-damage|p2a: Zapdos|48\/100\n|\n|upkeep\n|turn|4\n|\n|t:|1700184541\n|move|p2a: Zapdos|Hurricane|p1a: Chesnaught\n|-supereffective|p1a: Chesnaught\n|-damage|p1a: Chesnaught|0 fnt\n|faint|p1a: Chesnaught\n|\n|upkeep\n|\n|t:|1700184549\n|switch|p1a: Iron Moth|Iron Moth|100\/100\n|turn|5\n|\n|t:|1700184556\n|switch|p2a: Pelipper|Pelipper, M|100\/100\n|-weather|RainDance|[from] ability: Drizzle|[of] p2a: Pelipper\n|move|p1a: Iron Moth|Energy Ball|p2a: Pelipper\n|-damage|p2a: Pelipper|56\/100\n|\n|-weather|RainDance|[upkeep]\n|-fieldend|move: Grassy Terrain\n|upkeep\n|turn|6\n|\n|t:|1700184567\n|-end|p1a: Iron Moth|Quark Drive|[silent]\n|switch|p1a: Ogerpon|Ogerpon-Wellspring, F|100\/100\n|move|p2a: Pelipper|U-turn|p1a: Ogerpon\n|-supereffective|p1a: Ogerpon\n|-damage|p1a: Ogerpon|81\/100\n|\n|t:|1700184574\n|switch|p2a: Overqwil|Overqwil, M|100\/100|[from] U-turn\n|\n|-weather|RainDance|[upkeep]\n|upkeep\n|turn|7\n|\n|t:|1700184580\n|move|p2a: Overqwil|Gunk Shot|p1a: Ogerpon\n|-supereffective|p1a: Ogerpon\n|-damage|p1a: Ogerpon|0 fnt\n|faint|p1a: Ogerpon\n|-damage|p2a: Overqwil|91\/100|[from] item: Life Orb\n|\n|-weather|RainDance|[upkeep]\n|upkeep\n|-message|Dc12345 forfeited.\n|\n|win|lehuynhan\n|raw|Dc12345's rating: 1083 &rarr; <strong>1062<\/strong><br \/>(-21 for losing)\n|raw|lehuynhan's rating: 1107 &rarr; <strong>1130<\/strong><br \/>(+23 for winning)\n|l|\u2606Dc12345\n","uploadtime":1700184601,"views":10,"p1id":"dc12345","p2id":"lehuynhan","formatid":"gen9ou","rating":1062,"private":0,"password":""}