{"id":"gen9ou-1997008018","p1":"KatKittyKat","p2":"rihimera","format":"[Gen 9] OU","log":"|j|\u2606KatKittyKat\n|j|\u2606rihimera\n|t:|1700755091\n|gametype|singles\n|player|p1|KatKittyKat|jupiter|1232\n|player|p2|rihimera|skier|1201\n|teamsize|p1|6\n|teamsize|p2|6\n|gen|9\n|tier|[Gen 9] OU\n|rated|\n|rule|Sleep Clause Mod: Limit one foe put to sleep\n|rule|Species Clause: Limit one of each Pok\u00e9mon\n|rule|OHKO Clause: OHKO moves are banned\n|rule|Evasion Items Clause: Evasion items are banned\n|rule|Evasion Moves Clause: Evasion moves are banned\n|rule|Endless Battle Clause: Forcing endless battles is banned\n|rule|HP Percentage Mod: HP is shown in percentages\n|clearpoke\n|poke|p1|Iron Leaves|\n|poke|p1|Scizor, F|\n|poke|p1|Thundurus-Therian, M|\n|poke|p1|Ninetales-Alola, F|\n|poke|p1|Dondozo, F|\n|poke|p1|Skeledirge, M|\n|poke|p2|Iron Leaves|\n|poke|p2|Iron Moth|\n|poke|p2|Forretress, F|\n|poke|p2|Thundurus, M|\n|poke|p2|Iron Valiant|\n|poke|p2|Iron Treads|\n|teampreview\n|\n|t:|1700755103\n|start\n|switch|p1a: Dondozo|Dondozo, F|100\/100\n|switch|p2a: Energizer|Thundurus, M|100\/100\n|turn|1\n|inactive|Battle timer is ON: inactive players will automatically lose when time's up. (requested by rihimera)\n|\n|t:|1700755118\n|switch|p1a: Iron Leaves|Iron Leaves|100\/100\n|move|p2a: Energizer|Taunt|p1a: Iron Leaves\n|-start|p1a: Iron Leaves|move: Taunt\n|\n|upkeep\n|turn|2\n|\n|t:|1700755125\n|move|p2a: Energizer|Electric Terrain|p2a: Energizer\n|-fieldstart|move: Electric Terrain\n|-activate|p1a: Iron Leaves|ability: Quark Drive\n|-start|p1a: Iron Leaves|quarkdriveatk\n|move|p1a: Iron Leaves|Trailblaze|p2a: Energizer\n|-resisted|p2a: Energizer\n|-damage|p2a: Energizer|80\/100\n|-boost|p1a: Iron Leaves|spe|1\n|\n|upkeep\n|turn|3\n|\n|t:|1700755134\n|move|p2a: Energizer|Thunder Wave|p1a: Iron Leaves\n|-status|p1a: Iron Leaves|par\n|move|p1a: Iron Leaves|Psyblade|p2a: Energizer\n|-damage|p2a: Energizer|0 fnt\n|faint|p2a: Energizer\n|\n|-end|p1a: Iron Leaves|move: Taunt\n|upkeep\n|\n|t:|1700755152\n|switch|p2a: Volcanix|Iron Moth|100\/100\n|-activate|p2a: Volcanix|ability: Quark Drive\n|-start|p2a: Volcanix|quarkdrivespa\n|turn|4\n|\n|t:|1700755159\n|-terastallize|p1a: Iron Leaves|Fighting\n|move|p2a: Volcanix|Sludge Wave|p1a: Iron Leaves\n|-damage|p1a: Iron Leaves|31\/100 par\n|move|p1a: Iron Leaves|Psyblade|p2a: Volcanix\n|-supereffective|p2a: Volcanix\n|-damage|p2a: Volcanix|0 fnt\n|faint|p2a: Volcanix\n|-end|p2a: Volcanix|Quark Drive|[silent]\n|\n|upkeep\n|\n|t:|1700755168\n|switch|p2a: Verizion Prime|Iron Leaves|100\/100\n|-activate|p2a: Verizion Prime|ability: Quark Drive\n|-start|p2a: Verizion Prime|quarkdriveatk\n|turn|5\n|\n|t:|1700755181\n|move|p2a: Verizion Prime|Psyblade|p1a: Iron Leaves\n|-supereffective|p1a: Iron Leaves\n|-damage|p1a: Iron Leaves|0 fnt\n|faint|p1a: Iron Leaves\n|-end|p1a: Iron Leaves|Quark Drive|[silent]\n|-damage|p2a: Verizion Prime|91\/100|[from] item: Life Orb\n|\n|upkeep\n|c|\u2606rihimera|Damn ur one of the only ppl that know how good iron leaves is\n|\n|t:|1700755190\n|switch|p1a: Thundurus|Thundurus-Therian, M|100\/100\n|turn|6\n|c|\u2606rihimera|Ur a real one\n|\n|t:|1700755204\n|move|p1a: Thundurus|Focus Blast|p2a: Verizion Prime|[miss]\n|-miss|p1a: Thundurus|p2a: Verizion Prime\n|move|p2a: Verizion Prime|Psyblade|p1a: Thundurus\n|-damage|p1a: Thundurus|0 fnt\n|faint|p1a: Thundurus\n|-damage|p2a: Verizion Prime|81\/100|[from] item: Life Orb\n|\n|upkeep\n|\n|t:|1700755211\n|switch|p1a: Scizor|Scizor, F|100\/100\n|turn|7\n|\n|t:|1700755216\n|move|p2a: Verizion Prime|Sacred Sword|p1a: Scizor\n|-damage|p1a: Scizor|46\/100\n|-damage|p2a: Verizion Prime|71\/100|[from] item: Life Orb\n|move|p1a: Scizor|Defog|p2a: Verizion Prime\n|-unboost|p2a: Verizion Prime|evasion|1\n|-fieldend|move: Electric Terrain\n|-end|p2a: Verizion Prime|Quark Drive\n|\n|-heal|p1a: Scizor|52\/100|[from] item: Leftovers\n|upkeep\n|turn|8\n|\n|t:|1700755229\n|move|p2a: Verizion Prime|Sacred Sword|p1a: Scizor\n|-damage|p1a: Scizor|10\/100\n|-damage|p2a: Verizion Prime|61\/100|[from] item: Life Orb\n|move|p1a: Scizor|U-turn|p2a: Verizion Prime\n|-supereffective|p2a: Verizion Prime\n|-damage|p2a: Verizion Prime|0 fnt\n|faint|p2a: Verizion Prime\n|-end|p2a: Verizion Prime|Quark Drive|[silent]\n|\n|t:|1700755239\n|switch|p1a: Skeledirge|Skeledirge, M|100\/100|[from] U-turn\n|\n|upkeep\n|\n|t:|1700755254\n|switch|p2a: Galladion|Iron Valiant|100\/100\n|turn|9\n|\n|t:|1700755266\n|switch|p1a: Ninetales|Ninetales-Alola, F|100\/100\n|-weather|Snow|[from] ability: Snow Warning|[of] p1a: Ninetales\n|move|p2a: Galladion|Shadow Ball|p1a: Ninetales\n|-damage|p1a: Ninetales|81\/100\n|\n|-weather|Snow|[upkeep]\n|upkeep\n|turn|10\n|\n|t:|1700755283\n|move|p2a: Galladion|Moonblast|p1a: Ninetales\n|-damage|p1a: Ninetales|49\/100\n|-unboost|p1a: Ninetales|spa|1\n|move|p1a: Ninetales|Aurora Veil|p1a: Ninetales\n|-sidestart|p1: KatKittyKat|move: Aurora Veil\n|\n|-weather|Snow|[upkeep]\n|upkeep\n|turn|11\n|\n|t:|1700755290\n|move|p2a: Galladion|Moonblast|p1a: Ninetales\n|-damage|p1a: Ninetales|34\/100\n|move|p1a: Ninetales|Moonblast|p2a: Galladion\n|-supereffective|p2a: Galladion\n|-damage|p2a: Galladion|38\/100\n|-unboost|p2a: Galladion|spa|1\n|\n|-weather|Snow|[upkeep]\n|upkeep\n|turn|12\n|\n|t:|1700755298\n|move|p2a: Galladion|Moonblast|p1a: Ninetales\n|-damage|p1a: Ninetales|23\/100\n|-unboost|p1a: Ninetales|spa|1\n|move|p1a: Ninetales|Moonblast|p2a: Galladion\n|-supereffective|p2a: Galladion\n|-damage|p2a: Galladion|0 fnt\n|faint|p2a: Galladion\n|-end|p2a: Galladion|Quark Drive|[silent]\n|\n|-weather|Snow|[upkeep]\n|upkeep\n|\n|t:|1700755301\n|switch|p2a: Forretank|Forretress, F|100\/100\n|turn|13\n|\n|t:|1700755306\n|switch|p1a: Skeledirge|Skeledirge, M|100\/100\n|move|p2a: Forretank|Stealth Rock|p1a: Skeledirge\n|-sidestart|p1: KatKittyKat|move: Stealth Rock\n|\n|-weather|none\n|upkeep\n|turn|14\n|\n|t:|1700755313\n|-terastallize|p2a: Forretank|Fire\n|move|p1a: Skeledirge|Torch Song|p2a: Forretank\n|-resisted|p2a: Forretank\n|-damage|p2a: Forretank|71\/100\n|-boost|p1a: Skeledirge|spa|1\n|move|p2a: Forretank|Gyro Ball|p1a: Skeledirge\n|-resisted|p1a: Skeledirge\n|-damage|p1a: Skeledirge|97\/100\n|\n|-heal|p1a: Skeledirge|100\/100|[from] item: Leftovers\n|-heal|p2a: Forretank|77\/100|[from] item: Leftovers\n|upkeep\n|turn|15\n|\n|t:|1700755324\n|move|p1a: Skeledirge|Earth Power|p2a: Forretank\n|-supereffective|p2a: Forretank\n|-damage|p2a: Forretank|0 fnt\n|faint|p2a: Forretank\n|\n|upkeep\n|\n|t:|1700755327\n|switch|p2a: Steamroller|Iron Treads|100\/100\n|turn|16\n|\n|t:|1700755330\n|move|p2a: Steamroller|Earthquake|p1a: Skeledirge\n|-supereffective|p1a: Skeledirge\n|-damage|p1a: Skeledirge|54\/100\n|-damage|p2a: Steamroller|91\/100|[from] item: Life Orb\n|move|p1a: Skeledirge|Torch Song|p2a: Steamroller\n|-supereffective|p2a: Steamroller\n|-damage|p2a: Steamroller|0 fnt\n|-boost|p1a: Skeledirge|spa|1\n|faint|p2a: Steamroller\n|-end|p2a: Steamroller|Quark Drive|[silent]\n|\n|win|KatKittyKat\n|raw|KatKittyKat's rating: 1232 &rarr; <strong>1255<\/strong><br \/>(+23 for winning)\n|raw|rihimera's rating: 1201 &rarr; <strong>1178<\/strong><br \/>(-23 for losing)\n|l|\u2606rihimera\n|c|\u2606KatKittyKat|gg\n","uploadtime":1700755344,"views":0,"p1id":"katkittykat","p2id":"rihimera","formatid":"gen9ou","rating":1178,"private":0,"password":""}