{"id":"gen9ou-1989187908","p1":"JustTweety","p2":"acej13","format":"[Gen 9] OU","log":"|j|\u2606JustTweety\n|j|\u2606acej13\n|t:|1699821450\n|gametype|singles\n|player|p1|JustTweety|silver|1022\n|player|p2|acej13|wicke|1057\n|teamsize|p1|6\n|teamsize|p2|6\n|gen|9\n|tier|[Gen 9] OU\n|rated|\n|rule|Sleep Clause Mod: Limit one foe put to sleep\n|rule|Species Clause: Limit one of each Pok\u00e9mon\n|rule|OHKO Clause: OHKO moves are banned\n|rule|Evasion Items Clause: Evasion items are banned\n|rule|Evasion Moves Clause: Evasion moves are banned\n|rule|Endless Battle Clause: Forcing endless battles is banned\n|rule|HP Percentage Mod: HP is shown in percentages\n|clearpoke\n|poke|p1|Kingambit, F|\n|poke|p1|Polteageist|\n|poke|p1|Hatterene, F|\n|poke|p1|Dragonite, F|\n|poke|p1|Clodsire, M|\n|poke|p1|Decidueye-Hisui, F|\n|poke|p2|Ogerpon-Cornerstone, F|\n|poke|p2|Sneasler, M|\n|poke|p2|Goodra-Hisui, F|\n|poke|p2|Milotic, F|\n|poke|p2|Salamence, M|\n|poke|p2|Zoroark-Hisui, M|\n|teampreview\n|inactive|Battle timer is ON: inactive players will automatically lose when time's up. (requested by acej13)\n|\n|t:|1699821480\n|start\n|switch|p1a: Lady Lamp|Hatterene, F|100\/100\n|switch|p2a: Fiona|Ogerpon-Cornerstone, F|100\/100\n|turn|1\n|\n|t:|1699821509\n|move|p2a: Fiona|Swords Dance|p2a: Fiona\n|-boost|p2a: Fiona|atk|2\n|move|p1a: Lady Lamp|Trick Room|p1a: Lady Lamp\n|-fieldstart|move: Trick Room|[of] p1a: Lady Lamp\n|\n|upkeep\n|turn|2\n|\n|t:|1699821534\n|move|p1a: Lady Lamp|Giga Drain|p2a: Fiona\n|-damage|p2a: Fiona|64\/100\n|move|p2a: Fiona|Ivy Cudgel|p1a: Lady Lamp\n|-crit|p1a: Lady Lamp\n|-damage|p1a: Lady Lamp|0 fnt\n|faint|p1a: Lady Lamp\n|\n|upkeep\n|inactive|JustTweety has 120 seconds left.\n|\n|t:|1699821544\n|switch|p1a: PunchyOwl|Decidueye-Hisui, F|100\/100\n|turn|3\n|inactive|acej13 has 120 seconds left.\n|\n|t:|1699821577\n|move|p2a: Fiona|Quick Attack|p1a: PunchyOwl\n|-damage|p1a: PunchyOwl|68\/100\n|move|p1a: PunchyOwl|Close Combat|p2a: Fiona\n|-supereffective|p2a: Fiona\n|-damage|p2a: Fiona|0 fnt\n|-unboost|p1a: PunchyOwl|def|1\n|-unboost|p1a: PunchyOwl|spd|1\n|faint|p2a: Fiona\n|\n|-heal|p1a: PunchyOwl|74\/100|[from] item: Leftovers\n|upkeep\n|\n|t:|1699821592\n|switch|p2a: Reaper|Sneasler, M|100\/100\n|-ability|p2a: Reaper|Pressure\n|turn|4\n|\n|t:|1699821610\n|-terastallize|p2a: Reaper|Flying\n|move|p1a: PunchyOwl|Close Combat|p2a: Reaper\n|-resisted|p2a: Reaper\n|-damage|p2a: Reaper|44\/100\n|-unboost|p1a: PunchyOwl|def|1\n|-unboost|p1a: PunchyOwl|spd|1\n|move|p2a: Reaper|Acrobatics|p1a: PunchyOwl\n|-supereffective|p1a: PunchyOwl\n|-damage|p1a: PunchyOwl|0 fnt\n|faint|p1a: PunchyOwl\n|\n|upkeep\n|inactive|JustTweety has 120 seconds left.\n|\n|t:|1699821641\n|switch|p1a: Itsdamfteapot|Polteageist|100\/100\n|turn|5\n|\n|t:|1699821653\n|move|p1a: Itsdamfteapot|Shadow Ball|p2a: Reaper\n|-damage|p2a: Reaper|0 fnt\n|faint|p2a: Reaper\n|\n|-fieldend|move: Trick Room\n|upkeep\n|\n|t:|1699821664\n|switch|p2a: BloodMoon|Salamence, M|100\/100\n|turn|6\n|inactive|JustTweety has 120 seconds left.\n|\n|t:|1699821679\n|move|p2a: BloodMoon|Nasty Plot|p2a: BloodMoon\n|-boost|p2a: BloodMoon|spa|2\n|move|p1a: Itsdamfteapot|Shell Smash|p1a: Itsdamfteapot\n|-unboost|p1a: Itsdamfteapot|def|1\n|-unboost|p1a: Itsdamfteapot|spd|1\n|-boost|p1a: Itsdamfteapot|atk|2\n|-boost|p1a: Itsdamfteapot|spa|2\n|-boost|p1a: Itsdamfteapot|spe|2\n|\n|upkeep\n|turn|7\n|inactive|JustTweety has 120 seconds left.\n|\n|t:|1699821693\n|move|p1a: Itsdamfteapot|Stored Power|p2a: BloodMoon\n|-enditem|p2a: BloodMoon|Focus Sash\n|-damage|p2a: BloodMoon|1\/100\n|replace|p2a: Zoro|Zoroark-Hisui, M, shiny\n|-end|p2a: Zoro|Illusion\n|move|p2a: Zoro|Bitter Malice|p1a: Itsdamfteapot\n|-supereffective|p1a: Itsdamfteapot\n|-enditem|p1a: Itsdamfteapot|Focus Sash\n|-damage|p1a: Itsdamfteapot|1\/100\n|-unboost|p1a: Itsdamfteapot|atk|1\n|\n|upkeep\n|turn|8\n|inactive|JustTweety has 120 seconds left.\n|\n|t:|1699821712\n|move|p1a: Itsdamfteapot|Shell Smash|p1a: Itsdamfteapot\n|-unboost|p1a: Itsdamfteapot|def|1\n|-unboost|p1a: Itsdamfteapot|spd|1\n|-boost|p1a: Itsdamfteapot|atk|2\n|-boost|p1a: Itsdamfteapot|spa|2\n|-boost|p1a: Itsdamfteapot|spe|2\n|move|p2a: Zoro|Psychic|p1a: Itsdamfteapot\n|-damage|p1a: Itsdamfteapot|0 fnt\n|faint|p1a: Itsdamfteapot\n|\n|upkeep\n|\n|t:|1699821728\n|switch|p1a: Stupid|Clodsire, M|100\/100\n|turn|9\n|\n|t:|1699821739\n|move|p2a: Zoro|Psychic|p1a: Stupid\n|-supereffective|p1a: Stupid\n|-damage|p1a: Stupid|70\/100\n|-unboost|p1a: Stupid|spd|1\n|move|p1a: Stupid|Earthquake|p2a: Zoro\n|-damage|p2a: Zoro|0 fnt\n|faint|p2a: Zoro\n|\n|-heal|p1a: Stupid|76\/100|[from] item: Black Sludge\n|upkeep\n|\n|t:|1699821754\n|switch|p2a: Ariel|Milotic, F, shiny|100\/100\n|turn|10\n|\n|t:|1699821766\n|move|p2a: Ariel|Scald|p1a: Stupid\n|-supereffective|p1a: Stupid\n|-damage|p1a: Stupid|17\/100\n|-status|p1a: Stupid|brn\n|move|p1a: Stupid|Yawn|p2a: Ariel\n|-start|p2a: Ariel|move: Yawn|[of] p1a: Stupid\n|\n|-heal|p1a: Stupid|23\/100 brn|[from] item: Black Sludge\n|-damage|p1a: Stupid|17\/100 brn|[from] brn\n|-status|p2a: Ariel|brn|[from] item: Flame Orb\n|upkeep\n|turn|11\n|\n|t:|1699821786\n|move|p1a: Stupid|Protect|p1a: Stupid\n|-singleturn|p1a: Stupid|Protect\n|move|p2a: Ariel|Light Screen|p2a: Ariel\n|-sidestart|p2: acej13|move: Light Screen\n|\n|-heal|p1a: Stupid|23\/100 brn|[from] item: Black Sludge\n|-damage|p2a: Ariel|94\/100 brn|[from] brn\n|-damage|p1a: Stupid|17\/100 brn|[from] brn\n|-end|p2a: Ariel|move: Yawn|[silent]\n|upkeep\n|turn|12\n|\n|t:|1699821811\n|move|p2a: Ariel|Scald|p1a: Stupid\n|-supereffective|p1a: Stupid\n|-damage|p1a: Stupid|0 fnt\n|faint|p1a: Stupid\n|\n|-damage|p2a: Ariel|88\/100 brn|[from] brn\n|upkeep\n|\n|t:|1699821823\n|switch|p1a: Chubs|Dragonite, F|100\/100\n|turn|13\n|\n|t:|1699821834\n|move|p2a: Ariel|Ice Beam|p1a: Chubs\n|-supereffective|p1a: Chubs\n|-damage|p1a: Chubs|50\/100\n|move|p1a: Chubs|Dragon Dance|p1a: Chubs\n|-boost|p1a: Chubs|atk|1\n|-boost|p1a: Chubs|spe|1\n|\n|-heal|p1a: Chubs|56\/100|[from] item: Leftovers\n|-damage|p2a: Ariel|82\/100 brn|[from] brn\n|upkeep\n|turn|14\n|\n|t:|1699821849\n|-terastallize|p1a: Chubs|Normal\n|move|p1a: Chubs|Extreme Speed|p2a: Ariel\n|-damage|p2a: Ariel|33\/100 brn\n|move|p2a: Ariel|Ice Beam|p1a: Chubs\n|-damage|p1a: Chubs|34\/100\n|\n|-heal|p1a: Chubs|40\/100|[from] item: Leftovers\n|-damage|p2a: Ariel|27\/100 brn|[from] brn\n|upkeep\n|turn|15\n|inactive|JustTweety has 90 seconds left.\n|\n|t:|1699821868\n|move|p2a: Ariel|Protect|p2a: Ariel\n|-singleturn|p2a: Ariel|Protect\n|move|p1a: Chubs|Extreme Speed|p2a: Ariel\n|-activate|p2a: Ariel|move: Protect\n|\n|-heal|p1a: Chubs|47\/100|[from] item: Leftovers\n|-damage|p2a: Ariel|21\/100 brn|[from] brn\n|-sideend|p2: acej13|move: Light Screen\n|upkeep\n|turn|16\n|inactive|JustTweety has 90 seconds left.\n|\n|t:|1699821885\n|move|p1a: Chubs|Extreme Speed|p2a: Ariel\n|-damage|p2a: Ariel|0 fnt\n|faint|p2a: Ariel\n|\n|-heal|p1a: Chubs|53\/100|[from] item: Leftovers\n|upkeep\n|\n|t:|1699821891\n|switch|p2a: BloodMoon|Salamence, M|100\/100\n|-ability|p2a: BloodMoon|Intimidate|boost\n|-unboost|p1a: Chubs|atk|1\n|turn|17\n|\n|t:|1699821899\n|move|p2a: BloodMoon|Dual Wingbeat|p1a: Chubs\n|-damage|p1a: Chubs|31\/100\n|-damage|p1a: Chubs|9\/100\n|-hitcount|p1a: Chubs|2\n|move|p1a: Chubs|Ice Spinner|p2a: BloodMoon\n|-supereffective|p2a: BloodMoon\n|-damage|p2a: BloodMoon|0 fnt\n|faint|p2a: BloodMoon\n|\n|-heal|p1a: Chubs|15\/100|[from] item: Leftovers\n|upkeep\n|\n|t:|1699821908\n|switch|p2a: GODRA|Goodra-Hisui, F|100\/100\n|turn|18\n|inactive|acej13 has 120 seconds left.\n|\n|t:|1699821920\n|move|p1a: Chubs|Ice Spinner|p2a: GODRA\n|-damage|p2a: GODRA|72\/100\n|move|p2a: GODRA|Surf|p1a: Chubs\n|-damage|p1a: Chubs|0 fnt\n|faint|p1a: Chubs\n|\n|-heal|p2a: GODRA|78\/100|[from] item: Leftovers\n|upkeep\n|\n|t:|1699821929\n|switch|p1a: Bleach|Kingambit, F|100\/100\n|-activate|p1a: Bleach|ability: Supreme Overlord\n|-start|p1a: Bleach|fallen5|[silent]\n|turn|19\n|inactive|acej13 has 120 seconds left.\n|\n|t:|1699821948\n|move|p2a: GODRA|Acid Armor|p2a: GODRA\n|-boost|p2a: GODRA|def|2\n|move|p1a: Bleach|Kowtow Cleave|p2a: GODRA\n|-damage|p2a: GODRA|36\/100\n|\n|-heal|p2a: GODRA|42\/100|[from] item: Leftovers\n|upkeep\n|turn|20\n|inactive|acej13 has 120 seconds left.\n|\n|t:|1699821960\n|move|p2a: GODRA|Surf|p1a: Bleach\n|-damage|p1a: Bleach|79\/100\n|move|p1a: Bleach|Kowtow Cleave|p2a: GODRA\n|-damage|p2a: GODRA|5\/100\n|\n|-heal|p2a: GODRA|11\/100|[from] item: Leftovers\n|upkeep\n|turn|21\n|inactive|acej13 has 120 seconds left.\n|\n|t:|1699821974\n|move|p2a: GODRA|Surf|p1a: Bleach\n|-crit|p1a: Bleach\n|-damage|p1a: Bleach|42\/100\n|move|p1a: Bleach|Kowtow Cleave|p2a: GODRA\n|-damage|p2a: GODRA|0 fnt\n|faint|p2a: GODRA\n|\n|win|JustTweety\n|raw|JustTweety's rating: 1022 &rarr; <strong>1062<\/strong><br \/>(+40 for winning)\n|raw|acej13's rating: 1057 &rarr; <strong>1037<\/strong><br \/>(-20 for losing)\n|l|\u2606acej13\n","uploadtime":1699821988,"views":18,"p1id":"justtweety","p2id":"acej13","formatid":"gen9ou","rating":1037,"private":0,"password":""}