{"id":"gen9ou-1992053134","p1":"sandy shrew1326","p2":"4GDZjTLZDhwK8okZFA","format":"[Gen 9] OU","log":"|j|\u203dsandy shrew1326\n|j|\u26064GDZjTLZDhwK8okZFA\n|t:|1700151145\n|gametype|singles\n|player|p1|sandy shrew1326|cynthia|1081\n|player|p2|4GDZjTLZDhwK8okZFA|266|1000\n|teamsize|p1|6\n|teamsize|p2|6\n|gen|9\n|tier|[Gen 9] OU\n|rated|\n|rule|Sleep Clause Mod: Limit one foe put to sleep\n|rule|Species Clause: Limit one of each Pok\u00e9mon\n|rule|OHKO Clause: OHKO moves are banned\n|rule|Evasion Items Clause: Evasion items are banned\n|rule|Evasion Moves Clause: Evasion moves are banned\n|rule|Endless Battle Clause: Forcing endless battles is banned\n|rule|HP Percentage Mod: HP is shown in percentages\n|clearpoke\n|poke|p1|Cramorant, F|\n|poke|p1|Tauros-Paldea-Aqua, M|\n|poke|p1|Ogerpon-Cornerstone, F|\n|poke|p1|Cinderace, F|\n|poke|p1|Appletun, M|\n|poke|p1|Quaquaval, F|\n|poke|p2|Manaphy|\n|poke|p2|Kingambit, F|\n|poke|p2|Ribombee, M|\n|poke|p2|Gholdengo|\n|poke|p2|Iron Moth|\n|poke|p2|Ogerpon-Wellspring, F|\n|teampreview\n|inactive|Battle timer is ON: inactive players will automatically lose when time's up. (requested by 4GDZjTLZDhwK8okZFA)\n|\n|t:|1700151150\n|start\n|switch|p1a: Cramorant|Cramorant, F|100\/100\n|switch|p2a: Ribombee|Ribombee, M, shiny|100\/100\n|turn|1\n|\n|t:|1700151158\n|move|p2a: Ribombee|Stun Spore|p1a: Cramorant\n|-status|p1a: Cramorant|par\n|move|p1a: Cramorant|Surf|p2a: Ribombee\n|-formechange|p1a: Cramorant|Cramorant-Gulping|\n|-damage|p2a: Ribombee|34\/100\n|\n|upkeep\n|turn|2\n|\n|t:|1700151165\n|move|p2a: Ribombee|Sticky Web|p1a: Cramorant\n|-sidestart|p1: sandy shrew1326|move: Sticky Web\n|cant|p1a: Cramorant|par\n|\n|upkeep\n|turn|3\n|\n|t:|1700151169\n|move|p2a: Ribombee|Moonblast|p1a: Cramorant\n|-damage|p1a: Cramorant|47\/100 par\n|-unboost|p1a: Cramorant|spa|1\n|-damage|p2a: Ribombee|9\/100|[from] ability: Gulp Missile|[of] p1a: Cramorant\n|-unboost|p2a: Ribombee|def|1\n|-formechange|p1a: Cramorant|Cramorant|\n|cant|p1a: Cramorant|par\n|\n|upkeep\n|turn|4\n|\n|t:|1700151182\n|move|p2a: Ribombee|Moonblast|p1a: Cramorant\n|-damage|p1a: Cramorant|0 fnt\n|faint|p1a: Cramorant\n|\n|upkeep\n|\n|t:|1700151188\n|switch|p1a: Quaquaval|Quaquaval, F|100\/100\n|-activate|p1a: Quaquaval|move: Sticky Web\n|-unboost|p1a: Quaquaval|spe|1\n|turn|5\n|\n|t:|1700151193\n|move|p1a: Quaquaval|Aqua Jet|p2a: Ribombee\n|-damage|p2a: Ribombee|0 fnt\n|faint|p2a: Ribombee\n|-ability|p1a: Quaquaval|Moxie|boost\n|-boost|p1a: Quaquaval|atk|1\n|-damage|p1a: Quaquaval|91\/100|[from] item: Life Orb\n|\n|upkeep\n|\n|t:|1700151202\n|switch|p2a: Manaphy|Manaphy|100\/100\n|turn|6\n|\n|t:|1700151209\n|move|p2a: Manaphy|Acid Armor|p2a: Manaphy\n|-boost|p2a: Manaphy|def|2\n|move|p1a: Quaquaval|Close Combat|p2a: Manaphy\n|-damage|p2a: Manaphy|42\/100\n|-unboost|p1a: Quaquaval|def|1\n|-unboost|p1a: Quaquaval|spd|1\n|-damage|p1a: Quaquaval|81\/100|[from] item: Life Orb\n|\n|-heal|p2a: Manaphy|48\/100|[from] item: Leftovers\n|upkeep\n|turn|7\n|\n|t:|1700151218\n|-terastallize|p2a: Manaphy|Poison\n|move|p2a: Manaphy|Acid Armor|p2a: Manaphy\n|-boost|p2a: Manaphy|def|2\n|move|p1a: Quaquaval|Close Combat|p2a: Manaphy\n|-resisted|p2a: Manaphy\n|-damage|p2a: Manaphy|31\/100\n|-unboost|p1a: Quaquaval|def|1\n|-unboost|p1a: Quaquaval|spd|1\n|-damage|p1a: Quaquaval|71\/100|[from] item: Life Orb\n|\n|-heal|p2a: Manaphy|37\/100|[from] item: Leftovers\n|upkeep\n|turn|8\n|\n|t:|1700151231\n|move|p2a: Manaphy|Stored Power|p1a: Quaquaval\n|-supereffective|p1a: Quaquaval\n|-damage|p1a: Quaquaval|0 fnt\n|faint|p1a: Quaquaval\n|\n|-heal|p2a: Manaphy|43\/100|[from] item: Leftovers\n|upkeep\n|\n|t:|1700151240\n|switch|p1a: Appletun|Appletun, M|100\/100\n|-activate|p1a: Appletun|move: Sticky Web\n|-unboost|p1a: Appletun|spe|1\n|turn|9\n|\n|t:|1700151258\n|move|p2a: Manaphy|Take Heart|p2a: Manaphy\n|-boost|p2a: Manaphy|spa|1\n|-boost|p2a: Manaphy|spd|1\n|move|p1a: Appletun|Dragon Pulse|p2a: Manaphy\n|-damage|p2a: Manaphy|24\/100\n|\n|-heal|p2a: Manaphy|30\/100|[from] item: Leftovers\n|upkeep\n|turn|10\n|\n|t:|1700151269\n|move|p2a: Manaphy|Take Heart|p2a: Manaphy\n|-boost|p2a: Manaphy|spa|1\n|-boost|p2a: Manaphy|spd|1\n|move|p1a: Appletun|Leech Seed|p2a: Manaphy\n|-start|p2a: Manaphy|move: Leech Seed\n|\n|-heal|p2a: Manaphy|36\/100|[from] item: Leftovers\n|-damage|p2a: Manaphy|24\/100|[from] Leech Seed|[of] p1a: Appletun\n|upkeep\n|turn|11\n|\n|t:|1700151277\n|move|p2a: Manaphy|Stored Power|p1a: Appletun\n|-damage|p1a: Appletun|28\/100\n|move|p1a: Appletun|Dragon Pulse|p2a: Manaphy\n|-damage|p2a: Manaphy|9\/100\n|\n|-heal|p2a: Manaphy|15\/100|[from] item: Leftovers\n|-heal|p1a: Appletun|34\/100|[from] item: Leftovers\n|-damage|p2a: Manaphy|3\/100|[from] Leech Seed|[of] p1a: Appletun\n|-heal|p1a: Appletun|45\/100|[silent]\n|upkeep\n|turn|12\n|\n|t:|1700151293\n|move|p2a: Manaphy|Stored Power|p1a: Appletun\n|-damage|p1a: Appletun|0 fnt\n|faint|p1a: Appletun\n|\n|-heal|p2a: Manaphy|9\/100|[from] item: Leftovers\n|upkeep\n|\n|t:|1700151304\n|switch|p1a: Cinderace|Cinderace, F|100\/100\n|-activate|p1a: Cinderace|move: Sticky Web\n|-unboost|p1a: Cinderace|spe|1\n|turn|13\n|\n|t:|1700151324\n|move|p2a: Manaphy|Scald|p1a: Cinderace\n|-supereffective|p1a: Cinderace\n|-damage|p1a: Cinderace|0 fnt\n|faint|p1a: Cinderace\n|\n|-heal|p2a: Manaphy|15\/100|[from] item: Leftovers\n|upkeep\n|\n|t:|1700151330\n|switch|p1a: Ogerpon|Ogerpon-Cornerstone, F|100\/100\n|-activate|p1a: Ogerpon|move: Sticky Web\n|-unboost|p1a: Ogerpon|spe|1\n|turn|14\n|\n|t:|1700151335\n|move|p1a: Ogerpon|Spiky Shield|p1a: Ogerpon\n|-singleturn|p1a: Ogerpon|move: Protect\n|move|p2a: Manaphy|Stored Power|p1a: Ogerpon\n|-activate|p1a: Ogerpon|move: Protect\n|\n|-heal|p2a: Manaphy|21\/100|[from] item: Leftovers\n|-damage|p2a: Manaphy|8\/100|[from] Leech Seed|[of] p1a: Ogerpon\n|upkeep\n|turn|15\n|\n|t:|1700151343\n|move|p1a: Ogerpon|Spiky Shield|p1a: Ogerpon\n|-singleturn|p1a: Ogerpon|move: Protect\n|move|p2a: Manaphy|Stored Power|p1a: Ogerpon\n|-activate|p1a: Ogerpon|move: Protect\n|\n|-heal|p2a: Manaphy|15\/100|[from] item: Leftovers\n|-damage|p2a: Manaphy|2\/100|[from] Leech Seed|[of] p1a: Ogerpon\n|upkeep\n|turn|16\n|\n|t:|1700151351\n|move|p1a: Ogerpon|Spiky Shield||[still]\n|-fail|p1a: Ogerpon\n|move|p2a: Manaphy|Stored Power|p1a: Ogerpon\n|-ability|p1a: Ogerpon|Sturdy\n|-damage|p1a: Ogerpon|1\/100\n|\n|-heal|p2a: Manaphy|8\/100|[from] item: Leftovers\n|-damage|p2a: Manaphy|0 fnt|[from] Leech Seed|[of] p1a: Ogerpon\n|-heal|p1a: Ogerpon|10\/100|[silent]\n|faint|p2a: Manaphy\n|upkeep\n|\n|t:|1700151356\n|switch|p2a: Iron Moth|Iron Moth|100\/100\n|-enditem|p2a: Iron Moth|Booster Energy\n|-activate|p2a: Iron Moth|ability: Quark Drive|[fromitem]\n|-start|p2a: Iron Moth|quarkdrivespe\n|turn|17\n|\n|t:|1700151370\n|move|p1a: Ogerpon|Spiky Shield|p1a: Ogerpon\n|-singleturn|p1a: Ogerpon|move: Protect\n|move|p2a: Iron Moth|Fiery Dance|p1a: Ogerpon\n|-activate|p1a: Ogerpon|move: Protect\n|\n|upkeep\n|turn|18\n|\n|t:|1700151377\n|move|p2a: Iron Moth|Fiery Dance|p1a: Ogerpon\n|-damage|p1a: Ogerpon|0 fnt\n|-boost|p2a: Iron Moth|spa|1\n|faint|p1a: Ogerpon\n|\n|upkeep\n|\n|t:|1700151382\n|switch|p1a: Tauros|Tauros-Paldea-Aqua, M|100\/100\n|-activate|p1a: Tauros|move: Sticky Web\n|-unboost|p1a: Tauros|spe|1\n|turn|19\n|\n|t:|1700151399\n|move|p2a: Iron Moth|Psychic|p1a: Tauros\n|-supereffective|p1a: Tauros\n|-damage|p1a: Tauros|0 fnt\n|faint|p1a: Tauros\n|\n|win|4GDZjTLZDhwK8okZFA\n|raw|sandy shrew1326's rating: 1081 &rarr; <strong>1054<\/strong><br \/>(-27 for losing)\n|raw|4GDZjTLZDhwK8okZFA's rating: 1000 &rarr; <strong>1049<\/strong><br \/>(+49 for winning)\n","uploadtime":1700151403,"views":14,"p1id":"sandyshrew1326","p2id":"4gdzjtlzdhwk8okzfa","formatid":"gen9ou","rating":1049,"private":0,"password":""}