{"id":"gen9ou-1990016904","p1":"AllTerrainKoraidon","p2":"A KING\u2655 To OU","format":"[Gen 9] OU","log":"|j|\u2606AllTerrainKoraidon\n|j|\u2606A KING\u2655 To OU\n|t:|1699915730\n|gametype|singles\n|player|p1|AllTerrainKoraidon|265|1118\n|player|p2|A KING\u2655 To OU|ghetsis-gen5bw|1117\n|teamsize|p1|6\n|teamsize|p2|6\n|gen|9\n|tier|[Gen 9] OU\n|rated|\n|rule|Sleep Clause Mod: Limit one foe put to sleep\n|rule|Species Clause: Limit one of each Pok\u00e9mon\n|rule|OHKO Clause: OHKO moves are banned\n|rule|Evasion Items Clause: Evasion items are banned\n|rule|Evasion Moves Clause: Evasion moves are banned\n|rule|Endless Battle Clause: Forcing endless battles is banned\n|rule|HP Percentage Mod: HP is shown in percentages\n|clearpoke\n|poke|p1|Cinderace, M|\n|poke|p1|Torterra, F|\n|poke|p1|Corviknight, M|\n|poke|p1|Dragapult, F|\n|poke|p1|Hydreigon, M|\n|poke|p1|Greninja-*, M|\n|poke|p2|Manaphy|\n|poke|p2|Ninetales-Alola, F|\n|poke|p2|Kommo-o, M|\n|poke|p2|Grimmsnarl, M|\n|poke|p2|Great Tusk|\n|poke|p2|Tatsugiri, F|\n|teampreview\n|\n|t:|1699915747\n|start\n|switch|p1a: Dragapult|Dragapult, F|100\/100\n|switch|p2a: Whats Hanninin|Great Tusk|100\/100\n|-enditem|p2a: Whats Hanninin|Booster Energy\n|-activate|p2a: Whats Hanninin|ability: Protosynthesis|[fromitem]\n|-start|p2a: Whats Hanninin|protosynthesisspe\n|turn|1\n|\n|t:|1699915751\n|move|p2a: Whats Hanninin|Stealth Rock|p1a: Dragapult\n|-sidestart|p1: AllTerrainKoraidon|move: Stealth Rock\n|move|p1a: Dragapult|Reflect|p1a: Dragapult\n|-sidestart|p1: AllTerrainKoraidon|Reflect\n|\n|upkeep\n|turn|2\n|\n|t:|1699915755\n|move|p2a: Whats Hanninin|Taunt|p1a: Dragapult\n|-start|p1a: Dragapult|move: Taunt\n|cant|p1a: Dragapult|move: Taunt|Light Screen\n|\n|upkeep\n|turn|3\n|\n|t:|1699915757\n|move|p1a: Dragapult|U-turn|p2a: Whats Hanninin\n|-resisted|p2a: Whats Hanninin\n|-crit|p2a: Whats Hanninin\n|-damage|p2a: Whats Hanninin|90\/100\n|\n|t:|1699915767\n|switch|p1a: Corviknight|Corviknight, M|100\/100|[from] U-turn\n|-damage|p1a: Corviknight|88\/100|[from] Stealth Rock\n|move|p2a: Whats Hanninin|Roar|p1a: Corviknight\n|drag|p1a: Dragapult|Dragapult, F|100\/100\n|-damage|p1a: Dragapult|88\/100|[from] Stealth Rock\n|\n|upkeep\n|turn|4\n|\n|t:|1699915775\n|move|p1a: Dragapult|U-turn|p2a: Whats Hanninin\n|-resisted|p2a: Whats Hanninin\n|-damage|p2a: Whats Hanninin|83\/100\n|\n|t:|1699915781\n|switch|p1a: Corviknight|Corviknight, M|88\/100|[from] U-turn\n|-damage|p1a: Corviknight|76\/100|[from] Stealth Rock\n|move|p2a: Whats Hanninin|Roar|p1a: Corviknight\n|drag|p1a: Hydreigon|Hydreigon, M|100\/100\n|-damage|p1a: Hydreigon|88\/100|[from] Stealth Rock\n|\n|upkeep\n|turn|5\n|\n|t:|1699915789\n|move|p2a: Whats Hanninin|Iron Head|p1a: Hydreigon\n|-damage|p1a: Hydreigon|76\/100\n|cant|p1a: Hydreigon|flinch\n|\n|upkeep\n|turn|6\n|\n|t:|1699915794\n|move|p2a: Whats Hanninin|Stealth Rock||[still]\n|-fail|p2a: Whats Hanninin\n|move|p1a: Hydreigon|Draco Meteor|p2a: Whats Hanninin\n|-damage|p2a: Whats Hanninin|17\/100\n|-unboost|p1a: Hydreigon|spa|2\n|\n|upkeep\n|turn|7\n|\n|t:|1699915800\n|move|p1a: Hydreigon|Dark Pulse|p2a: Whats Hanninin\n|-resisted|p2a: Whats Hanninin\n|-damage|p2a: Whats Hanninin|6\/100\n|move|p2a: Whats Hanninin|Roar|p1a: Hydreigon\n|drag|p1a: Corviknight|Corviknight, M|76\/100\n|-damage|p1a: Corviknight|64\/100|[from] Stealth Rock\n|\n|upkeep\n|turn|8\n|\n|t:|1699915807\n|move|p2a: Whats Hanninin|Taunt|p1a: Corviknight\n|-start|p1a: Corviknight|move: Taunt\n|cant|p1a: Corviknight|move: Taunt|Roost\n|\n|-sideend|p1: AllTerrainKoraidon|Reflect\n|upkeep\n|turn|9\n|\n|t:|1699915814\n|switch|p1a: Dragapult|Dragapult, F|88\/100\n|-damage|p1a: Dragapult|76\/100|[from] Stealth Rock\n|move|p2a: Whats Hanninin|Iron Head|p1a: Dragapult\n|-damage|p1a: Dragapult|50\/100\n|\n|upkeep\n|turn|10\n|\n|t:|1699915821\n|move|p2a: Whats Hanninin|Iron Head|p1a: Dragapult\n|-damage|p1a: Dragapult|26\/100\n|-start|p2a: Whats Hanninin|Disable|Iron Head|[from] ability: Cursed Body|[of] p1a: Dragapult\n|move|p1a: Dragapult|Reflect|p1a: Dragapult\n|-sidestart|p1: AllTerrainKoraidon|Reflect\n|\n|upkeep\n|turn|11\n|\n|t:|1699915828\n|move|p2a: Whats Hanninin|Taunt|p1a: Dragapult\n|-start|p1a: Dragapult|move: Taunt\n|cant|p1a: Dragapult|move: Taunt|Light Screen\n|\n|upkeep\n|turn|12\n|\n|t:|1699915830\n|move|p1a: Dragapult|U-turn|p2a: Whats Hanninin\n|-resisted|p2a: Whats Hanninin\n|-damage|p2a: Whats Hanninin|0 fnt\n|faint|p2a: Whats Hanninin\n|-end|p2a: Whats Hanninin|Protosynthesis|[silent]\n|inactive|Battle timer is ON: inactive players will automatically lose when time's up. (requested by A KING\u2655 To OU)\n|\n|t:|1699915850\n|switch|p1a: Cinderace|Cinderace, M|100\/100|[from] U-turn\n|\n|upkeep\n|\n|t:|1699915854\n|switch|p2a: Tatsugiri|Tatsugiri, F|100\/100\n|turn|13\n|\n|t:|1699915858\n|move|p1a: Cinderace|U-turn|p2a: Tatsugiri\n|-start|p1a: Cinderace|typechange|Bug|[from] ability: Libero\n|-damage|p2a: Tatsugiri|42\/100\n|\n|t:|1699915863\n|switch|p1a: Greninja|Greninja, M|100\/100|[from] U-turn\n|-damage|p1a: Greninja|88\/100|[from] Stealth Rock\n|move|p2a: Tatsugiri|Surf|p1a: Greninja\n|-resisted|p1a: Greninja\n|-damage|p1a: Greninja|50\/100\n|\n|upkeep\n|turn|14\n|\n|t:|1699915869\n|move|p1a: Greninja|Dark Pulse|p2a: Tatsugiri\n|-damage|p2a: Tatsugiri|0 fnt\n|faint|p2a: Tatsugiri\n|-ability|p1a: Greninja|Battle Bond|boost\n|-boost|p1a: Greninja|atk|1\n|-boost|p1a: Greninja|spa|1\n|-boost|p1a: Greninja|spe|1\n|-activate|p1a: Greninja|ability: Battle Bond\n|-damage|p1a: Greninja|40\/100|[from] item: Life Orb\n|\n|upkeep\n|\n|t:|1699915877\n|switch|p2a: Billy & Mandy|Grimmsnarl, M|100\/100\n|turn|15\n|\n|t:|1699915902\n|move|p2a: Billy & Mandy|Light Screen|p2a: Billy & Mandy\n|-sidestart|p2: A KING\u2655 To OU|move: Light Screen\n|move|p1a: Greninja|Hydro Pump|p2a: Billy & Mandy\n|-damage|p2a: Billy & Mandy|55\/100\n|-damage|p1a: Greninja|31\/100|[from] item: Life Orb\n|\n|upkeep\n|turn|16\n|\n|t:|1699915907\n|move|p2a: Billy & Mandy|Reflect|p2a: Billy & Mandy\n|-sidestart|p2: A KING\u2655 To OU|Reflect\n|move|p1a: Greninja|Hydro Pump|p2a: Billy & Mandy\n|-damage|p2a: Billy & Mandy|13\/100\n|-damage|p1a: Greninja|21\/100|[from] item: Life Orb\n|\n|upkeep\n|turn|17\n|\n|t:|1699915911\n|move|p1a: Greninja|Water Shuriken|p2a: Billy & Mandy\n|-damage|p2a: Billy & Mandy|8\/100\n|-damage|p2a: Billy & Mandy|2\/100\n|-damage|p2a: Billy & Mandy|0 fnt\n|faint|p2a: Billy & Mandy\n|-hitcount|p2: Billy & Mandy|3\n|-damage|p1a: Greninja|11\/100|[from] item: Life Orb\n|\n|-sideend|p1: AllTerrainKoraidon|Reflect\n|upkeep\n|\n|t:|1699915915\n|switch|p2a: BIG JEANS|Kommo-o, M|100\/100\n|turn|18\n|\n|t:|1699915923\n|move|p1a: Greninja|Hydro Pump|p2a: BIG JEANS|[miss]\n|-miss|p1a: Greninja|p2a: BIG JEANS\n|move|p2a: BIG JEANS|Clangorous Soul|p2a: BIG JEANS\n|-boost|p2a: BIG JEANS|atk|1\n|-boost|p2a: BIG JEANS|def|1\n|-boost|p2a: BIG JEANS|spa|1\n|-boost|p2a: BIG JEANS|spd|1\n|-boost|p2a: BIG JEANS|spe|1\n|-damage|p2a: BIG JEANS|68\/100\n|-enditem|p2a: BIG JEANS|Throat Spray\n|-boost|p2a: BIG JEANS|spa|1|[from] item: Throat Spray\n|\n|upkeep\n|turn|19\n|\n|t:|1699915929\n|move|p1a: Greninja|Water Shuriken|p2a: BIG JEANS\n|-resisted|p2a: BIG JEANS\n|-damage|p2a: BIG JEANS|65\/100\n|-resisted|p2a: BIG JEANS\n|-damage|p2a: BIG JEANS|63\/100\n|-resisted|p2a: BIG JEANS\n|-damage|p2a: BIG JEANS|61\/100\n|-resisted|p2a: BIG JEANS\n|-damage|p2a: BIG JEANS|59\/100\n|-resisted|p2a: BIG JEANS\n|-damage|p2a: BIG JEANS|56\/100\n|-hitcount|p2a: BIG JEANS|5\n|-damage|p1a: Greninja|1\/100|[from] item: Life Orb\n|move|p2a: BIG JEANS|Drain Punch|p1a: Greninja\n|-supereffective|p1a: Greninja\n|-damage|p1a: Greninja|0 fnt\n|-heal|p2a: BIG JEANS|57\/100|[from] drain|[of] p1a: Greninja\n|faint|p1a: Greninja\n|\n|upkeep\n|\n|t:|1699915955\n|switch|p1a: Hydreigon|Hydreigon, M|76\/100\n|-damage|p1a: Hydreigon|63\/100|[from] Stealth Rock\n|turn|20\n|\n|t:|1699915970\n|move|p2a: BIG JEANS|Boomburst|p1a: Hydreigon\n|-damage|p1a: Hydreigon|0 fnt\n|faint|p1a: Hydreigon\n|\n|upkeep\n|\n|t:|1699915986\n|switch|p1a: Cinderace|Cinderace, M|100\/100\n|turn|21\n|\n|t:|1699915991\n|switch|p1a: Dragapult|Dragapult, F|26\/100\n|-damage|p1a: Dragapult|13\/100|[from] Stealth Rock\n|move|p2a: BIG JEANS|Boomburst|p1a: Dragapult\n|-immune|p1a: Dragapult\n|\n|upkeep\n|turn|22\n|\n|t:|1699916000\n|move|p2a: BIG JEANS|Flash Cannon|p1a: Dragapult\n|-damage|p1a: Dragapult|0 fnt\n|-start|p2a: BIG JEANS|Disable|Flash Cannon|[from] ability: Cursed Body|[of] p1a: Dragapult\n|faint|p1a: Dragapult\n|\n|-sideend|p2: A KING\u2655 To OU|move: Light Screen\n|upkeep\n|\n|t:|1699916011\n|switch|p1a: Torterra|Torterra, F|100\/100\n|-damage|p1a: Torterra|94\/100|[from] Stealth Rock\n|turn|23\n|\n|t:|1699916019\n|-terastallize|p1a: Torterra|Ghost\n|move|p2a: BIG JEANS|Boomburst|p1a: Torterra\n|-immune|p1a: Torterra\n|move|p1a: Torterra|Shell Smash|p1a: Torterra\n|-unboost|p1a: Torterra|def|1\n|-unboost|p1a: Torterra|spd|1\n|-boost|p1a: Torterra|atk|2\n|-boost|p1a: Torterra|spa|2\n|-boost|p1a: Torterra|spe|2\n|\n|-sideend|p2: A KING\u2655 To OU|Reflect\n|upkeep\n|turn|24\n|\n|t:|1699916028\n|move|p2a: BIG JEANS|Clangorous Soul|p2a: BIG JEANS\n|-boost|p2a: BIG JEANS|atk|1\n|-boost|p2a: BIG JEANS|def|1\n|-boost|p2a: BIG JEANS|spa|1\n|-boost|p2a: BIG JEANS|spd|1\n|-boost|p2a: BIG JEANS|spe|1\n|-damage|p2a: BIG JEANS|24\/100\n|move|p1a: Torterra|Earthquake|p2a: BIG JEANS\n|-damage|p2a: BIG JEANS|0 fnt\n|faint|p2a: BIG JEANS\n|\n|upkeep\n|\n|t:|1699916036\n|switch|p2a: HORUS|Ninetales-Alola, F|100\/100\n|-weather|Snow|[from] ability: Snow Warning|[of] p2a: HORUS\n|turn|25\n|\n|t:|1699916042\n|move|p1a: Torterra|Rock Blast|p2a: HORUS\n|-supereffective|p2a: HORUS\n|-damage|p2a: HORUS|66\/100\n|-supereffective|p2a: HORUS\n|-damage|p2a: HORUS|34\/100\n|-supereffective|p2a: HORUS\n|-damage|p2a: HORUS|0 fnt\n|faint|p2a: HORUS\n|-hitcount|p2: HORUS|3\n|\n|-weather|Snow|[upkeep]\n|upkeep\n|\n|t:|1699916044\n|switch|p2a: Marjella|Manaphy|100\/100\n|turn|26\n|\n|t:|1699916049\n|move|p1a: Torterra|Bullet Seed|p2a: Marjella\n|-supereffective|p2a: Marjella\n|-crit|p2a: Marjella\n|-damage|p2a: Marjella|27\/100\n|-supereffective|p2a: Marjella\n|-damage|p2a: Marjella|0 fnt\n|faint|p2a: Marjella\n|-hitcount|p2: Marjella|2\n|\n|win|AllTerrainKoraidon\n|raw|AllTerrainKoraidon's rating: 1118 &rarr; <strong>1143<\/strong><br \/>(+25 for winning)\n|raw|A KING\u2655 To OU's rating: 1117 &rarr; <strong>1092<\/strong><br \/>(-25 for losing)\n|l|\u2606A KING\u2655 To OU\n","uploadtime":1699916079,"views":10,"p1id":"allterrainkoraidon","p2id":"akingtoou","formatid":"gen9ou","rating":1092,"private":0,"password":""}