{"id":"gen9ou-1990379177","p1":"Mr-witty","p2":"Ali FTFC","format":"[Gen 9] OU","log":"|j|\u2606Mr-witty\n|j|\u2606Ali FTFC\n|t:|1699964514\n|gametype|singles\n|player|p1|Mr-witty|1|1316\n|player|p2|Ali FTFC|swimmerf-gen4dp|1387\n|teamsize|p1|6\n|teamsize|p2|6\n|gen|9\n|tier|[Gen 9] OU\n|rated|\n|rule|Sleep Clause Mod: Limit one foe put to sleep\n|rule|Species Clause: Limit one of each Pok\u00e9mon\n|rule|OHKO Clause: OHKO moves are banned\n|rule|Evasion Items Clause: Evasion items are banned\n|rule|Evasion Moves Clause: Evasion moves are banned\n|rule|Endless Battle Clause: Forcing endless battles is banned\n|rule|HP Percentage Mod: HP is shown in percentages\n|clearpoke\n|poke|p1|Manaphy|\n|poke|p1|Kingambit, M|\n|poke|p1|Ribombee, F|\n|poke|p1|Gholdengo|\n|poke|p1|Iron Moth|\n|poke|p1|Ogerpon-Wellspring, F|\n|poke|p2|Heatran, M|\n|poke|p2|Enamorus, F|\n|poke|p2|Ogerpon-Wellspring, F|\n|poke|p2|Scizor, M|\n|poke|p2|Dragapult, F|\n|poke|p2|Mew|\n|teampreview\n|inactive|Battle timer is ON: inactive players will automatically lose when time's up. (requested by Mr-witty)\n|\n|t:|1699964540\n|start\n|switch|p1a: wildfiree|Ribombee, F, shiny|100\/100\n|switch|p2a: Scizor|Scizor, M|100\/100\n|turn|1\n|\n|t:|1699964547\n|move|p2a: Scizor|Bullet Punch|p1a: wildfiree\n|-supereffective|p1a: wildfiree\n|-enditem|p1a: wildfiree|Focus Sash\n|-damage|p1a: wildfiree|1\/100\n|move|p1a: wildfiree|Sticky Web|p2a: Scizor\n|-sidestart|p2: Ali FTFC|move: Sticky Web\n|\n|upkeep\n|turn|2\n|\n|t:|1699964556\n|switch|p1a: scarlet|Iron Moth|100\/100\n|-enditem|p1a: scarlet|Booster Energy\n|-activate|p1a: scarlet|ability: Quark Drive|[fromitem]\n|-start|p1a: scarlet|quarkdrivespe\n|move|p2a: Scizor|Bullet Punch|p1a: scarlet\n|-resisted|p1a: scarlet\n|-damage|p1a: scarlet|78\/100\n|\n|upkeep\n|turn|3\n|\n|t:|1699964573\n|switch|p2a: Heatran|Heatran, M|100\/100\n|-activate|p2a: Heatran|move: Sticky Web\n|-unboost|p2a: Heatran|spe|1\n|move|p1a: scarlet|Substitute|p1a: scarlet\n|-start|p1a: scarlet|Substitute\n|-damage|p1a: scarlet|53\/100\n|\n|upkeep\n|turn|4\n|\n|t:|1699964584\n|move|p1a: scarlet|Psychic|p2a: Heatran\n|-resisted|p2a: Heatran\n|-damage|p2a: Heatran|94\/100\n|move|p2a: Heatran|Earth Power|p1a: scarlet\n|-supereffective|p1a: scarlet\n|-end|p1a: scarlet|Substitute\n|\n|upkeep\n|turn|5\n|\n|t:|1699964595\n|-end|p1a: scarlet|Quark Drive|[silent]\n|switch|p1a: WESLEY|Gholdengo|100\/100\n|-item|p1a: WESLEY|Air Balloon\n|move|p2a: Heatran|Earth Power|p1a: WESLEY\n|-immune|p1a: WESLEY\n|\n|upkeep\n|turn|6\n|\n|t:|1699964604\n|move|p1a: WESLEY|Shadow Ball|p2a: Heatran\n|-damage|p2a: Heatran|74\/100\n|move|p2a: Heatran|Flamethrower|p1a: WESLEY\n|-supereffective|p1a: WESLEY\n|-damage|p1a: WESLEY|17\/100\n|-enditem|p1a: WESLEY|Air Balloon\n|\n|upkeep\n|turn|7\n|\n|t:|1699964613\n|switch|p1a: DEAGLE|Manaphy|100\/100\n|move|p2a: Heatran|Flamethrower|p1a: DEAGLE\n|-resisted|p1a: DEAGLE\n|-damage|p1a: DEAGLE|83\/100\n|\n|-heal|p1a: DEAGLE|89\/100|[from] item: Leftovers\n|upkeep\n|turn|8\n|inactive|Ali FTFC has 120 seconds left.\n|\n|t:|1699964644\n|switch|p2a: Mew|Mew|100\/100\n|-activate|p2a: Mew|move: Sticky Web\n|-unboost|p2a: Mew|spe|1\n|move|p1a: DEAGLE|Take Heart|p1a: DEAGLE\n|-boost|p1a: DEAGLE|spa|1\n|-boost|p1a: DEAGLE|spd|1\n|\n|-heal|p1a: DEAGLE|95\/100|[from] item: Leftovers\n|upkeep\n|turn|9\n|\n|t:|1699964653\n|move|p1a: DEAGLE|Take Heart|p1a: DEAGLE\n|-boost|p1a: DEAGLE|spa|1\n|-boost|p1a: DEAGLE|spd|1\n|move|p2a: Mew|Knock Off|p1a: DEAGLE\n|-damage|p1a: DEAGLE|77\/100\n|-enditem|p1a: DEAGLE|Leftovers|[from] move: Knock Off|[of] p2a: Mew\n|\n|upkeep\n|turn|10\n|\n|t:|1699964660\n|move|p1a: DEAGLE|Acid Armor|p1a: DEAGLE\n|-boost|p1a: DEAGLE|def|2\n|move|p2a: Mew|Will-O-Wisp|p1a: DEAGLE|[miss]\n|-miss|p2a: Mew|p1a: DEAGLE\n|\n|upkeep\n|turn|11\n|\n|t:|1699964668\n|move|p1a: DEAGLE|Acid Armor|p1a: DEAGLE\n|-boost|p1a: DEAGLE|def|2\n|move|p2a: Mew|Will-O-Wisp|p1a: DEAGLE\n|-status|p1a: DEAGLE|brn\n|\n|-damage|p1a: DEAGLE|70\/100 brn|[from] brn\n|upkeep\n|turn|12\n|\n|t:|1699964676\n|move|p1a: DEAGLE|Take Heart|p1a: DEAGLE\n|-boost|p1a: DEAGLE|spa|1\n|-boost|p1a: DEAGLE|spd|1\n|-curestatus|p1a: DEAGLE|brn|[msg]\n|move|p2a: Mew|Earth Power|p1a: DEAGLE\n|-damage|p1a: DEAGLE|63\/100\n|\n|upkeep\n|turn|13\n|\n|t:|1699964687\n|move|p1a: DEAGLE|Scald|p2a: Mew\n|-damage|p2a: Mew|15\/100\n|move|p2a: Mew|Will-O-Wisp|p1a: DEAGLE\n|-status|p1a: DEAGLE|brn\n|\n|-heal|p2a: Mew|21\/100|[from] item: Leftovers\n|-damage|p1a: DEAGLE|57\/100 brn|[from] brn\n|upkeep\n|turn|14\n|\n|t:|1699964697\n|move|p1a: DEAGLE|Take Heart|p1a: DEAGLE\n|-boost|p1a: DEAGLE|spa|1\n|-boost|p1a: DEAGLE|spd|1\n|-curestatus|p1a: DEAGLE|brn|[msg]\n|move|p2a: Mew|Knock Off|p1a: DEAGLE\n|-damage|p1a: DEAGLE|52\/100\n|\n|-heal|p2a: Mew|27\/100|[from] item: Leftovers\n|upkeep\n|turn|15\n|\n|t:|1699964708\n|move|p1a: DEAGLE|Stored Power|p2a: Mew\n|-resisted|p2a: Mew\n|-damage|p2a: Mew|0 fnt\n|faint|p2a: Mew\n|\n|upkeep\n|\n|t:|1699964713\n|switch|p2a: Heatran|Heatran, M|74\/100\n|-activate|p2a: Heatran|move: Sticky Web\n|-unboost|p2a: Heatran|spe|1\n|turn|16\n|\n|t:|1699964722\n|-terastallize|p2a: Heatran|Grass\n|move|p1a: DEAGLE|Scald|p2a: Heatran\n|-resisted|p2a: Heatran\n|-damage|p2a: Heatran|47\/100\n|move|p2a: Heatran|Tera Blast|p1a: DEAGLE|[anim] Tera Blast Grass\n|-supereffective|p1a: DEAGLE\n|-damage|p1a: DEAGLE|29\/100\n|\n|upkeep\n|turn|17\n|\n|t:|1699964731\n|move|p1a: DEAGLE|Stored Power|p2a: Heatran\n|-damage|p2a: Heatran|0 fnt\n|faint|p2a: Heatran\n|\n|upkeep\n|\n|t:|1699964736\n|switch|p2a: Dragapult|Dragapult, F|100\/100\n|-activate|p2a: Dragapult|move: Sticky Web\n|-unboost|p2a: Dragapult|spe|1\n|turn|18\n|\n|t:|1699964741\n|move|p1a: DEAGLE|Stored Power|p2a: Dragapult\n|-damage|p2a: Dragapult|0 fnt\n|-start|p1a: DEAGLE|Disable|Stored Power|[from] ability: Cursed Body|[of] p2a: Dragapult\n|faint|p2a: Dragapult\n|\n|upkeep\n|\n|t:|1699964747\n|switch|p2a: Scizor|Scizor, M|100\/100\n|-activate|p2a: Scizor|move: Sticky Web\n|-unboost|p2a: Scizor|spe|1\n|turn|19\n|\n|t:|1699964754\n|move|p2a: Scizor|Bullet Punch|p1a: DEAGLE\n|-resisted|p1a: DEAGLE\n|-damage|p1a: DEAGLE|24\/100\n|move|p1a: DEAGLE|Scald|p2a: Scizor\n|-damage|p2a: Scizor|0 fnt\n|faint|p2a: Scizor\n|\n|upkeep\n|\n|t:|1699964761\n|switch|p2a: Ogerpon|Ogerpon-Wellspring, F|100\/100\n|-activate|p2a: Ogerpon|move: Sticky Web\n|-unboost|p2a: Ogerpon|spe|1\n|turn|20\n|\n|t:|1699964767\n|move|p1a: DEAGLE|Acid Armor|p1a: DEAGLE\n|-boost|p1a: DEAGLE|def|2\n|move|p2a: Ogerpon|Swords Dance|p2a: Ogerpon\n|-boost|p2a: Ogerpon|atk|2\n|\n|upkeep\n|turn|21\n|\n|t:|1699964775\n|move|p1a: DEAGLE|Take Heart|p1a: DEAGLE\n|-boost|p1a: DEAGLE|spa|1\n|-boost|p1a: DEAGLE|spd|1\n|move|p2a: Ogerpon|Trailblaze|p1a: DEAGLE\n|-supereffective|p1a: DEAGLE\n|-damage|p1a: DEAGLE|0 fnt\n|-boost|p2a: Ogerpon|spe|1\n|faint|p1a: DEAGLE\n|\n|upkeep\n|\n|t:|1699964787\n|switch|p1a: faya|Ogerpon-Wellspring, F|100\/100\n|turn|22\n|\n|t:|1699964792\n|move|p2a: Ogerpon|Trailblaze|p1a: faya\n|-damage|p1a: faya|25\/100\n|-boost|p2a: Ogerpon|spe|1\n|move|p1a: faya|Power Whip|p2a: Ogerpon\n|-damage|p2a: Ogerpon|1\/100\n|\n|upkeep\n|turn|23\n|\n|t:|1699964801\n|move|p2a: Ogerpon|Trailblaze|p1a: faya\n|-damage|p1a: faya|0 fnt\n|-boost|p2a: Ogerpon|spe|1\n|faint|p1a: faya\n|\n|upkeep\n|\n|t:|1699964808\n|switch|p1a: Falcon Punch|Kingambit, M|100\/100\n|-activate|p1a: Falcon Punch|ability: Supreme Overlord\n|-start|p1a: Falcon Punch|fallen2|[silent]\n|turn|24\n|\n|t:|1699964813\n|move|p2a: Ogerpon|Spiky Shield|p2a: Ogerpon\n|-singleturn|p2a: Ogerpon|move: Protect\n|move|p1a: Falcon Punch|Sucker Punch||[still]\n|-fail|p1a: Falcon Punch\n|\n|upkeep\n|turn|25\n|\n|t:|1699964823\n|move|p1a: Falcon Punch|Sucker Punch||[still]\n|-fail|p1a: Falcon Punch\n|move|p2a: Ogerpon|Swords Dance|p2a: Ogerpon\n|-boost|p2a: Ogerpon|atk|2\n|\n|upkeep\n|turn|26\n|\n|t:|1699964831\n|move|p1a: Falcon Punch|Sucker Punch||[still]\n|-fail|p1a: Falcon Punch\n|move|p2a: Ogerpon|Swords Dance|p2a: Ogerpon\n|-boost|p2a: Ogerpon|atk|2\n|\n|upkeep\n|turn|27\n|\n|t:|1699964837\n|move|p2a: Ogerpon|Spiky Shield|p2a: Ogerpon\n|-singleturn|p2a: Ogerpon|move: Protect\n|move|p1a: Falcon Punch|Sucker Punch||[still]\n|-fail|p1a: Falcon Punch\n|\n|upkeep\n|turn|28\n|\n|t:|1699964845\n|move|p1a: Falcon Punch|Sucker Punch||[still]\n|-fail|p1a: Falcon Punch\n|move|p2a: Ogerpon|Swords Dance|p2a: Ogerpon\n|-boost|p2a: Ogerpon|atk|0\n|\n|upkeep\n|turn|29\n|\n|t:|1699964852\n|move|p2a: Ogerpon|Ivy Cudgel|p1a: Falcon Punch|[anim] Ivy Cudgel Water\n|-damage|p1a: Falcon Punch|0 fnt\n|faint|p1a: Falcon Punch\n|-end|p1a: Falcon Punch|fallen2|[silent]\n|\n|upkeep\n|\n|t:|1699964860\n|switch|p1a: scarlet|Iron Moth|53\/100\n|turn|30\n|\n|t:|1699964878\n|-terastallize|p1a: scarlet|Fairy\n|move|p2a: Ogerpon|Ivy Cudgel|p1a: scarlet|[anim] Ivy Cudgel Water\n|-crit|p1a: scarlet\n|-damage|p1a: scarlet|0 fnt\n|faint|p1a: scarlet\n|-end|p1a: scarlet|Quark Drive|[silent]\n|\n|upkeep\n|\n|t:|1699964886\n|switch|p1a: wildfiree|Ribombee, F, shiny|1\/100\n|turn|31\n|\n|t:|1699964891\n|move|p2a: Ogerpon|Ivy Cudgel|p1a: wildfiree|[anim] Ivy Cudgel Water\n|-damage|p1a: wildfiree|0 fnt\n|faint|p1a: wildfiree\n|\n|upkeep\n|\n|t:|1699964897\n|switch|p1a: WESLEY|Gholdengo|17\/100\n|turn|32\n|\n|t:|1699964906\n|move|p2a: Ogerpon|Ivy Cudgel|p1a: WESLEY|[anim] Ivy Cudgel Water\n|-damage|p1a: WESLEY|0 fnt\n|faint|p1a: WESLEY\n|\n|win|Ali FTFC\n|raw|Mr-witty's rating: 1316 &rarr; <strong>1300<\/strong><br \/>(-16 for losing)\n|raw|Ali FTFC's rating: 1387 &rarr; <strong>1403<\/strong><br \/>(+16 for winning)\n|l|\u2606Mr-witty\n|c|\u2606Ali FTFC|yaou\n|c|\u2606Ali FTFC|i'am a sucker god\n","uploadtime":1699965015,"views":6,"p1id":"mrwitty","p2id":"aliftfc","formatid":"gen9ou","rating":1300,"private":0,"password":""}