{"id":"gen9ou-1991362420","p1":"bruhmoment(x48)","p2":"ECLagann","format":"[Gen 9] OU","log":"|j|\u203dbruhmoment(x48)\n|j|\u2606ECLagann\n|t:|1700070819\n|gametype|singles\n|player|p1|bruhmoment(x48)|2|1200\n|player|p2|ECLagann|hilbert|1102\n|teamsize|p1|6\n|teamsize|p2|6\n|gen|9\n|tier|[Gen 9] OU\n|rated|\n|rule|Sleep Clause Mod: Limit one foe put to sleep\n|rule|Species Clause: Limit one of each Pok\u00e9mon\n|rule|OHKO Clause: OHKO moves are banned\n|rule|Evasion Items Clause: Evasion items are banned\n|rule|Evasion Moves Clause: Evasion moves are banned\n|rule|Endless Battle Clause: Forcing endless battles is banned\n|rule|HP Percentage Mod: HP is shown in percentages\n|clearpoke\n|poke|p1|Empoleon, F|\n|poke|p1|Ceruledge, F|\n|poke|p1|Great Tusk|\n|poke|p1|Iron Moth|\n|poke|p1|Slowking-Galar, M|\n|poke|p1|Landorus-Therian, M|\n|poke|p2|Torterra, M|\n|poke|p2|Lucario, M|\n|poke|p2|Braviary, M|\n|poke|p2|Greninja-*, M|\n|poke|p2|Kleavor, M|\n|poke|p2|Skeledirge, M|\n|teampreview\n|inactive|Battle timer is ON: inactive players will automatically lose when time's up. (requested by ECLagann)\n|\n|t:|1700070829\n|start\n|switch|p1a: Landorus|Landorus-Therian, M|100\/100\n|switch|p2a: Kleavor|Kleavor, M|100\/100\n|-ability|p1a: Landorus|Intimidate|boost\n|-unboost|p2a: Kleavor|atk|1\n|turn|1\n|\n|t:|1700070835\n|move|p2a: Kleavor|Stone Axe|p1a: Landorus\n|-crit|p1a: Landorus\n|-damage|p1a: Landorus|42\/100\n|-sidestart|p1: bruhmoment(x48)|move: Stealth Rock\n|move|p1a: Landorus|Earthquake|p2a: Kleavor\n|-damage|p2a: Kleavor|44\/100\n|\n|-heal|p1a: Landorus|48\/100|[from] item: Leftovers\n|upkeep\n|turn|2\n|\n|t:|1700070843\n|move|p2a: Kleavor|Stone Axe|p1a: Landorus|[miss]\n|-miss|p2a: Kleavor|p1a: Landorus\n|move|p1a: Landorus|Earthquake|p2a: Kleavor\n|-damage|p2a: Kleavor|0 fnt\n|faint|p2a: Kleavor\n|\n|-heal|p1a: Landorus|54\/100|[from] item: Leftovers\n|upkeep\n|\n|t:|1700070851\n|switch|p2a: Braviary|Braviary, M|100\/100\n|turn|3\n|\n|t:|1700070855\n|move|p2a: Braviary|Shadow Claw|p1a: Landorus\n|-damage|p1a: Landorus|38\/100\n|move|p1a: Landorus|U-turn|p2a: Braviary\n|-resisted|p2a: Braviary\n|-damage|p2a: Braviary|86\/100\n|\n|t:|1700070864\n|switch|p1a: Great Tusk|Great Tusk|100\/100|[from] U-turn\n|-damage|p1a: Great Tusk|98\/100|[from] Stealth Rock\n|\n|-heal|p1a: Great Tusk|100\/100|[from] item: Leftovers\n|upkeep\n|turn|4\n|\n|t:|1700070873\n|move|p2a: Braviary|Brave Bird|p1a: Great Tusk\n|-supereffective|p1a: Great Tusk\n|-damage|p1a: Great Tusk|23\/100\n|-damage|p2a: Braviary|55\/100|[from] Recoil\n|move|p1a: Great Tusk|Rapid Spin|p2a: Braviary\n|-damage|p2a: Braviary|32\/100\n|-boost|p1a: Great Tusk|spe|1\n|-sideend|p1: bruhmoment(x48)|Stealth Rock|[from] move: Rapid Spin|[of] p1a: Great Tusk\n|\n|-heal|p1a: Great Tusk|29\/100|[from] item: Leftovers\n|upkeep\n|turn|5\n|\n|t:|1700070880\n|move|p1a: Great Tusk|Knock Off|p2a: Braviary\n|-damage|p2a: Braviary|0 fnt\n|-enditem|p2a: Braviary|Assault Vest|[from] move: Knock Off|[of] p1a: Great Tusk\n|faint|p2a: Braviary\n|\n|-heal|p1a: Great Tusk|36\/100|[from] item: Leftovers\n|upkeep\n|\n|t:|1700070883\n|switch|p2a: Lucario|Lucario, M|100\/100\n|turn|6\n|\n|t:|1700070897\n|move|p1a: Great Tusk|Close Combat|p2a: Lucario\n|-supereffective|p2a: Lucario\n|-damage|p2a: Lucario|0 fnt\n|-unboost|p1a: Great Tusk|def|1\n|-unboost|p1a: Great Tusk|spd|1\n|faint|p2a: Lucario\n|\n|-heal|p1a: Great Tusk|42\/100|[from] item: Leftovers\n|upkeep\n|\n|t:|1700070914\n|switch|p2a: Torterra|Torterra, M|100\/100\n|turn|7\n|\n|t:|1700070917\n|move|p1a: Great Tusk|Knock Off|p2a: Torterra\n|-damage|p2a: Torterra|63\/100\n|-enditem|p2a: Torterra|White Herb|[from] move: Knock Off|[of] p1a: Great Tusk\n|move|p2a: Torterra|Shell Smash|p2a: Torterra\n|-unboost|p2a: Torterra|def|1\n|-unboost|p2a: Torterra|spd|1\n|-boost|p2a: Torterra|atk|2\n|-boost|p2a: Torterra|spa|2\n|-boost|p2a: Torterra|spe|2\n|\n|-heal|p1a: Great Tusk|48\/100|[from] item: Leftovers\n|upkeep\n|turn|8\n|\n|t:|1700070926\n|move|p2a: Torterra|Trailblaze|p1a: Great Tusk\n|-supereffective|p1a: Great Tusk\n|-damage|p1a: Great Tusk|0 fnt\n|-boost|p2a: Torterra|spe|1\n|faint|p1a: Great Tusk\n|-end|p1a: Great Tusk|Protosynthesis|[silent]\n|\n|upkeep\n|\n|t:|1700070937\n|switch|p1a: Ceruledge|Ceruledge, F|100\/100\n|turn|9\n|\n|t:|1700070947\n|move|p2a: Torterra|Rock Slide|p1a: Ceruledge\n|-supereffective|p1a: Ceruledge\n|-crit|p1a: Ceruledge\n|-enditem|p1a: Ceruledge|Focus Sash\n|-damage|p1a: Ceruledge|1\/100\n|-ability|p1a: Ceruledge|Weak Armor|boost\n|-unboost|p1a: Ceruledge|def|1\n|-boost|p1a: Ceruledge|spe|2\n|cant|p1a: Ceruledge|flinch\n|\n|upkeep\n|turn|10\n|inactive|bruhmoment(x48) has 120 seconds left.\n|inactive|bruhmoment(x48) has 90 seconds left.\n|\n|t:|1700071022\n|move|p1a: Ceruledge|Bitter Blade|p2a: Torterra\n|-supereffective|p2a: Torterra\n|-damage|p2a: Torterra|0 fnt\n|-heal|p1a: Ceruledge|38\/100|[from] drain|[of] p2a: Torterra\n|faint|p2a: Torterra\n|\n|upkeep\n|inactive|ECLagann has 120 seconds left.\n|\n|t:|1700071068\n|switch|p2a: Greninja|Greninja, M|100\/100\n|turn|11\n|inactive|bruhmoment(x48) has 90 seconds left.\n|\n|t:|1700071077\n|switch|p1a: Slowking|Slowking-Galar, M|100\/100\n|move|p2a: Greninja|Swords Dance|p2a: Greninja\n|-boost|p2a: Greninja|atk|2\n|\n|upkeep\n|turn|12\n|inactive|ECLagann has 120 seconds left.\n|\n|t:|1700071087\n|move|p2a: Greninja|Night Slash|p1a: Slowking\n|-supereffective|p1a: Slowking\n|-damage|p1a: Slowking|0 fnt\n|faint|p1a: Slowking\n|-ability|p2a: Greninja|Battle Bond|boost\n|-boost|p2a: Greninja|atk|1\n|-boost|p2a: Greninja|spa|1\n|-boost|p2a: Greninja|spe|1\n|-activate|p2a: Greninja|ability: Battle Bond\n|\n|upkeep\n|\n|t:|1700071096\n|switch|p1a: Empoleon|Empoleon, F|100\/100\n|turn|13\n|\n|t:|1700071104\n|move|p2a: Greninja|Night Slash|p1a: Empoleon\n|-damage|p1a: Empoleon|7\/100\n|move|p1a: Empoleon|Grass Knot|p2a: Greninja\n|-supereffective|p2a: Greninja\n|-damage|p2a: Greninja|24\/100\n|\n|upkeep\n|turn|14\n|\n|t:|1700071111\n|move|p2a: Greninja|Night Slash|p1a: Empoleon\n|-damage|p1a: Empoleon|0 fnt\n|faint|p1a: Empoleon\n|\n|upkeep\n|\n|t:|1700071113\n|switch|p1a: Ceruledge|Ceruledge, F|38\/100\n|turn|15\n|\n|t:|1700071118\n|move|p1a: Ceruledge|Shadow Sneak|p2a: Greninja\n|-resisted|p2a: Greninja\n|-damage|p2a: Greninja|9\/100\n|move|p2a: Greninja|Night Slash|p1a: Ceruledge\n|-supereffective|p1a: Ceruledge\n|-damage|p1a: Ceruledge|0 fnt\n|faint|p1a: Ceruledge\n|\n|upkeep\n|inactive|bruhmoment(x48) has 120 seconds left.\n|\n|t:|1700071130\n|switch|p1a: Landorus|Landorus-Therian, M|38\/100\n|-ability|p1a: Landorus|Intimidate|boost\n|-unboost|p2a: Greninja|atk|1\n|turn|16\n|\n|t:|1700071135\n|move|p2a: Greninja|Liquidation|p1a: Landorus\n|-supereffective|p1a: Landorus\n|-crit|p1a: Landorus\n|-damage|p1a: Landorus|0 fnt\n|faint|p1a: Landorus\n|\n|upkeep\n|\n|t:|1700071138\n|switch|p1a: Iron Moth|Iron Moth|100\/100\n|-enditem|p1a: Iron Moth|Booster Energy\n|-activate|p1a: Iron Moth|ability: Quark Drive|[fromitem]\n|-start|p1a: Iron Moth|quarkdrivespe\n|turn|17\n|\n|t:|1700071163\n|-terastallize|p1a: Iron Moth|Flying\n|move|p1a: Iron Moth|Energy Ball|p2a: Greninja\n|-supereffective|p2a: Greninja\n|-crit|p2a: Greninja\n|-damage|p2a: Greninja|0 fnt\n|faint|p2a: Greninja\n|\n|upkeep\n|\n|t:|1700071169\n|switch|p2a: Skeledirge|Skeledirge, M|100\/100\n|turn|18\n|\n|t:|1700071176\n|move|p1a: Iron Moth|Substitute|p1a: Iron Moth\n|-start|p1a: Iron Moth|Substitute\n|-damage|p1a: Iron Moth|76\/100\n|move|p2a: Skeledirge|Will-O-Wisp||[still]\n|-fail|p2a: Skeledirge\n|\n|upkeep\n|turn|19\n|\n|t:|1700071182\n|move|p1a: Iron Moth|Sludge Wave|p2a: Skeledirge\n|-resisted|p2a: Skeledirge\n|-damage|p2a: Skeledirge|72\/100\n|move|p2a: Skeledirge|Torch Song|p1a: Iron Moth\n|-damage|p1a: Iron Moth|42\/100\n|-boost|p2a: Skeledirge|spa|1\n|\n|upkeep\n|turn|20\n|\n|t:|1700071191\n|move|p1a: Iron Moth|Sludge Wave|p2a: Skeledirge\n|-resisted|p2a: Skeledirge\n|-damage|p2a: Skeledirge|44\/100\n|move|p2a: Skeledirge|Torch Song|p1a: Iron Moth\n|-damage|p1a: Iron Moth|0 fnt\n|-boost|p2a: Skeledirge|spa|1\n|faint|p1a: Iron Moth\n|-end|p1a: Iron Moth|Quark Drive|[silent]\n|\n|win|ECLagann\n|raw|bruhmoment(x48)'s rating: 1200 &rarr; <strong>1168<\/strong><br \/>(-32 for losing)\n|raw|ECLagann's rating: 1102 &rarr; <strong>1134<\/strong><br \/>(+32 for winning)\n|c|\u2606ECLagann|lmao\n|l|\u203dbruhmoment(x48)\n","uploadtime":1700071201,"views":13,"p1id":"bruhmomentx48","p2id":"eclagann","formatid":"gen9ou","rating":1134,"private":0,"password":""}