{"id":"gen9ou-1996483635","p1":"illes","p2":"seakingmissile","format":"[Gen 9] OU","log":"|j|\u2606illes\n|j|\u2606seakingmissile\n|t:|1700686427\n|gametype|singles\n|player|p1|illes|1|1485\n|player|p2|seakingmissile|larry|1476\n|teamsize|p1|6\n|teamsize|p2|6\n|gen|9\n|tier|[Gen 9] OU\n|rated|\n|rule|Sleep Clause Mod: Limit one foe put to sleep\n|rule|Species Clause: Limit one of each Pok\u00e9mon\n|rule|OHKO Clause: OHKO moves are banned\n|rule|Evasion Items Clause: Evasion items are banned\n|rule|Evasion Moves Clause: Evasion moves are banned\n|rule|Endless Battle Clause: Forcing endless battles is banned\n|rule|HP Percentage Mod: HP is shown in percentages\n|clearpoke\n|poke|p1|Dondozo, F|\n|poke|p1|Chesnaught, M|\n|poke|p1|Mandibuzz, F|\n|poke|p1|Clefable, M|\n|poke|p1|Clodsire, F|\n|poke|p1|Blissey, F|\n|poke|p2|Landorus-Therian, M|\n|poke|p2|Meloetta|\n|poke|p2|Zapdos|\n|poke|p2|Cinderace, F|\n|poke|p2|Slowking-Galar, F|\n|poke|p2|Iron Valiant|\n|teampreview\n|c|\u2606seakingmissile|glhf\n|c|\u2606illes|u2\n|\n|t:|1700686443\n|start\n|switch|p1a: Mandibuzz|Mandibuzz, F|100\/100\n|switch|p2a: Landorus|Landorus-Therian, M|100\/100\n|-ability|p2a: Landorus|Intimidate|boost\n|-unboost|p1a: Mandibuzz|atk|1\n|turn|1\n|\n|t:|1700686478\n|move|p2a: Landorus|Stone Edge|p1a: Mandibuzz\n|-supereffective|p1a: Mandibuzz\n|-damage|p1a: Mandibuzz|59\/100\n|move|p1a: Mandibuzz|Knock Off|p2a: Landorus\n|-damage|p2a: Landorus|84\/100\n|-enditem|p2a: Landorus|Choice Scarf|[from] move: Knock Off|[of] p1a: Mandibuzz\n|\n|upkeep\n|turn|2\n|\n|t:|1700686490\n|move|p2a: Landorus|U-turn|p1a: Mandibuzz\n|-damage|p1a: Mandibuzz|43\/100\n|\n|t:|1700686492\n|switch|p2a: Slowking|Slowking-Galar, F|100\/100|[from] U-turn\n|move|p1a: Mandibuzz|Roost|p1a: Mandibuzz\n|-heal|p1a: Mandibuzz|93\/100\n|-singleturn|p1a: Mandibuzz|move: Roost\n|\n|upkeep\n|turn|3\n|\n|t:|1700686496\n|move|p1a: Mandibuzz|Knock Off|p2a: Slowking\n|-supereffective|p2a: Slowking\n|-damage|p2a: Slowking|66\/100\n|-enditem|p2a: Slowking|Heavy-Duty Boots|[from] move: Knock Off|[of] p1a: Mandibuzz\n|move|p2a: Slowking|Sludge Bomb|p1a: Mandibuzz\n|-damage|p1a: Mandibuzz|66\/100\n|\n|upkeep\n|turn|4\n|\n|t:|1700686510\n|switch|p1a: Clodsire|Clodsire, F|100\/100\n|move|p2a: Slowking|Sludge Bomb|p1a: Clodsire\n|-resisted|p1a: Clodsire\n|-damage|p1a: Clodsire|96\/100\n|\n|upkeep\n|turn|5\n|\n|t:|1700686541\n|switch|p2a: Landorus|Landorus-Therian, M|84\/100\n|-ability|p2a: Landorus|Intimidate|boost\n|-unboost|p1a: Clodsire|atk|1\n|move|p1a: Clodsire|Earthquake|p2a: Landorus\n|-immune|p2a: Landorus\n|\n|upkeep\n|turn|6\n|\n|t:|1700686564\n|switch|p1a: Chesnaught|Chesnaught, M|100\/100\n|move|p2a: Landorus|Earthquake|p1a: Chesnaught\n|-resisted|p1a: Chesnaught\n|-damage|p1a: Chesnaught|86\/100\n|\n|upkeep\n|turn|7\n|\n|t:|1700686570\n|move|p2a: Landorus|U-turn|p1a: Chesnaught\n|-damage|p1a: Chesnaught|70\/100\n|\n|t:|1700686572\n|switch|p2a: Zapdos|Zapdos|100\/100|[from] U-turn\n|move|p1a: Chesnaught|Spikes|p2a: Zapdos\n|-sidestart|p2: seakingmissile|Spikes\n|\n|upkeep\n|turn|8\n|\n|t:|1700686577\n|switch|p1a: Clodsire|Clodsire, F|96\/100\n|move|p2a: Zapdos|Hurricane|p1a: Clodsire\n|-damage|p1a: Clodsire|66\/100\n|\n|upkeep\n|turn|9\n|\n|t:|1700686579\n|move|p2a: Zapdos|U-turn|p1a: Clodsire\n|-resisted|p1a: Clodsire\n|-damage|p1a: Clodsire|59\/100\n|\n|t:|1700686581\n|switch|p2a: Landorus|Landorus-Therian, M|84\/100|[from] U-turn\n|-ability|p2a: Landorus|Intimidate|boost\n|-unboost|p1a: Clodsire|atk|1\n|move|p1a: Clodsire|Recover|p1a: Clodsire\n|-heal|p1a: Clodsire|100\/100\n|\n|upkeep\n|turn|10\n|\n|t:|1700686596\n|switch|p1a: Chesnaught|Chesnaught, M|70\/100\n|move|p2a: Landorus|Earthquake|p1a: Chesnaught\n|-resisted|p1a: Chesnaught\n|-damage|p1a: Chesnaught|54\/100\n|\n|upkeep\n|turn|11\n|\n|t:|1700686599\n|move|p2a: Landorus|U-turn|p1a: Chesnaught\n|-damage|p1a: Chesnaught|40\/100\n|\n|t:|1700686602\n|switch|p2a: Zapdos|Zapdos|100\/100|[from] U-turn\n|move|p1a: Chesnaught|Synthesis|p1a: Chesnaught\n|-heal|p1a: Chesnaught|90\/100\n|\n|upkeep\n|turn|12\n|\n|t:|1700686607\n|switch|p1a: Blissey|Blissey, F|100\/100\n|move|p2a: Zapdos|Hurricane|p1a: Blissey|[miss]\n|-miss|p2a: Zapdos|p1a: Blissey\n|\n|upkeep\n|turn|13\n|\n|t:|1700686613\n|move|p2a: Zapdos|U-turn|p1a: Blissey\n|-damage|p1a: Blissey|87\/100\n|\n|t:|1700686620\n|switch|p2a: Landorus|Landorus-Therian, M|84\/100|[from] U-turn\n|-ability|p2a: Landorus|Intimidate|boost\n|-unboost|p1a: Blissey|atk|1\n|move|p1a: Blissey|Seismic Toss|p2a: Landorus\n|-damage|p2a: Landorus|52\/100\n|\n|upkeep\n|turn|14\n|\n|t:|1700686630\n|switch|p1a: Chesnaught|Chesnaught, M|90\/100\n|move|p2a: Landorus|Earthquake|p1a: Chesnaught\n|-resisted|p1a: Chesnaught\n|-damage|p1a: Chesnaught|74\/100\n|\n|upkeep\n|turn|15\n|\n|t:|1700686635\n|move|p2a: Landorus|U-turn|p1a: Chesnaught\n|-damage|p1a: Chesnaught|60\/100\n|\n|t:|1700686637\n|switch|p2a: Zapdos|Zapdos|100\/100|[from] U-turn\n|move|p1a: Chesnaught|Spikes|p2a: Zapdos\n|-sidestart|p2: seakingmissile|Spikes\n|\n|upkeep\n|turn|16\n|\n|t:|1700686641\n|switch|p1a: Clefable|Clefable, M|100\/100\n|move|p2a: Zapdos|U-turn|p1a: Clefable\n|-resisted|p1a: Clefable\n|-damage|p1a: Clefable|94\/100\n|\n|t:|1700686647\n|switch|p2a: Slowking|Slowking-Galar, F|99\/100|[from] U-turn\n|-damage|p2a: Slowking|83\/100|[from] Spikes\n|\n|-heal|p1a: Clefable|99\/100|[from] item: Leftovers\n|upkeep\n|turn|17\n|\n|t:|1700686660\n|switch|p1a: Blissey|Blissey, F|87\/100\n|move|p2a: Slowking|Future Sight|p1a: Blissey\n|-start|p2a: Slowking|move: Future Sight\n|\n|upkeep\n|turn|18\n|\n|t:|1700686674\n|switch|p1a: Clefable|Clefable, M|99\/100\n|move|p2a: Slowking|Chilly Reception|p2a: Slowking\n|-weather|Snow\n|\n|t:|1700686677\n|switch|p2a: Cinderace|Cinderace, F|100\/100|[from] Chilly Reception\n|\n|-weather|Snow|[upkeep]\n|-heal|p1a: Clefable|100\/100|[from] item: Leftovers\n|upkeep\n|turn|19\n|\n|t:|1700686682\n|move|p2a: Cinderace|Pyro Ball|p1a: Clefable\n|-damage|p1a: Clefable|35\/100\n|move|p1a: Clefable|Knock Off|p2a: Cinderace\n|-damage|p2a: Cinderace|81\/100\n|-enditem|p2a: Cinderace|Heavy-Duty Boots|[from] move: Knock Off|[of] p1a: Clefable\n|\n|-weather|Snow|[upkeep]\n|-end|p1a: Clefable|move: Future Sight\n|-damage|p1a: Clefable|6\/100\n|-heal|p1a: Clefable|12\/100|[from] item: Leftovers\n|upkeep\n|turn|20\n|\n|t:|1700686701\n|switch|p1a: Chesnaught|Chesnaught, M|60\/100\n|move|p2a: Cinderace|Pyro Ball|p1a: Chesnaught\n|-immune|p1a: Chesnaught|[from] ability: Bulletproof\n|\n|-weather|Snow|[upkeep]\n|upkeep\n|turn|21\n|\n|t:|1700686714\n|move|p2a: Cinderace|Court Change|p2a: Cinderace\n|-start|p2a: Cinderace|typechange|Normal|[from] ability: Libero\n|-swapsideconditions\n|-activate|p2a: Cinderace|move: Court Change\n|move|p1a: Chesnaught|Synthesis|p1a: Chesnaught\n|-heal|p1a: Chesnaught|85\/100\n|\n|-weather|Snow|[upkeep]\n|upkeep\n|turn|22\n|\n|t:|1700686718\n|move|p2a: Cinderace|Will-O-Wisp|p1a: Chesnaught\n|-status|p1a: Chesnaught|brn\n|move|p1a: Chesnaught|Spikes|p2a: Cinderace\n|-sidestart|p2: seakingmissile|Spikes\n|\n|-weather|none\n|-damage|p1a: Chesnaught|79\/100 brn|[from] brn\n|upkeep\n|turn|23\n|\n|t:|1700686724\n|move|p2a: Cinderace|High Jump Kick|p1a: Chesnaught\n|-damage|p1a: Chesnaught|54\/100 brn\n|move|p1a: Chesnaught|Spikes|p2a: Cinderace\n|-sidestart|p2: seakingmissile|Spikes\n|\n|-damage|p1a: Chesnaught|48\/100 brn|[from] brn\n|upkeep\n|turn|24\n|\n|t:|1700686728\n|move|p2a: Cinderace|High Jump Kick|p1a: Chesnaught\n|-damage|p1a: Chesnaught|24\/100 brn\n|move|p1a: Chesnaught|Synthesis|p1a: Chesnaught\n|-heal|p1a: Chesnaught|74\/100 brn\n|\n|-damage|p1a: Chesnaught|68\/100 brn|[from] brn\n|upkeep\n|turn|25\n|\n|t:|1700686739\n|switch|p2a: Zapdos|Zapdos|100\/100\n|move|p1a: Chesnaught|Spikes|p2a: Zapdos\n|-sidestart|p2: seakingmissile|Spikes\n|\n|-damage|p1a: Chesnaught|62\/100 brn|[from] brn\n|upkeep\n|turn|26\n|\n|t:|1700686746\n|switch|p1a: Clodsire|Clodsire, F|100\/100\n|move|p2a: Zapdos|Hurricane|p1a: Clodsire\n|-damage|p1a: Clodsire|67\/100\n|\n|upkeep\n|turn|27\n|\n|t:|1700686752\n|move|p2a: Zapdos|Hurricane|p1a: Clodsire\n|-damage|p1a: Clodsire|33\/100\n|move|p1a: Clodsire|Poison Jab|p2a: Zapdos\n|-damage|p2a: Zapdos|78\/100\n|-status|p2a: Zapdos|psn\n|\n|-damage|p2a: Zapdos|65\/100 psn|[from] psn\n|upkeep\n|turn|28\n|\n|t:|1700686761\n|switch|p1a: Blissey|Blissey, F|87\/100\n|move|p2a: Zapdos|Hurricane|p1a: Blissey\n|-damage|p1a: Blissey|67\/100\n|\n|-damage|p2a: Zapdos|53\/100 psn|[from] psn\n|upkeep\n|turn|29\n|\n|t:|1700686763\n|move|p2a: Zapdos|U-turn|p1a: Blissey\n|-damage|p1a: Blissey|53\/100\n|\n|t:|1700686765\n|switch|p2a: Landorus|Landorus-Therian, M|52\/100|[from] U-turn\n|-ability|p2a: Landorus|Intimidate|boost\n|-unboost|p1a: Blissey|atk|1\n|move|p1a: Blissey|Soft-Boiled|p1a: Blissey\n|-heal|p1a: Blissey|100\/100\n|\n|upkeep\n|turn|30\n|\n|t:|1700686771\n|switch|p1a: Mandibuzz|Mandibuzz, F|66\/100\n|move|p2a: Landorus|Earthquake|p1a: Mandibuzz\n|-immune|p1a: Mandibuzz\n|\n|upkeep\n|turn|31\n|\n|t:|1700686778\n|move|p2a: Landorus|U-turn|p1a: Mandibuzz\n|-damage|p1a: Mandibuzz|51\/100\n|\n|t:|1700686779\n|switch|p2a: Zapdos|Zapdos|53\/100 psn|[from] U-turn\n|move|p1a: Mandibuzz|Roost|p1a: Mandibuzz\n|-heal|p1a: Mandibuzz|100\/100\n|-singleturn|p1a: Mandibuzz|move: Roost\n|\n|-damage|p2a: Zapdos|41\/100 psn|[from] psn\n|upkeep\n|turn|32\n|\n|t:|1700686791\n|switch|p1a: Blissey|Blissey, F|100\/100\n|move|p2a: Zapdos|Roost|p2a: Zapdos\n|-heal|p2a: Zapdos|91\/100 psn\n|-singleturn|p2a: Zapdos|move: Roost\n|\n|-damage|p2a: Zapdos|79\/100 psn|[from] psn\n|upkeep\n|turn|33\n|\n|t:|1700686797\n|move|p2a: Zapdos|U-turn|p1a: Blissey\n|-damage|p1a: Blissey|86\/100\n|\n|t:|1700686799\n|switch|p2a: Slowking|Slowking-Galar, F|100\/100|[from] U-turn\n|-damage|p2a: Slowking|76\/100|[from] Spikes\n|move|p1a: Blissey|Seismic Toss|p2a: Slowking\n|-damage|p2a: Slowking|50\/100\n|\n|upkeep\n|turn|34\n|\n|t:|1700686803\n|move|p1a: Blissey|Seismic Toss|p2a: Slowking\n|-damage|p2a: Slowking|25\/100\n|move|p2a: Slowking|Slack Off|p2a: Slowking\n|-heal|p2a: Slowking|75\/100\n|\n|upkeep\n|turn|35\n|\n|t:|1700686810\n|move|p1a: Blissey|Seismic Toss|p2a: Slowking\n|-damage|p2a: Slowking|49\/100\n|move|p2a: Slowking|Sludge Bomb|p1a: Blissey\n|-damage|p1a: Blissey|75\/100\n|-status|p1a: Blissey|psn\n|\n|-damage|p1a: Blissey|63\/100 psn|[from] psn\n|upkeep\n|turn|36\n|\n|t:|1700686817\n|switch|p2a: Zapdos|Zapdos|79\/100 psn\n|move|p1a: Blissey|Soft-Boiled|p1a: Blissey\n|-heal|p1a: Blissey|100\/100 psn\n|\n|-damage|p2a: Zapdos|66\/100 psn|[from] psn\n|-damage|p1a: Blissey|88\/100 psn|[from] psn\n|upkeep\n|turn|37\n|\n|t:|1700686824\n|move|p2a: Zapdos|Roost|p2a: Zapdos\n|-heal|p2a: Zapdos|100\/100 psn\n|-singleturn|p2a: Zapdos|move: Roost\n|move|p1a: Blissey|Seismic Toss|p2a: Zapdos\n|-damage|p2a: Zapdos|74\/100 psn\n|\n|-damage|p2a: Zapdos|62\/100 psn|[from] psn\n|-damage|p1a: Blissey|76\/100 psn|[from] psn\n|upkeep\n|turn|38\n|\n|t:|1700686829\n|move|p2a: Zapdos|Hurricane|p1a: Blissey\n|-damage|p1a: Blissey|55\/100 psn\n|-start|p1a: Blissey|confusion\n|-activate|p1a: Blissey|confusion\n|move|p1a: Blissey|Seismic Toss|p2a: Zapdos\n|-damage|p2a: Zapdos|36\/100 psn\n|\n|-damage|p2a: Zapdos|24\/100 psn|[from] psn\n|-damage|p1a: Blissey|43\/100 psn|[from] psn\n|upkeep\n|turn|39\n|\n|t:|1700686832\n|move|p2a: Zapdos|Roost|p2a: Zapdos\n|-heal|p2a: Zapdos|74\/100 psn\n|-singleturn|p2a: Zapdos|move: Roost\n|-activate|p1a: Blissey|confusion\n|-damage|p1a: Blissey|42\/100 psn|[from] confusion\n|\n|-damage|p2a: Zapdos|62\/100 psn|[from] psn\n|-damage|p1a: Blissey|29\/100 psn|[from] psn\n|upkeep\n|turn|40\n|\n|t:|1700686839\n|move|p2a: Zapdos|Hurricane|p1a: Blissey|[miss]\n|-miss|p2a: Zapdos|p1a: Blissey\n|-activate|p1a: Blissey|confusion\n|move|p1a: Blissey|Soft-Boiled|p1a: Blissey\n|-heal|p1a: Blissey|79\/100 psn\n|\n|-damage|p2a: Zapdos|49\/100 psn|[from] psn\n|-damage|p1a: Blissey|67\/100 psn|[from] psn\n|upkeep\n|turn|41\n|\n|t:|1700686844\n|-curestatus|p1a: Blissey|psn|[from] ability: Natural Cure\n|switch|p1a: Clefable|Clefable, M|12\/100\n|move|p2a: Zapdos|U-turn|p1a: Clefable\n|-resisted|p1a: Clefable\n|-damage|p1a: Clefable|4\/100\n|\n|t:|1700686848\n|switch|p2a: Cinderace|Cinderace, F|81\/100|[from] U-turn\n|-damage|p2a: Cinderace|56\/100|[from] Spikes\n|\n|-heal|p1a: Clefable|10\/100|[from] item: Leftovers\n|upkeep\n|turn|42\n|\n|t:|1700686859\n|switch|p1a: Chesnaught|Chesnaught, M|62\/100 brn\n|move|p2a: Cinderace|High Jump Kick|p1a: Chesnaught\n|-start|p2a: Cinderace|typechange|Fighting|[from] ability: Libero\n|-damage|p1a: Chesnaught|26\/100 brn\n|\n|-damage|p1a: Chesnaught|20\/100 brn|[from] brn\n|upkeep\n|turn|43\n|\n|t:|1700686876\n|switch|p1a: Dondozo|Dondozo, F|100\/100\n|move|p2a: Cinderace|High Jump Kick|p1a: Dondozo|[miss]\n|-miss|p2a: Cinderace|p1a: Dondozo\n|-damage|p2a: Cinderace|6\/100|[from] highjumpkick\n|\n|upkeep\n|turn|44\n|\n|t:|1700686885\n|move|p2a: Cinderace|Will-O-Wisp|p1a: Dondozo\n|-status|p1a: Dondozo|brn\n|move|p1a: Dondozo|Waterfall|p2a: Cinderace\n|-damage|p2a: Cinderace|0 fnt\n|faint|p2a: Cinderace\n|\n|-damage|p1a: Dondozo|94\/100 brn|[from] brn\n|upkeep\n|\n|t:|1700686888\n|switch|p2a: Zapdos|Zapdos|49\/100 psn\n|turn|45\n|\n|t:|1700686896\n|switch|p1a: Blissey|Blissey, F|67\/100\n|move|p2a: Zapdos|Roost|p2a: Zapdos\n|-heal|p2a: Zapdos|99\/100 psn\n|-singleturn|p2a: Zapdos|move: Roost\n|\n|-damage|p2a: Zapdos|87\/100 psn|[from] psn\n|upkeep\n|turn|46\n|\n|t:|1700686903\n|move|p2a: Zapdos|Hurricane|p1a: Blissey\n|-damage|p1a: Blissey|50\/100\n|move|p1a: Blissey|Soft-Boiled|p1a: Blissey\n|-heal|p1a: Blissey|99\/100\n|\n|-damage|p2a: Zapdos|75\/100 psn|[from] psn\n|upkeep\n|turn|47\n|\n|t:|1700686909\n|move|p2a: Zapdos|U-turn|p1a: Blissey\n|-damage|p1a: Blissey|87\/100\n|\n|t:|1700686911\n|switch|p2a: Meloetta|Meloetta|100\/100|[from] U-turn\n|-damage|p2a: Meloetta|76\/100|[from] Spikes\n|move|p1a: Blissey|Seismic Toss|p2a: Meloetta\n|-damage|p2a: Meloetta|46\/100\n|\n|upkeep\n|turn|48\n|\n|t:|1700686933\n|-terastallize|p1a: Blissey|Dark\n|move|p2a: Meloetta|Knock Off|p1a: Blissey\n|-resisted|p1a: Blissey\n|-damage|p1a: Blissey|70\/100\n|-enditem|p1a: Blissey|Heavy-Duty Boots|[from] move: Knock Off|[of] p2a: Meloetta\n|-damage|p2a: Meloetta|36\/100|[from] item: Life Orb\n|move|p1a: Blissey|Seismic Toss|p2a: Meloetta\n|-damage|p2a: Meloetta|7\/100\n|\n|upkeep\n|turn|49\n|\n|t:|1700686937\n|move|p2a: Meloetta|Play Rough|p1a: Blissey\n|-supereffective|p1a: Blissey\n|-damage|p1a: Blissey|15\/100\n|-damage|p2a: Meloetta|0 fnt|[from] item: Life Orb\n|faint|p2a: Meloetta\n|move|p1a: Blissey|Seismic Toss|p2: Meloetta|[notarget]\n|-fail|p1a: Blissey\n|\n|upkeep\n|\n|t:|1700686943\n|switch|p2a: Landorus|Landorus-Therian, M|52\/100\n|-ability|p2a: Landorus|Intimidate|boost\n|-unboost|p1a: Blissey|atk|1\n|turn|50\n|\n|t:|1700686946\n|switch|p1a: Mandibuzz|Mandibuzz, F|100\/100\n|move|p2a: Landorus|Earthquake|p1a: Mandibuzz\n|-immune|p1a: Mandibuzz\n|\n|upkeep\n|turn|51\n|\n|t:|1700686958\n|move|p2a: Landorus|U-turn|p1a: Mandibuzz\n|-crit|p1a: Mandibuzz\n|-damage|p1a: Mandibuzz|77\/100\n|\n|t:|1700686960\n|switch|p2a: Zapdos|Zapdos|75\/100 psn|[from] U-turn\n|move|p1a: Mandibuzz|Foul Play|p2a: Zapdos\n|-damage|p2a: Zapdos|47\/100 psn\n|\n|-damage|p2a: Zapdos|34\/100 psn|[from] psn\n|upkeep\n|turn|52\n|\n|t:|1700686966\n|switch|p1a: Clefable|Clefable, M|10\/100\n|move|p2a: Zapdos|Roost|p2a: Zapdos\n|-heal|p2a: Zapdos|85\/100 psn\n|-singleturn|p2a: Zapdos|move: Roost\n|\n|-heal|p1a: Clefable|16\/100|[from] item: Leftovers\n|-damage|p2a: Zapdos|72\/100 psn|[from] psn\n|upkeep\n|turn|53\n|\n|t:|1700686979\n|switch|p1a: Blissey|Blissey, F, tera:Dark|15\/100\n|-damage|p1a: Blissey|0 fnt|[from] Spikes\n|faint|p1a: Blissey\n|move|p2a: Zapdos|Discharge|p1: Blissey|[notarget]\n|-fail|p2a: Zapdos\n|\n|-damage|p2a: Zapdos|60\/100 psn|[from] psn\n|upkeep\n|\n|t:|1700686992\n|switch|p1a: Clodsire|Clodsire, F|33\/100\n|turn|54\n|\n|t:|1700686995\n|move|p2a: Zapdos|Hurricane|p1a: Clodsire\n|-damage|p1a: Clodsire|0 fnt\n|faint|p1a: Clodsire\n|\n|-damage|p2a: Zapdos|48\/100 psn|[from] psn\n|upkeep\n|c|\u2606illes|gg\n|c|\u2606seakingmissile|gg\n|-message|illes forfeited.\n|\n|win|seakingmissile\n|raw|illes's rating: 1485 &rarr; <strong>1464<\/strong><br \/>(-21 for losing)\n|raw|seakingmissile's rating: 1476 &rarr; <strong>1497<\/strong><br \/>(+21 for winning)\n|l|\u2606illes\n","uploadtime":1700687011,"views":2,"p1id":"illes","p2id":"seakingmissile","formatid":"gen9ou","rating":1464,"private":0,"password":""}