{"id":"gen9ou-1996465249","p1":"clodgod6","p2":"Catbugn","format":"[Gen 9] OU","log":"|j|\u2606clodgod6\n|j|\u2606Catbugn\n|t:|1700684640\n|gametype|singles\n|player|p1|clodgod6|wally|1729\n|player|p2|Catbugn|dawn|1737\n|teamsize|p1|6\n|teamsize|p2|6\n|gen|9\n|tier|[Gen 9] OU\n|rated|\n|rule|Sleep Clause Mod: Limit one foe put to sleep\n|rule|Species Clause: Limit one of each Pok\u00e9mon\n|rule|OHKO Clause: OHKO moves are banned\n|rule|Evasion Items Clause: Evasion items are banned\n|rule|Evasion Moves Clause: Evasion moves are banned\n|rule|Endless Battle Clause: Forcing endless battles is banned\n|rule|HP Percentage Mod: HP is shown in percentages\n|clearpoke\n|poke|p1|Ribombee, M|\n|poke|p1|Kingambit, F|\n|poke|p1|Ogerpon-Wellspring, F|\n|poke|p1|Heatran, F|\n|poke|p1|Great Tusk|\n|poke|p1|Ceruledge, F|\n|poke|p2|Garchomp, M|\n|poke|p2|Great Tusk|\n|poke|p2|Espeon, F|\n|poke|p2|Salamence, F|\n|poke|p2|Blissey, F|\n|poke|p2|Skeledirge, M|\n|teampreview\n|inactive|Battle timer is ON: inactive players will automatically lose when time's up. (requested by Catbugn)\n|c|\u2606clodgod6|hf\n|j| YB is BETTER\n|\n|t:|1700684665\n|start\n|switch|p1a: Bee movie|Ribombee, M|100\/100\n|switch|p2a: Espeon|Espeon, F|100\/100\n|turn|1\n|\n|t:|1700684671\n|move|p1a: Bee movie|Moonblast|p2a: Espeon\n|-damage|p2a: Espeon|49\/100\n|move|p2a: Espeon|Power Gem|p1a: Bee movie\n|-supereffective|p1a: Bee movie\n|-enditem|p1a: Bee movie|Focus Sash\n|-damage|p1a: Bee movie|1\/100\n|\n|upkeep\n|turn|2\n|\n|t:|1700684679\n|switch|p2a: Blissey|Blissey, F|100\/100\n|move|p1a: Bee movie|Moonblast|p2a: Blissey\n|-damage|p2a: Blissey|85\/100\n|-unboost|p2a: Blissey|spa|1\n|\n|-heal|p2a: Blissey|91\/100|[from] item: Leftovers\n|upkeep\n|turn|3\n|\n|t:|1700684693\n|move|p1a: Bee movie|Moonblast|p2a: Blissey\n|-damage|p2a: Blissey|75\/100\n|-unboost|p2a: Blissey|spa|1\n|move|p2a: Blissey|Stealth Rock|p1a: Bee movie\n|-sidestart|p1: clodgod6|move: Stealth Rock\n|\n|-heal|p2a: Blissey|81\/100|[from] item: Leftovers\n|upkeep\n|turn|4\n|\n|t:|1700684702\n|move|p1a: Bee movie|Sticky Web|p2a: Blissey\n|-sidestart|p2: Catbugn|move: Sticky Web\n|move|p2a: Blissey|Seismic Toss|p1a: Bee movie\n|-damage|p1a: Bee movie|0 fnt\n|faint|p1a: Bee movie\n|\n|-heal|p2a: Blissey|87\/100|[from] item: Leftovers\n|upkeep\n|\n|t:|1700684712\n|switch|p1a: Demon slayer|Ceruledge, F|100\/100\n|turn|5\n|\n|t:|1700684717\n|move|p1a: Demon slayer|Taunt|p2a: Blissey\n|-start|p2a: Blissey|move: Taunt\n|cant|p2a: Blissey|move: Taunt|Thunder Wave\n|\n|-heal|p2a: Blissey|93\/100|[from] item: Leftovers\n|upkeep\n|turn|6\n|j| vontebmf1\n|\n|t:|1700684725\n|switch|p2a: Salamence|Salamence, F|100\/100\n|-ability|p2a: Salamence|Intimidate|boost\n|-unboost|p1a: Demon slayer|atk|1\n|move|p1a: Demon slayer|Bulk Up|p1a: Demon slayer\n|-boost|p1a: Demon slayer|atk|1\n|-boost|p1a: Demon slayer|def|1\n|\n|upkeep\n|turn|7\n|j| Ctannn\n|inactive|clodgod6 has 120 seconds left.\n|\n|t:|1700684771\n|move|p1a: Demon slayer|Shadow Sneak|p2a: Salamence\n|-damage|p2a: Salamence|81\/100\n|move|p2a: Salamence|Draco Meteor|p1a: Demon slayer\n|-crit|p1a: Demon slayer\n|-damage|p1a: Demon slayer|0 fnt\n|-unboost|p2a: Salamence|spa|2\n|faint|p1a: Demon slayer\n|\n|upkeep\n|\n|t:|1700684774\n|switch|p1a: Flow like water|Ogerpon-Wellspring, F|100\/100\n|-damage|p1a: Flow like water|88\/100|[from] Stealth Rock\n|turn|8\n|\n|t:|1700684793\n|switch|p2a: Skeledirge|Skeledirge, M|100\/100\n|-activate|p2a: Skeledirge|move: Sticky Web\n|-unboost|p2a: Skeledirge|spe|1\n|-terastallize|p1a: Flow like water|Water\n|detailschange|p1a: Flow like water|Ogerpon-Wellspring-Tera, F, tera:Water\n|-ability|p1a: Flow like water|Embody Aspect (Wellspring)|boost\n|-boost|p1a: Flow like water|spd|1\n|move|p1a: Flow like water|Swords Dance|p1a: Flow like water\n|-boost|p1a: Flow like water|atk|2\n|\n|upkeep\n|turn|9\n|\n|t:|1700684805\n|-terastallize|p2a: Skeledirge|Grass\n|move|p1a: Flow like water|Ivy Cudgel|p2a: Skeledirge|[anim] Ivy Cudgel Water\n|-resisted|p2a: Skeledirge\n|-damage|p2a: Skeledirge|77\/100\n|move|p2a: Skeledirge|Will-O-Wisp|p1a: Flow like water\n|-status|p1a: Flow like water|brn\n|\n|-heal|p2a: Skeledirge|84\/100|[from] item: Leftovers\n|-damage|p1a: Flow like water|82\/100 brn|[from] brn\n|upkeep\n|turn|10\n|\n|t:|1700684820\n|switch|p2a: Great Tusk|Great Tusk|100\/100\n|-activate|p2a: Great Tusk|move: Sticky Web\n|-unboost|p2a: Great Tusk|spe|1\n|move|p1a: Flow like water|Encore||[still]\n|-fail|p1a: Flow like water\n|\n|-damage|p1a: Flow like water|76\/100 brn|[from] brn\n|upkeep\n|turn|11\n|\n|t:|1700684829\n|move|p1a: Flow like water|Ivy Cudgel|p2a: Great Tusk|[anim] Ivy Cudgel Water\n|-supereffective|p2a: Great Tusk\n|-damage|p2a: Great Tusk|31\/100\n|move|p2a: Great Tusk|Rapid Spin|p1a: Flow like water\n|-damage|p1a: Flow like water|55\/100 brn\n|-boost|p2a: Great Tusk|spe|1\n|-sideend|p2: Catbugn|Sticky Web|[from] move: Rapid Spin|[of] p2a: Great Tusk\n|\n|-heal|p2a: Great Tusk|37\/100|[from] item: Leftovers\n|-damage|p1a: Flow like water|49\/100 brn|[from] brn\n|upkeep\n|turn|12\n|\n|t:|1700684841\n|-end|p2a: Great Tusk|Protosynthesis|[silent]\n|switch|p2a: Salamence|Salamence, F|81\/100\n|-ability|p2a: Salamence|Intimidate|boost\n|-unboost|p1a: Flow like water|atk|1\n|move|p1a: Flow like water|Ivy Cudgel|p2a: Salamence|[anim] Ivy Cudgel Water\n|-resisted|p2a: Salamence\n|-damage|p2a: Salamence|44\/100\n|\n|-damage|p1a: Flow like water|43\/100 brn|[from] brn\n|upkeep\n|turn|13\n|\n|t:|1700684856\n|move|p1a: Flow like water|Ivy Cudgel|p2a: Salamence|[anim] Ivy Cudgel Water\n|-resisted|p2a: Salamence\n|-damage|p2a: Salamence|8\/100\n|move|p2a: Salamence|Draco Meteor|p1a: Flow like water\n|-damage|p1a: Flow like water|0 fnt\n|-unboost|p2a: Salamence|spa|2\n|faint|p1a: Flow like water\n|\n|upkeep\n|\n|t:|1700684861\n|switch|p1a: Checkmate!|Kingambit, F|100\/100\n|-damage|p1a: Checkmate!|94\/100|[from] Stealth Rock\n|-activate|p1a: Checkmate!|ability: Supreme Overlord\n|-start|p1a: Checkmate!|fallen3|[silent]\n|turn|14\n|\n|t:|1700684880\n|switch|p2a: Skeledirge|Skeledirge, M, tera:Grass|84\/100\n|move|p1a: Checkmate!|Iron Head|p2a: Skeledirge\n|-damage|p2a: Skeledirge|31\/100\n|\n|-heal|p2a: Skeledirge|37\/100|[from] item: Leftovers\n|upkeep\n|turn|15\n|\n|t:|1700684896\n|switch|p2a: Salamence|Salamence, F|8\/100\n|-ability|p2a: Salamence|Intimidate|boost\n|-unboost|p1a: Checkmate!|atk|1\n|-end|p1a: Checkmate!|fallen3|[silent]\n|switch|p1a: Straightheat:fire:|Heatran, F|100\/100\n|-damage|p1a: Straightheat:fire:|88\/100|[from] Stealth Rock\n|\n|-heal|p1a: Straightheat:fire:|94\/100|[from] item: Leftovers\n|upkeep\n|turn|16\n|inactive|clodgod6 has 120 seconds left.\n|\n|t:|1700684942\n|switch|p1a: normie|Great Tusk|100\/100\n|move|p2a: Salamence|Hydro Pump|p1a: normie\n|-supereffective|p1a: normie\n|-damage|p1a: normie|0 fnt\n|faint|p1a: normie\n|-end|p1a: normie|Protosynthesis|[silent]\n|\n|upkeep\n|\n|t:|1700684944\n|switch|p1a: Checkmate!|Kingambit, F|94\/100\n|-damage|p1a: Checkmate!|88\/100|[from] Stealth Rock\n|-activate|p1a: Checkmate!|ability: Supreme Overlord\n|-start|p1a: Checkmate!|fallen4|[silent]\n|turn|17\n|-message|clodgod6 forfeited.\n|\n|win|Catbugn\n|raw|clodgod6's rating: 1729 &rarr; <strong>1709<\/strong><br \/>(-20 for losing)\n|raw|Catbugn's rating: 1737 &rarr; <strong>1757<\/strong><br \/>(+20 for winning)\n|l|\u2606clodgod6\n","uploadtime":1700684962,"views":0,"p1id":"clodgod6","p2id":"catbugn","formatid":"gen9ou","rating":1709,"private":0,"password":""}