{"id":"gen9ou-1991770770","p1":"wyverbal","p2":"aryoac","format":"[Gen 9] OU","log":"|j|\u2606wyverbal\n|j|\u2606aryoac\n|t:|1700114258\n|gametype|singles\n|player|p1|wyverbal|169|1104\n|player|p2|aryoac|2|1174\n|teamsize|p1|6\n|teamsize|p2|6\n|gen|9\n|tier|[Gen 9] OU\n|rated|\n|rule|Sleep Clause Mod: Limit one foe put to sleep\n|rule|Species Clause: Limit one of each Pok\u00e9mon\n|rule|OHKO Clause: OHKO moves are banned\n|rule|Evasion Items Clause: Evasion items are banned\n|rule|Evasion Moves Clause: Evasion moves are banned\n|rule|Endless Battle Clause: Forcing endless battles is banned\n|rule|HP Percentage Mod: HP is shown in percentages\n|clearpoke\n|poke|p1|Armarouge, M|\n|poke|p1|Revavroom, M|\n|poke|p1|Veluza, M|\n|poke|p1|Chesnaught, F|\n|poke|p1|Braviary-Hisui, M|\n|poke|p1|Scizor, M|\n|poke|p2|Ribombee, M|\n|poke|p2|Grimmsnarl, M|\n|poke|p2|Great Tusk|\n|poke|p2|Dragonite, M|\n|poke|p2|Gholdengo|\n|poke|p2|Rillaboom, F|\n|teampreview\n|inactive|Battle timer is ON: inactive players will automatically lose when time's up. (requested by wyverbal)\n|\n|t:|1700114269\n|start\n|switch|p1a: Revavroom|Revavroom, M, shiny|100\/100\n|switch|p2a: Grimmsnarl|Grimmsnarl, M, shiny|100\/100\n|-item|p1a: Revavroom|Air Balloon\n|turn|1\n|\n|t:|1700114288\n|move|p2a: Grimmsnarl|Taunt|p1a: Revavroom\n|-start|p1a: Revavroom|move: Taunt\n|cant|p1a: Revavroom|move: Taunt|Shift Gear\n|\n|upkeep\n|turn|2\n|\n|t:|1700114301\n|move|p2a: Grimmsnarl|Reflect|p2a: Grimmsnarl\n|-sidestart|p2: aryoac|Reflect\n|move|p1a: Revavroom|High Horsepower|p2a: Grimmsnarl\n|-damage|p2a: Grimmsnarl|84\/100\n|\n|upkeep\n|turn|3\n|\n|t:|1700114306\n|move|p2a: Grimmsnarl|Light Screen|p2a: Grimmsnarl\n|-sidestart|p2: aryoac|move: Light Screen\n|move|p1a: Revavroom|Iron Head|p2a: Grimmsnarl\n|-supereffective|p2a: Grimmsnarl\n|-damage|p2a: Grimmsnarl|37\/100\n|\n|-end|p1a: Revavroom|move: Taunt\n|upkeep\n|turn|4\n|\n|t:|1700114313\n|switch|p2a: Dragonite|Dragonite, M|100\/100\n|move|p1a: Revavroom|Shift Gear|p1a: Revavroom\n|-boost|p1a: Revavroom|spe|2\n|-boost|p1a: Revavroom|atk|1\n|\n|upkeep\n|turn|5\n|\n|t:|1700114322\n|move|p1a: Revavroom|Poison Jab|p2a: Dragonite\n|-damage|p2a: Dragonite|83\/100\n|move|p2a: Dragonite|Dragon Dance|p2a: Dragonite\n|-boost|p2a: Dragonite|atk|1\n|-boost|p2a: Dragonite|spe|1\n|\n|upkeep\n|turn|6\n|\n|t:|1700114327\n|move|p1a: Revavroom|Poison Jab|p2a: Dragonite\n|-damage|p2a: Dragonite|51\/100\n|move|p2a: Dragonite|Dragon Dance|p2a: Dragonite\n|-boost|p2a: Dragonite|atk|1\n|-boost|p2a: Dragonite|spe|1\n|\n|upkeep\n|turn|7\n|\n|t:|1700114333\n|move|p1a: Revavroom|Iron Head|p2a: Dragonite\n|-crit|p2a: Dragonite\n|-damage|p2a: Dragonite|0 fnt\n|faint|p2a: Dragonite\n|\n|upkeep\n|\n|t:|1700114352\n|switch|p2a: GreenUVLight|Ribombee, M|100\/100\n|turn|8\n|\n|t:|1700114367\n|-terastallize|p2a: GreenUVLight|Fire\n|move|p1a: Revavroom|Shift Gear|p1a: Revavroom\n|-boost|p1a: Revavroom|spe|2\n|-boost|p1a: Revavroom|atk|1\n|move|p2a: GreenUVLight|Quiver Dance|p2a: GreenUVLight\n|-boost|p2a: GreenUVLight|spa|1\n|-boost|p2a: GreenUVLight|spd|1\n|-boost|p2a: GreenUVLight|spe|1\n|\n|upkeep\n|turn|9\n|\n|t:|1700114376\n|move|p1a: Revavroom|High Horsepower|p2a: GreenUVLight\n|-supereffective|p2a: GreenUVLight\n|-damage|p2a: GreenUVLight|14\/100\n|move|p2a: GreenUVLight|Tera Blast|p1a: Revavroom|[anim] Tera Blast Fire\n|-supereffective|p1a: Revavroom\n|-damage|p1a: Revavroom|0 fnt\n|-enditem|p1a: Revavroom|Air Balloon\n|faint|p1a: Revavroom\n|-damage|p2a: GreenUVLight|4\/100|[from] item: Life Orb\n|\n|-sideend|p2: aryoac|Reflect\n|upkeep\n|\n|t:|1700114403\n|switch|p1a: Braviary|Braviary-Hisui, M, shiny|100\/100\n|turn|10\n|\n|t:|1700114412\n|move|p2a: GreenUVLight|Tera Blast|p1a: Braviary|[anim] Tera Blast Fire\n|-damage|p1a: Braviary|44\/100\n|-damage|p2a: GreenUVLight|0 fnt|[from] item: Life Orb\n|faint|p2a: GreenUVLight\n|move|p1a: Braviary|Esper Wing|p2: GreenUVLight|[notarget]\n|-fail|p1a: Braviary\n|\n|-sideend|p2: aryoac|move: Light Screen\n|upkeep\n|\n|t:|1700114421\n|switch|p2a: Rillaboom|Rillaboom, F|100\/100\n|-fieldstart|move: Grassy Terrain|[from] ability: Grassy Surge|[of] p2a: Rillaboom\n|turn|11\n|\n|t:|1700114429\n|move|p2a: Rillaboom|Swords Dance|p2a: Rillaboom\n|-boost|p2a: Rillaboom|atk|2\n|move|p1a: Braviary|Roost|p1a: Braviary\n|-heal|p1a: Braviary|94\/100\n|-singleturn|p1a: Braviary|move: Roost\n|\n|-heal|p1a: Braviary|99\/100|[from] Grassy Terrain\n|upkeep\n|turn|12\n|\n|t:|1700114440\n|move|p2a: Rillaboom|Grassy Glide|p1a: Braviary\n|-resisted|p1a: Braviary\n|-damage|p1a: Braviary|43\/100\n|-damage|p2a: Rillaboom|91\/100|[from] item: Life Orb\n|move|p1a: Braviary|Heat Wave|p2a: Rillaboom\n|-supereffective|p2a: Rillaboom\n|-damage|p2a: Rillaboom|3\/100\n|\n|-heal|p2a: Rillaboom|9\/100|[from] Grassy Terrain\n|upkeep\n|turn|13\n|\n|t:|1700114452\n|move|p2a: Rillaboom|Grassy Glide|p1a: Braviary\n|-resisted|p1a: Braviary\n|-damage|p1a: Braviary|0 fnt\n|faint|p1a: Braviary\n|-damage|p2a: Rillaboom|0 fnt|[from] item: Life Orb\n|faint|p2a: Rillaboom\n|\n|upkeep\n|\n|t:|1700114471\n|switch|p2a: Grimmsnarl|Grimmsnarl, M, shiny|37\/100\n|switch|p1a: Veluza|Veluza, M, shiny|100\/100\n|-ability|p1a: Veluza|Mold Breaker\n|turn|14\n|\n|t:|1700114479\n|move|p2a: Grimmsnarl|Light Screen|p2a: Grimmsnarl\n|-sidestart|p2: aryoac|move: Light Screen\n|move|p1a: Veluza|Flip Turn|p2a: Grimmsnarl\n|-damage|p2a: Grimmsnarl|14\/100\n|inactive|wyverbal has 120 seconds left.\n|\n|t:|1700114507\n|switch|p1a: Scizor|Scizor, M, shiny|100\/100|[from] Flip Turn\n|\n|-heal|p2a: Grimmsnarl|21\/100|[from] Grassy Terrain\n|upkeep\n|turn|15\n|inactive|wyverbal has 120 seconds left.\n|\n|t:|1700114517\n|move|p1a: Scizor|Bullet Punch|p2a: Grimmsnarl\n|-supereffective|p2a: Grimmsnarl\n|-damage|p2a: Grimmsnarl|0 fnt\n|faint|p2a: Grimmsnarl\n|\n|-fieldend|move: Grassy Terrain\n|upkeep\n|\n|t:|1700114524\n|switch|p2a: Great Tusk|Great Tusk|100\/100\n|-enditem|p2a: Great Tusk|Booster Energy\n|-activate|p2a: Great Tusk|ability: Protosynthesis|[fromitem]\n|-start|p2a: Great Tusk|protosynthesisspe\n|turn|16\n|\n|t:|1700114536\n|move|p2a: Great Tusk|Taunt|p1a: Scizor\n|-start|p1a: Scizor|move: Taunt\n|cant|p1a: Scizor|move: Taunt|Swords Dance\n|\n|upkeep\n|turn|17\n|\n|t:|1700114558\n|-end|p2a: Great Tusk|Protosynthesis|[silent]\n|switch|p2a: Gholdengo|Gholdengo|100\/100\n|move|p1a: Scizor|Thief|p2a: Gholdengo\n|-supereffective|p2a: Gholdengo\n|-damage|p2a: Gholdengo|25\/100\n|-enditem|p2a: Gholdengo|Salac Berry|[eat]\n|-boost|p2a: Gholdengo|spe|1|[from] item: Salac Berry\n|\n|upkeep\n|turn|18\n|-message|aryoac forfeited.\n|\n|win|wyverbal\n|raw|wyverbal's rating: 1104 &rarr; <strong>1134<\/strong><br \/>(+30 for winning)\n|raw|aryoac's rating: 1174 &rarr; <strong>1144<\/strong><br \/>(-30 for losing)\n|l|\u2606aryoac\n","uploadtime":1700114577,"views":7,"p1id":"wyverbal","p2id":"aryoac","formatid":"gen9ou","rating":1134,"private":0,"password":""}