{"id":"gen9ou-1991068142","p1":"NegativeVictoria","p2":"Mio_zephyr","format":"[Gen 9] OU","log":"|j|\u2606NegativeVictoria\n|j|\u2606Mio_zephyr\n|t:|1700037732\n|gametype|singles\n|player|p1|NegativeVictoria|plasmagruntf|1018\n|player|p2|Mio_zephyr|maid|1000\n|teamsize|p1|6\n|teamsize|p2|4\n|gen|9\n|tier|[Gen 9] OU\n|rated|\n|rule|Sleep Clause Mod: Limit one foe put to sleep\n|rule|Species Clause: Limit one of each Pok\u00e9mon\n|rule|OHKO Clause: OHKO moves are banned\n|rule|Evasion Items Clause: Evasion items are banned\n|rule|Evasion Moves Clause: Evasion moves are banned\n|rule|Endless Battle Clause: Forcing endless battles is banned\n|rule|HP Percentage Mod: HP is shown in percentages\n|clearpoke\n|poke|p1|Arcanine-Hisui, F|\n|poke|p1|Lilligant-Hisui, F|\n|poke|p1|Torkoal, F|\n|poke|p1|Espeon, F|\n|poke|p1|Iron Moth|\n|poke|p1|Pincurchin, F|\n|poke|p2|Iron Moth|\n|poke|p2|Great Tusk|\n|poke|p2|Ceruledge, M|\n|poke|p2|Dondozo, M|\n|teampreview\n|\n|t:|1700037740\n|start\n|switch|p1a: Torkoal|Torkoal, F|100\/100\n|switch|p2a: Great Tusk|Great Tusk|100\/100\n|-weather|SunnyDay|[from] ability: Drought|[of] p1a: Torkoal\n|-activate|p2a: Great Tusk|ability: Protosynthesis\n|-start|p2a: Great Tusk|protosynthesisatk\n|turn|1\n|\n|t:|1700037751\n|move|p2a: Great Tusk|Stealth Rock|p1a: Torkoal\n|-sidestart|p1: NegativeVictoria|move: Stealth Rock\n|move|p1a: Torkoal|Stealth Rock|p2a: Great Tusk\n|-sidestart|p2: Mio_zephyr|move: Stealth Rock\n|\n|-weather|SunnyDay|[upkeep]\n|upkeep\n|turn|2\n|\n|t:|1700037763\n|move|p2a: Great Tusk|Earthquake|p1a: Torkoal\n|-supereffective|p1a: Torkoal\n|-damage|p1a: Torkoal|29\/100\n|move|p1a: Torkoal|Flare Blitz|p2a: Great Tusk\n|-damage|p2a: Great Tusk|63\/100\n|-damage|p1a: Torkoal|16\/100|[from] Recoil\n|\n|-weather|SunnyDay|[upkeep]\n|upkeep\n|turn|3\n|\n|t:|1700037770\n|move|p2a: Great Tusk|Earthquake|p1a: Torkoal\n|-supereffective|p1a: Torkoal\n|-damage|p1a: Torkoal|0 fnt\n|faint|p1a: Torkoal\n|\n|-weather|SunnyDay|[upkeep]\n|upkeep\n|\n|t:|1700037773\n|switch|p1a: Lilligant|Lilligant-Hisui, F|100\/100\n|-damage|p1a: Lilligant|94\/100|[from] Stealth Rock\n|turn|4\n|\n|t:|1700037780\n|-end|p2a: Great Tusk|Protosynthesis|[silent]\n|switch|p2a: Iron Moth|Iron Moth, shiny|100\/100\n|-damage|p2a: Iron Moth|76\/100|[from] Stealth Rock\n|-enditem|p2a: Iron Moth|Booster Energy\n|-activate|p2a: Iron Moth|ability: Quark Drive|[fromitem]\n|-start|p2a: Iron Moth|quarkdrivespa\n|move|p1a: Lilligant|Leaf Blade|p2a: Iron Moth\n|-resisted|p2a: Iron Moth\n|-damage|p2a: Iron Moth|57\/100\n|\n|-weather|SunnyDay|[upkeep]\n|-heal|p1a: Lilligant|100\/100|[from] item: Leftovers\n|upkeep\n|turn|5\n|\n|t:|1700037801\n|switch|p1a: Arcanine|Arcanine-Hisui, F|100\/100\n|-damage|p1a: Arcanine|76\/100|[from] Stealth Rock\n|move|p2a: Iron Moth|Rest|p2a: Iron Moth\n|-status|p2a: Iron Moth|slp|[from] move: Rest\n|-heal|p2a: Iron Moth|100\/100 slp|[silent]\n|\n|-weather|SunnyDay|[upkeep]\n|upkeep\n|turn|6\n|\n|t:|1700037813\n|-end|p2a: Iron Moth|Quark Drive|[silent]\n|switch|p2a: Dondozo|Dondozo, M|100\/100\n|move|p1a: Arcanine|Head Smash|p2a: Dondozo\n|-crit|p2a: Dondozo\n|-damage|p2a: Dondozo|48\/100\n|\n|-weather|SunnyDay|[upkeep]\n|upkeep\n|turn|7\n|\n|t:|1700037826\n|switch|p1a: Pincurchin|Pincurchin, F|100\/100\n|-damage|p1a: Pincurchin|88\/100|[from] Stealth Rock\n|-fieldstart|move: Electric Terrain|[from] ability: Electric Surge|[of] p1a: Pincurchin\n|move|p2a: Dondozo|Aqua Tail|p1a: Pincurchin\n|-damage|p1a: Pincurchin|69\/100\n|\n|-weather|SunnyDay|[upkeep]\n|upkeep\n|turn|8\n|\n|t:|1700037840\n|switch|p2a: Great Tusk|Great Tusk|63\/100\n|-damage|p2a: Great Tusk|60\/100|[from] Stealth Rock\n|-activate|p2a: Great Tusk|ability: Protosynthesis\n|-start|p2a: Great Tusk|protosynthesisatk\n|move|p1a: Pincurchin|Toxic Spikes|p2a: Great Tusk\n|-sidestart|p2: Mio_zephyr|move: Toxic Spikes\n|\n|-weather|none\n|-end|p2a: Great Tusk|Protosynthesis\n|upkeep\n|-enditem|p2a: Great Tusk|Booster Energy\n|-activate|p2a: Great Tusk|ability: Protosynthesis|[fromitem]\n|-start|p2a: Great Tusk|protosynthesisatk\n|turn|9\n|\n|t:|1700037856\n|switch|p1a: Lilligant|Lilligant-Hisui, F|100\/100\n|-damage|p1a: Lilligant|94\/100|[from] Stealth Rock\n|move|p2a: Great Tusk|Knock Off|p1a: Lilligant\n|-resisted|p1a: Lilligant\n|-damage|p1a: Lilligant|62\/100\n|-enditem|p1a: Lilligant|Leftovers|[from] move: Knock Off|[of] p2a: Great Tusk\n|\n|upkeep\n|turn|10\n|\n|t:|1700037869\n|move|p1a: Lilligant|Victory Dance|p1a: Lilligant\n|-boost|p1a: Lilligant|atk|1\n|-boost|p1a: Lilligant|def|1\n|-boost|p1a: Lilligant|spe|1\n|move|p2a: Great Tusk|Earthquake|p1a: Lilligant\n|-resisted|p1a: Lilligant\n|-damage|p1a: Lilligant|26\/100\n|\n|upkeep\n|turn|11\n|\n|t:|1700037877\n|move|p1a: Lilligant|Leaf Blade|p2a: Great Tusk\n|-supereffective|p2a: Great Tusk\n|-damage|p2a: Great Tusk|0 fnt\n|faint|p2a: Great Tusk\n|-end|p2a: Great Tusk|Protosynthesis|[silent]\n|\n|upkeep\n|\n|t:|1700037883\n|switch|p2a: Iron Moth|Iron Moth, shiny|100\/100 slp\n|-damage|p2a: Iron Moth|76\/100 slp|[from] Stealth Rock\n|-sideend|p2: Mio_zephyr|move: Toxic Spikes|[of] p2a: Iron Moth\n|-activate|p2a: Iron Moth|ability: Quark Drive\n|-start|p2a: Iron Moth|quarkdrivespa\n|turn|12\n|\n|t:|1700037890\n|move|p1a: Lilligant|Brick Break|p2a: Iron Moth\n|-resisted|p2a: Iron Moth\n|-damage|p2a: Iron Moth|25\/100 slp\n|cant|p2a: Iron Moth|slp\n|\n|upkeep\n|turn|13\n|\n|t:|1700037895\n|move|p1a: Lilligant|Brick Break|p2a: Iron Moth\n|-resisted|p2a: Iron Moth\n|-damage|p2a: Iron Moth|0 fnt\n|faint|p2a: Iron Moth\n|-end|p2a: Iron Moth|Quark Drive|[silent]\n|\n|upkeep\n|\n|t:|1700037899\n|switch|p2a: Ceruledge|Ceruledge, M|100\/100\n|-damage|p2a: Ceruledge|75\/100|[from] Stealth Rock\n|turn|14\n|\n|t:|1700037906\n|-terastallize|p1a: Lilligant|Grass\n|move|p1a: Lilligant|Leaf Blade|p2a: Ceruledge\n|-resisted|p2a: Ceruledge\n|-damage|p2a: Ceruledge|18\/100\n|move|p2a: Ceruledge|Bitter Blade|p1a: Lilligant\n|-supereffective|p1a: Lilligant\n|-damage|p1a: Lilligant|0 fnt\n|-heal|p2a: Ceruledge|30\/100|[from] drain|[of] p1a: Lilligant\n|faint|p1a: Lilligant\n|\n|-fieldend|move: Electric Terrain\n|upkeep\n|\n|t:|1700037911\n|switch|p1a: Arcanine|Arcanine-Hisui, F|76\/100\n|-damage|p1a: Arcanine|51\/100|[from] Stealth Rock\n|turn|15\n|\n|t:|1700037922\n|switch|p2a: Dondozo|Dondozo, M|48\/100\n|move|p1a: Arcanine|Head Smash|p2a: Dondozo\n|-damage|p2a: Dondozo|11\/100\n|\n|upkeep\n|turn|16\n|\n|t:|1700037929\n|move|p2a: Dondozo|Protect|p2a: Dondozo\n|-singleturn|p2a: Dondozo|Protect\n|move|p1a: Arcanine|Head Smash|p2a: Dondozo\n|-activate|p2a: Dondozo|move: Protect\n|\n|upkeep\n|turn|17\n|\n|t:|1700037939\n|move|p1a: Arcanine|Head Smash|p2a: Dondozo|[miss]\n|-miss|p1a: Arcanine|p2a: Dondozo\n|move|p2a: Dondozo|Aqua Tail|p1a: Arcanine\n|-supereffective|p1a: Arcanine\n|-crit|p1a: Arcanine\n|-damage|p1a: Arcanine|0 fnt\n|faint|p1a: Arcanine\n|\n|upkeep\n|\n|t:|1700037952\n|switch|p1a: Espeon|Espeon, F|100\/100\n|-damage|p1a: Espeon|88\/100|[from] Stealth Rock\n|turn|18\n|\n|t:|1700037956\n|switch|p2a: Ceruledge|Ceruledge, M|30\/100\n|-damage|p2a: Ceruledge|5\/100|[from] Stealth Rock\n|move|p1a: Espeon|Psyshock|p2a: Ceruledge\n|-damage|p2a: Ceruledge|0 fnt\n|faint|p2a: Ceruledge\n|\n|upkeep\n|\n|t:|1700037964\n|switch|p2a: Dondozo|Dondozo, M|11\/100\n|turn|19\n|\n|t:|1700037975\n|move|p1a: Espeon|Psyshock|p2a: Dondozo\n|-damage|p2a: Dondozo|0 fnt\n|faint|p2a: Dondozo\n|\n|win|NegativeVictoria\n|raw|NegativeVictoria's rating: 1018 &rarr; <strong>1053<\/strong><br \/>(+35 for winning)\n|raw|Mio_zephyr's rating: 1000 &rarr; <strong>1000<\/strong><br \/>(+0 for losing)\n|l|\u2606NegativeVictoria\n|l|\u2606Mio_zephyr\n|j|\u2606NegativeVictoria\n|player|p1|NegativeVictoria|plasmagruntf\n|j|\u2606Mio_zephyr\n|player|p2|Mio_zephyr|maid\n","uploadtime":1700038163,"views":8,"p1id":"negativevictoria","p2id":"miozephyr","formatid":"gen9ou","rating":1000,"private":0,"password":""}