{"id":"gen9ou-1999623590","p1":"James Bones","p2":"Saucemanthebossman","format":"[Gen 9] OU","log":"|j|\u2606James Bones\n|j|\u2606Saucemanthebossman\n|t:|1701102170\n|gametype|singles\n|player|p1|James Bones|170|1587\n|player|p2|Saucemanthebossman|cynthia-gen4|1500\n|teamsize|p1|6\n|teamsize|p2|6\n|gen|9\n|tier|[Gen 9] OU\n|rated|\n|rule|Sleep Clause Mod: Limit one foe put to sleep\n|rule|Species Clause: Limit one of each Pok\u00e9mon\n|rule|OHKO Clause: OHKO moves are banned\n|rule|Evasion Items Clause: Evasion items are banned\n|rule|Evasion Moves Clause: Evasion moves are banned\n|rule|Endless Battle Clause: Forcing endless battles is banned\n|rule|HP Percentage Mod: HP is shown in percentages\n|clearpoke\n|poke|p1|Zapdos-Galar|\n|poke|p1|Samurott-Hisui, F|\n|poke|p1|Corviknight, F|\n|poke|p1|Iron Moth|\n|poke|p1|Gholdengo|\n|poke|p1|Garchomp, M|\n|poke|p2|Kommo-o, M|\n|poke|p2|Clefable, M|\n|poke|p2|Staraptor, F|\n|poke|p2|Kingambit, M|\n|poke|p2|Great Tusk|\n|poke|p2|Scizor, F|\n|teampreview\n|inactive|Battle timer is ON: inactive players will automatically lose when time's up. (requested by James Bones)\n|\n|t:|1701102190\n|start\n|switch|p1a: Samurott|Samurott-Hisui, F|100\/100\n|switch|p2a: Kommo-o|Kommo-o, M|100\/100\n|turn|1\n|\n|t:|1701102202\n|move|p1a: Samurott|Encore||[still]\n|-fail|p1a: Samurott\n|move|p2a: Kommo-o|Clangorous Soul|p2a: Kommo-o\n|-boost|p2a: Kommo-o|atk|1\n|-boost|p2a: Kommo-o|def|1\n|-boost|p2a: Kommo-o|spa|1\n|-boost|p2a: Kommo-o|spd|1\n|-boost|p2a: Kommo-o|spe|1\n|-damage|p2a: Kommo-o|68\/100\n|\n|-heal|p2a: Kommo-o|74\/100|[from] item: Leftovers\n|upkeep\n|turn|2\n|\n|t:|1701102218\n|move|p2a: Kommo-o|Clanging Scales|p1a: Samurott\n|-damage|p1a: Samurott|6\/100\n|-unboost|p2a: Kommo-o|def|1\n|move|p1a: Samurott|Aqua Cutter|p2a: Kommo-o\n|-resisted|p2a: Kommo-o\n|-damage|p2a: Kommo-o|52\/100\n|\n|-heal|p2a: Kommo-o|58\/100|[from] item: Leftovers\n|upkeep\n|turn|3\n|\n|t:|1701102228\n|move|p2a: Kommo-o|Flash Cannon|p1a: Samurott\n|-resisted|p1a: Samurott\n|-damage|p1a: Samurott|0 fnt\n|faint|p1a: Samurott\n|\n|-heal|p2a: Kommo-o|64\/100|[from] item: Leftovers\n|upkeep\n|\n|t:|1701102237\n|switch|p1a: Gholdengo|Gholdengo|100\/100\n|turn|4\n|\n|t:|1701102244\n|move|p1a: Gholdengo|Psyshock|p2a: Kommo-o\n|-supereffective|p2a: Kommo-o\n|-damage|p2a: Kommo-o|19\/100\n|move|p2a: Kommo-o|Flamethrower|p1a: Gholdengo\n|-supereffective|p1a: Gholdengo\n|-damage|p1a: Gholdengo|15\/100\n|\n|-heal|p2a: Kommo-o|25\/100|[from] item: Leftovers\n|upkeep\n|turn|5\n|\n|t:|1701102255\n|switch|p2a: Scizor|Scizor, F|100\/100\n|move|p1a: Gholdengo|Psyshock|p2a: Scizor\n|-resisted|p2a: Scizor\n|-damage|p2a: Scizor|88\/100\n|\n|-heal|p2a: Scizor|94\/100|[from] item: Leftovers\n|upkeep\n|turn|6\n|\n|t:|1701102262\n|switch|p1a: Iron Moth|Iron Moth|100\/100\n|move|p2a: Scizor|Bullet Punch|p1a: Iron Moth\n|-resisted|p1a: Iron Moth\n|-damage|p1a: Iron Moth|76\/100\n|\n|-heal|p2a: Scizor|99\/100|[from] item: Leftovers\n|upkeep\n|turn|7\n|\n|t:|1701102273\n|switch|p2a: Clefable|Clefable, M|100\/100\n|move|p1a: Iron Moth|Fiery Dance|p2a: Clefable\n|-damage|p2a: Clefable|69\/100\n|\n|-heal|p2a: Clefable|75\/100|[from] item: Leftovers\n|upkeep\n|turn|8\n|\n|t:|1701102281\n|-terastallize|p2a: Clefable|Water\n|move|p1a: Iron Moth|Sludge Wave|p2a: Clefable\n|-damage|p2a: Clefable|43\/100\n|move|p2a: Clefable|Thunder Wave|p1a: Iron Moth\n|-status|p1a: Iron Moth|par\n|\n|-heal|p2a: Clefable|49\/100|[from] item: Leftovers\n|upkeep\n|turn|9\n|\n|t:|1701102291\n|move|p1a: Iron Moth|Toxic Spikes|p2a: Clefable\n|-sidestart|p2: Saucemanthebossman|move: Toxic Spikes\n|move|p2a: Clefable|Wish|p2a: Clefable\n|\n|-heal|p2a: Clefable|55\/100|[from] item: Leftovers\n|upkeep\n|turn|10\n|\n|t:|1701102297\n|move|p1a: Iron Moth|Sludge Wave|p2a: Clefable\n|-damage|p2a: Clefable|22\/100\n|move|p2a: Clefable|Moonblast|p1a: Iron Moth\n|-resisted|p1a: Iron Moth\n|-damage|p1a: Iron Moth|68\/100 par\n|\n|-heal|p2a: Clefable|72\/100|[from] move: Wish|[wisher] Clefable\n|-heal|p2a: Clefable|78\/100|[from] item: Leftovers\n|upkeep\n|turn|11\n|\n|t:|1701102309\n|switch|p2a: Great Tusk|Great Tusk|100\/100\n|-status|p2a: Great Tusk|psn\n|move|p1a: Iron Moth|Sludge Wave|p2a: Great Tusk\n|-resisted|p2a: Great Tusk\n|-damage|p2a: Great Tusk|67\/100 psn\n|\n|-heal|p2a: Great Tusk|73\/100 psn|[from] item: Leftovers\n|-damage|p2a: Great Tusk|60\/100 psn|[from] psn\n|upkeep\n|turn|12\n|\n|t:|1701102319\n|-end|p1a: Iron Moth|Quark Drive|[silent]\n|switch|p1a: Corviknight|Corviknight, F|100\/100\n|-ability|p1a: Corviknight|Pressure\n|move|p2a: Great Tusk|Rapid Spin|p1a: Corviknight\n|-resisted|p1a: Corviknight\n|-damage|p1a: Corviknight|96\/100\n|-boost|p2a: Great Tusk|spe|1\n|-damage|p2a: Great Tusk|44\/100 psn|[from] item: Rocky Helmet|[of] p1a: Corviknight\n|-sideend|p2: Saucemanthebossman|Toxic Spikes|[from] move: Rapid Spin|[of] p2a: Great Tusk\n|\n|-heal|p2a: Great Tusk|50\/100 psn|[from] item: Leftovers\n|-damage|p2a: Great Tusk|38\/100 psn|[from] psn\n|upkeep\n|turn|13\n|\n|t:|1701102334\n|move|p2a: Great Tusk|Stealth Rock|p1a: Corviknight\n|-sidestart|p1: James Bones|move: Stealth Rock\n|move|p1a: Corviknight|Brave Bird|p2a: Great Tusk\n|-supereffective|p2a: Great Tusk\n|-damage|p2a: Great Tusk|0 fnt\n|faint|p2a: Great Tusk\n|-end|p2a: Great Tusk|Protosynthesis|[silent]\n|-damage|p1a: Corviknight|83\/100|[from] Recoil\n|\n|upkeep\n|\n|t:|1701102340\n|switch|p2a: Kommo-o|Kommo-o, M|25\/100\n|turn|14\n|\n|t:|1701102348\n|switch|p1a: Garchomp|Garchomp, M|100\/100\n|-damage|p1a: Garchomp|94\/100|[from] Stealth Rock\n|move|p2a: Kommo-o|Flamethrower|p1a: Garchomp\n|-resisted|p1a: Garchomp\n|-damage|p1a: Garchomp|81\/100\n|\n|-heal|p2a: Kommo-o|31\/100|[from] item: Leftovers\n|upkeep\n|turn|15\n|\n|t:|1701102360\n|switch|p2a: Clefable|Clefable, M, tera:Water|78\/100\n|move|p1a: Garchomp|Earthquake|p2a: Clefable\n|-damage|p2a: Clefable|24\/100\n|\n|-heal|p2a: Clefable|30\/100|[from] item: Leftovers\n|upkeep\n|turn|16\n|\n|t:|1701102372\n|switch|p2a: Staraptor|Staraptor, F|100\/100\n|move|p1a: Garchomp|Earthquake|p2a: Staraptor\n|-immune|p2a: Staraptor\n|\n|upkeep\n|turn|17\n|\n|t:|1701102378\n|move|p1a: Garchomp|Scale Shot|p2a: Staraptor\n|-damage|p2a: Staraptor|81\/100\n|-damage|p2a: Staraptor|61\/100\n|-damage|p2a: Staraptor|43\/100\n|-damage|p2a: Staraptor|26\/100\n|-damage|p2a: Staraptor|5\/100\n|-hitcount|p2a: Staraptor|5\n|-unboost|p1a: Garchomp|def|1\n|-boost|p1a: Garchomp|spe|1\n|move|p2a: Staraptor|Brave Bird|p1a: Garchomp\n|-damage|p1a: Garchomp|0 fnt\n|-damage|p2a: Staraptor|0 fnt|[from] ability: Rough Skin|[of] p1a: Garchomp\n|faint|p1a: Garchomp\n|faint|p2a: Staraptor\n|\n|upkeep\n|\n|t:|1701102395\n|switch|p1a: Zapdos|Zapdos-Galar|100\/100\n|switch|p2a: Clefable|Clefable, M, tera:Water|30\/100\n|-damage|p1a: Zapdos|88\/100|[from] Stealth Rock\n|turn|18\n|\n|t:|1701102402\n|switch|p2a: Scizor|Scizor, F|99\/100\n|move|p1a: Zapdos|Thunderous Kick|p2a: Scizor\n|-damage|p2a: Scizor|40\/100\n|-unboost|p2a: Scizor|def|1\n|\n|-heal|p2a: Scizor|46\/100|[from] item: Leftovers\n|upkeep\n|turn|19\n|\n|t:|1701102410\n|move|p2a: Scizor|Bullet Punch|p1a: Zapdos\n|-damage|p1a: Zapdos|52\/100\n|move|p1a: Zapdos|Thunderous Kick|p2a: Scizor\n|-crit|p2a: Scizor\n|-damage|p2a: Scizor|0 fnt\n|faint|p2a: Scizor\n|\n|upkeep\n|\n|t:|1701102418\n|switch|p2a: Kommo-o|Kommo-o, M|31\/100\n|turn|20\n|\n|t:|1701102421\n|move|p1a: Zapdos|Thunderous Kick|p2a: Kommo-o\n|-damage|p2a: Kommo-o|0 fnt\n|faint|p2a: Kommo-o\n|\n|upkeep\n|\n|t:|1701102424\n|switch|p2a: Clefable|Clefable, M, tera:Water|30\/100\n|turn|21\n|\n|t:|1701102429\n|move|p2a: Clefable|Protect|p2a: Clefable\n|-singleturn|p2a: Clefable|Protect\n|move|p1a: Zapdos|Thunderous Kick|p2a: Clefable\n|-activate|p2a: Clefable|move: Protect\n|\n|-heal|p2a: Clefable|37\/100|[from] item: Leftovers\n|upkeep\n|turn|22\n|\n|t:|1701102436\n|move|p1a: Zapdos|Thunderous Kick|p2a: Clefable\n|-damage|p2a: Clefable|0 fnt\n|faint|p2a: Clefable\n|\n|upkeep\n|\n|t:|1701102438\n|switch|p2a: Kingambit|Kingambit, M|100\/100\n|-activate|p2a: Kingambit|ability: Supreme Overlord\n|-start|p2a: Kingambit|fallen5|[silent]\n|turn|23\n|\n|t:|1701102444\n|move|p2a: Kingambit|Sucker Punch|p1a: Zapdos\n|-resisted|p1a: Zapdos\n|-damage|p1a: Zapdos|18\/100\n|move|p1a: Zapdos|Thunderous Kick|p2a: Kingambit\n|-supereffective|p2a: Kingambit\n|-damage|p2a: Kingambit|0 fnt\n|faint|p2a: Kingambit\n|-end|p2a: Kingambit|fallen5|[silent]\n|\n|win|James Bones\n|raw|James Bones's rating: 1587 &rarr; <strong>1602<\/strong><br \/>(+15 for winning)\n|raw|Saucemanthebossman's rating: 1500 &rarr; <strong>1485<\/strong><br \/>(-15 for losing)\n|l|\u2606Saucemanthebossman\n","uploadtime":1701102461,"views":8,"p1id":"jamesbones","p2id":"saucemanthebossman","formatid":"gen9ou","rating":1485,"private":0,"password":""}