{"id":"gen9ou-1990189772","p1":"soccersniper","p2":"A GuardeiVoar","format":"[Gen 9] OU","log":"|j|\u2606soccersniper\n|j|\u2606A GuardeiVoar\n|t:|1699934950\n|gametype|singles\n|player|p1|soccersniper|102|1578\n|player|p2|A GuardeiVoar|marnie-masters3|1677\n|teamsize|p1|6\n|teamsize|p2|6\n|gen|9\n|tier|[Gen 9] OU\n|rated|\n|rule|Sleep Clause Mod: Limit one foe put to sleep\n|rule|Species Clause: Limit one of each Pok\u00e9mon\n|rule|OHKO Clause: OHKO moves are banned\n|rule|Evasion Items Clause: Evasion items are banned\n|rule|Evasion Moves Clause: Evasion moves are banned\n|rule|Endless Battle Clause: Forcing endless battles is banned\n|rule|HP Percentage Mod: HP is shown in percentages\n|clearpoke\n|poke|p1|Garganacl, F|\n|poke|p1|Rillaboom, F|\n|poke|p1|Sneasler, F|\n|poke|p1|Iron Valiant|\n|poke|p1|Greninja-*, M|\n|poke|p1|Great Tusk|\n|poke|p2|Ting-Lu|\n|poke|p2|Alomomola, F|\n|poke|p2|Amoonguss, M|\n|poke|p2|Dragapult, F|\n|poke|p2|Kingambit, M|\n|poke|p2|Iron Valiant|\n|teampreview\n|j| leonel 2.00\n|inactive|Battle timer is ON: inactive players will automatically lose when time's up. (requested by A GuardeiVoar)\n|inactive|soccersniper has 120 seconds left.\n|inactive|soccersniper has 90 seconds left.\n|\n|t:|1699935058\n|start\n|switch|p1a: Rillaboom|Rillaboom, F|100\/100\n|switch|p2a: Alomomola|Alomomola, F|100\/100\n|-fieldstart|move: Grassy Terrain|[from] ability: Grassy Surge|[of] p1a: Rillaboom\n|turn|1\n|\n|t:|1699935069\n|move|p2a: Alomomola|Protect|p2a: Alomomola\n|-singleturn|p2a: Alomomola|Protect\n|move|p1a: Rillaboom|Wood Hammer|p2a: Alomomola\n|-activate|p2a: Alomomola|move: Protect\n|\n|upkeep\n|turn|2\n|\n|t:|1699935078\n|switch|p2a: Amoonguss|Amoonguss, M|100\/100\n|move|p1a: Rillaboom|Wood Hammer|p2a: Amoonguss\n|-resisted|p2a: Amoonguss\n|-damage|p2a: Amoonguss|74\/100\n|-damage|p1a: Rillaboom|84\/100|[from] item: Rocky Helmet|[of] p2a: Amoonguss\n|-damage|p1a: Rillaboom|73\/100|[from] Recoil\n|\n|-heal|p1a: Rillaboom|79\/100|[from] Grassy Terrain\n|-heal|p2a: Amoonguss|80\/100|[from] Grassy Terrain\n|upkeep\n|turn|3\n|inactive|soccersniper has 120 seconds left.\n|\n|t:|1699935109\n|switch|p1a: Greninja|Greninja, M|100\/100\n|move|p2a: Amoonguss|Giga Drain|p1a: Greninja\n|-supereffective|p1a: Greninja\n|-damage|p1a: Greninja|9\/100\n|-heal|p2a: Amoonguss|100\/100|[from] drain|[of] p1a: Greninja\n|\n|-heal|p1a: Greninja|15\/100|[from] Grassy Terrain\n|upkeep\n|turn|4\n|inactive|soccersniper has 120 seconds left.\n|\n|t:|1699935119\n|switch|p2a: Ting-Lu|Ting-Lu|100\/100\n|-ability|p2a: Ting-Lu|Vessel of Ruin\n|move|p1a: Greninja|Dark Pulse|p2a: Ting-Lu\n|-resisted|p2a: Ting-Lu\n|-damage|p2a: Ting-Lu|91\/100\n|-damage|p1a: Greninja|5\/100|[from] item: Life Orb\n|\n|-heal|p1a: Greninja|11\/100|[from] Grassy Terrain\n|-heal|p2a: Ting-Lu|98\/100|[from] Grassy Terrain\n|upkeep\n|turn|5\n|\n|t:|1699935129\n|move|p1a: Greninja|Hydro Pump|p2a: Ting-Lu\n|-supereffective|p2a: Ting-Lu\n|-damage|p2a: Ting-Lu|43\/100\n|-damage|p1a: Greninja|2\/100|[from] item: Life Orb\n|move|p2a: Ting-Lu|Spikes|p1a: Greninja\n|-sidestart|p1: soccersniper|Spikes\n|\n|-heal|p1a: Greninja|8\/100|[from] Grassy Terrain\n|-heal|p2a: Ting-Lu|49\/100|[from] Grassy Terrain\n|-fieldend|move: Grassy Terrain\n|upkeep\n|turn|6\n|\n|t:|1699935136\n|switch|p2a: Amoonguss|Amoonguss, M|100\/100\n|move|p1a: Greninja|Dark Pulse|p2a: Amoonguss\n|-damage|p2a: Amoonguss|61\/100\n|-damage|p1a: Greninja|0 fnt|[from] item: Life Orb\n|faint|p1a: Greninja\n|\n|upkeep\n|\n|t:|1699935145\n|switch|p1a: Garganacl|Garganacl, F|100\/100\n|-damage|p1a: Garganacl|88\/100|[from] Spikes\n|turn|7\n|\n|t:|1699935150\n|-terastallize|p1a: Garganacl|Ghost\n|move|p1a: Garganacl|Salt Cure|p2a: Amoonguss\n|-damage|p2a: Amoonguss|50\/100\n|-start|p2a: Amoonguss|Salt Cure\n|move|p2a: Amoonguss|Giga Drain|p1a: Garganacl\n|-damage|p1a: Garganacl|74\/100\n|-heal|p2a: Amoonguss|56\/100|[from] drain|[of] p1a: Garganacl\n|\n|-heal|p1a: Garganacl|80\/100|[from] item: Leftovers\n|-damage|p2a: Amoonguss|44\/100|[from] Salt Cure\n|upkeep\n|turn|8\n|\n|t:|1699935170\n|switch|p2a: Ting-Lu|Ting-Lu|49\/100\n|-ability|p2a: Ting-Lu|Vessel of Ruin\n|move|p1a: Garganacl|Salt Cure|p2a: Ting-Lu\n|-resisted|p2a: Ting-Lu\n|-damage|p2a: Ting-Lu|45\/100\n|-start|p2a: Ting-Lu|Salt Cure\n|\n|-heal|p1a: Garganacl|86\/100|[from] item: Leftovers\n|-damage|p2a: Ting-Lu|33\/100|[from] Salt Cure\n|upkeep\n|turn|9\n|\n|t:|1699935179\n|switch|p1a: Great Tusk|Great Tusk|100\/100\n|-damage|p1a: Great Tusk|88\/100|[from] Spikes\n|move|p2a: Ting-Lu|Spikes|p1a: Great Tusk\n|-sidestart|p1: soccersniper|Spikes\n|\n|-damage|p2a: Ting-Lu|21\/100|[from] Salt Cure\n|upkeep\n|turn|10\n|\n|t:|1699935188\n|switch|p2a: Dragapult|Dragapult, F|100\/100\n|move|p1a: Great Tusk|Stealth Rock|p2a: Dragapult\n|-sidestart|p2: A GuardeiVoar|move: Stealth Rock\n|\n|upkeep\n|turn|11\n|\n|t:|1699935213\n|switch|p2a: Iron Valiant|Iron Valiant|100\/100\n|-end|p1a: Great Tusk|Protosynthesis|[silent]\n|switch|p1a: Rillaboom|Rillaboom, F|79\/100\n|-damage|p1a: Rillaboom|63\/100|[from] Spikes\n|-fieldstart|move: Grassy Terrain|[from] ability: Grassy Surge|[of] p1a: Rillaboom\n|\n|-heal|p1a: Rillaboom|69\/100|[from] Grassy Terrain\n|upkeep\n|turn|12\n|\n|t:|1699935227\n|-end|p2a: Iron Valiant|Quark Drive|[silent]\n|switch|p2a: Amoonguss|Amoonguss, M|77\/100\n|-damage|p2a: Amoonguss|65\/100|[from] Stealth Rock\n|move|p1a: Rillaboom|U-turn|p2a: Amoonguss\n|-damage|p2a: Amoonguss|35\/100\n|-damage|p1a: Rillaboom|52\/100|[from] item: Rocky Helmet|[of] p2a: Amoonguss\n|\n|t:|1699935234\n|switch|p1a: Garganacl|Garganacl, F, tera:Ghost|86\/100|[from] U-turn\n|-damage|p1a: Garganacl|70\/100|[from] Spikes\n|\n|-heal|p1a: Garganacl|76\/100|[from] Grassy Terrain\n|-heal|p1a: Garganacl|82\/100|[from] item: Leftovers\n|-heal|p2a: Amoonguss|41\/100|[from] Grassy Terrain\n|upkeep\n|turn|13\n|\n|t:|1699935238\n|switch|p2a: Iron Valiant|Iron Valiant|100\/100\n|move|p1a: Garganacl|Salt Cure|p2a: Iron Valiant\n|-resisted|p2a: Iron Valiant\n|-damage|p2a: Iron Valiant|92\/100\n|-start|p2a: Iron Valiant|Salt Cure\n|\n|-heal|p2a: Iron Valiant|98\/100|[from] Grassy Terrain\n|-heal|p1a: Garganacl|88\/100|[from] Grassy Terrain\n|-heal|p1a: Garganacl|94\/100|[from] item: Leftovers\n|-damage|p2a: Iron Valiant|86\/100|[from] Salt Cure\n|upkeep\n|turn|14\n|\n|t:|1699935248\n|move|p2a: Iron Valiant|Knock Off|p1a: Garganacl\n|-supereffective|p1a: Garganacl\n|-damage|p1a: Garganacl|59\/100\n|-enditem|p1a: Garganacl|Leftovers|[from] move: Knock Off|[of] p2a: Iron Valiant\n|move|p1a: Garganacl|Recover|p1a: Garganacl\n|-heal|p1a: Garganacl|100\/100\n|\n|-heal|p2a: Iron Valiant|92\/100|[from] Grassy Terrain\n|-damage|p2a: Iron Valiant|80\/100|[from] Salt Cure\n|upkeep\n|turn|15\n|\n|t:|1699935254\n|-end|p2a: Iron Valiant|Quark Drive|[silent]\n|switch|p2a: Alomomola|Alomomola, F|100\/100\n|move|p1a: Garganacl|Iron Defense|p1a: Garganacl\n|-boost|p1a: Garganacl|def|2\n|\n|-fieldend|move: Grassy Terrain\n|upkeep\n|turn|16\n|\n|t:|1699935258\n|move|p2a: Alomomola|Protect|p2a: Alomomola\n|-singleturn|p2a: Alomomola|Protect\n|move|p1a: Garganacl|Salt Cure|p2a: Alomomola\n|-activate|p2a: Alomomola|move: Protect\n|\n|upkeep\n|turn|17\n|\n|t:|1699935278\n|switch|p2a: Amoonguss|Amoonguss, M|74\/100\n|-damage|p2a: Amoonguss|62\/100|[from] Stealth Rock\n|move|p1a: Garganacl|Salt Cure|p2a: Amoonguss\n|-damage|p2a: Amoonguss|50\/100\n|-start|p2a: Amoonguss|Salt Cure\n|\n|-damage|p2a: Amoonguss|38\/100|[from] Salt Cure\n|upkeep\n|turn|18\n|\n|t:|1699935292\n|switch|p2a: Alomomola|Alomomola, F|100\/100\n|move|p1a: Garganacl|Iron Defense|p1a: Garganacl\n|-boost|p1a: Garganacl|def|2\n|\n|upkeep\n|turn|19\n|l| leonel 2.00\n|\n|t:|1699935298\n|switch|p2a: Amoonguss|Amoonguss, M|71\/100\n|-damage|p2a: Amoonguss|59\/100|[from] Stealth Rock\n|move|p1a: Garganacl|Body Press|p2a: Amoonguss\n|-resisted|p2a: Amoonguss\n|-damage|p2a: Amoonguss|33\/100\n|-damage|p1a: Garganacl|84\/100|[from] item: Rocky Helmet|[of] p2a: Amoonguss\n|\n|upkeep\n|turn|20\n|\n|t:|1699935300\n|switch|p2a: Alomomola|Alomomola, F|100\/100\n|move|p1a: Garganacl|Salt Cure|p2a: Alomomola\n|-damage|p2a: Alomomola|92\/100\n|-start|p2a: Alomomola|Salt Cure\n|\n|-damage|p2a: Alomomola|67\/100|[from] Salt Cure\n|upkeep\n|turn|21\n|\n|t:|1699935307\n|switch|p2a: Amoonguss|Amoonguss, M|67\/100\n|-damage|p2a: Amoonguss|54\/100|[from] Stealth Rock\n|move|p1a: Garganacl|Iron Defense|p1a: Garganacl\n|-boost|p1a: Garganacl|def|2\n|\n|upkeep\n|turn|22\n|\n|t:|1699935310\n|move|p1a: Garganacl|Body Press|p2a: Amoonguss\n|-resisted|p2a: Amoonguss\n|-damage|p2a: Amoonguss|22\/100\n|-damage|p1a: Garganacl|67\/100|[from] item: Rocky Helmet|[of] p2a: Amoonguss\n|move|p2a: Amoonguss|Giga Drain|p1a: Garganacl\n|-damage|p1a: Garganacl|52\/100\n|-heal|p2a: Amoonguss|29\/100|[from] drain|[of] p1a: Garganacl\n|\n|upkeep\n|turn|23\n|\n|t:|1699935317\n|switch|p2a: Dragapult|Dragapult, F|100\/100\n|move|p1a: Garganacl|Body Press|p2a: Dragapult\n|-immune|p2a: Dragapult\n|\n|upkeep\n|turn|24\n|\n|t:|1699935321\n|move|p2a: Dragapult|Substitute|p2a: Dragapult\n|-start|p2a: Dragapult|Substitute\n|-damage|p2a: Dragapult|76\/100\n|move|p1a: Garganacl|Recover|p1a: Garganacl\n|-heal|p1a: Garganacl|100\/100\n|\n|upkeep\n|turn|25\n|\n|t:|1699935325\n|switch|p1a: Rillaboom|Rillaboom, F|52\/100\n|-damage|p1a: Rillaboom|36\/100|[from] Spikes\n|-fieldstart|move: Grassy Terrain|[from] ability: Grassy Surge|[of] p1a: Rillaboom\n|move|p2a: Dragapult|Hex|p1a: Rillaboom\n|-damage|p1a: Rillaboom|0 fnt\n|faint|p1a: Rillaboom\n|\n|-heal|p2a: Dragapult|82\/100|[from] Grassy Terrain\n|upkeep\n|\n|t:|1699935336\n|switch|p1a: Sneasler|Sneasler, F|100\/100\n|-damage|p1a: Sneasler|84\/100|[from] Spikes\n|-enditem|p1a: Sneasler|Grassy Seed\n|-boost|p1a: Sneasler|def|1|[from] item: Grassy Seed\n|turn|26\n|\n|t:|1699935339\n|move|p1a: Sneasler|Shadow Claw|p2a: Dragapult\n|-supereffective|p2a: Dragapult\n|-crit|p2a: Dragapult\n|-end|p2a: Dragapult|Substitute\n|move|p2a: Dragapult|Thunder Wave|p1a: Sneasler\n|-status|p1a: Sneasler|par\n|\n|-heal|p2a: Dragapult|88\/100|[from] Grassy Terrain\n|-heal|p1a: Sneasler|90\/100 par|[from] Grassy Terrain\n|upkeep\n|turn|27\n|\n|t:|1699935351\n|switch|p2a: Alomomola|Alomomola, F|100\/100\n|cant|p1a: Sneasler|par\n|\n|-heal|p1a: Sneasler|96\/100 par|[from] Grassy Terrain\n|upkeep\n|turn|28\n|\n|t:|1699935355\n|cant|p1a: Sneasler|par\n|move|p2a: Alomomola|Scald|p1a: Sneasler\n|-damage|p1a: Sneasler|78\/100 par\n|\n|-heal|p1a: Sneasler|84\/100 par|[from] Grassy Terrain\n|upkeep\n|turn|29\n|\n|t:|1699935359\n|move|p1a: Sneasler|Swords Dance|p1a: Sneasler\n|-boost|p1a: Sneasler|atk|2\n|move|p2a: Alomomola|Scald|p1a: Sneasler\n|-damage|p1a: Sneasler|64\/100 par\n|\n|-heal|p1a: Sneasler|70\/100 par|[from] Grassy Terrain\n|-fieldend|move: Grassy Terrain\n|upkeep\n|turn|30\n|\n|t:|1699935362\n|move|p1a: Sneasler|Dire Claw|p2a: Alomomola\n|-damage|p2a: Alomomola|55\/100\n|-status|p2a: Alomomola|psn\n|move|p2a: Alomomola|Flip Turn|p1a: Sneasler\n|-damage|p1a: Sneasler|52\/100 par\n|\n|t:|1699935364\n|switch|p2a: Dragapult|Dragapult, F|88\/100|[from] Flip Turn\n|\n|upkeep\n|turn|31\n|\n|t:|1699935368\n|move|p2a: Dragapult|Hex|p1a: Sneasler\n|-crit|p1a: Sneasler\n|-damage|p1a: Sneasler|0 fnt\n|faint|p1a: Sneasler\n|\n|upkeep\n|\n|t:|1699935371\n|switch|p1a: Iron Valiant|Iron Valiant|100\/100\n|-damage|p1a: Iron Valiant|84\/100|[from] Spikes\n|-enditem|p1a: Iron Valiant|Booster Energy\n|-activate|p1a: Iron Valiant|ability: Quark Drive|[fromitem]\n|-start|p1a: Iron Valiant|quarkdrivespe\n|turn|32\n|\n|t:|1699935379\n|switch|p2a: Ting-Lu|Ting-Lu|21\/100\n|-ability|p2a: Ting-Lu|Vessel of Ruin\n|move|p1a: Iron Valiant|Knock Off|p2a: Ting-Lu\n|-resisted|p2a: Ting-Lu\n|-damage|p2a: Ting-Lu|11\/100\n|-enditem|p2a: Ting-Lu|Heavy-Duty Boots|[from] move: Knock Off|[of] p1a: Iron Valiant\n|\n|upkeep\n|turn|33\n|\n|t:|1699935385\n|move|p1a: Iron Valiant|Moonblast|p2a: Ting-Lu\n|-supereffective|p2a: Ting-Lu\n|-damage|p2a: Ting-Lu|0 fnt\n|faint|p2a: Ting-Lu\n|\n|upkeep\n|\n|t:|1699935386\n|switch|p2a: Amoonguss|Amoonguss, M|62\/100\n|-damage|p2a: Amoonguss|49\/100|[from] Stealth Rock\n|turn|34\n|\n|t:|1699935393\n|move|p1a: Iron Valiant|Knock Off|p2a: Amoonguss\n|-damage|p2a: Amoonguss|25\/100\n|-damage|p1a: Iron Valiant|67\/100|[from] item: Rocky Helmet|[of] p2a: Amoonguss\n|-enditem|p2a: Amoonguss|Rocky Helmet|[from] move: Knock Off|[of] p1a: Iron Valiant\n|move|p2a: Amoonguss|Sludge Bomb|p1a: Iron Valiant\n|-supereffective|p1a: Iron Valiant\n|-damage|p1a: Iron Valiant|0 fnt\n|faint|p1a: Iron Valiant\n|-end|p1a: Iron Valiant|Quark Drive|[silent]\n|\n|upkeep\n|\n|t:|1699935401\n|switch|p1a: Great Tusk|Great Tusk|88\/100\n|-damage|p1a: Great Tusk|71\/100|[from] Spikes\n|turn|35\n|\n|t:|1699935405\n|switch|p2a: Dragapult|Dragapult, F|88\/100\n|move|p1a: Great Tusk|High Horsepower|p2a: Dragapult\n|-damage|p2a: Dragapult|26\/100\n|\n|upkeep\n|turn|36\n|\n|t:|1699935411\n|move|p2a: Dragapult|Dragon Darts|p1a: Great Tusk\n|-damage|p1a: Great Tusk|62\/100\n|-anim|p2a: Dragapult|Dragon Darts|p1a: Great Tusk\n|-damage|p1a: Great Tusk|50\/100\n|move|p1a: Great Tusk|High Horsepower|p2a: Dragapult\n|-damage|p2a: Dragapult|0 fnt\n|faint|p2a: Dragapult\n|\n|upkeep\n|\n|t:|1699935416\n|switch|p2a: Iron Valiant|Iron Valiant|80\/100\n|turn|37\n|\n|t:|1699935425\n|-end|p1a: Great Tusk|Protosynthesis|[silent]\n|switch|p1a: Garganacl|Garganacl, F, tera:Ghost|100\/100\n|-damage|p1a: Garganacl|84\/100|[from] Spikes\n|move|p2a: Iron Valiant|Close Combat|p1a: Garganacl\n|-immune|p1a: Garganacl\n|\n|upkeep\n|turn|38\n|\n|t:|1699935436\n|-terastallize|p2a: Iron Valiant|Fairy\n|move|p2a: Iron Valiant|Moonblast|p1a: Garganacl\n|-damage|p1a: Garganacl|45\/100\n|move|p1a: Garganacl|Iron Defense|p1a: Garganacl\n|-boost|p1a: Garganacl|def|2\n|\n|upkeep\n|turn|39\n|\n|t:|1699935445\n|move|p2a: Iron Valiant|Moonblast|p1a: Garganacl\n|-damage|p1a: Garganacl|2\/100\n|-unboost|p1a: Garganacl|spa|1\n|move|p1a: Garganacl|Recover|p1a: Garganacl\n|-heal|p1a: Garganacl|52\/100\n|\n|upkeep\n|turn|40\n|j| Regimidas\n|\n|t:|1699935447\n|move|p2a: Iron Valiant|Moonblast|p1a: Garganacl\n|-damage|p1a: Garganacl|8\/100\n|move|p1a: Garganacl|Recover|p1a: Garganacl\n|-heal|p1a: Garganacl|58\/100\n|\n|upkeep\n|turn|41\n|\n|t:|1699935449\n|move|p2a: Iron Valiant|Moonblast|p1a: Garganacl\n|-damage|p1a: Garganacl|17\/100\n|move|p1a: Garganacl|Recover|p1a: Garganacl\n|-heal|p1a: Garganacl|67\/100\n|\n|upkeep\n|turn|42\n|\n|t:|1699935453\n|move|p2a: Iron Valiant|Moonblast|p1a: Garganacl\n|-damage|p1a: Garganacl|23\/100\n|move|p1a: Garganacl|Recover|p1a: Garganacl\n|-heal|p1a: Garganacl|73\/100\n|\n|upkeep\n|turn|43\n|\n|t:|1699935457\n|move|p2a: Iron Valiant|Moonblast|p1a: Garganacl\n|-damage|p1a: Garganacl|34\/100\n|-unboost|p1a: Garganacl|spa|1\n|move|p1a: Garganacl|Recover|p1a: Garganacl\n|-heal|p1a: Garganacl|84\/100\n|\n|upkeep\n|turn|44\n|\n|t:|1699935460\n|move|p2a: Iron Valiant|Moonblast|p1a: Garganacl\n|-damage|p1a: Garganacl|40\/100\n|move|p1a: Garganacl|Recover|p1a: Garganacl\n|-heal|p1a: Garganacl|90\/100\n|\n|upkeep\n|turn|45\n|\n|t:|1699935467\n|move|p2a: Iron Valiant|Moonblast|p1a: Garganacl\n|-damage|p1a: Garganacl|46\/100\n|move|p1a: Garganacl|Salt Cure|p2a: Iron Valiant\n|-damage|p2a: Iron Valiant|63\/100\n|-start|p2a: Iron Valiant|Salt Cure\n|\n|-damage|p2a: Iron Valiant|50\/100|[from] Salt Cure\n|upkeep\n|turn|46\n|\n|t:|1699935472\n|-end|p2a: Iron Valiant|Quark Drive|[silent]\n|switch|p2a: Alomomola|Alomomola, F|88\/100 psn\n|move|p1a: Garganacl|Body Press|p2a: Alomomola\n|-damage|p2a: Alomomola|65\/100 psn\n|\n|-damage|p2a: Alomomola|53\/100 psn|[from] psn\n|upkeep\n|turn|47\n|\n|t:|1699935477\n|move|p2a: Alomomola|Protect|p2a: Alomomola\n|-singleturn|p2a: Alomomola|Protect\n|move|p1a: Garganacl|Salt Cure|p2a: Alomomola\n|-activate|p2a: Alomomola|move: Protect\n|\n|-damage|p2a: Alomomola|40\/100 psn|[from] psn\n|upkeep\n|turn|48\n|\n|t:|1699935479\n|move|p2a: Alomomola|Flip Turn|p1a: Garganacl\n|-damage|p1a: Garganacl|41\/100\n|\n|t:|1699935481\n|switch|p2a: Amoonguss|Amoonguss, M|58\/100|[from] Flip Turn\n|-damage|p2a: Amoonguss|46\/100|[from] Stealth Rock\n|move|p1a: Garganacl|Salt Cure|p2a: Amoonguss\n|-damage|p2a: Amoonguss|34\/100\n|-start|p2a: Amoonguss|Salt Cure\n|\n|-damage|p2a: Amoonguss|21\/100|[from] Salt Cure\n|upkeep\n|turn|49\n|\n|t:|1699935492\n|switch|p2a: Alomomola|Alomomola, F|74\/100 psn\n|move|p1a: Garganacl|Salt Cure|p2a: Alomomola\n|-damage|p2a: Alomomola|66\/100 psn\n|-start|p2a: Alomomola|Salt Cure\n|\n|-damage|p2a: Alomomola|54\/100 psn|[from] psn\n|-damage|p2a: Alomomola|29\/100 psn|[from] Salt Cure\n|upkeep\n|turn|50\n|\n|t:|1699935495\n|move|p2a: Alomomola|Flip Turn|p1a: Garganacl\n|-damage|p1a: Garganacl|35\/100\n|\n|t:|1699935497\n|switch|p2a: Amoonguss|Amoonguss, M|54\/100|[from] Flip Turn\n|-damage|p2a: Amoonguss|42\/100|[from] Stealth Rock\n|move|p1a: Garganacl|Body Press|p2a: Amoonguss\n|-resisted|p2a: Amoonguss\n|-damage|p2a: Amoonguss|25\/100\n|\n|upkeep\n|turn|51\n|\n|t:|1699935500\n|move|p1a: Garganacl|Salt Cure|p2a: Amoonguss\n|-damage|p2a: Amoonguss|15\/100\n|-start|p2a: Amoonguss|Salt Cure\n|move|p2a: Amoonguss|Giga Drain|p1a: Garganacl\n|-damage|p1a: Garganacl|20\/100\n|-heal|p2a: Amoonguss|22\/100|[from] drain|[of] p1a: Garganacl\n|\n|-damage|p2a: Amoonguss|10\/100|[from] Salt Cure\n|upkeep\n|turn|52\n|\n|t:|1699935504\n|move|p1a: Garganacl|Salt Cure|p2a: Amoonguss\n|-damage|p2a: Amoonguss|0 fnt\n|faint|p2a: Amoonguss\n|\n|upkeep\n|\n|t:|1699935506\n|switch|p2a: Iron Valiant|Iron Valiant, tera:Fairy|50\/100\n|turn|53\n|\n|t:|1699935510\n|move|p2a: Iron Valiant|Moonblast|p1a: Garganacl\n|-damage|p1a: Garganacl|0 fnt\n|faint|p1a: Garganacl\n|\n|upkeep\n|-message|soccersniper forfeited.\n|\n|win|A GuardeiVoar\n|raw|soccersniper's rating: 1578 &rarr; <strong>1564<\/strong><br \/>(-14 for losing)\n|raw|A GuardeiVoar's rating: 1677 &rarr; <strong>1691<\/strong><br \/>(+14 for winning)\n|l|\u2606soccersniper\n|l|\u2606A GuardeiVoar\n|j|\u2606A GuardeiVoar\n|player|p2|A GuardeiVoar|marnie-masters3\n|l| Regimidas\n","uploadtime":1699935516,"views":8,"p1id":"soccersniper","p2id":"aguardeivoar","formatid":"gen9ou","rating":1564,"private":0,"password":""}