{"id":"gen9ou-1988987917","p1":"spiderkitty410","p2":"wyverbal","format":"[Gen 9] OU","log":"|j|\u2606spiderkitty410\n|j|\u2606wyverbal\n|t:|1699798878\n|gametype|singles\n|player|p1|spiderkitty410|brendan|1325\n|player|p2|wyverbal|2|1272\n|teamsize|p1|6\n|teamsize|p2|6\n|gen|9\n|tier|[Gen 9] OU\n|rated|\n|rule|Sleep Clause Mod: Limit one foe put to sleep\n|rule|Species Clause: Limit one of each Pok\u00e9mon\n|rule|OHKO Clause: OHKO moves are banned\n|rule|Evasion Items Clause: Evasion items are banned\n|rule|Evasion Moves Clause: Evasion moves are banned\n|rule|Endless Battle Clause: Forcing endless battles is banned\n|rule|HP Percentage Mod: HP is shown in percentages\n|clearpoke\n|poke|p1|Maushold-Four|\n|poke|p1|Jirachi|\n|poke|p1|Zamazenta-*|\n|poke|p1|Salamence, F|\n|poke|p1|Moltres-Galar|\n|poke|p1|Dragapult, M|\n|poke|p2|Zamazenta-*|\n|poke|p2|Kommo-o, F|\n|poke|p2|Ceruledge, M|\n|poke|p2|Tornadus, M|\n|poke|p2|Greninja-*, M|\n|poke|p2|Sandslash, F|\n|teampreview\n|inactive|Battle timer is ON: inactive players will automatically lose when time's up. (requested by wyverbal)\n|\n|t:|1699798885\n|start\n|switch|p1a: Jirachi|Jirachi|100\/100\n|switch|p2a: Tornadus|Tornadus, M, shiny|100\/100\n|turn|1\n|\n|t:|1699798890\n|move|p2a: Tornadus|Taunt|p1a: Jirachi\n|-start|p1a: Jirachi|move: Taunt\n|move|p1a: Jirachi|Doom Desire|p2a: Tornadus\n|-start|p1a: Jirachi|Doom Desire\n|\n|upkeep\n|turn|2\n|\n|t:|1699798900\n|switch|p2a: Greninja|Greninja, M|100\/100\n|move|p1a: Jirachi|U-turn|p2a: Greninja\n|-supereffective|p2a: Greninja\n|-damage|p2a: Greninja|54\/100\n|\n|t:|1699798906\n|switch|p1a: New meta|Zamazenta|100\/100|[from] U-turn\n|-ability|p1a: New meta|Dauntless Shield|boost\n|-boost|p1a: New meta|def|1\n|\n|upkeep\n|turn|3\n|\n|t:|1699798916\n|switch|p2a: Zamazenta|Zamazenta, shiny|100\/100\n|-ability|p2a: Zamazenta|Dauntless Shield|boost\n|-boost|p2a: Zamazenta|def|1\n|move|p1a: New meta|Crunch|p2a: Zamazenta\n|-resisted|p2a: Zamazenta\n|-damage|p2a: Zamazenta|93\/100\n|-unboost|p2a: Zamazenta|def|1\n|\n|-end|p2a: Zamazenta|move: Doom Desire\n|-damage|p2a: Zamazenta|44\/100\n|upkeep\n|turn|4\n|\n|t:|1699798930\n|move|p2a: Zamazenta|Light Screen|p2a: Zamazenta\n|-sidestart|p2: wyverbal|move: Light Screen\n|move|p1a: New meta|Psychic Fangs|p2a: Zamazenta\n|-sideend|p2: wyverbal|move: Light Screen\n|-supereffective|p2a: Zamazenta\n|-damage|p2a: Zamazenta|3\/100\n|\n|upkeep\n|turn|5\n|\n|t:|1699798935\n|move|p1a: New meta|Psychic Fangs|p2a: Zamazenta\n|-supereffective|p2a: Zamazenta\n|-damage|p2a: Zamazenta|0 fnt\n|faint|p2a: Zamazenta\n|\n|upkeep\n|\n|t:|1699798952\n|switch|p2a: Tornadus|Tornadus, M, shiny|100\/100\n|turn|6\n|\n|t:|1699798959\n|move|p1a: New meta|Ice Fang|p2a: Tornadus\n|-supereffective|p2a: Tornadus\n|-damage|p2a: Tornadus|40\/100\n|move|p2a: Tornadus|Bleakwind Storm|p1a: New meta\n|-supereffective|p1a: New meta\n|-crit|p1a: New meta\n|-damage|p1a: New meta|2\/100\n|\n|upkeep\n|turn|7\n|\n|t:|1699798970\n|move|p2a: Tornadus|Taunt|p1a: New meta\n|-start|p1a: New meta|move: Taunt\n|move|p1a: New meta|Ice Fang|p2a: Tornadus\n|-supereffective|p2a: Tornadus\n|-damage|p2a: Tornadus|0 fnt\n|faint|p2a: Tornadus\n|\n|upkeep\n|\n|t:|1699798979\n|switch|p2a: Greninja|Greninja, M|54\/100\n|turn|8\n|\n|t:|1699798983\n|switch|p1a: Jirachi|Jirachi|100\/100\n|move|p2a: Greninja|Water Shuriken|p1a: Jirachi\n|-damage|p1a: Jirachi|91\/100\n|-damage|p1a: Jirachi|82\/100\n|-damage|p1a: Jirachi|73\/100\n|-hitcount|p1a: Jirachi|3\n|-damage|p2a: Greninja|44\/100|[from] item: Life Orb\n|\n|upkeep\n|turn|9\n|\n|t:|1699798989\n|move|p2a: Greninja|Dark Pulse|p1a: Jirachi\n|-supereffective|p1a: Jirachi\n|-damage|p1a: Jirachi|0 fnt\n|faint|p1a: Jirachi\n|-ability|p2a: Greninja|Battle Bond|boost\n|-boost|p2a: Greninja|atk|1\n|-boost|p2a: Greninja|spa|1\n|-boost|p2a: Greninja|spe|1\n|-activate|p2a: Greninja|ability: Battle Bond\n|-damage|p2a: Greninja|35\/100|[from] item: Life Orb\n|\n|upkeep\n|\n|t:|1699798992\n|switch|p1a: Karma Incarnate|Dragapult, M|100\/100\n|turn|10\n|\n|t:|1699799003\n|move|p2a: Greninja|Dark Pulse|p1a: Karma Incarnate\n|-supereffective|p1a: Karma Incarnate\n|-enditem|p1a: Karma Incarnate|Focus Sash\n|-damage|p1a: Karma Incarnate|1\/100\n|-damage|p2a: Greninja|25\/100|[from] item: Life Orb\n|move|p1a: Karma Incarnate|Dragon Darts|p2a: Greninja\n|-damage|p2a: Greninja|0 fnt\n|faint|p2a: Greninja\n|\n|upkeep\n|inactive|wyverbal has 120 seconds left.\n|\n|t:|1699799029\n|switch|p2a: Ceruledge|Ceruledge, M, shiny|100\/100\n|turn|11\n|\n|t:|1699799033\n|switch|p1a: Tier Staple|Maushold-Four|100\/100\n|move|p2a: Ceruledge|Swords Dance|p2a: Ceruledge\n|-boost|p2a: Ceruledge|atk|2\n|\n|upkeep\n|turn|12\n|\n|t:|1699799041\n|move|p1a: Tier Staple|Encore|p2a: Ceruledge\n|-start|p2a: Ceruledge|Encore\n|move|p2a: Ceruledge|Swords Dance|p2a: Ceruledge\n|-boost|p2a: Ceruledge|atk|2\n|\n|upkeep\n|turn|13\n|\n|t:|1699799045\n|switch|p2a: Kommo-o|Kommo-o, F, shiny|100\/100\n|move|p1a: Tier Staple|Tidy Up|p1a: Tier Staple\n|-boost|p1a: Tier Staple|atk|1\n|-boost|p1a: Tier Staple|spe|1\n|\n|upkeep\n|turn|14\n|\n|t:|1699799051\n|move|p1a: Tier Staple|Population Bomb|p2a: Kommo-o\n|-damage|p2a: Kommo-o|91\/100\n|-damage|p2a: Kommo-o|80\/100\n|-damage|p2a: Kommo-o|71\/100\n|-damage|p2a: Kommo-o|61\/100\n|-damage|p2a: Kommo-o|51\/100\n|-damage|p2a: Kommo-o|42\/100\n|-damage|p2a: Kommo-o|31\/100\n|-damage|p2a: Kommo-o|21\/100\n|-damage|p2a: Kommo-o|11\/100\n|-damage|p2a: Kommo-o|0 fnt\n|faint|p2a: Kommo-o\n|-hitcount|p2: Kommo-o|10\n|\n|upkeep\n|-message|wyverbal forfeited.\n|\n|win|spiderkitty410\n|raw|spiderkitty410's rating: 1325 &rarr; <strong>1342<\/strong><br \/>(+17 for winning)\n|raw|wyverbal's rating: 1272 &rarr; <strong>1251<\/strong><br \/>(-21 for losing)\n|l|\u2606wyverbal\n|l|\u2606spiderkitty410\n","uploadtime":1699799061,"views":8,"p1id":"spiderkitty410","p2id":"wyverbal","formatid":"gen9ou","rating":1251,"private":0,"password":""}