{"id":"gen9ou-1989890957","p1":"YasuhoxxHirose","p2":"SAURHEAD and PAIN","format":"[Gen 9] OU","log":"|j|\u2606YasuhoxxHirose\n|j|\u2606SAURHEAD and PAIN\n|t:|1699904316\n|gametype|singles\n|player|p1|YasuhoxxHirose|elesa|1476\n|player|p2|SAURHEAD and PAIN|byron|1460\n|teamsize|p1|6\n|teamsize|p2|6\n|gen|9\n|tier|[Gen 9] OU\n|rated|\n|rule|Sleep Clause Mod: Limit one foe put to sleep\n|rule|Species Clause: Limit one of each Pok\u00e9mon\n|rule|OHKO Clause: OHKO moves are banned\n|rule|Evasion Items Clause: Evasion items are banned\n|rule|Evasion Moves Clause: Evasion moves are banned\n|rule|Endless Battle Clause: Forcing endless battles is banned\n|rule|HP Percentage Mod: HP is shown in percentages\n|clearpoke\n|poke|p1|Samurott-Hisui, F|\n|poke|p1|Iron Treads|\n|poke|p1|Rillaboom, F|\n|poke|p1|Zamazenta-*|\n|poke|p1|Iron Moth|\n|poke|p1|Grafaiai, F|\n|poke|p2|Avalugg, M|\n|poke|p2|Toxapex, M|\n|poke|p2|Landorus-Therian, M|\n|poke|p2|Samurott-Hisui, F|\n|poke|p2|Gholdengo|\n|poke|p2|Iron Valiant|\n|teampreview\n|inactive|Battle timer is ON: inactive players will automatically lose when time's up. (requested by SAURHEAD and PAIN)\n|\n|t:|1699904332\n|start\n|switch|p1a: Samurott|Samurott-Hisui, F, shiny|100\/100\n|switch|p2a: Samurott|Samurott-Hisui, F|100\/100\n|turn|1\n|\n|t:|1699904338\n|move|p2a: Samurott|Sacred Sword|p1a: Samurott\n|-supereffective|p1a: Samurott\n|-damage|p1a: Samurott|15\/100\n|move|p1a: Samurott|Ceaseless Edge|p2a: Samurott\n|-resisted|p2a: Samurott\n|-damage|p2a: Samurott|77\/100\n|-sidestart|p2: SAURHEAD and PAIN|Spikes\n|\n|upkeep\n|turn|2\n|\n|t:|1699904346\n|move|p1a: Samurott|Sucker Punch|p2a: Samurott\n|-resisted|p2a: Samurott\n|-damage|p2a: Samurott|59\/100\n|move|p2a: Samurott|Sacred Sword|p1a: Samurott\n|-supereffective|p1a: Samurott\n|-damage|p1a: Samurott|0 fnt\n|faint|p1a: Samurott\n|\n|upkeep\n|\n|t:|1699904363\n|switch|p1a: Rillaboom|Rillaboom, F|100\/100\n|-fieldstart|move: Grassy Terrain|[from] ability: Grassy Surge|[of] p1a: Rillaboom\n|turn|3\n|\n|t:|1699904376\n|switch|p2a: Avalugg|Avalugg, M|100\/100\n|move|p1a: Rillaboom|Knock Off|p2a: Avalugg\n|-damage|p2a: Avalugg|86\/100\n|-enditem|p2a: Avalugg|Heavy-Duty Boots|[from] move: Knock Off|[of] p1a: Rillaboom\n|\n|-heal|p2a: Avalugg|92\/100|[from] Grassy Terrain\n|upkeep\n|turn|4\n|\n|t:|1699904393\n|switch|p1a: Grafaiai|Grafaiai, F|100\/100\n|-item|p1a: Grafaiai|Air Balloon\n|move|p2a: Avalugg|Body Press|p1a: Grafaiai\n|-damage|p1a: Grafaiai|41\/100\n|-enditem|p1a: Grafaiai|Air Balloon\n|\n|-heal|p1a: Grafaiai|47\/100|[from] Grassy Terrain\n|-heal|p2a: Avalugg|98\/100|[from] Grassy Terrain\n|upkeep\n|turn|5\n|\n|t:|1699904417\n|switch|p1a: Iron Moth|Iron Moth|100\/100\n|-enditem|p1a: Iron Moth|Booster Energy\n|-activate|p1a: Iron Moth|ability: Quark Drive|[fromitem]\n|-start|p1a: Iron Moth|quarkdrivespe\n|move|p2a: Avalugg|Body Press|p1a: Iron Moth\n|-resisted|p1a: Iron Moth\n|-damage|p1a: Iron Moth|72\/100\n|\n|-heal|p1a: Iron Moth|78\/100|[from] Grassy Terrain\n|-heal|p2a: Avalugg|100\/100|[from] Grassy Terrain\n|upkeep\n|turn|6\n|inactive|SAURHEAD and PAIN has 120 seconds left.\n|\n|t:|1699904450\n|switch|p2a: Toxapex|Toxapex, M|100\/100\n|-damage|p2a: Toxapex|88\/100|[from] Spikes\n|move|p1a: Iron Moth|Fiery Dance|p2a: Toxapex\n|-resisted|p2a: Toxapex\n|-damage|p2a: Toxapex|77\/100\n|\n|-heal|p1a: Iron Moth|84\/100|[from] Grassy Terrain\n|-heal|p2a: Toxapex|83\/100|[from] Grassy Terrain\n|upkeep\n|turn|7\n|inactive|SAURHEAD and PAIN has 120 seconds left.\n|\n|t:|1699904461\n|move|p1a: Iron Moth|Psychic|p2a: Toxapex\n|-supereffective|p2a: Toxapex\n|-damage|p2a: Toxapex|49\/100\n|move|p2a: Toxapex|Surf|p1a: Iron Moth\n|-supereffective|p1a: Iron Moth\n|-damage|p1a: Iron Moth|32\/100\n|\n|-heal|p1a: Iron Moth|38\/100|[from] Grassy Terrain\n|-heal|p2a: Toxapex|55\/100|[from] Grassy Terrain\n|-fieldend|move: Grassy Terrain\n|upkeep\n|turn|8\n|inactive|SAURHEAD and PAIN has 120 seconds left.\n|\n|t:|1699904472\n|-end|p1a: Iron Moth|Quark Drive|[silent]\n|switch|p1a: Iron Treads|Iron Treads|100\/100\n|move|p2a: Toxapex|Infestation|p1a: Iron Treads\n|-resisted|p1a: Iron Treads\n|-damage|p1a: Iron Treads|99\/100\n|-activate|p1a: Iron Treads|move: Infestation|[of] p2a: Toxapex\n|\n|-damage|p1a: Iron Treads|87\/100|[from] move: Infestation|[partiallytrapped]\n|upkeep\n|turn|9\n|\n|t:|1699904481\n|switch|p2a: Landorus|Landorus-Therian, M|100\/100\n|-ability|p2a: Landorus|Intimidate|boost\n|-unboost|p1a: Iron Treads|atk|1\n|move|p1a: Iron Treads|Earthquake|p2a: Landorus\n|-immune|p2a: Landorus\n|\n|-end|p1a: Iron Treads|Infestation|[partiallytrapped]|[silent]\n|upkeep\n|turn|10\n|inactive|SAURHEAD and PAIN has 120 seconds left.\n|\n|t:|1699904510\n|switch|p2a: Avalugg|Avalugg, M|100\/100\n|-damage|p2a: Avalugg|88\/100|[from] Spikes\n|move|p1a: Iron Treads|Knock Off|p2a: Avalugg\n|-damage|p2a: Avalugg|83\/100\n|\n|upkeep\n|turn|11\n|\n|t:|1699904525\n|move|p1a: Iron Treads|Volt Switch|p2a: Avalugg\n|-damage|p2a: Avalugg|65\/100\n|\n|t:|1699904528\n|-end|p1a: Iron Treads|Quark Drive|[silent]\n|switch|p1a: Zamazenta|Zamazenta, shiny|100\/100|[from] Volt Switch\n|-ability|p1a: Zamazenta|Dauntless Shield|boost\n|-boost|p1a: Zamazenta|def|1\n|move|p2a: Avalugg|Body Press|p1a: Zamazenta\n|-damage|p1a: Zamazenta|75\/100\n|\n|upkeep\n|turn|12\n|\n|t:|1699904547\n|switch|p1a: Rillaboom|Rillaboom, F|100\/100\n|-fieldstart|move: Grassy Terrain|[from] ability: Grassy Surge|[of] p1a: Rillaboom\n|switch|p2a: Landorus|Landorus-Therian, M|100\/100\n|-ability|p2a: Landorus|Intimidate|boost\n|-unboost|p1a: Rillaboom|atk|1\n|\n|upkeep\n|turn|13\n|\n|t:|1699904558\n|switch|p2a: Avalugg|Avalugg, M|65\/100\n|-damage|p2a: Avalugg|53\/100|[from] Spikes\n|move|p1a: Rillaboom|Swords Dance|p1a: Rillaboom\n|-boost|p1a: Rillaboom|atk|2\n|\n|-heal|p2a: Avalugg|59\/100|[from] Grassy Terrain\n|upkeep\n|turn|14\n|\n|t:|1699904566\n|move|p1a: Rillaboom|Grassy Glide|p2a: Avalugg\n|-damage|p2a: Avalugg|34\/100\n|move|p2a: Avalugg|Recover|p2a: Avalugg\n|-heal|p2a: Avalugg|84\/100\n|\n|-heal|p2a: Avalugg|90\/100|[from] Grassy Terrain\n|upkeep\n|turn|15\n|\n|t:|1699904574\n|switch|p1a: Grafaiai|Grafaiai, F|47\/100\n|move|p2a: Avalugg|Body Press|p1a: Grafaiai\n|-damage|p1a: Grafaiai|0 fnt\n|faint|p1a: Grafaiai\n|\n|-heal|p2a: Avalugg|96\/100|[from] Grassy Terrain\n|upkeep\n|\n|t:|1699904581\n|switch|p1a: Iron Moth|Iron Moth|38\/100\n|turn|16\n|\n|t:|1699904585\n|switch|p2a: Toxapex|Toxapex, M|89\/100\n|-damage|p2a: Toxapex|76\/100|[from] Spikes\n|move|p1a: Iron Moth|Fiery Dance|p2a: Toxapex\n|-resisted|p2a: Toxapex\n|-damage|p2a: Toxapex|66\/100\n|-boost|p1a: Iron Moth|spa|1\n|\n|-heal|p1a: Iron Moth|44\/100|[from] Grassy Terrain\n|-heal|p2a: Toxapex|72\/100|[from] Grassy Terrain\n|-fieldend|move: Grassy Terrain\n|upkeep\n|turn|17\n|\n|t:|1699904601\n|-terastallize|p1a: Iron Moth|Grass\n|move|p1a: Iron Moth|Psychic|p2a: Toxapex\n|-supereffective|p2a: Toxapex\n|-damage|p2a: Toxapex|24\/100\n|move|p2a: Toxapex|Surf|p1a: Iron Moth\n|-resisted|p1a: Iron Moth\n|-damage|p1a: Iron Moth|31\/100\n|\n|upkeep\n|turn|18\n|\n|t:|1699904617\n|switch|p2a: Samurott|Samurott-Hisui, F|59\/100\n|-damage|p2a: Samurott|47\/100|[from] Spikes\n|move|p1a: Iron Moth|Energy Ball|p2a: Samurott\n|-supereffective|p2a: Samurott\n|-damage|p2a: Samurott|0 fnt\n|faint|p2a: Samurott\n|\n|upkeep\n|c|\u2606SAURHEAD and PAIN|good move\n|c|\u2606YasuhoxxHirose|ty\n|inactive|SAURHEAD and PAIN has 120 seconds left.\n|\n|t:|1699904634\n|switch|p2a: Iron Valiant|Iron Valiant|100\/100\n|-damage|p2a: Iron Valiant|88\/100|[from] Spikes\n|turn|19\n|\n|t:|1699904643\n|-end|p1a: Iron Moth|Quark Drive|[silent]\n|switch|p1a: Iron Treads|Iron Treads|87\/100\n|move|p2a: Iron Valiant|Aura Sphere|p1a: Iron Treads\n|-supereffective|p1a: Iron Treads\n|-damage|p1a: Iron Treads|0 fnt\n|faint|p1a: Iron Treads\n|-end|p1a: Iron Treads|Quark Drive|[silent]\n|\n|upkeep\n|\n|t:|1699904652\n|switch|p1a: Zamazenta|Zamazenta, shiny|75\/100\n|turn|20\n|\n|t:|1699904665\n|-end|p2a: Iron Valiant|Quark Drive|[silent]\n|switch|p2a: Gholdengo|Gholdengo|100\/100\n|-item|p2a: Gholdengo|Air Balloon\n|move|p1a: Zamazenta|Heavy Slam|p2a: Gholdengo\n|-resisted|p2a: Gholdengo\n|-damage|p2a: Gholdengo|76\/100\n|-enditem|p2a: Gholdengo|Air Balloon\n|\n|upkeep\n|turn|21\n|\n|t:|1699904676\n|switch|p1a: Rillaboom|Rillaboom, F|100\/100\n|-fieldstart|move: Grassy Terrain|[from] ability: Grassy Surge|[of] p1a: Rillaboom\n|move|p2a: Gholdengo|Make It Rain|p1a: Rillaboom\n|-damage|p1a: Rillaboom|21\/100\n|-unboost|p2a: Gholdengo|spa|1\n|\n|-heal|p2a: Gholdengo|82\/100|[from] Grassy Terrain\n|-heal|p1a: Rillaboom|27\/100|[from] Grassy Terrain\n|-heal|p1a: Rillaboom|33\/100|[from] item: Leftovers\n|upkeep\n|turn|22\n|inactive|YasuhoxxHirose has 120 seconds left.\n|inactive|YasuhoxxHirose has 90 seconds left.\n|\n|t:|1699904738\n|switch|p2a: Avalugg|Avalugg, M|96\/100\n|-damage|p2a: Avalugg|84\/100|[from] Spikes\n|move|p1a: Rillaboom|Knock Off|p2a: Avalugg\n|-damage|p2a: Avalugg|74\/100\n|\n|-heal|p1a: Rillaboom|40\/100|[from] Grassy Terrain\n|-heal|p1a: Rillaboom|46\/100|[from] item: Leftovers\n|-heal|p2a: Avalugg|80\/100|[from] Grassy Terrain\n|upkeep\n|turn|23\n|inactive|YasuhoxxHirose has 90 seconds left.\n|c|\u2606YasuhoxxHirose|I didnt have to switch out moth did I\n|\n|t:|1699904768\n|switch|p1a: Zamazenta|Zamazenta, shiny|75\/100\n|move|p2a: Avalugg|Body Press|p1a: Zamazenta\n|-damage|p1a: Zamazenta|41\/100\n|\n|-heal|p1a: Zamazenta|48\/100|[from] Grassy Terrain\n|-heal|p2a: Avalugg|86\/100|[from] Grassy Terrain\n|upkeep\n|turn|24\n|\n|t:|1699904777\n|-terastallize|p2a: Avalugg|Fighting\n|move|p1a: Zamazenta|Close Combat|p2a: Avalugg\n|-damage|p2a: Avalugg|60\/100\n|-unboost|p1a: Zamazenta|def|1\n|-unboost|p1a: Zamazenta|spd|1\n|move|p2a: Avalugg|Body Press|p1a: Zamazenta\n|-damage|p1a: Zamazenta|0 fnt\n|faint|p1a: Zamazenta\n|\n|-heal|p2a: Avalugg|66\/100|[from] Grassy Terrain\n|upkeep\n|\n|t:|1699904789\n|switch|p1a: Iron Moth|Iron Moth, tera:Grass|31\/100\n|turn|25\n|\n|t:|1699904795\n|switch|p2a: Landorus|Landorus-Therian, M|100\/100\n|-ability|p2a: Landorus|Intimidate|boost\n|-unboost|p1a: Iron Moth|atk|1\n|move|p1a: Iron Moth|Psychic|p2a: Landorus\n|-damage|p2a: Landorus|80\/100\n|\n|-heal|p1a: Iron Moth|37\/100|[from] Grassy Terrain\n|-heal|p2a: Landorus|86\/100|[from] item: Leftovers\n|-fieldend|move: Grassy Terrain\n|upkeep\n|turn|26\n|\n|t:|1699904806\n|-end|p1a: Iron Moth|Quark Drive|[silent]\n|switch|p1a: Rillaboom|Rillaboom, F|46\/100\n|-fieldstart|move: Grassy Terrain|[from] ability: Grassy Surge|[of] p1a: Rillaboom\n|move|p2a: Landorus|Smack Down|p1a: Rillaboom\n|-damage|p1a: Rillaboom|27\/100\n|\n|-heal|p1a: Rillaboom|33\/100|[from] Grassy Terrain\n|-heal|p1a: Rillaboom|40\/100|[from] item: Leftovers\n|-heal|p2a: Landorus|92\/100|[from] item: Leftovers\n|upkeep\n|turn|27\n|\n|t:|1699904824\n|move|p1a: Rillaboom|Grassy Glide|p2a: Landorus\n|-damage|p2a: Landorus|52\/100\n|move|p2a: Landorus|Smack Down|p1a: Rillaboom\n|-damage|p1a: Rillaboom|22\/100\n|\n|-heal|p1a: Rillaboom|28\/100|[from] Grassy Terrain\n|-heal|p1a: Rillaboom|34\/100|[from] item: Leftovers\n|-heal|p2a: Landorus|58\/100|[from] item: Leftovers\n|upkeep\n|turn|28\n|inactive|YasuhoxxHirose has 90 seconds left.\n|\n|t:|1699904833\n|move|p1a: Rillaboom|Grassy Glide|p2a: Landorus\n|-damage|p2a: Landorus|17\/100\n|move|p2a: Landorus|Smack Down|p1a: Rillaboom\n|-damage|p1a: Rillaboom|16\/100\n|\n|-heal|p1a: Rillaboom|22\/100|[from] Grassy Terrain\n|-heal|p1a: Rillaboom|28\/100|[from] item: Leftovers\n|-heal|p2a: Landorus|23\/100|[from] item: Leftovers\n|upkeep\n|turn|29\n|\n|t:|1699904842\n|move|p1a: Rillaboom|Grassy Glide|p2a: Landorus\n|-damage|p2a: Landorus|0 fnt\n|faint|p2a: Landorus\n|\n|-heal|p1a: Rillaboom|35\/100|[from] Grassy Terrain\n|-heal|p1a: Rillaboom|41\/100|[from] item: Leftovers\n|upkeep\n|\n|t:|1699904849\n|switch|p2a: Avalugg|Avalugg, M, tera:Fighting|66\/100\n|-damage|p2a: Avalugg|54\/100|[from] Spikes\n|turn|30\n|\n|t:|1699904859\n|move|p1a: Rillaboom|Swords Dance|p1a: Rillaboom\n|-boost|p1a: Rillaboom|atk|2\n|move|p2a: Avalugg|Body Press|p1a: Rillaboom\n|-damage|p1a: Rillaboom|0 fnt\n|faint|p1a: Rillaboom\n|\n|-heal|p2a: Avalugg|60\/100|[from] Grassy Terrain\n|-fieldend|move: Grassy Terrain\n|upkeep\n|\n|t:|1699904867\n|switch|p1a: Iron Moth|Iron Moth, tera:Grass|37\/100\n|turn|31\n|\n|t:|1699904870\n|move|p1a: Iron Moth|Psychic|p2a: Avalugg\n|-supereffective|p2a: Avalugg\n|-damage|p2a: Avalugg|0 fnt\n|faint|p2a: Avalugg\n|\n|upkeep\n|\n|t:|1699904875\n|switch|p2a: Toxapex|Toxapex, M|57\/100\n|-damage|p2a: Toxapex|45\/100|[from] Spikes\n|turn|32\n|\n|t:|1699904879\n|move|p1a: Iron Moth|Psychic|p2a: Toxapex\n|-supereffective|p2a: Toxapex\n|-damage|p2a: Toxapex|12\/100\n|move|p2a: Toxapex|Acid Spray|p1a: Iron Moth\n|-supereffective|p1a: Iron Moth\n|-damage|p1a: Iron Moth|13\/100\n|-unboost|p1a: Iron Moth|spd|2\n|\n|upkeep\n|turn|33\n|\n|t:|1699904887\n|move|p1a: Iron Moth|Fiery Dance|p2a: Toxapex\n|-resisted|p2a: Toxapex\n|-damage|p2a: Toxapex|0 fnt\n|-boost|p1a: Iron Moth|spa|1\n|faint|p2a: Toxapex\n|\n|upkeep\n|\n|t:|1699904893\n|switch|p2a: Iron Valiant|Iron Valiant|88\/100\n|-damage|p2a: Iron Valiant|76\/100|[from] Spikes\n|turn|34\n|\n|t:|1699904897\n|move|p2a: Iron Valiant|Vacuum Wave|p1a: Iron Moth\n|-damage|p1a: Iron Moth|0 fnt\n|faint|p1a: Iron Moth\n|-end|p1a: Iron Moth|Quark Drive|[silent]\n|\n|win|SAURHEAD and PAIN\n|raw|YasuhoxxHirose's rating: 1476 &rarr; <strong>1455<\/strong><br \/>(-21 for losing)\n|raw|SAURHEAD and PAIN's rating: 1460 &rarr; <strong>1481<\/strong><br \/>(+21 for winning)\n|c|\u2606SAURHEAD and PAIN|gg\n|c|\u2606YasuhoxxHirose|damnnn\n|c|\u2606YasuhoxxHirose|gg wp\n|c|\u2606SAURHEAD and PAIN|ty u2\n|c|\u2606YasuhoxxHirose|avalugg went craaaazy\n|c|\u2606YasuhoxxHirose|wasnt expecting that\n|c|\u2606SAURHEAD and PAIN|avalugg the goat fr\n|c|\u2606SAURHEAD and PAIN|bro doesnt care\n|c|\u2606YasuhoxxHirose|respect the hell out of that\n|c|\u2606SAURHEAD and PAIN|lmao thank you\n|c|\u2606SAURHEAD and PAIN|have a good one dawg\n|c|\u2606YasuhoxxHirose|u too\n|l|\u2606YasuhoxxHirose\n","uploadtime":1699904950,"views":10,"p1id":"yasuhoxxhirose","p2id":"saurheadandpain","formatid":"gen9ou","rating":1455,"private":0,"password":""}