{"id":"gen9ou-1990023782","p1":"LOOPJ21","p2":"Crayoneaterd2","format":"[Gen 9] OU","log":"|j|\u2606LOOPJ21\n|j|\u2606Crayoneaterd2\n|t:|1699916435\n|gametype|singles\n|player|p1|LOOPJ21|riley|1147\n|player|p2|Crayoneaterd2|170|1231\n|teamsize|p1|6\n|teamsize|p2|6\n|gen|9\n|tier|[Gen 9] OU\n|rated|\n|rule|Sleep Clause Mod: Limit one foe put to sleep\n|rule|Species Clause: Limit one of each Pok\u00e9mon\n|rule|OHKO Clause: OHKO moves are banned\n|rule|Evasion Items Clause: Evasion items are banned\n|rule|Evasion Moves Clause: Evasion moves are banned\n|rule|Endless Battle Clause: Forcing endless battles is banned\n|rule|HP Percentage Mod: HP is shown in percentages\n|clearpoke\n|poke|p1|Weavile, F|\n|poke|p1|Conkeldurr, M|\n|poke|p1|Zapdos|\n|poke|p1|Iron Valiant|\n|poke|p1|Glimmora, F|\n|poke|p1|Cinderace, M|\n|poke|p2|Kommo-o, F|\n|poke|p2|Espeon, M|\n|poke|p2|Ribombee, F|\n|poke|p2|Breloom, F|\n|poke|p2|Azumarill, M|\n|poke|p2|Staraptor, M|\n|teampreview\n|inactive|Battle timer is ON: inactive players will automatically lose when time's up. (requested by Crayoneaterd2)\n|\n|t:|1699916443\n|start\n|switch|p1a: Cinderace|Cinderace, M|100\/100\n|switch|p2a: Ribombee|Ribombee, F|100\/100\n|turn|1\n|\n|t:|1699916451\n|move|p2a: Ribombee|Stun Spore|p1a: Cinderace\n|-status|p1a: Cinderace|par\n|move|p1a: Cinderace|Pyro Ball|p2a: Ribombee\n|-supereffective|p2a: Ribombee\n|-enditem|p2a: Ribombee|Focus Sash\n|-damage|p2a: Ribombee|1\/100\n|\n|upkeep\n|turn|2\n|\n|t:|1699916481\n|move|p2a: Ribombee|Sticky Web|p1a: Cinderace\n|-sidestart|p1: LOOPJ21|move: Sticky Web\n|move|p1a: Cinderace|Trailblaze|p2a: Ribombee\n|-start|p1a: Cinderace|typechange|Grass|[from] ability: Libero\n|-resisted|p2a: Ribombee\n|-damage|p2a: Ribombee|0 fnt\n|-boost|p1a: Cinderace|spe|1\n|faint|p2a: Ribombee\n|\n|upkeep\n|\n|t:|1699916490\n|switch|p2a: Staraptor|Staraptor, M|100\/100\n|turn|3\n|\n|t:|1699916494\n|move|p2a: Staraptor|Brave Bird|p1a: Cinderace\n|-supereffective|p1a: Cinderace\n|-damage|p1a: Cinderace|0 fnt\n|faint|p1a: Cinderace\n|-damage|p2a: Staraptor|68\/100|[from] Recoil\n|\n|upkeep\n|\n|t:|1699916505\n|switch|p1a: Zapdos|Zapdos|100\/100\n|turn|4\n|\n|t:|1699916521\n|switch|p2a: Espeon|Espeon, M|100\/100\n|move|p1a: Zapdos|Discharge|p2a: Espeon\n|-damage|p2a: Espeon|58\/100\n|\n|-heal|p2a: Espeon|64\/100|[from] item: Leftovers\n|upkeep\n|turn|5\n|\n|t:|1699916530\n|move|p2a: Espeon|Yawn|p1a: Zapdos\n|-start|p1a: Zapdos|move: Yawn|[of] p2a: Espeon\n|move|p1a: Zapdos|Discharge|p2a: Espeon\n|-damage|p2a: Espeon|23\/100\n|-status|p2a: Espeon|par\n|\n|-heal|p2a: Espeon|29\/100 par|[from] item: Leftovers\n|upkeep\n|turn|6\n|\n|t:|1699916545\n|switch|p1a: Glimmora|Glimmora, F|100\/100\n|-activate|p1a: Glimmora|move: Sticky Web\n|-unboost|p1a: Glimmora|spe|1\n|switch|p2a: Breloom|Breloom, F|100\/100\n|\n|upkeep\n|turn|7\n|\n|t:|1699916555\n|-terastallize|p1a: Glimmora|Poison\n|move|p2a: Breloom|Spore|p1a: Glimmora\n|-status|p1a: Glimmora|slp|[from] move: Spore\n|cant|p1a: Glimmora|slp\n|\n|upkeep\n|turn|8\n|\n|t:|1699916563\n|move|p2a: Breloom|Swords Dance|p2a: Breloom\n|-boost|p2a: Breloom|atk|2\n|cant|p1a: Glimmora|slp\n|\n|upkeep\n|turn|9\n|\n|t:|1699916570\n|move|p2a: Breloom|Bullet Seed|p1a: Glimmora\n|-resisted|p1a: Glimmora\n|-damage|p1a: Glimmora|82\/100 slp\n|-activate|p1a: Glimmora|ability: Toxic Debris\n|-sidestart|p2: Crayoneaterd2|move: Toxic Spikes\n|-resisted|p1a: Glimmora\n|-damage|p1a: Glimmora|63\/100 slp\n|-activate|p1a: Glimmora|ability: Toxic Debris\n|-sidestart|p2: Crayoneaterd2|move: Toxic Spikes\n|-resisted|p1a: Glimmora\n|-damage|p1a: Glimmora|45\/100 slp\n|-resisted|p1a: Glimmora\n|-damage|p1a: Glimmora|26\/100 slp\n|-resisted|p1a: Glimmora\n|-damage|p1a: Glimmora|5\/100 slp\n|-hitcount|p1a: Glimmora|5\n|-curestatus|p1a: Glimmora|slp|[msg]\n|move|p1a: Glimmora|Mortal Spin|p2a: Breloom\n|-supereffective|p2a: Breloom\n|-damage|p2a: Breloom|55\/100\n|-status|p2a: Breloom|psn\n|-sideend|p1: LOOPJ21|Sticky Web|[from] move: Mortal Spin|[of] p1a: Glimmora\n|\n|-heal|p1a: Glimmora|12\/100|[from] item: Black Sludge\n|-damage|p2a: Breloom|42\/100 psn|[from] psn\n|upkeep\n|turn|10\n|-message|Crayoneaterd2 forfeited.\n|\n|win|LOOPJ21\n|raw|LOOPJ21's rating: 1147 &rarr; <strong>1178<\/strong><br \/>(+31 for winning)\n|raw|Crayoneaterd2's rating: 1231 &rarr; <strong>1200<\/strong><br \/>(-31 for losing)\n|l|\u2606Crayoneaterd2\n","uploadtime":1699916600,"views":19,"p1id":"loopj21","p2id":"crayoneaterd2","formatid":"gen9ou","rating":1178,"private":0,"password":""}