{"id":"gen9ou-1994378232","p1":"qggagaaga","p2":"iriongamer","format":"[Gen 9] OU","log":"|j|\u2606qggagaaga\n|j|\u2606iriongamer\n|t:|1700437073\n|gametype|singles\n|player|p1|qggagaaga|rocketgrunt|\n|player|p2|iriongamer|ninjaboy|\n|teamsize|p1|6\n|teamsize|p2|6\n|gen|9\n|tier|[Gen 9] OU\n|rule|Sleep Clause Mod: Limit one foe put to sleep\n|rule|Species Clause: Limit one of each Pok\u00e9mon\n|rule|OHKO Clause: OHKO moves are banned\n|rule|Evasion Items Clause: Evasion items are banned\n|rule|Evasion Moves Clause: Evasion moves are banned\n|rule|Endless Battle Clause: Forcing endless battles is banned\n|rule|HP Percentage Mod: HP is shown in percentages\n|clearpoke\n|poke|p1|Dachsbun, F|\n|poke|p1|Revavroom, M|\n|poke|p1|Vespiquen, F|\n|poke|p1|Muk, M|\n|poke|p1|Electrode-Hisui|\n|poke|p1|Magcargo, F|\n|poke|p2|Electrode-Hisui|\n|poke|p2|Ariados, F|\n|poke|p2|Dachsbun, F|\n|poke|p2|Oinkologne-F, F|\n|poke|p2|Fraxure, F|\n|poke|p2|Yanmega, M|\n|teampreview\n|\n|t:|1700437099\n|start\n|switch|p1a: Electrode|Electrode-Hisui, shiny|100\/100\n|switch|p2a: Electrode|Electrode-Hisui, shiny|100\/100\n|turn|1\n|\n|t:|1700437110\n|move|p2a: Electrode|Taunt|p1a: Electrode\n|-start|p1a: Electrode|move: Taunt\n|move|p1a: Electrode|Thunderbolt|p2a: Electrode\n|-resisted|p2a: Electrode\n|-damage|p2a: Electrode|85\/100\n|\n|upkeep\n|turn|2\n|\n|t:|1700437121\n|switch|p1a: Muk|Muk, M, shiny|100\/100\n|move|p2a: Electrode|Volt Switch|p1a: Muk\n|-damage|p1a: Muk|81\/100\n|\n|t:|1700437140\n|switch|p2a: Oinkologne|Oinkologne-F, F, shiny|100\/100|[from] Volt Switch\n|\n|-heal|p1a: Muk|87\/100|[from] item: Leftovers\n|upkeep\n|turn|3\n|\n|t:|1700437148\n|move|p2a: Oinkologne|Yawn|p1a: Muk\n|-start|p1a: Muk|move: Yawn|[of] p2a: Oinkologne\n|move|p1a: Muk|Drain Punch|p2a: Oinkologne\n|-supereffective|p2a: Oinkologne\n|-damage|p2a: Oinkologne|63\/100\n|-heal|p1a: Muk|100\/100|[from] drain|[of] p2a: Oinkologne\n|-status|p2a: Oinkologne|psn|[from] ability: Poison Touch|[of] p1a: Muk\n|\n|-heal|p2a: Oinkologne|69\/100 psn|[from] item: Leftovers\n|-damage|p2a: Oinkologne|56\/100 psn|[from] psn\n|upkeep\n|turn|4\n|\n|t:|1700437165\n|switch|p2a: Ariados|Ariados, F|100\/100\n|switch|p1a: Electrode|Electrode-Hisui, shiny|100\/100\n|\n|upkeep\n|turn|5\n|\n|t:|1700437171\n|move|p1a: Electrode|Taunt|p2a: Ariados\n|-start|p2a: Ariados|move: Taunt\n|cant|p2a: Ariados|move: Taunt|Sticky Web\n|\n|upkeep\n|turn|6\n|\n|t:|1700437179\n|switch|p1a: Revavroom|Revavroom, M, shiny|100\/100\n|switch|p2a: Oinkologne|Oinkologne-F, F, shiny|56\/100 psn\n|\n|-heal|p2a: Oinkologne|63\/100 psn|[from] item: Leftovers\n|-damage|p2a: Oinkologne|50\/100 psn|[from] psn\n|upkeep\n|turn|7\n|\n|t:|1700437191\n|move|p1a: Revavroom|Gunk Shot|p2a: Oinkologne\n|-damage|p2a: Oinkologne|0 fnt\n|faint|p2a: Oinkologne\n|-damage|p1a: Revavroom|91\/100|[from] item: Life Orb\n|\n|upkeep\n|\n|t:|1700437198\n|switch|p2a: Fraxure|Fraxure, F, shiny|100\/100\n|-ability|p2a: Fraxure|Mold Breaker\n|turn|8\n|\n|t:|1700437207\n|switch|p1a: Vespiquen|Vespiquen, F, shiny|100\/100\n|-ability|p1a: Vespiquen|Pressure\n|move|p2a: Fraxure|Stomping Tantrum|p1a: Vespiquen\n|-immune|p1a: Vespiquen\n|\n|upkeep\n|turn|9\n|\n|t:|1700437214\n|switch|p2a: Yanmega|Yanmega, M, shiny|100\/100\n|move|p1a: Vespiquen|Toxic|p2a: Yanmega\n|-status|p2a: Yanmega|tox\n|\n|-damage|p2a: Yanmega|94\/100 tox|[from] psn\n|upkeep\n|turn|10\n|\n|t:|1700437227\n|switch|p1a: Magcargo|Magcargo, F, shiny|100\/100\n|move|p2a: Yanmega|Psychic|p1a: Magcargo\n|-damage|p1a: Magcargo|58\/100\n|-damage|p2a: Yanmega|85\/100 tox|[from] item: Life Orb\n|\n|-damage|p2a: Yanmega|72\/100 tox|[from] psn\n|-ability|p2a: Yanmega|Speed Boost|boost\n|-boost|p2a: Yanmega|spe|1\n|upkeep\n|turn|11\n|\n|t:|1700437244\n|switch|p2a: Dachsbun|Dachsbun, F|100\/100\n|move|p1a: Magcargo|Shell Smash|p1a: Magcargo\n|-unboost|p1a: Magcargo|def|1\n|-unboost|p1a: Magcargo|spd|1\n|-boost|p1a: Magcargo|atk|2\n|-boost|p1a: Magcargo|spa|2\n|-boost|p1a: Magcargo|spe|2\n|-enditem|p1a: Magcargo|White Herb\n|-clearnegativeboost|p1a: Magcargo|[silent]\n|\n|upkeep\n|turn|12\n|\n|t:|1700437262\n|-terastallize|p2a: Dachsbun|Steel\n|move|p2a: Dachsbun|Wish|p2a: Dachsbun\n|move|p1a: Magcargo|Earth Power|p2a: Dachsbun\n|-supereffective|p2a: Dachsbun\n|-damage|p2a: Dachsbun|0 fnt\n|faint|p2a: Dachsbun\n|\n|upkeep\n|\n|t:|1700437275\n|switch|p2a: Yanmega|Yanmega, M, shiny|72\/100 tox\n|turn|13\n|\n|t:|1700437280\n|move|p2a: Yanmega|Protect|p2a: Yanmega\n|-singleturn|p2a: Yanmega|Protect\n|move|p1a: Magcargo|Power Gem|p2a: Yanmega\n|-activate|p2a: Yanmega|move: Protect\n|\n|-heal|p2a: Yanmega|100\/100 tox|[from] move: Wish|[wisher] Dachsbun\n|-damage|p2a: Yanmega|94\/100 tox|[from] psn\n|-ability|p2a: Yanmega|Speed Boost|boost\n|-boost|p2a: Yanmega|spe|1\n|upkeep\n|turn|14\n|\n|t:|1700437291\n|move|p2a: Yanmega|Psychic|p1a: Magcargo\n|-damage|p1a: Magcargo|9\/100\n|-damage|p2a: Yanmega|85\/100 tox|[from] item: Life Orb\n|move|p1a: Magcargo|Power Gem|p2a: Yanmega\n|-supereffective|p2a: Yanmega\n|-damage|p2a: Yanmega|0 fnt\n|faint|p2a: Yanmega\n|\n|upkeep\n|\n|t:|1700437298\n|switch|p2a: Ariados|Ariados, F|100\/100\n|turn|15\n|\n|t:|1700437306\n|move|p1a: Magcargo|Flamethrower|p2a: Ariados\n|-supereffective|p2a: Ariados\n|-enditem|p2a: Ariados|Focus Sash\n|-damage|p2a: Ariados|1\/100\n|move|p2a: Ariados|Sticky Web|p1a: Magcargo\n|-sidestart|p1: qggagaaga|move: Sticky Web\n|\n|upkeep\n|turn|16\n|\n|t:|1700437316\n|move|p2a: Ariados|Sucker Punch|p1a: Magcargo\n|-damage|p1a: Magcargo|0 fnt\n|faint|p1a: Magcargo\n|\n|upkeep\n|\n|t:|1700437321\n|switch|p1a: Muk|Muk, M, shiny|100\/100\n|-activate|p1a: Muk|move: Sticky Web\n|-unboost|p1a: Muk|spe|1\n|turn|17\n|\n|t:|1700437329\n|move|p1a: Muk|Shadow Sneak|p2a: Ariados\n|-damage|p2a: Ariados|0 fnt\n|faint|p2a: Ariados\n|\n|upkeep\n|\n|t:|1700437340\n|switch|p2a: Fraxure|Fraxure, F, shiny|100\/100\n|-ability|p2a: Fraxure|Mold Breaker\n|turn|18\n|\n|t:|1700437356\n|move|p2a: Fraxure|Shadow Claw|p1a: Muk\n|-damage|p1a: Muk|78\/100\n|move|p1a: Muk|Drain Punch|p2a: Fraxure\n|-damage|p2a: Fraxure|71\/100\n|-heal|p1a: Muk|89\/100|[from] drain|[of] p2a: Fraxure\n|\n|-heal|p1a: Muk|95\/100|[from] item: Leftovers\n|upkeep\n|turn|19\n|\n|t:|1700437371\n|switch|p2a: Electrode|Electrode-Hisui, shiny|85\/100\n|move|p1a: Muk|Drain Punch|p2a: Electrode\n|-damage|p2a: Electrode|53\/100\n|-heal|p1a: Muk|100\/100|[from] drain|[of] p2a: Electrode\n|\n|upkeep\n|turn|20\n|\n|t:|1700437382\n|move|p2a: Electrode|Thunderbolt|p1a: Muk\n|-damage|p1a: Muk|78\/100\n|move|p1a: Muk|Toxic Spikes|p2a: Electrode\n|-sidestart|p2: iriongamer|move: Toxic Spikes\n|\n|-heal|p1a: Muk|84\/100|[from] item: Leftovers\n|upkeep\n|turn|21\n|\n|t:|1700437390\n|move|p2a: Electrode|Taunt|p1a: Muk\n|-start|p1a: Muk|move: Taunt\n|move|p1a: Muk|Drain Punch|p2a: Electrode\n|-damage|p2a: Electrode|22\/100\n|-heal|p1a: Muk|95\/100|[from] drain|[of] p2a: Electrode\n|\n|-heal|p1a: Muk|100\/100|[from] item: Leftovers\n|upkeep\n|turn|22\n|\n|t:|1700437416\n|move|p2a: Electrode|Thunderbolt|p1a: Muk\n|-damage|p1a: Muk|76\/100\n|move|p1a: Muk|Drain Punch|p2a: Electrode\n|-damage|p2a: Electrode|0 fnt\n|-heal|p1a: Muk|84\/100|[from] drain|[of] p2a: Electrode\n|-damage|p1a: Muk|59\/100|[from] ability: Aftermath|[of] p2a: Electrode\n|faint|p2a: Electrode\n|\n|-heal|p1a: Muk|65\/100|[from] item: Leftovers\n|upkeep\n|\n|t:|1700437421\n|switch|p2a: Fraxure|Fraxure, F, shiny|71\/100\n|-status|p2a: Fraxure|psn\n|-ability|p2a: Fraxure|Mold Breaker\n|turn|23\n|\n|t:|1700437432\n|switch|p1a: Vespiquen|Vespiquen, F, shiny|100\/100\n|-ability|p1a: Vespiquen|Pressure\n|move|p2a: Fraxure|Outrage|p1a: Vespiquen\n|-damage|p1a: Vespiquen|51\/100\n|\n|-damage|p2a: Fraxure|59\/100 psn|[from] psn\n|upkeep\n|turn|24\n|\n|t:|1700437447\n|switch|p1a: Revavroom|Revavroom, M, shiny|91\/100\n|-activate|p1a: Revavroom|move: Sticky Web\n|-unboost|p1a: Revavroom|spe|1\n|move|p2a: Fraxure|Outrage|p1a: Revavroom|[from]lockedmove\n|-resisted|p1a: Revavroom\n|-damage|p1a: Revavroom|52\/100\n|-start|p2a: Fraxure|confusion|[fatigue]\n|\n|-damage|p2a: Fraxure|46\/100 psn|[from] psn\n|upkeep\n|turn|25\n|\n|t:|1700437459\n|-activate|p2a: Fraxure|confusion\n|move|p2a: Fraxure|Outrage|p1a: Revavroom\n|-resisted|p1a: Revavroom\n|-damage|p1a: Revavroom|18\/100\n|move|p1a: Revavroom|Shift Gear|p1a: Revavroom\n|-boost|p1a: Revavroom|spe|2\n|-boost|p1a: Revavroom|atk|1\n|\n|-damage|p2a: Fraxure|34\/100 psn|[from] psn\n|upkeep\n|turn|26\n|\n|t:|1700437470\n|move|p1a: Revavroom|Iron Head|p2a: Fraxure\n|-damage|p2a: Fraxure|0 fnt\n|faint|p2a: Fraxure\n|-damage|p1a: Revavroom|8\/100|[from] item: Life Orb\n|\n|win|qggagaaga\n","uploadtime":1700437490,"views":23,"p1id":"qggagaaga","p2id":"iriongamer","formatid":"gen9ou","rating":0,"private":0,"password":""}