{"id":"gen9ou-1989403903","p1":"Hydester","p2":"ethanxia","format":"[Gen 9] OU","log":"|j|\u203dHydester\n|j|\u203dethanxia\n|t:|1699845863\n|gametype|singles\n|player|p1|Hydester|ingo|\n|player|p2|ethanxia|102|\n|teamsize|p1|6\n|teamsize|p2|6\n|gen|9\n|tier|[Gen 9] OU\n|rule|Sleep Clause Mod: Limit one foe put to sleep\n|rule|Species Clause: Limit one of each Pok\u00e9mon\n|rule|OHKO Clause: OHKO moves are banned\n|rule|Evasion Items Clause: Evasion items are banned\n|rule|Evasion Moves Clause: Evasion moves are banned\n|rule|Endless Battle Clause: Forcing endless battles is banned\n|rule|HP Percentage Mod: HP is shown in percentages\n|clearpoke\n|poke|p1|Klefki, M|\n|poke|p1|Dudunsparce-*, F|\n|poke|p1|Electrode-Hisui|\n|poke|p1|Vikavolt, M|\n|poke|p1|Leavanny, M|\n|poke|p1|Vaporeon, F|\n|poke|p2|Ribombee, F|\n|poke|p2|Ogerpon-Wellspring, F|\n|poke|p2|Iron Moth|\n|poke|p2|Kingambit, M|\n|poke|p2|Gholdengo|\n|poke|p2|Iron Valiant|\n|teampreview\n|\n|t:|1699845890\n|start\n|switch|p1a: Leavanny|Leavanny, M|100\/100\n|switch|p2a: Ribombee|Ribombee, F|100\/100\n|turn|1\n|\n|t:|1699845897\n|move|p2a: Ribombee|Sticky Web|p1a: Leavanny\n|-sidestart|p1: Hydester|move: Sticky Web\n|move|p1a: Leavanny|Sticky Web|p2a: Ribombee\n|-sidestart|p2: ethanxia|move: Sticky Web\n|\n|upkeep\n|turn|2\n|\n|t:|1699845918\n|move|p2a: Ribombee|Moonblast|p1a: Leavanny\n|-damage|p1a: Leavanny|44\/100\n|-unboost|p1a: Leavanny|spa|1\n|move|p1a: Leavanny|Knock Off|p2a: Ribombee\n|-resisted|p2a: Ribombee\n|-damage|p2a: Ribombee|71\/100\n|-enditem|p2a: Ribombee|Focus Sash|[from] move: Knock Off|[of] p1a: Leavanny\n|\n|upkeep\n|turn|3\n|\n|t:|1699845927\n|move|p2a: Ribombee|Moonblast|p1a: Leavanny\n|-damage|p1a: Leavanny|0 fnt\n|faint|p1a: Leavanny\n|\n|upkeep\n|\n|t:|1699845946\n|switch|p1a: Klefki|Klefki, M|100\/100\n|-activate|p1a: Klefki|move: Sticky Web\n|-unboost|p1a: Klefki|spe|1\n|turn|4\n|\n|t:|1699845955\n|move|p1a: Klefki|Reflect|p1a: Klefki\n|-sidestart|p1: Hydester|Reflect\n|move|p2a: Ribombee|Stun Spore|p1a: Klefki|[miss]\n|-miss|p2a: Ribombee|p1a: Klefki\n|\n|upkeep\n|turn|5\n|\n|t:|1699845962\n|move|p1a: Klefki|Light Screen|p1a: Klefki\n|-sidestart|p1: Hydester|move: Light Screen\n|move|p2a: Ribombee|Stun Spore|p1a: Klefki\n|-status|p1a: Klefki|par\n|\n|upkeep\n|turn|6\n|\n|t:|1699845971\n|switch|p1a: Vikavolt|Vikavolt, M|100\/100\n|move|p2a: Ribombee|Sunny Day|p2a: Ribombee\n|-weather|SunnyDay\n|\n|-weather|SunnyDay|[upkeep]\n|upkeep\n|turn|7\n|\n|t:|1699845985\n|move|p2a: Ribombee|Stun Spore|p1a: Vikavolt\n|-immune|p1a: Vikavolt\n|move|p1a: Vikavolt|Thunderbolt|p2a: Ribombee\n|-damage|p2a: Ribombee|0 fnt\n|faint|p2a: Ribombee\n|\n|-weather|SunnyDay|[upkeep]\n|upkeep\n|\n|t:|1699845996\n|switch|p2a: Iron Moth|Iron Moth|100\/100\n|-activate|p2a: Iron Moth|move: Sticky Web\n|-unboost|p2a: Iron Moth|spe|1\n|-enditem|p2a: Iron Moth|Booster Energy\n|-activate|p2a: Iron Moth|ability: Quark Drive|[fromitem]\n|-start|p2a: Iron Moth|quarkdrivespa\n|turn|8\n|\n|t:|1699846003\n|move|p2a: Iron Moth|Fiery Dance|p1a: Vikavolt\n|-supereffective|p1a: Vikavolt\n|-damage|p1a: Vikavolt|0 fnt\n|faint|p1a: Vikavolt\n|\n|-weather|SunnyDay|[upkeep]\n|-sideend|p1: Hydester|Reflect\n|upkeep\n|\n|t:|1699846009\n|switch|p1a: Electrode|Electrode-Hisui|100\/100\n|-activate|p1a: Electrode|move: Sticky Web\n|-unboost|p1a: Electrode|spe|1\n|turn|9\n|\n|t:|1699846015\n|switch|p1a: Vaporeon|Vaporeon, F|100\/100\n|-activate|p1a: Vaporeon|move: Sticky Web\n|-unboost|p1a: Vaporeon|spe|1\n|move|p2a: Iron Moth|Fiery Dance|p1a: Vaporeon\n|-resisted|p1a: Vaporeon\n|-damage|p1a: Vaporeon|83\/100\n|-boost|p2a: Iron Moth|spa|1\n|\n|-weather|SunnyDay|[upkeep]\n|-heal|p1a: Vaporeon|90\/100|[from] item: Leftovers\n|-sideend|p1: Hydester|move: Light Screen\n|upkeep\n|turn|10\n|\n|t:|1699846032\n|-end|p2a: Iron Moth|Quark Drive|[silent]\n|switch|p2a: Ogerpon|Ogerpon-Wellspring, F|100\/100\n|-activate|p2a: Ogerpon|move: Sticky Web\n|-unboost|p2a: Ogerpon|spe|1\n|move|p1a: Vaporeon|Flip Turn|p2a: Ogerpon\n|-immune|p2a: Ogerpon|[from] ability: Water Absorb\n|\n|-weather|none\n|-heal|p1a: Vaporeon|96\/100|[from] item: Leftovers\n|upkeep\n|turn|11\n|\n|t:|1699846046\n|switch|p1a: Electrode|Electrode-Hisui|100\/100\n|-activate|p1a: Electrode|move: Sticky Web\n|-unboost|p1a: Electrode|spe|1\n|move|p2a: Ogerpon|Swords Dance|p2a: Ogerpon\n|-boost|p2a: Ogerpon|atk|2\n|\n|upkeep\n|turn|12\n|\n|t:|1699846057\n|-terastallize|p1a: Electrode|Electric\n|move|p1a: Electrode|Volt Switch|p2a: Ogerpon\n|-damage|p2a: Ogerpon|34\/100\n|\n|t:|1699846067\n|switch|p1a: Dudunsparce|Dudunsparce, F|100\/100|[from] Volt Switch\n|move|p2a: Ogerpon|Play Rough|p1a: Dudunsparce\n|-damage|p1a: Dudunsparce|58\/100\n|\n|upkeep\n|turn|13\n|\n|t:|1699846075\n|move|p2a: Ogerpon|Ivy Cudgel|p1a: Dudunsparce\n|-damage|p1a: Dudunsparce|0 fnt\n|faint|p1a: Dudunsparce\n|\n|upkeep\n|\n|t:|1699846079\n|switch|p1a: Electrode|Electrode-Hisui, tera:Electric|100\/100\n|-activate|p1a: Electrode|move: Sticky Web\n|-unboost|p1a: Electrode|spe|1\n|turn|14\n|\n|t:|1699846087\n|move|p1a: Electrode|Volt Switch|p2a: Ogerpon\n|-damage|p2a: Ogerpon|0 fnt\n|faint|p2a: Ogerpon\n|\n|t:|1699846091\n|switch|p1a: Klefki|Klefki, M|100\/100 par|[from] Volt Switch\n|-activate|p1a: Klefki|move: Sticky Web\n|-unboost|p1a: Klefki|spe|1\n|\n|upkeep\n|\n|t:|1699846095\n|switch|p2a: Iron Moth|Iron Moth|100\/100\n|-activate|p2a: Iron Moth|move: Sticky Web\n|-unboost|p2a: Iron Moth|spe|1\n|turn|15\n|\n|t:|1699846099\n|move|p1a: Klefki|Light Screen|p1a: Klefki\n|-sidestart|p1: Hydester|move: Light Screen\n|move|p2a: Iron Moth|Fiery Dance|p1a: Klefki\n|-supereffective|p1a: Klefki\n|-damage|p1a: Klefki|50\/100 par\n|-boost|p2a: Iron Moth|spa|1\n|\n|-heal|p1a: Klefki|56\/100 par|[from] item: Leftovers\n|upkeep\n|turn|16\n|\n|t:|1699846104\n|move|p1a: Klefki|Thunder Wave|p2a: Iron Moth\n|-status|p2a: Iron Moth|par\n|move|p2a: Iron Moth|Fiery Dance|p1a: Klefki\n|-supereffective|p1a: Klefki\n|-damage|p1a: Klefki|0 fnt\n|-boost|p2a: Iron Moth|spa|1\n|faint|p1a: Klefki\n|\n|upkeep\n|\n|t:|1699846109\n|switch|p1a: Electrode|Electrode-Hisui, tera:Electric|100\/100\n|-activate|p1a: Electrode|move: Sticky Web\n|-unboost|p1a: Electrode|spe|1\n|turn|17\n|\n|t:|1699846119\n|move|p1a: Electrode|Discharge|p2a: Iron Moth\n|-damage|p2a: Iron Moth|37\/100 par\n|move|p2a: Iron Moth|Sludge Wave|p1a: Electrode\n|-damage|p1a: Electrode|22\/100\n|\n|upkeep\n|turn|18\n|\n|t:|1699846126\n|move|p1a: Electrode|Discharge|p2a: Iron Moth\n|-damage|p2a: Iron Moth|0 fnt\n|faint|p2a: Iron Moth\n|-end|p2a: Iron Moth|Quark Drive|[silent]\n|\n|upkeep\n|\n|t:|1699846133\n|switch|p2a: Gholdengo|Gholdengo|100\/100\n|-item|p2a: Gholdengo|Air Balloon\n|turn|19\n|\n|t:|1699846142\n|move|p2a: Gholdengo|Dazzling Gleam|p1a: Electrode\n|-damage|p1a: Electrode|0 fnt\n|faint|p1a: Electrode\n|\n|-sideend|p1: Hydester|move: Light Screen\n|upkeep\n|\n|t:|1699846147\n|switch|p1a: Vaporeon|Vaporeon, F|96\/100\n|-activate|p1a: Vaporeon|move: Sticky Web\n|-unboost|p1a: Vaporeon|spe|1\n|turn|20\n|\n|t:|1699846154\n|move|p2a: Gholdengo|Shadow Ball|p1a: Vaporeon\n|-damage|p1a: Vaporeon|66\/100\n|move|p1a: Vaporeon|Scald|p2a: Gholdengo\n|-damage|p2a: Gholdengo|68\/100\n|-status|p2a: Gholdengo|brn\n|-enditem|p2a: Gholdengo|Air Balloon\n|\n|-heal|p1a: Vaporeon|72\/100|[from] item: Leftovers\n|-damage|p2a: Gholdengo|62\/100 brn|[from] brn\n|upkeep\n|turn|21\n|\n|t:|1699846165\n|switch|p2a: Kingambit|Kingambit, M|100\/100\n|-activate|p2a: Kingambit|move: Sticky Web\n|-unboost|p2a: Kingambit|spe|1\n|-activate|p2a: Kingambit|ability: Supreme Overlord\n|-start|p2a: Kingambit|fallen3|[silent]\n|move|p1a: Vaporeon|Wish|p1a: Vaporeon\n|\n|-heal|p1a: Vaporeon|78\/100|[from] item: Leftovers\n|upkeep\n|turn|22\n|\n|t:|1699846176\n|move|p2a: Kingambit|Sucker Punch|p1a: Vaporeon\n|-damage|p1a: Vaporeon|38\/100\n|move|p1a: Vaporeon|Scald|p2a: Kingambit\n|-damage|p2a: Kingambit|65\/100\n|-status|p2a: Kingambit|brn\n|-enditem|p2a: Kingambit|Lum Berry|[eat]\n|-curestatus|p2a: Kingambit|brn|[msg]\n|\n|-heal|p1a: Vaporeon|88\/100|[from] move: Wish|[wisher] Vaporeon\n|-heal|p1a: Vaporeon|94\/100|[from] item: Leftovers\n|upkeep\n|turn|23\n|\n|t:|1699846186\n|move|p2a: Kingambit|Iron Head|p1a: Vaporeon\n|-resisted|p1a: Vaporeon\n|-damage|p1a: Vaporeon|73\/100\n|cant|p1a: Vaporeon|flinch\n|\n|-heal|p1a: Vaporeon|80\/100|[from] item: Leftovers\n|upkeep\n|turn|24\n|\n|t:|1699846192\n|-terastallize|p2a: Kingambit|Fighting\n|move|p2a: Kingambit|Low Kick|p1a: Vaporeon\n|-damage|p1a: Vaporeon|44\/100\n|move|p1a: Vaporeon|Scald|p2a: Kingambit\n|-damage|p2a: Kingambit|31\/100\n|\n|-heal|p1a: Vaporeon|51\/100|[from] item: Leftovers\n|upkeep\n|turn|25\n|\n|t:|1699846201\n|move|p2a: Kingambit|Low Kick|p1a: Vaporeon\n|-damage|p1a: Vaporeon|16\/100\n|move|p1a: Vaporeon|Wish|p1a: Vaporeon\n|\n|-heal|p1a: Vaporeon|22\/100|[from] item: Leftovers\n|upkeep\n|turn|26\n|\n|t:|1699846206\n|move|p1a: Vaporeon|Protect|p1a: Vaporeon\n|-singleturn|p1a: Vaporeon|Protect\n|move|p2a: Kingambit|Sucker Punch||[still]\n|-fail|p2a: Kingambit\n|\n|-heal|p1a: Vaporeon|72\/100|[from] move: Wish|[wisher] Vaporeon\n|-heal|p1a: Vaporeon|78\/100|[from] item: Leftovers\n|upkeep\n|turn|27\n|\n|t:|1699846212\n|move|p2a: Kingambit|Low Kick|p1a: Vaporeon\n|-damage|p1a: Vaporeon|47\/100\n|move|p1a: Vaporeon|Wish|p1a: Vaporeon\n|\n|-heal|p1a: Vaporeon|53\/100|[from] item: Leftovers\n|upkeep\n|turn|28\n|\n|t:|1699846218\n|move|p2a: Kingambit|Sucker Punch|p1a: Vaporeon\n|-damage|p1a: Vaporeon|16\/100\n|move|p1a: Vaporeon|Scald|p2a: Kingambit\n|-damage|p2a: Kingambit|0 fnt\n|faint|p2a: Kingambit\n|-end|p2a: Kingambit|fallen3|[silent]\n|\n|-heal|p1a: Vaporeon|66\/100|[from] move: Wish|[wisher] Vaporeon\n|-heal|p1a: Vaporeon|72\/100|[from] item: Leftovers\n|upkeep\n|\n|t:|1699846223\n|switch|p2a: Iron Valiant|Iron Valiant|100\/100\n|-activate|p2a: Iron Valiant|move: Sticky Web\n|-unboost|p2a: Iron Valiant|spe|1\n|-enditem|p2a: Iron Valiant|Booster Energy\n|-activate|p2a: Iron Valiant|ability: Quark Drive|[fromitem]\n|-start|p2a: Iron Valiant|quarkdriveatk\n|turn|29\n|\n|t:|1699846228\n|move|p2a: Iron Valiant|Close Combat|p1a: Vaporeon\n|-damage|p1a: Vaporeon|18\/100\n|-unboost|p2a: Iron Valiant|def|1\n|-unboost|p2a: Iron Valiant|spd|1\n|move|p1a: Vaporeon|Scald|p2a: Iron Valiant\n|-damage|p2a: Iron Valiant|0 fnt\n|faint|p2a: Iron Valiant\n|-end|p2a: Iron Valiant|Quark Drive|[silent]\n|\n|-heal|p1a: Vaporeon|24\/100|[from] item: Leftovers\n|upkeep\n|\n|t:|1699846232\n|switch|p2a: Gholdengo|Gholdengo|62\/100 brn\n|-activate|p2a: Gholdengo|move: Sticky Web\n|-unboost|p2a: Gholdengo|spe|1\n|turn|30\n|\n|t:|1699846237\n|move|p1a: Vaporeon|Protect|p1a: Vaporeon\n|-singleturn|p1a: Vaporeon|Protect\n|move|p2a: Gholdengo|Shadow Ball|p1a: Vaporeon\n|-activate|p1a: Vaporeon|move: Protect\n|\n|-heal|p1a: Vaporeon|30\/100|[from] item: Leftovers\n|-damage|p2a: Gholdengo|56\/100 brn|[from] brn\n|upkeep\n|turn|31\n|\n|t:|1699846245\n|move|p1a: Vaporeon|Protect|p1a: Vaporeon\n|-singleturn|p1a: Vaporeon|Protect\n|move|p2a: Gholdengo|Shadow Ball|p1a: Vaporeon\n|-activate|p1a: Vaporeon|move: Protect\n|\n|-heal|p1a: Vaporeon|36\/100|[from] item: Leftovers\n|-damage|p2a: Gholdengo|50\/100 brn|[from] brn\n|upkeep\n|turn|32\n|\n|t:|1699846250\n|move|p2a: Gholdengo|Shadow Ball|p1a: Vaporeon\n|-damage|p1a: Vaporeon|4\/100\n|move|p1a: Vaporeon|Wish|p1a: Vaporeon\n|\n|-heal|p1a: Vaporeon|10\/100|[from] item: Leftovers\n|-damage|p2a: Gholdengo|44\/100 brn|[from] brn\n|upkeep\n|turn|33\n|\n|t:|1699846255\n|move|p1a: Vaporeon|Protect|p1a: Vaporeon\n|-singleturn|p1a: Vaporeon|Protect\n|move|p2a: Gholdengo|Shadow Ball|p1a: Vaporeon\n|-activate|p1a: Vaporeon|move: Protect\n|\n|-heal|p1a: Vaporeon|60\/100|[from] move: Wish|[wisher] Vaporeon\n|-heal|p1a: Vaporeon|66\/100|[from] item: Leftovers\n|-damage|p2a: Gholdengo|38\/100 brn|[from] brn\n|upkeep\n|turn|34\n|\n|t:|1699846261\n|move|p2a: Gholdengo|Shadow Ball|p1a: Vaporeon\n|-damage|p1a: Vaporeon|36\/100\n|move|p1a: Vaporeon|Scald|p2a: Gholdengo\n|-damage|p2a: Gholdengo|0 fnt\n|faint|p2a: Gholdengo\n|\n|win|Hydester\n|l|\u203dethanxia\n","uploadtime":1699846272,"views":34,"p1id":"hydester","p2id":"ethanxia","formatid":"gen9ou","rating":0,"private":0,"password":""}