{"id":"gen9ou-1991745108","p1":"defnotapenguin","p2":"N0t.Azn","format":"[Gen 9] OU","log":"|j|\u2606defnotapenguin\n|j|\u2606N0t.Azn\n|t:|1700110091\n|gametype|singles\n|player|p1|defnotapenguin|cameraman|1104\n|player|p2|N0t.Azn|102|1000\n|teamsize|p1|6\n|teamsize|p2|6\n|gen|9\n|tier|[Gen 9] OU\n|rated|\n|rule|Sleep Clause Mod: Limit one foe put to sleep\n|rule|Species Clause: Limit one of each Pok\u00e9mon\n|rule|OHKO Clause: OHKO moves are banned\n|rule|Evasion Items Clause: Evasion items are banned\n|rule|Evasion Moves Clause: Evasion moves are banned\n|rule|Endless Battle Clause: Forcing endless battles is banned\n|rule|HP Percentage Mod: HP is shown in percentages\n|clearpoke\n|poke|p1|Alomomola, M|\n|poke|p1|Samurott-Hisui, F|\n|poke|p1|Breloom, M|\n|poke|p1|Manaphy|\n|poke|p1|Landorus-Therian, M|\n|poke|p1|Dragonite, F|\n|poke|p2|Masquerain, M|\n|poke|p2|Gholdengo|\n|poke|p2|Dragapult, M|\n|poke|p2|Kingambit, M|\n|poke|p2|Breloom, M|\n|poke|p2|Azumarill, F|\n|teampreview\n|inactive|Battle timer is ON: inactive players will automatically lose when time's up. (requested by defnotapenguin)\n|\n|t:|1700110097\n|start\n|switch|p1a: Wellspringphy|Manaphy|100\/100\n|switch|p2a: Gholdengo|Gholdengo, shiny|100\/100\n|turn|1\n|\n|t:|1700110104\n|move|p2a: Gholdengo|Nasty Plot|p2a: Gholdengo\n|-boost|p2a: Gholdengo|spa|2\n|move|p1a: Wellspringphy|Tail Glow|p1a: Wellspringphy\n|-boost|p1a: Wellspringphy|spa|3\n|\n|upkeep\n|turn|2\n|\n|t:|1700110116\n|move|p2a: Gholdengo|Nasty Plot|p2a: Gholdengo\n|-boost|p2a: Gholdengo|spa|2\n|move|p1a: Wellspringphy|Surf|p2a: Gholdengo\n|-damage|p2a: Gholdengo|0 fnt\n|faint|p2a: Gholdengo\n|\n|upkeep\n|\n|t:|1700110125\n|switch|p2a: Breloom|Breloom, M, shiny|100\/100\n|turn|3\n|\n|t:|1700110133\n|move|p1a: Wellspringphy|Ice Beam|p2a: Breloom\n|-supereffective|p2a: Breloom\n|-damage|p2a: Breloom|0 fnt\n|faint|p2a: Breloom\n|\n|upkeep\n|\n|t:|1700110140\n|switch|p2a: Masquerain|Masquerain, M, shiny|100\/100\n|-ability|p2a: Masquerain|Intimidate|boost\n|-unboost|p1a: Wellspringphy|atk|1\n|turn|4\n|\n|t:|1700110149\n|move|p2a: Masquerain|U-turn|p1a: Wellspringphy\n|-damage|p1a: Wellspringphy|87\/100\n|\n|t:|1700110156\n|switch|p2a: Dragapult|Dragapult, M, shiny|100\/100|[from] U-turn\n|move|p1a: Wellspringphy|Ice Beam|p2a: Dragapult\n|-supereffective|p2a: Dragapult\n|-damage|p2a: Dragapult|0 fnt\n|faint|p2a: Dragapult\n|\n|-heal|p1a: Wellspringphy|93\/100|[from] item: Leftovers\n|upkeep\n|\n|t:|1700110165\n|switch|p2a: Masquerain|Masquerain, M, shiny|100\/100\n|-ability|p2a: Masquerain|Intimidate|boost\n|-unboost|p1a: Wellspringphy|atk|1\n|turn|5\n|\n|t:|1700110171\n|move|p2a: Masquerain|Ice Beam|p1a: Wellspringphy\n|-resisted|p1a: Wellspringphy\n|-damage|p1a: Wellspringphy|83\/100\n|move|p1a: Wellspringphy|Surf|p2a: Masquerain\n|-damage|p2a: Masquerain|0 fnt\n|faint|p2a: Masquerain\n|\n|-heal|p1a: Wellspringphy|90\/100|[from] item: Leftovers\n|upkeep\n|\n|t:|1700110179\n|switch|p2a: Azumarill|Azumarill, F, shiny|100\/100\n|turn|6\n|\n|t:|1700110189\n|move|p1a: Wellspringphy|Energy Ball|p2a: Azumarill\n|-supereffective|p2a: Azumarill\n|-damage|p2a: Azumarill|0 fnt\n|faint|p2a: Azumarill\n|\n|-heal|p1a: Wellspringphy|96\/100|[from] item: Leftovers\n|upkeep\n|\n|t:|1700110195\n|switch|p2a: Kingambit|Kingambit, M, shiny|100\/100\n|-activate|p2a: Kingambit|ability: Supreme Overlord\n|-start|p2a: Kingambit|fallen5|[silent]\n|turn|7\n|\n|t:|1700110203\n|-terastallize|p1a: Wellspringphy|Fairy\n|-terastallize|p2a: Kingambit|Dark\n|move|p1a: Wellspringphy|Surf|p2a: Kingambit\n|-damage|p2a: Kingambit|0 fnt\n|faint|p2a: Kingambit\n|-end|p2a: Kingambit|fallen5|[silent]\n|\n|win|defnotapenguin\n|raw|defnotapenguin's rating: 1104 &rarr; <strong>1122<\/strong><br \/>(+18 for winning)\n|raw|N0t.Azn's rating: 1000 &rarr; <strong>1000<\/strong><br \/>(+0 for losing)\n|c|\u2606N0t.Azn|...\n|l|\u2606N0t.Azn\n|c|\u2606defnotapenguin|lol\n","uploadtime":1700110218,"views":9,"p1id":"defnotapenguin","p2id":"n0tazn","formatid":"gen9ou","rating":1000,"private":0,"password":""}