{"id":"gen9ou-1992362431","p1":"ss_wobblewok","p2":"Silver33534","format":"[Gen 9] OU","log":"|j|\u2606ss_wobblewok\n|j|\u2606Silver33534\n|t:|1700178862\n|gametype|singles\n|player|p1|ss_wobblewok|parasollady|1334\n|player|p2|Silver33534|170|1409\n|teamsize|p1|6\n|teamsize|p2|6\n|gen|9\n|tier|[Gen 9] OU\n|rated|\n|rule|Sleep Clause Mod: Limit one foe put to sleep\n|rule|Species Clause: Limit one of each Pok\u00e9mon\n|rule|OHKO Clause: OHKO moves are banned\n|rule|Evasion Items Clause: Evasion items are banned\n|rule|Evasion Moves Clause: Evasion moves are banned\n|rule|Endless Battle Clause: Forcing endless battles is banned\n|rule|HP Percentage Mod: HP is shown in percentages\n|clearpoke\n|poke|p1|Iron Moth|\n|poke|p1|Rillaboom, M|\n|poke|p1|Zamazenta-*|\n|poke|p1|Manaphy|\n|poke|p1|Heatran, M|\n|poke|p1|Great Tusk|\n|poke|p2|Scizor, M|\n|poke|p2|Kingambit, M|\n|poke|p2|Samurott-Hisui, M|\n|poke|p2|Gholdengo|\n|poke|p2|Ceruledge, F|\n|poke|p2|Landorus-Therian, M|\n|teampreview\n|\n|t:|1700178867\n|start\n|switch|p1a: Heatran|Heatran, M|100\/100\n|switch|p2a: Samurott|Samurott-Hisui, M|100\/100\n|-item|p1a: Heatran|Air Balloon\n|turn|1\n|\n|t:|1700178873\n|switch|p1a: Rillaboom|Rillaboom, M|100\/100\n|-fieldstart|move: Grassy Terrain|[from] ability: Grassy Surge|[of] p1a: Rillaboom\n|move|p2a: Samurott|Razor Shell|p1a: Rillaboom\n|-resisted|p1a: Rillaboom\n|-damage|p1a: Rillaboom|73\/100\n|-unboost|p1a: Rillaboom|def|1\n|\n|-heal|p1a: Rillaboom|79\/100|[from] Grassy Terrain\n|upkeep\n|turn|2\n|\n|t:|1700178882\n|move|p2a: Samurott|Ceaseless Edge|p1a: Rillaboom\n|-damage|p1a: Rillaboom|7\/100\n|-sidestart|p1: ss_wobblewok|Spikes\n|move|p1a: Rillaboom|U-turn|p2a: Samurott\n|-supereffective|p2a: Samurott\n|-damage|p2a: Samurott|16\/100\n|\n|t:|1700178888\n|switch|p1a: Great Tusk|Great Tusk|100\/100|[from] U-turn\n|-damage|p1a: Great Tusk|88\/100|[from] Spikes\n|\n|-heal|p1a: Great Tusk|94\/100|[from] Grassy Terrain\n|-heal|p1a: Great Tusk|100\/100|[from] item: Leftovers\n|-heal|p2a: Samurott|23\/100|[from] Grassy Terrain\n|upkeep\n|turn|3\n|\n|t:|1700178895\n|switch|p2a: Gholdengo|Gholdengo|100\/100\n|-item|p2a: Gholdengo|Air Balloon\n|move|p1a: Great Tusk|Rapid Spin|p2a: Gholdengo\n|-immune|p2a: Gholdengo\n|\n|upkeep\n|turn|4\n|\n|t:|1700178905\n|move|p1a: Great Tusk|Ice Spinner|p2a: Gholdengo\n|-resisted|p2a: Gholdengo\n|-damage|p2a: Gholdengo|84\/100\n|-enditem|p2a: Gholdengo|Air Balloon\n|-fieldend|move: Grassy Terrain\n|move|p2a: Gholdengo|Shadow Ball|p1a: Great Tusk\n|-damage|p1a: Great Tusk|31\/100\n|\n|-heal|p1a: Great Tusk|38\/100|[from] item: Leftovers\n|upkeep\n|turn|5\n|\n|t:|1700178917\n|move|p1a: Great Tusk|Headlong Rush|p2a: Gholdengo\n|-supereffective|p2a: Gholdengo\n|-damage|p2a: Gholdengo|0 fnt\n|-unboost|p1a: Great Tusk|def|1\n|-unboost|p1a: Great Tusk|spd|1\n|faint|p2a: Gholdengo\n|\n|-heal|p1a: Great Tusk|44\/100|[from] item: Leftovers\n|upkeep\n|\n|t:|1700178921\n|switch|p2a: Samurott|Samurott-Hisui, M|23\/100\n|turn|6\n|\n|t:|1700178925\n|move|p2a: Samurott|Aqua Jet|p1a: Great Tusk\n|-supereffective|p1a: Great Tusk\n|-damage|p1a: Great Tusk|0 fnt\n|faint|p1a: Great Tusk\n|-end|p1a: Great Tusk|Protosynthesis|[silent]\n|\n|upkeep\n|\n|t:|1700178929\n|switch|p1a: Rillaboom|Rillaboom, M|7\/100\n|-damage|p1a: Rillaboom|0 fnt|[from] Spikes\n|faint|p1a: Rillaboom\n|\n|t:|1700178936\n|switch|p1a: Zamazenta|Zamazenta|100\/100\n|-damage|p1a: Zamazenta|88\/100|[from] Spikes\n|-ability|p1a: Zamazenta|Dauntless Shield|boost\n|-boost|p1a: Zamazenta|def|1\n|turn|7\n|\n|t:|1700178939\n|move|p1a: Zamazenta|Body Press|p2a: Samurott\n|-supereffective|p2a: Samurott\n|-damage|p2a: Samurott|0 fnt\n|faint|p2a: Samurott\n|\n|-heal|p1a: Zamazenta|94\/100|[from] item: Leftovers\n|upkeep\n|\n|t:|1700178943\n|switch|p2a: Landorus|Landorus-Therian, M|100\/100\n|-ability|p2a: Landorus|Intimidate|boost\n|-unboost|p1a: Zamazenta|atk|1\n|turn|8\n|\n|t:|1700178950\n|switch|p1a: Heatran|Heatran, M|100\/100\n|-item|p1a: Heatran|Air Balloon\n|move|p2a: Landorus|U-turn|p1a: Heatran\n|-resisted|p1a: Heatran\n|-damage|p1a: Heatran|95\/100\n|-enditem|p1a: Heatran|Air Balloon\n|\n|t:|1700178955\n|switch|p2a: Ceruledge|Ceruledge, F|100\/100|[from] U-turn\n|\n|upkeep\n|turn|9\n|\n|t:|1700178961\n|move|p2a: Ceruledge|Swords Dance|p2a: Ceruledge\n|-boost|p2a: Ceruledge|atk|2\n|move|p1a: Heatran|Earth Power|p2a: Ceruledge\n|-supereffective|p2a: Ceruledge\n|-damage|p2a: Ceruledge|21\/100\n|\n|upkeep\n|turn|10\n|\n|t:|1700178966\n|move|p2a: Ceruledge|Close Combat|p1a: Heatran\n|-supereffective|p1a: Heatran\n|-damage|p1a: Heatran|0 fnt\n|-unboost|p2a: Ceruledge|def|1\n|-unboost|p2a: Ceruledge|spd|1\n|faint|p1a: Heatran\n|\n|upkeep\n|\n|t:|1700178970\n|switch|p1a: Iron Moth|Iron Moth|100\/100\n|-item|p1a: Iron Moth|Air Balloon\n|turn|11\n|\n|t:|1700178977\n|move|p2a: Ceruledge|Shadow Sneak|p1a: Iron Moth\n|-damage|p1a: Iron Moth|27\/100\n|-enditem|p1a: Iron Moth|Air Balloon\n|move|p1a: Iron Moth|Fire Blast|p2a: Ceruledge\n|-resisted|p2a: Ceruledge\n|-damage|p2a: Ceruledge|0 fnt\n|faint|p2a: Ceruledge\n|\n|upkeep\n|\n|t:|1700178984\n|switch|p2a: Landorus|Landorus-Therian, M|100\/100\n|-ability|p2a: Landorus|Intimidate|boost\n|-unboost|p1a: Iron Moth|atk|1\n|turn|12\n|\n|t:|1700178999\n|-end|p1a: Iron Moth|Quark Drive|[silent]\n|switch|p1a: Manaphy|Manaphy|100\/100\n|-damage|p1a: Manaphy|88\/100|[from] Spikes\n|move|p2a: Landorus|Earthquake|p1a: Manaphy\n|-damage|p1a: Manaphy|31\/100\n|\n|-heal|p1a: Manaphy|37\/100|[from] item: Leftovers\n|upkeep\n|turn|13\n|\n|t:|1700179004\n|move|p2a: Landorus|Earthquake|p1a: Manaphy\n|-damage|p1a: Manaphy|0 fnt\n|faint|p1a: Manaphy\n|\n|upkeep\n|\n|t:|1700179008\n|switch|p1a: Zamazenta|Zamazenta|94\/100\n|-damage|p1a: Zamazenta|82\/100|[from] Spikes\n|turn|14\n|\n|t:|1700179012\n|switch|p2a: Scizor|Scizor, M|100\/100\n|move|p1a: Zamazenta|Iron Defense|p1a: Zamazenta\n|-boost|p1a: Zamazenta|def|2\n|\n|-heal|p1a: Zamazenta|88\/100|[from] item: Leftovers\n|upkeep\n|turn|15\n|\n|t:|1700179017\n|move|p2a: Scizor|Bullet Punch|p1a: Zamazenta\n|-damage|p1a: Zamazenta|65\/100\n|move|p1a: Zamazenta|Iron Defense|p1a: Zamazenta\n|-boost|p1a: Zamazenta|def|2\n|\n|-heal|p1a: Zamazenta|71\/100|[from] item: Leftovers\n|upkeep\n|turn|16\n|\n|t:|1700179020\n|move|p2a: Scizor|Bullet Punch|p1a: Zamazenta\n|-damage|p1a: Zamazenta|56\/100\n|move|p1a: Zamazenta|Iron Defense|p1a: Zamazenta\n|-boost|p1a: Zamazenta|def|2\n|\n|-heal|p1a: Zamazenta|62\/100|[from] item: Leftovers\n|upkeep\n|turn|17\n|\n|t:|1700179024\n|move|p2a: Scizor|Bullet Punch|p1a: Zamazenta\n|-damage|p1a: Zamazenta|50\/100\n|move|p1a: Zamazenta|Body Press|p2a: Scizor\n|-damage|p2a: Scizor|0 fnt\n|faint|p2a: Scizor\n|\n|-heal|p1a: Zamazenta|56\/100|[from] item: Leftovers\n|upkeep\n|\n|t:|1700179027\n|switch|p2a: Landorus|Landorus-Therian, M|100\/100\n|-ability|p2a: Landorus|Intimidate|boost\n|-unboost|p1a: Zamazenta|atk|1\n|turn|18\n|\n|t:|1700179032\n|move|p2a: Landorus|Grass Knot|p1a: Zamazenta\n|-damage|p1a: Zamazenta|29\/100\n|move|p1a: Zamazenta|Body Press|p2a: Landorus\n|-resisted|p2a: Landorus\n|-damage|p2a: Landorus|32\/100\n|\n|-heal|p1a: Zamazenta|35\/100|[from] item: Leftovers\n|upkeep\n|turn|19\n|\n|t:|1700179038\n|-terastallize|p1a: Zamazenta|Steel\n|move|p2a: Landorus|Grass Knot|p1a: Zamazenta\n|-resisted|p1a: Zamazenta\n|-damage|p1a: Zamazenta|21\/100\n|move|p1a: Zamazenta|Body Press|p2a: Landorus\n|-resisted|p2a: Landorus\n|-damage|p2a: Landorus|0 fnt\n|faint|p2a: Landorus\n|\n|-heal|p1a: Zamazenta|27\/100|[from] item: Leftovers\n|upkeep\n|\n|t:|1700179041\n|switch|p2a: Kingambit|Kingambit, M|100\/100\n|-activate|p2a: Kingambit|ability: Supreme Overlord\n|-start|p2a: Kingambit|fallen5|[silent]\n|turn|20\n|\n|t:|1700179047\n|-terastallize|p2a: Kingambit|Fairy\n|move|p1a: Zamazenta|Body Press|p2a: Kingambit\n|-resisted|p2a: Kingambit\n|-damage|p2a: Kingambit|56\/100\n|move|p2a: Kingambit|Kowtow Cleave|p1a: Zamazenta\n|-damage|p1a: Zamazenta|10\/100\n|\n|-heal|p1a: Zamazenta|16\/100|[from] item: Leftovers\n|-heal|p2a: Kingambit|62\/100|[from] item: Leftovers\n|upkeep\n|turn|21\n|\n|t:|1700179053\n|move|p1a: Zamazenta|Play Rough|p2a: Kingambit|[miss]\n|-miss|p1a: Zamazenta|p2a: Kingambit\n|move|p2a: Kingambit|Kowtow Cleave|p1a: Zamazenta\n|-damage|p1a: Zamazenta|0 fnt\n|faint|p1a: Zamazenta\n|\n|-heal|p2a: Kingambit|69\/100|[from] item: Leftovers\n|upkeep\n|\n|t:|1700179056\n|switch|p1a: Iron Moth|Iron Moth|27\/100\n|-damage|p1a: Iron Moth|15\/100|[from] Spikes\n|turn|22\n|\n|t:|1700179060\n|move|p2a: Kingambit|Sucker Punch|p1a: Iron Moth\n|-damage|p1a: Iron Moth|0 fnt\n|faint|p1a: Iron Moth\n|-end|p1a: Iron Moth|Quark Drive|[silent]\n|\n|win|Silver33534\n|raw|ss_wobblewok's rating: 1334 &rarr; <strong>1318<\/strong><br \/>(-16 for losing)\n|raw|Silver33534's rating: 1409 &rarr; <strong>1425<\/strong><br \/>(+16 for winning)\n|c|\u2606Silver33534|gg\n","uploadtime":1700179067,"views":10,"p1id":"sswobblewok","p2id":"silver33534","formatid":"gen9ou","rating":1318,"private":0,"password":""}