{"id":"gen9ou-1992818130","p1":"Dedenzz8","p2":"iamnotsuperstaline","format":"[Gen 9] OU","log":"|j|\u2606Dedenzz8\n|j|\u2606iamnotsuperstaline\n|t:|1700238102\n|gametype|singles\n|player|p1|Dedenzz8|lucas-gen4pt|1320\n|player|p2|iamnotsuperstaline|1|1286\n|teamsize|p1|6\n|teamsize|p2|6\n|gen|9\n|tier|[Gen 9] OU\n|rated|\n|rule|Sleep Clause Mod: Limit one foe put to sleep\n|rule|Species Clause: Limit one of each Pok\u00e9mon\n|rule|OHKO Clause: OHKO moves are banned\n|rule|Evasion Items Clause: Evasion items are banned\n|rule|Evasion Moves Clause: Evasion moves are banned\n|rule|Endless Battle Clause: Forcing endless battles is banned\n|rule|HP Percentage Mod: HP is shown in percentages\n|clearpoke\n|poke|p1|Greninja-*, M|\n|poke|p1|Hatterene, F|\n|poke|p1|Meowscarada, F|\n|poke|p1|Landorus-Therian, M|\n|poke|p1|Corviknight, M|\n|poke|p1|Great Tusk|\n|poke|p2|Pincurchin, F|\n|poke|p2|Raichu-Alola, M|\n|poke|p2|Sneasler, M|\n|poke|p2|Iron Valiant|\n|poke|p2|Pelipper, F|\n|poke|p2|Golduck, M|\n|teampreview\n|\n|t:|1700238143\n|start\n|switch|p1a: Meowscarada|Meowscarada, F|100\/100\n|switch|p2a: Pelipper|Pelipper, F|100\/100\n|-weather|RainDance|[from] ability: Drizzle|[of] p2a: Pelipper\n|turn|1\n|\n|t:|1700238154\n|move|p1a: Meowscarada|Knock Off|p2a: Pelipper\n|-start|p1a: Meowscarada|typechange|Dark|[from] ability: Protean\n|-damage|p2a: Pelipper|52\/100\n|-enditem|p2a: Pelipper|Damp Rock|[from] move: Knock Off|[of] p1a: Meowscarada\n|move|p2a: Pelipper|U-turn|p1a: Meowscarada\n|-supereffective|p1a: Meowscarada\n|-damage|p1a: Meowscarada|75\/100\n|\n|t:|1700238174\n|switch|p2a: Golduck|Golduck, M|100\/100|[from] U-turn\n|\n|-weather|RainDance|[upkeep]\n|upkeep\n|turn|2\n|\n|t:|1700238187\n|switch|p1a: Hatterene|Hatterene, F|100\/100\n|-terastallize|p2a: Golduck|Water\n|move|p2a: Golduck|Hydro Pump|p1a: Hatterene\n|-damage|p1a: Hatterene|0 fnt\n|faint|p1a: Hatterene\n|\n|-weather|RainDance|[upkeep]\n|upkeep\n|\n|t:|1700238208\n|switch|p1a: Meowscarada|Meowscarada, F|75\/100\n|turn|3\n|\n|t:|1700238240\n|move|p2a: Golduck|Hydro Pump|p1a: Meowscarada\n|-resisted|p1a: Meowscarada\n|-damage|p1a: Meowscarada|0 fnt\n|faint|p1a: Meowscarada\n|\n|-weather|RainDance|[upkeep]\n|upkeep\n|\n|t:|1700238257\n|switch|p1a: Greninja|Greninja, M|100\/100\n|turn|4\n|\n|t:|1700238262\n|move|p2a: Golduck|Hydro Pump|p1a: Greninja|[miss]\n|-miss|p2a: Golduck|p1a: Greninja\n|move|p1a: Greninja|Dark Pulse|p2a: Golduck\n|-damage|p2a: Golduck|30\/100\n|\n|-weather|RainDance|[upkeep]\n|upkeep\n|turn|5\n|\n|t:|1700238265\n|move|p2a: Golduck|Hydro Pump|p1a: Greninja\n|-resisted|p1a: Greninja\n|-damage|p1a: Greninja|0 fnt\n|faint|p1a: Greninja\n|\n|-weather|RainDance|[upkeep]\n|upkeep\n|\n|t:|1700238276\n|switch|p1a: Corviknight|Corviknight, M|100\/100\n|-ability|p1a: Corviknight|Pressure\n|turn|6\n|\n|t:|1700238279\n|move|p2a: Golduck|Hydro Pump|p1a: Corviknight\n|-damage|p1a: Corviknight|0 fnt\n|faint|p1a: Corviknight\n|\n|-weather|RainDance|[upkeep]\n|upkeep\n|\n|t:|1700238284\n|switch|p1a: Landorus|Landorus-Therian, M|100\/100\n|-ability|p1a: Landorus|Intimidate|boost\n|-unboost|p2a: Golduck|atk|1\n|turn|7\n|\n|t:|1700238287\n|move|p2a: Golduck|Hydro Pump|p1a: Landorus\n|-supereffective|p1a: Landorus\n|-damage|p1a: Landorus|0 fnt\n|faint|p1a: Landorus\n|\n|-weather|RainDance|[upkeep]\n|upkeep\n|-message|Dedenzz8 forfeited.\n|\n|win|iamnotsuperstaline\n|raw|Dedenzz8's rating: 1320 &rarr; <strong>1298<\/strong><br \/>(-22 for losing)\n|raw|iamnotsuperstaline's rating: 1286 &rarr; <strong>1313<\/strong><br \/>(+27 for winning)\n|l|\u2606Dedenzz8\n","uploadtime":1700238297,"views":12,"p1id":"dedenzz8","p2id":"iamnotsuperstaline","formatid":"gen9ou","rating":1298,"private":0,"password":""}