{"id":"gen9ou-1996468101","p1":"af lele.tomas","p2":"mathismathin","format":"[Gen 9] OU","log":"|j|\u2606af lele.tomas\n|j|\u2606mathismathin\n|t:|1700684920\n|gametype|singles\n|player|p1|af lele.tomas|nate|1537\n|player|p2|mathismathin|nate|1672\n|teamsize|p1|6\n|teamsize|p2|6\n|gen|9\n|tier|[Gen 9] OU\n|rated|\n|rule|Sleep Clause Mod: Limit one foe put to sleep\n|rule|Species Clause: Limit one of each Pok\u00e9mon\n|rule|OHKO Clause: OHKO moves are banned\n|rule|Evasion Items Clause: Evasion items are banned\n|rule|Evasion Moves Clause: Evasion moves are banned\n|rule|Endless Battle Clause: Forcing endless battles is banned\n|rule|HP Percentage Mod: HP is shown in percentages\n|clearpoke\n|poke|p1|Indeedee, M|\n|poke|p1|Armarouge, M|\n|poke|p1|Iron Treads|\n|poke|p1|Polteageist|\n|poke|p1|Hatterene, F|\n|poke|p1|Gengar, M|\n|poke|p2|Wo-Chien|\n|poke|p2|Weezing-Galar, F|\n|poke|p2|Blissey, F|\n|poke|p2|Cyclizar, M|\n|poke|p2|Alomomola, F|\n|poke|p2|Corviknight, M|\n|teampreview\n|inactive|Battle timer is ON: inactive players will automatically lose when time's up. (requested by af lele.tomas)\n|\n|t:|1700684925\n|start\n|switch|p1a: Indeedee|Indeedee, M|100\/100\n|switch|p2a: Cyclizar|Cyclizar, M|100\/100\n|-fieldstart|move: Psychic Terrain|[from] ability: Psychic Surge|[of] p1a: Indeedee\n|turn|1\n|\n|t:|1700684928\n|switch|p1a: Hatterene|Hatterene, F|100\/100\n|move|p2a: Cyclizar|Knock Off|p1a: Hatterene\n|-damage|p1a: Hatterene|84\/100\n|-enditem|p1a: Hatterene|Eject Button|[from] move: Knock Off|[of] p2a: Cyclizar\n|\n|upkeep\n|turn|2\n|\n|t:|1700684934\n|move|p2a: Cyclizar|U-turn|p1a: Hatterene\n|-damage|p1a: Hatterene|73\/100\n|\n|t:|1700684937\n|switch|p2a: Corviknight|Corviknight, M|100\/100|[from] U-turn\n|-ability|p2a: Corviknight|Pressure\n|move|p1a: Hatterene|Draining Kiss|p2a: Corviknight\n|-resisted|p2a: Corviknight\n|-damage|p2a: Corviknight|90\/100\n|-heal|p1a: Hatterene|83\/100|[from] drain|[of] p2a: Corviknight\n|\n|-heal|p2a: Corviknight|96\/100|[from] item: Leftovers\n|upkeep\n|turn|3\n|\n|t:|1700684944\n|move|p2a: Corviknight|Iron Head|p1a: Hatterene\n|-supereffective|p1a: Hatterene\n|-damage|p1a: Hatterene|43\/100\n|cant|p1a: Hatterene|flinch\n|\n|-heal|p2a: Corviknight|100\/100|[from] item: Leftovers\n|upkeep\n|turn|4\n|\n|t:|1700684949\n|move|p2a: Corviknight|Iron Head|p1a: Hatterene\n|-supereffective|p1a: Hatterene\n|-damage|p1a: Hatterene|3\/100\n|move|p1a: Hatterene|Nuzzle|p2a: Corviknight\n|-supereffective|p2a: Corviknight\n|-damage|p2a: Corviknight|95\/100\n|-status|p2a: Corviknight|par\n|\n|-heal|p2a: Corviknight|100\/100 par|[from] item: Leftovers\n|upkeep\n|turn|5\n|\n|t:|1700684960\n|switch|p2a: Cyclizar|Cyclizar, M|100\/100\n|move|p1a: Hatterene|Healing Wish|p1a: Hatterene\n|faint|p1a: Hatterene\n|\n|upkeep\n|\n|t:|1700684967\n|switch|p1a: Polteageist|Polteageist|100\/100\n|turn|6\n|j| YB is BETTER\n|\n|t:|1700684977\n|switch|p2a: Blissey|Blissey, F|100\/100\n|move|p1a: Polteageist|Shell Smash|p1a: Polteageist\n|-unboost|p1a: Polteageist|def|1\n|-unboost|p1a: Polteageist|spd|1\n|-boost|p1a: Polteageist|atk|2\n|-boost|p1a: Polteageist|spa|2\n|-boost|p1a: Polteageist|spe|2\n|\n|upkeep\n|turn|7\n|\n|t:|1700684981\n|move|p1a: Polteageist|Shell Smash|p1a: Polteageist\n|-unboost|p1a: Polteageist|def|1\n|-unboost|p1a: Polteageist|spd|1\n|-boost|p1a: Polteageist|atk|2\n|-boost|p1a: Polteageist|spa|2\n|-boost|p1a: Polteageist|spe|2\n|move|p2a: Blissey|Calm Mind|p2a: Blissey\n|-boost|p2a: Blissey|spa|1\n|-boost|p2a: Blissey|spd|1\n|\n|upkeep\n|turn|8\n|\n|t:|1700684985\n|-terastallize|p2a: Blissey|Dark\n|move|p1a: Polteageist|Shell Smash|p1a: Polteageist\n|-unboost|p1a: Polteageist|def|1\n|-unboost|p1a: Polteageist|spd|1\n|-boost|p1a: Polteageist|atk|2\n|-boost|p1a: Polteageist|spa|2\n|-boost|p1a: Polteageist|spe|2\n|move|p2a: Blissey|Calm Mind|p2a: Blissey\n|-boost|p2a: Blissey|spa|1\n|-boost|p2a: Blissey|spd|1\n|\n|-fieldend|move: Psychic Terrain\n|upkeep\n|turn|9\n|\n|t:|1700684991\n|-terastallize|p1a: Polteageist|Fairy\n|move|p1a: Polteageist|Tera Blast|p2a: Blissey|[anim] Tera Blast Fairy\n|-supereffective|p2a: Blissey\n|-damage|p2a: Blissey|47\/100\n|move|p2a: Blissey|Calm Mind|p2a: Blissey\n|-boost|p2a: Blissey|spa|1\n|-boost|p2a: Blissey|spd|1\n|\n|upkeep\n|turn|10\n|\n|t:|1700684995\n|move|p1a: Polteageist|Tera Blast|p2a: Blissey|[anim] Tera Blast Fairy\n|-supereffective|p2a: Blissey\n|-damage|p2a: Blissey|0 fnt\n|faint|p2a: Blissey\n|\n|upkeep\n|-message|mathismathin forfeited.\n|\n|win|af lele.tomas\n|raw|af lele.tomas's rating: 1537 &rarr; <strong>1564<\/strong><br \/>(+27 for winning)\n|raw|mathismathin's rating: 1672 &rarr; <strong>1645<\/strong><br \/>(-27 for losing)\n|l|\u2606mathismathin\n|l|\u2606af lele.tomas\n","uploadtime":1700685016,"views":13,"p1id":"afleletomas","p2id":"mathismathin","formatid":"gen9ou","rating":1564,"private":0,"password":""}