{"id":"gen9ou-1996733028","p1":"Go easy I'm new 4","p2":"Whyleaveme","format":"[Gen 9] OU","log":"|j|\u2606Go easy I'm new 4\n|j|\u2606Whyleaveme\n|t:|1700716144\n|gametype|singles\n|player|p1|Go easy I'm new 4|waitress-gen4|1000\n|player|p2|Whyleaveme|2|1098\n|teamsize|p1|6\n|teamsize|p2|6\n|gen|9\n|tier|[Gen 9] OU\n|rated|\n|rule|Sleep Clause Mod: Limit one foe put to sleep\n|rule|Species Clause: Limit one of each Pok\u00e9mon\n|rule|OHKO Clause: OHKO moves are banned\n|rule|Evasion Items Clause: Evasion items are banned\n|rule|Evasion Moves Clause: Evasion moves are banned\n|rule|Endless Battle Clause: Forcing endless battles is banned\n|rule|HP Percentage Mod: HP is shown in percentages\n|clearpoke\n|poke|p1|Iron Moth|\n|poke|p1|Iron Valiant|\n|poke|p1|Kingambit, M|\n|poke|p1|Great Tusk|\n|poke|p1|Samurott-Hisui, F|\n|poke|p1|Enamorus, F|\n|poke|p2|Empoleon, F|\n|poke|p2|Lilligant-Hisui, F|\n|poke|p2|Talonflame, F|\n|poke|p2|Gastrodon, M|\n|poke|p2|Dragapult, F|\n|poke|p2|Toxtricity, M|\n|teampreview\n|c|\u2606Go easy I'm new 4|Glhf\n|inactive|Battle timer is ON: inactive players will automatically lose when time's up. (requested by Whyleaveme)\n|\n|t:|1700716171\n|start\n|switch|p1a: Samurott|Samurott-Hisui, F|100\/100\n|switch|p2a: Gastrodon|Gastrodon, M|100\/100\n|turn|1\n|\n|t:|1700716186\n|move|p1a: Samurott|Swords Dance|p1a: Samurott\n|-boost|p1a: Samurott|atk|2\n|move|p2a: Gastrodon|Spikes|p1a: Samurott\n|-sidestart|p1: Go easy I'm new 4|Spikes\n|\n|upkeep\n|turn|2\n|\n|t:|1700716193\n|move|p1a: Samurott|Ceaseless Edge|p2a: Gastrodon\n|-damage|p2a: Gastrodon|4\/100\n|-sidestart|p2: Whyleaveme|Spikes\n|move|p2a: Gastrodon|Spikes|p1a: Samurott\n|-sidestart|p1: Go easy I'm new 4|Spikes\n|\n|upkeep\n|turn|3\n|\n|t:|1700716219\n|switch|p2a: Lilligant|Lilligant-Hisui, F|100\/100\n|-damage|p2a: Lilligant|88\/100|[from] Spikes\n|move|p1a: Samurott|Ceaseless Edge|p2a: Lilligant\n|-resisted|p2a: Lilligant\n|-damage|p2a: Lilligant|24\/100\n|-sidestart|p2: Whyleaveme|Spikes\n|\n|upkeep\n|turn|4\n|inactive|Whyleaveme has 120 seconds left.\n|\n|t:|1700716241\n|move|p1a: Samurott|Sucker Punch|p2a: Lilligant\n|-resisted|p2a: Lilligant\n|-damage|p2a: Lilligant|0 fnt\n|faint|p2a: Lilligant\n|\n|upkeep\n|\n|t:|1700716255\n|switch|p2a: Toxtricity|Toxtricity, M|100\/100\n|-damage|p2a: Toxtricity|84\/100|[from] Spikes\n|turn|5\n|\n|t:|1700716262\n|move|p2a: Toxtricity|Discharge|p1a: Samurott\n|-supereffective|p1a: Samurott\n|-enditem|p1a: Samurott|Focus Sash\n|-damage|p1a: Samurott|1\/100\n|move|p1a: Samurott|Ceaseless Edge|p2a: Toxtricity\n|-damage|p2a: Toxtricity|0 fnt\n|-sidestart|p2: Whyleaveme|Spikes\n|faint|p2a: Toxtricity\n|\n|upkeep\n|inactive|Whyleaveme has 120 seconds left.\n|\n|t:|1700716271\n|switch|p2a: Talonflame|Talonflame, F|100\/100\n|turn|6\n|\n|t:|1700716276\n|move|p1a: Samurott|Sucker Punch|p2a: Talonflame\n|-damage|p2a: Talonflame|7\/100\n|-status|p1a: Samurott|brn|[from] ability: Flame Body|[of] p2a: Talonflame\n|move|p2a: Talonflame|Dual Wingbeat|p1a: Samurott\n|-damage|p1a: Samurott|0 fnt\n|faint|p1a: Samurott\n|-hitcount|p1: Samurott|1\n|\n|upkeep\n|\n|t:|1700716300\n|switch|p1a: Iron Moth|Iron Moth|100\/100\n|-damage|p1a: Iron Moth|84\/100|[from] Spikes\n|-enditem|p1a: Iron Moth|Booster Energy\n|-activate|p1a: Iron Moth|ability: Quark Drive|[fromitem]\n|-start|p1a: Iron Moth|quarkdrivespe\n|turn|7\n|inactive|Whyleaveme has 120 seconds left.\n|\n|t:|1700716349\n|switch|p2a: Empoleon|Empoleon, F|100\/100\n|-damage|p2a: Empoleon|75\/100|[from] Spikes\n|move|p1a: Iron Moth|Fiery Dance|p2a: Empoleon\n|-damage|p2a: Empoleon|40\/100\n|\n|upkeep\n|turn|8\n|\n|t:|1700716359\n|move|p1a: Iron Moth|Fiery Dance|p2a: Empoleon\n|-damage|p2a: Empoleon|0 fnt\n|-boost|p1a: Iron Moth|spa|1\n|faint|p2a: Empoleon\n|\n|upkeep\n|\n|t:|1700716370\n|switch|p2a: King|Dragapult, F|100\/100\n|-damage|p2a: King|76\/100|[from] Spikes\n|turn|9\n|\n|t:|1700716384\n|move|p2a: King|Dragon Darts|p1a: Iron Moth\n|-damage|p1a: Iron Moth|48\/100\n|-anim|p2a: King|Dragon Darts|p1a: Iron Moth\n|-damage|p1a: Iron Moth|14\/100\n|move|p1a: Iron Moth|Fiery Dance|p2a: King\n|-resisted|p2a: King\n|-damage|p2a: King|31\/100\n|\n|upkeep\n|turn|10\n|\n|t:|1700716396\n|-end|p1a: Iron Moth|Quark Drive|[silent]\n|switch|p1a: Iron Valiant|Iron Valiant|100\/100\n|-damage|p1a: Iron Valiant|84\/100|[from] Spikes\n|-enditem|p1a: Iron Valiant|Booster Energy\n|-activate|p1a: Iron Valiant|ability: Quark Drive|[fromitem]\n|-start|p1a: Iron Valiant|quarkdrivespe\n|move|p2a: King|Dragon Darts|p1a: Iron Valiant\n|-immune|p1a: Iron Valiant\n|\n|upkeep\n|turn|11\n|\n|t:|1700716418\n|switch|p2a: Gastrodon|Gastrodon, M|4\/100\n|-damage|p2a: Gastrodon|0 fnt|[from] Spikes\n|faint|p2a: Gastrodon\n|move|p1a: Iron Valiant|Knock Off|p2: Gastrodon|[notarget]\n|-fail|p1a: Iron Valiant\n|\n|upkeep\n|\n|t:|1700716426\n|switch|p2a: King|Dragapult, F|31\/100\n|-damage|p2a: King|6\/100|[from] Spikes\n|turn|12\n|\n|t:|1700716437\n|-end|p1a: Iron Valiant|Quark Drive|[silent]\n|switch|p1a: Kingambit|Kingambit, M|100\/100\n|-damage|p1a: Kingambit|84\/100|[from] Spikes\n|-activate|p1a: Kingambit|ability: Supreme Overlord\n|-start|p1a: Kingambit|fallen1|[silent]\n|-terastallize|p2a: King|Dragon\n|move|p2a: King|Phantom Force||[still]\n|-prepare|p2a: King|Phantom Force\n|\n|upkeep\n|turn|13\n|\n|t:|1700716447\n|move|p2a: King|Phantom Force|p1a: Kingambit|[from]lockedmove\n|-resisted|p1a: Kingambit\n|-damage|p1a: Kingambit|64\/100\n|move|p1a: Kingambit|Kowtow Cleave|p2a: King\n|-damage|p2a: King|0 fnt\n|faint|p2a: King\n|\n|upkeep\n|\n|t:|1700716456\n|switch|p2a: Talonflame|Talonflame, F|7\/100\n|turn|14\n|\n|t:|1700716460\n|-terastallize|p1a: Kingambit|Dark\n|move|p2a: Talonflame|Flare Blitz|p1a: Kingambit\n|-damage|p1a: Kingambit|23\/100\n|-damage|p2a: Talonflame|0 fnt|[from] Recoil\n|faint|p2a: Talonflame\n|\n|win|Go easy I'm new 4\n|raw|Go easy I&apos;m new 4's rating: 1000 &rarr; <strong>1051<\/strong><br \/>(+51 for winning)\n|raw|Whyleaveme's rating: 1098 &rarr; <strong>1067<\/strong><br \/>(-31 for losing)\n|l|\u2606Whyleaveme\n|c|\u2606Go easy I'm new 4|Gg\n","uploadtime":1700716477,"views":18,"p1id":"goeasyimnew4","p2id":"whyleaveme","formatid":"gen9ou","rating":1051,"private":0,"password":""}