{"id":"gen9ou-1997792548","p1":"Bolanero","p2":"SCHIZODROOLER98","format":"[Gen 9] OU","log":"|j|\u2606Bolanero\n|j|\u2606SCHIZODROOLER98\n|t:|1700853217\n|gametype|singles\n|player|p1|Bolanero|2|1558\n|player|p2|SCHIZODROOLER98|medium|1639\n|teamsize|p1|6\n|teamsize|p2|6\n|gen|9\n|tier|[Gen 9] OU\n|rated|\n|rule|Sleep Clause Mod: Limit one foe put to sleep\n|rule|Species Clause: Limit one of each Pok\u00e9mon\n|rule|OHKO Clause: OHKO moves are banned\n|rule|Evasion Items Clause: Evasion items are banned\n|rule|Evasion Moves Clause: Evasion moves are banned\n|rule|Endless Battle Clause: Forcing endless battles is banned\n|rule|HP Percentage Mod: HP is shown in percentages\n|clearpoke\n|poke|p1|Zarude|\n|poke|p1|Rillaboom, M|\n|poke|p1|Gastrodon, F|\n|poke|p1|Heatran, M|\n|poke|p1|Mandibuzz, F|\n|poke|p1|Iron Valiant|\n|poke|p2|Ninetales-Alola, F|\n|poke|p2|Slowbro-Galar, M|\n|poke|p2|Enamorus-Therian, F|\n|poke|p2|Iron Hands|\n|poke|p2|Kingambit, M|\n|poke|p2|Ceruledge, M|\n|teampreview\n|\n|t:|1700853240\n|start\n|switch|p1a: Heatran|Heatran, M|100\/100\n|switch|p2a: ASTAGHFIRULLAH|Enamorus-Therian, F, shiny|100\/100\n|turn|1\n|\n|t:|1700853247\n|-terastallize|p1a: Heatran|Water\n|move|p1a: Heatran|Magma Storm|p2a: ASTAGHFIRULLAH|[miss]\n|-miss|p1a: Heatran|p2a: ASTAGHFIRULLAH\n|move|p2a: ASTAGHFIRULLAH|Calm Mind|p2a: ASTAGHFIRULLAH\n|-boost|p2a: ASTAGHFIRULLAH|spa|1\n|-boost|p2a: ASTAGHFIRULLAH|spd|1\n|\n|upkeep\n|turn|2\n|-activate|p2a: ASTAGHFIRULLAH|item: Quick Claw\n|\n|t:|1700853254\n|move|p2a: ASTAGHFIRULLAH|Moonblast|p1a: Heatran\n|-damage|p1a: Heatran|39\/100\n|-unboost|p1a: Heatran|spa|1\n|move|p1a: Heatran|Magma Storm|p2a: ASTAGHFIRULLAH\n|-damage|p2a: ASTAGHFIRULLAH|83\/100\n|-activate|p2a: ASTAGHFIRULLAH|move: Magma Storm|[of] p1a: Heatran\n|\n|-heal|p1a: Heatran|46\/100|[from] item: Leftovers\n|-damage|p2a: ASTAGHFIRULLAH|71\/100|[from] move: Magma Storm|[partiallytrapped]\n|upkeep\n|turn|3\n|\n|t:|1700853264\n|move|p1a: Heatran|Protect|p1a: Heatran\n|-singleturn|p1a: Heatran|Protect\n|move|p2a: ASTAGHFIRULLAH|Moonblast|p1a: Heatran\n|-activate|p1a: Heatran|move: Protect\n|\n|-heal|p1a: Heatran|52\/100|[from] item: Leftovers\n|-damage|p2a: ASTAGHFIRULLAH|59\/100|[from] move: Magma Storm|[partiallytrapped]\n|upkeep\n|turn|4\n|\n|t:|1700853272\n|switch|p1a: Gastrodon|Gastrodon, F|100\/100\n|move|p2a: ASTAGHFIRULLAH|Moonblast|p1a: Gastrodon\n|-damage|p1a: Gastrodon|45\/100\n|\n|-heal|p1a: Gastrodon|52\/100|[from] item: Leftovers\n|-end|p2a: ASTAGHFIRULLAH|Magma Storm|[partiallytrapped]|[silent]\n|upkeep\n|turn|5\n|\n|t:|1700853279\n|move|p2a: ASTAGHFIRULLAH|Moonblast|p1a: Gastrodon\n|-crit|p1a: Gastrodon\n|-damage|p1a: Gastrodon|0 fnt\n|faint|p1a: Gastrodon\n|\n|upkeep\n|\n|t:|1700853285\n|switch|p1a: Iron Valiant|Iron Valiant|100\/100\n|turn|6\n|\n|t:|1700853295\n|move|p1a: Iron Valiant|Thunderbolt|p2a: ASTAGHFIRULLAH\n|-supereffective|p2a: ASTAGHFIRULLAH\n|-damage|p2a: ASTAGHFIRULLAH|0 fnt\n|faint|p2a: ASTAGHFIRULLAH\n|\n|upkeep\n|\n|t:|1700853302\n|switch|p2a: SKILL ISSUE|Slowbro-Galar, M, shiny|100\/100\n|turn|7\n|\n|t:|1700853310\n|-end|p1a: Iron Valiant|Quark Drive|[silent]\n|switch|p1a: Heatran|Heatran, M, tera:Water|52\/100\n|move|p2a: SKILL ISSUE|Nasty Plot|p2a: SKILL ISSUE\n|-boost|p2a: SKILL ISSUE|spa|2\n|\n|-heal|p1a: Heatran|58\/100|[from] item: Leftovers\n|upkeep\n|turn|8\n|\n|t:|1700853317\n|move|p1a: Heatran|Magma Storm|p2a: SKILL ISSUE\n|-damage|p2a: SKILL ISSUE|54\/100\n|-activate|p2a: SKILL ISSUE|move: Magma Storm|[of] p1a: Heatran\n|move|p2a: SKILL ISSUE|Psyshock|p1a: Heatran\n|-damage|p1a: Heatran|5\/100\n|\n|-heal|p1a: Heatran|11\/100|[from] item: Leftovers\n|-damage|p2a: SKILL ISSUE|42\/100|[from] move: Magma Storm|[partiallytrapped]\n|upkeep\n|turn|9\n|-activate|p2a: SKILL ISSUE|item: Quick Claw\n|\n|t:|1700853325\n|move|p1a: Heatran|Protect|p1a: Heatran\n|-singleturn|p1a: Heatran|Protect\n|move|p2a: SKILL ISSUE|Nasty Plot|p2a: SKILL ISSUE\n|-boost|p2a: SKILL ISSUE|spa|2\n|\n|-heal|p1a: Heatran|17\/100|[from] item: Leftovers\n|-damage|p2a: SKILL ISSUE|30\/100|[from] move: Magma Storm|[partiallytrapped]\n|upkeep\n|turn|10\n|\n|t:|1700853337\n|move|p1a: Heatran|Magma Storm|p2a: SKILL ISSUE|[miss]\n|-miss|p1a: Heatran|p2a: SKILL ISSUE\n|move|p2a: SKILL ISSUE|Focus Blast|p1a: Heatran|[miss]\n|-miss|p2a: SKILL ISSUE|p1a: Heatran\n|\n|-heal|p1a: Heatran|23\/100|[from] item: Leftovers\n|-damage|p2a: SKILL ISSUE|17\/100|[from] move: Magma Storm|[partiallytrapped]\n|upkeep\n|turn|11\n|-activate|p2a: SKILL ISSUE|item: Quick Claw\n|\n|t:|1700853345\n|move|p1a: Heatran|Protect|p1a: Heatran\n|-singleturn|p1a: Heatran|Protect\n|move|p2a: SKILL ISSUE|Psyshock|p1a: Heatran\n|-activate|p1a: Heatran|move: Protect\n|\n|-heal|p1a: Heatran|29\/100|[from] item: Leftovers\n|-damage|p2a: SKILL ISSUE|5\/100|[from] move: Magma Storm|[partiallytrapped]\n|upkeep\n|turn|12\n|\n|t:|1700853354\n|move|p1a: Heatran|Power Gem|p2a: SKILL ISSUE\n|-damage|p2a: SKILL ISSUE|0 fnt\n|faint|p2a: SKILL ISSUE\n|\n|-heal|p1a: Heatran|35\/100|[from] item: Leftovers\n|upkeep\n|\n|t:|1700853360\n|switch|p2a: DEEZ HANDS|Iron Hands|100\/100\n|turn|13\n|\n|t:|1700853364\n|move|p1a: Heatran|Stealth Rock|p2a: DEEZ HANDS\n|-sidestart|p2: SCHIZODROOLER98|move: Stealth Rock\n|move|p2a: DEEZ HANDS|Swords Dance|p2a: DEEZ HANDS\n|-boost|p2a: DEEZ HANDS|atk|2\n|\n|-heal|p1a: Heatran|42\/100|[from] item: Leftovers\n|upkeep\n|turn|14\n|\n|t:|1700853370\n|move|p1a: Heatran|Magma Storm|p2a: DEEZ HANDS\n|-damage|p2a: DEEZ HANDS|64\/100\n|-activate|p2a: DEEZ HANDS|move: Magma Storm|[of] p1a: Heatran\n|move|p2a: DEEZ HANDS|Drain Punch|p1a: Heatran\n|-damage|p1a: Heatran|0 fnt\n|-heal|p2a: DEEZ HANDS|80\/100|[from] drain|[of] p1a: Heatran\n|faint|p1a: Heatran\n|\n|-end|p2a: DEEZ HANDS|Magma Storm|[partiallytrapped]|[silent]\n|upkeep\n|\n|t:|1700853384\n|switch|p1a: Rillaboom|Rillaboom, M|100\/100\n|-fieldstart|move: Grassy Terrain|[from] ability: Grassy Surge|[of] p1a: Rillaboom\n|-enditem|p1a: Rillaboom|Grassy Seed\n|-boost|p1a: Rillaboom|def|1|[from] item: Grassy Seed\n|turn|15\n|\n|t:|1700853391\n|move|p1a: Rillaboom|Grassy Glide|p2a: DEEZ HANDS\n|-damage|p2a: DEEZ HANDS|56\/100\n|move|p2a: DEEZ HANDS|Ice Punch|p1a: Rillaboom\n|-supereffective|p1a: Rillaboom\n|-damage|p1a: Rillaboom|12\/100\n|-status|p1a: Rillaboom|frz\n|\n|-heal|p1a: Rillaboom|18\/100 frz|[from] Grassy Terrain\n|-heal|p2a: DEEZ HANDS|62\/100|[from] Grassy Terrain\n|upkeep\n|turn|16\n|\n|t:|1700853401\n|-curestatus|p1a: Rillaboom|frz|[msg]\n|move|p1a: Rillaboom|Grassy Glide|p2a: DEEZ HANDS\n|-damage|p2a: DEEZ HANDS|36\/100\n|move|p2a: DEEZ HANDS|Swords Dance|p2a: DEEZ HANDS\n|-boost|p2a: DEEZ HANDS|atk|2\n|\n|-heal|p1a: Rillaboom|24\/100|[from] Grassy Terrain\n|-heal|p2a: DEEZ HANDS|43\/100|[from] Grassy Terrain\n|upkeep\n|turn|17\n|\n|t:|1700853411\n|move|p1a: Rillaboom|Grassy Glide|p2a: DEEZ HANDS\n|-damage|p2a: DEEZ HANDS|17\/100\n|move|p2a: DEEZ HANDS|Drain Punch|p1a: Rillaboom\n|-damage|p1a: Rillaboom|0 fnt\n|-heal|p2a: DEEZ HANDS|25\/100|[from] drain|[of] p1a: Rillaboom\n|faint|p1a: Rillaboom\n|\n|-heal|p2a: DEEZ HANDS|32\/100|[from] Grassy Terrain\n|upkeep\n|\n|t:|1700853420\n|switch|p1a: Zarude|Zarude|100\/100\n|turn|18\n|\n|t:|1700853424\n|move|p1a: Zarude|Grassy Glide|p2a: DEEZ HANDS\n|-damage|p2a: DEEZ HANDS|0 fnt\n|faint|p2a: DEEZ HANDS\n|-end|p2a: DEEZ HANDS|Quark Drive|[silent]\n|\n|upkeep\n|\n|t:|1700853428\n|switch|p2a: MIDWEST FURFEST|Ninetales-Alola, F, shiny|100\/100\n|-damage|p2a: MIDWEST FURFEST|76\/100|[from] Stealth Rock\n|-weather|Snow|[from] ability: Snow Warning|[of] p2a: MIDWEST FURFEST\n|turn|19\n|\n|t:|1700853434\n|move|p2a: MIDWEST FURFEST|Aurora Veil|p2a: MIDWEST FURFEST\n|-sidestart|p2: SCHIZODROOLER98|move: Aurora Veil\n|move|p1a: Zarude|Knock Off|p2a: MIDWEST FURFEST\n|-resisted|p2a: MIDWEST FURFEST\n|-damage|p2a: MIDWEST FURFEST|66\/100\n|-enditem|p2a: MIDWEST FURFEST|Light Clay|[from] move: Knock Off|[of] p1a: Zarude\n|\n|-weather|Snow|[upkeep]\n|-heal|p2a: MIDWEST FURFEST|72\/100|[from] Grassy Terrain\n|-fieldend|move: Grassy Terrain\n|upkeep\n|turn|20\n|\n|t:|1700853442\n|move|p2a: MIDWEST FURFEST|Freeze-Dry|p1a: Zarude\n|-supereffective|p1a: Zarude\n|-damage|p1a: Zarude|58\/100\n|-status|p1a: Zarude|frz\n|-curestatus|p1a: Zarude|frz|[msg]\n|move|p1a: Zarude|U-turn|p2a: MIDWEST FURFEST\n|-resisted|p2a: MIDWEST FURFEST\n|-damage|p2a: MIDWEST FURFEST|66\/100\n|\n|t:|1700853450\n|switch|p1a: Mandibuzz|Mandibuzz, F|100\/100|[from] U-turn\n|\n|-weather|Snow|[upkeep]\n|upkeep\n|turn|21\n|\n|t:|1700853459\n|switch|p2a: HE JUST LIKE ME FR|Kingambit, M|100\/100\n|-damage|p2a: HE JUST LIKE ME FR|94\/100|[from] Stealth Rock\n|-activate|p2a: HE JUST LIKE ME FR|ability: Supreme Overlord\n|-start|p2a: HE JUST LIKE ME FR|fallen3|[silent]\n|move|p1a: Mandibuzz|Toxic|p2a: HE JUST LIKE ME FR\n|-immune|p2a: HE JUST LIKE ME FR\n|\n|-weather|Snow|[upkeep]\n|upkeep\n|turn|22\n|-activate|p2a: HE JUST LIKE ME FR|item: Quick Claw\n|\n|t:|1700853470\n|move|p2a: HE JUST LIKE ME FR|Swords Dance|p2a: HE JUST LIKE ME FR\n|-boost|p2a: HE JUST LIKE ME FR|atk|2\n|move|p1a: Mandibuzz|Foul Play|p2a: HE JUST LIKE ME FR\n|-resisted|p2a: HE JUST LIKE ME FR\n|-damage|p2a: HE JUST LIKE ME FR|74\/100\n|\n|-weather|Snow|[upkeep]\n|upkeep\n|turn|23\n|\n|t:|1700853479\n|switch|p1a: Zarude|Zarude|58\/100\n|move|p2a: HE JUST LIKE ME FR|Iron Head|p1a: Zarude\n|-damage|p1a: Zarude|0 fnt\n|faint|p1a: Zarude\n|\n|-weather|none\n|upkeep\n|\n|t:|1700853486\n|switch|p1a: Iron Valiant|Iron Valiant|100\/100\n|turn|24\n|\n|t:|1700853490\n|-terastallize|p2a: HE JUST LIKE ME FR|Dark\n|move|p1a: Iron Valiant|Focus Blast|p2a: HE JUST LIKE ME FR|[miss]\n|-miss|p1a: Iron Valiant|p2a: HE JUST LIKE ME FR\n|move|p2a: HE JUST LIKE ME FR|Iron Head|p1a: Iron Valiant\n|-supereffective|p1a: Iron Valiant\n|-damage|p1a: Iron Valiant|0 fnt\n|faint|p1a: Iron Valiant\n|-end|p1a: Iron Valiant|Quark Drive|[silent]\n|\n|upkeep\n|-message|Bolanero forfeited.\n|\n|win|SCHIZODROOLER98\n|raw|Bolanero's rating: 1558 &rarr; <strong>1543<\/strong><br \/>(-15 for losing)\n|raw|SCHIZODROOLER98's rating: 1639 &rarr; <strong>1654<\/strong><br \/>(+15 for winning)\n|l|\u2606Bolanero\n","uploadtime":1700853505,"views":3,"p1id":"bolanero","p2id":"schizodrooler98","formatid":"gen9ou","rating":1543,"private":0,"password":""}