{"id":"gen9ou-1994844553","p1":"DeDer-Oca","p2":"pablitomondongo","format":"[Gen 9] OU","log":"|j|\u2606DeDer-Oca\n|j|\u2606pablitomondongo\n|t:|1700498002\n|gametype|singles\n|player|p1|DeDer-Oca|hexmaniac-gen6|1131\n|player|p2|pablitomondongo|steven|1053\n|teamsize|p1|6\n|teamsize|p2|6\n|gen|9\n|tier|[Gen 9] OU\n|rated|\n|rule|Sleep Clause Mod: Limit one foe put to sleep\n|rule|Species Clause: Limit one of each Pok\u00e9mon\n|rule|OHKO Clause: OHKO moves are banned\n|rule|Evasion Items Clause: Evasion items are banned\n|rule|Evasion Moves Clause: Evasion moves are banned\n|rule|Endless Battle Clause: Forcing endless battles is banned\n|rule|HP Percentage Mod: HP is shown in percentages\n|clearpoke\n|poke|p1|Kingambit, M|\n|poke|p1|Sinistcha|\n|poke|p1|Iron Valiant|\n|poke|p1|Landorus-Therian, M|\n|poke|p1|Corviknight, F|\n|poke|p1|Cinderace, F|\n|poke|p2|Garchomp, M|\n|poke|p2|Mimikyu, F|\n|poke|p2|Toxapex, M|\n|poke|p2|Rotom-Heat|\n|poke|p2|Ogerpon-Cornerstone, F|\n|poke|p2|Volcanion|\n|teampreview\n|inactive|Battle timer is ON: inactive players will automatically lose when time's up. (requested by DeDer-Oca)\n|\n|t:|1700498007\n|start\n|switch|p1a: Gaya|Landorus-Therian, M|100\/100\n|switch|p2a: Toxapex|Toxapex, M|100\/100\n|-ability|p1a: Gaya|Intimidate|boost\n|-unboost|p2a: Toxapex|atk|1\n|turn|1\n|\n|t:|1700498013\n|move|p1a: Gaya|Taunt|p2a: Toxapex\n|-start|p2a: Toxapex|move: Taunt\n|cant|p2a: Toxapex|move: Taunt|Toxic Spikes\n|\n|upkeep\n|turn|2\n|\n|t:|1700498019\n|move|p1a: Gaya|Stealth Rock|p2a: Toxapex\n|-sidestart|p2: pablitomondongo|move: Stealth Rock\n|move|p2a: Toxapex|Water Pulse|p1a: Gaya\n|-supereffective|p1a: Gaya\n|-damage|p1a: Gaya|59\/100\n|\n|upkeep\n|turn|3\n|\n|t:|1700498026\n|move|p1a: Gaya|U-turn|p2a: Toxapex\n|-resisted|p2a: Toxapex\n|-damage|p2a: Toxapex|92\/100\n|\n|t:|1700498030\n|switch|p1a: Tsugoi|Sinistcha|100\/100|[from] U-turn\n|move|p2a: Toxapex|Water Pulse|p1a: Tsugoi\n|-resisted|p1a: Tsugoi\n|-damage|p1a: Tsugoi|88\/100\n|\n|-heal|p1a: Tsugoi|94\/100|[from] item: Leftovers\n|-heal|p2a: Toxapex|98\/100|[from] item: Leftovers\n|-end|p2a: Toxapex|move: Taunt\n|upkeep\n|turn|4\n|\n|t:|1700498043\n|-terastallize|p2a: Toxapex|Poison\n|move|p1a: Tsugoi|Calm Mind|p1a: Tsugoi\n|-boost|p1a: Tsugoi|spa|1\n|-boost|p1a: Tsugoi|spd|1\n|move|p2a: Toxapex|Blizzard|p1a: Tsugoi|[miss]\n|-miss|p2a: Toxapex|p1a: Tsugoi\n|\n|-heal|p1a: Tsugoi|99\/100|[from] item: Leftovers\n|-heal|p2a: Toxapex|100\/100|[from] item: Leftovers\n|upkeep\n|turn|5\n|\n|t:|1700498054\n|move|p1a: Tsugoi|Matcha Gotcha|p2a: Toxapex\n|-resisted|p2a: Toxapex\n|-damage|p2a: Toxapex|81\/100\n|-heal|p1a: Tsugoi|100\/100|[from] drain|[of] p2a: Toxapex\n|move|p2a: Toxapex|Toxic Spikes|p1a: Tsugoi\n|-sidestart|p1: DeDer-Oca|move: Toxic Spikes\n|\n|-heal|p2a: Toxapex|88\/100|[from] item: Leftovers\n|upkeep\n|turn|6\n|\n|t:|1700498063\n|move|p1a: Tsugoi|Matcha Gotcha|p2a: Toxapex\n|-resisted|p2a: Toxapex\n|-crit|p2a: Toxapex\n|-damage|p2a: Toxapex|57\/100\n|move|p2a: Toxapex|Blizzard|p1a: Tsugoi|[miss]\n|-miss|p2a: Toxapex|p1a: Tsugoi\n|\n|-heal|p2a: Toxapex|64\/100|[from] item: Leftovers\n|upkeep\n|turn|7\n|\n|t:|1700498073\n|move|p1a: Tsugoi|Matcha Gotcha|p2a: Toxapex|[miss]\n|-miss|p1a: Tsugoi|p2a: Toxapex\n|move|p2a: Toxapex|Blizzard|p1a: Tsugoi\n|-supereffective|p1a: Tsugoi\n|-damage|p1a: Tsugoi|59\/100\n|\n|-heal|p1a: Tsugoi|65\/100|[from] item: Leftovers\n|-heal|p2a: Toxapex|70\/100|[from] item: Leftovers\n|upkeep\n|turn|8\n|\n|t:|1700498083\n|move|p2a: Toxapex|Baneful Bunker|p2a: Toxapex\n|-singleturn|p2a: Toxapex|move: Protect\n|move|p1a: Tsugoi|Matcha Gotcha|p2a: Toxapex\n|-activate|p2a: Toxapex|move: Protect\n|\n|-heal|p1a: Tsugoi|71\/100|[from] item: Leftovers\n|-heal|p2a: Toxapex|76\/100|[from] item: Leftovers\n|upkeep\n|turn|9\n|\n|t:|1700498094\n|move|p1a: Tsugoi|Matcha Gotcha|p2a: Toxapex\n|-resisted|p2a: Toxapex\n|-damage|p2a: Toxapex|56\/100\n|-heal|p1a: Tsugoi|80\/100|[from] drain|[of] p2a: Toxapex\n|move|p2a: Toxapex|Toxic Spikes|p1a: Tsugoi\n|-sidestart|p1: DeDer-Oca|move: Toxic Spikes\n|\n|-heal|p1a: Tsugoi|86\/100|[from] item: Leftovers\n|-heal|p2a: Toxapex|63\/100|[from] item: Leftovers\n|upkeep\n|turn|10\n|\n|t:|1700498105\n|move|p1a: Tsugoi|Calm Mind|p1a: Tsugoi\n|-boost|p1a: Tsugoi|spa|1\n|-boost|p1a: Tsugoi|spd|1\n|move|p2a: Toxapex|Blizzard|p1a: Tsugoi|[miss]\n|-miss|p2a: Toxapex|p1a: Tsugoi\n|\n|-heal|p1a: Tsugoi|92\/100|[from] item: Leftovers\n|-heal|p2a: Toxapex|69\/100|[from] item: Leftovers\n|upkeep\n|turn|11\n|\n|t:|1700498114\n|move|p1a: Tsugoi|Shadow Ball|p2a: Toxapex\n|-damage|p2a: Toxapex|16\/100\n|move|p2a: Toxapex|Blizzard|p1a: Tsugoi\n|-supereffective|p1a: Tsugoi\n|-damage|p1a: Tsugoi|63\/100\n|\n|-heal|p1a: Tsugoi|69\/100|[from] item: Leftovers\n|-heal|p2a: Toxapex|23\/100|[from] item: Leftovers\n|upkeep\n|turn|12\n|\n|t:|1700498127\n|move|p2a: Toxapex|Baneful Bunker|p2a: Toxapex\n|-singleturn|p2a: Toxapex|move: Protect\n|move|p1a: Tsugoi|Shadow Ball|p2a: Toxapex\n|-activate|p2a: Toxapex|move: Protect\n|\n|-heal|p1a: Tsugoi|75\/100|[from] item: Leftovers\n|-heal|p2a: Toxapex|29\/100|[from] item: Leftovers\n|upkeep\n|turn|13\n|\n|t:|1700498136\n|move|p2a: Toxapex|Baneful Bunker||[still]\n|-fail|p2a: Toxapex\n|move|p1a: Tsugoi|Matcha Gotcha|p2a: Toxapex\n|-resisted|p2a: Toxapex\n|-damage|p2a: Toxapex|0 fnt\n|-heal|p1a: Tsugoi|87\/100|[from] drain|[of] p2a: Toxapex\n|faint|p2a: Toxapex\n|\n|-heal|p1a: Tsugoi|94\/100|[from] item: Leftovers\n|upkeep\n|\n|t:|1700498150\n|switch|p2a: Rotom|Rotom-Heat|100\/100\n|-damage|p2a: Rotom|76\/100|[from] Stealth Rock\n|turn|14\n|\n|t:|1700498157\n|move|p2a: Rotom|Overheat|p1a: Tsugoi\n|-supereffective|p1a: Tsugoi\n|-damage|p1a: Tsugoi|58\/100\n|-unboost|p2a: Rotom|spa|2\n|move|p1a: Tsugoi|Shadow Ball|p2a: Rotom\n|-damage|p2a: Rotom|0 fnt\n|faint|p2a: Rotom\n|\n|-heal|p1a: Tsugoi|64\/100|[from] item: Leftovers\n|upkeep\n|\n|t:|1700498167\n|switch|p2a: Volcanion|Volcanion|100\/100\n|-damage|p2a: Volcanion|76\/100|[from] Stealth Rock\n|turn|15\n|\n|t:|1700498172\n|move|p1a: Tsugoi|Matcha Gotcha|p2a: Volcanion\n|-damage|p2a: Volcanion|8\/100\n|-heal|p1a: Tsugoi|94\/100|[from] drain|[of] p2a: Volcanion\n|move|p2a: Volcanion|Flamethrower|p1a: Tsugoi\n|-supereffective|p1a: Tsugoi\n|-damage|p1a: Tsugoi|57\/100\n|-damage|p2a: Volcanion|0 fnt|[from] item: Life Orb\n|faint|p2a: Volcanion\n|\n|-heal|p1a: Tsugoi|63\/100|[from] item: Leftovers\n|upkeep\n|\n|t:|1700498184\n|switch|p2a: Garchomp|Garchomp, M|100\/100\n|-damage|p2a: Garchomp|94\/100|[from] Stealth Rock\n|turn|16\n|\n|t:|1700498195\n|move|p2a: Garchomp|Swords Dance|p2a: Garchomp\n|-boost|p2a: Garchomp|atk|2\n|move|p1a: Tsugoi|Matcha Gotcha|p2a: Garchomp\n|-damage|p2a: Garchomp|24\/100\n|-heal|p1a: Tsugoi|99\/100|[from] drain|[of] p2a: Garchomp\n|-status|p2a: Garchomp|brn\n|\n|-heal|p1a: Tsugoi|100\/100|[from] item: Leftovers\n|-damage|p2a: Garchomp|18\/100 brn|[from] brn\n|upkeep\n|turn|17\n|\n|t:|1700498207\n|move|p2a: Garchomp|Dragon Claw|p1a: Tsugoi\n|-damage|p1a: Tsugoi|67\/100\n|move|p1a: Tsugoi|Calm Mind|p1a: Tsugoi\n|-boost|p1a: Tsugoi|spa|1\n|-boost|p1a: Tsugoi|spd|1\n|\n|-heal|p1a: Tsugoi|73\/100|[from] item: Leftovers\n|-damage|p2a: Garchomp|12\/100 brn|[from] brn\n|upkeep\n|turn|18\n|\n|t:|1700498217\n|move|p2a: Garchomp|Earthquake|p1a: Tsugoi\n|-resisted|p1a: Tsugoi\n|-damage|p1a: Tsugoi|54\/100\n|move|p1a: Tsugoi|Strength Sap|p2a: Garchomp\n|-unboost|p2a: Garchomp|atk|1\n|-heal|p1a: Tsugoi|100\/100\n|\n|-damage|p2a: Garchomp|6\/100 brn|[from] brn\n|upkeep\n|turn|19\n|\n|t:|1700498227\n|move|p2a: Garchomp|Earthquake|p1a: Tsugoi\n|-resisted|p1a: Tsugoi\n|-damage|p1a: Tsugoi|86\/100\n|move|p1a: Tsugoi|Calm Mind|p1a: Tsugoi\n|-boost|p1a: Tsugoi|spa|1\n|-boost|p1a: Tsugoi|spd|1\n|\n|-heal|p1a: Tsugoi|92\/100|[from] item: Leftovers\n|-damage|p2a: Garchomp|0 fnt|[from] brn\n|faint|p2a: Garchomp\n|upkeep\n|\n|t:|1700498237\n|switch|p2a: Mimikyu|Mimikyu, F|100\/100\n|-damage|p2a: Mimikyu|88\/100|[from] Stealth Rock\n|turn|20\n|\n|t:|1700498245\n|-terastallize|p1a: Tsugoi|Poison\n|move|p2a: Mimikyu|Swords Dance|p2a: Mimikyu\n|-boost|p2a: Mimikyu|atk|2\n|move|p1a: Tsugoi|Shadow Ball|p2a: Mimikyu\n|-activate|p2a: Mimikyu|ability: Disguise\n|-damage|p2a: Mimikyu|88\/100\n|detailschange|p2a: Mimikyu|Mimikyu-Busted, F\n|-damage|p2a: Mimikyu|76\/100|[from] pokemon: Mimikyu-Busted\n|\n|-heal|p1a: Tsugoi|98\/100|[from] item: Leftovers\n|upkeep\n|turn|21\n|\n|t:|1700498256\n|move|p2a: Mimikyu|Play Rough|p1a: Tsugoi|[miss]\n|-miss|p2a: Mimikyu|p1a: Tsugoi\n|move|p1a: Tsugoi|Shadow Ball|p2a: Mimikyu\n|-supereffective|p2a: Mimikyu\n|-damage|p2a: Mimikyu|0 fnt\n|faint|p2a: Mimikyu\n|\n|-heal|p1a: Tsugoi|100\/100|[from] item: Leftovers\n|upkeep\n|\n|t:|1700498262\n|switch|p2a: Ogerpon|Ogerpon-Cornerstone, F|100\/100\n|-damage|p2a: Ogerpon|88\/100|[from] Stealth Rock\n|turn|22\n|\n|t:|1700498268\n|move|p2a: Ogerpon|Swords Dance|p2a: Ogerpon\n|-boost|p2a: Ogerpon|atk|2\n|move|p1a: Tsugoi|Matcha Gotcha|p2a: Ogerpon|[miss]\n|-miss|p1a: Tsugoi|p2a: Ogerpon\n|\n|upkeep\n|turn|23\n|\n|t:|1700498275\n|move|p2a: Ogerpon|Swords Dance|p2a: Ogerpon\n|-boost|p2a: Ogerpon|atk|2\n|move|p1a: Tsugoi|Matcha Gotcha|p2a: Ogerpon\n|-damage|p2a: Ogerpon|0 fnt\n|faint|p2a: Ogerpon\n|\n|win|DeDer-Oca\n|raw|DeDer-Oca's rating: 1131 &rarr; <strong>1150<\/strong><br \/>(+19 for winning)\n|raw|pablitomondongo's rating: 1053 &rarr; <strong>1039<\/strong><br \/>(-14 for losing)\n|c|\u2606DeDer-Oca|gg\n|l|\u2606pablitomondongo\n","uploadtime":1700498355,"views":5,"p1id":"dederoca","p2id":"pablitomondongo","formatid":"gen9ou","rating":1039,"private":0,"password":""}