{"id":"gen9ou-1993491116","p1":"Y2023","p2":"euleremperor","format":"[Gen 9] OU","log":"|j|\u2606Y2023\n|j|\u2606euleremperor\n|t:|1700324219\n|gametype|singles\n|player|p1|Y2023|lucas|1494\n|player|p2|euleremperor|266|1510\n|teamsize|p1|6\n|teamsize|p2|6\n|gen|9\n|tier|[Gen 9] OU\n|rated|\n|rule|Sleep Clause Mod: Limit one foe put to sleep\n|rule|Species Clause: Limit one of each Pok\u00e9mon\n|rule|OHKO Clause: OHKO moves are banned\n|rule|Evasion Items Clause: Evasion items are banned\n|rule|Evasion Moves Clause: Evasion moves are banned\n|rule|Endless Battle Clause: Forcing endless battles is banned\n|rule|HP Percentage Mod: HP is shown in percentages\n|clearpoke\n|poke|p1|Iron Valiant|\n|poke|p1|Iron Moth|\n|poke|p1|Ogerpon-Wellspring, F|\n|poke|p1|Glimmora, M|\n|poke|p1|Greninja-*, M|\n|poke|p1|Kingambit, F|\n|poke|p2|Enamorus, F|\n|poke|p2|Gholdengo|\n|poke|p2|Landorus-Therian, M|\n|poke|p2|Walking Wake|\n|poke|p2|Zapdos|\n|poke|p2|Corviknight, M|\n|teampreview\n|inactive|Battle timer is ON: inactive players will automatically lose when time's up. (requested by Y2023)\n|\n|t:|1700324234\n|start\n|switch|p1a: Lampadaire|Glimmora, M|100\/100\n|switch|p2a: Landorus|Landorus-Therian, M|100\/100\n|-ability|p2a: Landorus|Intimidate|boost\n|-unboost|p1a: Lampadaire|atk|1\n|turn|1\n|\n|t:|1700324240\n|move|p2a: Landorus|Earthquake|p1a: Lampadaire\n|-supereffective|p1a: Lampadaire\n|-enditem|p1a: Lampadaire|Focus Sash\n|-damage|p1a: Lampadaire|1\/100\n|-activate|p1a: Lampadaire|ability: Toxic Debris\n|-sidestart|p2: euleremperor|move: Toxic Spikes\n|move|p1a: Lampadaire|Stealth Rock|p2a: Landorus\n|-sidestart|p2: euleremperor|move: Stealth Rock\n|\n|upkeep\n|turn|2\n|\n|t:|1700324245\n|move|p2a: Landorus|U-turn|p1a: Lampadaire\n|-resisted|p1a: Lampadaire\n|-damage|p1a: Lampadaire|0 fnt\n|-activate|p1a: Lampadaire|ability: Toxic Debris\n|-sidestart|p2: euleremperor|move: Toxic Spikes\n|faint|p1a: Lampadaire\n|\n|t:|1700324251\n|switch|p2a: Gholdengo|Gholdengo|100\/100|[from] U-turn\n|-damage|p2a: Gholdengo|94\/100|[from] Stealth Rock\n|\n|-heal|p2a: Gholdengo|100\/100|[from] item: Leftovers\n|upkeep\n|\n|t:|1700324261\n|switch|p1a: Sasuke|Greninja, M|100\/100\n|turn|3\n|\n|t:|1700324268\n|move|p1a: Sasuke|Dark Pulse|p2a: Gholdengo\n|-supereffective|p2a: Gholdengo\n|-damage|p2a: Gholdengo|9\/100\n|-damage|p1a: Sasuke|91\/100|[from] item: Life Orb\n|cant|p2a: Gholdengo|flinch\n|\n|-heal|p2a: Gholdengo|15\/100|[from] item: Leftovers\n|upkeep\n|turn|4\n|c|\u2606euleremperor|:')\n|\n|t:|1700324281\n|move|p1a: Sasuke|Surf|p2a: Gholdengo\n|-damage|p2a: Gholdengo|0 fnt\n|faint|p2a: Gholdengo\n|-ability|p1a: Sasuke|Battle Bond|boost\n|-boost|p1a: Sasuke|atk|1\n|-boost|p1a: Sasuke|spa|1\n|-boost|p1a: Sasuke|spe|1\n|-activate|p1a: Sasuke|ability: Battle Bond\n|-damage|p1a: Sasuke|81\/100|[from] item: Life Orb\n|\n|upkeep\n|\n|t:|1700324299\n|switch|p2a: Walking Wake|Walking Wake|100\/100\n|-status|p2a: Walking Wake|tox\n|-damage|p2a: Walking Wake|88\/100 tox|[from] Stealth Rock\n|turn|5\n|\n|t:|1700324303\n|move|p1a: Sasuke|Dark Pulse|p2a: Walking Wake\n|-damage|p2a: Walking Wake|2\/100 tox\n|-damage|p1a: Sasuke|71\/100|[from] item: Life Orb\n|move|p2a: Walking Wake|Draco Meteor|p1a: Sasuke\n|-damage|p1a: Sasuke|0 fnt\n|-unboost|p2a: Walking Wake|spa|2\n|faint|p1a: Sasuke\n|\n|-damage|p2a: Walking Wake|0 fnt|[from] psn\n|faint|p2a: Walking Wake\n|-end|p2a: Walking Wake|Protosynthesis|[silent]\n|upkeep\n|\n|t:|1700324312\n|switch|p1a: Puits de tristesse|Ogerpon-Wellspring, F|100\/100\n|switch|p2a: Corviknight|Corviknight, M|100\/100\n|-damage|p2a: Corviknight|88\/100|[from] Stealth Rock\n|-ability|p2a: Corviknight|Pressure\n|turn|6\n|\n|t:|1700324335\n|move|p1a: Puits de tristesse|Ivy Cudgel|p2a: Corviknight|[anim] Ivy Cudgel Water\n|-damage|p2a: Corviknight|55\/100\n|move|p2a: Corviknight|Defog|p1a: Puits de tristesse\n|-unboost|p1a: Puits de tristesse|evasion|1\n|-sideend|p2: euleremperor|Toxic Spikes|[from] move: Defog|[of] p2a: Corviknight\n|-sideend|p2: euleremperor|Stealth Rock|[from] move: Defog|[of] p2a: Corviknight\n|\n|upkeep\n|turn|7\n|\n|t:|1700324339\n|move|p1a: Puits de tristesse|Encore|p2a: Corviknight\n|-start|p2a: Corviknight|Encore\n|move|p2a: Corviknight|Defog|p1a: Puits de tristesse\n|-unboost|p1a: Puits de tristesse|evasion|1\n|\n|upkeep\n|turn|8\n|\n|t:|1700324344\n|switch|p2a: Zapdos|Zapdos|100\/100\n|move|p1a: Puits de tristesse|Swords Dance|p1a: Puits de tristesse\n|-boost|p1a: Puits de tristesse|atk|2\n|\n|upkeep\n|turn|9\n|\n|t:|1700324351\n|-terastallize|p1a: Puits de tristesse|Water\n|detailschange|p1a: Puits de tristesse|Ogerpon-Wellspring-Tera, F, tera:Water\n|-ability|p1a: Puits de tristesse|Embody Aspect (Wellspring)|boost\n|-boost|p1a: Puits de tristesse|spd|1\n|move|p1a: Puits de tristesse|Ivy Cudgel|p2a: Zapdos|[anim] Ivy Cudgel Water\n|-damage|p2a: Zapdos|0 fnt\n|faint|p2a: Zapdos\n|\n|upkeep\n|\n|t:|1700324362\n|switch|p2a: Corviknight|Corviknight, M|55\/100\n|-ability|p2a: Corviknight|Pressure\n|turn|10\n|\n|t:|1700324369\n|move|p1a: Puits de tristesse|Ivy Cudgel|p2a: Corviknight|[anim] Ivy Cudgel Water\n|-damage|p2a: Corviknight|0 fnt\n|faint|p2a: Corviknight\n|\n|upkeep\n|\n|t:|1700324371\n|switch|p2a: Landorus|Landorus-Therian, M|100\/100\n|-ability|p2a: Landorus|Intimidate|boost\n|-unboost|p1a: Puits de tristesse|atk|1\n|turn|11\n|\n|t:|1700324374\n|move|p1a: Puits de tristesse|Ivy Cudgel|p2a: Landorus|[anim] Ivy Cudgel Water\n|-supereffective|p2a: Landorus\n|-damage|p2a: Landorus|0 fnt\n|faint|p2a: Landorus\n|\n|upkeep\n|\n|t:|1700324376\n|switch|p2a: Enamorus|Enamorus, F|100\/100\n|turn|12\n|\n|t:|1700324378\n|move|p1a: Puits de tristesse|Ivy Cudgel|p2a: Enamorus|[anim] Ivy Cudgel Water\n|-damage|p2a: Enamorus|0 fnt\n|faint|p2a: Enamorus\n|\n|win|Y2023\n|raw|Y2023's rating: 1494 &rarr; <strong>1515<\/strong><br \/>(+21 for winning)\n|raw|euleremperor's rating: 1510 &rarr; <strong>1489<\/strong><br \/>(-21 for losing)\n|c|\u2606euleremperor|gg\n|c|\u2606Y2023|gg\n|c|\u2606euleremperor|bgggg\n|c|\u2606Y2023|wp\n|c|\u2606euleremperor|toi aussi\n|c|\u2606Y2023|merci\n|c|\u2606Y2023|t d'accord pour que je poste ce match sur coup critique ?\n|c|\u2606Y2023|c pour cette team\n|l|\u2606euleremperor\n|j|\u2606euleremperor\n|player|p2|euleremperor|266\n|c|\u2606euleremperor|aucun pb\n|c|\u2606Y2023|merci\n|c|\u2606euleremperor|jme suis fait exploser en r\u00e8gle\n|c|\u2606Y2023|ok\n","uploadtime":1700324505,"views":8,"p1id":"y2023","p2id":"euleremperor","formatid":"gen9ou","rating":1489,"private":0,"password":""}