{"id":"gen9ou-1996705397","p1":"tinge huli","p2":"PeterGriffinOnline","format":"[Gen 9] OU","log":"|j|\u2606tinge huli\n|j|\u2606PeterGriffinOnline\n|t:|1700712166\n|gametype|singles\n|player|p1|tinge huli|juggler|1226\n|player|p2|PeterGriffinOnline|crasherwake|1250\n|teamsize|p1|6\n|teamsize|p2|6\n|gen|9\n|tier|[Gen 9] OU\n|rated|\n|rule|Sleep Clause Mod: Limit one foe put to sleep\n|rule|Species Clause: Limit one of each Pok\u00e9mon\n|rule|OHKO Clause: OHKO moves are banned\n|rule|Evasion Items Clause: Evasion items are banned\n|rule|Evasion Moves Clause: Evasion moves are banned\n|rule|Endless Battle Clause: Forcing endless battles is banned\n|rule|HP Percentage Mod: HP is shown in percentages\n|clearpoke\n|poke|p1|Okidogi, M|\n|poke|p1|Ninetales-Alola, M|\n|poke|p1|Dragonite, M|\n|poke|p1|Manaphy|\n|poke|p1|Kingambit, F|\n|poke|p1|Ditto|\n|poke|p2|Kingambit, M|\n|poke|p2|Cinderace, F|\n|poke|p2|Slowking-Galar, F|\n|poke|p2|Greninja-*, M|\n|poke|p2|Ribombee, F|\n|poke|p2|Garchomp, M|\n|teampreview\n|\n|t:|1700712172\n|start\n|switch|p1a: Ninetales|Ninetales-Alola, M|100\/100\n|switch|p2a: Slowking|Slowking-Galar, F|100\/100\n|-weather|Snow|[from] ability: Snow Warning|[of] p1a: Ninetales\n|turn|1\n|\n|t:|1700712203\n|move|p1a: Ninetales|Aurora Veil|p1a: Ninetales\n|-sidestart|p1: tinge huli|move: Aurora Veil\n|move|p2a: Slowking|Future Sight|p1a: Ninetales\n|-start|p2a: Slowking|move: Future Sight\n|\n|-weather|Snow|[upkeep]\n|upkeep\n|turn|2\n|\n|t:|1700712208\n|move|p1a: Ninetales|Hypnosis|p2a: Slowking|[miss]\n|-miss|p1a: Ninetales|p2a: Slowking\n|move|p2a: Slowking|Sludge Bomb|p1a: Ninetales\n|-supereffective|p1a: Ninetales\n|-damage|p1a: Ninetales|62\/100\n|\n|-weather|Snow|[upkeep]\n|upkeep\n|turn|3\n|\n|t:|1700712216\n|switch|p1a: Kingambit|Kingambit, F|100\/100\n|-item|p1a: Kingambit|Air Balloon\n|move|p2a: Slowking|Sludge Bomb|p1a: Kingambit\n|-immune|p1a: Kingambit\n|\n|-weather|Snow|[upkeep]\n|-end|p1a: Kingambit|move: Future Sight\n|-immune|p1a: Kingambit\n|upkeep\n|turn|4\n|inactive|Battle timer is ON: inactive players will automatically lose when time's up. (requested by tinge huli)\n|\n|t:|1700712251\n|-end|p1a: Kingambit|fallenundefined|[silent]\n|switch|p1a: Manaphy|Manaphy|100\/100\n|switch|p2a: Cinderace|Cinderace, F|100\/100\n|\n|-weather|Snow|[upkeep]\n|upkeep\n|turn|5\n|\n|t:|1700712257\n|switch|p2a: Slowking|Slowking-Galar, F|100\/100\n|move|p1a: Manaphy|Scald|p2a: Slowking\n|-damage|p2a: Slowking|85\/100\n|-status|p2a: Slowking|brn\n|\n|-weather|none\n|-damage|p2a: Slowking|79\/100 brn|[from] brn\n|upkeep\n|turn|6\n|\n|t:|1700712264\n|move|p1a: Manaphy|Tail Glow|p1a: Manaphy\n|-boost|p1a: Manaphy|spa|3\n|move|p2a: Slowking|Sludge Bomb|p1a: Manaphy\n|-damage|p1a: Manaphy|79\/100\n|\n|-heal|p1a: Manaphy|85\/100|[from] item: Leftovers\n|-damage|p2a: Slowking|73\/100 brn|[from] brn\n|upkeep\n|turn|7\n|\n|t:|1700712269\n|move|p1a: Manaphy|Scald|p2a: Slowking\n|-damage|p2a: Slowking|32\/100 brn\n|move|p2a: Slowking|Sludge Bomb|p1a: Manaphy\n|-damage|p1a: Manaphy|66\/100\n|\n|-heal|p1a: Manaphy|72\/100|[from] item: Leftovers\n|-damage|p2a: Slowking|26\/100 brn|[from] brn\n|upkeep\n|turn|8\n|\n|t:|1700712276\n|move|p1a: Manaphy|Scald|p2a: Slowking\n|-damage|p2a: Slowking|0 fnt\n|faint|p2a: Slowking\n|\n|-heal|p1a: Manaphy|78\/100|[from] item: Leftovers\n|-sideend|p1: tinge huli|move: Aurora Veil\n|upkeep\n|\n|t:|1700712288\n|switch|p2a: Garchomp|Garchomp, M|100\/100\n|turn|9\n|\n|t:|1700712302\n|-terastallize|p1a: Manaphy|Fairy\n|move|p2a: Garchomp|Earthquake|p1a: Manaphy\n|-damage|p1a: Manaphy|23\/100\n|-damage|p2a: Garchomp|91\/100|[from] item: Life Orb\n|move|p1a: Manaphy|Dazzling Gleam|p2a: Garchomp\n|-supereffective|p2a: Garchomp\n|-damage|p2a: Garchomp|0 fnt\n|faint|p2a: Garchomp\n|\n|-heal|p1a: Manaphy|29\/100|[from] item: Leftovers\n|upkeep\n|\n|t:|1700712306\n|switch|p2a: Greninja|Greninja, M|100\/100\n|turn|10\n|\n|t:|1700712310\n|move|p2a: Greninja|Surf|p1a: Manaphy\n|-damage|p1a: Manaphy|0 fnt\n|faint|p1a: Manaphy\n|-ability|p2a: Greninja|Battle Bond|boost\n|-boost|p2a: Greninja|atk|1\n|-boost|p2a: Greninja|spa|1\n|-boost|p2a: Greninja|spe|1\n|-activate|p2a: Greninja|ability: Battle Bond\n|-damage|p2a: Greninja|91\/100|[from] item: Life Orb\n|\n|upkeep\n|\n|t:|1700712321\n|switch|p1a: Ditto|Ditto, shiny|100\/100\n|-transform|p1a: Ditto|p2a: Greninja|[from] ability: Imposter\n|turn|11\n|\n|t:|1700712337\n|move|p1a: Ditto|Dark Pulse|p2a: Greninja\n|-resisted|p2a: Greninja\n|-damage|p2a: Greninja|49\/100\n|move|p2a: Greninja|Grass Knot|p1a: Ditto\n|-supereffective|p1a: Ditto\n|-damage|p1a: Ditto|2\/100\n|-damage|p2a: Greninja|39\/100|[from] item: Life Orb\n|\n|upkeep\n|turn|12\n|\n|t:|1700712357\n|move|p1a: Ditto|Dark Pulse|p2a: Greninja\n|-resisted|p2a: Greninja\n|-damage|p2a: Greninja|0 fnt\n|faint|p2a: Greninja\n|\n|upkeep\n|\n|t:|1700712363\n|switch|p2a: Kingambit|Kingambit, M|100\/100\n|-activate|p2a: Kingambit|ability: Supreme Overlord\n|-start|p2a: Kingambit|fallen3|[silent]\n|turn|13\n|\n|t:|1700712369\n|move|p1a: Ditto|Dark Pulse|p2a: Kingambit\n|-resisted|p2a: Kingambit\n|-damage|p2a: Kingambit|72\/100\n|move|p2a: Kingambit|Swords Dance|p2a: Kingambit\n|-boost|p2a: Kingambit|atk|2\n|\n|upkeep\n|turn|14\n|\n|t:|1700712373\n|move|p2a: Kingambit|Sucker Punch|p1a: Ditto\n|-resisted|p1a: Ditto\n|-damage|p1a: Ditto|0 fnt\n|faint|p1a: Ditto\n|\n|upkeep\n|\n|t:|1700712384\n|switch|p1a: Okidogi|Okidogi, M|100\/100\n|turn|15\n|\n|t:|1700712390\n|-end|p2a: Kingambit|fallen3|[silent]\n|switch|p2a: Cinderace|Cinderace, F|100\/100\n|move|p1a: Okidogi|Drain Punch|p2a: Cinderace\n|-damage|p2a: Cinderace|51\/100\n|\n|upkeep\n|turn|16\n|\n|t:|1700712399\n|move|p2a: Cinderace|Will-O-Wisp|p1a: Okidogi\n|-status|p1a: Okidogi|brn\n|move|p1a: Okidogi|Poison Jab|p2a: Cinderace\n|-damage|p2a: Cinderace|24\/100\n|\n|-damage|p1a: Okidogi|94\/100 brn|[from] brn\n|upkeep\n|turn|17\n|\n|t:|1700712406\n|move|p2a: Cinderace|Pyro Ball|p1a: Okidogi\n|-damage|p1a: Okidogi|29\/100 brn\n|move|p1a: Okidogi|Drain Punch|p2a: Cinderace\n|-damage|p2a: Cinderace|0 fnt\n|-heal|p1a: Okidogi|42\/100 brn|[from] drain|[of] p2a: Cinderace\n|faint|p2a: Cinderace\n|\n|-heal|p1a: Okidogi|48\/100 brn|[from] item: Leftovers\n|-damage|p1a: Okidogi|42\/100 brn|[from] brn\n|upkeep\n|\n|t:|1700712409\n|switch|p2a: Ribombee|Ribombee, F|100\/100\n|turn|18\n|\n|t:|1700712414\n|move|p2a: Ribombee|Sticky Web|p1a: Okidogi\n|-sidestart|p1: tinge huli|move: Sticky Web\n|move|p1a: Okidogi|Knock Off|p2a: Ribombee\n|-resisted|p2a: Ribombee\n|-damage|p2a: Ribombee|83\/100\n|-enditem|p2a: Ribombee|Focus Sash|[from] move: Knock Off|[of] p1a: Okidogi\n|\n|-heal|p1a: Okidogi|48\/100 brn|[from] item: Leftovers\n|-damage|p1a: Okidogi|42\/100 brn|[from] brn\n|upkeep\n|turn|19\n|\n|t:|1700712420\n|move|p2a: Ribombee|Moonblast|p1a: Okidogi\n|-damage|p1a: Okidogi|0 fnt\n|faint|p1a: Okidogi\n|\n|upkeep\n|\n|t:|1700712428\n|switch|p1a: Ninetales|Ninetales-Alola, M|62\/100\n|-activate|p1a: Ninetales|move: Sticky Web\n|-unboost|p1a: Ninetales|spe|1\n|-weather|Snow|[from] ability: Snow Warning|[of] p1a: Ninetales\n|turn|20\n|\n|t:|1700712437\n|move|p2a: Ribombee|Moonblast|p1a: Ninetales\n|-damage|p1a: Ninetales|19\/100\n|-unboost|p1a: Ninetales|spa|1\n|move|p1a: Ninetales|Aurora Veil|p1a: Ninetales\n|-sidestart|p1: tinge huli|move: Aurora Veil\n|\n|-weather|Snow|[upkeep]\n|upkeep\n|turn|21\n|\n|t:|1700712443\n|move|p2a: Ribombee|Moonblast|p1a: Ninetales\n|-damage|p1a: Ninetales|0 fnt\n|faint|p1a: Ninetales\n|\n|-weather|Snow|[upkeep]\n|upkeep\n|\n|t:|1700712449\n|switch|p1a: Kingambit|Kingambit, F|100\/100\n|-activate|p1a: Kingambit|ability: Supreme Overlord\n|-start|p1a: Kingambit|fallen4|[silent]\n|-item|p1a: Kingambit|Air Balloon\n|turn|22\n|\n|t:|1700712456\n|move|p2a: Ribombee|Skill Swap|p1a: Kingambit\n|-activate|p2a: Ribombee|move: Skill Swap|Supreme Overlord|Shield Dust|[of] p1a: Kingambit\n|-end|p1a: Kingambit|fallen4|[silent]\n|-activate|p2a: Ribombee|ability: Supreme Overlord\n|-start|p2a: Ribombee|fallen4|[silent]\n|move|p1a: Kingambit|Swords Dance|p1a: Kingambit\n|-boost|p1a: Kingambit|atk|2\n|\n|-weather|Snow|[upkeep]\n|upkeep\n|turn|23\n|\n|t:|1700712463\n|move|p2a: Ribombee|Stun Spore|p1a: Kingambit\n|-status|p1a: Kingambit|par\n|cant|p1a: Kingambit|par\n|\n|-weather|Snow|[upkeep]\n|upkeep\n|turn|24\n|\n|t:|1700712471\n|move|p2a: Ribombee|Moonblast|p1a: Kingambit\n|-damage|p1a: Kingambit|66\/100 par\n|-enditem|p1a: Kingambit|Air Balloon\n|cant|p1a: Kingambit|par\n|\n|-weather|none\n|upkeep\n|turn|25\n|\n|t:|1700712475\n|move|p2a: Ribombee|Moonblast|p1a: Kingambit\n|-damage|p1a: Kingambit|36\/100 par\n|cant|p1a: Kingambit|par\n|\n|upkeep\n|turn|26\n|\n|t:|1700712478\n|move|p2a: Ribombee|Moonblast|p1a: Kingambit\n|-damage|p1a: Kingambit|4\/100 par\n|move|p1a: Kingambit|Iron Head|p2a: Ribombee\n|-supereffective|p2a: Ribombee\n|-damage|p2a: Ribombee|0 fnt\n|faint|p2a: Ribombee\n|-end|p2a: Ribombee|fallen4|[silent]\n|\n|upkeep\n|\n|t:|1700712483\n|switch|p2a: Kingambit|Kingambit, M|72\/100\n|-activate|p2a: Kingambit|ability: Supreme Overlord\n|-start|p2a: Kingambit|fallen5|[silent]\n|turn|27\n|\n|t:|1700712509\n|move|p2a: Kingambit|Kowtow Cleave|p1a: Kingambit\n|-resisted|p1a: Kingambit\n|-damage|p1a: Kingambit|0 fnt\n|faint|p1a: Kingambit\n|\n|-sideend|p1: tinge huli|move: Aurora Veil\n|upkeep\n|\n|t:|1700712511\n|switch|p1a: Dragonite|Dragonite, M|100\/100\n|turn|28\n|\n|t:|1700712515\n|-terastallize|p2a: Kingambit|Fairy\n|move|p1a: Dragonite|Dragon Dance|p1a: Dragonite\n|-boost|p1a: Dragonite|atk|1\n|-boost|p1a: Dragonite|spe|1\n|move|p2a: Kingambit|Tera Blast|p1a: Dragonite|[anim] Tera Blast Fairy\n|-supereffective|p1a: Dragonite\n|-damage|p1a: Dragonite|21\/100\n|\n|upkeep\n|turn|29\n|\n|t:|1700712526\n|move|p2a: Kingambit|Sucker Punch|p1a: Dragonite\n|-damage|p1a: Dragonite|0 fnt\n|faint|p1a: Dragonite\n|\n|win|PeterGriffinOnline\n|raw|tinge huli's rating: 1226 &rarr; <strong>1203<\/strong><br \/>(-23 for losing)\n|raw|PeterGriffinOnline's rating: 1250 &rarr; <strong>1273<\/strong><br \/>(+23 for winning)\n|c|\u2606tinge huli|fck me\n","uploadtime":1700712532,"views":3,"p1id":"tingehuli","p2id":"petergriffinonline","formatid":"gen9ou","rating":1203,"private":0,"password":""}