{"id":"gen9ou-1996845155","p1":"Skaraptor2.1","p2":"xiaoyang2004","format":"[Gen 9] OU","log":"|j|\u2606Skaraptor2.1\n|j|\u2606xiaoyang2004\n|t:|1700734460\n|gametype|singles\n|player|p1|Skaraptor2.1|bodybuilderf-gen9|1395\n|player|p2|xiaoyang2004|lyra|1410\n|teamsize|p1|6\n|teamsize|p2|6\n|gen|9\n|tier|[Gen 9] OU\n|rated|\n|rule|Sleep Clause Mod: Limit one foe put to sleep\n|rule|Species Clause: Limit one of each Pok\u00e9mon\n|rule|OHKO Clause: OHKO moves are banned\n|rule|Evasion Items Clause: Evasion items are banned\n|rule|Evasion Moves Clause: Evasion moves are banned\n|rule|Endless Battle Clause: Forcing endless battles is banned\n|rule|HP Percentage Mod: HP is shown in percentages\n|clearpoke\n|poke|p1|Ribombee, M|\n|poke|p1|Ogerpon-Wellspring, F|\n|poke|p1|Great Tusk|\n|poke|p1|Zamazenta-*|\n|poke|p1|Iron Valiant|\n|poke|p1|Kingambit, F|\n|poke|p2|Ribombee, F|\n|poke|p2|Gholdengo|\n|poke|p2|Dragapult, M|\n|poke|p2|Samurott-Hisui, M|\n|poke|p2|Ogerpon-Cornerstone, F|\n|poke|p2|Great Tusk|\n|teampreview\n|inactive|Battle timer is ON: inactive players will automatically lose when time's up. (requested by Skaraptor2.1)\n|inactive|xiaoyang2004 has 120 seconds left.\n|\n|t:|1700734508\n|start\n|switch|p1a: Transfem|Ogerpon-Wellspring, F|100\/100\n|switch|p2a: Ribombee|Ribombee, F, shiny|100\/100\n|turn|1\n|\n|t:|1700734523\n|move|p2a: Ribombee|Sticky Web|p1a: Transfem\n|-sidestart|p1: Skaraptor2.1|move: Sticky Web\n|move|p1a: Transfem|Ivy Cudgel|p2a: Ribombee|[anim] Ivy Cudgel Water\n|-enditem|p2a: Ribombee|Focus Sash\n|-damage|p2a: Ribombee|1\/100\n|\n|upkeep\n|turn|2\n|\n|t:|1700734532\n|move|p2a: Ribombee|Moonblast|p1a: Transfem\n|-damage|p1a: Transfem|51\/100\n|move|p1a: Transfem|Horn Leech|p2a: Ribombee\n|-resisted|p2a: Ribombee\n|-damage|p2a: Ribombee|0 fnt\n|-heal|p1a: Transfem|52\/100|[from] drain|[of] p2a: Ribombee\n|faint|p2a: Ribombee\n|\n|upkeep\n|\n|t:|1700734543\n|switch|p2a: Dragapult|Dragapult, M, shiny|100\/100\n|turn|3\n|\n|t:|1700734560\n|move|p2a: Dragapult|U-turn|p1a: Transfem\n|-supereffective|p1a: Transfem\n|-damage|p1a: Transfem|3\/100\n|\n|t:|1700734571\n|switch|p2a: Gholdengo|Gholdengo|100\/100|[from] U-turn\n|move|p1a: Transfem|Knock Off|p2a: Gholdengo\n|-supereffective|p2a: Gholdengo\n|-damage|p2a: Gholdengo|33\/100\n|-enditem|p2a: Gholdengo|Covert Cloak|[from] move: Knock Off|[of] p1a: Transfem\n|\n|upkeep\n|turn|4\n|\n|t:|1700734591\n|move|p1a: Transfem|Knock Off|p2a: Gholdengo\n|-supereffective|p2a: Gholdengo\n|-damage|p2a: Gholdengo|0 fnt\n|faint|p2a: Gholdengo\n|\n|upkeep\n|\n|t:|1700734598\n|switch|p2a: Dragapult|Dragapult, M, shiny|100\/100\n|turn|5\n|\n|t:|1700734626\n|move|p2a: Dragapult|U-turn|p1a: Transfem\n|-supereffective|p1a: Transfem\n|-damage|p1a: Transfem|0 fnt\n|faint|p1a: Transfem\n|\n|t:|1700734638\n|switch|p2a: Samurott|Samurott-Hisui, M, shiny|100\/100|[from] U-turn\n|\n|upkeep\n|\n|t:|1700734645\n|switch|p1a: Twink|Ribombee, M|100\/100\n|-activate|p1a: Twink|move: Sticky Web\n|-unboost|p1a: Twink|spe|1\n|turn|6\n|\n|t:|1700734658\n|move|p2a: Samurott|Ceaseless Edge|p1a: Twink\n|-resisted|p1a: Twink\n|-damage|p1a: Twink|66\/100\n|-sidestart|p1: Skaraptor2.1|Spikes\n|move|p1a: Twink|Stun Spore|p2a: Samurott\n|-status|p2a: Samurott|par\n|\n|upkeep\n|turn|7\n|\n|t:|1700734672\n|switch|p2a: Great Tusk|Great Tusk, shiny|100\/100\n|-enditem|p2a: Great Tusk|Booster Energy\n|-activate|p2a: Great Tusk|ability: Protosynthesis|[fromitem]\n|-start|p2a: Great Tusk|protosynthesisatk\n|move|p1a: Twink|Moonblast|p2a: Great Tusk\n|-supereffective|p2a: Great Tusk\n|-damage|p2a: Great Tusk|12\/100\n|\n|upkeep\n|turn|8\n|\n|t:|1700734689\n|switch|p1a: Bigender|Iron Valiant|100\/100\n|-activate|p1a: Bigender|move: Sticky Web\n|-unboost|p1a: Bigender|spe|1\n|-damage|p1a: Bigender|88\/100|[from] Spikes\n|-enditem|p1a: Bigender|Booster Energy\n|-activate|p1a: Bigender|ability: Quark Drive|[fromitem]\n|-start|p1a: Bigender|quarkdrivespa\n|move|p2a: Great Tusk|Ice Spinner|p1a: Bigender\n|-damage|p1a: Bigender|41\/100\n|\n|upkeep\n|turn|9\n|\n|t:|1700734705\n|move|p2a: Great Tusk|Earthquake|p1a: Bigender\n|-damage|p1a: Bigender|0 fnt\n|faint|p1a: Bigender\n|-end|p1a: Bigender|Quark Drive|[silent]\n|\n|upkeep\n|\n|t:|1700734709\n|switch|p1a: Raging Queer|Great Tusk|100\/100\n|-activate|p1a: Raging Queer|move: Sticky Web\n|-unboost|p1a: Raging Queer|spe|1\n|-damage|p1a: Raging Queer|88\/100|[from] Spikes\n|turn|10\n|\n|t:|1700734715\n|-end|p2a: Great Tusk|Protosynthesis|[silent]\n|switch|p2a: Dragapult|Dragapult, M, shiny|100\/100\n|move|p1a: Raging Queer|Knock Off|p2a: Dragapult\n|-supereffective|p2a: Dragapult\n|-crit|p2a: Dragapult\n|-damage|p2a: Dragapult|0 fnt\n|-enditem|p2a: Dragapult|Choice Specs|[from] move: Knock Off|[of] p1a: Raging Queer\n|faint|p2a: Dragapult\n|\n|-heal|p1a: Raging Queer|94\/100|[from] item: Leftovers\n|upkeep\n|\n|t:|1700734732\n|switch|p2a: Samurott|Samurott-Hisui, M, shiny|100\/100 par\n|turn|11\n|\n|t:|1700734744\n|-terastallize|p2a: Samurott|Ghost\n|move|p1a: Raging Queer|Rapid Spin|p2a: Samurott\n|-immune|p2a: Samurott\n|move|p2a: Samurott|Aqua Cutter|p1a: Raging Queer\n|-supereffective|p1a: Raging Queer\n|-damage|p1a: Raging Queer|20\/100\n|\n|-heal|p1a: Raging Queer|26\/100|[from] item: Leftovers\n|upkeep\n|turn|12\n|\n|t:|1700734754\n|-terastallize|p1a: Raging Queer|Dark\n|move|p2a: Samurott|Aqua Jet|p1a: Raging Queer\n|-damage|p1a: Raging Queer|11\/100\n|move|p1a: Raging Queer|Knock Off|p2a: Samurott\n|-supereffective|p2a: Samurott\n|-enditem|p2a: Samurott|Focus Sash\n|-damage|p2a: Samurott|1\/100 par\n|\n|-heal|p1a: Raging Queer|17\/100|[from] item: Leftovers\n|upkeep\n|turn|13\n|\n|t:|1700734765\n|move|p2a: Samurott|Aqua Jet|p1a: Raging Queer\n|-crit|p1a: Raging Queer\n|-damage|p1a: Raging Queer|0 fnt\n|faint|p1a: Raging Queer\n|-end|p1a: Raging Queer|Protosynthesis|[silent]\n|\n|upkeep\n|\n|t:|1700734773\n|switch|p1a: Defender of Trans|Zamazenta, shiny|100\/100\n|-activate|p1a: Defender of Trans|move: Sticky Web\n|-unboost|p1a: Defender of Trans|spe|1\n|-damage|p1a: Defender of Trans|88\/100|[from] Spikes\n|-ability|p1a: Defender of Trans|Dauntless Shield|boost\n|-boost|p1a: Defender of Trans|def|1\n|turn|14\n|\n|t:|1700734782\n|move|p1a: Defender of Trans|Iron Defense|p1a: Defender of Trans\n|-boost|p1a: Defender of Trans|def|2\n|move|p2a: Samurott|Aqua Cutter|p1a: Defender of Trans\n|-damage|p1a: Defender of Trans|74\/100\n|\n|-heal|p1a: Defender of Trans|80\/100|[from] item: Leftovers\n|upkeep\n|turn|15\n|\n|t:|1700734794\n|move|p1a: Defender of Trans|Iron Defense|p1a: Defender of Trans\n|-boost|p1a: Defender of Trans|def|2\n|move|p2a: Samurott|Sacred Sword|p1a: Defender of Trans\n|-damage|p1a: Defender of Trans|55\/100\n|\n|-heal|p1a: Defender of Trans|61\/100|[from] item: Leftovers\n|upkeep\n|turn|16\n|\n|t:|1700734803\n|move|p1a: Defender of Trans|Crunch|p2a: Samurott\n|-supereffective|p2a: Samurott\n|-damage|p2a: Samurott|0 fnt\n|faint|p2a: Samurott\n|\n|-heal|p1a: Defender of Trans|68\/100|[from] item: Leftovers\n|upkeep\n|-message|xiaoyang2004 forfeited.\n|\n|win|Skaraptor2.1\n|raw|Skaraptor2.1's rating: 1395 &rarr; <strong>1416<\/strong><br \/>(+21 for winning)\n|raw|xiaoyang2004's rating: 1410 &rarr; <strong>1389<\/strong><br \/>(-21 for losing)\n|l|\u2606xiaoyang2004\n","uploadtime":1700734819,"views":2,"p1id":"skaraptor21","p2id":"xiaoyang2004","formatid":"gen9ou","rating":1389,"private":0,"password":""}