{"id":"gen9ou-1993333899","p1":"ShadowB2W2","p2":"LePixsel","format":"[Gen 9] OU","log":"|j|\u2606ShadowB2W2\n|j|\u2606LePixsel\n|t:|1700300462\n|gametype|singles\n|player|p1|ShadowB2W2|nate|1024\n|player|p2|LePixsel|265|1143\n|teamsize|p1|6\n|teamsize|p2|6\n|gen|9\n|tier|[Gen 9] OU\n|rated|\n|rule|Sleep Clause Mod: Limit one foe put to sleep\n|rule|Species Clause: Limit one of each Pok\u00e9mon\n|rule|OHKO Clause: OHKO moves are banned\n|rule|Evasion Items Clause: Evasion items are banned\n|rule|Evasion Moves Clause: Evasion moves are banned\n|rule|Endless Battle Clause: Forcing endless battles is banned\n|rule|HP Percentage Mod: HP is shown in percentages\n|clearpoke\n|poke|p1|Dudunsparce-*, M|\n|poke|p1|Kilowattrel, M|\n|poke|p1|Florges-White, F|\n|poke|p1|Salazzle, F|\n|poke|p1|Krookodile, M|\n|poke|p1|Dusclops, M|\n|poke|p2|Regidrago|\n|poke|p2|Rillaboom, M|\n|poke|p2|Greninja-*, M|\n|poke|p2|Ribombee, M|\n|poke|p2|Sneasler, M|\n|poke|p2|Iron Moth|\n|teampreview\n|\n|t:|1700300483\n|start\n|switch|p1a: Kilowattrel|Kilowattrel, M|100\/100\n|switch|p2a: Ribombee|Ribombee, M|100\/100\n|turn|1\n|\n|t:|1700300492\n|move|p1a: Kilowattrel|Air Slash|p2a: Ribombee\n|-supereffective|p2a: Ribombee\n|-enditem|p2a: Ribombee|Focus Sash\n|-damage|p2a: Ribombee|1\/100\n|move|p2a: Ribombee|Sticky Web|p1a: Kilowattrel\n|-sidestart|p1: ShadowB2W2|move: Sticky Web\n|\n|upkeep\n|turn|2\n|\n|t:|1700300498\n|move|p1a: Kilowattrel|Tailwind|p1a: Kilowattrel\n|-sidestart|p1: ShadowB2W2|move: Tailwind\n|-start|p1a: Kilowattrel|Charge|Tailwind|[from] ability: Wind Power\n|move|p2a: Ribombee|Stun Spore|p1a: Kilowattrel\n|-immune|p1a: Kilowattrel\n|\n|upkeep\n|turn|3\n|\n|t:|1700300502\n|move|p1a: Kilowattrel|Air Slash|p2a: Ribombee\n|-supereffective|p2a: Ribombee\n|-damage|p2a: Ribombee|0 fnt\n|faint|p2a: Ribombee\n|\n|upkeep\n|\n|t:|1700300511\n|switch|p2a: Rillaboom|Rillaboom, M|100\/100\n|-fieldstart|move: Grassy Terrain|[from] ability: Grassy Surge|[of] p2a: Rillaboom\n|turn|4\n|\n|t:|1700300516\n|move|p1a: Kilowattrel|Air Slash|p2a: Rillaboom\n|-supereffective|p2a: Rillaboom\n|-damage|p2a: Rillaboom|2\/100\n|cant|p2a: Rillaboom|flinch\n|\n|-heal|p2a: Rillaboom|8\/100|[from] Grassy Terrain\n|upkeep\n|turn|5\n|\n|t:|1700300522\n|move|p1a: Kilowattrel|Air Slash|p2a: Rillaboom\n|-supereffective|p2a: Rillaboom\n|-damage|p2a: Rillaboom|0 fnt\n|faint|p2a: Rillaboom\n|\n|-sideend|p1: ShadowB2W2|move: Tailwind\n|upkeep\n|\n|t:|1700300524\n|switch|p2a: Sneasler|Sneasler, M|100\/100\n|-enditem|p2a: Sneasler|Grassy Seed\n|-boost|p2a: Sneasler|def|1|[from] item: Grassy Seed\n|turn|6\n|\n|t:|1700300531\n|move|p2a: Sneasler|Dire Claw|p1a: Kilowattrel\n|-damage|p1a: Kilowattrel|13\/100\n|move|p1a: Kilowattrel|Air Slash|p2a: Sneasler\n|-supereffective|p2a: Sneasler\n|-damage|p2a: Sneasler|7\/100\n|\n|-heal|p2a: Sneasler|13\/100|[from] Grassy Terrain\n|upkeep\n|turn|7\n|\n|t:|1700300539\n|move|p2a: Sneasler|Dire Claw|p1a: Kilowattrel\n|-damage|p1a: Kilowattrel|0 fnt\n|faint|p1a: Kilowattrel\n|\n|-heal|p2a: Sneasler|19\/100|[from] Grassy Terrain\n|upkeep\n|\n|t:|1700300545\n|switch|p1a: Dusclops|Dusclops, M|100\/100\n|-activate|p1a: Dusclops|move: Sticky Web\n|-unboost|p1a: Dusclops|spe|1\n|-ability|p1a: Dusclops|Pressure\n|turn|8\n|\n|t:|1700300556\n|move|p2a: Sneasler|Dire Claw|p1a: Dusclops\n|-resisted|p1a: Dusclops\n|-damage|p1a: Dusclops|86\/100\n|-status|p1a: Dusclops|psn\n|move|p1a: Dusclops|Calm Mind|p1a: Dusclops\n|-boost|p1a: Dusclops|spa|1\n|-boost|p1a: Dusclops|spd|1\n|\n|-heal|p2a: Sneasler|25\/100|[from] Grassy Terrain\n|-heal|p1a: Dusclops|92\/100 psn|[from] Grassy Terrain\n|-damage|p1a: Dusclops|79\/100 psn|[from] psn\n|-fieldend|move: Grassy Terrain\n|upkeep\n|turn|9\n|\n|t:|1700300573\n|move|p2a: Sneasler|Shadow Claw|p1a: Dusclops\n|-supereffective|p1a: Dusclops\n|-damage|p1a: Dusclops|46\/100 psn\n|move|p1a: Dusclops|Ice Beam|p2a: Sneasler\n|-damage|p2a: Sneasler|0 fnt\n|faint|p2a: Sneasler\n|\n|-damage|p1a: Dusclops|33\/100 psn|[from] psn\n|upkeep\n|\n|t:|1700300580\n|switch|p2a: Greninja|Greninja, M|100\/100\n|turn|10\n|\n|t:|1700300589\n|-terastallize|p2a: Greninja|Water\n|-terastallize|p1a: Dusclops|Fairy\n|move|p2a: Greninja|Hydro Pump|p1a: Dusclops\n|-damage|p1a: Dusclops|0 fnt\n|faint|p1a: Dusclops\n|-ability|p2a: Greninja|Battle Bond|boost\n|-boost|p2a: Greninja|atk|1\n|-boost|p2a: Greninja|spa|1\n|-boost|p2a: Greninja|spe|1\n|-activate|p2a: Greninja|ability: Battle Bond\n|\n|upkeep\n|\n|t:|1700300614\n|switch|p1a: Dudunsparce|Dudunsparce-Three-Segment, M, shiny|100\/100\n|-activate|p1a: Dudunsparce|move: Sticky Web\n|-unboost|p1a: Dudunsparce|spe|1\n|turn|11\n|\n|t:|1700300620\n|move|p2a: Greninja|Hydro Pump|p1a: Dudunsparce\n|-enditem|p1a: Dudunsparce|Focus Sash\n|-damage|p1a: Dudunsparce|1\/100\n|move|p1a: Dudunsparce|Body Slam|p2a: Greninja\n|-damage|p2a: Greninja|53\/100\n|-status|p2a: Greninja|par\n|\n|upkeep\n|turn|12\n|\n|t:|1700300628\n|move|p2a: Greninja|Ice Beam|p1a: Dudunsparce\n|-damage|p1a: Dudunsparce|0 fnt\n|faint|p1a: Dudunsparce\n|\n|upkeep\n|\n|t:|1700300632\n|switch|p1a: Florges|Florges-White, F, shiny|100\/100\n|-activate|p1a: Florges|move: Sticky Web\n|-unboost|p1a: Florges|spe|1\n|turn|13\n|\n|t:|1700300638\n|move|p2a: Greninja|Hydro Pump|p1a: Florges|[miss]\n|-miss|p2a: Greninja|p1a: Florges\n|move|p1a: Florges|Trailblaze|p2a: Greninja\n|-supereffective|p2a: Greninja\n|-damage|p2a: Greninja|25\/100 par\n|-boost|p1a: Florges|spe|1\n|\n|upkeep\n|turn|14\n|\n|t:|1700300646\n|move|p2a: Greninja|Hydro Pump|p1a: Florges|[miss]\n|-miss|p2a: Greninja|p1a: Florges\n|move|p1a: Florges|Trailblaze|p2a: Greninja\n|-supereffective|p2a: Greninja\n|-damage|p2a: Greninja|0 fnt\n|-boost|p1a: Florges|spe|1\n|faint|p2a: Greninja\n|\n|upkeep\n|\n|t:|1700300649\n|switch|p2a: Iron Moth|Iron Moth|100\/100\n|-enditem|p2a: Iron Moth|Booster Energy\n|-activate|p2a: Iron Moth|ability: Quark Drive|[fromitem]\n|-start|p2a: Iron Moth|quarkdrivespa\n|turn|15\n|\n|t:|1700300660\n|move|p2a: Iron Moth|Fiery Dance|p1a: Florges\n|-damage|p1a: Florges|77\/100\n|move|p1a: Florges|Psychic|p2a: Iron Moth\n|-supereffective|p2a: Iron Moth\n|-damage|p2a: Iron Moth|32\/100\n|\n|upkeep\n|turn|16\n|\n|t:|1700300667\n|move|p2a: Iron Moth|Sludge Wave|p1a: Florges\n|-supereffective|p1a: Florges\n|-damage|p1a: Florges|15\/100\n|move|p1a: Florges|Psychic|p2a: Iron Moth\n|-supereffective|p2a: Iron Moth\n|-damage|p2a: Iron Moth|0 fnt\n|faint|p2a: Iron Moth\n|-end|p2a: Iron Moth|Quark Drive|[silent]\n|\n|upkeep\n|\n|t:|1700300672\n|switch|p2a: Regidrago|Regidrago|100\/100\n|turn|17\n|\n|t:|1700300676\n|move|p1a: Florges|Moonblast|p2a: Regidrago\n|-supereffective|p2a: Regidrago\n|-damage|p2a: Regidrago|0 fnt\n|faint|p2a: Regidrago\n|\n|win|ShadowB2W2\n|raw|ShadowB2W2's rating: 1024 &rarr; <strong>1072<\/strong><br \/>(+48 for winning)\n|raw|LePixsel's rating: 1143 &rarr; <strong>1110<\/strong><br \/>(-33 for losing)\n|l|\u2606LePixsel\n","uploadtime":1700300688,"views":9,"p1id":"shadowb2w2","p2id":"lepixsel","formatid":"gen9ou","rating":1072,"private":0,"password":""}