{"id":"gen9ou-1995712203","p1":"Lanbos eternity","p2":"Cgmaster","format":"[Gen 9] OU","log":"|j|\u2606Lanbos eternity\n|j|\u2606Cgmaster\n|t:|1700596171\n|gametype|singles\n|player|p1|Lanbos eternity|lady-gen4|1221\n|player|p2|Cgmaster|101|1327\n|teamsize|p1|6\n|teamsize|p2|6\n|gen|9\n|tier|[Gen 9] OU\n|rated|\n|rule|Sleep Clause Mod: Limit one foe put to sleep\n|rule|Species Clause: Limit one of each Pok\u00e9mon\n|rule|OHKO Clause: OHKO moves are banned\n|rule|Evasion Items Clause: Evasion items are banned\n|rule|Evasion Moves Clause: Evasion moves are banned\n|rule|Endless Battle Clause: Forcing endless battles is banned\n|rule|HP Percentage Mod: HP is shown in percentages\n|clearpoke\n|poke|p1|Dragapult, F|\n|poke|p1|Samurott-Hisui, F|\n|poke|p1|Iron Moth|\n|poke|p1|Enamorus, F|\n|poke|p1|Great Tusk|\n|poke|p1|Kingambit, F|\n|poke|p2|Weezing-Galar, M|\n|poke|p2|Lokix, F|\n|poke|p2|Ogerpon-Cornerstone, F|\n|poke|p2|Zamazenta-*|\n|poke|p2|Manaphy|\n|poke|p2|Moltres|\n|teampreview\n|inactive|Battle timer is ON: inactive players will automatically lose when time's up. (requested by Lanbos eternity)\n|inactive|Cgmaster has 120 seconds left.\n|\n|t:|1700596228\n|start\n|switch|p1a: \u2606\u2605Star\u2605\u2606|Dragapult, F, shiny|100\/100\n|switch|p2a: Weezing|Weezing-Galar, M|100\/100\n|-ability|p2a: Weezing|Neutralizing Gas\n|turn|1\n|inactive|Lanbos eternity has 120 seconds left.\n|\n|t:|1700596264\n|move|p1a: \u2606\u2605Star\u2605\u2606|Shadow Ball|p2a: Weezing\n|-damage|p2a: Weezing|17\/100\n|move|p2a: Weezing|Will-O-Wisp|p1a: \u2606\u2605Star\u2605\u2606|[miss]\n|-miss|p2a: Weezing|p1a: \u2606\u2605Star\u2605\u2606\n|\n|upkeep\n|turn|2\n|\n|t:|1700596269\n|move|p1a: \u2606\u2605Star\u2605\u2606|Shadow Ball|p2a: Weezing\n|-damage|p2a: Weezing|0 fnt\n|faint|p2a: Weezing\n|-end|p2a: Weezing|ability: Neutralizing Gas\n|\n|upkeep\n|\n|t:|1700596285\n|switch|p2a: Zamazenta|Zamazenta|100\/100\n|-ability|p2a: Zamazenta|Dauntless Shield|boost\n|-boost|p2a: Zamazenta|def|1\n|turn|3\n|\n|t:|1700596288\n|move|p2a: Zamazenta|Crunch|p1a: \u2606\u2605Star\u2605\u2606\n|-supereffective|p1a: \u2606\u2605Star\u2605\u2606\n|-damage|p1a: \u2606\u2605Star\u2605\u2606|0 fnt\n|faint|p1a: \u2606\u2605Star\u2605\u2606\n|\n|upkeep\n|\n|t:|1700596295\n|switch|p1a: What|Enamorus, F|100\/100\n|turn|4\n|\n|t:|1700596302\n|switch|p2a: Ogerpon|Ogerpon-Cornerstone, F|100\/100\n|move|p1a: What|Moonblast|p2a: Ogerpon\n|-damage|p2a: Ogerpon|13\/100\n|\n|upkeep\n|turn|5\n|\n|t:|1700596309\n|switch|p1a: No.|Great Tusk, shiny|100\/100\n|-enditem|p1a: No.|Booster Energy\n|-activate|p1a: No.|ability: Protosynthesis|[fromitem]\n|-start|p1a: No.|protosynthesisatk\n|move|p2a: Ogerpon|Ivy Cudgel|p1a: No.|[anim] Ivy Cudgel Rock\n|-resisted|p1a: No.\n|-crit|p1a: No.\n|-damage|p1a: No.|84\/100\n|\n|upkeep\n|turn|6\n|\n|t:|1700596315\n|move|p2a: Ogerpon|Power Whip|p1a: No.\n|-supereffective|p1a: No.\n|-damage|p1a: No.|0 fnt\n|faint|p1a: No.\n|-end|p1a: No.|Protosynthesis|[silent]\n|\n|upkeep\n|\n|t:|1700596320\n|switch|p1a: Don\u2019t Miss pls~|Samurott-Hisui, F, shiny|100\/100\n|turn|7\n|\n|t:|1700596325\n|move|p1a: Don\u2019t Miss pls~|Ceaseless Edge|p2a: Ogerpon|[miss]\n|-miss|p1a: Don\u2019t Miss pls~|p2a: Ogerpon\n|move|p2a: Ogerpon|Taunt|p1a: Don\u2019t Miss pls~\n|-start|p1a: Don\u2019t Miss pls~|move: Taunt\n|\n|upkeep\n|turn|8\n|\n|t:|1700596329\n|move|p1a: Don\u2019t Miss pls~|Ceaseless Edge|p2a: Ogerpon\n|-damage|p2a: Ogerpon|0 fnt\n|-sidestart|p2: Cgmaster|Spikes\n|faint|p2a: Ogerpon\n|\n|upkeep\n|\n|t:|1700596350\n|switch|p2a: Manaphy|Manaphy|100\/100\n|-damage|p2a: Manaphy|88\/100|[from] Spikes\n|turn|9\n|\n|t:|1700596354\n|move|p1a: Don\u2019t Miss pls~|Ceaseless Edge|p2a: Manaphy\n|-damage|p2a: Manaphy|44\/100\n|-sidestart|p2: Cgmaster|Spikes\n|move|p2a: Manaphy|Tail Glow|p2a: Manaphy\n|-boost|p2a: Manaphy|spa|3\n|\n|-heal|p2a: Manaphy|50\/100|[from] item: Leftovers\n|upkeep\n|turn|10\n|\n|t:|1700596362\n|-terastallize|p1a: Don\u2019t Miss pls~|Dark\n|move|p1a: Don\u2019t Miss pls~|Ceaseless Edge|p2a: Manaphy\n|-damage|p2a: Manaphy|0 fnt\n|-sidestart|p2: Cgmaster|Spikes\n|faint|p2a: Manaphy\n|\n|-end|p1a: Don\u2019t Miss pls~|move: Taunt\n|upkeep\n|\n|t:|1700596367\n|switch|p2a: Lokix|Lokix, F|100\/100\n|turn|11\n|\n|t:|1700596381\n|switch|p1a: What|Enamorus, F|100\/100\n|move|p2a: Lokix|Swords Dance|p2a: Lokix\n|-boost|p2a: Lokix|atk|2\n|\n|upkeep\n|turn|12\n|\n|t:|1700596386\n|move|p1a: What|Moonblast|p2a: Lokix\n|-supereffective|p2a: Lokix\n|-damage|p2a: Lokix|0 fnt\n|faint|p2a: Lokix\n|\n|upkeep\n|\n|t:|1700596398\n|switch|p2a: Zamazenta|Zamazenta|100\/100\n|-damage|p2a: Zamazenta|76\/100|[from] Spikes\n|turn|13\n|\n|t:|1700596400\n|move|p2a: Zamazenta|Stone Edge|p1a: What\n|-supereffective|p1a: What\n|-damage|p1a: What|0 fnt\n|faint|p1a: What\n|\n|upkeep\n|\n|t:|1700596404\n|switch|p1a: Don\u2019t Miss pls~|Samurott-Hisui, F, shiny, tera:Dark|100\/100\n|turn|14\n|\n|t:|1700596408\n|switch|p2a: Moltres|Moltres|100\/100\n|move|p1a: Don\u2019t Miss pls~|Aqua Cutter|p2a: Moltres\n|-supereffective|p2a: Moltres\n|-damage|p2a: Moltres|33\/100\n|\n|upkeep\n|turn|15\n|\n|t:|1700596412\n|move|p1a: Don\u2019t Miss pls~|Aqua Cutter|p2a: Moltres\n|-supereffective|p2a: Moltres\n|-crit|p2a: Moltres\n|-damage|p2a: Moltres|0 fnt\n|faint|p2a: Moltres\n|\n|upkeep\n|\n|t:|1700596413\n|switch|p2a: Zamazenta|Zamazenta|76\/100\n|-damage|p2a: Zamazenta|51\/100|[from] Spikes\n|turn|16\n|\n|t:|1700596421\n|-terastallize|p2a: Zamazenta|Fighting\n|move|p1a: Don\u2019t Miss pls~|Aqua Cutter|p2a: Zamazenta\n|-damage|p2a: Zamazenta|4\/100\n|move|p2a: Zamazenta|Close Combat|p1a: Don\u2019t Miss pls~\n|-supereffective|p1a: Don\u2019t Miss pls~\n|-damage|p1a: Don\u2019t Miss pls~|0 fnt\n|-unboost|p2a: Zamazenta|def|1\n|-unboost|p2a: Zamazenta|spd|1\n|faint|p1a: Don\u2019t Miss pls~\n|\n|upkeep\n|\n|t:|1700596428\n|switch|p1a: Where is QD|Iron Moth, shiny|100\/100\n|-enditem|p1a: Where is QD|Booster Energy\n|-activate|p1a: Where is QD|ability: Quark Drive|[fromitem]\n|-start|p1a: Where is QD|quarkdrivespe\n|turn|17\n|\n|t:|1700596431\n|move|p1a: Where is QD|Dazzling Gleam|p2a: Zamazenta\n|-supereffective|p2a: Zamazenta\n|-damage|p2a: Zamazenta|0 fnt\n|faint|p2a: Zamazenta\n|\n|win|Lanbos eternity\n|raw|Lanbos eternity's rating: 1221 &rarr; <strong>1253<\/strong><br \/>(+32 for winning)\n|raw|Cgmaster's rating: 1327 &rarr; <strong>1301<\/strong><br \/>(-26 for losing)\n","uploadtime":1700596435,"views":0,"p1id":"lanboseternity","p2id":"cgmaster","formatid":"gen9ou","rating":1253,"private":0,"password":""}