{"id":"gen9ou-1991010920","p1":"Gold Leafeon","p2":"Trikinuela","format":"[Gen 9] OU","log":"|j|\u2606Gold Leafeon\n|j|\u203dTrikinuela\n|t:|1700027549\n|gametype|singles\n|player|p1|Gold Leafeon|morty|1142\n|player|p2|Trikinuela|blackbelt-gen4dp|1077\n|teamsize|p1|6\n|teamsize|p2|6\n|gen|9\n|tier|[Gen 9] OU\n|rated|\n|rule|Sleep Clause Mod: Limit one foe put to sleep\n|rule|Species Clause: Limit one of each Pok\u00e9mon\n|rule|OHKO Clause: OHKO moves are banned\n|rule|Evasion Items Clause: Evasion items are banned\n|rule|Evasion Moves Clause: Evasion moves are banned\n|rule|Endless Battle Clause: Forcing endless battles is banned\n|rule|HP Percentage Mod: HP is shown in percentages\n|clearpoke\n|poke|p1|Dragapult, M|\n|poke|p1|Kingambit, F|\n|poke|p1|Ogerpon-Wellspring, F|\n|poke|p1|Great Tusk|\n|poke|p1|Slowking-Galar, F|\n|poke|p1|Enamorus, F|\n|poke|p2|Meowscarada, F|\n|poke|p2|Armarouge, F|\n|poke|p2|Dragapult, M|\n|poke|p2|Quaquaval, M|\n|poke|p2|Kingambit, F|\n|poke|p2|Toxapex, M|\n|teampreview\n|inactive|Battle timer is ON: inactive players will automatically lose when time's up. (requested by Gold Leafeon)\n|\n|t:|1700027566\n|start\n|switch|p1a: Enamorus|Enamorus, F|100\/100\n|switch|p2a: Toxapex|Toxapex, M|100\/100\n|turn|1\n|\n|t:|1700027576\n|switch|p1a: Slowking|Slowking-Galar, F|100\/100\n|move|p2a: Toxapex|Toxic|p1a: Slowking\n|-immune|p1a: Slowking\n|\n|upkeep\n|turn|2\n|\n|t:|1700027587\n|switch|p2a: Meowscarada|Meowscarada, F|100\/100\n|move|p1a: Slowking|Future Sight|p2a: Meowscarada\n|-start|p1a: Slowking|move: Future Sight\n|\n|upkeep\n|turn|3\n|\n|t:|1700027595\n|-terastallize|p1a: Slowking|Fairy\n|move|p2a: Meowscarada|Flower Trick|p1a: Slowking\n|-start|p2a: Meowscarada|typechange|Grass|[from] ability: Protean\n|-crit|p1a: Slowking\n|-damage|p1a: Slowking|21\/100\n|move|p1a: Slowking|Sludge Bomb|p2a: Meowscarada\n|-supereffective|p2a: Meowscarada\n|-damage|p2a: Meowscarada|2\/100\n|-status|p2a: Meowscarada|psn\n|\n|-heal|p1a: Slowking|27\/100|[from] item: Leftovers\n|-damage|p2a: Meowscarada|0 fnt|[from] psn\n|faint|p2a: Meowscarada\n|upkeep\n|\n|t:|1700027614\n|switch|p2a: Quaquaval|Quaquaval, M|100\/100\n|turn|4\n|\n|t:|1700027625\n|switch|p1a: Ogerpon|Ogerpon-Wellspring, F|100\/100\n|move|p2a: Quaquaval|Aqua Step|p1a: Ogerpon\n|-immune|p1a: Ogerpon|[from] ability: Water Absorb\n|\n|-end|p2a: Quaquaval|move: Future Sight\n|-supereffective|p2a: Quaquaval\n|-damage|p2a: Quaquaval|0 fnt\n|faint|p2a: Quaquaval\n|upkeep\n|\n|t:|1700027638\n|switch|p2a: Armarouge|Armarouge, F|100\/100\n|turn|5\n|\n|t:|1700027648\n|move|p2a: Armarouge|Endure|p2a: Armarouge\n|-singleturn|p2a: Armarouge|move: Endure\n|move|p1a: Ogerpon|Swords Dance|p1a: Ogerpon\n|-boost|p1a: Ogerpon|atk|2\n|\n|upkeep\n|turn|6\n|\n|t:|1700027655\n|move|p1a: Ogerpon|Encore|p2a: Armarouge\n|-start|p2a: Armarouge|Encore\n|move|p2a: Armarouge|Endure||[still]\n|-fail|p2a: Armarouge\n|\n|upkeep\n|turn|7\n|\n|t:|1700027664\n|switch|p2a: Dragapult|Dragapult, M|100\/100\n|move|p1a: Ogerpon|Ivy Cudgel|p2a: Dragapult|[anim] Ivy Cudgel Water\n|-resisted|p2a: Dragapult\n|-crit|p2a: Dragapult\n|-damage|p2a: Dragapult|0 fnt\n|faint|p2a: Dragapult\n|\n|upkeep\n|\n|t:|1700027674\n|switch|p2a: Toxapex|Toxapex, M|100\/100\n|turn|8\n|\n|t:|1700027682\n|switch|p1a: Slowking|Slowking-Galar, F, tera:Fairy|61\/100\n|move|p2a: Toxapex|Baneful Bunker||[still]\n|-fail|p2a: Toxapex\n|\n|-heal|p1a: Slowking|67\/100|[from] item: Leftovers\n|upkeep\n|turn|9\n|-message|Trikinuela forfeited.\n|\n|win|Gold Leafeon\n|raw|Gold Leafeon's rating: 1142 &rarr; <strong>1162<\/strong><br \/>(+20 for winning)\n|raw|Trikinuela's rating: 1077 &rarr; <strong>1059<\/strong><br \/>(-18 for losing)\n|l|\u203dTrikinuela\n|c|\u2606Gold Leafeon|Lol\n","uploadtime":1700027770,"views":28,"p1id":"goldleafeon","p2id":"trikinuela","formatid":"gen9ou","rating":1059,"private":0,"password":""}