{"id":"gen9ou-1997045096","p1":"Radio-G","p2":"BulkyBell","format":"[Gen 9] OU","log":"|j|\u2606Radio-G\n|j|\u2606BulkyBell\n|t:|1700758966\n|gametype|singles\n|player|p1|Radio-G|pokemaniac|1051\n|player|p2|BulkyBell|jasmine-masters|1000\n|teamsize|p1|6\n|teamsize|p2|6\n|gen|9\n|tier|[Gen 9] OU\n|rated|\n|rule|Sleep Clause Mod: Limit one foe put to sleep\n|rule|Species Clause: Limit one of each Pok\u00e9mon\n|rule|OHKO Clause: OHKO moves are banned\n|rule|Evasion Items Clause: Evasion items are banned\n|rule|Evasion Moves Clause: Evasion moves are banned\n|rule|Endless Battle Clause: Forcing endless battles is banned\n|rule|HP Percentage Mod: HP is shown in percentages\n|clearpoke\n|poke|p1|Mabosstiff, F|\n|poke|p1|Politoed, F|\n|poke|p1|Walking Wake|\n|poke|p1|Tsareena, F|\n|poke|p1|Goodra-Hisui, F|\n|poke|p1|Iron Hands|\n|poke|p2|Rillaboom, F|\n|poke|p2|Garganacl, F|\n|poke|p2|Great Tusk|\n|poke|p2|Heatran, F|\n|poke|p2|Zapdos|\n|poke|p2|Walking Wake|\n|teampreview\n|\n|t:|1700758976\n|start\n|switch|p1a: Politoed|Politoed, F|100\/100\n|switch|p2a: Heatran|Heatran, F|100\/100\n|-weather|RainDance|[from] ability: Drizzle|[of] p1a: Politoed\n|turn|1\n|\n|t:|1700758984\n|switch|p2a: Zapdos|Zapdos|100\/100\n|move|p1a: Politoed|Weather Ball|p2a: Zapdos\n|-damage|p2a: Zapdos|42\/100\n|\n|-weather|RainDance|[upkeep]\n|upkeep\n|turn|2\n|\n|t:|1700759005\n|switch|p1a: Goodra|Goodra-Hisui, F|100\/100\n|move|p2a: Zapdos|Thunder Wave|p1a: Goodra\n|-status|p1a: Goodra|par\n|\n|-weather|RainDance|[upkeep]\n|upkeep\n|turn|3\n|\n|t:|1700759012\n|move|p2a: Zapdos|Volt Switch|p1a: Goodra\n|-resisted|p1a: Goodra\n|-crit|p1a: Goodra\n|-damage|p1a: Goodra|90\/100 par\n|\n|t:|1700759014\n|switch|p2a: Heatran|Heatran, F|100\/100|[from] Volt Switch\n|move|p1a: Goodra|Thunder|p2a: Heatran\n|-damage|p2a: Heatran|76\/100\n|\n|-weather|RainDance|[upkeep]\n|-heal|p2a: Heatran|83\/100|[from] item: Leftovers\n|upkeep\n|turn|4\n|\n|t:|1700759046\n|switch|p1a: Mabosstiff|Mabosstiff, F|100\/100\n|move|p2a: Heatran|Magma Storm|p1a: Mabosstiff\n|-damage|p1a: Mabosstiff|66\/100\n|-activate|p1a: Mabosstiff|move: Magma Storm|[of] p2a: Heatran\n|-enditem|p1a: Mabosstiff|Red Card|[of] p2a: Heatran\n|drag|p2a: Rillaboom|Rillaboom, F|100\/100\n|-fieldstart|move: Grassy Terrain|[from] ability: Grassy Surge|[of] p2a: Rillaboom\n|\n|-weather|RainDance|[upkeep]\n|-heal|p1a: Mabosstiff|72\/100|[from] Grassy Terrain\n|-end|p1a: Mabosstiff|Magma Storm|[partiallytrapped]|[silent]\n|upkeep\n|turn|5\n|\n|t:|1700759059\n|move|p2a: Rillaboom|Grassy Glide|p1a: Mabosstiff\n|-damage|p1a: Mabosstiff|0 fnt\n|faint|p1a: Mabosstiff\n|\n|-weather|RainDance|[upkeep]\n|upkeep\n|\n|t:|1700759066\n|switch|p1a: Walking Wake|Walking Wake|100\/100\n|turn|6\n|\n|t:|1700759074\n|switch|p2a: Zapdos|Zapdos|42\/100\n|move|p1a: Walking Wake|Hurricane|p2a: Zapdos\n|-resisted|p2a: Zapdos\n|-damage|p2a: Zapdos|14\/100\n|-start|p2a: Zapdos|confusion\n|\n|-weather|RainDance|[upkeep]\n|upkeep\n|turn|7\n|\n|t:|1700759077\n|move|p1a: Walking Wake|Hurricane|p2a: Zapdos\n|-resisted|p2a: Zapdos\n|-damage|p2a: Zapdos|0 fnt\n|faint|p2a: Zapdos\n|\n|-weather|RainDance|[upkeep]\n|upkeep\n|\n|t:|1700759080\n|switch|p2a: Walking Wake|Walking Wake|100\/100\n|turn|8\n|\n|t:|1700759086\n|-end|p1a: Walking Wake|Protosynthesis|[silent]\n|switch|p1a: Goodra|Goodra-Hisui, F|90\/100 par\n|move|p2a: Walking Wake|Draco Meteor|p1a: Goodra\n|-damage|p1a: Goodra|58\/100 par\n|-unboost|p2a: Walking Wake|spa|2\n|\n|-weather|none\n|-heal|p1a: Goodra|65\/100 par|[from] Grassy Terrain\n|-fieldend|move: Grassy Terrain\n|upkeep\n|turn|9\n|\n|t:|1700759092\n|switch|p1a: Politoed|Politoed, F|100\/100\n|-weather|RainDance|[from] ability: Drizzle|[of] p1a: Politoed\n|move|p2a: Walking Wake|Knock Off|p1a: Politoed\n|-damage|p1a: Politoed|77\/100\n|-enditem|p1a: Politoed|Damp Rock|[from] move: Knock Off|[of] p2a: Walking Wake\n|\n|-weather|RainDance|[upkeep]\n|upkeep\n|turn|10\n|\n|t:|1700759114\n|switch|p1a: Iron Hands|Iron Hands|100\/100\n|-enditem|p1a: Iron Hands|Booster Energy\n|-activate|p1a: Iron Hands|ability: Quark Drive|[fromitem]\n|-start|p1a: Iron Hands|quarkdriveatk\n|move|p2a: Walking Wake|Flip Turn|p1a: Iron Hands\n|-damage|p1a: Iron Hands|83\/100\n|\n|t:|1700759128\n|-end|p2a: Walking Wake|Protosynthesis|[silent]\n|switch|p2a: Rillaboom|Rillaboom, F|100\/100|[from] Flip Turn\n|-fieldstart|move: Grassy Terrain|[from] ability: Grassy Surge|[of] p2a: Rillaboom\n|\n|-weather|RainDance|[upkeep]\n|-heal|p1a: Iron Hands|89\/100|[from] Grassy Terrain\n|upkeep\n|turn|11\n|\n|t:|1700759136\n|move|p1a: Iron Hands|Fake Out|p2a: Rillaboom\n|-damage|p2a: Rillaboom|81\/100\n|cant|p2a: Rillaboom|flinch\n|\n|-weather|RainDance|[upkeep]\n|-heal|p2a: Rillaboom|87\/100|[from] Grassy Terrain\n|-heal|p1a: Iron Hands|96\/100|[from] Grassy Terrain\n|upkeep\n|turn|12\n|\n|t:|1700759140\n|move|p2a: Rillaboom|U-turn|p1a: Iron Hands\n|-resisted|p1a: Iron Hands\n|-damage|p1a: Iron Hands|83\/100\n|\n|t:|1700759143\n|switch|p2a: Great Tusk|Great Tusk|100\/100|[from] U-turn\n|move|p1a: Iron Hands|Drain Punch|p2a: Great Tusk\n|-damage|p2a: Great Tusk|70\/100\n|-heal|p1a: Iron Hands|97\/100|[from] drain|[of] p2a: Great Tusk\n|\n|-weather|RainDance|[upkeep]\n|-heal|p2a: Great Tusk|76\/100|[from] Grassy Terrain\n|-heal|p2a: Great Tusk|82\/100|[from] item: Leftovers\n|-heal|p1a: Iron Hands|100\/100|[from] Grassy Terrain\n|upkeep\n|turn|13\n|\n|t:|1700759159\n|-end|p1a: Iron Hands|Quark Drive|[silent]\n|switch|p1a: Tsareena|Tsareena, F|100\/100\n|move|p2a: Great Tusk|Headlong Rush|p1a: Tsareena\n|-resisted|p1a: Tsareena\n|-damage|p1a: Tsareena|67\/100\n|-unboost|p2a: Great Tusk|def|1\n|-unboost|p2a: Great Tusk|spd|1\n|\n|-weather|RainDance|[upkeep]\n|-heal|p2a: Great Tusk|89\/100|[from] Grassy Terrain\n|-heal|p2a: Great Tusk|95\/100|[from] item: Leftovers\n|-heal|p1a: Tsareena|73\/100|[from] Grassy Terrain\n|upkeep\n|turn|14\n|\n|t:|1700759169\n|-end|p2a: Great Tusk|Protosynthesis|[silent]\n|switch|p2a: Rillaboom|Rillaboom, F|87\/100\n|move|p1a: Tsareena|Rapid Spin|p2a: Rillaboom\n|-crit|p2a: Rillaboom\n|-damage|p2a: Rillaboom|62\/100\n|-boost|p1a: Tsareena|spe|1\n|\n|-weather|RainDance|[upkeep]\n|-heal|p1a: Tsareena|79\/100|[from] Grassy Terrain\n|-heal|p2a: Rillaboom|68\/100|[from] Grassy Terrain\n|-fieldend|move: Grassy Terrain\n|upkeep\n|turn|15\n|\n|t:|1700759177\n|move|p1a: Tsareena|U-turn|p2a: Rillaboom\n|-supereffective|p2a: Rillaboom\n|-damage|p2a: Rillaboom|13\/100\n|\n|t:|1700759189\n|switch|p1a: Iron Hands|Iron Hands|100\/100|[from] U-turn\n|move|p2a: Rillaboom|Knock Off|p1a: Iron Hands\n|-resisted|p1a: Iron Hands\n|-crit|p1a: Iron Hands\n|-damage|p1a: Iron Hands|84\/100\n|\n|-weather|RainDance|[upkeep]\n|upkeep\n|turn|16\n|\n|t:|1700759201\n|switch|p2a: Walking Wake|Walking Wake|100\/100\n|move|p1a: Iron Hands|Fake Out|p2a: Walking Wake\n|-damage|p2a: Walking Wake|85\/100\n|\n|-weather|none\n|upkeep\n|turn|17\n|\n|t:|1700759207\n|move|p2a: Walking Wake|Scald|p1a: Iron Hands\n|-damage|p1a: Iron Hands|42\/100\n|move|p1a: Iron Hands|Wild Charge|p2a: Walking Wake\n|-damage|p2a: Walking Wake|30\/100\n|-damage|p1a: Iron Hands|32\/100|[from] Recoil\n|\n|upkeep\n|turn|18\n|\n|t:|1700759216\n|-end|p1a: Iron Hands|Quark Drive|[silent]\n|switch|p1a: Goodra|Goodra-Hisui, F|65\/100 par\n|move|p2a: Walking Wake|Scald|p1a: Goodra\n|-resisted|p1a: Goodra\n|-damage|p1a: Goodra|56\/100 par\n|\n|upkeep\n|turn|19\n|\n|t:|1700759227\n|move|p2a: Walking Wake|Flip Turn|p1a: Goodra\n|-resisted|p1a: Goodra\n|-damage|p1a: Goodra|49\/100 par\n|\n|t:|1700759230\n|-end|p2a: Walking Wake|Protosynthesis|[silent]\n|switch|p2a: Rillaboom|Rillaboom, F|13\/100|[from] Flip Turn\n|-fieldstart|move: Grassy Terrain|[from] ability: Grassy Surge|[of] p2a: Rillaboom\n|cant|p1a: Goodra|par\n|\n|-heal|p2a: Rillaboom|19\/100|[from] Grassy Terrain\n|-heal|p1a: Goodra|55\/100 par|[from] Grassy Terrain\n|upkeep\n|turn|20\n|\n|t:|1700759242\n|move|p2a: Rillaboom|U-turn|p1a: Goodra\n|-resisted|p1a: Goodra\n|-damage|p1a: Goodra|38\/100 par\n|\n|t:|1700759247\n|switch|p2a: Heatran|Heatran, F|83\/100|[from] U-turn\n|move|p1a: Goodra|Dragon Pulse|p2a: Heatran\n|-resisted|p2a: Heatran\n|-damage|p2a: Heatran|68\/100\n|\n|-heal|p2a: Heatran|74\/100|[from] Grassy Terrain\n|-heal|p2a: Heatran|81\/100|[from] item: Leftovers\n|-heal|p1a: Goodra|44\/100 par|[from] Grassy Terrain\n|upkeep\n|turn|21\n|\n|t:|1700759256\n|switch|p1a: Politoed|Politoed, F|77\/100\n|-weather|RainDance|[from] ability: Drizzle|[of] p1a: Politoed\n|move|p2a: Heatran|Stealth Rock|p1a: Politoed\n|-sidestart|p1: Radio-G|move: Stealth Rock\n|\n|-weather|RainDance|[upkeep]\n|-heal|p1a: Politoed|83\/100|[from] Grassy Terrain\n|-heal|p2a: Heatran|87\/100|[from] Grassy Terrain\n|-heal|p2a: Heatran|93\/100|[from] item: Leftovers\n|upkeep\n|turn|22\n|\n|t:|1700759273\n|move|p1a: Politoed|Weather Ball|p2a: Heatran\n|-supereffective|p2a: Heatran\n|-damage|p2a: Heatran|14\/100\n|move|p2a: Heatran|Magma Storm|p1a: Politoed|[miss]\n|-miss|p2a: Heatran|p1a: Politoed\n|\n|-weather|RainDance|[upkeep]\n|-heal|p1a: Politoed|89\/100|[from] Grassy Terrain\n|-heal|p2a: Heatran|20\/100|[from] Grassy Terrain\n|-heal|p2a: Heatran|26\/100|[from] item: Leftovers\n|upkeep\n|turn|23\n|\n|t:|1700759276\n|move|p1a: Politoed|Weather Ball|p2a: Heatran\n|-supereffective|p2a: Heatran\n|-damage|p2a: Heatran|0 fnt\n|faint|p2a: Heatran\n|\n|-weather|RainDance|[upkeep]\n|-heal|p1a: Politoed|96\/100|[from] Grassy Terrain\n|-fieldend|move: Grassy Terrain\n|upkeep\n|\n|t:|1700759278\n|switch|p2a: Rillaboom|Rillaboom, F|19\/100\n|-fieldstart|move: Grassy Terrain|[from] ability: Grassy Surge|[of] p2a: Rillaboom\n|turn|24\n|\n|t:|1700759289\n|-terastallize|p1a: Politoed|Grass\n|move|p2a: Rillaboom|Wood Hammer|p1a: Politoed\n|-resisted|p1a: Politoed\n|-damage|p1a: Politoed|2\/100\n|-damage|p2a: Rillaboom|0 fnt|[from] Recoil\n|faint|p2a: Rillaboom\n|move|p1a: Politoed|Ice Beam|p2: Rillaboom|[notarget]\n|-fail|p1a: Politoed\n|\n|-weather|RainDance|[upkeep]\n|-heal|p1a: Politoed|8\/100|[from] Grassy Terrain\n|upkeep\n|\n|t:|1700759299\n|switch|p2a: Great Tusk|Great Tusk|95\/100\n|turn|25\n|\n|t:|1700759304\n|move|p2a: Great Tusk|Rapid Spin|p1a: Politoed\n|-damage|p1a: Politoed|0 fnt\n|-boost|p2a: Great Tusk|spe|1\n|faint|p1a: Politoed\n|\n|-weather|none\n|-heal|p2a: Great Tusk|100\/100|[from] Grassy Terrain\n|upkeep\n|\n|t:|1700759313\n|switch|p1a: Walking Wake|Walking Wake|100\/100\n|-damage|p1a: Walking Wake|88\/100|[from] Stealth Rock\n|turn|26\n|\n|t:|1700759332\n|-terastallize|p2a: Great Tusk|Poison\n|move|p2a: Great Tusk|Bulk Up|p2a: Great Tusk\n|-boost|p2a: Great Tusk|atk|1\n|-boost|p2a: Great Tusk|def|1\n|move|p1a: Walking Wake|Hydro Steam|p2a: Great Tusk\n|-damage|p2a: Great Tusk|18\/100\n|\n|-heal|p2a: Great Tusk|24\/100|[from] Grassy Terrain\n|-heal|p2a: Great Tusk|30\/100|[from] item: Leftovers\n|-heal|p1a: Walking Wake|94\/100|[from] Grassy Terrain\n|upkeep\n|turn|27\n|\n|t:|1700759336\n|move|p2a: Great Tusk|Ice Spinner|p1a: Walking Wake\n|-damage|p1a: Walking Wake|54\/100\n|-fieldend|move: Grassy Terrain\n|move|p1a: Walking Wake|Hydro Steam|p2a: Great Tusk\n|-damage|p2a: Great Tusk|0 fnt\n|faint|p2a: Great Tusk\n|-end|p2a: Great Tusk|Protosynthesis|[silent]\n|\n|upkeep\n|\n|t:|1700759338\n|switch|p2a: Walking Wake|Walking Wake|30\/100\n|turn|28\n|\n|t:|1700759347\n|-end|p1a: Walking Wake|Protosynthesis|[silent]\n|switch|p1a: Tsareena|Tsareena, F|79\/100\n|move|p2a: Walking Wake|Draco Meteor|p1a: Tsareena|[miss]\n|-miss|p2a: Walking Wake|p1a: Tsareena\n|\n|upkeep\n|turn|29\n|\n|t:|1700759353\n|move|p2a: Walking Wake|Flip Turn|p1a: Tsareena\n|-resisted|p1a: Tsareena\n|-damage|p1a: Tsareena|70\/100\n|\n|t:|1700759355\n|-end|p2a: Walking Wake|Protosynthesis|[silent]\n|switch|p2a: Garganacl|Garganacl, F|100\/100|[from] Flip Turn\n|move|p1a: Tsareena|High Jump Kick|p2a: Garganacl\n|-supereffective|p2a: Garganacl\n|-damage|p2a: Garganacl|38\/100\n|\n|-heal|p2a: Garganacl|45\/100|[from] item: Leftovers\n|upkeep\n|turn|30\n|\n|t:|1700759364\n|move|p1a: Tsareena|High Jump Kick|p2a: Garganacl\n|-supereffective|p2a: Garganacl\n|-damage|p2a: Garganacl|0 fnt\n|faint|p2a: Garganacl\n|\n|upkeep\n|\n|t:|1700759366\n|switch|p2a: Walking Wake|Walking Wake|30\/100\n|turn|31\n|\n|t:|1700759371\n|switch|p1a: Goodra|Goodra-Hisui, F|44\/100 par\n|-damage|p1a: Goodra|38\/100 par|[from] Stealth Rock\n|move|p2a: Walking Wake|Scald|p1a: Goodra\n|-resisted|p1a: Goodra\n|-damage|p1a: Goodra|29\/100 par\n|\n|upkeep\n|turn|32\n|\n|t:|1700759376\n|move|p2a: Walking Wake|Scald|p1a: Goodra\n|-resisted|p1a: Goodra\n|-crit|p1a: Goodra\n|-damage|p1a: Goodra|15\/100 par\n|move|p1a: Goodra|Dragon Pulse|p2a: Walking Wake\n|-supereffective|p2a: Walking Wake\n|-damage|p2a: Walking Wake|0 fnt\n|faint|p2a: Walking Wake\n|-end|p2a: Walking Wake|Protosynthesis|[silent]\n|\n|win|Radio-G\n|raw|Radio-G's rating: 1051 &rarr; <strong>1079<\/strong><br \/>(+28 for winning)\n|raw|BulkyBell's rating: 1000 &rarr; <strong>1000<\/strong><br \/>(+0 for losing)\n|l|\u2606BulkyBell\n|c|\u2606Radio-G|Gg\n","uploadtime":1700759402,"views":30,"p1id":"radiog","p2id":"bulkybell","formatid":"gen9ou","rating":1000,"private":0,"password":""}