{"id":"gen9ou-1999717994","p1":"yaboikk","p2":"link210","format":"[Gen 9] OU","log":"|j|\u203dyaboikk\n|j|\u2606link210\n|t:|1701110545\n|gametype|singles\n|player|p1|yaboikk|iris-gen5bw2|1084\n|player|p2|link210|morty|1040\n|teamsize|p1|6\n|teamsize|p2|6\n|gen|9\n|tier|[Gen 9] OU\n|rated|\n|rule|Sleep Clause Mod: Limit one foe put to sleep\n|rule|Species Clause: Limit one of each Pok\u00e9mon\n|rule|OHKO Clause: OHKO moves are banned\n|rule|Evasion Items Clause: Evasion items are banned\n|rule|Evasion Moves Clause: Evasion moves are banned\n|rule|Endless Battle Clause: Forcing endless battles is banned\n|rule|HP Percentage Mod: HP is shown in percentages\n|clearpoke\n|poke|p1|Charjabug, F|\n|poke|p1|Chandelure, F|\n|poke|p1|Garchomp, F|\n|poke|p1|Indeedee, M|\n|poke|p1|Altaria, F|\n|poke|p1|Iron Valiant|\n|poke|p2|Kommo-o, M|\n|poke|p2|Rotom-Wash|\n|poke|p2|Corviknight, M|\n|poke|p2|Gengar, M|\n|poke|p2|Garchomp, F|\n|poke|p2|Armarouge, F|\n|teampreview\n|\n|t:|1701110555\n|start\n|switch|p1a: Charjabug|Charjabug, F, shiny|100\/100\n|switch|p2a: Gengar|Gengar, M|100\/100\n|turn|1\n|\n|t:|1701110561\n|move|p2a: Gengar|Toxic Spikes|p1a: Charjabug\n|-sidestart|p1: yaboikk|move: Toxic Spikes\n|move|p1a: Charjabug|Sticky Web|p2a: Gengar\n|-sidestart|p2: link210|move: Sticky Web\n|\n|upkeep\n|turn|2\n|\n|t:|1701110564\n|move|p2a: Gengar|Toxic Spikes|p1a: Charjabug\n|-sidestart|p1: yaboikk|move: Toxic Spikes\n|move|p1a: Charjabug|Thunder Wave|p2a: Gengar\n|-status|p2a: Gengar|par\n|\n|upkeep\n|turn|3\n|\n|t:|1701110574\n|cant|p2a: Gengar|par\n|move|p1a: Charjabug|Wild Charge|p2a: Gengar\n|-damage|p2a: Gengar|35\/100 par\n|-damage|p1a: Charjabug|84\/100|[from] Recoil\n|\n|upkeep\n|turn|4\n|\n|t:|1701110576\n|move|p2a: Gengar|Shadow Ball|p1a: Charjabug\n|-damage|p1a: Charjabug|51\/100\n|-unboost|p1a: Charjabug|spd|1\n|move|p1a: Charjabug|Wild Charge|p2a: Gengar\n|-damage|p2a: Gengar|0 fnt\n|-start|p1a: Charjabug|Disable|Wild Charge|[from] ability: Cursed Body|[of] p2a: Gengar\n|faint|p2a: Gengar\n|-damage|p1a: Charjabug|42\/100|[from] Recoil\n|\n|upkeep\n|\n|t:|1701110590\n|switch|p2a: Corviknight|Corviknight, M|100\/100\n|-ability|p2a: Corviknight|Pressure\n|turn|5\n|\n|t:|1701110595\n|move|p2a: Corviknight|Iron Defense|p2a: Corviknight\n|-boost|p2a: Corviknight|def|2\n|move|p1a: Charjabug|Thunder Wave|p2a: Corviknight\n|-status|p2a: Corviknight|par\n|\n|upkeep\n|turn|6\n|\n|t:|1701110600\n|move|p1a: Charjabug|Pounce|p2a: Corviknight\n|-resisted|p2a: Corviknight\n|-damage|p2a: Corviknight|98\/100 par\n|-unboost|p2a: Corviknight|spe|1\n|move|p2a: Corviknight|Brave Bird|p1a: Charjabug\n|-damage|p1a: Charjabug|8\/100\n|-damage|p2a: Corviknight|91\/100 par|[from] Recoil\n|\n|upkeep\n|turn|7\n|\n|t:|1701110605\n|move|p1a: Charjabug|Pounce|p2a: Corviknight\n|-resisted|p2a: Corviknight\n|-damage|p2a: Corviknight|89\/100 par\n|-unboost|p2a: Corviknight|spe|1\n|cant|p2a: Corviknight|par\n|\n|-end|p1a: Charjabug|Disable\n|upkeep\n|turn|8\n|\n|t:|1701110610\n|move|p1a: Charjabug|Wild Charge|p2a: Corviknight\n|-supereffective|p2a: Corviknight\n|-damage|p2a: Corviknight|60\/100 par\n|-enditem|p2a: Corviknight|Weakness Policy\n|-boost|p2a: Corviknight|atk|2|[from] item: Weakness Policy\n|-boost|p2a: Corviknight|spa|2|[from] item: Weakness Policy\n|-damage|p1a: Charjabug|0 fnt|[from] Recoil\n|faint|p1a: Charjabug\n|move|p2a: Corviknight|Brave Bird|p1: Charjabug|[notarget]\n|-fail|p2a: Corviknight\n|\n|upkeep\n|\n|t:|1701110617\n|switch|p1a: Altaria|Altaria, F, shiny|100\/100\n|-ability|p1a: Altaria|Cloud Nine\n|turn|9\n|\n|t:|1701110626\n|move|p1a: Altaria|Perish Song|p1a: Altaria\n|-start|p1a: Altaria|perish3|[silent]\n|-start|p2a: Corviknight|perish3|[silent]\n|-fieldactivate|move: Perish Song\n|move|p2a: Corviknight|Brave Bird|p1a: Altaria\n|-damage|p1a: Altaria|33\/100\n|-damage|p2a: Corviknight|39\/100 par|[from] Recoil\n|\n|-heal|p1a: Altaria|39\/100|[from] item: Leftovers\n|-start|p1a: Altaria|perish3\n|-start|p2a: Corviknight|perish3\n|upkeep\n|turn|10\n|\n|t:|1701110635\n|move|p1a: Altaria|Protect|p1a: Altaria\n|-singleturn|p1a: Altaria|Protect\n|move|p2a: Corviknight|Brave Bird|p1a: Altaria\n|-activate|p1a: Altaria|move: Protect\n|\n|-heal|p1a: Altaria|45\/100|[from] item: Leftovers\n|-start|p1a: Altaria|perish2\n|-start|p2a: Corviknight|perish2\n|upkeep\n|turn|11\n|\n|t:|1701110640\n|move|p1a: Altaria|Fire Spin|p2a: Corviknight\n|-supereffective|p2a: Corviknight\n|-damage|p2a: Corviknight|30\/100 par\n|-activate|p2a: Corviknight|move: Fire Spin|[of] p1a: Altaria\n|move|p2a: Corviknight|Roost|p2a: Corviknight\n|-heal|p2a: Corviknight|80\/100 par\n|-singleturn|p2a: Corviknight|move: Roost\n|\n|-heal|p1a: Altaria|51\/100|[from] item: Leftovers\n|-damage|p2a: Corviknight|68\/100 par|[from] move: Fire Spin|[partiallytrapped]\n|-start|p1a: Altaria|perish1\n|-start|p2a: Corviknight|perish1\n|upkeep\n|turn|12\n|\n|t:|1701110650\n|switch|p1a: Indeedee|Indeedee, M|100\/100\n|-status|p1a: Indeedee|tox\n|-fieldstart|move: Psychic Terrain|[from] ability: Psychic Surge|[of] p1a: Indeedee\n|cant|p2a: Corviknight|par\n|\n|-damage|p1a: Indeedee|94\/100 tox|[from] psn\n|-end|p2a: Corviknight|Fire Spin|[partiallytrapped]|[silent]\n|-start|p2a: Corviknight|perish0\n|faint|p2a: Corviknight\n|upkeep\n|\n|t:|1701110681\n|switch|p2a: Armarouge|Armarouge, F|100\/100\n|-activate|p2a: Armarouge|move: Sticky Web\n|-unboost|p2a: Armarouge|spe|1\n|turn|13\n|\n|t:|1701110685\n|move|p1a: Indeedee|Shadow Ball|p2a: Armarouge\n|-supereffective|p2a: Armarouge\n|-damage|p2a: Armarouge|47\/100\n|move|p2a: Armarouge|Trick Room|p2a: Armarouge\n|-fieldstart|move: Trick Room|[of] p2a: Armarouge\n|\n|-heal|p1a: Indeedee|100\/100 tox|[from] item: Leftovers\n|-damage|p1a: Indeedee|88\/100 tox|[from] psn\n|upkeep\n|turn|14\n|\n|t:|1701110691\n|move|p2a: Armarouge|Armor Cannon|p1a: Indeedee\n|-damage|p1a: Indeedee|16\/100 tox\n|-unboost|p2a: Armarouge|def|1\n|-unboost|p2a: Armarouge|spd|1\n|move|p1a: Indeedee|Shadow Ball|p2a: Armarouge\n|-supereffective|p2a: Armarouge\n|-damage|p2a: Armarouge|0 fnt\n|faint|p2a: Armarouge\n|\n|-heal|p1a: Indeedee|22\/100 tox|[from] item: Leftovers\n|-damage|p1a: Indeedee|4\/100 tox|[from] psn\n|upkeep\n|\n|t:|1701110699\n|switch|p2a: Rotom|Rotom-Wash, shiny|100\/100\n|-item|p2a: Rotom|Air Balloon\n|turn|15\n|\n|t:|1701110703\n|move|p1a: Indeedee|Healing Wish|p1a: Indeedee\n|faint|p1a: Indeedee\n|move|p2a: Rotom|Volt Switch|p1: Indeedee|[notarget]\n|-fail|p2a: Rotom\n|\n|upkeep\n|\n|t:|1701110709\n|switch|p1a: Altaria|Altaria, F, shiny|51\/100\n|-heal|p1a: Altaria|100\/100|[from] move: Healing Wish\n|-ability|p1a: Altaria|Cloud Nine\n|turn|16\n|\n|t:|1701110732\n|move|p1a: Altaria|Protect|p1a: Altaria\n|-singleturn|p1a: Altaria|Protect\n|move|p2a: Rotom|Volt Switch|p1a: Altaria\n|-activate|p1a: Altaria|move: Protect\n|\n|-fieldend|move: Psychic Terrain\n|upkeep\n|turn|17\n|\n|t:|1701110738\n|move|p1a: Altaria|Will-O-Wisp|p2a: Rotom\n|-status|p2a: Rotom|brn\n|move|p2a: Rotom|Volt Switch|p1a: Altaria\n|-damage|p1a: Altaria|76\/100\n|\n|t:|1701110743\n|switch|p2a: Garchomp|Garchomp, F|100\/100|[from] Volt Switch\n|-activate|p2a: Garchomp|move: Sticky Web\n|-unboost|p2a: Garchomp|spe|1\n|\n|-heal|p1a: Altaria|83\/100|[from] item: Leftovers\n|-fieldend|move: Trick Room\n|upkeep\n|turn|18\n|\n|t:|1701110760\n|move|p2a: Garchomp|Dragon Claw|p1a: Altaria\n|-supereffective|p1a: Altaria\n|-damage|p1a: Altaria|12\/100\n|move|p1a: Altaria|Fire Spin|p2a: Garchomp|[miss]\n|-miss|p1a: Altaria|p2a: Garchomp\n|\n|-heal|p1a: Altaria|18\/100|[from] item: Leftovers\n|upkeep\n|turn|19\n|\n|t:|1701110767\n|move|p1a: Altaria|Protect|p1a: Altaria\n|-singleturn|p1a: Altaria|Protect\n|move|p2a: Garchomp|Dragon Claw|p1a: Altaria\n|-activate|p1a: Altaria|move: Protect\n|\n|-heal|p1a: Altaria|24\/100|[from] item: Leftovers\n|upkeep\n|turn|20\n|\n|t:|1701110771\n|switch|p1a: Iron Valiant|Iron Valiant|100\/100\n|-status|p1a: Iron Valiant|tox\n|-enditem|p1a: Iron Valiant|Booster Energy\n|-activate|p1a: Iron Valiant|ability: Quark Drive|[fromitem]\n|-start|p1a: Iron Valiant|quarkdrivespe\n|move|p2a: Garchomp|Dragon Claw|p1a: Iron Valiant\n|-immune|p1a: Iron Valiant\n|\n|-damage|p1a: Iron Valiant|94\/100 tox|[from] psn\n|upkeep\n|turn|21\n|\n|t:|1701110782\n|move|p1a: Iron Valiant|Spirit Break|p2a: Garchomp\n|-supereffective|p2a: Garchomp\n|-crit|p2a: Garchomp\n|-enditem|p2a: Garchomp|Focus Sash\n|-damage|p2a: Garchomp|1\/100\n|-unboost|p2a: Garchomp|spa|1\n|-damage|p1a: Iron Valiant|82\/100 tox|[from] ability: Rough Skin|[of] p2a: Garchomp\n|move|p2a: Garchomp|Earthquake|p1a: Iron Valiant\n|-damage|p1a: Iron Valiant|20\/100 tox\n|\n|-damage|p1a: Iron Valiant|7\/100 tox|[from] psn\n|upkeep\n|turn|22\n|\n|t:|1701110794\n|move|p1a: Iron Valiant|Spirit Break|p2a: Garchomp\n|-supereffective|p2a: Garchomp\n|-damage|p2a: Garchomp|0 fnt\n|-damage|p1a: Iron Valiant|0 fnt|[from] ability: Rough Skin|[of] p2a: Garchomp\n|faint|p2a: Garchomp\n|faint|p1a: Iron Valiant\n|-end|p1a: Iron Valiant|Quark Drive|[silent]\n|\n|upkeep\n|\n|t:|1701110854\n|switch|p1a: Garchomp|Garchomp, F|100\/100\n|switch|p2a: Pedri|Kommo-o, M|100\/100\n|-status|p1a: Garchomp|tox\n|-activate|p2a: Pedri|move: Sticky Web\n|-unboost|p2a: Pedri|spe|1\n|-enditem|p2a: Pedri|White Herb\n|-clearnegativeboost|p2a: Pedri|[silent]\n|turn|23\n|\n|t:|1701110864\n|-terastallize|p2a: Pedri|Ghost\n|move|p1a: Garchomp|Swords Dance|p1a: Garchomp\n|-boost|p1a: Garchomp|atk|2\n|move|p2a: Pedri|Dragon Dance|p2a: Pedri\n|-boost|p2a: Pedri|atk|1\n|-boost|p2a: Pedri|spe|1\n|\n|-damage|p1a: Garchomp|94\/100 tox|[from] psn\n|upkeep\n|turn|24\n|\n|t:|1701110871\n|move|p2a: Pedri|Ice Punch|p1a: Garchomp\n|-supereffective|p1a: Garchomp\n|-damage|p1a: Garchomp|0 fnt\n|-damage|p2a: Pedri|88\/100|[from] ability: Rough Skin|[of] p1a: Garchomp\n|faint|p1a: Garchomp\n|\n|upkeep\n|\n|t:|1701110879\n|switch|p1a: Altaria|Altaria, F, shiny|24\/100\n|-ability|p1a: Altaria|Cloud Nine\n|turn|25\n|\n|t:|1701110888\n|move|p1a: Altaria|Protect|p1a: Altaria\n|-singleturn|p1a: Altaria|Protect\n|move|p2a: Pedri|Ice Punch|p1a: Altaria\n|-activate|p1a: Altaria|move: Protect\n|\n|-heal|p1a: Altaria|30\/100|[from] item: Leftovers\n|upkeep\n|turn|26\n|\n|t:|1701110892\n|-terastallize|p1a: Altaria|Steel\n|move|p2a: Pedri|Ice Punch|p1a: Altaria\n|-resisted|p1a: Altaria\n|-damage|p1a: Altaria|13\/100\n|move|p1a: Altaria|Will-O-Wisp|p2a: Pedri\n|-status|p2a: Pedri|brn\n|\n|-heal|p1a: Altaria|19\/100|[from] item: Leftovers\n|-damage|p2a: Pedri|82\/100 brn|[from] brn\n|upkeep\n|turn|27\n|\n|t:|1701110899\n|move|p2a: Pedri|Close Combat|p1a: Altaria\n|-supereffective|p1a: Altaria\n|-damage|p1a: Altaria|0 fnt\n|-unboost|p2a: Pedri|def|1\n|-unboost|p2a: Pedri|spd|1\n|faint|p1a: Altaria\n|\n|-damage|p2a: Pedri|76\/100 brn|[from] brn\n|upkeep\n|\n|t:|1701110901\n|switch|p1a: Chandelure|Chandelure, F, shiny|100\/100\n|-status|p1a: Chandelure|tox\n|turn|28\n|\n|t:|1701110906\n|move|p2a: Pedri|Dragon Claw|p1a: Chandelure\n|-damage|p1a: Chandelure|54\/100 tox\n|move|p1a: Chandelure|Hex|p2a: Pedri\n|-supereffective|p2a: Pedri\n|-damage|p2a: Pedri|0 fnt\n|faint|p2a: Pedri\n|\n|-damage|p1a: Chandelure|47\/100 tox|[from] psn\n|upkeep\n|\n|t:|1701110910\n|switch|p2a: Rotom|Rotom-Wash, shiny|100\/100 brn\n|-item|p2a: Rotom|Air Balloon\n|turn|29\n|\n|t:|1701110914\n|move|p2a: Rotom|Hydro Pump|p1a: Chandelure\n|-supereffective|p1a: Chandelure\n|-damage|p1a: Chandelure|0 fnt\n|faint|p1a: Chandelure\n|\n|win|link210\n|raw|yaboikk's rating: 1084 &rarr; <strong>1059<\/strong><br \/>(-25 for losing)\n|raw|link210's rating: 1040 &rarr; <strong>1078<\/strong><br \/>(+38 for winning)\n|l|\u203dyaboikk\n|j|\u203dyaboikk\n|player|p1|yaboikk|iris-gen5bw2\n|c|\u2606link210|Gg\n","uploadtime":1701110941,"views":6,"p1id":"yaboikk","p2id":"link210","formatid":"gen9ou","rating":1059,"private":0,"password":""}