{"id":"gen9ou-1995238346","p1":"soccersniper","p2":"vdoubleu","format":"[Gen 9] OU","log":"|j|\u2606soccersniper\n|j|\u2606vdoubleu\n|t:|1700538502\n|gametype|singles\n|player|p1|soccersniper|2|1481\n|player|p2|vdoubleu|101|1621\n|teamsize|p1|6\n|teamsize|p2|6\n|gen|9\n|tier|[Gen 9] OU\n|rated|\n|rule|Sleep Clause Mod: Limit one foe put to sleep\n|rule|Species Clause: Limit one of each Pok\u00e9mon\n|rule|OHKO Clause: OHKO moves are banned\n|rule|Evasion Items Clause: Evasion items are banned\n|rule|Evasion Moves Clause: Evasion moves are banned\n|rule|Endless Battle Clause: Forcing endless battles is banned\n|rule|HP Percentage Mod: HP is shown in percentages\n|clearpoke\n|poke|p1|Zapdos|\n|poke|p1|Scizor, M|\n|poke|p1|Dragapult, F|\n|poke|p1|Empoleon, M|\n|poke|p1|Skeledirge, F|\n|poke|p1|Great Tusk|\n|poke|p2|Dondozo, M|\n|poke|p2|Blissey, F|\n|poke|p2|Toxapex, F|\n|poke|p2|Tornadus-Therian, M|\n|poke|p2|Corviknight, F|\n|poke|p2|Garganacl, M|\n|teampreview\n|inactive|Battle timer is ON: inactive players will automatically lose when time's up. (requested by vdoubleu)\n|inactive|soccersniper has 120 seconds left.\n|inactive|soccersniper has 90 seconds left.\n|\n|t:|1700538587\n|start\n|switch|p1a: Great Tusk|Great Tusk|100\/100\n|switch|p2a: Tornadus|Tornadus-Therian, M|100\/100\n|-enditem|p1a: Great Tusk|Booster Energy\n|-activate|p1a: Great Tusk|ability: Protosynthesis|[fromitem]\n|-start|p1a: Great Tusk|protosynthesisspe\n|turn|1\n|\n|t:|1700538597\n|-end|p1a: Great Tusk|Protosynthesis|[silent]\n|switch|p1a: Empoleon|Empoleon, M|100\/100\n|switch|p2a: Corviknight|Corviknight, F|100\/100\n|-ability|p2a: Corviknight|Pressure\n|\n|upkeep\n|turn|2\n|\n|t:|1700538601\n|move|p2a: Corviknight|U-turn|p1a: Empoleon\n|-resisted|p1a: Empoleon\n|-damage|p1a: Empoleon|93\/100\n|\n|t:|1700538604\n|switch|p2a: Toxapex|Toxapex, F|100\/100|[from] U-turn\n|move|p1a: Empoleon|Stealth Rock|p2a: Toxapex\n|-sidestart|p2: vdoubleu|move: Stealth Rock\n|\n|-heal|p1a: Empoleon|99\/100|[from] item: Leftovers\n|upkeep\n|turn|3\n|\n|t:|1700538623\n|move|p1a: Empoleon|Surf|p2a: Toxapex\n|-resisted|p2a: Toxapex\n|-damage|p2a: Toxapex|91\/100\n|move|p2a: Toxapex|Infestation|p1a: Empoleon\n|-resisted|p1a: Empoleon\n|-damage|p1a: Empoleon|98\/100\n|-activate|p1a: Empoleon|move: Infestation|[of] p2a: Toxapex\n|\n|-heal|p1a: Empoleon|100\/100|[from] item: Leftovers\n|-damage|p1a: Empoleon|88\/100|[from] move: Infestation|[partiallytrapped]\n|upkeep\n|turn|4\n|\n|t:|1700538636\n|move|p1a: Empoleon|Flip Turn|p2a: Toxapex\n|-resisted|p2a: Toxapex\n|-damage|p2a: Toxapex|83\/100\n|\n|t:|1700538638\n|switch|p1a: Scizor|Scizor, M|100\/100|[from] Flip Turn\n|move|p2a: Toxapex|Infestation|p1a: Scizor\n|-resisted|p1a: Scizor\n|-damage|p1a: Scizor|99\/100\n|-activate|p1a: Scizor|move: Infestation|[of] p2a: Toxapex\n|\n|-damage|p1a: Scizor|86\/100|[from] move: Infestation|[partiallytrapped]\n|upkeep\n|turn|5\n|\n|t:|1700538647\n|switch|p2a: Corviknight|Corviknight, F|100\/100\n|-ability|p2a: Corviknight|Pressure\n|move|p1a: Scizor|Knock Off|p2a: Corviknight\n|-damage|p2a: Corviknight|69\/100\n|-enditem|p2a: Corviknight|Heavy-Duty Boots|[from] move: Knock Off|[of] p1a: Scizor\n|\n|-end|p1a: Scizor|Infestation|[partiallytrapped]|[silent]\n|upkeep\n|turn|6\n|\n|t:|1700538657\n|switch|p1a: Zapdos|Zapdos|100\/100\n|move|p2a: Corviknight|Roost|p2a: Corviknight\n|-heal|p2a: Corviknight|100\/100\n|-singleturn|p2a: Corviknight|move: Roost\n|\n|upkeep\n|turn|7\n|\n|t:|1700538661\n|switch|p2a: Blissey|Blissey, F|100\/100\n|move|p1a: Zapdos|Volt Switch|p2a: Blissey\n|-damage|p2a: Blissey|92\/100\n|\n|t:|1700538667\n|switch|p1a: Scizor|Scizor, M|86\/100|[from] Volt Switch\n|\n|upkeep\n|turn|8\n|\n|t:|1700538671\n|switch|p2a: Corviknight|Corviknight, F|100\/100\n|-damage|p2a: Corviknight|88\/100|[from] Stealth Rock\n|-ability|p2a: Corviknight|Pressure\n|move|p1a: Scizor|U-turn|p2a: Corviknight\n|-resisted|p2a: Corviknight\n|-damage|p2a: Corviknight|79\/100\n|\n|t:|1700538681\n|switch|p1a: Zapdos|Zapdos|100\/100|[from] U-turn\n|\n|upkeep\n|turn|9\n|\n|t:|1700538687\n|switch|p2a: Blissey|Blissey, F|92\/100\n|move|p1a: Zapdos|Volt Switch|p2a: Blissey\n|-damage|p2a: Blissey|84\/100\n|\n|t:|1700538689\n|switch|p1a: Scizor|Scizor, M|86\/100|[from] Volt Switch\n|\n|upkeep\n|turn|10\n|\n|t:|1700538692\n|move|p2a: Blissey|Protect|p2a: Blissey\n|-singleturn|p2a: Blissey|Protect\n|move|p1a: Scizor|U-turn|p2a: Blissey\n|-activate|p2a: Blissey|move: Protect\n|\n|upkeep\n|turn|11\n|\n|t:|1700538695\n|switch|p2a: Toxapex|Toxapex, F|100\/100\n|move|p1a: Scizor|U-turn|p2a: Toxapex\n|-resisted|p2a: Toxapex\n|-damage|p2a: Toxapex|76\/100\n|\n|t:|1700538700\n|switch|p1a: Zapdos|Zapdos|100\/100|[from] U-turn\n|\n|upkeep\n|turn|12\n|\n|t:|1700538704\n|move|p1a: Zapdos|Volt Switch|p2a: Toxapex\n|-supereffective|p2a: Toxapex\n|-crit|p2a: Toxapex\n|-damage|p2a: Toxapex|25\/100\n|\n|t:|1700538707\n|switch|p1a: Scizor|Scizor, M|86\/100|[from] Volt Switch\n|move|p2a: Toxapex|Toxic|p1a: Scizor\n|-immune|p1a: Scizor\n|\n|upkeep\n|turn|13\n|\n|t:|1700538712\n|switch|p2a: Corviknight|Corviknight, F|79\/100\n|-damage|p2a: Corviknight|66\/100|[from] Stealth Rock\n|-ability|p2a: Corviknight|Pressure\n|move|p1a: Scizor|U-turn|p2a: Corviknight\n|-resisted|p2a: Corviknight\n|-damage|p2a: Corviknight|57\/100\n|\n|t:|1700538714\n|switch|p1a: Zapdos|Zapdos|100\/100|[from] U-turn\n|\n|upkeep\n|turn|14\n|\n|t:|1700538718\n|switch|p2a: Blissey|Blissey, F|84\/100\n|move|p1a: Zapdos|Volt Switch|p2a: Blissey\n|-damage|p2a: Blissey|76\/100\n|\n|t:|1700538720\n|switch|p1a: Scizor|Scizor, M|86\/100|[from] Volt Switch\n|\n|upkeep\n|turn|15\n|\n|t:|1700538730\n|switch|p2a: Toxapex|Toxapex, F|58\/100\n|move|p1a: Scizor|U-turn|p2a: Toxapex\n|-resisted|p2a: Toxapex\n|-damage|p2a: Toxapex|35\/100\n|\n|t:|1700538732\n|switch|p1a: Zapdos|Zapdos|100\/100|[from] U-turn\n|\n|upkeep\n|turn|16\n|\n|t:|1700538735\n|switch|p2a: Blissey|Blissey, F|76\/100\n|move|p1a: Zapdos|Volt Switch|p2a: Blissey\n|-damage|p2a: Blissey|68\/100\n|\n|t:|1700538740\n|switch|p1a: Scizor|Scizor, M|86\/100|[from] Volt Switch\n|\n|upkeep\n|turn|17\n|\n|t:|1700538744\n|switch|p2a: Toxapex|Toxapex, F|69\/100\n|move|p1a: Scizor|U-turn|p2a: Toxapex\n|-resisted|p2a: Toxapex\n|-damage|p2a: Toxapex|46\/100\n|\n|t:|1700538746\n|switch|p1a: Zapdos|Zapdos|100\/100|[from] U-turn\n|\n|upkeep\n|turn|18\n|\n|t:|1700538755\n|switch|p2a: Blissey|Blissey, F|68\/100\n|move|p1a: Zapdos|Volt Switch|p2a: Blissey\n|-damage|p2a: Blissey|61\/100\n|\n|t:|1700538760\n|switch|p1a: Scizor|Scizor, M|86\/100|[from] Volt Switch\n|\n|upkeep\n|turn|19\n|\n|t:|1700538767\n|switch|p2a: Garganacl|Garganacl, M|100\/100\n|move|p1a: Scizor|U-turn|p2a: Garganacl\n|-damage|p2a: Garganacl|62\/100\n|\n|t:|1700538775\n|switch|p1a: Dragapult|Dragapult, F|100\/100|[from] U-turn\n|\n|upkeep\n|turn|20\n|\n|t:|1700538779\n|move|p1a: Dragapult|Draco Meteor|p2a: Garganacl\n|-damage|p2a: Garganacl|7\/100\n|-unboost|p1a: Dragapult|spa|2\n|move|p2a: Garganacl|Salt Cure|p1a: Dragapult\n|-damage|p1a: Dragapult|83\/100\n|-start|p1a: Dragapult|Salt Cure\n|\n|-damage|p1a: Dragapult|70\/100|[from] Salt Cure\n|upkeep\n|turn|21\n|\n|t:|1700538790\n|switch|p1a: Zapdos|Zapdos|100\/100\n|move|p2a: Garganacl|Recover|p2a: Garganacl\n|-heal|p2a: Garganacl|57\/100\n|\n|upkeep\n|turn|22\n|\n|t:|1700538792\n|move|p1a: Zapdos|Volt Switch|p2a: Garganacl\n|-damage|p2a: Garganacl|38\/100\n|\n|t:|1700538795\n|switch|p1a: Great Tusk|Great Tusk|100\/100|[from] Volt Switch\n|move|p2a: Garganacl|Recover|p2a: Garganacl\n|-heal|p2a: Garganacl|89\/100\n|\n|upkeep\n|turn|23\n|\n|t:|1700538801\n|switch|p2a: Dondozo|Dondozo, M|100\/100\n|move|p1a: Great Tusk|Ice Spinner|p2a: Dondozo\n|-resisted|p2a: Dondozo\n|-damage|p2a: Dondozo|96\/100\n|\n|upkeep\n|turn|24\n|\n|t:|1700538805\n|-end|p1a: Great Tusk|Protosynthesis|[silent]\n|switch|p1a: Zapdos|Zapdos|100\/100\n|move|p2a: Dondozo|Liquidation|p1a: Zapdos\n|-damage|p1a: Zapdos|72\/100\n|\n|upkeep\n|turn|25\n|\n|t:|1700538810\n|-terastallize|p2a: Dondozo|Dragon\n|move|p1a: Zapdos|Volt Switch|p2a: Dondozo\n|-resisted|p2a: Dondozo\n|-damage|p2a: Dondozo|81\/100\n|inactive|soccersniper has 120 seconds left.\n|\n|t:|1700538840\n|switch|p1a: Dragapult|Dragapult, F|70\/100|[from] Volt Switch\n|move|p2a: Dondozo|Liquidation|p1a: Dragapult\n|-resisted|p1a: Dragapult\n|-damage|p1a: Dragapult|49\/100\n|\n|upkeep\n|turn|26\n|\n|t:|1700538847\n|switch|p2a: Toxapex|Toxapex, F|79\/100\n|move|p1a: Dragapult|Draco Meteor|p2a: Toxapex|[miss]\n|-miss|p1a: Dragapult|p2a: Toxapex\n|\n|upkeep\n|turn|27\n|\n|t:|1700538853\n|switch|p1a: Zapdos|Zapdos|72\/100\n|move|p2a: Toxapex|Toxic|p1a: Zapdos\n|-status|p1a: Zapdos|tox\n|\n|-damage|p1a: Zapdos|66\/100 tox|[from] psn\n|upkeep\n|turn|28\n|\n|t:|1700538859\n|move|p1a: Zapdos|Volt Switch|p2a: Toxapex\n|-supereffective|p2a: Toxapex\n|-damage|p2a: Toxapex|39\/100\n|\n|t:|1700538861\n|switch|p1a: Skeledirge|Skeledirge, F|100\/100|[from] Volt Switch\n|move|p2a: Toxapex|Recover|p2a: Toxapex\n|-heal|p2a: Toxapex|89\/100\n|\n|upkeep\n|turn|29\n|\n|t:|1700538865\n|switch|p1a: Scizor|Scizor, M|86\/100\n|move|p2a: Toxapex|Toxic|p1a: Scizor\n|-immune|p1a: Scizor\n|\n|upkeep\n|turn|30\n|\n|t:|1700538870\n|move|p1a: Scizor|U-turn|p2a: Toxapex\n|-resisted|p2a: Toxapex\n|-damage|p2a: Toxapex|64\/100\n|\n|t:|1700538873\n|switch|p1a: Zapdos|Zapdos|66\/100 tox|[from] U-turn\n|move|p2a: Toxapex|Toxic|p1a: Zapdos\n|-fail|p1a: Zapdos|tox\n|\n|-damage|p1a: Zapdos|60\/100 tox|[from] psn\n|upkeep\n|turn|31\n|\n|t:|1700538879\n|move|p1a: Zapdos|Roost|p1a: Zapdos\n|-heal|p1a: Zapdos|100\/100 tox\n|-singleturn|p1a: Zapdos|move: Roost\n|move|p2a: Toxapex|Recover|p2a: Toxapex\n|-heal|p2a: Toxapex|100\/100\n|\n|-damage|p1a: Zapdos|88\/100 tox|[from] psn\n|upkeep\n|turn|32\n|\n|t:|1700538883\n|move|p1a: Zapdos|Volt Switch|p2a: Toxapex\n|-supereffective|p2a: Toxapex\n|-damage|p2a: Toxapex|66\/100\n|\n|t:|1700538887\n|switch|p1a: Scizor|Scizor, M|86\/100|[from] Volt Switch\n|move|p2a: Toxapex|Toxic|p1a: Scizor\n|-immune|p1a: Scizor\n|\n|upkeep\n|turn|33\n|\n|t:|1700538890\n|move|p1a: Scizor|Knock Off|p2a: Toxapex\n|-crit|p2a: Toxapex\n|-damage|p2a: Toxapex|0 fnt\n|-enditem|p2a: Toxapex|Heavy-Duty Boots|[from] move: Knock Off|[of] p1a: Scizor\n|faint|p2a: Toxapex\n|\n|upkeep\n|\n|t:|1700538900\n|switch|p2a: Dondozo|Dondozo, M, tera:Dragon|81\/100\n|turn|34\n|\n|t:|1700538920\n|move|p1a: Scizor|Knock Off|p2a: Dondozo\n|-damage|p2a: Dondozo|55\/100\n|-enditem|p2a: Dondozo|Heavy-Duty Boots|[from] move: Knock Off|[of] p1a: Scizor\n|move|p2a: Dondozo|Liquidation|p1a: Scizor\n|-damage|p1a: Scizor|54\/100\n|\n|upkeep\n|turn|35\n|\n|t:|1700538926\n|switch|p1a: Zapdos|Zapdos|88\/100 tox\n|move|p2a: Dondozo|Rest|p2a: Dondozo\n|-status|p2a: Dondozo|slp|[from] move: Rest\n|-heal|p2a: Dondozo|100\/100 slp|[silent]\n|\n|-damage|p1a: Zapdos|82\/100 tox|[from] psn\n|upkeep\n|turn|36\n|\n|t:|1700538930\n|move|p1a: Zapdos|Volt Switch|p2a: Dondozo\n|-resisted|p2a: Dondozo\n|-damage|p2a: Dondozo|87\/100 slp\n|\n|t:|1700538934\n|switch|p1a: Empoleon|Empoleon, M|88\/100|[from] Volt Switch\n|cant|p2a: Dondozo|slp\n|move|p2a: Dondozo|Sleep Talk|p2a: Dondozo\n|move|p2a: Dondozo|Body Press|p1a: Empoleon|[from]move: Sleep Talk\n|-supereffective|p1a: Empoleon\n|-damage|p1a: Empoleon|31\/100\n|\n|-heal|p1a: Empoleon|37\/100|[from] item: Leftovers\n|upkeep\n|turn|37\n|\n|t:|1700538946\n|switch|p1a: Zapdos|Zapdos|82\/100 tox\n|cant|p2a: Dondozo|slp\n|move|p2a: Dondozo|Sleep Talk|p2a: Dondozo\n|move|p2a: Dondozo|Liquidation|p1a: Zapdos|[from]move: Sleep Talk\n|-damage|p1a: Zapdos|54\/100 tox\n|-unboost|p1a: Zapdos|def|1\n|\n|-damage|p1a: Zapdos|48\/100 tox|[from] psn\n|upkeep\n|turn|38\n|\n|t:|1700538955\n|move|p1a: Zapdos|Roost|p1a: Zapdos\n|-heal|p1a: Zapdos|98\/100 tox\n|-singleturn|p1a: Zapdos|move: Roost\n|-curestatus|p2a: Dondozo|slp|[msg]\n|move|p2a: Dondozo|Liquidation|p1a: Zapdos\n|-damage|p1a: Zapdos|71\/100 tox\n|\n|-damage|p1a: Zapdos|59\/100 tox|[from] psn\n|upkeep\n|turn|39\n|\n|t:|1700538959\n|switch|p2a: Blissey|Blissey, F|61\/100\n|move|p1a: Zapdos|Volt Switch|p2a: Blissey\n|-damage|p2a: Blissey|53\/100\n|\n|t:|1700538962\n|switch|p1a: Empoleon|Empoleon, M|37\/100|[from] Volt Switch\n|\n|-heal|p1a: Empoleon|44\/100|[from] item: Leftovers\n|upkeep\n|turn|40\n|\n|t:|1700538965\n|move|p2a: Blissey|Protect|p2a: Blissey\n|-singleturn|p2a: Blissey|Protect\n|move|p1a: Empoleon|Roost|p1a: Empoleon\n|-heal|p1a: Empoleon|94\/100\n|-singleturn|p1a: Empoleon|move: Roost\n|\n|-heal|p1a: Empoleon|99\/100|[from] item: Leftovers\n|upkeep\n|turn|41\n|\n|t:|1700538970\n|move|p2a: Blissey|Soft-Boiled|p2a: Blissey\n|-heal|p2a: Blissey|100\/100\n|move|p1a: Empoleon|Flip Turn|p2a: Blissey\n|-damage|p2a: Blissey|66\/100\n|\n|t:|1700538975\n|switch|p1a: Scizor|Scizor, M|54\/100|[from] Flip Turn\n|\n|upkeep\n|turn|42\n|\n|t:|1700538982\n|move|p2a: Blissey|Protect|p2a: Blissey\n|-singleturn|p2a: Blissey|Protect\n|move|p1a: Scizor|U-turn|p2a: Blissey\n|-activate|p2a: Blissey|move: Protect\n|\n|upkeep\n|turn|43\n|\n|t:|1700538986\n|switch|p2a: Tornadus|Tornadus-Therian, M|100\/100\n|move|p1a: Scizor|U-turn|p2a: Tornadus\n|-resisted|p2a: Tornadus\n|-damage|p2a: Tornadus|58\/100\n|\n|t:|1700538992\n|switch|p1a: Dragapult|Dragapult, F|49\/100|[from] U-turn\n|\n|upkeep\n|turn|44\n|\n|t:|1700539007\n|switch|p2a: Blissey|Blissey, F|66\/100\n|move|p1a: Dragapult|Draco Meteor|p2a: Blissey\n|-damage|p2a: Blissey|43\/100\n|-unboost|p1a: Dragapult|spa|2\n|\n|upkeep\n|turn|45\n|\n|t:|1700539012\n|switch|p1a: Scizor|Scizor, M|54\/100\n|move|p2a: Blissey|Soft-Boiled|p2a: Blissey\n|-heal|p2a: Blissey|93\/100\n|\n|upkeep\n|turn|46\n|\n|t:|1700539014\n|move|p2a: Blissey|Protect|p2a: Blissey\n|-singleturn|p2a: Blissey|Protect\n|move|p1a: Scizor|U-turn|p2a: Blissey\n|-activate|p2a: Blissey|move: Protect\n|\n|upkeep\n|turn|47\n|\n|t:|1700539018\n|switch|p2a: Corviknight|Corviknight, F|57\/100\n|-damage|p2a: Corviknight|44\/100|[from] Stealth Rock\n|-ability|p2a: Corviknight|Pressure\n|move|p1a: Scizor|U-turn|p2a: Corviknight\n|-resisted|p2a: Corviknight\n|-damage|p2a: Corviknight|35\/100\n|\n|t:|1700539021\n|switch|p1a: Zapdos|Zapdos|59\/100 tox|[from] U-turn\n|\n|-damage|p1a: Zapdos|53\/100 tox|[from] psn\n|upkeep\n|turn|48\n|\n|t:|1700539027\n|switch|p2a: Blissey|Blissey, F|93\/100\n|move|p1a: Zapdos|Volt Switch|p2a: Blissey\n|-damage|p2a: Blissey|85\/100\n|\n|t:|1700539036\n|switch|p1a: Scizor|Scizor, M|54\/100|[from] Volt Switch\n|\n|upkeep\n|turn|49\n|\n|t:|1700539044\n|switch|p2a: Garganacl|Garganacl, M|89\/100\n|move|p1a: Scizor|Knock Off|p2a: Garganacl\n|-damage|p2a: Garganacl|51\/100\n|-enditem|p2a: Garganacl|Heavy-Duty Boots|[from] move: Knock Off|[of] p1a: Scizor\n|\n|upkeep\n|turn|50\n|\n|t:|1700539052\n|switch|p1a: Great Tusk|Great Tusk|100\/100\n|move|p2a: Garganacl|Recover|p2a: Garganacl\n|-heal|p2a: Garganacl|100\/100\n|\n|upkeep\n|turn|51\n|\n|t:|1700539061\n|switch|p2a: Dondozo|Dondozo, M, tera:Dragon|87\/100\n|-damage|p2a: Dondozo|75\/100|[from] Stealth Rock\n|move|p1a: Great Tusk|Headlong Rush|p2a: Dondozo\n|-damage|p2a: Dondozo|50\/100\n|-unboost|p1a: Great Tusk|def|1\n|-unboost|p1a: Great Tusk|spd|1\n|\n|upkeep\n|turn|52\n|\n|t:|1700539069\n|-end|p1a: Great Tusk|Protosynthesis|[silent]\n|switch|p1a: Dragapult|Dragapult, F|49\/100\n|move|p2a: Dondozo|Rest|p2a: Dondozo\n|-status|p2a: Dondozo|slp|[from] move: Rest\n|-heal|p2a: Dondozo|100\/100 slp|[silent]\n|\n|upkeep\n|turn|53\n|\n|t:|1700539073\n|switch|p2a: Blissey|Blissey, F|85\/100\n|move|p1a: Dragapult|Draco Meteor|p2a: Blissey\n|-damage|p2a: Blissey|59\/100\n|-unboost|p1a: Dragapult|spa|2\n|\n|upkeep\n|turn|54\n|\n|t:|1700539083\n|switch|p1a: Great Tusk|Great Tusk|100\/100\n|move|p2a: Blissey|Seismic Toss|p1a: Great Tusk\n|-damage|p1a: Great Tusk|77\/100\n|\n|upkeep\n|turn|55\n|\n|t:|1700539088\n|-end|p1a: Great Tusk|Protosynthesis|[silent]\n|switch|p1a: Zapdos|Zapdos|53\/100 tox\n|switch|p2a: Dondozo|Dondozo, M, tera:Dragon|100\/100 slp\n|-damage|p2a: Dondozo|88\/100 slp|[from] Stealth Rock\n|\n|-damage|p1a: Zapdos|46\/100 tox|[from] psn\n|upkeep\n|turn|56\n|\n|t:|1700539093\n|move|p1a: Zapdos|Roost|p1a: Zapdos\n|-heal|p1a: Zapdos|96\/100 tox\n|-singleturn|p1a: Zapdos|move: Roost\n|cant|p2a: Dondozo|slp\n|move|p2a: Dondozo|Sleep Talk|p2a: Dondozo\n|move|p2a: Dondozo|Body Press|p1a: Zapdos|[from]move: Sleep Talk\n|-damage|p1a: Zapdos|73\/100 tox\n|\n|-damage|p1a: Zapdos|60\/100 tox|[from] psn\n|upkeep\n|turn|57\n|\n|t:|1700539095\n|move|p1a: Zapdos|Volt Switch|p2a: Dondozo\n|-resisted|p2a: Dondozo\n|-damage|p2a: Dondozo|74\/100 slp\n|\n|t:|1700539100\n|switch|p1a: Dragapult|Dragapult, F|49\/100|[from] Volt Switch\n|cant|p2a: Dondozo|slp\n|move|p2a: Dondozo|Sleep Talk|p2a: Dondozo\n|move|p2a: Dondozo|Rest||[from]move: Sleep Talk|[still]\n|-fail|p2a: Dondozo\n|\n|upkeep\n|turn|58\n|\n|t:|1700539107\n|switch|p2a: Blissey|Blissey, F|59\/100\n|move|p1a: Dragapult|U-turn|p2a: Blissey\n|-damage|p2a: Blissey|28\/100\n|\n|t:|1700539111\n|switch|p1a: Scizor|Scizor, M|54\/100|[from] U-turn\n|\n|upkeep\n|turn|59\n|\n|t:|1700539117\n|switch|p2a: Garganacl|Garganacl, M|100\/100\n|-damage|p2a: Garganacl|88\/100|[from] Stealth Rock\n|move|p1a: Scizor|U-turn|p2a: Garganacl\n|-damage|p2a: Garganacl|51\/100\n|\n|t:|1700539124\n|switch|p1a: Great Tusk|Great Tusk|77\/100|[from] U-turn\n|\n|upkeep\n|turn|60\n|\n|t:|1700539128\n|switch|p2a: Dondozo|Dondozo, M, tera:Dragon|74\/100 slp\n|-damage|p2a: Dondozo|61\/100 slp|[from] Stealth Rock\n|move|p1a: Great Tusk|Ice Spinner|p2a: Dondozo\n|-supereffective|p2a: Dondozo\n|-crit|p2a: Dondozo\n|-damage|p2a: Dondozo|29\/100 slp\n|\n|upkeep\n|turn|61\n|\n|t:|1700539146\n|-end|p1a: Great Tusk|Protosynthesis|[silent]\n|switch|p1a: Dragapult|Dragapult, F|49\/100\n|-curestatus|p2a: Dondozo|slp|[msg]\n|move|p2a: Dondozo|Rest|p2a: Dondozo\n|-status|p2a: Dondozo|slp|[from] move: Rest\n|-heal|p2a: Dondozo|100\/100 slp|[silent]\n|\n|upkeep\n|turn|62\n|\n|t:|1700539156\n|move|p1a: Dragapult|Draco Meteor|p2a: Dondozo\n|-supereffective|p2a: Dondozo\n|-damage|p2a: Dondozo|0 fnt\n|-unboost|p1a: Dragapult|spa|2\n|faint|p2a: Dondozo\n|\n|upkeep\n|-message|vdoubleu forfeited.\n|\n|win|soccersniper\n|raw|soccersniper's rating: 1481 &rarr; <strong>1509<\/strong><br \/>(+28 for winning)\n|raw|vdoubleu's rating: 1621 &rarr; <strong>1593<\/strong><br \/>(-28 for losing)\n|l|\u2606vdoubleu\n|l|\u2606soccersniper\n|j|\u2606soccersniper\n|player|p1|soccersniper|2\n","uploadtime":1700539168,"views":16,"p1id":"soccersniper","p2id":"vdoubleu","formatid":"gen9ou","rating":1509,"private":0,"password":""}