{"id":"gen9ou-1996247053","p1":"Wolfblaze","p2":"Np6GjUlr84w2LDbx","format":"[Gen 9] OU","log":"|j|\u2606Wolfblaze\n|j|\u2606Np6GjUlr84w2LDbx\n|t:|1700663654\n|gametype|singles\n|player|p1|Wolfblaze|102|1084\n|player|p2|Np6GjUlr84w2LDbx|265|1000\n|teamsize|p1|6\n|teamsize|p2|6\n|gen|9\n|tier|[Gen 9] OU\n|rated|\n|rule|Sleep Clause Mod: Limit one foe put to sleep\n|rule|Species Clause: Limit one of each Pok\u00e9mon\n|rule|OHKO Clause: OHKO moves are banned\n|rule|Evasion Items Clause: Evasion items are banned\n|rule|Evasion Moves Clause: Evasion moves are banned\n|rule|Endless Battle Clause: Forcing endless battles is banned\n|rule|HP Percentage Mod: HP is shown in percentages\n|clearpoke\n|poke|p1|Ceruledge, F|\n|poke|p1|Great Tusk|\n|poke|p1|Ninetales-Alola, M|\n|poke|p1|Clodsire, F|\n|poke|p1|Ribombee, M|\n|poke|p1|Jolteon, F|\n|poke|p2|Torkoal, M|\n|poke|p2|Great Tusk|\n|poke|p2|Walking Wake|\n|poke|p2|Kingambit, F|\n|poke|p2|Infernape, F|\n|poke|p2|Rillaboom, M|\n|teampreview\n|inactive|Battle timer is ON: inactive players will automatically lose when time's up. (requested by Np6GjUlr84w2LDbx)\n|\n|t:|1700663661\n|start\n|switch|p1a: Ribombee|Ribombee, M|100\/100\n|switch|p2a: Torkoal|Torkoal, M|100\/100\n|-weather|SunnyDay|[from] ability: Drought|[of] p2a: Torkoal\n|turn|1\n|\n|t:|1700663674\n|switch|p1a: Ninetales|Ninetales-Alola, M|100\/100\n|-weather|Snow|[from] ability: Snow Warning|[of] p1a: Ninetales\n|move|p2a: Torkoal|Stealth Rock|p1a: Ninetales\n|-sidestart|p1: Wolfblaze|move: Stealth Rock\n|\n|-weather|Snow|[upkeep]\n|upkeep\n|turn|2\n|\n|t:|1700663689\n|switch|p2a: Infernape|Infernape, F|100\/100\n|move|p1a: Ninetales|Aurora Veil|p1a: Ninetales\n|-sidestart|p1: Wolfblaze|move: Aurora Veil\n|\n|-weather|Snow|[upkeep]\n|upkeep\n|turn|3\n|\n|t:|1700663697\n|switch|p1a: Great Tusk|Great Tusk|100\/100\n|-damage|p1a: Great Tusk|98\/100|[from] Stealth Rock\n|move|p2a: Infernape|Overheat|p1a: Great Tusk\n|-damage|p1a: Great Tusk|51\/100\n|-unboost|p2a: Infernape|spa|2\n|-enditem|p2a: Infernape|Eject Pack\n|\n|t:|1700663703\n|switch|p2a: Walking Wake|Walking Wake|100\/100\n|\n|-weather|Snow|[upkeep]\n|upkeep\n|turn|4\n|\n|t:|1700663709\n|move|p2a: Walking Wake|Hydro Steam|p1a: Great Tusk\n|-supereffective|p1a: Great Tusk\n|-damage|p1a: Great Tusk|0 fnt\n|faint|p1a: Great Tusk\n|-end|p1a: Great Tusk|Protosynthesis|[silent]\n|\n|-weather|Snow|[upkeep]\n|upkeep\n|\n|t:|1700663721\n|switch|p1a: Ribombee|Ribombee, M|100\/100\n|-damage|p1a: Ribombee|76\/100|[from] Stealth Rock\n|turn|5\n|\n|t:|1700663728\n|-end|p2a: Walking Wake|Protosynthesis|[silent]\n|switch|p2a: Torkoal|Torkoal, M|100\/100\n|-weather|SunnyDay|[from] ability: Drought|[of] p2a: Torkoal\n|move|p1a: Ribombee|Stun Spore|p2a: Torkoal\n|-status|p2a: Torkoal|par\n|\n|-weather|SunnyDay|[upkeep]\n|upkeep\n|turn|6\n|\n|t:|1700663736\n|switch|p2a: Walking Wake|Walking Wake|100\/100\n|-activate|p2a: Walking Wake|ability: Protosynthesis\n|-start|p2a: Walking Wake|protosynthesisspe\n|move|p1a: Ribombee|Sticky Web|p2a: Walking Wake\n|-sidestart|p2: Np6GjUlr84w2LDbx|move: Sticky Web\n|\n|-weather|SunnyDay|[upkeep]\n|upkeep\n|turn|7\n|\n|t:|1700663748\n|switch|p1a: Ninetales|Ninetales-Alola, M|100\/100\n|-damage|p1a: Ninetales|76\/100|[from] Stealth Rock\n|-weather|Snow|[from] ability: Snow Warning|[of] p1a: Ninetales\n|-end|p2a: Walking Wake|Protosynthesis\n|move|p2a: Walking Wake|Hydro Steam|p1a: Ninetales\n|-damage|p1a: Ninetales|41\/100\n|\n|-weather|Snow|[upkeep]\n|upkeep\n|turn|8\n|\n|t:|1700663759\n|-end|p2a: Walking Wake|Protosynthesis|[silent]\n|switch|p2a: Torkoal|Torkoal, M|100\/100 par\n|-activate|p2a: Torkoal|move: Sticky Web\n|-unboost|p2a: Torkoal|spe|1\n|-weather|SunnyDay|[from] ability: Drought|[of] p2a: Torkoal\n|move|p1a: Ninetales|Moonblast|p2a: Torkoal\n|-resisted|p2a: Torkoal\n|-damage|p2a: Torkoal|83\/100 par\n|-unboost|p2a: Torkoal|spa|1\n|\n|-weather|SunnyDay|[upkeep]\n|upkeep\n|turn|9\n|\n|t:|1700663772\n|switch|p1a: Clodsire|Clodsire, F|100\/100\n|-damage|p1a: Clodsire|94\/100|[from] Stealth Rock\n|move|p2a: Torkoal|Yawn|p1a: Clodsire\n|-start|p1a: Clodsire|move: Yawn|[of] p2a: Torkoal\n|\n|-weather|SunnyDay|[upkeep]\n|-heal|p1a: Clodsire|100\/100|[from] item: Leftovers\n|-sideend|p1: Wolfblaze|move: Aurora Veil\n|upkeep\n|turn|10\n|\n|t:|1700663781\n|switch|p1a: Ninetales|Ninetales-Alola, M|41\/100\n|-damage|p1a: Ninetales|16\/100|[from] Stealth Rock\n|-weather|Snow|[from] ability: Snow Warning|[of] p1a: Ninetales\n|cant|p2a: Torkoal|par\n|\n|-weather|Snow|[upkeep]\n|upkeep\n|turn|11\n|\n|t:|1700663788\n|move|p1a: Ninetales|Aurora Veil|p1a: Ninetales\n|-sidestart|p1: Wolfblaze|move: Aurora Veil\n|cant|p2a: Torkoal|par\n|\n|-weather|Snow|[upkeep]\n|upkeep\n|turn|12\n|\n|t:|1700663795\n|move|p1a: Ninetales|Moonblast|p2a: Torkoal\n|-resisted|p2a: Torkoal\n|-crit|p2a: Torkoal\n|-damage|p2a: Torkoal|57\/100 par\n|-unboost|p2a: Torkoal|spa|1\n|cant|p2a: Torkoal|par\n|\n|-weather|Snow|[upkeep]\n|upkeep\n|turn|13\n|\n|t:|1700663803\n|move|p1a: Ninetales|Moonblast|p2a: Torkoal\n|-resisted|p2a: Torkoal\n|-damage|p2a: Torkoal|38\/100 par\n|move|p2a: Torkoal|Rapid Spin|p1a: Ninetales\n|-damage|p1a: Ninetales|12\/100\n|-boost|p2a: Torkoal|spe|1\n|-sideend|p2: Np6GjUlr84w2LDbx|Sticky Web|[from] move: Rapid Spin|[of] p2a: Torkoal\n|\n|-weather|Snow|[upkeep]\n|upkeep\n|turn|14\n|\n|t:|1700663810\n|switch|p2a: Rillaboom|Rillaboom, M|100\/100\n|-fieldstart|move: Grassy Terrain|[from] ability: Grassy Surge|[of] p2a: Rillaboom\n|move|p1a: Ninetales|Moonblast|p2a: Rillaboom\n|-damage|p2a: Rillaboom|54\/100\n|\n|-weather|none\n|-heal|p1a: Ninetales|18\/100|[from] Grassy Terrain\n|-heal|p2a: Rillaboom|60\/100|[from] Grassy Terrain\n|upkeep\n|turn|15\n|\n|t:|1700663819\n|move|p2a: Rillaboom|Grassy Glide|p1a: Ninetales\n|-damage|p1a: Ninetales|0 fnt\n|faint|p1a: Ninetales\n|\n|-heal|p2a: Rillaboom|66\/100|[from] Grassy Terrain\n|upkeep\n|\n|t:|1700663828\n|switch|p1a: Ceruledge|Ceruledge, F|100\/100\n|-damage|p1a: Ceruledge|76\/100|[from] Stealth Rock\n|turn|16\n|\n|t:|1700663833\n|switch|p2a: Torkoal|Torkoal, M|38\/100 par\n|-weather|SunnyDay|[from] ability: Drought|[of] p2a: Torkoal\n|move|p1a: Ceruledge|Bitter Blade|p2a: Torkoal\n|-resisted|p2a: Torkoal\n|-damage|p2a: Torkoal|16\/100 par\n|-heal|p1a: Ceruledge|89\/100|[from] drain|[of] p2a: Torkoal\n|\n|-weather|SunnyDay|[upkeep]\n|-heal|p1a: Ceruledge|95\/100|[from] Grassy Terrain\n|-heal|p2a: Torkoal|22\/100 par|[from] Grassy Terrain\n|upkeep\n|turn|17\n|\n|t:|1700663844\n|move|p1a: Ceruledge|Bitter Blade|p2a: Torkoal\n|-resisted|p2a: Torkoal\n|-crit|p2a: Torkoal\n|-damage|p2a: Torkoal|0 fnt\n|-heal|p1a: Ceruledge|100\/100|[from] drain|[of] p2a: Torkoal\n|faint|p2a: Torkoal\n|\n|-weather|SunnyDay|[upkeep]\n|upkeep\n|\n|t:|1700663848\n|switch|p2a: Walking Wake|Walking Wake|100\/100\n|-activate|p2a: Walking Wake|ability: Protosynthesis\n|-start|p2a: Walking Wake|protosynthesisspe\n|turn|18\n|\n|t:|1700663859\n|move|p2a: Walking Wake|Hydro Steam|p1a: Ceruledge\n|-supereffective|p1a: Ceruledge\n|-enditem|p1a: Ceruledge|Focus Sash\n|-damage|p1a: Ceruledge|1\/100\n|move|p1a: Ceruledge|Poltergeist|p2a: Walking Wake\n|-activate|p2a: Walking Wake|move: Poltergeist|Choice Specs\n|-damage|p2a: Walking Wake|38\/100\n|\n|-weather|SunnyDay|[upkeep]\n|-heal|p2a: Walking Wake|44\/100|[from] Grassy Terrain\n|-heal|p1a: Ceruledge|7\/100|[from] Grassy Terrain\n|-sideend|p1: Wolfblaze|move: Aurora Veil\n|-fieldend|move: Grassy Terrain\n|upkeep\n|turn|19\n|\n|t:|1700663871\n|move|p2a: Walking Wake|Hydro Steam|p1a: Ceruledge\n|-supereffective|p1a: Ceruledge\n|-damage|p1a: Ceruledge|0 fnt\n|faint|p1a: Ceruledge\n|\n|-weather|SunnyDay|[upkeep]\n|upkeep\n|\n|t:|1700663879\n|switch|p1a: Jolteon|Jolteon, F|100\/100\n|-damage|p1a: Jolteon|88\/100|[from] Stealth Rock\n|turn|20\n|\n|t:|1700663884\n|-terastallize|p2a: Walking Wake|Water\n|move|p2a: Walking Wake|Hydro Steam|p1a: Jolteon\n|-damage|p1a: Jolteon|0 fnt\n|faint|p1a: Jolteon\n|\n|-weather|SunnyDay|[upkeep]\n|upkeep\n|\n|t:|1700663892\n|switch|p1a: Clodsire|Clodsire, F|100\/100\n|-damage|p1a: Clodsire|94\/100|[from] Stealth Rock\n|turn|21\n|\n|t:|1700663900\n|-terastallize|p1a: Clodsire|Flying\n|move|p2a: Walking Wake|Hydro Steam|p1a: Clodsire\n|-crit|p1a: Clodsire\n|-damage|p1a: Clodsire|0 fnt\n|faint|p1a: Clodsire\n|\n|-weather|SunnyDay|[upkeep]\n|upkeep\n|\n|t:|1700663906\n|switch|p1a: Ribombee|Ribombee, M|76\/100\n|-damage|p1a: Ribombee|51\/100|[from] Stealth Rock\n|turn|22\n|\n|t:|1700663910\n|move|p2a: Walking Wake|Hydro Steam|p1a: Ribombee\n|-damage|p1a: Ribombee|0 fnt\n|faint|p1a: Ribombee\n|\n|win|Np6GjUlr84w2LDbx\n|raw|Wolfblaze's rating: 1084 &rarr; <strong>1056<\/strong><br \/>(-28 for losing)\n|raw|Np6GjUlr84w2LDbx's rating: 1000 &rarr; <strong>1049<\/strong><br \/>(+49 for winning)\n","uploadtime":1700663913,"views":1,"p1id":"wolfblaze","p2id":"np6gjulr84w2ldbx","formatid":"gen9ou","rating":1049,"private":0,"password":""}