{"id":"gen9ou-1988600248","p1":"DerpyAchoque","p2":"chuggachuggachooo","format":"[Gen 9] OU","log":"|j|\u2606DerpyAchoque\n|j|\u2606chuggachuggachooo\n|inactive|Battle timer is ON: inactive players will automatically lose when time's up.\n|t:|1699740566\n|gametype|singles\n|player|p1|DerpyAchoque|elio|\n|player|p2|chuggachuggachooo|ghetsis-gen5bw|\n|teamsize|p1|6\n|teamsize|p2|6\n|gen|9\n|tier|[Gen 9] OU\n|rated|Tournament battle\n|rule|Sleep Clause Mod: Limit one foe put to sleep\n|rule|Species Clause: Limit one of each Pok\u00e9mon\n|rule|OHKO Clause: OHKO moves are banned\n|rule|Evasion Items Clause: Evasion items are banned\n|rule|Evasion Moves Clause: Evasion moves are banned\n|rule|Endless Battle Clause: Forcing endless battles is banned\n|rule|HP Percentage Mod: HP is shown in percentages\n|clearpoke\n|poke|p1|Torterra, M|\n|poke|p1|Gyarados, M|\n|poke|p1|Moltres|\n|poke|p1|Landorus-Therian, M|\n|poke|p1|Kingambit, M|\n|poke|p1|Dragonite, M|\n|poke|p2|Walking Wake|\n|poke|p2|Maushold|\n|poke|p2|Dragonite, F|\n|poke|p2|Weezing-Galar, F|\n|poke|p2|Corviknight, F|\n|poke|p2|Muk-Alola, M|\n|teampreview\n|j|*Lady Monita \u2746\n|inactive|chuggachuggachooo also wants the timer to be on.\n|inactive|DerpyAchoque has 120 seconds left.\n|\n|t:|1699740601\n|start\n|switch|p1a: East|Gyarados, M|100\/100\n|switch|p2a: Walking Wake|Walking Wake|100\/100\n|-ability|p1a: East|Intimidate|boost\n|-unboost|p2a: Walking Wake|atk|1\n|turn|1\n|\n|t:|1699740611\n|move|p2a: Walking Wake|Draco Meteor|p1a: East\n|-damage|p1a: East|39\/100\n|-unboost|p2a: Walking Wake|spa|2\n|move|p1a: East|Outrage|p2a: Walking Wake\n|-supereffective|p2a: Walking Wake\n|-damage|p2a: Walking Wake|11\/100\n|\n|upkeep\n|turn|2\n|\n|t:|1699740616\n|-end|p2a: Walking Wake|Protosynthesis|[silent]\n|switch|p2a: Corviknight|Corviknight, F|100\/100\n|-ability|p2a: Corviknight|Pressure\n|move|p1a: East|Outrage|p2a: Corviknight|[from]lockedmove\n|-resisted|p2a: Corviknight\n|-damage|p2a: Corviknight|88\/100\n|-damage|p1a: East|22\/100|[from] item: Rocky Helmet|[of] p2a: Corviknight\n|\n|upkeep\n|turn|3\n|\n|t:|1699740622\n|move|p1a: East|Outrage|p2a: Corviknight|[from]lockedmove\n|-resisted|p2a: Corviknight\n|-damage|p2a: Corviknight|75\/100\n|-damage|p1a: East|5\/100|[from] item: Rocky Helmet|[of] p2a: Corviknight\n|-start|p1a: East|confusion|[fatigue]\n|move|p2a: Corviknight|Brave Bird|p1a: East\n|-damage|p1a: East|0 fnt\n|faint|p1a: East\n|-damage|p2a: Corviknight|74\/100|[from] Recoil\n|\n|upkeep\n|\n|t:|1699740625\n|switch|p1a: South|Moltres|100\/100\n|turn|4\n|\n|t:|1699740632\n|switch|p2a: Muk|Muk-Alola, M|100\/100\n|move|p1a: South|Will-O-Wisp|p2a: Muk\n|-status|p2a: Muk|brn\n|\n|-damage|p2a: Muk|94\/100 brn|[from] brn\n|upkeep\n|turn|5\n|\n|t:|1699740661\n|switch|p1a: West|Landorus-Therian, M, shiny|100\/100\n|-ability|p1a: West|Intimidate|boost\n|-unboost|p2a: Muk|atk|1\n|move|p2a: Muk|Knock Off|p1a: West\n|-damage|p1a: West|86\/100\n|-enditem|p1a: West|Expert Belt|[from] move: Knock Off|[of] p2a: Muk\n|\n|-heal|p2a: Muk|100\/100 brn|[from] item: Black Sludge\n|-damage|p2a: Muk|94\/100 brn|[from] brn\n|upkeep\n|turn|6\n|\n|t:|1699740665\n|switch|p2a: Weezing|Weezing-Galar, F|100\/100\n|move|p1a: West|Swords Dance|p1a: West\n|-boost|p1a: West|atk|2\n|\n|upkeep\n|turn|7\n|j| SunnnyDays\n|inactive|DerpyAchoque has 120 seconds left.\n|\n|t:|1699740698\n|move|p1a: West|Earthquake|p2a: Weezing\n|-immune|p2a: Weezing|[from] ability: Levitate\n|move|p2a: Weezing|Strange Steam|p1a: West\n|-damage|p1a: West|15\/100\n|\n|upkeep\n|turn|8\n|\n|t:|1699740704\n|move|p1a: West|Stone Edge|p2a: Weezing\n|-damage|p2a: Weezing|13\/100\n|move|p2a: Weezing|Strange Steam|p1a: West\n|-damage|p1a: West|0 fnt\n|faint|p1a: West\n|\n|upkeep\n|l| SunnnyDays\n|inactive|DerpyAchoque has 120 seconds left.\n|\n|t:|1699740715\n|switch|p1a: South|Moltres|100\/100\n|turn|9\n|\n|t:|1699740722\n|move|p1a: South|Flamethrower|p2a: Weezing\n|-damage|p2a: Weezing|0 fnt\n|faint|p2a: Weezing\n|\n|upkeep\n|\n|t:|1699740729\n|switch|p2a: Walking Wake|Walking Wake|11\/100\n|turn|10\n|\n|t:|1699740739\n|move|p2a: Walking Wake|Hydro Steam|p1a: South\n|-supereffective|p1a: South\n|-damage|p1a: South|0 fnt\n|faint|p1a: South\n|\n|upkeep\n|\n|t:|1699740741\n|switch|p1a: Emperor|Kingambit, M|100\/100\n|-activate|p1a: Emperor|ability: Supreme Overlord\n|-start|p1a: Emperor|fallen3|[silent]\n|turn|11\n|\n|t:|1699740746\n|-end|p2a: Walking Wake|Protosynthesis|[silent]\n|switch|p2a: Muk|Muk-Alola, M|94\/100 brn\n|move|p1a: Emperor|Swords Dance|p1a: Emperor\n|-boost|p1a: Emperor|atk|2\n|\n|-heal|p2a: Muk|100\/100 brn|[from] item: Black Sludge\n|-damage|p2a: Muk|94\/100 brn|[from] brn\n|upkeep\n|turn|12\n|\n|t:|1699740751\n|move|p1a: Emperor|Iron Head|p2a: Muk\n|-damage|p2a: Muk|0 fnt\n|faint|p2a: Muk\n|\n|upkeep\n|\n|t:|1699740755\n|switch|p2a: Corviknight|Corviknight, F|74\/100\n|-ability|p2a: Corviknight|Pressure\n|turn|13\n|\n|t:|1699740758\n|move|p2a: Corviknight|U-turn|p1a: Emperor\n|-damage|p1a: Emperor|91\/100\n|\n|t:|1699740764\n|switch|p2a: Walking Wake|Walking Wake|11\/100|[from] U-turn\n|move|p1a: Emperor|Kowtow Cleave|p2a: Walking Wake\n|-damage|p2a: Walking Wake|0 fnt\n|faint|p2a: Walking Wake\n|-end|p2a: Walking Wake|Protosynthesis|[silent]\n|\n|-heal|p1a: Emperor|97\/100|[from] item: Leftovers\n|upkeep\n|\n|t:|1699740765\n|switch|p2a: Dragonite|Dragonite, F|100\/100\n|turn|14\n|\n|t:|1699740772\n|move|p2a: Dragonite|Earthquake|p1a: Emperor\n|-supereffective|p1a: Emperor\n|-damage|p1a: Emperor|9\/100\n|move|p1a: Emperor|Kowtow Cleave|p2a: Dragonite\n|-damage|p2a: Dragonite|30\/100\n|\n|-heal|p1a: Emperor|16\/100|[from] item: Leftovers\n|upkeep\n|turn|15\n|\n|t:|1699740778\n|switch|p2a: Corviknight|Corviknight, F|74\/100\n|-ability|p2a: Corviknight|Pressure\n|move|p1a: Emperor|Sucker Punch||[still]\n|-fail|p1a: Emperor\n|\n|-heal|p1a: Emperor|22\/100|[from] item: Leftovers\n|upkeep\n|turn|16\n|\n|t:|1699740785\n|move|p1a: Emperor|Sucker Punch|p2a: Corviknight\n|-damage|p2a: Corviknight|10\/100\n|-damage|p1a: Emperor|5\/100|[from] item: Rocky Helmet|[of] p2a: Corviknight\n|move|p2a: Corviknight|Brave Bird|p1a: Emperor\n|-resisted|p1a: Emperor\n|-damage|p1a: Emperor|0 fnt\n|faint|p1a: Emperor\n|-end|p1a: Emperor|fallen3|[silent]\n|-damage|p2a: Corviknight|9\/100|[from] Recoil\n|\n|upkeep\n|\n|t:|1699740788\n|switch|p1a: Center|Dragonite, M|100\/100\n|turn|17\n|\n|t:|1699740790\n|move|p1a: Center|Dragon Dance|p1a: Center\n|-boost|p1a: Center|atk|1\n|-boost|p1a: Center|spe|1\n|move|p2a: Corviknight|Brave Bird|p1a: Center\n|-damage|p1a: Center|80\/100\n|-damage|p2a: Corviknight|4\/100|[from] Recoil\n|\n|upkeep\n|turn|18\n|\n|t:|1699740794\n|move|p1a: Center|Extreme Speed|p2a: Corviknight\n|-resisted|p2a: Corviknight\n|-damage|p2a: Corviknight|0 fnt\n|-damage|p1a: Center|64\/100|[from] item: Rocky Helmet|[of] p2a: Corviknight\n|faint|p2a: Corviknight\n|\n|upkeep\n|\n|t:|1699740799\n|switch|p2a: Maushold|Maushold|100\/100\n|turn|19\n|\n|t:|1699740802\n|-terastallize|p1a: Center|Dragon\n|-terastallize|p2a: Maushold|Steel\n|move|p1a: Center|Dragon Claw|p2a: Maushold\n|-resisted|p2a: Maushold\n|-damage|p2a: Maushold|25\/100\n|move|p2a: Maushold|Population Bomb|p1a: Center\n|-damage|p1a: Center|52\/100\n|-damage|p1a: Center|39\/100\n|-damage|p1a: Center|26\/100\n|-damage|p1a: Center|14\/100\n|-damage|p1a: Center|0 fnt\n|faint|p1a: Center\n|-hitcount|p1: Center|5\n|\n|upkeep\n|\n|t:|1699740806\n|switch|p1a: North|Torterra, M|100\/100\n|turn|20\n|\n|t:|1699740810\n|move|p2a: Maushold|Population Bomb|p1a: North|[miss]\n|-miss|p2a: Maushold|p1a: North\n|move|p1a: North|Leech Seed|p2a: Maushold\n|-start|p2a: Maushold|move: Leech Seed\n|\n|-damage|p2a: Maushold|13\/100|[from] Leech Seed|[of] p1a: North\n|upkeep\n|turn|21\n|\n|t:|1699740820\n|move|p2a: Maushold|Population Bomb|p1a: North\n|-damage|p1a: North|91\/100\n|-damage|p1a: North|82\/100\n|-damage|p1a: North|72\/100\n|-damage|p1a: North|63\/100\n|-damage|p1a: North|54\/100\n|-damage|p1a: North|44\/100\n|-damage|p1a: North|34\/100\n|-damage|p1a: North|25\/100\n|-damage|p1a: North|16\/100\n|-damage|p1a: North|6\/100\n|-hitcount|p1a: North|10\n|move|p1a: North|Reflect|p1a: North\n|-sidestart|p1: DerpyAchoque|Reflect\n|\n|-heal|p1a: North|12\/100|[from] item: Leftovers\n|-damage|p2a: Maushold|0 fnt|[from] Leech Seed|[of] p1a: North\n|-heal|p1a: North|21\/100|[silent]\n|faint|p2a: Maushold\n|upkeep\n|\n|t:|1699740823\n|switch|p2a: Dragonite|Dragonite, F|30\/100\n|turn|22\n|\n|t:|1699740827\n|move|p2a: Dragonite|Ice Spinner|p1a: North\n|-supereffective|p1a: North\n|-damage|p1a: North|0 fnt\n|faint|p1a: North\n|\n|win|chuggachuggachooo\n|n|\u2606DerpyAchoque|derpyachoque\n|n|\u2606chuggachuggachooo|chuggachuggachooo\n|n|*Lady Monita \u2746|ladymonita\n|l|*Lady Monita \u2746\n","uploadtime":1699740830,"views":13,"p1id":"derpyachoque","p2id":"chuggachuggachooo","formatid":"gen9ou","rating":0,"private":0,"password":""}