{"id":"gen9ou-1991472119","p1":"Drascore666","p2":"fheznfepjhvnp","format":"[Gen 9] OU","log":"|j|\u2606Drascore666\n|j|\u2606fheznfepjhvnp\n|t:|1700080075\n|gametype|singles\n|player|p1|Drascore666|steven|\n|player|p2|fheznfepjhvnp|101|\n|teamsize|p1|6\n|teamsize|p2|6\n|gen|9\n|tier|[Gen 9] OU\n|rule|Sleep Clause Mod: Limit one foe put to sleep\n|rule|Species Clause: Limit one of each Pok\u00e9mon\n|rule|OHKO Clause: OHKO moves are banned\n|rule|Evasion Items Clause: Evasion items are banned\n|rule|Evasion Moves Clause: Evasion moves are banned\n|rule|Endless Battle Clause: Forcing endless battles is banned\n|rule|HP Percentage Mod: HP is shown in percentages\n|clearpoke\n|poke|p1|Great Tusk|\n|poke|p1|Toxapex, M|\n|poke|p1|Zamazenta-*|\n|poke|p1|Dragapult, M|\n|poke|p1|Dragonite, M|\n|poke|p1|Gholdengo|\n|poke|p2|Weezing-Galar, M|\n|poke|p2|Ceruledge, F|\n|poke|p2|Maushold|\n|poke|p2|Ogerpon-Wellspring, F|\n|poke|p2|Thundurus, M|\n|poke|p2|Kingambit, M|\n|teampreview\n|\n|t:|1700080081\n|start\n|switch|p1a: Great Tusk|Great Tusk|100\/100\n|switch|p2a: Thundurus|Thundurus, M|100\/100\n|turn|1\n|\n|t:|1700080089\n|move|p2a: Thundurus|Taunt|p1a: Great Tusk\n|-start|p1a: Great Tusk|move: Taunt\n|cant|p1a: Great Tusk|move: Taunt|Stealth Rock\n|\n|upkeep\n|turn|2\n|\n|t:|1700080104\n|move|p2a: Thundurus|Grass Knot|p1a: Great Tusk\n|-supereffective|p1a: Great Tusk\n|-damage|p1a: Great Tusk|0 fnt\n|faint|p1a: Great Tusk\n|-end|p1a: Great Tusk|Protosynthesis|[silent]\n|\n|upkeep\n|\n|t:|1700080112\n|switch|p1a: Dragapult|Dragapult, M|100\/100\n|turn|3\n|\n|t:|1700080118\n|move|p1a: Dragapult|Shadow Ball|p2a: Thundurus\n|-damage|p2a: Thundurus|35\/100\n|move|p2a: Thundurus|Thunderbolt|p1a: Dragapult\n|-resisted|p1a: Dragapult\n|-damage|p1a: Dragapult|72\/100\n|\n|-heal|p2a: Thundurus|41\/100|[from] item: Leftovers\n|upkeep\n|turn|4\n|\n|t:|1700080129\n|switch|p2a: Weezing|Weezing-Galar, M|100\/100\n|-fieldstart|move: Misty Terrain|[from] ability: Misty Surge|[of] p2a: Weezing\n|move|p1a: Dragapult|Shadow Ball|p2a: Weezing\n|-damage|p2a: Weezing|33\/100\n|\n|upkeep\n|turn|5\n|\n|t:|1700080142\n|move|p1a: Dragapult|Shadow Ball|p2a: Weezing\n|-damage|p2a: Weezing|0 fnt\n|faint|p2a: Weezing\n|\n|upkeep\n|\n|t:|1700080149\n|switch|p2a: Maushold|Maushold|100\/100\n|turn|6\n|\n|t:|1700080162\n|switch|p1a: Zamazenta|Zamazenta|100\/100\n|-ability|p1a: Zamazenta|Dauntless Shield|boost\n|-boost|p1a: Zamazenta|def|1\n|move|p2a: Maushold|Tidy Up|p2a: Maushold\n|-boost|p2a: Maushold|atk|1\n|-boost|p2a: Maushold|spe|1\n|\n|upkeep\n|turn|7\n|\n|t:|1700080173\n|move|p2a: Maushold|Population Bomb|p1a: Zamazenta\n|-crit|p1a: Zamazenta\n|-damage|p1a: Zamazenta|78\/100\n|-damage|p1a: Zamazenta|68\/100\n|-damage|p1a: Zamazenta|57\/100\n|-damage|p1a: Zamazenta|46\/100\n|-damage|p1a: Zamazenta|36\/100\n|-damage|p1a: Zamazenta|26\/100\n|-damage|p1a: Zamazenta|15\/100\n|-damage|p1a: Zamazenta|4\/100\n|-damage|p1a: Zamazenta|0 fnt\n|faint|p1a: Zamazenta\n|-hitcount|p1: Zamazenta|9\n|\n|upkeep\n|\n|t:|1700080192\n|switch|p1a: Gholdengo|Gholdengo|100\/100\n|turn|8\n|\n|t:|1700080196\n|move|p2a: Maushold|Bite|p1a: Gholdengo\n|-supereffective|p1a: Gholdengo\n|-crit|p1a: Gholdengo\n|-damage|p1a: Gholdengo|4\/100\n|move|p1a: Gholdengo|Thunder Wave|p2a: Maushold\n|-activate|p2a: Maushold|move: Misty Terrain\n|\n|-heal|p1a: Gholdengo|10\/100|[from] item: Leftovers\n|upkeep\n|turn|9\n|\n|t:|1700080204\n|move|p2a: Maushold|Bite|p1a: Gholdengo\n|-supereffective|p1a: Gholdengo\n|-damage|p1a: Gholdengo|0 fnt\n|faint|p1a: Gholdengo\n|\n|upkeep\n|\n|t:|1700080218\n|switch|p1a: Dragapult|Dragapult, M|72\/100\n|turn|10\n|\n|t:|1700080224\n|move|p2a: Maushold|Bite|p1a: Dragapult\n|-supereffective|p1a: Dragapult\n|-damage|p1a: Dragapult|0 fnt\n|faint|p1a: Dragapult\n|\n|upkeep\n|\n|t:|1700080230\n|switch|p1a: Dragonite|Dragonite, M|100\/100\n|turn|11\n|\n|t:|1700080234\n|move|p2a: Maushold|Population Bomb|p1a: Dragonite\n|-damage|p1a: Dragonite|92\/100\n|-damage|p1a: Dragonite|72\/100\n|-damage|p1a: Dragonite|55\/100\n|-damage|p1a: Dragonite|36\/100\n|-crit|p1a: Dragonite\n|-damage|p1a: Dragonite|8\/100\n|-damage|p1a: Dragonite|0 fnt\n|faint|p1a: Dragonite\n|-hitcount|p1: Dragonite|6\n|\n|-fieldend|Misty Terrain\n|upkeep\n|\n|t:|1700080245\n|switch|p1a: Toxapex|Toxapex, M|100\/100\n|turn|12\n|\n|t:|1700080254\n|move|p2a: Maushold|Population Bomb|p1a: Toxapex\n|-damage|p1a: Toxapex|88\/100\n|-damage|p1a: Toxapex|75\/100\n|-crit|p1a: Toxapex\n|-damage|p1a: Toxapex|55\/100\n|-damage|p1a: Toxapex|42\/100\n|-damage|p1a: Toxapex|28\/100\n|-damage|p1a: Toxapex|14\/100\n|-damage|p1a: Toxapex|1\/100\n|-damage|p1a: Toxapex|0 fnt\n|faint|p1a: Toxapex\n|-hitcount|p1: Toxapex|8\n|\n|win|fheznfepjhvnp\n","uploadtime":1700080272,"views":17,"p1id":"drascore666","p2id":"fheznfepjhvnp","formatid":"gen9ou","rating":0,"private":0,"password":""}