{"id":"gen9ou-1992517244","p1":"liaoya","p2":"Chat88","format":"[Gen 9] OU","log":"|j|\u2606liaoya\n|j|\u2606Chat88\n|t:|1700198223\n|gametype|singles\n|player|p1|liaoya|petrel|1623\n|player|p2|Chat88|burglar-gen1rb|1540\n|teamsize|p1|6\n|teamsize|p2|6\n|gen|9\n|tier|[Gen 9] OU\n|rated|\n|rule|Sleep Clause Mod: Limit one foe put to sleep\n|rule|Species Clause: Limit one of each Pok\u00e9mon\n|rule|OHKO Clause: OHKO moves are banned\n|rule|Evasion Items Clause: Evasion items are banned\n|rule|Evasion Moves Clause: Evasion moves are banned\n|rule|Endless Battle Clause: Forcing endless battles is banned\n|rule|HP Percentage Mod: HP is shown in percentages\n|clearpoke\n|poke|p1|Drifblim, F|\n|poke|p1|Garganacl, M|\n|poke|p1|Umbreon, M|\n|poke|p1|Rotom-Wash|\n|poke|p1|Glimmora, M|\n|poke|p1|Espeon, M|\n|poke|p2|Kingambit, F|\n|poke|p2|Dragapult, F|\n|poke|p2|Dragonite, F|\n|poke|p2|Iron Valiant|\n|poke|p2|Gholdengo|\n|poke|p2|Great Tusk|\n|teampreview\n|inactive|Battle timer is ON: inactive players will automatically lose when time's up. (requested by liaoya)\n|\n|t:|1700198230\n|start\n|switch|p1a: Rotom|Rotom-Wash|100\/100\n|switch|p2a: Pullin P|Dragapult, F|100\/100\n|turn|1\n|\n|t:|1700198240\n|move|p2a: Pullin P|Draco Meteor|p1a: Rotom\n|-damage|p1a: Rotom|14\/100\n|-unboost|p2a: Pullin P|spa|2\n|move|p1a: Rotom|Trick|p2a: Pullin P\n|-activate|p1a: Rotom|move: Trick|[of] p2a: Pullin P\n|-item|p2a: Pullin P|Choice Scarf|[from] move: Trick\n|-item|p1a: Rotom|Choice Specs|[from] move: Trick\n|\n|upkeep\n|turn|2\n|\n|t:|1700198250\n|switch|p1a: Glimmora|Glimmora, M|100\/100\n|move|p2a: Pullin P|U-turn|p1a: Glimmora\n|-resisted|p1a: Glimmora\n|-damage|p1a: Glimmora|94\/100\n|-activate|p1a: Glimmora|ability: Toxic Debris\n|-sidestart|p2: Chat88|move: Toxic Spikes\n|\n|t:|1700198254\n|switch|p2a: Lionel Eldlichie|Gholdengo|100\/100|[from] U-turn\n|\n|upkeep\n|turn|3\n|j|+Shellnuts\n|\n|t:|1700198265\n|switch|p1a: Rotom|Rotom-Wash|14\/100\n|move|p2a: Lionel Eldlichie|Make It Rain|p1a: Rotom\n|-resisted|p1a: Rotom\n|-damage|p1a: Rotom|0 fnt\n|-unboost|p2a: Lionel Eldlichie|spa|1\n|faint|p1a: Rotom\n|\n|upkeep\n|\n|t:|1700198270\n|switch|p1a: Garganacl|Garganacl, M, shiny|100\/100\n|turn|4\n|\n|t:|1700198283\n|switch|p2a: Great Shmuck|Great Tusk|100\/100\n|-status|p2a: Great Shmuck|psn\n|-terastallize|p1a: Garganacl|Ghost\n|move|p1a: Garganacl|Salt Cure|p2a: Great Shmuck\n|-resisted|p2a: Great Shmuck\n|-damage|p2a: Great Shmuck|99\/100 psn\n|-start|p2a: Great Shmuck|Salt Cure\n|\n|-heal|p2a: Great Shmuck|100\/100 psn|[from] item: Leftovers\n|-damage|p2a: Great Shmuck|88\/100 psn|[from] psn\n|-damage|p2a: Great Shmuck|76\/100 psn|[from] Salt Cure\n|upkeep\n|turn|5\n|\n|t:|1700198288\n|move|p2a: Great Shmuck|Knock Off|p1a: Garganacl\n|-supereffective|p1a: Garganacl\n|-damage|p1a: Garganacl|64\/100\n|-enditem|p1a: Garganacl|Leftovers|[from] move: Knock Off|[of] p2a: Great Shmuck\n|move|p1a: Garganacl|Iron Defense|p1a: Garganacl\n|-boost|p1a: Garganacl|def|2\n|\n|-heal|p2a: Great Shmuck|82\/100 psn|[from] item: Leftovers\n|-damage|p2a: Great Shmuck|69\/100 psn|[from] psn\n|-damage|p2a: Great Shmuck|57\/100 psn|[from] Salt Cure\n|upkeep\n|turn|6\n|\n|t:|1700198295\n|move|p2a: Great Shmuck|Knock Off|p1a: Garganacl\n|-supereffective|p1a: Garganacl\n|-damage|p1a: Garganacl|50\/100\n|move|p1a: Garganacl|Salt Cure|p2a: Great Shmuck\n|-resisted|p2a: Great Shmuck\n|-damage|p2a: Great Shmuck|56\/100 psn\n|\n|-heal|p2a: Great Shmuck|62\/100 psn|[from] item: Leftovers\n|-damage|p2a: Great Shmuck|49\/100 psn|[from] psn\n|-damage|p2a: Great Shmuck|37\/100 psn|[from] Salt Cure\n|upkeep\n|turn|7\n|\n|t:|1700198298\n|-end|p2a: Great Shmuck|Protosynthesis|[silent]\n|switch|p2a: Tin Tim|Iron Valiant|100\/100\n|-status|p2a: Tin Tim|psn\n|-enditem|p2a: Tin Tim|Booster Energy\n|-activate|p2a: Tin Tim|ability: Quark Drive|[fromitem]\n|-start|p2a: Tin Tim|quarkdrivespe\n|move|p1a: Garganacl|Recover|p1a: Garganacl\n|-heal|p1a: Garganacl|100\/100\n|\n|-damage|p2a: Tin Tim|88\/100 psn|[from] psn\n|upkeep\n|turn|8\n|\n|t:|1700198303\n|move|p2a: Tin Tim|Encore|p1a: Garganacl\n|-start|p1a: Garganacl|Encore\n|move|p1a: Garganacl|Recover||[still]\n|-fail|p1a: Garganacl|heal\n|\n|-damage|p2a: Tin Tim|76\/100 psn|[from] psn\n|upkeep\n|turn|9\n|\n|t:|1700198312\n|-end|p2a: Tin Tim|Quark Drive|[silent]\n|switch|p2a: Bisharper|Kingambit, F|100\/100\n|switch|p1a: Espeon|Espeon, M|100\/100\n|\n|upkeep\n|turn|10\n|\n|t:|1700198315\n|move|p1a: Espeon|Trick|p2a: Bisharper\n|-activate|p1a: Espeon|move: Trick|[of] p2a: Bisharper\n|-item|p2a: Bisharper|Choice Scarf|[from] move: Trick\n|-item|p1a: Espeon|Black Glasses|[from] move: Trick\n|move|p2a: Bisharper|Swords Dance|p2a: Bisharper\n|-boost|p2a: Bisharper|atk|2\n|\n|upkeep\n|turn|11\n|\n|t:|1700198331\n|-end|p2a: Bisharper|fallenundefined|[silent]\n|switch|p2a: Lionel Eldlichie|Gholdengo|100\/100\n|switch|p1a: Garganacl|Garganacl, M, shiny, tera:Ghost|100\/100\n|\n|upkeep\n|turn|12\n|\n|t:|1700198337\n|switch|p1a: Espeon|Espeon, M|100\/100\n|move|p2a: Lionel Eldlichie|Shadow Ball|p1a: Espeon\n|-supereffective|p1a: Espeon\n|-damage|p1a: Espeon|17\/100\n|\n|upkeep\n|turn|13\n|\n|t:|1700198342\n|move|p2a: Lionel Eldlichie|Shadow Ball|p1a: Espeon\n|-supereffective|p1a: Espeon\n|-damage|p1a: Espeon|0 fnt\n|faint|p1a: Espeon\n|\n|upkeep\n|\n|t:|1700198345\n|switch|p1a: Garganacl|Garganacl, M, shiny, tera:Ghost|100\/100\n|turn|14\n|\n|t:|1700198347\n|move|p2a: Lionel Eldlichie|Shadow Ball|p1a: Garganacl\n|-supereffective|p1a: Garganacl\n|-damage|p1a: Garganacl|71\/100\n|-unboost|p1a: Garganacl|spd|1\n|move|p1a: Garganacl|Salt Cure|p2a: Lionel Eldlichie\n|-resisted|p2a: Lionel Eldlichie\n|-damage|p2a: Lionel Eldlichie|92\/100\n|-start|p2a: Lionel Eldlichie|Salt Cure\n|\n|-damage|p2a: Lionel Eldlichie|67\/100|[from] Salt Cure\n|upkeep\n|turn|15\n|\n|t:|1700198353\n|move|p2a: Lionel Eldlichie|Shadow Ball|p1a: Garganacl\n|-supereffective|p1a: Garganacl\n|-damage|p1a: Garganacl|31\/100\n|move|p1a: Garganacl|Recover|p1a: Garganacl\n|-heal|p1a: Garganacl|81\/100\n|\n|-damage|p2a: Lionel Eldlichie|42\/100|[from] Salt Cure\n|upkeep\n|turn|16\n|\n|t:|1700198358\n|move|p2a: Lionel Eldlichie|Shadow Ball|p1a: Garganacl\n|-supereffective|p1a: Garganacl\n|-damage|p1a: Garganacl|39\/100\n|-unboost|p1a: Garganacl|spd|1\n|move|p1a: Garganacl|Recover|p1a: Garganacl\n|-heal|p1a: Garganacl|89\/100\n|\n|-damage|p2a: Lionel Eldlichie|18\/100|[from] Salt Cure\n|upkeep\n|turn|17\n|\n|t:|1700198360\n|switch|p1a: Umbreon|Umbreon, M, shiny|100\/100\n|move|p2a: Lionel Eldlichie|Shadow Ball|p1a: Umbreon\n|-resisted|p1a: Umbreon\n|-damage|p1a: Umbreon|88\/100\n|\n|-heal|p1a: Umbreon|94\/100|[from] item: Leftovers\n|-damage|p2a: Lionel Eldlichie|0 fnt|[from] Salt Cure\n|faint|p2a: Lionel Eldlichie\n|upkeep\n|\n|t:|1700198369\n|switch|p2a: Tin Tim|Iron Valiant|76\/100 psn\n|turn|18\n|\n|t:|1700198372\n|move|p1a: Umbreon|Protect|p1a: Umbreon\n|-singleturn|p1a: Umbreon|Protect\n|move|p2a: Tin Tim|Moonblast|p1a: Umbreon\n|-activate|p1a: Umbreon|move: Protect\n|\n|-heal|p1a: Umbreon|100\/100|[from] item: Leftovers\n|-damage|p2a: Tin Tim|63\/100 psn|[from] psn\n|upkeep\n|turn|19\n|\n|t:|1700198382\n|switch|p1a: Glimmora|Glimmora, M|94\/100\n|move|p2a: Tin Tim|Thunderbolt|p1a: Glimmora\n|-damage|p1a: Glimmora|60\/100\n|-status|p1a: Glimmora|par\n|\n|-damage|p2a: Tin Tim|51\/100 psn|[from] psn\n|upkeep\n|turn|20\n|\n|t:|1700198387\n|move|p2a: Tin Tim|Thunderbolt|p1a: Glimmora\n|-damage|p1a: Glimmora|28\/100 par\n|move|p1a: Glimmora|Light Screen|p1a: Glimmora\n|-sidestart|p1: liaoya|move: Light Screen\n|\n|-damage|p2a: Tin Tim|38\/100 psn|[from] psn\n|upkeep\n|turn|21\n|\n|t:|1700198391\n|switch|p1a: Garganacl|Garganacl, M, shiny, tera:Ghost|89\/100\n|move|p2a: Tin Tim|Thunderbolt|p1a: Garganacl\n|-damage|p1a: Garganacl|80\/100\n|\n|-damage|p2a: Tin Tim|26\/100 psn|[from] psn\n|upkeep\n|turn|22\n|\n|t:|1700198399\n|move|p2a: Tin Tim|Moonblast|p1a: Garganacl\n|-damage|p1a: Garganacl|65\/100\n|move|p1a: Garganacl|Salt Cure|p2a: Tin Tim\n|-resisted|p2a: Tin Tim\n|-damage|p2a: Tin Tim|17\/100 psn\n|-start|p2a: Tin Tim|Salt Cure\n|\n|-damage|p2a: Tin Tim|5\/100 psn|[from] psn\n|-damage|p2a: Tin Tim|0 fnt|[from] Salt Cure\n|faint|p2a: Tin Tim\n|-end|p2a: Tin Tim|Quark Drive|[silent]\n|upkeep\n|\n|t:|1700198407\n|switch|p2a: Bisharper|Kingambit, F|100\/100\n|-activate|p2a: Bisharper|ability: Supreme Overlord\n|-start|p2a: Bisharper|fallen2|[silent]\n|turn|23\n|\n|t:|1700198412\n|switch|p1a: Glimmora|Glimmora, M|28\/100 par\n|move|p2a: Bisharper|Kowtow Cleave|p1a: Glimmora\n|-damage|p1a: Glimmora|0 fnt\n|-activate|p1a: Glimmora|ability: Toxic Debris\n|-sidestart|p2: Chat88|move: Toxic Spikes\n|faint|p1a: Glimmora\n|\n|upkeep\n|\n|t:|1700198417\n|switch|p1a: Umbreon|Umbreon, M, shiny|100\/100\n|turn|24\n|\n|t:|1700198420\n|-end|p2a: Bisharper|fallen2|[silent]\n|switch|p2a: Great Shmuck|Great Tusk|37\/100 psn\n|move|p1a: Umbreon|Yawn||[still]\n|-fail|p1a: Umbreon\n|\n|-heal|p2a: Great Shmuck|43\/100 psn|[from] item: Leftovers\n|-damage|p2a: Great Shmuck|31\/100 psn|[from] psn\n|-sideend|p1: liaoya|move: Light Screen\n|upkeep\n|turn|25\n|\n|t:|1700198426\n|move|p1a: Umbreon|Protect|p1a: Umbreon\n|-singleturn|p1a: Umbreon|Protect\n|move|p2a: Great Shmuck|Knock Off|p1a: Umbreon\n|-activate|p1a: Umbreon|move: Protect\n|\n|-heal|p2a: Great Shmuck|37\/100 psn|[from] item: Leftovers\n|-damage|p2a: Great Shmuck|24\/100 psn|[from] psn\n|upkeep\n|turn|26\n|\n|t:|1700198432\n|switch|p1a: Garganacl|Garganacl, M, shiny, tera:Ghost|65\/100\n|move|p2a: Great Shmuck|Rapid Spin|p1a: Garganacl\n|-immune|p1a: Garganacl\n|\n|-heal|p2a: Great Shmuck|31\/100 psn|[from] item: Leftovers\n|-damage|p2a: Great Shmuck|18\/100 psn|[from] psn\n|upkeep\n|turn|27\n|\n|t:|1700198438\n|move|p2a: Great Shmuck|Knock Off|p1a: Garganacl\n|-supereffective|p1a: Garganacl\n|-damage|p1a: Garganacl|41\/100\n|move|p1a: Garganacl|Recover|p1a: Garganacl\n|-heal|p1a: Garganacl|91\/100\n|\n|-heal|p2a: Great Shmuck|24\/100 psn|[from] item: Leftovers\n|-damage|p2a: Great Shmuck|12\/100 psn|[from] psn\n|upkeep\n|turn|28\n|\n|t:|1700198442\n|move|p2a: Great Shmuck|Knock Off|p1a: Garganacl\n|-supereffective|p1a: Garganacl\n|-damage|p1a: Garganacl|64\/100\n|move|p1a: Garganacl|Iron Defense|p1a: Garganacl\n|-boost|p1a: Garganacl|def|2\n|\n|-heal|p2a: Great Shmuck|18\/100 psn|[from] item: Leftovers\n|-damage|p2a: Great Shmuck|6\/100 psn|[from] psn\n|upkeep\n|turn|29\n|j| gtfbyyfbbyvf\n|\n|t:|1700198447\n|move|p2a: Great Shmuck|Knock Off|p1a: Garganacl\n|-supereffective|p1a: Garganacl\n|-damage|p1a: Garganacl|50\/100\n|move|p1a: Garganacl|Recover|p1a: Garganacl\n|-heal|p1a: Garganacl|99\/100\n|\n|-heal|p2a: Great Shmuck|12\/100 psn|[from] item: Leftovers\n|-damage|p2a: Great Shmuck|0 fnt|[from] psn\n|faint|p2a: Great Shmuck\n|-end|p2a: Great Shmuck|Protosynthesis|[silent]\n|upkeep\n|\n|t:|1700198449\n|switch|p2a: Bisharper|Kingambit, F|100\/100\n|-activate|p2a: Bisharper|ability: Supreme Overlord\n|-start|p2a: Bisharper|fallen3|[silent]\n|turn|30\n|\n|t:|1700198452\n|-terastallize|p2a: Bisharper|Dark\n|move|p2a: Bisharper|Kowtow Cleave|p1a: Garganacl\n|-supereffective|p1a: Garganacl\n|-damage|p1a: Garganacl|36\/100\n|move|p1a: Garganacl|Body Press|p2a: Bisharper\n|-supereffective|p2a: Bisharper\n|-damage|p2a: Bisharper|29\/100\n|\n|upkeep\n|turn|31\n|\n|t:|1700198460\n|switch|p1a: Umbreon|Umbreon, M, shiny|100\/100\n|move|p2a: Bisharper|Kowtow Cleave|p1a: Umbreon\n|-resisted|p1a: Umbreon\n|-damage|p1a: Umbreon|71\/100\n|\n|-heal|p1a: Umbreon|77\/100|[from] item: Leftovers\n|upkeep\n|turn|32\n|\n|t:|1700198466\n|move|p2a: Bisharper|Kowtow Cleave|p1a: Umbreon\n|-resisted|p1a: Umbreon\n|-damage|p1a: Umbreon|49\/100\n|move|p1a: Umbreon|Wish|p1a: Umbreon\n|\n|-heal|p1a: Umbreon|55\/100|[from] item: Leftovers\n|upkeep\n|turn|33\n|\n|t:|1700198473\n|-end|p2a: Bisharper|fallen3|[silent]\n|switch|p2a: D Dance Revolution|Dragonite, F|100\/100\n|move|p1a: Umbreon|Yawn|p2a: D Dance Revolution\n|-start|p2a: D Dance Revolution|move: Yawn|[of] p1a: Umbreon\n|\n|-heal|p1a: Umbreon|100\/100|[from] move: Wish|[wisher] Umbreon\n|upkeep\n|turn|34\n|\n|t:|1700198477\n|switch|p2a: Pullin P|Dragapult, F|100\/100\n|-status|p2a: Pullin P|tox\n|move|p1a: Umbreon|Foul Play|p2a: Pullin P\n|-supereffective|p2a: Pullin P\n|-damage|p2a: Pullin P|1\/100 tox\n|\n|-damage|p2a: Pullin P|0 fnt|[from] psn\n|faint|p2a: Pullin P\n|upkeep\n|\n|t:|1700198480\n|switch|p2a: Bisharper|Kingambit, F, tera:Dark|29\/100\n|-status|p2a: Bisharper|tox\n|-activate|p2a: Bisharper|ability: Supreme Overlord\n|-start|p2a: Bisharper|fallen4|[silent]\n|turn|35\n|\n|t:|1700198483\n|move|p2a: Bisharper|Iron Head|p1a: Umbreon\n|-damage|p1a: Umbreon|54\/100\n|move|p1a: Umbreon|Wish|p1a: Umbreon\n|\n|-heal|p1a: Umbreon|60\/100|[from] item: Leftovers\n|-damage|p2a: Bisharper|23\/100 tox|[from] psn\n|upkeep\n|turn|36\n|\n|t:|1700198487\n|move|p1a: Umbreon|Protect|p1a: Umbreon\n|-singleturn|p1a: Umbreon|Protect\n|move|p2a: Bisharper|Iron Head|p1a: Umbreon\n|-activate|p1a: Umbreon|move: Protect\n|\n|-heal|p1a: Umbreon|100\/100|[from] move: Wish|[wisher] Umbreon\n|-damage|p2a: Bisharper|11\/100 tox|[from] psn\n|upkeep\n|turn|37\n|-message|Chat88 forfeited.\n|\n|win|liaoya\n|raw|liaoya's rating: 1623 &rarr; <strong>1638<\/strong><br \/>(+15 for winning)\n|raw|Chat88's rating: 1540 &rarr; <strong>1525<\/strong><br \/>(-15 for losing)\n|l|\u2606Chat88\n","uploadtime":1700198492,"views":11,"p1id":"liaoya","p2id":"chat88","formatid":"gen9ou","rating":1525,"private":0,"password":""}