{"id":"gen9ou-1997473946","p1":"gab_fifou","p2":"StinkyBinky609","format":"[Gen 9] OU","log":"|j|\u2606gab_fifou\n|j|\u2606StinkyBinky609\n|t:|1700811643\n|gametype|singles\n|player|p1|gab_fifou|266|1138\n|player|p2|StinkyBinky609|drayden|1181\n|teamsize|p1|6\n|teamsize|p2|6\n|gen|9\n|tier|[Gen 9] OU\n|rated|\n|rule|Sleep Clause Mod: Limit one foe put to sleep\n|rule|Species Clause: Limit one of each Pok\u00e9mon\n|rule|OHKO Clause: OHKO moves are banned\n|rule|Evasion Items Clause: Evasion items are banned\n|rule|Evasion Moves Clause: Evasion moves are banned\n|rule|Endless Battle Clause: Forcing endless battles is banned\n|rule|HP Percentage Mod: HP is shown in percentages\n|clearpoke\n|poke|p1|Great Tusk|\n|poke|p1|Kingambit, F|\n|poke|p1|Ogerpon-Cornerstone, F|\n|poke|p1|Dragapult, F|\n|poke|p1|Blissey, F|\n|poke|p1|Enamorus, F|\n|poke|p2|Great Tusk|\n|poke|p2|Chandelure, F|\n|poke|p2|Kilowattrel, M|\n|poke|p2|Iron Valiant|\n|poke|p2|Piloswine, M|\n|poke|p2|Ludicolo, F|\n|teampreview\n|inactive|Battle timer is ON: inactive players will automatically lose when time's up. (requested by StinkyBinky609)\n|c|\u2606gab_fifou|very uncommon lmao\n|c|\u2606StinkyBinky609|Fr\n|\n|t:|1700811667\n|start\n|switch|p1a: Ogerpon|Ogerpon-Cornerstone, F|100\/100\n|switch|p2a: Small Tusk|Piloswine, M|100\/100\n|turn|1\n|\n|t:|1700811686\n|move|p1a: Ogerpon|Knock Off|p2a: Small Tusk\n|-damage|p2a: Small Tusk|76\/100\n|-enditem|p2a: Small Tusk|Eviolite|[from] move: Knock Off|[of] p1a: Ogerpon\n|move|p2a: Small Tusk|Icicle Crash|p1a: Ogerpon\n|-supereffective|p1a: Ogerpon\n|-crit|p1a: Ogerpon\n|-ability|p1a: Ogerpon|Sturdy\n|-damage|p1a: Ogerpon|1\/100\n|\n|upkeep\n|turn|2\n|\n|t:|1700811697\n|move|p2a: Small Tusk|Ice Shard|p1a: Ogerpon\n|-supereffective|p1a: Ogerpon\n|-damage|p1a: Ogerpon|0 fnt\n|faint|p1a: Ogerpon\n|\n|upkeep\n|\n|t:|1700811705\n|switch|p1a: Enamorus|Enamorus, F|100\/100\n|turn|3\n|\n|t:|1700811710\n|move|p1a: Enamorus|Mystical Fire|p2a: Small Tusk\n|-supereffective|p2a: Small Tusk\n|-damage|p2a: Small Tusk|26\/100\n|-unboost|p2a: Small Tusk|spa|1\n|move|p2a: Small Tusk|Icicle Crash|p1a: Enamorus\n|-supereffective|p1a: Enamorus\n|-damage|p1a: Enamorus|0 fnt\n|faint|p1a: Enamorus\n|\n|upkeep\n|c|\u2606gab_fifou|wait my whole team cannot win\n|\n|t:|1700811735\n|switch|p1a: Kingambit|Kingambit, F|100\/100\n|-activate|p1a: Kingambit|ability: Supreme Overlord\n|-start|p1a: Kingambit|fallen2|[silent]\n|-item|p1a: Kingambit|Air Balloon\n|turn|4\n|inactive|gab_fifou has 120 seconds left.\n|c|\u2606gab_fifou|no im just dumb\n|\n|t:|1700811757\n|switch|p2a: Elon Musk|Great Tusk|100\/100\n|move|p1a: Kingambit|Sucker Punch||[still]\n|-fail|p1a: Kingambit\n|\n|upkeep\n|turn|5\n|inactive|gab_fifou has 120 seconds left.\n|\n|t:|1700811771\n|-end|p1a: Kingambit|fallen2|[silent]\n|switch|p1a: Great Tusk|Great Tusk|100\/100\n|move|p2a: Elon Musk|Close Combat|p1a: Great Tusk\n|-damage|p1a: Great Tusk|71\/100\n|-unboost|p2a: Elon Musk|def|1\n|-unboost|p2a: Elon Musk|spd|1\n|\n|-heal|p1a: Great Tusk|77\/100|[from] item: Leftovers\n|upkeep\n|turn|6\n|inactive|gab_fifou has 120 seconds left.\n|\n|t:|1700811782\n|-end|p2a: Elon Musk|Protosynthesis|[silent]\n|switch|p2a: Ogerpon-Shitspring|Ludicolo, F|100\/100\n|move|p1a: Great Tusk|Knock Off|p2a: Ogerpon-Shitspring\n|-damage|p2a: Ogerpon-Shitspring|61\/100\n|-enditem|p2a: Ogerpon-Shitspring|Choice Specs|[from] move: Knock Off|[of] p1a: Great Tusk\n|\n|-heal|p1a: Great Tusk|83\/100|[from] item: Leftovers\n|upkeep\n|turn|7\n|inactive|gab_fifou has 120 seconds left.\n|\n|t:|1700811793\n|-end|p1a: Great Tusk|Protosynthesis|[silent]\n|switch|p1a: Dragapult|Dragapult, F, shiny|100\/100\n|move|p2a: Ogerpon-Shitspring|Leaf Storm|p1a: Dragapult\n|-resisted|p1a: Dragapult\n|-damage|p1a: Dragapult|61\/100\n|-unboost|p2a: Ogerpon-Shitspring|spa|2\n|\n|upkeep\n|turn|8\n|inactive|gab_fifou has 120 seconds left.\n|\n|t:|1700811803\n|move|p1a: Dragapult|Flamethrower|p2a: Ogerpon-Shitspring\n|-damage|p2a: Ogerpon-Shitspring|19\/100\n|move|p2a: Ogerpon-Shitspring|Blizzard|p1a: Dragapult\n|-supereffective|p1a: Dragapult\n|-damage|p1a: Dragapult|17\/100\n|\n|upkeep\n|turn|9\n|\n|t:|1700811811\n|switch|p2a: Chandy|Chandelure, F|100\/100\n|move|p1a: Dragapult|Flamethrower|p2a: Chandy\n|-start|p2a: Chandy|ability: Flash Fire\n|\n|upkeep\n|turn|10\n|\n|t:|1700811818\n|switch|p1a: Blissey|Blissey, F, shiny|100\/100\n|-terastallize|p2a: Chandy|Fire\n|move|p2a: Chandy|Overheat|p1a: Blissey\n|-damage|p1a: Blissey|21\/100\n|-unboost|p2a: Chandy|spa|2\n|\n|-heal|p1a: Blissey|27\/100|[from] item: Leftovers\n|upkeep\n|turn|11\n|\n|t:|1700811835\n|switch|p1a: Great Tusk|Great Tusk|83\/100\n|move|p2a: Chandy|Overheat|p1a: Great Tusk\n|-damage|p1a: Great Tusk|0 fnt\n|-unboost|p2a: Chandy|spa|2\n|faint|p1a: Great Tusk\n|-end|p1a: Great Tusk|Protosynthesis|[silent]\n|\n|upkeep\n|l|\u2606StinkyBinky609\n|inactive|StinkyBinky609 disconnected and has a minute to reconnect!\n|player|p2|\n|j|\u2606StinkyBinky609\n|inactive|StinkyBinky609 reconnected.\n|player|p2|StinkyBinky609|drayden\n|-message|gab_fifou forfeited.\n|\n|win|StinkyBinky609\n|raw|gab_fifou's rating: 1138 &rarr; <strong>1116<\/strong><br \/>(-22 for losing)\n|raw|StinkyBinky609's rating: 1181 &rarr; <strong>1203<\/strong><br \/>(+22 for winning)\n|l|\u2606gab_fifou\n|c|\u2606StinkyBinky609|I thought chi yu was banned\n","uploadtime":1700811855,"views":2,"p1id":"gabfifou","p2id":"stinkybinky609","formatid":"gen9ou","rating":1116,"private":0,"password":""}