{"id":"gen9ou-1994511266","p1":"It's classified","p2":"NFE is a real tier","format":"[Gen 9] OU","log":"|j|\u2606It's classified\n|j|\u2606NFE is a real tier\n|t:|1700452664\n|gametype|singles\n|player|p1|It's classified|pokemonranger-gen4|1508\n|player|p2|NFE is a real tier|hiker|1411\n|teamsize|p1|6\n|teamsize|p2|6\n|gen|9\n|tier|[Gen 9] OU\n|rated|\n|rule|Sleep Clause Mod: Limit one foe put to sleep\n|rule|Species Clause: Limit one of each Pok\u00e9mon\n|rule|OHKO Clause: OHKO moves are banned\n|rule|Evasion Items Clause: Evasion items are banned\n|rule|Evasion Moves Clause: Evasion moves are banned\n|rule|Endless Battle Clause: Forcing endless battles is banned\n|rule|HP Percentage Mod: HP is shown in percentages\n|clearpoke\n|poke|p1|Ceruledge, M|\n|poke|p1|Ninetales-Alola, F|\n|poke|p1|Iron Valiant|\n|poke|p1|Great Tusk|\n|poke|p1|Manaphy|\n|poke|p1|Kingambit, F|\n|poke|p2|Pelipper, F|\n|poke|p2|Floatzel, F|\n|poke|p2|Basculegion-F, F|\n|poke|p2|Garchomp, F|\n|poke|p2|Greninja-*, M|\n|poke|p2|Mamoswine, F|\n|teampreview\n|inactive|Battle timer is ON: inactive players will automatically lose when time's up. (requested by It's classified)\n|\n|t:|1700452678\n|start\n|switch|p1a: Ninetales|Ninetales-Alola, F|100\/100\n|switch|p2a: Mamoswine|Mamoswine, F|100\/100\n|-weather|Snow|[from] ability: Snow Warning|[of] p1a: Ninetales\n|turn|1\n|\n|t:|1700452683\n|move|p1a: Ninetales|Hypnosis|p2a: Mamoswine\n|-status|p2a: Mamoswine|slp|[from] move: Hypnosis\n|cant|p2a: Mamoswine|slp\n|\n|-weather|Snow|[upkeep]\n|upkeep\n|turn|2\n|inactive|NFE is a real tier has 120 seconds left.\n|inactive|It's classified has 120 seconds left.\n|\n|t:|1700452733\n|move|p1a: Ninetales|Freeze-Dry|p2a: Mamoswine\n|-damage|p2a: Mamoswine|91\/100 slp\n|cant|p2a: Mamoswine|slp\n|\n|-weather|Snow|[upkeep]\n|upkeep\n|turn|3\n|\n|t:|1700452739\n|move|p1a: Ninetales|Aurora Veil|p1a: Ninetales\n|-sidestart|p1: It's classified|move: Aurora Veil\n|-curestatus|p2a: Mamoswine|slp|[msg]\n|move|p2a: Mamoswine|Earthquake|p1a: Ninetales\n|-damage|p1a: Ninetales|78\/100\n|\n|-weather|Snow|[upkeep]\n|upkeep\n|turn|4\n|\n|t:|1700452745\n|move|p1a: Ninetales|Encore|p2a: Mamoswine\n|-start|p2a: Mamoswine|Encore\n|move|p2a: Mamoswine|Earthquake|p1a: Ninetales\n|-damage|p1a: Ninetales|54\/100\n|\n|-weather|Snow|[upkeep]\n|upkeep\n|turn|5\n|\n|t:|1700452749\n|switch|p1a: Ceruledge|Ceruledge, M|100\/100\n|-item|p1a: Ceruledge|Air Balloon\n|move|p2a: Mamoswine|Earthquake|p1a: Ceruledge\n|-immune|p1a: Ceruledge\n|\n|-weather|none\n|upkeep\n|turn|6\n|\n|t:|1700452752\n|move|p1a: Ceruledge|Swords Dance|p1a: Ceruledge\n|-boost|p1a: Ceruledge|atk|2\n|move|p2a: Mamoswine|Earthquake|p1a: Ceruledge\n|-immune|p1a: Ceruledge\n|\n|-end|p2a: Mamoswine|Encore\n|upkeep\n|turn|7\n|\n|t:|1700452762\n|move|p1a: Ceruledge|Close Combat|p2a: Mamoswine\n|-supereffective|p2a: Mamoswine\n|-damage|p2a: Mamoswine|0 fnt\n|-unboost|p1a: Ceruledge|def|1\n|-unboost|p1a: Ceruledge|spd|1\n|faint|p2a: Mamoswine\n|\n|upkeep\n|\n|t:|1700452776\n|switch|p2a: Pelipper|Pelipper, F|100\/100\n|-weather|RainDance|[from] ability: Drizzle|[of] p2a: Pelipper\n|turn|8\n|\n|t:|1700452781\n|move|p1a: Ceruledge|Poltergeist|p2a: Pelipper\n|-activate|p2a: Pelipper|move: Poltergeist|Damp Rock\n|-damage|p2a: Pelipper|0 fnt\n|faint|p2a: Pelipper\n|\n|-weather|RainDance|[upkeep]\n|upkeep\n|\n|t:|1700452794\n|switch|p2a: Basculegion|Basculegion-F, F|100\/100\n|turn|9\n|\n|t:|1700452797\n|switch|p1a: Ninetales|Ninetales-Alola, F|54\/100\n|-weather|Snow|[from] ability: Snow Warning|[of] p1a: Ninetales\n|move|p2a: Basculegion|Shadow Ball|p1a: Ninetales\n|-damage|p1a: Ninetales|34\/100\n|\n|-weather|Snow|[upkeep]\n|upkeep\n|turn|10\n|\n|t:|1700452804\n|move|p1a: Ninetales|Hypnosis|p2a: Basculegion\n|-status|p2a: Basculegion|slp|[from] move: Hypnosis\n|cant|p2a: Basculegion|slp\n|\n|-weather|Snow|[upkeep]\n|-sideend|p1: It's classified|move: Aurora Veil\n|upkeep\n|turn|11\n|\n|t:|1700452806\n|move|p1a: Ninetales|Aurora Veil|p1a: Ninetales\n|-sidestart|p1: It's classified|move: Aurora Veil\n|cant|p2a: Basculegion|slp\n|\n|-weather|Snow|[upkeep]\n|upkeep\n|turn|12\n|\n|t:|1700452811\n|switch|p1a: Iron Valiant|Iron Valiant|100\/100\n|-enditem|p1a: Iron Valiant|Booster Energy\n|-activate|p1a: Iron Valiant|ability: Quark Drive|[fromitem]\n|-start|p1a: Iron Valiant|quarkdrivespe\n|-curestatus|p2a: Basculegion|slp|[msg]\n|move|p2a: Basculegion|Hydro Pump|p1a: Iron Valiant\n|-damage|p1a: Iron Valiant|58\/100\n|\n|-weather|Snow|[upkeep]\n|upkeep\n|turn|13\n|\n|t:|1700452831\n|move|p1a: Iron Valiant|Calm Mind|p1a: Iron Valiant\n|-boost|p1a: Iron Valiant|spa|1\n|-boost|p1a: Iron Valiant|spd|1\n|move|p2a: Basculegion|Shadow Ball|p1a: Iron Valiant\n|-damage|p1a: Iron Valiant|36\/100\n|\n|-weather|none\n|upkeep\n|turn|14\n|\n|t:|1700452836\n|move|p1a: Iron Valiant|Thunderbolt|p2a: Basculegion\n|-supereffective|p2a: Basculegion\n|-crit|p2a: Basculegion\n|-damage|p2a: Basculegion|0 fnt\n|faint|p2a: Basculegion\n|\n|upkeep\n|\n|t:|1700452840\n|switch|p2a: Floatzel|Floatzel, F|100\/100\n|turn|15\n|\n|t:|1700452843\n|move|p2a: Floatzel|Aqua Jet|p1a: Iron Valiant\n|-damage|p1a: Iron Valiant|24\/100\n|move|p1a: Iron Valiant|Thunderbolt|p2a: Floatzel\n|-supereffective|p2a: Floatzel\n|-damage|p2a: Floatzel|0 fnt\n|faint|p2a: Floatzel\n|\n|upkeep\n|\n|t:|1700452872\n|switch|p2a: Greninja|Greninja, M|100\/100\n|turn|16\n|\n|t:|1700452880\n|move|p2a: Greninja|Water Shuriken|p1a: Iron Valiant\n|-damage|p1a: Iron Valiant|18\/100\n|-damage|p1a: Iron Valiant|13\/100\n|-damage|p1a: Iron Valiant|7\/100\n|-hitcount|p1a: Iron Valiant|3\n|-damage|p2a: Greninja|91\/100|[from] item: Life Orb\n|move|p1a: Iron Valiant|Moonblast|p2a: Greninja\n|-supereffective|p2a: Greninja\n|-damage|p2a: Greninja|0 fnt\n|faint|p2a: Greninja\n|\n|upkeep\n|\n|t:|1700452886\n|switch|p2a: Garchomp|Garchomp, F|100\/100\n|turn|17\n|\n|t:|1700452902\n|-terastallize|p2a: Garchomp|Ground\n|move|p1a: Iron Valiant|Psyshock|p2a: Garchomp\n|-damage|p2a: Garchomp|64\/100\n|move|p2a: Garchomp|Swords Dance|p2a: Garchomp\n|-boost|p2a: Garchomp|atk|2\n|\n|upkeep\n|turn|18\n|\n|t:|1700452908\n|-terastallize|p1a: Iron Valiant|Fairy\n|move|p1a: Iron Valiant|Moonblast|p2a: Garchomp\n|-damage|p2a: Garchomp|0 fnt\n|faint|p2a: Garchomp\n|\n|win|It's classified\n|raw|It&apos;s classified's rating: 1508 &rarr; <strong>1523<\/strong><br \/>(+15 for winning)\n|raw|NFE is a real tier's rating: 1411 &rarr; <strong>1396<\/strong><br \/>(-15 for losing)\n|l|\u2606NFE is a real tier\n","uploadtime":1700452926,"views":22,"p1id":"itsclassified","p2id":"nfeisarealtier","formatid":"gen9ou","rating":1396,"private":0,"password":""}