{"id":"gen9ou-1988896960","p1":"Theloomer","p2":"Slopandslimeher","format":"[Gen 9] OU","log":"|j|\u2606Theloomer\n|j|\u2606Slopandslimeher\n|t:|1699783354\n|gametype|singles\n|player|p1|Theloomer|caitlin|1329\n|player|p2|Slopandslimeher|scientist-gen9|1433\n|teamsize|p1|6\n|teamsize|p2|6\n|gen|9\n|tier|[Gen 9] OU\n|rated|\n|rule|Sleep Clause Mod: Limit one foe put to sleep\n|rule|Species Clause: Limit one of each Pok\u00e9mon\n|rule|OHKO Clause: OHKO moves are banned\n|rule|Evasion Items Clause: Evasion items are banned\n|rule|Evasion Moves Clause: Evasion moves are banned\n|rule|Endless Battle Clause: Forcing endless battles is banned\n|rule|HP Percentage Mod: HP is shown in percentages\n|clearpoke\n|poke|p1|Iron Jugulis|\n|poke|p1|Ogerpon-Wellspring, F|\n|poke|p1|Tinkaton, F|\n|poke|p1|Iron Moth|\n|poke|p1|Great Tusk|\n|poke|p1|Dragapult, M|\n|poke|p2|Samurott-Hisui, M|\n|poke|p2|Alomomola, M|\n|poke|p2|Gholdengo|\n|poke|p2|Slowking-Galar, M|\n|poke|p2|Cloyster, M|\n|poke|p2|Weezing-Galar, F|\n|teampreview\n|inactive|Battle timer is ON: inactive players will automatically lose when time's up. (requested by Slopandslimeher)\n|inactive|Slopandslimeher has 120 seconds left.\n|\n|t:|1699783387\n|start\n|switch|p1a: Ogerpon|Ogerpon-Wellspring, F|100\/100\n|switch|p2a: Samurott|Samurott-Hisui, M|100\/100\n|turn|1\n|\n|t:|1699783401\n|switch|p2a: Weezing|Weezing-Galar, F|100\/100\n|move|p1a: Ogerpon|U-turn|p2a: Weezing\n|-resisted|p2a: Weezing\n|-damage|p2a: Weezing|96\/100\n|-damage|p1a: Ogerpon|84\/100|[from] item: Rocky Helmet|[of] p2a: Weezing\n|\n|t:|1699783413\n|switch|p1a: TWINKATON|Tinkaton, F|100\/100|[from] U-turn\n|-item|p1a: TWINKATON|Air Balloon\n|\n|upkeep\n|turn|2\n|\n|t:|1699783432\n|move|p1a: TWINKATON|Stealth Rock|p2a: Weezing\n|-sidestart|p2: Slopandslimeher|move: Stealth Rock\n|move|p2a: Weezing|Will-O-Wisp|p1a: TWINKATON|[miss]\n|-miss|p2a: Weezing|p1a: TWINKATON\n|\n|upkeep\n|turn|3\n|\n|t:|1699783453\n|switch|p1a: Iron Moth|Iron Moth|100\/100\n|-enditem|p1a: Iron Moth|Booster Energy\n|-activate|p1a: Iron Moth|ability: Quark Drive|[fromitem]\n|-start|p1a: Iron Moth|quarkdrivespe\n|move|p2a: Weezing|Defog|p1a: Iron Moth\n|-unboost|p1a: Iron Moth|evasion|1\n|-sideend|p2: Slopandslimeher|Stealth Rock|[from] move: Defog|[of] p2a: Weezing\n|\n|upkeep\n|turn|4\n|\n|t:|1699783460\n|switch|p2a: Alomomola|Alomomola, M|100\/100\n|move|p1a: Iron Moth|Psychic|p2a: Alomomola\n|-damage|p2a: Alomomola|74\/100\n|-enditem|p2a: Alomomola|Red Card|[of] p1a: Iron Moth\n|-end|p1a: Iron Moth|Quark Drive|[silent]\n|drag|p1a: Dragapult|Dragapult, M|100\/100\n|\n|upkeep\n|turn|5\n|\n|t:|1699783474\n|move|p1a: Dragapult|Draco Meteor|p2a: Alomomola\n|-damage|p2a: Alomomola|3\/100\n|-unboost|p1a: Dragapult|spa|2\n|move|p2a: Alomomola|Wish|p2a: Alomomola\n|\n|upkeep\n|turn|6\n|\n|t:|1699783483\n|switch|p1a: Ogerpon|Ogerpon-Wellspring, F|84\/100\n|switch|p2a: Weezing|Weezing-Galar, F|96\/100\n|\n|-heal|p2a: Weezing|100\/100|[from] move: Wish|[wisher] Alomomola\n|upkeep\n|turn|7\n|\n|t:|1699783492\n|move|p1a: Ogerpon|U-turn|p2a: Weezing\n|-resisted|p2a: Weezing\n|-damage|p2a: Weezing|96\/100\n|-damage|p1a: Ogerpon|67\/100|[from] item: Rocky Helmet|[of] p2a: Weezing\n|\n|t:|1699783494\n|switch|p1a: Iron Moth|Iron Moth|100\/100|[from] U-turn\n|move|p2a: Weezing|Will-O-Wisp|p1a: Iron Moth|[miss]\n|-miss|p2a: Weezing|p1a: Iron Moth\n|\n|upkeep\n|turn|8\n|\n|t:|1699783502\n|switch|p2a: Slowking|Slowking-Galar, M|100\/100\n|move|p1a: Iron Moth|Sludge Wave|p2a: Slowking\n|-resisted|p2a: Slowking\n|-damage|p2a: Slowking|85\/100\n|\n|upkeep\n|turn|9\n|\n|t:|1699783509\n|-end|p1a: Iron Moth|Quark Drive|[silent]\n|switch|p1a: Iron Jugulis|Iron Jugulis|100\/100\n|-enditem|p1a: Iron Jugulis|Booster Energy\n|-activate|p1a: Iron Jugulis|ability: Quark Drive|[fromitem]\n|-start|p1a: Iron Jugulis|quarkdrivespe\n|move|p2a: Slowking|Future Sight|p1a: Iron Jugulis\n|-start|p2a: Slowking|move: Future Sight\n|\n|upkeep\n|turn|10\n|\n|t:|1699783517\n|move|p1a: Iron Jugulis|Knock Off|p2a: Slowking\n|-supereffective|p2a: Slowking\n|-crit|p2a: Slowking\n|-damage|p2a: Slowking|5\/100\n|-enditem|p2a: Slowking|Heavy-Duty Boots|[from] move: Knock Off|[of] p1a: Iron Jugulis\n|move|p2a: Slowking|Chilly Reception|p2a: Slowking\n|-weather|Snow\n|\n|t:|1699783542\n|switch|p2a: Samurott|Samurott-Hisui, M|100\/100|[from] Chilly Reception\n|\n|-weather|Snow|[upkeep]\n|upkeep\n|turn|11\n|\n|t:|1699783563\n|-terastallize|p1a: Iron Jugulis|Steel\n|move|p1a: Iron Jugulis|Earth Power|p2a: Samurott\n|-damage|p2a: Samurott|82\/100\n|move|p2a: Samurott|Ceaseless Edge|p1a: Iron Jugulis\n|-damage|p1a: Iron Jugulis|58\/100\n|-sidestart|p1: Theloomer|Spikes\n|\n|-weather|Snow|[upkeep]\n|-end|p1a: Iron Jugulis|move: Future Sight\n|-resisted|p1a: Iron Jugulis\n|-damage|p1a: Iron Jugulis|26\/100\n|upkeep\n|turn|12\n|\n|t:|1699783574\n|-end|p1a: Iron Jugulis|Quark Drive|[silent]\n|switch|p1a: Great Tusk|Great Tusk|100\/100\n|-damage|p1a: Great Tusk|88\/100|[from] Spikes\n|-enditem|p1a: Great Tusk|Booster Energy\n|-activate|p1a: Great Tusk|ability: Protosynthesis|[fromitem]\n|-start|p1a: Great Tusk|protosynthesisspe\n|move|p2a: Samurott|Ceaseless Edge|p1a: Great Tusk\n|-resisted|p1a: Great Tusk\n|-damage|p1a: Great Tusk|78\/100\n|-sidestart|p1: Theloomer|Spikes\n|\n|-weather|Snow|[upkeep]\n|upkeep\n|turn|13\n|\n|t:|1699783590\n|switch|p2a: Gholdengo|Gholdengo|100\/100\n|move|p1a: Great Tusk|Headlong Rush|p2a: Gholdengo\n|-supereffective|p2a: Gholdengo\n|-damage|p2a: Gholdengo|0 fnt\n|-unboost|p1a: Great Tusk|def|1\n|-unboost|p1a: Great Tusk|spd|1\n|faint|p2a: Gholdengo\n|\n|-weather|Snow|[upkeep]\n|upkeep\n|\n|t:|1699783595\n|switch|p2a: Cloyster|Cloyster, M|100\/100\n|turn|14\n|\n|t:|1699783604\n|-end|p1a: Great Tusk|Protosynthesis|[silent]\n|switch|p1a: TWINKATON|Tinkaton, F|100\/100\n|-item|p1a: TWINKATON|Air Balloon\n|move|p2a: Cloyster|Icicle Spear|p1a: TWINKATON\n|-resisted|p1a: TWINKATON\n|-damage|p1a: TWINKATON|90\/100\n|-enditem|p1a: TWINKATON|Air Balloon\n|-resisted|p1a: TWINKATON\n|-damage|p1a: TWINKATON|80\/100\n|-resisted|p1a: TWINKATON\n|-damage|p1a: TWINKATON|69\/100\n|-resisted|p1a: TWINKATON\n|-damage|p1a: TWINKATON|60\/100\n|-resisted|p1a: TWINKATON\n|-damage|p1a: TWINKATON|50\/100\n|-hitcount|p1a: TWINKATON|5\n|\n|-weather|none\n|upkeep\n|turn|15\n|\n|t:|1699783613\n|switch|p2a: Alomomola|Alomomola, M|37\/100\n|move|p1a: TWINKATON|Thunder Wave|p2a: Alomomola\n|-status|p2a: Alomomola|par\n|\n|upkeep\n|turn|16\n|\n|t:|1699783620\n|move|p1a: TWINKATON|Stealth Rock|p2a: Alomomola\n|-sidestart|p2: Slopandslimeher|move: Stealth Rock\n|move|p2a: Alomomola|Wish|p2a: Alomomola\n|\n|upkeep\n|turn|17\n|\n|t:|1699783628\n|move|p1a: TWINKATON|Encore|p2a: Alomomola\n|-start|p2a: Alomomola|Encore\n|move|p2a: Alomomola|Wish||[still]\n|-fail|p2a: Alomomola\n|\n|-heal|p2a: Alomomola|86\/100 par|[from] move: Wish|[wisher] Alomomola\n|upkeep\n|turn|18\n|\n|t:|1699783638\n|switch|p1a: Iron Moth|Iron Moth|100\/100\n|-damage|p1a: Iron Moth|84\/100|[from] Spikes\n|move|p2a: Alomomola|Wish|p2a: Alomomola\n|\n|upkeep\n|turn|19\n|\n|t:|1699783650\n|switch|p2a: Samurott|Samurott-Hisui, M|82\/100\n|-damage|p2a: Samurott|70\/100|[from] Stealth Rock\n|move|p1a: Iron Moth|Psychic|p2a: Samurott\n|-immune|p2a: Samurott\n|\n|-heal|p2a: Samurott|100\/100|[from] move: Wish|[wisher] Alomomola\n|upkeep\n|turn|20\n|\n|t:|1699783663\n|move|p1a: Iron Moth|Dazzling Gleam|p2a: Samurott\n|-supereffective|p2a: Samurott\n|-damage|p2a: Samurott|65\/100\n|move|p2a: Samurott|Ceaseless Edge|p1a: Iron Moth\n|-crit|p1a: Iron Moth\n|-damage|p1a: Iron Moth|10\/100\n|-sidestart|p1: Theloomer|Spikes\n|\n|upkeep\n|turn|21\n|\n|t:|1699783670\n|-end|p1a: Iron Moth|Quark Drive|[silent]\n|switch|p1a: Great Tusk|Great Tusk|78\/100\n|-damage|p1a: Great Tusk|53\/100|[from] Spikes\n|move|p2a: Samurott|Flip Turn|p1a: Great Tusk\n|-supereffective|p1a: Great Tusk\n|-damage|p1a: Great Tusk|22\/100\n|\n|t:|1699783677\n|switch|p2a: Cloyster|Cloyster, M|100\/100|[from] Flip Turn\n|-damage|p2a: Cloyster|76\/100|[from] Stealth Rock\n|\n|upkeep\n|turn|22\n|\n|t:|1699783682\n|move|p2a: Cloyster|Ice Shard|p1a: Great Tusk\n|-supereffective|p1a: Great Tusk\n|-damage|p1a: Great Tusk|0 fnt\n|faint|p1a: Great Tusk\n|-end|p1a: Great Tusk|Protosynthesis|[silent]\n|\n|upkeep\n|\n|t:|1699783689\n|switch|p1a: Dragapult|Dragapult, M|100\/100\n|-damage|p1a: Dragapult|76\/100|[from] Spikes\n|turn|23\n|\n|t:|1699783698\n|switch|p2a: Weezing|Weezing-Galar, F|96\/100\n|-damage|p2a: Weezing|84\/100|[from] Stealth Rock\n|move|p1a: Dragapult|Draco Meteor|p2a: Weezing\n|-immune|p2a: Weezing\n|\n|upkeep\n|turn|24\n|-message|Theloomer forfeited.\n|\n|win|Slopandslimeher\n|raw|Theloomer's rating: 1329 &rarr; <strong>1315<\/strong><br \/>(-14 for losing)\n|raw|Slopandslimeher's rating: 1433 &rarr; <strong>1447<\/strong><br \/>(+14 for winning)\n|l|\u2606Theloomer\n","uploadtime":1699783723,"views":10,"p1id":"theloomer","p2id":"slopandslimeher","formatid":"gen9ou","rating":1315,"private":0,"password":""}