{"id":"gen9ou-1990735122","p1":"don japer","p2":"Leonardobug","format":"[Gen 9] OU","log":"|j|\u2606don japer\n|j|\u2606Leonardobug\n|t:|1699995950\n|gametype|singles\n|player|p1|don japer|oak-gen2|1384\n|player|p2|Leonardobug|benga|1378\n|teamsize|p1|6\n|teamsize|p2|6\n|gen|9\n|tier|[Gen 9] OU\n|rated|\n|rule|Sleep Clause Mod: Limit one foe put to sleep\n|rule|Species Clause: Limit one of each Pok\u00e9mon\n|rule|OHKO Clause: OHKO moves are banned\n|rule|Evasion Items Clause: Evasion items are banned\n|rule|Evasion Moves Clause: Evasion moves are banned\n|rule|Endless Battle Clause: Forcing endless battles is banned\n|rule|HP Percentage Mod: HP is shown in percentages\n|clearpoke\n|poke|p1|Landorus-Therian, M|\n|poke|p1|Slowking-Galar, F|\n|poke|p1|Zamazenta-*|\n|poke|p1|Iron Valiant|\n|poke|p1|Cinderace, F|\n|poke|p1|Greninja-*, M|\n|poke|p2|Ninetales-Alola, F|\n|poke|p2|Dondozo, M|\n|poke|p2|Dragonite, M|\n|poke|p2|Garganacl, F|\n|poke|p2|Great Tusk|\n|poke|p2|Toxapex, F|\n|teampreview\n|inactive|Battle timer is ON: inactive players will automatically lose when time's up. (requested by Leonardobug)\n|\n|t:|1699995954\n|start\n|switch|p1a: rodney|Cinderace, F|100\/100\n|switch|p2a: Ninetales|Ninetales-Alola, F|100\/100\n|-weather|Snow|[from] ability: Snow Warning|[of] p2a: Ninetales\n|turn|1\n|\n|t:|1699995959\n|switch|p2a: Dondozo|Dondozo, M, shiny|100\/100\n|move|p1a: rodney|Pyro Ball|p2a: Dondozo\n|-resisted|p2a: Dondozo\n|-damage|p2a: Dondozo|87\/100\n|\n|-weather|Snow|[upkeep]\n|-heal|p2a: Dondozo|93\/100|[from] item: Leftovers\n|upkeep\n|turn|2\n|\n|t:|1699995961\n|move|p1a: rodney|U-turn|p2a: Dondozo\n|-start|p1a: rodney|typechange|Bug|[from] ability: Libero\n|-damage|p2a: Dondozo|79\/100\n|\n|t:|1699995963\n|switch|p1a: sharon|Iron Valiant|100\/100|[from] U-turn\n|move|p2a: Dondozo|Wave Crash|p1a: sharon\n|-damage|p1a: sharon|49\/100\n|-damage|p2a: Dondozo|69\/100|[from] Recoil\n|\n|-weather|Snow|[upkeep]\n|-heal|p2a: Dondozo|75\/100|[from] item: Leftovers\n|upkeep\n|turn|3\n|\n|t:|1699995969\n|move|p1a: sharon|Thunderbolt|p2a: Dondozo\n|-supereffective|p2a: Dondozo\n|-damage|p2a: Dondozo|0 fnt\n|faint|p2a: Dondozo\n|\n|-weather|Snow|[upkeep]\n|upkeep\n|\n|t:|1699995982\n|switch|p2a: Ninetales|Ninetales-Alola, F|100\/100\n|turn|4\n|\n|t:|1699995984\n|-end|p1a: sharon|Quark Drive|[silent]\n|switch|p1a: rodney|Cinderace, F|100\/100\n|move|p2a: Ninetales|Encore||[still]\n|-fail|p2a: Ninetales\n|\n|-weather|Snow|[upkeep]\n|upkeep\n|turn|5\n|\n|t:|1699995989\n|switch|p2a: Toxapex|Toxapex, F, shiny|100\/100\n|move|p1a: rodney|Pyro Ball|p2a: Toxapex\n|-resisted|p2a: Toxapex\n|-damage|p2a: Toxapex|80\/100\n|\n|-weather|none\n|upkeep\n|turn|6\n|\n|t:|1699995993\n|move|p1a: rodney|U-turn|p2a: Toxapex\n|-start|p1a: rodney|typechange|Bug|[from] ability: Libero\n|-resisted|p2a: Toxapex\n|-damage|p2a: Toxapex|67\/100\n|\n|t:|1699995995\n|switch|p1a: doggy :)|Landorus-Therian, M, shiny|100\/100|[from] U-turn\n|-ability|p1a: doggy :)|Intimidate|boost\n|-unboost|p2a: Toxapex|atk|1\n|move|p2a: Toxapex|Sludge Bomb|p1a: doggy :)\n|-resisted|p1a: doggy :)\n|-damage|p1a: doggy :)|85\/100\n|\n|upkeep\n|turn|7\n|\n|t:|1699996001\n|move|p1a: doggy :)|Stealth Rock|p2a: Toxapex\n|-sidestart|p2: Leonardobug|move: Stealth Rock\n|move|p2a: Toxapex|Ice Beam|p1a: doggy :)\n|-supereffective|p1a: doggy :)\n|-damage|p1a: doggy :)|0 fnt\n|faint|p1a: doggy :)\n|\n|upkeep\n|\n|t:|1699996004\n|switch|p1a: sharon|Iron Valiant|49\/100\n|turn|8\n|\n|t:|1699996013\n|-terastallize|p2a: Toxapex|Fairy\n|move|p1a: sharon|Psyshock|p2a: Toxapex\n|-damage|p2a: Toxapex|34\/100\n|move|p2a: Toxapex|Sludge Bomb|p1a: sharon\n|-supereffective|p1a: sharon\n|-damage|p1a: sharon|0 fnt\n|faint|p1a: sharon\n|-end|p1a: sharon|Quark Drive|[silent]\n|\n|upkeep\n|\n|t:|1699996018\n|switch|p1a: charles|Zamazenta, shiny|100\/100\n|-ability|p1a: charles|Dauntless Shield|boost\n|-boost|p1a: charles|def|1\n|turn|9\n|\n|t:|1699996027\n|switch|p2a: Ninetales|Ninetales-Alola, F|100\/100\n|-damage|p2a: Ninetales|76\/100|[from] Stealth Rock\n|-weather|Snow|[from] ability: Snow Warning|[of] p2a: Ninetales\n|move|p1a: charles|Heavy Slam|p2a: Ninetales\n|-supereffective|p2a: Ninetales\n|-damage|p2a: Ninetales|0 fnt\n|faint|p2a: Ninetales\n|\n|-weather|Snow|[upkeep]\n|upkeep\n|\n|t:|1699996031\n|switch|p2a: Garganacl|Garganacl, F, shiny|100\/100\n|-damage|p2a: Garganacl|88\/100|[from] Stealth Rock\n|turn|10\n|\n|t:|1699996036\n|switch|p1a: dr dome|Slowking-Galar, F|100\/100\n|move|p2a: Garganacl|Iron Defense|p2a: Garganacl\n|-boost|p2a: Garganacl|def|2\n|\n|-weather|Snow|[upkeep]\n|-heal|p2a: Garganacl|94\/100|[from] item: Leftovers\n|upkeep\n|turn|11\n|\n|t:|1699996041\n|move|p2a: Garganacl|Salt Cure|p1a: dr dome\n|-damage|p1a: dr dome|86\/100\n|-start|p1a: dr dome|Salt Cure\n|move|p1a: dr dome|Future Sight|p2a: Garganacl\n|-start|p1a: dr dome|move: Future Sight\n|\n|-weather|Snow|[upkeep]\n|-heal|p2a: Garganacl|100\/100|[from] item: Leftovers\n|-damage|p1a: dr dome|73\/100|[from] Salt Cure\n|upkeep\n|turn|12\n|\n|t:|1699996049\n|move|p2a: Garganacl|Iron Defense|p2a: Garganacl\n|-boost|p2a: Garganacl|def|2\n|move|p1a: dr dome|Chilly Reception|p1a: dr dome\n|\n|t:|1699996051\n|switch|p1a: rick roll'em|Greninja, M|100\/100|[from] Chilly Reception\n|\n|-weather|Snow|[upkeep]\n|upkeep\n|turn|13\n|\n|t:|1699996058\n|switch|p2a: Toxapex|Toxapex, F, shiny, tera:Fairy|68\/100\n|-damage|p2a: Toxapex|56\/100|[from] Stealth Rock\n|-terastallize|p1a: rick roll'em|Water\n|move|p1a: rick roll'em|Hydro Pump|p2a: Toxapex|[miss]\n|-miss|p1a: rick roll'em|p2a: Toxapex\n|\n|-weather|none\n|-end|p2a: Toxapex|move: Future Sight\n|-damage|p2a: Toxapex|32\/100\n|upkeep\n|turn|14\n|\n|t:|1699996071\n|switch|p2a: Garganacl|Garganacl, F, shiny|100\/100\n|-damage|p2a: Garganacl|88\/100|[from] Stealth Rock\n|move|p1a: rick roll'em|Hydro Pump|p2a: Garganacl\n|-supereffective|p2a: Garganacl\n|-damage|p2a: Garganacl|0 fnt\n|faint|p2a: Garganacl\n|-ability|p1a: rick roll'em|Battle Bond|boost\n|-boost|p1a: rick roll'em|atk|1\n|-boost|p1a: rick roll'em|spa|1\n|-boost|p1a: rick roll'em|spe|1\n|-activate|p1a: rick roll'em|ability: Battle Bond\n|-damage|p1a: rick roll'em|91\/100|[from] item: Life Orb\n|\n|upkeep\n|\n|t:|1699996078\n|switch|p2a: Toxapex|Toxapex, F, shiny, tera:Fairy|65\/100\n|-damage|p2a: Toxapex|53\/100|[from] Stealth Rock\n|turn|15\n|\n|t:|1699996082\n|move|p1a: rick roll'em|Hydro Pump|p2a: Toxapex\n|-damage|p2a: Toxapex|0 fnt\n|faint|p2a: Toxapex\n|-damage|p1a: rick roll'em|81\/100|[from] item: Life Orb\n|\n|upkeep\n|\n|t:|1699996086\n|switch|p2a: Dragonite|Dragonite, M|100\/100\n|-damage|p2a: Dragonite|76\/100|[from] Stealth Rock\n|turn|16\n|\n|t:|1699996088\n|move|p2a: Dragonite|Extreme Speed|p1a: rick roll'em\n|-damage|p1a: rick roll'em|26\/100\n|move|p1a: rick roll'em|Ice Beam|p2a: Dragonite\n|-supereffective|p2a: Dragonite\n|-damage|p2a: Dragonite|0 fnt\n|faint|p2a: Dragonite\n|-damage|p1a: rick roll'em|16\/100|[from] item: Life Orb\n|\n|upkeep\n|\n|t:|1699996091\n|switch|p2a: Great Tusk|Great Tusk, shiny|100\/100\n|turn|17\n|\n|t:|1699996093\n|move|p1a: rick roll'em|Water Shuriken|p2a: Great Tusk\n|-supereffective|p2a: Great Tusk\n|-crit|p2a: Great Tusk\n|-damage|p2a: Great Tusk|14\/100\n|-supereffective|p2a: Great Tusk\n|-damage|p2a: Great Tusk|0 fnt\n|faint|p2a: Great Tusk\n|-end|p2a: Great Tusk|Protosynthesis|[silent]\n|-hitcount|p2: Great Tusk|2\n|-damage|p1a: rick roll'em|6\/100|[from] item: Life Orb\n|\n|win|don japer\n|raw|don japer's rating: 1384 &rarr; <strong>1404<\/strong><br \/>(+20 for winning)\n|raw|Leonardobug's rating: 1378 &rarr; <strong>1358<\/strong><br \/>(-20 for losing)\n|c|\u2606Leonardobug|gg\n|c|\u2606don japer|gg\n","uploadtime":1699996102,"views":17,"p1id":"donjaper","p2id":"leonardobug","formatid":"gen9ou","rating":1358,"private":0,"password":""}