{"id":"gen9ou-1989085372","p1":"littensalt","p2":"BigfootBender","format":"[Gen 9] OU","log":"|j|\u2606littensalt\n|j|\u2606BigfootBender\n|t:|1699810555\n|gametype|singles\n|player|p1|littensalt|calem|1293\n|player|p2|BigfootBender|rocketgruntf|1387\n|teamsize|p1|6\n|teamsize|p2|6\n|gen|9\n|tier|[Gen 9] OU\n|rated|\n|rule|Sleep Clause Mod: Limit one foe put to sleep\n|rule|Species Clause: Limit one of each Pok\u00e9mon\n|rule|OHKO Clause: OHKO moves are banned\n|rule|Evasion Items Clause: Evasion items are banned\n|rule|Evasion Moves Clause: Evasion moves are banned\n|rule|Endless Battle Clause: Forcing endless battles is banned\n|rule|HP Percentage Mod: HP is shown in percentages\n|clearpoke\n|poke|p1|Thundurus-Therian, M|\n|poke|p1|Weezing-Galar, F|\n|poke|p1|Cinderace, F|\n|poke|p1|Dragapult, M|\n|poke|p1|Greninja-*, M|\n|poke|p1|Landorus-Therian, M|\n|poke|p2|Quaquaval, M|\n|poke|p2|Glimmora, M|\n|poke|p2|Dragonite, M|\n|poke|p2|Zoroark-Hisui, F|\n|poke|p2|Heatran, F|\n|poke|p2|Kingambit, M|\n|teampreview\n|\n|t:|1699810597\n|start\n|switch|p1a: Thundurus|Thundurus-Therian, M, shiny|100\/100\n|switch|p2a: Quaquaval|Quaquaval, M|100\/100\n|turn|1\n|\n|t:|1699810604\n|switch|p2a: Glimmora|Glimmora, M|100\/100\n|move|p1a: Thundurus|Volt Switch|p2a: Glimmora\n|-damage|p2a: Glimmora|67\/100\n|\n|t:|1699810607\n|switch|p1a: N95|Greninja, M|100\/100|[from] Volt Switch\n|\n|upkeep\n|turn|2\n|\n|t:|1699810612\n|move|p1a: N95|Grass Knot|p2a: Glimmora\n|-damage|p2a: Glimmora|54\/100\n|-damage|p1a: N95|91\/100|[from] item: Life Orb\n|move|p2a: Glimmora|Energy Ball|p1a: N95\n|-supereffective|p1a: N95\n|-damage|p1a: N95|0 fnt\n|faint|p1a: N95\n|\n|upkeep\n|\n|t:|1699810623\n|switch|p1a: Landorus|Landorus-Therian, M, shiny|100\/100\n|-ability|p1a: Landorus|Intimidate|boost\n|-unboost|p2a: Glimmora|atk|1\n|turn|3\n|\n|t:|1699810629\n|switch|p2a: Dragonite|Dragonite, M|100\/100\n|move|p1a: Landorus|Earthquake|p2a: Dragonite\n|-immune|p2a: Dragonite\n|\n|upkeep\n|turn|4\n|\n|t:|1699810641\n|move|p2a: Dragonite|Iron Head|p1a: Landorus\n|-damage|p1a: Landorus|80\/100\n|move|p1a: Landorus|Taunt|p2a: Dragonite\n|-start|p2a: Dragonite|move: Taunt\n|\n|-heal|p1a: Landorus|86\/100|[from] item: Leftovers\n|upkeep\n|turn|5\n|\n|t:|1699810651\n|switch|p1a: wheezy outta here|Weezing-Galar, F, shiny|100\/100\n|-ability|p1a: wheezy outta here|Neutralizing Gas\n|move|p2a: Dragonite|Iron Head|p1a: wheezy outta here\n|-supereffective|p1a: wheezy outta here\n|-crit|p1a: wheezy outta here\n|-damage|p1a: wheezy outta here|48\/100\n|-damage|p2a: Dragonite|84\/100|[from] item: Rocky Helmet|[of] p1a: wheezy outta here\n|\n|upkeep\n|turn|6\n|\n|t:|1699810659\n|-end|p1a: wheezy outta here|ability: Neutralizing Gas\n|switch|p1a: KIDS SEE GHOST|Dragapult, M, shiny|100\/100\n|move|p2a: Dragonite|Iron Head|p1a: KIDS SEE GHOST\n|-damage|p1a: KIDS SEE GHOST|60\/100\n|\n|upkeep\n|turn|7\n|\n|t:|1699810668\n|switch|p2a: Glimmora|Glimmora, M|54\/100\n|move|p1a: KIDS SEE GHOST|Draco Meteor|p2a: Glimmora\n|-damage|p2a: Glimmora|6\/100\n|-unboost|p1a: KIDS SEE GHOST|spa|2\n|\n|upkeep\n|turn|8\n|\n|t:|1699810675\n|switch|p1a: wheezy outta here|Weezing-Galar, F, shiny|48\/100\n|-ability|p1a: wheezy outta here|Neutralizing Gas\n|move|p2a: Glimmora|Mortal Spin|p1a: wheezy outta here\n|-damage|p1a: wheezy outta here|44\/100\n|-damage|p2a: Glimmora|0 fnt|[from] item: Rocky Helmet|[of] p1a: wheezy outta here\n|faint|p2a: Glimmora\n|\n|upkeep\n|\n|t:|1699810690\n|switch|p2a: Quaquaval|Quaquaval, M|100\/100\n|turn|9\n|\n|t:|1699810695\n|move|p2a: Quaquaval|Aqua Step|p1a: wheezy outta here\n|-damage|p1a: wheezy outta here|17\/100\n|-boost|p2a: Quaquaval|spe|1\n|-damage|p2a: Quaquaval|84\/100|[from] item: Rocky Helmet|[of] p1a: wheezy outta here\n|move|p1a: wheezy outta here|Will-O-Wisp|p2a: Quaquaval\n|-status|p2a: Quaquaval|brn\n|\n|-damage|p2a: Quaquaval|78\/100 brn|[from] brn\n|upkeep\n|turn|10\n|\n|t:|1699810704\n|-end|p1a: wheezy outta here|ability: Neutralizing Gas\n|switch|p1a: Landorus|Landorus-Therian, M, shiny|86\/100\n|-ability|p1a: Landorus|Intimidate|boost\n|-unboost|p2a: Quaquaval|atk|1\n|move|p2a: Quaquaval|Aqua Step|p1a: Landorus\n|-supereffective|p1a: Landorus\n|-damage|p1a: Landorus|68\/100\n|-boost|p2a: Quaquaval|spe|1\n|\n|-heal|p1a: Landorus|74\/100|[from] item: Leftovers\n|-damage|p2a: Quaquaval|72\/100 brn|[from] brn\n|upkeep\n|turn|11\n|\n|t:|1699810721\n|switch|p1a: KIDS SEE GHOST|Dragapult, M, shiny|60\/100\n|move|p2a: Quaquaval|Aqua Step|p1a: KIDS SEE GHOST\n|-resisted|p1a: KIDS SEE GHOST\n|-damage|p1a: KIDS SEE GHOST|51\/100\n|-boost|p2a: Quaquaval|spe|1\n|\n|-damage|p2a: Quaquaval|66\/100 brn|[from] brn\n|upkeep\n|turn|12\n|\n|t:|1699810729\n|switch|p2a: Heatran|Heatran, F|100\/100\n|move|p1a: KIDS SEE GHOST|Shadow Ball|p2a: Heatran\n|-damage|p2a: Heatran|66\/100\n|\n|-heal|p2a: Heatran|73\/100|[from] item: Leftovers\n|upkeep\n|turn|13\n|\n|t:|1699810740\n|switch|p1a: FRANCHISE|Cinderace, F|100\/100\n|move|p2a: Heatran|Flash Cannon|p1a: FRANCHISE\n|-resisted|p1a: FRANCHISE\n|-damage|p1a: FRANCHISE|76\/100\n|-unboost|p1a: FRANCHISE|spd|1\n|\n|-heal|p2a: Heatran|79\/100|[from] item: Leftovers\n|upkeep\n|turn|14\n|\n|t:|1699810752\n|-terastallize|p2a: Heatran|Grass\n|move|p1a: FRANCHISE|U-turn|p2a: Heatran\n|-start|p1a: FRANCHISE|typechange|Bug|[from] ability: Libero\n|-supereffective|p2a: Heatran\n|-damage|p2a: Heatran|20\/100\n|\n|t:|1699810760\n|switch|p1a: Landorus|Landorus-Therian, M, shiny|74\/100|[from] U-turn\n|-ability|p1a: Landorus|Intimidate|boost\n|-unboost|p2a: Heatran|atk|1\n|move|p2a: Heatran|Flamethrower|p1a: Landorus\n|-damage|p1a: Landorus|34\/100\n|\n|-heal|p1a: Landorus|40\/100|[from] item: Leftovers\n|-heal|p2a: Heatran|26\/100|[from] item: Leftovers\n|upkeep\n|turn|15\n|\n|t:|1699810770\n|switch|p1a: FRANCHISE|Cinderace, F|76\/100\n|move|p2a: Heatran|Will-O-Wisp|p1a: FRANCHISE\n|-immune|p1a: FRANCHISE\n|\n|-heal|p2a: Heatran|32\/100|[from] item: Leftovers\n|upkeep\n|turn|16\n|\n|t:|1699810777\n|switch|p2a: Dragonite|Dragonite, M|84\/100\n|move|p1a: FRANCHISE|U-turn|p2a: Dragonite\n|-start|p1a: FRANCHISE|typechange|Bug|[from] ability: Libero\n|-resisted|p2a: Dragonite\n|-damage|p2a: Dragonite|66\/100\n|\n|t:|1699810786\n|switch|p1a: Landorus|Landorus-Therian, M, shiny|40\/100|[from] U-turn\n|-ability|p1a: Landorus|Intimidate|boost\n|-unboost|p2a: Dragonite|atk|1\n|\n|-heal|p1a: Landorus|46\/100|[from] item: Leftovers\n|upkeep\n|turn|17\n|\n|t:|1699810799\n|switch|p1a: wheezy outta here|Weezing-Galar, F, shiny|17\/100\n|-ability|p1a: wheezy outta here|Neutralizing Gas\n|move|p2a: Dragonite|Outrage|p1a: wheezy outta here\n|-immune|p1a: wheezy outta here\n|\n|upkeep\n|turn|18\n|\n|t:|1699810809\n|switch|p2a: Heatran|Heatran, F, tera:Grass|32\/100\n|move|p1a: wheezy outta here|Strange Steam|p2a: Heatran\n|-damage|p2a: Heatran|15\/100\n|-start|p2a: Heatran|confusion\n|\n|-heal|p2a: Heatran|21\/100|[from] item: Leftovers\n|upkeep\n|turn|19\n|\n|t:|1699810821\n|-end|p1a: wheezy outta here|ability: Neutralizing Gas\n|switch|p1a: FRANCHISE|Cinderace, F|76\/100\n|-activate|p2a: Heatran|confusion\n|move|p2a: Heatran|Flash Cannon|p1a: FRANCHISE\n|-resisted|p1a: FRANCHISE\n|-damage|p1a: FRANCHISE|54\/100\n|\n|-heal|p2a: Heatran|27\/100|[from] item: Leftovers\n|upkeep\n|turn|20\n|\n|t:|1699810834\n|move|p1a: FRANCHISE|U-turn|p2a: Heatran\n|-start|p1a: FRANCHISE|typechange|Bug|[from] ability: Libero\n|-supereffective|p2a: Heatran\n|-damage|p2a: Heatran|0 fnt\n|faint|p2a: Heatran\n|\n|t:|1699810842\n|switch|p1a: Thundurus|Thundurus-Therian, M, shiny|100\/100|[from] U-turn\n|\n|upkeep\n|\n|t:|1699810847\n|switch|p2a: Kingambit|Kingambit, M|100\/100\n|turn|21\n|\n|t:|1699810853\n|move|p2a: Kingambit|Nasty Plot|p2a: Kingambit\n|-boost|p2a: Kingambit|spa|2\n|move|p1a: Thundurus|Volt Switch|p2a: Kingambit\n|-damage|p2a: Kingambit|0 fnt\n|replace|p2a: My Mom!|Zoroark-Hisui, F, shiny\n|-end|p2a: My Mom!|Illusion\n|faint|p2a: My Mom!\n|-message|BigfootBender forfeited.\n|\n|win|littensalt\n|raw|littensalt's rating: 1293 &rarr; <strong>1325<\/strong><br \/>(+32 for winning)\n|raw|BigfootBender's rating: 1387 &rarr; <strong>1362<\/strong><br \/>(-25 for losing)\n|l|\u2606BigfootBender\n","uploadtime":1699810866,"views":9,"p1id":"littensalt","p2id":"bigfootbender","formatid":"gen9ou","rating":1325,"private":0,"password":""}