{"id":"gen9ou-1988882061","p1":"Jay_Fluxx","p2":"GiveChompDD","format":"[Gen 9] OU","log":"|j|\u2606Jay_Fluxx\n|j|\u2606GiveChompDD\n|t:|1699780310\n|gametype|singles\n|player|p1|Jay_Fluxx|will|1163\n|player|p2|GiveChompDD|roughneck-gen4|1170\n|teamsize|p1|6\n|teamsize|p2|6\n|gen|9\n|tier|[Gen 9] OU\n|rated|\n|rule|Sleep Clause Mod: Limit one foe put to sleep\n|rule|Species Clause: Limit one of each Pok\u00e9mon\n|rule|OHKO Clause: OHKO moves are banned\n|rule|Evasion Items Clause: Evasion items are banned\n|rule|Evasion Moves Clause: Evasion moves are banned\n|rule|Endless Battle Clause: Forcing endless battles is banned\n|rule|HP Percentage Mod: HP is shown in percentages\n|clearpoke\n|poke|p1|Manaphy|\n|poke|p1|Landorus-Therian, M|\n|poke|p1|Pelipper, M|\n|poke|p1|Barraskewda, M|\n|poke|p1|Politoed, F|\n|poke|p1|Zapdos|\n|poke|p2|Dragonite, M|\n|poke|p2|Cinderace, M|\n|poke|p2|Gholdengo|\n|poke|p2|Iron Valiant|\n|poke|p2|Ogerpon-Wellspring, F|\n|poke|p2|Great Tusk|\n|teampreview\n|inactive|Battle timer is ON: inactive players will automatically lose when time's up. (requested by Jay_Fluxx)\n|\n|t:|1699780324\n|start\n|switch|p1a: Ourple Froge|Politoed, F, shiny|100\/100\n|switch|p2a: Cinderace|Cinderace, M|100\/100\n|-weather|RainDance|[from] ability: Drizzle|[of] p1a: Ourple Froge\n|turn|1\n|\n|t:|1699780334\n|move|p2a: Cinderace|U-turn|p1a: Ourple Froge\n|-damage|p1a: Ourple Froge|78\/100\n|\n|t:|1699780340\n|switch|p2a: Ogerpon|Ogerpon-Wellspring, F|100\/100|[from] U-turn\n|move|p1a: Ourple Froge|Earth Power|p2a: Ogerpon\n|-resisted|p2a: Ogerpon\n|-damage|p2a: Ogerpon|77\/100\n|\n|-weather|RainDance|[upkeep]\n|upkeep\n|turn|2\n|\n|t:|1699780348\n|switch|p1a: Bin Chicken|Zapdos, shiny|100\/100\n|move|p2a: Ogerpon|Horn Leech|p1a: Bin Chicken\n|-resisted|p1a: Bin Chicken\n|-damage|p1a: Bin Chicken|80\/100\n|-heal|p2a: Ogerpon|90\/100|[from] drain|[of] p1a: Bin Chicken\n|\n|-weather|RainDance|[upkeep]\n|-heal|p1a: Bin Chicken|86\/100|[from] item: Leftovers\n|upkeep\n|turn|3\n|\n|t:|1699780358\n|switch|p2a: Gholdengo|Gholdengo|100\/100\n|move|p1a: Bin Chicken|Hurricane|p2a: Gholdengo\n|-resisted|p2a: Gholdengo\n|-damage|p2a: Gholdengo|63\/100\n|\n|-weather|RainDance|[upkeep]\n|-heal|p1a: Bin Chicken|92\/100|[from] item: Leftovers\n|upkeep\n|turn|4\n|\n|t:|1699780371\n|move|p2a: Gholdengo|Make It Rain|p1a: Bin Chicken\n|-resisted|p1a: Bin Chicken\n|-damage|p1a: Bin Chicken|60\/100\n|-unboost|p2a: Gholdengo|spa|1\n|move|p1a: Bin Chicken|Thunder|p2a: Gholdengo\n|-damage|p2a: Gholdengo|0 fnt\n|faint|p2a: Gholdengo\n|\n|-weather|RainDance|[upkeep]\n|-heal|p1a: Bin Chicken|66\/100|[from] item: Leftovers\n|upkeep\n|\n|t:|1699780382\n|switch|p2a: Cinderace|Cinderace, M|100\/100\n|turn|5\n|\n|t:|1699780390\n|move|p2a: Cinderace|Pyro Ball|p1a: Bin Chicken\n|-damage|p1a: Bin Chicken|43\/100\n|move|p1a: Bin Chicken|Hurricane|p2a: Cinderace\n|-damage|p2a: Cinderace|26\/100\n|-start|p2a: Cinderace|confusion\n|\n|-weather|none\n|-heal|p1a: Bin Chicken|49\/100|[from] item: Leftovers\n|upkeep\n|turn|6\n|\n|t:|1699780399\n|-activate|p2a: Cinderace|confusion\n|move|p2a: Cinderace|Pyro Ball|p1a: Bin Chicken\n|-damage|p1a: Bin Chicken|0 fnt\n|faint|p1a: Bin Chicken\n|\n|upkeep\n|\n|t:|1699780404\n|switch|p1a: Yolk Girl|Manaphy, shiny|100\/100\n|turn|7\n|\n|t:|1699780410\n|-activate|p2a: Cinderace|confusion\n|move|p2a: Cinderace|U-turn|p1a: Yolk Girl\n|-damage|p1a: Yolk Girl|85\/100\n|\n|t:|1699780413\n|switch|p2a: Ogerpon|Ogerpon-Wellspring, F|90\/100|[from] U-turn\n|move|p1a: Yolk Girl|Acid Armor|p1a: Yolk Girl\n|-boost|p1a: Yolk Girl|def|2\n|\n|-heal|p1a: Yolk Girl|92\/100|[from] item: Leftovers\n|upkeep\n|turn|8\n|\n|t:|1699780421\n|move|p2a: Ogerpon|Taunt|p1a: Yolk Girl\n|-start|p1a: Yolk Girl|move: Taunt\n|cant|p1a: Yolk Girl|move: Taunt|Acid Armor\n|\n|-heal|p1a: Yolk Girl|98\/100|[from] item: Leftovers\n|upkeep\n|turn|9\n|\n|t:|1699780428\n|move|p2a: Ogerpon|U-turn|p1a: Yolk Girl\n|-damage|p1a: Yolk Girl|85\/100\n|\n|t:|1699780433\n|switch|p2a: Iron Valiant|Iron Valiant|100\/100|[from] U-turn\n|-enditem|p2a: Iron Valiant|Booster Energy\n|-activate|p2a: Iron Valiant|ability: Quark Drive|[fromitem]\n|-start|p2a: Iron Valiant|quarkdrivespe\n|move|p1a: Yolk Girl|Stored Power|p2a: Iron Valiant\n|-supereffective|p2a: Iron Valiant\n|-damage|p2a: Iron Valiant|49\/100\n|\n|-heal|p1a: Yolk Girl|91\/100|[from] item: Leftovers\n|upkeep\n|turn|10\n|\n|t:|1699780442\n|move|p2a: Iron Valiant|Thunderbolt|p1a: Yolk Girl\n|-supereffective|p1a: Yolk Girl\n|-damage|p1a: Yolk Girl|39\/100\n|-status|p1a: Yolk Girl|par\n|cant|p1a: Yolk Girl|par\n|\n|-heal|p1a: Yolk Girl|46\/100 par|[from] item: Leftovers\n|-end|p1a: Yolk Girl|move: Taunt\n|upkeep\n|turn|11\n|\n|t:|1699780457\n|switch|p1a: No More Gliscor :)|Landorus-Therian, M, shiny|100\/100\n|-ability|p1a: No More Gliscor :)|Intimidate|boost\n|-unboost|p2a: Iron Valiant|atk|1\n|move|p2a: Iron Valiant|Thunderbolt|p1a: No More Gliscor :)\n|-immune|p1a: No More Gliscor :)\n|\n|upkeep\n|turn|12\n|\n|t:|1699780471\n|-terastallize|p2a: Iron Valiant|Fairy\n|move|p2a: Iron Valiant|Moonblast|p1a: No More Gliscor :)\n|-damage|p1a: No More Gliscor :)|9\/100\n|move|p1a: No More Gliscor :)|Stone Edge|p2a: Iron Valiant\n|-damage|p2a: Iron Valiant|0 fnt\n|faint|p2a: Iron Valiant\n|-end|p2a: Iron Valiant|Quark Drive|[silent]\n|\n|upkeep\n|\n|t:|1699780485\n|switch|p2a: Great Tusk|Great Tusk|100\/100\n|turn|13\n|\n|t:|1699780491\n|switch|p1a: Green Bill|Pelipper, M, shiny|100\/100\n|-weather|RainDance|[from] ability: Drizzle|[of] p1a: Green Bill\n|move|p2a: Great Tusk|Rapid Spin|p1a: Green Bill\n|-damage|p1a: Green Bill|86\/100\n|-boost|p2a: Great Tusk|spe|1\n|\n|-weather|RainDance|[upkeep]\n|upkeep\n|turn|14\n|\n|t:|1699780503\n|move|p2a: Great Tusk|Knock Off|p1a: Green Bill\n|-crit|p1a: Green Bill\n|-damage|p1a: Green Bill|42\/100\n|-enditem|p1a: Green Bill|Damp Rock|[from] move: Knock Off|[of] p2a: Great Tusk\n|move|p1a: Green Bill|Knock Off|p2a: Great Tusk\n|-resisted|p2a: Great Tusk\n|-damage|p2a: Great Tusk|98\/100\n|-enditem|p2a: Great Tusk|Leftovers|[from] move: Knock Off|[of] p1a: Green Bill\n|\n|-weather|RainDance|[upkeep]\n|upkeep\n|turn|15\n|\n|t:|1699780512\n|move|p2a: Great Tusk|Knock Off|p1a: Green Bill\n|-damage|p1a: Green Bill|24\/100\n|move|p1a: Green Bill|Tailwind|p1a: Green Bill\n|-sidestart|p1: Jay_Fluxx|move: Tailwind\n|\n|-weather|RainDance|[upkeep]\n|upkeep\n|turn|16\n|\n|t:|1699780518\n|move|p1a: Green Bill|U-turn|p2a: Great Tusk\n|-resisted|p2a: Great Tusk\n|-damage|p2a: Great Tusk|95\/100\n|\n|t:|1699780521\n|switch|p1a: Angry Fish|Barraskewda, M, shiny|100\/100|[from] U-turn\n|move|p2a: Great Tusk|Knock Off|p1a: Angry Fish\n|-damage|p1a: Angry Fish|42\/100\n|-enditem|p1a: Angry Fish|Choice Band|[from] move: Knock Off|[of] p2a: Great Tusk\n|\n|-weather|RainDance|[upkeep]\n|upkeep\n|turn|17\n|\n|t:|1699780530\n|move|p1a: Angry Fish|Flip Turn|p2a: Great Tusk\n|-supereffective|p2a: Great Tusk\n|-damage|p2a: Great Tusk|45\/100\n|\n|t:|1699780536\n|switch|p1a: Ourple Froge|Politoed, F, shiny|78\/100|[from] Flip Turn\n|move|p2a: Great Tusk|Knock Off|p1a: Ourple Froge\n|-damage|p1a: Ourple Froge|46\/100\n|-enditem|p1a: Ourple Froge|Choice Specs|[from] move: Knock Off|[of] p2a: Great Tusk\n|\n|-weather|RainDance|[upkeep]\n|upkeep\n|turn|18\n|\n|t:|1699780545\n|move|p1a: Ourple Froge|Weather Ball|p2a: Great Tusk\n|-supereffective|p2a: Great Tusk\n|-damage|p2a: Great Tusk|0 fnt\n|faint|p2a: Great Tusk\n|-end|p2a: Great Tusk|Protosynthesis|[silent]\n|\n|-weather|RainDance|[upkeep]\n|-sideend|p1: Jay_Fluxx|move: Tailwind\n|upkeep\n|\n|t:|1699780550\n|switch|p2a: Ogerpon|Ogerpon-Wellspring, F|90\/100\n|turn|19\n|\n|t:|1699780554\n|move|p2a: Ogerpon|Horn Leech|p1a: Ourple Froge\n|-supereffective|p1a: Ourple Froge\n|-damage|p1a: Ourple Froge|0 fnt\n|-heal|p2a: Ogerpon|100\/100|[from] drain|[of] p1a: Ourple Froge\n|faint|p1a: Ourple Froge\n|\n|-weather|RainDance|[upkeep]\n|upkeep\n|\n|t:|1699780566\n|switch|p1a: Angry Fish|Barraskewda, M, shiny|42\/100\n|turn|20\n|\n|t:|1699780585\n|move|p1a: Angry Fish|Close Combat|p2a: Ogerpon\n|-damage|p2a: Ogerpon|38\/100\n|-unboost|p1a: Angry Fish|def|1\n|-unboost|p1a: Angry Fish|spd|1\n|move|p2a: Ogerpon|Horn Leech|p1a: Angry Fish\n|-supereffective|p1a: Angry Fish\n|-damage|p1a: Angry Fish|0 fnt\n|-heal|p2a: Ogerpon|57\/100|[from] drain|[of] p1a: Angry Fish\n|faint|p1a: Angry Fish\n|\n|-weather|none\n|upkeep\n|\n|t:|1699780599\n|switch|p1a: Green Bill|Pelipper, M, shiny|24\/100\n|-weather|RainDance|[from] ability: Drizzle|[of] p1a: Green Bill\n|turn|21\n|\n|t:|1699780604\n|move|p2a: Ogerpon|Horn Leech|p1a: Green Bill\n|-damage|p1a: Green Bill|0 fnt\n|-heal|p2a: Ogerpon|69\/100|[from] drain|[of] p1a: Green Bill\n|faint|p1a: Green Bill\n|\n|-weather|RainDance|[upkeep]\n|upkeep\n|-message|Jay_Fluxx forfeited.\n|\n|win|GiveChompDD\n|raw|Jay_Fluxx's rating: 1163 &rarr; <strong>1139<\/strong><br \/>(-24 for losing)\n|raw|GiveChompDD's rating: 1170 &rarr; <strong>1194<\/strong><br \/>(+24 for winning)\n|l|\u2606Jay_Fluxx\n","uploadtime":1699780612,"views":20,"p1id":"jayfluxx","p2id":"givechompdd","formatid":"gen9ou","rating":1139,"private":0,"password":""}