{"id":"gen9ou-1997551521","p1":"Pokemh","p2":"jeanmilapipe","format":"[Gen 9] OU","log":"|j|\u203dPokemh\n|j|\u2606jeanmilapipe\n|t:|1700824237\n|gametype|singles\n|player|p1|Pokemh|waitress-gen4|1680\n|player|p2|jeanmilapipe|n|1880\n|teamsize|p1|6\n|teamsize|p2|6\n|gen|9\n|tier|[Gen 9] OU\n|rated|\n|rule|Sleep Clause Mod: Limit one foe put to sleep\n|rule|Species Clause: Limit one of each Pok\u00e9mon\n|rule|OHKO Clause: OHKO moves are banned\n|rule|Evasion Items Clause: Evasion items are banned\n|rule|Evasion Moves Clause: Evasion moves are banned\n|rule|Endless Battle Clause: Forcing endless battles is banned\n|rule|HP Percentage Mod: HP is shown in percentages\n|clearpoke\n|poke|p1|Rillaboom, F|\n|poke|p1|Dragapult, M|\n|poke|p1|Iron Valiant|\n|poke|p1|Sandy Shocks|\n|poke|p1|Hawlucha, M|\n|poke|p1|Kingambit, M|\n|poke|p2|Ceruledge, F|\n|poke|p2|Cinderace, M|\n|poke|p2|Corviknight, F|\n|poke|p2|Frosmoth, M|\n|poke|p2|Mamoswine, M|\n|poke|p2|Grimmsnarl, M|\n|teampreview\n|\n|t:|1700824242\n|start\n|switch|p1a: Sandy Shocks|Sandy Shocks|100\/100\n|switch|p2a: Frosmoth|Frosmoth, M|100\/100\n|-enditem|p1a: Sandy Shocks|Booster Energy\n|-activate|p1a: Sandy Shocks|ability: Protosynthesis|[fromitem]\n|-start|p1a: Sandy Shocks|protosynthesisspe\n|turn|1\n|\n|t:|1700824251\n|move|p1a: Sandy Shocks|Stealth Rock|p2a: Frosmoth\n|-sidestart|p2: jeanmilapipe|move: Stealth Rock\n|move|p2a: Frosmoth|Quiver Dance|p2a: Frosmoth\n|-boost|p2a: Frosmoth|spa|1\n|-boost|p2a: Frosmoth|spd|1\n|-boost|p2a: Frosmoth|spe|1\n|\n|upkeep\n|turn|2\n|\n|t:|1700824257\n|-end|p1a: Sandy Shocks|Protosynthesis|[silent]\n|switch|p1a: Kingambit|Kingambit, M|100\/100\n|move|p2a: Frosmoth|Quiver Dance|p2a: Frosmoth\n|-boost|p2a: Frosmoth|spa|1\n|-boost|p2a: Frosmoth|spd|1\n|-boost|p2a: Frosmoth|spe|1\n|\n|upkeep\n|turn|3\n|\n|t:|1700824264\n|-terastallize|p1a: Kingambit|Dark\n|move|p2a: Frosmoth|Substitute|p2a: Frosmoth\n|-start|p2a: Frosmoth|Substitute\n|-damage|p2a: Frosmoth|76\/100\n|move|p1a: Kingambit|Kowtow Cleave|p2a: Frosmoth\n|-end|p2a: Frosmoth|Substitute\n|\n|upkeep\n|turn|4\n|j| madinsk\n|\n|t:|1700824273\n|move|p2a: Frosmoth|Substitute|p2a: Frosmoth\n|-start|p2a: Frosmoth|Substitute\n|-damage|p2a: Frosmoth|51\/100\n|move|p1a: Kingambit|Kowtow Cleave|p2a: Frosmoth\n|-end|p2a: Frosmoth|Substitute\n|\n|upkeep\n|turn|5\n|\n|t:|1700824279\n|move|p1a: Kingambit|Sucker Punch|p2a: Frosmoth\n|-damage|p2a: Frosmoth|0 fnt\n|faint|p2a: Frosmoth\n|\n|upkeep\n|\n|t:|1700824289\n|switch|p2a: Cinderace|Cinderace, M|100\/100\n|turn|6\n|\n|t:|1700824296\n|-end|p1a: Kingambit|fallenundefined|[silent]\n|switch|p1a: Sandy Shocks|Sandy Shocks|100\/100\n|move|p2a: Cinderace|Will-O-Wisp|p1a: Sandy Shocks|[miss]\n|-miss|p2a: Cinderace|p1a: Sandy Shocks\n|\n|upkeep\n|turn|7\n|\n|t:|1700824302\n|move|p2a: Cinderace|Court Change|p2a: Cinderace\n|-swapsideconditions\n|-activate|p2a: Cinderace|move: Court Change\n|move|p1a: Sandy Shocks|Earth Power|p2a: Cinderace\n|-supereffective|p2a: Cinderace\n|-damage|p2a: Cinderace|0 fnt\n|faint|p2a: Cinderace\n|\n|upkeep\n|\n|t:|1700824311\n|switch|p2a: Mamoswine|Mamoswine, M|100\/100\n|turn|8\n|\n|t:|1700824314\n|move|p1a: Sandy Shocks|Stealth Rock|p2a: Mamoswine\n|-sidestart|p2: jeanmilapipe|move: Stealth Rock\n|move|p2a: Mamoswine|Icicle Spear|p1a: Sandy Shocks\n|-supereffective|p1a: Sandy Shocks\n|-damage|p1a: Sandy Shocks|72\/100\n|-supereffective|p1a: Sandy Shocks\n|-damage|p1a: Sandy Shocks|40\/100\n|-supereffective|p1a: Sandy Shocks\n|-damage|p1a: Sandy Shocks|14\/100\n|-supereffective|p1a: Sandy Shocks\n|-damage|p1a: Sandy Shocks|0 fnt\n|faint|p1a: Sandy Shocks\n|-end|p1a: Sandy Shocks|Protosynthesis|[silent]\n|-hitcount|p1: Sandy Shocks|4\n|\n|upkeep\n|\n|t:|1700824324\n|switch|p1a: Kingambit|Kingambit, M, tera:Dark|100\/100\n|-damage|p1a: Kingambit|88\/100|[from] Stealth Rock\n|-activate|p1a: Kingambit|ability: Supreme Overlord\n|-start|p1a: Kingambit|fallen1|[silent]\n|turn|9\n|\n|t:|1700824329\n|move|p2a: Mamoswine|Earthquake|p1a: Kingambit\n|-damage|p1a: Kingambit|43\/100\n|move|p1a: Kingambit|Iron Head|p2a: Mamoswine\n|-supereffective|p2a: Mamoswine\n|-damage|p2a: Mamoswine|0 fnt\n|faint|p2a: Mamoswine\n|\n|upkeep\n|\n|t:|1700824351\n|switch|p2a: Corviknight|Corviknight, F, shiny|100\/100\n|-damage|p2a: Corviknight|88\/100|[from] Stealth Rock\n|-ability|p2a: Corviknight|Pressure\n|turn|10\n|\n|t:|1700824357\n|move|p1a: Kingambit|Kowtow Cleave|p2a: Corviknight\n|-damage|p2a: Corviknight|36\/100\n|-damage|p1a: Kingambit|27\/100|[from] item: Rocky Helmet|[of] p2a: Corviknight\n|move|p2a: Corviknight|U-turn|p1a: Kingambit\n|-supereffective|p1a: Kingambit\n|-damage|p1a: Kingambit|2\/100\n|\n|t:|1700824364\n|switch|p2a: Ceruledge|Ceruledge, F|100\/100|[from] U-turn\n|\n|upkeep\n|turn|11\n|\n|t:|1700824373\n|move|p2a: Ceruledge|Shadow Sneak|p1a: Kingambit\n|-resisted|p1a: Kingambit\n|-damage|p1a: Kingambit|0 fnt\n|faint|p1a: Kingambit\n|-end|p1a: Kingambit|fallen1|[silent]\n|\n|upkeep\n|\n|t:|1700824375\n|switch|p1a: Rillaboom|Rillaboom, F|100\/100\n|-damage|p1a: Rillaboom|88\/100|[from] Stealth Rock\n|-fieldstart|move: Grassy Terrain|[from] ability: Grassy Surge|[of] p1a: Rillaboom\n|turn|12\n|\n|t:|1700824384\n|switch|p1a: Dragapult|Dragapult, M|100\/100\n|-damage|p1a: Dragapult|88\/100|[from] Stealth Rock\n|move|p2a: Ceruledge|Bitter Blade|p1a: Dragapult\n|-resisted|p1a: Dragapult\n|-damage|p1a: Dragapult|60\/100\n|\n|-heal|p1a: Dragapult|66\/100|[from] Grassy Terrain\n|upkeep\n|turn|13\n|\n|t:|1700824394\n|switch|p2a: Grimmsnarl|Grimmsnarl, M|100\/100\n|-damage|p2a: Grimmsnarl|88\/100|[from] Stealth Rock\n|move|p1a: Dragapult|Dragon Darts|p2a: Grimmsnarl\n|-immune|p2a: Grimmsnarl\n|\n|-heal|p1a: Dragapult|72\/100|[from] Grassy Terrain\n|-heal|p2a: Grimmsnarl|94\/100|[from] Grassy Terrain\n|-heal|p2a: Grimmsnarl|100\/100|[from] item: Leftovers\n|upkeep\n|turn|14\n|\n|t:|1700824406\n|switch|p1a: Iron Valiant|Iron Valiant|100\/100\n|-damage|p1a: Iron Valiant|94\/100|[from] Stealth Rock\n|-enditem|p1a: Iron Valiant|Booster Energy\n|-activate|p1a: Iron Valiant|ability: Quark Drive|[fromitem]\n|-start|p1a: Iron Valiant|quarkdrivespe\n|move|p2a: Grimmsnarl|Taunt|p1a: Iron Valiant\n|-start|p1a: Iron Valiant|move: Taunt\n|\n|-heal|p1a: Iron Valiant|100\/100|[from] Grassy Terrain\n|upkeep\n|turn|15\n|\n|t:|1700824428\n|-terastallize|p2a: Grimmsnarl|Water\n|move|p1a: Iron Valiant|Moonblast|p2a: Grimmsnarl\n|-damage|p2a: Grimmsnarl|44\/100\n|move|p2a: Grimmsnarl|Spirit Break|p1a: Iron Valiant\n|-supereffective|p1a: Iron Valiant\n|-damage|p1a: Iron Valiant|0 fnt\n|faint|p1a: Iron Valiant\n|-end|p1a: Iron Valiant|Quark Drive|[silent]\n|\n|-heal|p2a: Grimmsnarl|50\/100|[from] Grassy Terrain\n|-heal|p2a: Grimmsnarl|57\/100|[from] item: Leftovers\n|upkeep\n|\n|t:|1700824432\n|switch|p1a: Rillaboom|Rillaboom, F|88\/100\n|-damage|p1a: Rillaboom|76\/100|[from] Stealth Rock\n|turn|16\n|\n|t:|1700824445\n|move|p1a: Rillaboom|Knock Off|p2a: Grimmsnarl\n|-damage|p2a: Grimmsnarl|0 fnt\n|-enditem|p2a: Grimmsnarl|Leftovers|[from] move: Knock Off|[of] p1a: Rillaboom\n|faint|p2a: Grimmsnarl\n|\n|-heal|p1a: Rillaboom|82\/100|[from] Grassy Terrain\n|-fieldend|move: Grassy Terrain\n|upkeep\n|\n|t:|1700824453\n|switch|p2a: Ceruledge|Ceruledge, F|100\/100\n|turn|17\n|\n|t:|1700824458\n|switch|p1a: Dragapult|Dragapult, M|72\/100\n|-damage|p1a: Dragapult|59\/100|[from] Stealth Rock\n|move|p2a: Ceruledge|Bitter Blade|p1a: Dragapult\n|-resisted|p1a: Dragapult\n|-damage|p1a: Dragapult|30\/100\n|\n|upkeep\n|turn|18\n|\n|t:|1700824470\n|move|p2a: Ceruledge|Shadow Sneak|p1a: Dragapult\n|-supereffective|p1a: Dragapult\n|-damage|p1a: Dragapult|0 fnt\n|faint|p1a: Dragapult\n|\n|upkeep\n|\n|t:|1700824473\n|switch|p1a: Rillaboom|Rillaboom, F|82\/100\n|-damage|p1a: Rillaboom|70\/100|[from] Stealth Rock\n|-fieldstart|move: Grassy Terrain|[from] ability: Grassy Surge|[of] p1a: Rillaboom\n|turn|19\n|\n|t:|1700824490\n|move|p2a: Ceruledge|Swords Dance|p2a: Ceruledge\n|-boost|p2a: Ceruledge|atk|2\n|move|p1a: Rillaboom|Knock Off|p2a: Ceruledge\n|-supereffective|p2a: Ceruledge\n|-damage|p2a: Ceruledge|0 fnt\n|-enditem|p2a: Ceruledge|Heavy-Duty Boots|[from] move: Knock Off|[of] p1a: Rillaboom\n|faint|p2a: Ceruledge\n|\n|-heal|p1a: Rillaboom|76\/100|[from] Grassy Terrain\n|upkeep\n|j| dlc so insane\n|\n|t:|1700824500\n|switch|p2a: Corviknight|Corviknight, F, shiny|36\/100\n|-damage|p2a: Corviknight|24\/100|[from] Stealth Rock\n|-ability|p2a: Corviknight|Pressure\n|turn|20\n|\n|t:|1700824505\n|move|p1a: Rillaboom|Knock Off|p2a: Corviknight\n|-damage|p2a: Corviknight|0 fnt\n|-damage|p1a: Rillaboom|59\/100|[from] item: Rocky Helmet|[of] p2a: Corviknight\n|-enditem|p2a: Corviknight|Rocky Helmet|[from] move: Knock Off|[of] p1a: Rillaboom\n|faint|p2a: Corviknight\n|\n|win|Pokemh\n|raw|Pokemh's rating: 1680 &rarr; <strong>1710<\/strong><br \/>(+30 for winning)\n|raw|jeanmilapipe's rating: 1880 &rarr; <strong>1850<\/strong><br \/>(-30 for losing)\n|l|\u2606jeanmilapipe\n|l| madinsk\n","uploadtime":1700824512,"views":17,"p1id":"pokemh","p2id":"jeanmilapipe","formatid":"gen9ou","rating":1710,"private":0,"password":""}