{"id":"gen9ou-1992933153","p1":"Hudsonly","p2":"IwillPrayForyou","format":"[Gen 9] OU","log":"|j|\u2606Hudsonly\n|j|\u2606IwillPrayForyou\n|t:|1700248055\n|gametype|singles\n|player|p1|Hudsonly|hilbert-masters2|1245\n|player|p2|IwillPrayForyou|169|1247\n|teamsize|p1|6\n|teamsize|p2|6\n|gen|9\n|tier|[Gen 9] OU\n|rated|\n|rule|Sleep Clause Mod: Limit one foe put to sleep\n|rule|Species Clause: Limit one of each Pok\u00e9mon\n|rule|OHKO Clause: OHKO moves are banned\n|rule|Evasion Items Clause: Evasion items are banned\n|rule|Evasion Moves Clause: Evasion moves are banned\n|rule|Endless Battle Clause: Forcing endless battles is banned\n|rule|HP Percentage Mod: HP is shown in percentages\n|clearpoke\n|poke|p1|Ninetales-Alola, F|\n|poke|p1|Hatterene, F|\n|poke|p1|Blissey, F|\n|poke|p1|Toxapex, F|\n|poke|p1|Kommo-o, F|\n|poke|p1|Corviknight, M|\n|poke|p2|Ceruledge, M|\n|poke|p2|Iron Treads|\n|poke|p2|Enamorus, F|\n|poke|p2|Kingambit, M|\n|poke|p2|Walking Wake|\n|poke|p2|Hatterene, F|\n|teampreview\n|c|\u2606Hudsonly|gl hf\n|inactive|Battle timer is ON: inactive players will automatically lose when time's up. (requested by IwillPrayForyou)\n|\n|t:|1700248075\n|start\n|switch|p1a: Kommo-o|Kommo-o, F|100\/100\n|switch|p2a: Iron Treads|Iron Treads|100\/100\n|-enditem|p2a: Iron Treads|Booster Energy\n|-activate|p2a: Iron Treads|ability: Quark Drive|[fromitem]\n|-start|p2a: Iron Treads|quarkdrivespe\n|turn|1\n|\n|t:|1700248083\n|move|p2a: Iron Treads|Ice Spinner|p1a: Kommo-o\n|-supereffective|p1a: Kommo-o\n|-crit|p1a: Kommo-o\n|-damage|p1a: Kommo-o|26\/100\n|move|p1a: Kommo-o|Drain Punch|p2a: Iron Treads\n|-supereffective|p2a: Iron Treads\n|-damage|p2a: Iron Treads|46\/100\n|-heal|p1a: Kommo-o|55\/100|[from] drain|[of] p2a: Iron Treads\n|\n|-heal|p1a: Kommo-o|62\/100|[from] item: Leftovers\n|upkeep\n|turn|2\n|\n|t:|1700248097\n|switch|p1a: Toxapex|Toxapex, F|100\/100\n|move|p2a: Iron Treads|Ice Spinner|p1a: Toxapex\n|-resisted|p1a: Toxapex\n|-damage|p1a: Toxapex|93\/100\n|-damage|p2a: Iron Treads|30\/100|[from] item: Rocky Helmet|[of] p1a: Toxapex\n|\n|upkeep\n|turn|3\n|l|\u2606IwillPrayForyou\n|inactive|IwillPrayForyou disconnected and has a minute to reconnect!\n|player|p2|\n|j|\u2606IwillPrayForyou\n|inactive|IwillPrayForyou reconnected and has 130 seconds left.\n|player|p2|IwillPrayForyou|169\n|\n|t:|1700248121\n|switch|p1a: Corviknight|Corviknight, M|100\/100\n|move|p2a: Iron Treads|Earthquake|p1a: Corviknight\n|-immune|p1a: Corviknight\n|\n|upkeep\n|turn|4\n|\n|t:|1700248134\n|-end|p2a: Iron Treads|Quark Drive|[silent]\n|switch|p2a: Walking Wake|Walking Wake|100\/100\n|-enditem|p2a: Walking Wake|Booster Energy\n|-activate|p2a: Walking Wake|ability: Protosynthesis|[fromitem]\n|-start|p2a: Walking Wake|protosynthesisspa\n|move|p1a: Corviknight|U-turn|p2a: Walking Wake\n|-damage|p2a: Walking Wake|83\/100\n|\n|t:|1700248138\n|switch|p1a: Hatterene|Hatterene, F|100\/100|[from] U-turn\n|\n|upkeep\n|turn|5\n|\n|t:|1700248158\n|-end|p2a: Walking Wake|Protosynthesis|[silent]\n|switch|p2a: Iron Treads|Iron Treads|30\/100\n|move|p1a: Hatterene|Draining Kiss|p2a: Iron Treads\n|-resisted|p2a: Iron Treads\n|-damage|p2a: Iron Treads|14\/100\n|\n|upkeep\n|turn|6\n|\n|t:|1700248169\n|move|p2a: Iron Treads|Iron Head|p1a: Hatterene\n|-supereffective|p1a: Hatterene\n|-damage|p1a: Hatterene|34\/100\n|move|p1a: Hatterene|Mystical Fire|p2a: Iron Treads\n|-supereffective|p2a: Iron Treads\n|-damage|p2a: Iron Treads|0 fnt\n|faint|p2a: Iron Treads\n|-end|p2a: Iron Treads|Quark Drive|[silent]\n|\n|upkeep\n|inactive|IwillPrayForyou has 120 seconds left.\n|\n|t:|1700248195\n|switch|p2a: Walking Wake|Walking Wake|83\/100\n|turn|7\n|\n|t:|1700248199\n|switch|p1a: Blissey|Blissey, F|100\/100\n|move|p2a: Walking Wake|Hydro Steam|p1a: Blissey\n|-damage|p1a: Blissey|85\/100\n|\n|upkeep\n|turn|8\n|inactive|IwillPrayForyou has 120 seconds left.\n|\n|t:|1700248216\n|-end|p2a: Walking Wake|Protosynthesis|[silent]\n|switch|p2a: Kingambit|Kingambit, M|100\/100\n|-activate|p2a: Kingambit|ability: Supreme Overlord\n|-start|p2a: Kingambit|fallen1|[silent]\n|move|p1a: Blissey|Seismic Toss|p2a: Kingambit\n|-damage|p2a: Kingambit|76\/100\n|\n|upkeep\n|turn|9\n|\n|t:|1700248224\n|switch|p1a: Toxapex|Toxapex, F|100\/100\n|move|p2a: Kingambit|Swords Dance|p2a: Kingambit\n|-boost|p2a: Kingambit|atk|2\n|\n|upkeep\n|turn|10\n|\n|t:|1700248231\n|move|p2a: Kingambit|Swords Dance|p2a: Kingambit\n|-boost|p2a: Kingambit|atk|2\n|move|p1a: Toxapex|Haze|p1a: Toxapex\n|-clearallboost\n|\n|upkeep\n|turn|11\n|\n|t:|1700248238\n|move|p2a: Kingambit|Swords Dance|p2a: Kingambit\n|-boost|p2a: Kingambit|atk|2\n|move|p1a: Toxapex|Surf|p2a: Kingambit\n|-damage|p2a: Kingambit|59\/100\n|\n|upkeep\n|turn|12\n|\n|t:|1700248245\n|move|p2a: Kingambit|Kowtow Cleave|p1a: Toxapex\n|-damage|p1a: Toxapex|12\/100\n|-damage|p2a: Kingambit|42\/100|[from] item: Rocky Helmet|[of] p1a: Toxapex\n|move|p1a: Toxapex|Recover|p1a: Toxapex\n|-heal|p1a: Toxapex|62\/100\n|\n|upkeep\n|turn|13\n|\n|t:|1700248258\n|switch|p1a: Ninetales|Ninetales-Alola, F|100\/100\n|-weather|Snow|[from] ability: Snow Warning|[of] p1a: Ninetales\n|move|p2a: Kingambit|Swords Dance|p2a: Kingambit\n|-boost|p2a: Kingambit|atk|2\n|\n|-weather|Snow|[upkeep]\n|upkeep\n|turn|14\n|\n|t:|1700248280\n|move|p1a: Ninetales|Encore|p2a: Kingambit\n|-start|p2a: Kingambit|Encore\n|move|p2a: Kingambit|Swords Dance|p2a: Kingambit\n|-boost|p2a: Kingambit|atk|2\n|\n|-weather|Snow|[upkeep]\n|upkeep\n|turn|15\n|\n|t:|1700248297\n|move|p1a: Ninetales|Moonblast|p2a: Kingambit\n|-damage|p2a: Kingambit|5\/100\n|move|p2a: Kingambit|Swords Dance|p2a: Kingambit\n|-boost|p2a: Kingambit|atk|0\n|\n|-weather|Snow|[upkeep]\n|upkeep\n|turn|16\n|\n|t:|1700248305\n|move|p1a: Ninetales|Aurora Veil|p1a: Ninetales\n|-sidestart|p1: Hudsonly|move: Aurora Veil\n|move|p2a: Kingambit|Swords Dance|p2a: Kingambit\n|-boost|p2a: Kingambit|atk|0\n|\n|-weather|Snow|[upkeep]\n|-end|p2a: Kingambit|Encore\n|upkeep\n|turn|17\n|\n|t:|1700248316\n|-terastallize|p2a: Kingambit|Dark\n|move|p2a: Kingambit|Sucker Punch||[still]\n|-fail|p2a: Kingambit\n|move|p1a: Ninetales|Encore|p2a: Kingambit\n|-start|p2a: Kingambit|Encore\n|\n|-weather|none\n|upkeep\n|turn|18\n|\n|t:|1700248324\n|move|p2a: Kingambit|Sucker Punch|p1a: Ninetales\n|-resisted|p1a: Ninetales\n|-damage|p1a: Ninetales|0 fnt\n|faint|p1a: Ninetales\n|\n|upkeep\n|\n|t:|1700248329\n|switch|p1a: Kommo-o|Kommo-o, F|62\/100\n|turn|19\n|\n|t:|1700248332\n|move|p2a: Kingambit|Sucker Punch||[still]\n|-fail|p2a: Kingambit\n|move|p1a: Kommo-o|Clangorous Soul|p1a: Kommo-o\n|-boost|p1a: Kommo-o|atk|1\n|-boost|p1a: Kommo-o|def|1\n|-boost|p1a: Kommo-o|spa|1\n|-boost|p1a: Kommo-o|spd|1\n|-boost|p1a: Kommo-o|spe|1\n|-damage|p1a: Kommo-o|29\/100\n|\n|-heal|p1a: Kommo-o|35\/100|[from] item: Leftovers\n|upkeep\n|turn|20\n|\n|t:|1700248343\n|switch|p1a: Toxapex|Toxapex, F|95\/100\n|move|p2a: Kingambit|Sucker Punch||[still]\n|-fail|p2a: Kingambit\n|\n|-end|p2a: Kingambit|Encore\n|upkeep\n|turn|21\n|\n|t:|1700248353\n|move|p2a: Kingambit|Kowtow Cleave|p1a: Toxapex\n|-damage|p1a: Toxapex|0 fnt\n|-damage|p2a: Kingambit|0 fnt|[from] item: Rocky Helmet|[of] p1a: Toxapex\n|faint|p1a: Toxapex\n|faint|p2a: Kingambit\n|-end|p2a: Kingambit|fallen1|[silent]\n|\n|upkeep\n|\n|t:|1700248371\n|switch|p2a: Ceruledge|Ceruledge, M|100\/100\n|switch|p1a: Kommo-o|Kommo-o, F|35\/100\n|turn|22\n|\n|t:|1700248381\n|-terastallize|p1a: Kommo-o|Normal\n|move|p2a: Ceruledge|Swords Dance|p2a: Ceruledge\n|-boost|p2a: Ceruledge|atk|2\n|move|p1a: Kommo-o|Clanging Scales|p2a: Ceruledge\n|-damage|p2a: Ceruledge|49\/100\n|-unboost|p1a: Kommo-o|def|1\n|\n|-heal|p1a: Kommo-o|41\/100|[from] item: Leftovers\n|upkeep\n|turn|23\n|\n|t:|1700248405\n|move|p1a: Kommo-o|Clanging Scales|p2a: Ceruledge\n|-damage|p2a: Ceruledge|0 fnt\n|faint|p2a: Ceruledge\n|-unboost|p1a: Kommo-o|def|1\n|\n|-heal|p1a: Kommo-o|47\/100|[from] item: Leftovers\n|-sideend|p1: Hudsonly|move: Aurora Veil\n|upkeep\n|\n|t:|1700248415\n|switch|p2a: Enamorus|Enamorus, F|100\/100\n|turn|24\n|c|\u2606Hudsonly|clutch af\n|\n|t:|1700248419\n|switch|p1a: Blissey|Blissey, F|85\/100\n|move|p2a: Enamorus|Moonblast|p1a: Blissey\n|-damage|p1a: Blissey|66\/100\n|-unboost|p1a: Blissey|spa|1\n|\n|upkeep\n|turn|25\n|\n|t:|1700248427\n|switch|p2a: Hatterene|Hatterene, F|100\/100\n|move|p1a: Blissey|Seismic Toss|p2a: Hatterene\n|-damage|p2a: Hatterene|69\/100\n|\n|-heal|p2a: Hatterene|75\/100|[from] item: Leftovers\n|upkeep\n|turn|26\n|\n|t:|1700248432\n|switch|p1a: Corviknight|Corviknight, M|100\/100\n|move|p2a: Hatterene|Calm Mind|p2a: Hatterene\n|-boost|p2a: Hatterene|spa|1\n|-boost|p2a: Hatterene|spd|1\n|\n|-heal|p2a: Hatterene|81\/100|[from] item: Leftovers\n|upkeep\n|turn|27\n|\n|t:|1700248437\n|move|p1a: Corviknight|Brave Bird|p2a: Hatterene\n|-damage|p2a: Hatterene|33\/100\n|-damage|p1a: Corviknight|88\/100|[from] Recoil\n|move|p2a: Hatterene|Mystical Fire|p1a: Corviknight\n|-supereffective|p1a: Corviknight\n|-damage|p1a: Corviknight|6\/100\n|-ability|p1a: Corviknight|Mirror Armor\n|-unboost|p2a: Hatterene|spa|1\n|\n|-heal|p1a: Corviknight|12\/100|[from] item: Leftovers\n|-heal|p2a: Hatterene|39\/100|[from] item: Leftovers\n|upkeep\n|turn|28\n|\n|t:|1700248450\n|move|p1a: Corviknight|Roost|p1a: Corviknight\n|-heal|p1a: Corviknight|62\/100\n|-singleturn|p1a: Corviknight|move: Roost\n|move|p2a: Hatterene|Draining Kiss|p1a: Corviknight\n|-resisted|p1a: Corviknight\n|-damage|p1a: Corviknight|47\/100\n|-heal|p2a: Hatterene|53\/100|[from] drain|[of] p1a: Corviknight\n|\n|-heal|p1a: Corviknight|54\/100|[from] item: Leftovers\n|-heal|p2a: Hatterene|59\/100|[from] item: Leftovers\n|upkeep\n|turn|29\n|\n|t:|1700248460\n|move|p1a: Corviknight|Roost|p1a: Corviknight\n|-heal|p1a: Corviknight|100\/100\n|-singleturn|p1a: Corviknight|move: Roost\n|move|p2a: Hatterene|Mystical Fire|p1a: Corviknight\n|-supereffective|p1a: Corviknight\n|-damage|p1a: Corviknight|39\/100\n|-ability|p1a: Corviknight|Mirror Armor\n|-unboost|p2a: Hatterene|spa|1\n|\n|-heal|p1a: Corviknight|45\/100|[from] item: Leftovers\n|-heal|p2a: Hatterene|65\/100|[from] item: Leftovers\n|upkeep\n|turn|30\n|\n|t:|1700248465\n|switch|p2a: Walking Wake|Walking Wake|83\/100\n|move|p1a: Corviknight|Brave Bird|p2a: Walking Wake\n|-damage|p2a: Walking Wake|38\/100\n|-damage|p1a: Corviknight|33\/100|[from] Recoil\n|\n|-heal|p1a: Corviknight|39\/100|[from] item: Leftovers\n|upkeep\n|turn|31\n|\n|t:|1700248469\n|switch|p1a: Blissey|Blissey, F|66\/100\n|move|p2a: Walking Wake|Flamethrower|p1a: Blissey\n|-damage|p1a: Blissey|53\/100\n|\n|upkeep\n|turn|32\n|\n|t:|1700248479\n|move|p2a: Walking Wake|Dragon Pulse|p1a: Blissey\n|-damage|p1a: Blissey|37\/100\n|move|p1a: Blissey|Soft-Boiled|p1a: Blissey\n|-heal|p1a: Blissey|87\/100\n|\n|upkeep\n|turn|33\n|\n|t:|1700248492\n|move|p2a: Walking Wake|Dragon Pulse|p1a: Blissey\n|-damage|p1a: Blissey|68\/100\n|move|p1a: Blissey|Seismic Toss|p2a: Walking Wake\n|-damage|p2a: Walking Wake|8\/100\n|\n|upkeep\n|turn|34\n|\n|t:|1700248496\n|-end|p2a: Walking Wake|Protosynthesis|[silent]\n|switch|p2a: Enamorus|Enamorus, F|100\/100\n|move|p1a: Blissey|Soft-Boiled|p1a: Blissey\n|-heal|p1a: Blissey|100\/100\n|\n|upkeep\n|turn|35\n|\n|t:|1700248503\n|move|p2a: Enamorus|Moonblast|p1a: Blissey\n|-damage|p1a: Blissey|82\/100\n|-unboost|p1a: Blissey|spa|1\n|move|p1a: Blissey|Thunder Wave|p2a: Enamorus\n|-status|p2a: Enamorus|par\n|\n|upkeep\n|turn|36\n|\n|t:|1700248507\n|switch|p2a: Hatterene|Hatterene, F|65\/100\n|move|p1a: Blissey|Seismic Toss|p2a: Hatterene\n|-damage|p2a: Hatterene|33\/100\n|\n|-heal|p2a: Hatterene|39\/100|[from] item: Leftovers\n|upkeep\n|turn|37\n|\n|t:|1700248514\n|switch|p1a: Corviknight|Corviknight, M|39\/100\n|move|p2a: Hatterene|Calm Mind|p2a: Hatterene\n|-boost|p2a: Hatterene|spa|1\n|-boost|p2a: Hatterene|spd|1\n|\n|-heal|p1a: Corviknight|45\/100|[from] item: Leftovers\n|-heal|p2a: Hatterene|45\/100|[from] item: Leftovers\n|upkeep\n|turn|38\n|\n|t:|1700248520\n|move|p1a: Corviknight|Brave Bird|p2a: Hatterene\n|-damage|p2a: Hatterene|0 fnt\n|faint|p2a: Hatterene\n|-damage|p1a: Corviknight|33\/100|[from] Recoil\n|\n|-heal|p1a: Corviknight|40\/100|[from] item: Leftovers\n|upkeep\n|\n|t:|1700248523\n|switch|p2a: Walking Wake|Walking Wake|8\/100\n|turn|39\n|-message|IwillPrayForyou forfeited.\n|\n|win|Hudsonly\n|raw|Hudsonly's rating: 1245 &rarr; <strong>1270<\/strong><br \/>(+25 for winning)\n|raw|IwillPrayForyou's rating: 1247 &rarr; <strong>1222<\/strong><br \/>(-25 for losing)\n|l|\u2606IwillPrayForyou\n","uploadtime":1700248555,"views":11,"p1id":"hudsonly","p2id":"iwillprayforyou","formatid":"gen9ou","rating":1222,"private":0,"password":""}