{"id":"gen9ou-2000247751","p1":"testing a funni3","p2":"bobby1245","format":"[Gen 9] OU","log":"|j|\u2606testing a funni3\n|j|\u2606bobby1245\n|t:|1701177261\n|gametype|singles\n|player|p1|testing a funni3|unknownf|1372\n|player|p2|bobby1245|169|1280\n|teamsize|p1|6\n|teamsize|p2|6\n|gen|9\n|tier|[Gen 9] OU\n|rated|\n|rule|Sleep Clause Mod: Limit one foe put to sleep\n|rule|Species Clause: Limit one of each Pok\u00e9mon\n|rule|OHKO Clause: OHKO moves are banned\n|rule|Evasion Items Clause: Evasion items are banned\n|rule|Evasion Moves Clause: Evasion moves are banned\n|rule|Endless Battle Clause: Forcing endless battles is banned\n|rule|HP Percentage Mod: HP is shown in percentages\n|clearpoke\n|poke|p1|Walking Wake|\n|poke|p1|Maushold-Four|\n|poke|p1|Dragonite, F|\n|poke|p1|Weezing-Galar, M|\n|poke|p1|Great Tusk|\n|poke|p1|Muk-Alola, M|\n|poke|p2|Great Tusk|\n|poke|p2|Ogerpon-Wellspring, F|\n|poke|p2|Skeledirge, M|\n|poke|p2|Iron Hands|\n|poke|p2|Walking Wake|\n|poke|p2|Clefable, M|\n|teampreview\n|inactive|Battle timer is ON: inactive players will automatically lose when time's up. (requested by bobby1245)\n|\n|t:|1701177270\n|start\n|switch|p1a: Wheezing Stache|Weezing-Galar, M|100\/100\n|switch|p2a: Iron Hands|Iron Hands|100\/100\n|turn|1\n|\n|t:|1701177274\n|move|p2a: Iron Hands|Fake Out|p1a: Wheezing Stache\n|-damage|p1a: Wheezing Stache|83\/100\n|cant|p1a: Wheezing Stache|flinch\n|\n|upkeep\n|turn|2\n|\n|t:|1701177277\n|move|p1a: Wheezing Stache|Strange Steam|p2a: Iron Hands\n|-supereffective|p2a: Iron Hands\n|-damage|p2a: Iron Hands|28\/100\n|move|p2a: Iron Hands|Wild Charge|p1a: Wheezing Stache\n|-damage|p1a: Wheezing Stache|20\/100\n|-damage|p2a: Iron Hands|20\/100|[from] Recoil\n|\n|upkeep\n|turn|3\n|\n|t:|1701177283\n|move|p1a: Wheezing Stache|Strange Steam|p2a: Iron Hands\n|-supereffective|p2a: Iron Hands\n|-damage|p2a: Iron Hands|0 fnt\n|faint|p2a: Iron Hands\n|-end|p2a: Iron Hands|Quark Drive|[silent]\n|\n|upkeep\n|\n|t:|1701177294\n|switch|p2a: Skeledirge|Skeledirge, M|100\/100\n|turn|4\n|\n|t:|1701177301\n|switch|p1a: Walking Wake|Walking Wake|100\/100\n|move|p2a: Skeledirge|Torch Song|p1a: Walking Wake\n|-resisted|p1a: Walking Wake\n|-damage|p1a: Walking Wake|91\/100\n|-boost|p2a: Skeledirge|spa|1\n|\n|upkeep\n|turn|5\n|\n|t:|1701177310\n|move|p1a: Walking Wake|Draco Meteor|p2a: Skeledirge\n|-damage|p2a: Skeledirge|50\/100\n|-unboost|p1a: Walking Wake|spa|2\n|move|p2a: Skeledirge|Shadow Ball|p1a: Walking Wake\n|-damage|p1a: Walking Wake|39\/100\n|\n|upkeep\n|turn|6\n|\n|t:|1701177315\n|move|p1a: Walking Wake|Draco Meteor|p2a: Skeledirge\n|-damage|p2a: Skeledirge|0 fnt\n|-unboost|p1a: Walking Wake|spa|2\n|faint|p2a: Skeledirge\n|\n|upkeep\n|\n|t:|1701177323\n|switch|p2a: Great Tusk|Great Tusk|100\/100\n|turn|7\n|\n|t:|1701177327\n|-end|p1a: Walking Wake|Protosynthesis|[silent]\n|switch|p1a: Wheezing Stache|Weezing-Galar, M|20\/100\n|move|p2a: Great Tusk|Rapid Spin|p1a: Wheezing Stache\n|-damage|p1a: Wheezing Stache|3\/100\n|-boost|p2a: Great Tusk|spe|1\n|\n|upkeep\n|turn|8\n|\n|t:|1701177337\n|move|p2a: Great Tusk|Knock Off|p1a: Wheezing Stache\n|-resisted|p1a: Wheezing Stache\n|-damage|p1a: Wheezing Stache|0 fnt\n|-enditem|p1a: Wheezing Stache|Choice Specs|[from] move: Knock Off|[of] p2a: Great Tusk\n|faint|p1a: Wheezing Stache\n|\n|upkeep\n|\n|t:|1701177342\n|switch|p1a: Walking Wake|Walking Wake|39\/100\n|turn|9\n|\n|t:|1701177367\n|-terastallize|p2a: Great Tusk|Steel\n|move|p1a: Walking Wake|Flip Turn|p2a: Great Tusk\n|-damage|p2a: Great Tusk|93\/100\n|\n|t:|1701177375\n|-end|p1a: Walking Wake|Protosynthesis|[silent]\n|switch|p1a: Soaring Wings|Dragonite, F|100\/100|[from] Flip Turn\n|move|p2a: Great Tusk|Earthquake|p1a: Soaring Wings\n|-immune|p1a: Soaring Wings\n|\n|-heal|p2a: Great Tusk|99\/100|[from] item: Leftovers\n|upkeep\n|turn|10\n|\n|t:|1701177382\n|move|p2a: Great Tusk|Knock Off|p1a: Soaring Wings\n|-damage|p1a: Soaring Wings|86\/100\n|-enditem|p1a: Soaring Wings|Choice Band|[from] move: Knock Off|[of] p2a: Great Tusk\n|move|p1a: Soaring Wings|Earthquake|p2a: Great Tusk\n|-supereffective|p2a: Great Tusk\n|-damage|p2a: Great Tusk|58\/100\n|\n|-heal|p2a: Great Tusk|64\/100|[from] item: Leftovers\n|upkeep\n|turn|11\n|\n|t:|1701177389\n|move|p2a: Great Tusk|Bulk Up|p2a: Great Tusk\n|-boost|p2a: Great Tusk|atk|1\n|-boost|p2a: Great Tusk|def|1\n|move|p1a: Soaring Wings|Earthquake|p2a: Great Tusk\n|-supereffective|p2a: Great Tusk\n|-damage|p2a: Great Tusk|39\/100\n|\n|-heal|p2a: Great Tusk|46\/100|[from] item: Leftovers\n|upkeep\n|turn|12\n|\n|t:|1701177402\n|switch|p1a: Walking Wake|Walking Wake|39\/100\n|move|p2a: Great Tusk|Rapid Spin|p1a: Walking Wake\n|-damage|p1a: Walking Wake|16\/100\n|-boost|p2a: Great Tusk|spe|1\n|\n|-heal|p2a: Great Tusk|52\/100|[from] item: Leftovers\n|upkeep\n|turn|13\n|\n|t:|1701177405\n|move|p1a: Walking Wake|Hydro Steam|p2a: Great Tusk\n|-damage|p2a: Great Tusk|0 fnt\n|faint|p2a: Great Tusk\n|-end|p2a: Great Tusk|Protosynthesis|[silent]\n|\n|upkeep\n|\n|t:|1701177409\n|switch|p2a: Ogerpon|Ogerpon-Wellspring, F|100\/100\n|turn|14\n|\n|t:|1701177415\n|-end|p1a: Walking Wake|Protosynthesis|[silent]\n|switch|p1a: Soaring Wings|Dragonite, F|86\/100\n|move|p2a: Ogerpon|Ivy Cudgel|p1a: Soaring Wings|[anim] Ivy Cudgel Water\n|-resisted|p1a: Soaring Wings\n|-damage|p1a: Soaring Wings|55\/100\n|\n|upkeep\n|turn|15\n|\n|t:|1701177421\n|-terastallize|p1a: Soaring Wings|Normal\n|move|p1a: Soaring Wings|Extreme Speed|p2a: Ogerpon\n|-damage|p2a: Ogerpon|44\/100\n|move|p2a: Ogerpon|Ivy Cudgel|p1a: Soaring Wings|[anim] Ivy Cudgel Water\n|-damage|p1a: Soaring Wings|0 fnt\n|faint|p1a: Soaring Wings\n|\n|upkeep\n|\n|t:|1701177432\n|switch|p1a: Maushold|Maushold-Four|100\/100\n|turn|16\n|\n|t:|1701177437\n|move|p1a: Maushold|Population Bomb|p2a: Ogerpon\n|-damage|p2a: Ogerpon|29\/100\n|-damage|p2a: Ogerpon|13\/100\n|-damage|p2a: Ogerpon|0 fnt\n|faint|p2a: Ogerpon\n|-hitcount|p2: Ogerpon|3\n|\n|upkeep\n|\n|t:|1701177439\n|switch|p2a: Clefable|Clefable, M|100\/100\n|turn|17\n|\n|t:|1701177447\n|move|p1a: Maushold|Population Bomb|p2a: Clefable\n|-damage|p2a: Clefable|91\/100\n|-damage|p2a: Clefable|83\/100\n|-damage|p2a: Clefable|75\/100\n|-damage|p2a: Clefable|66\/100\n|-damage|p2a: Clefable|57\/100\n|-damage|p2a: Clefable|48\/100\n|-damage|p2a: Clefable|39\/100\n|-damage|p2a: Clefable|31\/100\n|-damage|p2a: Clefable|23\/100\n|-damage|p2a: Clefable|15\/100\n|-hitcount|p2a: Clefable|10\n|move|p2a: Clefable|Moonblast|p1a: Maushold\n|-damage|p1a: Maushold|52\/100\n|\n|-heal|p2a: Clefable|21\/100|[from] item: Leftovers\n|upkeep\n|turn|18\n|-message|bobby1245 forfeited.\n|\n|win|testing a funni3\n|raw|testing a funni3's rating: 1372 &rarr; <strong>1387<\/strong><br \/>(+15 for winning)\n|raw|bobby1245's rating: 1280 &rarr; <strong>1261<\/strong><br \/>(-19 for losing)\n|l|\u2606bobby1245\n","uploadtime":1701177454,"views":3,"p1id":"testingafunni3","p2id":"bobby1245","formatid":"gen9ou","rating":1261,"private":0,"password":""}