{"id":"gen9ou-1997185473","p1":"Teletubbies5445","p2":"Johnpeterson11","format":"[Gen 9] OU","log":"|j|\u2606Teletubbies5445\n|j|\u2606Johnpeterson11\n|t:|1700773291\n|gametype|singles\n|player|p1|Teletubbies5445|ghetsis-gen5bw|1054\n|player|p2|Johnpeterson11|lyra|1000\n|teamsize|p1|6\n|teamsize|p2|6\n|gen|9\n|tier|[Gen 9] OU\n|rated|\n|rule|Sleep Clause Mod: Limit one foe put to sleep\n|rule|Species Clause: Limit one of each Pok\u00e9mon\n|rule|OHKO Clause: OHKO moves are banned\n|rule|Evasion Items Clause: Evasion items are banned\n|rule|Evasion Moves Clause: Evasion moves are banned\n|rule|Endless Battle Clause: Forcing endless battles is banned\n|rule|HP Percentage Mod: HP is shown in percentages\n|clearpoke\n|poke|p1|Heatran, F|\n|poke|p1|Dragapult, F|\n|poke|p1|Glimmora, M|\n|poke|p1|Great Tusk|\n|poke|p1|Gholdengo|\n|poke|p1|Cinderace, F|\n|poke|p2|Ninetales, M|\n|poke|p2|Rotom-Wash|\n|poke|p2|Dugtrio, M|\n|poke|p2|Meowscarada, M|\n|poke|p2|Houndoom, F|\n|poke|p2|Articuno-Galar|\n|teampreview\n|\n|t:|1700773304\n|start\n|switch|p1a: Glimmora|Glimmora, M|100\/100\n|switch|p2a: Articuno|Articuno-Galar|100\/100\n|turn|1\n|\n|t:|1700773313\n|move|p2a: Articuno|Freezing Glare|p1a: Glimmora\n|-supereffective|p1a: Glimmora\n|-enditem|p1a: Glimmora|Focus Sash\n|-damage|p1a: Glimmora|1\/100\n|move|p1a: Glimmora|Stealth Rock|p2a: Articuno\n|-sidestart|p2: Johnpeterson11|move: Stealth Rock\n|\n|upkeep\n|turn|2\n|\n|t:|1700773323\n|move|p2a: Articuno|Freezing Glare|p1a: Glimmora\n|-supereffective|p1a: Glimmora\n|-damage|p1a: Glimmora|0 fnt\n|faint|p1a: Glimmora\n|\n|upkeep\n|\n|t:|1700773339\n|switch|p1a: Dragapult|Dragapult, F|100\/100\n|turn|3\n|\n|t:|1700773362\n|move|p1a: Dragapult|Dragon Darts|p2a: Articuno\n|-damage|p2a: Articuno|52\/100\n|-anim|p1a: Dragapult|Dragon Darts|p2a: Articuno\n|-crit|p2a: Articuno\n|-damage|p2a: Articuno|0 fnt\n|faint|p2a: Articuno\n|\n|upkeep\n|\n|t:|1700773385\n|switch|p2a: Meowscarada|Meowscarada, M|100\/100\n|-damage|p2a: Meowscarada|88\/100|[from] Stealth Rock\n|turn|4\n|\n|t:|1700773393\n|-terastallize|p1a: Dragapult|Dragon\n|move|p1a: Dragapult|Dragon Darts|p2a: Meowscarada\n|-damage|p2a: Meowscarada|0 fnt\n|faint|p2a: Meowscarada\n|\n|upkeep\n|\n|t:|1700773400\n|switch|p2a: Dugtrio|Dugtrio, M|100\/100\n|-damage|p2a: Dugtrio|94\/100|[from] Stealth Rock\n|turn|5\n|\n|t:|1700773403\n|move|p1a: Dragapult|Dragon Darts|p2a: Dugtrio\n|-damage|p2a: Dugtrio|0 fnt\n|faint|p2a: Dugtrio\n|\n|upkeep\n|\n|t:|1700773411\n|switch|p2a: Rotom|Rotom-Wash|100\/100\n|-damage|p2a: Rotom|88\/100|[from] Stealth Rock\n|turn|6\n|\n|t:|1700773421\n|move|p1a: Dragapult|Dragon Darts|p2a: Rotom\n|-damage|p2a: Rotom|18\/100\n|-anim|p1a: Dragapult|Dragon Darts|p2a: Rotom\n|-damage|p2a: Rotom|0 fnt\n|faint|p2a: Rotom\n|\n|upkeep\n|\n|t:|1700773426\n|switch|p2a: Ninetales|Ninetales, M|100\/100\n|-damage|p2a: Ninetales|76\/100|[from] Stealth Rock\n|-weather|SunnyDay|[from] ability: Drought|[of] p2a: Ninetales\n|turn|7\n|\n|t:|1700773431\n|move|p1a: Dragapult|Dragon Darts|p2a: Ninetales\n|-damage|p2a: Ninetales|0 fnt\n|faint|p2a: Ninetales\n|\n|-weather|SunnyDay|[upkeep]\n|upkeep\n|\n|t:|1700773437\n|switch|p2a: Houndoom|Houndoom, F|100\/100\n|-damage|p2a: Houndoom|76\/100|[from] Stealth Rock\n|turn|8\n|\n|t:|1700773443\n|-terastallize|p2a: Houndoom|Grass\n|move|p1a: Dragapult|Dragon Darts|p2a: Houndoom\n|-damage|p2a: Houndoom|0 fnt\n|faint|p2a: Houndoom\n|\n|win|Teletubbies5445\n|raw|Teletubbies5445's rating: 1054 &rarr; <strong>1081<\/strong><br \/>(+27 for winning)\n|raw|Johnpeterson11's rating: 1000 &rarr; <strong>1000<\/strong><br \/>(+0 for losing)\n|l|\u2606Johnpeterson11\n","uploadtime":1700773451,"views":11,"p1id":"teletubbies5445","p2id":"johnpeterson11","formatid":"gen9ou","rating":1000,"private":0,"password":""}