{"id":"gen9ou-1989269826","p1":"Vixen 4 Life","p2":"Ctsthehokage","format":"[Gen 9] OU","log":"|j|\u2606Vixen 4 Life\n|j|\u2606Ctsthehokage\n|t:|1699830138\n|gametype|singles\n|player|p1|Vixen 4 Life|penny|1176\n|player|p2|Ctsthehokage|zinzolin|1117\n|teamsize|p1|6\n|teamsize|p2|6\n|gen|9\n|tier|[Gen 9] OU\n|rated|\n|rule|Sleep Clause Mod: Limit one foe put to sleep\n|rule|Species Clause: Limit one of each Pok\u00e9mon\n|rule|OHKO Clause: OHKO moves are banned\n|rule|Evasion Items Clause: Evasion items are banned\n|rule|Evasion Moves Clause: Evasion moves are banned\n|rule|Endless Battle Clause: Forcing endless battles is banned\n|rule|HP Percentage Mod: HP is shown in percentages\n|clearpoke\n|poke|p1|Overqwil, M|\n|poke|p1|Vikavolt, M|\n|poke|p1|Dusknoir, M|\n|poke|p1|Eelektross, M|\n|poke|p1|Iron Treads|\n|poke|p1|Krookodile, F|\n|poke|p2|Walking Wake|\n|poke|p2|Arcanine-Hisui, F|\n|poke|p2|Ogerpon-Cornerstone, F|\n|poke|p2|Thundurus-Therian, M|\n|poke|p2|Corviknight, M|\n|poke|p2|Slowking-Galar, M|\n|teampreview\n|inactive|Battle timer is ON: inactive players will automatically lose when time's up. (requested by Ctsthehokage)\n|\n|t:|1699830146\n|start\n|switch|p1a: Eelektross|Eelektross, M|100\/100\n|switch|p2a: Thundurus|Thundurus-Therian, M, shiny|100\/100\n|turn|1\n|\n|t:|1699830152\n|move|p2a: Thundurus|Volt Switch|p1a: Eelektross\n|-resisted|p1a: Eelektross\n|-damage|p1a: Eelektross|88\/100\n|\n|t:|1699830157\n|switch|p2a: Slowking|Slowking-Galar, M, shiny|100\/100|[from] Volt Switch\n|move|p1a: Eelektross|Knock Off|p2a: Slowking\n|-supereffective|p2a: Slowking\n|-damage|p2a: Slowking|49\/100\n|-enditem|p2a: Slowking|Leftovers|[from] move: Knock Off|[of] p1a: Eelektross\n|\n|upkeep\n|turn|2\n|\n|t:|1699830164\n|move|p1a: Eelektross|Volt Switch|p2a: Slowking\n|-crit|p2a: Slowking\n|-damage|p2a: Slowking|26\/100\n|\n|t:|1699830170\n|switch|p1a: Overqwil|Overqwil, M|100\/100|[from] Volt Switch\n|-ability|p1a: Overqwil|Intimidate|boost\n|-unboost|p2a: Slowking|atk|1\n|move|p2a: Slowking|Chilly Reception|p2a: Slowking\n|-weather|Snow\n|\n|t:|1699830176\n|switch|p2a: Ogerpon|Ogerpon-Cornerstone, F|100\/100|[from] Chilly Reception\n|\n|-weather|Snow|[upkeep]\n|upkeep\n|turn|3\n|\n|t:|1699830182\n|move|p2a: Ogerpon|Swords Dance|p2a: Ogerpon\n|-boost|p2a: Ogerpon|atk|2\n|move|p1a: Overqwil|Barb Barrage|p2a: Ogerpon\n|-damage|p2a: Ogerpon|71\/100\n|\n|-weather|Snow|[upkeep]\n|upkeep\n|turn|4\n|\n|t:|1699830194\n|switch|p1a: Iron Treads|Iron Treads|100\/100\n|-enditem|p1a: Iron Treads|Booster Energy\n|-activate|p1a: Iron Treads|ability: Quark Drive|[fromitem]\n|-start|p1a: Iron Treads|quarkdrivespe\n|move|p2a: Ogerpon|Ivy Cudgel|p1a: Iron Treads\n|-resisted|p1a: Iron Treads\n|-damage|p1a: Iron Treads|76\/100\n|\n|-weather|Snow|[upkeep]\n|upkeep\n|turn|5\n|\n|t:|1699830202\n|move|p1a: Iron Treads|Ice Spinner|p2a: Ogerpon\n|-supereffective|p2a: Ogerpon\n|-damage|p2a: Ogerpon|4\/100\n|move|p2a: Ogerpon|Horn Leech|p1a: Iron Treads\n|-damage|p1a: Iron Treads|0 fnt\n|-heal|p2a: Ogerpon|44\/100|[from] drain|[of] p1a: Iron Treads\n|faint|p1a: Iron Treads\n|-end|p1a: Iron Treads|Quark Drive|[silent]\n|\n|-weather|Snow|[upkeep]\n|upkeep\n|\n|t:|1699830215\n|switch|p1a: Krookodile|Krookodile, F|100\/100\n|-ability|p1a: Krookodile|Intimidate|boost\n|-unboost|p2a: Ogerpon|atk|1\n|turn|6\n|\n|t:|1699830220\n|switch|p1a: Overqwil|Overqwil, M|100\/100\n|-ability|p1a: Overqwil|Intimidate|boost\n|-unboost|p2a: Ogerpon|atk|1\n|move|p2a: Ogerpon|Horn Leech|p1a: Overqwil\n|-resisted|p1a: Overqwil\n|-damage|p1a: Overqwil|80\/100\n|-heal|p2a: Ogerpon|56\/100|[from] drain|[of] p1a: Overqwil\n|\n|-weather|none\n|-heal|p1a: Overqwil|86\/100|[from] item: Leftovers\n|upkeep\n|turn|7\n|\n|t:|1699830230\n|switch|p2a: Corviknight|Corviknight, M, shiny|100\/100\n|move|p1a: Overqwil|Barb Barrage|p2a: Corviknight\n|-immune|p2a: Corviknight\n|\n|-heal|p1a: Overqwil|92\/100|[from] item: Leftovers\n|upkeep\n|turn|8\n|\n|t:|1699830235\n|move|p2a: Corviknight|Body Press|p1a: Overqwil\n|-damage|p1a: Overqwil|71\/100\n|move|p1a: Overqwil|Toxic Spikes|p2a: Corviknight\n|-sidestart|p2: Ctsthehokage|move: Toxic Spikes\n|\n|-heal|p1a: Overqwil|77\/100|[from] item: Leftovers\n|upkeep\n|turn|9\n|\n|t:|1699830243\n|move|p2a: Corviknight|Body Press|p1a: Overqwil\n|-damage|p1a: Overqwil|57\/100\n|move|p1a: Overqwil|Toxic Spikes|p2a: Corviknight\n|-sidestart|p2: Ctsthehokage|move: Toxic Spikes\n|\n|-heal|p1a: Overqwil|63\/100|[from] item: Leftovers\n|upkeep\n|turn|10\n|\n|t:|1699830249\n|move|p2a: Corviknight|Defog|p1a: Overqwil\n|-unboost|p1a: Overqwil|evasion|1\n|-sideend|p2: Ctsthehokage|Toxic Spikes|[from] move: Defog|[of] p2a: Corviknight\n|move|p1a: Overqwil|Toxic Spikes|p2a: Corviknight\n|-sidestart|p2: Ctsthehokage|move: Toxic Spikes\n|\n|-heal|p1a: Overqwil|69\/100|[from] item: Leftovers\n|upkeep\n|turn|11\n|\n|t:|1699830252\n|switch|p1a: Vikavolt|Vikavolt, M|100\/100\n|move|p2a: Corviknight|Body Press|p1a: Vikavolt\n|-resisted|p1a: Vikavolt\n|-damage|p1a: Vikavolt|88\/100\n|\n|upkeep\n|turn|12\n|\n|t:|1699830260\n|-terastallize|p2a: Corviknight|Ground\n|-terastallize|p1a: Vikavolt|Ice\n|move|p2a: Corviknight|Defog|p1a: Vikavolt\n|-unboost|p1a: Vikavolt|evasion|1\n|-sideend|p2: Ctsthehokage|Toxic Spikes|[from] move: Defog|[of] p2a: Corviknight\n|move|p1a: Vikavolt|Tera Blast|p2a: Corviknight|[anim] Tera Blast Ice\n|-supereffective|p2a: Corviknight\n|-damage|p2a: Corviknight|0 fnt\n|faint|p2a: Corviknight\n|\n|upkeep\n|\n|t:|1699830279\n|switch|p2a: Walking Wake|Walking Wake|100\/100\n|-enditem|p2a: Walking Wake|Booster Energy\n|-activate|p2a: Walking Wake|ability: Protosynthesis|[fromitem]\n|-start|p2a: Walking Wake|protosynthesisspe\n|turn|13\n|\n|t:|1699830285\n|switch|p1a: Dusknoir|Dusknoir, M|100\/100\n|move|p2a: Walking Wake|Flamethrower|p1a: Dusknoir\n|-damage|p1a: Dusknoir|74\/100\n|\n|-heal|p1a: Dusknoir|80\/100|[from] item: Leftovers\n|upkeep\n|turn|14\n|\n|t:|1699830294\n|move|p2a: Walking Wake|Draco Meteor|p1a: Dusknoir\n|-damage|p1a: Dusknoir|29\/100\n|-unboost|p2a: Walking Wake|spa|2\n|move|p1a: Dusknoir|Curse|p2a: Walking Wake\n|-start|p2a: Walking Wake|Curse|[of] p1a: Dusknoir\n|-damage|p1a: Dusknoir|0 fnt\n|faint|p1a: Dusknoir\n|\n|-damage|p2a: Walking Wake|76\/100|[from] Curse\n|upkeep\n|\n|t:|1699830305\n|switch|p1a: Vikavolt|Vikavolt, M, tera:Ice|88\/100\n|turn|15\n|\n|t:|1699830317\n|-end|p2a: Walking Wake|Protosynthesis|[silent]\n|switch|p2a: Slowking|Slowking-Galar, M, shiny|60\/100\n|move|p1a: Vikavolt|Tera Blast|p2a: Slowking|[anim] Tera Blast Ice\n|-damage|p2a: Slowking|13\/100\n|\n|upkeep\n|turn|16\n|\n|t:|1699830322\n|move|p1a: Vikavolt|Tera Blast|p2a: Slowking|[anim] Tera Blast Ice\n|-damage|p2a: Slowking|0 fnt\n|faint|p2a: Slowking\n|\n|upkeep\n|\n|t:|1699830325\n|switch|p2a: Ogerpon|Ogerpon-Cornerstone, F|56\/100\n|turn|17\n|\n|t:|1699830331\n|move|p2a: Ogerpon|Ivy Cudgel|p1a: Vikavolt\n|-supereffective|p1a: Vikavolt\n|-damage|p1a: Vikavolt|0 fnt\n|faint|p1a: Vikavolt\n|\n|upkeep\n|\n|t:|1699830334\n|switch|p1a: Overqwil|Overqwil, M|69\/100\n|-ability|p1a: Overqwil|Intimidate|boost\n|-unboost|p2a: Ogerpon|atk|1\n|turn|18\n|\n|t:|1699830338\n|move|p2a: Ogerpon|Ivy Cudgel|p1a: Overqwil\n|-damage|p1a: Overqwil|33\/100\n|move|p1a: Overqwil|Barb Barrage|p2a: Ogerpon\n|-damage|p2a: Ogerpon|27\/100\n|-status|p2a: Ogerpon|psn\n|\n|-heal|p1a: Overqwil|40\/100|[from] item: Leftovers\n|-damage|p2a: Ogerpon|14\/100 psn|[from] psn\n|upkeep\n|turn|19\n|\n|t:|1699830346\n|move|p1a: Overqwil|Aqua Jet|p2a: Ogerpon\n|-damage|p2a: Ogerpon|0 fnt\n|faint|p2a: Ogerpon\n|\n|-heal|p1a: Overqwil|46\/100|[from] item: Leftovers\n|upkeep\n|\n|t:|1699830353\n|switch|p2a: Thundurus|Thundurus-Therian, M, shiny|100\/100\n|turn|20\n|\n|t:|1699830357\n|move|p2a: Thundurus|Focus Blast|p1a: Overqwil|[miss]\n|-miss|p2a: Thundurus|p1a: Overqwil\n|move|p1a: Overqwil|Toxic Spikes|p2a: Thundurus\n|-sidestart|p2: Ctsthehokage|move: Toxic Spikes\n|\n|-heal|p1a: Overqwil|52\/100|[from] item: Leftovers\n|upkeep\n|turn|21\n|\n|t:|1699830367\n|switch|p1a: Eelektross|Eelektross, M|88\/100\n|move|p2a: Thundurus|Focus Blast|p1a: Eelektross\n|-crit|p1a: Eelektross\n|-damage|p1a: Eelektross|46\/100\n|\n|upkeep\n|turn|22\n|\n|t:|1699830375\n|move|p2a: Thundurus|Volt Switch|p1a: Eelektross\n|-resisted|p1a: Eelektross\n|-damage|p1a: Eelektross|34\/100\n|\n|t:|1699830380\n|switch|p2a: Walking Wake|Walking Wake|76\/100|[from] Volt Switch\n|-status|p2a: Walking Wake|psn\n|move|p1a: Eelektross|Giga Drain|p2a: Walking Wake\n|-damage|p2a: Walking Wake|53\/100 psn\n|-heal|p1a: Eelektross|45\/100|[from] drain|[of] p2a: Walking Wake\n|\n|-damage|p2a: Walking Wake|40\/100 psn|[from] psn\n|upkeep\n|turn|23\n|\n|t:|1699830388\n|move|p2a: Walking Wake|Draco Meteor|p1a: Eelektross\n|-damage|p1a: Eelektross|7\/100\n|-unboost|p2a: Walking Wake|spa|2\n|move|p1a: Eelektross|Volt Switch|p2a: Walking Wake\n|-damage|p2a: Walking Wake|10\/100 psn\n|\n|t:|1699830395\n|switch|p1a: Krookodile|Krookodile, F|100\/100|[from] Volt Switch\n|-ability|p1a: Krookodile|Intimidate|boost\n|-unboost|p2a: Walking Wake|atk|1\n|\n|-damage|p2a: Walking Wake|0 fnt|[from] psn\n|faint|p2a: Walking Wake\n|-end|p2a: Walking Wake|Protosynthesis|[silent]\n|upkeep\n|\n|t:|1699830403\n|switch|p2a: Arcanine|Arcanine-Hisui, F|100\/100\n|-status|p2a: Arcanine|psn\n|-ability|p2a: Arcanine|Intimidate|boost\n|-unboost|p1a: Krookodile|atk|1\n|turn|24\n|\n|t:|1699830408\n|switch|p1a: Eelektross|Eelektross, M|7\/100\n|move|p2a: Arcanine|Close Combat|p1a: Eelektross\n|-damage|p1a: Eelektross|0 fnt\n|-unboost|p2a: Arcanine|def|1\n|-unboost|p2a: Arcanine|spd|1\n|faint|p1a: Eelektross\n|\n|-damage|p2a: Arcanine|88\/100 psn|[from] psn\n|upkeep\n|\n|t:|1699830413\n|switch|p1a: Overqwil|Overqwil, M|52\/100\n|-ability|p1a: Overqwil|Intimidate|boost\n|-unboost|p2a: Arcanine|atk|1\n|turn|25\n|\n|t:|1699830416\n|switch|p2a: Thundurus|Thundurus-Therian, M, shiny|100\/100\n|move|p1a: Overqwil|Crunch|p2a: Thundurus\n|-damage|p2a: Thundurus|54\/100\n|\n|-heal|p1a: Overqwil|58\/100|[from] item: Leftovers\n|upkeep\n|turn|26\n|\n|t:|1699830423\n|move|p2a: Thundurus|Focus Blast|p1a: Overqwil\n|-damage|p1a: Overqwil|13\/100\n|move|p1a: Overqwil|Crunch|p2a: Thundurus\n|-damage|p2a: Thundurus|7\/100\n|\n|-heal|p1a: Overqwil|19\/100|[from] item: Leftovers\n|upkeep\n|turn|27\n|\n|t:|1699830431\n|move|p1a: Overqwil|Aqua Jet|p2a: Thundurus\n|-damage|p2a: Thundurus|0 fnt\n|faint|p2a: Thundurus\n|\n|-heal|p1a: Overqwil|25\/100|[from] item: Leftovers\n|upkeep\n|\n|t:|1699830434\n|switch|p2a: Arcanine|Arcanine-Hisui, F|88\/100 psn\n|-ability|p2a: Arcanine|Intimidate|boost\n|-unboost|p1a: Overqwil|atk|1\n|turn|28\n|\n|t:|1699830441\n|move|p1a: Overqwil|Aqua Jet|p2a: Arcanine\n|-supereffective|p2a: Arcanine\n|-damage|p2a: Arcanine|63\/100 psn\n|move|p2a: Arcanine|Close Combat|p1a: Overqwil\n|-damage|p1a: Overqwil|0 fnt\n|-unboost|p2a: Arcanine|def|1\n|-unboost|p2a: Arcanine|spd|1\n|faint|p1a: Overqwil\n|\n|-damage|p2a: Arcanine|50\/100 psn|[from] psn\n|upkeep\n|\n|t:|1699830445\n|switch|p1a: Krookodile|Krookodile, F|100\/100\n|-ability|p1a: Krookodile|Intimidate|boost\n|-unboost|p2a: Arcanine|atk|1\n|turn|29\n|\n|t:|1699830448\n|move|p1a: Krookodile|Earthquake|p2a: Arcanine\n|-supereffective|p2a: Arcanine\n|-damage|p2a: Arcanine|0 fnt\n|faint|p2a: Arcanine\n|\n|win|Vixen 4 Life\n|raw|Vixen 4 Life's rating: 1176 &rarr; <strong>1197<\/strong><br \/>(+21 for winning)\n|raw|Ctsthehokage's rating: 1117 &rarr; <strong>1096<\/strong><br \/>(-21 for losing)\n|l|\u2606Ctsthehokage\n","uploadtime":1699830461,"views":21,"p1id":"vixen4life","p2id":"ctsthehokage","formatid":"gen9ou","rating":1096,"private":0,"password":""}