{"id":"gen9ou-2000056299","p1":"SmoknOppPax","p2":"Patticakesz","format":"[Gen 9] OU","log":"|j|\u2606SmoknOppPax\n|j|\u2606Patticakesz\n|t:|1701147102\n|gametype|singles\n|player|p1|SmoknOppPax|102|1008\n|player|p2|Patticakesz|266|1019\n|teamsize|p1|6\n|teamsize|p2|6\n|gen|9\n|tier|[Gen 9] OU\n|rated|\n|rule|Sleep Clause Mod: Limit one foe put to sleep\n|rule|Species Clause: Limit one of each Pok\u00e9mon\n|rule|OHKO Clause: OHKO moves are banned\n|rule|Evasion Items Clause: Evasion items are banned\n|rule|Evasion Moves Clause: Evasion moves are banned\n|rule|Endless Battle Clause: Forcing endless battles is banned\n|rule|HP Percentage Mod: HP is shown in percentages\n|clearpoke\n|poke|p1|Gallade, M|\n|poke|p1|Gengar, M|\n|poke|p1|Dragonite, F|\n|poke|p1|Gastrodon, F|\n|poke|p1|Sableye, M|\n|poke|p1|Arcanine, F|\n|poke|p2|Dragapult, F|\n|poke|p2|Inteleon, M|\n|poke|p2|Dunsparce, F|\n|poke|p2|Weezing-Galar, M|\n|poke|p2|Yanmega, F|\n|poke|p2|Toxicroak, F|\n|teampreview\n|\n|t:|1701147114\n|start\n|switch|p1a: Sableye|Sableye, M|100\/100\n|switch|p2a: Toxicroak|Toxicroak, F|100\/100\n|turn|1\n|\n|t:|1701147124\n|move|p1a: Sableye|Thunder Wave|p2a: Toxicroak\n|-status|p2a: Toxicroak|par\n|cant|p2a: Toxicroak|par\n|\n|upkeep\n|turn|2\n|\n|t:|1701147126\n|move|p1a: Sableye|Knock Off|p2a: Toxicroak\n|-resisted|p2a: Toxicroak\n|-damage|p2a: Toxicroak|71\/100 par\n|-enditem|p2a: Toxicroak|Zoom Lens|[from] move: Knock Off|[of] p1a: Sableye\n|cant|p2a: Toxicroak|par\n|\n|upkeep\n|turn|3\n|\n|t:|1701147142\n|switch|p1a: Arcanine|Arcanine, F|100\/100\n|-ability|p1a: Arcanine|Intimidate|boost\n|-unboost|p2a: Toxicroak|atk|1\n|cant|p2a: Toxicroak|par\n|\n|upkeep\n|turn|4\n|\n|t:|1701147155\n|switch|p2a: Inteleon|Inteleon, M|100\/100\n|move|p1a: Arcanine|Psychic Fangs|p2a: Inteleon\n|-damage|p2a: Inteleon|59\/100\n|\n|upkeep\n|turn|5\n|\n|t:|1701147166\n|move|p1a: Arcanine|Extreme Speed|p2a: Inteleon\n|-damage|p2a: Inteleon|23\/100\n|move|p2a: Inteleon|Agility|p2a: Inteleon\n|-boost|p2a: Inteleon|spe|2\n|\n|upkeep\n|turn|6\n|\n|t:|1701147169\n|move|p1a: Arcanine|Extreme Speed|p2a: Inteleon\n|-damage|p2a: Inteleon|0 fnt\n|faint|p2a: Inteleon\n|\n|upkeep\n|\n|t:|1701147180\n|switch|p2a: Dunsparce|Dunsparce, F|100\/100\n|turn|7\n|\n|t:|1701147189\n|move|p1a: Arcanine|Iron Head|p2a: Dunsparce\n|-crit|p2a: Dunsparce\n|-damage|p2a: Dunsparce|70\/100\n|cant|p2a: Dunsparce|flinch\n|\n|upkeep\n|turn|8\n|\n|t:|1701147193\n|move|p1a: Arcanine|Psychic Fangs|p2a: Dunsparce\n|-damage|p2a: Dunsparce|49\/100\n|move|p2a: Dunsparce|Coil|p2a: Dunsparce\n|-boost|p2a: Dunsparce|atk|1\n|-boost|p2a: Dunsparce|def|1\n|-boost|p2a: Dunsparce|accuracy|1\n|\n|upkeep\n|turn|9\n|\n|t:|1701147198\n|move|p1a: Arcanine|Flare Blitz|p2a: Dunsparce\n|-damage|p2a: Dunsparce|19\/100\n|-damage|p1a: Arcanine|88\/100|[from] Recoil\n|move|p2a: Dunsparce|Drill Run|p1a: Arcanine\n|-supereffective|p1a: Arcanine\n|-damage|p1a: Arcanine|34\/100\n|\n|upkeep\n|turn|10\n|l|\u2606SmoknOppPax\n|player|p1|\n|-message|Patticakesz forfeited.\n|\n|win|SmoknOppPax\n|raw|SmoknOppPax's rating: 1008 &rarr; <strong>1048<\/strong><br \/>(+40 for winning)\n|raw|Patticakesz's rating: 1019 &rarr; <strong>1006<\/strong><br \/>(-13 for losing)\n|l|\u2606Patticakesz\n|j|\u2606SmoknOppPax\n|player|p1|SmoknOppPax|102\n","uploadtime":1701147232,"views":4,"p1id":"smoknopppax","p2id":"patticakesz","formatid":"gen9ou","rating":1006,"private":0,"password":""}