{"id":"gen9ou-1992520067","p1":"CRIPPYwitdaGRIPPY","p2":"BeardoftheRed","format":"[Gen 9] OU","log":"|j|\u2606CRIPPYwitdaGRIPPY\n|j|\u2606BeardoftheRed\n|t:|1700198672\n|gametype|singles\n|player|p1|CRIPPYwitdaGRIPPY|caitlin|\n|player|p2|BeardoftheRed|170|\n|teamsize|p1|6\n|teamsize|p2|6\n|gen|9\n|tier|[Gen 9] OU\n|rule|Sleep Clause Mod: Limit one foe put to sleep\n|rule|Species Clause: Limit one of each Pok\u00e9mon\n|rule|OHKO Clause: OHKO moves are banned\n|rule|Evasion Items Clause: Evasion items are banned\n|rule|Evasion Moves Clause: Evasion moves are banned\n|rule|Endless Battle Clause: Forcing endless battles is banned\n|rule|HP Percentage Mod: HP is shown in percentages\n|clearpoke\n|poke|p1|Kingambit, F|\n|poke|p1|Walking Wake|\n|poke|p1|Arcanine-Hisui, M|\n|poke|p1|Amoonguss, M|\n|poke|p1|Cyclizar, F|\n|poke|p1|Iron Thorns|\n|poke|p2|Dragapult, M|\n|poke|p2|Dondozo, F|\n|poke|p2|Gengar, M|\n|poke|p2|Cloyster, F|\n|poke|p2|Kilowattrel, M|\n|poke|p2|Tatsugiri, F|\n|teampreview\n|inactive|Battle timer is ON: inactive players will automatically lose when time's up. (requested by BeardoftheRed)\n|\n|t:|1700198681\n|start\n|switch|p1a: spiny d1ck|Kingambit, F|100\/100\n|switch|p2a: Shocky|Kilowattrel, M|100\/100\n|turn|1\n|\n|t:|1700198688\n|move|p2a: Shocky|Hurricane|p1a: spiny d1ck|[miss]\n|-miss|p2a: Shocky|p1a: spiny d1ck\n|move|p1a: spiny d1ck|Focus Blast|p2a: Shocky\n|-resisted|p2a: Shocky\n|-damage|p2a: Shocky|84\/100\n|\n|upkeep\n|turn|2\n|inactive|CRIPPYwitdaGRIPPY has 270 seconds left.\n|\n|t:|1700198720\n|-end|p1a: spiny d1ck|fallenundefined|[silent]\n|switch|p1a: iron t1ts|Iron Thorns|100\/100\n|-enditem|p1a: iron t1ts|Booster Energy\n|-activate|p1a: iron t1ts|ability: Quark Drive|[fromitem]\n|-start|p1a: iron t1ts|quarkdriveatk\n|move|p2a: Shocky|Thunderbolt|p1a: iron t1ts\n|-resisted|p1a: iron t1ts\n|-damage|p1a: iron t1ts|77\/100\n|\n|upkeep\n|turn|3\n|\n|t:|1700198730\n|move|p2a: Shocky|Hurricane|p1a: iron t1ts|[miss]\n|-miss|p2a: Shocky|p1a: iron t1ts\n|move|p1a: iron t1ts|Wild Charge|p2a: Shocky\n|-heal|p2a: Shocky|100\/100|[from] ability: Volt Absorb|[of] p1a: iron t1ts\n|\n|upkeep\n|turn|4\n|\n|t:|1700198745\n|move|p2a: Shocky|Hurricane|p1a: iron t1ts|[miss]\n|-miss|p2a: Shocky|p1a: iron t1ts\n|move|p1a: iron t1ts|Ice Punch|p2a: Shocky\n|-supereffective|p2a: Shocky\n|-damage|p2a: Shocky|0 fnt\n|faint|p2a: Shocky\n|\n|upkeep\n|\n|t:|1700198751\n|switch|p2a: Clamponyod***|Cloyster, F|100\/100\n|turn|5\n|\n|t:|1700198758\n|move|p1a: iron t1ts|Wild Charge|p2a: Clamponyod***\n|-supereffective|p2a: Clamponyod***\n|-enditem|p2a: Clamponyod***|Focus Sash\n|-damage|p2a: Clamponyod***|1\/100\n|-damage|p1a: iron t1ts|59\/100|[from] Recoil\n|move|p2a: Clamponyod***|Shell Smash|p2a: Clamponyod***\n|-unboost|p2a: Clamponyod***|def|1\n|-unboost|p2a: Clamponyod***|spd|1\n|-boost|p2a: Clamponyod***|atk|2\n|-boost|p2a: Clamponyod***|spa|2\n|-boost|p2a: Clamponyod***|spe|2\n|\n|upkeep\n|turn|6\n|\n|t:|1700198769\n|move|p2a: Clamponyod***|Icicle Spear|p1a: iron t1ts\n|-damage|p1a: iron t1ts|37\/100\n|-damage|p1a: iron t1ts|15\/100\n|-damage|p1a: iron t1ts|0 fnt\n|faint|p1a: iron t1ts\n|-end|p1a: iron t1ts|Quark Drive|[silent]\n|-hitcount|p1: iron t1ts|3\n|\n|upkeep\n|\n|t:|1700198780\n|switch|p1a: sus|Amoonguss, M, shiny|100\/100\n|turn|7\n|\n|t:|1700198787\n|move|p2a: Clamponyod***|Ice Beam|p1a: sus\n|-supereffective|p1a: sus\n|-damage|p1a: sus|10\/100\n|-status|p1a: sus|frz\n|cant|p1a: sus|frz\n|\n|upkeep\n|turn|8\n|\n|t:|1700198795\n|switch|p1a: ride me|Cyclizar, F|100\/100\n|move|p2a: Clamponyod***|Icicle Spear|p1a: ride me\n|-supereffective|p1a: ride me\n|-damage|p1a: ride me|31\/100\n|-supereffective|p1a: ride me\n|-damage|p1a: ride me|0 fnt\n|faint|p1a: ride me\n|-hitcount|p1: ride me|2\n|\n|upkeep\n|\n|t:|1700198803\n|switch|p1a: spiny d1ck|Kingambit, F|100\/100\n|-activate|p1a: spiny d1ck|ability: Supreme Overlord\n|-start|p1a: spiny d1ck|fallen2|[silent]\n|turn|9\n|\n|t:|1700198811\n|move|p2a: Clamponyod***|Ice Beam|p1a: spiny d1ck\n|-resisted|p1a: spiny d1ck\n|-damage|p1a: spiny d1ck|68\/100\n|move|p1a: spiny d1ck|Focus Blast|p2a: Clamponyod***|[miss]\n|-miss|p1a: spiny d1ck|p2a: Clamponyod***\n|\n|upkeep\n|turn|10\n|\n|t:|1700198820\n|move|p2a: Clamponyod***|Ice Beam|p1a: spiny d1ck\n|-resisted|p1a: spiny d1ck\n|-damage|p1a: spiny d1ck|34\/100\n|move|p1a: spiny d1ck|Iron Head|p2a: Clamponyod***\n|-damage|p2a: Clamponyod***|0 fnt\n|faint|p2a: Clamponyod***\n|\n|upkeep\n|\n|t:|1700198838\n|switch|p2a: TongueofSwallow|Tatsugiri, F|100\/100\n|turn|11\n|\n|t:|1700198843\n|-end|p1a: spiny d1ck|fallen2|[silent]\n|switch|p1a: mr walksalot|Walking Wake|100\/100\n|-enditem|p1a: mr walksalot|Booster Energy\n|-activate|p1a: mr walksalot|ability: Protosynthesis|[fromitem]\n|-start|p1a: mr walksalot|protosynthesisspa\n|move|p2a: TongueofSwallow|Nasty Plot|p2a: TongueofSwallow\n|-boost|p2a: TongueofSwallow|spa|2\n|\n|upkeep\n|turn|12\n|\n|t:|1700198852\n|move|p1a: mr walksalot|Dragon Pulse|p2a: TongueofSwallow\n|-supereffective|p2a: TongueofSwallow\n|-damage|p2a: TongueofSwallow|0 fnt\n|faint|p2a: TongueofSwallow\n|\n|upkeep\n|\n|t:|1700198857\n|switch|p2a: bringerof2suns|Dragapult, M|100\/100\n|turn|13\n|\n|t:|1700198860\n|move|p2a: bringerof2suns|Phantom Force||[still]\n|-prepare|p2a: bringerof2suns|Phantom Force\n|move|p1a: mr walksalot|Dragon Pulse|p2a: bringerof2suns|[miss]\n|-miss|p1a: mr walksalot|p2a: bringerof2suns\n|\n|upkeep\n|turn|14\n|\n|t:|1700198866\n|move|p2a: bringerof2suns|Phantom Force|p1a: mr walksalot|[from]lockedmove\n|-damage|p1a: mr walksalot|31\/100\n|-damage|p2a: bringerof2suns|91\/100|[from] item: Life Orb\n|move|p1a: mr walksalot|Dragon Pulse|p2a: bringerof2suns\n|-supereffective|p2a: bringerof2suns\n|-damage|p2a: bringerof2suns|0 fnt\n|faint|p2a: bringerof2suns\n|\n|upkeep\n|\n|t:|1700198874\n|switch|p2a: IneedTPforbunghole|Gengar, M|100\/100\n|turn|15\n|j| CrushMeGoodra\n|\n|t:|1700198894\n|-end|p1a: mr walksalot|Protosynthesis|[silent]\n|switch|p1a: spiny d1ck|Kingambit, F|34\/100\n|-activate|p1a: spiny d1ck|ability: Supreme Overlord\n|-start|p1a: spiny d1ck|fallen2|[silent]\n|-terastallize|p2a: IneedTPforbunghole|Ghost\n|move|p2a: IneedTPforbunghole|Shadow Ball|p1a: spiny d1ck\n|-resisted|p1a: spiny d1ck\n|-damage|p1a: spiny d1ck|0 fnt\n|faint|p1a: spiny d1ck\n|-end|p1a: spiny d1ck|fallen2|[silent]\n|\n|upkeep\n|l| CrushMeGoodra\n|\n|t:|1700198904\n|switch|p1a: daisy|Arcanine-Hisui, M, shiny|100\/100\n|turn|16\n|\n|t:|1700198913\n|move|p2a: IneedTPforbunghole|Icy Wind|p1a: daisy\n|-resisted|p1a: daisy\n|-damage|p1a: daisy|90\/100\n|-unboost|p1a: daisy|spe|1\n|move|p1a: daisy|Flare Blitz|p2a: IneedTPforbunghole\n|-damage|p2a: IneedTPforbunghole|0 fnt\n|faint|p2a: IneedTPforbunghole\n|\n|upkeep\n|\n|t:|1700198917\n|switch|p2a: TimetoSwallow|Dondozo, F|100\/100\n|turn|17\n|\n|t:|1700198928\n|move|p1a: daisy|Head Smash|p2a: TimetoSwallow\n|-damage|p2a: TimetoSwallow|67\/100\n|move|p2a: TimetoSwallow|Liquidation|p1a: daisy\n|-supereffective|p1a: daisy\n|-damage|p1a: daisy|0 fnt\n|faint|p1a: daisy\n|\n|upkeep\n|\n|t:|1700198935\n|switch|p1a: sus|Amoonguss, M, shiny|43\/100 frz\n|turn|18\n|\n|t:|1700198941\n|-terastallize|p1a: sus|Grass\n|move|p2a: TimetoSwallow|Body Press|p1a: sus\n|-damage|p1a: sus|20\/100 frz\n|-damage|p2a: TimetoSwallow|51\/100|[from] item: Rocky Helmet|[of] p1a: sus\n|cant|p1a: sus|frz\n|\n|upkeep\n|turn|19\n|\n|t:|1700198950\n|move|p2a: TimetoSwallow|Rest|p2a: TimetoSwallow\n|-status|p2a: TimetoSwallow|slp|[from] move: Rest\n|-heal|p2a: TimetoSwallow|100\/100 slp|[silent]\n|-curestatus|p1a: sus|frz|[msg]\n|move|p1a: sus|Giga Drain|p2a: TimetoSwallow\n|-supereffective|p2a: TimetoSwallow\n|-damage|p2a: TimetoSwallow|42\/100 slp\n|-heal|p1a: sus|54\/100|[from] drain|[of] p2a: TimetoSwallow\n|\n|upkeep\n|turn|20\n|\n|t:|1700198958\n|cant|p2a: TimetoSwallow|slp\n|move|p2a: TimetoSwallow|Sleep Talk|p2a: TimetoSwallow\n|move|p2a: TimetoSwallow|Body Press|p1a: sus|[from]move: Sleep Talk\n|-damage|p1a: sus|32\/100\n|-damage|p2a: TimetoSwallow|25\/100 slp|[from] item: Rocky Helmet|[of] p1a: sus\n|move|p1a: sus|Giga Drain|p2a: TimetoSwallow\n|-supereffective|p2a: TimetoSwallow\n|-damage|p2a: TimetoSwallow|0 fnt\n|-heal|p1a: sus|47\/100|[from] drain|[of] p2a: TimetoSwallow\n|faint|p2a: TimetoSwallow\n|\n|win|CRIPPYwitdaGRIPPY\n|l|\u2606CRIPPYwitdaGRIPPY\n","uploadtime":1700198976,"views":16,"p1id":"crippywitdagrippy","p2id":"beardofthered","formatid":"gen9ou","rating":0,"private":0,"password":""}