{"id":"gen9ou-1994447872","p1":"Joker040921","p2":"Rockyplayz","format":"[Gen 9] OU","log":"|j|\u2606Joker040921\n|j|\u203dRockyplayz\n|t:|1700445043\n|gametype|singles\n|player|p1|Joker040921|169|1019\n|player|p2|Rockyplayz|tuber|1113\n|teamsize|p1|6\n|teamsize|p2|6\n|gen|9\n|tier|[Gen 9] OU\n|rated|\n|rule|Sleep Clause Mod: Limit one foe put to sleep\n|rule|Species Clause: Limit one of each Pok\u00e9mon\n|rule|OHKO Clause: OHKO moves are banned\n|rule|Evasion Items Clause: Evasion items are banned\n|rule|Evasion Moves Clause: Evasion moves are banned\n|rule|Endless Battle Clause: Forcing endless battles is banned\n|rule|HP Percentage Mod: HP is shown in percentages\n|clearpoke\n|poke|p1|Great Tusk|\n|poke|p1|Iron Valiant|\n|poke|p1|Glimmora, M|\n|poke|p1|Gholdengo|\n|poke|p1|Moltres|\n|poke|p1|Sandy Shocks|\n|poke|p2|Ceruledge, F|\n|poke|p2|Snorlax, M|\n|poke|p2|Dragapult, M|\n|poke|p2|Armarouge, M|\n|poke|p2|Okidogi, M|\n|poke|p2|Zapdos-Galar|\n|teampreview\n|inactive|Battle timer is ON: inactive players will automatically lose when time's up. (requested by Joker040921)\n|\n|t:|1700445076\n|start\n|switch|p1a: Glimmora|Glimmora, M|100\/100\n|switch|p2a: Okidogi|Okidogi, M|100\/100\n|turn|1\n|\n|t:|1700445089\n|move|p1a: Glimmora|Stealth Rock|p2a: Okidogi\n|-sidestart|p2: Rockyplayz|move: Stealth Rock\n|move|p2a: Okidogi|Bulk Up|p2a: Okidogi\n|-boost|p2a: Okidogi|atk|1\n|-boost|p2a: Okidogi|def|1\n|\n|upkeep\n|turn|2\n|\n|t:|1700445100\n|switch|p1a: Moltres|Moltres|100\/100\n|move|p2a: Okidogi|Bulk Up|p2a: Okidogi\n|-boost|p2a: Okidogi|atk|1\n|-boost|p2a: Okidogi|def|1\n|\n|upkeep\n|turn|3\n|\n|t:|1700445109\n|move|p1a: Moltres|Hurricane|p2a: Okidogi\n|-supereffective|p2a: Okidogi\n|-damage|p2a: Okidogi|0 fnt\n|faint|p2a: Okidogi\n|\n|upkeep\n|\n|t:|1700445113\n|switch|p2a: Snorlax|Snorlax, M, shiny|100\/100\n|-damage|p2a: Snorlax|88\/100|[from] Stealth Rock\n|turn|4\n|\n|t:|1700445120\n|switch|p1a: Glimmora|Glimmora, M|100\/100\n|move|p2a: Snorlax|Belly Drum|p2a: Snorlax\n|-damage|p2a: Snorlax|38\/100\n|-setboost|p2a: Snorlax|atk|6|[from] move: Belly Drum\n|-enditem|p2a: Snorlax|Sitrus Berry|[eat]\n|-heal|p2a: Snorlax|63\/100|[from] item: Sitrus Berry\n|\n|upkeep\n|turn|5\n|\n|t:|1700445130\n|move|p1a: Glimmora|Mortal Spin|p2a: Snorlax\n|-damage|p2a: Snorlax|58\/100\n|-status|p2a: Snorlax|psn\n|move|p2a: Snorlax|High Horsepower|p1a: Glimmora\n|-supereffective|p1a: Glimmora\n|-enditem|p1a: Glimmora|Focus Sash\n|-damage|p1a: Glimmora|1\/100\n|-activate|p1a: Glimmora|ability: Toxic Debris\n|-sidestart|p2: Rockyplayz|move: Toxic Spikes\n|\n|-damage|p2a: Snorlax|45\/100 psn|[from] psn\n|upkeep\n|turn|6\n|\n|t:|1700445140\n|move|p1a: Glimmora|Sludge Wave|p2a: Snorlax\n|-damage|p2a: Snorlax|18\/100 psn\n|move|p2a: Snorlax|Gunk Shot|p1a: Glimmora|[miss]\n|-miss|p2a: Snorlax|p1a: Glimmora\n|\n|-damage|p2a: Snorlax|5\/100 psn|[from] psn\n|upkeep\n|turn|7\n|\n|t:|1700445152\n|move|p1a: Glimmora|Sludge Wave|p2a: Snorlax\n|-damage|p2a: Snorlax|0 fnt\n|faint|p2a: Snorlax\n|\n|upkeep\n|\n|t:|1700445155\n|switch|p2a: Dragapult|Dragapult, M, shiny|100\/100\n|-damage|p2a: Dragapult|88\/100|[from] Stealth Rock\n|-status|p2a: Dragapult|psn\n|turn|8\n|\n|t:|1700445165\n|move|p2a: Dragapult|Dragon Dance|p2a: Dragapult\n|-boost|p2a: Dragapult|atk|1\n|-boost|p2a: Dragapult|spe|1\n|move|p1a: Glimmora|Power Gem|p2a: Dragapult\n|-damage|p2a: Dragapult|36\/100 psn\n|\n|-damage|p2a: Dragapult|24\/100 psn|[from] psn\n|upkeep\n|turn|9\n|\n|t:|1700445169\n|move|p2a: Dragapult|Dragon Darts|p1a: Glimmora\n|-damage|p1a: Glimmora|0 fnt\n|-activate|p1a: Glimmora|ability: Toxic Debris\n|-sidestart|p2: Rockyplayz|move: Toxic Spikes\n|faint|p1a: Glimmora\n|\n|-damage|p2a: Dragapult|11\/100 psn|[from] psn\n|upkeep\n|\n|t:|1700445176\n|switch|p1a: Iron Valiant|Iron Valiant|100\/100\n|turn|10\n|\n|t:|1700445194\n|-end|p1a: Iron Valiant|Quark Drive|[silent]\n|switch|p1a: Great Tusk|Great Tusk|100\/100\n|move|p2a: Dragapult|Phantom Force||[still]\n|-prepare|p2a: Dragapult|Phantom Force\n|\n|-damage|p2a: Dragapult|0 fnt|[from] psn\n|faint|p2a: Dragapult\n|upkeep\n|\n|t:|1700445203\n|switch|p2a: Zapdos|Zapdos-Galar, shiny|100\/100\n|-damage|p2a: Zapdos|88\/100|[from] Stealth Rock\n|turn|11\n|\n|t:|1700445212\n|-end|p1a: Great Tusk|Protosynthesis|[silent]\n|switch|p1a: Gholdengo|Gholdengo|100\/100\n|move|p2a: Zapdos|Knock Off|p1a: Gholdengo\n|-supereffective|p1a: Gholdengo\n|-damage|p1a: Gholdengo|6\/100\n|-enditem|p1a: Gholdengo|Red Card|[from] move: Knock Off|[of] p2a: Zapdos\n|-damage|p2a: Zapdos|78\/100|[from] item: Life Orb\n|\n|upkeep\n|turn|12\n|\n|t:|1700445222\n|move|p2a: Zapdos|Knock Off|p1a: Gholdengo\n|-supereffective|p1a: Gholdengo\n|-damage|p1a: Gholdengo|0 fnt\n|faint|p1a: Gholdengo\n|-damage|p2a: Zapdos|68\/100|[from] item: Life Orb\n|\n|upkeep\n|\n|t:|1700445228\n|switch|p1a: Iron Valiant|Iron Valiant|100\/100\n|turn|13\n|\n|t:|1700445234\n|move|p1a: Iron Valiant|Moonblast|p2a: Zapdos\n|-supereffective|p2a: Zapdos\n|-damage|p2a: Zapdos|0 fnt\n|faint|p2a: Zapdos\n|\n|upkeep\n|\n|t:|1700445237\n|switch|p2a: Ceruledge|Ceruledge, F, shiny|100\/100\n|-damage|p2a: Ceruledge|76\/100|[from] Stealth Rock\n|-status|p2a: Ceruledge|tox\n|turn|14\n|\n|t:|1700445247\n|-end|p1a: Iron Valiant|Quark Drive|[silent]\n|switch|p1a: Sandy Shocks|Sandy Shocks|100\/100\n|-enditem|p1a: Sandy Shocks|Booster Energy\n|-activate|p1a: Sandy Shocks|ability: Protosynthesis|[fromitem]\n|-start|p1a: Sandy Shocks|protosynthesisspe\n|move|p2a: Ceruledge|Swords Dance|p2a: Ceruledge\n|-boost|p2a: Ceruledge|atk|2\n|\n|-damage|p2a: Ceruledge|70\/100 tox|[from] psn\n|upkeep\n|turn|15\n|\n|t:|1700445262\n|move|p1a: Sandy Shocks|Substitute|p1a: Sandy Shocks\n|-start|p1a: Sandy Shocks|Substitute\n|-damage|p1a: Sandy Shocks|76\/100\n|move|p2a: Ceruledge|Bitter Blade|p1a: Sandy Shocks\n|-end|p1a: Sandy Shocks|Substitute\n|-heal|p2a: Ceruledge|83\/100 tox|[from] drain|[of] p1a: Sandy Shocks\n|\n|-damage|p2a: Ceruledge|71\/100 tox|[from] psn\n|upkeep\n|turn|16\n|\n|t:|1700445268\n|move|p1a: Sandy Shocks|Earth Power|p2a: Ceruledge\n|-supereffective|p2a: Ceruledge\n|-crit|p2a: Ceruledge\n|-damage|p2a: Ceruledge|0 fnt\n|faint|p2a: Ceruledge\n|\n|upkeep\n|\n|t:|1700445272\n|switch|p2a: Armarouge|Armarouge, M, shiny|100\/100\n|-damage|p2a: Armarouge|76\/100|[from] Stealth Rock\n|-status|p2a: Armarouge|tox\n|turn|17\n|\n|t:|1700445278\n|move|p1a: Sandy Shocks|Substitute|p1a: Sandy Shocks\n|-start|p1a: Sandy Shocks|Substitute\n|-damage|p1a: Sandy Shocks|51\/100\n|move|p2a: Armarouge|Aura Sphere|p1a: Sandy Shocks\n|-end|p1a: Sandy Shocks|Substitute\n|\n|-heal|p2a: Armarouge|82\/100 tox|[from] item: Leftovers\n|-damage|p2a: Armarouge|76\/100 tox|[from] psn\n|upkeep\n|turn|18\n|\n|t:|1700445293\n|move|p1a: Sandy Shocks|Earth Power|p2a: Armarouge\n|-supereffective|p2a: Armarouge\n|-damage|p2a: Armarouge|0 fnt\n|faint|p2a: Armarouge\n|\n|win|Joker040921\n|raw|Joker040921's rating: 1019 &rarr; <strong>1066<\/strong><br \/>(+47 for winning)\n|raw|Rockyplayz's rating: 1113 &rarr; <strong>1081<\/strong><br \/>(-32 for losing)\n|l|\u203dRockyplayz\n","uploadtime":1700445299,"views":10,"p1id":"joker040921","p2id":"rockyplayz","formatid":"gen9ou","rating":1066,"private":0,"password":""}