{"id":"gen9ou-1990152486","p1":"JachiMalz","p2":"Ambidexx","format":"[Gen 9] OU","log":"|j|\u2606JachiMalz\n|j|\u2606Ambidexx\n|t:|1699930322\n|gametype|singles\n|player|p1|JachiMalz|clerk|1482\n|player|p2|Ambidexx|dawn|1458\n|teamsize|p1|6\n|teamsize|p2|6\n|gen|9\n|tier|[Gen 9] OU\n|rated|\n|rule|Sleep Clause Mod: Limit one foe put to sleep\n|rule|Species Clause: Limit one of each Pok\u00e9mon\n|rule|OHKO Clause: OHKO moves are banned\n|rule|Evasion Items Clause: Evasion items are banned\n|rule|Evasion Moves Clause: Evasion moves are banned\n|rule|Endless Battle Clause: Forcing endless battles is banned\n|rule|HP Percentage Mod: HP is shown in percentages\n|clearpoke\n|poke|p1|Gholdengo|\n|poke|p1|Sandy Shocks|\n|poke|p1|Cinderace, F|\n|poke|p1|Iron Valiant|\n|poke|p1|Ogerpon-Cornerstone, F|\n|poke|p1|Torkoal, F|\n|poke|p2|Clefable, M|\n|poke|p2|Landorus-Therian, M|\n|poke|p2|Dragapult, F|\n|poke|p2|Empoleon, M|\n|poke|p2|Dragonite, M|\n|poke|p2|Meowscarada, F|\n|teampreview\n|\n|t:|1699930346\n|start\n|switch|p1a: Cinderace|Cinderace, F|100\/100\n|switch|p2a: Dragapult|Dragapult, F|100\/100\n|turn|1\n|\n|t:|1699930364\n|move|p1a: Cinderace|U-turn|p2a: Dragapult\n|-start|p1a: Cinderace|typechange|Bug|[from] ability: Libero\n|-resisted|p2a: Dragapult\n|-damage|p2a: Dragapult|78\/100\n|\n|t:|1699930369\n|switch|p1a: Torkoal|Torkoal, F|100\/100|[from] U-turn\n|-weather|SunnyDay|[from] ability: Drought|[of] p1a: Torkoal\n|move|p2a: Dragapult|Shadow Ball|p1a: Torkoal\n|-damage|p1a: Torkoal|71\/100\n|\n|-weather|SunnyDay|[upkeep]\n|upkeep\n|turn|2\n|\n|t:|1699930384\n|move|p2a: Dragapult|Draco Meteor|p1a: Torkoal\n|-damage|p1a: Torkoal|28\/100\n|-unboost|p2a: Dragapult|spa|2\n|move|p1a: Torkoal|Lava Plume|p2a: Dragapult\n|-resisted|p2a: Dragapult\n|-damage|p2a: Dragapult|60\/100\n|-status|p2a: Dragapult|brn\n|\n|-weather|SunnyDay|[upkeep]\n|-damage|p2a: Dragapult|54\/100 brn|[from] brn\n|upkeep\n|turn|3\n|\n|t:|1699930399\n|switch|p1a: Iron Valiant|Iron Valiant|100\/100\n|-enditem|p1a: Iron Valiant|Booster Energy\n|-activate|p1a: Iron Valiant|ability: Quark Drive|[fromitem]\n|-start|p1a: Iron Valiant|quarkdrivespe\n|move|p2a: Dragapult|U-turn|p1a: Iron Valiant\n|-resisted|p1a: Iron Valiant\n|-damage|p1a: Iron Valiant|98\/100\n|\n|t:|1699930409\n|switch|p2a: Clefable|Clefable, M|100\/100|[from] U-turn\n|\n|-weather|SunnyDay|[upkeep]\n|upkeep\n|turn|4\n|\n|t:|1699930415\n|move|p1a: Iron Valiant|Swords Dance|p1a: Iron Valiant\n|-boost|p1a: Iron Valiant|atk|2\n|move|p2a: Clefable|Moonblast|p1a: Iron Valiant\n|-supereffective|p1a: Iron Valiant\n|-damage|p1a: Iron Valiant|0 fnt\n|faint|p1a: Iron Valiant\n|-end|p1a: Iron Valiant|Quark Drive|[silent]\n|\n|-weather|SunnyDay|[upkeep]\n|upkeep\n|\n|t:|1699930418\n|switch|p1a: Gholdengo|Gholdengo|100\/100\n|turn|5\n|\n|t:|1699930442\n|-terastallize|p2a: Clefable|Water\n|move|p1a: Gholdengo|Make It Rain|p2a: Clefable\n|-resisted|p2a: Clefable\n|-damage|p2a: Clefable|69\/100\n|-unboost|p1a: Gholdengo|spa|1\n|move|p2a: Clefable|Calm Mind|p2a: Clefable\n|-boost|p2a: Clefable|spa|1\n|-boost|p2a: Clefable|spd|1\n|\n|-weather|none\n|-heal|p2a: Clefable|75\/100|[from] item: Leftovers\n|upkeep\n|turn|6\n|\n|t:|1699930456\n|switch|p1a: Torkoal|Torkoal, F|28\/100\n|-weather|SunnyDay|[from] ability: Drought|[of] p1a: Torkoal\n|move|p2a: Clefable|Moonblast|p1a: Torkoal\n|-resisted|p1a: Torkoal\n|-damage|p1a: Torkoal|6\/100\n|-unboost|p1a: Torkoal|spa|1\n|\n|-weather|SunnyDay|[upkeep]\n|-heal|p2a: Clefable|81\/100|[from] item: Leftovers\n|upkeep\n|turn|7\n|\n|t:|1699930467\n|move|p2a: Clefable|Moonblast|p1a: Torkoal\n|-resisted|p1a: Torkoal\n|-damage|p1a: Torkoal|0 fnt\n|faint|p1a: Torkoal\n|\n|-weather|SunnyDay|[upkeep]\n|-heal|p2a: Clefable|87\/100|[from] item: Leftovers\n|upkeep\n|\n|t:|1699930470\n|switch|p1a: Cinderace|Cinderace, F|100\/100\n|turn|8\n|\n|t:|1699930486\n|move|p1a: Cinderace|High Jump Kick|p2a: Clefable|[miss]\n|-start|p1a: Cinderace|typechange|Fighting|[from] ability: Libero\n|-miss|p1a: Cinderace|p2a: Clefable\n|-damage|p1a: Cinderace|51\/100|[from] highjumpkick\n|move|p2a: Clefable|Wish|p2a: Clefable\n|\n|-weather|SunnyDay|[upkeep]\n|-heal|p2a: Clefable|93\/100|[from] item: Leftovers\n|upkeep\n|turn|9\n|\n|t:|1699930496\n|switch|p1a: Gholdengo|Gholdengo|100\/100\n|move|p2a: Clefable|Protect||[still]\n|-fail|p2a: Clefable\n|\n|-weather|SunnyDay|[upkeep]\n|-heal|p2a: Clefable|100\/100|[from] move: Wish|[wisher] Clefable\n|upkeep\n|turn|10\n|\n|t:|1699930503\n|move|p1a: Gholdengo|Trick|p2a: Clefable\n|-activate|p1a: Gholdengo|move: Trick|[of] p2a: Clefable\n|-item|p2a: Clefable|Choice Specs|[from] move: Trick\n|-item|p1a: Gholdengo|Leftovers|[from] move: Trick\n|move|p2a: Clefable|Calm Mind|p2a: Clefable\n|-boost|p2a: Clefable|spa|1\n|-boost|p2a: Clefable|spd|1\n|\n|-weather|none\n|upkeep\n|turn|11\n|\n|t:|1699930518\n|switch|p1a: Ogerpon|Ogerpon-Cornerstone, F|100\/100\n|switch|p2a: Empoleon|Empoleon, M|100\/100\n|\n|upkeep\n|turn|12\n|\n|t:|1699930544\n|move|p1a: Ogerpon|Swords Dance|p1a: Ogerpon\n|-boost|p1a: Ogerpon|atk|2\n|move|p2a: Empoleon|Yawn|p1a: Ogerpon\n|-start|p1a: Ogerpon|move: Yawn|[of] p2a: Empoleon\n|\n|upkeep\n|turn|13\n|\n|t:|1699930548\n|switch|p2a: Landorus|Landorus-Therian, M|100\/100\n|-ability|p2a: Landorus|Intimidate|boost\n|-unboost|p1a: Ogerpon|atk|1\n|move|p1a: Ogerpon|Horn Leech|p2a: Landorus\n|-damage|p2a: Landorus|54\/100\n|-damage|p1a: Ogerpon|84\/100|[from] item: Rocky Helmet|[of] p2a: Landorus\n|\n|-end|p1a: Ogerpon|move: Yawn|[silent]\n|-status|p1a: Ogerpon|slp\n|upkeep\n|turn|14\n|\n|t:|1699930562\n|cant|p1a: Ogerpon|slp\n|move|p2a: Landorus|U-turn|p1a: Ogerpon\n|-supereffective|p1a: Ogerpon\n|-damage|p1a: Ogerpon|30\/100 slp\n|\n|t:|1699930567\n|switch|p2a: Meowscarada|Meowscarada, F|100\/100|[from] U-turn\n|\n|upkeep\n|turn|15\n|\n|t:|1699930581\n|switch|p1a: Cinderace|Cinderace, F|51\/100\n|move|p2a: Meowscarada|Flower Trick|p1a: Cinderace\n|-start|p2a: Meowscarada|typechange|Grass|[from] ability: Protean\n|-resisted|p1a: Cinderace\n|-crit|p1a: Cinderace\n|-damage|p1a: Cinderace|14\/100\n|\n|upkeep\n|turn|16\n|\n|t:|1699930594\n|switch|p2a: Landorus|Landorus-Therian, M|54\/100\n|-ability|p2a: Landorus|Intimidate|boost\n|-unboost|p1a: Cinderace|atk|1\n|move|p1a: Cinderace|U-turn|p2a: Landorus\n|-start|p1a: Cinderace|typechange|Bug|[from] ability: Libero\n|-resisted|p2a: Landorus\n|-damage|p2a: Landorus|46\/100\n|-damage|p1a: Cinderace|0 fnt|[from] item: Rocky Helmet|[of] p2a: Landorus\n|faint|p1a: Cinderace\n|\n|upkeep\n|\n|t:|1699930604\n|switch|p1a: Ogerpon|Ogerpon-Cornerstone, F|30\/100 slp\n|turn|17\n|\n|t:|1699930613\n|cant|p1a: Ogerpon|slp\n|move|p2a: Landorus|U-turn|p1a: Ogerpon\n|-supereffective|p1a: Ogerpon\n|-damage|p1a: Ogerpon|0 fnt\n|faint|p1a: Ogerpon\n|\n|t:|1699930621\n|switch|p2a: Meowscarada|Meowscarada, F|100\/100|[from] U-turn\n|\n|upkeep\n|\n|t:|1699930623\n|switch|p1a: Sandy Shocks|Sandy Shocks|100\/100\n|-enditem|p1a: Sandy Shocks|Booster Energy\n|-activate|p1a: Sandy Shocks|ability: Protosynthesis|[fromitem]\n|-start|p1a: Sandy Shocks|protosynthesisspe\n|turn|18\n|\n|t:|1699930631\n|-terastallize|p1a: Sandy Shocks|Flying\n|move|p1a: Sandy Shocks|Tera Blast|p2a: Meowscarada|[anim] Tera Blast Flying\n|-supereffective|p2a: Meowscarada\n|-damage|p2a: Meowscarada|0 fnt\n|faint|p2a: Meowscarada\n|\n|upkeep\n|\n|t:|1699930665\n|switch|p2a: Dragapult|Dragapult, F|54\/100 brn\n|turn|19\n|\n|t:|1699930670\n|move|p1a: Sandy Shocks|Earth Power|p2a: Dragapult\n|-damage|p2a: Dragapult|18\/100 brn\n|move|p2a: Dragapult|Shadow Ball|p1a: Sandy Shocks\n|-damage|p1a: Sandy Shocks|57\/100\n|\n|-damage|p2a: Dragapult|12\/100 brn|[from] brn\n|upkeep\n|turn|20\n|\n|t:|1699930681\n|move|p1a: Sandy Shocks|Earth Power|p2a: Dragapult\n|-damage|p2a: Dragapult|0 fnt\n|faint|p2a: Dragapult\n|\n|upkeep\n|\n|t:|1699930683\n|switch|p2a: Dragonite|Dragonite, M|100\/100\n|turn|21\n|\n|t:|1699930699\n|move|p1a: Sandy Shocks|Thunder Wave|p2a: Dragonite\n|-status|p2a: Dragonite|par\n|cant|p2a: Dragonite|par\n|\n|upkeep\n|turn|22\n|\n|t:|1699930707\n|move|p1a: Sandy Shocks|Thunderbolt|p2a: Dragonite\n|-damage|p2a: Dragonite|76\/100 par\n|move|p2a: Dragonite|Dragon Dance|p2a: Dragonite\n|-boost|p2a: Dragonite|atk|1\n|-boost|p2a: Dragonite|spe|1\n|\n|upkeep\n|turn|23\n|\n|t:|1699930714\n|cant|p2a: Dragonite|par\n|move|p1a: Sandy Shocks|Thunderbolt|p2a: Dragonite\n|-damage|p2a: Dragonite|31\/100 par\n|\n|upkeep\n|turn|24\n|\n|t:|1699930719\n|cant|p2a: Dragonite|par\n|move|p1a: Sandy Shocks|Thunderbolt|p2a: Dragonite\n|-damage|p2a: Dragonite|0 fnt\n|faint|p2a: Dragonite\n|\n|upkeep\n|\n|t:|1699930727\n|switch|p2a: Empoleon|Empoleon, M|100\/100\n|turn|25\n|\n|t:|1699930731\n|move|p1a: Sandy Shocks|Earth Power|p2a: Empoleon\n|-supereffective|p2a: Empoleon\n|-damage|p2a: Empoleon|44\/100\n|move|p2a: Empoleon|Yawn|p1a: Sandy Shocks\n|-start|p1a: Sandy Shocks|move: Yawn|[of] p2a: Empoleon\n|\n|-heal|p2a: Empoleon|50\/100|[from] item: Leftovers\n|upkeep\n|turn|26\n|\n|t:|1699930742\n|-end|p1a: Sandy Shocks|Protosynthesis|[silent]\n|switch|p1a: Gholdengo|Gholdengo|100\/100\n|move|p2a: Empoleon|Flip Turn|p1a: Gholdengo\n|-damage|p1a: Gholdengo|82\/100\n|\n|t:|1699930753\n|switch|p2a: Landorus|Landorus-Therian, M|46\/100|[from] Flip Turn\n|-ability|p2a: Landorus|Intimidate|boost\n|-unboost|p1a: Gholdengo|atk|1\n|\n|-heal|p1a: Gholdengo|88\/100|[from] item: Leftovers\n|upkeep\n|turn|27\n|\n|t:|1699930757\n|switch|p1a: Sandy Shocks|Sandy Shocks, tera:Flying|57\/100\n|move|p2a: Landorus|Earthquake|p1a: Sandy Shocks\n|-immune|p1a: Sandy Shocks\n|\n|upkeep\n|turn|28\n|\n|t:|1699930766\n|move|p1a: Sandy Shocks|Tera Blast|p2a: Landorus|[anim] Tera Blast Flying\n|-damage|p2a: Landorus|4\/100\n|move|p2a: Landorus|U-turn|p1a: Sandy Shocks\n|-resisted|p1a: Sandy Shocks\n|-damage|p1a: Sandy Shocks|45\/100\n|\n|t:|1699930775\n|switch|p2a: Empoleon|Empoleon, M|50\/100|[from] U-turn\n|\n|-heal|p2a: Empoleon|56\/100|[from] item: Leftovers\n|upkeep\n|turn|29\n|\n|t:|1699930778\n|move|p1a: Sandy Shocks|Earth Power|p2a: Empoleon\n|-supereffective|p2a: Empoleon\n|-damage|p2a: Empoleon|0 fnt\n|faint|p2a: Empoleon\n|\n|upkeep\n|\n|t:|1699930783\n|switch|p2a: Clefable|Clefable, M, tera:Water|100\/100\n|turn|30\n|\n|t:|1699930787\n|move|p1a: Sandy Shocks|Thunder Wave|p2a: Clefable\n|-status|p2a: Clefable|par\n|cant|p2a: Clefable|par\n|\n|upkeep\n|turn|31\n|\n|t:|1699930789\n|move|p1a: Sandy Shocks|Thunderbolt|p2a: Clefable\n|-supereffective|p2a: Clefable\n|-damage|p2a: Clefable|35\/100 par\n|move|p2a: Clefable|Calm Mind|p2a: Clefable\n|-boost|p2a: Clefable|spa|1\n|-boost|p2a: Clefable|spd|1\n|\n|upkeep\n|turn|32\n|\n|t:|1699930793\n|move|p1a: Sandy Shocks|Thunderbolt|p2a: Clefable\n|-supereffective|p2a: Clefable\n|-damage|p2a: Clefable|0 fnt\n|faint|p2a: Clefable\n|\n|upkeep\n|-message|Ambidexx forfeited.\n|\n|win|JachiMalz\n|raw|JachiMalz's rating: 1482 &rarr; <strong>1501<\/strong><br \/>(+19 for winning)\n|raw|Ambidexx's rating: 1458 &rarr; <strong>1439<\/strong><br \/>(-19 for losing)\n|l|\u2606Ambidexx\n","uploadtime":1699930798,"views":11,"p1id":"jachimalz","p2id":"ambidexx","formatid":"gen9ou","rating":1439,"private":0,"password":""}