{"id":"gen9ou-1994273998","p1":"JonySensei","p2":"djsxhnsksksjdjjdh","format":"[Gen 9] OU","log":"|j|\u2606JonySensei\n|j|\u2606djsxhnsksksjdjjdh\n|t:|1700425904\n|gametype|singles\n|player|p1|JonySensei|ingo|1221\n|player|p2|djsxhnsksksjdjjdh|101|1313\n|teamsize|p1|6\n|teamsize|p2|6\n|gen|9\n|tier|[Gen 9] OU\n|rated|\n|rule|Sleep Clause Mod: Limit one foe put to sleep\n|rule|Species Clause: Limit one of each Pok\u00e9mon\n|rule|OHKO Clause: OHKO moves are banned\n|rule|Evasion Items Clause: Evasion items are banned\n|rule|Evasion Moves Clause: Evasion moves are banned\n|rule|Endless Battle Clause: Forcing endless battles is banned\n|rule|HP Percentage Mod: HP is shown in percentages\n|clearpoke\n|poke|p1|Ceruledge, M|\n|poke|p1|Torkoal, F|\n|poke|p1|Walking Wake|\n|poke|p1|Scream Tail|\n|poke|p1|Lilligant-Hisui, F|\n|poke|p1|Dragapult, M|\n|poke|p2|Enamorus, F|\n|poke|p2|Cinderace, F|\n|poke|p2|Kingambit, F|\n|poke|p2|Corviknight, F|\n|poke|p2|Iron Hands|\n|poke|p2|Ribombee, M|\n|teampreview\n|inactive|Battle timer is ON: inactive players will automatically lose when time's up. (requested by djsxhnsksksjdjjdh)\n|\n|t:|1700425924\n|start\n|switch|p1a: Ceruledge|Ceruledge, M|100\/100\n|switch|p2a: Ribombee|Ribombee, M|100\/100\n|turn|1\n|\n|t:|1700425933\n|move|p2a: Ribombee|Sticky Web|p1a: Ceruledge\n|-sidestart|p1: JonySensei|move: Sticky Web\n|move|p1a: Ceruledge|Will-O-Wisp|p2a: Ribombee\n|-status|p2a: Ribombee|brn\n|\n|-damage|p2a: Ribombee|94\/100 brn|[from] brn\n|upkeep\n|turn|2\n|\n|t:|1700425944\n|switch|p2a: Cinderace|Cinderace, F|100\/100\n|switch|p1a: 1000 sunny|Torkoal, F|100\/100\n|-activate|p1a: 1000 sunny|move: Sticky Web\n|-unboost|p1a: 1000 sunny|spe|1\n|-weather|SunnyDay|[from] ability: Drought|[of] p1a: 1000 sunny\n|\n|-weather|SunnyDay|[upkeep]\n|upkeep\n|turn|3\n|\n|t:|1700425956\n|move|p2a: Cinderace|Court Change|p2a: Cinderace\n|-start|p2a: Cinderace|typechange|Normal|[from] ability: Libero\n|-swapsideconditions\n|-activate|p2a: Cinderace|move: Court Change\n|move|p1a: 1000 sunny|Yawn|p2a: Cinderace\n|-start|p2a: Cinderace|move: Yawn|[of] p1a: 1000 sunny\n|\n|-weather|SunnyDay|[upkeep]\n|upkeep\n|turn|4\n|\n|t:|1700425985\n|switch|p2a: Ribombee|Ribombee, M|94\/100 brn\n|-activate|p2a: Ribombee|move: Sticky Web\n|-unboost|p2a: Ribombee|spe|1\n|switch|p1a: Bonk|Lilligant-Hisui, F|100\/100\n|\n|-weather|SunnyDay|[upkeep]\n|-damage|p2a: Ribombee|88\/100 brn|[from] brn\n|upkeep\n|turn|5\n|\n|t:|1700426002\n|switch|p1a: Walking Wake|Walking Wake|100\/100\n|-activate|p1a: Walking Wake|ability: Protosynthesis\n|-start|p1a: Walking Wake|protosynthesisspe\n|move|p2a: Ribombee|Moonblast|p1a: Walking Wake\n|-supereffective|p1a: Walking Wake\n|-damage|p1a: Walking Wake|4\/100\n|-unboost|p1a: Walking Wake|spa|1\n|\n|-weather|SunnyDay|[upkeep]\n|-damage|p2a: Ribombee|82\/100 brn|[from] brn\n|upkeep\n|turn|6\n|\n|t:|1700426016\n|switch|p2a: Iron Hands|Iron Hands|100\/100\n|-activate|p2a: Iron Hands|move: Sticky Web\n|-unboost|p2a: Iron Hands|spe|1\n|move|p1a: Walking Wake|Hydro Steam|p2a: Iron Hands\n|-damage|p2a: Iron Hands|74\/100\n|\n|-weather|SunnyDay|[upkeep]\n|upkeep\n|turn|7\n|\n|t:|1700426037\n|-end|p1a: Walking Wake|Protosynthesis|[silent]\n|switch|p1a: Scream Tail|Scream Tail|100\/100\n|-activate|p1a: Scream Tail|ability: Protosynthesis\n|-start|p1a: Scream Tail|protosynthesisspd\n|move|p2a: Iron Hands|Close Combat|p1a: Scream Tail\n|-resisted|p1a: Scream Tail\n|-damage|p1a: Scream Tail|89\/100\n|-unboost|p2a: Iron Hands|def|1\n|-unboost|p2a: Iron Hands|spd|1\n|\n|-weather|SunnyDay|[upkeep]\n|-heal|p1a: Scream Tail|95\/100|[from] item: Leftovers\n|upkeep\n|turn|8\n|\n|t:|1700426051\n|-end|p2a: Iron Hands|Quark Drive|[silent]\n|switch|p2a: Ribombee|Ribombee, M|82\/100 brn\n|-activate|p2a: Ribombee|move: Sticky Web\n|-unboost|p2a: Ribombee|spe|1\n|move|p1a: Scream Tail|Stealth Rock|p2a: Ribombee\n|-sidestart|p2: djsxhnsksksjdjjdh|move: Stealth Rock\n|\n|-weather|SunnyDay|[upkeep]\n|-heal|p1a: Scream Tail|100\/100|[from] item: Leftovers\n|-damage|p2a: Ribombee|76\/100 brn|[from] brn\n|upkeep\n|turn|9\n|\n|t:|1700426069\n|-end|p1a: Scream Tail|Protosynthesis|[silent]\n|switch|p1a: Ceruledge|Ceruledge, M|100\/100\n|move|p2a: Ribombee|Sticky Web|p1a: Ceruledge\n|-sidestart|p1: JonySensei|move: Sticky Web\n|\n|-weather|none\n|-damage|p2a: Ribombee|70\/100 brn|[from] brn\n|upkeep\n|turn|10\n|\n|t:|1700426082\n|move|p1a: Ceruledge|Bitter Blade|p2a: Ribombee\n|-supereffective|p2a: Ribombee\n|-damage|p2a: Ribombee|0 fnt\n|faint|p2a: Ribombee\n|\n|upkeep\n|\n|t:|1700426107\n|switch|p2a: Enamorus|Enamorus, F|100\/100\n|-damage|p2a: Enamorus|76\/100|[from] Stealth Rock\n|turn|11\n|\n|t:|1700426116\n|-terastallize|p1a: Ceruledge|Bug\n|move|p2a: Enamorus|Earth Power|p1a: Ceruledge\n|-resisted|p1a: Ceruledge\n|-damage|p1a: Ceruledge|71\/100\n|move|p1a: Ceruledge|Bitter Blade|p2a: Enamorus\n|-damage|p2a: Enamorus|0 fnt\n|-heal|p1a: Ceruledge|100\/100|[from] drain|[of] p2a: Enamorus\n|faint|p2a: Enamorus\n|\n|upkeep\n|\n|t:|1700426127\n|switch|p2a: Cinderace|Cinderace, F|100\/100\n|turn|12\n|\n|t:|1700426138\n|switch|p1a: Scream Tail|Scream Tail|100\/100\n|-activate|p1a: Scream Tail|move: Sticky Web\n|-unboost|p1a: Scream Tail|spe|1\n|move|p2a: Cinderace|Flare Blitz|p1a: Scream Tail\n|-damage|p1a: Scream Tail|58\/100\n|-damage|p2a: Cinderace|80\/100|[from] Recoil\n|\n|-heal|p1a: Scream Tail|64\/100|[from] item: Leftovers\n|upkeep\n|turn|13\n|\n|t:|1700426150\n|move|p2a: Cinderace|U-turn|p1a: Scream Tail\n|-start|p2a: Cinderace|typechange|Bug|[from] ability: Libero\n|-damage|p1a: Scream Tail|39\/100\n|\n|t:|1700426155\n|switch|p2a: Corviknight|Corviknight, F|100\/100|[from] U-turn\n|-damage|p2a: Corviknight|88\/100|[from] Stealth Rock\n|-ability|p2a: Corviknight|Pressure\n|move|p1a: Scream Tail|Thunder Wave|p2a: Corviknight\n|-status|p2a: Corviknight|par\n|\n|-heal|p1a: Scream Tail|46\/100|[from] item: Leftovers\n|upkeep\n|turn|14\n|\n|t:|1700426178\n|-end|p1a: Scream Tail|Protosynthesis|[silent]\n|switch|p1a: 1000 sunny|Torkoal, F|100\/100\n|-activate|p1a: 1000 sunny|move: Sticky Web\n|-unboost|p1a: 1000 sunny|spe|1\n|-weather|SunnyDay|[from] ability: Drought|[of] p1a: 1000 sunny\n|move|p2a: Corviknight|U-turn|p1a: 1000 sunny\n|-resisted|p1a: 1000 sunny\n|-damage|p1a: 1000 sunny|95\/100\n|\n|t:|1700426192\n|switch|p2a: Iron Hands|Iron Hands|74\/100|[from] U-turn\n|-activate|p2a: Iron Hands|move: Sticky Web\n|-unboost|p2a: Iron Hands|spe|1\n|-damage|p2a: Iron Hands|68\/100|[from] Stealth Rock\n|\n|-weather|SunnyDay|[upkeep]\n|upkeep\n|turn|15\n|\n|t:|1700426207\n|move|p2a: Iron Hands|Close Combat|p1a: 1000 sunny\n|-damage|p1a: 1000 sunny|53\/100\n|-unboost|p2a: Iron Hands|def|1\n|-unboost|p2a: Iron Hands|spd|1\n|move|p1a: 1000 sunny|Yawn|p2a: Iron Hands\n|-start|p2a: Iron Hands|move: Yawn|[of] p1a: 1000 sunny\n|\n|-weather|SunnyDay|[upkeep]\n|upkeep\n|turn|16\n|inactive|djsxhnsksksjdjjdh has 120 seconds left.\n|\n|t:|1700426246\n|-end|p2a: Iron Hands|Quark Drive|[silent]\n|switch|p2a: Cinderace|Cinderace, F|80\/100\n|move|p1a: 1000 sunny|Rapid Spin|p2a: Cinderace\n|-damage|p2a: Cinderace|67\/100\n|-boost|p1a: 1000 sunny|spe|1\n|-sideend|p1: JonySensei|Sticky Web|[from] move: Rapid Spin|[of] p1a: 1000 sunny\n|\n|-weather|SunnyDay|[upkeep]\n|upkeep\n|turn|17\n|inactive|djsxhnsksksjdjjdh has 120 seconds left.\n|\n|t:|1700426257\n|move|p2a: Cinderace|Taunt|p1a: 1000 sunny\n|-start|p2a: Cinderace|typechange|Dark|[from] ability: Libero\n|-start|p1a: 1000 sunny|move: Taunt\n|move|p1a: 1000 sunny|Rapid Spin|p2a: Cinderace\n|-damage|p2a: Cinderace|51\/100\n|-boost|p1a: 1000 sunny|spe|1\n|\n|-weather|SunnyDay|[upkeep]\n|upkeep\n|turn|18\n|\n|t:|1700426268\n|switch|p2a: Iron Hands|Iron Hands|68\/100\n|-activate|p2a: Iron Hands|move: Sticky Web\n|-unboost|p2a: Iron Hands|spe|1\n|-damage|p2a: Iron Hands|62\/100|[from] Stealth Rock\n|move|p1a: 1000 sunny|Earth Power|p2a: Iron Hands\n|-supereffective|p2a: Iron Hands\n|-damage|p2a: Iron Hands|43\/100\n|\n|-weather|SunnyDay|[upkeep]\n|upkeep\n|turn|19\n|\n|t:|1700426285\n|switch|p1a: Walking Wake|Walking Wake|4\/100\n|-activate|p1a: Walking Wake|ability: Protosynthesis\n|-start|p1a: Walking Wake|protosynthesisspe\n|move|p2a: Iron Hands|Close Combat|p1a: Walking Wake\n|-damage|p1a: Walking Wake|0 fnt\n|-unboost|p2a: Iron Hands|def|1\n|-unboost|p2a: Iron Hands|spd|1\n|faint|p1a: Walking Wake\n|-end|p1a: Walking Wake|Protosynthesis|[silent]\n|\n|-weather|SunnyDay|[upkeep]\n|upkeep\n|\n|t:|1700426297\n|switch|p1a: Bonk|Lilligant-Hisui, F|100\/100\n|turn|20\n|\n|t:|1700426304\n|move|p1a: Bonk|Sleep Powder|p2a: Iron Hands\n|-status|p2a: Iron Hands|slp|[from] move: Sleep Powder\n|cant|p2a: Iron Hands|slp\n|\n|-weather|SunnyDay|[upkeep]\n|upkeep\n|turn|21\n|\n|t:|1700426312\n|move|p1a: Bonk|Victory Dance|p1a: Bonk\n|-boost|p1a: Bonk|atk|1\n|-boost|p1a: Bonk|def|1\n|-boost|p1a: Bonk|spe|1\n|-curestatus|p2a: Iron Hands|slp|[msg]\n|move|p2a: Iron Hands|Close Combat|p1a: Bonk\n|-damage|p1a: Bonk|36\/100\n|-unboost|p2a: Iron Hands|def|1\n|-unboost|p2a: Iron Hands|spd|1\n|\n|-weather|none\n|upkeep\n|turn|22\n|\n|t:|1700426325\n|move|p1a: Bonk|Sleep Powder|p2a: Iron Hands\n|-status|p2a: Iron Hands|slp|[from] move: Sleep Powder\n|cant|p2a: Iron Hands|slp\n|\n|upkeep\n|turn|23\n|\n|t:|1700426332\n|-end|p2a: Iron Hands|Quark Drive|[silent]\n|switch|p2a: Corviknight|Corviknight, F|88\/100 par\n|-damage|p2a: Corviknight|76\/100 par|[from] Stealth Rock\n|-ability|p2a: Corviknight|Pressure\n|move|p1a: Bonk|Leaf Blade|p2a: Corviknight\n|-resisted|p2a: Corviknight\n|-damage|p2a: Corviknight|66\/100 par\n|-damage|p1a: Bonk|20\/100|[from] item: Rocky Helmet|[of] p2a: Corviknight\n|\n|upkeep\n|turn|24\n|\n|t:|1700426345\n|switch|p1a: 1000 sunny|Torkoal, F|53\/100\n|-weather|SunnyDay|[from] ability: Drought|[of] p1a: 1000 sunny\n|move|p2a: Corviknight|Roost|p2a: Corviknight\n|-heal|p2a: Corviknight|100\/100 par\n|-singleturn|p2a: Corviknight|move: Roost\n|\n|-weather|SunnyDay|[upkeep]\n|upkeep\n|turn|25\n|\n|t:|1700426355\n|switch|p1a: Ceruledge|Ceruledge, M, tera:Bug|100\/100\n|cant|p2a: Corviknight|par\n|\n|-weather|SunnyDay|[upkeep]\n|upkeep\n|turn|26\n|\n|t:|1700426365\n|move|p1a: Ceruledge|Bitter Blade|p2a: Corviknight\n|-supereffective|p2a: Corviknight\n|-damage|p2a: Corviknight|0 fnt\n|-damage|p1a: Ceruledge|84\/100|[from] item: Rocky Helmet|[of] p2a: Corviknight\n|faint|p2a: Corviknight\n|\n|-weather|SunnyDay|[upkeep]\n|upkeep\n|\n|t:|1700426369\n|switch|p2a: Kingambit|Kingambit, F|100\/100\n|-activate|p2a: Kingambit|move: Sticky Web\n|-unboost|p2a: Kingambit|spe|1\n|-damage|p2a: Kingambit|94\/100|[from] Stealth Rock\n|turn|27\n|-message|djsxhnsksksjdjjdh forfeited.\n|\n|win|JonySensei\n|raw|JonySensei's rating: 1221 &rarr; <strong>1252<\/strong><br \/>(+31 for winning)\n|raw|djsxhnsksksjdjjdh's rating: 1313 &rarr; <strong>1288<\/strong><br \/>(-25 for losing)\n|l|\u2606djsxhnsksksjdjjdh\n|l|\u2606JonySensei\n|j|\u2606JonySensei\n|player|p1|JonySensei|ingo\n","uploadtime":1700426939,"views":23,"p1id":"jonysensei","p2id":"djsxhnsksksjdjjdh","formatid":"gen9ou","rating":1252,"private":0,"password":""}