{"id":"gen9ou-1989151110","p1":"Neitor el 08","p2":"solitariosinnombre","format":"[Gen 9] OU","log":"|j|\u2606Neitor el 08\n|j|\u203dsolitariosinnombre\n|t:|1699817663\n|gametype|singles\n|player|p1|Neitor el 08|red|\n|player|p2|solitariosinnombre|n|\n|teamsize|p1|6\n|teamsize|p2|6\n|gen|9\n|tier|[Gen 9] OU\n|rule|Sleep Clause Mod: Limit one foe put to sleep\n|rule|Species Clause: Limit one of each Pok\u00e9mon\n|rule|OHKO Clause: OHKO moves are banned\n|rule|Evasion Items Clause: Evasion items are banned\n|rule|Evasion Moves Clause: Evasion moves are banned\n|rule|Endless Battle Clause: Forcing endless battles is banned\n|rule|HP Percentage Mod: HP is shown in percentages\n|clearpoke\n|poke|p1|Bellibolt, M|\n|poke|p1|Blissey, F|\n|poke|p1|Braviary-Hisui, M|\n|poke|p1|Breloom, M|\n|poke|p1|Basculegion, M|\n|poke|p1|Bisharp, M|\n|poke|p2|Mimikyu, M|\n|poke|p2|Medicham, M|\n|poke|p2|Mew|\n|poke|p2|Meowscarada, F|\n|poke|p2|Magnezone|\n|poke|p2|Maushold|\n|teampreview\n|c|\u2606Neitor el 08|suerte\n|c|\u2606Neitor el 08|espero que el raton no haga de las suyas\n|\n|t:|1699817681\n|start\n|switch|p1a: Kimura\u00b4fish|Basculegion, M|100\/100\n|switch|p2a: Medicham|Medicham, M|100\/100\n|turn|1\n|\n|t:|1699817697\n|move|p2a: Medicham|Thunder Punch|p1a: Kimura\u00b4fish\n|-supereffective|p1a: Kimura\u00b4fish\n|-damage|p1a: Kimura\u00b4fish|11\/100\n|-status|p1a: Kimura\u00b4fish|par\n|move|p1a: Kimura\u00b4fish|Flip Turn|p2a: Medicham\n|-damage|p2a: Medicham|41\/100\n|c|\u2606Neitor el 08|que bien\n|\n|t:|1699817707\n|switch|p1a: Mis Ojitos|Bellibolt, M|100\/100|[from] Flip Turn\n|\n|upkeep\n|turn|2\n|\n|t:|1699817730\n|switch|p2a: Maushold|Maushold|100\/100\n|move|p1a: Mis Ojitos|Toxic|p2a: Maushold\n|-status|p2a: Maushold|tox\n|\n|-damage|p2a: Maushold|94\/100 tox|[from] psn\n|upkeep\n|turn|3\n|\n|t:|1699817749\n|move|p2a: Maushold|Tidy Up|p2a: Maushold\n|-boost|p2a: Maushold|atk|1\n|-boost|p2a: Maushold|spe|1\n|move|p1a: Mis Ojitos|Chilling Water|p2a: Maushold\n|-damage|p2a: Maushold|76\/100 tox\n|-unboost|p2a: Maushold|atk|1\n|\n|-damage|p2a: Maushold|64\/100 tox|[from] psn\n|upkeep\n|turn|4\n|\n|t:|1699817760\n|move|p2a: Maushold|Population Bomb|p1a: Mis Ojitos\n|-damage|p1a: Mis Ojitos|94\/100\n|-start|p1a: Mis Ojitos|Charge|Population Bomb|[from] ability: Electromorphosis\n|-damage|p1a: Mis Ojitos|87\/100\n|-start|p1a: Mis Ojitos|Charge|Population Bomb|[from] ability: Electromorphosis\n|-damage|p1a: Mis Ojitos|79\/100\n|-start|p1a: Mis Ojitos|Charge|Population Bomb|[from] ability: Electromorphosis\n|-damage|p1a: Mis Ojitos|73\/100\n|-start|p1a: Mis Ojitos|Charge|Population Bomb|[from] ability: Electromorphosis\n|-damage|p1a: Mis Ojitos|65\/100\n|-start|p1a: Mis Ojitos|Charge|Population Bomb|[from] ability: Electromorphosis\n|-damage|p1a: Mis Ojitos|58\/100\n|-start|p1a: Mis Ojitos|Charge|Population Bomb|[from] ability: Electromorphosis\n|-damage|p1a: Mis Ojitos|52\/100\n|-start|p1a: Mis Ojitos|Charge|Population Bomb|[from] ability: Electromorphosis\n|-damage|p1a: Mis Ojitos|45\/100\n|-start|p1a: Mis Ojitos|Charge|Population Bomb|[from] ability: Electromorphosis\n|-damage|p1a: Mis Ojitos|38\/100\n|-start|p1a: Mis Ojitos|Charge|Population Bomb|[from] ability: Electromorphosis\n|-damage|p1a: Mis Ojitos|32\/100\n|-start|p1a: Mis Ojitos|Charge|Population Bomb|[from] ability: Electromorphosis\n|-hitcount|p1a: Mis Ojitos|10\n|move|p1a: Mis Ojitos|Chilling Water|p2a: Maushold\n|-damage|p2a: Maushold|46\/100 tox\n|-unboost|p2a: Maushold|atk|1\n|\n|-heal|p1a: Mis Ojitos|38\/100|[from] item: Leftovers\n|-damage|p2a: Maushold|27\/100 tox|[from] psn\n|upkeep\n|turn|5\n|\n|t:|1699817793\n|move|p2a: Maushold|Population Bomb|p1a: Mis Ojitos\n|-damage|p1a: Mis Ojitos|33\/100\n|-start|p1a: Mis Ojitos|Charge|Population Bomb|[from] ability: Electromorphosis\n|-damage|p1a: Mis Ojitos|29\/100\n|-start|p1a: Mis Ojitos|Charge|Population Bomb|[from] ability: Electromorphosis\n|-crit|p1a: Mis Ojitos\n|-damage|p1a: Mis Ojitos|18\/100\n|-start|p1a: Mis Ojitos|Charge|Population Bomb|[from] ability: Electromorphosis\n|-damage|p1a: Mis Ojitos|14\/100\n|-start|p1a: Mis Ojitos|Charge|Population Bomb|[from] ability: Electromorphosis\n|-damage|p1a: Mis Ojitos|9\/100\n|-start|p1a: Mis Ojitos|Charge|Population Bomb|[from] ability: Electromorphosis\n|-damage|p1a: Mis Ojitos|4\/100\n|-start|p1a: Mis Ojitos|Charge|Population Bomb|[from] ability: Electromorphosis\n|-damage|p1a: Mis Ojitos|0 fnt\n|faint|p1a: Mis Ojitos\n|-hitcount|p1: Mis Ojitos|7\n|\n|-damage|p2a: Maushold|2\/100 tox|[from] psn\n|upkeep\n|\n|t:|1699817818\n|switch|p1a: Material de Motero|Breloom, M|100\/100\n|turn|6\n|\n|t:|1699817823\n|move|p1a: Material de Motero|Mach Punch|p2a: Maushold\n|-supereffective|p2a: Maushold\n|-damage|p2a: Maushold|0 fnt\n|faint|p2a: Maushold\n|\n|-status|p1a: Material de Motero|tox|[from] item: Toxic Orb\n|upkeep\n|\n|t:|1699817831\n|switch|p2a: Medicham|Medicham, M|41\/100\n|turn|7\n|\n|t:|1699817840\n|switch|p1a: Kimura\u00b4fish|Basculegion, M|11\/100 par\n|move|p2a: Medicham|Zen Headbutt|p1a: Kimura\u00b4fish\n|-damage|p1a: Kimura\u00b4fish|0 fnt\n|faint|p1a: Kimura\u00b4fish\n|\n|upkeep\n|\n|t:|1699817846\n|switch|p1a: El bicho|Bisharp, M, shiny|100\/100\n|turn|8\n|\n|t:|1699817860\n|switch|p2a: Magnezone|Magnezone|100\/100\n|move|p1a: El bicho|Swords Dance|p1a: El bicho\n|-boost|p1a: El bicho|atk|2\n|\n|upkeep\n|turn|9\n|\n|t:|1699817872\n|move|p1a: El bicho|Sucker Punch|p2a: Magnezone\n|-damage|p2a: Magnezone|20\/100\n|move|p2a: Magnezone|Thunderbolt|p1a: El bicho\n|-damage|p1a: El bicho|41\/100\n|\n|upkeep\n|turn|10\n|\n|t:|1699817901\n|switch|p2a: Mew|Mew|100\/100\n|move|p1a: El bicho|Sucker Punch||[still]\n|-fail|p1a: El bicho\n|\n|upkeep\n|turn|11\n|\n|t:|1699817924\n|-terastallize|p2a: Mew|Fairy\n|move|p2a: Mew|Focus Blast|p1a: El bicho\n|-supereffective|p1a: El bicho\n|-damage|p1a: El bicho|0 fnt\n|faint|p1a: El bicho\n|\n|upkeep\n|\n|t:|1699817940\n|switch|p1a: Huevoman|Blissey, F|100\/100\n|turn|12\n|c|\u2606Neitor el 08|bueno\n|c|\u2606Neitor el 08|anda que iba a fallar\n|\n|t:|1699817954\n|switch|p2a: Medicham|Medicham, M|41\/100\n|move|p1a: Huevoman|Stealth Rock|p2a: Medicham\n|-sidestart|p2: solitariosinnombre|move: Stealth Rock\n|\n|upkeep\n|turn|13\n|\n|t:|1699817971\n|move|p2a: Medicham|Zen Headbutt|p1a: Huevoman\n|-damage|p1a: Huevoman|5\/100\n|move|p1a: Huevoman|Shadow Ball|p2a: Medicham\n|-supereffective|p2a: Medicham\n|-damage|p2a: Medicham|0 fnt\n|faint|p2a: Medicham\n|\n|-heal|p1a: Huevoman|11\/100|[from] item: Leftovers\n|upkeep\n|\n|t:|1699817986\n|switch|p2a: Mimikyu|Mimikyu, M|100\/100\n|-damage|p2a: Mimikyu|88\/100|[from] Stealth Rock\n|turn|14\n|\n|t:|1699817993\n|move|p2a: Mimikyu|Swords Dance|p2a: Mimikyu\n|-boost|p2a: Mimikyu|atk|2\n|move|p1a: Huevoman|Shadow Ball|p2a: Mimikyu\n|-activate|p2a: Mimikyu|ability: Disguise\n|-damage|p2a: Mimikyu|88\/100\n|detailschange|p2a: Mimikyu|Mimikyu-Busted, M\n|-damage|p2a: Mimikyu|76\/100|[from] pokemon: Mimikyu-Busted\n|\n|-heal|p1a: Huevoman|17\/100|[from] item: Leftovers\n|upkeep\n|turn|15\n|\n|t:|1699818005\n|move|p2a: Mimikyu|Play Rough|p1a: Huevoman\n|-damage|p1a: Huevoman|0 fnt\n|faint|p1a: Huevoman\n|-damage|p2a: Mimikyu|66\/100|[from] item: Life Orb\n|\n|upkeep\n|c|\u2606Neitor el 08|es gg\n|\n|t:|1699818023\n|switch|p1a: Material de Motero|Breloom, M|100\/100 tox\n|turn|16\n|\n|t:|1699818028\n|-terastallize|p1a: Material de Motero|Rock\n|move|p2a: Mimikyu|Play Rough|p1a: Material de Motero\n|-crit|p1a: Material de Motero\n|-damage|p1a: Material de Motero|0 fnt\n|faint|p1a: Material de Motero\n|-damage|p2a: Mimikyu|56\/100|[from] item: Life Orb\n|\n|upkeep\n|c|\u2606Neitor el 08|me cago en dios\n|\n|t:|1699818036\n|switch|p1a: Mierda voladora|Braviary-Hisui, M, shiny|100\/100\n|turn|17\n|\n|t:|1699818049\n|move|p2a: Mimikyu|Shadow Claw|p1a: Mierda voladora\n|-supereffective|p1a: Mierda voladora\n|-damage|p1a: Mierda voladora|0 fnt\n|faint|p1a: Mierda voladora\n|-damage|p2a: Mimikyu|46\/100|[from] item: Life Orb\n|\n|win|solitariosinnombre\n|c|\u2606Neitor el 08|gg\n","uploadtime":1699818082,"views":35,"p1id":"neitorel08","p2id":"solitariosinnombre","formatid":"gen9ou","rating":0,"private":0,"password":""}