{"id":"gen9ou-1989251032","p1":"GreTier0","p2":"Legit Trolling","format":"[Gen 9] OU","log":"|j|\u2606GreTier0\n|j|\u2606Legit Trolling\n|t:|1699828101\n|gametype|singles\n|player|p1|GreTier0|ghetsis|1087\n|player|p2|Legit Trolling|101|1107\n|teamsize|p1|6\n|teamsize|p2|6\n|gen|9\n|tier|[Gen 9] OU\n|rated|\n|rule|Sleep Clause Mod: Limit one foe put to sleep\n|rule|Species Clause: Limit one of each Pok\u00e9mon\n|rule|OHKO Clause: OHKO moves are banned\n|rule|Evasion Items Clause: Evasion items are banned\n|rule|Evasion Moves Clause: Evasion moves are banned\n|rule|Endless Battle Clause: Forcing endless battles is banned\n|rule|HP Percentage Mod: HP is shown in percentages\n|clearpoke\n|poke|p1|Kingambit, F|\n|poke|p1|Dondozo, F|\n|poke|p1|Mandibuzz, F|\n|poke|p1|Garganacl, F|\n|poke|p1|Iron Valiant|\n|poke|p1|Ogerpon-Wellspring, F|\n|poke|p2|Golem-Alola, M|\n|poke|p2|Slowking-Galar, F|\n|poke|p2|Enamorus, F|\n|poke|p2|Cyclizar, M|\n|poke|p2|Maushold-Four|\n|poke|p2|Magneton|\n|teampreview\n|\n|t:|1699828128\n|start\n|switch|p1a: Ogerpon|Ogerpon-Wellspring, F|100\/100\n|switch|p2a: Slowking|Slowking-Galar, F|100\/100\n|turn|1\n|\n|t:|1699828133\n|move|p1a: Ogerpon|Trailblaze|p2a: Slowking\n|-resisted|p2a: Slowking\n|-damage|p2a: Slowking|84\/100\n|-boost|p1a: Ogerpon|spe|1\n|move|p2a: Slowking|Thunder Wave|p1a: Ogerpon\n|-status|p1a: Ogerpon|par\n|\n|upkeep\n|turn|2\n|\n|t:|1699828137\n|move|p1a: Ogerpon|Ivy Cudgel|p2a: Slowking\n|-damage|p2a: Slowking|23\/100\n|move|p2a: Slowking|Sludge Bomb|p1a: Ogerpon\n|-supereffective|p1a: Ogerpon\n|-damage|p1a: Ogerpon|10\/100 par\n|\n|upkeep\n|turn|3\n|\n|t:|1699828144\n|switch|p2a: Cyclizar|Cyclizar, M|100\/100\n|move|p1a: Ogerpon|Ivy Cudgel|p2a: Cyclizar\n|-resisted|p2a: Cyclizar\n|-damage|p2a: Cyclizar|47\/100\n|\n|upkeep\n|turn|4\n|\n|t:|1699828147\n|move|p2a: Cyclizar|U-turn|p1a: Ogerpon\n|-supereffective|p1a: Ogerpon\n|-damage|p1a: Ogerpon|0 fnt\n|faint|p1a: Ogerpon\n|\n|t:|1699828153\n|switch|p2a: Slowking|Slowking-Galar, F|56\/100|[from] U-turn\n|\n|upkeep\n|\n|t:|1699828156\n|switch|p1a: Iron Valiant|Iron Valiant|100\/100\n|-enditem|p1a: Iron Valiant|Booster Energy\n|-activate|p1a: Iron Valiant|ability: Quark Drive|[fromitem]\n|-start|p1a: Iron Valiant|quarkdrivespe\n|turn|5\n|\n|t:|1699828161\n|move|p1a: Iron Valiant|Aura Sphere|p2a: Slowking\n|-resisted|p2a: Slowking\n|-damage|p2a: Slowking|50\/100\n|move|p2a: Slowking|Sludge Bomb|p1a: Iron Valiant\n|-supereffective|p1a: Iron Valiant\n|-damage|p1a: Iron Valiant|0 fnt\n|faint|p1a: Iron Valiant\n|-end|p1a: Iron Valiant|Quark Drive|[silent]\n|\n|upkeep\n|\n|t:|1699828168\n|switch|p1a: Kingambit|Kingambit, F|100\/100\n|-activate|p1a: Kingambit|ability: Supreme Overlord\n|-start|p1a: Kingambit|fallen2|[silent]\n|turn|6\n|\n|t:|1699828177\n|move|p1a: Kingambit|Iron Head|p2a: Slowking\n|-damage|p2a: Slowking|0 fnt\n|faint|p2a: Slowking\n|\n|upkeep\n|\n|t:|1699828181\n|switch|p2a: Golem|Golem-Alola, M|100\/100\n|turn|7\n|\n|t:|1699828190\n|-terastallize|p2a: Golem|Ground\n|move|p2a: Golem|Earthquake|p1a: Kingambit\n|-supereffective|p1a: Kingambit\n|-damage|p1a: Kingambit|0 fnt\n|faint|p1a: Kingambit\n|-end|p1a: Kingambit|fallen2|[silent]\n|\n|upkeep\n|\n|t:|1699828195\n|switch|p1a: Dondozo|Dondozo, F|100\/100\n|turn|8\n|-message|GreTier0 forfeited.\n|\n|win|Legit Trolling\n|raw|GreTier0's rating: 1087 &rarr; <strong>1065<\/strong><br \/>(-22 for losing)\n|raw|Legit Trolling's rating: 1107 &rarr; <strong>1131<\/strong><br \/>(+24 for winning)\n|l|\u2606GreTier0\n|c|\u2606Legit Trolling|GG\n","uploadtime":1699828203,"views":18,"p1id":"gretier0","p2id":"legittrolling","formatid":"gen9ou","rating":1065,"private":0,"password":""}