{"id":"gen9ou-1997583929","p1":"slacc","p2":"abaee","format":"[Gen 9] OU","log":"|j|\u2606slacc\n|j|\u2606abaee\n|t:|1700829067\n|gametype|singles\n|player|p1|slacc|roxie|1099\n|player|p2|abaee|266|1154\n|teamsize|p1|6\n|teamsize|p2|6\n|gen|9\n|tier|[Gen 9] OU\n|rated|\n|rule|Sleep Clause Mod: Limit one foe put to sleep\n|rule|Species Clause: Limit one of each Pok\u00e9mon\n|rule|OHKO Clause: OHKO moves are banned\n|rule|Evasion Items Clause: Evasion items are banned\n|rule|Evasion Moves Clause: Evasion moves are banned\n|rule|Endless Battle Clause: Forcing endless battles is banned\n|rule|HP Percentage Mod: HP is shown in percentages\n|clearpoke\n|poke|p1|Dragonite, F|\n|poke|p1|Kingambit, M|\n|poke|p1|Pawmot, F|\n|poke|p1|Spidops, M|\n|poke|p1|Primeape, F|\n|poke|p1|Ditto|\n|poke|p2|Gholdengo|\n|poke|p2|Great Tusk|\n|poke|p2|Dragapult, M|\n|poke|p2|Iron Moth|\n|poke|p2|Garganacl, M|\n|poke|p2|Kingambit, F|\n|teampreview\n|\n|t:|1700829095\n|start\n|switch|p1a: Ditto|Ditto|100\/100\n|switch|p2a: Iron Moth|Iron Moth|100\/100\n|-transform|p1a: Ditto|p2a: Iron Moth|[from] ability: Imposter\n|-enditem|p2a: Iron Moth|Booster Energy\n|-activate|p2a: Iron Moth|ability: Quark Drive|[fromitem]\n|-start|p2a: Iron Moth|quarkdrivespa\n|turn|1\n|\n|t:|1700829116\n|move|p1a: Ditto|Fiery Dance|p2a: Iron Moth\n|-resisted|p2a: Iron Moth\n|-damage|p2a: Iron Moth|76\/100\n|move|p2a: Iron Moth|Substitute|p2a: Iron Moth\n|-start|p2a: Iron Moth|Substitute\n|-damage|p2a: Iron Moth|51\/100\n|\n|upkeep\n|turn|2\n|\n|t:|1700829124\n|-end|p2a: Iron Moth|Quark Drive|[silent]\n|switch|p2a: Dragapult|Dragapult, M|100\/100\n|move|p1a: Ditto|Fiery Dance|p2a: Dragapult\n|-resisted|p2a: Dragapult\n|-crit|p2a: Dragapult\n|-damage|p2a: Dragapult|55\/100\n|\n|upkeep\n|turn|3\n|\n|t:|1700829131\n|move|p1a: Ditto|Fiery Dance|p2a: Dragapult\n|-resisted|p2a: Dragapult\n|-damage|p2a: Dragapult|22\/100\n|move|p2a: Dragapult|Surf|p1a: Ditto\n|-supereffective|p1a: Ditto\n|-damage|p1a: Ditto|44\/100\n|\n|upkeep\n|turn|4\n|\n|t:|1700829139\n|move|p1a: Ditto|Fiery Dance|p2a: Dragapult\n|-resisted|p2a: Dragapult\n|-damage|p2a: Dragapult|0 fnt\n|faint|p2a: Dragapult\n|\n|upkeep\n|\n|t:|1700829144\n|switch|p2a: Kingambit|Kingambit, F|100\/100\n|-activate|p2a: Kingambit|ability: Supreme Overlord\n|-start|p2a: Kingambit|fallen1|[silent]\n|turn|5\n|\n|t:|1700829152\n|-end|p1a: Ditto|Quark Drive|[silent]\n|switch|p1a: Primeape|Primeape, F|100\/100\n|move|p2a: Kingambit|Sucker Punch||[still]\n|-fail|p2a: Kingambit\n|\n|upkeep\n|turn|6\n|\n|t:|1700829166\n|-end|p2a: Kingambit|fallen1|[silent]\n|switch|p2a: Gholdengo|Gholdengo|100\/100\n|-item|p2a: Gholdengo|Air Balloon\n|move|p1a: Primeape|Bulk Up|p1a: Primeape\n|-boost|p1a: Primeape|atk|1\n|-boost|p1a: Primeape|def|1\n|\n|upkeep\n|turn|7\n|\n|t:|1700829180\n|move|p1a: Primeape|Bulk Up|p1a: Primeape\n|-boost|p1a: Primeape|atk|1\n|-boost|p1a: Primeape|def|1\n|move|p2a: Gholdengo|Make It Rain|p1a: Primeape\n|-damage|p1a: Primeape|34\/100\n|-unboost|p2a: Gholdengo|spa|1\n|\n|upkeep\n|turn|8\n|\n|t:|1700829191\n|-terastallize|p1a: Primeape|Ghost\n|move|p1a: Primeape|Rage Fist|p2a: Gholdengo\n|-supereffective|p2a: Gholdengo\n|-damage|p2a: Gholdengo|0 fnt\n|-enditem|p2a: Gholdengo|Air Balloon\n|faint|p2a: Gholdengo\n|\n|upkeep\n|\n|t:|1700829199\n|switch|p2a: Iron Moth|Iron Moth|51\/100\n|turn|9\n|\n|t:|1700829226\n|move|p2a: Iron Moth|Fiery Dance|p1a: Primeape\n|-damage|p1a: Primeape|0 fnt\n|faint|p1a: Primeape\n|\n|upkeep\n|\n|t:|1700829234\n|switch|p1a: Spidops|Spidops, M|100\/100\n|turn|10\n|\n|t:|1700829246\n|move|p2a: Iron Moth|Fiery Dance|p1a: Spidops\n|-supereffective|p1a: Spidops\n|-damage|p1a: Spidops|0 fnt\n|-boost|p2a: Iron Moth|spa|1\n|faint|p1a: Spidops\n|\n|upkeep\n|\n|t:|1700829261\n|switch|p1a: Ditto|Ditto|44\/100\n|-transform|p1a: Ditto|p2a: Iron Moth|[from] ability: Imposter\n|turn|11\n|\n|t:|1700829285\n|move|p1a: Ditto|Sludge Wave|p2a: Iron Moth\n|-resisted|p2a: Iron Moth\n|-damage|p2a: Iron Moth|7\/100\n|move|p2a: Iron Moth|Fiery Dance|p1a: Ditto\n|-resisted|p1a: Ditto\n|-damage|p1a: Ditto|6\/100\n|-boost|p2a: Iron Moth|spa|1\n|\n|upkeep\n|turn|12\n|\n|t:|1700829294\n|move|p1a: Ditto|Sludge Wave|p2a: Iron Moth\n|-resisted|p2a: Iron Moth\n|-damage|p2a: Iron Moth|0 fnt\n|faint|p2a: Iron Moth\n|-end|p2a: Iron Moth|Quark Drive|[silent]\n|\n|upkeep\n|\n|t:|1700829297\n|switch|p2a: Kingambit|Kingambit, F|100\/100\n|-activate|p2a: Kingambit|ability: Supreme Overlord\n|-start|p2a: Kingambit|fallen3|[silent]\n|turn|13\n|\n|t:|1700829306\n|-end|p1a: Ditto|Quark Drive|[silent]\n|switch|p1a: Dragonite|Dragonite, F, shiny|100\/100\n|-end|p2a: Kingambit|fallen3|[silent]\n|switch|p2a: Great Tusk|Great Tusk|100\/100\n|\n|upkeep\n|turn|14\n|\n|t:|1700829316\n|move|p1a: Dragonite|Dragon Dance|p1a: Dragonite\n|-boost|p1a: Dragonite|atk|1\n|-boost|p1a: Dragonite|spe|1\n|move|p2a: Great Tusk|Stealth Rock|p1a: Dragonite\n|-sidestart|p1: slacc|move: Stealth Rock\n|\n|upkeep\n|turn|15\n|\n|t:|1700829324\n|move|p1a: Dragonite|Dragon Dance|p1a: Dragonite\n|-boost|p1a: Dragonite|atk|1\n|-boost|p1a: Dragonite|spe|1\n|move|p2a: Great Tusk|Close Combat|p1a: Dragonite\n|-resisted|p1a: Dragonite\n|-damage|p1a: Dragonite|84\/100\n|-unboost|p2a: Great Tusk|def|1\n|-unboost|p2a: Great Tusk|spd|1\n|\n|upkeep\n|turn|16\n|\n|t:|1700829335\n|-end|p2a: Great Tusk|Protosynthesis|[silent]\n|switch|p2a: Garganacl|Garganacl, M|100\/100\n|move|p1a: Dragonite|Roost|p1a: Dragonite\n|-heal|p1a: Dragonite|100\/100\n|-singleturn|p1a: Dragonite|move: Roost\n|\n|upkeep\n|turn|17\n|\n|t:|1700829343\n|move|p1a: Dragonite|Dragon Dance|p1a: Dragonite\n|-boost|p1a: Dragonite|atk|1\n|-boost|p1a: Dragonite|spe|1\n|move|p2a: Garganacl|Iron Defense|p2a: Garganacl\n|-boost|p2a: Garganacl|def|2\n|\n|upkeep\n|turn|18\n|\n|t:|1700829376\n|move|p1a: Dragonite|Outrage|p2a: Garganacl\n|-damage|p2a: Garganacl|43\/100\n|move|p2a: Garganacl|Iron Defense|p2a: Garganacl\n|-boost|p2a: Garganacl|def|2\n|\n|-heal|p2a: Garganacl|49\/100|[from] item: Leftovers\n|upkeep\n|turn|19\n|\n|t:|1700829383\n|move|p1a: Dragonite|Outrage|p2a: Garganacl|[from]lockedmove\n|-damage|p2a: Garganacl|12\/100\n|move|p2a: Garganacl|Recover|p2a: Garganacl\n|-heal|p2a: Garganacl|62\/100\n|\n|-heal|p2a: Garganacl|69\/100|[from] item: Leftovers\n|upkeep\n|turn|20\n|\n|t:|1700829389\n|move|p1a: Dragonite|Outrage|p2a: Garganacl|[from]lockedmove\n|-crit|p2a: Garganacl\n|-damage|p2a: Garganacl|0 fnt\n|faint|p2a: Garganacl\n|-start|p1a: Dragonite|confusion|[fatigue]\n|\n|upkeep\n|\n|t:|1700829394\n|switch|p2a: Kingambit|Kingambit, F|100\/100\n|-activate|p2a: Kingambit|ability: Supreme Overlord\n|-start|p2a: Kingambit|fallen4|[silent]\n|turn|21\n|\n|t:|1700829403\n|-activate|p1a: Dragonite|confusion\n|move|p1a: Dragonite|Dragon Dance|p1a: Dragonite\n|-boost|p1a: Dragonite|atk|1\n|-boost|p1a: Dragonite|spe|1\n|move|p2a: Kingambit|Swords Dance|p2a: Kingambit\n|-boost|p2a: Kingambit|atk|2\n|\n|upkeep\n|turn|22\n|\n|t:|1700829418\n|-end|p1a: Dragonite|confusion\n|move|p1a: Dragonite|Extreme Speed|p2a: Kingambit\n|-resisted|p2a: Kingambit\n|-damage|p2a: Kingambit|66\/100\n|move|p2a: Kingambit|Sucker Punch||[still]\n|-fail|p2a: Kingambit\n|\n|-heal|p2a: Kingambit|72\/100|[from] item: Leftovers\n|upkeep\n|turn|23\n|\n|t:|1700829428\n|move|p1a: Dragonite|Extreme Speed|p2a: Kingambit\n|-resisted|p2a: Kingambit\n|-crit|p2a: Kingambit\n|-damage|p2a: Kingambit|21\/100\n|move|p2a: Kingambit|Iron Head|p1a: Dragonite\n|-damage|p1a: Dragonite|26\/100\n|\n|-heal|p2a: Kingambit|28\/100|[from] item: Leftovers\n|upkeep\n|turn|24\n|\n|t:|1700829440\n|-end|p2a: Kingambit|fallen4|[silent]\n|switch|p2a: Great Tusk|Great Tusk|100\/100\n|move|p1a: Dragonite|Extreme Speed|p2a: Great Tusk\n|-damage|p2a: Great Tusk|49\/100\n|\n|-heal|p2a: Great Tusk|56\/100|[from] item: Leftovers\n|upkeep\n|turn|25\n|\n|t:|1700829457\n|move|p1a: Dragonite|Roost|p1a: Dragonite\n|-heal|p1a: Dragonite|76\/100\n|-singleturn|p1a: Dragonite|move: Roost\n|move|p2a: Great Tusk|Close Combat|p1a: Dragonite\n|-damage|p1a: Dragonite|12\/100\n|-unboost|p2a: Great Tusk|def|1\n|-unboost|p2a: Great Tusk|spd|1\n|\n|-heal|p2a: Great Tusk|62\/100|[from] item: Leftovers\n|upkeep\n|turn|26\n|\n|t:|1700829468\n|move|p1a: Dragonite|Extreme Speed|p2a: Great Tusk\n|-damage|p2a: Great Tusk|0 fnt\n|faint|p2a: Great Tusk\n|-end|p2a: Great Tusk|Protosynthesis|[silent]\n|\n|upkeep\n|\n|t:|1700829471\n|switch|p2a: Kingambit|Kingambit, F|28\/100\n|-activate|p2a: Kingambit|ability: Supreme Overlord\n|-start|p2a: Kingambit|fallen5|[silent]\n|turn|27\n|\n|t:|1700829476\n|move|p1a: Dragonite|Extreme Speed|p2a: Kingambit\n|-resisted|p2a: Kingambit\n|-damage|p2a: Kingambit|0 fnt\n|faint|p2a: Kingambit\n|-end|p2a: Kingambit|fallen5|[silent]\n|\n|win|slacc\n|raw|slacc's rating: 1099 &rarr; <strong>1128<\/strong><br \/>(+29 for winning)\n|raw|abaee's rating: 1154 &rarr; <strong>1125<\/strong><br \/>(-29 for losing)\n|l|\u2606abaee\n|c|\u2606slacc|gg\n","uploadtime":1700829494,"views":21,"p1id":"slacc","p2id":"abaee","formatid":"gen9ou","rating":1125,"private":0,"password":""}