{"id":"gen9ou-1994763779","p1":"DarkCharizard1993","p2":"merpmeowmerp","format":"[Gen 9] OU","log":"|j|\u2606DarkCharizard1993\n|j|\u2606merpmeowmerp\n|t:|1700490395\n|gametype|singles\n|player|p1|DarkCharizard1993|170|1185\n|player|p2|merpmeowmerp|clair|1279\n|teamsize|p1|6\n|teamsize|p2|6\n|gen|9\n|tier|[Gen 9] OU\n|rated|\n|rule|Sleep Clause Mod: Limit one foe put to sleep\n|rule|Species Clause: Limit one of each Pok\u00e9mon\n|rule|OHKO Clause: OHKO moves are banned\n|rule|Evasion Items Clause: Evasion items are banned\n|rule|Evasion Moves Clause: Evasion moves are banned\n|rule|Endless Battle Clause: Forcing endless battles is banned\n|rule|HP Percentage Mod: HP is shown in percentages\n|clearpoke\n|poke|p1|Charizard, F|\n|poke|p1|Torkoal, F|\n|poke|p1|Ceruledge, M|\n|poke|p1|Volcanion|\n|poke|p1|Heatran, M|\n|poke|p1|Iron Moth|\n|poke|p2|Landorus-Therian, M|\n|poke|p2|Sinistcha|\n|poke|p2|Great Tusk|\n|poke|p2|Samurott-Hisui, F|\n|poke|p2|Zapdos|\n|poke|p2|Slowking-Galar, M|\n|teampreview\n|\n|t:|1700490409\n|start\n|switch|p1a: Torkoal|Torkoal, F, shiny|100\/100\n|switch|p2a: Landorus|Landorus-Therian, M|100\/100\n|-ability|p2a: Landorus|Intimidate|boost\n|-unboost|p1a: Torkoal|atk|1\n|-weather|SunnyDay|[from] ability: Drought|[of] p1a: Torkoal\n|turn|1\n|\n|t:|1700490416\n|move|p2a: Landorus|Earthquake|p1a: Torkoal\n|-supereffective|p1a: Torkoal\n|-damage|p1a: Torkoal|32\/100\n|move|p1a: Torkoal|Body Slam|p2a: Landorus\n|-damage|p2a: Landorus|89\/100\n|\n|-weather|SunnyDay|[upkeep]\n|-heal|p2a: Landorus|95\/100|[from] item: Leftovers\n|upkeep\n|turn|2\n|\n|t:|1700490425\n|move|p2a: Landorus|Stealth Rock|p1a: Torkoal\n|-sidestart|p1: DarkCharizard1993|move: Stealth Rock\n|move|p1a: Torkoal|Lava Plume|p2a: Landorus\n|-damage|p2a: Landorus|47\/100\n|\n|-weather|SunnyDay|[upkeep]\n|-heal|p2a: Landorus|53\/100|[from] item: Leftovers\n|upkeep\n|turn|3\n|\n|t:|1700490432\n|move|p2a: Landorus|Earthquake|p1a: Torkoal\n|-supereffective|p1a: Torkoal\n|-damage|p1a: Torkoal|0 fnt\n|faint|p1a: Torkoal\n|\n|-weather|SunnyDay|[upkeep]\n|-heal|p2a: Landorus|59\/100|[from] item: Leftovers\n|upkeep\n|\n|t:|1700490442\n|switch|p1a: Iron Moth|Iron Moth|100\/100\n|-damage|p1a: Iron Moth|76\/100|[from] Stealth Rock\n|-enditem|p1a: Iron Moth|Booster Energy\n|-activate|p1a: Iron Moth|ability: Quark Drive|[fromitem]\n|-start|p1a: Iron Moth|quarkdrivespe\n|turn|4\n|\n|t:|1700490449\n|-terastallize|p1a: Iron Moth|Grass\n|move|p1a: Iron Moth|Energy Ball|p2a: Landorus\n|-damage|p2a: Landorus|0 fnt\n|faint|p2a: Landorus\n|\n|-weather|SunnyDay|[upkeep]\n|upkeep\n|\n|t:|1700490469\n|switch|p2a: Slowking|Slowking-Galar, M|100\/100\n|turn|5\n|\n|t:|1700490478\n|-end|p1a: Iron Moth|Quark Drive|[silent]\n|switch|p1a: Heatran|Heatran, M, shiny|100\/100\n|-damage|p1a: Heatran|88\/100|[from] Stealth Rock\n|move|p2a: Slowking|Sludge Bomb|p1a: Heatran\n|-immune|p1a: Heatran\n|\n|-weather|SunnyDay|[upkeep]\n|-heal|p1a: Heatran|94\/100|[from] item: Leftovers\n|upkeep\n|turn|6\n|\n|t:|1700490505\n|switch|p2a: Samurott|Samurott-Hisui, F|100\/100\n|move|p1a: Heatran|Magma Storm|p2a: Samurott\n|-resisted|p2a: Samurott\n|-crit|p2a: Samurott\n|-damage|p2a: Samurott|33\/100\n|-activate|p2a: Samurott|move: Magma Storm|[of] p1a: Heatran\n|\n|-weather|SunnyDay|[upkeep]\n|-heal|p1a: Heatran|100\/100|[from] item: Leftovers\n|-damage|p2a: Samurott|21\/100|[from] move: Magma Storm|[partiallytrapped]\n|upkeep\n|turn|7\n|\n|t:|1700490516\n|move|p2a: Samurott|Ceaseless Edge|p1a: Heatran\n|-damage|p1a: Heatran|66\/100\n|-sidestart|p1: DarkCharizard1993|Spikes\n|move|p1a: Heatran|Stealth Rock|p2a: Samurott\n|-sidestart|p2: merpmeowmerp|move: Stealth Rock\n|\n|-weather|SunnyDay|[upkeep]\n|-heal|p1a: Heatran|72\/100|[from] item: Leftovers\n|-damage|p2a: Samurott|8\/100|[from] move: Magma Storm|[partiallytrapped]\n|upkeep\n|turn|8\n|\n|t:|1700490528\n|move|p2a: Samurott|Ceaseless Edge|p1a: Heatran\n|-damage|p1a: Heatran|32\/100\n|-sidestart|p1: DarkCharizard1993|Spikes\n|move|p1a: Heatran|Flash Cannon|p2a: Samurott\n|-resisted|p2a: Samurott\n|-damage|p2a: Samurott|0 fnt\n|faint|p2a: Samurott\n|\n|-weather|none\n|-heal|p1a: Heatran|38\/100|[from] item: Leftovers\n|upkeep\n|\n|t:|1700490531\n|switch|p2a: Great Tusk|Great Tusk|100\/100\n|turn|9\n|\n|t:|1700490545\n|switch|p1a: Charizard|Charizard, F, shiny|100\/100\n|-damage|p1a: Charizard|51\/100|[from] Stealth Rock\n|move|p2a: Great Tusk|Rapid Spin|p1a: Charizard\n|-damage|p1a: Charizard|28\/100\n|-boost|p2a: Great Tusk|spe|1\n|-sideend|p2: merpmeowmerp|Stealth Rock|[from] move: Rapid Spin|[of] p2a: Great Tusk\n|\n|upkeep\n|turn|10\n|\n|t:|1700490554\n|move|p2a: Great Tusk|Knock Off|p1a: Charizard\n|-damage|p1a: Charizard|0 fnt\n|-enditem|p1a: Charizard|Life Orb|[from] move: Knock Off|[of] p2a: Great Tusk\n|faint|p1a: Charizard\n|\n|upkeep\n|\n|t:|1700490561\n|switch|p1a: Volcanion|Volcanion|100\/100\n|turn|11\n|\n|t:|1700490567\n|move|p2a: Great Tusk|Headlong Rush|p1a: Volcanion\n|-supereffective|p1a: Volcanion\n|-damage|p1a: Volcanion|0 fnt\n|-unboost|p2a: Great Tusk|def|1\n|-unboost|p2a: Great Tusk|spd|1\n|faint|p1a: Volcanion\n|\n|upkeep\n|\n|t:|1700490574\n|switch|p1a: Iron Moth|Iron Moth, tera:Grass|76\/100\n|-damage|p1a: Iron Moth|63\/100|[from] Stealth Rock\n|-damage|p1a: Iron Moth|47\/100|[from] Spikes\n|turn|12\n|\n|t:|1700490579\n|move|p2a: Great Tusk|Ice Spinner|p1a: Iron Moth\n|-supereffective|p1a: Iron Moth\n|-damage|p1a: Iron Moth|0 fnt\n|faint|p1a: Iron Moth\n|-end|p1a: Iron Moth|Quark Drive|[silent]\n|\n|upkeep\n|\n|t:|1700490585\n|switch|p1a: Ceruledge|Ceruledge, M, shiny|100\/100\n|-damage|p1a: Ceruledge|76\/100|[from] Stealth Rock\n|-damage|p1a: Ceruledge|59\/100|[from] Spikes\n|turn|13\n|\n|t:|1700490591\n|move|p1a: Ceruledge|Shadow Sneak|p2a: Great Tusk\n|-crit|p2a: Great Tusk\n|-damage|p2a: Great Tusk|68\/100\n|move|p2a: Great Tusk|Knock Off|p1a: Ceruledge\n|-supereffective|p1a: Ceruledge\n|-crit|p1a: Ceruledge\n|-damage|p1a: Ceruledge|0 fnt\n|-enditem|p1a: Ceruledge|Focus Sash|[from] move: Knock Off|[of] p2a: Great Tusk\n|faint|p1a: Ceruledge\n|\n|upkeep\n|-message|DarkCharizard1993 forfeited.\n|\n|win|merpmeowmerp\n|raw|DarkCharizard1993's rating: 1185 &rarr; <strong>1167<\/strong><br \/>(-18 for losing)\n|raw|merpmeowmerp's rating: 1279 &rarr; <strong>1297<\/strong><br \/>(+18 for winning)\n|l|\u2606DarkCharizard1993\n","uploadtime":1700490606,"views":4,"p1id":"darkcharizard1993","p2id":"merpmeowmerp","formatid":"gen9ou","rating":1167,"private":0,"password":""}