{"id":"gen9ou-1989363479","p1":"burberry bax","p2":"50Niko05","format":"[Gen 9] OU","log":"|j|\u2606burberry bax\n|j|\u260650Niko05\n|t:|1699840994\n|gametype|singles\n|player|p1|burberry bax|lucas|\n|player|p2|50Niko05|n|\n|teamsize|p1|6\n|teamsize|p2|6\n|gen|9\n|tier|[Gen 9] OU\n|rule|Sleep Clause Mod: Limit one foe put to sleep\n|rule|Species Clause: Limit one of each Pok\u00e9mon\n|rule|OHKO Clause: OHKO moves are banned\n|rule|Evasion Items Clause: Evasion items are banned\n|rule|Evasion Moves Clause: Evasion moves are banned\n|rule|Endless Battle Clause: Forcing endless battles is banned\n|rule|HP Percentage Mod: HP is shown in percentages\n|clearpoke\n|poke|p1|Moltres|\n|poke|p1|Gardevoir, F|\n|poke|p1|Eelektross, M|\n|poke|p1|Salamence, M|\n|poke|p1|Amoonguss, M|\n|poke|p1|Hariyama, F|\n|poke|p2|Mew|\n|poke|p2|Tornadus-Therian, M|\n|poke|p2|Zamazenta-*|\n|poke|p2|Weavile, F|\n|poke|p2|Uxie|\n|poke|p2|Indeedee, M|\n|teampreview\n|\n|t:|1699841003\n|start\n|switch|p1a: shit trash lmao|Salamence, M|100\/100\n|switch|p2a: Smurf Cat|Mew, shiny|100\/100\n|turn|1\n|\n|t:|1699841012\n|move|p2a: Smurf Cat|Stealth Rock|p1a: shit trash lmao\n|-sidestart|p1: burberry bax|move: Stealth Rock\n|move|p1a: shit trash lmao|Substitute|p1a: shit trash lmao\n|-start|p1a: shit trash lmao|Substitute\n|-damage|p1a: shit trash lmao|76\/100\n|\n|upkeep\n|turn|2\n|\n|t:|1699841019\n|move|p2a: Smurf Cat|Psychic|p1a: shit trash lmao\n|-end|p1a: shit trash lmao|Substitute\n|move|p1a: shit trash lmao|Dragon Dance|p1a: shit trash lmao\n|-boost|p1a: shit trash lmao|atk|1\n|-boost|p1a: shit trash lmao|spe|1\n|\n|upkeep\n|turn|3\n|\n|t:|1699841056\n|move|p1a: shit trash lmao|Dual Wingbeat|p2a: Smurf Cat|[miss]\n|-miss|p1a: shit trash lmao|p2a: Smurf Cat\n|move|p2a: Smurf Cat|Psychic|p1a: shit trash lmao\n|-damage|p1a: shit trash lmao|30\/100\n|\n|upkeep\n|turn|4\n|\n|t:|1699841063\n|move|p1a: shit trash lmao|Dual Wingbeat|p2a: Smurf Cat\n|-damage|p2a: Smurf Cat|60\/100\n|-damage|p2a: Smurf Cat|20\/100\n|-hitcount|p2a: Smurf Cat|2\n|move|p2a: Smurf Cat|Psychic|p1a: shit trash lmao\n|-damage|p1a: shit trash lmao|0 fnt\n|faint|p1a: shit trash lmao\n|\n|upkeep\n|\n|t:|1699841069\n|switch|p1a: fubuki|Gardevoir, F|100\/100\n|-damage|p1a: fubuki|88\/100|[from] Stealth Rock\n|-ability|p1a: fubuki|Synchronize|[from] ability: Trace|[of] p2a: Smurf Cat\n|turn|5\n|j| GymLeader Avery\n|j| CTE World\n|\n|t:|1699841080\n|switch|p2a: -_-|Uxie|100\/100\n|move|p1a: fubuki|Moonblast|p2a: -_-\n|-damage|p2a: -_-|81\/100\n|-unboost|p2a: -_-|spa|1\n|\n|upkeep\n|turn|6\n|j| mindyourmoney\n|c| CTE World|br\n|\n|t:|1699841086\n|switch|p1a: meltdown|Moltres|100\/100\n|move|p2a: -_-|Knock Off|p1a: meltdown\n|-damage|p1a: meltdown|83\/100\n|-enditem|p1a: meltdown|Heavy-Duty Boots|[from] move: Knock Off|[of] p2a: -_-\n|\n|upkeep\n|turn|7\n|j| muffinATEthat\n|j| DomNeedsHelp\n|c| GymLeader Avery|fellers\n|c| CTE World|it's the fucking playoffs\n|c| CTE World|can we please\n|\n|t:|1699841106\n|switch|p2a: Smurf Cat|Mew, shiny|20\/100\n|move|p1a: meltdown|U-turn|p2a: Smurf Cat\n|-supereffective|p2a: Smurf Cat\n|-damage|p2a: Smurf Cat|0 fnt\n|faint|p2a: Smurf Cat\n|c|\u2606burberry bax|oh my b  im tryna dip lol\n|\n|t:|1699841109\n|switch|p1a: hakuho|Hariyama, F, shiny|100\/100|[from] U-turn\n|-damage|p1a: hakuho|94\/100|[from] Stealth Rock\n|\n|-status|p1a: hakuho|brn|[from] item: Flame Orb\n|upkeep\n|\n|t:|1699841124\n|switch|p2a: Zazazenta|Zamazenta|100\/100\n|-ability|p2a: Zazazenta|Dauntless Shield|boost\n|-boost|p2a: Zazazenta|def|1\n|turn|8\n|c| DomNeedsHelp|We good\n|\n|t:|1699841148\n|switch|p1a: ultra headtop|Amoonguss, M, shiny|100\/100\n|-damage|p1a: ultra headtop|88\/100|[from] Stealth Rock\n|move|p2a: Zazazenta|Close Combat|p1a: ultra headtop\n|-resisted|p1a: ultra headtop\n|-damage|p1a: ultra headtop|54\/100\n|-unboost|p2a: Zazazenta|def|1\n|-unboost|p2a: Zazazenta|spd|1\n|\n|upkeep\n|turn|9\n|\n|t:|1699841163\n|switch|p2a: Thanasis|Indeedee, M|100\/100\n|-fieldstart|move: Psychic Terrain|[from] ability: Psychic Surge|[of] p2a: Thanasis\n|move|p1a: ultra headtop|Toxic|p2a: Thanasis\n|-status|p2a: Thanasis|tox\n|\n|-damage|p2a: Thanasis|94\/100 tox|[from] psn\n|upkeep\n|turn|10\n|\n|t:|1699841177\n|switch|p1a: rika|Eelektross, M|100\/100\n|-damage|p1a: rika|88\/100|[from] Stealth Rock\n|move|p2a: Thanasis|Psychic|p1a: rika\n|-damage|p1a: rika|59\/100\n|\n|-damage|p2a: Thanasis|82\/100 tox|[from] psn\n|upkeep\n|turn|11\n|l| CTE World\n|j| CTE World\n|\n|t:|1699841276\n|switch|p2a: Bird Man|Tornadus-Therian, M|100\/100\n|move|p1a: rika|Volt Switch|p2a: Bird Man\n|-supereffective|p2a: Bird Man\n|-damage|p2a: Bird Man|38\/100\n|\n|t:|1699841284\n|switch|p1a: hakuho|Hariyama, F, shiny|94\/100 brn|[from] Volt Switch\n|-damage|p1a: hakuho|88\/100 brn|[from] Stealth Rock\n|\n|-damage|p1a: hakuho|82\/100 brn|[from] brn\n|upkeep\n|turn|12\n|c| mindyourmoney|where is the timer\n|inactive|Battle timer is ON: inactive players will automatically lose when time's up. (requested by burberry bax)\n|c| mindyourmoney|thank you\n|inactive|50Niko05 has 270 seconds left.\n|\n|t:|1699841453\n|switch|p2a: -_-|Uxie|81\/100\n|-terastallize|p1a: hakuho|Steel\n|move|p1a: hakuho|Facade|p2a: -_-\n|-damage|p2a: -_-|27\/100\n|\n|-damage|p1a: hakuho|76\/100 brn|[from] brn\n|upkeep\n|turn|13\n|\n|t:|1699841464\n|move|p2a: -_-|Future Sight|p1a: hakuho\n|-start|p2a: -_-|move: Future Sight\n|move|p1a: hakuho|Facade|p2a: -_-\n|-damage|p2a: -_-|0 fnt\n|faint|p2a: -_-\n|\n|-damage|p1a: hakuho|70\/100 brn|[from] brn\n|-fieldend|move: Psychic Terrain\n|upkeep\n|\n|t:|1699841477\n|switch|p2a: Bird Man|Tornadus-Therian, M|72\/100\n|turn|14\n|\n|t:|1699841486\n|move|p2a: Bird Man|Focus Blast|p1a: hakuho\n|-supereffective|p1a: hakuho\n|-damage|p1a: hakuho|0 fnt\n|faint|p1a: hakuho\n|\n|upkeep\n|\n|t:|1699841497\n|switch|p1a: rika|Eelektross, M|59\/100\n|-damage|p1a: rika|47\/100|[from] Stealth Rock\n|turn|15\n|inactive|50Niko05 has 270 seconds left.\n|inactive|50Niko05 has 240 seconds left.\n|\n|t:|1699841574\n|switch|p2a: Thanasis|Indeedee, M|82\/100 tox\n|-fieldstart|move: Psychic Terrain|[from] ability: Psychic Surge|[of] p2a: Thanasis\n|move|p1a: rika|Volt Switch|p2a: Thanasis\n|-damage|p2a: Thanasis|50\/100 tox\n|inactive|burberry bax has 270 seconds left.\n|\n|t:|1699841595\n|switch|p1a: fubuki|Gardevoir, F|88\/100|[from] Volt Switch\n|-damage|p1a: fubuki|76\/100|[from] Stealth Rock\n|-ability|p1a: fubuki|Psychic Surge|[from] ability: Trace|[of] p2a: Thanasis\n|\n|-end|p1a: fubuki|move: Future Sight\n|-resisted|p1a: fubuki\n|-crit|p1a: fubuki\n|-damage|p1a: fubuki|44\/100\n|-damage|p2a: Thanasis|43\/100 tox|[from] psn\n|upkeep\n|turn|16\n|inactive|burberry bax has 270 seconds left.\n|\n|t:|1699841630\n|switch|p1a: rika|Eelektross, M|47\/100\n|-damage|p1a: rika|35\/100|[from] Stealth Rock\n|move|p2a: Thanasis|Shadow Ball|p1a: rika\n|-damage|p1a: rika|21\/100\n|\n|-damage|p2a: Thanasis|31\/100 tox|[from] psn\n|upkeep\n|turn|17\n|\n|t:|1699841649\n|switch|p2a: Zazazenta|Zamazenta|100\/100\n|move|p1a: rika|Volt Switch|p2a: Zazazenta\n|-damage|p2a: Zazazenta|80\/100\n|\n|t:|1699841662\n|switch|p1a: fubuki|Gardevoir, F|44\/100|[from] Volt Switch\n|-damage|p1a: fubuki|32\/100|[from] Stealth Rock\n|-ability|p1a: fubuki|Dauntless Shield|boost\n|-boost|p1a: fubuki|def|1\n|-ability|p1a: fubuki|Dauntless Shield|[from] ability: Trace|[of] p2a: Zazazenta\n|\n|upkeep\n|turn|18\n|inactive|50Niko05 has 210 seconds left.\n|inactive|50Niko05 has 180 seconds left.\n|\n|t:|1699841720\n|move|p1a: fubuki|Moonblast|p2a: Zazazenta\n|-supereffective|p2a: Zazazenta\n|-damage|p2a: Zazazenta|0 fnt\n|faint|p2a: Zazazenta\n|\n|upkeep\n|inactive|50Niko05 has 150 seconds left.\n|inactive|50Niko05 has 120 seconds left.\n|\n|t:|1699841790\n|switch|p2a: Thanasis|Indeedee, M|31\/100 tox\n|turn|19\n|inactive|burberry bax has 270 seconds left.\n|\n|t:|1699841806\n|switch|p1a: ultra headtop|Amoonguss, M, shiny|87\/100\n|-damage|p1a: ultra headtop|75\/100|[from] Stealth Rock\n|move|p2a: Thanasis|Healing Wish|p2a: Thanasis\n|faint|p2a: Thanasis\n|\n|-fieldend|move: Psychic Terrain\n|upkeep\n|inactive|50Niko05 has 120 seconds left.\n|\n|t:|1699841827\n|switch|p2a: Smurf Cat 2|Weavile, F|100\/100\n|-ability|p2a: Smurf Cat 2|Pressure\n|turn|20\n|inactive|burberry bax has 270 seconds left.\n|\n|t:|1699841833\n|move|p2a: Smurf Cat 2|Icicle Crash|p1a: ultra headtop\n|-supereffective|p1a: ultra headtop\n|-damage|p1a: ultra headtop|0 fnt\n|faint|p1a: ultra headtop\n|\n|upkeep\n|inactive|burberry bax has 270 seconds left.\n|\n|t:|1699841849\n|switch|p1a: meltdown|Moltres|83\/100\n|-damage|p1a: meltdown|33\/100|[from] Stealth Rock\n|turn|21\n|inactive|50Niko05 has 120 seconds left.\n|\n|t:|1699841872\n|move|p2a: Smurf Cat 2|Icicle Crash|p1a: meltdown|[miss]\n|-miss|p2a: Smurf Cat 2|p1a: meltdown\n|move|p1a: meltdown|U-turn|p2a: Smurf Cat 2\n|-supereffective|p2a: Smurf Cat 2\n|-damage|p2a: Smurf Cat 2|44\/100\n|inactive|burberry bax has 270 seconds left.\n|\n|t:|1699841896\n|switch|p1a: fubuki|Gardevoir, F|32\/100|[from] U-turn\n|-damage|p1a: fubuki|20\/100|[from] Stealth Rock\n|-ability|p1a: fubuki|Pressure\n|-ability|p1a: fubuki|Pressure|[from] ability: Trace|[of] p2a: Smurf Cat 2\n|\n|upkeep\n|turn|22\n|\n|t:|1699841901\n|move|p1a: fubuki|Vacuum Wave|p2a: Smurf Cat 2\n|-supereffective|p2a: Smurf Cat 2\n|-damage|p2a: Smurf Cat 2|0 fnt\n|faint|p2a: Smurf Cat 2\n|\n|upkeep\n|\n|t:|1699841910\n|switch|p2a: Bird Man|Tornadus-Therian, M|100\/100\n|turn|23\n|\n|t:|1699841914\n|switch|p1a: meltdown|Moltres|33\/100\n|-damage|p1a: meltdown|0 fnt|[from] Stealth Rock\n|faint|p1a: meltdown\n|move|p2a: Bird Man|Hurricane|p1: meltdown|[notarget]\n|-fail|p2a: Bird Man\n|\n|upkeep\n|\n|t:|1699841918\n|switch|p1a: fubuki|Gardevoir, F|20\/100\n|-damage|p1a: fubuki|7\/100|[from] Stealth Rock\n|-ability|p1a: fubuki|Regenerator|[from] ability: Trace|[of] p2a: Bird Man\n|turn|24\n|\n|t:|1699841931\n|move|p1a: fubuki|Thunderbolt|p2a: Bird Man\n|-supereffective|p2a: Bird Man\n|-damage|p2a: Bird Man|26\/100\n|move|p2a: Bird Man|Hurricane|p1a: fubuki|[miss]\n|-miss|p2a: Bird Man|p1a: fubuki\n|\n|upkeep\n|turn|25\n|\n|t:|1699841934\n|move|p1a: fubuki|Thunderbolt|p2a: Bird Man\n|-supereffective|p2a: Bird Man\n|-damage|p2a: Bird Man|0 fnt\n|faint|p2a: Bird Man\n|\n|win|burberry bax\n|c|\u2606burberry bax|yess\n|c|\u2606burberry bax|ggs\n|c|\u260650Niko05|IM KILLING MYSELF\n|c|\u260650Niko05|ggs\n|j| TheRatedRSuperTars\n|c| mindyourmoney|do a flip\n|c| TheRatedRSuperTars|you can always blame Logan\n","uploadtime":1699841952,"views":22,"p1id":"burberrybax","p2id":"50niko05","formatid":"gen9ou","rating":0,"private":0,"password":""}