{"id":"gen9ou-1995439869","p1":"Ismvv","p2":"Zovafire","format":"[Gen 9] OU","log":"|j|\u2606Ismvv\n|j|\u2606Zovafire\n|t:|1700570994\n|gametype|singles\n|player|p1|Ismvv|bruno|1425\n|player|p2|Zovafire|roxie|1436\n|teamsize|p1|6\n|teamsize|p2|6\n|gen|9\n|tier|[Gen 9] OU\n|rated|\n|rule|Sleep Clause Mod: Limit one foe put to sleep\n|rule|Species Clause: Limit one of each Pok\u00e9mon\n|rule|OHKO Clause: OHKO moves are banned\n|rule|Evasion Items Clause: Evasion items are banned\n|rule|Evasion Moves Clause: Evasion moves are banned\n|rule|Endless Battle Clause: Forcing endless battles is banned\n|rule|HP Percentage Mod: HP is shown in percentages\n|clearpoke\n|poke|p1|Dragapult, F|\n|poke|p1|Great Tusk|\n|poke|p1|Greninja-*, M|\n|poke|p1|Moltres|\n|poke|p1|Clodsire, F|\n|poke|p1|Cresselia, F|\n|poke|p2|Great Tusk|\n|poke|p2|Ogerpon-Wellspring, F|\n|poke|p2|Hatterene, F|\n|poke|p2|Kingambit, M|\n|poke|p2|Meowscarada, F|\n|poke|p2|Ninetales-Alola, F|\n|teampreview\n|inactive|Battle timer is ON: inactive players will automatically lose when time's up. (requested by Zovafire)\n|inactive|Ismvv has 120 seconds left.\n|\n|t:|1700571025\n|start\n|switch|p1a: A thing.|Clodsire, F|100\/100\n|switch|p2a: Shiver Tails|Ninetales-Alola, F|100\/100\n|-weather|Snow|[from] ability: Snow Warning|[of] p2a: Shiver Tails\n|turn|1\n|\n|t:|1700571032\n|switch|p2a: Fungal Witch|Hatterene, F|100\/100\n|move|p1a: A thing.|Toxic|p2a: Fungal Witch\n|move|p2a: Fungal Witch|Toxic|p1a: A thing.|[from]ability: Magic Bounce\n|-immune|p1a: A thing.\n|\n|-weather|Snow|[upkeep]\n|upkeep\n|turn|2\n|\n|t:|1700571040\n|switch|p2a: Shiver Tails|Ninetales-Alola, F|100\/100\n|move|p1a: A thing.|Earthquake|p2a: Shiver Tails\n|-damage|p2a: Shiver Tails|76\/100\n|\n|-weather|Snow|[upkeep]\n|upkeep\n|turn|3\n|\n|t:|1700571045\n|move|p2a: Shiver Tails|Encore|p1a: A thing.\n|-start|p1a: A thing.|Encore\n|move|p1a: A thing.|Earthquake|p2a: Shiver Tails\n|-damage|p2a: Shiver Tails|52\/100\n|\n|-weather|Snow|[upkeep]\n|upkeep\n|turn|4\n|\n|t:|1700571054\n|move|p2a: Shiver Tails|Aurora Veil|p2a: Shiver Tails\n|-sidestart|p2: Zovafire|move: Aurora Veil\n|move|p1a: A thing.|Earthquake|p2a: Shiver Tails\n|-damage|p2a: Shiver Tails|41\/100\n|\n|-weather|Snow|[upkeep]\n|upkeep\n|turn|5\n|\n|t:|1700571060\n|switch|p2a: Wellspring Cudgel|Ogerpon-Wellspring, F|100\/100\n|move|p1a: A thing.|Earthquake|p2a: Wellspring Cudgel\n|-resisted|p2a: Wellspring Cudgel\n|-damage|p2a: Wellspring Cudgel|92\/100\n|\n|-weather|none\n|-end|p1a: A thing.|Encore\n|upkeep\n|turn|6\n|\n|t:|1700571065\n|move|p2a: Wellspring Cudgel|Encore|p1a: A thing.\n|-start|p1a: A thing.|Encore\n|move|p1a: A thing.|Earthquake|p2a: Wellspring Cudgel\n|-resisted|p2a: Wellspring Cudgel\n|-damage|p2a: Wellspring Cudgel|83\/100\n|\n|upkeep\n|turn|7\n|\n|t:|1700571075\n|move|p2a: Wellspring Cudgel|Swords Dance|p2a: Wellspring Cudgel\n|-boost|p2a: Wellspring Cudgel|atk|2\n|move|p1a: A thing.|Earthquake|p2a: Wellspring Cudgel\n|-resisted|p2a: Wellspring Cudgel\n|-damage|p2a: Wellspring Cudgel|75\/100\n|\n|upkeep\n|turn|8\n|\n|t:|1700571081\n|move|p2a: Wellspring Cudgel|Power Whip|p1a: A thing.\n|-damage|p1a: A thing.|0 fnt\n|faint|p1a: A thing.\n|\n|upkeep\n|\n|t:|1700571093\n|switch|p1a: Uno Dos Moltres|Moltres|100\/100\n|turn|9\n|\n|t:|1700571097\n|move|p2a: Wellspring Cudgel|Ivy Cudgel|p1a: Uno Dos Moltres|[anim] Ivy Cudgel Water\n|-supereffective|p1a: Uno Dos Moltres\n|-crit|p1a: Uno Dos Moltres\n|-damage|p1a: Uno Dos Moltres|0 fnt\n|faint|p1a: Uno Dos Moltres\n|\n|upkeep\n|inactive|Ismvv has 120 seconds left.\n|inactive|Ismvv has 90 seconds left.\n|inactive|Ismvv has 60 seconds left.\n|\n|t:|1700571190\n|switch|p1a: Genoide|Dragapult, F|100\/100\n|turn|10\n|\n|t:|1700571196\n|move|p1a: Genoide|U-turn|p2a: Wellspring Cudgel\n|-supereffective|p2a: Wellspring Cudgel\n|-damage|p2a: Wellspring Cudgel|0 fnt\n|faint|p2a: Wellspring Cudgel\n|inactive|Ismvv has 60 seconds left.\n|inactive|Ismvv has 30 seconds left.\n|inactive|Ismvv has 20 seconds left.\n|inactive|Ismvv has 15 seconds left.\n|inactive|Ismvv has 10 seconds left.\n|inactive|Ismvv has 5 seconds left.\n|\n|t:|1700571268\n|switch|p1a: Agency|Great Tusk|100\/100|[from] U-turn\n|\n|upkeep\n|inactive|Ismvv has 10 seconds left this turn.\n|\n|t:|1700571277\n|switch|p2a: Shiver Tails|Ninetales-Alola, F|41\/100\n|-weather|Snow|[from] ability: Snow Warning|[of] p2a: Shiver Tails\n|turn|11\n|inactive|Ismvv has 20 seconds left this turn.\n|inactive|Ismvv has 15 seconds left.\n|\n|t:|1700571283\n|move|p2a: Shiver Tails|Aurora Veil||[still]\n|-fail|p2a: Shiver Tails\n|move|p1a: Agency|Stealth Rock|p2a: Shiver Tails\n|-sidestart|p2: Zovafire|move: Stealth Rock\n|\n|-weather|Snow|[upkeep]\n|-sideend|p2: Zovafire|move: Aurora Veil\n|upkeep\n|turn|12\n|inactive|Ismvv has 25 seconds left this turn.\n|inactive|Ismvv has 20 seconds left.\n|inactive|Ismvv has 15 seconds left.\n|\n|t:|1700571298\n|move|p2a: Shiver Tails|Aurora Veil|p2a: Shiver Tails\n|-sidestart|p2: Zovafire|move: Aurora Veil\n|move|p1a: Agency|Rapid Spin|p2a: Shiver Tails\n|-damage|p2a: Shiver Tails|35\/100\n|-boost|p1a: Agency|spe|1\n|\n|-weather|Snow|[upkeep]\n|upkeep\n|turn|13\n|inactive|Ismvv has 25 seconds left this turn.\n|inactive|Ismvv has 20 seconds left.\n|\n|t:|1700571308\n|move|p1a: Agency|Knock Off|p2a: Shiver Tails\n|-resisted|p2a: Shiver Tails\n|-damage|p2a: Shiver Tails|29\/100\n|-enditem|p2a: Shiver Tails|Light Clay|[from] move: Knock Off|[of] p1a: Agency\n|move|p2a: Shiver Tails|Moonblast|p1a: Agency\n|-supereffective|p1a: Agency\n|-damage|p1a: Agency|25\/100\n|-unboost|p1a: Agency|spa|1\n|\n|-weather|Snow|[upkeep]\n|-heal|p1a: Agency|32\/100|[from] item: Leftovers\n|upkeep\n|turn|14\n|inactive|Ismvv has 30 seconds left this turn.\n|inactive|Ismvv has 20 seconds left.\n|\n|t:|1700571320\n|move|p1a: Agency|Earthquake|p2a: Shiver Tails\n|-damage|p2a: Shiver Tails|12\/100\n|move|p2a: Shiver Tails|Moonblast|p1a: Agency\n|-supereffective|p1a: Agency\n|-crit|p1a: Agency\n|-damage|p1a: Agency|0 fnt\n|faint|p1a: Agency\n|-end|p1a: Agency|Protosynthesis|[silent]\n|\n|-weather|Snow|[upkeep]\n|upkeep\n|inactive|Ismvv has 25 seconds left this turn.\n|inactive|Ismvv has 20 seconds left.\n|inactive|Ismvv has 15 seconds left.\n|inactive|Ismvv has 10 seconds left.\n|inactive|Ismvv has 5 seconds left.\n|\n|t:|1700571343\n|switch|p1a: Gamakishi|Greninja, M|100\/100\n|turn|15\n|inactive|Ismvv has 15 seconds left this turn.\n|\n|t:|1700571351\n|move|p1a: Gamakishi|Water Shuriken|p2a: Shiver Tails\n|-damage|p2a: Shiver Tails|9\/100\n|-damage|p2a: Shiver Tails|5\/100\n|-damage|p2a: Shiver Tails|2\/100\n|-damage|p2a: Shiver Tails|0 fnt\n|faint|p2a: Shiver Tails\n|-ability|p1a: Gamakishi|Battle Bond|boost\n|-boost|p1a: Gamakishi|atk|1\n|-boost|p1a: Gamakishi|spa|1\n|-boost|p1a: Gamakishi|spe|1\n|-activate|p1a: Gamakishi|ability: Battle Bond\n|-hitcount|p2: Shiver Tails|4\n|\n|-weather|none\n|upkeep\n|inactive|Ismvv has 20 seconds left this turn.\n|\n|t:|1700571353\n|switch|p2a: Purring Mask|Meowscarada, F, shiny|100\/100\n|-damage|p2a: Purring Mask|88\/100|[from] Stealth Rock\n|turn|16\n|inactive|Ismvv has 30 seconds left this turn.\n|inactive|Ismvv has 20 seconds left.\n|inactive|Ismvv has 15 seconds left.\n|inactive|Ismvv has 10 seconds left.\n|\n|t:|1700571374\n|move|p2a: Purring Mask|Flower Trick|p1a: Gamakishi\n|-start|p2a: Purring Mask|typechange|Grass|[from] ability: Protean\n|-supereffective|p1a: Gamakishi\n|-crit|p1a: Gamakishi\n|-damage|p1a: Gamakishi|0 fnt\n|faint|p1a: Gamakishi\n|\n|upkeep\n|inactive|Ismvv has 15 seconds left this turn.\n|inactive|Ismvv has 10 seconds left.\n|\n|t:|1700571381\n|switch|p1a: Genoide|Dragapult, F|100\/100\n|turn|17\n|inactive|Ismvv has 20 seconds left this turn.\n|inactive|Ismvv has 15 seconds left.\n|inactive|Ismvv has 10 seconds left.\n|inactive|Zovafire has 120 seconds left.\n|\n|t:|1700571413\n|switch|p2a: Great Tusk|Great Tusk|100\/100\n|-damage|p2a: Great Tusk|97\/100|[from] Stealth Rock\n|-enditem|p2a: Great Tusk|Booster Energy\n|-activate|p2a: Great Tusk|ability: Protosynthesis|[fromitem]\n|-start|p2a: Great Tusk|protosynthesisspe\n|-terastallize|p1a: Genoide|Ghost\n|move|p1a: Genoide|Tera Blast|p2a: Great Tusk|[anim] Tera Blast Ghost\n|-damage|p2a: Great Tusk|49\/100\n|\n|upkeep\n|turn|18\n|inactive|Ismvv has 20 seconds left this turn.\n|inactive|Ismvv has 15 seconds left.\n|inactive|Ismvv has 10 seconds left.\n|\n|t:|1700571427\n|move|p2a: Great Tusk|Knock Off|p1a: Genoide\n|-supereffective|p1a: Genoide\n|-damage|p1a: Genoide|18\/100\n|-enditem|p1a: Genoide|Choice Band|[from] move: Knock Off|[of] p2a: Great Tusk\n|move|p1a: Genoide|Tera Blast|p2a: Great Tusk|[anim] Tera Blast Ghost\n|-damage|p2a: Great Tusk|17\/100\n|\n|upkeep\n|turn|19\n|inactive|Ismvv has 20 seconds left this turn.\n|inactive|Ismvv has 15 seconds left.\n|inactive|Ismvv has 10 seconds left.\n|inactive|Ismvv has 5 seconds left.\n|inactive|Zovafire has 120 seconds left.\n|\n|t:|1700571448\n|move|p2a: Great Tusk|Ice Spinner|p1a: Genoide\n|-damage|p1a: Genoide|0 fnt\n|faint|p1a: Genoide\n|\n|-sideend|p2: Zovafire|move: Aurora Veil\n|upkeep\n|inactive|Ismvv has 10 seconds left this turn.\n|inactive|Ismvv has 5 seconds left.\n|\n|t:|1700571454\n|switch|p1a: Bonogoat|Cresselia, F|100\/100\n|turn|20\n|inactive|Ismvv has 15 seconds left this turn.\n|inactive|Ismvv has 10 seconds left.\n|\n|t:|1700571469\n|move|p2a: Great Tusk|Knock Off|p1a: Bonogoat\n|-supereffective|p1a: Bonogoat\n|-damage|p1a: Bonogoat|64\/100\n|-enditem|p1a: Bonogoat|Leftovers|[from] move: Knock Off|[of] p2a: Great Tusk\n|move|p1a: Bonogoat|Moonblast|p2a: Great Tusk\n|-supereffective|p2a: Great Tusk\n|-damage|p2a: Great Tusk|0 fnt\n|faint|p2a: Great Tusk\n|-end|p2a: Great Tusk|Protosynthesis|[silent]\n|\n|upkeep\n|inactive|Ismvv has 15 seconds left this turn.\n|\n|t:|1700571472\n|switch|p2a: Purring Mask|Meowscarada, F, shiny|88\/100\n|-damage|p2a: Purring Mask|76\/100|[from] Stealth Rock\n|turn|21\n|inactive|Ismvv has 25 seconds left this turn.\n|\n|t:|1700571477\n|-terastallize|p2a: Purring Mask|Grass\n|move|p2a: Purring Mask|Flower Trick|p1a: Bonogoat\n|-crit|p1a: Bonogoat\n|-damage|p1a: Bonogoat|15\/100\n|move|p1a: Bonogoat|Calm Mind|p1a: Bonogoat\n|-boost|p1a: Bonogoat|spa|1\n|-boost|p1a: Bonogoat|spd|1\n|\n|upkeep\n|turn|22\n|inactive|Ismvv has 30 seconds left.\n|\n|t:|1700571483\n|move|p2a: Purring Mask|Flower Trick|p1a: Bonogoat\n|-crit|p1a: Bonogoat\n|-damage|p1a: Bonogoat|0 fnt\n|faint|p1a: Bonogoat\n|\n|win|Zovafire\n|raw|Ismvv's rating: 1425 &rarr; <strong>1406<\/strong><br \/>(-19 for losing)\n|raw|Zovafire's rating: 1436 &rarr; <strong>1455<\/strong><br \/>(+19 for winning)\n|l|\u2606Ismvv\n","uploadtime":1700571549,"views":3,"p1id":"ismvv","p2id":"zovafire","formatid":"gen9ou","rating":1406,"private":0,"password":""}