{"id":"gen9ou-1999904266","p1":"ArayAlex","p2":"SpixxYT","format":"[Gen 9] OU","log":"|j|\u2606ArayAlex\n|j|\u2606SpixxYT\n|t:|1701128352\n|gametype|singles\n|player|p1|ArayAlex|102|1185\n|player|p2|SpixxYT|burnet|1100\n|teamsize|p1|6\n|teamsize|p2|6\n|gen|9\n|tier|[Gen 9] OU\n|rated|\n|rule|Sleep Clause Mod: Limit one foe put to sleep\n|rule|Species Clause: Limit one of each Pok\u00e9mon\n|rule|OHKO Clause: OHKO moves are banned\n|rule|Evasion Items Clause: Evasion items are banned\n|rule|Evasion Moves Clause: Evasion moves are banned\n|rule|Endless Battle Clause: Forcing endless battles is banned\n|rule|HP Percentage Mod: HP is shown in percentages\n|clearpoke\n|poke|p1|Alomomola, F|\n|poke|p1|Skeledirge, M|\n|poke|p1|Blissey, F|\n|poke|p1|Zapdos|\n|poke|p1|Great Tusk|\n|poke|p1|Amoonguss, M|\n|poke|p2|Ampharos, M|\n|poke|p2|Dragapult, F|\n|poke|p2|Mandibuzz, F|\n|poke|p2|Landorus-Therian, M|\n|poke|p2|Iron Valiant|\n|poke|p2|Alomomola, F|\n|teampreview\n|\n|t:|1701128382\n|start\n|switch|p1a: Zapdos|Zapdos|100\/100\n|switch|p2a: Landorus|Landorus-Therian, M|100\/100\n|-ability|p2a: Landorus|Intimidate|boost\n|-unboost|p1a: Zapdos|atk|1\n|turn|1\n|\n|t:|1701128396\n|switch|p1a: Alomomola|Alomomola, F|100\/100\n|move|p2a: Landorus|Stone Edge|p1a: Alomomola\n|-crit|p1a: Alomomola\n|-damage|p1a: Alomomola|68\/100\n|\n|upkeep\n|turn|2\n|\n|t:|1701128406\n|move|p2a: Landorus|Taunt|p1a: Alomomola\n|-start|p1a: Alomomola|move: Taunt\n|move|p1a: Alomomola|Scald|p2a: Landorus\n|-supereffective|p2a: Landorus\n|-damage|p2a: Landorus|70\/100\n|\n|-heal|p2a: Landorus|76\/100|[from] item: Leftovers\n|upkeep\n|turn|3\n|\n|t:|1701128415\n|move|p2a: Landorus|Stealth Rock|p1a: Alomomola\n|-sidestart|p1: ArayAlex|move: Stealth Rock\n|move|p1a: Alomomola|Scald|p2a: Landorus\n|-supereffective|p2a: Landorus\n|-damage|p2a: Landorus|48\/100\n|-status|p2a: Landorus|brn\n|\n|-heal|p2a: Landorus|54\/100 brn|[from] item: Leftovers\n|-damage|p2a: Landorus|48\/100 brn|[from] brn\n|upkeep\n|turn|4\n|\n|t:|1701128428\n|switch|p2a: Alomomola|Alomomola, F|100\/100\n|move|p1a: Alomomola|Scald|p2a: Alomomola\n|-resisted|p2a: Alomomola\n|-damage|p2a: Alomomola|95\/100\n|-status|p2a: Alomomola|brn\n|\n|-heal|p2a: Alomomola|100\/100 brn|[from] item: Leftovers\n|-damage|p2a: Alomomola|94\/100 brn|[from] brn\n|-end|p1a: Alomomola|move: Taunt\n|upkeep\n|turn|5\n|\n|t:|1701128443\n|move|p1a: Alomomola|Flip Turn|p2a: Alomomola\n|-resisted|p2a: Alomomola\n|-damage|p2a: Alomomola|89\/100 brn\n|\n|t:|1701128449\n|switch|p1a: Amoonguss|Amoonguss, M|100\/100|[from] Flip Turn\n|-damage|p1a: Amoonguss|88\/100|[from] Stealth Rock\n|move|p2a: Alomomola|Wish|p2a: Alomomola\n|\n|-heal|p2a: Alomomola|95\/100 brn|[from] item: Leftovers\n|-heal|p1a: Amoonguss|94\/100|[from] item: Black Sludge\n|-damage|p2a: Alomomola|89\/100 brn|[from] brn\n|upkeep\n|turn|6\n|\n|t:|1701128465\n|move|p2a: Alomomola|Flip Turn|p1a: Amoonguss\n|-resisted|p1a: Amoonguss\n|-damage|p1a: Amoonguss|90\/100\n|\n|t:|1701128469\n|switch|p2a: Landorus|Landorus-Therian, M|48\/100 brn|[from] Flip Turn\n|-ability|p2a: Landorus|Intimidate|boost\n|-unboost|p1a: Amoonguss|atk|1\n|move|p1a: Amoonguss|Giga Drain|p2a: Landorus\n|-damage|p2a: Landorus|20\/100 brn\n|-heal|p1a: Amoonguss|99\/100|[from] drain|[of] p2a: Landorus\n|\n|-heal|p2a: Landorus|100\/100 brn|[from] move: Wish|[wisher] Alomomola\n|-heal|p1a: Amoonguss|100\/100|[from] item: Black Sludge\n|-damage|p2a: Landorus|94\/100 brn|[from] brn\n|upkeep\n|turn|7\n|\n|t:|1701128488\n|switch|p1a: Skeledirge|Skeledirge, M|100\/100\n|-damage|p1a: Skeledirge|76\/100|[from] Stealth Rock\n|move|p2a: Landorus|Taunt|p1a: Skeledirge\n|-start|p1a: Skeledirge|move: Taunt\n|\n|-heal|p2a: Landorus|100\/100 brn|[from] item: Leftovers\n|-damage|p2a: Landorus|94\/100 brn|[from] brn\n|upkeep\n|turn|8\n|\n|t:|1701128499\n|move|p2a: Landorus|Earthquake|p1a: Skeledirge\n|-supereffective|p1a: Skeledirge\n|-damage|p1a: Skeledirge|44\/100\n|move|p1a: Skeledirge|Torch Song|p2a: Landorus\n|-damage|p2a: Landorus|59\/100 brn\n|-boost|p1a: Skeledirge|spa|1\n|-enditem|p1a: Skeledirge|Throat Spray\n|-boost|p1a: Skeledirge|spa|1|[from] item: Throat Spray\n|\n|-heal|p2a: Landorus|65\/100 brn|[from] item: Leftovers\n|-damage|p2a: Landorus|59\/100 brn|[from] brn\n|upkeep\n|turn|9\n|\n|t:|1701128514\n|-terastallize|p1a: Skeledirge|Water\n|move|p2a: Landorus|Earthquake|p1a: Skeledirge\n|-damage|p1a: Skeledirge|28\/100\n|move|p1a: Skeledirge|Hex|p2a: Landorus\n|-damage|p2a: Landorus|0 fnt\n|faint|p2a: Landorus\n|\n|-end|p1a: Skeledirge|move: Taunt\n|upkeep\n|\n|t:|1701128523\n|switch|p2a: Dragapult|Dragapult, F|100\/100\n|turn|10\n|\n|t:|1701128539\n|switch|p1a: Blissey|Blissey, F|100\/100\n|-damage|p1a: Blissey|88\/100|[from] Stealth Rock\n|move|p2a: Dragapult|Shadow Ball|p1a: Blissey\n|-immune|p1a: Blissey\n|\n|-heal|p1a: Blissey|94\/100|[from] item: Leftovers\n|upkeep\n|turn|11\n|\n|t:|1701128552\n|switch|p2a: Mandibuzz|Mandibuzz, F|100\/100\n|move|p1a: Blissey|Dazzling Gleam|p2a: Mandibuzz\n|-supereffective|p2a: Mandibuzz\n|-damage|p2a: Mandibuzz|76\/100\n|\n|-heal|p2a: Mandibuzz|83\/100|[from] item: Leftovers\n|-heal|p1a: Blissey|99\/100|[from] item: Leftovers\n|upkeep\n|turn|12\n|\n|t:|1701128573\n|switch|p1a: Alomomola|Alomomola, F|100\/100\n|-damage|p1a: Alomomola|88\/100|[from] Stealth Rock\n|move|p2a: Mandibuzz|Iron Defense|p2a: Mandibuzz\n|-boost|p2a: Mandibuzz|def|2\n|\n|-heal|p2a: Mandibuzz|89\/100|[from] item: Leftovers\n|upkeep\n|turn|13\n|\n|t:|1701128584\n|move|p2a: Mandibuzz|Iron Defense|p2a: Mandibuzz\n|-boost|p2a: Mandibuzz|def|2\n|move|p1a: Alomomola|Wish|p1a: Alomomola\n|\n|-heal|p2a: Mandibuzz|95\/100|[from] item: Leftovers\n|upkeep\n|turn|14\n|\n|t:|1701128602\n|move|p2a: Mandibuzz|Iron Defense|p2a: Mandibuzz\n|-boost|p2a: Mandibuzz|def|2\n|move|p1a: Alomomola|Flip Turn|p2a: Mandibuzz\n|-damage|p2a: Mandibuzz|92\/100\n|\n|t:|1701128609\n|switch|p1a: Skeledirge|Skeledirge, M, tera:Water|28\/100|[from] Flip Turn\n|-damage|p1a: Skeledirge|16\/100|[from] Stealth Rock\n|\n|-heal|p1a: Skeledirge|81\/100|[from] move: Wish|[wisher] Alomomola\n|-heal|p2a: Mandibuzz|98\/100|[from] item: Leftovers\n|upkeep\n|turn|15\n|\n|t:|1701128621\n|move|p2a: Mandibuzz|Foul Play|p1a: Skeledirge\n|-damage|p1a: Skeledirge|69\/100\n|move|p1a: Skeledirge|Will-O-Wisp|p2a: Mandibuzz\n|-status|p2a: Mandibuzz|brn\n|\n|-heal|p2a: Mandibuzz|100\/100 brn|[from] item: Leftovers\n|-damage|p2a: Mandibuzz|94\/100 brn|[from] brn\n|upkeep\n|turn|16\n|\n|t:|1701128632\n|move|p2a: Mandibuzz|Foul Play|p1a: Skeledirge\n|-damage|p1a: Skeledirge|63\/100\n|move|p1a: Skeledirge|Torch Song|p2a: Mandibuzz\n|-damage|p2a: Mandibuzz|78\/100 brn\n|-boost|p1a: Skeledirge|spa|1\n|\n|-heal|p2a: Mandibuzz|84\/100 brn|[from] item: Leftovers\n|-damage|p2a: Mandibuzz|78\/100 brn|[from] brn\n|upkeep\n|turn|17\n|\n|t:|1701128644\n|move|p2a: Mandibuzz|Foul Play|p1a: Skeledirge\n|-damage|p1a: Skeledirge|57\/100\n|move|p1a: Skeledirge|Torch Song|p2a: Mandibuzz\n|-damage|p2a: Mandibuzz|50\/100 brn\n|-boost|p1a: Skeledirge|spa|1\n|\n|-heal|p2a: Mandibuzz|56\/100 brn|[from] item: Leftovers\n|-damage|p2a: Mandibuzz|50\/100 brn|[from] brn\n|upkeep\n|turn|18\n|\n|t:|1701128656\n|move|p2a: Mandibuzz|Roost|p2a: Mandibuzz\n|-heal|p2a: Mandibuzz|99\/100 brn\n|-singleturn|p2a: Mandibuzz|move: Roost\n|move|p1a: Skeledirge|Slack Off|p1a: Skeledirge\n|-heal|p1a: Skeledirge|100\/100\n|\n|-heal|p2a: Mandibuzz|100\/100 brn|[from] item: Leftovers\n|-damage|p2a: Mandibuzz|94\/100 brn|[from] brn\n|upkeep\n|turn|19\n|\n|t:|1701128666\n|move|p2a: Mandibuzz|Foul Play|p1a: Skeledirge\n|-damage|p1a: Skeledirge|94\/100\n|move|p1a: Skeledirge|Torch Song|p2a: Mandibuzz\n|-damage|p2a: Mandibuzz|55\/100 brn\n|-boost|p1a: Skeledirge|spa|1\n|\n|-heal|p2a: Mandibuzz|62\/100 brn|[from] item: Leftovers\n|-damage|p2a: Mandibuzz|55\/100 brn|[from] brn\n|upkeep\n|turn|20\n|\n|t:|1701128677\n|move|p2a: Mandibuzz|Foul Play|p1a: Skeledirge\n|-damage|p1a: Skeledirge|88\/100\n|move|p1a: Skeledirge|Hex|p2a: Mandibuzz\n|-resisted|p2a: Mandibuzz\n|-damage|p2a: Mandibuzz|17\/100 brn\n|\n|-heal|p2a: Mandibuzz|23\/100 brn|[from] item: Leftovers\n|-damage|p2a: Mandibuzz|17\/100 brn|[from] brn\n|upkeep\n|turn|21\n|\n|t:|1701128688\n|move|p2a: Mandibuzz|Foul Play|p1a: Skeledirge\n|-damage|p1a: Skeledirge|83\/100\n|move|p1a: Skeledirge|Torch Song|p2a: Mandibuzz\n|-damage|p2a: Mandibuzz|0 fnt\n|-boost|p1a: Skeledirge|spa|1\n|faint|p2a: Mandibuzz\n|\n|upkeep\n|\n|t:|1701128690\n|switch|p2a: Iron Valiant|Iron Valiant|100\/100\n|turn|22\n|\n|t:|1701128710\n|switch|p1a: Great Tusk|Great Tusk|100\/100\n|-terastallize|p2a: Iron Valiant|Grass\n|move|p2a: Iron Valiant|Energy Ball|p1a: Great Tusk\n|-supereffective|p1a: Great Tusk\n|-damage|p1a: Great Tusk|0 fnt\n|faint|p1a: Great Tusk\n|-end|p1a: Great Tusk|Protosynthesis|[silent]\n|\n|upkeep\n|\n|t:|1701128726\n|switch|p1a: Blissey|Blissey, F|99\/100\n|-damage|p1a: Blissey|88\/100|[from] Stealth Rock\n|turn|23\n|\n|t:|1701128740\n|-end|p2a: Iron Valiant|Quark Drive|[silent]\n|switch|p2a: Alomomola|Alomomola, F|89\/100 brn\n|move|p1a: Blissey|Ice Beam|p2a: Alomomola\n|-resisted|p2a: Alomomola\n|-damage|p2a: Alomomola|80\/100 brn\n|\n|-heal|p1a: Blissey|94\/100|[from] item: Leftovers\n|-heal|p2a: Alomomola|86\/100 brn|[from] item: Leftovers\n|-damage|p2a: Alomomola|80\/100 brn|[from] brn\n|upkeep\n|turn|24\n|\n|t:|1701128761\n|switch|p1a: Zapdos|Zapdos|100\/100\n|-damage|p1a: Zapdos|76\/100|[from] Stealth Rock\n|move|p2a: Alomomola|Wish|p2a: Alomomola\n|\n|-heal|p2a: Alomomola|86\/100 brn|[from] item: Leftovers\n|-damage|p2a: Alomomola|80\/100 brn|[from] brn\n|upkeep\n|turn|25\n|\n|t:|1701128783\n|move|p1a: Zapdos|Thunderbolt|p2a: Alomomola\n|-supereffective|p2a: Alomomola\n|-damage|p2a: Alomomola|0 fnt\n|faint|p2a: Alomomola\n|-damage|p1a: Zapdos|66\/100|[from] item: Life Orb\n|\n|upkeep\n|\n|t:|1701128789\n|switch|p2a: Ampharos|Ampharos, M|100\/100\n|turn|26\n|\n|t:|1701128807\n|switch|p1a: Blissey|Blissey, F|94\/100\n|-damage|p1a: Blissey|82\/100|[from] Stealth Rock\n|move|p2a: Ampharos|Agility|p2a: Ampharos\n|-boost|p2a: Ampharos|spe|2\n|\n|-heal|p1a: Blissey|88\/100|[from] item: Leftovers\n|upkeep\n|turn|27\n|\n|t:|1701128821\n|move|p2a: Ampharos|Thunderbolt|p1a: Blissey\n|-damage|p1a: Blissey|67\/100\n|-damage|p2a: Ampharos|91\/100|[from] item: Life Orb\n|move|p1a: Blissey|Stealth Rock|p2a: Ampharos\n|-sidestart|p2: SpixxYT|move: Stealth Rock\n|\n|-heal|p1a: Blissey|73\/100|[from] item: Leftovers\n|upkeep\n|turn|28\n|\n|t:|1701128837\n|move|p2a: Ampharos|Thunderbolt|p1a: Blissey\n|-crit|p1a: Blissey\n|-damage|p1a: Blissey|43\/100\n|-damage|p2a: Ampharos|81\/100|[from] item: Life Orb\n|move|p1a: Blissey|Soft-Boiled|p1a: Blissey\n|-heal|p1a: Blissey|93\/100\n|\n|-heal|p1a: Blissey|99\/100|[from] item: Leftovers\n|upkeep\n|turn|29\n|\n|t:|1701128849\n|move|p2a: Ampharos|Thunderbolt|p1a: Blissey\n|-damage|p1a: Blissey|80\/100\n|-damage|p2a: Ampharos|71\/100|[from] item: Life Orb\n|move|p1a: Blissey|Ice Beam|p2a: Ampharos\n|-damage|p2a: Ampharos|48\/100\n|\n|-heal|p1a: Blissey|86\/100|[from] item: Leftovers\n|upkeep\n|turn|30\n|\n|t:|1701128863\n|move|p2a: Ampharos|Thunderbolt|p1a: Blissey\n|-damage|p1a: Blissey|67\/100\n|-damage|p2a: Ampharos|38\/100|[from] item: Life Orb\n|move|p1a: Blissey|Ice Beam|p2a: Ampharos\n|-damage|p2a: Ampharos|16\/100\n|\n|-heal|p1a: Blissey|73\/100|[from] item: Leftovers\n|upkeep\n|turn|31\n|\n|t:|1701128878\n|move|p2a: Ampharos|Thunderbolt|p1a: Blissey\n|-crit|p1a: Blissey\n|-damage|p1a: Blissey|42\/100\n|-damage|p2a: Ampharos|6\/100|[from] item: Life Orb\n|move|p1a: Blissey|Soft-Boiled|p1a: Blissey\n|-heal|p1a: Blissey|92\/100\n|\n|-heal|p1a: Blissey|98\/100|[from] item: Leftovers\n|upkeep\n|turn|32\n|-message|SpixxYT forfeited.\n|\n|win|ArayAlex\n|raw|ArayAlex's rating: 1185 &rarr; <strong>1204<\/strong><br \/>(+19 for winning)\n|raw|SpixxYT's rating: 1100 &rarr; <strong>1081<\/strong><br \/>(-19 for losing)\n|l|\u2606SpixxYT\n","uploadtime":1701128904,"views":13,"p1id":"arayalex","p2id":"spixxyt","formatid":"gen9ou","rating":1081,"private":0,"password":""}