{"id":"gen9ou-1991341536","p1":"Gabry06","p2":"Sviqma","format":"[Gen 9] OU","log":"|j|\u2606Gabry06\n|j|\u2606Sviqma\n|t:|1700069103\n|gametype|singles\n|player|p1|Gabry06|acetrainer-gen4dp|1352\n|player|p2|Sviqma|byron|1332\n|teamsize|p1|6\n|teamsize|p2|6\n|gen|9\n|tier|[Gen 9] OU\n|rated|\n|rule|Sleep Clause Mod: Limit one foe put to sleep\n|rule|Species Clause: Limit one of each Pok\u00e9mon\n|rule|OHKO Clause: OHKO moves are banned\n|rule|Evasion Items Clause: Evasion items are banned\n|rule|Evasion Moves Clause: Evasion moves are banned\n|rule|Endless Battle Clause: Forcing endless battles is banned\n|rule|HP Percentage Mod: HP is shown in percentages\n|clearpoke\n|poke|p1|Walking Wake|\n|poke|p1|Torkoal, F|\n|poke|p1|Moltres|\n|poke|p1|Meowscarada, F|\n|poke|p1|Great Tusk|\n|poke|p1|Ribombee, M|\n|poke|p2|Ting-Lu|\n|poke|p2|Gholdengo|\n|poke|p2|Toxapex, F|\n|poke|p2|Dragonite, M|\n|poke|p2|Iron Valiant|\n|poke|p2|Great Tusk|\n|teampreview\n|inactive|Battle timer is ON: inactive players will automatically lose when time's up. (requested by Sviqma)\n|\n|t:|1700069118\n|start\n|switch|p1a: Ribombee|Ribombee, M|100\/100\n|switch|p2a: Toxapex|Toxapex, F|100\/100\n|turn|1\n|\n|t:|1700069124\n|switch|p1a: Torkoal|Torkoal, F|100\/100\n|-weather|SunnyDay|[from] ability: Drought|[of] p1a: Torkoal\n|move|p2a: Toxapex|Poison Jab|p1a: Torkoal\n|-damage|p1a: Torkoal|86\/100\n|\n|-weather|SunnyDay|[upkeep]\n|upkeep\n|turn|2\n|\n|t:|1700069144\n|move|p2a: Toxapex|Infestation|p1a: Torkoal\n|-resisted|p1a: Torkoal\n|-damage|p1a: Torkoal|85\/100\n|-activate|p1a: Torkoal|move: Infestation|[of] p2a: Toxapex\n|move|p1a: Torkoal|Yawn|p2a: Toxapex\n|-start|p2a: Toxapex|move: Yawn|[of] p1a: Torkoal\n|\n|-weather|SunnyDay|[upkeep]\n|-damage|p1a: Torkoal|73\/100|[from] move: Infestation|[partiallytrapped]\n|upkeep\n|turn|3\n|\n|t:|1700069159\n|move|p2a: Toxapex|Poison Jab|p1a: Torkoal\n|-damage|p1a: Torkoal|58\/100\n|move|p1a: Torkoal|Rapid Spin|p2a: Toxapex\n|-damage|p2a: Toxapex|93\/100\n|-boost|p1a: Torkoal|spe|1\n|-end|p1a: Torkoal|Infestation|[partiallytrapped]\n|\n|-weather|SunnyDay|[upkeep]\n|-end|p2a: Toxapex|move: Yawn|[silent]\n|-status|p2a: Toxapex|slp\n|upkeep\n|turn|4\n|inactive|Gabry06 has 120 seconds left.\n|\n|t:|1700069176\n|switch|p1a: Ribombee|Ribombee, M|100\/100\n|cant|p2a: Toxapex|slp\n|\n|-weather|SunnyDay|[upkeep]\n|upkeep\n|turn|5\n|\n|t:|1700069185\n|move|p1a: Ribombee|Sticky Web|p2a: Toxapex\n|-sidestart|p2: Sviqma|move: Sticky Web\n|cant|p2a: Toxapex|slp\n|\n|-weather|SunnyDay|[upkeep]\n|upkeep\n|turn|6\n|inactive|Gabry06 has 120 seconds left.\n|\n|t:|1700069201\n|switch|p1a: Moltres|Moltres|100\/100\n|-curestatus|p2a: Toxapex|slp|[msg]\n|move|p2a: Toxapex|Poison Jab|p1a: Moltres\n|-damage|p1a: Moltres|83\/100\n|-status|p2a: Toxapex|brn|[from] ability: Flame Body|[of] p1a: Moltres\n|\n|-weather|SunnyDay|[upkeep]\n|-heal|p1a: Moltres|89\/100|[from] item: Leftovers\n|-damage|p2a: Toxapex|87\/100 brn|[from] brn\n|upkeep\n|turn|7\n|inactive|Gabry06 has 120 seconds left.\n|\n|t:|1700069218\n|move|p1a: Moltres|Air Slash|p2a: Toxapex\n|-damage|p2a: Toxapex|63\/100 brn\n|move|p2a: Toxapex|Poison Jab|p1a: Moltres\n|-damage|p1a: Moltres|81\/100\n|-status|p1a: Moltres|psn\n|\n|-weather|SunnyDay|[upkeep]\n|-heal|p1a: Moltres|87\/100 psn|[from] item: Leftovers\n|-damage|p1a: Moltres|75\/100 psn|[from] psn\n|-damage|p2a: Toxapex|57\/100 brn|[from] brn\n|upkeep\n|turn|8\n|inactive|Gabry06 has 120 seconds left.\n|\n|t:|1700069230\n|move|p1a: Moltres|Fire Spin|p2a: Toxapex\n|-resisted|p2a: Toxapex\n|-damage|p2a: Toxapex|49\/100 brn\n|-activate|p2a: Toxapex|move: Fire Spin|[of] p1a: Moltres\n|move|p2a: Toxapex|Recover|p2a: Toxapex\n|-heal|p2a: Toxapex|99\/100 brn\n|\n|-weather|none\n|-heal|p1a: Moltres|81\/100 psn|[from] item: Leftovers\n|-damage|p1a: Moltres|68\/100 psn|[from] psn\n|-damage|p2a: Toxapex|93\/100 brn|[from] brn\n|-damage|p2a: Toxapex|80\/100 brn|[from] move: Fire Spin|[partiallytrapped]\n|upkeep\n|turn|9\n|inactive|Gabry06 has 120 seconds left.\n|\n|t:|1700069243\n|move|p1a: Moltres|Air Slash|p2a: Toxapex\n|-damage|p2a: Toxapex|57\/100 brn\n|move|p2a: Toxapex|Infestation|p1a: Moltres\n|-resisted|p1a: Moltres\n|-damage|p1a: Moltres|68\/100 psn\n|-activate|p1a: Moltres|move: Infestation|[of] p2a: Toxapex\n|\n|-heal|p1a: Moltres|74\/100 psn|[from] item: Leftovers\n|-damage|p1a: Moltres|62\/100 psn|[from] psn\n|-damage|p2a: Toxapex|51\/100 brn|[from] brn\n|-damage|p1a: Moltres|49\/100 psn|[from] move: Infestation|[partiallytrapped]\n|-damage|p2a: Toxapex|39\/100 brn|[from] move: Fire Spin|[partiallytrapped]\n|upkeep\n|turn|10\n|inactive|Gabry06 has 120 seconds left.\n|\n|t:|1700069256\n|move|p1a: Moltres|Air Slash|p2a: Toxapex\n|-damage|p2a: Toxapex|18\/100 brn\n|move|p2a: Toxapex|Recover|p2a: Toxapex\n|-heal|p2a: Toxapex|68\/100 brn\n|\n|-heal|p1a: Moltres|55\/100 psn|[from] item: Leftovers\n|-damage|p1a: Moltres|43\/100 psn|[from] psn\n|-damage|p2a: Toxapex|62\/100 brn|[from] brn\n|-damage|p1a: Moltres|30\/100 psn|[from] move: Infestation|[partiallytrapped]\n|-damage|p2a: Toxapex|49\/100 brn|[from] move: Fire Spin|[partiallytrapped]\n|upkeep\n|turn|11\n|inactive|Gabry06 has 120 seconds left.\n|\n|t:|1700069268\n|move|p1a: Moltres|Roost|p1a: Moltres\n|-heal|p1a: Moltres|80\/100 psn\n|-singleturn|p1a: Moltres|move: Roost\n|move|p2a: Toxapex|Recover|p2a: Toxapex\n|-heal|p2a: Toxapex|99\/100 brn\n|\n|-heal|p1a: Moltres|87\/100 psn|[from] item: Leftovers\n|-damage|p1a: Moltres|74\/100 psn|[from] psn\n|-damage|p2a: Toxapex|93\/100 brn|[from] brn\n|-damage|p1a: Moltres|62\/100 psn|[from] move: Infestation|[partiallytrapped]\n|-damage|p2a: Toxapex|80\/100 brn|[from] move: Fire Spin|[partiallytrapped]\n|upkeep\n|turn|12\n|inactive|Gabry06 has 120 seconds left.\n|\n|t:|1700069282\n|move|p1a: Moltres|Air Slash|p2a: Toxapex\n|-damage|p2a: Toxapex|59\/100 brn\n|cant|p2a: Toxapex|flinch\n|\n|-heal|p1a: Moltres|68\/100 psn|[from] item: Leftovers\n|-damage|p1a: Moltres|55\/100 psn|[from] psn\n|-damage|p2a: Toxapex|53\/100 brn|[from] brn\n|-damage|p1a: Moltres|43\/100 psn|[from] move: Infestation|[partiallytrapped]\n|-end|p2a: Toxapex|Fire Spin|[partiallytrapped]\n|upkeep\n|turn|13\n|inactive|Gabry06 has 120 seconds left.\n|\n|t:|1700069296\n|switch|p2a: Ting-Lu|Ting-Lu|100\/100\n|-activate|p2a: Ting-Lu|move: Sticky Web\n|-unboost|p2a: Ting-Lu|spe|1\n|-ability|p2a: Ting-Lu|Vessel of Ruin\n|move|p1a: Moltres|Roost|p1a: Moltres\n|-heal|p1a: Moltres|93\/100 psn\n|-singleturn|p1a: Moltres|move: Roost\n|\n|-heal|p1a: Moltres|99\/100 psn|[from] item: Leftovers\n|-damage|p1a: Moltres|87\/100 psn|[from] psn\n|-end|p1a: Moltres|Infestation|[partiallytrapped]\n|upkeep\n|turn|14\n|inactive|Gabry06 has 120 seconds left.\n|\n|t:|1700069310\n|switch|p1a: Meowscarada|Meowscarada, F|100\/100\n|move|p2a: Ting-Lu|Stealth Rock|p1a: Meowscarada\n|-sidestart|p1: Gabry06|move: Stealth Rock\n|\n|upkeep\n|turn|15\n|inactive|Gabry06 has 120 seconds left.\n|\n|t:|1700069321\n|move|p1a: Meowscarada|U-turn|p2a: Ting-Lu\n|-start|p1a: Meowscarada|typechange|Bug|[from] ability: Protean\n|-supereffective|p2a: Ting-Lu\n|-damage|p2a: Ting-Lu|50\/100\n|inactive|Gabry06 has 120 seconds left.\n|\n|t:|1700069333\n|switch|p1a: Torkoal|Torkoal, F|58\/100|[from] U-turn\n|-damage|p1a: Torkoal|33\/100|[from] Stealth Rock\n|-weather|SunnyDay|[from] ability: Drought|[of] p1a: Torkoal\n|move|p2a: Ting-Lu|Spikes|p1a: Torkoal\n|-sidestart|p1: Gabry06|Spikes\n|\n|-weather|SunnyDay|[upkeep]\n|-heal|p2a: Ting-Lu|56\/100|[from] item: Leftovers\n|upkeep\n|turn|16\n|inactive|Gabry06 has 120 seconds left.\n|\n|t:|1700069344\n|switch|p2a: Gholdengo|Gholdengo|100\/100\n|-item|p2a: Gholdengo|Air Balloon\n|move|p1a: Torkoal|Overheat|p2a: Gholdengo\n|-supereffective|p2a: Gholdengo\n|-damage|p2a: Gholdengo|0 fnt\n|-unboost|p1a: Torkoal|spa|2\n|-enditem|p2a: Gholdengo|Air Balloon\n|faint|p2a: Gholdengo\n|\n|-weather|SunnyDay|[upkeep]\n|upkeep\n|\n|t:|1700069358\n|switch|p2a: Great Tusk|Great Tusk|100\/100\n|-activate|p2a: Great Tusk|move: Sticky Web\n|-unboost|p2a: Great Tusk|spe|1\n|-activate|p2a: Great Tusk|ability: Protosynthesis\n|-start|p2a: Great Tusk|protosynthesisdef\n|turn|17\n|\n|t:|1700069368\n|move|p2a: Great Tusk|Rapid Spin|p1a: Torkoal\n|-damage|p1a: Torkoal|22\/100\n|-boost|p2a: Great Tusk|spe|1\n|-sideend|p2: Sviqma|Sticky Web|[from] move: Rapid Spin|[of] p2a: Great Tusk\n|move|p1a: Torkoal|Rapid Spin|p2a: Great Tusk\n|-damage|p2a: Great Tusk|96\/100\n|-boost|p1a: Torkoal|spe|1\n|-sideend|p1: Gabry06|Spikes|[from] move: Rapid Spin|[of] p1a: Torkoal\n|-sideend|p1: Gabry06|Stealth Rock|[from] move: Rapid Spin|[of] p1a: Torkoal\n|\n|-weather|SunnyDay|[upkeep]\n|-heal|p2a: Great Tusk|100\/100|[from] item: Leftovers\n|upkeep\n|turn|18\n|\n|t:|1700069379\n|switch|p1a: Ribombee|Ribombee, M|100\/100\n|move|p2a: Great Tusk|Rapid Spin|p1a: Ribombee\n|-damage|p1a: Ribombee|72\/100\n|-boost|p2a: Great Tusk|spe|1\n|\n|-weather|SunnyDay|[upkeep]\n|upkeep\n|turn|19\n|inactive|Gabry06 has 120 seconds left.\n|\n|t:|1700069395\n|-terastallize|p2a: Great Tusk|Poison\n|move|p2a: Great Tusk|Rapid Spin|p1a: Ribombee\n|-damage|p1a: Ribombee|44\/100\n|-boost|p2a: Great Tusk|spe|1\n|move|p1a: Ribombee|Stun Spore|p2a: Great Tusk|[miss]\n|-miss|p1a: Ribombee|p2a: Great Tusk\n|\n|-weather|SunnyDay|[upkeep]\n|upkeep\n|turn|20\n|inactive|Gabry06 has 120 seconds left.\n|\n|t:|1700069417\n|move|p2a: Great Tusk|Rapid Spin|p1a: Ribombee\n|-damage|p1a: Ribombee|15\/100\n|-boost|p2a: Great Tusk|spe|1\n|move|p1a: Ribombee|Stun Spore|p2a: Great Tusk\n|-status|p2a: Great Tusk|par\n|\n|-weather|SunnyDay|[upkeep]\n|upkeep\n|turn|21\n|\n|t:|1700069427\n|move|p1a: Ribombee|Moonblast|p2a: Great Tusk\n|-resisted|p2a: Great Tusk\n|-damage|p2a: Great Tusk|75\/100 par\n|move|p2a: Great Tusk|Rapid Spin|p1a: Ribombee\n|-damage|p1a: Ribombee|0 fnt\n|-boost|p2a: Great Tusk|spe|1\n|faint|p1a: Ribombee\n|\n|-weather|SunnyDay|[upkeep]\n|-heal|p2a: Great Tusk|81\/100 par|[from] item: Leftovers\n|upkeep\n|\n|t:|1700069438\n|switch|p1a: Walking Wake|Walking Wake|100\/100\n|-activate|p1a: Walking Wake|ability: Protosynthesis\n|-start|p1a: Walking Wake|protosynthesisspe\n|turn|22\n|\n|t:|1700069447\n|move|p1a: Walking Wake|Draco Meteor|p2a: Great Tusk\n|-damage|p2a: Great Tusk|0 fnt\n|-unboost|p1a: Walking Wake|spa|2\n|faint|p2a: Great Tusk\n|-end|p2a: Great Tusk|Protosynthesis|[silent]\n|\n|-weather|none\n|-end|p1a: Walking Wake|Protosynthesis\n|upkeep\n|\n|t:|1700069463\n|switch|p2a: Ting-Lu|Ting-Lu|56\/100\n|-ability|p2a: Ting-Lu|Vessel of Ruin\n|turn|23\n|\n|t:|1700069470\n|-end|p1a: Walking Wake|Protosynthesis|[silent]\n|switch|p1a: Torkoal|Torkoal, F|22\/100\n|-weather|SunnyDay|[from] ability: Drought|[of] p1a: Torkoal\n|move|p2a: Ting-Lu|Stealth Rock|p1a: Torkoal\n|-sidestart|p1: Gabry06|move: Stealth Rock\n|\n|-weather|SunnyDay|[upkeep]\n|-heal|p2a: Ting-Lu|62\/100|[from] item: Leftovers\n|upkeep\n|turn|24\n|\n|t:|1700069484\n|move|p1a: Torkoal|Yawn|p2a: Ting-Lu\n|-start|p2a: Ting-Lu|move: Yawn|[of] p1a: Torkoal\n|move|p2a: Ting-Lu|Whirlwind|p1a: Torkoal\n|drag|p1a: Meowscarada|Meowscarada, F|100\/100\n|-damage|p1a: Meowscarada|88\/100|[from] Stealth Rock\n|\n|-weather|SunnyDay|[upkeep]\n|-heal|p2a: Ting-Lu|69\/100|[from] item: Leftovers\n|upkeep\n|turn|25\n|inactive|Gabry06 has 120 seconds left.\n|\n|t:|1700069504\n|switch|p2a: Toxapex|Toxapex, F|86\/100 brn\n|move|p1a: Meowscarada|U-turn|p2a: Toxapex\n|-start|p1a: Meowscarada|typechange|Bug|[from] ability: Protean\n|-resisted|p2a: Toxapex\n|-damage|p2a: Toxapex|66\/100 brn\n|\n|t:|1700069517\n|switch|p1a: Great Tusk|Great Tusk|100\/100|[from] U-turn\n|-damage|p1a: Great Tusk|98\/100|[from] Stealth Rock\n|-activate|p1a: Great Tusk|ability: Protosynthesis\n|-start|p1a: Great Tusk|protosynthesisatk\n|\n|-weather|SunnyDay|[upkeep]\n|-damage|p2a: Toxapex|60\/100 brn|[from] brn\n|upkeep\n|turn|26\n|\n|t:|1700069528\n|move|p1a: Great Tusk|Rapid Spin|p2a: Toxapex\n|-damage|p2a: Toxapex|40\/100 brn\n|-boost|p1a: Great Tusk|spe|1\n|-sideend|p1: Gabry06|Stealth Rock|[from] move: Rapid Spin|[of] p1a: Great Tusk\n|move|p2a: Toxapex|Poison Jab|p1a: Great Tusk\n|-resisted|p1a: Great Tusk\n|-damage|p1a: Great Tusk|95\/100\n|-status|p1a: Great Tusk|psn\n|\n|-weather|SunnyDay|[upkeep]\n|-damage|p1a: Great Tusk|82\/100 psn|[from] psn\n|-damage|p2a: Toxapex|33\/100 brn|[from] brn\n|upkeep\n|turn|27\n|\n|t:|1700069542\n|switch|p2a: Dragonite|Dragonite, M|100\/100\n|move|p1a: Great Tusk|Rapid Spin|p2a: Dragonite\n|-damage|p2a: Dragonite|87\/100\n|-boost|p1a: Great Tusk|spe|1\n|\n|-weather|SunnyDay|[upkeep]\n|-damage|p1a: Great Tusk|70\/100 psn|[from] psn\n|upkeep\n|turn|28\n|\n|t:|1700069554\n|switch|p2a: Toxapex|Toxapex, F|67\/100 brn\n|-terastallize|p1a: Great Tusk|Steel\n|move|p1a: Great Tusk|Ice Spinner|p2a: Toxapex\n|-resisted|p2a: Toxapex\n|-damage|p2a: Toxapex|52\/100 brn\n|\n|-weather|SunnyDay|[upkeep]\n|-damage|p1a: Great Tusk|57\/100 psn|[from] psn\n|-damage|p2a: Toxapex|46\/100 brn|[from] brn\n|upkeep\n|turn|29\n|\n|t:|1700069576\n|move|p1a: Great Tusk|Rapid Spin|p2a: Toxapex\n|-damage|p2a: Toxapex|27\/100 brn\n|-boost|p1a: Great Tusk|spe|1\n|move|p2a: Toxapex|Recover|p2a: Toxapex\n|-heal|p2a: Toxapex|77\/100 brn\n|\n|-weather|SunnyDay|[upkeep]\n|-damage|p1a: Great Tusk|45\/100 psn|[from] psn\n|-damage|p2a: Toxapex|71\/100 brn|[from] brn\n|upkeep\n|turn|30\n|\n|t:|1700069591\n|switch|p2a: Dragonite|Dragonite, M|87\/100\n|move|p1a: Great Tusk|Close Combat|p2a: Dragonite\n|-resisted|p2a: Dragonite\n|-damage|p2a: Dragonite|41\/100\n|-unboost|p1a: Great Tusk|def|1\n|-unboost|p1a: Great Tusk|spd|1\n|\n|-weather|none\n|-end|p1a: Great Tusk|Protosynthesis\n|-damage|p1a: Great Tusk|33\/100 psn|[from] psn\n|upkeep\n|turn|31\n|\n|t:|1700069606\n|move|p1a: Great Tusk|Ice Spinner|p2a: Dragonite\n|-supereffective|p2a: Dragonite\n|-damage|p2a: Dragonite|0 fnt\n|faint|p2a: Dragonite\n|\n|-damage|p1a: Great Tusk|20\/100 psn|[from] psn\n|upkeep\n|\n|t:|1700069611\n|switch|p2a: Toxapex|Toxapex, F|100\/100 brn\n|turn|32\n|\n|t:|1700069615\n|move|p1a: Great Tusk|Headlong Rush|p2a: Toxapex\n|-supereffective|p2a: Toxapex\n|-damage|p2a: Toxapex|0 fnt\n|-unboost|p1a: Great Tusk|def|1\n|-unboost|p1a: Great Tusk|spd|1\n|faint|p2a: Toxapex\n|\n|-damage|p1a: Great Tusk|8\/100 psn|[from] psn\n|upkeep\n|c|\u2606Sviqma|lol\n|c|\u2606Sviqma|wtf is that tusk set\n|\n|t:|1700069627\n|switch|p2a: Ting-Lu|Ting-Lu|69\/100\n|-ability|p2a: Ting-Lu|Vessel of Ruin\n|turn|33\n|\n|t:|1700069632\n|move|p1a: Great Tusk|Headlong Rush|p2a: Ting-Lu\n|-damage|p2a: Ting-Lu|28\/100\n|-unboost|p1a: Great Tusk|def|1\n|-unboost|p1a: Great Tusk|spd|1\n|move|p2a: Ting-Lu|Stealth Rock|p1a: Great Tusk\n|-sidestart|p1: Gabry06|move: Stealth Rock\n|\n|-heal|p2a: Ting-Lu|34\/100|[from] item: Leftovers\n|-damage|p1a: Great Tusk|0 fnt|[from] psn\n|faint|p1a: Great Tusk\n|-end|p1a: Great Tusk|Protosynthesis|[silent]\n|upkeep\n|inactive|Gabry06 has 120 seconds left.\n|\n|t:|1700069644\n|switch|p1a: Torkoal|Torkoal, F|22\/100\n|-damage|p1a: Torkoal|0 fnt|[from] Stealth Rock\n|faint|p1a: Torkoal\n|inactive|Gabry06 has 120 seconds left.\n|\n|t:|1700069657\n|switch|p1a: Walking Wake|Walking Wake|100\/100\n|-damage|p1a: Walking Wake|88\/100|[from] Stealth Rock\n|turn|34\n|inactive|Gabry06 has 120 seconds left.\n|\n|t:|1700069666\n|move|p1a: Walking Wake|Substitute|p1a: Walking Wake\n|-start|p1a: Walking Wake|Substitute\n|-damage|p1a: Walking Wake|63\/100\n|move|p2a: Ting-Lu|Whirlwind|p1a: Walking Wake\n|-end|p1a: Walking Wake|Protosynthesis|[silent]\n|drag|p1a: Meowscarada|Meowscarada, F|88\/100\n|-damage|p1a: Meowscarada|76\/100|[from] Stealth Rock\n|\n|-heal|p2a: Ting-Lu|41\/100|[from] item: Leftovers\n|upkeep\n|turn|35\n|inactive|Gabry06 has 120 seconds left.\n|\n|t:|1700069676\n|move|p1a: Meowscarada|Play Rough|p2a: Ting-Lu\n|-start|p1a: Meowscarada|typechange|Fairy|[from] ability: Protean\n|-supereffective|p2a: Ting-Lu\n|-damage|p2a: Ting-Lu|0 fnt\n|faint|p2a: Ting-Lu\n|\n|upkeep\n|\n|t:|1700069679\n|switch|p2a: Iron Valiant|Iron Valiant|100\/100\n|turn|36\n|\n|t:|1700069690\n|move|p1a: Meowscarada|Play Rough|p2a: Iron Valiant\n|-supereffective|p2a: Iron Valiant\n|-damage|p2a: Iron Valiant|0 fnt\n|faint|p2a: Iron Valiant\n|-end|p2a: Iron Valiant|Quark Drive|[silent]\n|\n|win|Gabry06\n|raw|Gabry06's rating: 1352 &rarr; <strong>1371<\/strong><br \/>(+19 for winning)\n|raw|Sviqma's rating: 1332 &rarr; <strong>1313<\/strong><br \/>(-19 for losing)\n|l|\u2606Sviqma\n","uploadtime":1700069700,"views":6,"p1id":"gabry06","p2id":"sviqma","formatid":"gen9ou","rating":1313,"private":0,"password":""}