{"id":"gen9ou-1992046856","p1":"BirbGuyMan","p2":"DiaDreams","format":"[Gen 9] OU","log":"|j|\u2606BirbGuyMan\n|j|\u2606DiaDreams\n|t:|1700150612\n|gametype|singles\n|player|p1|BirbGuyMan|265|1124\n|player|p2|DiaDreams|yellow|1144\n|teamsize|p1|6\n|teamsize|p2|6\n|gen|9\n|tier|[Gen 9] OU\n|rated|\n|rule|Sleep Clause Mod: Limit one foe put to sleep\n|rule|Species Clause: Limit one of each Pok\u00e9mon\n|rule|OHKO Clause: OHKO moves are banned\n|rule|Evasion Items Clause: Evasion items are banned\n|rule|Evasion Moves Clause: Evasion moves are banned\n|rule|Endless Battle Clause: Forcing endless battles is banned\n|rule|HP Percentage Mod: HP is shown in percentages\n|clearpoke\n|poke|p1|Sneasler, M|\n|poke|p1|Heatran, M|\n|poke|p1|Walking Wake|\n|poke|p1|Zapdos|\n|poke|p1|Great Tusk|\n|poke|p1|Ninetales-Alola, M|\n|poke|p2|Kommo-o, F|\n|poke|p2|Jirachi|\n|poke|p2|Slowking-Galar, F|\n|poke|p2|Ting-Lu|\n|poke|p2|Toxapex, F|\n|poke|p2|Dragonite, F|\n|teampreview\n|\n|t:|1700150632\n|start\n|switch|p1a: Gliscor-T|Great Tusk|100\/100\n|switch|p2a: Jirachi|Jirachi, shiny|100\/100\n|turn|1\n|\n|t:|1700150640\n|move|p2a: Jirachi|Trick|p1a: Gliscor-T\n|-activate|p2a: Jirachi|move: Trick|[of] p1a: Gliscor-T\n|-item|p1a: Gliscor-T|Choice Scarf|[from] move: Trick\n|-item|p2a: Jirachi|Leftovers|[from] move: Trick\n|move|p1a: Gliscor-T|Knock Off|p2a: Jirachi\n|-supereffective|p2a: Jirachi\n|-damage|p2a: Jirachi|56\/100\n|-enditem|p2a: Jirachi|Leftovers|[from] move: Knock Off|[of] p1a: Gliscor-T\n|\n|upkeep\n|turn|2\n|\n|t:|1700150658\n|-end|p1a: Gliscor-T|Protosynthesis|[silent]\n|switch|p1a: Hummingbird|Zapdos, shiny|100\/100\n|move|p2a: Jirachi|Stealth Rock|p1a: Hummingbird\n|-sidestart|p1: BirbGuyMan|move: Stealth Rock\n|\n|upkeep\n|turn|3\n|\n|t:|1700150674\n|move|p1a: Hummingbird|Discharge|p2a: Jirachi\n|-damage|p2a: Jirachi|34\/100\n|move|p2a: Jirachi|Iron Head|p1a: Hummingbird\n|-resisted|p1a: Hummingbird\n|-damage|p1a: Hummingbird|90\/100\n|-status|p2a: Jirachi|par|[from] ability: Static|[of] p1a: Hummingbird\n|\n|upkeep\n|turn|4\n|\n|t:|1700150689\n|switch|p2a: Ting-Lu|Ting-Lu|100\/100\n|-ability|p2a: Ting-Lu|Vessel of Ruin\n|move|p1a: Hummingbird|Discharge|p2a: Ting-Lu\n|-immune|p2a: Ting-Lu\n|\n|upkeep\n|turn|5\n|\n|t:|1700150722\n|move|p1a: Hummingbird|Hurricane|p2a: Ting-Lu\n|-damage|p2a: Ting-Lu|82\/100\n|move|p2a: Ting-Lu|Ruination|p1a: Hummingbird\n|-damage|p1a: Hummingbird|45\/100\n|\n|-heal|p2a: Ting-Lu|88\/100|[from] item: Leftovers\n|upkeep\n|turn|6\n|\n|t:|1700150739\n|move|p1a: Hummingbird|Roost|p1a: Hummingbird\n|-heal|p1a: Hummingbird|95\/100\n|-singleturn|p1a: Hummingbird|move: Roost\n|move|p2a: Ting-Lu|Whirlwind|p1a: Hummingbird\n|drag|p1a: Roach|Heatran, M|100\/100\n|-damage|p1a: Roach|88\/100|[from] Stealth Rock\n|\n|-heal|p1a: Roach|94\/100|[from] item: Leftovers\n|-heal|p2a: Ting-Lu|95\/100|[from] item: Leftovers\n|upkeep\n|turn|7\n|\n|t:|1700150750\n|move|p1a: Roach|Protect|p1a: Roach\n|-singleturn|p1a: Roach|Protect\n|move|p2a: Ting-Lu|Earthquake|p1a: Roach\n|-activate|p1a: Roach|move: Protect\n|\n|-heal|p1a: Roach|100\/100|[from] item: Leftovers\n|-heal|p2a: Ting-Lu|100\/100|[from] item: Leftovers\n|upkeep\n|turn|8\n|\n|t:|1700150764\n|-terastallize|p1a: Roach|Flying\n|move|p1a: Roach|Magma Storm|p2a: Ting-Lu\n|-damage|p2a: Ting-Lu|81\/100\n|-activate|p2a: Ting-Lu|move: Magma Storm|[of] p1a: Roach\n|move|p2a: Ting-Lu|Ruination|p1a: Roach\n|-damage|p1a: Roach|50\/100\n|\n|-heal|p1a: Roach|57\/100|[from] item: Leftovers\n|-heal|p2a: Ting-Lu|87\/100|[from] item: Leftovers\n|-damage|p2a: Ting-Lu|75\/100|[from] move: Magma Storm|[partiallytrapped]\n|upkeep\n|turn|9\n|\n|t:|1700150787\n|move|p1a: Roach|Protect|p1a: Roach\n|-singleturn|p1a: Roach|Protect\n|move|p2a: Ting-Lu|Whirlwind|p1a: Roach\n|drag|p1a: Walter|Walking Wake|100\/100\n|-damage|p1a: Walter|88\/100|[from] Stealth Rock\n|-enditem|p1a: Walter|Booster Energy\n|-activate|p1a: Walter|ability: Protosynthesis|[fromitem]\n|-start|p1a: Walter|protosynthesisspa\n|\n|-heal|p2a: Ting-Lu|81\/100|[from] item: Leftovers\n|-end|p2a: Ting-Lu|Magma Storm|[partiallytrapped]|[silent]\n|upkeep\n|turn|10\n|\n|t:|1700150797\n|switch|p2a: Toxapex|Toxapex, F|100\/100\n|move|p1a: Walter|Hydro Steam|p2a: Toxapex\n|-resisted|p2a: Toxapex\n|-damage|p2a: Toxapex|76\/100\n|\n|-heal|p2a: Toxapex|82\/100|[from] item: Black Sludge\n|upkeep\n|turn|11\n|\n|t:|1700150832\n|-end|p1a: Walter|Protosynthesis|[silent]\n|switch|p1a: Onceler|Sneasler, M|100\/100\n|-damage|p1a: Onceler|95\/100|[from] Stealth Rock\n|move|p2a: Toxapex|Toxic|p1a: Onceler\n|-immune|p1a: Onceler\n|\n|-heal|p2a: Toxapex|88\/100|[from] item: Black Sludge\n|upkeep\n|turn|12\n|\n|t:|1700150844\n|move|p2a: Toxapex|Protect|p2a: Toxapex\n|-singleturn|p2a: Toxapex|Protect\n|move|p1a: Onceler|Swords Dance|p1a: Onceler\n|-boost|p1a: Onceler|atk|2\n|\n|-heal|p2a: Toxapex|95\/100|[from] item: Black Sludge\n|upkeep\n|turn|13\n|\n|t:|1700150856\n|switch|p2a: Jirachi|Jirachi, shiny|34\/100 par\n|move|p1a: Onceler|Dire Claw|p2a: Jirachi\n|-immune|p2a: Jirachi\n|\n|upkeep\n|turn|14\n|\n|t:|1700150868\n|switch|p1a: Ninetales|Ninetales-Alola, M|100\/100\n|-damage|p1a: Ninetales|76\/100|[from] Stealth Rock\n|-weather|Snow|[from] ability: Snow Warning|[of] p1a: Ninetales\n|move|p2a: Jirachi|Body Slam|p1a: Ninetales\n|-damage|p1a: Ninetales|58\/100\n|-status|p1a: Ninetales|par\n|\n|-weather|Snow|[upkeep]\n|upkeep\n|turn|15\n|\n|t:|1700150875\n|cant|p1a: Ninetales|par\n|move|p2a: Jirachi|Iron Head|p1a: Ninetales\n|-supereffective|p1a: Ninetales\n|-damage|p1a: Ninetales|0 fnt\n|faint|p1a: Ninetales\n|\n|-weather|Snow|[upkeep]\n|upkeep\n|\n|t:|1700150882\n|switch|p1a: Roach|Heatran, M, tera:Flying|57\/100\n|-damage|p1a: Roach|32\/100|[from] Stealth Rock\n|turn|16\n|\n|t:|1700150887\n|move|p1a: Roach|Protect|p1a: Roach\n|-singleturn|p1a: Roach|Protect\n|cant|p2a: Jirachi|par\n|\n|-weather|Snow|[upkeep]\n|-heal|p1a: Roach|38\/100|[from] item: Leftovers\n|upkeep\n|turn|17\n|\n|t:|1700150899\n|switch|p2a: Toxapex|Toxapex, F|100\/100\n|move|p1a: Roach|Earth Power|p2a: Toxapex\n|-supereffective|p2a: Toxapex\n|-crit|p2a: Toxapex\n|-damage|p2a: Toxapex|33\/100\n|\n|-weather|Snow|[upkeep]\n|-heal|p1a: Roach|44\/100|[from] item: Leftovers\n|-heal|p2a: Toxapex|40\/100|[from] item: Black Sludge\n|upkeep\n|turn|18\n|\n|t:|1700150907\n|move|p1a: Roach|Protect|p1a: Roach\n|-singleturn|p1a: Roach|Protect\n|move|p2a: Toxapex|Protect||[still]\n|-fail|p2a: Toxapex\n|\n|-weather|none\n|-heal|p1a: Roach|50\/100|[from] item: Leftovers\n|-heal|p2a: Toxapex|46\/100|[from] item: Black Sludge\n|upkeep\n|turn|19\n|\n|t:|1700150916\n|move|p2a: Toxapex|Protect|p2a: Toxapex\n|-singleturn|p2a: Toxapex|Protect\n|move|p1a: Roach|Will-O-Wisp|p2a: Toxapex\n|-activate|p2a: Toxapex|move: Protect\n|\n|-heal|p1a: Roach|57\/100|[from] item: Leftovers\n|-heal|p2a: Toxapex|52\/100|[from] item: Black Sludge\n|upkeep\n|turn|20\n|\n|t:|1700150930\n|switch|p2a: Jirachi|Jirachi, shiny|34\/100 par\n|move|p1a: Roach|Magma Storm|p2a: Jirachi\n|-supereffective|p2a: Jirachi\n|-crit|p2a: Jirachi\n|-damage|p2a: Jirachi|0 fnt\n|faint|p2a: Jirachi\n|\n|-heal|p1a: Roach|63\/100|[from] item: Leftovers\n|upkeep\n|\n|t:|1700150937\n|switch|p2a: Slowking|Slowking-Galar, F|100\/100\n|turn|21\n|\n|t:|1700150945\n|move|p1a: Roach|Protect|p1a: Roach\n|-singleturn|p1a: Roach|Protect\n|move|p2a: Slowking|Future Sight|p1a: Roach\n|-start|p2a: Slowking|move: Future Sight\n|\n|-heal|p1a: Roach|69\/100|[from] item: Leftovers\n|upkeep\n|turn|22\n|\n|t:|1700150954\n|move|p1a: Roach|Will-O-Wisp|p2a: Slowking|[miss]\n|-miss|p1a: Roach|p2a: Slowking\n|move|p2a: Slowking|Ice Beam|p1a: Roach\n|-supereffective|p1a: Roach\n|-damage|p1a: Roach|38\/100\n|\n|-heal|p1a: Roach|44\/100|[from] item: Leftovers\n|upkeep\n|turn|23\n|\n|t:|1700150990\n|move|p1a: Roach|Protect|p1a: Roach\n|-singleturn|p1a: Roach|Protect\n|move|p2a: Slowking|Chilly Reception|p2a: Slowking\n|-weather|Snow\n|\n|t:|1700150997\n|switch|p2a: Ting-Lu|Ting-Lu|81\/100|[from] Chilly Reception\n|-ability|p2a: Ting-Lu|Vessel of Ruin\n|\n|-weather|Snow|[upkeep]\n|-end|p1a: Roach|move: Future Sight\n|-damage|p1a: Roach|22\/100\n|-heal|p1a: Roach|28\/100|[from] item: Leftovers\n|-heal|p2a: Ting-Lu|87\/100|[from] item: Leftovers\n|upkeep\n|turn|24\n|\n|t:|1700151010\n|move|p1a: Roach|Will-O-Wisp|p2a: Ting-Lu\n|-status|p2a: Ting-Lu|brn\n|move|p2a: Ting-Lu|Whirlwind|p1a: Roach\n|drag|p1a: Gliscor-T|Great Tusk|100\/100\n|-damage|p1a: Gliscor-T|98\/100|[from] Stealth Rock\n|\n|-weather|Snow|[upkeep]\n|-heal|p2a: Ting-Lu|94\/100 brn|[from] item: Leftovers\n|-damage|p2a: Ting-Lu|87\/100 brn|[from] brn\n|upkeep\n|turn|25\n|\n|t:|1700151016\n|move|p1a: Gliscor-T|Rapid Spin|p2a: Ting-Lu\n|-damage|p2a: Ting-Lu|80\/100 brn\n|-boost|p1a: Gliscor-T|spe|1\n|-sideend|p1: BirbGuyMan|Stealth Rock|[from] move: Rapid Spin|[of] p1a: Gliscor-T\n|move|p2a: Ting-Lu|Whirlwind|p1a: Gliscor-T\n|-end|p1a: Gliscor-T|Protosynthesis|[silent]\n|drag|p1a: Hummingbird|Zapdos, shiny|95\/100\n|\n|-weather|Snow|[upkeep]\n|-heal|p2a: Ting-Lu|86\/100 brn|[from] item: Leftovers\n|-damage|p2a: Ting-Lu|80\/100 brn|[from] brn\n|upkeep\n|turn|26\n|\n|t:|1700151025\n|move|p1a: Hummingbird|Hurricane|p2a: Ting-Lu\n|-damage|p2a: Ting-Lu|62\/100 brn\n|move|p2a: Ting-Lu|Ruination|p1a: Hummingbird\n|-damage|p1a: Hummingbird|48\/100\n|\n|-weather|Snow|[upkeep]\n|-heal|p2a: Ting-Lu|68\/100 brn|[from] item: Leftovers\n|-damage|p2a: Ting-Lu|62\/100 brn|[from] brn\n|upkeep\n|turn|27\n|inactive|Battle timer is ON: inactive players will automatically lose when time's up. (requested by DiaDreams)\n|\n|t:|1700151049\n|switch|p1a: Walter|Walking Wake|88\/100\n|move|p2a: Ting-Lu|Whirlwind|p1a: Walter\n|-end|p1a: Walter|Protosynthesis|[silent]\n|drag|p1a: Roach|Heatran, M, tera:Flying|28\/100\n|\n|-weather|none\n|-heal|p1a: Roach|34\/100|[from] item: Leftovers\n|-heal|p2a: Ting-Lu|68\/100 brn|[from] item: Leftovers\n|-damage|p2a: Ting-Lu|62\/100 brn|[from] brn\n|upkeep\n|turn|28\n|\n|t:|1700151057\n|move|p1a: Roach|Protect|p1a: Roach\n|-singleturn|p1a: Roach|Protect\n|move|p2a: Ting-Lu|Whirlwind|p1a: Roach\n|drag|p1a: Walter|Walking Wake|88\/100\n|\n|-heal|p2a: Ting-Lu|68\/100 brn|[from] item: Leftovers\n|-damage|p2a: Ting-Lu|62\/100 brn|[from] brn\n|upkeep\n|turn|29\n|\n|t:|1700151068\n|move|p1a: Walter|Hydro Steam|p2a: Ting-Lu\n|-supereffective|p2a: Ting-Lu\n|-damage|p2a: Ting-Lu|27\/100 brn\n|move|p2a: Ting-Lu|Ruination|p1a: Walter\n|-damage|p1a: Walter|44\/100\n|\n|-heal|p2a: Ting-Lu|33\/100 brn|[from] item: Leftovers\n|-damage|p2a: Ting-Lu|27\/100 brn|[from] brn\n|upkeep\n|turn|30\n|\n|t:|1700151095\n|switch|p2a: Toxapex|Toxapex, F|85\/100\n|move|p1a: Walter|Dragon Pulse|p2a: Toxapex\n|-damage|p2a: Toxapex|43\/100\n|\n|-heal|p2a: Toxapex|49\/100|[from] item: Black Sludge\n|upkeep\n|turn|31\n|\n|t:|1700151102\n|-end|p1a: Walter|Protosynthesis|[silent]\n|switch|p1a: Onceler|Sneasler, M|95\/100\n|move|p2a: Toxapex|Recover|p2a: Toxapex\n|-heal|p2a: Toxapex|99\/100\n|\n|-heal|p2a: Toxapex|100\/100|[from] item: Black Sludge\n|upkeep\n|turn|32\n|\n|t:|1700151113\n|switch|p2a: Ting-Lu|Ting-Lu|27\/100 brn\n|-ability|p2a: Ting-Lu|Vessel of Ruin\n|move|p1a: Onceler|Swords Dance|p1a: Onceler\n|-boost|p1a: Onceler|atk|2\n|\n|-heal|p2a: Ting-Lu|33\/100 brn|[from] item: Leftovers\n|-damage|p2a: Ting-Lu|27\/100 brn|[from] brn\n|upkeep\n|turn|33\n|\n|t:|1700151123\n|move|p1a: Onceler|Close Combat|p2a: Ting-Lu\n|-supereffective|p2a: Ting-Lu\n|-damage|p2a: Ting-Lu|0 fnt\n|-unboost|p1a: Onceler|def|1\n|-unboost|p1a: Onceler|spd|1\n|-enditem|p1a: Onceler|White Herb\n|-clearnegativeboost|p1a: Onceler|[silent]\n|faint|p2a: Ting-Lu\n|\n|upkeep\n|\n|t:|1700151128\n|switch|p2a: Slowking|Slowking-Galar, F|100\/100\n|turn|34\n|\n|t:|1700151140\n|move|p1a: Onceler|Dire Claw|p2a: Slowking\n|-resisted|p2a: Slowking\n|-damage|p2a: Slowking|54\/100\n|-status|p2a: Slowking|par\n|cant|p2a: Slowking|par\n|\n|upkeep\n|turn|35\n|c|\u2606DiaDreams|sigh\n|c|\u2606DiaDreams|I love losing to dire claw\n|c|\u2606DiaDreams|fun\n|\n|t:|1700151161\n|move|p1a: Onceler|Acrobatics|p2a: Slowking\n|-damage|p2a: Slowking|0 fnt\n|faint|p2a: Slowking\n|\n|upkeep\n|-message|DiaDreams forfeited.\n|\n|win|BirbGuyMan\n|raw|BirbGuyMan's rating: 1124 &rarr; <strong>1150<\/strong><br \/>(+26 for winning)\n|raw|DiaDreams's rating: 1144 &rarr; <strong>1118<\/strong><br \/>(-26 for losing)\n|l|\u2606DiaDreams\n|c|\u2606BirbGuyMan|Sorry man\n|c|\u2606BirbGuyMan|First time the 50% mattered lol\n","uploadtime":1700151213,"views":8,"p1id":"birbguyman","p2id":"diadreams","formatid":"gen9ou","rating":1118,"private":0,"password":""}