{"id":"gen9ou-1996546821","p1":"boom moon","p2":"Vizsla_falconer","format":"[Gen 9] OU","log":"|j|\u2606boom moon\n|j|\u2606Vizsla_falconer\n|t:|1700692874\n|gametype|singles\n|player|p1|boom moon|101|1442\n|player|p2|Vizsla_falconer|169|1342\n|teamsize|p1|6\n|teamsize|p2|6\n|gen|9\n|tier|[Gen 9] OU\n|rated|\n|rule|Sleep Clause Mod: Limit one foe put to sleep\n|rule|Species Clause: Limit one of each Pok\u00e9mon\n|rule|OHKO Clause: OHKO moves are banned\n|rule|Evasion Items Clause: Evasion items are banned\n|rule|Evasion Moves Clause: Evasion moves are banned\n|rule|Endless Battle Clause: Forcing endless battles is banned\n|rule|HP Percentage Mod: HP is shown in percentages\n|clearpoke\n|poke|p1|Greninja-*, M|\n|poke|p1|Kommo-o, F|\n|poke|p1|Ceruledge, M|\n|poke|p1|Dragonite, M|\n|poke|p1|Breloom, F|\n|poke|p1|Maushold-Four|\n|poke|p2|Torkoal, F|\n|poke|p2|Walking Wake|\n|poke|p2|Scovillain, M|\n|poke|p2|Landorus-Therian, M|\n|poke|p2|Mimikyu, M|\n|poke|p2|Gholdengo|\n|teampreview\n|inactive|Battle timer is ON: inactive players will automatically lose when time's up. (requested by boom moon)\n|\n|t:|1700692888\n|start\n|switch|p1a: Dragonite|Dragonite, M|100\/100\n|switch|p2a: Torkoal|Torkoal, F|100\/100\n|-weather|SunnyDay|[from] ability: Drought|[of] p2a: Torkoal\n|turn|1\n|\n|t:|1700692896\n|move|p1a: Dragonite|Dragon Dance|p1a: Dragonite\n|-boost|p1a: Dragonite|atk|1\n|-boost|p1a: Dragonite|spe|1\n|move|p2a: Torkoal|Yawn|p1a: Dragonite\n|-start|p1a: Dragonite|move: Yawn|[of] p2a: Torkoal\n|\n|-weather|SunnyDay|[upkeep]\n|upkeep\n|turn|2\n|\n|t:|1700692904\n|switch|p2a: Landorus|Landorus-Therian, M|100\/100\n|-ability|p2a: Landorus|Intimidate|boost\n|-fail|p1a: Dragonite|unboost|Attack|[from] ability: Inner Focus|[of] p1a: Dragonite\n|move|p1a: Dragonite|Dragon Claw|p2a: Landorus\n|-damage|p2a: Landorus|37\/100\n|-damage|p1a: Dragonite|84\/100|[from] item: Rocky Helmet|[of] p2a: Landorus\n|\n|-weather|SunnyDay|[upkeep]\n|-end|p1a: Dragonite|move: Yawn|[silent]\n|-status|p1a: Dragonite|slp\n|upkeep\n|turn|3\n|\n|t:|1700692917\n|cant|p1a: Dragonite|slp\n|move|p2a: Landorus|U-turn|p1a: Dragonite\n|-resisted|p1a: Dragonite\n|-damage|p1a: Dragonite|73\/100 slp\n|\n|t:|1700692921\n|switch|p2a: Walking Wake|Walking Wake|100\/100|[from] U-turn\n|-activate|p2a: Walking Wake|ability: Protosynthesis\n|-start|p2a: Walking Wake|protosynthesisspa\n|\n|-weather|SunnyDay|[upkeep]\n|upkeep\n|turn|4\n|\n|t:|1700692934\n|-terastallize|p1a: Dragonite|Fire\n|cant|p1a: Dragonite|slp\n|move|p2a: Walking Wake|Agility|p2a: Walking Wake\n|-boost|p2a: Walking Wake|spe|2\n|\n|-weather|SunnyDay|[upkeep]\n|upkeep\n|turn|5\n|\n|t:|1700692944\n|move|p2a: Walking Wake|Hydro Steam|p1a: Dragonite\n|-supereffective|p1a: Dragonite\n|-damage|p1a: Dragonite|0 fnt\n|faint|p1a: Dragonite\n|-damage|p2a: Walking Wake|91\/100|[from] item: Life Orb\n|\n|-weather|SunnyDay|[upkeep]\n|upkeep\n|\n|t:|1700692957\n|switch|p1a: Breloom|Breloom, F, shiny|100\/100\n|turn|6\n|\n|t:|1700692965\n|move|p1a: Breloom|Mach Punch|p2a: Walking Wake\n|-damage|p2a: Walking Wake|55\/100\n|move|p2a: Walking Wake|Flamethrower|p1a: Breloom\n|-supereffective|p1a: Breloom\n|-damage|p1a: Breloom|0 fnt\n|faint|p1a: Breloom\n|-damage|p2a: Walking Wake|46\/100|[from] item: Life Orb\n|\n|-weather|SunnyDay|[upkeep]\n|upkeep\n|\n|t:|1700692977\n|switch|p1a: Ceruledge|Ceruledge, M|100\/100\n|turn|7\n|\n|t:|1700692987\n|switch|p1a: Maushold|Maushold-Four|100\/100\n|move|p2a: Walking Wake|Hydro Steam|p1a: Maushold\n|-damage|p1a: Maushold|0 fnt\n|faint|p1a: Maushold\n|-damage|p2a: Walking Wake|36\/100|[from] item: Life Orb\n|\n|-weather|SunnyDay|[upkeep]\n|upkeep\n|\n|t:|1700692998\n|switch|p1a: Kommo-o|Kommo-o, F|100\/100\n|turn|8\n|\n|t:|1700693004\n|move|p1a: Kommo-o|Vacuum Wave|p2a: Walking Wake\n|-damage|p2a: Walking Wake|14\/100\n|move|p2a: Walking Wake|Dragon Pulse|p1a: Kommo-o\n|-supereffective|p1a: Kommo-o\n|-damage|p1a: Kommo-o|0 fnt\n|faint|p1a: Kommo-o\n|-damage|p2a: Walking Wake|4\/100|[from] item: Life Orb\n|\n|-weather|none\n|-end|p2a: Walking Wake|Protosynthesis\n|upkeep\n|\n|t:|1700693012\n|switch|p1a: Greninja|Greninja, M|100\/100\n|turn|9\n|\n|t:|1700693027\n|move|p1a: Greninja|Water Shuriken|p2a: Walking Wake\n|-resisted|p2a: Walking Wake\n|-damage|p2a: Walking Wake|2\/100\n|-resisted|p2a: Walking Wake\n|-damage|p2a: Walking Wake|0 fnt\n|faint|p2a: Walking Wake\n|-end|p2a: Walking Wake|Protosynthesis|[silent]\n|-ability|p1a: Greninja|Battle Bond|boost\n|-boost|p1a: Greninja|atk|1\n|-boost|p1a: Greninja|spa|1\n|-boost|p1a: Greninja|spe|1\n|-activate|p1a: Greninja|ability: Battle Bond\n|-hitcount|p2: Walking Wake|2\n|\n|upkeep\n|\n|t:|1700693044\n|switch|p2a: Torkoal|Torkoal, F|100\/100\n|-weather|SunnyDay|[from] ability: Drought|[of] p2a: Torkoal\n|turn|10\n|\n|t:|1700693050\n|move|p1a: Greninja|Dark Pulse|p2a: Torkoal\n|-damage|p2a: Torkoal|19\/100\n|move|p2a: Torkoal|Yawn|p1a: Greninja\n|-start|p1a: Greninja|move: Yawn|[of] p2a: Torkoal\n|\n|-weather|SunnyDay|[upkeep]\n|upkeep\n|turn|11\n|\n|t:|1700693061\n|switch|p2a: Landorus|Landorus-Therian, M|37\/100\n|-ability|p2a: Landorus|Intimidate|boost\n|-unboost|p1a: Greninja|atk|1\n|move|p1a: Greninja|Dark Pulse|p2a: Landorus\n|-damage|p2a: Landorus|0 fnt\n|faint|p2a: Landorus\n|\n|-weather|SunnyDay|[upkeep]\n|-end|p1a: Greninja|move: Yawn|[silent]\n|-status|p1a: Greninja|slp\n|upkeep\n|inactive|Vizsla_falconer has 120 seconds left.\n|\n|t:|1700693087\n|switch|p2a: Scovillain|Scovillain, M|100\/100\n|turn|12\n|\n|t:|1700693115\n|cant|p1a: Greninja|slp\n|move|p2a: Scovillain|Growth|p2a: Scovillain\n|-boost|p2a: Scovillain|atk|2\n|-boost|p2a: Scovillain|spa|2\n|\n|-weather|SunnyDay|[upkeep]\n|upkeep\n|turn|13\n|inactive|Vizsla_falconer has 120 seconds left.\n|\n|t:|1700693140\n|cant|p1a: Greninja|slp\n|move|p2a: Scovillain|Solar Beam||[still]\n|-prepare|p2a: Scovillain|Solar Beam\n|-anim|p2a: Scovillain|Solar Beam|p1a: Greninja\n|-supereffective|p1a: Greninja\n|-damage|p1a: Greninja|0 fnt\n|faint|p1a: Greninja\n|-damage|p2a: Scovillain|91\/100|[from] item: Life Orb\n|\n|-weather|SunnyDay|[upkeep]\n|upkeep\n|\n|t:|1700693143\n|switch|p1a: Ceruledge|Ceruledge, M|100\/100\n|turn|14\n|inactive|Vizsla_falconer has 120 seconds left.\n|\n|t:|1700693154\n|move|p2a: Scovillain|Solar Beam||[still]\n|-prepare|p2a: Scovillain|Solar Beam\n|-anim|p2a: Scovillain|Solar Beam|p1a: Ceruledge\n|-resisted|p1a: Ceruledge\n|-damage|p1a: Ceruledge|7\/100\n|-damage|p2a: Scovillain|81\/100|[from] item: Life Orb\n|move|p1a: Ceruledge|Bitter Blade|p2a: Scovillain\n|-crit|p2a: Scovillain\n|-damage|p2a: Scovillain|0 fnt\n|-heal|p1a: Ceruledge|44\/100|[from] drain|[of] p2a: Scovillain\n|faint|p2a: Scovillain\n|\n|-weather|SunnyDay|[upkeep]\n|upkeep\n|\n|t:|1700693168\n|switch|p2a: Mimikyu|Mimikyu, M|100\/100\n|turn|15\n|\n|t:|1700693180\n|move|p2a: Mimikyu|Swords Dance|p2a: Mimikyu\n|-boost|p2a: Mimikyu|atk|2\n|move|p1a: Ceruledge|Bitter Blade|p2a: Mimikyu\n|-activate|p2a: Mimikyu|ability: Disguise\n|-damage|p2a: Mimikyu|100\/100\n|detailschange|p2a: Mimikyu|Mimikyu-Busted, M\n|-damage|p2a: Mimikyu|88\/100|[from] pokemon: Mimikyu-Busted\n|\n|-weather|SunnyDay|[upkeep]\n|upkeep\n|turn|16\n|\n|t:|1700693193\n|-terastallize|p2a: Mimikyu|Ghost\n|move|p2a: Mimikyu|Shadow Sneak|p1a: Ceruledge\n|-supereffective|p1a: Ceruledge\n|-damage|p1a: Ceruledge|0 fnt\n|faint|p1a: Ceruledge\n|-damage|p2a: Mimikyu|78\/100|[from] item: Life Orb\n|\n|win|Vizsla_falconer\n|raw|boom moon's rating: 1442 &rarr; <strong>1416<\/strong><br \/>(-26 for losing)\n|raw|Vizsla_falconer's rating: 1342 &rarr; <strong>1368<\/strong><br \/>(+26 for winning)\n|l|\u2606boom moon\n|c|\u2606Vizsla_falconer|Gg\n","uploadtime":1700693220,"views":17,"p1id":"boommoon","p2id":"vizslafalconer","formatid":"gen9ou","rating":1368,"private":0,"password":""}