{"id":"gen9ou-1991309229","p1":"PurifyingGhost","p2":"slayer 364","format":"[Gen 9] OU","log":"|j|\u2606PurifyingGhost\n|j|\u2606slayer 364\n|t:|1700066339\n|gametype|singles\n|player|p1|PurifyingGhost|raifort|1000\n|player|p2|slayer 364|2|1112\n|teamsize|p1|6\n|teamsize|p2|6\n|gen|9\n|tier|[Gen 9] OU\n|rated|\n|rule|Sleep Clause Mod: Limit one foe put to sleep\n|rule|Species Clause: Limit one of each Pok\u00e9mon\n|rule|OHKO Clause: OHKO moves are banned\n|rule|Evasion Items Clause: Evasion items are banned\n|rule|Evasion Moves Clause: Evasion moves are banned\n|rule|Endless Battle Clause: Forcing endless battles is banned\n|rule|HP Percentage Mod: HP is shown in percentages\n|clearpoke\n|poke|p1|Zoroark-Hisui, F|\n|poke|p1|Garganacl, F|\n|poke|p1|Cinderace, M|\n|poke|p1|Corviknight, F|\n|poke|p1|Clodsire, F|\n|poke|p1|Dragonite, M|\n|poke|p2|Dragapult, M|\n|poke|p2|Greninja-*, M|\n|poke|p2|Garganacl, F|\n|poke|p2|Ribombee, M|\n|poke|p2|Sneasler, M|\n|poke|p2|Quaquaval, M|\n|teampreview\n|c|\u2606PurifyingGhost|Glhf\n|inactive|Battle timer is ON: inactive players will automatically lose when time's up. (requested by slayer 364)\n|\n|t:|1700066372\n|start\n|switch|p1a: Garganacl|Garganacl, F|100\/100\n|switch|p2a: Ribombee|Ribombee, M|100\/100\n|turn|1\n|\n|t:|1700066380\n|move|p2a: Ribombee|Trick|p1a: Garganacl\n|-activate|p2a: Ribombee|move: Trick|[of] p1a: Garganacl\n|-item|p1a: Garganacl|Choice Scarf|[from] move: Trick\n|-item|p2a: Ribombee|Choice Specs|[from] move: Trick\n|move|p1a: Garganacl|Flamethrower|p2a: Ribombee\n|-supereffective|p2a: Ribombee\n|-damage|p2a: Ribombee|0 fnt\n|faint|p2a: Ribombee\n|\n|upkeep\n|\n|t:|1700066389\n|switch|p2a: Quaquaval|Quaquaval, M|100\/100\n|turn|2\n|\n|t:|1700066395\n|switch|p1a: Corviknight|Corviknight, F|100\/100\n|-ability|p1a: Corviknight|Pressure\n|move|p2a: Quaquaval|Aqua Step|p1a: Corviknight\n|-damage|p1a: Corviknight|68\/100\n|-boost|p2a: Quaquaval|spe|1\n|-damage|p2a: Quaquaval|84\/100|[from] item: Rocky Helmet|[of] p1a: Corviknight\n|-damage|p2a: Quaquaval|74\/100|[from] item: Life Orb\n|\n|upkeep\n|turn|3\n|\n|t:|1700066404\n|move|p2a: Quaquaval|Close Combat|p1a: Corviknight\n|-damage|p1a: Corviknight|18\/100\n|-unboost|p2a: Quaquaval|def|1\n|-unboost|p2a: Quaquaval|spd|1\n|-damage|p2a: Quaquaval|58\/100|[from] item: Rocky Helmet|[of] p1a: Corviknight\n|-damage|p2a: Quaquaval|48\/100|[from] item: Life Orb\n|move|p1a: Corviknight|U-turn|p2a: Quaquaval\n|-resisted|p2a: Quaquaval\n|-damage|p2a: Quaquaval|34\/100\n|\n|t:|1700066411\n|switch|p1a: Garganacl|Garganacl, F|100\/100|[from] U-turn\n|\n|upkeep\n|turn|4\n|\n|t:|1700066416\n|move|p1a: Garganacl|Shadow Ball|p2a: Quaquaval\n|-damage|p2a: Quaquaval|0 fnt\n|faint|p2a: Quaquaval\n|\n|upkeep\n|\n|t:|1700066421\n|switch|p2a: Greninja|Greninja, M|100\/100\n|turn|5\n|\n|t:|1700066433\n|switch|p1a: Clodsire|Clodsire, F|100\/100\n|move|p2a: Greninja|Ice Beam|p1a: Clodsire\n|-supereffective|p1a: Clodsire\n|-damage|p1a: Clodsire|64\/100\n|-status|p1a: Clodsire|frz\n|-damage|p2a: Greninja|91\/100|[from] item: Life Orb\n|\n|-heal|p1a: Clodsire|70\/100 frz|[from] item: Black Sludge\n|upkeep\n|turn|6\n|\n|t:|1700066444\n|move|p2a: Greninja|Ice Beam|p1a: Clodsire\n|-supereffective|p1a: Clodsire\n|-damage|p1a: Clodsire|35\/100 frz\n|-damage|p2a: Greninja|81\/100|[from] item: Life Orb\n|cant|p1a: Clodsire|frz\n|\n|-heal|p1a: Clodsire|41\/100 frz|[from] item: Black Sludge\n|upkeep\n|turn|7\n|\n|t:|1700066450\n|move|p2a: Greninja|Ice Beam|p1a: Clodsire\n|-supereffective|p1a: Clodsire\n|-damage|p1a: Clodsire|0 fnt\n|faint|p1a: Clodsire\n|-ability|p2a: Greninja|Battle Bond|boost\n|-boost|p2a: Greninja|atk|1\n|-boost|p2a: Greninja|spa|1\n|-boost|p2a: Greninja|spe|1\n|-activate|p2a: Greninja|ability: Battle Bond\n|-damage|p2a: Greninja|71\/100|[from] item: Life Orb\n|\n|upkeep\n|\n|t:|1700066457\n|switch|p1a: Garganacl|Garganacl, F|100\/100\n|turn|8\n|\n|t:|1700066461\n|-terastallize|p1a: Garganacl|Water\n|move|p2a: Greninja|Surf|p1a: Garganacl\n|-resisted|p1a: Garganacl\n|-damage|p1a: Garganacl|70\/100\n|-damage|p2a: Greninja|61\/100|[from] item: Life Orb\n|move|p1a: Garganacl|Salt Cure|p2a: Greninja\n|-damage|p2a: Greninja|36\/100\n|-start|p2a: Greninja|Salt Cure\n|\n|-heal|p1a: Garganacl|76\/100|[from] item: Leftovers\n|-damage|p2a: Greninja|11\/100|[from] Salt Cure\n|upkeep\n|turn|9\n|\n|t:|1700066471\n|move|p2a: Greninja|Dark Pulse|p1a: Garganacl\n|-damage|p1a: Garganacl|15\/100\n|-damage|p2a: Greninja|1\/100|[from] item: Life Orb\n|move|p1a: Garganacl|Recover|p1a: Garganacl\n|-heal|p1a: Garganacl|65\/100\n|\n|-heal|p1a: Garganacl|72\/100|[from] item: Leftovers\n|-damage|p2a: Greninja|0 fnt|[from] Salt Cure\n|faint|p2a: Greninja\n|upkeep\n|\n|t:|1700066475\n|switch|p2a: Dragapult|Dragapult, M|100\/100\n|turn|10\n|\n|t:|1700066480\n|switch|p1a: Corviknight|Corviknight, F|18\/100\n|-ability|p1a: Corviknight|Pressure\n|move|p2a: Dragapult|Dragon Dance|p2a: Dragapult\n|-boost|p2a: Dragapult|atk|1\n|-boost|p2a: Dragapult|spe|1\n|\n|upkeep\n|turn|11\n|\n|t:|1700066485\n|move|p2a: Dragapult|Dragon Darts|p1a: Corviknight\n|-resisted|p1a: Corviknight\n|-damage|p1a: Corviknight|2\/100\n|-anim|p2a: Dragapult|Dragon Darts|p1a: Corviknight\n|-resisted|p1a: Corviknight\n|-damage|p1a: Corviknight|0 fnt\n|faint|p1a: Corviknight\n|-damage|p2a: Dragapult|91\/100|[from] item: Life Orb\n|\n|upkeep\n|\n|t:|1700066510\n|switch|p1a: Garganacl|Garganacl, F|100\/100\n|-start|p1a: Garganacl|typechange|Water|[silent]\n|turn|12\n|\n|t:|1700066516\n|move|p2a: Dragapult|Dragon Dance|p2a: Dragapult\n|-boost|p2a: Dragapult|atk|1\n|-boost|p2a: Dragapult|spe|1\n|move|p1a: Garganacl|Shadow Ball|p2a: Dragapult\n|-supereffective|p2a: Dragapult\n|-damage|p2a: Dragapult|0 fnt\n|faint|p2a: Dragapult\n|\n|upkeep\n|\n|t:|1700066522\n|switch|p2a: Sneasler|Sneasler, M|100\/100\n|turn|13\n|\n|t:|1700066524\n|move|p1a: Garganacl|Shadow Ball|p2a: Sneasler\n|-damage|p2a: Sneasler|49\/100\n|move|p2a: Sneasler|Trailblaze|p1a: Garganacl\n|-damage|p1a: Garganacl|53\/100\n|-boost|p2a: Sneasler|spe|1\n|replace|p1a: Zoroark|Zoroark-Hisui, F\n|-end|p1a: Zoroark|Illusion\n|-status|p1a: Zoroark|psn|[from] ability: Poison Touch|[of] p2a: Sneasler\n|-damage|p2a: Sneasler|39\/100|[from] item: Life Orb\n|\n|-damage|p1a: Zoroark|40\/100 psn|[from] psn\n|upkeep\n|turn|14\n|\n|t:|1700066531\n|move|p2a: Sneasler|Trailblaze|p1a: Zoroark\n|-damage|p1a: Zoroark|0 fnt\n|-boost|p2a: Sneasler|spe|1\n|faint|p1a: Zoroark\n|-damage|p2a: Sneasler|29\/100|[from] item: Life Orb\n|\n|upkeep\n|\n|t:|1700066537\n|switch|p1a: Dragonite|Dragonite, M|100\/100\n|turn|15\n|\n|t:|1700066540\n|move|p2a: Sneasler|Dire Claw|p1a: Dragonite\n|-damage|p1a: Dragonite|73\/100\n|-status|p1a: Dragonite|psn|[from] ability: Poison Touch|[of] p2a: Sneasler\n|-damage|p2a: Sneasler|19\/100|[from] item: Life Orb\n|move|p1a: Dragonite|Dragon Dance|p1a: Dragonite\n|-boost|p1a: Dragonite|atk|1\n|-boost|p1a: Dragonite|spe|1\n|\n|-damage|p1a: Dragonite|61\/100 psn|[from] psn\n|upkeep\n|turn|16\n|\n|t:|1700066543\n|move|p1a: Dragonite|Extreme Speed|p2a: Sneasler\n|-damage|p2a: Sneasler|0 fnt\n|faint|p2a: Sneasler\n|\n|-damage|p1a: Dragonite|48\/100 psn|[from] psn\n|upkeep\n|\n|t:|1700066545\n|switch|p2a: Garganacl|Garganacl, F|100\/100\n|turn|17\n|\n|t:|1700066549\n|move|p1a: Dragonite|Earthquake|p2a: Garganacl\n|-supereffective|p2a: Garganacl\n|-damage|p2a: Garganacl|27\/100\n|move|p2a: Garganacl|Iron Defense|p2a: Garganacl\n|-boost|p2a: Garganacl|def|2\n|\n|-heal|p2a: Garganacl|33\/100|[from] item: Leftovers\n|-damage|p1a: Dragonite|36\/100 psn|[from] psn\n|upkeep\n|turn|18\n|\n|t:|1700066551\n|move|p1a: Dragonite|Earthquake|p2a: Garganacl\n|-supereffective|p2a: Garganacl\n|-damage|p2a: Garganacl|0 fnt\n|faint|p2a: Garganacl\n|\n|win|PurifyingGhost\n|raw|PurifyingGhost's rating: 1000 &rarr; <strong>1052<\/strong><br \/>(+52 for winning)\n|raw|slayer 364's rating: 1112 &rarr; <strong>1079<\/strong><br \/>(-33 for losing)\n|c|\u2606slayer 364|gg\n|c|\u2606PurifyingGhost|Gg\n|l|\u2606slayer 364\n","uploadtime":1700066783,"views":6,"p1id":"purifyingghost","p2id":"slayer364","formatid":"gen9ou","rating":1052,"private":0,"password":""}