{"id":"gen9ou-1996629911","p1":"Tonyster","p2":"halaman95","format":"[Gen 9] OU","log":"|j|\u2606Tonyster\n|j|\u203dhalaman95\n|t:|1700702674\n|gametype|singles\n|player|p1|Tonyster|169|1680\n|player|p2|halaman95|101|1684\n|teamsize|p1|6\n|teamsize|p2|6\n|gen|9\n|tier|[Gen 9] OU\n|rated|\n|rule|Sleep Clause Mod: Limit one foe put to sleep\n|rule|Species Clause: Limit one of each Pok\u00e9mon\n|rule|OHKO Clause: OHKO moves are banned\n|rule|Evasion Items Clause: Evasion items are banned\n|rule|Evasion Moves Clause: Evasion moves are banned\n|rule|Endless Battle Clause: Forcing endless battles is banned\n|rule|HP Percentage Mod: HP is shown in percentages\n|clearpoke\n|poke|p1|Kingambit, F|\n|poke|p1|Ditto|\n|poke|p1|Skeledirge, M|\n|poke|p1|Rotom-Wash|\n|poke|p1|Azumarill, F|\n|poke|p1|Iron Valiant|\n|poke|p2|Torkoal, F|\n|poke|p2|Walking Wake|\n|poke|p2|Kingambit, M|\n|poke|p2|Brute Bonnet|\n|poke|p2|Great Tusk|\n|poke|p2|Iron Moth|\n|teampreview\n|inactive|Battle timer is ON: inactive players will automatically lose when time's up. (requested by halaman95)\n|inactive|halaman95 has 120 seconds left.\n|\n|t:|1700702711\n|start\n|switch|p1a: Rotom|Rotom-Wash, shiny|100\/100\n|switch|p2a: Torkoal|Torkoal, F|100\/100\n|-weather|SunnyDay|[from] ability: Drought|[of] p2a: Torkoal\n|turn|1\n|j| Revilo6000\n|\n|t:|1700702726\n|switch|p2a: Walking Wake|Walking Wake|100\/100\n|-activate|p2a: Walking Wake|ability: Protosynthesis\n|-start|p2a: Walking Wake|protosynthesisspa\n|move|p1a: Rotom|Nasty Plot|p1a: Rotom\n|-boost|p1a: Rotom|spa|2\n|\n|-weather|SunnyDay|[upkeep]\n|upkeep\n|turn|2\n|l| Revilo6000\n|\n|t:|1700702737\n|move|p2a: Walking Wake|Draco Meteor|p1a: Rotom\n|-damage|p1a: Rotom|0 fnt\n|-unboost|p2a: Walking Wake|spa|2\n|faint|p1a: Rotom\n|\n|-weather|SunnyDay|[upkeep]\n|upkeep\n|\n|t:|1700702742\n|switch|p1a: Azumarill|Azumarill, F, shiny|100\/100\n|turn|3\n|inactive|halaman95 has 120 seconds left.\n|\n|t:|1700702776\n|-end|p2a: Walking Wake|Protosynthesis|[silent]\n|switch|p2a: Iron Moth|Iron Moth|100\/100\n|-enditem|p2a: Iron Moth|Booster Energy\n|-activate|p2a: Iron Moth|ability: Quark Drive|[fromitem]\n|-start|p2a: Iron Moth|quarkdrivespe\n|move|p1a: Azumarill|Belly Drum|p1a: Azumarill\n|-damage|p1a: Azumarill|50\/100\n|-setboost|p1a: Azumarill|atk|6|[from] move: Belly Drum\n|-enditem|p1a: Azumarill|Sitrus Berry|[eat]\n|-heal|p1a: Azumarill|75\/100|[from] item: Sitrus Berry\n|\n|-weather|SunnyDay|[upkeep]\n|upkeep\n|turn|4\n|inactive|halaman95 has 120 seconds left.\n|\n|t:|1700702796\n|-terastallize|p2a: Iron Moth|Ghost\n|-terastallize|p1a: Azumarill|Ground\n|move|p2a: Iron Moth|Energy Ball|p1a: Azumarill\n|-immune|p1a: Azumarill|[from] ability: Sap Sipper\n|move|p1a: Azumarill|Knock Off|p2a: Iron Moth\n|-supereffective|p2a: Iron Moth\n|-damage|p2a: Iron Moth|0 fnt\n|faint|p2a: Iron Moth\n|-end|p2a: Iron Moth|Quark Drive|[silent]\n|\n|-weather|SunnyDay|[upkeep]\n|upkeep\n|\n|t:|1700702809\n|switch|p2a: Walking Wake|Walking Wake|100\/100\n|-activate|p2a: Walking Wake|ability: Protosynthesis\n|-start|p2a: Walking Wake|protosynthesisspa\n|turn|5\n|\n|t:|1700702823\n|switch|p1a: Ditto|Ditto, shiny|100\/100\n|-transform|p1a: Ditto|p2a: Walking Wake|[from] ability: Imposter\n|move|p2a: Walking Wake|Hydro Steam|p1a: Ditto\n|-resisted|p1a: Ditto\n|-damage|p1a: Ditto|64\/100\n|\n|-weather|SunnyDay|[upkeep]\n|upkeep\n|turn|6\n|\n|t:|1700702832\n|-end|p2a: Walking Wake|Protosynthesis|[silent]\n|switch|p2a: Kingambit|Kingambit, M|100\/100\n|-activate|p2a: Kingambit|ability: Supreme Overlord\n|-start|p2a: Kingambit|fallen1|[silent]\n|move|p1a: Ditto|Draco Meteor|p2a: Kingambit\n|-resisted|p2a: Kingambit\n|-crit|p2a: Kingambit\n|-damage|p2a: Kingambit|42\/100\n|-unboost|p1a: Ditto|spa|2\n|\n|-weather|SunnyDay|[upkeep]\n|-heal|p2a: Kingambit|49\/100|[from] item: Leftovers\n|upkeep\n|turn|7\n|inactive|halaman95 has 120 seconds left.\n|\n|t:|1700702845\n|-end|p2a: Kingambit|fallen1|[silent]\n|switch|p2a: Walking Wake|Walking Wake|100\/100\n|-activate|p2a: Walking Wake|ability: Protosynthesis\n|-start|p2a: Walking Wake|protosynthesisspa\n|move|p1a: Ditto|Flamethrower|p2a: Walking Wake\n|-resisted|p2a: Walking Wake\n|-damage|p2a: Walking Wake|94\/100\n|-status|p2a: Walking Wake|brn\n|\n|-weather|SunnyDay|[upkeep]\n|-damage|p2a: Walking Wake|88\/100 brn|[from] brn\n|upkeep\n|turn|8\n|inactive|halaman95 has 120 seconds left.\n|\n|t:|1700702853\n|-end|p1a: Ditto|Protosynthesis|[silent]\n|switch|p1a: Iron Valiant|Iron Valiant, shiny|100\/100\n|-enditem|p1a: Iron Valiant|Booster Energy\n|-activate|p1a: Iron Valiant|ability: Quark Drive|[fromitem]\n|-start|p1a: Iron Valiant|quarkdrivespe\n|move|p2a: Walking Wake|Dragon Pulse|p1a: Iron Valiant\n|-immune|p1a: Iron Valiant\n|\n|-weather|none\n|-end|p2a: Walking Wake|Protosynthesis\n|-damage|p2a: Walking Wake|81\/100 brn|[from] brn\n|upkeep\n|turn|9\n|\n|t:|1700702863\n|-end|p2a: Walking Wake|Protosynthesis|[silent]\n|switch|p2a: Torkoal|Torkoal, F|100\/100\n|-weather|SunnyDay|[from] ability: Drought|[of] p2a: Torkoal\n|move|p1a: Iron Valiant|Close Combat|p2a: Torkoal\n|-damage|p2a: Torkoal|54\/100\n|-unboost|p1a: Iron Valiant|def|1\n|-unboost|p1a: Iron Valiant|spd|1\n|\n|-weather|SunnyDay|[upkeep]\n|upkeep\n|turn|10\n|\n|t:|1700702870\n|move|p1a: Iron Valiant|Knock Off|p2a: Torkoal\n|-damage|p2a: Torkoal|28\/100\n|-enditem|p2a: Torkoal|Heat Rock|[from] move: Knock Off|[of] p1a: Iron Valiant\n|move|p2a: Torkoal|Stealth Rock|p1a: Iron Valiant\n|-sidestart|p1: Tonyster|move: Stealth Rock\n|\n|-weather|SunnyDay|[upkeep]\n|upkeep\n|turn|11\n|\n|t:|1700702875\n|move|p1a: Iron Valiant|Close Combat|p2a: Torkoal\n|-damage|p2a: Torkoal|0 fnt\n|-unboost|p1a: Iron Valiant|def|1\n|-unboost|p1a: Iron Valiant|spd|1\n|faint|p2a: Torkoal\n|\n|-weather|SunnyDay|[upkeep]\n|upkeep\n|\n|t:|1700702888\n|switch|p2a: Great Tusk|Great Tusk|100\/100\n|-activate|p2a: Great Tusk|ability: Protosynthesis\n|-start|p2a: Great Tusk|protosynthesisspe\n|turn|12\n|\n|t:|1700702891\n|move|p1a: Iron Valiant|Moonblast|p2a: Great Tusk\n|-supereffective|p2a: Great Tusk\n|-damage|p2a: Great Tusk|0 fnt\n|faint|p2a: Great Tusk\n|-end|p2a: Great Tusk|Protosynthesis|[silent]\n|\n|-weather|SunnyDay|[upkeep]\n|upkeep\n|\n|t:|1700702903\n|switch|p2a: Brute Bonnet|Brute Bonnet|100\/100\n|-activate|p2a: Brute Bonnet|ability: Protosynthesis\n|-start|p2a: Brute Bonnet|protosynthesisatk\n|turn|13\n|\n|t:|1700702906\n|move|p1a: Iron Valiant|Close Combat|p2a: Brute Bonnet\n|-supereffective|p2a: Brute Bonnet\n|-damage|p2a: Brute Bonnet|0 fnt\n|-unboost|p1a: Iron Valiant|def|1\n|-unboost|p1a: Iron Valiant|spd|1\n|faint|p2a: Brute Bonnet\n|-end|p2a: Brute Bonnet|Protosynthesis|[silent]\n|\n|-weather|SunnyDay|[upkeep]\n|upkeep\n|c|\u2606Tonyster|gaddamn\n|\n|t:|1700702909\n|switch|p2a: Walking Wake|Walking Wake|81\/100 brn\n|-activate|p2a: Walking Wake|ability: Protosynthesis\n|-start|p2a: Walking Wake|protosynthesisspa\n|turn|14\n|c|\u2606Tonyster|It's a bodybag\n|\n|t:|1700702915\n|move|p1a: Iron Valiant|Moonblast|p2a: Walking Wake\n|-supereffective|p2a: Walking Wake\n|-damage|p2a: Walking Wake|0 fnt\n|faint|p2a: Walking Wake\n|-end|p2a: Walking Wake|Protosynthesis|[silent]\n|\n|-weather|SunnyDay|[upkeep]\n|upkeep\n|\n|t:|1700702917\n|switch|p2a: Kingambit|Kingambit, M|49\/100\n|-activate|p2a: Kingambit|ability: Supreme Overlord\n|-start|p2a: Kingambit|fallen5|[silent]\n|turn|15\n|\n|t:|1700702922\n|move|p2a: Kingambit|Sucker Punch|p1a: Iron Valiant\n|-resisted|p1a: Iron Valiant\n|-damage|p1a: Iron Valiant|52\/100\n|move|p1a: Iron Valiant|Moonblast|p2a: Kingambit\n|-damage|p2a: Kingambit|3\/100\n|\n|-weather|SunnyDay|[upkeep]\n|-heal|p2a: Kingambit|9\/100|[from] item: Leftovers\n|upkeep\n|turn|16\n|\n|t:|1700702928\n|move|p2a: Kingambit|Sucker Punch|p1a: Iron Valiant\n|-resisted|p1a: Iron Valiant\n|-damage|p1a: Iron Valiant|0 fnt\n|faint|p1a: Iron Valiant\n|-end|p1a: Iron Valiant|Quark Drive|[silent]\n|\n|-weather|none\n|-heal|p2a: Kingambit|15\/100|[from] item: Leftovers\n|upkeep\n|\n|t:|1700702933\n|switch|p1a: Skeledirge|Skeledirge, M, shiny|100\/100\n|turn|17\n|\n|t:|1700702936\n|move|p2a: Kingambit|Kowtow Cleave|p1a: Skeledirge\n|-supereffective|p1a: Skeledirge\n|-damage|p1a: Skeledirge|0 fnt\n|faint|p1a: Skeledirge\n|\n|-heal|p2a: Kingambit|21\/100|[from] item: Leftovers\n|upkeep\n|\n|t:|1700702941\n|switch|p1a: Ditto|Ditto, shiny|64\/100\n|-damage|p1a: Ditto|52\/100|[from] Stealth Rock\n|-transform|p1a: Ditto|p2a: Kingambit|[from] ability: Imposter\n|-activate|p1a: Ditto|ability: Supreme Overlord\n|-start|p1a: Ditto|fallen3|[silent]\n|turn|18\n|\n|t:|1700702947\n|move|p1a: Ditto|Sucker Punch||[still]\n|-fail|p1a: Ditto\n|move|p2a: Kingambit|Swords Dance|p2a: Kingambit\n|-boost|p2a: Kingambit|atk|2\n|\n|-heal|p2a: Kingambit|27\/100|[from] item: Leftovers\n|upkeep\n|turn|19\n|\n|t:|1700702954\n|move|p1a: Ditto|Sucker Punch||[still]\n|-fail|p1a: Ditto\n|move|p2a: Kingambit|Swords Dance|p2a: Kingambit\n|-boost|p2a: Kingambit|atk|2\n|\n|-heal|p2a: Kingambit|33\/100|[from] item: Leftovers\n|upkeep\n|turn|20\n|-activate|p1a: Ditto|item: Quick Claw\n|\n|t:|1700702959\n|move|p1a: Ditto|Sucker Punch||[still]\n|-fail|p1a: Ditto\n|move|p2a: Kingambit|Swords Dance|p2a: Kingambit\n|-boost|p2a: Kingambit|atk|2\n|\n|-heal|p2a: Kingambit|40\/100|[from] item: Leftovers\n|upkeep\n|turn|21\n|\n|t:|1700702968\n|move|p1a: Ditto|Kowtow Cleave|p2a: Kingambit\n|-resisted|p2a: Kingambit\n|-damage|p2a: Kingambit|11\/100\n|move|p2a: Kingambit|Swords Dance|p2a: Kingambit\n|-boost|p2a: Kingambit|atk|0\n|\n|-heal|p2a: Kingambit|18\/100|[from] item: Leftovers\n|upkeep\n|turn|22\n|\n|t:|1700702972\n|move|p1a: Ditto|Sucker Punch||[still]\n|-fail|p1a: Ditto\n|move|p2a: Kingambit|Swords Dance|p2a: Kingambit\n|-boost|p2a: Kingambit|atk|0\n|\n|-heal|p2a: Kingambit|24\/100|[from] item: Leftovers\n|upkeep\n|turn|23\n|\n|t:|1700702978\n|move|p1a: Ditto|Sucker Punch||[still]\n|-fail|p1a: Ditto\n|move|p2a: Kingambit|Swords Dance|p2a: Kingambit\n|-boost|p2a: Kingambit|atk|0\n|\n|-heal|p2a: Kingambit|30\/100|[from] item: Leftovers\n|upkeep\n|turn|24\n|-activate|p1a: Ditto|item: Quick Claw\n|\n|t:|1700702981\n|move|p2a: Kingambit|Sucker Punch||[still]\n|-fail|p2a: Kingambit\n|move|p1a: Ditto|Swords Dance|p1a: Ditto\n|-boost|p1a: Ditto|atk|2\n|\n|-heal|p2a: Kingambit|36\/100|[from] item: Leftovers\n|upkeep\n|turn|25\n|\n|t:|1700702985\n|move|p2a: Kingambit|Sucker Punch||[still]\n|-fail|p2a: Kingambit\n|move|p1a: Ditto|Swords Dance|p1a: Ditto\n|-boost|p1a: Ditto|atk|2\n|\n|-heal|p2a: Kingambit|42\/100|[from] item: Leftovers\n|upkeep\n|turn|26\n|\n|t:|1700702989\n|move|p2a: Kingambit|Sucker Punch|p1a: Ditto\n|-resisted|p1a: Ditto\n|-damage|p1a: Ditto|0 fnt\n|faint|p1a: Ditto\n|-end|p1a: Ditto|fallen3|[silent]\n|\n|-heal|p2a: Kingambit|48\/100|[from] item: Leftovers\n|upkeep\n|\n|t:|1700702993\n|switch|p1a: Kingambit|Kingambit, F, shiny|100\/100\n|-damage|p1a: Kingambit|94\/100|[from] Stealth Rock\n|-activate|p1a: Kingambit|ability: Supreme Overlord\n|-start|p1a: Kingambit|fallen4|[silent]\n|turn|27\n|\n|t:|1700702998\n|move|p2a: Kingambit|Kowtow Cleave|p1a: Kingambit\n|-resisted|p1a: Kingambit\n|-damage|p1a: Kingambit|0 fnt\n|faint|p1a: Kingambit\n|-end|p1a: Kingambit|fallen4|[silent]\n|\n|-heal|p2a: Kingambit|54\/100|[from] item: Leftovers\n|upkeep\n|\n|t:|1700703000\n|switch|p1a: Azumarill|Azumarill, F, shiny, tera:Ground|75\/100\n|-damage|p1a: Azumarill|69\/100|[from] Stealth Rock\n|turn|28\n|c|\u2606Tonyster|I can't believe I choked that lmao\n|\n|t:|1700703025\n|move|p2a: Kingambit|Kowtow Cleave|p1a: Azumarill\n|-damage|p1a: Azumarill|0 fnt\n|faint|p1a: Azumarill\n|\n|win|halaman95\n|raw|Tonyster's rating: 1680 &rarr; <strong>1660<\/strong><br \/>(-20 for losing)\n|raw|halaman95's rating: 1684 &rarr; <strong>1704<\/strong><br \/>(+20 for winning)\n|l|\u2606Tonyster\n","uploadtime":1700703037,"views":9,"p1id":"tonyster","p2id":"halaman95","formatid":"gen9ou","rating":1660,"private":0,"password":""}