{"id":"gen9ou-1999589675","p1":"Tridecagram","p2":"ddddqwdddd","format":"[Gen 9] OU","log":"|j|\u2606Tridecagram\n|j|\u2606ddddqwdddd\n|t:|1701099042\n|gametype|singles\n|player|p1|Tridecagram|wallace|1042\n|player|p2|ddddqwdddd|gentleman|1000\n|teamsize|p1|6\n|teamsize|p2|6\n|gen|9\n|tier|[Gen 9] OU\n|rated|\n|rule|Sleep Clause Mod: Limit one foe put to sleep\n|rule|Species Clause: Limit one of each Pok\u00e9mon\n|rule|OHKO Clause: OHKO moves are banned\n|rule|Evasion Items Clause: Evasion items are banned\n|rule|Evasion Moves Clause: Evasion moves are banned\n|rule|Endless Battle Clause: Forcing endless battles is banned\n|rule|HP Percentage Mod: HP is shown in percentages\n|clearpoke\n|poke|p1|Garchomp, M|\n|poke|p1|Slowking-Galar, M|\n|poke|p1|Iron Hands|\n|poke|p1|Ninetales-Alola, M|\n|poke|p1|Empoleon, M|\n|poke|p1|Skeledirge, M|\n|poke|p2|Zapdos|\n|poke|p2|Slowking-Galar, F|\n|poke|p2|Perrserker, M|\n|poke|p2|Great Tusk|\n|poke|p2|Crawdaunt, F|\n|poke|p2|Mandibuzz, F|\n|teampreview\n|\n|t:|1701099053\n|start\n|switch|p1a: Ninetales|Ninetales-Alola, M, shiny|100\/100\n|switch|p2a: Crawdaunt|Crawdaunt, F|100\/100\n|-weather|Snow|[from] ability: Snow Warning|[of] p1a: Ninetales\n|turn|1\n|\n|t:|1701099061\n|switch|p2a: Perrserker|Perrserker, M|100\/100\n|move|p1a: Ninetales|Aurora Veil|p1a: Ninetales\n|-sidestart|p1: Tridecagram|move: Aurora Veil\n|\n|-weather|Snow|[upkeep]\n|upkeep\n|turn|2\n|\n|t:|1701099075\n|switch|p1a: Garchomp|Garchomp, M, shiny|100\/100\n|switch|p2a: Slowking|Slowking-Galar, F|100\/100\n|\n|-weather|Snow|[upkeep]\n|upkeep\n|turn|3\n|\n|t:|1701099090\n|switch|p2a: Mandibuzz|Mandibuzz, F|100\/100\n|move|p1a: Garchomp|Stealth Rock|p2a: Mandibuzz\n|-sidestart|p2: ddddqwdddd|move: Stealth Rock\n|\n|-weather|Snow|[upkeep]\n|upkeep\n|turn|4\n|\n|t:|1701099096\n|move|p2a: Mandibuzz|Defog|p1a: Garchomp\n|-unboost|p1a: Garchomp|evasion|1\n|-sideend|p1: Tridecagram|move: Aurora Veil\n|-sideend|p2: ddddqwdddd|Stealth Rock|[from] move: Defog|[of] p2a: Mandibuzz\n|move|p1a: Garchomp|Dragon Tail|p2a: Mandibuzz\n|-damage|p2a: Mandibuzz|86\/100\n|drag|p2a: Perrserker|Perrserker, M|100\/100\n|\n|-weather|Snow|[upkeep]\n|upkeep\n|turn|5\n|\n|t:|1701099106\n|move|p1a: Garchomp|Earthquake|p2a: Perrserker\n|-supereffective|p2a: Perrserker\n|-damage|p2a: Perrserker|14\/100\n|move|p2a: Perrserker|Gyro Ball|p1a: Garchomp\n|-damage|p1a: Garchomp|6\/100\n|-damage|p2a: Perrserker|2\/100|[from] ability: Rough Skin|[of] p1a: Garchomp\n|-damage|p2a: Perrserker|0 fnt|[from] item: Rocky Helmet|[of] p1a: Garchomp\n|faint|p2a: Perrserker\n|\n|-weather|none\n|upkeep\n|\n|t:|1701099119\n|switch|p2a: Crawdaunt|Crawdaunt, F|100\/100\n|turn|6\n|\n|t:|1701099129\n|move|p2a: Crawdaunt|Aqua Jet|p1a: Garchomp\n|-damage|p1a: Garchomp|0 fnt\n|-damage|p2a: Crawdaunt|88\/100|[from] ability: Rough Skin|[of] p1a: Garchomp\n|-damage|p2a: Crawdaunt|71\/100|[from] item: Rocky Helmet|[of] p1a: Garchomp\n|faint|p1a: Garchomp\n|\n|upkeep\n|\n|t:|1701099147\n|switch|p1a: Iron Hands|Iron Hands, shiny|100\/100\n|turn|7\n|\n|t:|1701099154\n|switch|p2a: Slowking|Slowking-Galar, F|100\/100\n|move|p1a: Iron Hands|Thunder Punch|p2a: Slowking\n|-damage|p2a: Slowking|61\/100\n|\n|upkeep\n|turn|8\n|\n|t:|1701099165\n|-end|p1a: Iron Hands|Quark Drive|[silent]\n|switch|p1a: Empoleon|Empoleon, M, shiny|100\/100\n|switch|p2a: Great Tusk|Great Tusk, shiny|100\/100\n|\n|upkeep\n|turn|9\n|\n|t:|1701099176\n|-end|p2a: Great Tusk|Protosynthesis|[silent]\n|switch|p2a: Zapdos|Zapdos|100\/100\n|move|p1a: Empoleon|Surf|p2a: Zapdos\n|-damage|p2a: Zapdos|69\/100\n|\n|upkeep\n|turn|10\n|\n|t:|1701099200\n|move|p2a: Zapdos|Volt Switch|p1a: Empoleon\n|-supereffective|p1a: Empoleon\n|-damage|p1a: Empoleon|38\/100\n|\n|t:|1701099204\n|switch|p2a: Slowking|Slowking-Galar, F|94\/100|[from] Volt Switch\n|move|p1a: Empoleon|Flash Cannon|p2a: Slowking\n|-damage|p2a: Slowking|61\/100\n|\n|-heal|p1a: Empoleon|45\/100|[from] item: Leftovers\n|upkeep\n|turn|11\n|\n|t:|1701099213\n|move|p1a: Empoleon|Roost|p1a: Empoleon\n|-heal|p1a: Empoleon|95\/100\n|-singleturn|p1a: Empoleon|move: Roost\n|move|p2a: Slowking|Chilly Reception|p2a: Slowking\n|-weather|Snow\n|\n|t:|1701099220\n|switch|p2a: Zapdos|Zapdos|69\/100|[from] Chilly Reception\n|\n|-weather|Snow|[upkeep]\n|-heal|p1a: Empoleon|100\/100|[from] item: Leftovers\n|upkeep\n|turn|12\n|\n|t:|1701099230\n|switch|p1a: Slowking|Slowking-Galar, M, shiny|100\/100\n|move|p2a: Zapdos|Volt Switch|p1a: Slowking\n|-damage|p1a: Slowking|88\/100\n|\n|t:|1701099234\n|switch|p2a: Great Tusk|Great Tusk, shiny|100\/100|[from] Volt Switch\n|\n|-weather|Snow|[upkeep]\n|upkeep\n|turn|13\n|\n|t:|1701099244\n|move|p2a: Great Tusk|Earthquake|p1a: Slowking\n|-supereffective|p1a: Slowking\n|-damage|p1a: Slowking|2\/100\n|move|p1a: Slowking|Ice Beam|p2a: Great Tusk\n|-supereffective|p2a: Great Tusk\n|-damage|p2a: Great Tusk|36\/100\n|\n|-weather|Snow|[upkeep]\n|-heal|p2a: Great Tusk|43\/100|[from] item: Leftovers\n|upkeep\n|turn|14\n|\n|t:|1701099263\n|switch|p1a: Ninetales|Ninetales-Alola, M, shiny|100\/100\n|move|p2a: Great Tusk|Earthquake|p1a: Ninetales\n|-damage|p1a: Ninetales|54\/100\n|\n|-weather|Snow|[upkeep]\n|-heal|p2a: Great Tusk|49\/100|[from] item: Leftovers\n|upkeep\n|turn|15\n|\n|t:|1701099272\n|-end|p2a: Great Tusk|Protosynthesis|[silent]\n|switch|p2a: Slowking|Slowking-Galar, F|94\/100\n|move|p1a: Ninetales|Moonblast|p2a: Slowking\n|-resisted|p2a: Slowking\n|-damage|p2a: Slowking|81\/100\n|\n|-weather|none\n|upkeep\n|turn|16\n|\n|t:|1701099289\n|move|p1a: Ninetales|Nasty Plot|p1a: Ninetales\n|-boost|p1a: Ninetales|spa|2\n|move|p2a: Slowking|Future Sight|p1a: Ninetales\n|-start|p2a: Slowking|move: Future Sight\n|\n|upkeep\n|turn|17\n|\n|t:|1701099304\n|switch|p1a: Empoleon|Empoleon, M, shiny|100\/100\n|move|p2a: Slowking|Chilly Reception|p2a: Slowking\n|-weather|Snow\n|\n|t:|1701099313\n|switch|p2a: Crawdaunt|Crawdaunt, F|71\/100|[from] Chilly Reception\n|\n|-weather|Snow|[upkeep]\n|upkeep\n|turn|18\n|\n|t:|1701099327\n|move|p1a: Empoleon|Grass Knot|p2a: Crawdaunt\n|-supereffective|p2a: Crawdaunt\n|-damage|p2a: Crawdaunt|8\/100\n|move|p2a: Crawdaunt|Knock Off|p1a: Empoleon\n|-damage|p1a: Empoleon|0 fnt\n|-enditem|p1a: Empoleon|Leftovers|[from] move: Knock Off|[of] p2a: Crawdaunt\n|faint|p1a: Empoleon\n|\n|-weather|Snow|[upkeep]\n|-hint|Future Sight did not hit because the target is fainted.\n|upkeep\n|-message|Tridecagram forfeited.\n|\n|win|ddddqwdddd\n|raw|Tridecagram's rating: 1042 &rarr; <strong>1024<\/strong><br \/>(-18 for losing)\n|raw|ddddqwdddd's rating: 1000 &rarr; <strong>1045<\/strong><br \/>(+45 for winning)\n|l|\u2606Tridecagram\n","uploadtime":1701099347,"views":2,"p1id":"tridecagram","p2id":"ddddqwdddd","formatid":"gen9ou","rating":1024,"private":0,"password":""}