{"id":"gen9ou-1996671937","p1":"CrystalManiac","p2":"levyorg","format":"[Gen 9] OU","log":"|j|\u2606CrystalManiac\n|j|\u2606levyorg\n|t:|1700707832\n|gametype|singles\n|player|p1|CrystalManiac|bugcatcher-gen4dp|1081\n|player|p2|levyorg|barry|1103\n|teamsize|p1|6\n|teamsize|p2|6\n|gen|9\n|tier|[Gen 9] OU\n|rated|\n|rule|Sleep Clause Mod: Limit one foe put to sleep\n|rule|Species Clause: Limit one of each Pok\u00e9mon\n|rule|OHKO Clause: OHKO moves are banned\n|rule|Evasion Items Clause: Evasion items are banned\n|rule|Evasion Moves Clause: Evasion moves are banned\n|rule|Endless Battle Clause: Forcing endless battles is banned\n|rule|HP Percentage Mod: HP is shown in percentages\n|clearpoke\n|poke|p1|Lumineon, M|\n|poke|p1|Ribombee, F|\n|poke|p1|Tauros-Paldea-Blaze, M|\n|poke|p1|Garchomp, F|\n|poke|p1|Ninetales-Alola, F|\n|poke|p1|Corviknight, F|\n|poke|p2|Dondozo, M|\n|poke|p2|Toxapex, M|\n|poke|p2|Clefable, F|\n|poke|p2|Garganacl, F|\n|poke|p2|Ninetales-Alola, F|\n|poke|p2|Glimmora, F|\n|teampreview\n|inactive|Battle timer is ON: inactive players will automatically lose when time's up. (requested by levyorg)\n|\n|t:|1700707858\n|start\n|switch|p1a: Lumineon|Lumineon, M, shiny|100\/100\n|switch|p2a: Glimmora|Glimmora, F|100\/100\n|turn|1\n|\n|t:|1700707871\n|switch|p2a: Toxapex|Toxapex, M|100\/100\n|move|p1a: Lumineon|Hydro Pump|p2a: Toxapex\n|-resisted|p2a: Toxapex\n|-damage|p2a: Toxapex|86\/100\n|\n|upkeep\n|turn|2\n|\n|t:|1700707877\n|switch|p1a: Corviknight|Corviknight, F, shiny|100\/100\n|move|p2a: Toxapex|Toxic|p1a: Corviknight\n|-immune|p1a: Corviknight\n|\n|upkeep\n|turn|3\n|\n|t:|1700707884\n|move|p1a: Corviknight|U-turn|p2a: Toxapex\n|-resisted|p2a: Toxapex\n|-crit|p2a: Toxapex\n|-damage|p2a: Toxapex|76\/100\n|\n|t:|1700707892\n|switch|p1a: Lumineon|Lumineon, M, shiny|100\/100|[from] U-turn\n|move|p2a: Toxapex|Chilling Water|p1a: Lumineon\n|-ability|p1a: Lumineon|Storm Drain|boost\n|-boost|p1a: Lumineon|spa|1\n|\n|upkeep\n|turn|4\n|\n|t:|1700707904\n|switch|p2a: Dondozo|Dondozo, M|100\/100\n|move|p1a: Lumineon|Encore||[still]\n|-fail|p1a: Lumineon\n|\n|upkeep\n|turn|5\n|\n|t:|1700707921\n|move|p1a: Lumineon|Hydro Pump|p2a: Dondozo\n|-resisted|p2a: Dondozo\n|-damage|p2a: Dondozo|81\/100\n|move|p2a: Dondozo|Body Press|p1a: Lumineon\n|-damage|p1a: Lumineon|57\/100\n|\n|-heal|p2a: Dondozo|88\/100|[from] item: Leftovers\n|upkeep\n|turn|6\n|\n|t:|1700707944\n|switch|p1a: Ribombee|Ribombee, F, shiny|100\/100\n|move|p2a: Dondozo|Body Press|p1a: Ribombee\n|-resisted|p1a: Ribombee\n|-damage|p1a: Ribombee|87\/100\n|\n|-heal|p2a: Dondozo|94\/100|[from] item: Leftovers\n|upkeep\n|turn|7\n|inactive|CrystalManiac has 120 seconds left.\n|\n|t:|1700707979\n|switch|p2a: Glimmora|Glimmora, F|100\/100\n|move|p1a: Ribombee|Sticky Web|p2a: Glimmora\n|-sidestart|p2: levyorg|move: Sticky Web\n|\n|upkeep\n|turn|8\n|\n|t:|1700707993\n|switch|p1a: Corviknight|Corviknight, F, shiny|100\/100\n|move|p2a: Glimmora|Spikes|p1a: Corviknight\n|-sidestart|p1: CrystalManiac|Spikes\n|\n|upkeep\n|turn|9\n|\n|t:|1700708002\n|move|p2a: Glimmora|Spikes|p1a: Corviknight\n|-sidestart|p1: CrystalManiac|Spikes\n|move|p1a: Corviknight|Iron Head|p2a: Glimmora\n|-supereffective|p2a: Glimmora\n|-damage|p2a: Glimmora|35\/100\n|-activate|p2a: Glimmora|ability: Toxic Debris\n|-sidestart|p1: CrystalManiac|move: Toxic Spikes\n|\n|upkeep\n|turn|10\n|\n|t:|1700708015\n|switch|p2a: Toxapex|Toxapex, M|100\/100\n|move|p1a: Corviknight|Iron Head|p2a: Toxapex\n|-resisted|p2a: Toxapex\n|-damage|p2a: Toxapex|89\/100\n|\n|upkeep\n|turn|11\n|\n|t:|1700708020\n|move|p1a: Corviknight|Defog|p2a: Toxapex\n|-unboost|p2a: Toxapex|evasion|1\n|-sideend|p2: levyorg|Sticky Web|[from] move: Defog|[of] p1a: Corviknight\n|-sideend|p1: CrystalManiac|Spikes|[from] move: Defog|[of] p1a: Corviknight\n|-sideend|p1: CrystalManiac|Toxic Spikes|[from] move: Defog|[of] p1a: Corviknight\n|move|p2a: Toxapex|Chilling Water|p1a: Corviknight\n|-damage|p1a: Corviknight|90\/100\n|-ability|p1a: Corviknight|Mirror Armor\n|-unboost|p2a: Toxapex|atk|1\n|\n|-heal|p1a: Corviknight|96\/100|[from] item: Leftovers\n|upkeep\n|turn|12\n|\n|t:|1700708033\n|switch|p2a: Garganacl|Garganacl, F|100\/100\n|move|p1a: Corviknight|Brave Bird|p2a: Garganacl\n|-resisted|p2a: Garganacl\n|-damage|p2a: Garganacl|88\/100\n|-damage|p1a: Corviknight|92\/100|[from] Recoil\n|\n|-heal|p1a: Corviknight|98\/100|[from] item: Leftovers\n|-heal|p2a: Garganacl|94\/100|[from] item: Leftovers\n|upkeep\n|turn|13\n|\n|t:|1700708039\n|move|p1a: Corviknight|U-turn|p2a: Garganacl\n|-crit|p2a: Garganacl\n|-damage|p2a: Garganacl|79\/100\n|\n|t:|1700708052\n|switch|p1a: Tauros|Tauros-Paldea-Blaze, M|100\/100|[from] U-turn\n|move|p2a: Garganacl|Salt Cure|p1a: Tauros\n|-damage|p1a: Tauros|85\/100\n|-start|p1a: Tauros|Salt Cure\n|\n|-heal|p2a: Garganacl|86\/100|[from] item: Leftovers\n|-damage|p1a: Tauros|72\/100|[from] Salt Cure\n|upkeep\n|turn|14\n|\n|t:|1700708062\n|switch|p1a: Lumineon|Lumineon, M, shiny|57\/100\n|switch|p2a: Dondozo|Dondozo, M|94\/100\n|\n|-heal|p2a: Dondozo|99\/100|[from] item: Leftovers\n|upkeep\n|turn|15\n|\n|t:|1700708069\n|move|p1a: Lumineon|U-turn|p2a: Dondozo\n|-damage|p2a: Dondozo|95\/100\n|\n|t:|1700708072\n|switch|p1a: Ribombee|Ribombee, F, shiny|87\/100|[from] U-turn\n|move|p2a: Dondozo|Body Press|p1a: Ribombee\n|-resisted|p1a: Ribombee\n|-damage|p1a: Ribombee|73\/100\n|\n|-heal|p2a: Dondozo|100\/100|[from] item: Leftovers\n|upkeep\n|turn|16\n|c|\u2606CrystalManiac|this is not fun\n|\n|t:|1700708090\n|switch|p1a: Lumineon|Lumineon, M, shiny|57\/100\n|switch|p2a: Glimmora|Glimmora, F|35\/100\n|\n|upkeep\n|turn|17\n|\n|t:|1700708106\n|switch|p2a: Clefable|Clefable, F|100\/100\n|move|p1a: Lumineon|Hydro Pump|p2a: Clefable\n|-damage|p2a: Clefable|66\/100\n|\n|-heal|p2a: Clefable|72\/100|[from] item: Leftovers\n|upkeep\n|turn|18\n|\n|t:|1700708114\n|move|p1a: Lumineon|Hydro Pump|p2a: Clefable\n|-damage|p2a: Clefable|39\/100\n|move|p2a: Clefable|Wish|p2a: Clefable\n|\n|-heal|p2a: Clefable|45\/100|[from] item: Leftovers\n|upkeep\n|turn|19\n|\n|t:|1700708121\n|move|p1a: Lumineon|Encore|p2a: Clefable\n|-start|p2a: Clefable|Encore\n|move|p2a: Clefable|Wish||[still]\n|-fail|p2a: Clefable\n|\n|-heal|p2a: Clefable|95\/100|[from] move: Wish|[wisher] Clefable\n|-heal|p2a: Clefable|100\/100|[from] item: Leftovers\n|upkeep\n|turn|20\n|\n|t:|1700708126\n|move|p1a: Lumineon|U-turn|p2a: Clefable\n|-resisted|p2a: Clefable\n|-damage|p2a: Clefable|96\/100\n|\n|t:|1700708131\n|switch|p1a: Garchomp|Garchomp, F|100\/100|[from] U-turn\n|move|p2a: Clefable|Wish|p2a: Clefable\n|\n|-heal|p2a: Clefable|100\/100|[from] item: Leftovers\n|upkeep\n|turn|21\n|\n|t:|1700708142\n|switch|p2a: Ninetales|Ninetales-Alola, F|100\/100\n|-weather|Snow|[from] ability: Snow Warning|[of] p2a: Ninetales\n|move|p1a: Garchomp|Swords Dance|p1a: Garchomp\n|-boost|p1a: Garchomp|atk|2\n|\n|-weather|Snow|[upkeep]\n|upkeep\n|turn|22\n|\n|t:|1700708148\n|-terastallize|p1a: Garchomp|Steel\n|move|p2a: Ninetales|Aurora Veil|p2a: Ninetales\n|-sidestart|p2: levyorg|move: Aurora Veil\n|move|p1a: Garchomp|Iron Head|p2a: Ninetales\n|-supereffective|p2a: Ninetales\n|-damage|p2a: Ninetales|0 fnt\n|faint|p2a: Ninetales\n|\n|-weather|Snow|[upkeep]\n|upkeep\n|\n|t:|1700708161\n|switch|p2a: Garganacl|Garganacl, F|86\/100\n|turn|23\n|\n|t:|1700708174\n|-terastallize|p2a: Garganacl|Dragon\n|move|p1a: Garchomp|Iron Head|p2a: Garganacl\n|-damage|p2a: Garganacl|63\/100\n|move|p2a: Garganacl|Salt Cure|p1a: Garchomp\n|-resisted|p1a: Garchomp\n|-damage|p1a: Garchomp|94\/100\n|-start|p1a: Garchomp|Salt Cure\n|\n|-weather|Snow|[upkeep]\n|-heal|p2a: Garganacl|69\/100|[from] item: Leftovers\n|-damage|p1a: Garchomp|69\/100|[from] Salt Cure\n|upkeep\n|turn|24\n|\n|t:|1700708179\n|move|p1a: Garchomp|Scale Shot|p2a: Garganacl\n|-supereffective|p2a: Garganacl\n|-damage|p2a: Garganacl|56\/100\n|-supereffective|p2a: Garganacl\n|-damage|p2a: Garganacl|42\/100\n|-supereffective|p2a: Garganacl\n|-damage|p2a: Garganacl|28\/100\n|-supereffective|p2a: Garganacl\n|-damage|p2a: Garganacl|15\/100\n|-supereffective|p2a: Garganacl\n|-damage|p2a: Garganacl|0 fnt\n|faint|p2a: Garganacl\n|-hitcount|p2: Garganacl|5\n|-unboost|p1a: Garchomp|def|1\n|-boost|p1a: Garchomp|spe|1\n|\n|-weather|Snow|[upkeep]\n|-damage|p1a: Garchomp|44\/100|[from] Salt Cure\n|upkeep\n|\n|t:|1700708189\n|switch|p2a: Clefable|Clefable, F|100\/100\n|turn|25\n|\n|t:|1700708191\n|move|p1a: Garchomp|Iron Head|p2a: Clefable\n|-supereffective|p2a: Clefable\n|-damage|p2a: Clefable|34\/100\n|cant|p2a: Clefable|flinch\n|\n|-weather|none\n|-heal|p2a: Clefable|40\/100|[from] item: Leftovers\n|-damage|p1a: Garchomp|19\/100|[from] Salt Cure\n|upkeep\n|turn|26\n|-message|levyorg forfeited.\n|\n|win|CrystalManiac\n|raw|CrystalManiac's rating: 1081 &rarr; <strong>1111<\/strong><br \/>(+30 for winning)\n|raw|levyorg's rating: 1103 &rarr; <strong>1076<\/strong><br \/>(-27 for losing)\n|l|\u2606levyorg\n","uploadtime":1700708211,"views":13,"p1id":"crystalmaniac","p2id":"levyorg","formatid":"gen9ou","rating":1076,"private":0,"password":""}