{"id":"gen9ou-1994682519","p1":"jklmnooa","p2":"haxorus2","format":"[Gen 9] OU","log":"|j|\u2606jklmnooa\n|j|\u2606haxorus2\n|t:|1700480383\n|gametype|singles\n|player|p1|jklmnooa|1|1106\n|player|p2|haxorus2|2|1129\n|teamsize|p1|6\n|teamsize|p2|6\n|gen|9\n|tier|[Gen 9] OU\n|rated|\n|rule|Sleep Clause Mod: Limit one foe put to sleep\n|rule|Species Clause: Limit one of each Pok\u00e9mon\n|rule|OHKO Clause: OHKO moves are banned\n|rule|Evasion Items Clause: Evasion items are banned\n|rule|Evasion Moves Clause: Evasion moves are banned\n|rule|Endless Battle Clause: Forcing endless battles is banned\n|rule|HP Percentage Mod: HP is shown in percentages\n|clearpoke\n|poke|p1|Talonflame, M|\n|poke|p1|Alomomola, F|\n|poke|p1|Clodsire, F|\n|poke|p1|Dondozo, M|\n|poke|p1|Toxapex, F|\n|poke|p1|Blissey, F|\n|poke|p2|Glimmora, M|\n|poke|p2|Naclstack, F|\n|poke|p2|Revavroom, M|\n|poke|p2|Goodra-Hisui, F|\n|poke|p2|Pincurchin, M|\n|poke|p2|Iron Leaves|\n|teampreview\n|inactive|Battle timer is ON: inactive players will automatically lose when time's up. (requested by jklmnooa)\n|\n|t:|1700480388\n|start\n|switch|p1a: Clodsire|Clodsire, F|100\/100\n|switch|p2a: Naclstack|Naclstack, F|100\/100\n|turn|1\n|\n|t:|1700480412\n|move|p2a: Naclstack|Salt Cure|p1a: Clodsire\n|-resisted|p1a: Clodsire\n|-damage|p1a: Clodsire|96\/100\n|-start|p1a: Clodsire|Salt Cure\n|move|p1a: Clodsire|Toxic|p2a: Naclstack\n|-immune|p2a: Naclstack|[from] ability: Purifying Salt\n|\n|-damage|p1a: Clodsire|83\/100|[from] Salt Cure\n|upkeep\n|turn|2\n|\n|t:|1700480426\n|switch|p2a: Goodra|Goodra-Hisui, F|100\/100\n|switch|p1a: Toxapex|Toxapex, F|100\/100\n|\n|upkeep\n|turn|3\n|\n|t:|1700480434\n|switch|p1a: Clodsire|Clodsire, F|83\/100\n|move|p2a: Goodra|Dragon Tail|p1a: Clodsire\n|-damage|p1a: Clodsire|60\/100\n|drag|p1a: Alomomola|Alomomola, F|100\/100\n|\n|upkeep\n|turn|4\n|\n|t:|1700480442\n|move|p1a: Alomomola|Protect|p1a: Alomomola\n|-singleturn|p1a: Alomomola|Protect\n|move|p2a: Goodra|Acid Armor|p2a: Goodra\n|-boost|p2a: Goodra|def|2\n|\n|upkeep\n|turn|5\n|\n|t:|1700480448\n|switch|p1a: Toxapex|Toxapex, F|100\/100\n|move|p2a: Goodra|Dragon Tail|p1a: Toxapex\n|-damage|p1a: Toxapex|89\/100\n|drag|p1a: Alomomola|Alomomola, F|100\/100\n|\n|upkeep\n|turn|6\n|\n|t:|1700480459\n|switch|p1a: Toxapex|Toxapex, F|100\/100\n|switch|p2a: Naclstack|Naclstack, F|100\/100\n|\n|upkeep\n|turn|7\n|\n|t:|1700480468\n|move|p2a: Naclstack|Salt Cure|p1a: Toxapex\n|-damage|p1a: Toxapex|95\/100\n|-start|p1a: Toxapex|Salt Cure\n|move|p1a: Toxapex|Infestation|p2a: Naclstack\n|-damage|p2a: Naclstack|98\/100\n|-activate|p2a: Naclstack|move: Infestation|[of] p1a: Toxapex\n|\n|-damage|p2a: Naclstack|86\/100|[from] move: Infestation|[partiallytrapped]\n|-damage|p1a: Toxapex|70\/100|[from] Salt Cure\n|upkeep\n|turn|8\n|\n|t:|1700480479\n|switch|p1a: Clodsire|Clodsire, F|60\/100\n|move|p2a: Naclstack|Iron Defense|p2a: Naclstack\n|-boost|p2a: Naclstack|def|2\n|\n|-end|p2a: Naclstack|Infestation|[partiallytrapped]|[silent]\n|upkeep\n|turn|9\n|\n|t:|1700480486\n|move|p2a: Naclstack|Salt Cure|p1a: Clodsire\n|-resisted|p1a: Clodsire\n|-damage|p1a: Clodsire|55\/100\n|-start|p1a: Clodsire|Salt Cure\n|move|p1a: Clodsire|Earthquake|p2a: Naclstack\n|-supereffective|p2a: Naclstack\n|-damage|p2a: Naclstack|50\/100\n|\n|-damage|p1a: Clodsire|43\/100|[from] Salt Cure\n|upkeep\n|turn|10\n|\n|t:|1700480496\n|move|p2a: Naclstack|Recover|p2a: Naclstack\n|-heal|p2a: Naclstack|99\/100\n|move|p1a: Clodsire|Recover|p1a: Clodsire\n|-heal|p1a: Clodsire|93\/100\n|\n|-damage|p1a: Clodsire|80\/100|[from] Salt Cure\n|upkeep\n|turn|11\n|\n|t:|1700480506\n|switch|p1a: Toxapex|Toxapex, F|100\/100\n|move|p2a: Naclstack|Body Press|p1a: Toxapex\n|-resisted|p1a: Toxapex\n|-damage|p1a: Toxapex|89\/100\n|\n|upkeep\n|turn|12\n|\n|t:|1700480513\n|move|p2a: Naclstack|Salt Cure|p1a: Toxapex\n|-damage|p1a: Toxapex|84\/100\n|-start|p1a: Toxapex|Salt Cure\n|move|p1a: Toxapex|Haze|p1a: Toxapex\n|-clearallboost\n|\n|-damage|p1a: Toxapex|59\/100|[from] Salt Cure\n|upkeep\n|turn|13\n|\n|t:|1700480522\n|switch|p1a: Alomomola|Alomomola, F|100\/100\n|move|p2a: Naclstack|Iron Defense|p2a: Naclstack\n|-boost|p2a: Naclstack|def|2\n|\n|upkeep\n|turn|14\n|\n|t:|1700480529\n|move|p1a: Alomomola|Whirlpool|p2a: Naclstack|[miss]\n|-miss|p1a: Alomomola|p2a: Naclstack\n|move|p2a: Naclstack|Salt Cure|p1a: Alomomola\n|-damage|p1a: Alomomola|96\/100\n|-start|p1a: Alomomola|Salt Cure\n|\n|-damage|p1a: Alomomola|71\/100|[from] Salt Cure\n|upkeep\n|turn|15\n|\n|t:|1700480538\n|switch|p1a: Toxapex|Toxapex, F|92\/100\n|switch|p2a: Pincurchin|Pincurchin, M|100\/100\n|-fieldstart|move: Electric Terrain|[from] ability: Electric Surge|[of] p2a: Pincurchin\n|\n|upkeep\n|turn|16\n|\n|t:|1700480547\n|switch|p1a: Clodsire|Clodsire, F|80\/100\n|move|p2a: Pincurchin|Discharge|p1a: Clodsire\n|-immune|p1a: Clodsire\n|\n|upkeep\n|turn|17\n|\n|t:|1700480555\n|move|p1a: Clodsire|Toxic|p2a: Pincurchin\n|-status|p2a: Pincurchin|tox\n|move|p2a: Pincurchin|Spikes|p1a: Clodsire\n|-sidestart|p1: jklmnooa|Spikes\n|\n|-damage|p2a: Pincurchin|94\/100 tox|[from] psn\n|upkeep\n|turn|18\n|\n|t:|1700480562\n|move|p1a: Clodsire|Earthquake|p2a: Pincurchin\n|-supereffective|p2a: Pincurchin\n|-damage|p2a: Pincurchin|26\/100 tox\n|move|p2a: Pincurchin|Spikes|p1a: Clodsire\n|-sidestart|p1: jklmnooa|Spikes\n|\n|-damage|p2a: Pincurchin|14\/100 tox|[from] psn\n|upkeep\n|turn|19\n|\n|t:|1700480572\n|switch|p2a: Iron Leaves|Iron Leaves|100\/100\n|-activate|p2a: Iron Leaves|ability: Quark Drive\n|-start|p2a: Iron Leaves|quarkdriveatk\n|move|p1a: Clodsire|Earthquake|p2a: Iron Leaves\n|-resisted|p2a: Iron Leaves\n|-damage|p2a: Iron Leaves|84\/100\n|\n|-heal|p2a: Iron Leaves|90\/100|[from] item: Leftovers\n|upkeep\n|turn|20\n|\n|t:|1700480583\n|switch|p1a: Talonflame|Talonflame, M|100\/100\n|move|p2a: Iron Leaves|Psyblade|p1a: Talonflame\n|-damage|p1a: Talonflame|13\/100\n|\n|-heal|p2a: Iron Leaves|96\/100|[from] item: Leftovers\n|upkeep\n|turn|21\n|\n|t:|1700480605\n|move|p1a: Talonflame|Roost|p1a: Talonflame\n|-heal|p1a: Talonflame|63\/100\n|-singleturn|p1a: Talonflame|move: Roost\n|move|p2a: Iron Leaves|Agility|p2a: Iron Leaves\n|-boost|p2a: Iron Leaves|spe|2\n|\n|-heal|p2a: Iron Leaves|100\/100|[from] item: Leftovers\n|upkeep\n|turn|22\n|\n|t:|1700480615\n|move|p2a: Iron Leaves|Psyblade|p1a: Talonflame\n|-damage|p1a: Talonflame|0 fnt\n|faint|p1a: Talonflame\n|\n|-fieldend|move: Electric Terrain\n|-end|p2a: Iron Leaves|Quark Drive\n|upkeep\n|\n|t:|1700480619\n|switch|p1a: Dondozo|Dondozo, M|100\/100\n|turn|23\n|\n|t:|1700480624\n|move|p2a: Iron Leaves|Swords Dance|p2a: Iron Leaves\n|-boost|p2a: Iron Leaves|atk|2\n|move|p1a: Dondozo|Body Press|p2a: Iron Leaves\n|-resisted|p2a: Iron Leaves\n|-damage|p2a: Iron Leaves|85\/100\n|\n|-heal|p2a: Iron Leaves|91\/100|[from] item: Leftovers\n|upkeep\n|turn|24\n|\n|t:|1700480635\n|move|p2a: Iron Leaves|Sacred Sword|p1a: Dondozo\n|-damage|p1a: Dondozo|85\/100\n|move|p1a: Dondozo|Heavy Slam|p2a: Iron Leaves\n|-damage|p2a: Iron Leaves|81\/100\n|\n|-heal|p2a: Iron Leaves|87\/100|[from] item: Leftovers\n|upkeep\n|turn|25\n|\n|t:|1700480646\n|move|p2a: Iron Leaves|Psyblade|p1a: Dondozo\n|-damage|p1a: Dondozo|65\/100\n|move|p1a: Dondozo|Heavy Slam|p2a: Iron Leaves\n|-damage|p2a: Iron Leaves|76\/100\n|\n|-heal|p2a: Iron Leaves|82\/100|[from] item: Leftovers\n|upkeep\n|turn|26\n|inactive|jklmnooa has 120 seconds left.\n|\n|t:|1700480682\n|move|p2a: Iron Leaves|Agility|p2a: Iron Leaves\n|-boost|p2a: Iron Leaves|spe|2\n|move|p1a: Dondozo|Heavy Slam|p2a: Iron Leaves\n|-damage|p2a: Iron Leaves|72\/100\n|\n|-heal|p2a: Iron Leaves|78\/100|[from] item: Leftovers\n|upkeep\n|turn|27\n|\n|t:|1700480696\n|move|p2a: Iron Leaves|Swords Dance|p2a: Iron Leaves\n|-boost|p2a: Iron Leaves|atk|2\n|move|p1a: Dondozo|Body Press|p2a: Iron Leaves\n|-resisted|p2a: Iron Leaves\n|-damage|p2a: Iron Leaves|61\/100\n|\n|-heal|p2a: Iron Leaves|67\/100|[from] item: Leftovers\n|upkeep\n|turn|28\n|\n|t:|1700480706\n|-terastallize|p2a: Iron Leaves|Fighting\n|move|p2a: Iron Leaves|Sacred Sword|p1a: Dondozo\n|-damage|p1a: Dondozo|44\/100\n|move|p1a: Dondozo|Body Press|p2a: Iron Leaves\n|-damage|p2a: Iron Leaves|34\/100\n|\n|-heal|p2a: Iron Leaves|40\/100|[from] item: Leftovers\n|upkeep\n|turn|29\n|\n|t:|1700480717\n|move|p2a: Iron Leaves|Sacred Sword|p1a: Dondozo\n|-damage|p1a: Dondozo|20\/100\n|move|p1a: Dondozo|Rest|p1a: Dondozo\n|-status|p1a: Dondozo|slp|[from] move: Rest\n|-heal|p1a: Dondozo|100\/100 slp|[silent]\n|\n|-heal|p2a: Iron Leaves|47\/100|[from] item: Leftovers\n|upkeep\n|turn|30\n|\n|t:|1700480728\n|-end|p2a: Iron Leaves|Quark Drive|[silent]\n|switch|p2a: \ud83d\udc80|Glimmora, M|100\/100\n|cant|p1a: Dondozo|slp\n|move|p1a: Dondozo|Sleep Talk|p1a: Dondozo\n|move|p1a: Dondozo|Rest||[from]move: Sleep Talk|[still]\n|-fail|p1a: Dondozo\n|\n|upkeep\n|turn|31\n|\n|t:|1700480737\n|switch|p1a: Clodsire|Clodsire, F|80\/100\n|move|p2a: \ud83d\udc80|Energy Ball|p1a: Clodsire\n|-damage|p1a: Clodsire|63\/100\n|-unboost|p1a: Clodsire|spd|1\n|\n|upkeep\n|turn|32\n|\n|t:|1700480750\n|switch|p2a: Pincurchin|Pincurchin, M|14\/100 tox\n|-fieldstart|move: Electric Terrain|[from] ability: Electric Surge|[of] p2a: Pincurchin\n|switch|p1a: Blissey|Blissey, F, shiny|100\/100\n|\n|-damage|p2a: Pincurchin|8\/100 tox|[from] psn\n|upkeep\n|turn|33\n|\n|t:|1700480763\n|move|p1a: Blissey|Stealth Rock|p2a: Pincurchin\n|-sidestart|p2: haxorus2|move: Stealth Rock\n|move|p2a: Pincurchin|Discharge|p1a: Blissey\n|-damage|p1a: Blissey|88\/100\n|\n|-damage|p2a: Pincurchin|0 fnt|[from] psn\n|faint|p2a: Pincurchin\n|upkeep\n|\n|t:|1700480772\n|switch|p2a: Revavroom|Revavroom, M|100\/100\n|-damage|p2a: Revavroom|94\/100|[from] Stealth Rock\n|turn|34\n|\n|t:|1700480777\n|switch|p1a: Clodsire|Clodsire, F|63\/100\n|move|p2a: Revavroom|Shift Gear|p2a: Revavroom\n|-boost|p2a: Revavroom|spe|2\n|-boost|p2a: Revavroom|atk|1\n|\n|-heal|p2a: Revavroom|100\/100|[from] item: Leftovers\n|upkeep\n|turn|35\n|\n|t:|1700480786\n|move|p2a: Revavroom|High Horsepower|p1a: Clodsire\n|-supereffective|p1a: Clodsire\n|-damage|p1a: Clodsire|0 fnt\n|faint|p1a: Clodsire\n|\n|upkeep\n|\n|t:|1700480805\n|switch|p1a: Dondozo|Dondozo, M|100\/100 slp\n|turn|36\n|\n|t:|1700480810\n|switch|p2a: Naclstack|Naclstack, F|99\/100\n|-damage|p2a: Naclstack|88\/100|[from] Stealth Rock\n|cant|p1a: Dondozo|slp\n|move|p1a: Dondozo|Sleep Talk|p1a: Dondozo\n|move|p1a: Dondozo|Body Press|p2a: Naclstack|[from]move: Sleep Talk\n|-supereffective|p2a: Naclstack\n|-damage|p2a: Naclstack|45\/100\n|\n|upkeep\n|turn|37\n|\n|t:|1700480821\n|switch|p1a: Toxapex|Toxapex, F|100\/100\n|move|p2a: Naclstack|Salt Cure|p1a: Toxapex\n|-damage|p1a: Toxapex|95\/100\n|-start|p1a: Toxapex|Salt Cure\n|\n|-damage|p1a: Toxapex|70\/100|[from] Salt Cure\n|upkeep\n|turn|38\n|\n|t:|1700480829\n|switch|p1a: Alomomola|Alomomola, F|100\/100\n|move|p2a: Naclstack|Salt Cure|p1a: Alomomola\n|-damage|p1a: Alomomola|96\/100\n|-start|p1a: Alomomola|Salt Cure\n|\n|-damage|p1a: Alomomola|71\/100|[from] Salt Cure\n|upkeep\n|turn|39\n|\n|t:|1700480839\n|move|p1a: Alomomola|Flip Turn|p2a: Naclstack\n|-supereffective|p2a: Naclstack\n|-crit|p2a: Naclstack\n|-damage|p2a: Naclstack|9\/100\n|\n|t:|1700480841\n|switch|p1a: Toxapex|Toxapex, F|100\/100|[from] Flip Turn\n|move|p2a: Naclstack|Recover|p2a: Naclstack\n|-heal|p2a: Naclstack|59\/100\n|\n|-fieldend|move: Electric Terrain\n|upkeep\n|turn|40\n|inactive|haxorus2 has 120 seconds left.\n|inactive|haxorus2 has 90 seconds left.\n|inactive|haxorus2 has 60 seconds left.\n|inactive|haxorus2 has 30 seconds left.\n|inactive|haxorus2 has 20 seconds left.\n|inactive|haxorus2 has 15 seconds left.\n|inactive|haxorus2 has 10 seconds left.\n|inactive|haxorus2 has 5 seconds left.\n|-message|haxorus2 lost due to inactivity.\n|\n|win|jklmnooa\n|raw|jklmnooa's rating: 1106 &rarr; <strong>1129<\/strong><br \/>(+23 for winning)\n|raw|haxorus2's rating: 1078 &rarr; <strong>1058<\/strong><br \/>(-20 for losing)\n|l|\u2606haxorus2\n","uploadtime":1700482765,"views":4,"p1id":"jklmnooa","p2id":"haxorus2","formatid":"gen9ou","rating":1058,"private":0,"password":""}