{"id":"gen9ou-1993143485","p1":"Vireces","p2":"ToastGhost17","format":"[Gen 9] OU","log":"|j|\u2606Vireces\n|j|\u2606ToastGhost17\n|t:|1700269980\n|gametype|singles\n|player|p1|Vireces|gambler|1211\n|player|p2|ToastGhost17|giovanni|1196\n|teamsize|p1|6\n|teamsize|p2|6\n|gen|9\n|tier|[Gen 9] OU\n|rated|\n|rule|Sleep Clause Mod: Limit one foe put to sleep\n|rule|Species Clause: Limit one of each Pok\u00e9mon\n|rule|OHKO Clause: OHKO moves are banned\n|rule|Evasion Items Clause: Evasion items are banned\n|rule|Evasion Moves Clause: Evasion moves are banned\n|rule|Endless Battle Clause: Forcing endless battles is banned\n|rule|HP Percentage Mod: HP is shown in percentages\n|clearpoke\n|poke|p1|Arcanine-Hisui, M|\n|poke|p1|Goodra-Hisui, M|\n|poke|p1|Mandibuzz, F|\n|poke|p1|Chandelure, F|\n|poke|p1|Great Tusk|\n|poke|p1|Iron Hands|\n|poke|p2|Dipplin, M|\n|poke|p2|Chandelure, F|\n|poke|p2|Manaphy|\n|poke|p2|Sinistcha|\n|poke|p2|Ogerpon-Cornerstone, F|\n|poke|p2|Espeon, M|\n|teampreview\n|inactive|Battle timer is ON: inactive players will automatically lose when time's up. (requested by ToastGhost17)\n|\n|t:|1700270000\n|start\n|switch|p1a: Goodra|Goodra-Hisui, M|100\/100\n|switch|p2a: Espeon|Espeon, M|100\/100\n|turn|1\n|\n|t:|1700270020\n|switch|p2a: Sinistcha|Sinistcha|100\/100\n|move|p1a: Goodra|Heavy Slam|p2a: Sinistcha\n|-damage|p2a: Sinistcha|61\/100\n|\n|upkeep\n|turn|2\n|\n|t:|1700270027\n|move|p2a: Sinistcha|Strength Sap|p1a: Goodra\n|-ability|p1a: Goodra|Sap Sipper|boost\n|-boost|p1a: Goodra|atk|1\n|move|p1a: Goodra|Ice Beam|p2a: Sinistcha\n|-supereffective|p2a: Sinistcha\n|-damage|p2a: Sinistcha|7\/100\n|\n|upkeep\n|turn|3\n|\n|t:|1700270042\n|switch|p2a: Chandelure|Chandelure, F|100\/100\n|move|p1a: Goodra|Earthquake|p2a: Chandelure\n|-supereffective|p2a: Chandelure\n|-damage|p2a: Chandelure|2\/100\n|\n|-heal|p2a: Chandelure|8\/100|[from] item: Leftovers\n|upkeep\n|turn|4\n|\n|t:|1700270054\n|move|p2a: Chandelure|Shadow Ball|p1a: Goodra\n|-damage|p1a: Goodra|74\/100\n|move|p1a: Goodra|Heavy Slam|p2a: Chandelure\n|-resisted|p2a: Chandelure\n|-damage|p2a: Chandelure|0 fnt\n|faint|p2a: Chandelure\n|\n|-heal|p1a: Goodra|80\/100|[from] item: Leftovers\n|upkeep\n|\n|t:|1700270067\n|switch|p2a: Manaphy|Manaphy|100\/100\n|turn|5\n|\n|t:|1700270072\n|move|p2a: Manaphy|Tail Glow|p2a: Manaphy\n|-boost|p2a: Manaphy|spa|3\n|move|p1a: Goodra|Earthquake|p2a: Manaphy\n|-damage|p2a: Manaphy|68\/100\n|\n|-heal|p1a: Goodra|86\/100|[from] item: Leftovers\n|upkeep\n|turn|6\n|\n|t:|1700270080\n|move|p2a: Manaphy|Ice Beam|p1a: Goodra\n|-damage|p1a: Goodra|46\/100\n|move|p1a: Goodra|Earthquake|p2a: Manaphy\n|-damage|p2a: Manaphy|35\/100\n|\n|-heal|p1a: Goodra|52\/100|[from] item: Leftovers\n|upkeep\n|turn|7\n|\n|t:|1700270087\n|move|p2a: Manaphy|Ice Beam|p1a: Goodra\n|-damage|p1a: Goodra|16\/100\n|move|p1a: Goodra|Earthquake|p2a: Manaphy\n|-damage|p2a: Manaphy|0 fnt\n|faint|p2a: Manaphy\n|\n|-heal|p1a: Goodra|22\/100|[from] item: Leftovers\n|upkeep\n|\n|t:|1700270095\n|switch|p2a: Espeon|Espeon, M|100\/100\n|turn|8\n|\n|t:|1700270098\n|move|p2a: Espeon|Psychic|p1a: Goodra\n|-resisted|p1a: Goodra\n|-damage|p1a: Goodra|4\/100\n|-damage|p2a: Espeon|91\/100|[from] item: Life Orb\n|move|p1a: Goodra|Heavy Slam|p2a: Espeon\n|-crit|p2a: Espeon\n|-damage|p2a: Espeon|0 fnt\n|faint|p2a: Espeon\n|\n|-heal|p1a: Goodra|10\/100|[from] item: Leftovers\n|upkeep\n|-message|ToastGhost17 forfeited.\n|\n|win|Vireces\n|raw|Vireces's rating: 1211 &rarr; <strong>1235<\/strong><br \/>(+24 for winning)\n|raw|ToastGhost17's rating: 1196 &rarr; <strong>1172<\/strong><br \/>(-24 for losing)\n|l|\u2606ToastGhost17\n","uploadtime":1700270121,"views":23,"p1id":"vireces","p2id":"toastghost17","formatid":"gen9ou","rating":1172,"private":0,"password":""}