{"id":"gen9ou-1992607600","p1":"F1shyy","p2":"xnckkc","format":"[Gen 9] OU","log":"|j|\u2606F1shyy\n|j|\u2606xnckkc\n|t:|1700213883\n|gametype|singles\n|player|p1|F1shyy|101|1178\n|player|p2|xnckkc|265|1183\n|teamsize|p1|6\n|teamsize|p2|6\n|gen|9\n|tier|[Gen 9] OU\n|rated|\n|rule|Sleep Clause Mod: Limit one foe put to sleep\n|rule|Species Clause: Limit one of each Pok\u00e9mon\n|rule|OHKO Clause: OHKO moves are banned\n|rule|Evasion Items Clause: Evasion items are banned\n|rule|Evasion Moves Clause: Evasion moves are banned\n|rule|Endless Battle Clause: Forcing endless battles is banned\n|rule|HP Percentage Mod: HP is shown in percentages\n|clearpoke\n|poke|p1|Torkoal, M|\n|poke|p1|Zapdos|\n|poke|p1|Walking Wake|\n|poke|p1|Great Tusk|\n|poke|p1|Iron Valiant|\n|poke|p1|Dragapult, M|\n|poke|p2|Cinderace, F|\n|poke|p2|Gholdengo|\n|poke|p2|Greninja-*, M|\n|poke|p2|Great Tusk|\n|poke|p2|Iron Moth|\n|poke|p2|Kleavor, M|\n|teampreview\n|inactive|Battle timer is ON: inactive players will automatically lose when time's up. (requested by xnckkc)\n|\n|t:|1700213892\n|start\n|switch|p1a: Torkoal|Torkoal, M|100\/100\n|switch|p2a: Kleavor|Kleavor, M|100\/100\n|-weather|SunnyDay|[from] ability: Drought|[of] p1a: Torkoal\n|turn|1\n|\n|t:|1700213904\n|move|p2a: Kleavor|Stone Axe|p1a: Torkoal|[miss]\n|-miss|p2a: Kleavor|p1a: Torkoal\n|move|p1a: Torkoal|Stealth Rock|p2a: Kleavor\n|-sidestart|p2: xnckkc|move: Stealth Rock\n|\n|-weather|SunnyDay|[upkeep]\n|upkeep\n|turn|2\n|\n|t:|1700213912\n|move|p2a: Kleavor|Stone Axe|p1a: Torkoal\n|-supereffective|p1a: Torkoal\n|-damage|p1a: Torkoal|30\/100\n|-sidestart|p1: F1shyy|move: Stealth Rock\n|move|p1a: Torkoal|Rapid Spin|p2a: Kleavor\n|-resisted|p2a: Kleavor\n|-damage|p2a: Kleavor|94\/100\n|-boost|p1a: Torkoal|spe|1\n|-sideend|p1: F1shyy|Stealth Rock|[from] move: Rapid Spin|[of] p1a: Torkoal\n|\n|-weather|SunnyDay|[upkeep]\n|upkeep\n|turn|3\n|\n|t:|1700213921\n|switch|p1a: Great Tusk|Great Tusk|100\/100\n|-activate|p1a: Great Tusk|ability: Protosynthesis\n|-start|p1a: Great Tusk|protosynthesisspe\n|move|p2a: Kleavor|Stone Axe|p1a: Great Tusk\n|-resisted|p1a: Great Tusk\n|-damage|p1a: Great Tusk|92\/100\n|-sidestart|p1: F1shyy|move: Stealth Rock\n|\n|-weather|SunnyDay|[upkeep]\n|-heal|p1a: Great Tusk|98\/100|[from] item: Leftovers\n|upkeep\n|turn|4\n|\n|t:|1700213940\n|switch|p2a: Gholdengo|Gholdengo|100\/100\n|-damage|p2a: Gholdengo|94\/100|[from] Stealth Rock\n|move|p1a: Great Tusk|Ice Spinner|p2a: Gholdengo\n|-resisted|p2a: Gholdengo\n|-damage|p2a: Gholdengo|80\/100\n|\n|-weather|SunnyDay|[upkeep]\n|-heal|p1a: Great Tusk|100\/100|[from] item: Leftovers\n|upkeep\n|turn|5\n|\n|t:|1700213946\n|-terastallize|p2a: Gholdengo|Flying\n|move|p1a: Great Tusk|Earthquake|p2a: Gholdengo\n|-immune|p2a: Gholdengo\n|move|p2a: Gholdengo|Trick|p1a: Great Tusk\n|-activate|p2a: Gholdengo|move: Trick|[of] p1a: Great Tusk\n|-item|p1a: Great Tusk|Choice Scarf|[from] move: Trick\n|-item|p2a: Gholdengo|Leftovers|[from] move: Trick\n|\n|-weather|SunnyDay|[upkeep]\n|-heal|p2a: Gholdengo|87\/100|[from] item: Leftovers\n|upkeep\n|turn|6\n|\n|t:|1700213955\n|move|p1a: Great Tusk|Ice Spinner|p2a: Gholdengo\n|-supereffective|p2a: Gholdengo\n|-damage|p2a: Gholdengo|33\/100\n|move|p2a: Gholdengo|Shadow Ball|p1a: Great Tusk\n|-damage|p1a: Great Tusk|42\/100\n|\n|-weather|SunnyDay|[upkeep]\n|-heal|p2a: Gholdengo|39\/100|[from] item: Leftovers\n|upkeep\n|turn|7\n|\n|t:|1700213970\n|-end|p1a: Great Tusk|Protosynthesis|[silent]\n|switch|p1a: Walking Wake|Walking Wake|100\/100\n|-activate|p1a: Walking Wake|ability: Protosynthesis\n|-start|p1a: Walking Wake|protosynthesisspa\n|switch|p2a: Great Tusk|Great Tusk|100\/100\n|-damage|p2a: Great Tusk|98\/100|[from] Stealth Rock\n|-activate|p2a: Great Tusk|ability: Protosynthesis\n|-start|p2a: Great Tusk|protosynthesisatk\n|\n|-weather|SunnyDay|[upkeep]\n|upkeep\n|turn|8\n|\n|t:|1700213990\n|-terastallize|p1a: Walking Wake|Water\n|move|p1a: Walking Wake|Hydro Steam|p2a: Great Tusk\n|-supereffective|p2a: Great Tusk\n|-damage|p2a: Great Tusk|0 fnt\n|faint|p2a: Great Tusk\n|-end|p2a: Great Tusk|Protosynthesis|[silent]\n|\n|-weather|none\n|-end|p1a: Walking Wake|Protosynthesis\n|upkeep\n|inactive|xnckkc has 120 seconds left.\n|\n|t:|1700214021\n|switch|p2a: Iron Moth|Iron Moth|100\/100\n|-damage|p2a: Iron Moth|76\/100|[from] Stealth Rock\n|-enditem|p2a: Iron Moth|Booster Energy\n|-activate|p2a: Iron Moth|ability: Quark Drive|[fromitem]\n|-start|p2a: Iron Moth|quarkdrivespe\n|turn|9\n|\n|t:|1700214042\n|move|p2a: Iron Moth|Acid Spray|p1a: Walking Wake\n|-damage|p1a: Walking Wake|77\/100\n|-unboost|p1a: Walking Wake|spd|2\n|move|p1a: Walking Wake|Hydro Steam|p2a: Iron Moth\n|-supereffective|p2a: Iron Moth\n|-damage|p2a: Iron Moth|0 fnt\n|faint|p2a: Iron Moth\n|-end|p2a: Iron Moth|Quark Drive|[silent]\n|\n|upkeep\n|\n|t:|1700214051\n|switch|p2a: Kleavor|Kleavor, M|94\/100\n|-damage|p2a: Kleavor|70\/100|[from] Stealth Rock\n|turn|10\n|inactive|F1shyy has 120 seconds left.\n|\n|t:|1700214071\n|move|p2a: Kleavor|Stone Axe|p1a: Walking Wake\n|-damage|p1a: Walking Wake|14\/100\n|move|p1a: Walking Wake|Hydro Steam|p2a: Kleavor\n|-supereffective|p2a: Kleavor\n|-damage|p2a: Kleavor|0 fnt\n|faint|p2a: Kleavor\n|\n|upkeep\n|\n|t:|1700214075\n|switch|p2a: Greninja|Greninja, M|100\/100\n|-damage|p2a: Greninja|88\/100|[from] Stealth Rock\n|turn|11\n|inactive|F1shyy has 120 seconds left.\n|\n|t:|1700214101\n|-end|p1a: Walking Wake|Protosynthesis|[silent]\n|switch|p1a: Iron Valiant|Iron Valiant|100\/100\n|-damage|p1a: Iron Valiant|94\/100|[from] Stealth Rock\n|-enditem|p1a: Iron Valiant|Booster Energy\n|-activate|p1a: Iron Valiant|ability: Quark Drive|[fromitem]\n|-start|p1a: Iron Valiant|quarkdrivespe\n|move|p2a: Greninja|Surf|p1a: Iron Valiant\n|-damage|p1a: Iron Valiant|0 fnt\n|faint|p1a: Iron Valiant\n|-end|p1a: Iron Valiant|Quark Drive|[silent]\n|-ability|p2a: Greninja|Battle Bond|boost\n|-boost|p2a: Greninja|atk|1\n|-boost|p2a: Greninja|spa|1\n|-boost|p2a: Greninja|spe|1\n|-activate|p2a: Greninja|ability: Battle Bond\n|-damage|p2a: Greninja|78\/100|[from] item: Life Orb\n|\n|upkeep\n|l|\u2606F1shyy\n|inactive|F1shyy disconnected and has a minute to reconnect!\n|player|p1|\n|j|\u2606F1shyy\n|inactive|F1shyy reconnected and has 95 seconds left.\n|player|p1|F1shyy|101\n|inactive|F1shyy has 90 seconds left.\n|\n|t:|1700214127\n|switch|p1a: Torkoal|Torkoal, M|30\/100\n|-damage|p1a: Torkoal|5\/100|[from] Stealth Rock\n|-weather|SunnyDay|[from] ability: Drought|[of] p1a: Torkoal\n|turn|12\n|\n|t:|1700214138\n|move|p2a: Greninja|Water Shuriken|p1a: Torkoal\n|-supereffective|p1a: Torkoal\n|-damage|p1a: Torkoal|0 fnt\n|faint|p1a: Torkoal\n|-hitcount|p1: Torkoal|1\n|-damage|p2a: Greninja|69\/100|[from] item: Life Orb\n|\n|-weather|SunnyDay|[upkeep]\n|upkeep\n|inactive|F1shyy has 90 seconds left.\n|\n|t:|1700214168\n|switch|p1a: Walking Wake|Walking Wake, tera:Water|14\/100\n|-activate|p1a: Walking Wake|ability: Protosynthesis\n|-start|p1a: Walking Wake|protosynthesisspa\n|turn|13\n|\n|t:|1700214175\n|move|p2a: Greninja|Dark Pulse|p1a: Walking Wake\n|-damage|p1a: Walking Wake|0 fnt\n|faint|p1a: Walking Wake\n|-end|p1a: Walking Wake|Protosynthesis|[silent]\n|-damage|p2a: Greninja|59\/100|[from] item: Life Orb\n|\n|-weather|SunnyDay|[upkeep]\n|upkeep\n|\n|t:|1700214183\n|switch|p1a: Great Tusk|Great Tusk|42\/100\n|-damage|p1a: Great Tusk|39\/100|[from] Stealth Rock\n|-activate|p1a: Great Tusk|ability: Protosynthesis\n|-start|p1a: Great Tusk|protosynthesisspe\n|turn|14\n|\n|t:|1700214189\n|move|p1a: Great Tusk|Earthquake|p2a: Greninja\n|-damage|p2a: Greninja|0 fnt\n|faint|p2a: Greninja\n|\n|-weather|SunnyDay|[upkeep]\n|upkeep\n|\n|t:|1700214195\n|switch|p2a: Cinderace|Cinderace, F|100\/100\n|turn|15\n|c|\u2606F1shyy|Thanks for the scarf\n|\n|t:|1700214201\n|move|p1a: Great Tusk|Earthquake|p2a: Cinderace\n|-supereffective|p2a: Cinderace\n|-damage|p2a: Cinderace|0 fnt\n|faint|p2a: Cinderace\n|\n|-weather|SunnyDay|[upkeep]\n|upkeep\n|\n|t:|1700214203\n|switch|p2a: Gholdengo|Gholdengo, tera:Flying|39\/100\n|-damage|p2a: Gholdengo|14\/100|[from] Stealth Rock\n|turn|16\n|\n|t:|1700214212\n|-end|p1a: Great Tusk|Protosynthesis|[silent]\n|switch|p1a: Dragapult|Dragapult, M|100\/100\n|move|p2a: Gholdengo|Recover|p2a: Gholdengo\n|-heal|p2a: Gholdengo|65\/100\n|\n|-weather|SunnyDay|[upkeep]\n|-heal|p2a: Gholdengo|71\/100|[from] item: Leftovers\n|upkeep\n|turn|17\n|\n|t:|1700214218\n|move|p1a: Dragapult|Hex|p2a: Gholdengo\n|-damage|p2a: Gholdengo|38\/100\n|move|p2a: Gholdengo|Shadow Ball|p1a: Dragapult\n|-supereffective|p1a: Dragapult\n|-damage|p1a: Dragapult|0 fnt\n|faint|p1a: Dragapult\n|\n|-weather|SunnyDay|[upkeep]\n|-heal|p2a: Gholdengo|44\/100|[from] item: Leftovers\n|upkeep\n|\n|t:|1700214222\n|switch|p1a: Great Tusk|Great Tusk|39\/100\n|-damage|p1a: Great Tusk|36\/100|[from] Stealth Rock\n|-activate|p1a: Great Tusk|ability: Protosynthesis\n|-start|p1a: Great Tusk|protosynthesisspe\n|turn|18\n|\n|t:|1700214226\n|move|p1a: Great Tusk|Ice Spinner|p2a: Gholdengo\n|-supereffective|p2a: Gholdengo\n|-damage|p2a: Gholdengo|0 fnt\n|faint|p2a: Gholdengo\n|\n|win|F1shyy\n|raw|F1shyy's rating: 1178 &rarr; <strong>1203<\/strong><br \/>(+25 for winning)\n|raw|xnckkc's rating: 1183 &rarr; <strong>1158<\/strong><br \/>(-25 for losing)\n|l|\u2606xnckkc\n","uploadtime":1700214232,"views":18,"p1id":"f1shyy","p2id":"xnckkc","formatid":"gen9ou","rating":1158,"private":0,"password":""}