{"id":"gen9ou-1998209146","p1":"Gabriel RDD","p2":"RSDPM","format":"[Gen 9] OU","log":"|j|\u2606Gabriel RDD\n|j|\u2606RSDPM\n|t:|1700913019\n|gametype|singles\n|player|p1|Gabriel RDD|265|1259\n|player|p2|RSDPM|riley|1343\n|teamsize|p1|6\n|teamsize|p2|6\n|gen|9\n|tier|[Gen 9] OU\n|rated|\n|rule|Sleep Clause Mod: Limit one foe put to sleep\n|rule|Species Clause: Limit one of each Pok\u00e9mon\n|rule|OHKO Clause: OHKO moves are banned\n|rule|Evasion Items Clause: Evasion items are banned\n|rule|Evasion Moves Clause: Evasion moves are banned\n|rule|Endless Battle Clause: Forcing endless battles is banned\n|rule|HP Percentage Mod: HP is shown in percentages\n|clearpoke\n|poke|p1|Cinderace, F|\n|poke|p1|Mew|\n|poke|p1|Quaquaval, M|\n|poke|p1|Dragonite, M|\n|poke|p1|Zamazenta-*|\n|poke|p1|Iron Valiant|\n|poke|p2|Arcanine-Hisui, M|\n|poke|p2|Electrode-Hisui|\n|poke|p2|Lilligant-Hisui, F|\n|poke|p2|Zoroark-Hisui, F|\n|poke|p2|Braviary-Hisui, M|\n|poke|p2|Avalugg-Hisui, M|\n|teampreview\n|\n|t:|1700913055\n|start\n|switch|p1a: Quaquaval|Quaquaval, M|100\/100\n|switch|p2a: Arcanine|Arcanine-Hisui, M|100\/100\n|turn|1\n|inactive|Battle timer is ON: inactive players will automatically lose when time's up. (requested by RSDPM)\n|\n|t:|1700913069\n|move|p2a: Arcanine|Bitter Malice|p1a: Quaquaval\n|-damage|p1a: Quaquaval|48\/100\n|-unboost|p1a: Quaquaval|atk|1\n|move|p1a: Quaquaval|Aqua Step|p2a: Arcanine\n|-damage|p2a: Arcanine|44\/100\n|-boost|p1a: Quaquaval|spe|1\n|replace|p2a: Zoroark|Zoroark-Hisui, F\n|-end|p2a: Zoroark|Illusion\n|\n|-heal|p1a: Quaquaval|54\/100|[from] item: Leftovers\n|upkeep\n|turn|2\n|\n|t:|1700913083\n|move|p2a: Zoroark|Bitter Malice|p1a: Quaquaval\n|-damage|p1a: Quaquaval|0 fnt\n|faint|p1a: Quaquaval\n|\n|upkeep\n|\n|t:|1700913091\n|switch|p1a: Dragonite|Dragonite, M|100\/100\n|turn|3\n|\n|t:|1700913095\n|-terastallize|p1a: Dragonite|Normal\n|move|p2a: Zoroark|Bitter Malice|p1a: Dragonite\n|-immune|p1a: Dragonite\n|move|p1a: Dragonite|Dragon Dance|p1a: Dragonite\n|-boost|p1a: Dragonite|atk|1\n|-boost|p1a: Dragonite|spe|1\n|\n|upkeep\n|turn|4\n|\n|t:|1700913101\n|switch|p2a: Avalugg|Avalugg-Hisui, M|100\/100\n|move|p1a: Dragonite|Dragon Dance|p1a: Dragonite\n|-boost|p1a: Dragonite|atk|1\n|-boost|p1a: Dragonite|spe|1\n|\n|upkeep\n|turn|5\n|inactive|RSDPM has 120 seconds left.\n|\n|t:|1700913133\n|move|p1a: Dragonite|Earthquake|p2a: Avalugg\n|-supereffective|p2a: Avalugg\n|-damage|p2a: Avalugg|28\/100\n|move|p2a: Avalugg|Avalanche|p1a: Dragonite\n|-damage|p1a: Dragonite|61\/100\n|\n|-heal|p1a: Dragonite|67\/100|[from] item: Leftovers\n|upkeep\n|turn|6\n|inactive|RSDPM has 120 seconds left.\n|\n|t:|1700913146\n|move|p1a: Dragonite|Earthquake|p2a: Avalugg\n|-supereffective|p2a: Avalugg\n|-damage|p2a: Avalugg|0 fnt\n|faint|p2a: Avalugg\n|\n|-heal|p1a: Dragonite|73\/100|[from] item: Leftovers\n|upkeep\n|inactive|RSDPM has 120 seconds left.\n|\n|t:|1700913156\n|switch|p2a: Lilligant|Lilligant-Hisui, F|100\/100\n|turn|7\n|inactive|RSDPM has 120 seconds left.\n|\n|t:|1700913167\n|move|p1a: Dragonite|Ice Spinner|p2a: Lilligant\n|-supereffective|p2a: Lilligant\n|-crit|p2a: Lilligant\n|-enditem|p2a: Lilligant|Focus Sash\n|-damage|p2a: Lilligant|1\/100\n|move|p2a: Lilligant|Close Combat|p1a: Dragonite\n|-supereffective|p1a: Dragonite\n|-damage|p1a: Dragonite|0 fnt\n|-unboost|p2a: Lilligant|def|1\n|-unboost|p2a: Lilligant|spd|1\n|faint|p1a: Dragonite\n|\n|upkeep\n|\n|t:|1700913178\n|switch|p1a: Zamazenta|Zamazenta|100\/100\n|-ability|p1a: Zamazenta|Dauntless Shield|boost\n|-boost|p1a: Zamazenta|def|1\n|turn|8\n|\n|t:|1700913183\n|move|p1a: Zamazenta|Iron Defense|p1a: Zamazenta\n|-boost|p1a: Zamazenta|def|2\n|move|p2a: Lilligant|Close Combat|p1a: Zamazenta\n|-damage|p1a: Zamazenta|84\/100\n|-unboost|p2a: Lilligant|def|1\n|-unboost|p2a: Lilligant|spd|1\n|\n|-heal|p1a: Zamazenta|90\/100|[from] item: Leftovers\n|upkeep\n|turn|9\n|\n|t:|1700913192\n|move|p1a: Zamazenta|Iron Defense|p1a: Zamazenta\n|-boost|p1a: Zamazenta|def|2\n|move|p2a: Lilligant|Victory Dance|p2a: Lilligant\n|-boost|p2a: Lilligant|atk|1\n|-boost|p2a: Lilligant|def|1\n|-boost|p2a: Lilligant|spe|1\n|\n|-heal|p1a: Zamazenta|96\/100|[from] item: Leftovers\n|upkeep\n|turn|10\n|\n|t:|1700913201\n|move|p2a: Lilligant|Close Combat|p1a: Zamazenta\n|-damage|p1a: Zamazenta|77\/100\n|-unboost|p2a: Lilligant|def|1\n|-unboost|p2a: Lilligant|spd|1\n|move|p1a: Zamazenta|Body Press|p2a: Lilligant\n|-damage|p2a: Lilligant|0 fnt\n|faint|p2a: Lilligant\n|\n|-heal|p1a: Zamazenta|83\/100|[from] item: Leftovers\n|upkeep\n|\n|t:|1700913213\n|switch|p2a: Arcanine|Arcanine-Hisui, M|44\/100\n|turn|11\n|\n|t:|1700913217\n|move|p2a: Arcanine|Bitter Malice|p1a: Zamazenta\n|-damage|p1a: Zamazenta|45\/100\n|-unboost|p1a: Zamazenta|atk|1\n|move|p1a: Zamazenta|Body Press|p2a: Arcanine\n|-immune|p2a: Arcanine\n|\n|-heal|p1a: Zamazenta|51\/100|[from] item: Leftovers\n|upkeep\n|turn|12\n|\n|t:|1700913228\n|move|p2a: Arcanine|Bitter Malice|p1a: Zamazenta\n|-damage|p1a: Zamazenta|13\/100\n|-unboost|p1a: Zamazenta|atk|1\n|move|p1a: Zamazenta|Crunch|p2a: Arcanine\n|-supereffective|p2a: Arcanine\n|-damage|p2a: Arcanine|0 fnt\n|replace|p2a: Zoroark|Zoroark-Hisui, F\n|-end|p2a: Zoroark|Illusion\n|faint|p2a: Zoroark\n|\n|-heal|p1a: Zamazenta|19\/100|[from] item: Leftovers\n|upkeep\n|\n|t:|1700913242\n|switch|p2a: Electrode|Electrode-Hisui|100\/100\n|turn|13\n|\n|t:|1700913246\n|move|p2a: Electrode|Volt Switch|p1a: Zamazenta\n|-damage|p1a: Zamazenta|0 fnt\n|faint|p1a: Zamazenta\n|\n|t:|1700913270\n|switch|p2a: Braviary|Braviary-Hisui, M|100\/100|[from] Volt Switch\n|\n|upkeep\n|\n|t:|1700913284\n|switch|p1a: Iron Valiant|Iron Valiant|100\/100\n|-enditem|p1a: Iron Valiant|Booster Energy\n|-activate|p1a: Iron Valiant|ability: Quark Drive|[fromitem]\n|-start|p1a: Iron Valiant|quarkdrivespe\n|turn|14\n|\n|t:|1700913291\n|move|p1a: Iron Valiant|Thunderbolt|p2a: Braviary\n|-supereffective|p2a: Braviary\n|-damage|p2a: Braviary|39\/100\n|move|p2a: Braviary|Air Slash|p1a: Iron Valiant\n|-supereffective|p1a: Iron Valiant\n|-damage|p1a: Iron Valiant|0 fnt\n|faint|p1a: Iron Valiant\n|-end|p1a: Iron Valiant|Quark Drive|[silent]\n|\n|upkeep\n|\n|t:|1700913301\n|switch|p1a: Mew|Mew|100\/100\n|turn|15\n|\n|t:|1700913311\n|move|p1a: Mew|Dragon Dance|p1a: Mew\n|-boost|p1a: Mew|atk|1\n|-boost|p1a: Mew|spe|1\n|move|p2a: Braviary|Esper Wing|p1a: Mew\n|-resisted|p1a: Mew\n|-damage|p1a: Mew|57\/100\n|-boost|p2a: Braviary|spe|1\n|\n|-heal|p1a: Mew|63\/100|[from] item: Leftovers\n|upkeep\n|turn|16\n|\n|t:|1700913328\n|move|p1a: Mew|Liquidation|p2a: Braviary\n|-damage|p2a: Braviary|0 fnt\n|faint|p2a: Braviary\n|\n|-heal|p1a: Mew|70\/100|[from] item: Leftovers\n|upkeep\n|\n|t:|1700913339\n|switch|p2a: Arcanine|Arcanine-Hisui, M|100\/100\n|turn|17\n|\n|t:|1700913345\n|-terastallize|p2a: Arcanine|Grass\n|move|p1a: Mew|Earthquake|p2a: Arcanine\n|-resisted|p2a: Arcanine\n|-damage|p2a: Arcanine|74\/100\n|move|p2a: Arcanine|Flare Blitz|p1a: Mew\n|-damage|p1a: Mew|16\/100\n|\n|-heal|p1a: Mew|22\/100|[from] item: Leftovers\n|upkeep\n|turn|18\n|\n|t:|1700913357\n|move|p2a: Arcanine|Extreme Speed|p1a: Mew\n|-damage|p1a: Mew|0 fnt\n|faint|p1a: Mew\n|\n|upkeep\n|\n|t:|1700913359\n|switch|p1a: Cinderace|Cinderace, F|100\/100\n|turn|19\n|\n|t:|1700913366\n|move|p2a: Arcanine|Extreme Speed|p1a: Cinderace\n|-damage|p1a: Cinderace|64\/100\n|move|p1a: Cinderace|Pyro Ball|p2a: Arcanine\n|-supereffective|p2a: Arcanine\n|-damage|p2a: Arcanine|0 fnt\n|faint|p2a: Arcanine\n|\n|upkeep\n|\n|t:|1700913375\n|switch|p2a: Electrode|Electrode-Hisui|100\/100\n|turn|20\n|\n|t:|1700913379\n|move|p2a: Electrode|Thunderbolt|p1a: Cinderace\n|-damage|p1a: Cinderace|0 fnt\n|faint|p1a: Cinderace\n|\n|win|RSDPM\n|raw|Gabriel RDD's rating: 1259 &rarr; <strong>1240<\/strong><br \/>(-19 for losing)\n|raw|RSDPM's rating: 1343 &rarr; <strong>1358<\/strong><br \/>(+15 for winning)\n|l|\u2606Gabriel RDD\n|c|\u2606RSDPM|gg\n","uploadtime":1700913391,"views":3,"p1id":"gabrielrdd","p2id":"rsdpm","formatid":"gen9ou","rating":1240,"private":0,"password":""}