{"id":"gen9ou-1990706826","p1":"FezoaStaler","p2":"Shinkuu8","format":"[Gen 9] OU","log":"|j|\u2606FezoaStaler\n|j|\u2606Shinkuu8\n|t:|1699993492\n|gametype|singles\n|player|p1|FezoaStaler|101|1155\n|player|p2|Shinkuu8|clair|1210\n|teamsize|p1|6\n|teamsize|p2|6\n|gen|9\n|tier|[Gen 9] OU\n|rated|\n|rule|Sleep Clause Mod: Limit one foe put to sleep\n|rule|Species Clause: Limit one of each Pok\u00e9mon\n|rule|OHKO Clause: OHKO moves are banned\n|rule|Evasion Items Clause: Evasion items are banned\n|rule|Evasion Moves Clause: Evasion moves are banned\n|rule|Endless Battle Clause: Forcing endless battles is banned\n|rule|HP Percentage Mod: HP is shown in percentages\n|clearpoke\n|poke|p1|Alomomola, M|\n|poke|p1|Toxapex, M|\n|poke|p1|Blissey, F|\n|poke|p1|Corviknight, F|\n|poke|p1|Clefable, M|\n|poke|p1|Hatterene, F|\n|poke|p2|Ceruledge, F|\n|poke|p2|Ninetales-Alola, M|\n|poke|p2|Meowscarada, F|\n|poke|p2|Volcanion|\n|poke|p2|Great Tusk|\n|poke|p2|Zapdos|\n|teampreview\n|inactive|Battle timer is ON: inactive players will automatically lose when time's up. (requested by Shinkuu8)\n|inactive|FezoaStaler also wants the timer to be on.\n|inactive|FezoaStaler has 120 seconds left.\n|\n|t:|1699993524\n|start\n|switch|p1a: Clefable|Clefable, M|100\/100\n|switch|p2a: Volcanion|Volcanion|100\/100\n|turn|1\n|\n|t:|1699993529\n|move|p2a: Volcanion|Taunt|p1a: Clefable\n|-start|p1a: Clefable|move: Taunt\n|cant|p1a: Clefable|move: Taunt|Stealth Rock\n|\n|upkeep\n|turn|2\n|\n|t:|1699993533\n|switch|p1a: Blissey|Blissey, F|100\/100\n|move|p2a: Volcanion|Steam Eruption|p1a: Blissey\n|-damage|p1a: Blissey|80\/100\n|-status|p1a: Blissey|brn\n|\n|-damage|p1a: Blissey|74\/100 brn|[from] brn\n|upkeep\n|turn|3\n|\n|t:|1699993541\n|move|p2a: Volcanion|Taunt|p1a: Blissey\n|-start|p1a: Blissey|move: Taunt\n|move|p1a: Blissey|Seismic Toss|p2a: Volcanion\n|-damage|p2a: Volcanion|70\/100\n|\n|-damage|p1a: Blissey|68\/100 brn|[from] brn\n|upkeep\n|turn|4\n|\n|t:|1699993546\n|switch|p2a: Ceruledge|Ceruledge, F|100\/100\n|-curestatus|p1a: Blissey|brn|[from] ability: Natural Cure\n|switch|p1a: Toxapex|Toxapex, M|100\/100\n|\n|upkeep\n|turn|5\n|\n|t:|1699993548\n|move|p2a: Ceruledge|Taunt|p1a: Toxapex\n|-start|p1a: Toxapex|move: Taunt\n|cant|p1a: Toxapex|move: Taunt|Toxic\n|\n|upkeep\n|turn|6\n|\n|t:|1699993555\n|switch|p2a: Volcanion|Volcanion|70\/100\n|move|p1a: Toxapex|Surf|p2a: Volcanion\n|-heal|p2a: Volcanion|95\/100|[from] ability: Water Absorb|[of] p1a: Toxapex\n|\n|upkeep\n|turn|7\n|\n|t:|1699993564\n|switch|p1a: Blissey|Blissey, F|68\/100\n|move|p2a: Volcanion|Earth Power|p1a: Blissey\n|-damage|p1a: Blissey|57\/100\n|\n|upkeep\n|turn|8\n|\n|t:|1699993567\n|move|p2a: Volcanion|Steam Eruption|p1a: Blissey\n|-damage|p1a: Blissey|37\/100\n|move|p1a: Blissey|Seismic Toss|p2a: Volcanion\n|-damage|p2a: Volcanion|65\/100\n|\n|upkeep\n|turn|9\n|\n|t:|1699993572\n|move|p2a: Volcanion|Taunt|p1a: Blissey\n|-start|p1a: Blissey|move: Taunt\n|cant|p1a: Blissey|move: Taunt|Soft-Boiled\n|\n|upkeep\n|turn|10\n|\n|t:|1699993578\n|switch|p2a: Ceruledge|Ceruledge, F|100\/100\n|move|p1a: Blissey|Seismic Toss|p2a: Ceruledge\n|-immune|p2a: Ceruledge\n|\n|upkeep\n|turn|11\n|\n|t:|1699993583\n|switch|p1a: Corviknight|Corviknight, F|100\/100\n|-ability|p1a: Corviknight|Pressure\n|move|p2a: Ceruledge|Bitter Blade|p1a: Corviknight\n|-supereffective|p1a: Corviknight\n|-damage|p1a: Corviknight|56\/100\n|-damage|p2a: Ceruledge|84\/100|[from] item: Rocky Helmet|[of] p1a: Corviknight\n|\n|upkeep\n|turn|12\n|\n|t:|1699993585\n|move|p2a: Ceruledge|Taunt|p1a: Corviknight\n|-start|p1a: Corviknight|move: Taunt\n|cant|p1a: Corviknight|move: Taunt|Roost\n|\n|upkeep\n|turn|13\n|\n|t:|1699993590\n|switch|p1a: Alomomola|Alomomola, M|100\/100\n|move|p2a: Ceruledge|Bitter Blade|p1a: Alomomola\n|-resisted|p1a: Alomomola\n|-damage|p1a: Alomomola|91\/100\n|-heal|p2a: Ceruledge|91\/100|[from] drain|[of] p1a: Alomomola\n|\n|upkeep\n|turn|14\n|\n|t:|1699993594\n|switch|p2a: Volcanion|Volcanion|65\/100\n|move|p1a: Alomomola|Wish|p1a: Alomomola\n|\n|upkeep\n|turn|15\n|\n|t:|1699993599\n|switch|p1a: Blissey|Blissey, F|37\/100\n|move|p2a: Volcanion|Steam Eruption|p1a: Blissey\n|-damage|p1a: Blissey|16\/100\n|-status|p1a: Blissey|brn\n|\n|-heal|p1a: Blissey|57\/100 brn|[from] move: Wish|[wisher] Alomomola\n|-damage|p1a: Blissey|51\/100 brn|[from] brn\n|upkeep\n|turn|16\n|\n|t:|1699993610\n|-curestatus|p1a: Blissey|brn|[from] ability: Natural Cure\n|switch|p1a: Corviknight|Corviknight, F|56\/100\n|-ability|p1a: Corviknight|Pressure\n|move|p2a: Volcanion|Taunt|p1a: Corviknight\n|-start|p1a: Corviknight|move: Taunt\n|\n|upkeep\n|turn|17\n|\n|t:|1699993618\n|switch|p1a: Toxapex|Toxapex, M|100\/100\n|move|p2a: Volcanion|Flamethrower|p1a: Toxapex\n|-resisted|p1a: Toxapex\n|-damage|p1a: Toxapex|79\/100\n|\n|upkeep\n|turn|18\n|\n|t:|1699993624\n|switch|p1a: Corviknight|Corviknight, F|56\/100\n|-ability|p1a: Corviknight|Pressure\n|move|p2a: Volcanion|Taunt|p1a: Corviknight\n|-start|p1a: Corviknight|move: Taunt\n|\n|upkeep\n|turn|19\n|\n|t:|1699993628\n|move|p2a: Volcanion|Flamethrower|p1a: Corviknight\n|-supereffective|p1a: Corviknight\n|-damage|p1a: Corviknight|0 fnt\n|faint|p1a: Corviknight\n|\n|upkeep\n|\n|t:|1699993639\n|switch|p1a: Clefable|Clefable, M|100\/100\n|turn|20\n|\n|t:|1699993651\n|switch|p2a: Ninetales|Ninetales-Alola, M|100\/100\n|-weather|Snow|[from] ability: Snow Warning|[of] p2a: Ninetales\n|move|p1a: Clefable|Moonblast|p2a: Ninetales\n|-damage|p2a: Ninetales|64\/100\n|\n|-weather|Snow|[upkeep]\n|upkeep\n|turn|21\n|\n|t:|1699993659\n|move|p2a: Ninetales|Moonblast|p1a: Clefable\n|-damage|p1a: Clefable|64\/100\n|-unboost|p1a: Clefable|spa|1\n|move|p1a: Clefable|Encore|p2a: Ninetales\n|-start|p2a: Ninetales|Encore\n|\n|-weather|Snow|[upkeep]\n|-heal|p1a: Clefable|70\/100|[from] item: Leftovers\n|upkeep\n|turn|22\n|\n|t:|1699993671\n|switch|p2a: Ceruledge|Ceruledge, F|91\/100\n|switch|p1a: Blissey|Blissey, F|51\/100\n|\n|-weather|Snow|[upkeep]\n|upkeep\n|turn|23\n|\n|t:|1699993680\n|move|p2a: Ceruledge|Bitter Blade|p1a: Blissey\n|-damage|p1a: Blissey|11\/100\n|-heal|p2a: Ceruledge|100\/100|[from] drain|[of] p1a: Blissey\n|move|p1a: Blissey|Shadow Ball|p2a: Ceruledge\n|-supereffective|p2a: Ceruledge\n|-damage|p2a: Ceruledge|80\/100\n|\n|-weather|Snow|[upkeep]\n|upkeep\n|turn|24\n|-message|FezoaStaler forfeited.\n|\n|win|Shinkuu8\n|raw|FezoaStaler's rating: 1155 &rarr; <strong>1134<\/strong><br \/>(-21 for losing)\n|raw|Shinkuu8's rating: 1210 &rarr; <strong>1231<\/strong><br \/>(+21 for winning)\n|l|\u2606FezoaStaler\n","uploadtime":1699993690,"views":15,"p1id":"fezoastaler","p2id":"shinkuu8","formatid":"gen9ou","rating":1134,"private":0,"password":""}