{"id":"gen9ou-1991566932","p1":"Redboy128","p2":"CyberH3","format":"[Gen 9] OU","log":"|j|\u2606Redboy128\n|j|\u2606CyberH3\n|t:|1700089118\n|gametype|singles\n|player|p1|Redboy128|red|1396\n|player|p2|CyberH3|mars|1325\n|teamsize|p1|6\n|teamsize|p2|6\n|gen|9\n|tier|[Gen 9] OU\n|rated|\n|rule|Sleep Clause Mod: Limit one foe put to sleep\n|rule|Species Clause: Limit one of each Pok\u00e9mon\n|rule|OHKO Clause: OHKO moves are banned\n|rule|Evasion Items Clause: Evasion items are banned\n|rule|Evasion Moves Clause: Evasion moves are banned\n|rule|Endless Battle Clause: Forcing endless battles is banned\n|rule|HP Percentage Mod: HP is shown in percentages\n|clearpoke\n|poke|p1|Donphan, M|\n|poke|p1|Azelf|\n|poke|p1|Chesnaught, F|\n|poke|p1|Delphox, M|\n|poke|p1|Kommo-o, F|\n|poke|p1|Vivillon-Pokeball, F|\n|poke|p2|Goodra-Hisui, M|\n|poke|p2|Scizor, F|\n|poke|p2|Mimikyu, F|\n|poke|p2|Iron Valiant|\n|poke|p2|Talonflame, F|\n|poke|p2|Lokix, M|\n|teampreview\n|inactive|Battle timer is ON: inactive players will automatically lose when time's up. (requested by Redboy128)\n|\n|t:|1700089130\n|start\n|switch|p1a: Azelf|Azelf|100\/100\n|switch|p2a: Snailtare|Goodra-Hisui, M|100\/100\n|turn|1\n|\n|t:|1700089142\n|move|p1a: Azelf|Stealth Rock|p2a: Snailtare\n|-sidestart|p2: CyberH3|move: Stealth Rock\n|move|p2a: Snailtare|Draco Meteor|p1a: Azelf\n|-damage|p1a: Azelf|2\/100\n|-unboost|p2a: Snailtare|spa|2\n|\n|upkeep\n|turn|2\n|\n|t:|1700089150\n|move|p2a: Snailtare|Protect|p2a: Snailtare\n|-singleturn|p2a: Snailtare|Protect\n|move|p1a: Azelf|Thunder Wave|p2a: Snailtare\n|-activate|p2a: Snailtare|move: Protect\n|\n|upkeep\n|turn|3\n|\n|t:|1700089154\n|move|p1a: Azelf|Thunder Wave|p2a: Snailtare\n|-status|p2a: Snailtare|par\n|move|p2a: Snailtare|Flamethrower|p1a: Azelf\n|-damage|p1a: Azelf|0 fnt\n|faint|p1a: Azelf\n|\n|upkeep\n|\n|t:|1700089159\n|switch|p1a: Kommo-o|Kommo-o, F|100\/100\n|turn|4\n|\n|t:|1700089162\n|move|p1a: Kommo-o|Substitute|p1a: Kommo-o\n|-start|p1a: Kommo-o|Substitute\n|-damage|p1a: Kommo-o|76\/100\n|move|p2a: Snailtare|Ice Beam|p1a: Kommo-o\n|-supereffective|p1a: Kommo-o\n|-end|p1a: Kommo-o|Substitute\n|\n|-heal|p1a: Kommo-o|82\/100|[from] item: Leftovers\n|upkeep\n|turn|5\n|\n|t:|1700089172\n|move|p1a: Kommo-o|Clangorous Soul|p1a: Kommo-o\n|-boost|p1a: Kommo-o|atk|1\n|-boost|p1a: Kommo-o|def|1\n|-boost|p1a: Kommo-o|spa|1\n|-boost|p1a: Kommo-o|spd|1\n|-boost|p1a: Kommo-o|spe|1\n|-damage|p1a: Kommo-o|49\/100\n|move|p2a: Snailtare|Draco Meteor|p1a: Kommo-o\n|-supereffective|p1a: Kommo-o\n|-damage|p1a: Kommo-o|0 fnt\n|-unboost|p2a: Snailtare|spa|2\n|faint|p1a: Kommo-o\n|\n|upkeep\n|\n|t:|1700089178\n|switch|p1a: Vivillon|Vivillon-Pokeball, F|100\/100\n|turn|6\n|\n|t:|1700089182\n|move|p1a: Vivillon|Quiver Dance|p1a: Vivillon\n|-boost|p1a: Vivillon|spa|1\n|-boost|p1a: Vivillon|spd|1\n|-boost|p1a: Vivillon|spe|1\n|cant|p2a: Snailtare|par\n|\n|upkeep\n|turn|7\n|\n|t:|1700089187\n|move|p1a: Vivillon|Substitute|p1a: Vivillon\n|-start|p1a: Vivillon|Substitute\n|-damage|p1a: Vivillon|76\/100\n|move|p2a: Snailtare|Ice Beam|p1a: Vivillon\n|-supereffective|p1a: Vivillon\n|-end|p1a: Vivillon|Substitute\n|\n|upkeep\n|turn|8\n|\n|t:|1700089195\n|move|p1a: Vivillon|Quiver Dance|p1a: Vivillon\n|-boost|p1a: Vivillon|spa|1\n|-boost|p1a: Vivillon|spd|1\n|-boost|p1a: Vivillon|spe|1\n|move|p2a: Snailtare|Ice Beam|p1a: Vivillon\n|-supereffective|p1a: Vivillon\n|-damage|p1a: Vivillon|56\/100\n|\n|upkeep\n|turn|9\n|\n|t:|1700089202\n|move|p1a: Vivillon|Substitute|p1a: Vivillon\n|-start|p1a: Vivillon|Substitute\n|-damage|p1a: Vivillon|31\/100\n|move|p2a: Snailtare|Ice Beam|p1a: Vivillon\n|-supereffective|p1a: Vivillon\n|-activate|p1a: Vivillon|move: Substitute|[damage]\n|\n|upkeep\n|turn|10\n|\n|t:|1700089215\n|move|p1a: Vivillon|Hurricane|p2a: Snailtare\n|-resisted|p2a: Snailtare\n|-damage|p2a: Snailtare|66\/100 par\n|move|p2a: Snailtare|Ice Beam|p1a: Vivillon\n|-supereffective|p1a: Vivillon\n|-end|p1a: Vivillon|Substitute\n|\n|-heal|p2a: Snailtare|72\/100 par|[from] item: Leftovers\n|upkeep\n|turn|11\n|\n|t:|1700089222\n|move|p1a: Vivillon|Substitute|p1a: Vivillon\n|-start|p1a: Vivillon|Substitute\n|-damage|p1a: Vivillon|6\/100\n|cant|p2a: Snailtare|par\n|\n|-heal|p2a: Snailtare|78\/100 par|[from] item: Leftovers\n|upkeep\n|turn|12\n|\n|t:|1700089224\n|move|p1a: Vivillon|Hurricane|p2a: Snailtare\n|-resisted|p2a: Snailtare\n|-damage|p2a: Snailtare|47\/100 par\n|move|p2a: Snailtare|Ice Beam|p1a: Vivillon\n|-supereffective|p1a: Vivillon\n|-activate|p1a: Vivillon|move: Substitute|[damage]\n|\n|-heal|p2a: Snailtare|53\/100 par|[from] item: Leftovers\n|upkeep\n|turn|13\n|\n|t:|1700089229\n|move|p1a: Vivillon|Hurricane|p2a: Snailtare\n|-resisted|p2a: Snailtare\n|-damage|p2a: Snailtare|15\/100 par\n|move|p2a: Snailtare|Ice Beam|p1a: Vivillon\n|-supereffective|p1a: Vivillon\n|-end|p1a: Vivillon|Substitute\n|\n|-heal|p2a: Snailtare|21\/100 par|[from] item: Leftovers\n|upkeep\n|turn|14\n|\n|t:|1700089234\n|move|p1a: Vivillon|Hurricane|p2a: Snailtare\n|-resisted|p2a: Snailtare\n|-damage|p2a: Snailtare|0 fnt\n|faint|p2a: Snailtare\n|\n|upkeep\n|\n|t:|1700089246\n|switch|p2a: Morf LeRosh|Lokix, M|100\/100\n|-damage|p2a: Morf LeRosh|76\/100|[from] Stealth Rock\n|turn|15\n|\n|t:|1700089250\n|move|p2a: Morf LeRosh|First Impression|p1a: Vivillon\n|-resisted|p1a: Vivillon\n|-damage|p1a: Vivillon|0 fnt\n|faint|p1a: Vivillon\n|-damage|p2a: Morf LeRosh|66\/100|[from] item: Life Orb\n|\n|upkeep\n|\n|t:|1700089252\n|switch|p1a: Delphox|Delphox, M, shiny|100\/100\n|turn|16\n|\n|t:|1700089254\n|move|p1a: Delphox|Overheat|p2a: Morf LeRosh\n|-supereffective|p2a: Morf LeRosh\n|-damage|p2a: Morf LeRosh|0 fnt\n|-unboost|p1a: Delphox|spa|2\n|-enditem|p1a: Delphox|White Herb\n|-clearnegativeboost|p1a: Delphox|[silent]\n|faint|p2a: Morf LeRosh\n|\n|upkeep\n|\n|t:|1700089269\n|switch|p2a: OHAYOLLIE|Mimikyu, F|100\/100\n|-damage|p2a: OHAYOLLIE|88\/100|[from] Stealth Rock\n|turn|17\n|\n|t:|1700089272\n|move|p1a: Delphox|Will-O-Wisp|p2a: OHAYOLLIE\n|-status|p2a: OHAYOLLIE|brn\n|move|p2a: OHAYOLLIE|Swords Dance|p2a: OHAYOLLIE\n|-boost|p2a: OHAYOLLIE|atk|2\n|\n|-damage|p2a: OHAYOLLIE|82\/100 brn|[from] brn\n|upkeep\n|turn|18\n|\n|t:|1700089281\n|move|p1a: Delphox|Overheat|p2a: OHAYOLLIE\n|-activate|p2a: OHAYOLLIE|ability: Disguise\n|-damage|p2a: OHAYOLLIE|82\/100 brn\n|-unboost|p1a: Delphox|spa|2\n|detailschange|p2a: OHAYOLLIE|Mimikyu-Busted, F\n|-damage|p2a: OHAYOLLIE|70\/100 brn|[from] pokemon: Mimikyu-Busted\n|-item|p1a: Delphox|Life Orb|[from] ability: Magician|[of] p2a: OHAYOLLIE\n|move|p2a: OHAYOLLIE|Swords Dance|p2a: OHAYOLLIE\n|-boost|p2a: OHAYOLLIE|atk|2\n|\n|-damage|p2a: OHAYOLLIE|64\/100 brn|[from] brn\n|upkeep\n|turn|19\n|\n|t:|1700089306\n|move|p2a: OHAYOLLIE|Shadow Sneak|p1a: Delphox\n|-supereffective|p1a: Delphox\n|-damage|p1a: Delphox|23\/100\n|move|p1a: Delphox|Future Sight|p2a: OHAYOLLIE\n|-start|p1a: Delphox|move: Future Sight\n|\n|-damage|p2a: OHAYOLLIE|58\/100 brn|[from] brn\n|upkeep\n|turn|20\n|\n|t:|1700089317\n|switch|p1a: Chesnuts|Chesnaught, F, shiny|100\/100\n|move|p2a: OHAYOLLIE|Drain Punch|p1a: Chesnuts\n|-damage|p1a: Chesnuts|84\/100\n|-heal|p2a: OHAYOLLIE|71\/100 brn|[from] drain|[of] p1a: Chesnuts\n|\n|-heal|p1a: Chesnuts|90\/100|[from] item: Leftovers\n|-damage|p2a: OHAYOLLIE|65\/100 brn|[from] brn\n|upkeep\n|turn|21\n|\n|t:|1700089323\n|move|p2a: OHAYOLLIE|Play Rough|p1a: Chesnuts|[miss]\n|-miss|p2a: OHAYOLLIE|p1a: Chesnuts\n|move|p1a: Chesnuts|Substitute|p1a: Chesnuts\n|-start|p1a: Chesnuts|Substitute\n|-damage|p1a: Chesnuts|65\/100\n|\n|-end|p2a: OHAYOLLIE|move: Future Sight\n|-crit|p2a: OHAYOLLIE\n|-damage|p2a: OHAYOLLIE|0 fnt\n|faint|p2a: OHAYOLLIE\n|-heal|p1a: Chesnuts|71\/100|[from] item: Leftovers\n|upkeep\n|\n|t:|1700089331\n|switch|p2a: The XO|Talonflame, F|100\/100\n|-damage|p2a: The XO|51\/100|[from] Stealth Rock\n|turn|22\n|\n|t:|1700089338\n|move|p2a: The XO|Flare Blitz|p1a: Chesnuts\n|-supereffective|p1a: Chesnuts\n|-end|p1a: Chesnuts|Substitute\n|-damage|p2a: The XO|40\/100|[from] Recoil|[of] p1a: Chesnuts\n|move|p1a: Chesnuts|Leech Seed|p2a: The XO|[miss]\n|-miss|p1a: Chesnuts|p2a: The XO\n|\n|-heal|p2a: The XO|46\/100|[from] item: Leftovers\n|-heal|p1a: Chesnuts|77\/100|[from] item: Leftovers\n|upkeep\n|turn|23\n|\n|t:|1700089347\n|move|p2a: The XO|Brave Bird|p1a: Chesnuts\n|-supereffective|p1a: Chesnuts\n|-damage|p1a: Chesnuts|0 fnt\n|faint|p1a: Chesnuts\n|-damage|p2a: The XO|14\/100|[from] Recoil\n|\n|-heal|p2a: The XO|20\/100|[from] item: Leftovers\n|upkeep\n|\n|t:|1700089351\n|switch|p1a: Regular Tusk|Donphan, M, shiny|100\/100\n|turn|24\n|\n|t:|1700089354\n|move|p1a: Regular Tusk|Ice Shard|p2a: The XO\n|-damage|p2a: The XO|0 fnt\n|faint|p2a: The XO\n|\n|upkeep\n|\n|t:|1700089363\n|switch|p2a: Eat With Scissors|Scizor, F|100\/100\n|-damage|p2a: Eat With Scissors|88\/100|[from] Stealth Rock\n|turn|25\n|\n|t:|1700089366\n|move|p2a: Eat With Scissors|Knock Off|p1a: Regular Tusk\n|-damage|p1a: Regular Tusk|66\/100\n|-enditem|p1a: Regular Tusk|Heavy-Duty Boots|[from] move: Knock Off|[of] p2a: Eat With Scissors\n|-damage|p2a: Eat With Scissors|78\/100|[from] item: Life Orb\n|move|p1a: Regular Tusk|Earthquake|p2a: Eat With Scissors\n|-damage|p2a: Eat With Scissors|28\/100\n|\n|upkeep\n|turn|26\n|\n|t:|1700089382\n|move|p2a: Eat With Scissors|Close Combat|p1a: Regular Tusk\n|-damage|p1a: Regular Tusk|24\/100\n|-unboost|p2a: Eat With Scissors|def|1\n|-unboost|p2a: Eat With Scissors|spd|1\n|-damage|p2a: Eat With Scissors|18\/100|[from] item: Life Orb\n|move|p1a: Regular Tusk|Rapid Spin|p2a: Eat With Scissors\n|-resisted|p2a: Eat With Scissors\n|-damage|p2a: Eat With Scissors|4\/100\n|-boost|p1a: Regular Tusk|spe|1\n|\n|upkeep\n|turn|27\n|\n|t:|1700089395\n|move|p1a: Regular Tusk|Ice Shard|p2a: Eat With Scissors\n|-resisted|p2a: Eat With Scissors\n|-damage|p2a: Eat With Scissors|0 fnt\n|faint|p2a: Eat With Scissors\n|\n|upkeep\n|\n|t:|1700089399\n|switch|p2a: R-TRUS|Iron Valiant|100\/100\n|-damage|p2a: R-TRUS|94\/100|[from] Stealth Rock\n|-enditem|p2a: R-TRUS|Booster Energy\n|-activate|p2a: R-TRUS|ability: Quark Drive|[fromitem]\n|-start|p2a: R-TRUS|quarkdrivespe\n|turn|28\n|\n|t:|1700089411\n|-terastallize|p2a: R-TRUS|Steel\n|move|p2a: R-TRUS|Moonblast|p1a: Regular Tusk\n|-damage|p1a: Regular Tusk|0 fnt\n|faint|p1a: Regular Tusk\n|\n|upkeep\n|\n|t:|1700089414\n|switch|p1a: Delphox|Delphox, M, shiny|23\/100\n|turn|29\n|\n|t:|1700089417\n|move|p2a: R-TRUS|Thunderbolt|p1a: Delphox\n|-damage|p1a: Delphox|0 fnt\n|faint|p1a: Delphox\n|\n|win|CyberH3\n|raw|Redboy128's rating: 1396 &rarr; <strong>1372<\/strong><br \/>(-24 for losing)\n|raw|CyberH3's rating: 1325 &rarr; <strong>1349<\/strong><br \/>(+24 for winning)\n","uploadtime":1700089422,"views":13,"p1id":"redboy128","p2id":"cyberh3","formatid":"gen9ou","rating":1349,"private":0,"password":""}