{"id":"gen9ou-1993884968","p1":"Sibn23","p2":"DabBuster184","format":"[Gen 9] OU","log":"|j|\u2606Sibn23\n|j|\u2606DabBuster184\n|inactive|Battle timer is ON: inactive players will automatically lose when time's up.\n|t:|1700369954\n|gametype|singles\n|player|p1|Sibn23|hilbert|\n|player|p2|DabBuster184|caitlin|\n|teamsize|p1|3\n|teamsize|p2|3\n|gen|9\n|tier|[Gen 9] OU\n|rated|Tournament battle\n|rule|Sleep Clause Mod: Limit one foe put to sleep\n|rule|Species Clause: Limit one of each Pok\u00e9mon\n|rule|OHKO Clause: OHKO moves are banned\n|rule|Evasion Items Clause: Evasion items are banned\n|rule|Evasion Moves Clause: Evasion moves are banned\n|rule|Endless Battle Clause: Forcing endless battles is banned\n|rule|HP Percentage Mod: HP is shown in percentages\n|clearpoke\n|poke|p1|Luxray, M|\n|poke|p1|Chesnaught, M|\n|poke|p1|Cetoddle, F|\n|poke|p2|Milotic, F|\n|poke|p2|Overqwil, F|\n|poke|p2|Mienfoo, F|\n|teampreview\n|j|*Lady Monita \u2746\n|inactive|DabBuster184 also wants the timer to be on.\n|inactive|Sibn23 also wants the timer to be on.\n|c|\u2606DabBuster184|glhf\n|\n|t:|1700369979\n|start\n|switch|p1a: Chesnaught|Chesnaught, M|100\/100\n|switch|p2a: Mienfoo|Mienfoo, F|100\/100\n|turn|1\n|\n|t:|1700369985\n|move|p2a: Mienfoo|U-turn|p1a: Chesnaught\n|-damage|p1a: Chesnaught|86\/100\n|\n|t:|1700369988\n|switch|p2a: Overqwil|Overqwil, F|100\/100|[from] U-turn\n|-ability|p2a: Overqwil|Intimidate|boost\n|-unboost|p1a: Chesnaught|atk|1\n|move|p1a: Chesnaught|Earthquake|p2a: Overqwil\n|-supereffective|p2a: Overqwil\n|-damage|p2a: Overqwil|50\/100\n|\n|-heal|p2a: Overqwil|56\/100|[from] item: Leftovers\n|upkeep\n|turn|2\n|\n|t:|1700369999\n|switch|p2a: Mienfoo|Mienfoo, F|100\/100\n|-terastallize|p1a: Chesnaught|Steel\n|move|p1a: Chesnaught|Earthquake|p2a: Mienfoo\n|-damage|p2a: Mienfoo|72\/100\n|\n|upkeep\n|turn|3\n|\n|t:|1700370006\n|move|p2a: Mienfoo|Drain Punch|p1a: Chesnaught\n|-supereffective|p1a: Chesnaught\n|-damage|p1a: Chesnaught|34\/100\n|-heal|p2a: Mienfoo|100\/100|[from] drain|[of] p1a: Chesnaught\n|-enditem|p1a: Chesnaught|Sitrus Berry|[eat]\n|-heal|p1a: Chesnaught|59\/100|[from] item: Sitrus Berry\n|move|p1a: Chesnaught|Body Press|p2a: Mienfoo\n|-damage|p2a: Mienfoo|57\/100\n|\n|upkeep\n|turn|4\n|c|\u2606Sibn23|gg\n|\n|t:|1700370021\n|move|p2a: Mienfoo|Drain Punch|p1a: Chesnaught\n|-supereffective|p1a: Chesnaught\n|-damage|p1a: Chesnaught|7\/100\n|-heal|p2a: Mienfoo|90\/100|[from] drain|[of] p1a: Chesnaught\n|move|p1a: Chesnaught|Earthquake|p2a: Mienfoo\n|-damage|p2a: Mienfoo|62\/100\n|\n|upkeep\n|turn|5\n|\n|t:|1700370029\n|move|p2a: Mienfoo|Drain Punch|p1a: Chesnaught\n|-supereffective|p1a: Chesnaught\n|-damage|p1a: Chesnaught|0 fnt\n|-heal|p2a: Mienfoo|67\/100|[from] drain|[of] p1a: Chesnaught\n|faint|p1a: Chesnaught\n|\n|upkeep\n|\n|t:|1700370033\n|switch|p1a: Luxray|Luxray, M, shiny|100\/100\n|turn|6\n|j| Kirby03\n|\n|t:|1700370048\n|switch|p2a: Overqwil|Overqwil, F|56\/100\n|-ability|p2a: Overqwil|Intimidate|boost\n|-unboost|p1a: Luxray|atk|1\n|move|p1a: Luxray|Wild Charge|p2a: Overqwil\n|-damage|p2a: Overqwil|19\/100\n|-damage|p1a: Luxray|91\/100|[from] Recoil\n|\n|-heal|p2a: Overqwil|26\/100|[from] item: Leftovers\n|-status|p1a: Luxray|brn|[from] item: Flame Orb\n|upkeep\n|turn|7\n|\n|t:|1700370060\n|move|p2a: Overqwil|Aqua Jet|p1a: Luxray\n|-damage|p1a: Luxray|70\/100 brn\n|move|p1a: Luxray|Facade|p2a: Overqwil\n|-damage|p2a: Overqwil|0 fnt\n|faint|p2a: Overqwil\n|\n|-damage|p1a: Luxray|64\/100 brn|[from] brn\n|upkeep\n|\n|t:|1700370070\n|switch|p2a: Milotic|Milotic, F|100\/100\n|turn|8\n|\n|t:|1700370076\n|move|p1a: Luxray|Wild Charge|p2a: Milotic\n|-supereffective|p2a: Milotic\n|-crit|p2a: Milotic\n|-damage|p2a: Milotic|0 fnt\n|faint|p2a: Milotic\n|-damage|p1a: Luxray|31\/100 brn|[from] Recoil\n|\n|-damage|p1a: Luxray|25\/100 brn|[from] brn\n|upkeep\n|\n|t:|1700370081\n|switch|p2a: Mienfoo|Mienfoo, F|99\/100\n|turn|9\n|\n|t:|1700370085\n|-terastallize|p2a: Mienfoo|Fighting\n|move|p1a: Luxray|Facade|p2a: Mienfoo\n|-damage|p2a: Mienfoo|42\/100\n|move|p2a: Mienfoo|Drain Punch|p1a: Luxray\n|-damage|p1a: Luxray|0 fnt\n|-heal|p2a: Mienfoo|55\/100|[from] drain|[of] p1a: Luxray\n|faint|p1a: Luxray\n|\n|upkeep\n|\n|t:|1700370094\n|switch|p1a: Cetoddle|Cetoddle, F|100\/100\n|turn|10\n|\n|t:|1700370100\n|move|p1a: Cetoddle|Ice Shard|p2a: Mienfoo\n|-damage|p2a: Mienfoo|32\/100\n|move|p2a: Mienfoo|Drain Punch|p1a: Cetoddle\n|-supereffective|p1a: Cetoddle\n|-damage|p1a: Cetoddle|0 fnt\n|-heal|p2a: Mienfoo|100\/100|[from] drain|[of] p1a: Cetoddle\n|faint|p1a: Cetoddle\n|\n|win|DabBuster184\n|n|\u2606Sibn23|sibn23\n|n|\u2606DabBuster184|dabbuster184\n|n|*Lady Monita \u2746|ladymonita\n|n| Kirby03|kirby03\n","uploadtime":1700370101,"views":12,"p1id":"sibn23","p2id":"dabbuster184","formatid":"gen9ou","rating":0,"private":0,"password":""}