{"id":"gen9ou-1993159623","p1":"Poison Ivy Thorns","p2":"Drifty3.4","format":"[Gen 9] OU","log":"|j|\u2606Poison Ivy Thorns\n|j|\u2606Drifty3.4\n|t:|1700272001\n|gametype|singles\n|player|p1|Poison Ivy Thorns|will-gen2|1322\n|player|p2|Drifty3.4|clown|1229\n|teamsize|p1|6\n|teamsize|p2|6\n|gen|9\n|tier|[Gen 9] OU\n|rated|\n|rule|Sleep Clause Mod: Limit one foe put to sleep\n|rule|Species Clause: Limit one of each Pok\u00e9mon\n|rule|OHKO Clause: OHKO moves are banned\n|rule|Evasion Items Clause: Evasion items are banned\n|rule|Evasion Moves Clause: Evasion moves are banned\n|rule|Endless Battle Clause: Forcing endless battles is banned\n|rule|HP Percentage Mod: HP is shown in percentages\n|clearpoke\n|poke|p1|Okidogi, M|\n|poke|p1|Rotom-Wash|\n|poke|p1|Lokix, M|\n|poke|p1|Great Tusk|\n|poke|p1|Iron Moth|\n|poke|p1|Salamence, M|\n|poke|p2|Ogerpon-Wellspring, F|\n|poke|p2|Corviknight, M|\n|poke|p2|Dragonite, M|\n|poke|p2|Grimmsnarl, M|\n|poke|p2|Hatterene, F|\n|poke|p2|Thundurus-Therian, M|\n|teampreview\n|inactive|Battle timer is ON: inactive players will automatically lose when time's up. (requested by Poison Ivy Thorns)\n|\n|t:|1700272026\n|start\n|switch|p1a: Okidogi|Okidogi, M|100\/100\n|switch|p2a: Grimmsnarl|Grimmsnarl, M|100\/100\n|turn|1\n|\n|t:|1700272041\n|move|p2a: Grimmsnarl|Taunt|p1a: Okidogi\n|-start|p1a: Okidogi|move: Taunt\n|move|p1a: Okidogi|Poison Jab|p2a: Grimmsnarl\n|-supereffective|p2a: Grimmsnarl\n|-damage|p2a: Grimmsnarl|7\/100\n|\n|upkeep\n|turn|2\n|\n|t:|1700272048\n|move|p2a: Grimmsnarl|Parting Shot|p1a: Okidogi\n|-unboost|p1a: Okidogi|atk|1\n|-unboost|p1a: Okidogi|spa|1\n|\n|t:|1700272052\n|switch|p2a: Corviknight|Corviknight, M|100\/100|[from] Parting Shot\n|-ability|p2a: Corviknight|Pressure\n|move|p1a: Okidogi|Thunder Punch|p2a: Corviknight\n|-supereffective|p2a: Corviknight\n|-damage|p2a: Corviknight|80\/100\n|-damage|p1a: Okidogi|84\/100|[from] item: Rocky Helmet|[of] p2a: Corviknight\n|\n|upkeep\n|turn|3\n|\n|t:|1700272060\n|switch|p1a: Rotom|Rotom-Wash|100\/100\n|move|p2a: Corviknight|U-turn|p1a: Rotom\n|-crit|p1a: Rotom\n|-damage|p1a: Rotom|69\/100\n|\n|t:|1700272066\n|switch|p2a: Thundurus|Thundurus-Therian, M|100\/100|[from] U-turn\n|\n|upkeep\n|turn|4\n|\n|t:|1700272073\n|move|p1a: Rotom|Hydro Pump|p2a: Thundurus\n|-damage|p2a: Thundurus|36\/100\n|move|p2a: Thundurus|Nasty Plot|p2a: Thundurus\n|-boost|p2a: Thundurus|spa|2\n|\n|upkeep\n|turn|5\n|\n|t:|1700272083\n|move|p1a: Rotom|Hydro Pump|p2a: Thundurus\n|-damage|p2a: Thundurus|0 fnt\n|faint|p2a: Thundurus\n|\n|upkeep\n|\n|t:|1700272087\n|switch|p2a: Ogerpon|Ogerpon-Wellspring, F|100\/100\n|turn|6\n|\n|t:|1700272091\n|switch|p1a: Salamence|Salamence, M|100\/100\n|move|p2a: Ogerpon|U-turn|p1a: Salamence\n|-resisted|p1a: Salamence\n|-damage|p1a: Salamence|84\/100\n|\n|t:|1700272097\n|switch|p2a: Hatterene|Hatterene, F|100\/100|[from] U-turn\n|\n|upkeep\n|turn|7\n|\n|t:|1700272103\n|switch|p1a: Iron Moth|Iron Moth|100\/100\n|-enditem|p1a: Iron Moth|Booster Energy\n|-activate|p1a: Iron Moth|ability: Quark Drive|[fromitem]\n|-start|p1a: Iron Moth|quarkdrivespe\n|move|p2a: Hatterene|Calm Mind|p2a: Hatterene\n|-boost|p2a: Hatterene|spa|1\n|-boost|p2a: Hatterene|spd|1\n|\n|upkeep\n|turn|8\n|\n|t:|1700272111\n|-terastallize|p2a: Hatterene|Water\n|move|p1a: Iron Moth|Sludge Wave|p2a: Hatterene\n|-damage|p2a: Hatterene|67\/100\n|move|p2a: Hatterene|Psyshock|p1a: Iron Moth\n|-supereffective|p1a: Iron Moth\n|-damage|p1a: Iron Moth|0 fnt\n|faint|p1a: Iron Moth\n|-end|p1a: Iron Moth|Quark Drive|[silent]\n|\n|-heal|p2a: Hatterene|73\/100|[from] item: Leftovers\n|upkeep\n|\n|t:|1700272117\n|switch|p1a: Rotom|Rotom-Wash|69\/100\n|turn|9\n|\n|t:|1700272126\n|switch|p2a: Grimmsnarl|Grimmsnarl, M|7\/100\n|move|p1a: Rotom|Volt Switch|p2a: Grimmsnarl\n|-damage|p2a: Grimmsnarl|0 fnt\n|faint|p2a: Grimmsnarl\n|\n|t:|1700272142\n|switch|p1a: Okidogi|Okidogi, M|84\/100|[from] Volt Switch\n|\n|upkeep\n|\n|t:|1700272149\n|switch|p2a: Hatterene|Hatterene, F, tera:Water|73\/100\n|turn|10\n|\n|t:|1700272157\n|move|p1a: Okidogi|Thunder Punch|p2a: Hatterene\n|-supereffective|p2a: Hatterene\n|-damage|p2a: Hatterene|27\/100\n|-status|p2a: Hatterene|tox|[from] ability: Toxic Chain|[of] p1a: Okidogi\n|move|p2a: Hatterene|Psyshock|p1a: Okidogi\n|-supereffective|p1a: Okidogi\n|-damage|p1a: Okidogi|0 fnt\n|faint|p1a: Okidogi\n|\n|-heal|p2a: Hatterene|33\/100 tox|[from] item: Leftovers\n|-damage|p2a: Hatterene|27\/100 tox|[from] psn\n|upkeep\n|\n|t:|1700272166\n|switch|p1a: Salamence|Salamence, M|84\/100\n|turn|11\n|\n|t:|1700272169\n|move|p1a: Salamence|Dual Wingbeat|p2a: Hatterene\n|-damage|p2a: Hatterene|6\/100 tox\n|-damage|p2a: Hatterene|0 fnt\n|faint|p2a: Hatterene\n|-ability|p1a: Salamence|Moxie|boost\n|-boost|p1a: Salamence|atk|1\n|-hitcount|p2: Hatterene|2\n|\n|upkeep\n|\n|t:|1700272182\n|switch|p2a: Ogerpon|Ogerpon-Wellspring, F|100\/100\n|turn|12\n|\n|t:|1700272185\n|move|p2a: Ogerpon|U-turn|p1a: Salamence\n|-resisted|p1a: Salamence\n|-damage|p1a: Salamence|67\/100\n|\n|t:|1700272188\n|switch|p2a: Corviknight|Corviknight, M|80\/100|[from] U-turn\n|-ability|p2a: Corviknight|Pressure\n|move|p1a: Salamence|Dual Wingbeat|p2a: Corviknight\n|-resisted|p2a: Corviknight\n|-damage|p2a: Corviknight|70\/100\n|-damage|p1a: Salamence|51\/100|[from] item: Rocky Helmet|[of] p2a: Corviknight\n|-resisted|p2a: Corviknight\n|-damage|p2a: Corviknight|59\/100\n|-damage|p1a: Salamence|34\/100|[from] item: Rocky Helmet|[of] p2a: Corviknight\n|-hitcount|p2a: Corviknight|2\n|\n|upkeep\n|turn|13\n|\n|t:|1700272200\n|switch|p1a: Rotom|Rotom-Wash|69\/100\n|move|p2a: Corviknight|Roost|p2a: Corviknight\n|-heal|p2a: Corviknight|100\/100\n|-singleturn|p2a: Corviknight|move: Roost\n|\n|upkeep\n|turn|14\n|\n|t:|1700272206\n|move|p1a: Rotom|Volt Switch|p2a: Corviknight\n|-supereffective|p2a: Corviknight\n|-damage|p2a: Corviknight|43\/100\n|\n|t:|1700272210\n|switch|p1a: Great Tusk|Great Tusk|100\/100|[from] Volt Switch\n|move|p2a: Corviknight|U-turn|p1a: Great Tusk\n|-resisted|p1a: Great Tusk\n|-damage|p1a: Great Tusk|96\/100\n|\n|t:|1700272215\n|switch|p2a: Ogerpon|Ogerpon-Wellspring, F|100\/100|[from] U-turn\n|\n|-heal|p1a: Great Tusk|100\/100|[from] item: Leftovers\n|upkeep\n|turn|15\n|\n|t:|1700272230\n|-end|p1a: Great Tusk|Protosynthesis|[silent]\n|switch|p1a: Salamence|Salamence, M|34\/100\n|move|p2a: Ogerpon|Ivy Cudgel|p1a: Salamence|[anim] Ivy Cudgel Water\n|-resisted|p1a: Salamence\n|-damage|p1a: Salamence|0 fnt\n|faint|p1a: Salamence\n|\n|upkeep\n|\n|t:|1700272232\n|switch|p1a: Lokix|Lokix, M|100\/100\n|turn|16\n|\n|t:|1700272245\n|switch|p2a: Corviknight|Corviknight, M|43\/100\n|-ability|p2a: Corviknight|Pressure\n|move|p1a: Lokix|Knock Off|p2a: Corviknight\n|-damage|p2a: Corviknight|8\/100\n|-damage|p1a: Lokix|84\/100|[from] item: Rocky Helmet|[of] p2a: Corviknight\n|-enditem|p2a: Corviknight|Rocky Helmet|[from] move: Knock Off|[of] p1a: Lokix\n|\n|upkeep\n|turn|17\n|\n|t:|1700272253\n|move|p1a: Lokix|Knock Off|p2a: Corviknight\n|-damage|p2a: Corviknight|0 fnt\n|faint|p2a: Corviknight\n|\n|upkeep\n|\n|t:|1700272257\n|switch|p2a: Dragonite|Dragonite, M|100\/100\n|turn|18\n|\n|t:|1700272263\n|switch|p1a: Rotom|Rotom-Wash|69\/100\n|move|p2a: Dragonite|Dragon Dance|p2a: Dragonite\n|-boost|p2a: Dragonite|atk|1\n|-boost|p2a: Dragonite|spe|1\n|\n|upkeep\n|turn|19\n|\n|t:|1700272268\n|move|p1a: Rotom|Will-O-Wisp|p2a: Dragonite\n|-status|p2a: Dragonite|brn\n|move|p2a: Dragonite|Dragon Dance|p2a: Dragonite\n|-boost|p2a: Dragonite|atk|1\n|-boost|p2a: Dragonite|spe|1\n|\n|-damage|p2a: Dragonite|94\/100 brn|[from] brn\n|upkeep\n|turn|20\n|\n|t:|1700272275\n|switch|p1a: Great Tusk|Great Tusk|100\/100\n|move|p2a: Dragonite|Dragon Dance|p2a: Dragonite\n|-boost|p2a: Dragonite|atk|1\n|-boost|p2a: Dragonite|spe|1\n|\n|-damage|p2a: Dragonite|88\/100 brn|[from] brn\n|upkeep\n|turn|21\n|\n|t:|1700272283\n|move|p2a: Dragonite|Earthquake|p1a: Great Tusk\n|-damage|p1a: Great Tusk|65\/100\n|move|p1a: Great Tusk|Knock Off|p2a: Dragonite\n|-damage|p2a: Dragonite|53\/100 brn\n|-enditem|p2a: Dragonite|Heavy-Duty Boots|[from] move: Knock Off|[of] p1a: Great Tusk\n|\n|-heal|p1a: Great Tusk|71\/100|[from] item: Leftovers\n|-damage|p2a: Dragonite|47\/100 brn|[from] brn\n|upkeep\n|turn|22\n|\n|t:|1700272292\n|move|p2a: Dragonite|Earthquake|p1a: Great Tusk\n|-damage|p1a: Great Tusk|35\/100\n|move|p1a: Great Tusk|Rapid Spin|p2a: Dragonite\n|-damage|p2a: Dragonite|28\/100 brn\n|-boost|p1a: Great Tusk|spe|1\n|\n|-heal|p1a: Great Tusk|41\/100|[from] item: Leftovers\n|-damage|p2a: Dragonite|22\/100 brn|[from] brn\n|upkeep\n|turn|23\n|\n|t:|1700272301\n|move|p2a: Dragonite|Earthquake|p1a: Great Tusk\n|-damage|p1a: Great Tusk|5\/100\n|move|p1a: Great Tusk|Knock Off|p2a: Dragonite\n|-damage|p2a: Dragonite|0 fnt\n|faint|p2a: Dragonite\n|\n|-heal|p1a: Great Tusk|12\/100|[from] item: Leftovers\n|upkeep\n|\n|t:|1700272308\n|switch|p2a: Ogerpon|Ogerpon-Wellspring, F|100\/100\n|turn|24\n|\n|t:|1700272315\n|move|p1a: Great Tusk|Knock Off|p2a: Ogerpon\n|-damage|p2a: Ogerpon|73\/100\n|move|p2a: Ogerpon|Horn Leech|p1a: Great Tusk\n|-supereffective|p1a: Great Tusk\n|-crit|p1a: Great Tusk\n|-damage|p1a: Great Tusk|0 fnt\n|-heal|p2a: Ogerpon|80\/100|[from] drain|[of] p1a: Great Tusk\n|faint|p1a: Great Tusk\n|-end|p1a: Great Tusk|Protosynthesis|[silent]\n|\n|upkeep\n|\n|t:|1700272318\n|switch|p1a: Lokix|Lokix, M|84\/100\n|turn|25\n|c|\u2606Poison Ivy Thorns|gg\n|\n|t:|1700272325\n|-terastallize|p1a: Lokix|Bug\n|move|p1a: Lokix|First Impression|p2a: Ogerpon\n|-supereffective|p2a: Ogerpon\n|-damage|p2a: Ogerpon|0 fnt\n|faint|p2a: Ogerpon\n|\n|win|Poison Ivy Thorns\n|raw|Poison Ivy Thorns's rating: 1322 &rarr; <strong>1337<\/strong><br \/>(+15 for winning)\n|raw|Drifty3.4's rating: 1229 &rarr; <strong>1211<\/strong><br \/>(-18 for losing)\n","uploadtime":1700272329,"views":17,"p1id":"poisonivythorns","p2id":"drifty34","formatid":"gen9ou","rating":1211,"private":0,"password":""}