{"id":"gen9ou-1995994999","p1":"Artemis is garbo","p2":"FireWizard312","format":"[Gen 9] OU","log":"|j|\u203dArtemis is garbo\n|j|\u2606FireWizard312\n|t:|1700626764\n|gametype|singles\n|player|p1|Artemis is garbo|maylene|1644\n|player|p2|FireWizard312|265|1572\n|teamsize|p1|6\n|teamsize|p2|6\n|gen|9\n|tier|[Gen 9] OU\n|rated|\n|rule|Sleep Clause Mod: Limit one foe put to sleep\n|rule|Species Clause: Limit one of each Pok\u00e9mon\n|rule|OHKO Clause: OHKO moves are banned\n|rule|Evasion Items Clause: Evasion items are banned\n|rule|Evasion Moves Clause: Evasion moves are banned\n|rule|Endless Battle Clause: Forcing endless battles is banned\n|rule|HP Percentage Mod: HP is shown in percentages\n|clearpoke\n|poke|p1|Ninetales-Alola, M|\n|poke|p1|Klefki, F|\n|poke|p1|Manaphy|\n|poke|p1|Articuno-Galar|\n|poke|p1|Maushold-Four|\n|poke|p1|Lilligant-Hisui, F|\n|poke|p2|Manaphy|\n|poke|p2|Kingambit, F|\n|poke|p2|Ribombee, F|\n|poke|p2|Gholdengo|\n|poke|p2|Iron Moth|\n|poke|p2|Ogerpon-Wellspring, F|\n|teampreview\n|inactive|Battle timer is ON: inactive players will automatically lose when time's up. (requested by Artemis is garbo)\n|\n|t:|1700626778\n|start\n|switch|p1a: Ninetales|Ninetales-Alola, M|100\/100\n|switch|p2a: wildfiree|Ribombee, F, shiny|100\/100\n|-weather|Snow|[from] ability: Snow Warning|[of] p1a: Ninetales\n|turn|1\n|\n|t:|1700626784\n|move|p2a: wildfiree|Sticky Web|p1a: Ninetales\n|-sidestart|p1: Artemis is garbo|move: Sticky Web\n|move|p1a: Ninetales|Encore|p2a: wildfiree\n|-start|p2a: wildfiree|Encore\n|\n|-weather|Snow|[upkeep]\n|upkeep\n|turn|2\n|\n|t:|1700626799\n|switch|p2a: scarlet|Iron Moth|100\/100\n|-enditem|p2a: scarlet|Booster Energy\n|-activate|p2a: scarlet|ability: Quark Drive|[fromitem]\n|-start|p2a: scarlet|quarkdrivespe\n|move|p1a: Ninetales|Aurora Veil|p1a: Ninetales\n|-sidestart|p1: Artemis is garbo|move: Aurora Veil\n|\n|-weather|Snow|[upkeep]\n|upkeep\n|turn|3\n|\n|t:|1700626806\n|switch|p1a: Manaphy|Manaphy, shiny|100\/100\n|-activate|p1a: Manaphy|move: Sticky Web\n|-unboost|p1a: Manaphy|spe|1\n|move|p2a: scarlet|Substitute|p2a: scarlet\n|-start|p2a: scarlet|Substitute\n|-damage|p2a: scarlet|76\/100\n|\n|-weather|Snow|[upkeep]\n|upkeep\n|turn|4\n|\n|t:|1700626813\n|-end|p2a: scarlet|Quark Drive|[silent]\n|switch|p2a: faya|Ogerpon-Wellspring, F|100\/100\n|move|p1a: Manaphy|Take Heart|p1a: Manaphy\n|-boost|p1a: Manaphy|spa|1\n|-boost|p1a: Manaphy|spd|1\n|\n|-weather|Snow|[upkeep]\n|upkeep\n|turn|5\n|\n|t:|1700626820\n|switch|p1a: Klefki|Klefki, F|100\/100\n|-activate|p1a: Klefki|move: Sticky Web\n|-unboost|p1a: Klefki|spe|1\n|move|p2a: faya|Swords Dance|p2a: faya\n|-boost|p2a: faya|atk|2\n|\n|-weather|none\n|upkeep\n|turn|6\n|\n|t:|1700626829\n|switch|p2a: wessin|Gholdengo|100\/100\n|-item|p2a: wessin|Air Balloon\n|move|p1a: Klefki|Thunder Wave|p2a: wessin\n|-immune|p2a: wessin|[from] ability: Good as Gold\n|\n|upkeep\n|turn|7\n|\n|t:|1700626836\n|switch|p1a: Maushold|Maushold-Four|100\/100\n|-activate|p1a: Maushold|move: Sticky Web\n|-unboost|p1a: Maushold|spe|1\n|move|p2a: wessin|Nasty Plot|p2a: wessin\n|-boost|p2a: wessin|spa|2\n|\n|upkeep\n|turn|8\n|\n|t:|1700626843\n|move|p2a: wessin|Make It Rain|p1a: Maushold\n|-damage|p1a: Maushold|4\/100\n|-unboost|p2a: wessin|spa|1\n|move|p1a: Maushold|Tidy Up|p1a: Maushold\n|-sideend|p1: Artemis is garbo|Sticky Web\n|-activate|p1a: Maushold|move: Tidy Up\n|-boost|p1a: Maushold|atk|1\n|-boost|p1a: Maushold|spe|1\n|\n|upkeep\n|turn|9\n|\n|t:|1700626851\n|move|p1a: Maushold|Bite|p2a: wessin\n|-supereffective|p2a: wessin\n|-damage|p2a: wessin|32\/100\n|-enditem|p2a: wessin|Air Balloon\n|move|p2a: wessin|Psyshock|p1a: Maushold\n|-damage|p1a: Maushold|0 fnt\n|faint|p1a: Maushold\n|\n|-sideend|p1: Artemis is garbo|move: Aurora Veil\n|upkeep\n|\n|t:|1700626872\n|switch|p1a: Manaphy|Manaphy, shiny|100\/100\n|turn|10\n|\n|t:|1700626876\n|move|p2a: wessin|Shadow Ball|p1a: Manaphy\n|-damage|p1a: Manaphy|43\/100\n|move|p1a: Manaphy|Scald|p2a: wessin\n|-damage|p2a: wessin|0 fnt\n|faint|p2a: wessin\n|\n|-heal|p1a: Manaphy|50\/100|[from] item: Leftovers\n|upkeep\n|\n|t:|1700626884\n|switch|p2a: faya|Ogerpon-Wellspring, F|100\/100\n|turn|11\n|\n|t:|1700626888\n|switch|p1a: Klefki|Klefki, F|100\/100\n|move|p2a: faya|Power Whip|p1a: Klefki\n|-resisted|p1a: Klefki\n|-damage|p1a: Klefki|63\/100\n|\n|upkeep\n|turn|12\n|\n|t:|1700626894\n|switch|p2a: awyp|Kingambit, F|100\/100\n|-activate|p2a: awyp|ability: Supreme Overlord\n|-start|p2a: awyp|fallen1|[silent]\n|move|p1a: Klefki|Thunder Wave|p2a: awyp\n|-hint|Since gen 7, Dark is immune to Prankster moves.\n|-immune|p2a: awyp\n|\n|upkeep\n|turn|13\n|\n|t:|1700626903\n|move|p1a: Klefki|Reflect|p1a: Klefki\n|-sidestart|p1: Artemis is garbo|Reflect\n|move|p2a: awyp|Kowtow Cleave|p1a: Klefki\n|-resisted|p1a: Klefki\n|-damage|p1a: Klefki|47\/100\n|\n|upkeep\n|turn|14\n|\n|t:|1700626908\n|-end|p2a: awyp|fallen1|[silent]\n|switch|p2a: wildfiree|Ribombee, F, shiny|100\/100\n|switch|p1a: Ninetales|Ninetales-Alola, M|100\/100\n|-weather|Snow|[from] ability: Snow Warning|[of] p1a: Ninetales\n|\n|-weather|Snow|[upkeep]\n|upkeep\n|turn|15\n|\n|t:|1700626916\n|move|p2a: wildfiree|Sticky Web|p1a: Ninetales\n|-sidestart|p1: Artemis is garbo|move: Sticky Web\n|move|p1a: Ninetales|Encore|p2a: wildfiree\n|-start|p2a: wildfiree|Encore\n|\n|-weather|Snow|[upkeep]\n|upkeep\n|turn|16\n|\n|t:|1700626920\n|switch|p2a: scarlet|Iron Moth|76\/100\n|move|p1a: Ninetales|Aurora Veil|p1a: Ninetales\n|-sidestart|p1: Artemis is garbo|move: Aurora Veil\n|\n|-weather|Snow|[upkeep]\n|upkeep\n|turn|17\n|\n|t:|1700626929\n|switch|p1a: Articuno|Articuno-Galar, shiny|100\/100\n|move|p2a: scarlet|Fiery Dance|p1a: Articuno\n|-damage|p1a: Articuno|77\/100\n|-boost|p2a: scarlet|spa|1\n|\n|-weather|Snow|[upkeep]\n|-heal|p1a: Articuno|83\/100|[from] item: Leftovers\n|upkeep\n|turn|18\n|\n|t:|1700626936\n|move|p2a: scarlet|Fiery Dance|p1a: Articuno\n|-damage|p1a: Articuno|54\/100\n|move|p1a: Articuno|Agility|p1a: Articuno\n|-boost|p1a: Articuno|spe|2\n|\n|-weather|none\n|-heal|p1a: Articuno|60\/100|[from] item: Leftovers\n|upkeep\n|turn|19\n|\n|t:|1700626944\n|move|p1a: Articuno|Calm Mind|p1a: Articuno\n|-boost|p1a: Articuno|spa|1\n|-boost|p1a: Articuno|spd|1\n|move|p2a: scarlet|Fiery Dance|p1a: Articuno\n|-damage|p1a: Articuno|38\/100\n|-boost|p2a: scarlet|spa|1\n|\n|-heal|p1a: Articuno|44\/100|[from] item: Leftovers\n|upkeep\n|turn|20\n|\n|t:|1700626952\n|move|p1a: Articuno|Stored Power|p2a: scarlet\n|-supereffective|p2a: scarlet\n|-damage|p2a: scarlet|0 fnt\n|faint|p2a: scarlet\n|-end|p2a: scarlet|Quark Drive|[silent]\n|\n|-heal|p1a: Articuno|50\/100|[from] item: Leftovers\n|-sideend|p1: Artemis is garbo|Reflect\n|upkeep\n|\n|t:|1700626955\n|switch|p2a: awyp|Kingambit, F|100\/100\n|-activate|p2a: awyp|ability: Supreme Overlord\n|-start|p2a: awyp|fallen2|[silent]\n|turn|21\n|\n|t:|1700626961\n|-terastallize|p1a: Articuno|Fighting\n|move|p1a: Articuno|Tera Blast|p2a: awyp|[anim] Tera Blast Fighting\n|-supereffective|p2a: awyp\n|-damage|p2a: awyp|0 fnt\n|faint|p2a: awyp\n|-end|p2a: awyp|fallen2|[silent]\n|\n|-heal|p1a: Articuno|56\/100|[from] item: Leftovers\n|upkeep\n|\n|t:|1700626966\n|switch|p2a: wildfiree|Ribombee, F, shiny|100\/100\n|turn|22\n|\n|t:|1700626969\n|move|p1a: Articuno|Stored Power|p2a: wildfiree\n|-enditem|p2a: wildfiree|Focus Sash\n|-damage|p2a: wildfiree|1\/100\n|move|p2a: wildfiree|Stun Spore|p1a: Articuno\n|-status|p1a: Articuno|par\n|\n|-heal|p1a: Articuno|63\/100 par|[from] item: Leftovers\n|upkeep\n|turn|23\n|\n|t:|1700626977\n|move|p2a: wildfiree|Moonblast|p1a: Articuno\n|-supereffective|p1a: Articuno\n|-damage|p1a: Articuno|34\/100 par\n|move|p1a: Articuno|Stored Power|p2a: wildfiree\n|-damage|p2a: wildfiree|0 fnt\n|faint|p2a: wildfiree\n|\n|-heal|p1a: Articuno|41\/100 par|[from] item: Leftovers\n|-sideend|p1: Artemis is garbo|move: Aurora Veil\n|upkeep\n|\n|t:|1700626982\n|switch|p2a: faya|Ogerpon-Wellspring, F|100\/100\n|turn|24\n|\n|t:|1700626987\n|-terastallize|p2a: faya|Water\n|detailschange|p2a: faya|Ogerpon-Wellspring-Tera, F, tera:Water\n|-ability|p2a: faya|Embody Aspect (Wellspring)|boost\n|-boost|p2a: faya|spd|1\n|move|p2a: faya|Ivy Cudgel|p1a: Articuno|[anim] Ivy Cudgel Water\n|-crit|p1a: Articuno\n|-damage|p1a: Articuno|0 fnt\n|faint|p1a: Articuno\n|\n|upkeep\n|\n|t:|1700626995\n|switch|p1a: Klefki|Klefki, F|47\/100\n|-activate|p1a: Klefki|move: Sticky Web\n|-unboost|p1a: Klefki|spe|1\n|turn|25\n|\n|t:|1700626999\n|switch|p2a: HPDARKEAGLE|Manaphy|100\/100\n|move|p1a: Klefki|Thunder Wave|p2a: HPDARKEAGLE\n|-status|p2a: HPDARKEAGLE|par\n|\n|upkeep\n|turn|26\n|\n|t:|1700627005\n|switch|p1a: Ninetales|Ninetales-Alola, M|100\/100\n|-activate|p1a: Ninetales|move: Sticky Web\n|-unboost|p1a: Ninetales|spe|1\n|-weather|Snow|[from] ability: Snow Warning|[of] p1a: Ninetales\n|move|p2a: HPDARKEAGLE|Acid Armor|p2a: HPDARKEAGLE\n|-boost|p2a: HPDARKEAGLE|def|2\n|\n|-weather|Snow|[upkeep]\n|upkeep\n|turn|27\n|\n|t:|1700627013\n|move|p1a: Ninetales|Aurora Veil|p1a: Ninetales\n|-sidestart|p1: Artemis is garbo|move: Aurora Veil\n|move|p2a: HPDARKEAGLE|Take Heart|p2a: HPDARKEAGLE\n|-boost|p2a: HPDARKEAGLE|spa|1\n|-boost|p2a: HPDARKEAGLE|spd|1\n|-curestatus|p2a: HPDARKEAGLE|par|[msg]\n|\n|-weather|Snow|[upkeep]\n|upkeep\n|turn|28\n|\n|t:|1700627018\n|move|p2a: HPDARKEAGLE|Scald|p1a: Ninetales\n|-damage|p1a: Ninetales|64\/100\n|move|p1a: Ninetales|Encore|p2a: HPDARKEAGLE\n|-start|p2a: HPDARKEAGLE|Encore\n|\n|-weather|Snow|[upkeep]\n|upkeep\n|turn|29\n|\n|t:|1700627024\n|move|p2a: HPDARKEAGLE|Scald|p1a: Ninetales\n|-damage|p1a: Ninetales|31\/100\n|-status|p1a: Ninetales|brn\n|move|p1a: Ninetales|Hypnosis|p2a: HPDARKEAGLE\n|-status|p2a: HPDARKEAGLE|slp|[from] move: Hypnosis\n|\n|-weather|Snow|[upkeep]\n|-damage|p1a: Ninetales|25\/100 brn|[from] brn\n|upkeep\n|turn|30\n|c|\u2606FireWizard312|...\n|c|\u2606FireWizard312|ok game\n|\n|t:|1700627033\n|switch|p1a: Lilligant|Lilligant-Hisui, F|100\/100\n|-activate|p1a: Lilligant|move: Sticky Web\n|-unboost|p1a: Lilligant|spe|1\n|cant|p2a: HPDARKEAGLE|slp\n|\n|-weather|none\n|upkeep\n|turn|31\n|\n|t:|1700627039\n|-curestatus|p2a: HPDARKEAGLE|slp|[msg]\n|move|p2a: HPDARKEAGLE|Scald|p1a: Lilligant\n|-resisted|p1a: Lilligant\n|-damage|p1a: Lilligant|79\/100\n|move|p1a: Lilligant|Victory Dance|p1a: Lilligant\n|-boost|p1a: Lilligant|atk|1\n|-boost|p1a: Lilligant|def|1\n|-boost|p1a: Lilligant|spe|1\n|\n|-end|p2a: HPDARKEAGLE|Encore\n|upkeep\n|turn|32\n|\n|t:|1700627050\n|move|p1a: Lilligant|Victory Dance|p1a: Lilligant\n|-boost|p1a: Lilligant|atk|1\n|-boost|p1a: Lilligant|def|1\n|-boost|p1a: Lilligant|spe|1\n|move|p2a: HPDARKEAGLE|Scald|p1a: Lilligant\n|-resisted|p1a: Lilligant\n|-damage|p1a: Lilligant|60\/100\n|\n|upkeep\n|turn|33\n|\n|t:|1700627057\n|move|p1a: Lilligant|Leaf Blade|p2a: HPDARKEAGLE\n|-supereffective|p2a: HPDARKEAGLE\n|-damage|p2a: HPDARKEAGLE|0 fnt\n|faint|p2a: HPDARKEAGLE\n|\n|upkeep\n|\n|t:|1700627060\n|switch|p2a: faya|Ogerpon-Wellspring-Tera, F, tera:Water|100\/100\n|-ability|p2a: faya|Embody Aspect (Wellspring)|boost\n|-boost|p2a: faya|spd|1\n|turn|34\n|\n|t:|1700627064\n|move|p1a: Lilligant|Leaf Blade|p2a: faya\n|-supereffective|p2a: faya\n|-damage|p2a: faya|0 fnt\n|faint|p2a: faya\n|\n|win|Artemis is garbo\n|raw|Artemis is garbo's rating: 1644 &rarr; <strong>1660<\/strong><br \/>(+16 for winning)\n|raw|FireWizard312's rating: 1572 &rarr; <strong>1556<\/strong><br \/>(-16 for losing)\n|l|\u203dArtemis is garbo\n","uploadtime":1700627077,"views":20,"p1id":"artemisisgarbo","p2id":"firewizard312","formatid":"gen9ou","rating":1556,"private":0,"password":""}