{"id":"gen9ou-1988272295","p1":"Theonreekgreyjoy","p2":"BouncyPudding","format":"[Gen 9] OU","log":"|j|\u2606Theonreekgreyjoy\n|j|\u2606BouncyPudding\n|t:|1699699145\n|gametype|singles\n|player|p1|Theonreekgreyjoy|102|1749\n|player|p2|BouncyPudding|misty|1844\n|teamsize|p1|6\n|teamsize|p2|6\n|gen|9\n|tier|[Gen 9] OU\n|rated|\n|rule|Sleep Clause Mod: Limit one foe put to sleep\n|rule|Species Clause: Limit one of each Pok\u00e9mon\n|rule|OHKO Clause: OHKO moves are banned\n|rule|Evasion Items Clause: Evasion items are banned\n|rule|Evasion Moves Clause: Evasion moves are banned\n|rule|Endless Battle Clause: Forcing endless battles is banned\n|rule|HP Percentage Mod: HP is shown in percentages\n|clearpoke\n|poke|p1|Hatterene, F|\n|poke|p1|Manaphy|\n|poke|p1|Heatran, M|\n|poke|p1|Zamazenta-*|\n|poke|p1|Sneasler, F|\n|poke|p1|Rillaboom, F|\n|poke|p2|Ninetales-Alola, M|\n|poke|p2|Ogerpon-Wellspring, F|\n|poke|p2|Gholdengo|\n|poke|p2|Kingambit, F|\n|poke|p2|Iron Valiant|\n|poke|p2|Gliscor, F|\n|teampreview\n|inactive|Battle timer is ON: inactive players will automatically lose when time's up. (requested by BouncyPudding)\n|inactive|Theonreekgreyjoy has 120 seconds left.\n|j| gachacommon\n|inactive|Theonreekgreyjoy has 90 seconds left.\n|\n|t:|1699699234\n|start\n|switch|p1a: Heatran|Heatran, M|100\/100\n|switch|p2a: Ninetales|Ninetales-Alola, M|100\/100\n|-weather|Snow|[from] ability: Snow Warning|[of] p2a: Ninetales\n|-item|p1a: Heatran|Air Balloon\n|turn|1\n|\n|t:|1699699241\n|move|p2a: Ninetales|Freeze-Dry|p1a: Heatran\n|-resisted|p1a: Heatran\n|-damage|p1a: Heatran|97\/100\n|-status|p1a: Heatran|frz\n|-enditem|p1a: Heatran|Air Balloon\n|cant|p1a: Heatran|frz\n|\n|-weather|Snow|[upkeep]\n|upkeep\n|turn|2\n|j| DR NEFARIO MD\n|j| lgang007\n|\n|t:|1699699268\n|move|p2a: Ninetales|Aurora Veil|p2a: Ninetales\n|-sidestart|p2: BouncyPudding|move: Aurora Veil\n|cant|p1a: Heatran|frz\n|\n|-weather|Snow|[upkeep]\n|upkeep\n|turn|3\n|\n|t:|1699699273\n|switch|p2a: Gliscor|Gliscor, F|100\/100\n|cant|p1a: Heatran|frz\n|\n|-weather|Snow|[upkeep]\n|-status|p2a: Gliscor|tox|[from] item: Toxic Orb\n|upkeep\n|turn|4\n|c|\u2606Theonreekgreyjoy|noobs be like: abuse my hax to the max\n|\n|t:|1699699294\n|switch|p1a: Manaphy|Manaphy|100\/100\n|move|p2a: Gliscor|Swords Dance|p2a: Gliscor\n|-boost|p2a: Gliscor|atk|2\n|\n|-weather|Snow|[upkeep]\n|upkeep\n|turn|5\n|\n|t:|1699699304\n|move|p1a: Manaphy|Acid Armor|p1a: Manaphy\n|-boost|p1a: Manaphy|def|2\n|move|p2a: Gliscor|Scale Shot|p1a: Manaphy\n|-damage|p1a: Manaphy|94\/100\n|-damage|p1a: Manaphy|89\/100\n|-hitcount|p1a: Manaphy|2\n|-unboost|p2a: Gliscor|def|1\n|-boost|p2a: Gliscor|spe|1\n|\n|-weather|none\n|-heal|p1a: Manaphy|95\/100|[from] item: Leftovers\n|upkeep\n|turn|6\n|\n|t:|1699699316\n|switch|p2a: Ogerpon|Ogerpon-Wellspring, F|100\/100\n|move|p1a: Manaphy|Acid Armor|p1a: Manaphy\n|-boost|p1a: Manaphy|def|2\n|\n|-heal|p1a: Manaphy|100\/100|[from] item: Leftovers\n|upkeep\n|turn|7\n|\n|t:|1699699325\n|-terastallize|p1a: Manaphy|Poison\n|move|p2a: Ogerpon|Encore|p1a: Manaphy\n|-start|p1a: Manaphy|Encore\n|move|p1a: Manaphy|Acid Armor|p1a: Manaphy\n|-boost|p1a: Manaphy|def|2\n|\n|upkeep\n|turn|8\n|\n|t:|1699699330\n|switch|p1a: Rillaboom|Rillaboom, F|100\/100\n|-fieldstart|move: Grassy Terrain|[from] ability: Grassy Surge|[of] p1a: Rillaboom\n|move|p2a: Ogerpon|Swords Dance|p2a: Ogerpon\n|-boost|p2a: Ogerpon|atk|2\n|\n|upkeep\n|turn|9\n|\n|t:|1699699336\n|move|p2a: Ogerpon|Ivy Cudgel|p1a: Rillaboom\n|-resisted|p1a: Rillaboom\n|-damage|p1a: Rillaboom|45\/100\n|move|p1a: Rillaboom|U-turn|p2a: Ogerpon\n|-supereffective|p2a: Ogerpon\n|-damage|p2a: Ogerpon|54\/100\n|\n|t:|1699699349\n|switch|p1a: Sneasler|Sneasler, F|100\/100|[from] U-turn\n|-enditem|p1a: Sneasler|Grassy Seed\n|-boost|p1a: Sneasler|def|1|[from] item: Grassy Seed\n|\n|-heal|p2a: Ogerpon|60\/100|[from] Grassy Terrain\n|-sideend|p2: BouncyPudding|move: Aurora Veil\n|upkeep\n|turn|10\n|\n|t:|1699699354\n|move|p1a: Sneasler|Dire Claw|p2a: Ogerpon\n|-supereffective|p2a: Ogerpon\n|-damage|p2a: Ogerpon|0 fnt\n|faint|p2a: Ogerpon\n|\n|upkeep\n|\n|t:|1699699359\n|switch|p2a: Gholdengo|Gholdengo|100\/100\n|-item|p2a: Gholdengo|Air Balloon\n|turn|11\n|\n|t:|1699699364\n|move|p1a: Sneasler|Lash Out|p2a: Gholdengo\n|-supereffective|p2a: Gholdengo\n|-damage|p2a: Gholdengo|38\/100\n|-enditem|p2a: Gholdengo|Air Balloon\n|move|p2a: Gholdengo|Psyshock|p1a: Sneasler\n|-supereffective|p1a: Sneasler\n|-damage|p1a: Sneasler|0 fnt\n|faint|p1a: Sneasler\n|\n|-heal|p2a: Gholdengo|44\/100|[from] Grassy Terrain\n|upkeep\n|\n|t:|1699699373\n|switch|p1a: Manaphy|Manaphy, tera:Poison|100\/100\n|turn|12\n|\n|t:|1699699379\n|switch|p2a: Ninetales|Ninetales-Alola, M|100\/100\n|-weather|Snow|[from] ability: Snow Warning|[of] p2a: Ninetales\n|move|p1a: Manaphy|Take Heart|p1a: Manaphy\n|-boost|p1a: Manaphy|spa|1\n|-boost|p1a: Manaphy|spd|1\n|\n|-weather|Snow|[upkeep]\n|-fieldend|move: Grassy Terrain\n|upkeep\n|turn|13\n|\n|t:|1699699384\n|switch|p1a: Heatran|Heatran, M|97\/100 frz\n|move|p2a: Ninetales|Encore||[still]\n|-fail|p2a: Ninetales\n|\n|-weather|Snow|[upkeep]\n|upkeep\n|turn|14\n|\n|t:|1699699388\n|move|p2a: Ninetales|Aurora Veil|p2a: Ninetales\n|-sidestart|p2: BouncyPudding|move: Aurora Veil\n|cant|p1a: Heatran|frz\n|\n|-weather|Snow|[upkeep]\n|upkeep\n|turn|15\n|\n|t:|1699699393\n|switch|p2a: Gliscor|Gliscor, F|100\/100 tox\n|switch|p1a: Rillaboom|Rillaboom, F|45\/100\n|-fieldstart|move: Grassy Terrain|[from] ability: Grassy Surge|[of] p1a: Rillaboom\n|\n|-weather|Snow|[upkeep]\n|-heal|p1a: Rillaboom|51\/100|[from] Grassy Terrain\n|upkeep\n|turn|16\n|\n|t:|1699699399\n|move|p2a: Gliscor|Swords Dance|p2a: Gliscor\n|-boost|p2a: Gliscor|atk|2\n|move|p1a: Rillaboom|U-turn|p2a: Gliscor\n|-resisted|p2a: Gliscor\n|-damage|p2a: Gliscor|91\/100 tox\n|\n|t:|1699699404\n|switch|p1a: Zamazenta|Zamazenta|100\/100|[from] U-turn\n|-ability|p1a: Zamazenta|Dauntless Shield|boost\n|-boost|p1a: Zamazenta|def|1\n|\n|-weather|none\n|-heal|p2a: Gliscor|100\/100 tox|[from] ability: Poison Heal\n|upkeep\n|turn|17\n|\n|t:|1699699423\n|move|p1a: Zamazenta|Iron Defense|p1a: Zamazenta\n|-boost|p1a: Zamazenta|def|2\n|move|p2a: Gliscor|Swords Dance|p2a: Gliscor\n|-boost|p2a: Gliscor|atk|2\n|\n|upkeep\n|turn|18\n|\n|t:|1699699429\n|move|p1a: Zamazenta|Iron Defense|p1a: Zamazenta\n|-boost|p1a: Zamazenta|def|2\n|move|p2a: Gliscor|Swords Dance|p2a: Gliscor\n|-boost|p2a: Gliscor|atk|2\n|\n|upkeep\n|turn|19\n|\n|t:|1699699436\n|move|p1a: Zamazenta|Iron Defense|p1a: Zamazenta\n|-boost|p1a: Zamazenta|def|1\n|move|p2a: Gliscor|Scale Shot|p1a: Zamazenta\n|-damage|p1a: Zamazenta|95\/100\n|-damage|p1a: Zamazenta|89\/100\n|-hitcount|p1a: Zamazenta|2\n|-unboost|p2a: Gliscor|def|1\n|-boost|p2a: Gliscor|spe|1\n|\n|-heal|p1a: Zamazenta|95\/100|[from] Grassy Terrain\n|-heal|p1a: Zamazenta|100\/100|[from] item: Leftovers\n|-fieldend|move: Grassy Terrain\n|upkeep\n|turn|20\n|\n|t:|1699699449\n|move|p2a: Gliscor|Earthquake|p1a: Zamazenta\n|-damage|p1a: Zamazenta|65\/100\n|move|p1a: Zamazenta|Body Press|p2a: Gliscor\n|-resisted|p2a: Gliscor\n|-damage|p2a: Gliscor|52\/100 tox\n|\n|-heal|p1a: Zamazenta|72\/100|[from] item: Leftovers\n|-heal|p2a: Gliscor|64\/100 tox|[from] ability: Poison Heal\n|upkeep\n|turn|21\n|\n|t:|1699699459\n|move|p2a: Gliscor|Earthquake|p1a: Zamazenta\n|-damage|p1a: Zamazenta|36\/100\n|move|p1a: Zamazenta|Body Press|p2a: Gliscor\n|-resisted|p2a: Gliscor\n|-damage|p2a: Gliscor|10\/100 tox\n|\n|-heal|p1a: Zamazenta|42\/100|[from] item: Leftovers\n|-heal|p2a: Gliscor|23\/100 tox|[from] ability: Poison Heal\n|-sideend|p2: BouncyPudding|move: Aurora Veil\n|upkeep\n|turn|22\n|inactive|BouncyPudding has 120 seconds left.\n|inactive|BouncyPudding has 90 seconds left.\n|\n|t:|1699699521\n|-terastallize|p2a: Gliscor|Normal\n|move|p2a: Gliscor|Facade|p1a: Zamazenta\n|-damage|p1a: Zamazenta|0 fnt\n|faint|p1a: Zamazenta\n|\n|-heal|p2a: Gliscor|35\/100 tox|[from] ability: Poison Heal\n|upkeep\n|\n|t:|1699699539\n|switch|p1a: Rillaboom|Rillaboom, F|51\/100\n|-fieldstart|move: Grassy Terrain|[from] ability: Grassy Surge|[of] p1a: Rillaboom\n|turn|23\n|\n|t:|1699699544\n|switch|p2a: Gholdengo|Gholdengo|44\/100\n|move|p1a: Rillaboom|Grassy Glide|p2a: Gholdengo\n|-resisted|p2a: Gholdengo\n|-damage|p2a: Gholdengo|12\/100\n|\n|-heal|p2a: Gholdengo|18\/100|[from] Grassy Terrain\n|-heal|p1a: Rillaboom|57\/100|[from] Grassy Terrain\n|upkeep\n|turn|24\n|\n|t:|1699699547\n|move|p1a: Rillaboom|Grassy Glide|p2a: Gholdengo\n|-resisted|p2a: Gholdengo\n|-damage|p2a: Gholdengo|0 fnt\n|faint|p2a: Gholdengo\n|\n|-heal|p1a: Rillaboom|63\/100|[from] Grassy Terrain\n|upkeep\n|\n|t:|1699699550\n|switch|p2a: Ninetales|Ninetales-Alola, M|100\/100\n|-weather|Snow|[from] ability: Snow Warning|[of] p2a: Ninetales\n|turn|25\n|\n|t:|1699699556\n|switch|p1a: Heatran|Heatran, M|97\/100 frz\n|move|p2a: Ninetales|Aurora Veil|p2a: Ninetales\n|-sidestart|p2: BouncyPudding|move: Aurora Veil\n|\n|-weather|Snow|[upkeep]\n|-heal|p1a: Heatran|100\/100 frz|[from] Grassy Terrain\n|upkeep\n|turn|26\n|\n|t:|1699699561\n|switch|p2a: Gliscor|Gliscor, F, tera:Normal|35\/100 tox\n|cant|p1a: Heatran|frz\n|\n|-weather|Snow|[upkeep]\n|-heal|p2a: Gliscor|42\/100 tox|[from] Grassy Terrain\n|-heal|p2a: Gliscor|54\/100 tox|[from] ability: Poison Heal\n|upkeep\n|turn|27\n|\n|t:|1699699570\n|switch|p1a: Manaphy|Manaphy, tera:Poison|100\/100\n|move|p2a: Gliscor|Swords Dance|p2a: Gliscor\n|-boost|p2a: Gliscor|atk|2\n|\n|-weather|Snow|[upkeep]\n|-heal|p2a: Gliscor|60\/100 tox|[from] Grassy Terrain\n|-heal|p2a: Gliscor|73\/100 tox|[from] ability: Poison Heal\n|-fieldend|move: Grassy Terrain\n|upkeep\n|turn|28\n|\n|t:|1699699573\n|move|p1a: Manaphy|Acid Armor|p1a: Manaphy\n|-boost|p1a: Manaphy|def|2\n|move|p2a: Gliscor|Earthquake|p1a: Manaphy\n|-supereffective|p1a: Manaphy\n|-damage|p1a: Manaphy|25\/100\n|\n|-weather|Snow|[upkeep]\n|-heal|p1a: Manaphy|31\/100|[from] item: Leftovers\n|-heal|p2a: Gliscor|85\/100 tox|[from] ability: Poison Heal\n|upkeep\n|turn|29\n|\n|t:|1699699585\n|move|p1a: Manaphy|Scald|p2a: Gliscor\n|-damage|p2a: Gliscor|65\/100 tox\n|move|p2a: Gliscor|Earthquake|p1a: Manaphy\n|-supereffective|p1a: Manaphy\n|-damage|p1a: Manaphy|0 fnt\n|faint|p1a: Manaphy\n|\n|-weather|none\n|-heal|p2a: Gliscor|77\/100 tox|[from] ability: Poison Heal\n|upkeep\n|\n|t:|1699699593\n|switch|p1a: Rillaboom|Rillaboom, F|63\/100\n|-fieldstart|move: Grassy Terrain|[from] ability: Grassy Surge|[of] p1a: Rillaboom\n|turn|30\n|j| greenle\n|\n|t:|1699699603\n|move|p2a: Gliscor|Facade|p1a: Rillaboom\n|-damage|p1a: Rillaboom|0 fnt\n|faint|p1a: Rillaboom\n|\n|-heal|p2a: Gliscor|83\/100 tox|[from] Grassy Terrain\n|-heal|p2a: Gliscor|96\/100 tox|[from] ability: Poison Heal\n|upkeep\n|\n|t:|1699699606\n|switch|p1a: Hatterene|Hatterene, F|100\/100\n|-enditem|p1a: Hatterene|Grassy Seed\n|-boost|p1a: Hatterene|def|1|[from] item: Grassy Seed\n|turn|31\n|\n|t:|1699699620\n|move|p2a: Gliscor|Facade|p1a: Hatterene\n|-damage|p1a: Hatterene|30\/100\n|move|p1a: Hatterene|Draining Kiss|p2a: Gliscor\n|-damage|p2a: Gliscor|81\/100 tox\n|-heal|p1a: Hatterene|40\/100|[from] drain|[of] p2a: Gliscor\n|\n|-heal|p2a: Gliscor|87\/100 tox|[from] Grassy Terrain\n|-heal|p1a: Hatterene|46\/100|[from] Grassy Terrain\n|-heal|p2a: Gliscor|99\/100 tox|[from] ability: Poison Heal\n|upkeep\n|turn|32\n|c|\u2606Theonreekgreyjoy|funny how ninetales would have been dead within the first two turns and gliscor would never have set up lol\n|inactive|Theonreekgreyjoy has 120 seconds left.\n|-message|Theonreekgreyjoy forfeited.\n|\n|win|BouncyPudding\n|raw|Theonreekgreyjoy's rating: 1749 &rarr; <strong>1734<\/strong><br \/>(-15 for losing)\n|raw|BouncyPudding's rating: 1844 &rarr; <strong>1859<\/strong><br \/>(+15 for winning)\n|l|\u2606Theonreekgreyjoy\n|l|\u2606BouncyPudding\n|j| wlmmmm\n|l| gachacommon\n|l| lgang007\n|l| DR NEFARIO MD\n","uploadtime":1699699881,"views":34,"p1id":"theonreekgreyjoy","p2id":"bouncypudding","formatid":"gen9ou","rating":1734,"private":0,"password":""}