{"id":"gen9ou-1996640099","p1":"HEAVY-DUTY B0OTY","p2":"randomness3535","format":"[Gen 9] OU","log":"|j|\u2606HEAVY-DUTY B0OTY\n|j|\u2606randomness3535\n|inactive|Battle timer is ON: inactive players will automatically lose when time's up.\n|t:|1700703939\n|gametype|singles\n|player|p1|HEAVY-DUTY B0OTY|swimmerf-gen6|\n|player|p2|randomness3535|hilbert|\n|teamsize|p1|3\n|teamsize|p2|3\n|gen|9\n|tier|[Gen 9] OU\n|rated|Tournament battle\n|rule|Sleep Clause Mod: Limit one foe put to sleep\n|rule|Species Clause: Limit one of each Pok\u00e9mon\n|rule|OHKO Clause: OHKO moves are banned\n|rule|Evasion Items Clause: Evasion items are banned\n|rule|Evasion Moves Clause: Evasion moves are banned\n|rule|Endless Battle Clause: Forcing endless battles is banned\n|rule|HP Percentage Mod: HP is shown in percentages\n|clearpoke\n|poke|p1|Cloyster, F|\n|poke|p1|Brambleghast, F|\n|poke|p1|Tsareena, F|\n|poke|p2|Cetitan, F|\n|poke|p2|Infernape, M|\n|poke|p2|Kricketune, M|\n|teampreview\n|j|*Lady Monita \u2746\n|\n|t:|1700703949\n|start\n|switch|p1a: `(\u00f2\u00fb\u00f3)\u00b4|Brambleghast, F|100\/100\n|switch|p2a: Kricketune|Kricketune, M|100\/100\n|turn|1\n|j| boi in the back\n|\n|t:|1700703957\n|move|p1a: `(\u00f2\u00fb\u00f3)\u00b4|Poltergeist|p2a: Kricketune\n|-activate|p2a: Kricketune|move: Poltergeist|Focus Sash\n|-damage|p2a: Kricketune|32\/100\n|move|p2a: Kricketune|Sticky Web|p1a: `(\u00f2\u00fb\u00f3)\u00b4\n|-sidestart|p1: HEAVY-DUTY B0OTY|move: Sticky Web\n|\n|upkeep\n|turn|2\n|\n|t:|1700703966\n|move|p1a: `(\u00f2\u00fb\u00f3)\u00b4|Rapid Spin|p2a: Kricketune\n|-damage|p2a: Kricketune|12\/100\n|-boost|p1a: `(\u00f2\u00fb\u00f3)\u00b4|spe|1\n|-sideend|p1: HEAVY-DUTY B0OTY|Sticky Web|[from] move: Rapid Spin|[of] p1a: `(\u00f2\u00fb\u00f3)\u00b4\n|move|p2a: Kricketune|Knock Off|p1a: `(\u00f2\u00fb\u00f3)\u00b4\n|-supereffective|p1a: `(\u00f2\u00fb\u00f3)\u00b4\n|-damage|p1a: `(\u00f2\u00fb\u00f3)\u00b4|47\/100\n|-enditem|p1a: `(\u00f2\u00fb\u00f3)\u00b4|Heavy-Duty Boots|[from] move: Knock Off|[of] p2a: Kricketune\n|\n|upkeep\n|turn|3\n|\n|t:|1700703971\n|move|p1a: `(\u00f2\u00fb\u00f3)\u00b4|Rapid Spin|p2a: Kricketune\n|-damage|p2a: Kricketune|0 fnt\n|-boost|p1a: `(\u00f2\u00fb\u00f3)\u00b4|spe|1\n|faint|p2a: Kricketune\n|\n|upkeep\n|\n|t:|1700703974\n|switch|p2a: Infernape|Infernape, M|100\/100\n|turn|4\n|\n|t:|1700703990\n|move|p1a: `(\u00f2\u00fb\u00f3)\u00b4|Poltergeist|p2a: Infernape\n|-activate|p2a: Infernape|move: Poltergeist|Life Orb\n|-damage|p2a: Infernape|39\/100\n|move|p2a: Infernape|Flare Blitz|p1a: `(\u00f2\u00fb\u00f3)\u00b4\n|-supereffective|p1a: `(\u00f2\u00fb\u00f3)\u00b4\n|-damage|p1a: `(\u00f2\u00fb\u00f3)\u00b4|0 fnt\n|faint|p1a: `(\u00f2\u00fb\u00f3)\u00b4\n|-damage|p2a: Infernape|23\/100|[from] Recoil\n|-damage|p2a: Infernape|13\/100|[from] item: Life Orb\n|\n|upkeep\n|inactive|HEAVY-DUTY B0OTY has 120 seconds left.\n|\n|t:|1700704014\n|switch|p1a: `(\u00f4)\u00b4|Cloyster, F|100\/100\n|turn|5\n|\n|t:|1700704024\n|switch|p2a: Cetitan|Cetitan, F|100\/100\n|-terastallize|p1a: `(\u00f4)\u00b4|Electric\n|move|p1a: `(\u00f4)\u00b4|Shell Smash|p1a: `(\u00f4)\u00b4\n|-unboost|p1a: `(\u00f4)\u00b4|def|1\n|-unboost|p1a: `(\u00f4)\u00b4|spd|1\n|-boost|p1a: `(\u00f4)\u00b4|atk|2\n|-boost|p1a: `(\u00f4)\u00b4|spa|2\n|-boost|p1a: `(\u00f4)\u00b4|spe|2\n|\n|upkeep\n|turn|6\n|\n|t:|1700704034\n|move|p1a: `(\u00f4)\u00b4|Liquidation|p2a: Cetitan\n|-damage|p2a: Cetitan|30\/100\n|-enditem|p2a: Cetitan|Sitrus Berry|[eat]\n|-heal|p2a: Cetitan|55\/100|[from] item: Sitrus Berry\n|move|p2a: Cetitan|Earthquake|p1a: `(\u00f4)\u00b4\n|-supereffective|p1a: `(\u00f4)\u00b4\n|-damage|p1a: `(\u00f4)\u00b4|17\/100\n|\n|upkeep\n|turn|7\n|\n|t:|1700704040\n|move|p2a: Cetitan|Ice Shard|p1a: `(\u00f4)\u00b4\n|-damage|p1a: `(\u00f4)\u00b4|0 fnt\n|faint|p1a: `(\u00f4)\u00b4\n|\n|upkeep\n|\n|t:|1700704042\n|switch|p1a: \u00e8_\u00e9^|Tsareena, F|100\/100\n|turn|8\n|l| boi in the back\n|\n|t:|1700704052\n|move|p1a: \u00e8_\u00e9^|Rapid Spin|p2a: Cetitan\n|-damage|p2a: Cetitan|41\/100\n|-boost|p1a: \u00e8_\u00e9^|spe|1\n|move|p2a: Cetitan|Ice Spinner|p1a: \u00e8_\u00e9^\n|-supereffective|p1a: \u00e8_\u00e9^\n|-damage|p1a: \u00e8_\u00e9^|1\/100\n|\n|upkeep\n|turn|9\n|\n|t:|1700704076\n|-terastallize|p2a: Cetitan|Ghost\n|move|p1a: \u00e8_\u00e9^|Power Whip|p2a: Cetitan\n|-damage|p2a: Cetitan|0 fnt\n|faint|p2a: Cetitan\n|\n|upkeep\n|\n|t:|1700704080\n|switch|p2a: Infernape|Infernape, M|13\/100\n|turn|10\n|\n|t:|1700704084\n|move|p1a: \u00e8_\u00e9^|Rapid Spin|p2a: Infernape\n|-damage|p2a: Infernape|0 fnt\n|-boost|p1a: \u00e8_\u00e9^|spe|1\n|faint|p2a: Infernape\n|\n|win|HEAVY-DUTY B0OTY\n|n|\u2606HEAVY-DUTY B0OTY|heavydutyb0oty\n|n|\u2606randomness3535|randomness3535\n|n|*Lady Monita \u2746|ladymonita\n|l|*Lady Monita \u2746\n|c|\u2606HEAVY-DUTY B0OTY|gg\n|c|\u2606randomness3535|gg\n|l|\u2606randomness3535\n","uploadtime":1700704100,"views":2,"p1id":"heavydutyb0oty","p2id":"randomness3535","formatid":"gen9ou","rating":0,"private":0,"password":""}