{"id":"gen9ou-1996573724","p1":"del water gap","p2":"djsxhnsksksjdjjdh","format":"[Gen 9] OU","log":"|j|\u2606del water gap\n|j|\u2606djsxhnsksksjdjjdh\n|t:|1700695905\n|gametype|singles\n|player|p1|del water gap|acetrainersnowf|1584\n|player|p2|djsxhnsksksjdjjdh|1|1554\n|teamsize|p1|6\n|teamsize|p2|6\n|gen|9\n|tier|[Gen 9] OU\n|rated|\n|rule|Sleep Clause Mod: Limit one foe put to sleep\n|rule|Species Clause: Limit one of each Pok\u00e9mon\n|rule|OHKO Clause: OHKO moves are banned\n|rule|Evasion Items Clause: Evasion items are banned\n|rule|Evasion Moves Clause: Evasion moves are banned\n|rule|Endless Battle Clause: Forcing endless battles is banned\n|rule|HP Percentage Mod: HP is shown in percentages\n|clearpoke\n|poke|p1|Shaymin|\n|poke|p1|Gholdengo|\n|poke|p1|Cinderace, M|\n|poke|p1|Clefable, M|\n|poke|p1|Zapdos|\n|poke|p1|Dragonite, F|\n|poke|p2|Dragapult, M|\n|poke|p2|Thundurus-Therian, M|\n|poke|p2|Alomomola, M|\n|poke|p2|Great Tusk|\n|poke|p2|Ninetales-Alola, M|\n|poke|p2|Cinderace, M|\n|teampreview\n|inactive|Battle timer is ON: inactive players will automatically lose when time's up. (requested by djsxhnsksksjdjjdh)\n|\n|t:|1700695914\n|start\n|switch|p1a: Gholdengo|Gholdengo|100\/100\n|switch|p2a: Dragapult|Dragapult, M|100\/100\n|turn|1\n|\n|t:|1700695924\n|switch|p2a: Thundurus|Thundurus-Therian, M|100\/100\n|move|p1a: Gholdengo|Shadow Ball|p2a: Thundurus\n|-damage|p2a: Thundurus|80\/100\n|\n|upkeep\n|turn|2\n|\n|t:|1700695929\n|switch|p1a: Shaymin|Shaymin|100\/100\n|move|p2a: Thundurus|Volt Switch|p1a: Shaymin\n|-resisted|p1a: Shaymin\n|-damage|p1a: Shaymin|83\/100\n|\n|t:|1700695933\n|switch|p2a: Dragapult|Dragapult, M|100\/100|[from] Volt Switch\n|\n|upkeep\n|turn|3\n|\n|t:|1700695936\n|switch|p1a: Clefable|Clefable, M|100\/100\n|-terastallize|p2a: Dragapult|Dragon\n|move|p2a: Dragapult|Dragon Darts|p1a: Clefable\n|-immune|p1a: Clefable\n|\n|upkeep\n|turn|4\n|\n|t:|1700695945\n|switch|p2a: Alomomola|Alomomola, M|100\/100\n|move|p1a: Clefable|Knock Off|p2a: Alomomola\n|-damage|p2a: Alomomola|92\/100\n|-enditem|p2a: Alomomola|Rocky Helmet|[from] move: Knock Off|[of] p1a: Clefable\n|\n|upkeep\n|turn|5\n|\n|t:|1700695950\n|move|p2a: Alomomola|Wish|p2a: Alomomola\n|move|p1a: Clefable|Calm Mind|p1a: Clefable\n|-boost|p1a: Clefable|spa|1\n|-boost|p1a: Clefable|spd|1\n|\n|upkeep\n|turn|6\n|\n|t:|1700695955\n|move|p2a: Alomomola|Flip Turn|p1a: Clefable\n|-damage|p1a: Clefable|89\/100\n|\n|t:|1700695966\n|switch|p2a: Ninetales|Ninetales-Alola, M|100\/100|[from] Flip Turn\n|-weather|Snow|[from] ability: Snow Warning|[of] p2a: Ninetales\n|move|p1a: Clefable|Calm Mind|p1a: Clefable\n|-boost|p1a: Clefable|spa|1\n|-boost|p1a: Clefable|spd|1\n|\n|-weather|Snow|[upkeep]\n|-heal|p1a: Clefable|95\/100|[from] item: Leftovers\n|upkeep\n|turn|7\n|\n|t:|1700695971\n|switch|p1a: Cinderace|Cinderace, M|100\/100\n|move|p2a: Ninetales|Aurora Veil|p2a: Ninetales\n|-sidestart|p2: djsxhnsksksjdjjdh|move: Aurora Veil\n|\n|-weather|Snow|[upkeep]\n|upkeep\n|turn|8\n|\n|t:|1700695977\n|move|p1a: Cinderace|Pyro Ball|p2a: Ninetales\n|-supereffective|p2a: Ninetales\n|-damage|p2a: Ninetales|52\/100\n|move|p2a: Ninetales|Blizzard|p1a: Cinderace\n|-resisted|p1a: Cinderace\n|-damage|p1a: Cinderace|63\/100\n|-damage|p2a: Ninetales|42\/100|[from] item: Life Orb\n|\n|-weather|Snow|[upkeep]\n|upkeep\n|turn|9\n|\n|t:|1700695981\n|switch|p2a: Alomomola|Alomomola, M|100\/100\n|move|p1a: Cinderace|Pyro Ball|p2a: Alomomola\n|-resisted|p2a: Alomomola\n|-damage|p2a: Alomomola|93\/100\n|\n|-weather|Snow|[upkeep]\n|upkeep\n|turn|10\n|\n|t:|1700695986\n|move|p1a: Cinderace|U-turn|p2a: Alomomola\n|-start|p1a: Cinderace|typechange|Bug|[from] ability: Libero\n|-damage|p2a: Alomomola|83\/100\n|\n|t:|1700695988\n|switch|p1a: Shaymin|Shaymin|83\/100|[from] U-turn\n|move|p2a: Alomomola|Flip Turn|p1a: Shaymin\n|-resisted|p1a: Shaymin\n|-damage|p1a: Shaymin|76\/100\n|\n|t:|1700695993\n|switch|p2a: Dragapult|Dragapult, M, tera:Dragon|100\/100|[from] Flip Turn\n|\n|-weather|none\n|upkeep\n|turn|11\n|\n|t:|1700695998\n|switch|p1a: Clefable|Clefable, M|95\/100\n|move|p2a: Dragapult|U-turn|p1a: Clefable\n|-resisted|p1a: Clefable\n|-damage|p1a: Clefable|80\/100\n|\n|t:|1700696007\n|switch|p2a: Great Tusk|Great Tusk|100\/100|[from] U-turn\n|\n|-heal|p1a: Clefable|86\/100|[from] item: Leftovers\n|-sideend|p2: djsxhnsksksjdjjdh|move: Aurora Veil\n|upkeep\n|turn|12\n|\n|t:|1700696011\n|switch|p1a: Zapdos|Zapdos|100\/100\n|move|p2a: Great Tusk|Knock Off|p1a: Zapdos\n|-damage|p1a: Zapdos|75\/100\n|-enditem|p1a: Zapdos|Heavy-Duty Boots|[from] move: Knock Off|[of] p2a: Great Tusk\n|\n|upkeep\n|turn|13\n|\n|t:|1700696016\n|-end|p2a: Great Tusk|Protosynthesis|[silent]\n|switch|p2a: Thundurus|Thundurus-Therian, M|80\/100\n|move|p1a: Zapdos|U-turn|p2a: Thundurus\n|-resisted|p2a: Thundurus\n|-damage|p2a: Thundurus|72\/100\n|\n|t:|1700696028\n|switch|p1a: Cinderace|Cinderace, M|63\/100|[from] U-turn\n|\n|upkeep\n|turn|14\n|inactive|djsxhnsksksjdjjdh has 120 seconds left.\n|\n|t:|1700696074\n|switch|p2a: Alomomola|Alomomola, M|100\/100\n|move|p1a: Cinderace|U-turn|p2a: Alomomola\n|-start|p1a: Cinderace|typechange|Bug|[from] ability: Libero\n|-damage|p2a: Alomomola|83\/100\n|\n|t:|1700696081\n|switch|p1a: Shaymin|Shaymin|76\/100|[from] U-turn\n|\n|upkeep\n|turn|15\n|\n|t:|1700696085\n|switch|p2a: Thundurus|Thundurus-Therian, M|72\/100\n|move|p1a: Shaymin|Seed Flare|p2a: Thundurus\n|-resisted|p2a: Thundurus\n|-damage|p2a: Thundurus|57\/100\n|-unboost|p2a: Thundurus|spd|2\n|\n|upkeep\n|turn|16\n|\n|t:|1700696091\n|move|p1a: Shaymin|Dazzling Gleam|p2a: Thundurus\n|-damage|p2a: Thundurus|30\/100\n|move|p2a: Thundurus|Volt Switch|p1a: Shaymin\n|-resisted|p1a: Shaymin\n|-damage|p1a: Shaymin|60\/100\n|\n|t:|1700696094\n|switch|p2a: Alomomola|Alomomola, M|100\/100|[from] Volt Switch\n|\n|upkeep\n|turn|17\n|\n|t:|1700696099\n|switch|p2a: Dragapult|Dragapult, M, tera:Dragon|100\/100\n|move|p1a: Shaymin|Seed Flare|p2a: Dragapult\n|-resisted|p2a: Dragapult\n|-damage|p2a: Dragapult|58\/100\n|\n|upkeep\n|turn|18\n|\n|t:|1700696103\n|switch|p1a: Clefable|Clefable, M|86\/100\n|move|p2a: Dragapult|Psychic Fangs|p1a: Clefable\n|-damage|p1a: Clefable|54\/100\n|\n|-heal|p1a: Clefable|60\/100|[from] item: Leftovers\n|upkeep\n|turn|19\n|\n|t:|1700696109\n|switch|p2a: Alomomola|Alomomola, M|100\/100\n|move|p1a: Clefable|Calm Mind|p1a: Clefable\n|-boost|p1a: Clefable|spa|1\n|-boost|p1a: Clefable|spd|1\n|\n|-heal|p1a: Clefable|66\/100|[from] item: Leftovers\n|upkeep\n|turn|20\n|\n|t:|1700696112\n|move|p2a: Alomomola|Wish|p2a: Alomomola\n|move|p1a: Clefable|Moonblast|p2a: Alomomola\n|-damage|p2a: Alomomola|42\/100\n|\n|-heal|p1a: Clefable|72\/100|[from] item: Leftovers\n|upkeep\n|turn|21\n|\n|t:|1700696130\n|switch|p2a: Cinderace|Cinderace, M|100\/100\n|move|p1a: Clefable|Moonblast|p2a: Cinderace\n|-resisted|p2a: Cinderace\n|-damage|p2a: Cinderace|69\/100\n|\n|-heal|p2a: Cinderace|100\/100|[from] move: Wish|[wisher] Alomomola\n|-heal|p1a: Clefable|78\/100|[from] item: Leftovers\n|upkeep\n|turn|22\n|\n|t:|1700696140\n|move|p2a: Cinderace|Zen Headbutt|p1a: Clefable\n|-start|p2a: Cinderace|typechange|Psychic|[from] ability: Libero\n|-damage|p1a: Clefable|39\/100\n|-damage|p2a: Cinderace|91\/100|[from] item: Life Orb\n|cant|p1a: Clefable|flinch\n|\n|-heal|p1a: Clefable|45\/100|[from] item: Leftovers\n|upkeep\n|turn|23\n|\n|t:|1700696146\n|move|p2a: Cinderace|Zen Headbutt|p1a: Clefable\n|-damage|p1a: Clefable|10\/100\n|-damage|p2a: Cinderace|81\/100|[from] item: Life Orb\n|move|p1a: Clefable|Moonlight|p1a: Clefable\n|-heal|p1a: Clefable|60\/100\n|\n|-heal|p1a: Clefable|66\/100|[from] item: Leftovers\n|upkeep\n|turn|24\n|\n|t:|1700696154\n|switch|p1a: Zapdos|Zapdos|75\/100\n|move|p2a: Cinderace|Zen Headbutt|p1a: Zapdos\n|-damage|p1a: Zapdos|28\/100\n|-status|p2a: Cinderace|par|[from] ability: Static|[of] p1a: Zapdos\n|-damage|p2a: Cinderace|71\/100 par|[from] item: Life Orb\n|\n|upkeep\n|turn|25\n|\n|t:|1700696160\n|switch|p2a: Ninetales|Ninetales-Alola, M|42\/100\n|-weather|Snow|[from] ability: Snow Warning|[of] p2a: Ninetales\n|move|p1a: Zapdos|Roost|p1a: Zapdos\n|-heal|p1a: Zapdos|79\/100\n|-singleturn|p1a: Zapdos|move: Roost\n|\n|-weather|Snow|[upkeep]\n|upkeep\n|turn|26\n|\n|t:|1700696169\n|switch|p1a: Gholdengo|Gholdengo|100\/100\n|move|p2a: Ninetales|Blizzard|p1a: Gholdengo\n|-resisted|p1a: Gholdengo\n|-damage|p1a: Gholdengo|67\/100\n|-damage|p2a: Ninetales|32\/100|[from] item: Life Orb\n|\n|-weather|Snow|[upkeep]\n|upkeep\n|turn|27\n|\n|t:|1700696179\n|move|p1a: Gholdengo|Shadow Ball|p2a: Ninetales\n|-damage|p2a: Ninetales|0 fnt\n|faint|p2a: Ninetales\n|\n|-weather|Snow|[upkeep]\n|upkeep\n|\n|t:|1700696182\n|switch|p2a: Alomomola|Alomomola, M|76\/100\n|turn|28\n|\n|t:|1700696185\n|move|p1a: Gholdengo|Shadow Ball|p2a: Alomomola\n|-damage|p2a: Alomomola|22\/100\n|move|p2a: Alomomola|Wish|p2a: Alomomola\n|\n|-weather|Snow|[upkeep]\n|upkeep\n|turn|29\n|\n|t:|1700696188\n|switch|p2a: Thundurus|Thundurus-Therian, M|30\/100\n|move|p1a: Gholdengo|Shadow Ball|p2a: Thundurus\n|-damage|p2a: Thundurus|7\/100\n|\n|-weather|none\n|-heal|p2a: Thundurus|81\/100|[from] move: Wish|[wisher] Alomomola\n|upkeep\n|turn|30\n|\n|t:|1700696196\n|switch|p1a: Shaymin|Shaymin|60\/100\n|move|p2a: Thundurus|Discharge|p1a: Shaymin\n|-resisted|p1a: Shaymin\n|-damage|p1a: Shaymin|40\/100\n|\n|upkeep\n|turn|31\n|\n|t:|1700696199\n|move|p1a: Shaymin|Synthesis|p1a: Shaymin\n|-heal|p1a: Shaymin|90\/100\n|move|p2a: Thundurus|Volt Switch|p1a: Shaymin\n|-resisted|p1a: Shaymin\n|-damage|p1a: Shaymin|74\/100\n|\n|t:|1700696203\n|switch|p2a: Dragapult|Dragapult, M, tera:Dragon|58\/100|[from] Volt Switch\n|\n|upkeep\n|turn|32\n|\n|t:|1700696206\n|switch|p1a: Clefable|Clefable, M|66\/100\n|move|p2a: Dragapult|U-turn|p1a: Clefable\n|-resisted|p1a: Clefable\n|-damage|p1a: Clefable|51\/100\n|\n|t:|1700696211\n|switch|p2a: Great Tusk|Great Tusk|100\/100|[from] U-turn\n|\n|-heal|p1a: Clefable|57\/100|[from] item: Leftovers\n|upkeep\n|turn|33\n|\n|t:|1700696217\n|move|p2a: Great Tusk|Bulk Up|p2a: Great Tusk\n|-boost|p2a: Great Tusk|atk|1\n|-boost|p2a: Great Tusk|def|1\n|move|p1a: Clefable|Moonlight|p1a: Clefable\n|-heal|p1a: Clefable|100\/100\n|\n|upkeep\n|turn|34\n|\n|t:|1700696223\n|move|p2a: Great Tusk|Earthquake|p1a: Clefable\n|-damage|p1a: Clefable|49\/100\n|move|p1a: Clefable|Moonblast|p2a: Great Tusk\n|-supereffective|p2a: Great Tusk\n|-damage|p2a: Great Tusk|23\/100\n|\n|-heal|p2a: Great Tusk|29\/100|[from] item: Leftovers\n|-heal|p1a: Clefable|56\/100|[from] item: Leftovers\n|upkeep\n|turn|35\n|\n|t:|1700696227\n|move|p2a: Great Tusk|Earthquake|p1a: Clefable\n|-damage|p1a: Clefable|4\/100\n|move|p1a: Clefable|Moonblast|p2a: Great Tusk\n|-supereffective|p2a: Great Tusk\n|-damage|p2a: Great Tusk|0 fnt\n|faint|p2a: Great Tusk\n|-end|p2a: Great Tusk|Protosynthesis|[silent]\n|\n|-heal|p1a: Clefable|10\/100|[from] item: Leftovers\n|upkeep\n|\n|t:|1700696232\n|switch|p2a: Dragapult|Dragapult, M, tera:Dragon|58\/100\n|turn|36\n|\n|t:|1700696238\n|switch|p1a: Zapdos|Zapdos|79\/100\n|move|p2a: Dragapult|Psychic Fangs|p1a: Zapdos\n|-damage|p1a: Zapdos|39\/100\n|-status|p2a: Dragapult|par|[from] ability: Static|[of] p1a: Zapdos\n|\n|upkeep\n|turn|37\n|-message|djsxhnsksksjdjjdh forfeited.\n|\n|win|del water gap\n|raw|del water gap's rating: 1584 &rarr; <strong>1602<\/strong><br \/>(+18 for winning)\n|raw|djsxhnsksksjdjjdh's rating: 1554 &rarr; <strong>1536<\/strong><br \/>(-18 for losing)\n|l|\u2606djsxhnsksksjdjjdh\n","uploadtime":1700696246,"views":2,"p1id":"delwatergap","p2id":"djsxhnsksksjdjjdh","formatid":"gen9ou","rating":1536,"private":0,"password":""}