{"id":"gen9ou-1994277404","p1":"DarkCharizard1993","p2":"MegaCrazy","format":"[Gen 9] OU","log":"|j|\u2606DarkCharizard1993\n|j|\u2606MegaCrazy\n|t:|1700426247\n|gametype|singles\n|player|p1|DarkCharizard1993|2|1255\n|player|p2|MegaCrazy|2|1243\n|teamsize|p1|6\n|teamsize|p2|6\n|gen|9\n|tier|[Gen 9] OU\n|rated|\n|rule|Sleep Clause Mod: Limit one foe put to sleep\n|rule|Species Clause: Limit one of each Pok\u00e9mon\n|rule|OHKO Clause: OHKO moves are banned\n|rule|Evasion Items Clause: Evasion items are banned\n|rule|Evasion Moves Clause: Evasion moves are banned\n|rule|Endless Battle Clause: Forcing endless battles is banned\n|rule|HP Percentage Mod: HP is shown in percentages\n|clearpoke\n|poke|p1|Charizard, F|\n|poke|p1|Torkoal, F|\n|poke|p1|Ceruledge, M|\n|poke|p1|Volcanion|\n|poke|p1|Heatran, M|\n|poke|p1|Iron Moth|\n|poke|p2|Hydreigon, M|\n|poke|p2|Clefable, M|\n|poke|p2|Iron Valiant|\n|poke|p2|Kingambit, F|\n|poke|p2|Glimmora, M|\n|poke|p2|Gholdengo|\n|teampreview\n|c|\u2606MegaCrazy|gl hf\n|\n|t:|1700426279\n|start\n|switch|p1a: Heatran|Heatran, M, shiny|100\/100\n|switch|p2a: Hydreigon|Hydreigon, M|100\/100\n|turn|1\n|\n|t:|1700426289\n|move|p2a: Hydreigon|Earth Power|p1a: Heatran\n|-supereffective|p1a: Heatran\n|-damage|p1a: Heatran|23\/100\n|move|p1a: Heatran|Stealth Rock|p2a: Hydreigon\n|-sidestart|p2: MegaCrazy|move: Stealth Rock\n|\n|-heal|p1a: Heatran|29\/100|[from] item: Leftovers\n|upkeep\n|turn|2\n|\n|t:|1700426296\n|switch|p1a: Torkoal|Torkoal, F, shiny|100\/100\n|-weather|SunnyDay|[from] ability: Drought|[of] p1a: Torkoal\n|move|p2a: Hydreigon|Stealth Rock|p1a: Torkoal\n|-sidestart|p1: DarkCharizard1993|move: Stealth Rock\n|\n|-weather|SunnyDay|[upkeep]\n|upkeep\n|turn|3\n|\n|t:|1700426303\n|move|p2a: Hydreigon|Earth Power|p1a: Torkoal\n|-supereffective|p1a: Torkoal\n|-damage|p1a: Torkoal|20\/100\n|move|p1a: Torkoal|Body Press|p2a: Hydreigon\n|-supereffective|p2a: Hydreigon\n|-damage|p2a: Hydreigon|32\/100\n|\n|-weather|SunnyDay|[upkeep]\n|-heal|p2a: Hydreigon|38\/100|[from] item: Leftovers\n|upkeep\n|turn|4\n|\n|t:|1700426312\n|move|p2a: Hydreigon|Dark Pulse|p1a: Torkoal\n|-damage|p1a: Torkoal|0 fnt\n|faint|p1a: Torkoal\n|\n|-weather|SunnyDay|[upkeep]\n|-heal|p2a: Hydreigon|44\/100|[from] item: Leftovers\n|upkeep\n|\n|t:|1700426318\n|switch|p1a: Charizard|Charizard, F, shiny|100\/100\n|-damage|p1a: Charizard|51\/100|[from] Stealth Rock\n|turn|5\n|\n|t:|1700426328\n|switch|p2a: Clefable|Clefable, M|100\/100\n|move|p1a: Charizard|Dragon Pulse|p2a: Clefable\n|-immune|p2a: Clefable\n|\n|-weather|SunnyDay|[upkeep]\n|-damage|p1a: Charizard|38\/100|[from] ability: Solar Power|[of] p1a: Charizard\n|upkeep\n|turn|6\n|\n|t:|1700426336\n|move|p1a: Charizard|Flamethrower|p2a: Clefable\n|-damage|p2a: Clefable|0 fnt\n|faint|p2a: Clefable\n|-damage|p1a: Charizard|28\/100|[from] item: Life Orb\n|\n|-weather|SunnyDay|[upkeep]\n|-damage|p1a: Charizard|16\/100|[from] ability: Solar Power|[of] p1a: Charizard\n|upkeep\n|\n|t:|1700426346\n|switch|p2a: Gholdengo|Gholdengo|100\/100\n|-damage|p2a: Gholdengo|94\/100|[from] Stealth Rock\n|turn|7\n|\n|t:|1700426350\n|move|p2a: Gholdengo|Shadow Ball|p1a: Charizard\n|-damage|p1a: Charizard|0 fnt\n|faint|p1a: Charizard\n|\n|-weather|SunnyDay|[upkeep]\n|upkeep\n|\n|t:|1700426360\n|switch|p1a: Iron Moth|Iron Moth|100\/100\n|-damage|p1a: Iron Moth|76\/100|[from] Stealth Rock\n|-enditem|p1a: Iron Moth|Booster Energy\n|-activate|p1a: Iron Moth|ability: Quark Drive|[fromitem]\n|-start|p1a: Iron Moth|quarkdrivespe\n|turn|8\n|\n|t:|1700426372\n|switch|p2a: Glimmora|Glimmora, M|100\/100\n|-damage|p2a: Glimmora|88\/100|[from] Stealth Rock\n|move|p1a: Iron Moth|Fiery Dance|p2a: Glimmora\n|-resisted|p2a: Glimmora\n|-damage|p2a: Glimmora|43\/100\n|-boost|p1a: Iron Moth|spa|1\n|\n|-weather|SunnyDay|[upkeep]\n|upkeep\n|turn|9\n|\n|t:|1700426384\n|move|p1a: Iron Moth|Fiery Dance|p2a: Glimmora\n|-resisted|p2a: Glimmora\n|-damage|p2a: Glimmora|0 fnt\n|-boost|p1a: Iron Moth|spa|1\n|faint|p2a: Glimmora\n|\n|-weather|none\n|upkeep\n|\n|t:|1700426397\n|switch|p2a: Iron Valiant|Iron Valiant|100\/100\n|-damage|p2a: Iron Valiant|94\/100|[from] Stealth Rock\n|-enditem|p2a: Iron Valiant|Booster Energy\n|-activate|p2a: Iron Valiant|ability: Quark Drive|[fromitem]\n|-start|p2a: Iron Valiant|quarkdrivespe\n|turn|10\n|\n|t:|1700426410\n|-terastallize|p2a: Iron Valiant|Electric\n|move|p2a: Iron Valiant|Thunderbolt|p1a: Iron Moth\n|-damage|p1a: Iron Moth|30\/100\n|-status|p1a: Iron Moth|par\n|cant|p1a: Iron Moth|par\n|\n|upkeep\n|turn|11\n|\n|t:|1700426424\n|move|p2a: Iron Valiant|Thunderbolt|p1a: Iron Moth\n|-damage|p1a: Iron Moth|0 fnt\n|faint|p1a: Iron Moth\n|-end|p1a: Iron Moth|Quark Drive|[silent]\n|\n|upkeep\n|\n|t:|1700426429\n|switch|p1a: Volcanion|Volcanion|100\/100\n|turn|12\n|\n|t:|1700426434\n|-terastallize|p1a: Volcanion|Ground\n|move|p2a: Iron Valiant|Calm Mind|p2a: Iron Valiant\n|-boost|p2a: Iron Valiant|spa|1\n|-boost|p2a: Iron Valiant|spd|1\n|move|p1a: Volcanion|Tera Blast|p2a: Iron Valiant|[anim] Tera Blast Ground\n|-supereffective|p2a: Iron Valiant\n|-damage|p2a: Iron Valiant|0 fnt\n|faint|p2a: Iron Valiant\n|-end|p2a: Iron Valiant|Quark Drive|[silent]\n|\n|upkeep\n|\n|t:|1700426441\n|switch|p2a: Gholdengo|Gholdengo|94\/100\n|-damage|p2a: Gholdengo|88\/100|[from] Stealth Rock\n|turn|13\n|\n|t:|1700426445\n|move|p2a: Gholdengo|Make It Rain|p1a: Volcanion\n|-damage|p1a: Volcanion|36\/100\n|-unboost|p2a: Gholdengo|spa|1\n|move|p1a: Volcanion|Flamethrower|p2a: Gholdengo\n|-supereffective|p2a: Gholdengo\n|-damage|p2a: Gholdengo|0 fnt\n|faint|p2a: Gholdengo\n|\n|upkeep\n|\n|t:|1700426454\n|switch|p2a: Hydreigon|Hydreigon, M|44\/100\n|-damage|p2a: Hydreigon|32\/100|[from] Stealth Rock\n|turn|14\n|\n|t:|1700426462\n|move|p2a: Hydreigon|Dark Pulse|p1a: Volcanion\n|-crit|p1a: Volcanion\n|-damage|p1a: Volcanion|0 fnt\n|faint|p1a: Volcanion\n|\n|-heal|p2a: Hydreigon|38\/100|[from] item: Leftovers\n|upkeep\n|\n|t:|1700426468\n|switch|p1a: Heatran|Heatran, M, shiny|29\/100\n|-damage|p1a: Heatran|17\/100|[from] Stealth Rock\n|turn|15\n|\n|t:|1700426480\n|move|p2a: Hydreigon|Dark Pulse|p1a: Heatran\n|-damage|p1a: Heatran|0 fnt\n|faint|p1a: Heatran\n|\n|-heal|p2a: Hydreigon|44\/100|[from] item: Leftovers\n|upkeep\n|\n|t:|1700426485\n|switch|p1a: Ceruledge|Ceruledge, M, shiny|100\/100\n|-damage|p1a: Ceruledge|76\/100|[from] Stealth Rock\n|turn|16\n|\n|t:|1700426492\n|move|p2a: Hydreigon|Dark Pulse|p1a: Ceruledge\n|-supereffective|p1a: Ceruledge\n|-damage|p1a: Ceruledge|0 fnt\n|faint|p1a: Ceruledge\n|\n|win|MegaCrazy\n|raw|DarkCharizard1993's rating: 1255 &rarr; <strong>1229<\/strong><br \/>(-26 for losing)\n|raw|MegaCrazy's rating: 1243 &rarr; <strong>1269<\/strong><br \/>(+26 for winning)\n|c|\u2606MegaCrazy|GG\n","uploadtime":1700426500,"views":7,"p1id":"darkcharizard1993","p2id":"megacrazy","formatid":"gen9ou","rating":1229,"private":0,"password":""}