{"id":"gen9ou-1999413983","p1":"Sattanas","p2":"liaoya","format":"[Gen 9] OU","log":"|j|\u2606Sattanas\n|j|\u2606liaoya\n|t:|1701076484\n|gametype|singles\n|player|p1|Sattanas|1|1568\n|player|p2|liaoya|petrel|1575\n|teamsize|p1|6\n|teamsize|p2|6\n|gen|9\n|tier|[Gen 9] OU\n|rated|\n|rule|Sleep Clause Mod: Limit one foe put to sleep\n|rule|Species Clause: Limit one of each Pok\u00e9mon\n|rule|OHKO Clause: OHKO moves are banned\n|rule|Evasion Items Clause: Evasion items are banned\n|rule|Evasion Moves Clause: Evasion moves are banned\n|rule|Endless Battle Clause: Forcing endless battles is banned\n|rule|HP Percentage Mod: HP is shown in percentages\n|clearpoke\n|poke|p1|Dragapult, F|\n|poke|p1|Iron Moth|\n|poke|p1|Great Tusk|\n|poke|p1|Dragonite, F|\n|poke|p1|Azumarill, F|\n|poke|p1|Kingambit, M|\n|poke|p2|Drifblim, M|\n|poke|p2|Garganacl, F|\n|poke|p2|Umbreon, M|\n|poke|p2|Rotom-Wash|\n|poke|p2|Glimmora, M|\n|poke|p2|Espeon, M|\n|teampreview\n|inactive|Battle timer is ON: inactive players will automatically lose when time's up. (requested by liaoya)\n|\n|t:|1701076495\n|start\n|switch|p1a: Great Tusk|Great Tusk|100\/100\n|switch|p2a: Rotom|Rotom-Wash|100\/100\n|turn|1\n|\n|t:|1701076509\n|move|p2a: Rotom|Trick|p1a: Great Tusk\n|-activate|p2a: Rotom|move: Trick|[of] p1a: Great Tusk\n|-item|p1a: Great Tusk|Choice Scarf|[from] move: Trick\n|-item|p2a: Rotom|Focus Sash|[from] move: Trick\n|move|p1a: Great Tusk|Close Combat|p2a: Rotom\n|-damage|p2a: Rotom|30\/100\n|-unboost|p1a: Great Tusk|def|1\n|-unboost|p1a: Great Tusk|spd|1\n|\n|upkeep\n|turn|2\n|\n|t:|1701076517\n|switch|p2a: Drifblim|Drifblim, M|100\/100\n|move|p1a: Great Tusk|Close Combat|p2a: Drifblim\n|-immune|p2a: Drifblim\n|\n|upkeep\n|turn|3\n|\n|t:|1701076524\n|-end|p1a: Great Tusk|Protosynthesis|[silent]\n|switch|p1a: Kingambit|Kingambit, M|100\/100\n|move|p2a: Drifblim|Trick|p1a: Kingambit\n|-activate|p2a: Drifblim|move: Trick|[of] p1a: Kingambit\n|-item|p1a: Kingambit|Choice Scarf|[from] move: Trick\n|-item|p2a: Drifblim|Leftovers|[from] move: Trick\n|\n|upkeep\n|turn|4\n|\n|t:|1701076535\n|switch|p2a: Umbreon|Umbreon, M, shiny|100\/100\n|move|p1a: Kingambit|Kowtow Cleave|p2a: Umbreon\n|-resisted|p2a: Umbreon\n|-damage|p2a: Umbreon|83\/100\n|\n|-heal|p2a: Umbreon|90\/100|[from] item: Leftovers\n|upkeep\n|turn|5\n|\n|t:|1701076547\n|-end|p1a: Kingambit|fallenundefined|[silent]\n|switch|p1a: Great Tusk|Great Tusk|100\/100\n|move|p2a: Umbreon|Yawn|p1a: Great Tusk\n|-start|p1a: Great Tusk|move: Yawn|[of] p2a: Umbreon\n|\n|-heal|p2a: Umbreon|96\/100|[from] item: Leftovers\n|upkeep\n|turn|6\n|\n|t:|1701076555\n|-end|p1a: Great Tusk|Protosynthesis|[silent]\n|switch|p1a: Azumarill|Azumarill, F|100\/100\n|move|p2a: Umbreon|Yawn|p1a: Azumarill\n|-start|p1a: Azumarill|move: Yawn|[of] p2a: Umbreon\n|\n|-heal|p2a: Umbreon|100\/100|[from] item: Leftovers\n|upkeep\n|turn|7\n|\n|t:|1701076563\n|switch|p2a: Glimmora|Glimmora, M|100\/100\n|switch|p1a: Great Tusk|Great Tusk|100\/100\n|\n|upkeep\n|turn|8\n|\n|t:|1701076572\n|move|p1a: Great Tusk|Ice Spinner|p2a: Glimmora\n|-damage|p2a: Glimmora|79\/100\n|-activate|p2a: Glimmora|ability: Toxic Debris\n|-sidestart|p1: Sattanas|move: Toxic Spikes\n|move|p2a: Glimmora|Mortal Spin|p1a: Great Tusk\n|-resisted|p1a: Great Tusk\n|-damage|p1a: Great Tusk|98\/100\n|-status|p1a: Great Tusk|psn\n|\n|-damage|p1a: Great Tusk|86\/100 psn|[from] psn\n|upkeep\n|turn|9\n|\n|t:|1701076587\n|-end|p1a: Great Tusk|Protosynthesis|[silent]\n|switch|p1a: Dragonite|Dragonite, F|100\/100\n|move|p2a: Glimmora|Stealth Rock|p1a: Dragonite\n|-sidestart|p1: Sattanas|move: Stealth Rock\n|\n|upkeep\n|turn|10\n|\n|t:|1701076594\n|switch|p2a: Umbreon|Umbreon, M, shiny|100\/100\n|move|p1a: Dragonite|Dragon Dance|p1a: Dragonite\n|-boost|p1a: Dragonite|atk|1\n|-boost|p1a: Dragonite|spe|1\n|\n|upkeep\n|turn|11\n|\n|t:|1701076601\n|move|p1a: Dragonite|Earthquake|p2a: Umbreon\n|-damage|p2a: Umbreon|65\/100\n|move|p2a: Umbreon|Yawn|p1a: Dragonite\n|-start|p1a: Dragonite|move: Yawn|[of] p2a: Umbreon\n|\n|-heal|p2a: Umbreon|71\/100|[from] item: Leftovers\n|upkeep\n|turn|12\n|\n|t:|1701076606\n|switch|p1a: Great Tusk|Great Tusk|86\/100 psn\n|-damage|p1a: Great Tusk|83\/100 psn|[from] Stealth Rock\n|move|p2a: Umbreon|Wish|p2a: Umbreon\n|\n|-heal|p2a: Umbreon|77\/100|[from] item: Leftovers\n|-damage|p1a: Great Tusk|70\/100 psn|[from] psn\n|upkeep\n|turn|13\n|\n|t:|1701076611\n|move|p2a: Umbreon|Protect|p2a: Umbreon\n|-singleturn|p2a: Umbreon|Protect\n|move|p1a: Great Tusk|Rapid Spin|p2a: Umbreon\n|-activate|p2a: Umbreon|move: Protect\n|\n|-heal|p2a: Umbreon|100\/100|[from] move: Wish|[wisher] Umbreon\n|-damage|p1a: Great Tusk|58\/100 psn|[from] psn\n|upkeep\n|turn|14\n|\n|t:|1701076620\n|-end|p1a: Great Tusk|Protosynthesis|[silent]\n|switch|p1a: Dragapult|Dragapult, F|100\/100\n|-status|p1a: Dragapult|psn\n|-damage|p1a: Dragapult|88\/100 psn|[from] Stealth Rock\n|switch|p2a: Drifblim|Drifblim, M|100\/100\n|\n|-damage|p1a: Dragapult|76\/100 psn|[from] psn\n|upkeep\n|turn|15\n|\n|t:|1701076629\n|switch|p2a: Umbreon|Umbreon, M, shiny|100\/100\n|move|p1a: Dragapult|Shadow Ball|p2a: Umbreon\n|-resisted|p2a: Umbreon\n|-damage|p2a: Umbreon|89\/100\n|\n|-heal|p2a: Umbreon|95\/100|[from] item: Leftovers\n|-damage|p1a: Dragapult|64\/100 psn|[from] psn\n|upkeep\n|turn|16\n|j| dfghhhg\n|\n|t:|1701076640\n|move|p1a: Dragapult|Shadow Ball|p2a: Umbreon\n|-resisted|p2a: Umbreon\n|-damage|p2a: Umbreon|82\/100\n|-unboost|p2a: Umbreon|spd|1\n|move|p2a: Umbreon|Wish|p2a: Umbreon\n|\n|-heal|p2a: Umbreon|89\/100|[from] item: Leftovers\n|-damage|p1a: Dragapult|51\/100 psn|[from] psn\n|upkeep\n|turn|17\n|\n|t:|1701076647\n|switch|p1a: Great Tusk|Great Tusk|58\/100 psn\n|-damage|p1a: Great Tusk|55\/100 psn|[from] Stealth Rock\n|move|p2a: Umbreon|Foul Play|p1a: Great Tusk\n|-resisted|p1a: Great Tusk\n|-damage|p1a: Great Tusk|36\/100 psn\n|\n|-heal|p2a: Umbreon|100\/100|[from] move: Wish|[wisher] Umbreon\n|-damage|p1a: Great Tusk|24\/100 psn|[from] psn\n|upkeep\n|turn|18\n|\n|t:|1701076656\n|move|p2a: Umbreon|Protect|p2a: Umbreon\n|-singleturn|p2a: Umbreon|Protect\n|move|p1a: Great Tusk|Ice Spinner|p2a: Umbreon\n|-activate|p2a: Umbreon|move: Protect\n|\n|-damage|p1a: Great Tusk|11\/100 psn|[from] psn\n|upkeep\n|turn|19\n|\n|t:|1701076665\n|move|p1a: Great Tusk|Ice Spinner|p2a: Umbreon\n|-damage|p2a: Umbreon|83\/100\n|move|p2a: Umbreon|Wish|p2a: Umbreon\n|\n|-heal|p2a: Umbreon|89\/100|[from] item: Leftovers\n|-damage|p1a: Great Tusk|0 fnt|[from] psn\n|faint|p1a: Great Tusk\n|-end|p1a: Great Tusk|Protosynthesis|[silent]\n|upkeep\n|\n|t:|1701076673\n|switch|p1a: Iron Moth|Iron Moth|100\/100\n|-sideend|p1: Sattanas|move: Toxic Spikes|[of] p1a: Iron Moth\n|-damage|p1a: Iron Moth|76\/100|[from] Stealth Rock\n|-enditem|p1a: Iron Moth|Booster Energy\n|-activate|p1a: Iron Moth|ability: Quark Drive|[fromitem]\n|-start|p1a: Iron Moth|quarkdrivespe\n|turn|20\n|\n|t:|1701076677\n|move|p1a: Iron Moth|Dazzling Gleam|p2a: Umbreon\n|-supereffective|p2a: Umbreon\n|-damage|p2a: Umbreon|43\/100\n|move|p2a: Umbreon|Foul Play|p1a: Iron Moth\n|-damage|p1a: Iron Moth|48\/100\n|\n|-heal|p2a: Umbreon|93\/100|[from] move: Wish|[wisher] Umbreon\n|-heal|p2a: Umbreon|99\/100|[from] item: Leftovers\n|upkeep\n|turn|21\n|\n|t:|1701076681\n|move|p1a: Iron Moth|Fiery Dance|p2a: Umbreon\n|-damage|p2a: Umbreon|59\/100\n|move|p2a: Umbreon|Yawn|p1a: Iron Moth\n|-start|p1a: Iron Moth|move: Yawn|[of] p2a: Umbreon\n|\n|-heal|p2a: Umbreon|65\/100|[from] item: Leftovers\n|upkeep\n|turn|22\n|\n|t:|1701076688\n|-end|p1a: Iron Moth|Quark Drive|[silent]\n|switch|p1a: Azumarill|Azumarill, F|100\/100\n|-damage|p1a: Azumarill|88\/100|[from] Stealth Rock\n|move|p2a: Umbreon|Wish|p2a: Umbreon\n|\n|-heal|p2a: Umbreon|71\/100|[from] item: Leftovers\n|upkeep\n|turn|23\n|\n|t:|1701076697\n|move|p2a: Umbreon|Yawn|p1a: Azumarill\n|-start|p1a: Azumarill|move: Yawn|[of] p2a: Umbreon\n|move|p1a: Azumarill|Play Rough|p2a: Umbreon\n|-supereffective|p2a: Umbreon\n|-damage|p2a: Umbreon|0 fnt\n|faint|p2a: Umbreon\n|\n|upkeep\n|\n|t:|1701076707\n|switch|p2a: Espeon|Espeon, M|100\/100\n|turn|24\n|\n|t:|1701076712\n|switch|p1a: Kingambit|Kingambit, M|100\/100\n|-damage|p1a: Kingambit|94\/100|[from] Stealth Rock\n|-activate|p1a: Kingambit|ability: Supreme Overlord\n|-start|p1a: Kingambit|fallen1|[silent]\n|move|p2a: Espeon|Trick|p1a: Kingambit\n|-activate|p2a: Espeon|move: Trick|[of] p1a: Kingambit\n|-item|p1a: Kingambit|Choice Scarf|[from] move: Trick\n|-item|p2a: Espeon|Choice Scarf|[from] move: Trick\n|\n|upkeep\n|turn|25\n|\n|t:|1701076730\n|switch|p2a: Rotom|Rotom-Wash|30\/100\n|move|p1a: Kingambit|Kowtow Cleave|p2a: Rotom\n|-damage|p2a: Rotom|0 fnt\n|faint|p2a: Rotom\n|\n|upkeep\n|\n|t:|1701076735\n|switch|p2a: Drifblim|Drifblim, M|100\/100\n|turn|26\n|\n|t:|1701076738\n|move|p2a: Drifblim|Destiny Bond|p2a: Drifblim\n|-singlemove|p2a: Drifblim|Destiny Bond\n|move|p1a: Kingambit|Kowtow Cleave|p2a: Drifblim\n|-supereffective|p2a: Drifblim\n|-damage|p2a: Drifblim|0 fnt\n|-damage|p1a: Kingambit|70\/100|[from] ability: Aftermath|[of] p2a: Drifblim\n|faint|p2a: Drifblim\n|-activate|p2a: Drifblim|move: Destiny Bond\n|faint|p1a: Kingambit\n|-end|p1a: Kingambit|fallen1|[silent]\n|\n|upkeep\n|\n|t:|1701076758\n|switch|p2a: Garganacl|Garganacl, F, shiny|100\/100\n|switch|p1a: Dragapult|Dragapult, F|51\/100 psn\n|-damage|p1a: Dragapult|39\/100 psn|[from] Stealth Rock\n|turn|27\n|\n|t:|1701076762\n|-terastallize|p2a: Garganacl|Ghost\n|move|p1a: Dragapult|Shadow Ball|p2a: Garganacl\n|-supereffective|p2a: Garganacl\n|-damage|p2a: Garganacl|74\/100\n|move|p2a: Garganacl|Iron Defense|p2a: Garganacl\n|-boost|p2a: Garganacl|def|2\n|\n|-heal|p2a: Garganacl|80\/100|[from] item: Leftovers\n|-damage|p1a: Dragapult|27\/100 psn|[from] psn\n|upkeep\n|turn|28\n|\n|t:|1701076770\n|move|p1a: Dragapult|Shadow Ball|p2a: Garganacl\n|-supereffective|p2a: Garganacl\n|-damage|p2a: Garganacl|54\/100\n|move|p2a: Garganacl|Salt Cure|p1a: Dragapult\n|-damage|p1a: Dragapult|6\/100 psn\n|-start|p1a: Dragapult|Salt Cure\n|\n|-heal|p2a: Garganacl|60\/100|[from] item: Leftovers\n|-damage|p1a: Dragapult|0 fnt|[from] psn\n|faint|p1a: Dragapult\n|upkeep\n|\n|t:|1701076773\n|switch|p1a: Iron Moth|Iron Moth|48\/100\n|-damage|p1a: Iron Moth|23\/100|[from] Stealth Rock\n|turn|29\n|\n|t:|1701076778\n|-terastallize|p1a: Iron Moth|Grass\n|move|p1a: Iron Moth|Fiery Dance|p2a: Garganacl\n|-damage|p2a: Garganacl|34\/100\n|-boost|p1a: Iron Moth|spa|1\n|move|p2a: Garganacl|Recover|p2a: Garganacl\n|-heal|p2a: Garganacl|84\/100\n|\n|-heal|p2a: Garganacl|91\/100|[from] item: Leftovers\n|upkeep\n|turn|30\n|\n|t:|1701076782\n|move|p1a: Iron Moth|Fiery Dance|p2a: Garganacl\n|-damage|p2a: Garganacl|50\/100\n|move|p2a: Garganacl|Salt Cure|p1a: Iron Moth\n|-damage|p1a: Iron Moth|3\/100\n|-start|p1a: Iron Moth|Salt Cure\n|\n|-heal|p2a: Garganacl|56\/100|[from] item: Leftovers\n|-damage|p1a: Iron Moth|0 fnt|[from] Salt Cure\n|faint|p1a: Iron Moth\n|-end|p1a: Iron Moth|Quark Drive|[silent]\n|upkeep\n|\n|t:|1701076788\n|switch|p1a: Azumarill|Azumarill, F|88\/100\n|-damage|p1a: Azumarill|76\/100|[from] Stealth Rock\n|turn|31\n|\n|t:|1701076795\n|move|p1a: Azumarill|Liquidation|p2a: Garganacl\n|-damage|p2a: Garganacl|38\/100\n|move|p2a: Garganacl|Recover|p2a: Garganacl\n|-heal|p2a: Garganacl|88\/100\n|\n|-heal|p2a: Garganacl|94\/100|[from] item: Leftovers\n|upkeep\n|turn|32\n|c|\u2606liaoya|gg\n|\n|t:|1701076804\n|move|p1a: Azumarill|Liquidation|p2a: Garganacl\n|-damage|p2a: Garganacl|77\/100\n|-unboost|p2a: Garganacl|def|1\n|move|p2a: Garganacl|Iron Defense|p2a: Garganacl\n|-boost|p2a: Garganacl|def|2\n|\n|-heal|p2a: Garganacl|83\/100|[from] item: Leftovers\n|upkeep\n|turn|33\n|\n|t:|1701076806\n|move|p1a: Azumarill|Liquidation|p2a: Garganacl\n|-damage|p2a: Garganacl|69\/100\n|-unboost|p2a: Garganacl|def|1\n|move|p2a: Garganacl|Salt Cure|p1a: Azumarill\n|-damage|p1a: Azumarill|61\/100\n|-start|p1a: Azumarill|Salt Cure\n|\n|-heal|p2a: Garganacl|75\/100|[from] item: Leftovers\n|-damage|p1a: Azumarill|36\/100|[from] Salt Cure\n|upkeep\n|turn|34\n|\n|t:|1701076811\n|move|p1a: Azumarill|Liquidation|p2a: Garganacl\n|-damage|p2a: Garganacl|57\/100\n|move|p2a: Garganacl|Recover|p2a: Garganacl\n|-heal|p2a: Garganacl|100\/100\n|\n|-damage|p1a: Azumarill|11\/100|[from] Salt Cure\n|upkeep\n|turn|35\n|\n|t:|1701076814\n|move|p1a: Azumarill|Liquidation|p2a: Garganacl\n|-damage|p2a: Garganacl|83\/100\n|move|p2a: Garganacl|Salt Cure|p1a: Azumarill\n|-damage|p1a: Azumarill|0 fnt\n|faint|p1a: Azumarill\n|\n|-heal|p2a: Garganacl|89\/100|[from] item: Leftovers\n|upkeep\n|\n|t:|1701076816\n|switch|p1a: Dragonite|Dragonite, F|100\/100\n|turn|36\n|\n|t:|1701076820\n|move|p1a: Dragonite|Dragon Dance|p1a: Dragonite\n|-boost|p1a: Dragonite|atk|1\n|-boost|p1a: Dragonite|spe|1\n|move|p2a: Garganacl|Salt Cure|p1a: Dragonite\n|-supereffective|p1a: Dragonite\n|-damage|p1a: Dragonite|87\/100\n|-start|p1a: Dragonite|Salt Cure\n|\n|-heal|p2a: Garganacl|95\/100|[from] item: Leftovers\n|-damage|p1a: Dragonite|75\/100|[from] Salt Cure\n|upkeep\n|turn|37\n|\n|t:|1701076822\n|move|p1a: Dragonite|Dragon Dance|p1a: Dragonite\n|-boost|p1a: Dragonite|atk|1\n|-boost|p1a: Dragonite|spe|1\n|move|p2a: Garganacl|Iron Defense|p2a: Garganacl\n|-boost|p2a: Garganacl|def|2\n|\n|-heal|p2a: Garganacl|100\/100|[from] item: Leftovers\n|-damage|p1a: Dragonite|63\/100|[from] Salt Cure\n|upkeep\n|turn|38\n|\n|t:|1701076825\n|move|p1a: Dragonite|Dragon Dance|p1a: Dragonite\n|-boost|p1a: Dragonite|atk|1\n|-boost|p1a: Dragonite|spe|1\n|move|p2a: Garganacl|Iron Defense|p2a: Garganacl\n|-boost|p2a: Garganacl|def|2\n|\n|-damage|p1a: Dragonite|50\/100|[from] Salt Cure\n|upkeep\n|turn|39\n|\n|t:|1701076826\n|move|p1a: Dragonite|Earthquake|p2a: Garganacl\n|-damage|p2a: Garganacl|84\/100\n|move|p2a: Garganacl|Body Press|p1a: Dragonite\n|-resisted|p1a: Dragonite\n|-damage|p1a: Dragonite|4\/100\n|\n|-heal|p2a: Garganacl|90\/100|[from] item: Leftovers\n|-damage|p1a: Dragonite|0 fnt|[from] Salt Cure\n|faint|p1a: Dragonite\n|\n|win|liaoya\n|upkeep\n|raw|Sattanas's rating: 1568 &rarr; <strong>1548<\/strong><br \/>(-20 for losing)\n|raw|liaoya's rating: 1575 &rarr; <strong>1595<\/strong><br \/>(+20 for winning)\n|l|\u2606Sattanas\n","uploadtime":1701076830,"views":8,"p1id":"sattanas","p2id":"liaoya","formatid":"gen9ou","rating":1548,"private":0,"password":""}