{"id":"gen9ou-1988325686","p1":"TheCrowIsHere","p2":"vkpfdsgmr","format":"[Gen 9] OU","log":"|j|\u2606TheCrowIsHere\n|j|\u2606vkpfdsgmr\n|t:|1699708874\n|gametype|singles\n|player|p1|TheCrowIsHere|koga|1029\n|player|p2|vkpfdsgmr|pokekid|1082\n|teamsize|p1|6\n|teamsize|p2|6\n|gen|9\n|tier|[Gen 9] OU\n|rated|\n|rule|Sleep Clause Mod: Limit one foe put to sleep\n|rule|Species Clause: Limit one of each Pok\u00e9mon\n|rule|OHKO Clause: OHKO moves are banned\n|rule|Evasion Items Clause: Evasion items are banned\n|rule|Evasion Moves Clause: Evasion moves are banned\n|rule|Endless Battle Clause: Forcing endless battles is banned\n|rule|HP Percentage Mod: HP is shown in percentages\n|clearpoke\n|poke|p1|Ribombee, M|\n|poke|p1|Cinderace, F|\n|poke|p1|Mew|\n|poke|p1|Honchkrow, M|\n|poke|p1|Gholdengo|\n|poke|p1|Great Tusk|\n|poke|p2|Alomomola, F|\n|poke|p2|Gliscor, F|\n|poke|p2|Hatterene, F|\n|poke|p2|Rillaboom, F|\n|poke|p2|Iron Moth|\n|poke|p2|Noctowl, F|\n|teampreview\n|\n|t:|1699708881\n|start\n|switch|p1a: SpiderGwen|Ribombee, M, shiny|100\/100\n|switch|p2a: Noctowl|Noctowl, F|100\/100\n|turn|1\n|\n|t:|1699708889\n|move|p1a: SpiderGwen|Moonblast|p2a: Noctowl\n|-damage|p2a: Noctowl|74\/100\n|move|p2a: Noctowl|Hypnosis|p1a: SpiderGwen\n|-status|p1a: SpiderGwen|slp|[from] move: Hypnosis\n|\n|-heal|p2a: Noctowl|80\/100|[from] item: Leftovers\n|upkeep\n|turn|2\n|\n|t:|1699708899\n|switch|p1a: BanMeFFS|Gholdengo|100\/100\n|-item|p1a: BanMeFFS|Air Balloon\n|switch|p2a: Iron Moth|Iron Moth|100\/100\n|-enditem|p2a: Iron Moth|Booster Energy\n|-activate|p2a: Iron Moth|ability: Quark Drive|[fromitem]\n|-start|p2a: Iron Moth|quarkdrivespa\n|\n|upkeep\n|turn|3\n|\n|t:|1699708908\n|move|p2a: Iron Moth|Fiery Dance|p1a: BanMeFFS\n|-supereffective|p1a: BanMeFFS\n|-damage|p1a: BanMeFFS|0 fnt\n|-enditem|p1a: BanMeFFS|Air Balloon\n|faint|p1a: BanMeFFS\n|\n|upkeep\n|\n|t:|1699708914\n|switch|p1a: Beyblade|Great Tusk, shiny|100\/100\n|-enditem|p1a: Beyblade|Booster Energy\n|-activate|p1a: Beyblade|ability: Protosynthesis|[fromitem]\n|-start|p1a: Beyblade|protosynthesisatk\n|turn|4\n|\n|t:|1699708919\n|move|p2a: Iron Moth|Energy Ball|p1a: Beyblade\n|-supereffective|p1a: Beyblade\n|-damage|p1a: Beyblade|0 fnt\n|faint|p1a: Beyblade\n|-end|p1a: Beyblade|Protosynthesis|[silent]\n|\n|upkeep\n|\n|t:|1699708930\n|switch|p1a: BigBird|Honchkrow, M, shiny|100\/100\n|turn|5\n|\n|t:|1699708934\n|move|p2a: Iron Moth|Bug Buzz|p1a: BigBird\n|-damage|p1a: BigBird|32\/100\n|move|p1a: BigBird|Swagger|p2a: Iron Moth\n|-boost|p2a: Iron Moth|atk|2\n|-enditem|p1a: BigBird|Mirror Herb\n|-boost|p1a: BigBird|atk|2|[from] item: Mirror Herb\n|-start|p2a: Iron Moth|confusion\n|\n|upkeep\n|turn|6\n|\n|t:|1699708942\n|move|p1a: BigBird|Sucker Punch|p2a: Iron Moth\n|-damage|p2a: Iron Moth|0 fnt\n|faint|p2a: Iron Moth\n|-end|p2a: Iron Moth|Quark Drive|[silent]\n|-ability|p1a: BigBird|Moxie|boost\n|-boost|p1a: BigBird|atk|1\n|\n|upkeep\n|\n|t:|1699708949\n|switch|p2a: Rillaboom|Rillaboom, F|100\/100\n|turn|7\n|\n|t:|1699708958\n|move|p2a: Rillaboom|Fake Out|p1a: BigBird\n|-damage|p1a: BigBird|5\/100\n|cant|p1a: BigBird|flinch\n|\n|upkeep\n|turn|8\n|\n|t:|1699708964\n|move|p1a: BigBird|Sucker Punch|p2a: Rillaboom\n|-damage|p2a: Rillaboom|25\/100\n|move|p2a: Rillaboom|Drain Punch|p1a: BigBird\n|-damage|p1a: BigBird|0 fnt\n|-heal|p2a: Rillaboom|27\/100|[from] drain|[of] p1a: BigBird\n|faint|p1a: BigBird\n|\n|upkeep\n|\n|t:|1699708968\n|switch|p1a: Ronaldo|Cinderace, F, shiny|100\/100\n|turn|9\n|\n|t:|1699708975\n|switch|p2a: Alomomola|Alomomola, F|100\/100\n|move|p1a: Ronaldo|U-turn|p2a: Alomomola\n|-start|p1a: Ronaldo|typechange|Bug|[from] ability: Libero\n|-damage|p2a: Alomomola|83\/100\n|\n|t:|1699708977\n|switch|p1a: SpiderGwen|Ribombee, M, shiny|100\/100 slp|[from] U-turn\n|\n|upkeep\n|turn|10\n|\n|t:|1699708983\n|cant|p1a: SpiderGwen|slp\n|move|p2a: Alomomola|Wish|p2a: Alomomola\n|\n|upkeep\n|turn|11\n|\n|t:|1699708989\n|switch|p2a: Rillaboom|Rillaboom, F|27\/100\n|cant|p1a: SpiderGwen|slp\n|\n|-heal|p2a: Rillaboom|93\/100|[from] move: Wish|[wisher] Alomomola\n|upkeep\n|turn|12\n|\n|t:|1699708996\n|move|p2a: Rillaboom|Fake Out|p1a: SpiderGwen\n|-damage|p1a: SpiderGwen|69\/100 slp\n|-curestatus|p1a: SpiderGwen|slp|[msg]\n|move|p1a: SpiderGwen|Sticky Web|p2a: Rillaboom\n|-sidestart|p2: vkpfdsgmr|move: Sticky Web\n|\n|upkeep\n|turn|13\n|\n|t:|1699709007\n|switch|p2a: Noctowl|Noctowl, F|80\/100\n|move|p1a: SpiderGwen|Sticky Web||[still]\n|-fail|p1a: SpiderGwen\n|\n|-heal|p2a: Noctowl|87\/100|[from] item: Leftovers\n|upkeep\n|turn|14\n|\n|t:|1699709014\n|move|p1a: SpiderGwen|Stun Spore|p2a: Noctowl\n|-status|p2a: Noctowl|par\n|move|p2a: Noctowl|Air Slash|p1a: SpiderGwen\n|-supereffective|p1a: SpiderGwen\n|-damage|p1a: SpiderGwen|0 fnt\n|faint|p1a: SpiderGwen\n|\n|-heal|p2a: Noctowl|93\/100 par|[from] item: Leftovers\n|upkeep\n|\n|t:|1699709018\n|switch|p1a: Ronaldo|Cinderace, F, shiny|100\/100\n|turn|15\n|\n|t:|1699709025\n|switch|p2a: Alomomola|Alomomola, F|100\/100\n|move|p1a: Ronaldo|Pyro Ball|p2a: Alomomola|[miss]\n|-miss|p1a: Ronaldo|p2a: Alomomola\n|\n|upkeep\n|turn|16\n|\n|t:|1699709032\n|move|p1a: Ronaldo|U-turn|p2a: Alomomola\n|-start|p1a: Ronaldo|typechange|Bug|[from] ability: Libero\n|-damage|p2a: Alomomola|83\/100\n|\n|t:|1699709039\n|switch|p1a: \ud83e\uddecDNA|Mew|100\/100|[from] U-turn\n|move|p2a: Alomomola|Scald|p1a: \ud83e\uddecDNA\n|-damage|p1a: \ud83e\uddecDNA|87\/100\n|\n|-heal|p1a: \ud83e\uddecDNA|93\/100|[from] item: Leftovers\n|upkeep\n|turn|17\n|\n|t:|1699709049\n|move|p1a: \ud83e\uddecDNA|Nasty Plot|p1a: \ud83e\uddecDNA\n|-boost|p1a: \ud83e\uddecDNA|spa|2\n|move|p2a: Alomomola|Flip Turn|p1a: \ud83e\uddecDNA\n|-damage|p1a: \ud83e\uddecDNA|77\/100\n|\n|t:|1699709055\n|switch|p2a: Gliscor|Gliscor, F|100\/100|[from] Flip Turn\n|\n|-heal|p1a: \ud83e\uddecDNA|83\/100|[from] item: Leftovers\n|-status|p2a: Gliscor|tox|[from] item: Toxic Orb\n|upkeep\n|turn|18\n|\n|t:|1699709060\n|move|p1a: \ud83e\uddecDNA|Taunt|p2a: Gliscor\n|-start|p2a: Gliscor|move: Taunt\n|cant|p2a: Gliscor|move: Taunt|Toxic\n|\n|-heal|p1a: \ud83e\uddecDNA|89\/100|[from] item: Leftovers\n|upkeep\n|turn|19\n|\n|t:|1699709067\n|move|p1a: \ud83e\uddecDNA|Nasty Plot|p1a: \ud83e\uddecDNA\n|-boost|p1a: \ud83e\uddecDNA|spa|2\n|move|p2a: Gliscor|Knock Off|p1a: \ud83e\uddecDNA\n|-supereffective|p1a: \ud83e\uddecDNA\n|-damage|p1a: \ud83e\uddecDNA|42\/100\n|-enditem|p1a: \ud83e\uddecDNA|Leftovers|[from] move: Knock Off|[of] p2a: Gliscor\n|\n|upkeep\n|turn|20\n|\n|t:|1699709078\n|switch|p2a: Rillaboom|Rillaboom, F|93\/100\n|-activate|p2a: Rillaboom|move: Sticky Web\n|-unboost|p2a: Rillaboom|spe|1\n|-terastallize|p1a: \ud83e\uddecDNA|Fairy\n|move|p1a: \ud83e\uddecDNA|Draining Kiss|p2a: Rillaboom\n|-damage|p2a: Rillaboom|33\/100\n|-heal|p1a: \ud83e\uddecDNA|96\/100|[from] drain|[of] p2a: Rillaboom\n|\n|upkeep\n|turn|21\n|\n|t:|1699709087\n|move|p2a: Rillaboom|Fake Out|p1a: \ud83e\uddecDNA\n|-damage|p1a: \ud83e\uddecDNA|82\/100\n|cant|p1a: \ud83e\uddecDNA|flinch\n|\n|upkeep\n|turn|22\n|\n|t:|1699709096\n|switch|p2a: Noctowl|Noctowl, F|93\/100 par\n|move|p1a: \ud83e\uddecDNA|Draining Kiss|p2a: Noctowl\n|-damage|p2a: Noctowl|44\/100 par\n|-heal|p1a: \ud83e\uddecDNA|100\/100|[from] drain|[of] p2a: Noctowl\n|\n|-heal|p2a: Noctowl|50\/100 par|[from] item: Leftovers\n|upkeep\n|turn|23\n|\n|t:|1699709105\n|move|p1a: \ud83e\uddecDNA|Stored Power|p2a: Noctowl\n|-damage|p2a: Noctowl|0 fnt\n|faint|p2a: Noctowl\n|\n|upkeep\n|inactive|Battle timer is ON: inactive players will automatically lose when time's up. (requested by TheCrowIsHere)\n|\n|t:|1699709132\n|switch|p2a: Alomomola|Alomomola, F|100\/100\n|turn|24\n|\n|t:|1699709138\n|move|p1a: \ud83e\uddecDNA|Taunt|p2a: Alomomola\n|-start|p2a: Alomomola|move: Taunt\n|cant|p2a: Alomomola|move: Taunt|Wish\n|\n|upkeep\n|turn|25\n|\n|t:|1699709144\n|move|p1a: \ud83e\uddecDNA|Nasty Plot|p1a: \ud83e\uddecDNA\n|-boost|p1a: \ud83e\uddecDNA|spa|2\n|move|p2a: Alomomola|Scald|p1a: \ud83e\uddecDNA\n|-damage|p1a: \ud83e\uddecDNA|87\/100\n|\n|upkeep\n|turn|26\n|\n|t:|1699709150\n|move|p1a: \ud83e\uddecDNA|Draining Kiss|p2a: Alomomola\n|-damage|p2a: Alomomola|0 fnt\n|-heal|p1a: \ud83e\uddecDNA|100\/100|[from] drain|[of] p2a: Alomomola\n|faint|p2a: Alomomola\n|\n|upkeep\n|\n|t:|1699709159\n|switch|p2a: Gliscor|Gliscor, F|100\/100 tox\n|turn|27\n|\n|t:|1699709164\n|move|p1a: \ud83e\uddecDNA|Stored Power|p2a: Gliscor\n|-damage|p2a: Gliscor|0 fnt\n|faint|p2a: Gliscor\n|\n|upkeep\n|\n|t:|1699709173\n|switch|p2a: Rillaboom|Rillaboom, F|33\/100\n|-activate|p2a: Rillaboom|move: Sticky Web\n|-unboost|p2a: Rillaboom|spe|1\n|turn|28\n|\n|t:|1699709177\n|move|p2a: Rillaboom|Fake Out|p1a: \ud83e\uddecDNA\n|-damage|p1a: \ud83e\uddecDNA|86\/100\n|cant|p1a: \ud83e\uddecDNA|flinch\n|\n|upkeep\n|turn|29\n|\n|t:|1699709183\n|move|p1a: \ud83e\uddecDNA|Draining Kiss|p2a: Rillaboom\n|-damage|p2a: Rillaboom|0 fnt\n|-heal|p1a: \ud83e\uddecDNA|100\/100|[from] drain|[of] p2a: Rillaboom\n|faint|p2a: Rillaboom\n|\n|upkeep\n|-message|vkpfdsgmr forfeited.\n|\n|win|TheCrowIsHere\n|raw|TheCrowIsHere's rating: 1069 &rarr; <strong>1100<\/strong><br \/>(+31 for winning)\n|raw|vkpfdsgmr's rating: 1082 &rarr; <strong>1059<\/strong><br \/>(-23 for losing)\n|l|\u2606vkpfdsgmr\n","uploadtime":1699709190,"views":24,"p1id":"thecrowishere","p2id":"vkpfdsgmr","formatid":"gen9ou","rating":1059,"private":0,"password":""}