{"id":"gen9ou-1994378306","p1":"best_player72","p2":"DabBuster184","format":"[Gen 9] OU","log":"|j|\u2606best_player72\n|j|\u2606DabBuster184\n|inactive|Battle timer is ON: inactive players will automatically lose when time's up.\n|t:|1700437081\n|gametype|singles\n|player|p1|best_player72|volkner|\n|player|p2|DabBuster184|caitlin|\n|teamsize|p1|3\n|teamsize|p2|3\n|gen|9\n|tier|[Gen 9] OU\n|rated|Tournament battle\n|rule|Sleep Clause Mod: Limit one foe put to sleep\n|rule|Species Clause: Limit one of each Pok\u00e9mon\n|rule|OHKO Clause: OHKO moves are banned\n|rule|Evasion Items Clause: Evasion items are banned\n|rule|Evasion Moves Clause: Evasion moves are banned\n|rule|Endless Battle Clause: Forcing endless battles is banned\n|rule|HP Percentage Mod: HP is shown in percentages\n|clearpoke\n|poke|p1|Gardevoir, F|\n|poke|p1|Shellos, M|\n|poke|p1|Lurantis, F|\n|poke|p2|Hariyama, M|\n|poke|p2|Floatzel, F|\n|poke|p2|Gabite, M|\n|teampreview\n|j|*Lady Monita \u2746\n|inactive|best_player72 also wants the timer to be on.\n|inactive|DabBuster184 also wants the timer to be on.\n|c|\u2606DabBuster184|glhg\n|c|\u2606DabBuster184|glhf*\n|\n|t:|1700437108\n|start\n|switch|p1a: Shellos|Shellos, M|100\/100\n|switch|p2a: Floatzel|Floatzel, F|100\/100\n|turn|1\n|\n|t:|1700437118\n|move|p2a: Floatzel|Ice Spinner|p1a: Shellos\n|-resisted|p1a: Shellos\n|-crit|p1a: Shellos\n|-damage|p1a: Shellos|74\/100\n|-damage|p2a: Floatzel|91\/100|[from] item: Life Orb\n|move|p1a: Shellos|Stealth Rock|p2a: Floatzel\n|-sidestart|p2: DabBuster184|move: Stealth Rock\n|\n|upkeep\n|turn|2\n|\n|t:|1700437125\n|switch|p2a: Gabite|Gabite, M|100\/100\n|-damage|p2a: Gabite|94\/100|[from] Stealth Rock\n|move|p1a: Shellos|Counter||[still]\n|-fail|p1a: Shellos\n|\n|upkeep\n|turn|3\n|\n|t:|1700437134\n|move|p2a: Gabite|Swords Dance|p2a: Gabite\n|-boost|p2a: Gabite|atk|2\n|move|p1a: Shellos|Chilling Water|p2a: Gabite\n|-damage|p2a: Gabite|80\/100\n|-unboost|p2a: Gabite|atk|1\n|\n|upkeep\n|turn|4\n|\n|t:|1700437143\n|move|p2a: Gabite|Swords Dance|p2a: Gabite\n|-boost|p2a: Gabite|atk|2\n|move|p1a: Shellos|Chilling Water|p2a: Gabite\n|-damage|p2a: Gabite|64\/100\n|-unboost|p2a: Gabite|atk|1\n|\n|upkeep\n|turn|5\n|j| TheKriticalKid\n|\n|t:|1700437149\n|move|p2a: Gabite|Swords Dance|p2a: Gabite\n|-boost|p2a: Gabite|atk|2\n|move|p1a: Shellos|Chilling Water|p2a: Gabite\n|-damage|p2a: Gabite|50\/100\n|-unboost|p2a: Gabite|atk|1\n|\n|upkeep\n|turn|6\n|\n|t:|1700437164\n|move|p2a: Gabite|Dragon Claw|p1a: Shellos\n|-damage|p1a: Shellos|0 fnt\n|faint|p1a: Shellos\n|\n|upkeep\n|\n|t:|1700437168\n|switch|p1a: Gardevoir|Gardevoir, F|100\/100\n|-ability|p1a: Gardevoir|Rough Skin|[from] ability: Trace|[of] p2a: Gabite\n|turn|7\n|j| E4Everyone\n|\n|t:|1700437176\n|move|p1a: Gardevoir|Moonblast|p2a: Gabite\n|-supereffective|p2a: Gabite\n|-damage|p2a: Gabite|0 fnt\n|faint|p2a: Gabite\n|\n|upkeep\n|\n|t:|1700437182\n|switch|p2a: Floatzel|Floatzel, F|91\/100\n|-damage|p2a: Floatzel|78\/100|[from] Stealth Rock\n|turn|8\n|\n|t:|1700437190\n|switch|p1a: Lurantis|Lurantis, F|100\/100\n|-terastallize|p2a: Floatzel|Water\n|move|p2a: Floatzel|Liquidation|p1a: Lurantis\n|-resisted|p1a: Lurantis\n|-damage|p1a: Lurantis|64\/100\n|-damage|p2a: Floatzel|68\/100|[from] item: Life Orb\n|\n|-heal|p1a: Lurantis|70\/100|[from] item: Leftovers\n|upkeep\n|turn|9\n|\n|t:|1700437200\n|move|p2a: Floatzel|Ice Spinner|p1a: Lurantis\n|-supereffective|p1a: Lurantis\n|-damage|p1a: Lurantis|0 fnt\n|faint|p1a: Lurantis\n|-damage|p2a: Floatzel|58\/100|[from] item: Life Orb\n|\n|upkeep\n|\n|t:|1700437203\n|switch|p1a: Gardevoir|Gardevoir, F|100\/100\n|-ability|p1a: Gardevoir|Water Veil|[from] ability: Trace|[of] p2a: Floatzel\n|turn|10\n|\n|t:|1700437218\n|-terastallize|p1a: Gardevoir|Psychic\n|move|p1a: Gardevoir|Psychic|p2a: Floatzel\n|-damage|p2a: Floatzel|0 fnt\n|faint|p2a: Floatzel\n|\n|upkeep\n|\n|t:|1700437223\n|switch|p2a: Hariyama|Hariyama, M|100\/100\n|-damage|p2a: Hariyama|94\/100|[from] Stealth Rock\n|turn|11\n|\n|t:|1700437230\n|move|p1a: Gardevoir|Psychic|p2a: Hariyama\n|-supereffective|p2a: Hariyama\n|-damage|p2a: Hariyama|0 fnt\n|faint|p2a: Hariyama\n|\n|win|best_player72\n|n|\u2606best_player72|bestplayer72\n|n|\u2606DabBuster184|dabbuster184\n|n|*Lady Monita \u2746|ladymonita\n|n| TheKriticalKid|thekriticalkid\n|n| E4Everyone|e4everyone\n","uploadtime":1700437231,"views":13,"p1id":"bestplayer72","p2id":"dabbuster184","formatid":"gen9ou","rating":0,"private":0,"password":""}