{"id":"gen9ou-1996839734","p1":"Xaro369","p2":"Skaraptor2.1","format":"[Gen 9] OU","log":"|j|\u2606Xaro369\n|j|\u2606Skaraptor2.1\n|t:|1700733622\n|gametype|singles\n|player|p1|Xaro369|colress|1467\n|player|p2|Skaraptor2.1|bodybuilderf-gen9|1453\n|teamsize|p1|6\n|teamsize|p2|6\n|gen|9\n|tier|[Gen 9] OU\n|rated|\n|rule|Sleep Clause Mod: Limit one foe put to sleep\n|rule|Species Clause: Limit one of each Pok\u00e9mon\n|rule|OHKO Clause: OHKO moves are banned\n|rule|Evasion Items Clause: Evasion items are banned\n|rule|Evasion Moves Clause: Evasion moves are banned\n|rule|Endless Battle Clause: Forcing endless battles is banned\n|rule|HP Percentage Mod: HP is shown in percentages\n|clearpoke\n|poke|p1|Ceruledge, F|\n|poke|p1|Walking Wake|\n|poke|p1|Hatterene, F|\n|poke|p1|Kingambit, M|\n|poke|p1|Ogerpon-Cornerstone, F|\n|poke|p1|Enamorus, F|\n|poke|p2|Ribombee, M|\n|poke|p2|Ogerpon-Wellspring, F|\n|poke|p2|Corviknight, M|\n|poke|p2|Zamazenta-*|\n|poke|p2|Iron Valiant|\n|poke|p2|Kingambit, F|\n|teampreview\n|inactive|Battle timer is ON: inactive players will automatically lose when time's up. (requested by Skaraptor2.1)\n|\n|t:|1700733638\n|start\n|switch|p1a: Ogerpon|Ogerpon-Cornerstone, F|100\/100\n|switch|p2a: Twink|Ribombee, M|100\/100\n|turn|1\n|\n|t:|1700733643\n|switch|p1a: Hatterene|Hatterene, F|100\/100\n|move|p2a: Twink|Skill Swap|p1a: Hatterene\n|-activate|p2a: Twink|move: Skill Swap|Magic Bounce|Shield Dust|[of] p1a: Hatterene\n|\n|upkeep\n|turn|2\n|\n|t:|1700733651\n|move|p2a: Twink|Sticky Web|p1a: Hatterene\n|-sidestart|p1: Xaro369|move: Sticky Web\n|move|p1a: Hatterene|Mystical Fire|p2a: Twink\n|-supereffective|p2a: Twink\n|-damage|p2a: Twink|34\/100\n|-unboost|p2a: Twink|spa|1\n|\n|upkeep\n|turn|3\n|\n|t:|1700733654\n|move|p2a: Twink|Stun Spore|p1a: Hatterene|[miss]\n|-miss|p2a: Twink|p1a: Hatterene\n|move|p1a: Hatterene|Mystical Fire|p2a: Twink\n|-supereffective|p2a: Twink\n|-damage|p2a: Twink|0 fnt\n|faint|p2a: Twink\n|\n|upkeep\n|\n|t:|1700733659\n|switch|p2a: Queengambit|Kingambit, F|100\/100\n|-activate|p2a: Queengambit|ability: Supreme Overlord\n|-start|p2a: Queengambit|fallen1|[silent]\n|turn|4\n|\n|t:|1700733666\n|-terastallize|p1a: Hatterene|Water\n|move|p2a: Queengambit|Iron Head|p1a: Hatterene\n|-resisted|p1a: Hatterene\n|-damage|p1a: Hatterene|78\/100\n|move|p1a: Hatterene|Mystical Fire|p2a: Queengambit\n|-supereffective|p2a: Queengambit\n|-damage|p2a: Queengambit|61\/100\n|-unboost|p2a: Queengambit|spa|1\n|\n|-heal|p2a: Queengambit|67\/100|[from] item: Leftovers\n|-heal|p1a: Hatterene|84\/100|[from] item: Leftovers\n|upkeep\n|turn|5\n|\n|t:|1700733673\n|move|p2a: Queengambit|Swords Dance|p2a: Queengambit\n|-boost|p2a: Queengambit|atk|2\n|move|p1a: Hatterene|Mystical Fire|p2a: Queengambit\n|-supereffective|p2a: Queengambit\n|-damage|p2a: Queengambit|22\/100\n|-unboost|p2a: Queengambit|spa|1\n|\n|-heal|p2a: Queengambit|28\/100|[from] item: Leftovers\n|-heal|p1a: Hatterene|90\/100|[from] item: Leftovers\n|upkeep\n|turn|6\n|\n|t:|1700733676\n|move|p2a: Queengambit|Sucker Punch|p1a: Hatterene\n|-damage|p1a: Hatterene|21\/100\n|move|p1a: Hatterene|Mystical Fire|p2a: Queengambit\n|-supereffective|p2a: Queengambit\n|-damage|p2a: Queengambit|0 fnt\n|faint|p2a: Queengambit\n|-end|p2a: Queengambit|fallen1|[silent]\n|\n|-heal|p1a: Hatterene|27\/100|[from] item: Leftovers\n|upkeep\n|\n|t:|1700733679\n|switch|p2a: Bigender|Iron Valiant|100\/100\n|-enditem|p2a: Bigender|Booster Energy\n|-activate|p2a: Bigender|ability: Quark Drive|[fromitem]\n|-start|p2a: Bigender|quarkdrivespe\n|turn|7\n|\n|t:|1700733685\n|move|p2a: Bigender|Thunderbolt|p1a: Hatterene\n|-supereffective|p1a: Hatterene\n|-damage|p1a: Hatterene|0 fnt\n|faint|p1a: Hatterene\n|\n|upkeep\n|\n|t:|1700733692\n|switch|p1a: Ogerpon|Ogerpon-Cornerstone, F|100\/100\n|-activate|p1a: Ogerpon|move: Sticky Web\n|-unboost|p1a: Ogerpon|spe|1\n|turn|8\n|\n|t:|1700733696\n|move|p2a: Bigender|Moonblast|p1a: Ogerpon\n|-crit|p1a: Ogerpon\n|-damage|p1a: Ogerpon|24\/100\n|-unboost|p1a: Ogerpon|spa|1\n|move|p1a: Ogerpon|Ivy Cudgel|p2a: Bigender|[anim] Ivy Cudgel Rock\n|-resisted|p2a: Bigender\n|-damage|p2a: Bigender|65\/100\n|\n|upkeep\n|turn|9\n|\n|t:|1700733703\n|move|p2a: Bigender|Moonblast|p1a: Ogerpon\n|-damage|p1a: Ogerpon|0 fnt\n|faint|p1a: Ogerpon\n|\n|upkeep\n|\n|t:|1700733706\n|switch|p1a: Ceruledge|Ceruledge, F|100\/100\n|-activate|p1a: Ceruledge|move: Sticky Web\n|-unboost|p1a: Ceruledge|spe|1\n|turn|10\n|\n|t:|1700733710\n|move|p2a: Bigender|Thunderbolt|p1a: Ceruledge\n|-damage|p1a: Ceruledge|68\/100\n|move|p1a: Ceruledge|Bitter Blade|p2a: Bigender\n|-damage|p2a: Bigender|5\/100\n|-heal|p1a: Ceruledge|98\/100|[from] drain|[of] p2a: Bigender\n|\n|upkeep\n|turn|11\n|\n|t:|1700733716\n|move|p1a: Ceruledge|Shadow Sneak|p2a: Bigender\n|-damage|p2a: Bigender|0 fnt\n|faint|p2a: Bigender\n|-end|p2a: Bigender|Quark Drive|[silent]\n|\n|upkeep\n|\n|t:|1700733729\n|switch|p2a: Transfem|Ogerpon-Wellspring, F|100\/100\n|turn|12\n|\n|t:|1700733735\n|switch|p1a: Walking Wake|Walking Wake|100\/100\n|-activate|p1a: Walking Wake|move: Sticky Web\n|-unboost|p1a: Walking Wake|spe|1\n|-enditem|p1a: Walking Wake|Booster Energy\n|-activate|p1a: Walking Wake|ability: Protosynthesis|[fromitem]\n|-start|p1a: Walking Wake|protosynthesisspa\n|move|p2a: Transfem|Knock Off|p1a: Walking Wake\n|-damage|p1a: Walking Wake|74\/100\n|\n|upkeep\n|turn|13\n|\n|t:|1700733749\n|move|p2a: Transfem|Horn Leech|p1a: Walking Wake\n|-damage|p1a: Walking Wake|26\/100\n|move|p1a: Walking Wake|Dragon Pulse|p2a: Transfem\n|-damage|p2a: Transfem|30\/100\n|\n|upkeep\n|turn|14\n|\n|t:|1700733755\n|move|p2a: Transfem|Horn Leech|p1a: Walking Wake\n|-damage|p1a: Walking Wake|0 fnt\n|-heal|p2a: Transfem|44\/100|[from] drain|[of] p1a: Walking Wake\n|faint|p1a: Walking Wake\n|-end|p1a: Walking Wake|Protosynthesis|[silent]\n|\n|upkeep\n|\n|t:|1700733759\n|switch|p1a: Enamorus|Enamorus, F|100\/100\n|turn|15\n|j| Possum26 Gamer\n|\n|t:|1700733762\n|switch|p2a: Selling my soul|Corviknight, M|100\/100\n|-ability|p2a: Selling my soul|Pressure\n|move|p1a: Enamorus|Moonblast|p2a: Selling my soul\n|-resisted|p2a: Selling my soul\n|-damage|p2a: Selling my soul|73\/100\n|\n|-heal|p2a: Selling my soul|80\/100|[from] item: Leftovers\n|upkeep\n|turn|16\n|\n|t:|1700733765\n|switch|p1a: Ceruledge|Ceruledge, F|98\/100\n|-activate|p1a: Ceruledge|move: Sticky Web\n|-unboost|p1a: Ceruledge|spe|1\n|move|p2a: Selling my soul|Brave Bird|p1a: Ceruledge\n|-damage|p1a: Ceruledge|42\/100\n|-ability|p1a: Ceruledge|Weak Armor|boost\n|-unboost|p1a: Ceruledge|def|1\n|-boost|p1a: Ceruledge|spe|2\n|-damage|p2a: Selling my soul|66\/100|[from] Recoil\n|\n|-heal|p2a: Selling my soul|73\/100|[from] item: Leftovers\n|upkeep\n|turn|17\n|\n|t:|1700733774\n|move|p1a: Ceruledge|Bitter Blade|p2a: Selling my soul\n|-supereffective|p2a: Selling my soul\n|-damage|p2a: Selling my soul|15\/100\n|-heal|p1a: Ceruledge|82\/100|[from] drain|[of] p2a: Selling my soul\n|move|p2a: Selling my soul|Brave Bird|p1a: Ceruledge\n|-damage|p1a: Ceruledge|5\/100\n|-ability|p1a: Ceruledge|Weak Armor|boost\n|-unboost|p1a: Ceruledge|def|1\n|-boost|p1a: Ceruledge|spe|2\n|-damage|p2a: Selling my soul|0 fnt|[from] Recoil\n|faint|p2a: Selling my soul\n|\n|upkeep\n|\n|t:|1700733782\n|switch|p2a: Defender of Trans|Zamazenta, shiny|100\/100\n|-ability|p2a: Defender of Trans|Dauntless Shield|boost\n|-boost|p2a: Defender of Trans|def|1\n|turn|18\n|\n|t:|1700733788\n|-terastallize|p2a: Defender of Trans|Fire\n|move|p1a: Ceruledge|Poltergeist|p2a: Defender of Trans\n|-activate|p2a: Defender of Trans|move: Poltergeist|Leftovers\n|-damage|p2a: Defender of Trans|76\/100\n|move|p2a: Defender of Trans|Iron Defense|p2a: Defender of Trans\n|-boost|p2a: Defender of Trans|def|2\n|\n|-heal|p2a: Defender of Trans|82\/100|[from] item: Leftovers\n|upkeep\n|turn|19\n|\n|t:|1700733798\n|move|p1a: Ceruledge|Poltergeist|p2a: Defender of Trans\n|-activate|p2a: Defender of Trans|move: Poltergeist|Leftovers\n|-damage|p2a: Defender of Trans|67\/100\n|move|p2a: Defender of Trans|Iron Defense|p2a: Defender of Trans\n|-boost|p2a: Defender of Trans|def|2\n|\n|-heal|p2a: Defender of Trans|73\/100|[from] item: Leftovers\n|upkeep\n|turn|20\n|\n|t:|1700733801\n|move|p1a: Ceruledge|Poltergeist|p2a: Defender of Trans\n|-activate|p2a: Defender of Trans|move: Poltergeist|Leftovers\n|-damage|p2a: Defender of Trans|62\/100\n|move|p2a: Defender of Trans|Crunch|p1a: Ceruledge\n|-supereffective|p1a: Ceruledge\n|-damage|p1a: Ceruledge|0 fnt\n|faint|p1a: Ceruledge\n|\n|-heal|p2a: Defender of Trans|68\/100|[from] item: Leftovers\n|upkeep\n|\n|t:|1700733803\n|switch|p1a: Enamorus|Enamorus, F|100\/100\n|turn|21\n|\n|t:|1700733806\n|move|p1a: Enamorus|Earth Power|p2a: Defender of Trans\n|-supereffective|p2a: Defender of Trans\n|-damage|p2a: Defender of Trans|18\/100\n|move|p2a: Defender of Trans|Heavy Slam|p1a: Enamorus\n|-supereffective|p1a: Enamorus\n|-damage|p1a: Enamorus|13\/100\n|\n|-heal|p2a: Defender of Trans|24\/100|[from] item: Leftovers\n|upkeep\n|turn|22\n|\n|t:|1700733812\n|move|p1a: Enamorus|Earth Power|p2a: Defender of Trans\n|-supereffective|p2a: Defender of Trans\n|-damage|p2a: Defender of Trans|0 fnt\n|faint|p2a: Defender of Trans\n|\n|upkeep\n|\n|t:|1700733814\n|switch|p2a: Transfem|Ogerpon-Wellspring, F|44\/100\n|turn|23\n|\n|t:|1700733817\n|switch|p1a: Kingambit|Kingambit, M|100\/100\n|-activate|p1a: Kingambit|move: Sticky Web\n|-unboost|p1a: Kingambit|spe|1\n|-activate|p1a: Kingambit|ability: Supreme Overlord\n|-start|p1a: Kingambit|fallen4|[silent]\n|move|p2a: Transfem|Horn Leech|p1a: Kingambit\n|-resisted|p1a: Kingambit\n|-damage|p1a: Kingambit|81\/100\n|-heal|p2a: Transfem|55\/100|[from] drain|[of] p1a: Kingambit\n|\n|upkeep\n|turn|24\n|\n|t:|1700733821\n|move|p1a: Kingambit|Sucker Punch|p2a: Transfem\n|-damage|p2a: Transfem|0 fnt\n|faint|p2a: Transfem\n|\n|win|Xaro369\n|raw|Xaro369's rating: 1467 &rarr; <strong>1486<\/strong><br \/>(+19 for winning)\n|raw|Skaraptor2.1's rating: 1453 &rarr; <strong>1434<\/strong><br \/>(-19 for losing)\n","uploadtime":1700733824,"views":6,"p1id":"xaro369","p2id":"skaraptor21","formatid":"gen9ou","rating":1434,"private":0,"password":""}