{"id":"gen9ou-1999429943","p1":"Liker of Mudkips","p2":"Daevank5","format":"[Gen 9] OU","log":"|j|\u2606Liker of Mudkips\n|j|\u2606Daevank5\n|t:|1701079146\n|gametype|singles\n|player|p1|Liker of Mudkips|acetrainerf|1730\n|player|p2|Daevank5|workerice|1948\n|teamsize|p1|6\n|teamsize|p2|6\n|gen|9\n|tier|[Gen 9] OU\n|rated|\n|rule|Sleep Clause Mod: Limit one foe put to sleep\n|rule|Species Clause: Limit one of each Pok\u00e9mon\n|rule|OHKO Clause: OHKO moves are banned\n|rule|Evasion Items Clause: Evasion items are banned\n|rule|Evasion Moves Clause: Evasion moves are banned\n|rule|Endless Battle Clause: Forcing endless battles is banned\n|rule|HP Percentage Mod: HP is shown in percentages\n|clearpoke\n|poke|p1|Kingambit, F|\n|poke|p1|Ninetales-Alola, F|\n|poke|p1|Great Tusk|\n|poke|p1|Iron Valiant|\n|poke|p1|Iron Moth|\n|poke|p1|Ogerpon-Wellspring, F|\n|poke|p2|Tornadus-Therian, M|\n|poke|p2|Meowscarada, M|\n|poke|p2|Garchomp, M|\n|poke|p2|Gholdengo|\n|poke|p2|Mandibuzz, F|\n|poke|p2|Slowking-Galar, M|\n|teampreview\n|inactive|Battle timer is ON: inactive players will automatically lose when time's up. (requested by Liker of Mudkips)\n|\n|t:|1701079169\n|start\n|switch|p1a: Baku|Great Tusk|100\/100\n|switch|p2a: Tornadus|Tornadus-Therian, M|100\/100\n|-enditem|p1a: Baku|Booster Energy\n|-activate|p1a: Baku|ability: Protosynthesis|[fromitem]\n|-start|p1a: Baku|protosynthesisatk\n|turn|1\n|j| index0405\n|\n|t:|1701079180\n|-terastallize|p1a: Baku|Ice\n|move|p2a: Tornadus|Bleakwind Storm|p1a: Baku|[miss]\n|-miss|p2a: Tornadus|p1a: Baku\n|move|p1a: Baku|Ice Spinner|p2a: Tornadus\n|-supereffective|p2a: Tornadus\n|-damage|p2a: Tornadus|0 fnt\n|faint|p2a: Tornadus\n|\n|upkeep\n|j| EpicGamer069420\n|\n|t:|1701079190\n|switch|p2a: Gholdengo|Gholdengo|100\/100\n|turn|2\n|\n|t:|1701079201\n|-end|p1a: Baku|Protosynthesis|[silent]\n|switch|p1a: Amaterasu|Iron Moth|100\/100\n|-enditem|p1a: Amaterasu|Booster Energy\n|-activate|p1a: Amaterasu|ability: Quark Drive|[fromitem]\n|-start|p1a: Amaterasu|quarkdrivespe\n|move|p2a: Gholdengo|Make It Rain|p1a: Amaterasu\n|-resisted|p1a: Amaterasu\n|-damage|p1a: Amaterasu|66\/100\n|-unboost|p2a: Gholdengo|spa|1\n|\n|upkeep\n|turn|3\n|\n|t:|1701079213\n|move|p1a: Amaterasu|Dazzling Gleam|p2a: Gholdengo\n|-resisted|p2a: Gholdengo\n|-damage|p2a: Gholdengo|86\/100\n|move|p2a: Gholdengo|Make It Rain|p1a: Amaterasu\n|-resisted|p1a: Amaterasu\n|-damage|p1a: Amaterasu|43\/100\n|-unboost|p2a: Gholdengo|spa|1\n|\n|upkeep\n|turn|4\n|j| dfghhhg\n|\n|t:|1701079222\n|switch|p2a: Slowking|Slowking-Galar, M|100\/100\n|move|p1a: Amaterasu|Fiery Dance|p2a: Slowking\n|-damage|p2a: Slowking|75\/100\n|-boost|p1a: Amaterasu|spa|1\n|\n|upkeep\n|turn|5\n|\n|t:|1701079233\n|move|p1a: Amaterasu|Fiery Dance|p2a: Slowking\n|-damage|p2a: Slowking|37\/100\n|move|p2a: Slowking|Surf|p1a: Amaterasu\n|-supereffective|p1a: Amaterasu\n|-damage|p1a: Amaterasu|0 fnt\n|faint|p1a: Amaterasu\n|-end|p1a: Amaterasu|Quark Drive|[silent]\n|\n|upkeep\n|\n|t:|1701079240\n|switch|p1a: Suika|Ogerpon-Wellspring, F|100\/100\n|turn|6\n|j| angrrry\n|\n|t:|1701079249\n|switch|p2a: Mandibuzz|Mandibuzz, F|100\/100\n|move|p1a: Suika|Ivy Cudgel|p2a: Mandibuzz|[anim] Ivy Cudgel Water\n|-damage|p2a: Mandibuzz|70\/100\n|\n|upkeep\n|turn|7\n|\n|t:|1701079255\n|switch|p1a: Yukihana|Ninetales-Alola, F|100\/100\n|-weather|Snow|[from] ability: Snow Warning|[of] p1a: Yukihana\n|move|p2a: Mandibuzz|Roost|p2a: Mandibuzz\n|-heal|p2a: Mandibuzz|100\/100\n|-singleturn|p2a: Mandibuzz|move: Roost\n|\n|-weather|Snow|[upkeep]\n|upkeep\n|turn|8\n|\n|t:|1701079269\n|move|p1a: Yukihana|Aurora Veil|p1a: Yukihana\n|-sidestart|p1: Liker of Mudkips|move: Aurora Veil\n|move|p2a: Mandibuzz|Knock Off|p1a: Yukihana\n|-resisted|p1a: Yukihana\n|-damage|p1a: Yukihana|96\/100\n|-enditem|p1a: Yukihana|Light Clay|[from] move: Knock Off|[of] p2a: Mandibuzz\n|\n|-weather|Snow|[upkeep]\n|upkeep\n|turn|9\n|\n|t:|1701079276\n|switch|p2a: Slowking|Slowking-Galar, M|71\/100\n|move|p1a: Yukihana|Encore||[still]\n|-fail|p1a: Yukihana\n|\n|-weather|Snow|[upkeep]\n|upkeep\n|turn|10\n|\n|t:|1701079282\n|switch|p1a: Baku|Great Tusk, tera:Ice|100\/100\n|switch|p2a: Gholdengo|Gholdengo|86\/100\n|\n|-weather|Snow|[upkeep]\n|upkeep\n|turn|11\n|inactive|Daevank5 has 120 seconds left.\n|inactive|Daevank5 has 90 seconds left.\n|l| index0405\n|\n|t:|1701079361\n|-terastallize|p2a: Gholdengo|Steel\n|move|p2a: Gholdengo|Make It Rain|p1a: Baku\n|-supereffective|p1a: Baku\n|-damage|p1a: Baku|0 fnt\n|-unboost|p2a: Gholdengo|spa|1\n|faint|p1a: Baku\n|-end|p1a: Baku|Protosynthesis|[silent]\n|\n|-weather|none\n|upkeep\n|\n|t:|1701079375\n|switch|p1a: Suika|Ogerpon-Wellspring, F|100\/100\n|turn|12\n|l| dfghhhg\n|\n|t:|1701079386\n|switch|p2a: Mandibuzz|Mandibuzz, F|100\/100\n|switch|p1a: Rei|Iron Valiant, shiny|100\/100\n|-enditem|p1a: Rei|Booster Energy\n|-activate|p1a: Rei|ability: Quark Drive|[fromitem]\n|-start|p1a: Rei|quarkdrivespe\n|\n|upkeep\n|turn|13\n|inactive|Daevank5 has 90 seconds left.\n|\n|t:|1701079395\n|switch|p2a: Slowking|Slowking-Galar, M|100\/100\n|move|p1a: Rei|Knock Off|p2a: Slowking\n|-supereffective|p2a: Slowking\n|-damage|p2a: Slowking|42\/100\n|-enditem|p2a: Slowking|Heavy-Duty Boots|[from] move: Knock Off|[of] p1a: Rei\n|\n|upkeep\n|turn|14\n|inactive|Daevank5 has 90 seconds left.\n|j| Kingston9629\n|inactive|Daevank5 has 60 seconds left.\n|\n|t:|1701079460\n|move|p1a: Rei|Knock Off|p2a: Slowking\n|-supereffective|p2a: Slowking\n|-damage|p2a: Slowking|2\/100\n|move|p2a: Slowking|Sludge Bomb|p1a: Rei\n|-supereffective|p1a: Rei\n|-damage|p1a: Rei|33\/100\n|\n|upkeep\n|turn|15\n|inactive|Daevank5 has 30 seconds left.\n|inactive|Daevank5 has 20 seconds left.\n|inactive|Daevank5 has 15 seconds left.\n|inactive|Daevank5 has 10 seconds left.\n|\n|t:|1701079500\n|switch|p2a: Gholdengo|Gholdengo, tera:Steel|86\/100\n|move|p1a: Rei|Moonblast|p2a: Gholdengo\n|-resisted|p2a: Gholdengo\n|-damage|p2a: Gholdengo|56\/100\n|\n|-sideend|p1: Liker of Mudkips|move: Aurora Veil\n|upkeep\n|turn|16\n|inactive|Daevank5 has 20 seconds left this turn.\n|inactive|Daevank5 has 15 seconds left.\n|inactive|Daevank5 has 10 seconds left.\n|inactive|Daevank5 has 5 seconds left.\n|\n|t:|1701079517\n|switch|p2a: Garchomp|Garchomp, M|100\/100\n|move|p1a: Rei|Close Combat|p2a: Garchomp\n|-damage|p2a: Garchomp|71\/100\n|-unboost|p1a: Rei|def|1\n|-unboost|p1a: Rei|spd|1\n|-damage|p1a: Rei|20\/100|[from] ability: Rough Skin|[of] p2a: Garchomp\n|-damage|p1a: Rei|4\/100|[from] item: Rocky Helmet|[of] p2a: Garchomp\n|\n|upkeep\n|turn|17\n|inactive|Daevank5 has 15 seconds left this turn.\n|\n|t:|1701079529\n|switch|p2a: Slowking|Slowking-Galar, M|35\/100\n|move|p1a: Rei|Moonblast|p2a: Slowking\n|-resisted|p2a: Slowking\n|-damage|p2a: Slowking|22\/100\n|\n|upkeep\n|turn|18\n|inactive|Daevank5 has 25 seconds left this turn.\n|inactive|Daevank5 has 20 seconds left.\n|\n|t:|1701079536\n|move|p1a: Rei|Moonblast|p2a: Slowking\n|-resisted|p2a: Slowking\n|-damage|p2a: Slowking|7\/100\n|move|p2a: Slowking|Sludge Bomb|p1a: Rei\n|-supereffective|p1a: Rei\n|-damage|p1a: Rei|0 fnt\n|faint|p1a: Rei\n|-end|p1a: Rei|Quark Drive|[silent]\n|\n|upkeep\n|inactive|Daevank5 has 25 seconds left this turn.\n|\n|t:|1701079545\n|switch|p1a: Yukihana|Ninetales-Alola, F|96\/100\n|-weather|Snow|[from] ability: Snow Warning|[of] p1a: Yukihana\n|turn|19\n|inactive|Daevank5 has 30 seconds left.\n|\n|t:|1701079553\n|move|p1a: Yukihana|Aurora Veil|p1a: Yukihana\n|-sidestart|p1: Liker of Mudkips|move: Aurora Veil\n|move|p2a: Slowking|Sludge Bomb|p1a: Yukihana\n|-supereffective|p1a: Yukihana\n|-damage|p1a: Yukihana|64\/100\n|\n|-weather|Snow|[upkeep]\n|upkeep\n|turn|20\n|\n|t:|1701079563\n|switch|p2a: Gholdengo|Gholdengo, tera:Steel|56\/100\n|move|p1a: Yukihana|Freeze-Dry|p2a: Gholdengo\n|-resisted|p2a: Gholdengo\n|-damage|p2a: Gholdengo|45\/100\n|\n|-weather|Snow|[upkeep]\n|upkeep\n|turn|21\n|\n|t:|1701079573\n|move|p2a: Gholdengo|Recover|p2a: Gholdengo\n|-heal|p2a: Gholdengo|95\/100\n|move|p1a: Yukihana|Freeze-Dry|p2a: Gholdengo\n|-resisted|p2a: Gholdengo\n|-damage|p2a: Gholdengo|83\/100\n|\n|-weather|Snow|[upkeep]\n|upkeep\n|turn|22\n|\n|t:|1701079580\n|switch|p2a: Slowking|Slowking-Galar, M|41\/100\n|move|p1a: Yukihana|Freeze-Dry|p2a: Slowking\n|-damage|p2a: Slowking|28\/100\n|\n|-weather|Snow|[upkeep]\n|upkeep\n|turn|23\n|\n|t:|1701079587\n|move|p1a: Yukihana|Hypnosis|p2a: Slowking|[miss]\n|-miss|p1a: Yukihana|p2a: Slowking\n|move|p2a: Slowking|Chilly Reception|p2a: Slowking\n|\n|t:|1701079589\n|switch|p2a: Gholdengo|Gholdengo, tera:Steel|83\/100|[from] Chilly Reception\n|\n|-weather|none\n|-sideend|p1: Liker of Mudkips|move: Aurora Veil\n|upkeep\n|turn|24\n|\n|t:|1701079596\n|switch|p1a: Suika|Ogerpon-Wellspring, F|100\/100\n|move|p2a: Gholdengo|Make It Rain|p1a: Suika\n|-resisted|p1a: Suika\n|-damage|p1a: Suika|51\/100\n|-unboost|p2a: Gholdengo|spa|1\n|\n|upkeep\n|turn|25\n|inactive|Daevank5 has 60 seconds left.\n|\n|t:|1701079632\n|switch|p2a: Mandibuzz|Mandibuzz, F|100\/100\n|move|p1a: Suika|Trailblaze|p2a: Mandibuzz\n|-resisted|p2a: Mandibuzz\n|-damage|p2a: Mandibuzz|93\/100\n|-boost|p1a: Suika|spe|1\n|\n|upkeep\n|turn|26\n|j| Tiranito\n|\n|t:|1701079642\n|switch|p1a: Yukihana|Ninetales-Alola, F|64\/100\n|-weather|Snow|[from] ability: Snow Warning|[of] p1a: Yukihana\n|move|p2a: Mandibuzz|Foul Play|p1a: Yukihana\n|-resisted|p1a: Yukihana\n|-damage|p1a: Yukihana|57\/100\n|\n|-weather|Snow|[upkeep]\n|upkeep\n|turn|27\n|\n|t:|1701079650\n|move|p1a: Yukihana|Aurora Veil|p1a: Yukihana\n|-sidestart|p1: Liker of Mudkips|move: Aurora Veil\n|move|p2a: Mandibuzz|U-turn|p1a: Yukihana\n|-resisted|p1a: Yukihana\n|-damage|p1a: Yukihana|55\/100\n|\n|t:|1701079653\n|switch|p2a: Slowking|Slowking-Galar, M|62\/100|[from] U-turn\n|\n|-weather|Snow|[upkeep]\n|upkeep\n|turn|28\n|\n|t:|1701079657\n|switch|p2a: Gholdengo|Gholdengo, tera:Steel|83\/100\n|move|p1a: Yukihana|Hypnosis|p2a: Gholdengo\n|-immune|p2a: Gholdengo|[from] ability: Good as Gold\n|\n|-weather|Snow|[upkeep]\n|upkeep\n|turn|29\n|\n|t:|1701079663\n|switch|p2a: Slowking|Slowking-Galar, M|95\/100\n|move|p1a: Yukihana|Freeze-Dry|p2a: Slowking\n|-damage|p2a: Slowking|84\/100\n|\n|-weather|Snow|[upkeep]\n|upkeep\n|turn|30\n|\n|t:|1701079669\n|move|p1a: Yukihana|Freeze-Dry|p2a: Slowking\n|-damage|p2a: Slowking|72\/100\n|move|p2a: Slowking|Chilly Reception|p2a: Slowking\n|j| Ran Kob\n|\n|t:|1701079682\n|switch|p2a: Gholdengo|Gholdengo, tera:Steel|83\/100|[from] Chilly Reception\n|\n|-weather|none\n|upkeep\n|turn|31\n|\n|t:|1701079686\n|move|p2a: Gholdengo|Make It Rain|p1a: Yukihana\n|-supereffective|p1a: Yukihana\n|-damage|p1a: Yukihana|0 fnt\n|-unboost|p2a: Gholdengo|spa|1\n|faint|p1a: Yukihana\n|\n|-sideend|p1: Liker of Mudkips|move: Aurora Veil\n|upkeep\n|\n|t:|1701079695\n|switch|p1a: Suika|Ogerpon-Wellspring, F|51\/100\n|turn|32\n|inactive|Daevank5 has 90 seconds left.\n|\n|t:|1701079707\n|switch|p2a: Slowking|Slowking-Galar, M|100\/100\n|move|p1a: Suika|Swords Dance|p1a: Suika\n|-boost|p1a: Suika|atk|2\n|\n|upkeep\n|turn|33\n|\n|t:|1701079713\n|move|p1a: Suika|Ivy Cudgel|p2a: Slowking|[anim] Ivy Cudgel Water\n|-damage|p2a: Slowking|0 fnt\n|faint|p2a: Slowking\n|\n|upkeep\n|inactive|Daevank5 has 90 seconds left.\n|\n|t:|1701079755\n|switch|p2a: Meowscarada|Meowscarada, M|100\/100\n|turn|34\n|\n|t:|1701079759\n|switch|p1a: Nobunaga|Kingambit, F|100\/100\n|-activate|p1a: Nobunaga|ability: Supreme Overlord\n|-start|p1a: Nobunaga|fallen4|[silent]\n|move|p2a: Meowscarada|Flower Trick|p1a: Nobunaga\n|-resisted|p1a: Nobunaga\n|-crit|p1a: Nobunaga\n|-damage|p1a: Nobunaga|83\/100\n|\n|upkeep\n|turn|35\n|j| ayayaphone\n|\n|t:|1701079771\n|move|p2a: Meowscarada|U-turn|p1a: Nobunaga\n|-damage|p1a: Nobunaga|68\/100\n|\n|t:|1701079774\n|switch|p2a: Garchomp|Garchomp, M|71\/100|[from] U-turn\n|move|p1a: Nobunaga|Swords Dance|p1a: Nobunaga\n|-boost|p1a: Nobunaga|atk|2\n|\n|upkeep\n|turn|36\n|\n|t:|1701079781\n|move|p1a: Nobunaga|Sucker Punch|p2a: Garchomp\n|-damage|p2a: Garchomp|5\/100\n|-damage|p1a: Nobunaga|55\/100|[from] ability: Rough Skin|[of] p2a: Garchomp\n|-damage|p1a: Nobunaga|39\/100|[from] item: Rocky Helmet|[of] p2a: Garchomp\n|move|p2a: Garchomp|Earthquake|p1a: Nobunaga\n|-supereffective|p1a: Nobunaga\n|-damage|p1a: Nobunaga|0 fnt\n|faint|p1a: Nobunaga\n|-end|p1a: Nobunaga|fallen4|[silent]\n|\n|upkeep\n|l| EpicGamer069420\n|-message|Liker of Mudkips forfeited.\n|\n|win|Daevank5\n|raw|Liker of Mudkips's rating: 1730 &rarr; <strong>1721<\/strong><br \/>(-9 for losing)\n|raw|Daevank5's rating: 1948 &rarr; <strong>1957<\/strong><br \/>(+9 for winning)\n|l|\u2606Liker of Mudkips\n","uploadtime":1701079801,"views":21,"p1id":"likerofmudkips","p2id":"daevank5","formatid":"gen9ou","rating":1721,"private":0,"password":""}