{"id":"gen9ou-1996203332","p1":"EggDip","p2":"Zovafire","format":"[Gen 9] OU","log":"|j|\u2606EggDip\n|j|\u2606Zovafire\n|t:|1700658698\n|gametype|singles\n|player|p1|EggDip|waiter-gen4dp|1330\n|player|p2|Zovafire|roxie|1423\n|teamsize|p1|6\n|teamsize|p2|6\n|gen|9\n|tier|[Gen 9] OU\n|rated|\n|rule|Sleep Clause Mod: Limit one foe put to sleep\n|rule|Species Clause: Limit one of each Pok\u00e9mon\n|rule|OHKO Clause: OHKO moves are banned\n|rule|Evasion Items Clause: Evasion items are banned\n|rule|Evasion Moves Clause: Evasion moves are banned\n|rule|Endless Battle Clause: Forcing endless battles is banned\n|rule|HP Percentage Mod: HP is shown in percentages\n|clearpoke\n|poke|p1|Sandy Shocks|\n|poke|p1|Weavile, M|\n|poke|p1|Rillaboom, M|\n|poke|p1|Dragapult, M|\n|poke|p1|Iron Valiant|\n|poke|p1|Slowking-Galar, F|\n|poke|p2|Great Tusk|\n|poke|p2|Ogerpon-Wellspring, F|\n|poke|p2|Hatterene, F|\n|poke|p2|Kingambit, M|\n|poke|p2|Meowscarada, F|\n|poke|p2|Ninetales-Alola, F|\n|teampreview\n|inactive|Battle timer is ON: inactive players will automatically lose when time's up. (requested by EggDip)\n|inactive|Zovafire also wants the timer to be on.\n|c|\u2606EggDip|Glhf :D\n|\n|t:|1700658709\n|start\n|switch|p1a: Iron Valiant|Iron Valiant|100\/100\n|switch|p2a: Shiver Tails|Ninetales-Alola, F|100\/100\n|-weather|Snow|[from] ability: Snow Warning|[of] p2a: Shiver Tails\n|-enditem|p1a: Iron Valiant|Booster Energy\n|-activate|p1a: Iron Valiant|ability: Quark Drive|[fromitem]\n|-start|p1a: Iron Valiant|quarkdrivespe\n|turn|1\n|\n|t:|1700658717\n|move|p1a: Iron Valiant|Swords Dance|p1a: Iron Valiant\n|-boost|p1a: Iron Valiant|atk|2\n|move|p2a: Shiver Tails|Aurora Veil|p2a: Shiver Tails\n|-sidestart|p2: Zovafire|move: Aurora Veil\n|\n|-weather|Snow|[upkeep]\n|upkeep\n|turn|2\n|\n|t:|1700658726\n|move|p1a: Iron Valiant|Encore|p2a: Shiver Tails\n|-start|p2a: Shiver Tails|Encore\n|move|p2a: Shiver Tails|Aurora Veil||[still]\n|-fail|p2a: Shiver Tails\n|\n|-weather|Snow|[upkeep]\n|upkeep\n|turn|3\n|\n|t:|1700658731\n|switch|p2a: Fungal Witch|Hatterene, F|100\/100\n|move|p1a: Iron Valiant|Swords Dance|p1a: Iron Valiant\n|-boost|p1a: Iron Valiant|atk|2\n|\n|-weather|Snow|[upkeep]\n|upkeep\n|turn|4\n|\n|t:|1700658738\n|move|p1a: Iron Valiant|Knock Off|p2a: Fungal Witch\n|-damage|p2a: Fungal Witch|56\/100\n|-enditem|p2a: Fungal Witch|Leftovers|[from] move: Knock Off|[of] p1a: Iron Valiant\n|move|p2a: Fungal Witch|Calm Mind|p2a: Fungal Witch\n|-boost|p2a: Fungal Witch|spa|1\n|-boost|p2a: Fungal Witch|spd|1\n|\n|-weather|Snow|[upkeep]\n|upkeep\n|turn|5\n|\n|t:|1700658745\n|move|p1a: Iron Valiant|Knock Off|p2a: Fungal Witch\n|-damage|p2a: Fungal Witch|26\/100\n|move|p2a: Fungal Witch|Draining Kiss|p1a: Iron Valiant\n|-supereffective|p1a: Iron Valiant\n|-damage|p1a: Iron Valiant|0 fnt\n|-heal|p2a: Fungal Witch|95\/100|[from] drain|[of] p1a: Iron Valiant\n|faint|p1a: Iron Valiant\n|-end|p1a: Iron Valiant|Quark Drive|[silent]\n|\n|-weather|none\n|upkeep\n|\n|t:|1700658758\n|switch|p1a: Rillaboom|Rillaboom, M|100\/100\n|-fieldstart|move: Grassy Terrain|[from] ability: Grassy Surge|[of] p1a: Rillaboom\n|turn|6\n|\n|t:|1700658762\n|move|p1a: Rillaboom|Wood Hammer|p2a: Fungal Witch\n|-damage|p2a: Fungal Witch|44\/100\n|-damage|p1a: Rillaboom|85\/100|[from] Recoil\n|move|p2a: Fungal Witch|Nuzzle|p1a: Rillaboom\n|-resisted|p1a: Rillaboom\n|-damage|p1a: Rillaboom|83\/100\n|-status|p1a: Rillaboom|par\n|\n|-heal|p1a: Rillaboom|89\/100 par|[from] Grassy Terrain\n|-heal|p2a: Fungal Witch|50\/100|[from] Grassy Terrain\n|upkeep\n|turn|7\n|\n|t:|1700658765\n|move|p1a: Rillaboom|Wood Hammer|p2a: Fungal Witch\n|-damage|p2a: Fungal Witch|0 fnt\n|faint|p2a: Fungal Witch\n|-damage|p1a: Rillaboom|74\/100 par|[from] Recoil\n|\n|-heal|p1a: Rillaboom|80\/100 par|[from] Grassy Terrain\n|upkeep\n|\n|t:|1700658775\n|switch|p2a: Great Tusk|Great Tusk|100\/100\n|-enditem|p2a: Great Tusk|Booster Energy\n|-activate|p2a: Great Tusk|ability: Protosynthesis|[fromitem]\n|-start|p2a: Great Tusk|protosynthesisspe\n|turn|8\n|\n|t:|1700658778\n|move|p2a: Great Tusk|Bulk Up|p2a: Great Tusk\n|-boost|p2a: Great Tusk|atk|1\n|-boost|p2a: Great Tusk|def|1\n|move|p1a: Rillaboom|Wood Hammer|p2a: Great Tusk\n|-supereffective|p2a: Great Tusk\n|-damage|p2a: Great Tusk|44\/100\n|-damage|p1a: Rillaboom|57\/100 par|[from] Recoil\n|\n|-heal|p2a: Great Tusk|50\/100|[from] Grassy Terrain\n|-heal|p1a: Rillaboom|63\/100 par|[from] Grassy Terrain\n|-sideend|p2: Zovafire|move: Aurora Veil\n|upkeep\n|turn|9\n|\n|t:|1700658783\n|move|p2a: Great Tusk|Ice Spinner|p1a: Rillaboom\n|-supereffective|p1a: Rillaboom\n|-damage|p1a: Rillaboom|0 fnt\n|-fieldend|move: Grassy Terrain\n|faint|p1a: Rillaboom\n|\n|upkeep\n|\n|t:|1700658785\n|switch|p1a: Sandy Shocks|Sandy Shocks|100\/100\n|-enditem|p1a: Sandy Shocks|Booster Energy\n|-activate|p1a: Sandy Shocks|ability: Protosynthesis|[fromitem]\n|-start|p1a: Sandy Shocks|protosynthesisspe\n|turn|10\n|\n|t:|1700658790\n|-terastallize|p1a: Sandy Shocks|Ice\n|move|p1a: Sandy Shocks|Tera Blast|p2a: Great Tusk|[anim] Tera Blast Ice\n|-supereffective|p2a: Great Tusk\n|-damage|p2a: Great Tusk|0 fnt\n|faint|p2a: Great Tusk\n|-end|p2a: Great Tusk|Protosynthesis|[silent]\n|\n|upkeep\n|\n|t:|1700658796\n|switch|p2a: Purring Mask|Meowscarada, F, shiny|100\/100\n|turn|11\n|\n|t:|1700658801\n|move|p2a: Purring Mask|Low Kick|p1a: Sandy Shocks\n|-start|p2a: Purring Mask|typechange|Fighting|[from] ability: Protean\n|-supereffective|p1a: Sandy Shocks\n|-damage|p1a: Sandy Shocks|15\/100\n|move|p1a: Sandy Shocks|Stealth Rock|p2a: Purring Mask\n|-sidestart|p2: Zovafire|move: Stealth Rock\n|\n|upkeep\n|turn|12\n|\n|t:|1700658809\n|move|p2a: Purring Mask|Low Kick|p1a: Sandy Shocks\n|-supereffective|p1a: Sandy Shocks\n|-damage|p1a: Sandy Shocks|0 fnt\n|faint|p1a: Sandy Shocks\n|-end|p1a: Sandy Shocks|Protosynthesis|[silent]\n|\n|upkeep\n|\n|t:|1700658817\n|switch|p1a: Dragapult|Dragapult, M|100\/100\n|turn|13\n|\n|t:|1700658823\n|switch|p2a: Shiver Tails|Ninetales-Alola, F|100\/100\n|-damage|p2a: Shiver Tails|76\/100|[from] Stealth Rock\n|-weather|Snow|[from] ability: Snow Warning|[of] p2a: Shiver Tails\n|move|p1a: Dragapult|Flamethrower|p2a: Shiver Tails\n|-supereffective|p2a: Shiver Tails\n|-crit|p2a: Shiver Tails\n|-damage|p2a: Shiver Tails|0 fnt\n|faint|p2a: Shiver Tails\n|\n|-weather|Snow|[upkeep]\n|upkeep\n|\n|t:|1700658828\n|switch|p2a: Purring Mask|Meowscarada, F, shiny|100\/100\n|-damage|p2a: Purring Mask|88\/100|[from] Stealth Rock\n|turn|14\n|\n|t:|1700658832\n|switch|p1a: Slowking|Slowking-Galar, F|100\/100\n|move|p2a: Purring Mask|Knock Off|p1a: Slowking\n|-start|p2a: Purring Mask|typechange|Dark|[from] ability: Protean\n|-supereffective|p1a: Slowking\n|-damage|p1a: Slowking|36\/100\n|-enditem|p1a: Slowking|Heavy-Duty Boots|[from] move: Knock Off|[of] p2a: Purring Mask\n|\n|-weather|Snow|[upkeep]\n|upkeep\n|turn|15\n|\n|t:|1700658838\n|switch|p1a: Weavile|Weavile, M|100\/100\n|-ability|p1a: Weavile|Pressure\n|move|p2a: Purring Mask|Knock Off|p1a: Weavile\n|-resisted|p1a: Weavile\n|-damage|p1a: Weavile|73\/100\n|-enditem|p1a: Weavile|Heavy-Duty Boots|[from] move: Knock Off|[of] p2a: Purring Mask\n|\n|-weather|Snow|[upkeep]\n|upkeep\n|turn|16\n|\n|t:|1700658843\n|switch|p2a: Wellspring Cudgel|Ogerpon-Wellspring, F|100\/100\n|-damage|p2a: Wellspring Cudgel|88\/100|[from] Stealth Rock\n|move|p1a: Weavile|Swords Dance|p1a: Weavile\n|-boost|p1a: Weavile|atk|2\n|\n|-weather|Snow|[upkeep]\n|upkeep\n|turn|17\n|\n|t:|1700658848\n|move|p1a: Weavile|Ice Spinner|p2a: Wellspring Cudgel\n|-crit|p2a: Wellspring Cudgel\n|-damage|p2a: Wellspring Cudgel|0 fnt\n|faint|p2a: Wellspring Cudgel\n|\n|-weather|none\n|upkeep\n|\n|t:|1700658850\n|switch|p2a: Iron Overlord|Kingambit, M|100\/100\n|-damage|p2a: Iron Overlord|94\/100|[from] Stealth Rock\n|-activate|p2a: Iron Overlord|ability: Supreme Overlord\n|-start|p2a: Iron Overlord|fallen4|[silent]\n|turn|18\n|\n|t:|1700658853\n|move|p1a: Weavile|Knock Off|p2a: Iron Overlord\n|-resisted|p2a: Iron Overlord\n|-damage|p2a: Iron Overlord|57\/100\n|-enditem|p2a: Iron Overlord|Leftovers|[from] move: Knock Off|[of] p1a: Weavile\n|move|p2a: Iron Overlord|Iron Head|p1a: Weavile\n|-supereffective|p1a: Weavile\n|-damage|p1a: Weavile|0 fnt\n|faint|p1a: Weavile\n|\n|upkeep\n|\n|t:|1700658859\n|switch|p1a: Slowking|Slowking-Galar, F|69\/100\n|turn|19\n|\n|t:|1700658861\n|move|p2a: Iron Overlord|Swords Dance|p2a: Iron Overlord\n|-boost|p2a: Iron Overlord|atk|2\n|move|p1a: Slowking|Thunder Wave|p2a: Iron Overlord\n|-status|p2a: Iron Overlord|par\n|\n|upkeep\n|turn|20\n|\n|t:|1700658866\n|move|p2a: Iron Overlord|Iron Head|p1a: Slowking\n|-damage|p1a: Slowking|0 fnt\n|faint|p1a: Slowking\n|\n|upkeep\n|\n|t:|1700658868\n|switch|p1a: Dragapult|Dragapult, M|100\/100\n|turn|21\n|\n|t:|1700658871\n|cant|p2a: Iron Overlord|par\n|move|p1a: Dragapult|Flamethrower|p2a: Iron Overlord\n|-supereffective|p2a: Iron Overlord\n|-damage|p2a: Iron Overlord|0 fnt\n|faint|p2a: Iron Overlord\n|-end|p2a: Iron Overlord|fallen4|[silent]\n|\n|upkeep\n|\n|t:|1700658874\n|switch|p2a: Purring Mask|Meowscarada, F, shiny|88\/100\n|-damage|p2a: Purring Mask|76\/100|[from] Stealth Rock\n|turn|22\n|\n|t:|1700658876\n|move|p2a: Purring Mask|Knock Off|p1a: Dragapult\n|-start|p2a: Purring Mask|typechange|Dark|[from] ability: Protean\n|-supereffective|p1a: Dragapult\n|-damage|p1a: Dragapult|0 fnt\n|-enditem|p1a: Dragapult|Choice Specs|[from] move: Knock Off|[of] p2a: Purring Mask\n|faint|p1a: Dragapult\n|\n|win|Zovafire\n|raw|EggDip's rating: 1330 &rarr; <strong>1315<\/strong><br \/>(-15 for losing)\n|raw|Zovafire's rating: 1423 &rarr; <strong>1438<\/strong><br \/>(+15 for winning)\n|c|\u2606EggDip|gg wp :)\n|l|\u2606EggDip\n","uploadtime":1700658887,"views":1,"p1id":"eggdip","p2id":"zovafire","formatid":"gen9ou","rating":1315,"private":0,"password":""}