{"id":"gen9ou-1998198993","p1":"Oscarx90","p2":"koopa003","format":"[Gen 9] OU","log":"|j|\u2606Oscarx90\n|j|\u2606koopa003\n|inactive|Battle timer is ON: inactive players will automatically lose when time's up.\n|t:|1700911170\n|gametype|singles\n|player|p1|Oscarx90|plasmagrunt|\n|player|p2|koopa003|camper|\n|teamsize|p1|3\n|teamsize|p2|3\n|gen|9\n|tier|[Gen 9] OU\n|rated|Tournament battle\n|rule|Sleep Clause Mod: Limit one foe put to sleep\n|rule|Species Clause: Limit one of each Pok\u00e9mon\n|rule|OHKO Clause: OHKO moves are banned\n|rule|Evasion Items Clause: Evasion items are banned\n|rule|Evasion Moves Clause: Evasion moves are banned\n|rule|Endless Battle Clause: Forcing endless battles is banned\n|rule|HP Percentage Mod: HP is shown in percentages\n|clearpoke\n|poke|p1|Salamence, M|\n|poke|p1|Salazzle, F|\n|poke|p1|Bronzong|\n|poke|p2|Dudunsparce-*, F|\n|poke|p2|Chesnaught, F|\n|poke|p2|Chansey, F|\n|teampreview\n|j|*Lady Monita \u2746\n|c|\u2606koopa003|mmm\n|c|\u2606koopa003|ur team is like semi-stall\n|\n|t:|1700911193\n|start\n|switch|p1a: Bronzong|Bronzong|100\/100\n|switch|p2a: Chansey|Chansey, F|100\/100\n|turn|1\n|\n|t:|1700911198\n|move|p2a: Chansey|Thunder Wave|p1a: Bronzong\n|-status|p1a: Bronzong|par\n|cant|p1a: Bronzong|par\n|\n|upkeep\n|turn|2\n|\n|t:|1700911202\n|move|p2a: Chansey|Stealth Rock|p1a: Bronzong\n|-sidestart|p1: Oscarx90|move: Stealth Rock\n|cant|p1a: Bronzong|par\n|\n|upkeep\n|turn|3\n|c|\u2606koopa003|lol\n|\n|t:|1700911207\n|move|p2a: Chansey|Seismic Toss|p1a: Bronzong\n|-damage|p1a: Bronzong|68\/100 par\n|move|p1a: Bronzong|Stealth Rock|p2a: Chansey\n|-sidestart|p2: koopa003|move: Stealth Rock\n|\n|upkeep\n|turn|4\n|\n|t:|1700911212\n|switch|p1a: Salamence|Salamence, M|100\/100\n|-damage|p1a: Salamence|75\/100|[from] Stealth Rock\n|-ability|p1a: Salamence|Intimidate|boost\n|-unboost|p2a: Chansey|atk|1\n|move|p2a: Chansey|Seismic Toss|p1a: Salamence\n|-damage|p1a: Salamence|45\/100\n|\n|upkeep\n|turn|5\n|inactive|koopa003 has 120 seconds left.\n|\n|t:|1700911243\n|move|p1a: Salamence|Outrage|p2a: Chansey\n|-crit|p2a: Chansey\n|-damage|p2a: Chansey|0 fnt\n|faint|p2a: Chansey\n|-damage|p1a: Salamence|35\/100|[from] item: Life Orb\n|\n|upkeep\n|inactive|koopa003 has 120 seconds left.\n|\n|t:|1700911248\n|switch|p2a: Chesnaught|Chesnaught, F|100\/100\n|-damage|p2a: Chesnaught|95\/100|[from] Stealth Rock\n|turn|6\n|\n|t:|1700911252\n|move|p1a: Salamence|Outrage|p2a: Chesnaught|[from]lockedmove\n|-damage|p2a: Chesnaught|38\/100\n|-damage|p1a: Salamence|25\/100|[from] item: Life Orb\n|move|p2a: Chesnaught|Leech Seed|p1a: Salamence\n|-start|p1a: Salamence|move: Leech Seed\n|\n|-heal|p2a: Chesnaught|43\/100|[from] item: Leftovers\n|-damage|p1a: Salamence|13\/100|[from] Leech Seed|[of] p2a: Chesnaught\n|-heal|p2a: Chesnaught|56\/100|[silent]\n|upkeep\n|turn|7\n|c|\u2606koopa003|oh no\n|\n|t:|1700911265\n|switch|p2a: Dudunsparce|Dudunsparce-Three-Segment, F|100\/100\n|-damage|p2a: Dudunsparce|88\/100|[from] Stealth Rock\n|move|p1a: Salamence|Outrage|p2a: Dudunsparce|[from]lockedmove\n|-damage|p2a: Dudunsparce|14\/100\n|-damage|p1a: Salamence|3\/100|[from] item: Life Orb\n|-start|p1a: Salamence|confusion|[fatigue]\n|\n|-heal|p2a: Dudunsparce|21\/100|[from] item: Leftovers\n|-damage|p1a: Salamence|0 fnt|[from] Leech Seed|[of] p2a: Dudunsparce\n|-heal|p2a: Dudunsparce|23\/100|[silent]\n|faint|p1a: Salamence\n|upkeep\n|\n|t:|1700911273\n|switch|p1a: Salazzle|Salazzle, F|100\/100\n|-damage|p1a: Salazzle|76\/100|[from] Stealth Rock\n|turn|8\n|\n|t:|1700911282\n|move|p1a: Salazzle|Sludge Bomb|p2a: Dudunsparce\n|-damage|p2a: Dudunsparce|0 fnt\n|faint|p2a: Dudunsparce\n|-damage|p1a: Salazzle|66\/100|[from] item: Life Orb\n|\n|upkeep\n|\n|t:|1700911285\n|switch|p2a: Chesnaught|Chesnaught, F|56\/100\n|-damage|p2a: Chesnaught|50\/100|[from] Stealth Rock\n|turn|9\n|\n|t:|1700911288\n|move|p1a: Salazzle|Fire Blast|p2a: Chesnaught\n|-supereffective|p2a: Chesnaught\n|-damage|p2a: Chesnaught|0 fnt\n|faint|p2a: Chesnaught\n|-damage|p1a: Salazzle|56\/100|[from] item: Life Orb\n|\n|win|Oscarx90\n|n|\u2606Oscarx90|oscarx90\n|n|\u2606koopa003|koopa003\n|n|*Lady Monita \u2746|ladymonita\n","uploadtime":1700911289,"views":1,"p1id":"oscarx90","p2id":"koopa003","formatid":"gen9ou","rating":0,"private":0,"password":""}