{"id":"gen9ou-1998020199","p1":"Icefanngs","p2":"qwrqwrqwr","format":"[Gen 9] OU","log":"|j|\u2606Icefanngs\n|j|\u2606qwrqwrqwr\n|t:|1700879843\n|gametype|singles\n|player|p1|Icefanngs|102|1134\n|player|p2|qwrqwrqwr|101|1022\n|teamsize|p1|6\n|teamsize|p2|6\n|gen|9\n|tier|[Gen 9] OU\n|rated|\n|rule|Sleep Clause Mod: Limit one foe put to sleep\n|rule|Species Clause: Limit one of each Pok\u00e9mon\n|rule|OHKO Clause: OHKO moves are banned\n|rule|Evasion Items Clause: Evasion items are banned\n|rule|Evasion Moves Clause: Evasion moves are banned\n|rule|Endless Battle Clause: Forcing endless battles is banned\n|rule|HP Percentage Mod: HP is shown in percentages\n|clearpoke\n|poke|p1|Delphox, F|\n|poke|p1|Lilligant-Hisui, F|\n|poke|p1|Froslass, F|\n|poke|p1|Milotic, F|\n|poke|p1|Mandibuzz, F|\n|poke|p1|Tinkaton, F|\n|poke|p2|Primeape, M|\n|poke|p2|Kingambit, F|\n|poke|p2|Garganacl, F|\n|poke|p2|Rabsca, M|\n|poke|p2|Gholdengo|\n|poke|p2|Staraptor, M|\n|teampreview\n|inactive|Battle timer is ON: inactive players will automatically lose when time's up. (requested by qwrqwrqwr)\n|\n|t:|1700879861\n|start\n|switch|p1a: Kiyoko|Delphox, F|100\/100\n|switch|p2a: Gholdengo|Gholdengo|100\/100\n|turn|1\n|\n|t:|1700879870\n|switch|p2a: Garganacl|Garganacl, F|100\/100\n|move|p1a: Kiyoko|Mystical Fire|p2a: Garganacl\n|-resisted|p2a: Garganacl\n|-damage|p2a: Garganacl|85\/100\n|-unboost|p2a: Garganacl|spa|1\n|-item|p1a: Kiyoko|Leftovers|[from] ability: Magician|[of] p2a: Garganacl\n|\n|upkeep\n|turn|2\n|\n|t:|1700879882\n|move|p1a: Kiyoko|Grass Knot|p2a: Garganacl\n|-supereffective|p2a: Garganacl\n|-damage|p2a: Garganacl|15\/100\n|move|p2a: Garganacl|Salt Cure|p1a: Kiyoko\n|-supereffective|p1a: Kiyoko\n|-damage|p1a: Kiyoko|57\/100\n|-start|p1a: Kiyoko|Salt Cure\n|\n|-heal|p1a: Kiyoko|63\/100|[from] item: Leftovers\n|-damage|p1a: Kiyoko|50\/100|[from] Salt Cure\n|upkeep\n|turn|3\n|\n|t:|1700879896\n|switch|p1a: Aquarius|Milotic, F|100\/100\n|move|p2a: Garganacl|Protect||[still]\n|-fail|p2a: Garganacl\n|\n|upkeep\n|turn|4\n|\n|t:|1700879907\n|move|p2a: Garganacl|Protect|p2a: Garganacl\n|-singleturn|p2a: Garganacl|Protect\n|move|p1a: Aquarius|Scald|p2a: Garganacl\n|-activate|p2a: Garganacl|move: Protect\n|\n|upkeep\n|turn|5\n|\n|t:|1700879916\n|switch|p2a: Gholdengo|Gholdengo|100\/100\n|move|p1a: Aquarius|Scald|p2a: Gholdengo\n|-damage|p2a: Gholdengo|64\/100\n|\n|upkeep\n|turn|6\n|\n|t:|1700879931\n|move|p2a: Gholdengo|Trick|p1a: Aquarius\n|-activate|p2a: Gholdengo|move: Trick|[of] p1a: Aquarius\n|-item|p1a: Aquarius|Choice Scarf|[from] move: Trick\n|-item|p2a: Gholdengo|Leftovers|[from] move: Trick\n|move|p1a: Aquarius|Scald|p2a: Gholdengo\n|-damage|p2a: Gholdengo|30\/100\n|\n|-heal|p2a: Gholdengo|36\/100|[from] item: Leftovers\n|upkeep\n|turn|7\n|\n|t:|1700879940\n|move|p1a: Aquarius|Scald|p2a: Gholdengo\n|-damage|p2a: Gholdengo|1\/100\n|move|p2a: Gholdengo|Recover|p2a: Gholdengo\n|-heal|p2a: Gholdengo|51\/100\n|\n|-heal|p2a: Gholdengo|57\/100|[from] item: Leftovers\n|upkeep\n|turn|8\n|\n|t:|1700879947\n|move|p1a: Aquarius|Scald|p2a: Gholdengo\n|-damage|p2a: Gholdengo|16\/100\n|move|p2a: Gholdengo|Recover|p2a: Gholdengo\n|-heal|p2a: Gholdengo|66\/100\n|\n|-heal|p2a: Gholdengo|72\/100|[from] item: Leftovers\n|upkeep\n|turn|9\n|\n|t:|1700879955\n|move|p1a: Aquarius|Scald|p2a: Gholdengo\n|-damage|p2a: Gholdengo|36\/100\n|-status|p2a: Gholdengo|brn\n|move|p2a: Gholdengo|Recover|p2a: Gholdengo\n|-heal|p2a: Gholdengo|86\/100 brn\n|\n|-heal|p2a: Gholdengo|92\/100 brn|[from] item: Leftovers\n|-damage|p2a: Gholdengo|86\/100 brn|[from] brn\n|upkeep\n|turn|10\n|\n|t:|1700879965\n|switch|p1a: Amy|Tinkaton, F|100\/100\n|-ability|p1a: Amy|Mold Breaker\n|move|p2a: Gholdengo|Thunderbolt|p1a: Amy\n|-damage|p1a: Amy|80\/100\n|\n|-heal|p2a: Gholdengo|92\/100 brn|[from] item: Leftovers\n|-damage|p2a: Gholdengo|86\/100 brn|[from] brn\n|upkeep\n|turn|11\n|\n|t:|1700879985\n|switch|p2a: Staraptor|Staraptor, M|100\/100\n|-ability|p2a: Staraptor|Intimidate|boost\n|-unboost|p1a: Amy|atk|1\n|move|p1a: Amy|Knock Off|p2a: Staraptor\n|-damage|p2a: Staraptor|81\/100\n|-enditem|p2a: Staraptor|Eject Pack|[from] move: Knock Off|[of] p1a: Amy\n|\n|upkeep\n|turn|12\n|\n|t:|1700880010\n|switch|p1a: Raven|Mandibuzz, F|100\/100\n|move|p2a: Staraptor|Close Combat|p1a: Raven\n|-damage|p1a: Raven|83\/100\n|-unboost|p2a: Staraptor|def|1\n|-unboost|p2a: Staraptor|spd|1\n|-damage|p2a: Staraptor|64\/100|[from] item: Rocky Helmet|[of] p1a: Raven\n|\n|upkeep\n|turn|13\n|\n|t:|1700880018\n|move|p2a: Staraptor|Tailwind|p2a: Staraptor\n|-sidestart|p2: qwrqwrqwr|move: Tailwind\n|move|p1a: Raven|Foul Play|p2a: Staraptor\n|-damage|p2a: Staraptor|0 fnt\n|faint|p2a: Staraptor\n|\n|upkeep\n|\n|t:|1700880027\n|switch|p2a: Primeape|Primeape, M|100\/100\n|turn|14\n|\n|t:|1700880033\n|move|p2a: Primeape|Encore|p1a: Raven\n|-start|p1a: Raven|Encore\n|move|p1a: Raven|Foul Play|p2a: Primeape\n|-resisted|p2a: Primeape\n|-damage|p2a: Primeape|76\/100\n|\n|upkeep\n|turn|15\n|\n|t:|1700880045\n|switch|p1a: Aquarius|Milotic, F|100\/100\n|move|p2a: Primeape|Rage Fist|p1a: Aquarius\n|-damage|p1a: Aquarius|65\/100\n|\n|upkeep\n|turn|16\n|\n|t:|1700880051\n|move|p2a: Primeape|U-turn|p1a: Aquarius\n|-damage|p1a: Aquarius|38\/100\n|\n|t:|1700880057\n|switch|p2a: Rabsca|Rabsca, M|100\/100|[from] U-turn\n|move|p1a: Aquarius|Scald|p2a: Rabsca\n|-damage|p2a: Rabsca|63\/100\n|-status|p2a: Rabsca|brn\n|-activate|p2a: Rabsca|ability: Synchronize\n|-status|p1a: Aquarius|brn\n|\n|-damage|p1a: Aquarius|32\/100 brn|[from] brn\n|-damage|p2a: Rabsca|57\/100 brn|[from] brn\n|-sideend|p2: qwrqwrqwr|move: Tailwind\n|upkeep\n|turn|17\n|\n|t:|1700880071\n|move|p1a: Aquarius|Scald|p2a: Rabsca\n|-damage|p2a: Rabsca|21\/100 brn\n|move|p2a: Rabsca|Revival Blessing|p2a: Rabsca\n|\n|t:|1700880077\n|-heal|p2: Staraptor|50\/100|[from] move: Revival Blessing\n|\n|-damage|p1a: Aquarius|26\/100 brn|[from] brn\n|-damage|p2a: Rabsca|14\/100 brn|[from] brn\n|upkeep\n|turn|18\n|\n|t:|1700880087\n|move|p1a: Aquarius|Scald|p2a: Rabsca\n|-damage|p2a: Rabsca|0 fnt\n|faint|p2a: Rabsca\n|\n|-damage|p1a: Aquarius|20\/100 brn|[from] brn\n|upkeep\n|\n|t:|1700880095\n|switch|p2a: Staraptor|Staraptor, M|50\/100\n|-ability|p2a: Staraptor|Intimidate|boost\n|-unboost|p1a: Aquarius|atk|1\n|-ability|p1a: Aquarius|Competitive|boost\n|-boost|p1a: Aquarius|spa|2\n|turn|19\n|\n|t:|1700880104\n|-terastallize|p2a: Staraptor|Steel\n|move|p2a: Staraptor|Tailwind|p2a: Staraptor\n|-sidestart|p2: qwrqwrqwr|move: Tailwind\n|move|p1a: Aquarius|Scald|p2a: Staraptor\n|-damage|p2a: Staraptor|0 fnt\n|faint|p2a: Staraptor\n|\n|-damage|p1a: Aquarius|15\/100 brn|[from] brn\n|upkeep\n|\n|t:|1700880117\n|switch|p2a: Garganacl|Garganacl, F|15\/100\n|turn|20\n|-message|qwrqwrqwr forfeited.\n|\n|win|Icefanngs\n|raw|Icefanngs's rating: 1134 &rarr; <strong>1151<\/strong><br \/>(+17 for winning)\n|raw|qwrqwrqwr's rating: 1022 &rarr; <strong>1013<\/strong><br \/>(-9 for losing)\n|l|\u2606qwrqwrqwr\n","uploadtime":1700880130,"views":1,"p1id":"icefanngs","p2id":"qwrqwrqwr","formatid":"gen9ou","rating":1013,"private":0,"password":""}