{"id":"gen9ou-1996718413","p1":"Coach1515","p2":"twinbayy","format":"[Gen 9] OU","log":"|j|\u2606Coach1515\n|j|\u2606twinbayy\n|t:|1700713982\n|gametype|singles\n|player|p1|Coach1515|swimmer|1431\n|player|p2|twinbayy|hilda-wonderlauncher|1347\n|teamsize|p1|6\n|teamsize|p2|6\n|gen|9\n|tier|[Gen 9] OU\n|rated|\n|rule|Sleep Clause Mod: Limit one foe put to sleep\n|rule|Species Clause: Limit one of each Pok\u00e9mon\n|rule|OHKO Clause: OHKO moves are banned\n|rule|Evasion Items Clause: Evasion items are banned\n|rule|Evasion Moves Clause: Evasion moves are banned\n|rule|Endless Battle Clause: Forcing endless battles is banned\n|rule|HP Percentage Mod: HP is shown in percentages\n|clearpoke\n|poke|p1|Hoopa-Unbound|\n|poke|p1|Zamazenta-*|\n|poke|p1|Slowking-Galar, F|\n|poke|p1|Zapdos|\n|poke|p1|Enamorus, F|\n|poke|p1|Iron Treads|\n|poke|p2|Ribombee, F|\n|poke|p2|Skeledirge, F|\n|poke|p2|Great Tusk|\n|poke|p2|Munkidori, M|\n|poke|p2|Scizor, F|\n|poke|p2|Weavile, M|\n|teampreview\n|inactive|Battle timer is ON: inactive players will automatically lose when time's up. (requested by Coach1515)\n|\n|t:|1700714005\n|start\n|switch|p1a: Zapdos|Zapdos|100\/100\n|switch|p2a: Ribombee|Ribombee, F|100\/100\n|turn|1\n|\n|t:|1700714026\n|switch|p2a: Skeledirge|Skeledirge, F|100\/100\n|move|p1a: Zapdos|Heat Wave|p2a: Skeledirge\n|-resisted|p2a: Skeledirge\n|-damage|p2a: Skeledirge|91\/100\n|\n|upkeep\n|turn|2\n|\n|t:|1700714031\n|switch|p2a: Great Tusk|Great Tusk|100\/100\n|move|p1a: Zapdos|Volt Switch|p2a: Great Tusk\n|-immune|p2a: Great Tusk\n|\n|upkeep\n|turn|3\n|\n|t:|1700714034\n|move|p1a: Zapdos|Hurricane|p2a: Great Tusk\n|-supereffective|p2a: Great Tusk\n|-damage|p2a: Great Tusk|0 fnt\n|faint|p2a: Great Tusk\n|-end|p2a: Great Tusk|Protosynthesis|[silent]\n|\n|upkeep\n|\n|t:|1700714043\n|switch|p2a: Weavile|Weavile, M|100\/100\n|turn|4\n|\n|t:|1700714049\n|switch|p1a: Zamazenta|Zamazenta|100\/100\n|-ability|p1a: Zamazenta|Dauntless Shield|boost\n|-boost|p1a: Zamazenta|def|1\n|move|p2a: Weavile|Knock Off|p1a: Zamazenta\n|-resisted|p1a: Zamazenta\n|-damage|p1a: Zamazenta|83\/100\n|-enditem|p1a: Zamazenta|Leftovers|[from] move: Knock Off|[of] p2a: Weavile\n|\n|upkeep\n|turn|5\n|\n|t:|1700714057\n|switch|p1a: Hoopa|Hoopa-Unbound|100\/100\n|switch|p2a: Skeledirge|Skeledirge, F|91\/100\n|\n|upkeep\n|turn|6\n|\n|t:|1700714064\n|-terastallize|p2a: Skeledirge|Fairy\n|move|p1a: Hoopa|Hyperspace Fury|p2a: Skeledirge\n|-resisted|p2a: Skeledirge\n|-damage|p2a: Skeledirge|53\/100\n|-unboost|p1a: Hoopa|def|1\n|move|p2a: Skeledirge|Will-O-Wisp|p1a: Hoopa|[miss]\n|-miss|p2a: Skeledirge|p1a: Hoopa\n|\n|upkeep\n|turn|7\n|\n|t:|1700714072\n|move|p1a: Hoopa|Hyperspace Fury|p2a: Skeledirge\n|-resisted|p2a: Skeledirge\n|-damage|p2a: Skeledirge|18\/100\n|-unboost|p1a: Hoopa|def|1\n|move|p2a: Skeledirge|Torch Song|p1a: Hoopa\n|-damage|p1a: Hoopa|72\/100\n|-boost|p2a: Skeledirge|spa|1\n|\n|upkeep\n|turn|8\n|\n|t:|1700714077\n|move|p1a: Hoopa|Hyperspace Fury|p2a: Skeledirge\n|-resisted|p2a: Skeledirge\n|-damage|p2a: Skeledirge|0 fnt\n|-unboost|p1a: Hoopa|def|1\n|faint|p2a: Skeledirge\n|\n|upkeep\n|\n|t:|1700714080\n|switch|p2a: Scizor|Scizor, F|100\/100\n|turn|9\n|\n|t:|1700714084\n|switch|p1a: Zapdos|Zapdos|100\/100\n|move|p2a: Scizor|Swords Dance|p2a: Scizor\n|-boost|p2a: Scizor|atk|2\n|\n|upkeep\n|turn|10\n|\n|t:|1700714095\n|move|p1a: Zapdos|Heat Wave|p2a: Scizor\n|-supereffective|p2a: Scizor\n|-damage|p2a: Scizor|0 fnt\n|faint|p2a: Scizor\n|\n|upkeep\n|\n|t:|1700714098\n|switch|p2a: Weavile|Weavile, M|100\/100\n|turn|11\n|\n|t:|1700714104\n|switch|p2a: Ribombee|Ribombee, F|100\/100\n|switch|p1a: Iron Treads|Iron Treads|100\/100\n|\n|upkeep\n|turn|12\n|\n|t:|1700714108\n|move|p2a: Ribombee|Grass Knot|p1a: Iron Treads\n|-damage|p1a: Iron Treads|61\/100\n|move|p1a: Iron Treads|Volt Switch|p2a: Ribombee\n|-damage|p2a: Ribombee|81\/100\n|\n|t:|1700714113\n|-end|p1a: Iron Treads|Quark Drive|[silent]\n|switch|p1a: Hoopa|Hoopa-Unbound|72\/100|[from] Volt Switch\n|\n|upkeep\n|turn|13\n|\n|t:|1700714117\n|move|p2a: Ribombee|Moonblast|p1a: Hoopa\n|-supereffective|p1a: Hoopa\n|-damage|p1a: Hoopa|0 fnt\n|faint|p1a: Hoopa\n|\n|upkeep\n|\n|t:|1700714122\n|switch|p1a: Zapdos|Zapdos|100\/100\n|turn|14\n|\n|t:|1700714125\n|move|p2a: Ribombee|Moonblast|p1a: Zapdos\n|-damage|p1a: Zapdos|61\/100\n|-unboost|p1a: Zapdos|spa|1\n|move|p1a: Zapdos|Heat Wave|p2a: Ribombee|[miss]\n|-miss|p1a: Zapdos|p2a: Ribombee\n|\n|upkeep\n|turn|15\n|\n|t:|1700714133\n|-terastallize|p1a: Zapdos|Steel\n|move|p2a: Ribombee|Moonblast|p1a: Zapdos\n|-resisted|p1a: Zapdos\n|-damage|p1a: Zapdos|42\/100\n|move|p1a: Zapdos|Roost|p1a: Zapdos\n|-heal|p1a: Zapdos|92\/100\n|\n|upkeep\n|turn|16\n|\n|t:|1700714138\n|switch|p1a: Iron Treads|Iron Treads|61\/100\n|move|p2a: Ribombee|Stun Spore|p1a: Iron Treads\n|-status|p1a: Iron Treads|par\n|\n|-heal|p1a: Iron Treads|67\/100 par|[from] item: Leftovers\n|upkeep\n|turn|17\n|\n|t:|1700714142\n|move|p2a: Ribombee|Moonblast|p1a: Iron Treads\n|-resisted|p1a: Iron Treads\n|-damage|p1a: Iron Treads|41\/100 par\n|-unboost|p1a: Iron Treads|spa|1\n|cant|p1a: Iron Treads|par\n|\n|-heal|p1a: Iron Treads|48\/100 par|[from] item: Leftovers\n|upkeep\n|turn|18\n|\n|t:|1700714145\n|move|p2a: Ribombee|Grass Knot|p1a: Iron Treads\n|-damage|p1a: Iron Treads|8\/100 par\n|cant|p1a: Iron Treads|par\n|\n|-heal|p1a: Iron Treads|14\/100 par|[from] item: Leftovers\n|upkeep\n|turn|19\n|\n|t:|1700714148\n|move|p2a: Ribombee|Grass Knot|p1a: Iron Treads\n|-damage|p1a: Iron Treads|0 fnt\n|faint|p1a: Iron Treads\n|-end|p1a: Iron Treads|Quark Drive|[silent]\n|\n|upkeep\n|\n|t:|1700714150\n|switch|p1a: Enamorus|Enamorus, F|100\/100\n|turn|20\n|\n|t:|1700714153\n|move|p1a: Enamorus|Moonblast|p2a: Ribombee\n|-damage|p2a: Ribombee|0 fnt\n|faint|p2a: Ribombee\n|\n|upkeep\n|\n|t:|1700714156\n|switch|p2a: Munkidori|Munkidori, M|100\/100\n|turn|21\n|\n|t:|1700714168\n|switch|p1a: Slowking|Slowking-Galar, F|100\/100\n|move|p2a: Munkidori|Focus Blast|p1a: Slowking\n|-resisted|p1a: Slowking\n|-damage|p1a: Slowking|92\/100\n|-unboost|p1a: Slowking|spd|1\n|\n|upkeep\n|turn|22\n|\n|t:|1700714174\n|switch|p2a: Weavile|Weavile, M|100\/100\n|move|p1a: Slowking|Chilly Reception|p1a: Slowking\n|-weather|Snow\n|\n|t:|1700714179\n|switch|p1a: Enamorus|Enamorus, F|100\/100|[from] Chilly Reception\n|\n|-weather|Snow|[upkeep]\n|upkeep\n|turn|23\n|\n|t:|1700714183\n|move|p2a: Weavile|Ice Shard|p1a: Enamorus\n|-supereffective|p1a: Enamorus\n|-damage|p1a: Enamorus|0 fnt\n|faint|p1a: Enamorus\n|\n|-weather|Snow|[upkeep]\n|upkeep\n|\n|t:|1700714187\n|switch|p1a: Zapdos|Zapdos, tera:Steel|92\/100\n|turn|24\n|\n|t:|1700714190\n|switch|p2a: Munkidori|Munkidori, M|100\/100\n|move|p1a: Zapdos|Heat Wave|p2a: Munkidori|[miss]\n|-miss|p1a: Zapdos|p2a: Munkidori\n|\n|-weather|Snow|[upkeep]\n|upkeep\n|turn|25\n|\n|t:|1700714196\n|move|p2a: Munkidori|Future Sight|p1a: Zapdos\n|-start|p2a: Munkidori|move: Future Sight\n|move|p1a: Zapdos|Hurricane|p2a: Munkidori\n|-damage|p2a: Munkidori|47\/100\n|-start|p2a: Munkidori|confusion\n|\n|-weather|Snow|[upkeep]\n|upkeep\n|turn|26\n|\n|t:|1700714201\n|-activate|p2a: Munkidori|confusion\n|move|p2a: Munkidori|Future Sight||[still]\n|-fail|p2a: Munkidori\n|move|p1a: Zapdos|Hurricane|p2a: Munkidori|[miss]\n|-miss|p1a: Zapdos|p2a: Munkidori\n|\n|-weather|none\n|upkeep\n|turn|27\n|\n|t:|1700714206\n|-activate|p2a: Munkidori|confusion\n|move|p2a: Munkidori|Future Sight||[still]\n|-fail|p2a: Munkidori\n|move|p1a: Zapdos|Volt Switch|p2a: Munkidori\n|-damage|p2a: Munkidori|12\/100\n|\n|t:|1700714208\n|switch|p1a: Slowking|Slowking-Galar, F|100\/100|[from] Volt Switch\n|\n|-end|p1a: Slowking|move: Future Sight\n|-damage|p1a: Slowking|54\/100\n|upkeep\n|turn|28\n|\n|t:|1700714212\n|-activate|p2a: Munkidori|confusion\n|move|p2a: Munkidori|Future Sight|p1a: Slowking\n|-start|p2a: Munkidori|move: Future Sight\n|move|p1a: Slowking|Thunder Wave|p2a: Munkidori\n|-status|p2a: Munkidori|par\n|\n|upkeep\n|turn|29\n|\n|t:|1700714215\n|-end|p2a: Munkidori|confusion\n|move|p2a: Munkidori|Future Sight||[still]\n|-fail|p2a: Munkidori\n|move|p1a: Slowking|Chilly Reception|p1a: Slowking\n|-weather|Snow\n|\n|t:|1700714216\n|switch|p1a: Zamazenta|Zamazenta|83\/100|[from] Chilly Reception\n|\n|-weather|Snow|[upkeep]\n|upkeep\n|turn|30\n|\n|t:|1700714218\n|move|p1a: Zamazenta|Iron Defense|p1a: Zamazenta\n|-boost|p1a: Zamazenta|def|2\n|cant|p2a: Munkidori|par\n|\n|-weather|Snow|[upkeep]\n|-end|p1a: Zamazenta|move: Future Sight\n|-supereffective|p1a: Zamazenta\n|-damage|p1a: Zamazenta|0 fnt\n|faint|p1a: Zamazenta\n|upkeep\n|\n|t:|1700714220\n|switch|p1a: Zapdos|Zapdos, tera:Steel|92\/100\n|turn|31\n|\n|t:|1700714223\n|move|p1a: Zapdos|Heat Wave|p2a: Munkidori\n|-damage|p2a: Munkidori|0 fnt\n|faint|p2a: Munkidori\n|\n|-weather|Snow|[upkeep]\n|upkeep\n|\n|t:|1700714224\n|switch|p2a: Weavile|Weavile, M|100\/100\n|turn|32\n|\n|t:|1700714228\n|move|p2a: Weavile|Knock Off|p1a: Zapdos\n|-damage|p1a: Zapdos|23\/100\n|-enditem|p1a: Zapdos|Heavy-Duty Boots|[from] move: Knock Off|[of] p2a: Weavile\n|move|p1a: Zapdos|Heat Wave|p2a: Weavile\n|-supereffective|p2a: Weavile\n|-damage|p2a: Weavile|23\/100\n|\n|-weather|Snow|[upkeep]\n|upkeep\n|turn|33\n|\n|t:|1700714231\n|move|p2a: Weavile|Knock Off|p1a: Zapdos\n|-damage|p1a: Zapdos|0 fnt\n|-status|p2a: Weavile|par|[from] ability: Static|[of] p1a: Zapdos\n|faint|p1a: Zapdos\n|\n|-weather|none\n|upkeep\n|\n|t:|1700714233\n|switch|p1a: Slowking|Slowking-Galar, F|87\/100\n|turn|34\n|\n|t:|1700714234\n|cant|p2a: Weavile|par\n|move|p1a: Slowking|Chilly Reception|p1a: Slowking\n|-weather|Snow\n|\n|-weather|Snow|[upkeep]\n|upkeep\n|turn|35\n|\n|t:|1700714236\n|move|p2a: Weavile|Knock Off|p1a: Slowking\n|-supereffective|p1a: Slowking\n|-damage|p1a: Slowking|0 fnt\n|-enditem|p1a: Slowking|Heavy-Duty Boots|[from] move: Knock Off|[of] p2a: Weavile\n|faint|p1a: Slowking\n|\n|win|twinbayy\n|raw|Coach1515's rating: 1431 &rarr; <strong>1406<\/strong><br \/>(-25 for losing)\n|raw|twinbayy's rating: 1347 &rarr; <strong>1372<\/strong><br \/>(+25 for winning)\n","uploadtime":1700714247,"views":5,"p1id":"coach1515","p2id":"twinbayy","formatid":"gen9ou","rating":1372,"private":0,"password":""}