{"id":"gen9ou-1994360188","p1":"RendingScizor","p2":"Lucky Dae","format":"[Gen 9] OU","log":"|j|\u2606RendingScizor\n|j|\u2606Lucky Dae\n|t:|1700435043\n|gametype|singles\n|player|p1|RendingScizor|kieran-festival|1392\n|player|p2|Lucky Dae|backpacker|1430\n|teamsize|p1|6\n|teamsize|p2|6\n|gen|9\n|tier|[Gen 9] OU\n|rated|\n|rule|Sleep Clause Mod: Limit one foe put to sleep\n|rule|Species Clause: Limit one of each Pok\u00e9mon\n|rule|OHKO Clause: OHKO moves are banned\n|rule|Evasion Items Clause: Evasion items are banned\n|rule|Evasion Moves Clause: Evasion moves are banned\n|rule|Endless Battle Clause: Forcing endless battles is banned\n|rule|HP Percentage Mod: HP is shown in percentages\n|clearpoke\n|poke|p1|Ogerpon-Wellspring, F|\n|poke|p1|Kingambit, F|\n|poke|p1|Gholdengo|\n|poke|p1|Iron Moth|\n|poke|p1|Glimmora, M|\n|poke|p1|Samurott-Hisui, M|\n|poke|p2|Blissey, F|\n|poke|p2|Alomomola, M|\n|poke|p2|Great Tusk|\n|poke|p2|Dragonite, F|\n|poke|p2|Meowscarada, F|\n|poke|p2|Skeledirge, F|\n|teampreview\n|inactive|Battle timer is ON: inactive players will automatically lose when time's up. (requested by RendingScizor)\n|\n|t:|1700435054\n|start\n|switch|p1a: CoryxKenshin|Samurott-Hisui, M|100\/100\n|switch|p2a: Meowscarada|Meowscarada, F|100\/100\n|turn|1\n|\n|t:|1700435063\n|move|p2a: Meowscarada|Spikes|p1a: CoryxKenshin\n|-start|p2a: Meowscarada|typechange|Ground|[from] ability: Protean\n|-sidestart|p1: RendingScizor|Spikes\n|move|p1a: CoryxKenshin|Ceaseless Edge|p2a: Meowscarada\n|-damage|p2a: Meowscarada|30\/100\n|-sidestart|p2: Lucky Dae|Spikes\n|\n|upkeep\n|turn|2\n|\n|t:|1700435071\n|move|p1a: CoryxKenshin|Aqua Jet|p2a: Meowscarada\n|-supereffective|p2a: Meowscarada\n|-damage|p2a: Meowscarada|0 fnt\n|faint|p2a: Meowscarada\n|\n|upkeep\n|\n|t:|1700435079\n|switch|p2a: Dragonite|Dragonite, F|100\/100\n|turn|3\n|\n|t:|1700435098\n|move|p1a: CoryxKenshin|Ceaseless Edge|p2a: Dragonite\n|-damage|p2a: Dragonite|75\/100\n|-sidestart|p2: Lucky Dae|Spikes\n|move|p2a: Dragonite|Earthquake|p1a: CoryxKenshin\n|-damage|p1a: CoryxKenshin|55\/100\n|\n|-heal|p2a: Dragonite|81\/100|[from] item: Leftovers\n|upkeep\n|turn|4\n|\n|t:|1700435112\n|switch|p2a: Alomomola|Alomomola, M|100\/100\n|-damage|p2a: Alomomola|84\/100|[from] Spikes\n|move|p1a: CoryxKenshin|Aqua Cutter|p2a: Alomomola\n|-resisted|p2a: Alomomola\n|-damage|p2a: Alomomola|70\/100\n|\n|upkeep\n|turn|5\n|\n|t:|1700435121\n|move|p1a: CoryxKenshin|Ceaseless Edge|p2a: Alomomola|[miss]\n|-miss|p1a: CoryxKenshin|p2a: Alomomola\n|move|p2a: Alomomola|Wish|p2a: Alomomola\n|\n|upkeep\n|turn|6\n|\n|t:|1700435125\n|move|p1a: CoryxKenshin|Encore|p2a: Alomomola\n|-start|p2a: Alomomola|Encore\n|move|p2a: Alomomola|Wish||[still]\n|-fail|p2a: Alomomola\n|\n|-heal|p2a: Alomomola|100\/100|[from] move: Wish|[wisher] Alomomola\n|upkeep\n|turn|7\n|\n|t:|1700435131\n|move|p1a: CoryxKenshin|Ceaseless Edge|p2a: Alomomola|[miss]\n|-miss|p1a: CoryxKenshin|p2a: Alomomola\n|move|p2a: Alomomola|Wish|p2a: Alomomola\n|\n|upkeep\n|turn|8\n|\n|t:|1700435134\n|switch|p2a: Great Tusk|Great Tusk|100\/100\n|-damage|p2a: Great Tusk|84\/100|[from] Spikes\n|move|p1a: CoryxKenshin|Ceaseless Edge|p2a: Great Tusk\n|-resisted|p2a: Great Tusk\n|-damage|p2a: Great Tusk|70\/100\n|-sidestart|p2: Lucky Dae|Spikes\n|\n|-heal|p2a: Great Tusk|100\/100|[from] move: Wish|[wisher] Alomomola\n|upkeep\n|turn|9\n|\n|t:|1700435143\n|switch|p1a: Goldilocx|Gholdengo|100\/100\n|-item|p1a: Goldilocx|Air Balloon\n|-terastallize|p2a: Great Tusk|Fairy\n|move|p2a: Great Tusk|Rapid Spin|p1a: Goldilocx\n|-immune|p1a: Goldilocx\n|\n|upkeep\n|turn|10\n|\n|t:|1700435161\n|-end|p2a: Great Tusk|Protosynthesis|[silent]\n|switch|p2a: Blissey|Blissey, F|100\/100\n|move|p1a: Goldilocx|Shadow Ball|p2a: Blissey\n|-immune|p2a: Blissey\n|\n|upkeep\n|turn|11\n|\n|t:|1700435166\n|move|p1a: Goldilocx|Nasty Plot|p1a: Goldilocx\n|-boost|p1a: Goldilocx|spa|2\n|move|p2a: Blissey|Flamethrower|p1a: Goldilocx\n|-supereffective|p1a: Goldilocx\n|-damage|p1a: Goldilocx|62\/100\n|-enditem|p1a: Goldilocx|Air Balloon\n|\n|upkeep\n|turn|12\n|\n|t:|1700435173\n|move|p1a: Goldilocx|Psyshock|p2a: Blissey\n|-damage|p2a: Blissey|55\/100\n|move|p2a: Blissey|Flamethrower|p1a: Goldilocx\n|-supereffective|p1a: Goldilocx\n|-damage|p1a: Goldilocx|26\/100\n|\n|upkeep\n|turn|13\n|\n|t:|1700435180\n|switch|p2a: Skeledirge|Skeledirge, F|100\/100\n|-damage|p2a: Skeledirge|75\/100|[from] Spikes\n|move|p1a: Goldilocx|Psyshock|p2a: Skeledirge\n|-damage|p2a: Skeledirge|51\/100\n|\n|-heal|p2a: Skeledirge|57\/100|[from] item: Leftovers\n|upkeep\n|turn|14\n|\n|t:|1700435186\n|move|p1a: Goldilocx|Shadow Ball|p2a: Skeledirge\n|-supereffective|p2a: Skeledirge\n|-damage|p2a: Skeledirge|0 fnt\n|faint|p2a: Skeledirge\n|\n|upkeep\n|\n|t:|1700435189\n|switch|p2a: Dragonite|Dragonite, F|81\/100\n|turn|15\n|\n|t:|1700435195\n|move|p1a: Goldilocx|Dazzling Gleam|p2a: Dragonite\n|-supereffective|p2a: Dragonite\n|-damage|p2a: Dragonite|0 fnt\n|faint|p2a: Dragonite\n|\n|upkeep\n|-message|Lucky Dae forfeited.\n|\n|win|RendingScizor\n|raw|RendingScizor's rating: 1392 &rarr; <strong>1414<\/strong><br \/>(+22 for winning)\n|raw|Lucky Dae's rating: 1430 &rarr; <strong>1408<\/strong><br \/>(-22 for losing)\n|l|\u2606Lucky Dae\n|j| Mattattac\n","uploadtime":1700435208,"views":8,"p1id":"rendingscizor","p2id":"luckydae","formatid":"gen9ou","rating":1408,"private":0,"password":""}