{"id":"gen9ou-1996882799","p1":"ReaperOverwatch41","p2":"Tridecagram","format":"[Gen 9] OU","log":"|j|\u2606ReaperOverwatch41\n|j|\u2606Tridecagram\n|t:|1700739885\n|gametype|singles\n|player|p1|ReaperOverwatch41|170|1022\n|player|p2|Tridecagram|170|1017\n|teamsize|p1|6\n|teamsize|p2|6\n|gen|9\n|tier|[Gen 9] OU\n|rated|\n|rule|Sleep Clause Mod: Limit one foe put to sleep\n|rule|Species Clause: Limit one of each Pok\u00e9mon\n|rule|OHKO Clause: OHKO moves are banned\n|rule|Evasion Items Clause: Evasion items are banned\n|rule|Evasion Moves Clause: Evasion moves are banned\n|rule|Endless Battle Clause: Forcing endless battles is banned\n|rule|HP Percentage Mod: HP is shown in percentages\n|clearpoke\n|poke|p1|Ceruledge, M|\n|poke|p1|Kingambit, M|\n|poke|p1|Iron Valiant|\n|poke|p1|Rotom-Wash|\n|poke|p1|Ursaluna, M|\n|poke|p1|Torkoal, M|\n|poke|p2|Altaria, M|\n|poke|p2|Great Tusk|\n|poke|p2|Iron Moth|\n|poke|p2|Gholdengo|\n|poke|p2|Iron Valiant|\n|poke|p2|Kingambit, M|\n|teampreview\n|\n|t:|1700739893\n|start\n|switch|p1a: Iron Valiant|Iron Valiant|100\/100\n|switch|p2a: Altaria|Altaria, M, shiny|100\/100\n|-ability|p2a: Altaria|Cloud Nine\n|-enditem|p1a: Iron Valiant|Booster Energy\n|-activate|p1a: Iron Valiant|ability: Quark Drive|[fromitem]\n|-start|p1a: Iron Valiant|quarkdrivespe\n|turn|1\n|\n|t:|1700739907\n|-terastallize|p2a: Altaria|Fairy\n|move|p1a: Iron Valiant|Moonblast|p2a: Altaria\n|-crit|p2a: Altaria\n|-damage|p2a: Altaria|44\/100\n|-unboost|p2a: Altaria|spa|1\n|move|p2a: Altaria|Will-O-Wisp|p1a: Iron Valiant\n|-status|p1a: Iron Valiant|brn\n|\n|-damage|p1a: Iron Valiant|94\/100 brn|[from] brn\n|upkeep\n|turn|2\n|\n|t:|1700739919\n|move|p1a: Iron Valiant|Moonblast|p2a: Altaria\n|-damage|p2a: Altaria|6\/100\n|move|p2a: Altaria|Roost|p2a: Altaria\n|-heal|p2a: Altaria|56\/100\n|\n|-damage|p1a: Iron Valiant|88\/100 brn|[from] brn\n|upkeep\n|turn|3\n|\n|t:|1700739929\n|-end|p1a: Iron Valiant|Quark Drive|[silent]\n|switch|p1a: Kingambit|Kingambit, M|100\/100\n|move|p2a: Altaria|Roost|p2a: Altaria\n|-heal|p2a: Altaria|100\/100\n|\n|upkeep\n|turn|4\n|\n|t:|1700739935\n|move|p2a: Altaria|Will-O-Wisp|p1a: Kingambit\n|-status|p1a: Kingambit|brn\n|move|p1a: Kingambit|Iron Head|p2a: Altaria\n|-supereffective|p2a: Altaria\n|-damage|p2a: Altaria|60\/100\n|-damage|p1a: Kingambit|84\/100 brn|[from] item: Rocky Helmet|[of] p2a: Altaria\n|\n|-damage|p1a: Kingambit|78\/100 brn|[from] brn\n|upkeep\n|turn|5\n|\n|t:|1700739945\n|move|p2a: Altaria|Cotton Guard|p2a: Altaria\n|-boost|p2a: Altaria|def|3\n|move|p1a: Kingambit|Iron Head|p2a: Altaria\n|-supereffective|p2a: Altaria\n|-damage|p2a: Altaria|44\/100\n|-damage|p1a: Kingambit|61\/100 brn|[from] item: Rocky Helmet|[of] p2a: Altaria\n|\n|-damage|p1a: Kingambit|55\/100 brn|[from] brn\n|upkeep\n|turn|6\n|\n|t:|1700739960\n|-end|p1a: Kingambit|fallenundefined|[silent]\n|switch|p1a: Torkoal|Torkoal, M|100\/100\n|-weather|SunnyDay|[from] ability: Drought|[of] p1a: Torkoal\n|move|p2a: Altaria|Roost|p2a: Altaria\n|-heal|p2a: Altaria|94\/100\n|\n|-weather|SunnyDay|[upkeep]\n|upkeep\n|turn|7\n|\n|t:|1700739969\n|move|p2a: Altaria|Cotton Guard|p2a: Altaria\n|-boost|p2a: Altaria|def|3\n|move|p1a: Torkoal|Yawn|p2a: Altaria\n|-start|p2a: Altaria|move: Yawn|[of] p1a: Torkoal\n|\n|-weather|SunnyDay|[upkeep]\n|upkeep\n|turn|8\n|\n|t:|1700739977\n|move|p2a: Altaria|Moonblast|p1a: Torkoal\n|-resisted|p1a: Torkoal\n|-damage|p1a: Torkoal|90\/100\n|move|p1a: Torkoal|Stealth Rock|p2a: Altaria\n|-sidestart|p2: Tridecagram|move: Stealth Rock\n|\n|-weather|SunnyDay|[upkeep]\n|-end|p2a: Altaria|move: Yawn|[silent]\n|-status|p2a: Altaria|slp\n|upkeep\n|turn|9\n|\n|t:|1700740012\n|switch|p1a: Iron Valiant|Iron Valiant|88\/100 brn\n|cant|p2a: Altaria|slp\n|\n|-weather|SunnyDay|[upkeep]\n|-damage|p1a: Iron Valiant|82\/100 brn|[from] brn\n|upkeep\n|turn|10\n|\n|t:|1700740021\n|move|p1a: Iron Valiant|Moonblast|p2a: Altaria\n|-damage|p2a: Altaria|54\/100 slp\n|-curestatus|p2a: Altaria|slp|[msg]\n|move|p2a: Altaria|Roost|p2a: Altaria\n|-heal|p2a: Altaria|100\/100\n|\n|-weather|SunnyDay|[upkeep]\n|-damage|p1a: Iron Valiant|76\/100 brn|[from] brn\n|upkeep\n|turn|11\n|\n|t:|1700740031\n|move|p1a: Iron Valiant|Moonblast|p2a: Altaria\n|-damage|p2a: Altaria|64\/100\n|-unboost|p2a: Altaria|spa|1\n|move|p2a: Altaria|Moonblast|p1a: Iron Valiant\n|-supereffective|p1a: Iron Valiant\n|-damage|p1a: Iron Valiant|33\/100 brn\n|\n|-weather|SunnyDay|[upkeep]\n|-damage|p1a: Iron Valiant|27\/100 brn|[from] brn\n|upkeep\n|turn|12\n|\n|t:|1700740042\n|move|p1a: Iron Valiant|Moonblast|p2a: Altaria\n|-damage|p2a: Altaria|26\/100\n|move|p2a: Altaria|Roost|p2a: Altaria\n|-heal|p2a: Altaria|76\/100\n|\n|-weather|SunnyDay|[upkeep]\n|-damage|p1a: Iron Valiant|21\/100 brn|[from] brn\n|upkeep\n|turn|13\n|\n|t:|1700740051\n|move|p1a: Iron Valiant|Moonblast|p2a: Altaria\n|-damage|p2a: Altaria|36\/100\n|move|p2a: Altaria|Roost|p2a: Altaria\n|-heal|p2a: Altaria|86\/100\n|\n|-weather|none\n|-damage|p1a: Iron Valiant|15\/100 brn|[from] brn\n|upkeep\n|turn|14\n|\n|t:|1700740063\n|-end|p1a: Iron Valiant|Quark Drive|[silent]\n|switch|p1a: Rotom|Rotom-Wash|100\/100\n|move|p2a: Altaria|Moonblast|p1a: Rotom\n|-damage|p1a: Rotom|87\/100\n|\n|upkeep\n|turn|15\n|\n|t:|1700740073\n|move|p1a: Rotom|Will-O-Wisp|p2a: Altaria\n|-status|p2a: Altaria|brn\n|move|p2a: Altaria|Will-O-Wisp|p1a: Rotom\n|-status|p1a: Rotom|brn\n|\n|-damage|p1a: Rotom|80\/100 brn|[from] brn\n|-damage|p2a: Altaria|80\/100 brn|[from] brn\n|upkeep\n|turn|16\n|\n|t:|1700740086\n|move|p1a: Rotom|Hydro Pump|p2a: Altaria\n|-damage|p2a: Altaria|44\/100 brn\n|move|p2a: Altaria|Moonblast|p1a: Rotom\n|-damage|p1a: Rotom|67\/100 brn\n|\n|-damage|p1a: Rotom|61\/100 brn|[from] brn\n|-damage|p2a: Altaria|38\/100 brn|[from] brn\n|upkeep\n|turn|17\n|l|\u2606ReaperOverwatch41\n|player|p1|\n|j|\u2606ReaperOverwatch41\n|player|p1|ReaperOverwatch41|170\n|\n|t:|1700740146\n|move|p1a: Rotom|Hydro Pump|p2a: Altaria\n|-damage|p2a: Altaria|6\/100 brn\n|move|p2a: Altaria|Roost|p2a: Altaria\n|-heal|p2a: Altaria|56\/100 brn\n|\n|-damage|p1a: Rotom|55\/100 brn|[from] brn\n|-damage|p2a: Altaria|50\/100 brn|[from] brn\n|upkeep\n|turn|18\n|\n|t:|1700740161\n|move|p1a: Rotom|Hydro Pump|p2a: Altaria\n|-damage|p2a: Altaria|20\/100 brn\n|move|p2a: Altaria|Roost|p2a: Altaria\n|-heal|p2a: Altaria|70\/100 brn\n|\n|-damage|p1a: Rotom|49\/100 brn|[from] brn\n|-damage|p2a: Altaria|64\/100 brn|[from] brn\n|upkeep\n|-enditem|p1a: Rotom|Sitrus Berry|[eat]\n|-heal|p1a: Rotom|74\/100 brn|[from] item: Sitrus Berry\n|turn|19\n|\n|t:|1700740188\n|move|p1a: Rotom|Volt Switch|p2a: Altaria\n|-damage|p2a: Altaria|43\/100 brn\n|\n|t:|1700740231\n|switch|p1a: Torkoal|Torkoal, M|90\/100|[from] Volt Switch\n|-weather|SunnyDay|[from] ability: Drought|[of] p1a: Torkoal\n|move|p2a: Altaria|Moonblast|p1a: Torkoal\n|-resisted|p1a: Torkoal\n|-damage|p1a: Torkoal|81\/100\n|\n|-weather|SunnyDay|[upkeep]\n|-damage|p2a: Altaria|36\/100 brn|[from] brn\n|upkeep\n|turn|20\n|\n|t:|1700740243\n|move|p2a: Altaria|Moonblast|p1a: Torkoal\n|-resisted|p1a: Torkoal\n|-damage|p1a: Torkoal|73\/100\n|move|p1a: Torkoal|Eruption|p2a: Altaria\n|-damage|p2a: Altaria|8\/100 brn\n|\n|-weather|SunnyDay|[upkeep]\n|-damage|p2a: Altaria|2\/100 brn|[from] brn\n|upkeep\n|turn|21\n|\n|t:|1700740256\n|move|p2a: Altaria|Moonblast|p1a: Torkoal\n|-resisted|p1a: Torkoal\n|-damage|p1a: Torkoal|65\/100\n|-unboost|p1a: Torkoal|spa|1\n|move|p1a: Torkoal|Eruption|p2a: Altaria\n|-damage|p2a: Altaria|0 fnt\n|faint|p2a: Altaria\n|\n|-weather|SunnyDay|[upkeep]\n|upkeep\n|\n|t:|1700740277\n|switch|p2a: Great Tusk|Great Tusk, shiny|100\/100\n|-damage|p2a: Great Tusk|98\/100|[from] Stealth Rock\n|-activate|p2a: Great Tusk|ability: Protosynthesis\n|-start|p2a: Great Tusk|protosynthesisspe\n|turn|22\n|\n|t:|1700740287\n|switch|p1a: Rotom|Rotom-Wash|74\/100 brn\n|move|p2a: Great Tusk|Bulk Up|p2a: Great Tusk\n|-boost|p2a: Great Tusk|atk|1\n|-boost|p2a: Great Tusk|def|1\n|\n|-weather|SunnyDay|[upkeep]\n|-damage|p1a: Rotom|67\/100 brn|[from] brn\n|upkeep\n|turn|23\n|\n|t:|1700740298\n|move|p2a: Great Tusk|Close Combat|p1a: Rotom\n|-damage|p1a: Rotom|10\/100 brn\n|-unboost|p2a: Great Tusk|def|1\n|-unboost|p2a: Great Tusk|spd|1\n|move|p1a: Rotom|Hydro Pump|p2a: Great Tusk|[miss]\n|-miss|p1a: Rotom|p2a: Great Tusk\n|\n|-weather|SunnyDay|[upkeep]\n|-damage|p1a: Rotom|3\/100 brn|[from] brn\n|upkeep\n|turn|24\n|\n|t:|1700740314\n|move|p2a: Great Tusk|Ice Spinner|p1a: Rotom\n|-resisted|p1a: Rotom\n|-damage|p1a: Rotom|0 fnt\n|faint|p1a: Rotom\n|\n|-weather|SunnyDay|[upkeep]\n|upkeep\n|\n|t:|1700740321\n|switch|p1a: Iron Valiant|Iron Valiant|15\/100 brn\n|turn|25\n|\n|t:|1700740327\n|move|p2a: Great Tusk|Ice Spinner|p1a: Iron Valiant\n|-damage|p1a: Iron Valiant|0 fnt\n|faint|p1a: Iron Valiant\n|-end|p1a: Iron Valiant|Quark Drive|[silent]\n|\n|-weather|SunnyDay|[upkeep]\n|upkeep\n|\n|t:|1700740339\n|switch|p1a: Ceruledge|Ceruledge, M|100\/100\n|turn|26\n|\n|t:|1700740343\n|move|p2a: Great Tusk|Headlong Rush|p1a: Ceruledge\n|-supereffective|p1a: Ceruledge\n|-enditem|p1a: Ceruledge|Focus Sash\n|-damage|p1a: Ceruledge|1\/100\n|-unboost|p2a: Great Tusk|def|1\n|-unboost|p2a: Great Tusk|spd|1\n|-ability|p1a: Ceruledge|Weak Armor|boost\n|-unboost|p1a: Ceruledge|def|1\n|-boost|p1a: Ceruledge|spe|2\n|move|p1a: Ceruledge|Swords Dance|p1a: Ceruledge\n|-boost|p1a: Ceruledge|atk|2\n|\n|-weather|none\n|-end|p2a: Great Tusk|Protosynthesis\n|upkeep\n|-enditem|p2a: Great Tusk|Booster Energy\n|-activate|p2a: Great Tusk|ability: Protosynthesis|[fromitem]\n|-start|p2a: Great Tusk|protosynthesisatk\n|turn|27\n|\n|t:|1700740360\n|-terastallize|p1a: Ceruledge|Fire\n|move|p1a: Ceruledge|Bitter Blade|p2a: Great Tusk\n|-damage|p2a: Great Tusk|0 fnt\n|-heal|p1a: Ceruledge|73\/100|[from] drain|[of] p2a: Great Tusk\n|faint|p2a: Great Tusk\n|-end|p2a: Great Tusk|Protosynthesis|[silent]\n|\n|upkeep\n|\n|t:|1700740382\n|switch|p2a: Iron Valiant|Iron Valiant, shiny|100\/100\n|-damage|p2a: Iron Valiant|94\/100|[from] Stealth Rock\n|turn|28\n|\n|t:|1700740387\n|move|p1a: Ceruledge|Bitter Blade|p2a: Iron Valiant\n|-damage|p2a: Iron Valiant|0 fnt\n|-heal|p1a: Ceruledge|100\/100|[from] drain|[of] p2a: Iron Valiant\n|faint|p2a: Iron Valiant\n|-end|p2a: Iron Valiant|Quark Drive|[silent]\n|\n|upkeep\n|\n|t:|1700740397\n|switch|p2a: Gholdengo|Gholdengo, shiny|100\/100\n|-damage|p2a: Gholdengo|94\/100|[from] Stealth Rock\n|turn|29\n|\n|t:|1700740401\n|move|p1a: Ceruledge|Bitter Blade|p2a: Gholdengo\n|-supereffective|p2a: Gholdengo\n|-damage|p2a: Gholdengo|0 fnt\n|faint|p2a: Gholdengo\n|\n|upkeep\n|\n|t:|1700740406\n|switch|p2a: Iron Moth|Iron Moth, shiny|100\/100\n|-damage|p2a: Iron Moth|76\/100|[from] Stealth Rock\n|turn|30\n|\n|t:|1700740413\n|move|p1a: Ceruledge|Bitter Blade|p2a: Iron Moth\n|-resisted|p2a: Iron Moth\n|-damage|p2a: Iron Moth|0 fnt\n|faint|p2a: Iron Moth\n|-end|p2a: Iron Moth|Quark Drive|[silent]\n|\n|upkeep\n|\n|t:|1700740417\n|switch|p2a: Kingambit|Kingambit, M, shiny|100\/100\n|-damage|p2a: Kingambit|94\/100|[from] Stealth Rock\n|-activate|p2a: Kingambit|ability: Supreme Overlord\n|-start|p2a: Kingambit|fallen5|[silent]\n|turn|31\n|\n|t:|1700740427\n|move|p1a: Ceruledge|Bitter Blade|p2a: Kingambit\n|-supereffective|p2a: Kingambit\n|-damage|p2a: Kingambit|0 fnt\n|faint|p2a: Kingambit\n|-end|p2a: Kingambit|fallen5|[silent]\n|\n|win|ReaperOverwatch41\n|raw|ReaperOverwatch41's rating: 1022 &rarr; <strong>1058<\/strong><br \/>(+36 for winning)\n|raw|Tridecagram's rating: 1017 &rarr; <strong>1005<\/strong><br \/>(-12 for losing)\n","uploadtime":1700740435,"views":1,"p1id":"reaperoverwatch41","p2id":"tridecagram","formatid":"gen9ou","rating":1005,"private":0,"password":""}