{"id":"gen9ou-1992891602","p1":"Dragon-1357","p2":"Welcometoearth420","format":"[Gen 9] OU","log":"|j|\u2606Dragon-1357\n|j|\u2606Welcometoearth420\n|t:|1700244401\n|gametype|singles\n|player|p1|Dragon-1357|shadowtriad|1506\n|player|p2|Welcometoearth420|169|1522\n|teamsize|p1|6\n|teamsize|p2|6\n|gen|9\n|tier|[Gen 9] OU\n|rated|\n|rule|Sleep Clause Mod: Limit one foe put to sleep\n|rule|Species Clause: Limit one of each Pok\u00e9mon\n|rule|OHKO Clause: OHKO moves are banned\n|rule|Evasion Items Clause: Evasion items are banned\n|rule|Evasion Moves Clause: Evasion moves are banned\n|rule|Endless Battle Clause: Forcing endless battles is banned\n|rule|HP Percentage Mod: HP is shown in percentages\n|clearpoke\n|poke|p1|Empoleon, M|\n|poke|p1|Armarouge, M|\n|poke|p1|Corviknight, M|\n|poke|p1|Toxtricity, M|\n|poke|p1|Ninetales-Alola, F|\n|poke|p1|Garchomp, M|\n|poke|p2|Corviknight, M|\n|poke|p2|Dragapult, M|\n|poke|p2|Slowking-Galar, F|\n|poke|p2|Alomomola, F|\n|poke|p2|Iron Valiant|\n|poke|p2|Tornadus-Therian, M|\n|teampreview\n|\n|t:|1700244418\n|start\n|switch|p1a: Ninetales|Ninetales-Alola, F|100\/100\n|switch|p2a: Slowking|Slowking-Galar, F|100\/100\n|-weather|Snow|[from] ability: Snow Warning|[of] p1a: Ninetales\n|turn|1\n|\n|t:|1700244431\n|switch|p1a: Emperor|Empoleon, M|100\/100\n|move|p2a: Slowking|Thunder Wave|p1a: Emperor\n|-status|p1a: Emperor|par\n|\n|-weather|Snow|[upkeep]\n|upkeep\n|turn|2\n|\n|t:|1700244438\n|move|p1a: Emperor|Stealth Rock|p2a: Slowking\n|-sidestart|p2: Welcometoearth420|move: Stealth Rock\n|move|p2a: Slowking|Chilly Reception|p2a: Slowking\n|\n|t:|1700244449\n|switch|p2a: Tornadus|Tornadus-Therian, M|100\/100|[from] Chilly Reception\n|-damage|p2a: Tornadus|76\/100|[from] Stealth Rock\n|\n|-weather|Snow|[upkeep]\n|upkeep\n|turn|3\n|\n|t:|1700244457\n|move|p2a: Tornadus|Knock Off|p1a: Emperor\n|-damage|p1a: Emperor|86\/100 par\n|-enditem|p1a: Emperor|Leftovers|[from] move: Knock Off|[of] p2a: Tornadus\n|cant|p1a: Emperor|par\n|\n|-weather|Snow|[upkeep]\n|upkeep\n|turn|4\n|\n|t:|1700244467\n|move|p2a: Tornadus|Focus Blast|p1a: Emperor\n|-supereffective|p1a: Emperor\n|-damage|p1a: Emperor|28\/100 par\n|move|p1a: Emperor|Yawn|p2a: Tornadus\n|-start|p2a: Tornadus|move: Yawn|[of] p1a: Emperor\n|\n|-weather|Snow|[upkeep]\n|upkeep\n|turn|5\n|\n|t:|1700244474\n|move|p2a: Tornadus|U-turn|p1a: Emperor\n|-resisted|p1a: Emperor\n|-damage|p1a: Emperor|23\/100 par\n|\n|t:|1700244476\n|switch|p2a: Corviknight|Corviknight, M|100\/100|[from] U-turn\n|-damage|p2a: Corviknight|88\/100|[from] Stealth Rock\n|move|p1a: Emperor|Roost|p1a: Emperor\n|-heal|p1a: Emperor|73\/100 par\n|-singleturn|p1a: Emperor|move: Roost\n|\n|-weather|none\n|upkeep\n|turn|6\n|\n|t:|1700244487\n|switch|p1a: Ninetales|Ninetales-Alola, F|100\/100\n|-weather|Snow|[from] ability: Snow Warning|[of] p1a: Ninetales\n|move|p2a: Corviknight|Defog|p1a: Ninetales\n|-unboost|p1a: Ninetales|evasion|1\n|-sideend|p2: Welcometoearth420|Stealth Rock|[from] move: Defog|[of] p2a: Corviknight\n|\n|-weather|Snow|[upkeep]\n|upkeep\n|turn|7\n|\n|t:|1700244497\n|switch|p2a: Slowking|Slowking-Galar, F|100\/100\n|move|p1a: Ninetales|Aurora Veil|p1a: Ninetales\n|-sidestart|p1: Dragon-1357|move: Aurora Veil\n|\n|-weather|Snow|[upkeep]\n|upkeep\n|turn|8\n|\n|t:|1700244504\n|switch|p1a: Emperor|Empoleon, M|73\/100 par\n|move|p2a: Slowking|Future Sight|p1a: Emperor\n|-start|p2a: Slowking|move: Future Sight\n|\n|-weather|Snow|[upkeep]\n|upkeep\n|turn|9\n|\n|t:|1700244511\n|move|p1a: Emperor|Yawn|p2a: Slowking\n|-start|p2a: Slowking|move: Yawn|[of] p1a: Emperor\n|move|p2a: Slowking|Chilly Reception|p2a: Slowking\n|\n|t:|1700244515\n|switch|p2a: Corviknight|Corviknight, M|88\/100|[from] Chilly Reception\n|\n|-weather|Snow|[upkeep]\n|upkeep\n|turn|10\n|\n|t:|1700244521\n|move|p2a: Corviknight|Defog|p1a: Emperor\n|-unboost|p1a: Emperor|evasion|1\n|-ability|p1a: Emperor|Competitive|boost\n|-boost|p1a: Emperor|spa|2\n|-sideend|p1: Dragon-1357|move: Aurora Veil\n|move|p1a: Emperor|Stealth Rock|p2a: Corviknight\n|-sidestart|p2: Welcometoearth420|move: Stealth Rock\n|\n|-weather|none\n|-end|p1a: Emperor|move: Future Sight\n|-resisted|p1a: Emperor\n|-damage|p1a: Emperor|52\/100 par\n|upkeep\n|turn|11\n|\n|t:|1700244531\n|move|p2a: Corviknight|Body Press|p1a: Emperor\n|-supereffective|p1a: Emperor\n|-damage|p1a: Emperor|15\/100 par\n|cant|p1a: Emperor|par\n|\n|upkeep\n|turn|12\n|\n|t:|1700244544\n|switch|p1a: Toxtricity|Toxtricity, M|100\/100\n|move|p2a: Corviknight|Body Press|p1a: Toxtricity\n|-resisted|p1a: Toxtricity\n|-damage|p1a: Toxtricity|81\/100\n|\n|upkeep\n|turn|13\n|\n|t:|1700244551\n|switch|p2a: Slowking|Slowking-Galar, F|100\/100\n|move|p1a: Toxtricity|Overdrive|p2a: Slowking\n|-damage|p2a: Slowking|67\/100\n|\n|upkeep\n|turn|14\n|\n|t:|1700244557\n|-terastallize|p1a: Toxtricity|Normal\n|move|p1a: Toxtricity|Boomburst|p2a: Slowking\n|-damage|p2a: Slowking|2\/100\n|move|p2a: Slowking|Future Sight|p1a: Toxtricity\n|-start|p2a: Slowking|move: Future Sight\n|\n|upkeep\n|turn|15\n|\n|t:|1700244567\n|switch|p2a: Dragapult|Dragapult, M|100\/100\n|-damage|p2a: Dragapult|88\/100|[from] Stealth Rock\n|move|p1a: Toxtricity|Overdrive|p2a: Dragapult\n|-resisted|p2a: Dragapult\n|-damage|p2a: Dragapult|49\/100\n|\n|upkeep\n|turn|16\n|\n|t:|1700244575\n|switch|p1a: Corviknight|Corviknight, M|100\/100\n|-ability|p1a: Corviknight|Pressure\n|move|p2a: Dragapult|Draco Meteor|p1a: Corviknight\n|-resisted|p1a: Corviknight\n|-damage|p1a: Corviknight|72\/100\n|-unboost|p2a: Dragapult|spa|2\n|\n|-end|p1a: Corviknight|move: Future Sight\n|-resisted|p1a: Corviknight\n|-damage|p1a: Corviknight|56\/100\n|-heal|p1a: Corviknight|62\/100|[from] item: Leftovers\n|upkeep\n|turn|17\n|\n|t:|1700244587\n|switch|p2a: Alomomola|Alomomola, F|100\/100\n|move|p1a: Corviknight|Brave Bird|p2a: Alomomola\n|-damage|p2a: Alomomola|81\/100\n|-damage|p1a: Corviknight|53\/100|[from] Recoil\n|\n|-heal|p1a: Corviknight|60\/100|[from] item: Leftovers\n|upkeep\n|turn|18\n|\n|t:|1700244595\n|switch|p1a: Emperor|Empoleon, M|15\/100 par\n|move|p2a: Alomomola|Wish|p2a: Alomomola\n|\n|upkeep\n|turn|19\n|\n|t:|1700244603\n|move|p2a: Alomomola|Flip Turn|p1a: Emperor\n|-resisted|p1a: Emperor\n|-damage|p1a: Emperor|9\/100 par\n|\n|t:|1700244607\n|switch|p2a: Slowking|Slowking-Galar, F|36\/100|[from] Flip Turn\n|move|p1a: Emperor|Roost|p1a: Emperor\n|-heal|p1a: Emperor|59\/100 par\n|-singleturn|p1a: Emperor|move: Roost\n|\n|-heal|p2a: Slowking|100\/100|[from] move: Wish|[wisher] Alomomola\n|upkeep\n|turn|20\n|\n|t:|1700244621\n|cant|p1a: Emperor|par\n|move|p2a: Slowking|Chilly Reception|p2a: Slowking\n|-weather|Snow\n|\n|t:|1700244625\n|switch|p2a: Iron Valiant|Iron Valiant|100\/100|[from] Chilly Reception\n|-damage|p2a: Iron Valiant|94\/100|[from] Stealth Rock\n|-enditem|p2a: Iron Valiant|Booster Energy\n|-activate|p2a: Iron Valiant|ability: Quark Drive|[fromitem]\n|-start|p2a: Iron Valiant|quarkdrivespe\n|\n|-weather|Snow|[upkeep]\n|upkeep\n|turn|21\n|\n|t:|1700244636\n|switch|p1a: Ninetales|Ninetales-Alola, F|100\/100\n|move|p2a: Iron Valiant|Swords Dance|p2a: Iron Valiant\n|-boost|p2a: Iron Valiant|atk|2\n|\n|-weather|Snow|[upkeep]\n|upkeep\n|turn|22\n|\n|t:|1700244642\n|move|p2a: Iron Valiant|Close Combat|p1a: Ninetales\n|-crit|p1a: Ninetales\n|-damage|p1a: Ninetales|0 fnt\n|-unboost|p2a: Iron Valiant|def|1\n|-unboost|p2a: Iron Valiant|spd|1\n|faint|p1a: Ninetales\n|\n|-weather|Snow|[upkeep]\n|upkeep\n|\n|t:|1700244659\n|switch|p1a: Corviknight|Corviknight, M|60\/100\n|-ability|p1a: Corviknight|Pressure\n|turn|23\n|\n|t:|1700244663\n|move|p2a: Iron Valiant|Close Combat|p1a: Corviknight\n|-damage|p1a: Corviknight|0 fnt\n|-unboost|p2a: Iron Valiant|def|1\n|-unboost|p2a: Iron Valiant|spd|1\n|faint|p1a: Corviknight\n|\n|-weather|Snow|[upkeep]\n|upkeep\n|\n|t:|1700244673\n|switch|p1a: Armarouge|Armarouge, M|100\/100\n|turn|24\n|\n|t:|1700244678\n|move|p2a: Iron Valiant|Knock Off|p1a: Armarouge\n|-supereffective|p1a: Armarouge\n|-damage|p1a: Armarouge|0 fnt\n|-enditem|p1a: Armarouge|Assault Vest|[from] move: Knock Off|[of] p2a: Iron Valiant\n|faint|p1a: Armarouge\n|\n|-weather|none\n|upkeep\n|\n|t:|1700244686\n|switch|p1a: Toxtricity|Toxtricity, M, tera:Normal|81\/100\n|turn|25\n|c|\u2606Welcometoearth420|Assault vest armarouge?\n|\n|t:|1700244695\n|move|p2a: Iron Valiant|Close Combat|p1a: Toxtricity\n|-supereffective|p1a: Toxtricity\n|-damage|p1a: Toxtricity|0 fnt\n|-unboost|p2a: Iron Valiant|def|1\n|-unboost|p2a: Iron Valiant|spd|1\n|faint|p1a: Toxtricity\n|\n|upkeep\n|c|\u2606Dragon-1357|yeah thought it would be fun to try\n|\n|t:|1700244716\n|switch|p1a: Emperor|Empoleon, M|59\/100 par\n|turn|26\n|\n|t:|1700244738\n|move|p2a: Iron Valiant|Close Combat|p1a: Emperor\n|-supereffective|p1a: Emperor\n|-crit|p1a: Emperor\n|-damage|p1a: Emperor|0 fnt\n|-unboost|p2a: Iron Valiant|def|1\n|-unboost|p2a: Iron Valiant|spd|1\n|faint|p1a: Emperor\n|\n|upkeep\n|\n|t:|1700244745\n|switch|p1a: Best Dragon|Garchomp, M|100\/100\n|turn|27\n|c|\u2606Welcometoearth420|gg\n|\n|t:|1700244750\n|move|p2a: Iron Valiant|Spirit Break|p1a: Best Dragon\n|-supereffective|p1a: Best Dragon\n|-damage|p1a: Best Dragon|0 fnt\n|-damage|p2a: Iron Valiant|82\/100|[from] ability: Rough Skin|[of] p1a: Best Dragon\n|faint|p1a: Best Dragon\n|\n|win|Welcometoearth420\n|raw|Dragon-1357's rating: 1506 &rarr; <strong>1487<\/strong><br \/>(-19 for losing)\n|raw|Welcometoearth420's rating: 1522 &rarr; <strong>1541<\/strong><br \/>(+19 for winning)\n","uploadtime":1700244763,"views":10,"p1id":"dragon1357","p2id":"welcometoearth420","formatid":"gen9ou","rating":1487,"private":0,"password":""}