{"id":"gen9ou-1996466202","p1":"thunderdog_32","p2":"nathanie","format":"[Gen 9] OU","log":"|j|\u2606thunderdog_32\n|j|\u2606nathanie\n|t:|1700684733\n|gametype|singles\n|player|p1|thunderdog_32|2|1256\n|player|p2|nathanie|265|1308\n|teamsize|p1|6\n|teamsize|p2|6\n|gen|9\n|tier|[Gen 9] OU\n|rated|\n|rule|Sleep Clause Mod: Limit one foe put to sleep\n|rule|Species Clause: Limit one of each Pok\u00e9mon\n|rule|OHKO Clause: OHKO moves are banned\n|rule|Evasion Items Clause: Evasion items are banned\n|rule|Evasion Moves Clause: Evasion moves are banned\n|rule|Endless Battle Clause: Forcing endless battles is banned\n|rule|HP Percentage Mod: HP is shown in percentages\n|clearpoke\n|poke|p1|Landorus-Therian, M|\n|poke|p1|Heatran, M|\n|poke|p1|Ogerpon-Wellspring, F|\n|poke|p1|Zapdos|\n|poke|p1|Dragapult, M|\n|poke|p1|Ribombee, M|\n|poke|p2|Clefable, F|\n|poke|p2|Dragonite, F|\n|poke|p2|Greninja-*, M|\n|poke|p2|Rillaboom, F|\n|poke|p2|Slowking-Galar, F|\n|poke|p2|Cinderace, M|\n|teampreview\n|inactive|Battle timer is ON: inactive players will automatically lose when time's up. (requested by thunderdog_32)\n|\n|t:|1700684751\n|start\n|switch|p1a: Ogerpon|Ogerpon-Wellspring, F|100\/100\n|switch|p2a: Cinderace|Cinderace, M|100\/100\n|turn|1\n|\n|t:|1700684755\n|switch|p1a: Zapdos|Zapdos|100\/100\n|move|p2a: Cinderace|U-turn|p1a: Zapdos\n|-start|p2a: Cinderace|typechange|Bug|[from] ability: Libero\n|-resisted|p1a: Zapdos\n|-damage|p1a: Zapdos|85\/100\n|-status|p2a: Cinderace|par|[from] ability: Static|[of] p1a: Zapdos\n|\n|t:|1700684769\n|switch|p2a: Slowking|Slowking-Galar, F|100\/100|[from] U-turn\n|\n|upkeep\n|turn|2\n|\n|t:|1700684772\n|move|p1a: Zapdos|Volt Switch|p2a: Slowking\n|-damage|p2a: Slowking|85\/100\n|\n|t:|1700684775\n|switch|p1a: Landorus|Landorus-Therian, M|100\/100|[from] Volt Switch\n|-ability|p1a: Landorus|Intimidate|boost\n|-unboost|p2a: Slowking|atk|1\n|move|p2a: Slowking|Future Sight|p1a: Landorus\n|-start|p2a: Slowking|move: Future Sight\n|\n|upkeep\n|turn|3\n|\n|t:|1700684784\n|switch|p2a: Clefable|Clefable, F|100\/100\n|move|p1a: Landorus|Earthquake|p2a: Clefable\n|-damage|p2a: Clefable|61\/100\n|\n|-heal|p2a: Clefable|67\/100|[from] item: Leftovers\n|upkeep\n|turn|4\n|\n|t:|1700684791\n|switch|p1a: Heatran|Heatran, M|100\/100\n|move|p2a: Clefable|Thunder Wave|p1a: Heatran\n|-status|p1a: Heatran|par\n|\n|-end|p1a: Heatran|move: Future Sight\n|-resisted|p1a: Heatran\n|-damage|p1a: Heatran|81\/100 par\n|-heal|p2a: Clefable|73\/100|[from] item: Leftovers\n|-heal|p1a: Heatran|88\/100 par|[from] item: Leftovers\n|upkeep\n|turn|5\n|\n|t:|1700684801\n|switch|p2a: Slowking|Slowking-Galar, F|100\/100\n|cant|p1a: Heatran|par\n|\n|-heal|p1a: Heatran|94\/100 par|[from] item: Leftovers\n|upkeep\n|turn|6\n|\n|t:|1700684817\n|move|p1a: Heatran|Taunt|p2a: Slowking\n|-start|p2a: Slowking|move: Taunt\n|move|p2a: Slowking|Future Sight|p1a: Heatran\n|-start|p2a: Slowking|move: Future Sight\n|\n|-heal|p1a: Heatran|99\/100 par|[from] item: Leftovers\n|upkeep\n|turn|7\n|\n|t:|1700684822\n|switch|p2a: Cinderace|Cinderace, M|100\/100 par\n|move|p1a: Heatran|Magma Storm|p2a: Cinderace\n|-resisted|p2a: Cinderace\n|-damage|p2a: Cinderace|68\/100 par\n|-activate|p2a: Cinderace|move: Magma Storm|[of] p1a: Heatran\n|\n|-heal|p1a: Heatran|100\/100 par|[from] item: Leftovers\n|-damage|p2a: Cinderace|55\/100 par|[from] move: Magma Storm|[partiallytrapped]\n|upkeep\n|turn|8\n|\n|t:|1700684829\n|move|p2a: Cinderace|U-turn|p1a: Heatran\n|-start|p2a: Cinderace|typechange|Bug|[from] ability: Libero\n|-resisted|p1a: Heatran\n|-damage|p1a: Heatran|93\/100 par\n|\n|t:|1700684832\n|switch|p2a: Clefable|Clefable, F|73\/100|[from] U-turn\n|move|p1a: Heatran|Earth Power|p2a: Clefable\n|-damage|p2a: Clefable|49\/100\n|\n|-end|p1a: Heatran|move: Future Sight\n|-resisted|p1a: Heatran\n|-damage|p1a: Heatran|75\/100 par\n|-heal|p2a: Clefable|56\/100|[from] item: Leftovers\n|-heal|p1a: Heatran|81\/100 par|[from] item: Leftovers\n|upkeep\n|turn|9\n|\n|t:|1700684840\n|move|p2a: Clefable|Knock Off|p1a: Heatran\n|-damage|p1a: Heatran|69\/100 par\n|-enditem|p1a: Heatran|Leftovers|[from] move: Knock Off|[of] p2a: Clefable\n|move|p1a: Heatran|Taunt|p2a: Clefable\n|-start|p2a: Clefable|move: Taunt\n|\n|-heal|p2a: Clefable|62\/100|[from] item: Leftovers\n|upkeep\n|turn|10\n|\n|t:|1700684849\n|switch|p2a: Dragonite|Dragonite, F|100\/100\n|move|p1a: Heatran|Magma Storm|p2a: Dragonite|[miss]\n|-miss|p1a: Heatran|p2a: Dragonite\n|\n|upkeep\n|turn|11\n|\n|t:|1700684854\n|switch|p1a: Landorus|Landorus-Therian, M|100\/100\n|-ability|p1a: Landorus|Intimidate|boost\n|-unboost|p2a: Dragonite|atk|1\n|move|p2a: Dragonite|Dragon Dance|p2a: Dragonite\n|-boost|p2a: Dragonite|atk|1\n|-boost|p2a: Dragonite|spe|1\n|\n|upkeep\n|turn|12\n|\n|t:|1700684858\n|move|p2a: Dragonite|Dragon Dance|p2a: Dragonite\n|-boost|p2a: Dragonite|atk|1\n|-boost|p2a: Dragonite|spe|1\n|move|p1a: Landorus|Smack Down|p2a: Dragonite\n|-supereffective|p2a: Dragonite\n|-damage|p2a: Dragonite|79\/100\n|-start|p2a: Dragonite|Smack Down\n|\n|upkeep\n|turn|13\n|\n|t:|1700684873\n|-terastallize|p2a: Dragonite|Normal\n|move|p2a: Dragonite|Dragon Dance|p2a: Dragonite\n|-boost|p2a: Dragonite|atk|1\n|-boost|p2a: Dragonite|spe|1\n|move|p1a: Landorus|Earthquake|p2a: Dragonite\n|-damage|p2a: Dragonite|14\/100\n|\n|upkeep\n|turn|14\n|\n|t:|1700684890\n|-terastallize|p1a: Landorus|Ghost\n|move|p2a: Dragonite|Extreme Speed|p1a: Landorus\n|-immune|p1a: Landorus\n|move|p1a: Landorus|Earthquake|p2a: Dragonite\n|-damage|p2a: Dragonite|0 fnt\n|faint|p2a: Dragonite\n|\n|upkeep\n|\n|t:|1700684899\n|switch|p2a: Greninja|Greninja, M|100\/100\n|turn|15\n|\n|t:|1700684910\n|move|p2a: Greninja|Dark Pulse|p1a: Landorus\n|-supereffective|p1a: Landorus\n|-damage|p1a: Landorus|0 fnt\n|faint|p1a: Landorus\n|-ability|p2a: Greninja|Battle Bond|boost\n|-boost|p2a: Greninja|atk|1\n|-boost|p2a: Greninja|spa|1\n|-boost|p2a: Greninja|spe|1\n|-activate|p2a: Greninja|ability: Battle Bond\n|\n|upkeep\n|\n|t:|1700684914\n|switch|p1a: Ribombee|Ribombee, M|100\/100\n|turn|16\n|\n|t:|1700684920\n|move|p2a: Greninja|Water Shuriken|p1a: Ribombee\n|-damage|p1a: Ribombee|84\/100\n|-damage|p1a: Ribombee|64\/100\n|-hitcount|p1a: Ribombee|2\n|move|p1a: Ribombee|Moonblast|p2a: Greninja\n|-supereffective|p2a: Greninja\n|-damage|p2a: Greninja|0 fnt\n|faint|p2a: Greninja\n|\n|upkeep\n|\n|t:|1700684930\n|switch|p2a: Slowking|Slowking-Galar, F|100\/100\n|turn|17\n|\n|t:|1700684937\n|switch|p1a: Heatran|Heatran, M|69\/100 par\n|move|p2a: Slowking|Sludge Bomb|p1a: Heatran\n|-immune|p1a: Heatran\n|\n|upkeep\n|turn|18\n|\n|t:|1700684947\n|switch|p2a: Clefable|Clefable, F|62\/100\n|move|p1a: Heatran|Taunt|p2a: Clefable\n|-start|p2a: Clefable|move: Taunt\n|\n|-heal|p2a: Clefable|68\/100|[from] item: Leftovers\n|upkeep\n|turn|19\n|\n|t:|1700684958\n|switch|p2a: Slowking|Slowking-Galar, F|100\/100\n|cant|p1a: Heatran|par\n|\n|upkeep\n|turn|20\n|\n|t:|1700684965\n|move|p1a: Heatran|Taunt|p2a: Slowking\n|-start|p2a: Slowking|move: Taunt\n|move|p2a: Slowking|Future Sight|p1a: Heatran\n|-start|p2a: Slowking|move: Future Sight\n|\n|upkeep\n|turn|21\n|\n|t:|1700684971\n|switch|p2a: Cinderace|Cinderace, M|55\/100 par\n|cant|p1a: Heatran|par\n|\n|upkeep\n|turn|22\n|\n|t:|1700684983\n|switch|p1a: Zapdos|Zapdos|85\/100\n|move|p2a: Cinderace|Sucker Punch||[still]\n|-fail|p2a: Cinderace\n|\n|-end|p1a: Zapdos|move: Future Sight\n|-damage|p1a: Zapdos|27\/100\n|upkeep\n|turn|23\n|\n|t:|1700684989\n|move|p1a: Zapdos|Roost|p1a: Zapdos\n|-heal|p1a: Zapdos|77\/100\n|-singleturn|p1a: Zapdos|move: Roost\n|move|p2a: Cinderace|Pyro Ball|p1a: Zapdos\n|-damage|p1a: Zapdos|26\/100\n|\n|upkeep\n|turn|24\n|\n|t:|1700684994\n|move|p1a: Zapdos|Volt Switch|p2a: Cinderace\n|-damage|p2a: Cinderace|12\/100 par\n|\n|t:|1700684998\n|switch|p1a: Heatran|Heatran, M|69\/100 par|[from] Volt Switch\n|cant|p2a: Cinderace|par\n|\n|upkeep\n|turn|25\n|\n|t:|1700685006\n|switch|p2a: Rillaboom|Rillaboom, F|100\/100\n|-fieldstart|move: Grassy Terrain|[from] ability: Grassy Surge|[of] p2a: Rillaboom\n|cant|p1a: Heatran|par\n|\n|-heal|p1a: Heatran|75\/100 par|[from] Grassy Terrain\n|upkeep\n|turn|26\n|\n|t:|1700685020\n|move|p2a: Rillaboom|Knock Off|p1a: Heatran\n|-damage|p1a: Heatran|47\/100 par\n|move|p1a: Heatran|Magma Storm|p2a: Rillaboom\n|-supereffective|p2a: Rillaboom\n|-damage|p2a: Rillaboom|0 fnt\n|faint|p2a: Rillaboom\n|\n|-heal|p1a: Heatran|53\/100 par|[from] Grassy Terrain\n|upkeep\n|\n|t:|1700685043\n|switch|p2a: Slowking|Slowking-Galar, F|100\/100\n|turn|27\n|\n|t:|1700685046\n|move|p1a: Heatran|Taunt|p2a: Slowking\n|-start|p2a: Slowking|move: Taunt\n|move|p2a: Slowking|Future Sight|p1a: Heatran\n|-start|p2a: Slowking|move: Future Sight\n|\n|-heal|p1a: Heatran|59\/100 par|[from] Grassy Terrain\n|upkeep\n|turn|28\n|\n|t:|1700685053\n|switch|p1a: Ogerpon|Ogerpon-Wellspring, F|100\/100\n|move|p2a: Slowking|Psyshock|p1a: Ogerpon\n|-damage|p1a: Ogerpon|48\/100\n|\n|-heal|p1a: Ogerpon|54\/100|[from] Grassy Terrain\n|upkeep\n|turn|29\n|\n|t:|1700685067\n|switch|p2a: Cinderace|Cinderace, M|12\/100 par\n|move|p1a: Ogerpon|U-turn|p2a: Cinderace\n|-resisted|p2a: Cinderace\n|-damage|p2a: Cinderace|0 fnt\n|faint|p2a: Cinderace\n|\n|t:|1700685074\n|switch|p1a: Dragapult|Dragapult, M|100\/100|[from] U-turn\n|\n|-end|p1a: Dragapult|move: Future Sight\n|-damage|p1a: Dragapult|13\/100\n|-heal|p1a: Dragapult|19\/100|[from] Grassy Terrain\n|-fieldend|move: Grassy Terrain\n|upkeep\n|\n|t:|1700685081\n|switch|p2a: Clefable|Clefable, F|68\/100\n|turn|30\n|\n|t:|1700685087\n|move|p1a: Dragapult|Shadow Ball|p2a: Clefable\n|-damage|p2a: Clefable|15\/100\n|move|p2a: Clefable|Moonlight|p2a: Clefable\n|-heal|p2a: Clefable|65\/100\n|\n|-heal|p2a: Clefable|71\/100|[from] item: Leftovers\n|upkeep\n|turn|31\n|\n|t:|1700685104\n|move|p1a: Dragapult|Shadow Ball|p2a: Clefable\n|-crit|p2a: Clefable\n|-damage|p2a: Clefable|0 fnt\n|faint|p2a: Clefable\n|\n|upkeep\n|\n|t:|1700685106\n|switch|p2a: Slowking|Slowking-Galar, F|100\/100\n|turn|32\n|\n|t:|1700685111\n|move|p1a: Dragapult|Shadow Ball|p2a: Slowking\n|-supereffective|p2a: Slowking\n|-damage|p2a: Slowking|43\/100\n|-unboost|p2a: Slowking|spd|1\n|move|p2a: Slowking|Psyshock|p1a: Dragapult\n|-damage|p1a: Dragapult|0 fnt\n|faint|p1a: Dragapult\n|\n|upkeep\n|\n|t:|1700685117\n|switch|p1a: Heatran|Heatran, M|59\/100 par\n|turn|33\n|\n|t:|1700685120\n|move|p1a: Heatran|Earth Power|p2a: Slowking\n|-supereffective|p2a: Slowking\n|-damage|p2a: Slowking|3\/100\n|move|p2a: Slowking|Future Sight|p1a: Heatran\n|-start|p2a: Slowking|move: Future Sight\n|\n|upkeep\n|turn|34\n|c|\u2606thunderdog_32|ggs son\n|\n|t:|1700685126\n|move|p1a: Heatran|Earth Power|p2a: Slowking\n|-supereffective|p2a: Slowking\n|-damage|p2a: Slowking|0 fnt\n|faint|p2a: Slowking\n|\n|win|thunderdog_32\n|raw|thunderdog_32's rating: 1256 &rarr; <strong>1285<\/strong><br \/>(+29 for winning)\n|raw|nathanie's rating: 1308 &rarr; <strong>1285<\/strong><br \/>(-23 for losing)\n|l|\u2606nathanie\n","uploadtime":1700685130,"views":13,"p1id":"thunderdog32","p2id":"nathanie","formatid":"gen9ou","rating":1285,"private":0,"password":""}