{"id":"gen9ou-1990546613","p1":"ToastyCaesar","p2":"DiffusedTurtle","format":"[Gen 9] OU","log":"|j|\u2606ToastyCaesar\n|j|\u2606DiffusedTurtle\n|t:|1699980369\n|gametype|singles\n|player|p1|ToastyCaesar|cynthia|1495\n|player|p2|DiffusedTurtle|musician|1588\n|teamsize|p1|6\n|teamsize|p2|6\n|gen|9\n|tier|[Gen 9] OU\n|rated|\n|rule|Sleep Clause Mod: Limit one foe put to sleep\n|rule|Species Clause: Limit one of each Pok\u00e9mon\n|rule|OHKO Clause: OHKO moves are banned\n|rule|Evasion Items Clause: Evasion items are banned\n|rule|Evasion Moves Clause: Evasion moves are banned\n|rule|Endless Battle Clause: Forcing endless battles is banned\n|rule|HP Percentage Mod: HP is shown in percentages\n|clearpoke\n|poke|p1|Dragapult, F|\n|poke|p1|Gholdengo|\n|poke|p1|Dragonite, F|\n|poke|p1|Landorus-Therian, M|\n|poke|p1|Kingambit, F|\n|poke|p1|Rotom-Wash|\n|poke|p2|Ceruledge, M|\n|poke|p2|Cinderace, F|\n|poke|p2|Ninetales-Alola, F|\n|poke|p2|Manaphy|\n|poke|p2|Samurott-Hisui, F|\n|poke|p2|Zamazenta-*|\n|teampreview\n|inactive|Battle timer is ON: inactive players will automatically lose when time's up. (requested by DiffusedTurtle)\n|inactive|ToastyCaesar also wants the timer to be on.\n|\n|t:|1699980386\n|start\n|switch|p1a: Gholdengo|Gholdengo|100\/100\n|switch|p2a: number five|Samurott-Hisui, F|100\/100\n|turn|1\n|\n|t:|1699980392\n|move|p1a: Gholdengo|Focus Blast|p2a: number five\n|-supereffective|p2a: number five\n|-crit|p2a: number five\n|-enditem|p2a: number five|Focus Sash\n|-damage|p2a: number five|1\/100\n|move|p2a: number five|Ceaseless Edge|p1a: Gholdengo|[miss]\n|-miss|p2a: number five|p1a: Gholdengo\n|\n|upkeep\n|turn|2\n|\n|t:|1699980401\n|move|p2a: number five|Sucker Punch|p1a: Gholdengo\n|-supereffective|p1a: Gholdengo\n|-damage|p1a: Gholdengo|31\/100\n|move|p1a: Gholdengo|Focus Blast|p2a: number five\n|-supereffective|p2a: number five\n|-damage|p2a: number five|0 fnt\n|faint|p2a: number five\n|\n|upkeep\n|\n|t:|1699980407\n|switch|p2a: you are my fire|Ceruledge, M|100\/100\n|turn|3\n|\n|t:|1699980411\n|switch|p1a: Landorus|Landorus-Therian, M|100\/100\n|-ability|p1a: Landorus|Intimidate|boost\n|-unboost|p2a: you are my fire|atk|1\n|move|p2a: you are my fire|Swords Dance|p2a: you are my fire\n|-boost|p2a: you are my fire|atk|2\n|\n|upkeep\n|turn|4\n|\n|t:|1699980421\n|move|p2a: you are my fire|Swords Dance|p2a: you are my fire\n|-boost|p2a: you are my fire|atk|2\n|move|p1a: Landorus|Earthquake|p2a: you are my fire\n|-supereffective|p2a: you are my fire\n|-enditem|p2a: you are my fire|Focus Sash\n|-damage|p2a: you are my fire|1\/100\n|-ability|p2a: you are my fire|Weak Armor|boost\n|-unboost|p2a: you are my fire|def|1\n|-boost|p2a: you are my fire|spe|2\n|\n|upkeep\n|turn|5\n|\n|t:|1699980432\n|-terastallize|p1a: Landorus|Water\n|move|p2a: you are my fire|Bitter Blade|p1a: Landorus\n|-resisted|p1a: Landorus\n|-damage|p1a: Landorus|56\/100\n|-heal|p2a: you are my fire|30\/100|[from] drain|[of] p1a: Landorus\n|-damage|p2a: you are my fire|14\/100|[from] item: Rocky Helmet|[of] p1a: Landorus\n|move|p1a: Landorus|Earthquake|p2a: you are my fire\n|-supereffective|p2a: you are my fire\n|-damage|p2a: you are my fire|0 fnt\n|faint|p2a: you are my fire\n|\n|upkeep\n|\n|t:|1699980443\n|switch|p2a: believe when i say|Ninetales-Alola, F|100\/100\n|-weather|Snow|[from] ability: Snow Warning|[of] p2a: believe when i say\n|turn|6\n|\n|t:|1699980449\n|move|p2a: believe when i say|Freeze-Dry|p1a: Landorus\n|-supereffective|p1a: Landorus\n|-damage|p1a: Landorus|13\/100\n|move|p1a: Landorus|Stealth Rock|p2a: believe when i say\n|-sidestart|p2: DiffusedTurtle|move: Stealth Rock\n|\n|-weather|Snow|[upkeep]\n|upkeep\n|turn|7\n|\n|t:|1699980457\n|switch|p1a: Gholdengo|Gholdengo|31\/100\n|move|p2a: believe when i say|Freeze-Dry|p1a: Gholdengo\n|-resisted|p1a: Gholdengo\n|-damage|p1a: Gholdengo|20\/100\n|\n|-weather|Snow|[upkeep]\n|upkeep\n|turn|8\n|\n|t:|1699980461\n|switch|p2a: i want it that way|Manaphy|100\/100\n|-damage|p2a: i want it that way|88\/100|[from] Stealth Rock\n|move|p1a: Gholdengo|Make It Rain|p2a: i want it that way\n|-resisted|p2a: i want it that way\n|-crit|p2a: i want it that way\n|-damage|p2a: i want it that way|45\/100\n|-unboost|p1a: Gholdengo|spa|1\n|\n|-weather|Snow|[upkeep]\n|-heal|p2a: i want it that way|51\/100|[from] item: Leftovers\n|upkeep\n|turn|9\n|\n|t:|1699980469\n|switch|p1a: Dragapult|Dragapult, F|100\/100\n|switch|p2a: my one desire|Cinderace, F|100\/100\n|\n|-weather|Snow|[upkeep]\n|upkeep\n|turn|10\n|\n|t:|1699980474\n|switch|p1a: Landorus|Landorus-Therian, M, tera:Water|13\/100\n|-ability|p1a: Landorus|Intimidate|boost\n|-unboost|p2a: my one desire|atk|1\n|switch|p2a: believe when i say|Ninetales-Alola, F|100\/100\n|-damage|p2a: believe when i say|76\/100|[from] Stealth Rock\n|\n|-weather|none\n|upkeep\n|turn|11\n|\n|t:|1699980486\n|move|p2a: believe when i say|Freeze-Dry|p1a: Landorus\n|-supereffective|p1a: Landorus\n|-damage|p1a: Landorus|0 fnt\n|faint|p1a: Landorus\n|\n|upkeep\n|\n|t:|1699980491\n|switch|p1a: Gholdengo|Gholdengo|20\/100\n|turn|12\n|\n|t:|1699980494\n|switch|p2a: my one desire|Cinderace, F|100\/100\n|move|p1a: Gholdengo|Make It Rain|p2a: my one desire\n|-resisted|p2a: my one desire\n|-damage|p2a: my one desire|63\/100\n|-unboost|p1a: Gholdengo|spa|1\n|\n|upkeep\n|turn|13\n|\n|t:|1699980505\n|switch|p1a: Rotom|Rotom-Wash|100\/100\n|move|p2a: my one desire|Court Change|p2a: my one desire\n|-swapsideconditions\n|-activate|p2a: my one desire|move: Court Change\n|\n|upkeep\n|turn|14\n|\n|t:|1699980510\n|move|p2a: my one desire|U-turn|p1a: Rotom\n|-damage|p1a: Rotom|82\/100\n|\n|t:|1699980513\n|switch|p2a: believe when i say|Ninetales-Alola, F|76\/100|[from] U-turn\n|-weather|Snow|[from] ability: Snow Warning|[of] p2a: believe when i say\n|move|p1a: Rotom|Thunder Wave|p2a: believe when i say\n|-status|p2a: believe when i say|par\n|\n|-weather|Snow|[upkeep]\n|-heal|p1a: Rotom|88\/100|[from] item: Leftovers\n|upkeep\n|turn|15\n|\n|t:|1699980524\n|move|p1a: Rotom|Shadow Ball|p2a: believe when i say\n|-damage|p2a: believe when i say|58\/100 par\n|move|p2a: believe when i say|Aurora Veil|p2a: believe when i say\n|-sidestart|p2: DiffusedTurtle|move: Aurora Veil\n|\n|-weather|Snow|[upkeep]\n|-heal|p1a: Rotom|95\/100|[from] item: Leftovers\n|upkeep\n|turn|16\n|\n|t:|1699980531\n|move|p1a: Rotom|Shadow Ball|p2a: believe when i say\n|-damage|p2a: believe when i say|49\/100 par\n|-unboost|p2a: believe when i say|spd|1\n|move|p2a: believe when i say|Freeze-Dry|p1a: Rotom\n|-supereffective|p1a: Rotom\n|-damage|p1a: Rotom|62\/100\n|\n|-weather|Snow|[upkeep]\n|-heal|p1a: Rotom|69\/100|[from] item: Leftovers\n|upkeep\n|turn|17\n|\n|t:|1699980540\n|move|p1a: Rotom|Hydro Pump|p2a: believe when i say\n|-damage|p2a: believe when i say|21\/100 par\n|move|p2a: believe when i say|Freeze-Dry|p1a: Rotom\n|-supereffective|p1a: Rotom\n|-damage|p1a: Rotom|36\/100\n|\n|-weather|Snow|[upkeep]\n|-heal|p1a: Rotom|43\/100|[from] item: Leftovers\n|upkeep\n|turn|18\n|\n|t:|1699980548\n|move|p1a: Rotom|Hydro Pump|p2a: believe when i say\n|-damage|p2a: believe when i say|0 fnt\n|faint|p2a: believe when i say\n|\n|-weather|none\n|-heal|p1a: Rotom|49\/100|[from] item: Leftovers\n|upkeep\n|\n|t:|1699980553\n|switch|p2a: tell me why|Zamazenta|100\/100\n|-ability|p2a: tell me why|Dauntless Shield|boost\n|-boost|p2a: tell me why|def|1\n|turn|19\n|\n|t:|1699980556\n|move|p2a: tell me why|Substitute|p2a: tell me why\n|-start|p2a: tell me why|Substitute\n|-damage|p2a: tell me why|76\/100\n|move|p1a: Rotom|Volt Switch|p2a: tell me why\n|-activate|p2a: tell me why|move: Substitute|[damage]\n|\n|t:|1699980570\n|switch|p1a: Gholdengo|Gholdengo|20\/100|[from] Volt Switch\n|-damage|p1a: Gholdengo|14\/100|[from] Stealth Rock\n|\n|-heal|p2a: tell me why|82\/100|[from] item: Leftovers\n|upkeep\n|turn|20\n|\n|t:|1699980575\n|move|p1a: Gholdengo|Shadow Ball|p2a: tell me why\n|-end|p2a: tell me why|Substitute\n|move|p2a: tell me why|Crunch|p1a: Gholdengo\n|-supereffective|p1a: Gholdengo\n|-damage|p1a: Gholdengo|0 fnt\n|faint|p1a: Gholdengo\n|\n|-heal|p2a: tell me why|88\/100|[from] item: Leftovers\n|upkeep\n|\n|t:|1699980582\n|switch|p1a: Dragapult|Dragapult, F|100\/100\n|-damage|p1a: Dragapult|88\/100|[from] Stealth Rock\n|turn|21\n|\n|t:|1699980586\n|-terastallize|p2a: tell me why|Steel\n|move|p1a: Dragapult|Will-O-Wisp|p2a: tell me why\n|-status|p2a: tell me why|brn\n|move|p2a: tell me why|Crunch|p1a: Dragapult\n|-supereffective|p1a: Dragapult\n|-damage|p1a: Dragapult|54\/100\n|\n|-heal|p1a: Dragapult|60\/100|[from] item: Leftovers\n|-heal|p2a: tell me why|94\/100 brn|[from] item: Leftovers\n|-damage|p2a: tell me why|88\/100 brn|[from] brn\n|upkeep\n|turn|22\n|\n|t:|1699980592\n|move|p1a: Dragapult|Substitute|p1a: Dragapult\n|-start|p1a: Dragapult|Substitute\n|-damage|p1a: Dragapult|35\/100\n|move|p2a: tell me why|Crunch|p1a: Dragapult\n|-supereffective|p1a: Dragapult\n|-end|p1a: Dragapult|Substitute\n|\n|-heal|p1a: Dragapult|41\/100|[from] item: Leftovers\n|-heal|p2a: tell me why|94\/100 brn|[from] item: Leftovers\n|-damage|p2a: tell me why|88\/100 brn|[from] brn\n|-sideend|p2: DiffusedTurtle|move: Aurora Veil\n|upkeep\n|turn|23\n|\n|t:|1699980594\n|move|p1a: Dragapult|Hex|p2a: tell me why\n|-damage|p2a: tell me why|42\/100 brn\n|move|p2a: tell me why|Crunch|p1a: Dragapult\n|-supereffective|p1a: Dragapult\n|-damage|p1a: Dragapult|8\/100\n|\n|-heal|p1a: Dragapult|14\/100|[from] item: Leftovers\n|-heal|p2a: tell me why|48\/100 brn|[from] item: Leftovers\n|-damage|p2a: tell me why|42\/100 brn|[from] brn\n|upkeep\n|turn|24\n|\n|t:|1699980599\n|move|p1a: Dragapult|Hex|p2a: tell me why\n|-damage|p2a: tell me why|0 fnt\n|faint|p2a: tell me why\n|\n|-heal|p1a: Dragapult|20\/100|[from] item: Leftovers\n|upkeep\n|\n|t:|1699980603\n|switch|p2a: my one desire|Cinderace, F|63\/100\n|turn|25\n|\n|t:|1699980608\n|switch|p1a: Rotom|Rotom-Wash|49\/100\n|-damage|p1a: Rotom|36\/100|[from] Stealth Rock\n|move|p2a: my one desire|Pyro Ball|p1a: Rotom\n|-resisted|p1a: Rotom\n|-damage|p1a: Rotom|11\/100\n|-status|p1a: Rotom|brn\n|\n|-heal|p1a: Rotom|18\/100 brn|[from] item: Leftovers\n|-damage|p1a: Rotom|11\/100 brn|[from] brn\n|upkeep\n|turn|26\n|\n|t:|1699980615\n|move|p2a: my one desire|Pyro Ball|p1a: Rotom\n|-resisted|p1a: Rotom\n|-damage|p1a: Rotom|0 fnt\n|faint|p1a: Rotom\n|\n|upkeep\n|\n|t:|1699980619\n|switch|p1a: Dragonite|Dragonite, F|100\/100\n|turn|27\n|\n|t:|1699980621\n|move|p2a: my one desire|Will-O-Wisp|p1a: Dragonite\n|-status|p1a: Dragonite|brn\n|move|p1a: Dragonite|Dragon Dance|p1a: Dragonite\n|-boost|p1a: Dragonite|atk|1\n|-boost|p1a: Dragonite|spe|1\n|\n|-damage|p1a: Dragonite|94\/100 brn|[from] brn\n|upkeep\n|turn|28\n|\n|t:|1699980624\n|move|p1a: Dragonite|Dragon Dance|p1a: Dragonite\n|-boost|p1a: Dragonite|atk|1\n|-boost|p1a: Dragonite|spe|1\n|move|p2a: my one desire|Pyro Ball|p1a: Dragonite\n|-resisted|p1a: Dragonite\n|-damage|p1a: Dragonite|66\/100 brn\n|\n|-damage|p1a: Dragonite|59\/100 brn|[from] brn\n|upkeep\n|turn|29\n|\n|t:|1699980626\n|move|p1a: Dragonite|Earthquake|p2a: my one desire\n|-supereffective|p2a: my one desire\n|-damage|p2a: my one desire|0 fnt\n|faint|p2a: my one desire\n|\n|-damage|p1a: Dragonite|53\/100 brn|[from] brn\n|upkeep\n|\n|t:|1699980628\n|switch|p2a: i want it that way|Manaphy|51\/100\n|turn|30\n|\n|t:|1699980630\n|move|p1a: Dragonite|Earthquake|p2a: i want it that way\n|-damage|p2a: i want it that way|23\/100\n|move|p2a: i want it that way|Acid Armor|p2a: i want it that way\n|-boost|p2a: i want it that way|def|2\n|\n|-heal|p2a: i want it that way|29\/100|[from] item: Leftovers\n|-damage|p1a: Dragonite|47\/100 brn|[from] brn\n|upkeep\n|turn|31\n|\n|t:|1699980636\n|move|p1a: Dragonite|Earthquake|p2a: i want it that way\n|-damage|p2a: i want it that way|17\/100\n|move|p2a: i want it that way|Stored Power|p1a: Dragonite\n|-damage|p1a: Dragonite|31\/100 brn\n|\n|-heal|p2a: i want it that way|23\/100|[from] item: Leftovers\n|-damage|p1a: Dragonite|25\/100 brn|[from] brn\n|upkeep\n|turn|32\n|\n|t:|1699980642\n|switch|p1a: Dragapult|Dragapult, F|20\/100\n|-damage|p1a: Dragapult|8\/100|[from] Stealth Rock\n|move|p2a: i want it that way|Acid Armor|p2a: i want it that way\n|-boost|p2a: i want it that way|def|2\n|\n|-heal|p1a: Dragapult|14\/100|[from] item: Leftovers\n|-heal|p2a: i want it that way|29\/100|[from] item: Leftovers\n|upkeep\n|turn|33\n|\n|t:|1699980645\n|move|p1a: Dragapult|Will-O-Wisp|p2a: i want it that way|[miss]\n|-miss|p1a: Dragapult|p2a: i want it that way\n|move|p2a: i want it that way|Take Heart|p2a: i want it that way\n|-boost|p2a: i want it that way|spa|1\n|-boost|p2a: i want it that way|spd|1\n|\n|-heal|p1a: Dragapult|20\/100|[from] item: Leftovers\n|-heal|p2a: i want it that way|36\/100|[from] item: Leftovers\n|upkeep\n|turn|34\n|\n|t:|1699980647\n|move|p1a: Dragapult|Will-O-Wisp|p2a: i want it that way\n|-status|p2a: i want it that way|brn\n|move|p2a: i want it that way|Take Heart|p2a: i want it that way\n|-boost|p2a: i want it that way|spa|1\n|-boost|p2a: i want it that way|spd|1\n|-curestatus|p2a: i want it that way|brn|[msg]\n|\n|-heal|p1a: Dragapult|26\/100|[from] item: Leftovers\n|-heal|p2a: i want it that way|42\/100|[from] item: Leftovers\n|upkeep\n|turn|35\n|\n|t:|1699980649\n|move|p1a: Dragapult|Hex|p2a: i want it that way\n|-damage|p2a: i want it that way|30\/100\n|move|p2a: i want it that way|Take Heart|p2a: i want it that way\n|-boost|p2a: i want it that way|spa|1\n|-boost|p2a: i want it that way|spd|1\n|\n|-heal|p1a: Dragapult|32\/100|[from] item: Leftovers\n|-heal|p2a: i want it that way|37\/100|[from] item: Leftovers\n|upkeep\n|turn|36\n|\n|t:|1699980652\n|move|p1a: Dragapult|Substitute|p1a: Dragapult\n|-start|p1a: Dragapult|Substitute\n|-damage|p1a: Dragapult|7\/100\n|move|p2a: i want it that way|Take Heart|p2a: i want it that way\n|-boost|p2a: i want it that way|spa|1\n|-boost|p2a: i want it that way|spd|1\n|\n|-heal|p1a: Dragapult|13\/100|[from] item: Leftovers\n|-heal|p2a: i want it that way|43\/100|[from] item: Leftovers\n|upkeep\n|turn|37\n|\n|t:|1699980656\n|move|p1a: Dragapult|Hex|p2a: i want it that way\n|-damage|p2a: i want it that way|36\/100\n|move|p2a: i want it that way|Take Heart|p2a: i want it that way\n|-boost|p2a: i want it that way|spa|1\n|-boost|p2a: i want it that way|spd|1\n|\n|-heal|p1a: Dragapult|19\/100|[from] item: Leftovers\n|-heal|p2a: i want it that way|42\/100|[from] item: Leftovers\n|upkeep\n|turn|38\n|\n|t:|1699980667\n|move|p1a: Dragapult|Hex|p2a: i want it that way\n|-damage|p2a: i want it that way|35\/100\n|move|p2a: i want it that way|Acid Armor|p2a: i want it that way\n|-boost|p2a: i want it that way|def|2\n|\n|-heal|p1a: Dragapult|25\/100|[from] item: Leftovers\n|-heal|p2a: i want it that way|42\/100|[from] item: Leftovers\n|upkeep\n|turn|39\n|\n|t:|1699980670\n|move|p1a: Dragapult|Dragon Darts|p2a: i want it that way\n|-damage|p2a: i want it that way|38\/100\n|-anim|p1a: Dragapult|Dragon Darts|p2a: i want it that way\n|-damage|p2a: i want it that way|34\/100\n|move|p2a: i want it that way|Take Heart|p2a: i want it that way\n|-boost|p2a: i want it that way|spa|1\n|-boost|p2a: i want it that way|spd|1\n|\n|-heal|p1a: Dragapult|31\/100|[from] item: Leftovers\n|-heal|p2a: i want it that way|40\/100|[from] item: Leftovers\n|upkeep\n|turn|40\n|\n|t:|1699980675\n|move|p1a: Dragapult|Dragon Darts|p2a: i want it that way\n|-damage|p2a: i want it that way|36\/100\n|-anim|p1a: Dragapult|Dragon Darts|p2a: i want it that way\n|-damage|p2a: i want it that way|32\/100\n|move|p2a: i want it that way|Stored Power|p1a: Dragapult\n|-end|p1a: Dragapult|Substitute\n|\n|-heal|p1a: Dragapult|37\/100|[from] item: Leftovers\n|-heal|p2a: i want it that way|38\/100|[from] item: Leftovers\n|upkeep\n|turn|41\n|\n|t:|1699980679\n|move|p1a: Dragapult|Dragon Darts|p2a: i want it that way\n|-damage|p2a: i want it that way|35\/100\n|-anim|p1a: Dragapult|Dragon Darts|p2a: i want it that way\n|-damage|p2a: i want it that way|31\/100\n|move|p2a: i want it that way|Scald|p1a: Dragapult\n|-resisted|p1a: Dragapult\n|-damage|p1a: Dragapult|0 fnt\n|faint|p1a: Dragapult\n|\n|-heal|p2a: i want it that way|37\/100|[from] item: Leftovers\n|upkeep\n|\n|t:|1699980694\n|switch|p1a: Dragonite|Dragonite, F|25\/100 brn\n|turn|42\n|\n|t:|1699980702\n|move|p2a: i want it that way|Stored Power|p1a: Dragonite\n|-damage|p1a: Dragonite|0 fnt\n|faint|p1a: Dragonite\n|\n|-heal|p2a: i want it that way|43\/100|[from] item: Leftovers\n|upkeep\n|\n|t:|1699980704\n|switch|p1a: Kingambit|Kingambit, F|100\/100\n|-damage|p1a: Kingambit|94\/100|[from] Stealth Rock\n|-activate|p1a: Kingambit|ability: Supreme Overlord\n|-start|p1a: Kingambit|fallen5|[silent]\n|turn|43\n|\n|t:|1699980715\n|move|p2a: i want it that way|Scald|p1a: Kingambit\n|-damage|p1a: Kingambit|0 fnt\n|faint|p1a: Kingambit\n|-end|p1a: Kingambit|fallen5|[silent]\n|\n|win|DiffusedTurtle\n|raw|ToastyCaesar's rating: 1495 &rarr; <strong>1480<\/strong><br \/>(-15 for losing)\n|raw|DiffusedTurtle's rating: 1588 &rarr; <strong>1603<\/strong><br \/>(+15 for winning)\n","uploadtime":1699980719,"views":4,"p1id":"toastycaesar","p2id":"diffusedturtle","formatid":"gen9ou","rating":1480,"private":0,"password":""}