{"id":"gen9ou-1996290816","p1":"Burnt Waffle Fry","p2":"FlamingWraithSeer","format":"[Gen 9] OU","log":"|j|\u2606Burnt Waffle Fry\n|j|\u2606FlamingWraithSeer\n|t:|1700668051\n|gametype|singles\n|player|p1|Burnt Waffle Fry|veteran|1208\n|player|p2|FlamingWraithSeer|fisherman-gen4|1289\n|teamsize|p1|6\n|teamsize|p2|6\n|gen|9\n|tier|[Gen 9] OU\n|rated|\n|rule|Sleep Clause Mod: Limit one foe put to sleep\n|rule|Species Clause: Limit one of each Pok\u00e9mon\n|rule|OHKO Clause: OHKO moves are banned\n|rule|Evasion Items Clause: Evasion items are banned\n|rule|Evasion Moves Clause: Evasion moves are banned\n|rule|Endless Battle Clause: Forcing endless battles is banned\n|rule|HP Percentage Mod: HP is shown in percentages\n|clearpoke\n|poke|p1|Cinderace, F|\n|poke|p1|Slowking-Galar, F|\n|poke|p1|Rillaboom, M|\n|poke|p1|Landorus-Therian, M|\n|poke|p1|Zamazenta-*|\n|poke|p1|Kingambit, M|\n|poke|p2|Kommo-o, F|\n|poke|p2|Alomomola, F|\n|poke|p2|Glimmora, F|\n|poke|p2|Gholdengo|\n|poke|p2|Great Tusk|\n|poke|p2|Iron Valiant|\n|teampreview\n|c|\u2606FlamingWraithSeer|glhf\n|c|\u2606Burnt Waffle Fry|glhf\n|\n|t:|1700668106\n|start\n|switch|p1a: Messi|Cinderace, F|100\/100\n|switch|p2a: Glimmora|Glimmora, F|100\/100\n|turn|1\n|\n|t:|1700668111\n|move|p1a: Messi|U-turn|p2a: Glimmora\n|-start|p1a: Messi|typechange|Bug|[from] ability: Libero\n|-resisted|p2a: Glimmora\n|-damage|p2a: Glimmora|81\/100\n|-activate|p2a: Glimmora|ability: Toxic Debris\n|-sidestart|p1: Burnt Waffle Fry|move: Toxic Spikes\n|\n|t:|1700668116\n|switch|p1a: Bob|Landorus-Therian, M|100\/100|[from] U-turn\n|-ability|p1a: Bob|Intimidate|boost\n|-unboost|p2a: Glimmora|atk|1\n|move|p2a: Glimmora|Earth Power|p1a: Bob\n|-immune|p1a: Bob\n|\n|upkeep\n|turn|2\n|\n|t:|1700668131\n|move|p1a: Bob|Earth Power|p2a: Glimmora\n|-supereffective|p2a: Glimmora\n|-damage|p2a: Glimmora|0 fnt\n|faint|p2a: Glimmora\n|\n|upkeep\n|\n|t:|1700668139\n|switch|p2a: Kommo-o|Kommo-o, F|100\/100\n|turn|3\n|c|\u2606FlamingWraithSeer|i like bob\n|c|\u2606Burnt Waffle Fry|Bob apprecciates it\n|\n|t:|1700668180\n|move|p1a: Bob|Earth Power|p2a: Kommo-o\n|-damage|p2a: Kommo-o|28\/100\n|move|p2a: Kommo-o|Clangorous Soul||[still]\n|-fail|p2a: Kommo-o\n|\n|upkeep\n|turn|4\n|\n|t:|1700668192\n|switch|p2a: Alomomola|Alomomola, F|100\/100\n|move|p1a: Bob|Earth Power|p2a: Alomomola\n|-damage|p2a: Alomomola|55\/100\n|\n|upkeep\n|turn|5\n|\n|t:|1700668198\n|switch|p1a: Lil Wayne|Slowking-Galar, F, shiny|100\/100\n|-sideend|p1: Burnt Waffle Fry|move: Toxic Spikes|[of] p1a: Lil Wayne\n|move|p2a: Alomomola|Wish|p2a: Alomomola\n|\n|upkeep\n|turn|6\n|\n|t:|1700668202\n|move|p2a: Alomomola|Flip Turn|p1a: Lil Wayne\n|-damage|p1a: Lil Wayne|84\/100\n|\n|t:|1700668206\n|switch|p2a: Kommo-o|Kommo-o, F|28\/100|[from] Flip Turn\n|move|p1a: Lil Wayne|Thunder Wave|p2a: Kommo-o\n|-status|p2a: Kommo-o|par\n|\n|-heal|p2a: Kommo-o|100\/100 par|[from] move: Wish|[wisher] Alomomola\n|upkeep\n|turn|7\n|\n|t:|1700668213\n|cant|p2a: Kommo-o|par\n|move|p1a: Lil Wayne|Future Sight|p2a: Kommo-o\n|-start|p1a: Lil Wayne|move: Future Sight\n|\n|upkeep\n|turn|8\n|\n|t:|1700668219\n|move|p2a: Kommo-o|Clangorous Soul|p2a: Kommo-o\n|-boost|p2a: Kommo-o|atk|1\n|-boost|p2a: Kommo-o|def|1\n|-boost|p2a: Kommo-o|spa|1\n|-boost|p2a: Kommo-o|spd|1\n|-boost|p2a: Kommo-o|spe|1\n|-damage|p2a: Kommo-o|68\/100 par\n|-enditem|p2a: Kommo-o|Throat Spray\n|-boost|p2a: Kommo-o|spa|1|[from] item: Throat Spray\n|move|p1a: Lil Wayne|Ice Beam|p2a: Kommo-o\n|-supereffective|p2a: Kommo-o\n|-damage|p2a: Kommo-o|32\/100 par\n|\n|upkeep\n|turn|9\n|\n|t:|1700668236\n|move|p2a: Kommo-o|Boomburst|p1a: Lil Wayne\n|-damage|p1a: Lil Wayne|35\/100\n|move|p1a: Lil Wayne|Ice Beam|p2a: Kommo-o\n|-supereffective|p2a: Kommo-o\n|-damage|p2a: Kommo-o|0 fnt\n|faint|p2a: Kommo-o\n|\n|-hint|Future Sight did not hit because the target is fainted.\n|upkeep\n|\n|t:|1700668246\n|switch|p2a: Gholdengo|Gholdengo|100\/100\n|turn|10\n|\n|t:|1700668252\n|move|p2a: Gholdengo|Trick|p1a: Lil Wayne\n|-activate|p2a: Gholdengo|move: Trick|[of] p1a: Lil Wayne\n|-item|p1a: Lil Wayne|Choice Scarf|[from] move: Trick\n|-item|p2a: Gholdengo|Heavy-Duty Boots|[from] move: Trick\n|move|p1a: Lil Wayne|Chilly Reception|p1a: Lil Wayne\n|-weather|Snow\n|\n|t:|1700668258\n|switch|p1a: Great Tusk Hater|Kingambit, M|100\/100|[from] Chilly Reception\n|\n|-weather|Snow|[upkeep]\n|upkeep\n|turn|11\n|\n|t:|1700668264\n|-terastallize|p2a: Gholdengo|Fighting\n|move|p2a: Gholdengo|Focus Blast|p1a: Great Tusk Hater\n|-supereffective|p1a: Great Tusk Hater\n|-damage|p1a: Great Tusk Hater|0 fnt\n|faint|p1a: Great Tusk Hater\n|-end|p1a: Great Tusk Hater|fallenundefined|[silent]\n|\n|-weather|Snow|[upkeep]\n|upkeep\n|\n|t:|1700668285\n|switch|p1a: Messi|Cinderace, F|100\/100\n|turn|12\n|\n|t:|1700668305\n|move|p1a: Messi|Pyro Ball|p2a: Gholdengo\n|-damage|p2a: Gholdengo|39\/100\n|move|p2a: Gholdengo|Shadow Ball|p1a: Messi\n|-damage|p1a: Messi|40\/100\n|\n|-weather|Snow|[upkeep]\n|upkeep\n|turn|13\n|\n|t:|1700668314\n|switch|p2a: Alomomola|Alomomola, F|88\/100\n|move|p1a: Messi|Pyro Ball|p2a: Alomomola\n|-resisted|p2a: Alomomola\n|-damage|p2a: Alomomola|67\/100\n|\n|-weather|Snow|[upkeep]\n|upkeep\n|turn|14\n|\n|t:|1700668320\n|move|p1a: Messi|U-turn|p2a: Alomomola\n|-start|p1a: Messi|typechange|Bug|[from] ability: Libero\n|-damage|p2a: Alomomola|44\/100\n|-damage|p1a: Messi|23\/100|[from] item: Rocky Helmet|[of] p2a: Alomomola\n|\n|t:|1700668325\n|switch|p1a: Lil Wayne|Slowking-Galar, F, shiny|68\/100|[from] U-turn\n|move|p2a: Alomomola|Wish|p2a: Alomomola\n|\n|-weather|none\n|upkeep\n|turn|15\n|\n|t:|1700668330\n|move|p1a: Lil Wayne|Chilly Reception|p1a: Lil Wayne\n|-weather|Snow\n|\n|t:|1700668332\n|switch|p1a: You('re a monkey)|Rillaboom, M|100\/100|[from] Chilly Reception\n|-fieldstart|move: Grassy Terrain|[from] ability: Grassy Surge|[of] p1a: You('re a monkey)\n|move|p2a: Alomomola|Flip Turn|p1a: You('re a monkey)\n|-resisted|p1a: You('re a monkey)\n|-damage|p1a: You('re a monkey)|91\/100\n|\n|t:|1700668343\n|switch|p2a: Gholdengo|Gholdengo, tera:Fighting|39\/100|[from] Flip Turn\n|\n|-weather|Snow|[upkeep]\n|-heal|p2a: Gholdengo|100\/100|[from] move: Wish|[wisher] Alomomola\n|-heal|p1a: You('re a monkey)|97\/100|[from] Grassy Terrain\n|upkeep\n|turn|16\n|\n|t:|1700668354\n|move|p2a: Gholdengo|Shadow Ball|p1a: You('re a monkey)\n|-damage|p1a: You('re a monkey)|41\/100\n|move|p1a: You('re a monkey)|U-turn|p2a: Gholdengo\n|-resisted|p2a: Gholdengo\n|-damage|p2a: Gholdengo|78\/100\n|\n|t:|1700668367\n|switch|p1a: Bob|Landorus-Therian, M|100\/100|[from] U-turn\n|-ability|p1a: Bob|Intimidate|boost\n|-unboost|p2a: Gholdengo|atk|1\n|\n|-weather|Snow|[upkeep]\n|-heal|p2a: Gholdengo|84\/100|[from] Grassy Terrain\n|upkeep\n|turn|17\n|\n|t:|1700668376\n|-terastallize|p1a: Bob|Ground\n|move|p1a: Bob|Earth Power|p2a: Gholdengo\n|-damage|p2a: Gholdengo|0 fnt\n|faint|p2a: Gholdengo\n|\n|-weather|Snow|[upkeep]\n|upkeep\n|\n|t:|1700668388\n|switch|p2a: Great Tusk|Great Tusk|100\/100\n|-enditem|p2a: Great Tusk|Booster Energy\n|-activate|p2a: Great Tusk|ability: Protosynthesis|[fromitem]\n|-start|p2a: Great Tusk|protosynthesisspe\n|turn|18\n|\n|t:|1700668393\n|switch|p1a: Messi|Cinderace, F|23\/100\n|move|p2a: Great Tusk|Ice Spinner|p1a: Messi\n|-resisted|p1a: Messi\n|-damage|p1a: Messi|5\/100\n|-fieldend|move: Grassy Terrain\n|\n|-weather|Snow|[upkeep]\n|upkeep\n|turn|19\n|\n|t:|1700668401\n|move|p2a: Great Tusk|Bulk Up|p2a: Great Tusk\n|-boost|p2a: Great Tusk|atk|1\n|-boost|p2a: Great Tusk|def|1\n|move|p1a: Messi|Pyro Ball|p2a: Great Tusk|[miss]\n|-miss|p1a: Messi|p2a: Great Tusk\n|\n|-weather|none\n|upkeep\n|turn|20\n|\n|t:|1700668409\n|move|p2a: Great Tusk|Earthquake|p1a: Messi\n|-supereffective|p1a: Messi\n|-damage|p1a: Messi|0 fnt\n|faint|p1a: Messi\n|\n|upkeep\n|\n|t:|1700668426\n|switch|p1a: Bob|Landorus-Therian, M, tera:Ground|100\/100\n|-ability|p1a: Bob|Intimidate|boost\n|-unboost|p2a: Great Tusk|atk|1\n|turn|21\n|\n|t:|1700668430\n|move|p2a: Great Tusk|Ice Spinner|p1a: Bob\n|-supereffective|p1a: Bob\n|-crit|p1a: Bob\n|-damage|p1a: Bob|24\/100\n|move|p1a: Bob|Psychic|p2a: Great Tusk\n|-supereffective|p2a: Great Tusk\n|-damage|p2a: Great Tusk|0 fnt\n|faint|p2a: Great Tusk\n|-end|p2a: Great Tusk|Protosynthesis|[silent]\n|\n|upkeep\n|\n|t:|1700668443\n|switch|p2a: Iron Valiant|Iron Valiant|100\/100\n|-enditem|p2a: Iron Valiant|Booster Energy\n|-activate|p2a: Iron Valiant|ability: Quark Drive|[fromitem]\n|-start|p2a: Iron Valiant|quarkdrivespe\n|turn|22\n|c|\u2606Burnt Waffle Fry|Love Life Bob\n|\n|t:|1700668455\n|move|p2a: Iron Valiant|Spirit Break|p1a: Bob\n|-damage|p1a: Bob|0 fnt\n|faint|p1a: Bob\n|\n|upkeep\n|c|\u2606FlamingWraithSeer|bob is a sick dude\n|\n|t:|1700668468\n|switch|p1a: Lil Wayne|Slowking-Galar, F, shiny|100\/100\n|turn|23\n|\n|t:|1700668473\n|move|p2a: Iron Valiant|Knock Off|p1a: Lil Wayne\n|-supereffective|p1a: Lil Wayne\n|-damage|p1a: Lil Wayne|26\/100\n|-enditem|p1a: Lil Wayne|Choice Scarf|[from] move: Knock Off|[of] p2a: Iron Valiant\n|move|p1a: Lil Wayne|Future Sight|p2a: Iron Valiant\n|-start|p1a: Lil Wayne|move: Future Sight\n|\n|upkeep\n|turn|24\n|\n|t:|1700668482\n|move|p2a: Iron Valiant|Knock Off|p1a: Lil Wayne\n|-supereffective|p1a: Lil Wayne\n|-damage|p1a: Lil Wayne|0 fnt\n|faint|p1a: Lil Wayne\n|\n|upkeep\n|\n|t:|1700668487\n|switch|p1a: You('re a monkey)|Rillaboom, M|41\/100\n|-fieldstart|move: Grassy Terrain|[from] ability: Grassy Surge|[of] p1a: You('re a monkey)\n|turn|25\n|\n|t:|1700668492\n|-end|p2a: Iron Valiant|Quark Drive|[silent]\n|switch|p2a: Alomomola|Alomomola, F|78\/100\n|move|p1a: You('re a monkey)|Grassy Glide|p2a: Alomomola\n|-supereffective|p2a: Alomomola\n|-damage|p2a: Alomomola|0 fnt\n|-damage|p1a: You('re a monkey)|24\/100|[from] item: Rocky Helmet|[of] p2a: Alomomola\n|faint|p2a: Alomomola\n|\n|-hint|Future Sight did not hit because the target is fainted.\n|-heal|p1a: You('re a monkey)|30\/100|[from] Grassy Terrain\n|upkeep\n|\n|t:|1700668501\n|switch|p2a: Iron Valiant|Iron Valiant|100\/100\n|turn|26\n|\n|t:|1700668507\n|move|p1a: You('re a monkey)|Grassy Glide|p2a: Iron Valiant\n|-damage|p2a: Iron Valiant|30\/100\n|move|p2a: Iron Valiant|Knock Off|p1a: You('re a monkey)\n|-damage|p1a: You('re a monkey)|0 fnt\n|-enditem|p1a: You('re a monkey)|Choice Band|[from] move: Knock Off|[of] p2a: Iron Valiant\n|faint|p1a: You('re a monkey)\n|\n|-heal|p2a: Iron Valiant|36\/100|[from] Grassy Terrain\n|upkeep\n|\n|t:|1700668510\n|switch|p1a: I Ran Out Of Names|Zamazenta|100\/100\n|-ability|p1a: I Ran Out Of Names|Dauntless Shield|boost\n|-boost|p1a: I Ran Out Of Names|def|1\n|turn|27\n|c|\u2606FlamingWraithSeer|gg\n|c|\u2606Burnt Waffle Fry|gg\n|\n|t:|1700668521\n|move|p1a: I Ran Out Of Names|Iron Defense|p1a: I Ran Out Of Names\n|-boost|p1a: I Ran Out Of Names|def|2\n|move|p2a: Iron Valiant|Spirit Break|p1a: I Ran Out Of Names\n|-supereffective|p1a: I Ran Out Of Names\n|-damage|p1a: I Ran Out Of Names|75\/100\n|-unboost|p1a: I Ran Out Of Names|spa|1\n|\n|-heal|p1a: I Ran Out Of Names|81\/100|[from] Grassy Terrain\n|-heal|p1a: I Ran Out Of Names|88\/100|[from] item: Leftovers\n|-heal|p2a: Iron Valiant|42\/100|[from] Grassy Terrain\n|upkeep\n|turn|28\n|\n|t:|1700668531\n|move|p1a: I Ran Out Of Names|Iron Defense|p1a: I Ran Out Of Names\n|-boost|p1a: I Ran Out Of Names|def|2\n|move|p2a: Iron Valiant|Spirit Break|p1a: I Ran Out Of Names\n|-supereffective|p1a: I Ran Out Of Names\n|-damage|p1a: I Ran Out Of Names|72\/100\n|-unboost|p1a: I Ran Out Of Names|spa|1\n|\n|-heal|p1a: I Ran Out Of Names|78\/100|[from] Grassy Terrain\n|-heal|p1a: I Ran Out Of Names|85\/100|[from] item: Leftovers\n|-heal|p2a: Iron Valiant|48\/100|[from] Grassy Terrain\n|upkeep\n|turn|29\n|\n|t:|1700668540\n|move|p1a: I Ran Out Of Names|Body Press|p2a: Iron Valiant\n|-resisted|p2a: Iron Valiant\n|-damage|p2a: Iron Valiant|0 fnt\n|faint|p2a: Iron Valiant\n|-end|p2a: Iron Valiant|Quark Drive|[silent]\n|\n|win|Burnt Waffle Fry\n|raw|Burnt Waffle Fry's rating: 1208 &rarr; <strong>1239<\/strong><br \/>(+31 for winning)\n|raw|FlamingWraithSeer's rating: 1289 &rarr; <strong>1258<\/strong><br \/>(-31 for losing)\n|l|\u2606FlamingWraithSeer\n","uploadtime":1700668571,"views":0,"p1id":"burntwafflefry","p2id":"flamingwraithseer","formatid":"gen9ou","rating":1239,"private":0,"password":""}