{"id":"gen9ou-1992328608","p1":"Corvinights","p2":"Celestial-dust","format":"[Gen 9] OU","log":"|j|\u2606Corvinights\n|j|\u2606Celestial-dust\n|t:|1700175204\n|gametype|singles\n|player|p1|Corvinights|palmer|1099\n|player|p2|Celestial-dust|cynthia-gen4|1086\n|teamsize|p1|6\n|teamsize|p2|6\n|gen|9\n|tier|[Gen 9] OU\n|rated|\n|rule|Sleep Clause Mod: Limit one foe put to sleep\n|rule|Species Clause: Limit one of each Pok\u00e9mon\n|rule|OHKO Clause: OHKO moves are banned\n|rule|Evasion Items Clause: Evasion items are banned\n|rule|Evasion Moves Clause: Evasion moves are banned\n|rule|Endless Battle Clause: Forcing endless battles is banned\n|rule|HP Percentage Mod: HP is shown in percentages\n|clearpoke\n|poke|p1|Goodra-Hisui, F|\n|poke|p1|Grimmsnarl, M|\n|poke|p1|Gligar, M|\n|poke|p1|Rillaboom, M|\n|poke|p1|Inteleon, M|\n|poke|p1|Armarouge, M|\n|poke|p2|Amoonguss, M|\n|poke|p2|Blissey, F|\n|poke|p2|Weavile, M|\n|poke|p2|Honchkrow, M|\n|poke|p2|Salamence, M|\n|poke|p2|Gengar, M|\n|teampreview\n|\n|t:|1700175221\n|start\n|switch|p1a: Grimmsnarl|Grimmsnarl, M|100\/100\n|switch|p2a: Gengar|Gengar, M, shiny|100\/100\n|turn|1\n|\n|t:|1700175233\n|move|p1a: Grimmsnarl|Parting Shot|p2a: Gengar\n|-unboost|p2a: Gengar|atk|1\n|-unboost|p2a: Gengar|spa|1\n|\n|t:|1700175239\n|switch|p1a: Goodra|Goodra-Hisui, F|100\/100|[from] Parting Shot\n|move|p2a: Gengar|Toxic Spikes|p1a: Goodra\n|-sidestart|p1: Corvinights|move: Toxic Spikes\n|\n|upkeep\n|turn|2\n|\n|t:|1700175255\n|-terastallize|p2a: Gengar|Ghost\n|move|p2a: Gengar|Thunderbolt|p1a: Goodra\n|-resisted|p1a: Goodra\n|-damage|p1a: Goodra|92\/100\n|-damage|p2a: Gengar|91\/100|[from] item: Life Orb\n|move|p1a: Goodra|Substitute|p1a: Goodra\n|-start|p1a: Goodra|Substitute\n|-damage|p1a: Goodra|67\/100\n|\n|-heal|p1a: Goodra|73\/100|[from] item: Leftovers\n|upkeep\n|turn|3\n|\n|t:|1700175282\n|switch|p2a: Amoonguss|Amoonguss, M, shiny|100\/100\n|move|p1a: Goodra|Curse|p1a: Goodra\n|-unboost|p1a: Goodra|spe|1\n|-boost|p1a: Goodra|atk|1\n|-boost|p1a: Goodra|def|1\n|\n|-heal|p1a: Goodra|79\/100|[from] item: Leftovers\n|upkeep\n|turn|4\n|\n|t:|1700175293\n|move|p2a: Amoonguss|Toxic||[still]\n|-fail|p2a: Amoonguss\n|move|p1a: Goodra|Curse|p1a: Goodra\n|-unboost|p1a: Goodra|spe|1\n|-boost|p1a: Goodra|atk|1\n|-boost|p1a: Goodra|def|1\n|\n|-heal|p1a: Goodra|85\/100|[from] item: Leftovers\n|upkeep\n|turn|5\n|\n|t:|1700175303\n|move|p2a: Amoonguss|Clear Smog|p1a: Goodra\n|-immune|p1a: Goodra\n|move|p1a: Goodra|Curse|p1a: Goodra\n|-unboost|p1a: Goodra|spe|1\n|-boost|p1a: Goodra|atk|1\n|-boost|p1a: Goodra|def|1\n|\n|-heal|p1a: Goodra|91\/100|[from] item: Leftovers\n|upkeep\n|turn|6\n|\n|t:|1700175340\n|move|p2a: Amoonguss|Giga Drain|p1a: Goodra\n|-ability|p1a: Goodra|Sap Sipper|boost\n|-boost|p1a: Goodra|atk|1\n|move|p1a: Goodra|Curse|p1a: Goodra\n|-unboost|p1a: Goodra|spe|1\n|-boost|p1a: Goodra|atk|1\n|-boost|p1a: Goodra|def|1\n|\n|-heal|p1a: Goodra|97\/100|[from] item: Leftovers\n|upkeep\n|turn|7\n|\n|t:|1700175359\n|switch|p2a: Salamence|Salamence, M, shiny|100\/100\n|move|p1a: Goodra|Curse|p1a: Goodra\n|-unboost|p1a: Goodra|spe|1\n|-boost|p1a: Goodra|atk|1\n|-boost|p1a: Goodra|def|1\n|\n|-heal|p1a: Goodra|100\/100|[from] item: Leftovers\n|upkeep\n|turn|8\n|\n|t:|1700175373\n|move|p2a: Salamence|Dragon Dance|p2a: Salamence\n|-boost|p2a: Salamence|atk|1\n|-boost|p2a: Salamence|spe|1\n|move|p1a: Goodra|Body Press|p2a: Salamence\n|-resisted|p2a: Salamence\n|-damage|p2a: Salamence|45\/100\n|\n|upkeep\n|turn|9\n|\n|t:|1700175382\n|move|p2a: Salamence|Outrage|p1a: Goodra\n|-activate|p1a: Goodra|move: Substitute|[damage]\n|-damage|p2a: Salamence|35\/100|[from] item: Life Orb\n|move|p1a: Goodra|Curse|p1a: Goodra\n|-unboost|p1a: Goodra|spe|1\n|-boost|p1a: Goodra|def|1\n|\n|upkeep\n|turn|10\n|\n|t:|1700175392\n|move|p2a: Salamence|Outrage|p1a: Goodra|[from]lockedmove\n|-end|p1a: Goodra|Substitute\n|-damage|p2a: Salamence|25\/100|[from] item: Life Orb\n|-start|p2a: Salamence|confusion|[fatigue]\n|move|p1a: Goodra|Body Press|p2a: Salamence\n|-resisted|p2a: Salamence\n|-damage|p2a: Salamence|0 fnt\n|faint|p2a: Salamence\n|\n|upkeep\n|\n|t:|1700175405\n|switch|p2a: Amoonguss|Amoonguss, M, shiny|100\/100\n|turn|11\n|\n|t:|1700175408\n|move|p2a: Amoonguss|Clear Smog|p1a: Goodra\n|-immune|p1a: Goodra\n|move|p1a: Goodra|Substitute|p1a: Goodra\n|-start|p1a: Goodra|Substitute\n|-damage|p1a: Goodra|75\/100\n|\n|-heal|p1a: Goodra|82\/100|[from] item: Leftovers\n|upkeep\n|turn|12\n|\n|t:|1700175438\n|switch|p2a: Weavile|Weavile, M|100\/100\n|-ability|p2a: Weavile|Pressure\n|move|p1a: Goodra|Heavy Slam|p2a: Weavile\n|-supereffective|p2a: Weavile\n|-damage|p2a: Weavile|0 fnt\n|faint|p2a: Weavile\n|\n|-heal|p1a: Goodra|88\/100|[from] item: Leftovers\n|upkeep\n|\n|t:|1700175450\n|switch|p2a: Gengar|Gengar, M, shiny, tera:Ghost|91\/100\n|turn|13\n|\n|t:|1700175457\n|move|p2a: Gengar|Thunderbolt|p1a: Goodra\n|-resisted|p1a: Goodra\n|-activate|p1a: Goodra|move: Substitute|[damage]\n|-damage|p2a: Gengar|81\/100|[from] item: Life Orb\n|move|p1a: Goodra|Heavy Slam|p2a: Gengar\n|-damage|p2a: Gengar|0 fnt\n|-start|p1a: Goodra|Disable|Heavy Slam|[from] ability: Cursed Body|[of] p2a: Gengar\n|faint|p2a: Gengar\n|\n|-heal|p1a: Goodra|94\/100|[from] item: Leftovers\n|upkeep\n|\n|t:|1700175472\n|switch|p2a: Honchkrow|Honchkrow, M, shiny|100\/100\n|turn|14\n|\n|t:|1700175481\n|move|p2a: Honchkrow|Haze|p2a: Honchkrow\n|-clearallboost\n|move|p1a: Goodra|Body Press|p2a: Honchkrow\n|-damage|p2a: Honchkrow|57\/100\n|\n|-heal|p1a: Goodra|99\/100|[from] item: Leftovers\n|upkeep\n|turn|15\n|\n|t:|1700175491\n|move|p2a: Honchkrow|Brave Bird|p1a: Goodra\n|-resisted|p1a: Goodra\n|-end|p1a: Goodra|Substitute\n|-damage|p2a: Honchkrow|53\/100|[from] Recoil|[of] p1a: Goodra\n|-damage|p2a: Honchkrow|43\/100|[from] item: Life Orb\n|move|p1a: Goodra|Body Press|p2a: Honchkrow\n|-crit|p2a: Honchkrow\n|-damage|p2a: Honchkrow|0 fnt\n|faint|p2a: Honchkrow\n|\n|-heal|p1a: Goodra|100\/100|[from] item: Leftovers\n|upkeep\n|\n|t:|1700175505\n|switch|p2a: Amoonguss|Amoonguss, M, shiny|100\/100\n|turn|16\n|\n|t:|1700175510\n|move|p1a: Goodra|Curse|p1a: Goodra\n|-unboost|p1a: Goodra|spe|1\n|-boost|p1a: Goodra|atk|1\n|-boost|p1a: Goodra|def|1\n|move|p2a: Amoonguss|Toxic|p1a: Goodra\n|-immune|p1a: Goodra\n|\n|-end|p1a: Goodra|Disable\n|upkeep\n|turn|17\n|\n|t:|1700175521\n|move|p2a: Amoonguss|Toxic|p1a: Goodra\n|-immune|p1a: Goodra\n|move|p1a: Goodra|Curse|p1a: Goodra\n|-unboost|p1a: Goodra|spe|1\n|-boost|p1a: Goodra|atk|1\n|-boost|p1a: Goodra|def|1\n|\n|upkeep\n|turn|18\n|\n|t:|1700175535\n|move|p2a: Amoonguss|Giga Drain|p1a: Goodra\n|-ability|p1a: Goodra|Sap Sipper|boost\n|-boost|p1a: Goodra|atk|1\n|move|p1a: Goodra|Curse|p1a: Goodra\n|-unboost|p1a: Goodra|spe|1\n|-boost|p1a: Goodra|atk|1\n|-boost|p1a: Goodra|def|1\n|\n|upkeep\n|turn|19\n|\n|t:|1700175546\n|move|p2a: Amoonguss|Synthesis|p2a: Amoonguss\n|-fail|p2a: Amoonguss|heal\n|move|p1a: Goodra|Heavy Slam|p2a: Amoonguss\n|-damage|p2a: Amoonguss|16\/100\n|-damage|p1a: Goodra|84\/100|[from] item: Rocky Helmet|[of] p2a: Amoonguss\n|\n|-heal|p1a: Goodra|90\/100|[from] item: Leftovers\n|upkeep\n|turn|20\n|\n|t:|1700175561\n|move|p2a: Amoonguss|Synthesis|p2a: Amoonguss\n|-heal|p2a: Amoonguss|66\/100\n|move|p1a: Goodra|Heavy Slam|p2a: Amoonguss\n|-damage|p2a: Amoonguss|0 fnt\n|-damage|p1a: Goodra|74\/100|[from] item: Rocky Helmet|[of] p2a: Amoonguss\n|faint|p2a: Amoonguss\n|\n|-heal|p1a: Goodra|80\/100|[from] item: Leftovers\n|upkeep\n|c|\u2606Corvinights|the same thing happened to me so i built this goodra\n|inactive|Battle timer is ON: inactive players will automatically lose when time's up. (requested by Corvinights)\n|inactive|Celestial-dust has 120 seconds left.\n|inactive|Celestial-dust has 90 seconds left.\n|inactive|Celestial-dust has 60 seconds left.\n|inactive|Celestial-dust has 30 seconds left.\n|inactive|Celestial-dust has 20 seconds left.\n|l|\u2606Celestial-dust\n|inactive|Celestial-dust disconnected and has a minute to reconnect!\n|player|p2|\n|inactive|Celestial-dust has 15 seconds left.\n|inactive|Celestial-dust has 10 seconds left.\n|inactive|Celestial-dust has 5 seconds left.\n|-message|Celestial-dust lost due to inactivity.\n|\n|win|Corvinights\n|raw|Corvinights's rating: 1099 &rarr; <strong>1123<\/strong><br \/>(+24 for winning)\n|raw|Celestial-dust's rating: 1086 &rarr; <strong>1064<\/strong><br \/>(-22 for losing)\n","uploadtime":1700175783,"views":29,"p1id":"corvinights","p2id":"celestialdust","formatid":"gen9ou","rating":1064,"private":0,"password":""}