{"id":"gen9ou-1990146538","p1":"jacothaptrllr","p2":"Xtreamelous","format":"[Gen 9] OU","log":"|j|\u2606jacothaptrllr\n|j|\u2606Xtreamelous\n|t:|1699929637\n|gametype|singles\n|player|p1|jacothaptrllr|shadowtriad|1082\n|player|p2|Xtreamelous|1|1000\n|teamsize|p1|6\n|teamsize|p2|6\n|gen|9\n|tier|[Gen 9] OU\n|rated|\n|rule|Sleep Clause Mod: Limit one foe put to sleep\n|rule|Species Clause: Limit one of each Pok\u00e9mon\n|rule|OHKO Clause: OHKO moves are banned\n|rule|Evasion Items Clause: Evasion items are banned\n|rule|Evasion Moves Clause: Evasion moves are banned\n|rule|Endless Battle Clause: Forcing endless battles is banned\n|rule|HP Percentage Mod: HP is shown in percentages\n|clearpoke\n|poke|p1|Enamorus-Therian, F|\n|poke|p1|Ninetales-Alola, M|\n|poke|p1|Slowbro-Galar, M|\n|poke|p1|Morpeko, M|\n|poke|p1|Great Tusk|\n|poke|p1|Moltres-Galar|\n|poke|p2|Kingambit, F|\n|poke|p2|Landorus-Therian, M|\n|poke|p2|Ceruledge, M|\n|poke|p2|Greninja-*, F|\n|poke|p2|Great Tusk|\n|poke|p2|Gholdengo|\n|teampreview\n|inactive|Battle timer is ON: inactive players will automatically lose when time's up. (requested by jacothaptrllr)\n|\n|t:|1699929660\n|start\n|switch|p1a: mother may I|Slowbro-Galar, M|100\/100\n|switch|p2a: Landorus|Landorus-Therian, M|100\/100\n|-ability|p2a: Landorus|Intimidate|boost\n|-unboost|p1a: mother may I|atk|1\n|turn|1\n|\n|t:|1699929669\n|move|p2a: Landorus|Stealth Rock|p1a: mother may I\n|-sidestart|p1: jacothaptrllr|move: Stealth Rock\n|move|p1a: mother may I|Surf|p2a: Landorus\n|-supereffective|p2a: Landorus\n|-damage|p2a: Landorus|23\/100\n|\n|upkeep\n|turn|2\n|-activate|p1a: mother may I|item: Quick Claw\n|\n|t:|1699929676\n|move|p1a: mother may I|Nasty Plot|p1a: mother may I\n|-boost|p1a: mother may I|spa|2\n|move|p2a: Landorus|U-turn|p1a: mother may I\n|-damage|p1a: mother may I|76\/100\n|\n|t:|1699929686\n|switch|p2a: Gholdengo|Gholdengo, shiny|100\/100|[from] U-turn\n|-item|p2a: Gholdengo|Air Balloon\n|\n|upkeep\n|turn|3\n|-activate|p1a: mother may I|ability: Quick Draw\n|\n|t:|1699929693\n|move|p1a: mother may I|Surf|p2a: Gholdengo\n|-damage|p2a: Gholdengo|38\/100\n|-enditem|p2a: Gholdengo|Air Balloon\n|move|p2a: Gholdengo|Shadow Ball|p1a: mother may I\n|-supereffective|p1a: mother may I\n|-damage|p1a: mother may I|0 fnt\n|faint|p1a: mother may I\n|\n|upkeep\n|\n|t:|1699929711\n|switch|p1a: gobekli tepe|Enamorus-Therian, F|100\/100\n|-damage|p1a: gobekli tepe|76\/100|[from] Stealth Rock\n|turn|4\n|\n|t:|1699929731\n|move|p2a: Gholdengo|Make It Rain|p1a: gobekli tepe\n|-supereffective|p1a: gobekli tepe\n|-damage|p1a: gobekli tepe|0 fnt\n|-unboost|p2a: Gholdengo|spa|1\n|faint|p1a: gobekli tepe\n|\n|upkeep\n|\n|t:|1699929738\n|switch|p1a: ol Yamcha ass mf|Great Tusk|100\/100\n|-damage|p1a: ol Yamcha ass mf|98\/100|[from] Stealth Rock\n|-enditem|p1a: ol Yamcha ass mf|Booster Energy\n|-activate|p1a: ol Yamcha ass mf|ability: Protosynthesis|[fromitem]\n|-start|p1a: ol Yamcha ass mf|protosynthesisatk\n|turn|5\n|\n|t:|1699929747\n|move|p1a: ol Yamcha ass mf|Knock Off|p2a: Gholdengo\n|-supereffective|p2a: Gholdengo\n|-damage|p2a: Gholdengo|0 fnt\n|faint|p2a: Gholdengo\n|\n|upkeep\n|\n|t:|1699929758\n|switch|p2a: Landorus|Landorus-Therian, M|23\/100\n|-ability|p2a: Landorus|Intimidate|boost\n|-unboost|p1a: ol Yamcha ass mf|atk|1\n|turn|6\n|\n|t:|1699929765\n|move|p2a: Landorus|U-turn|p1a: ol Yamcha ass mf\n|-resisted|p1a: ol Yamcha ass mf\n|-damage|p1a: ol Yamcha ass mf|87\/100\n|\n|t:|1699929781\n|switch|p2a: Greninja|Greninja, F, shiny|100\/100|[from] U-turn\n|move|p1a: ol Yamcha ass mf|Ice Spinner|p2a: Greninja\n|-resisted|p2a: Greninja\n|-damage|p2a: Greninja|80\/100\n|\n|upkeep\n|turn|7\n|\n|t:|1699929793\n|-end|p1a: ol Yamcha ass mf|Protosynthesis|[silent]\n|switch|p1a: Doug Dimmadomme|Ninetales-Alola, M|100\/100\n|-damage|p1a: Doug Dimmadomme|76\/100|[from] Stealth Rock\n|-weather|Snow|[from] ability: Snow Warning|[of] p1a: Doug Dimmadomme\n|move|p2a: Greninja|Grass Knot|p1a: Doug Dimmadomme\n|-start|p2a: Greninja|typechange|Grass|[from] ability: Protean\n|-damage|p1a: Doug Dimmadomme|47\/100\n|\n|-weather|Snow|[upkeep]\n|upkeep\n|turn|8\n|\n|t:|1699929807\n|move|p2a: Greninja|Grass Knot|p1a: Doug Dimmadomme\n|-damage|p1a: Doug Dimmadomme|21\/100\n|move|p1a: Doug Dimmadomme|Encore|p2a: Greninja\n|-start|p2a: Greninja|Encore\n|\n|-weather|Snow|[upkeep]\n|upkeep\n|turn|9\n|\n|t:|1699929815\n|move|p2a: Greninja|Grass Knot|p1a: Doug Dimmadomme\n|-damage|p1a: Doug Dimmadomme|0 fnt\n|faint|p1a: Doug Dimmadomme\n|\n|-weather|Snow|[upkeep]\n|upkeep\n|\n|t:|1699929819\n|switch|p1a: menstrual|Morpeko, M|100\/100\n|-damage|p1a: menstrual|88\/100|[from] Stealth Rock\n|turn|10\n|\n|t:|1699929824\n|move|p2a: Greninja|Grass Knot|p1a: menstrual\n|-damage|p1a: menstrual|61\/100\n|move|p1a: menstrual|Swagger|p2a: Greninja\n|-boost|p2a: Greninja|atk|2\n|-enditem|p1a: menstrual|Mirror Herb\n|-boost|p1a: menstrual|atk|2|[from] item: Mirror Herb\n|-start|p2a: Greninja|confusion\n|\n|-weather|Snow|[upkeep]\n|-formechange|p1a: menstrual|Morpeko-Hangry||[from] ability: Hunger Switch\n|upkeep\n|turn|11\n|\n|t:|1699929838\n|-terastallize|p2a: Greninja|Water\n|-activate|p2a: Greninja|confusion\n|-damage|p2a: Greninja|59\/100|[from] confusion\n|move|p1a: menstrual|Aura Wheel|p2a: Greninja\n|-damage|p2a: Greninja|0 fnt\n|-boost|p1a: menstrual|spe|1\n|faint|p2a: Greninja\n|\n|-weather|none\n|-formechange|p1a: menstrual|Morpeko||[from] ability: Hunger Switch\n|upkeep\n|\n|t:|1699929850\n|switch|p2a: Great Tusk|Great Tusk, shiny|100\/100\n|turn|12\n|\n|t:|1699929854\n|move|p1a: menstrual|Psychic Fangs|p2a: Great Tusk\n|-supereffective|p2a: Great Tusk\n|-damage|p2a: Great Tusk|26\/100\n|move|p2a: Great Tusk|Close Combat|p1a: menstrual\n|-supereffective|p1a: menstrual\n|-damage|p1a: menstrual|0 fnt\n|-unboost|p2a: Great Tusk|def|1\n|-unboost|p2a: Great Tusk|spd|1\n|faint|p1a: menstrual\n|\n|upkeep\n|\n|t:|1699929861\n|switch|p1a: ol Yamcha ass mf|Great Tusk|87\/100\n|-damage|p1a: ol Yamcha ass mf|84\/100|[from] Stealth Rock\n|turn|13\n|\n|t:|1699929876\n|move|p1a: ol Yamcha ass mf|Ice Spinner|p2a: Great Tusk\n|-supereffective|p2a: Great Tusk\n|-damage|p2a: Great Tusk|0 fnt\n|faint|p2a: Great Tusk\n|-end|p2a: Great Tusk|Protosynthesis|[silent]\n|\n|upkeep\n|\n|t:|1699929883\n|switch|p2a: Landorus|Landorus-Therian, M|23\/100\n|-ability|p2a: Landorus|Intimidate|boost\n|-unboost|p1a: ol Yamcha ass mf|atk|1\n|turn|14\n|\n|t:|1699929889\n|move|p2a: Landorus|Earthquake|p1a: ol Yamcha ass mf\n|-damage|p1a: ol Yamcha ass mf|44\/100\n|move|p1a: ol Yamcha ass mf|Rapid Spin|p2a: Landorus\n|-damage|p2a: Landorus|8\/100\n|-boost|p1a: ol Yamcha ass mf|spe|1\n|-damage|p1a: ol Yamcha ass mf|28\/100|[from] item: Rocky Helmet|[of] p2a: Landorus\n|-sideend|p1: jacothaptrllr|Stealth Rock|[from] move: Rapid Spin|[of] p1a: ol Yamcha ass mf\n|\n|upkeep\n|turn|15\n|\n|t:|1699929899\n|move|p1a: ol Yamcha ass mf|Ice Spinner|p2a: Landorus\n|-supereffective|p2a: Landorus\n|-damage|p2a: Landorus|0 fnt\n|-damage|p1a: ol Yamcha ass mf|12\/100|[from] item: Rocky Helmet|[of] p2a: Landorus\n|faint|p2a: Landorus\n|\n|upkeep\n|\n|t:|1699929907\n|switch|p2a: Ceruledge|Ceruledge, M|100\/100\n|turn|16\n|\n|t:|1699929915\n|move|p2a: Ceruledge|Shadow Sneak|p1a: ol Yamcha ass mf\n|-damage|p1a: ol Yamcha ass mf|0 fnt\n|faint|p1a: ol Yamcha ass mf\n|-end|p1a: ol Yamcha ass mf|Protosynthesis|[silent]\n|\n|upkeep\n|\n|t:|1699929919\n|switch|p1a: wtf does ouvt mean|Moltres-Galar, shiny|100\/100\n|turn|17\n|\n|t:|1699929930\n|move|p2a: Ceruledge|Shadow Sneak|p1a: wtf does ouvt mean\n|-resisted|p1a: wtf does ouvt mean\n|-damage|p1a: wtf does ouvt mean|87\/100\n|move|p1a: wtf does ouvt mean|Agility|p1a: wtf does ouvt mean\n|-boost|p1a: wtf does ouvt mean|spe|2\n|\n|upkeep\n|turn|18\n|\n|t:|1699929937\n|move|p1a: wtf does ouvt mean|Nasty Plot|p1a: wtf does ouvt mean\n|-boost|p1a: wtf does ouvt mean|spa|2\n|move|p2a: Ceruledge|Poison Jab|p1a: wtf does ouvt mean\n|-damage|p1a: wtf does ouvt mean|55\/100\n|\n|upkeep\n|turn|19\n|\n|t:|1699929945\n|move|p1a: wtf does ouvt mean|Fiery Wrath|p2a: Ceruledge\n|-supereffective|p2a: Ceruledge\n|-enditem|p2a: Ceruledge|Focus Sash\n|-damage|p2a: Ceruledge|1\/100\n|cant|p2a: Ceruledge|flinch\n|\n|upkeep\n|turn|20\n|\n|t:|1699929953\n|move|p2a: Ceruledge|Shadow Sneak|p1a: wtf does ouvt mean\n|-resisted|p1a: wtf does ouvt mean\n|-damage|p1a: wtf does ouvt mean|44\/100\n|-ability|p1a: wtf does ouvt mean|Berserk|boost\n|-boost|p1a: wtf does ouvt mean|spa|1\n|-enditem|p1a: wtf does ouvt mean|Sitrus Berry|[eat]\n|-heal|p1a: wtf does ouvt mean|69\/100|[from] item: Sitrus Berry\n|move|p1a: wtf does ouvt mean|Fiery Wrath|p2a: Ceruledge\n|-supereffective|p2a: Ceruledge\n|-damage|p2a: Ceruledge|0 fnt\n|faint|p2a: Ceruledge\n|\n|upkeep\n|\n|t:|1699929964\n|switch|p2a: Kingambit|Kingambit, F, shiny|100\/100\n|-activate|p2a: Kingambit|ability: Supreme Overlord\n|-start|p2a: Kingambit|fallen5|[silent]\n|turn|21\n|\n|t:|1699929969\n|move|p2a: Kingambit|Sucker Punch|p1a: wtf does ouvt mean\n|-resisted|p1a: wtf does ouvt mean\n|-damage|p1a: wtf does ouvt mean|31\/100\n|-ability|p1a: wtf does ouvt mean|Berserk|boost\n|-boost|p1a: wtf does ouvt mean|spa|1\n|move|p1a: wtf does ouvt mean|Fiery Wrath|p2a: Kingambit\n|-resisted|p2a: Kingambit\n|-damage|p2a: Kingambit|27\/100\n|\n|upkeep\n|turn|22\n|inactive|jacothaptrllr has 120 seconds left.\n|c|\u2606jacothaptrllr|dang gg that sucker punch got have my ass\n|\n|t:|1699930002\n|move|p2a: Kingambit|Sucker Punch|p1a: wtf does ouvt mean\n|-resisted|p1a: wtf does ouvt mean\n|-damage|p1a: wtf does ouvt mean|0 fnt\n|faint|p1a: wtf does ouvt mean\n|\n|win|Xtreamelous\n|raw|jacothaptrllr's rating: 1082 &rarr; <strong>1055<\/strong><br \/>(-27 for losing)\n|raw|Xtreamelous's rating: 1000 &rarr; <strong>1049<\/strong><br \/>(+49 for winning)\n","uploadtime":1699930002,"views":16,"p1id":"jacothaptrllr","p2id":"xtreamelous","formatid":"gen9ou","rating":1049,"private":0,"password":""}