{"id":"gen9ou-1989236582","p1":"juloan","p2":"ShadowSlayersX","format":"[Gen 9] OU","log":"|j|\u2606juloan\n|j|\u2606ShadowSlayersX\n|t:|1699826547\n|gametype|singles\n|player|p1|juloan|1|1214\n|player|p2|ShadowSlayersX|hilbert-wonderlauncher|1175\n|teamsize|p1|6\n|teamsize|p2|6\n|gen|9\n|tier|[Gen 9] OU\n|rated|\n|rule|Sleep Clause Mod: Limit one foe put to sleep\n|rule|Species Clause: Limit one of each Pok\u00e9mon\n|rule|OHKO Clause: OHKO moves are banned\n|rule|Evasion Items Clause: Evasion items are banned\n|rule|Evasion Moves Clause: Evasion moves are banned\n|rule|Endless Battle Clause: Forcing endless battles is banned\n|rule|HP Percentage Mod: HP is shown in percentages\n|clearpoke\n|poke|p1|Dragonite, M|\n|poke|p1|Polteageist|\n|poke|p1|Munkidori, M|\n|poke|p1|Great Tusk|\n|poke|p1|Hatterene, F|\n|poke|p1|Walking Wake|\n|poke|p2|Zapdos|\n|poke|p2|Ceruledge, M|\n|poke|p2|Golem, F|\n|poke|p2|Toxapex, M|\n|poke|p2|Chansey, F|\n|poke|p2|Scizor, M|\n|teampreview\n|inactive|Battle timer is ON: inactive players will automatically lose when time's up. (requested by juloan)\n|\n|t:|1699826557\n|start\n|switch|p1a: Munkidori|Munkidori, M|100\/100\n|switch|p2a: Golem|Golem, F, shiny|100\/100\n|turn|1\n|\n|t:|1699826569\n|switch|p2a: Ceruledge|Ceruledge, M|100\/100\n|move|p1a: Munkidori|Fake Out|p2a: Ceruledge\n|-immune|p2a: Ceruledge\n|\n|upkeep\n|turn|2\n|\n|t:|1699826580\n|move|p1a: Munkidori|Psyshock|p2a: Ceruledge\n|-damage|p2a: Ceruledge|36\/100\n|move|p2a: Ceruledge|Swords Dance|p2a: Ceruledge\n|-boost|p2a: Ceruledge|atk|2\n|\n|upkeep\n|turn|3\n|\n|t:|1699826591\n|move|p2a: Ceruledge|Shadow Sneak|p1a: Munkidori\n|-supereffective|p1a: Munkidori\n|-enditem|p1a: Munkidori|Focus Sash\n|-damage|p1a: Munkidori|1\/100\n|move|p1a: Munkidori|Psyshock|p2a: Ceruledge\n|-damage|p2a: Ceruledge|0 fnt\n|faint|p2a: Ceruledge\n|\n|upkeep\n|\n|t:|1699826607\n|switch|p2a: Scizor|Scizor, M|100\/100\n|turn|4\n|\n|t:|1699826617\n|switch|p1a: Great Tusk|Great Tusk|100\/100\n|-terastallize|p2a: Scizor|Steel\n|move|p2a: Scizor|Bullet Punch|p1a: Great Tusk\n|-damage|p1a: Great Tusk|49\/100\n|\n|upkeep\n|turn|5\n|\n|t:|1699826631\n|move|p2a: Scizor|Bullet Punch|p1a: Great Tusk\n|-damage|p1a: Great Tusk|3\/100\n|move|p1a: Great Tusk|Headlong Rush|p2a: Scizor\n|-supereffective|p2a: Scizor\n|-damage|p2a: Scizor|0 fnt\n|-unboost|p1a: Great Tusk|def|1\n|-unboost|p1a: Great Tusk|spd|1\n|faint|p2a: Scizor\n|\n|upkeep\n|inactive|ShadowSlayersX has 120 seconds left.\n|\n|t:|1699826657\n|switch|p2a: Toxapex|Toxapex, M|100\/100\n|turn|6\n|inactive|ShadowSlayersX has 120 seconds left.\n|\n|t:|1699826663\n|move|p1a: Great Tusk|Headlong Rush|p2a: Toxapex\n|-supereffective|p2a: Toxapex\n|-damage|p2a: Toxapex|20\/100\n|-unboost|p1a: Great Tusk|def|1\n|-unboost|p1a: Great Tusk|spd|1\n|-damage|p1a: Great Tusk|0 fnt|[from] item: Rocky Helmet|[of] p2a: Toxapex\n|faint|p1a: Great Tusk\n|-end|p1a: Great Tusk|Protosynthesis|[silent]\n|move|p2a: Toxapex|Hex|p1: Great Tusk|[notarget]\n|-fail|p2a: Toxapex\n|\n|upkeep\n|\n|t:|1699826678\n|switch|p1a: Munkidori|Munkidori, M|1\/100\n|turn|7\n|\n|t:|1699826683\n|move|p1a: Munkidori|Psyshock|p2a: Toxapex\n|-supereffective|p2a: Toxapex\n|-damage|p2a: Toxapex|0 fnt\n|faint|p2a: Toxapex\n|\n|upkeep\n|\n|t:|1699826695\n|switch|p2a: Chansey|Chansey, F|100\/100\n|turn|8\n|\n|t:|1699826702\n|move|p1a: Munkidori|Psyshock|p2a: Chansey\n|-damage|p2a: Chansey|74\/100\n|move|p2a: Chansey|Stealth Rock|p1a: Munkidori\n|-sidestart|p1: juloan|move: Stealth Rock\n|\n|upkeep\n|turn|9\n|\n|t:|1699826708\n|move|p1a: Munkidori|Psyshock|p2a: Chansey\n|-damage|p2a: Chansey|42\/100\n|move|p2a: Chansey|Seismic Toss|p1a: Munkidori\n|-damage|p1a: Munkidori|0 fnt\n|faint|p1a: Munkidori\n|\n|upkeep\n|\n|t:|1699826719\n|switch|p1a: Dragonite|Dragonite, M|100\/100\n|-damage|p1a: Dragonite|75\/100|[from] Stealth Rock\n|turn|10\n|\n|t:|1699826724\n|move|p1a: Dragonite|Dragon Dance|p1a: Dragonite\n|-boost|p1a: Dragonite|atk|1\n|-boost|p1a: Dragonite|spe|1\n|move|p2a: Chansey|Thunder Wave|p1a: Dragonite\n|-status|p1a: Dragonite|par\n|-enditem|p1a: Dragonite|Lum Berry|[eat]\n|-curestatus|p1a: Dragonite|par|[msg]\n|\n|upkeep\n|turn|11\n|\n|t:|1699826734\n|move|p1a: Dragonite|Earthquake|p2a: Chansey\n|-damage|p2a: Chansey|7\/100\n|move|p2a: Chansey|Soft-Boiled|p2a: Chansey\n|-heal|p2a: Chansey|57\/100\n|\n|upkeep\n|turn|12\n|\n|t:|1699826741\n|move|p1a: Dragonite|Dragon Dance|p1a: Dragonite\n|-boost|p1a: Dragonite|atk|1\n|-boost|p1a: Dragonite|spe|1\n|move|p2a: Chansey|Thunder Wave|p1a: Dragonite\n|-status|p1a: Dragonite|par\n|\n|upkeep\n|turn|13\n|\n|t:|1699826749\n|move|p1a: Dragonite|Earthquake|p2a: Chansey\n|-damage|p2a: Chansey|3\/100\n|move|p2a: Chansey|Seismic Toss|p1a: Dragonite\n|-damage|p1a: Dragonite|45\/100 par\n|\n|upkeep\n|turn|14\n|\n|t:|1699826756\n|cant|p1a: Dragonite|par\n|move|p2a: Chansey|Soft-Boiled|p2a: Chansey\n|-heal|p2a: Chansey|53\/100\n|\n|upkeep\n|turn|15\n|\n|t:|1699826762\n|cant|p1a: Dragonite|par\n|move|p2a: Chansey|Soft-Boiled|p2a: Chansey\n|-heal|p2a: Chansey|100\/100\n|\n|upkeep\n|turn|16\n|\n|t:|1699826772\n|switch|p2a: Zapdos|Zapdos|100\/100\n|move|p1a: Dragonite|Earthquake|p2a: Zapdos\n|-immune|p2a: Zapdos\n|\n|upkeep\n|turn|17\n|\n|t:|1699826784\n|move|p2a: Zapdos|Thunderbolt|p1a: Dragonite\n|-damage|p1a: Dragonite|0 fnt\n|faint|p1a: Dragonite\n|\n|upkeep\n|\n|t:|1699826794\n|switch|p1a: Walking Wake|Walking Wake|100\/100\n|-damage|p1a: Walking Wake|88\/100|[from] Stealth Rock\n|turn|18\n|\n|t:|1699826799\n|move|p1a: Walking Wake|Scald|p2a: Zapdos\n|-damage|p2a: Zapdos|24\/100\n|move|p2a: Zapdos|Thunderbolt|p1a: Walking Wake\n|-damage|p1a: Walking Wake|8\/100\n|\n|upkeep\n|turn|19\n|\n|t:|1699826822\n|switch|p2a: Chansey|Chansey, F|100\/100\n|move|p1a: Walking Wake|Scald|p2a: Chansey\n|-damage|p2a: Chansey|82\/100\n|-status|p2a: Chansey|brn\n|\n|-damage|p2a: Chansey|76\/100 brn|[from] brn\n|upkeep\n|turn|20\n|\n|t:|1699826835\n|move|p1a: Walking Wake|Scald|p2a: Chansey\n|-damage|p2a: Chansey|59\/100 brn\n|move|p2a: Chansey|Seismic Toss|p1a: Walking Wake\n|-damage|p1a: Walking Wake|0 fnt\n|faint|p1a: Walking Wake\n|-end|p1a: Walking Wake|Protosynthesis|[silent]\n|\n|-damage|p2a: Chansey|53\/100 brn|[from] brn\n|upkeep\n|\n|t:|1699826845\n|switch|p1a: Polteageist|Polteageist|100\/100\n|-damage|p1a: Polteageist|88\/100|[from] Stealth Rock\n|turn|21\n|\n|t:|1699826854\n|move|p1a: Polteageist|Shell Smash|p1a: Polteageist\n|-unboost|p1a: Polteageist|def|1\n|-unboost|p1a: Polteageist|spd|1\n|-boost|p1a: Polteageist|atk|2\n|-boost|p1a: Polteageist|spa|2\n|-boost|p1a: Polteageist|spe|2\n|move|p2a: Chansey|Thunder Wave|p1a: Polteageist\n|-status|p1a: Polteageist|par\n|\n|-damage|p2a: Chansey|47\/100 brn|[from] brn\n|upkeep\n|turn|22\n|\n|t:|1699826866\n|move|p1a: Polteageist|Shell Smash|p1a: Polteageist\n|-unboost|p1a: Polteageist|def|1\n|-unboost|p1a: Polteageist|spd|1\n|-boost|p1a: Polteageist|atk|2\n|-boost|p1a: Polteageist|spa|2\n|-boost|p1a: Polteageist|spe|2\n|move|p2a: Chansey|Soft-Boiled|p2a: Chansey\n|-heal|p2a: Chansey|97\/100 brn\n|\n|-damage|p2a: Chansey|90\/100 brn|[from] brn\n|upkeep\n|turn|23\n|\n|t:|1699826894\n|-curestatus|p2a: Chansey|brn|[from] ability: Natural Cure\n|switch|p2a: Golem|Golem, F, shiny|100\/100\n|cant|p1a: Polteageist|par\n|\n|upkeep\n|turn|24\n|\n|t:|1699826905\n|-terastallize|p1a: Polteageist|Fighting\n|cant|p1a: Polteageist|par\n|move|p2a: Golem|Earthquake|p1a: Polteageist\n|-damage|p1a: Polteageist|0 fnt\n|faint|p1a: Polteageist\n|\n|upkeep\n|\n|t:|1699826919\n|switch|p1a: Hatterene|Hatterene, F|100\/100\n|-damage|p1a: Hatterene|88\/100|[from] Stealth Rock\n|turn|25\n|\n|t:|1699826925\n|move|p2a: Golem|Curse|p2a: Golem\n|-unboost|p2a: Golem|spe|1\n|-boost|p2a: Golem|atk|1\n|-boost|p2a: Golem|def|1\n|move|p1a: Hatterene|Nuzzle|p2a: Golem\n|-immune|p2a: Golem\n|\n|upkeep\n|turn|26\n|\n|t:|1699826934\n|move|p1a: Hatterene|Draining Kiss|p2a: Golem\n|-damage|p2a: Golem|72\/100\n|-heal|p1a: Hatterene|100\/100|[from] drain|[of] p2a: Golem\n|move|p2a: Golem|Explosion|p1a: Hatterene\n|-damage|p1a: Hatterene|0 fnt\n|faint|p2a: Golem\n|faint|p1a: Hatterene\n|\n|win|ShadowSlayersX\n|raw|juloan's rating: 1214 &rarr; <strong>1186<\/strong><br \/>(-28 for losing)\n|raw|ShadowSlayersX's rating: 1175 &rarr; <strong>1203<\/strong><br \/>(+28 for winning)\n|l|\u2606juloan\n|c|\u2606ShadowSlayersX|Gg\n","uploadtime":1699826955,"views":12,"p1id":"juloan","p2id":"shadowslayersx","formatid":"gen9ou","rating":1186,"private":0,"password":""}