{"id":"gen9ou-1997627258","p1":"dragonmaster441","p2":"play online 2020","format":"[Gen 9] OU","log":"|j|\u2606dragonmaster441\n|j|\u2606play online 2020\n|t:|1700834789\n|gametype|singles\n|player|p1|dragonmaster441|bianca|1157\n|player|p2|play online 2020|265|1110\n|teamsize|p1|6\n|teamsize|p2|6\n|gen|9\n|tier|[Gen 9] OU\n|rated|\n|rule|Sleep Clause Mod: Limit one foe put to sleep\n|rule|Species Clause: Limit one of each Pok\u00e9mon\n|rule|OHKO Clause: OHKO moves are banned\n|rule|Evasion Items Clause: Evasion items are banned\n|rule|Evasion Moves Clause: Evasion moves are banned\n|rule|Endless Battle Clause: Forcing endless battles is banned\n|rule|HP Percentage Mod: HP is shown in percentages\n|clearpoke\n|poke|p1|Conkeldurr, F|\n|poke|p1|Gholdengo|\n|poke|p1|Walking Wake|\n|poke|p1|Dragonite, M|\n|poke|p1|Enamorus, F|\n|poke|p1|Zamazenta-*|\n|poke|p2|Ceruledge, F|\n|poke|p2|Samurott-Hisui, F|\n|poke|p2|Glimmora, M|\n|poke|p2|Great Tusk|\n|poke|p2|Ribombee, F|\n|poke|p2|Gholdengo|\n|teampreview\n|inactive|Battle timer is ON: inactive players will automatically lose when time's up. (requested by dragonmaster441)\n|c|\u2606dragonmaster441|hf\n|\n|t:|1700834818\n|start\n|switch|p1a: cadwallader|Walking Wake|100\/100\n|switch|p2a: Ribombee|Ribombee, F|100\/100\n|turn|1\n|\n|t:|1700834827\n|move|p1a: cadwallader|Flip Turn|p2a: Ribombee\n|-damage|p2a: Ribombee|67\/100\n|\n|t:|1700834831\n|-end|p1a: cadwallader|Protosynthesis|[silent]\n|switch|p1a: grig|Gholdengo|100\/100|[from] Flip Turn\n|move|p2a: Ribombee|Sticky Web|p1a: grig\n|-sidestart|p1: dragonmaster441|move: Sticky Web\n|\n|upkeep\n|turn|2\n|\n|t:|1700834840\n|move|p1a: grig|Make It Rain|p2a: Ribombee\n|-supereffective|p2a: Ribombee\n|-damage|p2a: Ribombee|0 fnt\n|-unboost|p1a: grig|spa|1\n|faint|p2a: Ribombee\n|\n|upkeep\n|\n|t:|1700834863\n|switch|p2a: Samurott|Samurott-Hisui, F|100\/100\n|turn|3\n|inactive|dragonmaster441 has 120 seconds left.\n|inactive|dragonmaster441 has 90 seconds left.\n|inactive|dragonmaster441 has 60 seconds left.\n|\n|t:|1700834982\n|switch|p1a: chinsley|Conkeldurr, F|100\/100\n|move|p2a: Samurott|Ceaseless Edge|p1a: chinsley\n|-resisted|p1a: chinsley\n|-damage|p1a: chinsley|81\/100\n|-sidestart|p1: dragonmaster441|Spikes\n|\n|upkeep\n|turn|4\n|inactive|play online 2020 has 120 seconds left.\n|inactive|play online 2020 has 90 seconds left.\n|\n|t:|1700835032\n|switch|p2a: Glimmora|Glimmora, M|100\/100\n|move|p1a: chinsley|Defog|p2a: Glimmora\n|-unboost|p2a: Glimmora|evasion|1\n|-sideend|p1: dragonmaster441|Spikes|[from] move: Defog|[of] p1a: chinsley\n|-sideend|p1: dragonmaster441|Sticky Web|[from] move: Defog|[of] p1a: chinsley\n|\n|upkeep\n|turn|5\n|inactive|play online 2020 has 90 seconds left.\n|\n|t:|1700835047\n|move|p2a: Glimmora|Sludge Wave|p1a: chinsley\n|-damage|p1a: chinsley|19\/100\n|move|p1a: chinsley|Taunt|p2a: Glimmora\n|-start|p2a: Glimmora|move: Taunt\n|\n|upkeep\n|turn|6\n|inactive|play online 2020 has 90 seconds left.\n|\n|t:|1700835058\n|switch|p1a: grig|Gholdengo|100\/100\n|move|p2a: Glimmora|Sludge Wave|p1a: grig\n|-immune|p1a: grig\n|\n|upkeep\n|turn|7\n|\n|t:|1700835069\n|switch|p2a: Samurott|Samurott-Hisui, F|100\/100\n|move|p1a: grig|Make It Rain|p2a: Samurott\n|-resisted|p2a: Samurott\n|-damage|p2a: Samurott|69\/100\n|-unboost|p1a: grig|spa|1\n|\n|upkeep\n|turn|8\n|\n|t:|1700835078\n|switch|p1a: zazarius|Zamazenta|100\/100\n|-ability|p1a: zazarius|Dauntless Shield|boost\n|-boost|p1a: zazarius|def|1\n|move|p2a: Samurott|Ceaseless Edge|p1a: zazarius\n|-resisted|p1a: zazarius\n|-damage|p1a: zazarius|87\/100\n|-sidestart|p1: dragonmaster441|Spikes\n|\n|upkeep\n|turn|9\n|l|\u2606dragonmaster441\n|inactive|dragonmaster441 disconnected and has a minute to reconnect!\n|player|p1|\n|j|\u2606dragonmaster441\n|inactive|dragonmaster441 reconnected and has 40 seconds left.\n|player|p1|dragonmaster441|bianca\n|\n|t:|1700835105\n|move|p1a: zazarius|Crunch|p2a: Samurott\n|-resisted|p2a: Samurott\n|-damage|p2a: Samurott|45\/100\n|move|p2a: Samurott|Sacred Sword|p1a: zazarius\n|-damage|p1a: zazarius|52\/100\n|\n|upkeep\n|turn|10\n|\n|t:|1700835113\n|switch|p2a: Gholdengo|Gholdengo|100\/100\n|move|p1a: zazarius|Crunch|p2a: Gholdengo\n|-supereffective|p2a: Gholdengo\n|-damage|p2a: Gholdengo|16\/100\n|-unboost|p2a: Gholdengo|def|1\n|\n|upkeep\n|turn|11\n|\n|t:|1700835125\n|move|p2a: Gholdengo|Make It Rain|p1a: zazarius\n|-damage|p1a: zazarius|0 fnt\n|-unboost|p2a: Gholdengo|spa|1\n|faint|p1a: zazarius\n|\n|upkeep\n|\n|t:|1700835132\n|switch|p1a: cadwallader|Walking Wake|100\/100\n|-damage|p1a: cadwallader|88\/100|[from] Spikes\n|turn|12\n|\n|t:|1700835139\n|switch|p2a: Glimmora|Glimmora, M|100\/100\n|move|p1a: cadwallader|Hydro Pump|p2a: Glimmora\n|-supereffective|p2a: Glimmora\n|-damage|p2a: Glimmora|0 fnt\n|faint|p2a: Glimmora\n|\n|upkeep\n|\n|t:|1700835151\n|switch|p2a: Samurott|Samurott-Hisui, F|45\/100\n|turn|13\n|\n|t:|1700835163\n|-end|p1a: cadwallader|Protosynthesis|[silent]\n|switch|p1a: erdingerinho|Enamorus, F|100\/100\n|move|p2a: Samurott|Ceaseless Edge|p1a: erdingerinho\n|-resisted|p1a: erdingerinho\n|-damage|p1a: erdingerinho|66\/100\n|-sidestart|p1: dragonmaster441|Spikes\n|\n|upkeep\n|turn|14\n|\n|t:|1700835185\n|-terastallize|p2a: Samurott|Poison\n|move|p1a: erdingerinho|Earth Power|p2a: Samurott\n|-supereffective|p2a: Samurott\n|-damage|p2a: Samurott|0 fnt\n|faint|p2a: Samurott\n|\n|upkeep\n|\n|t:|1700835191\n|switch|p2a: Gholdengo|Gholdengo|16\/100\n|turn|15\n|\n|t:|1700835197\n|move|p1a: erdingerinho|Earth Power|p2a: Gholdengo\n|-supereffective|p2a: Gholdengo\n|-damage|p2a: Gholdengo|0 fnt\n|faint|p2a: Gholdengo\n|\n|upkeep\n|-message|play online 2020 forfeited.\n|\n|win|dragonmaster441\n|raw|dragonmaster441's rating: 1157 &rarr; <strong>1179<\/strong><br \/>(+22 for winning)\n|raw|play online 2020's rating: 1110 &rarr; <strong>1088<\/strong><br \/>(-22 for losing)\n|l|\u2606play online 2020\n","uploadtime":1700835210,"views":4,"p1id":"dragonmaster441","p2id":"playonline2020","formatid":"gen9ou","rating":1088,"private":0,"password":""}