{"id":"gen9ou-1990463727","p1":"Firegamer112a","p2":"Felckon","format":"[Gen 9] OU","log":"|j|\u2606Firegamer112a\n|j|\u2606Felckon\n|t:|1699973351\n|gametype|singles\n|player|p1|Firegamer112a|grimsley|1343\n|player|p2|Felckon|acetrainersnow|1359\n|teamsize|p1|6\n|teamsize|p2|6\n|gen|9\n|tier|[Gen 9] OU\n|rated|\n|rule|Sleep Clause Mod: Limit one foe put to sleep\n|rule|Species Clause: Limit one of each Pok\u00e9mon\n|rule|OHKO Clause: OHKO moves are banned\n|rule|Evasion Items Clause: Evasion items are banned\n|rule|Evasion Moves Clause: Evasion moves are banned\n|rule|Endless Battle Clause: Forcing endless battles is banned\n|rule|HP Percentage Mod: HP is shown in percentages\n|clearpoke\n|poke|p1|Dragapult, F|\n|poke|p1|Landorus-Therian, M|\n|poke|p1|Rillaboom, F|\n|poke|p1|Sneasler, M|\n|poke|p1|Toxapex, F|\n|poke|p1|Blissey, F|\n|poke|p2|Articuno|\n|poke|p2|Ninetales-Alola, M|\n|poke|p2|Corviknight, F|\n|poke|p2|Slowking, F|\n|poke|p2|Dragapult, F|\n|poke|p2|Great Tusk|\n|teampreview\n|\n|t:|1699973383\n|start\n|switch|p1a: Dragapult|Dragapult, F|100\/100\n|switch|p2a: Articuno|Articuno|100\/100\n|-ability|p2a: Articuno|Pressure\n|turn|1\n|\n|t:|1699973388\n|-terastallize|p1a: Dragapult|Steel\n|move|p1a: Dragapult|Dragon Dance|p1a: Dragapult\n|-boost|p1a: Dragapult|atk|1\n|-boost|p1a: Dragapult|spe|1\n|move|p2a: Articuno|Blizzard|p1a: Dragapult\n|-resisted|p1a: Dragapult\n|-damage|p1a: Dragapult|65\/100\n|-status|p1a: Dragapult|frz\n|\n|upkeep\n|turn|2\n|\n|t:|1699973393\n|-terastallize|p2a: Articuno|Ground\n|cant|p1a: Dragapult|frz\n|move|p2a: Articuno|Tera Blast|p1a: Dragapult|[anim] Tera Blast Ground\n|-supereffective|p1a: Dragapult\n|-damage|p1a: Dragapult|0 fnt\n|faint|p1a: Dragapult\n|\n|upkeep\n|\n|t:|1699973402\n|switch|p1a: Rillaboom|Rillaboom, F|100\/100\n|-fieldstart|move: Grassy Terrain|[from] ability: Grassy Surge|[of] p1a: Rillaboom\n|turn|3\n|\n|t:|1699973408\n|switch|p2a: Corviknight|Corviknight, F|100\/100\n|-ability|p2a: Corviknight|Pressure\n|move|p1a: Rillaboom|Wood Hammer|p2a: Corviknight\n|-resisted|p2a: Corviknight\n|-damage|p2a: Corviknight|79\/100\n|-damage|p1a: Rillaboom|84\/100|[from] item: Rocky Helmet|[of] p2a: Corviknight\n|-damage|p1a: Rillaboom|76\/100|[from] Recoil\n|\n|-heal|p1a: Rillaboom|82\/100|[from] Grassy Terrain\n|upkeep\n|turn|4\n|\n|t:|1699973412\n|switch|p1a: Landorus|Landorus-Therian, M|100\/100\n|-ability|p1a: Landorus|Intimidate|boost\n|-unboost|p2a: Corviknight|atk|1\n|move|p2a: Corviknight|U-turn|p1a: Landorus\n|-resisted|p1a: Landorus\n|-damage|p1a: Landorus|97\/100\n|-damage|p2a: Corviknight|62\/100|[from] item: Rocky Helmet|[of] p1a: Landorus\n|\n|t:|1699973416\n|switch|p2a: Ninetales|Ninetales-Alola, M|100\/100|[from] U-turn\n|-weather|Snow|[from] ability: Snow Warning|[of] p2a: Ninetales\n|\n|-weather|Snow|[upkeep]\n|upkeep\n|turn|5\n|\n|t:|1699973422\n|switch|p1a: Blissey|Blissey, F|100\/100\n|move|p2a: Ninetales|Blizzard|p1a: Blissey\n|-damage|p1a: Blissey|89\/100\n|\n|-weather|Snow|[upkeep]\n|-heal|p1a: Blissey|95\/100|[from] Grassy Terrain\n|upkeep\n|turn|6\n|\n|t:|1699973428\n|move|p2a: Ninetales|Aurora Veil|p2a: Ninetales\n|-sidestart|p2: Felckon|move: Aurora Veil\n|move|p1a: Blissey|Thunder Wave|p2a: Ninetales\n|-status|p2a: Ninetales|par\n|\n|-weather|Snow|[upkeep]\n|-heal|p1a: Blissey|100\/100|[from] Grassy Terrain\n|upkeep\n|turn|7\n|\n|t:|1699973435\n|switch|p1a: Rillaboom|Rillaboom, F|82\/100\n|move|p2a: Ninetales|Encore||[still]\n|-fail|p2a: Ninetales\n|\n|-weather|Snow|[upkeep]\n|-heal|p1a: Rillaboom|88\/100|[from] Grassy Terrain\n|-fieldend|move: Grassy Terrain\n|upkeep\n|turn|8\n|\n|t:|1699973444\n|switch|p1a: Blissey|Blissey, F|100\/100\n|move|p2a: Ninetales|Blizzard|p1a: Blissey\n|-damage|p1a: Blissey|89\/100\n|\n|-weather|none\n|upkeep\n|turn|9\n|\n|t:|1699973454\n|move|p2a: Ninetales|Encore||[still]\n|-fail|p2a: Ninetales\n|move|p1a: Blissey|Seismic Toss|p2a: Ninetales\n|-damage|p2a: Ninetales|72\/100 par\n|\n|upkeep\n|turn|10\n|\n|t:|1699973459\n|move|p2a: Ninetales|Encore|p1a: Blissey\n|-start|p1a: Blissey|Encore\n|move|p1a: Blissey|Seismic Toss|p2a: Ninetales\n|-damage|p2a: Ninetales|43\/100 par\n|\n|upkeep\n|turn|11\n|\n|t:|1699973466\n|switch|p2a: Dragapult|Dragapult, F|100\/100\n|switch|p1a: Landorus|Landorus-Therian, M|97\/100\n|-ability|p1a: Landorus|Intimidate|boost\n|-fail|p2a: Dragapult|unboost|[from] ability: Clear Body|[of] p2a: Dragapult\n|\n|upkeep\n|turn|12\n|\n|t:|1699973480\n|move|p2a: Dragapult|Dragon Dance|p2a: Dragapult\n|-boost|p2a: Dragapult|atk|1\n|-boost|p2a: Dragapult|spe|1\n|move|p1a: Landorus|Earthquake|p2a: Dragapult\n|-damage|p2a: Dragapult|62\/100\n|\n|-heal|p2a: Dragapult|68\/100|[from] item: Leftovers\n|upkeep\n|turn|13\n|\n|t:|1699973486\n|move|p2a: Dragapult|Dragon Darts|p1a: Landorus\n|-crit|p1a: Landorus\n|-damage|p1a: Landorus|56\/100\n|-anim|p2a: Dragapult|Dragon Darts|p1a: Landorus\n|-damage|p1a: Landorus|32\/100\n|move|p1a: Landorus|Earthquake|p2a: Dragapult\n|-damage|p2a: Dragapult|31\/100\n|\n|-heal|p2a: Dragapult|37\/100|[from] item: Leftovers\n|-sideend|p2: Felckon|move: Aurora Veil\n|upkeep\n|turn|14\n|\n|t:|1699973489\n|move|p2a: Dragapult|Dragon Darts|p1a: Landorus\n|-damage|p1a: Landorus|7\/100\n|-anim|p2a: Dragapult|Dragon Darts|p1a: Landorus\n|-damage|p1a: Landorus|0 fnt\n|faint|p1a: Landorus\n|\n|-heal|p2a: Dragapult|43\/100|[from] item: Leftovers\n|upkeep\n|\n|t:|1699973491\n|switch|p1a: Rillaboom|Rillaboom, F|88\/100\n|-fieldstart|move: Grassy Terrain|[from] ability: Grassy Surge|[of] p1a: Rillaboom\n|turn|15\n|\n|t:|1699973494\n|switch|p2a: Corviknight|Corviknight, F|62\/100\n|-ability|p2a: Corviknight|Pressure\n|move|p1a: Rillaboom|Knock Off|p2a: Corviknight\n|-crit|p2a: Corviknight\n|-damage|p2a: Corviknight|11\/100\n|-damage|p1a: Rillaboom|71\/100|[from] item: Rocky Helmet|[of] p2a: Corviknight\n|-enditem|p2a: Corviknight|Rocky Helmet|[from] move: Knock Off|[of] p1a: Rillaboom\n|\n|-heal|p1a: Rillaboom|78\/100|[from] Grassy Terrain\n|upkeep\n|turn|16\n|\n|t:|1699973505\n|switch|p2a: Great Tusk|Great Tusk|100\/100\n|move|p1a: Rillaboom|Knock Off|p2a: Great Tusk\n|-resisted|p2a: Great Tusk\n|-damage|p2a: Great Tusk|81\/100\n|-enditem|p2a: Great Tusk|Assault Vest|[from] move: Knock Off|[of] p1a: Rillaboom\n|\n|-heal|p2a: Great Tusk|87\/100|[from] Grassy Terrain\n|-heal|p1a: Rillaboom|84\/100|[from] Grassy Terrain\n|upkeep\n|turn|17\n|\n|t:|1699973514\n|switch|p1a: Sneasler|Sneasler, M, shiny|100\/100\n|-enditem|p1a: Sneasler|Grassy Seed\n|-boost|p1a: Sneasler|def|1|[from] item: Grassy Seed\n|move|p2a: Great Tusk|Rapid Spin|p1a: Sneasler\n|-damage|p1a: Sneasler|84\/100\n|-boost|p2a: Great Tusk|spe|1\n|\n|-heal|p1a: Sneasler|90\/100|[from] Grassy Terrain\n|-heal|p2a: Great Tusk|93\/100|[from] Grassy Terrain\n|upkeep\n|turn|18\n|\n|t:|1699973525\n|move|p1a: Sneasler|Acrobatics|p2a: Great Tusk\n|-supereffective|p2a: Great Tusk\n|-damage|p2a: Great Tusk|36\/100\n|move|p2a: Great Tusk|Headlong Rush|p1a: Sneasler\n|-supereffective|p1a: Sneasler\n|-damage|p1a: Sneasler|0 fnt\n|-unboost|p2a: Great Tusk|def|1\n|-unboost|p2a: Great Tusk|spd|1\n|faint|p1a: Sneasler\n|\n|-heal|p2a: Great Tusk|43\/100|[from] Grassy Terrain\n|upkeep\n|\n|t:|1699973531\n|switch|p1a: Rillaboom|Rillaboom, F|84\/100\n|turn|19\n|\n|t:|1699973537\n|-end|p2a: Great Tusk|Protosynthesis|[silent]\n|switch|p2a: Corviknight|Corviknight, F|11\/100\n|-ability|p2a: Corviknight|Pressure\n|move|p1a: Rillaboom|Wood Hammer|p2a: Corviknight\n|-resisted|p2a: Corviknight\n|-damage|p2a: Corviknight|0 fnt\n|faint|p2a: Corviknight\n|-damage|p1a: Rillaboom|79\/100|[from] Recoil\n|\n|-heal|p1a: Rillaboom|86\/100|[from] Grassy Terrain\n|-fieldend|move: Grassy Terrain\n|upkeep\n|\n|t:|1699973552\n|switch|p2a: Great Tusk|Great Tusk|43\/100\n|turn|20\n|\n|t:|1699973554\n|move|p2a: Great Tusk|Close Combat|p1a: Rillaboom\n|-damage|p1a: Rillaboom|31\/100\n|-unboost|p2a: Great Tusk|def|1\n|-unboost|p2a: Great Tusk|spd|1\n|move|p1a: Rillaboom|Wood Hammer|p2a: Great Tusk\n|-supereffective|p2a: Great Tusk\n|-damage|p2a: Great Tusk|0 fnt\n|faint|p2a: Great Tusk\n|-end|p2a: Great Tusk|Protosynthesis|[silent]\n|-damage|p1a: Rillaboom|16\/100|[from] Recoil\n|\n|upkeep\n|\n|t:|1699973564\n|switch|p2a: Dragapult|Dragapult, F|43\/100\n|turn|21\n|\n|t:|1699973566\n|move|p2a: Dragapult|Dragon Darts|p1a: Rillaboom\n|-damage|p1a: Rillaboom|0 fnt\n|faint|p1a: Rillaboom\n|\n|-heal|p2a: Dragapult|49\/100|[from] item: Leftovers\n|upkeep\n|\n|t:|1699973570\n|switch|p1a: Toxapex|Toxapex, F|100\/100\n|turn|22\n|\n|t:|1699973573\n|move|p2a: Dragapult|Substitute|p2a: Dragapult\n|-start|p2a: Dragapult|Substitute\n|-damage|p2a: Dragapult|24\/100\n|move|p1a: Toxapex|Toxic||[still]\n|-fail|p1a: Toxapex\n|\n|-heal|p2a: Dragapult|30\/100|[from] item: Leftovers\n|upkeep\n|turn|23\n|\n|t:|1699973576\n|move|p2a: Dragapult|Dragon Dance|p2a: Dragapult\n|-boost|p2a: Dragapult|atk|1\n|-boost|p2a: Dragapult|spe|1\n|move|p1a: Toxapex|Liquidation|p2a: Dragapult\n|-resisted|p2a: Dragapult\n|-activate|p2a: Dragapult|move: Substitute|[damage]\n|\n|-heal|p2a: Dragapult|36\/100|[from] item: Leftovers\n|upkeep\n|turn|24\n|\n|t:|1699973579\n|move|p2a: Dragapult|Dragon Dance|p2a: Dragapult\n|-boost|p2a: Dragapult|atk|1\n|-boost|p2a: Dragapult|spe|1\n|move|p1a: Toxapex|Haze|p1a: Toxapex\n|-clearallboost\n|\n|-heal|p2a: Dragapult|42\/100|[from] item: Leftovers\n|upkeep\n|turn|25\n|\n|t:|1699973581\n|move|p2a: Dragapult|Dragon Dance|p2a: Dragapult\n|-boost|p2a: Dragapult|atk|1\n|-boost|p2a: Dragapult|spe|1\n|move|p1a: Toxapex|Liquidation|p2a: Dragapult\n|-resisted|p2a: Dragapult\n|-end|p2a: Dragapult|Substitute\n|\n|-heal|p2a: Dragapult|48\/100|[from] item: Leftovers\n|upkeep\n|turn|26\n|\n|t:|1699973584\n|move|p2a: Dragapult|Substitute|p2a: Dragapult\n|-start|p2a: Dragapult|Substitute\n|-damage|p2a: Dragapult|23\/100\n|move|p1a: Toxapex|Haze|p1a: Toxapex\n|-clearallboost\n|\n|-heal|p2a: Dragapult|29\/100|[from] item: Leftovers\n|upkeep\n|turn|27\n|\n|t:|1699973587\n|move|p2a: Dragapult|Dragon Dance|p2a: Dragapult\n|-boost|p2a: Dragapult|atk|1\n|-boost|p2a: Dragapult|spe|1\n|move|p1a: Toxapex|Liquidation|p2a: Dragapult\n|-resisted|p2a: Dragapult\n|-activate|p2a: Dragapult|move: Substitute|[damage]\n|\n|-heal|p2a: Dragapult|35\/100|[from] item: Leftovers\n|upkeep\n|turn|28\n|\n|t:|1699973590\n|move|p2a: Dragapult|Dragon Darts|p1a: Toxapex\n|-damage|p1a: Toxapex|79\/100\n|-anim|p2a: Dragapult|Dragon Darts|p1a: Toxapex\n|-damage|p1a: Toxapex|56\/100\n|move|p1a: Toxapex|Liquidation|p2a: Dragapult\n|-resisted|p2a: Dragapult\n|-end|p2a: Dragapult|Substitute\n|\n|-heal|p2a: Dragapult|41\/100|[from] item: Leftovers\n|-heal|p1a: Toxapex|63\/100|[from] item: Black Sludge\n|upkeep\n|turn|29\n|\n|t:|1699973597\n|switch|p1a: Blissey|Blissey, F|89\/100\n|move|p2a: Dragapult|Dragon Darts|p1a: Blissey\n|-damage|p1a: Blissey|56\/100\n|-anim|p2a: Dragapult|Dragon Darts|p1a: Blissey\n|-damage|p1a: Blissey|19\/100\n|\n|-heal|p2a: Dragapult|47\/100|[from] item: Leftovers\n|upkeep\n|turn|30\n|\n|t:|1699973602\n|move|p2a: Dragapult|Dragon Darts|p1a: Blissey\n|-damage|p1a: Blissey|0 fnt\n|faint|p1a: Blissey\n|\n|-heal|p2a: Dragapult|53\/100|[from] item: Leftovers\n|upkeep\n|-message|Firegamer112a forfeited.\n|\n|win|Felckon\n|raw|Firegamer112a's rating: 1343 &rarr; <strong>1324<\/strong><br \/>(-19 for losing)\n|raw|Felckon's rating: 1359 &rarr; <strong>1378<\/strong><br \/>(+19 for winning)\n|l|\u2606Firegamer112a\n","uploadtime":1699973609,"views":10,"p1id":"firegamer112a","p2id":"felckon","formatid":"gen9ou","rating":1324,"private":0,"password":""}