{"id":"gen9ou-2000051351","p1":"TheGr8est2EverDoIt","p2":"RggV","format":"[Gen 9] OU","log":"|j|\u2606TheGr8est2EverDoIt\n|j|\u2606RggV\n|t:|1701146358\n|gametype|singles\n|player|p1|TheGr8est2EverDoIt|lucas|1790\n|player|p2|RggV|#wcop2023latinamerica|1773\n|teamsize|p1|6\n|teamsize|p2|6\n|gen|9\n|tier|[Gen 9] OU\n|rated|\n|rule|Sleep Clause Mod: Limit one foe put to sleep\n|rule|Species Clause: Limit one of each Pok\u00e9mon\n|rule|OHKO Clause: OHKO moves are banned\n|rule|Evasion Items Clause: Evasion items are banned\n|rule|Evasion Moves Clause: Evasion moves are banned\n|rule|Endless Battle Clause: Forcing endless battles is banned\n|rule|HP Percentage Mod: HP is shown in percentages\n|clearpoke\n|poke|p1|Falinks|\n|poke|p1|Ribombee, F|\n|poke|p1|Gholdengo|\n|poke|p1|Iron Jugulis|\n|poke|p1|Ogerpon-Wellspring, F|\n|poke|p1|Munkidori, M|\n|poke|p2|Infernape, F|\n|poke|p2|Ribombee, F|\n|poke|p2|Gholdengo|\n|poke|p2|Manaphy|\n|poke|p2|Landorus-Therian, M|\n|poke|p2|Kommo-o, M|\n|teampreview\n|inactive|Battle timer is ON: inactive players will automatically lose when time's up. (requested by RggV)\n|\n|t:|1701146367\n|start\n|switch|p1a: Ribombee|Ribombee, F|100\/100\n|switch|p2a: Ribombee|Ribombee, F|100\/100\n|turn|1\n|\n|t:|1701146375\n|move|p2a: Ribombee|Sticky Web|p1a: Ribombee\n|-sidestart|p1: TheGr8est2EverDoIt|move: Sticky Web\n|move|p1a: Ribombee|Sticky Web|p2a: Ribombee\n|-sidestart|p2: RggV|move: Sticky Web\n|\n|upkeep\n|turn|2\n|\n|t:|1701146377\n|move|p1a: Ribombee|Moonblast|p2a: Ribombee\n|-damage|p2a: Ribombee|35\/100\n|move|p2a: Ribombee|Moonblast|p1a: Ribombee\n|-damage|p1a: Ribombee|32\/100\n|\n|upkeep\n|turn|3\n|\n|t:|1701146379\n|move|p2a: Ribombee|Moonblast|p1a: Ribombee\n|-damage|p1a: Ribombee|0 fnt\n|faint|p1a: Ribombee\n|\n|upkeep\n|\n|t:|1701146384\n|switch|p1a: Iron Jugulis|Iron Jugulis|100\/100\n|-enditem|p1a: Iron Jugulis|Booster Energy\n|-activate|p1a: Iron Jugulis|ability: Quark Drive|[fromitem]\n|-start|p1a: Iron Jugulis|quarkdrivespe\n|turn|4\n|j| dsadfllkfdsfsf\n|\n|t:|1701146387\n|move|p1a: Iron Jugulis|Hurricane|p2a: Ribombee|[miss]\n|-miss|p1a: Iron Jugulis|p2a: Ribombee\n|move|p2a: Ribombee|Moonblast|p1a: Iron Jugulis\n|-supereffective|p1a: Iron Jugulis\n|-damage|p1a: Iron Jugulis|5\/100\n|\n|upkeep\n|turn|5\n|j| xxCOALLAxx\n|j| GummyRowlets\n|\n|t:|1701146393\n|move|p1a: Iron Jugulis|Hurricane|p2a: Ribombee\n|-supereffective|p2a: Ribombee\n|-damage|p2a: Ribombee|0 fnt\n|faint|p2a: Ribombee\n|\n|upkeep\n|\n|t:|1701146401\n|switch|p2a: Son Goku|Infernape, F|100\/100\n|-activate|p2a: Son Goku|move: Sticky Web\n|-unboost|p2a: Son Goku|spe|1\n|turn|6\n|\n|t:|1701146418\n|switch|p2a: Manaphy|Manaphy|100\/100\n|-activate|p2a: Manaphy|move: Sticky Web\n|-unboost|p2a: Manaphy|spe|1\n|-terastallize|p1a: Iron Jugulis|Ghost\n|move|p1a: Iron Jugulis|Hurricane|p2a: Manaphy\n|-damage|p2a: Manaphy|44\/100\n|\n|-heal|p2a: Manaphy|50\/100|[from] item: Leftovers\n|upkeep\n|turn|7\n|\n|t:|1701146421\n|move|p1a: Iron Jugulis|Hurricane|p2a: Manaphy\n|-damage|p2a: Manaphy|0 fnt\n|faint|p2a: Manaphy\n|\n|upkeep\n|\n|t:|1701146423\n|switch|p2a: Landorus|Landorus-Therian, M|100\/100\n|-ability|p2a: Landorus|Intimidate|boost\n|-unboost|p1a: Iron Jugulis|atk|1\n|turn|8\n|\n|t:|1701146426\n|move|p1a: Iron Jugulis|Hurricane|p2a: Landorus\n|-damage|p2a: Landorus|24\/100\n|-start|p2a: Landorus|confusion\n|-activate|p2a: Landorus|confusion\n|-damage|p2a: Landorus|7\/100|[from] confusion\n|\n|-heal|p2a: Landorus|13\/100|[from] item: Leftovers\n|upkeep\n|turn|9\n|\n|t:|1701146428\n|move|p1a: Iron Jugulis|Dark Pulse|p2a: Landorus\n|-damage|p2a: Landorus|0 fnt\n|faint|p2a: Landorus\n|\n|upkeep\n|\n|t:|1701146431\n|switch|p2a: McFries|Gholdengo|100\/100\n|-item|p2a: McFries|Air Balloon\n|turn|10\n|\n|t:|1701146437\n|-terastallize|p2a: McFries|Dark\n|move|p1a: Iron Jugulis|Dark Pulse|p2a: McFries\n|-resisted|p2a: McFries\n|-damage|p2a: McFries|76\/100\n|-enditem|p2a: McFries|Air Balloon\n|move|p2a: McFries|Nasty Plot|p2a: McFries\n|-boost|p2a: McFries|spa|2\n|\n|upkeep\n|turn|11\n|\n|t:|1701146440\n|move|p1a: Iron Jugulis|Hurricane|p2a: McFries\n|-damage|p2a: McFries|15\/100\n|move|p2a: McFries|Shadow Ball|p1a: Iron Jugulis\n|-supereffective|p1a: Iron Jugulis\n|-damage|p1a: Iron Jugulis|0 fnt\n|faint|p1a: Iron Jugulis\n|-end|p1a: Iron Jugulis|Quark Drive|[silent]\n|\n|upkeep\n|j| southwest road\n|\n|t:|1701146448\n|switch|p1a: Gholdengo|Gholdengo|100\/100\n|-item|p1a: Gholdengo|Air Balloon\n|turn|12\n|\n|t:|1701146450\n|move|p2a: McFries|Shadow Ball|p1a: Gholdengo\n|-supereffective|p1a: Gholdengo\n|-damage|p1a: Gholdengo|0 fnt\n|-enditem|p1a: Gholdengo|Air Balloon\n|faint|p1a: Gholdengo\n|\n|upkeep\n|c|\u2606TheGr8est2EverDoIt|gg\n|-message|TheGr8est2EverDoIt forfeited.\n|\n|win|RggV\n|raw|TheGr8est2EverDoIt's rating: 1790 &rarr; <strong>1769<\/strong><br \/>(-21 for losing)\n|raw|RggV's rating: 1773 &rarr; <strong>1794<\/strong><br \/>(+21 for winning)\n|l|\u2606TheGr8est2EverDoIt\n|l|\u2606RggV\n","uploadtime":1701146488,"views":19,"p1id":"thegr8est2everdoit","p2id":"rggv","formatid":"gen9ou","rating":1769,"private":0,"password":""}