{"id":"gen9ou-1994042688","p1":"ShizuOsaka","p2":"DivineGabriel","format":"[Gen 9] OU","log":"|j|\u2606ShizuOsaka\n|j|\u2606DivineGabriel\n|t:|1700398729\n|gametype|singles\n|player|p1|ShizuOsaka|lady|1578\n|player|p2|DivineGabriel|rye|1827\n|teamsize|p1|6\n|teamsize|p2|6\n|gen|9\n|tier|[Gen 9] OU\n|rated|\n|rule|Sleep Clause Mod: Limit one foe put to sleep\n|rule|Species Clause: Limit one of each Pok\u00e9mon\n|rule|OHKO Clause: OHKO moves are banned\n|rule|Evasion Items Clause: Evasion items are banned\n|rule|Evasion Moves Clause: Evasion moves are banned\n|rule|Endless Battle Clause: Forcing endless battles is banned\n|rule|HP Percentage Mod: HP is shown in percentages\n|clearpoke\n|poke|p1|Dragonite, M|\n|poke|p1|Samurott-Hisui, F|\n|poke|p1|Glimmora, F|\n|poke|p1|Gholdengo|\n|poke|p1|Maushold-Four|\n|poke|p1|Iron Moth|\n|poke|p2|Typhlosion-Hisui, M|\n|poke|p2|Great Tusk|\n|poke|p2|Torkoal, F|\n|poke|p2|Walking Wake|\n|poke|p2|Hatterene, F|\n|poke|p2|Meowscarada, F|\n|teampreview\n|inactive|Battle timer is ON: inactive players will automatically lose when time's up. (requested by ShizuOsaka)\n|\n|t:|1700398739\n|start\n|switch|p1a: Samurott|Samurott-Hisui, F|100\/100\n|switch|p2a: Walking Wake|Walking Wake|100\/100\n|turn|1\n|\n|t:|1700398743\n|move|p2a: Walking Wake|Draco Meteor|p1a: Samurott|[miss]\n|-miss|p2a: Walking Wake|p1a: Samurott\n|move|p1a: Samurott|Ceaseless Edge|p2a: Walking Wake\n|-damage|p2a: Walking Wake|52\/100\n|-sidestart|p2: DivineGabriel|Spikes\n|\n|upkeep\n|turn|2\n|\n|t:|1700398748\n|move|p2a: Walking Wake|Draco Meteor|p1a: Samurott\n|-enditem|p1a: Samurott|Focus Sash\n|-damage|p1a: Samurott|1\/100\n|-unboost|p2a: Walking Wake|spa|2\n|move|p1a: Samurott|Ceaseless Edge|p2a: Walking Wake|[miss]\n|-miss|p1a: Samurott|p2a: Walking Wake\n|\n|upkeep\n|turn|3\n|\n|t:|1700398755\n|move|p1a: Samurott|Sucker Punch|p2a: Walking Wake\n|-damage|p2a: Walking Wake|21\/100\n|move|p2a: Walking Wake|Draco Meteor|p1a: Samurott\n|-damage|p1a: Samurott|0 fnt\n|-unboost|p2a: Walking Wake|spa|2\n|faint|p1a: Samurott\n|\n|upkeep\n|\n|t:|1700398761\n|switch|p1a: Maushold|Maushold-Four|100\/100\n|turn|4\n|\n|t:|1700398766\n|-end|p2a: Walking Wake|Protosynthesis|[silent]\n|switch|p2a: Typhlosion|Typhlosion-Hisui, M|100\/100\n|-damage|p2a: Typhlosion|88\/100|[from] Spikes\n|move|p1a: Maushold|Population Bomb|p2a: Typhlosion\n|-immune|p2a: Typhlosion\n|\n|upkeep\n|turn|5\n|\n|t:|1700398770\n|move|p1a: Maushold|Bite|p2a: Typhlosion\n|-supereffective|p2a: Typhlosion\n|-damage|p2a: Typhlosion|24\/100\n|cant|p2a: Typhlosion|flinch\n|\n|upkeep\n|turn|6\n|\n|t:|1700398777\n|move|p1a: Maushold|Bite|p2a: Typhlosion\n|-supereffective|p2a: Typhlosion\n|-damage|p2a: Typhlosion|0 fnt\n|faint|p2a: Typhlosion\n|\n|upkeep\n|\n|t:|1700398779\n|switch|p2a: Great Tusk|Great Tusk|100\/100\n|-damage|p2a: Great Tusk|88\/100|[from] Spikes\n|turn|7\n|c|\u2606DivineGabriel|this game is so bad\n|\n|t:|1700398789\n|-terastallize|p1a: Maushold|Ghost\n|move|p1a: Maushold|Population Bomb|p2a: Great Tusk\n|-damage|p2a: Great Tusk|80\/100\n|-damage|p2a: Great Tusk|71\/100\n|-damage|p2a: Great Tusk|63\/100\n|-damage|p2a: Great Tusk|54\/100\n|-damage|p2a: Great Tusk|45\/100\n|-damage|p2a: Great Tusk|38\/100\n|-damage|p2a: Great Tusk|30\/100\n|-damage|p2a: Great Tusk|21\/100\n|-damage|p2a: Great Tusk|12\/100\n|-damage|p2a: Great Tusk|3\/100\n|-hitcount|p2a: Great Tusk|10\n|move|p2a: Great Tusk|Headlong Rush|p1a: Maushold\n|-damage|p1a: Maushold|0 fnt\n|-unboost|p2a: Great Tusk|def|1\n|-unboost|p2a: Great Tusk|spd|1\n|faint|p1a: Maushold\n|\n|upkeep\n|\n|t:|1700398801\n|switch|p1a: Gholdengo|Gholdengo|100\/100\n|turn|8\n|\n|t:|1700398809\n|-end|p2a: Great Tusk|Protosynthesis|[silent]\n|switch|p2a: Meowscarada|Meowscarada, F|100\/100\n|-damage|p2a: Meowscarada|88\/100|[from] Spikes\n|move|p1a: Gholdengo|Shadow Ball|p2a: Meowscarada\n|-resisted|p2a: Meowscarada\n|-damage|p2a: Meowscarada|53\/100\n|\n|upkeep\n|turn|9\n|\n|t:|1700398815\n|switch|p1a: Glimmora|Glimmora, F|100\/100\n|move|p2a: Meowscarada|Knock Off|p1a: Glimmora\n|-start|p2a: Meowscarada|typechange|Dark|[from] ability: Protean\n|-damage|p1a: Glimmora|42\/100\n|-activate|p1a: Glimmora|ability: Toxic Debris\n|-sidestart|p2: DivineGabriel|move: Toxic Spikes\n|-enditem|p1a: Glimmora|Focus Sash|[from] move: Knock Off|[of] p2a: Meowscarada\n|\n|upkeep\n|turn|10\n|j| Ruinous Tusk\n|\n|t:|1700398822\n|move|p2a: Meowscarada|Knock Off|p1a: Glimmora\n|-damage|p1a: Glimmora|3\/100\n|-activate|p1a: Glimmora|ability: Toxic Debris\n|-sidestart|p2: DivineGabriel|move: Toxic Spikes\n|move|p1a: Glimmora|Stealth Rock|p2a: Meowscarada\n|-sidestart|p2: DivineGabriel|move: Stealth Rock\n|\n|upkeep\n|turn|11\n|\n|t:|1700398827\n|move|p2a: Meowscarada|Knock Off|p1a: Glimmora\n|-damage|p1a: Glimmora|0 fnt\n|faint|p1a: Glimmora\n|\n|upkeep\n|\n|t:|1700398830\n|switch|p1a: Iron Moth|Iron Moth|100\/100\n|-enditem|p1a: Iron Moth|Booster Energy\n|-activate|p1a: Iron Moth|ability: Quark Drive|[fromitem]\n|-start|p1a: Iron Moth|quarkdrivespe\n|turn|12\n|\n|t:|1700398835\n|move|p2a: Meowscarada|Knock Off|p1a: Iron Moth\n|-damage|p1a: Iron Moth|52\/100\n|move|p1a: Iron Moth|Dazzling Gleam|p2a: Meowscarada\n|-supereffective|p2a: Meowscarada\n|-damage|p2a: Meowscarada|0 fnt\n|faint|p2a: Meowscarada\n|\n|upkeep\n|\n|t:|1700398837\n|switch|p2a: Torkoal|Torkoal, F|100\/100\n|-damage|p2a: Torkoal|88\/100|[from] Spikes\n|-status|p2a: Torkoal|tox\n|-damage|p2a: Torkoal|63\/100 tox|[from] Stealth Rock\n|-weather|SunnyDay|[from] ability: Drought|[of] p2a: Torkoal\n|turn|13\n|\n|t:|1700398844\n|move|p1a: Iron Moth|Sludge Wave|p2a: Torkoal\n|-damage|p2a: Torkoal|0 fnt\n|faint|p2a: Torkoal\n|\n|-weather|SunnyDay|[upkeep]\n|upkeep\n|-message|DivineGabriel forfeited.\n|\n|win|ShizuOsaka\n|raw|ShizuOsaka's rating: 1578 &rarr; <strong>1610<\/strong><br \/>(+32 for winning)\n|raw|DivineGabriel's rating: 1827 &rarr; <strong>1795<\/strong><br \/>(-32 for losing)\n|l|\u2606DivineGabriel\n|j| MarburgCOVEbola\n|l|\u2606ShizuOsaka\n","uploadtime":1700398863,"views":14,"p1id":"shizuosaka","p2id":"divinegabriel","formatid":"gen9ou","rating":1610,"private":0,"password":""}