{"id":"gen9ou-1989460217","p1":"Onte bad","p2":"Sensei Milia","format":"[Gen 9] OU","log":"|j|\u2606Onte bad\n|j|\u2606Sensei Milia\n|t:|1699853902\n|gametype|singles\n|player|p1|Onte bad|2|1179\n|player|p2|Sensei Milia|swimmerf|1228\n|teamsize|p1|6\n|teamsize|p2|6\n|gen|9\n|tier|[Gen 9] OU\n|rated|\n|rule|Sleep Clause Mod: Limit one foe put to sleep\n|rule|Species Clause: Limit one of each Pok\u00e9mon\n|rule|OHKO Clause: OHKO moves are banned\n|rule|Evasion Items Clause: Evasion items are banned\n|rule|Evasion Moves Clause: Evasion moves are banned\n|rule|Endless Battle Clause: Forcing endless battles is banned\n|rule|HP Percentage Mod: HP is shown in percentages\n|clearpoke\n|poke|p1|Gholdengo|\n|poke|p1|Glimmora, M|\n|poke|p1|Ribombee, F|\n|poke|p1|Cinderace, M|\n|poke|p1|Dragonite, F|\n|poke|p1|Thundurus-Therian, M|\n|poke|p2|Heatran, M|\n|poke|p2|Garganacl, M|\n|poke|p2|Ceruledge, M|\n|poke|p2|Clodsire, F|\n|poke|p2|Breloom, F|\n|poke|p2|Clefable, F|\n|teampreview\n|inactive|Battle timer is ON: inactive players will automatically lose when time's up. (requested by Sensei Milia)\n|\n|t:|1699853954\n|start\n|switch|p1a: Thundurus|Thundurus-Therian, M|100\/100\n|switch|p2a: Heatran|Heatran, M, shiny|100\/100\n|-item|p2a: Heatran|Air Balloon\n|turn|1\n|\n|t:|1699853961\n|move|p1a: Thundurus|Volt Switch|p2a: Heatran\n|-damage|p2a: Heatran|52\/100\n|-enditem|p2a: Heatran|Air Balloon\n|\n|t:|1699853965\n|switch|p1a: Glimmora|Glimmora, M|100\/100|[from] Volt Switch\n|move|p2a: Heatran|Magma Storm|p1a: Glimmora\n|-resisted|p1a: Glimmora\n|-damage|p1a: Glimmora|63\/100\n|-activate|p1a: Glimmora|move: Magma Storm|[of] p2a: Heatran\n|\n|-damage|p1a: Glimmora|51\/100|[from] move: Magma Storm|[partiallytrapped]\n|upkeep\n|turn|2\n|\n|t:|1699853982\n|switch|p2a: Breloom|Breloom, F|100\/100\n|move|p1a: Glimmora|Earth Power|p2a: Breloom\n|-resisted|p2a: Breloom\n|-damage|p2a: Breloom|86\/100\n|\n|-end|p1a: Glimmora|Magma Storm|[partiallytrapped]|[silent]\n|-status|p2a: Breloom|tox|[from] item: Toxic Orb\n|upkeep\n|turn|3\n|\n|t:|1699853989\n|move|p1a: Glimmora|Stealth Rock|p2a: Breloom\n|-sidestart|p2: Sensei Milia|move: Stealth Rock\n|move|p2a: Breloom|Spore|p1a: Glimmora\n|-status|p1a: Glimmora|slp|[from] move: Spore\n|\n|-heal|p2a: Breloom|99\/100 tox|[from] ability: Poison Heal\n|upkeep\n|turn|4\n|\n|t:|1699853995\n|switch|p1a: Ribombee|Ribombee, F|100\/100\n|move|p2a: Breloom|Bulk Up|p2a: Breloom\n|-boost|p2a: Breloom|atk|1\n|-boost|p2a: Breloom|def|1\n|\n|-heal|p2a: Breloom|100\/100 tox|[from] ability: Poison Heal\n|upkeep\n|turn|5\n|\n|t:|1699854016\n|switch|p2a: Clefable|Clefable, F|100\/100\n|move|p1a: Ribombee|Sticky Web|p2a: Clefable\n|-sidestart|p2: Sensei Milia|move: Sticky Web\n|\n|upkeep\n|turn|6\n|\n|t:|1699854023\n|switch|p1a: Gholdengo|Gholdengo|100\/100\n|move|p2a: Clefable|Cosmic Power|p2a: Clefable\n|-boost|p2a: Clefable|def|1\n|-boost|p2a: Clefable|spd|1\n|\n|upkeep\n|turn|7\n|\n|t:|1699854031\n|switch|p2a: Heatran|Heatran, M, shiny|52\/100\n|-damage|p2a: Heatran|39\/100|[from] Stealth Rock\n|-activate|p2a: Heatran|move: Sticky Web\n|-unboost|p2a: Heatran|spe|1\n|move|p1a: Gholdengo|Nasty Plot|p1a: Gholdengo\n|-boost|p1a: Gholdengo|spa|2\n|\n|upkeep\n|turn|8\n|\n|t:|1699854039\n|move|p1a: Gholdengo|Shadow Ball|p2a: Heatran\n|-damage|p2a: Heatran|0 fnt\n|faint|p2a: Heatran\n|\n|upkeep\n|\n|t:|1699854049\n|switch|p2a: Garganacl|Garganacl, M, shiny|100\/100\n|-damage|p2a: Garganacl|88\/100|[from] Stealth Rock\n|-activate|p2a: Garganacl|move: Sticky Web\n|-unboost|p2a: Garganacl|spe|1\n|turn|9\n|\n|t:|1699854055\n|-terastallize|p2a: Garganacl|Water\n|move|p1a: Gholdengo|Make It Rain|p2a: Garganacl\n|-resisted|p2a: Garganacl\n|-damage|p2a: Garganacl|55\/100\n|-unboost|p1a: Gholdengo|spa|1\n|move|p2a: Garganacl|Salt Cure|p1a: Gholdengo\n|-resisted|p1a: Gholdengo\n|-damage|p1a: Gholdengo|94\/100\n|-start|p1a: Gholdengo|Salt Cure\n|\n|-heal|p1a: Gholdengo|99\/100|[from] item: Leftovers\n|-heal|p2a: Garganacl|61\/100|[from] item: Leftovers\n|-damage|p1a: Gholdengo|75\/100|[from] Salt Cure\n|upkeep\n|turn|10\n|\n|t:|1699854069\n|switch|p1a: Glimmora|Glimmora, M|51\/100 slp\n|move|p2a: Garganacl|Recover|p2a: Garganacl\n|-heal|p2a: Garganacl|100\/100\n|\n|upkeep\n|turn|11\n|\n|t:|1699854076\n|cant|p1a: Glimmora|slp\n|move|p2a: Garganacl|Iron Defense|p2a: Garganacl\n|-boost|p2a: Garganacl|def|2\n|\n|upkeep\n|turn|12\n|\n|t:|1699854079\n|-curestatus|p1a: Glimmora|slp|[msg]\n|move|p1a: Glimmora|Mortal Spin|p2a: Garganacl\n|-damage|p2a: Garganacl|98\/100\n|move|p2a: Garganacl|Iron Defense|p2a: Garganacl\n|-boost|p2a: Garganacl|def|2\n|\n|-heal|p2a: Garganacl|100\/100|[from] item: Leftovers\n|upkeep\n|turn|13\n|\n|t:|1699854086\n|move|p1a: Glimmora|Earth Power|p2a: Garganacl\n|-damage|p2a: Garganacl|82\/100\n|-unboost|p2a: Garganacl|spd|1\n|move|p2a: Garganacl|Body Press|p1a: Glimmora\n|-damage|p1a: Glimmora|0 fnt\n|-activate|p1a: Glimmora|ability: Toxic Debris\n|-sidestart|p2: Sensei Milia|move: Toxic Spikes\n|faint|p1a: Glimmora\n|\n|-heal|p2a: Garganacl|89\/100|[from] item: Leftovers\n|upkeep\n|\n|t:|1699854090\n|switch|p1a: Thundurus|Thundurus-Therian, M|100\/100\n|turn|14\n|\n|t:|1699854094\n|switch|p2a: Clodsire|Clodsire, F|100\/100\n|-damage|p2a: Clodsire|94\/100|[from] Stealth Rock\n|-activate|p2a: Clodsire|move: Sticky Web\n|-unboost|p2a: Clodsire|spe|1\n|-sideend|p2: Sensei Milia|move: Toxic Spikes|[of] p2a: Clodsire\n|move|p1a: Thundurus|Grass Knot|p2a: Clodsire\n|-damage|p2a: Clodsire|52\/100\n|\n|-heal|p2a: Clodsire|58\/100|[from] item: Leftovers\n|upkeep\n|turn|15\n|\n|t:|1699854101\n|switch|p1a: Dragonite|Dragonite, F|100\/100\n|move|p2a: Clodsire|Toxic|p1a: Dragonite\n|-status|p1a: Dragonite|tox\n|-enditem|p1a: Dragonite|Lum Berry|[eat]\n|-curestatus|p1a: Dragonite|tox|[msg]\n|\n|-heal|p2a: Clodsire|64\/100|[from] item: Leftovers\n|upkeep\n|turn|16\n|\n|t:|1699854107\n|move|p1a: Dragonite|Earthquake|p2a: Clodsire\n|-supereffective|p2a: Clodsire\n|-damage|p2a: Clodsire|0 fnt\n|faint|p2a: Clodsire\n|\n|upkeep\n|\n|t:|1699854111\n|switch|p2a: Breloom|Breloom, F|100\/100 tox\n|-damage|p2a: Breloom|94\/100 tox|[from] Stealth Rock\n|-activate|p2a: Breloom|move: Sticky Web\n|-unboost|p2a: Breloom|spe|1\n|turn|17\n|\n|t:|1699854117\n|switch|p1a: Ribombee|Ribombee, F|100\/100\n|move|p2a: Breloom|Spore|p1a: Ribombee\n|-status|p1a: Ribombee|slp|[from] move: Spore\n|\n|-heal|p2a: Breloom|100\/100 tox|[from] ability: Poison Heal\n|upkeep\n|turn|18\n|\n|t:|1699854121\n|switch|p1a: Dragonite|Dragonite, F|100\/100\n|move|p2a: Breloom|Bulk Up|p2a: Breloom\n|-boost|p2a: Breloom|atk|1\n|-boost|p2a: Breloom|def|1\n|\n|upkeep\n|turn|19\n|\n|t:|1699854128\n|switch|p1a: Gholdengo|Gholdengo|75\/100\n|move|p2a: Breloom|Bulk Up|p2a: Breloom\n|-boost|p2a: Breloom|atk|1\n|-boost|p2a: Breloom|def|1\n|\n|-heal|p1a: Gholdengo|81\/100|[from] item: Leftovers\n|upkeep\n|turn|20\n|\n|t:|1699854131\n|move|p1a: Gholdengo|Make It Rain|p2a: Breloom\n|-damage|p2a: Breloom|48\/100 tox\n|-unboost|p1a: Gholdengo|spa|1\n|move|p2a: Breloom|Thunder Punch|p1a: Gholdengo\n|-damage|p1a: Gholdengo|37\/100\n|\n|-heal|p1a: Gholdengo|43\/100|[from] item: Leftovers\n|-heal|p2a: Breloom|61\/100 tox|[from] ability: Poison Heal\n|upkeep\n|turn|21\n|\n|t:|1699854137\n|switch|p1a: Thundurus|Thundurus-Therian, M|100\/100\n|move|p2a: Breloom|Thunder Punch|p1a: Thundurus\n|-immune|p1a: Thundurus|[from] ability: Volt Absorb\n|\n|-heal|p2a: Breloom|73\/100 tox|[from] ability: Poison Heal\n|upkeep\n|turn|22\n|\n|t:|1699854146\n|-terastallize|p1a: Thundurus|Ice\n|move|p1a: Thundurus|Tera Blast|p2a: Breloom|[anim] Tera Blast Ice\n|-supereffective|p2a: Breloom\n|-damage|p2a: Breloom|0 fnt\n|faint|p2a: Breloom\n|\n|upkeep\n|\n|t:|1699854154\n|switch|p2a: Ceruledge|Ceruledge, M|100\/100\n|-damage|p2a: Ceruledge|76\/100|[from] Stealth Rock\n|-activate|p2a: Ceruledge|move: Sticky Web\n|-unboost|p2a: Ceruledge|spe|1\n|turn|23\n|\n|t:|1699854161\n|switch|p1a: Ribombee|Ribombee, F|100\/100 slp\n|move|p2a: Ceruledge|Bitter Blade|p1a: Ribombee\n|-supereffective|p1a: Ribombee\n|-enditem|p1a: Ribombee|Focus Sash\n|-damage|p1a: Ribombee|1\/100 slp\n|-heal|p2a: Ceruledge|100\/100|[from] drain|[of] p1a: Ribombee\n|\n|upkeep\n|turn|24\n|\n|t:|1699854167\n|move|p2a: Ceruledge|Shadow Sneak|p1a: Ribombee\n|-damage|p1a: Ribombee|0 fnt\n|faint|p1a: Ribombee\n|\n|upkeep\n|\n|t:|1699854180\n|switch|p1a: Dragonite|Dragonite, F|100\/100\n|turn|25\n|\n|t:|1699854183\n|move|p1a: Dragonite|Earthquake|p2a: Ceruledge\n|-supereffective|p2a: Ceruledge\n|-damage|p2a: Ceruledge|37\/100\n|-ability|p2a: Ceruledge|Weak Armor|boost\n|-unboost|p2a: Ceruledge|def|1\n|-boost|p2a: Ceruledge|spe|2\n|-enditem|p2a: Ceruledge|Weakness Policy\n|-boost|p2a: Ceruledge|atk|2|[from] item: Weakness Policy\n|-boost|p2a: Ceruledge|spa|2|[from] item: Weakness Policy\n|move|p2a: Ceruledge|Will-O-Wisp|p1a: Dragonite\n|-status|p1a: Dragonite|brn\n|\n|-damage|p1a: Dragonite|94\/100 brn|[from] brn\n|upkeep\n|turn|26\n|\n|t:|1699854196\n|move|p2a: Ceruledge|Bitter Blade|p1a: Dragonite\n|-resisted|p1a: Dragonite\n|-damage|p1a: Dragonite|53\/100 brn\n|-heal|p2a: Ceruledge|56\/100|[from] drain|[of] p1a: Dragonite\n|move|p1a: Dragonite|Earthquake|p2a: Ceruledge\n|-supereffective|p2a: Ceruledge\n|-damage|p2a: Ceruledge|6\/100\n|-ability|p2a: Ceruledge|Weak Armor|boost\n|-unboost|p2a: Ceruledge|def|1\n|-boost|p2a: Ceruledge|spe|2\n|\n|-damage|p1a: Dragonite|46\/100 brn|[from] brn\n|upkeep\n|turn|27\n|\n|t:|1699854213\n|move|p2a: Ceruledge|Bitter Blade|p1a: Dragonite\n|-resisted|p1a: Dragonite\n|-damage|p1a: Dragonite|4\/100 brn\n|-heal|p2a: Ceruledge|26\/100|[from] drain|[of] p1a: Dragonite\n|move|p1a: Dragonite|Earthquake|p2a: Ceruledge\n|-supereffective|p2a: Ceruledge\n|-damage|p2a: Ceruledge|0 fnt\n|faint|p2a: Ceruledge\n|\n|-damage|p1a: Dragonite|0 fnt|[from] brn\n|faint|p1a: Dragonite\n|upkeep\n|\n|t:|1699854226\n|switch|p1a: Thundurus|Thundurus-Therian, M, tera:Ice|100\/100\n|switch|p2a: Clefable|Clefable, F|100\/100\n|-activate|p2a: Clefable|move: Sticky Web\n|-unboost|p2a: Clefable|spe|1\n|turn|28\n|\n|t:|1699854233\n|move|p1a: Thundurus|Volt Switch|p2a: Clefable\n|-damage|p2a: Clefable|52\/100\n|\n|t:|1699854235\n|switch|p1a: Gholdengo|Gholdengo|43\/100|[from] Volt Switch\n|move|p2a: Clefable|Cosmic Power|p2a: Clefable\n|-boost|p2a: Clefable|def|1\n|-boost|p2a: Clefable|spd|1\n|\n|-heal|p1a: Gholdengo|49\/100|[from] item: Leftovers\n|-heal|p2a: Clefable|58\/100|[from] item: Leftovers\n|upkeep\n|turn|29\n|\n|t:|1699854242\n|move|p1a: Gholdengo|Nasty Plot|p1a: Gholdengo\n|-boost|p1a: Gholdengo|spa|2\n|move|p2a: Clefable|Draining Kiss|p1a: Gholdengo\n|-resisted|p1a: Gholdengo\n|-damage|p1a: Gholdengo|43\/100\n|-heal|p2a: Clefable|62\/100|[from] drain|[of] p1a: Gholdengo\n|\n|-heal|p1a: Gholdengo|49\/100|[from] item: Leftovers\n|-heal|p2a: Clefable|69\/100|[from] item: Leftovers\n|upkeep\n|turn|30\n|\n|t:|1699854246\n|move|p1a: Gholdengo|Recover|p1a: Gholdengo\n|-heal|p1a: Gholdengo|99\/100\n|move|p2a: Clefable|Cosmic Power|p2a: Clefable\n|-boost|p2a: Clefable|def|1\n|-boost|p2a: Clefable|spd|1\n|\n|-heal|p1a: Gholdengo|100\/100|[from] item: Leftovers\n|-heal|p2a: Clefable|75\/100|[from] item: Leftovers\n|upkeep\n|turn|31\n|\n|t:|1699854249\n|move|p1a: Gholdengo|Nasty Plot|p1a: Gholdengo\n|-boost|p1a: Gholdengo|spa|2\n|move|p2a: Clefable|Calm Mind|p2a: Clefable\n|-boost|p2a: Clefable|spa|1\n|-boost|p2a: Clefable|spd|1\n|\n|-heal|p2a: Clefable|81\/100|[from] item: Leftovers\n|upkeep\n|turn|32\n|\n|t:|1699854252\n|move|p1a: Gholdengo|Make It Rain|p2a: Clefable\n|-supereffective|p2a: Clefable\n|-damage|p2a: Clefable|0 fnt\n|-unboost|p1a: Gholdengo|spa|1\n|faint|p2a: Clefable\n|\n|upkeep\n|\n|t:|1699854256\n|switch|p2a: Garganacl|Garganacl, M, shiny, tera:Water|89\/100\n|-damage|p2a: Garganacl|76\/100|[from] Stealth Rock\n|-activate|p2a: Garganacl|move: Sticky Web\n|-unboost|p2a: Garganacl|spe|1\n|turn|33\n|\n|t:|1699854261\n|switch|p1a: Cinderace|Cinderace, M|100\/100\n|move|p2a: Garganacl|Recover|p2a: Garganacl\n|-heal|p2a: Garganacl|100\/100\n|\n|upkeep\n|turn|34\n|\n|t:|1699854264\n|move|p1a: Cinderace|U-turn|p2a: Garganacl\n|-start|p1a: Cinderace|typechange|Bug|[from] ability: Libero\n|-damage|p2a: Garganacl|77\/100\n|\n|t:|1699854266\n|switch|p1a: Thundurus|Thundurus-Therian, M, tera:Ice|100\/100|[from] U-turn\n|move|p2a: Garganacl|Iron Defense|p2a: Garganacl\n|-boost|p2a: Garganacl|def|2\n|\n|-heal|p2a: Garganacl|84\/100|[from] item: Leftovers\n|upkeep\n|turn|35\n|\n|t:|1699854273\n|move|p1a: Thundurus|Thunderbolt|p2a: Garganacl\n|-supereffective|p2a: Garganacl\n|-damage|p2a: Garganacl|0 fnt\n|faint|p2a: Garganacl\n|\n|win|Onte bad\n|raw|Onte bad's rating: 1148 &rarr; <strong>1179<\/strong><br \/>(+31 for winning)\n|raw|Sensei Milia's rating: 1228 &rarr; <strong>1197<\/strong><br \/>(-31 for losing)\n|c|\u2606Onte bad|ggs\n|l|\u2606Sensei Milia\n","uploadtime":1699854278,"views":8,"p1id":"ontebad","p2id":"senseimilia","formatid":"gen9ou","rating":1179,"private":0,"password":""}