{"id":"gen9ou-1992880644","p1":"FIREER","p2":"sneets","format":"[Gen 9] OU","log":"|j|\u2606FIREER\n|j|\u2606sneets\n|t:|1700243455\n|gametype|singles\n|player|p1|FIREER|roughneck-gen4|1177\n|player|p2|sneets|rocketgruntf|1132\n|teamsize|p1|6\n|teamsize|p2|6\n|gen|9\n|tier|[Gen 9] OU\n|rated|\n|rule|Sleep Clause Mod: Limit one foe put to sleep\n|rule|Species Clause: Limit one of each Pok\u00e9mon\n|rule|OHKO Clause: OHKO moves are banned\n|rule|Evasion Items Clause: Evasion items are banned\n|rule|Evasion Moves Clause: Evasion moves are banned\n|rule|Endless Battle Clause: Forcing endless battles is banned\n|rule|HP Percentage Mod: HP is shown in percentages\n|clearpoke\n|poke|p1|Iron Moth|\n|poke|p1|Amoonguss, F|\n|poke|p1|Kommo-o, M|\n|poke|p1|Kingambit, M|\n|poke|p1|Thundurus-Therian, M|\n|poke|p1|Azumarill, F|\n|poke|p2|Rillaboom, M|\n|poke|p2|Sneasler, F|\n|poke|p2|Cinderace, F|\n|poke|p2|Ninetales-Alola, M|\n|poke|p2|Greninja-*, M|\n|poke|p2|Garganacl, F|\n|teampreview\n|inactive|Battle timer is ON: inactive players will automatically lose when time's up. (requested by FIREER)\n|\n|t:|1700243463\n|start\n|switch|p1a: Symbolism|Iron Moth|100\/100\n|switch|p2a: Ninetales|Ninetales-Alola, M|100\/100\n|-weather|Snow|[from] ability: Snow Warning|[of] p2a: Ninetales\n|-enditem|p1a: Symbolism|Booster Energy\n|-activate|p1a: Symbolism|ability: Quark Drive|[fromitem]\n|-start|p1a: Symbolism|quarkdrivespe\n|turn|1\n|\n|t:|1700243470\n|switch|p2a: Garganacl|Garganacl, F|100\/100\n|move|p1a: Symbolism|Substitute|p1a: Symbolism\n|-start|p1a: Symbolism|Substitute\n|-damage|p1a: Symbolism|76\/100\n|\n|-weather|Snow|[upkeep]\n|upkeep\n|turn|2\n|\n|t:|1700243475\n|move|p1a: Symbolism|Fiery Dance|p2a: Garganacl\n|-resisted|p2a: Garganacl\n|-damage|p2a: Garganacl|86\/100\n|-boost|p1a: Symbolism|spa|1\n|move|p2a: Garganacl|Earthquake|p1a: Symbolism\n|-supereffective|p1a: Symbolism\n|-end|p1a: Symbolism|Substitute\n|\n|-weather|Snow|[upkeep]\n|-heal|p2a: Garganacl|93\/100|[from] item: Leftovers\n|upkeep\n|turn|3\n|\n|t:|1700243481\n|-end|p1a: Symbolism|Quark Drive|[silent]\n|switch|p1a: Zeus|Thundurus-Therian, M|100\/100\n|move|p2a: Garganacl|Earthquake|p1a: Zeus\n|-immune|p1a: Zeus\n|\n|-weather|Snow|[upkeep]\n|-heal|p2a: Garganacl|99\/100|[from] item: Leftovers\n|upkeep\n|turn|4\n|\n|t:|1700243487\n|move|p1a: Zeus|Grass Knot|p2a: Garganacl\n|-supereffective|p2a: Garganacl\n|-damage|p2a: Garganacl|18\/100\n|move|p2a: Garganacl|Salt Cure|p1a: Zeus\n|-supereffective|p1a: Zeus\n|-damage|p1a: Zeus|60\/100\n|-start|p1a: Zeus|Salt Cure\n|\n|-weather|Snow|[upkeep]\n|-heal|p2a: Garganacl|24\/100|[from] item: Leftovers\n|-damage|p1a: Zeus|47\/100|[from] Salt Cure\n|upkeep\n|turn|5\n|c|\u2606sneets|youll miss focus blast\n|c|\u2606sneets|OH\n|c|\u2606sneets|OOP\n|\n|t:|1700243497\n|switch|p2a: Ninetales|Ninetales-Alola, M|100\/100\n|move|p1a: Zeus|Grass Knot|p2a: Ninetales\n|-damage|p2a: Ninetales|77\/100\n|\n|-weather|none\n|-damage|p1a: Zeus|35\/100|[from] Salt Cure\n|upkeep\n|turn|6\n|\n|t:|1700243504\n|switch|p1a: Azumarill|Azumarill, F|100\/100\n|move|p2a: Ninetales|Freeze-Dry|p1a: Azumarill\n|-supereffective|p1a: Azumarill\n|-damage|p1a: Azumarill|70\/100\n|-status|p1a: Azumarill|frz\n|\n|upkeep\n|turn|7\n|c|\u2606sneets|NO WAY'\n|c|\u2606sneets|THE HAX\n|\n|t:|1700243515\n|switch|p1a: Symbolism|Iron Moth|76\/100\n|move|p2a: Ninetales|Freeze-Dry|p1a: Symbolism\n|-resisted|p1a: Symbolism\n|-damage|p1a: Symbolism|65\/100\n|\n|upkeep\n|turn|8\n|\n|t:|1700243522\n|switch|p2a: Garganacl|Garganacl, F|24\/100\n|move|p1a: Symbolism|Substitute|p1a: Symbolism\n|-start|p1a: Symbolism|Substitute\n|-damage|p1a: Symbolism|40\/100\n|\n|-heal|p2a: Garganacl|30\/100|[from] item: Leftovers\n|upkeep\n|turn|9\n|\n|t:|1700243527\n|move|p1a: Symbolism|Psychic|p2a: Garganacl\n|-damage|p2a: Garganacl|8\/100\n|-unboost|p2a: Garganacl|spd|1\n|move|p2a: Garganacl|Recover|p2a: Garganacl\n|-heal|p2a: Garganacl|58\/100\n|\n|-heal|p2a: Garganacl|65\/100|[from] item: Leftovers\n|upkeep\n|turn|10\n|\n|t:|1700243533\n|move|p1a: Symbolism|Psychic|p2a: Garganacl\n|-damage|p2a: Garganacl|33\/100\n|move|p2a: Garganacl|Earthquake|p1a: Symbolism\n|-supereffective|p1a: Symbolism\n|-crit|p1a: Symbolism\n|-end|p1a: Symbolism|Substitute\n|\n|-heal|p2a: Garganacl|39\/100|[from] item: Leftovers\n|upkeep\n|turn|11\n|\n|t:|1700243543\n|-end|p1a: Symbolism|Quark Drive|[silent]\n|switch|p1a: Azumarill|Azumarill, F|70\/100 frz\n|move|p2a: Garganacl|Earthquake|p1a: Azumarill\n|-damage|p1a: Azumarill|49\/100 frz\n|\n|-heal|p2a: Garganacl|45\/100|[from] item: Leftovers\n|upkeep\n|turn|12\n|\n|t:|1700243550\n|cant|p1a: Azumarill|frz\n|move|p2a: Garganacl|Recover|p2a: Garganacl\n|-heal|p2a: Garganacl|95\/100\n|\n|-heal|p2a: Garganacl|100\/100|[from] item: Leftovers\n|upkeep\n|turn|13\n|\n|t:|1700243554\n|-curestatus|p1a: Azumarill|frz|[msg]\n|move|p1a: Azumarill|Waterfall|p2a: Garganacl\n|-supereffective|p2a: Garganacl\n|-damage|p2a: Garganacl|35\/100\n|move|p2a: Garganacl|Salt Cure|p1a: Azumarill\n|-damage|p1a: Azumarill|35\/100\n|-start|p1a: Azumarill|Salt Cure\n|\n|-heal|p2a: Garganacl|41\/100|[from] item: Leftovers\n|-damage|p1a: Azumarill|10\/100|[from] Salt Cure\n|upkeep\n|turn|14\n|\n|t:|1700243571\n|-terastallize|p2a: Garganacl|Water\n|move|p1a: Azumarill|Knock Off|p2a: Garganacl\n|-damage|p2a: Garganacl|11\/100\n|-enditem|p2a: Garganacl|Leftovers|[from] move: Knock Off|[of] p1a: Azumarill\n|move|p2a: Garganacl|Recover|p2a: Garganacl\n|-heal|p2a: Garganacl|61\/100\n|\n|-damage|p1a: Azumarill|0 fnt|[from] Salt Cure\n|faint|p1a: Azumarill\n|upkeep\n|\n|t:|1700243579\n|switch|p1a: Zeus|Thundurus-Therian, M|35\/100\n|turn|15\n|\n|t:|1700243583\n|move|p1a: Zeus|Volt Switch|p2a: Garganacl\n|-supereffective|p2a: Garganacl\n|-damage|p2a: Garganacl|0 fnt\n|faint|p2a: Garganacl\n|\n|t:|1700243596\n|switch|p1a: Symbolism|Iron Moth|40\/100|[from] Volt Switch\n|\n|upkeep\n|\n|t:|1700243599\n|switch|p2a: Greninja|Greninja, M|100\/100\n|turn|16\n|\n|t:|1700243609\n|move|p2a: Greninja|Water Shuriken|p1a: Symbolism\n|-supereffective|p1a: Symbolism\n|-damage|p1a: Symbolism|21\/100\n|-supereffective|p1a: Symbolism\n|-damage|p1a: Symbolism|2\/100\n|-supereffective|p1a: Symbolism\n|-damage|p1a: Symbolism|0 fnt\n|faint|p1a: Symbolism\n|-end|p1a: Symbolism|Quark Drive|[silent]\n|-ability|p2a: Greninja|Battle Bond|boost\n|-boost|p2a: Greninja|atk|1\n|-boost|p2a: Greninja|spa|1\n|-boost|p2a: Greninja|spe|1\n|-activate|p2a: Greninja|ability: Battle Bond\n|-hitcount|p1: Symbolism|3\n|-damage|p2a: Greninja|91\/100|[from] item: Life Orb\n|\n|upkeep\n|\n|t:|1700243615\n|switch|p1a: Gusgus|Amoonguss, F, shiny|100\/100\n|turn|17\n|\n|t:|1700243622\n|move|p2a: Greninja|Ice Beam|p1a: Gusgus\n|-supereffective|p1a: Gusgus\n|-damage|p1a: Gusgus|29\/100\n|-damage|p2a: Greninja|81\/100|[from] item: Life Orb\n|move|p1a: Gusgus|Spore|p2a: Greninja\n|-status|p2a: Greninja|slp|[from] move: Spore\n|\n|-heal|p1a: Gusgus|35\/100|[from] item: Black Sludge\n|upkeep\n|turn|18\n|\n|t:|1700243629\n|cant|p2a: Greninja|slp\n|move|p1a: Gusgus|Clear Smog|p2a: Greninja\n|-damage|p2a: Greninja|58\/100 slp\n|-clearboost|p2a: Greninja\n|\n|-heal|p1a: Gusgus|41\/100|[from] item: Black Sludge\n|upkeep\n|turn|19\n|\n|t:|1700243634\n|cant|p2a: Greninja|slp\n|move|p1a: Gusgus|Giga Drain|p2a: Greninja\n|-supereffective|p2a: Greninja\n|-damage|p2a: Greninja|0 fnt\n|-heal|p1a: Gusgus|61\/100|[from] drain|[of] p2a: Greninja\n|faint|p2a: Greninja\n|\n|-heal|p1a: Gusgus|67\/100|[from] item: Black Sludge\n|upkeep\n|c|\u2606sneets|DAMN\n|\n|t:|1700243641\n|switch|p2a: Ninetales|Ninetales-Alola, M|77\/100\n|-weather|Snow|[from] ability: Snow Warning|[of] p2a: Ninetales\n|turn|20\n|\n|t:|1700243647\n|switch|p1a: Overgod|Kingambit, M, shiny|100\/100\n|-activate|p1a: Overgod|ability: Supreme Overlord\n|-start|p1a: Overgod|fallen2|[silent]\n|move|p2a: Ninetales|Aurora Veil|p2a: Ninetales\n|-sidestart|p2: sneets|move: Aurora Veil\n|\n|-weather|Snow|[upkeep]\n|upkeep\n|turn|21\n|\n|t:|1700243656\n|switch|p2a: Rillaboom|Rillaboom, M|100\/100\n|-fieldstart|move: Grassy Terrain|[from] ability: Grassy Surge|[of] p2a: Rillaboom\n|move|p1a: Overgod|Swords Dance|p1a: Overgod\n|-boost|p1a: Overgod|atk|2\n|\n|-weather|Snow|[upkeep]\n|upkeep\n|turn|22\n|\n|t:|1700243667\n|-terastallize|p1a: Overgod|Dark\n|move|p2a: Rillaboom|Drain Punch|p1a: Overgod\n|-supereffective|p1a: Overgod\n|-damage|p1a: Overgod|53\/100\n|move|p1a: Overgod|Kowtow Cleave|p2a: Rillaboom\n|-damage|p2a: Rillaboom|9\/100\n|\n|-weather|Snow|[upkeep]\n|-heal|p2a: Rillaboom|15\/100|[from] Grassy Terrain\n|-heal|p1a: Overgod|59\/100|[from] Grassy Terrain\n|upkeep\n|turn|23\n|\n|t:|1700243678\n|move|p1a: Overgod|Sucker Punch|p2a: Rillaboom\n|-damage|p2a: Rillaboom|0 fnt\n|faint|p2a: Rillaboom\n|\n|-weather|Snow|[upkeep]\n|-heal|p1a: Overgod|65\/100|[from] Grassy Terrain\n|upkeep\n|\n|t:|1700243680\n|switch|p2a: Cinderace|Cinderace, F|100\/100\n|turn|24\n|\n|t:|1700243685\n|move|p1a: Overgod|Sucker Punch|p2a: Cinderace\n|-damage|p2a: Cinderace|0 fnt\n|faint|p2a: Cinderace\n|\n|-weather|none\n|-heal|p1a: Overgod|71\/100|[from] Grassy Terrain\n|upkeep\n|\n|t:|1700243695\n|switch|p2a: Sneasler|Sneasler, F|100\/100\n|-enditem|p2a: Sneasler|Grassy Seed\n|-boost|p2a: Sneasler|def|1|[from] item: Grassy Seed\n|turn|25\n|inactive|sneets has 120 seconds left.\n|\n|t:|1700243727\n|move|p2a: Sneasler|Close Combat|p1a: Overgod\n|-supereffective|p1a: Overgod\n|-crit|p1a: Overgod\n|-damage|p1a: Overgod|0 fnt\n|-unboost|p2a: Sneasler|def|1\n|-unboost|p2a: Sneasler|spd|1\n|faint|p1a: Overgod\n|-end|p1a: Overgod|fallen2|[silent]\n|\n|upkeep\n|\n|t:|1700243733\n|switch|p1a: Gusgus|Amoonguss, F, shiny|99\/100\n|turn|26\n|\n|t:|1700243737\n|move|p2a: Sneasler|Acrobatics|p1a: Gusgus\n|-supereffective|p1a: Gusgus\n|-crit|p1a: Gusgus\n|-damage|p1a: Gusgus|0 fnt\n|faint|p1a: Gusgus\n|\n|upkeep\n|\n|t:|1700243740\n|switch|p1a: Godzilla|Kommo-o, M, shiny|100\/100\n|turn|27\n|\n|t:|1700243747\n|move|p2a: Sneasler|Acrobatics|p1a: Godzilla\n|-supereffective|p1a: Godzilla\n|-damage|p1a: Godzilla|19\/100\n|move|p1a: Godzilla|Clanging Scales|p2a: Sneasler\n|-damage|p2a: Sneasler|50\/100\n|-unboost|p1a: Godzilla|def|1\n|-enditem|p1a: Godzilla|Throat Spray\n|-boost|p1a: Godzilla|spa|1|[from] item: Throat Spray\n|\n|-heal|p2a: Sneasler|56\/100|[from] Grassy Terrain\n|-heal|p1a: Godzilla|26\/100|[from] Grassy Terrain\n|-sideend|p2: sneets|move: Aurora Veil\n|upkeep\n|turn|28\n|\n|t:|1700243756\n|move|p2a: Sneasler|Acrobatics|p1a: Godzilla\n|-supereffective|p1a: Godzilla\n|-damage|p1a: Godzilla|0 fnt\n|faint|p1a: Godzilla\n|\n|-heal|p2a: Sneasler|62\/100|[from] Grassy Terrain\n|-fieldend|move: Grassy Terrain\n|upkeep\n|\n|t:|1700243759\n|switch|p1a: Zeus|Thundurus-Therian, M|35\/100\n|turn|29\n|\n|t:|1700243781\n|move|p2a: Sneasler|Dire Claw|p1a: Zeus\n|-damage|p1a: Zeus|0 fnt\n|faint|p1a: Zeus\n|\n|win|sneets\n|raw|FIREER's rating: 1177 &rarr; <strong>1149<\/strong><br \/>(-28 for losing)\n|raw|sneets's rating: 1132 &rarr; <strong>1160<\/strong><br \/>(+28 for winning)\n|l|\u2606FIREER\n","uploadtime":1700243788,"views":10,"p1id":"fireer","p2id":"sneets","formatid":"gen9ou","rating":1149,"private":0,"password":""}