{"id":"gen9ou-1995714469","p1":"FlameWolf26","p2":"casemiroluan","format":"[Gen 9] OU","log":"|j|\u2606FlameWolf26\n|j|\u2606casemiroluan\n|t:|1700596368\n|gametype|singles\n|player|p1|FlameWolf26|sabrina-lgpe|\n|player|p2|casemiroluan|169|\n|teamsize|p1|6\n|teamsize|p2|6\n|gen|9\n|tier|[Gen 9] OU\n|rule|Sleep Clause Mod: Limit one foe put to sleep\n|rule|Species Clause: Limit one of each Pok\u00e9mon\n|rule|OHKO Clause: OHKO moves are banned\n|rule|Evasion Items Clause: Evasion items are banned\n|rule|Evasion Moves Clause: Evasion moves are banned\n|rule|Endless Battle Clause: Forcing endless battles is banned\n|rule|HP Percentage Mod: HP is shown in percentages\n|clearpoke\n|poke|p1|Mew|\n|poke|p1|Ceruledge, M|\n|poke|p1|Moltres|\n|poke|p1|Maushold-Four|\n|poke|p1|Poliwrath, M|\n|poke|p1|Hippopotas, F|\n|poke|p2|Charizard, M|\n|poke|p2|Torkoal, M|\n|poke|p2|Glaceon, M|\n|poke|p2|Greninja-*, M|\n|poke|p2|Grimmsnarl, M|\n|poke|p2|Leafeon, F|\n|teampreview\n|c|\u2606FlameWolf26|se o time n tivesse pronto eu tinha colocado um masquerain pelo meme\n|\n|t:|1700596408\n|start\n|switch|p1a: Mew|Mew, shiny|100\/100\n|switch|p2a: Sapo Cego|Greninja, M|100\/100\n|turn|1\n|c|\u2606casemiroluan|n quero mais ver masquerain na minha frente\n|j| Abner67\n|\n|t:|1700596444\n|move|p2a: Sapo Cego|U-turn|p1a: Mew\n|-supereffective|p1a: Mew\n|-damage|p1a: Mew|68\/100\n|-damage|p2a: Sapo Cego|91\/100|[from] item: Life Orb\n|\n|t:|1700596455\n|switch|p2a: Para-raio|Torkoal, M|100\/100|[from] U-turn\n|-weather|SunnyDay|[from] ability: Drought|[of] p2a: Para-raio\n|move|p1a: Mew|Volt Switch|p2a: Para-raio\n|-damage|p2a: Para-raio|87\/100\n|c|\u2606FlameWolf26|ele n\u00e3o parou o raio\n|c|\u2606FlameWolf26|mentiu pra mim\n|\n|t:|1700596472\n|switch|p1a: Hippopotas|Hippopotas, F|100\/100|[from] Volt Switch\n|-weather|Sandstorm|[from] ability: Sand Stream|[of] p1a: Hippopotas\n|\n|-weather|Sandstorm|[upkeep]\n|-damage|p2a: Para-raio|81\/100|[from] Sandstorm\n|upkeep\n|turn|2\n|c|\u2606casemiroluan|ele tankou\n|\n|t:|1700596484\n|switch|p2a: Rog\u00e9rio|Glaceon, M, shiny|100\/100\n|move|p1a: Hippopotas|Stealth Rock|p2a: Rog\u00e9rio\n|-sidestart|p2: casemiroluan|move: Stealth Rock\n|\n|-weather|Sandstorm|[upkeep]\n|-damage|p2a: Rog\u00e9rio|95\/100|[from] Sandstorm\n|upkeep\n|turn|3\n|l|\u2606casemiroluan\n|player|p2|\n|\n|t:|1700596531\n|switch|p1a: Ceruledge|Ceruledge, M|100\/100\n|move|p2a: Rog\u00e9rio|Freeze-Dry|p1a: Ceruledge\n|-resisted|p1a: Ceruledge\n|-damage|p1a: Ceruledge|62\/100\n|\n|-weather|Sandstorm|[upkeep]\n|-damage|p1a: Ceruledge|56\/100|[from] Sandstorm\n|-damage|p2a: Rog\u00e9rio|89\/100|[from] Sandstorm\n|upkeep\n|turn|4\n|j|\u2606casemiroluan\n|player|p2|casemiroluan|169\n|c| Abner67|F cazze\n|c|\u2606casemiroluan|voltie\n|c|\u2606FlameWolf26|F\n|c|\u2606casemiroluan|voltei\n|\n|t:|1700596566\n|switch|p2a: Sapo Cego|Greninja, M|91\/100\n|-damage|p2a: Sapo Cego|78\/100|[from] Stealth Rock\n|move|p1a: Ceruledge|Close Combat|p2a: Sapo Cego\n|-supereffective|p2a: Sapo Cego\n|-damage|p2a: Sapo Cego|0 fnt\n|-unboost|p1a: Ceruledge|def|1\n|-unboost|p1a: Ceruledge|spd|1\n|faint|p2a: Sapo Cego\n|\n|-weather|Sandstorm|[upkeep]\n|-damage|p1a: Ceruledge|50\/100|[from] Sandstorm\n|upkeep\n|\n|t:|1700596579\n|switch|p2a: Para-raio|Torkoal, M|81\/100\n|-damage|p2a: Para-raio|56\/100|[from] Stealth Rock\n|-weather|SunnyDay|[from] ability: Drought|[of] p2a: Para-raio\n|turn|5\n|\n|t:|1700596585\n|switch|p1a: Hippopotas|Hippopotas, F|100\/100\n|-weather|Sandstorm|[from] ability: Sand Stream|[of] p1a: Hippopotas\n|move|p2a: Para-raio|Rapid Spin|p1a: Hippopotas\n|-damage|p1a: Hippopotas|93\/100\n|-boost|p2a: Para-raio|spe|1\n|-sideend|p2: casemiroluan|Stealth Rock|[from] move: Rapid Spin|[of] p2a: Para-raio\n|\n|-weather|Sandstorm|[upkeep]\n|-damage|p2a: Para-raio|50\/100|[from] Sandstorm\n|upkeep\n|turn|6\n|\n|t:|1700596629\n|switch|p1a: Mew|Mew, shiny|68\/100\n|move|p2a: Para-raio|Weather Ball|p1a: Mew\n|-damage|p1a: Mew|51\/100\n|\n|-weather|Sandstorm|[upkeep]\n|-damage|p1a: Mew|44\/100|[from] Sandstorm\n|-damage|p2a: Para-raio|44\/100|[from] Sandstorm\n|-heal|p1a: Mew|51\/100|[from] item: Leftovers\n|upkeep\n|turn|7\n|\n|t:|1700596639\n|move|p1a: Mew|Knock Off|p2a: Para-raio\n|-damage|p2a: Para-raio|27\/100\n|-enditem|p2a: Para-raio|Heat Rock|[from] move: Knock Off|[of] p1a: Mew\n|move|p2a: Para-raio|Will-O-Wisp|p1a: Mew\n|-status|p1a: Mew|brn\n|-activate|p1a: Mew|ability: Synchronize\n|-immune|p2a: Para-raio\n|\n|-weather|Sandstorm|[upkeep]\n|-damage|p1a: Mew|44\/100 brn|[from] Sandstorm\n|-damage|p2a: Para-raio|21\/100|[from] Sandstorm\n|-heal|p1a: Mew|51\/100 brn|[from] item: Leftovers\n|-damage|p1a: Mew|44\/100 brn|[from] brn\n|upkeep\n|turn|8\n|\n|t:|1700596657\n|move|p1a: Mew|Volt Switch|p2a: Para-raio\n|-damage|p2a: Para-raio|8\/100\n|\n|t:|1700596663\n|switch|p1a: Moltres|Moltres, shiny|100\/100|[from] Volt Switch\n|move|p2a: Para-raio|Weather Ball|p1a: Moltres\n|-supereffective|p1a: Moltres\n|-damage|p1a: Moltres|19\/100\n|\n|-weather|Sandstorm|[upkeep]\n|-damage|p1a: Moltres|13\/100|[from] Sandstorm\n|-damage|p2a: Para-raio|2\/100|[from] Sandstorm\n|upkeep\n|turn|9\n|c|\u2606FlameWolf26|reclame da doer\n|c|\u2606FlameWolf26|aiai que dor\n|c|\u2606casemiroluan|o frango ta queimado\n|c| Abner67|frango caiu na areaia\n|\n|t:|1700596716\n|move|p1a: Moltres|Roost|p1a: Moltres\n|-heal|p1a: Moltres|63\/100\n|-singleturn|p1a: Moltres|move: Roost\n|move|p2a: Para-raio|Weather Ball|p1a: Moltres\n|-supereffective|p1a: Moltres\n|-damage|p1a: Moltres|23\/100\n|\n|-weather|none\n|upkeep\n|turn|10\n|\n|t:|1700596732\n|switch|p2a: Zeca|Charizard, M, shiny|100\/100\n|move|p1a: Moltres|Roost|p1a: Moltres\n|-heal|p1a: Moltres|74\/100\n|-singleturn|p1a: Moltres|move: Roost\n|\n|upkeep\n|turn|11\n|\n|t:|1700596745\n|switch|p1a: Mew|Mew, shiny|44\/100 brn\n|move|p2a: Zeca|Air Slash|p1a: Mew\n|-damage|p1a: Mew|6\/100 brn\n|-damage|p2a: Zeca|91\/100|[from] item: Life Orb\n|\n|-heal|p1a: Mew|13\/100 brn|[from] item: Leftovers\n|-damage|p1a: Mew|6\/100 brn|[from] brn\n|upkeep\n|turn|12\n|\n|t:|1700596761\n|move|p1a: Mew|Toxic Spikes|p2a: Zeca\n|-sidestart|p2: casemiroluan|move: Toxic Spikes\n|move|p2a: Zeca|Dragon Pulse|p1a: Mew\n|-crit|p1a: Mew\n|-damage|p1a: Mew|0 fnt\n|faint|p1a: Mew\n|-damage|p2a: Zeca|81\/100|[from] item: Life Orb\n|\n|upkeep\n|\n|t:|1700596782\n|switch|p1a: Maushold|Maushold-Four|100\/100\n|turn|13\n|\n|t:|1700596799\n|move|p1a: Maushold|Population Bomb|p2a: Zeca\n|-damage|p2a: Zeca|65\/100\n|-damage|p2a: Zeca|49\/100\n|-damage|p2a: Zeca|34\/100\n|-damage|p2a: Zeca|20\/100\n|-damage|p2a: Zeca|5\/100\n|-damage|p2a: Zeca|0 fnt\n|faint|p2a: Zeca\n|-hitcount|p2: Zeca|6\n|\n|upkeep\n|\n|t:|1700596815\n|switch|p2a: Para-raio|Torkoal, M|2\/100\n|-status|p2a: Para-raio|psn\n|-weather|SunnyDay|[from] ability: Drought|[of] p2a: Para-raio\n|turn|14\n|\n|t:|1700596829\n|switch|p1a: Ceruledge|Ceruledge, M|50\/100\n|move|p2a: Para-raio|Rapid Spin|p1a: Ceruledge\n|-immune|p1a: Ceruledge\n|\n|-weather|SunnyDay|[upkeep]\n|-damage|p2a: Para-raio|0 fnt|[from] psn\n|faint|p2a: Para-raio\n|upkeep\n|\n|t:|1700596841\n|switch|p2a: Creusa|Leafeon, F|100\/100\n|turn|15\n|\n|t:|1700596876\n|switch|p1a: Moltres|Moltres, shiny|74\/100\n|-terastallize|p2a: Creusa|Water\n|move|p2a: Creusa|Leaf Blade|p1a: Moltres\n|-resisted|p1a: Moltres\n|-damage|p1a: Moltres|67\/100\n|\n|-weather|SunnyDay|[upkeep]\n|upkeep\n|turn|16\n|c|\u2606casemiroluan|aqui \u00e9 s\u00f3 pra cumprir tabela\n|\n|t:|1700596901\n|switch|p1a: Hippopotas|Hippopotas, F|93\/100\n|-weather|Sandstorm|[from] ability: Sand Stream|[of] p1a: Hippopotas\n|move|p2a: Creusa|X-Scissor|p1a: Hippopotas\n|-damage|p1a: Hippopotas|76\/100\n|\n|-weather|Sandstorm|[upkeep]\n|-damage|p2a: Creusa|95\/100|[from] Sandstorm\n|upkeep\n|turn|17\n|c|\u2606casemiroluan|ja era\n|\n|t:|1700596919\n|switch|p2a: Rog\u00e9rio|Glaceon, M, shiny|89\/100\n|-status|p2a: Rog\u00e9rio|psn\n|move|p1a: Hippopotas|Whirlwind|p2a: Rog\u00e9rio\n|drag|p2a: Afonso|Grimmsnarl, M|100\/100\n|-status|p2a: Afonso|psn\n|\n|-weather|Sandstorm|[upkeep]\n|-damage|p2a: Afonso|94\/100 psn|[from] Sandstorm\n|-damage|p2a: Afonso|82\/100 psn|[from] psn\n|upkeep\n|turn|18\n|\n|t:|1700596937\n|move|p2a: Afonso|Spirit Break|p1a: Hippopotas\n|-damage|p1a: Hippopotas|56\/100\n|-unboost|p1a: Hippopotas|spa|1\n|move|p1a: Hippopotas|Stealth Rock|p2a: Afonso\n|-sidestart|p2: casemiroluan|move: Stealth Rock\n|\n|-weather|Sandstorm|[upkeep]\n|-damage|p2a: Afonso|76\/100 psn|[from] Sandstorm\n|-damage|p2a: Afonso|63\/100 psn|[from] psn\n|upkeep\n|turn|19\n|\n|t:|1700596953\n|switch|p1a: Ceruledge|Ceruledge, M|50\/100\n|move|p2a: Afonso|Spirit Break|p1a: Ceruledge\n|-resisted|p1a: Ceruledge\n|-damage|p1a: Ceruledge|28\/100\n|-unboost|p1a: Ceruledge|spa|1\n|-ability|p1a: Ceruledge|Weak Armor|boost\n|-unboost|p1a: Ceruledge|def|1\n|-boost|p1a: Ceruledge|spe|2\n|\n|-weather|Sandstorm|[upkeep]\n|-damage|p1a: Ceruledge|22\/100|[from] Sandstorm\n|-damage|p2a: Afonso|57\/100 psn|[from] Sandstorm\n|-damage|p2a: Afonso|45\/100 psn|[from] psn\n|upkeep\n|turn|20\n|\n|t:|1700596966\n|move|p1a: Ceruledge|Bitter Blade|p2a: Afonso\n|-damage|p2a: Afonso|0 fnt\n|-heal|p1a: Ceruledge|52\/100|[from] drain|[of] p2a: Afonso\n|faint|p2a: Afonso\n|\n|-weather|none\n|upkeep\n|\n|t:|1700596973\n|switch|p2a: Rog\u00e9rio|Glaceon, M, shiny|89\/100 psn\n|-damage|p2a: Rog\u00e9rio|64\/100 psn|[from] Stealth Rock\n|turn|21\n|\n|t:|1700596982\n|move|p1a: Ceruledge|Bitter Blade|p2a: Rog\u00e9rio\n|-supereffective|p2a: Rog\u00e9rio\n|-damage|p2a: Rog\u00e9rio|0 fnt\n|-heal|p1a: Ceruledge|89\/100|[from] drain|[of] p2a: Rog\u00e9rio\n|faint|p2a: Rog\u00e9rio\n|\n|upkeep\n|\n|t:|1700596988\n|switch|p2a: Creusa|Leafeon, F, tera:Water|95\/100\n|turn|22\n|\n|t:|1700597001\n|move|p1a: Ceruledge|Close Combat|p2a: Creusa\n|-damage|p2a: Creusa|60\/100\n|-unboost|p1a: Ceruledge|def|1\n|-unboost|p1a: Ceruledge|spd|1\n|move|p2a: Creusa|Leaf Blade|p1a: Ceruledge\n|-resisted|p1a: Ceruledge\n|-damage|p1a: Ceruledge|39\/100\n|-ability|p1a: Ceruledge|Weak Armor|boost\n|-unboost|p1a: Ceruledge|def|1\n|-boost|p1a: Ceruledge|spe|2\n|\n|upkeep\n|turn|23\n|\n|t:|1700597011\n|move|p1a: Ceruledge|Close Combat|p2a: Creusa\n|-damage|p2a: Creusa|22\/100\n|-unboost|p1a: Ceruledge|def|1\n|-unboost|p1a: Ceruledge|spd|1\n|move|p2a: Creusa|Leaf Blade|p1a: Ceruledge\n|-resisted|p1a: Ceruledge\n|-damage|p1a: Ceruledge|0 fnt\n|faint|p1a: Ceruledge\n|\n|upkeep\n|\n|t:|1700597034\n|switch|p1a: Poliwrath|Poliwrath, M|100\/100\n|turn|24\n|\n|t:|1700597037\n|-terastallize|p1a: Poliwrath|Dragon\n|move|p2a: Creusa|Leaf Blade|p1a: Poliwrath\n|-resisted|p1a: Poliwrath\n|-damage|p1a: Poliwrath|83\/100\n|move|p1a: Poliwrath|Drain Punch|p2a: Creusa\n|-damage|p2a: Creusa|0 fnt\n|-heal|p1a: Poliwrath|92\/100|[from] drain|[of] p2a: Creusa\n|faint|p2a: Creusa\n|\n|win|FlameWolf26\n|c|\u2606FlameWolf26|gg\n","uploadtime":1700597054,"views":24,"p1id":"flamewolf26","p2id":"casemiroluan","formatid":"gen9ou","rating":0,"private":0,"password":""}