{"id":"gen9ou-1992001966","p1":"ElPadou","p2":"slucin","format":"[Gen 9] OU","log":"|j|\u2606ElPadou\n|j|\u2606slucin\n|t:|1700146714\n|gametype|singles\n|player|p1|ElPadou|wattson|1331\n|player|p2|slucin|169|1393\n|teamsize|p1|6\n|teamsize|p2|6\n|gen|9\n|tier|[Gen 9] OU\n|rated|\n|rule|Sleep Clause Mod: Limit one foe put to sleep\n|rule|Species Clause: Limit one of each Pok\u00e9mon\n|rule|OHKO Clause: OHKO moves are banned\n|rule|Evasion Items Clause: Evasion items are banned\n|rule|Evasion Moves Clause: Evasion moves are banned\n|rule|Endless Battle Clause: Forcing endless battles is banned\n|rule|HP Percentage Mod: HP is shown in percentages\n|clearpoke\n|poke|p1|Torterra, M|\n|poke|p1|Alomomola, M|\n|poke|p1|Bellibolt, F|\n|poke|p1|Manaphy|\n|poke|p1|Tauros-Paldea-Blaze, M|\n|poke|p1|Ting-Lu|\n|poke|p2|Alomomola, F|\n|poke|p2|Slowking-Galar, F|\n|poke|p2|Kingambit, F|\n|poke|p2|Great Tusk|\n|poke|p2|Cinderace, F|\n|poke|p2|Thundurus-Therian, M|\n|teampreview\n|inactive|Battle timer is ON: inactive players will automatically lose when time's up. (requested by ElPadou)\n|\n|t:|1700146724\n|start\n|switch|p1a: Ting-Lu|Ting-Lu|100\/100\n|switch|p2a: Great Tusk|Great Tusk|100\/100\n|-ability|p1a: Ting-Lu|Vessel of Ruin\n|turn|1\n|j| BobbyTheFool\n|\n|t:|1700146730\n|move|p2a: Great Tusk|Stealth Rock|p1a: Ting-Lu\n|-sidestart|p1: ElPadou|move: Stealth Rock\n|move|p1a: Ting-Lu|Earthquake|p2a: Great Tusk\n|-damage|p2a: Great Tusk|47\/100\n|\n|upkeep\n|turn|2\n|l| BobbyTheFool\n|\n|t:|1700146739\n|switch|p1a: Alomomola|Alomomola, M|100\/100\n|-damage|p1a: Alomomola|88\/100|[from] Stealth Rock\n|move|p2a: Great Tusk|Ice Spinner|p1a: Alomomola\n|-resisted|p1a: Alomomola\n|-damage|p1a: Alomomola|80\/100\n|-damage|p2a: Great Tusk|31\/100|[from] item: Rocky Helmet|[of] p1a: Alomomola\n|\n|upkeep\n|turn|3\n|\n|t:|1700146750\n|-end|p2a: Great Tusk|Protosynthesis|[silent]\n|switch|p2a: Alomomola|Alomomola, F|100\/100\n|move|p1a: Alomomola|Flip Turn|p2a: Alomomola\n|-resisted|p2a: Alomomola\n|-damage|p2a: Alomomola|95\/100\n|-enditem|p2a: Alomomola|Red Card|[of] p1a: Alomomola\n|drag|p1a: Manaphy|Manaphy|100\/100\n|-damage|p1a: Manaphy|88\/100|[from] Stealth Rock\n|\n|-heal|p1a: Manaphy|94\/100|[from] item: Leftovers\n|upkeep\n|turn|4\n|\n|t:|1700146758\n|move|p1a: Manaphy|Tail Glow|p1a: Manaphy\n|-boost|p1a: Manaphy|spa|3\n|move|p2a: Alomomola|Flip Turn|p1a: Manaphy\n|-resisted|p1a: Manaphy\n|-damage|p1a: Manaphy|86\/100\n|\n|t:|1700146760\n|switch|p2a: Thundurus|Thundurus-Therian, M|100\/100|[from] Flip Turn\n|\n|-heal|p1a: Manaphy|92\/100|[from] item: Leftovers\n|upkeep\n|turn|5\n|\n|t:|1700146764\n|-terastallize|p1a: Manaphy|Fairy\n|move|p2a: Thundurus|Volt Switch|p1a: Manaphy\n|-damage|p1a: Manaphy|36\/100\n|\n|t:|1700146768\n|switch|p2a: Slowking|Slowking-Galar, F|100\/100|[from] Volt Switch\n|move|p1a: Manaphy|Surf|p2a: Slowking\n|-damage|p2a: Slowking|44\/100\n|\n|-heal|p1a: Manaphy|42\/100|[from] item: Leftovers\n|upkeep\n|turn|6\n|\n|t:|1700146776\n|move|p1a: Manaphy|Surf|p2a: Slowking\n|-damage|p2a: Slowking|0 fnt\n|faint|p2a: Slowking\n|\n|-heal|p1a: Manaphy|48\/100|[from] item: Leftovers\n|upkeep\n|\n|t:|1700146779\n|switch|p2a: Thundurus|Thundurus-Therian, M|100\/100\n|turn|7\n|\n|t:|1700146791\n|switch|p1a: Ting-Lu|Ting-Lu|100\/100\n|-damage|p1a: Ting-Lu|94\/100|[from] Stealth Rock\n|-ability|p1a: Ting-Lu|Vessel of Ruin\n|-terastallize|p2a: Thundurus|Flying\n|move|p2a: Thundurus|Tera Blast|p1a: Ting-Lu|[anim] Tera Blast Flying\n|-damage|p1a: Ting-Lu|38\/100\n|\n|upkeep\n|turn|8\n|\n|t:|1700146796\n|move|p2a: Thundurus|Tera Blast|p1a: Ting-Lu|[anim] Tera Blast Flying\n|-damage|p1a: Ting-Lu|0 fnt\n|faint|p1a: Ting-Lu\n|\n|upkeep\n|\n|t:|1700146798\n|switch|p1a: Bellibolt|Bellibolt, F, shiny|100\/100\n|-damage|p1a: Bellibolt|88\/100|[from] Stealth Rock\n|turn|9\n|\n|t:|1700146803\n|switch|p2a: Great Tusk|Great Tusk|31\/100\n|move|p1a: Bellibolt|Muddy Water|p2a: Great Tusk\n|-supereffective|p2a: Great Tusk\n|-damage|p2a: Great Tusk|0 fnt\n|faint|p2a: Great Tusk\n|-end|p2a: Great Tusk|Protosynthesis|[silent]\n|\n|upkeep\n|\n|t:|1700146816\n|switch|p2a: Kingambit|Kingambit, F|100\/100\n|-activate|p2a: Kingambit|ability: Supreme Overlord\n|-start|p2a: Kingambit|fallen2|[silent]\n|turn|10\n|\n|t:|1700146823\n|move|p2a: Kingambit|Kowtow Cleave|p1a: Bellibolt\n|-damage|p1a: Bellibolt|37\/100\n|-start|p1a: Bellibolt|Charge|Kowtow Cleave|[from] ability: Electromorphosis\n|move|p1a: Bellibolt|Muddy Water|p2a: Kingambit\n|-damage|p2a: Kingambit|72\/100\n|\n|-heal|p2a: Kingambit|78\/100|[from] item: Leftovers\n|upkeep\n|turn|11\n|\n|t:|1700146828\n|switch|p1a: Alomomola|Alomomola, M|100\/100\n|-damage|p1a: Alomomola|88\/100|[from] Stealth Rock\n|move|p2a: Kingambit|Kowtow Cleave|p1a: Alomomola\n|-damage|p1a: Alomomola|47\/100\n|-damage|p2a: Kingambit|61\/100|[from] item: Rocky Helmet|[of] p1a: Alomomola\n|\n|-heal|p2a: Kingambit|67\/100|[from] item: Leftovers\n|upkeep\n|turn|12\n|\n|t:|1700146832\n|-end|p2a: Kingambit|fallen2|[silent]\n|switch|p2a: Alomomola|Alomomola, F|100\/100\n|move|p1a: Alomomola|Wish|p1a: Alomomola\n|\n|upkeep\n|turn|13\n|\n|t:|1700146838\n|move|p1a: Alomomola|Flip Turn|p2a: Alomomola\n|-resisted|p2a: Alomomola\n|-damage|p2a: Alomomola|96\/100\n|\n|t:|1700146849\n|switch|p1a: Bellibolt|Bellibolt, F, shiny|37\/100|[from] Flip Turn\n|-damage|p1a: Bellibolt|25\/100|[from] Stealth Rock\n|move|p2a: Alomomola|Flip Turn|p1a: Bellibolt\n|-damage|p1a: Bellibolt|10\/100\n|-start|p1a: Bellibolt|Charge|Flip Turn|[from] ability: Electromorphosis\n|\n|t:|1700146856\n|switch|p2a: Kingambit|Kingambit, F|67\/100|[from] Flip Turn\n|-activate|p2a: Kingambit|ability: Supreme Overlord\n|-start|p2a: Kingambit|fallen2|[silent]\n|\n|-heal|p1a: Bellibolt|84\/100|[from] move: Wish|[wisher] Alomomola\n|-heal|p2a: Kingambit|73\/100|[from] item: Leftovers\n|upkeep\n|turn|14\n|\n|t:|1700146865\n|move|p2a: Kingambit|Swords Dance|p2a: Kingambit\n|-boost|p2a: Kingambit|atk|2\n|move|p1a: Bellibolt|Parabolic Charge|p2a: Kingambit\n|-damage|p2a: Kingambit|8\/100\n|-heal|p1a: Bellibolt|100\/100|[from] drain|[of] p2a: Kingambit\n|-end|p1a: Bellibolt|Charge|[silent]\n|\n|-heal|p2a: Kingambit|14\/100|[from] item: Leftovers\n|upkeep\n|turn|15\n|\n|t:|1700146869\n|switch|p1a: Alomomola|Alomomola, M|80\/100\n|-damage|p1a: Alomomola|68\/100|[from] Stealth Rock\n|move|p2a: Kingambit|Kowtow Cleave|p1a: Alomomola\n|-damage|p1a: Alomomola|0 fnt\n|-damage|p2a: Kingambit|0 fnt|[from] item: Rocky Helmet|[of] p1a: Alomomola\n|faint|p1a: Alomomola\n|faint|p2a: Kingambit\n|-end|p2a: Kingambit|fallen2|[silent]\n|\n|upkeep\n|\n|t:|1700146892\n|switch|p1a: Tauros|Tauros-Paldea-Blaze, M, shiny|100\/100\n|switch|p2a: Thundurus|Thundurus-Therian, M, tera:Flying|100\/100\n|-damage|p1a: Tauros|88\/100|[from] Stealth Rock\n|-ability|p1a: Tauros|Intimidate|boost\n|-unboost|p2a: Thundurus|atk|1\n|turn|16\n|\n|t:|1700146897\n|move|p1a: Tauros|Raging Bull|p2a: Thundurus\n|-damage|p2a: Thundurus|31\/100\n|move|p2a: Thundurus|Tera Blast|p1a: Tauros|[anim] Tera Blast Flying\n|-supereffective|p1a: Tauros\n|-damage|p1a: Tauros|0 fnt\n|faint|p1a: Tauros\n|\n|upkeep\n|\n|t:|1700146902\n|switch|p1a: Bellibolt|Bellibolt, F, shiny|100\/100\n|-damage|p1a: Bellibolt|88\/100|[from] Stealth Rock\n|turn|17\n|\n|t:|1700146910\n|switch|p2a: Alomomola|Alomomola, F|100\/100\n|move|p1a: Bellibolt|Charge Beam|p2a: Alomomola\n|-supereffective|p2a: Alomomola\n|-damage|p2a: Alomomola|54\/100\n|\n|upkeep\n|turn|18\n|\n|t:|1700146920\n|switch|p2a: Thundurus|Thundurus-Therian, M, tera:Flying|31\/100\n|move|p1a: Bellibolt|Muddy Water|p2a: Thundurus\n|-damage|p2a: Thundurus|0 fnt\n|faint|p2a: Thundurus\n|\n|upkeep\n|\n|t:|1700146925\n|switch|p2a: Cinderace|Cinderace, F|100\/100\n|turn|19\n|\n|t:|1700146932\n|move|p2a: Cinderace|Pyro Ball|p1a: Bellibolt\n|-damage|p1a: Bellibolt|37\/100\n|-start|p1a: Bellibolt|Charge|Pyro Ball|[from] ability: Electromorphosis\n|move|p1a: Bellibolt|Muddy Water|p2a: Cinderace\n|-supereffective|p2a: Cinderace\n|-damage|p2a: Cinderace|13\/100\n|\n|upkeep\n|turn|20\n|\n|t:|1700146950\n|move|p2a: Cinderace|Pyro Ball|p1a: Bellibolt\n|-damage|p1a: Bellibolt|0 fnt\n|faint|p1a: Bellibolt\n|\n|upkeep\n|\n|t:|1700146953\n|switch|p1a: Torterra|Torterra, M|100\/100\n|-damage|p1a: Torterra|94\/100|[from] Stealth Rock\n|turn|21\n|\n|t:|1700146956\n|move|p2a: Cinderace|Pyro Ball|p1a: Torterra\n|-supereffective|p1a: Torterra\n|-damage|p1a: Torterra|19\/100\n|move|p1a: Torterra|Earthquake|p2a: Cinderace\n|-supereffective|p2a: Cinderace\n|-damage|p2a: Cinderace|0 fnt\n|faint|p2a: Cinderace\n|\n|upkeep\n|\n|t:|1700146959\n|switch|p2a: Alomomola|Alomomola, F|88\/100\n|turn|22\n|\n|t:|1700146967\n|move|p1a: Torterra|Reflect|p1a: Torterra\n|-sidestart|p1: ElPadou|Reflect\n|move|p2a: Alomomola|Scald|p1a: Torterra\n|-damage|p1a: Torterra|5\/100\n|-status|p1a: Torterra|brn\n|\n|-damage|p1a: Torterra|0 fnt|[from] brn\n|faint|p1a: Torterra\n|upkeep\n|\n|t:|1700146973\n|switch|p1a: Manaphy|Manaphy, tera:Fairy|48\/100\n|-damage|p1a: Manaphy|36\/100|[from] Stealth Rock\n|turn|23\n|\n|t:|1700146976\n|move|p1a: Manaphy|Tail Glow|p1a: Manaphy\n|-boost|p1a: Manaphy|spa|3\n|move|p2a: Alomomola|Scald|p1a: Manaphy\n|-damage|p1a: Manaphy|23\/100\n|\n|-heal|p1a: Manaphy|30\/100|[from] item: Leftovers\n|upkeep\n|turn|24\n|\n|t:|1700146983\n|move|p1a: Manaphy|Energy Ball|p2a: Alomomola\n|-supereffective|p2a: Alomomola\n|-damage|p2a: Alomomola|0 fnt\n|faint|p2a: Alomomola\n|\n|win|ElPadou\n|raw|ElPadou's rating: 1331 &rarr; <strong>1355<\/strong><br \/>(+24 for winning)\n|raw|slucin's rating: 1393 &rarr; <strong>1369<\/strong><br \/>(-24 for losing)\n|l|\u2606slucin\n","uploadtime":1700147001,"views":14,"p1id":"elpadou","p2id":"slucin","formatid":"gen9ou","rating":1355,"private":0,"password":""}