{"id":"gen9ou-1989741648","p1":"Skaraptor2.1","p2":"Waterimage","format":"[Gen 9] OU","log":"|j|\u2606Skaraptor2.1\n|j|\u2606Waterimage\n|t:|1699891824\n|gametype|singles\n|player|p1|Skaraptor2.1|emma|1228\n|player|p2|Waterimage|hiker-gen4|1134\n|teamsize|p1|6\n|teamsize|p2|6\n|gen|9\n|tier|[Gen 9] OU\n|rated|\n|rule|Sleep Clause Mod: Limit one foe put to sleep\n|rule|Species Clause: Limit one of each Pok\u00e9mon\n|rule|OHKO Clause: OHKO moves are banned\n|rule|Evasion Items Clause: Evasion items are banned\n|rule|Evasion Moves Clause: Evasion moves are banned\n|rule|Endless Battle Clause: Forcing endless battles is banned\n|rule|HP Percentage Mod: HP is shown in percentages\n|clearpoke\n|poke|p1|Ribombee, M|\n|poke|p1|Ogerpon-Wellspring, F|\n|poke|p1|Iron Moth|\n|poke|p1|Zamazenta-*|\n|poke|p1|Iron Valiant|\n|poke|p1|Kingambit, F|\n|poke|p2|Dragapult, F|\n|poke|p2|Great Tusk|\n|poke|p2|Iron Valiant|\n|poke|p2|Slowking-Galar, M|\n|poke|p2|Heatran, M|\n|poke|p2|Dondozo, M|\n|teampreview\n|inactive|Battle timer is ON: inactive players will automatically lose when time's up. (requested by Skaraptor2.1)\n|\n|t:|1699891829\n|start\n|switch|p1a: Twink|Ribombee, M|100\/100\n|switch|p2a: Great Tusk|Great Tusk|100\/100\n|turn|1\n|\n|t:|1699891833\n|move|p1a: Twink|Stun Spore|p2a: Great Tusk\n|-status|p2a: Great Tusk|par\n|move|p2a: Great Tusk|Iron Head|p1a: Twink\n|-supereffective|p1a: Twink\n|-damage|p1a: Twink|30\/100\n|\n|upkeep\n|turn|2\n|\n|t:|1699891839\n|move|p1a: Twink|Sticky Web|p2a: Great Tusk\n|-sidestart|p2: Waterimage|move: Sticky Web\n|move|p2a: Great Tusk|Iron Head|p1a: Twink\n|-supereffective|p1a: Twink\n|-damage|p1a: Twink|0 fnt\n|faint|p1a: Twink\n|\n|upkeep\n|\n|t:|1699891850\n|switch|p1a: Transfem|Ogerpon-Wellspring, F|100\/100\n|turn|3\n|\n|t:|1699891853\n|move|p1a: Transfem|Swords Dance|p1a: Transfem\n|-boost|p1a: Transfem|atk|2\n|move|p2a: Great Tusk|Rapid Spin|p1a: Transfem\n|-damage|p1a: Transfem|81\/100\n|-boost|p2a: Great Tusk|spe|1\n|-sideend|p2: Waterimage|Sticky Web|[from] move: Rapid Spin|[of] p2a: Great Tusk\n|\n|upkeep\n|turn|4\n|\n|t:|1699891856\n|move|p1a: Transfem|Swords Dance|p1a: Transfem\n|-boost|p1a: Transfem|atk|2\n|move|p2a: Great Tusk|Knock Off|p1a: Transfem\n|-damage|p1a: Transfem|57\/100\n|\n|upkeep\n|turn|5\n|\n|t:|1699891859\n|move|p1a: Transfem|Horn Leech|p2a: Great Tusk\n|-supereffective|p2a: Great Tusk\n|-damage|p2a: Great Tusk|0 fnt\n|-heal|p1a: Transfem|100\/100|[from] drain|[of] p2a: Great Tusk\n|faint|p2a: Great Tusk\n|-end|p2a: Great Tusk|Protosynthesis|[silent]\n|\n|upkeep\n|\n|t:|1699891864\n|switch|p2a: Dondozo|Dondozo, M|100\/100\n|turn|6\n|\n|t:|1699891867\n|move|p1a: Transfem|Horn Leech|p2a: Dondozo\n|-supereffective|p2a: Dondozo\n|-damage|p2a: Dondozo|63\/100\n|move|p2a: Dondozo|Curse|p2a: Dondozo\n|-unboost|p2a: Dondozo|spe|1\n|-boost|p2a: Dondozo|atk|1\n|-boost|p2a: Dondozo|def|1\n|\n|upkeep\n|turn|7\n|\n|t:|1699891872\n|move|p1a: Transfem|Knock Off|p2a: Dondozo\n|-damage|p2a: Dondozo|52\/100\n|-enditem|p2a: Dondozo|Heavy-Duty Boots|[from] move: Knock Off|[of] p1a: Transfem\n|move|p2a: Dondozo|Rest|p2a: Dondozo\n|-status|p2a: Dondozo|slp|[from] move: Rest\n|-heal|p2a: Dondozo|100\/100 slp|[silent]\n|\n|upkeep\n|turn|8\n|\n|t:|1699891877\n|move|p1a: Transfem|Horn Leech|p2a: Dondozo\n|-supereffective|p2a: Dondozo\n|-damage|p2a: Dondozo|74\/100 slp\n|cant|p2a: Dondozo|slp\n|move|p2a: Dondozo|Sleep Talk|p2a: Dondozo\n|move|p2a: Dondozo|Curse|p2a: Dondozo|[from]move: Sleep Talk\n|-unboost|p2a: Dondozo|spe|1\n|-boost|p2a: Dondozo|atk|1\n|-boost|p2a: Dondozo|def|1\n|\n|upkeep\n|turn|9\n|\n|t:|1699891884\n|move|p1a: Transfem|Horn Leech|p2a: Dondozo\n|-supereffective|p2a: Dondozo\n|-damage|p2a: Dondozo|52\/100 slp\n|cant|p2a: Dondozo|slp\n|move|p2a: Dondozo|Sleep Talk|p2a: Dondozo\n|move|p2a: Dondozo|Rest||[from]move: Sleep Talk|[still]\n|-fail|p2a: Dondozo\n|\n|upkeep\n|turn|10\n|\n|t:|1699891893\n|move|p1a: Transfem|Horn Leech|p2a: Dondozo\n|-supereffective|p2a: Dondozo\n|-damage|p2a: Dondozo|31\/100 slp\n|-curestatus|p2a: Dondozo|slp|[msg]\n|move|p2a: Dondozo|Rest|p2a: Dondozo\n|-status|p2a: Dondozo|slp|[from] move: Rest\n|-heal|p2a: Dondozo|100\/100 slp|[silent]\n|\n|upkeep\n|turn|11\n|\n|t:|1699891900\n|move|p1a: Transfem|Horn Leech|p2a: Dondozo\n|-supereffective|p2a: Dondozo\n|-damage|p2a: Dondozo|81\/100 slp\n|cant|p2a: Dondozo|slp\n|move|p2a: Dondozo|Sleep Talk|p2a: Dondozo\n|move|p2a: Dondozo|Curse|p2a: Dondozo|[from]move: Sleep Talk\n|-unboost|p2a: Dondozo|spe|1\n|-boost|p2a: Dondozo|atk|1\n|-boost|p2a: Dondozo|def|1\n|\n|upkeep\n|turn|12\n|\n|t:|1699891904\n|move|p1a: Transfem|Horn Leech|p2a: Dondozo\n|-supereffective|p2a: Dondozo\n|-damage|p2a: Dondozo|64\/100 slp\n|cant|p2a: Dondozo|slp\n|move|p2a: Dondozo|Sleep Talk|p2a: Dondozo\n|move|p2a: Dondozo|Curse|p2a: Dondozo|[from]move: Sleep Talk\n|-unboost|p2a: Dondozo|spe|1\n|-boost|p2a: Dondozo|atk|1\n|-boost|p2a: Dondozo|def|1\n|\n|upkeep\n|turn|13\n|\n|t:|1699891909\n|move|p1a: Transfem|Horn Leech|p2a: Dondozo\n|-supereffective|p2a: Dondozo\n|-damage|p2a: Dondozo|50\/100 slp\n|-curestatus|p2a: Dondozo|slp|[msg]\n|move|p2a: Dondozo|Rest|p2a: Dondozo\n|-status|p2a: Dondozo|slp|[from] move: Rest\n|-heal|p2a: Dondozo|100\/100 slp|[silent]\n|\n|upkeep\n|turn|14\n|\n|t:|1699891915\n|move|p1a: Transfem|Knock Off|p2a: Dondozo\n|-damage|p2a: Dondozo|96\/100 slp\n|cant|p2a: Dondozo|slp\n|move|p2a: Dondozo|Sleep Talk|p2a: Dondozo\n|move|p2a: Dondozo|Rest||[from]move: Sleep Talk|[still]\n|-fail|p2a: Dondozo\n|\n|upkeep\n|turn|15\n|\n|t:|1699891920\n|move|p1a: Transfem|Knock Off|p2a: Dondozo\n|-damage|p2a: Dondozo|92\/100 slp\n|cant|p2a: Dondozo|slp\n|move|p2a: Dondozo|Sleep Talk|p2a: Dondozo\n|move|p2a: Dondozo|Rest||[from]move: Sleep Talk|[still]\n|-fail|p2a: Dondozo\n|\n|upkeep\n|turn|16\n|\n|t:|1699891925\n|move|p1a: Transfem|Knock Off|p2a: Dondozo\n|-damage|p2a: Dondozo|88\/100 slp\n|-curestatus|p2a: Dondozo|slp|[msg]\n|move|p2a: Dondozo|Curse|p2a: Dondozo\n|-unboost|p2a: Dondozo|spe|1\n|-boost|p2a: Dondozo|atk|1\n|-boost|p2a: Dondozo|def|1\n|\n|upkeep\n|turn|17\n|\n|t:|1699891928\n|move|p1a: Transfem|Knock Off|p2a: Dondozo\n|-damage|p2a: Dondozo|85\/100\n|move|p2a: Dondozo|Curse|p2a: Dondozo\n|-unboost|p2a: Dondozo|spe|1\n|-boost|p2a: Dondozo|atk|1\n|-boost|p2a: Dondozo|def|1\n|\n|upkeep\n|turn|18\n|\n|t:|1699891931\n|move|p1a: Transfem|Knock Off|p2a: Dondozo\n|-damage|p2a: Dondozo|82\/100\n|move|p2a: Dondozo|Liquidation|p1a: Transfem\n|-immune|p1a: Transfem|[from] ability: Water Absorb\n|\n|upkeep\n|turn|19\n|\n|t:|1699891960\n|move|p1a: Transfem|Knock Off|p2a: Dondozo\n|-damage|p2a: Dondozo|79\/100\n|move|p2a: Dondozo|Liquidation|p1a: Transfem\n|-immune|p1a: Transfem|[from] ability: Water Absorb\n|\n|upkeep\n|turn|20\n|\n|t:|1699891969\n|move|p1a: Transfem|Swords Dance|p1a: Transfem\n|-boost|p1a: Transfem|atk|2\n|move|p2a: Dondozo|Curse|p2a: Dondozo\n|\n|upkeep\n|turn|21\n|\n|t:|1699891976\n|move|p1a: Transfem|Swords Dance|p1a: Transfem\n|-boost|p1a: Transfem|atk|0\n|move|p2a: Dondozo|Sleep Talk||[still]\n|-fail|p2a: Dondozo\n|\n|upkeep\n|turn|22\n|\n|t:|1699891979\n|move|p1a: Transfem|Swords Dance|p1a: Transfem\n|-boost|p1a: Transfem|atk|0\n|move|p2a: Dondozo|Sleep Talk||[still]\n|-fail|p2a: Dondozo\n|\n|upkeep\n|turn|23\n|\n|t:|1699891985\n|move|p1a: Transfem|Swords Dance|p1a: Transfem\n|-boost|p1a: Transfem|atk|0\n|move|p2a: Dondozo|Sleep Talk||[still]\n|-fail|p2a: Dondozo\n|\n|upkeep\n|turn|24\n|\n|t:|1699891994\n|move|p1a: Transfem|Swords Dance|p1a: Transfem\n|-boost|p1a: Transfem|atk|0\n|move|p2a: Dondozo|Sleep Talk||[still]\n|-fail|p2a: Dondozo\n|\n|upkeep\n|turn|25\n|\n|t:|1699892001\n|move|p1a: Transfem|Swords Dance|p1a: Transfem\n|-boost|p1a: Transfem|atk|0\n|move|p2a: Dondozo|Sleep Talk||[still]\n|-fail|p2a: Dondozo\n|\n|upkeep\n|turn|26\n|\n|t:|1699892007\n|move|p1a: Transfem|Ivy Cudgel|p2a: Dondozo\n|-resisted|p2a: Dondozo\n|-damage|p2a: Dondozo|76\/100\n|move|p2a: Dondozo|Sleep Talk||[still]\n|-fail|p2a: Dondozo\n|\n|upkeep\n|turn|27\n|\n|t:|1699892012\n|move|p1a: Transfem|Swords Dance|p1a: Transfem\n|-boost|p1a: Transfem|atk|0\n|move|p2a: Dondozo|Sleep Talk||[still]\n|-fail|p2a: Dondozo\n|\n|upkeep\n|turn|28\n|\n|t:|1699892015\n|move|p1a: Transfem|Swords Dance|p1a: Transfem\n|-boost|p1a: Transfem|atk|0\n|move|p2a: Dondozo|Sleep Talk||[still]\n|-fail|p2a: Dondozo\n|\n|upkeep\n|turn|29\n|\n|t:|1699892018\n|move|p1a: Transfem|Swords Dance|p1a: Transfem\n|-boost|p1a: Transfem|atk|0\n|move|p2a: Dondozo|Sleep Talk||[still]\n|-fail|p2a: Dondozo\n|\n|upkeep\n|turn|30\n|\n|t:|1699892021\n|move|p1a: Transfem|Swords Dance|p1a: Transfem\n|-boost|p1a: Transfem|atk|0\n|move|p2a: Dondozo|Sleep Talk||[still]\n|-fail|p2a: Dondozo\n|\n|upkeep\n|turn|31\n|\n|t:|1699892027\n|move|p1a: Transfem|Swords Dance|p1a: Transfem\n|-boost|p1a: Transfem|atk|0\n|move|p2a: Dondozo|Rest|p2a: Dondozo\n|-status|p2a: Dondozo|slp|[from] move: Rest\n|-heal|p2a: Dondozo|100\/100 slp|[silent]\n|\n|upkeep\n|turn|32\n|\n|t:|1699892033\n|switch|p1a: Bigender|Iron Valiant|100\/100\n|-enditem|p1a: Bigender|Booster Energy\n|-activate|p1a: Bigender|ability: Quark Drive|[fromitem]\n|-start|p1a: Bigender|quarkdrivespe\n|cant|p2a: Dondozo|slp\n|\n|upkeep\n|turn|33\n|\n|t:|1699892037\n|move|p1a: Bigender|Thunderbolt|p2a: Dondozo\n|-supereffective|p2a: Dondozo\n|-damage|p2a: Dondozo|48\/100 slp\n|cant|p2a: Dondozo|slp\n|\n|upkeep\n|turn|34\n|\n|t:|1699892042\n|move|p1a: Bigender|Thunderbolt|p2a: Dondozo\n|-supereffective|p2a: Dondozo\n|-damage|p2a: Dondozo|0 fnt\n|faint|p2a: Dondozo\n|\n|upkeep\n|\n|t:|1699892048\n|switch|p2a: Slowking|Slowking-Galar, M|100\/100\n|turn|35\n|\n|t:|1699892053\n|-end|p1a: Bigender|Quark Drive|[silent]\n|switch|p1a: Queengambit|Kingambit, F|100\/100\n|-activate|p1a: Queengambit|ability: Supreme Overlord\n|-start|p1a: Queengambit|fallen1|[silent]\n|move|p2a: Slowking|Future Sight|p1a: Queengambit\n|-start|p2a: Slowking|move: Future Sight\n|\n|upkeep\n|turn|36\n|l|\u2606Waterimage\n|inactive|Waterimage disconnected and has a minute to reconnect!\n|player|p2|\n|j|\u2606Waterimage\n|inactive|Waterimage reconnected and has 145 seconds left.\n|player|p2|Waterimage|hiker-gen4\n|\n|t:|1699892063\n|move|p1a: Queengambit|Swords Dance|p1a: Queengambit\n|-boost|p1a: Queengambit|atk|2\n|move|p2a: Slowking|Flamethrower|p1a: Queengambit\n|-supereffective|p1a: Queengambit\n|-damage|p1a: Queengambit|50\/100\n|\n|-heal|p1a: Queengambit|56\/100|[from] item: Leftovers\n|upkeep\n|turn|37\n|\n|t:|1699892086\n|move|p1a: Queengambit|Iron Head|p2a: Slowking\n|-damage|p2a: Slowking|1\/100\n|move|p2a: Slowking|Flamethrower|p1a: Queengambit\n|-supereffective|p1a: Queengambit\n|-damage|p1a: Queengambit|8\/100\n|\n|-end|p1a: Queengambit|move: Future Sight\n|-immune|p1a: Queengambit\n|-heal|p1a: Queengambit|14\/100|[from] item: Leftovers\n|upkeep\n|turn|38\n|\n|t:|1699892091\n|move|p1a: Queengambit|Iron Head|p2a: Slowking\n|-damage|p2a: Slowking|0 fnt\n|faint|p2a: Slowking\n|\n|-heal|p1a: Queengambit|21\/100|[from] item: Leftovers\n|upkeep\n|\n|t:|1699892095\n|switch|p2a: Iron Valiant|Iron Valiant|100\/100\n|-enditem|p2a: Iron Valiant|Booster Energy\n|-activate|p2a: Iron Valiant|ability: Quark Drive|[fromitem]\n|-start|p2a: Iron Valiant|quarkdrivespe\n|turn|39\n|\n|t:|1699892100\n|move|p2a: Iron Valiant|Encore|p1a: Queengambit\n|-start|p1a: Queengambit|Encore\n|move|p1a: Queengambit|Iron Head|p2a: Iron Valiant\n|-supereffective|p2a: Iron Valiant\n|-damage|p2a: Iron Valiant|0 fnt\n|faint|p2a: Iron Valiant\n|-end|p2a: Iron Valiant|Quark Drive|[silent]\n|\n|-heal|p1a: Queengambit|27\/100|[from] item: Leftovers\n|upkeep\n|\n|t:|1699892103\n|switch|p2a: Dragapult|Dragapult, F|100\/100\n|turn|40\n|\n|t:|1699892106\n|move|p2a: Dragapult|Flamethrower|p1a: Queengambit\n|-supereffective|p1a: Queengambit\n|-damage|p1a: Queengambit|0 fnt\n|faint|p1a: Queengambit\n|-end|p1a: Queengambit|fallen1|[silent]\n|\n|upkeep\n|\n|t:|1699892113\n|switch|p1a: Transfem|Ogerpon-Wellspring, F|100\/100\n|turn|41\n|\n|t:|1699892115\n|switch|p2a: Heatran|Heatran, M|100\/100\n|move|p1a: Transfem|Knock Off|p2a: Heatran\n|-damage|p2a: Heatran|62\/100\n|-enditem|p2a: Heatran|Leftovers|[from] move: Knock Off|[of] p1a: Transfem\n|\n|upkeep\n|turn|42\n|\n|t:|1699892118\n|move|p1a: Transfem|Ivy Cudgel|p2a: Heatran\n|-supereffective|p2a: Heatran\n|-damage|p2a: Heatran|0 fnt\n|faint|p2a: Heatran\n|\n|upkeep\n|\n|t:|1699892120\n|switch|p2a: Dragapult|Dragapult, F|100\/100\n|turn|43\n|\n|t:|1699892135\n|-terastallize|p2a: Dragapult|Ghost\n|move|p2a: Dragapult|Shadow Ball|p1a: Transfem\n|-damage|p1a: Transfem|22\/100\n|move|p1a: Transfem|Knock Off|p2a: Dragapult\n|-supereffective|p2a: Dragapult\n|-damage|p2a: Dragapult|0 fnt\n|-enditem|p2a: Dragapult|Choice Specs|[from] move: Knock Off|[of] p1a: Transfem\n|faint|p2a: Dragapult\n|\n|win|Skaraptor2.1\n|raw|Skaraptor2.1's rating: 1228 &rarr; <strong>1246<\/strong><br \/>(+18 for winning)\n|raw|Waterimage's rating: 1134 &rarr; <strong>1116<\/strong><br \/>(-18 for losing)\n","uploadtime":1699892140,"views":12,"p1id":"skaraptor21","p2id":"waterimage","formatid":"gen9ou","rating":1116,"private":0,"password":""}