{"id":"gen9ou-1990511635","p1":"fregene97","p2":"Delreynan","format":"[Gen 9] OU","log":"|j|\u2606fregene97\n|j|\u2606Delreynan\n|t:|1699977497\n|gametype|singles\n|player|p1|fregene97|harlequin|1113\n|player|p2|Delreynan|cynthia-gen4|1116\n|teamsize|p1|6\n|teamsize|p2|6\n|gen|9\n|tier|[Gen 9] OU\n|rated|\n|rule|Sleep Clause Mod: Limit one foe put to sleep\n|rule|Species Clause: Limit one of each Pok\u00e9mon\n|rule|OHKO Clause: OHKO moves are banned\n|rule|Evasion Items Clause: Evasion items are banned\n|rule|Evasion Moves Clause: Evasion moves are banned\n|rule|Endless Battle Clause: Forcing endless battles is banned\n|rule|HP Percentage Mod: HP is shown in percentages\n|clearpoke\n|poke|p1|Dragapult, M|\n|poke|p1|Heatran, M|\n|poke|p1|Great Tusk|\n|poke|p1|Amoonguss, M|\n|poke|p1|Weavile, M|\n|poke|p1|Enamorus, F|\n|poke|p2|Quaquaval, M|\n|poke|p2|Amoonguss, M|\n|poke|p2|Talonflame, M|\n|poke|p2|Zoroark-Hisui, M|\n|poke|p2|Ursaluna, F|\n|poke|p2|Florges, F|\n|teampreview\n|\n|t:|1699977502\n|start\n|switch|p1a: Hot Chunk|Heatran, M, shiny|100\/100\n|switch|p2a: Amoonguss|Amoonguss, M|100\/100\n|-item|p1a: Hot Chunk|Air Balloon\n|turn|1\n|\n|t:|1699977509\n|move|p1a: Hot Chunk|Stealth Rock|p2a: Amoonguss\n|-sidestart|p2: Delreynan|move: Stealth Rock\n|move|p2a: Amoonguss|Spore|p1a: Hot Chunk\n|-status|p1a: Hot Chunk|slp|[from] move: Spore\n|\n|upkeep\n|turn|2\n|\n|t:|1699977518\n|switch|p2a: Ursaluna|Ursaluna, F|100\/100\n|-damage|p2a: Ursaluna|94\/100|[from] Stealth Rock\n|cant|p1a: Hot Chunk|slp\n|\n|-status|p2a: Ursaluna|brn|[from] item: Flame Orb\n|upkeep\n|turn|3\n|\n|t:|1699977523\n|cant|p1a: Hot Chunk|slp\n|move|p2a: Ursaluna|Facade|p1a: Hot Chunk\n|-resisted|p1a: Hot Chunk\n|-damage|p1a: Hot Chunk|47\/100 slp\n|-enditem|p1a: Hot Chunk|Air Balloon\n|\n|-damage|p2a: Ursaluna|88\/100 brn|[from] brn\n|upkeep\n|turn|4\n|\n|t:|1699977528\n|cant|p1a: Hot Chunk|slp\n|move|p2a: Ursaluna|Bulk Up|p2a: Ursaluna\n|-boost|p2a: Ursaluna|atk|1\n|-boost|p2a: Ursaluna|def|1\n|\n|-damage|p2a: Ursaluna|82\/100 brn|[from] brn\n|upkeep\n|turn|5\n|\n|t:|1699977544\n|-curestatus|p1a: Hot Chunk|slp|[msg]\n|move|p1a: Hot Chunk|Earth Power|p2a: Ursaluna\n|-damage|p2a: Ursaluna|53\/100 brn\n|move|p2a: Ursaluna|Headlong Rush|p1a: Hot Chunk\n|-supereffective|p1a: Hot Chunk\n|-damage|p1a: Hot Chunk|0 fnt\n|-unboost|p2a: Ursaluna|def|1\n|-unboost|p2a: Ursaluna|spd|1\n|faint|p1a: Hot Chunk\n|\n|-damage|p2a: Ursaluna|47\/100 brn|[from] brn\n|upkeep\n|\n|t:|1699977551\n|switch|p1a: Amanita Phalloides|Amoonguss, M, shiny|100\/100\n|turn|6\n|\n|t:|1699977559\n|move|p2a: Ursaluna|Facade|p1a: Amanita Phalloides\n|-damage|p1a: Amanita Phalloides|0 fnt\n|faint|p1a: Amanita Phalloides\n|\n|-damage|p2a: Ursaluna|41\/100 brn|[from] brn\n|upkeep\n|\n|t:|1699977572\n|switch|p1a: TMafia|Weavile, M, shiny|100\/100\n|turn|7\n|\n|t:|1699977583\n|move|p1a: TMafia|Icicle Crash|p2a: Ursaluna\n|-supereffective|p2a: Ursaluna\n|-damage|p2a: Ursaluna|0 fnt\n|faint|p2a: Ursaluna\n|\n|upkeep\n|inactive|Battle timer is ON: inactive players will automatically lose when time's up. (requested by Delreynan)\n|\n|t:|1699977591\n|switch|p2a: Amoonguss|Amoonguss, M|100\/100\n|-damage|p2a: Amoonguss|88\/100|[from] Stealth Rock\n|turn|8\n|\n|t:|1699977597\n|-terastallize|p1a: TMafia|Ice\n|move|p1a: TMafia|Icicle Crash|p2a: Amoonguss\n|-damage|p2a: Amoonguss|0 fnt\n|replace|p2a: Zoroark|Zoroark-Hisui, M\n|-end|p2a: Zoroark|Illusion\n|faint|p2a: Zoroark\n|\n|upkeep\n|\n|t:|1699977605\n|switch|p2a: Talonflame|Talonflame, M|100\/100\n|-damage|p2a: Talonflame|50\/100|[from] Stealth Rock\n|turn|9\n|\n|t:|1699977610\n|-terastallize|p2a: Talonflame|Fire\n|move|p1a: TMafia|Ice Shard|p2a: Talonflame\n|-resisted|p2a: Talonflame\n|-damage|p2a: Talonflame|28\/100\n|move|p2a: Talonflame|Flare Blitz|p1a: TMafia\n|-supereffective|p1a: TMafia\n|-damage|p1a: TMafia|0 fnt\n|faint|p1a: TMafia\n|-damage|p2a: Talonflame|0 fnt|[from] Recoil\n|faint|p2a: Talonflame\n|\n|upkeep\n|\n|t:|1699977618\n|switch|p1a: Lovetolos|Enamorus, F, shiny|100\/100\n|switch|p2a: Florges|Florges, F|100\/100\n|-damage|p2a: Florges|88\/100|[from] Stealth Rock\n|turn|10\n|\n|t:|1699977622\n|move|p1a: Lovetolos|Calm Mind|p1a: Lovetolos\n|-boost|p1a: Lovetolos|spa|1\n|-boost|p1a: Lovetolos|spd|1\n|move|p2a: Florges|Wish|p2a: Florges\n|\n|-heal|p2a: Florges|94\/100|[from] item: Leftovers\n|upkeep\n|turn|11\n|\n|t:|1699977631\n|move|p1a: Lovetolos|Earth Power|p2a: Florges\n|-damage|p2a: Florges|69\/100\n|move|p2a: Florges|Calm Mind|p2a: Florges\n|-boost|p2a: Florges|spa|1\n|-boost|p2a: Florges|spd|1\n|\n|-heal|p2a: Florges|100\/100|[from] move: Wish|[wisher] Florges\n|upkeep\n|turn|12\n|\n|t:|1699977635\n|move|p1a: Lovetolos|Healing Wish|p1a: Lovetolos\n|faint|p1a: Lovetolos\n|move|p2a: Florges|Calm Mind|p2a: Florges\n|-boost|p2a: Florges|spa|1\n|-boost|p2a: Florges|spd|1\n|\n|upkeep\n|\n|t:|1699977642\n|switch|p1a: onathan Crane|Dragapult, M, shiny|100\/100\n|turn|13\n|\n|t:|1699977645\n|move|p1a: onathan Crane|Thunder Wave|p2a: Florges\n|-status|p2a: Florges|par\n|move|p2a: Florges|Moonblast|p1a: onathan Crane\n|-supereffective|p1a: onathan Crane\n|-damage|p1a: onathan Crane|0 fnt\n|faint|p1a: onathan Crane\n|\n|upkeep\n|\n|t:|1699977648\n|switch|p1a: Dumbo|Great Tusk, shiny|100\/100\n|turn|14\n|\n|t:|1699977652\n|move|p1a: Dumbo|Close Combat|p2a: Florges\n|-resisted|p2a: Florges\n|-damage|p2a: Florges|59\/100 par\n|-unboost|p1a: Dumbo|def|1\n|-unboost|p1a: Dumbo|spd|1\n|move|p2a: Florges|Moonblast|p1a: Dumbo\n|-supereffective|p1a: Dumbo\n|-damage|p1a: Dumbo|0 fnt\n|faint|p1a: Dumbo\n|-end|p1a: Dumbo|Protosynthesis|[silent]\n|\n|win|Delreynan\n|raw|fregene97's rating: 1113 &rarr; <strong>1088<\/strong><br \/>(-25 for losing)\n|raw|Delreynan's rating: 1116 &rarr; <strong>1141<\/strong><br \/>(+25 for winning)\n","uploadtime":1699977659,"views":6,"p1id":"fregene97","p2id":"delreynan","formatid":"gen9ou","rating":1088,"private":0,"password":""}