{"id":"gen9ou-1995835698","p1":"poo24","p2":"Fumimico","format":"[Gen 9] OU","log":"|j|\u2606poo24\n|j|\u2606Fumimico\n|t:|1700607951\n|gametype|singles\n|player|p1|poo24|bellelba|1344\n|player|p2|Fumimico|backersf|1356\n|teamsize|p1|6\n|teamsize|p2|6\n|gen|9\n|tier|[Gen 9] OU\n|rated|\n|rule|Sleep Clause Mod: Limit one foe put to sleep\n|rule|Species Clause: Limit one of each Pok\u00e9mon\n|rule|OHKO Clause: OHKO moves are banned\n|rule|Evasion Items Clause: Evasion items are banned\n|rule|Evasion Moves Clause: Evasion moves are banned\n|rule|Endless Battle Clause: Forcing endless battles is banned\n|rule|HP Percentage Mod: HP is shown in percentages\n|clearpoke\n|poke|p1|Blissey, F|\n|poke|p1|Ditto|\n|poke|p1|Dondozo, F|\n|poke|p1|Toxapex, M|\n|poke|p1|Alomomola, F|\n|poke|p1|Ting-Lu|\n|poke|p2|Sylveon, M|\n|poke|p2|Meowscarada, F|\n|poke|p2|Iron Moth|\n|poke|p2|Garchomp, M|\n|poke|p2|Iron Treads|\n|poke|p2|Iron Valiant|\n|teampreview\n|inactive|Battle timer is ON: inactive players will automatically lose when time's up. (requested by Fumimico)\n|inactive|poo24 also wants the timer to be on.\n|\n|t:|1700607958\n|start\n|switch|p1a: Fly me to the moon|Alomomola, F, shiny|100\/100\n|switch|p2a: Garchomp|Garchomp, M|100\/100\n|turn|1\n|\n|t:|1700607962\n|-terastallize|p1a: Fly me to the moon|Flying\n|move|p2a: Garchomp|Stealth Rock|p1a: Fly me to the moon\n|-sidestart|p1: poo24|move: Stealth Rock\n|move|p1a: Fly me to the moon|Whirlpool|p2a: Garchomp\n|-damage|p2a: Garchomp|95\/100\n|-activate|p2a: Garchomp|move: Whirlpool|[of] p1a: Fly me to the moon\n|\n|-damage|p2a: Garchomp|83\/100|[from] move: Whirlpool|[partiallytrapped]\n|upkeep\n|turn|2\n|\n|t:|1700607968\n|move|p2a: Garchomp|Spikes|p1a: Fly me to the moon\n|-sidestart|p1: poo24|Spikes\n|move|p1a: Fly me to the moon|Chilling Water|p2a: Garchomp\n|-damage|p2a: Garchomp|75\/100\n|-unboost|p2a: Garchomp|atk|1\n|\n|-damage|p2a: Garchomp|63\/100|[from] move: Whirlpool|[partiallytrapped]\n|upkeep\n|turn|3\n|\n|t:|1700607973\n|move|p2a: Garchomp|Spikes|p1a: Fly me to the moon\n|-sidestart|p1: poo24|Spikes\n|move|p1a: Fly me to the moon|Chilling Water|p2a: Garchomp\n|-damage|p2a: Garchomp|55\/100\n|-unboost|p2a: Garchomp|atk|1\n|\n|-damage|p2a: Garchomp|42\/100|[from] move: Whirlpool|[partiallytrapped]\n|upkeep\n|turn|4\n|\n|t:|1700607976\n|move|p1a: Fly me to the moon|Chilling Water|p2a: Garchomp\n|-damage|p2a: Garchomp|33\/100\n|-unboost|p2a: Garchomp|atk|1\n|move|p2a: Garchomp|Dragon Tail|p1a: Fly me to the moon\n|-damage|p1a: Fly me to the moon|95\/100\n|drag|p1a: The greatest|Blissey, F, shiny|100\/100\n|\n|-end|p2a: Garchomp|Whirlpool|[partiallytrapped]|[silent]\n|upkeep\n|turn|5\n|\n|t:|1700607988\n|move|p1a: The greatest|Stealth Rock|p2a: Garchomp\n|-sidestart|p2: Fumimico|move: Stealth Rock\n|move|p2a: Garchomp|Dragon Tail|p1a: The greatest\n|-damage|p1a: The greatest|91\/100\n|drag|p1a: Fly me to the moon|Alomomola, F, shiny, tera:Flying|100\/100\n|\n|upkeep\n|turn|6\n|\n|t:|1700607995\n|move|p1a: Fly me to the moon|Chilling Water|p2a: Garchomp\n|-damage|p2a: Garchomp|25\/100\n|-unboost|p2a: Garchomp|atk|1\n|move|p2a: Garchomp|Dragon Tail|p1a: Fly me to the moon\n|-damage|p1a: Fly me to the moon|96\/100\n|drag|p1a: The greatest|Blissey, F, shiny|91\/100\n|\n|upkeep\n|turn|7\n|\n|t:|1700607998\n|move|p2a: Garchomp|Earthquake|p1a: The greatest\n|-damage|p1a: The greatest|75\/100\n|move|p1a: The greatest|Seismic Toss|p2a: Garchomp\n|-damage|p2a: Garchomp|1\/100\n|-damage|p1a: The greatest|63\/100|[from] ability: Rough Skin|[of] p2a: Garchomp\n|-damage|p1a: The greatest|46\/100|[from] item: Rocky Helmet|[of] p2a: Garchomp\n|\n|upkeep\n|turn|8\n|\n|t:|1700608004\n|move|p2a: Garchomp|Earthquake|p1a: The greatest\n|-damage|p1a: The greatest|32\/100\n|move|p1a: The greatest|Soft-Boiled|p1a: The greatest\n|-heal|p1a: The greatest|82\/100\n|\n|upkeep\n|turn|9\n|\n|t:|1700608007\n|switch|p1a: Fly me to the moon|Alomomola, F, shiny, tera:Flying|100\/100\n|move|p2a: Garchomp|Dragon Tail|p1a: Fly me to the moon\n|-damage|p1a: Fly me to the moon|95\/100\n|drag|p1a: Relic|Ting-Lu|100\/100\n|-ability|p1a: Relic|Vessel of Ruin\n|\n|upkeep\n|turn|10\n|\n|t:|1700608012\n|move|p1a: Relic|Spikes|p2a: Garchomp\n|-sidestart|p2: Fumimico|Spikes\n|move|p2a: Garchomp|Dragon Tail|p1a: Relic\n|-crit|p1a: Relic\n|-damage|p1a: Relic|79\/100\n|drag|p1a: Snorlax fish|Dondozo, F, shiny|100\/100\n|\n|upkeep\n|turn|11\n|\n|t:|1700608018\n|switch|p1a: Prickly queen|Toxapex, M, shiny|100\/100\n|move|p2a: Garchomp|Dragon Tail|p1a: Prickly queen\n|-damage|p1a: Prickly queen|95\/100\n|drag|p1a: Snorlax fish|Dondozo, F, shiny|100\/100\n|\n|upkeep\n|turn|12\n|\n|t:|1700608022\n|switch|p1a: Fly me to the moon|Alomomola, F, shiny, tera:Flying|100\/100\n|move|p2a: Garchomp|Earthquake|p1a: Fly me to the moon\n|-immune|p1a: Fly me to the moon\n|\n|upkeep\n|turn|13\n|\n|t:|1700608025\n|move|p1a: Fly me to the moon|Chilling Water|p2a: Garchomp\n|-damage|p2a: Garchomp|0 fnt\n|faint|p2a: Garchomp\n|\n|upkeep\n|\n|t:|1700608029\n|switch|p2a: Iron Treads|Iron Treads|100\/100\n|-damage|p2a: Iron Treads|97\/100|[from] Stealth Rock\n|-damage|p2a: Iron Treads|85\/100|[from] Spikes\n|turn|14\n|\n|t:|1700608032\n|move|p2a: Iron Treads|Rapid Spin|p1a: Fly me to the moon\n|-damage|p1a: Fly me to the moon|94\/100\n|-boost|p2a: Iron Treads|spe|1\n|-sideend|p2: Fumimico|Spikes|[from] move: Rapid Spin|[of] p2a: Iron Treads\n|-sideend|p2: Fumimico|Stealth Rock|[from] move: Rapid Spin|[of] p2a: Iron Treads\n|move|p1a: Fly me to the moon|Whirlpool|p2a: Iron Treads\n|-supereffective|p2a: Iron Treads\n|-damage|p2a: Iron Treads|72\/100\n|-activate|p2a: Iron Treads|move: Whirlpool|[of] p1a: Fly me to the moon\n|\n|-heal|p2a: Iron Treads|78\/100|[from] item: Leftovers\n|-damage|p2a: Iron Treads|66\/100|[from] move: Whirlpool|[partiallytrapped]\n|upkeep\n|turn|15\n|\n|t:|1700608035\n|move|p1a: Fly me to the moon|Protect|p1a: Fly me to the moon\n|-singleturn|p1a: Fly me to the moon|Protect\n|move|p2a: Iron Treads|Volt Switch|p1a: Fly me to the moon\n|-activate|p1a: Fly me to the moon|move: Protect\n|\n|-heal|p2a: Iron Treads|72\/100|[from] item: Leftovers\n|-damage|p2a: Iron Treads|59\/100|[from] move: Whirlpool|[partiallytrapped]\n|upkeep\n|turn|16\n|\n|t:|1700608039\n|move|p2a: Iron Treads|Earthquake|p1a: Fly me to the moon\n|-immune|p1a: Fly me to the moon\n|move|p1a: Fly me to the moon|Wish|p1a: Fly me to the moon\n|\n|-heal|p2a: Iron Treads|66\/100|[from] item: Leftovers\n|-damage|p2a: Iron Treads|53\/100|[from] move: Whirlpool|[partiallytrapped]\n|upkeep\n|turn|17\n|\n|t:|1700608043\n|move|p1a: Fly me to the moon|Protect|p1a: Fly me to the moon\n|-singleturn|p1a: Fly me to the moon|Protect\n|move|p2a: Iron Treads|Rapid Spin|p1a: Fly me to the moon\n|-activate|p1a: Fly me to the moon|move: Protect\n|\n|-heal|p1a: Fly me to the moon|100\/100|[from] move: Wish|[wisher] Fly me to the moon\n|-heal|p2a: Iron Treads|59\/100|[from] item: Leftovers\n|-damage|p2a: Iron Treads|47\/100|[from] move: Whirlpool|[partiallytrapped]\n|upkeep\n|turn|18\n|\n|t:|1700608046\n|move|p2a: Iron Treads|Volt Switch|p1a: Fly me to the moon\n|-supereffective|p1a: Fly me to the moon\n|-damage|p1a: Fly me to the moon|74\/100\n|\n|t:|1700608052\n|-end|p2a: Iron Treads|Quark Drive|[silent]\n|switch|p2a: Sylveon|Sylveon, M|100\/100|[from] Volt Switch\n|move|p1a: Fly me to the moon|Whirlpool|p2a: Sylveon\n|-damage|p2a: Sylveon|95\/100\n|-activate|p2a: Sylveon|move: Whirlpool|[of] p1a: Fly me to the moon\n|\n|-damage|p2a: Sylveon|83\/100|[from] move: Whirlpool|[partiallytrapped]\n|upkeep\n|turn|19\n|\n|t:|1700608057\n|switch|p1a: The greatest|Blissey, F, shiny|82\/100\n|move|p2a: Sylveon|Hyper Voice|p1a: The greatest\n|-damage|p1a: The greatest|55\/100\n|\n|-end|p2a: Sylveon|Whirlpool|[partiallytrapped]|[silent]\n|upkeep\n|turn|20\n|\n|t:|1700608063\n|switch|p2a: Iron Valiant|Iron Valiant|100\/100\n|-enditem|p2a: Iron Valiant|Booster Energy\n|-activate|p2a: Iron Valiant|ability: Quark Drive|[fromitem]\n|-start|p2a: Iron Valiant|quarkdrivespe\n|move|p1a: The greatest|Soft-Boiled|p1a: The greatest\n|-heal|p1a: The greatest|100\/100\n|\n|upkeep\n|turn|21\n|\n|t:|1700608073\n|switch|p1a: Prickly queen|Toxapex, M, shiny|100\/100\n|move|p2a: Iron Valiant|Encore||[still]\n|-fail|p2a: Iron Valiant\n|\n|upkeep\n|turn|22\n|\n|t:|1700608077\n|move|p2a: Iron Valiant|Knock Off|p1a: Prickly queen\n|-damage|p1a: Prickly queen|80\/100\n|-enditem|p1a: Prickly queen|Heavy-Duty Boots|[from] move: Knock Off|[of] p2a: Iron Valiant\n|move|p1a: Prickly queen|Toxic|p2a: Iron Valiant\n|-status|p2a: Iron Valiant|tox\n|\n|-damage|p2a: Iron Valiant|94\/100 tox|[from] psn\n|upkeep\n|turn|23\n|\n|t:|1700608084\n|-end|p2a: Iron Valiant|Quark Drive|[silent]\n|switch|p2a: Iron Treads|Iron Treads|47\/100\n|move|p1a: Prickly queen|Toxic Spikes|p2a: Iron Treads\n|-sidestart|p2: Fumimico|move: Toxic Spikes\n|\n|-heal|p2a: Iron Treads|53\/100|[from] item: Leftovers\n|upkeep\n|turn|24\n|\n|t:|1700608088\n|switch|p1a: Fly me to the moon|Alomomola, F, shiny, tera:Flying|100\/100\n|move|p2a: Iron Treads|Rapid Spin|p1a: Fly me to the moon\n|-damage|p1a: Fly me to the moon|93\/100\n|-boost|p2a: Iron Treads|spe|1\n|-sideend|p2: Fumimico|Toxic Spikes|[from] move: Rapid Spin|[of] p2a: Iron Treads\n|\n|-heal|p2a: Iron Treads|59\/100|[from] item: Leftovers\n|upkeep\n|turn|25\n|\n|t:|1700608092\n|move|p2a: Iron Treads|Volt Switch|p1a: Fly me to the moon\n|-supereffective|p1a: Fly me to the moon\n|-damage|p1a: Fly me to the moon|65\/100\n|\n|t:|1700608096\n|-end|p2a: Iron Treads|Quark Drive|[silent]\n|switch|p2a: Iron Valiant|Iron Valiant|94\/100 tox|[from] Volt Switch\n|move|p1a: Fly me to the moon|Wish|p1a: Fly me to the moon\n|\n|-damage|p2a: Iron Valiant|88\/100 tox|[from] psn\n|upkeep\n|turn|26\n|\n|t:|1700608098\n|move|p2a: Iron Valiant|Knock Off|p1a: Fly me to the moon\n|-damage|p1a: Fly me to the moon|49\/100\n|-enditem|p1a: Fly me to the moon|Heavy-Duty Boots|[from] move: Knock Off|[of] p2a: Iron Valiant\n|move|p1a: Fly me to the moon|Whirlpool|p2a: Iron Valiant|[miss]\n|-miss|p1a: Fly me to the moon|p2a: Iron Valiant\n|\n|-heal|p1a: Fly me to the moon|99\/100|[from] move: Wish|[wisher] Fly me to the moon\n|-damage|p2a: Iron Valiant|76\/100 tox|[from] psn\n|upkeep\n|turn|27\n|c|\u2606poo24|oof\n|\n|t:|1700608108\n|-end|p2a: Iron Valiant|Quark Drive|[silent]\n|switch|p2a: Sylveon|Sylveon, M|83\/100\n|move|p1a: Fly me to the moon|Whirlpool|p2a: Sylveon\n|-damage|p2a: Sylveon|78\/100\n|-activate|p2a: Sylveon|move: Whirlpool|[of] p1a: Fly me to the moon\n|\n|-damage|p2a: Sylveon|66\/100|[from] move: Whirlpool|[partiallytrapped]\n|upkeep\n|turn|28\n|\n|t:|1700608113\n|switch|p1a: Prickly queen|Toxapex, M, shiny|100\/100\n|-damage|p1a: Prickly queen|88\/100|[from] Stealth Rock\n|-damage|p1a: Prickly queen|72\/100|[from] Spikes\n|move|p2a: Sylveon|Psyshock|p1a: Prickly queen\n|-supereffective|p1a: Prickly queen\n|-damage|p1a: Prickly queen|23\/100\n|\n|-end|p2a: Sylveon|Whirlpool|[partiallytrapped]|[silent]\n|upkeep\n|turn|29\n|\n|t:|1700608122\n|switch|p1a: :)|Ditto, shiny|100\/100\n|-damage|p1a: :)|88\/100|[from] Stealth Rock\n|-damage|p1a: :)|72\/100|[from] Spikes\n|-transform|p1a: :)|p2a: Sylveon|[from] ability: Imposter\n|move|p2a: Sylveon|Psyshock|p1a: :)\n|-damage|p1a: :)|1\/100\n|\n|upkeep\n|turn|30\n|\n|t:|1700608134\n|switch|p2a: Iron Treads|Iron Treads|59\/100\n|move|p1a: :)|Hyper Beam|p2a: Iron Treads\n|-resisted|p2a: Iron Treads\n|-damage|p2a: Iron Treads|2\/100\n|-mustrecharge|p1a: :)\n|\n|-heal|p2a: Iron Treads|8\/100|[from] item: Leftovers\n|upkeep\n|turn|31\n|\n|t:|1700608144\n|move|p2a: Iron Treads|Volt Switch|p1a: :)\n|-damage|p1a: :)|0 fnt\n|faint|p1a: :)\n|\n|t:|1700608148\n|-end|p2a: Iron Treads|Quark Drive|[silent]\n|switch|p2a: Meowscarada|Meowscarada, F|100\/100|[from] Volt Switch\n|\n|upkeep\n|\n|t:|1700608152\n|switch|p1a: Fly me to the moon|Alomomola, F, shiny, tera:Flying|100\/100\n|-damage|p1a: Fly me to the moon|76\/100|[from] Stealth Rock\n|turn|32\n|\n|t:|1700608157\n|move|p2a: Meowscarada|U-turn|p1a: Fly me to the moon\n|-start|p2a: Meowscarada|typechange|Bug|[from] ability: Protean\n|-resisted|p1a: Fly me to the moon\n|-damage|p1a: Fly me to the moon|62\/100\n|\n|t:|1700608172\n|switch|p2a: Sylveon|Sylveon, M|66\/100|[from] U-turn\n|move|p1a: Fly me to the moon|Whirlpool|p2a: Sylveon\n|-damage|p2a: Sylveon|61\/100\n|-activate|p2a: Sylveon|move: Whirlpool|[of] p1a: Fly me to the moon\n|\n|-damage|p2a: Sylveon|49\/100|[from] move: Whirlpool|[partiallytrapped]\n|upkeep\n|turn|33\n|\n|t:|1700608177\n|move|p1a: Fly me to the moon|Protect|p1a: Fly me to the moon\n|-singleturn|p1a: Fly me to the moon|Protect\n|move|p2a: Sylveon|Hyper Voice|p1a: Fly me to the moon\n|-activate|p1a: Fly me to the moon|move: Protect\n|\n|-damage|p2a: Sylveon|37\/100|[from] move: Whirlpool|[partiallytrapped]\n|upkeep\n|turn|34\n|\n|t:|1700608184\n|switch|p1a: The greatest|Blissey, F, shiny|100\/100\n|move|p2a: Sylveon|Hyper Voice|p1a: The greatest\n|-damage|p1a: The greatest|76\/100\n|\n|-end|p2a: Sylveon|Whirlpool|[partiallytrapped]|[silent]\n|upkeep\n|turn|35\n|\n|t:|1700608188\n|switch|p2a: Meowscarada|Meowscarada, F|100\/100\n|move|p1a: The greatest|Seismic Toss|p2a: Meowscarada\n|-damage|p2a: Meowscarada|66\/100\n|\n|upkeep\n|turn|36\n|\n|t:|1700608193\n|switch|p1a: Fly me to the moon|Alomomola, F, shiny, tera:Flying|95\/100\n|-damage|p1a: Fly me to the moon|70\/100|[from] Stealth Rock\n|move|p2a: Meowscarada|Knock Off|p1a: Fly me to the moon\n|-start|p2a: Meowscarada|typechange|Dark|[from] ability: Protean\n|-damage|p1a: Fly me to the moon|44\/100\n|\n|upkeep\n|turn|37\n|\n|t:|1700608197\n|move|p2a: Meowscarada|Knock Off|p1a: Fly me to the moon\n|-damage|p1a: Fly me to the moon|21\/100\n|move|p1a: Fly me to the moon|Wish|p1a: Fly me to the moon\n|\n|upkeep\n|turn|38\n|\n|t:|1700608201\n|switch|p2a: Iron Treads|Iron Treads|8\/100\n|move|p1a: Fly me to the moon|Protect||[still]\n|-fail|p1a: Fly me to the moon\n|\n|-heal|p1a: Fly me to the moon|71\/100|[from] move: Wish|[wisher] Fly me to the moon\n|-heal|p2a: Iron Treads|14\/100|[from] item: Leftovers\n|upkeep\n|turn|39\n|\n|t:|1700608206\n|move|p2a: Iron Treads|Volt Switch|p1a: Fly me to the moon\n|-supereffective|p1a: Fly me to the moon\n|-damage|p1a: Fly me to the moon|47\/100\n|\n|t:|1700608214\n|-end|p2a: Iron Treads|Quark Drive|[silent]\n|switch|p2a: Iron Moth|Iron Moth|100\/100|[from] Volt Switch\n|-enditem|p2a: Iron Moth|Booster Energy\n|-activate|p2a: Iron Moth|ability: Quark Drive|[fromitem]\n|-start|p2a: Iron Moth|quarkdrivespe\n|move|p1a: Fly me to the moon|Wish|p1a: Fly me to the moon\n|\n|upkeep\n|turn|40\n|\n|t:|1700608219\n|switch|p1a: The greatest|Blissey, F, shiny|76\/100\n|move|p2a: Iron Moth|Substitute|p2a: Iron Moth\n|-start|p2a: Iron Moth|Substitute\n|-damage|p2a: Iron Moth|76\/100\n|\n|-heal|p1a: The greatest|100\/100|[from] move: Wish|[wisher] Fly me to the moon\n|upkeep\n|turn|41\n|\n|t:|1700608225\n|move|p2a: Iron Moth|Fiery Dance|p1a: The greatest\n|-damage|p1a: The greatest|87\/100\n|move|p1a: The greatest|Seismic Toss|p2a: Iron Moth\n|-end|p2a: Iron Moth|Substitute\n|\n|upkeep\n|turn|42\n|\n|t:|1700608230\n|move|p2a: Iron Moth|Fiery Dance|p1a: The greatest\n|-damage|p1a: The greatest|75\/100\n|-boost|p2a: Iron Moth|spa|1\n|move|p1a: The greatest|Seismic Toss|p2a: Iron Moth\n|-damage|p2a: Iron Moth|42\/100\n|\n|upkeep\n|turn|43\n|\n|t:|1700608235\n|move|p2a: Iron Moth|Fiery Dance|p1a: The greatest\n|-damage|p1a: The greatest|56\/100\n|-boost|p2a: Iron Moth|spa|1\n|move|p1a: The greatest|Seismic Toss|p2a: Iron Moth\n|-damage|p2a: Iron Moth|9\/100\n|\n|upkeep\n|turn|44\n|\n|t:|1700608240\n|move|p2a: Iron Moth|Sludge Wave|p1a: The greatest\n|-damage|p1a: The greatest|28\/100\n|move|p1a: The greatest|Soft-Boiled|p1a: The greatest\n|-heal|p1a: The greatest|78\/100\n|\n|upkeep\n|turn|45\n|\n|t:|1700608244\n|move|p2a: Iron Moth|Fiery Dance|p1a: The greatest\n|-damage|p1a: The greatest|52\/100\n|move|p1a: The greatest|Seismic Toss|p2a: Iron Moth\n|-damage|p2a: Iron Moth|0 fnt\n|faint|p2a: Iron Moth\n|-end|p2a: Iron Moth|Quark Drive|[silent]\n|\n|upkeep\n|\n|t:|1700608250\n|switch|p2a: Iron Valiant|Iron Valiant|76\/100 tox\n|turn|46\n|\n|t:|1700608256\n|switch|p1a: Prickly queen|Toxapex, M, shiny|56\/100\n|-damage|p1a: Prickly queen|44\/100|[from] Stealth Rock\n|-damage|p1a: Prickly queen|28\/100|[from] Spikes\n|move|p2a: Iron Valiant|Swords Dance|p2a: Iron Valiant\n|-boost|p2a: Iron Valiant|atk|2\n|\n|-damage|p2a: Iron Valiant|69\/100 tox|[from] psn\n|upkeep\n|turn|47\n|\n|t:|1700608265\n|switch|p1a: Snorlax fish|Dondozo, F, shiny|100\/100\n|move|p2a: Iron Valiant|Knock Off|p1a: Snorlax fish\n|-damage|p1a: Snorlax fish|86\/100\n|-enditem|p1a: Snorlax fish|Heavy-Duty Boots|[from] move: Knock Off|[of] p2a: Iron Valiant\n|\n|-damage|p2a: Iron Valiant|57\/100 tox|[from] psn\n|upkeep\n|turn|48\n|\n|t:|1700608274\n|-end|p2a: Iron Valiant|Quark Drive|[silent]\n|switch|p2a: Sylveon|Sylveon, M|37\/100\n|move|p1a: Snorlax fish|Avalanche|p2a: Sylveon\n|-crit|p2a: Sylveon\n|-damage|p2a: Sylveon|7\/100\n|\n|upkeep\n|turn|49\n|\n|t:|1700608280\n|switch|p1a: The greatest|Blissey, F, shiny|52\/100\n|move|p2a: Sylveon|Hyper Voice|p1a: The greatest\n|-damage|p1a: The greatest|29\/100\n|\n|upkeep\n|turn|50\n|\n|t:|1700608284\n|-terastallize|p2a: Sylveon|Fairy\n|move|p2a: Sylveon|Hyper Voice|p1a: The greatest\n|-damage|p1a: The greatest|0 fnt\n|faint|p1a: The greatest\n|\n|upkeep\n|\n|t:|1700608291\n|switch|p1a: Fly me to the moon|Alomomola, F, shiny, tera:Flying|80\/100\n|-damage|p1a: Fly me to the moon|55\/100|[from] Stealth Rock\n|turn|51\n|\n|t:|1700608295\n|move|p2a: Sylveon|Hyper Voice|p1a: Fly me to the moon\n|-damage|p1a: Fly me to the moon|0 fnt\n|faint|p1a: Fly me to the moon\n|\n|upkeep\n|\n|t:|1700608299\n|switch|p1a: Snorlax fish|Dondozo, F, shiny|86\/100\n|-damage|p1a: Snorlax fish|74\/100|[from] Stealth Rock\n|-damage|p1a: Snorlax fish|57\/100|[from] Spikes\n|turn|52\n|\n|t:|1700608305\n|move|p2a: Sylveon|Hyper Voice|p1a: Snorlax fish\n|-damage|p1a: Snorlax fish|0 fnt\n|faint|p1a: Snorlax fish\n|\n|upkeep\n|\n|t:|1700608307\n|switch|p1a: Relic|Ting-Lu|79\/100\n|-ability|p1a: Relic|Vessel of Ruin\n|turn|53\n|\n|t:|1700608311\n|move|p2a: Sylveon|Hyper Voice|p1a: Relic\n|-supereffective|p1a: Relic\n|-damage|p1a: Relic|0 fnt\n|faint|p1a: Relic\n|\n|upkeep\n|\n|t:|1700608313\n|switch|p1a: Prickly queen|Toxapex, M, shiny|61\/100\n|-damage|p1a: Prickly queen|49\/100|[from] Stealth Rock\n|-damage|p1a: Prickly queen|32\/100|[from] Spikes\n|turn|54\n|\n|t:|1700608314\n|move|p2a: Sylveon|Hyper Voice|p1a: Prickly queen\n|-resisted|p1a: Prickly queen\n|-damage|p1a: Prickly queen|0 fnt\n|faint|p1a: Prickly queen\n|\n|win|Fumimico\n|raw|poo24's rating: 1344 &rarr; <strong>1325<\/strong><br \/>(-19 for losing)\n|raw|Fumimico's rating: 1356 &rarr; <strong>1375<\/strong><br \/>(+19 for winning)\n|l|\u2606poo24\n","uploadtime":1700608323,"views":10,"p1id":"poo24","p2id":"fumimico","formatid":"gen9ou","rating":1325,"private":0,"password":""}