{"id":"gen9ou-1993833081","p1":"jallen25","p2":"Kingowlexander","format":"[Gen 9] OU","log":"|j|\u2606jallen25\n|j|\u2606Kingowlexander\n|t:|1700362907\n|gametype|singles\n|player|p1|jallen25|emmet|\n|player|p2|Kingowlexander|169|\n|teamsize|p1|6\n|teamsize|p2|6\n|gen|9\n|tier|[Gen 9] OU\n|rule|Sleep Clause Mod: Limit one foe put to sleep\n|rule|Species Clause: Limit one of each Pok\u00e9mon\n|rule|OHKO Clause: OHKO moves are banned\n|rule|Evasion Items Clause: Evasion items are banned\n|rule|Evasion Moves Clause: Evasion moves are banned\n|rule|Endless Battle Clause: Forcing endless battles is banned\n|rule|HP Percentage Mod: HP is shown in percentages\n|clearpoke\n|poke|p1|Mimikyu, F|\n|poke|p1|Muk-Alola, M|\n|poke|p1|Empoleon, M|\n|poke|p1|Zapdos|\n|poke|p1|Lucario, M|\n|poke|p1|Cloyster, M|\n|poke|p2|Landorus-Therian, M|\n|poke|p2|Garganacl, M|\n|poke|p2|Iron Moth|\n|poke|p2|Iron Valiant|\n|poke|p2|Volcanion|\n|poke|p2|Slowking-Galar, M|\n|teampreview\n|j| Azzels\n|\n|t:|1700362917\n|start\n|switch|p1a: Lucario|Lucario, M, shiny|100\/100\n|switch|p2a: Volcanion|Volcanion|100\/100\n|turn|1\n|\n|t:|1700362927\n|move|p1a: Lucario|Earthquake|p2a: Volcanion\n|-supereffective|p2a: Volcanion\n|-damage|p2a: Volcanion|50\/100\n|move|p2a: Volcanion|Will-O-Wisp|p1a: Lucario\n|-status|p1a: Lucario|brn\n|\n|-heal|p2a: Volcanion|57\/100|[from] item: Leftovers\n|-damage|p1a: Lucario|94\/100 brn|[from] brn\n|upkeep\n|turn|2\n|\n|t:|1700362936\n|move|p1a: Lucario|Earthquake|p2a: Volcanion\n|-supereffective|p2a: Volcanion\n|-damage|p2a: Volcanion|33\/100\n|move|p2a: Volcanion|Earth Power|p1a: Lucario\n|-supereffective|p1a: Lucario\n|-damage|p1a: Lucario|0 fnt\n|faint|p1a: Lucario\n|\n|-heal|p2a: Volcanion|39\/100|[from] item: Leftovers\n|upkeep\n|\n|t:|1700362954\n|switch|p1a: Mimikyu|Mimikyu, F, shiny|100\/100\n|turn|3\n|\n|t:|1700362958\n|switch|p2a: Garganacl|Garganacl, M|100\/100\n|move|p1a: Mimikyu|Swords Dance|p1a: Mimikyu\n|-boost|p1a: Mimikyu|atk|2\n|\n|upkeep\n|turn|4\n|\n|t:|1700362967\n|move|p1a: Mimikyu|Swords Dance|p1a: Mimikyu\n|-boost|p1a: Mimikyu|atk|2\n|move|p2a: Garganacl|Salt Cure|p1a: Mimikyu\n|-activate|p1a: Mimikyu|ability: Disguise\n|-damage|p1a: Mimikyu|100\/100\n|-start|p1a: Mimikyu|Salt Cure\n|detailschange|p1a: Mimikyu|Mimikyu-Busted, F, shiny\n|-damage|p1a: Mimikyu|88\/100|[from] pokemon: Mimikyu-Busted\n|\n|-damage|p1a: Mimikyu|76\/100|[from] Salt Cure\n|upkeep\n|turn|5\n|\n|t:|1700362977\n|move|p1a: Mimikyu|Shadow Claw|p2a: Garganacl\n|-damage|p2a: Garganacl|64\/100\n|-damage|p1a: Mimikyu|66\/100|[from] item: Life Orb\n|move|p2a: Garganacl|Iron Defense|p2a: Garganacl\n|-boost|p2a: Garganacl|def|2\n|\n|-heal|p2a: Garganacl|71\/100|[from] item: Leftovers\n|-damage|p1a: Mimikyu|53\/100|[from] Salt Cure\n|upkeep\n|turn|6\n|\n|t:|1700362990\n|switch|p1a: Empoleon|Empoleon, M, shiny|100\/100\n|move|p2a: Garganacl|Iron Defense|p2a: Garganacl\n|-boost|p2a: Garganacl|def|2\n|\n|-heal|p2a: Garganacl|77\/100|[from] item: Leftovers\n|upkeep\n|turn|7\n|\n|t:|1700362999\n|move|p1a: Empoleon|Surf|p2a: Garganacl\n|-supereffective|p2a: Garganacl\n|-damage|p2a: Garganacl|12\/100\n|move|p2a: Garganacl|Body Press|p1a: Empoleon\n|-supereffective|p1a: Empoleon\n|-damage|p1a: Empoleon|0 fnt\n|faint|p1a: Empoleon\n|\n|-heal|p2a: Garganacl|19\/100|[from] item: Leftovers\n|upkeep\n|\n|t:|1700363012\n|switch|p1a: Cloyster|Cloyster, M, shiny|100\/100\n|turn|8\n|\n|t:|1700363019\n|move|p1a: Cloyster|Shell Smash|p1a: Cloyster\n|-unboost|p1a: Cloyster|def|1\n|-unboost|p1a: Cloyster|spd|1\n|-boost|p1a: Cloyster|atk|2\n|-boost|p1a: Cloyster|spa|2\n|-boost|p1a: Cloyster|spe|2\n|move|p2a: Garganacl|Salt Cure|p1a: Cloyster\n|-supereffective|p1a: Cloyster\n|-damage|p1a: Cloyster|63\/100\n|-start|p1a: Cloyster|Salt Cure\n|\n|-heal|p2a: Garganacl|25\/100|[from] item: Leftovers\n|-damage|p1a: Cloyster|38\/100|[from] Salt Cure\n|upkeep\n|turn|9\n|\n|t:|1700363040\n|move|p2a: Garganacl|Protect|p2a: Garganacl\n|-singleturn|p2a: Garganacl|Protect\n|move|p1a: Cloyster|Icicle Spear|p2a: Garganacl\n|-activate|p2a: Garganacl|move: Protect\n|\n|-heal|p2a: Garganacl|31\/100|[from] item: Leftovers\n|-damage|p1a: Cloyster|13\/100|[from] Salt Cure\n|upkeep\n|turn|10\n|\n|t:|1700363054\n|switch|p2a: Volcanion|Volcanion|39\/100\n|move|p1a: Cloyster|Icicle Spear|p2a: Volcanion\n|-resisted|p2a: Volcanion\n|-damage|p2a: Volcanion|35\/100\n|-resisted|p2a: Volcanion\n|-damage|p2a: Volcanion|31\/100\n|-resisted|p2a: Volcanion\n|-damage|p2a: Volcanion|26\/100\n|-resisted|p2a: Volcanion\n|-damage|p2a: Volcanion|22\/100\n|-resisted|p2a: Volcanion\n|-damage|p2a: Volcanion|18\/100\n|-hitcount|p2a: Volcanion|5\n|\n|-heal|p2a: Volcanion|24\/100|[from] item: Leftovers\n|-damage|p1a: Cloyster|0 fnt|[from] Salt Cure\n|faint|p1a: Cloyster\n|upkeep\n|\n|t:|1700363073\n|switch|p1a: Muk|Muk-Alola, M, shiny|100\/100\n|turn|11\n|\n|t:|1700363077\n|move|p2a: Volcanion|Earth Power|p1a: Muk\n|-supereffective|p1a: Muk\n|-damage|p1a: Muk|42\/100\n|-unboost|p1a: Muk|spd|1\n|move|p1a: Muk|Poison Jab|p2a: Volcanion\n|-damage|p2a: Volcanion|3\/100\n|-status|p2a: Volcanion|psn\n|\n|-heal|p2a: Volcanion|9\/100 psn|[from] item: Leftovers\n|-heal|p1a: Muk|48\/100|[from] item: Leftovers\n|-damage|p2a: Volcanion|0 fnt|[from] psn\n|faint|p2a: Volcanion\n|upkeep\n|\n|t:|1700363091\n|switch|p2a: Landorus|Landorus-Therian, M|100\/100\n|-ability|p2a: Landorus|Intimidate|boost\n|-unboost|p1a: Muk|atk|1\n|turn|12\n|\n|t:|1700363095\n|move|p2a: Landorus|Earthquake|p1a: Muk\n|-supereffective|p1a: Muk\n|-damage|p1a: Muk|0 fnt\n|faint|p1a: Muk\n|\n|upkeep\n|\n|t:|1700363102\n|switch|p1a: Mimikyu|Mimikyu-Busted, F, shiny|53\/100\n|turn|13\n|\n|t:|1700363106\n|move|p1a: Mimikyu|Shadow Claw|p2a: Landorus\n|-damage|p2a: Landorus|54\/100\n|-damage|p1a: Mimikyu|44\/100|[from] item: Life Orb\n|move|p2a: Landorus|Earthquake|p1a: Mimikyu\n|-damage|p1a: Mimikyu|0 fnt\n|faint|p1a: Mimikyu\n|\n|-heal|p2a: Landorus|60\/100|[from] item: Leftovers\n|upkeep\n|\n|t:|1700363115\n|switch|p1a: Zapdos|Zapdos, shiny|100\/100\n|turn|14\n|\n|t:|1700363117\n|move|p2a: Landorus|Rock Slide|p1a: Zapdos\n|-supereffective|p1a: Zapdos\n|-damage|p1a: Zapdos|62\/100\n|move|p1a: Zapdos|Hurricane|p2a: Landorus|[miss]\n|-miss|p1a: Zapdos|p2a: Landorus\n|\n|-heal|p2a: Landorus|66\/100|[from] item: Leftovers\n|upkeep\n|turn|15\n|\n|t:|1700363127\n|move|p2a: Landorus|Rock Slide|p1a: Zapdos|[miss]\n|-miss|p2a: Landorus|p1a: Zapdos\n|move|p1a: Zapdos|Hurricane|p2a: Landorus\n|-crit|p2a: Landorus\n|-damage|p2a: Landorus|0 fnt\n|faint|p2a: Landorus\n|\n|upkeep\n|\n|t:|1700363141\n|switch|p2a: Iron Moth|Iron Moth|100\/100\n|turn|16\n|\n|t:|1700363148\n|-terastallize|p2a: Iron Moth|Ground\n|move|p2a: Iron Moth|Fiery Dance|p1a: Zapdos\n|-damage|p1a: Zapdos|18\/100\n|-enditem|p1a: Zapdos|Sitrus Berry|[eat]\n|-heal|p1a: Zapdos|43\/100|[from] item: Sitrus Berry\n|move|p1a: Zapdos|Discharge|p2a: Iron Moth\n|-immune|p2a: Iron Moth\n|\n|upkeep\n|turn|17\n|\n|t:|1700363158\n|move|p2a: Iron Moth|Fiery Dance|p1a: Zapdos\n|-damage|p1a: Zapdos|0 fnt\n|-boost|p2a: Iron Moth|spa|1\n|faint|p1a: Zapdos\n|\n|win|Kingowlexander\n","uploadtime":1700363171,"views":16,"p1id":"jallen25","p2id":"kingowlexander","formatid":"gen9ou","rating":0,"private":0,"password":""}