{"id":"gen9ou-1989159906","p1":"Madelaine56","p2":"HermitKrabs","format":"[Gen 9] OU","log":"|j|\u2606Madelaine56\n|j|\u2606HermitKrabs\n|t:|1699818578\n|gametype|singles\n|player|p1|Madelaine56|266|1099\n|player|p2|HermitKrabs|waitress-gen4|1078\n|teamsize|p1|6\n|teamsize|p2|6\n|gen|9\n|tier|[Gen 9] OU\n|rated|\n|rule|Sleep Clause Mod: Limit one foe put to sleep\n|rule|Species Clause: Limit one of each Pok\u00e9mon\n|rule|OHKO Clause: OHKO moves are banned\n|rule|Evasion Items Clause: Evasion items are banned\n|rule|Evasion Moves Clause: Evasion moves are banned\n|rule|Endless Battle Clause: Forcing endless battles is banned\n|rule|HP Percentage Mod: HP is shown in percentages\n|clearpoke\n|poke|p1|Infernape, M|\n|poke|p1|Gallade, M|\n|poke|p1|Ogerpon-Cornerstone, F|\n|poke|p1|Hatterene, F|\n|poke|p1|Milotic, M|\n|poke|p1|Dipplin, M|\n|poke|p2|Greninja-*, M|\n|poke|p2|Ting-Lu|\n|poke|p2|Zapdos|\n|poke|p2|Pelipper, M|\n|poke|p2|Samurott-Hisui, F|\n|poke|p2|Great Tusk|\n|teampreview\n|\n|t:|1699818596\n|start\n|switch|p1a: Pomdramour|Dipplin, M|100\/100\n|switch|p2a: Ting-Lu|Ting-Lu|100\/100\n|-ability|p2a: Ting-Lu|Vessel of Ruin\n|turn|1\n|\n|t:|1699818610\n|switch|p1a: Sorcilence|Hatterene, F|100\/100\n|move|p2a: Ting-Lu|Whirlwind|p1a: Sorcilence\n|move|p1a: Sorcilence|Whirlwind|p2a: Ting-Lu|[from]ability: Magic Bounce\n|drag|p2a: Great Tusk|Great Tusk|100\/100\n|\n|upkeep\n|turn|2\n|\n|t:|1699818634\n|-end|p2a: Great Tusk|Protosynthesis|[silent]\n|switch|p2a: Samurott|Samurott-Hisui, F|100\/100\n|move|p1a: Sorcilence|Reflect|p1a: Sorcilence\n|-sidestart|p1: Madelaine56|Reflect\n|\n|upkeep\n|turn|3\n|\n|t:|1699818645\n|move|p2a: Samurott|Swords Dance|p2a: Samurott\n|-boost|p2a: Samurott|atk|2\n|move|p1a: Sorcilence|Draining Kiss|p2a: Samurott\n|-supereffective|p2a: Samurott\n|-damage|p2a: Samurott|7\/100\n|\n|upkeep\n|turn|4\n|\n|t:|1699818660\n|move|p2a: Samurott|Ceaseless Edge|p1a: Sorcilence\n|-damage|p1a: Sorcilence|50\/100\n|-sidestart|p1: Madelaine56|Spikes\n|move|p1a: Sorcilence|Draining Kiss|p2a: Samurott\n|-supereffective|p2a: Samurott\n|-damage|p2a: Samurott|0 fnt\n|-heal|p1a: Sorcilence|56\/100|[from] drain|[of] p2a: Samurott\n|faint|p2a: Samurott\n|\n|upkeep\n|\n|t:|1699818666\n|switch|p2a: Greninja|Greninja, M|100\/100\n|turn|5\n|\n|t:|1699818673\n|move|p2a: Greninja|Dark Pulse|p1a: Sorcilence\n|-damage|p1a: Sorcilence|11\/100\n|-damage|p2a: Greninja|91\/100|[from] item: Life Orb\n|move|p1a: Sorcilence|Draining Kiss|p2a: Greninja\n|-supereffective|p2a: Greninja\n|-damage|p2a: Greninja|0 fnt\n|-heal|p1a: Sorcilence|72\/100|[from] drain|[of] p2a: Greninja\n|faint|p2a: Greninja\n|\n|upkeep\n|-message|HermitKrabs forfeited.\n|\n|win|Madelaine56\n|raw|Madelaine56's rating: 1099 &rarr; <strong>1123<\/strong><br \/>(+24 for winning)\n|raw|HermitKrabs's rating: 1078 &rarr; <strong>1058<\/strong><br \/>(-20 for losing)\n|l|\u2606HermitKrabs\n","uploadtime":1699818813,"views":13,"p1id":"madelaine56","p2id":"hermitkrabs","formatid":"gen9ou","rating":1058,"private":0,"password":""}