{"id":"gen9ou-1996321422","p1":"Username momento","p2":"xcxcxxcxc","format":"[Gen 9] OU","log":"|j|\u2606Username momento\n|j|\u2606xcxcxxcxc\n|t:|1700670946\n|gametype|singles\n|player|p1|Username momento|ninjaboy|1592\n|player|p2|xcxcxxcxc|lucas|1637\n|teamsize|p1|6\n|teamsize|p2|6\n|gen|9\n|tier|[Gen 9] OU\n|rated|\n|rule|Sleep Clause Mod: Limit one foe put to sleep\n|rule|Species Clause: Limit one of each Pok\u00e9mon\n|rule|OHKO Clause: OHKO moves are banned\n|rule|Evasion Items Clause: Evasion items are banned\n|rule|Evasion Moves Clause: Evasion moves are banned\n|rule|Endless Battle Clause: Forcing endless battles is banned\n|rule|HP Percentage Mod: HP is shown in percentages\n|clearpoke\n|poke|p1|Meowscarada, M|\n|poke|p1|Kingambit, M|\n|poke|p1|Zapdos|\n|poke|p1|Zamazenta-*|\n|poke|p1|Great Tusk|\n|poke|p1|Iron Moth|\n|poke|p2|Cinderace, M|\n|poke|p2|Kingambit, F|\n|poke|p2|Great Tusk|\n|poke|p2|Zapdos|\n|poke|p2|Ogerpon-Wellspring, F|\n|poke|p2|Slowking-Galar, M|\n|teampreview\n|\n|t:|1700670952\n|start\n|switch|p1a: Meowscarada|Meowscarada, M|100\/100\n|switch|p2a: Zapdos|Zapdos|100\/100\n|turn|1\n|inactive|Battle timer is ON: inactive players will automatically lose when time's up. (requested by Username momento)\n|\n|t:|1700670958\n|switch|p1a: Zapdos|Zapdos|100\/100\n|move|p2a: Zapdos|Thunder Wave|p1a: Zapdos\n|-immune|p1a: Zapdos\n|\n|upkeep\n|turn|2\n|\n|t:|1700670963\n|move|p1a: Zapdos|Discharge|p2a: Zapdos\n|-damage|p2a: Zapdos|78\/100\n|move|p2a: Zapdos|Volt Switch|p1a: Zapdos\n|-damage|p1a: Zapdos|70\/100\n|\n|t:|1700670969\n|switch|p2a: Pony|Ogerpon-Wellspring, F|100\/100|[from] Volt Switch\n|\n|upkeep\n|turn|3\n|\n|t:|1700670976\n|switch|p2a: Zapdos|Zapdos|78\/100\n|move|p1a: Zapdos|Hurricane|p2a: Zapdos|[miss]\n|-miss|p1a: Zapdos|p2a: Zapdos\n|\n|upkeep\n|turn|4\n|\n|t:|1700670980\n|move|p1a: Zapdos|Roost|p1a: Zapdos\n|-heal|p1a: Zapdos|100\/100\n|-singleturn|p1a: Zapdos|move: Roost\n|move|p2a: Zapdos|Volt Switch|p1a: Zapdos\n|-resisted|p1a: Zapdos\n|-damage|p1a: Zapdos|85\/100\n|\n|t:|1700670983\n|switch|p2a: Slowking|Slowking-Galar, M|100\/100|[from] Volt Switch\n|\n|upkeep\n|turn|5\n|\n|t:|1700670986\n|move|p1a: Zapdos|Discharge|p2a: Slowking\n|-damage|p2a: Slowking|84\/100\n|move|p2a: Slowking|Flamethrower|p1a: Zapdos\n|-damage|p1a: Zapdos|62\/100\n|\n|upkeep\n|turn|6\n|\n|t:|1700670991\n|move|p1a: Zapdos|Discharge|p2a: Slowking\n|-damage|p2a: Slowking|67\/100\n|-status|p2a: Slowking|par\n|move|p2a: Slowking|Future Sight|p1a: Zapdos\n|-start|p2a: Slowking|move: Future Sight\n|\n|upkeep\n|turn|7\n|\n|t:|1700670997\n|move|p1a: Zapdos|Discharge|p2a: Slowking\n|-damage|p2a: Slowking|51\/100 par\n|move|p2a: Slowking|Ice Beam|p1a: Zapdos\n|-supereffective|p1a: Zapdos\n|-damage|p1a: Zapdos|19\/100\n|\n|upkeep\n|turn|8\n|\n|t:|1700671002\n|switch|p2a: Cinderace|Cinderace, M|100\/100\n|move|p1a: Zapdos|Volt Switch|p2a: Cinderace\n|-damage|p2a: Cinderace|67\/100\n|\n|t:|1700671008\n|switch|p1a: Meowscarada|Meowscarada, M|100\/100|[from] Volt Switch\n|\n|-end|p1a: Meowscarada|move: Future Sight\n|-immune|p1a: Meowscarada\n|upkeep\n|turn|9\n|\n|t:|1700671011\n|switch|p2a: Zapdos|Zapdos|78\/100\n|move|p1a: Meowscarada|Knock Off|p2a: Zapdos\n|-start|p1a: Meowscarada|typechange|Dark|[from] ability: Protean\n|-damage|p2a: Zapdos|6\/100\n|-enditem|p2a: Zapdos|Heavy-Duty Boots|[from] move: Knock Off|[of] p1a: Meowscarada\n|\n|upkeep\n|turn|10\n|\n|t:|1700671015\n|move|p1a: Meowscarada|Knock Off|p2a: Zapdos\n|-damage|p2a: Zapdos|0 fnt\n|faint|p2a: Zapdos\n|\n|upkeep\n|\n|t:|1700671018\n|switch|p2a: Great Tusk|Great Tusk|100\/100\n|turn|11\n|\n|t:|1700671025\n|switch|p1a: Zapdos|Zapdos|19\/100\n|move|p2a: Great Tusk|Stealth Rock|p1a: Zapdos\n|-sidestart|p1: Username momento|move: Stealth Rock\n|\n|upkeep\n|turn|12\n|\n|t:|1700671027\n|move|p1a: Zapdos|Roost|p1a: Zapdos\n|-heal|p1a: Zapdos|69\/100\n|-singleturn|p1a: Zapdos|move: Roost\n|move|p2a: Great Tusk|Ice Spinner|p1a: Zapdos\n|-damage|p1a: Zapdos|52\/100\n|\n|upkeep\n|turn|13\n|\n|t:|1700671033\n|-end|p2a: Great Tusk|Protosynthesis|[silent]\n|switch|p2a: Slowking|Slowking-Galar, M|84\/100 par\n|move|p1a: Zapdos|Hurricane|p2a: Slowking\n|-damage|p2a: Slowking|59\/100 par\n|\n|upkeep\n|turn|14\n|\n|t:|1700671038\n|move|p1a: Zapdos|Roost|p1a: Zapdos\n|-heal|p1a: Zapdos|100\/100\n|-singleturn|p1a: Zapdos|move: Roost\n|move|p2a: Slowking|Future Sight|p1a: Zapdos\n|-start|p2a: Slowking|move: Future Sight\n|\n|upkeep\n|turn|15\n|\n|t:|1700671044\n|move|p1a: Zapdos|Discharge|p2a: Slowking\n|-damage|p2a: Slowking|41\/100 par\n|cant|p2a: Slowking|par\n|\n|upkeep\n|turn|16\n|\n|t:|1700671049\n|switch|p2a: Cinderace|Cinderace, M|67\/100\n|move|p1a: Zapdos|Volt Switch|p2a: Cinderace\n|-damage|p2a: Cinderace|29\/100\n|\n|t:|1700671051\n|switch|p1a: Meowscarada|Meowscarada, M|100\/100|[from] Volt Switch\n|-damage|p1a: Meowscarada|88\/100|[from] Stealth Rock\n|\n|-end|p1a: Meowscarada|move: Future Sight\n|-immune|p1a: Meowscarada\n|upkeep\n|turn|17\n|\n|t:|1700671058\n|switch|p2a: Great Tusk|Great Tusk|100\/100\n|move|p1a: Meowscarada|Knock Off|p2a: Great Tusk\n|-start|p1a: Meowscarada|typechange|Dark|[from] ability: Protean\n|-resisted|p2a: Great Tusk\n|-damage|p2a: Great Tusk|84\/100\n|-enditem|p2a: Great Tusk|Leftovers|[from] move: Knock Off|[of] p1a: Meowscarada\n|\n|upkeep\n|turn|18\n|\n|t:|1700671065\n|switch|p1a: Zamazenta|Zamazenta|100\/100\n|-damage|p1a: Zamazenta|94\/100|[from] Stealth Rock\n|-ability|p1a: Zamazenta|Dauntless Shield|boost\n|-boost|p1a: Zamazenta|def|1\n|move|p2a: Great Tusk|Ice Spinner|p1a: Zamazenta\n|-damage|p1a: Zamazenta|82\/100\n|\n|-heal|p1a: Zamazenta|88\/100|[from] item: Leftovers\n|upkeep\n|turn|19\n|\n|t:|1700671076\n|-end|p2a: Great Tusk|Protosynthesis|[silent]\n|switch|p2a: Slowking|Slowking-Galar, M|74\/100 par\n|move|p1a: Zamazenta|Crunch|p2a: Slowking\n|-supereffective|p2a: Slowking\n|-damage|p2a: Slowking|44\/100 par\n|\n|-heal|p1a: Zamazenta|94\/100|[from] item: Leftovers\n|upkeep\n|turn|20\n|\n|t:|1700671080\n|switch|p2a: Great Tusk|Great Tusk|84\/100\n|move|p1a: Zamazenta|Crunch|p2a: Great Tusk\n|-resisted|p2a: Great Tusk\n|-damage|p2a: Great Tusk|79\/100\n|\n|-heal|p1a: Zamazenta|100\/100|[from] item: Leftovers\n|upkeep\n|turn|21\n|\n|t:|1700671089\n|-end|p2a: Great Tusk|Protosynthesis|[silent]\n|switch|p2a: Slowking|Slowking-Galar, M|78\/100 par\n|move|p1a: Zamazenta|Iron Defense|p1a: Zamazenta\n|-boost|p1a: Zamazenta|def|2\n|\n|upkeep\n|turn|22\n|\n|t:|1700671092\n|move|p1a: Zamazenta|Crunch|p2a: Slowking\n|-supereffective|p2a: Slowking\n|-crit|p2a: Slowking\n|-damage|p2a: Slowking|32\/100 par\n|move|p2a: Slowking|Future Sight|p1a: Zamazenta\n|-start|p2a: Slowking|move: Future Sight\n|\n|upkeep\n|turn|23\n|\n|t:|1700671100\n|switch|p2a: Cinderace|Cinderace, M|29\/100\n|move|p1a: Zamazenta|Body Press|p2a: Cinderace\n|-damage|p2a: Cinderace|0 fnt\n|faint|p2a: Cinderace\n|\n|upkeep\n|\n|t:|1700671103\n|switch|p2a: Slowking|Slowking-Galar, M|65\/100 par\n|turn|24\n|\n|t:|1700671109\n|-terastallize|p1a: Zamazenta|Steel\n|move|p1a: Zamazenta|Crunch|p2a: Slowking\n|-supereffective|p2a: Slowking\n|-damage|p2a: Slowking|34\/100 par\n|move|p2a: Slowking|Ice Beam|p1a: Zamazenta\n|-resisted|p1a: Zamazenta\n|-damage|p1a: Zamazenta|91\/100\n|\n|-end|p1a: Zamazenta|move: Future Sight\n|-resisted|p1a: Zamazenta\n|-damage|p1a: Zamazenta|69\/100\n|-heal|p1a: Zamazenta|75\/100|[from] item: Leftovers\n|upkeep\n|turn|25\n|\n|t:|1700671119\n|move|p1a: Zamazenta|Body Press|p2a: Slowking\n|-resisted|p2a: Slowking\n|-damage|p2a: Slowking|18\/100 par\n|move|p2a: Slowking|Flamethrower|p1a: Zamazenta\n|-supereffective|p1a: Zamazenta\n|-damage|p1a: Zamazenta|35\/100\n|\n|-heal|p1a: Zamazenta|41\/100|[from] item: Leftovers\n|upkeep\n|turn|26\n|\n|t:|1700671125\n|move|p1a: Zamazenta|Crunch|p2a: Slowking\n|-supereffective|p2a: Slowking\n|-damage|p2a: Slowking|0 fnt\n|faint|p2a: Slowking\n|\n|-heal|p1a: Zamazenta|47\/100|[from] item: Leftovers\n|upkeep\n|\n|t:|1700671128\n|switch|p2a: Kingambit|Kingambit, F|100\/100\n|-activate|p2a: Kingambit|ability: Supreme Overlord\n|-start|p2a: Kingambit|fallen3|[silent]\n|turn|27\n|\n|t:|1700671130\n|-end|p2a: Kingambit|fallen3|[silent]\n|switch|p2a: Great Tusk|Great Tusk|79\/100\n|move|p1a: Zamazenta|Body Press|p2a: Great Tusk\n|-damage|p2a: Great Tusk|36\/100\n|\n|-heal|p1a: Zamazenta|53\/100|[from] item: Leftovers\n|upkeep\n|turn|28\n|\n|t:|1700671133\n|move|p1a: Zamazenta|Iron Defense|p1a: Zamazenta\n|-boost|p1a: Zamazenta|def|2\n|move|p2a: Great Tusk|Earthquake|p1a: Zamazenta\n|-supereffective|p1a: Zamazenta\n|-damage|p1a: Zamazenta|36\/100\n|\n|-heal|p1a: Zamazenta|42\/100|[from] item: Leftovers\n|upkeep\n|turn|29\n|\n|t:|1700671136\n|move|p1a: Zamazenta|Body Press|p2a: Great Tusk\n|-damage|p2a: Great Tusk|0 fnt\n|faint|p2a: Great Tusk\n|-end|p2a: Great Tusk|Protosynthesis|[silent]\n|\n|-heal|p1a: Zamazenta|48\/100|[from] item: Leftovers\n|upkeep\n|\n|t:|1700671137\n|switch|p2a: Pony|Ogerpon-Wellspring, F|100\/100\n|turn|30\n|\n|t:|1700671139\n|move|p1a: Zamazenta|Body Press|p2a: Pony\n|-damage|p2a: Pony|0 fnt\n|faint|p2a: Pony\n|\n|-heal|p1a: Zamazenta|54\/100|[from] item: Leftovers\n|upkeep\n|\n|t:|1700671141\n|switch|p2a: Kingambit|Kingambit, F|100\/100\n|-activate|p2a: Kingambit|ability: Supreme Overlord\n|-start|p2a: Kingambit|fallen5|[silent]\n|turn|31\n|\n|t:|1700671143\n|-terastallize|p2a: Kingambit|Flying\n|move|p1a: Zamazenta|Body Press|p2a: Kingambit\n|-resisted|p2a: Kingambit\n|-damage|p2a: Kingambit|51\/100\n|move|p2a: Kingambit|Swords Dance|p2a: Kingambit\n|-boost|p2a: Kingambit|atk|2\n|\n|-heal|p1a: Zamazenta|61\/100|[from] item: Leftovers\n|-heal|p2a: Kingambit|57\/100|[from] item: Leftovers\n|upkeep\n|turn|32\n|\n|t:|1700671146\n|move|p1a: Zamazenta|Body Press|p2a: Kingambit\n|-resisted|p2a: Kingambit\n|-damage|p2a: Kingambit|8\/100\n|move|p2a: Kingambit|Low Kick|p1a: Zamazenta\n|-supereffective|p1a: Zamazenta\n|-damage|p1a: Zamazenta|0 fnt\n|faint|p1a: Zamazenta\n|\n|-heal|p2a: Kingambit|14\/100|[from] item: Leftovers\n|upkeep\n|\n|t:|1700671153\n|switch|p1a: Zapdos|Zapdos|100\/100\n|turn|33\n|\n|t:|1700671155\n|move|p2a: Kingambit|Sucker Punch|p1a: Zapdos\n|-damage|p1a: Zapdos|12\/100\n|move|p1a: Zapdos|Discharge|p2a: Kingambit\n|-supereffective|p2a: Kingambit\n|-damage|p2a: Kingambit|0 fnt\n|faint|p2a: Kingambit\n|-end|p2a: Kingambit|fallen5|[silent]\n|\n|win|Username momento\n|raw|Username momento's rating: 1592 &rarr; <strong>1615<\/strong><br \/>(+23 for winning)\n|raw|xcxcxxcxc's rating: 1637 &rarr; <strong>1614<\/strong><br \/>(-23 for losing)\n|l|\u2606xcxcxxcxc\n","uploadtime":1700671165,"views":0,"p1id":"usernamemomento","p2id":"xcxcxxcxc","formatid":"gen9ou","rating":1614,"private":0,"password":""}