{"id":"gen9ou-1997354083","p1":"Perfect DarK 0707","p2":"YMB Inc \u262f","format":"[Gen 9] OU","log":"|j|\u2606Perfect DarK 0707\n|j|\u2606YMB Inc \u262f\n|t:|1700793255\n|gametype|singles\n|player|p1|Perfect DarK 0707|teamrocketgruntf-gen3|1340\n|player|p2|YMB Inc \u262f|marlon|1460\n|teamsize|p1|6\n|teamsize|p2|6\n|gen|9\n|tier|[Gen 9] OU\n|rated|\n|rule|Sleep Clause Mod: Limit one foe put to sleep\n|rule|Species Clause: Limit one of each Pok\u00e9mon\n|rule|OHKO Clause: OHKO moves are banned\n|rule|Evasion Items Clause: Evasion items are banned\n|rule|Evasion Moves Clause: Evasion moves are banned\n|rule|Endless Battle Clause: Forcing endless battles is banned\n|rule|HP Percentage Mod: HP is shown in percentages\n|clearpoke\n|poke|p1|Cinderace, M|\n|poke|p1|Gholdengo|\n|poke|p1|Iron Valiant|\n|poke|p1|Ogerpon-Wellspring, F|\n|poke|p1|Dragonite, M|\n|poke|p1|Great Tusk|\n|poke|p2|Garganacl, F|\n|poke|p2|Great Tusk|\n|poke|p2|Gholdengo|\n|poke|p2|Iron Valiant|\n|poke|p2|Dragonite, M|\n|poke|p2|Zapdos|\n|teampreview\n|inactive|Battle timer is ON: inactive players will automatically lose when time's up. (requested by Perfect DarK 0707)\n|\n|t:|1700793276\n|start\n|switch|p1a: 401 K|Gholdengo|100\/100\n|switch|p2a: Zapdos|Zapdos|100\/100\n|turn|1\n|\n|t:|1700793293\n|move|p1a: 401 K|Shadow Ball|p2a: Zapdos\n|-damage|p2a: Zapdos|57\/100\n|move|p2a: Zapdos|Heat Wave|p1a: 401 K\n|-supereffective|p1a: 401 K\n|-damage|p1a: 401 K|42\/100\n|\n|upkeep\n|turn|2\n|\n|t:|1700793308\n|switch|p1a: S1Lv3R Bull37|Cinderace, M, shiny|100\/100\n|move|p2a: Zapdos|Roost|p2a: Zapdos\n|-heal|p2a: Zapdos|100\/100\n|-singleturn|p2a: Zapdos|move: Roost\n|\n|upkeep\n|turn|3\n|\n|t:|1700793315\n|move|p1a: S1Lv3R Bull37|Pyro Ball|p2a: Zapdos\n|-damage|p2a: Zapdos|58\/100\n|move|p2a: Zapdos|Discharge|p1a: S1Lv3R Bull37\n|-damage|p1a: S1Lv3R Bull37|50\/100\n|\n|upkeep\n|turn|4\n|\n|t:|1700793323\n|-terastallize|p1a: S1Lv3R Bull37|Fire\n|move|p1a: S1Lv3R Bull37|Pyro Ball|p2a: Zapdos|[miss]\n|-miss|p1a: S1Lv3R Bull37|p2a: Zapdos\n|move|p2a: Zapdos|Roost|p2a: Zapdos\n|-heal|p2a: Zapdos|100\/100\n|-singleturn|p2a: Zapdos|move: Roost\n|\n|upkeep\n|turn|5\n|\n|t:|1700793332\n|move|p1a: S1Lv3R Bull37|Pyro Ball|p2a: Zapdos\n|-damage|p2a: Zapdos|50\/100\n|move|p2a: Zapdos|Discharge|p1a: S1Lv3R Bull37\n|-damage|p1a: S1Lv3R Bull37|3\/100\n|-status|p1a: S1Lv3R Bull37|par\n|\n|upkeep\n|turn|6\n|\n|t:|1700793341\n|move|p1a: S1Lv3R Bull37|Sucker Punch|p2a: Zapdos\n|-damage|p2a: Zapdos|35\/100\n|move|p2a: Zapdos|Discharge|p1a: S1Lv3R Bull37\n|-damage|p1a: S1Lv3R Bull37|0 fnt\n|faint|p1a: S1Lv3R Bull37\n|\n|upkeep\n|\n|t:|1700793363\n|switch|p1a: 401 K|Gholdengo|42\/100\n|turn|7\n|\n|t:|1700793379\n|move|p1a: 401 K|Shadow Ball|p2a: Zapdos\n|-damage|p2a: Zapdos|0 fnt\n|faint|p2a: Zapdos\n|\n|upkeep\n|\n|t:|1700793388\n|switch|p2a: Dragonite|Dragonite, M|100\/100\n|turn|8\n|\n|t:|1700793393\n|switch|p1a: Sailor Moon \ud83c\udf19|Iron Valiant, shiny|100\/100\n|-enditem|p1a: Sailor Moon \ud83c\udf19|Booster Energy\n|-activate|p1a: Sailor Moon \ud83c\udf19|ability: Quark Drive|[fromitem]\n|-start|p1a: Sailor Moon \ud83c\udf19|quarkdrivespe\n|move|p2a: Dragonite|Earthquake|p1a: Sailor Moon \ud83c\udf19\n|-damage|p1a: Sailor Moon \ud83c\udf19|51\/100\n|\n|upkeep\n|turn|9\n|\n|t:|1700793404\n|move|p2a: Dragonite|Extreme Speed|p1a: Sailor Moon \ud83c\udf19\n|-damage|p1a: Sailor Moon \ud83c\udf19|9\/100\n|move|p1a: Sailor Moon \ud83c\udf19|Moonblast|p2a: Dragonite\n|-supereffective|p2a: Dragonite\n|-damage|p2a: Dragonite|48\/100\n|\n|upkeep\n|turn|10\n|\n|t:|1700793411\n|-end|p1a: Sailor Moon \ud83c\udf19|Quark Drive|[silent]\n|switch|p1a: 401 K|Gholdengo|42\/100\n|move|p2a: Dragonite|Extreme Speed|p1a: 401 K\n|-immune|p1a: 401 K\n|\n|upkeep\n|turn|11\n|\n|t:|1700793418\n|move|p1a: 401 K|Make It Rain|p2a: Dragonite\n|-damage|p2a: Dragonite|0 fnt\n|-unboost|p1a: 401 K|spa|1\n|faint|p2a: Dragonite\n|\n|upkeep\n|\n|t:|1700793425\n|switch|p2a: Gholdengo|Gholdengo|100\/100\n|turn|12\n|\n|t:|1700793432\n|switch|p1a: Sailor Moon \ud83c\udf19|Iron Valiant, shiny|9\/100\n|move|p2a: Gholdengo|Shadow Ball|p1a: Sailor Moon \ud83c\udf19\n|-damage|p1a: Sailor Moon \ud83c\udf19|0 fnt\n|faint|p1a: Sailor Moon \ud83c\udf19\n|-end|p1a: Sailor Moon \ud83c\udf19|Quark Drive|[silent]\n|\n|upkeep\n|\n|t:|1700793443\n|switch|p1a: Terrifying \ud83e\udeb6|Dragonite, M|100\/100\n|turn|13\n|\n|t:|1700793448\n|move|p1a: Terrifying \ud83e\udeb6|Dragon Dance|p1a: Terrifying \ud83e\udeb6\n|-boost|p1a: Terrifying \ud83e\udeb6|atk|1\n|-boost|p1a: Terrifying \ud83e\udeb6|spe|1\n|move|p2a: Gholdengo|Shadow Ball|p1a: Terrifying \ud83e\udeb6\n|-damage|p1a: Terrifying \ud83e\udeb6|82\/100\n|\n|-heal|p1a: Terrifying \ud83e\udeb6|88\/100|[from] item: Leftovers\n|upkeep\n|turn|14\n|\n|t:|1700793459\n|switch|p2a: Great Tusk|Great Tusk|100\/100\n|move|p1a: Terrifying \ud83e\udeb6|Fly||[still]\n|-prepare|p1a: Terrifying \ud83e\udeb6|Fly\n|\n|-heal|p1a: Terrifying \ud83e\udeb6|94\/100|[from] item: Leftovers\n|upkeep\n|turn|15\n|\n|t:|1700793466\n|-end|p2a: Great Tusk|Protosynthesis|[silent]\n|switch|p2a: Garganacl|Garganacl, F|100\/100\n|move|p1a: Terrifying \ud83e\udeb6|Fly|p2a: Garganacl|[from]lockedmove\n|-resisted|p2a: Garganacl\n|-damage|p2a: Garganacl|75\/100\n|\n|-heal|p1a: Terrifying \ud83e\udeb6|99\/100|[from] item: Leftovers\n|-heal|p2a: Garganacl|82\/100|[from] item: Leftovers\n|upkeep\n|turn|16\n|\n|t:|1700793477\n|move|p1a: Terrifying \ud83e\udeb6|Earthquake|p2a: Garganacl\n|-supereffective|p2a: Garganacl\n|-damage|p2a: Garganacl|4\/100\n|move|p2a: Garganacl|Salt Cure|p1a: Terrifying \ud83e\udeb6\n|-supereffective|p1a: Terrifying \ud83e\udeb6\n|-damage|p1a: Terrifying \ud83e\udeb6|72\/100\n|-start|p1a: Terrifying \ud83e\udeb6|Salt Cure\n|\n|-heal|p1a: Terrifying \ud83e\udeb6|79\/100|[from] item: Leftovers\n|-heal|p2a: Garganacl|10\/100|[from] item: Leftovers\n|-damage|p1a: Terrifying \ud83e\udeb6|66\/100|[from] Salt Cure\n|upkeep\n|turn|17\n|\n|t:|1700793488\n|switch|p1a: ASUKA|Ogerpon-Wellspring, F|100\/100\n|move|p2a: Garganacl|Recover|p2a: Garganacl\n|-heal|p2a: Garganacl|60\/100\n|\n|-heal|p2a: Garganacl|67\/100|[from] item: Leftovers\n|upkeep\n|turn|18\n|\n|t:|1700793499\n|-terastallize|p2a: Garganacl|Fairy\n|move|p1a: ASUKA|Swords Dance|p1a: ASUKA\n|-boost|p1a: ASUKA|atk|2\n|move|p2a: Garganacl|Iron Defense|p2a: Garganacl\n|-boost|p2a: Garganacl|def|2\n|\n|-heal|p2a: Garganacl|73\/100|[from] item: Leftovers\n|upkeep\n|turn|19\n|\n|t:|1700793508\n|move|p1a: ASUKA|Ivy Cudgel|p2a: Garganacl|[anim] Ivy Cudgel Water\n|-damage|p2a: Garganacl|35\/100\n|move|p2a: Garganacl|Iron Defense|p2a: Garganacl\n|-boost|p2a: Garganacl|def|2\n|\n|-heal|p2a: Garganacl|42\/100|[from] item: Leftovers\n|upkeep\n|turn|20\n|\n|t:|1700793517\n|switch|p1a: 401 K|Gholdengo|42\/100\n|move|p2a: Garganacl|Recover|p2a: Garganacl\n|-heal|p2a: Garganacl|92\/100\n|\n|-heal|p2a: Garganacl|98\/100|[from] item: Leftovers\n|upkeep\n|turn|21\n|\n|t:|1700793525\n|switch|p2a: Gholdengo|Gholdengo|100\/100\n|move|p1a: 401 K|Make It Rain|p2a: Gholdengo\n|-resisted|p2a: Gholdengo\n|-damage|p2a: Gholdengo|71\/100\n|-unboost|p1a: 401 K|spa|1\n|\n|upkeep\n|turn|22\n|\n|t:|1700793538\n|switch|p1a: ASUKA|Ogerpon-Wellspring, F|100\/100\n|move|p2a: Gholdengo|Shadow Ball|p1a: ASUKA\n|-damage|p1a: ASUKA|61\/100\n|\n|upkeep\n|turn|23\n|\n|t:|1700793545\n|move|p1a: ASUKA|Ivy Cudgel|p2a: Gholdengo|[anim] Ivy Cudgel Water\n|-damage|p2a: Gholdengo|28\/100\n|move|p2a: Gholdengo|Shadow Ball|p1a: ASUKA\n|-damage|p1a: ASUKA|18\/100\n|\n|upkeep\n|turn|24\n|\n|t:|1700793552\n|move|p1a: ASUKA|Ivy Cudgel|p2a: Gholdengo|[anim] Ivy Cudgel Water\n|-damage|p2a: Gholdengo|0 fnt\n|faint|p2a: Gholdengo\n|\n|upkeep\n|\n|t:|1700793554\n|switch|p2a: Iron Valiant|Iron Valiant|100\/100\n|turn|25\n|\n|t:|1700793559\n|move|p2a: Iron Valiant|Knock Off|p1a: ASUKA\n|-damage|p1a: ASUKA|0 fnt\n|faint|p1a: ASUKA\n|\n|upkeep\n|\n|t:|1700793566\n|switch|p1a: 401 K|Gholdengo|42\/100\n|turn|26\n|\n|t:|1700793571\n|-end|p2a: Iron Valiant|Quark Drive|[silent]\n|switch|p2a: Great Tusk|Great Tusk|100\/100\n|move|p1a: 401 K|Make It Rain|p2a: Great Tusk\n|-damage|p2a: Great Tusk|0 fnt\n|-unboost|p1a: 401 K|spa|1\n|faint|p2a: Great Tusk\n|-end|p2a: Great Tusk|Protosynthesis|[silent]\n|\n|upkeep\n|\n|t:|1700793576\n|switch|p2a: Garganacl|Garganacl, F, tera:Fairy|98\/100\n|turn|27\n|\n|t:|1700793586\n|switch|p1a: 7usK|Great Tusk|100\/100\n|move|p2a: Garganacl|Salt Cure|p1a: 7usK\n|-resisted|p1a: 7usK\n|-damage|p1a: 7usK|99\/100\n|-start|p1a: 7usK|Salt Cure\n|\n|-heal|p1a: 7usK|100\/100|[from] item: Leftovers\n|-heal|p2a: Garganacl|100\/100|[from] item: Leftovers\n|-damage|p1a: 7usK|88\/100|[from] Salt Cure\n|upkeep\n|turn|28\n|\n|t:|1700793597\n|-end|p1a: 7usK|Protosynthesis|[silent]\n|switch|p1a: 401 K|Gholdengo|42\/100\n|move|p2a: Garganacl|Iron Defense|p2a: Garganacl\n|-boost|p2a: Garganacl|def|2\n|\n|upkeep\n|turn|29\n|\n|t:|1700793605\n|move|p1a: 401 K|Make It Rain|p2a: Garganacl\n|-supereffective|p2a: Garganacl\n|-damage|p2a: Garganacl|25\/100\n|-unboost|p1a: 401 K|spa|1\n|move|p2a: Garganacl|Salt Cure|p1a: 401 K\n|-resisted|p1a: 401 K\n|-damage|p1a: 401 K|35\/100\n|-start|p1a: 401 K|Salt Cure\n|\n|-heal|p2a: Garganacl|31\/100|[from] item: Leftovers\n|-damage|p1a: 401 K|10\/100|[from] Salt Cure\n|upkeep\n|turn|30\n|\n|t:|1700793623\n|switch|p1a: Terrifying \ud83e\udeb6|Dragonite, M|66\/100\n|switch|p2a: Iron Valiant|Iron Valiant|100\/100\n|\n|-heal|p1a: Terrifying \ud83e\udeb6|72\/100|[from] item: Leftovers\n|upkeep\n|turn|31\n|\n|t:|1700793631\n|switch|p1a: 7usK|Great Tusk|88\/100\n|move|p2a: Iron Valiant|Moonblast|p1a: 7usK\n|-supereffective|p1a: 7usK\n|-damage|p1a: 7usK|0 fnt\n|faint|p1a: 7usK\n|-end|p1a: 7usK|Protosynthesis|[silent]\n|\n|upkeep\n|\n|t:|1700793639\n|switch|p1a: 401 K|Gholdengo|10\/100\n|turn|32\n|\n|t:|1700793642\n|move|p1a: 401 K|Make It Rain|p2a: Iron Valiant\n|-supereffective|p2a: Iron Valiant\n|-damage|p2a: Iron Valiant|0 fnt\n|-unboost|p1a: 401 K|spa|1\n|faint|p2a: Iron Valiant\n|-end|p2a: Iron Valiant|Quark Drive|[silent]\n|\n|upkeep\n|\n|t:|1700793645\n|switch|p2a: Garganacl|Garganacl, F, tera:Fairy|31\/100\n|turn|33\n|\n|t:|1700793652\n|move|p1a: 401 K|Make It Rain|p2a: Garganacl\n|-supereffective|p2a: Garganacl\n|-damage|p2a: Garganacl|0 fnt\n|-unboost|p1a: 401 K|spa|1\n|faint|p2a: Garganacl\n|\n|win|Perfect DarK 0707\n|raw|Perfect DarK 0707's rating: 1340 &rarr; <strong>1367<\/strong><br \/>(+27 for winning)\n|raw|YMB Inc \u262f's rating: 1460 &rarr; <strong>1433<\/strong><br \/>(-27 for losing)\n|l|\u2606YMB Inc \u262f\n","uploadtime":1700793665,"views":6,"p1id":"perfectdark0707","p2id":"ymbinc","formatid":"gen9ou","rating":1367,"private":0,"password":""}