{"id":"gen9ou-1999604378","p1":"julian113","p2":"A1-andy","format":"[Gen 9] OU","log":"|j|\u2606julian113\n|j|\u2606A1-andy\n|t:|1701100401\n|gametype|singles\n|player|p1|julian113|266|1505\n|player|p2|A1-andy|red|1608\n|teamsize|p1|6\n|teamsize|p2|6\n|gen|9\n|tier|[Gen 9] OU\n|rated|\n|rule|Sleep Clause Mod: Limit one foe put to sleep\n|rule|Species Clause: Limit one of each Pok\u00e9mon\n|rule|OHKO Clause: OHKO moves are banned\n|rule|Evasion Items Clause: Evasion items are banned\n|rule|Evasion Moves Clause: Evasion moves are banned\n|rule|Endless Battle Clause: Forcing endless battles is banned\n|rule|HP Percentage Mod: HP is shown in percentages\n|clearpoke\n|poke|p1|Mamoswine, M|\n|poke|p1|Dragapult, M|\n|poke|p1|Meowscarada, F|\n|poke|p1|Clefable, F|\n|poke|p1|Corviknight, M|\n|poke|p1|Heatran, F|\n|poke|p2|Greninja-*, M|\n|poke|p2|Enamorus, F|\n|poke|p2|Kingambit, M|\n|poke|p2|Hatterene, F|\n|poke|p2|Slowking-Galar, M|\n|poke|p2|Dragonite, M|\n|teampreview\n|inactive|Battle timer is ON: inactive players will automatically lose when time's up. (requested by A1-andy)\n|\n|t:|1701100407\n|start\n|switch|p1a: Meowscarada|Meowscarada, F|100\/100\n|switch|p2a: Dragonite|Dragonite, M|100\/100\n|turn|1\n|\n|t:|1701100411\n|move|p1a: Meowscarada|U-turn|p2a: Dragonite\n|-start|p1a: Meowscarada|typechange|Bug|[from] ability: Protean\n|-resisted|p2a: Dragonite\n|-damage|p2a: Dragonite|91\/100\n|\n|t:|1701100415\n|switch|p1a: Mamoswine|Mamoswine, M|100\/100|[from] U-turn\n|move|p2a: Dragonite|Dragon Dance|p2a: Dragonite\n|-boost|p2a: Dragonite|atk|1\n|-boost|p2a: Dragonite|spe|1\n|\n|upkeep\n|turn|2\n|\n|t:|1701100424\n|-terastallize|p2a: Dragonite|Normal\n|move|p2a: Dragonite|Ice Spinner|p1a: Mamoswine\n|-damage|p1a: Mamoswine|71\/100\n|move|p1a: Mamoswine|Icicle Spear|p2a: Dragonite\n|-damage|p2a: Dragonite|74\/100\n|-damage|p2a: Dragonite|59\/100\n|-damage|p2a: Dragonite|42\/100\n|-damage|p2a: Dragonite|26\/100\n|-damage|p2a: Dragonite|10\/100\n|-hitcount|p2a: Dragonite|5\n|\n|upkeep\n|turn|3\n|\n|t:|1701100431\n|move|p2a: Dragonite|Extreme Speed|p1a: Mamoswine\n|-damage|p1a: Mamoswine|0 fnt\n|faint|p1a: Mamoswine\n|\n|upkeep\n|\n|t:|1701100443\n|switch|p1a: Corviknight|Corviknight, M|100\/100\n|-ability|p1a: Corviknight|Pressure\n|turn|4\n|\n|t:|1701100464\n|move|p2a: Dragonite|Ice Spinner|p1a: Corviknight\n|-damage|p1a: Corviknight|71\/100\n|-damage|p2a: Dragonite|0 fnt|[from] item: Rocky Helmet|[of] p1a: Corviknight\n|faint|p2a: Dragonite\n|move|p1a: Corviknight|Body Press|p2: Dragonite|[notarget]\n|-fail|p1a: Corviknight\n|\n|upkeep\n|\n|t:|1701100469\n|switch|p2a: Hatterene|Hatterene, F|100\/100\n|turn|5\n|\n|t:|1701100473\n|move|p1a: Corviknight|U-turn|p2a: Hatterene\n|-damage|p2a: Hatterene|84\/100\n|\n|t:|1701100476\n|switch|p1a: Heatran|Heatran, F|100\/100|[from] U-turn\n|move|p2a: Hatterene|Trick Room|p2a: Hatterene\n|-fieldstart|move: Trick Room|[of] p2a: Hatterene\n|\n|upkeep\n|turn|6\n|\n|t:|1701100481\n|switch|p2a: Greninja|Greninja, M|100\/100\n|move|p1a: Heatran|Magma Storm|p2a: Greninja|[miss]\n|-miss|p1a: Heatran|p2a: Greninja\n|\n|upkeep\n|turn|7\n|\n|t:|1701100488\n|-terastallize|p1a: Heatran|Grass\n|move|p1a: Heatran|Tera Blast|p2a: Greninja|[anim] Tera Blast Grass\n|-supereffective|p2a: Greninja\n|-damage|p2a: Greninja|0 fnt\n|faint|p2a: Greninja\n|\n|upkeep\n|\n|t:|1701100495\n|switch|p2a: Kingambit|Kingambit, M|100\/100\n|-activate|p2a: Kingambit|ability: Supreme Overlord\n|-start|p2a: Kingambit|fallen2|[silent]\n|turn|8\n|\n|t:|1701100501\n|move|p2a: Kingambit|Low Kick|p1a: Heatran\n|-damage|p1a: Heatran|37\/100\n|-damage|p2a: Kingambit|91\/100|[from] item: Life Orb\n|move|p1a: Heatran|Magma Storm|p2a: Kingambit\n|-supereffective|p2a: Kingambit\n|-damage|p2a: Kingambit|4\/100\n|-activate|p2a: Kingambit|move: Magma Storm|[of] p1a: Heatran\n|\n|-heal|p1a: Heatran|43\/100|[from] item: Leftovers\n|-damage|p2a: Kingambit|0 fnt|[from] move: Magma Storm|[partiallytrapped]\n|faint|p2a: Kingambit\n|-end|p2a: Kingambit|fallen2|[silent]\n|upkeep\n|\n|t:|1701100507\n|switch|p2a: Hatterene|Hatterene, F|84\/100\n|turn|9\n|\n|t:|1701100519\n|move|p2a: Hatterene|Dazzling Gleam|p1a: Heatran\n|-damage|p1a: Heatran|7\/100\n|-damage|p2a: Hatterene|75\/100|[from] item: Life Orb\n|move|p1a: Heatran|Magma Storm|p2a: Hatterene\n|-damage|p2a: Hatterene|27\/100\n|-activate|p2a: Hatterene|move: Magma Storm|[of] p1a: Heatran\n|\n|-heal|p1a: Heatran|13\/100|[from] item: Leftovers\n|-damage|p2a: Hatterene|15\/100|[from] move: Magma Storm|[partiallytrapped]\n|-fieldend|move: Trick Room\n|upkeep\n|turn|10\n|\n|t:|1701100533\n|move|p1a: Heatran|Tera Blast|p2a: Hatterene|[anim] Tera Blast Grass\n|-damage|p2a: Hatterene|0 fnt\n|faint|p2a: Hatterene\n|\n|-heal|p1a: Heatran|19\/100|[from] item: Leftovers\n|upkeep\n|\n|t:|1701100540\n|switch|p2a: Enamorus|Enamorus, F|100\/100\n|turn|11\n|\n|t:|1701100546\n|move|p2a: Enamorus|Superpower|p1a: Heatran\n|-damage|p1a: Heatran|0 fnt\n|-boost|p2a: Enamorus|atk|1\n|-boost|p2a: Enamorus|def|1\n|faint|p1a: Heatran\n|\n|upkeep\n|\n|t:|1701100552\n|switch|p1a: Clefable|Clefable, F|100\/100\n|turn|12\n|\n|t:|1701100556\n|switch|p2a: Slowking|Slowking-Galar, M, shiny|100\/100\n|move|p1a: Clefable|Thunder Wave|p2a: Slowking\n|-status|p2a: Slowking|par\n|\n|upkeep\n|turn|13\n|\n|t:|1701100562\n|switch|p1a: Dragapult|Dragapult, M|100\/100\n|move|p2a: Slowking|Fire Blast|p1a: Dragapult\n|-resisted|p1a: Dragapult\n|-damage|p1a: Dragapult|74\/100\n|\n|upkeep\n|turn|14\n|\n|t:|1701100566\n|move|p1a: Dragapult|Hex|p2a: Slowking\n|-supereffective|p2a: Slowking\n|-damage|p2a: Slowking|45\/100 par\n|move|p2a: Slowking|Ice Beam|p1a: Dragapult\n|-supereffective|p1a: Dragapult\n|-damage|p1a: Dragapult|0 fnt\n|faint|p1a: Dragapult\n|\n|upkeep\n|\n|t:|1701100575\n|switch|p1a: Meowscarada|Meowscarada, F|100\/100\n|turn|15\n|\n|t:|1701100579\n|switch|p2a: Enamorus|Enamorus, F|100\/100\n|move|p1a: Meowscarada|Knock Off|p2a: Enamorus\n|-start|p1a: Meowscarada|typechange|Dark|[from] ability: Protean\n|-resisted|p2a: Enamorus\n|-damage|p2a: Enamorus|67\/100\n|-enditem|p2a: Enamorus|Choice Scarf|[from] move: Knock Off|[of] p1a: Meowscarada\n|\n|upkeep\n|turn|16\n|\n|t:|1701100591\n|switch|p1a: Corviknight|Corviknight, M|71\/100\n|-ability|p1a: Corviknight|Pressure\n|move|p2a: Enamorus|Moonblast|p1a: Corviknight\n|-resisted|p1a: Corviknight\n|-damage|p1a: Corviknight|44\/100\n|-unboost|p1a: Corviknight|spa|1\n|\n|upkeep\n|turn|17\n|\n|t:|1701100601\n|move|p2a: Enamorus|Superpower|p1a: Corviknight\n|-damage|p1a: Corviknight|25\/100\n|-boost|p2a: Enamorus|atk|1\n|-boost|p2a: Enamorus|def|1\n|-damage|p2a: Enamorus|50\/100|[from] item: Rocky Helmet|[of] p1a: Corviknight\n|move|p1a: Corviknight|Brave Bird|p2a: Enamorus\n|-damage|p2a: Enamorus|13\/100\n|-damage|p1a: Corviknight|16\/100|[from] Recoil\n|\n|upkeep\n|turn|18\n|\n|t:|1701100608\n|move|p2a: Enamorus|Mystical Fire|p1a: Corviknight\n|-supereffective|p1a: Corviknight\n|-damage|p1a: Corviknight|0 fnt\n|faint|p1a: Corviknight\n|\n|upkeep\n|\n|t:|1701100622\n|switch|p1a: Clefable|Clefable, F|100\/100\n|turn|19\n|\n|t:|1701100628\n|move|p2a: Enamorus|Moonblast|p1a: Clefable\n|-damage|p1a: Clefable|62\/100\n|move|p1a: Clefable|Moonblast|p2a: Enamorus\n|-damage|p2a: Enamorus|0 fnt\n|faint|p2a: Enamorus\n|\n|-heal|p1a: Clefable|68\/100|[from] item: Leftovers\n|upkeep\n|\n|t:|1701100633\n|switch|p2a: Slowking|Slowking-Galar, M, shiny|78\/100 par\n|turn|20\n|\n|t:|1701100638\n|move|p1a: Clefable|Calm Mind|p1a: Clefable\n|-boost|p1a: Clefable|spa|1\n|-boost|p1a: Clefable|spd|1\n|move|p2a: Slowking|Sludge Bomb|p1a: Clefable\n|-supereffective|p1a: Clefable\n|-damage|p1a: Clefable|26\/100\n|\n|-heal|p1a: Clefable|32\/100|[from] item: Leftovers\n|upkeep\n|turn|21\n|\n|t:|1701100642\n|move|p1a: Clefable|Moonlight|p1a: Clefable\n|-heal|p1a: Clefable|82\/100\n|move|p2a: Slowking|Psyshock|p1a: Clefable\n|-damage|p1a: Clefable|34\/100\n|\n|-heal|p1a: Clefable|40\/100|[from] item: Leftovers\n|upkeep\n|turn|22\n|\n|t:|1701100646\n|move|p1a: Clefable|Moonlight|p1a: Clefable\n|-heal|p1a: Clefable|90\/100\n|move|p2a: Slowking|Psyshock|p1a: Clefable\n|-damage|p1a: Clefable|43\/100\n|\n|-heal|p1a: Clefable|49\/100|[from] item: Leftovers\n|upkeep\n|turn|23\n|\n|t:|1701100649\n|move|p1a: Clefable|Moonlight|p1a: Clefable\n|-heal|p1a: Clefable|99\/100\n|move|p2a: Slowking|Sludge Bomb|p1a: Clefable\n|-supereffective|p1a: Clefable\n|-damage|p1a: Clefable|58\/100\n|\n|-heal|p1a: Clefable|64\/100|[from] item: Leftovers\n|upkeep\n|turn|24\n|\n|t:|1701100657\n|move|p1a: Clefable|Moonblast|p2a: Slowking\n|-resisted|p2a: Slowking\n|-damage|p2a: Slowking|64\/100 par\n|-unboost|p2a: Slowking|spa|1\n|move|p2a: Slowking|Sludge Bomb|p1a: Clefable\n|-supereffective|p1a: Clefable\n|-damage|p1a: Clefable|38\/100\n|\n|-heal|p1a: Clefable|44\/100|[from] item: Leftovers\n|upkeep\n|turn|25\n|\n|t:|1701100664\n|move|p1a: Clefable|Moonblast|p2a: Slowking\n|-resisted|p2a: Slowking\n|-damage|p2a: Slowking|52\/100 par\n|move|p2a: Slowking|Psyshock|p1a: Clefable\n|-damage|p1a: Clefable|15\/100\n|\n|-heal|p1a: Clefable|21\/100|[from] item: Leftovers\n|upkeep\n|turn|26\n|\n|t:|1701100669\n|move|p1a: Clefable|Moonlight|p1a: Clefable\n|-heal|p1a: Clefable|71\/100\n|move|p2a: Slowking|Psyshock|p1a: Clefable\n|-damage|p1a: Clefable|38\/100\n|\n|-heal|p1a: Clefable|44\/100|[from] item: Leftovers\n|upkeep\n|turn|27\n|\n|t:|1701100674\n|move|p1a: Clefable|Moonblast|p2a: Slowking\n|-resisted|p2a: Slowking\n|-damage|p2a: Slowking|40\/100 par\n|-unboost|p2a: Slowking|spa|1\n|move|p2a: Slowking|Psyshock|p1a: Clefable\n|-damage|p1a: Clefable|22\/100\n|\n|-heal|p1a: Clefable|28\/100|[from] item: Leftovers\n|upkeep\n|turn|28\n|\n|t:|1701100682\n|move|p1a: Clefable|Moonblast|p2a: Slowking\n|-resisted|p2a: Slowking\n|-damage|p2a: Slowking|26\/100 par\n|-unboost|p2a: Slowking|spa|1\n|cant|p2a: Slowking|par\n|\n|-heal|p1a: Clefable|34\/100|[from] item: Leftovers\n|upkeep\n|turn|29\n|\n|t:|1701100687\n|move|p1a: Clefable|Moonblast|p2a: Slowking\n|-resisted|p2a: Slowking\n|-damage|p2a: Slowking|13\/100 par\n|-unboost|p2a: Slowking|spa|1\n|move|p2a: Slowking|Psyshock|p1a: Clefable\n|-damage|p1a: Clefable|19\/100\n|\n|-heal|p1a: Clefable|25\/100|[from] item: Leftovers\n|upkeep\n|turn|30\n|\n|t:|1701100690\n|move|p1a: Clefable|Moonblast|p2a: Slowking\n|-resisted|p2a: Slowking\n|-damage|p2a: Slowking|2\/100 par\n|move|p2a: Slowking|Psyshock|p1a: Clefable\n|-damage|p1a: Clefable|10\/100\n|\n|-heal|p1a: Clefable|16\/100|[from] item: Leftovers\n|upkeep\n|turn|31\n|c|\u2606julian113|gg\n|n|!A1-andy|a1andy\n|\n|t:|1701100717\n|move|p1a: Clefable|Moonblast|p2a: Slowking\n|-resisted|p2a: Slowking\n|-damage|p2a: Slowking|0 fnt\n|faint|p2a: Slowking\n|\n|win|julian113\n|raw|julian113's rating: 1505 &rarr; <strong>1531<\/strong><br \/>(+26 for winning)\n|raw|A1-andy's rating: 1608 &rarr; <strong>1582<\/strong><br \/>(-26 for losing)\n","uploadtime":1701100708,"views":17,"p1id":"julian113","p2id":"a1andy","formatid":"gen9ou","rating":1531,"private":0,"password":""}