{"id":"gen9ou-1994124204","p1":"MakeItMoreFun","p2":"Nick (allenatore)","format":"[Gen 9] OU","log":"|j|\u2606MakeItMoreFun\n|j|\u2606Nick (allenatore)\n|t:|1700409736\n|gametype|singles\n|player|p1|MakeItMoreFun|2|1042\n|player|p2|Nick (allenatore)|n|1102\n|teamsize|p1|6\n|teamsize|p2|6\n|gen|9\n|tier|[Gen 9] OU\n|rated|\n|rule|Sleep Clause Mod: Limit one foe put to sleep\n|rule|Species Clause: Limit one of each Pok\u00e9mon\n|rule|OHKO Clause: OHKO moves are banned\n|rule|Evasion Items Clause: Evasion items are banned\n|rule|Evasion Moves Clause: Evasion moves are banned\n|rule|Endless Battle Clause: Forcing endless battles is banned\n|rule|HP Percentage Mod: HP is shown in percentages\n|clearpoke\n|poke|p1|Kingambit, M|\n|poke|p1|Alomomola, F|\n|poke|p1|Gholdengo|\n|poke|p1|Ceruledge, F|\n|poke|p1|Ninetales-Alola, F|\n|poke|p1|Manaphy|\n|poke|p2|Meowscarada, M|\n|poke|p2|Corviknight, M|\n|poke|p2|Ogerpon-Wellspring, F|\n|poke|p2|Empoleon, M|\n|poke|p2|Cinderace, M|\n|poke|p2|Kingambit, M|\n|teampreview\n|\n|t:|1700409743\n|start\n|switch|p1a: Ninetales|Ninetales-Alola, F|100\/100\n|switch|p2a: Where'smyboots|Meowscarada, M|100\/100\n|-weather|Snow|[from] ability: Snow Warning|[of] p1a: Ninetales\n|turn|1\n|inactive|Battle timer is ON: inactive players will automatically lose when time's up. (requested by MakeItMoreFun)\n|\n|t:|1700409754\n|move|p2a: Where'smyboots|Trick|p1a: Ninetales\n|-start|p2a: Where'smyboots|typechange|Psychic|[from] ability: Protean\n|-activate|p2a: Where'smyboots|move: Trick|[of] p1a: Ninetales\n|-item|p1a: Ninetales|Choice Band|[from] move: Trick\n|-item|p2a: Where'smyboots|Light Clay|[from] move: Trick\n|move|p1a: Ninetales|Aurora Veil|p1a: Ninetales\n|-sidestart|p1: MakeItMoreFun|move: Aurora Veil\n|\n|-weather|Snow|[upkeep]\n|upkeep\n|turn|2\n|\n|t:|1700409765\n|switch|p1a: Ceruledge|Ceruledge, F|100\/100\n|move|p2a: Where'smyboots|Brick Break|p1a: Ceruledge\n|-immune|p1a: Ceruledge\n|\n|-weather|Snow|[upkeep]\n|upkeep\n|turn|3\n|inactive|Nick (allenatore) has 120 seconds left.\n|\n|t:|1700409803\n|switch|p2a: Sssssmokin'|Ogerpon-Wellspring, F|100\/100\n|move|p1a: Ceruledge|Shadow Sneak|p2a: Sssssmokin'\n|-damage|p2a: Sssssmokin'|74\/100\n|\n|-weather|Snow|[upkeep]\n|upkeep\n|turn|4\n|inactive|Nick (allenatore) has 120 seconds left.\n|\n|t:|1700409813\n|-terastallize|p1a: Ceruledge|Grass\n|move|p2a: Sssssmokin'|Trailblaze|p1a: Ceruledge\n|-resisted|p1a: Ceruledge\n|-damage|p1a: Ceruledge|90\/100\n|-boost|p2a: Sssssmokin'|spe|1\n|move|p1a: Ceruledge|Bulk Up|p1a: Ceruledge\n|-boost|p1a: Ceruledge|atk|1\n|-boost|p1a: Ceruledge|def|1\n|\n|-weather|Snow|[upkeep]\n|upkeep\n|turn|5\n|inactive|Nick (allenatore) has 120 seconds left.\n|\n|t:|1700409826\n|move|p1a: Ceruledge|Shadow Sneak|p2a: Sssssmokin'\n|-damage|p2a: Sssssmokin'|34\/100\n|move|p2a: Sssssmokin'|Knock Off|p1a: Ceruledge\n|-damage|p1a: Ceruledge|73\/100\n|-enditem|p1a: Ceruledge|Figy Berry|[from] move: Knock Off|[of] p2a: Sssssmokin'\n|\n|-weather|none\n|-sideend|p1: MakeItMoreFun|move: Aurora Veil\n|upkeep\n|turn|6\n|\n|t:|1700409839\n|move|p2a: Sssssmokin'|Spiky Shield|p2a: Sssssmokin'\n|-singleturn|p2a: Sssssmokin'|move: Protect\n|move|p1a: Ceruledge|Shadow Sneak|p2a: Sssssmokin'\n|-activate|p2a: Sssssmokin'|move: Protect\n|-damage|p1a: Ceruledge|60\/100|[from] Spiky Shield|[of] p2a: Sssssmokin'\n|\n|upkeep\n|turn|7\n|inactive|Nick (allenatore) has 120 seconds left.\n|\n|t:|1700409864\n|switch|p2a: MOUSTACHE|Kingambit, M|100\/100\n|move|p1a: Ceruledge|Bitter Blade|p2a: MOUSTACHE\n|-supereffective|p2a: MOUSTACHE\n|-damage|p2a: MOUSTACHE|2\/100\n|-heal|p1a: Ceruledge|100\/100|[from] drain|[of] p2a: MOUSTACHE\n|\n|upkeep\n|turn|8\n|inactive|Nick (allenatore) has 120 seconds left.\n|\n|t:|1700409877\n|move|p2a: MOUSTACHE|Sucker Punch||[still]\n|-fail|p2a: MOUSTACHE\n|move|p1a: Ceruledge|Bulk Up|p1a: Ceruledge\n|-boost|p1a: Ceruledge|atk|1\n|-boost|p1a: Ceruledge|def|1\n|\n|upkeep\n|turn|9\n|\n|t:|1700409883\n|move|p1a: Ceruledge|Bulk Up|p1a: Ceruledge\n|-boost|p1a: Ceruledge|atk|1\n|-boost|p1a: Ceruledge|def|1\n|move|p2a: MOUSTACHE|Kowtow Cleave|p1a: Ceruledge\n|-damage|p1a: Ceruledge|65\/100\n|-damage|p2a: MOUSTACHE|0 fnt|[from] item: Life Orb\n|faint|p2a: MOUSTACHE\n|-end|p2a: MOUSTACHE|fallenundefined|[silent]\n|\n|upkeep\n|\n|t:|1700409890\n|switch|p2a: Greninja 2|Cinderace, M|100\/100\n|turn|10\n|\n|t:|1700409895\n|move|p1a: Ceruledge|Shadow Sneak|p2a: Greninja 2\n|-damage|p2a: Greninja 2|32\/100\n|move|p2a: Greninja 2|Flare Blitz|p1a: Ceruledge\n|-start|p1a: Ceruledge|ability: Flash Fire\n|\n|upkeep\n|turn|11\n|\n|t:|1700409901\n|move|p1a: Ceruledge|Shadow Sneak|p2a: Greninja 2\n|-damage|p2a: Greninja 2|0 fnt\n|faint|p2a: Greninja 2\n|\n|upkeep\n|\n|t:|1700409905\n|switch|p2a: Wayne|Corviknight, M|100\/100\n|turn|12\n|\n|t:|1700409908\n|move|p1a: Ceruledge|Bitter Blade|p2a: Wayne\n|-supereffective|p2a: Wayne\n|-crit|p2a: Wayne\n|-damage|p2a: Wayne|0 fnt\n|-heal|p1a: Ceruledge|100\/100|[from] drain|[of] p2a: Wayne\n|faint|p2a: Wayne\n|\n|upkeep\n|-message|Nick (allenatore) forfeited.\n|\n|win|MakeItMoreFun\n|raw|MakeItMoreFun's rating: 1042 &rarr; <strong>1081<\/strong><br \/>(+39 for winning)\n|raw|Nick (allenatore)'s rating: 1102 &rarr; <strong>1073<\/strong><br \/>(-29 for losing)\n|l|\u2606Nick (allenatore)\n","uploadtime":1700409915,"views":13,"p1id":"makeitmorefun","p2id":"nickallenatore","formatid":"gen9ou","rating":1073,"private":0,"password":""}