{"id":"gen9ou-1997743700","p1":"Lexsleyker","p2":"minosprimeyaoi","format":"[Gen 9] OU","log":"|j|\u2606Lexsleyker\n|j|\u2606minosprimeyaoi\n|t:|1700847991\n|gametype|singles\n|player|p1|Lexsleyker|2|1117\n|player|p2|minosprimeyaoi|swimmerf-gen4|1143\n|teamsize|p1|6\n|teamsize|p2|6\n|gen|9\n|tier|[Gen 9] OU\n|rated|\n|rule|Sleep Clause Mod: Limit one foe put to sleep\n|rule|Species Clause: Limit one of each Pok\u00e9mon\n|rule|OHKO Clause: OHKO moves are banned\n|rule|Evasion Items Clause: Evasion items are banned\n|rule|Evasion Moves Clause: Evasion moves are banned\n|rule|Endless Battle Clause: Forcing endless battles is banned\n|rule|HP Percentage Mod: HP is shown in percentages\n|clearpoke\n|poke|p1|Ampharos, F|\n|poke|p1|Dedenne, M|\n|poke|p1|Luxray, M|\n|poke|p1|Pachirisu, F|\n|poke|p1|Raichu, M|\n|poke|p1|Pincurchin, F|\n|poke|p2|Ribombee, M|\n|poke|p2|Clodsire, F|\n|poke|p2|Lokix, M|\n|poke|p2|Gholdengo|\n|poke|p2|Iron Treads|\n|poke|p2|Dragapult, F|\n|teampreview\n|inactive|Battle timer is ON: inactive players will automatically lose when time's up. (requested by minosprimeyaoi)\n|inactive|Lexsleyker has 120 seconds left.\n|\n|t:|1700848023\n|start\n|switch|p1a: Pachirisu|Pachirisu, F|100\/100\n|switch|p2a: Bloody Mary|Clodsire, F|100\/100\n|turn|1\n|\n|t:|1700848031\n|move|p1a: Pachirisu|Super Fang|p2a: Bloody Mary\n|-damage|p2a: Bloody Mary|50\/100\n|move|p2a: Bloody Mary|Stealth Rock|p1a: Pachirisu\n|-sidestart|p1: Lexsleyker|move: Stealth Rock\n|\n|upkeep\n|turn|2\n|\n|t:|1700848036\n|move|p1a: Pachirisu|Encore|p2a: Bloody Mary\n|-start|p2a: Bloody Mary|Encore\n|move|p2a: Bloody Mary|Stealth Rock||[still]\n|-fail|p2a: Bloody Mary\n|\n|upkeep\n|turn|3\n|\n|t:|1700848042\n|switch|p2a: Gholdy Locks|Gholdengo|100\/100\n|-item|p2a: Gholdy Locks|Air Balloon\n|move|p1a: Pachirisu|U-turn|p2a: Gholdy Locks\n|-resisted|p2a: Gholdy Locks\n|-damage|p2a: Gholdy Locks|97\/100\n|-enditem|p2a: Gholdy Locks|Air Balloon\n|\n|t:|1700848047\n|switch|p1a: Pincurchin|Pincurchin, F|100\/100|[from] U-turn\n|-damage|p1a: Pincurchin|88\/100|[from] Stealth Rock\n|-fieldstart|move: Electric Terrain|[from] ability: Electric Surge|[of] p1a: Pincurchin\n|\n|upkeep\n|turn|4\n|\n|t:|1700848061\n|move|p2a: Gholdy Locks|Nasty Plot|p2a: Gholdy Locks\n|-boost|p2a: Gholdy Locks|spa|2\n|move|p1a: Pincurchin|Wild Charge|p2a: Gholdy Locks\n|-damage|p2a: Gholdy Locks|36\/100\n|-damage|p1a: Pincurchin|72\/100|[from] Recoil\n|\n|upkeep\n|turn|5\n|\n|t:|1700848082\n|move|p1a: Pincurchin|Sucker Punch|p2a: Gholdy Locks\n|-supereffective|p2a: Gholdy Locks\n|-damage|p2a: Gholdy Locks|0 fnt\n|faint|p2a: Gholdy Locks\n|\n|upkeep\n|\n|t:|1700848095\n|switch|p2a: Grampa's Xtra|Iron Treads|100\/100\n|-activate|p2a: Grampa's Xtra|ability: Quark Drive\n|-start|p2a: Grampa's Xtra|quarkdrivespe\n|turn|6\n|inactive|Lexsleyker has 120 seconds left.\n|\n|t:|1700848123\n|move|p2a: Grampa's Xtra|Earthquake|p1a: Pincurchin\n|-supereffective|p1a: Pincurchin\n|-damage|p1a: Pincurchin|0 fnt\n|faint|p1a: Pincurchin\n|\n|upkeep\n|inactive|Lexsleyker has 120 seconds left.\n|\n|t:|1700848129\n|switch|p1a: Raichu|Raichu, M|100\/100\n|-damage|p1a: Raichu|88\/100|[from] Stealth Rock\n|-item|p1a: Raichu|Air Balloon\n|turn|7\n|\n|t:|1700848134\n|move|p2a: Grampa's Xtra|Rapid Spin|p1a: Raichu\n|-damage|p1a: Raichu|59\/100\n|-boost|p2a: Grampa's Xtra|spe|1\n|-status|p2a: Grampa's Xtra|par|[from] ability: Static|[of] p1a: Raichu\n|-enditem|p1a: Raichu|Air Balloon\n|move|p1a: Raichu|Surf|p2a: Grampa's Xtra\n|-supereffective|p2a: Grampa's Xtra\n|-damage|p2a: Grampa's Xtra|47\/100 par\n|\n|upkeep\n|turn|8\n|\n|t:|1700848141\n|move|p2a: Grampa's Xtra|Earthquake|p1a: Raichu\n|-supereffective|p1a: Raichu\n|-damage|p1a: Raichu|0 fnt\n|faint|p1a: Raichu\n|\n|upkeep\n|\n|t:|1700848156\n|switch|p1a: Ampharos|Ampharos, F|100\/100\n|-damage|p1a: Ampharos|88\/100|[from] Stealth Rock\n|turn|9\n|\n|t:|1700848160\n|move|p2a: Grampa's Xtra|Earthquake|p1a: Ampharos\n|-supereffective|p1a: Ampharos\n|-damage|p1a: Ampharos|0 fnt\n|faint|p1a: Ampharos\n|\n|upkeep\n|\n|t:|1700848168\n|switch|p1a: Dedenne|Dedenne, M|100\/100\n|-damage|p1a: Dedenne|88\/100|[from] Stealth Rock\n|turn|10\n|\n|t:|1700848173\n|move|p2a: Grampa's Xtra|Earthquake|p1a: Dedenne\n|-supereffective|p1a: Dedenne\n|-damage|p1a: Dedenne|0 fnt\n|faint|p1a: Dedenne\n|\n|-fieldend|move: Electric Terrain\n|-end|p2a: Grampa's Xtra|Quark Drive\n|upkeep\n|\n|t:|1700848176\n|switch|p1a: Luxray|Luxray, M|100\/100\n|-damage|p1a: Luxray|88\/100|[from] Stealth Rock\n|turn|11\n|\n|t:|1700848184\n|-terastallize|p1a: Luxray|Normal\n|move|p1a: Luxray|Trailblaze|p2a: Grampa's Xtra\n|-damage|p2a: Grampa's Xtra|35\/100 par\n|-boost|p1a: Luxray|spe|1\n|move|p2a: Grampa's Xtra|Rapid Spin|p1a: Luxray\n|-damage|p1a: Luxray|70\/100\n|-boost|p2a: Grampa's Xtra|spe|1\n|\n|-status|p1a: Luxray|brn|[from] item: Flame Orb\n|upkeep\n|turn|12\n|\n|t:|1700848198\n|move|p1a: Luxray|Trailblaze|p2a: Grampa's Xtra\n|-damage|p2a: Grampa's Xtra|16\/100 par\n|-boost|p1a: Luxray|spe|1\n|move|p2a: Grampa's Xtra|Volt Switch|p1a: Luxray\n|-damage|p1a: Luxray|55\/100 brn\n|\n|t:|1700848211\n|-end|p2a: Grampa's Xtra|Quark Drive|[silent]\n|switch|p2a: Bubmbles!|Ribombee, M|100\/100|[from] Volt Switch\n|\n|-damage|p1a: Luxray|49\/100 brn|[from] brn\n|upkeep\n|turn|13\n|\n|t:|1700848218\n|move|p1a: Luxray|Facade|p2a: Bubmbles!\n|-enditem|p2a: Bubmbles!|Focus Sash\n|-damage|p2a: Bubmbles!|1\/100\n|move|p2a: Bubmbles!|Skill Swap|p1a: Luxray\n|-activate|p2a: Bubmbles!|move: Skill Swap|Guts|Honey Gather|[of] p1a: Luxray\n|\n|-damage|p1a: Luxray|43\/100 brn|[from] brn\n|upkeep\n|turn|14\n|\n|t:|1700848227\n|move|p1a: Luxray|Facade|p2a: Bubmbles!\n|-damage|p2a: Bubmbles!|0 fnt\n|faint|p2a: Bubmbles!\n|\n|-damage|p1a: Luxray|37\/100 brn|[from] brn\n|upkeep\n|\n|t:|1700848231\n|switch|p2a: Scooter Kid|Dragapult, F|100\/100\n|turn|15\n|\n|t:|1700848235\n|move|p1a: Luxray|Play Rough|p2a: Scooter Kid\n|-supereffective|p2a: Scooter Kid\n|-damage|p2a: Scooter Kid|59\/100\n|move|p2a: Scooter Kid|Dragon Darts|p1a: Luxray\n|-damage|p1a: Luxray|0 fnt\n|faint|p1a: Luxray\n|\n|upkeep\n|\n|t:|1700848243\n|switch|p1a: Pachirisu|Pachirisu, F|100\/100\n|-damage|p1a: Pachirisu|88\/100|[from] Stealth Rock\n|turn|16\n|\n|t:|1700848246\n|move|p2a: Scooter Kid|Dragon Darts|p1a: Pachirisu\n|-damage|p1a: Pachirisu|26\/100\n|-enditem|p1a: Pachirisu|Sitrus Berry|[eat]\n|-heal|p1a: Pachirisu|51\/100|[from] item: Sitrus Berry\n|-anim|p2a: Scooter Kid|Dragon Darts|p1a: Pachirisu\n|-damage|p1a: Pachirisu|0 fnt\n|faint|p1a: Pachirisu\n|\n|win|minosprimeyaoi\n|raw|Lexsleyker's rating: 1117 &rarr; <strong>1094<\/strong><br \/>(-23 for losing)\n|raw|minosprimeyaoi's rating: 1143 &rarr; <strong>1166<\/strong><br \/>(+23 for winning)\n|l|\u2606minosprimeyaoi\n|j|\u2606minosprimeyaoi\n|player|p2|minosprimeyaoi|swimmerf-gen4\n","uploadtime":1700848252,"views":8,"p1id":"lexsleyker","p2id":"minosprimeyaoi","formatid":"gen9ou","rating":1094,"private":0,"password":""}