{"id":"gen9ou-1995557073","p1":"Peepum","p2":"Bencarote","format":"[Gen 9] OU","log":"|j|\u2606Peepum\n|j|\u2606Bencarote\n|t:|1700582642\n|gametype|singles\n|player|p1|Peepum|policeman-gen4|1303\n|player|p2|Bencarote|2|1218\n|teamsize|p1|6\n|teamsize|p2|6\n|gen|9\n|tier|[Gen 9] OU\n|rated|\n|rule|Sleep Clause Mod: Limit one foe put to sleep\n|rule|Species Clause: Limit one of each Pok\u00e9mon\n|rule|OHKO Clause: OHKO moves are banned\n|rule|Evasion Items Clause: Evasion items are banned\n|rule|Evasion Moves Clause: Evasion moves are banned\n|rule|Endless Battle Clause: Forcing endless battles is banned\n|rule|HP Percentage Mod: HP is shown in percentages\n|clearpoke\n|poke|p1|Landorus-Therian, M|\n|poke|p1|Moltres|\n|poke|p1|Walking Wake|\n|poke|p1|Ting-Lu|\n|poke|p1|Great Tusk|\n|poke|p1|Slowking-Galar, M|\n|poke|p2|Golem-Alola, F|\n|poke|p2|Rabsca, M|\n|poke|p2|Great Tusk|\n|poke|p2|Hatterene, F|\n|poke|p2|Corviknight, M|\n|poke|p2|Ursaluna, M|\n|teampreview\n|inactive|Battle timer is ON: inactive players will automatically lose when time's up. (requested by Peepum)\n|inactive|Peepum has 120 seconds left.\n|\n|t:|1700582678\n|start\n|switch|p1a: Walking Wake|Walking Wake|100\/100\n|switch|p2a: Golem|Golem-Alola, F|100\/100\n|turn|1\n|\n|t:|1700582692\n|move|p1a: Walking Wake|Hydro Pump|p2a: Golem\n|-supereffective|p2a: Golem\n|-damage|p2a: Golem|0 fnt\n|faint|p2a: Golem\n|\n|upkeep\n|\n|t:|1700582697\n|switch|p2a: Hatterene|Hatterene, F|100\/100\n|turn|2\n|\n|t:|1700582703\n|-end|p1a: Walking Wake|Protosynthesis|[silent]\n|switch|p1a: Slowking|Slowking-Galar, M|100\/100\n|move|p2a: Hatterene|Trick Room|p2a: Hatterene\n|-fieldstart|move: Trick Room|[of] p2a: Hatterene\n|\n|upkeep\n|turn|3\n|\n|t:|1700582709\n|switch|p2a: Ursaluna|Ursaluna, M|100\/100\n|move|p1a: Slowking|Future Sight|p2a: Ursaluna\n|-start|p1a: Slowking|move: Future Sight\n|\n|-status|p2a: Ursaluna|brn|[from] item: Flame Orb\n|upkeep\n|turn|4\n|inactive|Peepum has 120 seconds left.\n|\n|t:|1700582743\n|switch|p1a: Landorus|Landorus-Therian, M|100\/100\n|-ability|p1a: Landorus|Intimidate|boost\n|-unboost|p2a: Ursaluna|atk|1\n|move|p2a: Ursaluna|Facade|p1a: Landorus\n|-damage|p1a: Landorus|0 fnt\n|faint|p1a: Landorus\n|\n|-damage|p2a: Ursaluna|94\/100 brn|[from] brn\n|upkeep\n|inactive|Peepum has 120 seconds left.\n|\n|t:|1700582759\n|switch|p1a: Moltres|Moltres|100\/100\n|turn|5\n|\n|t:|1700582764\n|move|p2a: Ursaluna|Facade|p1a: Moltres\n|-damage|p1a: Moltres|47\/100\n|move|p1a: Moltres|Flamethrower|p2a: Ursaluna\n|-damage|p2a: Ursaluna|63\/100 brn\n|\n|-end|p2a: Ursaluna|move: Future Sight\n|-damage|p2a: Ursaluna|23\/100 brn\n|-damage|p2a: Ursaluna|17\/100 brn|[from] brn\n|upkeep\n|turn|6\n|inactive|Peepum has 120 seconds left.\n|\n|t:|1700582779\n|switch|p1a: Great Tusk|Great Tusk|100\/100\n|move|p2a: Ursaluna|Facade|p1a: Great Tusk\n|-damage|p1a: Great Tusk|35\/100\n|\n|-heal|p1a: Great Tusk|41\/100|[from] item: Leftovers\n|-damage|p2a: Ursaluna|11\/100 brn|[from] brn\n|-fieldend|move: Trick Room\n|upkeep\n|turn|7\n|\n|t:|1700582789\n|switch|p2a: Rabsca|Rabsca, M|100\/100\n|move|p1a: Great Tusk|Knock Off|p2a: Rabsca\n|-supereffective|p2a: Rabsca\n|-damage|p2a: Rabsca|41\/100\n|-enditem|p2a: Rabsca|Focus Sash|[from] move: Knock Off|[of] p1a: Great Tusk\n|\n|-heal|p1a: Great Tusk|47\/100|[from] item: Leftovers\n|upkeep\n|turn|8\n|inactive|Peepum has 120 seconds left.\n|\n|t:|1700582798\n|-end|p1a: Great Tusk|Protosynthesis|[silent]\n|switch|p1a: Walking Wake|Walking Wake|100\/100\n|move|p2a: Rabsca|Trick Room|p2a: Rabsca\n|-fieldstart|move: Trick Room|[of] p2a: Rabsca\n|\n|upkeep\n|turn|9\n|\n|t:|1700582803\n|-end|p1a: Walking Wake|Protosynthesis|[silent]\n|switch|p1a: Slowking|Slowking-Galar, M|100\/100\n|move|p2a: Rabsca|Revival Blessing|p2a: Rabsca\n|\n|t:|1700582806\n|-heal|p2: Golem|50\/100|[from] move: Revival Blessing\n|\n|upkeep\n|turn|10\n|\n|t:|1700582811\n|switch|p2a: Golem|Golem-Alola, F|50\/100\n|move|p1a: Slowking|Future Sight|p2a: Golem\n|-start|p1a: Slowking|move: Future Sight\n|\n|upkeep\n|turn|11\n|\n|t:|1700582816\n|switch|p1a: Great Tusk|Great Tusk|47\/100\n|move|p2a: Golem|Explosion|p1a: Great Tusk\n|-immune|p1a: Great Tusk\n|faint|p2a: Golem\n|\n|-heal|p1a: Great Tusk|53\/100|[from] item: Leftovers\n|upkeep\n|\n|t:|1700582821\n|switch|p2a: Ursaluna|Ursaluna, M|11\/100 brn\n|turn|12\n|\n|t:|1700582833\n|move|p2a: Ursaluna|Facade|p1a: Great Tusk\n|-damage|p1a: Great Tusk|0 fnt\n|faint|p1a: Great Tusk\n|-end|p1a: Great Tusk|Protosynthesis|[silent]\n|\n|-end|p2a: Ursaluna|move: Future Sight\n|-damage|p2a: Ursaluna|0 fnt\n|faint|p2a: Ursaluna\n|-fieldend|move: Trick Room\n|upkeep\n|inactive|Peepum has 120 seconds left.\n|c|\u2606Bencarote|Joue enfant de sal0pe\n|\n|t:|1700582883\n|switch|p1a: Walking Wake|Walking Wake|100\/100\n|switch|p2a: Hatterene|Hatterene, F|100\/100\n|turn|13\n|l|\u2606Bencarote\n|inactive|Bencarote disconnected and has a minute to reconnect!\n|player|p2|\n|inactive|Bencarote has 30 seconds to reconnect!\n|inactive|Bencarote has 20 seconds to reconnect!\n|inactive|Bencarote has 15 seconds to reconnect!\n|inactive|Bencarote has 10 seconds to reconnect!\n|inactive|Bencarote has 5 seconds to reconnect!\n|-message|Bencarote lost due to inactivity.\n|\n|win|Peepum\n|raw|Peepum's rating: 1303 &rarr; <strong>1318<\/strong><br \/>(+15 for winning)\n|raw|Bencarote's rating: 1218 &rarr; <strong>1199<\/strong><br \/>(-19 for losing)\n","uploadtime":1700582875,"views":1,"p1id":"peepum","p2id":"bencarote","formatid":"gen9ou","rating":1199,"private":0,"password":""}