{"id":"gen9ou-1991775096","p1":"Yabyinda","p2":"wyverbal","format":"[Gen 9] OU","log":"|j|\u2606Yabyinda\n|j|\u2606wyverbal\n|t:|1700115019\n|gametype|singles\n|player|p1|Yabyinda|preschooler|1231\n|player|p2|wyverbal|169|1162\n|teamsize|p1|6\n|teamsize|p2|6\n|gen|9\n|tier|[Gen 9] OU\n|rated|\n|rule|Sleep Clause Mod: Limit one foe put to sleep\n|rule|Species Clause: Limit one of each Pok\u00e9mon\n|rule|OHKO Clause: OHKO moves are banned\n|rule|Evasion Items Clause: Evasion items are banned\n|rule|Evasion Moves Clause: Evasion moves are banned\n|rule|Endless Battle Clause: Forcing endless battles is banned\n|rule|HP Percentage Mod: HP is shown in percentages\n|clearpoke\n|poke|p1|Kleavor, F|\n|poke|p1|Moltres|\n|poke|p1|Weavile, F|\n|poke|p1|Hoopa-Unbound|\n|poke|p1|Sneasler, F|\n|poke|p1|Clodsire, M|\n|poke|p2|Armarouge, M|\n|poke|p2|Revavroom, M|\n|poke|p2|Veluza, F|\n|poke|p2|Chesnaught, F|\n|poke|p2|Braviary-Hisui, M|\n|poke|p2|Scizor, F|\n|teampreview\n|inactive|Battle timer is ON: inactive players will automatically lose when time's up. (requested by wyverbal)\n|\n|t:|1700115028\n|start\n|switch|p1a: Kleavor|Kleavor, F|100\/100\n|switch|p2a: Veluza|Veluza, F, shiny|100\/100\n|-ability|p2a: Veluza|Mold Breaker\n|turn|1\n|\n|t:|1700115036\n|move|p2a: Veluza|Flip Turn|p1a: Kleavor\n|-supereffective|p1a: Kleavor\n|-damage|p1a: Kleavor|45\/100\n|\n|t:|1700115045\n|switch|p2a: Scizor|Scizor, F, shiny|100\/100|[from] Flip Turn\n|move|p1a: Kleavor|U-turn|p2a: Scizor\n|-resisted|p2a: Scizor\n|-damage|p2a: Scizor|80\/100\n|\n|t:|1700115063\n|switch|p1a: Moltres|Moltres|100\/100|[from] U-turn\n|\n|upkeep\n|turn|2\n|\n|t:|1700115074\n|switch|p2a: Armarouge|Armarouge, M, shiny|100\/100\n|move|p1a: Moltres|Flamethrower|p2a: Armarouge\n|-start|p2a: Armarouge|ability: Flash Fire\n|\n|upkeep\n|turn|3\n|\n|t:|1700115083\n|move|p1a: Moltres|Hurricane|p2a: Armarouge\n|-damage|p2a: Armarouge|34\/100\n|move|p2a: Armarouge|Psyshock|p1a: Moltres\n|-damage|p1a: Moltres|48\/100\n|\n|upkeep\n|turn|4\n|\n|t:|1700115092\n|move|p1a: Moltres|U-turn|p2a: Armarouge\n|-damage|p2a: Armarouge|21\/100\n|\n|t:|1700115094\n|switch|p1a: Weavile|Weavile, F|100\/100|[from] U-turn\n|move|p2a: Armarouge|Armor Cannon|p1a: Weavile\n|-supereffective|p1a: Weavile\n|-damage|p1a: Weavile|0 fnt\n|-unboost|p2a: Armarouge|def|1\n|-unboost|p2a: Armarouge|spd|1\n|faint|p1a: Weavile\n|\n|upkeep\n|\n|t:|1700115107\n|switch|p1a: Kleavor|Kleavor, F|45\/100\n|turn|5\n|\n|t:|1700115114\n|-end|p2a: Armarouge|ability: Flash Fire|[silent]\n|switch|p2a: Scizor|Scizor, F, shiny|80\/100\n|move|p1a: Kleavor|Stone Axe|p2a: Scizor\n|-damage|p2a: Scizor|25\/100\n|-sidestart|p2: wyverbal|move: Stealth Rock\n|-enditem|p2a: Scizor|Sitrus Berry|[eat]\n|-heal|p2a: Scizor|50\/100|[from] item: Sitrus Berry\n|\n|upkeep\n|turn|6\n|\n|t:|1700115122\n|move|p1a: Kleavor|Stone Axe|p2a: Scizor\n|-damage|p2a: Scizor|2\/100\n|move|p2a: Scizor|Thief|p1a: Kleavor\n|-damage|p1a: Kleavor|0 fnt\n|-enditem|p1a: Kleavor|Focus Sash|[silent]|[from] move: Thief|[of] p2a: Scizor\n|-item|p2a: Scizor|Focus Sash|[from] move: Thief|[of] p1a: Kleavor\n|faint|p1a: Kleavor\n|\n|upkeep\n|\n|t:|1700115135\n|switch|p1a: Moltres|Moltres|48\/100\n|turn|7\n|\n|t:|1700115147\n|switch|p2a: Braviary|Braviary-Hisui, M, shiny|100\/100\n|move|p1a: Moltres|U-turn|p2a: Braviary\n|-damage|p2a: Braviary|84\/100\n|\n|t:|1700115163\n|switch|p1a: Hoopa|Hoopa-Unbound|100\/100|[from] U-turn\n|\n|upkeep\n|turn|8\n|\n|t:|1700115168\n|move|p1a: Hoopa|Knock Off|p2a: Braviary\n|-supereffective|p2a: Braviary\n|-damage|p2a: Braviary|0 fnt\n|-enditem|p2a: Braviary|Heavy-Duty Boots|[from] move: Knock Off|[of] p1a: Hoopa\n|faint|p2a: Braviary\n|\n|upkeep\n|\n|t:|1700115184\n|switch|p2a: Revavroom|Revavroom, M, shiny|100\/100\n|-damage|p2a: Revavroom|95\/100|[from] Stealth Rock\n|-item|p2a: Revavroom|Air Balloon\n|turn|9\n|\n|t:|1700115194\n|switch|p1a: good boi|Clodsire, M, shiny|100\/100\n|move|p2a: Revavroom|Shift Gear|p2a: Revavroom\n|-boost|p2a: Revavroom|spe|2\n|-boost|p2a: Revavroom|atk|1\n|\n|upkeep\n|turn|10\n|\n|t:|1700115204\n|move|p2a: Revavroom|Iron Head|p1a: good boi\n|-damage|p1a: good boi|52\/100\n|move|p1a: good boi|Stone Edge|p2a: Revavroom\n|-resisted|p2a: Revavroom\n|-damage|p2a: Revavroom|83\/100\n|-enditem|p2a: Revavroom|Air Balloon\n|\n|-heal|p1a: good boi|58\/100|[from] item: Leftovers\n|upkeep\n|turn|11\n|\n|t:|1700115210\n|move|p2a: Revavroom|High Horsepower|p1a: good boi\n|-supereffective|p1a: good boi\n|-damage|p1a: good boi|0 fnt\n|faint|p1a: good boi\n|\n|upkeep\n|\n|t:|1700115218\n|switch|p1a: Moltres|Moltres|48\/100\n|turn|12\n|\n|t:|1700115223\n|move|p2a: Revavroom|Poison Jab|p1a: Moltres\n|-damage|p1a: Moltres|0 fnt\n|faint|p1a: Moltres\n|\n|upkeep\n|\n|t:|1700115252\n|switch|p1a: Hoopa|Hoopa-Unbound|100\/100\n|turn|13\n|\n|t:|1700115261\n|move|p2a: Revavroom|Iron Head|p1a: Hoopa\n|-damage|p1a: Hoopa|0 fnt\n|faint|p1a: Hoopa\n|\n|upkeep\n|-message|Yabyinda forfeited.\n|\n|win|wyverbal\n|raw|Yabyinda's rating: 1231 &rarr; <strong>1201<\/strong><br \/>(-30 for losing)\n|raw|wyverbal's rating: 1162 &rarr; <strong>1192<\/strong><br \/>(+30 for winning)\n|l|\u2606Yabyinda\n","uploadtime":1700115268,"views":7,"p1id":"yabyinda","p2id":"wyverbal","formatid":"gen9ou","rating":1192,"private":0,"password":""}