{"id":"gen9ou-1997748859","p1":"interceptor_xwing","p2":"sampleteamchump","format":"[Gen 9] OU","log":"|j|\u2606interceptor_xwing\n|j|\u2606sampleteamchump\n|t:|1700848542\n|gametype|singles\n|player|p1|interceptor_xwing|102|1434\n|player|p2|sampleteamchump|schoolkid-gen4|1494\n|teamsize|p1|6\n|teamsize|p2|6\n|gen|9\n|tier|[Gen 9] OU\n|rated|\n|rule|Sleep Clause Mod: Limit one foe put to sleep\n|rule|Species Clause: Limit one of each Pok\u00e9mon\n|rule|OHKO Clause: OHKO moves are banned\n|rule|Evasion Items Clause: Evasion items are banned\n|rule|Evasion Moves Clause: Evasion moves are banned\n|rule|Endless Battle Clause: Forcing endless battles is banned\n|rule|HP Percentage Mod: HP is shown in percentages\n|clearpoke\n|poke|p1|Samurott-Hisui, M|\n|poke|p1|Dragapult, M|\n|poke|p1|Corviknight, M|\n|poke|p1|Breloom, F|\n|poke|p1|Enamorus, F|\n|poke|p1|Garchomp, M|\n|poke|p2|Iron Valiant|\n|poke|p2|Ogerpon, F|\n|poke|p2|Heatran, M|\n|poke|p2|Alomomola, M|\n|poke|p2|Kingambit, F|\n|poke|p2|Great Tusk|\n|teampreview\n|\n|t:|1700848559\n|start\n|switch|p1a: Samurott|Samurott-Hisui, M|100\/100\n|switch|p2a: Ogerpon|Ogerpon, F|100\/100\n|turn|1\n|\n|t:|1700848587\n|switch|p1a: Corviknight|Corviknight, M|100\/100\n|-ability|p1a: Corviknight|Pressure\n|move|p2a: Ogerpon|Spikes|p1a: Corviknight\n|-sidestart|p1: interceptor_xwing|Spikes\n|\n|upkeep\n|turn|2\n|\n|t:|1700848598\n|switch|p2a: Heatran|Heatran, M|100\/100\n|move|p1a: Corviknight|Defog|p2a: Heatran\n|-unboost|p2a: Heatran|evasion|1\n|-sideend|p1: interceptor_xwing|Spikes|[from] move: Defog|[of] p1a: Corviknight\n|\n|upkeep\n|turn|3\n|\n|t:|1700848605\n|switch|p1a: Samurott|Samurott-Hisui, M|100\/100\n|move|p2a: Heatran|Will-O-Wisp|p1a: Samurott|[miss]\n|-miss|p2a: Heatran|p1a: Samurott\n|\n|upkeep\n|turn|4\n|\n|t:|1700848611\n|switch|p2a: Ogerpon|Ogerpon, F|100\/100\n|move|p1a: Samurott|Ceaseless Edge|p2a: Ogerpon\n|-damage|p2a: Ogerpon|49\/100\n|-sidestart|p2: sampleteamchump|Spikes\n|\n|upkeep\n|turn|5\n|\n|t:|1700848617\n|switch|p1a: Corviknight|Corviknight, M|100\/100\n|-ability|p1a: Corviknight|Pressure\n|move|p2a: Ogerpon|Horn Leech|p1a: Corviknight\n|-resisted|p1a: Corviknight\n|-damage|p1a: Corviknight|96\/100\n|-heal|p2a: Ogerpon|52\/100|[from] drain|[of] p1a: Corviknight\n|-damage|p2a: Ogerpon|35\/100|[from] item: Rocky Helmet|[of] p1a: Corviknight\n|\n|upkeep\n|turn|6\n|\n|t:|1700848633\n|switch|p2a: Alomomola|Alomomola, M|100\/100\n|move|p1a: Corviknight|U-turn|p2a: Alomomola\n|-damage|p2a: Alomomola|92\/100\n|\n|t:|1700848640\n|switch|p1a: Breloom|Breloom, F|100\/100|[from] U-turn\n|\n|upkeep\n|turn|7\n|\n|t:|1700848653\n|switch|p2a: Ogerpon|Ogerpon, F|35\/100\n|move|p1a: Breloom|Bullet Seed|p2a: Ogerpon\n|-resisted|p2a: Ogerpon\n|-damage|p2a: Ogerpon|23\/100\n|-resisted|p2a: Ogerpon\n|-damage|p2a: Ogerpon|11\/100\n|-resisted|p2a: Ogerpon\n|-damage|p2a: Ogerpon|0 fnt\n|faint|p2a: Ogerpon\n|-hitcount|p2: Ogerpon|3\n|\n|upkeep\n|\n|t:|1700848664\n|switch|p2a: Iron Valiant|Iron Valiant|100\/100\n|-damage|p2a: Iron Valiant|88\/100|[from] Spikes\n|turn|8\n|\n|t:|1700848669\n|switch|p1a: Corviknight|Corviknight, M|96\/100\n|-ability|p1a: Corviknight|Pressure\n|move|p2a: Iron Valiant|Moonblast|p1a: Corviknight\n|-resisted|p1a: Corviknight\n|-damage|p1a: Corviknight|75\/100\n|-unboost|p1a: Corviknight|spa|1\n|\n|upkeep\n|turn|9\n|\n|t:|1700848676\n|-end|p2a: Iron Valiant|Quark Drive|[silent]\n|switch|p2a: Heatran|Heatran, M|100\/100\n|-damage|p2a: Heatran|88\/100|[from] Spikes\n|move|p1a: Corviknight|Brave Bird|p2a: Heatran\n|-resisted|p2a: Heatran\n|-damage|p2a: Heatran|73\/100\n|-damage|p1a: Corviknight|70\/100|[from] Recoil\n|\n|-heal|p2a: Heatran|79\/100|[from] item: Leftovers\n|upkeep\n|turn|10\n|\n|t:|1700848681\n|switch|p1a: Samurott|Samurott-Hisui, M|100\/100\n|move|p2a: Heatran|Will-O-Wisp|p1a: Samurott\n|-status|p1a: Samurott|brn\n|\n|-heal|p2a: Heatran|85\/100|[from] item: Leftovers\n|-damage|p1a: Samurott|94\/100 brn|[from] brn\n|upkeep\n|turn|11\n|\n|t:|1700848708\n|switch|p2a: Alomomola|Alomomola, M|100\/100\n|move|p1a: Samurott|Aqua Cutter|p2a: Alomomola\n|-resisted|p2a: Alomomola\n|-damage|p2a: Alomomola|93\/100\n|\n|-damage|p1a: Samurott|88\/100 brn|[from] brn\n|upkeep\n|turn|12\n|\n|t:|1700848714\n|move|p1a: Samurott|Ceaseless Edge|p2a: Alomomola\n|-damage|p2a: Alomomola|81\/100\n|-sidestart|p2: sampleteamchump|Spikes\n|move|p2a: Alomomola|Flip Turn|p1a: Samurott\n|-resisted|p1a: Samurott\n|-damage|p1a: Samurott|80\/100 brn\n|\n|t:|1700848718\n|switch|p2a: Iron Valiant|Iron Valiant|88\/100|[from] Flip Turn\n|-damage|p2a: Iron Valiant|71\/100|[from] Spikes\n|\n|-damage|p1a: Samurott|74\/100 brn|[from] brn\n|upkeep\n|turn|13\n|c|\u2606sampleteamchump|so how's it going\n|\n|t:|1700848779\n|move|p2a: Iron Valiant|Moonblast|p1a: Samurott\n|-supereffective|p1a: Samurott\n|-damage|p1a: Samurott|9\/100 brn\n|move|p1a: Samurott|Aqua Cutter|p2a: Iron Valiant\n|-damage|p2a: Iron Valiant|38\/100\n|\n|-damage|p1a: Samurott|3\/100 brn|[from] brn\n|upkeep\n|turn|14\n|\n|t:|1700848808\n|-end|p2a: Iron Valiant|Quark Drive|[silent]\n|switch|p2a: Alomomola|Alomomola, M|100\/100\n|move|p1a: Samurott|Aqua Jet|p2a: Alomomola\n|-resisted|p2a: Alomomola\n|-crit|p2a: Alomomola\n|-damage|p2a: Alomomola|97\/100\n|\n|-damage|p1a: Samurott|0 fnt|[from] brn\n|faint|p1a: Samurott\n|upkeep\n|\n|t:|1700848813\n|switch|p1a: Breloom|Breloom, F|100\/100\n|turn|15\n|\n|t:|1700848823\n|move|p2a: Alomomola|Protect|p2a: Alomomola\n|-singleturn|p2a: Alomomola|Protect\n|move|p1a: Breloom|Spore|p2a: Alomomola\n|-activate|p2a: Alomomola|move: Protect\n|\n|upkeep\n|turn|16\n|\n|t:|1700848841\n|move|p1a: Breloom|Bullet Seed|p2a: Alomomola\n|-supereffective|p2a: Alomomola\n|-damage|p2a: Alomomola|74\/100\n|-supereffective|p2a: Alomomola\n|-damage|p2a: Alomomola|53\/100\n|-supereffective|p2a: Alomomola\n|-damage|p2a: Alomomola|29\/100\n|-supereffective|p2a: Alomomola\n|-crit|p2a: Alomomola\n|-damage|p2a: Alomomola|0 fnt\n|faint|p2a: Alomomola\n|-hitcount|p2: Alomomola|4\n|\n|upkeep\n|\n|t:|1700848852\n|switch|p2a: Iron Valiant|Iron Valiant|38\/100\n|-damage|p2a: Iron Valiant|22\/100|[from] Spikes\n|turn|17\n|\n|t:|1700848858\n|switch|p1a: Corviknight|Corviknight, M|70\/100\n|-ability|p1a: Corviknight|Pressure\n|move|p2a: Iron Valiant|Moonblast|p1a: Corviknight\n|-resisted|p1a: Corviknight\n|-damage|p1a: Corviknight|52\/100\n|-unboost|p1a: Corviknight|spa|1\n|\n|upkeep\n|turn|18\n|\n|t:|1700848868\n|-end|p2a: Iron Valiant|Quark Drive|[silent]\n|switch|p2a: Heatran|Heatran, M|85\/100\n|-damage|p2a: Heatran|69\/100|[from] Spikes\n|move|p1a: Corviknight|Roost|p1a: Corviknight\n|-heal|p1a: Corviknight|100\/100\n|-singleturn|p1a: Corviknight|move: Roost\n|\n|-heal|p2a: Heatran|75\/100|[from] item: Leftovers\n|upkeep\n|turn|19\n|\n|t:|1700848874\n|switch|p1a: Garchomp|Garchomp, M|100\/100\n|move|p2a: Heatran|Taunt|p1a: Garchomp\n|-start|p1a: Garchomp|move: Taunt\n|\n|-heal|p2a: Heatran|81\/100|[from] item: Leftovers\n|upkeep\n|turn|20\n|\n|t:|1700848883\n|switch|p2a: Great Tusk|Great Tusk|100\/100\n|-damage|p2a: Great Tusk|84\/100|[from] Spikes\n|move|p1a: Garchomp|Earthquake|p2a: Great Tusk\n|-damage|p2a: Great Tusk|50\/100\n|-damage|p1a: Garchomp|91\/100|[from] item: Life Orb\n|\n|-heal|p2a: Great Tusk|56\/100|[from] item: Leftovers\n|upkeep\n|turn|21\n|\n|t:|1700848900\n|move|p1a: Garchomp|Scale Shot|p2a: Great Tusk\n|-damage|p2a: Great Tusk|48\/100\n|-damage|p2a: Great Tusk|40\/100\n|-damage|p2a: Great Tusk|31\/100\n|-hitcount|p2a: Great Tusk|3\n|-unboost|p1a: Garchomp|def|1\n|-boost|p1a: Garchomp|spe|1\n|-damage|p1a: Garchomp|81\/100|[from] item: Life Orb\n|move|p2a: Great Tusk|Stealth Rock|p1a: Garchomp\n|-sidestart|p1: interceptor_xwing|move: Stealth Rock\n|\n|-heal|p2a: Great Tusk|38\/100|[from] item: Leftovers\n|-end|p1a: Garchomp|move: Taunt\n|upkeep\n|turn|22\n|\n|t:|1700848909\n|move|p1a: Garchomp|Earthquake|p2a: Great Tusk\n|-damage|p2a: Great Tusk|8\/100\n|-damage|p1a: Garchomp|71\/100|[from] item: Life Orb\n|move|p2a: Great Tusk|Earthquake|p1a: Garchomp\n|-damage|p1a: Garchomp|0 fnt\n|faint|p1a: Garchomp\n|\n|-heal|p2a: Great Tusk|14\/100|[from] item: Leftovers\n|upkeep\n|\n|t:|1700848927\n|switch|p1a: Enamorus|Enamorus, F|100\/100\n|-damage|p1a: Enamorus|76\/100|[from] Stealth Rock\n|turn|23\n|\n|t:|1700848943\n|move|p1a: Enamorus|Earth Power|p2a: Great Tusk\n|-damage|p2a: Great Tusk|0 fnt\n|faint|p2a: Great Tusk\n|-end|p2a: Great Tusk|Protosynthesis|[silent]\n|\n|upkeep\n|\n|t:|1700848949\n|switch|p2a: Iron Valiant|Iron Valiant|22\/100\n|-damage|p2a: Iron Valiant|5\/100|[from] Spikes\n|turn|24\n|\n|t:|1700848956\n|switch|p1a: Corviknight|Corviknight, M|100\/100\n|-damage|p1a: Corviknight|88\/100|[from] Stealth Rock\n|-ability|p1a: Corviknight|Pressure\n|move|p2a: Iron Valiant|Close Combat|p1a: Corviknight\n|-damage|p1a: Corviknight|55\/100\n|-unboost|p2a: Iron Valiant|def|1\n|-unboost|p2a: Iron Valiant|spd|1\n|-damage|p2a: Iron Valiant|0 fnt|[from] item: Rocky Helmet|[of] p1a: Corviknight\n|faint|p2a: Iron Valiant\n|-end|p2a: Iron Valiant|Quark Drive|[silent]\n|\n|upkeep\n|inactive|Battle timer is ON: inactive players will automatically lose when time's up. (requested by interceptor_xwing)\n|\n|t:|1700848977\n|switch|p2a: Heatran|Heatran, M|81\/100\n|-damage|p2a: Heatran|65\/100|[from] Spikes\n|turn|25\n|\n|t:|1700848983\n|move|p2a: Heatran|Will-O-Wisp|p1a: Corviknight\n|-status|p1a: Corviknight|brn\n|move|p1a: Corviknight|U-turn|p2a: Heatran\n|-resisted|p2a: Heatran\n|-damage|p2a: Heatran|63\/100\n|\n|t:|1700848986\n|switch|p1a: Enamorus|Enamorus, F|76\/100|[from] U-turn\n|-damage|p1a: Enamorus|51\/100|[from] Stealth Rock\n|\n|-heal|p2a: Heatran|70\/100|[from] item: Leftovers\n|upkeep\n|turn|26\n|\n|t:|1700849005\n|move|p1a: Enamorus|Earth Power|p2a: Heatran\n|-supereffective|p2a: Heatran\n|-damage|p2a: Heatran|0 fnt\n|faint|p2a: Heatran\n|\n|upkeep\n|\n|t:|1700849007\n|switch|p2a: Kingambit|Kingambit, F|100\/100\n|-damage|p2a: Kingambit|84\/100|[from] Spikes\n|-activate|p2a: Kingambit|ability: Supreme Overlord\n|-start|p2a: Kingambit|fallen5|[silent]\n|turn|27\n|\n|t:|1700849025\n|-terastallize|p2a: Kingambit|Dark\n|move|p2a: Kingambit|Sucker Punch|p1a: Enamorus\n|-resisted|p1a: Enamorus\n|-damage|p1a: Enamorus|0 fnt\n|faint|p1a: Enamorus\n|\n|-heal|p2a: Kingambit|90\/100|[from] item: Leftovers\n|upkeep\n|\n|t:|1700849028\n|switch|p1a: Corviknight|Corviknight, M|55\/100 brn\n|-damage|p1a: Corviknight|42\/100 brn|[from] Stealth Rock\n|-ability|p1a: Corviknight|Pressure\n|turn|28\n|\n|t:|1700849037\n|move|p2a: Kingambit|Kowtow Cleave|p1a: Corviknight\n|-damage|p1a: Corviknight|0 fnt\n|-damage|p2a: Kingambit|74\/100|[from] item: Rocky Helmet|[of] p1a: Corviknight\n|faint|p1a: Corviknight\n|\n|-heal|p2a: Kingambit|80\/100|[from] item: Leftovers\n|upkeep\n|\n|t:|1700849040\n|switch|p1a: Breloom|Breloom, F|100\/100\n|-damage|p1a: Breloom|94\/100|[from] Stealth Rock\n|turn|29\n|\n|t:|1700849047\n|-terastallize|p1a: Breloom|Fighting\n|move|p1a: Breloom|Mach Punch|p2a: Kingambit\n|-supereffective|p2a: Kingambit\n|-damage|p2a: Kingambit|9\/100\n|move|p2a: Kingambit|Iron Head|p1a: Breloom\n|-damage|p1a: Breloom|0 fnt\n|faint|p1a: Breloom\n|\n|-heal|p2a: Kingambit|15\/100|[from] item: Leftovers\n|upkeep\n|\n|t:|1700849053\n|switch|p1a: Dragapult|Dragapult, M|100\/100\n|-damage|p1a: Dragapult|88\/100|[from] Stealth Rock\n|turn|30\n|\n|t:|1700849059\n|move|p2a: Kingambit|Sucker Punch|p1a: Dragapult\n|-supereffective|p1a: Dragapult\n|-damage|p1a: Dragapult|0 fnt\n|faint|p1a: Dragapult\n|\n|win|sampleteamchump\n|raw|interceptor_xwing's rating: 1434 &rarr; <strong>1417<\/strong><br \/>(-17 for losing)\n|raw|sampleteamchump's rating: 1494 &rarr; <strong>1511<\/strong><br \/>(+17 for winning)\n|c|\u2606interceptor_xwing|gg\n|c|\u2606sampleteamchump|gg\n|c|\u2606sampleteamchump|ban gambit\n|l|\u2606interceptor_xwing\n","uploadtime":1700849073,"views":4,"p1id":"interceptorxwing","p2id":"sampleteamchump","formatid":"gen9ou","rating":1417,"private":0,"password":""}