{"id":"gen9ou-1991197532","p1":"lecrafta","p2":"ochoagenalyn","format":"[Gen 9] OU","log":"|j|\u2606lecrafta\n|j|\u2606ochoagenalyn\n|t:|1700056153\n|gametype|singles\n|player|p1|lecrafta|unknown|1330\n|player|p2|ochoagenalyn|1|1435\n|teamsize|p1|6\n|teamsize|p2|6\n|gen|9\n|tier|[Gen 9] OU\n|rated|\n|rule|Sleep Clause Mod: Limit one foe put to sleep\n|rule|Species Clause: Limit one of each Pok\u00e9mon\n|rule|OHKO Clause: OHKO moves are banned\n|rule|Evasion Items Clause: Evasion items are banned\n|rule|Evasion Moves Clause: Evasion moves are banned\n|rule|Endless Battle Clause: Forcing endless battles is banned\n|rule|HP Percentage Mod: HP is shown in percentages\n|clearpoke\n|poke|p1|Ogerpon-Wellspring, F|\n|poke|p1|Noivern, M|\n|poke|p1|Greninja-*, M|\n|poke|p1|Enamorus, F|\n|poke|p1|Scizor, F|\n|poke|p1|Great Tusk|\n|poke|p2|Manaphy|\n|poke|p2|Kingambit, F|\n|poke|p2|Ribombee, F|\n|poke|p2|Gholdengo|\n|poke|p2|Iron Moth|\n|poke|p2|Ogerpon-Wellspring, F|\n|teampreview\n|inactive|Battle timer is ON: inactive players will automatically lose when time's up. (requested by lecrafta)\n|\n|t:|1700056166\n|start\n|switch|p1a: Noivern|Noivern, M, shiny|100\/100\n|switch|p2a: Robombee|Ribombee, F, shiny|100\/100\n|turn|1\n|\n|t:|1700056174\n|move|p2a: Robombee|Sticky Web|p1a: Noivern\n|-sidestart|p1: lecrafta|move: Sticky Web\n|move|p1a: Noivern|Hurricane|p2a: Robombee\n|-supereffective|p2a: Robombee\n|-crit|p2a: Robombee\n|-enditem|p2a: Robombee|Focus Sash\n|-damage|p2a: Robombee|1\/100\n|\n|upkeep\n|turn|2\n|\n|t:|1700056181\n|move|p2a: Robombee|Moonblast|p1a: Noivern\n|-supereffective|p1a: Noivern\n|-damage|p1a: Noivern|0 fnt\n|faint|p1a: Noivern\n|\n|upkeep\n|\n|t:|1700056184\n|switch|p1a: Great Tusk|Great Tusk, shiny|100\/100\n|-activate|p1a: Great Tusk|move: Sticky Web\n|-unboost|p1a: Great Tusk|spe|1\n|turn|3\n|\n|t:|1700056206\n|move|p2a: Robombee|Moonblast|p1a: Great Tusk\n|-supereffective|p1a: Great Tusk\n|-damage|p1a: Great Tusk|31\/100\n|move|p1a: Great Tusk|Rapid Spin|p2a: Robombee\n|-damage|p2a: Robombee|0 fnt\n|-boost|p1a: Great Tusk|spe|1\n|-sideend|p1: lecrafta|Sticky Web|[from] move: Rapid Spin|[of] p1a: Great Tusk\n|faint|p2a: Robombee\n|\n|upkeep\n|\n|t:|1700056213\n|switch|p2a: Imoth|Iron Moth|100\/100\n|-enditem|p2a: Imoth|Booster Energy\n|-activate|p2a: Imoth|ability: Quark Drive|[fromitem]\n|-start|p2a: Imoth|quarkdrivespe\n|turn|4\n|\n|t:|1700056219\n|move|p2a: Imoth|Fiery Dance|p1a: Great Tusk\n|-damage|p1a: Great Tusk|0 fnt\n|-boost|p2a: Imoth|spa|1\n|faint|p1a: Great Tusk\n|-end|p1a: Great Tusk|Protosynthesis|[silent]\n|\n|upkeep\n|inactive|lecrafta has 120 seconds left.\n|\n|t:|1700056279\n|switch|p1a: Greninja|Greninja, M|100\/100\n|turn|5\n|\n|t:|1700056288\n|-terastallize|p2a: Imoth|Fairy\n|-terastallize|p1a: Greninja|Grass\n|move|p2a: Imoth|Dazzling Gleam|p1a: Greninja\n|-damage|p1a: Greninja|0 fnt\n|faint|p1a: Greninja\n|\n|upkeep\n|\n|t:|1700056294\n|switch|p1a: Scizor|Scizor, F, shiny|100\/100\n|turn|6\n|\n|t:|1700056302\n|-end|p2a: Imoth|Quark Drive|[silent]\n|switch|p2a: Manaphy|Manaphy|100\/100\n|move|p1a: Scizor|Bullet Punch|p2a: Manaphy\n|-resisted|p2a: Manaphy\n|-damage|p2a: Manaphy|74\/100\n|\n|-heal|p2a: Manaphy|80\/100|[from] item: Leftovers\n|upkeep\n|turn|7\n|\n|t:|1700056316\n|switch|p1a: Ogerpon|Ogerpon-Wellspring, F|100\/100\n|move|p2a: Manaphy|Acid Armor|p2a: Manaphy\n|-boost|p2a: Manaphy|def|2\n|\n|-heal|p2a: Manaphy|86\/100|[from] item: Leftovers\n|upkeep\n|turn|8\n|\n|t:|1700056320\n|move|p1a: Ogerpon|Wood Hammer|p2a: Manaphy\n|-supereffective|p2a: Manaphy\n|-damage|p2a: Manaphy|25\/100\n|-damage|p1a: Ogerpon|76\/100|[from] Recoil\n|move|p2a: Manaphy|Acid Armor|p2a: Manaphy\n|-boost|p2a: Manaphy|def|2\n|\n|-heal|p2a: Manaphy|31\/100|[from] item: Leftovers\n|upkeep\n|turn|9\n|\n|t:|1700056332\n|move|p1a: Ogerpon|Wood Hammer|p2a: Manaphy\n|-supereffective|p2a: Manaphy\n|-crit|p2a: Manaphy\n|-damage|p2a: Manaphy|0 fnt\n|faint|p2a: Manaphy\n|-damage|p1a: Ogerpon|64\/100|[from] Recoil\n|\n|upkeep\n|\n|t:|1700056343\n|switch|p2a: Goldengo|Gholdengo|100\/100\n|-item|p2a: Goldengo|Air Balloon\n|turn|10\n|\n|t:|1700056348\n|move|p1a: Ogerpon|U-turn|p2a: Goldengo\n|-resisted|p2a: Goldengo\n|-damage|p2a: Goldengo|94\/100\n|-enditem|p2a: Goldengo|Air Balloon\n|\n|t:|1700056351\n|switch|p1a: Enamorus|Enamorus, F, shiny|100\/100|[from] U-turn\n|move|p2a: Goldengo|Shadow Ball|p1a: Enamorus\n|-damage|p1a: Enamorus|39\/100\n|\n|upkeep\n|turn|11\n|\n|t:|1700056361\n|switch|p2a: Ogrepon W|Ogerpon-Wellspring, F|100\/100\n|move|p1a: Enamorus|Earth Power|p2a: Ogrepon W\n|-resisted|p2a: Ogrepon W\n|-damage|p2a: Ogrepon W|83\/100\n|\n|upkeep\n|turn|12\n|\n|t:|1700056369\n|move|p2a: Ogrepon W|Swords Dance|p2a: Ogrepon W\n|-boost|p2a: Ogrepon W|atk|2\n|move|p1a: Enamorus|Moonblast|p2a: Ogrepon W\n|-damage|p2a: Ogrepon W|26\/100\n|\n|upkeep\n|turn|13\n|\n|t:|1700056377\n|move|p2a: Ogrepon W|Ivy Cudgel|p1a: Enamorus|[anim] Ivy Cudgel Water\n|-damage|p1a: Enamorus|0 fnt\n|faint|p1a: Enamorus\n|\n|upkeep\n|\n|t:|1700056386\n|switch|p1a: Scizor|Scizor, F, shiny|100\/100\n|turn|14\n|\n|t:|1700056390\n|move|p1a: Scizor|Bullet Punch|p2a: Ogrepon W\n|-resisted|p2a: Ogrepon W\n|-damage|p2a: Ogrepon W|0 fnt\n|faint|p2a: Ogrepon W\n|\n|upkeep\n|\n|t:|1700056397\n|switch|p2a: Kingambit|Kingambit, F|100\/100\n|-activate|p2a: Kingambit|ability: Supreme Overlord\n|-start|p2a: Kingambit|fallen3|[silent]\n|turn|15\n|\n|t:|1700056402\n|switch|p1a: Ogerpon|Ogerpon-Wellspring, F|64\/100\n|move|p2a: Kingambit|Kowtow Cleave|p1a: Ogerpon\n|-damage|p1a: Ogerpon|0 fnt\n|faint|p1a: Ogerpon\n|\n|upkeep\n|\n|t:|1700056405\n|switch|p1a: Scizor|Scizor, F, shiny|100\/100\n|turn|16\n|\n|t:|1700056415\n|move|p2a: Kingambit|Sucker Punch|p1a: Scizor\n|-damage|p1a: Scizor|36\/100\n|move|p1a: Scizor|Bullet Punch|p2a: Kingambit\n|-resisted|p2a: Kingambit\n|-damage|p2a: Kingambit|79\/100\n|\n|upkeep\n|turn|17\n|\n|t:|1700056420\n|move|p2a: Kingambit|Sucker Punch|p1a: Scizor\n|-crit|p1a: Scizor\n|-damage|p1a: Scizor|0 fnt\n|faint|p1a: Scizor\n|\n|win|ochoagenalyn\n|raw|lecrafta's rating: 1330 &rarr; <strong>1316<\/strong><br \/>(-14 for losing)\n|raw|ochoagenalyn's rating: 1435 &rarr; <strong>1449<\/strong><br \/>(+14 for winning)\n|l|\u2606lecrafta\n","uploadtime":1700056435,"views":9,"p1id":"lecrafta","p2id":"ochoagenalyn","formatid":"gen9ou","rating":1316,"private":0,"password":""}