{"id":"gen9ou-1999538627","p1":"Baiayuri123","p2":"LadyZoroark","format":"[Gen 9] OU","log":"|j|\u2606Baiayuri123\n|j|\u2606LadyZoroark\n|t:|1701093958\n|gametype|singles\n|player|p1|Baiayuri123|steven|1044\n|player|p2|LadyZoroark|maid|1130\n|teamsize|p1|6\n|teamsize|p2|6\n|gen|9\n|tier|[Gen 9] OU\n|rated|\n|rule|Sleep Clause Mod: Limit one foe put to sleep\n|rule|Species Clause: Limit one of each Pok\u00e9mon\n|rule|OHKO Clause: OHKO moves are banned\n|rule|Evasion Items Clause: Evasion items are banned\n|rule|Evasion Moves Clause: Evasion moves are banned\n|rule|Endless Battle Clause: Forcing endless battles is banned\n|rule|HP Percentage Mod: HP is shown in percentages\n|clearpoke\n|poke|p1|Hoopa-Unbound|\n|poke|p1|Thundurus-Therian, M|\n|poke|p1|Chandelure, M|\n|poke|p1|Vikavolt, M|\n|poke|p1|Iron Moth|\n|poke|p1|Enamorus, F|\n|poke|p2|Mew|\n|poke|p2|Zoroark-Hisui, F|\n|poke|p2|Kingambit, M|\n|poke|p2|Iron Valiant|\n|poke|p2|Hatterene, F|\n|poke|p2|Cinderace, F|\n|teampreview\n|inactive|Battle timer is ON: inactive players will automatically lose when time's up. (requested by Baiayuri123)\n|\n|t:|1701093967\n|start\n|switch|p1a: Vikavolt|Vikavolt, M, shiny|100\/100\n|switch|p2a: Mew|Mew|100\/100\n|turn|1\n|\n|t:|1701093982\n|move|p2a: Mew|Stealth Rock|p1a: Vikavolt\n|-sidestart|p1: Baiayuri123|move: Stealth Rock\n|move|p1a: Vikavolt|Sticky Web|p2a: Mew\n|-sidestart|p2: LadyZoroark|move: Sticky Web\n|\n|upkeep\n|turn|2\n|\n|t:|1701093996\n|move|p2a: Mew|Knock Off|p1a: Vikavolt\n|-damage|p1a: Vikavolt|76\/100\n|-enditem|p1a: Vikavolt|Life Orb|[from] move: Knock Off|[of] p2a: Mew\n|move|p1a: Vikavolt|Thunderbolt|p2a: Mew\n|-damage|p2a: Mew|65\/100\n|\n|upkeep\n|turn|3\n|\n|t:|1701094005\n|move|p2a: Mew|Light Screen|p2a: Mew\n|-sidestart|p2: LadyZoroark|move: Light Screen\n|move|p1a: Vikavolt|Thunderbolt|p2a: Mew\n|-damage|p2a: Mew|48\/100\n|\n|upkeep\n|turn|4\n|\n|t:|1701094013\n|move|p2a: Mew|Knock Off|p1a: Vikavolt\n|-damage|p1a: Vikavolt|59\/100\n|move|p1a: Vikavolt|Thunderbolt|p2a: Mew\n|-damage|p2a: Mew|31\/100\n|\n|upkeep\n|turn|5\n|\n|t:|1701094023\n|switch|p2a: Hatterene|Hatterene, F|100\/100\n|-activate|p2a: Hatterene|move: Sticky Web\n|-unboost|p2a: Hatterene|spe|1\n|move|p1a: Vikavolt|Thunderbolt|p2a: Hatterene\n|-damage|p2a: Hatterene|82\/100\n|\n|upkeep\n|turn|6\n|\n|t:|1701094033\n|move|p1a: Vikavolt|Poison Jab|p2a: Hatterene\n|-supereffective|p2a: Hatterene\n|-damage|p2a: Hatterene|50\/100\n|move|p2a: Hatterene|Mystical Fire|p1a: Vikavolt\n|-supereffective|p1a: Vikavolt\n|-damage|p1a: Vikavolt|0 fnt\n|faint|p1a: Vikavolt\n|\n|upkeep\n|\n|t:|1701094058\n|switch|p1a: Iron Moth|Iron Moth|100\/100\n|-damage|p1a: Iron Moth|76\/100|[from] Stealth Rock\n|-enditem|p1a: Iron Moth|Booster Energy\n|-activate|p1a: Iron Moth|ability: Quark Drive|[fromitem]\n|-start|p1a: Iron Moth|quarkdrivespa\n|turn|7\n|\n|t:|1701094071\n|move|p1a: Iron Moth|Flash Cannon|p2a: Hatterene\n|-supereffective|p2a: Hatterene\n|-damage|p2a: Hatterene|22\/100\n|move|p2a: Hatterene|Psychic|p1a: Iron Moth\n|-supereffective|p1a: Iron Moth\n|-damage|p1a: Iron Moth|0 fnt\n|faint|p1a: Iron Moth\n|-end|p1a: Iron Moth|Quark Drive|[silent]\n|\n|-sideend|p2: LadyZoroark|move: Light Screen\n|upkeep\n|\n|t:|1701094078\n|switch|p1a: Enamorus|Enamorus, F, shiny|100\/100\n|-damage|p1a: Enamorus|76\/100|[from] Stealth Rock\n|turn|8\n|\n|t:|1701094088\n|move|p1a: Enamorus|Play Rough|p2a: Hatterene|[miss]\n|-miss|p1a: Enamorus|p2a: Hatterene\n|move|p2a: Hatterene|Dazzling Gleam|p1a: Enamorus\n|-damage|p1a: Enamorus|4\/100\n|\n|upkeep\n|turn|9\n|\n|t:|1701094097\n|move|p1a: Enamorus|Play Rough|p2a: Hatterene\n|-damage|p2a: Hatterene|0 fnt\n|faint|p2a: Hatterene\n|\n|upkeep\n|\n|t:|1701094102\n|switch|p2a: Mew|Mew|31\/100\n|-activate|p2a: Mew|move: Sticky Web\n|-unboost|p2a: Mew|spe|1\n|turn|10\n|\n|t:|1701094108\n|move|p1a: Enamorus|Play Rough|p2a: Mew\n|-crit|p2a: Mew\n|-damage|p2a: Mew|0 fnt\n|-damage|p1a: Enamorus|0 fnt|[from] item: Rocky Helmet|[of] p2a: Mew\n|faint|p2a: Mew\n|faint|p1a: Enamorus\n|\n|upkeep\n|\n|t:|1701094118\n|switch|p1a: Chandelure|Chandelure, M, shiny|100\/100\n|switch|p2a: Iron Valiant|Iron Valiant|100\/100\n|-damage|p1a: Chandelure|76\/100|[from] Stealth Rock\n|-activate|p2a: Iron Valiant|move: Sticky Web\n|-unboost|p2a: Iron Valiant|spe|1\n|turn|11\n|\n|t:|1701094145\n|move|p1a: Chandelure|Flamethrower|p2a: Iron Valiant\n|-enditem|p2a: Iron Valiant|Focus Sash\n|-damage|p2a: Iron Valiant|1\/100\n|replace|p2a: Zora|Zoroark-Hisui, F\n|-end|p2a: Zora|Illusion\n|move|p2a: Zora|Bitter Malice|p1a: Chandelure\n|-supereffective|p1a: Chandelure\n|-damage|p1a: Chandelure|0 fnt\n|faint|p1a: Chandelure\n|\n|upkeep\n|inactive|Baiayuri123 has 120 seconds left.\n|\n|t:|1701094162\n|switch|p1a: Hoopa|Hoopa-Unbound|100\/100\n|-damage|p1a: Hoopa|88\/100|[from] Stealth Rock\n|turn|12\n|\n|t:|1701094170\n|move|p1a: Hoopa|Phantom Force||[still]\n|-prepare|p1a: Hoopa|Phantom Force\n|move|p2a: Zora|Bitter Malice|p1a: Hoopa|[miss]\n|-miss|p2a: Zora|p1a: Hoopa\n|\n|-heal|p1a: Hoopa|94\/100|[from] item: Leftovers\n|upkeep\n|turn|13\n|\n|t:|1701094181\n|move|p1a: Hoopa|Phantom Force|p2a: Zora|[from]lockedmove\n|-immune|p2a: Zora\n|move|p2a: Zora|Bitter Malice|p1a: Hoopa\n|-damage|p1a: Hoopa|56\/100\n|-unboost|p1a: Hoopa|atk|1\n|\n|-heal|p1a: Hoopa|62\/100|[from] item: Leftovers\n|upkeep\n|turn|14\n|c|\u2606Baiayuri123|PH I FORGOT ABOUT TEH NORMAL TYPE\n|c|\u2606LadyZoroark|Xd\n|\n|t:|1701094199\n|move|p1a: Hoopa|Hyperspace Fury|p2a: Zora\n|-supereffective|p2a: Zora\n|-damage|p2a: Zora|0 fnt\n|-unboost|p1a: Hoopa|def|1\n|faint|p2a: Zora\n|\n|-heal|p1a: Hoopa|68\/100|[from] item: Leftovers\n|upkeep\n|\n|t:|1701094207\n|switch|p2a: Cinderace|Cinderace, F|100\/100\n|turn|15\n|\n|t:|1701094212\n|move|p1a: Hoopa|Protect|p1a: Hoopa\n|-singleturn|p1a: Hoopa|Protect\n|move|p2a: Cinderace|U-turn|p1a: Hoopa\n|-start|p2a: Cinderace|typechange|Bug|[from] ability: Libero\n|-activate|p1a: Hoopa|move: Protect\n|\n|-heal|p1a: Hoopa|74\/100|[from] item: Leftovers\n|upkeep\n|turn|16\n|\n|t:|1701094223\n|move|p2a: Cinderace|U-turn|p1a: Hoopa\n|-supereffective|p1a: Hoopa\n|-damage|p1a: Hoopa|0 fnt\n|faint|p1a: Hoopa\n|\n|t:|1701094227\n|switch|p2a: Iron Valiant|Iron Valiant|100\/100|[from] U-turn\n|-activate|p2a: Iron Valiant|move: Sticky Web\n|-unboost|p2a: Iron Valiant|spe|1\n|-enditem|p2a: Iron Valiant|Booster Energy\n|-activate|p2a: Iron Valiant|ability: Quark Drive|[fromitem]\n|-start|p2a: Iron Valiant|quarkdriveatk\n|\n|upkeep\n|c|\u2606Baiayuri123|How\n|\n|t:|1701094233\n|switch|p1a: Thundurus|Thundurus-Therian, M, shiny|100\/100\n|-damage|p1a: Thundurus|76\/100|[from] Stealth Rock\n|turn|17\n|c|\u2606LadyZoroark|Stab and 4x weakness to bug\n|\n|t:|1701094256\n|-terastallize|p2a: Iron Valiant|Steel\n|move|p1a: Thundurus|Nasty Plot|p1a: Thundurus\n|-boost|p1a: Thundurus|spa|2\n|move|p2a: Iron Valiant|Substitute|p2a: Iron Valiant\n|-start|p2a: Iron Valiant|Substitute\n|-damage|p2a: Iron Valiant|76\/100\n|\n|upkeep\n|turn|18\n|c|\u2606Baiayuri123|If udon kill me I\u2019ll Probly win\n|c|\u2606Baiayuri123|but substitute oh no\n|inactive|Baiayuri123 has 120 seconds left.\n|c|\u2606Baiayuri123|I always forget that psyquick have weakness to it\n|\n|t:|1701094304\n|move|p1a: Thundurus|Sludge Bomb|p2a: Iron Valiant\n|-immune|p2a: Iron Valiant\n|move|p2a: Iron Valiant|Knock Off|p1a: Thundurus\n|-damage|p1a: Thundurus|0 fnt\n|-enditem|p1a: Thundurus|Life Orb|[from] move: Knock Off|[of] p2a: Iron Valiant\n|faint|p1a: Thundurus\n|\n|win|LadyZoroark\n|raw|Baiayuri123's rating: 1044 &rarr; <strong>1031<\/strong><br \/>(-13 for losing)\n|raw|LadyZoroark's rating: 1130 &rarr; <strong>1149<\/strong><br \/>(+19 for winning)\n|c|\u2606Baiayuri123|Bruh\n|c|\u2606LadyZoroark|Gg!\n|c|\u2606Baiayuri123|i didint saw that Tera ;-;\n|c|\u2606Baiayuri123|gg\n","uploadtime":1701094324,"views":6,"p1id":"baiayuri123","p2id":"ladyzoroark","formatid":"gen9ou","rating":1031,"private":0,"password":""}