{"id":"gen9ou-1991936426","p1":"Lahnnn","p2":"Satellarish","format":"[Gen 9] OU","log":"|j|\u2606Lahnnn\n|j|\u2606Satellarish\n|t:|1700140193\n|gametype|singles\n|player|p1|Lahnnn|veteranf|1237\n|player|p2|Satellarish|pokemonranger-gen4|1203\n|teamsize|p1|6\n|teamsize|p2|6\n|gen|9\n|tier|[Gen 9] OU\n|rated|\n|rule|Sleep Clause Mod: Limit one foe put to sleep\n|rule|Species Clause: Limit one of each Pok\u00e9mon\n|rule|OHKO Clause: OHKO moves are banned\n|rule|Evasion Items Clause: Evasion items are banned\n|rule|Evasion Moves Clause: Evasion moves are banned\n|rule|Endless Battle Clause: Forcing endless battles is banned\n|rule|HP Percentage Mod: HP is shown in percentages\n|clearpoke\n|poke|p1|Espeon, M|\n|poke|p1|Zoroark-Hisui, M|\n|poke|p1|Electrode-Hisui|\n|poke|p1|Corviknight, F|\n|poke|p1|Cinderace, F|\n|poke|p1|Ting-Lu|\n|poke|p2|Skeledirge, M|\n|poke|p2|Rotom-Mow|\n|poke|p2|Glimmora, F|\n|poke|p2|Great Tusk|\n|poke|p2|Zarude-Dada|\n|poke|p2|Clodsire, F|\n|teampreview\n|inactive|Battle timer is ON: inactive players will automatically lose when time's up. (requested by Lahnnn)\n|\n|t:|1700140200\n|start\n|switch|p1a: Electrode|Electrode-Hisui|100\/100\n|switch|p2a: Clodsire|Clodsire, F|100\/100\n|turn|1\n|c|\u2606Lahnnn|interesting team\n|\n|t:|1700140207\n|switch|p1a: Corviknight|Corviknight, F|100\/100\n|move|p2a: Clodsire|Stealth Rock|p1a: Corviknight\n|-sidestart|p1: Lahnnn|move: Stealth Rock\n|\n|upkeep\n|turn|2\n|\n|t:|1700140216\n|move|p1a: Corviknight|Defog|p2a: Clodsire\n|-unboost|p2a: Clodsire|evasion|1\n|-sideend|p1: Lahnnn|Stealth Rock|[from] move: Defog|[of] p1a: Corviknight\n|move|p2a: Clodsire|Counter||[still]\n|-fail|p2a: Clodsire\n|\n|upkeep\n|turn|3\n|\n|t:|1700140223\n|switch|p1a: Espeon|Espeon, M|100\/100\n|move|p2a: Clodsire|Stealth Rock|p1a: Espeon\n|move|p1a: Espeon|Stealth Rock|p2a: Clodsire|[from]ability: Magic Bounce\n|-sidestart|p2: Satellarish|move: Stealth Rock\n|\n|upkeep\n|turn|4\n|\n|t:|1700140237\n|switch|p2a: Zarude|Zarude-Dada|100\/100\n|-damage|p2a: Zarude|88\/100|[from] Stealth Rock\n|move|p1a: Espeon|Psychic|p2a: Zarude\n|-immune|p2a: Zarude\n|\n|-heal|p2a: Zarude|94\/100|[from] item: Leftovers\n|upkeep\n|turn|5\n|\n|t:|1700140248\n|move|p1a: Espeon|Dazzling Gleam|p2a: Zarude\n|-supereffective|p2a: Zarude\n|-damage|p2a: Zarude|39\/100\n|-damage|p1a: Espeon|91\/100|[from] item: Life Orb\n|move|p2a: Zarude|Crunch|p1a: Espeon\n|-supereffective|p1a: Espeon\n|-damage|p1a: Espeon|0 fnt\n|faint|p1a: Espeon\n|\n|-heal|p2a: Zarude|45\/100|[from] item: Leftovers\n|upkeep\n|\n|t:|1700140256\n|switch|p1a: Cinderace|Cinderace, F|100\/100\n|turn|6\n|\n|t:|1700140267\n|switch|p2a: Clodsire|Clodsire, F|100\/100\n|-damage|p2a: Clodsire|94\/100|[from] Stealth Rock\n|move|p1a: Cinderace|U-turn|p2a: Clodsire\n|-start|p1a: Cinderace|typechange|Bug|[from] ability: Libero\n|-resisted|p2a: Clodsire\n|-damage|p2a: Clodsire|81\/100\n|\n|t:|1700140275\n|switch|p1a: Ting-Lu|Ting-Lu|100\/100|[from] U-turn\n|-ability|p1a: Ting-Lu|Vessel of Ruin\n|\n|-heal|p2a: Clodsire|88\/100|[from] item: Leftovers\n|upkeep\n|turn|7\n|\n|t:|1700140284\n|move|p1a: Ting-Lu|Earthquake|p2a: Clodsire\n|-supereffective|p2a: Clodsire\n|-damage|p2a: Clodsire|16\/100\n|move|p2a: Clodsire|Stealth Rock|p1a: Ting-Lu\n|-sidestart|p1: Lahnnn|move: Stealth Rock\n|\n|-heal|p2a: Clodsire|22\/100|[from] item: Leftovers\n|upkeep\n|turn|8\n|\n|t:|1700140293\n|switch|p2a: Rotom|Rotom-Mow|100\/100\n|-damage|p2a: Rotom|88\/100|[from] Stealth Rock\n|move|p1a: Ting-Lu|Earthquake|p2a: Rotom\n|-immune|p2a: Rotom|[from] ability: Levitate\n|\n|upkeep\n|turn|9\n|\n|t:|1700140304\n|switch|p1a: Cinderace|Cinderace, F|100\/100\n|-damage|p1a: Cinderace|76\/100|[from] Stealth Rock\n|move|p2a: Rotom|Trick|p1a: Cinderace\n|-activate|p2a: Rotom|move: Trick|[of] p1a: Cinderace\n|-item|p1a: Cinderace|Choice Scarf|[from] move: Trick\n|-item|p2a: Rotom|Expert Belt|[from] move: Trick\n|\n|upkeep\n|turn|10\n|\n|t:|1700140321\n|switch|p2a: Skeledirge|Skeledirge, M|100\/100\n|-damage|p2a: Skeledirge|76\/100|[from] Stealth Rock\n|move|p1a: Cinderace|U-turn|p2a: Skeledirge\n|-start|p1a: Cinderace|typechange|Bug|[from] ability: Libero\n|-resisted|p2a: Skeledirge\n|-damage|p2a: Skeledirge|69\/100\n|\n|t:|1700140331\n|switch|p1a: Ting-Lu|Ting-Lu|100\/100|[from] U-turn\n|-damage|p1a: Ting-Lu|94\/100|[from] Stealth Rock\n|-ability|p1a: Ting-Lu|Vessel of Ruin\n|\n|-heal|p2a: Skeledirge|75\/100|[from] item: Leftovers\n|upkeep\n|turn|11\n|\n|t:|1700140356\n|switch|p2a: Rotom|Rotom-Mow|88\/100\n|-damage|p2a: Rotom|75\/100|[from] Stealth Rock\n|move|p1a: Ting-Lu|Ruination|p2a: Rotom\n|-damage|p2a: Rotom|38\/100\n|\n|upkeep\n|turn|12\n|\n|t:|1700140370\n|switch|p1a: Electrode|Electrode-Hisui|100\/100\n|-damage|p1a: Electrode|88\/100|[from] Stealth Rock\n|move|p2a: Rotom|Leaf Storm|p1a: Electrode\n|-resisted|p1a: Electrode\n|-damage|p1a: Electrode|54\/100\n|-unboost|p2a: Rotom|spa|2\n|\n|upkeep\n|turn|13\n|\n|t:|1700140385\n|-terastallize|p1a: Electrode|Ice\n|move|p1a: Electrode|Tera Blast|p2a: Rotom|[anim] Tera Blast Ice\n|-supereffective|p2a: Rotom\n|-damage|p2a: Rotom|0 fnt\n|faint|p2a: Rotom\n|-damage|p1a: Electrode|44\/100|[from] item: Life Orb\n|\n|upkeep\n|inactive|Satellarish has 120 seconds left.\n|\n|t:|1700140407\n|switch|p2a: Glimmora|Glimmora, F|100\/100\n|-damage|p2a: Glimmora|88\/100|[from] Stealth Rock\n|turn|14\n|\n|t:|1700140425\n|move|p2a: Glimmora|Mortal Spin|p1a: Electrode\n|-crit|p1a: Electrode\n|-damage|p1a: Electrode|30\/100\n|-status|p1a: Electrode|psn\n|-status|p2a: Glimmora|par|[from] ability: Static|[of] p1a: Electrode\n|-sideend|p2: Satellarish|Stealth Rock|[from] move: Mortal Spin|[of] p2a: Glimmora\n|move|p1a: Electrode|Volt Switch|p2a: Glimmora\n|-damage|p2a: Glimmora|43\/100 par\n|-damage|p1a: Electrode|21\/100 psn|[from] item: Life Orb\n|\n|t:|1700140431\n|switch|p1a: Corviknight|Corviknight, F|100\/100|[from] Volt Switch\n|-damage|p1a: Corviknight|88\/100|[from] Stealth Rock\n|\n|upkeep\n|turn|15\n|inactive|Satellarish has 120 seconds left.\n|\n|t:|1700140452\n|switch|p2a: Skeledirge|Skeledirge, M|75\/100\n|move|p1a: Corviknight|Defog|p2a: Skeledirge\n|-unboost|p2a: Skeledirge|evasion|1\n|-sideend|p1: Lahnnn|Stealth Rock|[from] move: Defog|[of] p1a: Corviknight\n|\n|-heal|p2a: Skeledirge|81\/100|[from] item: Leftovers\n|upkeep\n|turn|16\n|inactive|Satellarish has 120 seconds left.\n|\n|t:|1700140462\n|switch|p1a: Ting-Lu|Ting-Lu|94\/100\n|-ability|p1a: Ting-Lu|Vessel of Ruin\n|move|p2a: Skeledirge|Torch Song|p1a: Ting-Lu\n|-damage|p1a: Ting-Lu|81\/100\n|-boost|p2a: Skeledirge|spa|1\n|\n|-heal|p2a: Skeledirge|87\/100|[from] item: Leftovers\n|upkeep\n|turn|17\n|inactive|Satellarish has 120 seconds left.\n|\n|t:|1700140485\n|switch|p2a: Glimmora|Glimmora, F|43\/100 par\n|move|p1a: Ting-Lu|Earthquake|p2a: Glimmora\n|-supereffective|p2a: Glimmora\n|-damage|p2a: Glimmora|0 fnt\n|-activate|p2a: Glimmora|ability: Toxic Debris\n|-sidestart|p1: Lahnnn|move: Toxic Spikes\n|faint|p2a: Glimmora\n|\n|upkeep\n|\n|t:|1700140494\n|switch|p2a: Great Tusk|Great Tusk|100\/100\n|turn|18\n|\n|t:|1700140504\n|switch|p1a: Corviknight|Corviknight, F|88\/100\n|move|p2a: Great Tusk|Close Combat|p1a: Corviknight\n|-damage|p1a: Corviknight|40\/100\n|-unboost|p2a: Great Tusk|def|1\n|-unboost|p2a: Great Tusk|spd|1\n|-damage|p2a: Great Tusk|84\/100|[from] item: Rocky Helmet|[of] p1a: Corviknight\n|\n|upkeep\n|turn|19\n|inactive|Satellarish has 120 seconds left.\n|\n|t:|1700140515\n|move|p2a: Great Tusk|Close Combat|p1a: Corviknight\n|-damage|p1a: Corviknight|0 fnt\n|-unboost|p2a: Great Tusk|def|1\n|-unboost|p2a: Great Tusk|spd|1\n|-damage|p2a: Great Tusk|68\/100|[from] item: Rocky Helmet|[of] p1a: Corviknight\n|faint|p1a: Corviknight\n|\n|upkeep\n|\n|t:|1700140523\n|switch|p1a: Electrode|Electrode-Hisui|100\/100\n|-status|p1a: Electrode|psn\n|-start|p1a: Electrode|typechange|Ice|[silent]\n|turn|20\n|inactive|Satellarish has 120 seconds left.\n|\n|t:|1700140542\n|-end|p2a: Great Tusk|Protosynthesis|[silent]\n|switch|p2a: Skeledirge|Skeledirge, M|87\/100\n|move|p1a: Electrode|Psychic|p2a: Skeledirge\n|-damage|p2a: Skeledirge|63\/100\n|\n|-heal|p2a: Skeledirge|69\/100|[from] item: Leftovers\n|-damage|p1a: Electrode|88\/100 psn|[from] psn\n|upkeep\n|turn|21\n|inactive|Satellarish has 120 seconds left.\n|\n|t:|1700140553\n|move|p1a: Electrode|Shadow Ball|p2a: Skeledirge\n|-supereffective|p2a: Skeledirge\n|-crit|p2a: Skeledirge\n|-damage|p2a: Skeledirge|0 fnt\n|faint|p2a: Skeledirge\n|\n|-damage|p1a: Electrode|76\/100 psn|[from] psn\n|upkeep\n|\n|t:|1700140562\n|switch|p2a: Zarude|Zarude-Dada|45\/100\n|turn|22\n|\n|t:|1700140567\n|switch|p1a: Electrode|Electrode-Hisui, tera:Ice|21\/100 psn\n|-terastallize|p2a: Zarude|Poison\n|move|p2a: Zarude|Jungle Healing|p2a: Zarude\n|-heal|p2a: Zarude|70\/100\n|\n|-heal|p2a: Zarude|76\/100|[from] item: Leftovers\n|-damage|p1a: Electrode|8\/100 psn|[from] psn\n|upkeep\n|turn|23\n|c|\u2606Lahnnn|!dt jungle healing\n|raw|<ul class=\"utilichart\"><li class=\"result\"><span class=\"col movenamecol\"><a href=\"https:\/\/dex.pokemonshowdown.com\/moves\/junglehealing\">Jungle Healing<\/a><\/span> <span class=\"col typecol\"><img src=\"\/\/play.pokemonshowdown.com\/sprites\/types\/Grass.png\" alt=\"Grass\" width=\"32\" height=\"14\"><img src=\"\/\/play.pokemonshowdown.com\/sprites\/categories\/Status.png\" alt=\"Status\" width=\"32\" height=\"14\"><\/span> <span class=\"col widelabelcol\"><em>Accuracy<\/em><br>\u2014<\/span> <span class=\"col pplabelcol\"><em>PP<\/em><br>16<\/span> <span class=\"col movedesccol\">User and allies: healed 1\/4 max HP, status cured.<\/span> <\/li><li style=\"clear:both\"><\/li><\/ul>\n|raw|<font size=\"1\"><font color=\"#686868\">Priority:<\/font> 0&nbsp;|&ThickSpace;<font color=\"#686868\">Gen:<\/font> 8&nbsp;|&ThickSpace;&#10003; Bypasses Protect&nbsp;|&ThickSpace;&#10003; Bypasses Substitutes&nbsp;|&ThickSpace;<font color=\"#686868\">Z-Effect:<\/font> None&nbsp;|&ThickSpace;<font color=\"#686868\">Target:<\/font> User and Allies<\/font>\n\n|inactive|Satellarish has 120 seconds left.\n|\n|t:|1700140585\n|move|p1a: Electrode|Thunderbolt|p2a: Zarude\n|-damage|p2a: Zarude|43\/100\n|-damage|p1a: Electrode|0 fnt|[from] item: Life Orb\n|faint|p1a: Electrode\n|move|p2a: Zarude|Bulk Up|p2a: Zarude\n|-boost|p2a: Zarude|atk|1\n|-boost|p2a: Zarude|def|1\n|\n|-heal|p2a: Zarude|49\/100|[from] item: Leftovers\n|upkeep\n|\n|t:|1700140597\n|switch|p1a: Ting-Lu|Ting-Lu|81\/100\n|-status|p1a: Ting-Lu|psn\n|-ability|p1a: Ting-Lu|Vessel of Ruin\n|turn|24\n|\n|t:|1700140603\n|move|p2a: Zarude|Power Whip|p1a: Ting-Lu\n|-supereffective|p1a: Ting-Lu\n|-damage|p1a: Ting-Lu|0 fnt\n|faint|p1a: Ting-Lu\n|\n|-heal|p2a: Zarude|55\/100|[from] item: Leftovers\n|upkeep\n|c|\u2606Lahnnn|oh wow\n|\n|t:|1700140615\n|switch|p1a: Cinderace|Cinderace, F|76\/100 psn\n|turn|25\n|\n|t:|1700140621\n|move|p1a: Cinderace|Psychic|p2a: Zarude\n|-supereffective|p2a: Zarude\n|-damage|p2a: Zarude|5\/100\n|move|p2a: Zarude|Crunch|p1a: Cinderace\n|-supereffective|p1a: Cinderace\n|-damage|p1a: Cinderace|0 fnt\n|replace|p1a: Zoroark|Zoroark-Hisui, M\n|-end|p1a: Zoroark|Illusion\n|faint|p1a: Zoroark\n|\n|-heal|p2a: Zarude|11\/100|[from] item: Leftovers\n|upkeep\n|\n|t:|1700140625\n|switch|p1a: Cinderace|Cinderace, F|76\/100\n|-status|p1a: Cinderace|psn\n|turn|26\n|\n|t:|1700140650\n|move|p1a: Cinderace|Pyro Ball|p2a: Zarude\n|-damage|p2a: Zarude|0 fnt\n|faint|p2a: Zarude\n|\n|-damage|p1a: Cinderace|63\/100 psn|[from] psn\n|upkeep\n|\n|t:|1700140658\n|switch|p2a: Great Tusk|Great Tusk|68\/100\n|turn|27\n|\n|t:|1700140662\n|move|p1a: Cinderace|Pyro Ball|p2a: Great Tusk\n|-damage|p2a: Great Tusk|27\/100\n|move|p2a: Great Tusk|Headlong Rush|p1a: Cinderace\n|-supereffective|p1a: Cinderace\n|-damage|p1a: Cinderace|0 fnt\n|-unboost|p2a: Great Tusk|def|1\n|-unboost|p2a: Great Tusk|spd|1\n|faint|p1a: Cinderace\n|\n|win|Satellarish\n|raw|Lahnnn's rating: 1237 &rarr; <strong>1210<\/strong><br \/>(-27 for losing)\n|raw|Satellarish's rating: 1203 &rarr; <strong>1230<\/strong><br \/>(+27 for winning)\n","uploadtime":1700140675,"views":10,"p1id":"lahnnn","p2id":"satellarish","formatid":"gen9ou","rating":1210,"private":0,"password":""}