{"id":"gen9ou-1997085117","p1":"Rikonkon","p2":"ELopez03","format":"[Gen 9] OU","log":"|j|\u2606Rikonkon\n|j|\u2606ELopez03\n|t:|1700762969\n|gametype|singles\n|player|p1|Rikonkon|byron|1086\n|player|p2|ELopez03|preschooler|1189\n|teamsize|p1|6\n|teamsize|p2|6\n|gen|9\n|tier|[Gen 9] OU\n|rated|\n|rule|Sleep Clause Mod: Limit one foe put to sleep\n|rule|Species Clause: Limit one of each Pok\u00e9mon\n|rule|OHKO Clause: OHKO moves are banned\n|rule|Evasion Items Clause: Evasion items are banned\n|rule|Evasion Moves Clause: Evasion moves are banned\n|rule|Endless Battle Clause: Forcing endless battles is banned\n|rule|HP Percentage Mod: HP is shown in percentages\n|clearpoke\n|poke|p1|Weavile, F|\n|poke|p1|Hatterene, F|\n|poke|p1|Zapdos|\n|poke|p1|Manaphy|\n|poke|p1|Clodsire, M|\n|poke|p1|Heatran, M|\n|poke|p2|Great Tusk|\n|poke|p2|Gholdengo|\n|poke|p2|Thundurus-Therian, M|\n|poke|p2|Cinderace, F|\n|poke|p2|Alomomola, F|\n|poke|p2|Ninetales-Alola, F|\n|teampreview\n|c|\u2606Rikonkon|WISH FISH\n|\n|t:|1700762993\n|start\n|switch|p1a: Clodsire|Clodsire, M|100\/100\n|switch|p2a: Ninetales|Ninetales-Alola, F, shiny|100\/100\n|-weather|Snow|[from] ability: Snow Warning|[of] p2a: Ninetales\n|turn|1\n|\n|t:|1700762998\n|switch|p1a: Heatran|Heatran, M|100\/100\n|move|p2a: Ninetales|Aurora Veil|p2a: Ninetales\n|-sidestart|p2: ELopez03|move: Aurora Veil\n|\n|-weather|Snow|[upkeep]\n|upkeep\n|turn|2\n|\n|t:|1700763006\n|switch|p2a: Alomomola|Alomomola, F, shiny|100\/100\n|move|p1a: Heatran|Stealth Rock|p2a: Alomomola\n|-sidestart|p2: ELopez03|move: Stealth Rock\n|\n|-weather|Snow|[upkeep]\n|upkeep\n|turn|3\n|\n|t:|1700763010\n|switch|p1a: Clodsire|Clodsire, M|100\/100\n|move|p2a: Alomomola|Scald|p1a: Clodsire\n|-immune|p1a: Clodsire|[from] ability: Water Absorb\n|\n|-weather|Snow|[upkeep]\n|upkeep\n|turn|4\n|\n|t:|1700763031\n|switch|p2a: Great Tusk|Great Tusk|100\/100\n|move|p1a: Clodsire|Spikes|p2a: Great Tusk\n|-sidestart|p2: ELopez03|Spikes\n|\n|-weather|Snow|[upkeep]\n|upkeep\n|turn|5\n|\n|t:|1700763042\n|switch|p1a: Zapdos|Zapdos|100\/100\n|move|p2a: Great Tusk|Rapid Spin|p1a: Zapdos\n|-damage|p1a: Zapdos|78\/100\n|-boost|p2a: Great Tusk|spe|1\n|-sideend|p2: ELopez03|Spikes|[from] move: Rapid Spin|[of] p2a: Great Tusk\n|-sideend|p2: ELopez03|Stealth Rock|[from] move: Rapid Spin|[of] p2a: Great Tusk\n|\n|-weather|none\n|upkeep\n|turn|6\n|\n|t:|1700763052\n|-end|p2a: Great Tusk|Protosynthesis|[silent]\n|switch|p2a: Thundurus|Thundurus-Therian, M, shiny|100\/100\n|move|p1a: Zapdos|Hurricane|p2a: Thundurus\n|-resisted|p2a: Thundurus\n|-damage|p2a: Thundurus|80\/100\n|\n|upkeep\n|turn|7\n|\n|t:|1700763057\n|switch|p1a: Clodsire|Clodsire, M|100\/100\n|move|p2a: Thundurus|Volt Switch|p1a: Clodsire\n|-immune|p1a: Clodsire\n|\n|upkeep\n|turn|8\n|\n|t:|1700763063\n|move|p2a: Thundurus|Psychic|p1a: Clodsire\n|-supereffective|p1a: Clodsire\n|-damage|p1a: Clodsire|66\/100\n|move|p1a: Clodsire|Spikes|p2a: Thundurus\n|-sidestart|p2: ELopez03|Spikes\n|\n|-heal|p1a: Clodsire|72\/100|[from] item: Leftovers\n|-sideend|p2: ELopez03|move: Aurora Veil\n|upkeep\n|turn|9\n|\n|t:|1700763072\n|switch|p1a: Hatterene|Hatterene, F|100\/100\n|move|p2a: Thundurus|Psychic|p1a: Hatterene\n|-resisted|p1a: Hatterene\n|-crit|p1a: Hatterene\n|-damage|p1a: Hatterene|73\/100\n|\n|upkeep\n|turn|10\n|\n|t:|1700763080\n|move|p2a: Thundurus|Volt Switch|p1a: Hatterene\n|-damage|p1a: Hatterene|35\/100\n|\n|t:|1700763086\n|switch|p2a: Ninetales|Ninetales-Alola, F, shiny|100\/100|[from] Volt Switch\n|-damage|p2a: Ninetales|88\/100|[from] Spikes\n|-weather|Snow|[from] ability: Snow Warning|[of] p2a: Ninetales\n|move|p1a: Hatterene|Psychic|p2a: Ninetales\n|-crit|p2a: Ninetales\n|-damage|p2a: Ninetales|28\/100\n|\n|-weather|Snow|[upkeep]\n|upkeep\n|turn|11\n|\n|t:|1700763106\n|move|p2a: Ninetales|Aurora Veil|p2a: Ninetales\n|-sidestart|p2: ELopez03|move: Aurora Veil\n|move|p1a: Hatterene|Psychic|p2a: Ninetales\n|-damage|p2a: Ninetales|8\/100\n|\n|-weather|Snow|[upkeep]\n|upkeep\n|turn|12\n|c|\u2606ELopez03|wish fish lmfao\n|\n|t:|1700763118\n|switch|p2a: Alomomola|Alomomola, F, shiny|100\/100\n|switch|p1a: Clodsire|Clodsire, M|72\/100\n|\n|-weather|Snow|[upkeep]\n|-heal|p1a: Clodsire|78\/100|[from] item: Leftovers\n|upkeep\n|turn|13\n|\n|t:|1700763122\n|move|p2a: Alomomola|Wish|p2a: Alomomola\n|move|p1a: Clodsire|Spikes|p2a: Alomomola\n|-sidestart|p2: ELopez03|Spikes\n|\n|-weather|Snow|[upkeep]\n|-heal|p1a: Clodsire|84\/100|[from] item: Leftovers\n|upkeep\n|turn|14\n|\n|t:|1700763130\n|switch|p2a: Thundurus|Thundurus-Therian, M, shiny|80\/100\n|move|p1a: Clodsire|Spikes|p2a: Thundurus\n|-sidestart|p2: ELopez03|Spikes\n|\n|-weather|none\n|-heal|p2a: Thundurus|100\/100|[from] move: Wish|[wisher] Alomomola\n|-heal|p1a: Clodsire|91\/100|[from] item: Leftovers\n|upkeep\n|turn|15\n|\n|t:|1700763149\n|move|p2a: Thundurus|Psychic|p1a: Clodsire\n|-supereffective|p1a: Clodsire\n|-damage|p1a: Clodsire|56\/100\n|move|p1a: Clodsire|Recover|p1a: Clodsire\n|-heal|p1a: Clodsire|100\/100\n|\n|upkeep\n|turn|16\n|\n|t:|1700763157\n|switch|p1a: Weavile|Weavile, F|100\/100\n|-ability|p1a: Weavile|Pressure\n|move|p2a: Thundurus|Psychic|p1a: Weavile\n|-immune|p1a: Weavile\n|\n|upkeep\n|turn|17\n|\n|t:|1700763165\n|switch|p2a: Alomomola|Alomomola, F, shiny|100\/100\n|-terastallize|p1a: Weavile|Ice\n|move|p1a: Weavile|Icicle Crash|p2a: Alomomola\n|-resisted|p2a: Alomomola\n|-damage|p2a: Alomomola|93\/100\n|\n|upkeep\n|turn|18\n|\n|t:|1700763175\n|switch|p1a: Clodsire|Clodsire, M|100\/100\n|move|p2a: Alomomola|Wish|p2a: Alomomola\n|\n|-sideend|p2: ELopez03|move: Aurora Veil\n|upkeep\n|turn|19\n|\n|t:|1700763180\n|switch|p2a: Great Tusk|Great Tusk|100\/100\n|move|p1a: Clodsire|Earth Power|p2a: Great Tusk\n|-damage|p2a: Great Tusk|75\/100\n|\n|-heal|p2a: Great Tusk|100\/100|[from] move: Wish|[wisher] Alomomola\n|upkeep\n|turn|20\n|\n|t:|1700763192\n|move|p2a: Great Tusk|Rapid Spin|p1a: Clodsire\n|-damage|p1a: Clodsire|80\/100\n|-boost|p2a: Great Tusk|spe|1\n|-sideend|p2: ELopez03|Spikes|[from] move: Rapid Spin|[of] p2a: Great Tusk\n|move|p1a: Clodsire|Earth Power|p2a: Great Tusk\n|-damage|p2a: Great Tusk|75\/100\n|\n|-heal|p1a: Clodsire|87\/100|[from] item: Leftovers\n|upkeep\n|turn|21\n|\n|t:|1700763200\n|move|p2a: Great Tusk|Knock Off|p1a: Clodsire\n|-damage|p1a: Clodsire|46\/100\n|-enditem|p1a: Clodsire|Leftovers|[from] move: Knock Off|[of] p2a: Great Tusk\n|move|p1a: Clodsire|Earth Power|p2a: Great Tusk\n|-damage|p2a: Great Tusk|48\/100\n|\n|upkeep\n|turn|22\n|\n|t:|1700763210\n|-end|p2a: Great Tusk|Protosynthesis|[silent]\n|switch|p2a: Thundurus|Thundurus-Therian, M, shiny|100\/100\n|switch|p1a: Zapdos|Zapdos|78\/100\n|\n|upkeep\n|turn|23\n|\n|t:|1700763225\n|switch|p1a: Clodsire|Clodsire, M|46\/100\n|move|p2a: Thundurus|Psychic|p1a: Clodsire\n|-supereffective|p1a: Clodsire\n|-damage|p1a: Clodsire|9\/100\n|\n|upkeep\n|turn|24\n|\n|t:|1700763236\n|switch|p1a: Weavile|Weavile, F, tera:Ice|100\/100\n|-ability|p1a: Weavile|Pressure\n|move|p2a: Thundurus|Grass Knot|p1a: Weavile\n|-damage|p1a: Weavile|72\/100\n|\n|upkeep\n|turn|25\n|\n|t:|1700763251\n|switch|p2a: Alomomola|Alomomola, F, shiny|100\/100\n|move|p1a: Weavile|Ice Shard|p2a: Alomomola\n|-resisted|p2a: Alomomola\n|-damage|p2a: Alomomola|93\/100\n|\n|upkeep\n|turn|26\n|\n|t:|1700763258\n|move|p1a: Weavile|Knock Off|p2a: Alomomola\n|-damage|p2a: Alomomola|67\/100\n|-enditem|p2a: Alomomola|Heavy-Duty Boots|[from] move: Knock Off|[of] p1a: Weavile\n|move|p2a: Alomomola|Wish|p2a: Alomomola\n|\n|upkeep\n|turn|27\n|\n|t:|1700763265\n|move|p1a: Weavile|Icicle Crash|p2a: Alomomola\n|-resisted|p2a: Alomomola\n|-damage|p2a: Alomomola|51\/100\n|cant|p2a: Alomomola|flinch\n|\n|-heal|p2a: Alomomola|100\/100|[from] move: Wish|[wisher] Alomomola\n|upkeep\n|turn|28\n|\n|t:|1700763271\n|switch|p2a: Ninetales|Ninetales-Alola, F, shiny|8\/100\n|-weather|Snow|[from] ability: Snow Warning|[of] p2a: Ninetales\n|move|p1a: Weavile|Icicle Crash|p2a: Ninetales\n|-resisted|p2a: Ninetales\n|-damage|p2a: Ninetales|0 fnt\n|faint|p2a: Ninetales\n|\n|-weather|Snow|[upkeep]\n|upkeep\n|\n|t:|1700763274\n|switch|p2a: Great Tusk|Great Tusk|48\/100\n|turn|29\n|\n|t:|1700763288\n|-end|p2a: Great Tusk|Protosynthesis|[silent]\n|switch|p2a: Alomomola|Alomomola, F, shiny|100\/100\n|move|p1a: Weavile|Low Kick|p2a: Alomomola\n|-damage|p2a: Alomomola|89\/100\n|\n|-weather|Snow|[upkeep]\n|upkeep\n|turn|30\n|\n|t:|1700763325\n|switch|p1a: Hatterene|Hatterene, F|35\/100\n|move|p2a: Alomomola|Wish|p2a: Alomomola\n|\n|-weather|Snow|[upkeep]\n|upkeep\n|turn|31\n|\n|t:|1700763331\n|move|p1a: Hatterene|Healing Wish|p1a: Hatterene\n|faint|p1a: Hatterene\n|move|p2a: Alomomola|Flip Turn|p1: Hatterene|[notarget]\n|-fail|p2a: Alomomola\n|\n|-weather|Snow|[upkeep]\n|-heal|p2a: Alomomola|100\/100|[from] move: Wish|[wisher] Alomomola\n|upkeep\n|\n|t:|1700763339\n|switch|p1a: Clodsire|Clodsire, M|9\/100\n|-heal|p1a: Clodsire|100\/100|[from] move: Healing Wish\n|turn|32\n|\n|t:|1700763363\n|move|p2a: Alomomola|Wish|p2a: Alomomola\n|move|p1a: Clodsire|Spikes|p2a: Alomomola\n|-sidestart|p2: ELopez03|Spikes\n|\n|-weather|none\n|upkeep\n|turn|33\n|\n|t:|1700763373\n|switch|p2a: Great Tusk|Great Tusk|48\/100\n|move|p1a: Clodsire|Earth Power|p2a: Great Tusk\n|-damage|p2a: Great Tusk|23\/100\n|\n|-heal|p2a: Great Tusk|95\/100|[from] move: Wish|[wisher] Alomomola\n|upkeep\n|turn|34\n|\n|t:|1700763379\n|switch|p1a: Zapdos|Zapdos|78\/100\n|move|p2a: Great Tusk|Rapid Spin|p1a: Zapdos\n|-damage|p1a: Zapdos|56\/100\n|-boost|p2a: Great Tusk|spe|1\n|-sideend|p2: ELopez03|Spikes|[from] move: Rapid Spin|[of] p2a: Great Tusk\n|\n|upkeep\n|turn|35\n|\n|t:|1700763385\n|-end|p2a: Great Tusk|Protosynthesis|[silent]\n|switch|p2a: Thundurus|Thundurus-Therian, M, shiny|100\/100\n|move|p1a: Zapdos|Hurricane|p2a: Thundurus\n|-resisted|p2a: Thundurus\n|-damage|p2a: Thundurus|63\/100\n|\n|upkeep\n|turn|36\n|\n|t:|1700763392\n|switch|p1a: Manaphy|Manaphy|100\/100\n|move|p2a: Thundurus|Volt Switch|p1a: Manaphy\n|-supereffective|p1a: Manaphy\n|-damage|p1a: Manaphy|28\/100\n|\n|t:|1700763398\n|switch|p2a: Cinderace|Cinderace, F, shiny|100\/100|[from] Volt Switch\n|\n|-heal|p1a: Manaphy|34\/100|[from] item: Leftovers\n|upkeep\n|turn|37\n|\n|t:|1700763417\n|move|p2a: Cinderace|U-turn|p1a: Manaphy\n|-start|p2a: Cinderace|typechange|Bug|[from] ability: Libero\n|-damage|p1a: Manaphy|11\/100\n|\n|t:|1700763427\n|switch|p2a: Alomomola|Alomomola, F, shiny|100\/100|[from] U-turn\n|move|p1a: Manaphy|Scald|p2a: Alomomola\n|-resisted|p2a: Alomomola\n|-damage|p2a: Alomomola|85\/100\n|-status|p2a: Alomomola|brn\n|\n|-heal|p1a: Manaphy|17\/100|[from] item: Leftovers\n|-damage|p2a: Alomomola|79\/100 brn|[from] brn\n|upkeep\n|turn|38\n|\n|t:|1700763442\n|switch|p1a: Clodsire|Clodsire, M|100\/100\n|move|p2a: Alomomola|Flip Turn|p1a: Clodsire\n|-immune|p1a: Clodsire|[from] ability: Water Absorb\n|\n|-damage|p2a: Alomomola|73\/100 brn|[from] brn\n|upkeep\n|turn|39\n|\n|t:|1700763448\n|switch|p2a: Thundurus|Thundurus-Therian, M, shiny|63\/100\n|move|p1a: Clodsire|Spikes|p2a: Thundurus\n|-sidestart|p2: ELopez03|Spikes\n|\n|upkeep\n|turn|40\n|\n|t:|1700763456\n|switch|p1a: Manaphy|Manaphy|17\/100\n|move|p2a: Thundurus|Grass Knot|p1a: Manaphy\n|-supereffective|p1a: Manaphy\n|-damage|p1a: Manaphy|5\/100\n|\n|-heal|p1a: Manaphy|11\/100|[from] item: Leftovers\n|upkeep\n|turn|41\n|\n|t:|1700763468\n|move|p2a: Thundurus|Psychic|p1a: Manaphy\n|-damage|p1a: Manaphy|0 fnt\n|faint|p1a: Manaphy\n|\n|upkeep\n|\n|t:|1700763475\n|switch|p1a: Weavile|Weavile, F, tera:Ice|72\/100\n|-ability|p1a: Weavile|Pressure\n|turn|42\n|\n|t:|1700763481\n|switch|p2a: Alomomola|Alomomola, F, shiny|100\/100 brn\n|-damage|p2a: Alomomola|88\/100 brn|[from] Spikes\n|move|p1a: Weavile|Icicle Crash|p2a: Alomomola\n|-resisted|p2a: Alomomola\n|-damage|p2a: Alomomola|73\/100 brn\n|\n|-damage|p2a: Alomomola|67\/100 brn|[from] brn\n|upkeep\n|turn|43\n|\n|t:|1700763487\n|switch|p1a: Clodsire|Clodsire, M|100\/100\n|move|p2a: Alomomola|Wish|p2a: Alomomola\n|\n|-damage|p2a: Alomomola|61\/100 brn|[from] brn\n|upkeep\n|turn|44\n|\n|t:|1700763496\n|switch|p2a: Thundurus|Thundurus-Therian, M, shiny|63\/100\n|move|p1a: Clodsire|Spikes|p2a: Thundurus\n|-sidestart|p2: ELopez03|Spikes\n|\n|-heal|p2a: Thundurus|100\/100|[from] move: Wish|[wisher] Alomomola\n|upkeep\n|turn|45\n|\n|t:|1700763504\n|switch|p1a: Heatran|Heatran, M|100\/100\n|move|p2a: Thundurus|Focus Blast|p1a: Heatran|[miss]\n|-miss|p2a: Thundurus|p1a: Heatran\n|\n|upkeep\n|turn|46\n|\n|t:|1700763526\n|switch|p1a: Clodsire|Clodsire, M|100\/100\n|move|p2a: Thundurus|Focus Blast|p1a: Clodsire|[miss]\n|-miss|p2a: Thundurus|p1a: Clodsire\n|\n|upkeep\n|turn|47\n|\n|t:|1700763531\n|move|p2a: Thundurus|Psychic|p1a: Clodsire\n|-supereffective|p1a: Clodsire\n|-damage|p1a: Clodsire|64\/100\n|move|p1a: Clodsire|Spikes|p2a: Thundurus\n|-sidestart|p2: ELopez03|Spikes\n|\n|upkeep\n|turn|48\n|\n|t:|1700763534\n|switch|p1a: Weavile|Weavile, F, tera:Ice|72\/100\n|-ability|p1a: Weavile|Pressure\n|move|p2a: Thundurus|Psychic|p1a: Weavile\n|-damage|p1a: Weavile|21\/100\n|\n|upkeep\n|turn|49\n|\n|t:|1700763540\n|switch|p2a: Alomomola|Alomomola, F, shiny|94\/100 brn\n|-damage|p2a: Alomomola|69\/100 brn|[from] Spikes\n|move|p1a: Weavile|Ice Shard|p2a: Alomomola\n|-resisted|p2a: Alomomola\n|-damage|p2a: Alomomola|62\/100 brn\n|\n|-damage|p2a: Alomomola|55\/100 brn|[from] brn\n|upkeep\n|turn|50\n|\n|t:|1700763544\n|move|p1a: Weavile|Icicle Crash|p2a: Alomomola\n|-resisted|p2a: Alomomola\n|-damage|p2a: Alomomola|40\/100 brn\n|move|p2a: Alomomola|Wish|p2a: Alomomola\n|\n|-damage|p2a: Alomomola|34\/100 brn|[from] brn\n|upkeep\n|turn|51\n|\n|t:|1700763551\n|move|p2a: Alomomola|Protect|p2a: Alomomola\n|-singleturn|p2a: Alomomola|Protect\n|move|p1a: Weavile|Icicle Crash|p2a: Alomomola\n|-activate|p2a: Alomomola|move: Protect\n|\n|-heal|p2a: Alomomola|84\/100 brn|[from] move: Wish|[wisher] Alomomola\n|-damage|p2a: Alomomola|78\/100 brn|[from] brn\n|upkeep\n|turn|52\n|\n|t:|1700763573\n|switch|p1a: Zapdos|Zapdos|56\/100\n|move|p2a: Alomomola|Wish|p2a: Alomomola\n|\n|-damage|p2a: Alomomola|72\/100 brn|[from] brn\n|upkeep\n|turn|53\n|\n|t:|1700763582\n|switch|p2a: Cinderace|Cinderace, F, shiny|100\/100\n|move|p1a: Zapdos|Roost|p1a: Zapdos\n|-heal|p1a: Zapdos|100\/100\n|-singleturn|p1a: Zapdos|move: Roost\n|\n|upkeep\n|turn|54\n|\n|t:|1700763598\n|switch|p1a: Heatran|Heatran, M|100\/100\n|move|p2a: Cinderace|Court Change|p2a: Cinderace\n|-start|p2a: Cinderace|typechange|Normal|[from] ability: Libero\n|-swapsideconditions\n|-activate|p2a: Cinderace|move: Court Change\n|\n|upkeep\n|turn|55\n|\n|t:|1700763619\n|move|p2a: Cinderace|U-turn|p1a: Heatran\n|-resisted|p1a: Heatran\n|-damage|p1a: Heatran|95\/100\n|\n|t:|1700763626\n|switch|p2a: Thundurus|Thundurus-Therian, M, shiny|100\/100|[from] U-turn\n|move|p1a: Heatran|Stealth Rock|p2a: Thundurus\n|-sidestart|p2: ELopez03|move: Stealth Rock\n|\n|-heal|p1a: Heatran|100\/100|[from] item: Leftovers\n|upkeep\n|turn|56\n|\n|t:|1700763637\n|switch|p1a: Zapdos|Zapdos|100\/100\n|move|p2a: Thundurus|Focus Blast|p1a: Zapdos\n|-resisted|p1a: Zapdos\n|-damage|p1a: Zapdos|74\/100\n|\n|upkeep\n|turn|57\n|\n|t:|1700763673\n|move|p2a: Thundurus|Psychic|p1a: Zapdos\n|-damage|p1a: Zapdos|36\/100\n|-unboost|p1a: Zapdos|spd|1\n|move|p1a: Zapdos|Hurricane|p2a: Thundurus|[miss]\n|-miss|p1a: Zapdos|p2a: Thundurus\n|\n|upkeep\n|turn|58\n|\n|t:|1700763681\n|switch|p1a: Weavile|Weavile, F, tera:Ice|21\/100\n|-ability|p1a: Weavile|Pressure\n|move|p2a: Thundurus|Psychic|p1a: Weavile\n|-damage|p1a: Weavile|0 fnt\n|faint|p1a: Weavile\n|\n|upkeep\n|\n|t:|1700763685\n|switch|p1a: Clodsire|Clodsire, M|64\/100\n|-damage|p1a: Clodsire|39\/100|[from] Spikes\n|turn|59\n|\n|t:|1700763688\n|move|p2a: Thundurus|Psychic|p1a: Clodsire\n|-supereffective|p1a: Clodsire\n|-damage|p1a: Clodsire|3\/100\n|move|p1a: Clodsire|Recover|p1a: Clodsire\n|-heal|p1a: Clodsire|53\/100\n|\n|upkeep\n|turn|60\n|l|\u2606Rikonkon\n|player|p1|\n|inactive|Battle timer is ON: inactive players will automatically lose when time's up. (requested by ELopez03)\n|c|\u2606ELopez03|gg\n|inactive|Rikonkon has 30 seconds to reconnect!\n|inactive|Rikonkon has 20 seconds to reconnect!\n|inactive|Rikonkon has 15 seconds to reconnect!\n|inactive|Rikonkon has 10 seconds to reconnect!\n|inactive|Rikonkon has 5 seconds to reconnect!\n|-message|Rikonkon lost due to inactivity.\n|\n|win|ELopez03\n|raw|Rikonkon's rating: 1086 &rarr; <strong>1070<\/strong><br \/>(-16 for losing)\n|raw|ELopez03's rating: 1189 &rarr; <strong>1207<\/strong><br \/>(+18 for winning)\n","uploadtime":1700763789,"views":24,"p1id":"rikonkon","p2id":"elopez03","formatid":"gen9ou","rating":1070,"private":0,"password":""}