{"id":"gen9ou-1994155754","p1":"RadicalKoala","p2":"tytutotiteta","format":"[Gen 9] OU","log":"|j|\u2606RadicalKoala\n|j|\u2606tytutotiteta\n|t:|1700413345\n|gametype|singles\n|player|p1|RadicalKoala|pokemaniac|1348\n|player|p2|tytutotiteta|170|1377\n|teamsize|p1|6\n|teamsize|p2|6\n|gen|9\n|tier|[Gen 9] OU\n|rated|\n|rule|Sleep Clause Mod: Limit one foe put to sleep\n|rule|Species Clause: Limit one of each Pok\u00e9mon\n|rule|OHKO Clause: OHKO moves are banned\n|rule|Evasion Items Clause: Evasion items are banned\n|rule|Evasion Moves Clause: Evasion moves are banned\n|rule|Endless Battle Clause: Forcing endless battles is banned\n|rule|HP Percentage Mod: HP is shown in percentages\n|clearpoke\n|poke|p1|Enamorus, F|\n|poke|p1|Dragapult, F|\n|poke|p1|Iron Valiant|\n|poke|p1|Gholdengo|\n|poke|p1|Iron Treads|\n|poke|p1|Dragonite, M|\n|poke|p2|Glimmora, M|\n|poke|p2|Gholdengo|\n|poke|p2|Dragapult, M|\n|poke|p2|Iron Valiant|\n|poke|p2|Dragonite, F|\n|poke|p2|Iron Moth|\n|teampreview\n|\n|t:|1700413353\n|start\n|switch|p1a: Iron Treads|Iron Treads|100\/100\n|switch|p2a: Glimmora|Glimmora, M|100\/100\n|-enditem|p1a: Iron Treads|Booster Energy\n|-activate|p1a: Iron Treads|ability: Quark Drive|[fromitem]\n|-start|p1a: Iron Treads|quarkdrivespe\n|turn|1\n|\n|t:|1700413359\n|move|p1a: Iron Treads|Earthquake|p2a: Glimmora\n|-supereffective|p2a: Glimmora\n|-enditem|p2a: Glimmora|Focus Sash\n|-damage|p2a: Glimmora|1\/100\n|-activate|p2a: Glimmora|ability: Toxic Debris\n|-sidestart|p1: RadicalKoala|move: Toxic Spikes\n|move|p2a: Glimmora|Earth Power|p1a: Iron Treads\n|-supereffective|p1a: Iron Treads\n|-damage|p1a: Iron Treads|32\/100\n|\n|upkeep\n|turn|2\n|\n|t:|1700413364\n|switch|p2a: Gholdengo|Gholdengo|100\/100\n|-item|p2a: Gholdengo|Air Balloon\n|move|p1a: Iron Treads|Rapid Spin|p2a: Gholdengo\n|-immune|p2a: Gholdengo\n|\n|upkeep\n|turn|3\n|inactive|Battle timer is ON: inactive players will automatically lose when time's up. (requested by RadicalKoala)\n|\n|t:|1700413370\n|switch|p2a: Glimmora|Glimmora, M|1\/100\n|move|p1a: Iron Treads|Knock Off|p2a: Glimmora\n|-damage|p2a: Glimmora|0 fnt\n|-activate|p2a: Glimmora|ability: Toxic Debris\n|-sidestart|p1: RadicalKoala|move: Toxic Spikes\n|faint|p2a: Glimmora\n|\n|upkeep\n|\n|t:|1700413376\n|switch|p2a: Iron Moth|Iron Moth|100\/100\n|-enditem|p2a: Iron Moth|Booster Energy\n|-activate|p2a: Iron Moth|ability: Quark Drive|[fromitem]\n|-start|p2a: Iron Moth|quarkdrivespe\n|turn|4\n|\n|t:|1700413384\n|move|p2a: Iron Moth|Fiery Dance|p1a: Iron Treads\n|-supereffective|p1a: Iron Treads\n|-damage|p1a: Iron Treads|0 fnt\n|-boost|p2a: Iron Moth|spa|1\n|faint|p1a: Iron Treads\n|-end|p1a: Iron Treads|Quark Drive|[silent]\n|\n|upkeep\n|\n|t:|1700413389\n|switch|p1a: Dragonite|Dragonite, M|100\/100\n|turn|5\n|\n|t:|1700413397\n|-end|p2a: Iron Moth|Quark Drive|[silent]\n|switch|p2a: Gholdengo|Gholdengo|100\/100\n|-item|p2a: Gholdengo|Air Balloon\n|move|p1a: Dragonite|Dragon Dance|p1a: Dragonite\n|-boost|p1a: Dragonite|atk|1\n|-boost|p1a: Dragonite|spe|1\n|\n|upkeep\n|turn|6\n|\n|t:|1700413403\n|move|p1a: Dragonite|Ice Spinner|p2a: Gholdengo\n|-resisted|p2a: Gholdengo\n|-damage|p2a: Gholdengo|76\/100\n|-enditem|p2a: Gholdengo|Air Balloon\n|move|p2a: Gholdengo|Shadow Ball|p1a: Dragonite\n|-damage|p1a: Dragonite|78\/100\n|\n|upkeep\n|turn|7\n|\n|t:|1700413411\n|move|p1a: Dragonite|Dragon Dance|p1a: Dragonite\n|-boost|p1a: Dragonite|atk|1\n|-boost|p1a: Dragonite|spe|1\n|move|p2a: Gholdengo|Make It Rain|p1a: Dragonite\n|-damage|p1a: Dragonite|17\/100\n|-unboost|p2a: Gholdengo|spa|1\n|\n|upkeep\n|turn|8\n|\n|t:|1700413415\n|move|p1a: Dragonite|Earthquake|p2a: Gholdengo\n|-supereffective|p2a: Gholdengo\n|-damage|p2a: Gholdengo|0 fnt\n|faint|p2a: Gholdengo\n|\n|upkeep\n|\n|t:|1700413419\n|switch|p2a: Dragonite|Dragonite, F|100\/100\n|turn|9\n|\n|t:|1700413421\n|move|p2a: Dragonite|Extreme Speed|p1a: Dragonite\n|-damage|p1a: Dragonite|0 fnt\n|faint|p1a: Dragonite\n|\n|upkeep\n|\n|t:|1700413423\n|switch|p1a: Gholdengo|Gholdengo|100\/100\n|-item|p1a: Gholdengo|Air Balloon\n|turn|10\n|\n|t:|1700413429\n|switch|p2a: Iron Moth|Iron Moth|100\/100\n|move|p1a: Gholdengo|Nasty Plot|p1a: Gholdengo\n|-boost|p1a: Gholdengo|spa|2\n|\n|upkeep\n|turn|11\n|\n|t:|1700413435\n|-terastallize|p1a: Gholdengo|Water\n|move|p2a: Iron Moth|Fiery Dance|p1a: Gholdengo\n|-resisted|p1a: Gholdengo\n|-damage|p1a: Gholdengo|77\/100\n|-enditem|p1a: Gholdengo|Air Balloon\n|move|p1a: Gholdengo|Psyshock|p2a: Iron Moth\n|-supereffective|p2a: Iron Moth\n|-damage|p2a: Iron Moth|0 fnt\n|faint|p2a: Iron Moth\n|-end|p2a: Iron Moth|Quark Drive|[silent]\n|\n|upkeep\n|\n|t:|1700413447\n|switch|p2a: Dragapult|Dragapult, M|100\/100\n|turn|12\n|\n|t:|1700413450\n|move|p2a: Dragapult|Dragon Dance|p2a: Dragapult\n|-boost|p2a: Dragapult|atk|1\n|-boost|p2a: Dragapult|spe|1\n|move|p1a: Gholdengo|Shadow Ball|p2a: Dragapult\n|-supereffective|p2a: Dragapult\n|-enditem|p2a: Dragapult|Focus Sash\n|-damage|p2a: Dragapult|1\/100\n|\n|upkeep\n|turn|13\n|\n|t:|1700413452\n|move|p2a: Dragapult|Dragon Darts|p1a: Gholdengo\n|-damage|p1a: Gholdengo|31\/100\n|-anim|p2a: Dragapult|Dragon Darts|p1a: Gholdengo\n|-damage|p1a: Gholdengo|0 fnt\n|faint|p1a: Gholdengo\n|\n|upkeep\n|\n|t:|1700413455\n|switch|p1a: Enamorus|Enamorus, F|100\/100\n|turn|14\n|\n|t:|1700413460\n|move|p2a: Dragapult|Tera Blast|p1a: Enamorus\n|-damage|p1a: Enamorus|77\/100\n|move|p1a: Enamorus|Moonblast|p2a: Dragapult\n|-supereffective|p2a: Dragapult\n|-damage|p2a: Dragapult|0 fnt\n|faint|p2a: Dragapult\n|\n|-heal|p1a: Enamorus|83\/100|[from] item: Leftovers\n|upkeep\n|\n|t:|1700413469\n|switch|p2a: Dragonite|Dragonite, F|100\/100\n|turn|15\n|\n|t:|1700413473\n|-terastallize|p2a: Dragonite|Normal\n|move|p1a: Enamorus|Moonblast|p2a: Dragonite\n|-damage|p2a: Dragonite|73\/100\n|-unboost|p2a: Dragonite|spa|1\n|move|p2a: Dragonite|Dragon Dance|p2a: Dragonite\n|-boost|p2a: Dragonite|atk|1\n|-boost|p2a: Dragonite|spe|1\n|\n|-heal|p1a: Enamorus|89\/100|[from] item: Leftovers\n|upkeep\n|turn|16\n|\n|t:|1700413478\n|move|p2a: Dragonite|Roost|p2a: Dragonite\n|-heal|p2a: Dragonite|100\/100\n|move|p1a: Enamorus|Earth Power|p2a: Dragonite\n|-damage|p2a: Dragonite|83\/100\n|\n|-heal|p1a: Enamorus|96\/100|[from] item: Leftovers\n|upkeep\n|turn|17\n|\n|t:|1700413484\n|move|p2a: Dragonite|Dragon Dance|p2a: Dragonite\n|-boost|p2a: Dragonite|atk|1\n|-boost|p2a: Dragonite|spe|1\n|move|p1a: Enamorus|Moonblast|p2a: Dragonite\n|-damage|p2a: Dragonite|31\/100\n|-unboost|p2a: Dragonite|spa|1\n|\n|-heal|p1a: Enamorus|100\/100|[from] item: Leftovers\n|upkeep\n|turn|18\n|\n|t:|1700413485\n|move|p2a: Dragonite|Roost|p2a: Dragonite\n|-heal|p2a: Dragonite|81\/100\n|move|p1a: Enamorus|Moonblast|p2a: Dragonite\n|-damage|p2a: Dragonite|31\/100\n|-unboost|p2a: Dragonite|spa|1\n|\n|upkeep\n|turn|19\n|\n|t:|1700413488\n|move|p2a: Dragonite|Roost|p2a: Dragonite\n|-heal|p2a: Dragonite|81\/100\n|move|p1a: Enamorus|Moonblast|p2a: Dragonite\n|-damage|p2a: Dragonite|26\/100\n|\n|upkeep\n|turn|20\n|\n|t:|1700413493\n|move|p2a: Dragonite|Roost|p2a: Dragonite\n|-heal|p2a: Dragonite|76\/100\n|move|p1a: Enamorus|Moonblast|p2a: Dragonite\n|-damage|p2a: Dragonite|19\/100\n|-unboost|p2a: Dragonite|spa|1\n|\n|upkeep\n|turn|21\n|\n|t:|1700413498\n|move|p2a: Dragonite|Extreme Speed|p1a: Enamorus\n|-damage|p1a: Enamorus|0 fnt\n|faint|p1a: Enamorus\n|\n|upkeep\n|\n|t:|1700413506\n|switch|p1a: Dragapult|Dragapult, F|100\/100\n|-status|p1a: Dragapult|tox\n|turn|22\n|\n|t:|1700413514\n|move|p2a: Dragonite|Earthquake|p1a: Dragapult\n|-enditem|p1a: Dragapult|Focus Sash\n|-damage|p1a: Dragapult|1\/100 tox\n|move|p1a: Dragapult|Dragon Darts|p2a: Dragonite\n|-damage|p2a: Dragonite|0 fnt\n|faint|p2a: Dragonite\n|\n|-damage|p1a: Dragapult|0 fnt|[from] psn\n|faint|p1a: Dragapult\n|upkeep\n|\n|t:|1700413520\n|switch|p1a: Iron Valiant|Iron Valiant|100\/100\n|switch|p2a: Iron Valiant|Iron Valiant|100\/100\n|-status|p1a: Iron Valiant|tox\n|-enditem|p2a: Iron Valiant|Booster Energy\n|-activate|p2a: Iron Valiant|ability: Quark Drive|[fromitem]\n|-start|p2a: Iron Valiant|quarkdrivespe\n|-enditem|p1a: Iron Valiant|Booster Energy\n|-activate|p1a: Iron Valiant|ability: Quark Drive|[fromitem]\n|-start|p1a: Iron Valiant|quarkdrivespe\n|turn|23\n|c|\u2606RadicalKoala|gg ^^\n|\n|t:|1700413534\n|move|p1a: Iron Valiant|Moonblast|p2a: Iron Valiant\n|-supereffective|p2a: Iron Valiant\n|-damage|p2a: Iron Valiant|0 fnt\n|faint|p2a: Iron Valiant\n|-end|p2a: Iron Valiant|Quark Drive|[silent]\n|\n|win|RadicalKoala\n|raw|RadicalKoala's rating: 1348 &rarr; <strong>1370<\/strong><br \/>(+22 for winning)\n|raw|tytutotiteta's rating: 1377 &rarr; <strong>1355<\/strong><br \/>(-22 for losing)\n|l|\u2606tytutotiteta\n","uploadtime":1700413542,"views":8,"p1id":"radicalkoala","p2id":"tytutotiteta","formatid":"gen9ou","rating":1355,"private":0,"password":""}