{"id":"gen9ou-1999729455","p1":"silverirtalove","p2":"Daniel32cm","format":"[Gen 9] OU","log":"|j|\u203dsilverirtalove\n|j|\u2606Daniel32cm\n|t:|1701111553\n|gametype|singles\n|player|p1|silverirtalove|cynthia|1040\n|player|p2|Daniel32cm|n|1046\n|teamsize|p1|6\n|teamsize|p2|6\n|gen|9\n|tier|[Gen 9] OU\n|rated|\n|rule|Sleep Clause Mod: Limit one foe put to sleep\n|rule|Species Clause: Limit one of each Pok\u00e9mon\n|rule|OHKO Clause: OHKO moves are banned\n|rule|Evasion Items Clause: Evasion items are banned\n|rule|Evasion Moves Clause: Evasion moves are banned\n|rule|Endless Battle Clause: Forcing endless battles is banned\n|rule|HP Percentage Mod: HP is shown in percentages\n|clearpoke\n|poke|p1|Dragonite, F|\n|poke|p1|Toxapex, F|\n|poke|p1|Skeledirge, M|\n|poke|p1|Kingambit, M|\n|poke|p1|Gholdengo|\n|poke|p1|Rotom-Wash|\n|poke|p2|Ceruledge, M|\n|poke|p2|Grimmsnarl, M|\n|poke|p2|Scizor, M|\n|poke|p2|Garchomp, M|\n|poke|p2|Barraskewda, F|\n|poke|p2|Eelektross, M|\n|teampreview\n|inactive|Battle timer is ON: inactive players will automatically lose when time's up. (requested by Daniel32cm)\n|\n|t:|1701111557\n|start\n|switch|p1a: Toxapex|Toxapex, F|100\/100\n|switch|p2a: Garchomp|Garchomp, M|100\/100\n|turn|1\n|\n|t:|1701111564\n|move|p1a: Toxapex|Baneful Bunker|p1a: Toxapex\n|-singleturn|p1a: Toxapex|move: Protect\n|move|p2a: Garchomp|Outrage|p1a: Toxapex\n|-activate|p1a: Toxapex|move: Protect\n|-status|p2a: Garchomp|psn\n|\n|-damage|p2a: Garchomp|88\/100 psn|[from] psn\n|upkeep\n|turn|2\n|\n|t:|1701111585\n|switch|p1a: Rotom|Rotom-Wash|100\/100\n|move|p2a: Garchomp|Outrage|p1a: Rotom\n|-damage|p1a: Rotom|0 fnt\n|faint|p1a: Rotom\n|-damage|p2a: Garchomp|78\/100 psn|[from] item: Life Orb\n|\n|-damage|p2a: Garchomp|66\/100 psn|[from] psn\n|upkeep\n|\n|t:|1701111595\n|switch|p1a: Gholdengo|Gholdengo|100\/100\n|-item|p1a: Gholdengo|Air Balloon\n|turn|3\n|\n|t:|1701111600\n|move|p2a: Garchomp|Outrage|p1a: Gholdengo|[from]lockedmove\n|-resisted|p1a: Gholdengo\n|-damage|p1a: Gholdengo|48\/100\n|-enditem|p1a: Gholdengo|Air Balloon\n|-damage|p2a: Garchomp|56\/100 psn|[from] item: Life Orb\n|move|p1a: Gholdengo|Make It Rain|p2a: Garchomp\n|-damage|p2a: Garchomp|0 fnt\n|-unboost|p1a: Gholdengo|spa|1\n|faint|p2a: Garchomp\n|\n|upkeep\n|\n|t:|1701111624\n|switch|p2a: Scizor|Scizor, M|100\/100\n|turn|4\n|\n|t:|1701111630\n|switch|p1a: Skeledirge|Skeledirge, M|100\/100\n|move|p2a: Scizor|Close Combat|p1a: Skeledirge\n|-immune|p1a: Skeledirge\n|\n|upkeep\n|turn|5\n|\n|t:|1701111645\n|switch|p2a: Barraskewda|Barraskewda, F, shiny|100\/100\n|move|p1a: Skeledirge|Torch Song|p2a: Barraskewda\n|-resisted|p2a: Barraskewda\n|-damage|p2a: Barraskewda|77\/100\n|-boost|p1a: Skeledirge|spa|1\n|\n|-heal|p2a: Barraskewda|83\/100|[from] item: Leftovers\n|upkeep\n|turn|6\n|inactive|silverirtalove has 120 seconds left.\n|\n|t:|1701111689\n|switch|p1a: Dragonite|Dragonite, F|100\/100\n|move|p2a: Barraskewda|Liquidation|p1a: Dragonite\n|-resisted|p1a: Dragonite\n|-damage|p1a: Dragonite|90\/100\n|\n|-heal|p2a: Barraskewda|89\/100|[from] item: Leftovers\n|-heal|p1a: Dragonite|97\/100|[from] item: Leftovers\n|upkeep\n|turn|7\n|\n|t:|1701111702\n|move|p1a: Dragonite|Extreme Speed|p2a: Barraskewda\n|-damage|p2a: Barraskewda|41\/100\n|move|p2a: Barraskewda|Poison Jab|p1a: Dragonite\n|-damage|p1a: Dragonite|68\/100\n|\n|-heal|p2a: Barraskewda|47\/100|[from] item: Leftovers\n|-heal|p1a: Dragonite|75\/100|[from] item: Leftovers\n|upkeep\n|turn|8\n|inactive|Daniel32cm has 120 seconds left.\n|\n|t:|1701111734\n|switch|p2a: Grimmsnarl|Grimmsnarl, M, shiny|100\/100\n|-item|p1a: Dragonite|Leftovers|[from] ability: Frisk|[of] p2a: Grimmsnarl|[identify]\n|move|p1a: Dragonite|Extreme Speed|p2a: Grimmsnarl\n|-damage|p2a: Grimmsnarl|70\/100\n|\n|-heal|p1a: Dragonite|81\/100|[from] item: Leftovers\n|-heal|p2a: Grimmsnarl|76\/100|[from] item: Leftovers\n|upkeep\n|turn|9\n|inactive|silverirtalove has 120 seconds left.\n|\n|t:|1701111756\n|move|p1a: Dragonite|Extreme Speed|p2a: Grimmsnarl\n|-damage|p2a: Grimmsnarl|46\/100\n|move|p2a: Grimmsnarl|Play Rough|p1a: Dragonite\n|-supereffective|p1a: Dragonite\n|-damage|p1a: Dragonite|0 fnt\n|faint|p1a: Dragonite\n|\n|-heal|p2a: Grimmsnarl|52\/100|[from] item: Leftovers\n|upkeep\n|inactive|silverirtalove has 90 seconds left.\n|\n|t:|1701111786\n|switch|p1a: Kingambit|Kingambit, M|100\/100\n|-activate|p1a: Kingambit|ability: Supreme Overlord\n|-start|p1a: Kingambit|fallen2|[silent]\n|turn|10\n|inactive|silverirtalove has 90 seconds left.\n|\n|t:|1701111795\n|move|p2a: Grimmsnarl|Body Press|p1a: Kingambit\n|-supereffective|p1a: Kingambit\n|-damage|p1a: Kingambit|59\/100\n|move|p1a: Kingambit|Iron Head|p2a: Grimmsnarl\n|-supereffective|p2a: Grimmsnarl\n|-damage|p2a: Grimmsnarl|0 fnt\n|faint|p2a: Grimmsnarl\n|\n|upkeep\n|\n|t:|1701111799\n|switch|p2a: Scizor|Scizor, M|100\/100\n|turn|11\n|\n|t:|1701111805\n|-end|p1a: Kingambit|fallen2|[silent]\n|switch|p1a: Skeledirge|Skeledirge, M|100\/100\n|move|p2a: Scizor|Close Combat|p1a: Skeledirge\n|-immune|p1a: Skeledirge\n|\n|upkeep\n|turn|12\n|\n|t:|1701111811\n|switch|p2a: Barraskewda|Barraskewda, F, shiny|47\/100\n|move|p1a: Skeledirge|Torch Song|p2a: Barraskewda\n|-resisted|p2a: Barraskewda\n|-damage|p2a: Barraskewda|22\/100\n|-boost|p1a: Skeledirge|spa|1\n|\n|-heal|p2a: Barraskewda|28\/100|[from] item: Leftovers\n|upkeep\n|turn|13\n|\n|t:|1701111820\n|move|p2a: Barraskewda|Liquidation|p1a: Skeledirge\n|-supereffective|p1a: Skeledirge\n|-damage|p1a: Skeledirge|33\/100\n|move|p1a: Skeledirge|Hex|p2a: Barraskewda\n|-damage|p2a: Barraskewda|0 fnt\n|faint|p2a: Barraskewda\n|\n|upkeep\n|\n|t:|1701111840\n|switch|p2a: Eelektross|Eelektross, M|100\/100\n|turn|14\n|inactive|silverirtalove has 120 seconds left.\n|inactive|silverirtalove has 90 seconds left.\n|inactive|silverirtalove has 60 seconds left.\n|\n|t:|1701111916\n|move|p1a: Skeledirge|Slack Off|p1a: Skeledirge\n|-heal|p1a: Skeledirge|83\/100\n|move|p2a: Eelektross|Hex|p1a: Skeledirge\n|-supereffective|p1a: Skeledirge\n|-damage|p1a: Skeledirge|48\/100\n|\n|upkeep\n|turn|15\n|\n|t:|1701111922\n|move|p1a: Skeledirge|Slack Off|p1a: Skeledirge\n|-heal|p1a: Skeledirge|98\/100\n|move|p2a: Eelektross|Hex|p1a: Skeledirge\n|-supereffective|p1a: Skeledirge\n|-damage|p1a: Skeledirge|67\/100\n|\n|upkeep\n|turn|16\n|inactive|silverirtalove has 60 seconds left.\n|\n|t:|1701111929\n|move|p1a: Skeledirge|Torch Song|p2a: Eelektross\n|-damage|p2a: Eelektross|47\/100\n|-boost|p1a: Skeledirge|spa|1\n|move|p2a: Eelektross|Hex|p1a: Skeledirge\n|-supereffective|p1a: Skeledirge\n|-damage|p1a: Skeledirge|30\/100\n|\n|-heal|p2a: Eelektross|54\/100|[from] item: Leftovers\n|upkeep\n|turn|17\n|\n|t:|1701111937\n|move|p1a: Skeledirge|Torch Song|p2a: Eelektross\n|-damage|p2a: Eelektross|0 fnt\n|-boost|p1a: Skeledirge|spa|1\n|faint|p2a: Eelektross\n|\n|upkeep\n|\n|t:|1701111941\n|switch|p2a: Ceruledge|Ceruledge, M, shiny|100\/100\n|turn|18\n|\n|t:|1701111944\n|move|p2a: Ceruledge|Poltergeist|p1a: Skeledirge\n|-activate|p1a: Skeledirge|move: Poltergeist|Heavy-Duty Boots\n|-supereffective|p1a: Skeledirge\n|-damage|p1a: Skeledirge|0 fnt\n|faint|p1a: Skeledirge\n|\n|upkeep\n|\n|t:|1701111950\n|switch|p1a: Gholdengo|Gholdengo|48\/100\n|turn|19\n|\n|t:|1701111954\n|move|p1a: Gholdengo|Shadow Ball|p2a: Ceruledge\n|-supereffective|p2a: Ceruledge\n|-damage|p2a: Ceruledge|3\/100\n|move|p2a: Ceruledge|Poltergeist||[still]\n|-fail|p2a: Ceruledge\n|\n|-heal|p2a: Ceruledge|9\/100|[from] item: Leftovers\n|upkeep\n|turn|20\n|\n|t:|1701111970\n|move|p1a: Gholdengo|Shadow Ball|p2a: Ceruledge\n|-supereffective|p2a: Ceruledge\n|-damage|p2a: Ceruledge|0 fnt\n|faint|p2a: Ceruledge\n|\n|upkeep\n|\n|t:|1701111973\n|switch|p2a: Scizor|Scizor, M|100\/100\n|turn|21\n|\n|t:|1701111991\n|-terastallize|p2a: Scizor|Water\n|move|p1a: Gholdengo|Trick|p2a: Scizor\n|-activate|p1a: Gholdengo|move: Trick|[of] p2a: Scizor\n|-enditem|p2a: Scizor|Life Orb|[silent]|[from] move: Trick\n|-item|p1a: Gholdengo|Life Orb|[from] move: Trick\n|move|p2a: Scizor|Close Combat|p1a: Gholdengo\n|-immune|p1a: Gholdengo\n|\n|upkeep\n|turn|22\n|\n|t:|1701111999\n|move|p1a: Gholdengo|Make It Rain|p2a: Scizor\n|-resisted|p2a: Scizor\n|-damage|p2a: Scizor|45\/100\n|-unboost|p1a: Gholdengo|spa|1\n|-damage|p1a: Gholdengo|39\/100|[from] item: Life Orb\n|move|p2a: Scizor|Acrobatics|p1a: Gholdengo\n|-resisted|p1a: Gholdengo\n|-damage|p1a: Gholdengo|16\/100\n|\n|upkeep\n|turn|23\n|\n|t:|1701112010\n|move|p1a: Gholdengo|Shadow Ball|p2a: Scizor\n|-damage|p2a: Scizor|0 fnt\n|faint|p2a: Scizor\n|-damage|p1a: Gholdengo|6\/100|[from] item: Life Orb\n|\n|win|silverirtalove\n|raw|silverirtalove's rating: 1040 &rarr; <strong>1075<\/strong><br \/>(+35 for winning)\n|raw|Daniel32cm's rating: 1046 &rarr; <strong>1029<\/strong><br \/>(-17 for losing)\n|l|\u2606Daniel32cm\n","uploadtime":1701112017,"views":7,"p1id":"silverirtalove","p2id":"daniel32cm","formatid":"gen9ou","rating":1029,"private":0,"password":""}