{"id":"gen9ou-1991434921","p1":"brant44","p2":"Ses1on","format":"[Gen 9] OU","log":"|j|\u2606brant44\n|j|\u2606Ses1on\n|t:|1700076836\n|gametype|singles\n|player|p1|brant44|265|1008\n|player|p2|Ses1on|clerkf|1103\n|teamsize|p1|6\n|teamsize|p2|6\n|gen|9\n|tier|[Gen 9] OU\n|rated|\n|rule|Sleep Clause Mod: Limit one foe put to sleep\n|rule|Species Clause: Limit one of each Pok\u00e9mon\n|rule|OHKO Clause: OHKO moves are banned\n|rule|Evasion Items Clause: Evasion items are banned\n|rule|Evasion Moves Clause: Evasion moves are banned\n|rule|Endless Battle Clause: Forcing endless battles is banned\n|rule|HP Percentage Mod: HP is shown in percentages\n|clearpoke\n|poke|p1|Blissey, F|\n|poke|p1|Ditto|\n|poke|p1|Dondozo, F|\n|poke|p1|Toxapex, M|\n|poke|p1|Alomomola, M|\n|poke|p1|Ting-Lu|\n|poke|p2|Jirachi|\n|poke|p2|Slowking-Galar, F|\n|poke|p2|Rillaboom, F|\n|poke|p2|Greninja-*, M|\n|poke|p2|Zapdos-Galar|\n|poke|p2|Mandibuzz, F|\n|teampreview\n|\n|t:|1700076851\n|start\n|switch|p1a: Toxapex|Toxapex, M|100\/100\n|switch|p2a: Slowking|Slowking-Galar, F|100\/100\n|turn|1\n|\n|t:|1700076864\n|switch|p1a: Ting-Lu|Ting-Lu|100\/100\n|-ability|p1a: Ting-Lu|Vessel of Ruin\n|move|p2a: Slowking|Future Sight|p1a: Ting-Lu\n|-start|p2a: Slowking|move: Future Sight\n|\n|upkeep\n|turn|2\n|\n|t:|1700076869\n|move|p1a: Ting-Lu|Spikes|p2a: Slowking\n|-sidestart|p2: Ses1on|Spikes\n|move|p2a: Slowking|Toxic|p1a: Ting-Lu\n|-status|p1a: Ting-Lu|tox\n|\n|-damage|p1a: Ting-Lu|94\/100 tox|[from] psn\n|upkeep\n|turn|3\n|\n|t:|1700076874\n|move|p1a: Ting-Lu|Spikes|p2a: Slowking\n|-sidestart|p2: Ses1on|Spikes\n|move|p2a: Slowking|Ice Beam|p1a: Ting-Lu\n|-supereffective|p1a: Ting-Lu\n|-damage|p1a: Ting-Lu|75\/100 tox\n|\n|-end|p1a: Ting-Lu|move: Future Sight\n|-immune|p1a: Ting-Lu\n|-damage|p1a: Ting-Lu|63\/100 tox|[from] psn\n|upkeep\n|turn|4\n|\n|t:|1700076879\n|move|p1a: Ting-Lu|Spikes|p2a: Slowking\n|-sidestart|p2: Ses1on|Spikes\n|move|p2a: Slowking|Chilly Reception|p2a: Slowking\n|-weather|Snow\n|\n|t:|1700076883\n|switch|p2a: Mandibuzz|Mandibuzz, F|100\/100|[from] Chilly Reception\n|\n|-weather|Snow|[upkeep]\n|-damage|p1a: Ting-Lu|44\/100 tox|[from] psn\n|upkeep\n|turn|5\n|\n|t:|1700076889\n|move|p2a: Mandibuzz|Defog|p1a: Ting-Lu\n|-unboost|p1a: Ting-Lu|evasion|1\n|-sideend|p2: Ses1on|Spikes|[from] move: Defog|[of] p2a: Mandibuzz\n|move|p1a: Ting-Lu|Rest|p1a: Ting-Lu\n|-status|p1a: Ting-Lu|slp|[from] move: Rest\n|-heal|p1a: Ting-Lu|100\/100 slp|[silent]\n|\n|-weather|Snow|[upkeep]\n|upkeep\n|turn|6\n|\n|t:|1700076904\n|switch|p2a: Zapdos|Zapdos-Galar|100\/100\n|switch|p1a: Dondozo|Dondozo, F|100\/100\n|\n|-weather|Snow|[upkeep]\n|upkeep\n|turn|7\n|\n|t:|1700076917\n|move|p2a: Zapdos|U-turn|p1a: Dondozo\n|-damage|p1a: Dondozo|90\/100\n|\n|t:|1700076922\n|switch|p2a: Jirachi|Jirachi|100\/100|[from] U-turn\n|move|p1a: Dondozo|Avalanche|p2a: Jirachi\n|-resisted|p2a: Jirachi\n|-damage|p2a: Jirachi|97\/100\n|-damage|p1a: Dondozo|73\/100|[from] item: Rocky Helmet|[of] p2a: Jirachi\n|\n|-weather|Snow|[upkeep]\n|upkeep\n|turn|8\n|\n|t:|1700076938\n|switch|p1a: Ting-Lu|Ting-Lu|100\/100 slp\n|-ability|p1a: Ting-Lu|Vessel of Ruin\n|move|p2a: Jirachi|Doom Desire|p1a: Ting-Lu\n|-start|p2a: Jirachi|Doom Desire\n|\n|-weather|none\n|upkeep\n|turn|9\n|\n|t:|1700076949\n|move|p2a: Jirachi|Stealth Rock|p1a: Ting-Lu\n|-sidestart|p1: brant44|move: Stealth Rock\n|cant|p1a: Ting-Lu|slp\n|\n|upkeep\n|turn|10\n|\n|t:|1700076951\n|move|p2a: Jirachi|U-turn|p1a: Ting-Lu\n|-supereffective|p1a: Ting-Lu\n|-damage|p1a: Ting-Lu|83\/100 slp\n|\n|t:|1700076954\n|switch|p2a: Rillaboom|Rillaboom, F, shiny|100\/100|[from] U-turn\n|-fieldstart|move: Grassy Terrain|[from] ability: Grassy Surge|[of] p2a: Rillaboom\n|cant|p1a: Ting-Lu|slp\n|\n|-end|p1a: Ting-Lu|move: Doom Desire\n|-damage|p1a: Ting-Lu|61\/100 slp\n|-heal|p1a: Ting-Lu|67\/100 slp|[from] Grassy Terrain\n|upkeep\n|turn|11\n|\n|t:|1700076962\n|-curestatus|p1a: Ting-Lu|slp|[msg]\n|move|p1a: Ting-Lu|Protect|p1a: Ting-Lu\n|-singleturn|p1a: Ting-Lu|Protect\n|move|p2a: Rillaboom|Wood Hammer|p1a: Ting-Lu\n|-activate|p1a: Ting-Lu|move: Protect\n|\n|-heal|p1a: Ting-Lu|74\/100|[from] Grassy Terrain\n|upkeep\n|turn|12\n|\n|t:|1700076976\n|switch|p2a: Zapdos|Zapdos-Galar|100\/100\n|switch|p1a: Dondozo|Dondozo, F|73\/100\n|\n|-heal|p1a: Dondozo|79\/100|[from] Grassy Terrain\n|upkeep\n|turn|13\n|\n|t:|1700076984\n|move|p2a: Zapdos|U-turn|p1a: Dondozo\n|-damage|p1a: Dondozo|68\/100\n|\n|t:|1700076988\n|switch|p2a: Jirachi|Jirachi|97\/100|[from] U-turn\n|move|p1a: Dondozo|Body Press|p2a: Jirachi\n|-damage|p2a: Jirachi|78\/100\n|-damage|p1a: Dondozo|52\/100|[from] item: Rocky Helmet|[of] p2a: Jirachi\n|\n|-heal|p2a: Jirachi|85\/100|[from] Grassy Terrain\n|-heal|p1a: Dondozo|58\/100|[from] Grassy Terrain\n|upkeep\n|turn|14\n|\n|t:|1700076999\n|switch|p1a: Alomomola|Alomomola, M|100\/100\n|move|p2a: Jirachi|Wish|p2a: Jirachi\n|\n|-heal|p2a: Jirachi|91\/100|[from] Grassy Terrain\n|-fieldend|move: Grassy Terrain\n|upkeep\n|turn|15\n|\n|t:|1700077005\n|move|p2a: Jirachi|Doom Desire|p1a: Alomomola\n|-start|p2a: Jirachi|Doom Desire\n|move|p1a: Alomomola|Whirlpool|p2a: Jirachi\n|-damage|p2a: Jirachi|85\/100\n|-activate|p2a: Jirachi|move: Whirlpool|[of] p1a: Alomomola\n|\n|-heal|p2a: Jirachi|100\/100|[from] move: Wish|[wisher] Jirachi\n|-damage|p2a: Jirachi|88\/100|[from] move: Whirlpool|[partiallytrapped]\n|upkeep\n|turn|16\n|\n|t:|1700077020\n|move|p2a: Jirachi|U-turn|p1a: Alomomola\n|-damage|p1a: Alomomola|93\/100\n|\n|t:|1700077031\n|switch|p2a: Greninja|Greninja, M|100\/100|[from] U-turn\n|move|p1a: Alomomola|Chilling Water|p2a: Greninja\n|-resisted|p2a: Greninja\n|-damage|p2a: Greninja|94\/100\n|-unboost|p2a: Greninja|atk|1\n|\n|upkeep\n|turn|17\n|\n|t:|1700077043\n|switch|p1a: Dondozo|Dondozo, F|58\/100\n|move|p2a: Greninja|Dark Pulse|p1a: Dondozo\n|-damage|p1a: Dondozo|13\/100\n|-damage|p2a: Greninja|84\/100|[from] item: Life Orb\n|\n|-end|p1a: Dondozo|move: Doom Desire\n|-resisted|p1a: Dondozo\n|-damage|p1a: Dondozo|0 fnt\n|faint|p1a: Dondozo\n|upkeep\n|\n|t:|1700077052\n|switch|p1a: Toxapex|Toxapex, M|100\/100\n|turn|18\n|\n|t:|1700077067\n|move|p2a: Greninja|Dark Pulse|p1a: Toxapex\n|-crit|p1a: Toxapex\n|-damage|p1a: Toxapex|41\/100\n|-damage|p2a: Greninja|75\/100|[from] item: Life Orb\n|move|p1a: Toxapex|Toxic Spikes|p2a: Greninja\n|-sidestart|p2: Ses1on|move: Toxic Spikes\n|\n|upkeep\n|turn|19\n|\n|t:|1700077071\n|move|p2a: Greninja|Dark Pulse|p1a: Toxapex\n|-damage|p1a: Toxapex|3\/100\n|-damage|p2a: Greninja|65\/100|[from] item: Life Orb\n|cant|p1a: Toxapex|flinch\n|\n|upkeep\n|turn|20\n|\n|t:|1700077075\n|move|p2a: Greninja|Dark Pulse|p1a: Toxapex\n|-damage|p1a: Toxapex|0 fnt\n|faint|p1a: Toxapex\n|-ability|p2a: Greninja|Battle Bond|boost\n|-boost|p2a: Greninja|atk|1\n|-boost|p2a: Greninja|spa|1\n|-boost|p2a: Greninja|spe|1\n|-activate|p2a: Greninja|ability: Battle Bond\n|-damage|p2a: Greninja|55\/100|[from] item: Life Orb\n|\n|upkeep\n|\n|t:|1700077079\n|switch|p1a: Ditto|Ditto|100\/100\n|-damage|p1a: Ditto|88\/100|[from] Stealth Rock\n|-transform|p1a: Ditto|p2a: Greninja|[from] ability: Imposter\n|-item|p1a: Ditto|Air Balloon\n|turn|21\n|\n|t:|1700077102\n|move|p1a: Ditto|Hydro Pump|p2a: Greninja\n|-resisted|p2a: Greninja\n|-damage|p2a: Greninja|6\/100\n|move|p2a: Greninja|Dark Pulse|p1a: Ditto\n|-resisted|p1a: Ditto\n|-damage|p1a: Ditto|34\/100\n|-enditem|p1a: Ditto|Air Balloon\n|-damage|p2a: Greninja|0 fnt|[from] item: Life Orb\n|faint|p2a: Greninja\n|\n|upkeep\n|\n|t:|1700077118\n|switch|p2a: Zapdos|Zapdos-Galar|100\/100\n|turn|22\n|\n|t:|1700077129\n|move|p1a: Ditto|Hydro Pump|p2a: Zapdos\n|-damage|p2a: Zapdos|15\/100\n|move|p2a: Zapdos|U-turn|p1a: Ditto\n|-supereffective|p1a: Ditto\n|-damage|p1a: Ditto|0 fnt\n|faint|p1a: Ditto\n|\n|t:|1700077135\n|switch|p2a: Jirachi|Jirachi|88\/100|[from] U-turn\n|\n|upkeep\n|\n|t:|1700077142\n|switch|p1a: Ting-Lu|Ting-Lu|74\/100\n|-ability|p1a: Ting-Lu|Vessel of Ruin\n|turn|23\n|\n|t:|1700077148\n|move|p2a: Jirachi|Wish|p2a: Jirachi\n|move|p1a: Ting-Lu|Earthquake|p2a: Jirachi\n|-supereffective|p2a: Jirachi\n|-damage|p2a: Jirachi|42\/100\n|\n|upkeep\n|turn|24\n|\n|t:|1700077160\n|switch|p2a: Zapdos|Zapdos-Galar|15\/100\n|move|p1a: Ting-Lu|Earthquake|p2a: Zapdos\n|-immune|p2a: Zapdos\n|\n|-heal|p2a: Zapdos|77\/100|[from] move: Wish|[wisher] Jirachi\n|upkeep\n|turn|25\n|-message|brant44 forfeited.\n|\n|win|Ses1on\n|raw|brant44's rating: 1008 &rarr; <strong>1000<\/strong><br \/>(-8 for losing)\n|raw|Ses1on's rating: 1103 &rarr; <strong>1121<\/strong><br \/>(+18 for winning)\n|l|\u2606brant44\n","uploadtime":1700077170,"views":8,"p1id":"brant44","p2id":"ses1on","formatid":"gen9ou","rating":1000,"private":0,"password":""}