{"id":"gen9ou-1996710144","p1":"AkiDes","p2":"Kiromi_sempai","format":"[Gen 9] OU","log":"|j|\u2606AkiDes\n|j|\u2606Kiromi_sempai\n|t:|1700712821\n|gametype|singles\n|player|p1|AkiDes|cilan|1084\n|player|p2|Kiromi_sempai|2|1000\n|teamsize|p1|6\n|teamsize|p2|6\n|gen|9\n|tier|[Gen 9] OU\n|rated|\n|rule|Sleep Clause Mod: Limit one foe put to sleep\n|rule|Species Clause: Limit one of each Pok\u00e9mon\n|rule|OHKO Clause: OHKO moves are banned\n|rule|Evasion Items Clause: Evasion items are banned\n|rule|Evasion Moves Clause: Evasion moves are banned\n|rule|Endless Battle Clause: Forcing endless battles is banned\n|rule|HP Percentage Mod: HP is shown in percentages\n|clearpoke\n|poke|p1|Greninja-*, M|\n|poke|p1|Dragonite, M|\n|poke|p1|Cinderace, F|\n|poke|p1|Mandibuzz, F|\n|poke|p1|Jolteon, M|\n|poke|p1|Gengar, M|\n|poke|p2|Vaporeon, F|\n|poke|p2|Flareon, F|\n|poke|p2|Espeon, F|\n|poke|p2|Umbreon, F|\n|poke|p2|Leafeon, F|\n|poke|p2|Chandelure, F|\n|teampreview\n|inactive|Battle timer is ON: inactive players will automatically lose when time's up. (requested by Kiromi_sempai)\n|\n|t:|1700712826\n|start\n|switch|p1a: Jarcres|Jolteon, M|100\/100\n|switch|p2a: Chandelure|Chandelure, F|100\/100\n|turn|1\n|\n|t:|1700712838\n|move|p1a: Jarcres|Volt Switch|p2a: Chandelure\n|-damage|p2a: Chandelure|66\/100\n|\n|t:|1700712846\n|switch|p1a: Festin celestial|Mandibuzz, F|100\/100|[from] Volt Switch\n|move|p2a: Chandelure|Overheat|p1a: Festin celestial\n|-damage|p1a: Festin celestial|37\/100\n|-unboost|p2a: Chandelure|spa|2\n|\n|upkeep\n|turn|2\n|inactive|Kiromi_sempai has 120 seconds left.\n|\n|t:|1700712891\n|switch|p2a: Vaporeon|Vaporeon, F|100\/100\n|move|p1a: Festin celestial|Roost|p1a: Festin celestial\n|-heal|p1a: Festin celestial|87\/100\n|-singleturn|p1a: Festin celestial|move: Roost\n|\n|upkeep\n|turn|3\n|\n|t:|1700712906\n|-terastallize|p2a: Vaporeon|Steel\n|move|p1a: Festin celestial|Toxic|p2a: Vaporeon\n|-immune|p2a: Vaporeon\n|move|p2a: Vaporeon|Scald|p1a: Festin celestial\n|-damage|p1a: Festin celestial|61\/100\n|\n|upkeep\n|turn|4\n|\n|t:|1700712926\n|switch|p1a: Chispin|Greninja, M, shiny|100\/100\n|move|p2a: Vaporeon|Acid Armor|p2a: Vaporeon\n|-boost|p2a: Vaporeon|def|2\n|\n|upkeep\n|turn|5\n|\n|t:|1700712947\n|move|p1a: Chispin|Hydro Pump|p2a: Vaporeon\n|-start|p1a: Chispin|typechange|Water|[from] ability: Protean\n|-immune|p2a: Vaporeon|[from] ability: Water Absorb\n|move|p2a: Vaporeon|Calm Mind|p2a: Vaporeon\n|-boost|p2a: Vaporeon|spa|1\n|-boost|p2a: Vaporeon|spd|1\n|\n|upkeep\n|turn|6\n|\n|t:|1700712961\n|switch|p1a: Clefable? ._.|Gengar, M|100\/100\n|move|p2a: Vaporeon|Acid Armor|p2a: Vaporeon\n|-boost|p2a: Vaporeon|def|2\n|\n|upkeep\n|turn|7\n|\n|t:|1700712969\n|move|p1a: Clefable? ._.|Substitute|p1a: Clefable? ._.\n|-start|p1a: Clefable? ._.|Substitute\n|-damage|p1a: Clefable? ._.|76\/100\n|move|p2a: Vaporeon|Calm Mind|p2a: Vaporeon\n|-boost|p2a: Vaporeon|spa|1\n|-boost|p2a: Vaporeon|spd|1\n|\n|-heal|p1a: Clefable? ._.|82\/100|[from] item: Leftovers\n|upkeep\n|turn|8\n|\n|t:|1700712988\n|move|p1a: Clefable? ._.|Shadow Ball|p2a: Vaporeon\n|-damage|p2a: Vaporeon|89\/100\n|move|p2a: Vaporeon|Scald|p1a: Clefable? ._.\n|-end|p1a: Clefable? ._.|Substitute\n|\n|-heal|p1a: Clefable? ._.|88\/100|[from] item: Leftovers\n|-heal|p2a: Vaporeon|96\/100|[from] item: Leftovers\n|upkeep\n|turn|9\n|l|\u2606Kiromi_sempai\n|inactive|Kiromi_sempai disconnected and has a minute to reconnect!\n|player|p2|\n|j|\u2606Kiromi_sempai\n|inactive|Kiromi_sempai reconnected and has 75 seconds left.\n|player|p2|Kiromi_sempai|2\n|\n|t:|1700713031\n|move|p1a: Clefable? ._.|Substitute|p1a: Clefable? ._.\n|-start|p1a: Clefable? ._.|Substitute\n|-damage|p1a: Clefable? ._.|63\/100\n|move|p2a: Vaporeon|Scald|p1a: Clefable? ._.\n|-end|p1a: Clefable? ._.|Substitute\n|\n|-heal|p1a: Clefable? ._.|69\/100|[from] item: Leftovers\n|-heal|p2a: Vaporeon|100\/100|[from] item: Leftovers\n|upkeep\n|turn|10\n|\n|t:|1700713041\n|move|p1a: Clefable? ._.|Destiny Bond|p1a: Clefable? ._.\n|-singlemove|p1a: Clefable? ._.|Destiny Bond\n|move|p2a: Vaporeon|Scald|p1a: Clefable? ._.\n|-damage|p1a: Clefable? ._.|0 fnt\n|faint|p1a: Clefable? ._.\n|-activate|p1a: Clefable? ._.|move: Destiny Bond\n|faint|p2a: Vaporeon\n|\n|upkeep\n|\n|t:|1700713053\n|switch|p1a: Jarcres|Jolteon, M|100\/100\n|switch|p2a: Chandelure|Chandelure, F|66\/100\n|turn|11\n|\n|t:|1700713077\n|move|p1a: Jarcres|Volt Switch|p2a: Chandelure\n|-damage|p2a: Chandelure|30\/100\n|\n|t:|1700713085\n|switch|p1a: Festin celestial|Mandibuzz, F|61\/100|[from] Volt Switch\n|move|p2a: Chandelure|Overheat|p1a: Festin celestial\n|-damage|p1a: Festin celestial|0 fnt\n|-unboost|p2a: Chandelure|spa|2\n|faint|p1a: Festin celestial\n|\n|upkeep\n|\n|t:|1700713089\n|switch|p1a: Jarcres|Jolteon, M|100\/100\n|turn|12\n|\n|t:|1700713097\n|switch|p2a: Flareon|Flareon, F|100\/100\n|move|p1a: Jarcres|Volt Switch|p2a: Flareon\n|-damage|p2a: Flareon|55\/100\n|\n|t:|1700713106\n|switch|p1a: Cacahuate|Dragonite, M|100\/100|[from] Volt Switch\n|\n|upkeep\n|turn|13\n|inactive|Kiromi_sempai has 90 seconds left.\n|\n|t:|1700713120\n|move|p1a: Cacahuate|Dragon Dance|p1a: Cacahuate\n|-boost|p1a: Cacahuate|atk|1\n|-boost|p1a: Cacahuate|spe|1\n|move|p2a: Flareon|Giga Impact|p1a: Cacahuate\n|-damage|p1a: Cacahuate|76\/100\n|-mustrecharge|p2a: Flareon\n|\n|upkeep\n|turn|14\n|inactive|Kiromi_sempai has 90 seconds left.\n|\n|t:|1700713128\n|move|p1a: Cacahuate|Dragon Dance|p1a: Cacahuate\n|-boost|p1a: Cacahuate|atk|1\n|-boost|p1a: Cacahuate|spe|1\n|cant|p2a: Flareon|recharge\n|\n|upkeep\n|turn|15\n|\n|t:|1700713133\n|switch|p2a: Umbreon|Umbreon, F|100\/100\n|move|p1a: Cacahuate|Earthquake|p2a: Umbreon\n|-damage|p2a: Umbreon|54\/100\n|\n|-heal|p2a: Umbreon|60\/100|[from] item: Leftovers\n|upkeep\n|turn|16\n|\n|t:|1700713145\n|-terastallize|p1a: Cacahuate|Normal\n|move|p1a: Cacahuate|Extreme Speed|p2a: Umbreon\n|-damage|p2a: Umbreon|1\/100\n|move|p2a: Umbreon|Foul Play|p1a: Cacahuate\n|-damage|p1a: Cacahuate|0 fnt\n|faint|p1a: Cacahuate\n|\n|-heal|p2a: Umbreon|7\/100|[from] item: Leftovers\n|upkeep\n|\n|t:|1700713152\n|switch|p1a: Jarcres|Jolteon, M|100\/100\n|turn|17\n|\n|t:|1700713172\n|move|p2a: Umbreon|Protect|p2a: Umbreon\n|-singleturn|p2a: Umbreon|Protect\n|move|p1a: Jarcres|Volt Switch|p2a: Umbreon\n|-activate|p2a: Umbreon|move: Protect\n|\n|-heal|p2a: Umbreon|13\/100|[from] item: Leftovers\n|upkeep\n|turn|18\n|inactive|Kiromi_sempai has 90 seconds left.\n|\n|t:|1700713195\n|switch|p2a: Flareon|Flareon, F|55\/100\n|move|p1a: Jarcres|Volt Switch|p2a: Flareon\n|-damage|p2a: Flareon|9\/100\n|\n|t:|1700713205\n|switch|p1a: Chispin|Greninja, M, shiny|100\/100|[from] Volt Switch\n|\n|upkeep\n|turn|19\n|\n|t:|1700713210\n|move|p2a: Flareon|Quick Attack|p1a: Chispin\n|-damage|p1a: Chispin|80\/100\n|move|p1a: Chispin|Dark Pulse|p2a: Flareon\n|-start|p1a: Chispin|typechange|Dark|[from] ability: Protean\n|-damage|p2a: Flareon|0 fnt\n|faint|p2a: Flareon\n|\n|upkeep\n|inactive|Kiromi_sempai has 90 seconds left.\n|\n|t:|1700713230\n|switch|p2a: Umbreon|Umbreon, F|13\/100\n|turn|20\n|inactive|Kiromi_sempai has 90 seconds left.\n|\n|t:|1700713246\n|move|p1a: Chispin|Dark Pulse|p2a: Umbreon\n|-resisted|p2a: Umbreon\n|-damage|p2a: Umbreon|0 fnt\n|faint|p2a: Umbreon\n|\n|upkeep\n|inactive|Kiromi_sempai has 90 seconds left.\n|\n|t:|1700713256\n|switch|p2a: Chandelure|Chandelure, F|30\/100\n|turn|21\n|inactive|Kiromi_sempai has 90 seconds left.\n|\n|t:|1700713265\n|move|p1a: Chispin|Dark Pulse|p2a: Chandelure\n|-supereffective|p2a: Chandelure\n|-damage|p2a: Chandelure|0 fnt\n|faint|p2a: Chandelure\n|\n|upkeep\n|inactive|Kiromi_sempai has 90 seconds left.\n|\n|t:|1700713272\n|switch|p2a: Espeon|Espeon, F|100\/100\n|turn|22\n|\n|t:|1700713280\n|move|p1a: Chispin|Dark Pulse|p2a: Espeon\n|-supereffective|p2a: Espeon\n|-damage|p2a: Espeon|23\/100\n|move|p2a: Espeon|Trick|p1a: Chispin\n|-activate|p2a: Espeon|move: Trick|[of] p1a: Chispin\n|-item|p1a: Chispin|Choice Scarf|[from] move: Trick\n|-item|p2a: Espeon|Choice Scarf|[from] move: Trick\n|\n|upkeep\n|turn|23\n|-message|Kiromi_sempai forfeited.\n|\n|win|AkiDes\n|raw|AkiDes's rating: 1084 &rarr; <strong>1105<\/strong><br \/>(+21 for winning)\n|raw|Kiromi_sempai's rating: 1000 &rarr; <strong>1000<\/strong><br \/>(+0 for losing)\n|l|\u2606Kiromi_sempai\n","uploadtime":1700713293,"views":4,"p1id":"akides","p2id":"kiromisempai","formatid":"gen9ou","rating":1000,"private":0,"password":""}