{"id":"gen9ou-1993733826","p1":"yessurskit","p2":"SamTheSwan","format":"[Gen 9] OU","log":"|j|\u2606yessurskit\n|j|\u2606SamTheSwan\n|t:|1700350869\n|gametype|singles\n|player|p1|yessurskit|265|1437\n|player|p2|SamTheSwan|lucas|1395\n|teamsize|p1|6\n|teamsize|p2|6\n|gen|9\n|tier|[Gen 9] OU\n|rated|\n|rule|Sleep Clause Mod: Limit one foe put to sleep\n|rule|Species Clause: Limit one of each Pok\u00e9mon\n|rule|OHKO Clause: OHKO moves are banned\n|rule|Evasion Items Clause: Evasion items are banned\n|rule|Evasion Moves Clause: Evasion moves are banned\n|rule|Endless Battle Clause: Forcing endless battles is banned\n|rule|HP Percentage Mod: HP is shown in percentages\n|clearpoke\n|poke|p1|Ogerpon, F|\n|poke|p1|Kommo-o, M|\n|poke|p1|Ceruledge, M|\n|poke|p1|Iron Treads|\n|poke|p1|Zapdos|\n|poke|p1|Greninja-*, M|\n|poke|p2|Mamoswine, M|\n|poke|p2|Skeledirge, F|\n|poke|p2|Dragonite, M|\n|poke|p2|Iron Valiant|\n|poke|p2|Greninja-*, M|\n|poke|p2|Glimmora, M|\n|teampreview\n|inactive|Battle timer is ON: inactive players will automatically lose when time's up. (requested by SamTheSwan)\n|\n|t:|1700350876\n|start\n|switch|p1a: Greninja|Greninja, M|100\/100\n|switch|p2a: Manny from Ice Age|Mamoswine, M|100\/100\n|turn|1\n|\n|t:|1700350888\n|move|p1a: Greninja|Hydro Pump|p2a: Manny from Ice Age|[miss]\n|-miss|p1a: Greninja|p2a: Manny from Ice Age\n|move|p2a: Manny from Ice Age|Earthquake|p1a: Greninja\n|-damage|p1a: Greninja|19\/100\n|\n|upkeep\n|turn|2\n|\n|t:|1700350894\n|move|p2a: Manny from Ice Age|Ice Shard|p1a: Greninja\n|-resisted|p1a: Greninja\n|-damage|p1a: Greninja|3\/100\n|move|p1a: Greninja|Hydro Pump|p2a: Manny from Ice Age\n|-supereffective|p2a: Manny from Ice Age\n|-enditem|p2a: Manny from Ice Age|Focus Sash\n|-damage|p2a: Manny from Ice Age|1\/100\n|-damage|p1a: Greninja|0 fnt|[from] item: Life Orb\n|faint|p1a: Greninja\n|\n|upkeep\n|\n|t:|1700350905\n|switch|p1a: Ceruledge|Ceruledge, M|100\/100\n|turn|3\n|\n|t:|1700350916\n|move|p1a: Ceruledge|Shadow Sneak|p2a: Manny from Ice Age\n|-damage|p2a: Manny from Ice Age|0 fnt\n|faint|p2a: Manny from Ice Age\n|\n|upkeep\n|\n|t:|1700350936\n|switch|p2a: Glimmora|Glimmora, M|100\/100\n|turn|4\n|\n|t:|1700350939\n|move|p2a: Glimmora|Power Gem|p1a: Ceruledge\n|-supereffective|p1a: Ceruledge\n|-damage|p1a: Ceruledge|37\/100\n|move|p1a: Ceruledge|Poltergeist|p2a: Glimmora\n|-activate|p2a: Glimmora|move: Poltergeist|Choice Scarf\n|-damage|p2a: Glimmora|33\/100\n|-activate|p2a: Glimmora|ability: Toxic Debris\n|-sidestart|p1: yessurskit|move: Toxic Spikes\n|\n|upkeep\n|turn|5\n|\n|t:|1700350947\n|move|p1a: Ceruledge|Shadow Sneak|p2a: Glimmora\n|-damage|p2a: Glimmora|8\/100\n|-activate|p2a: Glimmora|ability: Toxic Debris\n|-sidestart|p1: yessurskit|move: Toxic Spikes\n|move|p2a: Glimmora|Power Gem|p1a: Ceruledge\n|-supereffective|p1a: Ceruledge\n|-damage|p1a: Ceruledge|0 fnt\n|faint|p1a: Ceruledge\n|\n|upkeep\n|\n|t:|1700350955\n|switch|p1a: Iron Treads|Iron Treads|100\/100\n|turn|6\n|\n|t:|1700350961\n|switch|p2a: Skeledirge|Skeledirge, F|100\/100\n|move|p1a: Iron Treads|High Horsepower|p2a: Skeledirge\n|-supereffective|p2a: Skeledirge\n|-damage|p2a: Skeledirge|26\/100\n|\n|upkeep\n|turn|7\n|\n|t:|1700350967\n|move|p1a: Iron Treads|High Horsepower|p2a: Skeledirge\n|-supereffective|p2a: Skeledirge\n|-damage|p2a: Skeledirge|0 fnt\n|faint|p2a: Skeledirge\n|\n|upkeep\n|\n|t:|1700350971\n|switch|p2a: Iron Valiant|Iron Valiant|100\/100\n|-enditem|p2a: Iron Valiant|Booster Energy\n|-activate|p2a: Iron Valiant|ability: Quark Drive|[fromitem]\n|-start|p2a: Iron Valiant|quarkdrivespe\n|turn|8\n|\n|t:|1700350980\n|-terastallize|p1a: Iron Treads|Flying\n|move|p2a: Iron Valiant|Close Combat|p1a: Iron Treads\n|-resisted|p1a: Iron Treads\n|-damage|p1a: Iron Treads|72\/100\n|-unboost|p2a: Iron Valiant|def|1\n|-unboost|p2a: Iron Valiant|spd|1\n|move|p1a: Iron Treads|Iron Head|p2a: Iron Valiant\n|-supereffective|p2a: Iron Valiant\n|-damage|p2a: Iron Valiant|0 fnt\n|faint|p2a: Iron Valiant\n|-end|p2a: Iron Valiant|Quark Drive|[silent]\n|\n|upkeep\n|\n|t:|1700350985\n|switch|p2a: Greninja|Greninja, M|100\/100\n|turn|9\n|\n|t:|1700351000\n|move|p2a: Greninja|Ice Beam|p1a: Iron Treads\n|-supereffective|p1a: Iron Treads\n|-damage|p1a: Iron Treads|0 fnt\n|faint|p1a: Iron Treads\n|-end|p1a: Iron Treads|Quark Drive|[silent]\n|-ability|p2a: Greninja|Battle Bond|boost\n|-boost|p2a: Greninja|atk|1\n|-boost|p2a: Greninja|spa|1\n|-boost|p2a: Greninja|spe|1\n|-activate|p2a: Greninja|ability: Battle Bond\n|-damage|p2a: Greninja|91\/100|[from] item: Life Orb\n|\n|upkeep\n|\n|t:|1700351010\n|switch|p1a: Zapdos|Zapdos|100\/100\n|-ability|p1a: Zapdos|Pressure\n|turn|10\n|\n|t:|1700351015\n|move|p2a: Greninja|Ice Beam|p1a: Zapdos\n|-supereffective|p1a: Zapdos\n|-damage|p1a: Zapdos|0 fnt\n|faint|p1a: Zapdos\n|-damage|p2a: Greninja|81\/100|[from] item: Life Orb\n|\n|upkeep\n|\n|t:|1700351022\n|switch|p1a: Ogerpon|Ogerpon, F|100\/100\n|-status|p1a: Ogerpon|tox\n|turn|11\n|\n|t:|1700351029\n|move|p2a: Greninja|Ice Beam|p1a: Ogerpon\n|-supereffective|p1a: Ogerpon\n|-damage|p1a: Ogerpon|0 fnt\n|faint|p1a: Ogerpon\n|-damage|p2a: Greninja|71\/100|[from] item: Life Orb\n|\n|upkeep\n|c|\u2606SamTheSwan|Xd\n|\n|t:|1700351034\n|switch|p1a: Kommo-o|Kommo-o, M|100\/100\n|-status|p1a: Kommo-o|tox\n|turn|12\n|\n|t:|1700351043\n|move|p2a: Greninja|Ice Beam|p1a: Kommo-o\n|-supereffective|p1a: Kommo-o\n|-damage|p1a: Kommo-o|0 fnt\n|faint|p1a: Kommo-o\n|-damage|p2a: Greninja|61\/100|[from] item: Life Orb\n|\n|win|SamTheSwan\n|raw|yessurskit's rating: 1437 &rarr; <strong>1415<\/strong><br \/>(-22 for losing)\n|raw|SamTheSwan's rating: 1395 &rarr; <strong>1417<\/strong><br \/>(+22 for winning)\n|c|\u2606SamTheSwan|Nice flying tera\n","uploadtime":1700351054,"views":11,"p1id":"yessurskit","p2id":"samtheswan","formatid":"gen9ou","rating":1415,"private":0,"password":""}