{"id":"gen9ou-1991656500","p1":"lord denominator","p2":"burnermf","format":"[Gen 9] OU","log":"|j|\u203dlord denominator\n|j|\u2606burnermf\n|t:|1700099167\n|gametype|singles\n|player|p1|lord denominator|iris-gen5bw2|1229\n|player|p2|burnermf|fantina|1178\n|teamsize|p1|6\n|teamsize|p2|6\n|gen|9\n|tier|[Gen 9] OU\n|rated|\n|rule|Sleep Clause Mod: Limit one foe put to sleep\n|rule|Species Clause: Limit one of each Pok\u00e9mon\n|rule|OHKO Clause: OHKO moves are banned\n|rule|Evasion Items Clause: Evasion items are banned\n|rule|Evasion Moves Clause: Evasion moves are banned\n|rule|Endless Battle Clause: Forcing endless battles is banned\n|rule|HP Percentage Mod: HP is shown in percentages\n|clearpoke\n|poke|p1|Ribombee, F|\n|poke|p1|Breloom, M|\n|poke|p1|Kingambit, F|\n|poke|p1|Gholdengo|\n|poke|p1|Great Tusk|\n|poke|p1|Manaphy|\n|poke|p2|Glimmora, M|\n|poke|p2|Landorus-Therian, M|\n|poke|p2|Ceruledge, F|\n|poke|p2|Hatterene, F|\n|poke|p2|Dragonite, F|\n|poke|p2|Gholdengo|\n|teampreview\n|inactive|Battle timer is ON: inactive players will automatically lose when time's up. (requested by lord denominator)\n|\n|t:|1700099191\n|start\n|switch|p1a: Gholdengo|Gholdengo|100\/100\n|switch|p2a: Hatterene|Hatterene, F|100\/100\n|-item|p1a: Gholdengo|Air Balloon\n|turn|1\n|\n|t:|1700099195\n|-terastallize|p2a: Hatterene|Water\n|move|p1a: Gholdengo|Shadow Ball|p2a: Hatterene\n|-damage|p2a: Hatterene|56\/100\n|move|p2a: Hatterene|Mystical Fire|p1a: Gholdengo\n|-supereffective|p1a: Gholdengo\n|-damage|p1a: Gholdengo|50\/100\n|-unboost|p1a: Gholdengo|spa|1\n|-enditem|p1a: Gholdengo|Air Balloon\n|\n|-heal|p2a: Hatterene|62\/100|[from] item: Leftovers\n|upkeep\n|turn|2\n|\n|t:|1700099210\n|move|p1a: Gholdengo|Shadow Ball|p2a: Hatterene\n|-damage|p2a: Hatterene|35\/100\n|move|p2a: Hatterene|Calm Mind|p2a: Hatterene\n|-boost|p2a: Hatterene|spa|1\n|-boost|p2a: Hatterene|spd|1\n|\n|-heal|p2a: Hatterene|41\/100|[from] item: Leftovers\n|upkeep\n|turn|3\n|\n|t:|1700099230\n|switch|p1a: Manaphy|Manaphy|100\/100\n|move|p2a: Hatterene|Mystical Fire|p1a: Manaphy\n|-resisted|p1a: Manaphy\n|-damage|p1a: Manaphy|86\/100\n|-unboost|p1a: Manaphy|spa|1\n|\n|-heal|p1a: Manaphy|92\/100|[from] item: Leftovers\n|-heal|p2a: Hatterene|47\/100|[from] item: Leftovers\n|upkeep\n|turn|4\n|\n|t:|1700099237\n|move|p1a: Manaphy|Tail Glow|p1a: Manaphy\n|-boost|p1a: Manaphy|spa|3\n|move|p2a: Hatterene|Draining Kiss|p1a: Manaphy\n|-damage|p1a: Manaphy|60\/100\n|-heal|p2a: Hatterene|76\/100|[from] drain|[of] p1a: Manaphy\n|\n|-heal|p1a: Manaphy|67\/100|[from] item: Leftovers\n|-heal|p2a: Hatterene|82\/100|[from] item: Leftovers\n|upkeep\n|turn|5\n|\n|t:|1700099242\n|move|p1a: Manaphy|Energy Ball|p2a: Hatterene\n|-supereffective|p2a: Hatterene\n|-damage|p2a: Hatterene|10\/100\n|move|p2a: Hatterene|Draining Kiss|p1a: Manaphy\n|-damage|p1a: Manaphy|36\/100\n|-heal|p2a: Hatterene|38\/100|[from] drain|[of] p1a: Manaphy\n|\n|-heal|p1a: Manaphy|42\/100|[from] item: Leftovers\n|-heal|p2a: Hatterene|44\/100|[from] item: Leftovers\n|upkeep\n|turn|6\n|\n|t:|1700099249\n|switch|p2a: Gholdengo|Gholdengo|100\/100\n|move|p1a: Manaphy|Energy Ball|p2a: Gholdengo\n|-resisted|p2a: Gholdengo\n|-damage|p2a: Gholdengo|69\/100\n|\n|-heal|p1a: Manaphy|49\/100|[from] item: Leftovers\n|upkeep\n|turn|7\n|\n|t:|1700099252\n|move|p2a: Gholdengo|Shadow Ball|p1a: Manaphy\n|-damage|p1a: Manaphy|8\/100\n|move|p1a: Manaphy|Surf|p2a: Gholdengo\n|-damage|p2a: Gholdengo|0 fnt\n|faint|p2a: Gholdengo\n|\n|-heal|p1a: Manaphy|14\/100|[from] item: Leftovers\n|upkeep\n|\n|t:|1700099267\n|switch|p2a: Ceruledge|Ceruledge, F|100\/100\n|turn|8\n|\n|t:|1700099269\n|move|p2a: Ceruledge|Shadow Sneak|p1a: Manaphy\n|-damage|p1a: Manaphy|0 fnt\n|faint|p1a: Manaphy\n|\n|upkeep\n|\n|t:|1700099273\n|switch|p1a: Gholdengo|Gholdengo|50\/100\n|turn|9\n|\n|t:|1700099295\n|move|p2a: Ceruledge|Bitter Blade|p1a: Gholdengo\n|-supereffective|p1a: Gholdengo\n|-damage|p1a: Gholdengo|0 fnt\n|faint|p1a: Gholdengo\n|\n|upkeep\n|\n|t:|1700099298\n|switch|p1a: Ribombee|Ribombee, F|100\/100\n|turn|10\n|\n|t:|1700099301\n|move|p1a: Ribombee|Psychic|p2a: Ceruledge\n|-damage|p2a: Ceruledge|73\/100\n|move|p2a: Ceruledge|Swords Dance|p2a: Ceruledge\n|-boost|p2a: Ceruledge|atk|2\n|\n|upkeep\n|turn|11\n|\n|t:|1700099305\n|move|p1a: Ribombee|Sticky Web|p2a: Ceruledge\n|-sidestart|p2: burnermf|move: Sticky Web\n|move|p2a: Ceruledge|Bitter Blade|p1a: Ribombee\n|-supereffective|p1a: Ribombee\n|-enditem|p1a: Ribombee|Focus Sash\n|-damage|p1a: Ribombee|1\/100\n|-heal|p2a: Ceruledge|100\/100|[from] drain|[of] p1a: Ribombee\n|\n|upkeep\n|turn|12\n|\n|t:|1700099309\n|move|p2a: Ceruledge|Shadow Sneak|p1a: Ribombee\n|-damage|p1a: Ribombee|0 fnt\n|faint|p1a: Ribombee\n|\n|upkeep\n|\n|t:|1700099311\n|switch|p1a: Kingambit|Kingambit, F|100\/100\n|-activate|p1a: Kingambit|ability: Supreme Overlord\n|-start|p1a: Kingambit|fallen3|[silent]\n|turn|13\n|\n|t:|1700099315\n|-terastallize|p1a: Kingambit|Flying\n|move|p2a: Ceruledge|Close Combat|p1a: Kingambit\n|-resisted|p1a: Kingambit\n|-damage|p1a: Kingambit|69\/100\n|-unboost|p2a: Ceruledge|def|1\n|-unboost|p2a: Ceruledge|spd|1\n|move|p1a: Kingambit|Kowtow Cleave|p2a: Ceruledge\n|-supereffective|p2a: Ceruledge\n|-enditem|p2a: Ceruledge|Focus Sash\n|-damage|p2a: Ceruledge|1\/100\n|-ability|p2a: Ceruledge|Weak Armor|boost\n|-unboost|p2a: Ceruledge|def|1\n|-boost|p2a: Ceruledge|spe|2\n|\n|upkeep\n|turn|14\n|\n|t:|1700099325\n|move|p2a: Ceruledge|Shadow Sneak|p1a: Kingambit\n|-damage|p1a: Kingambit|34\/100\n|move|p1a: Kingambit|Sucker Punch||[still]\n|-fail|p1a: Kingambit\n|\n|upkeep\n|turn|15\n|\n|t:|1700099348\n|move|p2a: Ceruledge|Shadow Sneak|p1a: Kingambit\n|-damage|p1a: Kingambit|0 fnt\n|faint|p1a: Kingambit\n|-end|p1a: Kingambit|fallen3|[silent]\n|\n|upkeep\n|\n|t:|1700099350\n|switch|p1a: Great Tusk|Great Tusk|100\/100\n|-enditem|p1a: Great Tusk|Booster Energy\n|-activate|p1a: Great Tusk|ability: Protosynthesis|[fromitem]\n|-start|p1a: Great Tusk|protosynthesisatk\n|turn|16\n|\n|t:|1700099358\n|move|p2a: Ceruledge|Bitter Blade|p1a: Great Tusk\n|-damage|p1a: Great Tusk|28\/100\n|-heal|p2a: Ceruledge|47\/100|[from] drain|[of] p1a: Great Tusk\n|move|p1a: Great Tusk|Earthquake|p2a: Ceruledge\n|-supereffective|p2a: Ceruledge\n|-damage|p2a: Ceruledge|0 fnt\n|faint|p2a: Ceruledge\n|\n|upkeep\n|\n|t:|1700099369\n|switch|p2a: Glimmora|Glimmora, M|100\/100\n|-activate|p2a: Glimmora|move: Sticky Web\n|-unboost|p2a: Glimmora|spe|1\n|turn|17\n|\n|t:|1700099371\n|move|p1a: Great Tusk|Earthquake|p2a: Glimmora\n|-supereffective|p2a: Glimmora\n|-enditem|p2a: Glimmora|Focus Sash\n|-damage|p2a: Glimmora|1\/100\n|-activate|p2a: Glimmora|ability: Toxic Debris\n|-sidestart|p1: lord denominator|move: Toxic Spikes\n|move|p2a: Glimmora|Mortal Spin|p1a: Great Tusk\n|-resisted|p1a: Great Tusk\n|-damage|p1a: Great Tusk|26\/100\n|-status|p1a: Great Tusk|psn\n|-sideend|p2: burnermf|Sticky Web|[from] move: Mortal Spin|[of] p2a: Glimmora\n|\n|-damage|p1a: Great Tusk|13\/100 psn|[from] psn\n|upkeep\n|turn|18\n|\n|t:|1700099381\n|move|p1a: Great Tusk|Rapid Spin|p2a: Glimmora\n|-resisted|p2a: Glimmora\n|-damage|p2a: Glimmora|0 fnt\n|-boost|p1a: Great Tusk|spe|1\n|-activate|p2a: Glimmora|ability: Toxic Debris\n|-sidestart|p1: lord denominator|move: Toxic Spikes\n|-sideend|p1: lord denominator|Toxic Spikes|[from] move: Rapid Spin|[of] p1a: Great Tusk\n|faint|p2a: Glimmora\n|\n|-damage|p1a: Great Tusk|1\/100 psn|[from] psn\n|upkeep\n|\n|t:|1700099393\n|switch|p2a: Hatterene|Hatterene, F, tera:Water|44\/100\n|turn|19\n|\n|t:|1700099397\n|move|p1a: Great Tusk|Earthquake|p2a: Hatterene\n|-damage|p2a: Hatterene|0 fnt\n|faint|p2a: Hatterene\n|\n|-damage|p1a: Great Tusk|0 fnt|[from] psn\n|faint|p1a: Great Tusk\n|-end|p1a: Great Tusk|Protosynthesis|[silent]\n|upkeep\n|\n|t:|1700099401\n|switch|p1a: Breloom|Breloom, M|100\/100\n|switch|p2a: Landorus|Landorus-Therian, M|100\/100\n|-ability|p2a: Landorus|Intimidate|boost\n|-unboost|p1a: Breloom|atk|1\n|turn|20\n|\n|t:|1700099404\n|move|p1a: Breloom|Spore|p2a: Landorus\n|-status|p2a: Landorus|slp|[from] move: Spore\n|cant|p2a: Landorus|slp\n|\n|upkeep\n|turn|21\n|\n|t:|1700099408\n|switch|p2a: Dragonite|Dragonite, F|100\/100\n|move|p1a: Breloom|Swords Dance|p1a: Breloom\n|-boost|p1a: Breloom|atk|2\n|\n|upkeep\n|turn|22\n|\n|t:|1700099412\n|switch|p2a: Landorus|Landorus-Therian, M|100\/100 slp\n|-ability|p2a: Landorus|Intimidate|boost\n|-unboost|p1a: Breloom|atk|1\n|move|p1a: Breloom|Bullet Seed|p2a: Landorus\n|-crit|p2a: Landorus\n|-damage|p2a: Landorus|79\/100 slp\n|-crit|p2a: Landorus\n|-damage|p2a: Landorus|58\/100 slp\n|-damage|p2a: Landorus|44\/100 slp\n|-damage|p2a: Landorus|30\/100 slp\n|-hitcount|p2a: Landorus|4\n|\n|upkeep\n|turn|23\n|\n|t:|1700099423\n|move|p1a: Breloom|Swords Dance|p1a: Breloom\n|-boost|p1a: Breloom|atk|2\n|cant|p2a: Landorus|slp\n|\n|upkeep\n|turn|24\n|\n|t:|1700099428\n|move|p1a: Breloom|Bullet Seed|p2a: Landorus\n|-damage|p2a: Landorus|3\/100 slp\n|-damage|p2a: Landorus|0 fnt\n|faint|p2a: Landorus\n|-hitcount|p2: Landorus|2\n|\n|upkeep\n|\n|t:|1700099431\n|switch|p2a: Dragonite|Dragonite, F|100\/100\n|turn|25\n|\n|t:|1700099436\n|move|p1a: Breloom|Spore|p2a: Dragonite\n|-status|p2a: Dragonite|slp|[from] move: Spore\n|cant|p2a: Dragonite|slp\n|\n|upkeep\n|turn|26\n|-message|burnermf forfeited.\n|\n|win|lord denominator\n|raw|lord denominator's rating: 1229 &rarr; <strong>1250<\/strong><br \/>(+21 for winning)\n|raw|burnermf's rating: 1178 &rarr; <strong>1157<\/strong><br \/>(-21 for losing)\n|l|\u2606burnermf\n","uploadtime":1700099444,"views":8,"p1id":"lorddenominator","p2id":"burnermf","formatid":"gen9ou","rating":1157,"private":0,"password":""}