{"id":"gen9ou-1997225775","p1":"Palkia<salamance","p2":"Perfect DarK 0707","format":"[Gen 9] OU","log":"|j|\u2606Palkia<salamance\n|j|\u2606Perfect DarK 0707\n|t:|1700777616\n|gametype|singles\n|player|p1|Palkia<salamance|1|1227\n|player|p2|Perfect DarK 0707|teamrocketgruntf-gen3|1298\n|teamsize|p1|6\n|teamsize|p2|6\n|gen|9\n|tier|[Gen 9] OU\n|rated|\n|rule|Sleep Clause Mod: Limit one foe put to sleep\n|rule|Species Clause: Limit one of each Pok\u00e9mon\n|rule|OHKO Clause: OHKO moves are banned\n|rule|Evasion Items Clause: Evasion items are banned\n|rule|Evasion Moves Clause: Evasion moves are banned\n|rule|Endless Battle Clause: Forcing endless battles is banned\n|rule|HP Percentage Mod: HP is shown in percentages\n|clearpoke\n|poke|p1|Hawlucha, F|\n|poke|p1|Kingambit, M|\n|poke|p1|Rillaboom, M|\n|poke|p1|Great Tusk|\n|poke|p1|Salamence, M|\n|poke|p1|Zapdos|\n|poke|p2|Cinderace, M|\n|poke|p2|Gholdengo|\n|poke|p2|Iron Valiant|\n|poke|p2|Ogerpon-Wellspring, F|\n|poke|p2|Dragonite, M|\n|poke|p2|Great Tusk|\n|teampreview\n|inactive|Battle timer is ON: inactive players will automatically lose when time's up. (requested by Perfect DarK 0707)\n|\n|t:|1700777627\n|start\n|switch|p1a: Salamence|Salamence, M|100\/100\n|switch|p2a: S1Lv3R Bull37|Cinderace, M, shiny|100\/100\n|-ability|p1a: Salamence|Intimidate|boost\n|-unboost|p2a: S1Lv3R Bull37|atk|1\n|turn|1\n|\n|t:|1700777635\n|move|p2a: S1Lv3R Bull37|U-turn|p1a: Salamence\n|-start|p2a: S1Lv3R Bull37|typechange|Bug|[from] ability: Libero\n|-resisted|p1a: Salamence\n|-damage|p1a: Salamence|88\/100\n|\n|t:|1700777641\n|switch|p2a: 7usK|Great Tusk|100\/100|[from] U-turn\n|move|p1a: Salamence|Hurricane|p2a: 7usK\n|-supereffective|p2a: 7usK\n|-damage|p2a: 7usK|0 fnt\n|faint|p2a: 7usK\n|-end|p2a: 7usK|Protosynthesis|[silent]\n|\n|upkeep\n|\n|t:|1700777656\n|switch|p2a: 401 K|Gholdengo|100\/100\n|turn|2\n|\n|t:|1700777660\n|move|p2a: 401 K|Shadow Ball|p1a: Salamence\n|-damage|p1a: Salamence|47\/100\n|move|p1a: Salamence|Flamethrower|p2a: 401 K\n|-supereffective|p2a: 401 K\n|-damage|p2a: 401 K|33\/100\n|\n|upkeep\n|turn|3\n|\n|t:|1700777667\n|move|p2a: 401 K|Shadow Ball|p1a: Salamence\n|-damage|p1a: Salamence|3\/100\n|move|p1a: Salamence|Roost|p1a: Salamence\n|-heal|p1a: Salamence|53\/100\n|-singleturn|p1a: Salamence|move: Roost\n|\n|upkeep\n|turn|4\n|\n|t:|1700777677\n|switch|p2a: Terrifying \ud83e\udeb6|Dragonite, M|100\/100\n|switch|p1a: Zapdos|Zapdos|100\/100\n|-ability|p1a: Zapdos|Pressure\n|\n|upkeep\n|turn|5\n|\n|t:|1700777685\n|switch|p2a: 401 K|Gholdengo|33\/100\n|move|p1a: Zapdos|Thunder Wave|p2a: 401 K\n|-immune|p2a: 401 K|[from] ability: Good as Gold\n|\n|upkeep\n|turn|6\n|\n|t:|1700777697\n|move|p2a: 401 K|Shadow Ball|p1a: Zapdos\n|-damage|p1a: Zapdos|59\/100\n|move|p1a: Zapdos|Heat Wave|p2a: 401 K\n|-supereffective|p2a: 401 K\n|-damage|p2a: 401 K|0 fnt\n|faint|p2a: 401 K\n|\n|upkeep\n|\n|t:|1700777712\n|switch|p2a: S1Lv3R Bull37|Cinderace, M, shiny|100\/100\n|turn|7\n|\n|t:|1700777718\n|move|p2a: S1Lv3R Bull37|Pyro Ball|p1a: Zapdos\n|-damage|p1a: Zapdos|0 fnt\n|faint|p1a: Zapdos\n|\n|upkeep\n|\n|t:|1700777729\n|switch|p1a: Great Tusk|Great Tusk|100\/100\n|turn|8\n|\n|t:|1700777740\n|switch|p2a: ASUKA|Ogerpon-Wellspring, F|100\/100\n|move|p1a: Great Tusk|Knock Off|p2a: ASUKA\n|-damage|p2a: ASUKA|77\/100\n|\n|upkeep\n|turn|9\n|\n|t:|1700777753\n|-terastallize|p1a: Great Tusk|Water\n|move|p2a: ASUKA|Spikes|p1a: Great Tusk\n|-sidestart|p1: Palkia<salamance|Spikes\n|move|p1a: Great Tusk|Body Press|p2a: ASUKA\n|-damage|p2a: ASUKA|27\/100\n|\n|upkeep\n|turn|10\n|\n|t:|1700777761\n|move|p2a: ASUKA|Horn Leech|p1a: Great Tusk\n|-supereffective|p1a: Great Tusk\n|-damage|p1a: Great Tusk|52\/100\n|-heal|p2a: ASUKA|63\/100|[from] drain|[of] p1a: Great Tusk\n|move|p1a: Great Tusk|Body Press|p2a: ASUKA\n|-damage|p2a: ASUKA|7\/100\n|\n|upkeep\n|turn|11\n|\n|t:|1700777769\n|move|p2a: ASUKA|Horn Leech|p1a: Great Tusk\n|-supereffective|p1a: Great Tusk\n|-damage|p1a: Great Tusk|3\/100\n|-heal|p2a: ASUKA|42\/100|[from] drain|[of] p1a: Great Tusk\n|move|p1a: Great Tusk|Body Press|p2a: ASUKA\n|-damage|p2a: ASUKA|0 fnt\n|faint|p2a: ASUKA\n|\n|upkeep\n|\n|t:|1700777779\n|switch|p2a: S1Lv3R Bull37|Cinderace, M, shiny|100\/100\n|turn|12\n|\n|t:|1700777789\n|move|p2a: S1Lv3R Bull37|U-turn|p1a: Great Tusk\n|-start|p2a: S1Lv3R Bull37|typechange|Bug|[from] ability: Libero\n|-damage|p1a: Great Tusk|0 fnt\n|faint|p1a: Great Tusk\n|-end|p1a: Great Tusk|Protosynthesis|[silent]\n|\n|t:|1700777794\n|switch|p2a: Terrifying \ud83e\udeb6|Dragonite, M|100\/100|[from] U-turn\n|\n|upkeep\n|\n|t:|1700777813\n|switch|p1a: Rillaboom|Rillaboom, M|100\/100\n|-damage|p1a: Rillaboom|88\/100|[from] Spikes\n|-fieldstart|move: Grassy Terrain|[from] ability: Grassy Surge|[of] p1a: Rillaboom\n|turn|13\n|\n|t:|1700777818\n|move|p2a: Terrifying \ud83e\udeb6|Dragon Dance|p2a: Terrifying \ud83e\udeb6\n|-boost|p2a: Terrifying \ud83e\udeb6|atk|1\n|-boost|p2a: Terrifying \ud83e\udeb6|spe|1\n|move|p1a: Rillaboom|Knock Off|p2a: Terrifying \ud83e\udeb6\n|-damage|p2a: Terrifying \ud83e\udeb6|80\/100\n|-enditem|p2a: Terrifying \ud83e\udeb6|Leftovers|[from] move: Knock Off|[of] p1a: Rillaboom\n|\n|-heal|p1a: Rillaboom|94\/100|[from] Grassy Terrain\n|-heal|p1a: Rillaboom|100\/100|[from] item: Leftovers\n|upkeep\n|turn|14\n|\n|t:|1700777829\n|move|p2a: Terrifying \ud83e\udeb6|Fly||[still]\n|-prepare|p2a: Terrifying \ud83e\udeb6|Fly\n|move|p1a: Rillaboom|Knock Off|p2a: Terrifying \ud83e\udeb6|[miss]\n|-miss|p1a: Rillaboom|p2a: Terrifying \ud83e\udeb6\n|\n|upkeep\n|turn|15\n|\n|t:|1700777834\n|move|p2a: Terrifying \ud83e\udeb6|Fly|p1a: Rillaboom|[from]lockedmove\n|-supereffective|p1a: Rillaboom\n|-damage|p1a: Rillaboom|0 fnt\n|faint|p1a: Rillaboom\n|\n|upkeep\n|\n|t:|1700777845\n|switch|p1a: Hawlucha|Hawlucha, F|100\/100\n|-enditem|p1a: Hawlucha|Grassy Seed\n|-boost|p1a: Hawlucha|def|1|[from] item: Grassy Seed\n|turn|16\n|\n|t:|1700777863\n|-terastallize|p2a: Terrifying \ud83e\udeb6|Flying\n|move|p1a: Hawlucha|Acrobatics|p2a: Terrifying \ud83e\udeb6\n|-damage|p2a: Terrifying \ud83e\udeb6|21\/100\n|move|p2a: Terrifying \ud83e\udeb6|Fly||[still]\n|-prepare|p2a: Terrifying \ud83e\udeb6|Fly\n|\n|upkeep\n|turn|17\n|\n|t:|1700777881\n|move|p1a: Hawlucha|Swords Dance|p1a: Hawlucha\n|-boost|p1a: Hawlucha|atk|2\n|move|p2a: Terrifying \ud83e\udeb6|Fly|p1a: Hawlucha|[from]lockedmove\n|-supereffective|p1a: Hawlucha\n|-damage|p1a: Hawlucha|0 fnt\n|faint|p1a: Hawlucha\n|\n|-fieldend|move: Grassy Terrain\n|upkeep\n|\n|t:|1700777889\n|switch|p1a: Salamence|Salamence, M|53\/100\n|-ability|p1a: Salamence|Intimidate|boost\n|-unboost|p2a: Terrifying \ud83e\udeb6|atk|1\n|turn|18\n|\n|t:|1700777897\n|move|p2a: Terrifying \ud83e\udeb6|Fly||[still]\n|-prepare|p2a: Terrifying \ud83e\udeb6|Fly\n|move|p1a: Salamence|Draco Meteor|p2a: Terrifying \ud83e\udeb6|[miss]\n|-miss|p1a: Salamence|p2a: Terrifying \ud83e\udeb6\n|\n|upkeep\n|turn|19\n|\n|t:|1700777902\n|move|p2a: Terrifying \ud83e\udeb6|Fly|p1a: Salamence|[from]lockedmove\n|-damage|p1a: Salamence|0 fnt\n|faint|p1a: Salamence\n|\n|upkeep\n|\n|t:|1700777905\n|switch|p1a: Kingambit|Kingambit, M|100\/100\n|-damage|p1a: Kingambit|88\/100|[from] Spikes\n|-activate|p1a: Kingambit|ability: Supreme Overlord\n|-start|p1a: Kingambit|fallen5|[silent]\n|turn|20\n|\n|t:|1700777916\n|move|p2a: Terrifying \ud83e\udeb6|Earthquake|p1a: Kingambit\n|-supereffective|p1a: Kingambit\n|-damage|p1a: Kingambit|31\/100\n|move|p1a: Kingambit|Swords Dance|p1a: Kingambit\n|-boost|p1a: Kingambit|atk|2\n|\n|upkeep\n|turn|21\n|\n|t:|1700777923\n|move|p1a: Kingambit|Sucker Punch||[still]\n|-fail|p1a: Kingambit\n|move|p2a: Terrifying \ud83e\udeb6|Dragon Dance|p2a: Terrifying \ud83e\udeb6\n|-boost|p2a: Terrifying \ud83e\udeb6|atk|1\n|-boost|p2a: Terrifying \ud83e\udeb6|spe|1\n|\n|upkeep\n|turn|22\n|\n|t:|1700777929\n|move|p2a: Terrifying \ud83e\udeb6|Extreme Speed|p1a: Kingambit\n|-resisted|p1a: Kingambit\n|-damage|p1a: Kingambit|13\/100\n|move|p1a: Kingambit|Sucker Punch||[still]\n|-fail|p1a: Kingambit\n|\n|upkeep\n|turn|23\n|-message|Palkia<salamance forfeited.\n|\n|win|Perfect DarK 0707\n|raw|Palkia&lt;salamance's rating: 1227 &rarr; <strong>1207<\/strong><br \/>(-20 for losing)\n|raw|Perfect DarK 0707's rating: 1298 &rarr; <strong>1318<\/strong><br \/>(+20 for winning)\n|l|\u2606Palkia<salamance\n","uploadtime":1700777946,"views":4,"p1id":"palkiasalamance","p2id":"perfectdark0707","formatid":"gen9ou","rating":1207,"private":0,"password":""}