{"id":"gen9ou-1994475484","p1":"Red Hot Rubedo","p2":"TheZalmancer","format":"[Gen 9] OU","log":"|j|\u2606Red Hot Rubedo\n|j|\u2606TheZalmancer\n|t:|1700448246\n|gametype|singles\n|player|p1|Red Hot Rubedo|swimmer|1344\n|player|p2|TheZalmancer|skyla|1381\n|teamsize|p1|6\n|teamsize|p2|6\n|gen|9\n|tier|[Gen 9] OU\n|rated|\n|rule|Sleep Clause Mod: Limit one foe put to sleep\n|rule|Species Clause: Limit one of each Pok\u00e9mon\n|rule|OHKO Clause: OHKO moves are banned\n|rule|Evasion Items Clause: Evasion items are banned\n|rule|Evasion Moves Clause: Evasion moves are banned\n|rule|Endless Battle Clause: Forcing endless battles is banned\n|rule|HP Percentage Mod: HP is shown in percentages\n|clearpoke\n|poke|p1|Breloom, F|\n|poke|p1|Gligar, F|\n|poke|p1|Volcanion|\n|poke|p1|Gholdengo|\n|poke|p1|Dragonite, F|\n|poke|p1|Donphan, L1, F|\n|poke|p2|Ogerpon-Wellspring, F|\n|poke|p2|Ninetales-Alola, F|\n|poke|p2|Corviknight, F|\n|poke|p2|Slowking-Galar, M|\n|poke|p2|Hydreigon, M|\n|poke|p2|Weavile, F|\n|teampreview\n|\n|t:|1700448253\n|start\n|switch|p1a: Donphan|Donphan, L1, F|100\/100\n|switch|p2a: Hydreigon|Hydreigon, M|100\/100\n|turn|1\n|\n|t:|1700448259\n|move|p2a: Hydreigon|Taunt|p1a: Donphan\n|-start|p1a: Donphan|move: Taunt\n|move|p1a: Donphan|Endeavor|p2a: Hydreigon\n|-damage|p2a: Hydreigon|4\/100\n|\n|upkeep\n|turn|2\n|\n|t:|1700448269\n|switch|p1a: Gligar|Gligar, F, shiny|100\/100\n|move|p2a: Hydreigon|Stealth Rock|p1a: Gligar\n|-sidestart|p1: Red Hot Rubedo|move: Stealth Rock\n|\n|upkeep\n|turn|3\n|\n|t:|1700448276\n|move|p2a: Hydreigon|Taunt|p1a: Gligar\n|-start|p1a: Gligar|move: Taunt\n|move|p1a: Gligar|Knock Off|p2a: Hydreigon\n|-resisted|p2a: Hydreigon\n|-damage|p2a: Hydreigon|0 fnt\n|-enditem|p2a: Hydreigon|Focus Sash|[from] move: Knock Off|[of] p1a: Gligar\n|faint|p2a: Hydreigon\n|\n|upkeep\n|\n|t:|1700448286\n|switch|p2a: Ninetales|Ninetales-Alola, F, shiny|100\/100\n|-weather|Snow|[from] ability: Snow Warning|[of] p2a: Ninetales\n|turn|4\n|\n|t:|1700448290\n|move|p2a: Ninetales|Aurora Veil|p2a: Ninetales\n|-sidestart|p2: TheZalmancer|move: Aurora Veil\n|move|p1a: Gligar|Knock Off|p2a: Ninetales\n|-resisted|p2a: Ninetales\n|-damage|p2a: Ninetales|97\/100\n|-enditem|p2a: Ninetales|Light Clay|[from] move: Knock Off|[of] p1a: Gligar\n|\n|-weather|Snow|[upkeep]\n|upkeep\n|turn|5\n|\n|t:|1700448297\n|switch|p1a: Volcanion|Volcanion|100\/100\n|-damage|p1a: Volcanion|76\/100|[from] Stealth Rock\n|move|p2a: Ninetales|Freeze-Dry|p1a: Volcanion\n|-damage|p1a: Volcanion|61\/100\n|\n|-weather|Snow|[upkeep]\n|upkeep\n|turn|6\n|\n|t:|1700448305\n|switch|p2a: Ogerpon|Ogerpon-Wellspring, F|100\/100\n|move|p1a: Volcanion|Flamethrower|p2a: Ogerpon\n|-damage|p2a: Ogerpon|70\/100\n|\n|-weather|Snow|[upkeep]\n|upkeep\n|turn|7\n|\n|t:|1700448312\n|move|p2a: Ogerpon|Swords Dance|p2a: Ogerpon\n|-boost|p2a: Ogerpon|atk|2\n|move|p1a: Volcanion|Sludge Bomb|p2a: Ogerpon\n|-supereffective|p2a: Ogerpon\n|-damage|p2a: Ogerpon|31\/100\n|\n|-weather|Snow|[upkeep]\n|upkeep\n|turn|8\n|\n|t:|1700448319\n|move|p2a: Ogerpon|Horn Leech|p1a: Volcanion\n|-damage|p1a: Volcanion|0 fnt\n|-heal|p2a: Ogerpon|67\/100|[from] drain|[of] p1a: Volcanion\n|faint|p1a: Volcanion\n|\n|-weather|none\n|upkeep\n|inactive|Battle timer is ON: inactive players will automatically lose when time's up. (requested by TheZalmancer)\n|inactive|Red Hot Rubedo has 120 seconds left.\n|\n|t:|1700448453\n|switch|p1a: Donphan|Donphan, L1, F|100\/100\n|-damage|p1a: Donphan|93\/100|[from] Stealth Rock\n|turn|9\n|\n|t:|1700448460\n|move|p2a: Ogerpon|Horn Leech|p1a: Donphan\n|-supereffective|p1a: Donphan\n|-damage|p1a: Donphan|0 fnt\n|-heal|p2a: Ogerpon|69\/100|[from] drain|[of] p1a: Donphan\n|faint|p1a: Donphan\n|\n|upkeep\n|\n|t:|1700448467\n|switch|p1a: Gholdengo|Gholdengo|100\/100\n|-damage|p1a: Gholdengo|94\/100|[from] Stealth Rock\n|-item|p1a: Gholdengo|Air Balloon\n|turn|10\n|\n|t:|1700448476\n|move|p2a: Ogerpon|Ivy Cudgel|p1a: Gholdengo|[anim] Ivy Cudgel Water\n|-damage|p1a: Gholdengo|0 fnt\n|-enditem|p1a: Gholdengo|Air Balloon\n|faint|p1a: Gholdengo\n|\n|upkeep\n|\n|t:|1700448485\n|switch|p1a: Dragonite|Dragonite, F|100\/100\n|turn|11\n|\n|t:|1700448499\n|move|p2a: Ogerpon|Ivy Cudgel|p1a: Dragonite|[anim] Ivy Cudgel Water\n|-resisted|p1a: Dragonite\n|-damage|p1a: Dragonite|72\/100\n|move|p1a: Dragonite|Dragon Dance|p1a: Dragonite\n|-boost|p1a: Dragonite|atk|1\n|-boost|p1a: Dragonite|spe|1\n|\n|-sideend|p2: TheZalmancer|move: Aurora Veil\n|upkeep\n|turn|12\n|\n|t:|1700448522\n|move|p2a: Ogerpon|Ivy Cudgel|p1a: Dragonite|[anim] Ivy Cudgel Water\n|-resisted|p1a: Dragonite\n|-damage|p1a: Dragonite|11\/100\n|move|p1a: Dragonite|Dragon Dance|p1a: Dragonite\n|-boost|p1a: Dragonite|atk|1\n|-boost|p1a: Dragonite|spe|1\n|\n|upkeep\n|turn|13\n|\n|t:|1700448529\n|move|p1a: Dragonite|Extreme Speed|p2a: Ogerpon\n|-damage|p2a: Ogerpon|0 fnt\n|faint|p2a: Ogerpon\n|\n|upkeep\n|\n|t:|1700448540\n|switch|p2a: Corviknight|Corviknight, F, shiny|100\/100\n|-ability|p2a: Corviknight|Pressure\n|turn|14\n|\n|t:|1700448544\n|move|p1a: Dragonite|Extreme Speed|p2a: Corviknight\n|-resisted|p2a: Corviknight\n|-damage|p2a: Corviknight|82\/100\n|move|p2a: Corviknight|Iron Head|p1a: Dragonite\n|-damage|p1a: Dragonite|0 fnt\n|faint|p1a: Dragonite\n|\n|-heal|p2a: Corviknight|89\/100|[from] item: Leftovers\n|upkeep\n|\n|t:|1700448550\n|switch|p1a: Breloom|Breloom, F|100\/100\n|-damage|p1a: Breloom|94\/100|[from] Stealth Rock\n|turn|15\n|\n|t:|1700448557\n|switch|p1a: Gligar|Gligar, F, shiny|100\/100\n|-damage|p1a: Gligar|88\/100|[from] Stealth Rock\n|move|p2a: Corviknight|Drill Peck|p1a: Gligar\n|-damage|p1a: Gligar|74\/100\n|\n|-heal|p2a: Corviknight|95\/100|[from] item: Leftovers\n|upkeep\n|turn|16\n|\n|t:|1700448564\n|move|p1a: Gligar|Stealth Rock|p2a: Corviknight\n|-sidestart|p2: TheZalmancer|move: Stealth Rock\n|move|p2a: Corviknight|U-turn|p1a: Gligar\n|-resisted|p1a: Gligar\n|-damage|p1a: Gligar|69\/100\n|\n|t:|1700448568\n|switch|p2a: Ninetales|Ninetales-Alola, F, shiny|97\/100|[from] U-turn\n|-damage|p2a: Ninetales|72\/100|[from] Stealth Rock\n|-weather|Snow|[from] ability: Snow Warning|[of] p2a: Ninetales\n|\n|-weather|Snow|[upkeep]\n|upkeep\n|turn|17\n|\n|t:|1700448578\n|move|p2a: Ninetales|Aurora Veil|p2a: Ninetales\n|-sidestart|p2: TheZalmancer|move: Aurora Veil\n|move|p1a: Gligar|Spikes|p2a: Ninetales\n|-sidestart|p2: TheZalmancer|Spikes\n|\n|-weather|Snow|[upkeep]\n|upkeep\n|turn|18\n|\n|t:|1700448584\n|move|p2a: Ninetales|Freeze-Dry|p1a: Gligar\n|-supereffective|p1a: Gligar\n|-damage|p1a: Gligar|16\/100\n|move|p1a: Gligar|Spikes|p2a: Ninetales\n|-sidestart|p2: TheZalmancer|Spikes\n|\n|-weather|Snow|[upkeep]\n|upkeep\n|turn|19\n|\n|t:|1700448590\n|move|p2a: Ninetales|Freeze-Dry|p1a: Gligar\n|-supereffective|p1a: Gligar\n|-damage|p1a: Gligar|0 fnt\n|faint|p1a: Gligar\n|\n|-weather|Snow|[upkeep]\n|upkeep\n|\n|t:|1700448592\n|switch|p1a: Breloom|Breloom, F|94\/100\n|-damage|p1a: Breloom|88\/100|[from] Stealth Rock\n|turn|20\n|\n|t:|1700448598\n|-terastallize|p1a: Breloom|Fire\n|move|p2a: Ninetales|Freeze-Dry|p1a: Breloom\n|-resisted|p1a: Breloom\n|-damage|p1a: Breloom|69\/100\n|move|p1a: Breloom|Swords Dance|p1a: Breloom\n|-boost|p1a: Breloom|atk|2\n|\n|-weather|none\n|upkeep\n|turn|21\n|\n|t:|1700448610\n|move|p2a: Ninetales|Encore|p1a: Breloom\n|-start|p1a: Breloom|Encore\n|move|p1a: Breloom|Swords Dance|p1a: Breloom\n|-boost|p1a: Breloom|atk|2\n|\n|-sideend|p2: TheZalmancer|move: Aurora Veil\n|upkeep\n|turn|22\n|\n|t:|1700448619\n|switch|p2a: Slowking|Slowking-Galar, M|100\/100\n|-damage|p2a: Slowking|88\/100|[from] Stealth Rock\n|-damage|p2a: Slowking|72\/100|[from] Spikes\n|move|p1a: Breloom|Swords Dance|p1a: Breloom\n|-boost|p1a: Breloom|atk|2\n|\n|-heal|p2a: Slowking|78\/100|[from] item: Leftovers\n|upkeep\n|turn|23\n|\n|t:|1700448628\n|move|p1a: Breloom|Swords Dance|p1a: Breloom\n|-boost|p1a: Breloom|atk|0\n|move|p2a: Slowking|Sludge Bomb|p1a: Breloom\n|-crit|p1a: Breloom\n|-damage|p1a: Breloom|0 fnt\n|faint|p1a: Breloom\n|\n|win|TheZalmancer\n|raw|Red Hot Rubedo's rating: 1344 &rarr; <strong>1326<\/strong><br \/>(-18 for losing)\n|raw|TheZalmancer's rating: 1381 &rarr; <strong>1399<\/strong><br \/>(+18 for winning)\n|c|\u2606TheZalmancer|ggs\n","uploadtime":1700448642,"views":11,"p1id":"redhotrubedo","p2id":"thezalmancer","formatid":"gen9ou","rating":1326,"private":0,"password":""}