{"id":"gen9ou-1989553428","p1":"Pikesito","p2":"Icri_o","format":"[Gen 9] OU","log":"|j|\u2606Pikesito\n|j|\u2606Icri_o\n|inactive|Battle timer is ON: inactive players will automatically lose when time's up.\n|t:|1699870272\n|gametype|singles\n|player|p1|Pikesito|penny|\n|player|p2|Icri_o|169|\n|teamsize|p1|4\n|teamsize|p2|4\n|gen|9\n|tier|[Gen 9] OU\n|rated|Tournament battle\n|rule|Sleep Clause Mod: Limit one foe put to sleep\n|rule|Species Clause: Limit one of each Pok\u00e9mon\n|rule|OHKO Clause: OHKO moves are banned\n|rule|Evasion Items Clause: Evasion items are banned\n|rule|Evasion Moves Clause: Evasion moves are banned\n|rule|Endless Battle Clause: Forcing endless battles is banned\n|rule|HP Percentage Mod: HP is shown in percentages\n|clearpoke\n|poke|p1|Breloom, M|\n|poke|p1|Dudunsparce-*, F|\n|poke|p1|Honchkrow, M|\n|poke|p1|Ninetales-Alola, M|\n|poke|p2|Gholdengo|\n|poke|p2|Arcanine-Hisui, F|\n|poke|p2|Empoleon, M|\n|poke|p2|Dragonite, M|\n|teampreview\n|inactive|Pikesito also wants the timer to be on.\n|j|*Lady Monita \u2746\n|\n|t:|1699870280\n|start\n|switch|p1a: Honchkrow|Honchkrow, M|100\/100\n|switch|p2a: Arcanine|Arcanine-Hisui, F|100\/100\n|turn|1\n|\n|t:|1699870286\n|move|p2a: Arcanine|Head Smash|p1a: Honchkrow\n|-supereffective|p1a: Honchkrow\n|-enditem|p1a: Honchkrow|Focus Sash\n|-damage|p1a: Honchkrow|1\/100\n|move|p1a: Honchkrow|Tailwind|p1a: Honchkrow\n|-sidestart|p1: Pikesito|move: Tailwind\n|\n|upkeep\n|turn|2\n|j| TJ799\n|\n|t:|1699870289\n|move|p1a: Honchkrow|Night Slash|p2a: Arcanine\n|-crit|p2a: Arcanine\n|-damage|p2a: Arcanine|36\/100\n|move|p2a: Arcanine|Head Smash|p1a: Honchkrow|[miss]\n|-miss|p2a: Arcanine|p1a: Honchkrow\n|\n|upkeep\n|turn|3\n|j| sinisterresolute\n|\n|t:|1699870296\n|move|p1a: Honchkrow|Night Slash|p2a: Arcanine\n|-damage|p2a: Arcanine|0 fnt\n|faint|p2a: Arcanine\n|-ability|p1a: Honchkrow|Moxie|boost\n|-boost|p1a: Honchkrow|atk|1\n|\n|upkeep\n|\n|t:|1699870302\n|switch|p2a: Dragonite|Dragonite, M|100\/100\n|turn|4\n|\n|t:|1699870311\n|move|p1a: Honchkrow|Tailwind||[still]\n|-fail|p1a: Honchkrow\n|move|p2a: Dragonite|Dragon Dance|p2a: Dragonite\n|-boost|p2a: Dragonite|atk|1\n|-boost|p2a: Dragonite|spe|1\n|\n|-sideend|p1: Pikesito|move: Tailwind\n|upkeep\n|turn|5\n|\n|t:|1699870321\n|move|p2a: Dragonite|Extreme Speed|p1a: Honchkrow\n|-damage|p1a: Honchkrow|0 fnt\n|faint|p1a: Honchkrow\n|\n|upkeep\n|\n|t:|1699870324\n|switch|p1a: Ninetales|Ninetales-Alola, M|100\/100\n|-weather|Snow|[from] ability: Snow Warning|[of] p1a: Ninetales\n|turn|6\n|\n|t:|1699870329\n|-terastallize|p2a: Dragonite|Normal\n|move|p2a: Dragonite|Fire Punch|p1a: Ninetales\n|-supereffective|p1a: Ninetales\n|-damage|p1a: Ninetales|13\/100\n|move|p1a: Ninetales|Freeze-Dry|p2a: Dragonite\n|-damage|p2a: Dragonite|86\/100\n|\n|-weather|Snow|[upkeep]\n|upkeep\n|turn|7\n|j| Sibn23\n|\n|t:|1699870333\n|move|p2a: Dragonite|Fire Punch|p1a: Ninetales\n|-supereffective|p1a: Ninetales\n|-damage|p1a: Ninetales|0 fnt\n|faint|p1a: Ninetales\n|\n|-weather|Snow|[upkeep]\n|upkeep\n|-message|Pikesito forfeited.\n|\n|win|Icri_o\n|n|\u2606Pikesito|pikesito\n|n|\u2606Icri_o|icrio\n|n|*Lady Monita \u2746|ladymonita\n|n| TJ799|tj799\n|n| sinisterresolute|sinisterresolute\n|n| Sibn23|sibn23\n","uploadtime":1699870338,"views":8,"p1id":"pikesito","p2id":"icrio","formatid":"gen9ou","rating":0,"private":0,"password":""}