{"id":"gen9ou-1988298229","p1":"MasterStone","p2":"yellow motorola","format":"[Gen 9] OU","log":"|j|\u2606MasterStone\n|j|\u2606yellow motorola\n|t:|1699704147\n|gametype|singles\n|player|p1|MasterStone|colress|1361\n|player|p2|yellow motorola|byron|1445\n|teamsize|p1|6\n|teamsize|p2|6\n|gen|9\n|tier|[Gen 9] OU\n|rated|\n|rule|Sleep Clause Mod: Limit one foe put to sleep\n|rule|Species Clause: Limit one of each Pok\u00e9mon\n|rule|OHKO Clause: OHKO moves are banned\n|rule|Evasion Items Clause: Evasion items are banned\n|rule|Evasion Moves Clause: Evasion moves are banned\n|rule|Endless Battle Clause: Forcing endless battles is banned\n|rule|HP Percentage Mod: HP is shown in percentages\n|clearpoke\n|poke|p1|Kleavor, M|\n|poke|p1|Goodra-Hisui, F|\n|poke|p1|Rillaboom, M|\n|poke|p1|Gholdengo|\n|poke|p1|Great Tusk|\n|poke|p1|Rotom-Wash|\n|poke|p2|Dragapult, F|\n|poke|p2|Iron Valiant|\n|poke|p2|Rillaboom, M|\n|poke|p2|Sneasler, F|\n|poke|p2|Great Tusk|\n|poke|p2|Walking Wake|\n|teampreview\n|inactive|Battle timer is ON: inactive players will automatically lose when time's up. (requested by MasterStone)\n|inactive|yellow motorola also wants the timer to be on.\n|\n|t:|1699704159\n|start\n|switch|p1a: Kleavor|Kleavor, M|100\/100\n|switch|p2a: Rillaboom|Rillaboom, M|100\/100\n|-fieldstart|move: Grassy Terrain|[from] ability: Grassy Surge|[of] p2a: Rillaboom\n|turn|1\n|\n|t:|1699704165\n|move|p2a: Rillaboom|Grassy Glide|p1a: Kleavor\n|-damage|p1a: Kleavor|29\/100\n|move|p1a: Kleavor|U-turn|p2a: Rillaboom\n|-supereffective|p2a: Rillaboom\n|-damage|p2a: Rillaboom|12\/100\n|\n|t:|1699704182\n|switch|p1a: Gholdengo|Gholdengo|100\/100|[from] U-turn\n|\n|-heal|p2a: Rillaboom|18\/100|[from] Grassy Terrain\n|upkeep\n|turn|2\n|\n|t:|1699704208\n|switch|p2a: Dragapult|Dragapult, F|100\/100\n|move|p1a: Gholdengo|Shadow Ball|p2a: Dragapult\n|-supereffective|p2a: Dragapult\n|-enditem|p2a: Dragapult|Focus Sash\n|-damage|p2a: Dragapult|1\/100\n|\n|-heal|p2a: Dragapult|7\/100|[from] Grassy Terrain\n|upkeep\n|turn|3\n|\n|t:|1699704216\n|move|p1a: Gholdengo|Shadow Ball|p2a: Dragapult\n|-supereffective|p2a: Dragapult\n|-damage|p2a: Dragapult|0 fnt\n|faint|p2a: Dragapult\n|\n|upkeep\n|\n|t:|1699704223\n|switch|p2a: Sneasler|Sneasler, F|100\/100\n|-enditem|p2a: Sneasler|Grassy Seed\n|-boost|p2a: Sneasler|def|1|[from] item: Grassy Seed\n|turn|4\n|\n|t:|1699704228\n|move|p2a: Sneasler|Swords Dance|p2a: Sneasler\n|-boost|p2a: Sneasler|atk|2\n|move|p1a: Gholdengo|Shadow Ball|p2a: Sneasler\n|-damage|p2a: Sneasler|53\/100\n|-unboost|p2a: Sneasler|spd|1\n|\n|-heal|p2a: Sneasler|59\/100|[from] Grassy Terrain\n|upkeep\n|turn|5\n|\n|t:|1699704234\n|move|p2a: Sneasler|Shadow Claw|p1a: Gholdengo\n|-supereffective|p1a: Gholdengo\n|-damage|p1a: Gholdengo|0 fnt\n|faint|p1a: Gholdengo\n|\n|-heal|p2a: Sneasler|65\/100|[from] Grassy Terrain\n|-fieldend|move: Grassy Terrain\n|upkeep\n|\n|t:|1699704245\n|switch|p1a: Rotom|Rotom-Wash|100\/100\n|turn|6\n|\n|t:|1699704252\n|move|p2a: Sneasler|Close Combat|p1a: Rotom\n|-damage|p1a: Rotom|0 fnt\n|-unboost|p2a: Sneasler|def|1\n|-unboost|p2a: Sneasler|spd|1\n|faint|p1a: Rotom\n|\n|upkeep\n|\n|t:|1699704271\n|switch|p1a: Great Tusk|Great Tusk|100\/100\n|turn|7\n|\n|t:|1699704277\n|-terastallize|p2a: Sneasler|Flying\n|move|p2a: Sneasler|Acrobatics|p1a: Great Tusk\n|-supereffective|p1a: Great Tusk\n|-damage|p1a: Great Tusk|0 fnt\n|faint|p1a: Great Tusk\n|-end|p1a: Great Tusk|Protosynthesis|[silent]\n|\n|upkeep\n|-message|MasterStone forfeited.\n|\n|win|yellow motorola\n|raw|MasterStone's rating: 1361 &rarr; <strong>1346<\/strong><br \/>(-15 for losing)\n|raw|yellow motorola's rating: 1445 &rarr; <strong>1460<\/strong><br \/>(+15 for winning)\n|l|\u2606MasterStone\n","uploadtime":1699704286,"views":19,"p1id":"masterstone","p2id":"yellowmotorola","formatid":"gen9ou","rating":1346,"private":0,"password":""}