{"id":"gen9ou-1997211535","p1":"localdealerr","p2":"PokeFan1748","format":"[Gen 9] OU","log":"|j|\u2606localdealerr\n|j|\u2606PokeFan1748\n|t:|1700776060\n|gametype|singles\n|player|p1|localdealerr|169|1741\n|player|p2|PokeFan1748|2|1650\n|teamsize|p1|6\n|teamsize|p2|6\n|gen|9\n|tier|[Gen 9] OU\n|rated|\n|rule|Sleep Clause Mod: Limit one foe put to sleep\n|rule|Species Clause: Limit one of each Pok\u00e9mon\n|rule|OHKO Clause: OHKO moves are banned\n|rule|Evasion Items Clause: Evasion items are banned\n|rule|Evasion Moves Clause: Evasion moves are banned\n|rule|Endless Battle Clause: Forcing endless battles is banned\n|rule|HP Percentage Mod: HP is shown in percentages\n|clearpoke\n|poke|p1|Glimmora, M|\n|poke|p1|Ogerpon-Wellspring, F|\n|poke|p1|Great Tusk|\n|poke|p1|Gholdengo|\n|poke|p1|Kingambit, F|\n|poke|p1|Zapdos|\n|poke|p2|Weavile, F|\n|poke|p2|Heatran, F|\n|poke|p2|Great Tusk|\n|poke|p2|Landorus-Therian, M|\n|poke|p2|Ogerpon-Wellspring, F|\n|poke|p2|Gholdengo|\n|teampreview\n|inactive|Battle timer is ON: inactive players will automatically lose when time's up. (requested by PokeFan1748)\n|j| KC66\n|\n|t:|1700776100\n|start\n|switch|p1a: ocky rocky.|Glimmora, M|100\/100\n|switch|p2a: Heatran|Heatran, F|100\/100\n|turn|1\n|\n|t:|1700776119\n|move|p1a: ocky rocky.|Earth Power|p2a: Heatran\n|-supereffective|p2a: Heatran\n|-damage|p2a: Heatran|0 fnt\n|faint|p2a: Heatran\n|\n|upkeep\n|c| KC66|goobed\n|c| KC66|truly\n|\n|t:|1700776133\n|switch|p2a: Great Tusk|Great Tusk|100\/100\n|turn|2\n|\n|t:|1700776137\n|switch|p1a: big bird.|Zapdos|100\/100\n|move|p2a: Great Tusk|Headlong Rush|p1a: big bird.\n|-immune|p1a: big bird.\n|\n|upkeep\n|turn|3\n|\n|t:|1700776151\n|move|p1a: big bird.|Heat Wave|p2a: Great Tusk\n|-damage|p2a: Great Tusk|69\/100\n|move|p2a: Great Tusk|Ice Spinner|p1a: big bird.\n|-supereffective|p1a: big bird.\n|-damage|p1a: big bird.|59\/100\n|\n|upkeep\n|turn|4\n|\n|t:|1700776165\n|move|p1a: big bird.|Heat Wave|p2a: Great Tusk\n|-damage|p2a: Great Tusk|35\/100\n|-status|p2a: Great Tusk|brn\n|move|p2a: Great Tusk|Rapid Spin|p1a: big bird.\n|-damage|p1a: big bird.|52\/100\n|-boost|p2a: Great Tusk|spe|1\n|\n|-damage|p2a: Great Tusk|29\/100 brn|[from] brn\n|upkeep\n|turn|5\n|\n|t:|1700776174\n|move|p2a: Great Tusk|Ice Spinner|p1a: big bird.\n|-supereffective|p1a: big bird.\n|-damage|p1a: big bird.|33\/100\n|move|p1a: big bird.|Roost|p1a: big bird.\n|-heal|p1a: big bird.|83\/100\n|-singleturn|p1a: big bird.|move: Roost\n|\n|-damage|p2a: Great Tusk|23\/100 brn|[from] brn\n|upkeep\n|turn|6\n|\n|t:|1700776185\n|move|p2a: Great Tusk|Knock Off|p1a: big bird.\n|-damage|p1a: big bird.|70\/100\n|-enditem|p1a: big bird.|Heavy-Duty Boots|[from] move: Knock Off|[of] p2a: Great Tusk\n|move|p1a: big bird.|Heat Wave|p2a: Great Tusk\n|-damage|p2a: Great Tusk|0 fnt\n|faint|p2a: Great Tusk\n|-end|p2a: Great Tusk|Protosynthesis|[silent]\n|\n|upkeep\n|\n|t:|1700776205\n|switch|p2a: Weavile|Weavile, F|100\/100\n|-ability|p2a: Weavile|Pressure\n|turn|7\n|j| lemoslemoslemos\n|inactive|localdealerr has 120 seconds left.\n|\n|t:|1700776238\n|-terastallize|p1a: big bird.|Steel\n|move|p2a: Weavile|Icicle Crash|p1a: big bird.\n|-resisted|p1a: big bird.\n|-damage|p1a: big bird.|47\/100\n|-damage|p2a: Weavile|91\/100|[from] item: Life Orb\n|move|p1a: big bird.|Heat Wave|p2a: Weavile|[miss]\n|-miss|p1a: big bird.|p2a: Weavile\n|\n|upkeep\n|turn|8\n|inactive|localdealerr has 120 seconds left.\n|\n|t:|1700776252\n|move|p2a: Weavile|Low Kick|p1a: big bird.\n|-supereffective|p1a: big bird.\n|-damage|p1a: big bird.|0 fnt\n|faint|p1a: big bird.\n|-damage|p2a: Weavile|81\/100|[from] item: Life Orb\n|\n|upkeep\n|c| KC66|tragic\n|inactive|localdealerr has 120 seconds left.\n|inactive|localdealerr has 90 seconds left.\n|\n|t:|1700776298\n|switch|p1a: woogerpon.|Ogerpon-Wellspring, F|100\/100\n|turn|9\n|\n|t:|1700776311\n|move|p2a: Weavile|Icicle Crash|p1a: woogerpon.\n|-damage|p1a: woogerpon.|24\/100\n|-damage|p2a: Weavile|71\/100|[from] item: Life Orb\n|move|p1a: woogerpon.|Trailblaze|p2a: Weavile\n|-damage|p2a: Weavile|21\/100\n|-boost|p1a: woogerpon.|spe|1\n|\n|upkeep\n|turn|10\n|inactive|localdealerr has 90 seconds left.\n|j| Jan7498\n|\n|t:|1700776323\n|move|p2a: Weavile|Ice Shard|p1a: woogerpon.\n|-damage|p1a: woogerpon.|0 fnt\n|faint|p1a: woogerpon.\n|-damage|p2a: Weavile|12\/100|[from] item: Life Orb\n|\n|upkeep\n|inactive|localdealerr has 90 seconds left.\n|\n|t:|1700776329\n|switch|p1a: 2 twin tusks.|Great Tusk|100\/100\n|-enditem|p1a: 2 twin tusks.|Booster Energy\n|-activate|p1a: 2 twin tusks.|ability: Protosynthesis|[fromitem]\n|-start|p1a: 2 twin tusks.|protosynthesisspe\n|turn|11\n|l| Jan7498\n|inactive|localdealerr has 90 seconds left.\n|l| lemoslemoslemos\n|inactive|PokeFan1748 has 120 seconds left.\n|\n|t:|1700776360\n|switch|p2a: Landorus|Landorus-Therian, M|100\/100\n|-ability|p2a: Landorus|Intimidate|boost\n|-unboost|p1a: 2 twin tusks.|atk|1\n|move|p1a: 2 twin tusks.|Rapid Spin|p2a: Landorus\n|-damage|p2a: Landorus|88\/100\n|-boost|p1a: 2 twin tusks.|spe|1\n|\n|upkeep\n|turn|12\n|inactive|localdealerr has 90 seconds left.\n|\n|t:|1700776369\n|move|p1a: 2 twin tusks.|Ice Spinner|p2a: Landorus\n|-supereffective|p2a: Landorus\n|-damage|p2a: Landorus|14\/100\n|move|p2a: Landorus|Grass Knot|p1a: 2 twin tusks.\n|-supereffective|p1a: 2 twin tusks.\n|-damage|p1a: 2 twin tusks.|26\/100\n|\n|upkeep\n|turn|13\n|j| Lt_alt1\n|inactive|PokeFan1748 has 120 seconds left.\n|\n|t:|1700776393\n|move|p1a: 2 twin tusks.|Ice Spinner|p2a: Landorus\n|-supereffective|p2a: Landorus\n|-damage|p2a: Landorus|0 fnt\n|faint|p2a: Landorus\n|\n|upkeep\n|\n|t:|1700776399\n|switch|p2a: Weavile|Weavile, F|12\/100\n|-ability|p2a: Weavile|Pressure\n|turn|14\n|\n|t:|1700776406\n|-end|p1a: 2 twin tusks.|Protosynthesis|[silent]\n|switch|p1a: ocky rocky.|Glimmora, M|100\/100\n|move|p2a: Weavile|Ice Shard|p1a: ocky rocky.\n|-damage|p1a: ocky rocky.|69\/100\n|-activate|p1a: ocky rocky.|ability: Toxic Debris\n|-sidestart|p2: PokeFan1748|move: Toxic Spikes\n|-damage|p2a: Weavile|2\/100|[from] item: Life Orb\n|\n|upkeep\n|turn|15\n|j| dfghhhg\n|inactive|PokeFan1748 has 120 seconds left.\n|\n|t:|1700776428\n|switch|p1a: 2 twin tusks.|Great Tusk|26\/100\n|move|p2a: Weavile|Knock Off|p1a: 2 twin tusks.\n|-resisted|p1a: 2 twin tusks.\n|-damage|p1a: 2 twin tusks.|12\/100\n|-damage|p2a: Weavile|0 fnt|[from] item: Life Orb\n|faint|p2a: Weavile\n|\n|upkeep\n|\n|t:|1700776441\n|switch|p2a: Ogerpon|Ogerpon-Wellspring, F|100\/100\n|-status|p2a: Ogerpon|psn\n|turn|16\n|\n|t:|1700776451\n|move|p2a: Ogerpon|Ivy Cudgel|p1a: 2 twin tusks.|[anim] Ivy Cudgel Water\n|-supereffective|p1a: 2 twin tusks.\n|-damage|p1a: 2 twin tusks.|0 fnt\n|faint|p1a: 2 twin tusks.\n|-end|p1a: 2 twin tusks.|Protosynthesis|[silent]\n|\n|-damage|p2a: Ogerpon|88\/100 psn|[from] psn\n|upkeep\n|\n|t:|1700776453\n|switch|p1a: freebandgang.|Gholdengo|100\/100\n|turn|17\n|inactive|PokeFan1748 has 120 seconds left.\n|\n|t:|1700776464\n|move|p2a: Ogerpon|Ivy Cudgel|p1a: freebandgang.|[anim] Ivy Cudgel Water\n|-damage|p1a: freebandgang.|54\/100\n|move|p1a: freebandgang.|Hex|p2a: Ogerpon\n|-damage|p2a: Ogerpon|15\/100 psn\n|\n|-heal|p1a: freebandgang.|60\/100|[from] item: Leftovers\n|-damage|p2a: Ogerpon|3\/100 psn|[from] psn\n|upkeep\n|turn|18\n|inactive|PokeFan1748 has 120 seconds left.\n|\n|t:|1700776492\n|move|p2a: Ogerpon|Ivy Cudgel|p1a: freebandgang.|[anim] Ivy Cudgel Water\n|-damage|p1a: freebandgang.|17\/100\n|move|p1a: freebandgang.|Recover|p1a: freebandgang.\n|-heal|p1a: freebandgang.|67\/100\n|\n|-heal|p1a: freebandgang.|73\/100|[from] item: Leftovers\n|-damage|p2a: Ogerpon|0 fnt|[from] psn\n|faint|p2a: Ogerpon\n|upkeep\n|\n|t:|1700776500\n|switch|p2a: Gholdengo|Gholdengo|100\/100\n|turn|19\n|j| Jan7498\n|\n|t:|1700776512\n|-terastallize|p2a: Gholdengo|Fairy\n|move|p1a: freebandgang.|Hex|p2a: Gholdengo\n|-damage|p2a: Gholdengo|73\/100\n|move|p2a: Gholdengo|Nasty Plot|p2a: Gholdengo\n|-boost|p2a: Gholdengo|spa|2\n|\n|-heal|p1a: freebandgang.|80\/100|[from] item: Leftovers\n|upkeep\n|turn|20\n|l| KC66\n|\n|t:|1700776520\n|move|p1a: freebandgang.|Make It Rain|p2a: Gholdengo\n|-supereffective|p2a: Gholdengo\n|-damage|p2a: Gholdengo|0 fnt\n|-unboost|p1a: freebandgang.|spa|1\n|faint|p2a: Gholdengo\n|\n|win|localdealerr\n|raw|localdealerr's rating: 1741 &rarr; <strong>1756<\/strong><br \/>(+15 for winning)\n|raw|PokeFan1748's rating: 1650 &rarr; <strong>1635<\/strong><br \/>(-15 for losing)\n|c|\u2606localdealerr|gg\n|l|\u2606PokeFan1748\n|l| Lt_alt1\n","uploadtime":1700776528,"views":2,"p1id":"localdealerr","p2id":"pokefan1748","formatid":"gen9ou","rating":1635,"private":0,"password":""}