{"id":"gen9ou-1989371728","p1":"Ceslva34","p2":"Brockkkkk1111","format":"[Gen 9] OU","log":"|j|\u2606Ceslva34\n|j|\u2606Brockkkkk1111\n|t:|1699841964\n|gametype|singles\n|player|p1|Ceslva34|steven|1102\n|player|p2|Brockkkkk1111|1|1018\n|teamsize|p1|6\n|teamsize|p2|6\n|gen|9\n|tier|[Gen 9] OU\n|rated|\n|rule|Sleep Clause Mod: Limit one foe put to sleep\n|rule|Species Clause: Limit one of each Pok\u00e9mon\n|rule|OHKO Clause: OHKO moves are banned\n|rule|Evasion Items Clause: Evasion items are banned\n|rule|Evasion Moves Clause: Evasion moves are banned\n|rule|Endless Battle Clause: Forcing endless battles is banned\n|rule|HP Percentage Mod: HP is shown in percentages\n|clearpoke\n|poke|p1|Gholdengo|\n|poke|p1|Ogerpon-Cornerstone, F|\n|poke|p1|Ribombee, M|\n|poke|p1|Iron Valiant|\n|poke|p1|Iron Moth|\n|poke|p1|Kingambit, M|\n|poke|p2|Alomomola, F|\n|poke|p2|Glimmora, F|\n|poke|p2|Great Tusk|\n|poke|p2|Sneasler, F|\n|poke|p2|Slowking-Galar, F|\n|poke|p2|Enamorus, F|\n|teampreview\n|inactive|Battle timer is ON: inactive players will automatically lose when time's up. (requested by Ceslva34)\n|\n|t:|1699841973\n|start\n|switch|p1a: Ribombee|Ribombee, M|100\/100\n|switch|p2a: Sneasler|Sneasler, F|100\/100\n|-item|p2a: Sneasler|Air Balloon\n|turn|1\n|\n|t:|1699841979\n|move|p2a: Sneasler|Fake Out|p1a: Ribombee\n|-damage|p1a: Ribombee|73\/100\n|cant|p1a: Ribombee|flinch\n|\n|upkeep\n|turn|2\n|\n|t:|1699841988\n|switch|p2a: Glimmora|Glimmora, F|100\/100\n|switch|p1a: Gholdengo|Gholdengo|100\/100\n|-item|p1a: Gholdengo|Air Balloon\n|\n|upkeep\n|turn|3\n|\n|t:|1699841998\n|move|p2a: Glimmora|Earth Power|p1a: Gholdengo\n|-immune|p1a: Gholdengo\n|move|p1a: Gholdengo|Make It Rain|p2a: Glimmora\n|-supereffective|p2a: Glimmora\n|-damage|p2a: Glimmora|0 fnt\n|-unboost|p1a: Gholdengo|spa|1\n|faint|p2a: Glimmora\n|\n|upkeep\n|\n|t:|1699842007\n|switch|p2a: Enamorus|Enamorus, F|100\/100\n|turn|4\n|\n|t:|1699842027\n|switch|p1a: Iron Moth|Iron Moth|100\/100\n|-enditem|p1a: Iron Moth|Booster Energy\n|-activate|p1a: Iron Moth|ability: Quark Drive|[fromitem]\n|-start|p1a: Iron Moth|quarkdrivespe\n|move|p2a: Enamorus|Mystical Fire|p1a: Iron Moth\n|-resisted|p1a: Iron Moth\n|-damage|p1a: Iron Moth|85\/100\n|-unboost|p1a: Iron Moth|spa|1\n|\n|upkeep\n|turn|5\n|\n|t:|1699842043\n|switch|p2a: Alomomola|Alomomola, F|100\/100\n|move|p1a: Iron Moth|Sludge Wave|p2a: Alomomola\n|-damage|p2a: Alomomola|60\/100\n|\n|-heal|p2a: Alomomola|66\/100|[from] item: Leftovers\n|upkeep\n|turn|6\n|\n|t:|1699842059\n|-end|p1a: Iron Moth|Quark Drive|[silent]\n|switch|p1a: Ribombee|Ribombee, M|73\/100\n|move|p2a: Alomomola|Wish|p2a: Alomomola\n|\n|-heal|p2a: Alomomola|72\/100|[from] item: Leftovers\n|upkeep\n|turn|7\n|\n|t:|1699842064\n|move|p1a: Ribombee|Sticky Web|p2a: Alomomola\n|-sidestart|p2: Brockkkkk1111|move: Sticky Web\n|move|p2a: Alomomola|Flip Turn|p1a: Ribombee\n|-damage|p1a: Ribombee|40\/100\n|\n|t:|1699842071\n|switch|p2a: Great Tusk|Great Tusk|100\/100|[from] Flip Turn\n|-activate|p2a: Great Tusk|move: Sticky Web\n|-unboost|p2a: Great Tusk|spe|1\n|-enditem|p2a: Great Tusk|Booster Energy\n|-activate|p2a: Great Tusk|ability: Protosynthesis|[fromitem]\n|-start|p2a: Great Tusk|protosynthesisatk\n|\n|upkeep\n|turn|8\n|\n|t:|1699842081\n|move|p1a: Ribombee|Moonblast|p2a: Great Tusk\n|-supereffective|p2a: Great Tusk\n|-damage|p2a: Great Tusk|0 fnt\n|faint|p2a: Great Tusk\n|-end|p2a: Great Tusk|Protosynthesis|[silent]\n|\n|upkeep\n|\n|t:|1699842091\n|switch|p2a: Sneasler|Sneasler, F|100\/100\n|-item|p2a: Sneasler|Air Balloon\n|turn|9\n|\n|t:|1699842101\n|switch|p1a: Gholdengo|Gholdengo|100\/100\n|-item|p1a: Gholdengo|Air Balloon\n|move|p2a: Sneasler|Fake Out|p1a: Gholdengo\n|-immune|p1a: Gholdengo\n|\n|upkeep\n|turn|10\n|\n|t:|1699842108\n|move|p2a: Sneasler|U-turn|p1a: Gholdengo\n|-resisted|p1a: Gholdengo\n|-damage|p1a: Gholdengo|93\/100\n|-enditem|p1a: Gholdengo|Air Balloon\n|\n|t:|1699842116\n|switch|p2a: Enamorus|Enamorus, F|100\/100|[from] U-turn\n|move|p1a: Gholdengo|Nasty Plot|p1a: Gholdengo\n|-boost|p1a: Gholdengo|spa|2\n|\n|upkeep\n|turn|11\n|\n|t:|1699842134\n|move|p2a: Enamorus|Mystical Fire|p1a: Gholdengo\n|-supereffective|p1a: Gholdengo\n|-damage|p1a: Gholdengo|26\/100\n|-unboost|p1a: Gholdengo|spa|1\n|move|p1a: Gholdengo|Make It Rain|p2a: Enamorus\n|-supereffective|p2a: Enamorus\n|-damage|p2a: Enamorus|0 fnt\n|-unboost|p1a: Gholdengo|spa|1\n|faint|p2a: Enamorus\n|\n|upkeep\n|\n|t:|1699842145\n|switch|p2a: Sneasler|Sneasler, F|100\/100\n|-item|p2a: Sneasler|Air Balloon\n|turn|12\n|\n|t:|1699842151\n|move|p2a: Sneasler|U-turn|p1a: Gholdengo\n|-resisted|p1a: Gholdengo\n|-damage|p1a: Gholdengo|19\/100\n|\n|t:|1699842155\n|switch|p2a: Slowking|Slowking-Galar, F|100\/100|[from] U-turn\n|-activate|p2a: Slowking|move: Sticky Web\n|-unboost|p2a: Slowking|spe|1\n|move|p1a: Gholdengo|Shadow Ball|p2a: Slowking\n|-supereffective|p2a: Slowking\n|-damage|p2a: Slowking|51\/100\n|\n|-heal|p2a: Slowking|57\/100|[from] item: Leftovers\n|upkeep\n|turn|13\n|\n|t:|1699842173\n|move|p1a: Gholdengo|Shadow Ball|p2a: Slowking\n|-supereffective|p2a: Slowking\n|-damage|p2a: Slowking|11\/100\n|move|p2a: Slowking|Slack Off|p2a: Slowking\n|-heal|p2a: Slowking|61\/100\n|\n|-heal|p2a: Slowking|67\/100|[from] item: Leftovers\n|upkeep\n|turn|14\n|\n|t:|1699842184\n|switch|p2a: Alomomola|Alomomola, F|100\/100\n|-activate|p2a: Alomomola|move: Sticky Web\n|-unboost|p2a: Alomomola|spe|1\n|move|p1a: Gholdengo|Recover|p1a: Gholdengo\n|-heal|p1a: Gholdengo|69\/100\n|\n|upkeep\n|turn|15\n|\n|t:|1699842194\n|move|p1a: Gholdengo|Nasty Plot|p1a: Gholdengo\n|-boost|p1a: Gholdengo|spa|2\n|move|p2a: Alomomola|Wish|p2a: Alomomola\n|\n|upkeep\n|turn|16\n|\n|t:|1699842201\n|move|p1a: Gholdengo|Nasty Plot|p1a: Gholdengo\n|-boost|p1a: Gholdengo|spa|2\n|move|p2a: Alomomola|Flip Turn|p1a: Gholdengo\n|-damage|p1a: Gholdengo|52\/100\n|-message|Brockkkkk1111 forfeited.\n|\n|win|Ceslva34\n|raw|Ceslva34's rating: 1102 &rarr; <strong>1124<\/strong><br \/>(+22 for winning)\n|raw|Brockkkkk1111's rating: 1059 &rarr; <strong>1042<\/strong><br \/>(-17 for losing)\n|l|\u2606Brockkkkk1111\n","uploadtime":1699842212,"views":21,"p1id":"ceslva34","p2id":"brockkkkk1111","formatid":"gen9ou","rating":1042,"private":0,"password":""}