{"id":"gen9ou-1995882090","p1":"cerberus sama","p2":"mathismathin","format":"[Gen 9] OU","log":"|j|\u2606cerberus sama\n|j|\u2606mathismathin\n|t:|1700613132\n|gametype|singles\n|player|p1|cerberus sama|101|1796\n|player|p2|mathismathin|nate|1725\n|teamsize|p1|6\n|teamsize|p2|6\n|gen|9\n|tier|[Gen 9] OU\n|rated|\n|rule|Sleep Clause Mod: Limit one foe put to sleep\n|rule|Species Clause: Limit one of each Pok\u00e9mon\n|rule|OHKO Clause: OHKO moves are banned\n|rule|Evasion Items Clause: Evasion items are banned\n|rule|Evasion Moves Clause: Evasion moves are banned\n|rule|Endless Battle Clause: Forcing endless battles is banned\n|rule|HP Percentage Mod: HP is shown in percentages\n|clearpoke\n|poke|p1|Garganacl, F|\n|poke|p1|Great Tusk|\n|poke|p1|Clodsire, M|\n|poke|p1|Landorus-Therian, M|\n|poke|p1|Iron Valiant|\n|poke|p1|Scizor, M|\n|poke|p2|Wo-Chien|\n|poke|p2|Weezing-Galar, M|\n|poke|p2|Blissey, F|\n|poke|p2|Cyclizar, F|\n|poke|p2|Alomomola, F|\n|poke|p2|Corviknight, F|\n|teampreview\n|inactive|Battle timer is ON: inactive players will automatically lose when time's up. (requested by cerberus sama)\n|\n|t:|1700613140\n|start\n|switch|p1a: Iron Valiant|Iron Valiant|100\/100\n|switch|p2a: Weezing|Weezing-Galar, M|100\/100\n|-ability|p2a: Weezing|Neutralizing Gas\n|turn|1\n|\n|t:|1700613151\n|move|p1a: Iron Valiant|Trick|p2a: Weezing\n|-activate|p1a: Iron Valiant|move: Trick|[of] p2a: Weezing\n|-item|p2a: Weezing|Choice Scarf|[from] move: Trick\n|-item|p1a: Iron Valiant|Heavy-Duty Boots|[from] move: Trick\n|move|p2a: Weezing|Sludge Bomb|p1a: Iron Valiant\n|-supereffective|p1a: Iron Valiant\n|-damage|p1a: Iron Valiant|6\/100\n|\n|upkeep\n|turn|2\n|\n|t:|1700613159\n|-end|p1a: Iron Valiant|Quark Drive|[silent]\n|switch|p1a: Clodsire|Clodsire, M|100\/100\n|-end|p2a: Weezing|ability: Neutralizing Gas\n|switch|p2a: Alomomola|Alomomola, F|100\/100\n|\n|upkeep\n|turn|3\n|\n|t:|1700613163\n|switch|p2a: Cyclizar|Cyclizar, F|100\/100\n|move|p1a: Clodsire|Stealth Rock|p2a: Cyclizar\n|-sidestart|p2: mathismathin|move: Stealth Rock\n|\n|upkeep\n|turn|4\n|\n|t:|1700613166\n|move|p2a: Cyclizar|Knock Off|p1a: Clodsire\n|-crit|p1a: Clodsire\n|-damage|p1a: Clodsire|70\/100\n|-enditem|p1a: Clodsire|Black Sludge|[from] move: Knock Off|[of] p2a: Cyclizar\n|move|p1a: Clodsire|Toxic|p2a: Cyclizar\n|-status|p2a: Cyclizar|tox\n|\n|-damage|p2a: Cyclizar|94\/100 tox|[from] psn\n|upkeep\n|turn|5\n|\n|t:|1700613172\n|move|p2a: Cyclizar|Rapid Spin|p1a: Clodsire\n|-damage|p1a: Clodsire|55\/100\n|-boost|p2a: Cyclizar|spe|1\n|-sideend|p2: mathismathin|Stealth Rock|[from] move: Rapid Spin|[of] p2a: Cyclizar\n|move|p1a: Clodsire|Stealth Rock|p2a: Cyclizar\n|-sidestart|p2: mathismathin|move: Stealth Rock\n|\n|-damage|p2a: Cyclizar|82\/100 tox|[from] psn\n|upkeep\n|turn|6\n|\n|t:|1700613175\n|move|p2a: Cyclizar|Rapid Spin|p1a: Clodsire\n|-damage|p1a: Clodsire|40\/100\n|-boost|p2a: Cyclizar|spe|1\n|-sideend|p2: mathismathin|Stealth Rock|[from] move: Rapid Spin|[of] p2a: Cyclizar\n|move|p1a: Clodsire|Stealth Rock|p2a: Cyclizar\n|-sidestart|p2: mathismathin|move: Stealth Rock\n|\n|-damage|p2a: Cyclizar|64\/100 tox|[from] psn\n|upkeep\n|turn|7\n|\n|t:|1700613178\n|switch|p1a: Landorus|Landorus-Therian, M|100\/100\n|-ability|p1a: Landorus|Intimidate|boost\n|-unboost|p2a: Cyclizar|atk|1\n|move|p2a: Cyclizar|Rapid Spin|p1a: Landorus\n|-damage|p1a: Landorus|89\/100\n|-boost|p2a: Cyclizar|spe|1\n|-sideend|p2: mathismathin|Stealth Rock|[from] move: Rapid Spin|[of] p2a: Cyclizar\n|\n|-heal|p1a: Landorus|95\/100|[from] item: Leftovers\n|-damage|p2a: Cyclizar|39\/100 tox|[from] psn\n|upkeep\n|turn|8\n|\n|t:|1700613181\n|move|p2a: Cyclizar|U-turn|p1a: Landorus\n|-resisted|p1a: Landorus\n|-damage|p1a: Landorus|90\/100\n|\n|t:|1700613186\n|switch|p2a: Alomomola|Alomomola, F|100\/100|[from] U-turn\n|move|p1a: Landorus|U-turn|p2a: Alomomola\n|-damage|p2a: Alomomola|88\/100\n|\n|t:|1700613189\n|switch|p1a: Clodsire|Clodsire, M|40\/100|[from] U-turn\n|\n|-heal|p2a: Alomomola|94\/100|[from] item: Leftovers\n|upkeep\n|turn|9\n|\n|t:|1700613193\n|switch|p2a: Weezing|Weezing-Galar, M|100\/100\n|-ability|p2a: Weezing|Neutralizing Gas\n|move|p1a: Clodsire|Earthquake|p2a: Weezing\n|-supereffective|p2a: Weezing\n|-damage|p2a: Weezing|64\/100\n|\n|upkeep\n|turn|10\n|\n|t:|1700613197\n|move|p2a: Weezing|Will-O-Wisp|p1a: Clodsire\n|-status|p1a: Clodsire|brn\n|move|p1a: Clodsire|Stealth Rock|p2a: Weezing\n|-sidestart|p2: mathismathin|move: Stealth Rock\n|\n|-damage|p1a: Clodsire|33\/100 brn|[from] brn\n|upkeep\n|turn|11\n|\n|t:|1700613202\n|-end|p2a: Weezing|ability: Neutralizing Gas\n|switch|p2a: Cyclizar|Cyclizar, F|73\/100 tox\n|switch|p1a: Garganacl|Garganacl, F|100\/100\n|\n|-damage|p2a: Cyclizar|66\/100 tox|[from] psn\n|upkeep\n|turn|12\n|\n|t:|1700613206\n|move|p1a: Garganacl|Protect|p1a: Garganacl\n|-singleturn|p1a: Garganacl|Protect\n|move|p2a: Cyclizar|Knock Off|p1a: Garganacl\n|-activate|p1a: Garganacl|move: Protect\n|\n|-damage|p2a: Cyclizar|54\/100 tox|[from] psn\n|upkeep\n|turn|13\n|\n|t:|1700613214\n|switch|p1a: Iron Valiant|Iron Valiant|6\/100\n|move|p2a: Cyclizar|U-turn|p1a: Iron Valiant\n|-resisted|p1a: Iron Valiant\n|-damage|p1a: Iron Valiant|2\/100\n|\n|t:|1700613221\n|switch|p2a: Corviknight|Corviknight, F|100\/100|[from] U-turn\n|-damage|p2a: Corviknight|88\/100|[from] Stealth Rock\n|-ability|p2a: Corviknight|Pressure\n|\n|-heal|p2a: Corviknight|94\/100|[from] item: Leftovers\n|upkeep\n|turn|14\n|\n|t:|1700613227\n|move|p1a: Iron Valiant|Aura Sphere|p2a: Corviknight\n|-damage|p2a: Corviknight|57\/100\n|move|p2a: Corviknight|Iron Head|p1a: Iron Valiant\n|-supereffective|p1a: Iron Valiant\n|-damage|p1a: Iron Valiant|0 fnt\n|faint|p1a: Iron Valiant\n|-end|p1a: Iron Valiant|Quark Drive|[silent]\n|\n|-heal|p2a: Corviknight|63\/100|[from] item: Leftovers\n|upkeep\n|\n|t:|1700613231\n|switch|p1a: Garganacl|Garganacl, F|100\/100\n|turn|15\n|\n|t:|1700613240\n|switch|p2a: Wo-Chien|Wo-Chien|100\/100\n|-damage|p2a: Wo-Chien|88\/100|[from] Stealth Rock\n|-ability|p2a: Wo-Chien|Tablets of Ruin\n|move|p1a: Garganacl|Salt Cure|p2a: Wo-Chien\n|-damage|p2a: Wo-Chien|81\/100\n|-start|p2a: Wo-Chien|Salt Cure\n|\n|-heal|p2a: Wo-Chien|87\/100|[from] item: Leftovers\n|-damage|p2a: Wo-Chien|75\/100|[from] Salt Cure\n|upkeep\n|turn|16\n|\n|t:|1700613244\n|switch|p1a: Landorus|Landorus-Therian, M|90\/100\n|-ability|p1a: Landorus|Intimidate|boost\n|-unboost|p2a: Wo-Chien|atk|1\n|move|p2a: Wo-Chien|Knock Off|p1a: Landorus\n|-damage|p1a: Landorus|67\/100\n|-enditem|p1a: Landorus|Leftovers|[from] move: Knock Off|[of] p2a: Wo-Chien\n|\n|-heal|p2a: Wo-Chien|81\/100|[from] item: Leftovers\n|-damage|p2a: Wo-Chien|68\/100|[from] Salt Cure\n|upkeep\n|turn|17\n|\n|t:|1700613248\n|switch|p2a: Alomomola|Alomomola, F|100\/100\n|-damage|p2a: Alomomola|88\/100|[from] Stealth Rock\n|move|p1a: Landorus|U-turn|p2a: Alomomola\n|-damage|p2a: Alomomola|76\/100\n|\n|t:|1700613255\n|switch|p1a: Garganacl|Garganacl, F|100\/100|[from] U-turn\n|\n|-heal|p2a: Alomomola|82\/100|[from] item: Leftovers\n|upkeep\n|turn|18\n|\n|t:|1700613259\n|-terastallize|p1a: Garganacl|Ghost\n|move|p2a: Alomomola|Wish|p2a: Alomomola\n|move|p1a: Garganacl|Salt Cure|p2a: Alomomola\n|-damage|p2a: Alomomola|74\/100\n|-start|p2a: Alomomola|Salt Cure\n|\n|-heal|p2a: Alomomola|80\/100|[from] item: Leftovers\n|-damage|p2a: Alomomola|55\/100|[from] Salt Cure\n|upkeep\n|turn|19\n|\n|t:|1700613263\n|switch|p2a: Wo-Chien|Wo-Chien|68\/100\n|-damage|p2a: Wo-Chien|56\/100|[from] Stealth Rock\n|-ability|p2a: Wo-Chien|Tablets of Ruin\n|move|p1a: Garganacl|Salt Cure|p2a: Wo-Chien\n|-damage|p2a: Wo-Chien|48\/100\n|-start|p2a: Wo-Chien|Salt Cure\n|\n|-heal|p2a: Wo-Chien|100\/100|[from] move: Wish|[wisher] Alomomola\n|-damage|p2a: Wo-Chien|88\/100|[from] Salt Cure\n|upkeep\n|turn|20\n|\n|t:|1700613268\n|move|p2a: Wo-Chien|Knock Off|p1a: Garganacl\n|-supereffective|p1a: Garganacl\n|-damage|p1a: Garganacl|73\/100\n|-enditem|p1a: Garganacl|Leftovers|[from] move: Knock Off|[of] p2a: Wo-Chien\n|move|p1a: Garganacl|Substitute|p1a: Garganacl\n|-start|p1a: Garganacl|Substitute\n|-damage|p1a: Garganacl|48\/100\n|\n|-heal|p2a: Wo-Chien|94\/100|[from] item: Leftovers\n|-damage|p2a: Wo-Chien|82\/100|[from] Salt Cure\n|upkeep\n|turn|21\n|\n|t:|1700613274\n|move|p2a: Wo-Chien|Foul Play|p1a: Garganacl\n|-supereffective|p1a: Garganacl\n|-end|p1a: Garganacl|Substitute\n|move|p1a: Garganacl|Recover|p1a: Garganacl\n|-heal|p1a: Garganacl|98\/100\n|\n|-heal|p2a: Wo-Chien|88\/100|[from] item: Leftovers\n|-damage|p2a: Wo-Chien|76\/100|[from] Salt Cure\n|upkeep\n|turn|22\n|\n|t:|1700613280\n|switch|p1a: Great Tusk|Great Tusk|100\/100\n|move|p2a: Wo-Chien|Foul Play|p1a: Great Tusk\n|-resisted|p1a: Great Tusk\n|-damage|p1a: Great Tusk|88\/100\n|\n|-heal|p2a: Wo-Chien|82\/100|[from] item: Leftovers\n|-damage|p2a: Wo-Chien|70\/100|[from] Salt Cure\n|upkeep\n|turn|23\n|\n|t:|1700613286\n|switch|p2a: Alomomola|Alomomola, F|88\/100\n|-damage|p2a: Alomomola|76\/100|[from] Stealth Rock\n|move|p1a: Great Tusk|Ice Spinner|p2a: Alomomola\n|-resisted|p2a: Alomomola\n|-damage|p2a: Alomomola|69\/100\n|\n|-heal|p2a: Alomomola|75\/100|[from] item: Leftovers\n|upkeep\n|turn|24\n|\n|t:|1700613289\n|move|p1a: Great Tusk|Knock Off|p2a: Alomomola\n|-damage|p2a: Alomomola|58\/100\n|-enditem|p2a: Alomomola|Leftovers|[from] move: Knock Off|[of] p1a: Great Tusk\n|move|p2a: Alomomola|Wish|p2a: Alomomola\n|\n|upkeep\n|turn|25\n|\n|t:|1700613293\n|-end|p1a: Great Tusk|Protosynthesis|[silent]\n|switch|p1a: Clodsire|Clodsire, M|33\/100 brn\n|move|p2a: Alomomola|Flip Turn|p1a: Clodsire\n|-heal|p1a: Clodsire|58\/100 brn|[from] ability: Water Absorb|[of] p2a: Alomomola\n|\n|-heal|p2a: Alomomola|100\/100|[from] move: Wish|[wisher] Alomomola\n|-damage|p1a: Clodsire|52\/100 brn|[from] brn\n|upkeep\n|turn|26\n|\n|t:|1700613299\n|switch|p2a: Cyclizar|Cyclizar, F|87\/100 tox\n|move|p1a: Clodsire|Toxic|p2a: Cyclizar\n|-fail|p2a: Cyclizar|tox\n|\n|-damage|p2a: Cyclizar|81\/100 tox|[from] psn\n|-damage|p1a: Clodsire|46\/100 brn|[from] brn\n|upkeep\n|turn|27\n|\n|t:|1700613304\n|switch|p1a: Garganacl|Garganacl, F, tera:Ghost|98\/100\n|move|p2a: Cyclizar|Rapid Spin|p1a: Garganacl\n|-immune|p1a: Garganacl\n|\n|-damage|p2a: Cyclizar|69\/100 tox|[from] psn\n|upkeep\n|turn|28\n|\n|t:|1700613308\n|switch|p1a: Scizor|Scizor, M|100\/100\n|move|p2a: Cyclizar|U-turn|p1a: Scizor\n|-resisted|p1a: Scizor\n|-damage|p1a: Scizor|94\/100\n|\n|t:|1700613316\n|switch|p2a: Corviknight|Corviknight, F|63\/100|[from] U-turn\n|-damage|p2a: Corviknight|50\/100|[from] Stealth Rock\n|-ability|p2a: Corviknight|Pressure\n|\n|-heal|p2a: Corviknight|57\/100|[from] item: Leftovers\n|upkeep\n|turn|29\n|\n|t:|1700613321\n|move|p2a: Corviknight|Roost|p2a: Corviknight\n|-heal|p2a: Corviknight|100\/100\n|-singleturn|p2a: Corviknight|move: Roost\n|move|p1a: Scizor|Swords Dance|p1a: Scizor\n|-boost|p1a: Scizor|atk|2\n|\n|upkeep\n|turn|30\n|\n|t:|1700613324\n|move|p2a: Corviknight|Iron Defense|p2a: Corviknight\n|-boost|p2a: Corviknight|def|2\n|move|p1a: Scizor|Swords Dance|p1a: Scizor\n|-boost|p1a: Scizor|atk|2\n|\n|upkeep\n|turn|31\n|\n|t:|1700613326\n|move|p2a: Corviknight|Body Press|p1a: Scizor\n|-damage|p1a: Scizor|42\/100\n|move|p1a: Scizor|Knock Off|p2a: Corviknight\n|-damage|p2a: Corviknight|62\/100\n|-enditem|p2a: Corviknight|Leftovers|[from] move: Knock Off|[of] p1a: Scizor\n|\n|upkeep\n|turn|32\n|\n|t:|1700613330\n|switch|p1a: Garganacl|Garganacl, F, tera:Ghost|98\/100\n|move|p2a: Corviknight|Body Press|p1a: Garganacl\n|-immune|p1a: Garganacl\n|\n|upkeep\n|turn|33\n|\n|t:|1700613333\n|switch|p2a: Alomomola|Alomomola, F|100\/100\n|-damage|p2a: Alomomola|88\/100|[from] Stealth Rock\n|move|p1a: Garganacl|Salt Cure|p2a: Alomomola\n|-damage|p2a: Alomomola|79\/100\n|-start|p2a: Alomomola|Salt Cure\n|\n|-damage|p2a: Alomomola|54\/100|[from] Salt Cure\n|upkeep\n|turn|34\n|\n|t:|1700613339\n|switch|p2a: Cyclizar|Cyclizar, F|100\/100 tox\n|switch|p1a: Scizor|Scizor, M|42\/100\n|\n|-damage|p2a: Cyclizar|94\/100 tox|[from] psn\n|upkeep\n|turn|35\n|\n|t:|1700613342\n|move|p1a: Scizor|Bullet Punch|p2a: Cyclizar\n|-damage|p2a: Cyclizar|45\/100 tox\n|move|p2a: Cyclizar|Overheat|p1a: Scizor\n|-supereffective|p1a: Scizor\n|-damage|p1a: Scizor|0 fnt\n|-unboost|p2a: Cyclizar|spa|2\n|faint|p1a: Scizor\n|\n|-damage|p2a: Cyclizar|32\/100 tox|[from] psn\n|upkeep\n|\n|t:|1700613351\n|switch|p1a: Landorus|Landorus-Therian, M|67\/100\n|-ability|p1a: Landorus|Intimidate|boost\n|-unboost|p2a: Cyclizar|atk|1\n|turn|36\n|\n|t:|1700613355\n|move|p1a: Landorus|U-turn|p2a: Cyclizar\n|-damage|p2a: Cyclizar|4\/100 tox\n|\n|t:|1700613358\n|switch|p1a: Garganacl|Garganacl, F, tera:Ghost|98\/100|[from] U-turn\n|move|p2a: Cyclizar|U-turn|p1a: Garganacl\n|-resisted|p1a: Garganacl\n|-damage|p1a: Garganacl|96\/100\n|\n|t:|1700613362\n|switch|p2a: Wo-Chien|Wo-Chien|70\/100|[from] U-turn\n|-damage|p2a: Wo-Chien|57\/100|[from] Stealth Rock\n|-ability|p2a: Wo-Chien|Tablets of Ruin\n|\n|-heal|p2a: Wo-Chien|64\/100|[from] item: Leftovers\n|upkeep\n|turn|37\n|\n|t:|1700613367\n|move|p2a: Wo-Chien|Leech Seed|p1a: Garganacl\n|-start|p1a: Garganacl|move: Leech Seed\n|move|p1a: Garganacl|Salt Cure|p2a: Wo-Chien\n|-damage|p2a: Wo-Chien|56\/100\n|-start|p2a: Wo-Chien|Salt Cure\n|\n|-heal|p2a: Wo-Chien|63\/100|[from] item: Leftovers\n|-damage|p1a: Garganacl|83\/100|[from] Leech Seed|[of] p2a: Wo-Chien\n|-heal|p2a: Wo-Chien|76\/100|[silent]\n|-damage|p2a: Wo-Chien|64\/100|[from] Salt Cure\n|upkeep\n|turn|38\n|\n|t:|1700613369\n|switch|p1a: Landorus|Landorus-Therian, M|67\/100\n|-ability|p1a: Landorus|Intimidate|boost\n|-unboost|p2a: Wo-Chien|atk|1\n|move|p2a: Wo-Chien|Foul Play|p1a: Landorus\n|-damage|p1a: Landorus|21\/100\n|\n|-heal|p2a: Wo-Chien|70\/100|[from] item: Leftovers\n|-damage|p2a: Wo-Chien|57\/100|[from] Salt Cure\n|upkeep\n|turn|39\n|\n|t:|1700613373\n|switch|p2a: Alomomola|Alomomola, F|88\/100\n|-damage|p2a: Alomomola|75\/100|[from] Stealth Rock\n|move|p1a: Landorus|U-turn|p2a: Alomomola\n|-damage|p2a: Alomomola|64\/100\n|\n|t:|1700613376\n|switch|p1a: Clodsire|Clodsire, M|46\/100 brn|[from] U-turn\n|\n|-damage|p1a: Clodsire|40\/100 brn|[from] brn\n|upkeep\n|turn|40\n|\n|t:|1700613379\n|switch|p2a: Cyclizar|Cyclizar, F|37\/100 tox\n|move|p1a: Clodsire|Toxic|p2a: Cyclizar\n|-fail|p2a: Cyclizar|tox\n|\n|-damage|p2a: Cyclizar|31\/100 tox|[from] psn\n|-damage|p1a: Clodsire|33\/100 brn|[from] brn\n|upkeep\n|turn|41\n|\n|t:|1700613383\n|move|p2a: Cyclizar|U-turn|p1a: Clodsire\n|-resisted|p1a: Clodsire\n|-damage|p1a: Clodsire|26\/100 brn\n|\n|t:|1700613390\n|switch|p2a: Blissey|Blissey, F|100\/100|[from] U-turn\n|move|p1a: Clodsire|Earthquake|p2a: Blissey\n|-damage|p2a: Blissey|86\/100\n|\n|-damage|p1a: Clodsire|20\/100 brn|[from] brn\n|upkeep\n|turn|42\n|\n|t:|1700613394\n|switch|p1a: Great Tusk|Great Tusk|88\/100\n|move|p2a: Blissey|Stealth Rock|p1a: Great Tusk\n|-sidestart|p1: cerberus sama|move: Stealth Rock\n|\n|upkeep\n|turn|43\n|\n|t:|1700613398\n|switch|p2a: Corviknight|Corviknight, F|62\/100\n|-damage|p2a: Corviknight|49\/100|[from] Stealth Rock\n|-ability|p2a: Corviknight|Pressure\n|move|p1a: Great Tusk|Rapid Spin|p2a: Corviknight\n|-resisted|p2a: Corviknight\n|-damage|p2a: Corviknight|45\/100\n|-boost|p1a: Great Tusk|spe|1\n|-sideend|p1: cerberus sama|Stealth Rock|[from] move: Rapid Spin|[of] p1a: Great Tusk\n|\n|upkeep\n|turn|44\n|\n|t:|1700613401\n|move|p1a: Great Tusk|Ice Spinner|p2a: Corviknight\n|-damage|p2a: Corviknight|30\/100\n|move|p2a: Corviknight|Roost|p2a: Corviknight\n|-heal|p2a: Corviknight|80\/100\n|-singleturn|p2a: Corviknight|move: Roost\n|\n|upkeep\n|turn|45\n|\n|t:|1700613406\n|-end|p1a: Great Tusk|Protosynthesis|[silent]\n|switch|p1a: Garganacl|Garganacl, F, tera:Ghost|83\/100\n|switch|p2a: Alomomola|Alomomola, F|97\/100\n|-damage|p2a: Alomomola|85\/100|[from] Stealth Rock\n|\n|upkeep\n|turn|46\n|\n|t:|1700613409\n|move|p2a: Alomomola|Wish|p2a: Alomomola\n|move|p1a: Garganacl|Salt Cure|p2a: Alomomola\n|-damage|p2a: Alomomola|77\/100\n|-start|p2a: Alomomola|Salt Cure\n|\n|-damage|p2a: Alomomola|52\/100|[from] Salt Cure\n|upkeep\n|turn|47\n|\n|t:|1700613411\n|switch|p2a: Wo-Chien|Wo-Chien|57\/100\n|-damage|p2a: Wo-Chien|45\/100|[from] Stealth Rock\n|-ability|p2a: Wo-Chien|Tablets of Ruin\n|move|p1a: Garganacl|Salt Cure|p2a: Wo-Chien\n|-damage|p2a: Wo-Chien|38\/100\n|-start|p2a: Wo-Chien|Salt Cure\n|\n|-heal|p2a: Wo-Chien|100\/100|[from] move: Wish|[wisher] Alomomola\n|-damage|p2a: Wo-Chien|88\/100|[from] Salt Cure\n|upkeep\n|turn|48\n|\n|t:|1700613416\n|move|p1a: Garganacl|Protect|p1a: Garganacl\n|-singleturn|p1a: Garganacl|Protect\n|move|p2a: Wo-Chien|Knock Off|p1a: Garganacl\n|-activate|p1a: Garganacl|move: Protect\n|\n|-heal|p2a: Wo-Chien|94\/100|[from] item: Leftovers\n|-damage|p2a: Wo-Chien|82\/100|[from] Salt Cure\n|upkeep\n|turn|49\n|\n|t:|1700613419\n|move|p2a: Wo-Chien|Foul Play|p1a: Garganacl\n|-supereffective|p1a: Garganacl\n|-damage|p1a: Garganacl|48\/100\n|move|p1a: Garganacl|Substitute|p1a: Garganacl\n|-start|p1a: Garganacl|Substitute\n|-damage|p1a: Garganacl|23\/100\n|\n|-heal|p2a: Wo-Chien|88\/100|[from] item: Leftovers\n|-damage|p2a: Wo-Chien|76\/100|[from] Salt Cure\n|upkeep\n|turn|50\n|\n|t:|1700613422\n|move|p2a: Wo-Chien|Reflect|p2a: Wo-Chien\n|-sidestart|p2: mathismathin|Reflect\n|move|p1a: Garganacl|Recover|p1a: Garganacl\n|-heal|p1a: Garganacl|73\/100\n|\n|-heal|p2a: Wo-Chien|82\/100|[from] item: Leftovers\n|-damage|p2a: Wo-Chien|70\/100|[from] Salt Cure\n|upkeep\n|turn|51\n|j| samorathat\n|\n|t:|1700613425\n|move|p1a: Garganacl|Protect|p1a: Garganacl\n|-singleturn|p1a: Garganacl|Protect\n|move|p2a: Wo-Chien|Foul Play|p1a: Garganacl\n|-activate|p1a: Garganacl|move: Protect\n|\n|-heal|p2a: Wo-Chien|76\/100|[from] item: Leftovers\n|-damage|p2a: Wo-Chien|64\/100|[from] Salt Cure\n|upkeep\n|turn|52\n|\n|t:|1700613427\n|move|p2a: Wo-Chien|Foul Play|p1a: Garganacl\n|-supereffective|p1a: Garganacl\n|-end|p1a: Garganacl|Substitute\n|move|p1a: Garganacl|Recover|p1a: Garganacl\n|-heal|p1a: Garganacl|100\/100\n|\n|-heal|p2a: Wo-Chien|70\/100|[from] item: Leftovers\n|-damage|p2a: Wo-Chien|57\/100|[from] Salt Cure\n|upkeep\n|turn|53\n|\n|t:|1700613430\n|move|p1a: Garganacl|Protect|p1a: Garganacl\n|-singleturn|p1a: Garganacl|Protect\n|move|p2a: Wo-Chien|Foul Play|p1a: Garganacl\n|-activate|p1a: Garganacl|move: Protect\n|\n|-heal|p2a: Wo-Chien|64\/100|[from] item: Leftovers\n|-damage|p2a: Wo-Chien|51\/100|[from] Salt Cure\n|upkeep\n|turn|54\n|\n|t:|1700613432\n|switch|p1a: Landorus|Landorus-Therian, M|21\/100\n|-ability|p1a: Landorus|Intimidate|boost\n|-unboost|p2a: Wo-Chien|atk|1\n|move|p2a: Wo-Chien|Foul Play|p1a: Landorus\n|-damage|p1a: Landorus|0 fnt\n|faint|p1a: Landorus\n|\n|-heal|p2a: Wo-Chien|57\/100|[from] item: Leftovers\n|-damage|p2a: Wo-Chien|45\/100|[from] Salt Cure\n|-sideend|p2: mathismathin|Reflect\n|upkeep\n|\n|t:|1700613439\n|switch|p1a: Great Tusk|Great Tusk|88\/100\n|turn|55\n|\n|t:|1700613444\n|-end|p1a: Great Tusk|Protosynthesis|[silent]\n|switch|p1a: Garganacl|Garganacl, F, tera:Ghost|100\/100\n|switch|p2a: Alomomola|Alomomola, F|85\/100\n|-damage|p2a: Alomomola|73\/100|[from] Stealth Rock\n|\n|upkeep\n|turn|56\n|\n|t:|1700613446\n|move|p2a: Alomomola|Wish|p2a: Alomomola\n|move|p1a: Garganacl|Salt Cure|p2a: Alomomola\n|-damage|p2a: Alomomola|64\/100\n|-start|p2a: Alomomola|Salt Cure\n|\n|-damage|p2a: Alomomola|39\/100|[from] Salt Cure\n|upkeep\n|turn|57\n|\n|t:|1700613449\n|switch|p2a: Wo-Chien|Wo-Chien|45\/100\n|-damage|p2a: Wo-Chien|33\/100|[from] Stealth Rock\n|-ability|p2a: Wo-Chien|Tablets of Ruin\n|switch|p1a: Great Tusk|Great Tusk|88\/100\n|\n|-heal|p2a: Wo-Chien|96\/100|[from] move: Wish|[wisher] Alomomola\n|-heal|p2a: Wo-Chien|100\/100|[from] item: Leftovers\n|upkeep\n|turn|58\n|j| jd dndndnd\n|\n|t:|1700613455\n|switch|p2a: Alomomola|Alomomola, F|72\/100\n|-damage|p2a: Alomomola|60\/100|[from] Stealth Rock\n|move|p1a: Great Tusk|Ice Spinner|p2a: Alomomola\n|-resisted|p2a: Alomomola\n|-damage|p2a: Alomomola|53\/100\n|\n|upkeep\n|turn|59\n|\n|t:|1700613457\n|move|p1a: Great Tusk|Headlong Rush|p2a: Alomomola\n|-damage|p2a: Alomomola|24\/100\n|-unboost|p1a: Great Tusk|def|1\n|-unboost|p1a: Great Tusk|spd|1\n|move|p2a: Alomomola|Wish|p2a: Alomomola\n|\n|upkeep\n|turn|60\n|\n|t:|1700613461\n|move|p2a: Alomomola|Protect|p2a: Alomomola\n|-singleturn|p2a: Alomomola|Protect\n|move|p1a: Great Tusk|Headlong Rush|p2a: Alomomola\n|-activate|p2a: Alomomola|move: Protect\n|\n|-heal|p2a: Alomomola|74\/100|[from] move: Wish|[wisher] Alomomola\n|upkeep\n|turn|61\n|\n|t:|1700613463\n|-end|p1a: Great Tusk|Protosynthesis|[silent]\n|switch|p1a: Clodsire|Clodsire, M|20\/100 brn\n|switch|p2a: Corviknight|Corviknight, F|80\/100\n|-damage|p2a: Corviknight|67\/100|[from] Stealth Rock\n|-ability|p2a: Corviknight|Pressure\n|\n|-damage|p1a: Clodsire|13\/100 brn|[from] brn\n|upkeep\n|turn|62\n|\n|t:|1700613468\n|switch|p2a: Blissey|Blissey, F|86\/100\n|switch|p1a: Garganacl|Garganacl, F, tera:Ghost|100\/100\n|\n|upkeep\n|turn|63\n|\n|t:|1700613471\n|move|p2a: Blissey|Stealth Rock|p1a: Garganacl\n|-sidestart|p1: cerberus sama|move: Stealth Rock\n|move|p1a: Garganacl|Salt Cure|p2a: Blissey\n|-damage|p2a: Blissey|71\/100\n|-start|p2a: Blissey|Salt Cure\n|\n|-damage|p2a: Blissey|59\/100|[from] Salt Cure\n|upkeep\n|turn|64\n|\n|t:|1700613477\n|move|p2a: Blissey|Soft-Boiled|p2a: Blissey\n|-heal|p2a: Blissey|100\/100\n|move|p1a: Garganacl|Salt Cure|p2a: Blissey\n|-damage|p2a: Blissey|85\/100\n|\n|-damage|p2a: Blissey|73\/100|[from] Salt Cure\n|upkeep\n|turn|65\n|\n|t:|1700613481\n|switch|p2a: Corviknight|Corviknight, F|67\/100\n|-damage|p2a: Corviknight|55\/100|[from] Stealth Rock\n|-ability|p2a: Corviknight|Pressure\n|move|p1a: Garganacl|Substitute|p1a: Garganacl\n|-start|p1a: Garganacl|Substitute\n|-damage|p1a: Garganacl|75\/100\n|\n|upkeep\n|turn|66\n|\n|t:|1700613484\n|move|p2a: Corviknight|Roost|p2a: Corviknight\n|-heal|p2a: Corviknight|100\/100\n|-singleturn|p2a: Corviknight|move: Roost\n|move|p1a: Garganacl|Salt Cure|p2a: Corviknight\n|-resisted|p2a: Corviknight\n|-damage|p2a: Corviknight|96\/100\n|-start|p2a: Corviknight|Salt Cure\n|\n|-damage|p2a: Corviknight|71\/100|[from] Salt Cure\n|upkeep\n|turn|67\n|c|\u2606cerberus sama|Gg\n|-message|cerberus sama forfeited.\n|\n|win|mathismathin\n|raw|cerberus sama's rating: 1796 &rarr; <strong>1772<\/strong><br \/>(-24 for losing)\n|raw|mathismathin's rating: 1725 &rarr; <strong>1749<\/strong><br \/>(+24 for winning)\n|l|\u2606cerberus sama\n|c|\u2606mathismathin|gg\n","uploadtime":1700613505,"views":6,"p1id":"cerberussama","p2id":"mathismathin","formatid":"gen9ou","rating":1749,"private":0,"password":""}