{"id":"gen9ou-1994972109","p1":"sayyonara","p2":"JohnnyBoi42","format":"[Gen 9] OU","log":"|j|\u2606sayyonara\n|j|\u2606JohnnyBoi42\n|t:|1700509297\n|gametype|singles\n|player|p1|sayyonara|iris-gen5bw2|1492\n|player|p2|JohnnyBoi42|cynthia|1428\n|teamsize|p1|6\n|teamsize|p2|6\n|gen|9\n|tier|[Gen 9] OU\n|rated|\n|rule|Sleep Clause Mod: Limit one foe put to sleep\n|rule|Species Clause: Limit one of each Pok\u00e9mon\n|rule|OHKO Clause: OHKO moves are banned\n|rule|Evasion Items Clause: Evasion items are banned\n|rule|Evasion Moves Clause: Evasion moves are banned\n|rule|Endless Battle Clause: Forcing endless battles is banned\n|rule|HP Percentage Mod: HP is shown in percentages\n|clearpoke\n|poke|p1|Garchomp, F|\n|poke|p1|Rillaboom, F|\n|poke|p1|Great Tusk|\n|poke|p1|Cinderace, M|\n|poke|p1|Dragonite, F|\n|poke|p1|Iron Moth|\n|poke|p2|Garchomp, F|\n|poke|p2|Dragapult, F|\n|poke|p2|Greninja-*, M|\n|poke|p2|Kingambit, F|\n|poke|p2|Corviknight, F|\n|poke|p2|Heatran, M|\n|teampreview\n|inactive|Battle timer is ON: inactive players will automatically lose when time's up. (requested by sayyonara)\n|\n|t:|1700509318\n|start\n|switch|p1a: Garchomp|Garchomp, F|100\/100\n|switch|p2a: Dragapult|Dragapult, F|100\/100\n|turn|1\n|\n|t:|1700509346\n|move|p2a: Dragapult|Draco Meteor|p1a: Garchomp\n|-supereffective|p1a: Garchomp\n|-enditem|p1a: Garchomp|Focus Sash\n|-damage|p1a: Garchomp|1\/100\n|-unboost|p2a: Dragapult|spa|2\n|move|p1a: Garchomp|Scale Shot|p2a: Dragapult\n|-supereffective|p2a: Dragapult\n|-damage|p2a: Dragapult|62\/100\n|-supereffective|p2a: Dragapult\n|-damage|p2a: Dragapult|24\/100\n|-supereffective|p2a: Dragapult\n|-damage|p2a: Dragapult|0 fnt\n|faint|p2a: Dragapult\n|-hitcount|p2: Dragapult|3\n|-unboost|p1a: Garchomp|def|1\n|-boost|p1a: Garchomp|spe|1\n|\n|upkeep\n|\n|t:|1700509366\n|switch|p2a: Kingambit|Kingambit, F|100\/100\n|-activate|p2a: Kingambit|ability: Supreme Overlord\n|-start|p2a: Kingambit|fallen1|[silent]\n|turn|2\n|\n|t:|1700509379\n|move|p2a: Kingambit|Sucker Punch||[still]\n|-fail|p2a: Kingambit\n|move|p1a: Garchomp|Stealth Rock|p2a: Kingambit\n|-sidestart|p2: JohnnyBoi42|move: Stealth Rock\n|\n|upkeep\n|turn|3\n|l|\u2606JohnnyBoi42\n|inactive|JohnnyBoi42 disconnected and has a minute to reconnect!\n|player|p2|\n|j|\u2606JohnnyBoi42\n|inactive|JohnnyBoi42 reconnected and has 110 seconds left.\n|player|p2|JohnnyBoi42|cynthia\n|\n|t:|1700509418\n|move|p2a: Kingambit|Sucker Punch|p1a: Garchomp\n|-damage|p1a: Garchomp|0 fnt\n|-damage|p2a: Kingambit|88\/100|[from] ability: Rough Skin|[of] p1a: Garchomp\n|faint|p1a: Garchomp\n|\n|upkeep\n|\n|t:|1700509426\n|switch|p1a: Iron Moth|Iron Moth|100\/100\n|-enditem|p1a: Iron Moth|Booster Energy\n|-activate|p1a: Iron Moth|ability: Quark Drive|[fromitem]\n|-start|p1a: Iron Moth|quarkdrivespe\n|turn|4\n|\n|t:|1700509439\n|-end|p2a: Kingambit|fallen1|[silent]\n|switch|p2a: Garchomp|Garchomp, F|100\/100\n|-damage|p2a: Garchomp|94\/100|[from] Stealth Rock\n|move|p1a: Iron Moth|Substitute|p1a: Iron Moth\n|-start|p1a: Iron Moth|Substitute\n|-damage|p1a: Iron Moth|76\/100\n|\n|upkeep\n|turn|5\n|\n|t:|1700509452\n|move|p1a: Iron Moth|Fiery Dance|p2a: Garchomp\n|-resisted|p2a: Garchomp\n|-damage|p2a: Garchomp|73\/100\n|-boost|p1a: Iron Moth|spa|1\n|move|p2a: Garchomp|Earthquake|p1a: Iron Moth\n|-supereffective|p1a: Iron Moth\n|-end|p1a: Iron Moth|Substitute\n|\n|upkeep\n|turn|6\n|\n|t:|1700509462\n|-end|p1a: Iron Moth|Quark Drive|[silent]\n|switch|p1a: Rillaboom|Rillaboom, F|100\/100\n|-fieldstart|move: Grassy Terrain|[from] ability: Grassy Surge|[of] p1a: Rillaboom\n|move|p2a: Garchomp|Earthquake|p1a: Rillaboom\n|-resisted|p1a: Rillaboom\n|-damage|p1a: Rillaboom|80\/100\n|\n|-heal|p2a: Garchomp|79\/100|[from] Grassy Terrain\n|-heal|p1a: Rillaboom|86\/100|[from] Grassy Terrain\n|upkeep\n|turn|7\n|\n|t:|1700509475\n|switch|p2a: Corviknight|Corviknight, F|100\/100\n|move|p1a: Rillaboom|U-turn|p2a: Corviknight\n|-resisted|p2a: Corviknight\n|-crit|p2a: Corviknight\n|-damage|p2a: Corviknight|88\/100\n|\n|t:|1700509481\n|switch|p1a: Iron Moth|Iron Moth|76\/100|[from] U-turn\n|\n|-heal|p1a: Iron Moth|82\/100|[from] Grassy Terrain\n|upkeep\n|turn|8\n|\n|t:|1700509498\n|switch|p2a: Heatran|Heatran, M|100\/100\n|-damage|p2a: Heatran|88\/100|[from] Stealth Rock\n|move|p1a: Iron Moth|Fiery Dance|p2a: Heatran\n|-start|p2a: Heatran|ability: Flash Fire\n|\n|-heal|p1a: Iron Moth|88\/100|[from] Grassy Terrain\n|-heal|p2a: Heatran|94\/100|[from] Grassy Terrain\n|-heal|p2a: Heatran|100\/100|[from] item: Leftovers\n|upkeep\n|turn|9\n|\n|t:|1700509523\n|-end|p1a: Iron Moth|Quark Drive|[silent]\n|switch|p1a: Dragonite|Dragonite, F|100\/100\n|move|p2a: Heatran|Lava Plume|p1a: Dragonite\n|-resisted|p1a: Dragonite\n|-damage|p1a: Dragonite|83\/100\n|\n|upkeep\n|turn|10\n|\n|t:|1700509541\n|-terastallize|p2a: Heatran|Flying\n|move|p1a: Dragonite|Earthquake|p2a: Heatran\n|-immune|p2a: Heatran\n|move|p2a: Heatran|Ancient Power|p1a: Dragonite\n|-supereffective|p1a: Dragonite\n|-damage|p1a: Dragonite|34\/100\n|\n|-fieldend|move: Grassy Terrain\n|upkeep\n|turn|11\n|\n|t:|1700509554\n|switch|p1a: Iron Moth|Iron Moth|88\/100\n|move|p2a: Heatran|Ancient Power|p1a: Iron Moth\n|-supereffective|p1a: Iron Moth\n|-damage|p1a: Iron Moth|35\/100\n|\n|upkeep\n|turn|12\n|\n|t:|1700509562\n|move|p1a: Iron Moth|Sludge Wave|p2a: Heatran\n|-damage|p2a: Heatran|56\/100\n|move|p2a: Heatran|Ancient Power|p1a: Iron Moth\n|-supereffective|p1a: Iron Moth\n|-damage|p1a: Iron Moth|0 fnt\n|faint|p1a: Iron Moth\n|-end|p1a: Iron Moth|Quark Drive|[silent]\n|\n|-heal|p2a: Heatran|62\/100|[from] item: Leftovers\n|upkeep\n|\n|t:|1700509570\n|switch|p1a: Great Tusk|Great Tusk|100\/100\n|-enditem|p1a: Great Tusk|Booster Energy\n|-activate|p1a: Great Tusk|ability: Protosynthesis|[fromitem]\n|-start|p1a: Great Tusk|protosynthesisspe\n|turn|13\n|\n|t:|1700509576\n|move|p1a: Great Tusk|Head Smash|p2a: Heatran\n|-supereffective|p2a: Heatran\n|-damage|p2a: Heatran|0 fnt\n|faint|p2a: Heatran\n|-damage|p1a: Great Tusk|73\/100|[from] Recoil\n|\n|upkeep\n|\n|t:|1700509581\n|switch|p2a: Corviknight|Corviknight, F|88\/100\n|turn|14\n|\n|t:|1700509586\n|move|p1a: Great Tusk|Bulk Up|p1a: Great Tusk\n|-boost|p1a: Great Tusk|atk|1\n|-boost|p1a: Great Tusk|def|1\n|move|p2a: Corviknight|Brave Bird|p1a: Great Tusk\n|-supereffective|p1a: Great Tusk\n|-damage|p1a: Great Tusk|30\/100\n|-damage|p2a: Corviknight|73\/100|[from] Recoil\n|\n|upkeep\n|turn|15\n|\n|t:|1700509594\n|move|p1a: Great Tusk|Bulk Up|p1a: Great Tusk\n|-boost|p1a: Great Tusk|atk|1\n|-boost|p1a: Great Tusk|def|1\n|move|p2a: Corviknight|Brave Bird|p1a: Great Tusk\n|-supereffective|p1a: Great Tusk\n|-damage|p1a: Great Tusk|0 fnt\n|faint|p1a: Great Tusk\n|-end|p1a: Great Tusk|Protosynthesis|[silent]\n|-damage|p2a: Corviknight|62\/100|[from] Recoil\n|\n|upkeep\n|\n|t:|1700509604\n|switch|p1a: Cinderace|Cinderace, M|100\/100\n|turn|16\n|\n|t:|1700509612\n|switch|p2a: Garchomp|Garchomp, F|79\/100\n|-damage|p2a: Garchomp|73\/100|[from] Stealth Rock\n|move|p1a: Cinderace|Pyro Ball|p2a: Garchomp\n|-resisted|p2a: Garchomp\n|-damage|p2a: Garchomp|50\/100\n|\n|upkeep\n|turn|17\n|\n|t:|1700509625\n|move|p1a: Cinderace|U-turn|p2a: Garchomp\n|-damage|p2a: Garchomp|31\/100\n|-damage|p1a: Cinderace|88\/100|[from] ability: Rough Skin|[of] p2a: Garchomp\n|\n|t:|1700509629\n|switch|p1a: Dragonite|Dragonite, F|34\/100|[from] U-turn\n|move|p2a: Garchomp|Dragon Rush|p1a: Dragonite\n|-supereffective|p1a: Dragonite\n|-damage|p1a: Dragonite|0 fnt\n|faint|p1a: Dragonite\n|\n|upkeep\n|\n|t:|1700509634\n|switch|p1a: Rillaboom|Rillaboom, F|86\/100\n|-fieldstart|move: Grassy Terrain|[from] ability: Grassy Surge|[of] p1a: Rillaboom\n|turn|18\n|\n|t:|1700509639\n|move|p1a: Rillaboom|Grassy Glide|p2a: Garchomp\n|-damage|p2a: Garchomp|0 fnt\n|-damage|p1a: Rillaboom|74\/100|[from] ability: Rough Skin|[of] p2a: Garchomp\n|faint|p2a: Garchomp\n|\n|-heal|p1a: Rillaboom|80\/100|[from] Grassy Terrain\n|upkeep\n|\n|t:|1700509644\n|switch|p2a: Corviknight|Corviknight, F|62\/100\n|turn|19\n|\n|t:|1700509651\n|switch|p1a: Cinderace|Cinderace, M|88\/100\n|move|p2a: Corviknight|Brave Bird|p1a: Cinderace\n|-damage|p1a: Cinderace|32\/100\n|-damage|p2a: Corviknight|45\/100|[from] Recoil\n|\n|-heal|p1a: Cinderace|38\/100|[from] Grassy Terrain\n|upkeep\n|turn|20\n|\n|t:|1700509666\n|move|p1a: Cinderace|Pyro Ball|p2a: Corviknight\n|-supereffective|p2a: Corviknight\n|-damage|p2a: Corviknight|0 fnt\n|faint|p2a: Corviknight\n|\n|-heal|p1a: Cinderace|44\/100|[from] Grassy Terrain\n|upkeep\n|\n|t:|1700509670\n|switch|p2a: Greninja|Greninja, M|100\/100\n|-damage|p2a: Greninja|88\/100|[from] Stealth Rock\n|turn|21\n|\n|t:|1700509677\n|switch|p1a: Rillaboom|Rillaboom, F|80\/100\n|move|p2a: Greninja|Dark Pulse|p1a: Rillaboom\n|-damage|p1a: Rillaboom|13\/100\n|-damage|p2a: Greninja|78\/100|[from] item: Life Orb\n|\n|-heal|p2a: Greninja|84\/100|[from] Grassy Terrain\n|-heal|p1a: Rillaboom|19\/100|[from] Grassy Terrain\n|upkeep\n|turn|22\n|\n|t:|1700509684\n|move|p1a: Rillaboom|Grassy Glide|p2a: Greninja\n|-supereffective|p2a: Greninja\n|-damage|p2a: Greninja|0 fnt\n|faint|p2a: Greninja\n|\n|-heal|p1a: Rillaboom|25\/100|[from] Grassy Terrain\n|-fieldend|move: Grassy Terrain\n|upkeep\n|\n|t:|1700509688\n|switch|p2a: Kingambit|Kingambit, F|88\/100\n|-damage|p2a: Kingambit|82\/100|[from] Stealth Rock\n|-activate|p2a: Kingambit|ability: Supreme Overlord\n|-start|p2a: Kingambit|fallen5|[silent]\n|turn|23\n|\n|t:|1700509697\n|-terastallize|p1a: Rillaboom|Grass\n|move|p1a: Rillaboom|Grassy Glide|p2a: Kingambit\n|-resisted|p2a: Kingambit\n|-damage|p2a: Kingambit|58\/100\n|move|p2a: Kingambit|Kowtow Cleave|p1a: Rillaboom\n|-damage|p1a: Rillaboom|0 fnt\n|faint|p1a: Rillaboom\n|\n|upkeep\n|\n|t:|1700509703\n|switch|p1a: Cinderace|Cinderace, M|44\/100\n|turn|24\n|\n|t:|1700509707\n|move|p2a: Kingambit|Sucker Punch||[still]\n|-fail|p2a: Kingambit\n|move|p1a: Cinderace|Will-O-Wisp|p2a: Kingambit\n|-status|p2a: Kingambit|brn\n|\n|-damage|p2a: Kingambit|52\/100 brn|[from] brn\n|upkeep\n|turn|25\n|\n|t:|1700509715\n|move|p2a: Kingambit|Sucker Punch||[still]\n|-fail|p2a: Kingambit\n|move|p1a: Cinderace|Will-O-Wisp|p2a: Kingambit\n|-fail|p2a: Kingambit|brn\n|\n|-damage|p2a: Kingambit|46\/100 brn|[from] brn\n|upkeep\n|turn|26\n|\n|t:|1700509720\n|move|p2a: Kingambit|Sucker Punch||[still]\n|-fail|p2a: Kingambit\n|move|p1a: Cinderace|Will-O-Wisp|p2a: Kingambit\n|-fail|p2a: Kingambit|brn\n|\n|-damage|p2a: Kingambit|40\/100 brn|[from] brn\n|upkeep\n|turn|27\n|\n|t:|1700509727\n|move|p1a: Cinderace|Will-O-Wisp|p2a: Kingambit\n|-fail|p2a: Kingambit|brn\n|move|p2a: Kingambit|Kowtow Cleave|p1a: Cinderace\n|-damage|p1a: Cinderace|2\/100\n|\n|-damage|p2a: Kingambit|34\/100 brn|[from] brn\n|upkeep\n|turn|28\n|l|\u2606JohnnyBoi42\n|inactive|JohnnyBoi42 disconnected and has a minute to reconnect!\n|player|p2|\n|j|\u2606JohnnyBoi42\n|inactive|JohnnyBoi42 reconnected and has 130 seconds left.\n|player|p2|JohnnyBoi42|cynthia\n|\n|t:|1700509755\n|move|p2a: Kingambit|Sucker Punch||[still]\n|-fail|p2a: Kingambit\n|move|p1a: Cinderace|Will-O-Wisp|p2a: Kingambit\n|-fail|p2a: Kingambit|brn\n|\n|-damage|p2a: Kingambit|27\/100 brn|[from] brn\n|upkeep\n|turn|29\n|\n|t:|1700509763\n|move|p1a: Cinderace|Pyro Ball|p2a: Kingambit\n|-supereffective|p2a: Kingambit\n|-damage|p2a: Kingambit|0 fnt\n|faint|p2a: Kingambit\n|-end|p2a: Kingambit|fallen5|[silent]\n|\n|win|sayyonara\n|raw|sayyonara's rating: 1492 &rarr; <strong>1508<\/strong><br \/>(+16 for winning)\n|raw|JohnnyBoi42's rating: 1428 &rarr; <strong>1412<\/strong><br \/>(-16 for losing)\n|l|\u2606JohnnyBoi42\n","uploadtime":1700509779,"views":6,"p1id":"sayyonara","p2id":"johnnyboi42","formatid":"gen9ou","rating":1412,"private":0,"password":""}