{"id":"gen9ou-1990514182","p1":"dylanmorgan2217","p2":"Renardsept","format":"[Gen 9] OU","log":"|j|\u203ddylanmorgan2217\n|j|\u2606Renardsept\n|t:|1699977717\n|gametype|singles\n|player|p1|dylanmorgan2217|1|1307\n|player|p2|Renardsept|morty-masters|1251\n|teamsize|p1|6\n|teamsize|p2|6\n|gen|9\n|tier|[Gen 9] OU\n|rated|\n|rule|Sleep Clause Mod: Limit one foe put to sleep\n|rule|Species Clause: Limit one of each Pok\u00e9mon\n|rule|OHKO Clause: OHKO moves are banned\n|rule|Evasion Items Clause: Evasion items are banned\n|rule|Evasion Moves Clause: Evasion moves are banned\n|rule|Endless Battle Clause: Forcing endless battles is banned\n|rule|HP Percentage Mod: HP is shown in percentages\n|clearpoke\n|poke|p1|Rillaboom, M|\n|poke|p1|Sneasler, F|\n|poke|p1|Great Tusk|\n|poke|p1|Heatran, F|\n|poke|p1|Manaphy|\n|poke|p1|Zapdos|\n|poke|p2|Mimikyu, M|\n|poke|p2|Vikavolt, F|\n|poke|p2|Glastrier|\n|poke|p2|Hatterene, F|\n|poke|p2|Slowking-Galar, M|\n|poke|p2|Azumarill, M|\n|teampreview\n|inactive|Battle timer is ON: inactive players will automatically lose when time's up. (requested by dylanmorgan2217)\n|c|\u2606Renardsept|Gl\n|\n|t:|1699977744\n|start\n|switch|p1a: Zapdos|Zapdos|100\/100\n|switch|p2a: Vikavolt|Vikavolt, F|100\/100\n|turn|1\n|\n|t:|1699977747\n|move|p1a: Zapdos|Hurricane|p2a: Vikavolt\n|-damage|p2a: Vikavolt|25\/100\n|move|p2a: Vikavolt|Volt Switch|p1a: Zapdos\n|-damage|p1a: Zapdos|25\/100\n|\n|t:|1699977757\n|switch|p2a: Slowking|Slowking-Galar, M|100\/100|[from] Volt Switch\n|\n|upkeep\n|turn|2\n|\n|t:|1699977760\n|move|p1a: Zapdos|Volt Switch|p2a: Slowking\n|-damage|p2a: Slowking|80\/100\n|\n|t:|1699977764\n|switch|p1a: Heatran|Heatran, F|100\/100|[from] Volt Switch\n|move|p2a: Slowking|Trick Room|p2a: Slowking\n|-fieldstart|move: Trick Room|[of] p2a: Slowking\n|\n|-heal|p2a: Slowking|86\/100|[from] item: Leftovers\n|upkeep\n|turn|3\n|\n|t:|1699977770\n|switch|p2a: Vikavolt|Vikavolt, F|25\/100\n|move|p1a: Heatran|Stealth Rock|p2a: Vikavolt\n|-sidestart|p2: Renardsept|move: Stealth Rock\n|\n|upkeep\n|turn|4\n|\n|t:|1699977774\n|move|p2a: Vikavolt|Thunderbolt|p1a: Heatran\n|-damage|p1a: Heatran|47\/100\n|move|p1a: Heatran|Flamethrower|p2a: Vikavolt\n|-supereffective|p2a: Vikavolt\n|-damage|p2a: Vikavolt|0 fnt\n|faint|p2a: Vikavolt\n|\n|-heal|p1a: Heatran|53\/100|[from] item: Leftovers\n|upkeep\n|\n|t:|1699977791\n|switch|p2a: Azumarill|Azumarill, M|100\/100\n|-damage|p2a: Azumarill|88\/100|[from] Stealth Rock\n|turn|5\n|\n|t:|1699977796\n|-terastallize|p1a: Heatran|Grass\n|move|p2a: Azumarill|Liquidation|p1a: Heatran\n|-resisted|p1a: Heatran\n|-damage|p1a: Heatran|18\/100\n|move|p1a: Heatran|Will-O-Wisp|p2a: Azumarill|[miss]\n|-miss|p1a: Heatran|p2a: Azumarill\n|\n|-heal|p1a: Heatran|25\/100|[from] item: Leftovers\n|upkeep\n|turn|6\n|\n|t:|1699977804\n|switch|p1a: Rillaboom|Rillaboom, M|100\/100\n|-fieldstart|move: Grassy Terrain|[from] ability: Grassy Surge|[of] p1a: Rillaboom\n|move|p2a: Azumarill|Liquidation|p1a: Rillaboom\n|-resisted|p1a: Rillaboom\n|-damage|p1a: Rillaboom|53\/100\n|\n|-heal|p2a: Azumarill|94\/100|[from] Grassy Terrain\n|-heal|p1a: Rillaboom|59\/100|[from] Grassy Terrain\n|-heal|p1a: Rillaboom|65\/100|[from] item: Leftovers\n|-fieldend|move: Trick Room\n|upkeep\n|turn|7\n|\n|t:|1699977809\n|switch|p2a: Slowking|Slowking-Galar, M|100\/100\n|-damage|p2a: Slowking|88\/100|[from] Stealth Rock\n|move|p1a: Rillaboom|Grassy Glide|p2a: Slowking\n|-resisted|p2a: Slowking\n|-damage|p2a: Slowking|68\/100\n|\n|-heal|p1a: Rillaboom|71\/100|[from] Grassy Terrain\n|-heal|p1a: Rillaboom|78\/100|[from] item: Leftovers\n|-heal|p2a: Slowking|74\/100|[from] Grassy Terrain\n|-heal|p2a: Slowking|80\/100|[from] item: Leftovers\n|upkeep\n|turn|8\n|\n|t:|1699977813\n|move|p1a: Rillaboom|U-turn|p2a: Slowking\n|-damage|p2a: Slowking|56\/100\n|\n|t:|1699977819\n|switch|p1a: Great Tusk|Great Tusk|100\/100|[from] U-turn\n|move|p2a: Slowking|Future Sight|p1a: Great Tusk\n|-start|p2a: Slowking|move: Future Sight\n|\n|-heal|p2a: Slowking|62\/100|[from] Grassy Terrain\n|-heal|p2a: Slowking|68\/100|[from] item: Leftovers\n|upkeep\n|turn|9\n|\n|t:|1699977825\n|switch|p2a: Glastrier|Glastrier|100\/100\n|-damage|p2a: Glastrier|76\/100|[from] Stealth Rock\n|move|p1a: Great Tusk|Headlong Rush|p2a: Glastrier\n|-damage|p2a: Glastrier|36\/100\n|-unboost|p1a: Great Tusk|def|1\n|-unboost|p1a: Great Tusk|spd|1\n|\n|-heal|p2a: Glastrier|42\/100|[from] Grassy Terrain\n|upkeep\n|turn|10\n|\n|t:|1699977830\n|-end|p1a: Great Tusk|Protosynthesis|[silent]\n|switch|p1a: Heatran|Heatran, F, tera:Grass|25\/100\n|move|p2a: Glastrier|Icicle Crash|p1a: Heatran\n|-supereffective|p1a: Heatran\n|-damage|p1a: Heatran|0 fnt\n|faint|p1a: Heatran\n|-ability|p2a: Glastrier|Chilling Neigh|boost\n|-boost|p2a: Glastrier|atk|1\n|\n|-hint|Future Sight did not hit because the target is fainted.\n|-heal|p2a: Glastrier|48\/100|[from] Grassy Terrain\n|-fieldend|move: Grassy Terrain\n|upkeep\n|\n|t:|1699977837\n|switch|p1a: Great Tusk|Great Tusk|100\/100\n|turn|11\n|\n|t:|1699977843\n|move|p1a: Great Tusk|Ice Spinner|p2a: Glastrier\n|-resisted|p2a: Glastrier\n|-damage|p2a: Glastrier|39\/100\n|move|p2a: Glastrier|Icicle Crash|p1a: Great Tusk\n|-supereffective|p1a: Great Tusk\n|-damage|p1a: Great Tusk|0 fnt\n|faint|p1a: Great Tusk\n|-end|p1a: Great Tusk|Protosynthesis|[silent]\n|-ability|p2a: Glastrier|Chilling Neigh|boost\n|-boost|p2a: Glastrier|atk|1\n|\n|upkeep\n|\n|t:|1699977848\n|switch|p1a: Sneasler|Sneasler, F|100\/100\n|turn|12\n|\n|t:|1699977851\n|switch|p2a: Slowking|Slowking-Galar, M|100\/100\n|-damage|p2a: Slowking|88\/100|[from] Stealth Rock\n|move|p1a: Sneasler|Close Combat|p2a: Slowking\n|-resisted|p2a: Slowking\n|-damage|p2a: Slowking|71\/100\n|-unboost|p1a: Sneasler|def|1\n|-unboost|p1a: Sneasler|spd|1\n|\n|-heal|p2a: Slowking|77\/100|[from] item: Leftovers\n|upkeep\n|turn|13\n|\n|t:|1699977855\n|switch|p1a: Rillaboom|Rillaboom, M|78\/100\n|-fieldstart|move: Grassy Terrain|[from] ability: Grassy Surge|[of] p1a: Rillaboom\n|move|p2a: Slowking|Future Sight|p1a: Rillaboom\n|-start|p2a: Slowking|move: Future Sight\n|\n|-heal|p1a: Rillaboom|84\/100|[from] Grassy Terrain\n|-heal|p1a: Rillaboom|90\/100|[from] item: Leftovers\n|-heal|p2a: Slowking|83\/100|[from] Grassy Terrain\n|-heal|p2a: Slowking|90\/100|[from] item: Leftovers\n|upkeep\n|turn|14\n|\n|t:|1699977859\n|move|p1a: Rillaboom|Knock Off|p2a: Slowking\n|-supereffective|p2a: Slowking\n|-damage|p2a: Slowking|15\/100\n|-enditem|p2a: Slowking|Leftovers|[from] move: Knock Off|[of] p1a: Rillaboom\n|move|p2a: Slowking|Trick Room|p2a: Slowking\n|-fieldstart|move: Trick Room|[of] p2a: Slowking\n|\n|-heal|p2a: Slowking|21\/100|[from] Grassy Terrain\n|-heal|p1a: Rillaboom|96\/100|[from] Grassy Terrain\n|-heal|p1a: Rillaboom|100\/100|[from] item: Leftovers\n|upkeep\n|turn|15\n|\n|t:|1699977866\n|switch|p2a: Glastrier|Glastrier|39\/100\n|-damage|p2a: Glastrier|14\/100|[from] Stealth Rock\n|move|p1a: Rillaboom|U-turn|p2a: Glastrier\n|-damage|p2a: Glastrier|0 fnt\n|faint|p2a: Glastrier\n|\n|t:|1699977872\n|switch|p1a: Manaphy|Manaphy|100\/100|[from] U-turn\n|\n|-end|p1a: Manaphy|move: Future Sight\n|-damage|p1a: Manaphy|60\/100\n|-heal|p1a: Manaphy|66\/100|[from] Grassy Terrain\n|-heal|p1a: Manaphy|72\/100|[from] item: Leftovers\n|upkeep\n|\n|t:|1699977877\n|switch|p2a: Azumarill|Azumarill, M|94\/100\n|-damage|p2a: Azumarill|82\/100|[from] Stealth Rock\n|turn|16\n|\n|t:|1699977880\n|move|p2a: Azumarill|Play Rough|p1a: Manaphy\n|-damage|p1a: Manaphy|0 fnt\n|faint|p1a: Manaphy\n|\n|-heal|p2a: Azumarill|88\/100|[from] Grassy Terrain\n|upkeep\n|\n|t:|1699977884\n|switch|p1a: Sneasler|Sneasler, F|100\/100\n|-enditem|p1a: Sneasler|Grassy Seed\n|-boost|p1a: Sneasler|def|1|[from] item: Grassy Seed\n|turn|17\n|\n|t:|1699977889\n|switch|p2a: Slowking|Slowking-Galar, M|54\/100\n|-damage|p2a: Slowking|42\/100|[from] Stealth Rock\n|move|p1a: Sneasler|Dire Claw|p2a: Slowking\n|-resisted|p2a: Slowking\n|-damage|p2a: Slowking|18\/100\n|\n|-heal|p2a: Slowking|24\/100|[from] Grassy Terrain\n|-fieldend|move: Grassy Terrain\n|upkeep\n|turn|18\n|\n|t:|1699977891\n|move|p2a: Slowking|Future Sight|p1a: Sneasler\n|-start|p2a: Slowking|move: Future Sight\n|move|p1a: Sneasler|Dire Claw|p2a: Slowking\n|-resisted|p2a: Slowking\n|-damage|p2a: Slowking|0 fnt\n|faint|p2a: Slowking\n|\n|-fieldend|move: Trick Room\n|upkeep\n|\n|t:|1699977896\n|switch|p2a: Mimikyu|Mimikyu, M|100\/100\n|-damage|p2a: Mimikyu|88\/100|[from] Stealth Rock\n|turn|19\n|\n|t:|1699977900\n|switch|p1a: Zapdos|Zapdos|25\/100\n|move|p2a: Mimikyu|Trick Room|p2a: Mimikyu\n|-fieldstart|move: Trick Room|[of] p2a: Mimikyu\n|\n|upkeep\n|turn|20\n|\n|t:|1699977905\n|move|p2a: Mimikyu|Play Rough|p1a: Zapdos|[miss]\n|-miss|p2a: Mimikyu|p1a: Zapdos\n|move|p1a: Zapdos|Roost|p1a: Zapdos\n|-heal|p1a: Zapdos|76\/100\n|-singleturn|p1a: Zapdos|move: Roost\n|\n|-end|p1a: Zapdos|move: Future Sight\n|-damage|p1a: Zapdos|21\/100\n|upkeep\n|turn|21\n|\n|t:|1699977912\n|switch|p1a: Rillaboom|Rillaboom, M|100\/100\n|-fieldstart|move: Grassy Terrain|[from] ability: Grassy Surge|[of] p1a: Rillaboom\n|move|p2a: Mimikyu|Play Rough|p1a: Rillaboom\n|-damage|p1a: Rillaboom|64\/100\n|-unboost|p1a: Rillaboom|atk|1\n|\n|-heal|p2a: Mimikyu|94\/100|[from] Grassy Terrain\n|-heal|p1a: Rillaboom|71\/100|[from] Grassy Terrain\n|-heal|p1a: Rillaboom|77\/100|[from] item: Leftovers\n|upkeep\n|turn|22\n|\n|t:|1699977916\n|move|p2a: Mimikyu|Will-O-Wisp|p1a: Rillaboom\n|-status|p1a: Rillaboom|brn\n|move|p1a: Rillaboom|Knock Off|p2a: Mimikyu\n|-activate|p2a: Mimikyu|ability: Disguise\n|-damage|p2a: Mimikyu|94\/100\n|-damage|p1a: Rillaboom|60\/100 brn|[from] item: Rocky Helmet|[of] p2a: Mimikyu\n|-enditem|p2a: Mimikyu|Rocky Helmet|[from] move: Knock Off|[of] p1a: Rillaboom\n|detailschange|p2a: Mimikyu|Mimikyu-Busted, M\n|-damage|p2a: Mimikyu|82\/100|[from] pokemon: Mimikyu-Busted\n|\n|-heal|p2a: Mimikyu|88\/100|[from] Grassy Terrain\n|-heal|p1a: Rillaboom|66\/100 brn|[from] Grassy Terrain\n|-heal|p1a: Rillaboom|73\/100 brn|[from] item: Leftovers\n|-damage|p1a: Rillaboom|66\/100 brn|[from] brn\n|upkeep\n|turn|23\n|\n|t:|1699977919\n|move|p2a: Mimikyu|Play Rough|p1a: Rillaboom\n|-damage|p1a: Rillaboom|29\/100 brn\n|move|p1a: Rillaboom|Wood Hammer|p2a: Mimikyu\n|-damage|p2a: Mimikyu|62\/100\n|-damage|p1a: Rillaboom|22\/100 brn|[from] Recoil\n|\n|-heal|p2a: Mimikyu|68\/100|[from] Grassy Terrain\n|-heal|p1a: Rillaboom|28\/100 brn|[from] Grassy Terrain\n|-heal|p1a: Rillaboom|34\/100 brn|[from] item: Leftovers\n|-damage|p1a: Rillaboom|28\/100 brn|[from] brn\n|-fieldend|move: Trick Room\n|upkeep\n|turn|24\n|\n|t:|1699977923\n|move|p1a: Rillaboom|Knock Off|p2a: Mimikyu\n|-damage|p2a: Mimikyu|60\/100\n|move|p2a: Mimikyu|Trick Room|p2a: Mimikyu\n|-fieldstart|move: Trick Room|[of] p2a: Mimikyu\n|\n|-heal|p2a: Mimikyu|66\/100|[from] Grassy Terrain\n|-heal|p1a: Rillaboom|34\/100 brn|[from] Grassy Terrain\n|-heal|p1a: Rillaboom|40\/100 brn|[from] item: Leftovers\n|-damage|p1a: Rillaboom|34\/100 brn|[from] brn\n|upkeep\n|turn|25\n|\n|t:|1699977926\n|move|p2a: Mimikyu|Play Rough|p1a: Rillaboom\n|-damage|p1a: Rillaboom|0 fnt\n|faint|p1a: Rillaboom\n|\n|-heal|p2a: Mimikyu|72\/100|[from] Grassy Terrain\n|-fieldend|move: Grassy Terrain\n|upkeep\n|\n|t:|1699977929\n|switch|p1a: Sneasler|Sneasler, F|100\/100\n|turn|26\n|\n|t:|1699977932\n|move|p2a: Mimikyu|Will-O-Wisp|p1a: Sneasler\n|-status|p1a: Sneasler|brn\n|move|p1a: Sneasler|Swords Dance|p1a: Sneasler\n|-boost|p1a: Sneasler|atk|2\n|\n|-damage|p1a: Sneasler|95\/100 brn|[from] brn\n|upkeep\n|turn|27\n|\n|t:|1699977934\n|move|p2a: Mimikyu|Play Rough|p1a: Sneasler|[miss]\n|-miss|p2a: Mimikyu|p1a: Sneasler\n|move|p1a: Sneasler|Dire Claw|p2a: Mimikyu\n|-damage|p2a: Mimikyu|28\/100\n|-status|p2a: Mimikyu|slp\n|\n|-damage|p1a: Sneasler|89\/100 brn|[from] brn\n|upkeep\n|turn|28\n|\n|t:|1699977937\n|cant|p2a: Mimikyu|slp\n|move|p1a: Sneasler|Swords Dance|p1a: Sneasler\n|-boost|p1a: Sneasler|atk|2\n|\n|-damage|p1a: Sneasler|83\/100 brn|[from] brn\n|-fieldend|move: Trick Room\n|upkeep\n|turn|29\n|\n|t:|1699977939\n|move|p1a: Sneasler|Dire Claw|p2a: Mimikyu\n|-damage|p2a: Mimikyu|0 fnt\n|faint|p2a: Mimikyu\n|\n|-damage|p1a: Sneasler|77\/100 brn|[from] brn\n|upkeep\n|\n|t:|1699977941\n|switch|p2a: Azumarill|Azumarill, M|88\/100\n|-damage|p2a: Azumarill|76\/100|[from] Stealth Rock\n|turn|30\n|\n|t:|1699977949\n|switch|p2a: Hatterene|Hatterene, F|100\/100\n|-damage|p2a: Hatterene|88\/100|[from] Stealth Rock\n|move|p1a: Sneasler|Dire Claw|p2a: Hatterene\n|-supereffective|p2a: Hatterene\n|-damage|p2a: Hatterene|0 fnt\n|faint|p2a: Hatterene\n|\n|-damage|p1a: Sneasler|71\/100 brn|[from] brn\n|upkeep\n|\n|t:|1699977952\n|switch|p2a: Azumarill|Azumarill, M|76\/100\n|-damage|p2a: Azumarill|64\/100|[from] Stealth Rock\n|turn|31\n|\n|t:|1699977953\n|-terastallize|p2a: Azumarill|Water\n|move|p2a: Azumarill|Aqua Jet|p1a: Sneasler\n|-damage|p1a: Sneasler|0 fnt\n|faint|p1a: Sneasler\n|\n|upkeep\n|\n|t:|1699977957\n|switch|p1a: Zapdos|Zapdos|21\/100\n|turn|32\n|\n|t:|1699977958\n|move|p2a: Azumarill|Aqua Jet|p1a: Zapdos\n|-damage|p1a: Zapdos|0 fnt\n|faint|p1a: Zapdos\n|\n|win|Renardsept\n|raw|dylanmorgan2217's rating: 1307 &rarr; <strong>1284<\/strong><br \/>(-23 for losing)\n|raw|Renardsept's rating: 1251 &rarr; <strong>1280<\/strong><br \/>(+29 for winning)\n|l|\u203ddylanmorgan2217\n|c|\u2606Renardsept|Gg\n","uploadtime":1699977985,"views":18,"p1id":"dylanmorgan2217","p2id":"renardsept","formatid":"gen9ou","rating":1280,"private":0,"password":""}