{"id":"gen9ou-2000508203","p1":"oaa's king","p2":"otmooper12","format":"[Gen 9] OU","log":"|j|\u2606oaa's king\n|j|\u2606otmooper12\n|t:|1701200689\n|gametype|singles\n|player|p1|oaa's king|marshal|1469\n|player|p2|otmooper12|carmine|1465\n|teamsize|p1|6\n|teamsize|p2|6\n|gen|9\n|tier|[Gen 9] OU\n|rated|\n|rule|Sleep Clause Mod: Limit one foe put to sleep\n|rule|Species Clause: Limit one of each Pok\u00e9mon\n|rule|OHKO Clause: OHKO moves are banned\n|rule|Evasion Items Clause: Evasion items are banned\n|rule|Evasion Moves Clause: Evasion moves are banned\n|rule|Endless Battle Clause: Forcing endless battles is banned\n|rule|HP Percentage Mod: HP is shown in percentages\n|clearpoke\n|poke|p1|Ninetales-Alola, F|\n|poke|p1|Dragonite, F|\n|poke|p1|Enamorus, F|\n|poke|p1|Glimmora, F|\n|poke|p1|Gholdengo|\n|poke|p1|Kingambit, M|\n|poke|p2|Iron Moth|\n|poke|p2|Maushold-Four|\n|poke|p2|Dragonite, F|\n|poke|p2|Kingambit, M|\n|poke|p2|Samurott-Hisui, F|\n|poke|p2|Ninetales-Alola, M|\n|teampreview\n|inactive|Battle timer is ON: inactive players will automatically lose when time's up. (requested by oaa's king)\n|inactive|otmooper12 has 120 seconds left.\n|inactive|otmooper12 has 90 seconds left.\n|\n|t:|1701200758\n|start\n|switch|p1a: Glimmora|Glimmora, F|100\/100\n|switch|p2a: Dragonite|Dragonite, F|100\/100\n|turn|1\n|\n|t:|1701200767\n|move|p1a: Glimmora|Mortal Spin|p2a: Dragonite\n|-damage|p2a: Dragonite|97\/100\n|-status|p2a: Dragonite|psn\n|move|p2a: Dragonite|Earthquake|p1a: Glimmora\n|-supereffective|p1a: Glimmora\n|-enditem|p1a: Glimmora|Focus Sash\n|-damage|p1a: Glimmora|1\/100\n|-activate|p1a: Glimmora|ability: Toxic Debris\n|-sidestart|p2: otmooper12|move: Toxic Spikes\n|\n|-damage|p2a: Dragonite|85\/100 psn|[from] psn\n|upkeep\n|turn|2\n|\n|t:|1701200780\n|switch|p1a: Gholdengo|Gholdengo|100\/100\n|-item|p1a: Gholdengo|Air Balloon\n|move|p2a: Dragonite|Extreme Speed|p1a: Gholdengo\n|-immune|p1a: Gholdengo\n|\n|-damage|p2a: Dragonite|73\/100 psn|[from] psn\n|upkeep\n|turn|3\n|\n|t:|1701200793\n|switch|p1a: Ninetales|Ninetales-Alola, F|100\/100\n|-weather|Snow|[from] ability: Snow Warning|[of] p1a: Ninetales\n|switch|p2a: Iron Moth|Iron Moth|100\/100\n|-sideend|p2: otmooper12|move: Toxic Spikes|[of] p2a: Iron Moth\n|-enditem|p2a: Iron Moth|Booster Energy\n|-activate|p2a: Iron Moth|ability: Quark Drive|[fromitem]\n|-start|p2a: Iron Moth|quarkdrivespa\n|\n|-weather|Snow|[upkeep]\n|upkeep\n|turn|4\n|inactive|oaa's king has 120 seconds left.\n|\n|t:|1701200830\n|switch|p1a: Glimmora|Glimmora, F|1\/100\n|move|p2a: Iron Moth|Fiery Dance|p1a: Glimmora\n|-resisted|p1a: Glimmora\n|-damage|p1a: Glimmora|0 fnt\n|faint|p1a: Glimmora\n|\n|-weather|Snow|[upkeep]\n|upkeep\n|\n|t:|1701200833\n|switch|p1a: Dragonite|Dragonite, F|100\/100\n|turn|5\n|\n|t:|1701200845\n|-terastallize|p2a: Iron Moth|Fairy\n|move|p2a: Iron Moth|Dazzling Gleam|p1a: Dragonite\n|-supereffective|p1a: Dragonite\n|-damage|p1a: Dragonite|44\/100\n|move|p1a: Dragonite|Earthquake|p2a: Iron Moth\n|-damage|p2a: Iron Moth|29\/100\n|\n|-weather|Snow|[upkeep]\n|upkeep\n|turn|6\n|\n|t:|1701200867\n|-end|p2a: Iron Moth|Quark Drive|[silent]\n|switch|p2a: Dragonite|Dragonite, F|73\/100 psn\n|move|p1a: Dragonite|Extreme Speed|p2a: Dragonite\n|-damage|p2a: Dragonite|36\/100 psn\n|\n|-weather|Snow|[upkeep]\n|-damage|p2a: Dragonite|23\/100 psn|[from] psn\n|upkeep\n|turn|7\n|\n|t:|1701200878\n|move|p1a: Dragonite|Extreme Speed|p2a: Dragonite\n|-damage|p2a: Dragonite|0 fnt\n|faint|p2a: Dragonite\n|\n|-weather|none\n|upkeep\n|\n|t:|1701200884\n|switch|p2a: Ninetales|Ninetales-Alola, M|100\/100\n|-weather|Snow|[from] ability: Snow Warning|[of] p2a: Ninetales\n|turn|8\n|\n|t:|1701200891\n|switch|p1a: Ninetales|Ninetales-Alola, F|100\/100\n|move|p2a: Ninetales|Aurora Veil|p2a: Ninetales\n|-sidestart|p2: otmooper12|move: Aurora Veil\n|\n|-weather|Snow|[upkeep]\n|upkeep\n|turn|9\n|\n|t:|1701200907\n|switch|p2a: Maushold|Maushold-Four|100\/100\n|move|p1a: Ninetales|Aurora Veil|p1a: Ninetales\n|-sidestart|p1: oaa's king|move: Aurora Veil\n|\n|-weather|Snow|[upkeep]\n|upkeep\n|turn|10\n|\n|t:|1701200913\n|move|p2a: Maushold|Encore|p1a: Ninetales\n|-start|p1a: Ninetales|Encore\n|move|p1a: Ninetales|Aurora Veil||[still]\n|-fail|p1a: Ninetales\n|\n|-weather|Snow|[upkeep]\n|upkeep\n|turn|11\n|\n|t:|1701200923\n|switch|p1a: Kingambit|Kingambit, M|100\/100\n|-activate|p1a: Kingambit|ability: Supreme Overlord\n|-start|p1a: Kingambit|fallen1|[silent]\n|move|p2a: Maushold|Tidy Up|p2a: Maushold\n|-boost|p2a: Maushold|atk|1\n|-boost|p2a: Maushold|spe|1\n|\n|-weather|Snow|[upkeep]\n|upkeep\n|turn|12\n|\n|t:|1701200935\n|move|p2a: Maushold|Tidy Up|p2a: Maushold\n|-boost|p2a: Maushold|atk|1\n|-boost|p2a: Maushold|spe|1\n|move|p1a: Kingambit|Kowtow Cleave|p2a: Maushold\n|-damage|p2a: Maushold|55\/100\n|\n|-weather|none\n|upkeep\n|turn|13\n|\n|t:|1701200943\n|move|p2a: Maushold|Population Bomb|p1a: Kingambit\n|-resisted|p1a: Kingambit\n|-damage|p1a: Kingambit|97\/100\n|-resisted|p1a: Kingambit\n|-damage|p1a: Kingambit|93\/100\n|-resisted|p1a: Kingambit\n|-damage|p1a: Kingambit|89\/100\n|-resisted|p1a: Kingambit\n|-damage|p1a: Kingambit|85\/100\n|-resisted|p1a: Kingambit\n|-damage|p1a: Kingambit|81\/100\n|-resisted|p1a: Kingambit\n|-damage|p1a: Kingambit|77\/100\n|-resisted|p1a: Kingambit\n|-damage|p1a: Kingambit|73\/100\n|-resisted|p1a: Kingambit\n|-damage|p1a: Kingambit|69\/100\n|-resisted|p1a: Kingambit\n|-damage|p1a: Kingambit|65\/100\n|-resisted|p1a: Kingambit\n|-damage|p1a: Kingambit|61\/100\n|-hitcount|p1a: Kingambit|10\n|move|p1a: Kingambit|Kowtow Cleave|p2a: Maushold\n|-damage|p2a: Maushold|7\/100\n|\n|-heal|p1a: Kingambit|67\/100|[from] item: Leftovers\n|upkeep\n|turn|14\n|\n|t:|1701200970\n|move|p2a: Maushold|Tidy Up|p2a: Maushold\n|-boost|p2a: Maushold|atk|1\n|-boost|p2a: Maushold|spe|1\n|move|p1a: Kingambit|Kowtow Cleave|p2a: Maushold\n|-damage|p2a: Maushold|0 fnt\n|faint|p2a: Maushold\n|\n|-heal|p1a: Kingambit|73\/100|[from] item: Leftovers\n|upkeep\n|inactive|otmooper12 has 120 seconds left.\n|\n|t:|1701200982\n|switch|p2a: Iron Moth|Iron Moth, tera:Fairy|29\/100\n|turn|15\n|\n|t:|1701200991\n|move|p2a: Iron Moth|Fiery Dance|p1a: Kingambit\n|-supereffective|p1a: Kingambit\n|-damage|p1a: Kingambit|34\/100\n|-boost|p2a: Iron Moth|spa|1\n|move|p1a: Kingambit|Iron Head|p2a: Iron Moth\n|-supereffective|p2a: Iron Moth\n|-damage|p2a: Iron Moth|0 fnt\n|faint|p2a: Iron Moth\n|-end|p2a: Iron Moth|Quark Drive|[silent]\n|\n|-heal|p1a: Kingambit|40\/100|[from] item: Leftovers\n|-sideend|p2: otmooper12|move: Aurora Veil\n|upkeep\n|inactive|otmooper12 has 120 seconds left.\n|\n|t:|1701201006\n|switch|p2a: Ninetales|Ninetales-Alola, M|100\/100\n|-weather|Snow|[from] ability: Snow Warning|[of] p2a: Ninetales\n|turn|16\n|inactive|otmooper12 has 120 seconds left.\n|\n|t:|1701201017\n|move|p2a: Ninetales|Aurora Veil|p2a: Ninetales\n|-sidestart|p2: otmooper12|move: Aurora Veil\n|move|p1a: Kingambit|Iron Head|p2a: Ninetales\n|-supereffective|p2a: Ninetales\n|-damage|p2a: Ninetales|13\/100\n|\n|-weather|Snow|[upkeep]\n|-heal|p1a: Kingambit|46\/100|[from] item: Leftovers\n|-sideend|p1: oaa's king|move: Aurora Veil\n|upkeep\n|turn|17\n|inactive|otmooper12 has 120 seconds left.\n|\n|t:|1701201028\n|-end|p1a: Kingambit|fallen1|[silent]\n|switch|p1a: Ninetales|Ninetales-Alola, F|100\/100\n|move|p2a: Ninetales|Encore||[still]\n|-fail|p2a: Ninetales\n|\n|-weather|Snow|[upkeep]\n|upkeep\n|turn|18\n|inactive|otmooper12 has 120 seconds left.\n|\n|t:|1701201040\n|switch|p2a: Kingambit|Kingambit, M|100\/100\n|-activate|p2a: Kingambit|ability: Supreme Overlord\n|-start|p2a: Kingambit|fallen3|[silent]\n|move|p1a: Ninetales|Aurora Veil|p1a: Ninetales\n|-sidestart|p1: oaa's king|move: Aurora Veil\n|\n|-weather|Snow|[upkeep]\n|upkeep\n|turn|19\n|inactive|otmooper12 has 120 seconds left.\n|\n|t:|1701201053\n|switch|p1a: Enamorus|Enamorus, F|100\/100\n|move|p2a: Kingambit|Iron Head|p1a: Enamorus\n|-supereffective|p1a: Enamorus\n|-damage|p1a: Enamorus|0 fnt\n|faint|p1a: Enamorus\n|\n|-weather|Snow|[upkeep]\n|upkeep\n|\n|t:|1701201060\n|switch|p1a: Dragonite|Dragonite, F|44\/100\n|turn|20\n|\n|t:|1701201068\n|move|p2a: Kingambit|Sucker Punch||[still]\n|-fail|p2a: Kingambit\n|move|p1a: Dragonite|Roost|p1a: Dragonite\n|-heal|p1a: Dragonite|94\/100\n|-singleturn|p1a: Dragonite|move: Roost\n|\n|-weather|none\n|upkeep\n|turn|21\n|\n|t:|1701201076\n|move|p1a: Dragonite|Dragon Dance|p1a: Dragonite\n|-boost|p1a: Dragonite|atk|1\n|-boost|p1a: Dragonite|spe|1\n|move|p2a: Kingambit|Swords Dance|p2a: Kingambit\n|-boost|p2a: Kingambit|atk|2\n|\n|upkeep\n|turn|22\n|\n|t:|1701201082\n|move|p1a: Dragonite|Dragon Dance|p1a: Dragonite\n|-boost|p1a: Dragonite|atk|1\n|-boost|p1a: Dragonite|spe|1\n|move|p2a: Kingambit|Kowtow Cleave|p1a: Dragonite\n|-damage|p1a: Dragonite|31\/100\n|\n|upkeep\n|turn|23\n|\n|t:|1701201090\n|move|p2a: Kingambit|Sucker Punch|p1a: Dragonite\n|-damage|p1a: Dragonite|0 fnt\n|faint|p1a: Dragonite\n|\n|-sideend|p2: otmooper12|move: Aurora Veil\n|upkeep\n|\n|t:|1701201093\n|switch|p1a: Ninetales|Ninetales-Alola, F|100\/100\n|-weather|Snow|[from] ability: Snow Warning|[of] p1a: Ninetales\n|turn|24\n|\n|t:|1701201100\n|move|p1a: Ninetales|Encore|p2a: Kingambit\n|-start|p2a: Kingambit|Encore\n|move|p2a: Kingambit|Sucker Punch||[still]\n|-fail|p2a: Kingambit\n|\n|-weather|Snow|[upkeep]\n|upkeep\n|turn|25\n|\n|t:|1701201111\n|switch|p1a: Kingambit|Kingambit, M|46\/100\n|-activate|p1a: Kingambit|ability: Supreme Overlord\n|-start|p1a: Kingambit|fallen3|[silent]\n|-end|p2a: Kingambit|fallen3|[silent]\n|switch|p2a: Samurott|Samurott-Hisui, F|100\/100\n|\n|-weather|Snow|[upkeep]\n|-heal|p1a: Kingambit|52\/100|[from] item: Leftovers\n|-sideend|p1: oaa's king|move: Aurora Veil\n|upkeep\n|turn|26\n|\n|t:|1701201124\n|-end|p1a: Kingambit|fallen3|[silent]\n|switch|p1a: Ninetales|Ninetales-Alola, F|100\/100\n|move|p2a: Samurott|Ceaseless Edge|p1a: Ninetales\n|-resisted|p1a: Ninetales\n|-damage|p1a: Ninetales|84\/100\n|-sidestart|p1: oaa's king|Spikes\n|\n|-weather|Snow|[upkeep]\n|upkeep\n|turn|27\n|\n|t:|1701201137\n|move|p1a: Ninetales|Aurora Veil|p1a: Ninetales\n|-sidestart|p1: oaa's king|move: Aurora Veil\n|move|p2a: Samurott|Razor Shell|p1a: Ninetales\n|-damage|p1a: Ninetales|65\/100\n|-unboost|p1a: Ninetales|def|1\n|\n|-weather|Snow|[upkeep]\n|upkeep\n|turn|28\n|\n|t:|1701201147\n|move|p1a: Ninetales|Moonblast|p2a: Samurott\n|-supereffective|p2a: Samurott\n|-damage|p2a: Samurott|65\/100\n|move|p2a: Samurott|Knock Off|p1a: Ninetales\n|-resisted|p1a: Ninetales\n|-damage|p1a: Ninetales|52\/100\n|-enditem|p1a: Ninetales|Light Clay|[from] move: Knock Off|[of] p2a: Samurott\n|\n|-weather|none\n|upkeep\n|turn|29\n|\n|t:|1701201165\n|move|p1a: Ninetales|Moonblast|p2a: Samurott\n|-supereffective|p2a: Samurott\n|-damage|p2a: Samurott|28\/100\n|move|p2a: Samurott|Razor Shell|p1a: Ninetales\n|-damage|p1a: Ninetales|9\/100\n|-unboost|p1a: Ninetales|def|1\n|\n|upkeep\n|turn|30\n|\n|t:|1701201179\n|move|p1a: Ninetales|Moonblast|p2a: Samurott\n|-supereffective|p2a: Samurott\n|-damage|p2a: Samurott|0 fnt\n|faint|p2a: Samurott\n|\n|upkeep\n|\n|t:|1701201185\n|switch|p2a: Ninetales|Ninetales-Alola, M|13\/100\n|-weather|Snow|[from] ability: Snow Warning|[of] p2a: Ninetales\n|turn|31\n|\n|t:|1701201190\n|move|p2a: Ninetales|Aurora Veil|p2a: Ninetales\n|-sidestart|p2: otmooper12|move: Aurora Veil\n|move|p1a: Ninetales|Moonblast|p2a: Ninetales\n|-damage|p2a: Ninetales|0 fnt\n|faint|p2a: Ninetales\n|\n|-weather|Snow|[upkeep]\n|upkeep\n|\n|t:|1701201198\n|switch|p2a: Kingambit|Kingambit, M|100\/100\n|-activate|p2a: Kingambit|ability: Supreme Overlord\n|-start|p2a: Kingambit|fallen5|[silent]\n|turn|32\n|\n|t:|1701201205\n|move|p1a: Ninetales|Aurora Veil||[still]\n|-fail|p1a: Ninetales\n|move|p2a: Kingambit|Iron Head|p1a: Ninetales\n|-supereffective|p1a: Ninetales\n|-damage|p1a: Ninetales|0 fnt\n|faint|p1a: Ninetales\n|\n|-weather|Snow|[upkeep]\n|upkeep\n|\n|t:|1701201211\n|switch|p1a: Kingambit|Kingambit, M|52\/100\n|-damage|p1a: Kingambit|40\/100|[from] Spikes\n|-activate|p1a: Kingambit|ability: Supreme Overlord\n|-start|p1a: Kingambit|fallen4|[silent]\n|turn|33\n|\n|t:|1701201217\n|move|p2a: Kingambit|Kowtow Cleave|p1a: Kingambit\n|-resisted|p1a: Kingambit\n|-damage|p1a: Kingambit|25\/100\n|move|p1a: Kingambit|Swords Dance|p1a: Kingambit\n|-boost|p1a: Kingambit|atk|2\n|\n|-weather|Snow|[upkeep]\n|-heal|p1a: Kingambit|31\/100|[from] item: Leftovers\n|upkeep\n|turn|34\n|\n|t:|1701201227\n|move|p2a: Kingambit|Swords Dance|p2a: Kingambit\n|-boost|p2a: Kingambit|atk|2\n|move|p1a: Kingambit|Iron Head|p2a: Kingambit\n|-resisted|p2a: Kingambit\n|-damage|p2a: Kingambit|74\/100\n|\n|-weather|Snow|[upkeep]\n|-heal|p1a: Kingambit|38\/100|[from] item: Leftovers\n|-sideend|p1: oaa's king|move: Aurora Veil\n|upkeep\n|turn|35\n|\n|t:|1701201236\n|move|p2a: Kingambit|Kowtow Cleave|p1a: Kingambit\n|-resisted|p1a: Kingambit\n|-crit|p1a: Kingambit\n|-damage|p1a: Kingambit|0 fnt\n|faint|p1a: Kingambit\n|-end|p1a: Kingambit|fallen4|[silent]\n|\n|-weather|none\n|upkeep\n|-message|oaa's king forfeited.\n|\n|win|otmooper12\n|raw|oaa&apos;s king's rating: 1469 &rarr; <strong>1449<\/strong><br \/>(-20 for losing)\n|raw|otmooper12's rating: 1465 &rarr; <strong>1485<\/strong><br \/>(+20 for winning)\n|l|\u2606oaa's king\n","uploadtime":1701201259,"views":1,"p1id":"oaasking","p2id":"otmooper12","formatid":"gen9ou","rating":1449,"private":0,"password":""}