{"id":"gen9ou-1993777973","p1":"itaa","p2":"Dimentio40","format":"[Gen 9] OU","log":"|j|\u2606itaa\n|j|\u2606Dimentio40\n|t:|1700356098\n|gametype|singles\n|player|p1|itaa|1|1280\n|player|p2|Dimentio40|psychic-gen4|1241\n|teamsize|p1|6\n|teamsize|p2|6\n|gen|9\n|tier|[Gen 9] OU\n|rated|\n|rule|Sleep Clause Mod: Limit one foe put to sleep\n|rule|Species Clause: Limit one of each Pok\u00e9mon\n|rule|OHKO Clause: OHKO moves are banned\n|rule|Evasion Items Clause: Evasion items are banned\n|rule|Evasion Moves Clause: Evasion moves are banned\n|rule|Endless Battle Clause: Forcing endless battles is banned\n|rule|HP Percentage Mod: HP is shown in percentages\n|clearpoke\n|poke|p1|Mandibuzz, F|\n|poke|p1|Iron Treads|\n|poke|p1|Alomomola, F|\n|poke|p1|Enamorus, F|\n|poke|p1|Dragapult, M|\n|poke|p1|Slowking-Galar, M|\n|poke|p2|Ogerpon-Cornerstone, F|\n|poke|p2|Zapdos|\n|poke|p2|Walking Wake|\n|poke|p2|Volcanion|\n|poke|p2|Zamazenta-*|\n|poke|p2|Iron Treads|\n|teampreview\n|inactive|Battle timer is ON: inactive players will automatically lose when time's up. (requested by Dimentio40)\n|\n|t:|1700356107\n|start\n|switch|p1a: Dragapult|Dragapult, M|100\/100\n|switch|p2a: Volcanion|Volcanion|100\/100\n|turn|1\n|\n|t:|1700356118\n|move|p1a: Dragapult|U-turn|p2a: Volcanion\n|-resisted|p2a: Volcanion\n|-damage|p2a: Volcanion|95\/100\n|\n|t:|1700356121\n|switch|p1a: Slowking|Slowking-Galar, M|100\/100|[from] U-turn\n|move|p2a: Volcanion|Sludge Bomb|p1a: Slowking\n|-resisted|p1a: Slowking\n|-damage|p1a: Slowking|91\/100\n|\n|upkeep\n|turn|2\n|\n|t:|1700356132\n|move|p2a: Volcanion|Earth Power|p1a: Slowking\n|-supereffective|p1a: Slowking\n|-damage|p1a: Slowking|56\/100\n|-unboost|p1a: Slowking|spd|1\n|move|p1a: Slowking|Future Sight|p2a: Volcanion\n|-start|p1a: Slowking|move: Future Sight\n|\n|upkeep\n|turn|3\n|\n|t:|1700356144\n|switch|p1a: Alomomola|Alomomola, F|100\/100\n|move|p2a: Volcanion|Flamethrower|p1a: Alomomola\n|-resisted|p1a: Alomomola\n|-damage|p1a: Alomomola|71\/100\n|-status|p1a: Alomomola|brn\n|\n|-damage|p1a: Alomomola|65\/100 brn|[from] brn\n|upkeep\n|turn|4\n|\n|t:|1700356160\n|switch|p2a: Zapdos|Zapdos|100\/100\n|move|p1a: Alomomola|Wish|p1a: Alomomola\n|\n|-end|p2a: Zapdos|move: Future Sight\n|-damage|p2a: Zapdos|50\/100\n|-heal|p2a: Zapdos|56\/100|[from] item: Leftovers\n|-damage|p1a: Alomomola|59\/100 brn|[from] brn\n|upkeep\n|turn|5\n|\n|t:|1700356175\n|switch|p1a: Dragapult|Dragapult, M|100\/100\n|move|p2a: Zapdos|Volt Switch|p1a: Dragapult\n|-resisted|p1a: Dragapult\n|-crit|p1a: Dragapult\n|-damage|p1a: Dragapult|65\/100\n|\n|t:|1700356189\n|switch|p2a: Zamazenta|Zamazenta|100\/100|[from] Volt Switch\n|-ability|p2a: Zamazenta|Dauntless Shield|boost\n|-boost|p2a: Zamazenta|def|1\n|\n|-heal|p1a: Dragapult|100\/100|[from] move: Wish|[wisher] Alomomola\n|upkeep\n|turn|6\n|\n|t:|1700356198\n|move|p1a: Dragapult|U-turn|p2a: Zamazenta\n|-resisted|p2a: Zamazenta\n|-damage|p2a: Zamazenta|96\/100\n|\n|t:|1700356201\n|switch|p1a: Mandibuzz|Mandibuzz, F|100\/100|[from] U-turn\n|move|p2a: Zamazenta|Play Rough|p1a: Mandibuzz\n|-supereffective|p1a: Mandibuzz\n|-crit|p1a: Mandibuzz\n|-damage|p1a: Mandibuzz|50\/100\n|\n|upkeep\n|turn|7\n|\n|t:|1700356210\n|-terastallize|p1a: Mandibuzz|Poison\n|move|p2a: Zamazenta|Play Rough|p1a: Mandibuzz\n|-resisted|p1a: Mandibuzz\n|-damage|p1a: Mandibuzz|41\/100\n|move|p1a: Mandibuzz|Toxic|p2a: Zamazenta\n|-status|p2a: Zamazenta|tox\n|\n|-damage|p2a: Zamazenta|89\/100 tox|[from] psn\n|upkeep\n|turn|8\n|\n|t:|1700356224\n|move|p2a: Zamazenta|Iron Head|p1a: Mandibuzz\n|-crit|p1a: Mandibuzz\n|-damage|p1a: Mandibuzz|21\/100\n|move|p1a: Mandibuzz|Roost|p1a: Mandibuzz\n|-heal|p1a: Mandibuzz|71\/100\n|\n|-damage|p2a: Zamazenta|77\/100 tox|[from] psn\n|upkeep\n|turn|9\n|\n|t:|1700356232\n|switch|p2a: Iron Treads|Iron Treads|100\/100\n|move|p1a: Mandibuzz|Knock Off|p2a: Iron Treads\n|-damage|p2a: Iron Treads|81\/100\n|-enditem|p2a: Iron Treads|Heavy-Duty Boots|[from] move: Knock Off|[of] p1a: Mandibuzz\n|\n|upkeep\n|turn|10\n|\n|t:|1700356239\n|switch|p1a: Enamorus|Enamorus, F|100\/100\n|move|p2a: Iron Treads|Rapid Spin|p1a: Enamorus\n|-damage|p1a: Enamorus|75\/100\n|-boost|p2a: Iron Treads|spe|1\n|\n|upkeep\n|turn|11\n|\n|t:|1700356247\n|move|p2a: Iron Treads|Iron Head|p1a: Enamorus\n|-supereffective|p1a: Enamorus\n|-damage|p1a: Enamorus|0 fnt\n|faint|p1a: Enamorus\n|\n|upkeep\n|\n|t:|1700356257\n|switch|p1a: Alomomola|Alomomola, F|92\/100 brn\n|turn|12\n|\n|t:|1700356280\n|-end|p2a: Iron Treads|Quark Drive|[silent]\n|switch|p2a: Zapdos|Zapdos|56\/100\n|move|p1a: Alomomola|Scald|p2a: Zapdos\n|-crit|p2a: Zapdos\n|-damage|p2a: Zapdos|33\/100\n|\n|-heal|p2a: Zapdos|39\/100|[from] item: Leftovers\n|-damage|p1a: Alomomola|86\/100 brn|[from] brn\n|upkeep\n|turn|13\n|\n|t:|1700356296\n|move|p1a: Alomomola|Protect|p1a: Alomomola\n|-singleturn|p1a: Alomomola|Protect\n|move|p2a: Zapdos|Hurricane|p1a: Alomomola\n|-activate|p1a: Alomomola|move: Protect\n|\n|-heal|p2a: Zapdos|45\/100|[from] item: Leftovers\n|-damage|p1a: Alomomola|80\/100 brn|[from] brn\n|upkeep\n|turn|14\n|\n|t:|1700356304\n|switch|p1a: Iron Treads|Iron Treads|100\/100\n|move|p2a: Zapdos|Volt Switch|p1a: Iron Treads\n|-immune|p1a: Iron Treads\n|\n|-heal|p2a: Zapdos|52\/100|[from] item: Leftovers\n|upkeep\n|turn|15\n|\n|t:|1700356311\n|move|p1a: Iron Treads|Knock Off|p2a: Zapdos\n|-damage|p2a: Zapdos|19\/100\n|-enditem|p2a: Zapdos|Leftovers|[from] move: Knock Off|[of] p1a: Iron Treads\n|move|p2a: Zapdos|Heat Wave|p1a: Iron Treads\n|-supereffective|p1a: Iron Treads\n|-damage|p1a: Iron Treads|25\/100\n|\n|-heal|p1a: Iron Treads|32\/100|[from] item: Leftovers\n|upkeep\n|turn|16\n|inactive|Dimentio40 has 120 seconds left.\n|\n|t:|1700356338\n|switch|p2a: Zamazenta|Zamazenta|77\/100 tox\n|move|p1a: Iron Treads|Knock Off|p2a: Zamazenta\n|-resisted|p2a: Zamazenta\n|-damage|p2a: Zamazenta|66\/100 tox\n|-enditem|p2a: Zamazenta|Assault Vest|[from] move: Knock Off|[of] p1a: Iron Treads\n|\n|-heal|p1a: Iron Treads|38\/100|[from] item: Leftovers\n|-damage|p2a: Zamazenta|60\/100 tox|[from] psn\n|upkeep\n|turn|17\n|inactive|Dimentio40 has 120 seconds left.\n|\n|t:|1700356365\n|-end|p1a: Iron Treads|Quark Drive|[silent]\n|switch|p1a: Mandibuzz|Mandibuzz, F, tera:Poison|71\/100\n|move|p2a: Zamazenta|Play Rough|p1a: Mandibuzz\n|-resisted|p1a: Mandibuzz\n|-damage|p1a: Mandibuzz|62\/100\n|\n|-damage|p2a: Zamazenta|48\/100 tox|[from] psn\n|upkeep\n|turn|18\n|\n|t:|1700356372\n|switch|p2a: Volcanion|Volcanion|95\/100\n|move|p1a: Mandibuzz|Roost|p1a: Mandibuzz\n|-heal|p1a: Mandibuzz|100\/100\n|\n|upkeep\n|turn|19\n|\n|t:|1700356379\n|move|p1a: Mandibuzz|Toxic|p2a: Volcanion\n|-status|p2a: Volcanion|tox\n|move|p2a: Volcanion|Earth Power|p1a: Mandibuzz\n|-supereffective|p1a: Mandibuzz\n|-damage|p1a: Mandibuzz|43\/100\n|\n|-damage|p2a: Volcanion|88\/100 tox|[from] psn\n|upkeep\n|turn|20\n|inactive|Dimentio40 has 120 seconds left.\n|\n|t:|1700356388\n|switch|p1a: Slowking|Slowking-Galar, M|89\/100\n|move|p2a: Volcanion|Earth Power|p1a: Slowking\n|-supereffective|p1a: Slowking\n|-damage|p1a: Slowking|53\/100\n|\n|-damage|p2a: Volcanion|76\/100 tox|[from] psn\n|upkeep\n|turn|21\n|\n|t:|1700356395\n|move|p2a: Volcanion|Earth Power|p1a: Slowking\n|-supereffective|p1a: Slowking\n|-damage|p1a: Slowking|14\/100\n|move|p1a: Slowking|Slack Off|p1a: Slowking\n|-heal|p1a: Slowking|64\/100\n|\n|-damage|p2a: Volcanion|58\/100 tox|[from] psn\n|upkeep\n|turn|22\n|\n|t:|1700356403\n|move|p2a: Volcanion|Earth Power|p1a: Slowking\n|-supereffective|p1a: Slowking\n|-damage|p1a: Slowking|30\/100\n|move|p1a: Slowking|Slack Off|p1a: Slowking\n|-heal|p1a: Slowking|80\/100\n|\n|-damage|p2a: Volcanion|33\/100 tox|[from] psn\n|upkeep\n|turn|23\n|\n|t:|1700356412\n|move|p2a: Volcanion|Earth Power|p1a: Slowking\n|-supereffective|p1a: Slowking\n|-damage|p1a: Slowking|41\/100\n|move|p1a: Slowking|Slack Off|p1a: Slowking\n|-heal|p1a: Slowking|91\/100\n|\n|-damage|p2a: Volcanion|2\/100 tox|[from] psn\n|upkeep\n|turn|24\n|\n|t:|1700356422\n|move|p2a: Volcanion|Earth Power|p1a: Slowking\n|-supereffective|p1a: Slowking\n|-damage|p1a: Slowking|52\/100\n|move|p1a: Slowking|Future Sight|p2a: Volcanion\n|-start|p1a: Slowking|move: Future Sight\n|\n|-damage|p2a: Volcanion|0 fnt|[from] psn\n|faint|p2a: Volcanion\n|upkeep\n|\n|t:|1700356433\n|switch|p2a: Iron Treads|Iron Treads|81\/100\n|turn|25\n|\n|t:|1700356438\n|switch|p1a: Alomomola|Alomomola, F|100\/100 brn\n|move|p2a: Iron Treads|Rapid Spin|p1a: Alomomola\n|-damage|p1a: Alomomola|93\/100 brn\n|-boost|p2a: Iron Treads|spe|1\n|\n|-damage|p1a: Alomomola|86\/100 brn|[from] brn\n|upkeep\n|turn|26\n|\n|t:|1700356450\n|move|p2a: Iron Treads|Iron Head|p1a: Alomomola\n|-resisted|p1a: Alomomola\n|-damage|p1a: Alomomola|77\/100 brn\n|cant|p1a: Alomomola|flinch\n|\n|-end|p2a: Iron Treads|move: Future Sight\n|-resisted|p2a: Iron Treads\n|-damage|p2a: Iron Treads|50\/100\n|-damage|p1a: Alomomola|71\/100 brn|[from] brn\n|upkeep\n|turn|27\n|\n|t:|1700356462\n|-terastallize|p2a: Iron Treads|Ground\n|move|p2a: Iron Treads|Earthquake|p1a: Alomomola\n|-damage|p1a: Alomomola|37\/100 brn\n|move|p1a: Alomomola|Wish|p1a: Alomomola\n|\n|-damage|p1a: Alomomola|31\/100 brn|[from] brn\n|upkeep\n|turn|28\n|\n|t:|1700356469\n|move|p1a: Alomomola|Protect|p1a: Alomomola\n|-singleturn|p1a: Alomomola|Protect\n|move|p2a: Iron Treads|Earthquake|p1a: Alomomola\n|-activate|p1a: Alomomola|move: Protect\n|\n|-heal|p1a: Alomomola|81\/100 brn|[from] move: Wish|[wisher] Alomomola\n|-damage|p1a: Alomomola|75\/100 brn|[from] brn\n|upkeep\n|turn|29\n|\n|t:|1700356477\n|move|p2a: Iron Treads|Earthquake|p1a: Alomomola\n|-damage|p1a: Alomomola|44\/100 brn\n|move|p1a: Alomomola|Wish|p1a: Alomomola\n|\n|-damage|p1a: Alomomola|38\/100 brn|[from] brn\n|upkeep\n|turn|30\n|\n|t:|1700356488\n|-end|p2a: Iron Treads|Quark Drive|[silent]\n|switch|p2a: Ogerpon|Ogerpon-Cornerstone, F|100\/100\n|move|p1a: Alomomola|Scald|p2a: Ogerpon\n|-damage|p2a: Ogerpon|84\/100\n|\n|-heal|p1a: Alomomola|88\/100 brn|[from] move: Wish|[wisher] Alomomola\n|-damage|p1a: Alomomola|82\/100 brn|[from] brn\n|upkeep\n|turn|31\n|\n|t:|1700356498\n|move|p2a: Ogerpon|Swords Dance|p2a: Ogerpon\n|-boost|p2a: Ogerpon|atk|2\n|move|p1a: Alomomola|Wish|p1a: Alomomola\n|\n|-damage|p1a: Alomomola|75\/100 brn|[from] brn\n|upkeep\n|turn|32\n|\n|t:|1700356503\n|move|p2a: Ogerpon|Swords Dance|p2a: Ogerpon\n|-boost|p2a: Ogerpon|atk|2\n|move|p1a: Alomomola|Scald|p2a: Ogerpon\n|-damage|p2a: Ogerpon|67\/100\n|\n|-heal|p1a: Alomomola|100\/100 brn|[from] move: Wish|[wisher] Alomomola\n|-damage|p1a: Alomomola|94\/100 brn|[from] brn\n|upkeep\n|turn|33\n|\n|t:|1700356512\n|move|p2a: Ogerpon|Trailblaze|p1a: Alomomola\n|-supereffective|p1a: Alomomola\n|-damage|p1a: Alomomola|1\/100 brn\n|-boost|p2a: Ogerpon|spe|1\n|move|p1a: Alomomola|Scald|p2a: Ogerpon\n|-damage|p2a: Ogerpon|50\/100\n|\n|-damage|p1a: Alomomola|0 fnt|[from] brn\n|faint|p1a: Alomomola\n|upkeep\n|\n|t:|1700356525\n|switch|p1a: Dragapult|Dragapult, M|100\/100\n|turn|34\n|\n|t:|1700356528\n|move|p2a: Ogerpon|Knock Off|p1a: Dragapult\n|-supereffective|p1a: Dragapult\n|-damage|p1a: Dragapult|0 fnt\n|-enditem|p1a: Dragapult|Choice Specs|[from] move: Knock Off|[of] p2a: Ogerpon\n|faint|p1a: Dragapult\n|\n|upkeep\n|-message|itaa forfeited.\n|\n|win|Dimentio40\n|raw|itaa's rating: 1280 &rarr; <strong>1252<\/strong><br \/>(-28 for losing)\n|raw|Dimentio40's rating: 1241 &rarr; <strong>1269<\/strong><br \/>(+28 for winning)\n|l|\u2606itaa\n","uploadtime":1700356579,"views":25,"p1id":"itaa","p2id":"dimentio40","formatid":"gen9ou","rating":1252,"private":0,"password":""}