{"id":"gen9ou-1999929321","p1":"JachiMalz","p2":"TaxesAreEvil","format":"[Gen 9] OU","log":"|j|\u2606JachiMalz\n|j|\u2606TaxesAreEvil\n|t:|1701131239\n|gametype|singles\n|player|p1|JachiMalz|rocketgruntf|1260\n|player|p2|TaxesAreEvil|backpacker|1184\n|teamsize|p1|6\n|teamsize|p2|6\n|gen|9\n|tier|[Gen 9] OU\n|rated|\n|rule|Sleep Clause Mod: Limit one foe put to sleep\n|rule|Species Clause: Limit one of each Pok\u00e9mon\n|rule|OHKO Clause: OHKO moves are banned\n|rule|Evasion Items Clause: Evasion items are banned\n|rule|Evasion Moves Clause: Evasion moves are banned\n|rule|Endless Battle Clause: Forcing endless battles is banned\n|rule|HP Percentage Mod: HP is shown in percentages\n|clearpoke\n|poke|p1|Gholdengo|\n|poke|p1|Zoroark-Hisui, M|\n|poke|p1|Samurott-Hisui, F|\n|poke|p1|Iron Moth|\n|poke|p1|Maushold-Four|\n|poke|p1|Scizor, F|\n|poke|p2|Thundurus, M|\n|poke|p2|Samurott-Hisui, F|\n|poke|p2|Slowking-Galar, F|\n|poke|p2|Scizor, F|\n|poke|p2|Eiscue, F|\n|poke|p2|Ninetales-Alola, F|\n|teampreview\n|inactive|Battle timer is ON: inactive players will automatically lose when time's up. (requested by TaxesAreEvil)\n|\n|t:|1701131251\n|start\n|switch|p1a: Samurott|Samurott-Hisui, F|100\/100\n|switch|p2a: Slowking|Slowking-Galar, F|100\/100\n|turn|1\n|\n|t:|1701131258\n|-terastallize|p2a: Slowking|Water\n|move|p1a: Samurott|Ceaseless Edge|p2a: Slowking\n|-damage|p2a: Slowking|52\/100\n|-sidestart|p2: TaxesAreEvil|Spikes\n|move|p2a: Slowking|Focus Blast|p1a: Samurott|[miss]\n|-miss|p2a: Slowking|p1a: Samurott\n|\n|upkeep\n|turn|2\n|\n|t:|1701131269\n|move|p1a: Samurott|Ceaseless Edge|p2a: Slowking\n|-damage|p2a: Slowking|2\/100\n|-sidestart|p2: TaxesAreEvil|Spikes\n|move|p2a: Slowking|Focus Blast|p1a: Samurott\n|-supereffective|p1a: Samurott\n|-damage|p1a: Samurott|0 fnt\n|faint|p1a: Samurott\n|\n|upkeep\n|\n|t:|1701131276\n|switch|p1a: Gholdengo|Gholdengo|100\/100\n|-item|p1a: Gholdengo|Air Balloon\n|turn|3\n|\n|t:|1701131286\n|switch|p2a: Thundurus|Thundurus, M|100\/100\n|move|p1a: Gholdengo|Nasty Plot|p1a: Gholdengo\n|-boost|p1a: Gholdengo|spa|2\n|\n|upkeep\n|turn|4\n|\n|t:|1701131297\n|move|p1a: Gholdengo|Shadow Ball|p2a: Thundurus\n|-damage|p2a: Thundurus|2\/100\n|-enditem|p2a: Thundurus|Red Card|[of] p1a: Gholdengo\n|drag|p1a: Gholdengo|Gholdengo|100\/100\n|move|p2a: Thundurus|Knock Off|p1a: Gholdengo\n|-supereffective|p1a: Gholdengo\n|-damage|p1a: Gholdengo|31\/100\n|-enditem|p1a: Gholdengo|Choice Specs|[from] move: Knock Off|[of] p2a: Thundurus\n|\n|upkeep\n|turn|5\n|\n|t:|1701131307\n|switch|p1a: Scizor|Scizor, F|100\/100\n|move|p2a: Thundurus|Knock Off|p1a: Scizor\n|-damage|p1a: Scizor|65\/100\n|-enditem|p1a: Scizor|Iron Plate|[from] move: Knock Off|[of] p2a: Thundurus\n|\n|upkeep\n|turn|6\n|\n|t:|1701131313\n|move|p2a: Thundurus|Acrobatics|p1a: Scizor\n|-damage|p1a: Scizor|6\/100\n|move|p1a: Scizor|U-turn|p2a: Thundurus\n|-resisted|p2a: Thundurus\n|-damage|p2a: Thundurus|0 fnt\n|faint|p2a: Thundurus\n|\n|t:|1701131323\n|switch|p1a: Iron Moth|Iron Moth|100\/100|[from] U-turn\n|-item|p1a: Iron Moth|Air Balloon\n|\n|upkeep\n|c|\u2606TaxesAreEvil|did u really put a bloon on zorark?\n|inactive|TaxesAreEvil has 120 seconds left.\n|\n|t:|1701131359\n|switch|p2a: Scizor|Scizor, F|100\/100\n|-damage|p2a: Scizor|84\/100|[from] Spikes\n|turn|7\n|inactive|TaxesAreEvil has 120 seconds left.\n|\n|t:|1701131372\n|move|p2a: Scizor|Bullet Punch|p1a: Iron Moth\n|-resisted|p1a: Iron Moth\n|-damage|p1a: Iron Moth|79\/100\n|-enditem|p1a: Iron Moth|Air Balloon\n|move|p1a: Iron Moth|Agility|p1a: Iron Moth\n|-boost|p1a: Iron Moth|spe|2\n|\n|-heal|p2a: Scizor|90\/100|[from] item: Leftovers\n|upkeep\n|turn|8\n|inactive|TaxesAreEvil has 120 seconds left.\n|\n|t:|1701131380\n|move|p2a: Scizor|Bullet Punch|p1a: Iron Moth\n|-resisted|p1a: Iron Moth\n|-damage|p1a: Iron Moth|55\/100\n|move|p1a: Iron Moth|Fiery Dance|p2a: Scizor\n|-supereffective|p2a: Scizor\n|-damage|p2a: Scizor|0 fnt\n|-boost|p1a: Iron Moth|spa|1\n|faint|p2a: Scizor\n|\n|upkeep\n|inactive|TaxesAreEvil has 120 seconds left.\n|\n|t:|1701131389\n|switch|p2a: Slowking|Slowking-Galar, F, tera:Water|36\/100\n|-damage|p2a: Slowking|19\/100|[from] Spikes\n|turn|9\n|\n|t:|1701131400\n|move|p1a: Iron Moth|Energy Ball|p2a: Slowking\n|-supereffective|p2a: Slowking\n|-damage|p2a: Slowking|0 fnt\n|faint|p2a: Slowking\n|\n|upkeep\n|\n|t:|1701131406\n|switch|p2a: Samurott|Samurott-Hisui, F|100\/100\n|-damage|p2a: Samurott|84\/100|[from] Spikes\n|turn|10\n|\n|t:|1701131411\n|-terastallize|p1a: Iron Moth|Fairy\n|move|p2a: Samurott|Aqua Jet|p1a: Iron Moth\n|-damage|p1a: Iron Moth|29\/100\n|move|p1a: Iron Moth|Energy Ball|p2a: Samurott\n|-supereffective|p2a: Samurott\n|-damage|p2a: Samurott|0 fnt\n|faint|p2a: Samurott\n|\n|upkeep\n|-message|TaxesAreEvil forfeited.\n|\n|win|JachiMalz\n|raw|JachiMalz's rating: 1260 &rarr; <strong>1280<\/strong><br \/>(+20 for winning)\n|raw|TaxesAreEvil's rating: 1184 &rarr; <strong>1164<\/strong><br \/>(-20 for losing)\n|l|\u2606TaxesAreEvil\n","uploadtime":1701131422,"views":4,"p1id":"jachimalz","p2id":"taxesareevil","formatid":"gen9ou","rating":1164,"private":0,"password":""}