{"id":"gen9ou-1988951002","p1":"maxedoutmanaphy4","p2":"Stall Sucks Bro\u271e","format":"[Gen 9] OU","log":"|j|\u2606maxedoutmanaphy4\n|j|\u2606Stall Sucks Bro\u271e\n|inactive|Battle timer is ON: inactive players will automatically lose when time's up.\n|t:|1699793388\n|gametype|singles\n|player|p1|maxedoutmanaphy4|wallace|\n|player|p2|Stall Sucks Bro\u271e|#wcop2022spain|\n|teamsize|p1|6\n|teamsize|p2|6\n|gen|9\n|tier|[Gen 9] OU\n|rated|Tournament battle\n|rule|Sleep Clause Mod: Limit one foe put to sleep\n|rule|Species Clause: Limit one of each Pok\u00e9mon\n|rule|OHKO Clause: OHKO moves are banned\n|rule|Evasion Items Clause: Evasion items are banned\n|rule|Evasion Moves Clause: Evasion moves are banned\n|rule|Endless Battle Clause: Forcing endless battles is banned\n|rule|HP Percentage Mod: HP is shown in percentages\n|clearpoke\n|poke|p1|Cresselia, F|\n|poke|p1|Garganacl, F|\n|poke|p1|Gholdengo|\n|poke|p1|Rillaboom, M|\n|poke|p1|Sneasler, F|\n|poke|p1|Cinderace, F|\n|poke|p2|Zapdos|\n|poke|p2|Dragonite, F|\n|poke|p2|Slowking-Galar, M|\n|poke|p2|Great Tusk|\n|poke|p2|Kingambit, M|\n|poke|p2|Clefable, M|\n|teampreview\n|c|\u2606maxedoutmanaphy4|hf\n|c|\u2606Stall Sucks Bro\u271e|hf\n|j| Weather_Agent67\n|\n|t:|1699793399\n|start\n|switch|p1a: #1|Rillaboom, M|100\/100\n|switch|p2a: Great Tusk|Great Tusk|100\/100\n|-fieldstart|move: Grassy Terrain|[from] ability: Grassy Surge|[of] p1a: #1\n|turn|1\n|\n|t:|1699793405\n|-end|p2a: Great Tusk|Protosynthesis|[silent]\n|switch|p2a: Slowking|Slowking-Galar, M|100\/100\n|move|p1a: #1|U-turn|p2a: Slowking\n|-damage|p2a: Slowking|71\/100\n|\n|t:|1699793417\n|switch|p1a: BetterthanGliscor|Garganacl, F|100\/100|[from] U-turn\n|\n|-heal|p2a: Slowking|77\/100|[from] Grassy Terrain\n|upkeep\n|turn|2\n|j| TheNewBrends11@!\n|\n|t:|1699793431\n|move|p1a: BetterthanGliscor|Salt Cure|p2a: Slowking\n|-damage|p2a: Slowking|68\/100\n|-start|p2a: Slowking|Salt Cure\n|move|p2a: Slowking|Chilly Reception|p2a: Slowking\n|-weather|Snow\n|\n|t:|1699793433\n|switch|p2a: Great Tusk|Great Tusk|100\/100|[from] Chilly Reception\n|\n|-weather|Snow|[upkeep]\n|upkeep\n|turn|3\n|\n|t:|1699793440\n|switch|p1a: #1|Rillaboom, M|100\/100\n|move|p2a: Great Tusk|Knock Off|p1a: #1\n|-damage|p1a: #1|70\/100\n|-enditem|p1a: #1|Choice Band|[from] move: Knock Off|[of] p2a: Great Tusk\n|\n|-weather|Snow|[upkeep]\n|-heal|p1a: #1|76\/100|[from] Grassy Terrain\n|upkeep\n|turn|4\n|\n|t:|1699793453\n|move|p1a: #1|Knock Off|p2a: Great Tusk\n|-resisted|p2a: Great Tusk\n|-damage|p2a: Great Tusk|92\/100\n|-enditem|p2a: Great Tusk|Leftovers|[from] move: Knock Off|[of] p1a: #1\n|move|p2a: Great Tusk|Stealth Rock|p1a: #1\n|-sidestart|p1: maxedoutmanaphy4|move: Stealth Rock\n|\n|-weather|Snow|[upkeep]\n|-heal|p1a: #1|82\/100|[from] Grassy Terrain\n|-heal|p2a: Great Tusk|99\/100|[from] Grassy Terrain\n|upkeep\n|turn|5\n|\n|t:|1699793462\n|-end|p2a: Great Tusk|Protosynthesis|[silent]\n|switch|p2a: Slowking|Slowking-Galar, M|100\/100\n|move|p1a: #1|Wood Hammer|p2a: Slowking\n|-resisted|p2a: Slowking\n|-damage|p2a: Slowking|67\/100\n|-damage|p1a: #1|69\/100|[from] Recoil\n|\n|-weather|Snow|[upkeep]\n|-heal|p1a: #1|75\/100|[from] Grassy Terrain\n|-heal|p2a: Slowking|73\/100|[from] Grassy Terrain\n|-fieldend|move: Grassy Terrain\n|upkeep\n|turn|6\n|\n|t:|1699793467\n|move|p1a: #1|U-turn|p2a: Slowking\n|-damage|p2a: Slowking|55\/100\n|\n|t:|1699793471\n|switch|p1a: GargGho-yl|Gholdengo, shiny|100\/100|[from] U-turn\n|-damage|p1a: GargGho-yl|94\/100|[from] Stealth Rock\n|move|p2a: Slowking|Sludge Bomb|p1a: GargGho-yl\n|-immune|p1a: GargGho-yl\n|\n|-weather|none\n|upkeep\n|turn|7\n|\n|t:|1699793486\n|switch|p1a: im slo|Sneasler, F|100\/100\n|-damage|p1a: im slo|95\/100|[from] Stealth Rock\n|switch|p2a: Kingambit|Kingambit, M|100\/100\n|\n|upkeep\n|turn|8\n|\n|t:|1699793498\n|-end|p2a: Kingambit|fallenundefined|[silent]\n|switch|p2a: Slowking|Slowking-Galar, M|88\/100\n|move|p1a: im slo|Close Combat|p2a: Slowking\n|-resisted|p2a: Slowking\n|-damage|p2a: Slowking|78\/100\n|-unboost|p1a: im slo|def|1\n|-unboost|p1a: im slo|spd|1\n|\n|upkeep\n|turn|9\n|\n|t:|1699793508\n|switch|p1a: #1|Rillaboom, M|75\/100\n|-damage|p1a: #1|63\/100|[from] Stealth Rock\n|-fieldstart|move: Grassy Terrain|[from] ability: Grassy Surge|[of] p1a: #1\n|move|p2a: Slowking|Future Sight|p1a: #1\n|-start|p2a: Slowking|move: Future Sight\n|\n|-heal|p1a: #1|69\/100|[from] Grassy Terrain\n|-heal|p2a: Slowking|84\/100|[from] Grassy Terrain\n|upkeep\n|turn|10\n|j| foyersemeric\n|inactive|maxedoutmanaphy4 has 120 seconds left.\n|\n|t:|1699793539\n|move|p1a: #1|Knock Off|p2a: Slowking\n|-supereffective|p2a: Slowking\n|-damage|p2a: Slowking|30\/100\n|-enditem|p2a: Slowking|Heavy-Duty Boots|[from] move: Knock Off|[of] p1a: #1\n|move|p2a: Slowking|Sludge Bomb|p1a: #1\n|-supereffective|p1a: #1\n|-damage|p1a: #1|0 fnt\n|faint|p1a: #1\n|\n|-heal|p2a: Slowking|36\/100|[from] Grassy Terrain\n|upkeep\n|inactive|maxedoutmanaphy4 has 120 seconds left.\n|\n|t:|1699793549\n|switch|p1a: GargGho-yl|Gholdengo, shiny|94\/100\n|-damage|p1a: GargGho-yl|88\/100|[from] Stealth Rock\n|turn|11\n|\n|t:|1699793563\n|switch|p2a: Clefable|Clefable, M|100\/100\n|move|p1a: GargGho-yl|Shadow Ball|p2a: Clefable\n|-damage|p2a: Clefable|55\/100\n|\n|-end|p1a: GargGho-yl|move: Future Sight\n|-resisted|p1a: GargGho-yl\n|-damage|p1a: GargGho-yl|62\/100\n|-heal|p1a: GargGho-yl|68\/100|[from] Grassy Terrain\n|-heal|p2a: Clefable|61\/100|[from] Grassy Terrain\n|upkeep\n|turn|12\n|\n|t:|1699793571\n|move|p1a: GargGho-yl|Shadow Ball|p2a: Clefable\n|-damage|p2a: Clefable|13\/100\n|move|p2a: Clefable|Fire Blast|p1a: GargGho-yl\n|-supereffective|p1a: GargGho-yl\n|-damage|p1a: GargGho-yl|0 fnt\n|faint|p1a: GargGho-yl\n|\n|-heal|p2a: Clefable|19\/100|[from] Grassy Terrain\n|upkeep\n|\n|t:|1699793580\n|switch|p1a: nohazardcontrol|Cinderace, F, shiny|100\/100\n|turn|13\n|\n|t:|1699793585\n|move|p1a: nohazardcontrol|Court Change|p1a: nohazardcontrol\n|-swapsideconditions\n|-activate|p1a: nohazardcontrol|move: Court Change\n|move|p2a: Clefable|Thunderbolt|p1a: nohazardcontrol\n|-damage|p1a: nohazardcontrol|56\/100\n|\n|-heal|p1a: nohazardcontrol|62\/100|[from] Grassy Terrain\n|-heal|p2a: Clefable|25\/100|[from] Grassy Terrain\n|-fieldend|move: Grassy Terrain\n|upkeep\n|turn|14\n|\n|t:|1699793593\n|switch|p2a: Great Tusk|Great Tusk|99\/100\n|-damage|p2a: Great Tusk|96\/100|[from] Stealth Rock\n|move|p1a: nohazardcontrol|Pyro Ball|p2a: Great Tusk\n|-damage|p2a: Great Tusk|74\/100\n|\n|upkeep\n|turn|15\n|\n|t:|1699793603\n|move|p1a: nohazardcontrol|U-turn|p2a: Great Tusk\n|-resisted|p2a: Great Tusk\n|-damage|p2a: Great Tusk|69\/100\n|\n|t:|1699793610\n|switch|p1a: I'm supportive|Cresselia, F, shiny|100\/100|[from] U-turn\n|move|p2a: Great Tusk|Rapid Spin|p1a: I'm supportive\n|-damage|p1a: I'm supportive|92\/100\n|-boost|p2a: Great Tusk|spe|1\n|-sideend|p2: Stall Sucks Bro\u271e|Stealth Rock|[from] move: Rapid Spin|[of] p2a: Great Tusk\n|\n|-heal|p1a: I'm supportive|98\/100|[from] item: Leftovers\n|upkeep\n|turn|16\n|\n|t:|1699793619\n|move|p2a: Great Tusk|Knock Off|p1a: I'm supportive\n|-supereffective|p1a: I'm supportive\n|-damage|p1a: I'm supportive|65\/100\n|-enditem|p1a: I'm supportive|Leftovers|[from] move: Knock Off|[of] p2a: Great Tusk\n|move|p1a: I'm supportive|Calm Mind|p1a: I'm supportive\n|-boost|p1a: I'm supportive|spa|1\n|-boost|p1a: I'm supportive|spd|1\n|\n|upkeep\n|turn|17\n|\n|t:|1699793623\n|-end|p2a: Great Tusk|Protosynthesis|[silent]\n|switch|p2a: Dragonite|Dragonite, F|100\/100\n|move|p1a: I'm supportive|Calm Mind|p1a: I'm supportive\n|-boost|p1a: I'm supportive|spa|1\n|-boost|p1a: I'm supportive|spd|1\n|\n|upkeep\n|turn|18\n|\n|t:|1699793652\n|move|p2a: Dragonite|Encore|p1a: I'm supportive\n|-start|p1a: I'm supportive|Encore\n|move|p1a: I'm supportive|Calm Mind|p1a: I'm supportive\n|-boost|p1a: I'm supportive|spa|1\n|-boost|p1a: I'm supportive|spd|1\n|\n|upkeep\n|turn|19\n|\n|t:|1699793656\n|switch|p1a: BetterthanGliscor|Garganacl, F|100\/100\n|move|p2a: Dragonite|Dragon Dance|p2a: Dragonite\n|-boost|p2a: Dragonite|atk|1\n|-boost|p2a: Dragonite|spe|1\n|\n|upkeep\n|turn|20\n|\n|t:|1699793664\n|switch|p2a: Clefable|Clefable, M|25\/100\n|-terastallize|p1a: BetterthanGliscor|Water\n|move|p1a: BetterthanGliscor|Iron Defense|p1a: BetterthanGliscor\n|-boost|p1a: BetterthanGliscor|def|2\n|\n|upkeep\n|turn|21\n|\n|t:|1699793676\n|switch|p1a: I'm supportive|Cresselia, F, shiny|65\/100\n|move|p2a: Clefable|Thunderbolt|p1a: I'm supportive\n|-damage|p1a: I'm supportive|39\/100\n|\n|upkeep\n|turn|22\n|\n|t:|1699793681\n|move|p1a: I'm supportive|Moonlight|p1a: I'm supportive\n|-heal|p1a: I'm supportive|89\/100\n|move|p2a: Clefable|Moonlight|p2a: Clefable\n|-heal|p2a: Clefable|75\/100\n|\n|upkeep\n|turn|23\n|\n|t:|1699793688\n|switch|p2a: Kingambit|Kingambit, M|100\/100\n|move|p1a: I'm supportive|Moonblast|p2a: Kingambit\n|-damage|p2a: Kingambit|85\/100\n|\n|-heal|p2a: Kingambit|91\/100|[from] item: Leftovers\n|upkeep\n|turn|24\n|\n|t:|1699793698\n|switch|p1a: im slo|Sneasler, F|95\/100\n|move|p2a: Kingambit|Iron Head|p1a: im slo\n|-damage|p1a: im slo|18\/100\n|\n|-heal|p2a: Kingambit|97\/100|[from] item: Leftovers\n|upkeep\n|turn|25\n|\n|t:|1699793711\n|-end|p2a: Kingambit|fallenundefined|[silent]\n|switch|p2a: Slowking|Slowking-Galar, M|69\/100\n|move|p1a: im slo|Close Combat|p2a: Slowking\n|-resisted|p2a: Slowking\n|-damage|p2a: Slowking|58\/100\n|-unboost|p1a: im slo|def|1\n|-unboost|p1a: im slo|spd|1\n|\n|upkeep\n|turn|26\n|inactive|maxedoutmanaphy4 has 120 seconds left.\n|inactive|maxedoutmanaphy4 has 90 seconds left.\n|inactive|maxedoutmanaphy4 has 60 seconds left.\n|inactive|maxedoutmanaphy4 has 30 seconds left.\n|\n|t:|1699793839\n|switch|p1a: I'm supportive|Cresselia, F, shiny|89\/100\n|move|p2a: Slowking|Sludge Bomb|p1a: I'm supportive\n|-damage|p1a: I'm supportive|67\/100\n|\n|upkeep\n|turn|27\n|inactive|maxedoutmanaphy4 has 30 seconds left.\n|\n|t:|1699793848\n|move|p1a: I'm supportive|Moonlight|p1a: I'm supportive\n|-heal|p1a: I'm supportive|100\/100\n|move|p2a: Slowking|Chilly Reception|p2a: Slowking\n|-weather|Snow\n|\n|t:|1699793850\n|switch|p2a: Kingambit|Kingambit, M|97\/100|[from] Chilly Reception\n|\n|-weather|Snow|[upkeep]\n|-heal|p2a: Kingambit|100\/100|[from] item: Leftovers\n|upkeep\n|turn|28\n|\n|t:|1699793855\n|switch|p1a: nohazardcontrol|Cinderace, F, shiny|62\/100\n|move|p2a: Kingambit|Kowtow Cleave|p1a: nohazardcontrol\n|-damage|p1a: nohazardcontrol|0 fnt\n|faint|p1a: nohazardcontrol\n|\n|-weather|Snow|[upkeep]\n|upkeep\n|\n|t:|1699793862\n|switch|p1a: im slo|Sneasler, F|18\/100\n|turn|29\n|\n|t:|1699793869\n|-end|p2a: Kingambit|fallenundefined|[silent]\n|switch|p2a: Slowking|Slowking-Galar, M|91\/100\n|move|p1a: im slo|Close Combat|p2a: Slowking\n|-resisted|p2a: Slowking\n|-damage|p2a: Slowking|79\/100\n|-unboost|p1a: im slo|def|1\n|-unboost|p1a: im slo|spd|1\n|\n|-weather|Snow|[upkeep]\n|upkeep\n|turn|30\n|\n|t:|1699793875\n|switch|p1a: I'm supportive|Cresselia, F, shiny|100\/100\n|move|p2a: Slowking|Sludge Bomb|p1a: I'm supportive\n|-damage|p1a: I'm supportive|77\/100\n|\n|-weather|Snow|[upkeep]\n|upkeep\n|turn|31\n|\n|t:|1699793880\n|switch|p1a: BetterthanGliscor|Garganacl, F, tera:Water|100\/100\n|move|p2a: Slowking|Future Sight|p1a: BetterthanGliscor\n|-start|p2a: Slowking|move: Future Sight\n|\n|-weather|none\n|upkeep\n|turn|32\n|\n|t:|1699793892\n|move|p1a: BetterthanGliscor|Body Press|p2a: Slowking\n|-resisted|p2a: Slowking\n|-damage|p2a: Slowking|74\/100\n|move|p2a: Slowking|Chilly Reception|p2a: Slowking\n|-weather|Snow\n|\n|t:|1699793896\n|switch|p2a: Zapdos|Zapdos|100\/100|[from] Chilly Reception\n|\n|-weather|Snow|[upkeep]\n|upkeep\n|turn|33\n|\n|t:|1699793902\n|switch|p1a: I'm supportive|Cresselia, F, shiny|77\/100\n|-terastallize|p2a: Zapdos|Electric\n|move|p2a: Zapdos|Volt Switch|p1a: I'm supportive\n|-damage|p1a: I'm supportive|47\/100\n|\n|t:|1699793907\n|switch|p2a: Kingambit|Kingambit, M|100\/100|[from] Volt Switch\n|\n|-weather|Snow|[upkeep]\n|-end|p1a: I'm supportive|move: Future Sight\n|-resisted|p1a: I'm supportive\n|-damage|p1a: I'm supportive|33\/100\n|upkeep\n|turn|34\n|inactive|maxedoutmanaphy4 has 90 seconds left.\n|\n|t:|1699793924\n|switch|p1a: BetterthanGliscor|Garganacl, F, tera:Water|100\/100\n|move|p2a: Kingambit|Kowtow Cleave|p1a: BetterthanGliscor\n|-damage|p1a: BetterthanGliscor|73\/100\n|\n|-weather|Snow|[upkeep]\n|-heal|p1a: BetterthanGliscor|79\/100|[from] item: Leftovers\n|upkeep\n|turn|35\n|\n|t:|1699793935\n|-end|p2a: Kingambit|fallenundefined|[silent]\n|switch|p2a: Slowking|Slowking-Galar, M|100\/100\n|move|p1a: BetterthanGliscor|Iron Defense|p1a: BetterthanGliscor\n|-boost|p1a: BetterthanGliscor|def|2\n|\n|-weather|Snow|[upkeep]\n|-heal|p1a: BetterthanGliscor|85\/100|[from] item: Leftovers\n|upkeep\n|turn|36\n|\n|t:|1699793939\n|move|p1a: BetterthanGliscor|Iron Defense|p1a: BetterthanGliscor\n|-boost|p1a: BetterthanGliscor|def|2\n|move|p2a: Slowking|Chilly Reception|p2a: Slowking\n|\n|t:|1699793941\n|switch|p2a: Zapdos|Zapdos, tera:Electric|100\/100|[from] Chilly Reception\n|\n|-weather|none\n|-heal|p1a: BetterthanGliscor|92\/100|[from] item: Leftovers\n|upkeep\n|turn|37\n|\n|t:|1699793949\n|switch|p1a: im slo|Sneasler, F|18\/100\n|move|p2a: Zapdos|Volt Switch|p1a: im slo\n|-damage|p1a: im slo|0 fnt\n|faint|p1a: im slo\n|\n|t:|1699793952\n|switch|p2a: Kingambit|Kingambit, M|100\/100|[from] Volt Switch\n|\n|upkeep\n|\n|t:|1699793955\n|switch|p1a: BetterthanGliscor|Garganacl, F, tera:Water|92\/100\n|turn|38\n|\n|t:|1699793967\n|-end|p2a: Kingambit|fallenundefined|[silent]\n|switch|p2a: Zapdos|Zapdos, tera:Electric|100\/100\n|move|p1a: BetterthanGliscor|Iron Defense|p1a: BetterthanGliscor\n|-boost|p1a: BetterthanGliscor|def|2\n|\n|-heal|p1a: BetterthanGliscor|98\/100|[from] item: Leftovers\n|upkeep\n|turn|39\n|\n|t:|1699793976\n|move|p2a: Zapdos|Thunderbolt|p1a: BetterthanGliscor\n|-supereffective|p1a: BetterthanGliscor\n|-damage|p1a: BetterthanGliscor|0 fnt\n|faint|p1a: BetterthanGliscor\n|\n|upkeep\n|c|\u2606maxedoutmanaphy4|ggs\n|\n|t:|1699793986\n|switch|p1a: I'm supportive|Cresselia, F, shiny|33\/100\n|turn|40\n|c|\u2606Stall Sucks Bro\u271e|gg\n|\n|t:|1699793989\n|move|p2a: Zapdos|Thunderbolt|p1a: I'm supportive\n|-damage|p1a: I'm supportive|0 fnt\n|faint|p1a: I'm supportive\n|\n|win|Stall Sucks Bro\u271e\n|n|\u2606maxedoutmanaphy4|maxedoutmanaphy4\n|n|\u2606Stall Sucks Bro\u271e|stallsucksbro\n|n| Weather_Agent67|weatheragent67\n|n| TheNewBrends11@!|thenewbrends11\n|n| foyersemeric|foyersemeric\n|l|\u2606maxedoutmanaphy4\n|l|\u2606Stall Sucks Bro\u271e\n|l| Weather_Agent67\n|l| foyersemeric\n","uploadtime":1699794546,"views":12,"p1id":"maxedoutmanaphy4","p2id":"stallsucksbro","formatid":"gen9ou","rating":0,"private":0,"password":""}