{"id":"gen9ou-1994511302","p1":"Poison Ivy Thorns","p2":"Skillager1","format":"[Gen 9] OU","log":"|j|\u2606Poison Ivy Thorns\n|j|\u2606Skillager1\n|t:|1700452669\n|gametype|singles\n|player|p1|Poison Ivy Thorns|ethan-gen2|1441\n|player|p2|Skillager1|266|1528\n|teamsize|p1|6\n|teamsize|p2|6\n|gen|9\n|tier|[Gen 9] OU\n|rated|\n|rule|Sleep Clause Mod: Limit one foe put to sleep\n|rule|Species Clause: Limit one of each Pok\u00e9mon\n|rule|OHKO Clause: OHKO moves are banned\n|rule|Evasion Items Clause: Evasion items are banned\n|rule|Evasion Moves Clause: Evasion moves are banned\n|rule|Endless Battle Clause: Forcing endless battles is banned\n|rule|HP Percentage Mod: HP is shown in percentages\n|clearpoke\n|poke|p1|Mew|\n|poke|p1|Enamorus, F|\n|poke|p1|Heatran, F|\n|poke|p1|Mandibuzz, F|\n|poke|p1|Dragapult, M|\n|poke|p1|Great Tusk|\n|poke|p2|Samurott-Hisui, M|\n|poke|p2|Iron Valiant|\n|poke|p2|Great Tusk|\n|poke|p2|Kingambit, F|\n|poke|p2|Gholdengo|\n|poke|p2|Iron Moth|\n|teampreview\n|inactive|Battle timer is ON: inactive players will automatically lose when time's up. (requested by Poison Ivy Thorns)\n|\n|t:|1700452676\n|start\n|switch|p1a: Mandibuzz|Mandibuzz, F|100\/100\n|switch|p2a: Samurott|Samurott-Hisui, M|100\/100\n|turn|1\n|\n|t:|1700452680\n|move|p2a: Samurott|Ceaseless Edge|p1a: Mandibuzz\n|-resisted|p1a: Mandibuzz\n|-damage|p1a: Mandibuzz|88\/100\n|-sidestart|p1: Poison Ivy Thorns|Spikes\n|move|p1a: Mandibuzz|Toxic|p2a: Samurott\n|-status|p2a: Samurott|tox\n|\n|-damage|p2a: Samurott|94\/100 tox|[from] psn\n|upkeep\n|turn|2\n|\n|t:|1700452683\n|move|p2a: Samurott|Encore|p1a: Mandibuzz\n|-start|p1a: Mandibuzz|Encore\n|move|p1a: Mandibuzz|Toxic|p2a: Samurott\n|-fail|p2a: Samurott|tox\n|\n|-damage|p2a: Samurott|82\/100 tox|[from] psn\n|upkeep\n|turn|3\n|\n|t:|1700452705\n|switch|p1a: Great Tusk|Great Tusk|100\/100\n|-damage|p1a: Great Tusk|88\/100|[from] Spikes\n|move|p2a: Samurott|Ceaseless Edge|p1a: Great Tusk\n|-resisted|p1a: Great Tusk\n|-damage|p1a: Great Tusk|72\/100\n|-sidestart|p1: Poison Ivy Thorns|Spikes\n|\n|-heal|p1a: Great Tusk|78\/100|[from] item: Leftovers\n|-damage|p2a: Samurott|63\/100 tox|[from] psn\n|upkeep\n|turn|4\n|\n|t:|1700452714\n|move|p1a: Great Tusk|Ice Spinner|p2a: Samurott\n|-resisted|p2a: Samurott\n|-damage|p2a: Samurott|45\/100 tox\n|move|p2a: Samurott|Razor Shell|p1a: Great Tusk\n|-supereffective|p1a: Great Tusk\n|-damage|p1a: Great Tusk|8\/100\n|-unboost|p1a: Great Tusk|def|1\n|\n|-heal|p1a: Great Tusk|14\/100|[from] item: Leftovers\n|-damage|p2a: Samurott|20\/100 tox|[from] psn\n|upkeep\n|turn|5\n|\n|t:|1700452719\n|move|p2a: Samurott|Sucker Punch|p1a: Great Tusk\n|-resisted|p1a: Great Tusk\n|-damage|p1a: Great Tusk|0 fnt\n|faint|p1a: Great Tusk\n|-end|p1a: Great Tusk|Protosynthesis|[silent]\n|\n|-damage|p2a: Samurott|0 fnt|[from] psn\n|faint|p2a: Samurott\n|upkeep\n|\n|t:|1700452738\n|switch|p1a: Mew|Mew|100\/100\n|switch|p2a: Iron Valiant|Iron Valiant|100\/100\n|-damage|p1a: Mew|84\/100|[from] Spikes\n|-enditem|p2a: Iron Valiant|Booster Energy\n|-activate|p2a: Iron Valiant|ability: Quark Drive|[fromitem]\n|-start|p2a: Iron Valiant|quarkdrivespe\n|turn|6\n|\n|t:|1700452757\n|move|p2a: Iron Valiant|Calm Mind|p2a: Iron Valiant\n|-boost|p2a: Iron Valiant|spa|1\n|-boost|p2a: Iron Valiant|spd|1\n|move|p1a: Mew|Psychic|p2a: Iron Valiant\n|-supereffective|p2a: Iron Valiant\n|-damage|p2a: Iron Valiant|0 fnt\n|faint|p2a: Iron Valiant\n|-end|p2a: Iron Valiant|Quark Drive|[silent]\n|\n|upkeep\n|\n|t:|1700452763\n|switch|p2a: Kingambit|Kingambit, F|100\/100\n|-activate|p2a: Kingambit|ability: Supreme Overlord\n|-start|p2a: Kingambit|fallen2|[silent]\n|turn|7\n|\n|t:|1700452767\n|switch|p1a: Mandibuzz|Mandibuzz, F|88\/100\n|move|p2a: Kingambit|Kowtow Cleave|p1a: Mandibuzz\n|-resisted|p1a: Mandibuzz\n|-damage|p1a: Mandibuzz|64\/100\n|\n|upkeep\n|turn|8\n|\n|t:|1700452770\n|-end|p2a: Kingambit|fallen2|[silent]\n|switch|p2a: Gholdengo|Gholdengo|100\/100\n|-item|p2a: Gholdengo|Air Balloon\n|move|p1a: Mandibuzz|Roost|p1a: Mandibuzz\n|-heal|p1a: Mandibuzz|100\/100\n|-singleturn|p1a: Mandibuzz|move: Roost\n|\n|upkeep\n|turn|9\n|\n|t:|1700452773\n|switch|p1a: Heatran|Heatran, F|100\/100\n|-damage|p1a: Heatran|84\/100|[from] Spikes\n|move|p2a: Gholdengo|Nasty Plot|p2a: Gholdengo\n|-boost|p2a: Gholdengo|spa|2\n|\n|-heal|p1a: Heatran|90\/100|[from] item: Leftovers\n|upkeep\n|turn|10\n|\n|t:|1700452781\n|-terastallize|p2a: Gholdengo|Flying\n|move|p2a: Gholdengo|Shadow Ball|p1a: Heatran\n|-damage|p1a: Heatran|36\/100\n|move|p1a: Heatran|Magma Storm|p2a: Gholdengo\n|-damage|p2a: Gholdengo|60\/100\n|-activate|p2a: Gholdengo|move: Magma Storm|[of] p1a: Heatran\n|-enditem|p2a: Gholdengo|Air Balloon\n|\n|-heal|p1a: Heatran|42\/100|[from] item: Leftovers\n|-damage|p2a: Gholdengo|47\/100|[from] move: Magma Storm|[partiallytrapped]\n|upkeep\n|turn|11\n|\n|t:|1700452787\n|move|p1a: Heatran|Protect|p1a: Heatran\n|-singleturn|p1a: Heatran|Protect\n|move|p2a: Gholdengo|Shadow Ball|p1a: Heatran\n|-activate|p1a: Heatran|move: Protect\n|\n|-heal|p1a: Heatran|49\/100|[from] item: Leftovers\n|-damage|p2a: Gholdengo|35\/100|[from] move: Magma Storm|[partiallytrapped]\n|upkeep\n|turn|12\n|\n|t:|1700452802\n|switch|p1a: Dragapult|Dragapult, M|100\/100\n|-damage|p1a: Dragapult|84\/100|[from] Spikes\n|move|p2a: Gholdengo|Make It Rain|p1a: Dragapult\n|-crit|p1a: Dragapult\n|-damage|p1a: Dragapult|0 fnt\n|-unboost|p2a: Gholdengo|spa|1\n|faint|p1a: Dragapult\n|\n|-end|p2a: Gholdengo|Magma Storm|[partiallytrapped]|[silent]\n|upkeep\n|\n|t:|1700452808\n|switch|p1a: Mew|Mew|84\/100\n|-damage|p1a: Mew|68\/100|[from] Spikes\n|turn|13\n|\n|t:|1700452820\n|move|p1a: Mew|Psychic|p2a: Gholdengo\n|-damage|p2a: Gholdengo|0 fnt\n|faint|p2a: Gholdengo\n|\n|upkeep\n|inactive|Skillager1 has 120 seconds left.\n|\n|t:|1700452852\n|switch|p2a: Iron Moth|Iron Moth|100\/100\n|-enditem|p2a: Iron Moth|Booster Energy\n|-activate|p2a: Iron Moth|ability: Quark Drive|[fromitem]\n|-start|p2a: Iron Moth|quarkdrivespa\n|turn|14\n|inactive|Skillager1 has 120 seconds left.\n|\n|t:|1700452868\n|move|p1a: Mew|Psychic|p2a: Iron Moth\n|-supereffective|p2a: Iron Moth\n|-damage|p2a: Iron Moth|0 fnt\n|faint|p2a: Iron Moth\n|-end|p2a: Iron Moth|Quark Drive|[silent]\n|\n|upkeep\n|\n|t:|1700452875\n|switch|p2a: Kingambit|Kingambit, F|100\/100\n|-activate|p2a: Kingambit|ability: Supreme Overlord\n|-start|p2a: Kingambit|fallen4|[silent]\n|turn|15\n|c|\u2606Poison Ivy Thorns|slow moth?\n|inactive|Skillager1 has 120 seconds left.\n|\n|t:|1700452884\n|switch|p1a: Mandibuzz|Mandibuzz, F|100\/100\n|move|p2a: Kingambit|Kowtow Cleave|p1a: Mandibuzz\n|-resisted|p1a: Mandibuzz\n|-damage|p1a: Mandibuzz|71\/100\n|\n|upkeep\n|turn|16\n|\n|t:|1700452889\n|-end|p2a: Kingambit|fallen4|[silent]\n|switch|p2a: Great Tusk|Great Tusk|100\/100\n|move|p1a: Mandibuzz|Foul Play|p2a: Great Tusk\n|-resisted|p2a: Great Tusk\n|-damage|p2a: Great Tusk|83\/100\n|\n|-heal|p2a: Great Tusk|89\/100|[from] item: Leftovers\n|upkeep\n|turn|17\n|\n|t:|1700452896\n|move|p2a: Great Tusk|Bulk Up|p2a: Great Tusk\n|-boost|p2a: Great Tusk|atk|1\n|-boost|p2a: Great Tusk|def|1\n|move|p1a: Mandibuzz|Roost|p1a: Mandibuzz\n|-heal|p1a: Mandibuzz|100\/100\n|-singleturn|p1a: Mandibuzz|move: Roost\n|\n|-heal|p2a: Great Tusk|96\/100|[from] item: Leftovers\n|upkeep\n|turn|18\n|\n|t:|1700452904\n|-end|p2a: Great Tusk|Protosynthesis|[silent]\n|switch|p2a: Kingambit|Kingambit, F|100\/100\n|-activate|p2a: Kingambit|ability: Supreme Overlord\n|-start|p2a: Kingambit|fallen4|[silent]\n|move|p1a: Mandibuzz|Toxic|p2a: Kingambit\n|-immune|p2a: Kingambit\n|\n|upkeep\n|turn|19\n|\n|t:|1700452907\n|move|p1a: Mandibuzz|Foul Play|p2a: Kingambit\n|-resisted|p2a: Kingambit\n|-damage|p2a: Kingambit|79\/100\n|move|p2a: Kingambit|Iron Head|p1a: Mandibuzz\n|-damage|p1a: Mandibuzz|47\/100\n|\n|upkeep\n|turn|20\n|\n|t:|1700452917\n|switch|p1a: Heatran|Heatran, F|49\/100\n|-damage|p1a: Heatran|32\/100|[from] Spikes\n|move|p2a: Kingambit|Iron Head|p1a: Heatran\n|-resisted|p1a: Heatran\n|-damage|p1a: Heatran|12\/100\n|\n|-heal|p1a: Heatran|18\/100|[from] item: Leftovers\n|upkeep\n|turn|21\n|\n|t:|1700452924\n|-end|p2a: Kingambit|fallen4|[silent]\n|switch|p2a: Great Tusk|Great Tusk|96\/100\n|move|p1a: Heatran|Taunt|p2a: Great Tusk\n|-start|p2a: Great Tusk|move: Taunt\n|\n|-heal|p2a: Great Tusk|100\/100|[from] item: Leftovers\n|-heal|p1a: Heatran|24\/100|[from] item: Leftovers\n|upkeep\n|turn|22\n|\n|t:|1700452932\n|move|p2a: Great Tusk|Close Combat|p1a: Heatran\n|-supereffective|p1a: Heatran\n|-crit|p1a: Heatran\n|-damage|p1a: Heatran|0 fnt\n|-unboost|p2a: Great Tusk|def|1\n|-unboost|p2a: Great Tusk|spd|1\n|faint|p1a: Heatran\n|\n|upkeep\n|\n|t:|1700452934\n|switch|p1a: Enamorus|Enamorus, F|100\/100\n|turn|23\n|\n|t:|1700452944\n|move|p1a: Enamorus|Moonblast|p2a: Great Tusk\n|-supereffective|p2a: Great Tusk\n|-crit|p2a: Great Tusk\n|-damage|p2a: Great Tusk|0 fnt\n|faint|p2a: Great Tusk\n|-end|p2a: Great Tusk|Protosynthesis|[silent]\n|\n|upkeep\n|\n|t:|1700452945\n|switch|p2a: Kingambit|Kingambit, F|79\/100\n|-activate|p2a: Kingambit|ability: Supreme Overlord\n|-start|p2a: Kingambit|fallen5|[silent]\n|turn|24\n|\n|t:|1700452947\n|move|p1a: Enamorus|Moonblast|p2a: Kingambit\n|-damage|p2a: Kingambit|29\/100\n|move|p2a: Kingambit|Iron Head|p1a: Enamorus\n|-supereffective|p1a: Enamorus\n|-damage|p1a: Enamorus|0 fnt\n|faint|p1a: Enamorus\n|\n|upkeep\n|\n|t:|1700452950\n|switch|p1a: Mew|Mew|68\/100\n|-damage|p1a: Mew|51\/100|[from] Spikes\n|turn|25\n|\n|t:|1700452953\n|-terastallize|p1a: Mew|Fighting\n|move|p1a: Mew|Aura Sphere|p2a: Kingambit\n|-supereffective|p2a: Kingambit\n|-damage|p2a: Kingambit|0 fnt\n|faint|p2a: Kingambit\n|-end|p2a: Kingambit|fallen5|[silent]\n|\n|win|Poison Ivy Thorns\n|raw|Poison Ivy Thorns's rating: 1441 &rarr; <strong>1466<\/strong><br \/>(+25 for winning)\n|raw|Skillager1's rating: 1528 &rarr; <strong>1503<\/strong><br \/>(-25 for losing)\n|c|\u2606Poison Ivy Thorns|gg\n|c|\u2606Skillager1|gg\n","uploadtime":1700452961,"views":17,"p1id":"poisonivythorns","p2id":"skillager1","formatid":"gen9ou","rating":1466,"private":0,"password":""}