{"id":"gen9ou-1995579904","p1":"DEANbluntbluntdean","p2":"LOUCASSKY","format":"[Gen 9] OU","log":"|j|\u2606DEANbluntbluntdean\n|j|\u2606LOUCASSKY\n|t:|1700584622\n|gametype|singles\n|player|p1|DEANbluntbluntdean|galacticgrunt|1468\n|player|p2|LOUCASSKY|roughneck|1393\n|teamsize|p1|6\n|teamsize|p2|6\n|gen|9\n|tier|[Gen 9] OU\n|rated|\n|rule|Sleep Clause Mod: Limit one foe put to sleep\n|rule|Species Clause: Limit one of each Pok\u00e9mon\n|rule|OHKO Clause: OHKO moves are banned\n|rule|Evasion Items Clause: Evasion items are banned\n|rule|Evasion Moves Clause: Evasion moves are banned\n|rule|Endless Battle Clause: Forcing endless battles is banned\n|rule|HP Percentage Mod: HP is shown in percentages\n|clearpoke\n|poke|p1|Volcanion|\n|poke|p1|Cinderace, F|\n|poke|p1|Gyarados, F|\n|poke|p1|Krookodile, M|\n|poke|p1|Moltres|\n|poke|p1|Goodra-Hisui, F|\n|poke|p2|Ting-Lu|\n|poke|p2|Enamorus, F|\n|poke|p2|Gholdengo|\n|poke|p2|Alomomola, F|\n|poke|p2|Cinderace, M|\n|poke|p2|Kingambit, M|\n|teampreview\n|\n|t:|1700584639\n|start\n|switch|p1a: Krookodile|Krookodile, M|100\/100\n|switch|p2a: Enamorus|Enamorus, F|100\/100\n|turn|1\n|\n|t:|1700584655\n|switch|p1a: SKYWALKER|Moltres, shiny|100\/100\n|move|p2a: Enamorus|Moonblast|p1a: SKYWALKER\n|-resisted|p1a: SKYWALKER\n|-damage|p1a: SKYWALKER|76\/100\n|\n|upkeep\n|turn|2\n|\n|t:|1700584663\n|switch|p2a: Alomomola|Alomomola, F|100\/100\n|move|p1a: SKYWALKER|U-turn|p2a: Alomomola\n|-damage|p2a: Alomomola|92\/100\n|-enditem|p2a: Alomomola|Red Card|[of] p1a: SKYWALKER\n|drag|p1a: Krookodile|Krookodile, M|100\/100\n|\n|upkeep\n|turn|3\n|\n|t:|1700584674\n|move|p1a: Krookodile|Stealth Rock|p2a: Alomomola\n|-sidestart|p2: LOUCASSKY|move: Stealth Rock\n|move|p2a: Alomomola|Flip Turn|p1a: Krookodile\n|-supereffective|p1a: Krookodile\n|-damage|p1a: Krookodile|61\/100\n|\n|t:|1700584685\n|switch|p2a: Enamorus|Enamorus, F|100\/100|[from] Flip Turn\n|-damage|p2a: Enamorus|76\/100|[from] Stealth Rock\n|\n|upkeep\n|turn|4\n|\n|t:|1700584692\n|switch|p1a: Goodra|Goodra-Hisui, F|100\/100\n|move|p2a: Enamorus|Moonblast|p1a: Goodra\n|-damage|p1a: Goodra|68\/100\n|-unboost|p1a: Goodra|spa|1\n|\n|upkeep\n|turn|5\n|inactive|Battle timer is ON: inactive players will automatically lose when time's up. (requested by DEANbluntbluntdean)\n|\n|t:|1700584726\n|switch|p2a: Ting-Lu|Ting-Lu|100\/100\n|-damage|p2a: Ting-Lu|94\/100|[from] Stealth Rock\n|-ability|p2a: Ting-Lu|Vessel of Ruin\n|move|p1a: Goodra|Flamethrower|p2a: Ting-Lu\n|-damage|p2a: Ting-Lu|82\/100\n|\n|-heal|p2a: Ting-Lu|88\/100|[from] item: Leftovers\n|upkeep\n|turn|6\n|\n|t:|1700584736\n|switch|p1a: Volcanion|Volcanion|100\/100\n|move|p2a: Ting-Lu|Ruination|p1a: Volcanion\n|-damage|p1a: Volcanion|51\/100\n|\n|-heal|p2a: Ting-Lu|94\/100|[from] item: Leftovers\n|upkeep\n|turn|7\n|\n|t:|1700584745\n|switch|p1a: SKYWALKER|Moltres, shiny|76\/100\n|switch|p2a: Alomomola|Alomomola, F|100\/100\n|-damage|p2a: Alomomola|88\/100|[from] Stealth Rock\n|\n|upkeep\n|turn|8\n|\n|t:|1700584751\n|move|p1a: SKYWALKER|Will-O-Wisp|p2a: Alomomola\n|-status|p2a: Alomomola|brn\n|move|p2a: Alomomola|Flip Turn|p1a: SKYWALKER\n|-supereffective|p1a: SKYWALKER\n|-damage|p1a: SKYWALKER|64\/100\n|\n|t:|1700584758\n|switch|p2a: Cinderace|Cinderace, M|100\/100|[from] Flip Turn\n|\n|upkeep\n|turn|9\n|\n|t:|1700584766\n|switch|p1a: Volcanion|Volcanion|51\/100\n|move|p2a: Cinderace|Court Change|p2a: Cinderace\n|-swapsideconditions\n|-activate|p2a: Cinderace|move: Court Change\n|\n|upkeep\n|turn|10\n|\n|t:|1700584771\n|move|p2a: Cinderace|U-turn|p1a: Volcanion\n|-resisted|p1a: Volcanion\n|-damage|p1a: Volcanion|43\/100\n|\n|t:|1700584780\n|switch|p2a: Alomomola|Alomomola, F|100\/100 brn|[from] U-turn\n|move|p1a: Volcanion|Substitute|p1a: Volcanion\n|-start|p1a: Volcanion|Substitute\n|-damage|p1a: Volcanion|18\/100\n|\n|-damage|p2a: Alomomola|94\/100 brn|[from] brn\n|upkeep\n|turn|11\n|\n|t:|1700584789\n|move|p1a: Volcanion|Steam Eruption|p2a: Alomomola\n|-resisted|p2a: Alomomola\n|-damage|p2a: Alomomola|67\/100 brn\n|move|p2a: Alomomola|Acrobatics|p1a: Volcanion\n|-activate|p1a: Volcanion|move: Substitute|[damage]\n|\n|-damage|p2a: Alomomola|61\/100 brn|[from] brn\n|upkeep\n|turn|12\n|\n|t:|1700584800\n|move|p1a: Volcanion|Steam Eruption|p2a: Alomomola\n|-resisted|p2a: Alomomola\n|-damage|p2a: Alomomola|25\/100 brn\n|move|p2a: Alomomola|Wish|p2a: Alomomola\n|\n|-damage|p2a: Alomomola|19\/100 brn|[from] brn\n|upkeep\n|turn|13\n|\n|t:|1700584807\n|move|p2a: Alomomola|Protect|p2a: Alomomola\n|-singleturn|p2a: Alomomola|Protect\n|move|p1a: Volcanion|Steam Eruption|p2a: Alomomola\n|-activate|p2a: Alomomola|move: Protect\n|\n|-heal|p2a: Alomomola|69\/100 brn|[from] move: Wish|[wisher] Alomomola\n|-damage|p2a: Alomomola|63\/100 brn|[from] brn\n|upkeep\n|turn|14\n|\n|t:|1700584817\n|move|p1a: Volcanion|Steam Eruption|p2a: Alomomola\n|-resisted|p2a: Alomomola\n|-damage|p2a: Alomomola|35\/100 brn\n|move|p2a: Alomomola|Wish|p2a: Alomomola\n|\n|-damage|p2a: Alomomola|28\/100 brn|[from] brn\n|upkeep\n|turn|15\n|\n|t:|1700584824\n|move|p2a: Alomomola|Protect|p2a: Alomomola\n|-singleturn|p2a: Alomomola|Protect\n|move|p1a: Volcanion|Flamethrower|p2a: Alomomola\n|-activate|p2a: Alomomola|move: Protect\n|\n|-heal|p2a: Alomomola|78\/100 brn|[from] move: Wish|[wisher] Alomomola\n|-damage|p2a: Alomomola|72\/100 brn|[from] brn\n|upkeep\n|turn|16\n|\n|t:|1700584833\n|move|p1a: Volcanion|Sludge Bomb|p2a: Alomomola\n|-crit|p2a: Alomomola\n|-damage|p2a: Alomomola|23\/100 brn\n|move|p2a: Alomomola|Flip Turn|p1a: Volcanion\n|-heal|p1a: Volcanion|43\/100|[from] ability: Water Absorb|[of] p2a: Alomomola\n|\n|-damage|p2a: Alomomola|17\/100 brn|[from] brn\n|upkeep\n|turn|17\n|inactive|LOUCASSKY has 120 seconds left.\n|\n|t:|1700584869\n|switch|p2a: Cinderace|Cinderace, M|100\/100\n|move|p1a: Volcanion|Sludge Bomb|p2a: Cinderace\n|-damage|p2a: Cinderace|50\/100\n|\n|upkeep\n|turn|18\n|inactive|LOUCASSKY has 120 seconds left.\n|\n|t:|1700584878\n|move|p2a: Cinderace|U-turn|p1a: Volcanion\n|-resisted|p1a: Volcanion\n|-activate|p1a: Volcanion|move: Substitute|[damage]\n|inactive|LOUCASSKY has 120 seconds left.\n|\n|t:|1700584910\n|switch|p2a: Ting-Lu|Ting-Lu|94\/100|[from] U-turn\n|-ability|p2a: Ting-Lu|Vessel of Ruin\n|move|p1a: Volcanion|Flamethrower|p2a: Ting-Lu\n|-damage|p2a: Ting-Lu|72\/100\n|\n|-heal|p2a: Ting-Lu|78\/100|[from] item: Leftovers\n|upkeep\n|turn|19\n|inactive|LOUCASSKY has 90 seconds left.\n|\n|t:|1700584927\n|-terastallize|p2a: Ting-Lu|Water\n|move|p1a: Volcanion|Steam Eruption|p2a: Ting-Lu\n|-resisted|p2a: Ting-Lu\n|-damage|p2a: Ting-Lu|65\/100\n|move|p2a: Ting-Lu|Earthquake|p1a: Volcanion\n|-supereffective|p1a: Volcanion\n|-end|p1a: Volcanion|Substitute\n|\n|-heal|p2a: Ting-Lu|71\/100|[from] item: Leftovers\n|upkeep\n|turn|20\n|\n|t:|1700584936\n|switch|p1a: SKYWALKER|Moltres, shiny|64\/100\n|move|p2a: Ting-Lu|Earthquake|p1a: SKYWALKER\n|-immune|p1a: SKYWALKER\n|\n|-heal|p2a: Ting-Lu|77\/100|[from] item: Leftovers\n|upkeep\n|turn|21\n|\n|t:|1700584943\n|switch|p2a: Alomomola|Alomomola, F|50\/100 brn\n|move|p1a: SKYWALKER|U-turn|p2a: Alomomola\n|-damage|p2a: Alomomola|41\/100 brn\n|\n|t:|1700584950\n|switch|p1a: Goodra|Goodra-Hisui, F|68\/100|[from] U-turn\n|-damage|p1a: Goodra|61\/100|[from] Stealth Rock\n|\n|-damage|p2a: Alomomola|35\/100 brn|[from] brn\n|upkeep\n|turn|22\n|\n|t:|1700584959\n|move|p2a: Alomomola|Protect|p2a: Alomomola\n|-singleturn|p2a: Alomomola|Protect\n|move|p1a: Goodra|Draco Meteor|p2a: Alomomola\n|-activate|p2a: Alomomola|move: Protect\n|\n|-damage|p2a: Alomomola|29\/100 brn|[from] brn\n|upkeep\n|turn|23\n|\n|t:|1700584986\n|switch|p1a: Cinderace|Cinderace, F|100\/100\n|switch|p2a: Enamorus|Enamorus, F|76\/100\n|\n|upkeep\n|turn|24\n|\n|t:|1700584998\n|switch|p1a: SKYWALKER|Moltres, shiny|64\/100\n|move|p2a: Enamorus|Moonblast|p1a: SKYWALKER\n|-resisted|p1a: SKYWALKER\n|-damage|p1a: SKYWALKER|38\/100\n|\n|upkeep\n|turn|25\n|\n|t:|1700585004\n|move|p2a: Enamorus|Moonblast|p1a: SKYWALKER\n|-resisted|p1a: SKYWALKER\n|-damage|p1a: SKYWALKER|15\/100\n|move|p1a: SKYWALKER|Roost|p1a: SKYWALKER\n|-heal|p1a: SKYWALKER|65\/100\n|-singleturn|p1a: SKYWALKER|move: Roost\n|\n|upkeep\n|turn|26\n|\n|t:|1700585011\n|move|p2a: Enamorus|Moonblast|p1a: SKYWALKER\n|-resisted|p1a: SKYWALKER\n|-damage|p1a: SKYWALKER|42\/100\n|move|p1a: SKYWALKER|U-turn|p2a: Enamorus\n|-resisted|p2a: Enamorus\n|-damage|p2a: Enamorus|70\/100\n|\n|t:|1700585019\n|switch|p1a: Goodra|Goodra-Hisui, F|61\/100|[from] U-turn\n|-damage|p1a: Goodra|55\/100|[from] Stealth Rock\n|\n|upkeep\n|turn|27\n|\n|t:|1700585029\n|switch|p2a: Ting-Lu|Ting-Lu, tera:Water|77\/100\n|-ability|p2a: Ting-Lu|Vessel of Ruin\n|move|p1a: Goodra|Thunderbolt|p2a: Ting-Lu\n|-supereffective|p2a: Ting-Lu\n|-damage|p2a: Ting-Lu|37\/100\n|\n|-heal|p2a: Ting-Lu|43\/100|[from] item: Leftovers\n|upkeep\n|turn|28\n|\n|t:|1700585046\n|switch|p1a: SKYWALKER|Moltres, shiny|42\/100\n|switch|p2a: Alomomola|Alomomola, F|62\/100 brn\n|\n|-damage|p2a: Alomomola|56\/100 brn|[from] brn\n|upkeep\n|turn|29\n|\n|t:|1700585054\n|move|p1a: SKYWALKER|Roost|p1a: SKYWALKER\n|-heal|p1a: SKYWALKER|92\/100\n|-singleturn|p1a: SKYWALKER|move: Roost\n|move|p2a: Alomomola|Wish|p2a: Alomomola\n|\n|-damage|p2a: Alomomola|50\/100 brn|[from] brn\n|upkeep\n|turn|30\n|\n|t:|1700585061\n|move|p2a: Alomomola|Protect|p2a: Alomomola\n|-singleturn|p2a: Alomomola|Protect\n|move|p1a: SKYWALKER|U-turn|p2a: Alomomola\n|-activate|p2a: Alomomola|move: Protect\n|\n|-heal|p2a: Alomomola|99\/100 brn|[from] move: Wish|[wisher] Alomomola\n|-damage|p2a: Alomomola|94\/100 brn|[from] brn\n|upkeep\n|turn|31\n|inactive|LOUCASSKY has 120 seconds left.\n|\n|t:|1700585068\n|move|p1a: SKYWALKER|U-turn|p2a: Alomomola\n|-damage|p2a: Alomomola|85\/100 brn\n|\n|t:|1700585074\n|switch|p1a: Gyarados|Gyarados, F|100\/100|[from] U-turn\n|move|p2a: Alomomola|Wish|p2a: Alomomola\n|\n|-damage|p2a: Alomomola|79\/100 brn|[from] brn\n|upkeep\n|turn|32\n|\n|t:|1700585088\n|switch|p2a: Ting-Lu|Ting-Lu, tera:Water|43\/100\n|-ability|p2a: Ting-Lu|Vessel of Ruin\n|move|p1a: Gyarados|Dragon Dance|p1a: Gyarados\n|-boost|p1a: Gyarados|atk|1\n|-boost|p1a: Gyarados|spe|1\n|\n|-heal|p2a: Ting-Lu|89\/100|[from] move: Wish|[wisher] Alomomola\n|-heal|p2a: Ting-Lu|96\/100|[from] item: Leftovers\n|upkeep\n|turn|33\n|\n|t:|1700585098\n|move|p1a: Gyarados|Earthquake|p2a: Ting-Lu\n|-damage|p2a: Ting-Lu|67\/100\n|move|p2a: Ting-Lu|Whirlwind|p1a: Gyarados\n|drag|p1a: Goodra|Goodra-Hisui, F|55\/100\n|-damage|p1a: Goodra|49\/100|[from] Stealth Rock\n|\n|-heal|p2a: Ting-Lu|73\/100|[from] item: Leftovers\n|upkeep\n|turn|34\n|\n|t:|1700585107\n|move|p1a: Goodra|Draco Meteor|p2a: Ting-Lu\n|-damage|p2a: Ting-Lu|31\/100\n|-unboost|p1a: Goodra|spa|2\n|move|p2a: Ting-Lu|Ruination|p1a: Goodra|[miss]\n|-miss|p2a: Ting-Lu|p1a: Goodra\n|\n|-heal|p2a: Ting-Lu|37\/100|[from] item: Leftovers\n|upkeep\n|turn|35\n|\n|t:|1700585116\n|switch|p1a: SKYWALKER|Moltres, shiny|92\/100\n|move|p2a: Ting-Lu|Ruination|p1a: SKYWALKER\n|-damage|p1a: SKYWALKER|46\/100\n|\n|-heal|p2a: Ting-Lu|43\/100|[from] item: Leftovers\n|upkeep\n|turn|36\n|\n|t:|1700585125\n|switch|p2a: Alomomola|Alomomola, F|100\/100 brn\n|move|p1a: SKYWALKER|Roost|p1a: SKYWALKER\n|-heal|p1a: SKYWALKER|96\/100\n|-singleturn|p1a: SKYWALKER|move: Roost\n|\n|-damage|p2a: Alomomola|94\/100 brn|[from] brn\n|upkeep\n|turn|37\n|\n|t:|1700585134\n|move|p1a: SKYWALKER|U-turn|p2a: Alomomola\n|-damage|p2a: Alomomola|85\/100 brn\n|\n|t:|1700585139\n|switch|p1a: Cinderace|Cinderace, F|100\/100|[from] U-turn\n|move|p2a: Alomomola|Wish|p2a: Alomomola\n|\n|-damage|p2a: Alomomola|79\/100 brn|[from] brn\n|upkeep\n|turn|38\n|\n|t:|1700585151\n|switch|p2a: Ting-Lu|Ting-Lu, tera:Water|43\/100\n|-ability|p2a: Ting-Lu|Vessel of Ruin\n|move|p1a: Cinderace|Court Change|p1a: Cinderace\n|-start|p1a: Cinderace|typechange|Normal|[from] ability: Libero\n|-swapsideconditions\n|-activate|p1a: Cinderace|move: Court Change\n|\n|-heal|p2a: Ting-Lu|89\/100|[from] move: Wish|[wisher] Alomomola\n|-heal|p2a: Ting-Lu|95\/100|[from] item: Leftovers\n|upkeep\n|turn|39\n|\n|t:|1700585172\n|move|p1a: Cinderace|Court Change|p1a: Cinderace\n|-swapsideconditions\n|-activate|p1a: Cinderace|move: Court Change\n|move|p2a: Ting-Lu|Ruination|p1a: Cinderace\n|-damage|p1a: Cinderace|51\/100\n|\n|-heal|p2a: Ting-Lu|100\/100|[from] item: Leftovers\n|upkeep\n|turn|40\n|\n|t:|1700585197\n|switch|p2a: Enamorus|Enamorus, F|70\/100\n|move|p1a: Cinderace|Court Change|p1a: Cinderace\n|-swapsideconditions\n|-activate|p1a: Cinderace|move: Court Change\n|\n|upkeep\n|turn|41\n|\n|t:|1700585205\n|switch|p1a: SKYWALKER|Moltres, shiny|96\/100\n|move|p2a: Enamorus|Mystical Fire|p1a: SKYWALKER\n|-resisted|p1a: SKYWALKER\n|-damage|p1a: SKYWALKER|84\/100\n|-unboost|p1a: SKYWALKER|spa|1\n|\n|upkeep\n|turn|42\n|inactive|LOUCASSKY has 120 seconds left.\n|\n|t:|1700585229\n|switch|p2a: Cinderace|Cinderace, M|50\/100\n|move|p1a: SKYWALKER|U-turn|p2a: Cinderace\n|-resisted|p2a: Cinderace\n|-damage|p2a: Cinderace|41\/100\n|\n|t:|1700585258\n|switch|p1a: Krookodile|Krookodile, M|61\/100|[from] U-turn\n|\n|upkeep\n|turn|43\n|\n|t:|1700585265\n|move|p1a: Krookodile|Knock Off|p2a: Cinderace\n|-damage|p2a: Cinderace|0 fnt\n|-enditem|p2a: Cinderace|Heavy-Duty Boots|[from] move: Knock Off|[of] p1a: Krookodile\n|faint|p2a: Cinderace\n|-ability|p1a: Krookodile|Moxie|boost\n|-boost|p1a: Krookodile|atk|1\n|\n|upkeep\n|inactive|LOUCASSKY has 120 seconds left.\n|inactive|LOUCASSKY has 90 seconds left.\n|\n|t:|1700585320\n|switch|p2a: Alomomola|Alomomola, F|100\/100 brn\n|-damage|p2a: Alomomola|88\/100 brn|[from] Stealth Rock\n|turn|44\n|\n|t:|1700585326\n|switch|p1a: Volcanion|Volcanion|43\/100\n|move|p2a: Alomomola|Wish|p2a: Alomomola\n|\n|-damage|p2a: Alomomola|82\/100 brn|[from] brn\n|upkeep\n|turn|45\n|inactive|LOUCASSKY has 90 seconds left.\n|\n|t:|1700585352\n|switch|p2a: Ting-Lu|Ting-Lu, tera:Water|100\/100\n|-damage|p2a: Ting-Lu|88\/100|[from] Stealth Rock\n|-ability|p2a: Ting-Lu|Vessel of Ruin\n|move|p1a: Volcanion|Substitute|p1a: Volcanion\n|-start|p1a: Volcanion|Substitute\n|-damage|p1a: Volcanion|18\/100\n|\n|-heal|p2a: Ting-Lu|100\/100|[from] move: Wish|[wisher] Alomomola\n|upkeep\n|turn|46\n|\n|t:|1700585370\n|move|p1a: Volcanion|Sludge Bomb|p2a: Ting-Lu\n|-damage|p2a: Ting-Lu|86\/100\n|move|p2a: Ting-Lu|Earthquake|p1a: Volcanion\n|-supereffective|p1a: Volcanion\n|-end|p1a: Volcanion|Substitute\n|\n|-heal|p2a: Ting-Lu|93\/100|[from] item: Leftovers\n|upkeep\n|turn|47\n|\n|t:|1700585378\n|switch|p1a: SKYWALKER|Moltres, shiny|84\/100\n|move|p2a: Ting-Lu|Stealth Rock|p1a: SKYWALKER\n|-sidestart|p1: DEANbluntbluntdean|move: Stealth Rock\n|\n|-heal|p2a: Ting-Lu|99\/100|[from] item: Leftovers\n|upkeep\n|turn|48\n|\n|t:|1700585385\n|move|p1a: SKYWALKER|Will-O-Wisp|p2a: Ting-Lu\n|-status|p2a: Ting-Lu|brn\n|move|p2a: Ting-Lu|Ruination|p1a: SKYWALKER|[miss]\n|-miss|p2a: Ting-Lu|p1a: SKYWALKER\n|\n|-heal|p2a: Ting-Lu|100\/100 brn|[from] item: Leftovers\n|-damage|p2a: Ting-Lu|94\/100 brn|[from] brn\n|upkeep\n|turn|49\n|inactive|LOUCASSKY has 90 seconds left.\n|\n|t:|1700585394\n|move|p1a: SKYWALKER|U-turn|p2a: Ting-Lu\n|-damage|p2a: Ting-Lu|86\/100 brn\n|\n|t:|1700585400\n|switch|p1a: Goodra|Goodra-Hisui, F|49\/100|[from] U-turn\n|-damage|p1a: Goodra|43\/100|[from] Stealth Rock\n|move|p2a: Ting-Lu|Ruination|p1a: Goodra\n|-damage|p1a: Goodra|22\/100\n|\n|-heal|p2a: Ting-Lu|92\/100 brn|[from] item: Leftovers\n|-damage|p2a: Ting-Lu|86\/100 brn|[from] brn\n|upkeep\n|turn|50\n|inactive|LOUCASSKY has 90 seconds left.\n|\n|t:|1700585416\n|move|p1a: Goodra|Thunderbolt|p2a: Ting-Lu\n|-supereffective|p2a: Ting-Lu\n|-damage|p2a: Ting-Lu|50\/100 brn\n|move|p2a: Ting-Lu|Earthquake|p1a: Goodra\n|-supereffective|p1a: Goodra\n|-damage|p1a: Goodra|0 fnt\n|faint|p1a: Goodra\n|\n|-heal|p2a: Ting-Lu|56\/100 brn|[from] item: Leftovers\n|-damage|p2a: Ting-Lu|50\/100 brn|[from] brn\n|upkeep\n|\n|t:|1700585442\n|switch|p1a: Krookodile|Krookodile, M|61\/100\n|-damage|p1a: Krookodile|55\/100|[from] Stealth Rock\n|turn|51\n|\n|t:|1700585449\n|switch|p2a: Alomomola|Alomomola, F|100\/100 brn\n|-damage|p2a: Alomomola|88\/100 brn|[from] Stealth Rock\n|move|p1a: Krookodile|Earthquake|p2a: Alomomola\n|-damage|p2a: Alomomola|58\/100 brn\n|\n|-damage|p2a: Alomomola|52\/100 brn|[from] brn\n|upkeep\n|turn|52\n|\n|t:|1700585456\n|move|p1a: Krookodile|Earthquake|p2a: Alomomola\n|-damage|p2a: Alomomola|21\/100 brn\n|move|p2a: Alomomola|Wish|p2a: Alomomola\n|\n|-damage|p2a: Alomomola|15\/100 brn|[from] brn\n|upkeep\n|turn|53\n|\n|t:|1700585465\n|switch|p2a: Enamorus|Enamorus, F|70\/100\n|-damage|p2a: Enamorus|45\/100|[from] Stealth Rock\n|move|p1a: Krookodile|Earthquake|p2a: Enamorus\n|-immune|p2a: Enamorus\n|\n|-heal|p2a: Enamorus|100\/100|[from] move: Wish|[wisher] Alomomola\n|upkeep\n|turn|54\n|\n|t:|1700585480\n|switch|p1a: SKYWALKER|Moltres, shiny|84\/100\n|move|p2a: Enamorus|Moonblast|p1a: SKYWALKER\n|-resisted|p1a: SKYWALKER\n|-damage|p1a: SKYWALKER|61\/100\n|\n|upkeep\n|turn|55\n|inactive|DEANbluntbluntdean has 120 seconds left.\n|\n|t:|1700585512\n|switch|p2a: Alomomola|Alomomola, F|48\/100 brn\n|-damage|p2a: Alomomola|36\/100 brn|[from] Stealth Rock\n|move|p1a: SKYWALKER|U-turn|p2a: Alomomola\n|-damage|p2a: Alomomola|27\/100 brn\n|\n|t:|1700585516\n|switch|p1a: Krookodile|Krookodile, M|55\/100|[from] U-turn\n|-damage|p1a: Krookodile|49\/100|[from] Stealth Rock\n|\n|-damage|p2a: Alomomola|21\/100 brn|[from] brn\n|upkeep\n|turn|56\n|inactive|LOUCASSKY has 120 seconds left.\n|\n|t:|1700585529\n|switch|p2a: Ting-Lu|Ting-Lu, tera:Water|50\/100 brn\n|-damage|p2a: Ting-Lu|37\/100 brn|[from] Stealth Rock\n|-ability|p2a: Ting-Lu|Vessel of Ruin\n|move|p1a: Krookodile|Gunk Shot|p2a: Ting-Lu\n|-damage|p2a: Ting-Lu|16\/100 brn\n|\n|-heal|p2a: Ting-Lu|23\/100 brn|[from] item: Leftovers\n|-damage|p2a: Ting-Lu|16\/100 brn|[from] brn\n|upkeep\n|turn|57\n|inactive|LOUCASSKY has 120 seconds left.\n|\n|t:|1700585543\n|switch|p1a: SKYWALKER|Moltres, shiny|61\/100\n|switch|p2a: Gholdengo|Gholdengo|100\/100\n|-damage|p2a: Gholdengo|94\/100|[from] Stealth Rock\n|\n|upkeep\n|turn|58\n|inactive|LOUCASSKY has 120 seconds left.\n|\n|t:|1700585558\n|switch|p2a: Alomomola|Alomomola, F|54\/100 brn\n|-damage|p2a: Alomomola|41\/100 brn|[from] Stealth Rock\n|move|p1a: SKYWALKER|Roost|p1a: SKYWALKER\n|-heal|p1a: SKYWALKER|100\/100\n|-singleturn|p1a: SKYWALKER|move: Roost\n|\n|-damage|p2a: Alomomola|35\/100 brn|[from] brn\n|upkeep\n|turn|59\n|inactive|LOUCASSKY has 120 seconds left.\n|\n|t:|1700585566\n|move|p1a: SKYWALKER|U-turn|p2a: Alomomola\n|-damage|p2a: Alomomola|27\/100 brn\n|\n|t:|1700585570\n|switch|p1a: Gyarados|Gyarados, F|100\/100|[from] U-turn\n|move|p2a: Alomomola|Wish|p2a: Alomomola\n|\n|-damage|p2a: Alomomola|21\/100 brn|[from] brn\n|upkeep\n|turn|60\n|\n|t:|1700585579\n|move|p2a: Alomomola|Protect|p2a: Alomomola\n|-singleturn|p2a: Alomomola|Protect\n|move|p1a: Gyarados|Dragon Dance|p1a: Gyarados\n|-boost|p1a: Gyarados|atk|1\n|-boost|p1a: Gyarados|spe|1\n|\n|-heal|p2a: Alomomola|71\/100 brn|[from] move: Wish|[wisher] Alomomola\n|-damage|p2a: Alomomola|64\/100 brn|[from] brn\n|upkeep\n|turn|61\n|\n|t:|1700585588\n|move|p1a: Gyarados|Dragon Dance|p1a: Gyarados\n|-boost|p1a: Gyarados|atk|1\n|-boost|p1a: Gyarados|spe|1\n|move|p2a: Alomomola|Wish|p2a: Alomomola\n|\n|-damage|p2a: Alomomola|58\/100 brn|[from] brn\n|upkeep\n|turn|62\n|\n|t:|1700585595\n|move|p1a: Gyarados|Dragon Dance|p1a: Gyarados\n|-boost|p1a: Gyarados|atk|1\n|-boost|p1a: Gyarados|spe|1\n|move|p2a: Alomomola|Flip Turn|p1a: Gyarados\n|-resisted|p1a: Gyarados\n|-damage|p1a: Gyarados|96\/100\n|\n|t:|1700585603\n|switch|p2a: Ting-Lu|Ting-Lu, tera:Water|16\/100 brn|[from] Flip Turn\n|-damage|p2a: Ting-Lu|4\/100 brn|[from] Stealth Rock\n|-ability|p2a: Ting-Lu|Vessel of Ruin\n|\n|-heal|p2a: Ting-Lu|50\/100 brn|[from] move: Wish|[wisher] Alomomola\n|-heal|p2a: Ting-Lu|56\/100 brn|[from] item: Leftovers\n|-damage|p2a: Ting-Lu|50\/100 brn|[from] brn\n|upkeep\n|turn|63\n|\n|t:|1700585614\n|-terastallize|p1a: Gyarados|Ground\n|move|p1a: Gyarados|Earthquake|p2a: Ting-Lu\n|-damage|p2a: Ting-Lu|0 fnt\n|faint|p2a: Ting-Lu\n|-ability|p1a: Gyarados|Moxie|boost\n|-boost|p1a: Gyarados|atk|1\n|\n|upkeep\n|\n|t:|1700585631\n|switch|p2a: Enamorus|Enamorus, F|100\/100\n|-damage|p2a: Enamorus|76\/100|[from] Stealth Rock\n|turn|64\n|\n|t:|1700585635\n|move|p1a: Gyarados|Waterfall|p2a: Enamorus\n|-damage|p2a: Enamorus|0 fnt\n|faint|p2a: Enamorus\n|-ability|p1a: Gyarados|Moxie|boost\n|-boost|p1a: Gyarados|atk|1\n|\n|upkeep\n|inactive|LOUCASSKY has 120 seconds left.\n|\n|t:|1700585665\n|switch|p2a: Alomomola|Alomomola, F|92\/100 brn\n|-damage|p2a: Alomomola|79\/100 brn|[from] Stealth Rock\n|turn|65\n|inactive|LOUCASSKY has 120 seconds left.\n|\n|t:|1700585678\n|move|p1a: Gyarados|Earthquake|p2a: Alomomola\n|-damage|p2a: Alomomola|0 fnt\n|faint|p2a: Alomomola\n|-ability|p1a: Gyarados|Moxie|boost\n|-boost|p1a: Gyarados|atk|1\n|\n|upkeep\n|inactive|LOUCASSKY has 120 seconds left.\n|\n|t:|1700585683\n|switch|p2a: Kingambit|Kingambit, M|100\/100\n|-damage|p2a: Kingambit|94\/100|[from] Stealth Rock\n|-activate|p2a: Kingambit|ability: Supreme Overlord\n|-start|p2a: Kingambit|fallen4|[silent]\n|turn|66\n|\n|t:|1700585690\n|move|p2a: Kingambit|Sucker Punch|p1a: Gyarados\n|-damage|p1a: Gyarados|17\/100\n|move|p1a: Gyarados|Earthquake|p2a: Kingambit\n|-supereffective|p2a: Kingambit\n|-damage|p2a: Kingambit|0 fnt\n|faint|p2a: Kingambit\n|-end|p2a: Kingambit|fallen4|[silent]\n|\n|upkeep\n|-message|LOUCASSKY forfeited.\n|\n|win|DEANbluntbluntdean\n|raw|DEANbluntbluntdean's rating: 1468 &rarr; <strong>1484<\/strong><br \/>(+16 for winning)\n|raw|LOUCASSKY's rating: 1393 &rarr; <strong>1377<\/strong><br \/>(-16 for losing)\n|l|\u2606LOUCASSKY\n","uploadtime":1700585699,"views":2,"p1id":"deanbluntbluntdean","p2id":"loucassky","formatid":"gen9ou","rating":1377,"private":0,"password":""}