{"id":"gen9ou-1988675339","p1":"oijwef","p2":"M.Raikou","format":"[Gen 9] OU","log":"|j|\u2606oijwef\n|j|\u2606M.Raikou\n|t:|1699749224\n|gametype|singles\n|player|p1|oijwef|2|1334\n|player|p2|M.Raikou|plasmagrunt-gen5bw|1396\n|teamsize|p1|6\n|teamsize|p2|6\n|gen|9\n|tier|[Gen 9] OU\n|rated|\n|rule|Sleep Clause Mod: Limit one foe put to sleep\n|rule|Species Clause: Limit one of each Pok\u00e9mon\n|rule|OHKO Clause: OHKO moves are banned\n|rule|Evasion Items Clause: Evasion items are banned\n|rule|Evasion Moves Clause: Evasion moves are banned\n|rule|Endless Battle Clause: Forcing endless battles is banned\n|rule|HP Percentage Mod: HP is shown in percentages\n|clearpoke\n|poke|p1|Kingambit, M|\n|poke|p1|Glimmora, F|\n|poke|p1|Zamazenta-*|\n|poke|p1|Iron Valiant|\n|poke|p1|Iron Moth|\n|poke|p1|Ogerpon-Wellspring, F|\n|poke|p2|Rillaboom, M|\n|poke|p2|Dragapult, M|\n|poke|p2|Zapdos|\n|poke|p2|Enamorus, F|\n|poke|p2|Iron Moth|\n|poke|p2|Quaquaval, M|\n|teampreview\n|inactive|Battle timer is ON: inactive players will automatically lose when time's up. (requested by oijwef)\n|\n|t:|1699749233\n|start\n|switch|p1a: Glimmora|Glimmora, F|100\/100\n|switch|p2a: Quaquaval|Quaquaval, M|100\/100\n|turn|1\n|\n|t:|1699749239\n|move|p1a: Glimmora|Mortal Spin|p2a: Quaquaval\n|-damage|p2a: Quaquaval|92\/100\n|-status|p2a: Quaquaval|psn\n|move|p2a: Quaquaval|Aqua Step|p1a: Glimmora\n|-supereffective|p1a: Glimmora\n|-damage|p1a: Glimmora|1\/100\n|-boost|p2a: Quaquaval|spe|1\n|-activate|p1a: Glimmora|ability: Toxic Debris\n|-sidestart|p2: M.Raikou|move: Toxic Spikes\n|\n|-damage|p2a: Quaquaval|80\/100 psn|[from] psn\n|upkeep\n|turn|2\n|\n|t:|1699749254\n|move|p2a: Quaquaval|Rapid Spin|p1a: Glimmora\n|-resisted|p1a: Glimmora\n|-damage|p1a: Glimmora|0 fnt\n|-boost|p2a: Quaquaval|spe|1\n|-activate|p1a: Glimmora|ability: Toxic Debris\n|-sidestart|p2: M.Raikou|move: Toxic Spikes\n|-sideend|p2: M.Raikou|Toxic Spikes|[from] move: Rapid Spin|[of] p2a: Quaquaval\n|faint|p1a: Glimmora\n|-ability|p2a: Quaquaval|Moxie|boost\n|-boost|p2a: Quaquaval|atk|1\n|\n|-damage|p2a: Quaquaval|68\/100 psn|[from] psn\n|upkeep\n|\n|t:|1699749271\n|switch|p1a: Zamazenta|Zamazenta, shiny|100\/100\n|-ability|p1a: Zamazenta|Dauntless Shield|boost\n|-boost|p1a: Zamazenta|def|1\n|turn|3\n|\n|t:|1699749275\n|switch|p2a: Zapdos|Zapdos|100\/100\n|move|p1a: Zamazenta|Iron Defense|p1a: Zamazenta\n|-boost|p1a: Zamazenta|def|2\n|\n|upkeep\n|turn|4\n|\n|t:|1699749284\n|-terastallize|p1a: Zamazenta|Fire\n|move|p1a: Zamazenta|Stone Edge|p2a: Zapdos\n|-supereffective|p2a: Zapdos\n|-damage|p2a: Zapdos|27\/100\n|move|p2a: Zapdos|Thunderbolt|p1a: Zamazenta\n|-damage|p1a: Zamazenta|52\/100\n|\n|-heal|p1a: Zamazenta|59\/100|[from] item: Leftovers\n|upkeep\n|turn|5\n|\n|t:|1699749305\n|move|p1a: Zamazenta|Body Press|p2a: Zapdos\n|-resisted|p2a: Zapdos\n|-damage|p2a: Zapdos|0 fnt\n|-status|p1a: Zamazenta|par|[from] ability: Static|[of] p2a: Zapdos\n|faint|p2a: Zapdos\n|\n|-heal|p1a: Zamazenta|65\/100 par|[from] item: Leftovers\n|upkeep\n|\n|t:|1699749314\n|switch|p2a: Enamorus|Enamorus, F|100\/100\n|turn|6\n|\n|t:|1699749335\n|switch|p1a: Ogerpon|Ogerpon-Wellspring, F|100\/100\n|move|p2a: Enamorus|Earth Power|p1a: Ogerpon\n|-resisted|p1a: Ogerpon\n|-damage|p1a: Ogerpon|82\/100\n|\n|upkeep\n|turn|7\n|\n|t:|1699749344\n|switch|p2a: Rillaboom|Rillaboom, M|100\/100\n|-fieldstart|move: Grassy Terrain|[from] ability: Grassy Surge|[of] p2a: Rillaboom\n|move|p1a: Ogerpon|Ivy Cudgel|p2a: Rillaboom\n|-resisted|p2a: Rillaboom\n|-damage|p2a: Rillaboom|67\/100\n|\n|-heal|p1a: Ogerpon|88\/100|[from] Grassy Terrain\n|-heal|p2a: Rillaboom|73\/100|[from] Grassy Terrain\n|upkeep\n|turn|8\n|\n|t:|1699749358\n|move|p1a: Ogerpon|Knock Off|p2a: Rillaboom\n|-damage|p2a: Rillaboom|29\/100\n|-enditem|p2a: Rillaboom|Choice Band|[from] move: Knock Off|[of] p1a: Ogerpon\n|move|p2a: Rillaboom|U-turn|p1a: Ogerpon\n|-supereffective|p1a: Ogerpon\n|-damage|p1a: Ogerpon|29\/100\n|\n|t:|1699749367\n|switch|p2a: Dragapult|Dragapult, M|100\/100|[from] U-turn\n|\n|-heal|p1a: Ogerpon|35\/100|[from] Grassy Terrain\n|upkeep\n|turn|9\n|\n|t:|1699749375\n|move|p2a: Dragapult|Dragon Darts|p1a: Ogerpon\n|-damage|p1a: Ogerpon|0 fnt\n|faint|p1a: Ogerpon\n|\n|upkeep\n|\n|t:|1699749378\n|switch|p1a: Iron Valiant|Iron Valiant|100\/100\n|-enditem|p1a: Iron Valiant|Booster Energy\n|-activate|p1a: Iron Valiant|ability: Quark Drive|[fromitem]\n|-start|p1a: Iron Valiant|quarkdrivespe\n|turn|10\n|\n|t:|1699749395\n|switch|p2a: Iron Moth|Iron Moth|100\/100\n|-enditem|p2a: Iron Moth|Booster Energy\n|-activate|p2a: Iron Moth|ability: Quark Drive|[fromitem]\n|-start|p2a: Iron Moth|quarkdrivespa\n|move|p1a: Iron Valiant|Psyshock|p2a: Iron Moth\n|-supereffective|p2a: Iron Moth\n|-damage|p2a: Iron Moth|8\/100\n|\n|-heal|p2a: Iron Moth|14\/100|[from] Grassy Terrain\n|upkeep\n|turn|11\n|\n|t:|1699749407\n|move|p1a: Iron Valiant|Psyshock|p2a: Iron Moth\n|-supereffective|p2a: Iron Moth\n|-damage|p2a: Iron Moth|0 fnt\n|faint|p2a: Iron Moth\n|-end|p2a: Iron Moth|Quark Drive|[silent]\n|\n|-fieldend|move: Grassy Terrain\n|upkeep\n|\n|t:|1699749414\n|switch|p2a: Enamorus|Enamorus, F|100\/100\n|turn|12\n|\n|t:|1699749423\n|move|p1a: Iron Valiant|Moonblast|p2a: Enamorus\n|-damage|p2a: Enamorus|35\/100\n|move|p2a: Enamorus|Mystical Fire|p1a: Iron Valiant\n|-damage|p1a: Iron Valiant|51\/100\n|-unboost|p1a: Iron Valiant|spa|1\n|\n|upkeep\n|turn|13\n|\n|t:|1699749432\n|switch|p2a: Rillaboom|Rillaboom, M|29\/100\n|-fieldstart|move: Grassy Terrain|[from] ability: Grassy Surge|[of] p2a: Rillaboom\n|move|p1a: Iron Valiant|Moonblast|p2a: Rillaboom\n|-damage|p2a: Rillaboom|0 fnt\n|faint|p2a: Rillaboom\n|\n|-heal|p1a: Iron Valiant|58\/100|[from] Grassy Terrain\n|upkeep\n|\n|t:|1699749449\n|switch|p2a: Dragapult|Dragapult, M|100\/100\n|turn|14\n|\n|t:|1699749454\n|-terastallize|p2a: Dragapult|Fairy\n|move|p1a: Iron Valiant|Moonblast|p2a: Dragapult\n|-damage|p2a: Dragapult|56\/100\n|move|p2a: Dragapult|Dragon Dance|p2a: Dragapult\n|-boost|p2a: Dragapult|atk|1\n|-boost|p2a: Dragapult|spe|1\n|\n|-heal|p2a: Dragapult|62\/100|[from] Grassy Terrain\n|-heal|p1a: Iron Valiant|64\/100|[from] Grassy Terrain\n|upkeep\n|turn|15\n|\n|t:|1699749467\n|move|p2a: Dragapult|Tera Blast|p1a: Iron Valiant|[anim] Tera Blast Fairy\n|-supereffective|p1a: Iron Valiant\n|-damage|p1a: Iron Valiant|0 fnt\n|faint|p1a: Iron Valiant\n|-end|p1a: Iron Valiant|Quark Drive|[silent]\n|\n|-heal|p2a: Dragapult|68\/100|[from] Grassy Terrain\n|upkeep\n|\n|t:|1699749483\n|switch|p1a: Iron Moth|Iron Moth|100\/100\n|-enditem|p1a: Iron Moth|Booster Energy\n|-activate|p1a: Iron Moth|ability: Quark Drive|[fromitem]\n|-start|p1a: Iron Moth|quarkdrivespe\n|turn|16\n|\n|t:|1699749492\n|move|p2a: Dragapult|Phantom Force||[still]\n|-prepare|p2a: Dragapult|Phantom Force\n|move|p1a: Iron Moth|Sludge Wave|p2a: Dragapult|[miss]\n|-miss|p1a: Iron Moth|p2a: Dragapult\n|\n|upkeep\n|turn|17\n|\n|t:|1699749500\n|-end|p1a: Iron Moth|Quark Drive|[silent]\n|switch|p1a: Kingambit|Kingambit, M|100\/100\n|-activate|p1a: Kingambit|ability: Supreme Overlord\n|-start|p1a: Kingambit|fallen3|[silent]\n|move|p2a: Dragapult|Phantom Force|p1a: Kingambit|[from]lockedmove\n|-resisted|p1a: Kingambit\n|-damage|p1a: Kingambit|68\/100\n|\n|-heal|p2a: Dragapult|74\/100|[from] Grassy Terrain\n|-heal|p1a: Kingambit|74\/100|[from] Grassy Terrain\n|-fieldend|move: Grassy Terrain\n|upkeep\n|turn|18\n|\n|t:|1699749513\n|move|p2a: Dragapult|Tera Blast|p1a: Kingambit|[anim] Tera Blast Fairy\n|-damage|p1a: Kingambit|16\/100\n|move|p1a: Kingambit|Iron Head|p2a: Dragapult\n|-supereffective|p2a: Dragapult\n|-damage|p2a: Dragapult|0 fnt\n|faint|p2a: Dragapult\n|\n|upkeep\n|\n|t:|1699749521\n|switch|p2a: Enamorus|Enamorus, F|35\/100\n|turn|19\n|\n|t:|1699749526\n|move|p2a: Enamorus|Healing Wish|p2a: Enamorus\n|faint|p2a: Enamorus\n|move|p1a: Kingambit|Iron Head|p2: Enamorus|[notarget]\n|-fail|p1a: Kingambit\n|\n|upkeep\n|\n|t:|1699749531\n|switch|p2a: Quaquaval|Quaquaval, M|68\/100 psn\n|-heal|p2a: Quaquaval|100\/100|[from] move: Healing Wish\n|turn|20\n|inactive|oijwef has 120 seconds left.\n|\n|t:|1699749586\n|move|p1a: Kingambit|Sucker Punch|p2a: Quaquaval\n|-resisted|p2a: Quaquaval\n|-damage|p2a: Quaquaval|59\/100\n|move|p2a: Quaquaval|Aqua Step|p1a: Kingambit\n|-damage|p1a: Kingambit|0 fnt\n|-boost|p2a: Quaquaval|spe|1\n|faint|p1a: Kingambit\n|-end|p1a: Kingambit|fallen3|[silent]\n|-ability|p2a: Quaquaval|Moxie|boost\n|-boost|p2a: Quaquaval|atk|1\n|\n|upkeep\n|\n|t:|1699749593\n|switch|p1a: Zamazenta|Zamazenta, shiny, tera:Fire|65\/100 par\n|turn|21\n|\n|t:|1699749598\n|move|p2a: Quaquaval|Aqua Step|p1a: Zamazenta\n|-supereffective|p1a: Zamazenta\n|-damage|p1a: Zamazenta|0 fnt\n|-boost|p2a: Quaquaval|spe|1\n|faint|p1a: Zamazenta\n|-ability|p2a: Quaquaval|Moxie|boost\n|-boost|p2a: Quaquaval|atk|1\n|\n|upkeep\n|\n|t:|1699749601\n|switch|p1a: Iron Moth|Iron Moth|100\/100\n|turn|22\n|\n|t:|1699749612\n|move|p2a: Quaquaval|Aqua Step|p1a: Iron Moth\n|-supereffective|p1a: Iron Moth\n|-damage|p1a: Iron Moth|0 fnt\n|-boost|p2a: Quaquaval|spe|1\n|faint|p1a: Iron Moth\n|-end|p1a: Iron Moth|Quark Drive|[silent]\n|\n|win|M.Raikou\n|raw|oijwef's rating: 1334 &rarr; <strong>1318<\/strong><br \/>(-16 for losing)\n|raw|M.Raikou's rating: 1396 &rarr; <strong>1412<\/strong><br \/>(+16 for winning)\n|l|\u2606oijwef\n","uploadtime":1699749625,"views":15,"p1id":"oijwef","p2id":"mraikou","formatid":"gen9ou","rating":1318,"private":0,"password":""}