{"id":"gen9ou-1988539139","p1":"Skaraptor2.1","p2":"dr_poopie64","format":"[Gen 9] OU","log":"|j|\u2606Skaraptor2.1\n|j|\u2606dr_poopie64\n|t:|1699733798\n|gametype|singles\n|player|p1|Skaraptor2.1|emma|1243\n|player|p2|dr_poopie64|drayden|1358\n|teamsize|p1|6\n|teamsize|p2|6\n|gen|9\n|tier|[Gen 9] OU\n|rated|\n|rule|Sleep Clause Mod: Limit one foe put to sleep\n|rule|Species Clause: Limit one of each Pok\u00e9mon\n|rule|OHKO Clause: OHKO moves are banned\n|rule|Evasion Items Clause: Evasion items are banned\n|rule|Evasion Moves Clause: Evasion moves are banned\n|rule|Endless Battle Clause: Forcing endless battles is banned\n|rule|HP Percentage Mod: HP is shown in percentages\n|clearpoke\n|poke|p1|Ninetales-Alola, F|\n|poke|p1|Iron Moth|\n|poke|p1|Kingambit, F|\n|poke|p1|Ogerpon-Wellspring, F|\n|poke|p1|Iron Valiant|\n|poke|p1|Great Tusk|\n|poke|p2|Ogerpon-Cornerstone, F|\n|poke|p2|Cramorant, F|\n|poke|p2|Tinkaton, F|\n|poke|p2|Dipplin, M|\n|poke|p2|Skeledirge, M|\n|poke|p2|Vikavolt, M|\n|teampreview\n|inactive|Battle timer is ON: inactive players will automatically lose when time's up. (requested by Skaraptor2.1)\n|\n|t:|1699733814\n|start\n|switch|p1a: Transfem|Ogerpon-Wellspring, F|100\/100\n|switch|p2a: Tinkaton|Tinkaton, F|100\/100\n|-ability|p2a: Tinkaton|Mold Breaker\n|turn|1\n|\n|t:|1699733820\n|move|p1a: Transfem|Knock Off|p2a: Tinkaton\n|-resisted|p2a: Tinkaton\n|-damage|p2a: Tinkaton|80\/100\n|-enditem|p2a: Tinkaton|Leftovers|[from] move: Knock Off|[of] p1a: Transfem\n|move|p2a: Tinkaton|Thunder Wave|p1a: Transfem\n|-status|p1a: Transfem|par\n|\n|upkeep\n|turn|2\n|\n|t:|1699733825\n|move|p2a: Tinkaton|Stealth Rock|p1a: Transfem\n|-sidestart|p1: Skaraptor2.1|move: Stealth Rock\n|cant|p1a: Transfem|par\n|\n|upkeep\n|turn|3\n|\n|t:|1699733830\n|switch|p2a: Vikavolt|Vikavolt, M|100\/100\n|move|p1a: Transfem|Ivy Cudgel|p2a: Vikavolt\n|-damage|p2a: Vikavolt|39\/100\n|\n|upkeep\n|turn|4\n|\n|t:|1699733834\n|cant|p1a: Transfem|par\n|move|p2a: Vikavolt|Sticky Web|p1a: Transfem\n|-sidestart|p1: Skaraptor2.1|move: Sticky Web\n|\n|upkeep\n|turn|5\n|\n|t:|1699733839\n|switch|p2a: Dipplin|Dipplin, M, shiny|100\/100\n|cant|p1a: Transfem|par\n|\n|upkeep\n|turn|6\n|\n|t:|1699733843\n|move|p1a: Transfem|Knock Off|p2a: Dipplin\n|-damage|p2a: Dipplin|84\/100\n|-activate|p2a: Dipplin|ability: Sticky Hold\n|move|p2a: Dipplin|Syrup Bomb|p1a: Transfem\n|-damage|p1a: Transfem|79\/100 par\n|-start|p1a: Transfem|Syrup Bomb\n|\n|-unboost|p1a: Transfem|spe|1\n|upkeep\n|turn|7\n|\n|t:|1699733849\n|move|p2a: Dipplin|Giga Drain|p1a: Transfem\n|-crit|p1a: Transfem\n|-damage|p1a: Transfem|33\/100 par\n|-heal|p2a: Dipplin|100\/100|[from] drain|[of] p1a: Transfem\n|cant|p1a: Transfem|par\n|\n|-unboost|p1a: Transfem|spe|1\n|upkeep\n|turn|8\n|\n|t:|1699733854\n|move|p2a: Dipplin|Syrup Bomb|p1a: Transfem\n|-crit|p1a: Transfem\n|-damage|p1a: Transfem|0 fnt\n|faint|p1a: Transfem\n|\n|upkeep\n|j| Mr.Hardware\n|j| proo gammer\n|j| Dlc 1 Is Here\n|\n|t:|1699733874\n|switch|p1a: Silver Fox|Ninetales-Alola, F, shiny|100\/100\n|-damage|p1a: Silver Fox|76\/100|[from] Stealth Rock\n|-activate|p1a: Silver Fox|move: Sticky Web\n|-unboost|p1a: Silver Fox|spe|1\n|-weather|Snow|[from] ability: Snow Warning|[of] p1a: Silver Fox\n|turn|9\n|j| October Occult\n|j| ssaltsorf1\n|\n|t:|1699733881\n|switch|p2a: Vikavolt|Vikavolt, M|39\/100\n|move|p1a: Silver Fox|Aurora Veil|p1a: Silver Fox\n|-sidestart|p1: Skaraptor2.1|move: Aurora Veil\n|\n|-weather|Snow|[upkeep]\n|upkeep\n|turn|10\n|\n|t:|1699733887\n|move|p1a: Silver Fox|Hypnosis|p2a: Vikavolt|[miss]\n|-miss|p1a: Silver Fox|p2a: Vikavolt\n|move|p2a: Vikavolt|Energy Ball|p1a: Silver Fox\n|-damage|p1a: Silver Fox|57\/100\n|\n|-weather|Snow|[upkeep]\n|upkeep\n|turn|11\n|j| Matto ssj\n|j| TheNewBrends11@!\n|\n|t:|1699733891\n|move|p1a: Silver Fox|Encore|p2a: Vikavolt\n|-start|p2a: Vikavolt|Encore\n|move|p2a: Vikavolt|Energy Ball|p1a: Silver Fox\n|-damage|p1a: Silver Fox|39\/100\n|\n|-weather|Snow|[upkeep]\n|upkeep\n|turn|12\n|\n|t:|1699733893\n|switch|p1a: Solar Panels|Iron Moth|100\/100\n|-damage|p1a: Solar Panels|76\/100|[from] Stealth Rock\n|-activate|p1a: Solar Panels|move: Sticky Web\n|-unboost|p1a: Solar Panels|spe|1\n|-enditem|p1a: Solar Panels|Booster Energy\n|-activate|p1a: Solar Panels|ability: Quark Drive|[fromitem]\n|-start|p1a: Solar Panels|quarkdrivespa\n|move|p2a: Vikavolt|Energy Ball|p1a: Solar Panels\n|-resisted|p1a: Solar Panels\n|-damage|p1a: Solar Panels|72\/100\n|\n|-weather|Snow|[upkeep]\n|upkeep\n|turn|13\n|\n|t:|1699733898\n|switch|p2a: Cramorant|Cramorant, F|100\/100\n|move|p1a: Solar Panels|Fiery Dance|p2a: Cramorant\n|-resisted|p2a: Cramorant\n|-damage|p2a: Cramorant|71\/100\n|-boost|p1a: Solar Panels|spa|1\n|\n|-weather|none\n|upkeep\n|turn|14\n|l| ssaltsorf1\n|\n|t:|1699733914\n|move|p2a: Cramorant|Surf|p1a: Solar Panels\n|-formechange|p2a: Cramorant|Cramorant-Gulping|\n|-supereffective|p1a: Solar Panels\n|-damage|p1a: Solar Panels|46\/100\n|move|p1a: Solar Panels|Energy Ball|p2a: Cramorant\n|-damage|p2a: Cramorant|7\/100\n|-damage|p1a: Solar Panels|21\/100|[from] ability: Gulp Missile|[of] p2a: Cramorant\n|-unboost|p1a: Solar Panels|def|1\n|-formechange|p2a: Cramorant|Cramorant|\n|\n|upkeep\n|turn|15\n|l| October Occult\n|l| proo gammer\n|\n|t:|1699733922\n|move|p2a: Cramorant|Surf|p1a: Solar Panels\n|-formechange|p2a: Cramorant|Cramorant-Gorging|\n|-supereffective|p1a: Solar Panels\n|-damage|p1a: Solar Panels|0 fnt\n|faint|p1a: Solar Panels\n|-end|p1a: Solar Panels|Quark Drive|[silent]\n|\n|upkeep\n|l| Dlc 1 Is Here\n|\n|t:|1699733926\n|switch|p1a: Silver Fox|Ninetales-Alola, F, shiny|39\/100\n|-damage|p1a: Silver Fox|15\/100|[from] Stealth Rock\n|-activate|p1a: Silver Fox|move: Sticky Web\n|-unboost|p1a: Silver Fox|spe|1\n|-weather|Snow|[from] ability: Snow Warning|[of] p1a: Silver Fox\n|turn|16\n|\n|t:|1699733930\n|move|p2a: Cramorant|Surf|p1a: Silver Fox\n|-damage|p1a: Silver Fox|1\/100\n|move|p1a: Silver Fox|Freeze-Dry|p2a: Cramorant\n|-supereffective|p2a: Cramorant\n|-damage|p2a: Cramorant|0 fnt\n|-damage|p1a: Silver Fox|0 fnt|[from] ability: Gulp Missile|[of] p2a: Cramorant\n|-formechange|p2a: Cramorant|Cramorant|\n|faint|p2a: Cramorant\n|faint|p1a: Silver Fox\n|\n|-weather|Snow|[upkeep]\n|-sideend|p1: Skaraptor2.1|move: Aurora Veil\n|upkeep\n|l| Matto ssj\n|inactive|Skaraptor2.1 has 120 seconds left.\n|\n|t:|1699733965\n|switch|p1a: Raging Queer|Great Tusk|100\/100\n|switch|p2a: Vikavolt|Vikavolt, M|39\/100\n|-damage|p1a: Raging Queer|98\/100|[from] Stealth Rock\n|-activate|p1a: Raging Queer|move: Sticky Web\n|-unboost|p1a: Raging Queer|spe|1\n|turn|17\n|c|\u2606dr_poopie64|L low surf roll\n|\n|t:|1699733976\n|move|p1a: Raging Queer|Earthquake|p2a: Vikavolt\n|-immune|p2a: Vikavolt|[from] ability: Levitate\n|move|p2a: Vikavolt|Energy Ball|p1a: Raging Queer\n|-supereffective|p1a: Raging Queer\n|-damage|p1a: Raging Queer|0 fnt\n|faint|p1a: Raging Queer\n|-end|p1a: Raging Queer|Protosynthesis|[silent]\n|\n|-weather|Snow|[upkeep]\n|upkeep\n|-message|Skaraptor2.1 forfeited.\n|\n|win|dr_poopie64\n|raw|Skaraptor2.1's rating: 1243 &rarr; <strong>1226<\/strong><br \/>(-17 for losing)\n|raw|dr_poopie64's rating: 1358 &rarr; <strong>1372<\/strong><br \/>(+14 for winning)\n|l|\u2606Skaraptor2.1\n|j|\u2606Skaraptor2.1\n|player|p1|Skaraptor2.1|emma\n|l|\u2606dr_poopie64\n","uploadtime":1699733999,"views":11,"p1id":"skaraptor21","p2id":"drpoopie64","formatid":"gen9ou","rating":1226,"private":0,"password":""}