{"id":"gen9ou-1999618235","p1":"pinksheepp","p2":"Diatere","format":"[Gen 9] OU","log":"|j|\u2606pinksheepp\n|j|\u2606Diatere\n|t:|1701101689\n|gametype|singles\n|player|p1|pinksheepp|n|1328\n|player|p2|Diatere|mina|1433\n|teamsize|p1|6\n|teamsize|p2|6\n|gen|9\n|tier|[Gen 9] OU\n|rated|\n|rule|Sleep Clause Mod: Limit one foe put to sleep\n|rule|Species Clause: Limit one of each Pok\u00e9mon\n|rule|OHKO Clause: OHKO moves are banned\n|rule|Evasion Items Clause: Evasion items are banned\n|rule|Evasion Moves Clause: Evasion moves are banned\n|rule|Endless Battle Clause: Forcing endless battles is banned\n|rule|HP Percentage Mod: HP is shown in percentages\n|clearpoke\n|poke|p1|Cinderace, M|\n|poke|p1|Zamazenta-*|\n|poke|p1|Rillaboom, F|\n|poke|p1|Hatterene, F|\n|poke|p1|Kingambit, F|\n|poke|p1|Great Tusk|\n|poke|p2|Ninetales-Alola, M|\n|poke|p2|Hatterene, F|\n|poke|p2|Manaphy|\n|poke|p2|Ogerpon-Cornerstone, F|\n|poke|p2|Rillaboom, M|\n|poke|p2|Iron Valiant|\n|teampreview\n|inactive|Battle timer is ON: inactive players will automatically lose when time's up. (requested by pinksheepp)\n|\n|t:|1701101700\n|start\n|switch|p1a: Cinderace|Cinderace, M|100\/100\n|switch|p2a: Tavros|Ninetales-Alola, M|100\/100\n|-weather|Snow|[from] ability: Snow Warning|[of] p2a: Tavros\n|turn|1\n|\n|t:|1701101713\n|move|p1a: Cinderace|Pyro Ball|p2a: Tavros\n|-supereffective|p2a: Tavros\n|-damage|p2a: Tavros|8\/100\n|move|p2a: Tavros|Aurora Veil|p2a: Tavros\n|-sidestart|p2: Diatere|move: Aurora Veil\n|\n|-weather|Snow|[upkeep]\n|upkeep\n|turn|2\n|\n|t:|1701101733\n|move|p1a: Cinderace|Court Change|p1a: Cinderace\n|-start|p1a: Cinderace|typechange|Normal|[from] ability: Libero\n|-swapsideconditions\n|-activate|p1a: Cinderace|move: Court Change\n|move|p2a: Tavros|Encore|p1a: Cinderace\n|-start|p1a: Cinderace|Encore\n|\n|-weather|Snow|[upkeep]\n|upkeep\n|turn|3\n|\n|t:|1701101743\n|switch|p1a: Kingambit|Kingambit, F|100\/100\n|switch|p2a: Gamzee|Rillaboom, M|100\/100\n|-fieldstart|move: Grassy Terrain|[from] ability: Grassy Surge|[of] p2a: Gamzee\n|\n|-weather|Snow|[upkeep]\n|upkeep\n|turn|4\n|\n|t:|1701101750\n|-terastallize|p1a: Kingambit|Flying\n|move|p2a: Gamzee|U-turn|p1a: Kingambit\n|-resisted|p1a: Kingambit\n|-damage|p1a: Kingambit|95\/100\n|\n|t:|1701101758\n|switch|p2a: Kanaya|Hatterene, F|100\/100|[from] U-turn\n|-enditem|p2a: Kanaya|Grassy Seed\n|-boost|p2a: Kanaya|def|1|[from] item: Grassy Seed\n|move|p1a: Kingambit|Swords Dance|p1a: Kingambit\n|-boost|p1a: Kingambit|atk|2\n|\n|-weather|Snow|[upkeep]\n|-heal|p1a: Kingambit|100\/100|[from] item: Leftovers\n|upkeep\n|turn|5\n|\n|t:|1701101764\n|move|p1a: Kingambit|Iron Head|p2a: Kanaya\n|-supereffective|p2a: Kanaya\n|-damage|p2a: Kanaya|0 fnt\n|faint|p2a: Kanaya\n|\n|-weather|none\n|upkeep\n|\n|t:|1701101772\n|switch|p2a: Tavros|Ninetales-Alola, M|8\/100\n|-weather|Snow|[from] ability: Snow Warning|[of] p2a: Tavros\n|turn|6\n|\n|t:|1701101777\n|move|p2a: Tavros|Aurora Veil|p2a: Tavros\n|-sidestart|p2: Diatere|move: Aurora Veil\n|move|p1a: Kingambit|Iron Head|p2a: Tavros\n|-supereffective|p2a: Tavros\n|-damage|p2a: Tavros|0 fnt\n|faint|p2a: Tavros\n|\n|-weather|Snow|[upkeep]\n|upkeep\n|\n|t:|1701101786\n|switch|p2a: Karkat|Manaphy|100\/100\n|turn|7\n|\n|t:|1701101789\n|move|p2a: Karkat|Acid Armor|p2a: Karkat\n|-boost|p2a: Karkat|def|2\n|move|p1a: Kingambit|Kowtow Cleave|p2a: Karkat\n|-damage|p2a: Karkat|80\/100\n|\n|-weather|Snow|[upkeep]\n|-heal|p2a: Karkat|86\/100|[from] Grassy Terrain\n|-heal|p2a: Karkat|93\/100|[from] item: Leftovers\n|-fieldend|move: Grassy Terrain\n|upkeep\n|turn|8\n|\n|t:|1701101794\n|move|p2a: Karkat|Acid Armor|p2a: Karkat\n|-boost|p2a: Karkat|def|2\n|move|p1a: Kingambit|Swords Dance|p1a: Kingambit\n|-boost|p1a: Kingambit|atk|2\n|\n|-weather|Snow|[upkeep]\n|-heal|p2a: Karkat|99\/100|[from] item: Leftovers\n|-sideend|p1: pinksheepp|move: Aurora Veil\n|upkeep\n|turn|9\n|\n|t:|1701101798\n|move|p2a: Karkat|Acid Armor|p2a: Karkat\n|-boost|p2a: Karkat|def|2\n|move|p1a: Kingambit|Swords Dance|p1a: Kingambit\n|-boost|p1a: Kingambit|atk|2\n|\n|-weather|Snow|[upkeep]\n|-heal|p2a: Karkat|100\/100|[from] item: Leftovers\n|upkeep\n|turn|10\n|\n|t:|1701101804\n|move|p2a: Karkat|Take Heart|p2a: Karkat\n|-boost|p2a: Karkat|spa|1\n|-boost|p2a: Karkat|spd|1\n|move|p1a: Kingambit|Kowtow Cleave|p2a: Karkat\n|-damage|p2a: Karkat|78\/100\n|\n|-weather|none\n|-heal|p2a: Karkat|84\/100|[from] item: Leftovers\n|upkeep\n|turn|11\n|\n|t:|1701101810\n|move|p2a: Karkat|Take Heart|p2a: Karkat\n|-boost|p2a: Karkat|spa|1\n|-boost|p2a: Karkat|spd|1\n|move|p1a: Kingambit|Kowtow Cleave|p2a: Karkat\n|-damage|p2a: Karkat|62\/100\n|\n|-heal|p2a: Karkat|68\/100|[from] item: Leftovers\n|upkeep\n|turn|12\n|\n|t:|1701101816\n|move|p2a: Karkat|Stored Power|p1a: Kingambit\n|-damage|p1a: Kingambit|0 fnt\n|faint|p1a: Kingambit\n|-end|p1a: Kingambit|fallenundefined|[silent]\n|\n|-heal|p2a: Karkat|74\/100|[from] item: Leftovers\n|upkeep\n|\n|t:|1701101825\n|switch|p1a: Cinderace|Cinderace, M|100\/100\n|turn|13\n|\n|t:|1701101832\n|move|p1a: Cinderace|Will-O-Wisp|p2a: Karkat\n|-status|p2a: Karkat|brn\n|move|p2a: Karkat|Scald|p1a: Cinderace\n|-supereffective|p1a: Cinderace\n|-damage|p1a: Cinderace|0 fnt\n|faint|p1a: Cinderace\n|\n|-heal|p2a: Karkat|80\/100 brn|[from] item: Leftovers\n|-damage|p2a: Karkat|74\/100 brn|[from] brn\n|-sideend|p2: Diatere|move: Aurora Veil\n|upkeep\n|\n|t:|1701101840\n|switch|p1a: Hatterene|Hatterene, F|100\/100\n|turn|14\n|\n|t:|1701101850\n|move|p2a: Karkat|Take Heart|p2a: Karkat\n|-boost|p2a: Karkat|spa|1\n|-boost|p2a: Karkat|spd|1\n|-curestatus|p2a: Karkat|brn|[msg]\n|move|p1a: Hatterene|Calm Mind|p1a: Hatterene\n|-boost|p1a: Hatterene|spa|1\n|-boost|p1a: Hatterene|spd|1\n|\n|-heal|p2a: Karkat|80\/100|[from] item: Leftovers\n|upkeep\n|turn|15\n|\n|t:|1701101858\n|move|p2a: Karkat|Scald|p1a: Hatterene\n|-damage|p1a: Hatterene|13\/100\n|move|p1a: Hatterene|Calm Mind|p1a: Hatterene\n|-boost|p1a: Hatterene|spa|1\n|-boost|p1a: Hatterene|spd|1\n|\n|-heal|p2a: Karkat|86\/100|[from] item: Leftovers\n|-heal|p1a: Hatterene|19\/100|[from] item: Leftovers\n|upkeep\n|turn|16\n|-message|pinksheepp forfeited.\n|\n|win|Diatere\n|raw|pinksheepp's rating: 1328 &rarr; <strong>1314<\/strong><br \/>(-14 for losing)\n|raw|Diatere's rating: 1433 &rarr; <strong>1447<\/strong><br \/>(+14 for winning)\n|l|\u2606pinksheepp\n","uploadtime":1701101866,"views":2,"p1id":"pinksheepp","p2id":"diatere","formatid":"gen9ou","rating":1314,"private":0,"password":""}