{"id":"gen9ou-1994558830","p1":"warmasfan","p2":"aabbcc554433","format":"[Gen 9] OU","log":"|j|\u2606warmasfan\n|j|\u2606aabbcc554433\n|t:|1700459711\n|gametype|singles\n|player|p1|warmasfan|266|1098\n|player|p2|aabbcc554433|skierf-gen4dp|1048\n|teamsize|p1|6\n|teamsize|p2|6\n|gen|9\n|tier|[Gen 9] OU\n|rated|\n|rule|Sleep Clause Mod: Limit one foe put to sleep\n|rule|Species Clause: Limit one of each Pok\u00e9mon\n|rule|OHKO Clause: OHKO moves are banned\n|rule|Evasion Items Clause: Evasion items are banned\n|rule|Evasion Moves Clause: Evasion moves are banned\n|rule|Endless Battle Clause: Forcing endless battles is banned\n|rule|HP Percentage Mod: HP is shown in percentages\n|clearpoke\n|poke|p1|Heatran, F|\n|poke|p1|Kingambit, F|\n|poke|p1|Dondozo, M|\n|poke|p1|Glimmora, F|\n|poke|p1|Amoonguss, F|\n|poke|p1|Alomomola, M|\n|poke|p2|Mandibuzz, F|\n|poke|p2|Skeledirge, M|\n|poke|p2|Amoonguss, F|\n|poke|p2|Alomomola, M|\n|poke|p2|Clefable, F|\n|poke|p2|Ursaluna, M|\n|teampreview\n|inactive|Battle timer is ON: inactive players will automatically lose when time's up. (requested by aabbcc554433)\n|\n|t:|1700459755\n|start\n|switch|p1a: Heatran|Heatran, F|100\/100\n|switch|p2a: Amoonguss|Amoonguss, F|100\/100\n|turn|1\n|\n|t:|1700459762\n|switch|p2a: Alomomola|Alomomola, M|100\/100\n|move|p1a: Heatran|Magma Storm|p2a: Alomomola\n|-resisted|p2a: Alomomola\n|-damage|p2a: Alomomola|79\/100\n|-activate|p2a: Alomomola|move: Magma Storm|[of] p1a: Heatran\n|\n|-damage|p2a: Alomomola|67\/100|[from] move: Magma Storm|[partiallytrapped]\n|upkeep\n|turn|2\n|\n|t:|1700459778\n|move|p1a: Heatran|Stealth Rock|p2a: Alomomola\n|-sidestart|p2: aabbcc554433|move: Stealth Rock\n|move|p2a: Alomomola|Flip Turn|p1a: Heatran\n|-supereffective|p1a: Heatran\n|-damage|p1a: Heatran|72\/100\n|\n|t:|1700459783\n|switch|p2a: Ursaluna|Ursaluna, M|100\/100|[from] Flip Turn\n|-damage|p2a: Ursaluna|94\/100|[from] Stealth Rock\n|\n|-heal|p1a: Heatran|78\/100|[from] item: Leftovers\n|-status|p2a: Ursaluna|brn|[from] item: Flame Orb\n|upkeep\n|turn|3\n|\n|t:|1700459797\n|move|p1a: Heatran|Earth Power|p2a: Ursaluna\n|-damage|p2a: Ursaluna|61\/100 brn\n|move|p2a: Ursaluna|Headlong Rush|p1a: Heatran\n|-supereffective|p1a: Heatran\n|-damage|p1a: Heatran|0 fnt\n|-unboost|p2a: Ursaluna|def|1\n|-unboost|p2a: Ursaluna|spd|1\n|faint|p1a: Heatran\n|\n|-damage|p2a: Ursaluna|55\/100 brn|[from] brn\n|upkeep\n|\n|t:|1700459808\n|switch|p1a: Dondozo|Dondozo, M|100\/100\n|turn|4\n|\n|t:|1700459813\n|switch|p2a: Alomomola|Alomomola, M|99\/100\n|move|p1a: Dondozo|Protect||[still]\n|-fail|p1a: Dondozo\n|\n|upkeep\n|turn|5\n|\n|t:|1700459821\n|move|p2a: Alomomola|Wish|p2a: Alomomola\n|move|p1a: Dondozo|Earthquake|p2a: Alomomola\n|-damage|p2a: Alomomola|79\/100\n|\n|upkeep\n|turn|6\n|\n|t:|1700459829\n|switch|p1a: Amoonguss|Amoonguss, F|100\/100\n|move|p2a: Alomomola|Scald|p1a: Amoonguss\n|-resisted|p1a: Amoonguss\n|-damage|p1a: Amoonguss|96\/100\n|-status|p1a: Amoonguss|brn\n|\n|-heal|p2a: Alomomola|100\/100|[from] move: Wish|[wisher] Alomomola\n|-heal|p1a: Amoonguss|100\/100 brn|[from] item: Leftovers\n|-damage|p1a: Amoonguss|94\/100 brn|[from] brn\n|upkeep\n|turn|7\n|\n|t:|1700459840\n|switch|p2a: Amoonguss|Amoonguss, F|100\/100\n|move|p1a: Amoonguss|Toxic|p2a: Amoonguss\n|-immune|p2a: Amoonguss\n|\n|-heal|p1a: Amoonguss|100\/100 brn|[from] item: Leftovers\n|-damage|p1a: Amoonguss|94\/100 brn|[from] brn\n|upkeep\n|turn|8\n|\n|t:|1700459857\n|move|p1a: Amoonguss|Spore|p2a: Amoonguss\n|-immune|p2a: Amoonguss\n|move|p2a: Amoonguss|Giga Drain|p1a: Amoonguss\n|-resisted|p1a: Amoonguss\n|-damage|p1a: Amoonguss|91\/100 brn\n|\n|-heal|p1a: Amoonguss|97\/100 brn|[from] item: Leftovers\n|-damage|p1a: Amoonguss|91\/100 brn|[from] brn\n|upkeep\n|turn|9\n|\n|t:|1700459865\n|move|p1a: Amoonguss|Protect|p1a: Amoonguss\n|-singleturn|p1a: Amoonguss|Protect\n|move|p2a: Amoonguss|Giga Drain|p1a: Amoonguss\n|-activate|p1a: Amoonguss|move: Protect\n|\n|-heal|p1a: Amoonguss|97\/100 brn|[from] item: Leftovers\n|-damage|p1a: Amoonguss|91\/100 brn|[from] brn\n|upkeep\n|turn|10\n|\n|t:|1700459890\n|switch|p1a: Kingambit|Kingambit, F|100\/100\n|-activate|p1a: Kingambit|ability: Supreme Overlord\n|-start|p1a: Kingambit|fallen1|[silent]\n|move|p2a: Amoonguss|Spore|p1a: Kingambit\n|-status|p1a: Kingambit|slp|[from] move: Spore\n|\n|upkeep\n|turn|11\n|\n|t:|1700459915\n|switch|p2a: Alomomola|Alomomola, M|100\/100\n|cant|p1a: Kingambit|slp\n|\n|upkeep\n|turn|12\n|\n|t:|1700459920\n|cant|p1a: Kingambit|slp\n|move|p2a: Alomomola|Wish|p2a: Alomomola\n|\n|upkeep\n|turn|13\n|\n|t:|1700459924\n|-curestatus|p1a: Kingambit|slp|[msg]\n|move|p1a: Kingambit|Swords Dance|p1a: Kingambit\n|-boost|p1a: Kingambit|atk|2\n|move|p2a: Alomomola|Flip Turn|p1a: Kingambit\n|-damage|p1a: Kingambit|88\/100\n|\n|t:|1700459930\n|switch|p2a: Ursaluna|Ursaluna, M|55\/100 brn|[from] Flip Turn\n|-damage|p2a: Ursaluna|49\/100 brn|[from] Stealth Rock\n|\n|-heal|p2a: Ursaluna|100\/100 brn|[from] move: Wish|[wisher] Alomomola\n|-damage|p2a: Ursaluna|94\/100 brn|[from] brn\n|upkeep\n|turn|14\n|\n|t:|1700459938\n|move|p2a: Ursaluna|Headlong Rush|p1a: Kingambit\n|-supereffective|p1a: Kingambit\n|-damage|p1a: Kingambit|0 fnt\n|-unboost|p2a: Ursaluna|def|1\n|-unboost|p2a: Ursaluna|spd|1\n|faint|p1a: Kingambit\n|-end|p1a: Kingambit|fallen1|[silent]\n|\n|-damage|p2a: Ursaluna|88\/100 brn|[from] brn\n|upkeep\n|\n|t:|1700459946\n|switch|p1a: Dondozo|Dondozo, M|100\/100\n|turn|15\n|\n|t:|1700459950\n|switch|p2a: Alomomola|Alomomola, M|100\/100\n|-terastallize|p1a: Dondozo|Water\n|move|p1a: Dondozo|Wave Crash|p2a: Alomomola\n|-resisted|p2a: Alomomola\n|-damage|p2a: Alomomola|77\/100\n|-damage|p1a: Dondozo|93\/100|[from] Recoil\n|\n|-heal|p1a: Dondozo|99\/100|[from] item: Leftovers\n|upkeep\n|turn|16\n|\n|t:|1700459965\n|move|p2a: Alomomola|Flip Turn|p1a: Dondozo\n|-resisted|p1a: Dondozo\n|-damage|p1a: Dondozo|94\/100\n|\n|t:|1700459967\n|switch|p2a: Amoonguss|Amoonguss, F|100\/100|[from] Flip Turn\n|move|p1a: Dondozo|Avalanche|p2a: Amoonguss\n|-supereffective|p2a: Amoonguss\n|-damage|p2a: Amoonguss|72\/100\n|\n|-heal|p1a: Dondozo|99\/100|[from] item: Leftovers\n|upkeep\n|turn|17\n|\n|t:|1700459983\n|switch|p2a: Alomomola|Alomomola, M|100\/100\n|move|p1a: Dondozo|Protect||[still]\n|-fail|p1a: Dondozo\n|\n|-heal|p1a: Dondozo|100\/100|[from] item: Leftovers\n|upkeep\n|turn|18\n|\n|t:|1700459995\n|move|p2a: Alomomola|Scald|p1a: Dondozo\n|-resisted|p1a: Dondozo\n|-damage|p1a: Dondozo|94\/100\n|move|p1a: Dondozo|Avalanche|p2a: Alomomola\n|-resisted|p2a: Alomomola\n|-damage|p2a: Alomomola|89\/100\n|\n|-heal|p1a: Dondozo|99\/100|[from] item: Leftovers\n|upkeep\n|turn|19\n|\n|t:|1700460004\n|move|p1a: Dondozo|Protect|p1a: Dondozo\n|-singleturn|p1a: Dondozo|Protect\n|move|p2a: Alomomola|Scald|p1a: Dondozo\n|-activate|p1a: Dondozo|move: Protect\n|\n|-heal|p1a: Dondozo|100\/100|[from] item: Leftovers\n|upkeep\n|turn|20\n|\n|t:|1700460017\n|switch|p1a: Amoonguss|Amoonguss, F|100\/100 brn\n|move|p2a: Alomomola|Flip Turn|p1a: Amoonguss\n|-resisted|p1a: Amoonguss\n|-damage|p1a: Amoonguss|92\/100 brn\n|\n|t:|1700460022\n|switch|p2a: Ursaluna|Ursaluna, M|88\/100 brn|[from] Flip Turn\n|-damage|p2a: Ursaluna|82\/100 brn|[from] Stealth Rock\n|\n|-heal|p1a: Amoonguss|98\/100 brn|[from] item: Leftovers\n|-damage|p2a: Ursaluna|76\/100 brn|[from] brn\n|-damage|p1a: Amoonguss|92\/100 brn|[from] brn\n|upkeep\n|turn|21\n|\n|t:|1700460033\n|move|p1a: Amoonguss|Protect|p1a: Amoonguss\n|-singleturn|p1a: Amoonguss|Protect\n|move|p2a: Ursaluna|Facade|p1a: Amoonguss\n|-activate|p1a: Amoonguss|move: Protect\n|\n|-heal|p1a: Amoonguss|98\/100 brn|[from] item: Leftovers\n|-damage|p2a: Ursaluna|70\/100 brn|[from] brn\n|-damage|p1a: Amoonguss|92\/100 brn|[from] brn\n|upkeep\n|turn|22\n|\n|t:|1700460049\n|switch|p1a: Alomomola|Alomomola, M|100\/100\n|move|p2a: Ursaluna|Facade|p1a: Alomomola\n|-damage|p1a: Alomomola|35\/100\n|-damage|p2a: Ursaluna|54\/100 brn|[from] item: Rocky Helmet|[of] p1a: Alomomola\n|\n|-damage|p2a: Ursaluna|48\/100 brn|[from] brn\n|upkeep\n|turn|23\n|\n|t:|1700460066\n|move|p1a: Alomomola|Protect|p1a: Alomomola\n|-singleturn|p1a: Alomomola|Protect\n|move|p2a: Ursaluna|Facade|p1a: Alomomola\n|-activate|p1a: Alomomola|move: Protect\n|\n|-damage|p2a: Ursaluna|42\/100 brn|[from] brn\n|upkeep\n|turn|24\n|\n|t:|1700460079\n|switch|p1a: Amoonguss|Amoonguss, F|100\/100 brn\n|move|p2a: Ursaluna|Facade|p1a: Amoonguss\n|-damage|p1a: Amoonguss|0 fnt\n|faint|p1a: Amoonguss\n|\n|-damage|p2a: Ursaluna|35\/100 brn|[from] brn\n|upkeep\n|\n|t:|1700460086\n|switch|p1a: Dondozo|Dondozo, M, tera:Water|100\/100\n|turn|25\n|\n|t:|1700460091\n|switch|p2a: Alomomola|Alomomola, M|100\/100\n|switch|p1a: Glimmora|Glimmora, F|100\/100\n|\n|upkeep\n|turn|26\n|\n|t:|1700460097\n|move|p1a: Glimmora|Energy Ball|p2a: Alomomola\n|-supereffective|p2a: Alomomola\n|-crit|p2a: Alomomola\n|-damage|p2a: Alomomola|41\/100\n|-unboost|p2a: Alomomola|spd|1\n|move|p2a: Alomomola|Flip Turn|p1a: Glimmora\n|-supereffective|p1a: Glimmora\n|-crit|p1a: Glimmora\n|-damage|p1a: Glimmora|63\/100\n|-activate|p1a: Glimmora|ability: Toxic Debris\n|-sidestart|p2: aabbcc554433|move: Toxic Spikes\n|\n|t:|1700460101\n|switch|p2a: Amoonguss|Amoonguss, F|100\/100|[from] Flip Turn\n|-sideend|p2: aabbcc554433|move: Toxic Spikes|[of] p2a: Amoonguss\n|\n|-heal|p1a: Glimmora|69\/100|[from] item: Leftovers\n|upkeep\n|turn|27\n|\n|t:|1700460115\n|move|p1a: Glimmora|Spiky Shield|p1a: Glimmora\n|-singleturn|p1a: Glimmora|move: Protect\n|move|p2a: Amoonguss|Giga Drain|p1a: Glimmora\n|-activate|p1a: Glimmora|move: Protect\n|\n|-heal|p1a: Glimmora|75\/100|[from] item: Leftovers\n|upkeep\n|turn|28\n|c|\u2606aabbcc554433|gg\n|-message|warmasfan forfeited.\n|\n|win|aabbcc554433\n|raw|warmasfan's rating: 1098 &rarr; <strong>1070<\/strong><br \/>(-28 for losing)\n|raw|aabbcc554433's rating: 1048 &rarr; <strong>1085<\/strong><br \/>(+37 for winning)\n|l|\u2606warmasfan\n","uploadtime":1700460135,"views":21,"p1id":"warmasfan","p2id":"aabbcc554433","formatid":"gen9ou","rating":1070,"private":0,"password":""}