{"id":"gen9ou-1989002366","p1":"lost ark enjoyer","p2":"sillE roverT","format":"[Gen 9] OU","log":"|j|\u2606lost ark enjoyer\n|j|\u2606sillE roverT\n|t:|1699800798\n|gametype|singles\n|player|p1|lost ark enjoyer|170|1507\n|player|p2|sillE roverT|musician-gen9|1578\n|teamsize|p1|6\n|teamsize|p2|6\n|gen|9\n|tier|[Gen 9] OU\n|rated|\n|rule|Sleep Clause Mod: Limit one foe put to sleep\n|rule|Species Clause: Limit one of each Pok\u00e9mon\n|rule|OHKO Clause: OHKO moves are banned\n|rule|Evasion Items Clause: Evasion items are banned\n|rule|Evasion Moves Clause: Evasion moves are banned\n|rule|Endless Battle Clause: Forcing endless battles is banned\n|rule|HP Percentage Mod: HP is shown in percentages\n|clearpoke\n|poke|p1|Rillaboom, F|\n|poke|p1|Sneasler, F|\n|poke|p1|Zamazenta-*|\n|poke|p1|Heatran, M|\n|poke|p1|Hatterene, F|\n|poke|p1|Manaphy|\n|poke|p2|Ceruledge, F|\n|poke|p2|Samurott-Hisui, F|\n|poke|p2|Glimmora, F|\n|poke|p2|Iron Valiant|\n|poke|p2|Sneasler, M|\n|poke|p2|Ogerpon-Wellspring, F|\n|teampreview\n|inactive|Battle timer is ON: inactive players will automatically lose when time's up. (requested by lost ark enjoyer)\n|\n|t:|1699800808\n|start\n|switch|p1a: Iron Bands|Rillaboom, F|100\/100\n|switch|p2a: Samurott|Samurott-Hisui, F|100\/100\n|-fieldstart|move: Grassy Terrain|[from] ability: Grassy Surge|[of] p1a: Iron Bands\n|turn|1\n|\n|t:|1699800817\n|move|p1a: Iron Bands|Grassy Glide|p2a: Samurott\n|-supereffective|p2a: Samurott\n|-enditem|p2a: Samurott|Focus Sash\n|-damage|p2a: Samurott|1\/100\n|move|p2a: Samurott|Ceaseless Edge|p1a: Iron Bands|[miss]\n|-miss|p2a: Samurott|p1a: Iron Bands\n|\n|-heal|p2a: Samurott|7\/100|[from] Grassy Terrain\n|upkeep\n|turn|2\n|\n|t:|1699800826\n|move|p1a: Iron Bands|Grassy Glide|p2a: Samurott\n|-supereffective|p2a: Samurott\n|-crit|p2a: Samurott\n|-damage|p2a: Samurott|0 fnt\n|faint|p2a: Samurott\n|\n|upkeep\n|\n|t:|1699800830\n|switch|p2a: Ceruledge|Ceruledge, F|100\/100\n|turn|3\n|\n|t:|1699800836\n|switch|p1a: Mr Worldwide|Heatran, M|100\/100\n|-item|p1a: Mr Worldwide|Air Balloon\n|move|p2a: Ceruledge|Poltergeist|p1a: Mr Worldwide\n|-activate|p1a: Mr Worldwide|move: Poltergeist|Air Balloon\n|-damage|p1a: Mr Worldwide|54\/100\n|-enditem|p1a: Mr Worldwide|Air Balloon\n|\n|-heal|p1a: Mr Worldwide|60\/100|[from] Grassy Terrain\n|upkeep\n|turn|4\n|\n|t:|1699800843\n|move|p2a: Ceruledge|Close Combat|p1a: Mr Worldwide\n|-supereffective|p1a: Mr Worldwide\n|-damage|p1a: Mr Worldwide|0 fnt\n|-unboost|p2a: Ceruledge|def|1\n|-unboost|p2a: Ceruledge|spd|1\n|faint|p1a: Mr Worldwide\n|\n|upkeep\n|\n|t:|1699800848\n|switch|p1a: Creepin'|Sneasler, F|100\/100\n|-enditem|p1a: Creepin'|Grassy Seed\n|-boost|p1a: Creepin'|def|1|[from] item: Grassy Seed\n|turn|5\n|\n|t:|1699800868\n|-terastallize|p1a: Creepin'|Dark\n|move|p1a: Creepin'|Lash Out|p2a: Ceruledge\n|-supereffective|p2a: Ceruledge\n|-enditem|p2a: Ceruledge|Focus Sash\n|-damage|p2a: Ceruledge|1\/100\n|-ability|p2a: Ceruledge|Weak Armor|boost\n|-unboost|p2a: Ceruledge|def|1\n|-boost|p2a: Ceruledge|spe|2\n|move|p2a: Ceruledge|Bitter Blade|p1a: Creepin'\n|-damage|p1a: Creepin'|55\/100\n|-heal|p2a: Ceruledge|27\/100|[from] drain|[of] p1a: Creepin'\n|\n|-heal|p1a: Creepin'|62\/100|[from] Grassy Terrain\n|-heal|p2a: Ceruledge|33\/100|[from] Grassy Terrain\n|-fieldend|move: Grassy Terrain\n|upkeep\n|turn|6\n|\n|t:|1699800880\n|move|p1a: Creepin'|Dire Claw|p2a: Ceruledge\n|-resisted|p2a: Ceruledge\n|-damage|p2a: Ceruledge|0 fnt\n|faint|p2a: Ceruledge\n|\n|upkeep\n|\n|t:|1699800889\n|switch|p2a: Glimmora|Glimmora, F|100\/100\n|turn|7\n|c|\u2606lost ark enjoyer|do u just play 4 sesh mons\n|\n|t:|1699800901\n|move|p1a: Creepin'|Lash Out|p2a: Glimmora\n|-damage|p2a: Glimmora|49\/100\n|-activate|p2a: Glimmora|ability: Toxic Debris\n|-sidestart|p1: lost ark enjoyer|move: Toxic Spikes\n|move|p2a: Glimmora|Earth Power|p1a: Creepin'\n|-damage|p1a: Creepin'|21\/100\n|\n|upkeep\n|turn|8\n|\n|t:|1699800906\n|move|p1a: Creepin'|Close Combat|p2a: Glimmora\n|-damage|p2a: Glimmora|0 fnt\n|-unboost|p1a: Creepin'|def|1\n|-unboost|p1a: Creepin'|spd|1\n|-activate|p2a: Glimmora|ability: Toxic Debris\n|-sidestart|p1: lost ark enjoyer|move: Toxic Spikes\n|faint|p2a: Glimmora\n|\n|upkeep\n|\n|t:|1699800911\n|switch|p2a: Sneasler|Sneasler, M|100\/100\n|-item|p2a: Sneasler|Air Balloon\n|turn|9\n|\n|t:|1699800922\n|move|p1a: Creepin'|Close Combat|p2a: Sneasler\n|-resisted|p2a: Sneasler\n|-damage|p2a: Sneasler|50\/100\n|-unboost|p1a: Creepin'|def|1\n|-unboost|p1a: Creepin'|spd|1\n|-enditem|p2a: Sneasler|Air Balloon\n|move|p2a: Sneasler|Dire Claw|p1a: Creepin'\n|-damage|p1a: Creepin'|0 fnt\n|faint|p1a: Creepin'\n|\n|upkeep\n|\n|t:|1699800943\n|switch|p1a: Peculiar Mixture|Manaphy|100\/100\n|-status|p1a: Peculiar Mixture|tox\n|turn|10\n|\n|t:|1699800947\n|switch|p2a: Ogerpon|Ogerpon-Wellspring, F|100\/100\n|move|p1a: Peculiar Mixture|Acid Armor|p1a: Peculiar Mixture\n|-boost|p1a: Peculiar Mixture|def|2\n|\n|-damage|p1a: Peculiar Mixture|94\/100 tox|[from] psn\n|upkeep\n|turn|11\n|\n|t:|1699800954\n|move|p2a: Ogerpon|Encore|p1a: Peculiar Mixture\n|-start|p1a: Peculiar Mixture|Encore\n|move|p1a: Peculiar Mixture|Acid Armor|p1a: Peculiar Mixture\n|-boost|p1a: Peculiar Mixture|def|2\n|\n|-heal|p1a: Peculiar Mixture|100\/100 tox|[from] item: Leftovers\n|-damage|p1a: Peculiar Mixture|88\/100 tox|[from] psn\n|upkeep\n|turn|12\n|\n|t:|1699800967\n|switch|p1a: Michael Vick|Zamazenta|100\/100\n|-status|p1a: Michael Vick|tox\n|-ability|p1a: Michael Vick|Dauntless Shield|boost\n|-boost|p1a: Michael Vick|def|1\n|move|p2a: Ogerpon|Ivy Cudgel|p1a: Michael Vick\n|-damage|p1a: Michael Vick|71\/100 tox\n|\n|-heal|p1a: Michael Vick|77\/100 tox|[from] item: Leftovers\n|-damage|p1a: Michael Vick|71\/100 tox|[from] psn\n|upkeep\n|turn|13\n|\n|t:|1699800980\n|move|p1a: Michael Vick|Body Press|p2a: Ogerpon\n|-damage|p2a: Ogerpon|26\/100\n|move|p2a: Ogerpon|Ivy Cudgel|p1a: Michael Vick\n|-damage|p1a: Michael Vick|43\/100 tox\n|\n|-heal|p1a: Michael Vick|49\/100 tox|[from] item: Leftovers\n|-damage|p1a: Michael Vick|37\/100 tox|[from] psn\n|upkeep\n|turn|14\n|\n|t:|1699800996\n|move|p1a: Michael Vick|Body Press|p2a: Ogerpon\n|-damage|p2a: Ogerpon|0 fnt\n|faint|p2a: Ogerpon\n|\n|-heal|p1a: Michael Vick|43\/100 tox|[from] item: Leftovers\n|-damage|p1a: Michael Vick|24\/100 tox|[from] psn\n|upkeep\n|\n|t:|1699801000\n|switch|p2a: Iron Valiant|Iron Valiant|100\/100\n|-enditem|p2a: Iron Valiant|Booster Energy\n|-activate|p2a: Iron Valiant|ability: Quark Drive|[fromitem]\n|-start|p2a: Iron Valiant|quarkdrivespe\n|turn|15\n|\n|t:|1699801004\n|move|p2a: Iron Valiant|Moonblast|p1a: Michael Vick\n|-supereffective|p1a: Michael Vick\n|-damage|p1a: Michael Vick|0 fnt\n|faint|p1a: Michael Vick\n|\n|upkeep\n|\n|t:|1699801007\n|switch|p1a: Peculiar Mixture|Manaphy|88\/100 tox\n|turn|16\n|\n|t:|1699801015\n|move|p2a: Iron Valiant|Thunderbolt|p1a: Peculiar Mixture\n|-supereffective|p1a: Peculiar Mixture\n|-damage|p1a: Peculiar Mixture|36\/100 tox\n|move|p1a: Peculiar Mixture|Take Heart|p1a: Peculiar Mixture\n|-boost|p1a: Peculiar Mixture|spa|1\n|-boost|p1a: Peculiar Mixture|spd|1\n|-curestatus|p1a: Peculiar Mixture|tox|[msg]\n|\n|-heal|p1a: Peculiar Mixture|42\/100|[from] item: Leftovers\n|upkeep\n|turn|17\n|inactive|sillE roverT has 120 seconds left.\n|c|\u2606sillE roverT|What was ur question I don\u2019t understand\n|c|\u2606lost ark enjoyer|all g\n|c|\u2606sillE roverT|do I just play for fun?\n|\n|t:|1699801058\n|move|p2a: Iron Valiant|Thunderbolt|p1a: Peculiar Mixture\n|-supereffective|p1a: Peculiar Mixture\n|-damage|p1a: Peculiar Mixture|9\/100\n|move|p1a: Peculiar Mixture|Scald|p2a: Iron Valiant\n|-damage|p2a: Iron Valiant|26\/100\n|\n|-heal|p1a: Peculiar Mixture|16\/100|[from] item: Leftovers\n|upkeep\n|turn|18\n|c|\u2606lost ark enjoyer|if u have 6 mons w focus sesh\n|\n|t:|1699801066\n|move|p2a: Iron Valiant|Moonblast|p1a: Peculiar Mixture\n|-damage|p1a: Peculiar Mixture|0 fnt\n|faint|p1a: Peculiar Mixture\n|\n|upkeep\n|c|\u2606sillE roverT|3\n|\n|t:|1699801078\n|switch|p1a: Iron Bands|Rillaboom, F|100\/100\n|-status|p1a: Iron Bands|tox\n|-fieldstart|move: Grassy Terrain|[from] ability: Grassy Surge|[of] p1a: Iron Bands\n|turn|19\n|\n|t:|1699801084\n|move|p1a: Iron Bands|Grassy Glide|p2a: Iron Valiant\n|-damage|p2a: Iron Valiant|0 fnt\n|faint|p2a: Iron Valiant\n|-end|p2a: Iron Valiant|Quark Drive|[silent]\n|\n|-damage|p1a: Iron Bands|94\/100 tox|[from] psn\n|upkeep\n|\n|t:|1699801086\n|switch|p2a: Sneasler|Sneasler, M|50\/100\n|turn|20\n|c|\u2606lost ark enjoyer|thats what i thought\n|\n|t:|1699801096\n|move|p1a: Iron Bands|Grassy Glide|p2a: Sneasler\n|-resisted|p2a: Sneasler\n|-damage|p2a: Sneasler|4\/100\n|move|p2a: Sneasler|Dire Claw|p1a: Iron Bands\n|-supereffective|p1a: Iron Bands\n|-damage|p1a: Iron Bands|8\/100 tox\n|\n|-heal|p2a: Sneasler|10\/100|[from] Grassy Terrain\n|-heal|p1a: Iron Bands|14\/100 tox|[from] Grassy Terrain\n|-damage|p1a: Iron Bands|2\/100 tox|[from] psn\n|upkeep\n|turn|21\n|c|\u2606lost ark enjoyer|gg\n|\n|t:|1699801104\n|move|p1a: Iron Bands|Grassy Glide|p2a: Sneasler\n|-resisted|p2a: Sneasler\n|-damage|p2a: Sneasler|0 fnt\n|faint|p2a: Sneasler\n|\n|win|lost ark enjoyer\n|raw|lost ark enjoyer's rating: 1507 &rarr; <strong>1531<\/strong><br \/>(+24 for winning)\n|raw|sillE roverT's rating: 1578 &rarr; <strong>1554<\/strong><br \/>(-24 for losing)\n|l|\u2606sillE roverT\n|l|\u2606lost ark enjoyer\n","uploadtime":1699801902,"views":8,"p1id":"lostarkenjoyer","p2id":"sillerovert","formatid":"gen9ou","rating":1531,"private":0,"password":""}