{"id":"gen9ou-1996972484","p1":"ranvir2106","p2":"liaoya","format":"[Gen 9] OU","log":"|j|\u2606ranvir2106\n|j|\u2606liaoya\n|t:|1700751243\n|gametype|singles\n|player|p1|ranvir2106|benga|1527\n|player|p2|liaoya|petrel|1592\n|teamsize|p1|6\n|teamsize|p2|6\n|gen|9\n|tier|[Gen 9] OU\n|rated|\n|rule|Sleep Clause Mod: Limit one foe put to sleep\n|rule|Species Clause: Limit one of each Pok\u00e9mon\n|rule|OHKO Clause: OHKO moves are banned\n|rule|Evasion Items Clause: Evasion items are banned\n|rule|Evasion Moves Clause: Evasion moves are banned\n|rule|Endless Battle Clause: Forcing endless battles is banned\n|rule|HP Percentage Mod: HP is shown in percentages\n|clearpoke\n|poke|p1|Lilligant-Hisui, F|\n|poke|p1|Ninetales-Alola, F|\n|poke|p1|Ting-Lu|\n|poke|p1|Iron Valiant|\n|poke|p1|Gholdengo|\n|poke|p1|Quaquaval, F|\n|poke|p2|Drifblim, M|\n|poke|p2|Garganacl, M|\n|poke|p2|Umbreon, M|\n|poke|p2|Rotom-Wash|\n|poke|p2|Glimmora, F|\n|poke|p2|Espeon, F|\n|teampreview\n|inactive|Battle timer is ON: inactive players will automatically lose when time's up. (requested by ranvir2106)\n|\n|t:|1700751247\n|start\n|switch|p1a: lui - 13|Ting-Lu|100\/100\n|switch|p2a: Rotom|Rotom-Wash|100\/100\n|-ability|p1a: lui - 13|Vessel of Ruin\n|turn|1\n|\n|t:|1700751253\n|switch|p2a: Espeon|Espeon, F|100\/100\n|move|p1a: lui - 13|Stealth Rock|p2a: Espeon\n|move|p2a: Espeon|Stealth Rock|p1a: lui - 13|[from]ability: Magic Bounce\n|-sidestart|p1: ranvir2106|move: Stealth Rock\n|\n|upkeep\n|turn|2\n|\n|t:|1700751260\n|move|p2a: Espeon|Trick|p1a: lui - 13\n|-activate|p2a: Espeon|move: Trick|[of] p1a: lui - 13\n|-item|p1a: lui - 13|Choice Scarf|[from] move: Trick\n|-item|p2a: Espeon|Leftovers|[from] move: Trick\n|move|p1a: lui - 13|Whirlwind|p2a: Espeon\n|move|p2a: Espeon|Whirlwind|p1a: lui - 13|[from]ability: Magic Bounce\n|drag|p1a: blade|Iron Valiant|100\/100\n|-damage|p1a: blade|94\/100|[from] Stealth Rock\n|-enditem|p1a: blade|Booster Energy\n|-activate|p1a: blade|ability: Quark Drive|[fromitem]\n|-start|p1a: blade|quarkdrivespe\n|\n|upkeep\n|turn|3\n|\n|t:|1700751276\n|move|p1a: blade|Moonblast|p2a: Espeon\n|-damage|p2a: Espeon|57\/100\n|move|p2a: Espeon|Psyshock|p1a: blade\n|-supereffective|p1a: blade\n|-damage|p1a: blade|0 fnt\n|faint|p1a: blade\n|-end|p1a: blade|Quark Drive|[silent]\n|\n|-heal|p2a: Espeon|63\/100|[from] item: Leftovers\n|upkeep\n|j| Modachi\n|\n|t:|1700751287\n|switch|p1a: furrybait|Ninetales-Alola, F|100\/100\n|-damage|p1a: furrybait|76\/100|[from] Stealth Rock\n|-weather|Snow|[from] ability: Snow Warning|[of] p1a: furrybait\n|turn|4\n|l| Modachi\n|j| Modachi\n|l| Modachi\n|\n|t:|1700751297\n|switch|p2a: Rotom|Rotom-Wash|100\/100\n|move|p1a: furrybait|Aurora Veil|p1a: furrybait\n|-sidestart|p1: ranvir2106|move: Aurora Veil\n|\n|-weather|Snow|[upkeep]\n|upkeep\n|turn|5\n|\n|t:|1700751302\n|move|p1a: furrybait|Freeze-Dry|p2a: Rotom\n|-supereffective|p2a: Rotom\n|-damage|p2a: Rotom|55\/100\n|move|p2a: Rotom|Trick|p1a: furrybait\n|-activate|p2a: Rotom|move: Trick|[of] p1a: furrybait\n|-item|p1a: furrybait|Choice Scarf|[from] move: Trick\n|-item|p2a: Rotom|Light Clay|[from] move: Trick\n|\n|-weather|Snow|[upkeep]\n|upkeep\n|turn|6\n|\n|t:|1700751313\n|switch|p1a: lui - 13|Ting-Lu|100\/100\n|-damage|p1a: lui - 13|94\/100|[from] Stealth Rock\n|-ability|p1a: lui - 13|Vessel of Ruin\n|move|p2a: Rotom|Volt Switch|p1a: lui - 13\n|-immune|p1a: lui - 13\n|\n|-weather|Snow|[upkeep]\n|upkeep\n|turn|7\n|j| Seleukos\n|\n|t:|1700751322\n|switch|p2a: Espeon|Espeon, F|63\/100\n|switch|p1a: MISS Hisui|Lilligant-Hisui, F|100\/100\n|-damage|p1a: MISS Hisui|94\/100|[from] Stealth Rock\n|\n|-weather|Snow|[upkeep]\n|-heal|p2a: Espeon|69\/100|[from] item: Leftovers\n|upkeep\n|turn|8\n|\n|t:|1700751333\n|-terastallize|p1a: MISS Hisui|Ghost\n|move|p1a: MISS Hisui|Victory Dance|p1a: MISS Hisui\n|-boost|p1a: MISS Hisui|atk|1\n|-boost|p1a: MISS Hisui|def|1\n|-boost|p1a: MISS Hisui|spe|1\n|move|p2a: Espeon|Psyshock|p1a: MISS Hisui\n|-damage|p1a: MISS Hisui|77\/100\n|\n|-weather|none\n|-heal|p2a: Espeon|75\/100|[from] item: Leftovers\n|upkeep\n|turn|9\n|\n|t:|1700751351\n|switch|p2a: Glimmora|Glimmora, F|100\/100\n|move|p1a: MISS Hisui|Tera Blast|p2a: Glimmora|[anim] Tera Blast Ghost\n|-damage|p2a: Glimmora|28\/100\n|-activate|p2a: Glimmora|ability: Toxic Debris\n|-sidestart|p1: ranvir2106|move: Toxic Spikes\n|\n|upkeep\n|turn|10\n|\n|t:|1700751360\n|move|p1a: MISS Hisui|Tera Blast|p2a: Glimmora|[anim] Tera Blast Ghost\n|-damage|p2a: Glimmora|0 fnt\n|-activate|p2a: Glimmora|ability: Toxic Debris\n|-sidestart|p1: ranvir2106|move: Toxic Spikes\n|faint|p2a: Glimmora\n|\n|upkeep\n|\n|t:|1700751367\n|switch|p2a: Umbreon|Umbreon, M, shiny|100\/100\n|turn|11\n|\n|t:|1700751371\n|move|p1a: MISS Hisui|Substitute|p1a: MISS Hisui\n|-start|p1a: MISS Hisui|Substitute\n|-damage|p1a: MISS Hisui|52\/100\n|move|p2a: Umbreon|Yawn||[still]\n|-fail|p2a: Umbreon\n|\n|-sideend|p1: ranvir2106|move: Aurora Veil\n|upkeep\n|turn|12\n|\n|t:|1700751383\n|move|p1a: MISS Hisui|Close Combat|p2a: Umbreon\n|-supereffective|p2a: Umbreon\n|-damage|p2a: Umbreon|0 fnt\n|-unboost|p1a: MISS Hisui|def|1\n|-unboost|p1a: MISS Hisui|spd|1\n|faint|p2a: Umbreon\n|\n|upkeep\n|\n|t:|1700751386\n|switch|p2a: Garganacl|Garganacl, M, shiny|100\/100\n|turn|13\n|\n|t:|1700751392\n|-terastallize|p2a: Garganacl|Ghost\n|move|p1a: MISS Hisui|Victory Dance|p1a: MISS Hisui\n|-boost|p1a: MISS Hisui|atk|1\n|-boost|p1a: MISS Hisui|def|1\n|-boost|p1a: MISS Hisui|spe|1\n|move|p2a: Garganacl|Iron Defense|p2a: Garganacl\n|-boost|p2a: Garganacl|def|2\n|\n|upkeep\n|turn|14\n|\n|t:|1700751400\n|move|p1a: MISS Hisui|Tera Blast|p2a: Garganacl|[anim] Tera Blast Ghost|[miss]\n|-miss|p1a: MISS Hisui|p2a: Garganacl\n|move|p2a: Garganacl|Iron Defense|p2a: Garganacl\n|-boost|p2a: Garganacl|def|2\n|\n|upkeep\n|turn|15\n|\n|t:|1700751406\n|move|p1a: MISS Hisui|Tera Blast|p2a: Garganacl|[anim] Tera Blast Ghost\n|-supereffective|p2a: Garganacl\n|-damage|p2a: Garganacl|75\/100\n|move|p2a: Garganacl|Salt Cure|p1a: MISS Hisui\n|-activate|p1a: MISS Hisui|move: Substitute|[damage]\n|\n|-heal|p2a: Garganacl|81\/100|[from] item: Leftovers\n|upkeep\n|turn|16\n|\n|t:|1700751415\n|switch|p1a: lui - 13|Ting-Lu|94\/100\n|-damage|p1a: lui - 13|88\/100|[from] Stealth Rock\n|-status|p1a: lui - 13|tox\n|-ability|p1a: lui - 13|Vessel of Ruin\n|move|p2a: Garganacl|Salt Cure|p1a: lui - 13\n|-resisted|p1a: lui - 13\n|-damage|p1a: lui - 13|85\/100 tox\n|-start|p1a: lui - 13|Salt Cure\n|\n|-heal|p2a: Garganacl|87\/100|[from] item: Leftovers\n|-damage|p1a: lui - 13|79\/100 tox|[from] psn\n|-damage|p1a: lui - 13|66\/100 tox|[from] Salt Cure\n|upkeep\n|turn|17\n|\n|t:|1700751427\n|switch|p2a: Espeon|Espeon, F|75\/100\n|move|p1a: lui - 13|Whirlwind|p2a: Espeon\n|move|p2a: Espeon|Whirlwind|p1a: lui - 13|[from]ability: Magic Bounce\n|drag|p1a: MISS Hisui|Lilligant-Hisui, F, tera:Ghost|52\/100\n|-damage|p1a: MISS Hisui|40\/100|[from] Stealth Rock\n|-status|p1a: MISS Hisui|tox\n|\n|-heal|p2a: Espeon|81\/100|[from] item: Leftovers\n|-damage|p1a: MISS Hisui|34\/100 tox|[from] psn\n|upkeep\n|turn|18\n|\n|t:|1700751439\n|move|p1a: MISS Hisui|Tera Blast|p2a: Espeon|[anim] Tera Blast Ghost\n|-supereffective|p2a: Espeon\n|-damage|p2a: Espeon|0 fnt\n|faint|p2a: Espeon\n|\n|-damage|p1a: MISS Hisui|22\/100 tox|[from] psn\n|upkeep\n|\n|t:|1700751445\n|switch|p2a: Garganacl|Garganacl, M, shiny, tera:Ghost|87\/100\n|turn|19\n|\n|t:|1700751447\n|move|p1a: MISS Hisui|Tera Blast|p2a: Garganacl|[anim] Tera Blast Ghost\n|-supereffective|p2a: Garganacl\n|-damage|p2a: Garganacl|45\/100\n|move|p2a: Garganacl|Iron Defense|p2a: Garganacl\n|-boost|p2a: Garganacl|def|2\n|\n|-heal|p2a: Garganacl|51\/100|[from] item: Leftovers\n|-damage|p1a: MISS Hisui|4\/100 tox|[from] psn\n|upkeep\n|turn|20\n|\n|t:|1700751459\n|switch|p1a: lui - 13|Ting-Lu|66\/100 tox\n|-damage|p1a: lui - 13|60\/100 tox|[from] Stealth Rock\n|-ability|p1a: lui - 13|Vessel of Ruin\n|move|p2a: Garganacl|Recover|p2a: Garganacl\n|-heal|p2a: Garganacl|100\/100\n|\n|-damage|p1a: lui - 13|54\/100 tox|[from] psn\n|upkeep\n|turn|21\n|\n|t:|1700751469\n|move|p2a: Garganacl|Body Press|p1a: lui - 13\n|-supereffective|p1a: lui - 13\n|-damage|p1a: lui - 13|16\/100 tox\n|move|p1a: lui - 13|Whirlwind|p2a: Garganacl\n|drag|p2a: Rotom|Rotom-Wash|55\/100\n|\n|-damage|p1a: lui - 13|3\/100 tox|[from] psn\n|upkeep\n|turn|22\n|\n|t:|1700751482\n|switch|p2a: Drifblim|Drifblim, M|100\/100\n|move|p1a: lui - 13|Whirlwind|p2a: Drifblim\n|drag|p2a: Garganacl|Garganacl, M, shiny, tera:Ghost|100\/100\n|\n|-damage|p1a: lui - 13|0 fnt|[from] psn\n|faint|p1a: lui - 13\n|upkeep\n|\n|t:|1700751491\n|switch|p1a: coins|Gholdengo|100\/100\n|-damage|p1a: coins|94\/100|[from] Stealth Rock\n|-item|p1a: coins|Air Balloon\n|turn|23\n|\n|t:|1700751496\n|move|p1a: coins|Nasty Plot|p1a: coins\n|-boost|p1a: coins|spa|2\n|move|p2a: Garganacl|Salt Cure|p1a: coins\n|-resisted|p1a: coins\n|-damage|p1a: coins|88\/100\n|-start|p1a: coins|Salt Cure\n|-enditem|p1a: coins|Air Balloon\n|\n|-damage|p1a: coins|63\/100|[from] Salt Cure\n|upkeep\n|turn|24\n|\n|t:|1700751508\n|switch|p2a: Rotom|Rotom-Wash|55\/100\n|move|p1a: coins|Shadow Ball|p2a: Rotom\n|-damage|p2a: Rotom|0 fnt\n|faint|p2a: Rotom\n|\n|-damage|p1a: coins|38\/100|[from] Salt Cure\n|upkeep\n|\n|t:|1700751515\n|switch|p2a: Drifblim|Drifblim, M|100\/100\n|turn|25\n|\n|t:|1700751524\n|switch|p1a: MISS Hisui|Lilligant-Hisui, F, tera:Ghost|4\/100 tox\n|-damage|p1a: MISS Hisui|0 fnt|[from] Stealth Rock\n|faint|p1a: MISS Hisui\n|move|p2a: Drifblim|Knock Off|p1: MISS Hisui|[notarget]\n|-fail|p2a: Drifblim\n|\n|upkeep\n|\n|t:|1700751532\n|switch|p1a: duck|Quaquaval, F|100\/100\n|turn|26\n|\n|t:|1700751542\n|switch|p2a: Garganacl|Garganacl, M, shiny, tera:Ghost|100\/100\n|move|p1a: duck|Aqua Step|p2a: Garganacl\n|-damage|p2a: Garganacl|73\/100\n|-boost|p1a: duck|spe|1\n|\n|-heal|p2a: Garganacl|79\/100|[from] item: Leftovers\n|upkeep\n|turn|27\n|\n|t:|1700751553\n|switch|p1a: coins|Gholdengo|38\/100\n|-damage|p1a: coins|32\/100|[from] Stealth Rock\n|move|p2a: Garganacl|Iron Defense|p2a: Garganacl\n|-boost|p2a: Garganacl|def|2\n|\n|-heal|p2a: Garganacl|85\/100|[from] item: Leftovers\n|upkeep\n|turn|28\n|\n|t:|1700751561\n|move|p1a: coins|Recover|p1a: coins\n|-heal|p1a: coins|82\/100\n|move|p2a: Garganacl|Salt Cure|p1a: coins\n|-resisted|p1a: coins\n|-damage|p1a: coins|75\/100\n|-start|p1a: coins|Salt Cure\n|\n|-heal|p2a: Garganacl|92\/100|[from] item: Leftovers\n|-damage|p1a: coins|50\/100|[from] Salt Cure\n|upkeep\n|turn|29\n|\n|t:|1700751570\n|switch|p1a: duck|Quaquaval, F|100\/100\n|move|p2a: Garganacl|Salt Cure|p1a: duck\n|-resisted|p1a: duck\n|-damage|p1a: duck|91\/100\n|-start|p1a: duck|Salt Cure\n|\n|-heal|p2a: Garganacl|98\/100|[from] item: Leftovers\n|-damage|p1a: duck|66\/100|[from] Salt Cure\n|upkeep\n|turn|30\n|\n|t:|1700751582\n|move|p1a: duck|Roost|p1a: duck\n|-heal|p1a: duck|100\/100\n|-singleturn|p1a: duck|move: Roost\n|move|p2a: Garganacl|Iron Defense|p2a: Garganacl\n|-boost|p2a: Garganacl|def|2\n|\n|-heal|p2a: Garganacl|100\/100|[from] item: Leftovers\n|-damage|p1a: duck|76\/100|[from] Salt Cure\n|upkeep\n|turn|31\n|\n|t:|1700751590\n|move|p1a: duck|Aqua Step|p2a: Garganacl\n|-damage|p2a: Garganacl|91\/100\n|-boost|p1a: duck|spe|1\n|move|p2a: Garganacl|Salt Cure|p1a: duck\n|-resisted|p1a: duck\n|-damage|p1a: duck|66\/100\n|\n|-heal|p2a: Garganacl|97\/100|[from] item: Leftovers\n|-damage|p1a: duck|41\/100|[from] Salt Cure\n|upkeep\n|turn|32\n|\n|t:|1700751599\n|switch|p1a: coins|Gholdengo|50\/100\n|-damage|p1a: coins|44\/100|[from] Stealth Rock\n|move|p2a: Garganacl|Salt Cure|p1a: coins\n|-resisted|p1a: coins\n|-damage|p1a: coins|38\/100\n|-start|p1a: coins|Salt Cure\n|\n|-heal|p2a: Garganacl|100\/100|[from] item: Leftovers\n|-damage|p1a: coins|13\/100|[from] Salt Cure\n|upkeep\n|turn|33\n|\n|t:|1700751609\n|move|p1a: coins|Recover|p1a: coins\n|-heal|p1a: coins|63\/100\n|move|p2a: Garganacl|Salt Cure|p1a: coins\n|-resisted|p1a: coins\n|-damage|p1a: coins|56\/100\n|\n|-damage|p1a: coins|31\/100|[from] Salt Cure\n|upkeep\n|turn|34\n|\n|t:|1700751617\n|switch|p1a: duck|Quaquaval, F|41\/100\n|switch|p2a: Drifblim|Drifblim, M|100\/100\n|\n|upkeep\n|turn|35\n|\n|t:|1700751626\n|move|p2a: Drifblim|Trick|p1a: duck\n|-activate|p2a: Drifblim|move: Trick|[of] p1a: duck\n|-item|p1a: duck|Choice Scarf|[from] move: Trick\n|-item|p2a: Drifblim|Heavy-Duty Boots|[from] move: Trick\n|move|p1a: duck|Aqua Step|p2a: Drifblim\n|-damage|p2a: Drifblim|43\/100\n|-boost|p1a: duck|spe|1\n|\n|upkeep\n|turn|36\n|\n|t:|1700751634\n|switch|p2a: Garganacl|Garganacl, M, shiny, tera:Ghost|100\/100\n|move|p1a: duck|Aqua Step|p2a: Garganacl\n|-damage|p2a: Garganacl|76\/100\n|-boost|p1a: duck|spe|1\n|\n|-heal|p2a: Garganacl|82\/100|[from] item: Leftovers\n|upkeep\n|turn|37\n|l| Seleukos\n|\n|t:|1700751642\n|switch|p1a: coins|Gholdengo|31\/100\n|-damage|p1a: coins|25\/100|[from] Stealth Rock\n|move|p2a: Garganacl|Salt Cure|p1a: coins\n|-resisted|p1a: coins\n|-damage|p1a: coins|19\/100\n|-start|p1a: coins|Salt Cure\n|\n|-heal|p2a: Garganacl|88\/100|[from] item: Leftovers\n|-damage|p1a: coins|0 fnt|[from] Salt Cure\n|faint|p1a: coins\n|upkeep\n|-message|ranvir2106 forfeited.\n|\n|win|liaoya\n|raw|ranvir2106's rating: 1527 &rarr; <strong>1511<\/strong><br \/>(-16 for losing)\n|raw|liaoya's rating: 1592 &rarr; <strong>1608<\/strong><br \/>(+16 for winning)\n|l|\u2606ranvir2106\n|c|\u2606liaoya|gg\n","uploadtime":1700751658,"views":2,"p1id":"ranvir2106","p2id":"liaoya","formatid":"gen9ou","rating":1511,"private":0,"password":""}