{"id":"gen9ou-1993013652","p1":"larakecheese","p2":"Kaoripk","format":"[Gen 9] OU","log":"|j|\u203dlarakecheese\n|j|\u2606Kaoripk\n|t:|1700255522\n|gametype|singles\n|player|p1|larakecheese|ghetsis-gen5bw|1418\n|player|p2|Kaoripk|lucas|1379\n|teamsize|p1|6\n|teamsize|p2|6\n|gen|9\n|tier|[Gen 9] OU\n|rated|\n|rule|Sleep Clause Mod: Limit one foe put to sleep\n|rule|Species Clause: Limit one of each Pok\u00e9mon\n|rule|OHKO Clause: OHKO moves are banned\n|rule|Evasion Items Clause: Evasion items are banned\n|rule|Evasion Moves Clause: Evasion moves are banned\n|rule|Endless Battle Clause: Forcing endless battles is banned\n|rule|HP Percentage Mod: HP is shown in percentages\n|clearpoke\n|poke|p1|Torterra, F|\n|poke|p1|Ribombee, M|\n|poke|p1|Gholdengo|\n|poke|p1|Iron Moth|\n|poke|p1|Great Tusk|\n|poke|p1|Walking Wake|\n|poke|p2|Ursaluna, M|\n|poke|p2|Slowking-Galar, M|\n|poke|p2|Corviknight, M|\n|poke|p2|Meowscarada, M|\n|poke|p2|Toxapex, M|\n|poke|p2|Dondozo, M|\n|teampreview\n|inactive|Battle timer is ON: inactive players will automatically lose when time's up. (requested by larakecheese)\n|\n|t:|1700255543\n|start\n|switch|p1a: Ribombee|Ribombee, M|100\/100\n|switch|p2a: Slowking|Slowking-Galar, M, shiny|100\/100\n|turn|1\n|\n|t:|1700255555\n|switch|p1a: Gholdengo|Gholdengo|100\/100\n|-item|p1a: Gholdengo|Air Balloon\n|move|p2a: Slowking|Sludge Bomb|p1a: Gholdengo\n|-immune|p1a: Gholdengo\n|\n|upkeep\n|turn|2\n|\n|t:|1700255567\n|switch|p1a: Iron Moth|Iron Moth|100\/100\n|-enditem|p1a: Iron Moth|Booster Energy\n|-activate|p1a: Iron Moth|ability: Quark Drive|[fromitem]\n|-start|p1a: Iron Moth|quarkdrivespa\n|move|p2a: Slowking|Flamethrower|p1a: Iron Moth\n|-resisted|p1a: Iron Moth\n|-damage|p1a: Iron Moth|90\/100\n|\n|upkeep\n|turn|3\n|\n|t:|1700255576\n|move|p1a: Iron Moth|Substitute|p1a: Iron Moth\n|-start|p1a: Iron Moth|Substitute\n|-damage|p1a: Iron Moth|65\/100\n|move|p2a: Slowking|Mud Shot|p1a: Iron Moth\n|-supereffective|p1a: Iron Moth\n|-end|p1a: Iron Moth|Substitute\n|\n|upkeep\n|turn|4\n|\n|t:|1700255583\n|-end|p1a: Iron Moth|Quark Drive|[silent]\n|switch|p1a: Ribombee|Ribombee, M|100\/100\n|move|p2a: Slowking|Mud Shot|p1a: Ribombee\n|-resisted|p1a: Ribombee\n|-damage|p1a: Ribombee|90\/100\n|\n|upkeep\n|turn|5\n|\n|t:|1700255590\n|move|p1a: Ribombee|Sticky Web|p2a: Slowking\n|-sidestart|p2: Kaoripk|move: Sticky Web\n|move|p2a: Slowking|Future Sight|p1a: Ribombee\n|-start|p2a: Slowking|move: Future Sight\n|\n|upkeep\n|turn|6\n|\n|t:|1700255596\n|switch|p1a: Great Tusk|Great Tusk|100\/100\n|-enditem|p1a: Great Tusk|Booster Energy\n|-activate|p1a: Great Tusk|ability: Protosynthesis|[fromitem]\n|-start|p1a: Great Tusk|protosynthesisatk\n|move|p2a: Slowking|Sludge Bomb|p1a: Great Tusk\n|-resisted|p1a: Great Tusk\n|-damage|p1a: Great Tusk|73\/100\n|-status|p1a: Great Tusk|psn\n|\n|-damage|p1a: Great Tusk|60\/100 psn|[from] psn\n|upkeep\n|turn|7\n|\n|t:|1700255608\n|switch|p2a: Dondozo|Dondozo, M, shiny|100\/100\n|move|p1a: Great Tusk|Rapid Spin|p2a: Dondozo\n|-crit|p2a: Dondozo\n|-damage|p2a: Dondozo|86\/100\n|-boost|p1a: Great Tusk|spe|1\n|\n|-end|p1a: Great Tusk|move: Future Sight\n|-supereffective|p1a: Great Tusk\n|-damage|p1a: Great Tusk|0 fnt\n|faint|p1a: Great Tusk\n|-end|p1a: Great Tusk|Protosynthesis|[silent]\n|upkeep\n|\n|t:|1700255622\n|switch|p1a: Torterra|Torterra, F|100\/100\n|turn|8\n|\n|t:|1700255634\n|switch|p2a: Corviknight|Corviknight, M, shiny|100\/100\n|-ability|p2a: Corviknight|Pressure\n|move|p1a: Torterra|Shell Smash|p1a: Torterra\n|-unboost|p1a: Torterra|def|1\n|-unboost|p1a: Torterra|spd|1\n|-boost|p1a: Torterra|atk|2\n|-boost|p1a: Torterra|spa|2\n|-boost|p1a: Torterra|spe|2\n|\n|upkeep\n|turn|9\n|\n|t:|1700255652\n|move|p1a: Torterra|Rock Blast|p2a: Corviknight\n|-damage|p2a: Corviknight|91\/100\n|-damage|p2a: Corviknight|80\/100\n|-damage|p2a: Corviknight|70\/100\n|-damage|p2a: Corviknight|59\/100\n|-damage|p2a: Corviknight|48\/100\n|-hitcount|p2a: Corviknight|5\n|move|p2a: Corviknight|Brave Bird|p1a: Torterra\n|-supereffective|p1a: Torterra\n|-damage|p1a: Torterra|0 fnt\n|faint|p1a: Torterra\n|-damage|p2a: Corviknight|21\/100|[from] Recoil\n|\n|upkeep\n|\n|t:|1700255670\n|switch|p1a: Iron Moth|Iron Moth|65\/100\n|turn|10\n|\n|t:|1700255674\n|switch|p2a: Slowking|Slowking-Galar, M, shiny|100\/100\n|-activate|p2a: Slowking|move: Sticky Web\n|-unboost|p2a: Slowking|spe|1\n|move|p1a: Iron Moth|Fiery Dance|p2a: Slowking\n|-damage|p2a: Slowking|75\/100\n|-boost|p1a: Iron Moth|spa|1\n|\n|upkeep\n|turn|11\n|\n|t:|1700255686\n|move|p1a: Iron Moth|Fiery Dance|p2a: Slowking\n|-damage|p2a: Slowking|38\/100\n|move|p2a: Slowking|Future Sight|p1a: Iron Moth\n|-start|p2a: Slowking|move: Future Sight\n|\n|upkeep\n|turn|12\n|\n|t:|1700255696\n|move|p1a: Iron Moth|Fiery Dance|p2a: Slowking\n|-damage|p2a: Slowking|3\/100\n|-boost|p1a: Iron Moth|spa|1\n|move|p2a: Slowking|Mud Shot|p1a: Iron Moth\n|-supereffective|p1a: Iron Moth\n|-damage|p1a: Iron Moth|1\/100\n|-unboost|p1a: Iron Moth|spe|1\n|\n|upkeep\n|turn|13\n|\n|t:|1700255705\n|switch|p2a: Toxapex|Toxapex, M, shiny|100\/100\n|-activate|p2a: Toxapex|move: Sticky Web\n|-unboost|p2a: Toxapex|spe|1\n|move|p1a: Iron Moth|Sludge Wave|p2a: Toxapex\n|-resisted|p2a: Toxapex\n|-damage|p2a: Toxapex|67\/100\n|\n|-end|p1a: Iron Moth|move: Future Sight\n|-supereffective|p1a: Iron Moth\n|-damage|p1a: Iron Moth|0 fnt\n|faint|p1a: Iron Moth\n|-end|p1a: Iron Moth|Quark Drive|[silent]\n|upkeep\n|\n|t:|1700255714\n|switch|p1a: Gholdengo|Gholdengo|100\/100\n|-item|p1a: Gholdengo|Air Balloon\n|turn|14\n|\n|t:|1700255721\n|move|p1a: Gholdengo|Nasty Plot|p1a: Gholdengo\n|-boost|p1a: Gholdengo|spa|2\n|move|p2a: Toxapex|Infestation|p1a: Gholdengo\n|-resisted|p1a: Gholdengo\n|-damage|p1a: Gholdengo|99\/100\n|-activate|p1a: Gholdengo|move: Infestation|[of] p2a: Toxapex\n|-enditem|p1a: Gholdengo|Air Balloon\n|\n|-damage|p1a: Gholdengo|88\/100|[from] move: Infestation|[partiallytrapped]\n|upkeep\n|turn|15\n|\n|t:|1700255747\n|move|p2a: Toxapex|Baneful Bunker|p2a: Toxapex\n|-singleturn|p2a: Toxapex|move: Protect\n|move|p1a: Gholdengo|Shadow Ball|p2a: Toxapex\n|-activate|p2a: Toxapex|move: Protect\n|\n|-damage|p1a: Gholdengo|75\/100|[from] move: Infestation|[partiallytrapped]\n|upkeep\n|turn|16\n|inactive|Kaoripk has 120 seconds left.\n|\n|t:|1700255777\n|switch|p2a: Corviknight|Corviknight, M, shiny|21\/100\n|-ability|p2a: Corviknight|Pressure\n|move|p1a: Gholdengo|Shadow Ball|p2a: Corviknight\n|-damage|p2a: Corviknight|0 fnt\n|faint|p2a: Corviknight\n|\n|-end|p1a: Gholdengo|Infestation|[partiallytrapped]|[silent]\n|upkeep\n|inactive|Kaoripk has 90 seconds left.\n|\n|t:|1700255797\n|switch|p2a: Meowscarada|Meowscarada, M, shiny|100\/100\n|-activate|p2a: Meowscarada|move: Sticky Web\n|-unboost|p2a: Meowscarada|spe|1\n|turn|17\n|\n|t:|1700255804\n|move|p2a: Meowscarada|Sucker Punch|p1a: Gholdengo\n|-start|p2a: Meowscarada|typechange|Dark|[from] ability: Protean\n|-supereffective|p1a: Gholdengo\n|-damage|p1a: Gholdengo|2\/100\n|move|p1a: Gholdengo|Make It Rain|p2a: Meowscarada\n|-damage|p2a: Meowscarada|0 fnt\n|-unboost|p1a: Gholdengo|spa|1\n|faint|p2a: Meowscarada\n|\n|upkeep\n|inactive|Kaoripk has 90 seconds left.\n|\n|t:|1700255816\n|switch|p2a: Toxapex|Toxapex, M, shiny|99\/100\n|-activate|p2a: Toxapex|move: Sticky Web\n|-unboost|p2a: Toxapex|spe|1\n|turn|18\n|\n|t:|1700255821\n|move|p1a: Gholdengo|Recover|p1a: Gholdengo\n|-heal|p1a: Gholdengo|52\/100\n|move|p2a: Toxapex|Infestation|p1a: Gholdengo\n|-resisted|p1a: Gholdengo\n|-damage|p1a: Gholdengo|51\/100\n|-activate|p1a: Gholdengo|move: Infestation|[of] p2a: Toxapex\n|\n|-damage|p1a: Gholdengo|39\/100|[from] move: Infestation|[partiallytrapped]\n|upkeep\n|turn|19\n|\n|t:|1700255830\n|switch|p2a: Ursaluna|Ursaluna, M, shiny|100\/100\n|-activate|p2a: Ursaluna|move: Sticky Web\n|-unboost|p2a: Ursaluna|spe|1\n|move|p1a: Gholdengo|Recover|p1a: Gholdengo\n|-heal|p1a: Gholdengo|89\/100\n|\n|-end|p1a: Gholdengo|Infestation|[partiallytrapped]|[silent]\n|-status|p2a: Ursaluna|brn|[from] item: Flame Orb\n|upkeep\n|turn|20\n|\n|t:|1700255841\n|move|p1a: Gholdengo|Make It Rain|p2a: Ursaluna\n|-damage|p2a: Ursaluna|31\/100 brn\n|-unboost|p1a: Gholdengo|spa|1\n|move|p2a: Ursaluna|Earthquake|p1a: Gholdengo\n|-supereffective|p1a: Gholdengo\n|-damage|p1a: Gholdengo|0 fnt\n|faint|p1a: Gholdengo\n|\n|-damage|p2a: Ursaluna|25\/100 brn|[from] brn\n|upkeep\n|\n|t:|1700255847\n|switch|p1a: Ribombee|Ribombee, M|90\/100\n|turn|21\n|\n|t:|1700255856\n|switch|p2a: Slowking|Slowking-Galar, M, shiny|36\/100\n|-activate|p2a: Slowking|move: Sticky Web\n|-unboost|p2a: Slowking|spe|1\n|move|p1a: Ribombee|Moonblast|p2a: Slowking\n|-resisted|p2a: Slowking\n|-damage|p2a: Slowking|26\/100\n|\n|upkeep\n|turn|22\n|inactive|Kaoripk has 120 seconds left.\n|\n|t:|1700255874\n|switch|p2a: Ursaluna|Ursaluna, M, shiny|25\/100 brn\n|-activate|p2a: Ursaluna|move: Sticky Web\n|-unboost|p2a: Ursaluna|spe|1\n|-terastallize|p1a: Ribombee|Ghost\n|move|p1a: Ribombee|Psychic|p2a: Ursaluna\n|-damage|p2a: Ursaluna|0 fnt\n|faint|p2a: Ursaluna\n|\n|upkeep\n|\n|t:|1700255892\n|switch|p2a: Slowking|Slowking-Galar, M, shiny|59\/100\n|-activate|p2a: Slowking|move: Sticky Web\n|-unboost|p2a: Slowking|spe|1\n|turn|23\n|\n|t:|1700255908\n|move|p1a: Ribombee|Stun Spore|p2a: Slowking\n|-status|p2a: Slowking|par\n|cant|p2a: Slowking|par\n|\n|upkeep\n|turn|24\n|\n|t:|1700255914\n|move|p1a: Ribombee|Moonblast|p2a: Slowking\n|-resisted|p2a: Slowking\n|-damage|p2a: Slowking|49\/100 par\n|move|p2a: Slowking|Future Sight|p1a: Ribombee\n|-start|p2a: Slowking|move: Future Sight\n|\n|upkeep\n|turn|25\n|\n|t:|1700255920\n|move|p1a: Ribombee|Moonblast|p2a: Slowking\n|-resisted|p2a: Slowking\n|-damage|p2a: Slowking|39\/100 par\n|move|p2a: Slowking|Sludge Bomb|p1a: Ribombee\n|-resisted|p1a: Ribombee\n|-damage|p1a: Ribombee|61\/100\n|\n|upkeep\n|turn|26\n|\n|t:|1700255928\n|switch|p2a: Toxapex|Toxapex, M, shiny|100\/100\n|-activate|p2a: Toxapex|move: Sticky Web\n|-unboost|p2a: Toxapex|spe|1\n|move|p1a: Ribombee|Psychic|p2a: Toxapex\n|-supereffective|p2a: Toxapex\n|-damage|p2a: Toxapex|68\/100\n|\n|-end|p1a: Ribombee|move: Future Sight\n|-damage|p1a: Ribombee|0 fnt\n|faint|p1a: Ribombee\n|upkeep\n|\n|t:|1700255934\n|switch|p1a: Walking Wake|Walking Wake|100\/100\n|-enditem|p1a: Walking Wake|Booster Energy\n|-activate|p1a: Walking Wake|ability: Protosynthesis|[fromitem]\n|-start|p1a: Walking Wake|protosynthesisspa\n|turn|27\n|inactive|Kaoripk has 120 seconds left.\n|\n|t:|1700255944\n|move|p2a: Toxapex|Baneful Bunker|p2a: Toxapex\n|-singleturn|p2a: Toxapex|move: Protect\n|move|p1a: Walking Wake|Substitute|p1a: Walking Wake\n|-start|p1a: Walking Wake|Substitute\n|-damage|p1a: Walking Wake|76\/100\n|\n|upkeep\n|turn|28\n|inactive|Kaoripk has 120 seconds left.\n|\n|t:|1700255955\n|switch|p2a: Dondozo|Dondozo, M, shiny|86\/100\n|move|p1a: Walking Wake|Dragon Pulse|p2a: Dondozo\n|-damage|p2a: Dondozo|28\/100\n|\n|upkeep\n|turn|29\n|\n|t:|1700255962\n|move|p1a: Walking Wake|Dragon Pulse|p2a: Dondozo\n|-damage|p2a: Dondozo|0 fnt\n|faint|p2a: Dondozo\n|\n|upkeep\n|-message|Kaoripk forfeited.\n|\n|win|larakecheese\n|raw|larakecheese's rating: 1418 &rarr; <strong>1436<\/strong><br \/>(+18 for winning)\n|raw|Kaoripk's rating: 1379 &rarr; <strong>1361<\/strong><br \/>(-18 for losing)\n|l|\u2606Kaoripk\n","uploadtime":1700255976,"views":12,"p1id":"larakecheese","p2id":"kaoripk","formatid":"gen9ou","rating":1361,"private":0,"password":""}