{"id":"gen9ou-1995229363","p1":"vietdo03","p2":"Phoenix2405","format":"[Gen 9] OU","log":"|j|\u2606vietdo03\n|j|\u2606Phoenix2405\n|t:|1700537340\n|gametype|singles\n|player|p1|vietdo03|swimmerf-gen4dp|1065\n|player|p2|Phoenix2405|may-contest|1079\n|teamsize|p1|6\n|teamsize|p2|6\n|gen|9\n|tier|[Gen 9] OU\n|rated|\n|rule|Sleep Clause Mod: Limit one foe put to sleep\n|rule|Species Clause: Limit one of each Pok\u00e9mon\n|rule|OHKO Clause: OHKO moves are banned\n|rule|Evasion Items Clause: Evasion items are banned\n|rule|Evasion Moves Clause: Evasion moves are banned\n|rule|Endless Battle Clause: Forcing endless battles is banned\n|rule|HP Percentage Mod: HP is shown in percentages\n|clearpoke\n|poke|p1|Tauros-Paldea-Aqua, M|\n|poke|p1|Slowking-Galar, M|\n|poke|p1|Azelf|\n|poke|p1|Manaphy|\n|poke|p1|Maushold-Four|\n|poke|p1|Ceruledge, M|\n|poke|p2|Dragapult, F|\n|poke|p2|Maushold|\n|poke|p2|Iron Valiant|\n|poke|p2|Ceruledge, M|\n|poke|p2|Ninetales-Alola, F|\n|poke|p2|Kingambit, F|\n|teampreview\n|j| hooooolyshit\n|j| The_Opposum\n|\n|t:|1700537373\n|start\n|switch|p1a: Ceruledge|Ceruledge, M|100\/100\n|switch|p2a: Maushold|Maushold|100\/100\n|turn|1\n|inactive|Battle timer is ON: inactive players will automatically lose when time's up. (requested by Phoenix2405)\n|\n|t:|1700537394\n|move|p2a: Maushold|Bite|p1a: Ceruledge\n|-supereffective|p1a: Ceruledge\n|-damage|p1a: Ceruledge|40\/100\n|-ability|p1a: Ceruledge|Weak Armor|boost\n|-unboost|p1a: Ceruledge|def|1\n|-boost|p1a: Ceruledge|spe|2\n|cant|p1a: Ceruledge|flinch\n|\n|upkeep\n|turn|2\n|\n|t:|1700537406\n|move|p1a: Ceruledge|Bitter Blade|p2a: Maushold\n|-damage|p2a: Maushold|25\/100\n|-heal|p1a: Ceruledge|78\/100|[from] drain|[of] p2a: Maushold\n|move|p2a: Maushold|Bite|p1a: Ceruledge\n|-supereffective|p1a: Ceruledge\n|-damage|p1a: Ceruledge|0 fnt\n|faint|p1a: Ceruledge\n|\n|upkeep\n|\n|t:|1700537431\n|switch|p1a: Tauros|Tauros-Paldea-Aqua, M|100\/100\n|-ability|p1a: Tauros|Intimidate|boost\n|-unboost|p2a: Maushold|atk|1\n|turn|3\n|\n|t:|1700537439\n|move|p1a: Tauros|Aqua Jet|p2a: Maushold\n|-damage|p2a: Maushold|0 fnt\n|faint|p2a: Maushold\n|\n|upkeep\n|\n|t:|1700537447\n|switch|p2a: TransRights|Ninetales-Alola, F, shiny|100\/100\n|-weather|Snow|[from] ability: Snow Warning|[of] p2a: TransRights\n|turn|4\n|\n|t:|1700537465\n|switch|p1a: Slowking|Slowking-Galar, M|100\/100\n|move|p2a: TransRights|Aurora Veil|p2a: TransRights\n|-sidestart|p2: Phoenix2405|move: Aurora Veil\n|\n|-weather|Snow|[upkeep]\n|upkeep\n|turn|5\n|\n|t:|1700537490\n|switch|p2a: Dunban|Kingambit, F|100\/100\n|-activate|p2a: Dunban|ability: Supreme Overlord\n|-start|p2a: Dunban|fallen1|[silent]\n|move|p1a: Slowking|Foul Play|p2a: Dunban\n|-resisted|p2a: Dunban\n|-damage|p2a: Dunban|93\/100\n|\n|-weather|Snow|[upkeep]\n|upkeep\n|turn|6\n|\n|t:|1700537502\n|switch|p1a: Tauros|Tauros-Paldea-Aqua, M|100\/100\n|-ability|p1a: Tauros|Intimidate|boost\n|-unboost|p2a: Dunban|atk|1\n|move|p2a: Dunban|Swords Dance|p2a: Dunban\n|-boost|p2a: Dunban|atk|2\n|\n|-weather|Snow|[upkeep]\n|upkeep\n|turn|7\n|\n|t:|1700537521\n|-end|p2a: Dunban|fallen1|[silent]\n|switch|p2a: Siren|Dragapult, F, shiny|100\/100\n|move|p1a: Tauros|Close Combat|p2a: Siren\n|-immune|p2a: Siren\n|\n|-weather|Snow|[upkeep]\n|upkeep\n|turn|8\n|j| palestjade\n|\n|t:|1700537539\n|switch|p1a: Slowking|Slowking-Galar, M|100\/100\n|move|p2a: Siren|Thunderbolt|p1a: Slowking\n|-damage|p1a: Slowking|85\/100\n|\n|-weather|none\n|upkeep\n|turn|9\n|inactive|vietdo03 has 120 seconds left.\n|\n|t:|1700537584\n|switch|p2a: Dunban|Kingambit, F|93\/100\n|-activate|p2a: Dunban|ability: Supreme Overlord\n|-start|p2a: Dunban|fallen1|[silent]\n|-terastallize|p1a: Slowking|Poison\n|move|p1a: Slowking|Foul Play|p2a: Dunban\n|-resisted|p2a: Dunban\n|-damage|p2a: Dunban|85\/100\n|\n|upkeep\n|turn|10\n|c| The_Opposum|i've been playing too much honkai and read that as sirin, i apologize for nothing\n|l| palestjade\n|\n|t:|1700537597\n|switch|p1a: Tauros|Tauros-Paldea-Aqua, M|100\/100\n|-ability|p1a: Tauros|Intimidate|boost\n|-unboost|p2a: Dunban|atk|1\n|move|p2a: Dunban|Swords Dance|p2a: Dunban\n|-boost|p2a: Dunban|atk|2\n|\n|upkeep\n|turn|11\n|j| palestjade\n|inactive|vietdo03 has 90 seconds left.\n|inactive|Phoenix2405 has 120 seconds left.\n|\n|t:|1700537632\n|-end|p2a: Dunban|fallen1|[silent]\n|switch|p2a: Siren|Dragapult, F, shiny|100\/100\n|move|p1a: Tauros|Close Combat|p2a: Siren\n|-immune|p2a: Siren\n|\n|-sideend|p2: Phoenix2405|move: Aurora Veil\n|upkeep\n|turn|12\n|inactive|Phoenix2405 has 120 seconds left.\n|\n|t:|1700537647\n|switch|p1a: Slowking|Slowking-Galar, M, tera:Poison|100\/100\n|move|p2a: Siren|Draco Meteor|p1a: Slowking|[miss]\n|-miss|p2a: Siren|p1a: Slowking\n|\n|upkeep\n|turn|13\n|l| palestjade\n|\n|t:|1700537657\n|move|p2a: Siren|Draco Meteor|p1a: Slowking\n|-damage|p1a: Slowking|64\/100\n|-unboost|p2a: Siren|spa|2\n|move|p1a: Slowking|Fire Blast|p2a: Siren|[miss]\n|-miss|p1a: Slowking|p2a: Siren\n|\n|upkeep\n|turn|14\n|j| palestjade\n|inactive|Phoenix2405 has 120 seconds left.\n|\n|t:|1700537679\n|switch|p2a: Rex|Ceruledge, M|100\/100\n|move|p1a: Slowking|Foul Play|p2a: Rex\n|-supereffective|p2a: Rex\n|-damage|p2a: Rex|22\/100\n|\n|upkeep\n|turn|15\n|inactive|Phoenix2405 has 120 seconds left.\n|c| palestjade|im a wall man im tanky asf man\n|\n|t:|1700537695\n|switch|p2a: TransRights|Ninetales-Alola, F, shiny|100\/100\n|-weather|Snow|[from] ability: Snow Warning|[of] p2a: TransRights\n|move|p1a: Slowking|Foul Play|p2a: TransRights\n|-resisted|p2a: TransRights\n|-damage|p2a: TransRights|96\/100\n|\n|-weather|Snow|[upkeep]\n|upkeep\n|turn|16\n|inactive|Phoenix2405 has 120 seconds left.\n|\n|t:|1700537713\n|move|p2a: TransRights|Aurora Veil|p2a: TransRights\n|-sidestart|p2: Phoenix2405|move: Aurora Veil\n|move|p1a: Slowking|Sludge Bomb|p2a: TransRights\n|-supereffective|p2a: TransRights\n|-damage|p2a: TransRights|52\/100\n|\n|-weather|Snow|[upkeep]\n|upkeep\n|turn|17\n|inactive|Phoenix2405 has 120 seconds left.\n|c|\u2606Phoenix2405|this will freeze\n|\n|t:|1700537726\n|switch|p1a: Tauros|Tauros-Paldea-Aqua, M|100\/100\n|-ability|p1a: Tauros|Intimidate|boost\n|-unboost|p2a: TransRights|atk|1\n|move|p2a: TransRights|Blizzard|p1a: Tauros\n|-resisted|p1a: Tauros\n|-damage|p1a: Tauros|77\/100\n|-status|p1a: Tauros|frz\n|\n|-weather|Snow|[upkeep]\n|upkeep\n|turn|18\n|c| The_Opposum|LOL\n|c|\u2606Phoenix2405|HAHAHAHAHAHA\n|c| hooooolyshit|LOL\n|inactive|Phoenix2405 has 120 seconds left.\n|c|\u2606Phoenix2405|LMFAOOOOOOOOOO\n|inactive|vietdo03 has 60 seconds left.\n|c| palestjade|\"Unfortunate\" doesn't begin to describe my series\n|\n|t:|1700537764\n|switch|p2a: A|Iron Valiant|100\/100\n|-enditem|p2a: A|Booster Energy\n|-activate|p2a: A|ability: Quark Drive|[fromitem]\n|-start|p2a: A|quarkdrivespe\n|switch|p1a: Azelf|Azelf|100\/100\n|\n|-weather|Snow|[upkeep]\n|upkeep\n|turn|19\n|inactive|Phoenix2405 has 120 seconds left.\n|inactive|vietdo03 has 30 seconds left.\n|\n|t:|1700537795\n|switch|p1a: Slowking|Slowking-Galar, M, tera:Poison|97\/100\n|move|p2a: A|Calm Mind|p2a: A\n|-boost|p2a: A|spa|1\n|-boost|p2a: A|spd|1\n|\n|-weather|none\n|upkeep\n|turn|20\n|inactive|vietdo03 has 30 seconds left.\n|\n|t:|1700537807\n|move|p2a: A|Psyshock|p1a: Slowking\n|-supereffective|p1a: Slowking\n|-damage|p1a: Slowking|10\/100\n|move|p1a: Slowking|Sludge Bomb|p2a: A\n|-supereffective|p2a: A\n|-damage|p2a: A|44\/100\n|-status|p2a: A|psn\n|\n|-damage|p2a: A|32\/100 psn|[from] psn\n|upkeep\n|turn|21\n|inactive|vietdo03 has 30 seconds left.\n|inactive|vietdo03 has 20 seconds left.\n|\n|t:|1700537825\n|switch|p1a: Azelf|Azelf|100\/100\n|move|p2a: A|Psyshock|p1a: Azelf\n|-resisted|p1a: Azelf\n|-damage|p1a: Azelf|64\/100\n|\n|-damage|p2a: A|20\/100 psn|[from] psn\n|upkeep\n|turn|22\n|inactive|vietdo03 has 30 seconds left this turn.\n|inactive|vietdo03 has 20 seconds left.\n|inactive|vietdo03 has 15 seconds left.\n|\n|t:|1700537841\n|move|p2a: A|Moonblast|p1a: Azelf\n|-damage|p1a: Azelf|0 fnt\n|faint|p1a: Azelf\n|\n|-damage|p2a: A|7\/100 psn|[from] psn\n|upkeep\n|inactive|vietdo03 has 20 seconds left this turn.\n|inactive|vietdo03 has 15 seconds left.\n|inactive|vietdo03 has 10 seconds left.\n|c| The_Opposum|o7\n|inactive|vietdo03 has 5 seconds left.\n|\n|t:|1700537857\n|switch|p1a: Slowking|Slowking-Galar, M, tera:Poison|43\/100\n|turn|23\n|inactive|vietdo03 has 15 seconds left this turn.\n|c| palestjade|damn\n|\n|t:|1700537860\n|switch|p1a: Manaphy|Manaphy|100\/100\n|move|p2a: A|Psyshock|p1a: Manaphy\n|-damage|p1a: Manaphy|75\/100\n|\n|-heal|p1a: Manaphy|81\/100|[from] item: Leftovers\n|-damage|p2a: A|0 fnt|[from] psn\n|faint|p2a: A\n|-end|p2a: A|Quark Drive|[silent]\n|-sideend|p2: Phoenix2405|move: Aurora Veil\n|upkeep\n|inactive|vietdo03 has 20 seconds left this turn.\n|c| hooooolyshit|we love timer stalling\n|\n|t:|1700537876\n|switch|p2a: Siren|Dragapult, F, shiny|100\/100\n|turn|24\n|inactive|vietdo03 has 30 seconds left this turn.\n|\n|t:|1700537886\n|move|p2a: Siren|Thunderbolt|p1a: Manaphy\n|-supereffective|p1a: Manaphy\n|-damage|p1a: Manaphy|16\/100\n|move|p1a: Manaphy|Ice Beam|p2a: Siren\n|-supereffective|p2a: Siren\n|-damage|p2a: Siren|45\/100\n|\n|-heal|p1a: Manaphy|22\/100|[from] item: Leftovers\n|upkeep\n|turn|25\n|inactive|vietdo03 has 30 seconds left.\n|\n|t:|1700537898\n|switch|p1a: Slowking|Slowking-Galar, M, tera:Poison|76\/100\n|move|p2a: Siren|Thunderbolt|p1a: Slowking\n|-damage|p1a: Slowking|59\/100\n|\n|upkeep\n|turn|26\n|inactive|vietdo03 has 30 seconds left.\n|\n|t:|1700537911\n|move|p2a: Siren|Thunderbolt|p1a: Slowking\n|-damage|p1a: Slowking|43\/100\n|move|p1a: Slowking|Foul Play|p2a: Siren\n|-supereffective|p2a: Siren\n|-damage|p2a: Siren|0 fnt\n|faint|p2a: Siren\n|\n|upkeep\n|inactive|vietdo03 has 30 seconds left this turn.\n|\n|t:|1700537921\n|switch|p2a: TransRights|Ninetales-Alola, F, shiny|52\/100\n|-weather|Snow|[from] ability: Snow Warning|[of] p2a: TransRights\n|turn|27\n|inactive|vietdo03 has 30 seconds left.\n|\n|t:|1700537941\n|move|p2a: TransRights|Hypnosis|p1a: Slowking\n|-status|p1a: Slowking|slp|[from] move: Hypnosis\n|cant|p1a: Slowking|slp\n|\n|-weather|Snow|[upkeep]\n|upkeep\n|turn|28\n|inactive|vietdo03 has 30 seconds left.\n|inactive|vietdo03 has 20 seconds left.\n|inactive|vietdo03 has 15 seconds left.\n|inactive|vietdo03 has 10 seconds left.\n|\n|t:|1700537967\n|move|p2a: TransRights|Aurora Veil|p2a: TransRights\n|-sidestart|p2: Phoenix2405|move: Aurora Veil\n|cant|p1a: Slowking|slp\n|\n|-weather|Snow|[upkeep]\n|upkeep\n|turn|29\n|inactive|vietdo03 has 20 seconds left this turn.\n|\n|t:|1700537975\n|switch|p2a: Rex|Ceruledge, M|22\/100\n|-curestatus|p1a: Slowking|slp|[msg]\n|move|p1a: Slowking|Fire Blast|p2a: Rex\n|-start|p2a: Rex|ability: Flash Fire\n|\n|-weather|Snow|[upkeep]\n|upkeep\n|turn|30\n|inactive|vietdo03 has 30 seconds left this turn.\n|c| palestjade|BANGER?\n|inactive|vietdo03 has 20 seconds left.\n|\n|t:|1700537988\n|move|p2a: Rex|Bitter Blade|p1a: Slowking\n|-damage|p1a: Slowking|0 fnt\n|-heal|p2a: Rex|46\/100|[from] drain|[of] p1a: Slowking\n|faint|p1a: Slowking\n|\n|-weather|Snow|[upkeep]\n|upkeep\n|inactive|vietdo03 has 25 seconds left this turn.\n|c| The_Opposum|the read\n|inactive|vietdo03 has 20 seconds left.\n|inactive|vietdo03 has 15 seconds left.\n|j| crookshanks4000\n|inactive|vietdo03 has 10 seconds left.\n|\n|t:|1700538006\n|switch|p1a: Tauros|Tauros-Paldea-Aqua, M|77\/100 frz\n|-ability|p1a: Tauros|Intimidate|boost\n|-unboost|p2a: Rex|atk|1\n|turn|31\n|inactive|vietdo03 has 20 seconds left this turn.\n|c| palestjade|4 people watching got damn\n|c| crookshanks4000|yo whaddup oomfies\n|inactive|vietdo03 has 15 seconds left.\n|c| hooooolyshit|yo\n|inactive|vietdo03 has 10 seconds left.\n|c| The_Opposum|hi audrey\n|\n|t:|1700538022\n|-end|p2a: Rex|ability: Flash Fire|[silent]\n|switch|p2a: Dunban|Kingambit, F|85\/100\n|-activate|p2a: Dunban|ability: Supreme Overlord\n|-start|p2a: Dunban|fallen3|[silent]\n|cant|p1a: Tauros|frz\n|\n|-weather|none\n|upkeep\n|turn|32\n|inactive|vietdo03 has 20 seconds left this turn.\n|inactive|vietdo03 has 15 seconds left.\n|inactive|vietdo03 has 10 seconds left.\n|c| hooooolyshit|there is some video gaming occuring\n|inactive|vietdo03 has 5 seconds left.\n|\n|t:|1700538042\n|-terastallize|p2a: Dunban|Flying\n|-curestatus|p1a: Tauros|frz|[msg]\n|move|p1a: Tauros|Earthquake|p2a: Dunban\n|-immune|p2a: Dunban\n|move|p2a: Dunban|Swords Dance|p2a: Dunban\n|-boost|p2a: Dunban|atk|2\n|\n|upkeep\n|turn|33\n|inactive|vietdo03 has 15 seconds left this turn.\n|inactive|vietdo03 has 10 seconds left.\n|c| palestjade|sheeeeeeesh\n|\n|t:|1700538061\n|switch|p1a: Maushold|Maushold-Four|100\/100\n|move|p2a: Dunban|Swords Dance|p2a: Dunban\n|-boost|p2a: Dunban|atk|2\n|\n|upkeep\n|turn|34\n|inactive|vietdo03 has 20 seconds left this turn.\n|inactive|vietdo03 has 15 seconds left.\n|inactive|vietdo03 has 10 seconds left.\n|inactive|vietdo03 has 5 seconds left.\n|\n|t:|1700538081\n|move|p2a: Dunban|Sucker Punch|p1a: Maushold\n|-damage|p1a: Maushold|0 fnt\n|faint|p1a: Maushold\n|\n|upkeep\n|inactive|vietdo03 has 10 seconds left this turn.\n|inactive|vietdo03 has 5 seconds left.\n|\n|t:|1700538089\n|switch|p1a: Manaphy|Manaphy|22\/100\n|turn|35\n|inactive|vietdo03 has 15 seconds left this turn.\n|c| crookshanks4000|how will this affect the mouse population\n|c| palestjade|no encore \ud83d\ude14\n|\n|t:|1700538093\n|move|p1a: Manaphy|Ice Beam|p2a: Dunban\n|-supereffective|p2a: Dunban\n|-damage|p2a: Dunban|62\/100\n|move|p2a: Dunban|Kowtow Cleave|p1a: Manaphy\n|-damage|p1a: Manaphy|0 fnt\n|faint|p1a: Manaphy\n|\n|-sideend|p2: Phoenix2405|move: Aurora Veil\n|upkeep\n|inactive|vietdo03 has 20 seconds left this turn.\n|inactive|vietdo03 has 15 seconds left.\n|inactive|vietdo03 has 10 seconds left.\n|c| palestjade|23%??\n|\n|t:|1700538107\n|switch|p1a: Tauros|Tauros-Paldea-Aqua, M|77\/100\n|-ability|p1a: Tauros|Intimidate|boost\n|-unboost|p2a: Dunban|atk|1\n|turn|36\n|inactive|vietdo03 has 20 seconds left this turn.\n|inactive|vietdo03 has 15 seconds left.\n|\n|t:|1700538114\n|move|p1a: Tauros|Liquidation|p2a: Dunban\n|-damage|p2a: Dunban|10\/100\n|-unboost|p2a: Dunban|def|1\n|move|p2a: Dunban|Iron Head|p1a: Tauros\n|-resisted|p1a: Tauros\n|-damage|p1a: Tauros|0 fnt\n|faint|p1a: Tauros\n|\n|win|Phoenix2405\n|inactive|vietdo03 has 20 seconds left this turn.\n|raw|vietdo03's rating: 1065 &rarr; <strong>1046<\/strong><br \/>(-19 for losing)\n|raw|Phoenix2405's rating: 1079 &rarr; <strong>1106<\/strong><br \/>(+27 for winning)\n|c|\u2606Phoenix2405|ggs\n","uploadtime":1700538126,"views":21,"p1id":"vietdo03","p2id":"phoenix2405","formatid":"gen9ou","rating":1046,"private":0,"password":""}