{"id":"gen9ou-2000402907","p1":"Dragoneisha","p2":"chaoticat","format":"[Gen 9] OU","log":"|j|\u2606Dragoneisha\n|j|\u203dchaoticat\n|t:|1701191857\n|gametype|singles\n|player|p1|Dragoneisha|102|1137\n|player|p2|chaoticat|1|1164\n|teamsize|p1|6\n|teamsize|p2|6\n|gen|9\n|tier|[Gen 9] OU\n|rated|\n|rule|Sleep Clause Mod: Limit one foe put to sleep\n|rule|Species Clause: Limit one of each Pok\u00e9mon\n|rule|OHKO Clause: OHKO moves are banned\n|rule|Evasion Items Clause: Evasion items are banned\n|rule|Evasion Moves Clause: Evasion moves are banned\n|rule|Endless Battle Clause: Forcing endless battles is banned\n|rule|HP Percentage Mod: HP is shown in percentages\n|clearpoke\n|poke|p1|Garganacl, F|\n|poke|p1|Kingambit, M|\n|poke|p1|Toxapex, F|\n|poke|p1|Goodra-Hisui, F|\n|poke|p1|Rillaboom, F|\n|poke|p1|Iron Moth|\n|poke|p2|Bellibolt, M|\n|poke|p2|Azelf|\n|poke|p2|Great Tusk|\n|poke|p2|Manaphy|\n|poke|p2|Altaria, M|\n|poke|p2|Kingambit, F|\n|teampreview\n|c|\u2606Dragoneisha|gl!\n|\n|t:|1701191895\n|start\n|switch|p1a: Toxapex|Toxapex, F|100\/100\n|switch|p2a: Altaria|Altaria, M|100\/100\n|-ability|p2a: Altaria|Cloud Nine\n|turn|1\n|j| Jaidenjk\n|\n|t:|1701191925\n|switch|p2a: Kingambit|Kingambit, F|100\/100\n|move|p1a: Toxapex|Haze|p1a: Toxapex\n|-clearallboost\n|\n|upkeep\n|turn|2\n|\n|t:|1701191937\n|move|p2a: Kingambit|Kowtow Cleave|p1a: Toxapex\n|-damage|p1a: Toxapex|64\/100\n|move|p1a: Toxapex|Liquidation|p2a: Kingambit\n|-damage|p2a: Kingambit|85\/100\n|-unboost|p2a: Kingambit|def|1\n|\n|upkeep\n|turn|3\n|\n|t:|1701191954\n|-end|p2a: Kingambit|fallenundefined|[silent]\n|switch|p2a: Bellibolt|Bellibolt, M|100\/100\n|move|p1a: Toxapex|Baneful Bunker||[still]\n|-fail|p1a: Toxapex\n|\n|upkeep\n|turn|4\n|\n|t:|1701191970\n|switch|p2a: Kingambit|Kingambit, F|85\/100\n|switch|p1a: Rillaboom|Rillaboom, F, shiny|100\/100\n|-fieldstart|move: Grassy Terrain|[from] ability: Grassy Surge|[of] p1a: Rillaboom\n|\n|-heal|p2a: Kingambit|92\/100|[from] Grassy Terrain\n|upkeep\n|turn|5\n|inactive|Battle timer is ON: inactive players will automatically lose when time's up. (requested by chaoticat)\n|\n|t:|1701191998\n|-end|p2a: Kingambit|fallenundefined|[silent]\n|switch|p2a: Altaria|Altaria, M|100\/100\n|-ability|p2a: Altaria|Cloud Nine\n|move|p1a: Rillaboom|Swords Dance|p1a: Rillaboom\n|-boost|p1a: Rillaboom|atk|2\n|\n|upkeep\n|turn|6\n|\n|t:|1701192012\n|move|p1a: Rillaboom|Knock Off|p2a: Altaria\n|-damage|p2a: Altaria|29\/100\n|-enditem|p2a: Altaria|Leftovers|[from] move: Knock Off|[of] p1a: Rillaboom\n|move|p2a: Altaria|Cotton Guard|p2a: Altaria\n|-boost|p2a: Altaria|def|3\n|\n|upkeep\n|turn|7\n|\n|t:|1701192022\n|move|p1a: Rillaboom|Knock Off|p2a: Altaria\n|-damage|p2a: Altaria|10\/100\n|move|p2a: Altaria|Roost|p2a: Altaria\n|-heal|p2a: Altaria|60\/100\n|-singleturn|p2a: Altaria|move: Roost\n|\n|-heal|p2a: Altaria|66\/100|[from] Grassy Terrain\n|upkeep\n|turn|8\n|\n|t:|1701192036\n|switch|p1a: gooboogy|Goodra-Hisui, F|100\/100\n|move|p2a: Altaria|Heat Wave|p1a: gooboogy|[miss]\n|-miss|p2a: Altaria|p1a: gooboogy\n|\n|-fieldend|move: Grassy Terrain\n|upkeep\n|turn|9\n|\n|t:|1701192052\n|switch|p2a: Great Tusk|Great Tusk|100\/100\n|move|p1a: gooboogy|Ice Beam|p2a: Great Tusk\n|-supereffective|p2a: Great Tusk\n|-damage|p2a: Great Tusk|5\/100\n|\n|upkeep\n|turn|10\n|\n|t:|1701192074\n|-terastallize|p1a: gooboogy|Ghost\n|move|p2a: Great Tusk|Close Combat|p1a: gooboogy\n|-immune|p1a: gooboogy\n|move|p1a: gooboogy|Tera Blast|p2a: Great Tusk|[anim] Tera Blast Ghost\n|-damage|p2a: Great Tusk|0 fnt\n|faint|p2a: Great Tusk\n|-end|p2a: Great Tusk|Protosynthesis|[silent]\n|\n|upkeep\n|\n|t:|1701192090\n|switch|p2a: Bellibolt|Bellibolt, M|100\/100\n|turn|11\n|\n|t:|1701192100\n|move|p1a: gooboogy|Draco Meteor|p2a: Bellibolt\n|-damage|p2a: Bellibolt|40\/100\n|-unboost|p1a: gooboogy|spa|2\n|-start|p2a: Bellibolt|Charge|Draco Meteor|[from] ability: Electromorphosis\n|move|p2a: Bellibolt|Toxic|p1a: gooboogy\n|-status|p1a: gooboogy|tox\n|\n|-heal|p2a: Bellibolt|46\/100|[from] item: Leftovers\n|-damage|p1a: gooboogy|94\/100 tox|[from] psn\n|upkeep\n|turn|12\n|\n|t:|1701192121\n|switch|p1a: Rillaboom|Rillaboom, F, shiny|100\/100\n|-fieldstart|move: Grassy Terrain|[from] ability: Grassy Surge|[of] p1a: Rillaboom\n|move|p2a: Bellibolt|Slack Off|p2a: Bellibolt\n|-heal|p2a: Bellibolt|96\/100\n|\n|-heal|p2a: Bellibolt|100\/100|[from] Grassy Terrain\n|upkeep\n|turn|13\n|\n|t:|1701192134\n|move|p1a: Rillaboom|Swords Dance|p1a: Rillaboom\n|-boost|p1a: Rillaboom|atk|2\n|move|p2a: Bellibolt|Toxic|p1a: Rillaboom\n|-status|p1a: Rillaboom|tox\n|\n|-damage|p1a: Rillaboom|94\/100 tox|[from] psn\n|upkeep\n|turn|14\n|\n|t:|1701192142\n|move|p1a: Rillaboom|Wood Hammer|p2a: Bellibolt\n|-damage|p2a: Bellibolt|0 fnt\n|faint|p2a: Bellibolt\n|-damage|p1a: Rillaboom|54\/100 tox|[from] Recoil\n|\n|-heal|p1a: Rillaboom|60\/100 tox|[from] Grassy Terrain\n|-heal|p1a: Rillaboom|66\/100 tox|[from] item: Leftovers\n|-damage|p1a: Rillaboom|54\/100 tox|[from] psn\n|upkeep\n|\n|t:|1701192146\n|switch|p2a: Altaria|Altaria, M|66\/100\n|-ability|p2a: Altaria|Cloud Nine\n|turn|15\n|\n|t:|1701192156\n|move|p1a: Rillaboom|Wood Hammer|p2a: Altaria\n|-resisted|p2a: Altaria\n|-damage|p2a: Altaria|25\/100\n|-damage|p1a: Rillaboom|40\/100 tox|[from] Recoil\n|move|p2a: Altaria|Cotton Guard|p2a: Altaria\n|-boost|p2a: Altaria|def|3\n|\n|-heal|p1a: Rillaboom|46\/100 tox|[from] Grassy Terrain\n|-heal|p1a: Rillaboom|52\/100 tox|[from] item: Leftovers\n|-damage|p1a: Rillaboom|33\/100 tox|[from] psn\n|upkeep\n|turn|16\n|\n|t:|1701192173\n|switch|p1a: Toxapex|Toxapex, F|97\/100\n|move|p2a: Altaria|Roost|p2a: Altaria\n|-heal|p2a: Altaria|75\/100\n|-singleturn|p2a: Altaria|move: Roost\n|\n|-heal|p2a: Altaria|82\/100|[from] Grassy Terrain\n|-heal|p1a: Toxapex|100\/100|[from] Grassy Terrain\n|-fieldend|move: Grassy Terrain\n|upkeep\n|turn|17\n|\n|t:|1701192199\n|switch|p2a: Manaphy|Manaphy|100\/100\n|switch|p1a: Iron Moth|Iron Moth|100\/100\n|-enditem|p1a: Iron Moth|Booster Energy\n|-activate|p1a: Iron Moth|ability: Quark Drive|[fromitem]\n|-start|p1a: Iron Moth|quarkdrivespa\n|\n|upkeep\n|turn|18\n|inactive|chaoticat has 120 seconds left.\n|\n|t:|1701192217\n|-terastallize|p2a: Manaphy|Poison\n|move|p1a: Iron Moth|Energy Ball|p2a: Manaphy\n|-resisted|p2a: Manaphy\n|-damage|p2a: Manaphy|82\/100\n|move|p2a: Manaphy|Take Heart|p2a: Manaphy\n|-boost|p2a: Manaphy|spa|1\n|-boost|p2a: Manaphy|spd|1\n|\n|-heal|p2a: Manaphy|89\/100|[from] item: Leftovers\n|upkeep\n|turn|19\n|\n|t:|1701192231\n|move|p1a: Iron Moth|Fiery Dance|p2a: Manaphy\n|-damage|p2a: Manaphy|56\/100\n|move|p2a: Manaphy|Take Heart|p2a: Manaphy\n|-boost|p2a: Manaphy|spa|1\n|-boost|p2a: Manaphy|spd|1\n|\n|-heal|p2a: Manaphy|62\/100|[from] item: Leftovers\n|upkeep\n|turn|20\n|\n|t:|1701192244\n|move|p1a: Iron Moth|Psychic|p2a: Manaphy\n|-supereffective|p2a: Manaphy\n|-damage|p2a: Manaphy|25\/100\n|move|p2a: Manaphy|Stored Power|p1a: Iron Moth\n|-supereffective|p1a: Iron Moth\n|-damage|p1a: Iron Moth|0 fnt\n|faint|p1a: Iron Moth\n|-end|p1a: Iron Moth|Quark Drive|[silent]\n|\n|-heal|p2a: Manaphy|31\/100|[from] item: Leftovers\n|upkeep\n|inactive|Dragoneisha has 120 seconds left.\n|\n|t:|1701192273\n|switch|p1a: Rillaboom|Rillaboom, F, shiny|33\/100 tox\n|-fieldstart|move: Grassy Terrain|[from] ability: Grassy Surge|[of] p1a: Rillaboom\n|turn|21\n|\n|t:|1701192281\n|move|p1a: Rillaboom|Grassy Glide|p2a: Manaphy\n|-resisted|p2a: Manaphy\n|-damage|p2a: Manaphy|17\/100\n|move|p2a: Manaphy|Stored Power|p1a: Rillaboom\n|-damage|p1a: Rillaboom|0 fnt\n|faint|p1a: Rillaboom\n|\n|-heal|p2a: Manaphy|23\/100|[from] Grassy Terrain\n|-heal|p2a: Manaphy|29\/100|[from] item: Leftovers\n|upkeep\n|\n|t:|1701192292\n|switch|p1a: Kingambit|Kingambit, M|100\/100\n|-activate|p1a: Kingambit|ability: Supreme Overlord\n|-start|p1a: Kingambit|fallen2|[silent]\n|turn|22\n|\n|t:|1701192299\n|move|p1a: Kingambit|Sucker Punch||[still]\n|-fail|p1a: Kingambit\n|move|p2a: Manaphy|Acid Armor|p2a: Manaphy\n|-boost|p2a: Manaphy|def|2\n|\n|-heal|p2a: Manaphy|36\/100|[from] Grassy Terrain\n|-heal|p2a: Manaphy|42\/100|[from] item: Leftovers\n|upkeep\n|turn|23\n|inactive|Dragoneisha has 120 seconds left.\n|\n|t:|1701192314\n|move|p2a: Manaphy|Scald|p1a: Kingambit\n|-damage|p1a: Kingambit|28\/100\n|move|p1a: Kingambit|Kowtow Cleave|p2a: Manaphy\n|-damage|p2a: Manaphy|16\/100\n|\n|-heal|p2a: Manaphy|23\/100|[from] Grassy Terrain\n|-heal|p2a: Manaphy|29\/100|[from] item: Leftovers\n|-heal|p1a: Kingambit|35\/100|[from] Grassy Terrain\n|upkeep\n|turn|24\n|inactive|Dragoneisha has 120 seconds left.\n|\n|t:|1701192336\n|move|p1a: Kingambit|Sucker Punch|p2a: Manaphy\n|-damage|p2a: Manaphy|7\/100\n|move|p2a: Manaphy|Scald|p1a: Kingambit\n|-damage|p1a: Kingambit|0 fnt\n|faint|p1a: Kingambit\n|-end|p1a: Kingambit|fallen2|[silent]\n|\n|-heal|p2a: Manaphy|13\/100|[from] Grassy Terrain\n|-heal|p2a: Manaphy|19\/100|[from] item: Leftovers\n|upkeep\n|inactive|Dragoneisha has 120 seconds left.\n|\n|t:|1701192353\n|switch|p1a: Toxapex|Toxapex, F|100\/100\n|turn|25\n|\n|t:|1701192361\n|move|p2a: Manaphy|Stored Power|p1a: Toxapex\n|-supereffective|p1a: Toxapex\n|-damage|p1a: Toxapex|0 fnt\n|faint|p1a: Toxapex\n|\n|-heal|p2a: Manaphy|25\/100|[from] Grassy Terrain\n|-heal|p2a: Manaphy|32\/100|[from] item: Leftovers\n|-fieldend|move: Grassy Terrain\n|upkeep\n|\n|t:|1701192369\n|switch|p1a: gooboogy|Goodra-Hisui, F, tera:Ghost|94\/100 tox\n|turn|26\n|inactive|Dragoneisha has 120 seconds left.\n|\n|t:|1701192377\n|move|p2a: Manaphy|Stored Power|p1a: gooboogy\n|-damage|p1a: gooboogy|54\/100 tox\n|move|p1a: gooboogy|Draco Meteor|p2a: Manaphy\n|-damage|p2a: Manaphy|6\/100\n|-unboost|p1a: gooboogy|spa|2\n|\n|-heal|p2a: Manaphy|12\/100|[from] item: Leftovers\n|-damage|p1a: gooboogy|47\/100 tox|[from] psn\n|upkeep\n|turn|27\n|inactive|Dragoneisha has 120 seconds left.\n|inactive|chaoticat has 120 seconds left.\n|\n|t:|1701192422\n|move|p2a: Manaphy|Stored Power|p1a: gooboogy\n|-damage|p1a: gooboogy|11\/100 tox\n|move|p1a: gooboogy|Tera Blast|p2a: Manaphy|[anim] Tera Blast Ghost\n|-damage|p2a: Manaphy|3\/100\n|\n|-heal|p2a: Manaphy|9\/100|[from] item: Leftovers\n|-damage|p1a: gooboogy|0 fnt|[from] psn\n|faint|p1a: gooboogy\n|upkeep\n|inactive|Dragoneisha has 120 seconds left.\n|\n|t:|1701192433\n|switch|p1a: Garganacl|Garganacl, F|100\/100\n|turn|28\n|inactive|Dragoneisha has 120 seconds left.\n|\n|t:|1701192438\n|move|p2a: Manaphy|Scald|p1a: Garganacl\n|-supereffective|p1a: Garganacl\n|-damage|p1a: Garganacl|0 fnt\n|faint|p1a: Garganacl\n|\n|win|chaoticat\n|raw|Dragoneisha's rating: 1137 &rarr; <strong>1114<\/strong><br \/>(-23 for losing)\n|raw|chaoticat's rating: 1164 &rarr; <strong>1187<\/strong><br \/>(+23 for winning)\n|l|\u2606Dragoneisha\n","uploadtime":1701192449,"views":2,"p1id":"dragoneisha","p2id":"chaoticat","formatid":"gen9ou","rating":1114,"private":0,"password":""}