{"id":"gen9ou-1991803713","p1":"Ryan's World","p2":"DragonBornGhost-","format":"[Gen 9] OU","log":"|j|\u2606Ryan's World\n|j|\u2606DragonBornGhost-\n|t:|1700120356\n|gametype|singles\n|player|p1|Ryan's World|170|1078\n|player|p2|DragonBornGhost-|266|1040\n|teamsize|p1|6\n|teamsize|p2|6\n|gen|9\n|tier|[Gen 9] OU\n|rated|\n|rule|Sleep Clause Mod: Limit one foe put to sleep\n|rule|Species Clause: Limit one of each Pok\u00e9mon\n|rule|OHKO Clause: OHKO moves are banned\n|rule|Evasion Items Clause: Evasion items are banned\n|rule|Evasion Moves Clause: Evasion moves are banned\n|rule|Endless Battle Clause: Forcing endless battles is banned\n|rule|HP Percentage Mod: HP is shown in percentages\n|clearpoke\n|poke|p1|Maushold|\n|poke|p1|Slowking-Galar, M|\n|poke|p1|Ceruledge, M|\n|poke|p1|Dragapult, F|\n|poke|p1|Dragonite, M|\n|poke|p1|Kingambit, F|\n|poke|p2|Garganacl, M|\n|poke|p2|Hydreigon, M|\n|poke|p2|Gholdengo|\n|poke|p2|Gastrodon, M|\n|poke|p2|Mimikyu, M|\n|poke|p2|Breloom, F|\n|teampreview\n|inactive|Battle timer is ON: inactive players will automatically lose when time's up. (requested by Ryan's World)\n|inactive|DragonBornGhost- has 120 seconds left.\n|\n|t:|1700120388\n|start\n|switch|p1a: Slowking|Slowking-Galar, M|100\/100\n|switch|p2a: Garganacl|Garganacl, M, shiny|100\/100\n|turn|1\n|\n|t:|1700120407\n|move|p2a: Garganacl|Curse|p2a: Garganacl\n|-unboost|p2a: Garganacl|spe|1\n|-boost|p2a: Garganacl|atk|1\n|-boost|p2a: Garganacl|def|1\n|move|p1a: Slowking|Trick|p2a: Garganacl\n|-activate|p1a: Slowking|move: Trick|[of] p2a: Garganacl\n|-item|p2a: Garganacl|Black Sludge|[from] move: Trick\n|-item|p1a: Slowking|Leftovers|[from] move: Trick\n|\n|-damage|p2a: Garganacl|88\/100|[from] item: Black Sludge\n|upkeep\n|turn|2\n|\n|t:|1700120419\n|move|p2a: Garganacl|Salt Cure|p1a: Slowking\n|-damage|p1a: Slowking|82\/100\n|-start|p1a: Slowking|Salt Cure\n|move|p1a: Slowking|Chilly Reception|p1a: Slowking\n|-weather|Snow\n|\n|t:|1700120443\n|switch|p1a: Dragapult|Dragapult, F|100\/100|[from] Chilly Reception\n|\n|-weather|Snow|[upkeep]\n|-damage|p2a: Garganacl|76\/100|[from] item: Black Sludge\n|upkeep\n|turn|3\n|\n|t:|1700120458\n|move|p1a: Dragapult|Reflect|p1a: Dragapult\n|-sidestart|p1: Ryan's World|Reflect\n|move|p2a: Garganacl|Salt Cure|p1a: Dragapult\n|-damage|p1a: Dragapult|90\/100\n|-start|p1a: Dragapult|Salt Cure\n|\n|-weather|Snow|[upkeep]\n|-damage|p2a: Garganacl|63\/100|[from] item: Black Sludge\n|-damage|p1a: Dragapult|77\/100|[from] Salt Cure\n|upkeep\n|turn|4\n|\n|t:|1700120471\n|move|p1a: Dragapult|Light Screen|p1a: Dragapult\n|-sidestart|p1: Ryan's World|move: Light Screen\n|move|p2a: Garganacl|Body Press|p1a: Dragapult\n|-immune|p1a: Dragapult\n|\n|-weather|Snow|[upkeep]\n|-damage|p2a: Garganacl|51\/100|[from] item: Black Sludge\n|-damage|p1a: Dragapult|65\/100|[from] Salt Cure\n|upkeep\n|turn|5\n|\n|t:|1700120478\n|move|p2a: Garganacl|Recover|p2a: Garganacl\n|-heal|p2a: Garganacl|100\/100\n|move|p1a: Dragapult|Dragon Tail|p2a: Garganacl\n|-damage|p2a: Garganacl|92\/100\n|drag|p2a: Mimikyu|Mimikyu, M|100\/100\n|\n|-weather|Snow|[upkeep]\n|-damage|p1a: Dragapult|53\/100|[from] Salt Cure\n|upkeep\n|turn|6\n|inactive|DragonBornGhost- has 120 seconds left.\n|\n|t:|1700120516\n|move|p1a: Dragapult|Will-O-Wisp|p2a: Mimikyu\n|-status|p2a: Mimikyu|brn\n|move|p2a: Mimikyu|Swords Dance|p2a: Mimikyu\n|-boost|p2a: Mimikyu|atk|2\n|\n|-weather|none\n|-damage|p2a: Mimikyu|95\/100 brn|[from] brn\n|-damage|p1a: Dragapult|40\/100|[from] Salt Cure\n|upkeep\n|turn|7\n|inactive|DragonBornGhost- has 120 seconds left.\n|\n|t:|1700120530\n|switch|p1a: Ceruledge|Ceruledge, M|100\/100\n|move|p2a: Mimikyu|Shadow Sneak|p1a: Ceruledge\n|-supereffective|p1a: Ceruledge\n|-damage|p1a: Ceruledge|73\/100\n|-ability|p1a: Ceruledge|Weak Armor|boost\n|-unboost|p1a: Ceruledge|def|1\n|-boost|p1a: Ceruledge|spe|2\n|-damage|p2a: Mimikyu|85\/100 brn|[from] item: Life Orb\n|\n|-damage|p2a: Mimikyu|79\/100 brn|[from] brn\n|upkeep\n|turn|8\n|inactive|DragonBornGhost- has 120 seconds left.\n|\n|t:|1700120549\n|switch|p2a: Garganacl|Garganacl, M, shiny|92\/100\n|-terastallize|p1a: Ceruledge|Grass\n|move|p1a: Ceruledge|Bitter Blade|p2a: Garganacl\n|-resisted|p2a: Garganacl\n|-damage|p2a: Garganacl|79\/100\n|-heal|p1a: Ceruledge|82\/100|[from] drain|[of] p2a: Garganacl\n|\n|-damage|p2a: Garganacl|67\/100|[from] item: Black Sludge\n|upkeep\n|turn|9\n|\n|t:|1700120559\n|move|p1a: Ceruledge|Close Combat|p2a: Garganacl\n|-supereffective|p2a: Garganacl\n|-damage|p2a: Garganacl|20\/100\n|-unboost|p1a: Ceruledge|def|1\n|-unboost|p1a: Ceruledge|spd|1\n|move|p2a: Garganacl|Salt Cure|p1a: Ceruledge\n|-damage|p1a: Ceruledge|63\/100\n|-start|p1a: Ceruledge|Salt Cure\n|-ability|p1a: Ceruledge|Weak Armor|boost\n|-unboost|p1a: Ceruledge|def|1\n|-boost|p1a: Ceruledge|spe|2\n|\n|-damage|p2a: Garganacl|8\/100|[from] item: Black Sludge\n|-damage|p1a: Ceruledge|50\/100|[from] Salt Cure\n|upkeep\n|turn|10\n|\n|t:|1700120572\n|move|p1a: Ceruledge|Bitter Blade|p2a: Garganacl\n|-resisted|p2a: Garganacl\n|-damage|p2a: Garganacl|0 fnt\n|-heal|p1a: Ceruledge|55\/100|[from] drain|[of] p2a: Garganacl\n|faint|p2a: Garganacl\n|\n|-damage|p1a: Ceruledge|43\/100|[from] Salt Cure\n|-sideend|p1: Ryan's World|Reflect\n|upkeep\n|\n|t:|1700120586\n|switch|p2a: Gastrodon|Gastrodon, M|100\/100\n|turn|11\n|\n|t:|1700120597\n|switch|p1a: Dragonite|Dragonite, M|100\/100\n|move|p2a: Gastrodon|Stealth Rock|p1a: Dragonite\n|-sidestart|p1: Ryan's World|move: Stealth Rock\n|\n|-sideend|p1: Ryan's World|move: Light Screen\n|upkeep\n|turn|12\n|inactive|DragonBornGhost- has 120 seconds left.\n|\n|t:|1700120628\n|move|p1a: Dragonite|Dragon Dance|p1a: Dragonite\n|-boost|p1a: Dragonite|atk|1\n|-boost|p1a: Dragonite|spe|1\n|move|p2a: Gastrodon|Yawn|p1a: Dragonite\n|-start|p1a: Dragonite|move: Yawn|[of] p2a: Gastrodon\n|\n|upkeep\n|turn|13\n|\n|t:|1700120640\n|switch|p1a: Slowking|Slowking-Galar, M|100\/100\n|-damage|p1a: Slowking|88\/100|[from] Stealth Rock\n|move|p2a: Gastrodon|Earth Power|p1a: Slowking\n|-supereffective|p1a: Slowking\n|-damage|p1a: Slowking|46\/100\n|\n|-heal|p1a: Slowking|52\/100|[from] item: Leftovers\n|upkeep\n|turn|14\n|\n|t:|1700120649\n|move|p2a: Gastrodon|Yawn|p1a: Slowking\n|-start|p1a: Slowking|move: Yawn|[of] p2a: Gastrodon\n|move|p1a: Slowking|Toxic|p2a: Gastrodon\n|-status|p2a: Gastrodon|tox\n|\n|-heal|p1a: Slowking|58\/100|[from] item: Leftovers\n|-damage|p2a: Gastrodon|94\/100 tox|[from] psn\n|upkeep\n|turn|15\n|\n|t:|1700120659\n|move|p2a: Gastrodon|Earth Power|p1a: Slowking\n|-supereffective|p1a: Slowking\n|-damage|p1a: Slowking|16\/100\n|move|p1a: Slowking|Chilly Reception|p1a: Slowking\n|-weather|Snow\n|inactive|Ryan's World has 120 seconds left.\n|\n|t:|1700120701\n|switch|p1a: Maushold|Maushold|100\/100|[from] Chilly Reception\n|-damage|p1a: Maushold|88\/100|[from] Stealth Rock\n|\n|-weather|Snow|[upkeep]\n|-heal|p2a: Gastrodon|100\/100 tox|[from] item: Leftovers\n|-damage|p2a: Gastrodon|88\/100 tox|[from] psn\n|upkeep\n|turn|16\n|inactive|DragonBornGhost- has 90 seconds left.\n|\n|t:|1700120751\n|move|p1a: Maushold|Tidy Up|p1a: Maushold\n|-sideend|p1: Ryan's World|Stealth Rock\n|-activate|p1a: Maushold|move: Tidy Up\n|-boost|p1a: Maushold|atk|1\n|-boost|p1a: Maushold|spe|1\n|move|p2a: Gastrodon|Yawn|p1a: Maushold\n|-start|p1a: Maushold|move: Yawn|[of] p2a: Gastrodon\n|\n|-weather|Snow|[upkeep]\n|-heal|p2a: Gastrodon|94\/100 tox|[from] item: Leftovers\n|-damage|p2a: Gastrodon|76\/100 tox|[from] psn\n|upkeep\n|turn|17\n|inactive|Ryan's World has 120 seconds left.\n|\n|t:|1700120761\n|move|p1a: Maushold|Population Bomb|p2a: Gastrodon\n|-damage|p2a: Gastrodon|62\/100 tox\n|-damage|p2a: Gastrodon|49\/100 tox\n|-damage|p2a: Gastrodon|36\/100 tox\n|-damage|p2a: Gastrodon|23\/100 tox\n|-damage|p2a: Gastrodon|7\/100 tox\n|-damage|p2a: Gastrodon|0 fnt\n|faint|p2a: Gastrodon\n|-hitcount|p2: Gastrodon|6\n|\n|-weather|Snow|[upkeep]\n|-end|p1a: Maushold|move: Yawn|[silent]\n|-status|p1a: Maushold|slp\n|upkeep\n|\n|t:|1700120778\n|switch|p2a: Mimikyu|Mimikyu, M|79\/100 brn\n|turn|18\n|inactive|Ryan's World has 120 seconds left.\n|\n|t:|1700120791\n|switch|p1a: Dragonite|Dragonite, M|100\/100\n|move|p2a: Mimikyu|Swords Dance|p2a: Mimikyu\n|-boost|p2a: Mimikyu|atk|2\n|\n|-weather|Snow|[upkeep]\n|-damage|p2a: Mimikyu|73\/100 brn|[from] brn\n|upkeep\n|turn|19\n|\n|t:|1700120808\n|move|p2a: Mimikyu|Play Rough|p1a: Dragonite\n|-supereffective|p1a: Dragonite\n|-damage|p1a: Dragonite|45\/100\n|-damage|p2a: Mimikyu|63\/100 brn|[from] item: Life Orb\n|move|p1a: Dragonite|Iron Head|p2a: Mimikyu\n|-activate|p2a: Mimikyu|ability: Disguise\n|-damage|p2a: Mimikyu|63\/100 brn\n|detailschange|p2a: Mimikyu|Mimikyu-Busted, M\n|-damage|p2a: Mimikyu|50\/100 brn|[from] pokemon: Mimikyu-Busted\n|\n|-weather|none\n|-damage|p2a: Mimikyu|45\/100 brn|[from] brn\n|upkeep\n|turn|20\n|inactive|Ryan's World has 120 seconds left.\n|\n|t:|1700120832\n|move|p2a: Mimikyu|Play Rough|p1a: Dragonite\n|-supereffective|p1a: Dragonite\n|-damage|p1a: Dragonite|0 fnt\n|faint|p1a: Dragonite\n|-damage|p2a: Mimikyu|35\/100 brn|[from] item: Life Orb\n|\n|-damage|p2a: Mimikyu|29\/100 brn|[from] brn\n|upkeep\n|\n|t:|1700120839\n|switch|p1a: Kingambit|Kingambit, F|100\/100\n|-activate|p1a: Kingambit|ability: Supreme Overlord\n|-start|p1a: Kingambit|fallen1|[silent]\n|turn|21\n|inactive|DragonBornGhost- has 60 seconds left.\n|\n|t:|1700120868\n|switch|p2a: Gholdengo|Gholdengo|100\/100\n|move|p1a: Kingambit|Kowtow Cleave|p2a: Gholdengo\n|-supereffective|p2a: Gholdengo\n|-damage|p2a: Gholdengo|0 fnt\n|faint|p2a: Gholdengo\n|\n|upkeep\n|\n|t:|1700120879\n|switch|p2a: Hydreigon|Hydreigon, M|100\/100\n|turn|22\n|\n|t:|1700120888\n|move|p2a: Hydreigon|Fire Blast|p1a: Kingambit\n|-supereffective|p1a: Kingambit\n|-damage|p1a: Kingambit|10\/100\n|move|p1a: Kingambit|Iron Head|p2a: Hydreigon\n|-damage|p2a: Hydreigon|36\/100\n|\n|upkeep\n|turn|23\n|inactive|DragonBornGhost- has 60 seconds left.\n|\n|t:|1700120895\n|move|p1a: Kingambit|Sucker Punch|p2a: Hydreigon\n|-resisted|p2a: Hydreigon\n|-damage|p2a: Hydreigon|11\/100\n|move|p2a: Hydreigon|Fire Blast|p1a: Kingambit\n|-supereffective|p1a: Kingambit\n|-damage|p1a: Kingambit|0 fnt\n|faint|p1a: Kingambit\n|-end|p1a: Kingambit|fallen1|[silent]\n|\n|upkeep\n|\n|t:|1700120909\n|switch|p1a: Maushold|Maushold|88\/100 slp\n|turn|24\n|inactive|DragonBornGhost- has 60 seconds left.\n|\n|t:|1700120934\n|-terastallize|p2a: Hydreigon|Steel\n|cant|p1a: Maushold|slp\n|move|p2a: Hydreigon|Flash Cannon|p1a: Maushold\n|-damage|p1a: Maushold|27\/100 slp\n|\n|upkeep\n|turn|25\n|inactive|DragonBornGhost- has 60 seconds left.\n|\n|t:|1700120942\n|cant|p1a: Maushold|slp\n|move|p2a: Hydreigon|Flash Cannon|p1a: Maushold\n|-damage|p1a: Maushold|0 fnt\n|faint|p1a: Maushold\n|\n|upkeep\n|\n|t:|1700120948\n|switch|p1a: Ceruledge|Ceruledge, M, tera:Grass|43\/100\n|turn|26\n|\n|t:|1700120960\n|move|p2a: Hydreigon|Flash Cannon|p1a: Ceruledge\n|-damage|p1a: Ceruledge|1\/100\n|move|p1a: Ceruledge|Bitter Blade|p2a: Hydreigon\n|-supereffective|p2a: Hydreigon\n|-damage|p2a: Hydreigon|0 fnt\n|-heal|p1a: Ceruledge|7\/100|[from] drain|[of] p2a: Hydreigon\n|faint|p2a: Hydreigon\n|\n|upkeep\n|inactive|DragonBornGhost- has 60 seconds left.\n|\n|t:|1700120971\n|switch|p2a: Mimikyu|Mimikyu-Busted, M|29\/100 brn\n|turn|27\n|inactive|Ryan's World has 120 seconds left.\n|inactive|DragonBornGhost- has 60 seconds left.\n|inactive|Ryan's World has 90 seconds left.\n|inactive|Ryan's World has 60 seconds left.\n|inactive|Ryan's World has 30 seconds left.\n|inactive|Ryan's World has 20 seconds left.\n|inactive|Ryan's World has 15 seconds left.\n|inactive|Ryan's World has 10 seconds left.\n|inactive|Ryan's World has 5 seconds left.\n|-message|Ryan's World lost due to inactivity.\n|\n|win|DragonBornGhost-\n|raw|Ryan&apos;s World's rating: 1078 &rarr; <strong>1054<\/strong><br \/>(-24 for losing)\n|raw|DragonBornGhost-'s rating: 1040 &rarr; <strong>1078<\/strong><br \/>(+38 for winning)\n|c|\u2606DragonBornGhost-|gg\n","uploadtime":1700121142,"views":8,"p1id":"ryansworld","p2id":"dragonbornghost","formatid":"gen9ou","rating":1054,"private":0,"password":""}