{"id":"gen9ou-1992297248","p1":"lobstergang","p2":"apoiguespm","format":"[Gen 9] OU","log":"|j|\u2606lobstergang\n|j|\u2606apoiguespm\n|t:|1700172077\n|gametype|singles\n|player|p1|lobstergang|1|1641\n|player|p2|apoiguespm|cyrus|1570\n|teamsize|p1|6\n|teamsize|p2|6\n|gen|9\n|tier|[Gen 9] OU\n|rated|\n|rule|Sleep Clause Mod: Limit one foe put to sleep\n|rule|Species Clause: Limit one of each Pok\u00e9mon\n|rule|OHKO Clause: OHKO moves are banned\n|rule|Evasion Items Clause: Evasion items are banned\n|rule|Evasion Moves Clause: Evasion moves are banned\n|rule|Endless Battle Clause: Forcing endless battles is banned\n|rule|HP Percentage Mod: HP is shown in percentages\n|clearpoke\n|poke|p1|Glimmora, F|\n|poke|p1|Walking Wake|\n|poke|p1|Kingambit, F|\n|poke|p1|Dragapult, M|\n|poke|p1|Zamazenta-*|\n|poke|p1|Sandy Shocks|\n|poke|p2|Gholdengo|\n|poke|p2|Iron Valiant|\n|poke|p2|Great Tusk|\n|poke|p2|Kingambit, F|\n|poke|p2|Dragonite, M|\n|poke|p2|Samurott-Hisui, F|\n|teampreview\n|inactive|Battle timer is ON: inactive players will automatically lose when time's up. (requested by apoiguespm)\n|\n|t:|1700172099\n|start\n|switch|p1a: Dragapult|Dragapult, M|100\/100\n|switch|p2a: Samurott|Samurott-Hisui, F, shiny|100\/100\n|turn|1\n|\n|t:|1700172102\n|switch|p1a: Glimmora|Glimmora, F|100\/100\n|move|p2a: Samurott|Ceaseless Edge|p1a: Glimmora\n|-damage|p1a: Glimmora|58\/100\n|-activate|p1a: Glimmora|ability: Toxic Debris\n|-sidestart|p2: apoiguespm|move: Toxic Spikes\n|-sidestart|p1: lobstergang|Spikes\n|-enditem|p1a: Glimmora|Red Card|[of] p2a: Samurott\n|drag|p2a: Gholdengo|Gholdengo, shiny|100\/100\n|\n|upkeep\n|turn|2\n|inactive|lobstergang has 120 seconds left.\n|\n|t:|1700172135\n|move|p1a: Glimmora|Earth Power|p2a: Gholdengo\n|-supereffective|p2a: Gholdengo\n|-damage|p2a: Gholdengo|44\/100\n|move|p2a: Gholdengo|Shadow Ball|p1a: Glimmora\n|-crit|p1a: Glimmora\n|-damage|p1a: Glimmora|0 fnt\n|faint|p1a: Glimmora\n|\n|upkeep\n|inactive|lobstergang has 120 seconds left.\n|\n|t:|1700172148\n|switch|p1a: Sandy Shocks|Sandy Shocks|100\/100\n|-damage|p1a: Sandy Shocks|88\/100|[from] Spikes\n|-enditem|p1a: Sandy Shocks|Booster Energy\n|-activate|p1a: Sandy Shocks|ability: Protosynthesis|[fromitem]\n|-start|p1a: Sandy Shocks|protosynthesisspe\n|turn|3\n|inactive|lobstergang has 120 seconds left.\n|\n|t:|1700172165\n|move|p1a: Sandy Shocks|Thunderbolt|p2a: Gholdengo\n|-damage|p2a: Gholdengo|0 fnt\n|faint|p2a: Gholdengo\n|\n|upkeep\n|\n|t:|1700172170\n|switch|p2a: Great Tusk|Great Tusk, shiny|100\/100\n|-status|p2a: Great Tusk|psn\n|turn|4\n|\n|t:|1700172174\n|-terastallize|p1a: Sandy Shocks|Ice\n|move|p1a: Sandy Shocks|Tera Blast|p2a: Great Tusk|[anim] Tera Blast Ice\n|-supereffective|p2a: Great Tusk\n|-crit|p2a: Great Tusk\n|-damage|p2a: Great Tusk|0 fnt\n|faint|p2a: Great Tusk\n|-end|p2a: Great Tusk|Protosynthesis|[silent]\n|\n|upkeep\n|\n|t:|1700172182\n|switch|p2a: Iron Valiant|Iron Valiant, shiny|100\/100\n|-status|p2a: Iron Valiant|psn\n|-enditem|p2a: Iron Valiant|Booster Energy\n|-activate|p2a: Iron Valiant|ability: Quark Drive|[fromitem]\n|-start|p2a: Iron Valiant|quarkdrivespe\n|turn|5\n|\n|t:|1700172198\n|-end|p1a: Sandy Shocks|Protosynthesis|[silent]\n|switch|p1a: Dragapult|Dragapult, M|100\/100\n|move|p2a: Iron Valiant|Close Combat|p1a: Dragapult\n|-immune|p1a: Dragapult\n|\n|-damage|p2a: Iron Valiant|88\/100 psn|[from] psn\n|upkeep\n|turn|6\n|\n|t:|1700172212\n|switch|p1a: Kingambit|Kingambit, F|100\/100\n|-damage|p1a: Kingambit|88\/100|[from] Spikes\n|-activate|p1a: Kingambit|ability: Supreme Overlord\n|-start|p1a: Kingambit|fallen1|[silent]\n|move|p2a: Iron Valiant|Moonblast|p1a: Kingambit\n|-damage|p1a: Kingambit|32\/100\n|-unboost|p1a: Kingambit|spa|1\n|\n|-damage|p2a: Iron Valiant|76\/100 psn|[from] psn\n|upkeep\n|turn|7\n|\n|t:|1700172226\n|-end|p1a: Kingambit|fallen1|[silent]\n|switch|p1a: Sandy Shocks|Sandy Shocks, tera:Ice|88\/100\n|-damage|p1a: Sandy Shocks|76\/100|[from] Spikes\n|move|p2a: Iron Valiant|Moonblast|p1a: Sandy Shocks\n|-damage|p1a: Sandy Shocks|16\/100\n|\n|-damage|p2a: Iron Valiant|63\/100 psn|[from] psn\n|upkeep\n|turn|8\n|\n|t:|1700172238\n|move|p2a: Iron Valiant|Moonblast|p1a: Sandy Shocks\n|-damage|p1a: Sandy Shocks|0 fnt\n|faint|p1a: Sandy Shocks\n|-end|p1a: Sandy Shocks|Protosynthesis|[silent]\n|\n|-damage|p2a: Iron Valiant|51\/100 psn|[from] psn\n|upkeep\n|inactive|lobstergang has 120 seconds left.\n|\n|t:|1700172259\n|switch|p1a: Walking Wake|Walking Wake|100\/100\n|-damage|p1a: Walking Wake|88\/100|[from] Spikes\n|turn|9\n|\n|t:|1700172263\n|move|p2a: Iron Valiant|Moonblast|p1a: Walking Wake\n|-supereffective|p1a: Walking Wake\n|-damage|p1a: Walking Wake|0 fnt\n|faint|p1a: Walking Wake\n|-end|p1a: Walking Wake|Protosynthesis|[silent]\n|\n|-damage|p2a: Iron Valiant|38\/100 psn|[from] psn\n|upkeep\n|\n|t:|1700172266\n|switch|p1a: Kingambit|Kingambit, F|32\/100\n|-damage|p1a: Kingambit|19\/100|[from] Spikes\n|-activate|p1a: Kingambit|ability: Supreme Overlord\n|-start|p1a: Kingambit|fallen3|[silent]\n|turn|10\n|\n|t:|1700172268\n|move|p1a: Kingambit|Sucker Punch|p2a: Iron Valiant\n|-resisted|p2a: Iron Valiant\n|-damage|p2a: Iron Valiant|19\/100 psn\n|move|p2a: Iron Valiant|Moonblast|p1a: Kingambit\n|-damage|p1a: Kingambit|0 fnt\n|faint|p1a: Kingambit\n|-end|p1a: Kingambit|fallen3|[silent]\n|\n|-damage|p2a: Iron Valiant|7\/100 psn|[from] psn\n|upkeep\n|\n|t:|1700172271\n|switch|p1a: Dragapult|Dragapult, M|100\/100\n|turn|11\n|\n|t:|1700172274\n|move|p2a: Iron Valiant|Moonblast|p1a: Dragapult\n|-supereffective|p1a: Dragapult\n|-damage|p1a: Dragapult|0 fnt\n|faint|p1a: Dragapult\n|\n|-damage|p2a: Iron Valiant|0 fnt|[from] psn\n|faint|p2a: Iron Valiant\n|-end|p2a: Iron Valiant|Quark Drive|[silent]\n|upkeep\n|\n|t:|1700172276\n|switch|p1a: Zamazenta|Zamazenta|100\/100\n|switch|p2a: Kingambit|Kingambit, F, shiny|100\/100\n|-damage|p1a: Zamazenta|88\/100|[from] Spikes\n|-ability|p1a: Zamazenta|Dauntless Shield|boost\n|-boost|p1a: Zamazenta|def|1\n|-activate|p2a: Kingambit|ability: Supreme Overlord\n|-start|p2a: Kingambit|fallen3|[silent]\n|turn|12\n|\n|t:|1700172279\n|-terastallize|p2a: Kingambit|Fairy\n|move|p1a: Zamazenta|Iron Defense|p1a: Zamazenta\n|-boost|p1a: Zamazenta|def|2\n|move|p2a: Kingambit|Swords Dance|p2a: Kingambit\n|-boost|p2a: Kingambit|atk|2\n|\n|-heal|p1a: Zamazenta|94\/100|[from] item: Leftovers\n|upkeep\n|turn|13\n|\n|t:|1700172283\n|move|p1a: Zamazenta|Heavy Slam|p2a: Kingambit\n|-supereffective|p2a: Kingambit\n|-damage|p2a: Kingambit|85\/100\n|move|p2a: Kingambit|Iron Head|p1a: Zamazenta\n|-damage|p1a: Zamazenta|58\/100\n|\n|-heal|p1a: Zamazenta|64\/100|[from] item: Leftovers\n|-heal|p2a: Kingambit|91\/100|[from] item: Leftovers\n|upkeep\n|turn|14\n|\n|t:|1700172287\n|move|p1a: Zamazenta|Iron Defense|p1a: Zamazenta\n|-boost|p1a: Zamazenta|def|2\n|move|p2a: Kingambit|Iron Head|p1a: Zamazenta\n|-damage|p1a: Zamazenta|40\/100\n|\n|-heal|p1a: Zamazenta|46\/100|[from] item: Leftovers\n|-heal|p2a: Kingambit|97\/100|[from] item: Leftovers\n|upkeep\n|turn|15\n|\n|t:|1700172289\n|move|p1a: Zamazenta|Body Press|p2a: Kingambit\n|-resisted|p2a: Kingambit\n|-damage|p2a: Kingambit|45\/100\n|move|p2a: Kingambit|Iron Head|p1a: Zamazenta\n|-damage|p1a: Zamazenta|20\/100\n|\n|-heal|p1a: Zamazenta|26\/100|[from] item: Leftovers\n|-heal|p2a: Kingambit|51\/100|[from] item: Leftovers\n|upkeep\n|turn|16\n|\n|t:|1700172300\n|move|p1a: Zamazenta|Body Press|p2a: Kingambit\n|-resisted|p2a: Kingambit\n|-damage|p2a: Kingambit|0 fnt\n|faint|p2a: Kingambit\n|-end|p2a: Kingambit|fallen3|[silent]\n|\n|-heal|p1a: Zamazenta|33\/100|[from] item: Leftovers\n|upkeep\n|\n|t:|1700172302\n|switch|p2a: Samurott|Samurott-Hisui, F, shiny|100\/100\n|-status|p2a: Samurott|psn\n|turn|17\n|\n|t:|1700172305\n|move|p2a: Samurott|Sacred Sword|p1a: Zamazenta\n|-damage|p1a: Zamazenta|4\/100\n|move|p1a: Zamazenta|Body Press|p2a: Samurott\n|-supereffective|p2a: Samurott\n|-damage|p2a: Samurott|0 fnt\n|faint|p2a: Samurott\n|\n|-heal|p1a: Zamazenta|10\/100|[from] item: Leftovers\n|upkeep\n|\n|t:|1700172306\n|switch|p2a: Dragonite|Dragonite, M, shiny|100\/100\n|turn|18\n|\n|t:|1700172312\n|move|p1a: Zamazenta|Body Press|p2a: Dragonite\n|-resisted|p2a: Dragonite\n|-damage|p2a: Dragonite|61\/100\n|move|p2a: Dragonite|Earthquake|p1a: Zamazenta\n|-damage|p1a: Zamazenta|1\/100\n|\n|-heal|p1a: Zamazenta|7\/100|[from] item: Leftovers\n|upkeep\n|turn|19\n|\n|t:|1700172314\n|move|p2a: Dragonite|Extreme Speed|p1a: Zamazenta\n|-damage|p1a: Zamazenta|1\/100\n|move|p1a: Zamazenta|Body Press|p2a: Dragonite\n|-resisted|p2a: Dragonite\n|-damage|p2a: Dragonite|0 fnt\n|faint|p2a: Dragonite\n|\n|win|lobstergang\n|raw|lobstergang's rating: 1641 &rarr; <strong>1657<\/strong><br \/>(+16 for winning)\n|raw|apoiguespm's rating: 1570 &rarr; <strong>1554<\/strong><br \/>(-16 for losing)\n|l|\u2606apoiguespm\n","uploadtime":1700172369,"views":17,"p1id":"lobstergang","p2id":"apoiguespm","formatid":"gen9ou","rating":1554,"private":0,"password":""}