{"id":"gen9ou-1991686331","p1":"qytyrewdtw","p2":"defnotapenguin","format":"[Gen 9] OU","log":"|j|\u2606qytyrewdtw\n|j|\u2606defnotapenguin\n|t:|1700102603\n|gametype|singles\n|player|p1|qytyrewdtw|cynthia|\n|player|p2|defnotapenguin|cameraman|\n|teamsize|p1|6\n|teamsize|p2|6\n|gen|9\n|tier|[Gen 9] OU\n|rule|Sleep Clause Mod: Limit one foe put to sleep\n|rule|Species Clause: Limit one of each Pok\u00e9mon\n|rule|OHKO Clause: OHKO moves are banned\n|rule|Evasion Items Clause: Evasion items are banned\n|rule|Evasion Moves Clause: Evasion moves are banned\n|rule|Endless Battle Clause: Forcing endless battles is banned\n|rule|HP Percentage Mod: HP is shown in percentages\n|clearpoke\n|poke|p1|Kingambit, F|\n|poke|p1|Great Tusk|\n|poke|p1|Gholdengo|\n|poke|p1|Tyranitar, F|\n|poke|p1|Ogerpon-Cornerstone, F|\n|poke|p1|Ting-Lu|\n|poke|p2|Alomomola, F|\n|poke|p2|Cinderace, M|\n|poke|p2|Breloom, M|\n|poke|p2|Ceruledge, M|\n|poke|p2|Landorus-Therian, M|\n|poke|p2|Dragonite, M|\n|teampreview\n|inactive|Battle timer is ON: inactive players will automatically lose when time's up. (requested by defnotapenguin)\n|\n|t:|1700102611\n|start\n|switch|p1a: Tyranitar|Tyranitar, F|100\/100\n|switch|p2a: Alomomola|Alomomola, F|100\/100\n|-weather|Sandstorm|[from] ability: Sand Stream|[of] p1a: Tyranitar\n|turn|1\n|\n|t:|1700102625\n|switch|p1a: Ogerpon|Ogerpon-Cornerstone, F|100\/100\n|move|p2a: Alomomola|Flip Turn|p1a: Ogerpon\n|-damage|p1a: Ogerpon|80\/100\n|\n|t:|1700102634\n|switch|p2a: Breloom|Breloom, M|100\/100|[from] Flip Turn\n|\n|-weather|Sandstorm|[upkeep]\n|-damage|p2a: Breloom|94\/100|[from] Sandstorm\n|-status|p2a: Breloom|tox|[from] item: Toxic Orb\n|upkeep\n|turn|2\n|\n|t:|1700102654\n|switch|p1a: Gholdengo|Gholdengo|100\/100\n|-item|p1a: Gholdengo|Air Balloon\n|move|p2a: Breloom|Drain Punch|p1a: Gholdengo\n|-immune|p1a: Gholdengo\n|\n|-weather|Sandstorm|[upkeep]\n|-damage|p2a: Breloom|88\/100 tox|[from] Sandstorm\n|-heal|p2a: Breloom|100\/100 tox|[from] ability: Poison Heal\n|upkeep\n|turn|3\n|\n|t:|1700102671\n|move|p1a: Gholdengo|Shadow Ball|p2a: Breloom\n|-damage|p2a: Breloom|28\/100 tox\n|move|p2a: Breloom|Toxic|p1a: Gholdengo\n|-immune|p1a: Gholdengo|[from] ability: Good as Gold\n|\n|-weather|Sandstorm|[upkeep]\n|-damage|p2a: Breloom|22\/100 tox|[from] Sandstorm\n|-heal|p2a: Breloom|34\/100 tox|[from] ability: Poison Heal\n|upkeep\n|turn|4\n|c|\u2606qytyrewdtw|Damn\n|c|\u2606defnotapenguin|oh yea i forgot\n|\n|t:|1700102685\n|switch|p2a: Alomomola|Alomomola, F|100\/100\n|move|p1a: Gholdengo|Shadow Ball|p2a: Alomomola\n|-damage|p2a: Alomomola|58\/100\n|\n|-weather|Sandstorm|[upkeep]\n|-damage|p2a: Alomomola|51\/100|[from] Sandstorm\n|upkeep\n|turn|5\n|\n|t:|1700102697\n|move|p1a: Gholdengo|Thunderbolt|p2a: Alomomola\n|-supereffective|p2a: Alomomola\n|-damage|p2a: Alomomola|0 fnt\n|faint|p2a: Alomomola\n|\n|-weather|none\n|upkeep\n|\n|t:|1700102704\n|switch|p2a: Ceruledge|Ceruledge, M|100\/100\n|turn|6\n|\n|t:|1700102717\n|switch|p1a: Tyranitar|Tyranitar, F|100\/100\n|-weather|Sandstorm|[from] ability: Sand Stream|[of] p1a: Tyranitar\n|move|p2a: Ceruledge|Bitter Blade|p1a: Tyranitar\n|-resisted|p1a: Tyranitar\n|-damage|p1a: Tyranitar|86\/100\n|\n|-weather|Sandstorm|[upkeep]\n|-damage|p2a: Ceruledge|94\/100|[from] Sandstorm\n|upkeep\n|turn|7\n|c|\u2606defnotapenguin|ok\n|\n|t:|1700102727\n|move|p2a: Ceruledge|Bulk Up|p2a: Ceruledge\n|-boost|p2a: Ceruledge|atk|1\n|-boost|p2a: Ceruledge|def|1\n|move|p1a: Tyranitar|Crunch|p2a: Ceruledge\n|-supereffective|p2a: Ceruledge\n|-damage|p2a: Ceruledge|25\/100\n|\n|-weather|Sandstorm|[upkeep]\n|-damage|p2a: Ceruledge|19\/100|[from] Sandstorm\n|upkeep\n|turn|8\n|\n|t:|1700102735\n|move|p2a: Ceruledge|Close Combat|p1a: Tyranitar\n|-supereffective|p1a: Tyranitar\n|-damage|p1a: Tyranitar|0 fnt\n|-unboost|p2a: Ceruledge|def|1\n|-unboost|p2a: Ceruledge|spd|1\n|faint|p1a: Tyranitar\n|\n|-weather|Sandstorm|[upkeep]\n|-damage|p2a: Ceruledge|12\/100|[from] Sandstorm\n|upkeep\n|\n|t:|1700102742\n|switch|p1a: Kingambit|Kingambit, F|100\/100\n|-activate|p1a: Kingambit|ability: Supreme Overlord\n|-start|p1a: Kingambit|fallen1|[silent]\n|turn|9\n|inactive|qytyrewdtw has 270 seconds left.\n|\n|t:|1700102773\n|switch|p2a: Landorus|Landorus-Therian, M|100\/100\n|-ability|p2a: Landorus|Intimidate|boost\n|-unboost|p1a: Kingambit|atk|1\n|move|p1a: Kingambit|Sucker Punch||[still]\n|-fail|p1a: Kingambit\n|\n|-weather|Sandstorm|[upkeep]\n|upkeep\n|turn|10\n|inactive|qytyrewdtw has 270 seconds left.\n|\n|t:|1700102785\n|-end|p1a: Kingambit|fallen1|[silent]\n|switch|p1a: Ogerpon|Ogerpon-Cornerstone, F|80\/100\n|move|p2a: Landorus|Earthquake|p1a: Ogerpon\n|-damage|p1a: Ogerpon|1\/100\n|\n|-weather|none\n|upkeep\n|turn|11\n|c|\u2606defnotapenguin|sure\n|inactive|qytyrewdtw has 270 seconds left.\n|\n|t:|1700102797\n|move|p1a: Ogerpon|Horn Leech|p2a: Landorus\n|-damage|p2a: Landorus|44\/100\n|-heal|p1a: Ogerpon|31\/100|[from] drain|[of] p2a: Landorus\n|move|p2a: Landorus|Earthquake|p1a: Ogerpon\n|-damage|p1a: Ogerpon|0 fnt\n|faint|p1a: Ogerpon\n|\n|-heal|p2a: Landorus|50\/100|[from] item: Leftovers\n|upkeep\n|inactive|qytyrewdtw has 270 seconds left.\n|\n|t:|1700102815\n|switch|p1a: Ting-Lu|Ting-Lu|100\/100\n|-ability|p1a: Ting-Lu|Vessel of Ruin\n|turn|12\n|l|\u2606qytyrewdtw\n|inactive|qytyrewdtw disconnected and has 300 seconds to reconnect!\n|player|p1|\n|j|\u2606qytyrewdtw\n|inactive|qytyrewdtw reconnected and has 270 seconds left.\n|player|p1|qytyrewdtw|cynthia\n|\n|t:|1700102833\n|move|p2a: Landorus|U-turn|p1a: Ting-Lu\n|-supereffective|p1a: Ting-Lu\n|-damage|p1a: Ting-Lu|71\/100\n|\n|t:|1700102841\n|switch|p2a: Dragonite|Dragonite, M|100\/100|[from] U-turn\n|move|p1a: Ting-Lu|Stone Edge|p2a: Dragonite\n|-supereffective|p2a: Dragonite\n|-damage|p2a: Dragonite|63\/100\n|\n|-heal|p1a: Ting-Lu|77\/100|[from] item: Leftovers\n|upkeep\n|turn|13\n|inactive|qytyrewdtw has 270 seconds left.\n|\n|t:|1700102865\n|switch|p1a: Gholdengo|Gholdengo|100\/100\n|-item|p1a: Gholdengo|Air Balloon\n|move|p2a: Dragonite|Fire Punch|p1a: Gholdengo\n|-supereffective|p1a: Gholdengo\n|-damage|p1a: Gholdengo|5\/100\n|-enditem|p1a: Gholdengo|Air Balloon\n|\n|upkeep\n|turn|14\n|\n|t:|1700102898\n|switch|p1a: Great Tusk|Great Tusk|100\/100\n|-enditem|p1a: Great Tusk|Booster Energy\n|-activate|p1a: Great Tusk|ability: Protosynthesis|[fromitem]\n|-start|p1a: Great Tusk|protosynthesisatk\n|move|p2a: Dragonite|Fire Punch|p1a: Great Tusk\n|-damage|p1a: Great Tusk|66\/100\n|\n|upkeep\n|turn|15\n|\n|t:|1700102913\n|switch|p2a: Cinderace|Cinderace, M|100\/100\n|move|p1a: Great Tusk|Knock Off|p2a: Cinderace\n|-damage|p2a: Cinderace|38\/100\n|-enditem|p2a: Cinderace|Heavy-Duty Boots|[from] move: Knock Off|[of] p1a: Great Tusk\n|\n|upkeep\n|turn|16\n|inactive|defnotapenguin has 270 seconds left.\n|\n|t:|1700102930\n|move|p2a: Cinderace|High Jump Kick|p1a: Great Tusk\n|-damage|p1a: Great Tusk|37\/100\n|move|p1a: Great Tusk|Headlong Rush|p2a: Cinderace\n|-supereffective|p2a: Cinderace\n|-damage|p2a: Cinderace|0 fnt\n|-unboost|p1a: Great Tusk|def|1\n|-unboost|p1a: Great Tusk|spd|1\n|faint|p2a: Cinderace\n|\n|upkeep\n|inactive|defnotapenguin has 270 seconds left.\n|\n|t:|1700102945\n|switch|p2a: Breloom|Breloom, M|34\/100 tox\n|turn|17\n|inactive|defnotapenguin has 270 seconds left.\n|\n|t:|1700102957\n|move|p1a: Great Tusk|Close Combat|p2a: Breloom\n|-damage|p2a: Breloom|0 fnt\n|-unboost|p1a: Great Tusk|def|1\n|-unboost|p1a: Great Tusk|spd|1\n|faint|p2a: Breloom\n|\n|upkeep\n|inactive|defnotapenguin has 270 seconds left.\n|\n|t:|1700102964\n|switch|p2a: Dragonite|Dragonite, M|63\/100\n|turn|18\n|inactive|qytyrewdtw has 270 seconds left.\n|\n|t:|1700102981\n|move|p1a: Great Tusk|Close Combat|p2a: Dragonite\n|-resisted|p2a: Dragonite\n|-damage|p2a: Dragonite|21\/100\n|-unboost|p1a: Great Tusk|def|1\n|-unboost|p1a: Great Tusk|spd|1\n|move|p2a: Dragonite|Fire Punch|p1a: Great Tusk\n|-damage|p1a: Great Tusk|0 fnt\n|faint|p1a: Great Tusk\n|-end|p1a: Great Tusk|Protosynthesis|[silent]\n|\n|upkeep\n|\n|t:|1700102987\n|switch|p1a: Gholdengo|Gholdengo|5\/100\n|turn|19\n|\n|t:|1700102997\n|switch|p2a: Ceruledge|Ceruledge, M|12\/100\n|move|p1a: Gholdengo|Thunderbolt|p2a: Ceruledge\n|-damage|p2a: Ceruledge|0 fnt\n|faint|p2a: Ceruledge\n|\n|upkeep\n|\n|t:|1700103005\n|switch|p2a: Landorus|Landorus-Therian, M|50\/100\n|-ability|p2a: Landorus|Intimidate|boost\n|-unboost|p1a: Gholdengo|atk|1\n|turn|20\n|\n|t:|1700103015\n|move|p2a: Landorus|U-turn|p1a: Gholdengo\n|-resisted|p1a: Gholdengo\n|-damage|p1a: Gholdengo|0 fnt\n|faint|p1a: Gholdengo\n|\n|t:|1700103025\n|switch|p2a: Dragonite|Dragonite, M|21\/100|[from] U-turn\n|\n|upkeep\n|\n|t:|1700103030\n|switch|p1a: Ting-Lu|Ting-Lu|77\/100\n|-ability|p1a: Ting-Lu|Vessel of Ruin\n|turn|21\n|\n|t:|1700103045\n|-terastallize|p2a: Dragonite|Normal\n|move|p2a: Dragonite|Extreme Speed|p1a: Ting-Lu\n|-damage|p1a: Ting-Lu|42\/100\n|move|p1a: Ting-Lu|Stone Edge|p2a: Dragonite|[miss]\n|-miss|p1a: Ting-Lu|p2a: Dragonite\n|\n|-heal|p1a: Ting-Lu|48\/100|[from] item: Leftovers\n|upkeep\n|turn|22\n|c|\u2606defnotapenguin|HOLY\n|\n|t:|1700103059\n|move|p2a: Dragonite|Extreme Speed|p1a: Ting-Lu\n|-damage|p1a: Ting-Lu|13\/100\n|move|p1a: Ting-Lu|Stone Edge|p2a: Dragonite\n|-damage|p2a: Dragonite|0 fnt\n|faint|p2a: Dragonite\n|\n|-heal|p1a: Ting-Lu|19\/100|[from] item: Leftovers\n|upkeep\n|\n|t:|1700103068\n|switch|p2a: Landorus|Landorus-Therian, M|50\/100\n|-ability|p2a: Landorus|Intimidate|boost\n|-unboost|p1a: Ting-Lu|atk|1\n|turn|23\n|\n|t:|1700103080\n|move|p2a: Landorus|Grass Knot|p1a: Ting-Lu\n|-supereffective|p1a: Ting-Lu\n|-damage|p1a: Ting-Lu|0 fnt\n|faint|p1a: Ting-Lu\n|\n|-heal|p2a: Landorus|56\/100|[from] item: Leftovers\n|upkeep\n|\n|t:|1700103087\n|switch|p1a: Kingambit|Kingambit, F|100\/100\n|-activate|p1a: Kingambit|ability: Supreme Overlord\n|-start|p1a: Kingambit|fallen5|[silent]\n|turn|24\n|\n|t:|1700103093\n|-terastallize|p1a: Kingambit|Dark\n|move|p1a: Kingambit|Sucker Punch|p2a: Landorus\n|-damage|p2a: Landorus|0 fnt\n|faint|p2a: Landorus\n|\n|win|qytyrewdtw\n|c|\u2606defnotapenguin|gg\n|c|\u2606qytyrewdtw|Gg\n|l|\u2606qytyrewdtw\n","uploadtime":1700103108,"views":10,"p1id":"qytyrewdtw","p2id":"defnotapenguin","formatid":"gen9ou","rating":0,"private":0,"password":""}