{"id":"gen9ou-1995987102","p1":"OUFC COALLA","p2":"estoniadeluxe","format":"[Gen 9] OU","log":"|j|\u2606OUFC COALLA\n|j|\u2606estoniadeluxe\n|t:|1700625699\n|gametype|singles\n|player|p1|OUFC COALLA|benga|1617\n|player|p2|estoniadeluxe|169|1498\n|teamsize|p1|6\n|teamsize|p2|6\n|gen|9\n|tier|[Gen 9] OU\n|rated|\n|rule|Sleep Clause Mod: Limit one foe put to sleep\n|rule|Species Clause: Limit one of each Pok\u00e9mon\n|rule|OHKO Clause: OHKO moves are banned\n|rule|Evasion Items Clause: Evasion items are banned\n|rule|Evasion Moves Clause: Evasion moves are banned\n|rule|Endless Battle Clause: Forcing endless battles is banned\n|rule|HP Percentage Mod: HP is shown in percentages\n|clearpoke\n|poke|p1|Cinderace, M|\n|poke|p1|Zapdos|\n|poke|p1|Ogerpon-Wellspring, F|\n|poke|p1|Slowking-Galar, M|\n|poke|p1|Ting-Lu|\n|poke|p1|Dondozo, M|\n|poke|p2|Sylveon, F|\n|poke|p2|Heatran, F|\n|poke|p2|Great Tusk|\n|poke|p2|Ditto|\n|poke|p2|Samurott-Hisui, M|\n|poke|p2|Dragonite, F|\n|teampreview\n|inactive|Battle timer is ON: inactive players will automatically lose when time's up. (requested by OUFC COALLA)\n|c|\u2606OUFC COALLA|Sylveon?!\n|c|\u2606OUFC COALLA|You have my respect\n|c|\u2606OUFC COALLA|hf homie\n|c|\u2606estoniadeluxe|u2\n|inactive|OUFC COALLA has 120 seconds left.\n|inactive|estoniadeluxe has 120 seconds left.\n|\n|t:|1700625749\n|start\n|switch|p1a: Zapdos|Zapdos|100\/100\n|switch|p2a: Samurott|Samurott-Hisui, M|100\/100\n|turn|1\n|\n|t:|1700625762\n|move|p1a: Zapdos|Thunder Wave|p2a: Samurott\n|-status|p2a: Samurott|par\n|cant|p2a: Samurott|par\n|\n|upkeep\n|turn|2\n|\n|t:|1700625769\n|move|p1a: Zapdos|Volt Switch|p2a: Samurott\n|-supereffective|p2a: Samurott\n|-damage|p2a: Samurott|20\/100 par\n|\n|t:|1700625779\n|switch|p1a: Dondozo|Dondozo, M|100\/100|[from] Volt Switch\n|cant|p2a: Samurott|par\n|\n|upkeep\n|turn|3\n|\n|t:|1700625790\n|switch|p2a: Sylveon|Sylveon, F|100\/100\n|move|p1a: Dondozo|Avalanche|p2a: Sylveon\n|-damage|p2a: Sylveon|82\/100\n|\n|upkeep\n|turn|4\n|\n|t:|1700625795\n|switch|p1a: Slowking|Slowking-Galar, M|100\/100\n|-terastallize|p2a: Sylveon|Fairy\n|move|p2a: Sylveon|Hyper Voice|p1a: Slowking\n|-resisted|p1a: Slowking\n|-damage|p1a: Slowking|53\/100\n|\n|upkeep\n|turn|5\n|\n|t:|1700625811\n|switch|p2a: Samurott|Samurott-Hisui, M|20\/100 par\n|move|p1a: Slowking|Sludge Bomb|p2a: Samurott\n|-damage|p2a: Samurott|0 fnt\n|faint|p2a: Samurott\n|\n|upkeep\n|\n|t:|1700625814\n|switch|p2a: Heatran|Heatran, F|100\/100\n|turn|6\n|\n|t:|1700625823\n|switch|p1a: Ting-Lu|Ting-Lu|100\/100\n|-ability|p1a: Ting-Lu|Vessel of Ruin\n|move|p2a: Heatran|Magma Storm|p1a: Ting-Lu\n|-damage|p1a: Ting-Lu|79\/100\n|-activate|p1a: Ting-Lu|move: Magma Storm|[of] p2a: Heatran\n|\n|-heal|p1a: Ting-Lu|85\/100|[from] item: Leftovers\n|-damage|p1a: Ting-Lu|73\/100|[from] move: Magma Storm|[partiallytrapped]\n|upkeep\n|turn|7\n|\n|t:|1700625836\n|switch|p2a: Great Tusk|Great Tusk|100\/100\n|move|p1a: Ting-Lu|Earthquake|p2a: Great Tusk\n|-damage|p2a: Great Tusk|74\/100\n|\n|-heal|p1a: Ting-Lu|79\/100|[from] item: Leftovers\n|-end|p1a: Ting-Lu|Magma Storm|[partiallytrapped]|[silent]\n|upkeep\n|turn|8\n|\n|t:|1700625842\n|-end|p2a: Great Tusk|Protosynthesis|[silent]\n|switch|p2a: Sylveon|Sylveon, F, tera:Fairy|82\/100\n|switch|p1a: Zapdos|Zapdos|100\/100\n|\n|upkeep\n|turn|9\n|\n|t:|1700625856\n|move|p1a: Zapdos|Thunder Wave|p2a: Sylveon\n|-status|p2a: Sylveon|par\n|move|p2a: Sylveon|Hyper Voice|p1a: Zapdos\n|-damage|p1a: Zapdos|0 fnt\n|faint|p1a: Zapdos\n|\n|upkeep\n|\n|t:|1700625859\n|switch|p1a: Slowking|Slowking-Galar, M|87\/100\n|turn|10\n|\n|t:|1700625871\n|move|p1a: Slowking|Future Sight|p2a: Sylveon\n|-start|p1a: Slowking|move: Future Sight\n|move|p2a: Sylveon|Hyper Voice|p1a: Slowking\n|-resisted|p1a: Slowking\n|-damage|p1a: Slowking|46\/100\n|\n|upkeep\n|turn|11\n|\n|t:|1700625882\n|switch|p2a: Heatran|Heatran, F|100\/100\n|move|p1a: Slowking|Sludge Bomb|p2a: Heatran\n|-immune|p2a: Heatran\n|\n|upkeep\n|turn|12\n|\n|t:|1700625892\n|switch|p1a: Ting-Lu|Ting-Lu|79\/100\n|-ability|p1a: Ting-Lu|Vessel of Ruin\n|move|p2a: Heatran|Taunt|p1a: Ting-Lu\n|-start|p1a: Ting-Lu|move: Taunt\n|\n|-end|p2a: Heatran|move: Future Sight\n|-resisted|p2a: Heatran\n|-damage|p2a: Heatran|85\/100\n|-heal|p2a: Heatran|91\/100|[from] item: Leftovers\n|-heal|p1a: Ting-Lu|85\/100|[from] item: Leftovers\n|upkeep\n|turn|13\n|\n|t:|1700625901\n|switch|p2a: Dragonite|Dragonite, F|100\/100\n|switch|p1a: Ogerpon|Ogerpon-Wellspring, F|100\/100\n|\n|upkeep\n|turn|14\n|\n|t:|1700625909\n|move|p1a: Ogerpon|Knock Off|p2a: Dragonite\n|-damage|p2a: Dragonite|79\/100\n|-enditem|p2a: Dragonite|Heavy-Duty Boots|[from] move: Knock Off|[of] p1a: Ogerpon\n|move|p2a: Dragonite|Dragon Dance|p2a: Dragonite\n|-boost|p2a: Dragonite|atk|1\n|-boost|p2a: Dragonite|spe|1\n|\n|upkeep\n|turn|15\n|\n|t:|1700625914\n|switch|p2a: Sylveon|Sylveon, F, tera:Fairy|82\/100 par\n|switch|p1a: Dondozo|Dondozo, M|100\/100\n|\n|upkeep\n|turn|16\n|\n|t:|1700625922\n|switch|p1a: Cinderace|Cinderace, M|100\/100\n|cant|p2a: Sylveon|par\n|\n|upkeep\n|turn|17\n|\n|t:|1700625929\n|switch|p2a: Heatran|Heatran, F|91\/100\n|move|p1a: Cinderace|U-turn|p2a: Heatran\n|-resisted|p2a: Heatran\n|-damage|p2a: Heatran|86\/100\n|\n|t:|1700625932\n|switch|p1a: Ting-Lu|Ting-Lu|85\/100|[from] U-turn\n|-ability|p1a: Ting-Lu|Vessel of Ruin\n|\n|-heal|p2a: Heatran|92\/100|[from] item: Leftovers\n|-heal|p1a: Ting-Lu|91\/100|[from] item: Leftovers\n|upkeep\n|turn|18\n|\n|t:|1700625938\n|switch|p2a: Great Tusk|Great Tusk|74\/100\n|move|p1a: Ting-Lu|Stealth Rock|p2a: Great Tusk\n|-sidestart|p2: estoniadeluxe|move: Stealth Rock\n|\n|-heal|p1a: Ting-Lu|97\/100|[from] item: Leftovers\n|upkeep\n|turn|19\n|\n|t:|1700625956\n|-terastallize|p1a: Ting-Lu|Ghost\n|move|p2a: Great Tusk|Close Combat|p1a: Ting-Lu\n|-immune|p1a: Ting-Lu\n|move|p1a: Ting-Lu|Spikes|p2a: Great Tusk\n|-sidestart|p2: estoniadeluxe|Spikes\n|\n|-heal|p1a: Ting-Lu|100\/100|[from] item: Leftovers\n|upkeep\n|turn|20\n|\n|t:|1700625972\n|-end|p2a: Great Tusk|Protosynthesis|[silent]\n|switch|p2a: Sylveon|Sylveon, F, tera:Fairy|82\/100 par\n|-damage|p2a: Sylveon|70\/100 par|[from] Stealth Rock\n|-damage|p2a: Sylveon|57\/100 par|[from] Spikes\n|move|p1a: Ting-Lu|Spikes|p2a: Sylveon\n|-sidestart|p2: estoniadeluxe|Spikes\n|\n|upkeep\n|turn|21\n|\n|t:|1700625977\n|move|p1a: Ting-Lu|Earthquake|p2a: Sylveon\n|-damage|p2a: Sylveon|8\/100 par\n|move|p2a: Sylveon|Hyper Voice|p1a: Ting-Lu\n|-damage|p1a: Ting-Lu|52\/100\n|\n|-heal|p1a: Ting-Lu|58\/100|[from] item: Leftovers\n|upkeep\n|turn|22\n|\n|t:|1700625982\n|move|p1a: Ting-Lu|Earthquake|p2a: Sylveon\n|-damage|p2a: Sylveon|0 fnt\n|faint|p2a: Sylveon\n|\n|-heal|p1a: Ting-Lu|64\/100|[from] item: Leftovers\n|upkeep\n|\n|t:|1700625986\n|switch|p2a: Ditto|Ditto|100\/100\n|-damage|p2a: Ditto|88\/100|[from] Stealth Rock\n|-damage|p2a: Ditto|72\/100|[from] Spikes\n|-transform|p2a: Ditto|p1a: Ting-Lu|[from] ability: Imposter\n|-ability|p2a: Ditto|Vessel of Ruin\n|-start|p2a: Ditto|typechange|Dark\/Ground|[silent]\n|turn|23\n|\n|t:|1700626004\n|switch|p1a: Ogerpon|Ogerpon-Wellspring, F|100\/100\n|move|p2a: Ditto|Spikes|p1a: Ogerpon\n|-sidestart|p1: OUFC COALLA|Spikes\n|\n|upkeep\n|turn|24\n|\n|t:|1700626010\n|switch|p2a: Dragonite|Dragonite, F|79\/100\n|-damage|p2a: Dragonite|54\/100|[from] Stealth Rock\n|move|p1a: Ogerpon|Ivy Cudgel|p2a: Dragonite|[anim] Ivy Cudgel Water\n|-resisted|p2a: Dragonite\n|-damage|p2a: Dragonite|21\/100\n|\n|upkeep\n|turn|25\n|\n|t:|1700626016\n|switch|p2a: Ditto|Ditto|72\/100\n|-damage|p2a: Ditto|59\/100|[from] Stealth Rock\n|-damage|p2a: Ditto|43\/100|[from] Spikes\n|-transform|p2a: Ditto|p1a: Ogerpon|[from] ability: Imposter\n|move|p1a: Ogerpon|Ivy Cudgel|p2a: Ditto|[anim] Ivy Cudgel Water\n|-heal|p2a: Ditto|68\/100|[from] ability: Water Absorb|[of] p1a: Ogerpon\n|\n|upkeep\n|turn|26\n|\n|t:|1700626027\n|switch|p1a: Cinderace|Cinderace, M|100\/100\n|move|p2a: Ditto|Ivy Cudgel|p1a: Cinderace|[anim] Ivy Cudgel Water\n|-supereffective|p1a: Cinderace\n|-damage|p1a: Cinderace|0 fnt\n|faint|p1a: Cinderace\n|\n|upkeep\n|\n|t:|1700626037\n|switch|p1a: Ogerpon|Ogerpon-Wellspring, F|100\/100\n|-damage|p1a: Ogerpon|88\/100|[from] Spikes\n|turn|27\n|\n|t:|1700626052\n|switch|p2a: Dragonite|Dragonite, F|21\/100\n|-damage|p2a: Dragonite|0 fnt|[from] Stealth Rock\n|faint|p2a: Dragonite\n|move|p1a: Ogerpon|Ivy Cudgel|p2: Dragonite|[notarget]\n|-fail|p1a: Ogerpon\n|\n|upkeep\n|\n|t:|1700626054\n|switch|p2a: Ditto|Ditto|68\/100\n|-damage|p2a: Ditto|55\/100|[from] Stealth Rock\n|-damage|p2a: Ditto|39\/100|[from] Spikes\n|-transform|p2a: Ditto|p1a: Ogerpon|[from] ability: Imposter\n|turn|28\n|\n|t:|1700626066\n|switch|p1a: Slowking|Slowking-Galar, M|79\/100\n|move|p2a: Ditto|Knock Off|p1a: Slowking\n|-supereffective|p1a: Slowking\n|-damage|p1a: Slowking|31\/100\n|-enditem|p1a: Slowking|Heavy-Duty Boots|[from] move: Knock Off|[of] p2a: Ditto\n|\n|upkeep\n|turn|29\n|\n|t:|1700626083\n|move|p2a: Ditto|Knock Off|p1a: Slowking\n|-supereffective|p1a: Slowking\n|-damage|p1a: Slowking|1\/100\n|move|p1a: Slowking|Chilly Reception|p1a: Slowking\n|-weather|Snow\n|\n|t:|1700626090\n|switch|p1a: Ogerpon|Ogerpon-Wellspring, F|88\/100|[from] Chilly Reception\n|-damage|p1a: Ogerpon|76\/100|[from] Spikes\n|\n|-weather|Snow|[upkeep]\n|upkeep\n|turn|30\n|\n|t:|1700626106\n|move|p2a: Ditto|Knock Off|p1a: Ogerpon\n|-crit|p1a: Ogerpon\n|-damage|p1a: Ogerpon|30\/100\n|move|p1a: Ogerpon|Knock Off|p2a: Ditto\n|-damage|p2a: Ditto|0 fnt\n|-enditem|p2a: Ditto|Choice Scarf|[from] move: Knock Off|[of] p1a: Ogerpon\n|faint|p2a: Ditto\n|\n|-weather|Snow|[upkeep]\n|upkeep\n|\n|t:|1700626112\n|switch|p2a: Great Tusk|Great Tusk|74\/100\n|turn|31\n|\n|t:|1700626127\n|move|p1a: Ogerpon|Ivy Cudgel|p2a: Great Tusk|[anim] Ivy Cudgel Water\n|-supereffective|p2a: Great Tusk\n|-damage|p2a: Great Tusk|0 fnt\n|faint|p2a: Great Tusk\n|-end|p2a: Great Tusk|Protosynthesis|[silent]\n|\n|-weather|Snow|[upkeep]\n|upkeep\n|-message|estoniadeluxe forfeited.\n|\n|win|OUFC COALLA\n|raw|OUFC COALLA's rating: 1617 &rarr; <strong>1630<\/strong><br \/>(+13 for winning)\n|raw|estoniadeluxe's rating: 1498 &rarr; <strong>1485<\/strong><br \/>(-13 for losing)\n|l|\u2606estoniadeluxe\n","uploadtime":1700626146,"views":1,"p1id":"oufccoalla","p2id":"estoniadeluxe","formatid":"gen9ou","rating":1485,"private":0,"password":""}