{"id":"gen9ou-1990946713","p1":"SickestPlaya","p2":"Teaver the Beaver","format":"[Gen 9] OU","log":"|j|\u2606SickestPlaya\n|j|\u2606Teaver the Beaver\n|t:|1700018330\n|gametype|singles\n|player|p1|SickestPlaya|benga|1569\n|player|p2|Teaver the Beaver|akari|1712\n|teamsize|p1|6\n|teamsize|p2|6\n|gen|9\n|tier|[Gen 9] OU\n|rated|\n|rule|Sleep Clause Mod: Limit one foe put to sleep\n|rule|Species Clause: Limit one of each Pok\u00e9mon\n|rule|OHKO Clause: OHKO moves are banned\n|rule|Evasion Items Clause: Evasion items are banned\n|rule|Evasion Moves Clause: Evasion moves are banned\n|rule|Endless Battle Clause: Forcing endless battles is banned\n|rule|HP Percentage Mod: HP is shown in percentages\n|clearpoke\n|poke|p1|Weavile, M|\n|poke|p1|Weezing-Galar, M|\n|poke|p1|Alomomola, F|\n|poke|p1|Ting-Lu|\n|poke|p1|Corviknight, F|\n|poke|p1|Dondozo, F|\n|poke|p2|Torkoal, M|\n|poke|p2|Walking Wake|\n|poke|p2|Slither Wing|\n|poke|p2|Scream Tail|\n|poke|p2|Great Tusk|\n|poke|p2|Brute Bonnet|\n|teampreview\n|inactive|Battle timer is ON: inactive players will automatically lose when time's up. (requested by Teaver the Beaver)\n|inactive|SickestPlaya also wants the timer to be on.\n|inactive|SickestPlaya has 120 seconds left.\n|inactive|SickestPlaya has 90 seconds left.\n|\n|t:|1700018401\n|start\n|switch|p1a: Ting-Lu|Ting-Lu|100\/100\n|switch|p2a: Torkoal|Torkoal, M|100\/100\n|-ability|p1a: Ting-Lu|Vessel of Ruin\n|-weather|SunnyDay|[from] ability: Drought|[of] p2a: Torkoal\n|turn|1\n|\n|t:|1700018409\n|switch|p2a: Walking Wake|Walking Wake|100\/100\n|-activate|p2a: Walking Wake|ability: Protosynthesis\n|-start|p2a: Walking Wake|protosynthesisspa\n|move|p1a: Ting-Lu|Earthquake|p2a: Walking Wake\n|-damage|p2a: Walking Wake|62\/100\n|\n|-weather|SunnyDay|[upkeep]\n|upkeep\n|turn|2\n|\n|t:|1700018416\n|-terastallize|p2a: Walking Wake|Water\n|move|p1a: Ting-Lu|Protect|p1a: Ting-Lu\n|-singleturn|p1a: Ting-Lu|Protect\n|move|p2a: Walking Wake|Hydro Steam|p1a: Ting-Lu\n|-activate|p1a: Ting-Lu|move: Protect\n|\n|-weather|SunnyDay|[upkeep]\n|upkeep\n|turn|3\n|\n|t:|1700018444\n|-terastallize|p1a: Ting-Lu|Water\n|move|p2a: Walking Wake|Hydro Steam|p1a: Ting-Lu\n|-resisted|p1a: Ting-Lu\n|-damage|p1a: Ting-Lu|66\/100\n|move|p1a: Ting-Lu|Spikes|p2a: Walking Wake\n|-sidestart|p2: Teaver the Beaver|Spikes\n|\n|-weather|SunnyDay|[upkeep]\n|-heal|p1a: Ting-Lu|73\/100|[from] item: Leftovers\n|upkeep\n|turn|4\n|\n|t:|1700018449\n|-end|p2a: Walking Wake|Protosynthesis|[silent]\n|switch|p2a: Slither Wing|Slither Wing|100\/100\n|-damage|p2a: Slither Wing|88\/100|[from] Spikes\n|-activate|p2a: Slither Wing|ability: Protosynthesis\n|-start|p2a: Slither Wing|protosynthesisatk\n|move|p1a: Ting-Lu|Stealth Rock|p2a: Slither Wing\n|-sidestart|p2: Teaver the Beaver|move: Stealth Rock\n|\n|-weather|SunnyDay|[upkeep]\n|-heal|p1a: Ting-Lu|79\/100|[from] item: Leftovers\n|upkeep\n|turn|5\n|\n|t:|1700018456\n|move|p1a: Ting-Lu|Protect|p1a: Ting-Lu\n|-singleturn|p1a: Ting-Lu|Protect\n|move|p2a: Slither Wing|Close Combat|p1a: Ting-Lu\n|-activate|p1a: Ting-Lu|move: Protect\n|\n|-weather|SunnyDay|[upkeep]\n|-heal|p1a: Ting-Lu|85\/100|[from] item: Leftovers\n|upkeep\n|turn|6\n|\n|t:|1700018465\n|switch|p1a: Weezing|Weezing-Galar, M|100\/100\n|-ability|p1a: Weezing|Neutralizing Gas\n|move|p2a: Slither Wing|Close Combat|p1a: Weezing\n|-resisted|p1a: Weezing\n|-damage|p1a: Weezing|78\/100\n|-unboost|p2a: Slither Wing|def|1\n|-unboost|p2a: Slither Wing|spd|1\n|\n|-weather|SunnyDay|[upkeep]\n|upkeep\n|turn|7\n|\n|t:|1700018475\n|-end|p2a: Slither Wing|Protosynthesis|[silent]\n|switch|p2a: Brute Bonnet|Brute Bonnet|100\/100\n|-damage|p2a: Brute Bonnet|88\/100|[from] Spikes\n|-damage|p2a: Brute Bonnet|76\/100|[from] Stealth Rock\n|-activate|p2a: Brute Bonnet|ability: Protosynthesis\n|-start|p2a: Brute Bonnet|protosynthesisatk\n|move|p1a: Weezing|Will-O-Wisp|p2a: Brute Bonnet\n|-status|p2a: Brute Bonnet|brn\n|\n|-weather|SunnyDay|[upkeep]\n|-damage|p2a: Brute Bonnet|70\/100 brn|[from] brn\n|upkeep\n|turn|8\n|\n|t:|1700018480\n|move|p1a: Weezing|Sludge Bomb|p2a: Brute Bonnet\n|-supereffective|p2a: Brute Bonnet\n|-damage|p2a: Brute Bonnet|27\/100 brn\n|move|p2a: Brute Bonnet|Spore|p1a: Weezing\n|-status|p1a: Weezing|slp|[from] move: Spore\n|\n|-weather|none\n|-end|p2a: Brute Bonnet|Protosynthesis\n|-damage|p2a: Brute Bonnet|21\/100 brn|[from] brn\n|upkeep\n|turn|9\n|\n|t:|1700018489\n|-end|p2a: Brute Bonnet|Protosynthesis|[silent]\n|switch|p2a: Torkoal|Torkoal, M|100\/100\n|-damage|p2a: Torkoal|88\/100|[from] Spikes\n|-damage|p2a: Torkoal|63\/100|[from] Stealth Rock\n|cant|p1a: Weezing|slp\n|\n|upkeep\n|turn|10\n|\n|t:|1700018497\n|-curestatus|p1a: Weezing|slp|[msg]\n|move|p1a: Weezing|Pain Split|p2a: Torkoal\n|-sethp|p2a: Torkoal|70\/100|[from] move: Pain Split|[silent]\n|-sethp|p1a: Weezing|72\/100|[from] move: Pain Split\n|move|p2a: Torkoal|Rapid Spin|p1a: Weezing\n|-damage|p1a: Weezing|66\/100\n|-boost|p2a: Torkoal|spe|1\n|-sideend|p2: Teaver the Beaver|Spikes|[from] move: Rapid Spin|[of] p2a: Torkoal\n|-sideend|p2: Teaver the Beaver|Stealth Rock|[from] move: Rapid Spin|[of] p2a: Torkoal\n|\n|upkeep\n|turn|11\n|\n|t:|1700018507\n|move|p1a: Weezing|Sludge Bomb|p2a: Torkoal\n|-crit|p2a: Torkoal\n|-damage|p2a: Torkoal|20\/100\n|move|p2a: Torkoal|Stealth Rock|p1a: Weezing\n|-sidestart|p1: SickestPlaya|move: Stealth Rock\n|\n|upkeep\n|turn|12\n|\n|t:|1700018521\n|switch|p2a: Walking Wake|Walking Wake, tera:Water|62\/100\n|move|p1a: Weezing|Will-O-Wisp|p2a: Walking Wake\n|-status|p2a: Walking Wake|brn\n|\n|-damage|p2a: Walking Wake|56\/100 brn|[from] brn\n|upkeep\n|turn|13\n|\n|t:|1700018535\n|-end|p1a: Weezing|ability: Neutralizing Gas\n|switch|p1a: Dondozo|Dondozo, F|100\/100\n|-damage|p1a: Dondozo|88\/100|[from] Stealth Rock\n|move|p2a: Walking Wake|Flip Turn|p1a: Dondozo\n|-resisted|p1a: Dondozo\n|-damage|p1a: Dondozo|85\/100\n|\n|t:|1700018538\n|-end|p2a: Walking Wake|Protosynthesis|[silent]\n|switch|p2a: Torkoal|Torkoal, M|20\/100|[from] Flip Turn\n|-weather|SunnyDay|[from] ability: Drought|[of] p2a: Torkoal\n|\n|-weather|SunnyDay|[upkeep]\n|-heal|p1a: Dondozo|91\/100|[from] item: Leftovers\n|upkeep\n|turn|14\n|\n|t:|1700018544\n|switch|p2a: Scream Tail|Scream Tail|100\/100\n|-activate|p2a: Scream Tail|ability: Protosynthesis\n|-start|p2a: Scream Tail|protosynthesisspd\n|move|p1a: Dondozo|Earthquake|p2a: Scream Tail\n|-damage|p2a: Scream Tail|84\/100\n|\n|-weather|SunnyDay|[upkeep]\n|-heal|p2a: Scream Tail|90\/100|[from] item: Leftovers\n|-heal|p1a: Dondozo|97\/100|[from] item: Leftovers\n|upkeep\n|turn|15\n|\n|t:|1700018557\n|switch|p1a: Ting-Lu|Ting-Lu, tera:Water|85\/100\n|-damage|p1a: Ting-Lu|73\/100|[from] Stealth Rock\n|-ability|p1a: Ting-Lu|Vessel of Ruin\n|move|p2a: Scream Tail|Wish|p2a: Scream Tail\n|\n|-weather|SunnyDay|[upkeep]\n|-heal|p2a: Scream Tail|96\/100|[from] item: Leftovers\n|-heal|p1a: Ting-Lu|79\/100|[from] item: Leftovers\n|upkeep\n|turn|16\n|\n|t:|1700018570\n|-end|p2a: Scream Tail|Protosynthesis|[silent]\n|switch|p2a: Walking Wake|Walking Wake, tera:Water|56\/100 brn\n|-activate|p2a: Walking Wake|ability: Protosynthesis\n|-start|p2a: Walking Wake|protosynthesisspa\n|move|p1a: Ting-Lu|Earthquake|p2a: Walking Wake\n|-damage|p2a: Walking Wake|13\/100 brn\n|\n|-weather|SunnyDay|[upkeep]\n|-heal|p2a: Walking Wake|77\/100 brn|[from] move: Wish|[wisher] Scream Tail\n|-heal|p1a: Ting-Lu|85\/100|[from] item: Leftovers\n|-damage|p2a: Walking Wake|71\/100 brn|[from] brn\n|upkeep\n|turn|17\n|\n|t:|1700018586\n|-end|p2a: Walking Wake|Protosynthesis|[silent]\n|switch|p2a: Scream Tail|Scream Tail|96\/100\n|-activate|p2a: Scream Tail|ability: Protosynthesis\n|-start|p2a: Scream Tail|protosynthesisspd\n|move|p1a: Ting-Lu|Stealth Rock|p2a: Scream Tail\n|-sidestart|p2: Teaver the Beaver|move: Stealth Rock\n|\n|-weather|SunnyDay|[upkeep]\n|-heal|p2a: Scream Tail|100\/100|[from] item: Leftovers\n|-heal|p1a: Ting-Lu|91\/100|[from] item: Leftovers\n|upkeep\n|turn|18\n|\n|t:|1700018593\n|move|p2a: Scream Tail|Dazzling Gleam|p1a: Ting-Lu\n|-damage|p1a: Ting-Lu|83\/100\n|move|p1a: Ting-Lu|Spikes|p2a: Scream Tail\n|-sidestart|p2: Teaver the Beaver|Spikes\n|\n|-weather|SunnyDay|[upkeep]\n|-heal|p1a: Ting-Lu|89\/100|[from] item: Leftovers\n|upkeep\n|turn|19\n|\n|t:|1700018609\n|move|p2a: Scream Tail|Encore|p1a: Ting-Lu\n|-start|p1a: Ting-Lu|Encore\n|move|p1a: Ting-Lu|Spikes|p2a: Scream Tail\n|-sidestart|p2: Teaver the Beaver|Spikes\n|\n|-weather|SunnyDay|[upkeep]\n|-heal|p1a: Ting-Lu|96\/100|[from] item: Leftovers\n|upkeep\n|turn|20\n|\n|t:|1700018614\n|-end|p2a: Scream Tail|Protosynthesis|[silent]\n|switch|p2a: Great Tusk|Great Tusk|100\/100\n|-damage|p2a: Great Tusk|98\/100|[from] Stealth Rock\n|-damage|p2a: Great Tusk|81\/100|[from] Spikes\n|-activate|p2a: Great Tusk|ability: Protosynthesis\n|-start|p2a: Great Tusk|protosynthesisatk\n|move|p1a: Ting-Lu|Spikes|p2a: Great Tusk\n|-sidestart|p2: Teaver the Beaver|Spikes\n|\n|-weather|none\n|-end|p2a: Great Tusk|Protosynthesis\n|-heal|p1a: Ting-Lu|100\/100|[from] item: Leftovers\n|upkeep\n|turn|21\n|\n|t:|1700018620\n|switch|p1a: Alomomola|Alomomola, F|100\/100\n|-damage|p1a: Alomomola|88\/100|[from] Stealth Rock\n|move|p2a: Great Tusk|Rapid Spin|p1a: Alomomola\n|-damage|p1a: Alomomola|78\/100\n|-boost|p2a: Great Tusk|spe|1\n|-sideend|p2: Teaver the Beaver|Spikes|[from] move: Rapid Spin|[of] p2a: Great Tusk\n|-sideend|p2: Teaver the Beaver|Stealth Rock|[from] move: Rapid Spin|[of] p2a: Great Tusk\n|\n|-heal|p1a: Alomomola|84\/100|[from] item: Leftovers\n|upkeep\n|turn|22\n|\n|t:|1700018629\n|-end|p2a: Great Tusk|Protosynthesis|[silent]\n|switch|p2a: Scream Tail|Scream Tail|100\/100\n|move|p1a: Alomomola|Flip Turn|p2a: Scream Tail\n|-damage|p2a: Scream Tail|89\/100\n|\n|t:|1700018637\n|switch|p1a: Corviknight|Corviknight, F|100\/100|[from] Flip Turn\n|-damage|p1a: Corviknight|88\/100|[from] Stealth Rock\n|-ability|p1a: Corviknight|Pressure\n|\n|-heal|p2a: Scream Tail|95\/100|[from] item: Leftovers\n|upkeep\n|turn|23\n|\n|t:|1700018641\n|move|p2a: Scream Tail|Wish|p2a: Scream Tail\n|move|p1a: Corviknight|Defog|p2a: Scream Tail\n|-unboost|p2a: Scream Tail|evasion|1\n|-sideend|p1: SickestPlaya|Stealth Rock|[from] move: Defog|[of] p1a: Corviknight\n|\n|-heal|p2a: Scream Tail|100\/100|[from] item: Leftovers\n|upkeep\n|turn|24\n|\n|t:|1700018647\n|-end|p2a: Scream Tail|Protosynthesis|[silent]\n|switch|p2a: Walking Wake|Walking Wake, tera:Water|71\/100 brn\n|move|p1a: Corviknight|Body Press|p2a: Walking Wake\n|-crit|p2a: Walking Wake\n|-damage|p2a: Walking Wake|26\/100 brn\n|\n|-heal|p2a: Walking Wake|90\/100 brn|[from] move: Wish|[wisher] Scream Tail\n|-damage|p2a: Walking Wake|83\/100 brn|[from] brn\n|upkeep\n|turn|25\n|\n|t:|1700018654\n|switch|p1a: Dondozo|Dondozo, F|97\/100\n|move|p2a: Walking Wake|Flip Turn|p1a: Dondozo\n|-resisted|p1a: Dondozo\n|-damage|p1a: Dondozo|94\/100\n|\n|t:|1700018659\n|-end|p2a: Walking Wake|Protosynthesis|[silent]\n|switch|p2a: Torkoal|Torkoal, M|20\/100|[from] Flip Turn\n|-weather|SunnyDay|[from] ability: Drought|[of] p2a: Torkoal\n|\n|-weather|SunnyDay|[upkeep]\n|-heal|p1a: Dondozo|99\/100|[from] item: Leftovers\n|upkeep\n|turn|26\n|\n|t:|1700018664\n|switch|p2a: Slither Wing|Slither Wing|88\/100\n|-activate|p2a: Slither Wing|ability: Protosynthesis\n|-start|p2a: Slither Wing|protosynthesisatk\n|move|p1a: Dondozo|Earthquake|p2a: Slither Wing\n|-resisted|p2a: Slither Wing\n|-damage|p2a: Slither Wing|74\/100\n|\n|-weather|SunnyDay|[upkeep]\n|-heal|p1a: Dondozo|100\/100|[from] item: Leftovers\n|upkeep\n|turn|27\n|\n|t:|1700018671\n|move|p2a: Slither Wing|Flare Blitz|p1a: Dondozo\n|-resisted|p1a: Dondozo\n|-damage|p1a: Dondozo|60\/100\n|-damage|p2a: Slither Wing|54\/100|[from] Recoil\n|move|p1a: Dondozo|Curse|p1a: Dondozo\n|-unboost|p1a: Dondozo|spe|1\n|-boost|p1a: Dondozo|atk|1\n|-boost|p1a: Dondozo|def|1\n|\n|-weather|SunnyDay|[upkeep]\n|-heal|p1a: Dondozo|66\/100|[from] item: Leftovers\n|upkeep\n|turn|28\n|\n|t:|1700018681\n|-end|p2a: Slither Wing|Protosynthesis|[silent]\n|switch|p2a: Scream Tail|Scream Tail|100\/100\n|-activate|p2a: Scream Tail|ability: Protosynthesis\n|-start|p2a: Scream Tail|protosynthesisspd\n|move|p1a: Dondozo|Earthquake|p2a: Scream Tail\n|-damage|p2a: Scream Tail|76\/100\n|\n|-weather|SunnyDay|[upkeep]\n|-heal|p2a: Scream Tail|82\/100|[from] item: Leftovers\n|-heal|p1a: Dondozo|72\/100|[from] item: Leftovers\n|upkeep\n|turn|29\n|\n|t:|1700018686\n|move|p2a: Scream Tail|Dazzling Gleam|p1a: Dondozo\n|-damage|p1a: Dondozo|60\/100\n|move|p1a: Dondozo|Earthquake|p2a: Scream Tail\n|-damage|p2a: Scream Tail|60\/100\n|\n|-weather|SunnyDay|[upkeep]\n|-heal|p2a: Scream Tail|66\/100|[from] item: Leftovers\n|-heal|p1a: Dondozo|66\/100|[from] item: Leftovers\n|upkeep\n|turn|30\n|\n|t:|1700018692\n|move|p2a: Scream Tail|Wish|p2a: Scream Tail\n|move|p1a: Dondozo|Avalanche|p2a: Scream Tail\n|-damage|p2a: Scream Tail|51\/100\n|\n|-weather|SunnyDay|[upkeep]\n|-heal|p2a: Scream Tail|57\/100|[from] item: Leftovers\n|-heal|p1a: Dondozo|72\/100|[from] item: Leftovers\n|upkeep\n|turn|31\n|\n|t:|1700018697\n|-end|p2a: Scream Tail|Protosynthesis|[silent]\n|switch|p2a: Slither Wing|Slither Wing|54\/100\n|-activate|p2a: Slither Wing|ability: Protosynthesis\n|-start|p2a: Slither Wing|protosynthesisatk\n|move|p1a: Dondozo|Earthquake|p2a: Slither Wing\n|-resisted|p2a: Slither Wing\n|-damage|p2a: Slither Wing|32\/100\n|\n|-weather|SunnyDay|[upkeep]\n|-heal|p2a: Slither Wing|95\/100|[from] move: Wish|[wisher] Scream Tail\n|-heal|p1a: Dondozo|78\/100|[from] item: Leftovers\n|upkeep\n|turn|32\n|\n|t:|1700018702\n|move|p2a: Slither Wing|Flare Blitz|p1a: Dondozo\n|-resisted|p1a: Dondozo\n|-damage|p1a: Dondozo|52\/100\n|-damage|p2a: Slither Wing|82\/100|[from] Recoil\n|move|p1a: Dondozo|Curse|p1a: Dondozo\n|-unboost|p1a: Dondozo|spe|1\n|-boost|p1a: Dondozo|atk|1\n|-boost|p1a: Dondozo|def|1\n|\n|-weather|none\n|-end|p2a: Slither Wing|Protosynthesis\n|-heal|p1a: Dondozo|58\/100|[from] item: Leftovers\n|upkeep\n|turn|33\n|\n|t:|1700018710\n|-end|p2a: Slither Wing|Protosynthesis|[silent]\n|switch|p2a: Scream Tail|Scream Tail|57\/100\n|move|p1a: Dondozo|Avalanche|p2a: Scream Tail\n|-damage|p2a: Scream Tail|40\/100\n|\n|-heal|p2a: Scream Tail|46\/100|[from] item: Leftovers\n|-heal|p1a: Dondozo|64\/100|[from] item: Leftovers\n|upkeep\n|turn|34\n|\n|t:|1700018716\n|move|p2a: Scream Tail|Wish|p2a: Scream Tail\n|move|p1a: Dondozo|Avalanche|p2a: Scream Tail\n|-damage|p2a: Scream Tail|26\/100\n|\n|-heal|p2a: Scream Tail|32\/100|[from] item: Leftovers\n|-heal|p1a: Dondozo|70\/100|[from] item: Leftovers\n|upkeep\n|turn|35\n|\n|t:|1700018718\n|move|p2a: Scream Tail|Encore|p1a: Dondozo\n|-start|p1a: Dondozo|Encore\n|move|p1a: Dondozo|Avalanche|p2a: Scream Tail\n|-damage|p2a: Scream Tail|15\/100\n|\n|-heal|p2a: Scream Tail|64\/100|[from] move: Wish|[wisher] Scream Tail\n|-heal|p2a: Scream Tail|71\/100|[from] item: Leftovers\n|-heal|p1a: Dondozo|76\/100|[from] item: Leftovers\n|upkeep\n|turn|36\n|\n|t:|1700018727\n|switch|p1a: Ting-Lu|Ting-Lu, tera:Water|100\/100\n|-ability|p1a: Ting-Lu|Vessel of Ruin\n|move|p2a: Scream Tail|Wish|p2a: Scream Tail\n|\n|-heal|p2a: Scream Tail|77\/100|[from] item: Leftovers\n|upkeep\n|turn|37\n|\n|t:|1700018739\n|-end|p2a: Scream Tail|Protosynthesis|[silent]\n|switch|p2a: Brute Bonnet|Brute Bonnet|21\/100 brn\n|move|p1a: Ting-Lu|Stealth Rock|p2a: Brute Bonnet\n|-sidestart|p2: Teaver the Beaver|move: Stealth Rock\n|\n|-heal|p2a: Brute Bonnet|72\/100 brn|[from] move: Wish|[wisher] Scream Tail\n|-damage|p2a: Brute Bonnet|66\/100 brn|[from] brn\n|upkeep\n|turn|38\n|\n|t:|1700018749\n|switch|p1a: Weezing|Weezing-Galar, M|66\/100\n|-ability|p1a: Weezing|Neutralizing Gas\n|move|p2a: Brute Bonnet|Spore|p1a: Weezing\n|-status|p1a: Weezing|slp|[from] move: Spore\n|\n|-damage|p2a: Brute Bonnet|60\/100 brn|[from] brn\n|upkeep\n|turn|39\n|\n|t:|1700018756\n|-end|p2a: Brute Bonnet|Protosynthesis|[silent]\n|switch|p2a: Walking Wake|Walking Wake, tera:Water|83\/100 brn\n|-damage|p2a: Walking Wake|71\/100 brn|[from] Stealth Rock\n|cant|p1a: Weezing|slp\n|\n|-damage|p2a: Walking Wake|65\/100 brn|[from] brn\n|upkeep\n|turn|40\n|\n|t:|1700018762\n|-end|p1a: Weezing|ability: Neutralizing Gas\n|switch|p1a: Ting-Lu|Ting-Lu, tera:Water|100\/100\n|-ability|p1a: Ting-Lu|Vessel of Ruin\n|move|p2a: Walking Wake|Flip Turn|p1a: Ting-Lu\n|-resisted|p1a: Ting-Lu\n|-damage|p1a: Ting-Lu|98\/100\n|\n|t:|1700018772\n|-end|p2a: Walking Wake|Protosynthesis|[silent]\n|switch|p2a: Great Tusk|Great Tusk|81\/100|[from] Flip Turn\n|-damage|p2a: Great Tusk|78\/100|[from] Stealth Rock\n|\n|-heal|p1a: Ting-Lu|100\/100|[from] item: Leftovers\n|upkeep\n|turn|41\n|\n|t:|1700018778\n|switch|p1a: Alomomola|Alomomola, F|100\/100\n|move|p2a: Great Tusk|Rapid Spin|p1a: Alomomola\n|-damage|p1a: Alomomola|89\/100\n|-boost|p2a: Great Tusk|spe|1\n|-sideend|p2: Teaver the Beaver|Stealth Rock|[from] move: Rapid Spin|[of] p2a: Great Tusk\n|\n|-heal|p1a: Alomomola|95\/100|[from] item: Leftovers\n|upkeep\n|turn|42\n|\n|t:|1700018786\n|-end|p2a: Great Tusk|Protosynthesis|[silent]\n|switch|p2a: Torkoal|Torkoal, M|20\/100\n|-weather|SunnyDay|[from] ability: Drought|[of] p2a: Torkoal\n|move|p1a: Alomomola|Flip Turn|p2a: Torkoal\n|-supereffective|p2a: Torkoal\n|-damage|p2a: Torkoal|11\/100\n|\n|t:|1700018800\n|switch|p1a: Weavile|Weavile, M|100\/100|[from] Flip Turn\n|-ability|p1a: Weavile|Pressure\n|\n|-weather|SunnyDay|[upkeep]\n|upkeep\n|turn|43\n|\n|t:|1700018806\n|switch|p2a: Great Tusk|Great Tusk|78\/100\n|-activate|p2a: Great Tusk|ability: Protosynthesis\n|-start|p2a: Great Tusk|protosynthesisatk\n|move|p1a: Weavile|Knock Off|p2a: Great Tusk\n|-resisted|p2a: Great Tusk\n|-damage|p2a: Great Tusk|65\/100\n|-enditem|p2a: Great Tusk|Choice Scarf|[from] move: Knock Off|[of] p1a: Weavile\n|\n|-weather|SunnyDay|[upkeep]\n|upkeep\n|turn|44\n|\n|t:|1700018825\n|move|p1a: Weavile|Protect|p1a: Weavile\n|-singleturn|p1a: Weavile|Protect\n|move|p2a: Great Tusk|Close Combat|p1a: Weavile\n|-activate|p1a: Weavile|move: Protect\n|\n|-weather|SunnyDay|[upkeep]\n|upkeep\n|turn|45\n|\n|t:|1700018834\n|move|p1a: Weavile|Substitute|p1a: Weavile\n|-start|p1a: Weavile|Substitute\n|-damage|p1a: Weavile|76\/100\n|move|p2a: Great Tusk|Close Combat|p1a: Weavile\n|-supereffective|p1a: Weavile\n|-end|p1a: Weavile|Substitute\n|-unboost|p2a: Great Tusk|def|1\n|-unboost|p2a: Great Tusk|spd|1\n|\n|-weather|SunnyDay|[upkeep]\n|-heal|p1a: Weavile|82\/100|[from] item: Leftovers\n|upkeep\n|turn|46\n|\n|t:|1700018840\n|move|p1a: Weavile|Protect|p1a: Weavile\n|-singleturn|p1a: Weavile|Protect\n|move|p2a: Great Tusk|Close Combat|p1a: Weavile\n|-activate|p1a: Weavile|move: Protect\n|\n|-weather|SunnyDay|[upkeep]\n|-heal|p1a: Weavile|88\/100|[from] item: Leftovers\n|upkeep\n|turn|47\n|inactive|SickestPlaya has 120 seconds left.\n|\n|t:|1700018877\n|move|p1a: Weavile|Substitute|p1a: Weavile\n|-start|p1a: Weavile|Substitute\n|-damage|p1a: Weavile|63\/100\n|move|p2a: Great Tusk|Rapid Spin|p1a: Weavile\n|-end|p1a: Weavile|Substitute\n|-boost|p2a: Great Tusk|spe|1\n|\n|-weather|SunnyDay|[upkeep]\n|-heal|p1a: Weavile|69\/100|[from] item: Leftovers\n|upkeep\n|turn|48\n|inactive|SickestPlaya has 120 seconds left.\n|\n|t:|1700018883\n|move|p1a: Weavile|Protect|p1a: Weavile\n|-singleturn|p1a: Weavile|Protect\n|move|p2a: Great Tusk|Rapid Spin|p1a: Weavile\n|-activate|p1a: Weavile|move: Protect\n|\n|-weather|SunnyDay|[upkeep]\n|-heal|p1a: Weavile|75\/100|[from] item: Leftovers\n|upkeep\n|turn|49\n|inactive|SickestPlaya has 120 seconds left.\n|\n|t:|1700018897\n|switch|p1a: Alomomola|Alomomola, F|100\/100\n|move|p2a: Great Tusk|Ice Spinner|p1a: Alomomola\n|-resisted|p1a: Alomomola\n|-damage|p1a: Alomomola|90\/100\n|\n|-weather|none\n|-end|p2a: Great Tusk|Protosynthesis\n|-heal|p1a: Alomomola|96\/100|[from] item: Leftovers\n|upkeep\n|turn|50\n|\n|t:|1700018901\n|-end|p2a: Great Tusk|Protosynthesis|[silent]\n|switch|p2a: Scream Tail|Scream Tail|77\/100\n|move|p1a: Alomomola|Flip Turn|p2a: Scream Tail\n|-damage|p2a: Scream Tail|64\/100\n|\n|t:|1700018906\n|switch|p1a: Weezing|Weezing-Galar, M|66\/100 slp|[from] Flip Turn\n|-ability|p1a: Weezing|Neutralizing Gas\n|\n|-heal|p2a: Scream Tail|71\/100|[from] item: Leftovers\n|upkeep\n|turn|51\n|\n|t:|1700018909\n|move|p2a: Scream Tail|Wish|p2a: Scream Tail\n|cant|p1a: Weezing|slp\n|\n|-heal|p2a: Scream Tail|77\/100|[from] item: Leftovers\n|upkeep\n|turn|52\n|\n|t:|1700018915\n|-end|p2a: Scream Tail|Protosynthesis|[silent]\n|switch|p2a: Walking Wake|Walking Wake, tera:Water|65\/100 brn\n|-curestatus|p1a: Weezing|slp|[msg]\n|move|p1a: Weezing|Sludge Bomb|p2a: Walking Wake\n|-damage|p2a: Walking Wake|30\/100 brn\n|\n|-heal|p2a: Walking Wake|94\/100 brn|[from] move: Wish|[wisher] Scream Tail\n|-damage|p2a: Walking Wake|88\/100 brn|[from] brn\n|upkeep\n|turn|53\n|\n|t:|1700018921\n|-end|p1a: Weezing|ability: Neutralizing Gas\n|switch|p1a: Ting-Lu|Ting-Lu, tera:Water|100\/100\n|-ability|p1a: Ting-Lu|Vessel of Ruin\n|move|p2a: Walking Wake|Draco Meteor|p1a: Ting-Lu\n|-damage|p1a: Ting-Lu|57\/100\n|-unboost|p2a: Walking Wake|spa|2\n|\n|-heal|p1a: Ting-Lu|64\/100|[from] item: Leftovers\n|-damage|p2a: Walking Wake|81\/100 brn|[from] brn\n|upkeep\n|turn|54\n|\n|t:|1700018935\n|-end|p2a: Walking Wake|Protosynthesis|[silent]\n|switch|p2a: Scream Tail|Scream Tail|77\/100\n|move|p1a: Ting-Lu|Earthquake|p2a: Scream Tail\n|-damage|p2a: Scream Tail|49\/100\n|\n|-heal|p2a: Scream Tail|55\/100|[from] item: Leftovers\n|-heal|p1a: Ting-Lu|70\/100|[from] item: Leftovers\n|upkeep\n|turn|55\n|\n|t:|1700018940\n|move|p2a: Scream Tail|Encore|p1a: Ting-Lu\n|-start|p1a: Ting-Lu|Encore\n|move|p1a: Ting-Lu|Earthquake|p2a: Scream Tail\n|-damage|p2a: Scream Tail|31\/100\n|\n|-heal|p2a: Scream Tail|37\/100|[from] item: Leftovers\n|-heal|p1a: Ting-Lu|76\/100|[from] item: Leftovers\n|upkeep\n|turn|56\n|\n|t:|1700018944\n|switch|p1a: Alomomola|Alomomola, F|100\/100\n|move|p2a: Scream Tail|Wish|p2a: Scream Tail\n|\n|-heal|p2a: Scream Tail|43\/100|[from] item: Leftovers\n|upkeep\n|turn|57\n|\n|t:|1700018949\n|move|p2a: Scream Tail|Protect|p2a: Scream Tail\n|-singleturn|p2a: Scream Tail|Protect\n|move|p1a: Alomomola|Wish|p1a: Alomomola\n|\n|-heal|p2a: Scream Tail|93\/100|[from] move: Wish|[wisher] Scream Tail\n|-heal|p2a: Scream Tail|99\/100|[from] item: Leftovers\n|upkeep\n|turn|58\n|\n|t:|1700018960\n|switch|p1a: Weezing|Weezing-Galar, M|66\/100\n|-ability|p1a: Weezing|Neutralizing Gas\n|move|p2a: Scream Tail|Wish|p2a: Scream Tail\n|\n|-heal|p1a: Weezing|100\/100|[from] move: Wish|[wisher] Alomomola\n|-heal|p2a: Scream Tail|100\/100|[from] item: Leftovers\n|upkeep\n|turn|59\n|\n|t:|1700018969\n|-end|p2a: Scream Tail|Protosynthesis|[silent]\n|switch|p2a: Walking Wake|Walking Wake, tera:Water|81\/100 brn\n|move|p1a: Weezing|Sludge Bomb|p2a: Walking Wake\n|-damage|p2a: Walking Wake|48\/100 brn\n|\n|-heal|p2a: Walking Wake|100\/100 brn|[from] move: Wish|[wisher] Scream Tail\n|-damage|p2a: Walking Wake|94\/100 brn|[from] brn\n|upkeep\n|turn|60\n|\n|t:|1700018974\n|-end|p1a: Weezing|ability: Neutralizing Gas\n|switch|p1a: Dondozo|Dondozo, F|76\/100\n|move|p2a: Walking Wake|Draco Meteor|p1a: Dondozo\n|-crit|p1a: Dondozo\n|-damage|p1a: Dondozo|0 fnt\n|-unboost|p2a: Walking Wake|spa|2\n|faint|p1a: Dondozo\n|\n|-damage|p2a: Walking Wake|88\/100 brn|[from] brn\n|upkeep\n|inactive|SickestPlaya has 120 seconds left.\n|\n|t:|1700019015\n|switch|p1a: Ting-Lu|Ting-Lu, tera:Water|76\/100\n|-ability|p1a: Ting-Lu|Vessel of Ruin\n|turn|61\n|\n|t:|1700019022\n|-end|p2a: Walking Wake|Protosynthesis|[silent]\n|switch|p2a: Great Tusk|Great Tusk|65\/100\n|move|p1a: Ting-Lu|Spikes|p2a: Great Tusk\n|-sidestart|p2: Teaver the Beaver|Spikes\n|\n|-heal|p1a: Ting-Lu|82\/100|[from] item: Leftovers\n|upkeep\n|turn|62\n|\n|t:|1700019028\n|switch|p1a: Alomomola|Alomomola, F|100\/100\n|move|p2a: Great Tusk|Rapid Spin|p1a: Alomomola\n|-damage|p1a: Alomomola|90\/100\n|-boost|p2a: Great Tusk|spe|1\n|-sideend|p2: Teaver the Beaver|Spikes|[from] move: Rapid Spin|[of] p2a: Great Tusk\n|\n|-heal|p1a: Alomomola|96\/100|[from] item: Leftovers\n|upkeep\n|turn|63\n|\n|t:|1700019034\n|-end|p2a: Great Tusk|Protosynthesis|[silent]\n|switch|p2a: Torkoal|Torkoal, M|11\/100\n|-weather|SunnyDay|[from] ability: Drought|[of] p2a: Torkoal\n|move|p1a: Alomomola|Wish|p1a: Alomomola\n|\n|-weather|SunnyDay|[upkeep]\n|-heal|p1a: Alomomola|100\/100|[from] item: Leftovers\n|upkeep\n|turn|64\n|\n|t:|1700019043\n|move|p1a: Alomomola|Flip Turn|p2a: Torkoal\n|-supereffective|p2a: Torkoal\n|-damage|p2a: Torkoal|3\/100\n|\n|t:|1700019050\n|switch|p1a: Ting-Lu|Ting-Lu, tera:Water|82\/100|[from] Flip Turn\n|-ability|p1a: Ting-Lu|Vessel of Ruin\n|move|p2a: Torkoal|Stealth Rock|p1a: Ting-Lu\n|-sidestart|p1: SickestPlaya|move: Stealth Rock\n|\n|-weather|SunnyDay|[upkeep]\n|-heal|p1a: Ting-Lu|100\/100|[from] move: Wish|[wisher] Alomomola\n|upkeep\n|turn|65\n|\n|t:|1700019060\n|switch|p2a: Great Tusk|Great Tusk|65\/100\n|-activate|p2a: Great Tusk|ability: Protosynthesis\n|-start|p2a: Great Tusk|protosynthesisatk\n|move|p1a: Ting-Lu|Spikes|p2a: Great Tusk\n|-sidestart|p2: Teaver the Beaver|Spikes\n|\n|-weather|SunnyDay|[upkeep]\n|upkeep\n|turn|66\n|\n|t:|1700019066\n|move|p1a: Ting-Lu|Protect|p1a: Ting-Lu\n|-singleturn|p1a: Ting-Lu|Protect\n|move|p2a: Great Tusk|Headlong Rush|p1a: Ting-Lu\n|-activate|p1a: Ting-Lu|move: Protect\n|\n|-weather|SunnyDay|[upkeep]\n|upkeep\n|turn|67\n|\n|t:|1700019082\n|-end|p2a: Great Tusk|Protosynthesis|[silent]\n|switch|p2a: Walking Wake|Walking Wake, tera:Water|88\/100 brn\n|-damage|p2a: Walking Wake|76\/100 brn|[from] Spikes\n|-activate|p2a: Walking Wake|ability: Protosynthesis\n|-start|p2a: Walking Wake|protosynthesisspa\n|switch|p1a: Alomomola|Alomomola, F|100\/100\n|-damage|p1a: Alomomola|88\/100|[from] Stealth Rock\n|\n|-weather|SunnyDay|[upkeep]\n|-heal|p1a: Alomomola|94\/100|[from] item: Leftovers\n|-damage|p2a: Walking Wake|70\/100 brn|[from] brn\n|upkeep\n|turn|68\n|\n|t:|1700019090\n|move|p1a: Alomomola|Protect|p1a: Alomomola\n|-singleturn|p1a: Alomomola|Protect\n|move|p2a: Walking Wake|Hydro Steam|p1a: Alomomola\n|-activate|p1a: Alomomola|move: Protect\n|\n|-weather|SunnyDay|[upkeep]\n|-heal|p1a: Alomomola|99\/100|[from] item: Leftovers\n|-damage|p2a: Walking Wake|63\/100 brn|[from] brn\n|upkeep\n|turn|69\n|\n|t:|1700019097\n|move|p2a: Walking Wake|Hydro Steam|p1a: Alomomola\n|-resisted|p1a: Alomomola\n|-damage|p1a: Alomomola|29\/100\n|move|p1a: Alomomola|Mirror Coat|p2a: Walking Wake\n|-damage|p2a: Walking Wake|0 fnt\n|faint|p2a: Walking Wake\n|-end|p2a: Walking Wake|Protosynthesis|[silent]\n|\n|-weather|SunnyDay|[upkeep]\n|-heal|p1a: Alomomola|35\/100|[from] item: Leftovers\n|upkeep\n|\n|t:|1700019109\n|switch|p2a: Brute Bonnet|Brute Bonnet|60\/100 brn\n|-damage|p2a: Brute Bonnet|47\/100 brn|[from] Spikes\n|-activate|p2a: Brute Bonnet|ability: Protosynthesis\n|-start|p2a: Brute Bonnet|protosynthesisatk\n|turn|70\n|\n|t:|1700019117\n|move|p1a: Alomomola|Protect|p1a: Alomomola\n|-singleturn|p1a: Alomomola|Protect\n|move|p2a: Brute Bonnet|Bullet Seed|p1a: Alomomola\n|-activate|p1a: Alomomola|move: Protect\n|\n|-weather|none\n|-end|p2a: Brute Bonnet|Protosynthesis\n|-heal|p1a: Alomomola|41\/100|[from] item: Leftovers\n|-damage|p2a: Brute Bonnet|41\/100 brn|[from] brn\n|upkeep\n|turn|71\n|\n|t:|1700019126\n|switch|p1a: Weezing|Weezing-Galar, M|100\/100\n|-ability|p1a: Weezing|Neutralizing Gas\n|move|p2a: Brute Bonnet|Spore|p1a: Weezing\n|-status|p1a: Weezing|slp|[from] move: Spore\n|\n|-damage|p2a: Brute Bonnet|35\/100 brn|[from] brn\n|upkeep\n|turn|72\n|\n|t:|1700019135\n|-end|p1a: Weezing|ability: Neutralizing Gas\n|switch|p1a: Corviknight|Corviknight, F|88\/100\n|-damage|p1a: Corviknight|76\/100|[from] Stealth Rock\n|-ability|p1a: Corviknight|Pressure\n|-end|p2a: Brute Bonnet|Protosynthesis|[silent]\n|switch|p2a: Great Tusk|Great Tusk|65\/100\n|-damage|p2a: Great Tusk|53\/100|[from] Spikes\n|\n|upkeep\n|turn|73\n|\n|t:|1700019139\n|move|p2a: Great Tusk|Rapid Spin|p1a: Corviknight\n|-resisted|p1a: Corviknight\n|-damage|p1a: Corviknight|70\/100\n|-boost|p2a: Great Tusk|spe|1\n|-damage|p2a: Great Tusk|36\/100|[from] item: Rocky Helmet|[of] p1a: Corviknight\n|-sideend|p2: Teaver the Beaver|Spikes|[from] move: Rapid Spin|[of] p2a: Great Tusk\n|move|p1a: Corviknight|Defog|p2a: Great Tusk\n|-unboost|p2a: Great Tusk|evasion|1\n|-sideend|p1: SickestPlaya|Stealth Rock|[from] move: Defog|[of] p1a: Corviknight\n|\n|upkeep\n|turn|74\n|\n|t:|1700019144\n|-end|p2a: Great Tusk|Protosynthesis|[silent]\n|switch|p2a: Scream Tail|Scream Tail|100\/100\n|move|p1a: Corviknight|Roost|p1a: Corviknight\n|-heal|p1a: Corviknight|100\/100\n|-singleturn|p1a: Corviknight|move: Roost\n|\n|upkeep\n|turn|75\n|\n|t:|1700019153\n|switch|p1a: Alomomola|Alomomola, F|74\/100\n|move|p2a: Scream Tail|Wish|p2a: Scream Tail\n|\n|-heal|p1a: Alomomola|80\/100|[from] item: Leftovers\n|upkeep\n|turn|76\n|\n|t:|1700019160\n|-end|p2a: Scream Tail|Protosynthesis|[silent]\n|switch|p2a: Slither Wing|Slither Wing|82\/100\n|move|p1a: Alomomola|Flip Turn|p2a: Slither Wing\n|-damage|p2a: Slither Wing|64\/100\n|\n|t:|1700019168\n|switch|p1a: Corviknight|Corviknight, F|100\/100|[from] Flip Turn\n|-ability|p1a: Corviknight|Pressure\n|\n|-heal|p2a: Slither Wing|100\/100|[from] move: Wish|[wisher] Scream Tail\n|upkeep\n|turn|77\n|\n|t:|1700019176\n|-end|p2a: Slither Wing|Protosynthesis|[silent]\n|switch|p2a: Torkoal|Torkoal, M|3\/100\n|-weather|SunnyDay|[from] ability: Drought|[of] p2a: Torkoal\n|switch|p1a: Alomomola|Alomomola, F|100\/100\n|\n|-weather|SunnyDay|[upkeep]\n|upkeep\n|turn|78\n|\n|t:|1700019179\n|switch|p2a: Slither Wing|Slither Wing|100\/100\n|-activate|p2a: Slither Wing|ability: Protosynthesis\n|-start|p2a: Slither Wing|protosynthesisatk\n|move|p1a: Alomomola|Flip Turn|p2a: Slither Wing\n|-damage|p2a: Slither Wing|90\/100\n|\n|t:|1700019188\n|switch|p1a: Weezing|Weezing-Galar, M|100\/100 slp|[from] Flip Turn\n|-ability|p1a: Weezing|Neutralizing Gas\n|\n|-weather|SunnyDay|[upkeep]\n|upkeep\n|turn|79\n|\n|t:|1700019194\n|move|p2a: Slither Wing|Earthquake|p1a: Weezing\n|-supereffective|p1a: Weezing\n|-damage|p1a: Weezing|0 fnt\n|faint|p1a: Weezing\n|-end|p1a: Weezing|ability: Neutralizing Gas\n|\n|-weather|SunnyDay|[upkeep]\n|upkeep\n|\n|t:|1700019198\n|switch|p1a: Alomomola|Alomomola, F|100\/100\n|turn|80\n|\n|t:|1700019202\n|-end|p2a: Slither Wing|Protosynthesis|[silent]\n|switch|p2a: Scream Tail|Scream Tail|100\/100\n|-activate|p2a: Scream Tail|ability: Protosynthesis\n|-start|p2a: Scream Tail|protosynthesisspd\n|move|p1a: Alomomola|Flip Turn|p2a: Scream Tail\n|-damage|p2a: Scream Tail|95\/100\n|\n|t:|1700019216\n|switch|p1a: Corviknight|Corviknight, F|100\/100|[from] Flip Turn\n|-ability|p1a: Corviknight|Pressure\n|\n|-weather|SunnyDay|[upkeep]\n|-heal|p2a: Scream Tail|100\/100|[from] item: Leftovers\n|upkeep\n|turn|81\n|\n|t:|1700019226\n|move|p2a: Scream Tail|Wish|p2a: Scream Tail\n|move|p1a: Corviknight|Iron Defense|p1a: Corviknight\n|-boost|p1a: Corviknight|def|2\n|\n|-weather|SunnyDay|[upkeep]\n|upkeep\n|turn|82\n|\n|t:|1700019232\n|move|p2a: Scream Tail|Encore|p1a: Corviknight\n|-start|p1a: Corviknight|Encore\n|move|p1a: Corviknight|Iron Defense|p1a: Corviknight\n|-boost|p1a: Corviknight|def|2\n|\n|-weather|SunnyDay|[upkeep]\n|upkeep\n|turn|83\n|\n|t:|1700019238\n|-end|p2a: Scream Tail|Protosynthesis|[silent]\n|switch|p2a: Torkoal|Torkoal, M|3\/100\n|move|p1a: Corviknight|Iron Defense|p1a: Corviknight\n|-boost|p1a: Corviknight|def|2\n|\n|-weather|SunnyDay|[upkeep]\n|upkeep\n|turn|84\n|\n|t:|1700019252\n|switch|p1a: Alomomola|Alomomola, F|100\/100\n|move|p2a: Torkoal|Lava Plume|p1a: Alomomola\n|-resisted|p1a: Alomomola\n|-damage|p1a: Alomomola|83\/100\n|-status|p1a: Alomomola|brn\n|\n|-weather|none\n|-heal|p1a: Alomomola|89\/100 brn|[from] item: Leftovers\n|-damage|p1a: Alomomola|83\/100 brn|[from] brn\n|upkeep\n|turn|85\n|\n|t:|1700019260\n|switch|p2a: Scream Tail|Scream Tail|100\/100\n|move|p1a: Alomomola|Flip Turn|p2a: Scream Tail\n|-crit|p2a: Scream Tail\n|-damage|p2a: Scream Tail|92\/100\n|\n|t:|1700019263\n|switch|p1a: Corviknight|Corviknight, F|100\/100|[from] Flip Turn\n|-ability|p1a: Corviknight|Pressure\n|\n|-heal|p2a: Scream Tail|98\/100|[from] item: Leftovers\n|upkeep\n|turn|86\n|\n|t:|1700019267\n|move|p2a: Scream Tail|Wish|p2a: Scream Tail\n|move|p1a: Corviknight|Iron Defense|p1a: Corviknight\n|-boost|p1a: Corviknight|def|2\n|\n|-heal|p2a: Scream Tail|100\/100|[from] item: Leftovers\n|upkeep\n|turn|87\n|\n|t:|1700019272\n|move|p2a: Scream Tail|Encore|p1a: Corviknight\n|-start|p1a: Corviknight|Encore\n|move|p1a: Corviknight|Iron Defense|p1a: Corviknight\n|-boost|p1a: Corviknight|def|2\n|\n|upkeep\n|turn|88\n|\n|t:|1700019275\n|-end|p2a: Scream Tail|Protosynthesis|[silent]\n|switch|p2a: Torkoal|Torkoal, M|3\/100\n|-weather|SunnyDay|[from] ability: Drought|[of] p2a: Torkoal\n|move|p1a: Corviknight|Iron Defense|p1a: Corviknight\n|-boost|p1a: Corviknight|def|2\n|\n|-weather|SunnyDay|[upkeep]\n|upkeep\n|turn|89\n|\n|t:|1700019286\n|switch|p1a: Alomomola|Alomomola, F|100\/100 brn\n|move|p2a: Torkoal|Lava Plume|p1a: Alomomola\n|-resisted|p1a: Alomomola\n|-damage|p1a: Alomomola|83\/100 brn\n|\n|-weather|SunnyDay|[upkeep]\n|-heal|p1a: Alomomola|89\/100 brn|[from] item: Leftovers\n|-damage|p1a: Alomomola|83\/100 brn|[from] brn\n|upkeep\n|turn|90\n|\n|t:|1700019294\n|switch|p2a: Slither Wing|Slither Wing|90\/100\n|-activate|p2a: Slither Wing|ability: Protosynthesis\n|-start|p2a: Slither Wing|protosynthesisatk\n|move|p1a: Alomomola|Flip Turn|p2a: Slither Wing\n|-damage|p2a: Slither Wing|85\/100\n|\n|t:|1700019299\n|switch|p1a: Corviknight|Corviknight, F|100\/100|[from] Flip Turn\n|-ability|p1a: Corviknight|Pressure\n|\n|-weather|SunnyDay|[upkeep]\n|upkeep\n|turn|91\n|\n|t:|1700019308\n|switch|p1a: Alomomola|Alomomola, F|100\/100 brn\n|move|p2a: Slither Wing|Close Combat|p1a: Alomomola\n|-damage|p1a: Alomomola|18\/100 brn\n|-unboost|p2a: Slither Wing|def|1\n|-unboost|p2a: Slither Wing|spd|1\n|\n|-weather|SunnyDay|[upkeep]\n|-heal|p1a: Alomomola|24\/100 brn|[from] item: Leftovers\n|-damage|p1a: Alomomola|18\/100 brn|[from] brn\n|upkeep\n|turn|92\n|\n|t:|1700019315\n|move|p1a: Alomomola|Protect|p1a: Alomomola\n|-singleturn|p1a: Alomomola|Protect\n|move|p2a: Slither Wing|Close Combat|p1a: Alomomola\n|-activate|p1a: Alomomola|move: Protect\n|\n|-weather|SunnyDay|[upkeep]\n|-heal|p1a: Alomomola|24\/100 brn|[from] item: Leftovers\n|-damage|p1a: Alomomola|18\/100 brn|[from] brn\n|upkeep\n|turn|93\n|\n|t:|1700019336\n|switch|p1a: Ting-Lu|Ting-Lu, tera:Water|100\/100\n|-ability|p1a: Ting-Lu|Vessel of Ruin\n|move|p2a: Slither Wing|Close Combat|p1a: Ting-Lu\n|-damage|p1a: Ting-Lu|26\/100\n|-unboost|p2a: Slither Wing|def|1\n|-unboost|p2a: Slither Wing|spd|1\n|\n|-weather|SunnyDay|[upkeep]\n|-heal|p1a: Ting-Lu|32\/100|[from] item: Leftovers\n|upkeep\n|turn|94\n|\n|t:|1700019340\n|move|p1a: Ting-Lu|Protect|p1a: Ting-Lu\n|-singleturn|p1a: Ting-Lu|Protect\n|move|p2a: Slither Wing|Close Combat|p1a: Ting-Lu\n|-activate|p1a: Ting-Lu|move: Protect\n|\n|-weather|SunnyDay|[upkeep]\n|-heal|p1a: Ting-Lu|38\/100|[from] item: Leftovers\n|upkeep\n|turn|95\n|\n|t:|1700019351\n|move|p1a: Ting-Lu|Protect||[still]\n|-fail|p1a: Ting-Lu\n|move|p2a: Slither Wing|Close Combat|p1a: Ting-Lu\n|-damage|p1a: Ting-Lu|0 fnt\n|-unboost|p2a: Slither Wing|def|1\n|-unboost|p2a: Slither Wing|spd|1\n|faint|p1a: Ting-Lu\n|\n|-weather|none\n|-end|p2a: Slither Wing|Protosynthesis\n|upkeep\n|\n|t:|1700019353\n|switch|p1a: Weavile|Weavile, M|75\/100\n|-ability|p1a: Weavile|Pressure\n|turn|96\n|\n|t:|1700019364\n|-end|p2a: Slither Wing|Protosynthesis|[silent]\n|switch|p2a: Great Tusk|Great Tusk|36\/100\n|move|p1a: Weavile|Substitute|p1a: Weavile\n|-start|p1a: Weavile|Substitute\n|-damage|p1a: Weavile|51\/100\n|\n|-heal|p1a: Weavile|57\/100|[from] item: Leftovers\n|upkeep\n|turn|97\n|\n|t:|1700019369\n|move|p1a: Weavile|Protect|p1a: Weavile\n|-singleturn|p1a: Weavile|Protect\n|move|p2a: Great Tusk|Rapid Spin|p1a: Weavile\n|-activate|p1a: Weavile|move: Protect\n|\n|-heal|p1a: Weavile|63\/100|[from] item: Leftovers\n|upkeep\n|turn|98\n|\n|t:|1700019374\n|move|p1a: Weavile|Poison Jab|p2a: Great Tusk\n|-resisted|p2a: Great Tusk\n|-damage|p2a: Great Tusk|29\/100\n|move|p2a: Great Tusk|Rapid Spin|p1a: Weavile\n|-end|p1a: Weavile|Substitute\n|-boost|p2a: Great Tusk|spe|1\n|\n|-heal|p1a: Weavile|69\/100|[from] item: Leftovers\n|upkeep\n|turn|99\n|\n|t:|1700019382\n|move|p1a: Weavile|Protect|p1a: Weavile\n|-singleturn|p1a: Weavile|Protect\n|move|p2a: Great Tusk|Headlong Rush|p1a: Weavile\n|-activate|p1a: Weavile|move: Protect\n|\n|-heal|p1a: Weavile|75\/100|[from] item: Leftovers\n|upkeep\n|turn|100\n|\n|t:|1700019389\n|switch|p1a: Corviknight|Corviknight, F|100\/100\n|-ability|p1a: Corviknight|Pressure\n|move|p2a: Great Tusk|Close Combat|p1a: Corviknight\n|-damage|p1a: Corviknight|61\/100\n|-unboost|p2a: Great Tusk|def|1\n|-unboost|p2a: Great Tusk|spd|1\n|-damage|p2a: Great Tusk|12\/100|[from] item: Rocky Helmet|[of] p1a: Corviknight\n|\n|upkeep\n|turn|101\n|\n|t:|1700019403\n|-end|p2a: Great Tusk|Protosynthesis|[silent]\n|switch|p2a: Torkoal|Torkoal, M|3\/100\n|-weather|SunnyDay|[from] ability: Drought|[of] p2a: Torkoal\n|switch|p1a: Alomomola|Alomomola, F|51\/100 brn\n|\n|-weather|SunnyDay|[upkeep]\n|-heal|p1a: Alomomola|57\/100 brn|[from] item: Leftovers\n|-damage|p1a: Alomomola|51\/100 brn|[from] brn\n|upkeep\n|turn|102\n|\n|t:|1700019409\n|move|p1a: Alomomola|Wish|p1a: Alomomola\n|move|p2a: Torkoal|Stealth Rock|p1a: Alomomola\n|-sidestart|p1: SickestPlaya|move: Stealth Rock\n|\n|-weather|SunnyDay|[upkeep]\n|-heal|p1a: Alomomola|57\/100 brn|[from] item: Leftovers\n|-damage|p1a: Alomomola|51\/100 brn|[from] brn\n|upkeep\n|turn|103\n|\n|t:|1700019414\n|move|p1a: Alomomola|Flip Turn|p2a: Torkoal\n|-supereffective|p2a: Torkoal\n|-damage|p2a: Torkoal|0 fnt\n|faint|p2a: Torkoal\n|\n|t:|1700019423\n|switch|p1a: Corviknight|Corviknight, F|61\/100|[from] Flip Turn\n|-damage|p1a: Corviknight|49\/100|[from] Stealth Rock\n|-ability|p1a: Corviknight|Pressure\n|\n|-weather|SunnyDay|[upkeep]\n|-heal|p1a: Corviknight|100\/100|[from] move: Wish|[wisher] Alomomola\n|upkeep\n|\n|t:|1700019425\n|switch|p2a: Slither Wing|Slither Wing|85\/100\n|-activate|p2a: Slither Wing|ability: Protosynthesis\n|-start|p2a: Slither Wing|protosynthesisatk\n|turn|104\n|\n|t:|1700019442\n|switch|p1a: Alomomola|Alomomola, F|84\/100 brn\n|-damage|p1a: Alomomola|72\/100 brn|[from] Stealth Rock\n|move|p2a: Slither Wing|Flare Blitz|p1a: Alomomola\n|-resisted|p1a: Alomomola\n|-damage|p1a: Alomomola|31\/100 brn\n|-damage|p2a: Slither Wing|66\/100|[from] Recoil\n|\n|-weather|SunnyDay|[upkeep]\n|-heal|p1a: Alomomola|37\/100 brn|[from] item: Leftovers\n|-damage|p1a: Alomomola|31\/100 brn|[from] brn\n|upkeep\n|turn|105\n|\n|t:|1700019449\n|move|p1a: Alomomola|Protect|p1a: Alomomola\n|-singleturn|p1a: Alomomola|Protect\n|move|p2a: Slither Wing|Flare Blitz|p1a: Alomomola\n|-activate|p1a: Alomomola|move: Protect\n|\n|-weather|SunnyDay|[upkeep]\n|-heal|p1a: Alomomola|37\/100 brn|[from] item: Leftovers\n|-damage|p1a: Alomomola|31\/100 brn|[from] brn\n|upkeep\n|turn|106\n|inactive|SickestPlaya has 120 seconds left.\n|\n|t:|1700019487\n|move|p1a: Alomomola|Protect||[still]\n|-fail|p1a: Alomomola\n|move|p2a: Slither Wing|Flare Blitz|p1a: Alomomola\n|-resisted|p1a: Alomomola\n|-damage|p1a: Alomomola|0 fnt\n|faint|p1a: Alomomola\n|-damage|p2a: Slither Wing|52\/100|[from] Recoil\n|\n|-weather|SunnyDay|[upkeep]\n|upkeep\n|\n|t:|1700019489\n|switch|p1a: Weavile|Weavile, M|75\/100\n|-damage|p1a: Weavile|50\/100|[from] Stealth Rock\n|-ability|p1a: Weavile|Pressure\n|turn|107\n|\n|t:|1700019494\n|move|p1a: Weavile|Protect|p1a: Weavile\n|-singleturn|p1a: Weavile|Protect\n|move|p2a: Slither Wing|Flare Blitz|p1a: Weavile\n|-activate|p1a: Weavile|move: Protect\n|\n|-weather|SunnyDay|[upkeep]\n|-heal|p1a: Weavile|56\/100|[from] item: Leftovers\n|upkeep\n|turn|108\n|\n|t:|1700019515\n|-end|p2a: Slither Wing|Protosynthesis|[silent]\n|switch|p2a: Great Tusk|Great Tusk|12\/100\n|-activate|p2a: Great Tusk|ability: Protosynthesis\n|-start|p2a: Great Tusk|protosynthesisatk\n|move|p1a: Weavile|Substitute|p1a: Weavile\n|-start|p1a: Weavile|Substitute\n|-damage|p1a: Weavile|32\/100\n|\n|-weather|none\n|-end|p2a: Great Tusk|Protosynthesis\n|-heal|p1a: Weavile|38\/100|[from] item: Leftovers\n|upkeep\n|turn|109\n|\n|t:|1700019519\n|move|p1a: Weavile|Poison Jab|p2a: Great Tusk\n|-resisted|p2a: Great Tusk\n|-damage|p2a: Great Tusk|4\/100\n|move|p2a: Great Tusk|Rapid Spin|p1a: Weavile\n|-end|p1a: Weavile|Substitute\n|-boost|p2a: Great Tusk|spe|1\n|\n|-heal|p1a: Weavile|44\/100|[from] item: Leftovers\n|upkeep\n|turn|110\n|\n|t:|1700019526\n|move|p1a: Weavile|Protect|p1a: Weavile\n|-singleturn|p1a: Weavile|Protect\n|move|p2a: Great Tusk|Headlong Rush|p1a: Weavile\n|-activate|p1a: Weavile|move: Protect\n|\n|-heal|p1a: Weavile|50\/100|[from] item: Leftovers\n|upkeep\n|turn|111\n|\n|t:|1700019531\n|switch|p1a: Corviknight|Corviknight, F|100\/100\n|-damage|p1a: Corviknight|88\/100|[from] Stealth Rock\n|-ability|p1a: Corviknight|Pressure\n|move|p2a: Great Tusk|Headlong Rush|p1a: Corviknight\n|-immune|p1a: Corviknight\n|\n|upkeep\n|turn|112\n|\n|t:|1700019537\n|-end|p2a: Great Tusk|Protosynthesis|[silent]\n|switch|p2a: Scream Tail|Scream Tail|100\/100\n|move|p1a: Corviknight|Defog|p2a: Scream Tail\n|-unboost|p2a: Scream Tail|evasion|1\n|-sideend|p1: SickestPlaya|Stealth Rock|[from] move: Defog|[of] p1a: Corviknight\n|\n|upkeep\n|turn|113\n|\n|t:|1700019543\n|switch|p1a: Weavile|Weavile, M|50\/100\n|-ability|p1a: Weavile|Pressure\n|move|p2a: Scream Tail|Encore||[still]\n|-fail|p2a: Scream Tail\n|\n|-heal|p1a: Weavile|56\/100|[from] item: Leftovers\n|upkeep\n|turn|114\n|inactive|SickestPlaya has 120 seconds left.\n|\n|t:|1700019558\n|move|p1a: Weavile|Protect|p1a: Weavile\n|-singleturn|p1a: Weavile|Protect\n|move|p2a: Scream Tail|Dazzling Gleam|p1a: Weavile\n|-activate|p1a: Weavile|move: Protect\n|\n|-heal|p1a: Weavile|62\/100|[from] item: Leftovers\n|upkeep\n|turn|115\n|inactive|SickestPlaya has 120 seconds left.\n|\n|t:|1700019566\n|switch|p1a: Corviknight|Corviknight, F|88\/100\n|-ability|p1a: Corviknight|Pressure\n|move|p2a: Scream Tail|Dazzling Gleam|p1a: Corviknight\n|-resisted|p1a: Corviknight\n|-damage|p1a: Corviknight|78\/100\n|\n|upkeep\n|turn|116\n|\n|t:|1700019572\n|-end|p2a: Scream Tail|Protosynthesis|[silent]\n|switch|p2a: Slither Wing|Slither Wing|52\/100\n|switch|p1a: Weavile|Weavile, M|62\/100\n|-ability|p1a: Weavile|Pressure\n|\n|-heal|p1a: Weavile|68\/100|[from] item: Leftovers\n|upkeep\n|turn|117\n|inactive|SickestPlaya has 120 seconds left.\n|\n|t:|1700019582\n|-end|p2a: Slither Wing|Protosynthesis|[silent]\n|switch|p2a: Scream Tail|Scream Tail|100\/100\n|move|p1a: Weavile|Protect||[still]\n|-fail|p1a: Weavile\n|\n|-heal|p1a: Weavile|75\/100|[from] item: Leftovers\n|upkeep\n|turn|118\n|inactive|SickestPlaya has 120 seconds left.\n|\n|t:|1700019604\n|move|p1a: Weavile|Substitute|p1a: Weavile\n|-start|p1a: Weavile|Substitute\n|-damage|p1a: Weavile|50\/100\n|move|p2a: Scream Tail|Wish|p2a: Scream Tail\n|\n|-heal|p1a: Weavile|56\/100|[from] item: Leftovers\n|upkeep\n|turn|119\n|\n|t:|1700019612\n|move|p1a: Weavile|Poison Jab|p2a: Scream Tail\n|-supereffective|p2a: Scream Tail\n|-damage|p2a: Scream Tail|73\/100\n|move|p2a: Scream Tail|Dazzling Gleam|p1a: Weavile\n|-supereffective|p1a: Weavile\n|-end|p1a: Weavile|Substitute\n|\n|-heal|p2a: Scream Tail|100\/100|[from] move: Wish|[wisher] Scream Tail\n|-heal|p1a: Weavile|62\/100|[from] item: Leftovers\n|upkeep\n|turn|120\n|\n|t:|1700019627\n|-end|p2a: Scream Tail|Protosynthesis|[silent]\n|switch|p2a: Slither Wing|Slither Wing|52\/100\n|move|p1a: Weavile|Protect||[still]\n|-fail|p1a: Weavile\n|\n|-heal|p1a: Weavile|68\/100|[from] item: Leftovers\n|upkeep\n|turn|121\n|\n|t:|1700019635\n|-end|p2a: Slither Wing|Protosynthesis|[silent]\n|switch|p2a: Scream Tail|Scream Tail|100\/100\n|move|p1a: Weavile|Substitute|p1a: Weavile\n|-start|p1a: Weavile|Substitute\n|-damage|p1a: Weavile|43\/100\n|\n|-heal|p1a: Weavile|49\/100|[from] item: Leftovers\n|upkeep\n|turn|122\n|\n|t:|1700019640\n|move|p1a: Weavile|Poison Jab|p2a: Scream Tail\n|-supereffective|p2a: Scream Tail\n|-damage|p2a: Scream Tail|73\/100\n|move|p2a: Scream Tail|Wish|p2a: Scream Tail\n|\n|-heal|p1a: Weavile|56\/100|[from] item: Leftovers\n|-heal|p2a: Scream Tail|79\/100|[from] item: Leftovers\n|upkeep\n|turn|123\n|\n|t:|1700019650\n|move|p1a: Weavile|Poison Jab|p2a: Scream Tail\n|-supereffective|p2a: Scream Tail\n|-damage|p2a: Scream Tail|49\/100\n|-status|p2a: Scream Tail|psn\n|move|p2a: Scream Tail|Dazzling Gleam|p1a: Weavile\n|-supereffective|p1a: Weavile\n|-end|p1a: Weavile|Substitute\n|\n|-heal|p2a: Scream Tail|98\/100 psn|[from] move: Wish|[wisher] Scream Tail\n|-heal|p1a: Weavile|62\/100|[from] item: Leftovers\n|-heal|p2a: Scream Tail|100\/100 psn|[from] item: Leftovers\n|-damage|p2a: Scream Tail|88\/100 psn|[from] psn\n|upkeep\n|turn|124\n|\n|t:|1700019661\n|move|p1a: Weavile|Substitute|p1a: Weavile\n|-start|p1a: Weavile|Substitute\n|-damage|p1a: Weavile|37\/100\n|move|p2a: Scream Tail|Dazzling Gleam|p1a: Weavile\n|-supereffective|p1a: Weavile\n|-end|p1a: Weavile|Substitute\n|\n|-heal|p1a: Weavile|43\/100|[from] item: Leftovers\n|-heal|p2a: Scream Tail|94\/100 psn|[from] item: Leftovers\n|-damage|p2a: Scream Tail|82\/100 psn|[from] psn\n|upkeep\n|turn|125\n|\n|t:|1700019667\n|move|p1a: Weavile|Protect|p1a: Weavile\n|-singleturn|p1a: Weavile|Protect\n|move|p2a: Scream Tail|Wish|p2a: Scream Tail\n|\n|-heal|p1a: Weavile|49\/100|[from] item: Leftovers\n|-heal|p2a: Scream Tail|88\/100 psn|[from] item: Leftovers\n|-damage|p2a: Scream Tail|76\/100 psn|[from] psn\n|upkeep\n|turn|126\n|\n|t:|1700019672\n|move|p1a: Weavile|Substitute|p1a: Weavile\n|-start|p1a: Weavile|Substitute\n|-damage|p1a: Weavile|24\/100\n|move|p2a: Scream Tail|Dazzling Gleam|p1a: Weavile\n|-supereffective|p1a: Weavile\n|-end|p1a: Weavile|Substitute\n|\n|-heal|p2a: Scream Tail|100\/100 psn|[from] move: Wish|[wisher] Scream Tail\n|-heal|p1a: Weavile|31\/100|[from] item: Leftovers\n|-damage|p2a: Scream Tail|88\/100 psn|[from] psn\n|upkeep\n|turn|127\n|\n|t:|1700019682\n|move|p1a: Weavile|Protect|p1a: Weavile\n|-singleturn|p1a: Weavile|Protect\n|move|p2a: Scream Tail|Wish|p2a: Scream Tail\n|\n|-heal|p1a: Weavile|37\/100|[from] item: Leftovers\n|-heal|p2a: Scream Tail|94\/100 psn|[from] item: Leftovers\n|-damage|p2a: Scream Tail|82\/100 psn|[from] psn\n|upkeep\n|turn|128\n|\n|t:|1700019684\n|-end|p2a: Scream Tail|Protosynthesis|[silent]\n|switch|p2a: Brute Bonnet|Brute Bonnet|35\/100 brn\n|move|p1a: Weavile|Substitute|p1a: Weavile\n|-start|p1a: Weavile|Substitute\n|-damage|p1a: Weavile|12\/100\n|\n|-heal|p2a: Brute Bonnet|86\/100 brn|[from] move: Wish|[wisher] Scream Tail\n|-heal|p1a: Weavile|18\/100|[from] item: Leftovers\n|-damage|p2a: Brute Bonnet|80\/100 brn|[from] brn\n|upkeep\n|turn|129\n|\n|t:|1700019693\n|move|p1a: Weavile|Protect|p1a: Weavile\n|-singleturn|p1a: Weavile|Protect\n|move|p2a: Brute Bonnet|Bullet Seed|p1a: Weavile\n|-activate|p1a: Weavile|move: Protect\n|\n|-heal|p1a: Weavile|24\/100|[from] item: Leftovers\n|-damage|p2a: Brute Bonnet|74\/100 brn|[from] brn\n|upkeep\n|turn|130\n|\n|t:|1700019716\n|move|p1a: Weavile|Knock Off|p2a: Brute Bonnet\n|-resisted|p2a: Brute Bonnet\n|-damage|p2a: Brute Bonnet|56\/100 brn\n|-enditem|p2a: Brute Bonnet|Loaded Dice|[from] move: Knock Off|[of] p1a: Weavile\n|move|p2a: Brute Bonnet|Bullet Seed|p1a: Weavile\n|-activate|p1a: Weavile|move: Substitute|[damage]\n|-activate|p1a: Weavile|move: Substitute|[damage]\n|-hitcount|p1a: Weavile|2\n|\n|-heal|p1a: Weavile|30\/100|[from] item: Leftovers\n|-damage|p2a: Brute Bonnet|50\/100 brn|[from] brn\n|upkeep\n|turn|131\n|\n|t:|1700019728\n|move|p1a: Weavile|Protect|p1a: Weavile\n|-singleturn|p1a: Weavile|Protect\n|move|p2a: Brute Bonnet|Bullet Seed|p1a: Weavile\n|-activate|p1a: Weavile|move: Protect\n|\n|-heal|p1a: Weavile|36\/100|[from] item: Leftovers\n|-damage|p2a: Brute Bonnet|44\/100 brn|[from] brn\n|upkeep\n|turn|132\n|\n|t:|1700019734\n|move|p1a: Weavile|Poison Jab|p2a: Brute Bonnet\n|-supereffective|p2a: Brute Bonnet\n|-damage|p2a: Brute Bonnet|10\/100 brn\n|move|p2a: Brute Bonnet|Bullet Seed|p1a: Weavile\n|-end|p1a: Weavile|Substitute\n|-damage|p1a: Weavile|26\/100\n|-damage|p1a: Weavile|16\/100\n|-hitcount|p1a: Weavile|3\n|\n|-heal|p1a: Weavile|22\/100|[from] item: Leftovers\n|-damage|p2a: Brute Bonnet|4\/100 brn|[from] brn\n|upkeep\n|turn|133\n|\n|t:|1700019745\n|move|p1a: Weavile|Protect|p1a: Weavile\n|-singleturn|p1a: Weavile|Protect\n|move|p2a: Brute Bonnet|Bullet Seed|p1a: Weavile\n|-activate|p1a: Weavile|move: Protect\n|\n|-heal|p1a: Weavile|28\/100|[from] item: Leftovers\n|-damage|p2a: Brute Bonnet|0 fnt|[from] brn\n|faint|p2a: Brute Bonnet\n|-end|p2a: Brute Bonnet|Protosynthesis|[silent]\n|upkeep\n|\n|t:|1700019747\n|switch|p2a: Slither Wing|Slither Wing|52\/100\n|turn|134\n|\n|t:|1700019758\n|move|p1a: Weavile|Substitute|p1a: Weavile\n|-start|p1a: Weavile|Substitute\n|-damage|p1a: Weavile|4\/100\n|move|p2a: Slither Wing|Flare Blitz|p1a: Weavile\n|-supereffective|p1a: Weavile\n|-end|p1a: Weavile|Substitute\n|-damage|p2a: Slither Wing|44\/100|[from] Recoil|[of] p1a: Weavile\n|\n|-heal|p1a: Weavile|10\/100|[from] item: Leftovers\n|upkeep\n|turn|135\n|inactive|SickestPlaya has 90 seconds left.\n|\n|t:|1700019777\n|move|p1a: Weavile|Protect|p1a: Weavile\n|-singleturn|p1a: Weavile|Protect\n|move|p2a: Slither Wing|Flare Blitz|p1a: Weavile\n|-activate|p1a: Weavile|move: Protect\n|\n|-heal|p1a: Weavile|16\/100|[from] item: Leftovers\n|upkeep\n|turn|136\n|\n|t:|1700019781\n|move|p1a: Weavile|Knock Off|p2a: Slither Wing\n|-resisted|p2a: Slither Wing\n|-damage|p2a: Slither Wing|21\/100\n|-enditem|p2a: Slither Wing|Choice Band|[from] move: Knock Off|[of] p1a: Weavile\n|move|p2a: Slither Wing|Flare Blitz|p1a: Weavile\n|-supereffective|p1a: Weavile\n|-damage|p1a: Weavile|0 fnt\n|faint|p1a: Weavile\n|-damage|p2a: Slither Wing|16\/100|[from] Recoil\n|\n|upkeep\n|inactive|SickestPlaya has 90 seconds left.\n|\n|t:|1700019788\n|switch|p1a: Corviknight|Corviknight, F|78\/100\n|-ability|p1a: Corviknight|Pressure\n|turn|137\n|inactive|SickestPlaya has 90 seconds left.\n|\n|t:|1700019796\n|move|p2a: Slither Wing|Flare Blitz|p1a: Corviknight\n|-supereffective|p1a: Corviknight\n|-damage|p1a: Corviknight|12\/100\n|-damage|p2a: Slither Wing|0 fnt|[from] item: Rocky Helmet|[of] p1a: Corviknight\n|faint|p2a: Slither Wing\n|-end|p2a: Slither Wing|Protosynthesis|[silent]\n|move|p1a: Corviknight|Roost|p1a: Corviknight\n|-heal|p1a: Corviknight|62\/100\n|-singleturn|p1a: Corviknight|move: Roost\n|\n|upkeep\n|\n|t:|1700019799\n|switch|p2a: Great Tusk|Great Tusk|4\/100\n|turn|138\n|-message|Teaver the Beaver forfeited.\n|\n|win|SickestPlaya\n|raw|SickestPlaya's rating: 1569 &rarr; <strong>1597<\/strong><br \/>(+28 for winning)\n|raw|Teaver the Beaver's rating: 1712 &rarr; <strong>1684<\/strong><br \/>(-28 for losing)\n|l|\u2606Teaver the Beaver\n","uploadtime":1700019830,"views":16,"p1id":"sickestplaya","p2id":"teaverthebeaver","formatid":"gen9ou","rating":1597,"private":0,"password":""}