{"id":"gen9ou-1997498153","p1":"ArvenDs5","p2":"YoungBasil","format":"[Gen 9] OU","log":"|j|\u2606ArvenDs5\n|j|\u2606YoungBasil\n|t:|1700815740\n|gametype|singles\n|player|p1|ArvenDs5|acetrainersnow|1118\n|player|p2|YoungBasil|lucas|1163\n|teamsize|p1|6\n|teamsize|p2|6\n|gen|9\n|tier|[Gen 9] OU\n|rated|\n|rule|Sleep Clause Mod: Limit one foe put to sleep\n|rule|Species Clause: Limit one of each Pok\u00e9mon\n|rule|OHKO Clause: OHKO moves are banned\n|rule|Evasion Items Clause: Evasion items are banned\n|rule|Evasion Moves Clause: Evasion moves are banned\n|rule|Endless Battle Clause: Forcing endless battles is banned\n|rule|HP Percentage Mod: HP is shown in percentages\n|clearpoke\n|poke|p1|Umbreon, F|\n|poke|p1|Ceruledge, M|\n|poke|p1|Garchomp, M|\n|poke|p1|Torterra, M|\n|poke|p1|Lucario, M|\n|poke|p1|Honchkrow, M|\n|poke|p2|Enamorus, F|\n|poke|p2|Gholdengo|\n|poke|p2|Ribombee, F|\n|poke|p2|Walking Wake|\n|poke|p2|Ninetales, F|\n|poke|p2|Brambleghast, F|\n|teampreview\n|inactive|Battle timer is ON: inactive players will automatically lose when time's up. (requested by YoungBasil)\n|\n|t:|1700815756\n|start\n|switch|p1a: Ceruledge|Ceruledge, M|100\/100\n|switch|p2a: Ribombee|Ribombee, F|100\/100\n|turn|1\n|\n|t:|1700815764\n|move|p2a: Ribombee|Sticky Web|p1a: Ceruledge\n|-sidestart|p1: ArvenDs5|move: Sticky Web\n|move|p1a: Ceruledge|Bitter Blade|p2a: Ribombee\n|-supereffective|p2a: Ribombee\n|-damage|p2a: Ribombee|0 fnt\n|faint|p2a: Ribombee\n|\n|upkeep\n|\n|t:|1700815776\n|switch|p2a: Ninetales|Ninetales, F|100\/100\n|-weather|SunnyDay|[from] ability: Drought|[of] p2a: Ninetales\n|turn|2\n|\n|t:|1700815784\n|move|p2a: Ninetales|Nasty Plot|p2a: Ninetales\n|-boost|p2a: Ninetales|spa|2\n|move|p1a: Ceruledge|Bitter Blade|p2a: Ninetales\n|-resisted|p2a: Ninetales\n|-damage|p2a: Ninetales|47\/100\n|\n|-weather|SunnyDay|[upkeep]\n|upkeep\n|turn|3\n|\n|t:|1700815792\n|move|p2a: Ninetales|Dark Pulse|p1a: Ceruledge\n|-supereffective|p1a: Ceruledge\n|-enditem|p1a: Ceruledge|Focus Sash\n|-damage|p1a: Ceruledge|1\/100\n|move|p1a: Ceruledge|Bitter Blade|p2a: Ninetales\n|-resisted|p2a: Ninetales\n|-damage|p2a: Ninetales|0 fnt\n|-heal|p1a: Ceruledge|24\/100|[from] drain|[of] p2a: Ninetales\n|faint|p2a: Ninetales\n|\n|-weather|SunnyDay|[upkeep]\n|upkeep\n|\n|t:|1700815796\n|switch|p2a: Walking Wake|Walking Wake|100\/100\n|-activate|p2a: Walking Wake|ability: Protosynthesis\n|-start|p2a: Walking Wake|protosynthesisspa\n|turn|4\n|\n|t:|1700815809\n|move|p1a: Ceruledge|Shadow Sneak|p2a: Walking Wake\n|-damage|p2a: Walking Wake|74\/100\n|move|p2a: Walking Wake|Agility|p2a: Walking Wake\n|-boost|p2a: Walking Wake|spe|2\n|\n|-weather|SunnyDay|[upkeep]\n|upkeep\n|turn|5\n|\n|t:|1700815823\n|move|p1a: Ceruledge|Shadow Sneak|p2a: Walking Wake\n|-damage|p2a: Walking Wake|49\/100\n|move|p2a: Walking Wake|Hydro Steam|p1a: Ceruledge\n|-supereffective|p1a: Ceruledge\n|-damage|p1a: Ceruledge|0 fnt\n|faint|p1a: Ceruledge\n|\n|-weather|SunnyDay|[upkeep]\n|upkeep\n|l|\u2606ArvenDs5\n|inactive|ArvenDs5 disconnected and has a minute to reconnect!\n|player|p1|\n|j|\u2606ArvenDs5\n|inactive|ArvenDs5 reconnected and has 120 seconds left.\n|player|p1|ArvenDs5|acetrainersnow\n|\n|t:|1700815856\n|switch|p1a: Umbreon|Umbreon, F|100\/100\n|-activate|p1a: Umbreon|move: Sticky Web\n|-unboost|p1a: Umbreon|spe|1\n|turn|6\n|\n|t:|1700815864\n|move|p2a: Walking Wake|Hydro Steam|p1a: Umbreon\n|-damage|p1a: Umbreon|45\/100\n|move|p1a: Umbreon|Toxic|p2a: Walking Wake\n|-status|p2a: Walking Wake|tox\n|\n|-weather|SunnyDay|[upkeep]\n|-heal|p1a: Umbreon|52\/100|[from] item: Leftovers\n|-damage|p2a: Walking Wake|43\/100 tox|[from] psn\n|upkeep\n|turn|7\n|\n|t:|1700815874\n|move|p1a: Umbreon|Protect|p1a: Umbreon\n|-singleturn|p1a: Umbreon|Protect\n|move|p2a: Walking Wake|Hydro Steam|p1a: Umbreon\n|-activate|p1a: Umbreon|move: Protect\n|\n|-weather|SunnyDay|[upkeep]\n|-heal|p1a: Umbreon|58\/100|[from] item: Leftovers\n|-damage|p2a: Walking Wake|30\/100 tox|[from] psn\n|upkeep\n|turn|8\n|\n|t:|1700815885\n|move|p2a: Walking Wake|Hydro Steam|p1a: Umbreon\n|-damage|p1a: Umbreon|0 fnt\n|faint|p1a: Umbreon\n|\n|-weather|SunnyDay|[upkeep]\n|-damage|p2a: Walking Wake|12\/100 tox|[from] psn\n|upkeep\n|\n|t:|1700815893\n|switch|p1a: Honchkrow|Honchkrow, M|100\/100\n|turn|9\n|\n|t:|1700815896\n|move|p1a: Honchkrow|Sucker Punch|p2a: Walking Wake\n|-damage|p2a: Walking Wake|0 fnt\n|faint|p2a: Walking Wake\n|-end|p2a: Walking Wake|Protosynthesis|[silent]\n|-ability|p1a: Honchkrow|Moxie|boost\n|-boost|p1a: Honchkrow|atk|1\n|-damage|p1a: Honchkrow|91\/100|[from] item: Life Orb\n|\n|-weather|none\n|upkeep\n|\n|t:|1700815900\n|switch|p2a: Enamorus|Enamorus, F, shiny|100\/100\n|turn|10\n|\n|t:|1700815908\n|-terastallize|p1a: Honchkrow|Electric\n|move|p2a: Enamorus|Superpower|p1a: Honchkrow\n|-damage|p1a: Honchkrow|33\/100\n|-boost|p2a: Enamorus|atk|1\n|-boost|p2a: Enamorus|def|1\n|move|p1a: Honchkrow|Tera Blast|p2a: Enamorus|[anim] Tera Blast Electric\n|-supereffective|p2a: Enamorus\n|-damage|p2a: Enamorus|0 fnt\n|faint|p2a: Enamorus\n|-ability|p1a: Honchkrow|Moxie|boost\n|-boost|p1a: Honchkrow|atk|1\n|-damage|p1a: Honchkrow|23\/100|[from] item: Life Orb\n|\n|upkeep\n|\n|t:|1700815938\n|switch|p2a: Gholdengo|Gholdengo|100\/100\n|-item|p2a: Gholdengo|Air Balloon\n|turn|11\n|\n|t:|1700815943\n|move|p1a: Honchkrow|Sucker Punch||[still]\n|-fail|p1a: Honchkrow\n|move|p2a: Gholdengo|Nasty Plot|p2a: Gholdengo\n|-boost|p2a: Gholdengo|spa|2\n|\n|upkeep\n|turn|12\n|\n|t:|1700815960\n|-terastallize|p2a: Gholdengo|Steel\n|move|p1a: Honchkrow|Sucker Punch|p2a: Gholdengo\n|-damage|p2a: Gholdengo|0 fnt\n|-enditem|p2a: Gholdengo|Air Balloon\n|faint|p2a: Gholdengo\n|-ability|p1a: Honchkrow|Moxie|boost\n|-boost|p1a: Honchkrow|atk|1\n|-damage|p1a: Honchkrow|13\/100|[from] item: Life Orb\n|\n|upkeep\n|-message|YoungBasil forfeited.\n|\n|win|ArvenDs5\n|raw|ArvenDs5's rating: 1118 &rarr; <strong>1146<\/strong><br \/>(+28 for winning)\n|raw|YoungBasil's rating: 1163 &rarr; <strong>1135<\/strong><br \/>(-28 for losing)\n|l|\u2606YoungBasil\n","uploadtime":1700816002,"views":10,"p1id":"arvends5","p2id":"youngbasil","formatid":"gen9ou","rating":1135,"private":0,"password":""}