{"id":"gen9ou-1999542437","p1":"Nitro611","p2":"Valt10","format":"[Gen 9] OU","log":"|j|\u2606Nitro611\n|j|\u2606Valt10\n|t:|1701094358\n|gametype|singles\n|player|p1|Nitro611|peony|1521\n|player|p2|Valt10|shadowtriad|1477\n|teamsize|p1|6\n|teamsize|p2|6\n|gen|9\n|tier|[Gen 9] OU\n|rated|\n|rule|Sleep Clause Mod: Limit one foe put to sleep\n|rule|Species Clause: Limit one of each Pok\u00e9mon\n|rule|OHKO Clause: OHKO moves are banned\n|rule|Evasion Items Clause: Evasion items are banned\n|rule|Evasion Moves Clause: Evasion moves are banned\n|rule|Endless Battle Clause: Forcing endless battles is banned\n|rule|HP Percentage Mod: HP is shown in percentages\n|clearpoke\n|poke|p1|Glimmora, M|\n|poke|p1|Gholdengo|\n|poke|p1|Kingambit, F|\n|poke|p1|Ogerpon-Wellspring, F|\n|poke|p1|Iron Moth|\n|poke|p1|Iron Valiant|\n|poke|p2|Rillaboom, M|\n|poke|p2|Hawlucha, M|\n|poke|p2|Dragapult, M|\n|poke|p2|Kingambit, M|\n|poke|p2|Cinderace, F|\n|poke|p2|Rotom-Wash|\n|teampreview\n|inactive|Battle timer is ON: inactive players will automatically lose when time's up. (requested by Valt10)\n|inactive|Nitro611 has 120 seconds left.\n|\n|t:|1701094402\n|start\n|switch|p1a: Glimmora|Glimmora, M|100\/100\n|switch|p2a: Rotom|Rotom-Wash|100\/100\n|turn|1\n|\n|t:|1701094419\n|switch|p1a: Ogerpon|Ogerpon-Wellspring, F|100\/100\n|move|p2a: Rotom|Trick||[still]\n|-fail|p2a: Rotom\n|\n|upkeep\n|turn|2\n|\n|t:|1701094432\n|switch|p2a: Rillaboom|Rillaboom, M|100\/100\n|-fieldstart|move: Grassy Terrain|[from] ability: Grassy Surge|[of] p2a: Rillaboom\n|move|p1a: Ogerpon|Power Whip|p2a: Rillaboom\n|-resisted|p2a: Rillaboom\n|-damage|p2a: Rillaboom|53\/100\n|\n|-heal|p2a: Rillaboom|59\/100|[from] Grassy Terrain\n|upkeep\n|turn|3\n|\n|t:|1701094443\n|switch|p1a: Gholdengo|Gholdengo|100\/100\n|-item|p1a: Gholdengo|Air Balloon\n|move|p2a: Rillaboom|U-turn|p1a: Gholdengo\n|-resisted|p1a: Gholdengo\n|-damage|p1a: Gholdengo|91\/100\n|-enditem|p1a: Gholdengo|Air Balloon\n|\n|t:|1701094451\n|switch|p2a: Kingambit|Kingambit, M, shiny|100\/100|[from] U-turn\n|\n|-heal|p1a: Gholdengo|97\/100|[from] Grassy Terrain\n|upkeep\n|turn|4\n|\n|t:|1701094466\n|switch|p1a: Kingambit|Kingambit, F|100\/100\n|move|p2a: Kingambit|Swords Dance|p2a: Kingambit\n|-boost|p2a: Kingambit|atk|2\n|\n|upkeep\n|turn|5\n|\n|t:|1701094471\n|-end|p1a: Kingambit|fallenundefined|[silent]\n|switch|p1a: Glimmora|Glimmora, M|100\/100\n|move|p2a: Kingambit|Low Kick|p1a: Glimmora\n|-damage|p1a: Glimmora|44\/100\n|-activate|p1a: Glimmora|ability: Toxic Debris\n|-sidestart|p2: Valt10|move: Toxic Spikes\n|\n|-heal|p1a: Glimmora|50\/100|[from] Grassy Terrain\n|upkeep\n|turn|6\n|\n|t:|1701094479\n|move|p2a: Kingambit|Sucker Punch|p1a: Glimmora\n|-damage|p1a: Glimmora|0 fnt\n|-activate|p1a: Glimmora|ability: Toxic Debris\n|-sidestart|p2: Valt10|move: Toxic Spikes\n|faint|p1a: Glimmora\n|\n|-fieldend|move: Grassy Terrain\n|upkeep\n|\n|t:|1701094487\n|switch|p1a: Iron Moth|Iron Moth|100\/100\n|-enditem|p1a: Iron Moth|Booster Energy\n|-activate|p1a: Iron Moth|ability: Quark Drive|[fromitem]\n|-start|p1a: Iron Moth|quarkdrivespe\n|turn|7\n|\n|t:|1701094494\n|-terastallize|p2a: Kingambit|Flying\n|move|p1a: Iron Moth|Substitute|p1a: Iron Moth\n|-start|p1a: Iron Moth|Substitute\n|-damage|p1a: Iron Moth|76\/100\n|move|p2a: Kingambit|Iron Head|p1a: Iron Moth\n|-resisted|p1a: Iron Moth\n|-end|p1a: Iron Moth|Substitute\n|\n|upkeep\n|turn|8\n|\n|t:|1701094501\n|move|p1a: Iron Moth|Substitute|p1a: Iron Moth\n|-start|p1a: Iron Moth|Substitute\n|-damage|p1a: Iron Moth|51\/100\n|move|p2a: Kingambit|Iron Head|p1a: Iron Moth\n|-resisted|p1a: Iron Moth\n|-end|p1a: Iron Moth|Substitute\n|\n|upkeep\n|turn|9\n|\n|t:|1701094507\n|move|p1a: Iron Moth|Substitute|p1a: Iron Moth\n|-start|p1a: Iron Moth|Substitute\n|-damage|p1a: Iron Moth|26\/100\n|move|p2a: Kingambit|Iron Head|p1a: Iron Moth\n|-resisted|p1a: Iron Moth\n|-end|p1a: Iron Moth|Substitute\n|\n|upkeep\n|turn|10\n|\n|t:|1701094512\n|move|p1a: Iron Moth|Substitute|p1a: Iron Moth\n|-start|p1a: Iron Moth|Substitute\n|-damage|p1a: Iron Moth|1\/100\n|move|p2a: Kingambit|Iron Head|p1a: Iron Moth\n|-resisted|p1a: Iron Moth\n|-end|p1a: Iron Moth|Substitute\n|\n|upkeep\n|turn|11\n|\n|t:|1701094517\n|move|p2a: Kingambit|Sucker Punch||[still]\n|-fail|p2a: Kingambit\n|move|p1a: Iron Moth|Substitute|p1a: Iron Moth\n|-fail|p1a: Iron Moth|move: Substitute|[weak]\n|\n|upkeep\n|turn|12\n|\n|t:|1701094522\n|-end|p1a: Iron Moth|Quark Drive|[silent]\n|switch|p1a: Kingambit|Kingambit, F|100\/100\n|-activate|p1a: Kingambit|ability: Supreme Overlord\n|-start|p1a: Kingambit|fallen1|[silent]\n|move|p2a: Kingambit|Sucker Punch||[still]\n|-fail|p2a: Kingambit\n|\n|upkeep\n|turn|13\n|\n|t:|1701094527\n|-terastallize|p1a: Kingambit|Flying\n|move|p1a: Kingambit|Swords Dance|p1a: Kingambit\n|-boost|p1a: Kingambit|atk|2\n|move|p2a: Kingambit|Low Kick|p1a: Kingambit\n|-resisted|p1a: Kingambit\n|-damage|p1a: Kingambit|66\/100\n|\n|upkeep\n|turn|14\n|\n|t:|1701094534\n|move|p1a: Kingambit|Sucker Punch|p2a: Kingambit\n|-damage|p2a: Kingambit|16\/100\n|move|p2a: Kingambit|Sucker Punch||[still]\n|-fail|p2a: Kingambit\n|\n|upkeep\n|turn|15\n|\n|t:|1701094539\n|-end|p2a: Kingambit|fallenundefined|[silent]\n|switch|p2a: Dragapult|Dragapult, M, shiny|100\/100\n|-status|p2a: Dragapult|tox\n|move|p1a: Kingambit|Sucker Punch||[still]\n|-fail|p1a: Kingambit\n|\n|-damage|p2a: Dragapult|95\/100 tox|[from] psn\n|upkeep\n|turn|16\n|\n|t:|1701094543\n|move|p1a: Kingambit|Sucker Punch||[still]\n|-fail|p1a: Kingambit\n|move|p2a: Dragapult|Will-O-Wisp|p1a: Kingambit\n|-status|p1a: Kingambit|brn\n|\n|-damage|p2a: Dragapult|83\/100 tox|[from] psn\n|-damage|p1a: Kingambit|60\/100 brn|[from] brn\n|upkeep\n|turn|17\n|\n|t:|1701094547\n|switch|p2a: Rotom|Rotom-Wash|100\/100\n|move|p1a: Kingambit|Sucker Punch||[still]\n|-fail|p1a: Kingambit\n|\n|-damage|p1a: Kingambit|54\/100 brn|[from] brn\n|upkeep\n|turn|18\n|\n|t:|1701094550\n|move|p2a: Rotom|Volt Switch|p1a: Kingambit\n|-supereffective|p1a: Kingambit\n|-damage|p1a: Kingambit|0 fnt\n|faint|p1a: Kingambit\n|-end|p1a: Kingambit|fallen1|[silent]\n|\n|t:|1701094553\n|switch|p2a: Cinderace|Cinderace, F|100\/100|[from] Volt Switch\n|\n|upkeep\n|\n|t:|1701094561\n|switch|p1a: Ogerpon|Ogerpon-Wellspring, F|100\/100\n|turn|19\n|\n|t:|1701094563\n|move|p2a: Cinderace|Will-O-Wisp|p1a: Ogerpon\n|-status|p1a: Ogerpon|brn\n|move|p1a: Ogerpon|Trailblaze|p2a: Cinderace\n|-resisted|p2a: Cinderace\n|-damage|p2a: Cinderace|90\/100\n|-boost|p1a: Ogerpon|spe|1\n|\n|-damage|p1a: Ogerpon|95\/100 brn|[from] brn\n|upkeep\n|turn|20\n|\n|t:|1701094572\n|move|p1a: Ogerpon|Ivy Cudgel|p2a: Cinderace|[anim] Ivy Cudgel Water\n|-supereffective|p2a: Cinderace\n|-damage|p2a: Cinderace|9\/100\n|move|p2a: Cinderace|Court Change|p2a: Cinderace\n|-start|p2a: Cinderace|typechange|Normal|[from] ability: Libero\n|-swapsideconditions\n|-activate|p2a: Cinderace|move: Court Change\n|\n|-damage|p1a: Ogerpon|89\/100 brn|[from] brn\n|upkeep\n|turn|21\n|\n|t:|1701094576\n|move|p2a: Cinderace|Sucker Punch||[still]\n|-fail|p2a: Cinderace\n|move|p1a: Ogerpon|Swords Dance|p1a: Ogerpon\n|-boost|p1a: Ogerpon|atk|2\n|\n|-damage|p1a: Ogerpon|83\/100 brn|[from] brn\n|upkeep\n|turn|22\n|\n|t:|1701094580\n|move|p2a: Cinderace|Sucker Punch|p1a: Ogerpon\n|-damage|p1a: Ogerpon|56\/100 brn\n|move|p1a: Ogerpon|Trailblaze|p2a: Cinderace\n|-damage|p2a: Cinderace|0 fnt\n|-boost|p1a: Ogerpon|spe|1\n|faint|p2a: Cinderace\n|\n|-damage|p1a: Ogerpon|50\/100 brn|[from] brn\n|upkeep\n|\n|t:|1701094585\n|switch|p2a: Rillaboom|Rillaboom, M|59\/100\n|-fieldstart|move: Grassy Terrain|[from] ability: Grassy Surge|[of] p2a: Rillaboom\n|turn|23\n|\n|t:|1701094590\n|move|p2a: Rillaboom|Grassy Glide|p1a: Ogerpon\n|-damage|p1a: Ogerpon|0 fnt\n|faint|p1a: Ogerpon\n|\n|-heal|p2a: Rillaboom|65\/100|[from] Grassy Terrain\n|upkeep\n|\n|t:|1701094594\n|switch|p1a: Iron Moth|Iron Moth|1\/100\n|-sideend|p1: Nitro611|move: Toxic Spikes|[of] p1a: Iron Moth\n|turn|24\n|\n|t:|1701094598\n|-end|p1a: Iron Moth|Quark Drive|[silent]\n|switch|p1a: Gholdengo|Gholdengo|97\/100\n|move|p2a: Rillaboom|Grassy Glide|p1a: Gholdengo\n|-resisted|p1a: Gholdengo\n|-damage|p1a: Gholdengo|69\/100\n|\n|-heal|p2a: Rillaboom|71\/100|[from] Grassy Terrain\n|-heal|p1a: Gholdengo|76\/100|[from] Grassy Terrain\n|upkeep\n|turn|25\n|\n|t:|1701094602\n|move|p2a: Rillaboom|Grassy Glide|p1a: Gholdengo\n|-resisted|p1a: Gholdengo\n|-damage|p1a: Gholdengo|49\/100\n|move|p1a: Gholdengo|Make It Rain|p2a: Rillaboom\n|-damage|p2a: Rillaboom|0 fnt\n|-unboost|p1a: Gholdengo|spa|1\n|faint|p2a: Rillaboom\n|\n|-heal|p1a: Gholdengo|55\/100|[from] Grassy Terrain\n|upkeep\n|\n|t:|1701094608\n|switch|p2a: Rotom|Rotom-Wash|100\/100\n|turn|26\n|\n|t:|1701094613\n|switch|p1a: Iron Moth|Iron Moth|1\/100\n|move|p2a: Rotom|Volt Switch|p1a: Iron Moth\n|-damage|p1a: Iron Moth|0 fnt\n|faint|p1a: Iron Moth\n|-end|p1a: Iron Moth|Quark Drive|[silent]\n|\n|t:|1701094615\n|switch|p2a: Rey Misterio|Hawlucha, M|100\/100|[from] Volt Switch\n|-enditem|p2a: Rey Misterio|Grassy Seed\n|-boost|p2a: Rey Misterio|def|1|[from] item: Grassy Seed\n|\n|upkeep\n|\n|t:|1701094623\n|switch|p1a: Gholdengo|Gholdengo|55\/100\n|turn|27\n|\n|t:|1701094625\n|move|p2a: Rey Misterio|Acrobatics|p1a: Gholdengo\n|-resisted|p1a: Gholdengo\n|-damage|p1a: Gholdengo|32\/100\n|move|p1a: Gholdengo|Make It Rain|p2a: Rey Misterio\n|-damage|p2a: Rey Misterio|0 fnt\n|-unboost|p1a: Gholdengo|spa|1\n|faint|p2a: Rey Misterio\n|\n|-heal|p1a: Gholdengo|38\/100|[from] Grassy Terrain\n|-fieldend|move: Grassy Terrain\n|upkeep\n|\n|t:|1701094632\n|switch|p2a: Rotom|Rotom-Wash|100\/100\n|turn|28\n|\n|t:|1701094637\n|move|p2a: Rotom|Volt Switch|p1a: Gholdengo\n|-damage|p1a: Gholdengo|8\/100\n|\n|t:|1701094640\n|switch|p2a: Dragapult|Dragapult, M, shiny|83\/100 tox|[from] Volt Switch\n|move|p1a: Gholdengo|Recover|p1a: Gholdengo\n|-heal|p1a: Gholdengo|58\/100\n|\n|-damage|p2a: Dragapult|77\/100 tox|[from] psn\n|upkeep\n|turn|29\n|\n|t:|1701094654\n|move|p2a: Dragapult|Shadow Ball|p1a: Gholdengo\n|-supereffective|p1a: Gholdengo\n|-damage|p1a: Gholdengo|0 fnt\n|faint|p1a: Gholdengo\n|-damage|p2a: Dragapult|67\/100 tox|[from] item: Life Orb\n|\n|-damage|p2a: Dragapult|55\/100 tox|[from] psn\n|upkeep\n|\n|t:|1701094658\n|switch|p1a: Iron Valiant|Iron Valiant|100\/100\n|-enditem|p1a: Iron Valiant|Booster Energy\n|-activate|p1a: Iron Valiant|ability: Quark Drive|[fromitem]\n|-start|p1a: Iron Valiant|quarkdrivespe\n|turn|30\n|\n|t:|1701094662\n|move|p1a: Iron Valiant|Moonblast|p2a: Dragapult\n|-supereffective|p2a: Dragapult\n|-damage|p2a: Dragapult|0 fnt\n|faint|p2a: Dragapult\n|\n|upkeep\n|\n|t:|1701094664\n|switch|p2a: Rotom|Rotom-Wash|100\/100\n|turn|31\n|\n|t:|1701094671\n|move|p1a: Iron Valiant|Moonblast|p2a: Rotom\n|-damage|p2a: Rotom|32\/100\n|move|p2a: Rotom|Hydro Pump|p1a: Iron Valiant\n|-damage|p1a: Iron Valiant|7\/100\n|\n|upkeep\n|turn|32\n|\n|t:|1701094675\n|move|p1a: Iron Valiant|Moonblast|p2a: Rotom\n|-damage|p2a: Rotom|0 fnt\n|faint|p2a: Rotom\n|\n|upkeep\n|\n|t:|1701094677\n|switch|p2a: Kingambit|Kingambit, M, shiny, tera:Flying|16\/100\n|-activate|p2a: Kingambit|ability: Supreme Overlord\n|-start|p2a: Kingambit|fallen5|[silent]\n|turn|33\n|\n|t:|1701094686\n|move|p2a: Kingambit|Sucker Punch||[still]\n|-fail|p2a: Kingambit\n|move|p1a: Iron Valiant|Hypnosis|p2a: Kingambit|[miss]\n|-miss|p1a: Iron Valiant|p2a: Kingambit\n|\n|upkeep\n|turn|34\n|\n|t:|1701094692\n|move|p1a: Iron Valiant|Moonblast|p2a: Kingambit\n|-damage|p2a: Kingambit|0 fnt\n|faint|p2a: Kingambit\n|-end|p2a: Kingambit|fallen5|[silent]\n|\n|win|Nitro611\n|raw|Nitro611's rating: 1521 &rarr; <strong>1538<\/strong><br \/>(+17 for winning)\n|raw|Valt10's rating: 1477 &rarr; <strong>1460<\/strong><br \/>(-17 for losing)\n|l|\u2606Valt10\n|c|\u2606Nitro611|gotcha!\n|j| JMagister\n","uploadtime":1701094708,"views":2,"p1id":"nitro611","p2id":"valt10","formatid":"gen9ou","rating":1460,"private":0,"password":""}