{"id":"gen9ou-2000424249","p1":"chaoticat","p2":"Borkmaster3000","format":"[Gen 9] OU","log":"|j|\u203dchaoticat\n|j|\u2606Borkmaster3000\n|t:|1701193640\n|gametype|singles\n|player|p1|chaoticat|1|1136\n|player|p2|Borkmaster3000|102|1170\n|teamsize|p1|6\n|teamsize|p2|6\n|gen|9\n|tier|[Gen 9] OU\n|rated|\n|rule|Sleep Clause Mod: Limit one foe put to sleep\n|rule|Species Clause: Limit one of each Pok\u00e9mon\n|rule|OHKO Clause: OHKO moves are banned\n|rule|Evasion Items Clause: Evasion items are banned\n|rule|Evasion Moves Clause: Evasion moves are banned\n|rule|Endless Battle Clause: Forcing endless battles is banned\n|rule|HP Percentage Mod: HP is shown in percentages\n|clearpoke\n|poke|p1|Bellibolt, F|\n|poke|p1|Azelf|\n|poke|p1|Great Tusk|\n|poke|p1|Manaphy|\n|poke|p1|Altaria, M|\n|poke|p1|Kingambit, M|\n|poke|p2|Jolteon, M|\n|poke|p2|Vaporeon, M|\n|poke|p2|Sylveon, F|\n|poke|p2|Umbreon, M|\n|poke|p2|Leafeon, F|\n|poke|p2|Espeon, F|\n|teampreview\n|inactive|Battle timer is ON: inactive players will automatically lose when time's up. (requested by Borkmaster3000)\n|\n|t:|1701193660\n|start\n|switch|p1a: Bellibolt|Bellibolt, F|100\/100\n|switch|p2a: Espeon|Espeon, F|100\/100\n|turn|1\n|\n|t:|1701193666\n|move|p2a: Espeon|Calm Mind|p2a: Espeon\n|-boost|p2a: Espeon|spa|1\n|-boost|p2a: Espeon|spd|1\n|move|p1a: Bellibolt|Charge Beam|p2a: Espeon\n|-damage|p2a: Espeon|85\/100\n|-boost|p1a: Bellibolt|spa|1\n|\n|upkeep\n|turn|2\n|\n|t:|1701193672\n|move|p2a: Espeon|Calm Mind|p2a: Espeon\n|-boost|p2a: Espeon|spa|1\n|-boost|p2a: Espeon|spd|1\n|move|p1a: Bellibolt|Charge Beam|p2a: Espeon\n|-damage|p2a: Espeon|67\/100\n|-boost|p1a: Bellibolt|spa|1\n|\n|upkeep\n|turn|3\n|\n|t:|1701193681\n|move|p2a: Espeon|Calm Mind|p2a: Espeon\n|-boost|p2a: Espeon|spa|1\n|-boost|p2a: Espeon|spd|1\n|move|p1a: Bellibolt|Charge Beam|p2a: Espeon\n|-damage|p2a: Espeon|47\/100\n|-boost|p1a: Bellibolt|spa|1\n|\n|upkeep\n|turn|4\n|\n|t:|1701193690\n|move|p2a: Espeon|Calm Mind|p2a: Espeon\n|-boost|p2a: Espeon|spa|1\n|-boost|p2a: Espeon|spd|1\n|move|p1a: Bellibolt|Charge Beam|p2a: Espeon\n|-damage|p2a: Espeon|29\/100\n|\n|upkeep\n|turn|5\n|\n|t:|1701193697\n|switch|p1a: Kingambit|Kingambit, M|100\/100\n|move|p2a: Espeon|Calm Mind|p2a: Espeon\n|-boost|p2a: Espeon|spa|1\n|-boost|p2a: Espeon|spd|1\n|\n|upkeep\n|turn|6\n|\n|t:|1701193707\n|move|p2a: Espeon|Draining Kiss|p1a: Kingambit\n|-damage|p1a: Kingambit|40\/100\n|-heal|p2a: Espeon|96\/100|[from] drain|[of] p1a: Kingambit\n|move|p1a: Kingambit|Kowtow Cleave|p2a: Espeon\n|-supereffective|p2a: Espeon\n|-damage|p2a: Espeon|0 fnt\n|faint|p2a: Espeon\n|\n|upkeep\n|\n|t:|1701193720\n|switch|p2a: Umbreon|Umbreon, M, shiny|100\/100\n|turn|7\n|\n|t:|1701193728\n|-end|p1a: Kingambit|fallenundefined|[silent]\n|switch|p1a: Altaria|Altaria, M|100\/100\n|-ability|p1a: Altaria|Cloud Nine\n|move|p2a: Umbreon|Foul Play|p1a: Altaria\n|-crit|p1a: Altaria\n|-damage|p1a: Altaria|70\/100\n|\n|-heal|p1a: Altaria|76\/100|[from] item: Leftovers\n|upkeep\n|turn|8\n|\n|t:|1701193739\n|move|p1a: Altaria|Cotton Guard|p1a: Altaria\n|-boost|p1a: Altaria|def|3\n|move|p2a: Umbreon|Rain Dance|p2a: Umbreon\n|-weather|RainDance\n|\n|-weather|RainDance|[upkeep]\n|-heal|p1a: Altaria|82\/100|[from] item: Leftovers\n|upkeep\n|turn|9\n|\n|t:|1701193749\n|switch|p2a: Jolteon|Jolteon, M|100\/100\n|move|p1a: Altaria|Moonblast|p2a: Jolteon\n|-damage|p2a: Jolteon|79\/100\n|\n|-weather|RainDance|[upkeep]\n|-heal|p1a: Altaria|89\/100|[from] item: Leftovers\n|upkeep\n|turn|10\n|\n|t:|1701193764\n|-terastallize|p1a: Altaria|Fairy\n|move|p2a: Jolteon|Weather Ball|p1a: Altaria\n|-damage|p1a: Altaria|73\/100\n|move|p1a: Altaria|Heat Wave|p2a: Jolteon\n|-damage|p2a: Jolteon|57\/100\n|\n|-weather|RainDance|[upkeep]\n|-heal|p1a: Altaria|79\/100|[from] item: Leftovers\n|upkeep\n|turn|11\n|\n|t:|1701193780\n|switch|p2a: Sylveon|Sylveon, F|100\/100\n|move|p1a: Altaria|Moonblast|p2a: Sylveon\n|-damage|p2a: Sylveon|82\/100\n|\n|-weather|RainDance|[upkeep]\n|-heal|p1a: Altaria|85\/100|[from] item: Leftovers\n|upkeep\n|turn|12\n|\n|t:|1701193789\n|move|p1a: Altaria|Moonblast|p2a: Sylveon\n|-damage|p2a: Sylveon|65\/100\n|-unboost|p2a: Sylveon|spa|1\n|move|p2a: Sylveon|Hyper Voice|p1a: Altaria\n|-damage|p1a: Altaria|55\/100\n|\n|-weather|RainDance|[upkeep]\n|-heal|p1a: Altaria|62\/100|[from] item: Leftovers\n|upkeep\n|turn|13\n|\n|t:|1701193802\n|move|p1a: Altaria|Moonblast|p2a: Sylveon\n|-damage|p2a: Sylveon|47\/100\n|move|p2a: Sylveon|Hyper Voice|p1a: Altaria\n|-damage|p1a: Altaria|30\/100\n|\n|-weather|RainDance|[upkeep]\n|-heal|p1a: Altaria|36\/100|[from] item: Leftovers\n|upkeep\n|turn|14\n|\n|t:|1701193809\n|move|p1a: Altaria|Roost|p1a: Altaria\n|-heal|p1a: Altaria|86\/100\n|move|p2a: Sylveon|Hyper Voice|p1a: Altaria\n|-damage|p1a: Altaria|58\/100\n|\n|-weather|RainDance|[upkeep]\n|-heal|p1a: Altaria|65\/100|[from] item: Leftovers\n|upkeep\n|turn|15\n|\n|t:|1701193823\n|move|p1a: Altaria|Roost|p1a: Altaria\n|-heal|p1a: Altaria|100\/100\n|move|p2a: Sylveon|Hyper Voice|p1a: Altaria\n|-damage|p1a: Altaria|70\/100\n|\n|-weather|none\n|-heal|p1a: Altaria|76\/100|[from] item: Leftovers\n|upkeep\n|turn|16\n|\n|t:|1701193833\n|move|p1a: Altaria|Moonblast|p2a: Sylveon\n|-damage|p2a: Sylveon|31\/100\n|move|p2a: Sylveon|Hyper Voice|p1a: Altaria\n|-damage|p1a: Altaria|47\/100\n|\n|-heal|p1a: Altaria|53\/100|[from] item: Leftovers\n|upkeep\n|turn|17\n|\n|t:|1701193852\n|move|p1a: Altaria|Moonblast|p2a: Sylveon\n|-damage|p2a: Sylveon|13\/100\n|-unboost|p2a: Sylveon|spa|1\n|move|p2a: Sylveon|Rest|p2a: Sylveon\n|-status|p2a: Sylveon|slp|[from] move: Rest\n|-heal|p2a: Sylveon|100\/100 slp|[silent]\n|\n|-heal|p1a: Altaria|59\/100|[from] item: Leftovers\n|upkeep\n|turn|18\n|\n|t:|1701193866\n|move|p1a: Altaria|Moonblast|p2a: Sylveon\n|-damage|p2a: Sylveon|83\/100 slp\n|cant|p2a: Sylveon|slp\n|move|p2a: Sylveon|Sleep Talk|p2a: Sylveon\n|move|p2a: Sylveon|Hyper Beam|p1a: Altaria|[from]move: Sleep Talk\n|-damage|p1a: Altaria|19\/100\n|-mustrecharge|p2a: Sylveon\n|\n|-heal|p1a: Altaria|25\/100|[from] item: Leftovers\n|upkeep\n|turn|19\n|\n|t:|1701193877\n|move|p1a: Altaria|Roost|p1a: Altaria\n|-heal|p1a: Altaria|75\/100\n|cant|p2a: Sylveon|recharge\n|\n|-heal|p1a: Altaria|81\/100|[from] item: Leftovers\n|upkeep\n|turn|20\n|\n|t:|1701193889\n|switch|p2a: Leafeon|Leafeon, F|100\/100\n|move|p1a: Altaria|Moonblast|p2a: Leafeon\n|-damage|p2a: Leafeon|58\/100\n|\n|-heal|p1a: Altaria|88\/100|[from] item: Leftovers\n|upkeep\n|turn|21\n|\n|t:|1701193897\n|move|p2a: Leafeon|Leaf Blade|p1a: Altaria\n|-damage|p1a: Altaria|68\/100\n|move|p1a: Altaria|Heat Wave|p2a: Leafeon\n|-supereffective|p2a: Leafeon\n|-damage|p2a: Leafeon|2\/100\n|\n|-heal|p1a: Altaria|74\/100|[from] item: Leftovers\n|upkeep\n|turn|22\n|\n|t:|1701193912\n|move|p2a: Leafeon|Leaf Blade|p1a: Altaria\n|-damage|p1a: Altaria|56\/100\n|move|p1a: Altaria|Moonblast|p2a: Leafeon\n|-damage|p2a: Leafeon|0 fnt\n|faint|p2a: Leafeon\n|\n|-heal|p1a: Altaria|62\/100|[from] item: Leftovers\n|upkeep\n|\n|t:|1701193920\n|switch|p2a: Jolteon|Jolteon, M|57\/100\n|turn|23\n|\n|t:|1701193932\n|move|p2a: Jolteon|Thunderbolt|p1a: Altaria\n|-damage|p1a: Altaria|15\/100\n|move|p1a: Altaria|Moonblast|p2a: Jolteon\n|-damage|p2a: Jolteon|23\/100\n|\n|-heal|p1a: Altaria|21\/100|[from] item: Leftovers\n|upkeep\n|turn|24\n|\n|t:|1701193942\n|switch|p1a: Bellibolt|Bellibolt, F|100\/100\n|move|p2a: Jolteon|Thunderbolt|p1a: Bellibolt\n|-resisted|p1a: Bellibolt\n|-damage|p1a: Bellibolt|69\/100\n|-start|p1a: Bellibolt|Charge|Thunderbolt|[from] ability: Electromorphosis\n|\n|-heal|p1a: Bellibolt|75\/100|[from] item: Leftovers\n|upkeep\n|turn|25\n|\n|t:|1701193952\n|move|p2a: Jolteon|Thunderbolt|p1a: Bellibolt\n|-resisted|p1a: Bellibolt\n|-damage|p1a: Bellibolt|41\/100\n|-start|p1a: Bellibolt|Charge|Thunderbolt|[from] ability: Electromorphosis\n|move|p1a: Bellibolt|Parabolic Charge|p2a: Jolteon\n|-heal|p2a: Jolteon|48\/100|[from] ability: Volt Absorb|[of] p1a: Bellibolt\n|-end|p1a: Bellibolt|Charge|[silent]\n|\n|-heal|p1a: Bellibolt|47\/100|[from] item: Leftovers\n|upkeep\n|turn|26\n|\n|t:|1701193961\n|move|p2a: Jolteon|Thunderbolt|p1a: Bellibolt\n|-resisted|p1a: Bellibolt\n|-damage|p1a: Bellibolt|16\/100\n|-start|p1a: Bellibolt|Charge|Thunderbolt|[from] ability: Electromorphosis\n|move|p1a: Bellibolt|Toxic|p2a: Jolteon\n|-status|p2a: Jolteon|tox\n|\n|-heal|p1a: Bellibolt|22\/100|[from] item: Leftovers\n|-damage|p2a: Jolteon|41\/100 tox|[from] psn\n|upkeep\n|turn|27\n|\n|t:|1701193970\n|switch|p1a: Great Tusk|Great Tusk|100\/100\n|move|p2a: Jolteon|Thunderbolt|p1a: Great Tusk\n|-immune|p1a: Great Tusk\n|\n|-damage|p2a: Jolteon|29\/100 tox|[from] psn\n|upkeep\n|turn|28\n|\n|t:|1701193986\n|switch|p2a: Umbreon|Umbreon, M, shiny|100\/100\n|-end|p1a: Great Tusk|Protosynthesis|[silent]\n|switch|p1a: Kingambit|Kingambit, M|40\/100\n|\n|upkeep\n|turn|29\n|\n|t:|1701193994\n|-end|p1a: Kingambit|fallenundefined|[silent]\n|switch|p1a: Altaria|Altaria, M, tera:Fairy|21\/100\n|-ability|p1a: Altaria|Cloud Nine\n|move|p2a: Umbreon|Foul Play|p1a: Altaria\n|-resisted|p1a: Altaria\n|-damage|p1a: Altaria|12\/100\n|\n|-heal|p1a: Altaria|18\/100|[from] item: Leftovers\n|upkeep\n|turn|30\n|\n|t:|1701194003\n|move|p1a: Altaria|Roost|p1a: Altaria\n|-heal|p1a: Altaria|68\/100\n|move|p2a: Umbreon|Foul Play|p1a: Altaria\n|-resisted|p1a: Altaria\n|-damage|p1a: Altaria|58\/100\n|\n|-heal|p1a: Altaria|64\/100|[from] item: Leftovers\n|upkeep\n|turn|31\n|\n|t:|1701194012\n|move|p1a: Altaria|Moonblast|p2a: Umbreon\n|-supereffective|p2a: Umbreon\n|-damage|p2a: Umbreon|70\/100\n|move|p2a: Umbreon|Wish|p2a: Umbreon\n|\n|-heal|p1a: Altaria|70\/100|[from] item: Leftovers\n|upkeep\n|turn|32\n|\n|t:|1701194021\n|switch|p2a: Sylveon|Sylveon, F|83\/100 slp\n|move|p1a: Altaria|Cotton Guard|p1a: Altaria\n|-boost|p1a: Altaria|def|3\n|\n|-heal|p2a: Sylveon|100\/100 slp|[from] move: Wish|[wisher] Umbreon\n|-heal|p1a: Altaria|76\/100|[from] item: Leftovers\n|upkeep\n|turn|33\n|\n|t:|1701194038\n|move|p1a: Altaria|Moonblast|p2a: Sylveon\n|-damage|p2a: Sylveon|82\/100 slp\n|-unboost|p2a: Sylveon|spa|1\n|cant|p2a: Sylveon|slp\n|move|p2a: Sylveon|Sleep Talk|p2a: Sylveon\n|move|p2a: Sylveon|Hyper Voice|p1a: Altaria|[from]move: Sleep Talk\n|-damage|p1a: Altaria|45\/100\n|\n|-heal|p1a: Altaria|51\/100|[from] item: Leftovers\n|upkeep\n|turn|34\n|\n|t:|1701194056\n|move|p1a: Altaria|Moonblast|p2a: Sylveon\n|-damage|p2a: Sylveon|65\/100 slp\n|-curestatus|p2a: Sylveon|slp|[msg]\n|move|p2a: Sylveon|Hyper Voice|p1a: Altaria\n|-damage|p1a: Altaria|24\/100\n|\n|-heal|p1a: Altaria|30\/100|[from] item: Leftovers\n|upkeep\n|turn|35\n|\n|t:|1701194067\n|move|p1a: Altaria|Roost|p1a: Altaria\n|-heal|p1a: Altaria|80\/100\n|move|p2a: Sylveon|Hyper Beam|p1a: Altaria\n|-damage|p1a: Altaria|29\/100\n|-mustrecharge|p2a: Sylveon\n|\n|-heal|p1a: Altaria|36\/100|[from] item: Leftovers\n|upkeep\n|turn|36\n|\n|t:|1701194077\n|switch|p1a: Kingambit|Kingambit, M|40\/100\n|cant|p2a: Sylveon|recharge\n|\n|upkeep\n|turn|37\n|\n|t:|1701194087\n|switch|p2a: Umbreon|Umbreon, M, shiny|70\/100\n|move|p1a: Kingambit|Iron Head|p2a: Umbreon\n|-damage|p2a: Umbreon|32\/100\n|\n|upkeep\n|turn|38\n|\n|t:|1701194099\n|-end|p1a: Kingambit|fallenundefined|[silent]\n|switch|p1a: Great Tusk|Great Tusk|100\/100\n|move|p2a: Umbreon|Foul Play|p1a: Great Tusk\n|-resisted|p1a: Great Tusk\n|-damage|p1a: Great Tusk|82\/100\n|\n|upkeep\n|turn|39\n|\n|t:|1701194108\n|move|p1a: Great Tusk|Headlong Rush|p2a: Umbreon\n|-damage|p2a: Umbreon|0 fnt\n|-unboost|p1a: Great Tusk|def|1\n|-unboost|p1a: Great Tusk|spd|1\n|faint|p2a: Umbreon\n|\n|upkeep\n|\n|t:|1701194115\n|switch|p2a: Vaporeon|Vaporeon, M|100\/100\n|turn|40\n|\n|t:|1701194139\n|-end|p1a: Great Tusk|Protosynthesis|[silent]\n|switch|p1a: Manaphy|Manaphy|100\/100\n|move|p2a: Vaporeon|Surf|p1a: Manaphy\n|-resisted|p1a: Manaphy\n|-damage|p1a: Manaphy|80\/100\n|\n|-heal|p1a: Manaphy|87\/100|[from] item: Leftovers\n|upkeep\n|turn|41\n|\n|t:|1701194155\n|move|p1a: Manaphy|Take Heart|p1a: Manaphy\n|-boost|p1a: Manaphy|spa|1\n|-boost|p1a: Manaphy|spd|1\n|move|p2a: Vaporeon|Flip Turn|p1a: Manaphy\n|-resisted|p1a: Manaphy\n|-damage|p1a: Manaphy|81\/100\n|\n|t:|1701194160\n|switch|p2a: Jolteon|Jolteon, M|29\/100 tox|[from] Flip Turn\n|\n|-heal|p1a: Manaphy|88\/100|[from] item: Leftovers\n|-damage|p2a: Jolteon|23\/100 tox|[from] psn\n|upkeep\n|turn|42\n|\n|t:|1701194170\n|switch|p1a: Bellibolt|Bellibolt, F|22\/100\n|move|p2a: Jolteon|Thunderbolt|p1a: Bellibolt\n|-resisted|p1a: Bellibolt\n|-damage|p1a: Bellibolt|0 fnt\n|faint|p1a: Bellibolt\n|\n|-damage|p2a: Jolteon|10\/100 tox|[from] psn\n|upkeep\n|\n|t:|1701194182\n|switch|p1a: Great Tusk|Great Tusk|82\/100\n|turn|43\n|\n|t:|1701194192\n|switch|p2a: Sylveon|Sylveon, F|65\/100\n|-end|p1a: Great Tusk|Protosynthesis|[silent]\n|switch|p1a: Azelf|Azelf|100\/100\n|\n|upkeep\n|turn|44\n|\n|t:|1701194198\n|move|p1a: Azelf|Mystical Power|p2a: Sylveon\n|-damage|p2a: Sylveon|38\/100\n|-boost|p1a: Azelf|spa|1\n|move|p2a: Sylveon|Hyper Voice|p1a: Azelf\n|-damage|p1a: Azelf|0 fnt\n|faint|p1a: Azelf\n|\n|upkeep\n|\n|t:|1701194207\n|switch|p1a: Great Tusk|Great Tusk|82\/100\n|turn|45\n|\n|t:|1701194210\n|move|p1a: Great Tusk|Headlong Rush|p2a: Sylveon\n|-damage|p2a: Sylveon|0 fnt\n|-unboost|p1a: Great Tusk|def|1\n|-unboost|p1a: Great Tusk|spd|1\n|faint|p2a: Sylveon\n|\n|upkeep\n|\n|t:|1701194217\n|switch|p2a: Vaporeon|Vaporeon, M|100\/100\n|turn|46\n|\n|t:|1701194223\n|-end|p1a: Great Tusk|Protosynthesis|[silent]\n|switch|p1a: Manaphy|Manaphy|88\/100\n|move|p2a: Vaporeon|Surf|p1a: Manaphy\n|-resisted|p1a: Manaphy\n|-damage|p1a: Manaphy|69\/100\n|\n|-heal|p1a: Manaphy|75\/100|[from] item: Leftovers\n|upkeep\n|turn|47\n|\n|t:|1701194240\n|move|p1a: Manaphy|Take Heart|p1a: Manaphy\n|-boost|p1a: Manaphy|spa|1\n|-boost|p1a: Manaphy|spd|1\n|move|p2a: Vaporeon|Surf|p1a: Manaphy\n|-resisted|p1a: Manaphy\n|-damage|p1a: Manaphy|62\/100\n|\n|-heal|p1a: Manaphy|68\/100|[from] item: Leftovers\n|upkeep\n|turn|48\n|c|\u2606Borkmaster3000|!data hydration\n|raw|<ul class=\"utilichart\"><li class=\"result\"><span class=\"col namecol\"><a href=\"https:\/\/dex.pokemonshowdown.com\/abilities\/hydration\">Hydration<\/a><\/span> <span class=\"col abilitydesccol\">This Pokemon has its status cured at the end of each turn if Rain Dance is active.<\/span> <\/li><li style=\"clear:both\"><\/li><\/ul>\n\n|\n|t:|1701194254\n|move|p1a: Manaphy|Take Heart|p1a: Manaphy\n|-boost|p1a: Manaphy|spa|1\n|-boost|p1a: Manaphy|spd|1\n|move|p2a: Vaporeon|Ice Beam|p1a: Manaphy\n|-resisted|p1a: Manaphy\n|-damage|p1a: Manaphy|62\/100\n|\n|-heal|p1a: Manaphy|68\/100|[from] item: Leftovers\n|upkeep\n|turn|49\n|\n|t:|1701194264\n|move|p1a: Manaphy|Stored Power|p2a: Vaporeon\n|-damage|p2a: Vaporeon|53\/100\n|move|p2a: Vaporeon|Flip Turn|p1a: Manaphy\n|-resisted|p1a: Manaphy\n|-damage|p1a: Manaphy|63\/100\n|\n|t:|1701194270\n|switch|p2a: Jolteon|Jolteon, M|10\/100 tox|[from] Flip Turn\n|\n|-heal|p1a: Manaphy|69\/100|[from] item: Leftovers\n|-damage|p2a: Jolteon|4\/100 tox|[from] psn\n|upkeep\n|turn|50\n|\n|t:|1701194277\n|move|p2a: Jolteon|Thunderbolt|p1a: Manaphy\n|-supereffective|p1a: Manaphy\n|-damage|p1a: Manaphy|9\/100\n|move|p1a: Manaphy|Take Heart|p1a: Manaphy\n|-boost|p1a: Manaphy|spa|1\n|-boost|p1a: Manaphy|spd|1\n|\n|-heal|p1a: Manaphy|16\/100|[from] item: Leftovers\n|-damage|p2a: Jolteon|0 fnt|[from] psn\n|faint|p2a: Jolteon\n|upkeep\n|\n|t:|1701194286\n|switch|p2a: Vaporeon|Vaporeon, M|53\/100\n|turn|51\n|\n|t:|1701194293\n|move|p1a: Manaphy|Stored Power|p2a: Vaporeon\n|-damage|p2a: Vaporeon|0 fnt\n|faint|p2a: Vaporeon\n|\n|win|chaoticat\n|raw|chaoticat's rating: 1136 &rarr; <strong>1163<\/strong><br \/>(+27 for winning)\n|raw|Borkmaster3000's rating: 1170 &rarr; <strong>1143<\/strong><br \/>(-27 for losing)\n|l|\u2606Borkmaster3000\n","uploadtime":1701194300,"views":1,"p1id":"chaoticat","p2id":"borkmaster3000","formatid":"gen9ou","rating":1143,"private":0,"password":""}