{"id":"gen9ou-1995036994","p1":"VikontAlu","p2":"ForFunAndStuff","format":"[Gen 9] OU","log":"|j|\u2606VikontAlu\n|j|\u2606ForFunAndStuff\n|t:|1700515800\n|gametype|singles\n|player|p1|VikontAlu|265|1186\n|player|p2|ForFunAndStuff|lady|1159\n|teamsize|p1|6\n|teamsize|p2|6\n|gen|9\n|tier|[Gen 9] OU\n|rated|\n|rule|Sleep Clause Mod: Limit one foe put to sleep\n|rule|Species Clause: Limit one of each Pok\u00e9mon\n|rule|OHKO Clause: OHKO moves are banned\n|rule|Evasion Items Clause: Evasion items are banned\n|rule|Evasion Moves Clause: Evasion moves are banned\n|rule|Endless Battle Clause: Forcing endless battles is banned\n|rule|HP Percentage Mod: HP is shown in percentages\n|clearpoke\n|poke|p1|Cinderace, M|\n|poke|p1|Great Tusk|\n|poke|p1|Walking Wake|\n|poke|p1|Gholdengo|\n|poke|p1|Iron Valiant|\n|poke|p1|Zapdos|\n|poke|p2|Indeedee, M|\n|poke|p2|Ceruledge, M|\n|poke|p2|Iron Moth|\n|poke|p2|Great Tusk|\n|poke|p2|Iron Valiant|\n|poke|p2|Cinderace, M|\n|teampreview\n|\n|t:|1700515830\n|start\n|switch|p1a: Walking Wake|Walking Wake|100\/100\n|switch|p2a: Cinderace|Cinderace, M|100\/100\n|-enditem|p1a: Walking Wake|Booster Energy\n|-activate|p1a: Walking Wake|ability: Protosynthesis|[fromitem]\n|-start|p1a: Walking Wake|protosynthesisspa\n|turn|1\n|\n|t:|1700515841\n|move|p2a: Cinderace|U-turn|p1a: Walking Wake\n|-start|p2a: Cinderace|typechange|Bug|[from] ability: Libero\n|-damage|p1a: Walking Wake|60\/100\n|\n|t:|1700515847\n|switch|p2a: Indeedee|Indeedee, M|100\/100|[from] U-turn\n|-fieldstart|move: Psychic Terrain|[from] ability: Psychic Surge|[of] p2a: Indeedee\n|move|p1a: Walking Wake|Hydro Steam|p2a: Indeedee\n|-damage|p2a: Indeedee|33\/100\n|\n|upkeep\n|turn|2\n|\n|t:|1700515865\n|move|p1a: Walking Wake|Flamethrower|p2a: Indeedee\n|-damage|p2a: Indeedee|0 fnt\n|faint|p2a: Indeedee\n|\n|upkeep\n|\n|t:|1700515872\n|switch|p2a: Iron Valiant|Iron Valiant|100\/100\n|-enditem|p2a: Iron Valiant|Booster Energy\n|-activate|p2a: Iron Valiant|ability: Quark Drive|[fromitem]\n|-start|p2a: Iron Valiant|quarkdrivespe\n|turn|3\n|\n|t:|1700515887\n|-end|p1a: Walking Wake|Protosynthesis|[silent]\n|switch|p1a: Zapdos|Zapdos|100\/100\n|move|p2a: Iron Valiant|Moonblast|p1a: Zapdos\n|-damage|p1a: Zapdos|60\/100\n|\n|-heal|p1a: Zapdos|66\/100|[from] item: Leftovers\n|upkeep\n|turn|4\n|\n|t:|1700515896\n|move|p2a: Iron Valiant|Thunderbolt|p1a: Zapdos\n|-damage|p1a: Zapdos|42\/100\n|move|p1a: Zapdos|Thunder Wave|p2a: Iron Valiant\n|-status|p2a: Iron Valiant|par\n|\n|-heal|p1a: Zapdos|48\/100|[from] item: Leftovers\n|upkeep\n|turn|5\n|\n|t:|1700515903\n|cant|p2a: Iron Valiant|par\n|move|p1a: Zapdos|Roost|p1a: Zapdos\n|-heal|p1a: Zapdos|98\/100\n|-singleturn|p1a: Zapdos|move: Roost\n|\n|-heal|p1a: Zapdos|100\/100|[from] item: Leftovers\n|upkeep\n|turn|6\n|\n|t:|1700515915\n|cant|p2a: Iron Valiant|par\n|move|p1a: Zapdos|Discharge|p2a: Iron Valiant\n|-damage|p2a: Iron Valiant|46\/100 par\n|\n|upkeep\n|turn|7\n|\n|t:|1700515921\n|cant|p2a: Iron Valiant|par\n|move|p1a: Zapdos|Discharge|p2a: Iron Valiant\n|-damage|p2a: Iron Valiant|0 fnt\n|faint|p2a: Iron Valiant\n|-end|p2a: Iron Valiant|Quark Drive|[silent]\n|\n|upkeep\n|\n|t:|1700515940\n|switch|p2a: Great Tusk|Great Tusk|100\/100\n|turn|8\n|\n|t:|1700515955\n|switch|p1a: Great Tusk|Great Tusk|100\/100\n|-enditem|p1a: Great Tusk|Booster Energy\n|-activate|p1a: Great Tusk|ability: Protosynthesis|[fromitem]\n|-start|p1a: Great Tusk|protosynthesisspe\n|move|p2a: Great Tusk|Knock Off|p1a: Great Tusk\n|-resisted|p1a: Great Tusk\n|-damage|p1a: Great Tusk|95\/100\n|\n|-fieldend|move: Psychic Terrain\n|upkeep\n|turn|9\n|\n|t:|1700515968\n|move|p1a: Great Tusk|Ice Spinner|p2a: Great Tusk\n|-supereffective|p2a: Great Tusk\n|-damage|p2a: Great Tusk|67\/100\n|move|p2a: Great Tusk|Headlong Rush|p1a: Great Tusk\n|-damage|p1a: Great Tusk|63\/100\n|-unboost|p2a: Great Tusk|def|1\n|-unboost|p2a: Great Tusk|spd|1\n|\n|upkeep\n|turn|10\n|\n|t:|1700515978\n|move|p1a: Great Tusk|Ice Spinner|p2a: Great Tusk\n|-supereffective|p2a: Great Tusk\n|-damage|p2a: Great Tusk|13\/100\n|move|p2a: Great Tusk|Close Combat|p1a: Great Tusk\n|-damage|p1a: Great Tusk|33\/100\n|-unboost|p2a: Great Tusk|def|1\n|-unboost|p2a: Great Tusk|spd|1\n|\n|upkeep\n|turn|11\n|\n|t:|1700515986\n|move|p1a: Great Tusk|Ice Spinner|p2a: Great Tusk\n|-supereffective|p2a: Great Tusk\n|-damage|p2a: Great Tusk|0 fnt\n|faint|p2a: Great Tusk\n|-end|p2a: Great Tusk|Protosynthesis|[silent]\n|\n|upkeep\n|\n|t:|1700515991\n|switch|p2a: Ceruledge|Ceruledge, M|100\/100\n|turn|12\n|\n|t:|1700516000\n|move|p1a: Great Tusk|Earthquake|p2a: Ceruledge\n|-supereffective|p2a: Ceruledge\n|-enditem|p2a: Ceruledge|Focus Sash\n|-damage|p2a: Ceruledge|1\/100\n|-ability|p2a: Ceruledge|Weak Armor|boost\n|-unboost|p2a: Ceruledge|def|1\n|-boost|p2a: Ceruledge|spe|2\n|move|p2a: Ceruledge|Swords Dance|p2a: Ceruledge\n|-boost|p2a: Ceruledge|atk|2\n|\n|upkeep\n|turn|13\n|\n|t:|1700516011\n|move|p2a: Ceruledge|Bitter Blade|p1a: Great Tusk\n|-damage|p1a: Great Tusk|0 fnt\n|-heal|p2a: Ceruledge|25\/100|[from] drain|[of] p1a: Great Tusk\n|faint|p1a: Great Tusk\n|-end|p1a: Great Tusk|Protosynthesis|[silent]\n|\n|upkeep\n|\n|t:|1700516023\n|switch|p1a: Cinderace|Cinderace, M|100\/100\n|turn|14\n|\n|t:|1700516029\n|move|p1a: Cinderace|Sucker Punch|p2a: Ceruledge\n|-supereffective|p2a: Ceruledge\n|-damage|p2a: Ceruledge|0 fnt\n|faint|p2a: Ceruledge\n|\n|upkeep\n|\n|t:|1700516040\n|switch|p2a: Iron Moth|Iron Moth|100\/100\n|-enditem|p2a: Iron Moth|Booster Energy\n|-activate|p2a: Iron Moth|ability: Quark Drive|[fromitem]\n|-start|p2a: Iron Moth|quarkdrivespa\n|turn|15\n|\n|t:|1700516060\n|move|p1a: Cinderace|Sucker Punch||[still]\n|-fail|p1a: Cinderace\n|move|p2a: Iron Moth|Substitute|p2a: Iron Moth\n|-start|p2a: Iron Moth|Substitute\n|-damage|p2a: Iron Moth|76\/100\n|\n|upkeep\n|turn|16\n|\n|t:|1700516073\n|switch|p1a: Iron Valiant|Iron Valiant|100\/100\n|-enditem|p1a: Iron Valiant|Booster Energy\n|-activate|p1a: Iron Valiant|ability: Quark Drive|[fromitem]\n|-start|p1a: Iron Valiant|quarkdrivespe\n|move|p2a: Iron Moth|Fiery Dance|p1a: Iron Valiant\n|-damage|p1a: Iron Valiant|0 fnt\n|-boost|p2a: Iron Moth|spa|1\n|faint|p1a: Iron Valiant\n|-end|p1a: Iron Valiant|Quark Drive|[silent]\n|\n|upkeep\n|\n|t:|1700516094\n|switch|p1a: Walking Wake|Walking Wake|60\/100\n|turn|17\n|\n|t:|1700516098\n|move|p2a: Iron Moth|Dazzling Gleam|p1a: Walking Wake\n|-supereffective|p1a: Walking Wake\n|-damage|p1a: Walking Wake|0 fnt\n|faint|p1a: Walking Wake\n|-end|p1a: Walking Wake|Protosynthesis|[silent]\n|\n|upkeep\n|\n|t:|1700516107\n|switch|p1a: Zapdos|Zapdos|100\/100\n|turn|18\n|\n|t:|1700516112\n|move|p2a: Iron Moth|Fiery Dance|p1a: Zapdos\n|-damage|p1a: Zapdos|26\/100\n|move|p1a: Zapdos|Discharge|p2a: Iron Moth\n|-end|p2a: Iron Moth|Substitute\n|\n|-heal|p1a: Zapdos|32\/100|[from] item: Leftovers\n|upkeep\n|turn|19\n|\n|t:|1700516122\n|move|p2a: Iron Moth|Fiery Dance|p1a: Zapdos\n|-damage|p1a: Zapdos|0 fnt\n|faint|p1a: Zapdos\n|\n|upkeep\n|\n|t:|1700516132\n|switch|p1a: Gholdengo|Gholdengo|100\/100\n|turn|20\n|\n|t:|1700516141\n|move|p1a: Gholdengo|Shadow Ball|p2a: Iron Moth\n|-damage|p2a: Iron Moth|32\/100\n|move|p2a: Iron Moth|Substitute|p2a: Iron Moth\n|-start|p2a: Iron Moth|Substitute\n|-damage|p2a: Iron Moth|7\/100\n|\n|upkeep\n|turn|21\n|\n|t:|1700516150\n|move|p1a: Gholdengo|Shadow Ball|p2a: Iron Moth\n|-end|p2a: Iron Moth|Substitute\n|move|p2a: Iron Moth|Fiery Dance|p1a: Gholdengo\n|-supereffective|p1a: Gholdengo\n|-damage|p1a: Gholdengo|0 fnt\n|faint|p1a: Gholdengo\n|\n|upkeep\n|\n|t:|1700516157\n|switch|p1a: Cinderace|Cinderace, M|100\/100\n|turn|22\n|\n|t:|1700516164\n|-terastallize|p2a: Iron Moth|Fairy\n|move|p1a: Cinderace|Sucker Punch||[still]\n|-fail|p1a: Cinderace\n|move|p2a: Iron Moth|Substitute|p2a: Iron Moth\n|-fail|p2a: Iron Moth|move: Substitute|[weak]\n|\n|upkeep\n|turn|23\n|\n|t:|1700516171\n|move|p1a: Cinderace|Pyro Ball|p2a: Iron Moth\n|-damage|p2a: Iron Moth|0 fnt\n|faint|p2a: Iron Moth\n|-end|p2a: Iron Moth|Quark Drive|[silent]\n|\n|upkeep\n|\n|t:|1700516175\n|switch|p2a: Cinderace|Cinderace, M|100\/100\n|turn|24\n|\n|t:|1700516185\n|move|p1a: Cinderace|High Jump Kick|p2a: Cinderace\n|-damage|p2a: Cinderace|44\/100\n|move|p2a: Cinderace|Pyro Ball|p1a: Cinderace\n|-resisted|p1a: Cinderace\n|-damage|p1a: Cinderace|60\/100\n|\n|upkeep\n|turn|25\n|\n|t:|1700516198\n|move|p2a: Cinderace|U-turn|p1a: Cinderace\n|-start|p2a: Cinderace|typechange|Bug|[from] ability: Libero\n|-resisted|p1a: Cinderace\n|-damage|p1a: Cinderace|37\/100\n|move|p1a: Cinderace|High Jump Kick|p2a: Cinderace\n|-resisted|p2a: Cinderace\n|-damage|p2a: Cinderace|15\/100\n|\n|upkeep\n|turn|26\n|\n|t:|1700516210\n|move|p1a: Cinderace|Sucker Punch|p2a: Cinderace\n|-damage|p2a: Cinderace|0 fnt\n|faint|p2a: Cinderace\n|\n|win|VikontAlu\n|raw|VikontAlu's rating: 1186 &rarr; <strong>1209<\/strong><br \/>(+23 for winning)\n|raw|ForFunAndStuff's rating: 1159 &rarr; <strong>1136<\/strong><br \/>(-23 for losing)\n|l|\u2606ForFunAndStuff\n","uploadtime":1700516218,"views":10,"p1id":"vikontalu","p2id":"forfunandstuff","formatid":"gen9ou","rating":1136,"private":0,"password":""}