{"id":"gen9ou-1994392309","p1":"Red0Campeon","p2":"Hellpicsou","format":"[Gen 9] OU","log":"|j|\u2606Red0Campeon\n|j|\u2606Hellpicsou\n|t:|1700438680\n|gametype|singles\n|player|p1|Red0Campeon|266|1000\n|player|p2|Hellpicsou|swimmer-gen4dp|1029\n|teamsize|p1|6\n|teamsize|p2|6\n|gen|9\n|tier|[Gen 9] OU\n|rated|\n|rule|Sleep Clause Mod: Limit one foe put to sleep\n|rule|Species Clause: Limit one of each Pok\u00e9mon\n|rule|OHKO Clause: OHKO moves are banned\n|rule|Evasion Items Clause: Evasion items are banned\n|rule|Evasion Moves Clause: Evasion moves are banned\n|rule|Endless Battle Clause: Forcing endless battles is banned\n|rule|HP Percentage Mod: HP is shown in percentages\n|clearpoke\n|poke|p1|Mimikyu, M|\n|poke|p1|Haxorus, F|\n|poke|p1|Hydreigon, M|\n|poke|p1|Dragonite, M|\n|poke|p1|Pachirisu, F|\n|poke|p1|Glaceon, F|\n|poke|p2|Klawf, M|\n|poke|p2|Veluza, M|\n|poke|p2|Gholdengo|\n|poke|p2|Maushold|\n|poke|p2|Kingambit, M|\n|poke|p2|Toxapex, F|\n|teampreview\n|\n|t:|1700438689\n|start\n|switch|p1a: Haxorus|Haxorus, F, shiny|100\/100\n|switch|p2a: wewe|Klawf, M|100\/100\n|-ability|p1a: Haxorus|Mold Breaker\n|turn|1\n|\n|t:|1700438700\n|move|p2a: wewe|Swords Dance|p2a: wewe\n|-boost|p2a: wewe|atk|2\n|move|p1a: Haxorus|Dragon Dance|p1a: Haxorus\n|-boost|p1a: Haxorus|atk|1\n|-boost|p1a: Haxorus|spe|1\n|\n|upkeep\n|turn|2\n|\n|t:|1700438710\n|move|p1a: Haxorus|Earthquake|p2a: wewe\n|-supereffective|p2a: wewe\n|-enditem|p2a: wewe|Focus Sash\n|-damage|p2a: wewe|1\/100\n|-ability|p2a: wewe|Anger Shell|boost\n|-boost|p2a: wewe|atk|1\n|-boost|p2a: wewe|spa|1\n|-boost|p2a: wewe|spe|1\n|-unboost|p2a: wewe|def|1\n|-unboost|p2a: wewe|spd|1\n|move|p2a: wewe|Stone Edge|p1a: Haxorus\n|-enditem|p1a: Haxorus|Focus Sash\n|-damage|p1a: Haxorus|1\/100\n|\n|upkeep\n|turn|3\n|\n|t:|1700438729\n|move|p2a: wewe|High Horsepower|p1a: Haxorus\n|-crit|p1a: Haxorus\n|-damage|p1a: Haxorus|0 fnt\n|faint|p1a: Haxorus\n|\n|upkeep\n|\n|t:|1700438737\n|switch|p1a: Dragonite|Dragonite, M|100\/100\n|turn|4\n|\n|t:|1700438742\n|move|p1a: Dragonite|Extreme Speed|p2a: wewe\n|-resisted|p2a: wewe\n|-damage|p2a: wewe|0 fnt\n|faint|p2a: wewe\n|\n|upkeep\n|\n|t:|1700438744\n|switch|p2a: domo|Kingambit, M|100\/100\n|-activate|p2a: domo|ability: Supreme Overlord\n|-start|p2a: domo|fallen1|[silent]\n|turn|5\n|\n|t:|1700438754\n|move|p1a: Dragonite|Flamethrower|p2a: domo\n|-supereffective|p2a: domo\n|-damage|p2a: domo|58\/100\n|move|p2a: domo|Kowtow Cleave|p1a: Dragonite\n|-damage|p1a: Dragonite|74\/100\n|\n|-heal|p2a: domo|64\/100|[from] item: Leftovers\n|upkeep\n|turn|6\n|\n|t:|1700438762\n|-terastallize|p2a: domo|Fairy\n|move|p1a: Dragonite|Flamethrower|p2a: domo\n|-damage|p2a: domo|44\/100\n|move|p2a: domo|Tera Blast|p1a: Dragonite|[anim] Tera Blast Fairy\n|-supereffective|p1a: Dragonite\n|-damage|p1a: Dragonite|0 fnt\n|faint|p1a: Dragonite\n|\n|-heal|p2a: domo|50\/100|[from] item: Leftovers\n|upkeep\n|\n|t:|1700438778\n|switch|p1a: Hydreigon|Hydreigon, M|100\/100\n|turn|7\n|\n|t:|1700438786\n|move|p1a: Hydreigon|Flash Cannon|p2a: domo\n|-supereffective|p2a: domo\n|-damage|p2a: domo|0 fnt\n|faint|p2a: domo\n|-end|p2a: domo|fallen1|[silent]\n|\n|upkeep\n|\n|t:|1700438801\n|switch|p2a: hellow|Toxapex, F|100\/100\n|turn|8\n|\n|t:|1700438808\n|move|p1a: Hydreigon|Nasty Plot|p1a: Hydreigon\n|-boost|p1a: Hydreigon|spa|2\n|move|p2a: hellow|Toxic|p1a: Hydreigon\n|-status|p1a: Hydreigon|tox\n|\n|-damage|p1a: Hydreigon|94\/100 tox|[from] psn\n|upkeep\n|turn|9\n|\n|t:|1700438814\n|move|p1a: Hydreigon|Nasty Plot|p1a: Hydreigon\n|-boost|p1a: Hydreigon|spa|2\n|move|p2a: hellow|Haze|p2a: hellow\n|-clearallboost\n|\n|-damage|p1a: Hydreigon|82\/100 tox|[from] psn\n|upkeep\n|turn|10\n|\n|t:|1700438822\n|move|p1a: Hydreigon|Nasty Plot|p1a: Hydreigon\n|-boost|p1a: Hydreigon|spa|2\n|move|p2a: hellow|Surf|p1a: Hydreigon\n|-resisted|p1a: Hydreigon\n|-damage|p1a: Hydreigon|73\/100 tox\n|\n|-damage|p1a: Hydreigon|55\/100 tox|[from] psn\n|upkeep\n|turn|11\n|\n|t:|1700438825\n|move|p1a: Hydreigon|Dragon Pulse|p2a: hellow\n|-damage|p2a: hellow|35\/100\n|move|p2a: hellow|Haze|p2a: hellow\n|-clearallboost\n|\n|-heal|p2a: hellow|41\/100|[from] item: Leftovers\n|-damage|p1a: Hydreigon|31\/100 tox|[from] psn\n|upkeep\n|turn|12\n|\n|t:|1700438833\n|move|p1a: Hydreigon|Dragon Pulse|p2a: hellow\n|-damage|p2a: hellow|11\/100\n|move|p2a: hellow|Recover|p2a: hellow\n|-heal|p2a: hellow|61\/100\n|\n|-heal|p2a: hellow|68\/100|[from] item: Leftovers\n|-damage|p1a: Hydreigon|0 fnt|[from] psn\n|faint|p1a: Hydreigon\n|upkeep\n|\n|t:|1700438844\n|switch|p1a: Pachirisu|Pachirisu, F|100\/100\n|-item|p1a: Pachirisu|Air Balloon\n|turn|13\n|\n|t:|1700438860\n|switch|p2a: weeeeeeeeee|Gholdengo|100\/100\n|move|p1a: Pachirisu|Nuzzle|p2a: weeeeeeeeee\n|-damage|p2a: weeeeeeeeee|97\/100\n|-status|p2a: weeeeeeeeee|par\n|\n|-heal|p2a: weeeeeeeeee|100\/100 par|[from] item: Leftovers\n|upkeep\n|turn|14\n|\n|t:|1700438878\n|move|p1a: Pachirisu|Charge|p1a: Pachirisu\n|-boost|p1a: Pachirisu|spd|1\n|-start|p1a: Pachirisu|Charge\n|move|p2a: weeeeeeeeee|Shadow Ball|p1a: Pachirisu\n|-damage|p1a: Pachirisu|68\/100\n|-unboost|p1a: Pachirisu|spd|1\n|-enditem|p1a: Pachirisu|Air Balloon\n|\n|upkeep\n|turn|15\n|\n|t:|1700438891\n|move|p1a: Pachirisu|Thief|p2a: weeeeeeeeee\n|-supereffective|p2a: weeeeeeeeee\n|-damage|p2a: weeeeeeeeee|90\/100 par\n|-enditem|p2a: weeeeeeeeee|Leftovers|[silent]|[from] move: Thief|[of] p1a: Pachirisu\n|-item|p1a: Pachirisu|Leftovers|[from] move: Thief|[of] p2a: weeeeeeeeee\n|cant|p2a: weeeeeeeeee|par\n|\n|-heal|p1a: Pachirisu|74\/100|[from] item: Leftovers\n|upkeep\n|turn|16\n|\n|t:|1700438905\n|move|p1a: Pachirisu|Charge|p1a: Pachirisu\n|-boost|p1a: Pachirisu|spd|1\n|-start|p1a: Pachirisu|Charge\n|move|p2a: weeeeeeeeee|Make It Rain|p1a: Pachirisu\n|-resisted|p1a: Pachirisu\n|-damage|p1a: Pachirisu|47\/100\n|-unboost|p2a: weeeeeeeeee|spa|1\n|\n|-heal|p1a: Pachirisu|54\/100|[from] item: Leftovers\n|upkeep\n|turn|17\n|\n|t:|1700438921\n|move|p1a: Pachirisu|Charge|p1a: Pachirisu\n|-boost|p1a: Pachirisu|spd|1\n|-start|p1a: Pachirisu|Charge\n|move|p2a: weeeeeeeeee|Shadow Ball|p1a: Pachirisu\n|-damage|p1a: Pachirisu|35\/100\n|\n|-heal|p1a: Pachirisu|41\/100|[from] item: Leftovers\n|upkeep\n|turn|18\n|\n|t:|1700438935\n|move|p1a: Pachirisu|Thief|p2a: weeeeeeeeee\n|-supereffective|p2a: weeeeeeeeee\n|-damage|p2a: weeeeeeeeee|78\/100 par\n|move|p2a: weeeeeeeeee|Shadow Ball|p1a: Pachirisu\n|-damage|p1a: Pachirisu|25\/100\n|\n|-heal|p1a: Pachirisu|31\/100|[from] item: Leftovers\n|upkeep\n|turn|19\n|\n|t:|1700438950\n|move|p1a: Pachirisu|Thunderbolt|p2a: weeeeeeeeee\n|-damage|p2a: weeeeeeeeee|32\/100 par\n|-end|p1a: Pachirisu|Charge|[silent]\n|move|p2a: weeeeeeeeee|Shadow Ball|p1a: Pachirisu\n|-damage|p1a: Pachirisu|15\/100\n|\n|-heal|p1a: Pachirisu|21\/100|[from] item: Leftovers\n|upkeep\n|turn|20\n|\n|t:|1700438961\n|move|p1a: Pachirisu|Thunderbolt|p2a: weeeeeeeeee\n|-damage|p2a: weeeeeeeeee|12\/100 par\n|move|p2a: weeeeeeeeee|Recover|p2a: weeeeeeeeee\n|-heal|p2a: weeeeeeeeee|62\/100 par\n|\n|-heal|p1a: Pachirisu|28\/100|[from] item: Leftovers\n|upkeep\n|turn|21\n|\n|t:|1700438973\n|move|p1a: Pachirisu|Charge|p1a: Pachirisu\n|-boost|p1a: Pachirisu|spd|1\n|-start|p1a: Pachirisu|Charge\n|move|p2a: weeeeeeeeee|Shadow Ball|p1a: Pachirisu\n|-damage|p1a: Pachirisu|14\/100\n|\n|-heal|p1a: Pachirisu|20\/100|[from] item: Leftovers\n|upkeep\n|turn|22\n|\n|t:|1700438987\n|-terastallize|p1a: Pachirisu|Electric\n|move|p1a: Pachirisu|Thunderbolt|p2a: weeeeeeeeee\n|-damage|p2a: weeeeeeeeee|1\/100 par\n|-end|p1a: Pachirisu|Charge|[silent]\n|move|p2a: weeeeeeeeee|Recover|p2a: weeeeeeeeee\n|-heal|p2a: weeeeeeeeee|51\/100 par\n|\n|-heal|p1a: Pachirisu|26\/100|[from] item: Leftovers\n|upkeep\n|turn|23\n|\n|t:|1700439002\n|move|p1a: Pachirisu|Charge|p1a: Pachirisu\n|-boost|p1a: Pachirisu|spd|1\n|-start|p1a: Pachirisu|Charge\n|move|p2a: weeeeeeeeee|Recover|p2a: weeeeeeeeee\n|-heal|p2a: weeeeeeeeee|100\/100 par\n|\n|-heal|p1a: Pachirisu|33\/100|[from] item: Leftovers\n|upkeep\n|turn|24\n|\n|t:|1700439019\n|switch|p2a: taper|Veluza, M|100\/100\n|move|p1a: Pachirisu|Charge|p1a: Pachirisu\n|-boost|p1a: Pachirisu|spd|1\n|-start|p1a: Pachirisu|Charge\n|\n|-heal|p1a: Pachirisu|39\/100|[from] item: Leftovers\n|upkeep\n|turn|25\n|\n|t:|1700439030\n|move|p2a: taper|Aqua Jet|p1a: Pachirisu\n|-damage|p1a: Pachirisu|12\/100\n|move|p1a: Pachirisu|Thunderbolt|p2a: taper\n|-supereffective|p2a: taper\n|-damage|p2a: taper|0 fnt\n|faint|p2a: taper\n|-end|p1a: Pachirisu|Charge|[silent]\n|\n|-heal|p1a: Pachirisu|18\/100|[from] item: Leftovers\n|upkeep\n|\n|t:|1700439033\n|switch|p2a: mimimi|Maushold|100\/100\n|turn|26\n|\n|t:|1700439051\n|switch|p1a: Rex the hooded|Mimikyu, M|100\/100\n|move|p2a: mimimi|Bite|p1a: Rex the hooded\n|-activate|p1a: Rex the hooded|ability: Disguise\n|-damage|p1a: Rex the hooded|100\/100\n|detailschange|p1a: Rex the hooded|Mimikyu-Busted, M\n|-damage|p1a: Rex the hooded|88\/100|[from] pokemon: Mimikyu-Busted\n|\n|upkeep\n|turn|27\n|\n|t:|1700439064\n|move|p2a: mimimi|Bite|p1a: Rex the hooded\n|-damage|p1a: Rex the hooded|59\/100\n|move|p1a: Rex the hooded|Bulk Up|p1a: Rex the hooded\n|-boost|p1a: Rex the hooded|atk|1\n|-boost|p1a: Rex the hooded|def|1\n|\n|upkeep\n|turn|28\n|\n|t:|1700439074\n|switch|p2a: hellow|Toxapex, F|100\/100\n|move|p1a: Rex the hooded|Swords Dance|p1a: Rex the hooded\n|-boost|p1a: Rex the hooded|atk|2\n|\n|upkeep\n|turn|29\n|\n|t:|1700439086\n|move|p1a: Rex the hooded|Leech Life|p2a: hellow\n|-resisted|p2a: hellow\n|-damage|p2a: hellow|86\/100\n|-heal|p1a: Rex the hooded|67\/100|[from] drain|[of] p2a: hellow\n|move|p2a: hellow|Haze|p2a: hellow\n|-clearallboost\n|\n|-heal|p2a: hellow|92\/100|[from] item: Leftovers\n|upkeep\n|turn|30\n|\n|t:|1700439097\n|switch|p1a: Glaceon|Glaceon, F|100\/100\n|move|p2a: hellow|Surf|p1a: Glaceon\n|-damage|p1a: Glaceon|81\/100\n|\n|-heal|p2a: hellow|99\/100|[from] item: Leftovers\n|upkeep\n|turn|31\n|\n|t:|1700439119\n|switch|p2a: weeeeeeeeee|Gholdengo|100\/100 par\n|move|p1a: Glaceon|Freeze-Dry|p2a: weeeeeeeeee\n|-resisted|p2a: weeeeeeeeee\n|-damage|p2a: weeeeeeeeee|84\/100 par\n|\n|upkeep\n|turn|32\n|\n|t:|1700439134\n|switch|p1a: Rex the hooded|Mimikyu-Busted, M|67\/100\n|move|p2a: weeeeeeeeee|Nasty Plot|p2a: weeeeeeeeee\n|-boost|p2a: weeeeeeeeee|spa|2\n|\n|upkeep\n|turn|33\n|\n|t:|1700439142\n|move|p1a: Rex the hooded|Shadow Claw|p2a: weeeeeeeeee\n|-supereffective|p2a: weeeeeeeeee\n|-damage|p2a: weeeeeeeeee|47\/100 par\n|move|p2a: weeeeeeeeee|Make It Rain|p1a: Rex the hooded\n|-supereffective|p1a: Rex the hooded\n|-damage|p1a: Rex the hooded|0 fnt\n|-unboost|p2a: weeeeeeeeee|spa|1\n|faint|p1a: Rex the hooded\n|\n|upkeep\n|\n|t:|1700439151\n|switch|p1a: Pachirisu|Pachirisu, F, tera:Electric|18\/100\n|turn|34\n|\n|t:|1700439159\n|move|p1a: Pachirisu|Thunderbolt|p2a: weeeeeeeeee\n|-damage|p2a: weeeeeeeeee|15\/100 par\n|move|p2a: weeeeeeeeee|Shadow Ball|p1a: Pachirisu\n|-damage|p1a: Pachirisu|0 fnt\n|faint|p1a: Pachirisu\n|\n|upkeep\n|\n|t:|1700439167\n|switch|p1a: Glaceon|Glaceon, F|81\/100\n|turn|35\n|\n|t:|1700439178\n|move|p1a: Glaceon|Copycat|p1a: Glaceon\n|move|p1a: Glaceon|Shadow Ball|p2a: weeeeeeeeee|[from]move: Copycat\n|-supereffective|p2a: weeeeeeeeee\n|-damage|p2a: weeeeeeeeee|0 fnt\n|faint|p2a: weeeeeeeeee\n|\n|upkeep\n|\n|t:|1700439182\n|switch|p2a: mimimi|Maushold|100\/100\n|turn|36\n|\n|t:|1700439192\n|move|p2a: mimimi|Population Bomb|p1a: Glaceon\n|-damage|p1a: Glaceon|72\/100\n|-damage|p1a: Glaceon|62\/100\n|-damage|p1a: Glaceon|52\/100\n|-damage|p1a: Glaceon|43\/100\n|-damage|p1a: Glaceon|33\/100\n|-damage|p1a: Glaceon|24\/100\n|-enditem|p1a: Glaceon|Iapapa Berry|[eat]\n|-heal|p1a: Glaceon|58\/100|[from] item: Iapapa Berry\n|-damage|p1a: Glaceon|48\/100\n|-damage|p1a: Glaceon|37\/100\n|-damage|p1a: Glaceon|27\/100\n|-damage|p1a: Glaceon|17\/100\n|-hitcount|p1a: Glaceon|10\n|move|p1a: Glaceon|Charm|p2a: mimimi\n|-unboost|p2a: mimimi|atk|2\n|\n|upkeep\n|turn|37\n|\n|t:|1700439208\n|move|p2a: mimimi|Population Bomb|p1a: Glaceon\n|-damage|p1a: Glaceon|13\/100\n|-damage|p1a: Glaceon|7\/100\n|-damage|p1a: Glaceon|2\/100\n|-damage|p1a: Glaceon|0 fnt\n|faint|p1a: Glaceon\n|-hitcount|p1: Glaceon|4\n|\n|win|Hellpicsou\n|raw|Red0Campeon's rating: 1000 &rarr; <strong>1000<\/strong><br \/>(+0 for losing)\n|raw|Hellpicsou's rating: 1029 &rarr; <strong>1062<\/strong><br \/>(+33 for winning)\n|l|\u2606Red0Campeon\n","uploadtime":1700439234,"views":34,"p1id":"red0campeon","p2id":"hellpicsou","formatid":"gen9ou","rating":1000,"private":0,"password":""}