{"id":"gen9ou-1994266870","p1":"LegacyShowden","p2":"Dincc","format":"[Gen 9] OU","log":"|j|\u2606LegacyShowden\n|j|\u2606Dincc\n|t:|1700425177\n|gametype|singles\n|player|p1|LegacyShowden|rosa|1503\n|player|p2|Dincc|evelyn|1465\n|teamsize|p1|6\n|teamsize|p2|6\n|gen|9\n|tier|[Gen 9] OU\n|rated|\n|rule|Sleep Clause Mod: Limit one foe put to sleep\n|rule|Species Clause: Limit one of each Pok\u00e9mon\n|rule|OHKO Clause: OHKO moves are banned\n|rule|Evasion Items Clause: Evasion items are banned\n|rule|Evasion Moves Clause: Evasion moves are banned\n|rule|Endless Battle Clause: Forcing endless battles is banned\n|rule|HP Percentage Mod: HP is shown in percentages\n|clearpoke\n|poke|p1|Great Tusk|\n|poke|p1|Samurott-Hisui, M|\n|poke|p1|Dragapult, M|\n|poke|p1|Gholdengo|\n|poke|p1|Heatran, M|\n|poke|p1|Rillaboom, M|\n|poke|p2|Kingambit, F|\n|poke|p2|Glimmora, M|\n|poke|p2|Zamazenta-*|\n|poke|p2|Iron Valiant|\n|poke|p2|Iron Moth|\n|poke|p2|Ogerpon-Wellspring, F|\n|teampreview\n|inactive|Battle timer is ON: inactive players will automatically lose when time's up. (requested by LegacyShowden)\n|\n|t:|1700425192\n|start\n|switch|p1a: Gholdengo|Gholdengo|100\/100\n|switch|p2a: Glimmora|Glimmora, M|100\/100\n|-item|p1a: Gholdengo|Air Balloon\n|turn|1\n|\n|t:|1700425210\n|move|p2a: Glimmora|Stealth Rock|p1a: Gholdengo\n|-sidestart|p1: LegacyShowden|move: Stealth Rock\n|move|p1a: Gholdengo|Thunder Wave|p2a: Glimmora\n|-status|p2a: Glimmora|par\n|\n|upkeep\n|turn|2\n|\n|t:|1700425215\n|move|p1a: Gholdengo|Hex|p2a: Glimmora\n|-damage|p2a: Glimmora|23\/100 par\n|move|p2a: Glimmora|Power Gem|p1a: Gholdengo\n|-resisted|p1a: Gholdengo\n|-damage|p1a: Gholdengo|81\/100\n|-enditem|p1a: Gholdengo|Air Balloon\n|\n|upkeep\n|turn|3\n|\n|t:|1700425221\n|switch|p2a: Kingambit|Kingambit, F|100\/100\n|move|p1a: Gholdengo|Hex|p2a: Kingambit\n|-resisted|p2a: Kingambit\n|-damage|p2a: Kingambit|83\/100\n|\n|upkeep\n|turn|4\n|\n|t:|1700425233\n|switch|p1a: Great Tusk|Great Tusk|100\/100\n|-damage|p1a: Great Tusk|98\/100|[from] Stealth Rock\n|-end|p2a: Kingambit|fallenundefined|[silent]\n|switch|p2a: Glimmora|Glimmora, M|23\/100 par\n|\n|upkeep\n|turn|5\n|\n|t:|1700425240\n|move|p1a: Great Tusk|Earthquake|p2a: Glimmora\n|-supereffective|p2a: Glimmora\n|-damage|p2a: Glimmora|0 fnt\n|-activate|p2a: Glimmora|ability: Toxic Debris\n|-sidestart|p1: LegacyShowden|move: Toxic Spikes\n|faint|p2a: Glimmora\n|\n|upkeep\n|\n|t:|1700425253\n|switch|p2a: Iron Valiant|Iron Valiant|100\/100\n|-enditem|p2a: Iron Valiant|Booster Energy\n|-activate|p2a: Iron Valiant|ability: Quark Drive|[fromitem]\n|-start|p2a: Iron Valiant|quarkdrivespe\n|turn|6\n|\n|t:|1700425260\n|-end|p1a: Great Tusk|Protosynthesis|[silent]\n|switch|p1a: Gholdengo|Gholdengo|81\/100\n|-damage|p1a: Gholdengo|75\/100|[from] Stealth Rock\n|move|p2a: Iron Valiant|Hypnosis|p1a: Gholdengo\n|-immune|p1a: Gholdengo|[from] ability: Good as Gold\n|\n|upkeep\n|turn|7\n|\n|t:|1700425267\n|-end|p2a: Iron Valiant|Quark Drive|[silent]\n|switch|p2a: Kingambit|Kingambit, F|83\/100\n|-activate|p2a: Kingambit|ability: Supreme Overlord\n|-start|p2a: Kingambit|fallen1|[silent]\n|move|p1a: Gholdengo|Thunder Wave|p2a: Kingambit|[miss]\n|-miss|p1a: Gholdengo|p2a: Kingambit\n|\n|upkeep\n|turn|8\n|\n|t:|1700425273\n|switch|p1a: Great Tusk|Great Tusk|98\/100\n|-damage|p1a: Great Tusk|95\/100|[from] Stealth Rock\n|-status|p1a: Great Tusk|psn\n|move|p2a: Kingambit|Kowtow Cleave|p1a: Great Tusk\n|-resisted|p1a: Great Tusk\n|-damage|p1a: Great Tusk|69\/100 psn\n|\n|-damage|p1a: Great Tusk|56\/100 psn|[from] psn\n|upkeep\n|turn|9\n|\n|t:|1700425288\n|-end|p2a: Kingambit|fallen1|[silent]\n|switch|p2a: Ogerpon|Ogerpon-Wellspring, F|100\/100\n|move|p1a: Great Tusk|Rapid Spin|p2a: Ogerpon\n|-damage|p2a: Ogerpon|77\/100\n|-boost|p1a: Great Tusk|spe|1\n|-sideend|p1: LegacyShowden|Toxic Spikes|[from] move: Rapid Spin|[of] p1a: Great Tusk\n|-sideend|p1: LegacyShowden|Stealth Rock|[from] move: Rapid Spin|[of] p1a: Great Tusk\n|\n|-damage|p1a: Great Tusk|44\/100 psn|[from] psn\n|upkeep\n|-enditem|p1a: Great Tusk|Sitrus Berry|[eat]\n|-heal|p1a: Great Tusk|69\/100 psn|[from] item: Sitrus Berry\n|turn|10\n|\n|t:|1700425293\n|move|p1a: Great Tusk|Close Combat|p2a: Ogerpon\n|-damage|p2a: Ogerpon|0 fnt\n|-unboost|p1a: Great Tusk|def|1\n|-unboost|p1a: Great Tusk|spd|1\n|faint|p2a: Ogerpon\n|\n|-damage|p1a: Great Tusk|56\/100 psn|[from] psn\n|upkeep\n|\n|t:|1700425301\n|switch|p2a: Iron Moth|Iron Moth|100\/100\n|-enditem|p2a: Iron Moth|Booster Energy\n|-activate|p2a: Iron Moth|ability: Quark Drive|[fromitem]\n|-start|p2a: Iron Moth|quarkdrivespe\n|turn|11\n|\n|t:|1700425304\n|-end|p1a: Great Tusk|Protosynthesis|[silent]\n|switch|p1a: Heatran|Heatran, M, shiny|100\/100\n|move|p2a: Iron Moth|Substitute|p2a: Iron Moth\n|-start|p2a: Iron Moth|Substitute\n|-damage|p2a: Iron Moth|76\/100\n|\n|upkeep\n|turn|12\n|-message|Dincc forfeited.\n|\n|win|LegacyShowden\n|raw|LegacyShowden's rating: 1503 &rarr; <strong>1521<\/strong><br \/>(+18 for winning)\n|raw|Dincc's rating: 1465 &rarr; <strong>1447<\/strong><br \/>(-18 for losing)\n|l|\u2606Dincc\n","uploadtime":1700425316,"views":14,"p1id":"legacyshowden","p2id":"dincc","formatid":"gen9ou","rating":1447,"private":0,"password":""}