{"id":"gen9ou-1989132323","p1":"Fi^014","p2":"Greasy Strangler","format":"[Gen 9] OU","log":"|j|\u2606Fi^014\n|j|\u2606Greasy Strangler\n|t:|1699815683\n|gametype|singles\n|player|p1|Fi^014|lucas|1208\n|player|p2|Greasy Strangler|2|1135\n|teamsize|p1|6\n|teamsize|p2|6\n|gen|9\n|tier|[Gen 9] OU\n|rated|\n|rule|Sleep Clause Mod: Limit one foe put to sleep\n|rule|Species Clause: Limit one of each Pok\u00e9mon\n|rule|OHKO Clause: OHKO moves are banned\n|rule|Evasion Items Clause: Evasion items are banned\n|rule|Evasion Moves Clause: Evasion moves are banned\n|rule|Endless Battle Clause: Forcing endless battles is banned\n|rule|HP Percentage Mod: HP is shown in percentages\n|clearpoke\n|poke|p1|Skeledirge, M|\n|poke|p1|Greninja-*, M|\n|poke|p1|Rillaboom, M|\n|poke|p1|Blissey, F|\n|poke|p1|Great Tusk|\n|poke|p1|Magnezone|\n|poke|p2|Overqwil, F|\n|poke|p2|Samurott-Hisui, M|\n|poke|p2|Sandy Shocks|\n|poke|p2|Pelipper, F|\n|poke|p2|Amoonguss, M|\n|poke|p2|Gastrodon, F|\n|teampreview\n|inactive|Battle timer is ON: inactive players will automatically lose when time's up. (requested by Fi^014)\n|\n|t:|1699815702\n|start\n|switch|p1a: Blissey|Blissey, F|100\/100\n|switch|p2a: Sandy Shocks|Sandy Shocks|100\/100\n|-enditem|p2a: Sandy Shocks|Booster Energy\n|-activate|p2a: Sandy Shocks|ability: Protosynthesis|[fromitem]\n|-start|p2a: Sandy Shocks|protosynthesisspa\n|turn|1\n|\n|t:|1699815714\n|move|p2a: Sandy Shocks|Stealth Rock|p1a: Blissey\n|-sidestart|p1: Fi^014|move: Stealth Rock\n|move|p1a: Blissey|Stealth Rock|p2a: Sandy Shocks\n|-sidestart|p2: Greasy Strangler|move: Stealth Rock\n|\n|upkeep\n|turn|2\n|\n|t:|1699815728\n|move|p2a: Sandy Shocks|Volt Switch|p1a: Blissey\n|-damage|p1a: Blissey|87\/100\n|\n|t:|1699815732\n|-end|p2a: Sandy Shocks|Protosynthesis|[silent]\n|switch|p2a: Pelipper|Pelipper, F|100\/100|[from] Volt Switch\n|-damage|p2a: Pelipper|76\/100|[from] Stealth Rock\n|-weather|RainDance|[from] ability: Drizzle|[of] p2a: Pelipper\n|move|p1a: Blissey|Seismic Toss|p2a: Pelipper\n|-damage|p2a: Pelipper|45\/100\n|\n|-weather|RainDance|[upkeep]\n|upkeep\n|turn|3\n|\n|t:|1699815741\n|move|p2a: Pelipper|Hurricane|p1a: Blissey\n|-damage|p1a: Blissey|73\/100\n|move|p1a: Blissey|Thunder Wave|p2a: Pelipper\n|-status|p2a: Pelipper|par\n|\n|-weather|RainDance|[upkeep]\n|upkeep\n|turn|4\n|\n|t:|1699815750\n|move|p1a: Blissey|Soft-Boiled|p1a: Blissey\n|-heal|p1a: Blissey|100\/100\n|move|p2a: Pelipper|Hurricane|p1a: Blissey\n|-damage|p1a: Blissey|87\/100\n|\n|-weather|RainDance|[upkeep]\n|upkeep\n|turn|5\n|\n|t:|1699815758\n|switch|p2a: Samurott|Samurott-Hisui, M|100\/100\n|-damage|p2a: Samurott|88\/100|[from] Stealth Rock\n|move|p1a: Blissey|Seismic Toss|p2a: Samurott\n|-damage|p2a: Samurott|57\/100\n|\n|-weather|RainDance|[upkeep]\n|upkeep\n|turn|6\n|\n|t:|1699815766\n|move|p2a: Samurott|Ceaseless Edge|p1a: Blissey\n|-damage|p1a: Blissey|4\/100\n|-sidestart|p1: Fi^014|Spikes\n|move|p1a: Blissey|Thunder Wave|p2a: Samurott\n|-status|p2a: Samurott|par\n|\n|-weather|RainDance|[upkeep]\n|upkeep\n|turn|7\n|\n|t:|1699815775\n|move|p2a: Samurott|Aqua Cutter|p1a: Blissey\n|-damage|p1a: Blissey|0 fnt\n|faint|p1a: Blissey\n|\n|-weather|RainDance|[upkeep]\n|upkeep\n|\n|t:|1699815782\n|switch|p1a: Great Tusk|Great Tusk|100\/100\n|-damage|p1a: Great Tusk|98\/100|[from] Stealth Rock\n|-damage|p1a: Great Tusk|85\/100|[from] Spikes\n|-enditem|p1a: Great Tusk|Booster Energy\n|-activate|p1a: Great Tusk|ability: Protosynthesis|[fromitem]\n|-start|p1a: Great Tusk|protosynthesisspe\n|turn|8\n|\n|t:|1699815789\n|move|p1a: Great Tusk|Rapid Spin|p2a: Samurott\n|-damage|p2a: Samurott|39\/100 par\n|-boost|p1a: Great Tusk|spe|1\n|-sideend|p1: Fi^014|Spikes|[from] move: Rapid Spin|[of] p1a: Great Tusk\n|-sideend|p1: Fi^014|Stealth Rock|[from] move: Rapid Spin|[of] p1a: Great Tusk\n|move|p2a: Samurott|Aqua Cutter|p1a: Great Tusk\n|-supereffective|p1a: Great Tusk\n|-damage|p1a: Great Tusk|0 fnt\n|faint|p1a: Great Tusk\n|-end|p1a: Great Tusk|Protosynthesis|[silent]\n|\n|-weather|RainDance|[upkeep]\n|upkeep\n|\n|t:|1699815799\n|switch|p1a: Greninja|Greninja, M|100\/100\n|turn|9\n|\n|t:|1699815803\n|switch|p2a: Gastrodon|Gastrodon, F|100\/100\n|-damage|p2a: Gastrodon|94\/100|[from] Stealth Rock\n|move|p1a: Greninja|Grass Knot|p2a: Gastrodon\n|-supereffective|p2a: Gastrodon\n|-damage|p2a: Gastrodon|0 fnt\n|faint|p2a: Gastrodon\n|-ability|p1a: Greninja|Battle Bond|boost\n|-boost|p1a: Greninja|atk|1\n|-boost|p1a: Greninja|spa|1\n|-boost|p1a: Greninja|spe|1\n|-activate|p1a: Greninja|ability: Battle Bond\n|-damage|p1a: Greninja|91\/100|[from] item: Life Orb\n|\n|-weather|none\n|upkeep\n|\n|t:|1699815820\n|switch|p2a: Amoonguss|Amoonguss, M|100\/100\n|-damage|p2a: Amoonguss|88\/100|[from] Stealth Rock\n|turn|10\n|\n|t:|1699815825\n|move|p1a: Greninja|Ice Beam|p2a: Amoonguss\n|-supereffective|p2a: Amoonguss\n|-damage|p2a: Amoonguss|16\/100\n|-status|p2a: Amoonguss|frz\n|-damage|p1a: Greninja|81\/100|[from] item: Life Orb\n|cant|p2a: Amoonguss|frz\n|\n|-heal|p2a: Amoonguss|23\/100 frz|[from] item: Black Sludge\n|upkeep\n|turn|11\n|-message|Greasy Strangler forfeited.\n|\n|win|Fi^014\n|raw|Fi^014's rating: 1208 &rarr; <strong>1228<\/strong><br \/>(+20 for winning)\n|raw|Greasy Strangler's rating: 1135 &rarr; <strong>1115<\/strong><br \/>(-20 for losing)\n|l|\u2606Greasy Strangler\n","uploadtime":1699815950,"views":14,"p1id":"fi014","p2id":"greasystrangler","formatid":"gen9ou","rating":1115,"private":0,"password":""}