{"id":"gen9ou-1988809176","p1":"Ysgolhaig","p2":"Jordevio","format":"[Gen 9] OU","log":"|j|\u2606Ysgolhaig\n|j|\u2606Jordevio\n|t:|1699766291\n|gametype|singles\n|player|p1|Ysgolhaig|veteran|1059\n|player|p2|Jordevio|gladion|1168\n|teamsize|p1|6\n|teamsize|p2|6\n|gen|9\n|tier|[Gen 9] OU\n|rated|\n|rule|Sleep Clause Mod: Limit one foe put to sleep\n|rule|Species Clause: Limit one of each Pok\u00e9mon\n|rule|OHKO Clause: OHKO moves are banned\n|rule|Evasion Items Clause: Evasion items are banned\n|rule|Evasion Moves Clause: Evasion moves are banned\n|rule|Endless Battle Clause: Forcing endless battles is banned\n|rule|HP Percentage Mod: HP is shown in percentages\n|clearpoke\n|poke|p1|Mimikyu, M|\n|poke|p1|Orthworm, M|\n|poke|p1|Zoroark-Hisui, M|\n|poke|p1|Yanmega, M|\n|poke|p1|Blissey, F|\n|poke|p1|Dondozo, M|\n|poke|p2|Sneasler, M|\n|poke|p2|Dragonite, M|\n|poke|p2|Kingambit, M|\n|poke|p2|Heatran, F|\n|poke|p2|Gholdengo|\n|poke|p2|Great Tusk|\n|teampreview\n|\n|t:|1699766311\n|start\n|switch|p1a: Yanmega|Yanmega, M, shiny|100\/100\n|switch|p2a: Sneasler|Sneasler, M|100\/100\n|-item|p2a: Sneasler|Air Balloon\n|turn|1\n|inactive|Battle timer is ON: inactive players will automatically lose when time's up. (requested by Jordevio)\n|\n|t:|1699766353\n|move|p2a: Sneasler|Fake Out|p1a: Yanmega\n|-damage|p1a: Yanmega|82\/100\n|cant|p1a: Yanmega|flinch\n|\n|upkeep\n|turn|2\n|\n|t:|1699766360\n|move|p2a: Sneasler|U-turn|p1a: Yanmega\n|-resisted|p1a: Yanmega\n|-damage|p1a: Yanmega|67\/100\n|\n|t:|1699766369\n|switch|p2a: Heatran|Heatran, F|100\/100|[from] U-turn\n|move|p1a: Yanmega|Bug Buzz|p2a: Heatran\n|-resisted|p2a: Heatran\n|-damage|p2a: Heatran|80\/100\n|\n|-heal|p2a: Heatran|86\/100|[from] item: Leftovers\n|upkeep\n|turn|3\n|\n|t:|1699766386\n|switch|p1a: Dondozo|Dondozo, M|100\/100\n|move|p2a: Heatran|Lava Plume|p1a: Dondozo\n|-resisted|p1a: Dondozo\n|-damage|p1a: Dondozo|89\/100\n|-status|p1a: Dondozo|brn\n|\n|-heal|p2a: Heatran|92\/100|[from] item: Leftovers\n|-damage|p1a: Dondozo|83\/100 brn|[from] brn\n|upkeep\n|turn|4\n|inactive|Ysgolhaig has 120 seconds left.\n|\n|t:|1699766422\n|-terastallize|p2a: Heatran|Grass\n|move|p2a: Heatran|Tera Blast|p1a: Dondozo|[anim] Tera Blast Grass\n|-supereffective|p1a: Dondozo\n|-damage|p1a: Dondozo|40\/100 brn\n|move|p1a: Dondozo|Waterfall|p2a: Heatran\n|-resisted|p2a: Heatran\n|-damage|p2a: Heatran|84\/100\n|\n|-heal|p2a: Heatran|91\/100|[from] item: Leftovers\n|-damage|p1a: Dondozo|34\/100 brn|[from] brn\n|upkeep\n|turn|5\n|\n|t:|1699766441\n|move|p2a: Heatran|Tera Blast|p1a: Dondozo|[anim] Tera Blast Grass\n|-supereffective|p1a: Dondozo\n|-damage|p1a: Dondozo|0 fnt\n|faint|p1a: Dondozo\n|\n|-heal|p2a: Heatran|97\/100|[from] item: Leftovers\n|upkeep\n|\n|t:|1699766451\n|switch|p1a: Yanmega|Yanmega, M, shiny|67\/100\n|turn|6\n|\n|t:|1699766455\n|move|p1a: Yanmega|Bug Buzz|p2a: Heatran\n|-supereffective|p2a: Heatran\n|-damage|p2a: Heatran|18\/100\n|-unboost|p2a: Heatran|spd|1\n|move|p2a: Heatran|Lava Plume|p1a: Yanmega\n|-supereffective|p1a: Yanmega\n|-damage|p1a: Yanmega|0 fnt\n|faint|p1a: Yanmega\n|\n|-heal|p2a: Heatran|24\/100|[from] item: Leftovers\n|upkeep\n|-message|Ysgolhaig forfeited.\n|\n|win|Jordevio\n|raw|Ysgolhaig's rating: 1059 &rarr; <strong>1046<\/strong><br \/>(-13 for losing)\n|raw|Jordevio's rating: 1168 &rarr; <strong>1185<\/strong><br \/>(+17 for winning)\n|l|\u2606Ysgolhaig\n","uploadtime":1699766468,"views":9,"p1id":"ysgolhaig","p2id":"jordevio","formatid":"gen9ou","rating":1046,"private":0,"password":""}