{"id":"gen9ou-2000197681","p1":"Rafita1711","p2":"steezy1","format":"[Gen 9] OU","log":"|j|\u203dRafita1711\n|j|\u2606steezy1\n|t:|1701170801\n|gametype|singles\n|player|p1|Rafita1711|lucas|1263\n|player|p2|steezy1|2|1384\n|teamsize|p1|6\n|teamsize|p2|6\n|gen|9\n|tier|[Gen 9] OU\n|rated|\n|rule|Sleep Clause Mod: Limit one foe put to sleep\n|rule|Species Clause: Limit one of each Pok\u00e9mon\n|rule|OHKO Clause: OHKO moves are banned\n|rule|Evasion Items Clause: Evasion items are banned\n|rule|Evasion Moves Clause: Evasion moves are banned\n|rule|Endless Battle Clause: Forcing endless battles is banned\n|rule|HP Percentage Mod: HP is shown in percentages\n|clearpoke\n|poke|p1|Kommo-o, M|\n|poke|p1|Ceruledge, M|\n|poke|p1|Landorus-Therian, M|\n|poke|p1|Great Tusk|\n|poke|p1|Sinistcha|\n|poke|p1|Ogerpon-Wellspring, F|\n|poke|p2|Pelipper, M|\n|poke|p2|Barraskewda, F|\n|poke|p2|Iron Treads|\n|poke|p2|Ribombee, F|\n|poke|p2|Gholdengo|\n|poke|p2|Ogerpon-Wellspring, F|\n|teampreview\n|\n|t:|1701170834\n|start\n|switch|p1a: Landorus|Landorus-Therian, M|100\/100\n|switch|p2a: Iron Treads|Iron Treads|100\/100\n|-ability|p1a: Landorus|Intimidate|boost\n|-unboost|p2a: Iron Treads|atk|1\n|turn|1\n|inactive|Battle timer is ON: inactive players will automatically lose when time's up. (requested by Rafita1711)\n|\n|t:|1701170843\n|move|p1a: Landorus|U-turn|p2a: Iron Treads\n|-resisted|p2a: Iron Treads\n|-damage|p2a: Iron Treads|91\/100\n|\n|t:|1701170847\n|switch|p1a: Great Tusk|Great Tusk|100\/100|[from] U-turn\n|move|p2a: Iron Treads|Stealth Rock|p1a: Great Tusk\n|-sidestart|p1: Rafita1711|move: Stealth Rock\n|\n|-heal|p2a: Iron Treads|97\/100|[from] item: Leftovers\n|upkeep\n|turn|2\n|\n|t:|1701170857\n|-end|p2a: Iron Treads|Quark Drive|[silent]\n|switch|p2a: Ribombee|Ribombee, F|100\/100\n|move|p1a: Great Tusk|Stealth Rock|p2a: Ribombee\n|-sidestart|p2: steezy1|move: Stealth Rock\n|\n|upkeep\n|turn|3\n|\n|t:|1701170872\n|-end|p1a: Great Tusk|Protosynthesis|[silent]\n|switch|p1a: Sinistcha|Sinistcha|100\/100\n|-damage|p1a: Sinistcha|88\/100|[from] Stealth Rock\n|move|p2a: Ribombee|Moonblast|p1a: Sinistcha\n|-damage|p1a: Sinistcha|52\/100\n|\n|-heal|p1a: Sinistcha|58\/100|[from] item: Leftovers\n|upkeep\n|turn|4\n|\n|t:|1701170882\n|move|p2a: Ribombee|Quiver Dance|p2a: Ribombee\n|-boost|p2a: Ribombee|spa|1\n|-boost|p2a: Ribombee|spd|1\n|-boost|p2a: Ribombee|spe|1\n|move|p1a: Sinistcha|Strength Sap|p2a: Ribombee\n|-unboost|p2a: Ribombee|atk|1\n|-heal|p1a: Sinistcha|88\/100\n|\n|-heal|p1a: Sinistcha|94\/100|[from] item: Leftovers\n|upkeep\n|turn|5\n|\n|t:|1701170889\n|move|p2a: Ribombee|Quiver Dance|p2a: Ribombee\n|-boost|p2a: Ribombee|spa|1\n|-boost|p2a: Ribombee|spd|1\n|-boost|p2a: Ribombee|spe|1\n|move|p1a: Sinistcha|Calm Mind|p1a: Sinistcha\n|-boost|p1a: Sinistcha|spa|1\n|-boost|p1a: Sinistcha|spd|1\n|\n|-heal|p1a: Sinistcha|99\/100|[from] item: Leftovers\n|upkeep\n|turn|6\n|\n|t:|1701170892\n|move|p2a: Ribombee|Moonblast|p1a: Sinistcha\n|-damage|p1a: Sinistcha|55\/100\n|move|p1a: Sinistcha|Calm Mind|p1a: Sinistcha\n|-boost|p1a: Sinistcha|spa|1\n|-boost|p1a: Sinistcha|spd|1\n|\n|-heal|p1a: Sinistcha|61\/100|[from] item: Leftovers\n|upkeep\n|turn|7\n|\n|t:|1701170900\n|move|p2a: Ribombee|Bug Buzz|p1a: Sinistcha\n|-damage|p1a: Sinistcha|28\/100\n|move|p1a: Sinistcha|Calm Mind|p1a: Sinistcha\n|-boost|p1a: Sinistcha|spa|1\n|-boost|p1a: Sinistcha|spd|1\n|\n|-heal|p1a: Sinistcha|34\/100|[from] item: Leftovers\n|upkeep\n|turn|8\n|\n|t:|1701170907\n|move|p2a: Ribombee|Moonblast|p1a: Sinistcha\n|-damage|p1a: Sinistcha|8\/100\n|-unboost|p1a: Sinistcha|spa|1\n|move|p1a: Sinistcha|Strength Sap|p2a: Ribombee\n|-unboost|p2a: Ribombee|atk|1\n|-heal|p1a: Sinistcha|27\/100\n|\n|-heal|p1a: Sinistcha|33\/100|[from] item: Leftovers\n|upkeep\n|turn|9\n|\n|t:|1701170915\n|move|p2a: Ribombee|Moonblast|p1a: Sinistcha\n|-damage|p1a: Sinistcha|9\/100\n|move|p1a: Sinistcha|Matcha Gotcha|p2a: Ribombee\n|-resisted|p2a: Ribombee\n|-damage|p2a: Ribombee|73\/100\n|-heal|p1a: Sinistcha|20\/100|[from] drain|[of] p2a: Ribombee\n|-enditem|p2a: Ribombee|Red Card|[of] p1a: Sinistcha\n|drag|p1a: Kommo-o|Kommo-o, M|100\/100\n|-damage|p1a: Kommo-o|94\/100|[from] Stealth Rock\n|\n|upkeep\n|turn|10\n|inactive|Rafita1711 has 120 seconds left.\n|\n|t:|1701170954\n|move|p2a: Ribombee|Moonblast|p1a: Kommo-o\n|-supereffective|p1a: Kommo-o\n|-damage|p1a: Kommo-o|0 fnt\n|faint|p1a: Kommo-o\n|\n|upkeep\n|\n|t:|1701170971\n|switch|p1a: Landorus|Landorus-Therian, M|100\/100\n|-damage|p1a: Landorus|88\/100|[from] Stealth Rock\n|-ability|p1a: Landorus|Intimidate|boost\n|-unboost|p2a: Ribombee|atk|1\n|turn|11\n|inactive|Rafita1711 has 90 seconds left.\n|\n|t:|1701170997\n|move|p2a: Ribombee|Moonblast|p1a: Landorus\n|-damage|p1a: Landorus|0 fnt\n|faint|p1a: Landorus\n|\n|upkeep\n|inactive|Rafita1711 has 90 seconds left.\n|\n|t:|1701171015\n|switch|p1a: Sinistcha|Sinistcha|20\/100\n|-damage|p1a: Sinistcha|7\/100|[from] Stealth Rock\n|turn|12\n|\n|t:|1701171019\n|move|p2a: Ribombee|Moonblast|p1a: Sinistcha\n|-damage|p1a: Sinistcha|0 fnt\n|faint|p1a: Sinistcha\n|\n|upkeep\n|inactive|Rafita1711 has 90 seconds left.\n|\n|t:|1701171038\n|switch|p1a: Great Tusk|Great Tusk|100\/100\n|-damage|p1a: Great Tusk|98\/100|[from] Stealth Rock\n|turn|13\n|\n|t:|1701171044\n|move|p2a: Ribombee|Moonblast|p1a: Great Tusk\n|-supereffective|p1a: Great Tusk\n|-damage|p1a: Great Tusk|0 fnt\n|faint|p1a: Great Tusk\n|-end|p1a: Great Tusk|Protosynthesis|[silent]\n|\n|upkeep\n|\n|t:|1701171052\n|switch|p1a: Ceruledge|Ceruledge, M|100\/100\n|-damage|p1a: Ceruledge|76\/100|[from] Stealth Rock\n|turn|14\n|inactive|Rafita1711 has 90 seconds left.\n|c|\u2606steezy1|Lol you just got ruined by a bug\n|\n|t:|1701171062\n|move|p1a: Ceruledge|Shadow Sneak|p2a: Ribombee\n|-damage|p2a: Ribombee|29\/100\n|move|p2a: Ribombee|Sticky Web|p1a: Ceruledge\n|-sidestart|p1: Rafita1711|move: Sticky Web\n|\n|upkeep\n|turn|15\n|\n|t:|1701171066\n|move|p1a: Ceruledge|Shadow Sneak|p2a: Ribombee\n|-damage|p2a: Ribombee|0 fnt\n|faint|p2a: Ribombee\n|\n|upkeep\n|\n|t:|1701171072\n|switch|p2a: Iron Treads|Iron Treads|97\/100\n|-damage|p2a: Iron Treads|94\/100|[from] Stealth Rock\n|turn|16\n|\n|t:|1701171079\n|move|p1a: Ceruledge|Bitter Blade|p2a: Iron Treads\n|-supereffective|p2a: Iron Treads\n|-damage|p2a: Iron Treads|21\/100\n|-heal|p1a: Ceruledge|100\/100|[from] drain|[of] p2a: Iron Treads\n|move|p2a: Iron Treads|Earthquake|p1a: Ceruledge\n|-supereffective|p1a: Ceruledge\n|-enditem|p1a: Ceruledge|Focus Sash\n|-damage|p1a: Ceruledge|1\/100\n|-ability|p1a: Ceruledge|Weak Armor|boost\n|-unboost|p1a: Ceruledge|def|1\n|-boost|p1a: Ceruledge|spe|2\n|\n|-heal|p2a: Iron Treads|28\/100|[from] item: Leftovers\n|upkeep\n|turn|17\n|\n|t:|1701171090\n|move|p1a: Ceruledge|Bitter Blade|p2a: Iron Treads\n|-supereffective|p2a: Iron Treads\n|-damage|p2a: Iron Treads|0 fnt\n|-heal|p1a: Ceruledge|18\/100|[from] drain|[of] p2a: Iron Treads\n|faint|p2a: Iron Treads\n|-end|p2a: Iron Treads|Quark Drive|[silent]\n|\n|upkeep\n|\n|t:|1701171094\n|switch|p2a: Barraskewda|Barraskewda, F|100\/100\n|-damage|p2a: Barraskewda|88\/100|[from] Stealth Rock\n|turn|18\n|inactive|Rafita1711 has 120 seconds left.\n|\n|t:|1701171105\n|move|p1a: Ceruledge|Shadow Sneak|p2a: Barraskewda\n|-damage|p2a: Barraskewda|46\/100\n|move|p2a: Barraskewda|Aqua Jet|p1a: Ceruledge\n|-supereffective|p1a: Ceruledge\n|-damage|p1a: Ceruledge|0 fnt\n|faint|p1a: Ceruledge\n|\n|upkeep\n|\n|t:|1701171110\n|switch|p1a: Ogerpon|Ogerpon-Wellspring, F|100\/100\n|-damage|p1a: Ogerpon|88\/100|[from] Stealth Rock\n|-activate|p1a: Ogerpon|move: Sticky Web\n|-unboost|p1a: Ogerpon|spe|1\n|turn|19\n|inactive|Rafita1711 has 120 seconds left.\n|\n|t:|1701171120\n|switch|p2a: Gholdengo|Gholdengo|100\/100\n|-damage|p2a: Gholdengo|94\/100|[from] Stealth Rock\n|-item|p2a: Gholdengo|Air Balloon\n|-terastallize|p1a: Ogerpon|Water\n|detailschange|p1a: Ogerpon|Ogerpon-Wellspring-Tera, F, tera:Water\n|-ability|p1a: Ogerpon|Embody Aspect (Wellspring)|boost\n|-boost|p1a: Ogerpon|spd|1\n|move|p1a: Ogerpon|Trailblaze|p2a: Gholdengo\n|-resisted|p2a: Gholdengo\n|-damage|p2a: Gholdengo|81\/100\n|-boost|p1a: Ogerpon|spe|1\n|-enditem|p2a: Gholdengo|Air Balloon\n|\n|upkeep\n|turn|20\n|inactive|Rafita1711 has 120 seconds left.\n|\n|t:|1701171138\n|move|p1a: Ogerpon|Ivy Cudgel|p2a: Gholdengo|[anim] Ivy Cudgel Water\n|-damage|p2a: Gholdengo|17\/100\n|move|p2a: Gholdengo|Shadow Ball|p1a: Ogerpon\n|-damage|p1a: Ogerpon|59\/100\n|-unboost|p1a: Ogerpon|spd|1\n|\n|upkeep\n|turn|21\n|\n|t:|1701171149\n|move|p1a: Ogerpon|Ivy Cudgel|p2a: Gholdengo|[anim] Ivy Cudgel Water\n|-damage|p2a: Gholdengo|0 fnt\n|faint|p2a: Gholdengo\n|\n|upkeep\n|\n|t:|1701171153\n|switch|p2a: Pelipper|Pelipper, M|100\/100\n|-damage|p2a: Pelipper|75\/100|[from] Stealth Rock\n|-weather|RainDance|[from] ability: Drizzle|[of] p2a: Pelipper\n|turn|22\n|inactive|Rafita1711 has 120 seconds left.\n|\n|t:|1701171164\n|move|p1a: Ogerpon|Trailblaze|p2a: Pelipper\n|-damage|p2a: Pelipper|47\/100\n|-boost|p1a: Ogerpon|spe|1\n|move|p2a: Pelipper|Hurricane|p1a: Ogerpon\n|-damage|p1a: Ogerpon|8\/100\n|-start|p1a: Ogerpon|confusion\n|\n|-weather|RainDance|[upkeep]\n|upkeep\n|turn|23\n|inactive|Rafita1711 has 120 seconds left.\n|c|\u2606steezy1|gg\n|\n|t:|1701171182\n|-activate|p1a: Ogerpon|confusion\n|-damage|p1a: Ogerpon|0 fnt|[from] confusion\n|faint|p1a: Ogerpon\n|\n|win|steezy1\n|raw|Rafita1711's rating: 1263 &rarr; <strong>1246<\/strong><br \/>(-17 for losing)\n|raw|steezy1's rating: 1384 &rarr; <strong>1397<\/strong><br \/>(+13 for winning)\n|c|\u2606steezy1|Ill save the replay for you x\n|l|\u203dRafita1711\n","uploadtime":1701171196,"views":2,"p1id":"rafita1711","p2id":"steezy1","formatid":"gen9ou","rating":1246,"private":0,"password":""}