{"id":"gen9ou-1990781621","p1":"Flanagan7","p2":"A plague doc","format":"[Gen 9] OU","log":"|j|\u2606Flanagan7\n|j|\u2606A plague doc\n|t:|1700000258\n|gametype|singles\n|player|p1|Flanagan7|lucas-gen4pt|1817\n|player|p2|A plague doc|cynthia|1823\n|teamsize|p1|6\n|teamsize|p2|6\n|gen|9\n|tier|[Gen 9] OU\n|rated|\n|rule|Sleep Clause Mod: Limit one foe put to sleep\n|rule|Species Clause: Limit one of each Pok\u00e9mon\n|rule|OHKO Clause: OHKO moves are banned\n|rule|Evasion Items Clause: Evasion items are banned\n|rule|Evasion Moves Clause: Evasion moves are banned\n|rule|Endless Battle Clause: Forcing endless battles is banned\n|rule|HP Percentage Mod: HP is shown in percentages\n|clearpoke\n|poke|p1|Garganacl, F|\n|poke|p1|Toxapex, M|\n|poke|p1|Great Tusk|\n|poke|p1|Zapdos|\n|poke|p1|Gholdengo|\n|poke|p1|Greninja-*, M|\n|poke|p2|Rillaboom, M|\n|poke|p2|Sneasler, F|\n|poke|p2|Zamazenta-*|\n|poke|p2|Heatran, F|\n|poke|p2|Hatterene, F|\n|poke|p2|Ogerpon-Wellspring, F|\n|teampreview\n|inactive|Battle timer is ON: inactive players will automatically lose when time's up. (requested by Flanagan7)\n|c|\u2606A plague doc|glhf\n|j| HotheadIsTheGoat\n|\n|t:|1700000283\n|start\n|switch|p1a: Zapdos|Zapdos|100\/100\n|switch|p2a: Heatran|Heatran, F|100\/100\n|-item|p2a: Heatran|Air Balloon\n|turn|1\n|\n|t:|1700000297\n|move|p1a: Zapdos|Volt Switch|p2a: Heatran\n|-damage|p2a: Heatran|79\/100\n|-enditem|p2a: Heatran|Air Balloon\n|\n|t:|1700000298\n|switch|p1a: Garganacl|Garganacl, F|100\/100|[from] Volt Switch\n|move|p2a: Heatran|Magma Storm|p1a: Garganacl|[miss]\n|-miss|p2a: Heatran|p1a: Garganacl\n|\n|upkeep\n|turn|2\n|inactive|A plague doc has 120 seconds left.\n|\n|t:|1700000329\n|move|p2a: Heatran|Stealth Rock|p1a: Garganacl\n|-sidestart|p1: Flanagan7|move: Stealth Rock\n|move|p1a: Garganacl|Salt Cure|p2a: Heatran\n|-damage|p2a: Heatran|69\/100\n|-start|p2a: Heatran|Salt Cure\n|\n|-damage|p2a: Heatran|44\/100|[from] Salt Cure\n|upkeep\n|turn|3\n|l| HotheadIsTheGoat\n|inactive|A plague doc has 120 seconds left.\n|\n|t:|1700000341\n|switch|p2a: Rillaboom|Rillaboom, M|100\/100\n|-fieldstart|move: Grassy Terrain|[from] ability: Grassy Surge|[of] p2a: Rillaboom\n|move|p1a: Garganacl|Salt Cure|p2a: Rillaboom\n|-damage|p2a: Rillaboom|88\/100\n|-start|p2a: Rillaboom|Salt Cure\n|\n|-heal|p2a: Rillaboom|94\/100|[from] Grassy Terrain\n|-damage|p2a: Rillaboom|81\/100|[from] Salt Cure\n|upkeep\n|turn|4\n|\n|t:|1700000348\n|move|p1a: Garganacl|Protect|p1a: Garganacl\n|-singleturn|p1a: Garganacl|Protect\n|move|p2a: Rillaboom|Knock Off|p1a: Garganacl\n|-activate|p1a: Garganacl|move: Protect\n|\n|-heal|p2a: Rillaboom|88\/100|[from] Grassy Terrain\n|-damage|p2a: Rillaboom|75\/100|[from] Salt Cure\n|upkeep\n|turn|5\n|\n|t:|1700000355\n|switch|p1a: Great Tusk|Great Tusk|100\/100\n|move|p2a: Rillaboom|Knock Off|p1a: Great Tusk\n|-resisted|p1a: Great Tusk\n|-damage|p1a: Great Tusk|81\/100\n|-enditem|p1a: Great Tusk|Heavy-Duty Boots|[from] move: Knock Off|[of] p2a: Rillaboom\n|\n|-heal|p1a: Great Tusk|87\/100|[from] Grassy Terrain\n|-heal|p2a: Rillaboom|81\/100|[from] Grassy Terrain\n|-damage|p2a: Rillaboom|69\/100|[from] Salt Cure\n|upkeep\n|turn|6\n|\n|t:|1700000365\n|switch|p2a: Hatterene|Hatterene, F|100\/100\n|-enditem|p2a: Hatterene|Grassy Seed\n|-boost|p2a: Hatterene|def|1|[from] item: Grassy Seed\n|move|p1a: Great Tusk|Rapid Spin|p2a: Hatterene\n|-damage|p2a: Hatterene|91\/100\n|-boost|p1a: Great Tusk|spe|1\n|-sideend|p1: Flanagan7|Stealth Rock|[from] move: Rapid Spin|[of] p1a: Great Tusk\n|\n|-heal|p1a: Great Tusk|93\/100|[from] Grassy Terrain\n|-heal|p2a: Hatterene|97\/100|[from] Grassy Terrain\n|upkeep\n|turn|7\n|\n|t:|1700000369\n|-end|p1a: Great Tusk|Protosynthesis|[silent]\n|switch|p1a: Gholdengo|Gholdengo|100\/100\n|move|p2a: Hatterene|Calm Mind|p2a: Hatterene\n|-boost|p2a: Hatterene|spa|1\n|-boost|p2a: Hatterene|spd|1\n|\n|-heal|p2a: Hatterene|100\/100|[from] Grassy Terrain\n|-fieldend|move: Grassy Terrain\n|upkeep\n|turn|8\n|\n|t:|1700000371\n|move|p1a: Gholdengo|Trick|p2a: Hatterene\n|-activate|p1a: Gholdengo|move: Trick|[of] p2a: Hatterene\n|-item|p2a: Hatterene|Choice Scarf|[from] move: Trick\n|-enditem|p1a: Gholdengo|Choice Scarf|[silent]|[from] move: Trick\n|move|p2a: Hatterene|Calm Mind|p2a: Hatterene\n|-boost|p2a: Hatterene|spa|1\n|-boost|p2a: Hatterene|spd|1\n|\n|upkeep\n|turn|9\n|\n|t:|1700000387\n|switch|p2a: Heatran|Heatran, F|44\/100\n|move|p1a: Gholdengo|Focus Blast|p2a: Heatran|[miss]\n|-miss|p1a: Gholdengo|p2a: Heatran\n|\n|upkeep\n|turn|10\n|\n|t:|1700000403\n|move|p1a: Gholdengo|Focus Blast|p2a: Heatran\n|-supereffective|p2a: Heatran\n|-damage|p2a: Heatran|0 fnt\n|faint|p2a: Heatran\n|\n|upkeep\n|\n|t:|1700000405\n|switch|p2a: Ogerpon|Ogerpon-Wellspring, F|100\/100\n|turn|11\n|\n|t:|1700000412\n|switch|p1a: Toxapex|Toxapex, M|100\/100\n|-terastallize|p2a: Ogerpon|Water\n|detailschange|p2a: Ogerpon|Ogerpon-Wellspring-Tera, F, tera:Water\n|-ability|p2a: Ogerpon|Embody Aspect (Wellspring)|boost\n|-boost|p2a: Ogerpon|spd|1\n|move|p2a: Ogerpon|Swords Dance|p2a: Ogerpon\n|-boost|p2a: Ogerpon|atk|2\n|\n|upkeep\n|turn|12\n|\n|t:|1700000419\n|move|p2a: Ogerpon|Horn Leech|p1a: Toxapex\n|-damage|p1a: Toxapex|45\/100\n|move|p1a: Toxapex|Toxic|p2a: Ogerpon\n|-status|p2a: Ogerpon|tox\n|\n|-heal|p1a: Toxapex|51\/100|[from] item: Leftovers\n|-damage|p2a: Ogerpon|95\/100 tox|[from] psn\n|upkeep\n|turn|13\n|\n|t:|1700000427\n|move|p1a: Toxapex|Baneful Bunker|p1a: Toxapex\n|-singleturn|p1a: Toxapex|move: Protect\n|move|p2a: Ogerpon|Ivy Cudgel|p1a: Toxapex|[anim] Ivy Cudgel Water\n|-activate|p1a: Toxapex|move: Protect\n|\n|-heal|p1a: Toxapex|57\/100|[from] item: Leftovers\n|-damage|p2a: Ogerpon|83\/100 tox|[from] psn\n|upkeep\n|turn|14\n|\n|t:|1700000430\n|move|p2a: Ogerpon|Horn Leech|p1a: Toxapex\n|-damage|p1a: Toxapex|0 fnt\n|-heal|p2a: Ogerpon|100\/100 tox|[from] drain|[of] p1a: Toxapex\n|faint|p1a: Toxapex\n|\n|-damage|p2a: Ogerpon|83\/100 tox|[from] psn\n|upkeep\n|\n|t:|1700000440\n|switch|p1a: Garganacl|Garganacl, F|100\/100\n|turn|15\n|\n|t:|1700000454\n|move|p1a: Garganacl|Protect|p1a: Garganacl\n|-singleturn|p1a: Garganacl|Protect\n|move|p2a: Ogerpon|Swords Dance|p2a: Ogerpon\n|-boost|p2a: Ogerpon|atk|2\n|\n|-damage|p2a: Ogerpon|59\/100 tox|[from] psn\n|upkeep\n|turn|16\n|\n|t:|1700000459\n|-terastallize|p1a: Garganacl|Fairy\n|move|p2a: Ogerpon|Horn Leech|p1a: Garganacl\n|-damage|p1a: Garganacl|24\/100\n|-heal|p2a: Ogerpon|100\/100 tox|[from] drain|[of] p1a: Garganacl\n|move|p1a: Garganacl|Salt Cure|p2a: Ogerpon\n|-damage|p2a: Ogerpon|84\/100 tox\n|-start|p2a: Ogerpon|Salt Cure\n|\n|-heal|p1a: Garganacl|30\/100|[from] item: Leftovers\n|-damage|p2a: Ogerpon|54\/100 tox|[from] psn\n|-damage|p2a: Ogerpon|29\/100 tox|[from] Salt Cure\n|upkeep\n|turn|17\n|inactive|A plague doc has 120 seconds left.\n|\n|t:|1700000515\n|move|p1a: Garganacl|Protect|p1a: Garganacl\n|-singleturn|p1a: Garganacl|Protect\n|move|p2a: Ogerpon|Horn Leech|p1a: Garganacl\n|-activate|p1a: Garganacl|move: Protect\n|\n|-heal|p1a: Garganacl|36\/100|[from] item: Leftovers\n|-damage|p2a: Ogerpon|0 fnt|[from] psn\n|faint|p2a: Ogerpon\n|upkeep\n|\n|t:|1700000524\n|switch|p2a: Rillaboom|Rillaboom, M|69\/100\n|-fieldstart|move: Grassy Terrain|[from] ability: Grassy Surge|[of] p2a: Rillaboom\n|turn|18\n|\n|t:|1700000531\n|switch|p1a: Zapdos|Zapdos|100\/100\n|move|p2a: Rillaboom|Wood Hammer|p1a: Zapdos\n|-resisted|p1a: Zapdos\n|-damage|p1a: Zapdos|24\/100\n|-status|p2a: Rillaboom|par|[from] ability: Static|[of] p1a: Zapdos\n|-damage|p2a: Rillaboom|47\/100 par|[from] Recoil\n|\n|-heal|p2a: Rillaboom|53\/100 par|[from] Grassy Terrain\n|upkeep\n|turn|19\n|\n|t:|1700000536\n|move|p1a: Zapdos|Heat Wave|p2a: Rillaboom|[miss]\n|-miss|p1a: Zapdos|p2a: Rillaboom\n|move|p2a: Rillaboom|Wood Hammer|p1a: Zapdos\n|-resisted|p1a: Zapdos\n|-damage|p1a: Zapdos|0 fnt\n|faint|p1a: Zapdos\n|-damage|p2a: Rillaboom|47\/100 par|[from] Recoil\n|\n|-heal|p2a: Rillaboom|53\/100 par|[from] Grassy Terrain\n|upkeep\n|\n|t:|1700000538\n|switch|p1a: Greninja|Greninja, M|100\/100\n|turn|20\n|inactive|A plague doc has 120 seconds left.\n|\n|t:|1700000551\n|switch|p2a: Zamazenta|Zamazenta|100\/100\n|-ability|p2a: Zamazenta|Dauntless Shield|boost\n|-boost|p2a: Zamazenta|def|1\n|move|p1a: Greninja|Ice Beam|p2a: Zamazenta\n|-damage|p2a: Zamazenta|69\/100\n|-damage|p1a: Greninja|91\/100|[from] item: Life Orb\n|\n|-heal|p2a: Zamazenta|75\/100|[from] Grassy Terrain\n|-heal|p2a: Zamazenta|81\/100|[from] item: Leftovers\n|-heal|p1a: Greninja|97\/100|[from] Grassy Terrain\n|upkeep\n|turn|21\n|inactive|A plague doc has 120 seconds left.\n|\n|t:|1700000564\n|switch|p1a: Gholdengo|Gholdengo|100\/100\n|move|p2a: Zamazenta|Body Press|p1a: Gholdengo\n|-immune|p1a: Gholdengo\n|\n|-heal|p2a: Zamazenta|87\/100|[from] Grassy Terrain\n|-heal|p2a: Zamazenta|94\/100|[from] item: Leftovers\n|upkeep\n|turn|22\n|\n|t:|1700000567\n|move|p2a: Zamazenta|Crunch|p1a: Gholdengo\n|-supereffective|p1a: Gholdengo\n|-damage|p1a: Gholdengo|51\/100\n|move|p1a: Gholdengo|Make It Rain|p2a: Zamazenta\n|-damage|p2a: Zamazenta|34\/100\n|-unboost|p1a: Gholdengo|spa|1\n|\n|-heal|p2a: Zamazenta|41\/100|[from] Grassy Terrain\n|-heal|p2a: Zamazenta|47\/100|[from] item: Leftovers\n|-heal|p1a: Gholdengo|57\/100|[from] Grassy Terrain\n|-fieldend|move: Grassy Terrain\n|upkeep\n|turn|23\n|\n|t:|1700000572\n|switch|p1a: Great Tusk|Great Tusk|93\/100\n|move|p2a: Zamazenta|Crunch|p1a: Great Tusk\n|-resisted|p1a: Great Tusk\n|-damage|p1a: Great Tusk|85\/100\n|\n|-heal|p2a: Zamazenta|53\/100|[from] item: Leftovers\n|upkeep\n|turn|24\n|\n|t:|1700000582\n|move|p2a: Zamazenta|Iron Defense|p2a: Zamazenta\n|-boost|p2a: Zamazenta|def|2\n|move|p1a: Great Tusk|Knock Off|p2a: Zamazenta\n|-resisted|p2a: Zamazenta\n|-damage|p2a: Zamazenta|49\/100\n|-enditem|p2a: Zamazenta|Leftovers|[from] move: Knock Off|[of] p1a: Great Tusk\n|\n|upkeep\n|turn|25\n|\n|t:|1700000586\n|move|p2a: Zamazenta|Body Press|p1a: Great Tusk\n|-damage|p1a: Great Tusk|12\/100\n|move|p1a: Great Tusk|Earthquake|p2a: Zamazenta\n|-damage|p2a: Zamazenta|34\/100\n|\n|upkeep\n|turn|26\n|\n|t:|1700000591\n|-end|p1a: Great Tusk|Protosynthesis|[silent]\n|switch|p1a: Gholdengo|Gholdengo|57\/100\n|move|p2a: Zamazenta|Crunch|p1a: Gholdengo\n|-supereffective|p1a: Gholdengo\n|-damage|p1a: Gholdengo|4\/100\n|-unboost|p1a: Gholdengo|def|1\n|\n|upkeep\n|turn|27\n|\n|t:|1700000607\n|move|p2a: Zamazenta|Heavy Slam|p1a: Gholdengo\n|-resisted|p1a: Gholdengo\n|-damage|p1a: Gholdengo|0 fnt\n|faint|p1a: Gholdengo\n|\n|upkeep\n|\n|t:|1700000613\n|switch|p1a: Greninja|Greninja, M|97\/100\n|turn|28\n|\n|t:|1700000622\n|move|p1a: Greninja|Water Shuriken|p2a: Zamazenta\n|-damage|p2a: Zamazenta|27\/100\n|-damage|p2a: Zamazenta|20\/100\n|-damage|p2a: Zamazenta|12\/100\n|-hitcount|p2a: Zamazenta|3\n|-damage|p1a: Greninja|87\/100|[from] item: Life Orb\n|move|p2a: Zamazenta|Body Press|p1a: Greninja\n|-supereffective|p1a: Greninja\n|-damage|p1a: Greninja|0 fnt\n|faint|p1a: Greninja\n|\n|upkeep\n|-message|Flanagan7 forfeited.\n|\n|win|A plague doc\n|raw|Flanagan7's rating: 1817 &rarr; <strong>1797<\/strong><br \/>(-20 for losing)\n|raw|A plague doc's rating: 1823 &rarr; <strong>1843<\/strong><br \/>(+20 for winning)\n|l|\u2606Flanagan7\n|c|\u2606A plague doc|gg\n","uploadtime":1700000741,"views":30,"p1id":"flanagan7","p2id":"aplaguedoc","formatid":"gen9ou","rating":1797,"private":0,"password":""}