{"id":"gen9ou-1995721466","p1":"Dylffen","p2":"uybluyhkjb","format":"[Gen 9] OU","log":"|j|\u2606Dylffen\n|j|\u2606uybluyhkjb\n|t:|1700597009\n|gametype|singles\n|player|p1|Dylffen|1|1052\n|player|p2|uybluyhkjb|ghetsis|1000\n|teamsize|p1|6\n|teamsize|p2|6\n|gen|9\n|tier|[Gen 9] OU\n|rated|\n|rule|Sleep Clause Mod: Limit one foe put to sleep\n|rule|Species Clause: Limit one of each Pok\u00e9mon\n|rule|OHKO Clause: OHKO moves are banned\n|rule|Evasion Items Clause: Evasion items are banned\n|rule|Evasion Moves Clause: Evasion moves are banned\n|rule|Endless Battle Clause: Forcing endless battles is banned\n|rule|HP Percentage Mod: HP is shown in percentages\n|clearpoke\n|poke|p1|Poliwrath, M|\n|poke|p1|Pelipper, F|\n|poke|p1|Overqwil, M|\n|poke|p1|Rillaboom, M|\n|poke|p1|Iron Treads|\n|poke|p1|Zapdos|\n|poke|p2|Ogerpon-Cornerstone, F|\n|poke|p2|Samurott-Hisui, F|\n|poke|p2|Iron Valiant|\n|poke|p2|Mamoswine, M|\n|poke|p2|Goodra-Hisui, F|\n|poke|p2|Skeledirge, F|\n|teampreview\n|inactive|Battle timer is ON: inactive players will automatically lose when time's up. (requested by uybluyhkjb)\n|\n|t:|1700597022\n|start\n|switch|p1a: Zapdos|Zapdos|100\/100\n|switch|p2a: Samurott|Samurott-Hisui, F|100\/100\n|turn|1\n|\n|t:|1700597032\n|move|p1a: Zapdos|Thunder|p2a: Samurott\n|-supereffective|p2a: Samurott\n|-enditem|p2a: Samurott|Focus Sash\n|-damage|p2a: Samurott|1\/100\n|move|p2a: Samurott|Ceaseless Edge|p1a: Zapdos\n|-damage|p1a: Zapdos|46\/100\n|-sidestart|p1: Dylffen|Spikes\n|\n|upkeep\n|turn|2\n|\n|t:|1700597052\n|move|p2a: Samurott|Aqua Jet|p1a: Zapdos\n|-damage|p1a: Zapdos|24\/100\n|move|p1a: Zapdos|Hurricane|p2a: Samurott\n|-damage|p2a: Samurott|0 fnt\n|faint|p2a: Samurott\n|\n|upkeep\n|\n|t:|1700597057\n|switch|p2a: Mamoswine|Mamoswine, M|100\/100\n|turn|3\n|\n|t:|1700597061\n|move|p2a: Mamoswine|Ice Shard|p1a: Zapdos\n|-supereffective|p1a: Zapdos\n|-damage|p1a: Zapdos|0 fnt\n|faint|p1a: Zapdos\n|\n|upkeep\n|\n|t:|1700597067\n|switch|p1a: Pelipper|Pelipper, F|100\/100\n|-weather|RainDance|[from] ability: Drizzle|[of] p1a: Pelipper\n|turn|4\n|\n|t:|1700597088\n|move|p2a: Mamoswine|Icicle Crash|p1a: Pelipper\n|-damage|p1a: Pelipper|56\/100\n|move|p1a: Pelipper|Surf|p2a: Mamoswine\n|-supereffective|p2a: Mamoswine\n|-damage|p2a: Mamoswine|0 fnt\n|faint|p2a: Mamoswine\n|\n|-weather|RainDance|[upkeep]\n|upkeep\n|\n|t:|1700597093\n|switch|p2a: Goodra|Goodra-Hisui, F|100\/100\n|turn|5\n|\n|t:|1700597118\n|move|p1a: Pelipper|U-turn|p2a: Goodra\n|-resisted|p2a: Goodra\n|-damage|p2a: Goodra|97\/100\n|\n|t:|1700597122\n|switch|p1a: Iron Treads|Iron Treads|100\/100|[from] U-turn\n|-damage|p1a: Iron Treads|88\/100|[from] Spikes\n|move|p2a: Goodra|Thunderbolt|p1a: Iron Treads\n|-immune|p1a: Iron Treads\n|\n|-weather|RainDance|[upkeep]\n|-heal|p2a: Goodra|100\/100|[from] item: Leftovers\n|upkeep\n|turn|6\n|\n|t:|1700597137\n|move|p1a: Iron Treads|Rapid Spin|p2a: Goodra\n|-resisted|p2a: Goodra\n|-damage|p2a: Goodra|94\/100\n|-boost|p1a: Iron Treads|spe|1\n|-sideend|p1: Dylffen|Spikes|[from] move: Rapid Spin|[of] p1a: Iron Treads\n|move|p2a: Goodra|Acid Armor|p2a: Goodra\n|-boost|p2a: Goodra|def|2\n|\n|-weather|RainDance|[upkeep]\n|-heal|p2a: Goodra|99\/100|[from] item: Leftovers\n|upkeep\n|turn|7\n|\n|t:|1700597149\n|move|p1a: Iron Treads|Earth Power|p2a: Goodra\n|-supereffective|p2a: Goodra\n|-damage|p2a: Goodra|57\/100\n|move|p2a: Goodra|Acid Armor|p2a: Goodra\n|-boost|p2a: Goodra|def|2\n|\n|-weather|RainDance|[upkeep]\n|-heal|p2a: Goodra|63\/100|[from] item: Leftovers\n|upkeep\n|turn|8\n|\n|t:|1700597155\n|move|p1a: Iron Treads|Earth Power|p2a: Goodra\n|-supereffective|p2a: Goodra\n|-damage|p2a: Goodra|16\/100\n|move|p2a: Goodra|Flash Cannon|p1a: Iron Treads\n|-resisted|p1a: Iron Treads\n|-damage|p1a: Iron Treads|68\/100\n|\n|-weather|RainDance|[upkeep]\n|-heal|p2a: Goodra|22\/100|[from] item: Leftovers\n|upkeep\n|turn|9\n|\n|t:|1700597160\n|move|p1a: Iron Treads|Earth Power|p2a: Goodra\n|-supereffective|p2a: Goodra\n|-damage|p2a: Goodra|0 fnt\n|faint|p2a: Goodra\n|\n|-weather|RainDance|[upkeep]\n|upkeep\n|\n|t:|1700597165\n|switch|p2a: Iron Valiant|Iron Valiant|100\/100\n|-enditem|p2a: Iron Valiant|Booster Energy\n|-activate|p2a: Iron Valiant|ability: Quark Drive|[fromitem]\n|-start|p2a: Iron Valiant|quarkdrivespe\n|turn|10\n|\n|t:|1700597184\n|move|p2a: Iron Valiant|Aura Sphere|p1a: Iron Treads\n|-supereffective|p1a: Iron Treads\n|-damage|p1a: Iron Treads|0 fnt\n|faint|p1a: Iron Treads\n|-end|p1a: Iron Treads|Quark Drive|[silent]\n|\n|-weather|RainDance|[upkeep]\n|upkeep\n|\n|t:|1700597195\n|switch|p1a: Rillaboom|Rillaboom, M|100\/100\n|-fieldstart|move: Grassy Terrain|[from] ability: Grassy Surge|[of] p1a: Rillaboom\n|turn|11\n|\n|t:|1700597207\n|move|p2a: Iron Valiant|Knock Off|p1a: Rillaboom\n|-damage|p1a: Rillaboom|70\/100\n|-enditem|p1a: Rillaboom|Choice Band|[from] move: Knock Off|[of] p2a: Iron Valiant\n|move|p1a: Rillaboom|U-turn|p2a: Iron Valiant\n|-resisted|p2a: Iron Valiant\n|-damage|p2a: Iron Valiant|92\/100\n|\n|t:|1700597215\n|switch|p1a: Overqwil|Overqwil, M|100\/100|[from] U-turn\n|\n|-weather|none\n|-heal|p2a: Iron Valiant|98\/100|[from] Grassy Terrain\n|upkeep\n|turn|12\n|\n|t:|1700597223\n|switch|p1a: Pelipper|Pelipper, F|56\/100\n|-weather|RainDance|[from] ability: Drizzle|[of] p1a: Pelipper\n|move|p2a: Iron Valiant|Knock Off|p1a: Pelipper\n|-damage|p1a: Pelipper|27\/100\n|-enditem|p1a: Pelipper|Damp Rock|[from] move: Knock Off|[of] p2a: Iron Valiant\n|\n|-weather|RainDance|[upkeep]\n|-heal|p2a: Iron Valiant|100\/100|[from] Grassy Terrain\n|upkeep\n|turn|13\n|\n|t:|1700597236\n|move|p2a: Iron Valiant|Moonblast|p1a: Pelipper\n|-damage|p1a: Pelipper|0 fnt\n|faint|p1a: Pelipper\n|\n|-weather|RainDance|[upkeep]\n|upkeep\n|\n|t:|1700597245\n|switch|p1a: Poliwrath|Poliwrath, M|100\/100\n|turn|14\n|\n|t:|1700597249\n|move|p2a: Iron Valiant|Moonblast|p1a: Poliwrath\n|-supereffective|p1a: Poliwrath\n|-damage|p1a: Poliwrath|0 fnt\n|faint|p1a: Poliwrath\n|\n|-weather|RainDance|[upkeep]\n|upkeep\n|\n|t:|1700597256\n|switch|p1a: Overqwil|Overqwil, M|100\/100\n|turn|15\n|\n|t:|1700597266\n|move|p1a: Overqwil|Swords Dance|p1a: Overqwil\n|-boost|p1a: Overqwil|atk|2\n|move|p2a: Iron Valiant|Knock Off|p1a: Overqwil\n|-resisted|p1a: Overqwil\n|-crit|p1a: Overqwil\n|-damage|p1a: Overqwil|77\/100\n|-enditem|p1a: Overqwil|Life Orb|[from] move: Knock Off|[of] p2a: Iron Valiant\n|\n|-weather|RainDance|[upkeep]\n|-heal|p1a: Overqwil|83\/100|[from] Grassy Terrain\n|-fieldend|move: Grassy Terrain\n|upkeep\n|turn|16\n|\n|t:|1700597277\n|move|p1a: Overqwil|Gunk Shot|p2a: Iron Valiant\n|-supereffective|p2a: Iron Valiant\n|-damage|p2a: Iron Valiant|0 fnt\n|faint|p2a: Iron Valiant\n|-end|p2a: Iron Valiant|Quark Drive|[silent]\n|\n|-weather|RainDance|[upkeep]\n|upkeep\n|\n|t:|1700597283\n|switch|p2a: Skeledirge|Skeledirge, F|100\/100\n|turn|17\n|\n|t:|1700597287\n|move|p1a: Overqwil|Liquidation|p2a: Skeledirge\n|-supereffective|p2a: Skeledirge\n|-damage|p2a: Skeledirge|31\/100\n|move|p2a: Skeledirge|Will-O-Wisp|p1a: Overqwil\n|-status|p1a: Overqwil|brn\n|\n|-weather|RainDance|[upkeep]\n|-heal|p2a: Skeledirge|37\/100|[from] item: Leftovers\n|-damage|p1a: Overqwil|77\/100 brn|[from] brn\n|upkeep\n|turn|18\n|\n|t:|1700597293\n|move|p1a: Overqwil|Liquidation|p2a: Skeledirge\n|-supereffective|p2a: Skeledirge\n|-damage|p2a: Skeledirge|2\/100\n|move|p2a: Skeledirge|Earth Power|p1a: Overqwil\n|-supereffective|p1a: Overqwil\n|-damage|p1a: Overqwil|0 fnt\n|faint|p1a: Overqwil\n|\n|-weather|RainDance|[upkeep]\n|-heal|p2a: Skeledirge|9\/100|[from] item: Leftovers\n|upkeep\n|\n|t:|1700597304\n|switch|p1a: Rillaboom|Rillaboom, M|70\/100\n|-fieldstart|move: Grassy Terrain|[from] ability: Grassy Surge|[of] p1a: Rillaboom\n|turn|19\n|\n|t:|1700597320\n|move|p1a: Rillaboom|Knock Off|p2a: Skeledirge\n|-supereffective|p2a: Skeledirge\n|-damage|p2a: Skeledirge|0 fnt\n|-enditem|p2a: Skeledirge|Leftovers|[from] move: Knock Off|[of] p1a: Rillaboom\n|faint|p2a: Skeledirge\n|\n|-weather|none\n|-heal|p1a: Rillaboom|76\/100|[from] Grassy Terrain\n|upkeep\n|\n|t:|1700597322\n|switch|p2a: Ogerpon|Ogerpon-Cornerstone, F|100\/100\n|turn|20\n|\n|t:|1700597334\n|move|p2a: Ogerpon|Ivy Cudgel|p1a: Rillaboom|[anim] Ivy Cudgel Rock\n|-damage|p1a: Rillaboom|9\/100\n|move|p1a: Rillaboom|Wood Hammer|p2a: Ogerpon\n|-ability|p2a: Ogerpon|Sturdy\n|-damage|p2a: Ogerpon|1\/100\n|-damage|p1a: Rillaboom|0 fnt|[from] Recoil\n|faint|p1a: Rillaboom\n|\n|win|uybluyhkjb\n|raw|Dylffen's rating: 1052 &rarr; <strong>1032<\/strong><br \/>(-20 for losing)\n|raw|uybluyhkjb's rating: 1000 &rarr; <strong>1046<\/strong><br \/>(+46 for winning)\n|l|\u2606uybluyhkjb\n|l|\u2606Dylffen\n","uploadtime":1700597382,"views":15,"p1id":"dylffen","p2id":"uybluyhkjb","formatid":"gen9ou","rating":1032,"private":0,"password":""}