{"id":"gen9ou-1994708650","p1":"Saimasseuh v10","p2":"Dizay69","format":"[Gen 9] OU","log":"|j|\u2606Saimasseuh v10\n|j|\u2606Dizay69\n|t:|1700484030\n|gametype|singles\n|player|p1|Saimasseuh v10|102|1837\n|player|p2|Dizay69|n|1725\n|teamsize|p1|6\n|teamsize|p2|6\n|gen|9\n|tier|[Gen 9] OU\n|rated|\n|rule|Sleep Clause Mod: Limit one foe put to sleep\n|rule|Species Clause: Limit one of each Pok\u00e9mon\n|rule|OHKO Clause: OHKO moves are banned\n|rule|Evasion Items Clause: Evasion items are banned\n|rule|Evasion Moves Clause: Evasion moves are banned\n|rule|Endless Battle Clause: Forcing endless battles is banned\n|rule|HP Percentage Mod: HP is shown in percentages\n|clearpoke\n|poke|p1|Ting-Lu|\n|poke|p1|Iron Valiant|\n|poke|p1|Clodsire, F|\n|poke|p1|Dragonite, F|\n|poke|p1|Gholdengo|\n|poke|p1|Great Tusk|\n|poke|p2|Meowscarada, M|\n|poke|p2|Great Tusk|\n|poke|p2|Clefable, M|\n|poke|p2|Gholdengo|\n|poke|p2|Iron Valiant|\n|poke|p2|Dragapult, M|\n|teampreview\n|inactive|Battle timer is ON: inactive players will automatically lose when time's up. (requested by Saimasseuh v10)\n|j| gosuBX\n|\n|t:|1700484044\n|start\n|switch|p1a: Clodsire|Clodsire, F|100\/100\n|switch|p2a: BXL Zoo|Meowscarada, M|100\/100\n|turn|1\n|\n|t:|1700484047\n|move|p2a: BXL Zoo|Knock Off|p1a: Clodsire\n|-start|p2a: BXL Zoo|typechange|Dark|[from] ability: Protean\n|-damage|p1a: Clodsire|48\/100\n|-enditem|p1a: Clodsire|Black Sludge|[from] move: Knock Off|[of] p2a: BXL Zoo\n|move|p1a: Clodsire|Poison Jab|p2a: BXL Zoo\n|-damage|p2a: BXL Zoo|66\/100\n|\n|upkeep\n|turn|2\n|\n|t:|1700484055\n|switch|p2a: Deux fr\u00e8res|Great Tusk|100\/100\n|move|p1a: Clodsire|Recover|p1a: Clodsire\n|-heal|p1a: Clodsire|98\/100\n|\n|upkeep\n|turn|3\n|\n|t:|1700484058\n|switch|p1a: Iron Valiant|Iron Valiant|100\/100\n|move|p2a: Deux fr\u00e8res|Stealth Rock|p1a: Iron Valiant\n|-sidestart|p1: Saimasseuh v10|move: Stealth Rock\n|\n|upkeep\n|turn|4\n|\n|t:|1700484063\n|-end|p2a: Deux fr\u00e8res|Protosynthesis|[silent]\n|switch|p2a: 7 rings|Clefable, M|100\/100\n|move|p1a: Iron Valiant|Shadow Ball|p2a: 7 rings\n|-damage|p2a: 7 rings|56\/100\n|\n|-heal|p2a: 7 rings|62\/100|[from] item: Leftovers\n|upkeep\n|turn|5\n|\n|t:|1700484069\n|-end|p1a: Iron Valiant|Quark Drive|[silent]\n|switch|p1a: Clodsire|Clodsire, F|98\/100\n|-damage|p1a: Clodsire|92\/100|[from] Stealth Rock\n|move|p2a: 7 rings|Wish|p2a: 7 rings\n|\n|-heal|p2a: 7 rings|69\/100|[from] item: Leftovers\n|upkeep\n|turn|6\n|\n|t:|1700484072\n|switch|p2a: BXL Zoo|Meowscarada, M|66\/100\n|move|p1a: Clodsire|Toxic Spikes|p2a: BXL Zoo\n|-sidestart|p2: Dizay69|move: Toxic Spikes\n|\n|-heal|p2a: BXL Zoo|100\/100|[from] move: Wish|[wisher] 7 rings\n|upkeep\n|turn|7\n|\n|t:|1700484075\n|move|p2a: BXL Zoo|Flower Trick|p1a: Clodsire\n|-start|p2a: BXL Zoo|typechange|Grass|[from] ability: Protean\n|-crit|p1a: Clodsire\n|-damage|p1a: Clodsire|41\/100\n|move|p1a: Clodsire|Poison Jab|p2a: BXL Zoo\n|-supereffective|p2a: BXL Zoo\n|-damage|p2a: BXL Zoo|28\/100\n|\n|upkeep\n|turn|8\n|j| nefario labs\n|\n|t:|1700484083\n|-terastallize|p1a: Clodsire|Poison\n|move|p2a: BXL Zoo|Flower Trick|p1a: Clodsire\n|-resisted|p1a: Clodsire\n|-crit|p1a: Clodsire\n|-damage|p1a: Clodsire|12\/100\n|move|p1a: Clodsire|Recover|p1a: Clodsire\n|-heal|p1a: Clodsire|62\/100\n|\n|upkeep\n|turn|9\n|j| Jeanmilapipe\n|\n|t:|1700484089\n|switch|p2a: Maladresse|Gholdengo|100\/100\n|move|p1a: Clodsire|Recover|p1a: Clodsire\n|-heal|p1a: Clodsire|100\/100\n|\n|upkeep\n|turn|10\n|\n|t:|1700484095\n|move|p2a: Maladresse|Trick|p1a: Clodsire\n|-activate|p2a: Maladresse|move: Trick|[of] p1a: Clodsire\n|-item|p1a: Clodsire|Choice Scarf|[from] move: Trick\n|-enditem|p2a: Maladresse|Choice Scarf|[silent]|[from] move: Trick\n|move|p1a: Clodsire|Earthquake|p2a: Maladresse\n|-supereffective|p2a: Maladresse\n|-damage|p2a: Maladresse|41\/100\n|\n|upkeep\n|turn|11\n|\n|t:|1700484099\n|switch|p2a: 7 rings|Clefable, M|69\/100\n|-status|p2a: 7 rings|psn\n|move|p1a: Clodsire|Earthquake|p2a: 7 rings\n|-damage|p2a: 7 rings|48\/100 psn\n|\n|-heal|p2a: 7 rings|54\/100 psn|[from] item: Leftovers\n|upkeep\n|turn|12\n|\n|t:|1700484105\n|switch|p1a: Iron Valiant|Iron Valiant|100\/100\n|-damage|p1a: Iron Valiant|94\/100|[from] Stealth Rock\n|move|p2a: 7 rings|Wish|p2a: 7 rings\n|\n|-heal|p2a: 7 rings|60\/100 psn|[from] item: Leftovers\n|upkeep\n|turn|13\n|\n|t:|1700484110\n|-end|p1a: Iron Valiant|Quark Drive|[silent]\n|switch|p1a: Ting-Lu|Ting-Lu|100\/100\n|-damage|p1a: Ting-Lu|94\/100|[from] Stealth Rock\n|-ability|p1a: Ting-Lu|Vessel of Ruin\n|move|p2a: 7 rings|Protect||[still]\n|-fail|p2a: 7 rings\n|\n|-heal|p2a: 7 rings|100\/100 psn|[from] move: Wish|[wisher] 7 rings\n|-heal|p1a: Ting-Lu|100\/100|[from] item: Leftovers\n|upkeep\n|turn|14\n|\n|t:|1700484114\n|move|p2a: 7 rings|Moonblast|p1a: Ting-Lu\n|-supereffective|p1a: Ting-Lu\n|-damage|p1a: Ting-Lu|74\/100\n|move|p1a: Ting-Lu|Stealth Rock|p2a: 7 rings\n|-sidestart|p2: Dizay69|move: Stealth Rock\n|\n|-heal|p1a: Ting-Lu|81\/100|[from] item: Leftovers\n|upkeep\n|turn|15\n|\n|t:|1700484118\n|move|p2a: 7 rings|Moonblast|p1a: Ting-Lu\n|-supereffective|p1a: Ting-Lu\n|-damage|p1a: Ting-Lu|55\/100\n|move|p1a: Ting-Lu|Spikes|p2a: 7 rings\n|-sidestart|p2: Dizay69|Spikes\n|\n|-heal|p1a: Ting-Lu|61\/100|[from] item: Leftovers\n|upkeep\n|turn|16\n|\n|t:|1700484128\n|switch|p1a: Clodsire|Clodsire, F, tera:Poison|100\/100\n|-damage|p1a: Clodsire|88\/100|[from] Stealth Rock\n|move|p2a: 7 rings|Moonblast|p1a: Clodsire\n|-resisted|p1a: Clodsire\n|-damage|p1a: Clodsire|76\/100\n|-unboost|p1a: Clodsire|spa|1\n|\n|upkeep\n|turn|17\n|\n|t:|1700484136\n|move|p2a: 7 rings|Protect|p2a: 7 rings\n|-singleturn|p2a: 7 rings|Protect\n|move|p1a: Clodsire|Earthquake|p2a: 7 rings\n|-activate|p2a: 7 rings|move: Protect\n|\n|upkeep\n|turn|18\n|inactive|Dizay69 has 120 seconds left.\n|\n|t:|1700484184\n|switch|p2a: Deux fr\u00e8res|Great Tusk|100\/100\n|-status|p2a: Deux fr\u00e8res|psn\n|-damage|p2a: Deux fr\u00e8res|98\/100 psn|[from] Stealth Rock\n|-damage|p2a: Deux fr\u00e8res|85\/100 psn|[from] Spikes\n|switch|p1a: Gholdengo|Gholdengo|100\/100\n|-damage|p1a: Gholdengo|94\/100|[from] Stealth Rock\n|\n|-heal|p2a: Deux fr\u00e8res|91\/100 psn|[from] item: Leftovers\n|-damage|p2a: Deux fr\u00e8res|79\/100 psn|[from] psn\n|upkeep\n|turn|19\n|j| dfghhhg\n|j| mew852\n|j| OUVT Zamorakism\n|\n|t:|1700484202\n|move|p1a: Gholdengo|Make It Rain|p2a: Deux fr\u00e8res\n|-damage|p2a: Deux fr\u00e8res|12\/100 psn\n|-unboost|p1a: Gholdengo|spa|1\n|move|p2a: Deux fr\u00e8res|Earthquake|p1a: Gholdengo\n|-supereffective|p1a: Gholdengo\n|-damage|p1a: Gholdengo|12\/100\n|\n|-heal|p2a: Deux fr\u00e8res|18\/100 psn|[from] item: Leftovers\n|-damage|p2a: Deux fr\u00e8res|6\/100 psn|[from] psn\n|upkeep\n|turn|20\n|\n|t:|1700484214\n|move|p1a: Gholdengo|Make It Rain|p2a: Deux fr\u00e8res\n|-damage|p2a: Deux fr\u00e8res|0 fnt\n|-unboost|p1a: Gholdengo|spa|1\n|faint|p2a: Deux fr\u00e8res\n|-end|p2a: Deux fr\u00e8res|Protosynthesis|[silent]\n|\n|upkeep\n|\n|t:|1700484217\n|switch|p2a: BXL Zoo|Meowscarada, M|28\/100\n|-status|p2a: BXL Zoo|psn\n|-damage|p2a: BXL Zoo|16\/100 psn|[from] Stealth Rock\n|-damage|p2a: BXL Zoo|4\/100 psn|[from] Spikes\n|turn|21\n|\n|t:|1700484223\n|switch|p1a: Clodsire|Clodsire, F, tera:Poison|76\/100\n|-damage|p1a: Clodsire|64\/100|[from] Stealth Rock\n|move|p2a: BXL Zoo|Flower Trick|p1a: Clodsire\n|-start|p2a: BXL Zoo|typechange|Grass|[from] ability: Protean\n|-resisted|p1a: Clodsire\n|-crit|p1a: Clodsire\n|-damage|p1a: Clodsire|39\/100\n|\n|-damage|p2a: BXL Zoo|0 fnt|[from] psn\n|faint|p2a: BXL Zoo\n|upkeep\n|-message|Dizay69 forfeited.\n|\n|win|Saimasseuh v10\n|raw|Saimasseuh v10's rating: 1837 &rarr; <strong>1851<\/strong><br \/>(+14 for winning)\n|raw|Dizay69's rating: 1725 &rarr; <strong>1711<\/strong><br \/>(-14 for losing)\n|l|\u2606Dizay69\n|l|\u2606Saimasseuh v10\n|l| nefario labs\n|l| gosuBX\n","uploadtime":1700484318,"views":5,"p1id":"saimasseuhv10","p2id":"dizay69","formatid":"gen9ou","rating":1711,"private":0,"password":""}