{"id":"gen9ou-1988544516","p1":"Beeeeg Birb","p2":"Granny Pie","format":"[Gen 9] OU","log":"|j|\u2606Beeeeg Birb\n|j|\u2606Granny Pie\n|t:|1699734398\n|gametype|singles\n|player|p1|Beeeeg Birb|ash|1329\n|player|p2|Granny Pie|medium|1354\n|teamsize|p1|6\n|teamsize|p2|6\n|gen|9\n|tier|[Gen 9] OU\n|rated|\n|rule|Sleep Clause Mod: Limit one foe put to sleep\n|rule|Species Clause: Limit one of each Pok\u00e9mon\n|rule|OHKO Clause: OHKO moves are banned\n|rule|Evasion Items Clause: Evasion items are banned\n|rule|Evasion Moves Clause: Evasion moves are banned\n|rule|Endless Battle Clause: Forcing endless battles is banned\n|rule|HP Percentage Mod: HP is shown in percentages\n|clearpoke\n|poke|p1|Alomomola, F|\n|poke|p1|Gholdengo|\n|poke|p1|Zoroark-Hisui, F|\n|poke|p1|Regidrago|\n|poke|p1|Ribombee, M|\n|poke|p1|Ogerpon-Wellspring, F|\n|poke|p2|Landorus-Therian, M|\n|poke|p2|Slowking-Galar, F|\n|poke|p2|Enamorus, F|\n|poke|p2|Dragapult, F|\n|poke|p2|Zapdos|\n|poke|p2|Dragonite, F|\n|teampreview\n|\n|t:|1699734420\n|start\n|switch|p1a: Ribombee|Ribombee, M|100\/100\n|switch|p2a: Dragapult|Dragapult, F|100\/100\n|turn|1\n|\n|t:|1699734431\n|move|p2a: Dragapult|Substitute|p2a: Dragapult\n|-start|p2a: Dragapult|Substitute\n|-damage|p2a: Dragapult|76\/100\n|move|p1a: Ribombee|Sticky Web|p2a: Dragapult\n|-sidestart|p2: Granny Pie|move: Sticky Web\n|\n|-heal|p2a: Dragapult|82\/100|[from] item: Leftovers\n|upkeep\n|turn|2\n|\n|t:|1699734439\n|move|p2a: Dragapult|Phantom Force||[still]\n|-prepare|p2a: Dragapult|Phantom Force\n|move|p1a: Ribombee|Moonblast|p2a: Dragapult|[miss]\n|-miss|p1a: Ribombee|p2a: Dragapult\n|\n|-heal|p2a: Dragapult|88\/100|[from] item: Leftovers\n|upkeep\n|turn|3\n|\n|t:|1699734466\n|move|p2a: Dragapult|Phantom Force|p1a: Ribombee|[from]lockedmove\n|-enditem|p1a: Ribombee|Focus Sash\n|-damage|p1a: Ribombee|1\/100\n|move|p1a: Ribombee|Moonblast|p2a: Dragapult\n|-supereffective|p2a: Dragapult\n|-end|p2a: Dragapult|Substitute\n|\n|-heal|p2a: Dragapult|94\/100|[from] item: Leftovers\n|upkeep\n|turn|4\n|\n|t:|1699734476\n|move|p2a: Dragapult|Phantom Force||[still]\n|-prepare|p2a: Dragapult|Phantom Force\n|move|p1a: Ribombee|Moonblast|p2a: Dragapult|[miss]\n|-miss|p1a: Ribombee|p2a: Dragapult\n|\n|-heal|p2a: Dragapult|99\/100|[from] item: Leftovers\n|upkeep\n|turn|5\n|\n|t:|1699734488\n|switch|p1a: Alomomola|Alomomola, F|100\/100\n|move|p2a: Dragapult|Phantom Force|p1a: Alomomola|[from]lockedmove\n|-damage|p1a: Alomomola|78\/100\n|-damage|p2a: Dragapult|83\/100|[from] item: Rocky Helmet|[of] p1a: Alomomola\n|\n|-heal|p2a: Dragapult|89\/100|[from] item: Leftovers\n|upkeep\n|turn|6\n|\n|t:|1699734497\n|move|p2a: Dragapult|Substitute|p2a: Dragapult\n|-start|p2a: Dragapult|Substitute\n|-damage|p2a: Dragapult|64\/100\n|move|p1a: Alomomola|Flip Turn|p2a: Dragapult\n|-resisted|p2a: Dragapult\n|-activate|p2a: Dragapult|move: Substitute|[damage]\n|\n|t:|1699734515\n|switch|p1a: Gholdengo|Gholdengo|100\/100|[from] Flip Turn\n|\n|-heal|p2a: Dragapult|70\/100|[from] item: Leftovers\n|upkeep\n|turn|7\n|\n|t:|1699734525\n|move|p1a: Gholdengo|Shadow Ball|p2a: Dragapult\n|-supereffective|p2a: Dragapult\n|-end|p2a: Dragapult|Substitute\n|move|p2a: Dragapult|Dragon Darts|p1a: Gholdengo\n|-resisted|p1a: Gholdengo\n|-damage|p1a: Gholdengo|86\/100\n|-anim|p2a: Dragapult|Dragon Darts|p1a: Gholdengo\n|-resisted|p1a: Gholdengo\n|-damage|p1a: Gholdengo|72\/100\n|\n|-heal|p2a: Dragapult|76\/100|[from] item: Leftovers\n|upkeep\n|turn|8\n|\n|t:|1699734566\n|-terastallize|p2a: Dragapult|Dragon\n|move|p1a: Gholdengo|Shadow Ball|p2a: Dragapult\n|-damage|p2a: Dragapult|14\/100\n|move|p2a: Dragapult|Phantom Force||[still]\n|-prepare|p2a: Dragapult|Phantom Force\n|\n|-heal|p2a: Dragapult|20\/100|[from] item: Leftovers\n|upkeep\n|turn|9\n|\n|t:|1699734577\n|switch|p1a: Alomomola|Alomomola, F|100\/100\n|move|p2a: Dragapult|Phantom Force|p1a: Alomomola|[from]lockedmove\n|-damage|p1a: Alomomola|76\/100\n|-damage|p2a: Dragapult|4\/100|[from] item: Rocky Helmet|[of] p1a: Alomomola\n|\n|-heal|p2a: Dragapult|10\/100|[from] item: Leftovers\n|upkeep\n|turn|10\n|\n|t:|1699734594\n|move|p2a: Dragapult|Dragon Dance|p2a: Dragapult\n|-boost|p2a: Dragapult|atk|1\n|-boost|p2a: Dragapult|spe|1\n|move|p1a: Alomomola|Wish|p1a: Alomomola\n|\n|-heal|p2a: Dragapult|16\/100|[from] item: Leftovers\n|upkeep\n|turn|11\n|\n|t:|1699734603\n|move|p2a: Dragapult|Dragon Dance|p2a: Dragapult\n|-boost|p2a: Dragapult|atk|1\n|-boost|p2a: Dragapult|spe|1\n|move|p1a: Alomomola|Whirlpool|p2a: Dragapult\n|-resisted|p2a: Dragapult\n|-damage|p2a: Dragapult|12\/100\n|-activate|p2a: Dragapult|move: Whirlpool|[of] p1a: Alomomola\n|\n|-heal|p1a: Alomomola|100\/100|[from] move: Wish|[wisher] Alomomola\n|-heal|p2a: Dragapult|18\/100|[from] item: Leftovers\n|-damage|p2a: Dragapult|6\/100|[from] move: Whirlpool|[partiallytrapped]\n|upkeep\n|turn|12\n|\n|t:|1699734617\n|move|p1a: Alomomola|Protect|p1a: Alomomola\n|-singleturn|p1a: Alomomola|Protect\n|move|p2a: Dragapult|Dragon Darts|p1a: Alomomola\n|-activate|p1a: Alomomola|move: Protect\n|\n|-heal|p2a: Dragapult|12\/100|[from] item: Leftovers\n|-damage|p2a: Dragapult|0 fnt|[from] move: Whirlpool|[partiallytrapped]\n|faint|p2a: Dragapult\n|upkeep\n|\n|t:|1699734623\n|switch|p2a: Slowking|Slowking-Galar, F|100\/100\n|turn|13\n|\n|t:|1699734628\n|move|p1a: Alomomola|Flip Turn|p2a: Slowking\n|-damage|p2a: Slowking|88\/100\n|\n|t:|1699734639\n|switch|p1a: Ribombee|Ribombee, M|1\/100|[from] Flip Turn\n|move|p2a: Slowking|Future Sight|p1a: Ribombee\n|-start|p2a: Slowking|move: Future Sight\n|\n|upkeep\n|turn|14\n|\n|t:|1699734649\n|move|p1a: Ribombee|Bug Buzz|p2a: Slowking\n|-damage|p2a: Slowking|58\/100\n|move|p2a: Slowking|Sludge Bomb|p1a: Ribombee\n|-supereffective|p1a: Ribombee\n|-damage|p1a: Ribombee|0 fnt\n|faint|p1a: Ribombee\n|\n|upkeep\n|\n|t:|1699734661\n|switch|p1a: Gholdengo|Gholdengo|72\/100\n|turn|15\n|\n|t:|1699734679\n|switch|p2a: Landorus|Landorus-Therian, M|100\/100\n|-ability|p2a: Landorus|Intimidate|boost\n|-unboost|p1a: Gholdengo|atk|1\n|move|p1a: Gholdengo|Shadow Ball|p2a: Landorus\n|-damage|p2a: Landorus|45\/100\n|\n|-end|p1a: Gholdengo|move: Future Sight\n|-resisted|p1a: Gholdengo\n|-damage|p1a: Gholdengo|47\/100\n|upkeep\n|turn|16\n|\n|t:|1699734691\n|move|p2a: Landorus|Earthquake|p1a: Gholdengo\n|-supereffective|p1a: Gholdengo\n|-damage|p1a: Gholdengo|0 fnt\n|faint|p1a: Gholdengo\n|\n|upkeep\n|\n|t:|1699734722\n|switch|p1a: Ogerpon|Ogerpon-Wellspring, F|100\/100\n|turn|17\n|\n|t:|1699734730\n|switch|p2a: Dragonite|Dragonite, F|100\/100\n|move|p1a: Ogerpon|Focus Energy|p1a: Ogerpon\n|-start|p1a: Ogerpon|move: Focus Energy\n|\n|upkeep\n|turn|18\n|\n|t:|1699734744\n|move|p2a: Dragonite|Extreme Speed|p1a: Ogerpon\n|-damage|p1a: Ogerpon|40\/100\n|move|p1a: Ogerpon|Knock Off|p2a: Dragonite\n|-crit|p2a: Dragonite\n|-damage|p2a: Dragonite|66\/100\n|-enditem|p2a: Dragonite|Choice Band|[from] move: Knock Off|[of] p1a: Ogerpon\n|\n|upkeep\n|turn|19\n|\n|t:|1699734756\n|move|p1a: Ogerpon|Ivy Cudgel|p2a: Dragonite\n|-resisted|p2a: Dragonite\n|-crit|p2a: Dragonite\n|-damage|p2a: Dragonite|12\/100\n|move|p2a: Dragonite|Outrage|p1a: Ogerpon\n|-damage|p1a: Ogerpon|0 fnt\n|faint|p1a: Ogerpon\n|\n|upkeep\n|\n|t:|1699734767\n|switch|p1a: Regidrago|Regidrago|100\/100\n|turn|20\n|\n|t:|1699734772\n|move|p1a: Regidrago|Shadow Sneak|p2a: Dragonite\n|-damage|p2a: Dragonite|0 fnt\n|faint|p2a: Dragonite\n|-damage|p1a: Regidrago|91\/100|[from] item: Life Orb\n|\n|upkeep\n|\n|t:|1699734781\n|switch|p2a: Slowking|Slowking-Galar, F|91\/100\n|turn|21\n|\n|t:|1699734785\n|move|p1a: Regidrago|Shadow Ball|p2a: Slowking\n|-supereffective|p2a: Slowking\n|-damage|p2a: Slowking|3\/100\n|-damage|p1a: Regidrago|81\/100|[from] item: Life Orb\n|move|p2a: Slowking|Thunder Wave|p1a: Regidrago\n|-status|p1a: Regidrago|par\n|\n|upkeep\n|turn|22\n|\n|t:|1699734797\n|cant|p1a: Regidrago|par\n|move|p2a: Slowking|Future Sight|p1a: Regidrago\n|-start|p2a: Slowking|move: Future Sight\n|\n|upkeep\n|turn|23\n|inactive|Battle timer is ON: inactive players will automatically lose when time's up. (requested by Beeeeg Birb)\n|\n|t:|1699734801\n|move|p1a: Regidrago|Shadow Sneak|p2a: Slowking\n|-supereffective|p2a: Slowking\n|-damage|p2a: Slowking|0 fnt\n|faint|p2a: Slowking\n|-damage|p1a: Regidrago|71\/100 par|[from] item: Life Orb\n|\n|upkeep\n|\n|t:|1699734809\n|switch|p2a: Enamorus|Enamorus, F|100\/100\n|turn|24\n|\n|t:|1699734818\n|move|p2a: Enamorus|Moonblast|p1a: Regidrago\n|-damage|p1a: Regidrago|0 fnt\n|replace|p1a: Zoroark|Zoroark-Hisui, F\n|-end|p1a: Zoroark|Illusion\n|faint|p1a: Zoroark\n|\n|-hint|Future Sight did not hit because the target is fainted.\n|upkeep\n|\n|t:|1699734834\n|switch|p1a: Regidrago|Regidrago|100\/100\n|turn|25\n|\n|t:|1699734839\n|-terastallize|p1a: Regidrago|Steel\n|move|p2a: Enamorus|Moonblast|p1a: Regidrago\n|-resisted|p1a: Regidrago\n|-damage|p1a: Regidrago|57\/100\n|move|p1a: Regidrago|Dragon Dance|p1a: Regidrago\n|-boost|p1a: Regidrago|atk|1\n|-boost|p1a: Regidrago|spe|1\n|\n|upkeep\n|turn|26\n|\n|t:|1699734854\n|switch|p2a: Landorus|Landorus-Therian, M|45\/100\n|-ability|p2a: Landorus|Intimidate|boost\n|-unboost|p1a: Regidrago|atk|1\n|move|p1a: Regidrago|Tera Blast|p2a: Landorus|[anim] Tera Blast Steel\n|-damage|p2a: Landorus|1\/100\n|\n|upkeep\n|turn|27\n|\n|t:|1699734867\n|switch|p1a: Alomomola|Alomomola, F|100\/100\n|move|p2a: Landorus|Earthquake|p1a: Alomomola\n|-damage|p1a: Alomomola|72\/100\n|\n|upkeep\n|turn|28\n|\n|t:|1699734876\n|switch|p2a: Zapdos|Zapdos|100\/100\n|move|p1a: Alomomola|Wish|p1a: Alomomola\n|\n|upkeep\n|turn|29\n|\n|t:|1699734881\n|move|p2a: Zapdos|Thunderbolt|p1a: Alomomola\n|-supereffective|p1a: Alomomola\n|-damage|p1a: Alomomola|0 fnt\n|faint|p1a: Alomomola\n|\n|upkeep\n|\n|t:|1699734886\n|switch|p1a: Regidrago|Regidrago, tera:Steel|57\/100\n|turn|30\n|\n|t:|1699734891\n|move|p2a: Zapdos|Volt Switch|p1a: Regidrago\n|-damage|p1a: Regidrago|18\/100\n|\n|t:|1699734894\n|switch|p2a: Landorus|Landorus-Therian, M|1\/100|[from] Volt Switch\n|-ability|p2a: Landorus|Intimidate|boost\n|-unboost|p1a: Regidrago|atk|1\n|move|p1a: Regidrago|Dragon Dance|p1a: Regidrago\n|-boost|p1a: Regidrago|atk|1\n|-boost|p1a: Regidrago|spe|1\n|\n|upkeep\n|turn|31\n|\n|t:|1699734916\n|move|p2a: Landorus|Earthquake|p1a: Regidrago\n|-supereffective|p1a: Regidrago\n|-damage|p1a: Regidrago|0 fnt\n|faint|p1a: Regidrago\n|\n|win|Granny Pie\n|raw|Beeeeg Birb's rating: 1329 &rarr; <strong>1310<\/strong><br \/>(-19 for losing)\n|raw|Granny Pie's rating: 1354 &rarr; <strong>1373<\/strong><br \/>(+19 for winning)\n","uploadtime":1699734920,"views":12,"p1id":"beeeegbirb","p2id":"grannypie","formatid":"gen9ou","rating":1310,"private":0,"password":""}