{"id":"gen9ou-1992041918","p1":"This-Fcucking-Guy","p2":"GrassyStandard","format":"[Gen 9] OU","log":"|j|\u2606This-Fcucking-Guy\n|j|\u2606GrassyStandard\n|t:|1700150184\n|gametype|singles\n|player|p1|This-Fcucking-Guy|266|1050\n|player|p2|GrassyStandard|koga|1101\n|teamsize|p1|6\n|teamsize|p2|6\n|gen|9\n|tier|[Gen 9] OU\n|rated|\n|rule|Sleep Clause Mod: Limit one foe put to sleep\n|rule|Species Clause: Limit one of each Pok\u00e9mon\n|rule|OHKO Clause: OHKO moves are banned\n|rule|Evasion Items Clause: Evasion items are banned\n|rule|Evasion Moves Clause: Evasion moves are banned\n|rule|Endless Battle Clause: Forcing endless battles is banned\n|rule|HP Percentage Mod: HP is shown in percentages\n|clearpoke\n|poke|p1|Scizor, M|\n|poke|p1|Kleavor, F|\n|poke|p1|Slither Wing|\n|poke|p1|Frosmoth, F|\n|poke|p1|Rabsca, M|\n|poke|p1|Ariados, F|\n|poke|p2|Ogerpon-Wellspring, F|\n|poke|p2|Rillaboom, F|\n|poke|p2|Sneasler, M|\n|poke|p2|Zamazenta-*|\n|poke|p2|Hatterene, F|\n|poke|p2|Heatran, F|\n|teampreview\n|\n|t:|1700150194\n|start\n|switch|p1a: Eyelash On Fleek|Frosmoth, F|100\/100\n|switch|p2a: Monke|Rillaboom, F|100\/100\n|-fieldstart|move: Grassy Terrain|[from] ability: Grassy Surge|[of] p2a: Monke\n|turn|1\n|\n|t:|1700150202\n|move|p1a: Eyelash On Fleek|Quiver Dance|p1a: Eyelash On Fleek\n|-boost|p1a: Eyelash On Fleek|spa|1\n|-boost|p1a: Eyelash On Fleek|spd|1\n|-boost|p1a: Eyelash On Fleek|spe|1\n|move|p2a: Monke|U-turn|p1a: Eyelash On Fleek\n|-damage|p1a: Eyelash On Fleek|33\/100\n|\n|t:|1700150208\n|switch|p2a: GoldenGun|Sneasler, M, shiny|100\/100|[from] U-turn\n|-enditem|p2a: GoldenGun|Grassy Seed\n|-boost|p2a: GoldenGun|def|1|[from] item: Grassy Seed\n|\n|-heal|p1a: Eyelash On Fleek|39\/100|[from] Grassy Terrain\n|upkeep\n|turn|2\n|inactive|Battle timer is ON: inactive players will automatically lose when time's up. (requested by GrassyStandard)\n|\n|t:|1700150221\n|move|p2a: GoldenGun|Dire Claw|p1a: Eyelash On Fleek\n|-damage|p1a: Eyelash On Fleek|0 fnt\n|faint|p1a: Eyelash On Fleek\n|\n|upkeep\n|\n|t:|1700150230\n|switch|p1a: Iron-Man|Scizor, M|100\/100\n|turn|3\n|\n|t:|1700150241\n|move|p2a: GoldenGun|Close Combat|p1a: Iron-Man\n|-damage|p1a: Iron-Man|29\/100\n|-unboost|p2a: GoldenGun|def|1\n|-unboost|p2a: GoldenGun|spd|1\n|move|p1a: Iron-Man|Swords Dance|p1a: Iron-Man\n|-boost|p1a: Iron-Man|atk|2\n|\n|-heal|p1a: Iron-Man|35\/100|[from] Grassy Terrain\n|upkeep\n|turn|4\n|inactive|This-Fcucking-Guy has 120 seconds left.\n|\n|t:|1700150274\n|move|p2a: GoldenGun|Close Combat|p1a: Iron-Man\n|-damage|p1a: Iron-Man|0 fnt\n|-unboost|p2a: GoldenGun|def|1\n|-unboost|p2a: GoldenGun|spd|1\n|faint|p1a: Iron-Man\n|\n|upkeep\n|inactive|This-Fcucking-Guy has 120 seconds left.\n|\n|t:|1700150286\n|switch|p1a: Slytherin|Slither Wing|100\/100\n|-enditem|p1a: Slytherin|Booster Energy\n|-activate|p1a: Slytherin|ability: Protosynthesis|[fromitem]\n|-start|p1a: Slytherin|protosynthesisatk\n|turn|5\n|inactive|This-Fcucking-Guy has 120 seconds left.\n|\n|t:|1700150293\n|move|p2a: GoldenGun|Dire Claw|p1a: Slytherin\n|-crit|p1a: Slytherin\n|-damage|p1a: Slytherin|15\/100\n|move|p1a: Slytherin|Bulk Up|p1a: Slytherin\n|-boost|p1a: Slytherin|atk|1\n|-boost|p1a: Slytherin|def|1\n|\n|-heal|p1a: Slytherin|21\/100|[from] Grassy Terrain\n|-fieldend|move: Grassy Terrain\n|upkeep\n|turn|6\n|inactive|This-Fcucking-Guy has 120 seconds left.\n|\n|t:|1700150304\n|move|p2a: GoldenGun|Dire Claw|p1a: Slytherin\n|-damage|p1a: Slytherin|0 fnt\n|faint|p1a: Slytherin\n|-end|p1a: Slytherin|Protosynthesis|[silent]\n|\n|upkeep\n|inactive|This-Fcucking-Guy has 120 seconds left.\n|\n|t:|1700150309\n|switch|p1a: Spider-Man|Ariados, F|100\/100\n|turn|7\n|\n|t:|1700150319\n|switch|p2a: ShineBright|Heatran, F|100\/100\n|-item|p2a: ShineBright|Air Balloon\n|move|p1a: Spider-Man|Agility|p1a: Spider-Man\n|-boost|p1a: Spider-Man|spe|2\n|\n|upkeep\n|turn|8\n|\n|t:|1700150329\n|move|p1a: Spider-Man|Sucker Punch|p2a: ShineBright\n|-crit|p2a: ShineBright\n|-damage|p2a: ShineBright|63\/100\n|-enditem|p2a: ShineBright|Air Balloon\n|move|p2a: ShineBright|Magma Storm|p1a: Spider-Man|[miss]\n|-miss|p2a: ShineBright|p1a: Spider-Man\n|\n|upkeep\n|turn|9\n|\n|t:|1700150339\n|move|p1a: Spider-Man|Sucker Punch||[still]\n|-fail|p1a: Spider-Man\n|move|p2a: ShineBright|Will-O-Wisp|p1a: Spider-Man|[miss]\n|-miss|p2a: ShineBright|p1a: Spider-Man\n|\n|upkeep\n|turn|10\n|\n|t:|1700150347\n|move|p1a: Spider-Man|Sucker Punch||[still]\n|-fail|p1a: Spider-Man\n|move|p2a: ShineBright|Will-O-Wisp|p1a: Spider-Man\n|-status|p1a: Spider-Man|brn\n|\n|-damage|p1a: Spider-Man|94\/100 brn|[from] brn\n|upkeep\n|turn|11\n|\n|t:|1700150355\n|move|p1a: Spider-Man|Sucker Punch|p2a: ShineBright\n|-damage|p2a: ShineBright|55\/100\n|move|p2a: ShineBright|Earth Power|p1a: Spider-Man\n|-damage|p1a: Spider-Man|50\/100 brn\n|\n|-damage|p1a: Spider-Man|44\/100 brn|[from] brn\n|upkeep\n|turn|12\n|\n|t:|1700150365\n|move|p1a: Spider-Man|Sucker Punch|p2a: ShineBright\n|-damage|p2a: ShineBright|45\/100\n|move|p2a: ShineBright|Earth Power|p1a: Spider-Man\n|-damage|p1a: Spider-Man|1\/100 brn\n|\n|-damage|p1a: Spider-Man|0 fnt|[from] brn\n|faint|p1a: Spider-Man\n|upkeep\n|\n|t:|1700150374\n|switch|p1a: Clever|Kleavor, F|100\/100\n|turn|13\n|\n|t:|1700150378\n|switch|p2a: PinkyPie|Zamazenta, shiny|100\/100\n|-ability|p2a: PinkyPie|Dauntless Shield|boost\n|-boost|p2a: PinkyPie|def|1\n|move|p1a: Clever|Stone Axe|p2a: PinkyPie|[miss]\n|-miss|p1a: Clever|p2a: PinkyPie\n|\n|upkeep\n|turn|14\n|\n|t:|1700150388\n|move|p2a: PinkyPie|Iron Defense|p2a: PinkyPie\n|-boost|p2a: PinkyPie|def|2\n|move|p1a: Clever|Swords Dance|p1a: Clever\n|-boost|p1a: Clever|atk|2\n|\n|upkeep\n|turn|15\n|\n|t:|1700150398\n|move|p2a: PinkyPie|Iron Defense|p2a: PinkyPie\n|-boost|p2a: PinkyPie|def|2\n|move|p1a: Clever|Stone Axe|p2a: PinkyPie\n|-resisted|p2a: PinkyPie\n|-damage|p2a: PinkyPie|90\/100\n|-sidestart|p2: GrassyStandard|move: Stealth Rock\n|\n|-heal|p2a: PinkyPie|96\/100|[from] item: Leftovers\n|upkeep\n|turn|16\n|\n|t:|1700150408\n|move|p2a: PinkyPie|Body Press|p1a: Clever\n|-damage|p1a: Clever|0 fnt\n|-damage|p2a: PinkyPie|79\/100|[from] item: Rocky Helmet|[of] p1a: Clever\n|faint|p1a: Clever\n|\n|-heal|p2a: PinkyPie|86\/100|[from] item: Leftovers\n|upkeep\n|\n|t:|1700150416\n|switch|p1a: Rascal|Rabsca, M|100\/100\n|turn|17\n|\n|t:|1700150422\n|move|p2a: PinkyPie|Crunch|p1a: Rascal\n|-supereffective|p1a: Rascal\n|-damage|p1a: Rascal|62\/100\n|move|p1a: Rascal|Revival Blessing|p1a: Rascal\n|-enditem|p1a: Rascal|Leppa Berry|[eat]\n|-activate|p1a: Rascal|item: Leppa Berry|Revival Blessing|[consumed]\n|\n|t:|1700150439\n|-heal|p1: Iron-Man|50\/100|[from] move: Revival Blessing\n|\n|-heal|p2a: PinkyPie|92\/100|[from] item: Leftovers\n|upkeep\n|turn|18\n|\n|t:|1700150453\n|move|p2a: PinkyPie|Heavy Slam|p1a: Rascal\n|-damage|p1a: Rascal|29\/100\n|move|p1a: Rascal|Revival Blessing|p1a: Rascal\n|\n|t:|1700150462\n|-heal|p1: Eyelash On Fleek|50\/100|[from] move: Revival Blessing\n|\n|-heal|p2a: PinkyPie|98\/100|[from] item: Leftovers\n|upkeep\n|turn|19\n|\n|t:|1700150469\n|move|p2a: PinkyPie|Heavy Slam|p1a: Rascal\n|-crit|p1a: Rascal\n|-damage|p1a: Rascal|0 fnt\n|faint|p1a: Rascal\n|\n|-heal|p2a: PinkyPie|100\/100|[from] item: Leftovers\n|upkeep\n|\n|t:|1700150477\n|switch|p1a: Eyelash On Fleek|Frosmoth, F|50\/100\n|turn|20\n|\n|t:|1700150486\n|-terastallize|p2a: PinkyPie|Steel\n|move|p2a: PinkyPie|Body Press|p1a: Eyelash On Fleek\n|-damage|p1a: Eyelash On Fleek|0 fnt\n|faint|p1a: Eyelash On Fleek\n|\n|upkeep\n|\n|t:|1700150493\n|switch|p1a: Iron-Man|Scizor, M|50\/100\n|turn|21\n|\n|t:|1700150501\n|move|p2a: PinkyPie|Body Press|p1a: Iron-Man\n|-damage|p1a: Iron-Man|0 fnt\n|faint|p1a: Iron-Man\n|\n|win|GrassyStandard\n|raw|This-Fcucking-Guy's rating: 1050 &rarr; <strong>1035<\/strong><br \/>(-15 for losing)\n|raw|GrassyStandard's rating: 1101 &rarr; <strong>1122<\/strong><br \/>(+21 for winning)\n","uploadtime":1700150507,"views":23,"p1id":"thisfcuckingguy","p2id":"grassystandard","formatid":"gen9ou","rating":1035,"private":0,"password":""}