{"id":"gen9ou-1991817524","p1":"fregene97","p2":"ChillLanturnYT","format":"[Gen 9] OU","log":"|j|\u2606fregene97\n|j|\u2606ChillLanturnYT\n|t:|1700122789\n|gametype|singles\n|player|p1|fregene97|170|1124\n|player|p2|ChillLanturnYT|palmer|1198\n|teamsize|p1|6\n|teamsize|p2|6\n|gen|9\n|tier|[Gen 9] OU\n|rated|\n|rule|Sleep Clause Mod: Limit one foe put to sleep\n|rule|Species Clause: Limit one of each Pok\u00e9mon\n|rule|OHKO Clause: OHKO moves are banned\n|rule|Evasion Items Clause: Evasion items are banned\n|rule|Evasion Moves Clause: Evasion moves are banned\n|rule|Endless Battle Clause: Forcing endless battles is banned\n|rule|HP Percentage Mod: HP is shown in percentages\n|clearpoke\n|poke|p1|Garganacl, M|\n|poke|p1|Great Tusk|\n|poke|p1|Gholdengo|\n|poke|p1|Iron Valiant|\n|poke|p1|Dragonite, M|\n|poke|p1|Zapdos|\n|poke|p2|Regidrago|\n|poke|p2|Jirachi|\n|poke|p2|Lokix, F|\n|poke|p2|Ribombee, F|\n|poke|p2|Toxapex, M|\n|poke|p2|Cinderace, F|\n|teampreview\n|\n|t:|1700122799\n|start\n|switch|p1a: Garganacl|Garganacl, M|100\/100\n|switch|p2a: Lokix|Lokix, F|100\/100\n|turn|1\n|\n|t:|1700122806\n|move|p2a: Lokix|First Impression|p1a: Garganacl\n|-damage|p1a: Garganacl|70\/100\n|-damage|p2a: Lokix|91\/100|[from] item: Life Orb\n|move|p1a: Garganacl|Curse|p1a: Garganacl\n|-unboost|p1a: Garganacl|spe|1\n|-boost|p1a: Garganacl|atk|1\n|-boost|p1a: Garganacl|def|1\n|\n|-heal|p1a: Garganacl|76\/100|[from] item: Leftovers\n|upkeep\n|turn|2\n|\n|t:|1700122813\n|-terastallize|p1a: Garganacl|Water\n|move|p2a: Lokix|Brick Break|p1a: Garganacl\n|-damage|p1a: Garganacl|66\/100\n|-damage|p2a: Lokix|81\/100|[from] item: Life Orb\n|move|p1a: Garganacl|Salt Cure|p2a: Lokix\n|-supereffective|p2a: Lokix\n|-crit|p2a: Lokix\n|-damage|p2a: Lokix|0 fnt\n|faint|p2a: Lokix\n|\n|-heal|p1a: Garganacl|72\/100|[from] item: Leftovers\n|upkeep\n|\n|t:|1700122825\n|switch|p2a: Jirachi|Jirachi|100\/100\n|turn|3\n|\n|t:|1700122829\n|-terastallize|p2a: Jirachi|Psychic\n|move|p2a: Jirachi|Cosmic Power|p2a: Jirachi\n|-boost|p2a: Jirachi|def|1\n|-boost|p2a: Jirachi|spd|1\n|move|p1a: Garganacl|Earthquake|p2a: Jirachi\n|-damage|p2a: Jirachi|80\/100\n|\n|-heal|p2a: Jirachi|86\/100|[from] item: Leftovers\n|-heal|p1a: Garganacl|78\/100|[from] item: Leftovers\n|upkeep\n|turn|4\n|\n|t:|1700122835\n|move|p2a: Jirachi|Charge Beam|p1a: Garganacl\n|-supereffective|p1a: Garganacl\n|-damage|p1a: Garganacl|58\/100\n|-boost|p2a: Jirachi|spa|1\n|move|p1a: Garganacl|Salt Cure|p2a: Jirachi\n|-damage|p2a: Jirachi|75\/100\n|-start|p2a: Jirachi|Salt Cure\n|\n|-heal|p2a: Jirachi|81\/100|[from] item: Leftovers\n|-heal|p1a: Garganacl|64\/100|[from] item: Leftovers\n|-damage|p2a: Jirachi|69\/100|[from] Salt Cure\n|upkeep\n|turn|5\n|\n|t:|1700122842\n|move|p2a: Jirachi|Cosmic Power|p2a: Jirachi\n|-boost|p2a: Jirachi|def|1\n|-boost|p2a: Jirachi|spd|1\n|move|p1a: Garganacl|Curse|p1a: Garganacl\n|-unboost|p1a: Garganacl|spe|1\n|-boost|p1a: Garganacl|atk|1\n|-boost|p1a: Garganacl|def|1\n|\n|-heal|p2a: Jirachi|75\/100|[from] item: Leftovers\n|-heal|p1a: Garganacl|70\/100|[from] item: Leftovers\n|-damage|p2a: Jirachi|62\/100|[from] Salt Cure\n|upkeep\n|turn|6\n|\n|t:|1700122848\n|move|p2a: Jirachi|Cosmic Power|p2a: Jirachi\n|-boost|p2a: Jirachi|def|1\n|-boost|p2a: Jirachi|spd|1\n|move|p1a: Garganacl|Curse|p1a: Garganacl\n|-unboost|p1a: Garganacl|spe|1\n|-boost|p1a: Garganacl|atk|1\n|-boost|p1a: Garganacl|def|1\n|\n|-heal|p2a: Jirachi|69\/100|[from] item: Leftovers\n|-heal|p1a: Garganacl|76\/100|[from] item: Leftovers\n|-damage|p2a: Jirachi|56\/100|[from] Salt Cure\n|upkeep\n|turn|7\n|\n|t:|1700122851\n|move|p2a: Jirachi|Cosmic Power|p2a: Jirachi\n|-boost|p2a: Jirachi|def|1\n|-boost|p2a: Jirachi|spd|1\n|move|p1a: Garganacl|Curse|p1a: Garganacl\n|-unboost|p1a: Garganacl|spe|1\n|-boost|p1a: Garganacl|atk|1\n|-boost|p1a: Garganacl|def|1\n|\n|-heal|p2a: Jirachi|62\/100|[from] item: Leftovers\n|-heal|p1a: Garganacl|82\/100|[from] item: Leftovers\n|-damage|p2a: Jirachi|50\/100|[from] Salt Cure\n|upkeep\n|turn|8\n|\n|t:|1700122859\n|move|p2a: Jirachi|Wish|p2a: Jirachi\n|move|p1a: Garganacl|Earthquake|p2a: Jirachi\n|-damage|p2a: Jirachi|32\/100\n|\n|-heal|p2a: Jirachi|38\/100|[from] item: Leftovers\n|-heal|p1a: Garganacl|89\/100|[from] item: Leftovers\n|-damage|p2a: Jirachi|25\/100|[from] Salt Cure\n|upkeep\n|turn|9\n|\n|t:|1700122863\n|move|p2a: Jirachi|Charge Beam|p1a: Garganacl\n|-supereffective|p1a: Garganacl\n|-damage|p1a: Garganacl|60\/100\n|-boost|p2a: Jirachi|spa|1\n|move|p1a: Garganacl|Salt Cure|p2a: Jirachi\n|-damage|p2a: Jirachi|13\/100\n|\n|-heal|p2a: Jirachi|63\/100|[from] move: Wish|[wisher] Jirachi\n|-heal|p2a: Jirachi|69\/100|[from] item: Leftovers\n|-heal|p1a: Garganacl|67\/100|[from] item: Leftovers\n|-damage|p2a: Jirachi|57\/100|[from] Salt Cure\n|upkeep\n|turn|10\n|\n|t:|1700122871\n|move|p2a: Jirachi|Wish|p2a: Jirachi\n|move|p1a: Garganacl|Earthquake|p2a: Jirachi\n|-damage|p2a: Jirachi|39\/100\n|\n|-heal|p2a: Jirachi|45\/100|[from] item: Leftovers\n|-heal|p1a: Garganacl|73\/100|[from] item: Leftovers\n|-damage|p2a: Jirachi|32\/100|[from] Salt Cure\n|upkeep\n|turn|11\n|\n|t:|1700122876\n|move|p2a: Jirachi|Charge Beam|p1a: Garganacl\n|-supereffective|p1a: Garganacl\n|-damage|p1a: Garganacl|32\/100\n|-boost|p2a: Jirachi|spa|1\n|move|p1a: Garganacl|Earthquake|p2a: Jirachi\n|-damage|p2a: Jirachi|13\/100\n|\n|-heal|p2a: Jirachi|63\/100|[from] move: Wish|[wisher] Jirachi\n|-heal|p2a: Jirachi|70\/100|[from] item: Leftovers\n|-heal|p1a: Garganacl|38\/100|[from] item: Leftovers\n|-damage|p2a: Jirachi|57\/100|[from] Salt Cure\n|upkeep\n|turn|12\n|\n|t:|1700122883\n|move|p2a: Jirachi|Wish|p2a: Jirachi\n|move|p1a: Garganacl|Recover|p1a: Garganacl\n|-heal|p1a: Garganacl|88\/100\n|\n|-heal|p2a: Jirachi|63\/100|[from] item: Leftovers\n|-heal|p1a: Garganacl|94\/100|[from] item: Leftovers\n|-damage|p2a: Jirachi|51\/100|[from] Salt Cure\n|upkeep\n|turn|13\n|\n|t:|1700122887\n|move|p2a: Jirachi|Charge Beam|p1a: Garganacl\n|-supereffective|p1a: Garganacl\n|-damage|p1a: Garganacl|50\/100\n|-boost|p2a: Jirachi|spa|1\n|move|p1a: Garganacl|Earthquake|p2a: Jirachi\n|-damage|p2a: Jirachi|32\/100\n|\n|-heal|p2a: Jirachi|82\/100|[from] move: Wish|[wisher] Jirachi\n|-heal|p2a: Jirachi|88\/100|[from] item: Leftovers\n|-heal|p1a: Garganacl|56\/100|[from] item: Leftovers\n|-damage|p2a: Jirachi|76\/100|[from] Salt Cure\n|upkeep\n|turn|14\n|\n|t:|1700122896\n|move|p2a: Jirachi|Wish|p2a: Jirachi\n|move|p1a: Garganacl|Salt Cure|p2a: Jirachi\n|-damage|p2a: Jirachi|64\/100\n|\n|-heal|p2a: Jirachi|70\/100|[from] item: Leftovers\n|-heal|p1a: Garganacl|62\/100|[from] item: Leftovers\n|-damage|p2a: Jirachi|58\/100|[from] Salt Cure\n|upkeep\n|turn|15\n|\n|t:|1700122901\n|move|p2a: Jirachi|Charge Beam|p1a: Garganacl\n|-supereffective|p1a: Garganacl\n|-damage|p1a: Garganacl|4\/100\n|-boost|p2a: Jirachi|spa|1\n|move|p1a: Garganacl|Earthquake|p2a: Jirachi\n|-damage|p2a: Jirachi|39\/100\n|\n|-heal|p2a: Jirachi|89\/100|[from] move: Wish|[wisher] Jirachi\n|-heal|p2a: Jirachi|96\/100|[from] item: Leftovers\n|-heal|p1a: Garganacl|11\/100|[from] item: Leftovers\n|-damage|p2a: Jirachi|83\/100|[from] Salt Cure\n|upkeep\n|turn|16\n|\n|t:|1700122908\n|move|p2a: Jirachi|Charge Beam|p1a: Garganacl\n|-supereffective|p1a: Garganacl\n|-damage|p1a: Garganacl|0 fnt\n|-boost|p2a: Jirachi|spa|1\n|faint|p1a: Garganacl\n|\n|-heal|p2a: Jirachi|89\/100|[from] item: Leftovers\n|-damage|p2a: Jirachi|77\/100|[from] Salt Cure\n|upkeep\n|\n|t:|1700122914\n|switch|p1a: Great Tusk|Great Tusk|100\/100\n|turn|17\n|\n|t:|1700122918\n|move|p1a: Great Tusk|Headlong Rush|p2a: Jirachi\n|-damage|p2a: Jirachi|60\/100\n|-unboost|p1a: Great Tusk|def|1\n|-unboost|p1a: Great Tusk|spd|1\n|move|p2a: Jirachi|Wish|p2a: Jirachi\n|\n|-heal|p2a: Jirachi|66\/100|[from] item: Leftovers\n|-damage|p2a: Jirachi|53\/100|[from] Salt Cure\n|upkeep\n|turn|18\n|\n|t:|1700122923\n|move|p1a: Great Tusk|Stealth Rock|p2a: Jirachi\n|-sidestart|p2: ChillLanturnYT|move: Stealth Rock\n|move|p2a: Jirachi|Stored Power|p1a: Great Tusk\n|-supereffective|p1a: Great Tusk\n|-damage|p1a: Great Tusk|0 fnt\n|faint|p1a: Great Tusk\n|-end|p1a: Great Tusk|Protosynthesis|[silent]\n|\n|-heal|p2a: Jirachi|100\/100|[from] move: Wish|[wisher] Jirachi\n|-damage|p2a: Jirachi|88\/100|[from] Salt Cure\n|upkeep\n|\n|t:|1700122928\n|switch|p1a: Zapdos|Zapdos|100\/100\n|turn|19\n|\n|t:|1700122933\n|move|p2a: Jirachi|Stored Power|p1a: Zapdos\n|-damage|p1a: Zapdos|0 fnt\n|faint|p1a: Zapdos\n|\n|-heal|p2a: Jirachi|94\/100|[from] item: Leftovers\n|-damage|p2a: Jirachi|82\/100|[from] Salt Cure\n|upkeep\n|\n|t:|1700122936\n|switch|p1a: Gholdengo|Gholdengo|100\/100\n|-item|p1a: Gholdengo|Air Balloon\n|turn|20\n|\n|t:|1700122941\n|move|p2a: Jirachi|Stored Power|p1a: Gholdengo\n|-resisted|p1a: Gholdengo\n|-damage|p1a: Gholdengo|0 fnt\n|-enditem|p1a: Gholdengo|Air Balloon\n|faint|p1a: Gholdengo\n|\n|-heal|p2a: Jirachi|88\/100|[from] item: Leftovers\n|-damage|p2a: Jirachi|76\/100|[from] Salt Cure\n|upkeep\n|inactive|Battle timer is ON: inactive players will automatically lose when time's up. (requested by ChillLanturnYT)\n|\n|t:|1700122989\n|switch|p1a: Iron Valiant|Iron Valiant|100\/100\n|turn|21\n|\n|t:|1700122993\n|move|p1a: Iron Valiant|Knock Off|p2a: Jirachi\n|-supereffective|p2a: Jirachi\n|-damage|p2a: Jirachi|60\/100\n|-enditem|p2a: Jirachi|Leftovers|[from] move: Knock Off|[of] p1a: Iron Valiant\n|move|p2a: Jirachi|Wish|p2a: Jirachi\n|\n|-damage|p2a: Jirachi|48\/100|[from] Salt Cure\n|upkeep\n|turn|22\n|\n|t:|1700122997\n|move|p1a: Iron Valiant|Knock Off|p2a: Jirachi\n|-supereffective|p2a: Jirachi\n|-damage|p2a: Jirachi|37\/100\n|move|p2a: Jirachi|Stored Power|p1a: Iron Valiant\n|-supereffective|p1a: Iron Valiant\n|-damage|p1a: Iron Valiant|0 fnt\n|faint|p1a: Iron Valiant\n|-end|p1a: Iron Valiant|Quark Drive|[silent]\n|\n|-heal|p2a: Jirachi|87\/100|[from] move: Wish|[wisher] Jirachi\n|-damage|p2a: Jirachi|75\/100|[from] Salt Cure\n|upkeep\n|inactive|fregene97 has 120 seconds left.\n|c|\u2606ChillLanturnYT|I kinda wanna know if multiscale will save dragonite\n|\n|t:|1700123048\n|switch|p1a: Dragonite|Dragonite, M|100\/100\n|turn|23\n|\n|t:|1700123056\n|move|p1a: Dragonite|Dragon Dance|p1a: Dragonite\n|-boost|p1a: Dragonite|atk|1\n|-boost|p1a: Dragonite|spe|1\n|move|p2a: Jirachi|Stored Power|p1a: Dragonite\n|-damage|p1a: Dragonite|0 fnt\n|faint|p1a: Dragonite\n|\n|win|ChillLanturnYT\n|raw|fregene97's rating: 1124 &rarr; <strong>1104<\/strong><br \/>(-20 for losing)\n|raw|ChillLanturnYT's rating: 1198 &rarr; <strong>1218<\/strong><br \/>(+20 for winning)\n|c|\u2606ChillLanturnYT|Dam\n|c|\u2606ChillLanturnYT|gg\n","uploadtime":1700123079,"views":9,"p1id":"fregene97","p2id":"chilllanturnyt","formatid":"gen9ou","rating":1104,"private":0,"password":""}