{"id":"gen9ou-1995308130","p1":"laging","p2":"ziyi1117","format":"[Gen 9] OU","log":"|j|\u2606laging\n|j|\u2606ziyi1117\n|t:|1700550975\n|gametype|singles\n|player|p1|laging|265|1000\n|player|p2|ziyi1117|linebacker|1127\n|teamsize|p1|6\n|teamsize|p2|6\n|gen|9\n|tier|[Gen 9] OU\n|rated|\n|rule|Sleep Clause Mod: Limit one foe put to sleep\n|rule|Species Clause: Limit one of each Pok\u00e9mon\n|rule|OHKO Clause: OHKO moves are banned\n|rule|Evasion Items Clause: Evasion items are banned\n|rule|Evasion Moves Clause: Evasion moves are banned\n|rule|Endless Battle Clause: Forcing endless battles is banned\n|rule|HP Percentage Mod: HP is shown in percentages\n|clearpoke\n|poke|p1|Meowscarada, F|\n|poke|p1|Ceruledge, F|\n|poke|p1|Garchomp, M|\n|poke|p1|Pikachu-Kalos, M|\n|poke|p1|Slowbro, F|\n|poke|p1|Sylveon, F|\n|poke|p2|Ninetales-Alola, F|\n|poke|p2|Cetitan, M|\n|poke|p2|Alomomola, F|\n|poke|p2|Clodsire, M|\n|poke|p2|Iron Valiant|\n|poke|p2|Great Tusk|\n|teampreview\n|\n|t:|1700550978\n|start\n|switch|p1a: Slowbro|Slowbro, F|100\/100\n|switch|p2a: Ninetales|Ninetales-Alola, F|100\/100\n|-weather|Snow|[from] ability: Snow Warning|[of] p2a: Ninetales\n|turn|1\n|\n|t:|1700550988\n|move|p2a: Ninetales|Aurora Veil|p2a: Ninetales\n|-sidestart|p2: ziyi1117|move: Aurora Veil\n|move|p1a: Slowbro|Future Sight|p2a: Ninetales\n|-start|p1a: Slowbro|move: Future Sight\n|\n|-weather|Snow|[upkeep]\n|upkeep\n|turn|2\n|\n|t:|1700550994\n|move|p2a: Ninetales|Blizzard|p1a: Slowbro\n|-resisted|p1a: Slowbro\n|-damage|p1a: Slowbro|77\/100\n|move|p1a: Slowbro|Future Sight||[still]\n|-fail|p1a: Slowbro\n|\n|-weather|Snow|[upkeep]\n|-heal|p1a: Slowbro|83\/100|[from] item: Leftovers\n|upkeep\n|turn|3\n|\n|t:|1700551009\n|move|p2a: Ninetales|Encore|p1a: Slowbro\n|-start|p1a: Slowbro|Encore\n|move|p1a: Slowbro|Future Sight||[still]\n|-fail|p1a: Slowbro\n|\n|-weather|Snow|[upkeep]\n|-end|p2a: Ninetales|move: Future Sight\n|-damage|p2a: Ninetales|74\/100\n|-heal|p1a: Slowbro|89\/100|[from] item: Leftovers\n|upkeep\n|turn|4\n|\n|t:|1700551019\n|switch|p2a: Cetitan|Cetitan, M|100\/100\n|move|p1a: Slowbro|Future Sight|p2a: Cetitan\n|-start|p1a: Slowbro|move: Future Sight\n|\n|-weather|Snow|[upkeep]\n|-heal|p1a: Slowbro|95\/100|[from] item: Leftovers\n|upkeep\n|turn|5\n|\n|t:|1700551026\n|move|p2a: Cetitan|Belly Drum|p2a: Cetitan\n|-damage|p2a: Cetitan|51\/100\n|-setboost|p2a: Cetitan|atk|6|[from] move: Belly Drum\n|move|p1a: Slowbro|Future Sight||[still]\n|-fail|p1a: Slowbro\n|\n|-weather|Snow|[upkeep]\n|-heal|p1a: Slowbro|100\/100|[from] item: Leftovers\n|-end|p1a: Slowbro|Encore\n|-sideend|p2: ziyi1117|move: Aurora Veil\n|upkeep\n|turn|6\n|\n|t:|1700551038\n|move|p2a: Cetitan|Earthquake|p1a: Slowbro\n|-damage|p1a: Slowbro|0 fnt\n|faint|p1a: Slowbro\n|\n|-weather|Snow|[upkeep]\n|-end|p2a: Cetitan|move: Future Sight\n|-damage|p2a: Cetitan|0 fnt\n|faint|p2a: Cetitan\n|upkeep\n|\n|t:|1700551051\n|switch|p2a: Alomomola|Alomomola, F|100\/100\n|switch|p1a: Pikachu|Pikachu-Kalos, M|100\/100\n|turn|7\n|\n|t:|1700551057\n|move|p2a: Alomomola|Protect|p2a: Alomomola\n|-singleturn|p2a: Alomomola|Protect\n|move|p1a: Pikachu|Thunder|p2a: Alomomola\n|-activate|p2a: Alomomola|move: Protect\n|\n|-weather|Snow|[upkeep]\n|upkeep\n|turn|8\n|\n|t:|1700551068\n|switch|p2a: Clodsire|Clodsire, M|100\/100\n|move|p1a: Pikachu|Thunder|p2a: Clodsire\n|-immune|p2a: Clodsire\n|\n|-weather|none\n|upkeep\n|turn|9\n|\n|t:|1700551080\n|switch|p1a: Garchomp|Garchomp, M|100\/100\n|move|p2a: Clodsire|Curse|p2a: Clodsire\n|-unboost|p2a: Clodsire|spe|1\n|-boost|p2a: Clodsire|atk|1\n|-boost|p2a: Clodsire|def|1\n|\n|upkeep\n|turn|10\n|\n|t:|1700551091\n|move|p1a: Garchomp|Outrage|p2a: Clodsire\n|-damage|p2a: Clodsire|60\/100\n|move|p2a: Clodsire|Curse|p2a: Clodsire\n|-unboost|p2a: Clodsire|spe|1\n|-boost|p2a: Clodsire|atk|1\n|-boost|p2a: Clodsire|def|1\n|\n|-heal|p2a: Clodsire|66\/100|[from] item: Leftovers\n|upkeep\n|turn|11\n|\n|t:|1700551100\n|move|p1a: Garchomp|Outrage|p2a: Clodsire|[from]lockedmove\n|-damage|p2a: Clodsire|36\/100\n|move|p2a: Clodsire|Recover|p2a: Clodsire\n|-heal|p2a: Clodsire|86\/100\n|\n|-heal|p2a: Clodsire|93\/100|[from] item: Leftovers\n|upkeep\n|turn|12\n|\n|t:|1700551108\n|move|p1a: Garchomp|Outrage|p2a: Clodsire|[from]lockedmove\n|-damage|p2a: Clodsire|62\/100\n|-start|p1a: Garchomp|confusion|[fatigue]\n|move|p2a: Clodsire|Recover|p2a: Clodsire\n|-heal|p2a: Clodsire|100\/100\n|\n|upkeep\n|turn|13\n|\n|t:|1700551117\n|move|p2a: Clodsire|Curse|p2a: Clodsire\n|-unboost|p2a: Clodsire|spe|1\n|-boost|p2a: Clodsire|atk|1\n|-boost|p2a: Clodsire|def|1\n|-activate|p1a: Garchomp|confusion\n|-damage|p1a: Garchomp|90\/100|[from] confusion\n|\n|-heal|p1a: Garchomp|96\/100|[from] item: Leftovers\n|upkeep\n|turn|14\n|\n|t:|1700551124\n|move|p2a: Clodsire|Curse|p2a: Clodsire\n|-unboost|p2a: Clodsire|spe|1\n|-boost|p2a: Clodsire|atk|1\n|-boost|p2a: Clodsire|def|1\n|-activate|p1a: Garchomp|confusion\n|move|p1a: Garchomp|Dragon Tail|p2a: Clodsire\n|-damage|p2a: Clodsire|90\/100\n|drag|p2a: Alomomola|Alomomola, F|100\/100\n|\n|-heal|p1a: Garchomp|100\/100|[from] item: Leftovers\n|upkeep\n|turn|15\n|\n|t:|1700551137\n|-activate|p1a: Garchomp|confusion\n|move|p1a: Garchomp|Draco Meteor|p2a: Alomomola\n|-damage|p2a: Alomomola|58\/100\n|-unboost|p1a: Garchomp|spa|2\n|move|p2a: Alomomola|Scald|p1a: Garchomp\n|-damage|p1a: Garchomp|87\/100\n|\n|-heal|p1a: Garchomp|93\/100|[from] item: Leftovers\n|-heal|p2a: Alomomola|64\/100|[from] item: Leftovers\n|upkeep\n|turn|16\n|\n|t:|1700551154\n|-end|p1a: Garchomp|confusion\n|move|p1a: Garchomp|Draco Meteor|p2a: Alomomola\n|-damage|p2a: Alomomola|42\/100\n|-unboost|p1a: Garchomp|spa|2\n|move|p2a: Alomomola|Scald|p1a: Garchomp\n|-damage|p1a: Garchomp|80\/100\n|\n|-heal|p1a: Garchomp|86\/100|[from] item: Leftovers\n|-heal|p2a: Alomomola|48\/100|[from] item: Leftovers\n|upkeep\n|turn|17\n|\n|t:|1700551165\n|move|p1a: Garchomp|Outrage|p2a: Alomomola\n|-damage|p2a: Alomomola|16\/100\n|move|p2a: Alomomola|Wish|p2a: Alomomola\n|\n|-heal|p1a: Garchomp|92\/100|[from] item: Leftovers\n|-heal|p2a: Alomomola|23\/100|[from] item: Leftovers\n|upkeep\n|turn|18\n|\n|t:|1700551172\n|move|p2a: Alomomola|Protect|p2a: Alomomola\n|-singleturn|p2a: Alomomola|Protect\n|move|p1a: Garchomp|Outrage|p2a: Alomomola|[from]lockedmove\n|-activate|p2a: Alomomola|move: Protect\n|\n|-heal|p2a: Alomomola|73\/100|[from] move: Wish|[wisher] Alomomola\n|-heal|p1a: Garchomp|98\/100|[from] item: Leftovers\n|-heal|p2a: Alomomola|79\/100|[from] item: Leftovers\n|upkeep\n|turn|19\n|\n|t:|1700551183\n|move|p2a: Alomomola|Scald|p1a: Garchomp\n|-damage|p1a: Garchomp|85\/100\n|move|p1a: Garchomp|Dragon Tail|p2a: Alomomola\n|-damage|p2a: Alomomola|64\/100\n|drag|p2a: Clodsire|Clodsire, M|90\/100\n|\n|-heal|p1a: Garchomp|91\/100|[from] item: Leftovers\n|-heal|p2a: Clodsire|96\/100|[from] item: Leftovers\n|upkeep\n|turn|20\n|\n|t:|1700551193\n|move|p1a: Garchomp|Earth Power|p2a: Clodsire\n|-supereffective|p2a: Clodsire\n|-damage|p2a: Clodsire|71\/100\n|move|p2a: Clodsire|Curse|p2a: Clodsire\n|-unboost|p2a: Clodsire|spe|1\n|-boost|p2a: Clodsire|atk|1\n|-boost|p2a: Clodsire|def|1\n|\n|-heal|p1a: Garchomp|97\/100|[from] item: Leftovers\n|-heal|p2a: Clodsire|77\/100|[from] item: Leftovers\n|upkeep\n|turn|21\n|\n|t:|1700551204\n|move|p2a: Clodsire|Poison Jab|p1a: Garchomp\n|-resisted|p1a: Garchomp\n|-crit|p1a: Garchomp\n|-damage|p1a: Garchomp|75\/100\n|-damage|p2a: Clodsire|65\/100|[from] ability: Rough Skin|[of] p1a: Garchomp\n|move|p1a: Garchomp|Dragon Tail|p2a: Clodsire|[miss]\n|-miss|p1a: Garchomp|p2a: Clodsire\n|\n|-heal|p1a: Garchomp|81\/100|[from] item: Leftovers\n|-heal|p2a: Clodsire|71\/100|[from] item: Leftovers\n|upkeep\n|turn|22\n|\n|t:|1700551214\n|move|p2a: Clodsire|Earthquake|p1a: Garchomp\n|-damage|p1a: Garchomp|46\/100\n|move|p1a: Garchomp|Dragon Tail|p2a: Clodsire\n|-damage|p2a: Clodsire|49\/100\n|drag|p2a: Great Tusk|Great Tusk|100\/100\n|\n|-heal|p1a: Garchomp|53\/100|[from] item: Leftovers\n|upkeep\n|turn|23\n|\n|t:|1700551223\n|move|p1a: Garchomp|Earth Power|p2a: Great Tusk\n|-damage|p2a: Great Tusk|93\/100\n|move|p2a: Great Tusk|Ice Spinner|p1a: Garchomp\n|-supereffective|p1a: Garchomp\n|-damage|p1a: Garchomp|0 fnt\n|-damage|p2a: Great Tusk|81\/100|[from] ability: Rough Skin|[of] p1a: Garchomp\n|faint|p1a: Garchomp\n|\n|upkeep\n|\n|t:|1700551231\n|switch|p1a: Pikachu|Pikachu-Kalos, M|100\/100\n|turn|24\n|\n|t:|1700551240\n|-end|p2a: Great Tusk|Protosynthesis|[silent]\n|switch|p2a: Clodsire|Clodsire, M|49\/100\n|move|p1a: Pikachu|Facade|p2a: Clodsire\n|-damage|p2a: Clodsire|37\/100\n|\n|-heal|p2a: Clodsire|43\/100|[from] item: Leftovers\n|upkeep\n|turn|25\n|\n|t:|1700551251\n|move|p1a: Pikachu|Rain Dance|p1a: Pikachu\n|-weather|RainDance\n|move|p2a: Clodsire|Recover|p2a: Clodsire\n|-heal|p2a: Clodsire|93\/100\n|\n|-weather|RainDance|[upkeep]\n|-heal|p2a: Clodsire|99\/100|[from] item: Leftovers\n|upkeep\n|turn|26\n|\n|t:|1700551259\n|move|p1a: Pikachu|Thunder|p2a: Clodsire\n|-immune|p2a: Clodsire\n|move|p2a: Clodsire|Earthquake|p1a: Pikachu\n|-supereffective|p1a: Pikachu\n|-damage|p1a: Pikachu|0 fnt\n|faint|p1a: Pikachu\n|\n|-weather|RainDance|[upkeep]\n|-heal|p2a: Clodsire|100\/100|[from] item: Leftovers\n|upkeep\n|\n|t:|1700551269\n|switch|p1a: Meowscarada|Meowscarada, F|100\/100\n|turn|27\n|\n|t:|1700551278\n|switch|p2a: Alomomola|Alomomola, F|97\/100\n|move|p1a: Meowscarada|Grass Knot|p2a: Alomomola\n|-supereffective|p2a: Alomomola\n|-damage|p2a: Alomomola|55\/100\n|\n|-weather|RainDance|[upkeep]\n|-heal|p2a: Alomomola|62\/100|[from] item: Leftovers\n|upkeep\n|turn|28\n|\n|t:|1700551301\n|move|p2a: Alomomola|Protect|p2a: Alomomola\n|-singleturn|p2a: Alomomola|Protect\n|move|p1a: Meowscarada|Flower Trick|p2a: Alomomola\n|-activate|p2a: Alomomola|move: Protect\n|\n|-weather|RainDance|[upkeep]\n|-heal|p2a: Alomomola|68\/100|[from] item: Leftovers\n|upkeep\n|turn|29\n|\n|t:|1700551316\n|switch|p2a: Ninetales|Ninetales-Alola, F|74\/100\n|-weather|Snow|[from] ability: Snow Warning|[of] p2a: Ninetales\n|move|p1a: Meowscarada|Flower Trick|p2a: Ninetales\n|-crit|p2a: Ninetales\n|-damage|p2a: Ninetales|23\/100\n|\n|-weather|Snow|[upkeep]\n|upkeep\n|turn|30\n|\n|t:|1700551327\n|-terastallize|p1a: Meowscarada|Grass\n|move|p2a: Ninetales|Blizzard|p1a: Meowscarada\n|-supereffective|p1a: Meowscarada\n|-damage|p1a: Meowscarada|0 fnt\n|faint|p1a: Meowscarada\n|\n|-weather|Snow|[upkeep]\n|upkeep\n|\n|t:|1700551335\n|switch|p1a: Ceruledge|Ceruledge, F|100\/100\n|turn|31\n|\n|t:|1700551341\n|move|p2a: Ninetales|Aurora Veil|p2a: Ninetales\n|-sidestart|p2: ziyi1117|move: Aurora Veil\n|move|p1a: Ceruledge|Fire Blast|p2a: Ninetales\n|-supereffective|p2a: Ninetales\n|-damage|p2a: Ninetales|0 fnt\n|faint|p2a: Ninetales\n|\n|-weather|Snow|[upkeep]\n|upkeep\n|\n|t:|1700551348\n|switch|p2a: Clodsire|Clodsire, M|100\/100\n|turn|32\n|\n|t:|1700551360\n|move|p1a: Ceruledge|Bitter Blade|p2a: Clodsire\n|-damage|p2a: Clodsire|75\/100\n|move|p2a: Clodsire|Curse|p2a: Clodsire\n|-unboost|p2a: Clodsire|spe|1\n|-boost|p2a: Clodsire|atk|1\n|-boost|p2a: Clodsire|def|1\n|\n|-weather|Snow|[upkeep]\n|-heal|p2a: Clodsire|81\/100|[from] item: Leftovers\n|upkeep\n|turn|33\n|\n|t:|1700551373\n|move|p1a: Ceruledge|Fire Blast|p2a: Clodsire|[miss]\n|-miss|p1a: Ceruledge|p2a: Clodsire\n|move|p2a: Clodsire|Curse|p2a: Clodsire\n|-unboost|p2a: Clodsire|spe|1\n|-boost|p2a: Clodsire|atk|1\n|-boost|p2a: Clodsire|def|1\n|\n|-weather|Snow|[upkeep]\n|-heal|p2a: Clodsire|87\/100|[from] item: Leftovers\n|upkeep\n|turn|34\n|inactive|Battle timer is ON: inactive players will automatically lose when time's up. (requested by ziyi1117)\n|\n|t:|1700551383\n|move|p1a: Ceruledge|Fire Blast|p2a: Clodsire\n|-damage|p2a: Clodsire|80\/100\n|move|p2a: Clodsire|Earthquake|p1a: Ceruledge\n|-supereffective|p1a: Ceruledge\n|-damage|p1a: Ceruledge|0 fnt\n|faint|p1a: Ceruledge\n|\n|-weather|Snow|[upkeep]\n|-heal|p2a: Clodsire|86\/100|[from] item: Leftovers\n|upkeep\n|\n|t:|1700551392\n|switch|p1a: Sylveon|Sylveon, F|100\/100\n|turn|35\n|\n|t:|1700551398\n|move|p1a: Sylveon|Protect|p1a: Sylveon\n|-singleturn|p1a: Sylveon|Protect\n|move|p2a: Clodsire|Poison Jab|p1a: Sylveon\n|-activate|p1a: Sylveon|move: Protect\n|\n|-weather|Snow|[upkeep]\n|-heal|p2a: Clodsire|93\/100|[from] item: Leftovers\n|-sideend|p2: ziyi1117|move: Aurora Veil\n|upkeep\n|turn|36\n|\n|t:|1700551406\n|move|p1a: Sylveon|Protect|p1a: Sylveon\n|-singleturn|p1a: Sylveon|Protect\n|move|p2a: Clodsire|Poison Jab|p1a: Sylveon\n|-activate|p1a: Sylveon|move: Protect\n|\n|-weather|none\n|-heal|p2a: Clodsire|99\/100|[from] item: Leftovers\n|upkeep\n|turn|37\n|\n|t:|1700551414\n|move|p1a: Sylveon|Protect||[still]\n|-fail|p1a: Sylveon\n|move|p2a: Clodsire|Poison Jab|p1a: Sylveon\n|-supereffective|p1a: Sylveon\n|-damage|p1a: Sylveon|0 fnt\n|faint|p1a: Sylveon\n|\n|win|ziyi1117\n|raw|laging's rating: 1000 &rarr; <strong>1000<\/strong><br \/>(+0 for losing)\n|raw|ziyi1117's rating: 1127 &rarr; <strong>1143<\/strong><br \/>(+16 for winning)\n","uploadtime":1700551424,"views":5,"p1id":"laging","p2id":"ziyi1117","formatid":"gen9ou","rating":1000,"private":0,"password":""}