{"id":"gen9ou-1995288325","p1":"mcgriddlesoe","p2":"Rook110011","format":"[Gen 9] OU","log":"|j|\u2606mcgriddlesoe\n|j|\u2606Rook110011\n|t:|1700547394\n|gametype|singles\n|player|p1|mcgriddlesoe|roughneck-gen4|1230\n|player|p2|Rook110011|2|1249\n|teamsize|p1|6\n|teamsize|p2|6\n|gen|9\n|tier|[Gen 9] OU\n|rated|\n|rule|Sleep Clause Mod: Limit one foe put to sleep\n|rule|Species Clause: Limit one of each Pok\u00e9mon\n|rule|OHKO Clause: OHKO moves are banned\n|rule|Evasion Items Clause: Evasion items are banned\n|rule|Evasion Moves Clause: Evasion moves are banned\n|rule|Endless Battle Clause: Forcing endless battles is banned\n|rule|HP Percentage Mod: HP is shown in percentages\n|clearpoke\n|poke|p1|Lokix, F|\n|poke|p1|Ogerpon-Wellspring, F|\n|poke|p1|Corviknight, F|\n|poke|p1|Zoroark-Hisui, F|\n|poke|p1|Great Tusk|\n|poke|p1|Ceruledge, F|\n|poke|p2|Ogerpon-Cornerstone, F|\n|poke|p2|Corviknight, M|\n|poke|p2|Hatterene, F|\n|poke|p2|Landorus-Therian, M|\n|poke|p2|Rillaboom, F|\n|poke|p2|Iron Valiant|\n|teampreview\n|inactive|Battle timer is ON: inactive players will automatically lose when time's up. (requested by Rook110011)\n|inactive|mcgriddlesoe has 120 seconds left.\n|c|\u2606mcgriddlesoe|glhf\n|\n|t:|1700547441\n|start\n|switch|p1a: Pablo|Lokix, F|100\/100\n|switch|p2a: Rillaboom|Rillaboom, F|100\/100\n|-fieldstart|move: Grassy Terrain|[from] ability: Grassy Surge|[of] p2a: Rillaboom\n|turn|1\n|\n|t:|1700547448\n|move|p1a: Pablo|U-turn|p2a: Rillaboom\n|-supereffective|p2a: Rillaboom\n|-damage|p2a: Rillaboom|9\/100\n|\n|t:|1700547451\n|switch|p1a: Dark Knight|Corviknight, F|100\/100|[from] U-turn\n|-ability|p1a: Dark Knight|Pressure\n|move|p2a: Rillaboom|Drain Punch|p1a: Dark Knight\n|-damage|p1a: Dark Knight|77\/100\n|-heal|p2a: Rillaboom|22\/100|[from] drain|[of] p1a: Dark Knight\n|-damage|p2a: Rillaboom|6\/100|[from] item: Rocky Helmet|[of] p1a: Dark Knight\n|\n|-heal|p2a: Rillaboom|12\/100|[from] Grassy Terrain\n|upkeep\n|turn|2\n|\n|t:|1700547462\n|switch|p2a: Landorus|Landorus-Therian, M|100\/100\n|-ability|p2a: Landorus|Intimidate|boost\n|-unboost|p1a: Dark Knight|atk|1\n|move|p1a: Dark Knight|U-turn|p2a: Landorus\n|-resisted|p2a: Landorus\n|-damage|p2a: Landorus|96\/100\n|\n|t:|1700547472\n|switch|p1a: Oger|Ogerpon-Wellspring, F|100\/100|[from] U-turn\n|\n|upkeep\n|turn|3\n|\n|t:|1700547478\n|move|p1a: Oger|U-turn|p2a: Landorus\n|-resisted|p2a: Landorus\n|-damage|p2a: Landorus|83\/100\n|\n|t:|1700547481\n|switch|p1a: Dark Knight|Corviknight, F|77\/100|[from] U-turn\n|-ability|p1a: Dark Knight|Pressure\n|move|p2a: Landorus|Stealth Rock|p1a: Dark Knight\n|-sidestart|p1: mcgriddlesoe|move: Stealth Rock\n|\n|upkeep\n|turn|4\n|\n|t:|1700547489\n|move|p2a: Landorus|Taunt|p1a: Dark Knight\n|-start|p1a: Dark Knight|move: Taunt\n|cant|p1a: Dark Knight|move: Taunt|Defog\n|\n|upkeep\n|turn|5\n|\n|t:|1700547499\n|move|p2a: Landorus|U-turn|p1a: Dark Knight\n|-resisted|p1a: Dark Knight\n|-damage|p1a: Dark Knight|73\/100\n|-damage|p2a: Landorus|67\/100|[from] item: Rocky Helmet|[of] p1a: Dark Knight\n|\n|t:|1700547502\n|switch|p2a: Corviknight|Corviknight, M|100\/100|[from] U-turn\n|move|p1a: Dark Knight|U-turn|p2a: Corviknight\n|-resisted|p2a: Corviknight\n|-damage|p2a: Corviknight|98\/100\n|\n|t:|1700547512\n|switch|p1a: Oger|Ogerpon-Wellspring, F|100\/100|[from] U-turn\n|\n|-heal|p2a: Corviknight|100\/100|[from] item: Leftovers\n|-fieldend|move: Grassy Terrain\n|upkeep\n|turn|6\n|\n|t:|1700547521\n|move|p1a: Oger|Shadow Ball|p2a: Corviknight\n|-damage|p2a: Corviknight|60\/100\n|move|p2a: Corviknight|Brave Bird|p1a: Oger\n|-damage|p1a: Oger|18\/100\n|replace|p1a: Gottem|Zoroark-Hisui, F\n|-end|p1a: Gottem|Illusion\n|-damage|p2a: Corviknight|43\/100|[from] Recoil\n|\n|-heal|p2a: Corviknight|49\/100|[from] item: Leftovers\n|upkeep\n|turn|7\n|\n|t:|1700547527\n|move|p1a: Gottem|Shadow Ball|p2a: Corviknight\n|-damage|p2a: Corviknight|12\/100\n|-ability|p2a: Corviknight|Mirror Armor\n|-unboost|p1a: Gottem|spd|1\n|move|p2a: Corviknight|Roost|p2a: Corviknight\n|-heal|p2a: Corviknight|62\/100\n|-singleturn|p2a: Corviknight|move: Roost\n|\n|-heal|p2a: Corviknight|68\/100|[from] item: Leftovers\n|upkeep\n|turn|8\n|inactive|Rook110011 has 120 seconds left.\n|\n|t:|1700547562\n|move|p1a: Gottem|Shadow Ball|p2a: Corviknight\n|-damage|p2a: Corviknight|29\/100\n|move|p2a: Corviknight|Roost|p2a: Corviknight\n|-heal|p2a: Corviknight|79\/100\n|-singleturn|p2a: Corviknight|move: Roost\n|\n|-heal|p2a: Corviknight|85\/100|[from] item: Leftovers\n|upkeep\n|turn|9\n|inactive|mcgriddlesoe has 120 seconds left.\n|\n|t:|1700547597\n|move|p1a: Gottem|Focus Blast|p2a: Corviknight\n|-damage|p2a: Corviknight|45\/100\n|move|p2a: Corviknight|Roost|p2a: Corviknight\n|-heal|p2a: Corviknight|95\/100\n|-singleturn|p2a: Corviknight|move: Roost\n|\n|-heal|p2a: Corviknight|100\/100|[from] item: Leftovers\n|upkeep\n|turn|10\n|\n|t:|1700547607\n|move|p1a: Gottem|U-turn|p2a: Corviknight\n|-resisted|p2a: Corviknight\n|-damage|p2a: Corviknight|98\/100\n|\n|t:|1700547609\n|switch|p1a: Dark Knight|Corviknight, F|73\/100|[from] U-turn\n|-damage|p1a: Dark Knight|61\/100|[from] Stealth Rock\n|-ability|p1a: Dark Knight|Pressure\n|move|p2a: Corviknight|Brave Bird|p1a: Dark Knight\n|-resisted|p1a: Dark Knight\n|-damage|p1a: Dark Knight|51\/100\n|-damage|p2a: Corviknight|82\/100|[from] item: Rocky Helmet|[of] p1a: Dark Knight\n|-damage|p2a: Corviknight|78\/100|[from] Recoil\n|\n|-heal|p2a: Corviknight|85\/100|[from] item: Leftovers\n|upkeep\n|turn|11\n|\n|t:|1700547619\n|move|p2a: Corviknight|U-turn|p1a: Dark Knight\n|-resisted|p1a: Dark Knight\n|-damage|p1a: Dark Knight|49\/100\n|-damage|p2a: Corviknight|68\/100|[from] item: Rocky Helmet|[of] p1a: Dark Knight\n|\n|t:|1700547625\n|switch|p2a: Ogerpon|Ogerpon-Cornerstone, F|100\/100|[from] U-turn\n|move|p1a: Dark Knight|Defog|p2a: Ogerpon\n|-unboost|p2a: Ogerpon|evasion|1\n|-sideend|p1: mcgriddlesoe|Stealth Rock|[from] move: Defog|[of] p1a: Dark Knight\n|\n|upkeep\n|turn|12\n|\n|t:|1700547632\n|move|p2a: Ogerpon|Swords Dance|p2a: Ogerpon\n|-boost|p2a: Ogerpon|atk|2\n|move|p1a: Dark Knight|Roost|p1a: Dark Knight\n|-heal|p1a: Dark Knight|99\/100\n|-singleturn|p1a: Dark Knight|move: Roost\n|\n|upkeep\n|turn|13\n|\n|t:|1700547642\n|move|p2a: Ogerpon|Ivy Cudgel|p1a: Dark Knight|[anim] Ivy Cudgel Rock\n|-damage|p1a: Dark Knight|35\/100\n|move|p1a: Dark Knight|U-turn|p2a: Ogerpon\n|-supereffective|p2a: Ogerpon\n|-damage|p2a: Ogerpon|63\/100\n|\n|t:|1700547649\n|switch|p1a: Pablo|Lokix, F|100\/100|[from] U-turn\n|\n|upkeep\n|turn|14\n|\n|t:|1700547661\n|switch|p2a: Corviknight|Corviknight, M|68\/100\n|move|p1a: Pablo|First Impression|p2a: Corviknight\n|-resisted|p2a: Corviknight\n|-damage|p2a: Corviknight|48\/100\n|\n|-heal|p2a: Corviknight|54\/100|[from] item: Leftovers\n|upkeep\n|turn|15\n|\n|t:|1700547674\n|switch|p1a: Dark Knight|Corviknight, F|35\/100\n|-ability|p1a: Dark Knight|Pressure\n|move|p2a: Corviknight|Roost|p2a: Corviknight\n|-heal|p2a: Corviknight|100\/100\n|-singleturn|p2a: Corviknight|move: Roost\n|\n|upkeep\n|turn|16\n|\n|t:|1700547681\n|switch|p2a: Ogerpon|Ogerpon-Cornerstone, F|63\/100\n|move|p1a: Dark Knight|Roost|p1a: Dark Knight\n|-heal|p1a: Dark Knight|85\/100\n|-singleturn|p1a: Dark Knight|move: Roost\n|\n|upkeep\n|turn|17\n|\n|t:|1700547684\n|move|p2a: Ogerpon|Ivy Cudgel|p1a: Dark Knight|[anim] Ivy Cudgel Rock\n|-damage|p1a: Dark Knight|54\/100\n|move|p1a: Dark Knight|Body Press|p2a: Ogerpon\n|-supereffective|p2a: Ogerpon\n|-damage|p2a: Ogerpon|1\/100\n|\n|upkeep\n|turn|18\n|\n|t:|1700547690\n|move|p2a: Ogerpon|Spikes|p1a: Dark Knight\n|-sidestart|p1: mcgriddlesoe|Spikes\n|move|p1a: Dark Knight|Roost|p1a: Dark Knight\n|-heal|p1a: Dark Knight|100\/100\n|-singleturn|p1a: Dark Knight|move: Roost\n|\n|upkeep\n|turn|19\n|\n|t:|1700547695\n|move|p2a: Ogerpon|Swords Dance|p2a: Ogerpon\n|-boost|p2a: Ogerpon|atk|2\n|move|p1a: Dark Knight|Defog|p2a: Ogerpon\n|-unboost|p2a: Ogerpon|evasion|1\n|-sideend|p1: mcgriddlesoe|Spikes|[from] move: Defog|[of] p1a: Dark Knight\n|\n|upkeep\n|turn|20\n|\n|t:|1700547698\n|move|p2a: Ogerpon|Ivy Cudgel|p1a: Dark Knight|[anim] Ivy Cudgel Rock\n|-damage|p1a: Dark Knight|31\/100\n|move|p1a: Dark Knight|U-turn|p2a: Ogerpon\n|-supereffective|p2a: Ogerpon\n|-damage|p2a: Ogerpon|0 fnt\n|faint|p2a: Ogerpon\n|inactive|mcgriddlesoe has 120 seconds left.\n|\n|t:|1700547731\n|switch|p1a: Pablo|Lokix, F|100\/100|[from] U-turn\n|\n|upkeep\n|\n|t:|1700547735\n|switch|p2a: Corviknight|Corviknight, M|100\/100\n|turn|21\n|\n|t:|1700547738\n|move|p1a: Pablo|U-turn|p2a: Corviknight\n|-resisted|p2a: Corviknight\n|-damage|p2a: Corviknight|86\/100\n|\n|t:|1700547747\n|switch|p1a: Dark Knight|Corviknight, F|31\/100|[from] U-turn\n|-ability|p1a: Dark Knight|Pressure\n|move|p2a: Corviknight|U-turn|p1a: Dark Knight\n|-resisted|p1a: Dark Knight\n|-damage|p1a: Dark Knight|29\/100\n|-damage|p2a: Corviknight|70\/100|[from] item: Rocky Helmet|[of] p1a: Dark Knight\n|\n|t:|1700547758\n|switch|p2a: Iron Valiant|Iron Valiant|100\/100|[from] U-turn\n|-enditem|p2a: Iron Valiant|Booster Energy\n|-activate|p2a: Iron Valiant|ability: Quark Drive|[fromitem]\n|-start|p2a: Iron Valiant|quarkdrivespe\n|\n|upkeep\n|turn|22\n|\n|t:|1700547764\n|move|p2a: Iron Valiant|Thunderbolt|p1a: Dark Knight\n|-supereffective|p1a: Dark Knight\n|-damage|p1a: Dark Knight|0 fnt\n|faint|p1a: Dark Knight\n|\n|upkeep\n|inactive|mcgriddlesoe has 120 seconds left.\n|\n|t:|1700547812\n|switch|p1a: Medium Tusk|Great Tusk|100\/100\n|-enditem|p1a: Medium Tusk|Booster Energy\n|-activate|p1a: Medium Tusk|ability: Protosynthesis|[fromitem]\n|-start|p1a: Medium Tusk|protosynthesisatk\n|turn|23\n|\n|t:|1700547816\n|-terastallize|p1a: Medium Tusk|Ground\n|move|p2a: Iron Valiant|Moonblast|p1a: Medium Tusk\n|-damage|p1a: Medium Tusk|30\/100\n|-unboost|p1a: Medium Tusk|spa|1\n|move|p1a: Medium Tusk|Headlong Rush|p2a: Iron Valiant\n|-damage|p2a: Iron Valiant|0 fnt\n|-unboost|p1a: Medium Tusk|def|1\n|-unboost|p1a: Medium Tusk|spd|1\n|faint|p2a: Iron Valiant\n|-end|p2a: Iron Valiant|Quark Drive|[silent]\n|\n|upkeep\n|\n|t:|1700547830\n|switch|p2a: Landorus|Landorus-Therian, M|67\/100\n|-ability|p2a: Landorus|Intimidate|boost\n|-unboost|p1a: Medium Tusk|atk|1\n|turn|24\n|\n|t:|1700547836\n|move|p2a: Landorus|Stealth Rock|p1a: Medium Tusk\n|-sidestart|p1: mcgriddlesoe|move: Stealth Rock\n|move|p1a: Medium Tusk|Ice Spinner|p2a: Landorus\n|-supereffective|p2a: Landorus\n|-damage|p2a: Landorus|0 fnt\n|faint|p2a: Landorus\n|\n|upkeep\n|\n|t:|1700547848\n|switch|p2a: Rillaboom|Rillaboom, F|12\/100\n|-fieldstart|move: Grassy Terrain|[from] ability: Grassy Surge|[of] p2a: Rillaboom\n|turn|25\n|\n|t:|1700547857\n|-end|p1a: Medium Tusk|Protosynthesis|[silent]\n|switch|p1a: Oger|Ogerpon-Wellspring, F|18\/100\n|move|p2a: Rillaboom|Grassy Glide|p1a: Oger\n|-crit|p1a: Oger\n|-damage|p1a: Oger|0 fnt\n|replace|p1a: Gottem|Zoroark-Hisui, F\n|-end|p1a: Gottem|Illusion\n|faint|p1a: Gottem\n|\n|-heal|p2a: Rillaboom|18\/100|[from] Grassy Terrain\n|upkeep\n|\n|t:|1700547864\n|switch|p1a: Oger|Ogerpon-Wellspring, F|100\/100\n|-damage|p1a: Oger|88\/100|[from] Stealth Rock\n|turn|26\n|\n|t:|1700547870\n|move|p2a: Rillaboom|Grassy Glide|p1a: Oger\n|-damage|p1a: Oger|15\/100\n|move|p1a: Oger|U-turn|p2a: Rillaboom\n|-supereffective|p2a: Rillaboom\n|-damage|p2a: Rillaboom|0 fnt\n|faint|p2a: Rillaboom\n|\n|t:|1700547878\n|switch|p1a: Medium Tusk|Great Tusk, tera:Ground|30\/100|[from] U-turn\n|-damage|p1a: Medium Tusk|24\/100|[from] Stealth Rock\n|\n|-heal|p1a: Medium Tusk|30\/100|[from] Grassy Terrain\n|upkeep\n|\n|t:|1700547883\n|switch|p2a: Hatterene|Hatterene, F|100\/100\n|turn|27\n|\n|t:|1700547887\n|move|p1a: Medium Tusk|Rapid Spin|p2a: Hatterene\n|-damage|p2a: Hatterene|78\/100\n|-boost|p1a: Medium Tusk|spe|1\n|-sideend|p1: mcgriddlesoe|Stealth Rock|[from] move: Rapid Spin|[of] p1a: Medium Tusk\n|move|p2a: Hatterene|Dazzling Gleam|p1a: Medium Tusk\n|-damage|p1a: Medium Tusk|0 fnt\n|faint|p1a: Medium Tusk\n|-end|p1a: Medium Tusk|Protosynthesis|[silent]\n|\n|-heal|p2a: Hatterene|85\/100|[from] Grassy Terrain\n|upkeep\n|\n|t:|1700547902\n|switch|p1a: Pablo|Lokix, F|100\/100\n|turn|28\n|\n|t:|1700547908\n|move|p1a: Pablo|First Impression|p2a: Hatterene\n|-damage|p2a: Hatterene|6\/100\n|move|p2a: Hatterene|Nuzzle|p1a: Pablo\n|-crit|p1a: Pablo\n|-damage|p1a: Pablo|92\/100\n|-status|p1a: Pablo|par\n|\n|-heal|p1a: Pablo|98\/100 par|[from] Grassy Terrain\n|-heal|p2a: Hatterene|12\/100|[from] Grassy Terrain\n|upkeep\n|turn|29\n|\n|t:|1700547916\n|switch|p1a: Oger|Ogerpon-Wellspring, F|15\/100\n|move|p2a: Hatterene|Dazzling Gleam|p1a: Oger\n|-damage|p1a: Oger|0 fnt\n|faint|p1a: Oger\n|\n|-heal|p2a: Hatterene|18\/100|[from] Grassy Terrain\n|-fieldend|move: Grassy Terrain\n|upkeep\n|\n|t:|1700547920\n|switch|p1a: Pablo|Lokix, F|98\/100 par\n|turn|30\n|\n|t:|1700547929\n|move|p1a: Pablo|Knock Off|p2a: Hatterene\n|-damage|p2a: Hatterene|0 fnt\n|-enditem|p2a: Hatterene|Assault Vest|[from] move: Knock Off|[of] p1a: Pablo\n|faint|p2a: Hatterene\n|\n|upkeep\n|\n|t:|1700547932\n|switch|p2a: Corviknight|Corviknight, M|70\/100\n|turn|31\n|\n|t:|1700547946\n|move|p2a: Corviknight|Roost|p2a: Corviknight\n|-heal|p2a: Corviknight|100\/100\n|-singleturn|p2a: Corviknight|move: Roost\n|move|p1a: Pablo|Knock Off|p2a: Corviknight\n|-damage|p2a: Corviknight|59\/100\n|-enditem|p2a: Corviknight|Leftovers|[from] move: Knock Off|[of] p1a: Pablo\n|\n|upkeep\n|turn|32\n|\n|t:|1700547952\n|move|p2a: Corviknight|Roost|p2a: Corviknight\n|-heal|p2a: Corviknight|100\/100\n|-singleturn|p2a: Corviknight|move: Roost\n|cant|p1a: Pablo|par\n|\n|upkeep\n|turn|33\n|\n|t:|1700547955\n|move|p2a: Corviknight|Brave Bird|p1a: Pablo\n|-supereffective|p1a: Pablo\n|-crit|p1a: Pablo\n|-damage|p1a: Pablo|0 fnt\n|faint|p1a: Pablo\n|-damage|p2a: Corviknight|78\/100|[from] Recoil\n|\n|upkeep\n|\n|t:|1700547958\n|switch|p1a: Deadass|Ceruledge, F|100\/100\n|turn|34\n|\n|t:|1700547963\n|-terastallize|p2a: Corviknight|Ghost\n|move|p1a: Deadass|Swords Dance|p1a: Deadass\n|-boost|p1a: Deadass|atk|2\n|move|p2a: Corviknight|Brave Bird|p1a: Deadass\n|-damage|p1a: Deadass|44\/100\n|-ability|p1a: Deadass|Weak Armor|boost\n|-unboost|p1a: Deadass|def|1\n|-boost|p1a: Deadass|spe|2\n|-damage|p2a: Corviknight|64\/100|[from] Recoil\n|\n|upkeep\n|turn|35\n|\n|t:|1700547969\n|move|p1a: Deadass|Bitter Blade|p2a: Corviknight\n|-damage|p2a: Corviknight|1\/100\n|-heal|p1a: Deadass|87\/100|[from] drain|[of] p2a: Corviknight\n|move|p2a: Corviknight|Brave Bird|p1a: Deadass\n|-damage|p1a: Deadass|7\/100\n|-ability|p1a: Deadass|Weak Armor|boost\n|-unboost|p1a: Deadass|def|1\n|-boost|p1a: Deadass|spe|2\n|-damage|p2a: Corviknight|0 fnt|[from] Recoil\n|faint|p2a: Corviknight\n|\n|win|mcgriddlesoe\n|raw|mcgriddlesoe's rating: 1230 &rarr; <strong>1256<\/strong><br \/>(+26 for winning)\n|raw|Rook110011's rating: 1249 &rarr; <strong>1223<\/strong><br \/>(-26 for losing)\n|l|\u2606Rook110011\n","uploadtime":1700547980,"views":8,"p1id":"mcgriddlesoe","p2id":"rook110011","formatid":"gen9ou","rating":1223,"private":0,"password":""}