{"id":"gen9ou-2000179037","p1":"dddddddqweeee","p2":"KingArchibaldy","format":"[Gen 9] OU","log":"|j|\u2606dddddddqweeee\n|j|\u2606KingArchibaldy\n|t:|1701168071\n|gametype|singles\n|player|p1|dddddddqweeee|gentleman|1267\n|player|p2|KingArchibaldy|preschooler|1247\n|teamsize|p1|6\n|teamsize|p2|6\n|gen|9\n|tier|[Gen 9] OU\n|rated|\n|rule|Sleep Clause Mod: Limit one foe put to sleep\n|rule|Species Clause: Limit one of each Pok\u00e9mon\n|rule|OHKO Clause: OHKO moves are banned\n|rule|Evasion Items Clause: Evasion items are banned\n|rule|Evasion Moves Clause: Evasion moves are banned\n|rule|Endless Battle Clause: Forcing endless battles is banned\n|rule|HP Percentage Mod: HP is shown in percentages\n|clearpoke\n|poke|p1|Zapdos|\n|poke|p1|Slowking-Galar, F|\n|poke|p1|Perrserker, M|\n|poke|p1|Great Tusk|\n|poke|p1|Crawdaunt, M|\n|poke|p1|Mandibuzz, F|\n|poke|p2|Ogerpon-Cornerstone, F|\n|poke|p2|Espeon, M|\n|poke|p2|Greninja-*, M|\n|poke|p2|Iron Moth|\n|poke|p2|Thundurus-Therian, M|\n|poke|p2|Dragapult, M|\n|teampreview\n|\n|t:|1701168090\n|start\n|switch|p1a: Perrserker|Perrserker, M|100\/100\n|switch|p2a: Greninja|Greninja, M|100\/100\n|turn|1\n|\n|t:|1701168099\n|move|p2a: Greninja|Water Shuriken|p1a: Perrserker\n|-damage|p1a: Perrserker|91\/100\n|-damage|p1a: Perrserker|80\/100\n|-damage|p1a: Perrserker|69\/100\n|-hitcount|p1a: Perrserker|3\n|move|p1a: Perrserker|Close Combat|p2a: Greninja\n|-supereffective|p2a: Greninja\n|-damage|p2a: Greninja|0 fnt\n|-unboost|p1a: Perrserker|def|1\n|-unboost|p1a: Perrserker|spd|1\n|faint|p2a: Greninja\n|\n|upkeep\n|\n|t:|1701168112\n|switch|p2a: Iron Moth|Iron Moth|100\/100\n|-enditem|p2a: Iron Moth|Booster Energy\n|-activate|p2a: Iron Moth|ability: Quark Drive|[fromitem]\n|-start|p2a: Iron Moth|quarkdrivespa\n|turn|2\n|\n|t:|1701168122\n|move|p2a: Iron Moth|Fiery Dance|p1a: Perrserker\n|-supereffective|p1a: Perrserker\n|-damage|p1a: Perrserker|0 fnt\n|-boost|p2a: Iron Moth|spa|1\n|faint|p1a: Perrserker\n|\n|upkeep\n|\n|t:|1701168126\n|switch|p1a: Crawdaunt|Crawdaunt, M|100\/100\n|turn|3\n|\n|t:|1701168161\n|move|p1a: Crawdaunt|Aqua Jet|p2a: Iron Moth\n|-supereffective|p2a: Iron Moth\n|-damage|p2a: Iron Moth|0 fnt\n|faint|p2a: Iron Moth\n|-end|p2a: Iron Moth|Quark Drive|[silent]\n|\n|upkeep\n|\n|t:|1701168169\n|switch|p2a: Thundurus|Thundurus-Therian, M|100\/100\n|turn|4\n|\n|t:|1701168191\n|switch|p1a: Slowking|Slowking-Galar, F|100\/100\n|move|p2a: Thundurus|Volt Switch|p1a: Slowking\n|-damage|p1a: Slowking|56\/100\n|\n|t:|1701168199\n|switch|p2a: Dragapult|Dragapult, M|100\/100|[from] Volt Switch\n|\n|upkeep\n|turn|5\n|\n|t:|1701168206\n|switch|p1a: Mandibuzz|Mandibuzz, F|100\/100\n|move|p2a: Dragapult|Dragon Darts|p1a: Mandibuzz\n|-damage|p1a: Mandibuzz|81\/100\n|-anim|p2a: Dragapult|Dragon Darts|p1a: Mandibuzz\n|-damage|p1a: Mandibuzz|61\/100\n|\n|upkeep\n|turn|6\n|\n|t:|1701168219\n|switch|p2a: Ogerpon|Ogerpon-Cornerstone, F|100\/100\n|move|p1a: Mandibuzz|Roost|p1a: Mandibuzz\n|-heal|p1a: Mandibuzz|100\/100\n|-singleturn|p1a: Mandibuzz|move: Roost\n|\n|upkeep\n|turn|7\n|\n|t:|1701168228\n|switch|p1a: Great Tusk|Great Tusk, shiny|100\/100\n|-terastallize|p2a: Ogerpon|Rock\n|detailschange|p2a: Ogerpon|Ogerpon-Cornerstone-Tera, F, tera:Rock\n|-ability|p2a: Ogerpon|Embody Aspect (Cornerstone)|boost\n|-boost|p2a: Ogerpon|def|1\n|move|p2a: Ogerpon|Swords Dance|p2a: Ogerpon\n|-boost|p2a: Ogerpon|atk|2\n|\n|upkeep\n|turn|8\n|\n|t:|1701168239\n|move|p2a: Ogerpon|Horn Leech|p1a: Great Tusk\n|-supereffective|p1a: Great Tusk\n|-damage|p1a: Great Tusk|16\/100\n|move|p1a: Great Tusk|Earthquake|p2a: Ogerpon\n|-supereffective|p2a: Ogerpon\n|-damage|p2a: Ogerpon|22\/100\n|\n|-heal|p1a: Great Tusk|22\/100|[from] item: Leftovers\n|upkeep\n|turn|9\n|\n|t:|1701168245\n|move|p2a: Ogerpon|Horn Leech|p1a: Great Tusk\n|-supereffective|p1a: Great Tusk\n|-damage|p1a: Great Tusk|0 fnt\n|-heal|p2a: Ogerpon|38\/100|[from] drain|[of] p1a: Great Tusk\n|faint|p1a: Great Tusk\n|-end|p1a: Great Tusk|Protosynthesis|[silent]\n|\n|upkeep\n|\n|t:|1701168248\n|switch|p1a: Crawdaunt|Crawdaunt, M|100\/100\n|turn|10\n|\n|t:|1701168256\n|switch|p2a: Dragapult|Dragapult, M|100\/100\n|move|p1a: Crawdaunt|Aqua Jet|p2a: Dragapult\n|-resisted|p2a: Dragapult\n|-damage|p2a: Dragapult|72\/100\n|\n|upkeep\n|turn|11\n|\n|t:|1701168262\n|switch|p1a: Mandibuzz|Mandibuzz, F|100\/100\n|move|p2a: Dragapult|U-turn|p1a: Mandibuzz\n|-damage|p1a: Mandibuzz|81\/100\n|\n|t:|1701168266\n|switch|p2a: Ogerpon|Ogerpon-Cornerstone-Tera, F, tera:Rock|38\/100|[from] U-turn\n|-ability|p2a: Ogerpon|Embody Aspect (Cornerstone)|boost\n|-boost|p2a: Ogerpon|def|1\n|\n|upkeep\n|turn|12\n|\n|t:|1701168278\n|switch|p1a: Slowking|Slowking-Galar, F|90\/100\n|move|p2a: Ogerpon|Ivy Cudgel|p1a: Slowking|[anim] Ivy Cudgel Rock\n|-damage|p1a: Slowking|28\/100\n|\n|upkeep\n|turn|13\n|\n|t:|1701168284\n|move|p2a: Ogerpon|Ivy Cudgel|p1a: Slowking|[anim] Ivy Cudgel Rock\n|-damage|p1a: Slowking|0 fnt\n|faint|p1a: Slowking\n|\n|upkeep\n|\n|t:|1701168287\n|switch|p1a: Crawdaunt|Crawdaunt, M|100\/100\n|turn|14\n|\n|t:|1701168293\n|switch|p2a: Thundurus|Thundurus-Therian, M|100\/100\n|move|p1a: Crawdaunt|Aqua Jet|p2a: Thundurus\n|-damage|p2a: Thundurus|40\/100\n|\n|upkeep\n|turn|15\n|\n|t:|1701168299\n|move|p1a: Crawdaunt|Aqua Jet|p2a: Thundurus\n|-damage|p2a: Thundurus|0 fnt\n|faint|p2a: Thundurus\n|\n|upkeep\n|\n|t:|1701168303\n|switch|p2a: Dragapult|Dragapult, M|72\/100\n|turn|16\n|\n|t:|1701168315\n|switch|p1a: Zapdos|Zapdos|100\/100\n|move|p2a: Dragapult|Dragon Darts|p1a: Zapdos\n|-damage|p1a: Zapdos|61\/100\n|-anim|p2a: Dragapult|Dragon Darts|p1a: Zapdos\n|-damage|p1a: Zapdos|21\/100\n|\n|upkeep\n|turn|17\n|\n|t:|1701168328\n|move|p2a: Dragapult|Dragon Darts|p1a: Zapdos\n|-damage|p1a: Zapdos|0 fnt\n|faint|p1a: Zapdos\n|\n|upkeep\n|\n|t:|1701168330\n|switch|p1a: Mandibuzz|Mandibuzz, F|81\/100\n|turn|18\n|\n|t:|1701168335\n|move|p2a: Dragapult|Dragon Darts|p1a: Mandibuzz\n|-damage|p1a: Mandibuzz|60\/100\n|-anim|p2a: Dragapult|Dragon Darts|p1a: Mandibuzz\n|-damage|p1a: Mandibuzz|40\/100\n|move|p1a: Mandibuzz|Foul Play|p2a: Dragapult\n|-supereffective|p2a: Dragapult\n|-damage|p2a: Dragapult|0 fnt\n|faint|p2a: Dragapult\n|\n|upkeep\n|\n|t:|1701168343\n|switch|p2a: Ogerpon|Ogerpon-Cornerstone-Tera, F, tera:Rock|38\/100\n|-ability|p2a: Ogerpon|Embody Aspect (Cornerstone)|boost\n|-boost|p2a: Ogerpon|def|1\n|turn|19\n|\n|t:|1701168350\n|move|p2a: Ogerpon|Ivy Cudgel|p1a: Mandibuzz|[anim] Ivy Cudgel Rock\n|-supereffective|p1a: Mandibuzz\n|-crit|p1a: Mandibuzz\n|-damage|p1a: Mandibuzz|0 fnt\n|faint|p1a: Mandibuzz\n|\n|upkeep\n|\n|t:|1701168352\n|switch|p1a: Crawdaunt|Crawdaunt, M|100\/100\n|turn|20\n|\n|t:|1701168361\n|switch|p2a: Espeon|Espeon, M|100\/100\n|move|p1a: Crawdaunt|Aqua Jet|p2a: Espeon\n|-damage|p2a: Espeon|30\/100\n|\n|upkeep\n|turn|21\n|\n|t:|1701168366\n|move|p1a: Crawdaunt|Aqua Jet|p2a: Espeon\n|-damage|p2a: Espeon|0 fnt\n|faint|p2a: Espeon\n|\n|upkeep\n|\n|t:|1701168367\n|switch|p2a: Ogerpon|Ogerpon-Cornerstone-Tera, F, tera:Rock|38\/100\n|-ability|p2a: Ogerpon|Embody Aspect (Cornerstone)|boost\n|-boost|p2a: Ogerpon|def|1\n|turn|22\n|\n|t:|1701168373\n|move|p1a: Crawdaunt|Aqua Jet|p2a: Ogerpon\n|-supereffective|p2a: Ogerpon\n|-damage|p2a: Ogerpon|0 fnt\n|faint|p2a: Ogerpon\n|\n|win|dddddddqweeee\n|raw|dddddddqweeee's rating: 1267 &rarr; <strong>1291<\/strong><br \/>(+24 for winning)\n|raw|KingArchibaldy's rating: 1247 &rarr; <strong>1223<\/strong><br \/>(-24 for losing)\n","uploadtime":1701168377,"views":3,"p1id":"dddddddqweeee","p2id":"kingarchibaldy","formatid":"gen9ou","rating":1223,"private":0,"password":""}