{"id":"gen9ou-1993211366","p1":"calcroft","p2":"imaginatron","format":"[Gen 9] OU","log":"|j|\u2606calcroft\n|j|\u2606imaginatron\n|t:|1700278627\n|gametype|singles\n|player|p1|calcroft|1|1055\n|player|p2|imaginatron|2|1015\n|teamsize|p1|6\n|teamsize|p2|6\n|gen|9\n|tier|[Gen 9] OU\n|rated|\n|rule|Sleep Clause Mod: Limit one foe put to sleep\n|rule|Species Clause: Limit one of each Pok\u00e9mon\n|rule|OHKO Clause: OHKO moves are banned\n|rule|Evasion Items Clause: Evasion items are banned\n|rule|Evasion Moves Clause: Evasion moves are banned\n|rule|Endless Battle Clause: Forcing endless battles is banned\n|rule|HP Percentage Mod: HP is shown in percentages\n|clearpoke\n|poke|p1|Garchomp, M|\n|poke|p1|Ceruledge, F|\n|poke|p1|Iron Valiant|\n|poke|p1|Oricorio-Sensu, F|\n|poke|p1|Voltorb-Hisui|\n|poke|p1|Arcanine-Hisui, F|\n|poke|p2|Alomomola, M|\n|poke|p2|Slowking-Galar, F|\n|poke|p2|Cresselia, F|\n|poke|p2|Blissey, F|\n|poke|p2|Clodsire, M|\n|poke|p2|Toxapex, F|\n|teampreview\n|inactive|Battle timer is ON: inactive players will automatically lose when time's up. (requested by imaginatron)\n|\n|t:|1700278650\n|start\n|switch|p1a: Ceruledge|Ceruledge, F|100\/100\n|switch|p2a: Slowking|Slowking-Galar, F|100\/100\n|turn|1\n|\n|t:|1700278656\n|move|p1a: Ceruledge|Poltergeist|p2a: Slowking|[miss]\n|-miss|p1a: Ceruledge|p2a: Slowking\n|move|p2a: Slowking|Toxic Spikes|p1a: Ceruledge\n|-sidestart|p1: calcroft|move: Toxic Spikes\n|\n|upkeep\n|turn|2\n|inactive|imaginatron has 120 seconds left.\n|\n|t:|1700278689\n|switch|p2a: Toxapex|Toxapex, F|100\/100\n|move|p1a: Ceruledge|Swords Dance|p1a: Ceruledge\n|-boost|p1a: Ceruledge|atk|2\n|\n|upkeep\n|turn|3\n|\n|t:|1700278694\n|move|p1a: Ceruledge|Swords Dance|p1a: Ceruledge\n|-boost|p1a: Ceruledge|atk|2\n|move|p2a: Toxapex|Haze|p2a: Toxapex\n|-clearallboost\n|\n|upkeep\n|turn|4\n|\n|t:|1700278700\n|move|p1a: Ceruledge|Swords Dance|p1a: Ceruledge\n|-boost|p1a: Ceruledge|atk|2\n|move|p2a: Toxapex|Toxic|p1a: Ceruledge\n|-status|p1a: Ceruledge|tox\n|\n|-damage|p1a: Ceruledge|94\/100 tox|[from] psn\n|upkeep\n|turn|5\n|\n|t:|1700278707\n|move|p1a: Ceruledge|Poltergeist|p2a: Toxapex\n|-activate|p2a: Toxapex|move: Poltergeist|Heavy-Duty Boots\n|-damage|p2a: Toxapex|38\/100\n|move|p2a: Toxapex|Haze|p2a: Toxapex\n|-clearallboost\n|\n|-damage|p1a: Ceruledge|82\/100 tox|[from] psn\n|upkeep\n|turn|6\n|\n|t:|1700278719\n|switch|p2a: Alomomola|Alomomola, M|100\/100\n|move|p1a: Ceruledge|Poltergeist|p2a: Alomomola\n|-activate|p2a: Alomomola|move: Poltergeist|Heavy-Duty Boots\n|-damage|p2a: Alomomola|71\/100\n|\n|-damage|p1a: Ceruledge|63\/100 tox|[from] psn\n|upkeep\n|turn|7\n|\n|t:|1700278734\n|switch|p1a: Voltorb|Voltorb-Hisui|100\/100\n|-status|p1a: Voltorb|psn\n|switch|p2a: Toxapex|Toxapex, F|72\/100\n|\n|-damage|p1a: Voltorb|88\/100 psn|[from] psn\n|upkeep\n|turn|8\n|\n|t:|1700278747\n|switch|p2a: Slowking|Slowking-Galar, F|100\/100\n|move|p1a: Voltorb|Leech Seed|p2a: Slowking\n|-start|p2a: Slowking|move: Leech Seed\n|\n|-damage|p2a: Slowking|88\/100|[from] Leech Seed|[of] p1a: Voltorb\n|-heal|p1a: Voltorb|100\/100 psn|[silent]\n|-damage|p1a: Voltorb|88\/100 psn|[from] psn\n|upkeep\n|turn|9\n|\n|t:|1700278756\n|move|p1a: Voltorb|Thunder Wave|p2a: Slowking\n|-status|p2a: Slowking|par\n|move|p2a: Slowking|Toxic Spikes|p1a: Voltorb\n|-sidestart|p1: calcroft|move: Toxic Spikes\n|\n|-damage|p2a: Slowking|76\/100 par|[from] Leech Seed|[of] p1a: Voltorb\n|-heal|p1a: Voltorb|100\/100 psn|[silent]\n|-damage|p1a: Voltorb|88\/100 psn|[from] psn\n|upkeep\n|turn|10\n|\n|t:|1700278767\n|switch|p2a: Cresselia|Cresselia, F|100\/100\n|move|p1a: Voltorb|Taunt|p2a: Cresselia\n|-start|p2a: Cresselia|move: Taunt\n|\n|-damage|p1a: Voltorb|76\/100 psn|[from] psn\n|upkeep\n|turn|11\n|\n|t:|1700278775\n|move|p1a: Voltorb|Thunder Wave|p2a: Cresselia\n|-status|p2a: Cresselia|par\n|move|p2a: Cresselia|Psybeam|p1a: Voltorb\n|-damage|p1a: Voltorb|44\/100 psn\n|\n|-damage|p1a: Voltorb|32\/100 psn|[from] psn\n|upkeep\n|turn|12\n|\n|t:|1700278786\n|move|p1a: Voltorb|Giga Drain|p2a: Cresselia\n|-damage|p2a: Cresselia|89\/100 par\n|-heal|p1a: Voltorb|41\/100 psn|[from] drain|[of] p2a: Cresselia\n|move|p2a: Cresselia|Psybeam|p1a: Voltorb\n|-damage|p1a: Voltorb|9\/100 psn\n|\n|-heal|p2a: Cresselia|96\/100 par|[from] item: Leftovers\n|-damage|p1a: Voltorb|0 fnt|[from] psn\n|faint|p1a: Voltorb\n|-end|p2a: Cresselia|move: Taunt\n|upkeep\n|\n|t:|1700278812\n|switch|p1a: Oricorio|Oricorio-Sensu, F|100\/100\n|turn|13\n|\n|t:|1700278822\n|-terastallize|p1a: Oricorio|Fairy\n|move|p1a: Oricorio|Quiver Dance|p1a: Oricorio\n|-boost|p1a: Oricorio|spa|1\n|-boost|p1a: Oricorio|spd|1\n|-boost|p1a: Oricorio|spe|1\n|move|p2a: Cresselia|Confuse Ray|p1a: Oricorio\n|-start|p1a: Oricorio|confusion\n|\n|-heal|p2a: Cresselia|100\/100 par|[from] item: Leftovers\n|upkeep\n|turn|14\n|\n|t:|1700278833\n|-activate|p1a: Oricorio|confusion\n|move|p1a: Oricorio|Defog|p2a: Cresselia\n|-unboost|p2a: Cresselia|evasion|1\n|-sideend|p1: calcroft|Toxic Spikes|[from] move: Defog|[of] p1a: Oricorio\n|move|p2a: Cresselia|Thunder Wave|p1a: Oricorio\n|-status|p1a: Oricorio|par\n|\n|upkeep\n|turn|15\n|\n|t:|1700278845\n|-activate|p1a: Oricorio|confusion\n|-damage|p1a: Oricorio|93\/100 par|[from] confusion\n|move|p2a: Cresselia|Psybeam|p1a: Oricorio\n|-crit|p1a: Oricorio\n|-damage|p1a: Oricorio|54\/100 par\n|\n|upkeep\n|turn|16\n|\n|t:|1700278850\n|-activate|p1a: Oricorio|confusion\n|cant|p1a: Oricorio|par\n|cant|p2a: Cresselia|par\n|\n|upkeep\n|turn|17\n|\n|t:|1700278855\n|-activate|p1a: Oricorio|confusion\n|-damage|p1a: Oricorio|46\/100 par|[from] confusion\n|move|p2a: Cresselia|Psybeam|p1a: Oricorio\n|-damage|p1a: Oricorio|28\/100 par\n|\n|upkeep\n|turn|18\n|\n|t:|1700278861\n|-end|p1a: Oricorio|confusion\n|move|p1a: Oricorio|Revelation Dance|p2a: Cresselia\n|-crit|p2a: Cresselia\n|-damage|p2a: Cresselia|41\/100 par\n|move|p2a: Cresselia|Psybeam|p1a: Oricorio\n|-damage|p1a: Oricorio|10\/100 par\n|\n|-heal|p2a: Cresselia|48\/100 par|[from] item: Leftovers\n|upkeep\n|turn|19\n|\n|t:|1700278873\n|cant|p1a: Oricorio|par\n|move|p2a: Cresselia|Confuse Ray|p1a: Oricorio\n|-start|p1a: Oricorio|confusion\n|\n|-heal|p2a: Cresselia|54\/100 par|[from] item: Leftovers\n|upkeep\n|turn|20\n|\n|t:|1700278880\n|-activate|p1a: Oricorio|confusion\n|cant|p1a: Oricorio|par\n|move|p2a: Cresselia|Psybeam|p1a: Oricorio\n|-damage|p1a: Oricorio|0 fnt\n|faint|p1a: Oricorio\n|\n|-heal|p2a: Cresselia|60\/100 par|[from] item: Leftovers\n|upkeep\n|\n|t:|1700278888\n|switch|p1a: Arcanine|Arcanine-Hisui, F|100\/100\n|turn|21\n|\n|t:|1700278897\n|move|p1a: Arcanine|Head Smash|p2a: Cresselia\n|-damage|p2a: Cresselia|19\/100 par\n|move|p2a: Cresselia|Thunder Wave|p1a: Arcanine\n|-status|p1a: Arcanine|par\n|\n|-heal|p2a: Cresselia|25\/100 par|[from] item: Leftovers\n|upkeep\n|turn|22\n|\n|t:|1700278913\n|move|p1a: Arcanine|Extreme Speed|p2a: Cresselia\n|-damage|p2a: Cresselia|11\/100 par\n|move|p2a: Cresselia|Moonlight|p2a: Cresselia\n|-heal|p2a: Cresselia|61\/100 par\n|\n|-heal|p2a: Cresselia|67\/100 par|[from] item: Leftovers\n|upkeep\n|turn|23\n|\n|t:|1700278922\n|move|p1a: Arcanine|Iron Head|p2a: Cresselia\n|-damage|p2a: Cresselia|54\/100 par\n|cant|p2a: Cresselia|par\n|\n|-heal|p2a: Cresselia|60\/100 par|[from] item: Leftovers\n|upkeep\n|turn|24\n|\n|t:|1700278928\n|move|p1a: Arcanine|Flare Blitz|p2a: Cresselia\n|-damage|p2a: Cresselia|32\/100 par\n|cant|p2a: Cresselia|par\n|\n|-heal|p2a: Cresselia|38\/100 par|[from] item: Leftovers\n|upkeep\n|turn|25\n|\n|t:|1700278935\n|move|p1a: Arcanine|Flare Blitz|p2a: Cresselia\n|-damage|p2a: Cresselia|7\/100 par\n|move|p2a: Cresselia|Confuse Ray|p1a: Arcanine\n|-start|p1a: Arcanine|confusion\n|\n|-heal|p2a: Cresselia|13\/100 par|[from] item: Leftovers\n|upkeep\n|turn|26\n|\n|t:|1700278944\n|switch|p2a: Toxapex|Toxapex, F|100\/100\n|-activate|p1a: Arcanine|confusion\n|move|p1a: Arcanine|Flare Blitz|p2a: Toxapex\n|-resisted|p2a: Toxapex\n|-damage|p2a: Toxapex|83\/100\n|\n|upkeep\n|turn|27\n|\n|t:|1700278950\n|-activate|p1a: Arcanine|confusion\n|move|p1a: Arcanine|Head Smash|p2a: Toxapex\n|-damage|p2a: Toxapex|36\/100\n|move|p2a: Toxapex|Infestation|p1a: Arcanine\n|-resisted|p1a: Arcanine\n|-damage|p1a: Arcanine|99\/100 par\n|-activate|p1a: Arcanine|move: Infestation|[of] p2a: Toxapex\n|\n|-damage|p1a: Arcanine|86\/100 par|[from] move: Infestation|[partiallytrapped]\n|upkeep\n|turn|28\n|\n|t:|1700278959\n|switch|p2a: Alomomola|Alomomola, M|100\/100\n|-activate|p1a: Arcanine|confusion\n|move|p1a: Arcanine|Head Smash|p2a: Alomomola\n|-damage|p2a: Alomomola|60\/100\n|\n|-end|p1a: Arcanine|Infestation|[partiallytrapped]|[silent]\n|upkeep\n|turn|29\n|\n|t:|1700278967\n|-end|p1a: Arcanine|confusion\n|move|p1a: Arcanine|Head Smash|p2a: Alomomola\n|-damage|p2a: Alomomola|19\/100\n|move|p2a: Alomomola|Chilling Water|p1a: Arcanine\n|-supereffective|p1a: Arcanine\n|-damage|p1a: Arcanine|43\/100 par\n|-unboost|p1a: Arcanine|atk|1\n|\n|upkeep\n|turn|30\n|\n|t:|1700278977\n|switch|p2a: Slowking|Slowking-Galar, F|100\/100 par\n|move|p1a: Arcanine|Head Smash|p2a: Slowking\n|-damage|p2a: Slowking|46\/100 par\n|\n|upkeep\n|turn|31\n|\n|t:|1700278987\n|switch|p2a: Toxapex|Toxapex, F|69\/100\n|move|p1a: Arcanine|Head Smash|p2a: Toxapex\n|-damage|p2a: Toxapex|42\/100\n|\n|upkeep\n|turn|32\n|\n|t:|1700278993\n|switch|p2a: Alomomola|Alomomola, M|52\/100\n|move|p1a: Arcanine|Head Smash|p2a: Alomomola\n|-damage|p2a: Alomomola|25\/100\n|\n|upkeep\n|turn|33\n|\n|t:|1700279001\n|switch|p2a: Toxapex|Toxapex, F|75\/100\n|move|p1a: Arcanine|Flare Blitz|p2a: Toxapex\n|-resisted|p2a: Toxapex\n|-damage|p2a: Toxapex|64\/100\n|\n|upkeep\n|turn|34\n|\n|t:|1700279010\n|switch|p2a: Slowking|Slowking-Galar, F|80\/100 par\n|cant|p1a: Arcanine|par\n|\n|upkeep\n|turn|35\n|\n|t:|1700279017\n|switch|p2a: Toxapex|Toxapex, F|98\/100\n|move|p1a: Arcanine|Iron Head|p2a: Toxapex\n|-resisted|p2a: Toxapex\n|-damage|p2a: Toxapex|93\/100\n|\n|upkeep\n|turn|36\n|\n|t:|1700279027\n|move|p1a: Arcanine|Head Smash|p2a: Toxapex\n|-damage|p2a: Toxapex|62\/100\n|move|p2a: Toxapex|Infestation|p1a: Arcanine\n|-resisted|p1a: Arcanine\n|-damage|p1a: Arcanine|41\/100 par\n|-activate|p1a: Arcanine|move: Infestation|[of] p2a: Toxapex\n|\n|-damage|p1a: Arcanine|29\/100 par|[from] move: Infestation|[partiallytrapped]\n|upkeep\n|turn|37\n|\n|t:|1700279036\n|cant|p1a: Arcanine|par\n|move|p2a: Toxapex|Recover|p2a: Toxapex\n|-heal|p2a: Toxapex|100\/100\n|\n|-damage|p1a: Arcanine|16\/100 par|[from] move: Infestation|[partiallytrapped]\n|upkeep\n|turn|38\n|\n|t:|1700279050\n|move|p1a: Arcanine|Extreme Speed|p2a: Toxapex\n|-damage|p2a: Toxapex|90\/100\n|move|p2a: Toxapex|Infestation|p1a: Arcanine\n|-resisted|p1a: Arcanine\n|-damage|p1a: Arcanine|14\/100 par\n|\n|-damage|p1a: Arcanine|2\/100 par|[from] move: Infestation|[partiallytrapped]\n|upkeep\n|turn|39\n|\n|t:|1700279059\n|cant|p1a: Arcanine|par\n|move|p2a: Toxapex|Haze|p2a: Toxapex\n|-clearallboost\n|\n|-damage|p1a: Arcanine|0 fnt|[from] move: Infestation|[partiallytrapped]\n|faint|p1a: Arcanine\n|upkeep\n|\n|t:|1700279070\n|switch|p1a: Iron Valiant|Iron Valiant|100\/100\n|-enditem|p1a: Iron Valiant|Booster Energy\n|-activate|p1a: Iron Valiant|ability: Quark Drive|[fromitem]\n|-start|p1a: Iron Valiant|quarkdrivespe\n|turn|40\n|\n|t:|1700279075\n|move|p1a: Iron Valiant|Thunderbolt|p2a: Toxapex\n|-supereffective|p2a: Toxapex\n|-damage|p2a: Toxapex|41\/100\n|-status|p2a: Toxapex|par\n|move|p2a: Toxapex|Toxic|p1a: Iron Valiant\n|-status|p1a: Iron Valiant|tox\n|\n|-damage|p1a: Iron Valiant|94\/100 tox|[from] psn\n|upkeep\n|turn|41\n|\n|t:|1700279083\n|switch|p2a: Slowking|Slowking-Galar, F|100\/100 par\n|move|p1a: Iron Valiant|Thunderbolt|p2a: Slowking\n|-damage|p2a: Slowking|84\/100 par\n|\n|-damage|p1a: Iron Valiant|82\/100 tox|[from] psn\n|upkeep\n|turn|42\n|\n|t:|1700279092\n|move|p1a: Iron Valiant|Moonblast|p2a: Slowking\n|-resisted|p2a: Slowking\n|-crit|p2a: Slowking\n|-damage|p2a: Slowking|63\/100 par\n|move|p2a: Slowking|Toxic Spikes|p1a: Iron Valiant\n|-sidestart|p1: calcroft|move: Toxic Spikes\n|\n|-damage|p1a: Iron Valiant|63\/100 tox|[from] psn\n|upkeep\n|turn|43\n|\n|t:|1700279098\n|move|p1a: Iron Valiant|Aura Sphere|p2a: Slowking\n|-resisted|p2a: Slowking\n|-damage|p2a: Slowking|58\/100 par\n|move|p2a: Slowking|Toxic Spikes|p1a: Iron Valiant\n|-sidestart|p1: calcroft|move: Toxic Spikes\n|\n|-damage|p1a: Iron Valiant|38\/100 tox|[from] psn\n|upkeep\n|turn|44\n|n|\u203dcalcroft|calcroft\n|inactive|calcroft has 120 seconds left.\n|inactive|calcroft has 90 seconds left.\n|inactive|calcroft has 60 seconds left.\n|inactive|calcroft has 30 seconds left.\n|inactive|calcroft has 20 seconds left.\n|inactive|calcroft has 15 seconds left.\n|inactive|calcroft has 10 seconds left.\n|inactive|calcroft has 5 seconds left.\n|-message|calcroft lost due to inactivity.\n|\n|win|imaginatron\n|raw|calcroft's rating: 1055 &rarr; <strong>1035<\/strong><br \/>(-20 for losing)\n|raw|imaginatron's rating: 1015 &rarr; <strong>1057<\/strong><br \/>(+42 for winning)\n","uploadtime":1700279114,"views":12,"p1id":"calcroft","p2id":"imaginatron","formatid":"gen9ou","rating":1035,"private":0,"password":""}