{"id":"gen9ou-1991470457","p1":"dratchkid","p2":"gangangdaffy","format":"[Gen 9] OU","log":"|j|\u2606dratchkid\n|j|\u2606gangangdaffy\n|t:|1700079932\n|gametype|singles\n|player|p1|dratchkid|102|1455\n|player|p2|gangangdaffy|grimsley-gen7|1366\n|teamsize|p1|6\n|teamsize|p2|6\n|gen|9\n|tier|[Gen 9] OU\n|rated|\n|rule|Sleep Clause Mod: Limit one foe put to sleep\n|rule|Species Clause: Limit one of each Pok\u00e9mon\n|rule|OHKO Clause: OHKO moves are banned\n|rule|Evasion Items Clause: Evasion items are banned\n|rule|Evasion Moves Clause: Evasion moves are banned\n|rule|Endless Battle Clause: Forcing endless battles is banned\n|rule|HP Percentage Mod: HP is shown in percentages\n|clearpoke\n|poke|p1|Walking Wake|\n|poke|p1|Skeledirge, M|\n|poke|p1|Blissey, F|\n|poke|p1|Meowscarada, M|\n|poke|p1|Corviknight, F|\n|poke|p1|Gholdengo|\n|poke|p2|Iron Moth|\n|poke|p2|Great Tusk|\n|poke|p2|Gholdengo|\n|poke|p2|Dragonite, F|\n|poke|p2|Greninja-*, M|\n|poke|p2|Zapdos|\n|teampreview\n|inactive|Battle timer is ON: inactive players will automatically lose when time's up. (requested by dratchkid)\n|c|\u2606dratchkid|Glhf\n|\n|t:|1700079943\n|start\n|switch|p1a: Walking Wake|Walking Wake|100\/100\n|switch|p2a: Iron Moth|Iron Moth|100\/100\n|-enditem|p2a: Iron Moth|Booster Energy\n|-activate|p2a: Iron Moth|ability: Quark Drive|[fromitem]\n|-start|p2a: Iron Moth|quarkdrivespe\n|turn|1\n|c|\u2606gangangdaffy|gl hf\n|\n|t:|1700079953\n|move|p2a: Iron Moth|Sludge Wave|p1a: Walking Wake\n|-damage|p1a: Walking Wake|43\/100\n|move|p1a: Walking Wake|Surf|p2a: Iron Moth\n|-supereffective|p2a: Iron Moth\n|-damage|p2a: Iron Moth|0 fnt\n|faint|p2a: Iron Moth\n|-end|p2a: Iron Moth|Quark Drive|[silent]\n|-damage|p1a: Walking Wake|33\/100|[from] item: Life Orb\n|\n|upkeep\n|inactive|gangangdaffy has 120 seconds left.\n|\n|t:|1700079978\n|switch|p2a: Greninja|Greninja, M|100\/100\n|turn|2\n|\n|t:|1700079986\n|-end|p1a: Walking Wake|Protosynthesis|[silent]\n|switch|p1a: Blissey|Blissey, F|100\/100\n|move|p2a: Greninja|Dark Pulse|p1a: Blissey\n|-damage|p1a: Blissey|87\/100\n|-damage|p2a: Greninja|91\/100|[from] item: Life Orb\n|\n|upkeep\n|turn|3\n|\n|t:|1700079993\n|switch|p2a: Dragonite|Dragonite, F|100\/100\n|move|p1a: Blissey|Shadow Ball|p2a: Dragonite\n|-damage|p2a: Dragonite|92\/100\n|\n|upkeep\n|turn|4\n|\n|t:|1700080001\n|switch|p1a: Corviknight|Corviknight, F|100\/100\n|-ability|p1a: Corviknight|Pressure\n|move|p2a: Dragonite|Outrage|p1a: Corviknight\n|-resisted|p1a: Corviknight\n|-damage|p1a: Corviknight|69\/100\n|-damage|p2a: Dragonite|76\/100|[from] item: Rocky Helmet|[of] p1a: Corviknight\n|\n|upkeep\n|turn|5\n|\n|t:|1700080007\n|move|p2a: Dragonite|Outrage|p1a: Corviknight|[from]lockedmove\n|-resisted|p1a: Corviknight\n|-damage|p1a: Corviknight|40\/100\n|-damage|p2a: Dragonite|60\/100|[from] item: Rocky Helmet|[of] p1a: Corviknight\n|-start|p2a: Dragonite|confusion|[fatigue]\n|move|p1a: Corviknight|Roost|p1a: Corviknight\n|-heal|p1a: Corviknight|90\/100\n|-singleturn|p1a: Corviknight|move: Roost\n|\n|upkeep\n|turn|6\n|\n|t:|1700080016\n|switch|p2a: Great Tusk|Great Tusk|100\/100\n|move|p1a: Corviknight|U-turn|p2a: Great Tusk\n|-resisted|p2a: Great Tusk\n|-damage|p2a: Great Tusk|97\/100\n|\n|t:|1700080018\n|switch|p1a: Walking Wake|Walking Wake|33\/100|[from] U-turn\n|\n|upkeep\n|turn|7\n|\n|t:|1700080028\n|-terastallize|p2a: Great Tusk|Steel\n|move|p1a: Walking Wake|Draco Meteor|p2a: Great Tusk\n|-resisted|p2a: Great Tusk\n|-damage|p2a: Great Tusk|46\/100\n|-unboost|p1a: Walking Wake|spa|2\n|-damage|p1a: Walking Wake|24\/100|[from] item: Life Orb\n|move|p2a: Great Tusk|Knock Off|p1a: Walking Wake\n|-damage|p1a: Walking Wake|0 fnt\n|-enditem|p1a: Walking Wake|Life Orb|[from] move: Knock Off|[of] p2a: Great Tusk\n|faint|p1a: Walking Wake\n|-end|p1a: Walking Wake|Protosynthesis|[silent]\n|\n|upkeep\n|\n|t:|1700080035\n|switch|p1a: Corviknight|Corviknight, F|90\/100\n|-ability|p1a: Corviknight|Pressure\n|turn|8\n|\n|t:|1700080050\n|move|p2a: Great Tusk|Ice Spinner|p1a: Corviknight\n|-damage|p1a: Corviknight|75\/100\n|-damage|p2a: Great Tusk|29\/100|[from] item: Rocky Helmet|[of] p1a: Corviknight\n|move|p1a: Corviknight|U-turn|p2a: Great Tusk\n|-resisted|p2a: Great Tusk\n|-damage|p2a: Great Tusk|25\/100\n|\n|t:|1700080054\n|switch|p1a: Meowscarada|Meowscarada, M, shiny|100\/100|[from] U-turn\n|\n|upkeep\n|turn|9\n|l|\u2606gangangdaffy\n|inactive|gangangdaffy disconnected and has a minute to reconnect!\n|player|p2|\n|j|\u2606gangangdaffy\n|inactive|gangangdaffy reconnected and has 120 seconds left.\n|player|p2|gangangdaffy|grimsley-gen7\n|\n|t:|1700080090\n|switch|p1a: Blissey|Blissey, F|87\/100\n|move|p2a: Great Tusk|Ice Spinner|p1a: Blissey\n|-damage|p1a: Blissey|39\/100\n|\n|upkeep\n|turn|10\n|inactive|gangangdaffy has 120 seconds left.\n|\n|t:|1700080096\n|switch|p1a: Corviknight|Corviknight, F|75\/100\n|-ability|p1a: Corviknight|Pressure\n|move|p2a: Great Tusk|Knock Off|p1a: Corviknight\n|-damage|p1a: Corviknight|57\/100\n|-damage|p2a: Great Tusk|9\/100|[from] item: Rocky Helmet|[of] p1a: Corviknight\n|-enditem|p1a: Corviknight|Rocky Helmet|[from] move: Knock Off|[of] p2a: Great Tusk\n|\n|upkeep\n|turn|11\n|\n|t:|1700080104\n|move|p2a: Great Tusk|Ice Spinner|p1a: Corviknight\n|-damage|p1a: Corviknight|42\/100\n|move|p1a: Corviknight|Roost|p1a: Corviknight\n|-heal|p1a: Corviknight|92\/100\n|-singleturn|p1a: Corviknight|move: Roost\n|\n|upkeep\n|turn|12\n|\n|t:|1700080121\n|move|p2a: Great Tusk|Stealth Rock|p1a: Corviknight\n|-sidestart|p1: dratchkid|move: Stealth Rock\n|move|p1a: Corviknight|Body Press|p2a: Great Tusk\n|-supereffective|p2a: Great Tusk\n|-damage|p2a: Great Tusk|0 fnt\n|faint|p2a: Great Tusk\n|-end|p2a: Great Tusk|Protosynthesis|[silent]\n|\n|upkeep\n|\n|t:|1700080139\n|switch|p2a: Zapdos|Zapdos|100\/100\n|turn|13\n|\n|t:|1700080149\n|switch|p1a: Blissey|Blissey, F|39\/100\n|move|p2a: Zapdos|Volt Switch|p1a: Blissey\n|-damage|p1a: Blissey|28\/100\n|\n|t:|1700080155\n|switch|p2a: Greninja|Greninja, M|91\/100|[from] Volt Switch\n|\n|upkeep\n|turn|14\n|inactive|dratchkid has 120 seconds left.\n|\n|t:|1700080187\n|move|p2a: Greninja|Surf|p1a: Blissey\n|-damage|p1a: Blissey|15\/100\n|-damage|p2a: Greninja|81\/100|[from] item: Life Orb\n|move|p1a: Blissey|Soft-Boiled|p1a: Blissey\n|-heal|p1a: Blissey|65\/100\n|\n|upkeep\n|turn|15\n|\n|t:|1700080199\n|switch|p2a: Dragonite|Dragonite, F|60\/100\n|move|p1a: Blissey|Thunder Wave|p2a: Dragonite\n|-status|p2a: Dragonite|par\n|\n|upkeep\n|turn|16\n|\n|t:|1700080213\n|switch|p1a: Corviknight|Corviknight, F|92\/100\n|-damage|p1a: Corviknight|80\/100|[from] Stealth Rock\n|-ability|p1a: Corviknight|Pressure\n|move|p2a: Dragonite|Fire Punch|p1a: Corviknight\n|-supereffective|p1a: Corviknight\n|-damage|p1a: Corviknight|31\/100\n|\n|upkeep\n|turn|17\n|\n|t:|1700080229\n|switch|p1a: Skeledirge|Skeledirge, M|100\/100\n|move|p2a: Dragonite|Fire Punch|p1a: Skeledirge\n|-resisted|p1a: Skeledirge\n|-damage|p1a: Skeledirge|81\/100\n|\n|upkeep\n|turn|18\n|\n|t:|1700080240\n|switch|p2a: Zapdos|Zapdos|100\/100\n|move|p1a: Skeledirge|Earth Power|p2a: Zapdos\n|-immune|p2a: Zapdos\n|\n|upkeep\n|turn|19\n|inactive|gangangdaffy has 120 seconds left.\n|\n|t:|1700080276\n|move|p2a: Zapdos|Thunderbolt|p1a: Skeledirge\n|-damage|p1a: Skeledirge|48\/100\n|move|p1a: Skeledirge|Slack Off|p1a: Skeledirge\n|-heal|p1a: Skeledirge|98\/100\n|\n|upkeep\n|turn|20\n|inactive|gangangdaffy has 120 seconds left.\n|inactive|dratchkid has 120 seconds left.\n|\n|t:|1700080302\n|move|p2a: Zapdos|Volt Switch|p1a: Skeledirge\n|-crit|p1a: Skeledirge\n|-damage|p1a: Skeledirge|53\/100\n|\n|t:|1700080306\n|switch|p2a: Greninja|Greninja, M|81\/100|[from] Volt Switch\n|move|p1a: Skeledirge|Torch Song|p2a: Greninja\n|-resisted|p2a: Greninja\n|-damage|p2a: Greninja|58\/100\n|-boost|p1a: Skeledirge|spa|1\n|\n|upkeep\n|turn|21\n|inactive|dratchkid has 120 seconds left.\n|\n|t:|1700080340\n|switch|p1a: Blissey|Blissey, F|65\/100\n|move|p2a: Greninja|Surf|p1a: Blissey\n|-damage|p1a: Blissey|51\/100\n|-damage|p2a: Greninja|48\/100|[from] item: Life Orb\n|\n|upkeep\n|turn|22\n|\n|t:|1700080348\n|switch|p2a: Zapdos|Zapdos|100\/100\n|move|p1a: Blissey|Shadow Ball|p2a: Zapdos\n|-damage|p2a: Zapdos|86\/100\n|\n|upkeep\n|turn|23\n|\n|t:|1700080359\n|move|p2a: Zapdos|Volt Switch|p1a: Blissey\n|-damage|p1a: Blissey|41\/100\n|\n|t:|1700080361\n|switch|p2a: Dragonite|Dragonite, F|60\/100 par|[from] Volt Switch\n|move|p1a: Blissey|Soft-Boiled|p1a: Blissey\n|-heal|p1a: Blissey|91\/100\n|\n|upkeep\n|turn|24\n|inactive|dratchkid has 120 seconds left.\n|inactive|dratchkid has 90 seconds left.\n|inactive|dratchkid has 60 seconds left.\n|\n|t:|1700080432\n|switch|p1a: Corviknight|Corviknight, F|31\/100\n|-damage|p1a: Corviknight|18\/100|[from] Stealth Rock\n|-ability|p1a: Corviknight|Pressure\n|move|p2a: Dragonite|Outrage|p1a: Corviknight\n|-resisted|p1a: Corviknight\n|-damage|p1a: Corviknight|0 fnt\n|faint|p1a: Corviknight\n|\n|upkeep\n|inactive|dratchkid has 60 seconds left.\n|\n|t:|1700080438\n|switch|p1a: Gholdengo|Gholdengo|100\/100\n|-damage|p1a: Gholdengo|94\/100|[from] Stealth Rock\n|turn|25\n|\n|t:|1700080443\n|move|p1a: Gholdengo|Make It Rain|p2a: Dragonite\n|-damage|p2a: Dragonite|0 fnt\n|-unboost|p1a: Gholdengo|spa|1\n|faint|p2a: Dragonite\n|\n|upkeep\n|\n|t:|1700080450\n|switch|p2a: Greninja|Greninja, M|48\/100\n|turn|26\n|inactive|dratchkid has 60 seconds left.\n|\n|t:|1700080480\n|move|p2a: Greninja|Dark Pulse|p1a: Gholdengo\n|-supereffective|p1a: Gholdengo\n|-damage|p1a: Gholdengo|0 fnt\n|faint|p1a: Gholdengo\n|-ability|p2a: Greninja|Battle Bond|boost\n|-boost|p2a: Greninja|atk|1\n|-boost|p2a: Greninja|spa|1\n|-boost|p2a: Greninja|spe|1\n|-activate|p2a: Greninja|ability: Battle Bond\n|-damage|p2a: Greninja|38\/100|[from] item: Life Orb\n|\n|upkeep\n|\n|t:|1700080483\n|switch|p1a: Meowscarada|Meowscarada, M, shiny|100\/100\n|-damage|p1a: Meowscarada|88\/100|[from] Stealth Rock\n|turn|27\n|\n|t:|1700080495\n|move|p1a: Meowscarada|Play Rough|p2a: Greninja\n|-start|p1a: Meowscarada|typechange|Fairy|[from] ability: Protean\n|-supereffective|p2a: Greninja\n|-damage|p2a: Greninja|0 fnt\n|faint|p2a: Greninja\n|\n|upkeep\n|\n|t:|1700080502\n|switch|p2a: Zapdos|Zapdos|86\/100\n|turn|28\n|\n|t:|1700080509\n|switch|p1a: Blissey|Blissey, F|91\/100\n|move|p2a: Zapdos|Hurricane|p1a: Blissey\n|-damage|p1a: Blissey|74\/100\n|\n|upkeep\n|turn|29\n|inactive|dratchkid has 90 seconds left.\n|c|\u2606dratchkid|gg\n|\n|t:|1700080523\n|move|p2a: Zapdos|Thunderbolt|p1a: Blissey\n|-damage|p1a: Blissey|60\/100\n|move|p1a: Blissey|Shadow Ball|p2a: Zapdos\n|-damage|p2a: Zapdos|72\/100\n|\n|upkeep\n|turn|30\n|\n|t:|1700080530\n|move|p2a: Zapdos|Thunderbolt|p1a: Blissey\n|-damage|p1a: Blissey|47\/100\n|move|p1a: Blissey|Seismic Toss|p2a: Zapdos\n|-damage|p2a: Zapdos|46\/100\n|-status|p1a: Blissey|par|[from] ability: Static|[of] p2a: Zapdos\n|\n|upkeep\n|turn|31\n|\n|t:|1700080535\n|move|p2a: Zapdos|Thunderbolt|p1a: Blissey\n|-damage|p1a: Blissey|33\/100 par\n|move|p1a: Blissey|Soft-Boiled|p1a: Blissey\n|-heal|p1a: Blissey|83\/100 par\n|\n|upkeep\n|turn|32\n|\n|t:|1700080543\n|move|p2a: Zapdos|Thunderbolt|p1a: Blissey\n|-damage|p1a: Blissey|69\/100 par\n|move|p1a: Blissey|Seismic Toss|p2a: Zapdos\n|-damage|p2a: Zapdos|20\/100\n|\n|upkeep\n|turn|33\n|\n|t:|1700080549\n|move|p2a: Zapdos|Roost|p2a: Zapdos\n|-heal|p2a: Zapdos|70\/100\n|-singleturn|p2a: Zapdos|move: Roost\n|cant|p1a: Blissey|par\n|\n|upkeep\n|turn|34\n|inactive|dratchkid has 120 seconds left.\n|\n|t:|1700080562\n|move|p2a: Zapdos|Thunderbolt|p1a: Blissey\n|-damage|p1a: Blissey|54\/100 par\n|move|p1a: Blissey|Soft-Boiled|p1a: Blissey\n|-heal|p1a: Blissey|100\/100 par\n|\n|upkeep\n|turn|35\n|\n|t:|1700080567\n|move|p2a: Zapdos|Thunderbolt|p1a: Blissey\n|-damage|p1a: Blissey|86\/100 par\n|cant|p1a: Blissey|par\n|\n|upkeep\n|turn|36\n|\n|t:|1700080573\n|-curestatus|p1a: Blissey|par|[from] ability: Natural Cure\n|switch|p1a: Meowscarada|Meowscarada, M, shiny|88\/100\n|-damage|p1a: Meowscarada|76\/100|[from] Stealth Rock\n|move|p2a: Zapdos|Hurricane|p1a: Meowscarada\n|-supereffective|p1a: Meowscarada\n|-damage|p1a: Meowscarada|0 fnt\n|faint|p1a: Meowscarada\n|\n|upkeep\n|\n|t:|1700080576\n|switch|p1a: Skeledirge|Skeledirge, M|53\/100\n|turn|37\n|\n|t:|1700080589\n|move|p2a: Zapdos|Hurricane|p1a: Skeledirge\n|-crit|p1a: Skeledirge\n|-damage|p1a: Skeledirge|0 fnt\n|faint|p1a: Skeledirge\n|\n|upkeep\n|\n|t:|1700080593\n|switch|p1a: Blissey|Blissey, F|86\/100\n|turn|38\n|c|\u2606gangangdaffy|how much pp does soft boiled have\n|\n|t:|1700080601\n|move|p2a: Zapdos|Thunderbolt|p1a: Blissey\n|-damage|p1a: Blissey|73\/100\n|move|p1a: Blissey|Seismic Toss|p2a: Zapdos\n|-damage|p2a: Zapdos|44\/100\n|\n|upkeep\n|turn|39\n|\n|t:|1700080609\n|move|p2a: Zapdos|Thunderbolt|p1a: Blissey\n|-damage|p1a: Blissey|58\/100\n|move|p1a: Blissey|Seismic Toss|p2a: Zapdos\n|-damage|p2a: Zapdos|18\/100\n|\n|upkeep\n|turn|40\n|\n|t:|1700080615\n|move|p2a: Zapdos|Roost|p2a: Zapdos\n|-heal|p2a: Zapdos|68\/100\n|-singleturn|p2a: Zapdos|move: Roost\n|move|p1a: Blissey|Seismic Toss|p2a: Zapdos\n|-damage|p2a: Zapdos|42\/100\n|-status|p1a: Blissey|par|[from] ability: Static|[of] p2a: Zapdos\n|\n|upkeep\n|turn|41\n|\n|t:|1700080621\n|move|p2a: Zapdos|Roost|p2a: Zapdos\n|-heal|p2a: Zapdos|92\/100\n|-singleturn|p2a: Zapdos|move: Roost\n|move|p1a: Blissey|Seismic Toss|p2a: Zapdos\n|-damage|p2a: Zapdos|66\/100\n|\n|upkeep\n|turn|42\n|\n|t:|1700080628\n|move|p2a: Zapdos|Hurricane|p1a: Blissey\n|-damage|p1a: Blissey|41\/100 par\n|cant|p1a: Blissey|par\n|\n|upkeep\n|turn|43\n|\n|t:|1700080633\n|move|p2a: Zapdos|Thunderbolt|p1a: Blissey\n|-damage|p1a: Blissey|27\/100 par\n|move|p1a: Blissey|Seismic Toss|p2a: Zapdos\n|-damage|p2a: Zapdos|40\/100\n|\n|upkeep\n|turn|44\n|\n|t:|1700080637\n|move|p2a: Zapdos|Roost|p2a: Zapdos\n|-heal|p2a: Zapdos|90\/100\n|-singleturn|p2a: Zapdos|move: Roost\n|cant|p1a: Blissey|par\n|\n|upkeep\n|turn|45\n|\n|t:|1700080641\n|move|p2a: Zapdos|Thunderbolt|p1a: Blissey\n|-damage|p1a: Blissey|14\/100 par\n|move|p1a: Blissey|Soft-Boiled|p1a: Blissey\n|-heal|p1a: Blissey|64\/100 par\n|\n|upkeep\n|turn|46\n|\n|t:|1700080645\n|move|p2a: Zapdos|Hurricane|p1a: Blissey\n|-crit|p1a: Blissey\n|-damage|p1a: Blissey|37\/100 par\n|move|p1a: Blissey|Seismic Toss|p2a: Zapdos\n|-damage|p2a: Zapdos|64\/100\n|\n|upkeep\n|turn|47\n|\n|t:|1700080650\n|move|p2a: Zapdos|Hurricane|p1a: Blissey|[miss]\n|-miss|p2a: Zapdos|p1a: Blissey\n|move|p1a: Blissey|Soft-Boiled|p1a: Blissey\n|-heal|p1a: Blissey|87\/100 par\n|\n|upkeep\n|turn|48\n|\n|t:|1700080654\n|move|p2a: Zapdos|Thunderbolt|p1a: Blissey\n|-damage|p1a: Blissey|72\/100 par\n|cant|p1a: Blissey|par\n|\n|upkeep\n|turn|49\n|\n|t:|1700080668\n|move|p2a: Zapdos|Thunderbolt|p1a: Blissey\n|-crit|p1a: Blissey\n|-damage|p1a: Blissey|50\/100 par\n|move|p1a: Blissey|Seismic Toss|p2a: Zapdos\n|-damage|p2a: Zapdos|37\/100\n|\n|upkeep\n|turn|50\n|\n|t:|1700080674\n|move|p2a: Zapdos|Thunderbolt|p1a: Blissey\n|-damage|p1a: Blissey|37\/100 par\n|move|p1a: Blissey|Seismic Toss|p2a: Zapdos\n|-damage|p2a: Zapdos|11\/100\n|\n|upkeep\n|turn|51\n|\n|t:|1700080679\n|move|p2a: Zapdos|Volt Switch|p1a: Blissey\n|-damage|p1a: Blissey|27\/100 par\n|\n|t:|1700080682\n|switch|p2a: Gholdengo|Gholdengo|100\/100|[from] Volt Switch\n|move|p1a: Blissey|Soft-Boiled|p1a: Blissey\n|-heal|p1a: Blissey|77\/100 par\n|\n|upkeep\n|turn|52\n|\n|t:|1700080697\n|move|p2a: Gholdengo|Make It Rain|p1a: Blissey\n|-damage|p1a: Blissey|59\/100 par\n|-unboost|p2a: Gholdengo|spa|1\n|move|p1a: Blissey|Shadow Ball|p2a: Gholdengo\n|-supereffective|p2a: Gholdengo\n|-damage|p2a: Gholdengo|68\/100\n|\n|upkeep\n|turn|53\n|\n|t:|1700080706\n|move|p2a: Gholdengo|Make It Rain|p1a: Blissey\n|-damage|p1a: Blissey|48\/100 par\n|-unboost|p2a: Gholdengo|spa|1\n|move|p1a: Blissey|Seismic Toss|p2a: Gholdengo\n|-immune|p2a: Gholdengo\n|\n|upkeep\n|turn|54\n|\n|t:|1700080713\n|move|p2a: Gholdengo|Make It Rain|p1a: Blissey\n|-damage|p1a: Blissey|39\/100 par\n|-unboost|p2a: Gholdengo|spa|1\n|move|p1a: Blissey|Seismic Toss|p2a: Gholdengo\n|-immune|p2a: Gholdengo\n|\n|upkeep\n|turn|55\n|\n|t:|1700080721\n|move|p2a: Gholdengo|Make It Rain|p1a: Blissey\n|-damage|p1a: Blissey|31\/100 par\n|-unboost|p2a: Gholdengo|spa|1\n|move|p1a: Blissey|Seismic Toss|p2a: Gholdengo\n|-immune|p2a: Gholdengo\n|\n|upkeep\n|turn|56\n|\n|t:|1700080725\n|move|p2a: Gholdengo|Make It Rain|p1a: Blissey\n|-damage|p1a: Blissey|25\/100 par\n|-unboost|p2a: Gholdengo|spa|1\n|move|p1a: Blissey|Shadow Ball|p2a: Gholdengo\n|-supereffective|p2a: Gholdengo\n|-damage|p2a: Gholdengo|36\/100\n|\n|upkeep\n|turn|57\n|\n|t:|1700080729\n|move|p2a: Gholdengo|Make It Rain|p1a: Blissey\n|-damage|p1a: Blissey|20\/100 par\n|-unboost|p2a: Gholdengo|spa|1\n|move|p1a: Blissey|Shadow Ball|p2a: Gholdengo\n|-supereffective|p2a: Gholdengo\n|-damage|p2a: Gholdengo|0 fnt\n|faint|p2a: Gholdengo\n|\n|upkeep\n|\n|t:|1700080737\n|switch|p2a: Zapdos|Zapdos|11\/100\n|turn|58\n|\n|t:|1700080739\n|move|p2a: Zapdos|Roost|p2a: Zapdos\n|-heal|p2a: Zapdos|61\/100\n|-singleturn|p2a: Zapdos|move: Roost\n|move|p1a: Blissey|Soft-Boiled|p1a: Blissey\n|-heal|p1a: Blissey|70\/100 par\n|\n|upkeep\n|turn|59\n|\n|t:|1700080746\n|move|p2a: Zapdos|Thunderbolt|p1a: Blissey\n|-damage|p1a: Blissey|57\/100 par\n|move|p1a: Blissey|Seismic Toss|p2a: Zapdos\n|-damage|p2a: Zapdos|35\/100\n|\n|upkeep\n|turn|60\n|\n|t:|1700080766\n|move|p2a: Zapdos|Thunderbolt|p1a: Blissey\n|-damage|p1a: Blissey|43\/100 par\n|move|p1a: Blissey|Seismic Toss|p2a: Zapdos\n|-damage|p2a: Zapdos|9\/100\n|\n|upkeep\n|turn|61\n|\n|t:|1700080771\n|move|p2a: Zapdos|Roost|p2a: Zapdos\n|-heal|p2a: Zapdos|59\/100\n|-singleturn|p2a: Zapdos|move: Roost\n|move|p1a: Blissey|Seismic Toss|p2a: Zapdos\n|-damage|p2a: Zapdos|33\/100\n|\n|upkeep\n|turn|62\n|\n|t:|1700080780\n|move|p2a: Zapdos|Roost|p2a: Zapdos\n|-heal|p2a: Zapdos|83\/100\n|-singleturn|p2a: Zapdos|move: Roost\n|move|p1a: Blissey|Seismic Toss|p2a: Zapdos\n|-damage|p2a: Zapdos|57\/100\n|\n|upkeep\n|turn|63\n|\n|t:|1700080802\n|move|p2a: Zapdos|Hurricane|p1a: Blissey\n|-damage|p1a: Blissey|26\/100 par\n|move|p1a: Blissey|Seismic Toss|p2a: Zapdos\n|-damage|p2a: Zapdos|31\/100\n|\n|upkeep\n|turn|64\n|\n|t:|1700080815\n|move|p2a: Zapdos|Thunderbolt|p1a: Blissey\n|-damage|p1a: Blissey|13\/100 par\n|move|p1a: Blissey|Seismic Toss|p2a: Zapdos\n|-damage|p2a: Zapdos|5\/100\n|\n|upkeep\n|turn|65\n|-message|dratchkid forfeited.\n|\n|win|gangangdaffy\n|raw|dratchkid's rating: 1468 &rarr; <strong>1442<\/strong><br \/>(-26 for losing)\n|raw|gangangdaffy's rating: 1366 &rarr; <strong>1392<\/strong><br \/>(+26 for winning)\n|l|\u2606dratchkid\n|c|\u2606gangangdaffy|gg\n","uploadtime":1700080834,"views":10,"p1id":"dratchkid","p2id":"gangangdaffy","formatid":"gen9ou","rating":1392,"private":0,"password":""}