{"id":"gen9ou-1988785865","p1":"TheCheekyMeek","p2":"Rocketboss09","format":"[Gen 9] OU","log":"|j|\u2606TheCheekyMeek\n|j|\u2606Rocketboss09\n|t:|1699762933\n|gametype|singles\n|player|p1|TheCheekyMeek|101|1399\n|player|p2|Rocketboss09|dawn|1503\n|teamsize|p1|6\n|teamsize|p2|6\n|gen|9\n|tier|[Gen 9] OU\n|rated|\n|rule|Sleep Clause Mod: Limit one foe put to sleep\n|rule|Species Clause: Limit one of each Pok\u00e9mon\n|rule|OHKO Clause: OHKO moves are banned\n|rule|Evasion Items Clause: Evasion items are banned\n|rule|Evasion Moves Clause: Evasion moves are banned\n|rule|Endless Battle Clause: Forcing endless battles is banned\n|rule|HP Percentage Mod: HP is shown in percentages\n|clearpoke\n|poke|p1|Ribombee, F|\n|poke|p1|Grimmsnarl, M|\n|poke|p1|Great Tusk|\n|poke|p1|Dragonite, F|\n|poke|p1|Gholdengo|\n|poke|p1|Rillaboom, M|\n|poke|p2|Umbreon, M|\n|poke|p2|Quaquaval, M|\n|poke|p2|Glimmora, M|\n|poke|p2|Gyarados, M|\n|poke|p2|Dragonite, M|\n|poke|p2|Hoopa-Unbound|\n|teampreview\n|inactive|Battle timer is ON: inactive players will automatically lose when time's up. (requested by TheCheekyMeek)\n|inactive|Rocketboss09 has 120 seconds left.\n|inactive|Rocketboss09 has 90 seconds left.\n|\n|t:|1699763032\n|start\n|switch|p1a: Grimmsnarl|Grimmsnarl, M, shiny|100\/100\n|switch|p2a: Glimmora|Glimmora, M|100\/100\n|turn|1\n|\n|t:|1699763044\n|move|p1a: Grimmsnarl|Reflect|p1a: Grimmsnarl\n|-sidestart|p1: TheCheekyMeek|Reflect\n|move|p2a: Glimmora|Sludge Wave|p1a: Grimmsnarl\n|-supereffective|p1a: Grimmsnarl\n|-damage|p1a: Grimmsnarl|3\/100\n|\n|upkeep\n|turn|2\n|\n|t:|1699763053\n|move|p1a: Grimmsnarl|Light Screen|p1a: Grimmsnarl\n|-sidestart|p1: TheCheekyMeek|move: Light Screen\n|move|p2a: Glimmora|Earth Power|p1a: Grimmsnarl\n|-damage|p1a: Grimmsnarl|0 fnt\n|faint|p1a: Grimmsnarl\n|\n|upkeep\n|\n|t:|1699763058\n|switch|p1a: Ribombee|Ribombee, F|100\/100\n|turn|3\n|\n|t:|1699763066\n|move|p1a: Ribombee|Quiver Dance|p1a: Ribombee\n|-boost|p1a: Ribombee|spa|1\n|-boost|p1a: Ribombee|spd|1\n|-boost|p1a: Ribombee|spe|1\n|move|p2a: Glimmora|Sludge Wave|p1a: Ribombee\n|-supereffective|p1a: Ribombee\n|-damage|p1a: Ribombee|49\/100\n|\n|upkeep\n|turn|4\n|\n|t:|1699763094\n|-terastallize|p1a: Ribombee|Fire\n|-terastallize|p2a: Glimmora|Poison\n|move|p1a: Ribombee|Quiver Dance|p1a: Ribombee\n|-boost|p1a: Ribombee|spa|1\n|-boost|p1a: Ribombee|spd|1\n|-boost|p1a: Ribombee|spe|1\n|move|p2a: Glimmora|Sludge Wave|p1a: Ribombee\n|-damage|p1a: Ribombee|23\/100\n|\n|upkeep\n|turn|5\n|\n|t:|1699763103\n|move|p1a: Ribombee|Stored Power|p2a: Glimmora\n|-supereffective|p2a: Glimmora\n|-enditem|p2a: Glimmora|Focus Sash\n|-damage|p2a: Glimmora|1\/100\n|-damage|p1a: Ribombee|13\/100|[from] item: Life Orb\n|move|p2a: Glimmora|Power Gem|p1a: Ribombee\n|-supereffective|p1a: Ribombee\n|-damage|p1a: Ribombee|0 fnt\n|faint|p1a: Ribombee\n|\n|upkeep\n|\n|t:|1699763124\n|switch|p1a: Great Tusk|Great Tusk|100\/100\n|-enditem|p1a: Great Tusk|Booster Energy\n|-activate|p1a: Great Tusk|ability: Protosynthesis|[fromitem]\n|-start|p1a: Great Tusk|protosynthesisatk\n|turn|6\n|\n|t:|1699763143\n|move|p1a: Great Tusk|Rapid Spin|p2a: Glimmora\n|-damage|p2a: Glimmora|0 fnt\n|-boost|p1a: Great Tusk|spe|1\n|-activate|p2a: Glimmora|ability: Toxic Debris\n|-sidestart|p1: TheCheekyMeek|move: Toxic Spikes\n|-sideend|p1: TheCheekyMeek|Toxic Spikes|[from] move: Rapid Spin|[of] p1a: Great Tusk\n|faint|p2a: Glimmora\n|\n|upkeep\n|inactive|Rocketboss09 has 120 seconds left.\n|\n|t:|1699763163\n|switch|p2a: Hoopa|Hoopa-Unbound|100\/100\n|turn|7\n|\n|t:|1699763171\n|move|p1a: Great Tusk|Bulk Up|p1a: Great Tusk\n|-boost|p1a: Great Tusk|atk|1\n|-boost|p1a: Great Tusk|def|1\n|move|p2a: Hoopa|Psychic|p1a: Great Tusk\n|-supereffective|p1a: Great Tusk\n|-damage|p1a: Great Tusk|22\/100\n|\n|upkeep\n|turn|8\n|\n|t:|1699763191\n|move|p1a: Great Tusk|Rapid Spin|p2a: Hoopa\n|-damage|p2a: Hoopa|48\/100\n|-boost|p1a: Great Tusk|spe|1\n|move|p2a: Hoopa|Psychic|p1a: Great Tusk\n|-supereffective|p1a: Great Tusk\n|-damage|p1a: Great Tusk|0 fnt\n|faint|p1a: Great Tusk\n|-end|p1a: Great Tusk|Protosynthesis|[silent]\n|\n|-sideend|p1: TheCheekyMeek|Reflect\n|upkeep\n|\n|t:|1699763202\n|switch|p1a: Gholdengo|Gholdengo|100\/100\n|turn|9\n|inactive|Rocketboss09 has 120 seconds left.\n|\n|t:|1699763234\n|switch|p2a: Gyarados|Gyarados, M, shiny|100\/100\n|move|p1a: Gholdengo|Nasty Plot|p1a: Gholdengo\n|-boost|p1a: Gholdengo|spa|2\n|\n|-sideend|p1: TheCheekyMeek|move: Light Screen\n|upkeep\n|turn|10\n|\n|t:|1699763241\n|move|p1a: Gholdengo|Shadow Ball|p2a: Gyarados\n|-damage|p2a: Gyarados|13\/100\n|move|p2a: Gyarados|Earthquake|p1a: Gholdengo\n|-supereffective|p1a: Gholdengo\n|-damage|p1a: Gholdengo|19\/100\n|-enditem|p1a: Gholdengo|Salac Berry|[eat]\n|-boost|p1a: Gholdengo|spe|1|[from] item: Salac Berry\n|\n|upkeep\n|turn|11\n|inactive|Rocketboss09 has 120 seconds left.\n|\n|t:|1699763250\n|move|p1a: Gholdengo|Shadow Ball|p2a: Gyarados\n|-damage|p2a: Gyarados|0 fnt\n|faint|p2a: Gyarados\n|\n|upkeep\n|inactive|Rocketboss09 has 120 seconds left.\n|inactive|Rocketboss09 has 90 seconds left.\n|inactive|Rocketboss09 has 60 seconds left.\n|inactive|Rocketboss09 has 30 seconds left.\n|\n|t:|1699763346\n|switch|p2a: Quaquaval|Quaquaval, M|100\/100\n|turn|12\n|\n|t:|1699763356\n|move|p2a: Quaquaval|Aqua Jet|p1a: Gholdengo\n|-damage|p1a: Gholdengo|0 fnt\n|faint|p1a: Gholdengo\n|-ability|p2a: Quaquaval|Moxie|boost\n|-boost|p2a: Quaquaval|atk|1\n|\n|upkeep\n|\n|t:|1699763361\n|switch|p1a: Rillaboom|Rillaboom, M|100\/100\n|-fieldstart|move: Grassy Terrain|[from] ability: Grassy Surge|[of] p1a: Rillaboom\n|turn|13\n|\n|t:|1699763378\n|move|p2a: Quaquaval|Brick Break|p1a: Rillaboom\n|-damage|p1a: Rillaboom|40\/100\n|move|p1a: Rillaboom|Swords Dance|p1a: Rillaboom\n|-boost|p1a: Rillaboom|atk|2\n|\n|-heal|p1a: Rillaboom|46\/100|[from] Grassy Terrain\n|upkeep\n|turn|14\n|inactive|Rocketboss09 has 30 seconds left.\n|\n|t:|1699763399\n|switch|p2a: Hoopa|Hoopa-Unbound|48\/100\n|move|p1a: Rillaboom|Grassy Glide|p2a: Hoopa\n|-damage|p2a: Hoopa|0 fnt\n|faint|p2a: Hoopa\n|-damage|p1a: Rillaboom|36\/100|[from] item: Life Orb\n|\n|-heal|p1a: Rillaboom|42\/100|[from] Grassy Terrain\n|upkeep\n|inactive|Rocketboss09 has 30 seconds left.\n|inactive|Rocketboss09 has 20 seconds left.\n|inactive|Rocketboss09 has 15 seconds left.\n|\n|t:|1699763422\n|switch|p2a: Dragonite|Dragonite, M|100\/100\n|turn|15\n|inactive|Rocketboss09 has 25 seconds left this turn.\n|inactive|Rocketboss09 has 20 seconds left.\n|\n|t:|1699763431\n|move|p1a: Rillaboom|Grassy Glide|p2a: Dragonite\n|-resisted|p2a: Dragonite\n|-damage|p2a: Dragonite|87\/100\n|-damage|p1a: Rillaboom|32\/100|[from] item: Life Orb\n|move|p2a: Dragonite|Dragon Dance|p2a: Dragonite\n|-boost|p2a: Dragonite|atk|1\n|-boost|p2a: Dragonite|spe|1\n|\n|-heal|p1a: Rillaboom|38\/100|[from] Grassy Terrain\n|upkeep\n|turn|16\n|inactive|Rocketboss09 has 30 seconds left this turn.\n|\n|t:|1699763440\n|move|p2a: Dragonite|Extreme Speed|p1a: Rillaboom\n|-damage|p1a: Rillaboom|0 fnt\n|faint|p1a: Rillaboom\n|\n|upkeep\n|inactive|Rocketboss09 has 30 seconds left this turn.\n|\n|t:|1699763445\n|switch|p1a: Dragonite|Dragonite, F|100\/100\n|turn|17\n|\n|t:|1699763450\n|move|p2a: Dragonite|Outrage|p1a: Dragonite\n|-supereffective|p1a: Dragonite\n|-damage|p1a: Dragonite|0 fnt\n|faint|p1a: Dragonite\n|\n|win|Rocketboss09\n|raw|TheCheekyMeek's rating: 1399 &rarr; <strong>1385<\/strong><br \/>(-14 for losing)\n|raw|Rocketboss09's rating: 1503 &rarr; <strong>1517<\/strong><br \/>(+14 for winning)\n|l|\u2606TheCheekyMeek\n","uploadtime":1699763470,"views":9,"p1id":"thecheekymeek","p2id":"rocketboss09","formatid":"gen9ou","rating":1385,"private":0,"password":""}