{"id":"gen9ou-1989365245","p1":"Airwave15","p2":"ichigo39","format":"[Gen 9] OU","log":"|j|\u2606Airwave15\n|j|\u2606ichigo39\n|t:|1699841209\n|gametype|singles\n|player|p1|Airwave15|sabrina|1050\n|player|p2|ichigo39|bugcatcher-gen4dp|1049\n|teamsize|p1|6\n|teamsize|p2|6\n|gen|9\n|tier|[Gen 9] OU\n|rated|\n|rule|Sleep Clause Mod: Limit one foe put to sleep\n|rule|Species Clause: Limit one of each Pok\u00e9mon\n|rule|OHKO Clause: OHKO moves are banned\n|rule|Evasion Items Clause: Evasion items are banned\n|rule|Evasion Moves Clause: Evasion moves are banned\n|rule|Endless Battle Clause: Forcing endless battles is banned\n|rule|HP Percentage Mod: HP is shown in percentages\n|clearpoke\n|poke|p1|Tinkaton, F|\n|poke|p1|Clefable, F|\n|poke|p1|Espeon, F|\n|poke|p1|Meowscarada, M|\n|poke|p1|Ceruledge, F|\n|poke|p1|Dondozo, F|\n|poke|p2|Ribombee, F|\n|poke|p2|Grimmsnarl, M|\n|poke|p2|Great Tusk|\n|poke|p2|Dragonite, M|\n|poke|p2|Gholdengo|\n|poke|p2|Rillaboom, F|\n|teampreview\n|\n|t:|1699841214\n|start\n|switch|p1a: Meowscarada|Meowscarada, M|100\/100\n|switch|p2a: Grimmsnarl|Grimmsnarl, M|100\/100\n|turn|1\n|\n|t:|1699841225\n|move|p2a: Grimmsnarl|Light Screen|p2a: Grimmsnarl\n|-sidestart|p2: ichigo39|move: Light Screen\n|move|p1a: Meowscarada|Taunt|p2a: Grimmsnarl\n|-start|p2a: Grimmsnarl|move: Taunt\n|\n|upkeep\n|turn|2\n|\n|t:|1699841232\n|move|p1a: Meowscarada|Spikes|p2a: Grimmsnarl\n|-sidestart|p2: ichigo39|Spikes\n|move|p2a: Grimmsnarl|Spirit Break|p1a: Meowscarada\n|-supereffective|p1a: Meowscarada\n|-damage|p1a: Meowscarada|6\/100\n|-unboost|p1a: Meowscarada|spa|1\n|\n|upkeep\n|turn|3\n|\n|t:|1699841239\n|switch|p2a: Great Tusk|Great Tusk|100\/100\n|-damage|p2a: Great Tusk|88\/100|[from] Spikes\n|-enditem|p2a: Great Tusk|Booster Energy\n|-activate|p2a: Great Tusk|ability: Protosynthesis|[fromitem]\n|-start|p2a: Great Tusk|protosynthesisspe\n|move|p1a: Meowscarada|Spikes|p2a: Great Tusk\n|-sidestart|p2: ichigo39|Spikes\n|\n|upkeep\n|turn|4\n|\n|t:|1699841255\n|move|p2a: Great Tusk|Knock Off|p1a: Meowscarada\n|-resisted|p1a: Meowscarada\n|-damage|p1a: Meowscarada|0 fnt\n|-enditem|p1a: Meowscarada|Focus Sash|[from] move: Knock Off|[of] p2a: Great Tusk\n|faint|p1a: Meowscarada\n|\n|upkeep\n|\n|t:|1699841267\n|switch|p1a: Dondozo|Dondozo, F|100\/100\n|turn|5\n|\n|t:|1699841272\n|move|p2a: Great Tusk|Knock Off|p1a: Dondozo\n|-damage|p1a: Dondozo|87\/100\n|-damage|p2a: Great Tusk|71\/100|[from] item: Rocky Helmet|[of] p1a: Dondozo\n|-enditem|p1a: Dondozo|Rocky Helmet|[from] move: Knock Off|[of] p2a: Great Tusk\n|move|p1a: Dondozo|Wave Crash|p2a: Great Tusk\n|-supereffective|p2a: Great Tusk\n|-damage|p2a: Great Tusk|23\/100\n|-damage|p1a: Dondozo|74\/100|[from] Recoil\n|\n|upkeep\n|turn|6\n|\n|t:|1699841284\n|-end|p2a: Great Tusk|Protosynthesis|[silent]\n|switch|p2a: Rillaboom|Rillaboom, F|100\/100\n|-damage|p2a: Rillaboom|84\/100|[from] Spikes\n|-fieldstart|move: Grassy Terrain|[from] ability: Grassy Surge|[of] p2a: Rillaboom\n|move|p1a: Dondozo|Wave Crash|p2a: Rillaboom\n|-resisted|p2a: Rillaboom\n|-damage|p2a: Rillaboom|62\/100\n|-damage|p1a: Dondozo|69\/100|[from] Recoil\n|\n|-heal|p2a: Rillaboom|68\/100|[from] Grassy Terrain\n|-heal|p1a: Dondozo|75\/100|[from] Grassy Terrain\n|upkeep\n|turn|7\n|\n|t:|1699841301\n|switch|p1a: Ceruledge|Ceruledge, F|100\/100\n|move|p2a: Rillaboom|Grassy Glide|p1a: Ceruledge\n|-resisted|p1a: Ceruledge\n|-damage|p1a: Ceruledge|69\/100\n|-damage|p2a: Rillaboom|58\/100|[from] item: Life Orb\n|\n|-heal|p2a: Rillaboom|64\/100|[from] Grassy Terrain\n|-heal|p1a: Ceruledge|75\/100|[from] Grassy Terrain\n|upkeep\n|turn|8\n|\n|t:|1699841326\n|switch|p2a: Ribombee|Ribombee, F|100\/100\n|-damage|p2a: Ribombee|84\/100|[from] Spikes\n|move|p1a: Ceruledge|Bulk Up|p1a: Ceruledge\n|-boost|p1a: Ceruledge|atk|1\n|-boost|p1a: Ceruledge|def|1\n|\n|-heal|p2a: Ribombee|90\/100|[from] Grassy Terrain\n|-heal|p1a: Ceruledge|81\/100|[from] Grassy Terrain\n|-sideend|p2: ichigo39|move: Light Screen\n|upkeep\n|turn|9\n|\n|t:|1699841342\n|move|p2a: Ribombee|Draining Kiss|p1a: Ceruledge\n|-resisted|p1a: Ceruledge\n|-damage|p1a: Ceruledge|74\/100\n|-heal|p2a: Ribombee|97\/100|[from] drain|[of] p1a: Ceruledge\n|-damage|p2a: Ribombee|87\/100|[from] item: Life Orb\n|move|p1a: Ceruledge|Bitter Blade|p2a: Ribombee\n|-supereffective|p2a: Ribombee\n|-damage|p2a: Ribombee|0 fnt\n|-heal|p1a: Ceruledge|100\/100|[from] drain|[of] p2a: Ribombee\n|faint|p2a: Ribombee\n|\n|upkeep\n|\n|t:|1699841353\n|switch|p2a: Dragonite|Dragonite, M|100\/100\n|turn|10\n|\n|t:|1699841370\n|-terastallize|p1a: Ceruledge|Bug\n|move|p2a: Dragonite|Dragon Dance|p2a: Dragonite\n|-boost|p2a: Dragonite|atk|1\n|-boost|p2a: Dragonite|spe|1\n|move|p1a: Ceruledge|Close Combat|p2a: Dragonite\n|-resisted|p2a: Dragonite\n|-damage|p2a: Dragonite|87\/100\n|-unboost|p1a: Ceruledge|def|1\n|-unboost|p1a: Ceruledge|spd|1\n|\n|-fieldend|move: Grassy Terrain\n|upkeep\n|turn|11\n|\n|t:|1699841382\n|move|p2a: Dragonite|Dragon Dance|p2a: Dragonite\n|-boost|p2a: Dragonite|atk|1\n|-boost|p2a: Dragonite|spe|1\n|move|p1a: Ceruledge|Bitter Blade|p2a: Dragonite\n|-resisted|p2a: Dragonite\n|-damage|p2a: Dragonite|57\/100\n|\n|upkeep\n|turn|12\n|\n|t:|1699841400\n|switch|p1a: Dondozo|Dondozo, F|75\/100\n|move|p2a: Dragonite|Dragon Dance|p2a: Dragonite\n|-boost|p2a: Dragonite|atk|1\n|-boost|p2a: Dragonite|spe|1\n|\n|upkeep\n|turn|13\n|\n|t:|1699841410\n|move|p2a: Dragonite|Ice Spinner|p1a: Dondozo\n|-resisted|p1a: Dondozo\n|-damage|p1a: Dondozo|68\/100\n|move|p1a: Dondozo|Body Press|p2a: Dragonite\n|-resisted|p2a: Dragonite\n|-damage|p2a: Dragonite|41\/100\n|\n|upkeep\n|turn|14\n|\n|t:|1699841421\n|-terastallize|p2a: Dragonite|Normal\n|move|p2a: Dragonite|Extreme Speed|p1a: Dondozo\n|-damage|p1a: Dondozo|48\/100\n|move|p1a: Dondozo|Body Press|p2a: Dragonite\n|-supereffective|p2a: Dragonite\n|-damage|p2a: Dragonite|0 fnt\n|faint|p2a: Dragonite\n|\n|upkeep\n|\n|t:|1699841431\n|switch|p2a: Gholdengo|Gholdengo|100\/100\n|-damage|p2a: Gholdengo|84\/100|[from] Spikes\n|turn|15\n|\n|t:|1699841441\n|switch|p1a: Tinkaton|Tinkaton, F|100\/100\n|-ability|p1a: Tinkaton|Mold Breaker\n|move|p2a: Gholdengo|Shadow Ball|p1a: Tinkaton\n|-damage|p1a: Tinkaton|53\/100\n|\n|upkeep\n|turn|16\n|\n|t:|1699841459\n|move|p2a: Gholdengo|Focus Blast|p1a: Tinkaton\n|-damage|p1a: Tinkaton|9\/100\n|move|p1a: Tinkaton|Play Rough|p2a: Gholdengo\n|-resisted|p2a: Gholdengo\n|-damage|p2a: Gholdengo|57\/100\n|-damage|p1a: Tinkaton|0 fnt|[from] item: Life Orb\n|faint|p1a: Tinkaton\n|\n|upkeep\n|\n|t:|1699841470\n|switch|p1a: Ceruledge|Ceruledge, F, tera:Bug|100\/100\n|turn|17\n|\n|t:|1699841487\n|move|p2a: Gholdengo|Focus Blast|p1a: Ceruledge\n|-resisted|p1a: Ceruledge\n|-damage|p1a: Ceruledge|87\/100\n|-unboost|p1a: Ceruledge|spd|1\n|move|p1a: Ceruledge|Bitter Blade|p2a: Gholdengo\n|-supereffective|p2a: Gholdengo\n|-damage|p2a: Gholdengo|0 fnt\n|-heal|p1a: Ceruledge|100\/100|[from] drain|[of] p2a: Gholdengo\n|faint|p2a: Gholdengo\n|\n|upkeep\n|-message|ichigo39 forfeited.\n|\n|win|Airwave15\n|raw|Airwave15's rating: 1050 &rarr; <strong>1082<\/strong><br \/>(+32 for winning)\n|raw|ichigo39's rating: 1049 &rarr; <strong>1032<\/strong><br \/>(-17 for losing)\n|l|\u2606ichigo39\n","uploadtime":1699841571,"views":18,"p1id":"airwave15","p2id":"ichigo39","formatid":"gen9ou","rating":1032,"private":0,"password":""}