{"id":"gen9ou-1988527094","p1":"Hoiiiiiiiiiiiii","p2":"Usopp D Gawd","format":"[Gen 9] OU","log":"|j|\u2606Hoiiiiiiiiiiiii\n|j|\u2606Usopp D Gawd\n|t:|1699732479\n|gametype|singles\n|player|p1|Hoiiiiiiiiiiiii|caitlin|1182\n|player|p2|Usopp D Gawd|blue|1243\n|teamsize|p1|6\n|teamsize|p2|6\n|gen|9\n|tier|[Gen 9] OU\n|rated|\n|rule|Sleep Clause Mod: Limit one foe put to sleep\n|rule|Species Clause: Limit one of each Pok\u00e9mon\n|rule|OHKO Clause: OHKO moves are banned\n|rule|Evasion Items Clause: Evasion items are banned\n|rule|Evasion Moves Clause: Evasion moves are banned\n|rule|Endless Battle Clause: Forcing endless battles is banned\n|rule|HP Percentage Mod: HP is shown in percentages\n|clearpoke\n|poke|p1|Hatterene, F|\n|poke|p1|Moltres-Galar|\n|poke|p1|Ogerpon-Wellspring, F|\n|poke|p1|Skeledirge, M|\n|poke|p1|Mamoswine, M|\n|poke|p1|Ribombee, F|\n|poke|p2|Great Tusk|\n|poke|p2|Dragapult, M|\n|poke|p2|Iron Moth|\n|poke|p2|Ogerpon-Wellspring, F|\n|poke|p2|Uxie|\n|poke|p2|Clefable, M|\n|teampreview\n|\n|t:|1699732498\n|start\n|switch|p1a: Ribombee|Ribombee, F, shiny|100\/100\n|switch|p2a: The Fur.|Uxie, shiny|100\/100\n|turn|1\n|\n|t:|1699732506\n|move|p1a: Ribombee|Quiver Dance|p1a: Ribombee\n|-boost|p1a: Ribombee|spa|1\n|-boost|p1a: Ribombee|spd|1\n|-boost|p1a: Ribombee|spe|1\n|move|p2a: The Fur.|Stealth Rock|p1a: Ribombee\n|-sidestart|p1: Hoiiiiiiiiiiiii|move: Stealth Rock\n|\n|upkeep\n|turn|2\n|\n|t:|1699732513\n|move|p1a: Ribombee|Sticky Web|p2a: The Fur.\n|-sidestart|p2: Usopp D Gawd|move: Sticky Web\n|move|p2a: The Fur.|Thunder Wave|p1a: Ribombee|[miss]\n|-miss|p2a: The Fur.|p1a: Ribombee\n|\n|upkeep\n|turn|3\n|\n|t:|1699732524\n|switch|p1a: Hatterene|Hatterene, F|100\/100\n|-damage|p1a: Hatterene|88\/100|[from] Stealth Rock\n|move|p2a: The Fur.|Thunder Wave|p1a: Hatterene\n|move|p1a: Hatterene|Thunder Wave|p2a: The Fur.|[from]ability: Magic Bounce\n|-status|p2a: The Fur.|par\n|\n|-heal|p1a: Hatterene|94\/100|[from] item: Leftovers\n|upkeep\n|turn|4\n|\n|t:|1699732536\n|move|p2a: The Fur.|U-turn|p1a: Hatterene\n|-damage|p1a: Hatterene|82\/100\n|\n|t:|1699732542\n|switch|p2a: Sam Ezeh|Ogerpon-Wellspring, F|100\/100|[from] U-turn\n|-activate|p2a: Sam Ezeh|move: Sticky Web\n|-unboost|p2a: Sam Ezeh|spe|1\n|move|p1a: Hatterene|Calm Mind|p1a: Hatterene\n|-boost|p1a: Hatterene|spa|1\n|-boost|p1a: Hatterene|spd|1\n|\n|-heal|p1a: Hatterene|88\/100|[from] item: Leftovers\n|upkeep\n|turn|5\n|\n|t:|1699732554\n|move|p2a: Sam Ezeh|Ivy Cudgel|p1a: Hatterene\n|-damage|p1a: Hatterene|20\/100\n|move|p1a: Hatterene|Draining Kiss|p2a: Sam Ezeh\n|-damage|p2a: Sam Ezeh|61\/100\n|-heal|p1a: Hatterene|48\/100|[from] drain|[of] p2a: Sam Ezeh\n|\n|-heal|p1a: Hatterene|54\/100|[from] item: Leftovers\n|upkeep\n|turn|6\n|\n|t:|1699732563\n|move|p2a: Sam Ezeh|Horn Leech|p1a: Hatterene\n|-damage|p1a: Hatterene|4\/100\n|-heal|p2a: Sam Ezeh|88\/100|[from] drain|[of] p1a: Hatterene\n|move|p1a: Hatterene|Draining Kiss|p2a: Sam Ezeh\n|-damage|p2a: Sam Ezeh|50\/100\n|-heal|p1a: Hatterene|31\/100|[from] drain|[of] p2a: Sam Ezeh\n|\n|-heal|p1a: Hatterene|37\/100|[from] item: Leftovers\n|upkeep\n|turn|7\n|\n|t:|1699732575\n|move|p2a: Sam Ezeh|Horn Leech|p1a: Hatterene\n|-damage|p1a: Hatterene|0 fnt\n|-heal|p2a: Sam Ezeh|69\/100|[from] drain|[of] p1a: Hatterene\n|faint|p1a: Hatterene\n|\n|upkeep\n|\n|t:|1699732584\n|switch|p1a: Moltres|Moltres-Galar|100\/100\n|-damage|p1a: Moltres|76\/100|[from] Stealth Rock\n|turn|8\n|\n|t:|1699732591\n|-terastallize|p2a: Sam Ezeh|Water\n|detailschange|p2a: Sam Ezeh|Ogerpon-Wellspring-Tera, F, tera:Water\n|-ability|p2a: Sam Ezeh|Embody Aspect (Wellspring)|boost\n|-boost|p2a: Sam Ezeh|spd|1\n|move|p1a: Moltres|Hurricane|p2a: Sam Ezeh\n|-damage|p2a: Sam Ezeh|34\/100\n|move|p2a: Sam Ezeh|Ivy Cudgel|p1a: Moltres\n|-damage|p1a: Moltres|0 fnt\n|faint|p1a: Moltres\n|\n|upkeep\n|\n|t:|1699732605\n|switch|p1a: Ogerpon|Ogerpon-Wellspring, F|100\/100\n|-damage|p1a: Ogerpon|88\/100|[from] Stealth Rock\n|turn|9\n|\n|t:|1699732610\n|move|p1a: Ogerpon|Horn Leech|p2a: Sam Ezeh\n|-supereffective|p2a: Sam Ezeh\n|-crit|p2a: Sam Ezeh\n|-damage|p2a: Sam Ezeh|0 fnt\n|-heal|p1a: Ogerpon|100\/100|[from] drain|[of] p2a: Sam Ezeh\n|faint|p2a: Sam Ezeh\n|\n|upkeep\n|\n|t:|1699732619\n|switch|p2a: The Fur.|Uxie, shiny|100\/100 par\n|turn|10\n|\n|t:|1699732623\n|switch|p1a: Mamoswine|Mamoswine, M|100\/100\n|-damage|p1a: Mamoswine|88\/100|[from] Stealth Rock\n|move|p2a: The Fur.|Thunder Wave|p1a: Mamoswine\n|-immune|p1a: Mamoswine\n|\n|upkeep\n|turn|11\n|\n|t:|1699732633\n|move|p1a: Mamoswine|Substitute|p1a: Mamoswine\n|-start|p1a: Mamoswine|Substitute\n|-damage|p1a: Mamoswine|63\/100\n|cant|p2a: The Fur.|par\n|\n|upkeep\n|turn|12\n|\n|t:|1699732645\n|move|p1a: Mamoswine|Icicle Crash|p2a: The Fur.\n|-damage|p2a: The Fur.|67\/100 par\n|cant|p2a: The Fur.|flinch\n|\n|-heal|p2a: The Fur.|73\/100 par|[from] item: Leftovers\n|upkeep\n|turn|13\n|\n|t:|1699732652\n|move|p1a: Mamoswine|Icicle Crash|p2a: The Fur.\n|-damage|p2a: The Fur.|37\/100 par\n|cant|p2a: The Fur.|flinch\n|\n|-heal|p2a: The Fur.|43\/100 par|[from] item: Leftovers\n|upkeep\n|turn|14\n|\n|t:|1699732661\n|move|p1a: Mamoswine|Icicle Crash|p2a: The Fur.\n|-damage|p2a: The Fur.|8\/100 par\n|move|p2a: The Fur.|Psychic|p1a: Mamoswine\n|-end|p1a: Mamoswine|Substitute\n|\n|-heal|p2a: The Fur.|14\/100 par|[from] item: Leftovers\n|upkeep\n|turn|15\n|\n|t:|1699732672\n|move|p1a: Mamoswine|Ice Shard|p2a: The Fur.\n|-damage|p2a: The Fur.|0 fnt\n|faint|p2a: The Fur.\n|\n|upkeep\n|\n|t:|1699732682\n|switch|p2a: ScrewStache|Great Tusk|100\/100\n|turn|16\n|\n|t:|1699732692\n|switch|p1a: Skeledirge|Skeledirge, M|100\/100\n|-damage|p1a: Skeledirge|75\/100|[from] Stealth Rock\n|move|p2a: ScrewStache|Close Combat|p1a: Skeledirge\n|-immune|p1a: Skeledirge\n|\n|-heal|p1a: Skeledirge|82\/100|[from] item: Leftovers\n|upkeep\n|turn|17\n|\n|t:|1699732702\n|-terastallize|p1a: Skeledirge|Fairy\n|move|p2a: ScrewStache|Headlong Rush|p1a: Skeledirge\n|-damage|p1a: Skeledirge|43\/100\n|-unboost|p2a: ScrewStache|def|1\n|-unboost|p2a: ScrewStache|spd|1\n|move|p1a: Skeledirge|Will-O-Wisp|p2a: ScrewStache\n|-status|p2a: ScrewStache|brn\n|\n|-heal|p1a: Skeledirge|49\/100|[from] item: Leftovers\n|-damage|p2a: ScrewStache|94\/100 brn|[from] brn\n|upkeep\n|turn|18\n|\n|t:|1699732716\n|move|p2a: ScrewStache|Rapid Spin|p1a: Skeledirge\n|-crit|p1a: Skeledirge\n|-damage|p1a: Skeledirge|41\/100\n|-boost|p2a: ScrewStache|spe|1\n|-sideend|p2: Usopp D Gawd|Sticky Web|[from] move: Rapid Spin|[of] p2a: ScrewStache\n|move|p1a: Skeledirge|Slack Off|p1a: Skeledirge\n|-heal|p1a: Skeledirge|91\/100\n|\n|-heal|p1a: Skeledirge|97\/100|[from] item: Leftovers\n|-damage|p2a: ScrewStache|88\/100 brn|[from] brn\n|upkeep\n|turn|19\n|\n|t:|1699732729\n|-end|p2a: ScrewStache|Protosynthesis|[silent]\n|switch|p2a: Jay Safari|Dragapult, M|100\/100\n|move|p1a: Skeledirge|Torch Song|p2a: Jay Safari\n|-resisted|p2a: Jay Safari\n|-damage|p2a: Jay Safari|79\/100\n|-boost|p1a: Skeledirge|spa|1\n|\n|-heal|p1a: Skeledirge|100\/100|[from] item: Leftovers\n|upkeep\n|turn|20\n|\n|t:|1699732739\n|move|p2a: Jay Safari|Shadow Ball|p1a: Skeledirge\n|-damage|p1a: Skeledirge|52\/100\n|-damage|p2a: Jay Safari|70\/100|[from] item: Life Orb\n|move|p1a: Skeledirge|Torch Song|p2a: Jay Safari\n|-resisted|p2a: Jay Safari\n|-damage|p2a: Jay Safari|41\/100\n|-boost|p1a: Skeledirge|spa|1\n|\n|-heal|p1a: Skeledirge|58\/100|[from] item: Leftovers\n|upkeep\n|turn|21\n|\n|t:|1699732751\n|move|p2a: Jay Safari|Shadow Ball|p1a: Skeledirge\n|-damage|p1a: Skeledirge|7\/100\n|-damage|p2a: Jay Safari|31\/100|[from] item: Life Orb\n|move|p1a: Skeledirge|Slack Off|p1a: Skeledirge\n|-heal|p1a: Skeledirge|57\/100\n|\n|-heal|p1a: Skeledirge|63\/100|[from] item: Leftovers\n|upkeep\n|turn|22\n|\n|t:|1699732760\n|move|p2a: Jay Safari|Shadow Ball|p1a: Skeledirge\n|-damage|p1a: Skeledirge|14\/100\n|-unboost|p1a: Skeledirge|spd|1\n|-damage|p2a: Jay Safari|22\/100|[from] item: Life Orb\n|move|p1a: Skeledirge|Slack Off|p1a: Skeledirge\n|-heal|p1a: Skeledirge|64\/100\n|\n|-heal|p1a: Skeledirge|70\/100|[from] item: Leftovers\n|upkeep\n|turn|23\n|\n|t:|1699732786\n|switch|p1a: Mamoswine|Mamoswine, M|63\/100\n|-damage|p1a: Mamoswine|51\/100|[from] Stealth Rock\n|move|p2a: Jay Safari|Shadow Ball|p1a: Mamoswine\n|-damage|p1a: Mamoswine|0 fnt\n|faint|p1a: Mamoswine\n|-damage|p2a: Jay Safari|12\/100|[from] item: Life Orb\n|\n|upkeep\n|\n|t:|1699732796\n|switch|p1a: Ogerpon|Ogerpon-Wellspring, F|100\/100\n|-damage|p1a: Ogerpon|88\/100|[from] Stealth Rock\n|turn|24\n|\n|t:|1699732800\n|move|p2a: Jay Safari|Draco Meteor|p1a: Ogerpon\n|-damage|p1a: Ogerpon|6\/100\n|-unboost|p2a: Jay Safari|spa|2\n|-damage|p2a: Jay Safari|2\/100|[from] item: Life Orb\n|move|p1a: Ogerpon|Swords Dance|p1a: Ogerpon\n|-boost|p1a: Ogerpon|atk|2\n|\n|upkeep\n|turn|25\n|\n|t:|1699732810\n|move|p2a: Jay Safari|Shadow Ball|p1a: Ogerpon\n|-crit|p1a: Ogerpon\n|-damage|p1a: Ogerpon|0 fnt\n|faint|p1a: Ogerpon\n|-damage|p2a: Jay Safari|0 fnt|[from] item: Life Orb\n|faint|p2a: Jay Safari\n|\n|upkeep\n|\n|t:|1699732818\n|switch|p2a: Ace Spectrum|Clefable, M|100\/100\n|switch|p1a: Ribombee|Ribombee, F, shiny|100\/100\n|-damage|p1a: Ribombee|76\/100|[from] Stealth Rock\n|turn|26\n|\n|t:|1699732830\n|move|p1a: Ribombee|Moonblast|p2a: Ace Spectrum\n|-damage|p2a: Ace Spectrum|63\/100\n|-unboost|p2a: Ace Spectrum|spa|1\n|move|p2a: Ace Spectrum|Calm Mind|p2a: Ace Spectrum\n|-boost|p2a: Ace Spectrum|spa|1\n|-boost|p2a: Ace Spectrum|spd|1\n|\n|-heal|p2a: Ace Spectrum|69\/100|[from] item: Leftovers\n|upkeep\n|turn|27\n|\n|t:|1699732840\n|switch|p1a: Skeledirge|Skeledirge, M, tera:Fairy|70\/100\n|-damage|p1a: Skeledirge|57\/100|[from] Stealth Rock\n|move|p2a: Ace Spectrum|Calm Mind|p2a: Ace Spectrum\n|-boost|p2a: Ace Spectrum|spa|1\n|-boost|p2a: Ace Spectrum|spd|1\n|\n|-heal|p1a: Skeledirge|63\/100|[from] item: Leftovers\n|-heal|p2a: Ace Spectrum|75\/100|[from] item: Leftovers\n|upkeep\n|turn|28\n|\n|t:|1699732850\n|move|p1a: Skeledirge|Slack Off|p1a: Skeledirge\n|-heal|p1a: Skeledirge|100\/100\n|move|p2a: Ace Spectrum|Draining Kiss|p1a: Skeledirge\n|-damage|p1a: Skeledirge|78\/100\n|-heal|p2a: Ace Spectrum|92\/100|[from] drain|[of] p1a: Skeledirge\n|\n|-heal|p1a: Skeledirge|84\/100|[from] item: Leftovers\n|-heal|p2a: Ace Spectrum|98\/100|[from] item: Leftovers\n|upkeep\n|turn|29\n|\n|t:|1699732860\n|move|p1a: Skeledirge|Torch Song|p2a: Ace Spectrum\n|-damage|p2a: Ace Spectrum|69\/100\n|-boost|p1a: Skeledirge|spa|1\n|move|p2a: Ace Spectrum|Draining Kiss|p1a: Skeledirge\n|-damage|p1a: Skeledirge|58\/100\n|-heal|p2a: Ace Spectrum|90\/100|[from] drain|[of] p1a: Skeledirge\n|\n|-heal|p1a: Skeledirge|64\/100|[from] item: Leftovers\n|-heal|p2a: Ace Spectrum|96\/100|[from] item: Leftovers\n|upkeep\n|turn|30\n|\n|t:|1699732873\n|move|p1a: Skeledirge|Torch Song|p2a: Ace Spectrum\n|-damage|p2a: Ace Spectrum|69\/100\n|-boost|p1a: Skeledirge|spa|1\n|move|p2a: Ace Spectrum|Draining Kiss|p1a: Skeledirge\n|-damage|p1a: Skeledirge|42\/100\n|-heal|p2a: Ace Spectrum|87\/100|[from] drain|[of] p1a: Skeledirge\n|\n|-heal|p1a: Skeledirge|48\/100|[from] item: Leftovers\n|-heal|p2a: Ace Spectrum|93\/100|[from] item: Leftovers\n|upkeep\n|turn|31\n|\n|t:|1699732885\n|move|p1a: Skeledirge|Slack Off|p1a: Skeledirge\n|-heal|p1a: Skeledirge|98\/100\n|move|p2a: Ace Spectrum|Draining Kiss|p1a: Skeledirge\n|-damage|p1a: Skeledirge|73\/100\n|-heal|p2a: Ace Spectrum|100\/100|[from] drain|[of] p1a: Skeledirge\n|\n|-heal|p1a: Skeledirge|79\/100|[from] item: Leftovers\n|upkeep\n|turn|32\n|\n|t:|1699732895\n|move|p1a: Skeledirge|Will-O-Wisp|p2a: Ace Spectrum\n|-status|p2a: Ace Spectrum|brn\n|move|p2a: Ace Spectrum|Thunderbolt|p1a: Skeledirge\n|-damage|p1a: Skeledirge|48\/100\n|-status|p1a: Skeledirge|par\n|\n|-heal|p1a: Skeledirge|54\/100 par|[from] item: Leftovers\n|-damage|p2a: Ace Spectrum|94\/100 brn|[from] brn\n|upkeep\n|turn|33\n|\n|t:|1699732908\n|move|p2a: Ace Spectrum|Thunderbolt|p1a: Skeledirge\n|-damage|p1a: Skeledirge|25\/100 par\n|move|p1a: Skeledirge|Slack Off|p1a: Skeledirge\n|-heal|p1a: Skeledirge|75\/100 par\n|\n|-heal|p2a: Ace Spectrum|100\/100 brn|[from] item: Leftovers\n|-heal|p1a: Skeledirge|81\/100 par|[from] item: Leftovers\n|-damage|p2a: Ace Spectrum|94\/100 brn|[from] brn\n|upkeep\n|turn|34\n|\n|t:|1699732919\n|move|p2a: Ace Spectrum|Ice Beam|p1a: Skeledirge\n|-damage|p1a: Skeledirge|54\/100 par\n|move|p1a: Skeledirge|Slack Off|p1a: Skeledirge\n|-heal|p1a: Skeledirge|100\/100 par\n|\n|-heal|p2a: Ace Spectrum|100\/100 brn|[from] item: Leftovers\n|-damage|p2a: Ace Spectrum|94\/100 brn|[from] brn\n|upkeep\n|turn|35\n|\n|t:|1699732929\n|move|p2a: Ace Spectrum|Thunderbolt|p1a: Skeledirge\n|-damage|p1a: Skeledirge|74\/100 par\n|cant|p1a: Skeledirge|par\n|\n|-heal|p2a: Ace Spectrum|100\/100 brn|[from] item: Leftovers\n|-heal|p1a: Skeledirge|80\/100 par|[from] item: Leftovers\n|-damage|p2a: Ace Spectrum|94\/100 brn|[from] brn\n|upkeep\n|turn|36\n|\n|t:|1699732939\n|move|p2a: Ace Spectrum|Thunderbolt|p1a: Skeledirge\n|-damage|p1a: Skeledirge|52\/100 par\n|move|p1a: Skeledirge|Hex|p2a: Ace Spectrum\n|-damage|p2a: Ace Spectrum|47\/100 brn\n|\n|-heal|p2a: Ace Spectrum|53\/100 brn|[from] item: Leftovers\n|-heal|p1a: Skeledirge|59\/100 par|[from] item: Leftovers\n|-damage|p2a: Ace Spectrum|47\/100 brn|[from] brn\n|upkeep\n|turn|37\n|\n|t:|1699732950\n|move|p2a: Ace Spectrum|Draining Kiss|p1a: Skeledirge\n|-damage|p1a: Skeledirge|32\/100 par\n|-heal|p2a: Ace Spectrum|68\/100 brn|[from] drain|[of] p1a: Skeledirge\n|cant|p1a: Skeledirge|par\n|\n|-heal|p2a: Ace Spectrum|74\/100 brn|[from] item: Leftovers\n|-heal|p1a: Skeledirge|38\/100 par|[from] item: Leftovers\n|-damage|p2a: Ace Spectrum|68\/100 brn|[from] brn\n|upkeep\n|turn|38\n|-message|Hoiiiiiiiiiiiii forfeited.\n|\n|win|Usopp D Gawd\n|raw|Hoiiiiiiiiiiiii's rating: 1182 &rarr; <strong>1161<\/strong><br \/>(-21 for losing)\n|raw|Usopp D Gawd's rating: 1243 &rarr; <strong>1264<\/strong><br \/>(+21 for winning)\n|l|\u2606Hoiiiiiiiiiiiii\n","uploadtime":1699732969,"views":13,"p1id":"hoiiiiiiiiiiiii","p2id":"usoppdgawd","formatid":"gen9ou","rating":1161,"private":0,"password":""}