{"id":"gen9ou-1990077753","p1":"boltaway","p2":"friedfreak","format":"[Gen 9] OU","log":"|j|\u2606boltaway\n|j|\u2606friedfreak\n|t:|1699922145\n|gametype|singles\n|player|p1|boltaway|nemona-s|1541\n|player|p2|friedfreak|clown|1636\n|teamsize|p1|6\n|teamsize|p2|6\n|gen|9\n|tier|[Gen 9] OU\n|rated|\n|rule|Sleep Clause Mod: Limit one foe put to sleep\n|rule|Species Clause: Limit one of each Pok\u00e9mon\n|rule|OHKO Clause: OHKO moves are banned\n|rule|Evasion Items Clause: Evasion items are banned\n|rule|Evasion Moves Clause: Evasion moves are banned\n|rule|Endless Battle Clause: Forcing endless battles is banned\n|rule|HP Percentage Mod: HP is shown in percentages\n|clearpoke\n|poke|p1|Moltres|\n|poke|p1|Clodsire, F|\n|poke|p1|Dondozo, F|\n|poke|p1|Blissey, F|\n|poke|p1|Clefable, F|\n|poke|p1|Alomomola, F|\n|poke|p2|Manaphy|\n|poke|p2|Kingambit, M|\n|poke|p2|Heatran, F|\n|poke|p2|Rillaboom, F|\n|poke|p2|Zamazenta-*|\n|poke|p2|Sneasler, F|\n|teampreview\n|inactive|Battle timer is ON: inactive players will automatically lose when time's up. (requested by boltaway)\n|j| SandGetsEverywhere\n|\n|t:|1699922167\n|start\n|switch|p1a: Fendi|Moltres|100\/100\n|switch|p2a: Rillaboom|Rillaboom, F|100\/100\n|-fieldstart|move: Grassy Terrain|[from] ability: Grassy Surge|[of] p2a: Rillaboom\n|turn|1\n|\n|t:|1699922172\n|switch|p2a: Heatran|Heatran, F|100\/100\n|move|p1a: Fendi|Will-O-Wisp|p2a: Heatran\n|-start|p2a: Heatran|ability: Flash Fire\n|\n|upkeep\n|turn|2\n|\n|t:|1699922176\n|move|p2a: Heatran|Magma Storm|p1a: Fendi\n|-resisted|p1a: Fendi\n|-damage|p1a: Fendi|68\/100\n|-activate|p1a: Fendi|move: Magma Storm|[of] p2a: Heatran\n|move|p1a: Fendi|Roar|p2a: Heatran\n|-end|p2a: Heatran|ability: Flash Fire|[silent]\n|drag|p2a: Manaphy|Manaphy|100\/100\n|\n|-end|p1a: Fendi|Magma Storm|[partiallytrapped]|[silent]\n|upkeep\n|turn|3\n|\n|t:|1699922183\n|switch|p1a: Miu Miu|Blissey, F|100\/100\n|move|p2a: Manaphy|Surf|p1a: Miu Miu\n|-damage|p1a: Miu Miu|85\/100\n|\n|-heal|p1a: Miu Miu|91\/100|[from] Grassy Terrain\n|upkeep\n|turn|4\n|c|\u2606friedfreak|die in a fucking fire\n|n|\u203dfriedfreak|friedfreak\n|c|&|\/log friedfreak was locked from talking by Artemis. (\u2606friedfreak: die in a fucking fire)\n|c|&|\/raw <small>This action was done automatically. Want to learn more about the AI? <a href=\"https:\/\/www.smogon.com\/forums\/threads\/3570628\/#post-9056769\">Visit the information thread<\/a>.<\/small>\n|c|\u2606boltaway|LOL\n|\n|t:|1699922209\n|move|p2a: Manaphy|Tail Glow|p2a: Manaphy\n|-boost|p2a: Manaphy|spa|3\n|move|p1a: Miu Miu|Calm Mind|p1a: Miu Miu\n|-boost|p1a: Miu Miu|spa|1\n|-boost|p1a: Miu Miu|spd|1\n|\n|-heal|p1a: Miu Miu|97\/100|[from] Grassy Terrain\n|upkeep\n|turn|5\n|\n|t:|1699922214\n|switch|p2a: Heatran|Heatran, F|100\/100\n|move|p1a: Miu Miu|Calm Mind|p1a: Miu Miu\n|-boost|p1a: Miu Miu|spa|1\n|-boost|p1a: Miu Miu|spd|1\n|\n|-heal|p1a: Miu Miu|100\/100|[from] Grassy Terrain\n|-fieldend|move: Grassy Terrain\n|upkeep\n|turn|6\n|l| SandGetsEverywhere\n|j| SandGetsEverywhere\n|\n|t:|1699922227\n|move|p2a: Heatran|Stealth Rock|p1a: Miu Miu\n|-sidestart|p1: boltaway|move: Stealth Rock\n|move|p1a: Miu Miu|Calm Mind|p1a: Miu Miu\n|-boost|p1a: Miu Miu|spa|1\n|-boost|p1a: Miu Miu|spd|1\n|\n|upkeep\n|turn|7\n|\n|t:|1699922230\n|switch|p2a: Rillaboom|Rillaboom, F|100\/100\n|-fieldstart|move: Grassy Terrain|[from] ability: Grassy Surge|[of] p2a: Rillaboom\n|move|p1a: Miu Miu|Shadow Ball|p2a: Rillaboom\n|-crit|p2a: Rillaboom\n|-damage|p2a: Rillaboom|23\/100\n|\n|-heal|p2a: Rillaboom|29\/100|[from] Grassy Terrain\n|upkeep\n|turn|8\n|\n|t:|1699922241\n|switch|p1a: Fendi|Moltres|68\/100\n|move|p2a: Rillaboom|Knock Off|p1a: Fendi\n|-damage|p1a: Fendi|32\/100\n|-status|p2a: Rillaboom|brn|[from] ability: Flame Body|[of] p1a: Fendi\n|-enditem|p1a: Fendi|Heavy-Duty Boots|[from] move: Knock Off|[of] p2a: Rillaboom\n|\n|-heal|p2a: Rillaboom|35\/100 brn|[from] Grassy Terrain\n|-damage|p2a: Rillaboom|29\/100 brn|[from] brn\n|upkeep\n|turn|9\n|\n|t:|1699922251\n|switch|p2a: Manaphy|Manaphy|100\/100\n|move|p1a: Fendi|Roost|p1a: Fendi\n|-heal|p1a: Fendi|82\/100\n|-singleturn|p1a: Fendi|move: Roost\n|\n|-heal|p1a: Fendi|88\/100|[from] Grassy Terrain\n|upkeep\n|turn|10\n|l| SandGetsEverywhere\n|\n|t:|1699922257\n|switch|p1a: Miu Miu|Blissey, F|100\/100\n|move|p2a: Manaphy|Tail Glow|p2a: Manaphy\n|-boost|p2a: Manaphy|spa|3\n|\n|upkeep\n|turn|11\n|\n|t:|1699922261\n|move|p2a: Manaphy|Tail Glow|p2a: Manaphy\n|-boost|p2a: Manaphy|spa|3\n|move|p1a: Miu Miu|Calm Mind|p1a: Miu Miu\n|-boost|p1a: Miu Miu|spa|1\n|-boost|p1a: Miu Miu|spd|1\n|\n|-fieldend|move: Grassy Terrain\n|upkeep\n|turn|12\n|\n|t:|1699922264\n|move|p2a: Manaphy|Surf|p1a: Miu Miu\n|-damage|p1a: Miu Miu|59\/100\n|move|p1a: Miu Miu|Calm Mind|p1a: Miu Miu\n|-boost|p1a: Miu Miu|spa|1\n|-boost|p1a: Miu Miu|spd|1\n|\n|upkeep\n|turn|13\n|\n|t:|1699922268\n|move|p2a: Manaphy|Surf|p1a: Miu Miu\n|-damage|p1a: Miu Miu|28\/100\n|move|p1a: Miu Miu|Soft-Boiled|p1a: Miu Miu\n|-heal|p1a: Miu Miu|78\/100\n|\n|upkeep\n|turn|14\n|\n|t:|1699922272\n|move|p2a: Manaphy|Surf|p1a: Miu Miu\n|-damage|p1a: Miu Miu|47\/100\n|move|p1a: Miu Miu|Soft-Boiled|p1a: Miu Miu\n|-heal|p1a: Miu Miu|97\/100\n|\n|upkeep\n|turn|15\n|\n|t:|1699922276\n|move|p2a: Manaphy|Surf|p1a: Miu Miu\n|-damage|p1a: Miu Miu|67\/100\n|move|p1a: Miu Miu|Calm Mind|p1a: Miu Miu\n|-boost|p1a: Miu Miu|spa|1\n|-boost|p1a: Miu Miu|spd|1\n|\n|upkeep\n|turn|16\n|\n|t:|1699922281\n|move|p2a: Manaphy|Surf|p1a: Miu Miu\n|-damage|p1a: Miu Miu|43\/100\n|move|p1a: Miu Miu|Soft-Boiled|p1a: Miu Miu\n|-heal|p1a: Miu Miu|93\/100\n|\n|upkeep\n|turn|17\n|\n|t:|1699922286\n|move|p2a: Manaphy|Surf|p1a: Miu Miu\n|-damage|p1a: Miu Miu|70\/100\n|move|p1a: Miu Miu|Seismic Toss|p2a: Manaphy\n|-damage|p2a: Manaphy|71\/100\n|\n|-heal|p2a: Manaphy|77\/100|[from] item: Leftovers\n|upkeep\n|turn|18\n|\n|t:|1699922295\n|move|p2a: Manaphy|Surf|p1a: Miu Miu\n|-damage|p1a: Miu Miu|46\/100\n|move|p1a: Miu Miu|Shadow Ball|p2a: Manaphy\n|-damage|p2a: Manaphy|39\/100\n|\n|-heal|p2a: Manaphy|45\/100|[from] item: Leftovers\n|upkeep\n|turn|19\n|\n|t:|1699922303\n|switch|p2a: Sneasler|Sneasler, F|100\/100\n|move|p1a: Miu Miu|Soft-Boiled|p1a: Miu Miu\n|-heal|p1a: Miu Miu|96\/100\n|\n|upkeep\n|turn|20\n|\n|t:|1699922311\n|switch|p1a: Tom Ford|Dondozo, F|100\/100\n|move|p2a: Sneasler|Dire Claw|p1a: Tom Ford\n|-damage|p1a: Tom Ford|81\/100\n|\n|upkeep\n|turn|21\n|j| SandGetsEverywhere\n|\n|t:|1699922317\n|switch|p2a: Rillaboom|Rillaboom, F|29\/100 brn\n|-fieldstart|move: Grassy Terrain|[from] ability: Grassy Surge|[of] p2a: Rillaboom\n|move|p1a: Tom Ford|Rest|p1a: Tom Ford\n|-status|p1a: Tom Ford|slp|[from] move: Rest\n|-heal|p1a: Tom Ford|100\/100 slp|[silent]\n|\n|-heal|p2a: Rillaboom|35\/100 brn|[from] Grassy Terrain\n|-damage|p2a: Rillaboom|29\/100 brn|[from] brn\n|upkeep\n|turn|22\n|l| SandGetsEverywhere\n|\n|t:|1699922326\n|switch|p1a: Prada|Clefable, F|100\/100\n|move|p2a: Rillaboom|U-turn|p1a: Prada\n|-resisted|p1a: Prada\n|-damage|p1a: Prada|93\/100\n|\n|t:|1699922330\n|switch|p2a: Manaphy|Manaphy|45\/100|[from] U-turn\n|\n|-heal|p2a: Manaphy|52\/100|[from] Grassy Terrain\n|-heal|p2a: Manaphy|58\/100|[from] item: Leftovers\n|-heal|p1a: Prada|99\/100|[from] Grassy Terrain\n|-heal|p1a: Prada|100\/100|[from] item: Leftovers\n|upkeep\n|turn|23\n|\n|t:|1699922341\n|switch|p1a: Miu Miu|Blissey, F|96\/100\n|move|p2a: Manaphy|Tail Glow|p2a: Manaphy\n|-boost|p2a: Manaphy|spa|3\n|\n|-heal|p2a: Manaphy|64\/100|[from] Grassy Terrain\n|-heal|p2a: Manaphy|70\/100|[from] item: Leftovers\n|-heal|p1a: Miu Miu|100\/100|[from] Grassy Terrain\n|upkeep\n|turn|24\n|j| SandGetsEverywhere\n|\n|t:|1699922348\n|move|p2a: Manaphy|Tail Glow|p2a: Manaphy\n|-boost|p2a: Manaphy|spa|3\n|move|p1a: Miu Miu|Calm Mind|p1a: Miu Miu\n|-boost|p1a: Miu Miu|spa|1\n|-boost|p1a: Miu Miu|spd|1\n|\n|-heal|p2a: Manaphy|76\/100|[from] Grassy Terrain\n|-heal|p2a: Manaphy|82\/100|[from] item: Leftovers\n|upkeep\n|turn|25\n|l| SandGetsEverywhere\n|\n|t:|1699922350\n|move|p2a: Manaphy|Surf|p1a: Miu Miu\n|-damage|p1a: Miu Miu|62\/100\n|move|p1a: Miu Miu|Calm Mind|p1a: Miu Miu\n|-boost|p1a: Miu Miu|spa|1\n|-boost|p1a: Miu Miu|spd|1\n|\n|-heal|p2a: Manaphy|88\/100|[from] Grassy Terrain\n|-heal|p2a: Manaphy|95\/100|[from] item: Leftovers\n|-heal|p1a: Miu Miu|68\/100|[from] Grassy Terrain\n|-fieldend|move: Grassy Terrain\n|upkeep\n|turn|26\n|\n|t:|1699922354\n|move|p2a: Manaphy|Surf|p1a: Miu Miu\n|-damage|p1a: Miu Miu|42\/100\n|move|p1a: Miu Miu|Soft-Boiled|p1a: Miu Miu\n|-heal|p1a: Miu Miu|92\/100\n|\n|-heal|p2a: Manaphy|100\/100|[from] item: Leftovers\n|upkeep\n|turn|27\n|\n|t:|1699922358\n|move|p2a: Manaphy|Surf|p1a: Miu Miu\n|-damage|p1a: Miu Miu|63\/100\n|move|p1a: Miu Miu|Calm Mind|p1a: Miu Miu\n|-boost|p1a: Miu Miu|spa|1\n|-boost|p1a: Miu Miu|spd|1\n|\n|upkeep\n|turn|28\n|\n|t:|1699922368\n|switch|p2a: Sneasler|Sneasler, F|100\/100\n|move|p1a: Miu Miu|Soft-Boiled|p1a: Miu Miu\n|-heal|p1a: Miu Miu|100\/100\n|\n|upkeep\n|turn|29\n|\n|t:|1699922376\n|switch|p1a: Tom Ford|Dondozo, F|100\/100 slp\n|move|p2a: Sneasler|Dire Claw|p1a: Tom Ford\n|-damage|p1a: Tom Ford|81\/100 slp\n|\n|upkeep\n|turn|30\n|\n|t:|1699922381\n|switch|p2a: Manaphy|Manaphy|100\/100\n|cant|p1a: Tom Ford|slp\n|move|p1a: Tom Ford|Sleep Talk|p1a: Tom Ford\n|move|p1a: Tom Ford|Rest||[from]move: Sleep Talk|[still]\n|-fail|p1a: Tom Ford\n|\n|upkeep\n|turn|31\n|\n|t:|1699922397\n|switch|p1a: Moschino|Clodsire, F|100\/100\n|move|p2a: Manaphy|Tail Glow|p2a: Manaphy\n|-boost|p2a: Manaphy|spa|3\n|\n|upkeep\n|turn|32\n|\n|t:|1699922405\n|switch|p2a: Kingambit|Kingambit, M|100\/100\n|-item|p2a: Kingambit|Air Balloon\n|-terastallize|p1a: Moschino|Fairy\n|move|p1a: Moschino|Earthquake|p2a: Kingambit\n|-immune|p2a: Kingambit\n|\n|upkeep\n|turn|33\n|\n|t:|1699922412\n|switch|p1a: Tom Ford|Dondozo, F|81\/100 slp\n|move|p2a: Kingambit|Iron Head|p1a: Tom Ford\n|-resisted|p1a: Tom Ford\n|-damage|p1a: Tom Ford|70\/100 slp\n|\n|upkeep\n|turn|34\n|\n|t:|1699922427\n|-end|p2a: Kingambit|fallenundefined|[silent]\n|switch|p2a: Manaphy|Manaphy|100\/100\n|cant|p1a: Tom Ford|slp\n|move|p1a: Tom Ford|Sleep Talk|p1a: Tom Ford\n|move|p1a: Tom Ford|Liquidation|p2a: Manaphy|[from]move: Sleep Talk\n|-resisted|p2a: Manaphy\n|-damage|p2a: Manaphy|87\/100\n|\n|-heal|p2a: Manaphy|93\/100|[from] item: Leftovers\n|upkeep\n|turn|35\n|\n|t:|1699922432\n|switch|p1a: Moschino|Clodsire, F, tera:Fairy|100\/100\n|move|p2a: Manaphy|Tail Glow|p2a: Manaphy\n|-boost|p2a: Manaphy|spa|3\n|\n|-heal|p2a: Manaphy|99\/100|[from] item: Leftovers\n|upkeep\n|turn|36\n|\n|t:|1699922442\n|switch|p2a: Rillaboom|Rillaboom, F|29\/100 brn\n|-fieldstart|move: Grassy Terrain|[from] ability: Grassy Surge|[of] p2a: Rillaboom\n|move|p1a: Moschino|Spikes|p2a: Rillaboom\n|-sidestart|p2: friedfreak|Spikes\n|\n|-heal|p2a: Rillaboom|35\/100 brn|[from] Grassy Terrain\n|-damage|p2a: Rillaboom|29\/100 brn|[from] brn\n|upkeep\n|turn|37\n|\n|t:|1699922450\n|switch|p1a: Balmain|Alomomola, F|100\/100\n|move|p2a: Rillaboom|U-turn|p1a: Balmain\n|-damage|p1a: Balmain|91\/100\n|\n|t:|1699922460\n|switch|p2a: Manaphy|Manaphy|99\/100|[from] U-turn\n|-damage|p2a: Manaphy|87\/100|[from] Spikes\n|\n|-heal|p2a: Manaphy|93\/100|[from] Grassy Terrain\n|-heal|p2a: Manaphy|99\/100|[from] item: Leftovers\n|-heal|p1a: Balmain|97\/100|[from] Grassy Terrain\n|upkeep\n|turn|38\n|\n|t:|1699922464\n|switch|p1a: Moschino|Clodsire, F, tera:Fairy|100\/100\n|move|p2a: Manaphy|Tail Glow|p2a: Manaphy\n|-boost|p2a: Manaphy|spa|3\n|\n|-heal|p2a: Manaphy|100\/100|[from] Grassy Terrain\n|upkeep\n|turn|39\n|\n|t:|1699922475\n|move|p2a: Manaphy|Energy Ball|p1a: Moschino\n|-damage|p1a: Moschino|81\/100\n|move|p1a: Moschino|Spikes|p2a: Manaphy\n|-sidestart|p2: friedfreak|Spikes\n|\n|-heal|p1a: Moschino|87\/100|[from] Grassy Terrain\n|upkeep\n|turn|40\n|inactive|friedfreak has 120 seconds left.\n|j| Archyboy\n|\n|t:|1699922508\n|move|p2a: Manaphy|Energy Ball|p1a: Moschino\n|-damage|p1a: Moschino|69\/100\n|move|p1a: Moschino|Spikes|p2a: Manaphy\n|-sidestart|p2: friedfreak|Spikes\n|\n|-heal|p1a: Moschino|75\/100|[from] Grassy Terrain\n|-fieldend|move: Grassy Terrain\n|upkeep\n|turn|41\n|\n|t:|1699922517\n|move|p2a: Manaphy|Ice Beam|p1a: Moschino\n|-damage|p1a: Moschino|62\/100\n|move|p1a: Moschino|Earthquake|p2a: Manaphy\n|-damage|p2a: Manaphy|76\/100\n|\n|-heal|p2a: Manaphy|82\/100|[from] item: Leftovers\n|upkeep\n|turn|42\n|\n|t:|1699922523\n|move|p2a: Manaphy|Energy Ball|p1a: Moschino\n|-damage|p1a: Moschino|47\/100\n|move|p1a: Moschino|Recover|p1a: Moschino\n|-heal|p1a: Moschino|97\/100\n|\n|-heal|p2a: Manaphy|88\/100|[from] item: Leftovers\n|upkeep\n|turn|43\n|\n|t:|1699922526\n|move|p2a: Manaphy|Energy Ball|p1a: Moschino\n|-damage|p1a: Moschino|83\/100\n|move|p1a: Moschino|Earthquake|p2a: Manaphy\n|-damage|p2a: Manaphy|63\/100\n|\n|-heal|p2a: Manaphy|69\/100|[from] item: Leftovers\n|upkeep\n|turn|44\n|\n|t:|1699922535\n|switch|p2a: Kingambit|Kingambit, M|100\/100\n|-item|p2a: Kingambit|Air Balloon\n|move|p1a: Moschino|Stealth Rock|p2a: Kingambit\n|-sidestart|p2: friedfreak|move: Stealth Rock\n|\n|upkeep\n|turn|45\n|\n|t:|1699922542\n|-end|p2a: Kingambit|fallenundefined|[silent]\n|switch|p2a: Rillaboom|Rillaboom, F|29\/100 brn\n|-damage|p2a: Rillaboom|4\/100 brn|[from] Spikes\n|-damage|p2a: Rillaboom|0 fnt|[from] Stealth Rock\n|faint|p2a: Rillaboom\n|switch|p1a: Tom Ford|Dondozo, F|70\/100 slp\n|\n|upkeep\n|\n|t:|1699922549\n|switch|p2a: Manaphy|Manaphy|69\/100\n|-damage|p2a: Manaphy|44\/100|[from] Spikes\n|-damage|p2a: Manaphy|32\/100|[from] Stealth Rock\n|turn|46\n|\n|t:|1699922558\n|switch|p1a: Miu Miu|Blissey, F|100\/100\n|move|p2a: Manaphy|Energy Ball|p1a: Miu Miu\n|-damage|p1a: Miu Miu|91\/100\n|\n|-heal|p2a: Manaphy|38\/100|[from] item: Leftovers\n|upkeep\n|turn|47\n|\n|t:|1699922563\n|move|p2a: Manaphy|Tail Glow|p2a: Manaphy\n|-boost|p2a: Manaphy|spa|3\n|move|p1a: Miu Miu|Seismic Toss|p2a: Manaphy\n|-damage|p2a: Manaphy|9\/100\n|\n|-heal|p2a: Manaphy|15\/100|[from] item: Leftovers\n|upkeep\n|turn|48\n|\n|t:|1699922566\n|move|p2a: Manaphy|Surf|p1a: Miu Miu\n|-damage|p1a: Miu Miu|55\/100\n|move|p1a: Miu Miu|Seismic Toss|p2a: Manaphy\n|-damage|p2a: Manaphy|0 fnt\n|faint|p2a: Manaphy\n|\n|upkeep\n|\n|t:|1699922574\n|switch|p2a: Kingambit|Kingambit, M|100\/100\n|-damage|p2a: Kingambit|94\/100|[from] Stealth Rock\n|-activate|p2a: Kingambit|ability: Supreme Overlord\n|-start|p2a: Kingambit|fallen2|[silent]\n|-item|p2a: Kingambit|Air Balloon\n|turn|49\n|\n|t:|1699922582\n|switch|p1a: Balmain|Alomomola, F|100\/100\n|move|p2a: Kingambit|Kowtow Cleave|p1a: Balmain\n|-damage|p1a: Balmain|71\/100\n|\n|upkeep\n|turn|50\n|\n|t:|1699922589\n|-end|p2a: Kingambit|fallen2|[silent]\n|switch|p2a: Heatran|Heatran, F|100\/100\n|-damage|p2a: Heatran|76\/100|[from] Spikes\n|-damage|p2a: Heatran|63\/100|[from] Stealth Rock\n|move|p1a: Balmain|Flip Turn|p2a: Heatran\n|-supereffective|p2a: Heatran\n|-damage|p2a: Heatran|38\/100\n|-message|friedfreak forfeited.\n|\n|win|boltaway\n|raw|boltaway's rating: 1541 &rarr; <strong>1566<\/strong><br \/>(+25 for winning)\n|raw|friedfreak's rating: 1636 &rarr; <strong>1611<\/strong><br \/>(-25 for losing)\n|l|\u203dfriedfreak\n","uploadtime":1699922193,"views":8,"p1id":"boltaway","p2id":"friedfreak","formatid":"gen9ou","rating":1566,"private":0,"password":""}