{"id":"gen9ou-2000100700","p1":"Juaner95","p2":"jonjonbap","format":"[Gen 9] OU","log":"|j|\u2606Juaner95\n|j|\u2606jonjonbap\n|t:|1701154871\n|gametype|singles\n|player|p1|Juaner95|skyla|1180\n|player|p2|jonjonbap|102|1110\n|teamsize|p1|6\n|teamsize|p2|6\n|gen|9\n|tier|[Gen 9] OU\n|rated|\n|rule|Sleep Clause Mod: Limit one foe put to sleep\n|rule|Species Clause: Limit one of each Pok\u00e9mon\n|rule|OHKO Clause: OHKO moves are banned\n|rule|Evasion Items Clause: Evasion items are banned\n|rule|Evasion Moves Clause: Evasion moves are banned\n|rule|Endless Battle Clause: Forcing endless battles is banned\n|rule|HP Percentage Mod: HP is shown in percentages\n|clearpoke\n|poke|p1|Great Tusk|\n|poke|p1|Azumarill, F|\n|poke|p1|Skeledirge, M|\n|poke|p1|Hydreigon, M|\n|poke|p1|Amoonguss, M|\n|poke|p1|Iron Valiant|\n|poke|p2|Bellibolt, F|\n|poke|p2|Clefable, F|\n|poke|p2|Corviknight, M|\n|poke|p2|Dragapult, M|\n|poke|p2|Great Tusk|\n|poke|p2|Manaphy|\n|teampreview\n|inactive|Battle timer is ON: inactive players will automatically lose when time's up. (requested by jonjonbap)\n|\n|t:|1701154887\n|start\n|switch|p1a: Great Tusk|Great Tusk|100\/100\n|switch|p2a: Corviknight|Corviknight, M|100\/100\n|-ability|p2a: Corviknight|Pressure\n|turn|1\n|\n|t:|1701154902\n|-end|p1a: Great Tusk|Protosynthesis|[silent]\n|switch|p1a: Azumarill|Azumarill, F, shiny|100\/100\n|move|p2a: Corviknight|Iron Defense|p2a: Corviknight\n|-boost|p2a: Corviknight|def|2\n|\n|upkeep\n|turn|2\n|inactive|jonjonbap has 120 seconds left.\n|\n|t:|1701154936\n|move|p2a: Corviknight|Iron Defense|p2a: Corviknight\n|-boost|p2a: Corviknight|def|2\n|move|p1a: Azumarill|Chilling Water|p2a: Corviknight\n|-damage|p2a: Corviknight|88\/100\n|-unboost|p2a: Corviknight|atk|1\n|\n|-heal|p2a: Corviknight|95\/100|[from] item: Leftovers\n|upkeep\n|turn|3\n|\n|t:|1701154964\n|move|p2a: Corviknight|Iron Defense|p2a: Corviknight\n|-boost|p2a: Corviknight|def|2\n|move|p1a: Azumarill|Encore|p2a: Corviknight\n|-start|p2a: Corviknight|Encore\n|\n|-heal|p2a: Corviknight|100\/100|[from] item: Leftovers\n|upkeep\n|turn|4\n|\n|t:|1701154976\n|switch|p1a: Skeledirge|Skeledirge, M|100\/100\n|move|p2a: Corviknight|Iron Defense|p2a: Corviknight\n|-boost|p2a: Corviknight|def|0\n|\n|upkeep\n|turn|5\n|inactive|jonjonbap has 120 seconds left.\n|\n|t:|1701154995\n|switch|p2a: Manaphy|Manaphy|100\/100\n|move|p1a: Skeledirge|Torch Song|p2a: Manaphy\n|-resisted|p2a: Manaphy\n|-damage|p2a: Manaphy|89\/100\n|-boost|p1a: Skeledirge|spa|1\n|\n|-heal|p2a: Manaphy|95\/100|[from] item: Leftovers\n|upkeep\n|turn|6\n|\n|t:|1701155007\n|switch|p1a: Amoonguss|Amoonguss, M, shiny|100\/100\n|move|p2a: Manaphy|Take Heart|p2a: Manaphy\n|-boost|p2a: Manaphy|spa|1\n|-boost|p2a: Manaphy|spd|1\n|\n|-heal|p2a: Manaphy|100\/100|[from] item: Leftovers\n|upkeep\n|turn|7\n|inactive|Juaner95 has 120 seconds left.\n|\n|t:|1701155049\n|move|p2a: Manaphy|Stored Power|p1a: Amoonguss\n|-supereffective|p1a: Amoonguss\n|-damage|p1a: Amoonguss|64\/100\n|move|p1a: Amoonguss|Clear Smog|p2a: Manaphy\n|-damage|p2a: Manaphy|92\/100\n|-clearboost|p2a: Manaphy\n|\n|-heal|p2a: Manaphy|99\/100|[from] item: Leftovers\n|upkeep\n|turn|8\n|\n|t:|1701155058\n|switch|p2a: Corviknight|Corviknight, M|100\/100\n|-ability|p2a: Corviknight|Pressure\n|move|p1a: Amoonguss|Giga Drain|p2a: Corviknight\n|-resisted|p2a: Corviknight\n|-damage|p2a: Corviknight|95\/100\n|-heal|p1a: Amoonguss|67\/100|[from] drain|[of] p2a: Corviknight\n|\n|-heal|p2a: Corviknight|100\/100|[from] item: Leftovers\n|upkeep\n|turn|9\n|\n|t:|1701155062\n|switch|p1a: Azumarill|Azumarill, F, shiny|100\/100\n|move|p2a: Corviknight|U-turn|p1a: Azumarill\n|-resisted|p1a: Azumarill\n|-damage|p1a: Azumarill|95\/100\n|\n|t:|1701155069\n|switch|p2a: Bellibolt|Bellibolt, F|100\/100|[from] U-turn\n|\n|-heal|p1a: Azumarill|100\/100|[from] item: Leftovers\n|upkeep\n|turn|10\n|\n|t:|1701155077\n|switch|p1a: Great Tusk|Great Tusk|100\/100\n|move|p2a: Bellibolt|Toxic|p1a: Great Tusk|[miss]\n|-miss|p2a: Bellibolt|p1a: Great Tusk\n|\n|upkeep\n|turn|11\n|\n|t:|1701155089\n|switch|p2a: Corviknight|Corviknight, M|100\/100\n|-ability|p2a: Corviknight|Pressure\n|move|p1a: Great Tusk|Headlong Rush|p2a: Corviknight\n|-immune|p2a: Corviknight\n|\n|upkeep\n|turn|12\n|\n|t:|1701155093\n|-end|p1a: Great Tusk|Protosynthesis|[silent]\n|switch|p1a: Azumarill|Azumarill, F, shiny|100\/100\n|move|p2a: Corviknight|U-turn|p1a: Azumarill\n|-resisted|p1a: Azumarill\n|-damage|p1a: Azumarill|96\/100\n|\n|t:|1701155111\n|switch|p2a: Manaphy|Manaphy|99\/100|[from] U-turn\n|\n|-heal|p2a: Manaphy|100\/100|[from] item: Leftovers\n|-heal|p1a: Azumarill|100\/100|[from] item: Leftovers\n|upkeep\n|turn|13\n|\n|t:|1701155119\n|move|p2a: Manaphy|Take Heart|p2a: Manaphy\n|-boost|p2a: Manaphy|spa|1\n|-boost|p2a: Manaphy|spd|1\n|move|p1a: Azumarill|Encore|p2a: Manaphy\n|-start|p2a: Manaphy|Encore\n|\n|upkeep\n|turn|14\n|\n|t:|1701155128\n|switch|p2a: Corviknight|Corviknight, M|100\/100\n|-ability|p2a: Corviknight|Pressure\n|switch|p1a: Amoonguss|Amoonguss, M, shiny|99\/100\n|\n|upkeep\n|turn|15\n|\n|t:|1701155144\n|switch|p1a: Azumarill|Azumarill, F, shiny|100\/100\n|move|p2a: Corviknight|Iron Defense|p2a: Corviknight\n|-boost|p2a: Corviknight|def|2\n|\n|upkeep\n|turn|16\n|\n|t:|1701155149\n|move|p2a: Corviknight|U-turn|p1a: Azumarill\n|-resisted|p1a: Azumarill\n|-damage|p1a: Azumarill|96\/100\n|\n|t:|1701155152\n|switch|p2a: Bellibolt|Bellibolt, F|100\/100|[from] U-turn\n|move|p1a: Azumarill|Encore||[still]\n|-fail|p1a: Azumarill\n|\n|-heal|p1a: Azumarill|100\/100|[from] item: Leftovers\n|upkeep\n|turn|17\n|\n|t:|1701155160\n|switch|p1a: Amoonguss|Amoonguss, M, shiny|100\/100\n|move|p2a: Bellibolt|Toxic|p1a: Amoonguss\n|-immune|p1a: Amoonguss\n|\n|upkeep\n|turn|18\n|\n|t:|1701155168\n|switch|p2a: Corviknight|Corviknight, M|100\/100\n|-ability|p2a: Corviknight|Pressure\n|move|p1a: Amoonguss|Sludge Bomb|p2a: Corviknight\n|-immune|p2a: Corviknight\n|\n|upkeep\n|turn|19\n|\n|t:|1701155176\n|switch|p1a: Skeledirge|Skeledirge, M|100\/100\n|move|p2a: Corviknight|U-turn|p1a: Skeledirge\n|-resisted|p1a: Skeledirge\n|-damage|p1a: Skeledirge|99\/100\n|\n|t:|1701155183\n|switch|p2a: Great Tusk|Great Tusk|100\/100|[from] U-turn\n|\n|upkeep\n|turn|20\n|\n|t:|1701155193\n|switch|p1a: Hydreigon|Hydreigon, M, shiny|100\/100\n|move|p2a: Great Tusk|Knock Off|p1a: Hydreigon\n|-resisted|p1a: Hydreigon\n|-crit|p1a: Hydreigon\n|-damage|p1a: Hydreigon|74\/100\n|-enditem|p1a: Hydreigon|Leftovers|[from] move: Knock Off|[of] p2a: Great Tusk\n|\n|upkeep\n|turn|21\n|\n|t:|1701155205\n|switch|p1a: Amoonguss|Amoonguss, M, shiny|100\/100\n|move|p2a: Great Tusk|Close Combat|p1a: Amoonguss\n|-resisted|p1a: Amoonguss\n|-damage|p1a: Amoonguss|74\/100\n|-unboost|p2a: Great Tusk|def|1\n|-unboost|p2a: Great Tusk|spd|1\n|-damage|p2a: Great Tusk|84\/100|[from] item: Rocky Helmet|[of] p1a: Amoonguss\n|\n|-heal|p2a: Great Tusk|90\/100|[from] item: Leftovers\n|upkeep\n|turn|22\n|\n|t:|1701155213\n|move|p2a: Great Tusk|Knock Off|p1a: Amoonguss\n|-crit|p1a: Amoonguss\n|-damage|p1a: Amoonguss|36\/100\n|-damage|p2a: Great Tusk|74\/100|[from] item: Rocky Helmet|[of] p1a: Amoonguss\n|-enditem|p1a: Amoonguss|Rocky Helmet|[from] move: Knock Off|[of] p2a: Great Tusk\n|move|p1a: Amoonguss|Giga Drain|p2a: Great Tusk\n|-supereffective|p2a: Great Tusk\n|-damage|p2a: Great Tusk|0 fnt\n|-heal|p1a: Amoonguss|67\/100|[from] drain|[of] p2a: Great Tusk\n|faint|p2a: Great Tusk\n|-end|p2a: Great Tusk|Protosynthesis|[silent]\n|\n|upkeep\n|\n|t:|1701155229\n|switch|p2a: Dragapult|Dragapult, M|100\/100\n|turn|23\n|\n|t:|1701155236\n|move|p2a: Dragapult|Will-O-Wisp|p1a: Amoonguss\n|-status|p1a: Amoonguss|brn\n|move|p1a: Amoonguss|Spore|p2a: Dragapult\n|-status|p2a: Dragapult|slp|[from] move: Spore\n|\n|-damage|p1a: Amoonguss|61\/100 brn|[from] brn\n|upkeep\n|turn|24\n|\n|t:|1701155242\n|switch|p1a: Skeledirge|Skeledirge, M|99\/100\n|cant|p2a: Dragapult|slp\n|\n|upkeep\n|turn|25\n|\n|t:|1701155249\n|cant|p2a: Dragapult|slp\n|move|p1a: Skeledirge|Torch Song|p2a: Dragapult\n|-resisted|p2a: Dragapult\n|-damage|p2a: Dragapult|79\/100 slp\n|-boost|p1a: Skeledirge|spa|1\n|\n|upkeep\n|turn|26\n|\n|t:|1701155256\n|-curestatus|p2a: Dragapult|slp|[msg]\n|move|p2a: Dragapult|Dragon Darts|p1a: Skeledirge\n|-damage|p1a: Skeledirge|86\/100\n|-anim|p2a: Dragapult|Dragon Darts|p1a: Skeledirge\n|-damage|p1a: Skeledirge|74\/100\n|move|p1a: Skeledirge|Torch Song|p2a: Dragapult\n|-resisted|p2a: Dragapult\n|-damage|p2a: Dragapult|49\/100\n|-boost|p1a: Skeledirge|spa|1\n|\n|upkeep\n|turn|27\n|\n|t:|1701155268\n|switch|p2a: Clefable|Clefable, F|100\/100\n|-terastallize|p1a: Skeledirge|Fairy\n|move|p1a: Skeledirge|Torch Song|p2a: Clefable\n|-damage|p2a: Clefable|57\/100\n|-boost|p1a: Skeledirge|spa|1\n|\n|-heal|p2a: Clefable|63\/100|[from] item: Leftovers\n|upkeep\n|turn|28\n|\n|t:|1701155276\n|move|p1a: Skeledirge|Torch Song|p2a: Clefable\n|-damage|p2a: Clefable|16\/100\n|-boost|p1a: Skeledirge|spa|1\n|move|p2a: Clefable|Thunder Wave|p1a: Skeledirge\n|-status|p1a: Skeledirge|par\n|\n|-heal|p2a: Clefable|23\/100|[from] item: Leftovers\n|upkeep\n|turn|29\n|\n|t:|1701155285\n|switch|p2a: Manaphy|Manaphy|100\/100\n|move|p1a: Skeledirge|Torch Song|p2a: Manaphy\n|-resisted|p2a: Manaphy\n|-damage|p2a: Manaphy|60\/100\n|-boost|p1a: Skeledirge|spa|1\n|\n|-heal|p2a: Manaphy|67\/100|[from] item: Leftovers\n|upkeep\n|turn|30\n|\n|t:|1701155292\n|move|p2a: Manaphy|Take Heart|p2a: Manaphy\n|-boost|p2a: Manaphy|spa|1\n|-boost|p2a: Manaphy|spd|1\n|move|p1a: Skeledirge|Hex|p2a: Manaphy\n|-damage|p2a: Manaphy|0 fnt\n|faint|p2a: Manaphy\n|\n|upkeep\n|\n|t:|1701155309\n|switch|p2a: Dragapult|Dragapult, M|49\/100\n|turn|31\n|\n|t:|1701155312\n|move|p2a: Dragapult|Hex|p1a: Skeledirge\n|-damage|p1a: Skeledirge|18\/100 par\n|move|p1a: Skeledirge|Hex|p2a: Dragapult\n|-supereffective|p2a: Dragapult\n|-damage|p2a: Dragapult|0 fnt\n|faint|p2a: Dragapult\n|\n|upkeep\n|\n|t:|1701155323\n|switch|p2a: Bellibolt|Bellibolt, F|100\/100\n|turn|32\n|\n|t:|1701155327\n|move|p2a: Bellibolt|Parabolic Charge|p1a: Skeledirge\n|-damage|p1a: Skeledirge|0 fnt\n|faint|p1a: Skeledirge\n|\n|upkeep\n|\n|t:|1701155333\n|switch|p1a: Great Tusk|Great Tusk|100\/100\n|turn|33\n|\n|t:|1701155338\n|-terastallize|p2a: Bellibolt|Flying\n|move|p1a: Great Tusk|Close Combat|p2a: Bellibolt\n|-resisted|p2a: Bellibolt\n|-damage|p2a: Bellibolt|81\/100\n|-unboost|p1a: Great Tusk|def|1\n|-unboost|p1a: Great Tusk|spd|1\n|-start|p2a: Bellibolt|Charge|Close Combat|[from] ability: Electromorphosis\n|move|p2a: Bellibolt|Toxic|p1a: Great Tusk\n|-status|p1a: Great Tusk|tox\n|\n|-heal|p2a: Bellibolt|87\/100|[from] item: Leftovers\n|-damage|p1a: Great Tusk|94\/100 tox|[from] psn\n|upkeep\n|turn|34\n|\n|t:|1701155357\n|-end|p1a: Great Tusk|Protosynthesis|[silent]\n|switch|p1a: Hydreigon|Hydreigon, M, shiny|74\/100\n|switch|p2a: Clefable|Clefable, F|23\/100\n|\n|-heal|p2a: Clefable|29\/100|[from] item: Leftovers\n|upkeep\n|turn|35\n|\n|t:|1701155367\n|switch|p1a: Amoonguss|Amoonguss, M, shiny|94\/100 brn\n|move|p2a: Clefable|Thunder Wave||[still]\n|-fail|p2a: Clefable\n|\n|-heal|p2a: Clefable|35\/100|[from] item: Leftovers\n|-damage|p1a: Amoonguss|88\/100 brn|[from] brn\n|upkeep\n|turn|36\n|\n|t:|1701155375\n|switch|p2a: Corviknight|Corviknight, M|100\/100\n|-ability|p2a: Corviknight|Pressure\n|move|p1a: Amoonguss|Spore|p2a: Corviknight\n|-status|p2a: Corviknight|slp|[from] move: Spore\n|\n|-damage|p1a: Amoonguss|82\/100 brn|[from] brn\n|upkeep\n|turn|37\n|\n|t:|1701155391\n|switch|p1a: Hydreigon|Hydreigon, M, shiny|74\/100\n|cant|p2a: Corviknight|slp\n|\n|upkeep\n|turn|38\n|\n|t:|1701155397\n|move|p1a: Hydreigon|Substitute|p1a: Hydreigon\n|-start|p1a: Hydreigon|Substitute\n|-damage|p1a: Hydreigon|49\/100\n|-curestatus|p2a: Corviknight|slp|[msg]\n|move|p2a: Corviknight|Body Press|p1a: Hydreigon\n|-supereffective|p1a: Hydreigon\n|-end|p1a: Hydreigon|Substitute\n|\n|upkeep\n|turn|39\n|\n|t:|1701155407\n|switch|p1a: Amoonguss|Amoonguss, M, shiny|100\/100 brn\n|move|p2a: Corviknight|Body Press|p1a: Amoonguss\n|-resisted|p1a: Amoonguss\n|-damage|p1a: Amoonguss|91\/100 brn\n|\n|-damage|p1a: Amoonguss|85\/100 brn|[from] brn\n|upkeep\n|turn|40\n|\n|t:|1701155414\n|move|p2a: Corviknight|U-turn|p1a: Amoonguss\n|-damage|p1a: Amoonguss|74\/100 brn\n|\n|t:|1701155423\n|switch|p2a: Bellibolt|Bellibolt, F, tera:Flying|87\/100|[from] U-turn\n|move|p1a: Amoonguss|Spore|p2a: Bellibolt\n|-status|p2a: Bellibolt|slp|[from] move: Spore\n|\n|-heal|p2a: Bellibolt|93\/100 slp|[from] item: Leftovers\n|-damage|p1a: Amoonguss|68\/100 brn|[from] brn\n|upkeep\n|turn|41\n|\n|t:|1701155428\n|cant|p2a: Bellibolt|slp\n|move|p1a: Amoonguss|Sludge Bomb|p2a: Bellibolt\n|-damage|p2a: Bellibolt|69\/100 slp\n|-start|p2a: Bellibolt|Charge|Sludge Bomb|[from] ability: Electromorphosis\n|\n|-heal|p2a: Bellibolt|75\/100 slp|[from] item: Leftovers\n|-damage|p1a: Amoonguss|62\/100 brn|[from] brn\n|upkeep\n|turn|42\n|\n|t:|1701155440\n|cant|p2a: Bellibolt|slp\n|-end|p2a: Bellibolt|Charge|[silent]\n|move|p1a: Amoonguss|Sludge Bomb|p2a: Bellibolt\n|-damage|p2a: Bellibolt|48\/100 slp\n|-start|p2a: Bellibolt|Charge|Sludge Bomb|[from] ability: Electromorphosis\n|\n|-heal|p2a: Bellibolt|54\/100 slp|[from] item: Leftovers\n|-damage|p1a: Amoonguss|55\/100 brn|[from] brn\n|upkeep\n|turn|43\n|inactive|jonjonbap has 120 seconds left.\n|\n|t:|1701155473\n|-curestatus|p2a: Bellibolt|slp|[msg]\n|move|p2a: Bellibolt|Parabolic Charge|p1a: Amoonguss\n|-resisted|p1a: Amoonguss\n|-damage|p1a: Amoonguss|34\/100 brn\n|-heal|p2a: Bellibolt|65\/100|[from] drain|[of] p1a: Amoonguss\n|-end|p2a: Bellibolt|Charge|[silent]\n|move|p1a: Amoonguss|Sludge Bomb|p2a: Bellibolt\n|-damage|p2a: Bellibolt|41\/100\n|-status|p2a: Bellibolt|psn\n|-start|p2a: Bellibolt|Charge|Sludge Bomb|[from] ability: Electromorphosis\n|\n|-heal|p2a: Bellibolt|47\/100 psn|[from] item: Leftovers\n|-damage|p2a: Bellibolt|35\/100 psn|[from] psn\n|-damage|p1a: Amoonguss|28\/100 brn|[from] brn\n|upkeep\n|turn|44\n|inactive|jonjonbap has 120 seconds left.\n|\n|t:|1701155495\n|switch|p1a: Great Tusk|Great Tusk|94\/100 tox\n|move|p2a: Bellibolt|Parabolic Charge|p1a: Great Tusk\n|-immune|p1a: Great Tusk\n|-end|p2a: Bellibolt|Charge|[silent]\n|\n|-heal|p2a: Bellibolt|41\/100 psn|[from] item: Leftovers\n|-damage|p1a: Great Tusk|88\/100 tox|[from] psn\n|-damage|p2a: Bellibolt|29\/100 psn|[from] psn\n|upkeep\n|turn|45\n|inactive|jonjonbap has 120 seconds left.\n|\n|t:|1701155513\n|switch|p2a: Corviknight|Corviknight, M|100\/100\n|-ability|p2a: Corviknight|Pressure\n|move|p1a: Great Tusk|Close Combat|p2a: Corviknight\n|-damage|p2a: Corviknight|57\/100\n|-unboost|p1a: Great Tusk|def|1\n|-unboost|p1a: Great Tusk|spd|1\n|\n|-heal|p2a: Corviknight|63\/100|[from] item: Leftovers\n|-damage|p1a: Great Tusk|76\/100 tox|[from] psn\n|upkeep\n|turn|46\n|inactive|jonjonbap has 120 seconds left.\n|\n|t:|1701155524\n|move|p1a: Great Tusk|Close Combat|p2a: Corviknight\n|-damage|p2a: Corviknight|22\/100\n|-unboost|p1a: Great Tusk|def|1\n|-unboost|p1a: Great Tusk|spd|1\n|move|p2a: Corviknight|Roost|p2a: Corviknight\n|-heal|p2a: Corviknight|72\/100\n|-singleturn|p2a: Corviknight|move: Roost\n|\n|-heal|p2a: Corviknight|79\/100|[from] item: Leftovers\n|-damage|p1a: Great Tusk|57\/100 tox|[from] psn\n|upkeep\n|turn|47\n|inactive|jonjonbap has 120 seconds left.\n|\n|t:|1701155535\n|move|p1a: Great Tusk|Close Combat|p2a: Corviknight\n|-damage|p2a: Corviknight|34\/100\n|-unboost|p1a: Great Tusk|def|1\n|-unboost|p1a: Great Tusk|spd|1\n|move|p2a: Corviknight|Body Press|p1a: Great Tusk\n|-damage|p1a: Great Tusk|8\/100 tox\n|\n|-heal|p2a: Corviknight|41\/100|[from] item: Leftovers\n|-damage|p1a: Great Tusk|0 fnt|[from] psn\n|faint|p1a: Great Tusk\n|-end|p1a: Great Tusk|Protosynthesis|[silent]\n|upkeep\n|\n|t:|1701155541\n|switch|p1a: Iron Valiant|Iron Valiant|100\/100\n|turn|48\n|inactive|jonjonbap has 120 seconds left.\n|\n|t:|1701155553\n|move|p1a: Iron Valiant|Thunderbolt|p2a: Corviknight\n|-supereffective|p2a: Corviknight\n|-damage|p2a: Corviknight|0 fnt\n|faint|p2a: Corviknight\n|-damage|p1a: Iron Valiant|91\/100|[from] item: Life Orb\n|\n|upkeep\n|inactive|jonjonbap has 120 seconds left.\n|\n|t:|1701155566\n|switch|p2a: Clefable|Clefable, F|35\/100\n|turn|49\n|\n|t:|1701155577\n|move|p1a: Iron Valiant|Moonblast|p2a: Clefable\n|-damage|p2a: Clefable|0 fnt\n|faint|p2a: Clefable\n|-damage|p1a: Iron Valiant|81\/100|[from] item: Life Orb\n|\n|upkeep\n|inactive|jonjonbap has 120 seconds left.\n|c|\u2606Juaner95|GG\n|inactive|jonjonbap has 90 seconds left.\n|c|\u2606Juaner95|LMAO\n|c|\u2606Juaner95|GG EZ\n|\n|t:|1701155635\n|switch|p2a: Bellibolt|Bellibolt, F, tera:Flying|29\/100 psn\n|turn|50\n|\n|t:|1701155640\n|move|p1a: Iron Valiant|Thunderbolt|p2a: Bellibolt\n|-supereffective|p2a: Bellibolt\n|-damage|p2a: Bellibolt|0 fnt\n|faint|p2a: Bellibolt\n|-damage|p1a: Iron Valiant|71\/100|[from] item: Life Orb\n|\n|win|Juaner95\n|raw|Juaner95's rating: 1180 &rarr; <strong>1201<\/strong><br \/>(+21 for winning)\n|raw|jonjonbap's rating: 1130 &rarr; <strong>1109<\/strong><br \/>(-21 for losing)\n|c|\u2606Juaner95|gg\n","uploadtime":1701155661,"views":5,"p1id":"juaner95","p2id":"jonjonbap","formatid":"gen9ou","rating":1109,"private":0,"password":""}