{"id":"gen9ou-1992517656","p1":"ThatGurlMay","p2":"jungkook-incarnate","format":"[Gen 9] OU","log":"|j|\u2606ThatGurlMay\n|j|\u2606jungkook-incarnate\n|t:|1700198286\n|gametype|singles\n|player|p1|ThatGurlMay|ballguy|1117\n|player|p2|jungkook-incarnate|102|1159\n|teamsize|p1|6\n|teamsize|p2|6\n|gen|9\n|tier|[Gen 9] OU\n|rated|\n|rule|Sleep Clause Mod: Limit one foe put to sleep\n|rule|Species Clause: Limit one of each Pok\u00e9mon\n|rule|OHKO Clause: OHKO moves are banned\n|rule|Evasion Items Clause: Evasion items are banned\n|rule|Evasion Moves Clause: Evasion moves are banned\n|rule|Endless Battle Clause: Forcing endless battles is banned\n|rule|HP Percentage Mod: HP is shown in percentages\n|clearpoke\n|poke|p1|Garganacl, F|\n|poke|p1|Milotic, F|\n|poke|p1|Kingambit, M|\n|poke|p1|Mimikyu, M|\n|poke|p1|Gardevoir, M|\n|poke|p1|Ninetales-Alola, M|\n|poke|p2|Samurott-Hisui, M|\n|poke|p2|Gholdengo|\n|poke|p2|Ceruledge, F|\n|poke|p2|Rillaboom, M|\n|poke|p2|Zamazenta-*|\n|poke|p2|Great Tusk|\n|teampreview\n|inactive|Battle timer is ON: inactive players will automatically lose when time's up. (requested by jungkook-incarnate)\n|c|\u2606ThatGurlMay|anger name\n|c|\u2606ThatGurlMay|banger\n|inactive|jungkook-incarnate has 120 seconds left.\n|\n|t:|1700198326\n|start\n|switch|p1a: Blanco|Ninetales-Alola, M|100\/100\n|switch|p2a: Samurott|Samurott-Hisui, M, shiny|100\/100\n|-weather|Snow|[from] ability: Snow Warning|[of] p1a: Blanco\n|turn|1\n|c|\u2606jungkook-incarnate|nice avatar\n|c|\u2606ThatGurlMay|ohhhhh\n|c|\u2606jungkook-incarnate|are you a tourney level player on a new account?\n|inactive|jungkook-incarnate has 120 seconds left.\n|c|\u2606ThatGurlMay|maybe smurfing abit\n|\n|t:|1700198362\n|move|p1a: Blanco|Aurora Veil|p1a: Blanco\n|-sidestart|p1: ThatGurlMay|move: Aurora Veil\n|move|p2a: Samurott|Ceaseless Edge|p1a: Blanco\n|-resisted|p1a: Blanco\n|-damage|p1a: Blanco|88\/100\n|-sidestart|p1: ThatGurlMay|Spikes\n|\n|-weather|Snow|[upkeep]\n|upkeep\n|turn|2\n|inactive|jungkook-incarnate has 120 seconds left.\n|\n|t:|1700198377\n|switch|p2a: Ceruledge|Ceruledge, F|100\/100\n|move|p1a: Blanco|Nasty Plot|p1a: Blanco\n|-boost|p1a: Blanco|spa|2\n|\n|-weather|Snow|[upkeep]\n|upkeep\n|turn|3\n|c|\u2606ThatGurlMay|high ladder is pain\n|inactive|ThatGurlMay has 120 seconds left.\n|c|\u2606ThatGurlMay|low ladder teams can be creative\n|\n|t:|1700198402\n|move|p1a: Blanco|Freeze-Dry|p2a: Ceruledge\n|-resisted|p2a: Ceruledge\n|-damage|p2a: Ceruledge|78\/100\n|move|p2a: Ceruledge|Swords Dance|p2a: Ceruledge\n|-boost|p2a: Ceruledge|atk|2\n|\n|-weather|Snow|[upkeep]\n|upkeep\n|turn|4\n|\n|t:|1700198415\n|move|p1a: Blanco|Encore|p2a: Ceruledge\n|-start|p2a: Ceruledge|Encore\n|move|p2a: Ceruledge|Swords Dance|p2a: Ceruledge\n|-boost|p2a: Ceruledge|atk|2\n|\n|-weather|Snow|[upkeep]\n|upkeep\n|turn|5\n|\n|t:|1700198425\n|switch|p1a: ROCK|Garganacl, F|100\/100\n|-damage|p1a: ROCK|88\/100|[from] Spikes\n|switch|p2a: Gholdengo|Gholdengo|100\/100\n|\n|-weather|none\n|-heal|p1a: ROCK|94\/100|[from] item: Leftovers\n|upkeep\n|turn|6\n|\n|t:|1700198439\n|move|p2a: Gholdengo|Trick|p1a: ROCK\n|-activate|p2a: Gholdengo|move: Trick|[of] p1a: ROCK\n|-item|p1a: ROCK|Choice Scarf|[from] move: Trick\n|-item|p2a: Gholdengo|Leftovers|[from] move: Trick\n|move|p1a: ROCK|Earthquake|p2a: Gholdengo\n|-supereffective|p2a: Gholdengo\n|-damage|p2a: Gholdengo|48\/100\n|\n|-heal|p2a: Gholdengo|54\/100|[from] item: Leftovers\n|upkeep\n|turn|7\n|inactive|jungkook-incarnate has 120 seconds left.\n|\n|t:|1700198453\n|switch|p2a: Rillaboom|Rillaboom, M|100\/100\n|-fieldstart|move: Grassy Terrain|[from] ability: Grassy Surge|[of] p2a: Rillaboom\n|move|p1a: ROCK|Earthquake|p2a: Rillaboom\n|-resisted|p2a: Rillaboom\n|-damage|p2a: Rillaboom|94\/100\n|\n|-heal|p2a: Rillaboom|99\/100|[from] Grassy Terrain\n|-heal|p1a: ROCK|100\/100|[from] Grassy Terrain\n|upkeep\n|turn|8\n|inactive|jungkook-incarnate has 120 seconds left.\n|\n|t:|1700198466\n|switch|p1a: Blanco|Ninetales-Alola, M|88\/100\n|-damage|p1a: Blanco|75\/100|[from] Spikes\n|-weather|Snow|[from] ability: Snow Warning|[of] p1a: Blanco\n|move|p2a: Rillaboom|Swords Dance|p2a: Rillaboom\n|-boost|p2a: Rillaboom|atk|2\n|\n|-weather|Snow|[upkeep]\n|-heal|p1a: Blanco|81\/100|[from] Grassy Terrain\n|-heal|p2a: Rillaboom|100\/100|[from] Grassy Terrain\n|-sideend|p1: ThatGurlMay|move: Aurora Veil\n|upkeep\n|turn|9\n|inactive|jungkook-incarnate has 120 seconds left.\n|\n|t:|1700198480\n|move|p1a: Blanco|Aurora Veil|p1a: Blanco\n|-sidestart|p1: ThatGurlMay|move: Aurora Veil\n|move|p2a: Rillaboom|Drain Punch|p1a: Blanco\n|-damage|p1a: Blanco|56\/100\n|-damage|p2a: Rillaboom|91\/100|[from] item: Life Orb\n|\n|-weather|Snow|[upkeep]\n|-heal|p1a: Blanco|62\/100|[from] Grassy Terrain\n|-heal|p2a: Rillaboom|97\/100|[from] Grassy Terrain\n|upkeep\n|turn|10\n|inactive|jungkook-incarnate has 120 seconds left.\n|\n|t:|1700198496\n|move|p1a: Blanco|Nasty Plot|p1a: Blanco\n|-boost|p1a: Blanco|spa|2\n|move|p2a: Rillaboom|Knock Off|p1a: Blanco\n|-resisted|p1a: Blanco\n|-damage|p1a: Blanco|44\/100\n|-enditem|p1a: Blanco|Light Clay|[from] move: Knock Off|[of] p2a: Rillaboom\n|-damage|p2a: Rillaboom|87\/100|[from] item: Life Orb\n|\n|-weather|Snow|[upkeep]\n|-heal|p1a: Blanco|50\/100|[from] Grassy Terrain\n|-heal|p2a: Rillaboom|93\/100|[from] Grassy Terrain\n|upkeep\n|turn|11\n|inactive|jungkook-incarnate has 120 seconds left.\n|\n|t:|1700198512\n|switch|p2a: Ceruledge|Ceruledge, F|78\/100\n|move|p1a: Blanco|Encore||[still]\n|-fail|p1a: Blanco\n|\n|-weather|Snow|[upkeep]\n|-heal|p1a: Blanco|56\/100|[from] Grassy Terrain\n|-heal|p2a: Ceruledge|84\/100|[from] Grassy Terrain\n|-fieldend|move: Grassy Terrain\n|upkeep\n|turn|12\n|\n|t:|1700198541\n|move|p1a: Blanco|Freeze-Dry|p2a: Ceruledge\n|-resisted|p2a: Ceruledge\n|-damage|p2a: Ceruledge|61\/100\n|move|p2a: Ceruledge|Bitter Blade|p1a: Blanco\n|-supereffective|p1a: Blanco\n|-damage|p1a: Blanco|15\/100\n|-heal|p2a: Ceruledge|85\/100|[from] drain|[of] p1a: Blanco\n|\n|-weather|none\n|upkeep\n|turn|13\n|inactive|jungkook-incarnate has 120 seconds left.\n|\n|t:|1700198553\n|switch|p1a: Wetto|Milotic, F|100\/100\n|-damage|p1a: Wetto|88\/100|[from] Spikes\n|move|p2a: Ceruledge|Bitter Blade|p1a: Wetto\n|-resisted|p1a: Wetto\n|-damage|p1a: Wetto|80\/100\n|-heal|p2a: Ceruledge|91\/100|[from] drain|[of] p1a: Wetto\n|\n|-status|p1a: Wetto|brn|[from] item: Flame Orb\n|upkeep\n|turn|14\n|inactive|jungkook-incarnate has 120 seconds left.\n|inactive|jungkook-incarnate has 90 seconds left.\n|\n|t:|1700198591\n|switch|p2a: Samurott|Samurott-Hisui, M, shiny|100\/100\n|move|p1a: Wetto|Scald|p2a: Samurott\n|-resisted|p2a: Samurott\n|-damage|p2a: Samurott|81\/100\n|-status|p2a: Samurott|brn\n|\n|-damage|p2a: Samurott|75\/100 brn|[from] brn\n|-damage|p1a: Wetto|74\/100 brn|[from] brn\n|upkeep\n|turn|15\n|\n|t:|1700198602\n|move|p2a: Samurott|Ceaseless Edge|p1a: Wetto\n|-damage|p1a: Wetto|67\/100 brn\n|-sidestart|p1: ThatGurlMay|Spikes\n|move|p1a: Wetto|Scald|p2a: Samurott\n|-resisted|p2a: Samurott\n|-damage|p2a: Samurott|57\/100 brn\n|\n|-damage|p2a: Samurott|51\/100 brn|[from] brn\n|-damage|p1a: Wetto|61\/100 brn|[from] brn\n|upkeep\n|turn|16\n|inactive|jungkook-incarnate has 90 seconds left.\n|\n|t:|1700198618\n|move|p2a: Samurott|Swords Dance|p2a: Samurott\n|-boost|p2a: Samurott|atk|2\n|move|p1a: Wetto|Scald|p2a: Samurott\n|-resisted|p2a: Samurott\n|-damage|p2a: Samurott|33\/100 brn\n|\n|-damage|p2a: Samurott|27\/100 brn|[from] brn\n|-damage|p1a: Wetto|55\/100 brn|[from] brn\n|-sideend|p1: ThatGurlMay|move: Aurora Veil\n|upkeep\n|turn|17\n|\n|t:|1700198626\n|move|p2a: Samurott|Ceaseless Edge|p1a: Wetto\n|-damage|p1a: Wetto|27\/100 brn\n|-sidestart|p1: ThatGurlMay|Spikes\n|move|p1a: Wetto|Haze|p1a: Wetto\n|-clearallboost\n|\n|-damage|p2a: Samurott|21\/100 brn|[from] brn\n|-damage|p1a: Wetto|21\/100 brn|[from] brn\n|upkeep\n|turn|18\n|\n|t:|1700198634\n|move|p2a: Samurott|Ceaseless Edge|p1a: Wetto\n|-damage|p1a: Wetto|6\/100 brn\n|move|p1a: Wetto|Recover|p1a: Wetto\n|-heal|p1a: Wetto|56\/100 brn\n|\n|-damage|p2a: Samurott|15\/100 brn|[from] brn\n|-damage|p1a: Wetto|50\/100 brn|[from] brn\n|upkeep\n|turn|19\n|\n|t:|1700198645\n|move|p2a: Samurott|Swords Dance|p2a: Samurott\n|-boost|p2a: Samurott|atk|2\n|move|p1a: Wetto|Recover|p1a: Wetto\n|-heal|p1a: Wetto|99\/100 brn\n|\n|-damage|p2a: Samurott|9\/100 brn|[from] brn\n|-damage|p1a: Wetto|94\/100 brn|[from] brn\n|upkeep\n|turn|20\n|\n|t:|1700198670\n|move|p2a: Samurott|Ceaseless Edge|p1a: Wetto\n|-damage|p1a: Wetto|63\/100 brn\n|move|p1a: Wetto|Scald|p2a: Samurott\n|-resisted|p2a: Samurott\n|-damage|p2a: Samurott|0 fnt\n|faint|p2a: Samurott\n|\n|-damage|p1a: Wetto|57\/100 brn|[from] brn\n|upkeep\n|\n|t:|1700198682\n|switch|p2a: Rillaboom|Rillaboom, M|93\/100\n|-fieldstart|move: Grassy Terrain|[from] ability: Grassy Surge|[of] p2a: Rillaboom\n|turn|21\n|\n|t:|1700198692\n|switch|p1a: Blanco|Ninetales-Alola, M|15\/100\n|-damage|p1a: Blanco|0 fnt|[from] Spikes\n|faint|p1a: Blanco\n|move|p2a: Rillaboom|Grassy Glide|p1: Blanco|[notarget]\n|-fail|p2a: Rillaboom\n|\n|-heal|p2a: Rillaboom|99\/100|[from] Grassy Terrain\n|upkeep\n|\n|t:|1700198698\n|switch|p1a: ROCK|Garganacl, F|100\/100\n|-damage|p1a: ROCK|75\/100|[from] Spikes\n|turn|22\n|\n|t:|1700198719\n|move|p2a: Rillaboom|Grassy Glide|p1a: ROCK\n|-supereffective|p1a: ROCK\n|-damage|p1a: ROCK|22\/100\n|-damage|p2a: Rillaboom|89\/100|[from] item: Life Orb\n|move|p1a: ROCK|Recover|p1a: ROCK\n|-heal|p1a: ROCK|72\/100\n|\n|-heal|p2a: Rillaboom|95\/100|[from] Grassy Terrain\n|-heal|p1a: ROCK|78\/100|[from] Grassy Terrain\n|upkeep\n|turn|23\n|inactive|ThatGurlMay has 120 seconds left.\n|inactive|ThatGurlMay has 90 seconds left.\n|\n|t:|1700198771\n|move|p2a: Rillaboom|Swords Dance|p2a: Rillaboom\n|-boost|p2a: Rillaboom|atk|2\n|move|p1a: ROCK|Recover|p1a: ROCK\n|-heal|p1a: ROCK|100\/100\n|\n|-heal|p2a: Rillaboom|100\/100|[from] Grassy Terrain\n|upkeep\n|turn|24\n|inactive|ThatGurlMay has 90 seconds left.\n|inactive|ThatGurlMay has 60 seconds left.\n|\n|t:|1700198829\n|move|p2a: Rillaboom|Grassy Glide|p1a: ROCK\n|-supereffective|p1a: ROCK\n|-damage|p1a: ROCK|0 fnt\n|faint|p1a: ROCK\n|-damage|p2a: Rillaboom|91\/100|[from] item: Life Orb\n|\n|-heal|p2a: Rillaboom|97\/100|[from] Grassy Terrain\n|upkeep\n|inactive|ThatGurlMay has 30 seconds left.\n|\n|t:|1700198845\n|switch|p1a: $crim|Mimikyu, M|100\/100\n|-damage|p1a: $crim|76\/100|[from] Spikes\n|turn|25\n|-message|ThatGurlMay forfeited.\n|\n|win|jungkook-incarnate\n|raw|ThatGurlMay's rating: 1117 &rarr; <strong>1095<\/strong><br \/>(-22 for losing)\n|raw|jungkook-incarnate's rating: 1159 &rarr; <strong>1181<\/strong><br \/>(+22 for winning)\n|l|\u2606ThatGurlMay\n|c|\u2606jungkook-incarnate|gg\n","uploadtime":1700198858,"views":7,"p1id":"thatgurlmay","p2id":"jungkookincarnate","formatid":"gen9ou","rating":1095,"private":0,"password":""}