{"id":"gen9ou-1997940699","p1":"newredemptiiion","p2":"yekom","format":"[Gen 9] OU","log":"|j|\u2606newredemptiiion\n|j|\u2606yekom\n|t:|1700869997\n|gametype|singles\n|player|p1|newredemptiiion|265|1180\n|player|p2|yekom|will|1195\n|teamsize|p1|6\n|teamsize|p2|6\n|gen|9\n|tier|[Gen 9] OU\n|rated|\n|rule|Sleep Clause Mod: Limit one foe put to sleep\n|rule|Species Clause: Limit one of each Pok\u00e9mon\n|rule|OHKO Clause: OHKO moves are banned\n|rule|Evasion Items Clause: Evasion items are banned\n|rule|Evasion Moves Clause: Evasion moves are banned\n|rule|Endless Battle Clause: Forcing endless battles is banned\n|rule|HP Percentage Mod: HP is shown in percentages\n|clearpoke\n|poke|p1|Kingambit, F|\n|poke|p1|Great Tusk|\n|poke|p1|Dragapult, F|\n|poke|p1|Ogerpon-Wellspring, F|\n|poke|p1|Blissey, F|\n|poke|p1|Zapdos|\n|poke|p2|Empoleon, F|\n|poke|p2|Infernape, M|\n|poke|p2|Honchkrow, M|\n|poke|p2|Arcanine-Hisui, M|\n|poke|p2|Wo-Chien|\n|poke|p2|Weezing-Galar, F|\n|teampreview\n|\n|t:|1700870016\n|start\n|switch|p1a: Dragapult|Dragapult, F|100\/100\n|switch|p2a: Honchkrow|Honchkrow, M|100\/100\n|turn|1\n|\n|t:|1700870023\n|move|p2a: Honchkrow|Sucker Punch|p1a: Dragapult\n|-supereffective|p1a: Dragapult\n|-damage|p1a: Dragapult|0 fnt\n|faint|p1a: Dragapult\n|\n|upkeep\n|inactive|Battle timer is ON: inactive players will automatically lose when time's up. (requested by yekom)\n|\n|t:|1700870026\n|switch|p1a: Blissey|Blissey, F|100\/100\n|turn|2\n|\n|t:|1700870029\n|move|p2a: Honchkrow|Brave Bird|p1a: Blissey\n|-crit|p1a: Blissey\n|-damage|p1a: Blissey|8\/100\n|-damage|p2a: Honchkrow|47\/100|[from] Recoil\n|move|p1a: Blissey|Stealth Rock|p2a: Honchkrow\n|-sidestart|p2: yekom|move: Stealth Rock\n|\n|upkeep\n|turn|3\n|\n|t:|1700870041\n|switch|p1a: Zapdos|Zapdos|100\/100\n|move|p2a: Honchkrow|U-turn|p1a: Zapdos\n|-resisted|p1a: Zapdos\n|-crit|p1a: Zapdos\n|-damage|p1a: Zapdos|85\/100\n|-status|p2a: Honchkrow|par|[from] ability: Static|[of] p1a: Zapdos\n|\n|t:|1700870046\n|switch|p2a: Weezing|Weezing-Galar, F|100\/100|[from] U-turn\n|\n|upkeep\n|turn|4\n|\n|t:|1700870059\n|move|p1a: Zapdos|Volt Switch|p2a: Weezing\n|-damage|p2a: Weezing|57\/100\n|\n|t:|1700870063\n|switch|p1a: Blissey|Blissey, F|8\/100|[from] Volt Switch\n|move|p2a: Weezing|Defog|p1a: Blissey\n|-unboost|p1a: Blissey|evasion|1\n|-sideend|p2: yekom|Stealth Rock|[from] move: Defog|[of] p2a: Weezing\n|\n|upkeep\n|turn|5\n|\n|t:|1700870070\n|move|p2a: Weezing|Strange Steam|p1a: Blissey\n|-damage|p1a: Blissey|0 fnt\n|faint|p1a: Blissey\n|\n|upkeep\n|\n|t:|1700870076\n|switch|p1a: Ogerpon|Ogerpon-Wellspring, F|100\/100\n|turn|6\n|\n|t:|1700870086\n|move|p1a: Ogerpon|Ivy Cudgel|p2a: Weezing|[anim] Ivy Cudgel Water\n|-damage|p2a: Weezing|19\/100\n|move|p2a: Weezing|Will-O-Wisp|p1a: Ogerpon\n|-status|p1a: Ogerpon|brn\n|\n|-damage|p1a: Ogerpon|95\/100 brn|[from] brn\n|upkeep\n|turn|7\n|\n|t:|1700870092\n|move|p1a: Ogerpon|Encore|p2a: Weezing\n|-start|p2a: Weezing|Encore\n|move|p2a: Weezing|Will-O-Wisp|p1a: Ogerpon\n|-fail|p1a: Ogerpon|brn\n|\n|-damage|p1a: Ogerpon|89\/100 brn|[from] brn\n|upkeep\n|turn|8\n|\n|t:|1700870096\n|move|p1a: Ogerpon|Ivy Cudgel|p2a: Weezing|[anim] Ivy Cudgel Water\n|-damage|p2a: Weezing|1\/100\n|move|p2a: Weezing|Will-O-Wisp|p1a: Ogerpon\n|-fail|p1a: Ogerpon|brn\n|\n|-damage|p1a: Ogerpon|83\/100 brn|[from] brn\n|upkeep\n|turn|9\n|\n|t:|1700870100\n|move|p1a: Ogerpon|Ivy Cudgel|p2a: Weezing|[anim] Ivy Cudgel Water\n|-damage|p2a: Weezing|0 fnt\n|faint|p2a: Weezing\n|\n|-damage|p1a: Ogerpon|77\/100 brn|[from] brn\n|upkeep\n|\n|t:|1700870105\n|switch|p2a: Honchkrow|Honchkrow, M|47\/100 par\n|turn|10\n|\n|t:|1700870110\n|move|p2a: Honchkrow|Sucker Punch|p1a: Ogerpon\n|-crit|p1a: Ogerpon\n|-damage|p1a: Ogerpon|3\/100 brn\n|move|p1a: Ogerpon|Ivy Cudgel|p2a: Honchkrow|[anim] Ivy Cudgel Water\n|-damage|p2a: Honchkrow|7\/100 par\n|\n|-damage|p1a: Ogerpon|0 fnt|[from] brn\n|faint|p1a: Ogerpon\n|upkeep\n|\n|t:|1700870124\n|switch|p1a: Great Tusk|Great Tusk|100\/100\n|turn|11\n|\n|t:|1700870129\n|move|p1a: Great Tusk|Rapid Spin|p2a: Honchkrow\n|-damage|p2a: Honchkrow|0 fnt\n|-boost|p1a: Great Tusk|spe|1\n|faint|p2a: Honchkrow\n|\n|upkeep\n|\n|t:|1700870133\n|switch|p2a: Wo-Chien|Wo-Chien|100\/100\n|-ability|p2a: Wo-Chien|Tablets of Ruin\n|turn|12\n|\n|t:|1700870141\n|move|p1a: Great Tusk|Knock Off|p2a: Wo-Chien\n|-resisted|p2a: Wo-Chien\n|-damage|p2a: Wo-Chien|91\/100\n|-enditem|p2a: Wo-Chien|Leftovers|[from] move: Knock Off|[of] p1a: Great Tusk\n|move|p2a: Wo-Chien|Leech Seed|p1a: Great Tusk\n|-start|p1a: Great Tusk|move: Leech Seed\n|\n|-damage|p1a: Great Tusk|88\/100|[from] Leech Seed|[of] p2a: Wo-Chien\n|-heal|p2a: Wo-Chien|100\/100|[silent]\n|upkeep\n|turn|13\n|\n|t:|1700870151\n|-end|p1a: Great Tusk|Protosynthesis|[silent]\n|switch|p1a: Zapdos|Zapdos|85\/100\n|move|p2a: Wo-Chien|Knock Off|p1a: Zapdos\n|-damage|p1a: Zapdos|60\/100\n|-status|p2a: Wo-Chien|par|[from] ability: Static|[of] p1a: Zapdos\n|-enditem|p1a: Zapdos|Heavy-Duty Boots|[from] move: Knock Off|[of] p2a: Wo-Chien\n|\n|upkeep\n|turn|14\n|\n|t:|1700870158\n|switch|p2a: Empoleon|Empoleon, F|100\/100\n|move|p1a: Zapdos|Heat Wave|p2a: Empoleon|[miss]\n|-miss|p1a: Zapdos|p2a: Empoleon\n|\n|upkeep\n|turn|15\n|\n|t:|1700870164\n|move|p1a: Zapdos|Roost|p1a: Zapdos\n|-heal|p1a: Zapdos|100\/100\n|-singleturn|p1a: Zapdos|move: Roost\n|move|p2a: Empoleon|Hydro Pump|p1a: Zapdos\n|-damage|p1a: Zapdos|33\/100\n|-damage|p2a: Empoleon|91\/100|[from] item: Life Orb\n|\n|upkeep\n|turn|16\n|\n|t:|1700870177\n|move|p1a: Zapdos|Roost|p1a: Zapdos\n|-heal|p1a: Zapdos|83\/100\n|-singleturn|p1a: Zapdos|move: Roost\n|move|p2a: Empoleon|Hydro Pump|p1a: Zapdos\n|-crit|p1a: Zapdos\n|-damage|p1a: Zapdos|0 fnt\n|faint|p1a: Zapdos\n|-damage|p2a: Empoleon|81\/100|[from] item: Life Orb\n|\n|upkeep\n|\n|t:|1700870189\n|switch|p1a: Great Tusk|Great Tusk|88\/100\n|turn|17\n|\n|t:|1700870195\n|-terastallize|p2a: Empoleon|Water\n|move|p1a: Great Tusk|Earthquake|p2a: Empoleon\n|-damage|p2a: Empoleon|39\/100\n|move|p2a: Empoleon|Hydro Pump|p1a: Great Tusk\n|-supereffective|p1a: Great Tusk\n|-damage|p1a: Great Tusk|0 fnt\n|faint|p1a: Great Tusk\n|-end|p1a: Great Tusk|Protosynthesis|[silent]\n|-damage|p2a: Empoleon|30\/100|[from] item: Life Orb\n|\n|upkeep\n|\n|t:|1700870202\n|switch|p1a: Kingambit|Kingambit, F|100\/100\n|-activate|p1a: Kingambit|ability: Supreme Overlord\n|-start|p1a: Kingambit|fallen5|[silent]\n|turn|18\n|\n|t:|1700870211\n|move|p1a: Kingambit|Swords Dance|p1a: Kingambit\n|-boost|p1a: Kingambit|atk|2\n|move|p2a: Empoleon|Hydro Pump|p1a: Kingambit|[miss]\n|-miss|p2a: Empoleon|p1a: Kingambit\n|\n|upkeep\n|turn|19\n|\n|t:|1700870217\n|-terastallize|p1a: Kingambit|Dark\n|move|p1a: Kingambit|Sucker Punch|p2a: Empoleon\n|-damage|p2a: Empoleon|0 fnt\n|faint|p2a: Empoleon\n|\n|upkeep\n|\n|t:|1700870222\n|switch|p2a: Wo-Chien|Wo-Chien|100\/100 par\n|-ability|p2a: Wo-Chien|Tablets of Ruin\n|turn|20\n|\n|t:|1700870227\n|move|p1a: Kingambit|Iron Head|p2a: Wo-Chien\n|-damage|p2a: Wo-Chien|4\/100 par\n|move|p2a: Wo-Chien|Leech Seed|p1a: Kingambit\n|-start|p1a: Kingambit|move: Leech Seed\n|\n|-damage|p1a: Kingambit|88\/100|[from] Leech Seed|[of] p2a: Wo-Chien\n|-heal|p2a: Wo-Chien|16\/100 par|[silent]\n|upkeep\n|turn|21\n|\n|t:|1700870234\n|move|p2a: Wo-Chien|Protect|p2a: Wo-Chien\n|-singleturn|p2a: Wo-Chien|Protect\n|move|p1a: Kingambit|Iron Head|p2a: Wo-Chien\n|-activate|p2a: Wo-Chien|move: Protect\n|\n|-damage|p1a: Kingambit|76\/100|[from] Leech Seed|[of] p2a: Wo-Chien\n|-heal|p2a: Wo-Chien|29\/100 par|[silent]\n|upkeep\n|turn|22\n|\n|t:|1700870242\n|move|p1a: Kingambit|Iron Head|p2a: Wo-Chien\n|-damage|p2a: Wo-Chien|0 fnt\n|faint|p2a: Wo-Chien\n|\n|upkeep\n|\n|t:|1700870246\n|switch|p2a: Arcanine|Arcanine-Hisui, M|100\/100\n|turn|23\n|\n|t:|1700870256\n|move|p2a: Arcanine|Close Combat|p1a: Kingambit\n|-supereffective|p1a: Kingambit\n|-damage|p1a: Kingambit|5\/100\n|-unboost|p2a: Arcanine|def|1\n|-unboost|p2a: Arcanine|spd|1\n|move|p1a: Kingambit|Iron Head|p2a: Arcanine\n|-damage|p2a: Arcanine|0 fnt\n|faint|p2a: Arcanine\n|\n|upkeep\n|\n|t:|1700870261\n|switch|p2a: Infernape|Infernape, M, shiny|100\/100\n|turn|24\n|c|\u2606yekom|Well\n|c|\u2606yekom|GG\n|c|\u2606yekom|I think you Win :(\n|\n|t:|1700870277\n|move|p2a: Infernape|Mach Punch|p1a: Kingambit\n|-supereffective|p1a: Kingambit\n|-damage|p1a: Kingambit|0 fnt\n|faint|p1a: Kingambit\n|-end|p1a: Kingambit|fallen5|[silent]\n|-damage|p2a: Infernape|91\/100|[from] item: Life Orb\n|\n|win|yekom\n|raw|newredemptiiion's rating: 1131 &rarr; <strong>1111<\/strong><br \/>(-20 for losing)\n|raw|yekom's rating: 1195 &rarr; <strong>1215<\/strong><br \/>(+20 for winning)\n|l|\u2606newredemptiiion\n|c|\u2606yekom|Xd\n","uploadtime":1700870287,"views":1,"p1id":"newredemptiiion","p2id":"yekom","formatid":"gen9ou","rating":1111,"private":0,"password":""}