{"id":"gen9ou-2000613787","p1":"BugCatcherN8R1X","p2":"Pronicksaurus","format":"[Gen 9] OU","log":"|j|\u2606BugCatcherN8R1X\n|j|\u2606Pronicksaurus\n|t:|1701210616\n|gametype|singles\n|player|p1|BugCatcherN8R1X|bugcatcher-gen4dp|1180\n|player|p2|Pronicksaurus|aaron|1166\n|teamsize|p1|6\n|teamsize|p2|6\n|gen|9\n|tier|[Gen 9] OU\n|rated|\n|rule|Sleep Clause Mod: Limit one foe put to sleep\n|rule|Species Clause: Limit one of each Pok\u00e9mon\n|rule|OHKO Clause: OHKO moves are banned\n|rule|Evasion Items Clause: Evasion items are banned\n|rule|Evasion Moves Clause: Evasion moves are banned\n|rule|Endless Battle Clause: Forcing endless battles is banned\n|rule|HP Percentage Mod: HP is shown in percentages\n|clearpoke\n|poke|p1|Kleavor, M|\n|poke|p1|Lokix, M|\n|poke|p1|Yanmega, M|\n|poke|p1|Slither Wing|\n|poke|p1|Scizor, M|\n|poke|p1|Frosmoth, M|\n|poke|p2|Dragonite, F|\n|poke|p2|Jolteon, M|\n|poke|p2|Alomomola, F|\n|poke|p2|Great Tusk|\n|poke|p2|Corviknight, F|\n|poke|p2|Gholdengo|\n|teampreview\n|inactive|Battle timer is ON: inactive players will automatically lose when time's up. (requested by BugCatcherN8R1X)\n|\n|t:|1701210635\n|start\n|switch|p1a: Nidhogg|Yanmega, M|100\/100\n|switch|p2a: Jolteon|Jolteon, M|100\/100\n|turn|1\n|\n|t:|1701210646\n|-terastallize|p1a: Nidhogg|Ground\n|move|p2a: Jolteon|Calm Mind|p2a: Jolteon\n|-boost|p2a: Jolteon|spa|1\n|-boost|p2a: Jolteon|spd|1\n|move|p1a: Nidhogg|Bug Buzz|p2a: Jolteon\n|-damage|p2a: Jolteon|64\/100\n|-enditem|p1a: Nidhogg|Throat Spray\n|-boost|p1a: Nidhogg|spa|1|[from] item: Throat Spray\n|\n|-ability|p1a: Nidhogg|Speed Boost|boost\n|-boost|p1a: Nidhogg|spe|1\n|upkeep\n|turn|2\n|\n|t:|1701210660\n|-terastallize|p2a: Jolteon|Ice\n|move|p1a: Nidhogg|Air Slash|p2a: Jolteon\n|-damage|p2a: Jolteon|21\/100\n|cant|p2a: Jolteon|flinch\n|\n|-ability|p1a: Nidhogg|Speed Boost|boost\n|-boost|p1a: Nidhogg|spe|1\n|upkeep\n|turn|3\n|\n|t:|1701210676\n|move|p1a: Nidhogg|Bug Buzz|p2a: Jolteon\n|-damage|p2a: Jolteon|0 fnt\n|faint|p2a: Jolteon\n|\n|-ability|p1a: Nidhogg|Speed Boost|boost\n|-boost|p1a: Nidhogg|spe|1\n|upkeep\n|\n|t:|1701210693\n|switch|p2a: Dragonite|Dragonite, F|100\/100\n|turn|4\n|\n|t:|1701210715\n|move|p1a: Nidhogg|Air Slash|p2a: Dragonite\n|-damage|p2a: Dragonite|76\/100\n|cant|p2a: Dragonite|flinch\n|\n|-ability|p1a: Nidhogg|Speed Boost|boost\n|-boost|p1a: Nidhogg|spe|1\n|upkeep\n|turn|5\n|\n|t:|1701210724\n|move|p1a: Nidhogg|Air Slash|p2a: Dragonite\n|-damage|p2a: Dragonite|21\/100\n|-enditem|p2a: Dragonite|Figy Berry|[eat]\n|-heal|p2a: Dragonite|54\/100|[from] item: Figy Berry\n|move|p2a: Dragonite|Dragon Tail|p1a: Nidhogg\n|-damage|p1a: Nidhogg|55\/100\n|drag|p1a: Erebus|Lokix, M|100\/100\n|\n|upkeep\n|turn|6\n|\n|t:|1701210736\n|move|p2a: Dragonite|Extreme Speed|p1a: Erebus\n|-damage|p1a: Erebus|55\/100\n|move|p1a: Erebus|Taunt|p2a: Dragonite\n|-start|p2a: Dragonite|move: Taunt\n|\n|upkeep\n|turn|7\n|\n|t:|1701210749\n|switch|p2a: Corviknight|Corviknight, F|100\/100\n|-ability|p2a: Corviknight|Pressure\n|move|p1a: Erebus|U-turn|p2a: Corviknight\n|-resisted|p2a: Corviknight\n|-damage|p2a: Corviknight|91\/100\n|-damage|p1a: Erebus|38\/100|[from] item: Rocky Helmet|[of] p2a: Corviknight\n|\n|t:|1701210762\n|switch|p1a: Hachiman|Kleavor, M|100\/100|[from] U-turn\n|\n|upkeep\n|turn|8\n|\n|t:|1701210788\n|move|p1a: Hachiman|Stone Axe|p2a: Corviknight\n|-damage|p2a: Corviknight|56\/100\n|-damage|p1a: Hachiman|84\/100|[from] item: Rocky Helmet|[of] p2a: Corviknight\n|-sidestart|p2: Pronicksaurus|move: Stealth Rock\n|move|p2a: Corviknight|Body Press|p1a: Hachiman\n|-damage|p1a: Hachiman|52\/100\n|\n|upkeep\n|turn|9\n|\n|t:|1701210802\n|switch|p1a: Apollo|Slither Wing|100\/100\n|move|p2a: Corviknight|Roost|p2a: Corviknight\n|-heal|p2a: Corviknight|100\/100\n|-singleturn|p2a: Corviknight|move: Roost\n|\n|upkeep\n|turn|10\n|\n|t:|1701210814\n|move|p1a: Apollo|Flame Charge|p2a: Corviknight\n|-supereffective|p2a: Corviknight\n|-damage|p2a: Corviknight|81\/100\n|-boost|p1a: Apollo|spe|1\n|-damage|p1a: Apollo|84\/100|[from] item: Rocky Helmet|[of] p2a: Corviknight\n|move|p2a: Corviknight|Defog|p1a: Apollo\n|-unboost|p1a: Apollo|evasion|1\n|-sideend|p2: Pronicksaurus|Stealth Rock|[from] move: Defog|[of] p2a: Corviknight\n|\n|upkeep\n|turn|11\n|inactive|Pronicksaurus has 120 seconds left.\n|\n|t:|1701210830\n|switch|p2a: Alomomola|Alomomola, F|100\/100\n|move|p1a: Apollo|Flame Charge|p2a: Alomomola\n|-resisted|p2a: Alomomola\n|-damage|p2a: Alomomola|97\/100\n|-boost|p1a: Apollo|spe|1\n|\n|-heal|p2a: Alomomola|100\/100|[from] item: Leftovers\n|upkeep\n|turn|12\n|inactive|Pronicksaurus has 120 seconds left.\n|\n|t:|1701210844\n|move|p1a: Apollo|Leech Life|p2a: Alomomola\n|-damage|p2a: Alomomola|81\/100\n|-heal|p1a: Apollo|98\/100|[from] drain|[of] p2a: Alomomola\n|move|p2a: Alomomola|Scald|p1a: Apollo\n|-damage|p1a: Apollo|90\/100\n|\n|-heal|p2a: Alomomola|87\/100|[from] item: Leftovers\n|upkeep\n|turn|13\n|inactive|Pronicksaurus has 120 seconds left.\n|\n|t:|1701210858\n|move|p1a: Apollo|Wild Charge|p2a: Alomomola\n|-supereffective|p2a: Alomomola\n|-damage|p2a: Alomomola|56\/100\n|-damage|p1a: Apollo|79\/100|[from] Recoil\n|move|p2a: Alomomola|Wish|p2a: Alomomola\n|\n|-heal|p2a: Alomomola|62\/100|[from] item: Leftovers\n|upkeep\n|turn|14\n|\n|t:|1701210872\n|-end|p1a: Apollo|Protosynthesis|[silent]\n|switch|p1a: Ares|Scizor, M|100\/100\n|move|p2a: Alomomola|Scald|p1a: Ares\n|-damage|p1a: Ares|85\/100\n|\n|-heal|p2a: Alomomola|100\/100|[from] move: Wish|[wisher] Alomomola\n|upkeep\n|turn|15\n|inactive|Pronicksaurus has 120 seconds left.\n|l|\u2606BugCatcherN8R1X\n|inactive|BugCatcherN8R1X disconnected and has a minute to reconnect!\n|player|p1|\n|\n|t:|1701210917\n|move|p1a: Ares|Swords Dance|p1a: Ares\n|-boost|p1a: Ares|atk|2\n|move|p2a: Alomomola|Scald|p1a: Ares\n|-damage|p1a: Ares|69\/100\n|\n|upkeep\n|turn|16\n|j|\u2606BugCatcherN8R1X\n|inactive|BugCatcherN8R1X reconnected and has 150 seconds left.\n|player|p1|BugCatcherN8R1X|bugcatcher-gen4dp\n|\n|t:|1701210927\n|move|p2a: Alomomola|Flip Turn|p1a: Ares\n|-damage|p1a: Ares|54\/100\n|\n|t:|1701210930\n|switch|p2a: Dragonite|Dragonite, F|54\/100|[from] Flip Turn\n|move|p1a: Ares|Swords Dance|p1a: Ares\n|-boost|p1a: Ares|atk|2\n|\n|upkeep\n|turn|17\n|\n|t:|1701210940\n|move|p1a: Ares|Bullet Punch|p2a: Dragonite\n|-damage|p2a: Dragonite|0 fnt\n|faint|p2a: Dragonite\n|-heal|p1a: Ares|61\/100|[from] item: Shell Bell|[of] p2: Dragonite\n|\n|upkeep\n|\n|t:|1701210946\n|switch|p2a: Great Tusk|Great Tusk|100\/100\n|-enditem|p2a: Great Tusk|Booster Energy\n|-activate|p2a: Great Tusk|ability: Protosynthesis|[fromitem]\n|-start|p2a: Great Tusk|protosynthesisatk\n|turn|18\n|\n|t:|1701210955\n|move|p2a: Great Tusk|Headlong Rush|p1a: Ares\n|-damage|p1a: Ares|0 fnt\n|-unboost|p2a: Great Tusk|def|1\n|-unboost|p2a: Great Tusk|spd|1\n|faint|p1a: Ares\n|\n|upkeep\n|\n|t:|1701210966\n|switch|p1a: Nidhogg|Yanmega, M, tera:Ground|55\/100\n|turn|19\n|inactive|Pronicksaurus has 120 seconds left.\n|\n|t:|1701210977\n|move|p1a: Nidhogg|Air Slash|p2a: Great Tusk\n|-supereffective|p2a: Great Tusk\n|-damage|p2a: Great Tusk|0 fnt\n|faint|p2a: Great Tusk\n|-end|p2a: Great Tusk|Protosynthesis|[silent]\n|\n|-ability|p1a: Nidhogg|Speed Boost|boost\n|-boost|p1a: Nidhogg|spe|1\n|upkeep\n|\n|t:|1701210982\n|switch|p2a: Alomomola|Alomomola, F|100\/100\n|turn|20\n|\n|t:|1701210994\n|move|p1a: Nidhogg|Bug Buzz|p2a: Alomomola\n|-damage|p2a: Alomomola|42\/100\n|move|p2a: Alomomola|Scald|p1a: Nidhogg\n|-supereffective|p1a: Nidhogg\n|-damage|p1a: Nidhogg|5\/100\n|\n|-heal|p2a: Alomomola|49\/100|[from] item: Leftovers\n|-ability|p1a: Nidhogg|Speed Boost|boost\n|-boost|p1a: Nidhogg|spe|1\n|upkeep\n|turn|21\n|\n|t:|1701211000\n|move|p2a: Alomomola|Protect|p2a: Alomomola\n|-singleturn|p2a: Alomomola|Protect\n|move|p1a: Nidhogg|Bug Buzz|p2a: Alomomola\n|-activate|p2a: Alomomola|move: Protect\n|\n|-heal|p2a: Alomomola|55\/100|[from] item: Leftovers\n|-ability|p1a: Nidhogg|Speed Boost|boost\n|-boost|p1a: Nidhogg|spe|1\n|upkeep\n|turn|22\n|\n|t:|1701211005\n|move|p1a: Nidhogg|Bug Buzz|p2a: Alomomola\n|-damage|p2a: Alomomola|0 fnt\n|faint|p2a: Alomomola\n|\n|-ability|p1a: Nidhogg|Speed Boost|boost\n|-boost|p1a: Nidhogg|spe|1\n|upkeep\n|\n|t:|1701211016\n|switch|p2a: Gholdengo|Gholdengo|100\/100\n|turn|23\n|\n|t:|1701211026\n|move|p1a: Nidhogg|Air Slash|p2a: Gholdengo\n|-resisted|p2a: Gholdengo\n|-damage|p2a: Gholdengo|80\/100\n|move|p2a: Gholdengo|Shadow Ball|p1a: Nidhogg\n|-damage|p1a: Nidhogg|0 fnt\n|faint|p1a: Nidhogg\n|\n|upkeep\n|\n|t:|1701211053\n|switch|p1a: Apollo|Slither Wing|79\/100\n|turn|24\n|l|\u2606BugCatcherN8R1X\n|inactive|BugCatcherN8R1X disconnected and has a minute to reconnect!\n|player|p1|\n|j|\u2606BugCatcherN8R1X\n|inactive|BugCatcherN8R1X reconnected.\n|player|p1|BugCatcherN8R1X|bugcatcher-gen4dp\n|\n|t:|1701211077\n|move|p2a: Gholdengo|Shadow Ball|p1a: Apollo\n|-damage|p1a: Apollo|51\/100\n|move|p1a: Apollo|Earthquake|p2a: Gholdengo\n|-supereffective|p2a: Gholdengo\n|-crit|p2a: Gholdengo\n|-damage|p2a: Gholdengo|0 fnt\n|faint|p2a: Gholdengo\n|\n|upkeep\n|\n|t:|1701211086\n|switch|p2a: Corviknight|Corviknight, F|81\/100\n|-ability|p2a: Corviknight|Pressure\n|turn|25\n|\n|t:|1701211094\n|move|p1a: Apollo|Wild Charge|p2a: Corviknight\n|-supereffective|p2a: Corviknight\n|-damage|p2a: Corviknight|50\/100\n|-damage|p1a: Apollo|35\/100|[from] item: Rocky Helmet|[of] p2a: Corviknight\n|-damage|p1a: Apollo|26\/100|[from] Recoil\n|move|p2a: Corviknight|Body Press|p1a: Apollo\n|-resisted|p1a: Apollo\n|-damage|p1a: Apollo|16\/100\n|\n|upkeep\n|turn|26\n|\n|t:|1701211106\n|move|p1a: Apollo|Wild Charge|p2a: Corviknight\n|-supereffective|p2a: Corviknight\n|-damage|p2a: Corviknight|16\/100\n|-damage|p1a: Apollo|0 fnt|[from] item: Rocky Helmet|[of] p2a: Corviknight\n|faint|p1a: Apollo\n|-end|p1a: Apollo|Protosynthesis|[silent]\n|move|p2a: Corviknight|Roost|p2a: Corviknight\n|-heal|p2a: Corviknight|66\/100\n|-singleturn|p2a: Corviknight|move: Roost\n|\n|upkeep\n|\n|t:|1701211109\n|switch|p1a: Erebus|Lokix, M|38\/100\n|turn|27\n|\n|t:|1701211124\n|move|p1a: Erebus|Taunt|p2a: Corviknight\n|-start|p2a: Corviknight|move: Taunt\n|move|p2a: Corviknight|U-turn|p1a: Erebus\n|-supereffective|p1a: Erebus\n|-damage|p1a: Erebus|0 fnt\n|faint|p1a: Erebus\n|\n|upkeep\n|\n|t:|1701211139\n|switch|p1a: Hachiman|Kleavor, M|52\/100\n|turn|28\n|\n|t:|1701211160\n|move|p1a: Hachiman|Stone Axe|p2a: Corviknight\n|-damage|p2a: Corviknight|33\/100\n|-damage|p1a: Hachiman|36\/100|[from] item: Rocky Helmet|[of] p2a: Corviknight\n|-sidestart|p2: Pronicksaurus|move: Stealth Rock\n|move|p2a: Corviknight|Body Press|p1a: Hachiman\n|-damage|p1a: Hachiman|5\/100\n|\n|upkeep\n|turn|29\n|c|\u2606BugCatcherN8R1X|Behold the power of bugs\n|inactive|Pronicksaurus has 120 seconds left.\n|c|\u2606Pronicksaurus|I used to do this in gen 7 ou\n|\n|t:|1701211202\n|move|p1a: Hachiman|Stone Axe|p2a: Corviknight\n|-damage|p2a: Corviknight|0 fnt\n|-damage|p1a: Hachiman|0 fnt|[from] item: Rocky Helmet|[of] p2a: Corviknight\n|faint|p2a: Corviknight\n|faint|p1a: Hachiman\n|\n|win|BugCatcherN8R1X\n|raw|BugCatcherN8R1X's rating: 1180 &rarr; <strong>1204<\/strong><br \/>(+24 for winning)\n|raw|Pronicksaurus's rating: 1166 &rarr; <strong>1142<\/strong><br \/>(-24 for losing)\n|c|\u2606BugCatcherN8R1X|So you already know\n|c|\u2606BugCatcherN8R1X|Well, gg\n|c|\u2606Pronicksaurus|Gg\n|c|\u2606BugCatcherN8R1X|Wp for sure\n|l|\u2606Pronicksaurus\n","uploadtime":1701211239,"views":0,"p1id":"bugcatchern8r1x","p2id":"pronicksaurus","formatid":"gen9ou","rating":1142,"private":0,"password":""}