{"id":"gen9ou-1997570547","p1":"Pokemh","p2":"gonning","format":"[Gen 9] OU","log":"|j|\u203dPokemh\n|j|\u2606gonning\n|t:|1700827102\n|gametype|singles\n|player|p1|Pokemh|waitress-gen4|1650\n|player|p2|gonning|265|1615\n|teamsize|p1|6\n|teamsize|p2|6\n|gen|9\n|tier|[Gen 9] OU\n|rated|\n|rule|Sleep Clause Mod: Limit one foe put to sleep\n|rule|Species Clause: Limit one of each Pok\u00e9mon\n|rule|OHKO Clause: OHKO moves are banned\n|rule|Evasion Items Clause: Evasion items are banned\n|rule|Evasion Moves Clause: Evasion moves are banned\n|rule|Endless Battle Clause: Forcing endless battles is banned\n|rule|HP Percentage Mod: HP is shown in percentages\n|clearpoke\n|poke|p1|Wo-Chien|\n|poke|p1|Talonflame, F|\n|poke|p1|Alomomola, F|\n|poke|p1|Blissey, F|\n|poke|p1|Cyclizar, M|\n|poke|p1|Clodsire, F|\n|poke|p2|Iron Valiant|\n|poke|p2|Glimmora, F|\n|poke|p2|Iron Moth|\n|poke|p2|Gholdengo|\n|poke|p2|Kingambit, M|\n|poke|p2|Samurott-Hisui, F|\n|teampreview\n|inactive|Battle timer is ON: inactive players will automatically lose when time's up. (requested by gonning)\n|j| AntiDinkus\n|inactive|gonning has 120 seconds left.\n|\n|t:|1700827150\n|start\n|switch|p1a: Blissey|Blissey, F|100\/100\n|switch|p2a: Samurott|Samurott-Hisui, F|100\/100\n|turn|1\n|\n|t:|1700827164\n|switch|p1a: Wo-Chien|Wo-Chien|100\/100\n|-ability|p1a: Wo-Chien|Tablets of Ruin\n|move|p2a: Samurott|Ceaseless Edge|p1a: Wo-Chien\n|-resisted|p1a: Wo-Chien\n|-damage|p1a: Wo-Chien|90\/100\n|-sidestart|p1: Pokemh|Spikes\n|\n|-heal|p1a: Wo-Chien|96\/100|[from] item: Leftovers\n|upkeep\n|turn|2\n|\n|t:|1700827168\n|move|p2a: Samurott|Ceaseless Edge|p1a: Wo-Chien\n|-resisted|p1a: Wo-Chien\n|-damage|p1a: Wo-Chien|85\/100\n|-sidestart|p1: Pokemh|Spikes\n|move|p1a: Wo-Chien|Giga Drain|p2a: Samurott\n|-supereffective|p2a: Samurott\n|-damage|p2a: Samurott|27\/100\n|-heal|p1a: Wo-Chien|100\/100|[from] drain|[of] p2a: Samurott\n|\n|upkeep\n|turn|3\n|inactive|Pokemh has 120 seconds left.\n|l|\u2606gonning\n|inactive|gonning disconnected and has a minute to reconnect!\n|player|p2|\n|inactive|Pokemh has 90 seconds left.\n|j|\u2606gonning\n|inactive|gonning reconnected.\n|player|p2|gonning|265\n|j| pllv51SHOW404\n|\n|t:|1700827249\n|move|p2a: Samurott|Ceaseless Edge|p1a: Wo-Chien\n|-resisted|p1a: Wo-Chien\n|-damage|p1a: Wo-Chien|90\/100\n|-sidestart|p1: Pokemh|Spikes\n|move|p1a: Wo-Chien|Giga Drain|p2a: Samurott\n|-supereffective|p2a: Samurott\n|-damage|p2a: Samurott|0 fnt\n|-heal|p1a: Wo-Chien|100\/100|[from] drain|[of] p2a: Samurott\n|faint|p2a: Samurott\n|\n|upkeep\n|\n|t:|1700827257\n|switch|p2a: Glimmora|Glimmora, F|100\/100\n|turn|4\n|\n|t:|1700827278\n|switch|p1a: Blissey|Blissey, F|100\/100\n|move|p2a: Glimmora|Stealth Rock|p1a: Blissey\n|-sidestart|p1: Pokemh|move: Stealth Rock\n|\n|upkeep\n|turn|5\n|\n|t:|1700827284\n|move|p2a: Glimmora|Mortal Spin|p1a: Blissey\n|-damage|p1a: Blissey|94\/100\n|-status|p1a: Blissey|psn\n|move|p1a: Blissey|Stealth Rock|p2a: Glimmora\n|-sidestart|p2: gonning|move: Stealth Rock\n|\n|-damage|p1a: Blissey|82\/100 psn|[from] psn\n|upkeep\n|turn|6\n|inactive|Pokemh has 60 seconds left.\n|\n|t:|1700827323\n|move|p2a: Glimmora|Mortal Spin|p1a: Blissey\n|-damage|p1a: Blissey|75\/100 psn\n|-sideend|p2: gonning|Stealth Rock|[from] move: Mortal Spin|[of] p2a: Glimmora\n|move|p1a: Blissey|Seismic Toss|p2a: Glimmora\n|-damage|p2a: Glimmora|68\/100\n|-activate|p2a: Glimmora|ability: Toxic Debris\n|-sidestart|p1: Pokemh|move: Toxic Spikes\n|-enditem|p2a: Glimmora|Red Card|[of] p1a: Blissey\n|-curestatus|p1a: Blissey|psn|[from] ability: Natural Cure\n|drag|p1a: Alomomola|Alomomola, F|100\/100\n|-damage|p1a: Alomomola|76\/100|[from] Spikes\n|-damage|p1a: Alomomola|63\/100|[from] Stealth Rock\n|-status|p1a: Alomomola|psn\n|\n|-damage|p1a: Alomomola|51\/100 psn|[from] psn\n|upkeep\n|turn|7\n|\n|t:|1700827331\n|switch|p1a: Blissey|Blissey, F|75\/100\n|move|p2a: Glimmora|Earth Power|p1a: Blissey\n|-damage|p1a: Blissey|66\/100\n|\n|upkeep\n|turn|8\n|\n|t:|1700827334\n|move|p2a: Glimmora|Mortal Spin|p1a: Blissey\n|-damage|p1a: Blissey|59\/100\n|-status|p1a: Blissey|psn\n|move|p1a: Blissey|Stealth Rock|p2a: Glimmora\n|-sidestart|p2: gonning|move: Stealth Rock\n|\n|-damage|p1a: Blissey|46\/100 psn|[from] psn\n|upkeep\n|turn|9\n|\n|t:|1700827338\n|move|p2a: Glimmora|Mortal Spin|p1a: Blissey\n|-damage|p1a: Blissey|39\/100 psn\n|-sideend|p2: gonning|Stealth Rock|[from] move: Mortal Spin|[of] p2a: Glimmora\n|move|p1a: Blissey|Soft-Boiled|p1a: Blissey\n|-heal|p1a: Blissey|89\/100 psn\n|\n|-damage|p1a: Blissey|77\/100 psn|[from] psn\n|upkeep\n|turn|10\n|\n|t:|1700827341\n|move|p2a: Glimmora|Mortal Spin|p1a: Blissey\n|-damage|p1a: Blissey|70\/100 psn\n|move|p1a: Blissey|Seismic Toss|p2a: Glimmora\n|-damage|p2a: Glimmora|35\/100\n|-activate|p2a: Glimmora|ability: Toxic Debris\n|-sidestart|p1: Pokemh|move: Toxic Spikes\n|\n|-damage|p1a: Blissey|58\/100 psn|[from] psn\n|upkeep\n|turn|11\n|\n|t:|1700827344\n|move|p2a: Glimmora|Mortal Spin|p1a: Blissey\n|-damage|p1a: Blissey|50\/100 psn\n|move|p1a: Blissey|Seismic Toss|p2a: Glimmora\n|-damage|p2a: Glimmora|3\/100\n|\n|-damage|p1a: Blissey|38\/100 psn|[from] psn\n|upkeep\n|turn|12\n|\n|t:|1700827346\n|move|p2a: Glimmora|Mortal Spin|p1a: Blissey\n|-crit|p1a: Blissey\n|-damage|p1a: Blissey|28\/100 psn\n|move|p1a: Blissey|Soft-Boiled|p1a: Blissey\n|-heal|p1a: Blissey|78\/100 psn\n|\n|-damage|p1a: Blissey|65\/100 psn|[from] psn\n|upkeep\n|turn|13\n|\n|t:|1700827350\n|move|p2a: Glimmora|Mortal Spin|p1a: Blissey\n|-damage|p1a: Blissey|59\/100 psn\n|move|p1a: Blissey|Soft-Boiled|p1a: Blissey\n|-heal|p1a: Blissey|100\/100 psn\n|\n|-damage|p1a: Blissey|88\/100 psn|[from] psn\n|upkeep\n|turn|14\n|\n|t:|1700827352\n|move|p2a: Glimmora|Mortal Spin|p1a: Blissey\n|-crit|p1a: Blissey\n|-damage|p1a: Blissey|78\/100 psn\n|move|p1a: Blissey|Seismic Toss|p2a: Glimmora\n|-damage|p2a: Glimmora|0 fnt\n|faint|p2a: Glimmora\n|\n|-damage|p1a: Blissey|66\/100 psn|[from] psn\n|upkeep\n|\n|t:|1700827355\n|switch|p2a: Iron Valiant|Iron Valiant|100\/100\n|-enditem|p2a: Iron Valiant|Booster Energy\n|-activate|p2a: Iron Valiant|ability: Quark Drive|[fromitem]\n|-start|p2a: Iron Valiant|quarkdrivespe\n|turn|15\n|\n|t:|1700827360\n|-curestatus|p1a: Blissey|psn|[from] ability: Natural Cure\n|switch|p1a: Clodsire|Clodsire, F|100\/100\n|-damage|p1a: Clodsire|75\/100|[from] Spikes\n|-damage|p1a: Clodsire|69\/100|[from] Stealth Rock\n|-sideend|p1: Pokemh|move: Toxic Spikes|[of] p1a: Clodsire\n|move|p2a: Iron Valiant|Swords Dance|p2a: Iron Valiant\n|-boost|p2a: Iron Valiant|atk|2\n|\n|-heal|p1a: Clodsire|75\/100|[from] item: Leftovers\n|upkeep\n|turn|16\n|\n|t:|1700827365\n|-terastallize|p2a: Iron Valiant|Dark\n|move|p2a: Iron Valiant|Knock Off|p1a: Clodsire\n|-damage|p1a: Clodsire|41\/100\n|-enditem|p1a: Clodsire|Leftovers|[from] move: Knock Off|[of] p2a: Iron Valiant\n|move|p1a: Clodsire|Counter|p2a: Iron Valiant\n|-damage|p2a: Iron Valiant|0 fnt\n|faint|p2a: Iron Valiant\n|-end|p2a: Iron Valiant|Quark Drive|[silent]\n|\n|upkeep\n|\n|t:|1700827374\n|switch|p2a: Gholdengo|Gholdengo|100\/100\n|-item|p2a: Gholdengo|Air Balloon\n|turn|17\n|\n|t:|1700827378\n|switch|p1a: Blissey|Blissey, F|66\/100\n|move|p2a: Gholdengo|Make It Rain|p1a: Blissey\n|-damage|p1a: Blissey|48\/100\n|-unboost|p2a: Gholdengo|spa|1\n|\n|upkeep\n|turn|18\n|\n|t:|1700827382\n|switch|p2a: Kingambit|Kingambit, M|100\/100\n|-activate|p2a: Kingambit|ability: Supreme Overlord\n|-start|p2a: Kingambit|fallen3|[silent]\n|move|p1a: Blissey|Soft-Boiled|p1a: Blissey\n|-heal|p1a: Blissey|98\/100\n|\n|upkeep\n|turn|19\n|\n|t:|1700827387\n|switch|p1a: Talonflame|Talonflame, F|100\/100\n|move|p2a: Kingambit|Swords Dance|p2a: Kingambit\n|-boost|p2a: Kingambit|atk|2\n|\n|upkeep\n|turn|20\n|\n|t:|1700827390\n|move|p1a: Talonflame|Will-O-Wisp|p2a: Kingambit\n|-status|p2a: Kingambit|brn\n|move|p2a: Kingambit|Swords Dance|p2a: Kingambit\n|-boost|p2a: Kingambit|atk|2\n|\n|-damage|p2a: Kingambit|94\/100 brn|[from] brn\n|upkeep\n|turn|21\n|\n|t:|1700827393\n|move|p1a: Talonflame|Defog|p2a: Kingambit\n|-unboost|p2a: Kingambit|evasion|1\n|-sideend|p1: Pokemh|Spikes|[from] move: Defog|[of] p1a: Talonflame\n|-sideend|p1: Pokemh|Stealth Rock|[from] move: Defog|[of] p1a: Talonflame\n|move|p2a: Kingambit|Swords Dance|p2a: Kingambit\n|-boost|p2a: Kingambit|atk|2\n|\n|-heal|p2a: Kingambit|100\/100 brn|[from] item: Leftovers\n|-damage|p2a: Kingambit|94\/100 brn|[from] brn\n|upkeep\n|turn|22\n|\n|t:|1700827398\n|switch|p1a: Wo-Chien|Wo-Chien|100\/100\n|-ability|p1a: Wo-Chien|Tablets of Ruin\n|move|p2a: Kingambit|Iron Head|p1a: Wo-Chien\n|-damage|p1a: Wo-Chien|41\/100\n|\n|-heal|p2a: Kingambit|100\/100 brn|[from] item: Leftovers\n|-heal|p1a: Wo-Chien|47\/100|[from] item: Leftovers\n|-damage|p2a: Kingambit|94\/100 brn|[from] brn\n|upkeep\n|turn|23\n|\n|t:|1700827403\n|switch|p1a: Alomomola|Alomomola, F|84\/100 psn\n|move|p2a: Kingambit|Low Kick|p1a: Alomomola\n|-damage|p1a: Alomomola|51\/100 psn\n|-damage|p2a: Kingambit|78\/100 brn|[from] item: Rocky Helmet|[of] p1a: Alomomola\n|\n|-heal|p2a: Kingambit|84\/100 brn|[from] item: Leftovers\n|-damage|p1a: Alomomola|39\/100 psn|[from] psn\n|-damage|p2a: Kingambit|78\/100 brn|[from] brn\n|upkeep\n|turn|24\n|j| Too Many Caps\n|\n|t:|1700827410\n|move|p2a: Kingambit|Low Kick|p1a: Alomomola\n|-damage|p1a: Alomomola|8\/100 psn\n|-damage|p2a: Kingambit|61\/100 brn|[from] item: Rocky Helmet|[of] p1a: Alomomola\n|move|p1a: Alomomola|Scald|p2a: Kingambit\n|-damage|p2a: Kingambit|47\/100 brn\n|\n|-heal|p2a: Kingambit|53\/100 brn|[from] item: Leftovers\n|-damage|p1a: Alomomola|0 fnt|[from] psn\n|faint|p1a: Alomomola\n|-damage|p2a: Kingambit|47\/100 brn|[from] brn\n|upkeep\n|\n|t:|1700827413\n|switch|p1a: Clodsire|Clodsire, F|41\/100\n|turn|25\n|\n|t:|1700827416\n|move|p2a: Kingambit|Iron Head|p1a: Clodsire\n|-damage|p1a: Clodsire|19\/100\n|cant|p1a: Clodsire|flinch\n|\n|-heal|p2a: Kingambit|53\/100 brn|[from] item: Leftovers\n|-damage|p2a: Kingambit|47\/100 brn|[from] brn\n|upkeep\n|turn|26\n|\n|t:|1700827420\n|move|p2a: Kingambit|Iron Head|p1a: Clodsire\n|-damage|p1a: Clodsire|0 fnt\n|faint|p1a: Clodsire\n|\n|-heal|p2a: Kingambit|53\/100 brn|[from] item: Leftovers\n|-damage|p2a: Kingambit|47\/100 brn|[from] brn\n|upkeep\n|\n|t:|1700827426\n|switch|p1a: Talonflame|Talonflame, F|100\/100\n|turn|27\n|\n|t:|1700827429\n|move|p2a: Kingambit|Sucker Punch|p1a: Talonflame\n|-damage|p1a: Talonflame|8\/100\n|move|p1a: Talonflame|Flamethrower|p2a: Kingambit\n|-supereffective|p2a: Kingambit\n|-damage|p2a: Kingambit|0 fnt\n|faint|p2a: Kingambit\n|-end|p2a: Kingambit|fallen3|[silent]\n|\n|upkeep\n|\n|t:|1700827433\n|switch|p2a: Iron Moth|Iron Moth|100\/100\n|-enditem|p2a: Iron Moth|Booster Energy\n|-activate|p2a: Iron Moth|ability: Quark Drive|[fromitem]\n|-start|p2a: Iron Moth|quarkdrivespe\n|turn|28\n|\n|t:|1700827436\n|switch|p1a: Blissey|Blissey, F|98\/100\n|move|p2a: Iron Moth|Fiery Dance|p1a: Blissey\n|-damage|p1a: Blissey|85\/100\n|\n|upkeep\n|turn|29\n|j| westcottike\n|\n|t:|1700827440\n|move|p2a: Iron Moth|Fiery Dance|p1a: Blissey\n|-damage|p1a: Blissey|73\/100\n|-boost|p2a: Iron Moth|spa|1\n|move|p1a: Blissey|Stealth Rock|p2a: Iron Moth\n|-sidestart|p2: gonning|move: Stealth Rock\n|\n|upkeep\n|turn|30\n|\n|t:|1700827442\n|move|p2a: Iron Moth|Fiery Dance|p1a: Blissey\n|-damage|p1a: Blissey|54\/100\n|move|p1a: Blissey|Calm Mind|p1a: Blissey\n|-boost|p1a: Blissey|spa|1\n|-boost|p1a: Blissey|spd|1\n|\n|upkeep\n|turn|31\n|\n|t:|1700827445\n|move|p2a: Iron Moth|Fiery Dance|p1a: Blissey\n|-damage|p1a: Blissey|41\/100\n|move|p1a: Blissey|Soft-Boiled|p1a: Blissey\n|-heal|p1a: Blissey|91\/100\n|\n|upkeep\n|turn|32\n|\n|t:|1700827449\n|move|p2a: Iron Moth|Fiery Dance|p1a: Blissey\n|-crit|p1a: Blissey\n|-damage|p1a: Blissey|65\/100\n|move|p1a: Blissey|Seismic Toss|p2a: Iron Moth\n|-damage|p2a: Iron Moth|67\/100\n|\n|upkeep\n|turn|33\n|\n|t:|1700827451\n|move|p2a: Iron Moth|Fiery Dance|p1a: Blissey\n|-damage|p1a: Blissey|52\/100\n|-boost|p2a: Iron Moth|spa|1\n|move|p1a: Blissey|Seismic Toss|p2a: Iron Moth\n|-damage|p2a: Iron Moth|34\/100\n|\n|upkeep\n|turn|34\n|\n|t:|1700827453\n|move|p2a: Iron Moth|Fiery Dance|p1a: Blissey\n|-damage|p1a: Blissey|35\/100\n|-boost|p2a: Iron Moth|spa|1\n|move|p1a: Blissey|Seismic Toss|p2a: Iron Moth\n|-damage|p2a: Iron Moth|1\/100\n|\n|upkeep\n|turn|35\n|\n|t:|1700827456\n|move|p2a: Iron Moth|Sludge Wave|p1a: Blissey\n|-damage|p1a: Blissey|13\/100\n|move|p1a: Blissey|Soft-Boiled|p1a: Blissey\n|-heal|p1a: Blissey|63\/100\n|\n|upkeep\n|turn|36\n|\n|t:|1700827460\n|move|p2a: Iron Moth|Fiery Dance|p1a: Blissey\n|-damage|p1a: Blissey|40\/100\n|-boost|p2a: Iron Moth|spa|1\n|move|p1a: Blissey|Soft-Boiled|p1a: Blissey\n|-heal|p1a: Blissey|90\/100\n|\n|upkeep\n|turn|37\n|\n|t:|1700827462\n|move|p2a: Iron Moth|Fiery Dance|p1a: Blissey\n|-damage|p1a: Blissey|64\/100\n|-boost|p2a: Iron Moth|spa|1\n|move|p1a: Blissey|Seismic Toss|p2a: Iron Moth\n|-damage|p2a: Iron Moth|0 fnt\n|faint|p2a: Iron Moth\n|-end|p2a: Iron Moth|Quark Drive|[silent]\n|\n|upkeep\n|\n|t:|1700827469\n|switch|p2a: Gholdengo|Gholdengo|100\/100\n|-damage|p2a: Gholdengo|94\/100|[from] Stealth Rock\n|-item|p2a: Gholdengo|Air Balloon\n|turn|38\n|\n|t:|1700827474\n|move|p2a: Gholdengo|Nasty Plot|p2a: Gholdengo\n|-boost|p2a: Gholdengo|spa|2\n|move|p1a: Blissey|Calm Mind|p1a: Blissey\n|-boost|p1a: Blissey|spa|1\n|-boost|p1a: Blissey|spd|1\n|\n|upkeep\n|turn|39\n|\n|t:|1700827482\n|switch|p1a: Wo-Chien|Wo-Chien|47\/100\n|-ability|p1a: Wo-Chien|Tablets of Ruin\n|move|p2a: Gholdengo|Make It Rain|p1a: Wo-Chien\n|-damage|p1a: Wo-Chien|0 fnt\n|-unboost|p2a: Gholdengo|spa|1\n|faint|p1a: Wo-Chien\n|\n|upkeep\n|\n|t:|1700827484\n|switch|p1a: Cyclizar|Cyclizar, M|100\/100\n|turn|40\n|\n|t:|1700827490\n|-terastallize|p1a: Cyclizar|Steel\n|move|p1a: Cyclizar|Knock Off|p2a: Gholdengo\n|-supereffective|p2a: Gholdengo\n|-damage|p2a: Gholdengo|48\/100\n|-enditem|p2a: Gholdengo|Air Balloon\n|move|p2a: Gholdengo|Make It Rain|p1a: Cyclizar\n|-resisted|p1a: Cyclizar\n|-damage|p1a: Cyclizar|55\/100\n|-unboost|p2a: Gholdengo|spa|1\n|\n|upkeep\n|turn|41\n|\n|t:|1700827493\n|move|p1a: Cyclizar|Knock Off|p2a: Gholdengo\n|-supereffective|p2a: Gholdengo\n|-damage|p2a: Gholdengo|17\/100\n|move|p2a: Gholdengo|Shadow Ball|p1a: Cyclizar\n|-damage|p1a: Cyclizar|12\/100\n|-unboost|p1a: Cyclizar|spd|1\n|\n|upkeep\n|turn|42\n|j| dfghhhg\n|\n|t:|1700827496\n|move|p1a: Cyclizar|Knock Off|p2a: Gholdengo\n|-supereffective|p2a: Gholdengo\n|-damage|p2a: Gholdengo|0 fnt\n|faint|p2a: Gholdengo\n|\n|win|Pokemh\n|raw|Pokemh's rating: 1627 &rarr; <strong>1646<\/strong><br \/>(+19 for winning)\n|raw|gonning's rating: 1615 &rarr; <strong>1596<\/strong><br \/>(-19 for losing)\n|c|\u2606gonning|lucky\n|l|\u2606gonning\n|l| Too Many Caps\n","uploadtime":1700827505,"views":11,"p1id":"pokemh","p2id":"gonning","formatid":"gen9ou","rating":1596,"private":0,"password":""}