{"id":"gen9ou-1995119839","p1":"Vanhomin","p2":"whitepikmin","format":"[Gen 9] OU","log":"|j|\u2606Vanhomin\n|j|\u203dwhitepikmin\n|t:|1700524736\n|gametype|singles\n|player|p1|Vanhomin|scientist-gen4|\n|player|p2|whitepikmin|wallace|\n|teamsize|p1|6\n|teamsize|p2|6\n|gen|9\n|tier|[Gen 9] OU\n|rule|Sleep Clause Mod: Limit one foe put to sleep\n|rule|Species Clause: Limit one of each Pok\u00e9mon\n|rule|OHKO Clause: OHKO moves are banned\n|rule|Evasion Items Clause: Evasion items are banned\n|rule|Evasion Moves Clause: Evasion moves are banned\n|rule|Endless Battle Clause: Forcing endless battles is banned\n|rule|HP Percentage Mod: HP is shown in percentages\n|clearpoke\n|poke|p1|Zapdos|\n|poke|p1|Glimmora, M|\n|poke|p1|Garganacl, F|\n|poke|p1|Kommo-o, M|\n|poke|p1|Toxapex, M|\n|poke|p1|Ditto|\n|poke|p2|Toedscruel, M|\n|poke|p2|Iron Valiant|\n|poke|p2|Scream Tail|\n|poke|p2|Armarouge, M|\n|poke|p2|Slowking-Galar, M|\n|poke|p2|Ogerpon-Wellspring, F|\n|teampreview\n|inactive|Battle timer is ON: inactive players will automatically lose when time's up. (requested by Vanhomin)\n|\n|t:|1700524765\n|start\n|switch|p1a: Glimmora|Glimmora, M|100\/100\n|switch|p2a: Scream Tail|Scream Tail|100\/100\n|turn|1\n|\n|t:|1700524791\n|move|p2a: Scream Tail|Stealth Rock|p1a: Glimmora\n|-sidestart|p1: Vanhomin|move: Stealth Rock\n|move|p1a: Glimmora|Light Screen|p1a: Glimmora\n|-sidestart|p1: Vanhomin|move: Light Screen\n|\n|upkeep\n|turn|2\n|\n|t:|1700524804\n|move|p2a: Scream Tail|Encore|p1a: Glimmora\n|-start|p1a: Glimmora|Encore\n|move|p1a: Glimmora|Light Screen||[still]\n|-fail|p1a: Glimmora\n|\n|upkeep\n|turn|3\n|\n|t:|1700524816\n|switch|p1a: Catalyst|Garganacl, F, shiny|100\/100\n|-damage|p1a: Catalyst|88\/100|[from] Stealth Rock\n|move|p2a: Scream Tail|Light Screen|p2a: Scream Tail\n|-sidestart|p2: whitepikmin|move: Light Screen\n|\n|-heal|p1a: Catalyst|94\/100|[from] item: Leftovers\n|upkeep\n|turn|4\n|\n|t:|1700524824\n|move|p2a: Scream Tail|Reflect|p2a: Scream Tail\n|-sidestart|p2: whitepikmin|Reflect\n|move|p1a: Catalyst|Salt Cure|p2a: Scream Tail\n|-damage|p2a: Scream Tail|95\/100\n|-start|p2a: Scream Tail|Salt Cure\n|\n|-heal|p1a: Catalyst|100\/100|[from] item: Leftovers\n|-damage|p2a: Scream Tail|83\/100|[from] Salt Cure\n|upkeep\n|turn|5\n|inactive|whitepikmin has 270 seconds left.\n|inactive|whitepikmin has 240 seconds left.\n|inactive|whitepikmin has 210 seconds left.\n|inactiveoff|Battle timer is now OFF.\n|\n|t:|1700524962\n|move|p2a: Scream Tail|Encore|p1a: Catalyst\n|-start|p1a: Catalyst|Encore\n|move|p1a: Catalyst|Salt Cure|p2a: Scream Tail\n|-damage|p2a: Scream Tail|77\/100\n|\n|-damage|p2a: Scream Tail|65\/100|[from] Salt Cure\n|upkeep\n|turn|6\n|\n|t:|1700524974\n|-end|p2a: Scream Tail|Protosynthesis|[silent]\n|switch|p2a: Toedscruel|Toedscruel, M|100\/100\n|move|p1a: Catalyst|Salt Cure|p2a: Toedscruel\n|-resisted|p2a: Toedscruel\n|-damage|p2a: Toedscruel|96\/100\n|-start|p2a: Toedscruel|Salt Cure\n|\n|-heal|p2a: Toedscruel|100\/100|[from] item: Leftovers\n|-damage|p2a: Toedscruel|88\/100|[from] Salt Cure\n|upkeep\n|turn|7\n|\n|t:|1700525000\n|switch|p1a: Glimmora|Glimmora, M|100\/100\n|-damage|p1a: Glimmora|88\/100|[from] Stealth Rock\n|move|p2a: Toedscruel|Earth Power|p1a: Glimmora\n|-supereffective|p1a: Glimmora\n|-crit|p1a: Glimmora\n|-damage|p1a: Glimmora|0 fnt\n|faint|p1a: Glimmora\n|\n|-heal|p2a: Toedscruel|94\/100|[from] item: Leftovers\n|-damage|p2a: Toedscruel|82\/100|[from] Salt Cure\n|upkeep\n|\n|t:|1700525014\n|switch|p1a: Recursion|Ditto|100\/100\n|-damage|p1a: Recursion|88\/100|[from] Stealth Rock\n|-transform|p1a: Recursion|p2a: Toedscruel|[from] ability: Imposter\n|turn|8\n|\n|t:|1700525029\n|move|p1a: Recursion|Toxic|p2a: Toedscruel\n|-status|p2a: Toedscruel|tox\n|move|p2a: Toedscruel|Toxic|p1a: Recursion\n|-status|p1a: Recursion|tox\n|\n|-heal|p2a: Toedscruel|88\/100 tox|[from] item: Leftovers\n|-damage|p1a: Recursion|82\/100 tox|[from] psn\n|-damage|p2a: Toedscruel|82\/100 tox|[from] psn\n|-damage|p2a: Toedscruel|69\/100 tox|[from] Salt Cure\n|-sideend|p1: Vanhomin|move: Light Screen\n|upkeep\n|turn|9\n|\n|t:|1700525036\n|switch|p1a: Aristotle|Toxapex, M|100\/100\n|-damage|p1a: Aristotle|88\/100|[from] Stealth Rock\n|switch|p2a: Armarouge|Armarouge, M|100\/100\n|\n|-heal|p1a: Aristotle|94\/100|[from] item: Black Sludge\n|upkeep\n|turn|10\n|\n|t:|1700525044\n|move|p2a: Armarouge|Expanding Force|p1a: Aristotle\n|-supereffective|p1a: Aristotle\n|-damage|p1a: Aristotle|19\/100\n|move|p1a: Aristotle|Toxic|p2a: Armarouge\n|-status|p2a: Armarouge|tox\n|\n|-heal|p1a: Aristotle|25\/100|[from] item: Black Sludge\n|-damage|p2a: Armarouge|94\/100 tox|[from] psn\n|-sideend|p2: whitepikmin|move: Light Screen\n|upkeep\n|turn|11\n|\n|t:|1700525047\n|move|p1a: Aristotle|Protect|p1a: Aristotle\n|-singleturn|p1a: Aristotle|Protect\n|move|p2a: Armarouge|Expanding Force|p1a: Aristotle\n|-activate|p1a: Aristotle|move: Protect\n|\n|-heal|p1a: Aristotle|31\/100|[from] item: Black Sludge\n|-damage|p2a: Armarouge|82\/100 tox|[from] psn\n|-sideend|p2: whitepikmin|Reflect\n|upkeep\n|turn|12\n|\n|t:|1700525068\n|switch|p2a: Iron Valiant|Iron Valiant|100\/100\n|-enditem|p2a: Iron Valiant|Booster Energy\n|-activate|p2a: Iron Valiant|ability: Quark Drive|[fromitem]\n|-start|p2a: Iron Valiant|quarkdrivespe\n|switch|p1a: Catalyst|Garganacl, F, shiny|100\/100\n|-damage|p1a: Catalyst|88\/100|[from] Stealth Rock\n|\n|-heal|p1a: Catalyst|94\/100|[from] item: Leftovers\n|upkeep\n|turn|13\n|\n|t:|1700525077\n|-terastallize|p2a: Iron Valiant|Electric\n|move|p2a: Iron Valiant|Thunderbolt|p1a: Catalyst\n|-damage|p1a: Catalyst|64\/100\n|move|p1a: Catalyst|Salt Cure|p2a: Iron Valiant\n|-damage|p2a: Iron Valiant|82\/100\n|-start|p2a: Iron Valiant|Salt Cure\n|\n|-heal|p1a: Catalyst|70\/100|[from] item: Leftovers\n|-damage|p2a: Iron Valiant|69\/100|[from] Salt Cure\n|upkeep\n|turn|14\n|\n|t:|1700525085\n|move|p2a: Iron Valiant|Focus Blast|p1a: Catalyst\n|-supereffective|p1a: Catalyst\n|-damage|p1a: Catalyst|0 fnt\n|faint|p1a: Catalyst\n|\n|-damage|p2a: Iron Valiant|57\/100|[from] Salt Cure\n|upkeep\n|\n|t:|1700525090\n|switch|p1a: Recursion|Ditto|82\/100 tox\n|-damage|p1a: Recursion|70\/100 tox|[from] Stealth Rock\n|-transform|p1a: Recursion|p2a: Iron Valiant|[from] ability: Imposter\n|-start|p1a: Recursion|typechange|Fairy\/Fighting|[silent]\n|turn|15\n|\n|t:|1700525099\n|-end|p2a: Iron Valiant|Quark Drive|[silent]\n|switch|p2a: Scream Tail|Scream Tail|65\/100\n|-terastallize|p1a: Recursion|Fairy\n|move|p1a: Recursion|Moonblast|p2a: Scream Tail\n|-damage|p2a: Scream Tail|22\/100\n|\n|-damage|p1a: Recursion|64\/100 tox|[from] psn\n|upkeep\n|turn|16\n|\n|t:|1700525106\n|move|p1a: Recursion|Moonblast|p2a: Scream Tail\n|-damage|p2a: Scream Tail|0 fnt\n|faint|p2a: Scream Tail\n|-end|p2a: Scream Tail|Protosynthesis|[silent]\n|\n|-damage|p1a: Recursion|52\/100 tox|[from] psn\n|upkeep\n|\n|t:|1700525119\n|switch|p2a: Slowking|Slowking-Galar, M, shiny|100\/100\n|turn|17\n|\n|t:|1700525124\n|-end|p1a: Recursion|Quark Drive|[silent]\n|switch|p1a: Anemki|Zapdos|100\/100\n|-damage|p1a: Anemki|76\/100|[from] Stealth Rock\n|-ability|p1a: Anemki|Pressure\n|move|p2a: Slowking|Future Sight|p1a: Anemki\n|-start|p2a: Slowking|move: Future Sight\n|\n|-heal|p1a: Anemki|82\/100|[from] item: Leftovers\n|upkeep\n|turn|18\n|\n|t:|1700525203\n|move|p1a: Anemki|Thunderbolt|p2a: Slowking\n|-crit|p2a: Slowking\n|-damage|p2a: Slowking|61\/100\n|move|p2a: Slowking|Future Sight||[still]\n|-fail|p2a: Slowking\n|\n|-heal|p1a: Anemki|88\/100|[from] item: Leftovers\n|upkeep\n|turn|19\n|\n|t:|1700525227\n|move|p1a: Anemki|Heat Wave|p2a: Slowking\n|-damage|p2a: Slowking|42\/100\n|-status|p2a: Slowking|brn\n|move|p2a: Slowking|Slack Off|p2a: Slowking\n|-heal|p2a: Slowking|92\/100 brn\n|\n|-end|p1a: Anemki|move: Future Sight\n|-damage|p1a: Anemki|37\/100\n|-heal|p1a: Anemki|43\/100|[from] item: Leftovers\n|-damage|p2a: Slowking|86\/100 brn|[from] brn\n|upkeep\n|turn|20\n|\n|t:|1700525233\n|switch|p2a: Toedscruel|Toedscruel, M|69\/100 tox\n|move|p1a: Anemki|Roost|p1a: Anemki\n|-heal|p1a: Anemki|93\/100\n|-singleturn|p1a: Anemki|move: Roost\n|\n|-heal|p1a: Anemki|99\/100|[from] item: Leftovers\n|-heal|p2a: Toedscruel|75\/100 tox|[from] item: Leftovers\n|-damage|p2a: Toedscruel|69\/100 tox|[from] psn\n|upkeep\n|turn|21\n|\n|t:|1700525241\n|move|p1a: Anemki|Heat Wave|p2a: Toedscruel\n|-supereffective|p2a: Toedscruel\n|-damage|p2a: Toedscruel|30\/100 tox\n|move|p2a: Toedscruel|Spore|p1a: Anemki\n|-status|p1a: Anemki|slp|[from] move: Spore\n|\n|-heal|p1a: Anemki|100\/100 slp|[from] item: Leftovers\n|-heal|p2a: Toedscruel|36\/100 tox|[from] item: Leftovers\n|-damage|p2a: Toedscruel|24\/100 tox|[from] psn\n|upkeep\n|turn|22\n|\n|t:|1700525248\n|switch|p2a: Armarouge|Armarouge, M|82\/100 tox\n|cant|p1a: Anemki|slp\n|\n|-damage|p2a: Armarouge|76\/100 tox|[from] psn\n|upkeep\n|turn|23\n|\n|t:|1700525251\n|-curestatus|p1a: Anemki|slp|[msg]\n|move|p1a: Anemki|Thunderbolt|p2a: Armarouge\n|-damage|p2a: Armarouge|26\/100 tox\n|move|p2a: Armarouge|Armor Cannon|p1a: Anemki\n|-damage|p1a: Anemki|24\/100\n|-unboost|p2a: Armarouge|def|1\n|-unboost|p2a: Armarouge|spd|1\n|\n|-heal|p1a: Anemki|30\/100|[from] item: Leftovers\n|-damage|p2a: Armarouge|14\/100 tox|[from] psn\n|upkeep\n|turn|24\n|\n|t:|1700525264\n|move|p1a: Anemki|Thunderbolt|p2a: Armarouge\n|-damage|p2a: Armarouge|0 fnt\n|faint|p2a: Armarouge\n|\n|-heal|p1a: Anemki|36\/100|[from] item: Leftovers\n|upkeep\n|\n|t:|1700525268\n|switch|p2a: Iron Valiant|Iron Valiant, tera:Electric|57\/100\n|turn|25\n|\n|t:|1700525280\n|switch|p1a: Aristotle|Toxapex, M|64\/100\n|-damage|p1a: Aristotle|52\/100|[from] Stealth Rock\n|move|p2a: Iron Valiant|Moonblast|p1a: Aristotle\n|-resisted|p1a: Aristotle\n|-damage|p1a: Aristotle|31\/100\n|\n|-heal|p1a: Aristotle|37\/100|[from] item: Black Sludge\n|upkeep\n|turn|26\n|\n|t:|1700525287\n|move|p1a: Aristotle|Protect|p1a: Aristotle\n|-singleturn|p1a: Aristotle|Protect\n|move|p2a: Iron Valiant|Thunderbolt|p1a: Aristotle\n|-activate|p1a: Aristotle|move: Protect\n|\n|-heal|p1a: Aristotle|44\/100|[from] item: Black Sludge\n|upkeep\n|turn|27\n|\n|t:|1700525324\n|-end|p2a: Iron Valiant|Quark Drive|[silent]\n|switch|p2a: Toedscruel|Toedscruel, M|24\/100 tox\n|move|p1a: Aristotle|Recover|p1a: Aristotle\n|-heal|p1a: Aristotle|94\/100\n|\n|-heal|p2a: Toedscruel|30\/100 tox|[from] item: Leftovers\n|-heal|p1a: Aristotle|99\/100|[from] item: Black Sludge\n|-damage|p2a: Toedscruel|24\/100 tox|[from] psn\n|upkeep\n|turn|28\n|\n|t:|1700525349\n|move|p1a: Aristotle|Chilling Water|p2a: Toedscruel\n|-damage|p2a: Toedscruel|17\/100 tox\n|-unboost|p2a: Toedscruel|atk|1\n|move|p2a: Toedscruel|Spore|p1a: Aristotle\n|-status|p1a: Aristotle|slp|[from] move: Spore\n|\n|-heal|p2a: Toedscruel|23\/100 tox|[from] item: Leftovers\n|-heal|p1a: Aristotle|100\/100 slp|[from] item: Black Sludge\n|-damage|p2a: Toedscruel|11\/100 tox|[from] psn\n|upkeep\n|turn|29\n|\n|t:|1700525355\n|move|p2a: Toedscruel|Earth Power|p1a: Aristotle\n|-supereffective|p1a: Aristotle\n|-damage|p1a: Aristotle|60\/100 slp\n|cant|p1a: Aristotle|slp\n|\n|-heal|p2a: Toedscruel|17\/100 tox|[from] item: Leftovers\n|-heal|p1a: Aristotle|67\/100 slp|[from] item: Black Sludge\n|-damage|p2a: Toedscruel|0 fnt|[from] psn\n|faint|p2a: Toedscruel\n|upkeep\n|\n|t:|1700525365\n|switch|p2a: Ogerpon|Ogerpon-Wellspring, F|100\/100\n|turn|30\n|\n|t:|1700525369\n|move|p2a: Ogerpon|Swords Dance|p2a: Ogerpon\n|-boost|p2a: Ogerpon|atk|2\n|cant|p1a: Aristotle|slp\n|\n|-heal|p1a: Aristotle|73\/100 slp|[from] item: Black Sludge\n|upkeep\n|turn|31\n|\n|t:|1700525373\n|move|p2a: Ogerpon|Horn Leech|p1a: Aristotle\n|-damage|p1a: Aristotle|24\/100 slp\n|cant|p1a: Aristotle|slp\n|\n|-heal|p1a: Aristotle|30\/100 slp|[from] item: Black Sludge\n|upkeep\n|turn|32\n|\n|t:|1700525377\n|-curestatus|p1a: Aristotle|slp|[msg]\n|move|p1a: Aristotle|Protect|p1a: Aristotle\n|-singleturn|p1a: Aristotle|Protect\n|move|p2a: Ogerpon|Horn Leech|p1a: Aristotle\n|-activate|p1a: Aristotle|move: Protect\n|\n|-heal|p1a: Aristotle|36\/100|[from] item: Black Sludge\n|upkeep\n|turn|33\n|\n|t:|1700525407\n|move|p2a: Ogerpon|Ivy Cudgel|p1a: Aristotle|[anim] Ivy Cudgel Water\n|-resisted|p1a: Aristotle\n|-damage|p1a: Aristotle|3\/100\n|move|p1a: Aristotle|Toxic|p2a: Ogerpon\n|-status|p2a: Ogerpon|tox\n|\n|-heal|p1a: Aristotle|9\/100|[from] item: Black Sludge\n|-damage|p2a: Ogerpon|95\/100 tox|[from] psn\n|upkeep\n|turn|34\n|\n|t:|1700525416\n|move|p1a: Aristotle|Protect|p1a: Aristotle\n|-singleturn|p1a: Aristotle|Protect\n|move|p2a: Ogerpon|Horn Leech|p1a: Aristotle\n|-activate|p1a: Aristotle|move: Protect\n|\n|-heal|p1a: Aristotle|15\/100|[from] item: Black Sludge\n|-damage|p2a: Ogerpon|83\/100 tox|[from] psn\n|upkeep\n|turn|35\n|\n|t:|1700525431\n|switch|p2a: Iron Valiant|Iron Valiant, tera:Electric|57\/100\n|move|p1a: Aristotle|Recover|p1a: Aristotle\n|-heal|p1a: Aristotle|65\/100\n|\n|-heal|p1a: Aristotle|72\/100|[from] item: Black Sludge\n|upkeep\n|turn|36\n|\n|t:|1700525469\n|switch|p1a: Anemki|Zapdos|36\/100\n|-damage|p1a: Anemki|11\/100|[from] Stealth Rock\n|-ability|p1a: Anemki|Pressure\n|move|p2a: Iron Valiant|Thunderbolt|p1a: Anemki\n|-damage|p1a: Anemki|0 fnt\n|faint|p1a: Anemki\n|\n|upkeep\n|\n|t:|1700525477\n|switch|p1a: Recursion|Ditto, tera:Fairy|52\/100 tox\n|-damage|p1a: Recursion|39\/100 tox|[from] Stealth Rock\n|-transform|p1a: Recursion|p2a: Iron Valiant|[from] ability: Imposter\n|turn|37\n|\n|t:|1700525609\n|move|p1a: Recursion|Moonblast|p2a: Iron Valiant\n|-damage|p2a: Iron Valiant|0 fnt\n|faint|p2a: Iron Valiant\n|-end|p2a: Iron Valiant|Quark Drive|[silent]\n|\n|-damage|p1a: Recursion|33\/100 tox|[from] psn\n|upkeep\n|\n|t:|1700525613\n|switch|p2a: Slowking|Slowking-Galar, M, shiny|100\/100 brn\n|turn|38\n|\n|t:|1700525623\n|-end|p1a: Recursion|Quark Drive|[silent]\n|switch|p1a: Aristotle|Toxapex, M|100\/100\n|-damage|p1a: Aristotle|88\/100|[from] Stealth Rock\n|move|p2a: Slowking|Future Sight|p1a: Aristotle\n|-start|p2a: Slowking|move: Future Sight\n|\n|-heal|p1a: Aristotle|94\/100|[from] item: Black Sludge\n|-damage|p2a: Slowking|94\/100 brn|[from] brn\n|upkeep\n|turn|39\n|\n|t:|1700525626\n|move|p1a: Aristotle|Chilling Water|p2a: Slowking\n|-damage|p2a: Slowking|88\/100 brn\n|-unboost|p2a: Slowking|atk|1\n|move|p2a: Slowking|Thunder Wave|p1a: Aristotle\n|-status|p1a: Aristotle|par\n|\n|-heal|p1a: Aristotle|100\/100 par|[from] item: Black Sludge\n|-damage|p2a: Slowking|81\/100 brn|[from] brn\n|upkeep\n|turn|40\n|\n|t:|1700525631\n|move|p2a: Slowking|Slack Off|p2a: Slowking\n|-heal|p2a: Slowking|100\/100 brn\n|move|p1a: Aristotle|Chilling Water|p2a: Slowking\n|-damage|p2a: Slowking|94\/100 brn\n|-unboost|p2a: Slowking|atk|1\n|\n|-end|p1a: Aristotle|move: Future Sight\n|-supereffective|p1a: Aristotle\n|-damage|p1a: Aristotle|23\/100 par\n|-heal|p1a: Aristotle|29\/100 par|[from] item: Black Sludge\n|-damage|p2a: Slowking|88\/100 brn|[from] brn\n|upkeep\n|turn|41\n|\n|t:|1700525635\n|move|p1a: Aristotle|Protect|p1a: Aristotle\n|-singleturn|p1a: Aristotle|Protect\n|move|p2a: Slowking|Future Sight|p1a: Aristotle\n|-start|p2a: Slowking|move: Future Sight\n|\n|-heal|p1a: Aristotle|35\/100 par|[from] item: Black Sludge\n|-damage|p2a: Slowking|81\/100 brn|[from] brn\n|upkeep\n|turn|42\n|\n|t:|1700525640\n|move|p2a: Slowking|Sludge Bomb|p1a: Aristotle\n|-resisted|p1a: Aristotle\n|-damage|p1a: Aristotle|23\/100 par\n|move|p1a: Aristotle|Recover|p1a: Aristotle\n|-heal|p1a: Aristotle|73\/100 par\n|\n|-heal|p1a: Aristotle|79\/100 par|[from] item: Black Sludge\n|-damage|p2a: Slowking|75\/100 brn|[from] brn\n|upkeep\n|turn|43\n|\n|t:|1700525645\n|move|p2a: Slowking|Slack Off|p2a: Slowking\n|-heal|p2a: Slowking|100\/100 brn\n|move|p1a: Aristotle|Recover|p1a: Aristotle\n|-heal|p1a: Aristotle|100\/100 par\n|\n|-end|p1a: Aristotle|move: Future Sight\n|-supereffective|p1a: Aristotle\n|-damage|p1a: Aristotle|33\/100 par\n|-heal|p1a: Aristotle|39\/100 par|[from] item: Black Sludge\n|-damage|p2a: Slowking|94\/100 brn|[from] brn\n|upkeep\n|turn|44\n|\n|t:|1700525649\n|move|p2a: Slowking|Future Sight|p1a: Aristotle\n|-start|p2a: Slowking|move: Future Sight\n|move|p1a: Aristotle|Recover|p1a: Aristotle\n|-heal|p1a: Aristotle|89\/100 par\n|\n|-heal|p1a: Aristotle|95\/100 par|[from] item: Black Sludge\n|-damage|p2a: Slowking|88\/100 brn|[from] brn\n|upkeep\n|turn|45\n|\n|t:|1700525652\n|switch|p2a: Ogerpon|Ogerpon-Wellspring, F|83\/100 tox\n|move|p1a: Aristotle|Chilling Water|p2a: Ogerpon\n|-heal|p2a: Ogerpon|100\/100 tox|[from] ability: Water Absorb|[of] p1a: Aristotle\n|\n|-heal|p1a: Aristotle|100\/100 par|[from] item: Black Sludge\n|-damage|p2a: Ogerpon|95\/100 tox|[from] psn\n|upkeep\n|turn|46\n|\n|t:|1700525670\n|switch|p1a: Kommo-o|Kommo-o, M|100\/100\n|-damage|p1a: Kommo-o|94\/100|[from] Stealth Rock\n|move|p2a: Ogerpon|Encore||[still]\n|-fail|p2a: Ogerpon\n|\n|-end|p1a: Kommo-o|move: Future Sight\n|-supereffective|p1a: Kommo-o\n|-damage|p1a: Kommo-o|1\/100\n|-damage|p2a: Ogerpon|83\/100 tox|[from] psn\n|upkeep\n|turn|47\n|\n|t:|1700525685\n|move|p2a: Ogerpon|Horn Leech|p1a: Kommo-o\n|-resisted|p1a: Kommo-o\n|-damage|p1a: Kommo-o|0 fnt\n|-heal|p2a: Ogerpon|83\/100 tox|[from] drain|[of] p1a: Kommo-o\n|faint|p1a: Kommo-o\n|\n|-damage|p2a: Ogerpon|65\/100 tox|[from] psn\n|upkeep\n|\n|t:|1700525688\n|switch|p1a: Aristotle|Toxapex, M|100\/100 par\n|-damage|p1a: Aristotle|88\/100 par|[from] Stealth Rock\n|turn|48\n|\n|t:|1700525690\n|move|p1a: Aristotle|Protect|p1a: Aristotle\n|-singleturn|p1a: Aristotle|Protect\n|move|p2a: Ogerpon|Swords Dance|p2a: Ogerpon\n|-boost|p2a: Ogerpon|atk|2\n|\n|-heal|p1a: Aristotle|94\/100 par|[from] item: Black Sludge\n|-damage|p2a: Ogerpon|41\/100 tox|[from] psn\n|upkeep\n|turn|49\n|\n|t:|1700525697\n|move|p2a: Ogerpon|Horn Leech|p1a: Aristotle\n|-damage|p1a: Aristotle|39\/100 par\n|-heal|p2a: Ogerpon|69\/100 tox|[from] drain|[of] p1a: Aristotle\n|move|p1a: Aristotle|Recover|p1a: Aristotle\n|-heal|p1a: Aristotle|89\/100 par\n|\n|-heal|p1a: Aristotle|95\/100 par|[from] item: Black Sludge\n|-damage|p2a: Ogerpon|39\/100 tox|[from] psn\n|upkeep\n|turn|50\n|\n|t:|1700525703\n|move|p1a: Aristotle|Protect|p1a: Aristotle\n|-singleturn|p1a: Aristotle|Protect\n|move|p2a: Ogerpon|Horn Leech|p1a: Aristotle\n|-activate|p1a: Aristotle|move: Protect\n|\n|-heal|p1a: Aristotle|100\/100 par|[from] item: Black Sludge\n|-damage|p2a: Ogerpon|3\/100 tox|[from] psn\n|upkeep\n|turn|51\n|\n|t:|1700525711\n|move|p2a: Ogerpon|Horn Leech|p1a: Aristotle\n|-damage|p1a: Aristotle|51\/100 par\n|-heal|p2a: Ogerpon|28\/100 tox|[from] drain|[of] p1a: Aristotle\n|cant|p1a: Aristotle|par\n|\n|-heal|p1a: Aristotle|57\/100 par|[from] item: Black Sludge\n|-damage|p2a: Ogerpon|0 fnt|[from] psn\n|faint|p2a: Ogerpon\n|upkeep\n|\n|t:|1700525713\n|switch|p2a: Slowking|Slowking-Galar, M, shiny|100\/100 brn\n|turn|52\n|\n|t:|1700525716\n|switch|p1a: Recursion|Ditto, tera:Fairy|33\/100 tox\n|-damage|p1a: Recursion|21\/100 tox|[from] Stealth Rock\n|-transform|p1a: Recursion|p2a: Slowking|[from] ability: Imposter\n|move|p2a: Slowking|Future Sight|p1a: Recursion\n|-start|p2a: Slowking|move: Future Sight\n|\n|-damage|p1a: Recursion|15\/100 tox|[from] psn\n|-damage|p2a: Slowking|94\/100 brn|[from] brn\n|upkeep\n|turn|53\n|\n|t:|1700525726\n|move|p1a: Recursion|Slack Off|p1a: Recursion\n|-heal|p1a: Recursion|65\/100 tox\n|move|p2a: Slowking|Sludge Bomb|p1a: Recursion\n|-supereffective|p1a: Recursion\n|-damage|p1a: Recursion|14\/100 tox\n|\n|-damage|p1a: Recursion|2\/100 tox|[from] psn\n|-damage|p2a: Slowking|88\/100 brn|[from] brn\n|upkeep\n|turn|54\n|\n|t:|1700525736\n|move|p1a: Recursion|Slack Off|p1a: Recursion\n|-heal|p1a: Recursion|52\/100 tox\n|move|p2a: Slowking|Sludge Bomb|p1a: Recursion\n|-supereffective|p1a: Recursion\n|-damage|p1a: Recursion|0 fnt\n|faint|p1a: Recursion\n|\n|-hint|Future Sight did not hit because the target is fainted.\n|-damage|p2a: Slowking|82\/100 brn|[from] brn\n|upkeep\n|\n|t:|1700525738\n|switch|p1a: Aristotle|Toxapex, M|91\/100 par\n|-damage|p1a: Aristotle|78\/100 par|[from] Stealth Rock\n|turn|55\n|\n|t:|1700525742\n|move|p2a: Slowking|Future Sight|p1a: Aristotle\n|-start|p2a: Slowking|move: Future Sight\n|move|p1a: Aristotle|Chilling Water|p2a: Slowking\n|-damage|p2a: Slowking|75\/100 brn\n|-unboost|p2a: Slowking|atk|1\n|\n|-heal|p1a: Aristotle|84\/100 par|[from] item: Black Sludge\n|-damage|p2a: Slowking|69\/100 brn|[from] brn\n|upkeep\n|turn|56\n|\n|t:|1700525752\n|move|p2a: Slowking|Sludge Bomb|p1a: Aristotle\n|-resisted|p1a: Aristotle\n|-damage|p1a: Aristotle|70\/100 par\n|move|p1a: Aristotle|Chilling Water|p2a: Slowking\n|-damage|p2a: Slowking|63\/100 brn\n|-unboost|p2a: Slowking|atk|1\n|\n|-heal|p1a: Aristotle|76\/100 par|[from] item: Black Sludge\n|-damage|p2a: Slowking|57\/100 brn|[from] brn\n|upkeep\n|turn|57\n|\n|t:|1700525755\n|move|p2a: Slowking|Slack Off|p2a: Slowking\n|-heal|p2a: Slowking|100\/100 brn\n|move|p1a: Aristotle|Recover|p1a: Aristotle\n|-heal|p1a: Aristotle|100\/100 par\n|\n|-end|p1a: Aristotle|move: Future Sight\n|-supereffective|p1a: Aristotle\n|-damage|p1a: Aristotle|29\/100 par\n|-heal|p1a: Aristotle|36\/100 par|[from] item: Black Sludge\n|-damage|p2a: Slowking|94\/100 brn|[from] brn\n|upkeep\n|turn|58\n|\n|t:|1700525758\n|move|p2a: Slowking|Future Sight|p1a: Aristotle\n|-start|p2a: Slowking|move: Future Sight\n|cant|p1a: Aristotle|par\n|\n|-heal|p1a: Aristotle|42\/100 par|[from] item: Black Sludge\n|-damage|p2a: Slowking|88\/100 brn|[from] brn\n|upkeep\n|turn|59\n|\n|t:|1700525761\n|move|p2a: Slowking|Sludge Bomb|p1a: Aristotle\n|-resisted|p1a: Aristotle\n|-damage|p1a: Aristotle|27\/100 par\n|move|p1a: Aristotle|Recover|p1a: Aristotle\n|-heal|p1a: Aristotle|77\/100 par\n|\n|-heal|p1a: Aristotle|84\/100 par|[from] item: Black Sludge\n|-damage|p2a: Slowking|82\/100 brn|[from] brn\n|upkeep\n|turn|60\n|\n|t:|1700525773\n|move|p2a: Slowking|Sludge Bomb|p1a: Aristotle\n|-resisted|p1a: Aristotle\n|-damage|p1a: Aristotle|71\/100 par\n|move|p1a: Aristotle|Chilling Water|p2a: Slowking\n|-damage|p2a: Slowking|76\/100 brn\n|-unboost|p2a: Slowking|atk|1\n|\n|-end|p1a: Aristotle|move: Future Sight\n|-supereffective|p1a: Aristotle\n|-damage|p1a: Aristotle|0 fnt\n|faint|p1a: Aristotle\n|\n|win|whitepikmin\n|upkeep\n","uploadtime":1700525778,"views":6,"p1id":"vanhomin","p2id":"whitepikmin","formatid":"gen9ou","rating":0,"private":0,"password":""}