{"id":"gen9ou-1989784640","p1":"Zael01","p2":"poquise","format":"[Gen 9] OU","log":"|j|\u2606Zael01\n|j|\u2606poquise\n|t:|1699895496\n|gametype|singles\n|player|p1|Zael01|norman|1134\n|player|p2|poquise|doubleteam|1165\n|teamsize|p1|6\n|teamsize|p2|6\n|gen|9\n|tier|[Gen 9] OU\n|rated|\n|rule|Sleep Clause Mod: Limit one foe put to sleep\n|rule|Species Clause: Limit one of each Pok\u00e9mon\n|rule|OHKO Clause: OHKO moves are banned\n|rule|Evasion Items Clause: Evasion items are banned\n|rule|Evasion Moves Clause: Evasion moves are banned\n|rule|Endless Battle Clause: Forcing endless battles is banned\n|rule|HP Percentage Mod: HP is shown in percentages\n|clearpoke\n|poke|p1|Sinistcha|\n|poke|p1|Ribombee, F|\n|poke|p1|Corviknight, M|\n|poke|p1|Clefable, F|\n|poke|p1|Garchomp, M|\n|poke|p1|Rotom-Wash|\n|poke|p2|Jirachi|\n|poke|p2|Lucario, M|\n|poke|p2|Blissey, F|\n|poke|p2|Ribombee, M|\n|poke|p2|Cinderace, M|\n|poke|p2|Corviknight, M|\n|teampreview\n|\n|t:|1699895502\n|start\n|switch|p1a: Corviknight|Corviknight, M|100\/100\n|switch|p2a: 10% Luck|Ribombee, M|100\/100\n|-ability|p1a: Corviknight|Pressure\n|turn|1\n|\n|t:|1699895508\n|move|p2a: 10% Luck|Sticky Web|p1a: Corviknight\n|-sidestart|p1: Zael01|move: Sticky Web\n|move|p1a: Corviknight|Iron Head|p2a: 10% Luck\n|-supereffective|p2a: 10% Luck\n|-enditem|p2a: 10% Luck|Focus Sash\n|-damage|p2a: 10% Luck|1\/100\n|\n|upkeep\n|turn|2\n|\n|t:|1699895515\n|move|p2a: 10% Luck|Trick|p1a: Corviknight\n|-activate|p2a: 10% Luck|move: Trick|[of] p1a: Corviknight\n|-enditem|p1a: Corviknight|Rocky Helmet|[silent]|[from] move: Trick\n|-item|p2a: 10% Luck|Rocky Helmet|[from] move: Trick\n|move|p1a: Corviknight|Iron Head|p2a: 10% Luck\n|-supereffective|p2a: 10% Luck\n|-damage|p2a: 10% Luck|0 fnt\n|-damage|p1a: Corviknight|84\/100|[from] item: Rocky Helmet|[of] p2a: 10% Luck\n|faint|p2a: 10% Luck\n|\n|upkeep\n|\n|t:|1699895531\n|switch|p2a: 20% Skill|Jirachi|100\/100\n|turn|3\n|\n|t:|1699895536\n|move|p2a: 20% Skill|Meteor Mash|p1a: Corviknight\n|-resisted|p1a: Corviknight\n|-damage|p1a: Corviknight|71\/100\n|move|p1a: Corviknight|Defog|p2a: 20% Skill\n|-unboost|p2a: 20% Skill|evasion|1\n|-sideend|p1: Zael01|Sticky Web|[from] move: Defog|[of] p1a: Corviknight\n|\n|upkeep\n|turn|4\n|\n|t:|1699895542\n|move|p2a: 20% Skill|Meteor Mash|p1a: Corviknight\n|-resisted|p1a: Corviknight\n|-damage|p1a: Corviknight|59\/100\n|move|p1a: Corviknight|U-turn|p2a: 20% Skill\n|-damage|p2a: 20% Skill|85\/100\n|\n|t:|1699895547\n|switch|p1a: Sinistcha|Sinistcha|100\/100|[from] U-turn\n|\n|upkeep\n|turn|5\n|\n|t:|1699895551\n|move|p2a: 20% Skill|Meteor Mash|p1a: Sinistcha\n|-damage|p1a: Sinistcha|70\/100\n|move|p1a: Sinistcha|Strength Sap|p2a: 20% Skill\n|-unboost|p2a: 20% Skill|atk|1\n|-heal|p1a: Sinistcha|100\/100\n|\n|upkeep\n|turn|6\n|\n|t:|1699895560\n|switch|p2a: Power and Will|Blissey, F|100\/100\n|move|p1a: Sinistcha|Calm Mind|p1a: Sinistcha\n|-boost|p1a: Sinistcha|spa|1\n|-boost|p1a: Sinistcha|spd|1\n|\n|upkeep\n|turn|7\n|\n|t:|1699895567\n|switch|p1a: Rotom|Rotom-Wash|100\/100\n|move|p2a: Power and Will|Thunder Wave|p1a: Rotom\n|-immune|p1a: Rotom\n|\n|upkeep\n|turn|8\n|\n|t:|1699895572\n|move|p1a: Rotom|Trick|p2a: Power and Will\n|-activate|p1a: Rotom|move: Trick|[of] p2a: Power and Will\n|-item|p2a: Power and Will|Choice Scarf|[from] move: Trick\n|-item|p1a: Rotom|Leftovers|[from] move: Trick\n|move|p2a: Power and Will|Stealth Rock|p1a: Rotom\n|-sidestart|p1: Zael01|move: Stealth Rock\n|\n|upkeep\n|turn|9\n|\n|t:|1699895580\n|switch|p2a: 20% Skill|Jirachi|85\/100\n|move|p1a: Rotom|Volt Switch|p2a: 20% Skill\n|-damage|p2a: 20% Skill|64\/100\n|\n|t:|1699895586\n|switch|p1a: Corviknight|Corviknight, M|59\/100|[from] Volt Switch\n|-damage|p1a: Corviknight|47\/100|[from] Stealth Rock\n|-ability|p1a: Corviknight|Pressure\n|\n|upkeep\n|turn|10\n|\n|t:|1699895592\n|move|p2a: 20% Skill|Meteor Mash|p1a: Corviknight\n|-resisted|p1a: Corviknight\n|-damage|p1a: Corviknight|33\/100\n|move|p1a: Corviknight|Roost|p1a: Corviknight\n|-heal|p1a: Corviknight|83\/100\n|-singleturn|p1a: Corviknight|move: Roost\n|\n|upkeep\n|turn|11\n|\n|t:|1699895599\n|move|p2a: 20% Skill|Meteor Mash|p1a: Corviknight\n|-resisted|p1a: Corviknight\n|-damage|p1a: Corviknight|71\/100\n|-boost|p2a: 20% Skill|atk|1\n|move|p1a: Corviknight|Defog|p2a: 20% Skill\n|-unboost|p2a: 20% Skill|evasion|1\n|-sideend|p1: Zael01|Stealth Rock|[from] move: Defog|[of] p1a: Corviknight\n|\n|upkeep\n|turn|12\n|\n|t:|1699895608\n|move|p2a: 20% Skill|Meteor Mash|p1a: Corviknight\n|-resisted|p1a: Corviknight\n|-damage|p1a: Corviknight|51\/100\n|-boost|p2a: 20% Skill|atk|1\n|move|p1a: Corviknight|U-turn|p2a: 20% Skill\n|-damage|p2a: 20% Skill|47\/100\n|\n|t:|1699895611\n|switch|p1a: Garchomp|Garchomp, M|100\/100|[from] U-turn\n|\n|upkeep\n|turn|13\n|\n|t:|1699895618\n|-terastallize|p2a: 20% Skill|Fighting\n|move|p1a: Garchomp|Earthquake|p2a: 20% Skill\n|-damage|p2a: 20% Skill|0 fnt\n|faint|p2a: 20% Skill\n|\n|upkeep\n|\n|t:|1699895629\n|switch|p2a: 50% Pain|Corviknight, M|100\/100\n|-ability|p2a: 50% Pain|Pressure\n|turn|14\n|\n|t:|1699895634\n|move|p1a: Garchomp|Substitute|p1a: Garchomp\n|-start|p1a: Garchomp|Substitute\n|-damage|p1a: Garchomp|76\/100\n|move|p2a: 50% Pain|Body Press|p1a: Garchomp\n|-activate|p1a: Garchomp|move: Substitute|[damage]\n|\n|-heal|p1a: Garchomp|82\/100|[from] item: Leftovers\n|upkeep\n|turn|15\n|\n|t:|1699895641\n|move|p1a: Garchomp|Swords Dance|p1a: Garchomp\n|-boost|p1a: Garchomp|atk|2\n|move|p2a: 50% Pain|Brave Bird|p1a: Garchomp\n|-end|p1a: Garchomp|Substitute\n|-damage|p2a: 50% Pain|99\/100|[from] Recoil|[of] p1a: Garchomp\n|\n|-heal|p1a: Garchomp|88\/100|[from] item: Leftovers\n|upkeep\n|turn|16\n|\n|t:|1699895650\n|move|p1a: Garchomp|Substitute|p1a: Garchomp\n|-start|p1a: Garchomp|Substitute\n|-damage|p1a: Garchomp|63\/100\n|move|p2a: 50% Pain|Brave Bird|p1a: Garchomp\n|-end|p1a: Garchomp|Substitute\n|-damage|p2a: 50% Pain|92\/100|[from] Recoil|[of] p1a: Garchomp\n|\n|-heal|p1a: Garchomp|69\/100|[from] item: Leftovers\n|upkeep\n|turn|17\n|inactive|Battle timer is ON: inactive players will automatically lose when time's up. (requested by Zael01)\n|\n|t:|1699895660\n|move|p1a: Garchomp|Stone Edge|p2a: 50% Pain\n|-damage|p2a: 50% Pain|46\/100\n|move|p2a: 50% Pain|Brave Bird|p1a: Garchomp\n|-damage|p1a: Garchomp|32\/100\n|-damage|p2a: 50% Pain|34\/100|[from] ability: Rough Skin|[of] p1a: Garchomp\n|-damage|p2a: 50% Pain|22\/100|[from] Recoil\n|\n|-heal|p1a: Garchomp|38\/100|[from] item: Leftovers\n|upkeep\n|turn|18\n|\n|t:|1699895670\n|move|p1a: Garchomp|Stone Edge|p2a: 50% Pain\n|-damage|p2a: 50% Pain|0 fnt\n|faint|p2a: 50% Pain\n|\n|-heal|p1a: Garchomp|44\/100|[from] item: Leftovers\n|upkeep\n|\n|t:|1699895675\n|switch|p2a: 5% Pleasure|Cinderace, M|100\/100\n|turn|19\n|\n|t:|1699895687\n|move|p2a: 5% Pleasure|Pyro Ball|p1a: Garchomp\n|-resisted|p1a: Garchomp\n|-damage|p1a: Garchomp|15\/100\n|move|p1a: Garchomp|Earthquake|p2a: 5% Pleasure\n|-supereffective|p2a: 5% Pleasure\n|-enditem|p2a: 5% Pleasure|Focus Sash\n|-damage|p2a: 5% Pleasure|1\/100\n|\n|-heal|p1a: Garchomp|21\/100|[from] item: Leftovers\n|upkeep\n|turn|20\n|\n|t:|1699895696\n|move|p2a: 5% Pleasure|Acrobatics|p1a: Garchomp\n|-start|p2a: 5% Pleasure|typechange|Flying|[from] ability: Libero\n|-damage|p1a: Garchomp|0 fnt\n|-damage|p2a: 5% Pleasure|0 fnt|[from] ability: Rough Skin|[of] p1a: Garchomp\n|faint|p1a: Garchomp\n|faint|p2a: 5% Pleasure\n|\n|upkeep\n|\n|t:|1699895704\n|switch|p2a: Power and Will|Blissey, F|100\/100\n|switch|p1a: Ribombee|Ribombee, F|100\/100\n|turn|21\n|\n|t:|1699895711\n|move|p1a: Ribombee|Stun Spore|p2a: Power and Will\n|-status|p2a: Power and Will|par\n|move|p2a: Power and Will|Thunder Wave|p1a: Ribombee\n|-status|p1a: Ribombee|par\n|\n|upkeep\n|turn|22\n|\n|t:|1699895717\n|-curestatus|p2a: Power and Will|par|[from] ability: Natural Cure\n|switch|p2a: 15% Concentrated|Lucario, M|100\/100\n|cant|p1a: Ribombee|par\n|\n|upkeep\n|turn|23\n|\n|t:|1699895723\n|move|p2a: 15% Concentrated|Substitute|p2a: 15% Concentrated\n|-start|p2a: 15% Concentrated|Substitute\n|-damage|p2a: 15% Concentrated|76\/100\n|move|p1a: Ribombee|Stun Spore|p2a: 15% Concentrated|[miss]\n|-miss|p1a: Ribombee|p2a: 15% Concentrated\n|\n|upkeep\n|turn|24\n|\n|t:|1699895729\n|move|p2a: 15% Concentrated|Nasty Plot|p2a: 15% Concentrated\n|-boost|p2a: 15% Concentrated|spa|2\n|move|p1a: Ribombee|Sticky Web|p2a: 15% Concentrated\n|-sidestart|p2: poquise|move: Sticky Web\n|\n|upkeep\n|turn|25\n|\n|t:|1699895735\n|move|p2a: 15% Concentrated|Nasty Plot|p2a: 15% Concentrated\n|-boost|p2a: 15% Concentrated|spa|2\n|move|p1a: Ribombee|U-turn|p2a: 15% Concentrated\n|-resisted|p2a: 15% Concentrated\n|-activate|p2a: 15% Concentrated|move: Substitute|[damage]\n|\n|t:|1699895741\n|switch|p1a: Rotom|Rotom-Wash|100\/100|[from] U-turn\n|\n|upkeep\n|turn|26\n|\n|t:|1699895749\n|move|p2a: 15% Concentrated|Dark Pulse|p1a: Rotom\n|-damage|p1a: Rotom|0 fnt\n|faint|p1a: Rotom\n|-damage|p2a: 15% Concentrated|66\/100|[from] item: Life Orb\n|\n|upkeep\n|\n|t:|1699895752\n|switch|p1a: Clefable|Clefable, F|100\/100\n|turn|27\n|\n|t:|1699895759\n|move|p2a: 15% Concentrated|Flash Cannon|p1a: Clefable\n|-supereffective|p1a: Clefable\n|-damage|p1a: Clefable|0 fnt\n|faint|p1a: Clefable\n|-damage|p2a: 15% Concentrated|56\/100|[from] item: Life Orb\n|\n|upkeep\n|\n|t:|1699895762\n|switch|p1a: Corviknight|Corviknight, M|51\/100\n|-ability|p1a: Corviknight|Pressure\n|turn|28\n|\n|t:|1699895768\n|move|p2a: 15% Concentrated|Dark Pulse|p1a: Corviknight\n|-damage|p1a: Corviknight|0 fnt\n|faint|p1a: Corviknight\n|-damage|p2a: 15% Concentrated|46\/100|[from] item: Life Orb\n|\n|upkeep\n|\n|t:|1699895772\n|switch|p1a: Sinistcha|Sinistcha|100\/100\n|turn|29\n|\n|t:|1699895778\n|-terastallize|p1a: Sinistcha|Grass\n|move|p2a: 15% Concentrated|Dark Pulse|p1a: Sinistcha\n|-damage|p1a: Sinistcha|0 fnt\n|faint|p1a: Sinistcha\n|-damage|p2a: 15% Concentrated|36\/100|[from] item: Life Orb\n|\n|upkeep\n|-message|Zael01 forfeited.\n|\n|win|poquise\n|raw|Zael01's rating: 1134 &rarr; <strong>1111<\/strong><br \/>(-23 for losing)\n|raw|poquise's rating: 1165 &rarr; <strong>1188<\/strong><br \/>(+23 for winning)\n|l|\u2606Zael01\n","uploadtime":1699895787,"views":34,"p1id":"zael01","p2id":"poquise","formatid":"gen9ou","rating":1111,"private":0,"password":""}