{"id":"gen9ou-1997229367","p1":"Horrific17","p2":"Ruffbot","format":"[Gen 9] OU","log":"|j|\u2606Horrific17\n|j|\u2606Ruffbot\n|t:|1700778020\n|gametype|singles\n|player|p1|Horrific17|acetrainerf-gen4dp|\n|player|p2|Ruffbot|youngster-gen6xy|\n|teamsize|p1|6\n|teamsize|p2|6\n|gen|9\n|tier|[Gen 9] OU\n|rule|Sleep Clause Mod: Limit one foe put to sleep\n|rule|Species Clause: Limit one of each Pok\u00e9mon\n|rule|OHKO Clause: OHKO moves are banned\n|rule|Evasion Items Clause: Evasion items are banned\n|rule|Evasion Moves Clause: Evasion moves are banned\n|rule|Endless Battle Clause: Forcing endless battles is banned\n|rule|HP Percentage Mod: HP is shown in percentages\n|clearpoke\n|poke|p1|Samurott-Hisui, M|\n|poke|p1|Thundurus, M|\n|poke|p1|Iron Treads|\n|poke|p1|Hoopa-Unbound|\n|poke|p1|Vikavolt, F|\n|poke|p1|Dragapult, F|\n|poke|p2|Arboliva, M|\n|poke|p2|Tornadus-Therian, M|\n|poke|p2|Weavile, F|\n|poke|p2|Weezing-Galar, M|\n|poke|p2|Zapdos|\n|poke|p2|Florges, F|\n|teampreview\n|\n|t:|1700778029\n|start\n|switch|p1a: MARAUDER|Vikavolt, F, shiny|100\/100\n|switch|p2a: tornadustherian|Tornadus-Therian, M|100\/100\n|turn|1\n|c|\u2606Ruffbot|hf\n|j| Bot Coach\n|inactive|Battle timer is ON: inactive players will automatically lose when time's up. (requested by Ruffbot)\n|\n|t:|1700778042\n|move|p2a: tornadustherian|U-turn|p1a: MARAUDER\n|-damage|p1a: MARAUDER|84\/100\n|\n|t:|1700778045\n|switch|p2a: Florges|Florges, F|100\/100|[from] U-turn\n|move|p1a: MARAUDER|Volt Switch|p2a: Florges\n|-damage|p2a: Florges|58\/100\n|\n|t:|1700778052\n|switch|p1a: The Sentinel|Iron Treads|100\/100|[from] Volt Switch\n|\n|-heal|p2a: Florges|64\/100|[from] item: Leftovers\n|upkeep\n|turn|2\n|\n|t:|1700778059\n|switch|p2a: Zapdos|Zapdos|100\/100\n|move|p1a: The Sentinel|Iron Head|p2a: Zapdos\n|-resisted|p2a: Zapdos\n|-damage|p2a: Zapdos|86\/100\n|\n|upkeep\n|turn|3\n|\n|t:|1700778066\n|move|p1a: The Sentinel|Knock Off|p2a: Zapdos\n|-damage|p2a: Zapdos|61\/100\n|-enditem|p2a: Zapdos|Heavy-Duty Boots|[from] move: Knock Off|[of] p1a: The Sentinel\n|move|p2a: Zapdos|Discharge|p1a: The Sentinel\n|-immune|p1a: The Sentinel\n|\n|upkeep\n|turn|4\n|\n|t:|1700778074\n|move|p1a: The Sentinel|Stealth Rock|p2a: Zapdos\n|-sidestart|p2: Ruffbot|move: Stealth Rock\n|move|p2a: Zapdos|Roost|p2a: Zapdos\n|-heal|p2a: Zapdos|100\/100\n|-singleturn|p2a: Zapdos|move: Roost\n|\n|upkeep\n|turn|5\n|\n|t:|1700778094\n|-end|p1a: The Sentinel|Quark Drive|[silent]\n|switch|p1a: MARAUDER|Vikavolt, F, shiny|84\/100\n|move|p2a: Zapdos|Discharge|p1a: MARAUDER\n|-resisted|p1a: MARAUDER\n|-damage|p1a: MARAUDER|64\/100\n|\n|upkeep\n|turn|6\n|\n|t:|1700778104\n|move|p2a: Zapdos|Heat Wave|p1a: MARAUDER\n|-supereffective|p1a: MARAUDER\n|-damage|p1a: MARAUDER|0 fnt\n|faint|p1a: MARAUDER\n|\n|upkeep\n|\n|t:|1700778113\n|switch|p1a: \u0627\u0644\u0641 \u0644\u064a\u0644\u0629 \u0648 \u0644\u064a\u0644\u0629|Hoopa-Unbound|100\/100\n|turn|7\n|\n|t:|1700778118\n|move|p1a: \u0627\u0644\u0641 \u0644\u064a\u0644\u0629 \u0648 \u0644\u064a\u0644\u0629|Psychic|p2a: Zapdos\n|-damage|p2a: Zapdos|42\/100\n|move|p2a: Zapdos|Roost|p2a: Zapdos\n|-heal|p2a: Zapdos|92\/100\n|-singleturn|p2a: Zapdos|move: Roost\n|\n|upkeep\n|turn|8\n|\n|t:|1700778129\n|move|p1a: \u0627\u0644\u0641 \u0644\u064a\u0644\u0629 \u0648 \u0644\u064a\u0644\u0629|Focus Blast|p2a: Zapdos\n|-resisted|p2a: Zapdos\n|-damage|p2a: Zapdos|68\/100\n|move|p2a: Zapdos|Roost|p2a: Zapdos\n|-heal|p2a: Zapdos|100\/100\n|-singleturn|p2a: Zapdos|move: Roost\n|\n|upkeep\n|turn|9\n|\n|t:|1700778134\n|move|p1a: \u0627\u0644\u0641 \u0644\u064a\u0644\u0629 \u0648 \u0644\u064a\u0644\u0629|Dark Pulse|p2a: Zapdos\n|-damage|p2a: Zapdos|50\/100\n|move|p2a: Zapdos|Volt Switch|p1a: \u0627\u0644\u0641 \u0644\u064a\u0644\u0629 \u0648 \u0644\u064a\u0644\u0629\n|-damage|p1a: \u0627\u0644\u0641 \u0644\u064a\u0644\u0629 \u0648 \u0644\u064a\u0644\u0629|84\/100\n|\n|t:|1700778135\n|switch|p2a: Florges|Florges, F|64\/100|[from] Volt Switch\n|-damage|p2a: Florges|51\/100|[from] Stealth Rock\n|\n|-heal|p2a: Florges|57\/100|[from] item: Leftovers\n|upkeep\n|turn|10\n|\n|t:|1700778142\n|switch|p1a: The Sentinel|Iron Treads|100\/100\n|move|p2a: Florges|Synthesis|p2a: Florges\n|-heal|p2a: Florges|100\/100\n|\n|upkeep\n|turn|11\n|\n|t:|1700778145\n|switch|p2a: Arboliva|Arboliva, M|100\/100\n|-damage|p2a: Arboliva|88\/100|[from] Stealth Rock\n|move|p1a: The Sentinel|Iron Head|p2a: Arboliva\n|-damage|p2a: Arboliva|47\/100\n|-fieldstart|move: Grassy Terrain|[from] ability: Seed Sower|[of] p2a: Arboliva\n|\n|-heal|p2a: Arboliva|53\/100|[from] Grassy Terrain\n|-heal|p2a: Arboliva|59\/100|[from] item: Leftovers\n|upkeep\n|turn|12\n|\n|t:|1700778148\n|move|p1a: The Sentinel|Knock Off|p2a: Arboliva\n|-damage|p2a: Arboliva|29\/100\n|-enditem|p2a: Arboliva|Leftovers|[from] move: Knock Off|[of] p1a: The Sentinel\n|move|p2a: Arboliva|Giga Drain|p1a: The Sentinel\n|-damage|p1a: The Sentinel|45\/100\n|-heal|p2a: Arboliva|55\/100|[from] drain|[of] p1a: The Sentinel\n|\n|-heal|p1a: The Sentinel|51\/100|[from] Grassy Terrain\n|-heal|p1a: The Sentinel|57\/100|[from] item: Leftovers\n|-heal|p2a: Arboliva|61\/100|[from] Grassy Terrain\n|upkeep\n|turn|13\n|\n|t:|1700778159\n|-end|p1a: The Sentinel|Quark Drive|[silent]\n|switch|p1a: Horton 229|Dragapult, F|100\/100\n|move|p2a: Arboliva|Giga Drain|p1a: Horton 229\n|-resisted|p1a: Horton 229\n|-damage|p1a: Horton 229|77\/100\n|-heal|p2a: Arboliva|72\/100|[from] drain|[of] p1a: Horton 229\n|\n|-heal|p1a: Horton 229|83\/100|[from] Grassy Terrain\n|-heal|p2a: Arboliva|79\/100|[from] Grassy Terrain\n|upkeep\n|turn|14\n|\n|t:|1700778164\n|move|p1a: Horton 229|U-turn|p2a: Arboliva\n|-supereffective|p2a: Arboliva\n|-damage|p2a: Arboliva|2\/100\n|\n|t:|1700778168\n|switch|p1a: Storm Approaching|Thundurus, M|100\/100|[from] U-turn\n|move|p2a: Arboliva|Strength Sap|p1a: Storm Approaching\n|-unboost|p1a: Storm Approaching|atk|1\n|-heal|p2a: Arboliva|68\/100\n|\n|-heal|p2a: Arboliva|74\/100|[from] Grassy Terrain\n|upkeep\n|turn|15\n|\n|t:|1700778173\n|move|p1a: Storm Approaching|U-turn|p2a: Arboliva\n|-supereffective|p2a: Arboliva\n|-damage|p2a: Arboliva|52\/100\n|\n|t:|1700778177\n|switch|p1a: Horton 229|Dragapult, F|83\/100|[from] U-turn\n|move|p2a: Arboliva|Giga Drain|p1a: Horton 229\n|-resisted|p1a: Horton 229\n|-damage|p1a: Horton 229|58\/100\n|-heal|p2a: Arboliva|64\/100|[from] drain|[of] p1a: Horton 229\n|-start|p2a: Arboliva|Disable|Giga Drain|[from] ability: Cursed Body|[of] p1a: Horton 229\n|\n|-heal|p1a: Horton 229|64\/100|[from] Grassy Terrain\n|-heal|p2a: Arboliva|70\/100|[from] Grassy Terrain\n|-fieldend|move: Grassy Terrain\n|upkeep\n|turn|16\n|\n|t:|1700778181\n|switch|p2a: Florges|Florges, F|100\/100\n|-damage|p2a: Florges|88\/100|[from] Stealth Rock\n|move|p1a: Horton 229|U-turn|p2a: Florges\n|-resisted|p2a: Florges\n|-damage|p2a: Florges|72\/100\n|\n|t:|1700778184\n|switch|p1a: The Sentinel|Iron Treads|57\/100|[from] U-turn\n|\n|-heal|p1a: The Sentinel|63\/100|[from] item: Leftovers\n|-heal|p2a: Florges|78\/100|[from] item: Leftovers\n|upkeep\n|turn|17\n|\n|t:|1700778190\n|switch|p2a: tornadustherian|Tornadus-Therian, M|100\/100\n|move|p1a: The Sentinel|Iron Head|p2a: tornadustherian\n|-damage|p2a: tornadustherian|63\/100\n|\n|-heal|p1a: The Sentinel|69\/100|[from] item: Leftovers\n|upkeep\n|turn|18\n|\n|t:|1700778199\n|move|p2a: tornadustherian|Heat Wave|p1a: The Sentinel|[miss]\n|-miss|p2a: tornadustherian|p1a: The Sentinel\n|move|p1a: The Sentinel|Knock Off|p2a: tornadustherian\n|-damage|p2a: tornadustherian|34\/100\n|-enditem|p2a: tornadustherian|Heavy-Duty Boots|[from] move: Knock Off|[of] p1a: The Sentinel\n|\n|-heal|p1a: The Sentinel|75\/100|[from] item: Leftovers\n|upkeep\n|turn|19\n|\n|t:|1700778207\n|-end|p1a: The Sentinel|Quark Drive|[silent]\n|switch|p1a: \u0627\u0644\u0641 \u0644\u064a\u0644\u0629 \u0648 \u0644\u064a\u0644\u0629|Hoopa-Unbound|84\/100\n|move|p2a: tornadustherian|U-turn|p1a: \u0627\u0644\u0641 \u0644\u064a\u0644\u0629 \u0648 \u0644\u064a\u0644\u0629\n|-supereffective|p1a: \u0627\u0644\u0641 \u0644\u064a\u0644\u0629 \u0648 \u0644\u064a\u0644\u0629\n|-damage|p1a: \u0627\u0644\u0641 \u0644\u064a\u0644\u0629 \u0648 \u0644\u064a\u0644\u0629|0 fnt\n|faint|p1a: \u0627\u0644\u0641 \u0644\u064a\u0644\u0629 \u0648 \u0644\u064a\u0644\u0629\n|\n|t:|1700778207\n|switch|p2a: Arboliva|Arboliva, M|70\/100|[from] U-turn\n|-damage|p2a: Arboliva|58\/100|[from] Stealth Rock\n|\n|upkeep\n|\n|t:|1700778212\n|switch|p1a: Horton 229|Dragapult, F|64\/100\n|turn|20\n|\n|t:|1700778219\n|switch|p2a: weezinggalar|Weezing-Galar, M|100\/100\n|-ability|p2a: weezinggalar|Neutralizing Gas\n|-damage|p2a: weezinggalar|88\/100|[from] Stealth Rock\n|move|p1a: Horton 229|U-turn|p2a: weezinggalar\n|-resisted|p2a: weezinggalar\n|-damage|p2a: weezinggalar|83\/100\n|\n|t:|1700778224\n|switch|p1a: Storm Approaching|Thundurus, M|100\/100|[from] U-turn\n|\n|-heal|p2a: weezinggalar|89\/100|[from] item: Black Sludge\n|upkeep\n|turn|21\n|\n|t:|1700778234\n|move|p1a: Storm Approaching|Psychic|p2a: weezinggalar\n|-supereffective|p2a: weezinggalar\n|-damage|p2a: weezinggalar|5\/100\n|move|p2a: weezinggalar|Defog|p1a: Storm Approaching\n|-unboost|p1a: Storm Approaching|evasion|1\n|-sideend|p2: Ruffbot|Stealth Rock|[from] move: Defog|[of] p2a: weezinggalar\n|\n|-heal|p2a: weezinggalar|11\/100|[from] item: Black Sludge\n|upkeep\n|turn|22\n|\n|t:|1700778249\n|-end|p2a: weezinggalar|ability: Neutralizing Gas\n|switch|p2a: Florges|Florges, F|78\/100\n|move|p1a: Storm Approaching|Thunderbolt|p2a: Florges\n|-crit|p2a: Florges\n|-damage|p2a: Florges|34\/100\n|\n|-heal|p2a: Florges|40\/100|[from] item: Leftovers\n|upkeep\n|turn|23\n|\n|t:|1700778256\n|move|p1a: Storm Approaching|U-turn|p2a: Florges\n|-resisted|p2a: Florges\n|-damage|p2a: Florges|33\/100\n|\n|t:|1700778257\n|switch|p1a: The Sentinel|Iron Treads|75\/100|[from] U-turn\n|move|p2a: Florges|Synthesis|p2a: Florges\n|-heal|p2a: Florges|83\/100\n|\n|-heal|p1a: The Sentinel|81\/100|[from] item: Leftovers\n|-heal|p2a: Florges|89\/100|[from] item: Leftovers\n|upkeep\n|turn|24\n|\n|t:|1700778261\n|switch|p2a: Zapdos|Zapdos|50\/100\n|move|p1a: The Sentinel|Knock Off|p2a: Zapdos\n|-damage|p2a: Zapdos|33\/100\n|\n|-heal|p1a: The Sentinel|87\/100|[from] item: Leftovers\n|upkeep\n|turn|25\n|\n|t:|1700778268\n|-end|p1a: The Sentinel|Quark Drive|[silent]\n|switch|p1a: Horton 229|Dragapult, F|64\/100\n|move|p2a: Zapdos|Roost|p2a: Zapdos\n|-heal|p2a: Zapdos|83\/100\n|-singleturn|p2a: Zapdos|move: Roost\n|\n|upkeep\n|turn|26\n|\n|t:|1700778273\n|move|p1a: Horton 229|Dragon Darts|p2a: Zapdos\n|-damage|p2a: Zapdos|55\/100\n|-anim|p1a: Horton 229|Dragon Darts|p2a: Zapdos\n|-damage|p2a: Zapdos|25\/100\n|move|p2a: Zapdos|Volt Switch|p1a: Horton 229\n|-resisted|p1a: Horton 229\n|-damage|p1a: Horton 229|46\/100\n|\n|t:|1700778274\n|switch|p2a: weezinggalar|Weezing-Galar, M|11\/100|[from] Volt Switch\n|-ability|p2a: weezinggalar|Neutralizing Gas\n|\n|-heal|p2a: weezinggalar|17\/100|[from] item: Black Sludge\n|upkeep\n|turn|27\n|\n|t:|1700778279\n|switch|p1a: The Sentinel|Iron Treads|87\/100\n|move|p2a: weezinggalar|Pain Split|p1a: The Sentinel\n|-sethp|p1a: The Sentinel|52\/100|[from] move: Pain Split|[silent]\n|-sethp|p2a: weezinggalar|52\/100|[from] move: Pain Split\n|\n|-heal|p1a: The Sentinel|58\/100|[from] item: Leftovers\n|-heal|p2a: weezinggalar|58\/100|[from] item: Black Sludge\n|upkeep\n|turn|28\n|\n|t:|1700778285\n|-end|p2a: weezinggalar|ability: Neutralizing Gas\n|switch|p2a: tornadustherian|Tornadus-Therian, M|67\/100\n|move|p1a: The Sentinel|Iron Head|p2a: tornadustherian\n|-damage|p2a: tornadustherian|31\/100\n|\n|-heal|p1a: The Sentinel|64\/100|[from] item: Leftovers\n|upkeep\n|turn|29\n|\n|t:|1700778293\n|move|p2a: tornadustherian|Heat Wave|p1a: The Sentinel\n|-supereffective|p1a: The Sentinel\n|-damage|p1a: The Sentinel|2\/100\n|move|p1a: The Sentinel|Iron Head|p2a: tornadustherian\n|-crit|p2a: tornadustherian\n|-damage|p2a: tornadustherian|0 fnt\n|faint|p2a: tornadustherian\n|\n|-heal|p1a: The Sentinel|8\/100|[from] item: Leftovers\n|upkeep\n|\n|t:|1700778294\n|switch|p2a: Weavile|Weavile, F|100\/100\n|turn|30\n|\n|t:|1700778299\n|move|p2a: Weavile|Knock Off|p1a: The Sentinel\n|-damage|p1a: The Sentinel|0 fnt\n|-enditem|p1a: The Sentinel|Leftovers|[from] move: Knock Off|[of] p2a: Weavile\n|faint|p1a: The Sentinel\n|-end|p1a: The Sentinel|Quark Drive|[silent]\n|\n|upkeep\n|\n|t:|1700778312\n|switch|p1a: Otterheimer|Samurott-Hisui, M|100\/100\n|turn|31\n|\n|t:|1700778315\n|switch|p2a: Florges|Florges, F|89\/100\n|move|p1a: Otterheimer|Sacred Sword|p2a: Florges\n|-resisted|p2a: Florges\n|-damage|p2a: Florges|71\/100\n|\n|-heal|p2a: Florges|77\/100|[from] item: Leftovers\n|upkeep\n|turn|32\n|\n|t:|1700778319\n|switch|p1a: Storm Approaching|Thundurus, M|100\/100\n|move|p2a: Florges|Moonblast|p1a: Storm Approaching\n|-damage|p1a: Storm Approaching|58\/100\n|-unboost|p1a: Storm Approaching|spa|1\n|\n|-heal|p2a: Florges|83\/100|[from] item: Leftovers\n|upkeep\n|turn|33\n|\n|t:|1700778333\n|move|p1a: Storm Approaching|Thunderbolt|p2a: Florges\n|-damage|p2a: Florges|61\/100\n|move|p2a: Florges|Calm Mind|p2a: Florges\n|-boost|p2a: Florges|spa|1\n|-boost|p2a: Florges|spd|1\n|\n|-heal|p2a: Florges|67\/100|[from] item: Leftovers\n|upkeep\n|turn|34\n|\n|t:|1700778342\n|move|p1a: Storm Approaching|Thunderbolt|p2a: Florges\n|-damage|p2a: Florges|55\/100\n|move|p2a: Florges|Moonblast|p1a: Storm Approaching\n|-damage|p1a: Storm Approaching|0 fnt\n|faint|p1a: Storm Approaching\n|\n|-heal|p2a: Florges|61\/100|[from] item: Leftovers\n|upkeep\n|inactive|Horrific17 has 270 seconds left.\n|\n|t:|1700778373\n|switch|p1a: Horton 229|Dragapult, F|46\/100\n|turn|35\n|\n|t:|1700778375\n|move|p1a: Horton 229|Phantom Force||[still]\n|-prepare|p1a: Horton 229|Phantom Force\n|move|p2a: Florges|Synthesis|p2a: Florges\n|-heal|p2a: Florges|100\/100\n|\n|upkeep\n|turn|36\n|\n|t:|1700778379\n|move|p1a: Horton 229|Phantom Force|p2a: Florges|[from]lockedmove\n|-damage|p2a: Florges|42\/100\n|move|p2a: Florges|Moonblast|p1a: Horton 229\n|-supereffective|p1a: Horton 229\n|-damage|p1a: Horton 229|0 fnt\n|-start|p2a: Florges|Disable|Moonblast|[from] ability: Cursed Body|[of] p1a: Horton 229\n|faint|p1a: Horton 229\n|\n|-heal|p2a: Florges|48\/100|[from] item: Leftovers\n|upkeep\n|\n|t:|1700778383\n|switch|p1a: Otterheimer|Samurott-Hisui, M|100\/100\n|turn|37\n|\n|t:|1700778390\n|switch|p2a: weezinggalar|Weezing-Galar, M|58\/100\n|-ability|p2a: weezinggalar|Neutralizing Gas\n|move|p1a: Otterheimer|Razor Shell|p2a: weezinggalar\n|-damage|p2a: weezinggalar|35\/100\n|\n|-heal|p2a: weezinggalar|41\/100|[from] item: Black Sludge\n|upkeep\n|turn|38\n|\n|t:|1700778395\n|-terastallize|p1a: Otterheimer|Fire\n|move|p1a: Otterheimer|Razor Shell|p2a: weezinggalar\n|-damage|p2a: weezinggalar|16\/100\n|-unboost|p2a: weezinggalar|def|1\n|move|p2a: weezinggalar|Pain Split|p1a: Otterheimer\n|-sethp|p1a: Otterheimer|59\/100|[from] move: Pain Split|[silent]\n|-sethp|p2a: weezinggalar|56\/100|[from] move: Pain Split\n|\n|-heal|p2a: weezinggalar|62\/100|[from] item: Black Sludge\n|upkeep\n|turn|39\n|\n|t:|1700778401\n|move|p1a: Otterheimer|Razor Shell|p2a: weezinggalar\n|-damage|p2a: weezinggalar|23\/100\n|move|p2a: weezinggalar|Pain Split|p1a: Otterheimer\n|-sethp|p1a: Otterheimer|41\/100|[from] move: Pain Split|[silent]\n|-sethp|p2a: weezinggalar|40\/100|[from] move: Pain Split\n|\n|-heal|p2a: weezinggalar|46\/100|[from] item: Black Sludge\n|upkeep\n|turn|40\n|\n|t:|1700778404\n|move|p1a: Otterheimer|Razor Shell|p2a: weezinggalar|[miss]\n|-miss|p1a: Otterheimer|p2a: weezinggalar\n|move|p2a: weezinggalar|Pain Split|p1a: Otterheimer\n|-sethp|p1a: Otterheimer|44\/100|[from] move: Pain Split|[silent]\n|-sethp|p2a: weezinggalar|43\/100|[from] move: Pain Split\n|\n|-heal|p2a: weezinggalar|49\/100|[from] item: Black Sludge\n|upkeep\n|turn|41\n|\n|t:|1700778406\n|move|p1a: Otterheimer|Razor Shell|p2a: weezinggalar\n|-damage|p2a: weezinggalar|10\/100\n|-unboost|p2a: weezinggalar|def|1\n|move|p2a: weezinggalar|Pain Split|p1a: Otterheimer\n|-sethp|p1a: Otterheimer|27\/100|[from] move: Pain Split|[silent]\n|-sethp|p2a: weezinggalar|26\/100|[from] move: Pain Split\n|\n|-heal|p2a: weezinggalar|32\/100|[from] item: Black Sludge\n|upkeep\n|turn|42\n|\n|t:|1700778409\n|-end|p2a: weezinggalar|ability: Neutralizing Gas\n|switch|p2a: Arboliva|Arboliva, M|58\/100\n|move|p1a: Otterheimer|Razor Shell|p2a: Arboliva\n|-resisted|p2a: Arboliva\n|-damage|p2a: Arboliva|30\/100\n|-unboost|p2a: Arboliva|def|1\n|-fieldstart|move: Grassy Terrain|[from] ability: Seed Sower|[of] p2a: Arboliva\n|\n|-heal|p1a: Otterheimer|34\/100|[from] Grassy Terrain\n|-heal|p2a: Arboliva|36\/100|[from] Grassy Terrain\n|upkeep\n|turn|43\n|\n|t:|1700778412\n|switch|p2a: Weavile|Weavile, F|100\/100\n|move|p1a: Otterheimer|Razor Shell|p2a: Weavile\n|-damage|p2a: Weavile|0 fnt\n|faint|p2a: Weavile\n|\n|-heal|p1a: Otterheimer|40\/100|[from] Grassy Terrain\n|upkeep\n|\n|t:|1700778413\n|switch|p2a: Arboliva|Arboliva, M|36\/100\n|turn|44\n|\n|t:|1700778415\n|move|p1a: Otterheimer|Razor Shell|p2a: Arboliva|[miss]\n|-miss|p1a: Otterheimer|p2a: Arboliva\n|move|p2a: Arboliva|Strength Sap|p1a: Otterheimer\n|-unboost|p1a: Otterheimer|atk|1\n|-heal|p2a: Arboliva|100\/100\n|\n|-heal|p1a: Otterheimer|46\/100|[from] Grassy Terrain\n|upkeep\n|turn|45\n|\n|t:|1700778421\n|move|p1a: Otterheimer|Razor Shell|p2a: Arboliva\n|-resisted|p2a: Arboliva\n|-damage|p2a: Arboliva|82\/100\n|move|p2a: Arboliva|Giga Drain|p1a: Otterheimer\n|-resisted|p1a: Otterheimer\n|-crit|p1a: Otterheimer\n|-damage|p1a: Otterheimer|3\/100\n|-heal|p2a: Arboliva|100\/100|[from] drain|[of] p1a: Otterheimer\n|\n|-heal|p1a: Otterheimer|9\/100|[from] Grassy Terrain\n|upkeep\n|turn|46\n|\n|t:|1700778425\n|move|p1a: Otterheimer|Razor Shell|p2a: Arboliva\n|-resisted|p2a: Arboliva\n|-damage|p2a: Arboliva|81\/100\n|move|p2a: Arboliva|Giga Drain|p1a: Otterheimer\n|-resisted|p1a: Otterheimer\n|-damage|p1a: Otterheimer|0 fnt\n|-heal|p2a: Arboliva|85\/100|[from] drain|[of] p1a: Otterheimer\n|faint|p1a: Otterheimer\n|\n|win|Ruffbot\n|c|\u2606Ruffbot|gg\n|l|\u2606Horrific17\n|l|\u2606Ruffbot\n","uploadtime":1700778431,"views":16,"p1id":"horrific17","p2id":"ruffbot","formatid":"gen9ou","rating":0,"private":0,"password":""}