{"id":"gen9ou-1997649934","p1":"VanhominTest","p2":"Piramat","format":"[Gen 9] OU","log":"|j|\u2606VanhominTest\n|j|\u2606Piramat\n|t:|1700837518\n|gametype|singles\n|player|p1|VanhominTest|scientist-gen4|1315\n|player|p2|Piramat|teamrocket|1340\n|teamsize|p1|6\n|teamsize|p2|6\n|gen|9\n|tier|[Gen 9] OU\n|rated|\n|rule|Sleep Clause Mod: Limit one foe put to sleep\n|rule|Species Clause: Limit one of each Pok\u00e9mon\n|rule|OHKO Clause: OHKO moves are banned\n|rule|Evasion Items Clause: Evasion items are banned\n|rule|Evasion Moves Clause: Evasion moves are banned\n|rule|Endless Battle Clause: Forcing endless battles is banned\n|rule|HP Percentage Mod: HP is shown in percentages\n|clearpoke\n|poke|p1|Ditto|\n|poke|p1|Ninetales-Alola, M|\n|poke|p1|Garganacl, F|\n|poke|p1|Ursaluna, M|\n|poke|p1|Enamorus, F|\n|poke|p1|Corviknight, M|\n|poke|p2|Regidrago|\n|poke|p2|Cinderace, F|\n|poke|p2|Ribombee, M|\n|poke|p2|Garganacl, F|\n|poke|p2|Kingambit, M|\n|poke|p2|Dragonite, M|\n|teampreview\n|inactive|Battle timer is ON: inactive players will automatically lose when time's up. (requested by VanhominTest)\n|\n|t:|1700837538\n|start\n|switch|p1a: Catalyst|Garganacl, F|100\/100\n|switch|p2a: Cinderace|Cinderace, F|100\/100\n|turn|1\n|\n|t:|1700837547\n|move|p2a: Cinderace|U-turn|p1a: Catalyst\n|-damage|p1a: Catalyst|88\/100\n|\n|t:|1700837550\n|switch|p2a: Ribombee|Ribombee, M|100\/100|[from] U-turn\n|move|p1a: Catalyst|Salt Cure|p2a: Ribombee\n|-supereffective|p2a: Ribombee\n|-damage|p2a: Ribombee|47\/100\n|\n|-heal|p1a: Catalyst|95\/100|[from] item: Leftovers\n|upkeep\n|turn|2\n|\n|t:|1700837566\n|move|p2a: Ribombee|Sticky Web|p1a: Catalyst\n|-sidestart|p1: VanhominTest|move: Sticky Web\n|move|p1a: Catalyst|Salt Cure|p2a: Ribombee\n|-supereffective|p2a: Ribombee\n|-damage|p2a: Ribombee|0 fnt\n|faint|p2a: Ribombee\n|\n|-heal|p1a: Catalyst|100\/100|[from] item: Leftovers\n|upkeep\n|\n|t:|1700837576\n|switch|p2a: Garganacl|Garganacl, F|100\/100\n|turn|3\n|\n|t:|1700837582\n|move|p2a: Garganacl|Iron Defense|p2a: Garganacl\n|-boost|p2a: Garganacl|def|2\n|move|p1a: Catalyst|Curse|p1a: Catalyst\n|-unboost|p1a: Catalyst|spe|1\n|-boost|p1a: Catalyst|atk|1\n|-boost|p1a: Catalyst|def|1\n|\n|upkeep\n|turn|4\n|\n|t:|1700837594\n|move|p2a: Garganacl|Iron Defense|p2a: Garganacl\n|-boost|p2a: Garganacl|def|2\n|move|p1a: Catalyst|Curse|p1a: Catalyst\n|-unboost|p1a: Catalyst|spe|1\n|-boost|p1a: Catalyst|atk|1\n|-boost|p1a: Catalyst|def|1\n|\n|upkeep\n|turn|5\n|\n|t:|1700837602\n|-terastallize|p2a: Garganacl|Ghost\n|move|p2a: Garganacl|Body Press|p1a: Catalyst\n|-supereffective|p1a: Catalyst\n|-damage|p1a: Catalyst|52\/100\n|move|p1a: Catalyst|Curse|p1a: Catalyst\n|-unboost|p1a: Catalyst|spe|1\n|-boost|p1a: Catalyst|atk|1\n|-boost|p1a: Catalyst|def|1\n|\n|-heal|p1a: Catalyst|58\/100|[from] item: Leftovers\n|upkeep\n|turn|6\n|\n|t:|1700837616\n|-terastallize|p1a: Catalyst|Ghost\n|move|p2a: Garganacl|Salt Cure|p1a: Catalyst\n|-damage|p1a: Catalyst|54\/100\n|-start|p1a: Catalyst|Salt Cure\n|move|p1a: Catalyst|Recover|p1a: Catalyst\n|-heal|p1a: Catalyst|100\/100\n|\n|-damage|p1a: Catalyst|88\/100|[from] Salt Cure\n|upkeep\n|turn|7\n|\n|t:|1700837627\n|move|p2a: Garganacl|Iron Defense|p2a: Garganacl\n|-boost|p2a: Garganacl|def|2\n|move|p1a: Catalyst|Curse|p2a: Garganacl\n|-start|p2a: Garganacl|Curse|[of] p1a: Catalyst\n|-damage|p1a: Catalyst|38\/100\n|\n|-heal|p1a: Catalyst|44\/100|[from] item: Leftovers\n|-damage|p2a: Garganacl|75\/100|[from] Curse\n|-damage|p1a: Catalyst|32\/100|[from] Salt Cure\n|upkeep\n|turn|8\n|\n|t:|1700837638\n|move|p2a: Garganacl|Salt Cure|p1a: Catalyst\n|-damage|p1a: Catalyst|28\/100\n|move|p1a: Catalyst|Recover|p1a: Catalyst\n|-heal|p1a: Catalyst|78\/100\n|\n|-heal|p1a: Catalyst|84\/100|[from] item: Leftovers\n|-damage|p2a: Garganacl|50\/100|[from] Curse\n|-damage|p1a: Catalyst|72\/100|[from] Salt Cure\n|upkeep\n|turn|9\n|\n|t:|1700837649\n|move|p2a: Garganacl|Recover|p2a: Garganacl\n|-heal|p2a: Garganacl|100\/100\n|move|p1a: Catalyst|Recover|p1a: Catalyst\n|-heal|p1a: Catalyst|100\/100\n|\n|-damage|p2a: Garganacl|75\/100|[from] Curse\n|-damage|p1a: Catalyst|88\/100|[from] Salt Cure\n|upkeep\n|turn|10\n|\n|t:|1700837667\n|move|p2a: Garganacl|Recover|p2a: Garganacl\n|-heal|p2a: Garganacl|100\/100\n|move|p1a: Catalyst|Salt Cure|p2a: Garganacl\n|-damage|p2a: Garganacl|94\/100\n|-start|p2a: Garganacl|Salt Cure\n|\n|-heal|p1a: Catalyst|94\/100|[from] item: Leftovers\n|-damage|p2a: Garganacl|69\/100|[from] Curse\n|-damage|p2a: Garganacl|57\/100|[from] Salt Cure\n|-damage|p1a: Catalyst|82\/100|[from] Salt Cure\n|upkeep\n|turn|11\n|\n|t:|1700837685\n|switch|p2a: Regidrago|Regidrago|100\/100\n|move|p1a: Catalyst|Salt Cure|p2a: Regidrago\n|-damage|p2a: Regidrago|64\/100\n|-start|p2a: Regidrago|Salt Cure\n|\n|-heal|p1a: Catalyst|88\/100|[from] item: Leftovers\n|-damage|p2a: Regidrago|52\/100|[from] Salt Cure\n|-damage|p1a: Catalyst|76\/100|[from] Salt Cure\n|upkeep\n|turn|12\n|-message|Piramat forfeited.\n|\n|win|VanhominTest\n|raw|VanhominTest's rating: 1315 &rarr; <strong>1336<\/strong><br \/>(+21 for winning)\n|raw|Piramat's rating: 1340 &rarr; <strong>1319<\/strong><br \/>(-21 for losing)\n|l|\u2606Piramat\n","uploadtime":1700837704,"views":2,"p1id":"vanhomintest","p2id":"piramat","formatid":"gen9ou","rating":1319,"private":0,"password":""}