{"id":"gen9ou-1989858510","p1":"TrueSkyKing","p2":"Light azul","format":"[Gen 9] OU","log":"|j|\u2606TrueSkyKing\n|j|\u2606Light azul\n|t:|1699901628\n|gametype|singles\n|player|p1|TrueSkyKing|nate|1059\n|player|p2|Light azul|265|1053\n|teamsize|p1|6\n|teamsize|p2|6\n|gen|9\n|tier|[Gen 9] OU\n|rated|\n|rule|Sleep Clause Mod: Limit one foe put to sleep\n|rule|Species Clause: Limit one of each Pok\u00e9mon\n|rule|OHKO Clause: OHKO moves are banned\n|rule|Evasion Items Clause: Evasion items are banned\n|rule|Evasion Moves Clause: Evasion moves are banned\n|rule|Endless Battle Clause: Forcing endless battles is banned\n|rule|HP Percentage Mod: HP is shown in percentages\n|clearpoke\n|poke|p1|Weezing-Galar, M|\n|poke|p1|Dragapult, F|\n|poke|p1|Enamorus-Therian, F|\n|poke|p1|Alomomola, F|\n|poke|p1|Glimmora, M|\n|poke|p1|Quaquaval, F|\n|poke|p2|Glimmora, F|\n|poke|p2|Armarouge, M|\n|poke|p2|Garganacl, F|\n|poke|p2|Skeledirge, M|\n|poke|p2|Tinkaton, F|\n|poke|p2|Ogerpon, F|\n|teampreview\n|inactive|Battle timer is ON: inactive players will automatically lose when time's up. (requested by TrueSkyKing)\n|\n|t:|1699901641\n|start\n|switch|p1a: Delicate Steve|Weezing-Galar, M|100\/100\n|switch|p2a: Glimi|Glimmora, F, shiny|100\/100\n|-ability|p1a: Delicate Steve|Neutralizing Gas\n|turn|1\n|\n|t:|1699901647\n|move|p2a: Glimi|Stealth Rock|p1a: Delicate Steve\n|-sidestart|p1: TrueSkyKing|move: Stealth Rock\n|move|p1a: Delicate Steve|Will-O-Wisp|p2a: Glimi\n|-status|p2a: Glimi|brn\n|\n|-damage|p2a: Glimi|94\/100 brn|[from] brn\n|upkeep\n|turn|2\n|\n|t:|1699901654\n|move|p2a: Glimi|Toxic Spikes|p1a: Delicate Steve\n|-sidestart|p1: TrueSkyKing|move: Toxic Spikes\n|move|p1a: Delicate Steve|Gunk Shot|p2a: Glimi\n|-resisted|p2a: Glimi\n|-damage|p2a: Glimi|88\/100 brn\n|\n|-damage|p2a: Glimi|82\/100 brn|[from] brn\n|upkeep\n|turn|3\n|\n|t:|1699901665\n|-end|p1a: Delicate Steve|ability: Neutralizing Gas\n|switch|p1a: Cutting Crew|Glimmora, M|100\/100\n|-damage|p1a: Cutting Crew|88\/100|[from] Stealth Rock\n|-sideend|p1: TrueSkyKing|move: Toxic Spikes|[of] p1a: Cutting Crew\n|move|p2a: Glimi|Toxic Spikes|p1a: Cutting Crew\n|-sidestart|p1: TrueSkyKing|move: Toxic Spikes\n|\n|-damage|p2a: Glimi|75\/100 brn|[from] brn\n|upkeep\n|turn|4\n|\n|t:|1699901675\n|move|p1a: Cutting Crew|Earth Power|p2a: Glimi\n|-supereffective|p2a: Glimi\n|-damage|p2a: Glimi|0 fnt\n|faint|p2a: Glimi\n|\n|upkeep\n|\n|t:|1699901685\n|switch|p2a: Tinkaton|Tinkaton, F, shiny|100\/100\n|-item|p2a: Tinkaton|Air Balloon\n|turn|5\n|\n|t:|1699901691\n|switch|p1a: Delicate Steve|Weezing-Galar, M|100\/100\n|-ability|p1a: Delicate Steve|Neutralizing Gas\n|-damage|p1a: Delicate Steve|88\/100|[from] Stealth Rock\n|-sideend|p1: TrueSkyKing|move: Toxic Spikes|[of] p1a: Delicate Steve\n|move|p2a: Tinkaton|Gigaton Hammer|p1a: Delicate Steve\n|-supereffective|p1a: Delicate Steve\n|-damage|p1a: Delicate Steve|0 fnt\n|faint|p1a: Delicate Steve\n|-end|p1a: Delicate Steve|ability: Neutralizing Gas\n|\n|upkeep\n|\n|t:|1699901699\n|switch|p1a: Cutting Crew|Glimmora, M|88\/100\n|-damage|p1a: Cutting Crew|76\/100|[from] Stealth Rock\n|turn|6\n|\n|t:|1699901706\n|move|p1a: Cutting Crew|Earth Power|p2a: Tinkaton\n|-immune|p2a: Tinkaton\n|move|p2a: Tinkaton|Play Rough|p1a: Cutting Crew\n|-resisted|p1a: Cutting Crew\n|-damage|p1a: Cutting Crew|55\/100\n|-unboost|p1a: Cutting Crew|atk|1\n|-activate|p1a: Cutting Crew|ability: Toxic Debris\n|-sidestart|p2: Light azul|move: Toxic Spikes\n|\n|upkeep\n|turn|7\n|\n|t:|1699901718\n|switch|p1a: Suzanne|Alomomola, F|100\/100\n|-damage|p1a: Suzanne|88\/100|[from] Stealth Rock\n|move|p2a: Tinkaton|Gigaton Hammer|p1a: Suzanne\n|-resisted|p1a: Suzanne\n|-damage|p1a: Suzanne|63\/100\n|-enditem|p1a: Suzanne|Red Card|[of] p2a: Tinkaton\n|drag|p2a: Skeledirge|Skeledirge, M, shiny|100\/100\n|-status|p2a: Skeledirge|psn\n|\n|-damage|p2a: Skeledirge|88\/100 psn|[from] psn\n|upkeep\n|turn|8\n|\n|t:|1699901733\n|switch|p2a: Garganacl|Garganacl, F|100\/100\n|-status|p2a: Garganacl|psn\n|move|p1a: Suzanne|Scald|p2a: Garganacl\n|-supereffective|p2a: Garganacl\n|-damage|p2a: Garganacl|76\/100 psn\n|\n|-damage|p2a: Garganacl|64\/100 psn|[from] psn\n|upkeep\n|turn|9\n|\n|t:|1699901748\n|move|p1a: Suzanne|Flip Turn|p2a: Garganacl\n|-supereffective|p2a: Garganacl\n|-damage|p2a: Garganacl|28\/100 psn\n|\n|t:|1699901760\n|switch|p1a: Cutting Crew|Glimmora, M|55\/100|[from] Flip Turn\n|-damage|p1a: Cutting Crew|43\/100|[from] Stealth Rock\n|move|p2a: Garganacl|Salt Cure|p1a: Cutting Crew\n|-damage|p1a: Cutting Crew|27\/100\n|-start|p1a: Cutting Crew|Salt Cure\n|-activate|p1a: Cutting Crew|ability: Toxic Debris\n|-sidestart|p2: Light azul|move: Toxic Spikes\n|\n|-damage|p2a: Garganacl|15\/100 psn|[from] psn\n|-damage|p1a: Cutting Crew|15\/100|[from] Salt Cure\n|upkeep\n|turn|10\n|\n|t:|1699901773\n|move|p1a: Cutting Crew|Earth Power|p2a: Garganacl\n|-supereffective|p2a: Garganacl\n|-damage|p2a: Garganacl|0 fnt\n|faint|p2a: Garganacl\n|\n|-damage|p1a: Cutting Crew|2\/100|[from] Salt Cure\n|upkeep\n|\n|t:|1699901781\n|switch|p2a: Tinkaton|Tinkaton, F, shiny|100\/100\n|-item|p2a: Tinkaton|Air Balloon\n|turn|11\n|\n|t:|1699901789\n|move|p1a: Cutting Crew|Spikes|p2a: Tinkaton\n|-sidestart|p2: Light azul|Spikes\n|move|p2a: Tinkaton|Knock Off|p1a: Cutting Crew\n|-damage|p1a: Cutting Crew|0 fnt\n|-enditem|p1a: Cutting Crew|Focus Sash|[from] move: Knock Off|[of] p2a: Tinkaton\n|faint|p1a: Cutting Crew\n|\n|upkeep\n|\n|t:|1699901801\n|switch|p1a: Suzanne|Alomomola, F|96\/100\n|-damage|p1a: Suzanne|84\/100|[from] Stealth Rock\n|turn|12\n|\n|t:|1699901813\n|move|p2a: Tinkaton|Draining Kiss|p1a: Suzanne\n|-damage|p1a: Suzanne|69\/100\n|move|p1a: Suzanne|Scald|p2a: Tinkaton\n|-damage|p2a: Tinkaton|86\/100\n|-enditem|p2a: Tinkaton|Air Balloon\n|\n|upkeep\n|turn|13\n|\n|t:|1699901822\n|switch|p2a: Ogerpon|Ogerpon, F|100\/100\n|-status|p2a: Ogerpon|tox\n|-damage|p2a: Ogerpon|88\/100 tox|[from] Spikes\n|move|p1a: Suzanne|Icy Wind|p2a: Ogerpon\n|-supereffective|p2a: Ogerpon\n|-damage|p2a: Ogerpon|74\/100 tox\n|-unboost|p2a: Ogerpon|spe|1\n|-ability|p2a: Ogerpon|Defiant|boost\n|-boost|p2a: Ogerpon|atk|2\n|\n|-damage|p2a: Ogerpon|68\/100 tox|[from] psn\n|upkeep\n|turn|14\n|\n|t:|1699901846\n|-terastallize|p2a: Ogerpon|Grass\n|detailschange|p2a: Ogerpon|Ogerpon-Teal-Tera, F, tera:Grass\n|-ability|p2a: Ogerpon|Embody Aspect (Teal)|boost\n|-boost|p2a: Ogerpon|spe|1\n|move|p2a: Ogerpon|Horn Leech|p1a: Suzanne\n|-supereffective|p1a: Suzanne\n|-damage|p1a: Suzanne|0 fnt\n|-heal|p2a: Ogerpon|100\/100 tox|[from] drain|[of] p1a: Suzanne\n|faint|p1a: Suzanne\n|\n|-damage|p2a: Ogerpon|89\/100 tox|[from] psn\n|upkeep\n|\n|t:|1699901857\n|switch|p1a: Maria Maria|Quaquaval, F|100\/100\n|-damage|p1a: Maria Maria|94\/100|[from] Stealth Rock\n|turn|15\n|\n|t:|1699901863\n|-terastallize|p1a: Maria Maria|Water\n|move|p1a: Maria Maria|Brave Bird|p2a: Ogerpon\n|-supereffective|p2a: Ogerpon\n|-damage|p2a: Ogerpon|0 fnt\n|faint|p2a: Ogerpon\n|-ability|p1a: Maria Maria|Moxie|boost\n|-boost|p1a: Maria Maria|atk|1\n|-damage|p1a: Maria Maria|66\/100|[from] Recoil\n|\n|upkeep\n|\n|t:|1699901877\n|switch|p2a: Tinkaton|Tinkaton, F, shiny|86\/100\n|-damage|p2a: Tinkaton|74\/100|[from] Spikes\n|turn|16\n|\n|t:|1699901883\n|switch|p1a: Earth Angel|Enamorus-Therian, F|100\/100\n|-damage|p1a: Earth Angel|76\/100|[from] Stealth Rock\n|move|p2a: Tinkaton|Draining Kiss|p1a: Earth Angel\n|-damage|p1a: Earth Angel|65\/100\n|-heal|p2a: Tinkaton|82\/100|[from] drain|[of] p1a: Earth Angel\n|\n|-heal|p1a: Earth Angel|71\/100|[from] item: Leftovers\n|upkeep\n|turn|17\n|\n|t:|1699901892\n|move|p2a: Tinkaton|Gigaton Hammer|p1a: Earth Angel\n|-supereffective|p1a: Earth Angel\n|-damage|p1a: Earth Angel|0 fnt\n|faint|p1a: Earth Angel\n|\n|upkeep\n|\n|t:|1699901900\n|switch|p1a: Reebok|Dragapult, F|100\/100\n|-damage|p1a: Reebok|88\/100|[from] Stealth Rock\n|turn|18\n|\n|t:|1699901905\n|move|p1a: Reebok|Flamethrower|p2a: Tinkaton\n|-supereffective|p2a: Tinkaton\n|-damage|p2a: Tinkaton|2\/100\n|move|p2a: Tinkaton|Draining Kiss|p1a: Reebok\n|-supereffective|p1a: Reebok\n|-damage|p1a: Reebok|55\/100\n|-heal|p2a: Tinkaton|27\/100|[from] drain|[of] p1a: Reebok\n|\n|upkeep\n|turn|19\n|\n|t:|1699901914\n|move|p1a: Reebok|Flamethrower|p2a: Tinkaton\n|-supereffective|p2a: Tinkaton\n|-damage|p2a: Tinkaton|0 fnt\n|faint|p2a: Tinkaton\n|\n|upkeep\n|\n|t:|1699901925\n|switch|p2a: Skeledirge|Skeledirge, M, shiny|88\/100 psn\n|-damage|p2a: Skeledirge|76\/100 psn|[from] Spikes\n|turn|20\n|\n|t:|1699901930\n|move|p1a: Reebok|Flamethrower|p2a: Skeledirge\n|-resisted|p2a: Skeledirge\n|-damage|p2a: Skeledirge|52\/100 psn\n|move|p2a: Skeledirge|Torch Song|p1a: Reebok\n|-resisted|p1a: Reebok\n|-damage|p1a: Reebok|32\/100\n|-boost|p2a: Skeledirge|spa|1\n|\n|-damage|p2a: Skeledirge|39\/100 psn|[from] psn\n|upkeep\n|turn|21\n|\n|t:|1699901940\n|move|p1a: Reebok|Flamethrower|p2a: Skeledirge\n|-resisted|p2a: Skeledirge\n|-damage|p2a: Skeledirge|16\/100 psn\n|move|p2a: Skeledirge|Torch Song|p1a: Reebok\n|-resisted|p1a: Reebok\n|-damage|p1a: Reebok|0 fnt\n|-boost|p2a: Skeledirge|spa|1\n|faint|p1a: Reebok\n|\n|-damage|p2a: Skeledirge|3\/100 psn|[from] psn\n|upkeep\n|\n|t:|1699901943\n|switch|p1a: Maria Maria|Quaquaval, F, tera:Water|66\/100\n|-damage|p1a: Maria Maria|54\/100|[from] Stealth Rock\n|turn|22\n|\n|t:|1699901952\n|move|p1a: Maria Maria|Wave Crash|p2a: Skeledirge\n|-supereffective|p2a: Skeledirge\n|-damage|p2a: Skeledirge|0 fnt\n|faint|p2a: Skeledirge\n|-ability|p1a: Maria Maria|Moxie|boost\n|-boost|p1a: Maria Maria|atk|1\n|-damage|p1a: Maria Maria|53\/100|[from] Recoil\n|\n|upkeep\n|\n|t:|1699901960\n|switch|p2a: Armarouge|Armarouge, M, shiny|100\/100\n|-status|p2a: Armarouge|tox\n|-damage|p2a: Armarouge|88\/100 tox|[from] Spikes\n|turn|23\n|\n|t:|1699901970\n|move|p1a: Maria Maria|Wave Crash|p2a: Armarouge\n|-supereffective|p2a: Armarouge\n|-damage|p2a: Armarouge|0 fnt\n|faint|p2a: Armarouge\n|-damage|p1a: Maria Maria|24\/100|[from] Recoil\n|\n|win|TrueSkyKing\n|raw|TrueSkyKing's rating: 1059 &rarr; <strong>1090<\/strong><br \/>(+31 for winning)\n|raw|Light azul's rating: 1053 &rarr; <strong>1035<\/strong><br \/>(-18 for losing)\n|l|\u2606Light azul\n","uploadtime":1699901978,"views":11,"p1id":"trueskyking","p2id":"lightazul","formatid":"gen9ou","rating":1035,"private":0,"password":""}