{"id":"gen9ou-1993477297","p1":"Carter_eiro","p2":"CherryzardX","format":"[Gen 9] OU","log":"|j|\u2606Carter_eiro\n|j|\u2606CherryzardX\n|t:|1700322639\n|gametype|singles\n|player|p1|Carter_eiro|n|1156\n|player|p2|CherryzardX|doubleteam|1196\n|teamsize|p1|6\n|teamsize|p2|6\n|gen|9\n|tier|[Gen 9] OU\n|rated|\n|rule|Sleep Clause Mod: Limit one foe put to sleep\n|rule|Species Clause: Limit one of each Pok\u00e9mon\n|rule|OHKO Clause: OHKO moves are banned\n|rule|Evasion Items Clause: Evasion items are banned\n|rule|Evasion Moves Clause: Evasion moves are banned\n|rule|Endless Battle Clause: Forcing endless battles is banned\n|rule|HP Percentage Mod: HP is shown in percentages\n|clearpoke\n|poke|p1|Garchomp, F|\n|poke|p1|Ribombee, F|\n|poke|p1|Gholdengo|\n|poke|p1|Manaphy|\n|poke|p1|Great Tusk|\n|poke|p1|Iron Moth|\n|poke|p2|Maushold|\n|poke|p2|Samurott-Hisui, M|\n|poke|p2|Kingambit, F|\n|poke|p2|Garganacl, F|\n|poke|p2|Amoonguss, M|\n|poke|p2|Weavile, F|\n|teampreview\n|inactive|Battle timer is ON: inactive players will automatically lose when time's up. (requested by CherryzardX)\n|\n|t:|1700322647\n|start\n|switch|p1a: Ribombee|Ribombee, F|100\/100\n|switch|p2a: Maushold|Maushold|100\/100\n|turn|1\n|\n|t:|1700322664\n|move|p1a: Ribombee|Sticky Web|p2a: Maushold\n|-sidestart|p2: CherryzardX|move: Sticky Web\n|move|p2a: Maushold|Population Bomb|p1a: Ribombee\n|-damage|p1a: Ribombee|79\/100\n|-damage|p1a: Ribombee|55\/100\n|-damage|p1a: Ribombee|34\/100\n|-damage|p1a: Ribombee|12\/100\n|-damage|p1a: Ribombee|0 fnt\n|faint|p1a: Ribombee\n|-hitcount|p1: Ribombee|5\n|\n|upkeep\n|\n|t:|1700322677\n|switch|p1a: Great Tusk|Great Tusk|100\/100\n|turn|2\n|\n|t:|1700322698\n|move|p2a: Maushold|Tidy Up|p2a: Maushold\n|-sideend|p2: CherryzardX|Sticky Web\n|-activate|p2a: Maushold|move: Tidy Up\n|-boost|p2a: Maushold|atk|1\n|-boost|p2a: Maushold|spe|1\n|move|p1a: Great Tusk|Headlong Rush|p2a: Maushold\n|-damage|p2a: Maushold|2\/100\n|-unboost|p1a: Great Tusk|def|1\n|-unboost|p1a: Great Tusk|spd|1\n|\n|upkeep\n|turn|3\n|\n|t:|1700322717\n|-end|p1a: Great Tusk|Protosynthesis|[silent]\n|switch|p1a: Garchomp|Garchomp, F|100\/100\n|move|p2a: Maushold|Population Bomb|p1a: Garchomp\n|-damage|p1a: Garchomp|83\/100\n|-damage|p2a: Maushold|0 fnt|[from] ability: Rough Skin|[of] p1a: Garchomp\n|faint|p2a: Maushold\n|-hitcount|p1a: Garchomp|1\n|\n|upkeep\n|\n|t:|1700322725\n|switch|p2a: Weavile|Weavile, F|100\/100\n|-ability|p2a: Weavile|Pressure\n|turn|4\n|\n|t:|1700322732\n|move|p2a: Weavile|Knock Off|p1a: Garchomp\n|-damage|p1a: Garchomp|33\/100\n|-damage|p2a: Weavile|88\/100|[from] ability: Rough Skin|[of] p1a: Garchomp\n|-enditem|p1a: Garchomp|Loaded Dice|[from] move: Knock Off|[of] p2a: Weavile\n|move|p1a: Garchomp|Earthquake|p2a: Weavile\n|-damage|p2a: Weavile|0 fnt\n|faint|p2a: Weavile\n|\n|upkeep\n|\n|t:|1700322747\n|switch|p2a: Samurott|Samurott-Hisui, M, shiny|100\/100\n|turn|5\n|\n|t:|1700322753\n|move|p1a: Garchomp|Earthquake|p2a: Samurott\n|-damage|p2a: Samurott|44\/100\n|move|p2a: Samurott|Aqua Cutter|p1a: Garchomp\n|-damage|p1a: Garchomp|0 fnt\n|faint|p1a: Garchomp\n|\n|upkeep\n|\n|t:|1700322763\n|switch|p1a: Manaphy|Manaphy|100\/100\n|turn|6\n|\n|t:|1700322769\n|move|p1a: Manaphy|Energy Ball|p2a: Samurott\n|-supereffective|p2a: Samurott\n|-damage|p2a: Samurott|0 fnt\n|faint|p2a: Samurott\n|\n|upkeep\n|\n|t:|1700322773\n|switch|p2a: Amoonguss|Amoonguss, M, shiny|100\/100\n|turn|7\n|\n|t:|1700322791\n|switch|p1a: Gholdengo|Gholdengo|100\/100\n|-item|p1a: Gholdengo|Air Balloon\n|move|p2a: Amoonguss|Spore|p1a: Gholdengo\n|-immune|p1a: Gholdengo|[from] ability: Good as Gold\n|\n|upkeep\n|turn|8\n|\n|t:|1700322800\n|move|p1a: Gholdengo|Nasty Plot|p1a: Gholdengo\n|-boost|p1a: Gholdengo|spa|2\n|move|p2a: Amoonguss|Foul Play|p1a: Gholdengo\n|-supereffective|p1a: Gholdengo\n|-damage|p1a: Gholdengo|78\/100\n|-enditem|p1a: Gholdengo|Air Balloon\n|\n|upkeep\n|turn|9\n|\n|t:|1700322810\n|switch|p2a: Kingambit|Kingambit, F|100\/100\n|-activate|p2a: Kingambit|ability: Supreme Overlord\n|-start|p2a: Kingambit|fallen3|[silent]\n|move|p1a: Gholdengo|Make It Rain|p2a: Kingambit\n|-resisted|p2a: Kingambit\n|-damage|p2a: Kingambit|25\/100\n|-unboost|p1a: Gholdengo|spa|1\n|\n|-heal|p2a: Kingambit|31\/100|[from] item: Leftovers\n|upkeep\n|turn|10\n|\n|t:|1700322835\n|switch|p1a: Great Tusk|Great Tusk|100\/100\n|move|p2a: Kingambit|Sucker Punch||[still]\n|-fail|p2a: Kingambit\n|\n|-heal|p2a: Kingambit|37\/100|[from] item: Leftovers\n|upkeep\n|turn|11\n|\n|t:|1700322844\n|-end|p2a: Kingambit|fallen3|[silent]\n|switch|p2a: Amoonguss|Amoonguss, M, shiny|100\/100\n|move|p1a: Great Tusk|Headlong Rush|p2a: Amoonguss\n|-damage|p2a: Amoonguss|52\/100\n|-unboost|p1a: Great Tusk|def|1\n|-unboost|p1a: Great Tusk|spd|1\n|-enditem|p2a: Amoonguss|Red Card|[of] p1a: Great Tusk\n|-end|p1a: Great Tusk|Protosynthesis|[silent]\n|drag|p1a: Manaphy|Manaphy|100\/100\n|\n|upkeep\n|turn|12\n|\n|t:|1700322861\n|move|p1a: Manaphy|Ice Beam|p2a: Amoonguss\n|-supereffective|p2a: Amoonguss\n|-damage|p2a: Amoonguss|2\/100\n|move|p2a: Amoonguss|Foul Play|p1a: Manaphy\n|-damage|p1a: Manaphy|83\/100\n|\n|-heal|p1a: Manaphy|89\/100|[from] item: Leftovers\n|upkeep\n|turn|13\n|\n|t:|1700322870\n|switch|p2a: Garganacl|Garganacl, F|100\/100\n|move|p1a: Manaphy|Ice Beam|p2a: Garganacl\n|-damage|p2a: Garganacl|83\/100\n|\n|-heal|p1a: Manaphy|96\/100|[from] item: Leftovers\n|-heal|p2a: Garganacl|89\/100|[from] item: Leftovers\n|upkeep\n|turn|14\n|\n|t:|1700322876\n|move|p1a: Manaphy|Surf|p2a: Garganacl\n|-supereffective|p2a: Garganacl\n|-damage|p2a: Garganacl|34\/100\n|move|p2a: Garganacl|Salt Cure|p1a: Manaphy\n|-damage|p1a: Manaphy|81\/100\n|-start|p1a: Manaphy|Salt Cure\n|\n|-heal|p1a: Manaphy|87\/100|[from] item: Leftovers\n|-heal|p2a: Garganacl|40\/100|[from] item: Leftovers\n|-damage|p1a: Manaphy|62\/100|[from] Salt Cure\n|upkeep\n|turn|15\n|\n|t:|1700322887\n|-terastallize|p2a: Garganacl|Fairy\n|move|p1a: Manaphy|Surf|p2a: Garganacl\n|-damage|p2a: Garganacl|16\/100\n|move|p2a: Garganacl|Recover|p2a: Garganacl\n|-heal|p2a: Garganacl|66\/100\n|\n|-heal|p1a: Manaphy|69\/100|[from] item: Leftovers\n|-heal|p2a: Garganacl|72\/100|[from] item: Leftovers\n|-damage|p1a: Manaphy|44\/100|[from] Salt Cure\n|upkeep\n|turn|16\n|\n|t:|1700322895\n|move|p1a: Manaphy|Tail Glow|p1a: Manaphy\n|-boost|p1a: Manaphy|spa|3\n|move|p2a: Garganacl|Salt Cure|p1a: Manaphy\n|-damage|p1a: Manaphy|28\/100\n|\n|-heal|p1a: Manaphy|35\/100|[from] item: Leftovers\n|-heal|p2a: Garganacl|78\/100|[from] item: Leftovers\n|-damage|p1a: Manaphy|10\/100|[from] Salt Cure\n|upkeep\n|turn|17\n|\n|t:|1700322904\n|switch|p2a: Amoonguss|Amoonguss, M, shiny|36\/100\n|move|p1a: Manaphy|Surf|p2a: Amoonguss\n|-resisted|p2a: Amoonguss\n|-damage|p2a: Amoonguss|0 fnt\n|faint|p2a: Amoonguss\n|\n|-heal|p1a: Manaphy|16\/100|[from] item: Leftovers\n|-damage|p1a: Manaphy|0 fnt|[from] Salt Cure\n|faint|p1a: Manaphy\n|upkeep\n|\n|t:|1700322928\n|switch|p1a: Iron Moth|Iron Moth|100\/100\n|switch|p2a: Garganacl|Garganacl, F, tera:Fairy|78\/100\n|-enditem|p1a: Iron Moth|Booster Energy\n|-activate|p1a: Iron Moth|ability: Quark Drive|[fromitem]\n|-start|p1a: Iron Moth|quarkdrivespa\n|turn|18\n|\n|t:|1700322938\n|move|p1a: Iron Moth|Sludge Wave|p2a: Garganacl\n|-supereffective|p2a: Garganacl\n|-damage|p2a: Garganacl|0 fnt\n|faint|p2a: Garganacl\n|\n|upkeep\n|-message|CherryzardX forfeited.\n|\n|win|Carter_eiro\n|raw|Carter_eiro's rating: 1156 &rarr; <strong>1184<\/strong><br \/>(+28 for winning)\n|raw|CherryzardX's rating: 1196 &rarr; <strong>1168<\/strong><br \/>(-28 for losing)\n|l|\u2606CherryzardX\n","uploadtime":1700322948,"views":11,"p1id":"cartereiro","p2id":"cherryzardx","formatid":"gen9ou","rating":1168,"private":0,"password":""}