{"id":"gen9ou-1994586296","p1":"QuackBarz","p2":"Mrsirmansir","format":"[Gen 9] OU","log":"|j|\u2606QuackBarz\n|j|\u2606Mrsirmansir\n|t:|1700464654\n|gametype|singles\n|player|p1|QuackBarz|101|1265\n|player|p2|Mrsirmansir|gambler|1261\n|teamsize|p1|6\n|teamsize|p2|6\n|gen|9\n|tier|[Gen 9] OU\n|rated|\n|rule|Sleep Clause Mod: Limit one foe put to sleep\n|rule|Species Clause: Limit one of each Pok\u00e9mon\n|rule|OHKO Clause: OHKO moves are banned\n|rule|Evasion Items Clause: Evasion items are banned\n|rule|Evasion Moves Clause: Evasion moves are banned\n|rule|Endless Battle Clause: Forcing endless battles is banned\n|rule|HP Percentage Mod: HP is shown in percentages\n|clearpoke\n|poke|p1|Sandy Shocks|\n|poke|p1|Scizor, F|\n|poke|p1|Gastrodon, M|\n|poke|p1|Landorus-Therian, M|\n|poke|p1|Mandibuzz, F|\n|poke|p1|Sylveon, F|\n|poke|p2|Pelipper, F|\n|poke|p2|Greninja-*, M|\n|poke|p2|Ting-Lu|\n|poke|p2|Basculegion, M|\n|poke|p2|Zapdos|\n|poke|p2|Amoonguss, F|\n|teampreview\n|inactive|Battle timer is ON: inactive players will automatically lose when time's up. (requested by Mrsirmansir)\n|\n|t:|1700464674\n|start\n|switch|p1a: Sandy Shocks|Sandy Shocks|100\/100\n|switch|p2a: Ting-Lu|Ting-Lu|100\/100\n|-ability|p2a: Ting-Lu|Vessel of Ruin\n|turn|1\n|\n|t:|1700464700\n|-end|p1a: Sandy Shocks|Protosynthesis|[silent]\n|switch|p1a: Sylveon|Sylveon, F|100\/100\n|move|p2a: Ting-Lu|Stealth Rock|p1a: Sylveon\n|-sidestart|p1: QuackBarz|move: Stealth Rock\n|\n|upkeep\n|turn|2\n|\n|t:|1700464703\n|move|p1a: Sylveon|Hyper Beam|p2a: Ting-Lu\n|-supereffective|p2a: Ting-Lu\n|-damage|p2a: Ting-Lu|46\/100\n|-mustrecharge|p1a: Sylveon\n|-enditem|p2a: Ting-Lu|Red Card|[of] p1a: Sylveon\n|drag|p1a: Landorus|Landorus-Therian, M|100\/100\n|-damage|p1a: Landorus|88\/100|[from] Stealth Rock\n|-ability|p1a: Landorus|Intimidate|boost\n|-unboost|p2a: Ting-Lu|atk|1\n|move|p2a: Ting-Lu|Whirlwind|p1a: Landorus\n|drag|p1a: Mandibuzz|Mandibuzz, F|100\/100\n|-damage|p1a: Mandibuzz|76\/100|[from] Stealth Rock\n|\n|-heal|p1a: Mandibuzz|82\/100|[from] item: Leftovers\n|upkeep\n|turn|3\n|\n|t:|1700464714\n|switch|p1a: Sylveon|Sylveon, F|100\/100\n|-damage|p1a: Sylveon|88\/100|[from] Stealth Rock\n|move|p2a: Ting-Lu|Whirlwind|p1a: Sylveon\n|drag|p1a: Mandibuzz|Mandibuzz, F|82\/100\n|-damage|p1a: Mandibuzz|57\/100|[from] Stealth Rock\n|\n|-heal|p1a: Mandibuzz|63\/100|[from] item: Leftovers\n|upkeep\n|turn|4\n|\n|t:|1700464736\n|move|p1a: Mandibuzz|Brave Bird|p2a: Ting-Lu\n|-damage|p2a: Ting-Lu|30\/100\n|-damage|p1a: Mandibuzz|57\/100|[from] Recoil\n|move|p2a: Ting-Lu|Spikes|p1a: Mandibuzz\n|-sidestart|p1: QuackBarz|Spikes\n|\n|-heal|p1a: Mandibuzz|63\/100|[from] item: Leftovers\n|upkeep\n|turn|5\n|\n|t:|1700464740\n|switch|p1a: Sylveon|Sylveon, F|88\/100\n|-damage|p1a: Sylveon|76\/100|[from] Stealth Rock\n|-damage|p1a: Sylveon|63\/100|[from] Spikes\n|move|p2a: Ting-Lu|Whirlwind|p1a: Sylveon\n|drag|p1a: Scizor|Scizor, F|100\/100\n|-damage|p1a: Scizor|88\/100|[from] Stealth Rock\n|-damage|p1a: Scizor|76\/100|[from] Spikes\n|\n|upkeep\n|turn|6\n|\n|t:|1700464761\n|move|p1a: Scizor|Knock Off|p2a: Ting-Lu\n|-resisted|p2a: Ting-Lu\n|-damage|p2a: Ting-Lu|19\/100\n|move|p2a: Ting-Lu|Earthquake|p1a: Scizor\n|-damage|p1a: Scizor|52\/100\n|\n|upkeep\n|turn|7\n|\n|t:|1700464769\n|switch|p1a: Landorus|Landorus-Therian, M|88\/100\n|-damage|p1a: Landorus|76\/100|[from] Stealth Rock\n|-ability|p1a: Landorus|Intimidate|boost\n|-unboost|p2a: Ting-Lu|atk|1\n|move|p2a: Ting-Lu|Spikes|p1a: Landorus\n|-sidestart|p1: QuackBarz|Spikes\n|\n|upkeep\n|turn|8\n|\n|t:|1700464771\n|move|p1a: Landorus|U-turn|p2a: Ting-Lu\n|-supereffective|p2a: Ting-Lu\n|-damage|p2a: Ting-Lu|0 fnt\n|faint|p2a: Ting-Lu\n|\n|t:|1700464778\n|switch|p1a: Sandy Shocks|Sandy Shocks|100\/100|[from] U-turn\n|-damage|p1a: Sandy Shocks|94\/100|[from] Stealth Rock\n|-damage|p1a: Sandy Shocks|78\/100|[from] Spikes\n|\n|-heal|p1a: Sandy Shocks|84\/100|[from] item: Leftovers\n|upkeep\n|\n|t:|1700464788\n|switch|p2a: Basculegion|Basculegion, M|100\/100\n|turn|9\n|\n|t:|1700464794\n|switch|p2a: Pelipper|Pelipper, F|100\/100\n|-weather|RainDance|[from] ability: Drizzle|[of] p2a: Pelipper\n|move|p1a: Sandy Shocks|Volt Switch|p2a: Pelipper\n|-supereffective|p2a: Pelipper\n|-damage|p2a: Pelipper|0 fnt\n|faint|p2a: Pelipper\n|\n|t:|1700464803\n|-end|p1a: Sandy Shocks|Protosynthesis|[silent]\n|switch|p1a: Gastrodon|Gastrodon, M|100\/100|[from] Volt Switch\n|-damage|p1a: Gastrodon|94\/100|[from] Stealth Rock\n|-damage|p1a: Gastrodon|78\/100|[from] Spikes\n|\n|-weather|RainDance|[upkeep]\n|-heal|p1a: Gastrodon|84\/100|[from] item: Leftovers\n|upkeep\n|\n|t:|1700464816\n|switch|p2a: Greninja|Greninja, M|100\/100\n|turn|10\n|\n|t:|1700464824\n|-terastallize|p1a: Gastrodon|Poison\n|move|p2a: Greninja|Grass Knot|p1a: Gastrodon\n|-resisted|p1a: Gastrodon\n|-damage|p1a: Gastrodon|73\/100\n|-damage|p2a: Greninja|91\/100|[from] item: Life Orb\n|move|p1a: Gastrodon|Earth Power|p2a: Greninja\n|-damage|p2a: Greninja|27\/100\n|\n|-weather|RainDance|[upkeep]\n|-heal|p1a: Gastrodon|79\/100|[from] item: Leftovers\n|upkeep\n|turn|11\n|\n|t:|1700464833\n|switch|p2a: Amoonguss|Amoonguss, F|100\/100\n|move|p1a: Gastrodon|Earth Power|p2a: Amoonguss\n|-damage|p2a: Amoonguss|69\/100\n|-unboost|p2a: Amoonguss|spd|1\n|-enditem|p2a: Amoonguss|Red Card|[of] p1a: Gastrodon\n|drag|p1a: Mandibuzz|Mandibuzz, F|63\/100\n|-damage|p1a: Mandibuzz|38\/100|[from] Stealth Rock\n|\n|-weather|RainDance|[upkeep]\n|-heal|p1a: Mandibuzz|44\/100|[from] item: Leftovers\n|upkeep\n|turn|12\n|\n|t:|1700464840\n|switch|p2a: Zapdos|Zapdos|100\/100\n|move|p1a: Mandibuzz|Brave Bird|p2a: Zapdos\n|-resisted|p2a: Zapdos\n|-damage|p2a: Zapdos|81\/100\n|-damage|p1a: Mandibuzz|40\/100|[from] Recoil\n|\n|-weather|RainDance|[upkeep]\n|-heal|p1a: Mandibuzz|46\/100|[from] item: Leftovers\n|upkeep\n|turn|13\n|\n|t:|1700464847\n|switch|p1a: Sandy Shocks|Sandy Shocks|84\/100\n|-damage|p1a: Sandy Shocks|78\/100|[from] Stealth Rock\n|-damage|p1a: Sandy Shocks|62\/100|[from] Spikes\n|move|p2a: Zapdos|Hurricane|p1a: Sandy Shocks\n|-resisted|p1a: Sandy Shocks\n|-damage|p1a: Sandy Shocks|25\/100\n|-start|p1a: Sandy Shocks|confusion\n|\n|-weather|RainDance|[upkeep]\n|-heal|p1a: Sandy Shocks|31\/100|[from] item: Leftovers\n|upkeep\n|turn|14\n|\n|t:|1700464860\n|switch|p2a: Amoonguss|Amoonguss, F|100\/100\n|-activate|p1a: Sandy Shocks|confusion\n|move|p1a: Sandy Shocks|Volt Switch|p2a: Amoonguss\n|-resisted|p2a: Amoonguss\n|-damage|p2a: Amoonguss|87\/100\n|\n|t:|1700464865\n|-end|p1a: Sandy Shocks|Protosynthesis|[silent]\n|switch|p1a: Mandibuzz|Mandibuzz, F|46\/100|[from] Volt Switch\n|-damage|p1a: Mandibuzz|21\/100|[from] Stealth Rock\n|\n|-weather|RainDance|[upkeep]\n|-heal|p1a: Mandibuzz|27\/100|[from] item: Leftovers\n|upkeep\n|turn|15\n|\n|t:|1700464876\n|switch|p2a: Basculegion|Basculegion, M|100\/100\n|move|p1a: Mandibuzz|Roost|p1a: Mandibuzz\n|-heal|p1a: Mandibuzz|77\/100\n|-singleturn|p1a: Mandibuzz|move: Roost\n|\n|-weather|RainDance|[upkeep]\n|-heal|p1a: Mandibuzz|83\/100|[from] item: Leftovers\n|upkeep\n|turn|16\n|\n|t:|1700464881\n|move|p2a: Basculegion|Wave Crash|p1a: Mandibuzz\n|-damage|p1a: Mandibuzz|10\/100\n|-damage|p2a: Basculegion|74\/100|[from] Recoil\n|move|p1a: Mandibuzz|Knock Off|p2a: Basculegion\n|-supereffective|p2a: Basculegion\n|-damage|p2a: Basculegion|13\/100\n|-enditem|p2a: Basculegion|Choice Band|[from] move: Knock Off|[of] p1a: Mandibuzz\n|\n|-weather|none\n|-heal|p1a: Mandibuzz|16\/100|[from] item: Leftovers\n|upkeep\n|turn|17\n|\n|t:|1700464887\n|move|p2a: Basculegion|Aqua Jet|p1a: Mandibuzz\n|-damage|p1a: Mandibuzz|5\/100\n|move|p1a: Mandibuzz|Foul Play|p2a: Basculegion\n|-supereffective|p2a: Basculegion\n|-damage|p2a: Basculegion|0 fnt\n|faint|p2a: Basculegion\n|\n|-heal|p1a: Mandibuzz|11\/100|[from] item: Leftovers\n|upkeep\n|\n|t:|1700464893\n|switch|p2a: Greninja|Greninja, M|27\/100\n|turn|18\n|\n|t:|1700464896\n|switch|p1a: Gastrodon|Gastrodon, M, tera:Poison|79\/100\n|-damage|p1a: Gastrodon|67\/100|[from] Stealth Rock\n|-damage|p1a: Gastrodon|50\/100|[from] Spikes\n|move|p2a: Greninja|Water Shuriken|p1a: Gastrodon\n|-ability|p1a: Gastrodon|Storm Drain|boost\n|-boost|p1a: Gastrodon|spa|1\n|\n|-heal|p1a: Gastrodon|57\/100|[from] item: Leftovers\n|upkeep\n|turn|19\n|\n|t:|1700464910\n|move|p2a: Greninja|Hydro Pump|p1a: Gastrodon\n|-ability|p1a: Gastrodon|Storm Drain|boost\n|-boost|p1a: Gastrodon|spa|1\n|move|p1a: Gastrodon|Recover|p1a: Gastrodon\n|-heal|p1a: Gastrodon|100\/100\n|\n|upkeep\n|turn|20\n|\n|t:|1700464919\n|move|p2a: Greninja|Dark Pulse|p1a: Gastrodon\n|-crit|p1a: Gastrodon\n|-damage|p1a: Gastrodon|33\/100\n|-damage|p2a: Greninja|17\/100|[from] item: Life Orb\n|move|p1a: Gastrodon|Ice Beam|p2a: Greninja\n|-resisted|p2a: Greninja\n|-damage|p2a: Greninja|0 fnt\n|faint|p2a: Greninja\n|\n|-heal|p1a: Gastrodon|39\/100|[from] item: Leftovers\n|upkeep\n|-message|Mrsirmansir forfeited.\n|\n|win|QuackBarz\n|raw|QuackBarz's rating: 1265 &rarr; <strong>1290<\/strong><br \/>(+25 for winning)\n|raw|Mrsirmansir's rating: 1261 &rarr; <strong>1236<\/strong><br \/>(-25 for losing)\n|l|\u2606Mrsirmansir\n","uploadtime":1700464933,"views":10,"p1id":"quackbarz","p2id":"mrsirmansir","formatid":"gen9ou","rating":1236,"private":0,"password":""}