{"id":"gen9ou-1998369338","p1":"aalleepp____","p2":"thunderdog_32","format":"[Gen 9] OU","log":"|j|\u203daalleepp____\n|j|\u2606thunderdog_32\n|t:|1700934656\n|gametype|singles\n|player|p1|aalleepp____|li|1313\n|player|p2|thunderdog_32|170|1301\n|teamsize|p1|6\n|teamsize|p2|6\n|gen|9\n|tier|[Gen 9] OU\n|rated|\n|rule|Sleep Clause Mod: Limit one foe put to sleep\n|rule|Species Clause: Limit one of each Pok\u00e9mon\n|rule|OHKO Clause: OHKO moves are banned\n|rule|Evasion Items Clause: Evasion items are banned\n|rule|Evasion Moves Clause: Evasion moves are banned\n|rule|Endless Battle Clause: Forcing endless battles is banned\n|rule|HP Percentage Mod: HP is shown in percentages\n|clearpoke\n|poke|p1|Shiftry, F|\n|poke|p1|Enamorus, F|\n|poke|p1|Zapdos|\n|poke|p1|Ceruledge, F|\n|poke|p1|Landorus-Therian, M|\n|poke|p1|Corviknight, F|\n|poke|p2|Greninja-*, F|\n|poke|p2|Farigiraf, F|\n|poke|p2|Iron Valiant|\n|poke|p2|Corviknight, M|\n|poke|p2|Dragapult, F|\n|poke|p2|Clodsire, F|\n|teampreview\n|j| Kai dragneel\n|inactive|Battle timer is ON: inactive players will automatically lose when time's up. (requested by thunderdog_32)\n|\n|t:|1700934669\n|start\n|switch|p1a: Shiftry|Shiftry, F|100\/100\n|switch|p2a: Greninja|Greninja, F|100\/100\n|turn|1\n|\n|t:|1700934674\n|move|p2a: Greninja|Taunt|p1a: Shiftry\n|-start|p1a: Shiftry|move: Taunt\n|cant|p1a: Shiftry|move: Taunt|Tailwind\n|\n|upkeep\n|turn|2\n|\n|t:|1700934685\n|switch|p2a: Corviknight|Corviknight, M|100\/100\n|-ability|p2a: Corviknight|Pressure\n|switch|p1a: Corviknight|Corviknight, F|100\/100\n|\n|upkeep\n|turn|3\n|\n|t:|1700934690\n|move|p1a: Corviknight|Tailwind|p1a: Corviknight\n|-sidestart|p1: aalleepp____|move: Tailwind\n|move|p2a: Corviknight|U-turn|p1a: Corviknight\n|-resisted|p1a: Corviknight\n|-damage|p1a: Corviknight|98\/100\n|-damage|p2a: Corviknight|84\/100|[from] item: Rocky Helmet|[of] p1a: Corviknight\n|\n|t:|1700934698\n|switch|p2a: Clodsire|Clodsire, F|100\/100|[from] U-turn\n|\n|upkeep\n|turn|4\n|\n|t:|1700934713\n|move|p1a: Corviknight|U-turn|p2a: Clodsire\n|-resisted|p2a: Clodsire\n|-damage|p2a: Clodsire|93\/100\n|\n|t:|1700934720\n|switch|p1a: Shiftry|Shiftry, F|100\/100|[from] U-turn\n|-ability|p1a: Shiftry|Wind Rider|boost\n|-boost|p1a: Shiftry|atk|1\n|move|p2a: Clodsire|Stealth Rock|p1a: Shiftry\n|-sidestart|p1: aalleepp____|move: Stealth Rock\n|\n|-heal|p2a: Clodsire|99\/100|[from] item: Black Sludge\n|upkeep\n|turn|5\n|\n|t:|1700934734\n|switch|p2a: Corviknight|Corviknight, M|84\/100\n|-ability|p2a: Corviknight|Pressure\n|move|p1a: Shiftry|Knock Off|p2a: Corviknight\n|-damage|p2a: Corviknight|43\/100\n|-damage|p1a: Shiftry|84\/100|[from] item: Rocky Helmet|[of] p2a: Corviknight\n|-enditem|p2a: Corviknight|Rocky Helmet|[from] move: Knock Off|[of] p1a: Shiftry\n|\n|upkeep\n|turn|6\n|\n|t:|1700934741\n|-terastallize|p1a: Shiftry|Fighting\n|move|p1a: Shiftry|Knock Off|p2a: Corviknight\n|-damage|p2a: Corviknight|19\/100\n|move|p2a: Corviknight|U-turn|p1a: Shiftry\n|-resisted|p1a: Shiftry\n|-damage|p1a: Shiftry|73\/100\n|\n|t:|1700934765\n|switch|p2a: Greninja|Greninja, F|100\/100|[from] U-turn\n|\n|-sideend|p1: aalleepp____|move: Tailwind\n|upkeep\n|turn|7\n|\n|t:|1700934785\n|-terastallize|p2a: Greninja|Water\n|move|p2a: Greninja|Surf|p1a: Shiftry\n|-damage|p1a: Shiftry|0 fnt\n|faint|p1a: Shiftry\n|\n|upkeep\n|\n|t:|1700934803\n|switch|p1a: Ceruledge|Ceruledge, F|100\/100\n|-damage|p1a: Ceruledge|76\/100|[from] Stealth Rock\n|turn|8\n|-message|aalleepp____ forfeited.\n|\n|win|thunderdog_32\n|raw|aalleepp____'s rating: 1313 &rarr; <strong>1292<\/strong><br \/>(-21 for losing)\n|raw|thunderdog_32's rating: 1301 &rarr; <strong>1322<\/strong><br \/>(+21 for winning)\n|l|\u203daalleepp____\n|l| Kai dragneel\n","uploadtime":1700934812,"views":1,"p1id":"aalleepp","p2id":"thunderdog32","formatid":"gen9ou","rating":1292,"private":0,"password":""}