{"id":"gen9ou-1994256959","p1":"xym","p2":"shadyplummer","format":"[Gen 9] OU","log":"|j|\u2606xym\n|j|\u2606shadyplummer\n|t:|1700424156\n|gametype|singles\n|player|p1|xym|265|1335\n|player|p2|shadyplummer|102|1257\n|teamsize|p1|6\n|teamsize|p2|6\n|gen|9\n|tier|[Gen 9] OU\n|rated|\n|rule|Sleep Clause Mod: Limit one foe put to sleep\n|rule|Species Clause: Limit one of each Pok\u00e9mon\n|rule|OHKO Clause: OHKO moves are banned\n|rule|Evasion Items Clause: Evasion items are banned\n|rule|Evasion Moves Clause: Evasion moves are banned\n|rule|Endless Battle Clause: Forcing endless battles is banned\n|rule|HP Percentage Mod: HP is shown in percentages\n|clearpoke\n|poke|p1|Heatran, M|\n|poke|p1|Gholdengo|\n|poke|p1|Kingambit, F|\n|poke|p1|Scizor, M|\n|poke|p1|Rotom-Wash|\n|poke|p1|Great Tusk|\n|poke|p2|Meowscarada, M|\n|poke|p2|Dragonite, M|\n|poke|p2|Great Tusk|\n|poke|p2|Heatran, F|\n|poke|p2|Alomomola, M|\n|poke|p2|Iron Valiant|\n|teampreview\n|\n|t:|1700424172\n|start\n|switch|p1a: Heatran|Heatran, M|100\/100\n|switch|p2a: Meowscarada|Meowscarada, M, shiny|100\/100\n|-item|p1a: Heatran|Air Balloon\n|turn|1\n|\n|t:|1700424191\n|switch|p1a: Scizor|Scizor, M|100\/100\n|move|p2a: Meowscarada|Trick|p1a: Scizor\n|-start|p2a: Meowscarada|typechange|Psychic|[from] ability: Protean\n|-activate|p2a: Meowscarada|move: Trick|[of] p1a: Scizor\n|-item|p1a: Scizor|Choice Band|[from] move: Trick\n|-item|p2a: Meowscarada|Choice Band|[from] move: Trick\n|\n|upkeep\n|turn|2\n|c|\u2606xym|pointing spiderman meme\n|\n|t:|1700424211\n|switch|p2a: Heatran|Heatran, F|100\/100\n|move|p1a: Scizor|Knock Off|p2a: Heatran\n|-damage|p2a: Heatran|53\/100\n|-enditem|p2a: Heatran|Assault Vest|[from] move: Knock Off|[of] p1a: Scizor\n|\n|upkeep\n|turn|3\n|c|\u2606shadyplummer|lol\n|\n|t:|1700424230\n|switch|p1a: Heatran|Heatran, M|100\/100\n|-item|p1a: Heatran|Air Balloon\n|move|p2a: Heatran|Flamethrower|p1a: Heatran\n|-start|p1a: Heatran|ability: Flash Fire\n|\n|upkeep\n|turn|4\n|\n|t:|1700424256\n|move|p2a: Heatran|Flash Cannon|p1a: Heatran\n|-resisted|p1a: Heatran\n|-damage|p1a: Heatran|94\/100\n|-enditem|p1a: Heatran|Air Balloon\n|move|p1a: Heatran|Earth Power|p2a: Heatran\n|-supereffective|p2a: Heatran\n|-damage|p2a: Heatran|0 fnt\n|faint|p2a: Heatran\n|\n|upkeep\n|\n|t:|1700424266\n|switch|p2a: Great Tusk|Great Tusk|100\/100\n|turn|5\n|\n|t:|1700424290\n|-end|p1a: Heatran|ability: Flash Fire|[silent]\n|switch|p1a: Rotom|Rotom-Wash|100\/100\n|move|p2a: Great Tusk|Stealth Rock|p1a: Rotom\n|-sidestart|p1: xym|move: Stealth Rock\n|\n|upkeep\n|turn|6\n|\n|t:|1700424326\n|-end|p2a: Great Tusk|Protosynthesis|[silent]\n|switch|p2a: Meowscarada|Meowscarada, M, shiny|100\/100\n|move|p1a: Rotom|Will-O-Wisp|p2a: Meowscarada\n|-status|p2a: Meowscarada|brn\n|\n|-damage|p2a: Meowscarada|94\/100 brn|[from] brn\n|upkeep\n|turn|7\n|\n|t:|1700424334\n|switch|p1a: Scizor|Scizor, M|100\/100\n|-damage|p1a: Scizor|88\/100|[from] Stealth Rock\n|move|p2a: Meowscarada|Spikes|p1a: Scizor\n|-start|p2a: Meowscarada|typechange|Ground|[from] ability: Protean\n|-sidestart|p1: xym|Spikes\n|\n|-damage|p2a: Meowscarada|88\/100 brn|[from] brn\n|upkeep\n|turn|8\n|\n|t:|1700424356\n|move|p2a: Meowscarada|Spikes|p1a: Scizor\n|-sidestart|p1: xym|Spikes\n|move|p1a: Scizor|U-turn|p2a: Meowscarada\n|-damage|p2a: Meowscarada|0 fnt\n|faint|p2a: Meowscarada\n|\n|t:|1700424367\n|switch|p1a: Rotom|Rotom-Wash|100\/100|[from] U-turn\n|-damage|p1a: Rotom|88\/100|[from] Stealth Rock\n|\n|upkeep\n|\n|t:|1700424380\n|switch|p2a: Iron Valiant|Iron Valiant, shiny|100\/100\n|turn|9\n|\n|t:|1700424394\n|move|p2a: Iron Valiant|Trick|p1a: Rotom\n|-activate|p2a: Iron Valiant|move: Trick|[of] p1a: Rotom\n|-item|p1a: Rotom|Choice Specs|[from] move: Trick\n|-item|p2a: Iron Valiant|Choice Scarf|[from] move: Trick\n|move|p1a: Rotom|Will-O-Wisp|p2a: Iron Valiant\n|-status|p2a: Iron Valiant|brn\n|\n|-damage|p2a: Iron Valiant|94\/100 brn|[from] brn\n|upkeep\n|turn|10\n|c|\u2606shadyplummer|lol\n|c|\u2606xym|this is lowkey hilarious\n|c|\u2606xym|worth the highlight\n|\n|t:|1700424419\n|-end|p2a: Iron Valiant|Quark Drive|[silent]\n|switch|p2a: Alomomola|Alomomola, M|100\/100\n|move|p1a: Rotom|Will-O-Wisp|p2a: Alomomola\n|-status|p2a: Alomomola|brn\n|\n|-damage|p2a: Alomomola|94\/100 brn|[from] brn\n|upkeep\n|turn|11\n|\n|t:|1700424449\n|move|p1a: Rotom|Will-O-Wisp|p2a: Alomomola\n|-fail|p2a: Alomomola|brn\n|move|p2a: Alomomola|Flip Turn|p1a: Rotom\n|-resisted|p1a: Rotom\n|-damage|p1a: Rotom|85\/100\n|\n|t:|1700424457\n|switch|p2a: Iron Valiant|Iron Valiant, shiny|94\/100 brn|[from] Flip Turn\n|\n|-damage|p2a: Iron Valiant|88\/100 brn|[from] brn\n|upkeep\n|turn|12\n|\n|t:|1700424462\n|-terastallize|p2a: Iron Valiant|Fairy\n|move|p2a: Iron Valiant|Moonblast|p1a: Rotom\n|-damage|p1a: Rotom|17\/100\n|-unboost|p1a: Rotom|spa|1\n|move|p1a: Rotom|Will-O-Wisp|p2a: Iron Valiant\n|-fail|p2a: Iron Valiant|brn\n|\n|-damage|p2a: Iron Valiant|82\/100 brn|[from] brn\n|upkeep\n|turn|13\n|\n|t:|1700424480\n|-end|p2a: Iron Valiant|Quark Drive|[silent]\n|switch|p2a: Alomomola|Alomomola, M|100\/100 brn\n|move|p1a: Rotom|Will-O-Wisp|p2a: Alomomola\n|-fail|p2a: Alomomola|brn\n|\n|-damage|p2a: Alomomola|94\/100 brn|[from] brn\n|upkeep\n|turn|14\n|\n|t:|1700424491\n|move|p1a: Rotom|Will-O-Wisp|p2a: Alomomola\n|-fail|p2a: Alomomola|brn\n|move|p2a: Alomomola|Scald|p1a: Rotom\n|-resisted|p1a: Rotom\n|-damage|p1a: Rotom|9\/100\n|\n|-damage|p2a: Alomomola|88\/100 brn|[from] brn\n|upkeep\n|turn|15\n|\n|t:|1700424501\n|move|p1a: Rotom|Will-O-Wisp|p2a: Alomomola\n|-fail|p2a: Alomomola|brn\n|move|p2a: Alomomola|Flip Turn|p1a: Rotom\n|-resisted|p1a: Rotom\n|-damage|p1a: Rotom|6\/100\n|\n|t:|1700424511\n|switch|p2a: Iron Valiant|Iron Valiant, shiny, tera:Fairy|82\/100 brn|[from] Flip Turn\n|\n|-damage|p2a: Iron Valiant|76\/100 brn|[from] brn\n|upkeep\n|turn|16\n|\n|t:|1700424516\n|move|p2a: Iron Valiant|Moonblast|p1a: Rotom\n|-damage|p1a: Rotom|0 fnt\n|faint|p1a: Rotom\n|\n|-damage|p2a: Iron Valiant|69\/100 brn|[from] brn\n|upkeep\n|\n|t:|1700424522\n|switch|p1a: Scizor|Scizor, M|88\/100\n|-damage|p1a: Scizor|76\/100|[from] Stealth Rock\n|-damage|p1a: Scizor|59\/100|[from] Spikes\n|turn|17\n|\n|t:|1700424536\n|-end|p2a: Iron Valiant|Quark Drive|[silent]\n|switch|p2a: Dragonite|Dragonite, M, shiny|100\/100\n|move|p1a: Scizor|U-turn|p2a: Dragonite\n|-resisted|p2a: Dragonite\n|-damage|p2a: Dragonite|87\/100\n|\n|t:|1700424541\n|switch|p1a: Great Tusk|Great Tusk|100\/100|[from] U-turn\n|-damage|p1a: Great Tusk|98\/100|[from] Stealth Rock\n|-damage|p1a: Great Tusk|81\/100|[from] Spikes\n|\n|-heal|p2a: Dragonite|93\/100|[from] item: Leftovers\n|upkeep\n|turn|18\n|\n|t:|1700424551\n|switch|p2a: Alomomola|Alomomola, M|100\/100 brn\n|move|p1a: Great Tusk|Rapid Spin|p2a: Alomomola\n|-damage|p2a: Alomomola|89\/100 brn\n|-boost|p1a: Great Tusk|spe|1\n|-sideend|p1: xym|Spikes|[from] move: Rapid Spin|[of] p1a: Great Tusk\n|-sideend|p1: xym|Stealth Rock|[from] move: Rapid Spin|[of] p1a: Great Tusk\n|\n|-damage|p2a: Alomomola|83\/100 brn|[from] brn\n|upkeep\n|turn|19\n|\n|t:|1700424571\n|-end|p1a: Great Tusk|Protosynthesis|[silent]\n|switch|p1a: Gholdengo|Gholdengo|100\/100\n|move|p2a: Alomomola|Scald|p1a: Gholdengo\n|-damage|p1a: Gholdengo|85\/100\n|\n|-damage|p2a: Alomomola|77\/100 brn|[from] brn\n|upkeep\n|turn|20\n|\n|t:|1700424582\n|move|p1a: Gholdengo|Shadow Ball|p2a: Alomomola\n|-damage|p2a: Alomomola|41\/100 brn\n|move|p2a: Alomomola|Flip Turn|p1a: Gholdengo\n|-damage|p1a: Gholdengo|76\/100\n|\n|t:|1700424590\n|switch|p2a: Great Tusk|Great Tusk|100\/100|[from] Flip Turn\n|\n|upkeep\n|turn|21\n|\n|t:|1700424597\n|switch|p1a: Scizor|Scizor, M|59\/100\n|move|p2a: Great Tusk|Knock Off|p1a: Scizor\n|-damage|p1a: Scizor|28\/100\n|-enditem|p1a: Scizor|Choice Band|[from] move: Knock Off|[of] p2a: Great Tusk\n|\n|upkeep\n|turn|22\n|\n|t:|1700424607\n|-end|p2a: Great Tusk|Protosynthesis|[silent]\n|switch|p2a: Alomomola|Alomomola, M|74\/100 brn\n|move|p1a: Scizor|Dual Wingbeat|p2a: Alomomola\n|-damage|p2a: Alomomola|58\/100 brn\n|-damage|p2a: Alomomola|41\/100 brn\n|-hitcount|p2a: Alomomola|2\n|\n|-damage|p2a: Alomomola|35\/100 brn|[from] brn\n|upkeep\n|turn|23\n|\n|t:|1700424615\n|move|p1a: Scizor|Knock Off|p2a: Alomomola\n|-damage|p2a: Alomomola|11\/100 brn\n|-enditem|p2a: Alomomola|Heavy-Duty Boots|[from] move: Knock Off|[of] p1a: Scizor\n|move|p2a: Alomomola|Scald|p1a: Scizor\n|-damage|p1a: Scizor|11\/100\n|-status|p1a: Scizor|brn\n|\n|-damage|p1a: Scizor|5\/100 brn|[from] brn\n|-damage|p2a: Alomomola|5\/100 brn|[from] brn\n|upkeep\n|turn|24\n|\n|t:|1700424632\n|switch|p2a: Great Tusk|Great Tusk|100\/100\n|move|p1a: Scizor|U-turn|p2a: Great Tusk\n|-resisted|p2a: Great Tusk\n|-damage|p2a: Great Tusk|94\/100\n|\n|t:|1700424643\n|switch|p1a: Heatran|Heatran, M|94\/100|[from] U-turn\n|\n|upkeep\n|turn|25\n|\n|t:|1700424649\n|-terastallize|p1a: Heatran|Grass\n|move|p2a: Great Tusk|Earthquake|p1a: Heatran\n|-resisted|p1a: Heatran\n|-damage|p1a: Heatran|75\/100\n|move|p1a: Heatran|Magma Storm|p2a: Great Tusk\n|-damage|p2a: Great Tusk|52\/100\n|-activate|p2a: Great Tusk|move: Magma Storm|[of] p1a: Heatran\n|\n|-damage|p2a: Great Tusk|40\/100|[from] move: Magma Storm|[partiallytrapped]\n|upkeep\n|turn|26\n|\n|t:|1700424658\n|move|p2a: Great Tusk|Knock Off|p1a: Heatran\n|-damage|p1a: Heatran|59\/100\n|move|p1a: Heatran|Stealth Rock|p2a: Great Tusk\n|-sidestart|p2: shadyplummer|move: Stealth Rock\n|\n|-damage|p2a: Great Tusk|27\/100|[from] move: Magma Storm|[partiallytrapped]\n|upkeep\n|turn|27\n|\n|t:|1700424665\n|move|p2a: Great Tusk|Rapid Spin|p1a: Heatran\n|-damage|p1a: Heatran|47\/100\n|-boost|p2a: Great Tusk|spe|1\n|-sideend|p2: shadyplummer|Stealth Rock|[from] move: Rapid Spin|[of] p2a: Great Tusk\n|-end|p2a: Great Tusk|Magma Storm|[partiallytrapped]\n|move|p1a: Heatran|Earth Power|p2a: Great Tusk\n|-damage|p2a: Great Tusk|2\/100\n|\n|upkeep\n|turn|28\n|\n|t:|1700424678\n|move|p2a: Great Tusk|Earthquake|p1a: Heatran\n|-resisted|p1a: Heatran\n|-damage|p1a: Heatran|29\/100\n|move|p1a: Heatran|Stealth Rock|p2a: Great Tusk\n|-sidestart|p2: shadyplummer|move: Stealth Rock\n|\n|upkeep\n|turn|29\n|\n|t:|1700424685\n|move|p2a: Great Tusk|Rapid Spin|p1a: Heatran\n|-damage|p1a: Heatran|16\/100\n|-boost|p2a: Great Tusk|spe|1\n|-sideend|p2: shadyplummer|Stealth Rock|[from] move: Rapid Spin|[of] p2a: Great Tusk\n|move|p1a: Heatran|Stealth Rock|p2a: Great Tusk\n|-sidestart|p2: shadyplummer|move: Stealth Rock\n|\n|upkeep\n|turn|30\n|\n|t:|1700424704\n|switch|p1a: Gholdengo|Gholdengo|76\/100\n|move|p2a: Great Tusk|Rapid Spin|p1a: Gholdengo\n|-immune|p1a: Gholdengo\n|\n|upkeep\n|turn|31\n|\n|t:|1700424713\n|switch|p1a: Heatran|Heatran, M, tera:Grass|16\/100\n|move|p2a: Great Tusk|Earthquake|p1a: Heatran\n|-resisted|p1a: Heatran\n|-damage|p1a: Heatran|0 fnt\n|faint|p1a: Heatran\n|\n|upkeep\n|\n|t:|1700424719\n|switch|p1a: Scizor|Scizor, M|5\/100 brn\n|turn|32\n|\n|t:|1700424725\n|-end|p2a: Great Tusk|Protosynthesis|[silent]\n|switch|p2a: Alomomola|Alomomola, M|38\/100 brn\n|-damage|p2a: Alomomola|26\/100 brn|[from] Stealth Rock\n|move|p1a: Scizor|Bullet Punch|p2a: Alomomola\n|-resisted|p2a: Alomomola\n|-crit|p2a: Alomomola\n|-damage|p2a: Alomomola|17\/100 brn\n|\n|-damage|p2a: Alomomola|11\/100 brn|[from] brn\n|-damage|p1a: Scizor|0 fnt|[from] brn\n|faint|p1a: Scizor\n|upkeep\n|\n|t:|1700424735\n|switch|p1a: Gholdengo|Gholdengo|76\/100\n|turn|33\n|\n|t:|1700424740\n|move|p1a: Gholdengo|Shadow Ball|p2a: Alomomola\n|-damage|p2a: Alomomola|0 fnt\n|faint|p2a: Alomomola\n|\n|upkeep\n|\n|t:|1700424746\n|switch|p2a: Iron Valiant|Iron Valiant, shiny, tera:Fairy|69\/100 brn\n|-damage|p2a: Iron Valiant|57\/100 brn|[from] Stealth Rock\n|turn|34\n|\n|t:|1700424768\n|move|p2a: Iron Valiant|Thunderbolt|p1a: Gholdengo\n|-damage|p1a: Gholdengo|41\/100\n|move|p1a: Gholdengo|Make It Rain|p2a: Iron Valiant\n|-supereffective|p2a: Iron Valiant\n|-damage|p2a: Iron Valiant|0 fnt\n|-unboost|p1a: Gholdengo|spa|1\n|faint|p2a: Iron Valiant\n|-end|p2a: Iron Valiant|Quark Drive|[silent]\n|\n|upkeep\n|\n|t:|1700424783\n|switch|p2a: Great Tusk|Great Tusk|2\/100\n|turn|35\n|c|\u2606xym|i think this is gg\n|\n|t:|1700424797\n|move|p1a: Gholdengo|Shadow Ball|p2a: Great Tusk\n|-damage|p2a: Great Tusk|0 fnt\n|faint|p2a: Great Tusk\n|-end|p2a: Great Tusk|Protosynthesis|[silent]\n|\n|upkeep\n|\n|t:|1700424801\n|switch|p2a: Dragonite|Dragonite, M, shiny|93\/100\n|-damage|p2a: Dragonite|68\/100|[from] Stealth Rock\n|turn|36\n|\n|t:|1700424805\n|move|p1a: Gholdengo|Thunder Wave|p2a: Dragonite\n|-status|p2a: Dragonite|par\n|move|p2a: Dragonite|Dragon Dance|p2a: Dragonite\n|-boost|p2a: Dragonite|atk|1\n|-boost|p2a: Dragonite|spe|1\n|\n|-heal|p2a: Dragonite|75\/100 par|[from] item: Leftovers\n|upkeep\n|turn|37\n|\n|t:|1700424815\n|move|p1a: Gholdengo|Make It Rain|p2a: Dragonite\n|-damage|p2a: Dragonite|41\/100 par\n|-unboost|p1a: Gholdengo|spa|1\n|move|p2a: Dragonite|Dragon Dance|p2a: Dragonite\n|-boost|p2a: Dragonite|atk|1\n|-boost|p2a: Dragonite|spe|1\n|\n|-heal|p2a: Dragonite|47\/100 par|[from] item: Leftovers\n|upkeep\n|turn|38\n|\n|t:|1700424825\n|move|p1a: Gholdengo|Shadow Ball|p2a: Dragonite\n|-damage|p2a: Dragonite|28\/100 par\n|move|p2a: Dragonite|Roost|p2a: Dragonite\n|-heal|p2a: Dragonite|78\/100 par\n|-singleturn|p2a: Dragonite|move: Roost\n|\n|-heal|p2a: Dragonite|85\/100 par|[from] item: Leftovers\n|upkeep\n|turn|39\n|\n|t:|1700424835\n|move|p1a: Gholdengo|Shadow Ball|p2a: Dragonite\n|-damage|p2a: Dragonite|67\/100 par\n|move|p2a: Dragonite|Dragon Dance|p2a: Dragonite\n|-boost|p2a: Dragonite|atk|1\n|-boost|p2a: Dragonite|spe|1\n|\n|-heal|p2a: Dragonite|73\/100 par|[from] item: Leftovers\n|upkeep\n|turn|40\n|\n|t:|1700424852\n|switch|p1a: Great Tusk|Great Tusk|81\/100\n|move|p2a: Dragonite|Dragon Dance|p2a: Dragonite\n|-boost|p2a: Dragonite|atk|1\n|-boost|p2a: Dragonite|spe|1\n|\n|-heal|p2a: Dragonite|79\/100 par|[from] item: Leftovers\n|upkeep\n|turn|41\n|\n|t:|1700424863\n|move|p2a: Dragonite|Outrage|p1a: Great Tusk\n|-damage|p1a: Great Tusk|0 fnt\n|faint|p1a: Great Tusk\n|-end|p1a: Great Tusk|Protosynthesis|[silent]\n|\n|-heal|p2a: Dragonite|85\/100 par|[from] item: Leftovers\n|upkeep\n|\n|t:|1700424870\n|switch|p1a: Kingambit|Kingambit, F|100\/100\n|-activate|p1a: Kingambit|ability: Supreme Overlord\n|-start|p1a: Kingambit|fallen4|[silent]\n|turn|42\n|\n|t:|1700424882\n|-end|p1a: Kingambit|fallen4|[silent]\n|switch|p1a: Gholdengo|Gholdengo|41\/100\n|move|p2a: Dragonite|Outrage|p1a: Gholdengo|[from]lockedmove\n|-resisted|p1a: Gholdengo\n|-damage|p1a: Gholdengo|0 fnt\n|faint|p1a: Gholdengo\n|-start|p2a: Dragonite|confusion|[fatigue]\n|\n|-heal|p2a: Dragonite|92\/100 par|[from] item: Leftovers\n|upkeep\n|\n|t:|1700424891\n|switch|p1a: Kingambit|Kingambit, F|100\/100\n|-activate|p1a: Kingambit|ability: Supreme Overlord\n|-start|p1a: Kingambit|fallen5|[silent]\n|turn|43\n|\n|t:|1700424895\n|move|p1a: Kingambit|Sucker Punch|p2a: Dragonite\n|-damage|p2a: Dragonite|33\/100 par\n|-activate|p2a: Dragonite|confusion\n|move|p2a: Dragonite|Outrage|p1a: Kingambit\n|-resisted|p1a: Kingambit\n|-damage|p1a: Kingambit|33\/100\n|\n|-heal|p2a: Dragonite|40\/100 par|[from] item: Leftovers\n|-heal|p1a: Kingambit|39\/100|[from] item: Leftovers\n|upkeep\n|turn|44\n|\n|t:|1700424904\n|move|p1a: Kingambit|Sucker Punch|p2a: Dragonite\n|-damage|p2a: Dragonite|0 fnt\n|faint|p2a: Dragonite\n|\n|win|xym\n|raw|xym's rating: 1335 &rarr; <strong>1351<\/strong><br \/>(+16 for winning)\n|raw|shadyplummer's rating: 1257 &rarr; <strong>1238<\/strong><br \/>(-19 for losing)\n|c|\u2606xym|gg\n|c|\u2606shadyplummer|gg\n|c|\u2606xym|closer than I expected\n|c|\u2606xym|should`ve gone straight to tusk\n|c|\u2606shadyplummer|yup\n","uploadtime":1700424925,"views":26,"p1id":"xym","p2id":"shadyplummer","formatid":"gen9ou","rating":1238,"private":0,"password":""}