{"id":"gen9ou-1996567107","p1":"Thepo1iceman","p2":"DrAlphaStone","format":"[Gen 9] OU","log":"|j|\u2606Thepo1iceman\n|j|\u2606DrAlphaStone\n|t:|1700695139\n|gametype|singles\n|player|p1|Thepo1iceman|rocketgruntf|1457\n|player|p2|DrAlphaStone|cynthia-masters|1518\n|teamsize|p1|6\n|teamsize|p2|6\n|gen|9\n|tier|[Gen 9] OU\n|rated|\n|rule|Sleep Clause Mod: Limit one foe put to sleep\n|rule|Species Clause: Limit one of each Pok\u00e9mon\n|rule|OHKO Clause: OHKO moves are banned\n|rule|Evasion Items Clause: Evasion items are banned\n|rule|Evasion Moves Clause: Evasion moves are banned\n|rule|Endless Battle Clause: Forcing endless battles is banned\n|rule|HP Percentage Mod: HP is shown in percentages\n|clearpoke\n|poke|p1|Ribombee, F|\n|poke|p1|Great Tusk|\n|poke|p1|Iron Moth|\n|poke|p1|Ogerpon-Wellspring, F|\n|poke|p1|Gholdengo|\n|poke|p1|Kingambit, F|\n|poke|p2|Dragapult, F|\n|poke|p2|Zapdos|\n|poke|p2|Crawdaunt, M|\n|poke|p2|Cinderace, F|\n|poke|p2|Alomomola, M|\n|poke|p2|Iron Valiant|\n|teampreview\n|inactive|Battle timer is ON: inactive players will automatically lose when time's up. (requested by Thepo1iceman)\n|\n|t:|1700695162\n|start\n|switch|p1a: Mothra|Iron Moth|100\/100\n|switch|p2a: Dragapult|Dragapult, F, shiny|100\/100\n|-enditem|p1a: Mothra|Booster Energy\n|-activate|p1a: Mothra|ability: Quark Drive|[fromitem]\n|-start|p1a: Mothra|quarkdrivespe\n|turn|1\n|\n|t:|1700695170\n|-end|p1a: Mothra|Quark Drive|[silent]\n|switch|p1a: Tinkerbell|Ribombee, F|100\/100\n|move|p2a: Dragapult|Dragon Darts|p1a: Tinkerbell\n|-immune|p1a: Tinkerbell\n|\n|upkeep\n|turn|2\n|\n|t:|1700695175\n|move|p2a: Dragapult|Substitute|p2a: Dragapult\n|-start|p2a: Dragapult|Substitute\n|-damage|p2a: Dragapult|75\/100\n|move|p1a: Tinkerbell|Sticky Web|p2a: Dragapult\n|-sidestart|p2: DrAlphaStone|move: Sticky Web\n|\n|-heal|p2a: Dragapult|82\/100|[from] item: Leftovers\n|upkeep\n|turn|3\n|\n|t:|1700695178\n|move|p2a: Dragapult|Will-O-Wisp|p1a: Tinkerbell|[miss]\n|-miss|p2a: Dragapult|p1a: Tinkerbell\n|move|p1a: Tinkerbell|Moonblast|p2a: Dragapult\n|-supereffective|p2a: Dragapult\n|-end|p2a: Dragapult|Substitute\n|\n|-heal|p2a: Dragapult|88\/100|[from] item: Leftovers\n|upkeep\n|turn|4\n|\n|t:|1700695188\n|switch|p2a: Zapdos|Zapdos|100\/100\n|move|p1a: Tinkerbell|Moonblast|p2a: Zapdos\n|-damage|p2a: Zapdos|72\/100\n|-unboost|p2a: Zapdos|spa|1\n|\n|upkeep\n|turn|5\n|\n|t:|1700695214\n|move|p1a: Tinkerbell|Moonblast|p2a: Zapdos\n|-damage|p2a: Zapdos|47\/100\n|-unboost|p2a: Zapdos|spa|1\n|move|p2a: Zapdos|Discharge|p1a: Tinkerbell\n|-damage|p1a: Tinkerbell|70\/100\n|\n|upkeep\n|turn|6\n|\n|t:|1700695222\n|switch|p1a: Mothra|Iron Moth|100\/100\n|move|p2a: Zapdos|Roost|p2a: Zapdos\n|-heal|p2a: Zapdos|97\/100\n|-singleturn|p2a: Zapdos|move: Roost\n|\n|upkeep\n|turn|7\n|\n|t:|1700695227\n|move|p1a: Mothra|Fiery Dance|p2a: Zapdos\n|-damage|p2a: Zapdos|69\/100\n|-boost|p1a: Mothra|spa|1\n|move|p2a: Zapdos|Discharge|p1a: Mothra\n|-damage|p1a: Mothra|85\/100\n|\n|upkeep\n|turn|8\n|\n|t:|1700695235\n|switch|p2a: Crawdaunt|Crawdaunt, M|100\/100\n|-activate|p2a: Crawdaunt|move: Sticky Web\n|-unboost|p2a: Crawdaunt|spe|1\n|move|p1a: Mothra|Substitute|p1a: Mothra\n|-start|p1a: Mothra|Substitute\n|-damage|p1a: Mothra|60\/100\n|\n|upkeep\n|turn|9\n|\n|t:|1700695239\n|move|p2a: Crawdaunt|Aqua Jet|p1a: Mothra\n|-supereffective|p1a: Mothra\n|-end|p1a: Mothra|Substitute\n|move|p1a: Mothra|Energy Ball|p2a: Crawdaunt\n|-supereffective|p2a: Crawdaunt\n|-damage|p2a: Crawdaunt|0 fnt\n|faint|p2a: Crawdaunt\n|\n|upkeep\n|\n|t:|1700695263\n|switch|p2a: Zapdos|Zapdos|69\/100\n|turn|10\n|\n|t:|1700695282\n|-end|p1a: Mothra|Quark Drive|[silent]\n|switch|p1a: Al Capone|Great Tusk|100\/100\n|move|p2a: Zapdos|Discharge|p1a: Al Capone\n|-immune|p1a: Al Capone\n|\n|upkeep\n|turn|11\n|\n|t:|1700695290\n|-terastallize|p1a: Al Capone|Ice\n|move|p1a: Al Capone|Ice Spinner|p2a: Zapdos\n|-supereffective|p2a: Zapdos\n|-damage|p2a: Zapdos|0 fnt\n|-status|p1a: Al Capone|par|[from] ability: Static|[of] p2a: Zapdos\n|faint|p2a: Zapdos\n|\n|upkeep\n|\n|t:|1700695297\n|switch|p2a: Cinderace|Cinderace, F|100\/100\n|turn|12\n|\n|t:|1700695303\n|move|p2a: Cinderace|Court Change|p2a: Cinderace\n|-start|p2a: Cinderace|typechange|Normal|[from] ability: Libero\n|-swapsideconditions\n|-activate|p2a: Cinderace|move: Court Change\n|move|p1a: Al Capone|Headlong Rush|p2a: Cinderace\n|-damage|p2a: Cinderace|29\/100\n|-unboost|p1a: Al Capone|def|1\n|-unboost|p1a: Al Capone|spd|1\n|\n|upkeep\n|turn|13\n|\n|t:|1700695317\n|-end|p1a: Al Capone|Protosynthesis|[silent]\n|switch|p1a: Mothra|Iron Moth|60\/100\n|-activate|p1a: Mothra|move: Sticky Web\n|-unboost|p1a: Mothra|spe|1\n|move|p2a: Cinderace|U-turn|p1a: Mothra\n|-resisted|p1a: Mothra\n|-damage|p1a: Mothra|53\/100\n|\n|t:|1700695329\n|switch|p2a: Dragapult|Dragapult, F, shiny|88\/100|[from] U-turn\n|\n|-heal|p2a: Dragapult|94\/100|[from] item: Leftovers\n|upkeep\n|turn|14\n|\n|t:|1700695344\n|-end|p1a: Mothra|Quark Drive|[silent]\n|switch|p1a: Beth Harmon|Kingambit, F|100\/100\n|-activate|p1a: Beth Harmon|move: Sticky Web\n|-unboost|p1a: Beth Harmon|spe|1\n|move|p2a: Dragapult|Substitute|p2a: Dragapult\n|-start|p2a: Dragapult|Substitute\n|-damage|p2a: Dragapult|69\/100\n|\n|-heal|p2a: Dragapult|75\/100|[from] item: Leftovers\n|upkeep\n|turn|15\n|\n|t:|1700695352\n|move|p2a: Dragapult|Will-O-Wisp|p1a: Beth Harmon\n|-status|p1a: Beth Harmon|brn\n|move|p1a: Beth Harmon|Kowtow Cleave|p2a: Dragapult\n|-supereffective|p2a: Dragapult\n|-end|p2a: Dragapult|Substitute\n|\n|-heal|p2a: Dragapult|81\/100|[from] item: Leftovers\n|-damage|p1a: Beth Harmon|94\/100 brn|[from] brn\n|upkeep\n|turn|16\n|\n|t:|1700695357\n|switch|p2a: Alomomola|Alomomola, M|100\/100\n|move|p1a: Beth Harmon|Swords Dance|p1a: Beth Harmon\n|-boost|p1a: Beth Harmon|atk|2\n|\n|-damage|p1a: Beth Harmon|88\/100 brn|[from] brn\n|upkeep\n|turn|17\n|\n|t:|1700695366\n|-end|p1a: Beth Harmon|fallenundefined|[silent]\n|switch|p1a: Al Capone|Great Tusk, tera:Ice|100\/100 par\n|move|p2a: Alomomola|Wish|p2a: Alomomola\n|\n|upkeep\n|turn|18\n|\n|t:|1700695371\n|move|p2a: Alomomola|Flip Turn|p1a: Al Capone\n|-damage|p1a: Al Capone|90\/100 par\n|\n|t:|1700695378\n|switch|p2a: Dragapult|Dragapult, F, shiny|81\/100|[from] Flip Turn\n|move|p1a: Al Capone|Knock Off|p2a: Dragapult\n|-supereffective|p2a: Dragapult\n|-damage|p2a: Dragapult|0 fnt\n|-enditem|p2a: Dragapult|Leftovers|[from] move: Knock Off|[of] p1a: Al Capone\n|faint|p2a: Dragapult\n|\n|upkeep\n|\n|t:|1700695386\n|switch|p2a: Iron Valiant|Iron Valiant|100\/100\n|-enditem|p2a: Iron Valiant|Booster Energy\n|-activate|p2a: Iron Valiant|ability: Quark Drive|[fromitem]\n|-start|p2a: Iron Valiant|quarkdrivespe\n|turn|19\n|c|\u2606Thepo1iceman|Is that a custom avatar?\n|c|\u2606DrAlphaStone|no\n|\n|t:|1700695408\n|-end|p1a: Al Capone|Protosynthesis|[silent]\n|switch|p1a: Tinkerbell|Ribombee, F|70\/100\n|-activate|p1a: Tinkerbell|move: Sticky Web\n|-unboost|p1a: Tinkerbell|spe|1\n|move|p2a: Iron Valiant|Swords Dance|p2a: Iron Valiant\n|-boost|p2a: Iron Valiant|atk|2\n|\n|upkeep\n|turn|20\n|c|\u2606DrAlphaStone|you just have to search for it in the avatar menu\n|\n|t:|1700695416\n|move|p2a: Iron Valiant|Spirit Break|p1a: Tinkerbell\n|-damage|p1a: Tinkerbell|0 fnt\n|faint|p1a: Tinkerbell\n|\n|upkeep\n|\n|t:|1700695420\n|switch|p1a: Scrooge Mcduck|Gholdengo|100\/100\n|-item|p1a: Scrooge Mcduck|Air Balloon\n|turn|21\n|\n|t:|1700695427\n|-terastallize|p2a: Iron Valiant|Fighting\n|move|p2a: Iron Valiant|Spirit Break|p1a: Scrooge Mcduck\n|-resisted|p1a: Scrooge Mcduck\n|-damage|p1a: Scrooge Mcduck|58\/100\n|-unboost|p1a: Scrooge Mcduck|spa|1\n|-enditem|p1a: Scrooge Mcduck|Air Balloon\n|move|p1a: Scrooge Mcduck|Make It Rain|p2a: Iron Valiant\n|-damage|p2a: Iron Valiant|14\/100\n|-unboost|p1a: Scrooge Mcduck|spa|1\n|\n|upkeep\n|turn|22\n|c|\u2606Thepo1iceman|ah\n|\n|t:|1700695442\n|move|p2a: Iron Valiant|Spirit Break|p1a: Scrooge Mcduck\n|-resisted|p1a: Scrooge Mcduck\n|-damage|p1a: Scrooge Mcduck|20\/100\n|-unboost|p1a: Scrooge Mcduck|spa|1\n|move|p1a: Scrooge Mcduck|Make It Rain|p2a: Iron Valiant\n|-damage|p2a: Iron Valiant|0 fnt\n|-unboost|p1a: Scrooge Mcduck|spa|1\n|faint|p2a: Iron Valiant\n|-end|p2a: Iron Valiant|Quark Drive|[silent]\n|\n|upkeep\n|\n|t:|1700695445\n|switch|p2a: Alomomola|Alomomola, M|100\/100\n|turn|23\n|\n|t:|1700695447\n|switch|p1a: Bluey|Ogerpon-Wellspring, F|100\/100\n|-activate|p1a: Bluey|move: Sticky Web\n|-unboost|p1a: Bluey|spe|1\n|move|p2a: Alomomola|Wish|p2a: Alomomola\n|\n|upkeep\n|turn|24\n|\n|t:|1700695453\n|switch|p2a: Cinderace|Cinderace, F|29\/100\n|move|p1a: Bluey|Ivy Cudgel|p2a: Cinderace|[anim] Ivy Cudgel Water\n|-supereffective|p2a: Cinderace\n|-damage|p2a: Cinderace|0 fnt\n|faint|p2a: Cinderace\n|\n|upkeep\n|-message|DrAlphaStone forfeited.\n|\n|win|Thepo1iceman\n|raw|Thepo1iceman's rating: 1457 &rarr; <strong>1480<\/strong><br \/>(+23 for winning)\n|raw|DrAlphaStone's rating: 1518 &rarr; <strong>1495<\/strong><br \/>(-23 for losing)\n|l|\u2606DrAlphaStone\n|c|\u2606Thepo1iceman|gg\n","uploadtime":1700695641,"views":4,"p1id":"thepo1iceman","p2id":"dralphastone","formatid":"gen9ou","rating":1480,"private":0,"password":""}