{"id":"gen9ou-1990756634","p1":"its a gambit trust","p2":"Joshe444","format":"[Gen 9] OU","log":"|j|\u2606its a gambit trust\n|j|\u2606Joshe444\n|t:|1699997915\n|gametype|singles\n|player|p1|its a gambit trust|acerola-masters|1490\n|player|p2|Joshe444|grimsley-masters|1562\n|teamsize|p1|6\n|teamsize|p2|6\n|gen|9\n|tier|[Gen 9] OU\n|rated|\n|rule|Sleep Clause Mod: Limit one foe put to sleep\n|rule|Species Clause: Limit one of each Pok\u00e9mon\n|rule|OHKO Clause: OHKO moves are banned\n|rule|Evasion Items Clause: Evasion items are banned\n|rule|Evasion Moves Clause: Evasion moves are banned\n|rule|Endless Battle Clause: Forcing endless battles is banned\n|rule|HP Percentage Mod: HP is shown in percentages\n|clearpoke\n|poke|p1|Ting-Lu|\n|poke|p1|Zapdos|\n|poke|p1|Ogerpon-Wellspring, F|\n|poke|p1|Corviknight, F|\n|poke|p1|Slowking-Galar, F|\n|poke|p1|Dragonite, F|\n|poke|p2|Glimmora, F|\n|poke|p2|Meowscarada, F|\n|poke|p2|Iron Moth|\n|poke|p2|Garganacl, M|\n|poke|p2|Gholdengo|\n|poke|p2|Kingambit, F|\n|teampreview\n|inactive|Battle timer is ON: inactive players will automatically lose when time's up. (requested by its a gambit trust)\n|inactive|its a gambit trust has 120 seconds left.\n|inactive|Joshe444 has 120 seconds left.\n|\n|t:|1699997974\n|start\n|switch|p1a: Zapdos|Zapdos|100\/100\n|switch|p2a: Mike|Meowscarada, F|100\/100\n|turn|1\n|\n|t:|1699998000\n|move|p2a: Mike|Knock Off|p1a: Zapdos\n|-start|p2a: Mike|typechange|Dark|[from] ability: Protean\n|-damage|p1a: Zapdos|44\/100\n|-enditem|p1a: Zapdos|Heavy-Duty Boots|[from] move: Knock Off|[of] p2a: Mike\n|move|p1a: Zapdos|U-turn|p2a: Mike\n|-supereffective|p2a: Mike\n|-damage|p2a: Mike|57\/100\n|\n|t:|1699998008\n|switch|p1a: Corviknight|Corviknight, F|100\/100|[from] U-turn\n|-ability|p1a: Corviknight|Pressure\n|\n|upkeep\n|turn|2\n|\n|t:|1699998025\n|move|p2a: Mike|Knock Off|p1a: Corviknight\n|-damage|p1a: Corviknight|75\/100\n|-enditem|p1a: Corviknight|Leftovers|[from] move: Knock Off|[of] p2a: Mike\n|move|p1a: Corviknight|Body Press|p2a: Mike\n|-supereffective|p2a: Mike\n|-damage|p2a: Mike|0 fnt\n|faint|p2a: Mike\n|\n|upkeep\n|\n|t:|1699998031\n|switch|p2a: Mecha Utsuho|Iron Moth|100\/100\n|-enditem|p2a: Mecha Utsuho|Booster Energy\n|-activate|p2a: Mecha Utsuho|ability: Quark Drive|[fromitem]\n|-start|p2a: Mecha Utsuho|quarkdrivespe\n|turn|3\n|\n|t:|1699998039\n|-end|p2a: Mecha Utsuho|Quark Drive|[silent]\n|switch|p2a: ! Mini Boss !|Glimmora, F|100\/100\n|switch|p1a: Slowking|Slowking-Galar, F|100\/100\n|\n|upkeep\n|turn|4\n|\n|t:|1699998045\n|move|p2a: ! Mini Boss !|Stealth Rock|p1a: Slowking\n|-sidestart|p1: its a gambit trust|move: Stealth Rock\n|move|p1a: Slowking|Future Sight|p2a: ! Mini Boss !\n|-start|p1a: Slowking|move: Future Sight\n|\n|upkeep\n|turn|5\n|\n|t:|1699998050\n|move|p2a: ! Mini Boss !|Earth Power|p1a: Slowking\n|-supereffective|p1a: Slowking\n|-damage|p1a: Slowking|51\/100\n|move|p1a: Slowking|Sludge Bomb|p2a: ! Mini Boss !\n|-resisted|p2a: ! Mini Boss !\n|-damage|p2a: ! Mini Boss !|89\/100\n|\n|upkeep\n|turn|6\n|\n|t:|1699998065\n|switch|p2a: True Administrator|Kingambit, F|100\/100\n|-activate|p2a: True Administrator|ability: Supreme Overlord\n|-start|p2a: True Administrator|fallen1|[silent]\n|switch|p1a: Corviknight|Corviknight, F|75\/100\n|-damage|p1a: Corviknight|63\/100|[from] Stealth Rock\n|-ability|p1a: Corviknight|Pressure\n|\n|-end|p2a: True Administrator|move: Future Sight\n|-immune|p2a: True Administrator\n|upkeep\n|turn|7\n|\n|t:|1699998082\n|-end|p2a: True Administrator|fallen1|[silent]\n|switch|p2a: Y. Jo'on|Gholdengo|100\/100\n|-item|p2a: Y. Jo'on|Air Balloon\n|move|p1a: Corviknight|Roost|p1a: Corviknight\n|-heal|p1a: Corviknight|100\/100\n|-singleturn|p1a: Corviknight|move: Roost\n|\n|upkeep\n|turn|8\n|\n|t:|1699998086\n|move|p2a: Y. Jo'on|Thunderbolt|p1a: Corviknight\n|-supereffective|p1a: Corviknight\n|-damage|p1a: Corviknight|36\/100\n|move|p1a: Corviknight|U-turn|p2a: Y. Jo'on\n|-resisted|p2a: Y. Jo'on\n|-damage|p2a: Y. Jo'on|96\/100\n|-enditem|p2a: Y. Jo'on|Air Balloon\n|\n|t:|1699998096\n|switch|p1a: Ting-Lu|Ting-Lu|100\/100|[from] U-turn\n|-damage|p1a: Ting-Lu|94\/100|[from] Stealth Rock\n|-ability|p1a: Ting-Lu|Vessel of Ruin\n|\n|-heal|p1a: Ting-Lu|100\/100|[from] item: Leftovers\n|upkeep\n|turn|9\n|\n|t:|1699998110\n|switch|p2a: ! Mini Boss !|Glimmora, F|89\/100\n|move|p1a: Ting-Lu|Earthquake|p2a: ! Mini Boss !\n|-supereffective|p2a: ! Mini Boss !\n|-damage|p2a: ! Mini Boss !|0 fnt\n|-activate|p2a: ! Mini Boss !|ability: Toxic Debris\n|-sidestart|p1: its a gambit trust|move: Toxic Spikes\n|faint|p2a: ! Mini Boss !\n|\n|upkeep\n|c|\u2606its a gambit trust|bros hitting the builder and adding a flying type\n|\n|t:|1699998117\n|switch|p2a: True Administrator|Kingambit, F|100\/100\n|-activate|p2a: True Administrator|ability: Supreme Overlord\n|-start|p2a: True Administrator|fallen2|[silent]\n|turn|10\n|c|\u2606Joshe444|lol\n|\n|t:|1699998129\n|move|p2a: True Administrator|Iron Head|p1a: Ting-Lu\n|-damage|p1a: Ting-Lu|66\/100\n|move|p1a: Ting-Lu|Earthquake|p2a: True Administrator\n|-supereffective|p2a: True Administrator\n|-damage|p2a: True Administrator|34\/100\n|\n|-heal|p1a: Ting-Lu|72\/100|[from] item: Leftovers\n|upkeep\n|turn|11\n|\n|t:|1699998144\n|move|p2a: True Administrator|Iron Head|p1a: Ting-Lu\n|-damage|p1a: Ting-Lu|38\/100\n|move|p1a: Ting-Lu|Earthquake|p2a: True Administrator\n|-supereffective|p2a: True Administrator\n|-damage|p2a: True Administrator|0 fnt\n|faint|p2a: True Administrator\n|-end|p2a: True Administrator|fallen2|[silent]\n|\n|-heal|p1a: Ting-Lu|44\/100|[from] item: Leftovers\n|upkeep\n|c|\u2606Joshe444|gg :)\n|-message|Joshe444 forfeited.\n|\n|win|its a gambit trust\n|raw|its a gambit trust's rating: 1490 &rarr; <strong>1514<\/strong><br \/>(+24 for winning)\n|raw|Joshe444's rating: 1562 &rarr; <strong>1538<\/strong><br \/>(-24 for losing)\n|l|\u2606Joshe444\n","uploadtime":1699998158,"views":10,"p1id":"itsagambittrust","p2id":"joshe444","formatid":"gen9ou","rating":1514,"private":0,"password":""}