{"id":"gen9ou-1992459644","p1":"Blurred Ace","p2":"little man skwovet","format":"[Gen 9] OU","log":"|j|\u2606Blurred Ace\n|j|\u2606little man skwovet\n|t:|1700190191\n|gametype|singles\n|player|p1|Blurred Ace|gambler|1523\n|player|p2|little man skwovet|265|1637\n|teamsize|p1|6\n|teamsize|p2|6\n|gen|9\n|tier|[Gen 9] OU\n|rated|\n|rule|Sleep Clause Mod: Limit one foe put to sleep\n|rule|Species Clause: Limit one of each Pok\u00e9mon\n|rule|OHKO Clause: OHKO moves are banned\n|rule|Evasion Items Clause: Evasion items are banned\n|rule|Evasion Moves Clause: Evasion moves are banned\n|rule|Endless Battle Clause: Forcing endless battles is banned\n|rule|HP Percentage Mod: HP is shown in percentages\n|clearpoke\n|poke|p1|Dragapult, M|\n|poke|p1|Scizor, M|\n|poke|p1|Samurott-Hisui, M|\n|poke|p1|Garchomp, M|\n|poke|p1|Great Tusk|\n|poke|p1|Slowking, M|\n|poke|p2|Heatran, F|\n|poke|p2|Blissey, F|\n|poke|p2|Alomomola, M|\n|poke|p2|Weezing-Galar, M|\n|poke|p2|Dondozo, M|\n|poke|p2|Ting-Lu|\n|teampreview\n|\n|t:|1700190199\n|start\n|switch|p1a: Dragapult|Dragapult, M|100\/100\n|switch|p2a: Weezing|Weezing-Galar, M|100\/100\n|-ability|p2a: Weezing|Neutralizing Gas\n|turn|1\n|\n|t:|1700190203\n|-end|p2a: Weezing|ability: Neutralizing Gas\n|switch|p2a: Alomomola|Alomomola, M|100\/100\n|move|p1a: Dragapult|U-turn|p2a: Alomomola\n|-damage|p2a: Alomomola|90\/100\n|\n|t:|1700190208\n|switch|p1a: Samurott|Samurott-Hisui, M|100\/100|[from] U-turn\n|\n|-heal|p2a: Alomomola|96\/100|[from] item: Leftovers\n|upkeep\n|turn|2\n|\n|t:|1700190211\n|move|p1a: Samurott|Knock Off|p2a: Alomomola\n|-damage|p2a: Alomomola|71\/100\n|-enditem|p2a: Alomomola|Leftovers|[from] move: Knock Off|[of] p1a: Samurott\n|move|p2a: Alomomola|Flip Turn|p1a: Samurott\n|-resisted|p1a: Samurott\n|-damage|p1a: Samurott|91\/100\n|\n|t:|1700190214\n|switch|p2a: Weezing|Weezing-Galar, M|100\/100|[from] Flip Turn\n|-ability|p2a: Weezing|Neutralizing Gas\n|\n|upkeep\n|turn|3\n|\n|t:|1700190219\n|switch|p1a: Slowking|Slowking, M|100\/100\n|move|p2a: Weezing|Will-O-Wisp|p1a: Slowking\n|-status|p1a: Slowking|brn\n|\n|-damage|p1a: Slowking|94\/100 brn|[from] brn\n|upkeep\n|turn|4\n|\n|t:|1700190223\n|-end|p2a: Weezing|ability: Neutralizing Gas\n|switch|p2a: Ting-Lu|Ting-Lu|100\/100\n|-ability|p2a: Ting-Lu|Vessel of Ruin\n|move|p1a: Slowking|Future Sight|p2a: Ting-Lu\n|-start|p1a: Slowking|move: Future Sight\n|\n|-heal|p1a: Slowking|100\/100 brn|[from] item: Leftovers\n|-damage|p1a: Slowking|94\/100 brn|[from] brn\n|upkeep\n|turn|5\n|\n|t:|1700190226\n|move|p2a: Ting-Lu|Spikes|p1a: Slowking\n|-sidestart|p1: Blurred Ace|Spikes\n|move|p1a: Slowking|Chilly Reception|p1a: Slowking\n|-weather|Snow\n|\n|t:|1700190228\n|switch|p1a: Scizor|Scizor, M|100\/100|[from] Chilly Reception\n|-damage|p1a: Scizor|88\/100|[from] Spikes\n|\n|-weather|Snow|[upkeep]\n|upkeep\n|turn|6\n|\n|t:|1700190230\n|move|p2a: Ting-Lu|Protect|p2a: Ting-Lu\n|-singleturn|p2a: Ting-Lu|Protect\n|move|p1a: Scizor|Close Combat|p2a: Ting-Lu\n|-activate|p2a: Ting-Lu|move: Protect\n|\n|-weather|Snow|[upkeep]\n|-end|p2a: Ting-Lu|move: Future Sight\n|-immune|p2a: Ting-Lu\n|upkeep\n|turn|7\n|\n|t:|1700190238\n|switch|p2a: Alomomola|Alomomola, M|100\/100\n|move|p1a: Scizor|Close Combat|p2a: Alomomola\n|-damage|p2a: Alomomola|60\/100\n|-unboost|p1a: Scizor|def|1\n|-unboost|p1a: Scizor|spd|1\n|\n|-weather|Snow|[upkeep]\n|upkeep\n|turn|8\n|\n|t:|1700190248\n|switch|p1a: Slowking|Slowking, M|100\/100 brn\n|-damage|p1a: Slowking|88\/100 brn|[from] Spikes\n|switch|p2a: Weezing|Weezing-Galar, M|100\/100\n|-ability|p2a: Weezing|Neutralizing Gas\n|\n|-weather|Snow|[upkeep]\n|-heal|p1a: Slowking|94\/100 brn|[from] item: Leftovers\n|-damage|p1a: Slowking|88\/100 brn|[from] brn\n|upkeep\n|turn|9\n|\n|t:|1700190255\n|-end|p2a: Weezing|ability: Neutralizing Gas\n|switch|p2a: Alomomola|Alomomola, M|93\/100\n|move|p1a: Slowking|Future Sight|p2a: Alomomola\n|-start|p1a: Slowking|move: Future Sight\n|\n|-weather|none\n|-heal|p1a: Slowking|94\/100 brn|[from] item: Leftovers\n|-damage|p1a: Slowking|88\/100 brn|[from] brn\n|upkeep\n|turn|10\n|\n|t:|1700190257\n|move|p2a: Alomomola|Flip Turn|p1a: Slowking\n|-resisted|p1a: Slowking\n|-damage|p1a: Slowking|81\/100 brn\n|\n|t:|1700190260\n|switch|p2a: Ting-Lu|Ting-Lu|100\/100|[from] Flip Turn\n|-ability|p2a: Ting-Lu|Vessel of Ruin\n|move|p1a: Slowking|Chilly Reception|p1a: Slowking\n|-weather|Snow\n|\n|t:|1700190274\n|switch|p1a: Great Tusk|Great Tusk|100\/100|[from] Chilly Reception\n|-damage|p1a: Great Tusk|88\/100|[from] Spikes\n|\n|-weather|Snow|[upkeep]\n|-heal|p1a: Great Tusk|94\/100|[from] item: Leftovers\n|upkeep\n|turn|11\n|\n|t:|1700190276\n|move|p2a: Ting-Lu|Protect|p2a: Ting-Lu\n|-singleturn|p2a: Ting-Lu|Protect\n|move|p1a: Great Tusk|Bulk Up|p1a: Great Tusk\n|-boost|p1a: Great Tusk|atk|1\n|-boost|p1a: Great Tusk|def|1\n|\n|-weather|Snow|[upkeep]\n|-end|p2a: Ting-Lu|move: Future Sight\n|-immune|p2a: Ting-Lu\n|-heal|p1a: Great Tusk|100\/100|[from] item: Leftovers\n|upkeep\n|turn|12\n|\n|t:|1700190283\n|switch|p2a: Alomomola|Alomomola, M|100\/100\n|move|p1a: Great Tusk|Knock Off|p2a: Alomomola\n|-damage|p2a: Alomomola|76\/100\n|\n|-weather|Snow|[upkeep]\n|upkeep\n|turn|13\n|\n|t:|1700190285\n|move|p1a: Great Tusk|Earthquake|p2a: Alomomola\n|-damage|p2a: Alomomola|27\/100\n|move|p2a: Alomomola|Flip Turn|p1a: Great Tusk\n|-supereffective|p1a: Great Tusk\n|-damage|p1a: Great Tusk|88\/100\n|\n|t:|1700190295\n|switch|p2a: Weezing|Weezing-Galar, M|100\/100|[from] Flip Turn\n|-ability|p2a: Weezing|Neutralizing Gas\n|\n|-weather|Snow|[upkeep]\n|-heal|p1a: Great Tusk|94\/100|[from] item: Leftovers\n|upkeep\n|turn|14\n|\n|t:|1700190301\n|move|p1a: Great Tusk|Earthquake|p2a: Weezing\n|-supereffective|p2a: Weezing\n|-damage|p2a: Weezing|0 fnt\n|faint|p2a: Weezing\n|-end|p2a: Weezing|ability: Neutralizing Gas\n|\n|-weather|none\n|-heal|p1a: Great Tusk|100\/100|[from] item: Leftovers\n|upkeep\n|\n|t:|1700190305\n|switch|p2a: Dondozo|Dondozo, M|100\/100\n|turn|15\n|\n|t:|1700190307\n|move|p1a: Great Tusk|Knock Off|p2a: Dondozo\n|-damage|p2a: Dondozo|80\/100\n|-enditem|p2a: Dondozo|Leftovers|[from] move: Knock Off|[of] p1a: Great Tusk\n|move|p2a: Dondozo|Curse|p2a: Dondozo\n|-unboost|p2a: Dondozo|spe|1\n|-boost|p2a: Dondozo|atk|1\n|-boost|p2a: Dondozo|def|1\n|\n|upkeep\n|turn|16\n|\n|t:|1700190318\n|-end|p1a: Great Tusk|Protosynthesis|[silent]\n|switch|p1a: Garchomp|Garchomp, M|100\/100\n|-damage|p1a: Garchomp|88\/100|[from] Spikes\n|move|p2a: Dondozo|Wave Crash|p1a: Garchomp\n|-damage|p1a: Garchomp|31\/100\n|-damage|p2a: Dondozo|67\/100|[from] ability: Rough Skin|[of] p1a: Garchomp\n|-damage|p2a: Dondozo|51\/100|[from] item: Rocky Helmet|[of] p1a: Garchomp\n|-damage|p2a: Dondozo|37\/100|[from] Recoil\n|\n|upkeep\n|turn|17\n|\n|t:|1700190328\n|move|p1a: Garchomp|Stealth Rock|p2a: Dondozo\n|-sidestart|p2: little man skwovet|move: Stealth Rock\n|move|p2a: Dondozo|Rest|p2a: Dondozo\n|-status|p2a: Dondozo|slp|[from] move: Rest\n|-heal|p2a: Dondozo|100\/100 slp|[silent]\n|\n|upkeep\n|turn|18\n|\n|t:|1700190330\n|cant|p2a: Dondozo|slp\n|move|p2a: Dondozo|Sleep Talk|p2a: Dondozo\n|move|p2a: Dondozo|Wave Crash|p1a: Garchomp|[from]move: Sleep Talk\n|-damage|p1a: Garchomp|0 fnt\n|-damage|p2a: Dondozo|88\/100 slp|[from] ability: Rough Skin|[of] p1a: Garchomp\n|-damage|p2a: Dondozo|71\/100 slp|[from] item: Rocky Helmet|[of] p1a: Garchomp\n|faint|p1a: Garchomp\n|-damage|p2a: Dondozo|64\/100 slp|[from] Recoil\n|\n|upkeep\n|\n|t:|1700190338\n|switch|p1a: Dragapult|Dragapult, M|100\/100\n|turn|19\n|\n|t:|1700190343\n|switch|p2a: Ting-Lu|Ting-Lu|100\/100\n|-damage|p2a: Ting-Lu|94\/100|[from] Stealth Rock\n|-ability|p2a: Ting-Lu|Vessel of Ruin\n|move|p1a: Dragapult|Hex|p2a: Ting-Lu\n|-resisted|p2a: Ting-Lu\n|-damage|p2a: Ting-Lu|88\/100\n|\n|-heal|p2a: Ting-Lu|94\/100|[from] item: Leftovers\n|upkeep\n|turn|20\n|\n|t:|1700190347\n|move|p1a: Dragapult|Will-O-Wisp|p2a: Ting-Lu\n|-status|p2a: Ting-Lu|brn\n|move|p2a: Ting-Lu|Earthquake|p1a: Dragapult\n|-damage|p1a: Dragapult|73\/100\n|\n|-heal|p2a: Ting-Lu|100\/100 brn|[from] item: Leftovers\n|-damage|p2a: Ting-Lu|94\/100 brn|[from] brn\n|upkeep\n|turn|21\n|\n|t:|1700190352\n|move|p1a: Dragapult|Draco Meteor|p2a: Ting-Lu\n|-damage|p2a: Ting-Lu|71\/100 brn\n|-unboost|p1a: Dragapult|spa|2\n|move|p2a: Ting-Lu|Earthquake|p1a: Dragapult\n|-damage|p1a: Dragapult|43\/100\n|\n|-heal|p2a: Ting-Lu|77\/100 brn|[from] item: Leftovers\n|-damage|p2a: Ting-Lu|71\/100 brn|[from] brn\n|upkeep\n|turn|22\n|\n|t:|1700190356\n|move|p1a: Dragapult|U-turn|p2a: Ting-Lu\n|-supereffective|p2a: Ting-Lu\n|-damage|p2a: Ting-Lu|49\/100 brn\n|\n|t:|1700190360\n|switch|p1a: Great Tusk|Great Tusk|100\/100|[from] U-turn\n|-damage|p1a: Great Tusk|88\/100|[from] Spikes\n|move|p2a: Ting-Lu|Earthquake|p1a: Great Tusk\n|-damage|p1a: Great Tusk|77\/100\n|\n|-heal|p1a: Great Tusk|84\/100|[from] item: Leftovers\n|-heal|p2a: Ting-Lu|55\/100 brn|[from] item: Leftovers\n|-damage|p2a: Ting-Lu|49\/100 brn|[from] brn\n|upkeep\n|turn|23\n|\n|t:|1700190365\n|switch|p2a: Heatran|Heatran, F|100\/100\n|-damage|p2a: Heatran|88\/100|[from] Stealth Rock\n|move|p1a: Great Tusk|Rapid Spin|p2a: Heatran\n|-resisted|p2a: Heatran\n|-damage|p2a: Heatran|82\/100\n|-boost|p1a: Great Tusk|spe|1\n|-sideend|p1: Blurred Ace|Spikes|[from] move: Rapid Spin|[of] p1a: Great Tusk\n|\n|-heal|p1a: Great Tusk|90\/100|[from] item: Leftovers\n|-heal|p2a: Heatran|88\/100|[from] item: Leftovers\n|upkeep\n|turn|24\n|\n|t:|1700190382\n|-terastallize|p2a: Heatran|Grass\n|move|p1a: Great Tusk|Earthquake|p2a: Heatran\n|-resisted|p2a: Heatran\n|-damage|p2a: Heatran|71\/100\n|move|p2a: Heatran|Will-O-Wisp|p1a: Great Tusk\n|-status|p1a: Great Tusk|brn\n|\n|-heal|p1a: Great Tusk|96\/100 brn|[from] item: Leftovers\n|-heal|p2a: Heatran|77\/100|[from] item: Leftovers\n|-damage|p1a: Great Tusk|90\/100 brn|[from] brn\n|upkeep\n|turn|25\n|\n|t:|1700190389\n|move|p1a: Great Tusk|Knock Off|p2a: Heatran\n|-damage|p2a: Heatran|65\/100\n|-enditem|p2a: Heatran|Leftovers|[from] move: Knock Off|[of] p1a: Great Tusk\n|move|p2a: Heatran|Stealth Rock|p1a: Great Tusk\n|-sidestart|p1: Blurred Ace|move: Stealth Rock\n|\n|-heal|p1a: Great Tusk|96\/100 brn|[from] item: Leftovers\n|-damage|p1a: Great Tusk|90\/100 brn|[from] brn\n|upkeep\n|turn|26\n|\n|t:|1700190403\n|move|p1a: Great Tusk|Rapid Spin|p2a: Heatran\n|-crit|p2a: Heatran\n|-damage|p2a: Heatran|57\/100\n|-boost|p1a: Great Tusk|spe|1\n|-sideend|p1: Blurred Ace|Stealth Rock|[from] move: Rapid Spin|[of] p1a: Great Tusk\n|move|p2a: Heatran|Lava Plume|p1a: Great Tusk\n|-damage|p1a: Great Tusk|48\/100 brn\n|\n|-heal|p1a: Great Tusk|54\/100 brn|[from] item: Leftovers\n|-damage|p1a: Great Tusk|48\/100 brn|[from] brn\n|upkeep\n|turn|27\n|\n|t:|1700190412\n|-end|p1a: Great Tusk|Protosynthesis|[silent]\n|switch|p1a: Slowking|Slowking, M|100\/100 brn\n|move|p2a: Heatran|Stealth Rock|p1a: Slowking\n|-sidestart|p1: Blurred Ace|move: Stealth Rock\n|\n|-damage|p1a: Slowking|94\/100 brn|[from] brn\n|upkeep\n|turn|28\n|\n|t:|1700190417\n|move|p2a: Heatran|Rest|p2a: Heatran\n|-status|p2a: Heatran|slp|[from] move: Rest\n|-heal|p2a: Heatran|100\/100 slp|[silent]\n|move|p1a: Slowking|Future Sight|p2a: Heatran\n|-start|p1a: Slowking|move: Future Sight\n|\n|-heal|p1a: Slowking|100\/100 brn|[from] item: Leftovers\n|-damage|p1a: Slowking|94\/100 brn|[from] brn\n|upkeep\n|turn|29\n|\n|t:|1700190419\n|switch|p2a: Blissey|Blissey, F|100\/100\n|move|p1a: Slowking|Blizzard|p2a: Blissey|[miss]\n|-miss|p1a: Slowking|p2a: Blissey\n|\n|-heal|p1a: Slowking|100\/100 brn|[from] item: Leftovers\n|-damage|p1a: Slowking|94\/100 brn|[from] brn\n|upkeep\n|turn|30\n|\n|t:|1700190423\n|move|p2a: Blissey|Heal Bell|p2a: Blissey\n|-activate|p2a: Blissey|move: Heal Bell\n|-curestatus|p2: Heatran|slp|[msg]\n|-curestatus|p2: Dondozo|slp|[msg]\n|-curestatus|p2: Ting-Lu|brn|[msg]\n|move|p1a: Slowking|Chilly Reception|p1a: Slowking\n|-weather|Snow\n|\n|t:|1700190428\n|switch|p1a: Scizor|Scizor, M|88\/100|[from] Chilly Reception\n|-damage|p1a: Scizor|76\/100|[from] Stealth Rock\n|\n|-weather|Snow|[upkeep]\n|-end|p2a: Blissey|move: Future Sight\n|-damage|p2a: Blissey|87\/100\n|upkeep\n|turn|31\n|\n|t:|1700190432\n|switch|p2a: Heatran|Heatran, F, tera:Grass|100\/100\n|-damage|p2a: Heatran|88\/100|[from] Stealth Rock\n|move|p1a: Scizor|Knock Off|p2a: Heatran\n|-damage|p2a: Heatran|66\/100\n|\n|-weather|Snow|[upkeep]\n|upkeep\n|turn|32\n|\n|t:|1700190440\n|switch|p1a: Slowking|Slowking, M|100\/100 brn\n|-damage|p1a: Slowking|88\/100 brn|[from] Stealth Rock\n|move|p2a: Heatran|Lava Plume|p1a: Slowking\n|-resisted|p1a: Slowking\n|-damage|p1a: Slowking|78\/100 brn\n|\n|-weather|Snow|[upkeep]\n|-heal|p1a: Slowking|84\/100 brn|[from] item: Leftovers\n|-damage|p1a: Slowking|78\/100 brn|[from] brn\n|upkeep\n|turn|33\n|\n|t:|1700190445\n|switch|p2a: Alomomola|Alomomola, M|60\/100\n|-damage|p2a: Alomomola|48\/100|[from] Stealth Rock\n|move|p1a: Slowking|Blizzard|p2a: Alomomola\n|-resisted|p2a: Alomomola\n|-damage|p2a: Alomomola|36\/100\n|\n|-weather|Snow|[upkeep]\n|-heal|p1a: Slowking|84\/100 brn|[from] item: Leftovers\n|-damage|p1a: Slowking|78\/100 brn|[from] brn\n|upkeep\n|turn|34\n|\n|t:|1700190449\n|move|p2a: Alomomola|Wish|p2a: Alomomola\n|move|p1a: Slowking|Chilly Reception|p1a: Slowking\n|\n|t:|1700190456\n|switch|p1a: Great Tusk|Great Tusk|48\/100 brn|[from] Chilly Reception\n|-damage|p1a: Great Tusk|45\/100 brn|[from] Stealth Rock\n|\n|-weather|none\n|-heal|p1a: Great Tusk|51\/100 brn|[from] item: Leftovers\n|-damage|p1a: Great Tusk|45\/100 brn|[from] brn\n|upkeep\n|turn|35\n|\n|t:|1700190460\n|switch|p2a: Heatran|Heatran, F, tera:Grass|66\/100\n|-damage|p2a: Heatran|53\/100|[from] Stealth Rock\n|move|p1a: Great Tusk|Rapid Spin|p2a: Heatran\n|-damage|p2a: Heatran|47\/100\n|-boost|p1a: Great Tusk|spe|1\n|-sideend|p1: Blurred Ace|Stealth Rock|[from] move: Rapid Spin|[of] p1a: Great Tusk\n|\n|-heal|p2a: Heatran|100\/100|[from] move: Wish|[wisher] Alomomola\n|-heal|p1a: Great Tusk|51\/100 brn|[from] item: Leftovers\n|-damage|p1a: Great Tusk|45\/100 brn|[from] brn\n|upkeep\n|turn|36\n|\n|t:|1700190465\n|-end|p1a: Great Tusk|Protosynthesis|[silent]\n|switch|p1a: Slowking|Slowking, M|100\/100 brn\n|move|p2a: Heatran|Stealth Rock|p1a: Slowking\n|-sidestart|p1: Blurred Ace|move: Stealth Rock\n|\n|-damage|p1a: Slowking|94\/100 brn|[from] brn\n|upkeep\n|turn|37\n|\n|t:|1700190469\n|switch|p2a: Alomomola|Alomomola, M|69\/100\n|-damage|p2a: Alomomola|57\/100|[from] Stealth Rock\n|move|p1a: Slowking|Chilly Reception|p1a: Slowking\n|-weather|Snow\n|\n|t:|1700190472\n|switch|p1a: Great Tusk|Great Tusk|45\/100 brn|[from] Chilly Reception\n|-damage|p1a: Great Tusk|42\/100 brn|[from] Stealth Rock\n|\n|-weather|Snow|[upkeep]\n|-heal|p1a: Great Tusk|48\/100 brn|[from] item: Leftovers\n|-damage|p1a: Great Tusk|42\/100 brn|[from] brn\n|upkeep\n|turn|38\n|\n|t:|1700190475\n|switch|p2a: Heatran|Heatran, F, tera:Grass|100\/100\n|-damage|p2a: Heatran|88\/100|[from] Stealth Rock\n|move|p1a: Great Tusk|Rapid Spin|p2a: Heatran\n|-damage|p2a: Heatran|82\/100\n|-boost|p1a: Great Tusk|spe|1\n|-sideend|p1: Blurred Ace|Stealth Rock|[from] move: Rapid Spin|[of] p1a: Great Tusk\n|\n|-weather|Snow|[upkeep]\n|-heal|p1a: Great Tusk|48\/100 brn|[from] item: Leftovers\n|-damage|p1a: Great Tusk|42\/100 brn|[from] brn\n|upkeep\n|turn|39\n|\n|t:|1700190484\n|-end|p1a: Great Tusk|Protosynthesis|[silent]\n|switch|p1a: Slowking|Slowking, M|100\/100 brn\n|move|p2a: Heatran|Stealth Rock|p1a: Slowking\n|-sidestart|p1: Blurred Ace|move: Stealth Rock\n|\n|-weather|Snow|[upkeep]\n|-damage|p1a: Slowking|94\/100 brn|[from] brn\n|upkeep\n|turn|40\n|\n|t:|1700190488\n|switch|p2a: Alomomola|Alomomola, M|90\/100\n|-damage|p2a: Alomomola|78\/100|[from] Stealth Rock\n|move|p1a: Slowking|Blizzard|p2a: Alomomola\n|-resisted|p2a: Alomomola\n|-damage|p2a: Alomomola|65\/100\n|\n|-weather|Snow|[upkeep]\n|-heal|p1a: Slowking|100\/100 brn|[from] item: Leftovers\n|-damage|p1a: Slowking|94\/100 brn|[from] brn\n|upkeep\n|turn|41\n|\n|t:|1700190500\n|move|p2a: Alomomola|Wish|p2a: Alomomola\n|move|p1a: Slowking|Future Sight|p2a: Alomomola\n|-start|p1a: Slowking|move: Future Sight\n|\n|-weather|none\n|-heal|p1a: Slowking|100\/100 brn|[from] item: Leftovers\n|-damage|p1a: Slowking|94\/100 brn|[from] brn\n|upkeep\n|turn|42\n|\n|t:|1700190503\n|move|p2a: Alomomola|Flip Turn|p1a: Slowking\n|-resisted|p1a: Slowking\n|-damage|p1a: Slowking|87\/100 brn\n|\n|t:|1700190505\n|switch|p2a: Ting-Lu|Ting-Lu|49\/100|[from] Flip Turn\n|-damage|p2a: Ting-Lu|43\/100|[from] Stealth Rock\n|-ability|p2a: Ting-Lu|Vessel of Ruin\n|move|p1a: Slowking|Chilly Reception|p1a: Slowking\n|-weather|Snow\n|\n|t:|1700190510\n|switch|p1a: Scizor|Scizor, M|76\/100|[from] Chilly Reception\n|-damage|p1a: Scizor|64\/100|[from] Stealth Rock\n|\n|-weather|Snow|[upkeep]\n|-heal|p2a: Ting-Lu|90\/100|[from] move: Wish|[wisher] Alomomola\n|-heal|p2a: Ting-Lu|96\/100|[from] item: Leftovers\n|upkeep\n|turn|43\n|\n|t:|1700190515\n|move|p2a: Ting-Lu|Protect|p2a: Ting-Lu\n|-singleturn|p2a: Ting-Lu|Protect\n|move|p1a: Scizor|Close Combat|p2a: Ting-Lu\n|-activate|p2a: Ting-Lu|move: Protect\n|\n|-weather|Snow|[upkeep]\n|-end|p2a: Ting-Lu|move: Future Sight\n|-immune|p2a: Ting-Lu\n|-heal|p2a: Ting-Lu|100\/100|[from] item: Leftovers\n|upkeep\n|turn|44\n|\n|t:|1700190519\n|switch|p2a: Alomomola|Alomomola, M|99\/100\n|-damage|p2a: Alomomola|86\/100|[from] Stealth Rock\n|move|p1a: Scizor|Close Combat|p2a: Alomomola\n|-damage|p2a: Alomomola|46\/100\n|-unboost|p1a: Scizor|def|1\n|-unboost|p1a: Scizor|spd|1\n|\n|-weather|Snow|[upkeep]\n|upkeep\n|turn|45\n|\n|t:|1700190526\n|move|p1a: Scizor|Close Combat|p2a: Alomomola\n|-damage|p2a: Alomomola|2\/100\n|-unboost|p1a: Scizor|def|1\n|-unboost|p1a: Scizor|spd|1\n|move|p2a: Alomomola|Wish|p2a: Alomomola\n|\n|-weather|Snow|[upkeep]\n|upkeep\n|turn|46\n|\n|t:|1700190529\n|move|p2a: Alomomola|Protect|p2a: Alomomola\n|-singleturn|p2a: Alomomola|Protect\n|move|p1a: Scizor|Close Combat|p2a: Alomomola\n|-activate|p2a: Alomomola|move: Protect\n|\n|-weather|none\n|-heal|p2a: Alomomola|52\/100|[from] move: Wish|[wisher] Alomomola\n|upkeep\n|turn|47\n|\n|t:|1700190533\n|move|p1a: Scizor|Close Combat|p2a: Alomomola\n|-damage|p2a: Alomomola|9\/100\n|-unboost|p1a: Scizor|def|1\n|-unboost|p1a: Scizor|spd|1\n|move|p2a: Alomomola|Wish|p2a: Alomomola\n|\n|upkeep\n|turn|48\n|\n|t:|1700190539\n|switch|p1a: Slowking|Slowking, M|100\/100 brn\n|-damage|p1a: Slowking|88\/100 brn|[from] Stealth Rock\n|move|p2a: Alomomola|Protect||[still]\n|-fail|p2a: Alomomola\n|\n|-heal|p2a: Alomomola|59\/100|[from] move: Wish|[wisher] Alomomola\n|-heal|p1a: Slowking|94\/100 brn|[from] item: Leftovers\n|-damage|p1a: Slowking|88\/100 brn|[from] brn\n|upkeep\n|turn|49\n|\n|t:|1700190546\n|move|p2a: Alomomola|Wish|p2a: Alomomola\n|move|p1a: Slowking|Chilly Reception|p1a: Slowking\n|-weather|Snow\n|\n|t:|1700190550\n|switch|p1a: Samurott|Samurott-Hisui, M|91\/100|[from] Chilly Reception\n|-damage|p1a: Samurott|79\/100|[from] Stealth Rock\n|\n|-weather|Snow|[upkeep]\n|upkeep\n|turn|50\n|\n|t:|1700190555\n|move|p1a: Samurott|Ceaseless Edge|p2a: Alomomola\n|-damage|p2a: Alomomola|31\/100\n|-sidestart|p2: little man skwovet|Spikes\n|move|p2a: Alomomola|Flip Turn|p1a: Samurott\n|-resisted|p1a: Samurott\n|-damage|p1a: Samurott|70\/100\n|\n|t:|1700190558\n|switch|p2a: Heatran|Heatran, F, tera:Grass|82\/100|[from] Flip Turn\n|-damage|p2a: Heatran|70\/100|[from] Stealth Rock\n|-damage|p2a: Heatran|57\/100|[from] Spikes\n|\n|-weather|Snow|[upkeep]\n|-heal|p2a: Heatran|100\/100|[from] move: Wish|[wisher] Alomomola\n|upkeep\n|turn|51\n|\n|t:|1700190563\n|switch|p1a: Slowking|Slowking, M|100\/100 brn\n|-damage|p1a: Slowking|88\/100 brn|[from] Stealth Rock\n|move|p2a: Heatran|Lava Plume|p1a: Slowking\n|-resisted|p1a: Slowking\n|-damage|p1a: Slowking|77\/100 brn\n|\n|-weather|Snow|[upkeep]\n|-heal|p1a: Slowking|83\/100 brn|[from] item: Leftovers\n|-damage|p1a: Slowking|77\/100 brn|[from] brn\n|upkeep\n|turn|52\n|\n|t:|1700190576\n|switch|p2a: Alomomola|Alomomola, M|64\/100\n|-damage|p2a: Alomomola|52\/100|[from] Stealth Rock\n|-damage|p2a: Alomomola|39\/100|[from] Spikes\n|move|p1a: Slowking|Blizzard|p2a: Alomomola\n|-resisted|p2a: Alomomola\n|-damage|p2a: Alomomola|27\/100\n|\n|-weather|Snow|[upkeep]\n|-heal|p1a: Slowking|83\/100 brn|[from] item: Leftovers\n|-damage|p1a: Slowking|77\/100 brn|[from] brn\n|upkeep\n|turn|53\n|\n|t:|1700190586\n|move|p2a: Alomomola|Wish|p2a: Alomomola\n|move|p1a: Slowking|Future Sight|p2a: Alomomola\n|-start|p1a: Slowking|move: Future Sight\n|\n|-weather|none\n|-heal|p1a: Slowking|83\/100 brn|[from] item: Leftovers\n|-damage|p1a: Slowking|77\/100 brn|[from] brn\n|upkeep\n|turn|54\n|\n|t:|1700190596\n|move|p2a: Alomomola|Protect|p2a: Alomomola\n|-singleturn|p2a: Alomomola|Protect\n|move|p1a: Slowking|Chilly Reception|p1a: Slowking\n|-weather|Snow\n|\n|t:|1700190601\n|switch|p1a: Samurott|Samurott-Hisui, M|70\/100|[from] Chilly Reception\n|-damage|p1a: Samurott|57\/100|[from] Stealth Rock\n|\n|-weather|Snow|[upkeep]\n|-heal|p2a: Alomomola|77\/100|[from] move: Wish|[wisher] Alomomola\n|upkeep\n|turn|55\n|\n|t:|1700190606\n|move|p1a: Samurott|Ceaseless Edge|p2a: Alomomola|[miss]\n|-miss|p1a: Samurott|p2a: Alomomola\n|move|p2a: Alomomola|Flip Turn|p1a: Samurott\n|-resisted|p1a: Samurott\n|-damage|p1a: Samurott|48\/100\n|\n|t:|1700190608\n|switch|p2a: Heatran|Heatran, F, tera:Grass|100\/100|[from] Flip Turn\n|-damage|p2a: Heatran|88\/100|[from] Stealth Rock\n|-damage|p2a: Heatran|76\/100|[from] Spikes\n|\n|-weather|Snow|[upkeep]\n|-end|p2a: Heatran|move: Future Sight\n|-damage|p2a: Heatran|42\/100\n|upkeep\n|turn|56\n|\n|t:|1700190612\n|move|p1a: Samurott|Ceaseless Edge|p2a: Heatran\n|-damage|p2a: Heatran|12\/100\n|-sidestart|p2: little man skwovet|Spikes\n|move|p2a: Heatran|Lava Plume|p1a: Samurott\n|-resisted|p1a: Samurott\n|-damage|p1a: Samurott|22\/100\n|\n|-weather|Snow|[upkeep]\n|upkeep\n|turn|57\n|\n|t:|1700190620\n|move|p1a: Samurott|Ceaseless Edge|p2a: Heatran\n|-damage|p2a: Heatran|0 fnt\n|-sidestart|p2: little man skwovet|Spikes\n|faint|p2a: Heatran\n|\n|-weather|Snow|[upkeep]\n|upkeep\n|\n|t:|1700190626\n|switch|p2a: Ting-Lu|Ting-Lu|100\/100\n|-damage|p2a: Ting-Lu|94\/100|[from] Stealth Rock\n|-damage|p2a: Ting-Lu|69\/100|[from] Spikes\n|-ability|p2a: Ting-Lu|Vessel of Ruin\n|turn|58\n|\n|t:|1700190639\n|move|p1a: Samurott|Aqua Cutter|p2a: Ting-Lu\n|-supereffective|p2a: Ting-Lu\n|-damage|p2a: Ting-Lu|19\/100\n|move|p2a: Ting-Lu|Earthquake|p1a: Samurott\n|-damage|p1a: Samurott|0 fnt\n|faint|p1a: Samurott\n|\n|-weather|none\n|-heal|p2a: Ting-Lu|25\/100|[from] item: Leftovers\n|upkeep\n|\n|t:|1700190648\n|switch|p1a: Scizor|Scizor, M|64\/100\n|-damage|p1a: Scizor|52\/100|[from] Stealth Rock\n|turn|59\n|\n|t:|1700190650\n|move|p2a: Ting-Lu|Protect|p2a: Ting-Lu\n|-singleturn|p2a: Ting-Lu|Protect\n|move|p1a: Scizor|U-turn|p2a: Ting-Lu\n|-activate|p2a: Ting-Lu|move: Protect\n|\n|-heal|p2a: Ting-Lu|32\/100|[from] item: Leftovers\n|upkeep\n|turn|60\n|\n|t:|1700190655\n|switch|p2a: Alomomola|Alomomola, M|100\/100\n|-damage|p2a: Alomomola|88\/100|[from] Stealth Rock\n|-damage|p2a: Alomomola|63\/100|[from] Spikes\n|move|p1a: Scizor|U-turn|p2a: Alomomola\n|-damage|p2a: Alomomola|24\/100\n|\n|t:|1700190663\n|switch|p1a: Great Tusk|Great Tusk|42\/100 brn|[from] U-turn\n|-damage|p1a: Great Tusk|39\/100 brn|[from] Stealth Rock\n|\n|-heal|p1a: Great Tusk|45\/100 brn|[from] item: Leftovers\n|-damage|p1a: Great Tusk|39\/100 brn|[from] brn\n|upkeep\n|turn|61\n|\n|t:|1700190665\n|move|p1a: Great Tusk|Rapid Spin|p2a: Alomomola\n|-crit|p2a: Alomomola\n|-damage|p2a: Alomomola|16\/100\n|-boost|p1a: Great Tusk|spe|1\n|-sideend|p1: Blurred Ace|Stealth Rock|[from] move: Rapid Spin|[of] p1a: Great Tusk\n|move|p2a: Alomomola|Flip Turn|p1a: Great Tusk\n|-supereffective|p1a: Great Tusk\n|-damage|p1a: Great Tusk|22\/100 brn\n|\n|t:|1700190667\n|switch|p2a: Dondozo|Dondozo, M|64\/100|[from] Flip Turn\n|-damage|p2a: Dondozo|52\/100|[from] Stealth Rock\n|-damage|p2a: Dondozo|27\/100|[from] Spikes\n|\n|-heal|p1a: Great Tusk|28\/100 brn|[from] item: Leftovers\n|-damage|p1a: Great Tusk|22\/100 brn|[from] brn\n|upkeep\n|turn|62\n|\n|t:|1700190672\n|move|p1a: Great Tusk|Earthquake|p2a: Dondozo\n|-damage|p2a: Dondozo|8\/100\n|move|p2a: Dondozo|Rest|p2a: Dondozo\n|-status|p2a: Dondozo|slp|[from] move: Rest\n|-heal|p2a: Dondozo|100\/100 slp|[silent]\n|\n|-heal|p1a: Great Tusk|28\/100 brn|[from] item: Leftovers\n|-damage|p1a: Great Tusk|22\/100 brn|[from] brn\n|upkeep\n|turn|63\n|\n|t:|1700190675\n|-end|p1a: Great Tusk|Protosynthesis|[silent]\n|switch|p1a: Slowking|Slowking, M|100\/100 brn\n|cant|p2a: Dondozo|slp\n|move|p2a: Dondozo|Sleep Talk|p2a: Dondozo\n|move|p2a: Dondozo|Rest||[from]move: Sleep Talk|[still]\n|-fail|p2a: Dondozo\n|\n|-damage|p1a: Slowking|94\/100 brn|[from] brn\n|upkeep\n|turn|64\n|\n|t:|1700190681\n|cant|p2a: Dondozo|slp\n|move|p2a: Dondozo|Sleep Talk|p2a: Dondozo\n|move|p2a: Dondozo|Rest||[from]move: Sleep Talk|[still]\n|-fail|p2a: Dondozo\n|move|p1a: Slowking|Future Sight|p2a: Dondozo\n|-start|p1a: Slowking|move: Future Sight\n|\n|-heal|p1a: Slowking|100\/100 brn|[from] item: Leftovers\n|-damage|p1a: Slowking|94\/100 brn|[from] brn\n|upkeep\n|turn|65\n|\n|t:|1700190686\n|-curestatus|p2a: Dondozo|slp|[msg]\n|move|p2a: Dondozo|Curse|p2a: Dondozo\n|-unboost|p2a: Dondozo|spe|1\n|-boost|p2a: Dondozo|atk|1\n|-boost|p2a: Dondozo|def|1\n|move|p1a: Slowking|Chilly Reception|p1a: Slowking\n|-weather|Snow\n|\n|t:|1700190693\n|switch|p1a: Dragapult|Dragapult, M|43\/100|[from] Chilly Reception\n|\n|-weather|Snow|[upkeep]\n|upkeep\n|turn|66\n|\n|t:|1700190712\n|move|p1a: Dragapult|Draco Meteor|p2a: Dondozo\n|-damage|p2a: Dondozo|61\/100\n|-unboost|p1a: Dragapult|spa|2\n|move|p2a: Dondozo|Wave Crash|p1a: Dragapult\n|-resisted|p1a: Dragapult\n|-damage|p1a: Dragapult|0 fnt\n|faint|p1a: Dragapult\n|-damage|p2a: Dondozo|52\/100|[from] Recoil\n|\n|-weather|Snow|[upkeep]\n|-end|p2a: Dondozo|move: Future Sight\n|-damage|p2a: Dondozo|27\/100\n|upkeep\n|\n|t:|1700190719\n|switch|p1a: Slowking|Slowking, M|100\/100 brn\n|turn|67\n|\n|t:|1700190722\n|move|p1a: Slowking|Future Sight|p2a: Dondozo\n|-start|p1a: Slowking|move: Future Sight\n|move|p2a: Dondozo|Rest|p2a: Dondozo\n|-status|p2a: Dondozo|slp|[from] move: Rest\n|-heal|p2a: Dondozo|100\/100 slp|[silent]\n|\n|-weather|Snow|[upkeep]\n|-damage|p1a: Slowking|94\/100 brn|[from] brn\n|upkeep\n|turn|68\n|\n|t:|1700190726\n|move|p1a: Slowking|Chilly Reception|p1a: Slowking\n|\n|t:|1700190728\n|switch|p1a: Great Tusk|Great Tusk|22\/100 brn|[from] Chilly Reception\n|cant|p2a: Dondozo|slp\n|move|p2a: Dondozo|Sleep Talk|p2a: Dondozo\n|move|p2a: Dondozo|Wave Crash|p1a: Great Tusk|[from]move: Sleep Talk\n|-supereffective|p1a: Great Tusk\n|-damage|p1a: Great Tusk|0 fnt\n|faint|p1a: Great Tusk\n|-end|p1a: Great Tusk|Protosynthesis|[silent]\n|-damage|p2a: Dondozo|95\/100 slp|[from] Recoil\n|\n|-weather|Snow|[upkeep]\n|upkeep\n|\n|t:|1700190730\n|switch|p1a: Scizor|Scizor, M|52\/100\n|turn|69\n|\n|t:|1700190736\n|move|p1a: Scizor|U-turn|p2a: Dondozo\n|-damage|p2a: Dondozo|69\/100 slp\n|\n|t:|1700190738\n|switch|p1a: Slowking|Slowking, M|100\/100 brn|[from] U-turn\n|cant|p2a: Dondozo|slp\n|move|p2a: Dondozo|Sleep Talk|p2a: Dondozo\n|move|p2a: Dondozo|Rest||[from]move: Sleep Talk|[still]\n|-fail|p2a: Dondozo\n|\n|-weather|none\n|-end|p2a: Dondozo|move: Future Sight\n|-damage|p2a: Dondozo|41\/100 slp\n|-damage|p1a: Slowking|94\/100 brn|[from] brn\n|upkeep\n|turn|70\n|\n|t:|1700190745\n|move|p1a: Slowking|Future Sight|p2a: Dondozo\n|-start|p1a: Slowking|move: Future Sight\n|-curestatus|p2a: Dondozo|slp|[msg]\n|move|p2a: Dondozo|Curse|p2a: Dondozo\n|-unboost|p2a: Dondozo|spe|1\n|-boost|p2a: Dondozo|atk|1\n|-boost|p2a: Dondozo|def|1\n|\n|-heal|p1a: Slowking|100\/100 brn|[from] item: Leftovers\n|-damage|p1a: Slowking|94\/100 brn|[from] brn\n|upkeep\n|turn|71\n|\n|t:|1700190751\n|move|p1a: Slowking|Scald|p2a: Dondozo\n|-resisted|p2a: Dondozo\n|-damage|p2a: Dondozo|32\/100\n|move|p2a: Dondozo|Rest|p2a: Dondozo\n|-status|p2a: Dondozo|slp|[from] move: Rest\n|-heal|p2a: Dondozo|100\/100 slp|[silent]\n|\n|-heal|p1a: Slowking|100\/100 brn|[from] item: Leftovers\n|-damage|p1a: Slowking|94\/100 brn|[from] brn\n|upkeep\n|turn|72\n|\n|t:|1700190759\n|move|p1a: Slowking|Scald|p2a: Dondozo\n|-resisted|p2a: Dondozo\n|-damage|p2a: Dondozo|92\/100 slp\n|cant|p2a: Dondozo|slp\n|move|p2a: Dondozo|Sleep Talk|p2a: Dondozo\n|move|p2a: Dondozo|Wave Crash|p1a: Slowking|[from]move: Sleep Talk\n|-resisted|p1a: Slowking\n|-damage|p1a: Slowking|54\/100 brn\n|-damage|p2a: Dondozo|81\/100 slp|[from] Recoil\n|\n|-end|p2a: Dondozo|move: Future Sight\n|-damage|p2a: Dondozo|53\/100 slp\n|-heal|p1a: Slowking|60\/100 brn|[from] item: Leftovers\n|-damage|p1a: Slowking|54\/100 brn|[from] brn\n|upkeep\n|turn|73\n|\n|t:|1700190767\n|move|p1a: Slowking|Future Sight|p2a: Dondozo\n|-start|p1a: Slowking|move: Future Sight\n|cant|p2a: Dondozo|slp\n|move|p2a: Dondozo|Sleep Talk|p2a: Dondozo\n|move|p2a: Dondozo|Rest||[from]move: Sleep Talk|[still]\n|-fail|p2a: Dondozo\n|\n|-heal|p1a: Slowking|60\/100 brn|[from] item: Leftovers\n|-damage|p1a: Slowking|54\/100 brn|[from] brn\n|upkeep\n|turn|74\n|\n|t:|1700190771\n|move|p1a: Slowking|Scald|p2a: Dondozo\n|-resisted|p2a: Dondozo\n|-damage|p2a: Dondozo|45\/100 slp\n|-curestatus|p2a: Dondozo|slp|[msg]\n|move|p2a: Dondozo|Curse|p2a: Dondozo\n|-unboost|p2a: Dondozo|spe|1\n|-boost|p2a: Dondozo|atk|1\n|-boost|p2a: Dondozo|def|1\n|\n|-heal|p1a: Slowking|60\/100 brn|[from] item: Leftovers\n|-damage|p1a: Slowking|54\/100 brn|[from] brn\n|upkeep\n|turn|75\n|\n|t:|1700190780\n|move|p1a: Slowking|Scald|p2a: Dondozo\n|-resisted|p2a: Dondozo\n|-damage|p2a: Dondozo|35\/100\n|-status|p2a: Dondozo|brn\n|move|p2a: Dondozo|Rest|p2a: Dondozo\n|-status|p2a: Dondozo|slp|[from] move: Rest\n|-heal|p2a: Dondozo|100\/100 slp|[silent]\n|\n|-end|p2a: Dondozo|move: Future Sight\n|-damage|p2a: Dondozo|74\/100 slp\n|-heal|p1a: Slowking|60\/100 brn|[from] item: Leftovers\n|-damage|p1a: Slowking|54\/100 brn|[from] brn\n|upkeep\n|turn|76\n|\n|t:|1700190790\n|move|p1a: Slowking|Scald|p2a: Dondozo\n|-resisted|p2a: Dondozo\n|-damage|p2a: Dondozo|65\/100 slp\n|cant|p2a: Dondozo|slp\n|move|p2a: Dondozo|Sleep Talk|p2a: Dondozo\n|move|p2a: Dondozo|Rest||[from]move: Sleep Talk|[still]\n|-fail|p2a: Dondozo\n|\n|-heal|p1a: Slowking|60\/100 brn|[from] item: Leftovers\n|-damage|p1a: Slowking|54\/100 brn|[from] brn\n|upkeep\n|turn|77\n|\n|t:|1700190807\n|move|p1a: Slowking|Future Sight|p2a: Dondozo\n|-start|p1a: Slowking|move: Future Sight\n|cant|p2a: Dondozo|slp\n|move|p2a: Dondozo|Sleep Talk|p2a: Dondozo\n|move|p2a: Dondozo|Wave Crash|p1a: Slowking|[from]move: Sleep Talk\n|-resisted|p1a: Slowking\n|-damage|p1a: Slowking|0 fnt\n|faint|p1a: Slowking\n|-damage|p2a: Dondozo|52\/100 slp|[from] Recoil\n|\n|upkeep\n|\n|t:|1700190813\n|switch|p1a: Scizor|Scizor, M|52\/100\n|turn|78\n|\n|t:|1700190822\n|move|p1a: Scizor|Close Combat|p2a: Dondozo\n|-damage|p2a: Dondozo|35\/100 slp\n|-unboost|p1a: Scizor|def|1\n|-unboost|p1a: Scizor|spd|1\n|-curestatus|p2a: Dondozo|slp|[msg]\n|move|p2a: Dondozo|Rest|p2a: Dondozo\n|-status|p2a: Dondozo|slp|[from] move: Rest\n|-heal|p2a: Dondozo|100\/100 slp|[silent]\n|\n|upkeep\n|turn|79\n|-message|Blurred Ace forfeited.\n|\n|win|little man skwovet\n|raw|Blurred Ace's rating: 1523 &rarr; <strong>1509<\/strong><br \/>(-14 for losing)\n|raw|little man skwovet's rating: 1637 &rarr; <strong>1651<\/strong><br \/>(+14 for winning)\n|l|\u2606Blurred Ace\n","uploadtime":1700190832,"views":31,"p1id":"blurredace","p2id":"littlemanskwovet","formatid":"gen9ou","rating":1509,"private":0,"password":""}