{"id":"gen9ou-1995703820","p1":"TheKriticalKid","p2":"Zoroark_Fanboy","format":"[Gen 9] OU","log":"|j|\u2606TheKriticalKid\n|j|\u2606Zoroark_Fanboy\n|inactive|Battle timer is ON: inactive players will automatically lose when time's up.\n|t:|1700595436\n|gametype|singles\n|player|p1|TheKriticalKid|volkner|\n|player|p2|Zoroark_Fanboy|n|\n|teamsize|p1|3\n|teamsize|p2|3\n|gen|9\n|tier|[Gen 9] OU\n|rated|Tournament battle\n|rule|Sleep Clause Mod: Limit one foe put to sleep\n|rule|Species Clause: Limit one of each Pok\u00e9mon\n|rule|OHKO Clause: OHKO moves are banned\n|rule|Evasion Items Clause: Evasion items are banned\n|rule|Evasion Moves Clause: Evasion moves are banned\n|rule|Endless Battle Clause: Forcing endless battles is banned\n|rule|HP Percentage Mod: HP is shown in percentages\n|clearpoke\n|poke|p1|Thwackey, F|\n|poke|p1|Piloswine, F|\n|poke|p1|Magneton|\n|poke|p2|Perrserker, M|\n|poke|p2|Eelektrik, M|\n|poke|p2|Murkrow, M|\n|teampreview\n|j|*Lady Monita \u2746\n|inactive|TheKriticalKid also wants the timer to be on.\n|c|\u2606Zoroark_Fanboy|glhf\n|\n|t:|1700595446\n|start\n|switch|p1a: Piloswine|Piloswine, F, shiny|100\/100\n|switch|p2a: Perrserker|Perrserker, M, shiny|100\/100\n|turn|1\n|j| Yeet259\n|\n|t:|1700595456\n|switch|p1a: Magneton|Magneton, shiny|100\/100\n|-terastallize|p2a: Perrserker|Ground\n|move|p2a: Perrserker|Close Combat|p1a: Magneton\n|-supereffective|p1a: Magneton\n|-damage|p1a: Magneton|0 fnt\n|-unboost|p2a: Perrserker|def|1\n|-unboost|p2a: Perrserker|spd|1\n|faint|p1a: Magneton\n|\n|upkeep\n|\n|t:|1700595462\n|switch|p1a: Thwackey|Thwackey, F, shiny|100\/100\n|-fieldstart|move: Grassy Terrain|[from] ability: Grassy Surge|[of] p1a: Thwackey\n|turn|2\n|\n|t:|1700595471\n|switch|p2a: Murkrow|Murkrow, M, shiny|100\/100\n|move|p1a: Thwackey|Wood Hammer|p2a: Murkrow\n|-resisted|p2a: Murkrow\n|-damage|p2a: Murkrow|50\/100\n|-damage|p1a: Thwackey|85\/100|[from] Recoil\n|\n|-heal|p1a: Thwackey|91\/100|[from] Grassy Terrain\n|upkeep\n|turn|3\n|\n|t:|1700595478\n|switch|p1a: Piloswine|Piloswine, F, shiny|100\/100\n|move|p2a: Murkrow|Thunder Wave|p1a: Piloswine\n|-immune|p1a: Piloswine\n|\n|upkeep\n|turn|4\n|\n|t:|1700595489\n|move|p2a: Murkrow|Brave Bird|p1a: Piloswine\n|-damage|p1a: Piloswine|77\/100\n|-damage|p2a: Murkrow|38\/100|[from] Recoil\n|move|p1a: Piloswine|Icicle Crash|p2a: Murkrow\n|-supereffective|p2a: Murkrow\n|-damage|p2a: Murkrow|0 fnt\n|faint|p2a: Murkrow\n|\n|-heal|p1a: Piloswine|84\/100|[from] Grassy Terrain\n|upkeep\n|c| Yeet259|murkrow is legit annoying with prankster\n|\n|t:|1700595493\n|switch|p2a: Perrserker|Perrserker, M, shiny, tera:Ground|100\/100\n|turn|5\n|c|\u2606Zoroark_Fanboy|true lol\n|\n|t:|1700595507\n|-terastallize|p1a: Piloswine|Dragon\n|move|p2a: Perrserker|Iron Head|p1a: Piloswine\n|-damage|p1a: Piloswine|45\/100\n|move|p1a: Piloswine|Icicle Crash|p2a: Perrserker\n|-supereffective|p2a: Perrserker\n|-damage|p2a: Perrserker|29\/100\n|\n|-heal|p2a: Perrserker|35\/100|[from] Grassy Terrain\n|-heal|p1a: Piloswine|51\/100|[from] Grassy Terrain\n|upkeep\n|turn|6\n|\n|t:|1700595515\n|switch|p2a: Eelektrik|Eelektrik, M, shiny|100\/100\n|move|p1a: Piloswine|Ice Shard|p2a: Eelektrik\n|-damage|p2a: Eelektrik|89\/100\n|\n|-heal|p1a: Piloswine|57\/100|[from] Grassy Terrain\n|-fieldend|move: Grassy Terrain\n|upkeep\n|turn|7\n|\n|t:|1700595525\n|move|p1a: Piloswine|Icicle Crash|p2a: Eelektrik\n|-damage|p2a: Eelektrik|62\/100\n|move|p2a: Eelektrik|Discharge|p1a: Piloswine\n|-resisted|p1a: Piloswine\n|-damage|p1a: Piloswine|48\/100\n|-status|p1a: Piloswine|par\n|\n|upkeep\n|turn|8\n|\n|t:|1700595534\n|move|p2a: Eelektrik|U-turn|p1a: Piloswine\n|-damage|p1a: Piloswine|41\/100 par\n|\n|t:|1700595536\n|switch|p2a: Perrserker|Perrserker, M, shiny, tera:Ground|35\/100|[from] U-turn\n|move|p1a: Piloswine|Icicle Crash|p2a: Perrserker\n|-supereffective|p2a: Perrserker\n|-damage|p2a: Perrserker|0 fnt\n|faint|p2a: Perrserker\n|\n|upkeep\n|\n|t:|1700595538\n|switch|p2a: Eelektrik|Eelektrik, M, shiny|62\/100\n|turn|9\n|c|\u2606Zoroark_Fanboy|i've made a grave mistake\n|\n|t:|1700595545\n|move|p2a: Eelektrik|Rest|p2a: Eelektrik\n|-status|p2a: Eelektrik|slp|[from] move: Rest\n|-heal|p2a: Eelektrik|100\/100 slp|[silent]\n|move|p1a: Piloswine|Icicle Crash|p2a: Eelektrik\n|-damage|p2a: Eelektrik|72\/100 slp\n|\n|upkeep\n|turn|10\n|\n|t:|1700595550\n|cant|p2a: Eelektrik|slp\n|move|p2a: Eelektrik|Sleep Talk|p2a: Eelektrik\n|move|p2a: Eelektrik|Discharge|p1a: Piloswine|[from]move: Sleep Talk\n|-resisted|p1a: Piloswine\n|-damage|p1a: Piloswine|32\/100 par\n|move|p1a: Piloswine|Icicle Crash|p2a: Eelektrik\n|-damage|p2a: Eelektrik|47\/100 slp\n|\n|upkeep\n|turn|11\n|\n|t:|1700595557\n|cant|p2a: Eelektrik|slp\n|move|p2a: Eelektrik|Sleep Talk|p2a: Eelektrik\n|move|p2a: Eelektrik|Rest||[from]move: Sleep Talk|[still]\n|-fail|p2a: Eelektrik\n|move|p1a: Piloswine|Icicle Crash|p2a: Eelektrik\n|-damage|p2a: Eelektrik|19\/100 slp\n|\n|upkeep\n|turn|12\n|\n|t:|1700595560\n|cant|p1a: Piloswine|par\n|-curestatus|p2a: Eelektrik|slp|[msg]\n|move|p2a: Eelektrik|Rest|p2a: Eelektrik\n|-status|p2a: Eelektrik|slp|[from] move: Rest\n|-heal|p2a: Eelektrik|100\/100 slp|[silent]\n|\n|upkeep\n|turn|13\n|\n|t:|1700595563\n|cant|p2a: Eelektrik|slp\n|move|p2a: Eelektrik|Sleep Talk|p2a: Eelektrik\n|move|p2a: Eelektrik|U-turn|p1a: Piloswine|[from]move: Sleep Talk\n|-damage|p1a: Piloswine|26\/100 par\n|move|p1a: Piloswine|Icicle Crash|p2a: Eelektrik|[miss]\n|-miss|p1a: Piloswine|p2a: Eelektrik\n|\n|upkeep\n|turn|14\n|\n|t:|1700595567\n|cant|p2a: Eelektrik|slp\n|move|p2a: Eelektrik|Sleep Talk|p2a: Eelektrik\n|move|p2a: Eelektrik|Rest||[from]move: Sleep Talk|[still]\n|-fail|p2a: Eelektrik\n|move|p1a: Piloswine|Icicle Crash|p2a: Eelektrik\n|-damage|p2a: Eelektrik|74\/100 slp\n|\n|upkeep\n|turn|15\n|\n|t:|1700595580\n|switch|p1a: Thwackey|Thwackey, F, shiny|91\/100\n|-fieldstart|move: Grassy Terrain|[from] ability: Grassy Surge|[of] p1a: Thwackey\n|-curestatus|p2a: Eelektrik|slp|[msg]\n|move|p2a: Eelektrik|Discharge|p1a: Thwackey\n|-resisted|p1a: Thwackey\n|-damage|p1a: Thwackey|78\/100\n|\n|-heal|p1a: Thwackey|84\/100|[from] Grassy Terrain\n|upkeep\n|turn|16\n|\n|t:|1700595588\n|move|p1a: Thwackey|Knock Off|p2a: Eelektrik\n|-damage|p2a: Eelektrik|50\/100\n|-enditem|p2a: Eelektrik|Eviolite|[from] move: Knock Off|[of] p1a: Thwackey\n|move|p2a: Eelektrik|U-turn|p1a: Thwackey\n|-supereffective|p1a: Thwackey\n|-damage|p1a: Thwackey|56\/100\n|\n|-heal|p1a: Thwackey|62\/100|[from] Grassy Terrain\n|upkeep\n|turn|17\n|\n|t:|1700595595\n|move|p1a: Thwackey|U-turn|p2a: Eelektrik\n|-damage|p2a: Eelektrik|23\/100\n|\n|t:|1700595598\n|switch|p1a: Piloswine|Piloswine, F, shiny, tera:Dragon|26\/100 par|[from] U-turn\n|move|p2a: Eelektrik|Rest|p2a: Eelektrik\n|-status|p2a: Eelektrik|slp|[from] move: Rest\n|-heal|p2a: Eelektrik|100\/100 slp|[silent]\n|\n|-heal|p1a: Piloswine|32\/100 par|[from] Grassy Terrain\n|upkeep\n|turn|18\n|\n|t:|1700595599\n|cant|p2a: Eelektrik|slp\n|move|p2a: Eelektrik|Sleep Talk|p2a: Eelektrik\n|move|p2a: Eelektrik|U-turn|p1a: Piloswine|[from]move: Sleep Talk\n|-damage|p1a: Piloswine|25\/100 par\n|move|p1a: Piloswine|Icicle Crash|p2a: Eelektrik\n|-damage|p2a: Eelektrik|62\/100 slp\n|\n|-heal|p1a: Piloswine|31\/100 par|[from] Grassy Terrain\n|upkeep\n|turn|19\n|\n|t:|1700595606\n|cant|p2a: Eelektrik|slp\n|move|p2a: Eelektrik|Sleep Talk|p2a: Eelektrik\n|move|p2a: Eelektrik|Discharge|p1a: Piloswine|[from]move: Sleep Talk\n|-resisted|p1a: Piloswine\n|-damage|p1a: Piloswine|22\/100 par\n|move|p1a: Piloswine|Icicle Crash|p2a: Eelektrik\n|-damage|p2a: Eelektrik|25\/100 slp\n|\n|-heal|p1a: Piloswine|29\/100 par|[from] Grassy Terrain\n|-fieldend|move: Grassy Terrain\n|upkeep\n|turn|20\n|\n|t:|1700595610\n|move|p1a: Piloswine|Ice Shard|p2a: Eelektrik\n|-damage|p2a: Eelektrik|7\/100 slp\n|-curestatus|p2a: Eelektrik|slp|[msg]\n|move|p2a: Eelektrik|Rest|p2a: Eelektrik\n|-status|p2a: Eelektrik|slp|[from] move: Rest\n|-heal|p2a: Eelektrik|100\/100 slp|[silent]\n|\n|upkeep\n|turn|21\n|\n|t:|1700595612\n|cant|p2a: Eelektrik|slp\n|move|p2a: Eelektrik|Sleep Talk|p2a: Eelektrik\n|move|p2a: Eelektrik|U-turn|p1a: Piloswine|[from]move: Sleep Talk\n|-damage|p1a: Piloswine|22\/100 par\n|move|p1a: Piloswine|Icicle Crash|p2a: Eelektrik\n|-damage|p2a: Eelektrik|60\/100 slp\n|\n|upkeep\n|turn|22\n|\n|t:|1700595616\n|cant|p2a: Eelektrik|slp\n|move|p2a: Eelektrik|Sleep Talk|p2a: Eelektrik\n|move|p2a: Eelektrik|Discharge|p1a: Piloswine|[from]move: Sleep Talk\n|-resisted|p1a: Piloswine\n|-damage|p1a: Piloswine|13\/100 par\n|move|p1a: Piloswine|Icicle Crash|p2a: Eelektrik\n|-damage|p2a: Eelektrik|21\/100 slp\n|\n|upkeep\n|turn|23\n|\n|t:|1700595619\n|-curestatus|p2a: Eelektrik|slp|[msg]\n|move|p2a: Eelektrik|Rest|p2a: Eelektrik\n|-status|p2a: Eelektrik|slp|[from] move: Rest\n|-heal|p2a: Eelektrik|100\/100 slp|[silent]\n|cant|p1a: Piloswine|par\n|\n|upkeep\n|turn|24\n|\n|t:|1700595622\n|cant|p2a: Eelektrik|slp\n|move|p2a: Eelektrik|Sleep Talk|p2a: Eelektrik\n|move|p2a: Eelektrik|Discharge|p1a: Piloswine|[from]move: Sleep Talk\n|-resisted|p1a: Piloswine\n|-crit|p1a: Piloswine\n|-damage|p1a: Piloswine|0 fnt\n|faint|p1a: Piloswine\n|\n|upkeep\n|\n|t:|1700595624\n|switch|p1a: Thwackey|Thwackey, F, shiny|62\/100\n|-fieldstart|move: Grassy Terrain|[from] ability: Grassy Surge|[of] p1a: Thwackey\n|turn|25\n|\n|t:|1700595629\n|move|p1a: Thwackey|Wood Hammer|p2a: Eelektrik\n|-damage|p2a: Eelektrik|22\/100 slp\n|-damage|p1a: Thwackey|31\/100|[from] Recoil\n|cant|p2a: Eelektrik|slp\n|move|p2a: Eelektrik|Sleep Talk|p2a: Eelektrik\n|move|p2a: Eelektrik|U-turn|p1a: Thwackey|[from]move: Sleep Talk\n|-supereffective|p1a: Thwackey\n|-damage|p1a: Thwackey|0 fnt\n|faint|p1a: Thwackey\n|\n|win|Zoroark_Fanboy\n|n|\u2606TheKriticalKid|thekriticalkid\n|n|\u2606Zoroark_Fanboy|zoroarkfanboy\n|n|*Lady Monita \u2746|ladymonita\n|n| Yeet259|yeet259\n|l|*Lady Monita \u2746\n|c|\u2606Zoroark_Fanboy|gg\n|c|\u2606TheKriticalKid|what\n|c|\u2606Zoroark_Fanboy|lmao\n|c|\u2606TheKriticalKid|:\/\n|c|\u2606Zoroark_Fanboy|the eelektrik machine\n|l|\u2606TheKriticalKid\n|c| Yeet259|that was insane\n|c| Yeet259|you should have never won\n|c|\u2606Zoroark_Fanboy|forreal\n|c| Yeet259|with that situation\n|c|\u2606Zoroark_Fanboy|the rng gods blessed me\n|l| Yeet259\n","uploadtime":1700595813,"views":11,"p1id":"thekriticalkid","p2id":"zoroarkfanboy","formatid":"gen9ou","rating":0,"private":0,"password":""}