{"id":"gen9ou-1993957523","p1":"you have homework","p2":"someidiot19","format":"[Gen 9] OU","log":"|j|\u2606you have homework\n|j|\u2606someidiot19\n|t:|1700382667\n|gametype|singles\n|player|p1|you have homework|101|1588\n|player|p2|someidiot19|acetrainerf-gen4dp|1597\n|teamsize|p1|6\n|teamsize|p2|6\n|gen|9\n|tier|[Gen 9] OU\n|rated|\n|rule|Sleep Clause Mod: Limit one foe put to sleep\n|rule|Species Clause: Limit one of each Pok\u00e9mon\n|rule|OHKO Clause: OHKO moves are banned\n|rule|Evasion Items Clause: Evasion items are banned\n|rule|Evasion Moves Clause: Evasion moves are banned\n|rule|Endless Battle Clause: Forcing endless battles is banned\n|rule|HP Percentage Mod: HP is shown in percentages\n|clearpoke\n|poke|p1|Great Tusk|\n|poke|p1|Mandibuzz, F|\n|poke|p1|Slowking-Galar, M|\n|poke|p1|Ting-Lu|\n|poke|p1|Okidogi, M|\n|poke|p1|Heatran, F|\n|poke|p2|Moltres-Galar|\n|poke|p2|Ninetales-Alola, F|\n|poke|p2|Weavile, M|\n|poke|p2|Iron Valiant|\n|poke|p2|Ogerpon-Wellspring, F|\n|poke|p2|Slowbro-Galar, F|\n|teampreview\n|j| Phasmyx\n|\n|t:|1700382681\n|start\n|switch|p1a: Heatran|Heatran, F|100\/100\n|switch|p2a: Ogerpon|Ogerpon-Wellspring, F|100\/100\n|turn|1\n|inactive|Battle timer is ON: inactive players will automatically lose when time's up. (requested by someidiot19)\n|l| Phasmyx\n|\n|t:|1700382693\n|-terastallize|p1a: Heatran|Grass\n|move|p2a: Ogerpon|Swords Dance|p2a: Ogerpon\n|-boost|p2a: Ogerpon|atk|2\n|move|p1a: Heatran|Magma Storm|p2a: Ogerpon\n|-damage|p2a: Ogerpon|28\/100\n|-activate|p2a: Ogerpon|move: Magma Storm|[of] p1a: Heatran\n|\n|-damage|p2a: Ogerpon|15\/100|[from] move: Magma Storm|[partiallytrapped]\n|upkeep\n|turn|2\n|\n|t:|1700382704\n|move|p2a: Ogerpon|Knock Off|p1a: Heatran\n|-damage|p1a: Heatran|37\/100\n|-enditem|p1a: Heatran|Leftovers|[from] move: Knock Off|[of] p2a: Ogerpon\n|move|p1a: Heatran|Flamethrower|p2a: Ogerpon\n|-damage|p2a: Ogerpon|0 fnt\n|faint|p2a: Ogerpon\n|\n|upkeep\n|\n|t:|1700382718\n|switch|p2a: Ninetales|Ninetales-Alola, F|100\/100\n|-weather|Snow|[from] ability: Snow Warning|[of] p2a: Ninetales\n|turn|3\n|\n|t:|1700382723\n|move|p2a: Ninetales|Freeze-Dry|p1a: Heatran\n|-supereffective|p1a: Heatran\n|-damage|p1a: Heatran|1\/100\n|move|p1a: Heatran|Stealth Rock|p2a: Ninetales\n|-sidestart|p2: someidiot19|move: Stealth Rock\n|\n|-weather|Snow|[upkeep]\n|upkeep\n|turn|4\n|\n|t:|1700382729\n|move|p2a: Ninetales|Freeze-Dry|p1a: Heatran\n|-supereffective|p1a: Heatran\n|-damage|p1a: Heatran|0 fnt\n|faint|p1a: Heatran\n|\n|-weather|Snow|[upkeep]\n|upkeep\n|\n|t:|1700382735\n|switch|p1a: Okidogi|Okidogi, M|100\/100\n|turn|5\n|\n|t:|1700382742\n|move|p2a: Ninetales|Aurora Veil|p2a: Ninetales\n|-sidestart|p2: someidiot19|move: Aurora Veil\n|move|p1a: Okidogi|Poison Jab|p2a: Ninetales\n|-supereffective|p2a: Ninetales\n|-damage|p2a: Ninetales|65\/100\n|\n|-weather|Snow|[upkeep]\n|upkeep\n|turn|6\n|\n|t:|1700382749\n|switch|p2a: Slowbro|Slowbro-Galar, F|100\/100\n|-damage|p2a: Slowbro|88\/100|[from] Stealth Rock\n|move|p1a: Okidogi|Poison Jab|p2a: Slowbro\n|-resisted|p2a: Slowbro\n|-damage|p2a: Slowbro|78\/100\n|\n|-weather|Snow|[upkeep]\n|upkeep\n|turn|7\n|\n|t:|1700382759\n|switch|p1a: Mandibuzz|Mandibuzz, F|100\/100\n|move|p2a: Slowbro|Nasty Plot|p2a: Slowbro\n|-boost|p2a: Slowbro|spa|2\n|\n|-weather|none\n|upkeep\n|turn|8\n|-activate|p2a: Slowbro|ability: Quick Draw\n|\n|t:|1700382766\n|-terastallize|p2a: Slowbro|Fairy\n|move|p2a: Slowbro|Tera Blast|p1a: Mandibuzz|[anim] Tera Blast Fairy\n|-supereffective|p1a: Mandibuzz\n|-damage|p1a: Mandibuzz|0 fnt\n|faint|p1a: Mandibuzz\n|\n|upkeep\n|j| I love Neco Arc\n|\n|t:|1700382775\n|switch|p1a: Slowking|Slowking-Galar, M|100\/100\n|turn|9\n|-activate|p2a: Slowbro|ability: Quick Draw\n|\n|t:|1700382778\n|move|p2a: Slowbro|Psyshock|p1a: Slowking\n|-damage|p1a: Slowking|23\/100\n|move|p1a: Slowking|Sludge Bomb|p2a: Slowbro\n|-supereffective|p2a: Slowbro\n|-damage|p2a: Slowbro|39\/100\n|\n|upkeep\n|turn|10\n|-activate|p2a: Slowbro|ability: Quick Draw\n|\n|t:|1700382787\n|switch|p1a: Ting-Lu|Ting-Lu|100\/100\n|-ability|p1a: Ting-Lu|Vessel of Ruin\n|move|p2a: Slowbro|Tera Blast|p1a: Ting-Lu|[anim] Tera Blast Fairy\n|-supereffective|p1a: Ting-Lu\n|-damage|p1a: Ting-Lu|48\/100\n|\n|-heal|p1a: Ting-Lu|54\/100|[from] item: Leftovers\n|upkeep\n|turn|11\n|j| Katagiri Nanase\n|l| Katagiri Nanase\n|\n|t:|1700382797\n|move|p1a: Ting-Lu|Heavy Slam|p2a: Slowbro\n|-supereffective|p2a: Slowbro\n|-damage|p2a: Slowbro|12\/100\n|move|p2a: Slowbro|Tera Blast|p1a: Ting-Lu|[anim] Tera Blast Fairy\n|-supereffective|p1a: Ting-Lu\n|-damage|p1a: Ting-Lu|0 fnt\n|faint|p1a: Ting-Lu\n|\n|upkeep\n|\n|t:|1700382808\n|switch|p1a: Slowking|Slowking-Galar, M|56\/100\n|turn|12\n|\n|t:|1700382811\n|move|p2a: Slowbro|Psyshock|p1a: Slowking\n|-damage|p1a: Slowking|0 fnt\n|faint|p1a: Slowking\n|\n|-sideend|p2: someidiot19|move: Aurora Veil\n|upkeep\n|-message|you have homework forfeited.\n|\n|win|someidiot19\n|raw|you have homework's rating: 1588 &rarr; <strong>1569<\/strong><br \/>(-19 for losing)\n|raw|someidiot19's rating: 1597 &rarr; <strong>1616<\/strong><br \/>(+19 for winning)\n|l|\u2606you have homework\n","uploadtime":1700382820,"views":18,"p1id":"youhavehomework","p2id":"someidiot19","formatid":"gen9ou","rating":1569,"private":0,"password":""}