{"id":"gen9ou-1998059135","p1":"el judasbert","p2":"MerekBG","format":"[Gen 9] OU","log":"|j|\u2606el judasbert\n|j|\u2606MerekBG\n|t:|1700885039\n|gametype|singles\n|player|p1|el judasbert|fantina|1378\n|player|p2|MerekBG|juan|1489\n|teamsize|p1|6\n|teamsize|p2|6\n|gen|9\n|tier|[Gen 9] OU\n|rated|\n|rule|Sleep Clause Mod: Limit one foe put to sleep\n|rule|Species Clause: Limit one of each Pok\u00e9mon\n|rule|OHKO Clause: OHKO moves are banned\n|rule|Evasion Items Clause: Evasion items are banned\n|rule|Evasion Moves Clause: Evasion moves are banned\n|rule|Endless Battle Clause: Forcing endless battles is banned\n|rule|HP Percentage Mod: HP is shown in percentages\n|clearpoke\n|poke|p1|Rillaboom, F|\n|poke|p1|Garganacl, F|\n|poke|p1|Great Tusk|\n|poke|p1|Heatran, M|\n|poke|p1|Zapdos|\n|poke|p1|Walking Wake|\n|poke|p2|Maushold|\n|poke|p2|Rillaboom, M|\n|poke|p2|Great Tusk|\n|poke|p2|Heatran, M|\n|poke|p2|Enamorus, F|\n|poke|p2|Kingambit, F|\n|teampreview\n|inactive|Battle timer is ON: inactive players will automatically lose when time's up. (requested by el judasbert)\n|j| LOS ANIQUILADORES\n|\n|t:|1700885061\n|start\n|switch|p1a: Walking Wake|Walking Wake|100\/100\n|switch|p2a: Enamorus|Enamorus, F|100\/100\n|turn|1\n|\n|t:|1700885068\n|-end|p1a: Walking Wake|Protosynthesis|[silent]\n|switch|p1a: Heatran|Heatran, M|100\/100\n|move|p2a: Enamorus|Moonblast|p1a: Heatran\n|-resisted|p1a: Heatran\n|-damage|p1a: Heatran|92\/100\n|\n|-heal|p1a: Heatran|98\/100|[from] item: Leftovers\n|upkeep\n|turn|2\n|\n|t:|1700885077\n|switch|p2a: Great Tusk|Great Tusk|100\/100\n|move|p1a: Heatran|Stealth Rock|p2a: Great Tusk\n|-sidestart|p2: MerekBG|move: Stealth Rock\n|\n|-heal|p1a: Heatran|100\/100|[from] item: Leftovers\n|upkeep\n|turn|3\n|\n|t:|1700885084\n|-terastallize|p1a: Heatran|Ghost\n|move|p2a: Great Tusk|Rapid Spin|p1a: Heatran\n|-immune|p1a: Heatran\n|move|p1a: Heatran|Magma Storm|p2a: Great Tusk\n|-damage|p2a: Great Tusk|42\/100\n|-activate|p2a: Great Tusk|move: Magma Storm|[of] p1a: Heatran\n|\n|-heal|p2a: Great Tusk|48\/100|[from] item: Leftovers\n|-damage|p2a: Great Tusk|35\/100|[from] move: Magma Storm|[partiallytrapped]\n|upkeep\n|turn|4\n|\n|t:|1700885100\n|move|p2a: Great Tusk|Headlong Rush|p1a: Heatran\n|-damage|p1a: Heatran|56\/100\n|-unboost|p2a: Great Tusk|def|1\n|-unboost|p2a: Great Tusk|spd|1\n|-status|p2a: Great Tusk|brn|[from] ability: Flame Body|[of] p1a: Heatran\n|move|p1a: Heatran|Earth Power|p2a: Great Tusk\n|-damage|p2a: Great Tusk|0 fnt\n|faint|p2a: Great Tusk\n|-end|p2a: Great Tusk|Protosynthesis|[silent]\n|\n|-heal|p1a: Heatran|63\/100|[from] item: Leftovers\n|upkeep\n|\n|t:|1700885119\n|switch|p2a: Maushold|Maushold|100\/100\n|-damage|p2a: Maushold|88\/100|[from] Stealth Rock\n|turn|5\n|\n|t:|1700885125\n|move|p2a: Maushold|Bite|p1a: Heatran\n|-supereffective|p1a: Heatran\n|-damage|p1a: Heatran|25\/100\n|cant|p1a: Heatran|flinch\n|\n|-heal|p1a: Heatran|31\/100|[from] item: Leftovers\n|upkeep\n|turn|6\n|\n|t:|1700885136\n|switch|p1a: Garganacl|Garganacl, F|100\/100\n|move|p2a: Maushold|Bite|p1a: Garganacl\n|-damage|p1a: Garganacl|84\/100\n|\n|-heal|p1a: Garganacl|91\/100|[from] item: Leftovers\n|upkeep\n|turn|7\n|\n|t:|1700885141\n|move|p2a: Maushold|Tidy Up|p2a: Maushold\n|-sideend|p2: MerekBG|Stealth Rock\n|-activate|p2a: Maushold|move: Tidy Up\n|-boost|p2a: Maushold|atk|1\n|-boost|p2a: Maushold|spe|1\n|move|p1a: Garganacl|Iron Defense|p1a: Garganacl\n|-boost|p1a: Garganacl|def|2\n|\n|-heal|p1a: Garganacl|97\/100|[from] item: Leftovers\n|upkeep\n|turn|8\n|\n|t:|1700885144\n|move|p2a: Maushold|Encore|p1a: Garganacl\n|-start|p1a: Garganacl|Encore\n|move|p1a: Garganacl|Iron Defense|p1a: Garganacl\n|-boost|p1a: Garganacl|def|2\n|\n|-heal|p1a: Garganacl|100\/100|[from] item: Leftovers\n|upkeep\n|turn|9\n|\n|t:|1700885157\n|switch|p2a: Enamorus|Enamorus, F|100\/100\n|switch|p1a: Rillaboom|Rillaboom, F|100\/100\n|-fieldstart|move: Grassy Terrain|[from] ability: Grassy Surge|[of] p1a: Rillaboom\n|\n|upkeep\n|turn|10\n|\n|t:|1700885166\n|switch|p2a: Heatran|Heatran, M|100\/100\n|switch|p1a: Garganacl|Garganacl, F|100\/100\n|\n|upkeep\n|turn|11\n|\n|t:|1700885173\n|switch|p1a: Walking Wake|Walking Wake|100\/100\n|move|p2a: Heatran|Earth Power|p1a: Walking Wake\n|-damage|p1a: Walking Wake|71\/100\n|\n|-heal|p1a: Walking Wake|77\/100|[from] Grassy Terrain\n|upkeep\n|turn|12\n|\n|t:|1700885178\n|switch|p2a: Rillaboom|Rillaboom, M|100\/100\n|move|p1a: Walking Wake|Flip Turn|p2a: Rillaboom\n|-resisted|p2a: Rillaboom\n|-damage|p2a: Rillaboom|92\/100\n|\n|t:|1700885186\n|-end|p1a: Walking Wake|Protosynthesis|[silent]\n|switch|p1a: Zapdos|Zapdos|100\/100|[from] Flip Turn\n|\n|-heal|p2a: Rillaboom|98\/100|[from] Grassy Terrain\n|upkeep\n|turn|13\n|\n|t:|1700885195\n|switch|p2a: Heatran|Heatran, M|100\/100\n|move|p1a: Zapdos|Thunder Wave|p2a: Heatran\n|-status|p2a: Heatran|par\n|\n|-fieldend|move: Grassy Terrain\n|upkeep\n|turn|14\n|\n|t:|1700885202\n|move|p1a: Zapdos|Volt Switch|p2a: Heatran\n|-damage|p2a: Heatran|80\/100 par\n|\n|t:|1700885206\n|switch|p1a: Walking Wake|Walking Wake|77\/100|[from] Volt Switch\n|move|p2a: Heatran|Stealth Rock|p1a: Walking Wake\n|-sidestart|p1: el judasbert|move: Stealth Rock\n|\n|-heal|p2a: Heatran|86\/100 par|[from] item: Leftovers\n|upkeep\n|turn|15\n|\n|t:|1700885218\n|switch|p2a: Rillaboom|Rillaboom, M|98\/100\n|-fieldstart|move: Grassy Terrain|[from] ability: Grassy Surge|[of] p2a: Rillaboom\n|move|p1a: Walking Wake|Scald|p2a: Rillaboom\n|-resisted|p2a: Rillaboom\n|-damage|p2a: Rillaboom|73\/100\n|\n|-heal|p1a: Walking Wake|84\/100|[from] Grassy Terrain\n|-heal|p2a: Rillaboom|79\/100|[from] Grassy Terrain\n|upkeep\n|turn|16\n|\n|t:|1700885228\n|-end|p1a: Walking Wake|Protosynthesis|[silent]\n|switch|p1a: Zapdos|Zapdos|100\/100\n|move|p2a: Rillaboom|Knock Off|p1a: Zapdos\n|-damage|p1a: Zapdos|53\/100\n|-enditem|p1a: Zapdos|Heavy-Duty Boots|[from] move: Knock Off|[of] p2a: Rillaboom\n|\n|-heal|p2a: Rillaboom|85\/100|[from] Grassy Terrain\n|upkeep\n|turn|17\n|\n|t:|1700885234\n|switch|p2a: Heatran|Heatran, M|86\/100 par\n|move|p1a: Zapdos|Roost|p1a: Zapdos\n|-heal|p1a: Zapdos|100\/100\n|-singleturn|p1a: Zapdos|move: Roost\n|\n|-heal|p2a: Heatran|92\/100 par|[from] Grassy Terrain\n|-heal|p2a: Heatran|98\/100 par|[from] item: Leftovers\n|upkeep\n|turn|18\n|\n|t:|1700885245\n|move|p1a: Zapdos|Volt Switch|p2a: Heatran\n|-damage|p2a: Heatran|79\/100 par\n|\n|t:|1700885248\n|switch|p1a: Great Tusk|Great Tusk|100\/100|[from] Volt Switch\n|-damage|p1a: Great Tusk|97\/100|[from] Stealth Rock\n|move|p2a: Heatran|Magma Storm|p1a: Great Tusk|[miss]\n|-miss|p2a: Heatran|p1a: Great Tusk\n|\n|-heal|p1a: Great Tusk|100\/100|[from] Grassy Terrain\n|-heal|p2a: Heatran|85\/100 par|[from] Grassy Terrain\n|-heal|p2a: Heatran|91\/100 par|[from] item: Leftovers\n|upkeep\n|turn|19\n|\n|t:|1700885256\n|switch|p2a: Enamorus|Enamorus, F|100\/100\n|move|p1a: Great Tusk|Rapid Spin|p2a: Enamorus\n|-damage|p2a: Enamorus|75\/100\n|-boost|p1a: Great Tusk|spe|1\n|-sideend|p1: el judasbert|Stealth Rock|[from] move: Rapid Spin|[of] p1a: Great Tusk\n|\n|-fieldend|move: Grassy Terrain\n|upkeep\n|turn|20\n|\n|t:|1700885265\n|-end|p1a: Great Tusk|Protosynthesis|[silent]\n|switch|p1a: Garganacl|Garganacl, F|100\/100\n|-terastallize|p2a: Enamorus|Fairy\n|move|p2a: Enamorus|Moonblast|p1a: Garganacl\n|-damage|p1a: Garganacl|58\/100\n|\n|-heal|p1a: Garganacl|65\/100|[from] item: Leftovers\n|upkeep\n|turn|21\n|\n|t:|1700885272\n|switch|p2a: Rillaboom|Rillaboom, M|85\/100\n|-fieldstart|move: Grassy Terrain|[from] ability: Grassy Surge|[of] p2a: Rillaboom\n|move|p1a: Garganacl|Salt Cure|p2a: Rillaboom\n|-damage|p2a: Rillaboom|69\/100\n|-start|p2a: Rillaboom|Salt Cure\n|\n|-heal|p2a: Rillaboom|75\/100|[from] Grassy Terrain\n|-heal|p1a: Garganacl|71\/100|[from] Grassy Terrain\n|-heal|p1a: Garganacl|77\/100|[from] item: Leftovers\n|-damage|p2a: Rillaboom|63\/100|[from] Salt Cure\n|upkeep\n|turn|22\n|\n|t:|1700885279\n|switch|p1a: Zapdos|Zapdos|100\/100\n|move|p2a: Rillaboom|U-turn|p1a: Zapdos\n|-resisted|p1a: Zapdos\n|-damage|p1a: Zapdos|84\/100\n|\n|t:|1700885283\n|switch|p2a: Enamorus|Enamorus, F, tera:Fairy|75\/100|[from] U-turn\n|\n|-heal|p2a: Enamorus|81\/100|[from] Grassy Terrain\n|upkeep\n|turn|23\n|\n|t:|1700885288\n|move|p2a: Enamorus|Moonblast|p1a: Zapdos\n|-damage|p1a: Zapdos|13\/100\n|-unboost|p1a: Zapdos|spa|1\n|move|p1a: Zapdos|Volt Switch|p2a: Enamorus\n|-damage|p2a: Enamorus|54\/100\n|\n|t:|1700885298\n|switch|p1a: Rillaboom|Rillaboom, F|100\/100|[from] Volt Switch\n|\n|-heal|p2a: Enamorus|60\/100|[from] Grassy Terrain\n|upkeep\n|turn|24\n|\n|t:|1700885310\n|switch|p2a: Maushold|Maushold|88\/100\n|move|p1a: Rillaboom|Grassy Glide|p2a: Maushold\n|-crit|p2a: Maushold\n|-damage|p2a: Maushold|0 fnt\n|faint|p2a: Maushold\n|\n|upkeep\n|\n|t:|1700885312\n|switch|p2a: Heatran|Heatran, M|91\/100 par\n|turn|25\n|\n|t:|1700885315\n|switch|p1a: Great Tusk|Great Tusk|100\/100\n|move|p2a: Heatran|Stealth Rock|p1a: Great Tusk\n|-sidestart|p1: el judasbert|move: Stealth Rock\n|\n|-heal|p2a: Heatran|97\/100 par|[from] Grassy Terrain\n|-heal|p2a: Heatran|100\/100 par|[from] item: Leftovers\n|-fieldend|move: Grassy Terrain\n|upkeep\n|turn|26\n|\n|t:|1700885326\n|switch|p2a: Enamorus|Enamorus, F, tera:Fairy|60\/100\n|move|p1a: Great Tusk|Rapid Spin|p2a: Enamorus\n|-damage|p2a: Enamorus|37\/100\n|-boost|p1a: Great Tusk|spe|1\n|-sideend|p1: el judasbert|Stealth Rock|[from] move: Rapid Spin|[of] p1a: Great Tusk\n|\n|upkeep\n|turn|27\n|\n|t:|1700885341\n|switch|p2a: Rillaboom|Rillaboom, M|63\/100\n|-fieldstart|move: Grassy Terrain|[from] ability: Grassy Surge|[of] p2a: Rillaboom\n|-end|p1a: Great Tusk|Protosynthesis|[silent]\n|switch|p1a: Zapdos|Zapdos|13\/100\n|\n|-heal|p2a: Rillaboom|69\/100|[from] Grassy Terrain\n|upkeep\n|turn|28\n|\n|t:|1700885344\n|move|p2a: Rillaboom|Grassy Glide|p1a: Zapdos\n|-resisted|p1a: Zapdos\n|-damage|p1a: Zapdos|0 fnt\n|faint|p1a: Zapdos\n|\n|-heal|p2a: Rillaboom|75\/100|[from] Grassy Terrain\n|upkeep\n|\n|t:|1700885348\n|switch|p1a: Rillaboom|Rillaboom, F|100\/100\n|turn|29\n|\n|t:|1700885352\n|switch|p2a: Heatran|Heatran, M|100\/100 par\n|move|p1a: Rillaboom|U-turn|p2a: Heatran\n|-resisted|p2a: Heatran\n|-damage|p2a: Heatran|92\/100 par\n|\n|t:|1700885363\n|switch|p1a: Heatran|Heatran, M, tera:Ghost|31\/100|[from] U-turn\n|\n|-heal|p1a: Heatran|38\/100|[from] Grassy Terrain\n|-heal|p1a: Heatran|44\/100|[from] item: Leftovers\n|-heal|p2a: Heatran|98\/100 par|[from] Grassy Terrain\n|-heal|p2a: Heatran|100\/100 par|[from] item: Leftovers\n|upkeep\n|turn|30\n|\n|t:|1700885377\n|switch|p2a: Rillaboom|Rillaboom, M|75\/100\n|move|p1a: Heatran|Stealth Rock|p2a: Rillaboom\n|-sidestart|p2: MerekBG|move: Stealth Rock\n|\n|-heal|p2a: Rillaboom|81\/100|[from] Grassy Terrain\n|-heal|p1a: Heatran|50\/100|[from] Grassy Terrain\n|-heal|p1a: Heatran|56\/100|[from] item: Leftovers\n|upkeep\n|turn|31\n|\n|t:|1700885390\n|switch|p1a: Garganacl|Garganacl, F|77\/100\n|move|p2a: Rillaboom|Wood Hammer|p1a: Garganacl\n|-supereffective|p1a: Garganacl\n|-damage|p1a: Garganacl|0 fnt\n|faint|p1a: Garganacl\n|-damage|p2a: Rillaboom|52\/100|[from] Recoil\n|\n|-heal|p2a: Rillaboom|58\/100|[from] Grassy Terrain\n|-fieldend|move: Grassy Terrain\n|upkeep\n|\n|t:|1700885393\n|switch|p1a: Rillaboom|Rillaboom, F|100\/100\n|-fieldstart|move: Grassy Terrain|[from] ability: Grassy Surge|[of] p1a: Rillaboom\n|turn|32\n|\n|t:|1700885401\n|switch|p2a: Heatran|Heatran, M|100\/100 par\n|-damage|p2a: Heatran|88\/100 par|[from] Stealth Rock\n|move|p1a: Rillaboom|Knock Off|p2a: Heatran\n|-damage|p2a: Heatran|39\/100 par\n|-enditem|p2a: Heatran|Leftovers|[from] move: Knock Off|[of] p1a: Rillaboom\n|\n|-heal|p2a: Heatran|46\/100 par|[from] Grassy Terrain\n|upkeep\n|turn|33\n|\n|t:|1700885411\n|switch|p1a: Walking Wake|Walking Wake|84\/100\n|move|p2a: Heatran|Magma Storm|p1a: Walking Wake|[miss]\n|-miss|p2a: Heatran|p1a: Walking Wake\n|\n|-heal|p1a: Walking Wake|90\/100|[from] Grassy Terrain\n|-heal|p2a: Heatran|52\/100 par|[from] Grassy Terrain\n|upkeep\n|turn|34\n|\n|t:|1700885420\n|move|p1a: Walking Wake|Flip Turn|p2a: Heatran\n|-supereffective|p2a: Heatran\n|-damage|p2a: Heatran|24\/100 par\n|\n|t:|1700885425\n|-end|p1a: Walking Wake|Protosynthesis|[silent]\n|switch|p1a: Great Tusk|Great Tusk|100\/100|[from] Flip Turn\n|move|p2a: Heatran|Magma Storm|p1a: Great Tusk|[miss]\n|-miss|p2a: Heatran|p1a: Great Tusk\n|\n|-heal|p2a: Heatran|30\/100 par|[from] Grassy Terrain\n|upkeep\n|turn|35\n|\n|t:|1700885434\n|move|p1a: Great Tusk|Headlong Rush|p2a: Heatran\n|-supereffective|p2a: Heatran\n|-damage|p2a: Heatran|0 fnt\n|-unboost|p1a: Great Tusk|def|1\n|-unboost|p1a: Great Tusk|spd|1\n|faint|p2a: Heatran\n|\n|upkeep\n|\n|t:|1700885436\n|switch|p2a: Enamorus|Enamorus, F, tera:Fairy|37\/100\n|-damage|p2a: Enamorus|24\/100|[from] Stealth Rock\n|turn|36\n|\n|t:|1700885444\n|-end|p1a: Great Tusk|Protosynthesis|[silent]\n|switch|p1a: Heatran|Heatran, M, tera:Ghost|56\/100\n|move|p2a: Enamorus|Moonblast|p1a: Heatran\n|-damage|p1a: Heatran|11\/100\n|\n|-heal|p2a: Enamorus|31\/100|[from] Grassy Terrain\n|-heal|p1a: Heatran|17\/100|[from] Grassy Terrain\n|-heal|p1a: Heatran|24\/100|[from] item: Leftovers\n|-fieldend|move: Grassy Terrain\n|upkeep\n|turn|37\n|\n|t:|1700885451\n|move|p2a: Enamorus|Moonblast|p1a: Heatran\n|-damage|p1a: Heatran|0 fnt\n|faint|p1a: Heatran\n|\n|upkeep\n|\n|t:|1700885456\n|switch|p1a: Rillaboom|Rillaboom, F|100\/100\n|-fieldstart|move: Grassy Terrain|[from] ability: Grassy Surge|[of] p1a: Rillaboom\n|turn|38\n|\n|t:|1700885465\n|move|p1a: Rillaboom|Grassy Glide|p2a: Enamorus\n|-damage|p2a: Enamorus|0 fnt\n|faint|p2a: Enamorus\n|\n|upkeep\n|\n|t:|1700885468\n|switch|p2a: Sakamoto Ryoma|Kingambit, F|100\/100\n|-damage|p2a: Sakamoto Ryoma|94\/100|[from] Stealth Rock\n|-activate|p2a: Sakamoto Ryoma|ability: Supreme Overlord\n|-start|p2a: Sakamoto Ryoma|fallen4|[silent]\n|turn|39\n|\n|t:|1700885493\n|switch|p1a: Great Tusk|Great Tusk|100\/100\n|-end|p2a: Sakamoto Ryoma|fallen4|[silent]\n|switch|p2a: Rillaboom|Rillaboom, M|58\/100\n|-damage|p2a: Rillaboom|46\/100|[from] Stealth Rock\n|\n|-heal|p2a: Rillaboom|52\/100|[from] Grassy Terrain\n|upkeep\n|turn|40\n|\n|t:|1700885500\n|-end|p1a: Great Tusk|Protosynthesis|[silent]\n|switch|p1a: Walking Wake|Walking Wake|90\/100\n|move|p2a: Rillaboom|U-turn|p1a: Walking Wake\n|-damage|p1a: Walking Wake|49\/100\n|\n|t:|1700885501\n|switch|p2a: Sakamoto Ryoma|Kingambit, F|94\/100|[from] U-turn\n|-damage|p2a: Sakamoto Ryoma|88\/100|[from] Stealth Rock\n|-activate|p2a: Sakamoto Ryoma|ability: Supreme Overlord\n|-start|p2a: Sakamoto Ryoma|fallen4|[silent]\n|\n|-heal|p1a: Walking Wake|55\/100|[from] Grassy Terrain\n|-heal|p2a: Sakamoto Ryoma|94\/100|[from] Grassy Terrain\n|-heal|p2a: Sakamoto Ryoma|100\/100|[from] item: Leftovers\n|upkeep\n|turn|41\n|\n|t:|1700885506\n|move|p2a: Sakamoto Ryoma|Sucker Punch|p1a: Walking Wake\n|-damage|p1a: Walking Wake|0 fnt\n|faint|p1a: Walking Wake\n|-end|p1a: Walking Wake|Protosynthesis|[silent]\n|\n|upkeep\n|\n|t:|1700885510\n|switch|p1a: Great Tusk|Great Tusk|100\/100\n|turn|42\n|\n|t:|1700885549\n|move|p1a: Great Tusk|Ice Spinner|p2a: Sakamoto Ryoma\n|-resisted|p2a: Sakamoto Ryoma\n|-damage|p2a: Sakamoto Ryoma|92\/100\n|-fieldend|move: Grassy Terrain\n|move|p2a: Sakamoto Ryoma|Swords Dance|p2a: Sakamoto Ryoma\n|-boost|p2a: Sakamoto Ryoma|atk|2\n|\n|-heal|p2a: Sakamoto Ryoma|98\/100|[from] item: Leftovers\n|upkeep\n|turn|43\n|\n|t:|1700885560\n|move|p2a: Sakamoto Ryoma|Sucker Punch|p1a: Great Tusk\n|-resisted|p1a: Great Tusk\n|-damage|p1a: Great Tusk|67\/100\n|move|p1a: Great Tusk|Headlong Rush|p2a: Sakamoto Ryoma\n|-supereffective|p2a: Sakamoto Ryoma\n|-damage|p2a: Sakamoto Ryoma|27\/100\n|-unboost|p1a: Great Tusk|def|1\n|-unboost|p1a: Great Tusk|spd|1\n|\n|-heal|p1a: Great Tusk|74\/100|[from] item: Leftovers\n|-heal|p2a: Sakamoto Ryoma|34\/100|[from] item: Leftovers\n|upkeep\n|turn|44\n|\n|t:|1700885570\n|-end|p2a: Sakamoto Ryoma|fallen4|[silent]\n|switch|p2a: Rillaboom|Rillaboom, M|52\/100\n|-damage|p2a: Rillaboom|40\/100|[from] Stealth Rock\n|-fieldstart|move: Grassy Terrain|[from] ability: Grassy Surge|[of] p2a: Rillaboom\n|move|p1a: Great Tusk|Headlong Rush|p2a: Rillaboom\n|-resisted|p2a: Rillaboom\n|-damage|p2a: Rillaboom|11\/100\n|-unboost|p1a: Great Tusk|def|1\n|-unboost|p1a: Great Tusk|spd|1\n|\n|-heal|p1a: Great Tusk|80\/100|[from] Grassy Terrain\n|-heal|p1a: Great Tusk|86\/100|[from] item: Leftovers\n|-heal|p2a: Rillaboom|18\/100|[from] Grassy Terrain\n|upkeep\n|turn|45\n|\n|t:|1700885581\n|move|p2a: Rillaboom|Grassy Glide|p1a: Great Tusk\n|-supereffective|p1a: Great Tusk\n|-damage|p1a: Great Tusk|0 fnt\n|faint|p1a: Great Tusk\n|-end|p1a: Great Tusk|Protosynthesis|[silent]\n|\n|-heal|p2a: Rillaboom|24\/100|[from] Grassy Terrain\n|upkeep\n|\n|t:|1700885585\n|switch|p1a: Rillaboom|Rillaboom, F|100\/100\n|turn|46\n|\n|t:|1700885592\n|move|p2a: Rillaboom|Grassy Glide|p1a: Rillaboom\n|-resisted|p1a: Rillaboom\n|-crit|p1a: Rillaboom\n|-damage|p1a: Rillaboom|55\/100\n|move|p1a: Rillaboom|Wood Hammer|p2a: Rillaboom\n|-resisted|p2a: Rillaboom\n|-damage|p2a: Rillaboom|0 fnt\n|faint|p2a: Rillaboom\n|-damage|p1a: Rillaboom|48\/100|[from] Recoil\n|\n|-heal|p1a: Rillaboom|54\/100|[from] Grassy Terrain\n|upkeep\n|\n|t:|1700885595\n|switch|p2a: Sakamoto Ryoma|Kingambit, F|34\/100\n|-damage|p2a: Sakamoto Ryoma|27\/100|[from] Stealth Rock\n|-activate|p2a: Sakamoto Ryoma|ability: Supreme Overlord\n|-start|p2a: Sakamoto Ryoma|fallen5|[silent]\n|turn|47\n|\n|t:|1700885598\n|move|p2a: Sakamoto Ryoma|Sucker Punch|p1a: Rillaboom\n|-damage|p1a: Rillaboom|0 fnt\n|faint|p1a: Rillaboom\n|\n|win|MerekBG\n|raw|el judasbert's rating: 1378 &rarr; <strong>1364<\/strong><br \/>(-14 for losing)\n|raw|MerekBG's rating: 1489 &rarr; <strong>1503<\/strong><br \/>(+14 for winning)\n|l|\u2606el judasbert\n|c|\u2606MerekBG|Gg\n","uploadtime":1700885607,"views":1,"p1id":"eljudasbert","p2id":"merekbg","formatid":"gen9ou","rating":1364,"private":0,"password":""}