{"id":"gen9ou-1996834602","p1":"jw0311","p2":"spicy piquant","format":"[Gen 9] OU","log":"|j|\u2606jw0311\n|j|\u2606spicy piquant\n|t:|1700732825\n|gametype|singles\n|player|p1|jw0311|ghetsis-gen5bw|1816\n|player|p2|spicy piquant|170|1740\n|teamsize|p1|6\n|teamsize|p2|6\n|gen|9\n|tier|[Gen 9] OU\n|rated|\n|rule|Sleep Clause Mod: Limit one foe put to sleep\n|rule|Species Clause: Limit one of each Pok\u00e9mon\n|rule|OHKO Clause: OHKO moves are banned\n|rule|Evasion Items Clause: Evasion items are banned\n|rule|Evasion Moves Clause: Evasion moves are banned\n|rule|Endless Battle Clause: Forcing endless battles is banned\n|rule|HP Percentage Mod: HP is shown in percentages\n|clearpoke\n|poke|p1|Dragapult, F|\n|poke|p1|Toxapex, M|\n|poke|p1|Garganacl, M|\n|poke|p1|Kingambit, F|\n|poke|p1|Great Tusk|\n|poke|p1|Dondozo, M|\n|poke|p2|Iron Valiant|\n|poke|p2|Gholdengo|\n|poke|p2|Cinderace, M|\n|poke|p2|Toxapex, F|\n|poke|p2|Corviknight, F|\n|poke|p2|Ursaluna, M|\n|teampreview\n|inactive|Battle timer is ON: inactive players will automatically lose when time's up. (requested by jw0311)\n|\n|t:|1700732844\n|start\n|switch|p1a: Dragapult|Dragapult, F|100\/100\n|switch|p2a: Ursaluna|Ursaluna, M, shiny|100\/100\n|turn|1\n|\n|t:|1700732847\n|move|p2a: Ursaluna|Protect|p2a: Ursaluna\n|-singleturn|p2a: Ursaluna|Protect\n|move|p1a: Dragapult|U-turn|p2a: Ursaluna\n|-activate|p2a: Ursaluna|move: Protect\n|\n|-status|p2a: Ursaluna|brn|[from] item: Flame Orb\n|upkeep\n|turn|2\n|\n|t:|1700732851\n|move|p1a: Dragapult|U-turn|p2a: Ursaluna\n|-damage|p2a: Ursaluna|70\/100 brn\n|\n|t:|1700732853\n|switch|p1a: Great Tusk|Great Tusk|100\/100|[from] U-turn\n|move|p2a: Ursaluna|Facade|p1a: Great Tusk\n|-damage|p1a: Great Tusk|38\/100\n|\n|-heal|p1a: Great Tusk|45\/100|[from] item: Leftovers\n|-damage|p2a: Ursaluna|64\/100 brn|[from] brn\n|upkeep\n|turn|3\n|\n|t:|1700732861\n|switch|p2a: Corviknight|Corviknight, F|100\/100\n|-ability|p2a: Corviknight|Pressure\n|move|p1a: Great Tusk|Earthquake|p2a: Corviknight\n|-immune|p2a: Corviknight\n|\n|-heal|p1a: Great Tusk|51\/100|[from] item: Leftovers\n|upkeep\n|turn|4\n|j| ayayaphone\n|inactive|spicy piquant has 120 seconds left.\n|\n|t:|1700732896\n|move|p1a: Great Tusk|Knock Off|p2a: Corviknight\n|-damage|p2a: Corviknight|83\/100\n|-damage|p1a: Great Tusk|34\/100|[from] item: Rocky Helmet|[of] p2a: Corviknight\n|-enditem|p2a: Corviknight|Rocky Helmet|[from] move: Knock Off|[of] p1a: Great Tusk\n|move|p2a: Corviknight|Iron Defense|p2a: Corviknight\n|-boost|p2a: Corviknight|def|2\n|\n|-heal|p1a: Great Tusk|40\/100|[from] item: Leftovers\n|upkeep\n|turn|5\n|\n|t:|1700732901\n|-end|p1a: Great Tusk|Protosynthesis|[silent]\n|switch|p1a: Dondozo|Dondozo, M|100\/100\n|move|p2a: Corviknight|U-turn|p1a: Dondozo\n|-damage|p1a: Dondozo|94\/100\n|-damage|p2a: Corviknight|66\/100|[from] item: Rocky Helmet|[of] p1a: Dondozo\n|\n|t:|1700732904\n|switch|p2a: Ursaluna|Ursaluna, M, shiny|64\/100 brn|[from] U-turn\n|\n|-damage|p2a: Ursaluna|58\/100 brn|[from] brn\n|upkeep\n|turn|6\n|\n|t:|1700732912\n|move|p2a: Ursaluna|Earthquake|p1a: Dondozo\n|-damage|p1a: Dondozo|55\/100\n|move|p1a: Dondozo|Waterfall|p2a: Ursaluna\n|-supereffective|p2a: Ursaluna\n|-damage|p2a: Ursaluna|13\/100 brn\n|\n|-damage|p2a: Ursaluna|7\/100 brn|[from] brn\n|upkeep\n|turn|7\n|\n|t:|1700732924\n|switch|p1a: Dragapult|Dragapult, F|100\/100\n|move|p2a: Ursaluna|Facade|p1a: Dragapult\n|-immune|p1a: Dragapult\n|\n|-damage|p2a: Ursaluna|1\/100 brn|[from] brn\n|upkeep\n|turn|8\n|\n|t:|1700732929\n|move|p1a: Dragapult|U-turn|p2a: Ursaluna\n|-crit|p2a: Ursaluna\n|-damage|p2a: Ursaluna|0 fnt\n|faint|p2a: Ursaluna\n|\n|t:|1700732931\n|switch|p1a: Great Tusk|Great Tusk|40\/100|[from] U-turn\n|\n|-heal|p1a: Great Tusk|47\/100|[from] item: Leftovers\n|upkeep\n|\n|t:|1700732954\n|switch|p2a: Toxapex|Toxapex, F|100\/100\n|turn|9\n|\n|t:|1700732958\n|-end|p1a: Great Tusk|Protosynthesis|[silent]\n|switch|p1a: Garganacl|Garganacl, M|100\/100\n|move|p2a: Toxapex|Surf|p1a: Garganacl\n|-supereffective|p1a: Garganacl\n|-damage|p1a: Garganacl|41\/100\n|\n|-heal|p1a: Garganacl|47\/100|[from] item: Leftovers\n|upkeep\n|turn|10\n|j| t-modesty\n|\n|t:|1700732966\n|switch|p1a: Toxapex|Toxapex, M|100\/100\n|move|p2a: Toxapex|Acid Spray|p1a: Toxapex\n|-resisted|p1a: Toxapex\n|-damage|p1a: Toxapex|97\/100\n|-unboost|p1a: Toxapex|spd|2\n|\n|upkeep\n|turn|11\n|\n|t:|1700732971\n|switch|p1a: Kingambit|Kingambit, F|100\/100\n|move|p2a: Toxapex|Infestation|p1a: Kingambit\n|-damage|p1a: Kingambit|96\/100\n|-activate|p1a: Kingambit|move: Infestation|[of] p2a: Toxapex\n|\n|-heal|p1a: Kingambit|100\/100|[from] item: Leftovers\n|-damage|p1a: Kingambit|88\/100|[from] move: Infestation|[partiallytrapped]\n|upkeep\n|turn|12\n|inactive|spicy piquant has 120 seconds left.\n|\n|t:|1700733002\n|switch|p2a: Corviknight|Corviknight, F|66\/100\n|-ability|p2a: Corviknight|Pressure\n|move|p1a: Kingambit|Swords Dance|p1a: Kingambit\n|-boost|p1a: Kingambit|atk|2\n|\n|-heal|p1a: Kingambit|94\/100|[from] item: Leftovers\n|-end|p1a: Kingambit|Infestation|[partiallytrapped]|[silent]\n|upkeep\n|turn|13\n|\n|t:|1700733012\n|-end|p1a: Kingambit|fallenundefined|[silent]\n|switch|p1a: Toxapex|Toxapex, M|100\/100\n|move|p2a: Corviknight|Body Press|p1a: Toxapex\n|-resisted|p1a: Toxapex\n|-damage|p1a: Toxapex|90\/100\n|\n|upkeep\n|turn|14\n|inactive|spicy piquant has 120 seconds left.\n|\n|t:|1700733035\n|switch|p2a: Gholdengo|Gholdengo|100\/100\n|move|p1a: Toxapex|Infestation|p2a: Gholdengo\n|-resisted|p2a: Gholdengo\n|-damage|p2a: Gholdengo|99\/100\n|-activate|p2a: Gholdengo|move: Infestation|[of] p1a: Toxapex\n|\n|-damage|p2a: Gholdengo|87\/100|[from] move: Infestation|[partiallytrapped]\n|upkeep\n|turn|15\n|\n|t:|1700733039\n|switch|p1a: Kingambit|Kingambit, F|94\/100\n|move|p2a: Gholdengo|Trick|p1a: Kingambit\n|-activate|p2a: Gholdengo|move: Trick|[of] p1a: Kingambit\n|-item|p1a: Kingambit|Choice Scarf|[from] move: Trick\n|-item|p2a: Gholdengo|Leftovers|[from] move: Trick\n|\n|-heal|p2a: Gholdengo|93\/100|[from] item: Leftovers\n|-end|p2a: Gholdengo|Infestation|[partiallytrapped]|[silent]\n|upkeep\n|turn|16\n|\n|t:|1700733046\n|switch|p2a: Iron Valiant|Iron Valiant|100\/100\n|-enditem|p2a: Iron Valiant|Booster Energy\n|-activate|p2a: Iron Valiant|ability: Quark Drive|[fromitem]\n|-start|p2a: Iron Valiant|quarkdrivespe\n|move|p1a: Kingambit|Kowtow Cleave|p2a: Iron Valiant\n|-resisted|p2a: Iron Valiant\n|-damage|p2a: Iron Valiant|85\/100\n|\n|upkeep\n|turn|17\n|\n|t:|1700733055\n|-end|p1a: Kingambit|fallenundefined|[silent]\n|switch|p1a: Toxapex|Toxapex, M|100\/100\n|move|p2a: Iron Valiant|Psyshock|p1a: Toxapex\n|-supereffective|p1a: Toxapex\n|-crit|p1a: Toxapex\n|-damage|p1a: Toxapex|34\/100\n|\n|upkeep\n|turn|18\n|\n|t:|1700733062\n|move|p2a: Iron Valiant|Psyshock|p1a: Toxapex\n|-supereffective|p1a: Toxapex\n|-damage|p1a: Toxapex|0 fnt\n|faint|p1a: Toxapex\n|\n|upkeep\n|\n|t:|1700733065\n|switch|p1a: Kingambit|Kingambit, F|94\/100\n|-activate|p1a: Kingambit|ability: Supreme Overlord\n|-start|p1a: Kingambit|fallen1|[silent]\n|turn|19\n|\n|t:|1700733082\n|-terastallize|p1a: Kingambit|Fire\n|move|p2a: Iron Valiant|Close Combat|p1a: Kingambit\n|-damage|p1a: Kingambit|55\/100\n|-unboost|p2a: Iron Valiant|def|1\n|-unboost|p2a: Iron Valiant|spd|1\n|move|p1a: Kingambit|Iron Head|p2a: Iron Valiant\n|-supereffective|p2a: Iron Valiant\n|-damage|p2a: Iron Valiant|0 fnt\n|faint|p2a: Iron Valiant\n|-end|p2a: Iron Valiant|Quark Drive|[silent]\n|\n|upkeep\n|\n|t:|1700733094\n|switch|p2a: Toxapex|Toxapex, F|100\/100\n|turn|20\n|\n|t:|1700733098\n|-end|p1a: Kingambit|fallen1|[silent]\n|switch|p1a: Dragapult|Dragapult, F|100\/100\n|move|p2a: Toxapex|Sludge Bomb|p1a: Dragapult\n|-resisted|p1a: Dragapult\n|-damage|p1a: Dragapult|81\/100\n|\n|upkeep\n|turn|21\n|\n|t:|1700733106\n|switch|p2a: Gholdengo|Gholdengo|93\/100\n|move|p1a: Dragapult|Dragon Darts|p2a: Gholdengo\n|-resisted|p2a: Gholdengo\n|-damage|p2a: Gholdengo|69\/100\n|-anim|p1a: Dragapult|Dragon Darts|p2a: Gholdengo\n|-resisted|p2a: Gholdengo\n|-damage|p2a: Gholdengo|46\/100\n|\n|-heal|p2a: Gholdengo|52\/100|[from] item: Leftovers\n|upkeep\n|turn|22\n|c|\u2606jw0311|Copied my toxapex\n|\n|t:|1700733112\n|move|p1a: Dragapult|Dragon Darts|p2a: Gholdengo\n|-resisted|p2a: Gholdengo\n|-damage|p2a: Gholdengo|30\/100\n|-anim|p1a: Dragapult|Dragon Darts|p2a: Gholdengo\n|-resisted|p2a: Gholdengo\n|-damage|p2a: Gholdengo|6\/100\n|move|p2a: Gholdengo|Shadow Ball|p1a: Dragapult\n|-supereffective|p1a: Dragapult\n|-damage|p1a: Dragapult|0 fnt\n|faint|p1a: Dragapult\n|\n|-heal|p2a: Gholdengo|12\/100|[from] item: Leftovers\n|upkeep\n|\n|t:|1700733119\n|switch|p1a: Kingambit|Kingambit, F, tera:Fire|55\/100\n|-activate|p1a: Kingambit|ability: Supreme Overlord\n|-start|p1a: Kingambit|fallen2|[silent]\n|turn|23\n|\n|t:|1700733134\n|switch|p2a: Corviknight|Corviknight, F|66\/100\n|-ability|p2a: Corviknight|Pressure\n|move|p1a: Kingambit|Kowtow Cleave|p2a: Corviknight\n|-damage|p2a: Corviknight|33\/100\n|\n|upkeep\n|turn|24\n|\n|t:|1700733143\n|switch|p2a: Toxapex|Toxapex, F|100\/100\n|move|p1a: Kingambit|Kowtow Cleave|p2a: Toxapex\n|-crit|p2a: Toxapex\n|-damage|p2a: Toxapex|34\/100\n|\n|upkeep\n|turn|25\n|\n|t:|1700733149\n|switch|p2a: Corviknight|Corviknight, F|33\/100\n|-ability|p2a: Corviknight|Pressure\n|move|p1a: Kingambit|Kowtow Cleave|p2a: Corviknight\n|-damage|p2a: Corviknight|0 fnt\n|faint|p2a: Corviknight\n|\n|upkeep\n|\n|t:|1700733152\n|switch|p2a: Toxapex|Toxapex, F|67\/100\n|turn|26\n|\n|t:|1700733156\n|move|p1a: Kingambit|Kowtow Cleave|p2a: Toxapex\n|-damage|p2a: Toxapex|22\/100\n|move|p2a: Toxapex|Surf|p1a: Kingambit\n|-supereffective|p1a: Kingambit\n|-damage|p1a: Kingambit|1\/100\n|\n|upkeep\n|turn|27\n|\n|t:|1700733164\n|switch|p2a: Cinderace|Cinderace, M|100\/100\n|move|p1a: Kingambit|Kowtow Cleave|p2a: Cinderace\n|-damage|p2a: Cinderace|20\/100\n|\n|upkeep\n|turn|28\n|\n|t:|1700733168\n|-end|p1a: Kingambit|fallen2|[silent]\n|switch|p1a: Dondozo|Dondozo, M|55\/100\n|move|p2a: Cinderace|U-turn|p1a: Dondozo\n|-start|p2a: Cinderace|typechange|Bug|[from] ability: Libero\n|-damage|p1a: Dondozo|41\/100\n|-damage|p2a: Cinderace|4\/100|[from] item: Rocky Helmet|[of] p1a: Dondozo\n|\n|t:|1700733170\n|switch|p2a: Toxapex|Toxapex, F|55\/100|[from] U-turn\n|\n|upkeep\n|turn|29\n|\n|t:|1700733175\n|switch|p1a: Great Tusk|Great Tusk|47\/100\n|move|p2a: Toxapex|Acid Spray|p1a: Great Tusk\n|-resisted|p1a: Great Tusk\n|-damage|p1a: Great Tusk|38\/100\n|-unboost|p1a: Great Tusk|spd|2\n|\n|-heal|p1a: Great Tusk|44\/100|[from] item: Leftovers\n|upkeep\n|turn|30\n|\n|t:|1700733183\n|switch|p2a: Gholdengo|Gholdengo|12\/100\n|move|p1a: Great Tusk|Earthquake|p2a: Gholdengo\n|-supereffective|p2a: Gholdengo\n|-damage|p2a: Gholdengo|0 fnt\n|faint|p2a: Gholdengo\n|\n|-heal|p1a: Great Tusk|50\/100|[from] item: Leftovers\n|upkeep\n|\n|t:|1700733185\n|switch|p2a: Cinderace|Cinderace, M|4\/100\n|turn|31\n|\n|t:|1700733189\n|move|p2a: Cinderace|Pyro Ball|p1a: Great Tusk\n|-damage|p1a: Great Tusk|25\/100\n|-status|p1a: Great Tusk|brn\n|move|p1a: Great Tusk|Rapid Spin|p2a: Cinderace\n|-damage|p2a: Cinderace|0 fnt\n|-boost|p1a: Great Tusk|spe|1\n|faint|p2a: Cinderace\n|\n|-heal|p1a: Great Tusk|31\/100 brn|[from] item: Leftovers\n|-damage|p1a: Great Tusk|25\/100 brn|[from] brn\n|upkeep\n|\n|t:|1700733191\n|switch|p2a: Toxapex|Toxapex, F|88\/100\n|turn|32\n|\n|t:|1700733195\n|-terastallize|p2a: Toxapex|Fairy\n|move|p1a: Great Tusk|Knock Off|p2a: Toxapex\n|-resisted|p2a: Toxapex\n|-damage|p2a: Toxapex|83\/100\n|-enditem|p2a: Toxapex|Assault Vest|[from] move: Knock Off|[of] p1a: Great Tusk\n|move|p2a: Toxapex|Surf|p1a: Great Tusk\n|-supereffective|p1a: Great Tusk\n|-damage|p1a: Great Tusk|0 fnt\n|faint|p1a: Great Tusk\n|-end|p1a: Great Tusk|Protosynthesis|[silent]\n|\n|upkeep\n|\n|t:|1700733201\n|switch|p1a: Garganacl|Garganacl, M|47\/100\n|turn|33\n|\n|t:|1700733219\n|move|p2a: Toxapex|Surf|p1a: Garganacl\n|-supereffective|p1a: Garganacl\n|-damage|p1a: Garganacl|0 fnt\n|faint|p1a: Garganacl\n|\n|upkeep\n|\n|t:|1700733221\n|switch|p1a: Kingambit|Kingambit, F, tera:Fire|1\/100\n|-activate|p1a: Kingambit|ability: Supreme Overlord\n|-start|p1a: Kingambit|fallen4|[silent]\n|turn|34\n|\n|t:|1700733228\n|move|p1a: Kingambit|Iron Head|p2a: Toxapex\n|-supereffective|p2a: Toxapex\n|-damage|p2a: Toxapex|0 fnt\n|faint|p2a: Toxapex\n|\n|win|jw0311\n|raw|jw0311's rating: 1816 &rarr; <strong>1832<\/strong><br \/>(+16 for winning)\n|raw|spicy piquant's rating: 1740 &rarr; <strong>1724<\/strong><br \/>(-16 for losing)\n|l|\u2606spicy piquant\n|c|\u2606jw0311|Noob\n|l|\u2606jw0311\n|j| mew852\n","uploadtime":1700733246,"views":2,"p1id":"jw0311","p2id":"spicypiquant","formatid":"gen9ou","rating":1724,"private":0,"password":""}