{"id":"gen9ou-1992674978","p1":"GARF DID","p2":"Rillaballing","format":"[Gen 9] OU","log":"|j|\u2606GARF DID\n|j|\u2606Rillaballing\n|t:|1700223772\n|gametype|singles\n|player|p1|GARF DID|tuber|1624\n|player|p2|Rillaballing|lucas|1600\n|teamsize|p1|6\n|teamsize|p2|6\n|gen|9\n|tier|[Gen 9] OU\n|rated|\n|rule|Sleep Clause Mod: Limit one foe put to sleep\n|rule|Species Clause: Limit one of each Pok\u00e9mon\n|rule|OHKO Clause: OHKO moves are banned\n|rule|Evasion Items Clause: Evasion items are banned\n|rule|Evasion Moves Clause: Evasion moves are banned\n|rule|Endless Battle Clause: Forcing endless battles is banned\n|rule|HP Percentage Mod: HP is shown in percentages\n|clearpoke\n|poke|p1|Zamazenta-*|\n|poke|p1|Iron Moth|\n|poke|p1|Maushold-Four|\n|poke|p1|Walking Wake|\n|poke|p1|Dragonite, F|\n|poke|p1|Kingambit, F|\n|poke|p2|Sylveon, M|\n|poke|p2|Dragonite, F|\n|poke|p2|Great Tusk|\n|poke|p2|Slowking, M|\n|poke|p2|Iron Valiant|\n|poke|p2|Kingambit, F|\n|teampreview\n|\n|t:|1700223812\n|start\n|switch|p1a: Maushold|Maushold-Four|100\/100\n|switch|p2a: Great Tusk|Great Tusk, shiny|100\/100\n|turn|1\n|\n|t:|1700223819\n|move|p1a: Maushold|Population Bomb|p2a: Great Tusk\n|-damage|p2a: Great Tusk|95\/100\n|-damage|p2a: Great Tusk|90\/100\n|-crit|p2a: Great Tusk\n|-damage|p2a: Great Tusk|81\/100\n|-damage|p2a: Great Tusk|75\/100\n|-damage|p2a: Great Tusk|70\/100\n|-crit|p2a: Great Tusk\n|-damage|p2a: Great Tusk|61\/100\n|-damage|p2a: Great Tusk|56\/100\n|-damage|p2a: Great Tusk|50\/100\n|-damage|p2a: Great Tusk|44\/100\n|-damage|p2a: Great Tusk|39\/100\n|-hitcount|p2a: Great Tusk|10\n|move|p2a: Great Tusk|Rapid Spin|p1a: Maushold\n|-damage|p1a: Maushold|77\/100\n|-boost|p2a: Great Tusk|spe|1\n|\n|-heal|p2a: Great Tusk|45\/100|[from] item: Leftovers\n|upkeep\n|turn|2\n|\n|t:|1700223830\n|switch|p1a: Zamazenta|Zamazenta|100\/100\n|-ability|p1a: Zamazenta|Dauntless Shield|boost\n|-boost|p1a: Zamazenta|def|1\n|move|p2a: Great Tusk|Stealth Rock|p1a: Zamazenta\n|-sidestart|p1: GARF DID|move: Stealth Rock\n|\n|-heal|p2a: Great Tusk|51\/100|[from] item: Leftovers\n|upkeep\n|turn|3\n|\n|t:|1700223839\n|-end|p2a: Great Tusk|Protosynthesis|[silent]\n|switch|p2a: Slowking|Slowking, M, shiny|100\/100\n|move|p1a: Zamazenta|Iron Defense|p1a: Zamazenta\n|-boost|p1a: Zamazenta|def|2\n|\n|upkeep\n|turn|4\n|\n|t:|1700223846\n|move|p1a: Zamazenta|Substitute|p1a: Zamazenta\n|-start|p1a: Zamazenta|Substitute\n|-damage|p1a: Zamazenta|76\/100\n|move|p2a: Slowking|Future Sight|p1a: Zamazenta\n|-start|p2a: Slowking|move: Future Sight\n|\n|-heal|p1a: Zamazenta|82\/100|[from] item: Leftovers\n|upkeep\n|turn|5\n|\n|t:|1700223849\n|move|p1a: Zamazenta|Crunch|p2a: Slowking\n|-supereffective|p2a: Slowking\n|-damage|p2a: Slowking|44\/100\n|-unboost|p2a: Slowking|def|1\n|move|p2a: Slowking|Surf|p1a: Zamazenta\n|-end|p1a: Zamazenta|Substitute\n|\n|-heal|p1a: Zamazenta|88\/100|[from] item: Leftovers\n|upkeep\n|turn|6\n|\n|t:|1700223863\n|switch|p1a: Kingambit|Kingambit, F|100\/100\n|-damage|p1a: Kingambit|94\/100|[from] Stealth Rock\n|switch|p2a: Sylveon|Sylveon, M, shiny|100\/100\n|\n|-end|p1a: Kingambit|move: Future Sight\n|-immune|p1a: Kingambit\n|upkeep\n|turn|7\n|\n|t:|1700223873\n|switch|p2a: Great Tusk|Great Tusk, shiny|51\/100\n|-end|p1a: Kingambit|fallenundefined|[silent]\n|switch|p1a: Maushold|Maushold-Four|77\/100\n|-damage|p1a: Maushold|65\/100|[from] Stealth Rock\n|\n|-heal|p2a: Great Tusk|57\/100|[from] item: Leftovers\n|upkeep\n|turn|8\n|\n|t:|1700223878\n|move|p1a: Maushold|Population Bomb|p2a: Great Tusk\n|-damage|p2a: Great Tusk|52\/100\n|-damage|p2a: Great Tusk|46\/100\n|-damage|p2a: Great Tusk|40\/100\n|-damage|p2a: Great Tusk|35\/100\n|-damage|p2a: Great Tusk|30\/100\n|-damage|p2a: Great Tusk|24\/100\n|-damage|p2a: Great Tusk|19\/100\n|-damage|p2a: Great Tusk|13\/100\n|-damage|p2a: Great Tusk|7\/100\n|-damage|p2a: Great Tusk|2\/100\n|-hitcount|p2a: Great Tusk|10\n|move|p2a: Great Tusk|Earthquake|p1a: Maushold\n|-damage|p1a: Maushold|0 fnt\n|faint|p1a: Maushold\n|\n|-heal|p2a: Great Tusk|8\/100|[from] item: Leftovers\n|upkeep\n|\n|t:|1700223900\n|switch|p1a: Walking Wake|Walking Wake|100\/100\n|-damage|p1a: Walking Wake|88\/100|[from] Stealth Rock\n|-enditem|p1a: Walking Wake|Booster Energy\n|-activate|p1a: Walking Wake|ability: Protosynthesis|[fromitem]\n|-start|p1a: Walking Wake|protosynthesisspa\n|turn|9\n|\n|t:|1700223904\n|-end|p2a: Great Tusk|Protosynthesis|[silent]\n|switch|p2a: Slowking|Slowking, M, shiny|77\/100\n|move|p1a: Walking Wake|Dragon Pulse|p2a: Slowking\n|-damage|p2a: Slowking|39\/100\n|\n|upkeep\n|turn|10\n|\n|t:|1700223908\n|move|p1a: Walking Wake|Dragon Pulse|p2a: Slowking\n|-damage|p2a: Slowking|3\/100\n|move|p2a: Slowking|Thunder Wave|p1a: Walking Wake\n|-status|p1a: Walking Wake|par\n|\n|upkeep\n|turn|11\n|\n|t:|1700223914\n|switch|p2a: Sylveon|Sylveon, M, shiny|100\/100\n|cant|p1a: Walking Wake|par\n|\n|upkeep\n|turn|12\n|\n|t:|1700223925\n|-end|p1a: Walking Wake|Protosynthesis|[silent]\n|switch|p1a: Iron Moth|Iron Moth|100\/100\n|-damage|p1a: Iron Moth|76\/100|[from] Stealth Rock\n|-enditem|p1a: Iron Moth|Booster Energy\n|-activate|p1a: Iron Moth|ability: Quark Drive|[fromitem]\n|-start|p1a: Iron Moth|quarkdrivespe\n|move|p2a: Sylveon|Hyper Voice|p1a: Iron Moth\n|-resisted|p1a: Iron Moth\n|-damage|p1a: Iron Moth|54\/100\n|\n|upkeep\n|turn|13\n|\n|t:|1700223931\n|switch|p2a: Dragonite|Dragonite, F, shiny|100\/100\n|move|p1a: Iron Moth|Fiery Dance|p2a: Dragonite\n|-resisted|p2a: Dragonite\n|-damage|p2a: Dragonite|89\/100\n|\n|upkeep\n|turn|14\n|\n|t:|1700223938\n|-terastallize|p1a: Iron Moth|Fairy\n|move|p2a: Dragonite|Extreme Speed|p1a: Iron Moth\n|-damage|p1a: Iron Moth|0 fnt\n|faint|p1a: Iron Moth\n|-end|p1a: Iron Moth|Quark Drive|[silent]\n|\n|upkeep\n|\n|t:|1700223959\n|switch|p1a: Kingambit|Kingambit, F|94\/100\n|-damage|p1a: Kingambit|88\/100|[from] Stealth Rock\n|-activate|p1a: Kingambit|ability: Supreme Overlord\n|-start|p1a: Kingambit|fallen2|[silent]\n|turn|15\n|\n|t:|1700223965\n|switch|p2a: Great Tusk|Great Tusk, shiny|8\/100\n|move|p1a: Kingambit|Kowtow Cleave|p2a: Great Tusk\n|-resisted|p2a: Great Tusk\n|-damage|p2a: Great Tusk|0 fnt\n|faint|p2a: Great Tusk\n|-end|p2a: Great Tusk|Protosynthesis|[silent]\n|\n|upkeep\n|\n|t:|1700223967\n|switch|p2a: Sylveon|Sylveon, M, shiny|100\/100\n|turn|16\n|\n|t:|1700223972\n|move|p2a: Sylveon|Hyper Beam|p1a: Kingambit\n|-damage|p1a: Kingambit|0 fnt\n|-mustrecharge|p2a: Sylveon\n|faint|p1a: Kingambit\n|-end|p1a: Kingambit|fallen2|[silent]\n|\n|upkeep\n|\n|t:|1700224009\n|switch|p1a: Dragonite|Dragonite, F|100\/100\n|turn|17\n|\n|t:|1700224013\n|move|p1a: Dragonite|Earthquake|p2a: Sylveon\n|-damage|p2a: Sylveon|39\/100\n|cant|p2a: Sylveon|recharge\n|\n|upkeep\n|turn|18\n|\n|t:|1700224016\n|switch|p1a: Walking Wake|Walking Wake|88\/100 par\n|-damage|p1a: Walking Wake|76\/100 par|[from] Stealth Rock\n|move|p2a: Sylveon|Hyper Beam|p1a: Walking Wake\n|-supereffective|p1a: Walking Wake\n|-damage|p1a: Walking Wake|0 fnt\n|-mustrecharge|p2a: Sylveon\n|faint|p1a: Walking Wake\n|-end|p1a: Walking Wake|Protosynthesis|[silent]\n|\n|upkeep\n|\n|t:|1700224020\n|switch|p1a: Dragonite|Dragonite, F|100\/100\n|turn|19\n|\n|t:|1700224023\n|move|p1a: Dragonite|Dragon Dance|p1a: Dragonite\n|-boost|p1a: Dragonite|atk|1\n|-boost|p1a: Dragonite|spe|1\n|cant|p2a: Sylveon|recharge\n|\n|upkeep\n|turn|20\n|\n|t:|1700224028\n|move|p1a: Dragonite|Extreme Speed|p2a: Sylveon\n|-damage|p2a: Sylveon|0 fnt\n|faint|p2a: Sylveon\n|\n|upkeep\n|\n|t:|1700224035\n|switch|p2a: Dragonite|Dragonite, F, shiny|89\/100\n|turn|21\n|\n|t:|1700224037\n|move|p1a: Dragonite|Ice Spinner|p2a: Dragonite\n|-supereffective|p2a: Dragonite\n|-damage|p2a: Dragonite|0 fnt\n|faint|p2a: Dragonite\n|\n|upkeep\n|\n|t:|1700224040\n|switch|p2a: Iron Valiant|Iron Valiant, shiny|100\/100\n|turn|22\n|\n|t:|1700224048\n|-terastallize|p2a: Iron Valiant|Fairy\n|move|p1a: Dragonite|Extreme Speed|p2a: Iron Valiant\n|-damage|p2a: Iron Valiant|45\/100\n|move|p2a: Iron Valiant|Moonblast|p1a: Dragonite\n|-supereffective|p1a: Dragonite\n|-damage|p1a: Dragonite|30\/100\n|\n|upkeep\n|turn|23\n|\n|t:|1700224050\n|move|p1a: Dragonite|Extreme Speed|p2a: Iron Valiant\n|-damage|p2a: Iron Valiant|0 fnt\n|faint|p2a: Iron Valiant\n|-end|p2a: Iron Valiant|Quark Drive|[silent]\n|\n|upkeep\n|\n|t:|1700224051\n|switch|p2a: Kingambit|Kingambit, F, shiny|100\/100\n|-activate|p2a: Kingambit|ability: Supreme Overlord\n|-start|p2a: Kingambit|fallen4|[silent]\n|turn|24\n|\n|t:|1700224056\n|move|p2a: Kingambit|Sucker Punch|p1a: Dragonite\n|-damage|p1a: Dragonite|0 fnt\n|faint|p1a: Dragonite\n|\n|upkeep\n|\n|t:|1700224058\n|switch|p1a: Zamazenta|Zamazenta|88\/100\n|-damage|p1a: Zamazenta|82\/100|[from] Stealth Rock\n|turn|25\n|\n|t:|1700224062\n|move|p1a: Zamazenta|Iron Defense|p1a: Zamazenta\n|-boost|p1a: Zamazenta|def|2\n|move|p2a: Kingambit|Iron Head|p1a: Zamazenta\n|-damage|p1a: Zamazenta|55\/100\n|\n|-heal|p1a: Zamazenta|61\/100|[from] item: Leftovers\n|upkeep\n|turn|26\n|\n|t:|1700224067\n|-end|p2a: Kingambit|fallen4|[silent]\n|switch|p2a: Slowking|Slowking, M, shiny|36\/100\n|move|p1a: Zamazenta|Body Press|p2a: Slowking\n|-resisted|p2a: Slowking\n|-damage|p2a: Slowking|6\/100\n|\n|-heal|p1a: Zamazenta|67\/100|[from] item: Leftovers\n|upkeep\n|turn|27\n|\n|t:|1700224071\n|switch|p2a: Kingambit|Kingambit, F, shiny|100\/100\n|-activate|p2a: Kingambit|ability: Supreme Overlord\n|-start|p2a: Kingambit|fallen4|[silent]\n|move|p1a: Zamazenta|Body Press|p2a: Kingambit\n|-supereffective|p2a: Kingambit\n|-damage|p2a: Kingambit|0 fnt\n|faint|p2a: Kingambit\n|-end|p2a: Kingambit|fallen4|[silent]\n|\n|-heal|p1a: Zamazenta|73\/100|[from] item: Leftovers\n|upkeep\n|\n|t:|1700224074\n|switch|p2a: Slowking|Slowking, M, shiny|39\/100\n|turn|28\n|\n|t:|1700224077\n|move|p1a: Zamazenta|Crunch|p2a: Slowking\n|-supereffective|p2a: Slowking\n|-damage|p2a: Slowking|0 fnt\n|faint|p2a: Slowking\n|\n|win|GARF DID\n|raw|GARF DID's rating: 1624 &rarr; <strong>1643<\/strong><br \/>(+19 for winning)\n|raw|Rillaballing's rating: 1600 &rarr; <strong>1581<\/strong><br \/>(-19 for losing)\n|l|\u2606Rillaballing\n","uploadtime":1700224085,"views":14,"p1id":"garfdid","p2id":"rillaballing","formatid":"gen9ou","rating":1581,"private":0,"password":""}