{"id":"gen9ou-2000248450","p1":"Hazalt","p2":"N1ck24V","format":"[Gen 9] OU","log":"|j|\u2606Hazalt\n|j|\u2606N1ck24V\n|t:|1701177340\n|gametype|singles\n|player|p1|Hazalt|brendan-gen3rs|1364\n|player|p2|N1ck24V|shadowtriad|1396\n|teamsize|p1|6\n|teamsize|p2|6\n|gen|9\n|tier|[Gen 9] OU\n|rated|\n|rule|Sleep Clause Mod: Limit one foe put to sleep\n|rule|Species Clause: Limit one of each Pok\u00e9mon\n|rule|OHKO Clause: OHKO moves are banned\n|rule|Evasion Items Clause: Evasion items are banned\n|rule|Evasion Moves Clause: Evasion moves are banned\n|rule|Endless Battle Clause: Forcing endless battles is banned\n|rule|HP Percentage Mod: HP is shown in percentages\n|clearpoke\n|poke|p1|Heatran, F|\n|poke|p1|Tornadus-Therian, M|\n|poke|p1|Ogerpon-Cornerstone, F|\n|poke|p1|Great Tusk|\n|poke|p1|Hatterene, F|\n|poke|p1|Toxapex, F|\n|poke|p2|Ditto|\n|poke|p2|Clodsire, M|\n|poke|p2|Azumarill, F|\n|poke|p2|Maushold-Four|\n|poke|p2|Ambipom, M|\n|poke|p2|Arboliva, F|\n|teampreview\n|inactive|Battle timer is ON: inactive players will automatically lose when time's up. (requested by N1ck24V)\n|\n|t:|1701177349\n|start\n|switch|p1a: Tornadus|Tornadus-Therian, M|100\/100\n|switch|p2a: Luffy|Ambipom, M, shiny|100\/100\n|turn|1\n|\n|t:|1701177356\n|move|p2a: Luffy|Fake Out|p1a: Tornadus\n|-damage|p1a: Tornadus|65\/100\n|-damage|p2a: Luffy|91\/100|[from] item: Life Orb\n|cant|p1a: Tornadus|flinch\n|\n|upkeep\n|turn|2\n|\n|t:|1701177364\n|move|p2a: Luffy|Last Resort|p1a: Tornadus\n|-damage|p1a: Tornadus|0 fnt\n|faint|p1a: Tornadus\n|-damage|p2a: Luffy|81\/100|[from] item: Life Orb\n|\n|upkeep\n|\n|t:|1701177369\n|switch|p1a: Ogerpon|Ogerpon-Cornerstone, F|100\/100\n|turn|3\n|\n|t:|1701177376\n|move|p2a: Luffy|Last Resort|p1a: Ogerpon\n|-resisted|p1a: Ogerpon\n|-damage|p1a: Ogerpon|44\/100\n|-damage|p2a: Luffy|71\/100|[from] item: Life Orb\n|move|p1a: Ogerpon|Trailblaze|p2a: Luffy\n|-damage|p2a: Luffy|25\/100\n|-boost|p1a: Ogerpon|spe|1\n|\n|upkeep\n|turn|4\n|\n|t:|1701177385\n|move|p1a: Ogerpon|Horn Leech|p2a: Luffy\n|-damage|p2a: Luffy|0 fnt\n|-heal|p1a: Ogerpon|56\/100|[from] drain|[of] p2a: Luffy\n|faint|p2a: Luffy\n|\n|upkeep\n|\n|t:|1701177392\n|switch|p2a: NewJeans|Ditto, shiny|100\/100\n|-transform|p2a: NewJeans|p1a: Ogerpon|[from] ability: Imposter\n|turn|5\n|\n|t:|1701177401\n|switch|p1a: Toxapex|Toxapex, F|100\/100\n|move|p2a: NewJeans|Horn Leech|p1a: Toxapex\n|-damage|p1a: Toxapex|73\/100\n|\n|-heal|p1a: Toxapex|79\/100|[from] item: Leftovers\n|upkeep\n|turn|6\n|\n|t:|1701177411\n|switch|p2a: Sir Clod|Clodsire, M|100\/100\n|move|p1a: Toxapex|Surf|p2a: Sir Clod\n|-immune|p2a: Sir Clod|[from] ability: Water Absorb\n|\n|-heal|p1a: Toxapex|85\/100|[from] item: Leftovers\n|upkeep\n|turn|7\n|\n|t:|1701177421\n|move|p1a: Toxapex|Toxic Spikes|p2a: Sir Clod\n|-sidestart|p2: N1ck24V|move: Toxic Spikes\n|move|p2a: Sir Clod|Earthquake|p1a: Toxapex\n|-supereffective|p1a: Toxapex\n|-crit|p1a: Toxapex\n|-damage|p1a: Toxapex|23\/100\n|\n|-heal|p1a: Toxapex|29\/100|[from] item: Leftovers\n|upkeep\n|turn|8\n|j| BobbyTheFool\n|\n|t:|1701177430\n|switch|p1a: Great Tusk|Great Tusk, shiny|100\/100\n|switch|p2a: NewJeans|Ditto, shiny|100\/100\n|-status|p2a: NewJeans|psn\n|-transform|p2a: NewJeans|p1a: Great Tusk|[from] ability: Imposter\n|\n|-damage|p2a: NewJeans|88\/100 psn|[from] psn\n|upkeep\n|turn|9\n|\n|t:|1701177446\n|-end|p1a: Great Tusk|Protosynthesis|[silent]\n|switch|p1a: Hatterene|Hatterene, F|100\/100\n|move|p2a: NewJeans|Ice Spinner|p1a: Hatterene\n|-damage|p1a: Hatterene|83\/100\n|\n|-heal|p1a: Hatterene|89\/100|[from] item: Leftovers\n|-damage|p2a: NewJeans|76\/100 psn|[from] psn\n|upkeep\n|turn|10\n|\n|t:|1701177455\n|-end|p2a: NewJeans|Protosynthesis|[silent]\n|switch|p2a: Sir Clod|Clodsire, M|100\/100\n|-sideend|p2: N1ck24V|move: Toxic Spikes|[of] p2a: Sir Clod\n|move|p1a: Hatterene|Psyshock|p2a: Sir Clod\n|-supereffective|p2a: Sir Clod\n|-damage|p2a: Sir Clod|21\/100\n|\n|-heal|p1a: Hatterene|95\/100|[from] item: Leftovers\n|-heal|p2a: Sir Clod|27\/100|[from] item: Leftovers\n|upkeep\n|turn|11\n|\n|t:|1701177464\n|move|p2a: Sir Clod|Protect|p2a: Sir Clod\n|-singleturn|p2a: Sir Clod|Protect\n|move|p1a: Hatterene|Psyshock|p2a: Sir Clod\n|-activate|p2a: Sir Clod|move: Protect\n|\n|-heal|p1a: Hatterene|100\/100|[from] item: Leftovers\n|-heal|p2a: Sir Clod|34\/100|[from] item: Leftovers\n|upkeep\n|turn|12\n|\n|t:|1701177474\n|switch|p2a: NewJeans|Ditto, shiny|76\/100 psn\n|-transform|p2a: NewJeans|p1a: Hatterene|[from] ability: Imposter\n|move|p1a: Hatterene|Nuzzle|p2a: NewJeans\n|-damage|p2a: NewJeans|72\/100 psn\n|\n|-damage|p2a: NewJeans|60\/100 psn|[from] psn\n|upkeep\n|turn|13\n|\n|t:|1701177487\n|switch|p1a: Great Tusk|Great Tusk, shiny|100\/100\n|move|p2a: NewJeans|Draining Kiss|p1a: Great Tusk\n|-supereffective|p1a: Great Tusk\n|-damage|p1a: Great Tusk|40\/100\n|-heal|p2a: NewJeans|100\/100 psn|[from] drain|[of] p1a: Great Tusk\n|\n|-heal|p1a: Great Tusk|46\/100|[from] item: Leftovers\n|-damage|p2a: NewJeans|88\/100 psn|[from] psn\n|upkeep\n|turn|14\n|\n|t:|1701177499\n|-end|p1a: Great Tusk|Protosynthesis|[silent]\n|switch|p1a: Toxapex|Toxapex, F|63\/100\n|move|p2a: NewJeans|Draining Kiss|p1a: Toxapex\n|-resisted|p1a: Toxapex\n|-damage|p1a: Toxapex|55\/100\n|-heal|p2a: NewJeans|94\/100 psn|[from] drain|[of] p1a: Toxapex\n|\n|-heal|p1a: Toxapex|61\/100|[from] item: Leftovers\n|-damage|p2a: NewJeans|82\/100 psn|[from] psn\n|upkeep\n|turn|15\n|\n|t:|1701177508\n|switch|p2a: Sir Clod|Clodsire, M|34\/100\n|switch|p1a: Hatterene|Hatterene, F|100\/100\n|\n|-heal|p2a: Sir Clod|40\/100|[from] item: Leftovers\n|upkeep\n|turn|16\n|\n|t:|1701177514\n|move|p2a: Sir Clod|Protect|p2a: Sir Clod\n|-singleturn|p2a: Sir Clod|Protect\n|move|p1a: Hatterene|Psyshock|p2a: Sir Clod\n|-activate|p2a: Sir Clod|move: Protect\n|\n|-heal|p2a: Sir Clod|46\/100|[from] item: Leftovers\n|upkeep\n|turn|17\n|\n|t:|1701177521\n|switch|p2a: NewJeans|Ditto, shiny|82\/100 psn\n|-transform|p2a: NewJeans|p1a: Hatterene|[from] ability: Imposter\n|move|p1a: Hatterene|Psyshock|p2a: NewJeans\n|-resisted|p2a: NewJeans\n|-damage|p2a: NewJeans|66\/100 psn\n|\n|-damage|p2a: NewJeans|53\/100 psn|[from] psn\n|upkeep\n|turn|18\n|\n|t:|1701177530\n|move|p2a: NewJeans|Draining Kiss|p1a: Hatterene\n|-damage|p1a: Hatterene|77\/100\n|-heal|p2a: NewJeans|72\/100 psn|[from] drain|[of] p1a: Hatterene\n|move|p1a: Hatterene|Calm Mind|p1a: Hatterene\n|-boost|p1a: Hatterene|spa|1\n|-boost|p1a: Hatterene|spd|1\n|\n|-heal|p1a: Hatterene|83\/100|[from] item: Leftovers\n|-damage|p2a: NewJeans|60\/100 psn|[from] psn\n|upkeep\n|turn|19\n|\n|t:|1701177545\n|switch|p2a: Mary|Azumarill, F|100\/100\n|move|p1a: Hatterene|Psyshock|p2a: Mary\n|-damage|p2a: Mary|45\/100\n|-enditem|p2a: Mary|Sitrus Berry|[eat]\n|-heal|p2a: Mary|70\/100|[from] item: Sitrus Berry\n|\n|-heal|p1a: Hatterene|89\/100|[from] item: Leftovers\n|upkeep\n|turn|20\n|\n|t:|1701177553\n|move|p2a: Mary|Liquidation|p1a: Hatterene\n|-crit|p1a: Hatterene\n|-damage|p1a: Hatterene|19\/100\n|move|p1a: Hatterene|Draining Kiss|p2a: Mary\n|-damage|p2a: Mary|33\/100\n|-heal|p1a: Hatterene|54\/100|[from] drain|[of] p2a: Mary\n|\n|-heal|p1a: Hatterene|60\/100|[from] item: Leftovers\n|upkeep\n|turn|21\n|\n|t:|1701177561\n|switch|p1a: Toxapex|Toxapex, F|94\/100\n|move|p2a: Mary|Liquidation|p1a: Toxapex\n|-resisted|p1a: Toxapex\n|-damage|p1a: Toxapex|74\/100\n|\n|-heal|p1a: Toxapex|80\/100|[from] item: Leftovers\n|upkeep\n|turn|22\n|\n|t:|1701177570\n|switch|p2a: Sir Clod|Clodsire, M|46\/100\n|move|p1a: Toxapex|Toxic Spikes|p2a: Sir Clod\n|-sidestart|p2: N1ck24V|move: Toxic Spikes\n|\n|-heal|p1a: Toxapex|86\/100|[from] item: Leftovers\n|-heal|p2a: Sir Clod|52\/100|[from] item: Leftovers\n|upkeep\n|turn|23\n|\n|t:|1701177577\n|switch|p1a: Hatterene|Hatterene, F|60\/100\n|move|p2a: Sir Clod|Recover|p2a: Sir Clod\n|-heal|p2a: Sir Clod|100\/100\n|\n|-heal|p1a: Hatterene|66\/100|[from] item: Leftovers\n|upkeep\n|turn|24\n|\n|t:|1701177589\n|switch|p2a: Mary|Azumarill, F|33\/100\n|-status|p2a: Mary|psn\n|move|p1a: Hatterene|Calm Mind|p1a: Hatterene\n|-boost|p1a: Hatterene|spa|1\n|-boost|p1a: Hatterene|spd|1\n|\n|-heal|p1a: Hatterene|72\/100|[from] item: Leftovers\n|-damage|p2a: Mary|21\/100 psn|[from] psn\n|upkeep\n|turn|25\n|\n|t:|1701177598\n|switch|p1a: Toxapex|Toxapex, F|100\/100\n|move|p2a: Mary|Liquidation|p1a: Toxapex\n|-resisted|p1a: Toxapex\n|-damage|p1a: Toxapex|82\/100\n|\n|-heal|p1a: Toxapex|88\/100|[from] item: Leftovers\n|-damage|p2a: Mary|8\/100 psn|[from] psn\n|upkeep\n|turn|26\n|\n|t:|1701177604\n|move|p2a: Mary|Play Rough|p1a: Toxapex\n|-resisted|p1a: Toxapex\n|-damage|p1a: Toxapex|67\/100\n|move|p1a: Toxapex|Toxic Spikes|p2a: Mary\n|-sidestart|p2: N1ck24V|move: Toxic Spikes\n|\n|-heal|p1a: Toxapex|72\/100|[from] item: Leftovers\n|-damage|p2a: Mary|0 fnt|[from] psn\n|faint|p2a: Mary\n|upkeep\n|\n|t:|1701177613\n|switch|p2a: Sir Clod|Clodsire, M|100\/100\n|-sideend|p2: N1ck24V|move: Toxic Spikes|[of] p2a: Sir Clod\n|turn|27\n|\n|t:|1701177637\n|switch|p1a: Great Tusk|Great Tusk, shiny|46\/100\n|move|p2a: Sir Clod|Earthquake|p1a: Great Tusk\n|-damage|p1a: Great Tusk|32\/100\n|\n|-heal|p1a: Great Tusk|38\/100|[from] item: Leftovers\n|upkeep\n|turn|28\n|\n|t:|1701177646\n|switch|p2a: Olivia|Arboliva, F|100\/100\n|move|p1a: Great Tusk|Stealth Rock|p2a: Olivia\n|-sidestart|p2: N1ck24V|move: Stealth Rock\n|\n|-heal|p1a: Great Tusk|44\/100|[from] item: Leftovers\n|upkeep\n|turn|29\n|\n|t:|1701177652\n|-end|p1a: Great Tusk|Protosynthesis|[silent]\n|switch|p1a: Hatterene|Hatterene, F|72\/100\n|move|p2a: Olivia|Giga Drain|p1a: Hatterene\n|-damage|p1a: Hatterene|32\/100\n|\n|-heal|p1a: Hatterene|38\/100|[from] item: Leftovers\n|upkeep\n|turn|30\n|\n|t:|1701177658\n|switch|p1a: Heatran|Heatran, F|100\/100\n|move|p2a: Olivia|Substitute|p2a: Olivia\n|-start|p2a: Olivia|Substitute\n|-damage|p2a: Olivia|75\/100\n|\n|upkeep\n|turn|31\n|\n|t:|1701177664\n|-terastallize|p1a: Heatran|Grass\n|move|p1a: Heatran|Taunt|p2a: Olivia\n|-start|p2a: Olivia|move: Taunt\n|move|p2a: Olivia|Giga Drain|p1a: Heatran\n|-resisted|p1a: Heatran\n|-damage|p1a: Heatran|88\/100\n|-heal|p2a: Olivia|83\/100|[from] drain|[of] p1a: Heatran\n|\n|-heal|p1a: Heatran|94\/100|[from] item: Leftovers\n|upkeep\n|turn|32\n|\n|t:|1701177674\n|move|p1a: Heatran|Magma Storm|p2a: Olivia|[miss]\n|-miss|p1a: Heatran|p2a: Olivia\n|move|p2a: Olivia|Giga Drain|p1a: Heatran\n|-resisted|p1a: Heatran\n|-damage|p1a: Heatran|80\/100\n|-heal|p2a: Olivia|90\/100|[from] drain|[of] p1a: Heatran\n|\n|-heal|p1a: Heatran|86\/100|[from] item: Leftovers\n|upkeep\n|turn|33\n|\n|t:|1701177685\n|move|p1a: Heatran|Earth Power|p2a: Olivia\n|-resisted|p2a: Olivia\n|-activate|p2a: Olivia|move: Substitute|[damage]\n|move|p2a: Olivia|Tera Blast|p1a: Heatran\n|-damage|p1a: Heatran|60\/100\n|\n|-heal|p1a: Heatran|67\/100|[from] item: Leftovers\n|-end|p2a: Olivia|move: Taunt\n|upkeep\n|turn|34\n|\n|t:|1701177694\n|move|p1a: Heatran|Magma Storm|p2a: Olivia\n|-supereffective|p2a: Olivia\n|-end|p2a: Olivia|Substitute\n|move|p2a: Olivia|Tera Blast|p1a: Heatran\n|-damage|p1a: Heatran|39\/100\n|\n|-heal|p1a: Heatran|46\/100|[from] item: Leftovers\n|upkeep\n|turn|35\n|\n|t:|1701177706\n|switch|p2a: NewJeans|Ditto, shiny|60\/100 psn\n|-damage|p2a: NewJeans|47\/100 psn|[from] Stealth Rock\n|-transform|p2a: NewJeans|p1a: Heatran|[from] ability: Imposter\n|move|p1a: Heatran|Taunt|p2a: NewJeans\n|-start|p2a: NewJeans|move: Taunt\n|\n|-heal|p1a: Heatran|52\/100|[from] item: Leftovers\n|-damage|p2a: NewJeans|35\/100 psn|[from] psn\n|upkeep\n|-start|p2a: NewJeans|typechange|Fire\/Steel|[silent]\n|turn|36\n|\n|t:|1701177718\n|move|p1a: Heatran|Protect|p1a: Heatran\n|-singleturn|p1a: Heatran|Protect\n|move|p2a: NewJeans|Earth Power|p1a: Heatran\n|-activate|p1a: Heatran|move: Protect\n|\n|-heal|p1a: Heatran|58\/100|[from] item: Leftovers\n|-damage|p2a: NewJeans|23\/100 psn|[from] psn\n|upkeep\n|turn|37\n|\n|t:|1701177726\n|move|p2a: NewJeans|Earth Power|p1a: Heatran\n|-resisted|p1a: Heatran\n|-damage|p1a: Heatran|50\/100\n|move|p1a: Heatran|Earth Power|p2a: NewJeans\n|-supereffective|p2a: NewJeans\n|-damage|p2a: NewJeans|0 fnt\n|faint|p2a: NewJeans\n|\n|-heal|p1a: Heatran|56\/100|[from] item: Leftovers\n|upkeep\n|\n|t:|1701177730\n|switch|p2a: Maur Maur|Maushold-Four|100\/100\n|-damage|p2a: Maur Maur|88\/100|[from] Stealth Rock\n|turn|38\n|\n|t:|1701177743\n|move|p2a: Maur Maur|Population Bomb|p1a: Heatran\n|-damage|p1a: Heatran|46\/100\n|-damage|p1a: Heatran|36\/100\n|-status|p2a: Maur Maur|brn|[from] ability: Flame Body|[of] p1a: Heatran\n|-damage|p1a: Heatran|32\/100\n|-damage|p1a: Heatran|27\/100\n|-damage|p1a: Heatran|22\/100\n|-damage|p1a: Heatran|17\/100\n|-damage|p1a: Heatran|12\/100\n|-damage|p1a: Heatran|8\/100\n|-crit|p1a: Heatran\n|-damage|p1a: Heatran|1\/100\n|-damage|p1a: Heatran|0 fnt\n|faint|p1a: Heatran\n|-hitcount|p1: Heatran|10\n|\n|-damage|p2a: Maur Maur|82\/100 brn|[from] brn\n|upkeep\n|\n|t:|1701177754\n|switch|p1a: Hatterene|Hatterene, F|38\/100\n|turn|39\n|\n|t:|1701177762\n|move|p2a: Maur Maur|Tidy Up|p2a: Maur Maur\n|-sideend|p2: N1ck24V|Stealth Rock\n|-activate|p2a: Maur Maur|move: Tidy Up\n|-boost|p2a: Maur Maur|atk|1\n|-boost|p2a: Maur Maur|spe|1\n|move|p1a: Hatterene|Draining Kiss|p2a: Maur Maur\n|-damage|p2a: Maur Maur|47\/100 brn\n|-heal|p1a: Hatterene|62\/100|[from] drain|[of] p2a: Maur Maur\n|\n|-heal|p1a: Hatterene|67\/100|[from] item: Leftovers\n|-damage|p2a: Maur Maur|41\/100 brn|[from] brn\n|upkeep\n|turn|40\n|\n|t:|1701177772\n|move|p2a: Maur Maur|Population Bomb|p1a: Hatterene\n|-damage|p1a: Hatterene|61\/100\n|-damage|p1a: Hatterene|54\/100\n|-damage|p1a: Hatterene|48\/100\n|-damage|p1a: Hatterene|41\/100\n|-damage|p1a: Hatterene|35\/100\n|-damage|p1a: Hatterene|28\/100\n|-damage|p1a: Hatterene|22\/100\n|-damage|p1a: Hatterene|15\/100\n|-damage|p1a: Hatterene|9\/100\n|-damage|p1a: Hatterene|2\/100\n|-hitcount|p1a: Hatterene|10\n|move|p1a: Hatterene|Draining Kiss|p2a: Maur Maur\n|-damage|p2a: Maur Maur|7\/100 brn\n|-heal|p1a: Hatterene|25\/100|[from] drain|[of] p2a: Maur Maur\n|\n|-heal|p1a: Hatterene|31\/100|[from] item: Leftovers\n|-damage|p2a: Maur Maur|1\/100 brn|[from] brn\n|upkeep\n|turn|41\n|\n|t:|1701177790\n|switch|p1a: Toxapex|Toxapex, F|100\/100\n|move|p2a: Maur Maur|Population Bomb|p1a: Toxapex\n|-damage|p1a: Toxapex|94\/100\n|-damage|p1a: Toxapex|87\/100\n|-damage|p1a: Toxapex|81\/100\n|-damage|p1a: Toxapex|75\/100\n|-damage|p1a: Toxapex|70\/100\n|-hitcount|p1a: Toxapex|5\n|\n|-heal|p1a: Toxapex|76\/100|[from] item: Leftovers\n|-damage|p2a: Maur Maur|0 fnt|[from] brn\n|faint|p2a: Maur Maur\n|upkeep\n|\n|t:|1701177805\n|switch|p2a: Sir Clod|Clodsire, M|100\/100\n|turn|42\n|\n|t:|1701177810\n|move|p1a: Toxapex|Toxic Spikes|p2a: Sir Clod\n|-sidestart|p2: N1ck24V|move: Toxic Spikes\n|move|p2a: Sir Clod|Earthquake|p1a: Toxapex\n|-supereffective|p1a: Toxapex\n|-damage|p1a: Toxapex|36\/100\n|\n|-heal|p1a: Toxapex|42\/100|[from] item: Leftovers\n|upkeep\n|turn|43\n|\n|t:|1701177819\n|switch|p2a: Olivia|Arboliva, F|90\/100\n|-status|p2a: Olivia|psn\n|move|p1a: Toxapex|Recover|p1a: Toxapex\n|-heal|p1a: Toxapex|92\/100\n|\n|-heal|p1a: Toxapex|98\/100|[from] item: Leftovers\n|-damage|p2a: Olivia|78\/100 psn|[from] psn\n|upkeep\n|turn|44\n|\n|t:|1701177831\n|switch|p1a: Ogerpon|Ogerpon-Cornerstone, F|56\/100\n|move|p2a: Olivia|Substitute|p2a: Olivia\n|-start|p2a: Olivia|Substitute\n|-damage|p2a: Olivia|53\/100 psn\n|\n|-damage|p2a: Olivia|41\/100 psn|[from] psn\n|upkeep\n|-enditem|p2a: Olivia|Sitrus Berry|[eat]\n|-heal|p2a: Olivia|66\/100 psn|[from] item: Sitrus Berry\n|turn|45\n|\n|t:|1701177839\n|move|p1a: Ogerpon|Ivy Cudgel|p2a: Olivia|[anim] Ivy Cudgel Rock\n|-end|p2a: Olivia|Substitute\n|move|p2a: Olivia|Giga Drain|p1a: Ogerpon\n|-damage|p1a: Ogerpon|9\/100\n|-heal|p2a: Olivia|86\/100 psn|[from] drain|[of] p1a: Ogerpon\n|\n|-damage|p2a: Olivia|74\/100 psn|[from] psn\n|upkeep\n|turn|46\n|\n|t:|1701177850\n|move|p1a: Ogerpon|Ivy Cudgel|p2a: Olivia|[anim] Ivy Cudgel Rock\n|-crit|p2a: Olivia\n|-damage|p2a: Olivia|0 fnt\n|faint|p2a: Olivia\n|\n|upkeep\n|\n|t:|1701177855\n|switch|p2a: Sir Clod|Clodsire, M|100\/100\n|-sideend|p2: N1ck24V|move: Toxic Spikes|[of] p2a: Sir Clod\n|turn|47\n|\n|t:|1701177859\n|move|p1a: Ogerpon|Ivy Cudgel|p2a: Sir Clod|[anim] Ivy Cudgel Rock\n|-resisted|p2a: Sir Clod\n|-damage|p2a: Sir Clod|66\/100\n|move|p2a: Sir Clod|Earthquake|p1a: Ogerpon\n|-damage|p1a: Ogerpon|0 fnt\n|faint|p1a: Ogerpon\n|\n|-heal|p2a: Sir Clod|72\/100|[from] item: Leftovers\n|upkeep\n|\n|t:|1701177862\n|switch|p1a: Hatterene|Hatterene, F|31\/100\n|turn|48\n|\n|t:|1701177869\n|move|p2a: Sir Clod|Protect|p2a: Sir Clod\n|-singleturn|p2a: Sir Clod|Protect\n|move|p1a: Hatterene|Psyshock|p2a: Sir Clod\n|-activate|p2a: Sir Clod|move: Protect\n|\n|-heal|p1a: Hatterene|37\/100|[from] item: Leftovers\n|-heal|p2a: Sir Clod|78\/100|[from] item: Leftovers\n|upkeep\n|turn|49\n|\n|t:|1701177883\n|-terastallize|p2a: Sir Clod|Flying\n|move|p1a: Hatterene|Psyshock|p2a: Sir Clod\n|-damage|p2a: Sir Clod|41\/100\n|move|p2a: Sir Clod|Earthquake|p1a: Hatterene\n|-damage|p1a: Hatterene|16\/100\n|\n|-heal|p1a: Hatterene|22\/100|[from] item: Leftovers\n|-heal|p2a: Sir Clod|47\/100|[from] item: Leftovers\n|upkeep\n|turn|50\n|\n|t:|1701177891\n|move|p1a: Hatterene|Nuzzle|p2a: Sir Clod\n|-supereffective|p2a: Sir Clod\n|-damage|p2a: Sir Clod|39\/100\n|-status|p2a: Sir Clod|par\n|cant|p2a: Sir Clod|par\n|\n|-heal|p1a: Hatterene|28\/100|[from] item: Leftovers\n|-heal|p2a: Sir Clod|45\/100 par|[from] item: Leftovers\n|upkeep\n|turn|51\n|\n|t:|1701177900\n|move|p1a: Hatterene|Draining Kiss|p2a: Sir Clod\n|-damage|p2a: Sir Clod|32\/100 par\n|-heal|p1a: Hatterene|42\/100|[from] drain|[of] p2a: Sir Clod\n|move|p2a: Sir Clod|Recover|p2a: Sir Clod\n|-heal|p2a: Sir Clod|82\/100 par\n|\n|-heal|p1a: Hatterene|48\/100|[from] item: Leftovers\n|-heal|p2a: Sir Clod|88\/100 par|[from] item: Leftovers\n|upkeep\n|turn|52\n|c|\u2606Hazalt|can u send me this team\n|\n|t:|1701177910\n|move|p1a: Hatterene|Calm Mind|p1a: Hatterene\n|-boost|p1a: Hatterene|spa|1\n|-boost|p1a: Hatterene|spd|1\n|move|p2a: Sir Clod|Earthquake|p1a: Hatterene\n|-damage|p1a: Hatterene|25\/100\n|\n|-heal|p1a: Hatterene|31\/100|[from] item: Leftovers\n|-heal|p2a: Sir Clod|94\/100 par|[from] item: Leftovers\n|upkeep\n|turn|53\n|\n|t:|1701177916\n|move|p1a: Hatterene|Draining Kiss|p2a: Sir Clod\n|-damage|p2a: Sir Clod|76\/100 par\n|-heal|p1a: Hatterene|50\/100|[from] drain|[of] p2a: Sir Clod\n|move|p2a: Sir Clod|Earthquake|p1a: Hatterene\n|-damage|p1a: Hatterene|27\/100\n|\n|-heal|p1a: Hatterene|33\/100|[from] item: Leftovers\n|-heal|p2a: Sir Clod|82\/100 par|[from] item: Leftovers\n|upkeep\n|turn|54\n|\n|t:|1701177922\n|move|p1a: Hatterene|Draining Kiss|p2a: Sir Clod\n|-damage|p2a: Sir Clod|64\/100 par\n|-heal|p1a: Hatterene|52\/100|[from] drain|[of] p2a: Sir Clod\n|move|p2a: Sir Clod|Earthquake|p1a: Hatterene\n|-damage|p1a: Hatterene|32\/100\n|\n|-heal|p1a: Hatterene|38\/100|[from] item: Leftovers\n|-heal|p2a: Sir Clod|70\/100 par|[from] item: Leftovers\n|upkeep\n|turn|55\n|l| BobbyTheFool\n|\n|t:|1701177932\n|move|p1a: Hatterene|Draining Kiss|p2a: Sir Clod\n|-damage|p2a: Sir Clod|50\/100 par\n|-heal|p1a: Hatterene|60\/100|[from] drain|[of] p2a: Sir Clod\n|move|p2a: Sir Clod|Toxic|p1a: Hatterene\n|move|p1a: Hatterene|Toxic||[from]ability: Magic Bounce|[still]\n|-fail|p1a: Hatterene\n|\n|-heal|p1a: Hatterene|66\/100|[from] item: Leftovers\n|-heal|p2a: Sir Clod|56\/100 par|[from] item: Leftovers\n|upkeep\n|turn|56\n|\n|t:|1701177938\n|move|p1a: Hatterene|Calm Mind|p1a: Hatterene\n|-boost|p1a: Hatterene|spa|1\n|-boost|p1a: Hatterene|spd|1\n|move|p2a: Sir Clod|Toxic|p1a: Hatterene\n|move|p1a: Hatterene|Toxic||[from]ability: Magic Bounce|[still]\n|-fail|p1a: Hatterene\n|\n|-heal|p1a: Hatterene|72\/100|[from] item: Leftovers\n|-heal|p2a: Sir Clod|62\/100 par|[from] item: Leftovers\n|upkeep\n|turn|57\n|\n|t:|1701177943\n|move|p1a: Hatterene|Psyshock|p2a: Sir Clod\n|-damage|p2a: Sir Clod|0 fnt\n|faint|p2a: Sir Clod\n|\n|win|Hazalt\n|raw|Hazalt's rating: 1364 &rarr; <strong>1386<\/strong><br \/>(+22 for winning)\n|raw|N1ck24V's rating: 1396 &rarr; <strong>1374<\/strong><br \/>(-22 for losing)\n|c|\u2606Hazalt|ggs\n|c|\u2606Hazalt|pls send me this heat\n|c|\u2606N1ck24V|What' is the heat?\n|c|\u2606Hazalt|your team\n|c|\u2606Hazalt|i like it, it's unique\n|c|\u2606N1ck24V|Thanks :)\n|c|\u2606Hazalt|if u don't mind sending it to me\n|c|\u2606N1ck24V|Now i'm sending you\n|c|\u2606Hazalt|Thnx\n|c|\u2606Hazalt|it's creative\n|c|\u2606Hazalt|i enjoyed it\n|c|\u2606N1ck24V|one moment\n|c|\u2606Hazalt|kk\n|c|\u2606N1ck24V|Wait, it might be a little dumb, but how can i send yo my team with all my data?\n","uploadtime":1701178320,"views":2,"p1id":"hazalt","p2id":"n1ck24v","formatid":"gen9ou","rating":1374,"private":0,"password":""}