{"id":"gen9ou-1996629398","p1":"Andrews Finn2","p2":"TigerSpace02","format":"[Gen 9] OU","log":"|j|\u2606Andrews Finn2\n|j|\u2606TigerSpace02\n|t:|1700702612\n|gametype|singles\n|player|p1|Andrews Finn2|steven|1180\n|player|p2|TigerSpace02|blackbelt-gen4dp|1168\n|teamsize|p1|6\n|teamsize|p2|6\n|gen|9\n|tier|[Gen 9] OU\n|rated|\n|rule|Sleep Clause Mod: Limit one foe put to sleep\n|rule|Species Clause: Limit one of each Pok\u00e9mon\n|rule|OHKO Clause: OHKO moves are banned\n|rule|Evasion Items Clause: Evasion items are banned\n|rule|Evasion Moves Clause: Evasion moves are banned\n|rule|Endless Battle Clause: Forcing endless battles is banned\n|rule|HP Percentage Mod: HP is shown in percentages\n|clearpoke\n|poke|p1|Alomomola, F|\n|poke|p1|Slowking-Galar, F|\n|poke|p1|Kingambit, F|\n|poke|p1|Great Tusk|\n|poke|p1|Cinderace, F|\n|poke|p1|Thundurus-Therian, M|\n|poke|p2|Heatran, F|\n|poke|p2|Tornadus-Therian, M|\n|poke|p2|Ogerpon-Cornerstone, F|\n|poke|p2|Great Tusk|\n|poke|p2|Hatterene, F|\n|poke|p2|Toxapex, F|\n|teampreview\n|inactive|Battle timer is ON: inactive players will automatically lose when time's up. (requested by TigerSpace02)\n|\n|t:|1700702636\n|start\n|switch|p1a: Great Tusk|Great Tusk|100\/100\n|switch|p2a: Trisha|Toxapex, F|100\/100\n|turn|1\n|\n|t:|1700702649\n|move|p1a: Great Tusk|Stealth Rock|p2a: Trisha\n|-sidestart|p2: TigerSpace02|move: Stealth Rock\n|move|p2a: Trisha|Toxic Spikes|p1a: Great Tusk\n|-sidestart|p1: Andrews Finn2|move: Toxic Spikes\n|\n|upkeep\n|turn|2\n|\n|t:|1700702661\n|move|p1a: Great Tusk|Headlong Rush|p2a: Trisha\n|-supereffective|p2a: Trisha\n|-damage|p2a: Trisha|9\/100\n|-unboost|p1a: Great Tusk|def|1\n|-unboost|p1a: Great Tusk|spd|1\n|move|p2a: Trisha|Toxic Spikes|p1a: Great Tusk\n|-sidestart|p1: Andrews Finn2|move: Toxic Spikes\n|\n|-heal|p2a: Trisha|15\/100|[from] item: Leftovers\n|upkeep\n|turn|3\n|\n|t:|1700702668\n|switch|p2a: Gold|Tornadus-Therian, M|100\/100\n|-damage|p2a: Gold|76\/100|[from] Stealth Rock\n|move|p1a: Great Tusk|Rapid Spin|p2a: Gold\n|-damage|p2a: Gold|55\/100\n|-boost|p1a: Great Tusk|spe|1\n|-sideend|p1: Andrews Finn2|Toxic Spikes|[from] move: Rapid Spin|[of] p1a: Great Tusk\n|\n|upkeep\n|turn|4\n|\n|t:|1700702676\n|move|p1a: Great Tusk|Ice Spinner|p2a: Gold\n|-supereffective|p2a: Gold\n|-damage|p2a: Gold|0 fnt\n|faint|p2a: Gold\n|\n|upkeep\n|\n|t:|1700702694\n|switch|p2a: Ben|Great Tusk, shiny|100\/100\n|-damage|p2a: Ben|97\/100|[from] Stealth Rock\n|turn|5\n|\n|t:|1700702715\n|-end|p1a: Great Tusk|Protosynthesis|[silent]\n|switch|p1a: Alomomola|Alomomola, F|100\/100\n|move|p2a: Ben|Rapid Spin|p1a: Alomomola\n|-damage|p1a: Alomomola|92\/100\n|-boost|p2a: Ben|spe|1\n|-sideend|p2: TigerSpace02|Stealth Rock|[from] move: Rapid Spin|[of] p2a: Ben\n|-enditem|p1a: Alomomola|Red Card|[of] p2a: Ben\n|-end|p2a: Ben|Protosynthesis|[silent]\n|drag|p2a: He Ran|Heatran, F|100\/100\n|\n|upkeep\n|turn|6\n|inactive|Andrews Finn2 has 120 seconds left.\n|\n|t:|1700702741\n|move|p2a: He Ran|Taunt|p1a: Alomomola\n|-start|p1a: Alomomola|move: Taunt\n|cant|p1a: Alomomola|move: Taunt|Wish\n|\n|upkeep\n|turn|7\n|\n|t:|1700702750\n|move|p2a: He Ran|Magma Storm|p1a: Alomomola\n|-resisted|p1a: Alomomola\n|-damage|p1a: Alomomola|72\/100\n|-activate|p1a: Alomomola|move: Magma Storm|[of] p2a: He Ran\n|move|p1a: Alomomola|Flip Turn|p2a: He Ran\n|-supereffective|p2a: He Ran\n|-damage|p2a: He Ran|75\/100\n|inactive|Andrews Finn2 has 120 seconds left.\n|\n|t:|1700702761\n|switch|p1a: Great Tusk|Great Tusk|100\/100|[from] Flip Turn\n|\n|-heal|p2a: He Ran|81\/100|[from] item: Leftovers\n|upkeep\n|turn|8\n|\n|t:|1700702774\n|switch|p2a: Trish|Hatterene, F|100\/100\n|move|p1a: Great Tusk|Stealth Rock|p2a: Trish\n|move|p2a: Trish|Stealth Rock|p1a: Great Tusk|[from]ability: Magic Bounce\n|-sidestart|p1: Andrews Finn2|move: Stealth Rock\n|\n|upkeep\n|turn|9\n|\n|t:|1700702788\n|-end|p1a: Great Tusk|Protosynthesis|[silent]\n|switch|p1a: Slowking|Slowking-Galar, F|100\/100\n|move|p2a: Trish|Draining Kiss|p1a: Slowking\n|-resisted|p1a: Slowking\n|-damage|p1a: Slowking|93\/100\n|\n|upkeep\n|turn|10\n|inactive|Andrews Finn2 has 120 seconds left.\n|\n|t:|1700702814\n|move|p2a: Trish|Psyshock|p1a: Slowking\n|-damage|p1a: Slowking|56\/100\n|move|p1a: Slowking|Sludge Bomb|p2a: Trish\n|-supereffective|p2a: Trish\n|-damage|p2a: Trish|29\/100\n|\n|-heal|p2a: Trish|35\/100|[from] item: Leftovers\n|upkeep\n|turn|11\n|\n|t:|1700702840\n|switch|p2a: He Ran|Heatran, F|81\/100\n|move|p1a: Slowking|Chilly Reception|p1a: Slowking\n|-weather|Snow\n|\n|t:|1700702851\n|switch|p1a: Great Tusk|Great Tusk|100\/100|[from] Chilly Reception\n|-damage|p1a: Great Tusk|98\/100|[from] Stealth Rock\n|\n|-weather|Snow|[upkeep]\n|-heal|p2a: He Ran|88\/100|[from] item: Leftovers\n|upkeep\n|turn|12\n|\n|t:|1700702868\n|move|p1a: Great Tusk|Rapid Spin|p2a: He Ran\n|-resisted|p2a: He Ran\n|-damage|p2a: He Ran|81\/100\n|-boost|p1a: Great Tusk|spe|1\n|-sideend|p1: Andrews Finn2|Stealth Rock|[from] move: Rapid Spin|[of] p1a: Great Tusk\n|move|p2a: He Ran|Magma Storm|p1a: Great Tusk\n|-damage|p1a: Great Tusk|35\/100\n|-activate|p1a: Great Tusk|move: Magma Storm|[of] p2a: He Ran\n|\n|-weather|Snow|[upkeep]\n|-heal|p2a: He Ran|87\/100|[from] item: Leftovers\n|-damage|p1a: Great Tusk|23\/100|[from] move: Magma Storm|[partiallytrapped]\n|upkeep\n|turn|13\n|inactive|Andrews Finn2 has 120 seconds left.\n|\n|t:|1700702883\n|move|p2a: He Ran|Protect|p2a: He Ran\n|-singleturn|p2a: He Ran|Protect\n|move|p1a: Great Tusk|Headlong Rush|p2a: He Ran\n|-activate|p2a: He Ran|move: Protect\n|\n|-weather|Snow|[upkeep]\n|-heal|p2a: He Ran|93\/100|[from] item: Leftovers\n|-damage|p1a: Great Tusk|10\/100|[from] move: Magma Storm|[partiallytrapped]\n|upkeep\n|turn|14\n|\n|t:|1700702896\n|move|p1a: Great Tusk|Stealth Rock|p2a: He Ran\n|-sidestart|p2: TigerSpace02|move: Stealth Rock\n|move|p2a: He Ran|Magma Storm|p1a: Great Tusk|[miss]\n|-miss|p2a: He Ran|p1a: Great Tusk\n|\n|-weather|Snow|[upkeep]\n|-heal|p2a: He Ran|99\/100|[from] item: Leftovers\n|-damage|p1a: Great Tusk|0 fnt|[from] move: Magma Storm|[partiallytrapped]\n|faint|p1a: Great Tusk\n|-end|p1a: Great Tusk|Protosynthesis|[silent]\n|upkeep\n|inactive|Andrews Finn2 has 120 seconds left.\n|\n|t:|1700702914\n|switch|p1a: Thundurus|Thundurus-Therian, M|100\/100\n|turn|15\n|inactive|TigerSpace02 has 120 seconds left.\n|inactive|TigerSpace02 has 90 seconds left.\n|inactive|TigerSpace02 has 60 seconds left.\n|\n|t:|1700703004\n|move|p1a: Thundurus|Volt Switch|p2a: He Ran\n|-damage|p2a: He Ran|64\/100\n|\n|t:|1700703011\n|switch|p1a: Alomomola|Alomomola, F|100\/100|[from] Volt Switch\n|move|p2a: He Ran|Magma Storm|p1a: Alomomola\n|-resisted|p1a: Alomomola\n|-damage|p1a: Alomomola|82\/100\n|-activate|p1a: Alomomola|move: Magma Storm|[of] p2a: He Ran\n|\n|-weather|none\n|-heal|p2a: He Ran|70\/100|[from] item: Leftovers\n|-damage|p1a: Alomomola|70\/100|[from] move: Magma Storm|[partiallytrapped]\n|upkeep\n|turn|16\n|inactive|TigerSpace02 has 60 seconds left.\n|\n|t:|1700703025\n|move|p2a: He Ran|Taunt|p1a: Alomomola\n|-start|p1a: Alomomola|move: Taunt\n|cant|p1a: Alomomola|move: Taunt|Wish\n|\n|-heal|p2a: He Ran|76\/100|[from] item: Leftovers\n|-damage|p1a: Alomomola|57\/100|[from] move: Magma Storm|[partiallytrapped]\n|upkeep\n|turn|17\n|\n|t:|1700703034\n|move|p2a: He Ran|Protect|p2a: He Ran\n|-singleturn|p2a: He Ran|Protect\n|move|p1a: Alomomola|Flip Turn|p2a: He Ran\n|-activate|p2a: He Ran|move: Protect\n|\n|-heal|p2a: He Ran|83\/100|[from] item: Leftovers\n|-damage|p1a: Alomomola|45\/100|[from] move: Magma Storm|[partiallytrapped]\n|upkeep\n|turn|18\n|inactive|TigerSpace02 has 60 seconds left.\n|\n|t:|1700703054\n|move|p2a: He Ran|Magma Storm|p1a: Alomomola|[miss]\n|-miss|p2a: He Ran|p1a: Alomomola\n|move|p1a: Alomomola|Flip Turn|p2a: He Ran\n|-supereffective|p2a: He Ran\n|-damage|p2a: He Ran|53\/100\n|\n|t:|1700703068\n|switch|p1a: Thundurus|Thundurus-Therian, M|100\/100|[from] Flip Turn\n|\n|-heal|p2a: He Ran|59\/100|[from] item: Leftovers\n|upkeep\n|turn|19\n|\n|t:|1700703082\n|move|p1a: Thundurus|Volt Switch|p2a: He Ran\n|-damage|p2a: He Ran|20\/100\n|\n|t:|1700703088\n|switch|p1a: Alomomola|Alomomola, F|78\/100|[from] Volt Switch\n|move|p2a: He Ran|Magma Storm|p1a: Alomomola\n|-resisted|p1a: Alomomola\n|-damage|p1a: Alomomola|59\/100\n|-activate|p1a: Alomomola|move: Magma Storm|[of] p2a: He Ran\n|\n|-heal|p2a: He Ran|27\/100|[from] item: Leftovers\n|-damage|p1a: Alomomola|47\/100|[from] move: Magma Storm|[partiallytrapped]\n|upkeep\n|turn|20\n|\n|t:|1700703096\n|move|p2a: He Ran|Taunt|p1a: Alomomola\n|-start|p1a: Alomomola|move: Taunt\n|move|p1a: Alomomola|Flip Turn|p2a: He Ran\n|-supereffective|p2a: He Ran\n|-damage|p2a: He Ran|1\/100\n|\n|t:|1700703106\n|switch|p1a: Cinderace|Cinderace, F|100\/100|[from] Flip Turn\n|\n|-heal|p2a: He Ran|7\/100|[from] item: Leftovers\n|upkeep\n|turn|21\n|\n|t:|1700703119\n|move|p1a: Cinderace|U-turn|p2a: He Ran\n|-start|p1a: Cinderace|typechange|Bug|[from] ability: Libero\n|-resisted|p2a: He Ran\n|-damage|p2a: He Ran|0 fnt\n|faint|p2a: He Ran\n|\n|t:|1700703133\n|switch|p1a: Thundurus|Thundurus-Therian, M|100\/100|[from] U-turn\n|\n|upkeep\n|\n|t:|1700703137\n|switch|p2a: Ben|Great Tusk, shiny|97\/100\n|-damage|p2a: Ben|94\/100|[from] Stealth Rock\n|turn|22\n|\n|t:|1700703146\n|switch|p1a: Alomomola|Alomomola, F|80\/100\n|move|p2a: Ben|Rapid Spin|p1a: Alomomola\n|-damage|p1a: Alomomola|71\/100\n|-boost|p2a: Ben|spe|1\n|-sideend|p2: TigerSpace02|Stealth Rock|[from] move: Rapid Spin|[of] p2a: Ben\n|\n|-heal|p2a: Ben|100\/100|[from] item: Leftovers\n|upkeep\n|turn|23\n|inactive|TigerSpace02 has 90 seconds left.\n|\n|t:|1700703171\n|move|p2a: Ben|Earthquake|p1a: Alomomola\n|-damage|p1a: Alomomola|46\/100\n|move|p1a: Alomomola|Wish|p1a: Alomomola\n|\n|upkeep\n|turn|24\n|\n|t:|1700703176\n|-end|p2a: Ben|Protosynthesis|[silent]\n|switch|p2a: Joeverpon|Ogerpon-Cornerstone, F|100\/100\n|move|p1a: Alomomola|Scald|p2a: Joeverpon\n|-damage|p2a: Joeverpon|83\/100\n|\n|-heal|p1a: Alomomola|96\/100|[from] move: Wish|[wisher] Alomomola\n|upkeep\n|turn|25\n|\n|t:|1700703186\n|move|p2a: Joeverpon|Swords Dance|p2a: Joeverpon\n|-boost|p2a: Joeverpon|atk|2\n|move|p1a: Alomomola|Flip Turn|p2a: Joeverpon\n|-damage|p2a: Joeverpon|62\/100\n|\n|t:|1700703192\n|switch|p1a: Cinderace|Cinderace, F|100\/100|[from] Flip Turn\n|\n|upkeep\n|turn|26\n|\n|t:|1700703203\n|-terastallize|p2a: Joeverpon|Rock\n|detailschange|p2a: Joeverpon|Ogerpon-Cornerstone-Tera, F, tera:Rock\n|-ability|p2a: Joeverpon|Embody Aspect (Cornerstone)|boost\n|-boost|p2a: Joeverpon|def|1\n|move|p1a: Cinderace|Pyro Ball|p2a: Joeverpon\n|-resisted|p2a: Joeverpon\n|-damage|p2a: Joeverpon|36\/100\n|-status|p2a: Joeverpon|brn\n|move|p2a: Joeverpon|Ivy Cudgel|p1a: Cinderace|[anim] Ivy Cudgel Rock\n|-supereffective|p1a: Cinderace\n|-damage|p1a: Cinderace|0 fnt\n|faint|p1a: Cinderace\n|\n|-damage|p2a: Joeverpon|30\/100 brn|[from] brn\n|upkeep\n|\n|t:|1700703220\n|switch|p1a: Kingambit|Kingambit, F|100\/100\n|-activate|p1a: Kingambit|ability: Supreme Overlord\n|-start|p1a: Kingambit|fallen2|[silent]\n|turn|27\n|\n|t:|1700703225\n|move|p2a: Joeverpon|Horn Leech|p1a: Kingambit\n|-resisted|p1a: Kingambit\n|-damage|p1a: Kingambit|85\/100\n|-heal|p2a: Joeverpon|41\/100 brn|[from] drain|[of] p1a: Kingambit\n|move|p1a: Kingambit|Iron Head|p2a: Joeverpon\n|-supereffective|p2a: Joeverpon\n|-damage|p2a: Joeverpon|0 fnt\n|faint|p2a: Joeverpon\n|\n|-heal|p1a: Kingambit|91\/100|[from] item: Leftovers\n|upkeep\n|\n|t:|1700703229\n|switch|p2a: Ben|Great Tusk, shiny|100\/100\n|turn|28\n|\n|t:|1700703235\n|-end|p1a: Kingambit|fallen2|[silent]\n|switch|p1a: Alomomola|Alomomola, F|100\/100\n|move|p2a: Ben|Earthquake|p1a: Alomomola\n|-damage|p1a: Alomomola|73\/100\n|\n|upkeep\n|turn|29\n|\n|t:|1700703247\n|-end|p2a: Ben|Protosynthesis|[silent]\n|switch|p2a: Trish|Hatterene, F|35\/100\n|move|p1a: Alomomola|Wish|p1a: Alomomola\n|\n|-heal|p2a: Trish|41\/100|[from] item: Leftovers\n|upkeep\n|turn|30\n|\n|t:|1700703252\n|move|p1a: Alomomola|Flip Turn|p2a: Trish\n|-damage|p2a: Trish|27\/100\n|\n|t:|1700703256\n|switch|p1a: Slowking|Slowking-Galar, F|90\/100|[from] Flip Turn\n|move|p2a: Trish|Nuzzle|p1a: Slowking\n|-damage|p1a: Slowking|86\/100\n|-status|p1a: Slowking|par\n|\n|-heal|p1a: Slowking|100\/100 par|[from] move: Wish|[wisher] Alomomola\n|-heal|p2a: Trish|33\/100|[from] item: Leftovers\n|upkeep\n|turn|31\n|\n|t:|1700703264\n|switch|p2a: Ben|Great Tusk, shiny|100\/100\n|cant|p1a: Slowking|par\n|\n|upkeep\n|turn|32\n|\n|t:|1700703269\n|move|p2a: Ben|Ice Spinner|p1a: Slowking\n|-damage|p1a: Slowking|78\/100 par\n|move|p1a: Slowking|Future Sight|p2a: Ben\n|-start|p1a: Slowking|move: Future Sight\n|\n|upkeep\n|turn|33\n|\n|t:|1700703276\n|switch|p1a: Alomomola|Alomomola, F|100\/100\n|move|p2a: Ben|Earthquake|p1a: Alomomola\n|-damage|p1a: Alomomola|75\/100\n|\n|upkeep\n|turn|34\n|\n|t:|1700703284\n|-end|p2a: Ben|Protosynthesis|[silent]\n|switch|p2a: Trish|Hatterene, F|33\/100\n|move|p1a: Alomomola|Wish|p1a: Alomomola\n|\n|-end|p2a: Trish|move: Future Sight\n|-resisted|p2a: Trish\n|-damage|p2a: Trish|10\/100\n|-heal|p2a: Trish|16\/100|[from] item: Leftovers\n|upkeep\n|turn|35\n|\n|t:|1700703304\n|move|p1a: Alomomola|Flip Turn|p2a: Trish\n|-damage|p2a: Trish|2\/100\n|\n|t:|1700703309\n|switch|p1a: Slowking|Slowking-Galar, F|100\/100 par|[from] Flip Turn\n|move|p2a: Trish|Draining Kiss|p1a: Slowking\n|-resisted|p1a: Slowking\n|-damage|p1a: Slowking|94\/100 par\n|-heal|p2a: Trish|8\/100|[from] drain|[of] p1a: Slowking\n|\n|-heal|p1a: Slowking|100\/100 par|[from] move: Wish|[wisher] Alomomola\n|-heal|p2a: Trish|14\/100|[from] item: Leftovers\n|upkeep\n|turn|36\n|\n|t:|1700703333\n|move|p2a: Trish|Psyshock|p1a: Slowking\n|-damage|p1a: Slowking|63\/100 par\n|move|p1a: Slowking|Future Sight|p2a: Trish\n|-start|p1a: Slowking|move: Future Sight\n|\n|-heal|p2a: Trish|20\/100|[from] item: Leftovers\n|upkeep\n|turn|37\n|\n|t:|1700703345\n|move|p2a: Trish|Psyshock|p1a: Slowking\n|-damage|p1a: Slowking|26\/100 par\n|move|p1a: Slowking|Sludge Bomb|p2a: Trish\n|-supereffective|p2a: Trish\n|-damage|p2a: Trish|0 fnt\n|faint|p2a: Trish\n|\n|upkeep\n|\n|t:|1700703351\n|switch|p2a: Ben|Great Tusk, shiny|100\/100\n|turn|38\n|\n|t:|1700703364\n|switch|p1a: Alomomola|Alomomola, F|100\/100\n|move|p2a: Ben|Earthquake|p1a: Alomomola\n|-damage|p1a: Alomomola|75\/100\n|\n|-end|p2a: Ben|move: Future Sight\n|-supereffective|p2a: Ben\n|-crit|p2a: Ben\n|-damage|p2a: Ben|0 fnt\n|faint|p2a: Ben\n|-end|p2a: Ben|Protosynthesis|[silent]\n|upkeep\n|inactive|TigerSpace02 has 120 seconds left.\n|\n|t:|1700703389\n|switch|p2a: Trisha|Toxapex, F|49\/100\n|turn|39\n|\n|t:|1700703398\n|move|p1a: Alomomola|Flip Turn|p2a: Trisha\n|-resisted|p2a: Trisha\n|-damage|p2a: Trisha|43\/100\n|\n|t:|1700703402\n|switch|p1a: Thundurus|Thundurus-Therian, M|100\/100|[from] Flip Turn\n|move|p2a: Trisha|Recover|p2a: Trisha\n|-heal|p2a: Trisha|93\/100\n|\n|-heal|p2a: Trisha|99\/100|[from] item: Leftovers\n|upkeep\n|turn|40\n|\n|t:|1700703413\n|move|p1a: Thundurus|Volt Switch|p2a: Trisha\n|-supereffective|p2a: Trisha\n|-damage|p2a: Trisha|26\/100\n|\n|t:|1700703418\n|switch|p1a: Kingambit|Kingambit, F|91\/100|[from] Volt Switch\n|-activate|p1a: Kingambit|ability: Supreme Overlord\n|-start|p1a: Kingambit|fallen2|[silent]\n|move|p2a: Trisha|Surf|p1a: Kingambit\n|-damage|p1a: Kingambit|72\/100\n|\n|-heal|p1a: Kingambit|78\/100|[from] item: Leftovers\n|-heal|p2a: Trisha|32\/100|[from] item: Leftovers\n|upkeep\n|turn|41\n|-message|TigerSpace02 forfeited.\n|\n|win|Andrews Finn2\n|raw|Andrews Finn2's rating: 1204 &rarr; <strong>1226<\/strong><br \/>(+22 for winning)\n|raw|TigerSpace02's rating: 1168 &rarr; <strong>1146<\/strong><br \/>(-22 for losing)\n|l|\u2606TigerSpace02\n","uploadtime":1700703438,"views":2,"p1id":"andrewsfinn2","p2id":"tigerspace02","formatid":"gen9ou","rating":1146,"private":0,"password":""}