{"id":"gen9ou-2000084371","p1":"lplpk","p2":"Plplk","format":"[Gen 9] OU","log":"|j|\u2606lplpk\n|j|\u2606Plplk\n|t:|1701151827\n|gametype|singles\n|player|p1|lplpk|serena-masters2|\n|player|p2|Plplk|alec-anime|\n|teamsize|p1|6\n|teamsize|p2|6\n|gen|9\n|tier|[Gen 9] OU\n|rule|Sleep Clause Mod: Limit one foe put to sleep\n|rule|Species Clause: Limit one of each Pok\u00e9mon\n|rule|OHKO Clause: OHKO moves are banned\n|rule|Evasion Items Clause: Evasion items are banned\n|rule|Evasion Moves Clause: Evasion moves are banned\n|rule|Endless Battle Clause: Forcing endless battles is banned\n|rule|HP Percentage Mod: HP is shown in percentages\n|clearpoke\n|poke|p1|Kingambit, M|\n|poke|p1|Zapdos|\n|poke|p1|Gholdengo|\n|poke|p1|Great Tusk|\n|poke|p1|Slowking-Galar, F|\n|poke|p1|Dragonite, F|\n|poke|p2|Torkoal, M|\n|poke|p2|Ceruledge, F|\n|poke|p2|Great Tusk|\n|poke|p2|Kingambit, F|\n|poke|p2|Walking Wake|\n|poke|p2|Arboliva, F|\n|teampreview\n|inactive|Battle timer is ON: inactive players will automatically lose when time's up. (requested by Plplk)\n|\n|t:|1701151838\n|start\n|switch|p1a: Dragonite|Dragonite, F|100\/100\n|switch|p2a: Torkoal|Torkoal, M|100\/100\n|-weather|SunnyDay|[from] ability: Drought|[of] p2a: Torkoal\n|turn|1\n|\n|t:|1701151846\n|move|p1a: Dragonite|Dragon Dance|p1a: Dragonite\n|-boost|p1a: Dragonite|atk|1\n|-boost|p1a: Dragonite|spe|1\n|move|p2a: Torkoal|Yawn|p1a: Dragonite\n|-start|p1a: Dragonite|move: Yawn|[of] p2a: Torkoal\n|\n|-weather|SunnyDay|[upkeep]\n|upkeep\n|turn|2\n|\n|t:|1701151859\n|switch|p1a: Slowking|Slowking-Galar, F|100\/100\n|move|p2a: Torkoal|Stealth Rock|p1a: Slowking\n|-sidestart|p1: lplpk|move: Stealth Rock\n|\n|-weather|SunnyDay|[upkeep]\n|upkeep\n|turn|3\n|\n|t:|1701151865\n|move|p1a: Slowking|Yawn|p2a: Torkoal\n|-start|p2a: Torkoal|move: Yawn|[of] p1a: Slowking\n|move|p2a: Torkoal|Yawn|p1a: Slowking\n|-start|p1a: Slowking|move: Yawn|[of] p2a: Torkoal\n|\n|-weather|SunnyDay|[upkeep]\n|upkeep\n|turn|4\n|\n|t:|1701151874\n|switch|p1a: Great Tusk|Great Tusk|100\/100\n|-activate|p1a: Great Tusk|ability: Protosynthesis\n|-start|p1a: Great Tusk|protosynthesisdef\n|move|p2a: Torkoal|Yawn|p1a: Great Tusk\n|-start|p1a: Great Tusk|move: Yawn|[of] p2a: Torkoal\n|\n|-weather|SunnyDay|[upkeep]\n|-end|p2a: Torkoal|move: Yawn|[silent]\n|-status|p2a: Torkoal|slp\n|upkeep\n|turn|5\n|\n|t:|1701151885\n|-end|p1a: Great Tusk|Protosynthesis|[silent]\n|switch|p1a: Slowking|Slowking-Galar, F|100\/100\n|-damage|p1a: Slowking|88\/100|[from] Stealth Rock\n|switch|p2a: Walking Wake|Walking Wake|100\/100\n|-activate|p2a: Walking Wake|ability: Protosynthesis\n|-start|p2a: Walking Wake|protosynthesisspe\n|\n|-weather|SunnyDay|[upkeep]\n|-heal|p1a: Slowking|94\/100|[from] item: Black Sludge\n|upkeep\n|turn|6\n|\n|t:|1701151901\n|move|p2a: Walking Wake|Draco Meteor|p1a: Slowking|[miss]\n|-miss|p2a: Walking Wake|p1a: Slowking\n|move|p1a: Slowking|Trick|p2a: Walking Wake\n|-activate|p1a: Slowking|move: Trick|[of] p2a: Walking Wake\n|-item|p2a: Walking Wake|Black Sludge|[from] move: Trick\n|-item|p1a: Slowking|Choice Specs|[from] move: Trick\n|\n|-weather|SunnyDay|[upkeep]\n|-damage|p2a: Walking Wake|88\/100|[from] item: Black Sludge\n|upkeep\n|turn|7\n|\n|t:|1701151908\n|move|p2a: Walking Wake|Flip Turn|p1a: Slowking\n|-damage|p1a: Slowking|86\/100\n|\n|t:|1701151913\n|-end|p2a: Walking Wake|Protosynthesis|[silent]\n|switch|p2a: Great Tusk|Great Tusk, shiny|100\/100|[from] Flip Turn\n|-activate|p2a: Great Tusk|ability: Protosynthesis\n|-start|p2a: Great Tusk|protosynthesisatk\n|move|p1a: Slowking|Eerie Spell|p2a: Great Tusk\n|-supereffective|p2a: Great Tusk\n|-damage|p2a: Great Tusk|52\/100\n|\n|-weather|SunnyDay|[upkeep]\n|upkeep\n|turn|8\n|\n|t:|1701151925\n|switch|p1a: Zapdos|Zapdos, shiny|100\/100\n|-damage|p1a: Zapdos|76\/100|[from] Stealth Rock\n|move|p2a: Great Tusk|Earthquake|p1a: Zapdos\n|-immune|p1a: Zapdos\n|\n|-weather|none\n|-end|p2a: Great Tusk|Protosynthesis\n|upkeep\n|turn|9\n|\n|t:|1701151931\n|move|p1a: Zapdos|Volt Switch|p2a: Great Tusk\n|-immune|p2a: Great Tusk\n|move|p2a: Great Tusk|Ice Spinner|p1a: Zapdos\n|-supereffective|p1a: Zapdos\n|-damage|p1a: Zapdos|34\/100\n|-damage|p2a: Great Tusk|36\/100|[from] item: Rocky Helmet|[of] p1a: Zapdos\n|-status|p2a: Great Tusk|par|[from] ability: Static|[of] p1a: Zapdos\n|\n|upkeep\n|turn|10\n|\n|t:|1701151936\n|-end|p2a: Great Tusk|Protosynthesis|[silent]\n|switch|p2a: Torkoal|Torkoal, M|100\/100 slp\n|-weather|SunnyDay|[from] ability: Drought|[of] p2a: Torkoal\n|move|p1a: Zapdos|Roost|p1a: Zapdos\n|-heal|p1a: Zapdos|84\/100\n|-singleturn|p1a: Zapdos|move: Roost\n|\n|-weather|SunnyDay|[upkeep]\n|upkeep\n|turn|11\n|\n|t:|1701151944\n|switch|p2a: Great Tusk|Great Tusk, shiny|36\/100 par\n|-activate|p2a: Great Tusk|ability: Protosynthesis\n|-start|p2a: Great Tusk|protosynthesisatk\n|move|p1a: Zapdos|Volt Switch|p2a: Great Tusk\n|-immune|p2a: Great Tusk\n|\n|-weather|SunnyDay|[upkeep]\n|upkeep\n|turn|12\n|\n|t:|1701151947\n|move|p1a: Zapdos|Hurricane|p2a: Great Tusk|[miss]\n|-miss|p1a: Zapdos|p2a: Great Tusk\n|move|p2a: Great Tusk|Ice Spinner|p1a: Zapdos\n|-supereffective|p1a: Zapdos\n|-damage|p1a: Zapdos|30\/100\n|-damage|p2a: Great Tusk|19\/100 par|[from] item: Rocky Helmet|[of] p1a: Zapdos\n|\n|-weather|SunnyDay|[upkeep]\n|upkeep\n|turn|13\n|\n|t:|1701151951\n|move|p1a: Zapdos|Roost|p1a: Zapdos\n|-heal|p1a: Zapdos|80\/100\n|-singleturn|p1a: Zapdos|move: Roost\n|move|p2a: Great Tusk|Ice Spinner|p1a: Zapdos\n|-damage|p1a: Zapdos|53\/100\n|-damage|p2a: Great Tusk|2\/100 par|[from] item: Rocky Helmet|[of] p1a: Zapdos\n|\n|-weather|SunnyDay|[upkeep]\n|upkeep\n|turn|14\n|\n|t:|1701151956\n|move|p1a: Zapdos|Roost|p1a: Zapdos\n|-heal|p1a: Zapdos|100\/100\n|-singleturn|p1a: Zapdos|move: Roost\n|cant|p2a: Great Tusk|par\n|\n|-weather|SunnyDay|[upkeep]\n|upkeep\n|turn|15\n|\n|t:|1701151965\n|move|p1a: Zapdos|Heat Wave|p2a: Great Tusk\n|-damage|p2a: Great Tusk|0 fnt\n|faint|p2a: Great Tusk\n|-end|p2a: Great Tusk|Protosynthesis|[silent]\n|\n|-weather|SunnyDay|[upkeep]\n|upkeep\n|\n|t:|1701151972\n|switch|p2a: Walking Wake|Walking Wake|88\/100\n|-activate|p2a: Walking Wake|ability: Protosynthesis\n|-start|p2a: Walking Wake|protosynthesisspe\n|turn|16\n|\n|t:|1701151981\n|move|p2a: Walking Wake|Hydro Steam|p1a: Zapdos\n|-damage|p1a: Zapdos|29\/100\n|move|p1a: Zapdos|Volt Switch|p2a: Walking Wake\n|-damage|p2a: Walking Wake|49\/100\n|\n|t:|1701151990\n|switch|p1a: Slowking|Slowking-Galar, F|100\/100|[from] Volt Switch\n|-damage|p1a: Slowking|88\/100|[from] Stealth Rock\n|\n|-weather|SunnyDay|[upkeep]\n|-damage|p2a: Walking Wake|37\/100|[from] item: Black Sludge\n|upkeep\n|turn|17\n|\n|t:|1701151999\n|move|p2a: Walking Wake|Draco Meteor|p1a: Slowking\n|-damage|p1a: Slowking|46\/100\n|-unboost|p2a: Walking Wake|spa|2\n|move|p1a: Slowking|Trick|p2a: Walking Wake\n|-activate|p1a: Slowking|move: Trick|[of] p2a: Walking Wake\n|-item|p2a: Walking Wake|Choice Specs|[from] move: Trick\n|-item|p1a: Slowking|Black Sludge|[from] move: Trick\n|\n|-weather|none\n|-end|p2a: Walking Wake|Protosynthesis\n|-heal|p1a: Slowking|52\/100|[from] item: Black Sludge\n|upkeep\n|turn|18\n|\n|t:|1701152007\n|move|p2a: Walking Wake|Flip Turn|p1a: Slowking\n|-damage|p1a: Slowking|37\/100\n|\n|t:|1701152011\n|-end|p2a: Walking Wake|Protosynthesis|[silent]\n|switch|p2a: Torkoal|Torkoal, M|100\/100 slp|[from] Flip Turn\n|-weather|SunnyDay|[from] ability: Drought|[of] p2a: Torkoal\n|move|p1a: Slowking|Eerie Spell|p2a: Torkoal\n|-damage|p2a: Torkoal|66\/100 slp\n|\n|-weather|SunnyDay|[upkeep]\n|-heal|p1a: Slowking|43\/100|[from] item: Black Sludge\n|upkeep\n|turn|19\n|\n|t:|1701152019\n|move|p1a: Slowking|Trick|p2a: Torkoal\n|-activate|p1a: Slowking|move: Trick|[of] p2a: Torkoal\n|-item|p2a: Torkoal|Black Sludge|[from] move: Trick\n|-item|p1a: Slowking|Heat Rock|[from] move: Trick\n|cant|p2a: Torkoal|slp\n|\n|-weather|SunnyDay|[upkeep]\n|-damage|p2a: Torkoal|54\/100 slp|[from] item: Black Sludge\n|upkeep\n|turn|20\n|\n|t:|1701152024\n|move|p1a: Slowking|Eerie Spell|p2a: Torkoal\n|-damage|p2a: Torkoal|19\/100 slp\n|cant|p2a: Torkoal|slp\n|\n|-weather|SunnyDay|[upkeep]\n|-damage|p2a: Torkoal|7\/100 slp|[from] item: Black Sludge\n|upkeep\n|turn|21\n|\n|t:|1701152029\n|switch|p2a: Kingambit|Kingambit, F|100\/100\n|-activate|p2a: Kingambit|ability: Supreme Overlord\n|-start|p2a: Kingambit|fallen1|[silent]\n|move|p1a: Slowking|Eerie Spell|p2a: Kingambit\n|-immune|p2a: Kingambit\n|\n|-weather|SunnyDay|[upkeep]\n|upkeep\n|turn|22\n|\n|t:|1701152046\n|move|p2a: Kingambit|Kowtow Cleave|p1a: Slowking\n|-supereffective|p1a: Slowking\n|-damage|p1a: Slowking|0 fnt\n|faint|p1a: Slowking\n|\n|-weather|SunnyDay|[upkeep]\n|upkeep\n|\n|t:|1701152051\n|switch|p1a: Great Tusk|Great Tusk|100\/100\n|-activate|p1a: Great Tusk|ability: Protosynthesis\n|-start|p1a: Great Tusk|protosynthesisdef\n|turn|23\n|\n|t:|1701152057\n|-end|p2a: Kingambit|fallen1|[silent]\n|switch|p2a: Ceruledge|Ceruledge, F|100\/100\n|move|p1a: Great Tusk|Rapid Spin|p2a: Ceruledge\n|-immune|p2a: Ceruledge\n|\n|-weather|SunnyDay|[upkeep]\n|upkeep\n|turn|24\n|\n|t:|1701152062\n|move|p2a: Ceruledge|Swords Dance|p2a: Ceruledge\n|-boost|p2a: Ceruledge|atk|2\n|move|p1a: Great Tusk|Knock Off|p2a: Ceruledge\n|-supereffective|p2a: Ceruledge\n|-damage|p2a: Ceruledge|14\/100\n|-ability|p2a: Ceruledge|Weak Armor|boost\n|-unboost|p2a: Ceruledge|def|1\n|-boost|p2a: Ceruledge|spe|2\n|-enditem|p2a: Ceruledge|Focus Sash|[from] move: Knock Off|[of] p1a: Great Tusk\n|\n|-weather|SunnyDay|[upkeep]\n|upkeep\n|turn|25\n|\n|t:|1701152069\n|move|p2a: Ceruledge|Bitter Blade|p1a: Great Tusk\n|-damage|p1a: Great Tusk|46\/100\n|-heal|p2a: Ceruledge|54\/100|[from] drain|[of] p1a: Great Tusk\n|move|p1a: Great Tusk|Earthquake|p2a: Ceruledge\n|-supereffective|p2a: Ceruledge\n|-crit|p2a: Ceruledge\n|-damage|p2a: Ceruledge|0 fnt\n|faint|p2a: Ceruledge\n|\n|-weather|none\n|-end|p1a: Great Tusk|Protosynthesis\n|upkeep\n|\n|t:|1701152076\n|switch|p2a: Torkoal|Torkoal, M|7\/100 slp\n|-weather|SunnyDay|[from] ability: Drought|[of] p2a: Torkoal\n|-activate|p1a: Great Tusk|ability: Protosynthesis\n|-start|p1a: Great Tusk|protosynthesisdef\n|turn|26\n|\n|t:|1701152080\n|move|p1a: Great Tusk|Rapid Spin|p2a: Torkoal\n|-damage|p2a: Torkoal|0 fnt\n|-boost|p1a: Great Tusk|spe|1\n|-sideend|p1: lplpk|Stealth Rock|[from] move: Rapid Spin|[of] p1a: Great Tusk\n|faint|p2a: Torkoal\n|\n|-weather|SunnyDay|[upkeep]\n|upkeep\n|\n|t:|1701152083\n|switch|p2a: Walking Wake|Walking Wake|37\/100\n|-activate|p2a: Walking Wake|ability: Protosynthesis\n|-start|p2a: Walking Wake|protosynthesisspe\n|turn|27\n|\n|t:|1701152091\n|-terastallize|p2a: Walking Wake|Water\n|move|p2a: Walking Wake|Hydro Steam|p1a: Great Tusk\n|-supereffective|p1a: Great Tusk\n|-damage|p1a: Great Tusk|0 fnt\n|faint|p1a: Great Tusk\n|-end|p1a: Great Tusk|Protosynthesis|[silent]\n|\n|-weather|SunnyDay|[upkeep]\n|upkeep\n|\n|t:|1701152110\n|switch|p1a: Dragonite|Dragonite, F|100\/100\n|turn|28\n|\n|t:|1701152112\n|-terastallize|p1a: Dragonite|Normal\n|move|p1a: Dragonite|Extreme Speed|p2a: Walking Wake\n|-damage|p2a: Walking Wake|0 fnt\n|faint|p2a: Walking Wake\n|-end|p2a: Walking Wake|Protosynthesis|[silent]\n|\n|-weather|SunnyDay|[upkeep]\n|upkeep\n|\n|t:|1701152116\n|switch|p2a: Arboliva|Arboliva, F|100\/100\n|turn|29\n|\n|t:|1701152121\n|switch|p1a: Zapdos|Zapdos, shiny|29\/100\n|move|p2a: Arboliva|Growth|p2a: Arboliva\n|-boost|p2a: Arboliva|atk|2\n|-boost|p2a: Arboliva|spa|2\n|\n|-weather|SunnyDay|[upkeep]\n|upkeep\n|turn|30\n|\n|t:|1701152128\n|move|p2a: Arboliva|Endure|p2a: Arboliva\n|-singleturn|p2a: Arboliva|move: Endure\n|move|p1a: Zapdos|Heat Wave|p2a: Arboliva\n|-supereffective|p2a: Arboliva\n|-damage|p2a: Arboliva|14\/100\n|\n|-weather|none\n|upkeep\n|turn|31\n|-enditem|p2a: Arboliva|Custap Berry|[eat]\n|-activate|p2a: Arboliva|item: Custap Berry|[consumed]\n|\n|t:|1701152131\n|move|p2a: Arboliva|Hyper Voice|p1a: Zapdos\n|-damage|p1a: Zapdos|0 fnt\n|faint|p1a: Zapdos\n|\n|-item|p2a: Arboliva|Custap Berry|[from] ability: Harvest\n|upkeep\n|\n|t:|1701152140\n|switch|p1a: Dragonite|Dragonite, F, tera:Normal|100\/100\n|turn|32\n|\n|t:|1701152143\n|switch|p2a: Kingambit|Kingambit, F|100\/100\n|-activate|p2a: Kingambit|ability: Supreme Overlord\n|-start|p2a: Kingambit|fallen4|[silent]\n|move|p1a: Dragonite|Extreme Speed|p2a: Kingambit\n|-resisted|p2a: Kingambit\n|-damage|p2a: Kingambit|87\/100\n|\n|-heal|p2a: Kingambit|93\/100|[from] item: Leftovers\n|upkeep\n|turn|33\n|\n|t:|1701152151\n|move|p1a: Dragonite|Earthquake|p2a: Kingambit\n|-supereffective|p2a: Kingambit\n|-damage|p2a: Kingambit|50\/100\n|move|p2a: Kingambit|Kowtow Cleave|p1a: Dragonite\n|-damage|p1a: Dragonite|70\/100\n|\n|-heal|p1a: Dragonite|76\/100|[from] item: Leftovers\n|-heal|p2a: Kingambit|56\/100|[from] item: Leftovers\n|upkeep\n|turn|34\n|\n|t:|1701152157\n|move|p2a: Kingambit|Sucker Punch||[still]\n|-fail|p2a: Kingambit\n|move|p1a: Dragonite|Roost|p1a: Dragonite\n|-heal|p1a: Dragonite|100\/100\n|\n|-heal|p2a: Kingambit|62\/100|[from] item: Leftovers\n|upkeep\n|turn|35\n|\n|t:|1701152163\n|move|p1a: Dragonite|Dragon Dance|p1a: Dragonite\n|-boost|p1a: Dragonite|atk|1\n|-boost|p1a: Dragonite|spe|1\n|move|p2a: Kingambit|Kowtow Cleave|p1a: Dragonite\n|-damage|p1a: Dragonite|70\/100\n|\n|-heal|p1a: Dragonite|77\/100|[from] item: Leftovers\n|-heal|p2a: Kingambit|68\/100|[from] item: Leftovers\n|upkeep\n|turn|36\n|\n|t:|1701152172\n|move|p1a: Dragonite|Earthquake|p2a: Kingambit\n|-supereffective|p2a: Kingambit\n|-damage|p2a: Kingambit|2\/100\n|move|p2a: Kingambit|Kowtow Cleave|p1a: Dragonite\n|-damage|p1a: Dragonite|10\/100\n|\n|-heal|p1a: Dragonite|17\/100|[from] item: Leftovers\n|-heal|p2a: Kingambit|8\/100|[from] item: Leftovers\n|upkeep\n|turn|37\n|\n|t:|1701152189\n|-end|p2a: Kingambit|fallen4|[silent]\n|switch|p2a: Arboliva|Arboliva, F|14\/100\n|move|p1a: Dragonite|Extreme Speed|p2a: Arboliva\n|-crit|p2a: Arboliva\n|-damage|p2a: Arboliva|0 fnt\n|faint|p2a: Arboliva\n|\n|-heal|p1a: Dragonite|23\/100|[from] item: Leftovers\n|upkeep\n|\n|t:|1701152190\n|switch|p2a: Kingambit|Kingambit, F|8\/100\n|-activate|p2a: Kingambit|ability: Supreme Overlord\n|-start|p2a: Kingambit|fallen5|[silent]\n|turn|38\n|\n|t:|1701152192\n|move|p1a: Dragonite|Extreme Speed|p2a: Kingambit\n|-resisted|p2a: Kingambit\n|-damage|p2a: Kingambit|0 fnt\n|faint|p2a: Kingambit\n|-end|p2a: Kingambit|fallen5|[silent]\n|\n|win|lplpk\n|l|\u2606Plplk\n|l|\u2606lplpk\n|j|\u2606lplpk\n|player|p1|lplpk|serena-masters2\n","uploadtime":1701152362,"views":2,"p1id":"lplpk","p2id":"plplk","formatid":"gen9ou","rating":0,"private":0,"password":""}