{"id":"gen9ou-1992954979","p1":"Slinky69","p2":"TheNutmeg33","format":"[Gen 9] OU","log":"|j|\u2606Slinky69\n|j|\u2606TheNutmeg33\n|t:|1700249995\n|gametype|singles\n|player|p1|Slinky69|gambler|1405\n|player|p2|TheNutmeg33|170|1544\n|teamsize|p1|6\n|teamsize|p2|6\n|gen|9\n|tier|[Gen 9] OU\n|rated|\n|rule|Sleep Clause Mod: Limit one foe put to sleep\n|rule|Species Clause: Limit one of each Pok\u00e9mon\n|rule|OHKO Clause: OHKO moves are banned\n|rule|Evasion Items Clause: Evasion items are banned\n|rule|Evasion Moves Clause: Evasion moves are banned\n|rule|Endless Battle Clause: Forcing endless battles is banned\n|rule|HP Percentage Mod: HP is shown in percentages\n|clearpoke\n|poke|p1|Rillaboom, F|\n|poke|p1|Great Tusk|\n|poke|p1|Kingambit, F|\n|poke|p1|Zapdos|\n|poke|p1|Slowking-Galar, M|\n|poke|p1|Cinderace, M|\n|poke|p2|Iron Moth|\n|poke|p2|Great Tusk|\n|poke|p2|Ceruledge, M|\n|poke|p2|Garganacl, M|\n|poke|p2|Clodsire, F|\n|poke|p2|Corviknight, M|\n|teampreview\n|inactive|Battle timer is ON: inactive players will automatically lose when time's up. (requested by Slinky69)\n|\n|t:|1700250009\n|start\n|switch|p1a: Rillaboom|Rillaboom, F|100\/100\n|switch|p2a: Garganacl|Garganacl, M, shiny|100\/100\n|-fieldstart|move: Grassy Terrain|[from] ability: Grassy Surge|[of] p1a: Rillaboom\n|turn|1\n|\n|t:|1700250013\n|move|p2a: Garganacl|Protect|p2a: Garganacl\n|-singleturn|p2a: Garganacl|Protect\n|move|p1a: Rillaboom|Wood Hammer|p2a: Garganacl\n|-activate|p2a: Garganacl|move: Protect\n|\n|upkeep\n|turn|2\n|\n|t:|1700250016\n|switch|p2a: Corviknight|Corviknight, M, shiny|100\/100\n|-ability|p2a: Corviknight|Pressure\n|move|p1a: Rillaboom|Wood Hammer|p2a: Corviknight\n|-resisted|p2a: Corviknight\n|-damage|p2a: Corviknight|82\/100\n|-damage|p1a: Rillaboom|84\/100|[from] item: Rocky Helmet|[of] p2a: Corviknight\n|-damage|p1a: Rillaboom|77\/100|[from] Recoil\n|\n|-heal|p1a: Rillaboom|83\/100|[from] Grassy Terrain\n|upkeep\n|turn|3\n|\n|t:|1700250020\n|switch|p1a: Cinderace|Cinderace, M|100\/100\n|move|p2a: Corviknight|U-turn|p1a: Cinderace\n|-resisted|p1a: Cinderace\n|-damage|p1a: Cinderace|93\/100\n|\n|t:|1700250022\n|switch|p2a: Garganacl|Garganacl, M, shiny|100\/100|[from] U-turn\n|\n|-heal|p1a: Cinderace|99\/100|[from] Grassy Terrain\n|upkeep\n|turn|4\n|\n|t:|1700250029\n|-terastallize|p2a: Garganacl|Ghost\n|move|p1a: Cinderace|U-turn|p2a: Garganacl\n|-resisted|p2a: Garganacl\n|-damage|p2a: Garganacl|95\/100\n|\n|t:|1700250035\n|switch|p1a: Rillaboom|Rillaboom, F|83\/100|[from] U-turn\n|move|p2a: Garganacl|Salt Cure|p1a: Rillaboom\n|-damage|p1a: Rillaboom|68\/100\n|-start|p1a: Rillaboom|Salt Cure\n|\n|-heal|p1a: Rillaboom|74\/100|[from] Grassy Terrain\n|-heal|p2a: Garganacl|100\/100|[from] Grassy Terrain\n|-damage|p1a: Rillaboom|62\/100|[from] Salt Cure\n|upkeep\n|turn|5\n|\n|t:|1700250038\n|move|p2a: Garganacl|Protect|p2a: Garganacl\n|-singleturn|p2a: Garganacl|Protect\n|move|p1a: Rillaboom|Knock Off|p2a: Garganacl\n|-activate|p2a: Garganacl|move: Protect\n|\n|-heal|p1a: Rillaboom|68\/100|[from] Grassy Terrain\n|-damage|p1a: Rillaboom|55\/100|[from] Salt Cure\n|-fieldend|move: Grassy Terrain\n|upkeep\n|turn|6\n|\n|t:|1700250043\n|switch|p2a: Corviknight|Corviknight, M, shiny|82\/100\n|-ability|p2a: Corviknight|Pressure\n|move|p1a: Rillaboom|Knock Off|p2a: Corviknight\n|-damage|p2a: Corviknight|52\/100\n|-damage|p1a: Rillaboom|39\/100|[from] item: Rocky Helmet|[of] p2a: Corviknight\n|-enditem|p2a: Corviknight|Rocky Helmet|[from] move: Knock Off|[of] p1a: Rillaboom\n|\n|-damage|p1a: Rillaboom|27\/100|[from] Salt Cure\n|upkeep\n|turn|7\n|\n|t:|1700250046\n|switch|p1a: Zapdos|Zapdos|100\/100\n|move|p2a: Corviknight|U-turn|p1a: Zapdos\n|-resisted|p1a: Zapdos\n|-damage|p1a: Zapdos|95\/100\n|-status|p2a: Corviknight|par|[from] ability: Static|[of] p1a: Zapdos\n|\n|t:|1700250050\n|switch|p2a: Clodsire|Clodsire, F, shiny|100\/100|[from] U-turn\n|\n|upkeep\n|turn|8\n|\n|t:|1700250053\n|move|p1a: Zapdos|Hurricane|p2a: Clodsire\n|-damage|p2a: Clodsire|75\/100\n|-start|p2a: Clodsire|confusion\n|-activate|p2a: Clodsire|confusion\n|move|p2a: Clodsire|Toxic|p1a: Zapdos\n|-status|p1a: Zapdos|tox\n|\n|-heal|p2a: Clodsire|81\/100|[from] item: Black Sludge\n|-damage|p1a: Zapdos|89\/100 tox|[from] psn\n|upkeep\n|turn|9\n|\n|t:|1700250058\n|switch|p1a: Great Tusk|Great Tusk|100\/100\n|-activate|p2a: Clodsire|confusion\n|move|p2a: Clodsire|Toxic|p1a: Great Tusk\n|-status|p1a: Great Tusk|tox\n|\n|-heal|p2a: Clodsire|87\/100|[from] item: Black Sludge\n|-damage|p1a: Great Tusk|94\/100 tox|[from] psn\n|upkeep\n|turn|10\n|\n|t:|1700250063\n|switch|p2a: Corviknight|Corviknight, M, shiny|52\/100 par\n|-ability|p2a: Corviknight|Pressure\n|move|p1a: Great Tusk|Rapid Spin|p2a: Corviknight\n|-resisted|p2a: Corviknight\n|-damage|p2a: Corviknight|47\/100 par\n|-boost|p1a: Great Tusk|spe|1\n|\n|-heal|p1a: Great Tusk|100\/100 tox|[from] item: Leftovers\n|-damage|p1a: Great Tusk|88\/100 tox|[from] psn\n|upkeep\n|turn|11\n|\n|t:|1700250068\n|move|p1a: Great Tusk|Bulk Up|p1a: Great Tusk\n|-boost|p1a: Great Tusk|atk|1\n|-boost|p1a: Great Tusk|def|1\n|cant|p2a: Corviknight|par\n|\n|-heal|p1a: Great Tusk|94\/100 tox|[from] item: Leftovers\n|-damage|p1a: Great Tusk|75\/100 tox|[from] psn\n|upkeep\n|turn|12\n|\n|t:|1700250071\n|move|p1a: Great Tusk|Bulk Up|p1a: Great Tusk\n|-boost|p1a: Great Tusk|atk|1\n|-boost|p1a: Great Tusk|def|1\n|cant|p2a: Corviknight|par\n|\n|-heal|p1a: Great Tusk|82\/100 tox|[from] item: Leftovers\n|-damage|p1a: Great Tusk|57\/100 tox|[from] psn\n|upkeep\n|turn|13\n|\n|t:|1700250073\n|move|p1a: Great Tusk|Ice Spinner|p2a: Corviknight\n|-damage|p2a: Corviknight|19\/100 par\n|move|p2a: Corviknight|Brave Bird|p1a: Great Tusk\n|-supereffective|p1a: Great Tusk\n|-damage|p1a: Great Tusk|35\/100 tox\n|-damage|p2a: Corviknight|11\/100 par|[from] Recoil\n|\n|-heal|p1a: Great Tusk|41\/100 tox|[from] item: Leftovers\n|-damage|p1a: Great Tusk|10\/100 tox|[from] psn\n|upkeep\n|turn|14\n|\n|t:|1700250076\n|move|p1a: Great Tusk|Ice Spinner|p2a: Corviknight\n|-damage|p2a: Corviknight|0 fnt\n|faint|p2a: Corviknight\n|\n|-heal|p1a: Great Tusk|16\/100 tox|[from] item: Leftovers\n|-damage|p1a: Great Tusk|0 fnt|[from] psn\n|faint|p1a: Great Tusk\n|-end|p1a: Great Tusk|Protosynthesis|[silent]\n|upkeep\n|\n|t:|1700250088\n|switch|p1a: Rillaboom|Rillaboom, F|27\/100\n|switch|p2a: Ceruledge|Ceruledge, M|100\/100\n|-fieldstart|move: Grassy Terrain|[from] ability: Grassy Surge|[of] p1a: Rillaboom\n|turn|15\n|\n|t:|1700250094\n|move|p2a: Ceruledge|Shadow Sneak|p1a: Rillaboom\n|-damage|p1a: Rillaboom|3\/100\n|move|p1a: Rillaboom|Knock Off|p2a: Ceruledge\n|-supereffective|p2a: Ceruledge\n|-enditem|p2a: Ceruledge|Focus Sash\n|-damage|p2a: Ceruledge|1\/100\n|-ability|p2a: Ceruledge|Weak Armor|boost\n|-unboost|p2a: Ceruledge|def|1\n|-boost|p2a: Ceruledge|spe|2\n|\n|-heal|p2a: Ceruledge|7\/100|[from] Grassy Terrain\n|-heal|p1a: Rillaboom|9\/100|[from] Grassy Terrain\n|upkeep\n|turn|16\n|\n|t:|1700250099\n|move|p2a: Ceruledge|Shadow Sneak|p1a: Rillaboom\n|-damage|p1a: Rillaboom|0 fnt\n|faint|p1a: Rillaboom\n|\n|-heal|p2a: Ceruledge|13\/100|[from] Grassy Terrain\n|upkeep\n|\n|t:|1700250103\n|switch|p1a: Cinderace|Cinderace, M|99\/100\n|turn|17\n|\n|t:|1700250107\n|move|p2a: Ceruledge|Poltergeist|p1a: Cinderace|[miss]\n|-miss|p2a: Ceruledge|p1a: Cinderace\n|move|p1a: Cinderace|Pyro Ball|p2a: Ceruledge\n|-resisted|p2a: Ceruledge\n|-damage|p2a: Ceruledge|0 fnt\n|faint|p2a: Ceruledge\n|\n|-heal|p1a: Cinderace|100\/100|[from] Grassy Terrain\n|upkeep\n|\n|t:|1700250111\n|switch|p2a: Garganacl|Garganacl, M, shiny, tera:Ghost|100\/100\n|turn|18\n|\n|t:|1700250122\n|switch|p1a: Zapdos|Zapdos|89\/100 tox\n|move|p2a: Garganacl|Salt Cure|p1a: Zapdos\n|-supereffective|p1a: Zapdos\n|-damage|p1a: Zapdos|68\/100 tox\n|-start|p1a: Zapdos|Salt Cure\n|\n|-damage|p1a: Zapdos|62\/100 tox|[from] psn\n|-damage|p1a: Zapdos|49\/100 tox|[from] Salt Cure\n|upkeep\n|turn|19\n|\n|t:|1700250125\n|move|p2a: Garganacl|Protect|p2a: Garganacl\n|-singleturn|p2a: Garganacl|Protect\n|move|p1a: Zapdos|Hurricane|p2a: Garganacl\n|-activate|p2a: Garganacl|move: Protect\n|\n|-damage|p1a: Zapdos|37\/100 tox|[from] psn\n|-damage|p1a: Zapdos|24\/100 tox|[from] Salt Cure\n|-fieldend|move: Grassy Terrain\n|upkeep\n|turn|20\n|\n|t:|1700250133\n|switch|p2a: Clodsire|Clodsire, F, shiny|87\/100\n|move|p1a: Zapdos|Hurricane|p2a: Clodsire\n|-damage|p2a: Clodsire|61\/100\n|\n|-heal|p2a: Clodsire|67\/100|[from] item: Black Sludge\n|-damage|p1a: Zapdos|5\/100 tox|[from] psn\n|-damage|p1a: Zapdos|0 fnt|[from] Salt Cure\n|faint|p1a: Zapdos\n|upkeep\n|\n|t:|1700250152\n|switch|p1a: Slowking|Slowking-Galar, M|100\/100\n|turn|21\n|\n|t:|1700250154\n|move|p1a: Slowking|Psyshock|p2a: Clodsire\n|-supereffective|p2a: Clodsire\n|-damage|p2a: Clodsire|0 fnt\n|faint|p2a: Clodsire\n|\n|upkeep\n|\n|t:|1700250158\n|switch|p2a: Garganacl|Garganacl, M, shiny, tera:Ghost|100\/100\n|turn|22\n|\n|t:|1700250170\n|switch|p1a: Cinderace|Cinderace, M|100\/100\n|move|p2a: Garganacl|Salt Cure|p1a: Cinderace\n|-supereffective|p1a: Cinderace\n|-damage|p1a: Cinderace|68\/100\n|-start|p1a: Cinderace|Salt Cure\n|\n|-damage|p1a: Cinderace|56\/100|[from] Salt Cure\n|upkeep\n|turn|23\n|\n|t:|1700250174\n|move|p2a: Garganacl|Protect|p2a: Garganacl\n|-singleturn|p2a: Garganacl|Protect\n|move|p1a: Cinderace|Pyro Ball|p2a: Garganacl\n|-activate|p2a: Garganacl|move: Protect\n|\n|-damage|p1a: Cinderace|43\/100|[from] Salt Cure\n|upkeep\n|turn|24\n|\n|t:|1700250178\n|move|p1a: Cinderace|Pyro Ball|p2a: Garganacl\n|-damage|p2a: Garganacl|76\/100\n|move|p2a: Garganacl|Salt Cure|p1a: Cinderace\n|-supereffective|p1a: Cinderace\n|-damage|p1a: Cinderace|7\/100\n|\n|-heal|p2a: Garganacl|82\/100|[from] item: Leftovers\n|-damage|p1a: Cinderace|0 fnt|[from] Salt Cure\n|faint|p1a: Cinderace\n|upkeep\n|\n|t:|1700250181\n|switch|p1a: Kingambit|Kingambit, F|100\/100\n|-activate|p1a: Kingambit|ability: Supreme Overlord\n|-start|p1a: Kingambit|fallen4|[silent]\n|turn|25\n|\n|t:|1700250186\n|move|p1a: Kingambit|Kowtow Cleave|p2a: Garganacl\n|-supereffective|p2a: Garganacl\n|-damage|p2a: Garganacl|4\/100\n|move|p2a: Garganacl|Salt Cure|p1a: Kingambit\n|-resisted|p1a: Kingambit\n|-damage|p1a: Kingambit|95\/100\n|-start|p1a: Kingambit|Salt Cure\n|\n|-heal|p2a: Garganacl|10\/100|[from] item: Leftovers\n|-damage|p1a: Kingambit|70\/100|[from] Salt Cure\n|upkeep\n|turn|26\n|\n|t:|1700250192\n|-end|p1a: Kingambit|fallen4|[silent]\n|switch|p1a: Slowking|Slowking-Galar, M|100\/100\n|move|p2a: Garganacl|Protect||[still]\n|-fail|p2a: Garganacl\n|\n|-heal|p2a: Garganacl|17\/100|[from] item: Leftovers\n|upkeep\n|turn|27\n|\n|t:|1700250194\n|move|p2a: Garganacl|Recover|p2a: Garganacl\n|-heal|p2a: Garganacl|67\/100\n|move|p1a: Slowking|Surf|p2a: Garganacl\n|-damage|p2a: Garganacl|44\/100\n|\n|-heal|p2a: Garganacl|50\/100|[from] item: Leftovers\n|upkeep\n|turn|28\n|\n|t:|1700250197\n|move|p2a: Garganacl|Recover|p2a: Garganacl\n|-heal|p2a: Garganacl|99\/100\n|move|p1a: Slowking|Surf|p2a: Garganacl\n|-damage|p2a: Garganacl|78\/100\n|\n|-heal|p2a: Garganacl|84\/100|[from] item: Leftovers\n|upkeep\n|turn|29\n|\n|t:|1700250206\n|switch|p1a: Kingambit|Kingambit, F|70\/100\n|-activate|p1a: Kingambit|ability: Supreme Overlord\n|-start|p1a: Kingambit|fallen4|[silent]\n|move|p2a: Garganacl|Salt Cure|p1a: Kingambit\n|-resisted|p1a: Kingambit\n|-damage|p1a: Kingambit|65\/100\n|-start|p1a: Kingambit|Salt Cure\n|\n|-heal|p2a: Garganacl|90\/100|[from] item: Leftovers\n|-damage|p1a: Kingambit|40\/100|[from] Salt Cure\n|upkeep\n|turn|30\n|\n|t:|1700250209\n|move|p2a: Garganacl|Protect|p2a: Garganacl\n|-singleturn|p2a: Garganacl|Protect\n|move|p1a: Kingambit|Swords Dance|p1a: Kingambit\n|-boost|p1a: Kingambit|atk|2\n|\n|-heal|p2a: Garganacl|96\/100|[from] item: Leftovers\n|-damage|p1a: Kingambit|15\/100|[from] Salt Cure\n|upkeep\n|turn|31\n|\n|t:|1700250214\n|switch|p2a: Great Tusk|Great Tusk, shiny|100\/100\n|move|p1a: Kingambit|Kowtow Cleave|p2a: Great Tusk\n|-resisted|p2a: Great Tusk\n|-damage|p2a: Great Tusk|46\/100\n|\n|-damage|p1a: Kingambit|0 fnt|[from] Salt Cure\n|faint|p1a: Kingambit\n|-end|p1a: Kingambit|fallen4|[silent]\n|upkeep\n|\n|t:|1700250218\n|switch|p1a: Slowking|Slowking-Galar, M|100\/100\n|turn|32\n|-message|Slinky69 forfeited.\n|\n|win|TheNutmeg33\n|raw|Slinky69's rating: 1405 &rarr; <strong>1393<\/strong><br \/>(-12 for losing)\n|raw|TheNutmeg33's rating: 1544 &rarr; <strong>1556<\/strong><br \/>(+12 for winning)\n|l|\u2606Slinky69\n","uploadtime":1700250241,"views":31,"p1id":"slinky69","p2id":"thenutmeg33","formatid":"gen9ou","rating":1393,"private":0,"password":""}