{"id":"gen9ou-1996904488","p1":"Tiger373slow","p2":"brzazy","format":"[Gen 9] OU","log":"|j|\u2606Tiger373slow\n|j|\u2606brzazy\n|t:|1700742890\n|gametype|singles\n|player|p1|Tiger373slow|volkner|1051\n|player|p2|brzazy|102|1086\n|teamsize|p1|6\n|teamsize|p2|6\n|gen|9\n|tier|[Gen 9] OU\n|rated|\n|rule|Sleep Clause Mod: Limit one foe put to sleep\n|rule|Species Clause: Limit one of each Pok\u00e9mon\n|rule|OHKO Clause: OHKO moves are banned\n|rule|Evasion Items Clause: Evasion items are banned\n|rule|Evasion Moves Clause: Evasion moves are banned\n|rule|Endless Battle Clause: Forcing endless battles is banned\n|rule|HP Percentage Mod: HP is shown in percentages\n|clearpoke\n|poke|p1|Scizor, M|\n|poke|p1|Dudunsparce-*, M|\n|poke|p1|Glimmora, F|\n|poke|p1|Iron Valiant|\n|poke|p1|Skeledirge, F|\n|poke|p1|Dipplin, M|\n|poke|p2|Heatran, F|\n|poke|p2|Corviknight, F|\n|poke|p2|Toxapex, F|\n|poke|p2|Rillaboom, F|\n|poke|p2|Dragapult, M|\n|poke|p2|Great Tusk|\n|teampreview\n|inactive|Battle timer is ON: inactive players will automatically lose when time's up. (requested by Tiger373slow)\n|inactive|brzazy has 120 seconds left.\n|\n|t:|1700742955\n|start\n|switch|p1a: Glimmer like rocks|Glimmora, F, shiny|100\/100\n|switch|p2a: Great Tusk|Great Tusk|100\/100\n|turn|1\n|\n|t:|1700742960\n|move|p2a: Great Tusk|Stealth Rock|p1a: Glimmer like rocks\n|-sidestart|p1: Tiger373slow|move: Stealth Rock\n|move|p1a: Glimmer like rocks|Stealth Rock|p2a: Great Tusk\n|-sidestart|p2: brzazy|move: Stealth Rock\n|\n|upkeep\n|turn|2\n|\n|t:|1700742964\n|move|p2a: Great Tusk|Rapid Spin|p1a: Glimmer like rocks\n|-resisted|p1a: Glimmer like rocks\n|-damage|p1a: Glimmer like rocks|94\/100\n|-boost|p2a: Great Tusk|spe|1\n|-activate|p1a: Glimmer like rocks|ability: Toxic Debris\n|-sidestart|p2: brzazy|move: Toxic Spikes\n|-sideend|p2: brzazy|Toxic Spikes|[from] move: Rapid Spin|[of] p2a: Great Tusk\n|-sideend|p2: brzazy|Stealth Rock|[from] move: Rapid Spin|[of] p2a: Great Tusk\n|move|p1a: Glimmer like rocks|Mortal Spin|p2a: Great Tusk\n|-resisted|p2a: Great Tusk\n|-damage|p2a: Great Tusk|98\/100\n|-status|p2a: Great Tusk|psn\n|-sideend|p1: Tiger373slow|Stealth Rock|[from] move: Mortal Spin|[of] p1a: Glimmer like rocks\n|\n|-heal|p2a: Great Tusk|100\/100 psn|[from] item: Leftovers\n|-damage|p2a: Great Tusk|88\/100 psn|[from] psn\n|upkeep\n|turn|3\n|\n|t:|1700742979\n|move|p2a: Great Tusk|Ice Spinner|p1a: Glimmer like rocks\n|-damage|p1a: Glimmer like rocks|69\/100\n|-activate|p1a: Glimmer like rocks|ability: Toxic Debris\n|-sidestart|p2: brzazy|move: Toxic Spikes\n|move|p1a: Glimmer like rocks|Stealth Rock|p2a: Great Tusk\n|-sidestart|p2: brzazy|move: Stealth Rock\n|\n|-heal|p2a: Great Tusk|94\/100 psn|[from] item: Leftovers\n|-damage|p2a: Great Tusk|82\/100 psn|[from] psn\n|upkeep\n|turn|4\n|\n|t:|1700742988\n|move|p1a: Glimmer like rocks|Spiky Shield|p1a: Glimmer like rocks\n|-singleturn|p1a: Glimmer like rocks|move: Protect\n|move|p2a: Great Tusk|Stealth Rock|p1a: Glimmer like rocks\n|-sidestart|p1: Tiger373slow|move: Stealth Rock\n|\n|-heal|p2a: Great Tusk|88\/100 psn|[from] item: Leftovers\n|-damage|p2a: Great Tusk|76\/100 psn|[from] psn\n|upkeep\n|turn|5\n|\n|t:|1700742998\n|move|p2a: Great Tusk|Rapid Spin|p1a: Glimmer like rocks\n|-resisted|p1a: Glimmer like rocks\n|-damage|p1a: Glimmer like rocks|61\/100\n|-boost|p2a: Great Tusk|spe|1\n|-activate|p1a: Glimmer like rocks|ability: Toxic Debris\n|-sidestart|p2: brzazy|move: Toxic Spikes\n|-sideend|p2: brzazy|Toxic Spikes|[from] move: Rapid Spin|[of] p2a: Great Tusk\n|-sideend|p2: brzazy|Stealth Rock|[from] move: Rapid Spin|[of] p2a: Great Tusk\n|move|p1a: Glimmer like rocks|Mortal Spin|p2a: Great Tusk\n|-resisted|p2a: Great Tusk\n|-damage|p2a: Great Tusk|74\/100 psn\n|-sideend|p1: Tiger373slow|Stealth Rock|[from] move: Mortal Spin|[of] p1a: Glimmer like rocks\n|\n|-heal|p2a: Great Tusk|80\/100 psn|[from] item: Leftovers\n|-damage|p2a: Great Tusk|67\/100 psn|[from] psn\n|upkeep\n|turn|6\n|\n|t:|1700743014\n|-end|p2a: Great Tusk|Protosynthesis|[silent]\n|switch|p2a: Rillaboom|Rillaboom, F|100\/100\n|move|p1a: Glimmer like rocks|Stealth Rock|p2a: Rillaboom\n|-sidestart|p2: brzazy|move: Stealth Rock\n|\n|upkeep\n|turn|7\n|\n|t:|1700743021\n|move|p1a: Glimmer like rocks|Mortal Spin|p2a: Rillaboom\n|-supereffective|p2a: Rillaboom\n|-damage|p2a: Rillaboom|88\/100\n|-status|p2a: Rillaboom|psn\n|move|p2a: Rillaboom|Drum Beating|p1a: Glimmer like rocks\n|-damage|p1a: Glimmer like rocks|18\/100\n|-unboost|p1a: Glimmer like rocks|spe|1\n|-activate|p1a: Glimmer like rocks|ability: Toxic Debris\n|-sidestart|p2: brzazy|move: Toxic Spikes\n|\n|-damage|p2a: Rillaboom|76\/100 psn|[from] psn\n|upkeep\n|turn|8\n|\n|t:|1700743032\n|move|p1a: Glimmer like rocks|Spiky Shield|p1a: Glimmer like rocks\n|-singleturn|p1a: Glimmer like rocks|move: Protect\n|move|p2a: Rillaboom|U-turn|p1a: Glimmer like rocks\n|-activate|p1a: Glimmer like rocks|move: Protect\n|-damage|p2a: Rillaboom|63\/100 psn|[from] Spiky Shield|[of] p1a: Glimmer like rocks\n|\n|-damage|p2a: Rillaboom|51\/100 psn|[from] psn\n|upkeep\n|turn|9\n|\n|t:|1700743042\n|move|p2a: Rillaboom|Drum Beating|p1a: Glimmer like rocks\n|-damage|p1a: Glimmer like rocks|0 fnt\n|-activate|p1a: Glimmer like rocks|ability: Toxic Debris\n|-sidestart|p2: brzazy|move: Toxic Spikes\n|faint|p1a: Glimmer like rocks\n|\n|-damage|p2a: Rillaboom|38\/100 psn|[from] psn\n|upkeep\n|\n|t:|1700743047\n|switch|p1a: Cocodrilo del Nilo|Skeledirge, F|100\/100\n|turn|10\n|\n|t:|1700743053\n|move|p2a: Rillaboom|U-turn|p1a: Cocodrilo del Nilo\n|-resisted|p1a: Cocodrilo del Nilo\n|-damage|p1a: Cocodrilo del Nilo|95\/100\n|\n|t:|1700743059\n|switch|p2a: Heatran|Heatran, F|100\/100|[from] U-turn\n|-damage|p2a: Heatran|88\/100|[from] Stealth Rock\n|move|p1a: Cocodrilo del Nilo|Torch Song|p2a: Heatran\n|-start|p2a: Heatran|ability: Flash Fire\n|\n|-heal|p2a: Heatran|94\/100|[from] item: Leftovers\n|-heal|p1a: Cocodrilo del Nilo|100\/100|[from] item: Leftovers\n|upkeep\n|turn|11\n|\n|t:|1700743069\n|switch|p1a: Dun Dun Dun|Dudunsparce-Three-Segment, M, shiny|100\/100\n|move|p2a: Heatran|Earth Power|p1a: Dun Dun Dun\n|-damage|p1a: Dun Dun Dun|76\/100\n|\n|-heal|p2a: Heatran|100\/100|[from] item: Leftovers\n|-heal|p1a: Dun Dun Dun|82\/100|[from] item: Leftovers\n|upkeep\n|turn|12\n|inactive|brzazy has 120 seconds left.\n|\n|t:|1700743099\n|move|p2a: Heatran|Magma Storm|p1a: Dun Dun Dun\n|-damage|p1a: Dun Dun Dun|30\/100\n|-activate|p1a: Dun Dun Dun|move: Magma Storm|[of] p2a: Heatran\n|move|p1a: Dun Dun Dun|Glare|p2a: Heatran\n|-status|p2a: Heatran|par\n|\n|-heal|p1a: Dun Dun Dun|37\/100|[from] item: Leftovers\n|-damage|p1a: Dun Dun Dun|24\/100|[from] move: Magma Storm|[partiallytrapped]\n|upkeep\n|turn|13\n|\n|t:|1700743109\n|move|p1a: Dun Dun Dun|Roost|p1a: Dun Dun Dun\n|-heal|p1a: Dun Dun Dun|74\/100\n|-singleturn|p1a: Dun Dun Dun|move: Roost\n|move|p2a: Heatran|Magma Storm|p1a: Dun Dun Dun\n|-damage|p1a: Dun Dun Dun|15\/100\n|\n|-heal|p1a: Dun Dun Dun|21\/100|[from] item: Leftovers\n|-damage|p1a: Dun Dun Dun|9\/100|[from] move: Magma Storm|[partiallytrapped]\n|upkeep\n|turn|14\n|\n|t:|1700743117\n|move|p1a: Dun Dun Dun|Headbutt|p2a: Heatran\n|-resisted|p2a: Heatran\n|-damage|p2a: Heatran|87\/100 par\n|cant|p2a: Heatran|flinch\n|\n|-heal|p1a: Dun Dun Dun|15\/100|[from] item: Leftovers\n|-heal|p2a: Heatran|94\/100 par|[from] item: Leftovers\n|-damage|p1a: Dun Dun Dun|3\/100|[from] move: Magma Storm|[partiallytrapped]\n|upkeep\n|turn|15\n|\n|t:|1700743126\n|move|p1a: Dun Dun Dun|Headbutt|p2a: Heatran\n|-resisted|p2a: Heatran\n|-damage|p2a: Heatran|82\/100 par\n|cant|p2a: Heatran|flinch\n|\n|-heal|p1a: Dun Dun Dun|9\/100|[from] item: Leftovers\n|-heal|p2a: Heatran|88\/100 par|[from] item: Leftovers\n|-damage|p1a: Dun Dun Dun|0 fnt|[from] move: Magma Storm|[partiallytrapped]\n|faint|p1a: Dun Dun Dun\n|upkeep\n|\n|t:|1700743131\n|switch|p1a: Trans Valliant|Iron Valiant|100\/100\n|-enditem|p1a: Trans Valliant|Booster Energy\n|-activate|p1a: Trans Valliant|ability: Quark Drive|[fromitem]\n|-start|p1a: Trans Valliant|quarkdrivespe\n|turn|16\n|inactive|brzazy has 120 seconds left.\n|\n|t:|1700743165\n|-terastallize|p2a: Heatran|Ice\n|move|p1a: Trans Valliant|Aura Sphere|p2a: Heatran\n|-supereffective|p2a: Heatran\n|-damage|p2a: Heatran|7\/100 par\n|move|p2a: Heatran|Tera Blast|p1a: Trans Valliant|[anim] Tera Blast Ice\n|-damage|p1a: Trans Valliant|23\/100\n|\n|-heal|p2a: Heatran|14\/100 par|[from] item: Leftovers\n|upkeep\n|turn|17\n|inactive|brzazy has 120 seconds left.\n|\n|t:|1700743187\n|-end|p2a: Heatran|ability: Flash Fire|[silent]\n|switch|p2a: Toxapex|Toxapex, F|100\/100\n|-damage|p2a: Toxapex|88\/100|[from] Stealth Rock\n|-sideend|p2: brzazy|move: Toxic Spikes|[of] p2a: Toxapex\n|move|p1a: Trans Valliant|Aura Sphere|p2a: Toxapex\n|-resisted|p2a: Toxapex\n|-damage|p2a: Toxapex|71\/100\n|\n|-heal|p2a: Toxapex|77\/100|[from] item: Black Sludge\n|upkeep\n|turn|18\n|\n|t:|1700743196\n|move|p1a: Trans Valliant|Dazzling Gleam|p2a: Toxapex\n|-resisted|p2a: Toxapex\n|-damage|p2a: Toxapex|61\/100\n|move|p2a: Toxapex|Toxic|p1a: Trans Valliant\n|-status|p1a: Trans Valliant|tox\n|\n|-heal|p2a: Toxapex|67\/100|[from] item: Black Sludge\n|-damage|p1a: Trans Valliant|17\/100 tox|[from] psn\n|upkeep\n|turn|19\n|inactive|brzazy has 120 seconds left.\n|\n|t:|1700743204\n|move|p2a: Toxapex|Baneful Bunker|p2a: Toxapex\n|-singleturn|p2a: Toxapex|move: Protect\n|move|p1a: Trans Valliant|Dazzling Gleam|p2a: Toxapex\n|-activate|p2a: Toxapex|move: Protect\n|\n|-heal|p2a: Toxapex|74\/100|[from] item: Black Sludge\n|-damage|p1a: Trans Valliant|5\/100 tox|[from] psn\n|upkeep\n|turn|20\n|\n|t:|1700743212\n|move|p1a: Trans Valliant|Dazzling Gleam|p2a: Toxapex\n|-resisted|p2a: Toxapex\n|-damage|p2a: Toxapex|57\/100\n|move|p2a: Toxapex|Recover|p2a: Toxapex\n|-heal|p2a: Toxapex|100\/100\n|\n|-damage|p1a: Trans Valliant|0 fnt|[from] psn\n|faint|p1a: Trans Valliant\n|-end|p1a: Trans Valliant|Quark Drive|[silent]\n|upkeep\n|\n|t:|1700743222\n|switch|p1a: Sir Driplin III|Dipplin, M, shiny|100\/100\n|turn|21\n|\n|t:|1700743234\n|switch|p2a: Heatran|Heatran, F, tera:Ice|14\/100 par\n|-damage|p2a: Heatran|0 fnt|[from] Stealth Rock\n|faint|p2a: Heatran\n|move|p1a: Sir Driplin III|Syrup Bomb|p2: Heatran|[notarget]\n|-fail|p1a: Sir Driplin III\n|\n|upkeep\n|\n|t:|1700743248\n|switch|p2a: Great Tusk|Great Tusk|67\/100 psn\n|-damage|p2a: Great Tusk|64\/100 psn|[from] Stealth Rock\n|turn|22\n|\n|t:|1700743253\n|move|p2a: Great Tusk|Stealth Rock|p1a: Sir Driplin III\n|-sidestart|p1: Tiger373slow|move: Stealth Rock\n|move|p1a: Sir Driplin III|Syrup Bomb|p2a: Great Tusk\n|-supereffective|p2a: Great Tusk\n|-damage|p2a: Great Tusk|0 fnt\n|faint|p2a: Great Tusk\n|-end|p2a: Great Tusk|Protosynthesis|[silent]\n|\n|upkeep\n|\n|t:|1700743262\n|switch|p2a: Rillaboom|Rillaboom, F|38\/100 psn\n|-damage|p2a: Rillaboom|26\/100 psn|[from] Stealth Rock\n|turn|23\n|\n|t:|1700743267\n|move|p2a: Rillaboom|Knock Off|p1a: Sir Driplin III\n|-damage|p1a: Sir Driplin III|81\/100\n|-activate|p1a: Sir Driplin III|ability: Sticky Hold\n|move|p1a: Sir Driplin III|Dragon Pulse|p2a: Rillaboom\n|-damage|p2a: Rillaboom|0 fnt\n|faint|p2a: Rillaboom\n|\n|upkeep\n|\n|t:|1700743278\n|switch|p2a: Dragapult|Dragapult, M|100\/100\n|-damage|p2a: Dragapult|88\/100|[from] Stealth Rock\n|turn|24\n|\n|t:|1700743283\n|-terastallize|p1a: Sir Driplin III|Steel\n|move|p2a: Dragapult|Dragon Darts|p1a: Sir Driplin III\n|-resisted|p1a: Sir Driplin III\n|-damage|p1a: Sir Driplin III|71\/100\n|-anim|p2a: Dragapult|Dragon Darts|p1a: Sir Driplin III\n|-resisted|p1a: Sir Driplin III\n|-damage|p1a: Sir Driplin III|60\/100\n|move|p1a: Sir Driplin III|Dragon Pulse|p2a: Dragapult\n|-supereffective|p2a: Dragapult\n|-damage|p2a: Dragapult|0 fnt\n|faint|p2a: Dragapult\n|\n|upkeep\n|\n|t:|1700743295\n|switch|p2a: Corviknight|Corviknight, F|100\/100\n|-damage|p2a: Corviknight|88\/100|[from] Stealth Rock\n|turn|25\n|\n|t:|1700743304\n|move|p2a: Corviknight|Body Press|p1a: Sir Driplin III\n|-supereffective|p1a: Sir Driplin III\n|-damage|p1a: Sir Driplin III|29\/100\n|move|p1a: Sir Driplin III|Syrup Bomb|p2a: Corviknight\n|-resisted|p2a: Corviknight\n|-damage|p2a: Corviknight|81\/100\n|-start|p2a: Corviknight|Syrup Bomb\n|\n|-unboost|p2a: Corviknight|spe|1\n|upkeep\n|turn|26\n|\n|t:|1700743328\n|move|p1a: Sir Driplin III|Recover|p1a: Sir Driplin III\n|-heal|p1a: Sir Driplin III|79\/100\n|move|p2a: Corviknight|Body Press|p1a: Sir Driplin III\n|-supereffective|p1a: Sir Driplin III\n|-damage|p1a: Sir Driplin III|50\/100\n|\n|-unboost|p2a: Corviknight|spe|1\n|upkeep\n|turn|27\n|\n|t:|1700743343\n|move|p1a: Sir Driplin III|Dragon Pulse|p2a: Corviknight\n|-resisted|p2a: Corviknight\n|-damage|p2a: Corviknight|62\/100\n|move|p2a: Corviknight|Defog|p1a: Sir Driplin III\n|-unboost|p1a: Sir Driplin III|evasion|1\n|-sideend|p1: Tiger373slow|Stealth Rock|[from] move: Defog|[of] p2a: Corviknight\n|-sideend|p2: brzazy|Stealth Rock|[from] move: Defog|[of] p2a: Corviknight\n|\n|-unboost|p2a: Corviknight|spe|1\n|upkeep\n|turn|28\n|\n|t:|1700743353\n|move|p1a: Sir Driplin III|Syrup Bomb|p2a: Corviknight\n|-resisted|p2a: Corviknight\n|-damage|p2a: Corviknight|56\/100\n|move|p2a: Corviknight|U-turn|p1a: Sir Driplin III\n|-resisted|p1a: Sir Driplin III\n|-damage|p1a: Sir Driplin III|47\/100\n|\n|t:|1700743358\n|switch|p2a: Toxapex|Toxapex, F|100\/100|[from] U-turn\n|\n|upkeep\n|turn|29\n|\n|t:|1700743363\n|move|p1a: Sir Driplin III|Syrup Bomb|p2a: Toxapex\n|-damage|p2a: Toxapex|75\/100\n|-start|p2a: Toxapex|Syrup Bomb\n|move|p2a: Toxapex|Toxic|p1a: Sir Driplin III\n|-immune|p1a: Sir Driplin III\n|\n|-heal|p2a: Toxapex|82\/100|[from] item: Black Sludge\n|-unboost|p2a: Toxapex|spe|1\n|upkeep\n|turn|30\n|-message|brzazy forfeited.\n|\n|win|Tiger373slow\n|raw|Tiger373slow's rating: 1051 &rarr; <strong>1087<\/strong><br \/>(+36 for winning)\n|raw|brzazy's rating: 1086 &rarr; <strong>1061<\/strong><br \/>(-25 for losing)\n|l|\u2606brzazy\n","uploadtime":1700743377,"views":2,"p1id":"tiger373slow","p2id":"brzazy","formatid":"gen9ou","rating":1061,"private":0,"password":""}