{"id":"gen9ou-1999610529","p1":"lucaless","p2":"Skaraptor2.1","format":"[Gen 9] OU","log":"|j|\u2606lucaless\n|j|\u2606Skaraptor2.1\n|t:|1701100980\n|gametype|singles\n|player|p1|lucaless|102|1295\n|player|p2|Skaraptor2.1|bodybuilderf-gen9|1394\n|teamsize|p1|6\n|teamsize|p2|6\n|gen|9\n|tier|[Gen 9] OU\n|rated|\n|rule|Sleep Clause Mod: Limit one foe put to sleep\n|rule|Species Clause: Limit one of each Pok\u00e9mon\n|rule|OHKO Clause: OHKO moves are banned\n|rule|Evasion Items Clause: Evasion items are banned\n|rule|Evasion Moves Clause: Evasion moves are banned\n|rule|Endless Battle Clause: Forcing endless battles is banned\n|rule|HP Percentage Mod: HP is shown in percentages\n|clearpoke\n|poke|p1|Probopass, F|\n|poke|p1|Moltres-Galar|\n|poke|p1|Glimmora, M|\n|poke|p1|Iron Valiant|\n|poke|p1|Gholdengo|\n|poke|p1|Flamigo, M|\n|poke|p2|Ribombee, M|\n|poke|p2|Ogerpon-Wellspring, F|\n|poke|p2|Gholdengo|\n|poke|p2|Zamazenta-*|\n|poke|p2|Iron Valiant|\n|poke|p2|Kingambit, F|\n|teampreview\n|inactive|Battle timer is ON: inactive players will automatically lose when time's up. (requested by lucaless)\n|inactive|Skaraptor2.1 also wants the timer to be on.\n|j| Boomblack\n|l| Boomblack\n|inactive|lucaless has 120 seconds left.\n|inactive|lucaless has 90 seconds left.\n|inactive|lucaless has 60 seconds left.\n|\n|t:|1701101098\n|start\n|switch|p1a: Glimmora|Glimmora, M|100\/100\n|switch|p2a: HRT Prices|Gholdengo|100\/100\n|-item|p2a: HRT Prices|Air Balloon\n|turn|1\n|\n|t:|1701101115\n|switch|p1a: Moltres|Moltres-Galar|100\/100\n|move|p2a: HRT Prices|Nasty Plot|p2a: HRT Prices\n|-boost|p2a: HRT Prices|spa|2\n|\n|upkeep\n|turn|2\n|\n|t:|1701101128\n|switch|p2a: Bigender|Iron Valiant|100\/100\n|-enditem|p2a: Bigender|Booster Energy\n|-activate|p2a: Bigender|ability: Quark Drive|[fromitem]\n|-start|p2a: Bigender|quarkdrivespe\n|move|p1a: Moltres|Fiery Wrath|p2a: Bigender\n|-resisted|p2a: Bigender\n|-damage|p2a: Bigender|84\/100\n|\n|upkeep\n|turn|3\n|\n|t:|1701101140\n|-terastallize|p1a: Moltres|Water\n|move|p2a: Bigender|Thunderbolt|p1a: Moltres\n|-supereffective|p1a: Moltres\n|-damage|p1a: Moltres|57\/100\n|move|p1a: Moltres|Air Slash|p2a: Bigender\n|-supereffective|p2a: Bigender\n|-damage|p2a: Bigender|0 fnt\n|faint|p2a: Bigender\n|-end|p2a: Bigender|Quark Drive|[silent]\n|\n|upkeep\n|\n|t:|1701101152\n|switch|p2a: Twink|Ribombee, M|100\/100\n|turn|4\n|\n|t:|1701101155\n|move|p2a: Twink|Stun Spore|p1a: Moltres\n|-status|p1a: Moltres|par\n|cant|p1a: Moltres|par\n|\n|upkeep\n|turn|5\n|\n|t:|1701101175\n|move|p2a: Twink|Sticky Web|p1a: Moltres\n|-sidestart|p1: lucaless|move: Sticky Web\n|move|p1a: Moltres|Air Slash|p2a: Twink\n|-supereffective|p2a: Twink\n|-damage|p2a: Twink|16\/100\n|\n|upkeep\n|turn|6\n|l|\u2606Skaraptor2.1\n|inactive|Skaraptor2.1 disconnected and has a minute to reconnect!\n|player|p2|\n|inactive|lucaless has 120 seconds left.\n|j|\u2606Skaraptor2.1\n|inactive|Skaraptor2.1 reconnected and has 120 seconds left.\n|player|p2|Skaraptor2.1|bodybuilderf-gen9\n|\n|t:|1701101204\n|move|p2a: Twink|Moonblast|p1a: Moltres\n|-damage|p1a: Moltres|35\/100 par\n|-ability|p1a: Moltres|Berserk|boost\n|-boost|p1a: Moltres|spa|1\n|-enditem|p1a: Moltres|Sitrus Berry|[eat]\n|-heal|p1a: Moltres|60\/100 par|[from] item: Sitrus Berry\n|move|p1a: Moltres|Air Slash|p2a: Twink\n|-supereffective|p2a: Twink\n|-damage|p2a: Twink|0 fnt\n|faint|p2a: Twink\n|\n|upkeep\n|\n|t:|1701101213\n|switch|p2a: Transfem|Ogerpon-Wellspring, F|100\/100\n|turn|7\n|inactive|lucaless has 120 seconds left.\n|\n|t:|1701101224\n|move|p2a: Transfem|Horn Leech|p1a: Moltres\n|-supereffective|p1a: Moltres\n|-damage|p1a: Moltres|0 fnt\n|faint|p1a: Moltres\n|\n|upkeep\n|\n|t:|1701101227\n|switch|p1a: Probopass|Probopass, F|100\/100\n|turn|8\n|\n|t:|1701101230\n|move|p2a: Transfem|Ivy Cudgel|p1a: Probopass|[anim] Ivy Cudgel Water\n|-supereffective|p1a: Probopass\n|-damage|p1a: Probopass|19\/100\n|move|p1a: Probopass|Thunder Wave|p2a: Transfem\n|-status|p2a: Transfem|par\n|\n|upkeep\n|turn|9\n|\n|t:|1701101237\n|switch|p2a: HRT Prices|Gholdengo|100\/100\n|-item|p2a: HRT Prices|Air Balloon\n|move|p1a: Probopass|Stealth Rock|p2a: HRT Prices\n|-sidestart|p2: Skaraptor2.1|move: Stealth Rock\n|\n|upkeep\n|turn|10\n|\n|t:|1701101243\n|move|p2a: HRT Prices|Shadow Ball|p1a: Probopass\n|-damage|p1a: Probopass|0 fnt\n|faint|p1a: Probopass\n|\n|upkeep\n|\n|t:|1701101252\n|switch|p1a: Flamigo|Flamigo, M|100\/100\n|turn|11\n|\n|t:|1701101262\n|move|p1a: Flamigo|Close Combat|p2a: HRT Prices\n|-supereffective|p2a: HRT Prices\n|-damage|p2a: HRT Prices|0 fnt\n|-unboost|p1a: Flamigo|def|1\n|-unboost|p1a: Flamigo|spd|1\n|-enditem|p2a: HRT Prices|Air Balloon\n|faint|p2a: HRT Prices\n|\n|upkeep\n|\n|t:|1701101264\n|switch|p2a: Defender of Trans|Zamazenta, shiny|100\/100\n|-damage|p2a: Defender of Trans|94\/100|[from] Stealth Rock\n|-ability|p2a: Defender of Trans|Dauntless Shield|boost\n|-boost|p2a: Defender of Trans|def|1\n|turn|12\n|\n|t:|1701101274\n|switch|p1a: Glimmora|Glimmora, M|100\/100\n|-activate|p1a: Glimmora|move: Sticky Web\n|-unboost|p1a: Glimmora|spe|1\n|-terastallize|p2a: Defender of Trans|Fire\n|move|p2a: Defender of Trans|Iron Defense|p2a: Defender of Trans\n|-boost|p2a: Defender of Trans|def|2\n|\n|-heal|p2a: Defender of Trans|100\/100|[from] item: Leftovers\n|upkeep\n|turn|13\n|\n|t:|1701101283\n|move|p2a: Defender of Trans|Body Press|p1a: Glimmora\n|-enditem|p1a: Glimmora|Focus Sash\n|-damage|p1a: Glimmora|1\/100\n|-activate|p1a: Glimmora|ability: Toxic Debris\n|-sidestart|p2: Skaraptor2.1|move: Toxic Spikes\n|move|p1a: Glimmora|Mortal Spin|p2a: Defender of Trans\n|-damage|p2a: Defender of Trans|99\/100\n|-status|p2a: Defender of Trans|psn\n|-sideend|p1: lucaless|Sticky Web|[from] move: Mortal Spin|[of] p1a: Glimmora\n|\n|-heal|p2a: Defender of Trans|100\/100 psn|[from] item: Leftovers\n|-damage|p2a: Defender of Trans|88\/100 psn|[from] psn\n|upkeep\n|turn|14\n|inactive|Skaraptor2.1 has 120 seconds left.\n|\n|t:|1701101316\n|move|p2a: Defender of Trans|Body Press|p1a: Glimmora\n|-damage|p1a: Glimmora|0 fnt\n|-activate|p1a: Glimmora|ability: Toxic Debris\n|-sidestart|p2: Skaraptor2.1|move: Toxic Spikes\n|faint|p1a: Glimmora\n|\n|-heal|p2a: Defender of Trans|94\/100 psn|[from] item: Leftovers\n|-damage|p2a: Defender of Trans|82\/100 psn|[from] psn\n|upkeep\n|\n|t:|1701101335\n|switch|p1a: Gholdengo|Gholdengo|100\/100\n|-item|p1a: Gholdengo|Air Balloon\n|turn|15\n|\n|t:|1701101346\n|move|p2a: Defender of Trans|Crunch|p1a: Gholdengo\n|-supereffective|p1a: Gholdengo\n|-damage|p1a: Gholdengo|61\/100\n|-unboost|p1a: Gholdengo|def|1\n|-enditem|p1a: Gholdengo|Air Balloon\n|move|p1a: Gholdengo|Hex|p2a: Defender of Trans\n|-damage|p2a: Defender of Trans|33\/100 psn\n|\n|-heal|p2a: Defender of Trans|39\/100 psn|[from] item: Leftovers\n|-damage|p2a: Defender of Trans|27\/100 psn|[from] psn\n|upkeep\n|turn|16\n|\n|t:|1701101358\n|switch|p1a: Iron Valiant|Iron Valiant|100\/100\n|move|p2a: Defender of Trans|Crunch|p1a: Iron Valiant\n|-resisted|p1a: Iron Valiant\n|-damage|p1a: Iron Valiant|94\/100\n|\n|-heal|p2a: Defender of Trans|33\/100 psn|[from] item: Leftovers\n|-damage|p2a: Defender of Trans|21\/100 psn|[from] psn\n|upkeep\n|turn|17\n|\n|t:|1701101373\n|move|p2a: Defender of Trans|Body Press|p1a: Iron Valiant\n|-resisted|p1a: Iron Valiant\n|-damage|p1a: Iron Valiant|34\/100\n|move|p1a: Iron Valiant|Moonblast|p2a: Defender of Trans\n|-resisted|p2a: Defender of Trans\n|-damage|p2a: Defender of Trans|1\/100 psn\n|-unboost|p2a: Defender of Trans|spa|1\n|\n|-heal|p2a: Defender of Trans|7\/100 psn|[from] item: Leftovers\n|-damage|p2a: Defender of Trans|0 fnt|[from] psn\n|faint|p2a: Defender of Trans\n|upkeep\n|\n|t:|1701101381\n|switch|p2a: Transfem|Ogerpon-Wellspring, F|100\/100 par\n|-damage|p2a: Transfem|88\/100 par|[from] Stealth Rock\n|turn|18\n|\n|t:|1701101392\n|move|p1a: Iron Valiant|Moonblast|p2a: Transfem\n|-damage|p2a: Transfem|31\/100 par\n|move|p2a: Transfem|Ivy Cudgel|p1a: Iron Valiant|[anim] Ivy Cudgel Water\n|-damage|p1a: Iron Valiant|0 fnt\n|faint|p1a: Iron Valiant\n|-end|p1a: Iron Valiant|Quark Drive|[silent]\n|\n|upkeep\n|\n|t:|1701101397\n|switch|p1a: Gholdengo|Gholdengo|61\/100\n|turn|19\n|\n|t:|1701101399\n|move|p1a: Gholdengo|Hex|p2a: Transfem\n|-damage|p2a: Transfem|0 fnt\n|faint|p2a: Transfem\n|\n|upkeep\n|\n|t:|1701101401\n|switch|p2a: Queengambit|Kingambit, F|100\/100\n|-damage|p2a: Queengambit|94\/100|[from] Stealth Rock\n|-activate|p2a: Queengambit|ability: Supreme Overlord\n|-start|p2a: Queengambit|fallen5|[silent]\n|turn|20\n|\n|t:|1701101409\n|move|p1a: Gholdengo|Dazzling Gleam|p2a: Queengambit\n|-damage|p2a: Queengambit|69\/100\n|move|p2a: Queengambit|Swords Dance|p2a: Queengambit\n|-boost|p2a: Queengambit|atk|2\n|\n|-heal|p2a: Queengambit|75\/100|[from] item: Leftovers\n|upkeep\n|turn|21\n|\n|t:|1701101416\n|move|p1a: Gholdengo|Dazzling Gleam|p2a: Queengambit\n|-damage|p2a: Queengambit|48\/100\n|move|p2a: Queengambit|Swords Dance|p2a: Queengambit\n|-boost|p2a: Queengambit|atk|2\n|\n|-heal|p2a: Queengambit|54\/100|[from] item: Leftovers\n|upkeep\n|turn|22\n|\n|t:|1701101427\n|move|p1a: Gholdengo|Dazzling Gleam|p2a: Queengambit\n|-damage|p2a: Queengambit|27\/100\n|move|p2a: Queengambit|Swords Dance|p2a: Queengambit\n|-boost|p2a: Queengambit|atk|2\n|\n|-heal|p2a: Queengambit|34\/100|[from] item: Leftovers\n|upkeep\n|turn|23\n|\n|t:|1701101429\n|move|p2a: Queengambit|Sucker Punch|p1a: Gholdengo\n|-supereffective|p1a: Gholdengo\n|-damage|p1a: Gholdengo|0 fnt\n|faint|p1a: Gholdengo\n|\n|-heal|p2a: Queengambit|40\/100|[from] item: Leftovers\n|upkeep\n|\n|t:|1701101432\n|switch|p1a: Flamigo|Flamigo, M|100\/100\n|turn|24\n|\n|t:|1701101435\n|move|p2a: Queengambit|Sucker Punch|p1a: Flamigo\n|-resisted|p1a: Flamigo\n|-damage|p1a: Flamigo|0 fnt\n|faint|p1a: Flamigo\n|\n|win|Skaraptor2.1\n|raw|lucaless's rating: 1295 &rarr; <strong>1277<\/strong><br \/>(-18 for losing)\n|raw|Skaraptor2.1's rating: 1394 &rarr; <strong>1408<\/strong><br \/>(+14 for winning)\n|c|\u2606lucaless|gg\n|l|\u2606lucaless\n","uploadtime":1701101449,"views":2,"p1id":"lucaless","p2id":"skaraptor21","formatid":"gen9ou","rating":1277,"private":0,"password":""}