{"id":"gen9ou-1997412032","p1":"Seleniaal","p2":"skulljester29","format":"[Gen 9] OU","log":"|j|\u2606Seleniaal\n|j|\u2606skulljester29\n|t:|1700801033\n|gametype|singles\n|player|p1|Seleniaal|266|1540\n|player|p2|skulljester29|firebreather|1703\n|teamsize|p1|6\n|teamsize|p2|6\n|gen|9\n|tier|[Gen 9] OU\n|rated|\n|rule|Sleep Clause Mod: Limit one foe put to sleep\n|rule|Species Clause: Limit one of each Pok\u00e9mon\n|rule|OHKO Clause: OHKO moves are banned\n|rule|Evasion Items Clause: Evasion items are banned\n|rule|Evasion Moves Clause: Evasion moves are banned\n|rule|Endless Battle Clause: Forcing endless battles is banned\n|rule|HP Percentage Mod: HP is shown in percentages\n|clearpoke\n|poke|p1|Arcanine-Hisui, M|\n|poke|p1|Rillaboom, F|\n|poke|p1|Greninja-*, M|\n|poke|p1|Great Tusk|\n|poke|p1|Dragapult, M|\n|poke|p1|Iron Moth|\n|poke|p2|Amoonguss, M|\n|poke|p2|Iron Valiant|\n|poke|p2|Sandy Shocks|\n|poke|p2|Rotom-Wash|\n|poke|p2|Hydreigon, F|\n|poke|p2|Cinderace, M|\n|teampreview\n|j| Podtastic1\n|j| Heihachi Mishima\n|\n|t:|1700801045\n|start\n|switch|p1a: Dragapult|Dragapult, M|100\/100\n|switch|p2a: Sandy Shocks|Sandy Shocks|100\/100\n|turn|1\n|\n|t:|1700801050\n|-terastallize|p2a: Sandy Shocks|Ice\n|move|p1a: Dragapult|Shadow Ball|p2a: Sandy Shocks\n|-damage|p2a: Sandy Shocks|37\/100\n|move|p2a: Sandy Shocks|Tera Blast|p1a: Dragapult|[anim] Tera Blast Ice\n|-supereffective|p1a: Dragapult\n|-damage|p1a: Dragapult|0 fnt\n|faint|p1a: Dragapult\n|\n|upkeep\n|\n|t:|1700801068\n|switch|p1a: Greninja|Greninja, M|100\/100\n|turn|2\n|\n|t:|1700801073\n|-end|p2a: Sandy Shocks|Protosynthesis|[silent]\n|switch|p2a: Rotom|Rotom-Wash|100\/100\n|move|p1a: Greninja|Dark Pulse|p2a: Rotom\n|-damage|p2a: Rotom|59\/100\n|-damage|p1a: Greninja|91\/100|[from] item: Life Orb\n|\n|-heal|p2a: Rotom|65\/100|[from] item: Leftovers\n|upkeep\n|turn|3\n|\n|t:|1700801086\n|switch|p1a: Great Tusk|Great Tusk|100\/100\n|move|p2a: Rotom|Protect||[still]\n|-fail|p2a: Rotom\n|\n|-heal|p2a: Rotom|72\/100|[from] item: Leftovers\n|upkeep\n|turn|4\n|j| Low-Fat Milky Boi\n|\n|t:|1700801093\n|move|p1a: Great Tusk|Close Combat|p2a: Rotom\n|-damage|p2a: Rotom|12\/100\n|-unboost|p1a: Great Tusk|def|1\n|-unboost|p1a: Great Tusk|spd|1\n|move|p2a: Rotom|Hydro Pump|p1a: Great Tusk|[miss]\n|-miss|p2a: Rotom|p1a: Great Tusk\n|\n|-heal|p2a: Rotom|18\/100|[from] item: Leftovers\n|upkeep\n|turn|5\n|l| Low-Fat Milky Boi\n|\n|t:|1700801103\n|move|p2a: Rotom|Protect|p2a: Rotom\n|-singleturn|p2a: Rotom|Protect\n|move|p1a: Great Tusk|Close Combat|p2a: Rotom\n|-activate|p2a: Rotom|move: Protect\n|\n|-heal|p2a: Rotom|25\/100|[from] item: Leftovers\n|upkeep\n|turn|6\n|\n|t:|1700801113\n|switch|p2a: Amoonguss|Amoonguss, M|100\/100\n|move|p1a: Great Tusk|Close Combat|p2a: Amoonguss\n|-resisted|p2a: Amoonguss\n|-damage|p2a: Amoonguss|78\/100\n|-unboost|p1a: Great Tusk|def|1\n|-unboost|p1a: Great Tusk|spd|1\n|\n|upkeep\n|turn|7\n|\n|t:|1700801133\n|-end|p1a: Great Tusk|Protosynthesis|[silent]\n|switch|p1a: Arcanine|Arcanine-Hisui, M|100\/100\n|move|p2a: Amoonguss|Spore|p1a: Arcanine\n|-status|p1a: Arcanine|slp|[from] move: Spore\n|\n|upkeep\n|turn|8\n|\n|t:|1700801140\n|switch|p2a: Sandy Shocks|Sandy Shocks, tera:Ice|37\/100\n|cant|p1a: Arcanine|slp\n|\n|upkeep\n|turn|9\n|\n|t:|1700801145\n|switch|p1a: Rillaboom|Rillaboom, F|100\/100\n|-fieldstart|move: Grassy Terrain|[from] ability: Grassy Surge|[of] p1a: Rillaboom\n|move|p2a: Sandy Shocks|Earth Power|p1a: Rillaboom\n|-resisted|p1a: Rillaboom\n|-damage|p1a: Rillaboom|71\/100\n|\n|-heal|p2a: Sandy Shocks|43\/100|[from] Grassy Terrain\n|-heal|p1a: Rillaboom|78\/100|[from] Grassy Terrain\n|upkeep\n|turn|10\n|\n|t:|1700801156\n|-end|p2a: Sandy Shocks|Protosynthesis|[silent]\n|switch|p2a: Amoonguss|Amoonguss, M|100\/100\n|move|p1a: Rillaboom|U-turn|p2a: Amoonguss\n|-damage|p2a: Amoonguss|72\/100\n|\n|t:|1700801166\n|switch|p1a: Iron Moth|Iron Moth|100\/100|[from] U-turn\n|-enditem|p1a: Iron Moth|Booster Energy\n|-activate|p1a: Iron Moth|ability: Quark Drive|[fromitem]\n|-start|p1a: Iron Moth|quarkdrivespe\n|\n|-heal|p2a: Amoonguss|78\/100|[from] Grassy Terrain\n|upkeep\n|turn|11\n|\n|t:|1700801188\n|switch|p2a: Hydreigon|Hydreigon, F|100\/100\n|move|p1a: Iron Moth|Fiery Dance|p2a: Hydreigon\n|-resisted|p2a: Hydreigon\n|-damage|p2a: Hydreigon|78\/100\n|-boost|p1a: Iron Moth|spa|1\n|\n|upkeep\n|turn|12\n|\n|t:|1700801196\n|move|p1a: Iron Moth|Dazzling Gleam|p2a: Hydreigon\n|-supereffective|p2a: Hydreigon\n|-damage|p2a: Hydreigon|0 fnt\n|faint|p2a: Hydreigon\n|\n|upkeep\n|\n|t:|1700801205\n|switch|p2a: Cinderace|Cinderace, M|100\/100\n|turn|13\n|\n|t:|1700801209\n|move|p1a: Iron Moth|Fiery Dance|p2a: Cinderace\n|-resisted|p2a: Cinderace\n|-damage|p2a: Cinderace|57\/100\n|move|p2a: Cinderace|Pyro Ball|p1a: Iron Moth\n|-resisted|p1a: Iron Moth\n|-crit|p1a: Iron Moth\n|-damage|p1a: Iron Moth|42\/100\n|\n|-heal|p1a: Iron Moth|48\/100|[from] Grassy Terrain\n|-heal|p2a: Cinderace|63\/100|[from] Grassy Terrain\n|-fieldend|move: Grassy Terrain\n|upkeep\n|turn|14\n|\n|t:|1700801218\n|move|p2a: Cinderace|Sucker Punch|p1a: Iron Moth\n|-start|p2a: Cinderace|typechange|Dark|[from] ability: Libero\n|-damage|p1a: Iron Moth|2\/100\n|move|p1a: Iron Moth|Psychic|p2a: Cinderace\n|-immune|p2a: Cinderace\n|\n|upkeep\n|turn|15\n|\n|t:|1700801225\n|-end|p1a: Iron Moth|Quark Drive|[silent]\n|switch|p1a: Greninja|Greninja, M|91\/100\n|move|p2a: Cinderace|Sucker Punch||[still]\n|-fail|p2a: Cinderace\n|\n|upkeep\n|turn|16\n|\n|t:|1700801238\n|switch|p2a: Amoonguss|Amoonguss, M|100\/100\n|move|p1a: Greninja|Dark Pulse|p2a: Amoonguss\n|-damage|p2a: Amoonguss|58\/100\n|-damage|p1a: Greninja|81\/100|[from] item: Life Orb\n|\n|upkeep\n|turn|17\n|\n|t:|1700801253\n|-terastallize|p1a: Greninja|Poison\n|move|p1a: Greninja|Dark Pulse|p2a: Amoonguss\n|-damage|p2a: Amoonguss|15\/100\n|-damage|p1a: Greninja|71\/100|[from] item: Life Orb\n|move|p2a: Amoonguss|Giga Drain|p1a: Greninja\n|-resisted|p1a: Greninja\n|-damage|p1a: Greninja|51\/100\n|-heal|p2a: Amoonguss|21\/100|[from] drain|[of] p1a: Greninja\n|\n|upkeep\n|turn|18\n|\n|t:|1700801263\n|switch|p2a: Iron Valiant|Iron Valiant|100\/100\n|-enditem|p2a: Iron Valiant|Booster Energy\n|-activate|p2a: Iron Valiant|ability: Quark Drive|[fromitem]\n|-start|p2a: Iron Valiant|quarkdrivespe\n|move|p1a: Greninja|Gunk Shot|p2a: Iron Valiant\n|-supereffective|p2a: Iron Valiant\n|-damage|p2a: Iron Valiant|0 fnt\n|faint|p2a: Iron Valiant\n|-end|p2a: Iron Valiant|Quark Drive|[silent]\n|-ability|p1a: Greninja|Battle Bond|boost\n|-boost|p1a: Greninja|atk|1\n|-boost|p1a: Greninja|spa|1\n|-boost|p1a: Greninja|spe|1\n|-activate|p1a: Greninja|ability: Battle Bond\n|-damage|p1a: Greninja|42\/100|[from] item: Life Orb\n|\n|upkeep\n|\n|t:|1700801278\n|switch|p2a: Cinderace|Cinderace, M|63\/100\n|turn|19\n|\n|t:|1700801281\n|move|p1a: Greninja|Water Shuriken|p2a: Cinderace\n|-supereffective|p2a: Cinderace\n|-damage|p2a: Cinderace|27\/100\n|-supereffective|p2a: Cinderace\n|-damage|p2a: Cinderace|0 fnt\n|faint|p2a: Cinderace\n|-hitcount|p2: Cinderace|2\n|-damage|p1a: Greninja|32\/100|[from] item: Life Orb\n|\n|upkeep\n|\n|t:|1700801289\n|switch|p2a: Amoonguss|Amoonguss, M|55\/100\n|turn|20\n|\n|t:|1700801294\n|switch|p2a: Rotom|Rotom-Wash|25\/100\n|move|p1a: Greninja|Dark Pulse|p2a: Rotom\n|-damage|p2a: Rotom|0 fnt\n|faint|p2a: Rotom\n|-damage|p1a: Greninja|22\/100|[from] item: Life Orb\n|\n|upkeep\n|\n|t:|1700801301\n|switch|p2a: Amoonguss|Amoonguss, M|88\/100\n|turn|21\n|\n|t:|1700801305\n|move|p1a: Greninja|Dark Pulse|p2a: Amoonguss\n|-damage|p2a: Amoonguss|28\/100\n|-damage|p1a: Greninja|12\/100|[from] item: Life Orb\n|move|p2a: Amoonguss|Sludge Bomb|p1a: Greninja\n|-resisted|p1a: Greninja\n|-damage|p1a: Greninja|0 fnt\n|faint|p1a: Greninja\n|\n|upkeep\n|\n|t:|1700801312\n|switch|p1a: Iron Moth|Iron Moth|2\/100\n|turn|22\n|\n|t:|1700801316\n|move|p1a: Iron Moth|Fiery Dance|p2a: Amoonguss\n|-supereffective|p2a: Amoonguss\n|-damage|p2a: Amoonguss|0 fnt\n|faint|p2a: Amoonguss\n|\n|upkeep\n|l| Podtastic1\n|\n|t:|1700801321\n|switch|p2a: Sandy Shocks|Sandy Shocks, tera:Ice|43\/100\n|turn|23\n|\n|t:|1700801324\n|move|p1a: Iron Moth|Fiery Dance|p2a: Sandy Shocks\n|-supereffective|p2a: Sandy Shocks\n|-damage|p2a: Sandy Shocks|0 fnt\n|faint|p2a: Sandy Shocks\n|-end|p2a: Sandy Shocks|Protosynthesis|[silent]\n|\n|win|Seleniaal\n|raw|Seleniaal's rating: 1540 &rarr; <strong>1569<\/strong><br \/>(+29 for winning)\n|raw|skulljester29's rating: 1703 &rarr; <strong>1674<\/strong><br \/>(-29 for losing)\n|l|\u2606skulljester29\n","uploadtime":1700801330,"views":7,"p1id":"seleniaal","p2id":"skulljester29","formatid":"gen9ou","rating":1569,"private":0,"password":""}