{"id":"gen9ou-1995273813","p1":"OU noooob 1","p2":"shittingondatoilet","format":"[Gen 9] OU","log":"|j|\u2606OU noooob 1\n|j|\u2606shittingondatoilet\n|t:|1700544969\n|gametype|singles\n|player|p1|OU noooob 1|preschooler|1000\n|player|p2|shittingondatoilet|sage|1048\n|teamsize|p1|6\n|teamsize|p2|6\n|gen|9\n|tier|[Gen 9] OU\n|rated|\n|rule|Sleep Clause Mod: Limit one foe put to sleep\n|rule|Species Clause: Limit one of each Pok\u00e9mon\n|rule|OHKO Clause: OHKO moves are banned\n|rule|Evasion Items Clause: Evasion items are banned\n|rule|Evasion Moves Clause: Evasion moves are banned\n|rule|Endless Battle Clause: Forcing endless battles is banned\n|rule|HP Percentage Mod: HP is shown in percentages\n|clearpoke\n|poke|p1|Iron Moth|\n|poke|p1|Iron Valiant|\n|poke|p1|Kingambit, F|\n|poke|p1|Great Tusk|\n|poke|p1|Samurott-Hisui, F|\n|poke|p1|Enamorus, F|\n|poke|p2|Iron Jugulis|\n|poke|p2|Skeledirge, F|\n|poke|p2|Dragapult, F|\n|poke|p2|Toxapex, M|\n|poke|p2|Zapdos|\n|poke|p2|Garchomp, F|\n|teampreview\n|inactive|Battle timer is ON: inactive players will automatically lose when time's up. (requested by shittingondatoilet)\n|c|\u2606OU noooob 1|glhf\n|inactive|OU noooob 1 has 120 seconds left.\n|\n|t:|1700545028\n|start\n|switch|p1a: Great Tusk|Great Tusk|100\/100\n|switch|p2a: Toxapex|Toxapex, M|100\/100\n|-enditem|p1a: Great Tusk|Booster Energy\n|-activate|p1a: Great Tusk|ability: Protosynthesis|[fromitem]\n|-start|p1a: Great Tusk|protosynthesisspe\n|turn|1\n|\n|t:|1700545038\n|move|p1a: Great Tusk|Bulk Up|p1a: Great Tusk\n|-boost|p1a: Great Tusk|atk|1\n|-boost|p1a: Great Tusk|def|1\n|move|p2a: Toxapex|Hydro Pump|p1a: Great Tusk\n|-supereffective|p1a: Great Tusk\n|-damage|p1a: Great Tusk|42\/100\n|\n|upkeep\n|turn|2\n|j| Coffee&whiskey\n|\n|t:|1700545046\n|move|p1a: Great Tusk|Headlong Rush|p2a: Toxapex\n|-supereffective|p2a: Toxapex\n|-damage|p2a: Toxapex|1\/100\n|-unboost|p1a: Great Tusk|def|1\n|-unboost|p1a: Great Tusk|spd|1\n|move|p2a: Toxapex|Haze|p2a: Toxapex\n|-clearallboost\n|\n|-heal|p2a: Toxapex|7\/100|[from] item: Black Sludge\n|upkeep\n|turn|3\n|inactive|shittingondatoilet has 120 seconds left.\n|\n|t:|1700545081\n|switch|p2a: Zapdos|Zapdos|100\/100\n|-ability|p2a: Zapdos|Pressure\n|move|p1a: Great Tusk|Head Smash|p2a: Zapdos\n|-supereffective|p2a: Zapdos\n|-damage|p2a: Zapdos|12\/100\n|-damage|p1a: Great Tusk|5\/100|[from] Recoil\n|\n|-heal|p2a: Zapdos|18\/100|[from] item: Leftovers\n|upkeep\n|turn|4\n|inactive|shittingondatoilet has 120 seconds left.\n|\n|t:|1700545095\n|move|p2a: Zapdos|Detect|p2a: Zapdos\n|-singleturn|p2a: Zapdos|Protect\n|move|p1a: Great Tusk|Ice Spinner|p2a: Zapdos\n|-activate|p2a: Zapdos|move: Protect\n|\n|-heal|p2a: Zapdos|24\/100|[from] item: Leftovers\n|upkeep\n|turn|5\n|inactive|OU noooob 1 has 120 seconds left.\n|inactive|shittingondatoilet has 120 seconds left.\n|\n|t:|1700545143\n|move|p2a: Zapdos|Detect||[still]\n|-fail|p2a: Zapdos\n|move|p1a: Great Tusk|Ice Spinner|p2a: Zapdos\n|-supereffective|p2a: Zapdos\n|-damage|p2a: Zapdos|0 fnt\n|faint|p2a: Zapdos\n|\n|upkeep\n|\n|t:|1700545151\n|switch|p2a: Garchomp|Garchomp, F|100\/100\n|turn|6\n|inactive|shittingondatoilet has 120 seconds left.\n|\n|t:|1700545181\n|switch|p2a: Skeledirge|Skeledirge, F|100\/100\n|move|p1a: Great Tusk|Headlong Rush|p2a: Skeledirge\n|-supereffective|p2a: Skeledirge\n|-damage|p2a: Skeledirge|31\/100\n|-unboost|p1a: Great Tusk|def|1\n|-unboost|p1a: Great Tusk|spd|1\n|\n|upkeep\n|turn|7\n|\n|t:|1700545198\n|move|p2a: Skeledirge|Protect|p2a: Skeledirge\n|-singleturn|p2a: Skeledirge|Protect\n|move|p1a: Great Tusk|Headlong Rush|p2a: Skeledirge\n|-activate|p2a: Skeledirge|move: Protect\n|\n|upkeep\n|turn|8\n|\n|t:|1700545211\n|switch|p2a: Iron Jugulis|Iron Jugulis|100\/100\n|-enditem|p2a: Iron Jugulis|Booster Energy\n|-activate|p2a: Iron Jugulis|ability: Quark Drive|[fromitem]\n|-start|p2a: Iron Jugulis|quarkdrivespe\n|move|p1a: Great Tusk|Headlong Rush|p2a: Iron Jugulis\n|-immune|p2a: Iron Jugulis\n|\n|upkeep\n|turn|9\n|\n|t:|1700545225\n|move|p2a: Iron Jugulis|Knock Off|p1a: Great Tusk\n|-resisted|p1a: Great Tusk\n|-damage|p1a: Great Tusk|0 fnt\n|faint|p1a: Great Tusk\n|-end|p1a: Great Tusk|Protosynthesis|[silent]\n|\n|upkeep\n|inactive|OU noooob 1 has 90 seconds left.\n|\n|t:|1700545257\n|switch|p1a: Enamorus|Enamorus, F|100\/100\n|turn|10\n|inactive|shittingondatoilet has 90 seconds left.\n|\n|t:|1700545290\n|-end|p2a: Iron Jugulis|Quark Drive|[silent]\n|switch|p2a: Toxapex|Toxapex, M|41\/100\n|move|p1a: Enamorus|Agility|p1a: Enamorus\n|-boost|p1a: Enamorus|spe|2\n|\n|-heal|p2a: Toxapex|47\/100|[from] item: Black Sludge\n|upkeep\n|turn|11\n|inactive|OU noooob 1 has 90 seconds left.\n|\n|t:|1700545302\n|move|p1a: Enamorus|Earth Power|p2a: Toxapex\n|-supereffective|p2a: Toxapex\n|-damage|p2a: Toxapex|5\/100\n|move|p2a: Toxapex|Haze|p2a: Toxapex\n|-clearallboost\n|\n|-heal|p2a: Toxapex|11\/100|[from] item: Black Sludge\n|upkeep\n|turn|12\n|inactive|OU noooob 1 has 90 seconds left.\n|inactive|shittingondatoilet has 90 seconds left.\n|\n|t:|1700545317\n|switch|p2a: Iron Jugulis|Iron Jugulis|100\/100\n|move|p1a: Enamorus|Earth Power|p2a: Iron Jugulis\n|-immune|p2a: Iron Jugulis\n|\n|upkeep\n|turn|13\n|\n|t:|1700545334\n|move|p2a: Iron Jugulis|Dark Pulse|p1a: Enamorus\n|-resisted|p1a: Enamorus\n|-damage|p1a: Enamorus|76\/100\n|move|p1a: Enamorus|Agility|p1a: Enamorus\n|-boost|p1a: Enamorus|spe|2\n|\n|-heal|p1a: Enamorus|82\/100|[from] item: Leftovers\n|upkeep\n|turn|14\n|\n|t:|1700545343\n|move|p1a: Enamorus|Calm Mind|p1a: Enamorus\n|-boost|p1a: Enamorus|spa|1\n|-boost|p1a: Enamorus|spd|1\n|move|p2a: Iron Jugulis|Dark Pulse|p1a: Enamorus\n|-resisted|p1a: Enamorus\n|-damage|p1a: Enamorus|68\/100\n|\n|-heal|p1a: Enamorus|74\/100|[from] item: Leftovers\n|upkeep\n|turn|15\n|\n|t:|1700545355\n|move|p1a: Enamorus|Calm Mind|p1a: Enamorus\n|-boost|p1a: Enamorus|spa|1\n|-boost|p1a: Enamorus|spd|1\n|move|p2a: Iron Jugulis|Knock Off|p1a: Enamorus\n|-resisted|p1a: Enamorus\n|-damage|p1a: Enamorus|57\/100\n|-enditem|p1a: Enamorus|Leftovers|[from] move: Knock Off|[of] p2a: Iron Jugulis\n|\n|upkeep\n|turn|16\n|\n|t:|1700545371\n|move|p1a: Enamorus|Moonblast|p2a: Iron Jugulis\n|-supereffective|p2a: Iron Jugulis\n|-damage|p2a: Iron Jugulis|0 fnt\n|faint|p2a: Iron Jugulis\n|-end|p2a: Iron Jugulis|Quark Drive|[silent]\n|\n|upkeep\n|\n|t:|1700545377\n|switch|p2a: Skeledirge|Skeledirge, F|31\/100\n|turn|17\n|\n|t:|1700545400\n|move|p2a: Skeledirge|Protect|p2a: Skeledirge\n|-singleturn|p2a: Skeledirge|Protect\n|move|p1a: Enamorus|Moonblast|p2a: Skeledirge\n|-activate|p2a: Skeledirge|move: Protect\n|\n|upkeep\n|turn|18\n|inactive|shittingondatoilet has 60 seconds left.\n|l| Coffee&whiskey\n|\n|t:|1700545426\n|move|p1a: Enamorus|Earth Power|p2a: Skeledirge\n|-supereffective|p2a: Skeledirge\n|-damage|p2a: Skeledirge|0 fnt\n|faint|p2a: Skeledirge\n|\n|upkeep\n|\n|t:|1700545453\n|switch|p2a: Dragapult|Dragapult, F|100\/100\n|turn|19\n|inactive|shittingondatoilet has 30 seconds left.\n|\n|t:|1700545471\n|move|p1a: Enamorus|Moonblast|p2a: Dragapult\n|-supereffective|p2a: Dragapult\n|-damage|p2a: Dragapult|0 fnt\n|faint|p2a: Dragapult\n|\n|upkeep\n|inactive|shittingondatoilet has 30 seconds left.\n|\n|t:|1700545478\n|switch|p2a: Garchomp|Garchomp, F|100\/100\n|turn|20\n|\n|t:|1700545488\n|move|p1a: Enamorus|Earth Power|p2a: Garchomp\n|-damage|p2a: Garchomp|35\/100\n|move|p2a: Garchomp|Dragon Tail|p1a: Enamorus\n|-immune|p1a: Enamorus\n|\n|upkeep\n|turn|21\n|\n|t:|1700545498\n|move|p1a: Enamorus|Earth Power|p2a: Garchomp\n|-damage|p2a: Garchomp|0 fnt\n|faint|p2a: Garchomp\n|\n|upkeep\n|\n|t:|1700545503\n|switch|p2a: Toxapex|Toxapex, M|44\/100\n|turn|22\n|-message|shittingondatoilet forfeited.\n|\n|win|OU noooob 1\n|raw|OU noooob 1's rating: 1000 &rarr; <strong>1045<\/strong><br \/>(+45 for winning)\n|raw|shittingondatoilet's rating: 1048 &rarr; <strong>1028<\/strong><br \/>(-20 for losing)\n|l|\u2606shittingondatoilet\n|c|\u2606OU noooob 1|gg\n","uploadtime":1700545517,"views":10,"p1id":"ounoooob1","p2id":"shittingondatoilet","formatid":"gen9ou","rating":1028,"private":0,"password":""}