{"id":"gen9ou-1991289548","p1":"FleetFoxxx","p2":"N-Zoroark stan","format":"[Gen 9] OU","log":"|j|\u2606FleetFoxxx\n|j|\u2606N-Zoroark stan\n|t:|1700064661\n|gametype|singles\n|player|p1|FleetFoxxx|102|1726\n|player|p2|N-Zoroark stan|riley|1881\n|teamsize|p1|6\n|teamsize|p2|6\n|gen|9\n|tier|[Gen 9] OU\n|rated|\n|rule|Sleep Clause Mod: Limit one foe put to sleep\n|rule|Species Clause: Limit one of each Pok\u00e9mon\n|rule|OHKO Clause: OHKO moves are banned\n|rule|Evasion Items Clause: Evasion items are banned\n|rule|Evasion Moves Clause: Evasion moves are banned\n|rule|Endless Battle Clause: Forcing endless battles is banned\n|rule|HP Percentage Mod: HP is shown in percentages\n|clearpoke\n|poke|p1|Rillaboom, F|\n|poke|p1|Sneasler, F|\n|poke|p1|Zamazenta-*|\n|poke|p1|Ting-Lu|\n|poke|p1|Hatterene, F|\n|poke|p1|Manaphy|\n|poke|p2|Zoroark-Hisui, F|\n|poke|p2|Corviknight, M|\n|poke|p2|Ogerpon-Wellspring, F|\n|poke|p2|Sandy Shocks|\n|poke|p2|Lokix, F|\n|poke|p2|Greninja-*, F|\n|teampreview\n|inactive|Battle timer is ON: inactive players will automatically lose when time's up. (requested by N-Zoroark stan)\n|c|\u2606N-Zoroark stan|glhf\n|j| Ghosty187\n|inactive|N-Zoroark stan has 120 seconds left.\n|\n|t:|1700064698\n|start\n|switch|p1a: Ting-Lu|Ting-Lu|100\/100\n|switch|p2a: Lokix|Lokix, F|100\/100\n|-ability|p1a: Ting-Lu|Vessel of Ruin\n|turn|1\n|\n|t:|1700064705\n|switch|p1a: Zamazenta|Zamazenta|100\/100\n|-ability|p1a: Zamazenta|Dauntless Shield|boost\n|-boost|p1a: Zamazenta|def|1\n|move|p2a: Lokix|Knock Off|p1a: Zamazenta\n|-resisted|p1a: Zamazenta\n|-damage|p1a: Zamazenta|68\/100\n|-enditem|p1a: Zamazenta|Leftovers|[from] move: Knock Off|[of] p2a: Lokix\n|\n|upkeep\n|turn|2\n|\n|t:|1700064711\n|switch|p2a: Corviknight|Corviknight, M|100\/100\n|-ability|p2a: Corviknight|Pressure\n|move|p1a: Zamazenta|Body Press|p2a: Corviknight\n|-damage|p2a: Corviknight|63\/100\n|-damage|p1a: Zamazenta|52\/100|[from] item: Rocky Helmet|[of] p2a: Corviknight\n|\n|upkeep\n|turn|3\n|\n|t:|1700064715\n|move|p1a: Zamazenta|Iron Defense|p1a: Zamazenta\n|-boost|p1a: Zamazenta|def|2\n|move|p2a: Corviknight|Roost|p2a: Corviknight\n|-heal|p2a: Corviknight|100\/100\n|-singleturn|p2a: Corviknight|move: Roost\n|\n|upkeep\n|turn|4\n|\n|t:|1700064722\n|move|p1a: Zamazenta|Crunch|p2a: Corviknight\n|-damage|p2a: Corviknight|86\/100\n|-unboost|p2a: Corviknight|def|1\n|-damage|p1a: Zamazenta|35\/100|[from] item: Rocky Helmet|[of] p2a: Corviknight\n|move|p2a: Corviknight|U-turn|p1a: Zamazenta\n|-resisted|p1a: Zamazenta\n|-damage|p1a: Zamazenta|33\/100\n|\n|t:|1700064750\n|switch|p2a: Greninja|Greninja, F|100\/100|[from] U-turn\n|\n|upkeep\n|turn|5\n|\n|t:|1700064753\n|move|p2a: Greninja|Hydro Pump|p1a: Zamazenta|[miss]\n|-start|p2a: Greninja|typechange|Water|[from] ability: Protean\n|-miss|p2a: Greninja|p1a: Zamazenta\n|move|p1a: Zamazenta|Body Press|p2a: Greninja\n|-damage|p2a: Greninja|0 fnt\n|faint|p2a: Greninja\n|\n|upkeep\n|\n|t:|1700064765\n|switch|p2a: Corviknight|Corviknight, M|86\/100\n|-ability|p2a: Corviknight|Pressure\n|turn|6\n|\n|t:|1700064772\n|move|p1a: Zamazenta|Iron Defense|p1a: Zamazenta\n|-boost|p1a: Zamazenta|def|2\n|move|p2a: Corviknight|Roost|p2a: Corviknight\n|-heal|p2a: Corviknight|100\/100\n|-singleturn|p2a: Corviknight|move: Roost\n|\n|upkeep\n|turn|7\n|\n|t:|1700064776\n|move|p1a: Zamazenta|Body Press|p2a: Corviknight\n|-damage|p2a: Corviknight|21\/100\n|-damage|p1a: Zamazenta|16\/100|[from] item: Rocky Helmet|[of] p2a: Corviknight\n|move|p2a: Corviknight|Body Press|p1a: Zamazenta\n|-damage|p1a: Zamazenta|11\/100\n|\n|upkeep\n|turn|8\n|\n|t:|1700064784\n|move|p1a: Zamazenta|Body Press|p2a: Corviknight\n|-damage|p2a: Corviknight|0 fnt\n|-damage|p1a: Zamazenta|0 fnt|[from] item: Rocky Helmet|[of] p2a: Corviknight\n|faint|p2a: Corviknight\n|faint|p1a: Zamazenta\n|\n|upkeep\n|\n|t:|1700064791\n|switch|p1a: Manaphy|Manaphy|100\/100\n|switch|p2a: Lokix|Lokix, F|100\/100\n|turn|9\n|\n|t:|1700064795\n|move|p1a: Manaphy|Acid Armor|p1a: Manaphy\n|-boost|p1a: Manaphy|def|2\n|move|p2a: Lokix|U-turn|p1a: Manaphy\n|-damage|p1a: Manaphy|82\/100\n|\n|t:|1700064798\n|switch|p2a: Ogerpon|Ogerpon-Wellspring, F|100\/100|[from] U-turn\n|\n|-heal|p1a: Manaphy|88\/100|[from] item: Leftovers\n|upkeep\n|turn|10\n|\n|t:|1700064802\n|-terastallize|p1a: Manaphy|Poison\n|move|p2a: Ogerpon|Encore|p1a: Manaphy\n|-start|p1a: Manaphy|Encore\n|move|p1a: Manaphy|Acid Armor|p1a: Manaphy\n|-boost|p1a: Manaphy|def|2\n|\n|-heal|p1a: Manaphy|94\/100|[from] item: Leftovers\n|upkeep\n|turn|11\n|\n|t:|1700064806\n|switch|p1a: Rillaboom|Rillaboom, F|100\/100\n|-fieldstart|move: Grassy Terrain|[from] ability: Grassy Surge|[of] p1a: Rillaboom\n|move|p2a: Ogerpon|U-turn|p1a: Rillaboom\n|-supereffective|p1a: Rillaboom\n|-damage|p1a: Rillaboom|40\/100\n|\n|t:|1700064809\n|switch|p2a: Lokix|Lokix, F|100\/100|[from] U-turn\n|\n|-heal|p1a: Rillaboom|46\/100|[from] Grassy Terrain\n|upkeep\n|turn|12\n|\n|t:|1700064811\n|switch|p1a: Manaphy|Manaphy, tera:Poison|94\/100\n|move|p2a: Lokix|U-turn|p1a: Manaphy\n|-resisted|p1a: Manaphy\n|-damage|p1a: Manaphy|57\/100\n|\n|t:|1700064813\n|switch|p2a: Sandy Shocks|Sandy Shocks|100\/100|[from] U-turn\n|\n|-heal|p1a: Manaphy|63\/100|[from] Grassy Terrain\n|-heal|p1a: Manaphy|70\/100|[from] item: Leftovers\n|upkeep\n|turn|13\n|\n|t:|1700064817\n|switch|p1a: Ting-Lu|Ting-Lu|100\/100\n|-ability|p1a: Ting-Lu|Vessel of Ruin\n|move|p2a: Sandy Shocks|Earth Power|p1a: Ting-Lu\n|-damage|p1a: Ting-Lu|82\/100\n|-unboost|p1a: Ting-Lu|spd|1\n|\n|-heal|p1a: Ting-Lu|88\/100|[from] Grassy Terrain\n|-heal|p1a: Ting-Lu|95\/100|[from] item: Leftovers\n|upkeep\n|turn|14\n|\n|t:|1700064825\n|-end|p2a: Sandy Shocks|Protosynthesis|[silent]\n|switch|p2a: Ogerpon|Ogerpon-Wellspring, F|100\/100\n|move|p1a: Ting-Lu|Ruination|p2a: Ogerpon\n|-damage|p2a: Ogerpon|51\/100\n|\n|-heal|p2a: Ogerpon|57\/100|[from] Grassy Terrain\n|-heal|p1a: Ting-Lu|100\/100|[from] Grassy Terrain\n|upkeep\n|turn|15\n|\n|t:|1700064832\n|move|p2a: Ogerpon|Horn Leech|p1a: Ting-Lu\n|-supereffective|p1a: Ting-Lu\n|-damage|p1a: Ting-Lu|37\/100\n|-heal|p2a: Ogerpon|100\/100|[from] drain|[of] p1a: Ting-Lu\n|move|p1a: Ting-Lu|Whirlwind|p2a: Ogerpon\n|drag|p2a: Sandy Shocks|Sandy Shocks|100\/100\n|\n|-heal|p1a: Ting-Lu|44\/100|[from] Grassy Terrain\n|-heal|p1a: Ting-Lu|50\/100|[from] item: Leftovers\n|-fieldend|move: Grassy Terrain\n|upkeep\n|turn|16\n|\n|t:|1700064837\n|move|p2a: Sandy Shocks|Grass Knot|p1a: Ting-Lu\n|-supereffective|p1a: Ting-Lu\n|-damage|p1a: Ting-Lu|2\/100\n|move|p1a: Ting-Lu|Earthquake|p2a: Sandy Shocks\n|-damage|p2a: Sandy Shocks|21\/100\n|replace|p2a: Zoroark|Zoroark-Hisui, F, shiny\n|-end|p2a: Zoroark|Illusion\n|\n|-heal|p1a: Ting-Lu|8\/100|[from] item: Leftovers\n|upkeep\n|turn|17\n|\n|t:|1700064845\n|switch|p1a: Rillaboom|Rillaboom, F|46\/100\n|-fieldstart|move: Grassy Terrain|[from] ability: Grassy Surge|[of] p1a: Rillaboom\n|move|p2a: Zoroark|U-turn|p1a: Rillaboom\n|-supereffective|p1a: Rillaboom\n|-damage|p1a: Rillaboom|16\/100\n|\n|t:|1700064847\n|switch|p2a: Lokix|Lokix, F|100\/100|[from] U-turn\n|\n|-heal|p1a: Rillaboom|22\/100|[from] Grassy Terrain\n|upkeep\n|turn|18\n|\n|t:|1700064851\n|switch|p1a: Ting-Lu|Ting-Lu|8\/100\n|-ability|p1a: Ting-Lu|Vessel of Ruin\n|move|p2a: Lokix|U-turn|p1a: Ting-Lu\n|-supereffective|p1a: Ting-Lu\n|-crit|p1a: Ting-Lu\n|-damage|p1a: Ting-Lu|0 fnt\n|faint|p1a: Ting-Lu\n|\n|t:|1700064856\n|switch|p2a: Ogerpon|Ogerpon-Wellspring, F|100\/100|[from] U-turn\n|\n|upkeep\n|\n|t:|1700064870\n|switch|p1a: Sneasler|Sneasler, F|100\/100\n|-enditem|p1a: Sneasler|Grassy Seed\n|-boost|p1a: Sneasler|def|1|[from] item: Grassy Seed\n|turn|19\n|\n|t:|1700064877\n|move|p1a: Sneasler|Dire Claw|p2a: Ogerpon\n|-supereffective|p2a: Ogerpon\n|-damage|p2a: Ogerpon|0 fnt\n|faint|p2a: Ogerpon\n|\n|upkeep\n|\n|t:|1700064880\n|switch|p2a: Sandy Shocks|Sandy Shocks|100\/100\n|turn|20\n|\n|t:|1700064901\n|switch|p1a: Hatterene|Hatterene, F|100\/100\n|-enditem|p1a: Hatterene|Grassy Seed\n|-boost|p1a: Hatterene|def|1|[from] item: Grassy Seed\n|move|p2a: Sandy Shocks|Earth Power|p1a: Hatterene\n|-damage|p1a: Hatterene|52\/100\n|\n|-heal|p1a: Hatterene|58\/100|[from] Grassy Terrain\n|upkeep\n|turn|21\n|\n|t:|1700064906\n|move|p2a: Sandy Shocks|Earth Power|p1a: Hatterene\n|-damage|p1a: Hatterene|8\/100\n|move|p1a: Hatterene|Draining Kiss|p2a: Sandy Shocks\n|-damage|p2a: Sandy Shocks|71\/100\n|-heal|p1a: Hatterene|30\/100|[from] drain|[of] p2a: Sandy Shocks\n|\n|-heal|p2a: Sandy Shocks|77\/100|[from] Grassy Terrain\n|-heal|p1a: Hatterene|36\/100|[from] Grassy Terrain\n|-fieldend|move: Grassy Terrain\n|upkeep\n|turn|22\n|\n|t:|1700064929\n|move|p2a: Sandy Shocks|Earth Power|p1a: Hatterene\n|-damage|p1a: Hatterene|0 fnt\n|faint|p1a: Hatterene\n|\n|upkeep\n|\n|t:|1700064932\n|switch|p1a: Rillaboom|Rillaboom, F|22\/100\n|-fieldstart|move: Grassy Terrain|[from] ability: Grassy Surge|[of] p1a: Rillaboom\n|turn|23\n|\n|t:|1700064935\n|-end|p2a: Sandy Shocks|Protosynthesis|[silent]\n|switch|p2a: Lokix|Lokix, F|100\/100\n|move|p1a: Rillaboom|Grassy Glide|p2a: Lokix\n|-resisted|p2a: Lokix\n|-damage|p2a: Lokix|52\/100\n|\n|-heal|p2a: Lokix|58\/100|[from] Grassy Terrain\n|-heal|p1a: Rillaboom|28\/100|[from] Grassy Terrain\n|upkeep\n|turn|24\n|\n|t:|1700064959\n|switch|p1a: Sneasler|Sneasler, F|100\/100\n|move|p2a: Lokix|U-turn|p1a: Sneasler\n|-resisted|p1a: Sneasler\n|-damage|p1a: Sneasler|65\/100\n|\n|t:|1700064962\n|switch|p2a: Sandy Shocks|Sandy Shocks|77\/100|[from] U-turn\n|\n|-heal|p2a: Sandy Shocks|83\/100|[from] Grassy Terrain\n|-heal|p1a: Sneasler|71\/100|[from] Grassy Terrain\n|upkeep\n|turn|25\n|\n|t:|1700064967\n|move|p2a: Sandy Shocks|Earth Power|p1a: Sneasler\n|-supereffective|p1a: Sneasler\n|-damage|p1a: Sneasler|0 fnt\n|faint|p1a: Sneasler\n|\n|-heal|p2a: Sandy Shocks|89\/100|[from] Grassy Terrain\n|upkeep\n|\n|t:|1700064971\n|switch|p1a: Rillaboom|Rillaboom, F|28\/100\n|turn|26\n|\n|t:|1700064973\n|-terastallize|p2a: Sandy Shocks|Ice\n|move|p1a: Rillaboom|Grassy Glide|p2a: Sandy Shocks\n|-damage|p2a: Sandy Shocks|25\/100\n|move|p2a: Sandy Shocks|Tera Blast|p1a: Rillaboom|[anim] Tera Blast Ice\n|-supereffective|p1a: Rillaboom\n|-damage|p1a: Rillaboom|0 fnt\n|faint|p1a: Rillaboom\n|\n|-heal|p2a: Sandy Shocks|31\/100|[from] Grassy Terrain\n|upkeep\n|\n|t:|1700064975\n|switch|p1a: Manaphy|Manaphy, tera:Poison|70\/100\n|turn|27\n|\n|t:|1700064981\n|move|p2a: Sandy Shocks|Earth Power|p1a: Manaphy\n|-supereffective|p1a: Manaphy\n|-damage|p1a: Manaphy|0 fnt\n|faint|p1a: Manaphy\n|\n|win|N-Zoroark stan\n|raw|FleetFoxxx's rating: 1726 &rarr; <strong>1714<\/strong><br \/>(-12 for losing)\n|raw|N-Zoroark stan's rating: 1881 &rarr; <strong>1893<\/strong><br \/>(+12 for winning)\n|l|\u2606FleetFoxxx\n|c|\u2606N-Zoroark stan|ggwp\n","uploadtime":1700065005,"views":31,"p1id":"fleetfoxxx","p2id":"nzoroarkstan","formatid":"gen9ou","rating":1714,"private":0,"password":""}