{"id":"gen9ou-2000069526","p1":"ClemWer","p2":"DrSliced","format":"[Gen 9] OU","log":"|j|\u2606ClemWer\n|j|\u2606DrSliced\n|t:|1701149213\n|gametype|singles\n|player|p1|ClemWer|266|1566\n|player|p2|DrSliced|n-masters|1547\n|teamsize|p1|6\n|teamsize|p2|6\n|gen|9\n|tier|[Gen 9] OU\n|rated|\n|rule|Sleep Clause Mod: Limit one foe put to sleep\n|rule|Species Clause: Limit one of each Pok\u00e9mon\n|rule|OHKO Clause: OHKO moves are banned\n|rule|Evasion Items Clause: Evasion items are banned\n|rule|Evasion Moves Clause: Evasion moves are banned\n|rule|Endless Battle Clause: Forcing endless battles is banned\n|rule|HP Percentage Mod: HP is shown in percentages\n|clearpoke\n|poke|p1|Cresselia, F|\n|poke|p1|Hatterene, F|\n|poke|p1|Slowking, M|\n|poke|p1|Enamorus-Therian, F|\n|poke|p1|Ursaluna, M|\n|poke|p1|Kingambit, M|\n|poke|p2|Decidueye-Hisui, F|\n|poke|p2|Slowking-Galar, M|\n|poke|p2|Heatran, M|\n|poke|p2|Zapdos|\n|poke|p2|Great Tusk|\n|poke|p2|Cinderace, M|\n|teampreview\n|\n|t:|1701149225\n|start\n|switch|p1a: Cresselia|Cresselia, F|100\/100\n|switch|p2a: Heatran|Heatran, M|100\/100\n|turn|1\n|inactive|Battle timer is ON: inactive players will automatically lose when time's up. (requested by ClemWer)\n|\n|t:|1701149230\n|move|p2a: Heatran|Magma Storm|p1a: Cresselia\n|-damage|p1a: Cresselia|76\/100\n|-activate|p1a: Cresselia|move: Magma Storm|[of] p2a: Heatran\n|move|p1a: Cresselia|Trick Room|p1a: Cresselia\n|-fieldstart|move: Trick Room|[of] p1a: Cresselia\n|\n|-damage|p1a: Cresselia|64\/100|[from] move: Magma Storm|[partiallytrapped]\n|upkeep\n|turn|2\n|\n|t:|1701149240\n|move|p1a: Cresselia|Lunar Dance|p1a: Cresselia\n|faint|p1a: Cresselia\n|move|p2a: Heatran|Taunt|p1: Cresselia|[notarget]\n|-fail|p2a: Heatran\n|\n|upkeep\n|\n|t:|1701149244\n|switch|p1a: Ursaluna|Ursaluna, M|100\/100\n|turn|3\n|\n|t:|1701149273\n|-terastallize|p2a: Heatran|Grass\n|move|p1a: Ursaluna|Facade|p2a: Heatran\n|-damage|p2a: Heatran|68\/100\n|move|p2a: Heatran|Magma Storm|p1a: Ursaluna\n|-crit|p1a: Ursaluna\n|-damage|p1a: Ursaluna|47\/100\n|-activate|p1a: Ursaluna|move: Magma Storm|[of] p2a: Heatran\n|\n|-heal|p2a: Heatran|74\/100|[from] item: Leftovers\n|-damage|p1a: Ursaluna|35\/100|[from] move: Magma Storm|[partiallytrapped]\n|-status|p1a: Ursaluna|brn|[from] item: Flame Orb\n|upkeep\n|turn|4\n|\n|t:|1701149286\n|move|p1a: Ursaluna|Facade|p2a: Heatran\n|-damage|p2a: Heatran|0 fnt\n|faint|p2a: Heatran\n|\n|-damage|p1a: Ursaluna|29\/100 brn|[from] brn\n|-end|p1a: Ursaluna|Magma Storm|[partiallytrapped]|[silent]\n|upkeep\n|inactive|DrSliced has 120 seconds left.\n|\n|t:|1701149308\n|switch|p2a: Great Tusk|Great Tusk|100\/100\n|-enditem|p2a: Great Tusk|Booster Energy\n|-activate|p2a: Great Tusk|ability: Protosynthesis|[fromitem]\n|-start|p2a: Great Tusk|protosynthesisspe\n|turn|5\n|\n|t:|1701149311\n|move|p1a: Ursaluna|Facade|p2a: Great Tusk\n|-damage|p2a: Great Tusk|20\/100\n|move|p2a: Great Tusk|Bulk Up|p2a: Great Tusk\n|-boost|p2a: Great Tusk|atk|1\n|-boost|p2a: Great Tusk|def|1\n|\n|-damage|p1a: Ursaluna|23\/100 brn|[from] brn\n|-fieldend|move: Trick Room\n|upkeep\n|turn|6\n|inactive|DrSliced has 120 seconds left.\n|\n|t:|1701149322\n|switch|p1a: Slowking|Slowking, M|100\/100\n|move|p2a: Great Tusk|Knock Off|p1a: Slowking\n|-supereffective|p1a: Slowking\n|-enditem|p1a: Slowking|Colbur Berry|[eat]\n|-enditem|p1a: Slowking|Colbur Berry|[weaken]\n|-damage|p1a: Slowking|53\/100\n|\n|upkeep\n|turn|7\n|\n|t:|1701149328\n|move|p2a: Great Tusk|Headlong Rush|p1a: Slowking\n|-damage|p1a: Slowking|0 fnt\n|-unboost|p2a: Great Tusk|def|1\n|-unboost|p2a: Great Tusk|spd|1\n|faint|p1a: Slowking\n|\n|upkeep\n|\n|t:|1701149332\n|switch|p1a: Ursaluna|Ursaluna, M|23\/100 brn\n|-heal|p1a: Ursaluna|100\/100|[from] move: Lunar Dance\n|turn|8\n|\n|t:|1701149338\n|move|p2a: Great Tusk|Knock Off|p1a: Ursaluna\n|-damage|p1a: Ursaluna|69\/100\n|-enditem|p1a: Ursaluna|Flame Orb|[from] move: Knock Off|[of] p2a: Great Tusk\n|move|p1a: Ursaluna|Earthquake|p2a: Great Tusk\n|-damage|p2a: Great Tusk|0 fnt\n|faint|p2a: Great Tusk\n|-end|p2a: Great Tusk|Protosynthesis|[silent]\n|\n|upkeep\n|\n|t:|1701149345\n|switch|p2a: Decidueye|Decidueye-Hisui, F|100\/100\n|turn|9\n|\n|t:|1701149354\n|move|p2a: Decidueye|Triple Arrows|p1a: Ursaluna\n|-supereffective|p1a: Ursaluna\n|-crit|p1a: Ursaluna\n|-damage|p1a: Ursaluna|0 fnt\n|faint|p1a: Ursaluna\n|\n|upkeep\n|\n|t:|1701149363\n|switch|p1a: Hatterene|Hatterene, F|100\/100\n|turn|10\n|\n|t:|1701149386\n|move|p2a: Decidueye|Knock Off|p1a: Hatterene\n|-damage|p1a: Hatterene|65\/100\n|-enditem|p1a: Hatterene|Focus Sash|[from] move: Knock Off|[of] p2a: Decidueye\n|move|p1a: Hatterene|Trick Room|p1a: Hatterene\n|-fieldstart|move: Trick Room|[of] p1a: Hatterene\n|\n|upkeep\n|turn|11\n|\n|t:|1701149400\n|switch|p2a: Slowking|Slowking-Galar, M|100\/100\n|move|p1a: Hatterene|Healing Wish|p1a: Hatterene\n|faint|p1a: Hatterene\n|\n|upkeep\n|\n|t:|1701149403\n|switch|p1a: Enamorus|Enamorus-Therian, F|100\/100\n|turn|12\n|\n|t:|1701149411\n|move|p2a: Slowking|Thunder Wave|p1a: Enamorus\n|-status|p1a: Enamorus|par\n|move|p1a: Enamorus|Earth Power|p2a: Slowking\n|-supereffective|p2a: Slowking\n|-damage|p2a: Slowking|40\/100\n|-damage|p1a: Enamorus|91\/100 par|[from] item: Life Orb\n|\n|upkeep\n|turn|13\n|\n|t:|1701149440\n|switch|p2a: Zapdos|Zapdos|100\/100\n|move|p1a: Enamorus|Moonblast|p2a: Zapdos\n|-damage|p2a: Zapdos|10\/100\n|-unboost|p2a: Zapdos|spa|1\n|-damage|p1a: Enamorus|81\/100 par|[from] item: Life Orb\n|\n|upkeep\n|turn|14\n|\n|t:|1701149450\n|switch|p2a: Slowking|Slowking-Galar, M|73\/100\n|move|p1a: Enamorus|Sludge Bomb|p2a: Slowking\n|-resisted|p2a: Slowking\n|-damage|p2a: Slowking|60\/100\n|-damage|p1a: Enamorus|71\/100 par|[from] item: Life Orb\n|\n|-fieldend|move: Trick Room\n|upkeep\n|turn|15\n|\n|t:|1701149455\n|move|p2a: Slowking|Sludge Bomb|p1a: Enamorus\n|-supereffective|p1a: Enamorus\n|-damage|p1a: Enamorus|4\/100 par\n|move|p1a: Enamorus|Earth Power|p2a: Slowking\n|-supereffective|p2a: Slowking\n|-damage|p2a: Slowking|2\/100\n|-damage|p1a: Enamorus|0 fnt|[from] item: Life Orb\n|faint|p1a: Enamorus\n|\n|upkeep\n|\n|t:|1701149461\n|switch|p1a: Kingambit|Kingambit, M|100\/100\n|-activate|p1a: Kingambit|ability: Supreme Overlord\n|-start|p1a: Kingambit|fallen5|[silent]\n|turn|16\n|\n|t:|1701149466\n|-terastallize|p1a: Kingambit|Dark\n|move|p1a: Kingambit|Kowtow Cleave|p2a: Slowking\n|-supereffective|p2a: Slowking\n|-damage|p2a: Slowking|0 fnt\n|faint|p2a: Slowking\n|-damage|p1a: Kingambit|91\/100|[from] item: Life Orb\n|\n|upkeep\n|\n|t:|1701149474\n|switch|p2a: Zapdos|Zapdos|10\/100\n|turn|17\n|\n|t:|1701149477\n|move|p2a: Zapdos|Thunderbolt|p1a: Kingambit\n|-damage|p1a: Kingambit|50\/100\n|move|p1a: Kingambit|Kowtow Cleave|p2a: Zapdos\n|-damage|p2a: Zapdos|0 fnt\n|faint|p2a: Zapdos\n|-damage|p1a: Kingambit|40\/100|[from] item: Life Orb\n|\n|upkeep\n|\n|t:|1701149497\n|switch|p2a: Cinderace|Cinderace, M|100\/100\n|turn|18\n|\n|t:|1701149500\n|move|p2a: Cinderace|Sucker Punch|p1a: Kingambit\n|-start|p2a: Cinderace|typechange|Dark|[from] ability: Libero\n|-resisted|p1a: Kingambit\n|-damage|p1a: Kingambit|27\/100\n|move|p1a: Kingambit|Sucker Punch||[still]\n|-fail|p1a: Kingambit\n|\n|upkeep\n|turn|19\n|\n|t:|1701149510\n|move|p2a: Cinderace|Double-Edge|p1a: Kingambit\n|-damage|p1a: Kingambit|1\/100\n|-damage|p2a: Cinderace|89\/100|[from] Recoil\n|move|p1a: Kingambit|Kowtow Cleave|p2a: Cinderace\n|-resisted|p2a: Cinderace\n|-damage|p2a: Cinderace|0 fnt\n|faint|p2a: Cinderace\n|-damage|p1a: Kingambit|0 fnt|[from] item: Life Orb\n|faint|p1a: Kingambit\n|-end|p1a: Kingambit|fallen5|[silent]\n|\n|win|DrSliced\n|raw|ClemWer's rating: 1566 &rarr; <strong>1545<\/strong><br \/>(-21 for losing)\n|raw|DrSliced's rating: 1547 &rarr; <strong>1568<\/strong><br \/>(+21 for winning)\n|l|\u2606ClemWer\n","uploadtime":1701149520,"views":26,"p1id":"clemwer","p2id":"drsliced","formatid":"gen9ou","rating":1545,"private":0,"password":""}