{"id":"gen9ou-1994991805","p1":"Username momento","p2":"xyz1996","format":"[Gen 9] OU","log":"|j|\u2606Username momento\n|j|\u2606xyz1996\n|t:|1700511250\n|gametype|singles\n|player|p1|Username momento|ninjaboy|1653\n|player|p2|xyz1996|170|1715\n|teamsize|p1|6\n|teamsize|p2|6\n|gen|9\n|tier|[Gen 9] OU\n|rated|\n|rule|Sleep Clause Mod: Limit one foe put to sleep\n|rule|Species Clause: Limit one of each Pok\u00e9mon\n|rule|OHKO Clause: OHKO moves are banned\n|rule|Evasion Items Clause: Evasion items are banned\n|rule|Evasion Moves Clause: Evasion moves are banned\n|rule|Endless Battle Clause: Forcing endless battles is banned\n|rule|HP Percentage Mod: HP is shown in percentages\n|clearpoke\n|poke|p1|Meowscarada, F|\n|poke|p1|Kingambit, M|\n|poke|p1|Zapdos|\n|poke|p1|Zamazenta-*|\n|poke|p1|Great Tusk|\n|poke|p1|Iron Moth|\n|poke|p2|Hawlucha, M|\n|poke|p2|Dragapult, M|\n|poke|p2|Toxapex, M|\n|poke|p2|Zamazenta-*|\n|poke|p2|Dondozo, F|\n|poke|p2|Tornadus-Therian, M|\n|teampreview\n|inactive|Battle timer is ON: inactive players will automatically lose when time's up. (requested by xyz1996)\n|j| BrothaOptions\n|\n|t:|1700511260\n|start\n|switch|p1a: Zapdos|Zapdos|100\/100\n|switch|p2a: Hawlucha|Hawlucha, M, shiny|100\/100\n|-ability|p2a: Hawlucha|Mold Breaker\n|turn|1\n|\n|t:|1700511270\n|switch|p2a: Toxapex|Toxapex, M, shiny|100\/100\n|move|p1a: Zapdos|Volt Switch|p2a: Toxapex\n|-supereffective|p2a: Toxapex\n|-damage|p2a: Toxapex|63\/100\n|\n|t:|1700511277\n|switch|p1a: Kingambit|Kingambit, M|100\/100|[from] Volt Switch\n|\n|-heal|p2a: Toxapex|69\/100|[from] item: Leftovers\n|upkeep\n|turn|2\n|\n|t:|1700511289\n|switch|p2a: Hawlucha|Hawlucha, M, shiny|100\/100\n|-ability|p2a: Hawlucha|Mold Breaker\n|move|p1a: Kingambit|Kowtow Cleave|p2a: Hawlucha\n|-resisted|p2a: Hawlucha\n|-damage|p2a: Hawlucha|82\/100\n|\n|-heal|p2a: Hawlucha|88\/100|[from] item: Leftovers\n|upkeep\n|turn|3\n|\n|t:|1700511297\n|-end|p1a: Kingambit|fallenundefined|[silent]\n|switch|p1a: Zapdos|Zapdos|100\/100\n|move|p2a: Hawlucha|U-turn|p1a: Zapdos\n|-resisted|p1a: Zapdos\n|-damage|p1a: Zapdos|95\/100\n|\n|t:|1700511300\n|switch|p2a: Tornadus|Tornadus-Therian, M, shiny|100\/100|[from] U-turn\n|\n|-heal|p1a: Zapdos|100\/100|[from] item: Leftovers\n|upkeep\n|turn|4\n|\n|t:|1700511307\n|-terastallize|p2a: Tornadus|Ground\n|move|p2a: Tornadus|Nasty Plot|p2a: Tornadus\n|-boost|p2a: Tornadus|spa|2\n|move|p1a: Zapdos|Discharge|p2a: Tornadus\n|-immune|p2a: Tornadus\n|\n|upkeep\n|turn|5\n|\n|t:|1700511314\n|move|p2a: Tornadus|Heat Wave|p1a: Zapdos\n|-damage|p1a: Zapdos|56\/100\n|move|p1a: Zapdos|Hurricane|p2a: Tornadus\n|-damage|p2a: Tornadus|69\/100\n|-start|p2a: Tornadus|confusion\n|\n|-heal|p2a: Tornadus|75\/100|[from] item: Leftovers\n|-heal|p1a: Zapdos|62\/100|[from] item: Leftovers\n|upkeep\n|turn|6\n|\n|t:|1700511326\n|switch|p1a: Iron Moth|Iron Moth|100\/100\n|-enditem|p1a: Iron Moth|Booster Energy\n|-activate|p1a: Iron Moth|ability: Quark Drive|[fromitem]\n|-start|p1a: Iron Moth|quarkdrivespe\n|-activate|p2a: Tornadus|confusion\n|move|p2a: Tornadus|Heat Wave|p1a: Iron Moth\n|-resisted|p1a: Iron Moth\n|-damage|p1a: Iron Moth|78\/100\n|\n|-heal|p2a: Tornadus|81\/100|[from] item: Leftovers\n|upkeep\n|turn|7\n|\n|t:|1700511338\n|move|p1a: Iron Moth|Fiery Dance|p2a: Tornadus\n|-damage|p2a: Tornadus|50\/100\n|-boost|p1a: Iron Moth|spa|1\n|-activate|p2a: Tornadus|confusion\n|move|p2a: Tornadus|Bleakwind Storm|p1a: Iron Moth\n|-damage|p1a: Iron Moth|1\/100\n|\n|-heal|p2a: Tornadus|56\/100|[from] item: Leftovers\n|upkeep\n|turn|8\n|\n|t:|1700511360\n|move|p1a: Iron Moth|Fiery Dance|p2a: Tornadus\n|-damage|p2a: Tornadus|8\/100\n|-activate|p2a: Tornadus|confusion\n|-damage|p2a: Tornadus|0 fnt|[from] confusion\n|faint|p2a: Tornadus\n|\n|upkeep\n|\n|t:|1700511373\n|switch|p2a: Toxapex|Toxapex, M, shiny|100\/100\n|turn|9\n|c|\u2606xyz1996|unreal\n|\n|t:|1700511392\n|move|p1a: Iron Moth|Sludge Wave|p2a: Toxapex\n|-resisted|p2a: Toxapex\n|-damage|p2a: Toxapex|78\/100\n|move|p2a: Toxapex|Surf|p1a: Iron Moth\n|-supereffective|p1a: Iron Moth\n|-damage|p1a: Iron Moth|0 fnt\n|faint|p1a: Iron Moth\n|-end|p1a: Iron Moth|Quark Drive|[silent]\n|\n|-heal|p2a: Toxapex|85\/100|[from] item: Leftovers\n|upkeep\n|\n|t:|1700511401\n|switch|p1a: Zapdos|Zapdos|62\/100\n|turn|10\n|\n|t:|1700511404\n|move|p1a: Zapdos|Volt Switch|p2a: Toxapex\n|-supereffective|p2a: Toxapex\n|-damage|p2a: Toxapex|50\/100\n|\n|t:|1700511409\n|switch|p1a: Kingambit|Kingambit, M|100\/100|[from] Volt Switch\n|-activate|p1a: Kingambit|ability: Supreme Overlord\n|-start|p1a: Kingambit|fallen1|[silent]\n|move|p2a: Toxapex|Toxic Spikes|p1a: Kingambit\n|-sidestart|p1: Username momento|move: Toxic Spikes\n|\n|-heal|p2a: Toxapex|57\/100|[from] item: Leftovers\n|upkeep\n|turn|11\n|\n|t:|1700511425\n|switch|p2a: Hawlucha|Hawlucha, M, shiny|88\/100\n|-ability|p2a: Hawlucha|Mold Breaker\n|move|p1a: Kingambit|Iron Head|p2a: Hawlucha\n|-damage|p2a: Hawlucha|42\/100\n|\n|-heal|p2a: Hawlucha|48\/100|[from] item: Leftovers\n|upkeep\n|turn|12\n|\n|t:|1700511440\n|-terastallize|p1a: Kingambit|Flying\n|move|p2a: Hawlucha|U-turn|p1a: Kingambit\n|-resisted|p1a: Kingambit\n|-damage|p1a: Kingambit|95\/100\n|\n|t:|1700511451\n|switch|p2a: Toxapex|Toxapex, M, shiny|90\/100|[from] U-turn\n|move|p1a: Kingambit|Swords Dance|p1a: Kingambit\n|-boost|p1a: Kingambit|atk|2\n|\n|-heal|p1a: Kingambit|100\/100|[from] item: Leftovers\n|-heal|p2a: Toxapex|96\/100|[from] item: Leftovers\n|upkeep\n|turn|13\n|\n|t:|1700511457\n|move|p1a: Kingambit|Kowtow Cleave|p2a: Toxapex\n|-damage|p2a: Toxapex|14\/100\n|move|p2a: Toxapex|Toxic|p1a: Kingambit\n|-status|p1a: Kingambit|tox\n|\n|-heal|p2a: Toxapex|21\/100|[from] item: Leftovers\n|-damage|p1a: Kingambit|94\/100 tox|[from] psn\n|upkeep\n|turn|14\n|\n|t:|1700511463\n|switch|p2a: Dondozo|Dondozo, F, shiny|100\/100\n|move|p1a: Kingambit|Iron Head|p2a: Dondozo\n|-resisted|p2a: Dondozo\n|-damage|p2a: Dondozo|84\/100\n|\n|-heal|p1a: Kingambit|100\/100 tox|[from] item: Leftovers\n|-damage|p1a: Kingambit|88\/100 tox|[from] psn\n|upkeep\n|turn|15\n|\n|t:|1700511471\n|-end|p1a: Kingambit|fallen1|[silent]\n|switch|p1a: Great Tusk|Great Tusk|100\/100\n|-status|p1a: Great Tusk|psn\n|-enditem|p1a: Great Tusk|Booster Energy\n|-activate|p1a: Great Tusk|ability: Protosynthesis|[fromitem]\n|-start|p1a: Great Tusk|protosynthesisatk\n|move|p2a: Dondozo|Avalanche|p1a: Great Tusk\n|-supereffective|p1a: Great Tusk\n|-damage|p1a: Great Tusk|58\/100 psn\n|\n|-damage|p1a: Great Tusk|46\/100 psn|[from] psn\n|upkeep\n|turn|16\n|\n|t:|1700511474\n|switch|p2a: Hawlucha|Hawlucha, M, shiny|48\/100\n|-ability|p2a: Hawlucha|Mold Breaker\n|move|p1a: Great Tusk|Knock Off|p2a: Hawlucha\n|-resisted|p2a: Hawlucha\n|-damage|p2a: Hawlucha|29\/100\n|-enditem|p2a: Hawlucha|Leftovers|[from] move: Knock Off|[of] p1a: Great Tusk\n|\n|-damage|p1a: Great Tusk|33\/100 psn|[from] psn\n|upkeep\n|turn|17\n|j| Jeanmilapipe\n|\n|t:|1700511487\n|switch|p2a: Toxapex|Toxapex, M, shiny|54\/100\n|move|p1a: Great Tusk|Rapid Spin|p2a: Toxapex\n|-damage|p2a: Toxapex|35\/100\n|-boost|p1a: Great Tusk|spe|1\n|-sideend|p1: Username momento|Toxic Spikes|[from] move: Rapid Spin|[of] p1a: Great Tusk\n|\n|-heal|p2a: Toxapex|42\/100|[from] item: Leftovers\n|-damage|p1a: Great Tusk|21\/100 psn|[from] psn\n|upkeep\n|turn|18\n|\n|t:|1700511495\n|switch|p2a: Hawlucha|Hawlucha, M, shiny|29\/100\n|-ability|p2a: Hawlucha|Mold Breaker\n|move|p1a: Great Tusk|Earthquake|p2a: Hawlucha\n|-immune|p2a: Hawlucha\n|\n|-damage|p1a: Great Tusk|9\/100 psn|[from] psn\n|upkeep\n|turn|19\n|\n|t:|1700511506\n|move|p1a: Great Tusk|Earthquake|p2a: Hawlucha\n|-immune|p2a: Hawlucha\n|move|p2a: Hawlucha|Roost|p2a: Hawlucha\n|-heal|p2a: Hawlucha|79\/100\n|-singleturn|p2a: Hawlucha|move: Roost\n|\n|-damage|p1a: Great Tusk|0 fnt|[from] psn\n|faint|p1a: Great Tusk\n|-end|p1a: Great Tusk|Protosynthesis|[silent]\n|upkeep\n|\n|t:|1700511518\n|switch|p1a: Zapdos|Zapdos|62\/100\n|turn|20\n|\n|t:|1700511524\n|switch|p2a: Toxapex|Toxapex, M, shiny|75\/100\n|move|p1a: Zapdos|Discharge|p2a: Toxapex\n|-supereffective|p2a: Toxapex\n|-damage|p2a: Toxapex|29\/100\n|\n|-heal|p1a: Zapdos|68\/100|[from] item: Leftovers\n|-heal|p2a: Toxapex|35\/100|[from] item: Leftovers\n|upkeep\n|turn|21\n|\n|t:|1700511532\n|switch|p2a: Dragapult|Dragapult, M, shiny|100\/100\n|move|p1a: Zapdos|Discharge|p2a: Dragapult\n|-resisted|p2a: Dragapult\n|-damage|p2a: Dragapult|78\/100\n|\n|-heal|p1a: Zapdos|75\/100|[from] item: Leftovers\n|upkeep\n|turn|22\n|\n|t:|1700511537\n|switch|p1a: Kingambit|Kingambit, M, tera:Flying|88\/100 tox\n|-activate|p1a: Kingambit|ability: Supreme Overlord\n|-start|p1a: Kingambit|fallen2|[silent]\n|move|p2a: Dragapult|Dragon Darts|p1a: Kingambit\n|-damage|p1a: Kingambit|61\/100 tox\n|-anim|p2a: Dragapult|Dragon Darts|p1a: Kingambit\n|-damage|p1a: Kingambit|31\/100 tox\n|\n|-heal|p1a: Kingambit|37\/100 tox|[from] item: Leftovers\n|-damage|p1a: Kingambit|31\/100 tox|[from] psn\n|upkeep\n|turn|23\n|\n|t:|1700511552\n|switch|p2a: Hawlucha|Hawlucha, M, shiny|79\/100\n|-ability|p2a: Hawlucha|Mold Breaker\n|move|p1a: Kingambit|Kowtow Cleave|p2a: Hawlucha\n|-resisted|p2a: Hawlucha\n|-damage|p2a: Hawlucha|52\/100\n|\n|-heal|p1a: Kingambit|37\/100 tox|[from] item: Leftovers\n|-damage|p1a: Kingambit|25\/100 tox|[from] psn\n|upkeep\n|turn|24\n|\n|t:|1700511558\n|move|p2a: Hawlucha|U-turn|p1a: Kingambit\n|-resisted|p1a: Kingambit\n|-damage|p1a: Kingambit|19\/100 tox\n|\n|t:|1700511571\n|switch|p2a: Zamazenta|Zamazenta, shiny|100\/100|[from] U-turn\n|-ability|p2a: Zamazenta|Dauntless Shield|boost\n|-boost|p2a: Zamazenta|def|1\n|move|p1a: Kingambit|Iron Head|p2a: Zamazenta\n|-damage|p2a: Zamazenta|66\/100\n|\n|-heal|p1a: Kingambit|26\/100 tox|[from] item: Leftovers\n|-damage|p1a: Kingambit|7\/100 tox|[from] psn\n|upkeep\n|turn|25\n|\n|t:|1700511583\n|move|p2a: Zamazenta|Ice Fang|p1a: Kingambit\n|-supereffective|p1a: Kingambit\n|-damage|p1a: Kingambit|0 fnt\n|faint|p1a: Kingambit\n|-end|p1a: Kingambit|fallen2|[silent]\n|\n|upkeep\n|\n|t:|1700511593\n|switch|p1a: Zapdos|Zapdos|75\/100\n|turn|26\n|\n|t:|1700511598\n|move|p2a: Zamazenta|Ice Fang|p1a: Zapdos\n|-supereffective|p1a: Zapdos\n|-damage|p1a: Zapdos|22\/100\n|-status|p2a: Zamazenta|par|[from] ability: Static|[of] p1a: Zapdos\n|move|p1a: Zapdos|Hurricane|p2a: Zamazenta\n|-supereffective|p2a: Zamazenta\n|-damage|p2a: Zamazenta|0 fnt\n|faint|p2a: Zamazenta\n|\n|-heal|p1a: Zapdos|28\/100|[from] item: Leftovers\n|upkeep\n|\n|t:|1700511602\n|switch|p2a: Dragapult|Dragapult, M, shiny|78\/100\n|turn|27\n|\n|t:|1700511611\n|switch|p1a: Zamazenta|Zamazenta|100\/100\n|-ability|p1a: Zamazenta|Dauntless Shield|boost\n|-boost|p1a: Zamazenta|def|1\n|move|p2a: Dragapult|Dragon Darts|p1a: Zamazenta\n|-damage|p1a: Zamazenta|80\/100\n|-anim|p2a: Dragapult|Dragon Darts|p1a: Zamazenta\n|-damage|p1a: Zamazenta|61\/100\n|\n|-heal|p1a: Zamazenta|67\/100|[from] item: Leftovers\n|upkeep\n|turn|28\n|\n|t:|1700511623\n|switch|p2a: Hawlucha|Hawlucha, M, shiny|52\/100\n|-ability|p2a: Hawlucha|Mold Breaker\n|move|p1a: Zamazenta|Iron Defense|p1a: Zamazenta\n|-boost|p1a: Zamazenta|def|2\n|\n|-heal|p1a: Zamazenta|73\/100|[from] item: Leftovers\n|upkeep\n|turn|29\n|\n|t:|1700511630\n|move|p1a: Zamazenta|Body Press|p2a: Hawlucha\n|-resisted|p2a: Hawlucha\n|-damage|p2a: Hawlucha|16\/100\n|move|p2a: Hawlucha|Encore|p1a: Zamazenta\n|-start|p1a: Zamazenta|Encore\n|\n|-heal|p1a: Zamazenta|79\/100|[from] item: Leftovers\n|upkeep\n|turn|30\n|\n|t:|1700511639\n|switch|p1a: Meowscarada|Meowscarada, F|100\/100\n|switch|p2a: Dragapult|Dragapult, M, shiny|78\/100\n|\n|upkeep\n|turn|31\n|\n|t:|1700511653\n|switch|p2a: Toxapex|Toxapex, M, shiny|68\/100\n|move|p1a: Meowscarada|Sucker Punch||[still]\n|-fail|p1a: Meowscarada\n|\n|-heal|p2a: Toxapex|75\/100|[from] item: Leftovers\n|upkeep\n|turn|32\n|\n|t:|1700511662\n|switch|p1a: Zapdos|Zapdos|28\/100\n|move|p2a: Toxapex|Toxic Spikes|p1a: Zapdos\n|-sidestart|p1: Username momento|move: Toxic Spikes\n|\n|-heal|p1a: Zapdos|34\/100|[from] item: Leftovers\n|-heal|p2a: Toxapex|81\/100|[from] item: Leftovers\n|upkeep\n|turn|33\n|\n|t:|1700511668\n|move|p1a: Zapdos|Discharge|p2a: Toxapex\n|-supereffective|p2a: Toxapex\n|-damage|p2a: Toxapex|39\/100\n|-status|p2a: Toxapex|par\n|cant|p2a: Toxapex|par\n|\n|-heal|p1a: Zapdos|40\/100|[from] item: Leftovers\n|-heal|p2a: Toxapex|45\/100 par|[from] item: Leftovers\n|upkeep\n|turn|34\n|\n|t:|1700511684\n|switch|p2a: Hawlucha|Hawlucha, M, shiny|16\/100\n|-ability|p2a: Hawlucha|Mold Breaker\n|move|p1a: Zapdos|Volt Switch|p2a: Hawlucha\n|-supereffective|p2a: Hawlucha\n|-damage|p2a: Hawlucha|0 fnt\n|faint|p2a: Hawlucha\n|\n|t:|1700511690\n|switch|p1a: Zamazenta|Zamazenta|79\/100|[from] Volt Switch\n|-status|p1a: Zamazenta|psn\n|\n|-heal|p1a: Zamazenta|85\/100 psn|[from] item: Leftovers\n|-damage|p1a: Zamazenta|73\/100 psn|[from] psn\n|upkeep\n|\n|t:|1700511712\n|switch|p2a: Dondozo|Dondozo, F, shiny|84\/100\n|turn|35\n|\n|t:|1700511719\n|move|p1a: Zamazenta|Crunch|p2a: Dondozo\n|-damage|p2a: Dondozo|70\/100\n|-unboost|p2a: Dondozo|def|1\n|move|p2a: Dondozo|Avalanche|p1a: Zamazenta\n|-damage|p1a: Zamazenta|31\/100 psn\n|\n|-heal|p1a: Zamazenta|37\/100 psn|[from] item: Leftovers\n|-damage|p1a: Zamazenta|24\/100 psn|[from] psn\n|upkeep\n|turn|36\n|\n|t:|1700511727\n|move|p1a: Zamazenta|Crunch|p2a: Dondozo\n|-damage|p2a: Dondozo|50\/100\n|move|p2a: Dondozo|Avalanche|p1a: Zamazenta\n|-damage|p1a: Zamazenta|0 fnt\n|faint|p1a: Zamazenta\n|\n|upkeep\n|\n|t:|1700511734\n|switch|p1a: Zapdos|Zapdos|40\/100\n|turn|37\n|\n|t:|1700511741\n|switch|p2a: Toxapex|Toxapex, M, shiny|78\/100 par\n|move|p1a: Zapdos|Roost|p1a: Zapdos\n|-heal|p1a: Zapdos|90\/100\n|-singleturn|p1a: Zapdos|move: Roost\n|\n|-heal|p1a: Zapdos|97\/100|[from] item: Leftovers\n|-heal|p2a: Toxapex|84\/100 par|[from] item: Leftovers\n|upkeep\n|turn|38\n|\n|t:|1700511746\n|move|p1a: Zapdos|Discharge|p2a: Toxapex\n|-supereffective|p2a: Toxapex\n|-damage|p2a: Toxapex|41\/100 par\n|move|p2a: Toxapex|Toxic|p1a: Zapdos\n|-status|p1a: Zapdos|tox\n|\n|-heal|p1a: Zapdos|100\/100 tox|[from] item: Leftovers\n|-heal|p2a: Toxapex|47\/100 par|[from] item: Leftovers\n|-damage|p1a: Zapdos|94\/100 tox|[from] psn\n|upkeep\n|turn|39\n|\n|t:|1700511751\n|switch|p2a: Dragapult|Dragapult, M, shiny|78\/100\n|move|p1a: Zapdos|Discharge|p2a: Dragapult\n|-resisted|p2a: Dragapult\n|-damage|p2a: Dragapult|58\/100\n|\n|-heal|p1a: Zapdos|100\/100 tox|[from] item: Leftovers\n|-damage|p1a: Zapdos|88\/100 tox|[from] psn\n|upkeep\n|turn|40\n|\n|t:|1700511766\n|switch|p2a: Toxapex|Toxapex, M, shiny|80\/100 par\n|move|p1a: Zapdos|Hurricane|p2a: Toxapex\n|-damage|p2a: Toxapex|51\/100 par\n|\n|-heal|p1a: Zapdos|94\/100 tox|[from] item: Leftovers\n|-heal|p2a: Toxapex|57\/100 par|[from] item: Leftovers\n|-damage|p1a: Zapdos|75\/100 tox|[from] psn\n|upkeep\n|turn|41\n|\n|t:|1700511770\n|move|p1a: Zapdos|Volt Switch|p2a: Toxapex\n|-supereffective|p2a: Toxapex\n|-damage|p2a: Toxapex|23\/100 par\n|\n|t:|1700511775\n|switch|p1a: Meowscarada|Meowscarada, F|100\/100|[from] Volt Switch\n|-status|p1a: Meowscarada|psn\n|cant|p2a: Toxapex|par\n|\n|-heal|p2a: Toxapex|29\/100 par|[from] item: Leftovers\n|-damage|p1a: Meowscarada|88\/100 psn|[from] psn\n|upkeep\n|turn|42\n|\n|t:|1700511793\n|switch|p2a: Dondozo|Dondozo, F, shiny|50\/100\n|move|p1a: Meowscarada|Knock Off|p2a: Dondozo\n|-start|p1a: Meowscarada|typechange|Dark|[from] ability: Protean\n|-damage|p2a: Dondozo|8\/100\n|-enditem|p2a: Dondozo|Choice Band|[from] move: Knock Off|[of] p1a: Meowscarada\n|\n|-damage|p1a: Meowscarada|76\/100 psn|[from] psn\n|upkeep\n|turn|43\n|\n|t:|1700511802\n|move|p1a: Meowscarada|Knock Off|p2a: Dondozo\n|-damage|p2a: Dondozo|0 fnt\n|faint|p2a: Dondozo\n|\n|-damage|p1a: Meowscarada|64\/100 psn|[from] psn\n|upkeep\n|\n|t:|1700511805\n|switch|p2a: Dragapult|Dragapult, M, shiny|58\/100\n|turn|44\n|\n|t:|1700511807\n|move|p2a: Dragapult|Dragon Darts|p1a: Meowscarada\n|-crit|p1a: Meowscarada\n|-damage|p1a: Meowscarada|0 fnt\n|faint|p1a: Meowscarada\n|\n|upkeep\n|\n|t:|1700511811\n|switch|p1a: Zapdos|Zapdos|75\/100 tox\n|turn|45\n|\n|t:|1700511815\n|move|p2a: Dragapult|Dragon Darts|p1a: Zapdos\n|-damage|p1a: Zapdos|48\/100 tox\n|-anim|p2a: Dragapult|Dragon Darts|p1a: Zapdos\n|-damage|p1a: Zapdos|18\/100 tox\n|move|p1a: Zapdos|Hurricane|p2a: Dragapult\n|-damage|p2a: Dragapult|0 fnt\n|faint|p2a: Dragapult\n|\n|-heal|p1a: Zapdos|24\/100 tox|[from] item: Leftovers\n|-damage|p1a: Zapdos|18\/100 tox|[from] psn\n|upkeep\n|\n|t:|1700511827\n|switch|p2a: Toxapex|Toxapex, M, shiny|62\/100 par\n|turn|46\n|\n|t:|1700511831\n|move|p1a: Zapdos|Discharge|p2a: Toxapex\n|-supereffective|p2a: Toxapex\n|-damage|p2a: Toxapex|20\/100 par\n|move|p2a: Toxapex|Surf|p1a: Zapdos\n|-damage|p1a: Zapdos|0 fnt\n|faint|p1a: Zapdos\n|\n|win|xyz1996\n|raw|Username momento's rating: 1653 &rarr; <strong>1637<\/strong><br \/>(-16 for losing)\n|raw|xyz1996's rating: 1715 &rarr; <strong>1731<\/strong><br \/>(+16 for winning)\n","uploadtime":1700511840,"views":5,"p1id":"usernamemomento","p2id":"xyz1996","formatid":"gen9ou","rating":1637,"private":0,"password":""}