{"id":"gen9ou-2000372039","p1":"yoissy","p2":"PLLV52 Mwoon","format":"[Gen 9] OU","log":"|j|\u2606yoissy\n|j|\u2606PLLV52 Mwoon\n|t:|1701189245\n|gametype|singles\n|player|p1|yoissy|lance-lgpe|1555\n|player|p2|PLLV52 Mwoon|yellow|1663\n|teamsize|p1|6\n|teamsize|p2|6\n|gen|9\n|tier|[Gen 9] OU\n|rated|\n|rule|Sleep Clause Mod: Limit one foe put to sleep\n|rule|Species Clause: Limit one of each Pok\u00e9mon\n|rule|OHKO Clause: OHKO moves are banned\n|rule|Evasion Items Clause: Evasion items are banned\n|rule|Evasion Moves Clause: Evasion moves are banned\n|rule|Endless Battle Clause: Forcing endless battles is banned\n|rule|HP Percentage Mod: HP is shown in percentages\n|clearpoke\n|poke|p1|Slowking-Galar, M|\n|poke|p1|Amoonguss, M|\n|poke|p1|Kingambit, F|\n|poke|p1|Ogerpon-Wellspring, F|\n|poke|p1|Scizor, M|\n|poke|p1|Landorus-Therian, M|\n|poke|p2|Dragapult, F|\n|poke|p2|Zamazenta-*|\n|poke|p2|Heatran, M|\n|poke|p2|Manaphy|\n|poke|p2|Great Tusk|\n|poke|p2|Kingambit, F|\n|teampreview\n|\n|t:|1701189287\n|start\n|switch|p1a: Ogerpon|Ogerpon-Wellspring, F|100\/100\n|switch|p2a: Dragapult|Dragapult, F|100\/100\n|turn|1\n|j| PLLV52 F GAMBIT\n|\n|t:|1701189296\n|move|p2a: Dragapult|U-turn|p1a: Ogerpon\n|-supereffective|p1a: Ogerpon\n|-damage|p1a: Ogerpon|55\/100\n|\n|t:|1701189312\n|switch|p2a: Zamazenta|Zamazenta|100\/100|[from] U-turn\n|-ability|p2a: Zamazenta|Dauntless Shield|boost\n|-boost|p2a: Zamazenta|def|1\n|move|p1a: Ogerpon|U-turn|p2a: Zamazenta\n|-resisted|p2a: Zamazenta\n|-damage|p2a: Zamazenta|91\/100\n|\n|t:|1701189326\n|switch|p1a: Amoonguss|Amoonguss, M|100\/100|[from] U-turn\n|\n|upkeep\n|turn|2\n|\n|t:|1701189329\n|switch|p2a: Manaphy|Manaphy|100\/100\n|move|p1a: Amoonguss|Clear Smog|p2a: Manaphy\n|-damage|p2a: Manaphy|85\/100\n|-clearboost|p2a: Manaphy\n|\n|-heal|p2a: Manaphy|91\/100|[from] item: Leftovers\n|upkeep\n|turn|3\n|\n|t:|1701189335\n|move|p2a: Manaphy|Tail Glow|p2a: Manaphy\n|-boost|p2a: Manaphy|spa|3\n|move|p1a: Amoonguss|Giga Drain|p2a: Manaphy\n|-supereffective|p2a: Manaphy\n|-damage|p2a: Manaphy|47\/100\n|\n|-heal|p2a: Manaphy|54\/100|[from] item: Leftovers\n|upkeep\n|turn|4\n|\n|t:|1701189349\n|-terastallize|p1a: Amoonguss|Water\n|move|p2a: Manaphy|Surf|p1a: Amoonguss\n|-resisted|p1a: Amoonguss\n|-damage|p1a: Amoonguss|57\/100\n|move|p1a: Amoonguss|Clear Smog|p2a: Manaphy\n|-damage|p2a: Manaphy|40\/100\n|-clearboost|p2a: Manaphy\n|\n|-heal|p2a: Manaphy|46\/100|[from] item: Leftovers\n|-heal|p1a: Amoonguss|63\/100|[from] item: Leftovers\n|upkeep\n|turn|5\n|j| Hoot-hoot Shiny\n|\n|t:|1701189356\n|move|p2a: Manaphy|Energy Ball|p1a: Amoonguss\n|-supereffective|p1a: Amoonguss\n|-damage|p1a: Amoonguss|18\/100\n|move|p1a: Amoonguss|Giga Drain|p2a: Manaphy\n|-supereffective|p2a: Manaphy\n|-damage|p2a: Manaphy|3\/100\n|-heal|p1a: Amoonguss|35\/100|[from] drain|[of] p2a: Manaphy\n|\n|-heal|p2a: Manaphy|10\/100|[from] item: Leftovers\n|-heal|p1a: Amoonguss|41\/100|[from] item: Leftovers\n|upkeep\n|turn|6\n|\n|t:|1701189366\n|switch|p1a: Slowking|Slowking-Galar, M|100\/100\n|move|p2a: Manaphy|Energy Ball|p1a: Slowking\n|-resisted|p1a: Slowking\n|-damage|p1a: Slowking|95\/100\n|\n|-heal|p2a: Manaphy|16\/100|[from] item: Leftovers\n|upkeep\n|turn|7\n|\n|t:|1701189373\n|switch|p2a: Heatran|Heatran, M|100\/100\n|-item|p2a: Heatran|Air Balloon\n|move|p1a: Slowking|Sludge Bomb|p2a: Heatran\n|-immune|p2a: Heatran\n|\n|upkeep\n|turn|8\n|\n|t:|1701189383\n|move|p2a: Heatran|Taunt|p1a: Slowking\n|-start|p1a: Slowking|move: Taunt\n|move|p1a: Slowking|Surf|p2a: Heatran\n|-supereffective|p2a: Heatran\n|-damage|p2a: Heatran|69\/100\n|-enditem|p2a: Heatran|Air Balloon\n|\n|upkeep\n|turn|9\n|\n|t:|1701189388\n|move|p2a: Heatran|Magma Storm|p1a: Slowking\n|-damage|p1a: Slowking|76\/100\n|-activate|p1a: Slowking|move: Magma Storm|[of] p2a: Heatran\n|move|p1a: Slowking|Surf|p2a: Heatran\n|-supereffective|p2a: Heatran\n|-damage|p2a: Heatran|35\/100\n|\n|-damage|p1a: Slowking|63\/100|[from] move: Magma Storm|[partiallytrapped]\n|upkeep\n|turn|10\n|\n|t:|1701189393\n|move|p2a: Heatran|Earth Power|p1a: Slowking\n|-supereffective|p1a: Slowking\n|-damage|p1a: Slowking|42\/100\n|move|p1a: Slowking|Surf|p2a: Heatran\n|-supereffective|p2a: Heatran\n|-damage|p2a: Heatran|5\/100\n|\n|-damage|p1a: Slowking|30\/100|[from] move: Magma Storm|[partiallytrapped]\n|-end|p1a: Slowking|move: Taunt\n|upkeep\n|turn|11\n|c|\u2606yoissy|lol\n|c|\u2606yoissy|lmao\n|c|\u2606yoissy|slowking\n|c|\u2606yoissy|my MONARCH\n|\n|t:|1701189413\n|move|p2a: Heatran|Stealth Rock|p1a: Slowking\n|-sidestart|p1: yoissy|move: Stealth Rock\n|move|p1a: Slowking|Surf|p2a: Heatran\n|-supereffective|p2a: Heatran\n|-damage|p2a: Heatran|0 fnt\n|faint|p2a: Heatran\n|\n|-end|p1a: Slowking|Magma Storm|[partiallytrapped]|[silent]\n|upkeep\n|\n|t:|1701189423\n|switch|p2a: Dragapult|Dragapult, F|100\/100\n|turn|12\n|\n|t:|1701189434\n|switch|p1a: Amoonguss|Amoonguss, M, tera:Water|75\/100\n|-damage|p1a: Amoonguss|62\/100|[from] Stealth Rock\n|move|p2a: Dragapult|Shadow Ball|p1a: Amoonguss\n|-damage|p1a: Amoonguss|20\/100\n|\n|-heal|p1a: Amoonguss|26\/100|[from] item: Leftovers\n|upkeep\n|turn|13\n|\n|t:|1701189451\n|switch|p1a: Kingambit|Kingambit, F|100\/100\n|move|p2a: Dragapult|Shadow Ball|p1a: Kingambit\n|-resisted|p1a: Kingambit\n|-damage|p1a: Kingambit|74\/100\n|-unboost|p1a: Kingambit|spd|1\n|\n|upkeep\n|turn|14\n|c| Hoot-hoot Shiny|nruh\n|c| Hoot-hoot Shiny|b\n|c|\u2606yoissy|wdym bruh?\n|\n|t:|1701189467\n|switch|p2a: Zamazenta|Zamazenta|91\/100\n|move|p1a: Kingambit|Kowtow Cleave|p2a: Zamazenta\n|-resisted|p2a: Zamazenta\n|-damage|p2a: Zamazenta|67\/100\n|\n|upkeep\n|turn|15\n|c| Hoot-hoot Shiny|bruuuuuuuuuuuuh\n|c| Hoot-hoot Shiny|et feur\n|c|\u2606yoissy|?\n|\n|t:|1701189503\n|-end|p1a: Kingambit|fallenundefined|[silent]\n|switch|p1a: Landorus|Landorus-Therian, M|100\/100\n|-damage|p1a: Landorus|88\/100|[from] Stealth Rock\n|-ability|p1a: Landorus|Intimidate|boost\n|-unboost|p2a: Zamazenta|atk|1\n|move|p2a: Zamazenta|Crunch|p1a: Landorus\n|-damage|p1a: Landorus|66\/100\n|\n|-heal|p1a: Landorus|72\/100|[from] item: Leftovers\n|upkeep\n|turn|16\n|c| Hoot-hoot Shiny|?\n|c| Hoot-hoot Shiny|je m'amuse bien\n|\n|t:|1701189537\n|switch|p2a: Manaphy|Manaphy|16\/100\n|move|p1a: Landorus|Grass Knot|p2a: Manaphy\n|-supereffective|p2a: Manaphy\n|-damage|p2a: Manaphy|6\/100\n|\n|-heal|p2a: Manaphy|13\/100|[from] item: Leftovers\n|-heal|p1a: Landorus|78\/100|[from] item: Leftovers\n|upkeep\n|turn|17\n|c|\u2606PLLV52 Mwoon|w mana\n|c|\u2606yoissy|ah ok\n|c| Hoot-hoot Shiny|t'es francais ?\n|c|\u2606yoissy|I am not\n|c| Hoot-hoot Shiny|ok\n|c|\u2606yoissy|I am using google translate lol\n|c| Hoot-hoot Shiny|x)\n|c|\u2606yoissy|\ud83d\udc4d\n|c| Hoot-hoot Shiny|use chatgpt it's better\n|c|\u2606yoissy|is it?\n|c| Hoot-hoot Shiny|yep\n|c|\u2606yoissy|I have never messed with it for translation\n|c|\u2606yoissy|that's so interesting\n|c|\u2606PLLV52 Mwoon|can you move,,\n|c|\u2606yoissy|my b\n|\n|t:|1701189597\n|switch|p1a: Ogerpon|Ogerpon-Wellspring, F|55\/100\n|-damage|p1a: Ogerpon|43\/100|[from] Stealth Rock\n|move|p2a: Manaphy|Energy Ball|p1a: Ogerpon\n|-damage|p1a: Ogerpon|11\/100\n|\n|-heal|p2a: Manaphy|19\/100|[from] item: Leftovers\n|upkeep\n|turn|18\n|\n|t:|1701189604\n|switch|p2a: Dragapult|Dragapult, F|100\/100\n|move|p1a: Ogerpon|Horn Leech|p2a: Dragapult\n|-resisted|p2a: Dragapult\n|-damage|p2a: Dragapult|71\/100\n|-heal|p1a: Ogerpon|27\/100|[from] drain|[of] p2a: Dragapult\n|\n|upkeep\n|turn|19\n|c| Hoot-hoot Shiny|u can choose the style of the translation\n|\n|t:|1701189611\n|move|p2a: Dragapult|Shadow Ball|p1a: Ogerpon\n|-damage|p1a: Ogerpon|0 fnt\n|faint|p1a: Ogerpon\n|\n|upkeep\n|\n|t:|1701189620\n|switch|p1a: Kingambit|Kingambit, F|74\/100\n|-activate|p1a: Kingambit|ability: Supreme Overlord\n|-start|p1a: Kingambit|fallen1|[silent]\n|turn|20\n|\n|t:|1701189631\n|switch|p2a: Great Tusk|Great Tusk|100\/100\n|move|p1a: Kingambit|Iron Head|p2a: Great Tusk\n|-damage|p2a: Great Tusk|65\/100\n|\n|-heal|p2a: Great Tusk|71\/100|[from] item: Leftovers\n|upkeep\n|turn|21\n|c| Hoot-hoot Shiny|like \"academic\", \"for friend\", \"professional\"\n|\n|t:|1701189638\n|-end|p1a: Kingambit|fallen1|[silent]\n|switch|p1a: Landorus|Landorus-Therian, M|78\/100\n|-damage|p1a: Landorus|65\/100|[from] Stealth Rock\n|-ability|p1a: Landorus|Intimidate|boost\n|-unboost|p2a: Great Tusk|atk|1\n|move|p2a: Great Tusk|Knock Off|p1a: Landorus\n|-damage|p1a: Landorus|40\/100\n|-enditem|p1a: Landorus|Leftovers|[from] move: Knock Off|[of] p2a: Great Tusk\n|\n|-heal|p2a: Great Tusk|77\/100|[from] item: Leftovers\n|upkeep\n|turn|22\n|\n|t:|1701189649\n|-end|p2a: Great Tusk|Protosynthesis|[silent]\n|switch|p2a: Manaphy|Manaphy|19\/100\n|move|p1a: Landorus|Grass Knot|p2a: Manaphy\n|-supereffective|p2a: Manaphy\n|-damage|p2a: Manaphy|8\/100\n|\n|-heal|p2a: Manaphy|14\/100|[from] item: Leftovers\n|upkeep\n|turn|23\n|\n|t:|1701189659\n|switch|p1a: Slowking|Slowking-Galar, M|63\/100\n|-damage|p1a: Slowking|51\/100|[from] Stealth Rock\n|move|p2a: Manaphy|Tail Glow|p2a: Manaphy\n|-boost|p2a: Manaphy|spa|3\n|\n|-heal|p2a: Manaphy|20\/100|[from] item: Leftovers\n|upkeep\n|turn|24\n|\n|t:|1701189663\n|move|p2a: Manaphy|Surf|p1a: Slowking\n|-damage|p1a: Slowking|6\/100\n|move|p1a: Slowking|Sludge Bomb|p2a: Manaphy\n|-damage|p2a: Manaphy|0 fnt\n|faint|p2a: Manaphy\n|\n|upkeep\n|c|\u2606yoissy|god I love slowking\n|c|\u2606PLLV52 Mwoon|leaves you voltturn weak though\n|c|\u2606yoissy|true but there's not much of that\n|c|\u2606PLLV52 Mwoon|a zap would be disastrous here\n|c|\u2606PLLV52 Mwoon|with something like sam\n|\n|t:|1701189722\n|switch|p2a: Great Tusk|Great Tusk|77\/100\n|turn|25\n|c|\u2606yoissy|i mean, i've handled em before\n|c|\u2606yoissy|it's tough but not impossible\n|c|\u2606yoissy|it's not the best matchup though for sure\n|\n|t:|1701189744\n|switch|p1a: Amoonguss|Amoonguss, M, tera:Water|60\/100\n|-damage|p1a: Amoonguss|47\/100|[from] Stealth Rock\n|move|p2a: Great Tusk|Head Smash|p1a: Amoonguss\n|-damage|p1a: Amoonguss|7\/100\n|-damage|p2a: Great Tusk|54\/100|[from] Recoil\n|\n|-heal|p2a: Great Tusk|60\/100|[from] item: Leftovers\n|-heal|p1a: Amoonguss|13\/100|[from] item: Leftovers\n|upkeep\n|turn|26\n|c|\u2606PLLV52 Mwoon|heres how we handle zap\n|c|\u2606yoissy|that's BASED\n|\n|t:|1701189771\n|switch|p1a: Landorus|Landorus-Therian, M|40\/100\n|-damage|p1a: Landorus|28\/100|[from] Stealth Rock\n|-ability|p1a: Landorus|Intimidate|boost\n|-unboost|p2a: Great Tusk|atk|1\n|move|p2a: Great Tusk|Head Smash|p1a: Landorus\n|-damage|p1a: Landorus|0 fnt\n|faint|p1a: Landorus\n|-damage|p2a: Great Tusk|48\/100|[from] Recoil\n|\n|-heal|p2a: Great Tusk|54\/100|[from] item: Leftovers\n|upkeep\n|n| MorningStar55|hoothootshiny\n|c|\u2606yoissy|i'm seriously in trouble\n|c|\u2606yoissy|hm\n|c|\u2606PLLV52 Mwoon|you shouldnt have terrad amoong so early\n|c|\u2606PLLV52 Mwoon|it limits your options too much\n|c|\u2606yoissy|yeah\n|c|\u2606yoissy|i think it's joever for me\n|\n|t:|1701189834\n|switch|p1a: Scizor|Scizor, M|100\/100\n|turn|27\n|\n|t:|1701189855\n|move|p2a: Great Tusk|Earthquake|p1a: Scizor\n|-damage|p1a: Scizor|62\/100\n|move|p1a: Scizor|Swords Dance|p1a: Scizor\n|-boost|p1a: Scizor|atk|2\n|\n|-heal|p2a: Great Tusk|60\/100|[from] item: Leftovers\n|upkeep\n|turn|28\n|j| PLLV52Kindy\n|\n|t:|1701189868\n|-terastallize|p2a: Great Tusk|Steel\n|move|p1a: Scizor|Bullet Punch|p2a: Great Tusk\n|-resisted|p2a: Great Tusk\n|-damage|p2a: Great Tusk|35\/100\n|move|p2a: Great Tusk|Earthquake|p1a: Scizor\n|-damage|p1a: Scizor|19\/100\n|\n|-heal|p2a: Great Tusk|41\/100|[from] item: Leftovers\n|upkeep\n|turn|29\n|\n|t:|1701189875\n|move|p2a: Great Tusk|Earthquake|p1a: Scizor\n|-crit|p1a: Scizor\n|-damage|p1a: Scizor|0 fnt\n|faint|p1a: Scizor\n|\n|-heal|p2a: Great Tusk|47\/100|[from] item: Leftovers\n|upkeep\n|\n|t:|1701189882\n|switch|p1a: Amoonguss|Amoonguss, M, tera:Water|47\/100\n|-damage|p1a: Amoonguss|34\/100|[from] Stealth Rock\n|turn|30\n|c|\u2606yoissy|gg\n|\n|t:|1701189889\n|move|p2a: Great Tusk|Earthquake|p1a: Amoonguss\n|-damage|p1a: Amoonguss|8\/100\n|move|p1a: Amoonguss|Spore|p2a: Great Tusk\n|-status|p2a: Great Tusk|slp|[from] move: Spore\n|\n|-heal|p2a: Great Tusk|54\/100 slp|[from] item: Leftovers\n|-heal|p1a: Amoonguss|14\/100|[from] item: Leftovers\n|upkeep\n|turn|31\n|c|\u2606yoissy|WAIT\n|c|\u2606yoissy|unless\n|c|\u2606PLLV52 Mwoon|nope I win now\n|\n|t:|1701189907\n|-end|p2a: Great Tusk|Protosynthesis|[silent]\n|switch|p2a: Kingambit|Kingambit, F|100\/100\n|-activate|p2a: Kingambit|ability: Supreme Overlord\n|-start|p2a: Kingambit|fallen2|[silent]\n|switch|p1a: Slowking|Slowking-Galar, M|39\/100\n|-damage|p1a: Slowking|27\/100|[from] Stealth Rock\n|\n|upkeep\n|turn|32\n|\n|t:|1701189913\n|move|p2a: Kingambit|Kowtow Cleave|p1a: Slowking\n|-supereffective|p1a: Slowking\n|-damage|p1a: Slowking|0 fnt\n|faint|p1a: Slowking\n|\n|upkeep\n|\n|t:|1701189915\n|switch|p1a: Kingambit|Kingambit, F|74\/100\n|-activate|p1a: Kingambit|ability: Supreme Overlord\n|-start|p1a: Kingambit|fallen4|[silent]\n|turn|33\n|\n|t:|1701189919\n|move|p2a: Kingambit|Low Kick|p1a: Kingambit\n|-supereffective|p1a: Kingambit\n|-damage|p1a: Kingambit|0 fnt\n|faint|p1a: Kingambit\n|-end|p1a: Kingambit|fallen4|[silent]\n|\n|upkeep\n|c|\u2606yoissy|gg\n|c|\u2606PLLV52 Mwoon|max speed\n|\n|t:|1701189925\n|switch|p1a: Amoonguss|Amoonguss, M, tera:Water|47\/100\n|-damage|p1a: Amoonguss|35\/100|[from] Stealth Rock\n|turn|34\n|c|\u2606PLLV52 Mwoon|gg\n|\n|t:|1701189928\n|move|p2a: Kingambit|Kowtow Cleave|p1a: Amoonguss\n|-damage|p1a: Amoonguss|0 fnt\n|faint|p1a: Amoonguss\n|\n|win|PLLV52 Mwoon\n|raw|yoissy's rating: 1555 &rarr; <strong>1541<\/strong><br \/>(-14 for losing)\n|raw|PLLV52 Mwoon's rating: 1663 &rarr; <strong>1677<\/strong><br \/>(+14 for winning)\n|c|\u2606yoissy|wp\n|l|\u2606PLLV52 Mwoon\n|l| PLLV52Kindy\n|l|\u2606yoissy\n|j|\u2606yoissy\n|player|p1|yoissy|lance-lgpe\n","uploadtime":1701189946,"views":6,"p1id":"yoissy","p2id":"pllv52mwoon","formatid":"gen9ou","rating":1541,"private":0,"password":""}