{"id":"gen9ou-1995817910","p1":"FartyMc6","p2":"mikelrada98","format":"[Gen 9] OU","log":"|j|\u2606FartyMc6\n|j|\u2606mikelrada98\n|t:|1700606115\n|gametype|singles\n|player|p1|FartyMc6|brycenman|1182\n|player|p2|mikelrada98|170|1216\n|teamsize|p1|6\n|teamsize|p2|6\n|gen|9\n|tier|[Gen 9] OU\n|rated|\n|rule|Sleep Clause Mod: Limit one foe put to sleep\n|rule|Species Clause: Limit one of each Pok\u00e9mon\n|rule|OHKO Clause: OHKO moves are banned\n|rule|Evasion Items Clause: Evasion items are banned\n|rule|Evasion Moves Clause: Evasion moves are banned\n|rule|Endless Battle Clause: Forcing endless battles is banned\n|rule|HP Percentage Mod: HP is shown in percentages\n|clearpoke\n|poke|p1|Arcanine-Hisui, M|\n|poke|p1|Torkoal, M|\n|poke|p1|Great Tusk|\n|poke|p1|Walking Wake|\n|poke|p1|Enamorus, F|\n|poke|p1|Sinistcha|\n|poke|p2|Pelipper, F|\n|poke|p2|Barraskewda, F|\n|poke|p2|Landorus-Therian, M|\n|poke|p2|Vikavolt, F|\n|poke|p2|Arboliva, M|\n|poke|p2|Weavile, F|\n|teampreview\n|inactive|Battle timer is ON: inactive players will automatically lose when time's up. (requested by FartyMc6)\n|\n|t:|1700606127\n|start\n|switch|p1a: Torkoal|Torkoal, M|100\/100\n|switch|p2a: Landorus|Landorus-Therian, M|100\/100\n|-ability|p2a: Landorus|Intimidate|boost\n|-unboost|p1a: Torkoal|atk|1\n|-weather|SunnyDay|[from] ability: Drought|[of] p1a: Torkoal\n|turn|1\n|inactive|FartyMc6 has 120 seconds left.\n|\n|t:|1700606157\n|switch|p2a: Pelipper|Pelipper, F|100\/100\n|-weather|RainDance|[from] ability: Drizzle|[of] p2a: Pelipper\n|switch|p1a: Walking Wake|Walking Wake|100\/100\n|\n|-weather|RainDance|[upkeep]\n|upkeep\n|turn|2\n|inactive|FartyMc6 has 120 seconds left.\n|inactive|FartyMc6 has 90 seconds left.\n|\n|t:|1700606204\n|move|p1a: Walking Wake|Hydro Steam|p2a: Pelipper\n|-resisted|p2a: Pelipper\n|-damage|p2a: Pelipper|60\/100\n|move|p2a: Pelipper|U-turn|p1a: Walking Wake\n|-damage|p1a: Walking Wake|91\/100\n|\n|t:|1700606218\n|switch|p2a: Arboliva|Arboliva, M|100\/100|[from] U-turn\n|\n|-weather|RainDance|[upkeep]\n|-heal|p1a: Walking Wake|97\/100|[from] item: Leftovers\n|upkeep\n|turn|3\n|inactive|FartyMc6 has 90 seconds left.\n|\n|t:|1700606235\n|move|p1a: Walking Wake|Flamethrower|p2a: Arboliva\n|-supereffective|p2a: Arboliva\n|-damage|p2a: Arboliva|80\/100\n|move|p2a: Arboliva|Leech Seed|p1a: Walking Wake\n|-start|p1a: Walking Wake|move: Leech Seed\n|\n|-weather|RainDance|[upkeep]\n|-heal|p1a: Walking Wake|100\/100|[from] item: Leftovers\n|-damage|p1a: Walking Wake|88\/100|[from] Leech Seed|[of] p2a: Arboliva\n|-heal|p2a: Arboliva|92\/100|[silent]\n|upkeep\n|turn|4\n|inactive|FartyMc6 has 90 seconds left.\n|\n|t:|1700606243\n|-end|p1a: Walking Wake|Protosynthesis|[silent]\n|switch|p1a: Torkoal|Torkoal, M|100\/100\n|-weather|SunnyDay|[from] ability: Drought|[of] p1a: Torkoal\n|move|p2a: Arboliva|Giga Drain|p1a: Torkoal\n|-resisted|p1a: Torkoal\n|-damage|p1a: Torkoal|81\/100\n|-heal|p2a: Arboliva|100\/100|[from] drain|[of] p1a: Torkoal\n|\n|-weather|SunnyDay|[upkeep]\n|upkeep\n|turn|5\n|inactive|FartyMc6 has 90 seconds left.\n|\n|t:|1700606256\n|switch|p2a: Pelipper|Pelipper, F|60\/100\n|-weather|RainDance|[from] ability: Drizzle|[of] p2a: Pelipper\n|move|p1a: Torkoal|Ancient Power|p2a: Pelipper\n|-supereffective|p2a: Pelipper\n|-damage|p2a: Pelipper|10\/100\n|\n|-weather|RainDance|[upkeep]\n|upkeep\n|turn|6\n|inactive|FartyMc6 has 90 seconds left.\n|\n|t:|1700606268\n|switch|p1a: Walking Wake|Walking Wake|88\/100\n|move|p2a: Pelipper|U-turn|p1a: Walking Wake\n|-damage|p1a: Walking Wake|79\/100\n|\n|t:|1700606273\n|switch|p2a: Arboliva|Arboliva, M|100\/100|[from] U-turn\n|\n|-weather|RainDance|[upkeep]\n|-heal|p1a: Walking Wake|85\/100|[from] item: Leftovers\n|upkeep\n|turn|7\n|\n|t:|1700606284\n|-end|p1a: Walking Wake|Protosynthesis|[silent]\n|switch|p1a: Torkoal|Torkoal, M|81\/100\n|-weather|SunnyDay|[from] ability: Drought|[of] p1a: Torkoal\n|move|p2a: Arboliva|Leech Seed|p1a: Torkoal\n|-start|p1a: Torkoal|move: Leech Seed\n|\n|-weather|SunnyDay|[upkeep]\n|-damage|p1a: Torkoal|68\/100|[from] Leech Seed|[of] p2a: Arboliva\n|upkeep\n|turn|8\n|inactive|FartyMc6 has 90 seconds left.\n|\n|t:|1700606306\n|move|p2a: Arboliva|Protect|p2a: Arboliva\n|-singleturn|p2a: Arboliva|Protect\n|move|p1a: Torkoal|Rapid Spin|p2a: Arboliva\n|-activate|p2a: Arboliva|move: Protect\n|\n|-weather|SunnyDay|[upkeep]\n|-damage|p1a: Torkoal|56\/100|[from] Leech Seed|[of] p2a: Arboliva\n|upkeep\n|turn|9\n|inactive|FartyMc6 has 90 seconds left.\n|\n|t:|1700606319\n|move|p2a: Arboliva|Giga Drain|p1a: Torkoal\n|-resisted|p1a: Torkoal\n|-damage|p1a: Torkoal|36\/100\n|move|p1a: Torkoal|Lava Plume|p2a: Arboliva\n|-supereffective|p2a: Arboliva\n|-damage|p2a: Arboliva|40\/100\n|-status|p2a: Arboliva|brn\n|\n|-weather|SunnyDay|[upkeep]\n|-damage|p1a: Torkoal|24\/100|[from] Leech Seed|[of] p2a: Arboliva\n|-heal|p2a: Arboliva|51\/100 brn|[silent]\n|-damage|p2a: Arboliva|45\/100 brn|[from] brn\n|upkeep\n|turn|10\n|inactive|FartyMc6 has 90 seconds left.\n|\n|t:|1700606340\n|switch|p1a: Enamorus|Enamorus, F|100\/100\n|move|p2a: Arboliva|Strength Sap|p1a: Enamorus\n|-boost|p1a: Enamorus|atk|1\n|-heal|p2a: Arboliva|100\/100 brn\n|\n|-weather|SunnyDay|[upkeep]\n|-damage|p2a: Arboliva|94\/100 brn|[from] brn\n|upkeep\n|turn|11\n|\n|t:|1700606356\n|move|p1a: Enamorus|Weather Ball|p2a: Arboliva\n|-supereffective|p2a: Arboliva\n|-damage|p2a: Arboliva|24\/100 brn\n|-enditem|p2a: Arboliva|Iapapa Berry|[eat]\n|-heal|p2a: Arboliva|57\/100 brn|[from] item: Iapapa Berry\n|move|p2a: Arboliva|Leech Seed|p1a: Enamorus\n|-start|p1a: Enamorus|move: Leech Seed\n|\n|-weather|none\n|-damage|p1a: Enamorus|88\/100|[from] Leech Seed|[of] p2a: Arboliva\n|-heal|p2a: Arboliva|67\/100 brn|[silent]\n|-damage|p2a: Arboliva|61\/100 brn|[from] brn\n|upkeep\n|turn|12\n|inactive|FartyMc6 has 90 seconds left.\n|inactive|mikelrada98 has 120 seconds left.\n|\n|t:|1700606383\n|switch|p2a: Landorus|Landorus-Therian, M|100\/100\n|-ability|p2a: Landorus|Intimidate|boost\n|-boost|p1a: Enamorus|atk|1\n|move|p1a: Enamorus|Springtide Storm|p2a: Landorus\n|-damage|p2a: Landorus|48\/100\n|-unboost|p2a: Landorus|atk|1\n|\n|-damage|p1a: Enamorus|76\/100|[from] Leech Seed|[of] p2a: Landorus\n|-heal|p2a: Landorus|57\/100|[silent]\n|upkeep\n|turn|13\n|inactive|FartyMc6 has 90 seconds left.\n|inactive|mikelrada98 has 120 seconds left.\n|\n|t:|1700606397\n|move|p1a: Enamorus|Tailwind|p1a: Enamorus\n|-sidestart|p1: FartyMc6|move: Tailwind\n|move|p2a: Landorus|U-turn|p1a: Enamorus\n|-resisted|p1a: Enamorus\n|-damage|p1a: Enamorus|70\/100\n|\n|t:|1700606403\n|switch|p2a: Weavile|Weavile, F|100\/100|[from] U-turn\n|-ability|p2a: Weavile|Pressure\n|\n|-damage|p1a: Enamorus|58\/100|[from] Leech Seed|[of] p2a: Weavile\n|upkeep\n|turn|14\n|inactive|mikelrada98 has 120 seconds left.\n|inactive|FartyMc6 has 90 seconds left.\n|\n|t:|1700606416\n|-terastallize|p1a: Enamorus|Fairy\n|move|p2a: Weavile|Ice Shard|p1a: Enamorus\n|-damage|p1a: Enamorus|11\/100\n|move|p1a: Enamorus|Springtide Storm|p2a: Weavile\n|-supereffective|p2a: Weavile\n|-damage|p2a: Weavile|0 fnt\n|faint|p2a: Weavile\n|\n|upkeep\n|l|\u2606mikelrada98\n|inactive|mikelrada98 disconnected and has a minute to reconnect!\n|player|p2|\n|j|\u2606mikelrada98\n|inactive|mikelrada98 reconnected and has 105 seconds left.\n|player|p2|mikelrada98|170\n|inactive|mikelrada98 has 90 seconds left.\n|\n|t:|1700606454\n|switch|p2a: Arboliva|Arboliva, M|61\/100 brn\n|turn|15\n|\n|t:|1700606467\n|switch|p1a: Arcanine|Arcanine-Hisui, M|100\/100\n|move|p2a: Arboliva|Protect||[still]\n|-fail|p2a: Arboliva\n|\n|-damage|p2a: Arboliva|55\/100 brn|[from] brn\n|upkeep\n|turn|16\n|\n|t:|1700606481\n|switch|p2a: Landorus|Landorus-Therian, M|57\/100\n|-ability|p2a: Landorus|Intimidate|boost\n|-unboost|p1a: Arcanine|atk|1\n|move|p1a: Arcanine|Flare Blitz|p2a: Landorus\n|-damage|p2a: Landorus|15\/100\n|-damage|p1a: Arcanine|84\/100|[from] item: Rocky Helmet|[of] p2a: Landorus\n|-damage|p1a: Arcanine|74\/100|[from] item: Life Orb\n|\n|-sideend|p1: FartyMc6|move: Tailwind\n|upkeep\n|turn|17\n|\n|t:|1700606501\n|move|p1a: Arcanine|Flare Blitz|p2a: Landorus\n|-damage|p2a: Landorus|0 fnt\n|-damage|p1a: Arcanine|57\/100|[from] item: Rocky Helmet|[of] p2a: Landorus\n|faint|p2a: Landorus\n|-damage|p1a: Arcanine|47\/100|[from] item: Life Orb\n|\n|upkeep\n|\n|t:|1700606508\n|switch|p2a: Barraskewda|Barraskewda, F|100\/100\n|turn|18\n|\n|t:|1700606517\n|switch|p1a: Sinistcha|Sinistcha|100\/100\n|move|p2a: Barraskewda|Liquidation|p1a: Sinistcha\n|-resisted|p1a: Sinistcha\n|-damage|p1a: Sinistcha|65\/100\n|\n|upkeep\n|turn|19\n|\n|t:|1700606529\n|switch|p2a: Vikavolt|Vikavolt, F|100\/100\n|move|p1a: Sinistcha|Matcha Gotcha|p2a: Vikavolt|[miss]\n|-miss|p1a: Sinistcha|p2a: Vikavolt\n|\n|upkeep\n|turn|20\n|\n|t:|1700606540\n|switch|p1a: Torkoal|Torkoal, M|24\/100\n|-weather|SunnyDay|[from] ability: Drought|[of] p1a: Torkoal\n|move|p2a: Vikavolt|Bug Buzz|p1a: Torkoal\n|-resisted|p1a: Torkoal\n|-damage|p1a: Torkoal|0 fnt\n|faint|p1a: Torkoal\n|\n|-weather|SunnyDay|[upkeep]\n|upkeep\n|\n|t:|1700606549\n|switch|p1a: Walking Wake|Walking Wake|85\/100\n|-activate|p1a: Walking Wake|ability: Protosynthesis\n|-start|p1a: Walking Wake|protosynthesisspa\n|turn|21\n|inactive|mikelrada98 has 120 seconds left.\n|\n|t:|1700606557\n|switch|p2a: Pelipper|Pelipper, F|10\/100\n|-weather|RainDance|[from] ability: Drizzle|[of] p2a: Pelipper\n|-end|p1a: Walking Wake|Protosynthesis\n|move|p1a: Walking Wake|Flamethrower|p2a: Pelipper\n|-resisted|p2a: Pelipper\n|-damage|p2a: Pelipper|0 fnt\n|faint|p2a: Pelipper\n|\n|-weather|RainDance|[upkeep]\n|-heal|p1a: Walking Wake|91\/100|[from] item: Leftovers\n|upkeep\n|inactive|mikelrada98 has 120 seconds left.\n|\n|t:|1700606567\n|switch|p2a: Arboliva|Arboliva, M|55\/100 brn\n|turn|22\n|\n|t:|1700606580\n|-end|p1a: Walking Wake|Protosynthesis|[silent]\n|switch|p1a: Sinistcha|Sinistcha|65\/100\n|move|p2a: Arboliva|Leech Seed|p1a: Sinistcha\n|-immune|p1a: Sinistcha\n|\n|-weather|RainDance|[upkeep]\n|-damage|p2a: Arboliva|48\/100 brn|[from] brn\n|upkeep\n|turn|23\n|\n|t:|1700606595\n|switch|p2a: Vikavolt|Vikavolt, F|100\/100\n|move|p1a: Sinistcha|Scald|p2a: Vikavolt\n|-damage|p2a: Vikavolt|26\/100\n|\n|-weather|RainDance|[upkeep]\n|upkeep\n|turn|24\n|\n|t:|1700606606\n|move|p1a: Sinistcha|Scald|p2a: Vikavolt\n|-damage|p2a: Vikavolt|0 fnt\n|faint|p2a: Vikavolt\n|\n|-weather|RainDance|[upkeep]\n|upkeep\n|\n|t:|1700606611\n|switch|p2a: Barraskewda|Barraskewda, F|100\/100\n|turn|25\n|\n|t:|1700606617\n|switch|p1a: Walking Wake|Walking Wake|91\/100\n|move|p2a: Barraskewda|Poison Jab|p1a: Walking Wake\n|-damage|p1a: Walking Wake|45\/100\n|\n|-weather|RainDance|[upkeep]\n|-heal|p1a: Walking Wake|51\/100|[from] item: Leftovers\n|upkeep\n|turn|26\n|\n|t:|1700606647\n|-terastallize|p2a: Barraskewda|Poison\n|move|p2a: Barraskewda|Poison Jab|p1a: Walking Wake\n|-damage|p1a: Walking Wake|0 fnt\n|faint|p1a: Walking Wake\n|-end|p1a: Walking Wake|Protosynthesis|[silent]\n|\n|-weather|RainDance|[upkeep]\n|upkeep\n|\n|t:|1700606655\n|switch|p1a: Great Tusk|Great Tusk|100\/100\n|turn|27\n|\n|t:|1700606664\n|switch|p2a: Arboliva|Arboliva, M|48\/100 brn\n|move|p1a: Great Tusk|Earthquake|p2a: Arboliva\n|-resisted|p2a: Arboliva\n|-damage|p2a: Arboliva|17\/100 brn\n|\n|-weather|RainDance|[upkeep]\n|-damage|p2a: Arboliva|11\/100 brn|[from] brn\n|-item|p2a: Arboliva|Iapapa Berry|[from] ability: Harvest\n|upkeep\n|-enditem|p2a: Arboliva|Iapapa Berry|[eat]\n|-heal|p2a: Arboliva|44\/100 brn|[from] item: Iapapa Berry\n|turn|28\n|\n|t:|1700606677\n|move|p1a: Great Tusk|Close Combat|p2a: Arboliva\n|-supereffective|p2a: Arboliva\n|-damage|p2a: Arboliva|0 fnt\n|-unboost|p1a: Great Tusk|def|1\n|-unboost|p1a: Great Tusk|spd|1\n|faint|p2a: Arboliva\n|\n|-weather|none\n|upkeep\n|\n|t:|1700606688\n|switch|p2a: Barraskewda|Barraskewda, F, tera:Poison|100\/100\n|turn|29\n|\n|t:|1700606698\n|-end|p1a: Great Tusk|Protosynthesis|[silent]\n|switch|p1a: Enamorus|Enamorus, F, tera:Fairy|11\/100\n|move|p2a: Barraskewda|Liquidation|p1a: Enamorus\n|-damage|p1a: Enamorus|0 fnt\n|faint|p1a: Enamorus\n|\n|upkeep\n|\n|t:|1700606708\n|switch|p1a: Great Tusk|Great Tusk|100\/100\n|turn|30\n|\n|t:|1700606713\n|move|p2a: Barraskewda|Liquidation|p1a: Great Tusk\n|-supereffective|p1a: Great Tusk\n|-damage|p1a: Great Tusk|9\/100\n|-unboost|p1a: Great Tusk|def|1\n|move|p1a: Great Tusk|Earthquake|p2a: Barraskewda\n|-supereffective|p2a: Barraskewda\n|-damage|p2a: Barraskewda|0 fnt\n|faint|p2a: Barraskewda\n|\n|win|FartyMc6\n|raw|FartyMc6's rating: 1154 &rarr; <strong>1183<\/strong><br \/>(+29 for winning)\n|raw|mikelrada98's rating: 1216 &rarr; <strong>1187<\/strong><br \/>(-29 for losing)\n|c|\u2606FartyMc6|gg stinky get rekt\n|l|\u2606mikelrada98\n","uploadtime":1700606793,"views":13,"p1id":"fartymc6","p2id":"mikelrada98","formatid":"gen9ou","rating":1183,"private":0,"password":""}