{"id":"gen9ou-1998101102","p1":"yeziqie","p2":"Tyguy0923","format":"[Gen 9] OU","log":"|j|\u2606yeziqie\n|j|\u2606Tyguy0923\n|t:|1700891453\n|gametype|singles\n|player|p1|yeziqie|170|1406\n|player|p2|Tyguy0923|266|1502\n|teamsize|p1|6\n|teamsize|p2|6\n|gen|9\n|tier|[Gen 9] OU\n|rated|\n|rule|Sleep Clause Mod: Limit one foe put to sleep\n|rule|Species Clause: Limit one of each Pok\u00e9mon\n|rule|OHKO Clause: OHKO moves are banned\n|rule|Evasion Items Clause: Evasion items are banned\n|rule|Evasion Moves Clause: Evasion moves are banned\n|rule|Endless Battle Clause: Forcing endless battles is banned\n|rule|HP Percentage Mod: HP is shown in percentages\n|clearpoke\n|poke|p1|Ribombee, M|\n|poke|p1|Kleavor, M|\n|poke|p1|Scizor, F|\n|poke|p1|Lokix, F|\n|poke|p1|Yanmega, F|\n|poke|p1|Iron Thorns|\n|poke|p2|Ting-Lu|\n|poke|p2|Garchomp, F|\n|poke|p2|Cinderace, F|\n|poke|p2|Gholdengo|\n|poke|p2|Ogerpon-Wellspring, F|\n|poke|p2|Corviknight, F|\n|teampreview\n|\n|t:|1700891477\n|start\n|switch|p1a: Lokix|Lokix, F|100\/100\n|switch|p2a: Cinderace|Cinderace, F|100\/100\n|turn|1\n|inactive|Battle timer is ON: inactive players will automatically lose when time's up. (requested by yeziqie)\n|\n|t:|1700891526\n|switch|p1a: Iron Thorns|Iron Thorns|100\/100\n|move|p2a: Cinderace|Will-O-Wisp|p1a: Iron Thorns\n|-status|p1a: Iron Thorns|brn\n|\n|-damage|p1a: Iron Thorns|94\/100 brn|[from] brn\n|upkeep\n|turn|2\n|inactive|Tyguy0923 has 120 seconds left.\n|\n|t:|1700891557\n|move|p2a: Cinderace|U-turn|p1a: Iron Thorns\n|-start|p2a: Cinderace|typechange|Bug|[from] ability: Libero\n|-damage|p1a: Iron Thorns|69\/100 brn\n|inactive|Tyguy0923 has 120 seconds left.\n|\n|t:|1700891573\n|switch|p2a: Ogerpon|Ogerpon-Wellspring, F|100\/100|[from] U-turn\n|move|p1a: Iron Thorns|Dragon Dance|p1a: Iron Thorns\n|-boost|p1a: Iron Thorns|atk|1\n|-boost|p1a: Iron Thorns|spe|1\n|\n|-damage|p1a: Iron Thorns|62\/100 brn|[from] brn\n|upkeep\n|turn|3\n|\n|t:|1700891584\n|-terastallize|p2a: Ogerpon|Water\n|detailschange|p2a: Ogerpon|Ogerpon-Wellspring-Tera, F, tera:Water\n|-ability|p2a: Ogerpon|Embody Aspect (Wellspring)|boost\n|-boost|p2a: Ogerpon|spd|1\n|move|p1a: Iron Thorns|Pin Missile|p2a: Ogerpon\n|-damage|p2a: Ogerpon|92\/100\n|-damage|p2a: Ogerpon|84\/100\n|-damage|p2a: Ogerpon|75\/100\n|-damage|p2a: Ogerpon|66\/100\n|-hitcount|p2a: Ogerpon|4\n|move|p2a: Ogerpon|Swords Dance|p2a: Ogerpon\n|-boost|p2a: Ogerpon|atk|2\n|\n|-damage|p1a: Iron Thorns|56\/100 brn|[from] brn\n|upkeep\n|turn|4\n|\n|t:|1700891607\n|move|p1a: Iron Thorns|Rock Blast|p2a: Ogerpon\n|-damage|p2a: Ogerpon|53\/100\n|-damage|p2a: Ogerpon|39\/100\n|-damage|p2a: Ogerpon|27\/100\n|-damage|p2a: Ogerpon|13\/100\n|-damage|p2a: Ogerpon|1\/100\n|-hitcount|p2a: Ogerpon|5\n|move|p2a: Ogerpon|Horn Leech|p1a: Iron Thorns\n|-supereffective|p1a: Iron Thorns\n|-damage|p1a: Iron Thorns|0 fnt\n|-heal|p2a: Ogerpon|32\/100|[from] drain|[of] p1a: Iron Thorns\n|faint|p1a: Iron Thorns\n|-end|p1a: Iron Thorns|Quark Drive|[silent]\n|\n|upkeep\n|\n|t:|1700891622\n|switch|p1a: Lokix|Lokix, F|100\/100\n|turn|5\n|inactive|Tyguy0923 has 120 seconds left.\n|\n|t:|1700891642\n|switch|p2a: Garchomp|Garchomp, F|100\/100\n|move|p1a: Lokix|First Impression|p2a: Garchomp\n|-damage|p2a: Garchomp|59\/100\n|-damage|p1a: Lokix|88\/100|[from] ability: Rough Skin|[of] p2a: Garchomp\n|-damage|p1a: Lokix|72\/100|[from] item: Rocky Helmet|[of] p2a: Garchomp\n|\n|upkeep\n|turn|6\n|\n|t:|1700891657\n|switch|p1a: Ribombee|Ribombee, M|100\/100\n|move|p2a: Garchomp|Stealth Rock|p1a: Ribombee\n|-sidestart|p1: yeziqie|move: Stealth Rock\n|\n|upkeep\n|turn|7\n|\n|t:|1700891683\n|switch|p2a: Corviknight|Corviknight, F|100\/100\n|-ability|p2a: Corviknight|Pressure\n|move|p1a: Ribombee|Sticky Web|p2a: Corviknight\n|-sidestart|p2: Tyguy0923|move: Sticky Web\n|\n|upkeep\n|turn|8\n|\n|t:|1700891694\n|move|p1a: Ribombee|Stun Spore|p2a: Corviknight\n|-status|p2a: Corviknight|par\n|move|p2a: Corviknight|Iron Defense|p2a: Corviknight\n|-boost|p2a: Corviknight|def|2\n|\n|upkeep\n|turn|9\n|\n|t:|1700891704\n|switch|p1a: Yanmega|Yanmega, F|100\/100\n|-damage|p1a: Yanmega|51\/100|[from] Stealth Rock\n|move|p2a: Corviknight|Body Press|p1a: Yanmega\n|-resisted|p1a: Yanmega\n|-damage|p1a: Yanmega|35\/100\n|\n|upkeep\n|turn|10\n|inactive|Tyguy0923 has 90 seconds left.\n|\n|t:|1700891745\n|-terastallize|p1a: Yanmega|Flying\n|move|p1a: Yanmega|Air Slash|p2a: Corviknight\n|-resisted|p2a: Corviknight\n|-damage|p2a: Corviknight|34\/100 par\n|move|p2a: Corviknight|U-turn|p1a: Yanmega\n|-resisted|p1a: Yanmega\n|-damage|p1a: Yanmega|26\/100\n|inactive|Tyguy0923 has 60 seconds left.\n|\n|t:|1700891764\n|switch|p2a: Ting-Lu|Ting-Lu|100\/100|[from] U-turn\n|-activate|p2a: Ting-Lu|move: Sticky Web\n|-unboost|p2a: Ting-Lu|spe|1\n|-ability|p2a: Ting-Lu|Vessel of Ruin\n|\n|upkeep\n|turn|11\n|inactive|Tyguy0923 has 60 seconds left.\n|\n|t:|1700891770\n|move|p1a: Yanmega|Air Slash|p2a: Ting-Lu\n|-damage|p2a: Ting-Lu|65\/100\n|move|p2a: Ting-Lu|Whirlwind|p1a: Yanmega\n|drag|p1a: Lokix|Lokix, F|72\/100\n|-damage|p1a: Lokix|47\/100|[from] Stealth Rock\n|\n|-heal|p2a: Ting-Lu|71\/100|[from] item: Leftovers\n|upkeep\n|turn|12\n|inactive|Tyguy0923 has 60 seconds left.\n|\n|t:|1700891789\n|switch|p2a: Corviknight|Corviknight, F|34\/100 par\n|-ability|p2a: Corviknight|Pressure\n|move|p1a: Lokix|Leech Life|p2a: Corviknight\n|-resisted|p2a: Corviknight\n|-damage|p2a: Corviknight|16\/100 par\n|-heal|p1a: Lokix|59\/100|[from] drain|[of] p2a: Corviknight\n|\n|-heal|p2a: Corviknight|22\/100 par|[from] item: Leftovers\n|upkeep\n|turn|13\n|inactive|Tyguy0923 has 60 seconds left.\n|\n|t:|1700891801\n|move|p1a: Lokix|Leech Life|p2a: Corviknight\n|-resisted|p2a: Corviknight\n|-damage|p2a: Corviknight|5\/100 par\n|-heal|p1a: Lokix|71\/100|[from] drain|[of] p2a: Corviknight\n|cant|p2a: Corviknight|par\n|\n|-heal|p2a: Corviknight|11\/100 par|[from] item: Leftovers\n|upkeep\n|turn|14\n|\n|t:|1700891808\n|move|p1a: Lokix|Leech Life|p2a: Corviknight\n|-resisted|p2a: Corviknight\n|-damage|p2a: Corviknight|0 fnt\n|-heal|p1a: Lokix|79\/100|[from] drain|[of] p2a: Corviknight\n|faint|p2a: Corviknight\n|\n|upkeep\n|\n|t:|1700891818\n|switch|p2a: Garchomp|Garchomp, F|59\/100\n|-activate|p2a: Garchomp|move: Sticky Web\n|-unboost|p2a: Garchomp|spe|1\n|turn|15\n|\n|t:|1700891830\n|switch|p1a: Yanmega|Yanmega, F, tera:Flying|26\/100\n|-damage|p1a: Yanmega|1\/100|[from] Stealth Rock\n|move|p2a: Garchomp|Spikes|p1a: Yanmega\n|-sidestart|p1: yeziqie|Spikes\n|\n|upkeep\n|turn|16\n|inactive|Tyguy0923 has 60 seconds left.\n|\n|t:|1700891847\n|move|p1a: Yanmega|Bug Buzz|p2a: Garchomp\n|-damage|p2a: Garchomp|0 fnt\n|faint|p2a: Garchomp\n|\n|upkeep\n|inactive|Tyguy0923 has 60 seconds left.\n|\n|t:|1700891855\n|switch|p2a: Ting-Lu|Ting-Lu|71\/100\n|-activate|p2a: Ting-Lu|move: Sticky Web\n|-unboost|p2a: Ting-Lu|spe|1\n|-ability|p2a: Ting-Lu|Vessel of Ruin\n|turn|17\n|\n|t:|1700891861\n|move|p1a: Yanmega|Bug Buzz|p2a: Ting-Lu\n|-supereffective|p2a: Ting-Lu\n|-damage|p2a: Ting-Lu|10\/100\n|move|p2a: Ting-Lu|Whirlwind|p1a: Yanmega\n|drag|p1a: Ribombee|Ribombee, M|100\/100\n|-damage|p1a: Ribombee|76\/100|[from] Stealth Rock\n|-damage|p1a: Ribombee|63\/100|[from] Spikes\n|\n|-heal|p2a: Ting-Lu|16\/100|[from] item: Leftovers\n|upkeep\n|turn|18\n|\n|t:|1700891874\n|move|p1a: Ribombee|Moonblast|p2a: Ting-Lu\n|-supereffective|p2a: Ting-Lu\n|-damage|p2a: Ting-Lu|0 fnt\n|faint|p2a: Ting-Lu\n|\n|upkeep\n|inactive|Tyguy0923 has 60 seconds left.\n|\n|t:|1700891906\n|switch|p2a: Cinderace|Cinderace, F|100\/100\n|turn|19\n|\n|t:|1700891912\n|move|p1a: Ribombee|Stun Spore|p2a: Cinderace\n|-status|p2a: Cinderace|par\n|move|p2a: Cinderace|Pyro Ball|p1a: Ribombee\n|-supereffective|p1a: Ribombee\n|-damage|p1a: Ribombee|0 fnt\n|faint|p1a: Ribombee\n|\n|upkeep\n|\n|t:|1700891920\n|switch|p1a: Kleavor|Kleavor, M|100\/100\n|-damage|p1a: Kleavor|76\/100|[from] Stealth Rock\n|-damage|p1a: Kleavor|63\/100|[from] Spikes\n|turn|20\n|\n|t:|1700891941\n|move|p1a: Kleavor|Night Slash|p2a: Cinderace\n|-damage|p2a: Cinderace|56\/100 par\n|move|p2a: Cinderace|Pyro Ball|p1a: Kleavor\n|-damage|p1a: Kleavor|2\/100\n|\n|upkeep\n|turn|21\n|\n|t:|1700891951\n|move|p1a: Kleavor|Night Slash|p2a: Cinderace\n|-damage|p2a: Cinderace|13\/100 par\n|cant|p2a: Cinderace|par\n|\n|upkeep\n|turn|22\n|\n|t:|1700891956\n|move|p1a: Kleavor|Night Slash|p2a: Cinderace\n|-damage|p2a: Cinderace|0 fnt\n|faint|p2a: Cinderace\n|\n|upkeep\n|\n|t:|1700891965\n|switch|p2a: Ogerpon|Ogerpon-Wellspring-Tera, F, tera:Water|32\/100\n|-activate|p2a: Ogerpon|move: Sticky Web\n|-unboost|p2a: Ogerpon|spe|1\n|-ability|p2a: Ogerpon|Embody Aspect (Wellspring)|boost\n|-boost|p2a: Ogerpon|spd|1\n|turn|23\n|\n|t:|1700891971\n|move|p1a: Kleavor|Night Slash|p2a: Ogerpon\n|-damage|p2a: Ogerpon|0 fnt\n|faint|p2a: Ogerpon\n|\n|upkeep\n|\n|t:|1700891976\n|switch|p2a: Gholdengo|Gholdengo|100\/100\n|-activate|p2a: Gholdengo|move: Sticky Web\n|-unboost|p2a: Gholdengo|spe|1\n|turn|24\n|inactive|Tyguy0923 has 60 seconds left.\n|\n|t:|1700891991\n|move|p1a: Kleavor|Night Slash|p2a: Gholdengo\n|-supereffective|p2a: Gholdengo\n|-crit|p2a: Gholdengo\n|-damage|p2a: Gholdengo|0 fnt\n|faint|p2a: Gholdengo\n|\n|win|yeziqie\n|raw|yeziqie's rating: 1406 &rarr; <strong>1431<\/strong><br \/>(+25 for winning)\n|raw|Tyguy0923's rating: 1502 &rarr; <strong>1477<\/strong><br \/>(-25 for losing)\n|l|\u2606Tyguy0923\n","uploadtime":1700891998,"views":8,"p1id":"yeziqie","p2id":"tyguy0923","formatid":"gen9ou","rating":1431,"private":0,"password":""}