{"id":"gen9ou-1996026014","p1":"FiresBZ","p2":"420 meme 69","format":"[Gen 9] OU","log":"|j|\u2606FiresBZ\n|j|\u2606420 meme 69\n|t:|1700631359\n|gametype|singles\n|player|p1|FiresBZ|rocketgruntf|1726\n|player|p2|420 meme 69|266|1744\n|teamsize|p1|6\n|teamsize|p2|6\n|gen|9\n|tier|[Gen 9] OU\n|rated|\n|rule|Sleep Clause Mod: Limit one foe put to sleep\n|rule|Species Clause: Limit one of each Pok\u00e9mon\n|rule|OHKO Clause: OHKO moves are banned\n|rule|Evasion Items Clause: Evasion items are banned\n|rule|Evasion Moves Clause: Evasion moves are banned\n|rule|Endless Battle Clause: Forcing endless battles is banned\n|rule|HP Percentage Mod: HP is shown in percentages\n|clearpoke\n|poke|p1|Maushold|\n|poke|p1|Samurott-Hisui, M|\n|poke|p1|Kingambit, F|\n|poke|p1|Garganacl, M|\n|poke|p1|Amoonguss, M|\n|poke|p1|Weavile, F|\n|poke|p2|Ting-Lu|\n|poke|p2|Garganacl, F|\n|poke|p2|Toxapex, F|\n|poke|p2|Tornadus-Therian, M|\n|poke|p2|Kommo-o, F|\n|poke|p2|Gholdengo|\n|teampreview\n|inactive|Battle timer is ON: inactive players will automatically lose when time's up. (requested by 420 meme 69)\n|j| nacknom\n|\n|t:|1700631378\n|start\n|switch|p1a: sussy sundays|Amoonguss, M|100\/100\n|switch|p2a: Tornadus|Tornadus-Therian, M|100\/100\n|turn|1\n|\n|t:|1700631386\n|switch|p1a: salty spitoon|Garganacl, M|100\/100\n|move|p2a: Tornadus|Bleakwind Storm|p1a: salty spitoon|[miss]\n|-miss|p2a: Tornadus|p1a: salty spitoon\n|\n|upkeep\n|turn|2\n|\n|t:|1700631393\n|move|p2a: Tornadus|Knock Off|p1a: salty spitoon\n|-damage|p1a: salty spitoon|84\/100\n|-enditem|p1a: salty spitoon|Leftovers|[from] move: Knock Off|[of] p2a: Tornadus\n|move|p1a: salty spitoon|Salt Cure|p2a: Tornadus\n|-supereffective|p2a: Tornadus\n|-crit|p2a: Tornadus\n|-damage|p2a: Tornadus|38\/100\n|-start|p2a: Tornadus|Salt Cure\n|\n|-damage|p2a: Tornadus|26\/100|[from] Salt Cure\n|upkeep\n|turn|3\n|\n|t:|1700631396\n|move|p2a: Tornadus|U-turn|p1a: salty spitoon\n|-damage|p1a: salty spitoon|72\/100\n|\n|t:|1700631398\n|switch|p2a: Ting-Lu|Ting-Lu|100\/100|[from] U-turn\n|-ability|p2a: Ting-Lu|Vessel of Ruin\n|move|p1a: salty spitoon|Salt Cure|p2a: Ting-Lu\n|-resisted|p2a: Ting-Lu\n|-damage|p2a: Ting-Lu|97\/100\n|-start|p2a: Ting-Lu|Salt Cure\n|\n|-heal|p2a: Ting-Lu|100\/100|[from] item: Leftovers\n|-damage|p2a: Ting-Lu|88\/100|[from] Salt Cure\n|upkeep\n|turn|4\n|\n|t:|1700631401\n|switch|p1a: SQUEAK SQUEAK MF|Maushold|100\/100\n|move|p2a: Ting-Lu|Spikes|p1a: SQUEAK SQUEAK MF\n|-sidestart|p1: FiresBZ|Spikes\n|\n|-heal|p2a: Ting-Lu|94\/100|[from] item: Leftovers\n|-damage|p2a: Ting-Lu|82\/100|[from] Salt Cure\n|upkeep\n|turn|5\n|\n|t:|1700631406\n|move|p1a: SQUEAK SQUEAK MF|Encore|p2a: Ting-Lu\n|-start|p2a: Ting-Lu|Encore\n|move|p2a: Ting-Lu|Spikes|p1a: SQUEAK SQUEAK MF\n|-sidestart|p1: FiresBZ|Spikes\n|\n|-heal|p2a: Ting-Lu|88\/100|[from] item: Leftovers\n|-damage|p2a: Ting-Lu|76\/100|[from] Salt Cure\n|upkeep\n|turn|6\n|\n|t:|1700631409\n|switch|p2a: Gholdengo|Gholdengo, shiny|100\/100\n|move|p1a: SQUEAK SQUEAK MF|Tidy Up|p1a: SQUEAK SQUEAK MF\n|-sideend|p1: FiresBZ|Spikes\n|-activate|p1a: SQUEAK SQUEAK MF|move: Tidy Up\n|-boost|p1a: SQUEAK SQUEAK MF|atk|1\n|-boost|p1a: SQUEAK SQUEAK MF|spe|1\n|\n|upkeep\n|turn|7\n|\n|t:|1700631422\n|switch|p1a: samurabbi's code|Samurott-Hisui, M, shiny|100\/100\n|move|p2a: Gholdengo|Thunder Wave|p1a: samurabbi's code\n|-status|p1a: samurabbi's code|par\n|\n|upkeep\n|turn|8\n|\n|t:|1700631427\n|switch|p2a: Kommo-o|Kommo-o, F|100\/100\n|move|p1a: samurabbi's code|Ceaseless Edge|p2a: Kommo-o\n|-resisted|p2a: Kommo-o\n|-damage|p2a: Kommo-o|87\/100\n|-sidestart|p2: 420 meme 69|Spikes\n|\n|upkeep\n|turn|9\n|\n|t:|1700631445\n|switch|p1a: sussy sundays|Amoonguss, M|100\/100\n|move|p2a: Kommo-o|Stealth Rock|p1a: sussy sundays\n|-sidestart|p1: FiresBZ|move: Stealth Rock\n|\n|upkeep\n|turn|10\n|\n|t:|1700631452\n|switch|p2a: Gholdengo|Gholdengo, shiny|100\/100\n|-damage|p2a: Gholdengo|88\/100|[from] Spikes\n|move|p1a: sussy sundays|Spore|p2a: Gholdengo\n|-immune|p2a: Gholdengo|[from] ability: Good as Gold\n|\n|-heal|p2a: Gholdengo|94\/100|[from] item: Leftovers\n|upkeep\n|turn|11\n|\n|t:|1700631459\n|move|p2a: Gholdengo|Thunder Wave|p1a: sussy sundays\n|-status|p1a: sussy sundays|par\n|cant|p1a: sussy sundays|par\n|\n|-heal|p2a: Gholdengo|99\/100|[from] item: Leftovers\n|upkeep\n|turn|12\n|\n|t:|1700631463\n|move|p2a: Gholdengo|Nasty Plot|p2a: Gholdengo\n|-boost|p2a: Gholdengo|spa|2\n|move|p1a: sussy sundays|Spore|p2a: Gholdengo\n|-immune|p2a: Gholdengo|[from] ability: Good as Gold\n|\n|-heal|p2a: Gholdengo|100\/100|[from] item: Leftovers\n|upkeep\n|turn|13\n|\n|t:|1700631469\n|switch|p1a: scholar of mates|Kingambit, F|100\/100\n|-damage|p1a: scholar of mates|94\/100|[from] Stealth Rock\n|move|p2a: Gholdengo|Hex|p1a: scholar of mates\n|-resisted|p1a: scholar of mates\n|-damage|p1a: scholar of mates|65\/100\n|\n|-heal|p1a: scholar of mates|71\/100|[from] item: Leftovers\n|upkeep\n|turn|14\n|\n|t:|1700631476\n|switch|p2a: Ting-Lu|Ting-Lu|76\/100\n|-damage|p2a: Ting-Lu|63\/100|[from] Spikes\n|-ability|p2a: Ting-Lu|Vessel of Ruin\n|move|p1a: scholar of mates|Kowtow Cleave|p2a: Ting-Lu\n|-resisted|p2a: Ting-Lu\n|-damage|p2a: Ting-Lu|49\/100\n|\n|-heal|p1a: scholar of mates|77\/100|[from] item: Leftovers\n|-heal|p2a: Ting-Lu|55\/100|[from] item: Leftovers\n|upkeep\n|turn|15\n|j| Adrift and Alone\n|j| froslass2themoon\n|inactive|FiresBZ has 120 seconds left.\n|\n|t:|1700631507\n|move|p1a: scholar of mates|Low Kick|p2a: Ting-Lu\n|-supereffective|p2a: Ting-Lu\n|-damage|p2a: Ting-Lu|3\/100\n|move|p2a: Ting-Lu|Spikes|p1a: scholar of mates\n|-sidestart|p1: FiresBZ|Spikes\n|\n|-heal|p1a: scholar of mates|83\/100|[from] item: Leftovers\n|-heal|p2a: Ting-Lu|9\/100|[from] item: Leftovers\n|upkeep\n|turn|16\n|inactive|FiresBZ has 120 seconds left.\n|\n|t:|1700631520\n|move|p1a: scholar of mates|Kowtow Cleave|p2a: Ting-Lu\n|-resisted|p2a: Ting-Lu\n|-damage|p2a: Ting-Lu|0 fnt\n|faint|p2a: Ting-Lu\n|\n|-heal|p1a: scholar of mates|89\/100|[from] item: Leftovers\n|upkeep\n|\n|t:|1700631523\n|switch|p2a: Kommo-o|Kommo-o, F|87\/100\n|turn|17\n|\n|t:|1700631530\n|-end|p1a: scholar of mates|fallenundefined|[silent]\n|switch|p1a: sussy sundays|Amoonguss, M|100\/100 par\n|-damage|p1a: sussy sundays|88\/100 par|[from] Stealth Rock\n|-damage|p1a: sussy sundays|75\/100 par|[from] Spikes\n|move|p2a: Kommo-o|Dragon Tail|p1a: sussy sundays\n|-damage|p1a: sussy sundays|59\/100 par\n|drag|p1a: scholar of mates|Kingambit, F|89\/100\n|-damage|p1a: scholar of mates|83\/100|[from] Stealth Rock\n|-damage|p1a: scholar of mates|71\/100|[from] Spikes\n|\n|-heal|p1a: scholar of mates|77\/100|[from] item: Leftovers\n|upkeep\n|turn|18\n|\n|t:|1700631540\n|-end|p1a: scholar of mates|fallenundefined|[silent]\n|switch|p1a: sussy sundays|Amoonguss, M|92\/100 par\n|-damage|p1a: sussy sundays|79\/100 par|[from] Stealth Rock\n|-damage|p1a: sussy sundays|67\/100 par|[from] Spikes\n|move|p2a: Kommo-o|Body Press|p1a: sussy sundays\n|-resisted|p1a: sussy sundays\n|-damage|p1a: sussy sundays|51\/100 par\n|-enditem|p1a: sussy sundays|Red Card|[of] p2a: Kommo-o\n|drag|p2a: Toxapex|Toxapex, F|100\/100\n|-damage|p2a: Toxapex|88\/100|[from] Spikes\n|\n|-heal|p2a: Toxapex|94\/100|[from] item: Black Sludge\n|upkeep\n|turn|19\n|\n|t:|1700631562\n|switch|p1a: samurabbi's code|Samurott-Hisui, M, shiny|100\/100 par\n|-damage|p1a: samurabbi's code|88\/100 par|[from] Stealth Rock\n|-damage|p1a: samurabbi's code|76\/100 par|[from] Spikes\n|move|p2a: Toxapex|Toxic Spikes|p1a: samurabbi's code\n|-sidestart|p1: FiresBZ|move: Toxic Spikes\n|\n|-heal|p2a: Toxapex|100\/100|[from] item: Black Sludge\n|upkeep\n|turn|20\n|\n|t:|1700631569\n|switch|p2a: Kommo-o|Kommo-o, F|87\/100\n|cant|p1a: samurabbi's code|par\n|\n|upkeep\n|turn|21\n|\n|t:|1700631579\n|switch|p1a: sussy sundays|Amoonguss, M|85\/100 par\n|-damage|p1a: sussy sundays|72\/100 par|[from] Stealth Rock\n|-damage|p1a: sussy sundays|60\/100 par|[from] Spikes\n|-sideend|p1: FiresBZ|move: Toxic Spikes|[of] p1a: sussy sundays\n|move|p2a: Kommo-o|Dragon Tail|p1a: sussy sundays\n|-damage|p1a: sussy sundays|44\/100 par\n|drag|p1a: SQUEAK SQUEAK MF|Maushold|100\/100\n|-damage|p1a: SQUEAK SQUEAK MF|88\/100|[from] Stealth Rock\n|-damage|p1a: SQUEAK SQUEAK MF|76\/100|[from] Spikes\n|\n|upkeep\n|turn|22\n|j| PQPP214\n|c| nacknom|baus activated\n|\n|t:|1700631600\n|move|p1a: SQUEAK SQUEAK MF|Tidy Up|p1a: SQUEAK SQUEAK MF\n|-sideend|p1: FiresBZ|Spikes\n|-sideend|p1: FiresBZ|Stealth Rock\n|-sideend|p2: 420 meme 69|Spikes\n|-activate|p1a: SQUEAK SQUEAK MF|move: Tidy Up\n|-boost|p1a: SQUEAK SQUEAK MF|atk|1\n|-boost|p1a: SQUEAK SQUEAK MF|spe|1\n|move|p2a: Kommo-o|Body Press|p1a: SQUEAK SQUEAK MF\n|-supereffective|p1a: SQUEAK SQUEAK MF\n|-damage|p1a: SQUEAK SQUEAK MF|0 fnt\n|faint|p1a: SQUEAK SQUEAK MF\n|\n|upkeep\n|inactive|FiresBZ has 120 seconds left.\n|c| nacknom|baus deactivated\n|c|\u2606FiresBZ|goodbye baus\n|c| nacknom|on god worth tho lmao\n|inactive|FiresBZ has 90 seconds left.\n|inactive|FiresBZ has 60 seconds left.\n|\n|t:|1700631672\n|switch|p1a: salty spitoon|Garganacl, M|72\/100\n|turn|23\n|\n|t:|1700631681\n|-terastallize|p1a: salty spitoon|Fairy\n|move|p2a: Kommo-o|Body Press|p1a: salty spitoon\n|-resisted|p1a: salty spitoon\n|-damage|p1a: salty spitoon|56\/100\n|move|p1a: salty spitoon|Salt Cure|p2a: Kommo-o\n|-resisted|p2a: Kommo-o\n|-damage|p2a: Kommo-o|83\/100\n|-start|p2a: Kommo-o|Salt Cure\n|\n|-damage|p2a: Kommo-o|70\/100|[from] Salt Cure\n|upkeep\n|turn|24\n|\n|t:|1700631686\n|move|p2a: Kommo-o|Stealth Rock|p1a: salty spitoon\n|-sidestart|p1: FiresBZ|move: Stealth Rock\n|move|p1a: salty spitoon|Salt Cure|p2a: Kommo-o\n|-resisted|p2a: Kommo-o\n|-damage|p2a: Kommo-o|67\/100\n|\n|-damage|p2a: Kommo-o|54\/100|[from] Salt Cure\n|upkeep\n|turn|25\n|\n|t:|1700631688\n|switch|p2a: Toxapex|Toxapex, F|100\/100\n|move|p1a: salty spitoon|Recover|p1a: salty spitoon\n|-heal|p1a: salty spitoon|100\/100\n|\n|upkeep\n|turn|26\n|\n|t:|1700631691\n|move|p1a: salty spitoon|Salt Cure|p2a: Toxapex\n|-damage|p2a: Toxapex|90\/100\n|-start|p2a: Toxapex|Salt Cure\n|move|p2a: Toxapex|Toxic Spikes|p1a: salty spitoon\n|-sidestart|p1: FiresBZ|move: Toxic Spikes\n|\n|-heal|p2a: Toxapex|97\/100|[from] item: Black Sludge\n|-damage|p2a: Toxapex|72\/100|[from] Salt Cure\n|upkeep\n|turn|27\n|\n|t:|1700631697\n|move|p2a: Toxapex|Chilling Water|p1a: salty spitoon\n|-damage|p1a: salty spitoon|94\/100\n|-unboost|p1a: salty spitoon|atk|1\n|move|p1a: salty spitoon|Iron Defense|p1a: salty spitoon\n|-boost|p1a: salty spitoon|def|2\n|\n|-heal|p2a: Toxapex|78\/100|[from] item: Black Sludge\n|-damage|p2a: Toxapex|53\/100|[from] Salt Cure\n|upkeep\n|turn|28\n|\n|t:|1700631702\n|switch|p2a: Garganacl|Garganacl, F|100\/100\n|move|p1a: salty spitoon|Body Press|p2a: Garganacl\n|-supereffective|p2a: Garganacl\n|-damage|p2a: Garganacl|39\/100\n|\n|-heal|p2a: Garganacl|45\/100|[from] item: Leftovers\n|upkeep\n|turn|29\n|\n|t:|1700631709\n|-terastallize|p2a: Garganacl|Ghost\n|move|p1a: salty spitoon|Salt Cure|p2a: Garganacl\n|-damage|p2a: Garganacl|38\/100\n|-start|p2a: Garganacl|Salt Cure\n|move|p2a: Garganacl|Salt Cure|p1a: salty spitoon\n|-damage|p1a: salty spitoon|89\/100\n|-start|p1a: salty spitoon|Salt Cure\n|\n|-heal|p2a: Garganacl|45\/100|[from] item: Leftovers\n|-damage|p1a: salty spitoon|77\/100|[from] Salt Cure\n|-damage|p2a: Garganacl|32\/100|[from] Salt Cure\n|upkeep\n|turn|30\n|inactive|FiresBZ has 120 seconds left.\n|\n|t:|1700631721\n|switch|p1a: scholar of mates|Kingambit, F|77\/100\n|-damage|p1a: scholar of mates|71\/100|[from] Stealth Rock\n|-activate|p1a: scholar of mates|ability: Supreme Overlord\n|-start|p1a: scholar of mates|fallen1|[silent]\n|move|p2a: Garganacl|Recover|p2a: Garganacl\n|-heal|p2a: Garganacl|82\/100\n|\n|-heal|p1a: scholar of mates|77\/100|[from] item: Leftovers\n|-heal|p2a: Garganacl|89\/100|[from] item: Leftovers\n|-damage|p2a: Garganacl|76\/100|[from] Salt Cure\n|upkeep\n|turn|31\n|inactive|FiresBZ has 120 seconds left.\n|\n|t:|1700631734\n|switch|p2a: Toxapex|Toxapex, F|86\/100\n|move|p1a: scholar of mates|Low Kick|p2a: Toxapex\n|-resisted|p2a: Toxapex\n|-damage|p2a: Toxapex|79\/100\n|\n|-heal|p1a: scholar of mates|83\/100|[from] item: Leftovers\n|-heal|p2a: Toxapex|85\/100|[from] item: Black Sludge\n|upkeep\n|turn|32\n|\n|t:|1700631746\n|-end|p1a: scholar of mates|fallen1|[silent]\n|switch|p1a: sussy sundays|Amoonguss, M|78\/100 par\n|-damage|p1a: sussy sundays|65\/100 par|[from] Stealth Rock\n|-sideend|p1: FiresBZ|move: Toxic Spikes|[of] p1a: sussy sundays\n|move|p2a: Toxapex|Chilling Water|p1a: sussy sundays\n|-resisted|p1a: sussy sundays\n|-damage|p1a: sussy sundays|60\/100 par\n|-unboost|p1a: sussy sundays|atk|1\n|\n|-heal|p2a: Toxapex|92\/100|[from] item: Black Sludge\n|upkeep\n|turn|33\n|\n|t:|1700631756\n|switch|p2a: Gholdengo|Gholdengo, shiny|100\/100\n|switch|p1a: salty spitoon|Garganacl, M, tera:Fairy|77\/100\n|-damage|p1a: salty spitoon|64\/100|[from] Stealth Rock\n|\n|upkeep\n|turn|34\n|j| Ryu525\n|l| Adrift and Alone\n|\n|t:|1700631775\n|switch|p2a: Toxapex|Toxapex, F|100\/100\n|switch|p1a: samurabbi's code|Samurott-Hisui, M, shiny|76\/100 par\n|-damage|p1a: samurabbi's code|64\/100 par|[from] Stealth Rock\n|\n|upkeep\n|turn|35\n|\n|t:|1700631782\n|move|p1a: samurabbi's code|Ceaseless Edge|p2a: Toxapex\n|-crit|p2a: Toxapex\n|-damage|p2a: Toxapex|40\/100\n|-sidestart|p2: 420 meme 69|Spikes\n|move|p2a: Toxapex|Chilling Water|p1a: samurabbi's code\n|-resisted|p1a: samurabbi's code\n|-damage|p1a: samurabbi's code|57\/100 par\n|-unboost|p1a: samurabbi's code|atk|1\n|\n|-heal|p2a: Toxapex|46\/100|[from] item: Black Sludge\n|upkeep\n|turn|36\n|j| dfghhhg\n|\n|t:|1700631791\n|switch|p2a: Tornadus|Tornadus-Therian, M|59\/100\n|cant|p1a: samurabbi's code|par\n|\n|upkeep\n|turn|37\n|inactive|FiresBZ has 120 seconds left.\n|\n|t:|1700631837\n|move|p2a: Tornadus|Bleakwind Storm|p1a: samurabbi's code\n|-damage|p1a: samurabbi's code|0 fnt\n|faint|p1a: samurabbi's code\n|\n|upkeep\n|\n|t:|1700631840\n|switch|p1a: Sneasler-Sinnoh|Weavile, F|100\/100\n|-ability|p1a: Sneasler-Sinnoh|Pressure\n|turn|38\n|\n|t:|1700631848\n|switch|p2a: Toxapex|Toxapex, F|79\/100\n|-damage|p2a: Toxapex|67\/100|[from] Spikes\n|move|p1a: Sneasler-Sinnoh|Swords Dance|p1a: Sneasler-Sinnoh\n|-boost|p1a: Sneasler-Sinnoh|atk|2\n|\n|-heal|p2a: Toxapex|73\/100|[from] item: Black Sludge\n|upkeep\n|turn|39\n|inactive|FiresBZ has 120 seconds left.\n|\n|t:|1700631855\n|move|p1a: Sneasler-Sinnoh|Knock Off|p2a: Toxapex\n|-damage|p2a: Toxapex|0 fnt\n|-enditem|p2a: Toxapex|Black Sludge|[from] move: Knock Off|[of] p1a: Sneasler-Sinnoh\n|faint|p2a: Toxapex\n|\n|upkeep\n|\n|t:|1700631859\n|switch|p2a: Kommo-o|Kommo-o, F|54\/100\n|turn|40\n|\n|t:|1700631862\n|move|p1a: Sneasler-Sinnoh|Ice Spinner|p2a: Kommo-o\n|-supereffective|p2a: Kommo-o\n|-damage|p2a: Kommo-o|0 fnt\n|faint|p2a: Kommo-o\n|\n|upkeep\n|-message|420 meme 69 forfeited.\n|\n|win|FiresBZ\n|raw|FiresBZ's rating: 1726 &rarr; <strong>1747<\/strong><br \/>(+21 for winning)\n|raw|420 meme 69's rating: 1744 &rarr; <strong>1723<\/strong><br \/>(-21 for losing)\n|l|\u2606420 meme 69\n|c|\u2606FiresBZ|gg\n|l| froslass2themoon\n|l| PQPP214\n","uploadtime":1700631881,"views":1,"p1id":"firesbz","p2id":"420meme69","formatid":"gen9ou","rating":1723,"private":0,"password":""}