{"id":"gen9ou-1996743168","p1":"Nightdelver","p2":"TickledYou","format":"[Gen 9] OU","log":"|j|\u2606Nightdelver\n|j|\u2606TickledYou\n|t:|1700717728\n|gametype|singles\n|player|p1|Nightdelver|dahlia|1025\n|player|p2|TickledYou|265|1022\n|teamsize|p1|6\n|teamsize|p2|6\n|gen|9\n|tier|[Gen 9] OU\n|rated|\n|rule|Sleep Clause Mod: Limit one foe put to sleep\n|rule|Species Clause: Limit one of each Pok\u00e9mon\n|rule|OHKO Clause: OHKO moves are banned\n|rule|Evasion Items Clause: Evasion items are banned\n|rule|Evasion Moves Clause: Evasion moves are banned\n|rule|Endless Battle Clause: Forcing endless battles is banned\n|rule|HP Percentage Mod: HP is shown in percentages\n|clearpoke\n|poke|p1|Murkrow, M|\n|poke|p1|Salazzle, F|\n|poke|p1|Trevenant, M|\n|poke|p1|Dusclops, F|\n|poke|p1|Arcanine-Hisui, F|\n|poke|p1|Milotic, M|\n|poke|p2|Ceruledge, M|\n|poke|p2|Samurott-Hisui, M|\n|poke|p2|Iron Moth|\n|poke|p2|Pincurchin, F|\n|poke|p2|Corviknight, F|\n|poke|p2|Slowking-Galar, M|\n|teampreview\n|inactive|Battle timer is ON: inactive players will automatically lose when time's up. (requested by TickledYou)\n|\n|t:|1700717738\n|start\n|switch|p1a: Murkrow|Murkrow, M|100\/100\n|switch|p2a: Corviknight|Corviknight, F|100\/100\n|turn|1\n|\n|t:|1700717744\n|move|p1a: Murkrow|Taunt|p2a: Corviknight\n|-start|p2a: Corviknight|move: Taunt\n|move|p2a: Corviknight|U-turn|p1a: Murkrow\n|-damage|p1a: Murkrow|84\/100\n|\n|t:|1700717749\n|switch|p2a: Pincurchin|Pincurchin, F|100\/100|[from] U-turn\n|-fieldstart|move: Electric Terrain|[from] ability: Electric Surge|[of] p2a: Pincurchin\n|\n|upkeep\n|turn|2\n|\n|t:|1700717760\n|move|p1a: Murkrow|Tailwind|p1a: Murkrow\n|-sidestart|p1: Nightdelver|move: Tailwind\n|move|p2a: Pincurchin|Zing Zap|p1a: Murkrow\n|-supereffective|p1a: Murkrow\n|-damage|p1a: Murkrow|5\/100\n|\n|upkeep\n|turn|3\n|\n|t:|1700717778\n|move|p2a: Pincurchin|Sucker Punch|p1a: Murkrow\n|-resisted|p1a: Murkrow\n|-damage|p1a: Murkrow|0 fnt\n|faint|p1a: Murkrow\n|\n|upkeep\n|\n|t:|1700717798\n|switch|p1a: Arcanine|Arcanine-Hisui, F|100\/100\n|turn|4\n|\n|t:|1700717811\n|move|p1a: Arcanine|Head Smash|p2a: Pincurchin\n|-damage|p2a: Pincurchin|35\/100\n|move|p2a: Pincurchin|Thunder Wave|p1a: Arcanine\n|-status|p1a: Arcanine|par\n|\n|-heal|p2a: Pincurchin|41\/100|[from] item: Leftovers\n|upkeep\n|turn|5\n|\n|t:|1700717830\n|switch|p2a: Corviknight|Corviknight, F|100\/100\n|move|p1a: Arcanine|Head Smash|p2a: Corviknight\n|-damage|p2a: Corviknight|56\/100\n|\n|-heal|p2a: Corviknight|62\/100|[from] item: Leftovers\n|-sideend|p1: Nightdelver|move: Tailwind\n|-fieldend|move: Electric Terrain\n|upkeep\n|turn|6\n|\n|t:|1700717845\n|move|p2a: Corviknight|Iron Defense|p2a: Corviknight\n|-boost|p2a: Corviknight|def|2\n|move|p1a: Arcanine|Flare Blitz|p2a: Corviknight\n|-supereffective|p2a: Corviknight\n|-damage|p2a: Corviknight|23\/100\n|\n|-heal|p2a: Corviknight|29\/100|[from] item: Leftovers\n|upkeep\n|turn|7\n|l|\u2606Nightdelver\n|inactive|Nightdelver disconnected and has a minute to reconnect!\n|player|p1|\n|j|\u2606Nightdelver\n|inactive|Nightdelver reconnected and has 125 seconds left.\n|player|p1|Nightdelver|dahlia\n|\n|t:|1700717868\n|move|p2a: Corviknight|Body Press|p1a: Arcanine\n|-supereffective|p1a: Arcanine\n|-damage|p1a: Arcanine|0 fnt\n|faint|p1a: Arcanine\n|\n|-heal|p2a: Corviknight|35\/100|[from] item: Leftovers\n|upkeep\n|\n|t:|1700717875\n|switch|p1a: Dusclops|Dusclops, F|100\/100\n|-ability|p1a: Dusclops|Pressure\n|turn|8\n|\n|t:|1700717885\n|move|p2a: Corviknight|U-turn|p1a: Dusclops\n|-resisted|p1a: Dusclops\n|-damage|p1a: Dusclops|96\/100\n|\n|t:|1700717890\n|switch|p2a: Samurott|Samurott-Hisui, M|100\/100|[from] U-turn\n|move|p1a: Dusclops|Bind|p2a: Samurott|[miss]\n|-miss|p1a: Dusclops|p2a: Samurott\n|\n|upkeep\n|turn|9\n|\n|t:|1700717901\n|move|p2a: Samurott|Swords Dance|p2a: Samurott\n|-boost|p2a: Samurott|atk|2\n|move|p1a: Dusclops|Curse|p2a: Samurott\n|-start|p2a: Samurott|Curse|[of] p1a: Dusclops\n|-damage|p1a: Dusclops|46\/100\n|\n|-damage|p2a: Samurott|76\/100|[from] Curse\n|upkeep\n|turn|10\n|\n|t:|1700717910\n|move|p2a: Samurott|Ceaseless Edge|p1a: Dusclops\n|-supereffective|p1a: Dusclops\n|-damage|p1a: Dusclops|0 fnt\n|-sidestart|p1: Nightdelver|Spikes\n|faint|p1a: Dusclops\n|\n|-damage|p2a: Samurott|51\/100|[from] Curse\n|upkeep\n|\n|t:|1700717923\n|switch|p1a: Trevenant|Trevenant, M|100\/100\n|-damage|p1a: Trevenant|88\/100|[from] Spikes\n|turn|11\n|\n|t:|1700717930\n|move|p2a: Samurott|Ceaseless Edge|p1a: Trevenant\n|-supereffective|p1a: Trevenant\n|-damage|p1a: Trevenant|0 fnt\n|-sidestart|p1: Nightdelver|Spikes\n|faint|p1a: Trevenant\n|\n|-damage|p2a: Samurott|26\/100|[from] Curse\n|upkeep\n|l|\u2606Nightdelver\n|inactive|Nightdelver disconnected and has a minute to reconnect!\n|player|p1|\n|inactive|Nightdelver has 30 seconds to reconnect!\n|inactive|Nightdelver has 20 seconds to reconnect!\n|inactive|Nightdelver has 15 seconds to reconnect!\n|inactive|Nightdelver has 10 seconds to reconnect!\n|inactive|Nightdelver has 5 seconds to reconnect!\n|-message|Nightdelver lost due to inactivity.\n|\n|win|TickledYou\n|raw|Nightdelver's rating: 1025 &rarr; <strong>1011<\/strong><br \/>(-14 for losing)\n|raw|TickledYou's rating: 1022 &rarr; <strong>1059<\/strong><br \/>(+37 for winning)\n","uploadtime":1700717996,"views":4,"p1id":"nightdelver","p2id":"tickledyou","formatid":"gen9ou","rating":1011,"private":0,"password":""}