{"id":"gen9ou-1999481861","p1":"MrsEvans","p2":"ARandomBird ig","format":"[Gen 9] OU","log":"|j|\u2606MrsEvans\n|j|\u2606ARandomBird ig\n|t:|1701087139\n|gametype|singles\n|player|p1|MrsEvans|169|1461\n|player|p2|ARandomBird ig|volkner|1525\n|teamsize|p1|6\n|teamsize|p2|6\n|gen|9\n|tier|[Gen 9] OU\n|rated|\n|rule|Sleep Clause Mod: Limit one foe put to sleep\n|rule|Species Clause: Limit one of each Pok\u00e9mon\n|rule|OHKO Clause: OHKO moves are banned\n|rule|Evasion Items Clause: Evasion items are banned\n|rule|Evasion Moves Clause: Evasion moves are banned\n|rule|Endless Battle Clause: Forcing endless battles is banned\n|rule|HP Percentage Mod: HP is shown in percentages\n|clearpoke\n|poke|p1|Rillaboom, F|\n|poke|p1|Iron Valiant|\n|poke|p1|Alomomola, F|\n|poke|p1|Clodsire, F|\n|poke|p1|Cinderace, F|\n|poke|p1|Gholdengo|\n|poke|p2|Klawf, M|\n|poke|p2|Tornadus-Therian, M|\n|poke|p2|Alomomola, F|\n|poke|p2|Toxapex, M|\n|poke|p2|Mienshao, F|\n|poke|p2|Cyclizar, F|\n|teampreview\n|inactive|Battle timer is ON: inactive players will automatically lose when time's up. (requested by ARandomBird ig)\n|c|\u2606MrsEvans|did you really need six\n|\n|t:|1701087174\n|start\n|switch|p1a: Rillaboom|Rillaboom, F|100\/100\n|switch|p2a: Tornadus|Tornadus-Therian, M|100\/100\n|-fieldstart|move: Grassy Terrain|[from] ability: Grassy Surge|[of] p1a: Rillaboom\n|turn|1\n|\n|t:|1701087182\n|switch|p1a: Clodsire|Clodsire, F|100\/100\n|move|p2a: Tornadus|U-turn|p1a: Clodsire\n|-resisted|p1a: Clodsire\n|-damage|p1a: Clodsire|92\/100\n|\n|t:|1701087192\n|switch|p2a: Klawf|Klawf, M|100\/100|[from] U-turn\n|\n|-heal|p1a: Clodsire|98\/100|[from] Grassy Terrain\n|-heal|p1a: Clodsire|100\/100|[from] item: Leftovers\n|upkeep\n|turn|2\n|\n|t:|1701087205\n|move|p2a: Klawf|Stealth Rock|p1a: Clodsire\n|-sidestart|p1: MrsEvans|move: Stealth Rock\n|move|p1a: Clodsire|Earthquake|p2a: Klawf\n|-supereffective|p2a: Klawf\n|-damage|p2a: Klawf|82\/100\n|\n|-heal|p2a: Klawf|89\/100|[from] Grassy Terrain\n|upkeep\n|turn|3\n|\n|t:|1701087213\n|switch|p1a: Alomomola|Alomomola, F|100\/100\n|-damage|p1a: Alomomola|88\/100|[from] Stealth Rock\n|move|p2a: Klawf|High Horsepower|p1a: Alomomola\n|-damage|p1a: Alomomola|76\/100\n|-enditem|p1a: Alomomola|Red Card|[of] p2a: Klawf\n|drag|p2a: Toxapex|Toxapex, M|100\/100\n|\n|-heal|p1a: Alomomola|82\/100|[from] Grassy Terrain\n|upkeep\n|turn|4\n|\n|t:|1701087221\n|move|p1a: Alomomola|Flip Turn|p2a: Toxapex\n|-resisted|p2a: Toxapex\n|-damage|p2a: Toxapex|96\/100\n|\n|t:|1701087228\n|switch|p1a: Gholdengo|Gholdengo|100\/100|[from] Flip Turn\n|-damage|p1a: Gholdengo|94\/100|[from] Stealth Rock\n|move|p2a: Toxapex|Toxic|p1a: Gholdengo\n|-immune|p1a: Gholdengo|[from] ability: Good as Gold\n|\n|-heal|p1a: Gholdengo|100\/100|[from] Grassy Terrain\n|-heal|p2a: Toxapex|100\/100|[from] Grassy Terrain\n|upkeep\n|turn|5\n|\n|t:|1701087239\n|switch|p2a: Mienshao|Mienshao, F|100\/100\n|move|p1a: Gholdengo|Psyshock|p2a: Mienshao\n|-supereffective|p2a: Mienshao\n|-damage|p2a: Mienshao|1\/100\n|\n|-heal|p2a: Mienshao|7\/100|[from] Grassy Terrain\n|-fieldend|move: Grassy Terrain\n|upkeep\n|turn|6\n|\n|t:|1701087248\n|switch|p2a: Alomomola|Alomomola, F|100\/100\n|move|p1a: Gholdengo|Psyshock|p2a: Alomomola\n|-damage|p2a: Alomomola|84\/100\n|-enditem|p2a: Alomomola|Red Card|[of] p1a: Gholdengo\n|drag|p1a: Clodsire|Clodsire, F|100\/100\n|-damage|p1a: Clodsire|94\/100|[from] Stealth Rock\n|\n|-heal|p1a: Clodsire|100\/100|[from] item: Leftovers\n|upkeep\n|turn|7\n|\n|t:|1701087253\n|move|p2a: Alomomola|Wish|p2a: Alomomola\n|move|p1a: Clodsire|Toxic Spikes|p2a: Alomomola\n|-sidestart|p2: ARandomBird ig|move: Toxic Spikes\n|\n|upkeep\n|turn|8\n|\n|t:|1701087262\n|switch|p2a: Klawf|Klawf, M|100\/100\n|switch|p1a: Gholdengo|Gholdengo|100\/100\n|-damage|p1a: Gholdengo|94\/100|[from] Stealth Rock\n|\n|upkeep\n|turn|9\n|\n|t:|1701087272\n|switch|p2a: Toxapex|Toxapex, M|100\/100\n|-sideend|p2: ARandomBird ig|move: Toxic Spikes|[of] p2a: Toxapex\n|move|p1a: Gholdengo|Trick|p2a: Toxapex\n|-activate|p1a: Gholdengo|move: Trick|[of] p2a: Toxapex\n|-item|p2a: Toxapex|Choice Scarf|[from] move: Trick\n|-item|p1a: Gholdengo|Heavy-Duty Boots|[from] move: Trick\n|\n|upkeep\n|turn|10\n|\n|t:|1701087283\n|move|p1a: Gholdengo|Shadow Ball|p2a: Toxapex\n|-damage|p2a: Toxapex|64\/100\n|move|p2a: Toxapex|Surf|p1a: Gholdengo\n|-damage|p1a: Gholdengo|69\/100\n|\n|upkeep\n|turn|11\n|\n|t:|1701087288\n|switch|p2a: Cyclizar|Cyclizar, F|100\/100\n|move|p1a: Gholdengo|Psyshock|p2a: Cyclizar\n|-damage|p2a: Cyclizar|59\/100\n|\n|upkeep\n|turn|12\n|\n|t:|1701087305\n|switch|p1a: Cinderace|Cinderace, F|100\/100\n|move|p2a: Cyclizar|Knock Off|p1a: Cinderace\n|-damage|p1a: Cinderace|74\/100\n|-enditem|p1a: Cinderace|Heavy-Duty Boots|[from] move: Knock Off|[of] p2a: Cyclizar\n|\n|upkeep\n|turn|13\n|\n|t:|1701087316\n|move|p1a: Cinderace|Will-O-Wisp|p2a: Cyclizar\n|-status|p2a: Cyclizar|brn\n|move|p2a: Cyclizar|Rapid Spin|p1a: Cinderace\n|-damage|p1a: Cinderace|65\/100\n|-boost|p2a: Cyclizar|spe|1\n|\n|-damage|p2a: Cyclizar|53\/100 brn|[from] brn\n|upkeep\n|turn|14\n|\n|t:|1701087321\n|move|p2a: Cyclizar|U-turn|p1a: Cinderace\n|-resisted|p1a: Cinderace\n|-damage|p1a: Cinderace|60\/100\n|\n|t:|1701087324\n|switch|p2a: Tornadus|Tornadus-Therian, M|100\/100|[from] U-turn\n|move|p1a: Cinderace|Pyro Ball|p2a: Tornadus\n|-damage|p2a: Tornadus|37\/100\n|\n|upkeep\n|turn|15\n|\n|t:|1701087334\n|switch|p2a: Alomomola|Alomomola, F|100\/100\n|move|p1a: Cinderace|Pyro Ball|p2a: Alomomola|[miss]\n|-miss|p1a: Cinderace|p2a: Alomomola\n|\n|upkeep\n|turn|16\n|\n|t:|1701087340\n|move|p1a: Cinderace|U-turn|p2a: Alomomola\n|-start|p1a: Cinderace|typechange|Bug|[from] ability: Libero\n|-damage|p2a: Alomomola|83\/100\n|\n|t:|1701087347\n|switch|p1a: Rillaboom|Rillaboom, F|100\/100|[from] U-turn\n|-damage|p1a: Rillaboom|88\/100|[from] Stealth Rock\n|-fieldstart|move: Grassy Terrain|[from] ability: Grassy Surge|[of] p1a: Rillaboom\n|move|p2a: Alomomola|Scald|p1a: Rillaboom\n|-resisted|p1a: Rillaboom\n|-damage|p1a: Rillaboom|79\/100\n|\n|-heal|p1a: Rillaboom|86\/100|[from] Grassy Terrain\n|-heal|p2a: Alomomola|90\/100|[from] Grassy Terrain\n|upkeep\n|turn|17\n|\n|t:|1701087356\n|-terastallize|p2a: Alomomola|Flying\n|move|p1a: Rillaboom|Wood Hammer|p2a: Alomomola\n|-resisted|p2a: Alomomola\n|-damage|p2a: Alomomola|58\/100\n|-damage|p1a: Rillaboom|69\/100|[from] Recoil\n|move|p2a: Alomomola|Acrobatics|p1a: Rillaboom\n|-supereffective|p1a: Rillaboom\n|-damage|p1a: Rillaboom|3\/100\n|\n|-heal|p1a: Rillaboom|9\/100|[from] Grassy Terrain\n|upkeep\n|turn|18\n|\n|t:|1701087370\n|switch|p1a: Alomomola|Alomomola, F|100\/100\n|-damage|p1a: Alomomola|88\/100|[from] Stealth Rock\n|move|p2a: Alomomola|Flip Turn|p1a: Alomomola\n|-resisted|p1a: Alomomola\n|-damage|p1a: Alomomola|84\/100\n|\n|t:|1701087376\n|switch|p2a: Mienshao|Mienshao, F|40\/100|[from] Flip Turn\n|\n|-heal|p2a: Mienshao|46\/100|[from] Grassy Terrain\n|-heal|p1a: Alomomola|90\/100|[from] Grassy Terrain\n|upkeep\n|turn|19\n|\n|t:|1701087380\n|move|p2a: Mienshao|U-turn|p1a: Alomomola\n|-damage|p1a: Alomomola|73\/100\n|-damage|p2a: Mienshao|36\/100|[from] item: Life Orb\n|\n|t:|1701087383\n|switch|p2a: Toxapex|Toxapex, M|97\/100|[from] U-turn\n|move|p1a: Alomomola|Wish|p1a: Alomomola\n|\n|-heal|p1a: Alomomola|80\/100|[from] Grassy Terrain\n|-heal|p2a: Toxapex|100\/100|[from] Grassy Terrain\n|upkeep\n|turn|20\n|\n|t:|1701087395\n|move|p1a: Alomomola|Flip Turn|p2a: Toxapex\n|-resisted|p2a: Toxapex\n|-damage|p2a: Toxapex|96\/100\n|\n|t:|1701087397\n|switch|p1a: Gholdengo|Gholdengo|69\/100|[from] Flip Turn\n|move|p2a: Toxapex|Surf|p1a: Gholdengo\n|-damage|p1a: Gholdengo|45\/100\n|\n|-heal|p1a: Gholdengo|100\/100|[from] move: Wish|[wisher] Alomomola\n|-heal|p2a: Toxapex|100\/100|[from] Grassy Terrain\n|-fieldend|move: Grassy Terrain\n|upkeep\n|turn|21\n|\n|t:|1701087404\n|move|p1a: Gholdengo|Psyshock|p2a: Toxapex\n|-supereffective|p2a: Toxapex\n|-damage|p2a: Toxapex|67\/100\n|move|p2a: Toxapex|Surf|p1a: Gholdengo\n|-damage|p1a: Gholdengo|78\/100\n|\n|upkeep\n|turn|22\n|\n|t:|1701087409\n|move|p1a: Gholdengo|Psyshock|p2a: Toxapex\n|-supereffective|p2a: Toxapex\n|-damage|p2a: Toxapex|31\/100\n|move|p2a: Toxapex|Surf|p1a: Gholdengo\n|-damage|p1a: Gholdengo|54\/100\n|\n|upkeep\n|turn|23\n|\n|t:|1701087415\n|switch|p1a: Cinderace|Cinderace, F|60\/100\n|-damage|p1a: Cinderace|35\/100|[from] Stealth Rock\n|switch|p2a: Alomomola|Alomomola, F, tera:Flying|92\/100\n|\n|upkeep\n|turn|24\n|\n|t:|1701087421\n|move|p1a: Cinderace|Court Change|p1a: Cinderace\n|-start|p1a: Cinderace|typechange|Normal|[from] ability: Libero\n|-swapsideconditions\n|-activate|p1a: Cinderace|move: Court Change\n|move|p2a: Alomomola|Flip Turn|p1a: Cinderace\n|-damage|p1a: Cinderace|10\/100\n|\n|t:|1701087427\n|switch|p2a: Cyclizar|Cyclizar, F|86\/100 brn|[from] Flip Turn\n|\n|-damage|p2a: Cyclizar|80\/100 brn|[from] brn\n|upkeep\n|turn|25\n|\n|t:|1701087433\n|switch|p1a: Gholdengo|Gholdengo|54\/100\n|move|p2a: Cyclizar|Rapid Spin|p1a: Gholdengo\n|-immune|p1a: Gholdengo\n|\n|-damage|p2a: Cyclizar|74\/100 brn|[from] brn\n|upkeep\n|turn|26\n|\n|t:|1701087440\n|move|p2a: Cyclizar|Overheat|p1a: Gholdengo\n|-supereffective|p1a: Gholdengo\n|-damage|p1a: Gholdengo|0 fnt\n|-unboost|p2a: Cyclizar|spa|2\n|faint|p1a: Gholdengo\n|\n|-damage|p2a: Cyclizar|68\/100 brn|[from] brn\n|upkeep\n|\n|t:|1701087444\n|switch|p1a: Iron Valiant|Iron Valiant|100\/100\n|-enditem|p1a: Iron Valiant|Booster Energy\n|-activate|p1a: Iron Valiant|ability: Quark Drive|[fromitem]\n|-start|p1a: Iron Valiant|quarkdrivespe\n|turn|27\n|\n|t:|1701087462\n|switch|p2a: Toxapex|Toxapex, M|65\/100\n|-damage|p2a: Toxapex|52\/100|[from] Stealth Rock\n|move|p1a: Iron Valiant|Moonblast|p2a: Toxapex\n|-resisted|p2a: Toxapex\n|-damage|p2a: Toxapex|33\/100\n|\n|upkeep\n|turn|28\n|\n|t:|1701087472\n|switch|p2a: Alomomola|Alomomola, F, tera:Flying|100\/100\n|-damage|p2a: Alomomola|76\/100|[from] Stealth Rock\n|move|p1a: Iron Valiant|Psyshock|p2a: Alomomola\n|-damage|p2a: Alomomola|62\/100\n|\n|upkeep\n|turn|29\n|\n|t:|1701087484\n|-terastallize|p1a: Iron Valiant|Steel\n|move|p1a: Iron Valiant|Moonblast|p2a: Alomomola\n|-damage|p2a: Alomomola|10\/100\n|-unboost|p2a: Alomomola|spa|1\n|move|p2a: Alomomola|Acrobatics|p1a: Iron Valiant\n|-resisted|p1a: Iron Valiant\n|-damage|p1a: Iron Valiant|80\/100\n|\n|upkeep\n|turn|30\n|\n|t:|1701087493\n|switch|p2a: Toxapex|Toxapex, M|66\/100\n|-damage|p2a: Toxapex|53\/100|[from] Stealth Rock\n|move|p1a: Iron Valiant|Psyshock|p2a: Toxapex\n|-supereffective|p2a: Toxapex\n|-damage|p2a: Toxapex|21\/100\n|\n|upkeep\n|turn|31\n|\n|t:|1701087515\n|switch|p2a: Klawf|Klawf, M|100\/100\n|move|p1a: Iron Valiant|Psyshock|p2a: Klawf\n|-damage|p2a: Klawf|83\/100\n|\n|upkeep\n|turn|32\n|\n|t:|1701087533\n|move|p1a: Iron Valiant|Moonblast|p2a: Klawf\n|-damage|p2a: Klawf|12\/100\n|move|p2a: Klawf|High Horsepower|p1a: Iron Valiant\n|-supereffective|p1a: Iron Valiant\n|-damage|p1a: Iron Valiant|20\/100\n|\n|upkeep\n|turn|33\n|\n|t:|1701087544\n|switch|p2a: Toxapex|Toxapex, M|54\/100\n|-damage|p2a: Toxapex|42\/100|[from] Stealth Rock\n|move|p1a: Iron Valiant|Psyshock|p2a: Toxapex\n|-supereffective|p2a: Toxapex\n|-damage|p2a: Toxapex|11\/100\n|\n|upkeep\n|turn|34\n|\n|t:|1701087562\n|switch|p2a: Tornadus|Tornadus-Therian, M|70\/100\n|-damage|p2a: Tornadus|46\/100|[from] Stealth Rock\n|move|p1a: Iron Valiant|Moonblast|p2a: Tornadus\n|-damage|p2a: Tornadus|15\/100\n|-unboost|p2a: Tornadus|spa|1\n|\n|upkeep\n|turn|35\n|\n|t:|1701087575\n|move|p1a: Iron Valiant|Psyshock|p2a: Tornadus\n|-damage|p2a: Tornadus|0 fnt\n|faint|p2a: Tornadus\n|\n|upkeep\n|\n|t:|1701087578\n|switch|p2a: Mienshao|Mienshao, F|69\/100\n|-damage|p2a: Mienshao|63\/100|[from] Stealth Rock\n|turn|36\n|c|\u2606MrsEvans|Spare me the best 20 turns pls\n|\n|t:|1701087597\n|-end|p1a: Iron Valiant|Quark Drive|[silent]\n|switch|p1a: Alomomola|Alomomola, F|100\/100\n|move|p2a: Mienshao|Fake Out|p1a: Alomomola\n|-damage|p1a: Alomomola|92\/100\n|-damage|p2a: Mienshao|53\/100|[from] item: Life Orb\n|\n|upkeep\n|turn|37\n|\n|t:|1701087602\n|move|p2a: Mienshao|Close Combat|p1a: Alomomola\n|-damage|p1a: Alomomola|48\/100\n|-unboost|p2a: Mienshao|def|1\n|-unboost|p2a: Mienshao|spd|1\n|-damage|p2a: Mienshao|43\/100|[from] item: Life Orb\n|move|p1a: Alomomola|Wish|p1a: Alomomola\n|\n|upkeep\n|turn|38\n|\n|t:|1701087608\n|move|p2a: Mienshao|Close Combat|p1a: Alomomola\n|-damage|p1a: Alomomola|7\/100\n|-unboost|p2a: Mienshao|def|1\n|-unboost|p2a: Mienshao|spd|1\n|-damage|p2a: Mienshao|33\/100|[from] item: Life Orb\n|move|p1a: Alomomola|Flip Turn|p2a: Mienshao\n|-damage|p2a: Mienshao|0 fnt\n|faint|p2a: Mienshao\n|\n|t:|1701087615\n|switch|p1a: Rillaboom|Rillaboom, F|9\/100|[from] Flip Turn\n|-fieldstart|move: Grassy Terrain|[from] ability: Grassy Surge|[of] p1a: Rillaboom\n|\n|-heal|p1a: Rillaboom|87\/100|[from] move: Wish|[wisher] Alomomola\n|-heal|p1a: Rillaboom|93\/100|[from] Grassy Terrain\n|upkeep\n|\n|t:|1701087620\n|switch|p2a: Cyclizar|Cyclizar, F|100\/100 brn\n|turn|39\n|\n|t:|1701087629\n|switch|p1a: Clodsire|Clodsire, F|100\/100\n|move|p2a: Cyclizar|Rapid Spin|p1a: Clodsire\n|-damage|p1a: Clodsire|91\/100\n|-boost|p2a: Cyclizar|spe|1\n|-sideend|p2: ARandomBird ig|Stealth Rock|[from] move: Rapid Spin|[of] p2a: Cyclizar\n|\n|-heal|p1a: Clodsire|98\/100|[from] Grassy Terrain\n|-heal|p1a: Clodsire|100\/100|[from] item: Leftovers\n|-damage|p2a: Cyclizar|94\/100 brn|[from] brn\n|upkeep\n|turn|40\n|\n|t:|1701087640\n|move|p2a: Cyclizar|U-turn|p1a: Clodsire\n|-resisted|p1a: Clodsire\n|-damage|p1a: Clodsire|97\/100\n|\n|t:|1701087641\n|switch|p2a: Toxapex|Toxapex, M|44\/100|[from] U-turn\n|move|p1a: Clodsire|Poison Jab|p2a: Toxapex\n|-resisted|p2a: Toxapex\n|-damage|p2a: Toxapex|37\/100\n|\n|-heal|p2a: Toxapex|44\/100|[from] Grassy Terrain\n|-heal|p1a: Clodsire|100\/100|[from] Grassy Terrain\n|upkeep\n|turn|41\n|\n|t:|1701087648\n|switch|p1a: Rillaboom|Rillaboom, F|93\/100\n|move|p2a: Toxapex|Recover|p2a: Toxapex\n|-heal|p2a: Toxapex|94\/100\n|\n|-heal|p1a: Rillaboom|99\/100|[from] Grassy Terrain\n|-heal|p2a: Toxapex|99\/100|[from] Grassy Terrain\n|upkeep\n|turn|42\n|\n|t:|1701087657\n|switch|p2a: Cyclizar|Cyclizar, F|100\/100 brn\n|move|p1a: Rillaboom|Wood Hammer|p2a: Cyclizar\n|-resisted|p2a: Cyclizar\n|-damage|p2a: Cyclizar|22\/100 brn\n|-damage|p1a: Rillaboom|73\/100|[from] Recoil\n|\n|-heal|p2a: Cyclizar|28\/100 brn|[from] Grassy Terrain\n|-heal|p1a: Rillaboom|79\/100|[from] Grassy Terrain\n|-damage|p2a: Cyclizar|22\/100 brn|[from] brn\n|-fieldend|move: Grassy Terrain\n|upkeep\n|turn|43\n|\n|t:|1701087666\n|switch|p1a: Alomomola|Alomomola, F|41\/100\n|move|p2a: Cyclizar|Overheat|p1a: Alomomola\n|-resisted|p1a: Alomomola\n|-damage|p1a: Alomomola|26\/100\n|-unboost|p2a: Cyclizar|spa|2\n|\n|-damage|p2a: Cyclizar|16\/100 brn|[from] brn\n|upkeep\n|turn|44\n|\n|t:|1701087677\n|switch|p1a: Cinderace|Cinderace, F|10\/100\n|move|p2a: Cyclizar|U-turn|p1a: Cinderace\n|-resisted|p1a: Cinderace\n|-damage|p1a: Cinderace|5\/100\n|\n|t:|1701087682\n|switch|p2a: Klawf|Klawf, M|45\/100|[from] U-turn\n|\n|upkeep\n|turn|45\n|\n|t:|1701087689\n|switch|p2a: Cyclizar|Cyclizar, F|49\/100 brn\n|move|p1a: Cinderace|Will-O-Wisp|p2a: Cyclizar|[miss]\n|-miss|p1a: Cinderace|p2a: Cyclizar\n|\n|-damage|p2a: Cyclizar|43\/100 brn|[from] brn\n|upkeep\n|turn|46\n|\n|t:|1701087699\n|switch|p1a: Rillaboom|Rillaboom, F|79\/100\n|-fieldstart|move: Grassy Terrain|[from] ability: Grassy Surge|[of] p1a: Rillaboom\n|switch|p2a: Alomomola|Alomomola, F, tera:Flying|43\/100\n|\n|-heal|p1a: Rillaboom|86\/100|[from] Grassy Terrain\n|upkeep\n|turn|47\n|\n|t:|1701087706\n|move|p1a: Rillaboom|Wood Hammer|p2a: Alomomola\n|-resisted|p2a: Alomomola\n|-damage|p2a: Alomomola|14\/100\n|-damage|p1a: Rillaboom|70\/100|[from] Recoil\n|move|p2a: Alomomola|Acrobatics|p1a: Rillaboom\n|-supereffective|p1a: Rillaboom\n|-damage|p1a: Rillaboom|7\/100\n|\n|-heal|p1a: Rillaboom|13\/100|[from] Grassy Terrain\n|upkeep\n|turn|48\n|\n|t:|1701087733\n|switch|p1a: Clodsire|Clodsire, F|100\/100\n|switch|p2a: Cyclizar|Cyclizar, F|76\/100 brn\n|\n|-heal|p2a: Cyclizar|82\/100 brn|[from] Grassy Terrain\n|-damage|p2a: Cyclizar|76\/100 brn|[from] brn\n|upkeep\n|turn|49\n|\n|t:|1701087741\n|move|p2a: Cyclizar|U-turn|p1a: Clodsire\n|-resisted|p1a: Clodsire\n|-damage|p1a: Clodsire|96\/100\n|\n|t:|1701087743\n|switch|p2a: Alomomola|Alomomola, F, tera:Flying|47\/100|[from] U-turn\n|move|p1a: Clodsire|Earthquake|p2a: Alomomola\n|-immune|p2a: Alomomola\n|\n|-heal|p1a: Clodsire|100\/100|[from] Grassy Terrain\n|upkeep\n|turn|50\n|\n|t:|1701087750\n|switch|p1a: Alomomola|Alomomola, F|59\/100\n|move|p2a: Alomomola|Wish|p2a: Alomomola\n|\n|-heal|p1a: Alomomola|66\/100|[from] Grassy Terrain\n|-fieldend|move: Grassy Terrain\n|upkeep\n|turn|51\n|\n|t:|1701087754\n|move|p1a: Alomomola|Wish|p1a: Alomomola\n|move|p2a: Alomomola|Scald|p1a: Alomomola\n|-resisted|p1a: Alomomola\n|-damage|p1a: Alomomola|58\/100\n|\n|-heal|p2a: Alomomola|97\/100|[from] move: Wish|[wisher] Alomomola\n|upkeep\n|turn|52\n|\n|t:|1701087757\n|move|p1a: Alomomola|Flip Turn|p2a: Alomomola\n|-damage|p2a: Alomomola|89\/100\n|\n|t:|1701087770\n|switch|p1a: Clodsire|Clodsire, F|100\/100|[from] Flip Turn\n|move|p2a: Alomomola|Scald|p1a: Clodsire\n|-supereffective|p1a: Clodsire\n|-damage|p1a: Clodsire|86\/100\n|-status|p1a: Clodsire|brn\n|\n|-heal|p1a: Clodsire|100\/100 brn|[from] move: Wish|[wisher] Alomomola\n|-damage|p1a: Clodsire|94\/100 brn|[from] brn\n|upkeep\n|turn|53\n|\n|t:|1701087781\n|move|p2a: Alomomola|Scald|p1a: Clodsire\n|-supereffective|p1a: Clodsire\n|-damage|p1a: Clodsire|80\/100 brn\n|move|p1a: Clodsire|Toxic Spikes|p2a: Alomomola\n|-sidestart|p2: ARandomBird ig|move: Toxic Spikes\n|\n|-heal|p1a: Clodsire|86\/100 brn|[from] item: Leftovers\n|-damage|p1a: Clodsire|80\/100 brn|[from] brn\n|upkeep\n|turn|54\n|\n|t:|1701087787\n|move|p2a: Alomomola|Flip Turn|p1a: Clodsire\n|-supereffective|p1a: Clodsire\n|-damage|p1a: Clodsire|40\/100 brn\n|\n|t:|1701087794\n|switch|p2a: Klawf|Klawf, M|78\/100|[from] Flip Turn\n|move|p1a: Clodsire|Poison Jab|p2a: Klawf\n|-resisted|p2a: Klawf\n|-damage|p2a: Klawf|74\/100\n|\n|-heal|p1a: Clodsire|46\/100 brn|[from] item: Leftovers\n|-damage|p1a: Clodsire|40\/100 brn|[from] brn\n|upkeep\n|turn|55\n|\n|t:|1701087804\n|switch|p1a: Rillaboom|Rillaboom, F|13\/100\n|-fieldstart|move: Grassy Terrain|[from] ability: Grassy Surge|[of] p1a: Rillaboom\n|move|p2a: Klawf|Stealth Rock|p1a: Rillaboom\n|-sidestart|p1: MrsEvans|move: Stealth Rock\n|\n|-heal|p1a: Rillaboom|19\/100|[from] Grassy Terrain\n|-heal|p2a: Klawf|80\/100|[from] Grassy Terrain\n|upkeep\n|turn|56\n|\n|t:|1701087815\n|switch|p2a: Alomomola|Alomomola, F, tera:Flying|100\/100\n|move|p1a: Rillaboom|Knock Off|p2a: Alomomola\n|-damage|p2a: Alomomola|83\/100\n|\n|-heal|p1a: Rillaboom|25\/100|[from] Grassy Terrain\n|upkeep\n|turn|57\n|\n|t:|1701087831\n|switch|p1a: Iron Valiant|Iron Valiant, tera:Steel|20\/100\n|-damage|p1a: Iron Valiant|14\/100|[from] Stealth Rock\n|move|p2a: Alomomola|Flip Turn|p1a: Iron Valiant\n|-damage|p1a: Iron Valiant|0 fnt\n|faint|p1a: Iron Valiant\n|-end|p1a: Iron Valiant|Quark Drive|[silent]\n|\n|t:|1701087845\n|switch|p2a: Klawf|Klawf, M|100\/100|[from] Flip Turn\n|\n|upkeep\n|\n|t:|1701087858\n|switch|p1a: Alomomola|Alomomola, F|91\/100\n|-damage|p1a: Alomomola|79\/100|[from] Stealth Rock\n|turn|58\n|\n|t:|1701087866\n|switch|p2a: Toxapex|Toxapex, M|100\/100\n|-sideend|p2: ARandomBird ig|move: Toxic Spikes|[of] p2a: Toxapex\n|move|p1a: Alomomola|Wish|p1a: Alomomola\n|\n|-heal|p1a: Alomomola|85\/100|[from] Grassy Terrain\n|upkeep\n|turn|59\n|\n|t:|1701087876\n|move|p1a: Alomomola|Flip Turn|p2a: Toxapex\n|-resisted|p2a: Toxapex\n|-damage|p2a: Toxapex|96\/100\n|\n|t:|1701087880\n|switch|p1a: Rillaboom|Rillaboom, F|25\/100|[from] Flip Turn\n|-damage|p1a: Rillaboom|13\/100|[from] Stealth Rock\n|move|p2a: Toxapex|Surf|p1a: Rillaboom\n|-resisted|p1a: Rillaboom\n|-damage|p1a: Rillaboom|0 fnt\n|faint|p1a: Rillaboom\n|\n|-heal|p2a: Toxapex|100\/100|[from] Grassy Terrain\n|-fieldend|move: Grassy Terrain\n|upkeep\n|-message|MrsEvans forfeited.\n|\n|win|ARandomBird ig\n|raw|MrsEvans's rating: 1461 &rarr; <strong>1444<\/strong><br \/>(-17 for losing)\n|raw|ARandomBird ig's rating: 1513 &rarr; <strong>1530<\/strong><br \/>(+17 for winning)\n|l|\u2606MrsEvans\n","uploadtime":1701087909,"views":10,"p1id":"mrsevans","p2id":"arandombirdig","formatid":"gen9ou","rating":1444,"private":0,"password":""}