{"id":"gen9ou-1997526865","p1":"Flach2 1","p2":"shadhbazz","format":"[Gen 9] OU","log":"|j|\u2606Flach2 1\n|j|\u2606shadhbazz\n|t:|1700820420\n|gametype|singles\n|player|p1|Flach2 1|giovanni|1043\n|player|p2|shadhbazz|102|1000\n|teamsize|p1|6\n|teamsize|p2|6\n|gen|9\n|tier|[Gen 9] OU\n|rated|\n|rule|Sleep Clause Mod: Limit one foe put to sleep\n|rule|Species Clause: Limit one of each Pok\u00e9mon\n|rule|OHKO Clause: OHKO moves are banned\n|rule|Evasion Items Clause: Evasion items are banned\n|rule|Evasion Moves Clause: Evasion moves are banned\n|rule|Endless Battle Clause: Forcing endless battles is banned\n|rule|HP Percentage Mod: HP is shown in percentages\n|clearpoke\n|poke|p1|Cinderace, M|\n|poke|p1|Toxapex, F|\n|poke|p1|Zapdos|\n|poke|p1|Dragapult, F|\n|poke|p1|Landorus-Therian, M|\n|poke|p1|Ogerpon-Wellspring, F|\n|poke|p2|Kingambit, M|\n|poke|p2|Gholdengo|\n|poke|p2|Slowking-Galar, M|\n|poke|p2|Walking Wake|\n|poke|p2|Zapdos|\n|poke|p2|Manaphy|\n|teampreview\n|\n|t:|1700820439\n|start\n|switch|p1a: Tom ?|Cinderace, M, shiny|100\/100\n|switch|p2a: Manaphy|Manaphy|100\/100\n|turn|1\n|inactive|Battle timer is ON: inactive players will automatically lose when time's up. (requested by Flach2 1)\n|\n|t:|1700820447\n|move|p1a: Tom ?|U-turn|p2a: Manaphy\n|-start|p1a: Tom ?|typechange|Bug|[from] ability: Libero\n|-damage|p2a: Manaphy|66\/100\n|\n|t:|1700820451\n|switch|p1a: BZZZZZZ|Zapdos, shiny|100\/100|[from] U-turn\n|move|p2a: Manaphy|Dazzling Gleam|p1a: BZZZZZZ\n|-damage|p1a: BZZZZZZ|80\/100\n|\n|upkeep\n|turn|2\n|\n|t:|1700820475\n|switch|p2a: Gholdengo|Gholdengo, shiny|100\/100\n|move|p1a: BZZZZZZ|Volt Switch|p2a: Gholdengo\n|-damage|p2a: Gholdengo|49\/100\n|-damage|p1a: BZZZZZZ|70\/100|[from] item: Life Orb\n|\n|t:|1700820482\n|switch|p1a: Landorus|Landorus-Therian, M|100\/100|[from] Volt Switch\n|-ability|p1a: Landorus|Intimidate|boost\n|-unboost|p2a: Gholdengo|atk|1\n|\n|upkeep\n|turn|3\n|\n|t:|1700820491\n|move|p1a: Landorus|Earthquake|p2a: Gholdengo\n|-supereffective|p2a: Gholdengo\n|-damage|p2a: Gholdengo|0 fnt\n|faint|p2a: Gholdengo\n|\n|upkeep\n|\n|t:|1700820499\n|switch|p2a: Slowking|Slowking-Galar, M, shiny|100\/100\n|turn|4\n|\n|t:|1700820506\n|move|p1a: Landorus|Earthquake|p2a: Slowking\n|-supereffective|p2a: Slowking\n|-damage|p2a: Slowking|0 fnt\n|faint|p2a: Slowking\n|\n|upkeep\n|\n|t:|1700820511\n|switch|p2a: Zapdos|Zapdos|100\/100\n|turn|5\n|\n|t:|1700820517\n|-terastallize|p2a: Zapdos|Electric\n|move|p2a: Zapdos|Thunderbolt|p1a: Landorus\n|-immune|p1a: Landorus\n|move|p1a: Landorus|Stealth Rock|p2a: Zapdos\n|-sidestart|p2: shadhbazz|move: Stealth Rock\n|\n|upkeep\n|turn|6\n|\n|t:|1700820525\n|switch|p2a: Kingambit|Kingambit, M, shiny|100\/100\n|-damage|p2a: Kingambit|94\/100|[from] Stealth Rock\n|move|p1a: Landorus|U-turn|p2a: Kingambit\n|-damage|p2a: Kingambit|78\/100\n|\n|t:|1700820532\n|switch|p1a: Tom ?|Cinderace, M, shiny|100\/100|[from] U-turn\n|\n|upkeep\n|turn|7\n|\n|t:|1700820538\n|move|p1a: Tom ?|Pyro Ball|p2a: Kingambit\n|-supereffective|p2a: Kingambit\n|-damage|p2a: Kingambit|0 fnt\n|faint|p2a: Kingambit\n|\n|upkeep\n|\n|t:|1700820544\n|switch|p2a: Manaphy|Manaphy|66\/100\n|-damage|p2a: Manaphy|54\/100|[from] Stealth Rock\n|turn|8\n|\n|t:|1700820549\n|move|p1a: Tom ?|U-turn|p2a: Manaphy\n|-start|p1a: Tom ?|typechange|Bug|[from] ability: Libero\n|-damage|p2a: Manaphy|16\/100\n|\n|t:|1700820556\n|switch|p1a: type O|Ogerpon-Wellspring, F|100\/100|[from] U-turn\n|move|p2a: Manaphy|Psychic|p1a: type O\n|-damage|p1a: type O|75\/100\n|\n|upkeep\n|turn|9\n|\n|t:|1700820566\n|switch|p2a: Walking Wake|Walking Wake|100\/100\n|-damage|p2a: Walking Wake|88\/100|[from] Stealth Rock\n|move|p1a: type O|Horn Leech|p2a: Walking Wake\n|-damage|p2a: Walking Wake|47\/100\n|-heal|p1a: type O|98\/100|[from] drain|[of] p2a: Walking Wake\n|\n|upkeep\n|turn|10\n|\n|t:|1700820576\n|move|p1a: type O|Horn Leech|p2a: Walking Wake\n|-damage|p2a: Walking Wake|9\/100\n|-heal|p1a: type O|100\/100|[from] drain|[of] p2a: Walking Wake\n|move|p2a: Walking Wake|Draco Meteor|p1a: type O\n|-damage|p1a: type O|33\/100\n|-unboost|p2a: Walking Wake|spa|2\n|\n|upkeep\n|turn|11\n|\n|t:|1700820587\n|move|p1a: type O|Horn Leech|p2a: Walking Wake\n|-damage|p2a: Walking Wake|0 fnt\n|-heal|p1a: type O|38\/100|[from] drain|[of] p2a: Walking Wake\n|faint|p2a: Walking Wake\n|-end|p2a: Walking Wake|Protosynthesis|[silent]\n|\n|upkeep\n|\n|t:|1700820594\n|switch|p2a: Zapdos|Zapdos, tera:Electric|100\/100\n|-damage|p2a: Zapdos|88\/100|[from] Stealth Rock\n|turn|12\n|\n|t:|1700820601\n|move|p1a: type O|U-turn|p2a: Zapdos\n|-damage|p2a: Zapdos|62\/100\n|\n|t:|1700820604\n|switch|p1a: Landorus|Landorus-Therian, M|100\/100|[from] U-turn\n|-ability|p1a: Landorus|Intimidate|boost\n|-unboost|p2a: Zapdos|atk|1\n|move|p2a: Zapdos|Thunderbolt|p1a: Landorus\n|-immune|p1a: Landorus\n|\n|upkeep\n|turn|13\n|\n|t:|1700820618\n|move|p2a: Zapdos|Thunderbolt|p1a: Landorus\n|-immune|p1a: Landorus\n|move|p1a: Landorus|U-turn|p2a: Zapdos\n|-damage|p2a: Zapdos|39\/100\n|-status|p1a: Landorus|par|[from] ability: Static|[of] p2a: Zapdos\n|\n|t:|1700820624\n|switch|p1a: Dragapult|Dragapult, F|100\/100|[from] U-turn\n|\n|upkeep\n|turn|14\n|\n|t:|1700820629\n|move|p1a: Dragapult|Draco Meteor|p2a: Zapdos\n|-damage|p2a: Zapdos|0 fnt\n|-unboost|p1a: Dragapult|spa|2\n|faint|p2a: Zapdos\n|\n|upkeep\n|\n|t:|1700820641\n|switch|p2a: Manaphy|Manaphy|16\/100\n|-damage|p2a: Manaphy|4\/100|[from] Stealth Rock\n|turn|15\n|\n|t:|1700820648\n|-terastallize|p1a: Dragapult|Dragon\n|move|p1a: Dragapult|Draco Meteor|p2a: Manaphy\n|-damage|p2a: Manaphy|0 fnt\n|-unboost|p1a: Dragapult|spa|2\n|faint|p2a: Manaphy\n|\n|win|Flach2 1\n|raw|Flach2 1's rating: 1043 &rarr; <strong>1072<\/strong><br \/>(+29 for winning)\n|raw|shadhbazz's rating: 1000 &rarr; <strong>1000<\/strong><br \/>(+0 for losing)\n|l|\u2606Flach2 1\n","uploadtime":1700820669,"views":15,"p1id":"flach21","p2id":"shadhbazz","formatid":"gen9ou","rating":1000,"private":0,"password":""}