{"id":"gen9ou-1989176100","p1":"JackJas02","p2":"caragar","format":"[Gen 9] OU","log":"|j|\u2606JackJas02\n|j|\u2606caragar\n|t:|1699820241\n|gametype|singles\n|player|p1|JackJas02|roughneck|1302\n|player|p2|caragar|102|1213\n|teamsize|p1|6\n|teamsize|p2|6\n|gen|9\n|tier|[Gen 9] OU\n|rated|\n|rule|Sleep Clause Mod: Limit one foe put to sleep\n|rule|Species Clause: Limit one of each Pok\u00e9mon\n|rule|OHKO Clause: OHKO moves are banned\n|rule|Evasion Items Clause: Evasion items are banned\n|rule|Evasion Moves Clause: Evasion moves are banned\n|rule|Endless Battle Clause: Forcing endless battles is banned\n|rule|HP Percentage Mod: HP is shown in percentages\n|clearpoke\n|poke|p1|Ursaluna, F|\n|poke|p1|Rillaboom, M|\n|poke|p1|Infernape, M|\n|poke|p1|Empoleon, M|\n|poke|p1|Ninetales-Alola, F|\n|poke|p1|Thundurus, M|\n|poke|p2|Politoed, M|\n|poke|p2|Greninja-*, M|\n|poke|p2|Landorus-Therian, M|\n|poke|p2|Rillaboom, M|\n|poke|p2|Basculegion, M|\n|poke|p2|Iron Jugulis|\n|teampreview\n|inactive|Battle timer is ON: inactive players will automatically lose when time's up. (requested by caragar)\n|\n|t:|1699820251\n|start\n|switch|p1a: Ninetales|Ninetales-Alola, F, shiny|100\/100\n|switch|p2a: Politoed|Politoed, M|100\/100\n|-weather|Snow|[from] ability: Snow Warning|[of] p1a: Ninetales\n|-weather|RainDance|[from] ability: Drizzle|[of] p2a: Politoed\n|turn|1\n|\n|t:|1699820263\n|move|p1a: Ninetales|Freeze-Dry|p2a: Politoed\n|-supereffective|p2a: Politoed\n|-damage|p2a: Politoed|71\/100\n|move|p2a: Politoed|Encore|p1a: Ninetales\n|-start|p1a: Ninetales|Encore\n|\n|-weather|RainDance|[upkeep]\n|upkeep\n|turn|2\n|\n|t:|1699820272\n|switch|p2a: Rillaboom|Rillaboom, M|100\/100\n|-fieldstart|move: Grassy Terrain|[from] ability: Grassy Surge|[of] p2a: Rillaboom\n|move|p1a: Ninetales|Freeze-Dry|p2a: Rillaboom\n|-supereffective|p2a: Rillaboom\n|-damage|p2a: Rillaboom|50\/100\n|\n|-weather|RainDance|[upkeep]\n|-heal|p2a: Rillaboom|56\/100|[from] Grassy Terrain\n|upkeep\n|turn|3\n|\n|t:|1699820284\n|switch|p1a: Rillaboom|Rillaboom, M, shiny|100\/100\n|move|p2a: Rillaboom|Wood Hammer|p1a: Rillaboom\n|-resisted|p1a: Rillaboom\n|-damage|p1a: Rillaboom|30\/100\n|-damage|p2a: Rillaboom|36\/100|[from] Recoil\n|\n|-weather|RainDance|[upkeep]\n|-heal|p1a: Rillaboom|36\/100|[from] Grassy Terrain\n|-heal|p2a: Rillaboom|42\/100|[from] Grassy Terrain\n|upkeep\n|turn|4\n|\n|t:|1699820303\n|switch|p1a: Ninetales|Ninetales-Alola, F, shiny|100\/100\n|-weather|Snow|[from] ability: Snow Warning|[of] p1a: Ninetales\n|switch|p2a: Iron Jugulis|Iron Jugulis|100\/100\n|-enditem|p2a: Iron Jugulis|Booster Energy\n|-activate|p2a: Iron Jugulis|ability: Quark Drive|[fromitem]\n|-start|p2a: Iron Jugulis|quarkdrivespe\n|\n|-weather|Snow|[upkeep]\n|upkeep\n|turn|5\n|\n|t:|1699820319\n|move|p2a: Iron Jugulis|Taunt|p1a: Ninetales\n|-start|p1a: Ninetales|move: Taunt\n|cant|p1a: Ninetales|move: Taunt|Nasty Plot\n|\n|-weather|Snow|[upkeep]\n|upkeep\n|turn|6\n|\n|t:|1699820327\n|-end|p2a: Iron Jugulis|Quark Drive|[silent]\n|switch|p2a: Politoed|Politoed, M|71\/100\n|-weather|RainDance|[from] ability: Drizzle|[of] p2a: Politoed\n|move|p1a: Ninetales|Freeze-Dry|p2a: Politoed\n|-supereffective|p2a: Politoed\n|-damage|p2a: Politoed|43\/100\n|\n|-weather|RainDance|[upkeep]\n|-heal|p2a: Politoed|49\/100|[from] Grassy Terrain\n|-fieldend|move: Grassy Terrain\n|upkeep\n|turn|7\n|\n|t:|1699820344\n|switch|p2a: Greninja|Greninja, M|100\/100\n|move|p1a: Ninetales|Freeze-Dry|p2a: Greninja\n|-supereffective|p2a: Greninja\n|-damage|p2a: Greninja|25\/100\n|\n|-weather|RainDance|[upkeep]\n|-end|p1a: Ninetales|move: Taunt\n|upkeep\n|turn|8\n|inactive|JackJas02 has 120 seconds left.\n|\n|t:|1699820377\n|move|p2a: Greninja|Hydro Pump|p1a: Ninetales\n|-damage|p1a: Ninetales|3\/100\n|-damage|p2a: Greninja|15\/100|[from] item: Life Orb\n|move|p1a: Ninetales|Freeze-Dry|p2a: Greninja\n|-supereffective|p2a: Greninja\n|-damage|p2a: Greninja|0 fnt\n|faint|p2a: Greninja\n|\n|-weather|RainDance|[upkeep]\n|upkeep\n|\n|t:|1699820390\n|switch|p2a: Basculegion|Basculegion, M|100\/100\n|turn|9\n|inactive|caragar has 120 seconds left.\n|\n|t:|1699820405\n|switch|p1a: Ursaluna|Ursaluna, F, shiny|100\/100\n|move|p2a: Basculegion|Flip Turn|p1a: Ursaluna\n|-supereffective|p1a: Ursaluna\n|-damage|p1a: Ursaluna|4\/100\n|inactive|caragar has 120 seconds left.\n|\n|t:|1699820411\n|switch|p2a: Rillaboom|Rillaboom, M|42\/100|[from] Flip Turn\n|-fieldstart|move: Grassy Terrain|[from] ability: Grassy Surge|[of] p2a: Rillaboom\n|\n|-weather|RainDance|[upkeep]\n|-heal|p2a: Rillaboom|48\/100|[from] Grassy Terrain\n|-heal|p1a: Ursaluna|10\/100|[from] Grassy Terrain\n|-status|p1a: Ursaluna|brn|[from] item: Flame Orb\n|upkeep\n|turn|10\n|\n|t:|1699820423\n|move|p2a: Rillaboom|Grassy Glide|p1a: Ursaluna\n|-supereffective|p1a: Ursaluna\n|-damage|p1a: Ursaluna|0 fnt\n|faint|p1a: Ursaluna\n|\n|-weather|RainDance|[upkeep]\n|-heal|p2a: Rillaboom|54\/100|[from] Grassy Terrain\n|upkeep\n|\n|t:|1699820429\n|switch|p1a: Thundurus|Thundurus, M|100\/100\n|turn|11\n|\n|t:|1699820441\n|switch|p2a: Landorus|Landorus-Therian, M|100\/100\n|-ability|p2a: Landorus|Intimidate|boost\n|-unboost|p1a: Thundurus|atk|1\n|move|p1a: Thundurus|Volt Switch|p2a: Landorus\n|-immune|p2a: Landorus\n|\n|-weather|RainDance|[upkeep]\n|upkeep\n|turn|12\n|\n|t:|1699820463\n|switch|p1a: Infernape|Infernape, M|100\/100\n|move|p2a: Landorus|U-turn|p1a: Infernape\n|-resisted|p1a: Infernape\n|-damage|p1a: Infernape|93\/100\n|\n|t:|1699820469\n|switch|p2a: Basculegion|Basculegion, M|100\/100|[from] U-turn\n|\n|-weather|RainDance|[upkeep]\n|-heal|p1a: Infernape|99\/100|[from] Grassy Terrain\n|upkeep\n|turn|13\n|inactive|JackJas02 has 120 seconds left.\n|\n|t:|1699820507\n|switch|p1a: Empoleon|Empoleon, M, shiny|100\/100\n|move|p2a: Basculegion|Wave Crash|p1a: Empoleon\n|-resisted|p1a: Empoleon\n|-damage|p1a: Empoleon|25\/100\n|-damage|p2a: Basculegion|78\/100|[from] Recoil\n|\n|-weather|none\n|-heal|p2a: Basculegion|84\/100|[from] Grassy Terrain\n|-heal|p1a: Empoleon|32\/100|[from] Grassy Terrain\n|-fieldend|move: Grassy Terrain\n|upkeep\n|turn|14\n|\n|t:|1699820522\n|switch|p2a: Landorus|Landorus-Therian, M|100\/100\n|-ability|p2a: Landorus|Intimidate|boost\n|-unboost|p1a: Empoleon|atk|1\n|-ability|p1a: Empoleon|Competitive|boost\n|-boost|p1a: Empoleon|spa|2\n|move|p1a: Empoleon|Hydro Pump|p2a: Landorus\n|-supereffective|p2a: Landorus\n|-damage|p2a: Landorus|0 fnt\n|faint|p2a: Landorus\n|\n|upkeep\n|\n|t:|1699820532\n|switch|p2a: Rillaboom|Rillaboom, M|54\/100\n|-fieldstart|move: Grassy Terrain|[from] ability: Grassy Surge|[of] p2a: Rillaboom\n|turn|15\n|inactive|JackJas02 has 120 seconds left.\n|\n|t:|1699820545\n|switch|p1a: Thundurus|Thundurus, M|100\/100\n|move|p2a: Rillaboom|Grassy Glide|p1a: Thundurus\n|-resisted|p1a: Thundurus\n|-damage|p1a: Thundurus|56\/100\n|\n|-heal|p2a: Rillaboom|60\/100|[from] Grassy Terrain\n|upkeep\n|turn|16\n|inactive|JackJas02 has 120 seconds left.\n|\n|t:|1699820564\n|move|p2a: Rillaboom|Grassy Glide|p1a: Thundurus\n|-resisted|p1a: Thundurus\n|-damage|p1a: Thundurus|6\/100\n|move|p1a: Thundurus|Volt Switch|p2a: Rillaboom\n|-resisted|p2a: Rillaboom\n|-damage|p2a: Rillaboom|29\/100\n|inactive|JackJas02 has 90 seconds left.\n|\n|t:|1699820592\n|switch|p1a: Rillaboom|Rillaboom, M, shiny|36\/100|[from] Volt Switch\n|\n|-heal|p1a: Rillaboom|42\/100|[from] Grassy Terrain\n|-heal|p2a: Rillaboom|35\/100|[from] Grassy Terrain\n|upkeep\n|turn|17\n|inactive|caragar has 120 seconds left.\n|\n|t:|1699820615\n|move|p1a: Rillaboom|Grassy Glide|p2a: Rillaboom\n|-resisted|p2a: Rillaboom\n|-damage|p2a: Rillaboom|16\/100\n|move|p2a: Rillaboom|Grassy Glide|p1a: Rillaboom\n|-resisted|p1a: Rillaboom\n|-damage|p1a: Rillaboom|10\/100\n|\n|-heal|p1a: Rillaboom|16\/100|[from] Grassy Terrain\n|-heal|p2a: Rillaboom|22\/100|[from] Grassy Terrain\n|upkeep\n|turn|18\n|inactive|caragar has 120 seconds left.\n|inactive|JackJas02 has 90 seconds left.\n|\n|t:|1699820637\n|switch|p1a: Infernape|Infernape, M|99\/100\n|move|p2a: Rillaboom|Grassy Glide|p1a: Infernape\n|-resisted|p1a: Infernape\n|-damage|p1a: Infernape|55\/100\n|\n|-heal|p1a: Infernape|62\/100|[from] Grassy Terrain\n|-heal|p2a: Rillaboom|28\/100|[from] Grassy Terrain\n|upkeep\n|turn|19\n|inactive|JackJas02 has 90 seconds left.\n|inactive|caragar has 120 seconds left.\n|\n|t:|1699820669\n|move|p2a: Rillaboom|Grassy Glide|p1a: Infernape\n|-resisted|p1a: Infernape\n|-damage|p1a: Infernape|16\/100\n|move|p1a: Infernape|Fire Punch|p2a: Rillaboom\n|-supereffective|p2a: Rillaboom\n|-damage|p2a: Rillaboom|0 fnt\n|faint|p2a: Rillaboom\n|-damage|p1a: Infernape|6\/100|[from] item: Life Orb\n|\n|-heal|p1a: Infernape|12\/100|[from] Grassy Terrain\n|-fieldend|move: Grassy Terrain\n|upkeep\n|\n|t:|1699820681\n|switch|p2a: Politoed|Politoed, M|49\/100\n|-weather|RainDance|[from] ability: Drizzle|[of] p2a: Politoed\n|turn|20\n|inactive|JackJas02 has 60 seconds left.\n|\n|t:|1699820701\n|-terastallize|p1a: Infernape|Fighting\n|move|p1a: Infernape|Drain Punch|p2a: Politoed\n|-damage|p2a: Politoed|0 fnt\n|-heal|p1a: Infernape|44\/100|[from] drain|[of] p2a: Politoed\n|faint|p2a: Politoed\n|-damage|p1a: Infernape|34\/100|[from] item: Life Orb\n|\n|-weather|RainDance|[upkeep]\n|upkeep\n|l|\u2606JackJas02\n|inactive|JackJas02 disconnected and has a minute to reconnect!\n|player|p1|\n|\n|t:|1699820711\n|switch|p2a: Basculegion|Basculegion, M|84\/100\n|turn|21\n|j|\u2606JackJas02\n|inactive|JackJas02 reconnected and has 55 seconds left.\n|player|p1|JackJas02|roughneck\n|c|\u2606caragar|one pokemon by attack\n|c|\u2606caragar|I think u lost\n|\n|t:|1699820756\n|switch|p1a: Empoleon|Empoleon, M, shiny|32\/100\n|move|p2a: Basculegion|Wave Crash|p1a: Empoleon\n|-resisted|p1a: Empoleon\n|-damage|p1a: Empoleon|0 fnt\n|faint|p1a: Empoleon\n|-damage|p2a: Basculegion|75\/100|[from] Recoil\n|\n|-weather|RainDance|[upkeep]\n|upkeep\n|inactive|JackJas02 has 30 seconds left.\n|\n|t:|1699820768\n|switch|p1a: Ninetales|Ninetales-Alola, F, shiny|3\/100\n|-weather|Snow|[from] ability: Snow Warning|[of] p1a: Ninetales\n|turn|22\n|\n|t:|1699820776\n|move|p1a: Ninetales|Freeze-Dry|p2a: Basculegion\n|-supereffective|p2a: Basculegion\n|-damage|p2a: Basculegion|29\/100\n|-status|p2a: Basculegion|frz\n|cant|p2a: Basculegion|frz\n|\n|-weather|Snow|[upkeep]\n|upkeep\n|turn|23\n|c|\u2606caragar|nnooooo\n|c|\u2606caragar|loll\n|\n|t:|1699820788\n|move|p1a: Ninetales|Freeze-Dry|p2a: Basculegion\n|-supereffective|p2a: Basculegion\n|-damage|p2a: Basculegion|0 fnt\n|faint|p2a: Basculegion\n|\n|-weather|Snow|[upkeep]\n|upkeep\n|\n|t:|1699820793\n|switch|p2a: Iron Jugulis|Iron Jugulis|100\/100\n|turn|24\n|\n|t:|1699820805\n|move|p1a: Ninetales|Freeze-Dry|p2a: Iron Jugulis\n|-supereffective|p2a: Iron Jugulis\n|-damage|p2a: Iron Jugulis|40\/100\n|move|p2a: Iron Jugulis|Knock Off|p1a: Ninetales\n|-resisted|p1a: Ninetales\n|-damage|p1a: Ninetales|0 fnt\n|-enditem|p1a: Ninetales|Light Clay|[from] move: Knock Off|[of] p2a: Iron Jugulis\n|faint|p1a: Ninetales\n|\n|-weather|Snow|[upkeep]\n|upkeep\n|\n|t:|1699820829\n|switch|p1a: Thundurus|Thundurus, M|6\/100\n|turn|25\n|\n|t:|1699820839\n|-terastallize|p2a: Iron Jugulis|Steel\n|move|p1a: Thundurus|Volt Switch|p2a: Iron Jugulis\n|-damage|p2a: Iron Jugulis|0 fnt\n|faint|p2a: Iron Jugulis\n|-end|p2a: Iron Jugulis|Quark Drive|[silent]\n|\n|win|JackJas02\n|raw|JackJas02's rating: 1302 &rarr; <strong>1317<\/strong><br \/>(+15 for winning)\n|raw|caragar's rating: 1213 &rarr; <strong>1194<\/strong><br \/>(-19 for losing)\n|l|\u2606caragar\n","uploadtime":1699820952,"views":11,"p1id":"jackjas02","p2id":"caragar","formatid":"gen9ou","rating":1194,"private":0,"password":""}