{"id":"gen9ou-1990022846","p1":"Chsnmchsnm","p2":"Folcard","format":"[Gen 9] OU","log":"|j|\u2606Chsnmchsnm\n|j|\u2606Folcard\n|t:|1699916336\n|gametype|singles\n|player|p1|Chsnmchsnm|169|1369\n|player|p2|Folcard|169|1419\n|teamsize|p1|6\n|teamsize|p2|6\n|gen|9\n|tier|[Gen 9] OU\n|rated|\n|rule|Sleep Clause Mod: Limit one foe put to sleep\n|rule|Species Clause: Limit one of each Pok\u00e9mon\n|rule|OHKO Clause: OHKO moves are banned\n|rule|Evasion Items Clause: Evasion items are banned\n|rule|Evasion Moves Clause: Evasion moves are banned\n|rule|Endless Battle Clause: Forcing endless battles is banned\n|rule|HP Percentage Mod: HP is shown in percentages\n|clearpoke\n|poke|p1|Iron Valiant|\n|poke|p1|Ting-Lu|\n|poke|p1|Gholdengo|\n|poke|p1|Great Tusk|\n|poke|p1|Zapdos|\n|poke|p1|Slowking-Galar, F|\n|poke|p2|Ribombee, M|\n|poke|p2|Ogerpon-Wellspring, F|\n|poke|p2|Iron Moth|\n|poke|p2|Kingambit, M|\n|poke|p2|Gholdengo|\n|poke|p2|Iron Valiant|\n|teampreview\n|\n|t:|1699916343\n|start\n|switch|p1a: Ting-Lu|Ting-Lu|100\/100\n|switch|p2a: Ribombee|Ribombee, M|100\/100\n|-ability|p1a: Ting-Lu|Vessel of Ruin\n|turn|1\n|\n|t:|1699916349\n|move|p2a: Ribombee|Sticky Web|p1a: Ting-Lu\n|-sidestart|p1: Chsnmchsnm|move: Sticky Web\n|move|p1a: Ting-Lu|Ruination|p2a: Ribombee|[miss]\n|-miss|p1a: Ting-Lu|p2a: Ribombee\n|\n|upkeep\n|turn|2\n|\n|t:|1699916354\n|move|p2a: Ribombee|Stun Spore|p1a: Ting-Lu|[miss]\n|-miss|p2a: Ribombee|p1a: Ting-Lu\n|move|p1a: Ting-Lu|Ruination|p2a: Ribombee\n|-damage|p2a: Ribombee|51\/100\n|\n|upkeep\n|turn|3\n|\n|t:|1699916359\n|move|p2a: Ribombee|Stun Spore|p1a: Ting-Lu\n|-status|p1a: Ting-Lu|par\n|move|p1a: Ting-Lu|Spikes|p2a: Ribombee\n|-sidestart|p2: Folcard|Spikes\n|\n|upkeep\n|turn|4\n|\n|t:|1699916372\n|switch|p2a: Ogerpon|Ogerpon-Wellspring, F|100\/100\n|-damage|p2a: Ogerpon|88\/100|[from] Spikes\n|move|p1a: Ting-Lu|Spikes|p2a: Ogerpon\n|-sidestart|p2: Folcard|Spikes\n|\n|upkeep\n|turn|5\n|\n|t:|1699916380\n|move|p2a: Ogerpon|Swords Dance|p2a: Ogerpon\n|-boost|p2a: Ogerpon|atk|2\n|cant|p1a: Ting-Lu|par\n|\n|upkeep\n|turn|6\n|\n|t:|1699916385\n|move|p2a: Ogerpon|Ivy Cudgel|p1a: Ting-Lu\n|-supereffective|p1a: Ting-Lu\n|-damage|p1a: Ting-Lu|6\/100 par\n|move|p1a: Ting-Lu|Whirlwind|p2a: Ogerpon\n|drag|p2a: Iron Moth|Iron Moth|100\/100\n|-damage|p2a: Iron Moth|84\/100|[from] Spikes\n|-enditem|p2a: Iron Moth|Booster Energy\n|-activate|p2a: Iron Moth|ability: Quark Drive|[fromitem]\n|-start|p2a: Iron Moth|quarkdrivespa\n|\n|-heal|p1a: Ting-Lu|12\/100 par|[from] item: Leftovers\n|upkeep\n|turn|7\n|\n|t:|1699916393\n|move|p2a: Iron Moth|Substitute|p2a: Iron Moth\n|-start|p2a: Iron Moth|Substitute\n|-damage|p2a: Iron Moth|59\/100\n|cant|p1a: Ting-Lu|par\n|\n|-heal|p1a: Ting-Lu|18\/100 par|[from] item: Leftovers\n|upkeep\n|turn|8\n|\n|t:|1699916398\n|move|p2a: Iron Moth|Fiery Dance|p1a: Ting-Lu\n|-damage|p1a: Ting-Lu|0 fnt\n|faint|p1a: Ting-Lu\n|\n|upkeep\n|\n|t:|1699916414\n|switch|p1a: Great Tusk|Great Tusk|100\/100\n|turn|9\n|\n|t:|1699916423\n|move|p2a: Iron Moth|Psychic|p1a: Great Tusk\n|-supereffective|p1a: Great Tusk\n|-crit|p1a: Great Tusk\n|-damage|p1a: Great Tusk|0 fnt\n|faint|p1a: Great Tusk\n|-end|p1a: Great Tusk|Protosynthesis|[silent]\n|\n|upkeep\n|\n|t:|1699916427\n|switch|p1a: Gholdengo|Gholdengo|100\/100\n|-activate|p1a: Gholdengo|move: Sticky Web\n|-unboost|p1a: Gholdengo|spe|1\n|turn|10\n|\n|t:|1699916430\n|move|p2a: Iron Moth|Fiery Dance|p1a: Gholdengo\n|-supereffective|p1a: Gholdengo\n|-damage|p1a: Gholdengo|0 fnt\n|-boost|p2a: Iron Moth|spa|1\n|faint|p1a: Gholdengo\n|\n|upkeep\n|-message|Chsnmchsnm forfeited.\n|\n|win|Folcard\n|raw|Chsnmchsnm's rating: 1369 &rarr; <strong>1352<\/strong><br \/>(-17 for losing)\n|raw|Folcard's rating: 1419 &rarr; <strong>1436<\/strong><br \/>(+17 for winning)\n|l|\u2606Chsnmchsnm\n|l|\u2606Folcard\n|j|\u2606Folcard\n|player|p2|Folcard|169\n","uploadtime":1699916459,"views":15,"p1id":"chsnmchsnm","p2id":"folcard","formatid":"gen9ou","rating":1352,"private":0,"password":""}