{"id":"gen9ou-1992990161","p1":"vagmak","p2":"mathismathin","format":"[Gen 9] OU","log":"|j|\u2606vagmak\n|j|\u2606mathismathin\n|t:|1700253270\n|gametype|singles\n|player|p1|vagmak|steven|1657\n|player|p2|mathismathin|nate|1778\n|teamsize|p1|6\n|teamsize|p2|6\n|gen|9\n|tier|[Gen 9] OU\n|rated|\n|rule|Sleep Clause Mod: Limit one foe put to sleep\n|rule|Species Clause: Limit one of each Pok\u00e9mon\n|rule|OHKO Clause: OHKO moves are banned\n|rule|Evasion Items Clause: Evasion items are banned\n|rule|Evasion Moves Clause: Evasion moves are banned\n|rule|Endless Battle Clause: Forcing endless battles is banned\n|rule|HP Percentage Mod: HP is shown in percentages\n|clearpoke\n|poke|p1|Iron Valiant|\n|poke|p1|Azumarill, F|\n|poke|p1|Walking Wake|\n|poke|p1|Heatran, F|\n|poke|p1|Kingambit, M|\n|poke|p1|Ninetales-Alola, M|\n|poke|p2|Weavile, F|\n|poke|p2|Weezing-Galar, M|\n|poke|p2|Alomomola, M|\n|poke|p2|Ting-Lu|\n|poke|p2|Corviknight, M|\n|poke|p2|Dondozo, F|\n|teampreview\n|\n|t:|1700253283\n|start\n|switch|p1a: Ninetales|Ninetales-Alola, M|100\/100\n|switch|p2a: Weavile|Weavile, F|100\/100\n|-ability|p2a: Weavile|Pressure\n|-weather|Snow|[from] ability: Snow Warning|[of] p1a: Ninetales\n|turn|1\n|inactive|Battle timer is ON: inactive players will automatically lose when time's up. (requested by vagmak)\n|\n|t:|1700253293\n|move|p2a: Weavile|Knock Off|p1a: Ninetales\n|-resisted|p1a: Ninetales\n|-damage|p1a: Ninetales|81\/100\n|-enditem|p1a: Ninetales|Light Clay|[from] move: Knock Off|[of] p2a: Weavile\n|move|p1a: Ninetales|Moonblast|p2a: Weavile\n|-supereffective|p2a: Weavile\n|-damage|p2a: Weavile|14\/100\n|-unboost|p2a: Weavile|spa|1\n|\n|-weather|Snow|[upkeep]\n|-heal|p2a: Weavile|20\/100|[from] item: Leftovers\n|upkeep\n|turn|2\n|\n|t:|1700253303\n|move|p2a: Weavile|Protect|p2a: Weavile\n|-singleturn|p2a: Weavile|Protect\n|move|p1a: Ninetales|Aurora Veil|p1a: Ninetales\n|-sidestart|p1: vagmak|move: Aurora Veil\n|\n|-weather|Snow|[upkeep]\n|-heal|p2a: Weavile|26\/100|[from] item: Leftovers\n|upkeep\n|turn|3\n|\n|t:|1700253306\n|switch|p2a: Alomomola|Alomomola, M|100\/100\n|move|p1a: Ninetales|Moonblast|p2a: Alomomola\n|-damage|p2a: Alomomola|69\/100\n|\n|-weather|Snow|[upkeep]\n|-heal|p2a: Alomomola|75\/100|[from] item: Leftovers\n|upkeep\n|turn|4\n|\n|t:|1700253312\n|move|p1a: Ninetales|Freeze-Dry|p2a: Alomomola\n|-supereffective|p2a: Alomomola\n|-damage|p2a: Alomomola|30\/100\n|move|p2a: Alomomola|Mirror Coat|p1a: Ninetales\n|-damage|p1a: Ninetales|0 fnt\n|faint|p1a: Ninetales\n|\n|-weather|Snow|[upkeep]\n|-heal|p2a: Alomomola|36\/100|[from] item: Leftovers\n|upkeep\n|\n|t:|1700253325\n|switch|p1a: Walking Wake|Walking Wake|100\/100\n|-enditem|p1a: Walking Wake|Booster Energy\n|-activate|p1a: Walking Wake|ability: Protosynthesis|[fromitem]\n|-start|p1a: Walking Wake|protosynthesisspe\n|turn|5\n|\n|t:|1700253330\n|switch|p2a: Ting-Lu|Ting-Lu|100\/100\n|-ability|p2a: Ting-Lu|Vessel of Ruin\n|move|p1a: Walking Wake|Hydro Steam|p2a: Ting-Lu\n|-supereffective|p2a: Ting-Lu\n|-damage|p2a: Ting-Lu|66\/100\n|\n|-weather|none\n|-heal|p2a: Ting-Lu|72\/100|[from] item: Leftovers\n|upkeep\n|turn|6\n|\n|t:|1700253333\n|move|p2a: Ting-Lu|Protect|p2a: Ting-Lu\n|-singleturn|p2a: Ting-Lu|Protect\n|move|p1a: Walking Wake|Hydro Steam|p2a: Ting-Lu\n|-activate|p2a: Ting-Lu|move: Protect\n|\n|-heal|p2a: Ting-Lu|79\/100|[from] item: Leftovers\n|-sideend|p1: vagmak|move: Aurora Veil\n|upkeep\n|turn|7\n|\n|t:|1700253343\n|move|p1a: Walking Wake|Hydro Steam|p2a: Ting-Lu\n|-supereffective|p2a: Ting-Lu\n|-damage|p2a: Ting-Lu|47\/100\n|move|p2a: Ting-Lu|Earthquake|p1a: Walking Wake\n|-damage|p1a: Walking Wake|60\/100\n|\n|-heal|p2a: Ting-Lu|53\/100|[from] item: Leftovers\n|upkeep\n|turn|8\n|\n|t:|1700253367\n|move|p2a: Ting-Lu|Protect|p2a: Ting-Lu\n|-singleturn|p2a: Ting-Lu|Protect\n|move|p1a: Walking Wake|Hydro Steam|p2a: Ting-Lu\n|-activate|p2a: Ting-Lu|move: Protect\n|\n|-heal|p2a: Ting-Lu|60\/100|[from] item: Leftovers\n|upkeep\n|turn|9\n|inactive|vagmak has 120 seconds left.\n|\n|t:|1700253416\n|-terastallize|p2a: Ting-Lu|Water\n|move|p1a: Walking Wake|Hydro Steam|p2a: Ting-Lu\n|-resisted|p2a: Ting-Lu\n|-damage|p2a: Ting-Lu|52\/100\n|move|p2a: Ting-Lu|Spikes|p1a: Walking Wake\n|-sidestart|p1: vagmak|Spikes\n|\n|-heal|p2a: Ting-Lu|58\/100|[from] item: Leftovers\n|upkeep\n|turn|10\n|inactive|vagmak has 90 seconds left.\n|\n|t:|1700253432\n|-end|p1a: Walking Wake|Protosynthesis|[silent]\n|switch|p1a: Azumarill|Azumarill, F|100\/100\n|-damage|p1a: Azumarill|88\/100|[from] Spikes\n|move|p2a: Ting-Lu|Stealth Rock|p1a: Azumarill\n|-sidestart|p1: vagmak|move: Stealth Rock\n|\n|-heal|p2a: Ting-Lu|64\/100|[from] item: Leftovers\n|upkeep\n|turn|11\n|j| Raidder89\n|inactive|vagmak has 90 seconds left.\n|\n|t:|1700253445\n|switch|p2a: Weezing|Weezing-Galar, M|100\/100\n|-ability|p2a: Weezing|Neutralizing Gas\n|move|p1a: Azumarill|Belly Drum|p1a: Azumarill\n|-damage|p1a: Azumarill|38\/100\n|-setboost|p1a: Azumarill|atk|6|[from] move: Belly Drum\n|-enditem|p1a: Azumarill|Sitrus Berry|[eat]\n|-heal|p1a: Azumarill|63\/100|[from] item: Sitrus Berry\n|\n|upkeep\n|turn|12\n|\n|t:|1700253449\n|move|p2a: Weezing|Sludge Bomb|p1a: Azumarill\n|-supereffective|p1a: Azumarill\n|-damage|p1a: Azumarill|7\/100\n|-status|p1a: Azumarill|psn\n|move|p1a: Azumarill|Liquidation|p2a: Weezing\n|-damage|p2a: Weezing|26\/100\n|\n|-damage|p1a: Azumarill|0 fnt|[from] psn\n|faint|p1a: Azumarill\n|upkeep\n|\n|t:|1700253456\n|switch|p1a: Walking Wake|Walking Wake|60\/100\n|-damage|p1a: Walking Wake|48\/100|[from] Spikes\n|-damage|p1a: Walking Wake|35\/100|[from] Stealth Rock\n|turn|13\n|\n|t:|1700253462\n|-end|p2a: Weezing|ability: Neutralizing Gas\n|switch|p2a: Ting-Lu|Ting-Lu, tera:Water|64\/100\n|-ability|p2a: Ting-Lu|Vessel of Ruin\n|move|p1a: Walking Wake|Hydro Steam|p2a: Ting-Lu\n|-resisted|p2a: Ting-Lu\n|-damage|p2a: Ting-Lu|55\/100\n|\n|-heal|p2a: Ting-Lu|61\/100|[from] item: Leftovers\n|upkeep\n|turn|14\n|\n|t:|1700253466\n|move|p1a: Walking Wake|Dragon Pulse|p2a: Ting-Lu\n|-damage|p2a: Ting-Lu|43\/100\n|move|p2a: Ting-Lu|Spikes|p1a: Walking Wake\n|-sidestart|p1: vagmak|Spikes\n|\n|-heal|p2a: Ting-Lu|49\/100|[from] item: Leftovers\n|upkeep\n|turn|15\n|\n|t:|1700253473\n|move|p1a: Walking Wake|Dragon Pulse|p2a: Ting-Lu\n|-damage|p2a: Ting-Lu|31\/100\n|move|p2a: Ting-Lu|Spikes|p1a: Walking Wake\n|-sidestart|p1: vagmak|Spikes\n|\n|-heal|p2a: Ting-Lu|37\/100|[from] item: Leftovers\n|upkeep\n|turn|16\n|\n|t:|1700253476\n|move|p2a: Ting-Lu|Protect|p2a: Ting-Lu\n|-singleturn|p2a: Ting-Lu|Protect\n|move|p1a: Walking Wake|Dragon Pulse|p2a: Ting-Lu\n|-activate|p2a: Ting-Lu|move: Protect\n|\n|-heal|p2a: Ting-Lu|44\/100|[from] item: Leftovers\n|upkeep\n|turn|17\n|\n|t:|1700253478\n|move|p1a: Walking Wake|Dragon Pulse|p2a: Ting-Lu\n|-damage|p2a: Ting-Lu|25\/100\n|move|p2a: Ting-Lu|Earthquake|p1a: Walking Wake\n|-damage|p1a: Walking Wake|0 fnt\n|faint|p1a: Walking Wake\n|-end|p1a: Walking Wake|Protosynthesis|[silent]\n|\n|-heal|p2a: Ting-Lu|32\/100|[from] item: Leftovers\n|upkeep\n|-message|vagmak forfeited.\n|\n|win|mathismathin\n|raw|vagmak's rating: 1657 &rarr; <strong>1644<\/strong><br \/>(-13 for losing)\n|raw|mathismathin's rating: 1778 &rarr; <strong>1791<\/strong><br \/>(+13 for winning)\n|l|\u2606vagmak\n","uploadtime":1700253488,"views":24,"p1id":"vagmak","p2id":"mathismathin","formatid":"gen9ou","rating":1644,"private":0,"password":""}