{"id":"gen9ou-2000106912","p1":"Vaner_42","p2":"okadogap","format":"[Gen 9] OU","log":"|j|\u2606Vaner_42\n|j|\u2606okadogap\n|t:|1701156056\n|gametype|singles\n|player|p1|Vaner_42|lana|1272\n|player|p2|okadogap|veteran|1242\n|teamsize|p1|6\n|teamsize|p2|6\n|gen|9\n|tier|[Gen 9] OU\n|rated|\n|rule|Sleep Clause Mod: Limit one foe put to sleep\n|rule|Species Clause: Limit one of each Pok\u00e9mon\n|rule|OHKO Clause: OHKO moves are banned\n|rule|Evasion Items Clause: Evasion items are banned\n|rule|Evasion Moves Clause: Evasion moves are banned\n|rule|Endless Battle Clause: Forcing endless battles is banned\n|rule|HP Percentage Mod: HP is shown in percentages\n|clearpoke\n|poke|p1|Quaquaval, M|\n|poke|p1|Ogerpon-Wellspring, F|\n|poke|p1|Gyarados, M|\n|poke|p1|Gastrodon, F|\n|poke|p1|Greninja-*, M|\n|poke|p1|Goodra-Hisui, F|\n|poke|p2|Arcanine-Hisui, M|\n|poke|p2|Greninja-*, M|\n|poke|p2|Corviknight, M|\n|poke|p2|Iron Hands|\n|poke|p2|Slowking-Galar, M|\n|poke|p2|Landorus-Therian, M|\n|teampreview\n|inactive|Battle timer is ON: inactive players will automatically lose when time's up. (requested by Vaner_42)\n|inactive|okadogap has 120 seconds left.\n|\n|t:|1701156098\n|start\n|switch|p1a: Gastrodon|Gastrodon, F, shiny|100\/100\n|switch|p2a: Landorus|Landorus-Therian, M, shiny|100\/100\n|-ability|p2a: Landorus|Intimidate|boost\n|-unboost|p1a: Gastrodon|atk|1\n|turn|1\n|\n|t:|1701156104\n|switch|p1a: Gyarados|Gyarados, M, shiny|100\/100\n|-ability|p1a: Gyarados|Intimidate|boost\n|-unboost|p2a: Landorus|atk|1\n|move|p2a: Landorus|Grass Knot|p1a: Gyarados\n|-damage|p1a: Gyarados|72\/100\n|-damage|p2a: Landorus|84\/100|[from] item: Rocky Helmet|[of] p1a: Gyarados\n|\n|-heal|p2a: Landorus|90\/100|[from] item: Leftovers\n|upkeep\n|turn|2\n|\n|t:|1701156114\n|switch|p2a: Corviknight|Corviknight, M, shiny|100\/100\n|-ability|p2a: Corviknight|Pressure\n|move|p1a: Gyarados|Dragon Dance|p1a: Gyarados\n|-boost|p1a: Gyarados|atk|1\n|-boost|p1a: Gyarados|spe|1\n|\n|upkeep\n|turn|3\n|\n|t:|1701156125\n|move|p1a: Gyarados|Waterfall|p2a: Corviknight\n|-damage|p2a: Corviknight|60\/100\n|-damage|p1a: Gyarados|56\/100|[from] item: Rocky Helmet|[of] p2a: Corviknight\n|move|p2a: Corviknight|U-turn|p1a: Gyarados\n|-resisted|p1a: Gyarados\n|-damage|p1a: Gyarados|48\/100\n|-damage|p2a: Corviknight|43\/100|[from] item: Rocky Helmet|[of] p1a: Gyarados\n|\n|t:|1701156128\n|switch|p2a: Landorus|Landorus-Therian, M, shiny|90\/100|[from] U-turn\n|-ability|p2a: Landorus|Intimidate|boost\n|-unboost|p1a: Gyarados|atk|1\n|\n|-heal|p2a: Landorus|96\/100|[from] item: Leftovers\n|upkeep\n|turn|4\n|\n|t:|1701156144\n|switch|p2a: Corviknight|Corviknight, M, shiny|43\/100\n|-ability|p2a: Corviknight|Pressure\n|move|p1a: Gyarados|Ice Fang|p2a: Corviknight\n|-damage|p2a: Corviknight|28\/100\n|-damage|p1a: Gyarados|31\/100|[from] item: Rocky Helmet|[of] p2a: Corviknight\n|\n|upkeep\n|turn|5\n|\n|t:|1701156152\n|move|p1a: Gyarados|Dragon Dance|p1a: Gyarados\n|-boost|p1a: Gyarados|atk|1\n|-boost|p1a: Gyarados|spe|1\n|move|p2a: Corviknight|Roost|p2a: Corviknight\n|-heal|p2a: Corviknight|78\/100\n|-singleturn|p2a: Corviknight|move: Roost\n|\n|upkeep\n|turn|6\n|\n|t:|1701156161\n|switch|p1a: Gastrodon|Gastrodon, F, shiny|100\/100\n|move|p2a: Corviknight|Body Press|p1a: Gastrodon\n|-damage|p1a: Gastrodon|80\/100\n|\n|-heal|p1a: Gastrodon|86\/100|[from] item: Leftovers\n|upkeep\n|turn|7\n|\n|t:|1701156169\n|move|p2a: Corviknight|U-turn|p1a: Gastrodon\n|-damage|p1a: Gastrodon|74\/100\n|\n|t:|1701156172\n|switch|p2a: Landorus|Landorus-Therian, M, shiny|96\/100|[from] U-turn\n|-ability|p2a: Landorus|Intimidate|boost\n|-unboost|p1a: Gastrodon|atk|1\n|move|p1a: Gastrodon|Stealth Rock|p2a: Landorus\n|-sidestart|p2: okadogap|move: Stealth Rock\n|\n|-heal|p2a: Landorus|100\/100|[from] item: Leftovers\n|-heal|p1a: Gastrodon|80\/100|[from] item: Leftovers\n|upkeep\n|turn|8\n|\n|t:|1701156182\n|switch|p1a: Gyarados|Gyarados, M, shiny|31\/100\n|-ability|p1a: Gyarados|Intimidate|boost\n|-unboost|p2a: Landorus|atk|1\n|move|p2a: Landorus|Stealth Rock|p1a: Gyarados\n|-sidestart|p1: Vaner_42|move: Stealth Rock\n|\n|upkeep\n|turn|9\n|\n|t:|1701156189\n|move|p1a: Gyarados|Dragon Dance|p1a: Gyarados\n|-boost|p1a: Gyarados|atk|1\n|-boost|p1a: Gyarados|spe|1\n|move|p2a: Landorus|Grass Knot|p1a: Gyarados\n|-damage|p1a: Gyarados|0 fnt\n|-damage|p2a: Landorus|84\/100|[from] item: Rocky Helmet|[of] p1a: Gyarados\n|faint|p1a: Gyarados\n|\n|-heal|p2a: Landorus|90\/100|[from] item: Leftovers\n|upkeep\n|\n|t:|1701156198\n|switch|p1a: Greninja|Greninja, M, shiny|100\/100\n|-damage|p1a: Greninja|88\/100|[from] Stealth Rock\n|turn|10\n|\n|t:|1701156210\n|switch|p2a: Slowking|Slowking-Galar, M, shiny|100\/100\n|move|p1a: Greninja|Hydro Pump|p2a: Slowking\n|-start|p1a: Greninja|typechange|Water|[from] ability: Protean\n|-damage|p2a: Slowking|71\/100\n|\n|upkeep\n|turn|11\n|\n|t:|1701156220\n|switch|p1a: Goodra|Goodra-Hisui, F, shiny|100\/100\n|-damage|p1a: Goodra|94\/100|[from] Stealth Rock\n|move|p2a: Slowking|Future Sight|p1a: Goodra\n|-start|p2a: Slowking|move: Future Sight\n|\n|upkeep\n|turn|12\n|\n|t:|1701156226\n|move|p1a: Goodra|Flash Cannon|p2a: Slowking\n|-damage|p2a: Slowking|48\/100\n|move|p2a: Slowking|Chilly Reception|p2a: Slowking\n|-weather|Snow\n|\n|t:|1701156236\n|switch|p2a: Corviknight|Corviknight, M, shiny|78\/100|[from] Chilly Reception\n|-damage|p2a: Corviknight|66\/100|[from] Stealth Rock\n|-ability|p2a: Corviknight|Pressure\n|\n|-weather|Snow|[upkeep]\n|upkeep\n|turn|13\n|\n|t:|1701156242\n|move|p2a: Corviknight|Body Press|p1a: Goodra\n|-supereffective|p1a: Goodra\n|-damage|p1a: Goodra|44\/100\n|move|p1a: Goodra|Flamethrower|p2a: Corviknight\n|-supereffective|p2a: Corviknight\n|-damage|p2a: Corviknight|1\/100\n|\n|-weather|Snow|[upkeep]\n|-end|p1a: Goodra|move: Future Sight\n|-resisted|p1a: Goodra\n|-damage|p1a: Goodra|34\/100\n|upkeep\n|turn|14\n|inactive|okadogap has 120 seconds left.\n|\n|t:|1701156274\n|move|p2a: Corviknight|Body Press|p1a: Goodra\n|-supereffective|p1a: Goodra\n|-damage|p1a: Goodra|0 fnt\n|faint|p1a: Goodra\n|\n|-weather|Snow|[upkeep]\n|upkeep\n|\n|t:|1701156279\n|switch|p1a: Quaquaval|Quaquaval, M, shiny|100\/100\n|-damage|p1a: Quaquaval|94\/100|[from] Stealth Rock\n|turn|15\n|\n|t:|1701156283\n|move|p1a: Quaquaval|Aqua Step|p2a: Corviknight\n|-damage|p2a: Corviknight|0 fnt\n|-boost|p1a: Quaquaval|spe|1\n|-damage|p1a: Quaquaval|78\/100|[from] item: Rocky Helmet|[of] p2a: Corviknight\n|faint|p2a: Corviknight\n|-ability|p1a: Quaquaval|Moxie|boost\n|-boost|p1a: Quaquaval|atk|1\n|\n|-weather|Snow|[upkeep]\n|upkeep\n|\n|t:|1701156288\n|switch|p2a: Landorus|Landorus-Therian, M, shiny|90\/100\n|-damage|p2a: Landorus|78\/100|[from] Stealth Rock\n|-ability|p2a: Landorus|Intimidate|boost\n|-unboost|p1a: Quaquaval|atk|1\n|turn|16\n|\n|t:|1701156295\n|move|p1a: Quaquaval|Ice Spinner|p2a: Landorus\n|-supereffective|p2a: Landorus\n|-damage|p2a: Landorus|0 fnt\n|faint|p2a: Landorus\n|-ability|p1a: Quaquaval|Moxie|boost\n|-boost|p1a: Quaquaval|atk|1\n|\n|-weather|none\n|upkeep\n|\n|t:|1701156305\n|switch|p2a: Iron Hands|Iron Hands, shiny|100\/100\n|-damage|p2a: Iron Hands|94\/100|[from] Stealth Rock\n|turn|17\n|\n|t:|1701156309\n|switch|p1a: Gastrodon|Gastrodon, F, shiny|80\/100\n|-damage|p1a: Gastrodon|74\/100|[from] Stealth Rock\n|move|p2a: Iron Hands|Wild Charge|p1a: Gastrodon\n|-immune|p1a: Gastrodon\n|\n|-heal|p1a: Gastrodon|80\/100|[from] item: Leftovers\n|upkeep\n|turn|18\n|\n|t:|1701156320\n|-end|p2a: Iron Hands|Quark Drive|[silent]\n|switch|p2a: Slowking|Slowking-Galar, M, shiny|81\/100\n|move|p1a: Gastrodon|Earth Power|p2a: Slowking\n|-supereffective|p2a: Slowking\n|-damage|p2a: Slowking|48\/100\n|-unboost|p2a: Slowking|spd|1\n|\n|-heal|p1a: Gastrodon|86\/100|[from] item: Leftovers\n|upkeep\n|turn|19\n|\n|t:|1701156331\n|move|p1a: Gastrodon|Earth Power|p2a: Slowking\n|-supereffective|p2a: Slowking\n|-damage|p2a: Slowking|0 fnt\n|faint|p2a: Slowking\n|\n|-heal|p1a: Gastrodon|92\/100|[from] item: Leftovers\n|upkeep\n|\n|t:|1701156338\n|switch|p2a: Arcanine|Arcanine-Hisui, M, shiny|100\/100\n|-damage|p2a: Arcanine|76\/100|[from] Stealth Rock\n|turn|20\n|\n|t:|1701156347\n|-terastallize|p2a: Arcanine|Fire\n|move|p2a: Arcanine|Flare Blitz|p1a: Gastrodon\n|-resisted|p1a: Gastrodon\n|-damage|p1a: Gastrodon|47\/100\n|move|p1a: Gastrodon|Yawn|p2a: Arcanine\n|-start|p2a: Arcanine|move: Yawn|[of] p1a: Gastrodon\n|\n|-heal|p1a: Gastrodon|53\/100|[from] item: Leftovers\n|upkeep\n|turn|21\n|\n|t:|1701156356\n|switch|p2a: Iron Hands|Iron Hands, shiny|94\/100\n|-damage|p2a: Iron Hands|88\/100|[from] Stealth Rock\n|move|p1a: Gastrodon|Recover|p1a: Gastrodon\n|-heal|p1a: Gastrodon|100\/100\n|\n|upkeep\n|turn|22\n|inactive|okadogap has 120 seconds left.\n|\n|t:|1701156390\n|move|p2a: Iron Hands|Fake Out|p1a: Gastrodon\n|-damage|p1a: Gastrodon|87\/100\n|cant|p1a: Gastrodon|flinch\n|\n|-heal|p1a: Gastrodon|93\/100|[from] item: Leftovers\n|upkeep\n|turn|23\n|\n|t:|1701156396\n|move|p2a: Iron Hands|Ice Punch|p1a: Gastrodon\n|-damage|p1a: Gastrodon|71\/100\n|-status|p1a: Gastrodon|frz\n|cant|p1a: Gastrodon|frz\n|\n|-heal|p1a: Gastrodon|78\/100 frz|[from] item: Leftovers\n|upkeep\n|turn|24\n|\n|t:|1701156407\n|-end|p2a: Iron Hands|Quark Drive|[silent]\n|switch|p2a: Greninja|Greninja, M|100\/100\n|-damage|p2a: Greninja|88\/100|[from] Stealth Rock\n|cant|p1a: Gastrodon|frz\n|\n|-heal|p1a: Gastrodon|84\/100 frz|[from] item: Leftovers\n|upkeep\n|turn|25\n|\n|t:|1701156417\n|move|p2a: Greninja|Dark Pulse|p1a: Gastrodon\n|-damage|p1a: Gastrodon|34\/100 frz\n|cant|p1a: Gastrodon|frz\n|\n|-heal|p1a: Gastrodon|40\/100 frz|[from] item: Leftovers\n|upkeep\n|turn|26\n|\n|t:|1701156424\n|switch|p1a: Quaquaval|Quaquaval, M, shiny|78\/100\n|-damage|p1a: Quaquaval|72\/100|[from] Stealth Rock\n|move|p2a: Greninja|Dark Pulse|p1a: Quaquaval\n|-resisted|p1a: Quaquaval\n|-damage|p1a: Quaquaval|33\/100\n|\n|upkeep\n|turn|27\n|\n|t:|1701156431\n|move|p2a: Greninja|Dark Pulse|p1a: Quaquaval\n|-resisted|p1a: Quaquaval\n|-damage|p1a: Quaquaval|0 fnt\n|faint|p1a: Quaquaval\n|-ability|p2a: Greninja|Battle Bond|boost\n|-boost|p2a: Greninja|atk|1\n|-boost|p2a: Greninja|spa|1\n|-boost|p2a: Greninja|spe|1\n|-activate|p2a: Greninja|ability: Battle Bond\n|\n|upkeep\n|\n|t:|1701156443\n|switch|p1a: Ogerpon|Ogerpon-Wellspring, F|100\/100\n|-damage|p1a: Ogerpon|88\/100|[from] Stealth Rock\n|turn|28\n|\n|t:|1701156448\n|-terastallize|p1a: Ogerpon|Water\n|detailschange|p1a: Ogerpon|Ogerpon-Wellspring-Tera, F, tera:Water\n|-ability|p1a: Ogerpon|Embody Aspect (Wellspring)|boost\n|-boost|p1a: Ogerpon|spd|1\n|move|p2a: Greninja|Dark Pulse|p1a: Ogerpon\n|-damage|p1a: Ogerpon|26\/100\n|move|p1a: Ogerpon|Play Rough|p2a: Greninja\n|-supereffective|p2a: Greninja\n|-damage|p2a: Greninja|0 fnt\n|faint|p2a: Greninja\n|\n|upkeep\n|\n|t:|1701156452\n|switch|p2a: Iron Hands|Iron Hands, shiny|88\/100\n|-damage|p2a: Iron Hands|82\/100|[from] Stealth Rock\n|turn|29\n|\n|t:|1701156461\n|move|p2a: Iron Hands|Fake Out|p1a: Ogerpon\n|-damage|p1a: Ogerpon|3\/100\n|cant|p1a: Ogerpon|flinch\n|\n|upkeep\n|turn|30\n|\n|t:|1701156467\n|move|p1a: Ogerpon|Play Rough|p2a: Iron Hands\n|-supereffective|p2a: Iron Hands\n|-damage|p2a: Iron Hands|37\/100\n|move|p2a: Iron Hands|Ice Punch|p1a: Ogerpon\n|-resisted|p1a: Ogerpon\n|-damage|p1a: Ogerpon|0 fnt\n|faint|p1a: Ogerpon\n|\n|upkeep\n|\n|t:|1701156475\n|switch|p1a: Greninja|Greninja, M, shiny|88\/100\n|-damage|p1a: Greninja|76\/100|[from] Stealth Rock\n|turn|31\n|\n|t:|1701156480\n|move|p1a: Greninja|Extrasensory|p2a: Iron Hands\n|-start|p1a: Greninja|typechange|Psychic|[from] ability: Protean\n|-supereffective|p2a: Iron Hands\n|-damage|p2a: Iron Hands|0 fnt\n|faint|p2a: Iron Hands\n|-end|p2a: Iron Hands|Quark Drive|[silent]\n|\n|upkeep\n|\n|t:|1701156483\n|switch|p2a: Arcanine|Arcanine-Hisui, M, shiny, tera:Fire|76\/100\n|-damage|p2a: Arcanine|51\/100|[from] Stealth Rock\n|turn|32\n|\n|t:|1701156500\n|switch|p1a: Gastrodon|Gastrodon, F, shiny|40\/100 frz\n|-damage|p1a: Gastrodon|34\/100 frz|[from] Stealth Rock\n|move|p2a: Arcanine|Rock Blast|p1a: Gastrodon|[miss]\n|-miss|p2a: Arcanine|p1a: Gastrodon\n|\n|-heal|p1a: Gastrodon|40\/100 frz|[from] item: Leftovers\n|upkeep\n|turn|33\n|\n|t:|1701156509\n|move|p2a: Arcanine|Rock Blast|p1a: Gastrodon\n|-resisted|p1a: Gastrodon\n|-damage|p1a: Gastrodon|33\/100 frz\n|-resisted|p1a: Gastrodon\n|-damage|p1a: Gastrodon|25\/100 frz\n|-resisted|p1a: Gastrodon\n|-damage|p1a: Gastrodon|18\/100 frz\n|-resisted|p1a: Gastrodon\n|-damage|p1a: Gastrodon|11\/100 frz\n|-hitcount|p1a: Gastrodon|4\n|-curestatus|p1a: Gastrodon|frz|[msg]\n|move|p1a: Gastrodon|Earth Power|p2a: Arcanine\n|-supereffective|p2a: Arcanine\n|-damage|p2a: Arcanine|0 fnt\n|faint|p2a: Arcanine\n|\n|win|Vaner_42\n|raw|Vaner_42's rating: 1272 &rarr; <strong>1295<\/strong><br \/>(+23 for winning)\n|raw|okadogap's rating: 1242 &rarr; <strong>1219<\/strong><br \/>(-23 for losing)\n|l|\u2606okadogap\n","uploadtime":1701156541,"views":4,"p1id":"vaner42","p2id":"okadogap","formatid":"gen9ou","rating":1219,"private":0,"password":""}