{"id":"gen9ou-1990677213","p1":"BigJo34","p2":"Smipsmop","format":"[Gen 9] OU","log":"|j|\u2606BigJo34\n|j|\u2606Smipsmop\n|t:|1699990960\n|gametype|singles\n|player|p1|BigJo34|bruno|1090\n|player|p2|Smipsmop|lusamine-nihilego|1077\n|teamsize|p1|6\n|teamsize|p2|6\n|gen|9\n|tier|[Gen 9] OU\n|rated|\n|rule|Sleep Clause Mod: Limit one foe put to sleep\n|rule|Species Clause: Limit one of each Pok\u00e9mon\n|rule|OHKO Clause: OHKO moves are banned\n|rule|Evasion Items Clause: Evasion items are banned\n|rule|Evasion Moves Clause: Evasion moves are banned\n|rule|Endless Battle Clause: Forcing endless battles is banned\n|rule|HP Percentage Mod: HP is shown in percentages\n|clearpoke\n|poke|p1|Articuno-Galar|\n|poke|p1|Diancie|\n|poke|p1|Arcanine-Hisui, F|\n|poke|p1|Iron Valiant|\n|poke|p1|Greninja-*, M|\n|poke|p1|Cramorant, M|\n|poke|p2|Landorus-Therian, M|\n|poke|p2|Clodsire, M|\n|poke|p2|Basculegion-F, F|\n|poke|p2|Grafaiai, M|\n|poke|p2|Zapdos|\n|poke|p2|Sneasler, F|\n|teampreview\n|inactive|Battle timer is ON: inactive players will automatically lose when time's up. (requested by BigJo34)\n|c|\u2606Smipsmop|glhf\n|\n|t:|1699990977\n|start\n|switch|p1a: Articuno|Articuno-Galar|100\/100\n|switch|p2a: Grafaiai|Grafaiai, M|100\/100\n|turn|1\n|\n|t:|1699990985\n|move|p2a: Grafaiai|Switcheroo|p1a: Articuno\n|-activate|p2a: Grafaiai|move: Trick|[of] p1a: Articuno\n|-item|p1a: Articuno|Choice Scarf|[from] move: Switcheroo\n|-item|p2a: Grafaiai|Weakness Policy|[from] move: Switcheroo\n|move|p1a: Articuno|Agility|p1a: Articuno\n|-boost|p1a: Articuno|spe|2\n|\n|upkeep\n|turn|2\n|\n|t:|1699990993\n|switch|p1a: Diancie|Diancie|100\/100\n|move|p2a: Grafaiai|Encore||[still]\n|-fail|p2a: Grafaiai\n|\n|upkeep\n|turn|3\n|\n|t:|1699991009\n|move|p2a: Grafaiai|Switcheroo|p1a: Diancie\n|-activate|p2a: Grafaiai|move: Trick|[of] p1a: Diancie\n|-item|p1a: Diancie|Weakness Policy|[from] move: Switcheroo\n|-item|p2a: Grafaiai|Assault Vest|[from] move: Switcheroo\n|move|p1a: Diancie|Diamond Storm|p2a: Grafaiai\n|-damage|p2a: Grafaiai|32\/100\n|\n|upkeep\n|turn|4\n|\n|t:|1699991016\n|-activate|p2a: Grafaiai|move: Struggle\n|move|p2a: Grafaiai|Struggle|p1a: Diancie\n|-damage|p1a: Diancie|92\/100\n|-damage|p2a: Grafaiai|6\/100|[from] recoil\n|move|p1a: Diancie|Diamond Storm|p2a: Grafaiai\n|-damage|p2a: Grafaiai|0 fnt\n|faint|p2a: Grafaiai\n|\n|upkeep\n|\n|t:|1699991026\n|switch|p2a: Clodsire|Clodsire, M|100\/100\n|turn|5\n|\n|t:|1699991042\n|move|p1a: Diancie|Diamond Storm|p2a: Clodsire\n|-resisted|p2a: Clodsire\n|-damage|p2a: Clodsire|80\/100\n|-boost|p1a: Diancie|def|2\n|move|p2a: Clodsire|Toxic|p1a: Diancie\n|-status|p1a: Diancie|tox\n|\n|-heal|p2a: Clodsire|87\/100|[from] item: Black Sludge\n|-damage|p1a: Diancie|86\/100 tox|[from] psn\n|upkeep\n|turn|6\n|\n|t:|1699991053\n|move|p1a: Diancie|Diamond Storm|p2a: Clodsire\n|-resisted|p2a: Clodsire\n|-damage|p2a: Clodsire|65\/100\n|move|p2a: Clodsire|Stealth Rock|p1a: Diancie\n|-sidestart|p1: BigJo34|move: Stealth Rock\n|\n|-heal|p2a: Clodsire|71\/100|[from] item: Black Sludge\n|-damage|p1a: Diancie|74\/100 tox|[from] psn\n|upkeep\n|turn|7\n|\n|t:|1699991060\n|move|p1a: Diancie|Diamond Storm|p2a: Clodsire\n|-resisted|p2a: Clodsire\n|-damage|p2a: Clodsire|49\/100\n|move|p2a: Clodsire|Recover|p2a: Clodsire\n|-heal|p2a: Clodsire|99\/100\n|\n|-heal|p2a: Clodsire|100\/100|[from] item: Black Sludge\n|-damage|p1a: Diancie|55\/100 tox|[from] psn\n|upkeep\n|turn|8\n|\n|t:|1699991073\n|move|p1a: Diancie|Diamond Storm|p2a: Clodsire\n|-resisted|p2a: Clodsire\n|-damage|p2a: Clodsire|78\/100\n|-boost|p1a: Diancie|def|2\n|move|p2a: Clodsire|Chilling Water|p1a: Diancie\n|-supereffective|p1a: Diancie\n|-damage|p1a: Diancie|45\/100 tox\n|-enditem|p1a: Diancie|Weakness Policy\n|-boost|p1a: Diancie|atk|2|[from] item: Weakness Policy\n|-boost|p1a: Diancie|spa|2|[from] item: Weakness Policy\n|\n|-heal|p2a: Clodsire|84\/100|[from] item: Black Sludge\n|-damage|p1a: Diancie|20\/100 tox|[from] psn\n|upkeep\n|turn|9\n|\n|t:|1699991085\n|move|p1a: Diancie|Body Press|p2a: Clodsire\n|-resisted|p2a: Clodsire\n|-damage|p2a: Clodsire|30\/100\n|move|p2a: Clodsire|Recover|p2a: Clodsire\n|-heal|p2a: Clodsire|80\/100\n|\n|-heal|p2a: Clodsire|86\/100|[from] item: Black Sludge\n|-damage|p1a: Diancie|0 fnt|[from] psn\n|faint|p1a: Diancie\n|upkeep\n|\n|t:|1699991108\n|switch|p1a: Arcanine|Arcanine-Hisui, F|100\/100\n|-damage|p1a: Arcanine|76\/100|[from] Stealth Rock\n|turn|10\n|\n|t:|1699991116\n|move|p1a: Arcanine|Flare Blitz|p2a: Clodsire\n|-damage|p2a: Clodsire|20\/100\n|move|p2a: Clodsire|Chilling Water|p1a: Arcanine\n|-supereffective|p1a: Arcanine\n|-damage|p1a: Arcanine|47\/100\n|-unboost|p1a: Arcanine|atk|1\n|\n|-heal|p2a: Clodsire|26\/100|[from] item: Black Sludge\n|upkeep\n|turn|11\n|\n|t:|1699991126\n|switch|p1a: Articuno|Articuno-Galar|100\/100\n|-damage|p1a: Articuno|76\/100|[from] Stealth Rock\n|switch|p2a: Landorus|Landorus-Therian, M|100\/100\n|-ability|p2a: Landorus|Intimidate|boost\n|-unboost|p1a: Articuno|atk|1\n|-ability|p1a: Articuno|Competitive|boost\n|-boost|p1a: Articuno|spa|2\n|\n|upkeep\n|turn|12\n|\n|t:|1699991136\n|switch|p2a: Clodsire|Clodsire, M|26\/100\n|-terastallize|p1a: Articuno|Fighting\n|move|p1a: Articuno|Agility|p1a: Articuno\n|-boost|p1a: Articuno|spe|2\n|\n|-heal|p2a: Clodsire|32\/100|[from] item: Black Sludge\n|upkeep\n|turn|13\n|-message|BigJo34 forfeited.\n|\n|win|Smipsmop\n|raw|BigJo34's rating: 1119 &rarr; <strong>1091<\/strong><br \/>(-28 for losing)\n|raw|Smipsmop's rating: 1077 &rarr; <strong>1109<\/strong><br \/>(+32 for winning)\n|l|\u2606BigJo34\n","uploadtime":1699991152,"views":22,"p1id":"bigjo34","p2id":"smipsmop","formatid":"gen9ou","rating":1091,"private":0,"password":""}