{"id":"gen9ou-1996589391","p1":"loafgene","p2":"Quarters_OU","format":"[Gen 9] OU","log":"|j|\u2606loafgene\n|j|\u2606Quarters_OU\n|t:|1700697752\n|gametype|singles\n|player|p1|loafgene|palmer|1111\n|player|p2|Quarters_OU|caitlin|1215\n|teamsize|p1|6\n|teamsize|p2|6\n|gen|9\n|tier|[Gen 9] OU\n|rated|\n|rule|Sleep Clause Mod: Limit one foe put to sleep\n|rule|Species Clause: Limit one of each Pok\u00e9mon\n|rule|OHKO Clause: OHKO moves are banned\n|rule|Evasion Items Clause: Evasion items are banned\n|rule|Evasion Moves Clause: Evasion moves are banned\n|rule|Endless Battle Clause: Forcing endless battles is banned\n|rule|HP Percentage Mod: HP is shown in percentages\n|clearpoke\n|poke|p1|Ribombee, F|\n|poke|p1|Enamorus, F|\n|poke|p1|Ninetales-Alola, M|\n|poke|p1|Klefki, F|\n|poke|p1|Iron Valiant|\n|poke|p1|Azumarill, F|\n|poke|p2|Toxapex, M|\n|poke|p2|Ting-Lu|\n|poke|p2|Gholdengo|\n|poke|p2|Iron Valiant|\n|poke|p2|Dragapult, M|\n|poke|p2|Clefable, M|\n|teampreview\n|inactive|Battle timer is ON: inactive players will automatically lose when time's up. (requested by loafgene)\n|j| hgtfkflfl\n|\n|t:|1700697778\n|start\n|switch|p1a: Ribombee|Ribombee, F|100\/100\n|switch|p2a: Dragapult|Dragapult, M|100\/100\n|turn|1\n|\n|t:|1700697783\n|move|p2a: Dragapult|U-turn|p1a: Ribombee\n|-resisted|p1a: Ribombee\n|-damage|p1a: Ribombee|64\/100\n|\n|t:|1700697800\n|switch|p2a: Toxapex|Toxapex, M|100\/100|[from] U-turn\n|move|p1a: Ribombee|Sticky Web|p2a: Toxapex\n|-sidestart|p2: Quarters_OU|move: Sticky Web\n|\n|upkeep\n|turn|2\n|\n|t:|1700697806\n|move|p1a: Ribombee|Stun Spore|p2a: Toxapex|[miss]\n|-miss|p1a: Ribombee|p2a: Toxapex\n|move|p2a: Toxapex|Infestation|p1a: Ribombee\n|-resisted|p1a: Ribombee\n|-crit|p1a: Ribombee\n|-damage|p1a: Ribombee|61\/100\n|-activate|p1a: Ribombee|move: Infestation|[of] p2a: Toxapex\n|\n|-damage|p1a: Ribombee|49\/100|[from] move: Infestation|[partiallytrapped]\n|upkeep\n|turn|3\n|\n|t:|1700697814\n|move|p1a: Ribombee|Stun Spore|p2a: Toxapex\n|-status|p2a: Toxapex|par\n|move|p2a: Toxapex|Toxic Spikes|p1a: Ribombee\n|-sidestart|p1: loafgene|move: Toxic Spikes\n|\n|-damage|p1a: Ribombee|37\/100|[from] move: Infestation|[partiallytrapped]\n|upkeep\n|turn|4\n|\n|t:|1700697821\n|move|p1a: Ribombee|Draining Kiss|p2a: Toxapex\n|-resisted|p2a: Toxapex\n|-damage|p2a: Toxapex|94\/100 par\n|-heal|p1a: Ribombee|43\/100|[from] drain|[of] p2a: Toxapex\n|-damage|p1a: Ribombee|26\/100|[from] item: Rocky Helmet|[of] p2a: Toxapex\n|cant|p2a: Toxapex|par\n|\n|-damage|p1a: Ribombee|14\/100|[from] move: Infestation|[partiallytrapped]\n|upkeep\n|turn|5\n|\n|t:|1700697843\n|move|p1a: Ribombee|Bug Buzz|p2a: Toxapex\n|-resisted|p2a: Toxapex\n|-damage|p2a: Toxapex|80\/100 par\n|-unboost|p2a: Toxapex|spd|1\n|move|p2a: Toxapex|Toxic Spikes|p1a: Ribombee\n|-sidestart|p1: loafgene|move: Toxic Spikes\n|\n|-damage|p1a: Ribombee|2\/100|[from] move: Infestation|[partiallytrapped]\n|upkeep\n|turn|6\n|l| hgtfkflfl\n|\n|t:|1700697855\n|move|p2a: Toxapex|Baneful Bunker|p2a: Toxapex\n|-singleturn|p2a: Toxapex|move: Protect\n|move|p1a: Ribombee|Bug Buzz|p2a: Toxapex\n|-activate|p2a: Toxapex|move: Protect\n|\n|-end|p1a: Ribombee|Infestation|[partiallytrapped]\n|upkeep\n|turn|7\n|\n|t:|1700697865\n|switch|p1a: Klefki|Klefki, F|100\/100\n|move|p2a: Toxapex|Recover|p2a: Toxapex\n|-heal|p2a: Toxapex|100\/100 par\n|\n|upkeep\n|turn|8\n|\n|t:|1700697876\n|move|p1a: Klefki|Calm Mind|p1a: Klefki\n|-boost|p1a: Klefki|spa|1\n|-boost|p1a: Klefki|spd|1\n|move|p2a: Toxapex|Infestation|p1a: Klefki\n|-resisted|p1a: Klefki\n|-damage|p1a: Klefki|99\/100\n|-activate|p1a: Klefki|move: Infestation|[of] p2a: Toxapex\n|\n|-heal|p1a: Klefki|100\/100|[from] item: Leftovers\n|-damage|p1a: Klefki|88\/100|[from] move: Infestation|[partiallytrapped]\n|upkeep\n|turn|9\n|\n|t:|1700697893\n|switch|p2a: Clefable|Clefable, M|100\/100\n|-activate|p2a: Clefable|move: Sticky Web\n|-unboost|p2a: Clefable|spe|1\n|move|p1a: Klefki|Calm Mind|p1a: Klefki\n|-boost|p1a: Klefki|spa|1\n|-boost|p1a: Klefki|spd|1\n|\n|-heal|p1a: Klefki|94\/100|[from] item: Leftovers\n|-end|p1a: Klefki|Infestation|[partiallytrapped]|[silent]\n|upkeep\n|turn|10\n|\n|t:|1700697915\n|move|p1a: Klefki|Calm Mind|p1a: Klefki\n|-boost|p1a: Klefki|spa|1\n|-boost|p1a: Klefki|spd|1\n|move|p2a: Clefable|Calm Mind|p2a: Clefable\n|-boost|p2a: Clefable|spa|1\n|-boost|p2a: Clefable|spd|1\n|\n|-heal|p1a: Klefki|99\/100|[from] item: Leftovers\n|upkeep\n|turn|11\n|\n|t:|1700697927\n|move|p1a: Klefki|Stored Power|p2a: Clefable\n|-damage|p2a: Clefable|82\/100\n|move|p2a: Clefable|Calm Mind|p2a: Clefable\n|-boost|p2a: Clefable|spa|1\n|-boost|p2a: Clefable|spd|1\n|\n|-heal|p1a: Klefki|100\/100|[from] item: Leftovers\n|-heal|p2a: Clefable|88\/100|[from] item: Leftovers\n|upkeep\n|turn|12\n|\n|t:|1700697936\n|move|p1a: Klefki|Calm Mind|p1a: Klefki\n|-boost|p1a: Klefki|spa|1\n|-boost|p1a: Klefki|spd|1\n|move|p2a: Clefable|Calm Mind|p2a: Clefable\n|-boost|p2a: Clefable|spa|1\n|-boost|p2a: Clefable|spd|1\n|\n|-heal|p2a: Clefable|94\/100|[from] item: Leftovers\n|upkeep\n|turn|13\n|\n|t:|1700697943\n|move|p1a: Klefki|Calm Mind|p1a: Klefki\n|-boost|p1a: Klefki|spa|1\n|-boost|p1a: Klefki|spd|1\n|move|p2a: Clefable|Calm Mind|p2a: Clefable\n|-boost|p2a: Clefable|spa|1\n|-boost|p2a: Clefable|spd|1\n|\n|-heal|p2a: Clefable|99\/100|[from] item: Leftovers\n|upkeep\n|turn|14\n|\n|t:|1700697950\n|move|p1a: Klefki|Calm Mind|p1a: Klefki\n|-boost|p1a: Klefki|spa|1\n|-boost|p1a: Klefki|spd|1\n|move|p2a: Clefable|Calm Mind|p2a: Clefable\n|-boost|p2a: Clefable|spa|1\n|-boost|p2a: Clefable|spd|1\n|\n|-heal|p2a: Clefable|100\/100|[from] item: Leftovers\n|upkeep\n|turn|15\n|\n|t:|1700697959\n|move|p1a: Klefki|Iron Defense|p1a: Klefki\n|-boost|p1a: Klefki|def|2\n|move|p2a: Clefable|Wish|p2a: Clefable\n|\n|upkeep\n|turn|16\n|\n|t:|1700697964\n|move|p1a: Klefki|Iron Defense|p1a: Klefki\n|-boost|p1a: Klefki|def|2\n|move|p2a: Clefable|Calm Mind|p2a: Clefable\n|-boost|p2a: Clefable|spa|1\n|-boost|p2a: Clefable|spd|1\n|\n|upkeep\n|turn|17\n|\n|t:|1700697970\n|-terastallize|p2a: Clefable|Fairy\n|move|p1a: Klefki|Iron Defense|p1a: Klefki\n|-boost|p1a: Klefki|def|2\n|move|p2a: Clefable|Moonblast|p1a: Klefki\n|-resisted|p1a: Klefki\n|-damage|p1a: Klefki|0 fnt\n|faint|p1a: Klefki\n|\n|upkeep\n|inactive|loafgene has 120 seconds left.\n|\n|t:|1700698013\n|switch|p1a: Azumarill|Azumarill, F|100\/100\n|-status|p1a: Azumarill|tox\n|turn|18\n|\n|t:|1700698019\n|move|p1a: Azumarill|Belly Drum|p1a: Azumarill\n|-damage|p1a: Azumarill|51\/100 tox\n|-setboost|p1a: Azumarill|atk|6|[from] move: Belly Drum\n|move|p2a: Clefable|Moonblast|p1a: Azumarill\n|-damage|p1a: Azumarill|0 fnt\n|faint|p1a: Azumarill\n|\n|upkeep\n|\n|t:|1700698034\n|switch|p1a: Enamorus|Enamorus, F|100\/100\n|turn|19\n|\n|t:|1700698039\n|-terastallize|p1a: Enamorus|Steel\n|move|p1a: Enamorus|Mystical Fire|p2a: Clefable\n|-damage|p2a: Clefable|96\/100\n|-unboost|p2a: Clefable|spa|1\n|move|p2a: Clefable|Moonblast|p1a: Enamorus\n|-resisted|p1a: Enamorus\n|-damage|p1a: Enamorus|0 fnt\n|faint|p1a: Enamorus\n|\n|-heal|p2a: Clefable|100\/100|[from] item: Leftovers\n|upkeep\n|\n|t:|1700698049\n|switch|p1a: Ribombee|Ribombee, F|2\/100\n|-status|p1a: Ribombee|tox\n|turn|20\n|\n|t:|1700698054\n|move|p2a: Clefable|Protect|p2a: Clefable\n|-singleturn|p2a: Clefable|Protect\n|move|p1a: Ribombee|Stun Spore|p2a: Clefable\n|-activate|p2a: Clefable|move: Protect\n|\n|-damage|p1a: Ribombee|0 fnt|[from] psn\n|faint|p1a: Ribombee\n|upkeep\n|inactive|loafgene has 120 seconds left.\n|\n|t:|1700698061\n|switch|p1a: Ninetales|Ninetales-Alola, M|100\/100\n|-status|p1a: Ninetales|tox\n|-weather|Snow|[from] ability: Snow Warning|[of] p1a: Ninetales\n|turn|21\n|\n|t:|1700698067\n|move|p1a: Ninetales|Aurora Veil|p1a: Ninetales\n|-sidestart|p1: loafgene|move: Aurora Veil\n|move|p2a: Clefable|Moonblast|p1a: Ninetales\n|-damage|p1a: Ninetales|17\/100 tox\n|-unboost|p1a: Ninetales|spa|1\n|\n|-weather|Snow|[upkeep]\n|-damage|p1a: Ninetales|11\/100 tox|[from] psn\n|upkeep\n|turn|22\n|\n|t:|1700698074\n|move|p2a: Clefable|Protect|p2a: Clefable\n|-singleturn|p2a: Clefable|Protect\n|move|p1a: Ninetales|Blizzard|p2a: Clefable\n|-activate|p2a: Clefable|move: Protect\n|\n|-weather|Snow|[upkeep]\n|-damage|p1a: Ninetales|0 fnt|[from] psn\n|faint|p1a: Ninetales\n|upkeep\n|\n|t:|1700698082\n|switch|p1a: Iron Valiant|Iron Valiant|100\/100\n|-status|p1a: Iron Valiant|tox\n|-enditem|p1a: Iron Valiant|Booster Energy\n|-activate|p1a: Iron Valiant|ability: Quark Drive|[fromitem]\n|-start|p1a: Iron Valiant|quarkdrivespe\n|turn|23\n|\n|t:|1700698090\n|move|p1a: Iron Valiant|Fire Punch|p2a: Clefable\n|-damage|p2a: Clefable|73\/100\n|move|p2a: Clefable|Moonblast|p1a: Iron Valiant\n|-supereffective|p1a: Iron Valiant\n|-damage|p1a: Iron Valiant|0 fnt\n|faint|p1a: Iron Valiant\n|-end|p1a: Iron Valiant|Quark Drive|[silent]\n|\n|win|Quarters_OU\n|raw|loafgene's rating: 1111 &rarr; <strong>1093<\/strong><br \/>(-18 for losing)\n|raw|Quarters_OU's rating: 1215 &rarr; <strong>1233<\/strong><br \/>(+18 for winning)\n|l|\u2606loafgene\n","uploadtime":1700698099,"views":5,"p1id":"loafgene","p2id":"quartersou","formatid":"gen9ou","rating":1093,"private":0,"password":""}