{"id":"gen9ou-1988524555","p1":"SireDingleberryIII","p2":"rareold","format":"[Gen 9] OU","log":"|j|\u2606SireDingleberryIII\n|j|\u2606rareold\n|t:|1699732202\n|gametype|singles\n|player|p1|SireDingleberryIII|benga|1270\n|player|p2|rareold|akari|1220\n|teamsize|p1|6\n|teamsize|p2|6\n|gen|9\n|tier|[Gen 9] OU\n|rated|\n|rule|Sleep Clause Mod: Limit one foe put to sleep\n|rule|Species Clause: Limit one of each Pok\u00e9mon\n|rule|OHKO Clause: OHKO moves are banned\n|rule|Evasion Items Clause: Evasion items are banned\n|rule|Evasion Moves Clause: Evasion moves are banned\n|rule|Endless Battle Clause: Forcing endless battles is banned\n|rule|HP Percentage Mod: HP is shown in percentages\n|clearpoke\n|poke|p1|Gliscor, M|\n|poke|p1|Alomomola, M|\n|poke|p1|Sneasler, M|\n|poke|p1|Sandy Shocks|\n|poke|p1|Ribombee, M|\n|poke|p1|Glimmora, M|\n|poke|p2|Dragapult, M|\n|poke|p2|Great Tusk|\n|poke|p2|Enamorus, F|\n|poke|p2|Samurott-Hisui, M|\n|poke|p2|Heatran, M|\n|poke|p2|Meowscarada, M|\n|teampreview\n|inactive|Battle timer is ON: inactive players will automatically lose when time's up. (requested by SireDingleberryIII)\n|\n|t:|1699732230\n|start\n|switch|p1a: Ribombee|Ribombee, M|100\/100\n|switch|p2a: Silvio Santos|Heatran, M, shiny|100\/100\n|turn|1\n|\n|t:|1699732244\n|-terastallize|p1a: Ribombee|Fire\n|move|p1a: Ribombee|Quiver Dance|p1a: Ribombee\n|-boost|p1a: Ribombee|spa|1\n|-boost|p1a: Ribombee|spd|1\n|-boost|p1a: Ribombee|spe|1\n|move|p2a: Silvio Santos|Stealth Rock|p1a: Ribombee\n|-sidestart|p1: SireDingleberryIII|move: Stealth Rock\n|\n|upkeep\n|turn|2\n|\n|t:|1699732251\n|move|p1a: Ribombee|Quiver Dance|p1a: Ribombee\n|-boost|p1a: Ribombee|spa|1\n|-boost|p1a: Ribombee|spd|1\n|-boost|p1a: Ribombee|spe|1\n|move|p2a: Silvio Santos|Earth Power|p1a: Ribombee\n|-supereffective|p1a: Ribombee\n|-damage|p1a: Ribombee|41\/100\n|\n|upkeep\n|turn|3\n|inactive|SireDingleberryIII has 120 seconds left.\n|\n|t:|1699732288\n|move|p1a: Ribombee|Stored Power|p2a: Silvio Santos\n|-resisted|p2a: Silvio Santos\n|-damage|p2a: Silvio Santos|41\/100\n|-damage|p1a: Ribombee|31\/100|[from] item: Life Orb\n|move|p2a: Silvio Santos|Earth Power|p1a: Ribombee\n|-supereffective|p1a: Ribombee\n|-crit|p1a: Ribombee\n|-damage|p1a: Ribombee|0 fnt\n|faint|p1a: Ribombee\n|\n|-heal|p2a: Silvio Santos|47\/100|[from] item: Leftovers\n|upkeep\n|\n|t:|1699732302\n|switch|p1a: Alomomola|Alomomola, M|100\/100\n|-damage|p1a: Alomomola|88\/100|[from] Stealth Rock\n|turn|4\n|\n|t:|1699732305\n|move|p2a: Silvio Santos|Magma Storm|p1a: Alomomola\n|-resisted|p1a: Alomomola\n|-damage|p1a: Alomomola|65\/100\n|-activate|p1a: Alomomola|move: Magma Storm|[of] p2a: Silvio Santos\n|-enditem|p1a: Alomomola|Red Card|[of] p2a: Silvio Santos\n|drag|p2a: S\u00e9rgio Reis|Dragapult, M, shiny|100\/100\n|move|p1a: Alomomola|Flip Turn|p2a: S\u00e9rgio Reis\n|-resisted|p2a: S\u00e9rgio Reis\n|-damage|p2a: S\u00e9rgio Reis|90\/100\n|inactive|SireDingleberryIII has 120 seconds left.\n|\n|t:|1699732317\n|switch|p1a: Gliscor|Gliscor, M|100\/100|[from] Flip Turn\n|-damage|p1a: Gliscor|88\/100|[from] Stealth Rock\n|\n|-status|p1a: Gliscor|tox|[from] item: Toxic Orb\n|upkeep\n|turn|5\n|inactive|SireDingleberryIII has 120 seconds left.\n|\n|t:|1699732324\n|move|p1a: Gliscor|Protect|p1a: Gliscor\n|-singleturn|p1a: Gliscor|Protect\n|move|p2a: S\u00e9rgio Reis|U-turn|p1a: Gliscor\n|-activate|p1a: Gliscor|move: Protect\n|\n|-heal|p1a: Gliscor|100\/100 tox|[from] ability: Poison Heal\n|upkeep\n|turn|6\n|inactive|SireDingleberryIII has 120 seconds left.\n|\n|t:|1699732340\n|move|p2a: S\u00e9rgio Reis|U-turn|p1a: Gliscor\n|-resisted|p1a: Gliscor\n|-damage|p1a: Gliscor|95\/100 tox\n|\n|t:|1699732343\n|switch|p2a: Silvio Santos|Heatran, M, shiny|47\/100|[from] U-turn\n|move|p1a: Gliscor|Facade|p2a: Silvio Santos\n|-resisted|p2a: Silvio Santos\n|-damage|p2a: Silvio Santos|33\/100\n|\n|-heal|p2a: Silvio Santos|39\/100|[from] item: Leftovers\n|-heal|p1a: Gliscor|100\/100 tox|[from] ability: Poison Heal\n|upkeep\n|turn|7\n|\n|t:|1699732349\n|move|p2a: Silvio Santos|Magma Storm|p1a: Gliscor\n|-damage|p1a: Gliscor|34\/100 tox\n|-activate|p1a: Gliscor|move: Magma Storm|[of] p2a: Silvio Santos\n|move|p1a: Gliscor|Earthquake|p2a: Silvio Santos\n|-supereffective|p2a: Silvio Santos\n|-damage|p2a: Silvio Santos|0 fnt\n|faint|p2a: Silvio Santos\n|\n|-heal|p1a: Gliscor|47\/100 tox|[from] ability: Poison Heal\n|-end|p1a: Gliscor|Magma Storm|[partiallytrapped]|[silent]\n|upkeep\n|\n|t:|1699732356\n|switch|p2a: Hebe Camargo|Samurott-Hisui, M|100\/100\n|turn|8\n|\n|t:|1699732361\n|switch|p1a: Alomomola|Alomomola, M|98\/100\n|-damage|p1a: Alomomola|86\/100|[from] Stealth Rock\n|move|p2a: Hebe Camargo|Swords Dance|p2a: Hebe Camargo\n|-boost|p2a: Hebe Camargo|atk|2\n|\n|upkeep\n|turn|9\n|\n|t:|1699732367\n|move|p2a: Hebe Camargo|Ceaseless Edge|p1a: Alomomola\n|-damage|p1a: Alomomola|28\/100\n|-sidestart|p1: SireDingleberryIII|Spikes\n|move|p1a: Alomomola|Wish|p1a: Alomomola\n|\n|upkeep\n|turn|10\n|\n|t:|1699732378\n|move|p2a: Hebe Camargo|Swords Dance|p2a: Hebe Camargo\n|-boost|p2a: Hebe Camargo|atk|2\n|move|p1a: Alomomola|Flip Turn|p2a: Hebe Camargo\n|-resisted|p2a: Hebe Camargo\n|-damage|p2a: Hebe Camargo|89\/100\n|\n|t:|1699732383\n|switch|p1a: Sneasler|Sneasler, M|100\/100|[from] Flip Turn\n|-damage|p1a: Sneasler|95\/100|[from] Stealth Rock\n|-damage|p1a: Sneasler|82\/100|[from] Spikes\n|\n|-heal|p1a: Sneasler|100\/100|[from] move: Wish|[wisher] Alomomola\n|upkeep\n|turn|11\n|\n|t:|1699732397\n|-terastallize|p2a: Hebe Camargo|Water\n|move|p1a: Sneasler|Fake Out|p2a: Hebe Camargo\n|-enditem|p1a: Sneasler|Normal Gem|[from] gem\n|-damage|p2a: Hebe Camargo|64\/100\n|cant|p2a: Hebe Camargo|flinch\n|\n|upkeep\n|turn|12\n|\n|t:|1699732406\n|move|p2a: Hebe Camargo|Aqua Jet|p1a: Sneasler\n|-damage|p1a: Sneasler|0 fnt\n|faint|p1a: Sneasler\n|\n|upkeep\n|\n|t:|1699732419\n|switch|p1a: Sandy Shocks|Sandy Shocks|100\/100\n|-damage|p1a: Sandy Shocks|94\/100|[from] Stealth Rock\n|-damage|p1a: Sandy Shocks|82\/100|[from] Spikes\n|turn|13\n|\n|t:|1699732425\n|move|p2a: Hebe Camargo|Aqua Jet|p1a: Sandy Shocks\n|-supereffective|p1a: Sandy Shocks\n|-damage|p1a: Sandy Shocks|0 fnt\n|faint|p1a: Sandy Shocks\n|-end|p1a: Sandy Shocks|Protosynthesis|[silent]\n|\n|upkeep\n|\n|t:|1699732429\n|switch|p1a: Glimmora|Glimmora, M|100\/100\n|-damage|p1a: Glimmora|88\/100|[from] Stealth Rock\n|-damage|p1a: Glimmora|76\/100|[from] Spikes\n|turn|14\n|\n|t:|1699732434\n|move|p2a: Hebe Camargo|Aqua Jet|p1a: Glimmora\n|-supereffective|p1a: Glimmora\n|-damage|p1a: Glimmora|0 fnt\n|-activate|p1a: Glimmora|ability: Toxic Debris\n|-sidestart|p2: rareold|move: Toxic Spikes\n|faint|p1a: Glimmora\n|\n|upkeep\n|-message|SireDingleberryIII forfeited.\n|\n|win|rareold\n|raw|SireDingleberryIII's rating: 1270 &rarr; <strong>1241<\/strong><br \/>(-29 for losing)\n|raw|rareold's rating: 1220 &rarr; <strong>1249<\/strong><br \/>(+29 for winning)\n|l|\u2606SireDingleberryIII\n","uploadtime":1699732444,"views":11,"p1id":"siredingleberryiii","p2id":"rareold","formatid":"gen9ou","rating":1241,"private":0,"password":""}