{"id":"gen9ou-1994652960","p1":"SEUIf","p2":"jorosoros","format":"[Gen 9] OU","log":"|j|\u2606SEUIf\n|j|\u2606jorosoros\n|t:|1700475929\n|gametype|singles\n|player|p1|SEUIf|ingo-hisui|1117\n|player|p2|jorosoros|266|1075\n|teamsize|p1|6\n|teamsize|p2|6\n|gen|9\n|tier|[Gen 9] OU\n|rated|\n|rule|Sleep Clause Mod: Limit one foe put to sleep\n|rule|Species Clause: Limit one of each Pok\u00e9mon\n|rule|OHKO Clause: OHKO moves are banned\n|rule|Evasion Items Clause: Evasion items are banned\n|rule|Evasion Moves Clause: Evasion moves are banned\n|rule|Endless Battle Clause: Forcing endless battles is banned\n|rule|HP Percentage Mod: HP is shown in percentages\n|clearpoke\n|poke|p1|Kingambit, F|\n|poke|p1|Glimmora, F|\n|poke|p1|Zamazenta-*|\n|poke|p1|Iron Valiant|\n|poke|p1|Iron Moth|\n|poke|p1|Ogerpon-Wellspring, F|\n|poke|p2|Samurott-Hisui, M|\n|poke|p2|Gholdengo|\n|poke|p2|Great Tusk|\n|poke|p2|Clefable, M|\n|poke|p2|Dragonite, M|\n|poke|p2|Heatran, F|\n|teampreview\n|inactive|Battle timer is ON: inactive players will automatically lose when time's up. (requested by jorosoros)\n|\n|t:|1700475956\n|start\n|switch|p1a: Glimmora|Glimmora, F|100\/100\n|switch|p2a: Great Tusk|Great Tusk|100\/100\n|turn|1\n|\n|t:|1700475968\n|switch|p1a: Ogerpon|Ogerpon-Wellspring, F|100\/100\n|move|p2a: Great Tusk|Stealth Rock|p1a: Ogerpon\n|-sidestart|p1: SEUIf|move: Stealth Rock\n|\n|upkeep\n|turn|2\n|inactive|jorosoros has 120 seconds left.\n|\n|t:|1700475998\n|-end|p2a: Great Tusk|Protosynthesis|[silent]\n|switch|p2a: Dragonite|Dragonite, M|100\/100\n|move|p1a: Ogerpon|Knock Off|p2a: Dragonite\n|-damage|p2a: Dragonite|82\/100\n|-enditem|p2a: Dragonite|Heavy-Duty Boots|[from] move: Knock Off|[of] p1a: Ogerpon\n|\n|upkeep\n|turn|3\n|l|\u2606SEUIf\n|inactive|SEUIf disconnected and has a minute to reconnect!\n|player|p1|\n|j|\u2606SEUIf\n|inactive|SEUIf reconnected and has 125 seconds left.\n|player|p1|SEUIf|ingo-hisui\n|inactive|SEUIf has 120 seconds left.\n|\n|t:|1700476054\n|switch|p1a: Glimmora|Glimmora, F|100\/100\n|-damage|p1a: Glimmora|88\/100|[from] Stealth Rock\n|move|p2a: Dragonite|Ice Spinner|p1a: Glimmora\n|-damage|p1a: Glimmora|51\/100\n|-activate|p1a: Glimmora|ability: Toxic Debris\n|-sidestart|p2: jorosoros|move: Toxic Spikes\n|\n|upkeep\n|turn|4\n|\n|t:|1700476069\n|move|p1a: Glimmora|Stealth Rock|p2a: Dragonite\n|-sidestart|p2: jorosoros|move: Stealth Rock\n|move|p2a: Dragonite|Dragon Dance|p2a: Dragonite\n|-boost|p2a: Dragonite|atk|1\n|-boost|p2a: Dragonite|spe|1\n|\n|upkeep\n|turn|5\n|\n|t:|1700476074\n|move|p2a: Dragonite|Dragon Dance|p2a: Dragonite\n|-boost|p2a: Dragonite|atk|1\n|-boost|p2a: Dragonite|spe|1\n|move|p1a: Glimmora|Mortal Spin|p2a: Dragonite\n|-damage|p2a: Dragonite|77\/100\n|-status|p2a: Dragonite|psn\n|-sideend|p1: SEUIf|Stealth Rock|[from] move: Mortal Spin|[of] p1a: Glimmora\n|\n|-damage|p2a: Dragonite|64\/100 psn|[from] psn\n|upkeep\n|turn|6\n|\n|t:|1700476080\n|move|p2a: Dragonite|Dragon Dance|p2a: Dragonite\n|-boost|p2a: Dragonite|atk|1\n|-boost|p2a: Dragonite|spe|1\n|move|p1a: Glimmora|Power Gem|p2a: Dragonite\n|-supereffective|p2a: Dragonite\n|-damage|p2a: Dragonite|0 fnt\n|faint|p2a: Dragonite\n|\n|upkeep\n|\n|t:|1700476087\n|switch|p2a: Heatran|Heatran, F|100\/100\n|-damage|p2a: Heatran|88\/100|[from] Stealth Rock\n|turn|7\n|inactive|SEUIf has 120 seconds left.\n|\n|t:|1700476099\n|move|p1a: Glimmora|Earth Power|p2a: Heatran\n|-supereffective|p2a: Heatran\n|-damage|p2a: Heatran|12\/100\n|move|p2a: Heatran|Earth Power|p1a: Glimmora\n|-supereffective|p1a: Glimmora\n|-damage|p1a: Glimmora|0 fnt\n|faint|p1a: Glimmora\n|\n|-heal|p2a: Heatran|19\/100|[from] item: Leftovers\n|upkeep\n|inactive|SEUIf has 120 seconds left.\n|\n|t:|1700476106\n|switch|p1a: Ogerpon|Ogerpon-Wellspring, F|100\/100\n|turn|8\n|\n|t:|1700476111\n|move|p1a: Ogerpon|Knock Off|p2a: Heatran\n|-damage|p2a: Heatran|0 fnt\n|-enditem|p2a: Heatran|Leftovers|[from] move: Knock Off|[of] p1a: Ogerpon\n|faint|p2a: Heatran\n|\n|upkeep\n|\n|t:|1700476138\n|switch|p2a: Samurott|Samurott-Hisui, M|100\/100\n|-status|p2a: Samurott|psn\n|-damage|p2a: Samurott|88\/100 psn|[from] Stealth Rock\n|turn|9\n|\n|t:|1700476145\n|move|p2a: Samurott|Ceaseless Edge|p1a: Ogerpon\n|-damage|p1a: Ogerpon|44\/100\n|-sidestart|p1: SEUIf|Spikes\n|move|p1a: Ogerpon|Power Whip|p2a: Samurott\n|-supereffective|p2a: Samurott\n|-damage|p2a: Samurott|0 fnt\n|faint|p2a: Samurott\n|\n|upkeep\n|\n|t:|1700476154\n|switch|p2a: Gholdengo|Gholdengo, shiny|100\/100\n|-damage|p2a: Gholdengo|94\/100|[from] Stealth Rock\n|-item|p2a: Gholdengo|Air Balloon\n|turn|10\n|\n|t:|1700476161\n|move|p1a: Ogerpon|Knock Off|p2a: Gholdengo\n|-supereffective|p2a: Gholdengo\n|-damage|p2a: Gholdengo|37\/100\n|-enditem|p2a: Gholdengo|Air Balloon\n|move|p2a: Gholdengo|Nasty Plot|p2a: Gholdengo\n|-boost|p2a: Gholdengo|spa|2\n|\n|upkeep\n|turn|11\n|\n|t:|1700476182\n|move|p1a: Ogerpon|Ivy Cudgel|p2a: Gholdengo|[anim] Ivy Cudgel Water\n|-damage|p2a: Gholdengo|0 fnt\n|faint|p2a: Gholdengo\n|\n|upkeep\n|\n|t:|1700476189\n|switch|p2a: Great Tusk|Great Tusk|100\/100\n|-status|p2a: Great Tusk|psn\n|-damage|p2a: Great Tusk|97\/100 psn|[from] Stealth Rock\n|turn|12\n|\n|t:|1700476198\n|move|p1a: Ogerpon|Ivy Cudgel|p2a: Great Tusk|[anim] Ivy Cudgel Water\n|-supereffective|p2a: Great Tusk\n|-damage|p2a: Great Tusk|42\/100 psn\n|move|p2a: Great Tusk|Rapid Spin|p1a: Ogerpon\n|-damage|p1a: Ogerpon|24\/100\n|-boost|p2a: Great Tusk|spe|1\n|-sideend|p2: jorosoros|Toxic Spikes|[from] move: Rapid Spin|[of] p2a: Great Tusk\n|-sideend|p2: jorosoros|Stealth Rock|[from] move: Rapid Spin|[of] p2a: Great Tusk\n|\n|-heal|p2a: Great Tusk|48\/100 psn|[from] item: Leftovers\n|-damage|p2a: Great Tusk|36\/100 psn|[from] psn\n|upkeep\n|turn|13\n|\n|t:|1700476205\n|move|p1a: Ogerpon|Ivy Cudgel|p2a: Great Tusk|[anim] Ivy Cudgel Water\n|-supereffective|p2a: Great Tusk\n|-damage|p2a: Great Tusk|0 fnt\n|faint|p2a: Great Tusk\n|-end|p2a: Great Tusk|Protosynthesis|[silent]\n|\n|upkeep\n|\n|t:|1700476223\n|switch|p2a: Clefable|Clefable, M|100\/100\n|turn|14\n|-message|jorosoros forfeited.\n|\n|win|SEUIf\n|raw|SEUIf's rating: 1117 &rarr; <strong>1139<\/strong><br \/>(+22 for winning)\n|raw|jorosoros's rating: 1075 &rarr; <strong>1056<\/strong><br \/>(-19 for losing)\n|l|\u2606jorosoros\n","uploadtime":1700476237,"views":11,"p1id":"seuif","p2id":"jorosoros","formatid":"gen9ou","rating":1056,"private":0,"password":""}