{"id":"gen9ou-1991906847","p1":"darkmaster","p2":"zuiderduif","format":"[Gen 9] OU","log":"|j|\u2606darkmaster\n|j|\u2606zuiderduif\n|t:|1700136547\n|gametype|singles\n|player|p1|darkmaster|palmer|1288\n|player|p2|zuiderduif|fantina|1154\n|teamsize|p1|6\n|teamsize|p2|6\n|gen|9\n|tier|[Gen 9] OU\n|rated|\n|rule|Sleep Clause Mod: Limit one foe put to sleep\n|rule|Species Clause: Limit one of each Pok\u00e9mon\n|rule|OHKO Clause: OHKO moves are banned\n|rule|Evasion Items Clause: Evasion items are banned\n|rule|Evasion Moves Clause: Evasion moves are banned\n|rule|Endless Battle Clause: Forcing endless battles is banned\n|rule|HP Percentage Mod: HP is shown in percentages\n|clearpoke\n|poke|p1|Rillaboom, M|\n|poke|p1|Great Tusk|\n|poke|p1|Clodsire, M|\n|poke|p1|Toxapex, F|\n|poke|p1|Skeledirge, M|\n|poke|p1|Dragonite, F|\n|poke|p2|Arbok, F|\n|poke|p2|Gholdengo|\n|poke|p2|Walking Wake|\n|poke|p2|Ninetales-Alola, F|\n|poke|p2|Ceruledge, F|\n|poke|p2|Great Tusk|\n|teampreview\n|inactive|Battle timer is ON: inactive players will automatically lose when time's up. (requested by darkmaster)\n|\n|t:|1700136570\n|start\n|switch|p1a: Rillaboom|Rillaboom, M, shiny|100\/100\n|switch|p2a: rileywillscamyou|Gholdengo, shiny|100\/100\n|-fieldstart|move: Grassy Terrain|[from] ability: Grassy Surge|[of] p1a: Rillaboom\n|turn|1\n|\n|t:|1700136595\n|switch|p1a: Clodsire|Clodsire, M, shiny|100\/100\n|move|p2a: rileywillscamyou|Thunder Wave|p1a: Clodsire\n|-immune|p1a: Clodsire\n|\n|upkeep\n|turn|2\n|\n|t:|1700136603\n|move|p2a: rileywillscamyou|Nasty Plot|p2a: rileywillscamyou\n|-boost|p2a: rileywillscamyou|spa|2\n|move|p1a: Clodsire|Stealth Rock|p2a: rileywillscamyou\n|-sidestart|p2: zuiderduif|move: Stealth Rock\n|\n|upkeep\n|turn|3\n|\n|t:|1700136608\n|move|p2a: rileywillscamyou|Nasty Plot|p2a: rileywillscamyou\n|-boost|p2a: rileywillscamyou|spa|2\n|move|p1a: Clodsire|Earthquake|p2a: rileywillscamyou\n|-supereffective|p2a: rileywillscamyou\n|-damage|p2a: rileywillscamyou|83\/100\n|\n|-heal|p2a: rileywillscamyou|89\/100|[from] Grassy Terrain\n|-heal|p2a: rileywillscamyou|95\/100|[from] item: Leftovers\n|upkeep\n|turn|4\n|\n|t:|1700136621\n|move|p2a: rileywillscamyou|Nasty Plot|p2a: rileywillscamyou\n|-boost|p2a: rileywillscamyou|spa|2\n|move|p1a: Clodsire|Earthquake|p2a: rileywillscamyou\n|-supereffective|p2a: rileywillscamyou\n|-crit|p2a: rileywillscamyou\n|-damage|p2a: rileywillscamyou|65\/100\n|\n|-heal|p2a: rileywillscamyou|71\/100|[from] Grassy Terrain\n|-heal|p2a: rileywillscamyou|77\/100|[from] item: Leftovers\n|upkeep\n|turn|5\n|\n|t:|1700136630\n|move|p2a: rileywillscamyou|Hex|p1a: Clodsire\n|-damage|p1a: Clodsire|84\/100\n|move|p1a: Clodsire|Earthquake|p2a: rileywillscamyou\n|-supereffective|p2a: rileywillscamyou\n|-crit|p2a: rileywillscamyou\n|-damage|p2a: rileywillscamyou|51\/100\n|\n|-heal|p2a: rileywillscamyou|57\/100|[from] Grassy Terrain\n|-heal|p2a: rileywillscamyou|63\/100|[from] item: Leftovers\n|-heal|p1a: Clodsire|90\/100|[from] Grassy Terrain\n|-heal|p1a: Clodsire|96\/100|[from] item: Leftovers\n|-fieldend|move: Grassy Terrain\n|upkeep\n|turn|6\n|\n|t:|1700136643\n|move|p2a: rileywillscamyou|Hex|p1a: Clodsire\n|-crit|p1a: Clodsire\n|-damage|p1a: Clodsire|74\/100\n|move|p1a: Clodsire|Earthquake|p2a: rileywillscamyou\n|-supereffective|p2a: rileywillscamyou\n|-crit|p2a: rileywillscamyou\n|-damage|p2a: rileywillscamyou|9\/100\n|\n|-heal|p2a: rileywillscamyou|15\/100|[from] item: Leftovers\n|-heal|p1a: Clodsire|80\/100|[from] item: Leftovers\n|upkeep\n|turn|7\n|c|\u2606darkmaster|lol\n|\n|t:|1700136655\n|move|p2a: rileywillscamyou|Recover|p2a: rileywillscamyou\n|-heal|p2a: rileywillscamyou|65\/100\n|move|p1a: Clodsire|Earthquake|p2a: rileywillscamyou\n|-supereffective|p2a: rileywillscamyou\n|-damage|p2a: rileywillscamyou|31\/100\n|\n|-heal|p2a: rileywillscamyou|37\/100|[from] item: Leftovers\n|-heal|p1a: Clodsire|86\/100|[from] item: Leftovers\n|upkeep\n|turn|8\n|inactive|zuiderduif has 120 seconds left.\n|\n|t:|1700136688\n|switch|p2a: gushy|Walking Wake|100\/100\n|-damage|p2a: gushy|88\/100|[from] Stealth Rock\n|move|p1a: Clodsire|Earthquake|p2a: gushy\n|-damage|p2a: gushy|58\/100\n|\n|-heal|p1a: Clodsire|93\/100|[from] item: Leftovers\n|upkeep\n|turn|9\n|inactive|zuiderduif has 120 seconds left.\n|\n|t:|1700136706\n|switch|p1a: Toxapex|Toxapex, F|100\/100\n|move|p2a: gushy|Hydro Steam|p1a: Toxapex\n|-resisted|p1a: Toxapex\n|-damage|p1a: Toxapex|88\/100\n|\n|upkeep\n|turn|10\n|inactive|zuiderduif has 120 seconds left.\n|inactive|zuiderduif has 90 seconds left.\n|\n|t:|1700136748\n|-end|p2a: gushy|Protosynthesis|[silent]\n|switch|p2a: sweet tooth|Great Tusk|100\/100\n|-damage|p2a: sweet tooth|98\/100|[from] Stealth Rock\n|move|p1a: Toxapex|Infestation|p2a: sweet tooth\n|-resisted|p2a: sweet tooth\n|-damage|p2a: sweet tooth|95\/100\n|-activate|p2a: sweet tooth|move: Infestation|[of] p1a: Toxapex\n|\n|-damage|p2a: sweet tooth|83\/100|[from] move: Infestation|[partiallytrapped]\n|upkeep\n|turn|11\n|inactive|zuiderduif has 90 seconds left.\n|\n|t:|1700136757\n|move|p2a: sweet tooth|Headlong Rush|p1a: Toxapex\n|-supereffective|p1a: Toxapex\n|-damage|p1a: Toxapex|0 fnt\n|-unboost|p2a: sweet tooth|def|1\n|-unboost|p2a: sweet tooth|spd|1\n|faint|p1a: Toxapex\n|\n|-end|p2a: sweet tooth|Infestation|[partiallytrapped]|[silent]\n|upkeep\n|\n|t:|1700136769\n|switch|p1a: Rillaboom|Rillaboom, M, shiny|100\/100\n|-fieldstart|move: Grassy Terrain|[from] ability: Grassy Surge|[of] p1a: Rillaboom\n|turn|12\n|\n|t:|1700136778\n|move|p2a: sweet tooth|Rapid Spin|p1a: Rillaboom\n|-damage|p1a: Rillaboom|83\/100\n|-boost|p2a: sweet tooth|spe|1\n|-sideend|p2: zuiderduif|Stealth Rock|[from] move: Rapid Spin|[of] p2a: sweet tooth\n|move|p1a: Rillaboom|Knock Off|p2a: sweet tooth\n|-resisted|p2a: sweet tooth\n|-damage|p2a: sweet tooth|54\/100\n|-enditem|p2a: sweet tooth|Assault Vest|[from] move: Knock Off|[of] p1a: Rillaboom\n|\n|-heal|p2a: sweet tooth|61\/100|[from] Grassy Terrain\n|-heal|p1a: Rillaboom|89\/100|[from] Grassy Terrain\n|upkeep\n|turn|13\n|\n|t:|1700136796\n|-end|p2a: sweet tooth|Protosynthesis|[silent]\n|switch|p2a: shes a sword girl|Ceruledge, F|100\/100\n|switch|p1a: Dragonite|Dragonite, F|100\/100\n|\n|upkeep\n|turn|14\n|inactive|zuiderduif has 90 seconds left.\n|\n|t:|1700136812\n|move|p2a: shes a sword girl|Shadow Sneak|p1a: Dragonite\n|-crit|p1a: Dragonite\n|-damage|p1a: Dragonite|84\/100\n|move|p1a: Dragonite|Dragon Dance|p1a: Dragonite\n|-boost|p1a: Dragonite|atk|1\n|-boost|p1a: Dragonite|spe|1\n|\n|upkeep\n|turn|15\n|inactive|darkmaster has 120 seconds left.\n|\n|t:|1700136853\n|switch|p2a: silly string|Arbok, F, shiny|100\/100\n|-ability|p2a: silly string|Intimidate|boost\n|-unboost|p1a: Dragonite|atk|1\n|move|p1a: Dragonite|Roost|p1a: Dragonite\n|-heal|p1a: Dragonite|100\/100\n|-singleturn|p1a: Dragonite|move: Roost\n|\n|upkeep\n|turn|16\n|\n|t:|1700136862\n|move|p1a: Dragonite|Dragon Dance|p1a: Dragonite\n|-boost|p1a: Dragonite|atk|1\n|-boost|p1a: Dragonite|spe|1\n|move|p2a: silly string|Coil|p2a: silly string\n|-boost|p2a: silly string|atk|1\n|-boost|p2a: silly string|def|1\n|-boost|p2a: silly string|accuracy|1\n|\n|-fieldend|move: Grassy Terrain\n|upkeep\n|turn|17\n|\n|t:|1700136870\n|move|p1a: Dragonite|Dragon Dance|p1a: Dragonite\n|-boost|p1a: Dragonite|atk|1\n|-boost|p1a: Dragonite|spe|1\n|move|p2a: silly string|Coil|p2a: silly string\n|-boost|p2a: silly string|atk|1\n|-boost|p2a: silly string|def|1\n|-boost|p2a: silly string|accuracy|1\n|\n|upkeep\n|turn|18\n|\n|t:|1700136879\n|move|p1a: Dragonite|Earthquake|p2a: silly string\n|-supereffective|p2a: silly string\n|-damage|p2a: silly string|0 fnt\n|faint|p2a: silly string\n|\n|upkeep\n|\n|t:|1700136889\n|switch|p2a: rileywillscamyou|Gholdengo, shiny|37\/100\n|turn|19\n|\n|t:|1700136893\n|move|p1a: Dragonite|Earthquake|p2a: rileywillscamyou\n|-supereffective|p2a: rileywillscamyou\n|-damage|p2a: rileywillscamyou|0 fnt\n|faint|p2a: rileywillscamyou\n|\n|upkeep\n|\n|t:|1700136899\n|switch|p2a: true girl's girl|Ninetales-Alola, F|100\/100\n|-weather|Snow|[from] ability: Snow Warning|[of] p2a: true girl's girl\n|turn|20\n|c|\u2606darkmaster|https:\/\/www.youtube.com\/watch?v=_Qe9O90cD80'\n|inactive|darkmaster has 120 seconds left.\n|\n|t:|1700136952\n|move|p1a: Dragonite|Earthquake|p2a: true girl's girl\n|-damage|p2a: true girl's girl|34\/100\n|move|p2a: true girl's girl|Aurora Veil|p2a: true girl's girl\n|-sidestart|p2: zuiderduif|move: Aurora Veil\n|\n|-weather|Snow|[upkeep]\n|upkeep\n|turn|21\n|inactive|zuiderduif has 120 seconds left.\n|inactive|darkmaster has 90 seconds left.\n|\n|t:|1700136994\n|-terastallize|p1a: Dragonite|Normal\n|move|p1a: Dragonite|Extreme Speed|p2a: true girl's girl\n|-damage|p2a: true girl's girl|0 fnt\n|faint|p2a: true girl's girl\n|\n|-weather|Snow|[upkeep]\n|upkeep\n|\n|t:|1700137001\n|switch|p2a: shes a sword girl|Ceruledge, F|100\/100\n|turn|22\n|\n|t:|1700137019\n|move|p1a: Dragonite|Earthquake|p2a: shes a sword girl\n|-supereffective|p2a: shes a sword girl\n|-damage|p2a: shes a sword girl|0 fnt\n|faint|p2a: shes a sword girl\n|\n|-weather|Snow|[upkeep]\n|upkeep\n|inactive|zuiderduif has 120 seconds left.\n|\n|t:|1700137025\n|switch|p2a: sweet tooth|Great Tusk|61\/100\n|turn|23\n|c|\u2606zuiderduif|i think\n|c|\u2606zuiderduif|i should get a dragonite\n|inactive|zuiderduif has 120 seconds left.\n|c|\u2606darkmaster|no defensive evs on ceruledge?\n|inactive|darkmaster has 60 seconds left.\n|c|\u2606darkmaster|244 def cerulege lives that\n|inactive|zuiderduif has 90 seconds left.\n|c|\u2606zuiderduif|Oh that might be smart\n|c|\u2606zuiderduif|thx for the tip\n|inactive|darkmaster has 30 seconds left.\n|\n|t:|1700137086\n|move|p1a: Dragonite|Extreme Speed|p2a: sweet tooth\n|-crit|p2a: sweet tooth\n|-damage|p2a: sweet tooth|0 fnt\n|faint|p2a: sweet tooth\n|-end|p2a: sweet tooth|Protosynthesis|[silent]\n|\n|-weather|Snow|[upkeep]\n|upkeep\n|inactive|darkmaster has 30 seconds left this turn.\n|\n|t:|1700137092\n|switch|p2a: gushy|Walking Wake|58\/100\n|turn|24\n|c|\u2606zuiderduif|im gonna sub in a dragonite lmao\n|inactive|zuiderduif has 60 seconds left.\n|\n|t:|1700137119\n|move|p1a: Dragonite|Extreme Speed|p2a: gushy\n|-damage|p2a: gushy|4\/100\n|move|p2a: gushy|Draco Meteor|p1a: Dragonite\n|-damage|p1a: Dragonite|69\/100\n|-unboost|p2a: gushy|spa|2\n|-enditem|p2a: gushy|White Herb\n|-clearnegativeboost|p2a: gushy|[silent]\n|\n|-weather|none\n|upkeep\n|turn|25\n|\n|t:|1700137129\n|move|p1a: Dragonite|Extreme Speed|p2a: gushy\n|-damage|p2a: gushy|0 fnt\n|faint|p2a: gushy\n|-end|p2a: gushy|Protosynthesis|[silent]\n|\n|win|darkmaster\n|raw|darkmaster's rating: 1288 &rarr; <strong>1304<\/strong><br \/>(+16 for winning)\n|raw|zuiderduif's rating: 1154 &rarr; <strong>1138<\/strong><br \/>(-16 for losing)\n|c|\u2606zuiderduif|gg\n|c|\u2606darkmaster|gg\n","uploadtime":1700137135,"views":13,"p1id":"darkmaster","p2id":"zuiderduif","formatid":"gen9ou","rating":1138,"private":0,"password":""}