{"id":"gen9ou-1999878441","p1":"VikontAlu","p2":"llololo","format":"[Gen 9] OU","log":"|j|\u2606VikontAlu\n|j|\u2606llololo\n|t:|1701125542\n|gametype|singles\n|player|p1|VikontAlu|102|1100\n|player|p2|llololo|102|1063\n|teamsize|p1|6\n|teamsize|p2|6\n|gen|9\n|tier|[Gen 9] OU\n|rated|\n|rule|Sleep Clause Mod: Limit one foe put to sleep\n|rule|Species Clause: Limit one of each Pok\u00e9mon\n|rule|OHKO Clause: OHKO moves are banned\n|rule|Evasion Items Clause: Evasion items are banned\n|rule|Evasion Moves Clause: Evasion moves are banned\n|rule|Endless Battle Clause: Forcing endless battles is banned\n|rule|HP Percentage Mod: HP is shown in percentages\n|clearpoke\n|poke|p1|Ogerpon-Wellspring, F|\n|poke|p1|Heatran, M|\n|poke|p1|Iron Valiant|\n|poke|p1|Great Tusk|\n|poke|p1|Cinderace, F|\n|poke|p1|Kingambit, F|\n|poke|p2|Manaphy|\n|poke|p2|Corviknight, F|\n|poke|p2|Cresselia, F|\n|poke|p2|Appletun, M|\n|poke|p2|Landorus-Therian, M|\n|poke|p2|Cinderace, F|\n|teampreview\n|\n|t:|1701125546\n|start\n|switch|p1a: Great Tusk|Great Tusk|100\/100\n|switch|p2a: Landorus|Landorus-Therian, M, shiny|100\/100\n|-ability|p2a: Landorus|Intimidate|boost\n|-unboost|p1a: Great Tusk|atk|1\n|turn|1\n|inactive|Battle timer is ON: inactive players will automatically lose when time's up. (requested by llololo)\n|\n|t:|1701125556\n|-terastallize|p1a: Great Tusk|Dragon\n|move|p1a: Great Tusk|Ice Spinner|p2a: Landorus\n|-supereffective|p2a: Landorus\n|-crit|p2a: Landorus\n|-damage|p2a: Landorus|0 fnt\n|faint|p2a: Landorus\n|\n|upkeep\n|c|\u2606VikontAlu|Terra type for nothing\n|\n|t:|1701125573\n|switch|p2a: Manaphy|Manaphy|100\/100\n|turn|2\n|c|\u2606VikontAlu|bro gg\n|c|\u2606VikontAlu|You won,\n|\n|t:|1701125579\n|move|p2a: Manaphy|Tail Glow|p2a: Manaphy\n|-boost|p2a: Manaphy|spa|3\n|move|p1a: Great Tusk|Knock Off|p2a: Manaphy\n|-damage|p2a: Manaphy|80\/100\n|-enditem|p2a: Manaphy|Leftovers|[from] move: Knock Off|[of] p1a: Great Tusk\n|\n|upkeep\n|turn|3\n|\n|t:|1701125597\n|move|p2a: Manaphy|Ice Beam|p1a: Great Tusk\n|-supereffective|p1a: Great Tusk\n|-damage|p1a: Great Tusk|0 fnt\n|faint|p1a: Great Tusk\n|-end|p1a: Great Tusk|Protosynthesis|[silent]\n|\n|upkeep\n|\n|t:|1701125601\n|switch|p1a: Iron Valiant|Iron Valiant|100\/100\n|-enditem|p1a: Iron Valiant|Booster Energy\n|-activate|p1a: Iron Valiant|ability: Quark Drive|[fromitem]\n|-start|p1a: Iron Valiant|quarkdrivespe\n|turn|4\n|\n|t:|1701125605\n|move|p1a: Iron Valiant|Thunderbolt|p2a: Manaphy\n|-supereffective|p2a: Manaphy\n|-damage|p2a: Manaphy|25\/100\n|-status|p2a: Manaphy|par\n|cant|p2a: Manaphy|par\n|\n|upkeep\n|turn|5\n|\n|t:|1701125612\n|move|p1a: Iron Valiant|Thunderbolt|p2a: Manaphy\n|-supereffective|p2a: Manaphy\n|-damage|p2a: Manaphy|0 fnt\n|faint|p2a: Manaphy\n|\n|upkeep\n|c|\u2606VikontAlu|Oh luck won\n|c|\u2606VikontAlu|Maybe you cannot won\n|\n|t:|1701125621\n|switch|p2a: Cinderace|Cinderace, F, shiny|100\/100\n|turn|6\n|\n|t:|1701125636\n|-end|p1a: Iron Valiant|Quark Drive|[silent]\n|switch|p1a: Heatran|Heatran, M|100\/100\n|move|p2a: Cinderace|Gunk Shot|p1a: Heatran\n|-start|p2a: Cinderace|typechange|Poison|[from] ability: Libero\n|-immune|p1a: Heatran\n|\n|upkeep\n|turn|7\n|\n|t:|1701125645\n|move|p2a: Cinderace|High Jump Kick|p1a: Heatran\n|-supereffective|p1a: Heatran\n|-damage|p1a: Heatran|2\/100\n|-damage|p2a: Cinderace|91\/100|[from] item: Life Orb\n|move|p1a: Heatran|Magma Storm|p2a: Cinderace\n|-damage|p2a: Cinderace|9\/100\n|-activate|p2a: Cinderace|move: Magma Storm|[of] p1a: Heatran\n|\n|-heal|p1a: Heatran|8\/100|[from] item: Leftovers\n|-damage|p2a: Cinderace|0 fnt|[from] move: Magma Storm|[partiallytrapped]\n|faint|p2a: Cinderace\n|upkeep\n|\n|t:|1701125654\n|switch|p2a: Corviknight|Corviknight, F, shiny|100\/100\n|turn|8\n|\n|t:|1701125660\n|-terastallize|p2a: Corviknight|Flying\n|move|p2a: Corviknight|U-turn|p1a: Heatran\n|-resisted|p1a: Heatran\n|-damage|p1a: Heatran|5\/100\n|\n|t:|1701125666\n|switch|p2a: Appletun|Appletun, M, shiny|100\/100|[from] U-turn\n|move|p1a: Heatran|Magma Storm|p2a: Appletun\n|-damage|p2a: Appletun|79\/100\n|-activate|p2a: Appletun|move: Magma Storm|[of] p1a: Heatran\n|\n|-heal|p1a: Heatran|11\/100|[from] item: Leftovers\n|-heal|p2a: Appletun|85\/100|[from] item: Leftovers\n|-damage|p2a: Appletun|73\/100|[from] move: Magma Storm|[partiallytrapped]\n|upkeep\n|turn|9\n|\n|t:|1701125685\n|move|p1a: Heatran|Taunt|p2a: Appletun\n|-start|p2a: Appletun|move: Taunt\n|cant|p2a: Appletun|move: Taunt|Leech Seed\n|\n|-heal|p1a: Heatran|17\/100|[from] item: Leftovers\n|-heal|p2a: Appletun|79\/100|[from] item: Leftovers\n|-damage|p2a: Appletun|66\/100|[from] move: Magma Storm|[partiallytrapped]\n|upkeep\n|turn|10\n|\n|t:|1701125696\n|move|p1a: Heatran|Magma Storm|p2a: Appletun\n|-damage|p2a: Appletun|45\/100\n|move|p2a: Appletun|Draco Meteor|p1a: Heatran\n|-resisted|p1a: Heatran\n|-damage|p1a: Heatran|0 fnt\n|-unboost|p2a: Appletun|spa|2\n|faint|p1a: Heatran\n|\n|-heal|p2a: Appletun|51\/100|[from] item: Leftovers\n|-end|p2a: Appletun|Magma Storm|[partiallytrapped]|[silent]\n|upkeep\n|inactive|VikontAlu has 120 seconds left.\n|\n|t:|1701125720\n|switch|p1a: Iron Valiant|Iron Valiant|100\/100\n|turn|11\n|\n|t:|1701125726\n|switch|p2a: Corviknight|Corviknight, F, shiny, tera:Flying|100\/100\n|move|p1a: Iron Valiant|Moonblast|p2a: Corviknight\n|-damage|p2a: Corviknight|54\/100\n|\n|upkeep\n|turn|12\n|\n|t:|1701125732\n|move|p1a: Iron Valiant|Thunderbolt|p2a: Corviknight\n|-supereffective|p2a: Corviknight\n|-damage|p2a: Corviknight|0 fnt\n|faint|p2a: Corviknight\n|\n|upkeep\n|\n|t:|1701125735\n|switch|p2a: Cresselia|Cresselia, F, shiny|100\/100\n|turn|13\n|c|\u2606VikontAlu|What should i do\n|c|\u2606VikontAlu|Can you tell me\n|c|\u2606VikontAlu|I am waiting\n|c|\u2606VikontAlu|I am do what you say\n|inactive|VikontAlu has 120 seconds left.\n|\n|t:|1701125785\n|move|p1a: Iron Valiant|Shadow Ball|p2a: Cresselia\n|-supereffective|p2a: Cresselia\n|-damage|p2a: Cresselia|68\/100\n|move|p2a: Cresselia|Moonblast|p1a: Iron Valiant\n|-supereffective|p1a: Iron Valiant\n|-damage|p1a: Iron Valiant|19\/100\n|\n|-heal|p2a: Cresselia|74\/100|[from] item: Leftovers\n|upkeep\n|turn|14\n|\n|t:|1701125802\n|-end|p1a: Iron Valiant|Quark Drive|[silent]\n|switch|p1a: Cinderace|Cinderace, F|100\/100\n|move|p2a: Cresselia|Moonblast|p1a: Cinderace\n|-resisted|p1a: Cinderace\n|-damage|p1a: Cinderace|84\/100\n|\n|-heal|p2a: Cresselia|80\/100|[from] item: Leftovers\n|upkeep\n|turn|15\n|c|\u2606VikontAlu|Its sp def tank i see\n|\n|t:|1701125811\n|move|p1a: Cinderace|Will-O-Wisp|p2a: Cresselia\n|-status|p2a: Cresselia|brn\n|move|p2a: Cresselia|Reflect|p2a: Cresselia\n|-sidestart|p2: llololo|Reflect\n|\n|-heal|p2a: Cresselia|86\/100 brn|[from] item: Leftovers\n|-damage|p2a: Cresselia|80\/100 brn|[from] brn\n|upkeep\n|turn|16\n|inactive|VikontAlu has 120 seconds left.\n|c|\u2606VikontAlu|Lets burn this bitch\n|\n|t:|1701125824\n|move|p1a: Cinderace|Court Change|p1a: Cinderace\n|-swapsideconditions\n|-activate|p1a: Cinderace|move: Court Change\n|move|p2a: Cresselia|Light Screen|p2a: Cresselia\n|-sidestart|p2: llololo|move: Light Screen\n|\n|-heal|p2a: Cresselia|86\/100 brn|[from] item: Leftovers\n|-damage|p2a: Cresselia|80\/100 brn|[from] brn\n|upkeep\n|turn|17\n|inactive|VikontAlu has 120 seconds left.\n|\n|t:|1701125836\n|move|p1a: Cinderace|Pyro Ball|p2a: Cresselia\n|-damage|p2a: Cresselia|36\/100 brn\n|move|p2a: Cresselia|Moonblast|p1a: Cinderace\n|-resisted|p1a: Cinderace\n|-damage|p1a: Cinderace|66\/100\n|\n|-heal|p2a: Cresselia|42\/100 brn|[from] item: Leftovers\n|-damage|p2a: Cresselia|36\/100 brn|[from] brn\n|upkeep\n|turn|18\n|inactive|VikontAlu has 120 seconds left.\n|\n|t:|1701125845\n|switch|p2a: Appletun|Appletun, M, shiny|51\/100\n|move|p1a: Cinderace|Pyro Ball|p2a: Appletun\n|-damage|p2a: Appletun|24\/100\n|\n|-heal|p2a: Appletun|30\/100|[from] item: Leftovers\n|upkeep\n|turn|19\n|\n|t:|1701125853\n|move|p1a: Cinderace|Will-O-Wisp|p2a: Appletun\n|-status|p2a: Appletun|brn\n|move|p2a: Appletun|Recover|p2a: Appletun\n|-heal|p2a: Appletun|80\/100 brn\n|\n|-heal|p2a: Appletun|86\/100 brn|[from] item: Leftovers\n|-damage|p2a: Appletun|80\/100 brn|[from] brn\n|-sideend|p1: VikontAlu|Reflect\n|upkeep\n|turn|20\n|\n|t:|1701125866\n|move|p1a: Cinderace|U-turn|p2a: Appletun\n|-supereffective|p2a: Appletun\n|-damage|p2a: Appletun|38\/100 brn\n|\n|t:|1701125869\n|switch|p1a: Ogerpon|Ogerpon-Wellspring, F|100\/100|[from] U-turn\n|move|p2a: Appletun|Leech Seed|p1a: Ogerpon\n|-immune|p1a: Ogerpon\n|\n|-heal|p2a: Appletun|44\/100 brn|[from] item: Leftovers\n|-damage|p2a: Appletun|38\/100 brn|[from] brn\n|-sideend|p2: llololo|move: Light Screen\n|upkeep\n|turn|21\n|\n|t:|1701125877\n|move|p1a: Ogerpon|Swords Dance|p1a: Ogerpon\n|-boost|p1a: Ogerpon|atk|2\n|move|p2a: Appletun|Apple Acid|p1a: Ogerpon\n|-damage|p1a: Ogerpon|66\/100\n|-unboost|p1a: Ogerpon|spd|1\n|\n|-heal|p2a: Appletun|44\/100 brn|[from] item: Leftovers\n|-damage|p2a: Appletun|38\/100 brn|[from] brn\n|upkeep\n|turn|22\n|\n|t:|1701125883\n|move|p1a: Ogerpon|Ivy Cudgel|p2a: Appletun|[anim] Ivy Cudgel Water\n|-resisted|p2a: Appletun\n|-damage|p2a: Appletun|10\/100 brn\n|move|p2a: Appletun|Recover|p2a: Appletun\n|-heal|p2a: Appletun|60\/100 brn\n|\n|-heal|p2a: Appletun|66\/100 brn|[from] item: Leftovers\n|-damage|p2a: Appletun|60\/100 brn|[from] brn\n|upkeep\n|turn|23\n|\n|t:|1701125890\n|switch|p1a: Kingambit|Kingambit, F|100\/100\n|-activate|p1a: Kingambit|ability: Supreme Overlord\n|-start|p1a: Kingambit|fallen2|[silent]\n|move|p2a: Appletun|Apple Acid|p1a: Kingambit\n|-resisted|p1a: Kingambit\n|-damage|p1a: Kingambit|87\/100\n|-unboost|p1a: Kingambit|spd|1\n|\n|-heal|p2a: Appletun|66\/100 brn|[from] item: Leftovers\n|-damage|p2a: Appletun|60\/100 brn|[from] brn\n|upkeep\n|turn|24\n|\n|t:|1701125899\n|move|p1a: Kingambit|Swords Dance|p1a: Kingambit\n|-boost|p1a: Kingambit|atk|2\n|move|p2a: Appletun|Recover|p2a: Appletun\n|-heal|p2a: Appletun|100\/100 brn\n|\n|-damage|p2a: Appletun|94\/100 brn|[from] brn\n|upkeep\n|turn|25\n|\n|t:|1701125905\n|move|p1a: Kingambit|Kowtow Cleave|p2a: Appletun\n|-damage|p2a: Appletun|0 fnt\n|faint|p2a: Appletun\n|\n|upkeep\n|\n|t:|1701125910\n|switch|p2a: Cresselia|Cresselia, F, shiny|36\/100 brn\n|turn|26\n|\n|t:|1701125914\n|move|p1a: Kingambit|Sucker Punch|p2a: Cresselia\n|-supereffective|p2a: Cresselia\n|-damage|p2a: Cresselia|0 fnt\n|faint|p2a: Cresselia\n|\n|win|VikontAlu\n|raw|VikontAlu's rating: 1100 &rarr; <strong>1122<\/strong><br \/>(+22 for winning)\n|raw|llololo's rating: 1063 &rarr; <strong>1046<\/strong><br \/>(-17 for losing)\n","uploadtime":1701125822,"views":2,"p1id":"vikontalu","p2id":"llololo","formatid":"gen9ou","rating":1046,"private":0,"password":""}