{"id":"gen9ou-1996131583","p1":"Viney13","p2":"Acexaaa43","format":"[Gen 9] OU","log":"|j|\u2606Viney13\n|j|\u2606Acexaaa43\n|t:|1700648942\n|gametype|singles\n|player|p1|Viney13|hiker-gen4|1172\n|player|p2|Acexaaa43|265|1092\n|teamsize|p1|6\n|teamsize|p2|6\n|gen|9\n|tier|[Gen 9] OU\n|rated|\n|rule|Sleep Clause Mod: Limit one foe put to sleep\n|rule|Species Clause: Limit one of each Pok\u00e9mon\n|rule|OHKO Clause: OHKO moves are banned\n|rule|Evasion Items Clause: Evasion items are banned\n|rule|Evasion Moves Clause: Evasion moves are banned\n|rule|Endless Battle Clause: Forcing endless battles is banned\n|rule|HP Percentage Mod: HP is shown in percentages\n|clearpoke\n|poke|p1|Ribombee, M|\n|poke|p1|Empoleon, M|\n|poke|p1|Gengar, M|\n|poke|p1|Ting-Lu|\n|poke|p1|Blissey, F|\n|poke|p1|Zapdos|\n|poke|p2|Zapdos|\n|poke|p2|Ceruledge, F|\n|poke|p2|Great Tusk|\n|poke|p2|Milotic, M|\n|poke|p2|Toxapex, F|\n|poke|p2|Espeon, F|\n|teampreview\n|inactive|Battle timer is ON: inactive players will automatically lose when time's up. (requested by Viney13)\n|\n|t:|1700648968\n|start\n|switch|p1a: Ribombee|Ribombee, M, shiny|100\/100\n|switch|p2a: Espeon|Espeon, F|100\/100\n|turn|1\n|\n|t:|1700648978\n|-terastallize|p2a: Espeon|Electric\n|move|p2a: Espeon|Power Gem|p1a: Ribombee\n|-supereffective|p1a: Ribombee\n|-enditem|p1a: Ribombee|Focus Sash\n|-damage|p1a: Ribombee|1\/100\n|move|p1a: Ribombee|Bug Buzz|p2a: Espeon\n|-damage|p2a: Espeon|43\/100\n|\n|upkeep\n|turn|2\n|\n|t:|1700648989\n|move|p2a: Espeon|Power Gem|p1a: Ribombee\n|-supereffective|p1a: Ribombee\n|-damage|p1a: Ribombee|0 fnt\n|faint|p1a: Ribombee\n|\n|upkeep\n|\n|t:|1700649000\n|switch|p1a: Blissey|Blissey, F, shiny|100\/100\n|turn|3\n|\n|t:|1700649005\n|switch|p2a: Ceruledge|Ceruledge, F|100\/100\n|move|p1a: Blissey|Seismic Toss|p2a: Ceruledge\n|-immune|p2a: Ceruledge\n|\n|upkeep\n|turn|4\n|\n|t:|1700649017\n|move|p2a: Ceruledge|Bitter Blade|p1a: Blissey\n|-damage|p1a: Blissey|55\/100\n|move|p1a: Blissey|Thunder Wave|p2a: Ceruledge\n|-status|p2a: Ceruledge|par\n|\n|-heal|p1a: Blissey|61\/100|[from] item: Leftovers\n|upkeep\n|turn|5\n|\n|t:|1700649026\n|move|p1a: Blissey|Protect|p1a: Blissey\n|-singleturn|p1a: Blissey|Protect\n|move|p2a: Ceruledge|Bitter Blade|p1a: Blissey\n|-activate|p1a: Blissey|move: Protect\n|\n|-heal|p1a: Blissey|67\/100|[from] item: Leftovers\n|upkeep\n|turn|6\n|\n|t:|1700649040\n|switch|p1a: Ting-Lu|Ting-Lu|100\/100\n|-ability|p1a: Ting-Lu|Vessel of Ruin\n|switch|p2a: Toxapex|Toxapex, F|100\/100\n|\n|upkeep\n|turn|7\n|\n|t:|1700649050\n|move|p1a: Ting-Lu|Earthquake|p2a: Toxapex\n|-supereffective|p2a: Toxapex\n|-damage|p2a: Toxapex|29\/100\n|move|p2a: Toxapex|Chilling Water|p1a: Ting-Lu\n|-supereffective|p1a: Ting-Lu\n|-damage|p1a: Ting-Lu|92\/100\n|-unboost|p1a: Ting-Lu|atk|1\n|\n|-heal|p2a: Toxapex|36\/100|[from] item: Leftovers\n|upkeep\n|turn|8\n|\n|t:|1700649064\n|move|p2a: Toxapex|Baneful Bunker|p2a: Toxapex\n|-singleturn|p2a: Toxapex|move: Protect\n|move|p1a: Ting-Lu|Throat Chop|p2a: Toxapex\n|-activate|p2a: Toxapex|move: Protect\n|-status|p1a: Ting-Lu|psn\n|\n|-heal|p2a: Toxapex|42\/100|[from] item: Leftovers\n|-damage|p1a: Ting-Lu|79\/100 psn|[from] psn\n|upkeep\n|turn|9\n|inactive|Acexaaa43 has 120 seconds left.\n|\n|t:|1700649095\n|switch|p2a: Zapdos|Zapdos|100\/100\n|-ability|p2a: Zapdos|Pressure\n|move|p1a: Ting-Lu|Earthquake|p2a: Zapdos\n|-immune|p2a: Zapdos\n|\n|-damage|p1a: Ting-Lu|67\/100 psn|[from] psn\n|upkeep\n|turn|10\n|inactive|Acexaaa43 has 120 seconds left.\n|\n|t:|1700649108\n|move|p2a: Zapdos|Heat Wave|p1a: Ting-Lu\n|-damage|p1a: Ting-Lu|54\/100 psn\n|move|p1a: Ting-Lu|Throat Chop|p2a: Zapdos\n|-damage|p2a: Zapdos|74\/100\n|-start|p2a: Zapdos|Throat Chop|[silent]\n|\n|-heal|p2a: Zapdos|80\/100|[from] item: Leftovers\n|-damage|p1a: Ting-Lu|42\/100 psn|[from] psn\n|upkeep\n|turn|11\n|\n|t:|1700649119\n|switch|p1a: Blissey|Blissey, F, shiny|67\/100\n|move|p2a: Zapdos|Heat Wave|p1a: Blissey\n|-damage|p1a: Blissey|56\/100\n|\n|-heal|p2a: Zapdos|86\/100|[from] item: Leftovers\n|-heal|p1a: Blissey|62\/100|[from] item: Leftovers\n|-end|p2a: Zapdos|Throat Chop|[silent]\n|upkeep\n|turn|12\n|\n|t:|1700649129\n|switch|p2a: Great Tusk|Great Tusk|100\/100\n|move|p1a: Blissey|Stealth Rock|p2a: Great Tusk\n|-sidestart|p2: Acexaaa43|move: Stealth Rock\n|\n|-heal|p1a: Blissey|68\/100|[from] item: Leftovers\n|upkeep\n|turn|13\n|\n|t:|1700649137\n|move|p1a: Blissey|Protect|p1a: Blissey\n|-singleturn|p1a: Blissey|Protect\n|move|p2a: Great Tusk|Knock Off|p1a: Blissey\n|-activate|p1a: Blissey|move: Protect\n|\n|-heal|p1a: Blissey|74\/100|[from] item: Leftovers\n|upkeep\n|turn|14\n|\n|t:|1700649151\n|switch|p1a: Zapdos|Zapdos, shiny|100\/100\n|move|p2a: Great Tusk|Knock Off|p1a: Zapdos\n|-damage|p1a: Zapdos|54\/100\n|-enditem|p1a: Zapdos|Assault Vest|[from] move: Knock Off|[of] p2a: Great Tusk\n|\n|upkeep\n|turn|15\n|\n|t:|1700649164\n|move|p1a: Zapdos|Hurricane|p2a: Great Tusk|[miss]\n|-miss|p1a: Zapdos|p2a: Great Tusk\n|move|p2a: Great Tusk|Knock Off|p1a: Zapdos\n|-damage|p1a: Zapdos|24\/100\n|-status|p2a: Great Tusk|par|[from] ability: Static|[of] p1a: Zapdos\n|\n|upkeep\n|turn|16\n|\n|t:|1700649173\n|move|p1a: Zapdos|Hurricane|p2a: Great Tusk\n|-supereffective|p2a: Great Tusk\n|-damage|p2a: Great Tusk|0 fnt\n|faint|p2a: Great Tusk\n|-end|p2a: Great Tusk|Protosynthesis|[silent]\n|\n|upkeep\n|\n|t:|1700649184\n|switch|p2a: Zapdos|Zapdos|86\/100\n|-damage|p2a: Zapdos|61\/100|[from] Stealth Rock\n|-ability|p2a: Zapdos|Pressure\n|turn|17\n|\n|t:|1700649190\n|move|p1a: Zapdos|Volt Switch|p2a: Zapdos\n|-damage|p2a: Zapdos|28\/100\n|\n|t:|1700649193\n|switch|p1a: Ting-Lu|Ting-Lu|42\/100 psn|[from] Volt Switch\n|-ability|p1a: Ting-Lu|Vessel of Ruin\n|move|p2a: Zapdos|Roost|p2a: Zapdos\n|-heal|p2a: Zapdos|78\/100\n|-singleturn|p2a: Zapdos|move: Roost\n|\n|-heal|p2a: Zapdos|85\/100|[from] item: Leftovers\n|-damage|p1a: Ting-Lu|29\/100 psn|[from] psn\n|upkeep\n|turn|18\n|\n|t:|1700649208\n|move|p2a: Zapdos|Heat Wave|p1a: Ting-Lu\n|-damage|p1a: Ting-Lu|16\/100 psn\n|move|p1a: Ting-Lu|Throat Chop|p2a: Zapdos\n|-damage|p2a: Zapdos|47\/100\n|-start|p2a: Zapdos|Throat Chop|[silent]\n|\n|-heal|p2a: Zapdos|53\/100|[from] item: Leftovers\n|-damage|p1a: Ting-Lu|4\/100 psn|[from] psn\n|upkeep\n|turn|19\n|\n|t:|1700649218\n|move|p2a: Zapdos|Roost|p2a: Zapdos\n|-heal|p2a: Zapdos|100\/100\n|-singleturn|p2a: Zapdos|move: Roost\n|move|p1a: Ting-Lu|Earthquake|p2a: Zapdos\n|-supereffective|p2a: Zapdos\n|-damage|p2a: Zapdos|2\/100\n|\n|-heal|p2a: Zapdos|8\/100|[from] item: Leftovers\n|-damage|p1a: Ting-Lu|0 fnt|[from] psn\n|faint|p1a: Ting-Lu\n|-end|p2a: Zapdos|Throat Chop|[silent]\n|upkeep\n|\n|t:|1700649231\n|switch|p1a: Gengar|Gengar, M|100\/100\n|turn|20\n|\n|t:|1700649237\n|move|p1a: Gengar|Shadow Ball|p2a: Zapdos\n|-damage|p2a: Zapdos|0 fnt\n|faint|p2a: Zapdos\n|\n|upkeep\n|\n|t:|1700649244\n|switch|p2a: Espeon|Espeon, F, tera:Electric|43\/100\n|-damage|p2a: Espeon|31\/100|[from] Stealth Rock\n|turn|21\n|\n|t:|1700649255\n|-terastallize|p1a: Gengar|Flying\n|move|p1a: Gengar|Shadow Ball|p2a: Espeon\n|-damage|p2a: Espeon|0 fnt\n|faint|p2a: Espeon\n|\n|upkeep\n|\n|t:|1700649262\n|switch|p2a: Toxapex|Toxapex, F|75\/100\n|-damage|p2a: Toxapex|63\/100|[from] Stealth Rock\n|turn|22\n|\n|t:|1700649269\n|move|p1a: Gengar|Shadow Ball|p2a: Toxapex\n|-damage|p2a: Toxapex|29\/100\n|move|p2a: Toxapex|Toxic|p1a: Gengar\n|-status|p1a: Gengar|tox\n|\n|-heal|p2a: Toxapex|35\/100|[from] item: Leftovers\n|-damage|p1a: Gengar|94\/100 tox|[from] psn\n|upkeep\n|turn|23\n|\n|t:|1700649281\n|switch|p1a: Blissey|Blissey, F, shiny|74\/100\n|move|p2a: Toxapex|Recover|p2a: Toxapex\n|-heal|p2a: Toxapex|85\/100\n|\n|-heal|p1a: Blissey|80\/100|[from] item: Leftovers\n|-heal|p2a: Toxapex|91\/100|[from] item: Leftovers\n|upkeep\n|turn|24\n|\n|t:|1700649291\n|move|p1a: Blissey|Thunder Wave|p2a: Toxapex\n|-status|p2a: Toxapex|par\n|cant|p2a: Toxapex|par\n|\n|-heal|p1a: Blissey|86\/100|[from] item: Leftovers\n|-heal|p2a: Toxapex|98\/100 par|[from] item: Leftovers\n|upkeep\n|turn|25\n|\n|t:|1700649302\n|move|p1a: Blissey|Seismic Toss|p2a: Toxapex\n|-damage|p2a: Toxapex|65\/100 par\n|move|p2a: Toxapex|Toxic|p1a: Blissey\n|-status|p1a: Blissey|tox\n|\n|-heal|p1a: Blissey|93\/100 tox|[from] item: Leftovers\n|-heal|p2a: Toxapex|71\/100 par|[from] item: Leftovers\n|-damage|p1a: Blissey|86\/100 tox|[from] psn\n|upkeep\n|turn|26\n|\n|t:|1700649320\n|-curestatus|p1a: Blissey|tox|[from] ability: Natural Cure\n|switch|p1a: Empoleon|Empoleon, M, shiny|100\/100\n|switch|p2a: Milotic|Milotic, M|100\/100\n|-damage|p2a: Milotic|88\/100|[from] Stealth Rock\n|\n|-heal|p2a: Milotic|94\/100|[from] item: Leftovers\n|upkeep\n|turn|27\n|\n|t:|1700649331\n|move|p2a: Milotic|Scald|p1a: Empoleon\n|-resisted|p1a: Empoleon\n|-damage|p1a: Empoleon|87\/100\n|move|p1a: Empoleon|Grass Knot|p2a: Milotic\n|-supereffective|p2a: Milotic\n|-damage|p2a: Milotic|47\/100\n|\n|-heal|p2a: Milotic|54\/100|[from] item: Leftovers\n|-heal|p1a: Empoleon|93\/100|[from] item: Leftovers\n|upkeep\n|turn|28\n|\n|t:|1700649345\n|move|p2a: Milotic|Recover|p2a: Milotic\n|-heal|p2a: Milotic|100\/100\n|move|p1a: Empoleon|Grass Knot|p2a: Milotic\n|-supereffective|p2a: Milotic\n|-damage|p2a: Milotic|57\/100\n|\n|-heal|p2a: Milotic|63\/100|[from] item: Leftovers\n|-heal|p1a: Empoleon|99\/100|[from] item: Leftovers\n|upkeep\n|turn|29\n|\n|t:|1700649356\n|move|p2a: Milotic|Scald|p1a: Empoleon\n|-resisted|p1a: Empoleon\n|-damage|p1a: Empoleon|85\/100\n|move|p1a: Empoleon|Grass Knot|p2a: Milotic\n|-supereffective|p2a: Milotic\n|-damage|p2a: Milotic|22\/100\n|\n|-heal|p2a: Milotic|28\/100|[from] item: Leftovers\n|-heal|p1a: Empoleon|91\/100|[from] item: Leftovers\n|upkeep\n|turn|30\n|\n|t:|1700649368\n|switch|p1a: Blissey|Blissey, F, shiny|86\/100\n|move|p2a: Milotic|Recover|p2a: Milotic\n|-heal|p2a: Milotic|78\/100\n|\n|-heal|p2a: Milotic|84\/100|[from] item: Leftovers\n|-heal|p1a: Blissey|93\/100|[from] item: Leftovers\n|upkeep\n|turn|31\n|\n|t:|1700649378\n|switch|p2a: Ceruledge|Ceruledge, F|100\/100 par\n|-damage|p2a: Ceruledge|76\/100 par|[from] Stealth Rock\n|move|p1a: Blissey|Thunder Wave|p2a: Ceruledge\n|-fail|p2a: Ceruledge|par\n|\n|-heal|p1a: Blissey|99\/100|[from] item: Leftovers\n|upkeep\n|turn|32\n|\n|t:|1700649389\n|move|p1a: Blissey|Protect|p1a: Blissey\n|-singleturn|p1a: Blissey|Protect\n|move|p2a: Ceruledge|Bitter Blade|p1a: Blissey\n|-activate|p1a: Blissey|move: Protect\n|\n|-heal|p1a: Blissey|100\/100|[from] item: Leftovers\n|upkeep\n|turn|33\n|\n|t:|1700649410\n|switch|p1a: Empoleon|Empoleon, M, shiny|91\/100\n|move|p2a: Ceruledge|Bitter Blade|p1a: Empoleon\n|-damage|p1a: Empoleon|39\/100\n|-heal|p2a: Ceruledge|100\/100 par|[from] drain|[of] p1a: Empoleon\n|\n|-heal|p1a: Empoleon|45\/100|[from] item: Leftovers\n|upkeep\n|turn|34\n|\n|t:|1700649423\n|move|p1a: Empoleon|Hydro Pump|p2a: Ceruledge\n|-supereffective|p2a: Ceruledge\n|-damage|p2a: Ceruledge|24\/100 par\n|cant|p2a: Ceruledge|par\n|\n|-heal|p1a: Empoleon|51\/100|[from] item: Leftovers\n|upkeep\n|turn|35\n|c|\u2606Acexaaa43|fucking dumb paralysis\n|\n|t:|1700649436\n|switch|p2a: Toxapex|Toxapex, F|100\/100 par\n|-damage|p2a: Toxapex|88\/100 par|[from] Stealth Rock\n|move|p1a: Empoleon|Hydro Pump|p2a: Toxapex\n|-resisted|p2a: Toxapex\n|-damage|p2a: Toxapex|67\/100 par\n|\n|-heal|p1a: Empoleon|57\/100|[from] item: Leftovers\n|-heal|p2a: Toxapex|74\/100 par|[from] item: Leftovers\n|upkeep\n|turn|36\n|\n|t:|1700649450\n|move|p1a: Empoleon|Grass Knot|p2a: Toxapex\n|-damage|p2a: Toxapex|62\/100 par\n|move|p2a: Toxapex|Chilling Water|p1a: Empoleon\n|-resisted|p1a: Empoleon\n|-crit|p1a: Empoleon\n|-damage|p1a: Empoleon|50\/100\n|-unboost|p1a: Empoleon|atk|1\n|-ability|p1a: Empoleon|Competitive|boost\n|-boost|p1a: Empoleon|spa|2\n|\n|-heal|p1a: Empoleon|57\/100|[from] item: Leftovers\n|-heal|p2a: Toxapex|69\/100 par|[from] item: Leftovers\n|upkeep\n|turn|37\n|\n|t:|1700649475\n|move|p1a: Empoleon|Grass Knot|p2a: Toxapex\n|-damage|p2a: Toxapex|49\/100 par\n|move|p2a: Toxapex|Chilling Water|p1a: Empoleon\n|-resisted|p1a: Empoleon\n|-damage|p1a: Empoleon|52\/100\n|-unboost|p1a: Empoleon|atk|1\n|-ability|p1a: Empoleon|Competitive|boost\n|-boost|p1a: Empoleon|spa|2\n|\n|-heal|p1a: Empoleon|58\/100|[from] item: Leftovers\n|-heal|p2a: Toxapex|55\/100 par|[from] item: Leftovers\n|upkeep\n|turn|38\n|-message|Acexaaa43 forfeited.\n|\n|win|Viney13\n|raw|Viney13's rating: 1172 &rarr; <strong>1191<\/strong><br \/>(+19 for winning)\n|raw|Acexaaa43's rating: 1092 &rarr; <strong>1074<\/strong><br \/>(-18 for losing)\n","uploadtime":1700649436,"views":0,"p1id":"viney13","p2id":"acexaaa43","formatid":"gen9ou","rating":1074,"private":0,"password":""}