{"id":"gen9ou-1996611022","p1":"holmeslice","p2":"Galio is OU","format":"[Gen 9] OU","log":"|j|\u2606holmeslice\n|j|\u2606Galio is OU\n|t:|1700700387\n|gametype|singles\n|player|p1|holmeslice|roughneck|\n|player|p2|Galio is OU|roughneck-gen4|\n|teamsize|p1|6\n|teamsize|p2|6\n|gen|9\n|tier|[Gen 9] OU\n|rule|Sleep Clause Mod: Limit one foe put to sleep\n|rule|Species Clause: Limit one of each Pok\u00e9mon\n|rule|OHKO Clause: OHKO moves are banned\n|rule|Evasion Items Clause: Evasion items are banned\n|rule|Evasion Moves Clause: Evasion moves are banned\n|rule|Endless Battle Clause: Forcing endless battles is banned\n|rule|HP Percentage Mod: HP is shown in percentages\n|clearpoke\n|poke|p1|Great Tusk|\n|poke|p1|Dondozo, M|\n|poke|p1|Azelf|\n|poke|p1|Glastrier|\n|poke|p1|Grafaiai, M|\n|poke|p1|Thundurus-Therian, M|\n|poke|p2|Landorus-Therian, M|\n|poke|p2|Samurott-Hisui, F|\n|poke|p2|Corviknight, F|\n|poke|p2|Clodsire, M|\n|poke|p2|Gengar, F|\n|poke|p2|Drednaw, M|\n|teampreview\n|c|\u2606holmeslice|u2\n|\n|t:|1700700430\n|start\n|switch|p1a: Big Fish|Dondozo, M, shiny|100\/100\n|switch|p2a: Quasar|Landorus-Therian, M|100\/100\n|-ability|p2a: Quasar|Intimidate|boost\n|-unboost|p1a: Big Fish|atk|1\n|turn|1\n|\n|t:|1700700440\n|switch|p1a: Big Horse|Glastrier|100\/100\n|move|p2a: Quasar|U-turn|p1a: Big Horse\n|-damage|p1a: Big Horse|82\/100\n|inactive|Battle timer is ON: inactive players will automatically lose when time's up. (requested by holmeslice)\n|\n|t:|1700700517\n|switch|p2a: Nasuada|Corviknight, F|100\/100|[from] U-turn\n|-ability|p2a: Nasuada|Pressure\n|\n|upkeep\n|turn|2\n|\n|t:|1700700529\n|move|p2a: Nasuada|Brave Bird|p1a: Big Horse\n|-damage|p1a: Big Horse|58\/100\n|-damage|p2a: Nasuada|93\/100|[from] Recoil\n|move|p1a: Big Horse|Icicle Crash|p2a: Nasuada\n|-damage|p2a: Nasuada|61\/100\n|\n|upkeep\n|turn|3\n|\n|t:|1700700543\n|switch|p1a: Big Fish|Dondozo, M, shiny|100\/100\n|move|p2a: Nasuada|U-turn|p1a: Big Fish\n|-damage|p1a: Big Fish|95\/100\n|\n|t:|1700700548\n|switch|p2a: HeLovesCastingHex|Gengar, F|100\/100|[from] U-turn\n|\n|-heal|p1a: Big Fish|100\/100|[from] item: Leftovers\n|upkeep\n|turn|4\n|inactive|holmeslice has 270 seconds left.\n|\n|t:|1700700579\n|switch|p1a: Thing 1|Azelf|100\/100\n|move|p2a: HeLovesCastingHex|Trick|p1a: Thing 1\n|-activate|p2a: HeLovesCastingHex|move: Trick|[of] p1a: Thing 1\n|-item|p1a: Thing 1|Choice Specs|[from] move: Trick\n|-item|p2a: HeLovesCastingHex|Focus Sash|[from] move: Trick\n|\n|upkeep\n|turn|5\n|inactive|Galio is OU has 270 seconds left.\n|\n|t:|1700700619\n|move|p1a: Thing 1|Rain Dance|p1a: Thing 1\n|-weather|RainDance\n|move|p2a: HeLovesCastingHex|Shadow Ball|p1a: Thing 1\n|-supereffective|p1a: Thing 1\n|-damage|p1a: Thing 1|0 fnt\n|faint|p1a: Thing 1\n|\n|-weather|RainDance|[upkeep]\n|upkeep\n|inactive|holmeslice has 270 seconds left.\n|\n|t:|1700700633\n|switch|p1a: Thing 2|Grafaiai, M|100\/100\n|turn|6\n|inactive|Galio is OU has 270 seconds left.\n|\n|t:|1700700644\n|switch|p2a: Battousai|Samurott-Hisui, F|100\/100\n|move|p1a: Thing 2|Knock Off|p2a: Battousai\n|-resisted|p2a: Battousai\n|-damage|p2a: Battousai|84\/100\n|-enditem|p2a: Battousai|Assault Vest|[from] move: Knock Off|[of] p1a: Thing 2\n|\n|-weather|RainDance|[upkeep]\n|upkeep\n|turn|7\n|inactive|Galio is OU has 270 seconds left.\n|inactive|Galio is OU has 240 seconds left.\n|\n|t:|1700700681\n|move|p1a: Thing 2|U-turn|p2a: Battousai\n|-supereffective|p2a: Battousai\n|-damage|p2a: Battousai|35\/100\n|\n|t:|1700700689\n|switch|p1a: Big STAB|Thundurus-Therian, M|100\/100|[from] U-turn\n|move|p2a: Battousai|Ceaseless Edge|p1a: Big STAB\n|-damage|p1a: Big STAB|22\/100\n|-sidestart|p1: holmeslice|Spikes\n|\n|-weather|RainDance|[upkeep]\n|upkeep\n|turn|8\n|\n|t:|1700700709\n|move|p2a: Battousai|Aqua Jet|p1a: Big STAB\n|-damage|p1a: Big STAB|0 fnt\n|faint|p1a: Big STAB\n|\n|-weather|RainDance|[upkeep]\n|upkeep\n|\n|t:|1700700716\n|switch|p1a: Big Fish|Dondozo, M, shiny|100\/100\n|-damage|p1a: Big Fish|88\/100|[from] Spikes\n|turn|9\n|\n|t:|1700700728\n|switch|p2a: Nasuada|Corviknight, F|61\/100\n|-ability|p2a: Nasuada|Pressure\n|move|p1a: Big Fish|Liquidation|p2a: Nasuada\n|-damage|p2a: Nasuada|34\/100\n|-damage|p1a: Big Fish|71\/100|[from] item: Rocky Helmet|[of] p2a: Nasuada\n|\n|-weather|none\n|-heal|p1a: Big Fish|77\/100|[from] item: Leftovers\n|upkeep\n|turn|10\n|\n|t:|1700700743\n|move|p2a: Nasuada|Roost|p2a: Nasuada\n|-heal|p2a: Nasuada|84\/100\n|-singleturn|p2a: Nasuada|move: Roost\n|move|p1a: Big Fish|Liquidation|p2a: Nasuada\n|-damage|p2a: Nasuada|67\/100\n|-damage|p1a: Big Fish|61\/100|[from] item: Rocky Helmet|[of] p2a: Nasuada\n|\n|-heal|p1a: Big Fish|67\/100|[from] item: Leftovers\n|upkeep\n|turn|11\n|inactive|Galio is OU has 270 seconds left.\n|\n|t:|1700700757\n|move|p2a: Nasuada|Roost|p2a: Nasuada\n|-heal|p2a: Nasuada|100\/100\n|-singleturn|p2a: Nasuada|move: Roost\n|move|p1a: Big Fish|Body Press|p2a: Nasuada\n|-supereffective|p2a: Nasuada\n|-damage|p2a: Nasuada|69\/100\n|-damage|p1a: Big Fish|50\/100|[from] item: Rocky Helmet|[of] p2a: Nasuada\n|\n|-heal|p1a: Big Fish|56\/100|[from] item: Leftovers\n|upkeep\n|turn|12\n|inactive|Galio is OU has 270 seconds left.\n|\n|t:|1700700770\n|move|p2a: Nasuada|Brave Bird|p1a: Big Fish\n|-damage|p1a: Big Fish|41\/100\n|-damage|p2a: Nasuada|63\/100|[from] Recoil\n|move|p1a: Big Fish|Rest|p1a: Big Fish\n|-status|p1a: Big Fish|slp|[from] move: Rest\n|-heal|p1a: Big Fish|100\/100 slp|[silent]\n|\n|upkeep\n|turn|13\n|\n|t:|1700700782\n|move|p2a: Nasuada|U-turn|p1a: Big Fish\n|-damage|p1a: Big Fish|94\/100 slp\n|\n|t:|1700700785\n|switch|p2a: Gerald|Clodsire, M|100\/100|[from] U-turn\n|cant|p1a: Big Fish|slp\n|move|p1a: Big Fish|Sleep Talk|p1a: Big Fish\n|move|p1a: Big Fish|Rest||[from]move: Sleep Talk|[still]\n|-fail|p1a: Big Fish\n|\n|-heal|p1a: Big Fish|99\/100 slp|[from] item: Leftovers\n|upkeep\n|turn|14\n|\n|t:|1700700803\n|switch|p1a: Big Wheel|Great Tusk|100\/100\n|-damage|p1a: Big Wheel|88\/100|[from] Spikes\n|-enditem|p1a: Big Wheel|Booster Energy\n|-activate|p1a: Big Wheel|ability: Protosynthesis|[fromitem]\n|-start|p1a: Big Wheel|protosynthesisspe\n|move|p2a: Gerald|Toxic|p1a: Big Wheel\n|-status|p1a: Big Wheel|tox\n|\n|-damage|p1a: Big Wheel|82\/100 tox|[from] psn\n|upkeep\n|turn|15\n|\n|t:|1700700822\n|switch|p2a: HeLovesCastingHex|Gengar, F|100\/100\n|move|p1a: Big Wheel|Rapid Spin|p2a: HeLovesCastingHex\n|-immune|p2a: HeLovesCastingHex\n|\n|-damage|p1a: Big Wheel|69\/100 tox|[from] psn\n|upkeep\n|turn|16\n|inactive|Galio is OU has 270 seconds left.\n|\n|t:|1700700839\n|-end|p1a: Big Wheel|Protosynthesis|[silent]\n|switch|p1a: Thing 2|Grafaiai, M|100\/100\n|-damage|p1a: Thing 2|88\/100|[from] Spikes\n|move|p2a: HeLovesCastingHex|Shadow Ball|p1a: Thing 2\n|-immune|p1a: Thing 2\n|\n|upkeep\n|turn|17\n|inactive|Galio is OU has 270 seconds left.\n|\n|t:|1700700870\n|switch|p2a: Gerald|Clodsire, M|100\/100\n|move|p1a: Thing 2|Knock Off|p2a: Gerald\n|-damage|p2a: Gerald|73\/100\n|-enditem|p2a: Gerald|Leftovers|[from] move: Knock Off|[of] p1a: Thing 2\n|\n|upkeep\n|turn|18\n|\n|t:|1700700879\n|move|p1a: Thing 2|U-turn|p2a: Gerald\n|-resisted|p2a: Gerald\n|-damage|p2a: Gerald|62\/100\n|\n|t:|1700700881\n|switch|p1a: Big Wheel|Great Tusk|69\/100 tox|[from] U-turn\n|-damage|p1a: Big Wheel|57\/100 tox|[from] Spikes\n|move|p2a: Gerald|Stealth Rock|p1a: Big Wheel\n|-sidestart|p1: holmeslice|move: Stealth Rock\n|\n|-damage|p1a: Big Wheel|51\/100 tox|[from] psn\n|upkeep\n|turn|19\n|inactive|Galio is OU has 270 seconds left.\n|\n|t:|1700700898\n|switch|p2a: HeLovesCastingHex|Gengar, F|100\/100\n|move|p1a: Big Wheel|Rapid Spin|p2a: HeLovesCastingHex\n|-immune|p2a: HeLovesCastingHex\n|\n|-damage|p1a: Big Wheel|38\/100 tox|[from] psn\n|upkeep\n|turn|20\n|\n|t:|1700700910\n|move|p2a: HeLovesCastingHex|Sludge Bomb|p1a: Big Wheel\n|-resisted|p1a: Big Wheel\n|-damage|p1a: Big Wheel|10\/100 tox\n|move|p1a: Big Wheel|Headlong Rush|p2a: HeLovesCastingHex\n|-supereffective|p2a: HeLovesCastingHex\n|-enditem|p2a: HeLovesCastingHex|Focus Sash\n|-damage|p2a: HeLovesCastingHex|1\/100\n|-unboost|p1a: Big Wheel|def|1\n|-unboost|p1a: Big Wheel|spd|1\n|\n|-damage|p1a: Big Wheel|0 fnt|[from] psn\n|faint|p1a: Big Wheel\n|-end|p1a: Big Wheel|Protosynthesis|[silent]\n|upkeep\n|\n|t:|1700700921\n|switch|p1a: Thing 2|Grafaiai, M|88\/100\n|-damage|p1a: Thing 2|76\/100|[from] Spikes\n|-damage|p1a: Thing 2|63\/100|[from] Stealth Rock\n|turn|21\n|inactive|Galio is OU has 270 seconds left.\n|\n|t:|1700700927\n|switch|p2a: Gerald|Clodsire, M|62\/100\n|move|p1a: Thing 2|Knock Off|p2a: Gerald\n|-damage|p2a: Gerald|43\/100\n|\n|upkeep\n|turn|22\n|\n|t:|1700700935\n|move|p1a: Thing 2|Gunk Shot|p2a: Gerald\n|-resisted|p2a: Gerald\n|-damage|p2a: Gerald|30\/100\n|move|p2a: Gerald|Recover|p2a: Gerald\n|-heal|p2a: Gerald|80\/100\n|\n|upkeep\n|turn|23\n|\n|t:|1700700943\n|move|p1a: Thing 2|U-turn|p2a: Gerald\n|-resisted|p2a: Gerald\n|-damage|p2a: Gerald|68\/100\n|\n|t:|1700700947\n|switch|p1a: Big Horse|Glastrier|58\/100|[from] U-turn\n|-damage|p1a: Big Horse|46\/100|[from] Spikes\n|-damage|p1a: Big Horse|21\/100|[from] Stealth Rock\n|move|p2a: Gerald|Earthquake|p1a: Big Horse\n|-damage|p1a: Big Horse|4\/100\n|\n|upkeep\n|turn|24\n|inactive|Galio is OU has 270 seconds left.\n|\n|t:|1700700983\n|switch|p2a: Battousai|Samurott-Hisui, F|35\/100\n|move|p1a: Big Horse|High Horsepower|p2a: Battousai\n|-damage|p2a: Battousai|0 fnt\n|faint|p2a: Battousai\n|-ability|p1a: Big Horse|Chilling Neigh|boost\n|-boost|p1a: Big Horse|atk|1\n|\n|upkeep\n|\n|t:|1700700992\n|switch|p2a: HeLovesCastingHex|Gengar, F|1\/100\n|turn|25\n|\n|t:|1700700997\n|move|p2a: HeLovesCastingHex|Thunderbolt|p1a: Big Horse\n|-damage|p1a: Big Horse|0 fnt\n|faint|p1a: Big Horse\n|\n|upkeep\n|\n|t:|1700701000\n|switch|p1a: Thing 2|Grafaiai, M|63\/100\n|-damage|p1a: Thing 2|51\/100|[from] Spikes\n|-damage|p1a: Thing 2|39\/100|[from] Stealth Rock\n|turn|26\n|\n|t:|1700701006\n|switch|p2a: Gerald|Clodsire, M|68\/100\n|move|p1a: Thing 2|Knock Off|p2a: Gerald\n|-damage|p2a: Gerald|48\/100\n|\n|upkeep\n|turn|27\n|\n|t:|1700701020\n|move|p1a: Thing 2|Knock Off|p2a: Gerald\n|-damage|p2a: Gerald|30\/100\n|move|p2a: Gerald|Recover|p2a: Gerald\n|-heal|p2a: Gerald|80\/100\n|\n|upkeep\n|turn|28\n|\n|t:|1700701025\n|move|p1a: Thing 2|Encore|p2a: Gerald\n|-start|p2a: Gerald|Encore\n|move|p2a: Gerald|Recover|p2a: Gerald\n|-heal|p2a: Gerald|100\/100\n|\n|upkeep\n|turn|29\n|\n|t:|1700701030\n|move|p1a: Thing 2|Knock Off|p2a: Gerald\n|-crit|p2a: Gerald\n|-damage|p2a: Gerald|71\/100\n|move|p2a: Gerald|Recover|p2a: Gerald\n|-heal|p2a: Gerald|100\/100\n|\n|upkeep\n|turn|30\n|\n|t:|1700701036\n|move|p1a: Thing 2|Knock Off|p2a: Gerald\n|-damage|p2a: Gerald|80\/100\n|move|p2a: Gerald|Recover|p2a: Gerald\n|-heal|p2a: Gerald|100\/100\n|\n|-end|p2a: Gerald|Encore\n|upkeep\n|turn|31\n|\n|t:|1700701059\n|switch|p2a: HeLovesCastingHex|Gengar, F|1\/100\n|move|p1a: Thing 2|Encore||[still]\n|-fail|p1a: Thing 2\n|\n|upkeep\n|turn|32\n|\n|t:|1700701070\n|switch|p2a: Gerald|Clodsire, M|100\/100\n|move|p1a: Thing 2|Knock Off|p2a: Gerald\n|-damage|p2a: Gerald|81\/100\n|\n|upkeep\n|turn|33\n|\n|t:|1700701080\n|move|p1a: Thing 2|Knock Off|p2a: Gerald\n|-damage|p2a: Gerald|62\/100\n|move|p2a: Gerald|Earthquake|p1a: Thing 2\n|-supereffective|p1a: Thing 2\n|-enditem|p1a: Thing 2|Shuca Berry|[eat]\n|-enditem|p1a: Thing 2|Shuca Berry|[weaken]\n|-damage|p1a: Thing 2|0 fnt\n|faint|p1a: Thing 2\n|\n|upkeep\n|\n|t:|1700701087\n|switch|p1a: Big Fish|Dondozo, M, shiny|99\/100 slp\n|-damage|p1a: Big Fish|87\/100 slp|[from] Spikes\n|-damage|p1a: Big Fish|75\/100 slp|[from] Stealth Rock\n|turn|34\n|\n|t:|1700701094\n|cant|p1a: Big Fish|slp\n|move|p1a: Big Fish|Sleep Talk|p1a: Big Fish\n|move|p1a: Big Fish|Liquidation|p2a: Gerald|[from]move: Sleep Talk\n|-heal|p2a: Gerald|87\/100|[from] ability: Water Absorb|[of] p1a: Big Fish\n|move|p2a: Gerald|Earthquake|p1a: Big Fish\n|-damage|p1a: Big Fish|63\/100 slp\n|\n|-heal|p1a: Big Fish|70\/100 slp|[from] item: Leftovers\n|upkeep\n|turn|35\n|\n|t:|1700701103\n|-curestatus|p1a: Big Fish|slp|[msg]\n|move|p1a: Big Fish|Sleep Talk||[still]\n|-fail|p1a: Big Fish\n|move|p2a: Gerald|Earthquake|p1a: Big Fish\n|-damage|p1a: Big Fish|58\/100\n|\n|-heal|p1a: Big Fish|64\/100|[from] item: Leftovers\n|upkeep\n|turn|36\n|\n|t:|1700701114\n|move|p1a: Big Fish|Body Press|p2a: Gerald\n|-resisted|p2a: Gerald\n|-damage|p2a: Gerald|70\/100\n|move|p2a: Gerald|Earthquake|p1a: Big Fish\n|-damage|p1a: Big Fish|51\/100\n|\n|-heal|p1a: Big Fish|57\/100|[from] item: Leftovers\n|upkeep\n|turn|37\n|\n|t:|1700701124\n|move|p1a: Big Fish|Body Press|p2a: Gerald\n|-resisted|p2a: Gerald\n|-damage|p2a: Gerald|53\/100\n|move|p2a: Gerald|Earthquake|p1a: Big Fish\n|-damage|p1a: Big Fish|46\/100\n|\n|-heal|p1a: Big Fish|52\/100|[from] item: Leftovers\n|upkeep\n|turn|38\n|\n|t:|1700701130\n|move|p1a: Big Fish|Rest|p1a: Big Fish\n|-status|p1a: Big Fish|slp|[from] move: Rest\n|-heal|p1a: Big Fish|100\/100 slp|[silent]\n|move|p2a: Gerald|Earthquake|p1a: Big Fish\n|-damage|p1a: Big Fish|88\/100 slp\n|\n|-heal|p1a: Big Fish|94\/100 slp|[from] item: Leftovers\n|upkeep\n|turn|39\n|\n|t:|1700701138\n|switch|p2a: HeLovesCastingHex|Gengar, F|1\/100\n|cant|p1a: Big Fish|slp\n|move|p1a: Big Fish|Sleep Talk|p1a: Big Fish\n|move|p1a: Big Fish|Rest||[from]move: Sleep Talk|[still]\n|-fail|p1a: Big Fish\n|\n|-heal|p1a: Big Fish|99\/100 slp|[from] item: Leftovers\n|upkeep\n|turn|40\n|\n|t:|1700701146\n|move|p2a: HeLovesCastingHex|Thunderbolt|p1a: Big Fish\n|-supereffective|p1a: Big Fish\n|-damage|p1a: Big Fish|36\/100 slp\n|cant|p1a: Big Fish|slp\n|move|p1a: Big Fish|Sleep Talk|p1a: Big Fish\n|move|p1a: Big Fish|Body Press|p2a: HeLovesCastingHex|[from]move: Sleep Talk\n|-immune|p2a: HeLovesCastingHex\n|\n|-heal|p1a: Big Fish|42\/100 slp|[from] item: Leftovers\n|upkeep\n|turn|41\n|\n|t:|1700701158\n|move|p2a: HeLovesCastingHex|Thunderbolt|p1a: Big Fish\n|-supereffective|p1a: Big Fish\n|-damage|p1a: Big Fish|0 fnt\n|faint|p1a: Big Fish\n|\n|win|Galio is OU\n|c|\u2606Galio is OU|gg\n|c|\u2606holmeslice|gg\n","uploadtime":1700701164,"views":17,"p1id":"holmeslice","p2id":"galioisou","formatid":"gen9ou","rating":0,"private":0,"password":""}