{"id":"gen9ou-1992552628","p1":"ratatta17","p2":"KC177","format":"[Gen 9] OU","log":"|j|\u2606ratatta17\n|j|\u2606KC177\n|t:|1700204448\n|gametype|singles\n|player|p1|ratatta17|169|1499\n|player|p2|KC177|palmer|1574\n|teamsize|p1|6\n|teamsize|p2|6\n|gen|9\n|tier|[Gen 9] OU\n|rated|\n|rule|Sleep Clause Mod: Limit one foe put to sleep\n|rule|Species Clause: Limit one of each Pok\u00e9mon\n|rule|OHKO Clause: OHKO moves are banned\n|rule|Evasion Items Clause: Evasion items are banned\n|rule|Evasion Moves Clause: Evasion moves are banned\n|rule|Endless Battle Clause: Forcing endless battles is banned\n|rule|HP Percentage Mod: HP is shown in percentages\n|clearpoke\n|poke|p1|Azumarill, F|\n|poke|p1|Staraptor, M|\n|poke|p1|Toedscruel, M|\n|poke|p1|Skeledirge, F|\n|poke|p1|Ninetales-Alola, F|\n|poke|p1|Iron Valiant|\n|poke|p2|Walking Wake|\n|poke|p2|Iron Moth|\n|poke|p2|Zamazenta-*|\n|poke|p2|Maushold-Four|\n|poke|p2|Dragonite, M|\n|poke|p2|Kingambit, M|\n|teampreview\n|\n|t:|1700204457\n|start\n|switch|p1a: Staraptor|Staraptor, M|100\/100\n|switch|p2a: Iron Moth|Iron Moth|100\/100\n|-ability|p1a: Staraptor|Intimidate|boost\n|-unboost|p2a: Iron Moth|atk|1\n|-enditem|p2a: Iron Moth|Booster Energy\n|-activate|p2a: Iron Moth|ability: Quark Drive|[fromitem]\n|-start|p2a: Iron Moth|quarkdrivespe\n|turn|1\n|\n|t:|1700204478\n|-end|p2a: Iron Moth|Quark Drive|[silent]\n|switch|p2a: Maushold|Maushold-Four|100\/100\n|switch|p1a: Skeledirge|Skeledirge, F|100\/100\n|\n|upkeep\n|turn|2\n|\n|t:|1700204497\n|switch|p2a: Walking Wake|Walking Wake|100\/100\n|-enditem|p2a: Walking Wake|Booster Energy\n|-activate|p2a: Walking Wake|ability: Protosynthesis|[fromitem]\n|-start|p2a: Walking Wake|protosynthesisspa\n|move|p1a: Skeledirge|Will-O-Wisp|p2a: Walking Wake\n|-status|p2a: Walking Wake|brn\n|\n|-damage|p2a: Walking Wake|94\/100 brn|[from] brn\n|upkeep\n|turn|3\n|\n|t:|1700204511\n|switch|p1a: Toedscruel|Toedscruel, M|100\/100\n|move|p2a: Walking Wake|Hydro Pump|p1a: Toedscruel\n|-damage|p1a: Toedscruel|34\/100\n|\n|-heal|p1a: Toedscruel|40\/100|[from] item: Leftovers\n|-damage|p2a: Walking Wake|88\/100 brn|[from] brn\n|upkeep\n|turn|4\n|\n|t:|1700204518\n|move|p2a: Walking Wake|Dragon Pulse|p1a: Toedscruel\n|-damage|p1a: Toedscruel|0 fnt\n|faint|p1a: Toedscruel\n|\n|-damage|p2a: Walking Wake|82\/100 brn|[from] brn\n|upkeep\n|inactive|Battle timer is ON: inactive players will automatically lose when time's up. (requested by KC177)\n|inactive|ratatta17 has 120 seconds left.\n|\n|t:|1700204583\n|switch|p1a: Staraptor|Staraptor, M|100\/100\n|-ability|p1a: Staraptor|Intimidate|boost\n|-unboost|p2a: Walking Wake|atk|1\n|turn|5\n|\n|t:|1700204589\n|move|p1a: Staraptor|Final Gambit|p2a: Walking Wake\n|-damage|p2a: Walking Wake|0 fnt\n|faint|p1a: Staraptor\n|faint|p2a: Walking Wake\n|-end|p2a: Walking Wake|Protosynthesis|[silent]\n|\n|upkeep\n|\n|t:|1700204603\n|switch|p1a: Ninetales|Ninetales-Alola, F|100\/100\n|switch|p2a: Zamazenta|Zamazenta|100\/100\n|-ability|p2a: Zamazenta|Dauntless Shield|boost\n|-boost|p2a: Zamazenta|def|1\n|-weather|Snow|[from] ability: Snow Warning|[of] p1a: Ninetales\n|turn|6\n|\n|t:|1700204609\n|move|p2a: Zamazenta|Iron Defense|p2a: Zamazenta\n|-boost|p2a: Zamazenta|def|2\n|move|p1a: Ninetales|Aurora Veil|p1a: Ninetales\n|-sidestart|p1: ratatta17|move: Aurora Veil\n|\n|-weather|Snow|[upkeep]\n|upkeep\n|turn|7\n|\n|t:|1700204614\n|switch|p1a: Skeledirge|Skeledirge, F|100\/100\n|move|p2a: Zamazenta|Body Press|p1a: Skeledirge\n|-immune|p1a: Skeledirge\n|\n|-weather|Snow|[upkeep]\n|upkeep\n|turn|8\n|\n|t:|1700204618\n|move|p2a: Zamazenta|Substitute|p2a: Zamazenta\n|-start|p2a: Zamazenta|Substitute\n|-damage|p2a: Zamazenta|76\/100\n|move|p1a: Skeledirge|Will-O-Wisp|p2a: Zamazenta|[miss]\n|-miss|p1a: Skeledirge|p2a: Zamazenta\n|\n|-weather|Snow|[upkeep]\n|-heal|p2a: Zamazenta|82\/100|[from] item: Leftovers\n|upkeep\n|turn|9\n|\n|t:|1700204623\n|move|p2a: Zamazenta|Crunch|p1a: Skeledirge\n|-supereffective|p1a: Skeledirge\n|-damage|p1a: Skeledirge|77\/100\n|move|p1a: Skeledirge|Torch Song|p2a: Zamazenta\n|-damage|p2a: Zamazenta|58\/100\n|-boost|p1a: Skeledirge|spa|1\n|\n|-weather|Snow|[upkeep]\n|-heal|p2a: Zamazenta|64\/100|[from] item: Leftovers\n|-heal|p1a: Skeledirge|83\/100|[from] item: Leftovers\n|upkeep\n|turn|10\n|c|\u2606KC177|how\n|\n|t:|1700204639\n|move|p2a: Zamazenta|Crunch|p1a: Skeledirge\n|-supereffective|p1a: Skeledirge\n|-damage|p1a: Skeledirge|60\/100\n|move|p1a: Skeledirge|Torch Song|p2a: Zamazenta\n|-damage|p2a: Zamazenta|24\/100\n|-boost|p1a: Skeledirge|spa|1\n|\n|-weather|none\n|-heal|p2a: Zamazenta|30\/100|[from] item: Leftovers\n|-heal|p1a: Skeledirge|66\/100|[from] item: Leftovers\n|upkeep\n|turn|11\n|\n|t:|1700204655\n|move|p2a: Zamazenta|Crunch|p1a: Skeledirge\n|-supereffective|p1a: Skeledirge\n|-damage|p1a: Skeledirge|43\/100\n|-unboost|p1a: Skeledirge|def|1\n|move|p1a: Skeledirge|Slack Off|p1a: Skeledirge\n|-heal|p1a: Skeledirge|93\/100\n|\n|-heal|p2a: Zamazenta|36\/100|[from] item: Leftovers\n|-heal|p1a: Skeledirge|99\/100|[from] item: Leftovers\n|upkeep\n|turn|12\n|inactive|ratatta17 has 120 seconds left.\n|\n|t:|1700204689\n|move|p2a: Zamazenta|Crunch|p1a: Skeledirge\n|-supereffective|p1a: Skeledirge\n|-damage|p1a: Skeledirge|64\/100\n|move|p1a: Skeledirge|Torch Song|p2a: Zamazenta\n|-damage|p2a: Zamazenta|0 fnt\n|-boost|p1a: Skeledirge|spa|1\n|faint|p2a: Zamazenta\n|\n|-heal|p1a: Skeledirge|70\/100|[from] item: Leftovers\n|upkeep\n|inactive|KC177 has 120 seconds left.\n|\n|t:|1700204715\n|switch|p2a: Kingambit|Kingambit, M|100\/100\n|-activate|p2a: Kingambit|ability: Supreme Overlord\n|-start|p2a: Kingambit|fallen2|[silent]\n|turn|13\n|\n|t:|1700204723\n|move|p2a: Kingambit|Kowtow Cleave|p1a: Skeledirge\n|-supereffective|p1a: Skeledirge\n|-damage|p1a: Skeledirge|2\/100\n|move|p1a: Skeledirge|Will-O-Wisp|p2a: Kingambit\n|-status|p2a: Kingambit|brn\n|-enditem|p2a: Kingambit|Lum Berry|[eat]\n|-curestatus|p2a: Kingambit|brn|[msg]\n|\n|-heal|p1a: Skeledirge|9\/100|[from] item: Leftovers\n|-sideend|p1: ratatta17|move: Aurora Veil\n|upkeep\n|turn|14\n|inactive|ratatta17 has 120 seconds left.\n|\n|t:|1700204746\n|move|p2a: Kingambit|Iron Head|p1a: Skeledirge\n|-resisted|p1a: Skeledirge\n|-damage|p1a: Skeledirge|0 fnt\n|faint|p1a: Skeledirge\n|\n|upkeep\n|inactive|ratatta17 has 120 seconds left.\n|\n|t:|1700204757\n|switch|p1a: Iron Valiant|Iron Valiant|100\/100\n|turn|15\n|\n|t:|1700204768\n|-terastallize|p2a: Kingambit|Dark\n|move|p1a: Iron Valiant|Thunderbolt|p2a: Kingambit\n|-damage|p2a: Kingambit|52\/100\n|-damage|p1a: Iron Valiant|91\/100|[from] item: Life Orb\n|move|p2a: Kingambit|Iron Head|p1a: Iron Valiant\n|-supereffective|p1a: Iron Valiant\n|-damage|p1a: Iron Valiant|0 fnt\n|faint|p1a: Iron Valiant\n|-end|p1a: Iron Valiant|Quark Drive|[silent]\n|\n|upkeep\n|inactive|ratatta17 has 120 seconds left.\n|\n|t:|1700204782\n|switch|p1a: Ninetales|Ninetales-Alola, F|100\/100\n|-weather|Snow|[from] ability: Snow Warning|[of] p1a: Ninetales\n|turn|16\n|\n|t:|1700204787\n|move|p1a: Ninetales|Aurora Veil|p1a: Ninetales\n|-sidestart|p1: ratatta17|move: Aurora Veil\n|move|p2a: Kingambit|Kowtow Cleave|p1a: Ninetales\n|-resisted|p1a: Ninetales\n|-damage|p1a: Ninetales|85\/100\n|\n|-weather|Snow|[upkeep]\n|upkeep\n|turn|17\n|c|\u2606KC177|wowwwww\n|\n|t:|1700204793\n|move|p1a: Ninetales|Encore|p2a: Kingambit\n|-start|p2a: Kingambit|Encore\n|move|p2a: Kingambit|Kowtow Cleave|p1a: Ninetales\n|-resisted|p1a: Ninetales\n|-damage|p1a: Ninetales|68\/100\n|\n|-weather|Snow|[upkeep]\n|upkeep\n|turn|18\n|\n|t:|1700204798\n|move|p1a: Ninetales|Freeze-Dry|p2a: Kingambit\n|-damage|p2a: Kingambit|29\/100\n|move|p2a: Kingambit|Kowtow Cleave|p1a: Ninetales\n|-resisted|p1a: Ninetales\n|-damage|p1a: Ninetales|52\/100\n|\n|-weather|Snow|[upkeep]\n|upkeep\n|turn|19\n|c|\u2606KC177|sum bullshit\n|\n|t:|1700204814\n|move|p1a: Ninetales|Freeze-Dry|p2a: Kingambit\n|-damage|p2a: Kingambit|7\/100\n|move|p2a: Kingambit|Kowtow Cleave|p1a: Ninetales\n|-resisted|p1a: Ninetales\n|-damage|p1a: Ninetales|35\/100\n|\n|-weather|Snow|[upkeep]\n|-end|p2a: Kingambit|Encore\n|upkeep\n|turn|20\n|\n|t:|1700204827\n|move|p2a: Kingambit|Sucker Punch|p1a: Ninetales\n|-resisted|p1a: Ninetales\n|-damage|p1a: Ninetales|21\/100\n|move|p1a: Ninetales|Freeze-Dry|p2a: Kingambit\n|-damage|p2a: Kingambit|0 fnt\n|faint|p2a: Kingambit\n|-end|p2a: Kingambit|fallen2|[silent]\n|\n|-weather|none\n|upkeep\n|\n|t:|1700204836\n|switch|p2a: Maushold|Maushold-Four|100\/100\n|turn|21\n|\n|t:|1700204849\n|move|p2a: Maushold|Encore|p1a: Ninetales\n|-start|p1a: Ninetales|Encore\n|move|p1a: Ninetales|Freeze-Dry|p2a: Maushold\n|-damage|p2a: Maushold|67\/100\n|\n|upkeep\n|turn|22\n|\n|t:|1700204855\n|move|p2a: Maushold|Tidy Up|p2a: Maushold\n|-boost|p2a: Maushold|atk|1\n|-boost|p2a: Maushold|spe|1\n|move|p1a: Ninetales|Freeze-Dry|p2a: Maushold\n|-damage|p2a: Maushold|39\/100\n|-status|p2a: Maushold|frz\n|\n|upkeep\n|turn|23\n|\n|t:|1700204864\n|switch|p2a: Dragonite|Dragonite, M|100\/100\n|move|p1a: Ninetales|Freeze-Dry|p2a: Dragonite\n|-supereffective|p2a: Dragonite\n|-damage|p2a: Dragonite|56\/100\n|\n|-end|p1a: Ninetales|Encore\n|-sideend|p1: ratatta17|move: Aurora Veil\n|upkeep\n|turn|24\n|\n|t:|1700204871\n|move|p2a: Dragonite|Extreme Speed|p1a: Ninetales\n|-damage|p1a: Ninetales|0 fnt\n|faint|p1a: Ninetales\n|\n|upkeep\n|\n|t:|1700204874\n|switch|p1a: Azumarill|Azumarill, F|100\/100\n|turn|25\n|\n|t:|1700204878\n|move|p2a: Dragonite|Earthquake|p1a: Azumarill\n|-damage|p1a: Azumarill|63\/100\n|move|p1a: Azumarill|Play Rough|p2a: Dragonite\n|-supereffective|p2a: Dragonite\n|-damage|p2a: Dragonite|0 fnt\n|faint|p2a: Dragonite\n|\n|upkeep\n|\n|t:|1700204885\n|switch|p2a: Iron Moth|Iron Moth|100\/100\n|turn|26\n|c|\u2606KC177|gg\n|\n|t:|1700204890\n|-terastallize|p1a: Azumarill|Steel\n|move|p2a: Iron Moth|Sludge Wave|p1a: Azumarill\n|-immune|p1a: Azumarill\n|move|p1a: Azumarill|Belly Drum|p1a: Azumarill\n|-damage|p1a: Azumarill|13\/100\n|-setboost|p1a: Azumarill|atk|6|[from] move: Belly Drum\n|-enditem|p1a: Azumarill|Sitrus Berry|[eat]\n|-heal|p1a: Azumarill|38\/100|[from] item: Sitrus Berry\n|\n|upkeep\n|turn|27\n|\n|t:|1700204894\n|move|p1a: Azumarill|Aqua Jet|p2a: Iron Moth\n|-supereffective|p2a: Iron Moth\n|-damage|p2a: Iron Moth|0 fnt\n|faint|p2a: Iron Moth\n|-end|p2a: Iron Moth|Quark Drive|[silent]\n|\n|upkeep\n|-message|KC177 forfeited.\n|\n|win|ratatta17\n|raw|ratatta17's rating: 1499 &rarr; <strong>1523<\/strong><br \/>(+24 for winning)\n|raw|KC177's rating: 1574 &rarr; <strong>1550<\/strong><br \/>(-24 for losing)\n|l|\u2606KC177\n|c|\u2606ratatta17|gg\n","uploadtime":1700205069,"views":9,"p1id":"ratatta17","p2id":"kc177","formatid":"gen9ou","rating":1523,"private":0,"password":""}