{"id":"gen9ou-1990891249","p1":"plsdontbemeantome","p2":"vitozz","format":"[Gen 9] OU","log":"|j|\u2606plsdontbemeantome\n|j|\u2606vitozz\n|t:|1700011988\n|gametype|singles\n|player|p1|plsdontbemeantome|az|1036\n|player|p2|vitozz|101|1028\n|teamsize|p1|6\n|teamsize|p2|6\n|gen|9\n|tier|[Gen 9] OU\n|rated|\n|rule|Sleep Clause Mod: Limit one foe put to sleep\n|rule|Species Clause: Limit one of each Pok\u00e9mon\n|rule|OHKO Clause: OHKO moves are banned\n|rule|Evasion Items Clause: Evasion items are banned\n|rule|Evasion Moves Clause: Evasion moves are banned\n|rule|Endless Battle Clause: Forcing endless battles is banned\n|rule|HP Percentage Mod: HP is shown in percentages\n|clearpoke\n|poke|p1|Pelipper, F|\n|poke|p1|Greninja-*, M|\n|poke|p1|Floatzel, M|\n|poke|p1|Corviknight, M|\n|poke|p1|Quaquaval, M|\n|poke|p1|Manaphy|\n|poke|p2|Umbreon, F|\n|poke|p2|Scizor, M|\n|poke|p2|Rillaboom, M|\n|poke|p2|Polteageist-Antique|\n|poke|p2|Glimmora, F|\n|poke|p2|Greninja-*, M|\n|teampreview\n|inactive|Battle timer is ON: inactive players will automatically lose when time's up. (requested by vitozz)\n|\n|t:|1700011997\n|start\n|switch|p1a: Pelipper|Pelipper, F|100\/100\n|switch|p2a: Glimmora|Glimmora, F|100\/100\n|-weather|RainDance|[from] ability: Drizzle|[of] p1a: Pelipper\n|turn|1\n|\n|t:|1700012014\n|move|p2a: Glimmora|Stealth Rock|p1a: Pelipper\n|-sidestart|p1: plsdontbemeantome|move: Stealth Rock\n|move|p1a: Pelipper|Surf|p2a: Glimmora\n|-supereffective|p2a: Glimmora\n|-crit|p2a: Glimmora\n|-enditem|p2a: Glimmora|Focus Sash\n|-damage|p2a: Glimmora|1\/100\n|\n|-weather|RainDance|[upkeep]\n|upkeep\n|turn|2\n|\n|t:|1700012025\n|move|p2a: Glimmora|Sludge Wave|p1a: Pelipper\n|-damage|p1a: Pelipper|29\/100\n|move|p1a: Pelipper|Hurricane|p2a: Glimmora\n|-resisted|p2a: Glimmora\n|-damage|p2a: Glimmora|0 fnt\n|faint|p2a: Glimmora\n|\n|-weather|RainDance|[upkeep]\n|upkeep\n|\n|t:|1700012037\n|switch|p2a: Scizor|Scizor, M|100\/100\n|turn|3\n|\n|t:|1700012051\n|switch|p1a: Corviknight|Corviknight, M|100\/100\n|-damage|p1a: Corviknight|88\/100|[from] Stealth Rock\n|-ability|p1a: Corviknight|Pressure\n|move|p2a: Scizor|Bullet Punch|p1a: Corviknight\n|-resisted|p1a: Corviknight\n|-damage|p1a: Corviknight|70\/100\n|-damage|p2a: Scizor|84\/100|[from] item: Rocky Helmet|[of] p1a: Corviknight\n|-damage|p2a: Scizor|74\/100|[from] item: Life Orb\n|\n|-weather|RainDance|[upkeep]\n|upkeep\n|turn|4\n|\n|t:|1700012062\n|move|p2a: Scizor|X-Scissor|p1a: Corviknight\n|-resisted|p1a: Corviknight\n|-damage|p1a: Corviknight|58\/100\n|-damage|p2a: Scizor|58\/100|[from] item: Rocky Helmet|[of] p1a: Corviknight\n|-damage|p2a: Scizor|48\/100|[from] item: Life Orb\n|move|p1a: Corviknight|Defog|p2a: Scizor\n|-unboost|p2a: Scizor|evasion|1\n|-sideend|p1: plsdontbemeantome|Stealth Rock|[from] move: Defog|[of] p1a: Corviknight\n|\n|-weather|RainDance|[upkeep]\n|upkeep\n|turn|5\n|\n|t:|1700012072\n|move|p2a: Scizor|Bullet Punch|p1a: Corviknight\n|-resisted|p1a: Corviknight\n|-damage|p1a: Corviknight|41\/100\n|-damage|p2a: Scizor|31\/100|[from] item: Rocky Helmet|[of] p1a: Corviknight\n|-damage|p2a: Scizor|21\/100|[from] item: Life Orb\n|move|p1a: Corviknight|Roost|p1a: Corviknight\n|-heal|p1a: Corviknight|91\/100\n|-singleturn|p1a: Corviknight|move: Roost\n|\n|-weather|RainDance|[upkeep]\n|upkeep\n|turn|6\n|\n|t:|1700012088\n|move|p2a: Scizor|Bullet Punch|p1a: Corviknight\n|-resisted|p1a: Corviknight\n|-damage|p1a: Corviknight|73\/100\n|-damage|p2a: Scizor|5\/100|[from] item: Rocky Helmet|[of] p1a: Corviknight\n|-damage|p2a: Scizor|0 fnt|[from] item: Life Orb\n|faint|p2a: Scizor\n|move|p1a: Corviknight|U-turn|p2: Scizor|[notarget]\n|-fail|p1a: Corviknight\n|\n|-weather|RainDance|[upkeep]\n|upkeep\n|\n|t:|1700012099\n|switch|p2a: Polteageist|Polteageist-Antique|100\/100\n|turn|7\n|\n|t:|1700012110\n|move|p2a: Polteageist|Shell Smash|p2a: Polteageist\n|-unboost|p2a: Polteageist|def|1\n|-unboost|p2a: Polteageist|spd|1\n|-boost|p2a: Polteageist|atk|2\n|-boost|p2a: Polteageist|spa|2\n|-boost|p2a: Polteageist|spe|2\n|-enditem|p2a: Polteageist|White Herb\n|-clearnegativeboost|p2a: Polteageist|[silent]\n|move|p1a: Corviknight|Brave Bird|p2a: Polteageist\n|-damage|p2a: Polteageist|33\/100\n|-damage|p1a: Corviknight|59\/100|[from] Recoil\n|\n|-weather|RainDance|[upkeep]\n|upkeep\n|turn|8\n|\n|t:|1700012123\n|move|p2a: Polteageist|Shadow Ball|p1a: Corviknight\n|-damage|p1a: Corviknight|0 fnt\n|faint|p1a: Corviknight\n|\n|-weather|none\n|upkeep\n|\n|t:|1700012138\n|switch|p1a: Pelipper|Pelipper, F|29\/100\n|-weather|RainDance|[from] ability: Drizzle|[of] p1a: Pelipper\n|turn|9\n|\n|t:|1700012144\n|move|p2a: Polteageist|Giga Drain|p1a: Pelipper\n|-damage|p1a: Pelipper|0 fnt\n|-heal|p2a: Polteageist|50\/100|[from] drain|[of] p1a: Pelipper\n|faint|p1a: Pelipper\n|\n|-weather|RainDance|[upkeep]\n|upkeep\n|\n|t:|1700012149\n|switch|p1a: Floatzel|Floatzel, M|100\/100\n|turn|10\n|\n|t:|1700012153\n|move|p1a: Floatzel|Wave Crash|p2a: Polteageist\n|-damage|p2a: Polteageist|0 fnt\n|faint|p2a: Polteageist\n|-damage|p1a: Floatzel|86\/100|[from] Recoil\n|\n|-weather|RainDance|[upkeep]\n|upkeep\n|\n|t:|1700012159\n|switch|p2a: Rillaboom|Rillaboom, M|100\/100\n|-fieldstart|move: Grassy Terrain|[from] ability: Grassy Surge|[of] p2a: Rillaboom\n|turn|11\n|\n|t:|1700012168\n|-terastallize|p2a: Rillaboom|Grass\n|move|p2a: Rillaboom|Grassy Glide|p1a: Floatzel\n|-supereffective|p1a: Floatzel\n|-damage|p1a: Floatzel|0 fnt\n|faint|p1a: Floatzel\n|-damage|p2a: Rillaboom|91\/100|[from] item: Life Orb\n|\n|-weather|RainDance|[upkeep]\n|-heal|p2a: Rillaboom|97\/100|[from] Grassy Terrain\n|upkeep\n|\n|t:|1700012184\n|switch|p1a: Quaquaval|Quaquaval, M|100\/100\n|turn|12\n|\n|t:|1700012199\n|-terastallize|p1a: Quaquaval|Flying\n|move|p2a: Rillaboom|Grassy Glide|p1a: Quaquaval\n|-resisted|p1a: Quaquaval\n|-damage|p1a: Quaquaval|61\/100\n|-damage|p2a: Rillaboom|87\/100|[from] item: Life Orb\n|move|p1a: Quaquaval|Brave Bird|p2a: Rillaboom\n|-supereffective|p2a: Rillaboom\n|-damage|p2a: Rillaboom|0 fnt\n|faint|p2a: Rillaboom\n|-ability|p1a: Quaquaval|Moxie|boost\n|-boost|p1a: Quaquaval|atk|1\n|-damage|p1a: Quaquaval|30\/100|[from] Recoil\n|\n|-weather|RainDance|[upkeep]\n|upkeep\n|\n|t:|1700012217\n|switch|p2a: Greninja|Greninja, M|100\/100\n|turn|13\n|\n|t:|1700012221\n|move|p2a: Greninja|Water Shuriken|p1a: Quaquaval\n|-damage|p1a: Quaquaval|12\/100\n|-damage|p1a: Quaquaval|0 fnt\n|faint|p1a: Quaquaval\n|-ability|p2a: Greninja|Battle Bond|boost\n|-boost|p2a: Greninja|atk|1\n|-boost|p2a: Greninja|spa|1\n|-boost|p2a: Greninja|spe|1\n|-activate|p2a: Greninja|ability: Battle Bond\n|-hitcount|p1: Quaquaval|2\n|-damage|p2a: Greninja|91\/100|[from] item: Life Orb\n|\n|-weather|RainDance|[upkeep]\n|-heal|p2a: Greninja|97\/100|[from] Grassy Terrain\n|upkeep\n|\n|t:|1700012232\n|switch|p1a: Greninja|Greninja, M|100\/100\n|turn|14\n|\n|t:|1700012238\n|move|p2a: Greninja|Water Shuriken|p1a: Greninja\n|-resisted|p1a: Greninja\n|-damage|p1a: Greninja|85\/100\n|-resisted|p1a: Greninja\n|-damage|p1a: Greninja|70\/100\n|-resisted|p1a: Greninja\n|-damage|p1a: Greninja|53\/100\n|-hitcount|p1a: Greninja|3\n|-damage|p2a: Greninja|87\/100|[from] item: Life Orb\n|move|p1a: Greninja|Grass Knot|p2a: Greninja\n|-supereffective|p2a: Greninja\n|-damage|p2a: Greninja|0 fnt\n|faint|p2a: Greninja\n|-ability|p1a: Greninja|Battle Bond|boost\n|-boost|p1a: Greninja|atk|1\n|-boost|p1a: Greninja|spa|1\n|-boost|p1a: Greninja|spe|1\n|-activate|p1a: Greninja|ability: Battle Bond\n|-damage|p1a: Greninja|43\/100|[from] item: Life Orb\n|\n|-weather|RainDance|[upkeep]\n|-heal|p1a: Greninja|49\/100|[from] Grassy Terrain\n|upkeep\n|\n|t:|1700012251\n|switch|p2a: Umbreon|Umbreon, F|100\/100\n|turn|15\n|\n|t:|1700012261\n|move|p1a: Greninja|Hydro Pump|p2a: Umbreon|[miss]\n|-miss|p1a: Greninja|p2a: Umbreon\n|move|p2a: Umbreon|Toxic|p1a: Greninja\n|-status|p1a: Greninja|tox\n|\n|-weather|RainDance|[upkeep]\n|-heal|p1a: Greninja|55\/100 tox|[from] Grassy Terrain\n|-damage|p1a: Greninja|49\/100 tox|[from] psn\n|-fieldend|move: Grassy Terrain\n|upkeep\n|turn|16\n|\n|t:|1700012272\n|move|p2a: Umbreon|Protect|p2a: Umbreon\n|-singleturn|p2a: Umbreon|Protect\n|move|p1a: Greninja|Hydro Pump|p2a: Umbreon\n|-activate|p2a: Umbreon|move: Protect\n|\n|-weather|none\n|-damage|p1a: Greninja|37\/100 tox|[from] psn\n|upkeep\n|turn|17\n|\n|t:|1700012280\n|move|p1a: Greninja|Hydro Pump|p2a: Umbreon|[miss]\n|-miss|p1a: Greninja|p2a: Umbreon\n|move|p2a: Umbreon|Wish|p2a: Umbreon\n|\n|-damage|p1a: Greninja|19\/100 tox|[from] psn\n|upkeep\n|turn|18\n|\n|t:|1700012286\n|move|p2a: Umbreon|Protect|p2a: Umbreon\n|-singleturn|p2a: Umbreon|Protect\n|move|p1a: Greninja|Ice Beam|p2a: Umbreon\n|-activate|p2a: Umbreon|move: Protect\n|\n|-damage|p1a: Greninja|0 fnt|[from] psn\n|faint|p1a: Greninja\n|upkeep\n|\n|t:|1700012289\n|switch|p1a: Manaphy|Manaphy|100\/100\n|turn|19\n|\n|t:|1700012297\n|move|p1a: Manaphy|Tail Glow|p1a: Manaphy\n|-boost|p1a: Manaphy|spa|3\n|move|p2a: Umbreon|Toxic|p1a: Manaphy\n|-status|p1a: Manaphy|tox\n|\n|-damage|p1a: Manaphy|94\/100 tox|[from] psn\n|upkeep\n|turn|20\n|\n|t:|1700012305\n|move|p1a: Manaphy|Tail Glow|p1a: Manaphy\n|-boost|p1a: Manaphy|spa|3\n|move|p2a: Umbreon|Foul Play|p1a: Manaphy\n|-damage|p1a: Manaphy|74\/100 tox\n|\n|-damage|p1a: Manaphy|62\/100 tox|[from] psn\n|upkeep\n|turn|21\n|\n|t:|1700012315\n|move|p1a: Manaphy|Scald||[still]\n|-damage|p2a: Umbreon|28\/100\n|-status|p2a: Umbreon|brn\n|-activate|p2a: Umbreon|ability: Synchronize\n|-fail|p2a: Umbreon\n|move|p2a: Umbreon|Wish|p2a: Umbreon\n|\n|-heal|p2a: Umbreon|34\/100 brn|[from] item: Leftovers\n|-damage|p1a: Manaphy|43\/100 tox|[from] psn\n|-damage|p2a: Umbreon|28\/100 brn|[from] brn\n|upkeep\n|turn|22\n|\n|t:|1700012323\n|move|p2a: Umbreon|Protect|p2a: Umbreon\n|-singleturn|p2a: Umbreon|Protect\n|move|p1a: Manaphy|Rest|p1a: Manaphy\n|-status|p1a: Manaphy|slp|[from] move: Rest\n|-heal|p1a: Manaphy|100\/100 slp|[silent]\n|\n|-heal|p2a: Umbreon|78\/100 brn|[from] move: Wish|[wisher] Umbreon\n|-heal|p2a: Umbreon|84\/100 brn|[from] item: Leftovers\n|-damage|p2a: Umbreon|78\/100 brn|[from] brn\n|upkeep\n|turn|23\n|\n|t:|1700012349\n|cant|p1a: Manaphy|slp\n|move|p2a: Umbreon|Foul Play|p1a: Manaphy\n|-damage|p1a: Manaphy|90\/100 slp\n|\n|-heal|p2a: Umbreon|84\/100 brn|[from] item: Leftovers\n|-damage|p2a: Umbreon|78\/100 brn|[from] brn\n|upkeep\n|turn|24\n|\n|t:|1700012357\n|cant|p1a: Manaphy|slp\n|move|p2a: Umbreon|Wish|p2a: Umbreon\n|\n|-heal|p2a: Umbreon|84\/100 brn|[from] item: Leftovers\n|-damage|p2a: Umbreon|78\/100 brn|[from] brn\n|upkeep\n|turn|25\n|\n|t:|1700012365\n|-curestatus|p1a: Manaphy|slp|[msg]\n|move|p1a: Manaphy|Ice Beam|p2a: Umbreon\n|-damage|p2a: Umbreon|22\/100 brn\n|move|p2a: Umbreon|Toxic|p1a: Manaphy\n|-status|p1a: Manaphy|tox\n|\n|-heal|p2a: Umbreon|72\/100 brn|[from] move: Wish|[wisher] Umbreon\n|-heal|p2a: Umbreon|78\/100 brn|[from] item: Leftovers\n|-damage|p1a: Manaphy|84\/100 tox|[from] psn\n|-damage|p2a: Umbreon|72\/100 brn|[from] brn\n|upkeep\n|turn|26\n|\n|t:|1700012373\n|move|p1a: Manaphy|Scald|p2a: Umbreon\n|-damage|p2a: Umbreon|0 fnt\n|faint|p2a: Umbreon\n|\n|win|plsdontbemeantome\n|raw|plsdontbemeantome's rating: 1036 &rarr; <strong>1070<\/strong><br \/>(+34 for winning)\n|raw|vitozz's rating: 1028 &rarr; <strong>1014<\/strong><br \/>(-14 for losing)\n|l|\u2606vitozz\n","uploadtime":1700012382,"views":25,"p1id":"plsdontbemeantome","p2id":"vitozz","formatid":"gen9ou","rating":1014,"private":0,"password":""}