{"id":"gen9ou-1994135346","p1":"outdated ahh team","p2":"the cringelord zbz","format":"[Gen 9] OU","log":"|j|\u2606outdated ahh team\n|j|\u2606the cringelord zbz\n|t:|1700411046\n|gametype|singles\n|player|p1|outdated ahh team|bruno-gen2|1517\n|player|p2|the cringelord zbz|guzma|1577\n|teamsize|p1|6\n|teamsize|p2|6\n|gen|9\n|tier|[Gen 9] OU\n|rated|\n|rule|Sleep Clause Mod: Limit one foe put to sleep\n|rule|Species Clause: Limit one of each Pok\u00e9mon\n|rule|OHKO Clause: OHKO moves are banned\n|rule|Evasion Items Clause: Evasion items are banned\n|rule|Evasion Moves Clause: Evasion moves are banned\n|rule|Endless Battle Clause: Forcing endless battles is banned\n|rule|HP Percentage Mod: HP is shown in percentages\n|clearpoke\n|poke|p1|Dragonite, F|\n|poke|p1|Gholdengo|\n|poke|p1|Samurott-Hisui, M|\n|poke|p1|Enamorus, F|\n|poke|p1|Slowking-Galar, M|\n|poke|p1|Great Tusk|\n|poke|p2|Iron Valiant|\n|poke|p2|Hatterene, F|\n|poke|p2|Ceruledge, F|\n|poke|p2|Garganacl, F|\n|poke|p2|Kingambit, M|\n|poke|p2|Ursaluna, F|\n|teampreview\n|inactive|Battle timer is ON: inactive players will automatically lose when time's up. (requested by outdated ahh team)\n|\n|t:|1700411060\n|start\n|switch|p1a: Champloo|Samurott-Hisui, M|100\/100\n|switch|p2a: Ceruledge|Ceruledge, F|100\/100\n|turn|1\n|\n|t:|1700411081\n|move|p1a: Champloo|Ceaseless Edge|p2a: Ceruledge\n|-supereffective|p2a: Ceruledge\n|-enditem|p2a: Ceruledge|Focus Sash\n|-damage|p2a: Ceruledge|1\/100\n|-ability|p2a: Ceruledge|Weak Armor|boost\n|-unboost|p2a: Ceruledge|def|1\n|-boost|p2a: Ceruledge|spe|2\n|-sidestart|p2: the cringelord zbz|Spikes\n|move|p2a: Ceruledge|Destiny Bond|p2a: Ceruledge\n|-singlemove|p2a: Ceruledge|Destiny Bond\n|\n|upkeep\n|turn|2\n|\n|t:|1700411097\n|move|p1a: Champloo|Aqua Jet|p2a: Ceruledge\n|-supereffective|p2a: Ceruledge\n|-crit|p2a: Ceruledge\n|-damage|p2a: Ceruledge|0 fnt\n|faint|p2a: Ceruledge\n|-activate|p2a: Ceruledge|move: Destiny Bond\n|faint|p1a: Champloo\n|\n|upkeep\n|inactive|the cringelord zbz has 120 seconds left.\n|\n|t:|1700411112\n|switch|p1a: Slowking-Crowned|Slowking-Galar, M|100\/100\n|switch|p2a: Iron Valiant|Iron Valiant|100\/100\n|-damage|p2a: Iron Valiant|88\/100|[from] Spikes\n|-enditem|p2a: Iron Valiant|Booster Energy\n|-activate|p2a: Iron Valiant|ability: Quark Drive|[fromitem]\n|-start|p2a: Iron Valiant|quarkdrivespe\n|turn|3\n|\n|t:|1700411119\n|move|p2a: Iron Valiant|Destiny Bond|p2a: Iron Valiant\n|-singlemove|p2a: Iron Valiant|Destiny Bond\n|move|p1a: Slowking-Crowned|Future Sight|p2a: Iron Valiant\n|-start|p1a: Slowking-Crowned|move: Future Sight\n|\n|upkeep\n|turn|4\n|\n|t:|1700411123\n|move|p2a: Iron Valiant|Knock Off|p1a: Slowking-Crowned\n|-supereffective|p1a: Slowking-Crowned\n|-damage|p1a: Slowking-Crowned|30\/100\n|-enditem|p1a: Slowking-Crowned|Heavy-Duty Boots|[from] move: Knock Off|[of] p2a: Iron Valiant\n|move|p1a: Slowking-Crowned|Chilly Reception|p1a: Slowking-Crowned\n|-weather|Snow\n|\n|t:|1700411129\n|switch|p1a: Boa Hancock\ud83d\udc8b|Enamorus, F|100\/100|[from] Chilly Reception\n|\n|-weather|Snow|[upkeep]\n|upkeep\n|turn|5\n|\n|t:|1700411136\n|-end|p2a: Iron Valiant|Quark Drive|[silent]\n|switch|p2a: Kingambit|Kingambit, M|100\/100\n|-damage|p2a: Kingambit|88\/100|[from] Spikes\n|-activate|p2a: Kingambit|ability: Supreme Overlord\n|-start|p2a: Kingambit|fallen1|[silent]\n|switch|p1a: Slowking-Crowned|Slowking-Galar, M|64\/100\n|\n|-weather|Snow|[upkeep]\n|-end|p2a: Kingambit|move: Future Sight\n|-immune|p2a: Kingambit\n|-heal|p2a: Kingambit|94\/100|[from] item: Leftovers\n|upkeep\n|turn|6\n|\n|t:|1700411143\n|switch|p1a: Tuskuthy the Great|Great Tusk|100\/100\n|move|p2a: Kingambit|Kowtow Cleave|p1a: Tuskuthy the Great\n|-resisted|p1a: Tuskuthy the Great\n|-damage|p1a: Tuskuthy the Great|88\/100\n|\n|-weather|Snow|[upkeep]\n|-heal|p1a: Tuskuthy the Great|94\/100|[from] item: Leftovers\n|-heal|p2a: Kingambit|100\/100|[from] item: Leftovers\n|upkeep\n|turn|7\n|inactive|the cringelord zbz has 120 seconds left.\n|inactive|outdated ahh team has 120 seconds left.\n|inactive|the cringelord zbz has 90 seconds left.\n|\n|t:|1700411207\n|-end|p1a: Tuskuthy the Great|Protosynthesis|[silent]\n|switch|p1a: Boa Hancock\ud83d\udc8b|Enamorus, F|100\/100\n|-end|p2a: Kingambit|fallen1|[silent]\n|switch|p2a: Ursaluna|Ursaluna, F|100\/100\n|-damage|p2a: Ursaluna|88\/100|[from] Spikes\n|\n|-weather|Snow|[upkeep]\n|-status|p2a: Ursaluna|brn|[from] item: Flame Orb\n|upkeep\n|turn|8\n|inactive|outdated ahh team has 120 seconds left.\n|inactive|the cringelord zbz has 90 seconds left.\n|\n|t:|1700411220\n|move|p1a: Boa Hancock\ud83d\udc8b|Moonblast|p2a: Ursaluna\n|-damage|p2a: Ursaluna|40\/100 brn\n|-unboost|p2a: Ursaluna|spa|1\n|move|p2a: Ursaluna|Fire Punch|p1a: Boa Hancock\ud83d\udc8b\n|-damage|p1a: Boa Hancock\ud83d\udc8b|33\/100\n|\n|-weather|none\n|-damage|p2a: Ursaluna|34\/100 brn|[from] brn\n|upkeep\n|turn|9\n|\n|t:|1700411227\n|move|p1a: Boa Hancock\ud83d\udc8b|Moonblast|p2a: Ursaluna\n|-damage|p2a: Ursaluna|0 fnt\n|faint|p2a: Ursaluna\n|\n|upkeep\n|\n|t:|1700411229\n|switch|p2a: Hatterene|Hatterene, F|100\/100\n|-damage|p2a: Hatterene|88\/100|[from] Spikes\n|turn|10\n|\n|t:|1700411231\n|move|p1a: Boa Hancock\ud83d\udc8b|Moonblast|p2a: Hatterene\n|-damage|p2a: Hatterene|34\/100\n|-unboost|p2a: Hatterene|spa|1\n|move|p2a: Hatterene|Trick Room|p2a: Hatterene\n|-fieldstart|move: Trick Room|[of] p2a: Hatterene\n|\n|upkeep\n|turn|11\n|\n|t:|1700411240\n|switch|p1a: Slowking-Crowned|Slowking-Galar, M|97\/100\n|move|p2a: Hatterene|Psychic|p1a: Slowking-Crowned\n|-damage|p1a: Slowking-Crowned|76\/100\n|\n|upkeep\n|turn|12\n|inactive|the cringelord zbz has 120 seconds left.\n|\n|t:|1700411252\n|switch|p2a: Garganacl|Garganacl, F|100\/100\n|-damage|p2a: Garganacl|88\/100|[from] Spikes\n|move|p1a: Slowking-Crowned|Chilly Reception|p1a: Slowking-Crowned\n|-weather|Snow\n|\n|t:|1700411261\n|switch|p1a: Tuskuthy the Great|Great Tusk|94\/100|[from] Chilly Reception\n|\n|-weather|Snow|[upkeep]\n|-heal|p2a: Garganacl|94\/100|[from] item: Leftovers\n|-heal|p1a: Tuskuthy the Great|99\/100|[from] item: Leftovers\n|upkeep\n|turn|13\n|\n|t:|1700411271\n|move|p2a: Garganacl|Iron Defense|p2a: Garganacl\n|-boost|p2a: Garganacl|def|2\n|move|p1a: Tuskuthy the Great|Earthquake|p2a: Garganacl\n|-supereffective|p2a: Garganacl\n|-damage|p2a: Garganacl|66\/100\n|\n|-weather|Snow|[upkeep]\n|-heal|p2a: Garganacl|72\/100|[from] item: Leftovers\n|-heal|p1a: Tuskuthy the Great|100\/100|[from] item: Leftovers\n|upkeep\n|turn|14\n|\n|t:|1700411279\n|move|p2a: Garganacl|Iron Defense|p2a: Garganacl\n|-boost|p2a: Garganacl|def|2\n|move|p1a: Tuskuthy the Great|Earthquake|p2a: Garganacl\n|-supereffective|p2a: Garganacl\n|-damage|p2a: Garganacl|51\/100\n|\n|-weather|Snow|[upkeep]\n|-heal|p2a: Garganacl|57\/100|[from] item: Leftovers\n|-fieldend|move: Trick Room\n|upkeep\n|turn|15\n|\n|t:|1700411283\n|-end|p1a: Tuskuthy the Great|Protosynthesis|[silent]\n|switch|p1a: Kaido|Dragonite, F|100\/100\n|move|p2a: Garganacl|Recover|p2a: Garganacl\n|-heal|p2a: Garganacl|100\/100\n|\n|-weather|Snow|[upkeep]\n|upkeep\n|turn|16\n|\n|t:|1700411288\n|move|p1a: Kaido|Encore|p2a: Garganacl\n|-start|p2a: Garganacl|Encore\n|move|p2a: Garganacl|Recover||[still]\n|-fail|p2a: Garganacl|heal\n|\n|-weather|none\n|upkeep\n|turn|17\n|\n|t:|1700411291\n|switch|p2a: Iron Valiant|Iron Valiant|88\/100\n|-damage|p2a: Iron Valiant|76\/100|[from] Spikes\n|move|p1a: Kaido|Dragon Dance|p1a: Kaido\n|-boost|p1a: Kaido|atk|1\n|-boost|p1a: Kaido|spe|1\n|\n|upkeep\n|turn|18\n|\n|t:|1700411304\n|-terastallize|p1a: Kaido|Flying\n|move|p1a: Kaido|Tera Blast|p2a: Iron Valiant|[anim] Tera Blast Flying\n|-supereffective|p2a: Iron Valiant\n|-damage|p2a: Iron Valiant|0 fnt\n|faint|p2a: Iron Valiant\n|-end|p2a: Iron Valiant|Quark Drive|[silent]\n|\n|upkeep\n|\n|t:|1700411313\n|switch|p2a: Kingambit|Kingambit, M|100\/100\n|-damage|p2a: Kingambit|88\/100|[from] Spikes\n|-activate|p2a: Kingambit|ability: Supreme Overlord\n|-start|p2a: Kingambit|fallen3|[silent]\n|turn|19\n|\n|t:|1700411326\n|move|p1a: Kaido|Brick Break|p2a: Kingambit\n|-supereffective|p2a: Kingambit\n|-damage|p2a: Kingambit|0 fnt\n|faint|p2a: Kingambit\n|-end|p2a: Kingambit|fallen3|[silent]\n|\n|upkeep\n|-message|the cringelord zbz forfeited.\n|\n|win|outdated ahh team\n|raw|outdated ahh team's rating: 1517 &rarr; <strong>1540<\/strong><br \/>(+23 for winning)\n|raw|the cringelord zbz's rating: 1577 &rarr; <strong>1554<\/strong><br \/>(-23 for losing)\n|l|\u2606the cringelord zbz\n","uploadtime":1700411335,"views":6,"p1id":"outdatedahhteam","p2id":"thecringelordzbz","formatid":"gen9ou","rating":1540,"private":0,"password":""}