{"id":"gen9ou-1997651941","p1":"Joker040921","p2":"dongyeshiyi","format":"[Gen 9] OU","log":"|j|\u2606Joker040921\n|j|\u2606dongyeshiyi\n|t:|1700837763\n|gametype|singles\n|player|p1|Joker040921|cynthia-gen7|\n|player|p2|dongyeshiyi|lillie|\n|teamsize|p1|6\n|teamsize|p2|6\n|gen|9\n|tier|[Gen 9] OU\n|rule|Sleep Clause Mod: Limit one foe put to sleep\n|rule|Species Clause: Limit one of each Pok\u00e9mon\n|rule|OHKO Clause: OHKO moves are banned\n|rule|Evasion Items Clause: Evasion items are banned\n|rule|Evasion Moves Clause: Evasion moves are banned\n|rule|Endless Battle Clause: Forcing endless battles is banned\n|rule|HP Percentage Mod: HP is shown in percentages\n|clearpoke\n|poke|p1|Great Tusk|\n|poke|p1|Iron Valiant|\n|poke|p1|Glimmora, F|\n|poke|p1|Gholdengo|\n|poke|p1|Moltres|\n|poke|p1|Sandy Shocks|\n|poke|p2|Glimmora, F|\n|poke|p2|Iron Valiant|\n|poke|p2|Ceruledge, F|\n|poke|p2|Kingambit, F|\n|poke|p2|Gholdengo|\n|poke|p2|Dragonite, M|\n|teampreview\n|\n|t:|1700837787\n|start\n|switch|p1a: Glimmora|Glimmora, F|100\/100\n|switch|p2a: Glimmora|Glimmora, F|100\/100\n|turn|1\n|\n|t:|1700837798\n|move|p1a: Glimmora|Stealth Rock|p2a: Glimmora\n|-sidestart|p2: dongyeshiyi|move: Stealth Rock\n|move|p2a: Glimmora|Earth Power|p1a: Glimmora\n|-supereffective|p1a: Glimmora\n|-enditem|p1a: Glimmora|Focus Sash\n|-damage|p1a: Glimmora|1\/100\n|\n|upkeep\n|turn|2\n|\n|t:|1700837813\n|move|p1a: Glimmora|Mortal Spin|p2a: Glimmora\n|-resisted|p2a: Glimmora\n|-crit|p2a: Glimmora\n|-damage|p2a: Glimmora|98\/100\n|-activate|p2a: Glimmora|ability: Toxic Debris\n|-sidestart|p1: Joker040921|move: Toxic Spikes\n|-sideend|p1: Joker040921|Toxic Spikes|[from] move: Mortal Spin|[of] p1a: Glimmora\n|move|p2a: Glimmora|Earth Power|p1a: Glimmora\n|-supereffective|p1a: Glimmora\n|-damage|p1a: Glimmora|0 fnt\n|faint|p1a: Glimmora\n|\n|upkeep\n|\n|t:|1700837826\n|switch|p1a: Sandy Shocks|Sandy Shocks|100\/100\n|-enditem|p1a: Sandy Shocks|Booster Energy\n|-activate|p1a: Sandy Shocks|ability: Protosynthesis|[fromitem]\n|-start|p1a: Sandy Shocks|protosynthesisspe\n|turn|3\n|\n|t:|1700837839\n|move|p1a: Sandy Shocks|Earth Power|p2a: Glimmora\n|-supereffective|p2a: Glimmora\n|-damage|p2a: Glimmora|0 fnt\n|faint|p2a: Glimmora\n|\n|upkeep\n|\n|t:|1700837864\n|switch|p2a: Dragonite|Dragonite, M|100\/100\n|turn|4\n|\n|t:|1700837873\n|move|p1a: Sandy Shocks|Thunderbolt|p2a: Dragonite\n|-damage|p2a: Dragonite|76\/100\n|move|p2a: Dragonite|Dragon Dance|p2a: Dragonite\n|-boost|p2a: Dragonite|atk|1\n|-boost|p2a: Dragonite|spe|1\n|\n|upkeep\n|turn|5\n|\n|t:|1700837880\n|move|p1a: Sandy Shocks|Thunderbolt|p2a: Dragonite\n|-damage|p2a: Dragonite|30\/100\n|move|p2a: Dragonite|Earthquake|p1a: Sandy Shocks\n|-supereffective|p1a: Sandy Shocks\n|-damage|p1a: Sandy Shocks|0 fnt\n|faint|p1a: Sandy Shocks\n|-end|p1a: Sandy Shocks|Protosynthesis|[silent]\n|\n|upkeep\n|\n|t:|1700837893\n|switch|p1a: Iron Valiant|Iron Valiant|100\/100\n|turn|6\n|\n|t:|1700837934\n|switch|p2a: Gholdengo|Gholdengo|100\/100\n|-damage|p2a: Gholdengo|94\/100|[from] Stealth Rock\n|-item|p2a: Gholdengo|Air Balloon\n|move|p1a: Iron Valiant|Trick|p2a: Gholdengo\n|-immune|p2a: Gholdengo|[from] ability: Good as Gold\n|\n|upkeep\n|turn|7\n|\n|t:|1700837952\n|-end|p1a: Iron Valiant|Quark Drive|[silent]\n|switch|p1a: Gholdengo|Gholdengo|100\/100\n|move|p2a: Gholdengo|Make It Rain|p1a: Gholdengo\n|-resisted|p1a: Gholdengo\n|-damage|p1a: Gholdengo|69\/100\n|-unboost|p2a: Gholdengo|spa|1\n|-enditem|p1a: Gholdengo|Red Card|[of] p2a: Gholdengo\n|drag|p2a: Kingambit|Kingambit, F|100\/100\n|-damage|p2a: Kingambit|94\/100|[from] Stealth Rock\n|-activate|p2a: Kingambit|ability: Supreme Overlord\n|-start|p2a: Kingambit|fallen1|[silent]\n|\n|-heal|p2a: Kingambit|100\/100|[from] item: Leftovers\n|upkeep\n|turn|8\n|\n|t:|1700837970\n|switch|p1a: Moltres|Moltres|100\/100\n|move|p2a: Kingambit|Iron Head|p1a: Moltres\n|-resisted|p1a: Moltres\n|-damage|p1a: Moltres|70\/100\n|-status|p2a: Kingambit|brn|[from] ability: Flame Body|[of] p1a: Moltres\n|\n|-damage|p2a: Kingambit|94\/100 brn|[from] brn\n|upkeep\n|turn|9\n|\n|t:|1700837992\n|-end|p2a: Kingambit|fallen1|[silent]\n|switch|p2a: Ceruledge|Ceruledge, F|100\/100\n|move|p1a: Moltres|Hurricane|p2a: Ceruledge\n|-damage|p2a: Ceruledge|57\/100\n|\n|upkeep\n|turn|10\n|\n|t:|1700838035\n|switch|p1a: Great Tusk|Great Tusk|100\/100\n|move|p2a: Ceruledge|Shadow Sneak|p1a: Great Tusk\n|-damage|p1a: Great Tusk|90\/100\n|\n|upkeep\n|turn|11\n|\n|t:|1700838069\n|switch|p2a: Dragonite|Dragonite, M|30\/100\n|move|p1a: Great Tusk|Knock Off|p2a: Dragonite\n|-damage|p2a: Dragonite|0 fnt\n|-enditem|p2a: Dragonite|Heavy-Duty Boots|[from] move: Knock Off|[of] p1a: Great Tusk\n|faint|p2a: Dragonite\n|\n|upkeep\n|\n|t:|1700838081\n|switch|p2a: Iron Valiant|Iron Valiant|100\/100\n|-damage|p2a: Iron Valiant|94\/100|[from] Stealth Rock\n|-enditem|p2a: Iron Valiant|Booster Energy\n|-activate|p2a: Iron Valiant|ability: Quark Drive|[fromitem]\n|-start|p2a: Iron Valiant|quarkdrivespe\n|turn|12\n|\n|t:|1700838093\n|-terastallize|p1a: Great Tusk|Water\n|move|p2a: Iron Valiant|Thunderbolt|p1a: Great Tusk\n|-supereffective|p1a: Great Tusk\n|-damage|p1a: Great Tusk|39\/100\n|move|p1a: Great Tusk|Earthquake|p2a: Iron Valiant\n|-damage|p2a: Iron Valiant|24\/100\n|\n|upkeep\n|turn|13\n|\n|t:|1700838132\n|-end|p1a: Great Tusk|Protosynthesis|[silent]\n|switch|p1a: Gholdengo|Gholdengo|69\/100\n|move|p2a: Iron Valiant|Thunderbolt|p1a: Gholdengo\n|-damage|p1a: Gholdengo|36\/100\n|-status|p1a: Gholdengo|par\n|\n|upkeep\n|turn|14\n|\n|t:|1700838147\n|move|p2a: Iron Valiant|Moonblast|p1a: Gholdengo\n|-resisted|p1a: Gholdengo\n|-damage|p1a: Gholdengo|8\/100 par\n|move|p1a: Gholdengo|Recover|p1a: Gholdengo\n|-heal|p1a: Gholdengo|58\/100 par\n|\n|upkeep\n|turn|15\n|\n|t:|1700838158\n|-terastallize|p2a: Iron Valiant|Electric\n|move|p2a: Iron Valiant|Thunderbolt|p1a: Gholdengo\n|-damage|p1a: Gholdengo|7\/100 par\n|move|p1a: Gholdengo|Recover|p1a: Gholdengo\n|-heal|p1a: Gholdengo|57\/100 par\n|\n|upkeep\n|turn|16\n|\n|t:|1700838169\n|move|p2a: Iron Valiant|Thunderbolt|p1a: Gholdengo\n|-damage|p1a: Gholdengo|6\/100 par\n|move|p1a: Gholdengo|Shadow Ball|p2a: Iron Valiant\n|-damage|p2a: Iron Valiant|0 fnt\n|faint|p2a: Iron Valiant\n|-end|p2a: Iron Valiant|Quark Drive|[silent]\n|\n|upkeep\n|\n|t:|1700838196\n|switch|p2a: Kingambit|Kingambit, F|94\/100 brn\n|-damage|p2a: Kingambit|88\/100 brn|[from] Stealth Rock\n|-activate|p2a: Kingambit|ability: Supreme Overlord\n|-start|p2a: Kingambit|fallen3|[silent]\n|turn|17\n|\n|t:|1700838209\n|move|p2a: Kingambit|Kowtow Cleave|p1a: Gholdengo\n|-supereffective|p1a: Gholdengo\n|-crit|p1a: Gholdengo\n|-damage|p1a: Gholdengo|0 fnt\n|faint|p1a: Gholdengo\n|\n|-heal|p2a: Kingambit|94\/100 brn|[from] item: Leftovers\n|-damage|p2a: Kingambit|88\/100 brn|[from] brn\n|upkeep\n|\n|t:|1700838218\n|switch|p1a: Great Tusk|Great Tusk, tera:Water|39\/100\n|turn|18\n|\n|t:|1700838227\n|move|p1a: Great Tusk|Brick Break|p2a: Kingambit\n|-supereffective|p2a: Kingambit\n|-crit|p2a: Kingambit\n|-damage|p2a: Kingambit|0 fnt\n|faint|p2a: Kingambit\n|-end|p2a: Kingambit|fallen3|[silent]\n|\n|upkeep\n|\n|t:|1700838237\n|switch|p2a: Gholdengo|Gholdengo|94\/100\n|-damage|p2a: Gholdengo|88\/100|[from] Stealth Rock\n|-item|p2a: Gholdengo|Air Balloon\n|turn|19\n|\n|t:|1700838250\n|move|p2a: Gholdengo|Nasty Plot|p2a: Gholdengo\n|-boost|p2a: Gholdengo|spa|2\n|move|p1a: Great Tusk|Knock Off|p2a: Gholdengo\n|-supereffective|p2a: Gholdengo\n|-damage|p2a: Gholdengo|12\/100\n|-enditem|p2a: Gholdengo|Air Balloon\n|\n|upkeep\n|turn|20\n|\n|t:|1700838259\n|move|p2a: Gholdengo|Shadow Ball|p1a: Great Tusk\n|-damage|p1a: Great Tusk|0 fnt\n|faint|p1a: Great Tusk\n|-end|p1a: Great Tusk|Protosynthesis|[silent]\n|\n|upkeep\n|\n|t:|1700838263\n|switch|p1a: Iron Valiant|Iron Valiant|100\/100\n|turn|21\n|\n|t:|1700838273\n|move|p1a: Iron Valiant|Moonblast|p2a: Gholdengo\n|-resisted|p2a: Gholdengo\n|-damage|p2a: Gholdengo|0 fnt\n|faint|p2a: Gholdengo\n|\n|upkeep\n|\n|t:|1700838279\n|switch|p2a: Ceruledge|Ceruledge, F|57\/100\n|turn|22\n|\n|t:|1700838288\n|move|p1a: Iron Valiant|Moonblast|p2a: Ceruledge\n|-resisted|p2a: Ceruledge\n|-damage|p2a: Ceruledge|42\/100\n|move|p2a: Ceruledge|Bitter Blade|p1a: Iron Valiant\n|-crit|p1a: Iron Valiant\n|-damage|p1a: Iron Valiant|33\/100\n|-heal|p2a: Ceruledge|69\/100|[from] drain|[of] p1a: Iron Valiant\n|\n|upkeep\n|turn|23\n|\n|t:|1700838298\n|move|p1a: Iron Valiant|Moonblast|p2a: Ceruledge\n|-resisted|p2a: Ceruledge\n|-damage|p2a: Ceruledge|52\/100\n|move|p2a: Ceruledge|Bitter Blade|p1a: Iron Valiant\n|-damage|p1a: Iron Valiant|0 fnt\n|-heal|p2a: Ceruledge|65\/100|[from] drain|[of] p1a: Iron Valiant\n|faint|p1a: Iron Valiant\n|-end|p1a: Iron Valiant|Quark Drive|[silent]\n|\n|upkeep\n|\n|t:|1700838302\n|switch|p1a: Moltres|Moltres|70\/100\n|turn|24\n|\n|t:|1700838317\n|move|p1a: Moltres|Roost|p1a: Moltres\n|-heal|p1a: Moltres|100\/100\n|-singleturn|p1a: Moltres|move: Roost\n|move|p2a: Ceruledge|Bitter Blade|p1a: Moltres\n|-resisted|p1a: Moltres\n|-damage|p1a: Moltres|80\/100\n|-heal|p2a: Ceruledge|75\/100|[from] drain|[of] p1a: Moltres\n|\n|upkeep\n|turn|25\n|\n|t:|1700838327\n|move|p1a: Moltres|Hurricane|p2a: Ceruledge\n|-damage|p2a: Ceruledge|32\/100\n|-start|p2a: Ceruledge|confusion\n|-activate|p2a: Ceruledge|confusion\n|move|p2a: Ceruledge|Taunt|p1a: Moltres\n|-start|p1a: Moltres|move: Taunt\n|\n|upkeep\n|turn|26\n|\n|t:|1700838359\n|move|p1a: Moltres|Hurricane|p2a: Ceruledge\n|-damage|p2a: Ceruledge|0 fnt\n|faint|p2a: Ceruledge\n|\n|win|Joker040921\n","uploadtime":1700838363,"views":4,"p1id":"joker040921","p2id":"dongyeshiyi","formatid":"gen9ou","rating":0,"private":0,"password":""}