{"id":"gen9ou-1995762749","p1":"jayce the mayce","p2":"Yasho1999","format":"[Gen 9] OU","log":"|j|\u2606jayce the mayce\n|j|\u2606Yasho1999\n|t:|1700600805\n|gametype|singles\n|player|p1|jayce the mayce|102|1274\n|player|p2|Yasho1999|lucas|1200\n|teamsize|p1|6\n|teamsize|p2|6\n|gen|9\n|tier|[Gen 9] OU\n|rated|\n|rule|Sleep Clause Mod: Limit one foe put to sleep\n|rule|Species Clause: Limit one of each Pok\u00e9mon\n|rule|OHKO Clause: OHKO moves are banned\n|rule|Evasion Items Clause: Evasion items are banned\n|rule|Evasion Moves Clause: Evasion moves are banned\n|rule|Endless Battle Clause: Forcing endless battles is banned\n|rule|HP Percentage Mod: HP is shown in percentages\n|clearpoke\n|poke|p1|Clodsire, F|\n|poke|p1|Corviknight, M|\n|poke|p1|Dragapult, F|\n|poke|p1|Garganacl, M|\n|poke|p1|Cramorant, F|\n|poke|p1|Clefable, M|\n|poke|p2|Salamence, F|\n|poke|p2|Arboliva, F|\n|poke|p2|Gengar, F|\n|poke|p2|Slowbro, F|\n|poke|p2|Weavile, M|\n|poke|p2|Corviknight, M|\n|teampreview\n|\n|t:|1700600820\n|start\n|switch|p1a: I'll Cram Ya|Cramorant, F|100\/100\n|switch|p2a: Arboliva|Arboliva, F|100\/100\n|turn|1\n|\n|t:|1700600830\n|move|p1a: I'll Cram Ya|Agility|p1a: I'll Cram Ya\n|-boost|p1a: I'll Cram Ya|spe|2\n|move|p2a: Arboliva|Giga Drain|p1a: I'll Cram Ya\n|-crit|p1a: I'll Cram Ya\n|-damage|p1a: I'll Cram Ya|39\/100\n|\n|upkeep\n|turn|2\n|\n|t:|1700600835\n|move|p1a: I'll Cram Ya|Hurricane|p2a: Arboliva\n|-supereffective|p2a: Arboliva\n|-damage|p2a: Arboliva|24\/100\n|-enditem|p2a: Arboliva|Sitrus Berry|[eat]\n|-heal|p2a: Arboliva|49\/100|[from] item: Sitrus Berry\n|move|p2a: Arboliva|Giga Drain|p1a: I'll Cram Ya\n|-damage|p1a: I'll Cram Ya|0 fnt\n|-heal|p2a: Arboliva|71\/100|[from] drain|[of] p1a: I'll Cram Ya\n|faint|p1a: I'll Cram Ya\n|\n|-item|p2a: Arboliva|Sitrus Berry|[from] ability: Harvest\n|upkeep\n|\n|t:|1700600842\n|switch|p1a: Wannabe Skarm|Corviknight, M|100\/100\n|-ability|p1a: Wannabe Skarm|Pressure\n|turn|3\n|\n|t:|1700600847\n|switch|p2a: Corviknight|Corviknight, M|100\/100\n|-ability|p2a: Corviknight|Unnerve\n|move|p1a: Wannabe Skarm|U-turn|p2a: Corviknight\n|-resisted|p2a: Corviknight\n|-damage|p2a: Corviknight|98\/100\n|\n|t:|1700600854\n|switch|p1a: Mayan Monk|Garganacl, M|100\/100|[from] U-turn\n|\n|-heal|p2a: Corviknight|100\/100|[from] item: Leftovers\n|upkeep\n|turn|4\n|inactive|Battle timer is ON: inactive players will automatically lose when time's up. (requested by Yasho1999)\n|\n|t:|1700600864\n|move|p2a: Corviknight|Body Press|p1a: Mayan Monk\n|-supereffective|p1a: Mayan Monk\n|-damage|p1a: Mayan Monk|66\/100\n|move|p1a: Mayan Monk|Salt Cure|p2a: Corviknight\n|-damage|p2a: Corviknight|91\/100\n|-start|p2a: Corviknight|Salt Cure\n|\n|-heal|p2a: Corviknight|97\/100|[from] item: Leftovers\n|-heal|p1a: Mayan Monk|72\/100|[from] item: Leftovers\n|-damage|p2a: Corviknight|72\/100|[from] Salt Cure\n|upkeep\n|turn|5\n|\n|t:|1700600872\n|switch|p2a: Arboliva|Arboliva, F|71\/100\n|move|p1a: Mayan Monk|Salt Cure|p2a: Arboliva\n|-damage|p2a: Arboliva|53\/100\n|-start|p2a: Arboliva|Salt Cure\n|\n|-heal|p1a: Mayan Monk|78\/100|[from] item: Leftovers\n|-damage|p2a: Arboliva|41\/100|[from] Salt Cure\n|upkeep\n|-enditem|p2a: Arboliva|Sitrus Berry|[eat]\n|-heal|p2a: Arboliva|66\/100|[from] item: Sitrus Berry\n|turn|6\n|\n|t:|1700600881\n|switch|p1a: Wannabe Skarm|Corviknight, M|100\/100\n|-ability|p1a: Wannabe Skarm|Pressure\n|move|p2a: Arboliva|Giga Drain|p1a: Wannabe Skarm\n|-resisted|p1a: Wannabe Skarm\n|-damage|p1a: Wannabe Skarm|90\/100\n|-heal|p2a: Arboliva|73\/100|[from] drain|[of] p1a: Wannabe Skarm\n|\n|-heal|p1a: Wannabe Skarm|96\/100|[from] item: Leftovers\n|-damage|p2a: Arboliva|60\/100|[from] Salt Cure\n|-item|p2a: Arboliva|Sitrus Berry|[from] ability: Harvest\n|upkeep\n|turn|7\n|\n|t:|1700600889\n|switch|p2a: Slowbro|Slowbro, F|100\/100\n|move|p1a: Wannabe Skarm|U-turn|p2a: Slowbro\n|-supereffective|p2a: Slowbro\n|-damage|p2a: Slowbro|76\/100\n|\n|t:|1700600904\n|switch|p1a: Wannabe Quag|Clodsire, F|100\/100|[from] U-turn\n|\n|-heal|p2a: Slowbro|82\/100|[from] item: Leftovers\n|upkeep\n|turn|8\n|\n|t:|1700600910\n|move|p2a: Slowbro|Scald|p1a: Wannabe Quag\n|-immune|p1a: Wannabe Quag|[from] ability: Water Absorb\n|move|p1a: Wannabe Quag|Stealth Rock|p2a: Slowbro\n|-sidestart|p2: Yasho1999|move: Stealth Rock\n|\n|-heal|p2a: Slowbro|88\/100|[from] item: Leftovers\n|upkeep\n|turn|9\n|\n|t:|1700600915\n|move|p2a: Slowbro|Psychic|p1a: Wannabe Quag\n|-supereffective|p1a: Wannabe Quag\n|-damage|p1a: Wannabe Quag|68\/100\n|move|p1a: Wannabe Quag|Toxic|p2a: Slowbro\n|-status|p2a: Slowbro|tox\n|\n|-heal|p2a: Slowbro|94\/100 tox|[from] item: Leftovers\n|-heal|p1a: Wannabe Quag|74\/100|[from] item: Leftovers\n|-damage|p2a: Slowbro|88\/100 tox|[from] psn\n|upkeep\n|turn|10\n|\n|t:|1700600925\n|move|p2a: Slowbro|Ice Beam|p1a: Wannabe Quag\n|-supereffective|p1a: Wannabe Quag\n|-damage|p1a: Wannabe Quag|53\/100\n|move|p1a: Wannabe Quag|Toxic|p2a: Slowbro\n|-fail|p2a: Slowbro|tox\n|\n|-heal|p2a: Slowbro|94\/100 tox|[from] item: Leftovers\n|-heal|p1a: Wannabe Quag|59\/100|[from] item: Leftovers\n|-damage|p2a: Slowbro|82\/100 tox|[from] psn\n|upkeep\n|turn|11\n|\n|t:|1700600933\n|move|p2a: Slowbro|Psychic|p1a: Wannabe Quag\n|-supereffective|p1a: Wannabe Quag\n|-damage|p1a: Wannabe Quag|26\/100\n|move|p1a: Wannabe Quag|Recover|p1a: Wannabe Quag\n|-heal|p1a: Wannabe Quag|76\/100\n|\n|-heal|p2a: Slowbro|88\/100 tox|[from] item: Leftovers\n|-heal|p1a: Wannabe Quag|82\/100|[from] item: Leftovers\n|-damage|p2a: Slowbro|70\/100 tox|[from] psn\n|upkeep\n|turn|12\n|\n|t:|1700600940\n|switch|p2a: Gengar|Gengar, F|100\/100\n|-damage|p2a: Gengar|88\/100|[from] Stealth Rock\n|move|p1a: Wannabe Quag|Toxic|p2a: Gengar\n|-immune|p2a: Gengar\n|\n|-heal|p1a: Wannabe Quag|88\/100|[from] item: Leftovers\n|upkeep\n|turn|13\n|\n|t:|1700600947\n|move|p2a: Gengar|Psychic|p1a: Wannabe Quag\n|-supereffective|p1a: Wannabe Quag\n|-crit|p1a: Wannabe Quag\n|-damage|p1a: Wannabe Quag|24\/100\n|-damage|p2a: Gengar|78\/100|[from] item: Life Orb\n|move|p1a: Wannabe Quag|Earthquake|p2a: Gengar\n|-supereffective|p2a: Gengar\n|-damage|p2a: Gengar|0 fnt\n|faint|p2a: Gengar\n|\n|-heal|p1a: Wannabe Quag|31\/100|[from] item: Leftovers\n|upkeep\n|\n|t:|1700600951\n|switch|p2a: Salamence|Salamence, F|100\/100\n|-damage|p2a: Salamence|75\/100|[from] Stealth Rock\n|turn|14\n|\n|t:|1700600961\n|move|p2a: Salamence|Dragon Dance|p2a: Salamence\n|-boost|p2a: Salamence|atk|1\n|-boost|p2a: Salamence|spe|1\n|move|p1a: Wannabe Quag|Toxic|p2a: Salamence\n|-status|p2a: Salamence|tox\n|-enditem|p2a: Salamence|Lum Berry|[eat]\n|-curestatus|p2a: Salamence|tox|[msg]\n|\n|-heal|p1a: Wannabe Quag|37\/100|[from] item: Leftovers\n|upkeep\n|turn|15\n|\n|t:|1700600968\n|move|p2a: Salamence|Earthquake|p1a: Wannabe Quag\n|-supereffective|p1a: Wannabe Quag\n|-damage|p1a: Wannabe Quag|0 fnt\n|faint|p1a: Wannabe Quag\n|-ability|p2a: Salamence|Moxie|boost\n|-boost|p2a: Salamence|atk|1\n|\n|upkeep\n|\n|t:|1700600975\n|switch|p1a: Wannabe Skarm|Corviknight, M|96\/100\n|-ability|p1a: Wannabe Skarm|Pressure\n|turn|16\n|\n|t:|1700600984\n|-terastallize|p2a: Salamence|Ground\n|move|p2a: Salamence|Dragon Dance|p2a: Salamence\n|-boost|p2a: Salamence|atk|1\n|-boost|p2a: Salamence|spe|1\n|move|p1a: Wannabe Skarm|Brave Bird|p2a: Salamence\n|-damage|p2a: Salamence|33\/100\n|-damage|p1a: Wannabe Skarm|84\/100|[from] Recoil\n|\n|-heal|p1a: Wannabe Skarm|90\/100|[from] item: Leftovers\n|upkeep\n|turn|17\n|\n|t:|1700600988\n|move|p2a: Salamence|Outrage|p1a: Wannabe Skarm\n|-resisted|p1a: Wannabe Skarm\n|-damage|p1a: Wannabe Skarm|47\/100\n|move|p1a: Wannabe Skarm|Brave Bird|p2a: Salamence\n|-damage|p2a: Salamence|0 fnt\n|faint|p2a: Salamence\n|-damage|p1a: Wannabe Skarm|38\/100|[from] Recoil\n|\n|-heal|p1a: Wannabe Skarm|44\/100|[from] item: Leftovers\n|upkeep\n|\n|t:|1700600993\n|switch|p2a: Corviknight|Corviknight, M|72\/100\n|-ability|p2a: Corviknight|Unnerve\n|-damage|p2a: Corviknight|60\/100|[from] Stealth Rock\n|turn|18\n|\n|t:|1700601001\n|move|p2a: Corviknight|Bulk Up|p2a: Corviknight\n|-boost|p2a: Corviknight|atk|1\n|-boost|p2a: Corviknight|def|1\n|move|p1a: Wannabe Skarm|Roost|p1a: Wannabe Skarm\n|-heal|p1a: Wannabe Skarm|94\/100\n|-singleturn|p1a: Wannabe Skarm|move: Roost\n|\n|-heal|p2a: Corviknight|66\/100|[from] item: Leftovers\n|-heal|p1a: Wannabe Skarm|99\/100|[from] item: Leftovers\n|upkeep\n|turn|19\n|\n|t:|1700601006\n|move|p2a: Corviknight|Bulk Up|p2a: Corviknight\n|-boost|p2a: Corviknight|atk|1\n|-boost|p2a: Corviknight|def|1\n|move|p1a: Wannabe Skarm|U-turn|p2a: Corviknight\n|-resisted|p2a: Corviknight\n|-damage|p2a: Corviknight|65\/100\n|\n|t:|1700601009\n|switch|p1a: Mayan Monk|Garganacl, M|78\/100|[from] U-turn\n|\n|-heal|p2a: Corviknight|71\/100|[from] item: Leftovers\n|-heal|p1a: Mayan Monk|84\/100|[from] item: Leftovers\n|upkeep\n|turn|20\n|\n|t:|1700601016\n|move|p2a: Corviknight|Body Press|p1a: Mayan Monk\n|-supereffective|p1a: Mayan Monk\n|-damage|p1a: Mayan Monk|14\/100\n|move|p1a: Mayan Monk|Salt Cure|p2a: Corviknight\n|-damage|p2a: Corviknight|66\/100\n|-start|p2a: Corviknight|Salt Cure\n|\n|-heal|p2a: Corviknight|72\/100|[from] item: Leftovers\n|-heal|p1a: Mayan Monk|21\/100|[from] item: Leftovers\n|-damage|p2a: Corviknight|47\/100|[from] Salt Cure\n|upkeep\n|turn|21\n|\n|t:|1700601027\n|move|p2a: Corviknight|Brave Bird|p1a: Mayan Monk\n|-resisted|p1a: Mayan Monk\n|-damage|p1a: Mayan Monk|0 fnt\n|faint|p1a: Mayan Monk\n|-damage|p2a: Corviknight|39\/100|[from] Recoil\n|\n|-heal|p2a: Corviknight|46\/100|[from] item: Leftovers\n|-damage|p2a: Corviknight|21\/100|[from] Salt Cure\n|upkeep\n|\n|t:|1700601032\n|switch|p1a: Dragon Deez Nuts|Dragapult, F|100\/100\n|turn|22\n|\n|t:|1700601042\n|move|p1a: Dragon Deez Nuts|Dragon Darts|p2a: Corviknight\n|-resisted|p2a: Corviknight\n|-damage|p2a: Corviknight|14\/100\n|-anim|p1a: Dragon Deez Nuts|Dragon Darts|p2a: Corviknight\n|-resisted|p2a: Corviknight\n|-damage|p2a: Corviknight|8\/100\n|move|p2a: Corviknight|Brave Bird|p1a: Dragon Deez Nuts\n|-damage|p1a: Dragon Deez Nuts|0 fnt\n|faint|p1a: Dragon Deez Nuts\n|-damage|p2a: Corviknight|0 fnt|[from] Recoil\n|faint|p2a: Corviknight\n|\n|upkeep\n|\n|t:|1700601053\n|switch|p1a: Wannabe Skarm|Corviknight, M|99\/100\n|switch|p2a: Weavile|Weavile, M|100\/100\n|-damage|p2a: Weavile|76\/100|[from] Stealth Rock\n|-ability|p2a: Weavile|Pressure\n|-ability|p1a: Wannabe Skarm|Pressure\n|turn|23\n|\n|t:|1700601057\n|move|p2a: Weavile|Knock Off|p1a: Wannabe Skarm\n|-damage|p1a: Wannabe Skarm|63\/100\n|-enditem|p1a: Wannabe Skarm|Leftovers|[from] move: Knock Off|[of] p2a: Weavile\n|-damage|p2a: Weavile|66\/100|[from] item: Life Orb\n|move|p1a: Wannabe Skarm|U-turn|p2a: Weavile\n|-supereffective|p2a: Weavile\n|-damage|p2a: Weavile|18\/100\n|\n|t:|1700601064\n|switch|p1a: Kolten's Cheese|Clefable, M|100\/100|[from] U-turn\n|\n|upkeep\n|turn|24\n|\n|t:|1700601071\n|move|p2a: Weavile|Knock Off|p1a: Kolten's Cheese\n|-resisted|p1a: Kolten's Cheese\n|-damage|p1a: Kolten's Cheese|78\/100\n|-enditem|p1a: Kolten's Cheese|Leftovers|[from] move: Knock Off|[of] p2a: Weavile\n|-damage|p2a: Weavile|8\/100|[from] item: Life Orb\n|move|p1a: Kolten's Cheese|Wish|p1a: Kolten's Cheese\n|\n|upkeep\n|turn|25\n|\n|t:|1700601091\n|move|p2a: Weavile|Ice Spinner|p1a: Kolten's Cheese\n|-crit|p1a: Kolten's Cheese\n|-damage|p1a: Kolten's Cheese|22\/100\n|-damage|p2a: Weavile|0 fnt|[from] item: Life Orb\n|faint|p2a: Weavile\n|move|p1a: Kolten's Cheese|Moonblast|p2: Weavile|[notarget]\n|-fail|p1a: Kolten's Cheese\n|\n|-heal|p1a: Kolten's Cheese|72\/100|[from] move: Wish|[wisher] Kolten's Cheese\n|upkeep\n|\n|t:|1700601096\n|switch|p2a: Arboliva|Arboliva, F|60\/100\n|-damage|p2a: Arboliva|48\/100|[from] Stealth Rock\n|-enditem|p2a: Arboliva|Sitrus Berry|[eat]\n|-heal|p2a: Arboliva|73\/100|[from] item: Sitrus Berry\n|turn|26\n|\n|t:|1700601105\n|-terastallize|p1a: Kolten's Cheese|Steel\n|move|p1a: Kolten's Cheese|Wish|p1a: Kolten's Cheese\n|move|p2a: Arboliva|Leech Seed|p1a: Kolten's Cheese\n|-start|p1a: Kolten's Cheese|move: Leech Seed\n|\n|-damage|p1a: Kolten's Cheese|60\/100|[from] Leech Seed|[of] p2a: Arboliva\n|-heal|p2a: Arboliva|89\/100|[silent]\n|-item|p2a: Arboliva|Sitrus Berry|[from] ability: Harvest\n|upkeep\n|turn|27\n|\n|t:|1700601112\n|move|p1a: Kolten's Cheese|Calm Mind|p1a: Kolten's Cheese\n|-boost|p1a: Kolten's Cheese|spa|1\n|-boost|p1a: Kolten's Cheese|spd|1\n|move|p2a: Arboliva|Substitute|p2a: Arboliva\n|-start|p2a: Arboliva|Substitute\n|-damage|p2a: Arboliva|64\/100\n|\n|-heal|p1a: Kolten's Cheese|100\/100|[from] move: Wish|[wisher] Kolten's Cheese\n|-damage|p1a: Kolten's Cheese|88\/100|[from] Leech Seed|[of] p2a: Arboliva\n|-heal|p2a: Arboliva|81\/100|[silent]\n|upkeep\n|turn|28\n|\n|t:|1700601119\n|move|p2a: Arboliva|Protect|p2a: Arboliva\n|-singleturn|p2a: Arboliva|Protect\n|move|p1a: Kolten's Cheese|Flamethrower|p2a: Arboliva\n|-activate|p2a: Arboliva|move: Protect\n|\n|-damage|p1a: Kolten's Cheese|76\/100|[from] Leech Seed|[of] p2a: Arboliva\n|-heal|p2a: Arboliva|97\/100|[silent]\n|upkeep\n|turn|29\n|\n|t:|1700601122\n|move|p1a: Kolten's Cheese|Flamethrower|p2a: Arboliva\n|-supereffective|p2a: Arboliva\n|-end|p2a: Arboliva|Substitute\n|move|p2a: Arboliva|Giga Drain|p1a: Kolten's Cheese\n|-resisted|p1a: Kolten's Cheese\n|-damage|p1a: Kolten's Cheese|63\/100\n|-heal|p2a: Arboliva|100\/100|[from] drain|[of] p1a: Kolten's Cheese\n|\n|-damage|p1a: Kolten's Cheese|50\/100|[from] Leech Seed|[of] p2a: Arboliva\n|upkeep\n|turn|30\n|\n|t:|1700601128\n|move|p1a: Kolten's Cheese|Wish|p1a: Kolten's Cheese\n|move|p2a: Arboliva|Substitute|p2a: Arboliva\n|-start|p2a: Arboliva|Substitute\n|-damage|p2a: Arboliva|76\/100\n|\n|-damage|p1a: Kolten's Cheese|38\/100|[from] Leech Seed|[of] p2a: Arboliva\n|-heal|p2a: Arboliva|92\/100|[silent]\n|upkeep\n|turn|31\n|\n|t:|1700601133\n|move|p2a: Arboliva|Protect|p2a: Arboliva\n|-singleturn|p2a: Arboliva|Protect\n|move|p1a: Kolten's Cheese|Calm Mind|p1a: Kolten's Cheese\n|-boost|p1a: Kolten's Cheese|spa|1\n|-boost|p1a: Kolten's Cheese|spd|1\n|\n|-heal|p1a: Kolten's Cheese|88\/100|[from] move: Wish|[wisher] Kolten's Cheese\n|-damage|p1a: Kolten's Cheese|75\/100|[from] Leech Seed|[of] p2a: Arboliva\n|-heal|p2a: Arboliva|100\/100|[silent]\n|upkeep\n|turn|32\n|\n|t:|1700601139\n|move|p1a: Kolten's Cheese|Flamethrower|p2a: Arboliva\n|-supereffective|p2a: Arboliva\n|-end|p2a: Arboliva|Substitute\n|move|p2a: Arboliva|Substitute|p2a: Arboliva\n|-start|p2a: Arboliva|Substitute\n|-damage|p2a: Arboliva|76\/100\n|\n|-damage|p1a: Kolten's Cheese|63\/100|[from] Leech Seed|[of] p2a: Arboliva\n|-heal|p2a: Arboliva|92\/100|[silent]\n|upkeep\n|turn|33\n|\n|t:|1700601142\n|move|p1a: Kolten's Cheese|Wish|p1a: Kolten's Cheese\n|move|p2a: Arboliva|Giga Drain|p1a: Kolten's Cheese\n|-resisted|p1a: Kolten's Cheese\n|-damage|p1a: Kolten's Cheese|54\/100\n|-heal|p2a: Arboliva|98\/100|[from] drain|[of] p1a: Kolten's Cheese\n|\n|-damage|p1a: Kolten's Cheese|41\/100|[from] Leech Seed|[of] p2a: Arboliva\n|-heal|p2a: Arboliva|100\/100|[silent]\n|upkeep\n|turn|34\n|\n|t:|1700601155\n|switch|p2a: Slowbro|Slowbro, F|100\/100 tox\n|-damage|p2a: Slowbro|88\/100 tox|[from] Stealth Rock\n|move|p1a: Kolten's Cheese|Flamethrower|p2a: Slowbro\n|-resisted|p2a: Slowbro\n|-damage|p2a: Slowbro|73\/100 tox\n|\n|-heal|p1a: Kolten's Cheese|91\/100|[from] move: Wish|[wisher] Kolten's Cheese\n|-heal|p2a: Slowbro|79\/100 tox|[from] item: Leftovers\n|-damage|p1a: Kolten's Cheese|79\/100|[from] Leech Seed|[of] p2a: Slowbro\n|-heal|p2a: Slowbro|91\/100 tox|[silent]\n|-damage|p2a: Slowbro|85\/100 tox|[from] psn\n|upkeep\n|turn|35\n|\n|t:|1700601168\n|move|p1a: Kolten's Cheese|Wish|p1a: Kolten's Cheese\n|move|p2a: Slowbro|Scald|p1a: Kolten's Cheese\n|-damage|p1a: Kolten's Cheese|65\/100\n|\n|-heal|p2a: Slowbro|91\/100 tox|[from] item: Leftovers\n|-damage|p1a: Kolten's Cheese|52\/100|[from] Leech Seed|[of] p2a: Slowbro\n|-heal|p2a: Slowbro|100\/100 tox|[silent]\n|-damage|p2a: Slowbro|88\/100 tox|[from] psn\n|upkeep\n|turn|36\n|\n|t:|1700601178\n|move|p1a: Kolten's Cheese|Moonblast|p2a: Slowbro\n|-damage|p2a: Slowbro|47\/100 tox\n|move|p2a: Slowbro|Scald|p1a: Kolten's Cheese\n|-damage|p1a: Kolten's Cheese|39\/100\n|\n|-heal|p1a: Kolten's Cheese|89\/100|[from] move: Wish|[wisher] Kolten's Cheese\n|-heal|p2a: Slowbro|53\/100 tox|[from] item: Leftovers\n|-damage|p1a: Kolten's Cheese|77\/100|[from] Leech Seed|[of] p2a: Slowbro\n|-heal|p2a: Slowbro|65\/100 tox|[silent]\n|-damage|p2a: Slowbro|47\/100 tox|[from] psn\n|upkeep\n|turn|37\n|\n|t:|1700601185\n|switch|p2a: Arboliva|Arboliva, F|100\/100\n|-damage|p2a: Arboliva|88\/100|[from] Stealth Rock\n|move|p1a: Kolten's Cheese|Wish|p1a: Kolten's Cheese\n|\n|-damage|p1a: Kolten's Cheese|64\/100|[from] Leech Seed|[of] p2a: Arboliva\n|-heal|p2a: Arboliva|100\/100|[silent]\n|upkeep\n|turn|38\n|\n|t:|1700601188\n|move|p1a: Kolten's Cheese|Flamethrower|p2a: Arboliva\n|-supereffective|p2a: Arboliva\n|-damage|p2a: Arboliva|30\/100\n|-enditem|p2a: Arboliva|Sitrus Berry|[eat]\n|-heal|p2a: Arboliva|55\/100|[from] item: Sitrus Berry\n|move|p2a: Arboliva|Substitute|p2a: Arboliva\n|-start|p2a: Arboliva|Substitute\n|-damage|p2a: Arboliva|30\/100\n|\n|-heal|p1a: Kolten's Cheese|100\/100|[from] move: Wish|[wisher] Kolten's Cheese\n|-damage|p1a: Kolten's Cheese|88\/100|[from] Leech Seed|[of] p2a: Arboliva\n|-heal|p2a: Arboliva|46\/100|[silent]\n|upkeep\n|turn|39\n|inactive|jayce the mayce has 120 seconds left.\n|l|\u2606Yasho1999\n|inactive|Yasho1999 disconnected and has a minute to reconnect!\n|player|p2|\n|inactive|jayce the mayce has 90 seconds left.\n|j|\u2606Yasho1999\n|inactive|Yasho1999 reconnected.\n|player|p2|Yasho1999|lucas\n|\n|t:|1700601267\n|move|p2a: Arboliva|Protect|p2a: Arboliva\n|-singleturn|p2a: Arboliva|Protect\n|move|p1a: Kolten's Cheese|Flamethrower|p2a: Arboliva\n|-activate|p2a: Arboliva|move: Protect\n|\n|-damage|p1a: Kolten's Cheese|76\/100|[from] Leech Seed|[of] p2a: Arboliva\n|-heal|p2a: Arboliva|63\/100|[silent]\n|upkeep\n|turn|40\n|\n|t:|1700601277\n|move|p1a: Kolten's Cheese|Flamethrower|p2a: Arboliva\n|-supereffective|p2a: Arboliva\n|-end|p2a: Arboliva|Substitute\n|move|p2a: Arboliva|Substitute|p2a: Arboliva\n|-start|p2a: Arboliva|Substitute\n|-damage|p2a: Arboliva|38\/100\n|\n|-damage|p1a: Kolten's Cheese|63\/100|[from] Leech Seed|[of] p2a: Arboliva\n|-heal|p2a: Arboliva|54\/100|[silent]\n|-item|p2a: Arboliva|Sitrus Berry|[from] ability: Harvest\n|upkeep\n|turn|41\n|\n|t:|1700601283\n|move|p2a: Arboliva|Protect|p2a: Arboliva\n|-singleturn|p2a: Arboliva|Protect\n|move|p1a: Kolten's Cheese|Flamethrower|p2a: Arboliva\n|-activate|p2a: Arboliva|move: Protect\n|\n|-damage|p1a: Kolten's Cheese|51\/100|[from] Leech Seed|[of] p2a: Arboliva\n|-heal|p2a: Arboliva|71\/100|[silent]\n|upkeep\n|turn|42\n|\n|t:|1700601292\n|move|p1a: Kolten's Cheese|Wish|p1a: Kolten's Cheese\n|move|p2a: Arboliva|Substitute|p2a: Arboliva\n|-fail|p2a: Arboliva|move: Substitute\n|\n|-damage|p1a: Kolten's Cheese|38\/100|[from] Leech Seed|[of] p2a: Arboliva\n|-heal|p2a: Arboliva|87\/100|[silent]\n|upkeep\n|turn|43\n|\n|t:|1700601300\n|move|p2a: Arboliva|Protect|p2a: Arboliva\n|-singleturn|p2a: Arboliva|Protect\n|move|p1a: Kolten's Cheese|Calm Mind|p1a: Kolten's Cheese\n|-boost|p1a: Kolten's Cheese|spa|1\n|-boost|p1a: Kolten's Cheese|spd|1\n|\n|-heal|p1a: Kolten's Cheese|88\/100|[from] move: Wish|[wisher] Kolten's Cheese\n|-damage|p1a: Kolten's Cheese|76\/100|[from] Leech Seed|[of] p2a: Arboliva\n|-heal|p2a: Arboliva|100\/100|[silent]\n|upkeep\n|turn|44\n|\n|t:|1700601305\n|move|p1a: Kolten's Cheese|Wish|p1a: Kolten's Cheese\n|move|p2a: Arboliva|Substitute|p2a: Arboliva\n|-fail|p2a: Arboliva|move: Substitute\n|\n|-damage|p1a: Kolten's Cheese|63\/100|[from] Leech Seed|[of] p2a: Arboliva\n|upkeep\n|turn|45\n|\n|t:|1700601311\n|move|p1a: Kolten's Cheese|Calm Mind|p1a: Kolten's Cheese\n|-boost|p1a: Kolten's Cheese|spa|1\n|-boost|p1a: Kolten's Cheese|spd|1\n|move|p2a: Arboliva|Giga Drain|p1a: Kolten's Cheese\n|-resisted|p1a: Kolten's Cheese\n|-damage|p1a: Kolten's Cheese|56\/100\n|\n|-heal|p1a: Kolten's Cheese|100\/100|[from] move: Wish|[wisher] Kolten's Cheese\n|-damage|p1a: Kolten's Cheese|88\/100|[from] Leech Seed|[of] p2a: Arboliva\n|upkeep\n|turn|46\n|inactive|jayce the mayce has 120 seconds left.\n|\n|t:|1700601319\n|move|p2a: Arboliva|Protect|p2a: Arboliva\n|-singleturn|p2a: Arboliva|Protect\n|move|p1a: Kolten's Cheese|Wish|p1a: Kolten's Cheese\n|\n|-damage|p1a: Kolten's Cheese|76\/100|[from] Leech Seed|[of] p2a: Arboliva\n|upkeep\n|turn|47\n|\n|t:|1700601328\n|move|p1a: Kolten's Cheese|Moonblast|p2a: Arboliva\n|-end|p2a: Arboliva|Substitute\n|move|p2a: Arboliva|Substitute|p2a: Arboliva\n|-start|p2a: Arboliva|Substitute\n|-damage|p2a: Arboliva|76\/100\n|\n|-heal|p1a: Kolten's Cheese|100\/100|[from] move: Wish|[wisher] Kolten's Cheese\n|-damage|p1a: Kolten's Cheese|88\/100|[from] Leech Seed|[of] p2a: Arboliva\n|-heal|p2a: Arboliva|92\/100|[silent]\n|upkeep\n|turn|48\n|\n|t:|1700601336\n|move|p2a: Arboliva|Protect|p2a: Arboliva\n|-singleturn|p2a: Arboliva|Protect\n|move|p1a: Kolten's Cheese|Moonblast|p2a: Arboliva\n|-activate|p2a: Arboliva|move: Protect\n|\n|-damage|p1a: Kolten's Cheese|76\/100|[from] Leech Seed|[of] p2a: Arboliva\n|-heal|p2a: Arboliva|100\/100|[silent]\n|upkeep\n|turn|49\n|\n|t:|1700601344\n|move|p1a: Kolten's Cheese|Moonblast|p2a: Arboliva\n|-end|p2a: Arboliva|Substitute\n|move|p2a: Arboliva|Substitute|p2a: Arboliva\n|-start|p2a: Arboliva|Substitute\n|-damage|p2a: Arboliva|76\/100\n|\n|-damage|p1a: Kolten's Cheese|63\/100|[from] Leech Seed|[of] p2a: Arboliva\n|-heal|p2a: Arboliva|92\/100|[silent]\n|upkeep\n|turn|50\n|\n|t:|1700601354\n|move|p1a: Kolten's Cheese|Wish|p1a: Kolten's Cheese\n|move|p2a: Arboliva|Giga Drain|p1a: Kolten's Cheese\n|-resisted|p1a: Kolten's Cheese\n|-damage|p1a: Kolten's Cheese|57\/100\n|-heal|p2a: Arboliva|96\/100|[from] drain|[of] p1a: Kolten's Cheese\n|\n|-damage|p1a: Kolten's Cheese|45\/100|[from] Leech Seed|[of] p2a: Arboliva\n|-heal|p2a: Arboliva|100\/100|[silent]\n|upkeep\n|turn|51\n|\n|t:|1700601363\n|move|p2a: Arboliva|Protect|p2a: Arboliva\n|-singleturn|p2a: Arboliva|Protect\n|move|p1a: Kolten's Cheese|Moonblast|p2a: Arboliva\n|-activate|p2a: Arboliva|move: Protect\n|\n|-heal|p1a: Kolten's Cheese|94\/100|[from] move: Wish|[wisher] Kolten's Cheese\n|-damage|p1a: Kolten's Cheese|82\/100|[from] Leech Seed|[of] p2a: Arboliva\n|upkeep\n|turn|52\n|\n|t:|1700601373\n|move|p1a: Kolten's Cheese|Moonblast|p2a: Arboliva\n|-end|p2a: Arboliva|Substitute\n|move|p2a: Arboliva|Substitute|p2a: Arboliva\n|-start|p2a: Arboliva|Substitute\n|-damage|p2a: Arboliva|76\/100\n|\n|-damage|p1a: Kolten's Cheese|69\/100|[from] Leech Seed|[of] p2a: Arboliva\n|-heal|p2a: Arboliva|92\/100|[silent]\n|upkeep\n|turn|53\n|\n|t:|1700601387\n|move|p1a: Kolten's Cheese|Moonblast|p2a: Arboliva\n|-end|p2a: Arboliva|Substitute\n|move|p2a: Arboliva|Substitute|p2a: Arboliva\n|-start|p2a: Arboliva|Substitute\n|-damage|p2a: Arboliva|67\/100\n|\n|-damage|p1a: Kolten's Cheese|57\/100|[from] Leech Seed|[of] p2a: Arboliva\n|-heal|p2a: Arboliva|84\/100|[silent]\n|upkeep\n|turn|54\n|\n|t:|1700601395\n|move|p2a: Arboliva|Protect|p2a: Arboliva\n|-singleturn|p2a: Arboliva|Protect\n|move|p1a: Kolten's Cheese|Wish|p1a: Kolten's Cheese\n|\n|-damage|p1a: Kolten's Cheese|45\/100|[from] Leech Seed|[of] p2a: Arboliva\n|-heal|p2a: Arboliva|99\/100|[silent]\n|upkeep\n|turn|55\n|\n|t:|1700601405\n|move|p1a: Kolten's Cheese|Moonblast|p2a: Arboliva\n|-end|p2a: Arboliva|Substitute\n|move|p2a: Arboliva|Substitute|p2a: Arboliva\n|-start|p2a: Arboliva|Substitute\n|-damage|p2a: Arboliva|75\/100\n|\n|-heal|p1a: Kolten's Cheese|94\/100|[from] move: Wish|[wisher] Kolten's Cheese\n|-damage|p1a: Kolten's Cheese|82\/100|[from] Leech Seed|[of] p2a: Arboliva\n|-heal|p2a: Arboliva|92\/100|[silent]\n|upkeep\n|turn|56\n|\n|t:|1700601416\n|move|p2a: Arboliva|Protect|p2a: Arboliva\n|-singleturn|p2a: Arboliva|Protect\n|move|p1a: Kolten's Cheese|Moonblast|p2a: Arboliva\n|-activate|p2a: Arboliva|move: Protect\n|\n|-damage|p1a: Kolten's Cheese|69\/100|[from] Leech Seed|[of] p2a: Arboliva\n|-heal|p2a: Arboliva|100\/100|[silent]\n|upkeep\n|turn|57\n|c|\u2606jayce the mayce|this man likes to waste time. XD\n|\n|t:|1700601427\n|move|p1a: Kolten's Cheese|Moonblast|p2a: Arboliva\n|-end|p2a: Arboliva|Substitute\n|move|p2a: Arboliva|Giga Drain|p1a: Kolten's Cheese\n|-resisted|p1a: Kolten's Cheese\n|-damage|p1a: Kolten's Cheese|63\/100\n|\n|-damage|p1a: Kolten's Cheese|51\/100|[from] Leech Seed|[of] p2a: Arboliva\n|upkeep\n|turn|58\n|\n|t:|1700601434\n|move|p2a: Arboliva|Protect|p2a: Arboliva\n|-singleturn|p2a: Arboliva|Protect\n|move|p1a: Kolten's Cheese|Wish|p1a: Kolten's Cheese\n|\n|-damage|p1a: Kolten's Cheese|38\/100|[from] Leech Seed|[of] p2a: Arboliva\n|upkeep\n|turn|59\n|\n|t:|1700601441\n|move|p1a: Kolten's Cheese|Moonblast|p2a: Arboliva\n|-damage|p2a: Arboliva|19\/100\n|-enditem|p2a: Arboliva|Sitrus Berry|[eat]\n|-heal|p2a: Arboliva|44\/100|[from] item: Sitrus Berry\n|move|p2a: Arboliva|Substitute|p2a: Arboliva\n|-start|p2a: Arboliva|Substitute\n|-damage|p2a: Arboliva|19\/100\n|\n|-heal|p1a: Kolten's Cheese|88\/100|[from] move: Wish|[wisher] Kolten's Cheese\n|-damage|p1a: Kolten's Cheese|76\/100|[from] Leech Seed|[of] p2a: Arboliva\n|-heal|p2a: Arboliva|36\/100|[silent]\n|upkeep\n|turn|60\n|\n|t:|1700601450\n|move|p2a: Arboliva|Protect|p2a: Arboliva\n|-singleturn|p2a: Arboliva|Protect\n|move|p1a: Kolten's Cheese|Flamethrower|p2a: Arboliva\n|-activate|p2a: Arboliva|move: Protect\n|\n|-damage|p1a: Kolten's Cheese|63\/100|[from] Leech Seed|[of] p2a: Arboliva\n|-heal|p2a: Arboliva|52\/100|[silent]\n|upkeep\n|turn|61\n|\n|t:|1700601461\n|move|p1a: Kolten's Cheese|Moonblast|p2a: Arboliva\n|-end|p2a: Arboliva|Substitute\n|move|p2a: Arboliva|Substitute|p2a: Arboliva\n|-start|p2a: Arboliva|Substitute\n|-damage|p2a: Arboliva|27\/100\n|\n|-damage|p1a: Kolten's Cheese|51\/100|[from] Leech Seed|[of] p2a: Arboliva\n|-heal|p2a: Arboliva|44\/100|[silent]\n|-item|p2a: Arboliva|Sitrus Berry|[from] ability: Harvest\n|upkeep\n|-enditem|p2a: Arboliva|Sitrus Berry|[eat]\n|-heal|p2a: Arboliva|69\/100|[from] item: Sitrus Berry\n|turn|62\n|\n|t:|1700601469\n|move|p2a: Arboliva|Protect|p2a: Arboliva\n|-singleturn|p2a: Arboliva|Protect\n|move|p1a: Kolten's Cheese|Wish|p1a: Kolten's Cheese\n|\n|-damage|p1a: Kolten's Cheese|38\/100|[from] Leech Seed|[of] p2a: Arboliva\n|-heal|p2a: Arboliva|85\/100|[silent]\n|upkeep\n|turn|63\n|\n|t:|1700601480\n|move|p1a: Kolten's Cheese|Moonblast|p2a: Arboliva\n|-end|p2a: Arboliva|Substitute\n|move|p2a: Arboliva|Substitute|p2a: Arboliva\n|-start|p2a: Arboliva|Substitute\n|-damage|p2a: Arboliva|60\/100\n|\n|-heal|p1a: Kolten's Cheese|88\/100|[from] move: Wish|[wisher] Kolten's Cheese\n|-damage|p1a: Kolten's Cheese|76\/100|[from] Leech Seed|[of] p2a: Arboliva\n|-heal|p2a: Arboliva|77\/100|[silent]\n|-item|p2a: Arboliva|Sitrus Berry|[from] ability: Harvest\n|upkeep\n|turn|64\n|\n|t:|1700601488\n|move|p2a: Arboliva|Protect|p2a: Arboliva\n|-singleturn|p2a: Arboliva|Protect\n|move|p1a: Kolten's Cheese|Flamethrower|p2a: Arboliva\n|-activate|p2a: Arboliva|move: Protect\n|\n|-damage|p1a: Kolten's Cheese|63\/100|[from] Leech Seed|[of] p2a: Arboliva\n|-heal|p2a: Arboliva|93\/100|[silent]\n|upkeep\n|turn|65\n|\n|t:|1700601503\n|move|p1a: Kolten's Cheese|Moonblast|p2a: Arboliva\n|-end|p2a: Arboliva|Substitute\n|move|p2a: Arboliva|Substitute|p2a: Arboliva\n|-start|p2a: Arboliva|Substitute\n|-damage|p2a: Arboliva|69\/100\n|\n|-damage|p1a: Kolten's Cheese|51\/100|[from] Leech Seed|[of] p2a: Arboliva\n|-heal|p2a: Arboliva|85\/100|[silent]\n|upkeep\n|turn|66\n|\n|t:|1700601512\n|move|p1a: Kolten's Cheese|Wish|p1a: Kolten's Cheese\n|move|p2a: Arboliva|Giga Drain|p1a: Kolten's Cheese\n|-resisted|p1a: Kolten's Cheese\n|-damage|p1a: Kolten's Cheese|45\/100\n|-heal|p2a: Arboliva|89\/100|[from] drain|[of] p1a: Kolten's Cheese\n|\n|-damage|p1a: Kolten's Cheese|32\/100|[from] Leech Seed|[of] p2a: Arboliva\n|-heal|p2a: Arboliva|100\/100|[silent]\n|upkeep\n|turn|67\n|\n|t:|1700601530\n|move|p1a: Kolten's Cheese|Flamethrower|p2a: Arboliva\n|-supereffective|p2a: Arboliva\n|-end|p2a: Arboliva|Substitute\n|move|p2a: Arboliva|Giga Drain|p1a: Kolten's Cheese\n|-resisted|p1a: Kolten's Cheese\n|-damage|p1a: Kolten's Cheese|25\/100\n|\n|-heal|p1a: Kolten's Cheese|75\/100|[from] move: Wish|[wisher] Kolten's Cheese\n|-damage|p1a: Kolten's Cheese|63\/100|[from] Leech Seed|[of] p2a: Arboliva\n|upkeep\n|turn|68\n|\n|t:|1700601543\n|move|p2a: Arboliva|Protect|p2a: Arboliva\n|-singleturn|p2a: Arboliva|Protect\n|move|p1a: Kolten's Cheese|Wish|p1a: Kolten's Cheese\n|\n|-damage|p1a: Kolten's Cheese|50\/100|[from] Leech Seed|[of] p2a: Arboliva\n|upkeep\n|turn|69\n|\n|t:|1700601550\n|switch|p2a: Slowbro|Slowbro, F|80\/100 tox\n|-damage|p2a: Slowbro|68\/100 tox|[from] Stealth Rock\n|move|p1a: Kolten's Cheese|Flamethrower|p2a: Slowbro\n|-resisted|p2a: Slowbro\n|-damage|p2a: Slowbro|46\/100 tox\n|\n|-heal|p1a: Kolten's Cheese|99\/100|[from] move: Wish|[wisher] Kolten's Cheese\n|-heal|p2a: Slowbro|52\/100 tox|[from] item: Leftovers\n|-damage|p1a: Kolten's Cheese|88\/100|[from] Leech Seed|[of] p2a: Slowbro\n|-heal|p2a: Slowbro|64\/100 tox|[silent]\n|-damage|p2a: Slowbro|58\/100 tox|[from] psn\n|upkeep\n|turn|70\n|\n|t:|1700601555\n|move|p1a: Kolten's Cheese|Moonblast|p2a: Slowbro\n|-damage|p2a: Slowbro|0 fnt\n|faint|p2a: Slowbro\n|\n|upkeep\n|\n|t:|1700601559\n|switch|p2a: Arboliva|Arboliva, F|100\/100\n|-damage|p2a: Arboliva|88\/100|[from] Stealth Rock\n|turn|71\n|c|\u2606jayce the mayce|ah\n|\n|t:|1700601565\n|move|p2a: Arboliva|Protect|p2a: Arboliva\n|-singleturn|p2a: Arboliva|Protect\n|move|p1a: Kolten's Cheese|Flamethrower|p2a: Arboliva\n|-activate|p2a: Arboliva|move: Protect\n|\n|-damage|p1a: Kolten's Cheese|75\/100|[from] Leech Seed|[of] p2a: Arboliva\n|-heal|p2a: Arboliva|100\/100|[silent]\n|upkeep\n|turn|72\n|\n|t:|1700601573\n|move|p1a: Kolten's Cheese|Flamethrower|p2a: Arboliva\n|-supereffective|p2a: Arboliva\n|-damage|p2a: Arboliva|0 fnt\n|faint|p2a: Arboliva\n|\n|win|jayce the mayce\n|raw|jayce the mayce's rating: 1274 &rarr; <strong>1294<\/strong><br \/>(+20 for winning)\n|raw|Yasho1999's rating: 1200 &rarr; <strong>1180<\/strong><br \/>(-20 for losing)\n|l|\u2606Yasho1999\n","uploadtime":1700602618,"views":24,"p1id":"jaycethemayce","p2id":"yasho1999","formatid":"gen9ou","rating":1180,"private":0,"password":""}