{"id":"gen9ou-1991742284","p1":"Lppc2","p2":"gamb_over","format":"[Gen 9] OU","log":"|j|\u2606Lppc2\n|j|\u2606gamb_over\n|t:|1700109671\n|gametype|singles\n|player|p1|Lppc2|psychicf|1370\n|player|p2|gamb_over|biker-gen4|1355\n|teamsize|p1|6\n|teamsize|p2|6\n|gen|9\n|tier|[Gen 9] OU\n|rated|\n|rule|Sleep Clause Mod: Limit one foe put to sleep\n|rule|Species Clause: Limit one of each Pok\u00e9mon\n|rule|OHKO Clause: OHKO moves are banned\n|rule|Evasion Items Clause: Evasion items are banned\n|rule|Evasion Moves Clause: Evasion moves are banned\n|rule|Endless Battle Clause: Forcing endless battles is banned\n|rule|HP Percentage Mod: HP is shown in percentages\n|clearpoke\n|poke|p1|Sneasler, F|\n|poke|p1|Articuno-Galar|\n|poke|p1|Sandy Shocks|\n|poke|p1|Dragonite, F|\n|poke|p1|Quaquaval, M|\n|poke|p1|Gholdengo|\n|poke|p2|Ribombee, F|\n|poke|p2|Samurott-Hisui, F|\n|poke|p2|Glimmora, F|\n|poke|p2|Ninetales-Alola, F|\n|poke|p2|Iron Treads|\n|poke|p2|Kingambit, F|\n|teampreview\n|\n|t:|1700109699\n|start\n|switch|p1a: Quaquaval|Quaquaval, M|100\/100\n|switch|p2a: WEB META|Ribombee, F|100\/100\n|turn|1\n|inactive|Battle timer is ON: inactive players will automatically lose when time's up. (requested by gamb_over)\n|\n|t:|1700109713\n|-terastallize|p1a: Quaquaval|Steel\n|move|p2a: WEB META|Moonblast|p1a: Quaquaval\n|-resisted|p1a: Quaquaval\n|-damage|p1a: Quaquaval|73\/100\n|-unboost|p1a: Quaquaval|spa|1\n|move|p1a: Quaquaval|Swords Dance|p1a: Quaquaval\n|-boost|p1a: Quaquaval|atk|2\n|\n|upkeep\n|turn|2\n|\n|t:|1700109720\n|move|p2a: WEB META|Stun Spore|p1a: Quaquaval|[miss]\n|-miss|p2a: WEB META|p1a: Quaquaval\n|move|p1a: Quaquaval|Aqua Step|p2a: WEB META\n|-enditem|p2a: WEB META|Focus Sash\n|-damage|p2a: WEB META|1\/100\n|-boost|p1a: Quaquaval|spe|1\n|\n|upkeep\n|turn|3\n|c|\u2606gamb_over|khfABEJLJ:\n|j| Prinplup forever\n|\n|t:|1700109725\n|move|p1a: Quaquaval|Aqua Step|p2a: WEB META\n|-damage|p2a: WEB META|0 fnt\n|-boost|p1a: Quaquaval|spe|1\n|faint|p2a: WEB META\n|-ability|p1a: Quaquaval|Moxie|boost\n|-boost|p1a: Quaquaval|atk|1\n|\n|upkeep\n|\n|t:|1700109730\n|switch|p2a: TSPIKE META|Glimmora, F|100\/100\n|turn|4\n|c|\u2606gamb_over|HULEBI\n|\n|t:|1700109741\n|move|p1a: Quaquaval|Aqua Step|p2a: TSPIKE META\n|-supereffective|p2a: TSPIKE META\n|-enditem|p2a: TSPIKE META|Focus Sash\n|-damage|p2a: TSPIKE META|1\/100\n|-boost|p1a: Quaquaval|spe|1\n|move|p2a: TSPIKE META|Earth Power|p1a: Quaquaval\n|-supereffective|p1a: Quaquaval\n|-damage|p1a: Quaquaval|0 fnt\n|faint|p1a: Quaquaval\n|\n|upkeep\n|\n|t:|1700109746\n|switch|p1a: Sandy Shocks|Sandy Shocks|100\/100\n|turn|5\n|\n|t:|1700109752\n|move|p1a: Sandy Shocks|Light Screen|p1a: Sandy Shocks\n|-sidestart|p1: Lppc2|move: Light Screen\n|move|p2a: TSPIKE META|Earth Power|p1a: Sandy Shocks\n|-supereffective|p1a: Sandy Shocks\n|-damage|p1a: Sandy Shocks|67\/100\n|\n|upkeep\n|turn|6\n|\n|t:|1700109757\n|move|p1a: Sandy Shocks|Volt Switch|p2a: TSPIKE META\n|-damage|p2a: TSPIKE META|0 fnt\n|faint|p2a: TSPIKE META\n|\n|t:|1700109764\n|-end|p1a: Sandy Shocks|Protosynthesis|[silent]\n|switch|p1a: Dragonite|Dragonite, F|100\/100|[from] Volt Switch\n|\n|upkeep\n|\n|t:|1700109769\n|switch|p2a: 69tales|Ninetales-Alola, F|100\/100\n|-weather|Snow|[from] ability: Snow Warning|[of] p2a: 69tales\n|turn|7\n|\n|t:|1700109772\n|move|p2a: 69tales|Aurora Veil|p2a: 69tales\n|-sidestart|p2: gamb_over|move: Aurora Veil\n|move|p1a: Dragonite|Dragon Dance|p1a: Dragonite\n|-boost|p1a: Dragonite|atk|1\n|-boost|p1a: Dragonite|spe|1\n|\n|-weather|Snow|[upkeep]\n|upkeep\n|turn|8\n|\n|t:|1700109774\n|move|p1a: Dragonite|Encore|p2a: 69tales\n|-start|p2a: 69tales|Encore\n|move|p2a: 69tales|Aurora Veil||[still]\n|-fail|p2a: 69tales\n|\n|-weather|Snow|[upkeep]\n|upkeep\n|turn|9\n|\n|t:|1700109778\n|switch|p2a: SPIKE META|Samurott-Hisui, F|100\/100\n|move|p1a: Dragonite|Dragon Dance|p1a: Dragonite\n|-boost|p1a: Dragonite|atk|1\n|-boost|p1a: Dragonite|spe|1\n|\n|-weather|Snow|[upkeep]\n|upkeep\n|turn|10\n|\n|t:|1700109782\n|move|p1a: Dragonite|Extreme Speed|p2a: SPIKE META\n|-damage|p2a: SPIKE META|57\/100\n|move|p2a: SPIKE META|Flip Turn|p1a: Dragonite\n|-resisted|p1a: Dragonite\n|-damage|p1a: Dragonite|95\/100\n|\n|t:|1700109785\n|switch|p2a: 69tales|Ninetales-Alola, F|100\/100|[from] Flip Turn\n|\n|-weather|Snow|[upkeep]\n|upkeep\n|turn|11\n|\n|t:|1700109790\n|move|p1a: Dragonite|Earthquake|p2a: 69tales\n|-damage|p2a: 69tales|66\/100\n|move|p2a: 69tales|Freeze-Dry|p1a: Dragonite\n|-supereffective|p1a: Dragonite\n|-damage|p1a: Dragonite|57\/100\n|\n|-weather|none\n|upkeep\n|turn|12\n|c|\u2606gamb_over|MASTERFUL PIBOT!\n|c|\u2606gamb_over|HOLY MAKEREL\n|\n|t:|1700109800\n|move|p1a: Dragonite|Earthquake|p2a: 69tales\n|-damage|p2a: 69tales|20\/100\n|move|p2a: 69tales|Encore|p1a: Dragonite\n|-start|p1a: Dragonite|Encore\n|\n|-sideend|p1: Lppc2|move: Light Screen\n|upkeep\n|turn|13\n|\n|t:|1700109805\n|switch|p2a: SPIKE META|Samurott-Hisui, F|57\/100\n|move|p1a: Dragonite|Earthquake|p2a: SPIKE META\n|-damage|p2a: SPIKE META|0 fnt\n|faint|p2a: SPIKE META\n|\n|upkeep\n|\n|t:|1700109809\n|switch|p2a: IRON TUSK 69|Iron Treads|100\/100\n|-enditem|p2a: IRON TUSK 69|Booster Energy\n|-activate|p2a: IRON TUSK 69|ability: Quark Drive|[fromitem]\n|-start|p2a: IRON TUSK 69|quarkdrivespe\n|turn|14\n|\n|t:|1700109812\n|move|p1a: Dragonite|Earthquake|p2a: IRON TUSK 69\n|-supereffective|p2a: IRON TUSK 69\n|-damage|p2a: IRON TUSK 69|25\/100\n|move|p2a: IRON TUSK 69|Steel Beam|p1a: Dragonite\n|-damage|p1a: Dragonite|0 fnt\n|-damage|p2a: IRON TUSK 69|0 fnt|[from] steelbeam\n|faint|p2a: IRON TUSK 69\n|-end|p2a: IRON TUSK 69|Quark Drive|[silent]\n|faint|p1a: Dragonite\n|\n|-sideend|p2: gamb_over|move: Aurora Veil\n|upkeep\n|\n|t:|1700109815\n|switch|p2a: 69tales|Ninetales-Alola, F|20\/100\n|switch|p1a: Sandy Shocks|Sandy Shocks|67\/100\n|-weather|Snow|[from] ability: Snow Warning|[of] p2a: 69tales\n|turn|15\n|\n|t:|1700109819\n|move|p2a: 69tales|Aurora Veil|p2a: 69tales\n|-sidestart|p2: gamb_over|move: Aurora Veil\n|move|p1a: Sandy Shocks|Reflect|p1a: Sandy Shocks\n|-sidestart|p1: Lppc2|Reflect\n|\n|-weather|Snow|[upkeep]\n|upkeep\n|turn|16\n|\n|t:|1700109824\n|move|p2a: 69tales|Encore|p1a: Sandy Shocks\n|-start|p1a: Sandy Shocks|Encore\n|move|p1a: Sandy Shocks|Reflect||[still]\n|-fail|p1a: Sandy Shocks\n|\n|-weather|Snow|[upkeep]\n|upkeep\n|turn|17\n|\n|t:|1700109831\n|switch|p2a: Rigged Suspect|Kingambit, F|100\/100\n|-activate|p2a: Rigged Suspect|ability: Supreme Overlord\n|-start|p2a: Rigged Suspect|fallen4|[silent]\n|-end|p1a: Sandy Shocks|Protosynthesis|[silent]\n|switch|p1a: Articuno|Articuno-Galar|100\/100\n|\n|-weather|Snow|[upkeep]\n|upkeep\n|turn|18\n|c| Prinplup forever|should go sneasler though\n|c| Prinplup forever|outspeed atales\n|\n|t:|1700109844\n|switch|p1a: Sandy Shocks|Sandy Shocks|67\/100\n|-terastallize|p2a: Rigged Suspect|Fairy\n|move|p2a: Rigged Suspect|Swords Dance|p2a: Rigged Suspect\n|-boost|p2a: Rigged Suspect|atk|2\n|\n|-weather|Snow|[upkeep]\n|upkeep\n|turn|19\n|\n|t:|1700109850\n|move|p2a: Rigged Suspect|Sucker Punch|p1a: Sandy Shocks\n|-damage|p1a: Sandy Shocks|13\/100\n|move|p1a: Sandy Shocks|Volt Switch|p2a: Rigged Suspect\n|-damage|p2a: Rigged Suspect|87\/100\n|\n|t:|1700109853\n|-end|p1a: Sandy Shocks|Protosynthesis|[silent]\n|switch|p1a: Sneasler|Sneasler, F|100\/100|[from] Volt Switch\n|-item|p1a: Sneasler|Air Balloon\n|\n|-weather|none\n|-heal|p2a: Rigged Suspect|93\/100|[from] item: Leftovers\n|upkeep\n|turn|20\n|c|\u2606gamb_over|NANDATO\n|\n|t:|1700109858\n|move|p1a: Sneasler|Swords Dance|p1a: Sneasler\n|-boost|p1a: Sneasler|atk|2\n|move|p2a: Rigged Suspect|Tera Blast|p1a: Sneasler|[anim] Tera Blast Fairy\n|-damage|p1a: Sneasler|0 fnt\n|-enditem|p1a: Sneasler|Air Balloon\n|faint|p1a: Sneasler\n|\n|-heal|p2a: Rigged Suspect|99\/100|[from] item: Leftovers\n|upkeep\n|c|\u2606Lppc2|gg\n|c|\u2606gamb_over|not gg yet\n|c|\u2606Lppc2|cool pepol!\n|inactive|Lppc2 has 120 seconds left.\n|-message|Lppc2 forfeited.\n|\n|win|gamb_over\n|raw|Lppc2's rating: 1370 &rarr; <strong>1349<\/strong><br \/>(-21 for losing)\n|raw|gamb_over's rating: 1355 &rarr; <strong>1376<\/strong><br \/>(+21 for winning)\n|l|\u2606Lppc2\n","uploadtime":1700109897,"views":8,"p1id":"lppc2","p2id":"gambover","formatid":"gen9ou","rating":1349,"private":0,"password":""}