{"id":"gen9ou-1994149378","p1":"Lenoxum","p2":"TS E4 G-Man","format":"[Gen 9] OU","log":"|j|\u2606Lenoxum\n|j|\u2606TS E4 G-Man\n|inactive|Battle timer is ON: inactive players will automatically lose when time's up.\n|t:|1700412631\n|gametype|singles\n|player|p1|Lenoxum|turo-ai|\n|player|p2|TS E4 G-Man|kukui-stand|\n|teamsize|p1|3\n|teamsize|p2|3\n|gen|9\n|tier|[Gen 9] OU\n|rated|Tournament battle\n|rule|Sleep Clause Mod: Limit one foe put to sleep\n|rule|Species Clause: Limit one of each Pok\u00e9mon\n|rule|OHKO Clause: OHKO moves are banned\n|rule|Evasion Items Clause: Evasion items are banned\n|rule|Evasion Moves Clause: Evasion moves are banned\n|rule|Endless Battle Clause: Forcing endless battles is banned\n|rule|HP Percentage Mod: HP is shown in percentages\n|rule|350 Cup Mod: If a Pokemon's BST is 350 or lower, all of its stats get doubled.\n|clearpoke\n|poke|p1|Zorua-Hisui, M|\n|poke|p1|Cinderace, M|\n|poke|p1|Grimer-Alola, M|\n|poke|p2|Bonsly, F|\n|poke|p2|Piplup, M|\n|poke|p2|Pelipper, M|\n|teampreview\n|j|*Lady Monita \u2746\n|c|\u2606Lenoxum|glhf\n|j| e3n\n|j| DabBuster184\n|\n|t:|1700412651\n|start\n|switch|p1a: Grimer|Grimer-Alola, M, shiny|100\/100\n|switch|p2a: Bonsly|Bonsly, F|100\/100\n|turn|1\n|j| SighofEnd\n|j| Yeet259\n|\n|t:|1700412663\n|move|p1a: Grimer|Calm Mind|p1a: Grimer\n|-boost|p1a: Grimer|spa|1\n|-boost|p1a: Grimer|spd|1\n|move|p2a: Bonsly|Earthquake|p1a: Grimer\n|-damage|p1a: Grimer|55\/100\n|replace|p1a: Zorua|Zorua-Hisui, M, shiny\n|-end|p1a: Zorua|Illusion\n|\n|upkeep\n|turn|2\n|c| SighofEnd|glhf (I'm not the one battling)\n|c|\u2606TS E4 G-Man|hf\n|\n|t:|1700412688\n|-terastallize|p1a: Zorua|Ghost\n|move|p1a: Zorua|Bitter Malice|p2a: Bonsly\n|-damage|p2a: Bonsly|45\/100\n|-unboost|p2a: Bonsly|atk|1\n|move|p2a: Bonsly|Stone Edge|p1a: Zorua\n|-crit|p1a: Zorua\n|-damage|p1a: Zorua|0 fnt\n|faint|p1a: Zorua\n|\n|upkeep\n|\n|t:|1700412700\n|switch|p1a: Cinderace|Cinderace, M, shiny|100\/100\n|turn|3\n|\n|t:|1700412703\n|move|p2a: Bonsly|Sucker Punch|p1a: Cinderace\n|-damage|p1a: Cinderace|71\/100\n|move|p1a: Cinderace|High Jump Kick|p2a: Bonsly\n|-start|p1a: Cinderace|typechange|Fighting|[from] ability: Libero\n|-supereffective|p2a: Bonsly\n|-damage|p2a: Bonsly|0 fnt\n|faint|p2a: Bonsly\n|\n|upkeep\n|\n|t:|1700412705\n|switch|p2a: Pelipper|Pelipper, M|100\/100\n|-weather|RainDance|[from] ability: Drizzle|[of] p2a: Pelipper\n|turn|4\n|\n|t:|1700412714\n|move|p1a: Cinderace|High Jump Kick|p2a: Pelipper\n|-resisted|p2a: Pelipper\n|-damage|p2a: Pelipper|62\/100\n|move|p2a: Pelipper|Tailwind|p2a: Pelipper\n|-sidestart|p2: TS E4 G-Man|move: Tailwind\n|\n|-weather|RainDance|[upkeep]\n|upkeep\n|turn|5\n|\n|t:|1700412719\n|move|p1a: Cinderace|High Jump Kick|p2a: Pelipper\n|-resisted|p2a: Pelipper\n|-damage|p2a: Pelipper|23\/100\n|move|p2a: Pelipper|Hurricane|p1a: Cinderace\n|-supereffective|p1a: Cinderace\n|-damage|p1a: Cinderace|0 fnt\n|faint|p1a: Cinderace\n|\n|-weather|RainDance|[upkeep]\n|upkeep\n|\n|t:|1700412728\n|switch|p1a: Grimer|Grimer-Alola, M, shiny|100\/100\n|turn|6\n|\n|t:|1700412732\n|move|p1a: Grimer|Shadow Sneak|p2a: Pelipper\n|-damage|p2a: Pelipper|4\/100\n|move|p2a: Pelipper|Weather Ball|p1a: Grimer\n|-damage|p1a: Grimer|69\/100\n|\n|-weather|RainDance|[upkeep]\n|upkeep\n|turn|7\n|\n|t:|1700412738\n|move|p1a: Grimer|Shadow Sneak|p2a: Pelipper\n|-damage|p2a: Pelipper|0 fnt\n|faint|p2a: Pelipper\n|\n|-weather|RainDance|[upkeep]\n|-sideend|p2: TS E4 G-Man|move: Tailwind\n|upkeep\n|\n|t:|1700412739\n|switch|p2a: Piplup|Piplup, M|100\/100\n|turn|8\n|\n|t:|1700412743\n|-terastallize|p2a: Piplup|Water\n|move|p2a: Piplup|Hydro Pump|p1a: Grimer\n|-damage|p1a: Grimer|11\/100\n|move|p1a: Grimer|Knock Off|p2a: Piplup\n|-damage|p2a: Piplup|59\/100\n|-enditem|p2a: Piplup|Eviolite|[from] move: Knock Off|[of] p1a: Grimer\n|\n|-weather|none\n|upkeep\n|turn|9\n|c|\u2606Lenoxum|gg\n|c|\u2606TS E4 G-Man|gg\n|\n|t:|1700412754\n|move|p2a: Piplup|Hydro Pump|p1a: Grimer\n|-damage|p1a: Grimer|0 fnt\n|faint|p1a: Grimer\n|\n|win|TS E4 G-Man\n|n|\u2606Lenoxum|lenoxum\n|n|\u2606TS E4 G-Man|tse4gman\n|n|*Lady Monita \u2746|ladymonita\n|n| e3n|e3n\n|n| DabBuster184|dabbuster184\n|n| SighofEnd|sighofend\n|n| Yeet259|yeet259\n","uploadtime":1700412755,"views":7,"p1id":"lenoxum","p2id":"tse4gman","formatid":"gen9ou","rating":0,"private":0,"password":""}