{"id":"gen9ou-1991141897","p1":"Abby Syclette","p2":"hoverinope","format":"[Gen 9] OU","log":"|j|\u2606Abby Syclette\n|j|\u2606hoverinope\n|t:|1700049253\n|gametype|singles\n|player|p1|Abby Syclette|will|1285\n|player|p2|hoverinope|101|1263\n|teamsize|p1|6\n|teamsize|p2|6\n|gen|9\n|tier|[Gen 9] OU\n|rated|\n|rule|Sleep Clause Mod: Limit one foe put to sleep\n|rule|Species Clause: Limit one of each Pok\u00e9mon\n|rule|OHKO Clause: OHKO moves are banned\n|rule|Evasion Items Clause: Evasion items are banned\n|rule|Evasion Moves Clause: Evasion moves are banned\n|rule|Endless Battle Clause: Forcing endless battles is banned\n|rule|HP Percentage Mod: HP is shown in percentages\n|clearpoke\n|poke|p1|Ursaluna, M|\n|poke|p1|Enamorus, F|\n|poke|p1|Dragapult, M|\n|poke|p1|Great Tusk|\n|poke|p1|Rotom-Wash|\n|poke|p1|Sneasler, M|\n|poke|p2|Poliwrath, M|\n|poke|p2|Pelipper, F|\n|poke|p2|Overqwil, M|\n|poke|p2|Rillaboom, F|\n|poke|p2|Iron Treads|\n|poke|p2|Zapdos|\n|teampreview\n|inactive|Battle timer is ON: inactive players will automatically lose when time's up. (requested by hoverinope)\n|inactive|Abby Syclette has 120 seconds left.\n|\n|t:|1700049296\n|start\n|switch|p1a: Sneasler|Sneasler, M|100\/100\n|switch|p2a: Pelipper|Pelipper, F|100\/100\n|-weather|RainDance|[from] ability: Drizzle|[of] p2a: Pelipper\n|turn|1\n|\n|t:|1700049304\n|move|p1a: Sneasler|U-turn|p2a: Pelipper\n|-resisted|p2a: Pelipper\n|-damage|p2a: Pelipper|83\/100\n|\n|t:|1700049311\n|switch|p1a: Rotom|Rotom-Wash|100\/100|[from] U-turn\n|move|p2a: Pelipper|Hurricane|p1a: Rotom\n|-resisted|p1a: Rotom\n|-damage|p1a: Rotom|87\/100\n|-start|p1a: Rotom|confusion\n|\n|-weather|RainDance|[upkeep]\n|-heal|p1a: Rotom|94\/100|[from] item: Leftovers\n|upkeep\n|turn|2\n|\n|t:|1700049326\n|switch|p2a: Rillaboom|Rillaboom, F|100\/100\n|-fieldstart|move: Grassy Terrain|[from] ability: Grassy Surge|[of] p2a: Rillaboom\n|-activate|p1a: Rotom|confusion\n|-damage|p1a: Rotom|88\/100|[from] confusion\n|\n|-weather|RainDance|[upkeep]\n|-heal|p1a: Rotom|95\/100|[from] item: Leftovers\n|upkeep\n|turn|3\n|\n|t:|1700049337\n|-end|p1a: Rotom|confusion\n|move|p1a: Rotom|Protect|p1a: Rotom\n|-singleturn|p1a: Rotom|Protect\n|move|p2a: Rillaboom|Grassy Glide|p1a: Rotom\n|-activate|p1a: Rotom|move: Protect\n|\n|-weather|RainDance|[upkeep]\n|-heal|p1a: Rotom|100\/100|[from] item: Leftovers\n|upkeep\n|turn|4\n|\n|t:|1700049352\n|switch|p2a: Zapdos|Zapdos|100\/100\n|switch|p1a: Sneasler|Sneasler, M|100\/100\n|\n|-weather|RainDance|[upkeep]\n|upkeep\n|turn|5\n|\n|t:|1700049363\n|switch|p1a: Rotom|Rotom-Wash|100\/100\n|move|p2a: Zapdos|Thunder|p1a: Rotom\n|-damage|p1a: Rotom|53\/100\n|\n|-weather|RainDance|[upkeep]\n|-heal|p1a: Rotom|59\/100|[from] item: Leftovers\n|upkeep\n|turn|6\n|\n|t:|1700049371\n|move|p1a: Rotom|Protect|p1a: Rotom\n|-singleturn|p1a: Rotom|Protect\n|move|p2a: Zapdos|Thunder|p1a: Rotom\n|-activate|p1a: Rotom|move: Protect\n|\n|-weather|RainDance|[upkeep]\n|-heal|p1a: Rotom|66\/100|[from] item: Leftovers\n|-fieldend|move: Grassy Terrain\n|upkeep\n|turn|7\n|\n|t:|1700049383\n|move|p2a: Zapdos|Weather Ball|p1a: Rotom\n|-resisted|p1a: Rotom\n|-damage|p1a: Rotom|46\/100\n|move|p1a: Rotom|Hydro Pump|p2a: Zapdos\n|-damage|p2a: Zapdos|36\/100\n|\n|-weather|RainDance|[upkeep]\n|-heal|p1a: Rotom|52\/100|[from] item: Leftovers\n|upkeep\n|turn|8\n|\n|t:|1700049396\n|move|p2a: Zapdos|Roost|p2a: Zapdos\n|-heal|p2a: Zapdos|86\/100\n|-singleturn|p2a: Zapdos|move: Roost\n|move|p1a: Rotom|Hydro Pump|p2a: Zapdos\n|-damage|p2a: Zapdos|20\/100\n|\n|-weather|none\n|-heal|p1a: Rotom|58\/100|[from] item: Leftovers\n|upkeep\n|turn|9\n|\n|t:|1700049405\n|move|p2a: Zapdos|Roost|p2a: Zapdos\n|-heal|p2a: Zapdos|71\/100\n|-singleturn|p2a: Zapdos|move: Roost\n|move|p1a: Rotom|Hydro Pump|p2a: Zapdos\n|-crit|p2a: Zapdos\n|-damage|p2a: Zapdos|0 fnt\n|faint|p2a: Zapdos\n|\n|-heal|p1a: Rotom|64\/100|[from] item: Leftovers\n|upkeep\n|\n|t:|1700049419\n|switch|p2a: Rillaboom|Rillaboom, F|100\/100\n|-fieldstart|move: Grassy Terrain|[from] ability: Grassy Surge|[of] p2a: Rillaboom\n|turn|10\n|\n|t:|1700049432\n|switch|p2a: Pelipper|Pelipper, F|83\/100\n|-weather|RainDance|[from] ability: Drizzle|[of] p2a: Pelipper\n|switch|p1a: Sneasler|Sneasler, M|100\/100\n|\n|-weather|RainDance|[upkeep]\n|upkeep\n|turn|11\n|\n|t:|1700049441\n|move|p1a: Sneasler|U-turn|p2a: Pelipper\n|-resisted|p2a: Pelipper\n|-damage|p2a: Pelipper|66\/100\n|\n|t:|1700049446\n|switch|p1a: Rotom|Rotom-Wash|64\/100|[from] U-turn\n|move|p2a: Pelipper|U-turn|p1a: Rotom\n|-damage|p1a: Rotom|56\/100\n|\n|t:|1700049467\n|switch|p2a: Overqwil|Overqwil, M|100\/100|[from] U-turn\n|\n|-weather|RainDance|[upkeep]\n|-heal|p1a: Rotom|62\/100|[from] item: Leftovers\n|upkeep\n|turn|12\n|\n|t:|1700049475\n|move|p1a: Rotom|Protect|p1a: Rotom\n|-singleturn|p1a: Rotom|Protect\n|move|p2a: Overqwil|Swords Dance|p2a: Overqwil\n|-boost|p2a: Overqwil|atk|2\n|\n|-weather|RainDance|[upkeep]\n|-heal|p1a: Rotom|68\/100|[from] item: Leftovers\n|upkeep\n|turn|13\n|\n|t:|1700049487\n|move|p2a: Overqwil|Crunch|p1a: Rotom\n|-damage|p1a: Rotom|0 fnt\n|faint|p1a: Rotom\n|-damage|p2a: Overqwil|91\/100|[from] item: Life Orb\n|\n|-weather|RainDance|[upkeep]\n|-heal|p2a: Overqwil|97\/100|[from] Grassy Terrain\n|upkeep\n|inactive|Abby Syclette has 120 seconds left.\n|\n|t:|1700049513\n|switch|p1a: Enamorus|Enamorus, F|100\/100\n|turn|14\n|\n|t:|1700049519\n|move|p2a: Overqwil|Gunk Shot|p1a: Enamorus|[miss]\n|-miss|p2a: Overqwil|p1a: Enamorus\n|move|p1a: Enamorus|Substitute|p1a: Enamorus\n|-start|p1a: Enamorus|Substitute\n|-damage|p1a: Enamorus|76\/100\n|\n|-weather|RainDance|[upkeep]\n|-heal|p2a: Overqwil|100\/100|[from] Grassy Terrain\n|-heal|p1a: Enamorus|82\/100|[from] item: Leftovers\n|-fieldend|move: Grassy Terrain\n|upkeep\n|turn|15\n|\n|t:|1700049532\n|move|p2a: Overqwil|Gunk Shot|p1a: Enamorus|[miss]\n|-miss|p2a: Overqwil|p1a: Enamorus\n|move|p1a: Enamorus|Superpower|p2a: Overqwil\n|-damage|p2a: Overqwil|55\/100\n|-boost|p1a: Enamorus|atk|1\n|-boost|p1a: Enamorus|def|1\n|\n|-weather|RainDance|[upkeep]\n|-heal|p1a: Enamorus|88\/100|[from] item: Leftovers\n|upkeep\n|turn|16\n|\n|t:|1700049543\n|move|p2a: Overqwil|Gunk Shot|p1a: Enamorus\n|-supereffective|p1a: Enamorus\n|-end|p1a: Enamorus|Substitute\n|-damage|p2a: Overqwil|45\/100|[from] item: Life Orb\n|move|p1a: Enamorus|Superpower|p2a: Overqwil\n|-damage|p2a: Overqwil|0 fnt\n|-boost|p1a: Enamorus|atk|1\n|-boost|p1a: Enamorus|def|1\n|faint|p2a: Overqwil\n|\n|-weather|RainDance|[upkeep]\n|-heal|p1a: Enamorus|94\/100|[from] item: Leftovers\n|upkeep\n|\n|t:|1700049552\n|switch|p2a: Iron Treads|Iron Treads|100\/100\n|turn|17\n|inactive|Abby Syclette has 120 seconds left.\n|\n|t:|1700049579\n|move|p1a: Enamorus|Substitute|p1a: Enamorus\n|-start|p1a: Enamorus|Substitute\n|-damage|p1a: Enamorus|69\/100\n|move|p2a: Iron Treads|Ice Spinner|p1a: Enamorus\n|-supereffective|p1a: Enamorus\n|-end|p1a: Enamorus|Substitute\n|\n|-weather|none\n|-heal|p1a: Enamorus|76\/100|[from] item: Leftovers\n|upkeep\n|turn|18\n|inactive|Abby Syclette has 120 seconds left.\n|\n|t:|1700049593\n|move|p1a: Enamorus|Superpower|p2a: Iron Treads\n|-supereffective|p2a: Iron Treads\n|-damage|p2a: Iron Treads|0 fnt\n|-boost|p1a: Enamorus|atk|1\n|-boost|p1a: Enamorus|def|1\n|faint|p2a: Iron Treads\n|-end|p2a: Iron Treads|Quark Drive|[silent]\n|\n|-heal|p1a: Enamorus|82\/100|[from] item: Leftovers\n|upkeep\n|\n|t:|1700049610\n|switch|p2a: Pelipper|Pelipper, F|66\/100\n|-weather|RainDance|[from] ability: Drizzle|[of] p2a: Pelipper\n|turn|19\n|\n|t:|1700049619\n|move|p1a: Enamorus|Play Rough|p2a: Pelipper\n|-damage|p2a: Pelipper|0 fnt\n|faint|p2a: Pelipper\n|\n|-weather|RainDance|[upkeep]\n|-heal|p1a: Enamorus|88\/100|[from] item: Leftovers\n|upkeep\n|\n|t:|1700049623\n|switch|p2a: Poliwrath|Poliwrath, M|100\/100\n|turn|20\n|\n|t:|1700049628\n|-terastallize|p2a: Poliwrath|Poison\n|move|p2a: Poliwrath|Belly Drum|p2a: Poliwrath\n|-damage|p2a: Poliwrath|50\/100\n|-setboost|p2a: Poliwrath|atk|6|[from] move: Belly Drum\n|-enditem|p2a: Poliwrath|Sitrus Berry|[eat]\n|-heal|p2a: Poliwrath|75\/100|[from] item: Sitrus Berry\n|move|p1a: Enamorus|Play Rough|p2a: Poliwrath|[miss]\n|-miss|p1a: Enamorus|p2a: Poliwrath\n|\n|-weather|RainDance|[upkeep]\n|-heal|p1a: Enamorus|94\/100|[from] item: Leftovers\n|upkeep\n|turn|21\n|inactive|Abby Syclette has 120 seconds left.\n|\n|t:|1700049674\n|switch|p1a: Sneasler|Sneasler, M|100\/100\n|move|p2a: Poliwrath|Tera Blast|p1a: Sneasler|[anim] Tera Blast Poison\n|-resisted|p1a: Sneasler\n|-damage|p1a: Sneasler|0 fnt\n|faint|p1a: Sneasler\n|\n|-weather|RainDance|[upkeep]\n|upkeep\n|inactive|Abby Syclette has 90 seconds left.\n|\n|t:|1700049709\n|switch|p1a: Great Tusk|Great Tusk|100\/100\n|turn|22\n|\n|t:|1700049720\n|-terastallize|p1a: Great Tusk|Steel\n|move|p2a: Poliwrath|Liquidation|p1a: Great Tusk\n|-damage|p1a: Great Tusk|2\/100\n|-unboost|p1a: Great Tusk|def|1\n|move|p1a: Great Tusk|Earthquake|p2a: Poliwrath\n|-supereffective|p2a: Poliwrath\n|-damage|p2a: Poliwrath|0 fnt\n|faint|p2a: Poliwrath\n|\n|-weather|RainDance|[upkeep]\n|-heal|p1a: Great Tusk|9\/100|[from] item: Leftovers\n|upkeep\n|c|\u2606hoverinope|thank god for RNG lol\n|c|\u2606hoverinope|fucking 3 misses 2 crits and 2 hp remaining on your side\n|c|\u2606hoverinope|dumb as fuck\n|\n|t:|1700049742\n|switch|p2a: Rillaboom|Rillaboom, F|100\/100\n|-fieldstart|move: Grassy Terrain|[from] ability: Grassy Surge|[of] p2a: Rillaboom\n|turn|23\n|inactive|Abby Syclette has 90 seconds left.\n|\n|t:|1700049753\n|move|p2a: Rillaboom|Grassy Glide|p1a: Great Tusk\n|-resisted|p1a: Great Tusk\n|-damage|p1a: Great Tusk|0 fnt\n|faint|p1a: Great Tusk\n|-end|p1a: Great Tusk|Protosynthesis|[silent]\n|\n|-weather|RainDance|[upkeep]\n|upkeep\n|\n|t:|1700049760\n|switch|p1a: Enamorus|Enamorus, F|94\/100\n|turn|24\n|inactive|Abby Syclette has 90 seconds left.\n|\n|t:|1700049767\n|move|p2a: Rillaboom|Grassy Glide|p1a: Enamorus\n|-resisted|p1a: Enamorus\n|-damage|p1a: Enamorus|43\/100\n|move|p1a: Enamorus|Superpower|p2a: Rillaboom\n|-damage|p2a: Rillaboom|61\/100\n|-boost|p1a: Enamorus|atk|1\n|-boost|p1a: Enamorus|def|1\n|\n|-weather|RainDance|[upkeep]\n|-heal|p1a: Enamorus|50\/100|[from] item: Leftovers\n|-heal|p2a: Rillaboom|67\/100|[from] Grassy Terrain\n|upkeep\n|turn|25\n|inactive|Abby Syclette has 90 seconds left.\n|\n|t:|1700049778\n|move|p2a: Rillaboom|Grassy Glide|p1a: Enamorus\n|-resisted|p1a: Enamorus\n|-damage|p1a: Enamorus|18\/100\n|move|p1a: Enamorus|Superpower|p2a: Rillaboom\n|-damage|p2a: Rillaboom|9\/100\n|-boost|p1a: Enamorus|atk|1\n|-boost|p1a: Enamorus|def|1\n|\n|-weather|RainDance|[upkeep]\n|-heal|p1a: Enamorus|24\/100|[from] item: Leftovers\n|-heal|p2a: Rillaboom|15\/100|[from] Grassy Terrain\n|upkeep\n|turn|26\n|inactive|Abby Syclette has 90 seconds left.\n|\n|t:|1700049788\n|move|p2a: Rillaboom|Grassy Glide|p1a: Enamorus\n|-resisted|p1a: Enamorus\n|-damage|p1a: Enamorus|0 fnt\n|faint|p1a: Enamorus\n|\n|-weather|none\n|-heal|p2a: Rillaboom|21\/100|[from] Grassy Terrain\n|upkeep\n|inactive|Abby Syclette has 90 seconds left.\n|\n|t:|1700049795\n|switch|p1a: Dragapult|Dragapult, M|100\/100\n|turn|27\n|\n|t:|1700049799\n|move|p2a: Rillaboom|Grassy Glide|p1a: Dragapult\n|-resisted|p1a: Dragapult\n|-damage|p1a: Dragapult|61\/100\n|move|p1a: Dragapult|Flamethrower|p2a: Rillaboom\n|-supereffective|p2a: Rillaboom\n|-damage|p2a: Rillaboom|0 fnt\n|faint|p2a: Rillaboom\n|\n|win|Abby Syclette\n|raw|Abby Syclette's rating: 1285 &rarr; <strong>1308<\/strong><br \/>(+23 for winning)\n|raw|hoverinope's rating: 1263 &rarr; <strong>1240<\/strong><br \/>(-23 for losing)\n","uploadtime":1700049742,"views":7,"p1id":"abbysyclette","p2id":"hoverinope","formatid":"gen9ou","rating":1240,"private":0,"password":""}