{"id":"gen9ou-1997642186","p1":"registeelrocksyou","p2":"Mr.Pokedoctor","format":"[Gen 9] OU","log":"|j|\u2606registeelrocksyou\n|j|\u2606Mr.Pokedoctor\n|t:|1700836591\n|gametype|singles\n|player|p1|registeelrocksyou|1|1106\n|player|p2|Mr.Pokedoctor|170|1078\n|teamsize|p1|6\n|teamsize|p2|6\n|gen|9\n|tier|[Gen 9] OU\n|rated|\n|rule|Sleep Clause Mod: Limit one foe put to sleep\n|rule|Species Clause: Limit one of each Pok\u00e9mon\n|rule|OHKO Clause: OHKO moves are banned\n|rule|Evasion Items Clause: Evasion items are banned\n|rule|Evasion Moves Clause: Evasion moves are banned\n|rule|Endless Battle Clause: Forcing endless battles is banned\n|rule|HP Percentage Mod: HP is shown in percentages\n|clearpoke\n|poke|p1|Ribombee, M|\n|poke|p1|Zoroark-Hisui, F|\n|poke|p1|Ceruledge, F|\n|poke|p1|Iron Moth|\n|poke|p1|Torkoal, F|\n|poke|p1|Tinkaton, F|\n|poke|p2|Walking Wake|\n|poke|p2|Kingambit, M|\n|poke|p2|Chansey, F|\n|poke|p2|Klefki, M|\n|poke|p2|Sinistcha-Masterpiece|\n|poke|p2|Maushold-Four|\n|teampreview\n|\n|t:|1700836613\n|start\n|switch|p1a: Ribombee|Ribombee, M|100\/100\n|switch|p2a: Klefki|Klefki, M, shiny|100\/100\n|turn|1\n|inactive|Battle timer is ON: inactive players will automatically lose when time's up. (requested by registeelrocksyou)\n|\n|t:|1700836620\n|move|p2a: Klefki|Light Screen|p2a: Klefki\n|-sidestart|p2: Mr.Pokedoctor|move: Light Screen\n|move|p1a: Ribombee|Flamethrower|p2a: Klefki\n|-supereffective|p2a: Klefki\n|-damage|p2a: Klefki|43\/100\n|\n|upkeep\n|turn|2\n|\n|t:|1700836625\n|move|p2a: Klefki|Reflect|p2a: Klefki\n|-sidestart|p2: Mr.Pokedoctor|Reflect\n|move|p1a: Ribombee|Flamethrower|p2a: Klefki\n|-supereffective|p2a: Klefki\n|-damage|p2a: Klefki|0 fnt\n|faint|p2a: Klefki\n|\n|upkeep\n|\n|t:|1700836632\n|switch|p2a: Walking Wake|Walking Wake|100\/100\n|turn|3\n|inactive|registeelrocksyou has 120 seconds left.\n|\n|t:|1700836668\n|switch|p1a: Torkoal|Torkoal, F|100\/100\n|-weather|SunnyDay|[from] ability: Drought|[of] p1a: Torkoal\n|-activate|p2a: Walking Wake|ability: Protosynthesis\n|-start|p2a: Walking Wake|protosynthesisspe\n|move|p2a: Walking Wake|Flamethrower|p1a: Torkoal\n|-resisted|p1a: Torkoal\n|-damage|p1a: Torkoal|57\/100\n|-enditem|p1a: Torkoal|Red Card|[of] p2a: Walking Wake\n|-end|p2a: Walking Wake|Protosynthesis|[silent]\n|drag|p2a: Sinistcha|Sinistcha-Masterpiece, shiny|100\/100\n|\n|-weather|SunnyDay|[upkeep]\n|upkeep\n|turn|4\n|\n|t:|1700836681\n|switch|p2a: Walking Wake|Walking Wake|100\/100\n|-activate|p2a: Walking Wake|ability: Protosynthesis\n|-start|p2a: Walking Wake|protosynthesisspe\n|move|p1a: Torkoal|Fire Spin|p2a: Walking Wake\n|-resisted|p2a: Walking Wake\n|-damage|p2a: Walking Wake|98\/100\n|-activate|p2a: Walking Wake|move: Fire Spin|[of] p1a: Torkoal\n|\n|-weather|SunnyDay|[upkeep]\n|-damage|p2a: Walking Wake|85\/100|[from] move: Fire Spin|[partiallytrapped]\n|upkeep\n|turn|5\n|\n|t:|1700836693\n|move|p2a: Walking Wake|Hydro Steam|p1a: Torkoal\n|-supereffective|p1a: Torkoal\n|-damage|p1a: Torkoal|0 fnt\n|faint|p1a: Torkoal\n|\n|-weather|SunnyDay|[upkeep]\n|-end|p2a: Walking Wake|Fire Spin|[partiallytrapped]|[silent]\n|upkeep\n|\n|t:|1700836696\n|switch|p1a: Ribombee|Ribombee, M|100\/100\n|turn|6\n|\n|t:|1700836702\n|move|p2a: Walking Wake|Hydro Steam|p1a: Ribombee\n|-enditem|p1a: Ribombee|Focus Sash\n|-damage|p1a: Ribombee|1\/100\n|move|p1a: Ribombee|Stun Spore|p2a: Walking Wake|[miss]\n|-miss|p1a: Ribombee|p2a: Walking Wake\n|\n|-weather|SunnyDay|[upkeep]\n|upkeep\n|turn|7\n|\n|t:|1700836711\n|move|p2a: Walking Wake|Hydro Steam|p1a: Ribombee\n|-damage|p1a: Ribombee|0 fnt\n|faint|p1a: Ribombee\n|\n|-weather|none\n|-end|p2a: Walking Wake|Protosynthesis\n|upkeep\n|\n|t:|1700836716\n|switch|p1a: Ceruledge|Ceruledge, F|100\/100\n|turn|8\n|\n|t:|1700836724\n|switch|p1a: Tinkaton|Tinkaton, F|100\/100\n|-ability|p1a: Tinkaton|Mold Breaker\n|move|p2a: Walking Wake|Hydro Steam|p1a: Tinkaton\n|-damage|p1a: Tinkaton|56\/100\n|\n|-heal|p1a: Tinkaton|62\/100|[from] item: Leftovers\n|-sideend|p2: Mr.Pokedoctor|move: Light Screen\n|upkeep\n|turn|9\n|\n|t:|1700836742\n|move|p2a: Walking Wake|Hydro Steam|p1a: Tinkaton\n|-damage|p1a: Tinkaton|21\/100\n|move|p1a: Tinkaton|Encore|p2a: Walking Wake\n|-start|p2a: Walking Wake|Encore\n|\n|-heal|p1a: Tinkaton|27\/100|[from] item: Leftovers\n|-sideend|p2: Mr.Pokedoctor|Reflect\n|upkeep\n|turn|10\n|\n|t:|1700836750\n|move|p2a: Walking Wake|Hydro Steam|p1a: Tinkaton\n|-damage|p1a: Tinkaton|0 fnt\n|faint|p1a: Tinkaton\n|\n|upkeep\n|\n|t:|1700836760\n|switch|p1a: Iron Moth|Iron Moth|100\/100\n|-enditem|p1a: Iron Moth|Booster Energy\n|-activate|p1a: Iron Moth|ability: Quark Drive|[fromitem]\n|-start|p1a: Iron Moth|quarkdrivespe\n|turn|11\n|\n|t:|1700836765\n|-terastallize|p1a: Iron Moth|Fairy\n|move|p1a: Iron Moth|Dazzling Gleam|p2a: Walking Wake\n|-supereffective|p2a: Walking Wake\n|-damage|p2a: Walking Wake|0 fnt\n|faint|p2a: Walking Wake\n|-end|p2a: Walking Wake|Protosynthesis|[silent]\n|\n|upkeep\n|\n|t:|1700836775\n|switch|p2a: Chansey|Chansey, F, shiny|100\/100\n|turn|12\n|inactive|Mr.Pokedoctor has 120 seconds left.\n|\n|t:|1700836813\n|-end|p1a: Iron Moth|Quark Drive|[silent]\n|switch|p1a: Ceruledge|Ceruledge, F|100\/100\n|move|p2a: Chansey|Thunder Wave|p1a: Ceruledge\n|-status|p1a: Ceruledge|par\n|\n|upkeep\n|turn|13\n|inactive|Mr.Pokedoctor has 120 seconds left.\n|\n|t:|1700836827\n|switch|p2a: Sinistcha|Sinistcha-Masterpiece, shiny|100\/100\n|move|p1a: Ceruledge|Swords Dance|p1a: Ceruledge\n|-boost|p1a: Ceruledge|atk|2\n|\n|upkeep\n|turn|14\n|inactive|Mr.Pokedoctor has 120 seconds left.\n|\n|t:|1700836833\n|move|p2a: Sinistcha|Strength Sap|p1a: Ceruledge\n|-unboost|p1a: Ceruledge|atk|1\n|move|p1a: Ceruledge|Bitter Blade|p2a: Sinistcha\n|-supereffective|p2a: Sinistcha\n|-damage|p2a: Sinistcha|52\/100\n|\n|upkeep\n|turn|15\n|\n|t:|1700836840\n|move|p2a: Sinistcha|Strength Sap|p1a: Ceruledge\n|-unboost|p1a: Ceruledge|atk|1\n|-heal|p2a: Sinistcha|100\/100\n|move|p1a: Ceruledge|Swords Dance|p1a: Ceruledge\n|-boost|p1a: Ceruledge|atk|2\n|\n|upkeep\n|turn|16\n|\n|t:|1700836848\n|move|p2a: Sinistcha|Strength Sap|p1a: Ceruledge\n|-unboost|p1a: Ceruledge|atk|1\n|move|p1a: Ceruledge|Swords Dance|p1a: Ceruledge\n|-boost|p1a: Ceruledge|atk|2\n|\n|upkeep\n|turn|17\n|\n|t:|1700836854\n|move|p2a: Sinistcha|Shadow Ball|p1a: Ceruledge\n|-supereffective|p1a: Ceruledge\n|-damage|p1a: Ceruledge|28\/100 par\n|move|p1a: Ceruledge|Swords Dance|p1a: Ceruledge\n|-boost|p1a: Ceruledge|atk|2\n|\n|upkeep\n|turn|18\n|\n|t:|1700836860\n|cant|p1a: Ceruledge|par\n|move|p2a: Sinistcha|Shadow Ball|p1a: Ceruledge\n|-supereffective|p1a: Ceruledge\n|-damage|p1a: Ceruledge|0 fnt\n|faint|p1a: Ceruledge\n|\n|upkeep\n|\n|t:|1700836864\n|switch|p1a: Iron Moth|Iron Moth|100\/100\n|-start|p1a: Iron Moth|typechange|Fairy|[silent]\n|turn|19\n|\n|t:|1700836869\n|switch|p2a: Chansey|Chansey, F, shiny|100\/100\n|move|p1a: Iron Moth|Shadow Ball|p2a: Chansey\n|-immune|p2a: Chansey\n|\n|upkeep\n|turn|20\n|\n|t:|1700836882\n|move|p1a: Iron Moth|Shadow Ball|p2a: Chansey\n|-immune|p2a: Chansey\n|move|p2a: Chansey|Shadow Ball|p1a: Iron Moth\n|-immune|p1a: Iron Moth\n|\n|upkeep\n|turn|21\n|\n|t:|1700836896\n|switch|p1a: Iron Moth|Iron Moth, tera:Fairy|100\/100\n|move|p2a: Chansey|Thunder Wave|p1a: Iron Moth\n|-status|p1a: Iron Moth|par\n|\n|upkeep\n|turn|22\n|\n|t:|1700836904\n|move|p1a: Iron Moth|Substitute|p1a: Iron Moth\n|-start|p1a: Iron Moth|Substitute\n|-damage|p1a: Iron Moth|76\/100 par\n|move|p2a: Chansey|Seismic Toss|p1a: Iron Moth\n|-end|p1a: Iron Moth|Substitute\n|\n|upkeep\n|turn|23\n|-message|registeelrocksyou forfeited.\n|\n|win|Mr.Pokedoctor\n|raw|registeelrocksyou's rating: 1106 &rarr; <strong>1079<\/strong><br \/>(-27 for losing)\n|raw|Mr.Pokedoctor's rating: 1078 &rarr; <strong>1109<\/strong><br \/>(+31 for winning)\n|l|\u2606registeelrocksyou\n","uploadtime":1700837578,"views":20,"p1id":"registeelrocksyou","p2id":"mrpokedoctor","formatid":"gen9ou","rating":1079,"private":0,"password":""}