{"id":"gen9ou-1989841951","p1":"GiveChompDD","p2":"ponhamesa","format":"[Gen 9] OU","log":"|j|\u2606GiveChompDD\n|j|\u2606ponhamesa\n|t:|1699900252\n|gametype|singles\n|player|p1|GiveChompDD|roughneck-gen4|1246\n|player|p2|ponhamesa|102|1212\n|teamsize|p1|6\n|teamsize|p2|6\n|gen|9\n|tier|[Gen 9] OU\n|rated|\n|rule|Sleep Clause Mod: Limit one foe put to sleep\n|rule|Species Clause: Limit one of each Pok\u00e9mon\n|rule|OHKO Clause: OHKO moves are banned\n|rule|Evasion Items Clause: Evasion items are banned\n|rule|Evasion Moves Clause: Evasion moves are banned\n|rule|Endless Battle Clause: Forcing endless battles is banned\n|rule|HP Percentage Mod: HP is shown in percentages\n|clearpoke\n|poke|p1|Dragonite, F|\n|poke|p1|Cinderace, M|\n|poke|p1|Gholdengo|\n|poke|p1|Iron Valiant|\n|poke|p1|Ogerpon-Wellspring, F|\n|poke|p1|Great Tusk|\n|poke|p2|Great Tusk|\n|poke|p2|Iron Valiant|\n|poke|p2|Kingambit, M|\n|poke|p2|Ditto|\n|poke|p2|Toxapex, M|\n|poke|p2|Dragonite, F|\n|teampreview\n|\n|t:|1699900269\n|start\n|switch|p1a: Great Tusk|Great Tusk|100\/100\n|switch|p2a: Great Tusk|Great Tusk|100\/100\n|turn|1\n|\n|t:|1699900276\n|move|p1a: Great Tusk|Stealth Rock|p2a: Great Tusk\n|-sidestart|p2: ponhamesa|move: Stealth Rock\n|move|p2a: Great Tusk|Stealth Rock|p1a: Great Tusk\n|-sidestart|p1: GiveChompDD|move: Stealth Rock\n|\n|upkeep\n|turn|2\n|\n|t:|1699900283\n|move|p1a: Great Tusk|Rapid Spin|p2a: Great Tusk\n|-damage|p2a: Great Tusk|93\/100\n|-boost|p1a: Great Tusk|spe|1\n|-sideend|p1: GiveChompDD|Stealth Rock|[from] move: Rapid Spin|[of] p1a: Great Tusk\n|move|p2a: Great Tusk|Knock Off|p1a: Great Tusk\n|-resisted|p1a: Great Tusk\n|-damage|p1a: Great Tusk|91\/100\n|-enditem|p1a: Great Tusk|Heavy-Duty Boots|[from] move: Knock Off|[of] p2a: Great Tusk\n|\n|-heal|p2a: Great Tusk|99\/100|[from] item: Leftovers\n|upkeep\n|turn|3\n|\n|t:|1699900291\n|move|p1a: Great Tusk|Close Combat|p2a: Great Tusk\n|-damage|p2a: Great Tusk|71\/100\n|-unboost|p1a: Great Tusk|def|1\n|-unboost|p1a: Great Tusk|spd|1\n|move|p2a: Great Tusk|Rapid Spin|p1a: Great Tusk\n|-damage|p1a: Great Tusk|74\/100\n|-boost|p2a: Great Tusk|spe|1\n|-sideend|p2: ponhamesa|Stealth Rock|[from] move: Rapid Spin|[of] p2a: Great Tusk\n|\n|-heal|p2a: Great Tusk|77\/100|[from] item: Leftovers\n|upkeep\n|turn|4\n|inactive|Battle timer is ON: inactive players will automatically lose when time's up. (requested by GiveChompDD)\n|\n|t:|1699900334\n|-end|p1a: Great Tusk|Protosynthesis|[silent]\n|switch|p1a: Ogerpon|Ogerpon-Wellspring, F|100\/100\n|-end|p2a: Great Tusk|Protosynthesis|[silent]\n|switch|p2a: Iron Valiant|Iron Valiant|100\/100\n|-enditem|p2a: Iron Valiant|Booster Energy\n|-activate|p2a: Iron Valiant|ability: Quark Drive|[fromitem]\n|-start|p2a: Iron Valiant|quarkdrivespe\n|\n|upkeep\n|turn|5\n|\n|t:|1699900346\n|-terastallize|p1a: Ogerpon|Water\n|detailschange|p1a: Ogerpon|Ogerpon-Wellspring-Tera, F, tera:Water\n|-ability|p1a: Ogerpon|Embody Aspect (Wellspring)|boost\n|-boost|p1a: Ogerpon|spd|1\n|move|p2a: Iron Valiant|Moonblast|p1a: Ogerpon\n|-damage|p1a: Ogerpon|64\/100\n|move|p1a: Ogerpon|Ivy Cudgel|p2a: Iron Valiant\n|-damage|p2a: Iron Valiant|3\/100\n|\n|upkeep\n|turn|6\n|\n|t:|1699900358\n|move|p2a: Iron Valiant|Thunderbolt|p1a: Ogerpon\n|-supereffective|p1a: Ogerpon\n|-damage|p1a: Ogerpon|17\/100\n|move|p1a: Ogerpon|Horn Leech|p2a: Iron Valiant\n|-damage|p2a: Iron Valiant|0 fnt\n|-heal|p1a: Ogerpon|18\/100|[from] drain|[of] p2a: Iron Valiant\n|faint|p2a: Iron Valiant\n|-end|p2a: Iron Valiant|Quark Drive|[silent]\n|\n|upkeep\n|\n|t:|1699900364\n|switch|p2a: Dragonite|Dragonite, F|100\/100\n|turn|7\n|\n|t:|1699900368\n|move|p2a: Dragonite|Extreme Speed|p1a: Ogerpon\n|-damage|p1a: Ogerpon|0 fnt\n|faint|p1a: Ogerpon\n|\n|upkeep\n|\n|t:|1699900372\n|switch|p1a: Cinderace|Cinderace, M|100\/100\n|turn|8\n|\n|t:|1699900378\n|switch|p2a: Great Tusk|Great Tusk|77\/100\n|move|p1a: Cinderace|Will-O-Wisp|p2a: Great Tusk\n|-status|p2a: Great Tusk|brn\n|\n|-heal|p2a: Great Tusk|83\/100 brn|[from] item: Leftovers\n|-damage|p2a: Great Tusk|77\/100 brn|[from] brn\n|upkeep\n|turn|9\n|\n|t:|1699900384\n|move|p1a: Cinderace|U-turn|p2a: Great Tusk\n|-start|p1a: Cinderace|typechange|Bug|[from] ability: Libero\n|-resisted|p2a: Great Tusk\n|-damage|p2a: Great Tusk|70\/100 brn\n|\n|t:|1699900391\n|switch|p1a: Kentucky Blue|Gholdengo|100\/100|[from] U-turn\n|move|p2a: Great Tusk|Stealth Rock|p1a: Kentucky Blue\n|-sidestart|p1: GiveChompDD|move: Stealth Rock\n|\n|-heal|p2a: Great Tusk|77\/100 brn|[from] item: Leftovers\n|-damage|p2a: Great Tusk|70\/100 brn|[from] brn\n|upkeep\n|turn|10\n|\n|t:|1699900401\n|move|p1a: Kentucky Blue|Trick|p2a: Great Tusk\n|-activate|p1a: Kentucky Blue|move: Trick|[of] p2a: Great Tusk\n|-item|p2a: Great Tusk|Choice Scarf|[from] move: Trick\n|-item|p1a: Kentucky Blue|Leftovers|[from] move: Trick\n|move|p2a: Great Tusk|Knock Off|p1a: Kentucky Blue\n|-supereffective|p1a: Kentucky Blue\n|-damage|p1a: Kentucky Blue|71\/100\n|-enditem|p1a: Kentucky Blue|Leftovers|[from] move: Knock Off|[of] p2a: Great Tusk\n|\n|-damage|p2a: Great Tusk|64\/100 brn|[from] brn\n|upkeep\n|turn|11\n|\n|t:|1699900414\n|-end|p2a: Great Tusk|Protosynthesis|[silent]\n|switch|p2a: Kingambit|Kingambit, M|100\/100\n|-activate|p2a: Kingambit|ability: Supreme Overlord\n|-start|p2a: Kingambit|fallen1|[silent]\n|switch|p1a: Cinderace|Cinderace, M|100\/100\n|\n|upkeep\n|turn|12\n|\n|t:|1699900424\n|-end|p2a: Kingambit|fallen1|[silent]\n|switch|p2a: Ditto|Ditto|100\/100\n|-transform|p2a: Ditto|p1a: Cinderace|[from] ability: Imposter\n|move|p1a: Cinderace|Court Change|p1a: Cinderace\n|-start|p1a: Cinderace|typechange|Normal|[from] ability: Libero\n|-swapsideconditions\n|-activate|p1a: Cinderace|move: Court Change\n|\n|upkeep\n|turn|13\n|\n|t:|1699900434\n|switch|p1a: Kentucky Blue|Gholdengo|71\/100\n|move|p2a: Ditto|Court Change|p2a: Ditto\n|-start|p2a: Ditto|typechange|Normal|[from] ability: Libero\n|-swapsideconditions\n|-activate|p2a: Ditto|move: Court Change\n|\n|upkeep\n|turn|14\n|\n|t:|1699900446\n|switch|p2a: Toxapex|Toxapex, M|100\/100\n|move|p1a: Kentucky Blue|Trick|p2a: Toxapex\n|-activate|p1a: Kentucky Blue|move: Trick|[of] p2a: Toxapex\n|-enditem|p2a: Toxapex|Assault Vest|[silent]|[from] move: Trick\n|-item|p1a: Kentucky Blue|Assault Vest|[from] move: Trick\n|\n|upkeep\n|turn|15\n|\n|t:|1699900458\n|move|p1a: Kentucky Blue|Shadow Ball|p2a: Toxapex\n|-damage|p2a: Toxapex|64\/100\n|move|p2a: Toxapex|Infestation|p1a: Kentucky Blue\n|-resisted|p1a: Kentucky Blue\n|-damage|p1a: Kentucky Blue|70\/100\n|-activate|p1a: Kentucky Blue|move: Infestation|[of] p2a: Toxapex\n|\n|-damage|p1a: Kentucky Blue|57\/100|[from] move: Infestation|[partiallytrapped]\n|upkeep\n|turn|16\n|\n|t:|1699900466\n|move|p1a: Kentucky Blue|Shadow Ball|p2a: Toxapex\n|-damage|p2a: Toxapex|30\/100\n|move|p2a: Toxapex|Surf|p1a: Kentucky Blue\n|-damage|p1a: Kentucky Blue|34\/100\n|\n|-damage|p1a: Kentucky Blue|22\/100|[from] move: Infestation|[partiallytrapped]\n|upkeep\n|turn|17\n|\n|t:|1699900480\n|switch|p2a: Kingambit|Kingambit, M|100\/100\n|-activate|p2a: Kingambit|ability: Supreme Overlord\n|-start|p2a: Kingambit|fallen1|[silent]\n|move|p1a: Kentucky Blue|Shadow Ball|p2a: Kingambit\n|-resisted|p2a: Kingambit\n|-damage|p2a: Kingambit|80\/100\n|\n|-heal|p2a: Kingambit|86\/100|[from] item: Leftovers\n|-end|p1a: Kentucky Blue|Infestation|[partiallytrapped]|[silent]\n|upkeep\n|turn|18\n|\n|t:|1699900497\n|switch|p1a: Great Tusk|Great Tusk|74\/100\n|-damage|p1a: Great Tusk|71\/100|[from] Stealth Rock\n|move|p2a: Kingambit|Kowtow Cleave|p1a: Great Tusk\n|-resisted|p1a: Great Tusk\n|-damage|p1a: Great Tusk|52\/100\n|\n|-heal|p2a: Kingambit|92\/100|[from] item: Leftovers\n|upkeep\n|turn|19\n|\n|t:|1699900521\n|-end|p2a: Kingambit|fallen1|[silent]\n|switch|p2a: Great Tusk|Great Tusk|64\/100 brn\n|move|p1a: Great Tusk|Close Combat|p2a: Great Tusk\n|-damage|p2a: Great Tusk|33\/100 brn\n|-unboost|p1a: Great Tusk|def|1\n|-unboost|p1a: Great Tusk|spd|1\n|\n|-damage|p2a: Great Tusk|27\/100 brn|[from] brn\n|upkeep\n|turn|20\n|\n|t:|1699900529\n|move|p2a: Great Tusk|Earthquake|p1a: Great Tusk\n|-damage|p1a: Great Tusk|30\/100\n|move|p1a: Great Tusk|Rapid Spin|p2a: Great Tusk\n|-damage|p2a: Great Tusk|18\/100 brn\n|-boost|p1a: Great Tusk|spe|1\n|-sideend|p1: GiveChompDD|Stealth Rock|[from] move: Rapid Spin|[of] p1a: Great Tusk\n|\n|-damage|p2a: Great Tusk|12\/100 brn|[from] brn\n|upkeep\n|turn|21\n|\n|t:|1699900535\n|move|p1a: Great Tusk|Stealth Rock|p2a: Great Tusk\n|-sidestart|p2: ponhamesa|move: Stealth Rock\n|move|p2a: Great Tusk|Earthquake|p1a: Great Tusk\n|-damage|p1a: Great Tusk|8\/100\n|\n|-damage|p2a: Great Tusk|6\/100 brn|[from] brn\n|upkeep\n|turn|22\n|\n|t:|1699900542\n|move|p1a: Great Tusk|Close Combat|p2a: Great Tusk\n|-damage|p2a: Great Tusk|0 fnt\n|-unboost|p1a: Great Tusk|def|1\n|-unboost|p1a: Great Tusk|spd|1\n|faint|p2a: Great Tusk\n|-end|p2a: Great Tusk|Protosynthesis|[silent]\n|\n|upkeep\n|\n|t:|1699900545\n|switch|p2a: Ditto|Ditto|100\/100\n|-damage|p2a: Ditto|88\/100|[from] Stealth Rock\n|-transform|p2a: Ditto|p1a: Great Tusk|[from] ability: Imposter\n|turn|23\n|\n|t:|1699900564\n|move|p2a: Ditto|Rapid Spin|p1a: Great Tusk\n|-damage|p1a: Great Tusk|0 fnt\n|-boost|p2a: Ditto|spe|1\n|-sideend|p2: ponhamesa|Stealth Rock|[from] move: Rapid Spin|[of] p2a: Ditto\n|faint|p1a: Great Tusk\n|-end|p1a: Great Tusk|Protosynthesis|[silent]\n|\n|upkeep\n|\n|t:|1699900572\n|switch|p1a: Kentucky Blue|Gholdengo|22\/100\n|turn|24\n|\n|t:|1699900578\n|-end|p2a: Ditto|Protosynthesis|[silent]\n|switch|p2a: Toxapex|Toxapex, M|63\/100\n|move|p1a: Kentucky Blue|Shadow Ball|p2a: Toxapex\n|-damage|p2a: Toxapex|26\/100\n|-unboost|p2a: Toxapex|spd|1\n|\n|upkeep\n|turn|25\n|\n|t:|1699900586\n|move|p1a: Kentucky Blue|Shadow Ball|p2a: Toxapex\n|-damage|p2a: Toxapex|0 fnt\n|faint|p2a: Toxapex\n|\n|upkeep\n|\n|t:|1699900589\n|switch|p2a: Dragonite|Dragonite, F|100\/100\n|turn|26\n|\n|t:|1699900596\n|-terastallize|p2a: Dragonite|Normal\n|move|p1a: Kentucky Blue|Make It Rain|p2a: Dragonite\n|-damage|p2a: Dragonite|66\/100\n|-unboost|p1a: Kentucky Blue|spa|1\n|move|p2a: Dragonite|Dragon Dance|p2a: Dragonite\n|-boost|p2a: Dragonite|atk|1\n|-boost|p2a: Dragonite|spe|1\n|\n|upkeep\n|turn|27\n|\n|t:|1699900616\n|move|p2a: Dragonite|Earthquake|p1a: Kentucky Blue\n|-supereffective|p1a: Kentucky Blue\n|-damage|p1a: Kentucky Blue|0 fnt\n|faint|p1a: Kentucky Blue\n|\n|upkeep\n|\n|t:|1699900623\n|switch|p1a: Cinderace|Cinderace, M|100\/100\n|turn|28\n|\n|t:|1699900627\n|move|p2a: Dragonite|Earthquake|p1a: Cinderace\n|-supereffective|p1a: Cinderace\n|-damage|p1a: Cinderace|0 fnt\n|faint|p1a: Cinderace\n|\n|upkeep\n|\n|t:|1699900631\n|switch|p1a: Iron Valiant|Iron Valiant|100\/100\n|-enditem|p1a: Iron Valiant|Booster Energy\n|-activate|p1a: Iron Valiant|ability: Quark Drive|[fromitem]\n|-start|p1a: Iron Valiant|quarkdrivespe\n|turn|29\n|\n|t:|1699900638\n|move|p2a: Dragonite|Extreme Speed|p1a: Iron Valiant\n|-damage|p1a: Iron Valiant|8\/100\n|move|p1a: Iron Valiant|Close Combat|p2a: Dragonite\n|-supereffective|p2a: Dragonite\n|-damage|p2a: Dragonite|0 fnt\n|-unboost|p1a: Iron Valiant|def|1\n|-unboost|p1a: Iron Valiant|spd|1\n|faint|p2a: Dragonite\n|\n|upkeep\n|\n|t:|1699900647\n|switch|p2a: Kingambit|Kingambit, M|92\/100\n|-activate|p2a: Kingambit|ability: Supreme Overlord\n|-start|p2a: Kingambit|fallen4|[silent]\n|turn|30\n|\n|t:|1699900652\n|move|p2a: Kingambit|Sucker Punch|p1a: Iron Valiant\n|-resisted|p1a: Iron Valiant\n|-damage|p1a: Iron Valiant|0 fnt\n|faint|p1a: Iron Valiant\n|-end|p1a: Iron Valiant|Quark Drive|[silent]\n|\n|-heal|p2a: Kingambit|98\/100|[from] item: Leftovers\n|upkeep\n|\n|t:|1699900653\n|switch|p1a: Dragonite|Dragonite, F|100\/100\n|turn|31\n|\n|t:|1699900657\n|-end|p2a: Kingambit|fallen4|[silent]\n|switch|p2a: Ditto|Ditto|88\/100\n|-transform|p2a: Ditto|p1a: Dragonite|[from] ability: Imposter\n|move|p1a: Dragonite|Earthquake|p2a: Ditto\n|-immune|p2a: Ditto\n|\n|upkeep\n|turn|32\n|\n|t:|1699900669\n|move|p2a: Ditto|Extreme Speed|p1a: Dragonite\n|-damage|p1a: Dragonite|84\/100\n|move|p1a: Dragonite|Dragon Dance|p1a: Dragonite\n|-boost|p1a: Dragonite|atk|1\n|-boost|p1a: Dragonite|spe|1\n|\n|upkeep\n|turn|33\n|\n|t:|1699900682\n|move|p2a: Ditto|Extreme Speed|p1a: Dragonite\n|-damage|p1a: Dragonite|50\/100\n|move|p1a: Dragonite|Dragon Dance|p1a: Dragonite\n|-boost|p1a: Dragonite|atk|1\n|-boost|p1a: Dragonite|spe|1\n|\n|upkeep\n|turn|34\n|\n|t:|1699900688\n|move|p2a: Ditto|Extreme Speed|p1a: Dragonite\n|-damage|p1a: Dragonite|16\/100\n|move|p1a: Dragonite|Dragon Dance|p1a: Dragonite\n|-boost|p1a: Dragonite|atk|1\n|-boost|p1a: Dragonite|spe|1\n|\n|upkeep\n|turn|35\n|\n|t:|1699900695\n|move|p1a: Dragonite|Extreme Speed|p2a: Ditto\n|-damage|p2a: Ditto|0 fnt\n|faint|p2a: Ditto\n|\n|upkeep\n|\n|t:|1699900701\n|switch|p2a: Kingambit|Kingambit, M|98\/100\n|-activate|p2a: Kingambit|ability: Supreme Overlord\n|-start|p2a: Kingambit|fallen5|[silent]\n|turn|36\n|\n|t:|1699900707\n|move|p2a: Kingambit|Sucker Punch||[still]\n|-fail|p2a: Kingambit\n|move|p1a: Dragonite|Dragon Dance|p1a: Dragonite\n|-boost|p1a: Dragonite|atk|1\n|-boost|p1a: Dragonite|spe|1\n|\n|-heal|p2a: Kingambit|100\/100|[from] item: Leftovers\n|upkeep\n|turn|37\n|\n|t:|1699900711\n|move|p2a: Kingambit|Sucker Punch||[still]\n|-fail|p2a: Kingambit\n|move|p1a: Dragonite|Dragon Dance|p1a: Dragonite\n|-boost|p1a: Dragonite|atk|1\n|-boost|p1a: Dragonite|spe|1\n|\n|upkeep\n|turn|38\n|\n|t:|1699900715\n|move|p1a: Dragonite|Earthquake|p2a: Kingambit\n|-supereffective|p2a: Kingambit\n|-damage|p2a: Kingambit|0 fnt\n|faint|p2a: Kingambit\n|-end|p2a: Kingambit|fallen5|[silent]\n|\n|win|GiveChompDD\n|raw|GiveChompDD's rating: 1246 &rarr; <strong>1269<\/strong><br \/>(+23 for winning)\n|raw|ponhamesa's rating: 1212 &rarr; <strong>1189<\/strong><br \/>(-23 for losing)\n|c|\u2606GiveChompDD|gg\n|l|\u2606ponhamesa\n","uploadtime":1699900723,"views":21,"p1id":"givechompdd","p2id":"ponhamesa","formatid":"gen9ou","rating":1189,"private":0,"password":""}