{"id":"gen9ou-1994478154","p1":"TheSkalmo (Test)","p2":"SchoolBoySmeagle","format":"[Gen 9] OU","log":"|j|\u2606TheSkalmo (Test)\n|j|\u2606SchoolBoySmeagle\n|t:|1700448563\n|gametype|singles\n|player|p1|TheSkalmo (Test)|cynthia|1304\n|player|p2|SchoolBoySmeagle|petrel|1269\n|teamsize|p1|6\n|teamsize|p2|6\n|gen|9\n|tier|[Gen 9] OU\n|rated|\n|rule|Sleep Clause Mod: Limit one foe put to sleep\n|rule|Species Clause: Limit one of each Pok\u00e9mon\n|rule|OHKO Clause: OHKO moves are banned\n|rule|Evasion Items Clause: Evasion items are banned\n|rule|Evasion Moves Clause: Evasion moves are banned\n|rule|Endless Battle Clause: Forcing endless battles is banned\n|rule|HP Percentage Mod: HP is shown in percentages\n|clearpoke\n|poke|p1|Rillaboom, M|\n|poke|p1|Ogerpon-Cornerstone, F|\n|poke|p1|Gholdengo|\n|poke|p1|Ting-Lu|\n|poke|p1|Toxapex, M|\n|poke|p1|Tornadus-Therian, M|\n|poke|p2|Inteleon, M|\n|poke|p2|Ceruledge, F|\n|poke|p2|Maushold-Four|\n|poke|p2|Garchomp, F|\n|poke|p2|Clefable, M|\n|poke|p2|Gholdengo|\n|teampreview\n|\n|t:|1700448576\n|start\n|switch|p1a: Tornadus|Tornadus-Therian, M|100\/100\n|switch|p2a: Inteleon|Inteleon, M, shiny|100\/100\n|turn|1\n|\n|t:|1700448586\n|switch|p1a: Toxapex|Toxapex, M|100\/100\n|move|p2a: Inteleon|Ice Beam|p1a: Toxapex\n|-resisted|p1a: Toxapex\n|-damage|p1a: Toxapex|88\/100\n|\n|upkeep\n|turn|2\n|inactive|Battle timer is ON: inactive players will automatically lose when time's up. (requested by SchoolBoySmeagle)\n|\n|t:|1700448612\n|switch|p2a: Garchomp|Garchomp, F|100\/100\n|move|p1a: Toxapex|Toxic Spikes|p2a: Garchomp\n|-sidestart|p2: SchoolBoySmeagle|move: Toxic Spikes\n|\n|upkeep\n|turn|3\n|\n|t:|1700448626\n|switch|p1a: Ting-Lu|Ting-Lu|100\/100\n|-ability|p1a: Ting-Lu|Vessel of Ruin\n|move|p2a: Garchomp|Stealth Rock|p1a: Ting-Lu\n|-sidestart|p1: TheSkalmo (Test)|move: Stealth Rock\n|\n|upkeep\n|turn|4\n|\n|t:|1700448642\n|move|p2a: Garchomp|Spikes|p1a: Ting-Lu\n|-sidestart|p1: TheSkalmo (Test)|Spikes\n|move|p1a: Ting-Lu|Whirlwind|p2a: Garchomp\n|drag|p2a: Clefable|Clefable, M|100\/100\n|\n|upkeep\n|turn|5\n|\n|t:|1700448663\n|move|p2a: Clefable|Moonblast|p1a: Ting-Lu\n|-supereffective|p1a: Ting-Lu\n|-damage|p1a: Ting-Lu|73\/100\n|move|p1a: Ting-Lu|Whirlwind|p2a: Clefable\n|drag|p2a: Garchomp|Garchomp, F|100\/100\n|-status|p2a: Garchomp|psn\n|\n|-heal|p1a: Ting-Lu|79\/100|[from] item: Leftovers\n|-damage|p2a: Garchomp|88\/100 psn|[from] psn\n|upkeep\n|turn|6\n|\n|t:|1700448673\n|move|p1a: Ting-Lu|Spikes|p2a: Garchomp\n|-sidestart|p2: SchoolBoySmeagle|Spikes\n|move|p2a: Garchomp|Dragon Tail|p1a: Ting-Lu\n|-damage|p1a: Ting-Lu|64\/100\n|drag|p1a: Tornadus|Tornadus-Therian, M|100\/100\n|\n|-damage|p2a: Garchomp|76\/100 psn|[from] psn\n|upkeep\n|turn|7\n|\n|t:|1700448683\n|move|p1a: Tornadus|Hurricane|p2a: Garchomp|[miss]\n|-miss|p1a: Tornadus|p2a: Garchomp\n|move|p2a: Garchomp|Spikes|p1a: Tornadus\n|-sidestart|p1: TheSkalmo (Test)|Spikes\n|\n|-damage|p2a: Garchomp|63\/100 psn|[from] psn\n|upkeep\n|turn|8\n|\n|t:|1700448696\n|move|p1a: Tornadus|Hurricane|p2a: Garchomp|[miss]\n|-miss|p1a: Tornadus|p2a: Garchomp\n|move|p2a: Garchomp|Dragon Tail|p1a: Tornadus\n|-damage|p1a: Tornadus|73\/100\n|drag|p1a: Rillaboom|Rillaboom, M|100\/100\n|-damage|p1a: Rillaboom|88\/100|[from] Stealth Rock\n|-damage|p1a: Rillaboom|71\/100|[from] Spikes\n|-fieldstart|move: Grassy Terrain|[from] ability: Grassy Surge|[of] p1a: Rillaboom\n|\n|-heal|p2a: Garchomp|69\/100 psn|[from] Grassy Terrain\n|-heal|p1a: Rillaboom|78\/100|[from] Grassy Terrain\n|-heal|p1a: Rillaboom|84\/100|[from] item: Leftovers\n|-damage|p2a: Garchomp|57\/100 psn|[from] psn\n|upkeep\n|turn|9\n|\n|t:|1700448711\n|move|p1a: Rillaboom|Grassy Glide|p2a: Garchomp\n|-damage|p2a: Garchomp|25\/100 psn\n|-damage|p1a: Rillaboom|71\/100|[from] ability: Rough Skin|[of] p2a: Garchomp\n|-damage|p1a: Rillaboom|55\/100|[from] item: Rocky Helmet|[of] p2a: Garchomp\n|move|p2a: Garchomp|Dragon Tail|p1a: Rillaboom\n|-damage|p1a: Rillaboom|32\/100\n|drag|p1a: Toxapex|Toxapex, M|100\/100\n|-damage|p1a: Toxapex|88\/100|[from] Stealth Rock\n|-damage|p1a: Toxapex|72\/100|[from] Spikes\n|\n|-heal|p2a: Garchomp|32\/100 psn|[from] Grassy Terrain\n|-heal|p1a: Toxapex|78\/100|[from] Grassy Terrain\n|-damage|p2a: Garchomp|19\/100 psn|[from] psn\n|upkeep\n|turn|10\n|\n|t:|1700448728\n|move|p2a: Garchomp|Spikes|p1a: Toxapex\n|-sidestart|p1: TheSkalmo (Test)|Spikes\n|move|p1a: Toxapex|Surf|p2a: Garchomp\n|-damage|p2a: Garchomp|2\/100 psn\n|\n|-heal|p2a: Garchomp|9\/100 psn|[from] Grassy Terrain\n|-heal|p1a: Toxapex|84\/100|[from] Grassy Terrain\n|-damage|p2a: Garchomp|0 fnt|[from] psn\n|faint|p2a: Garchomp\n|upkeep\n|inactive|SchoolBoySmeagle has 120 seconds left.\n|\n|t:|1700448765\n|switch|p2a: Maushold|Maushold-Four|100\/100\n|-status|p2a: Maushold|psn\n|-damage|p2a: Maushold|88\/100 psn|[from] Spikes\n|turn|11\n|\n|t:|1700448778\n|move|p2a: Maushold|Population Bomb|p1a: Toxapex\n|-damage|p1a: Toxapex|78\/100\n|-damage|p2a: Maushold|71\/100 psn|[from] item: Rocky Helmet|[of] p1a: Toxapex\n|-damage|p1a: Toxapex|71\/100\n|-damage|p2a: Maushold|55\/100 psn|[from] item: Rocky Helmet|[of] p1a: Toxapex\n|-damage|p1a: Toxapex|64\/100\n|-damage|p2a: Maushold|38\/100 psn|[from] item: Rocky Helmet|[of] p1a: Toxapex\n|-damage|p1a: Toxapex|57\/100\n|-damage|p2a: Maushold|22\/100 psn|[from] item: Rocky Helmet|[of] p1a: Toxapex\n|-damage|p1a: Toxapex|50\/100\n|-damage|p2a: Maushold|5\/100 psn|[from] item: Rocky Helmet|[of] p1a: Toxapex\n|-damage|p1a: Toxapex|43\/100\n|-damage|p2a: Maushold|0 fnt|[from] item: Rocky Helmet|[of] p1a: Toxapex\n|faint|p2a: Maushold\n|-hitcount|p1a: Toxapex|6\n|move|p1a: Toxapex|Haze|p1a: Toxapex\n|-clearallboost\n|\n|-heal|p1a: Toxapex|50\/100|[from] Grassy Terrain\n|upkeep\n|\n|t:|1700448794\n|switch|p2a: Gholdengo|Gholdengo|100\/100\n|-item|p2a: Gholdengo|Air Balloon\n|turn|12\n|\n|t:|1700448806\n|move|p2a: Gholdengo|Nasty Plot|p2a: Gholdengo\n|-boost|p2a: Gholdengo|spa|2\n|move|p1a: Toxapex|Surf|p2a: Gholdengo\n|-damage|p2a: Gholdengo|82\/100\n|-enditem|p2a: Gholdengo|Air Balloon\n|\n|-heal|p2a: Gholdengo|88\/100|[from] Grassy Terrain\n|-heal|p1a: Toxapex|56\/100|[from] Grassy Terrain\n|-fieldend|move: Grassy Terrain\n|upkeep\n|turn|13\n|\n|t:|1700448815\n|move|p2a: Gholdengo|Thunderbolt|p1a: Toxapex\n|-supereffective|p1a: Toxapex\n|-damage|p1a: Toxapex|0 fnt\n|faint|p1a: Toxapex\n|\n|upkeep\n|\n|t:|1700448820\n|switch|p1a: Ting-Lu|Ting-Lu|64\/100\n|-damage|p1a: Ting-Lu|58\/100|[from] Stealth Rock\n|-damage|p1a: Ting-Lu|33\/100|[from] Spikes\n|-ability|p1a: Ting-Lu|Vessel of Ruin\n|turn|14\n|\n|t:|1700448828\n|move|p2a: Gholdengo|Make It Rain|p1a: Ting-Lu\n|-damage|p1a: Ting-Lu|0 fnt\n|-unboost|p2a: Gholdengo|spa|1\n|faint|p1a: Ting-Lu\n|\n|upkeep\n|\n|t:|1700448856\n|switch|p1a: Tornadus|Tornadus-Therian, M|100\/100\n|turn|15\n|\n|t:|1700448862\n|move|p1a: Tornadus|Hurricane|p2a: Gholdengo\n|-resisted|p2a: Gholdengo\n|-damage|p2a: Gholdengo|69\/100\n|move|p2a: Gholdengo|Thunderbolt|p1a: Tornadus\n|-supereffective|p1a: Tornadus\n|-damage|p1a: Tornadus|2\/100\n|\n|upkeep\n|turn|16\n|\n|t:|1700448872\n|move|p1a: Tornadus|Knock Off|p2a: Gholdengo\n|-supereffective|p2a: Gholdengo\n|-damage|p2a: Gholdengo|44\/100\n|move|p2a: Gholdengo|Shadow Ball|p1a: Tornadus\n|-damage|p1a: Tornadus|0 fnt\n|faint|p1a: Tornadus\n|\n|upkeep\n|\n|t:|1700448885\n|switch|p1a: Gholdengo|Gholdengo|100\/100\n|-damage|p1a: Gholdengo|94\/100|[from] Stealth Rock\n|-damage|p1a: Gholdengo|70\/100|[from] Spikes\n|turn|17\n|\n|t:|1700448898\n|-terastallize|p1a: Gholdengo|Fighting\n|move|p1a: Gholdengo|Recover|p1a: Gholdengo\n|-heal|p1a: Gholdengo|100\/100\n|move|p2a: Gholdengo|Shadow Ball|p1a: Gholdengo\n|-damage|p1a: Gholdengo|35\/100\n|\n|-heal|p1a: Gholdengo|41\/100|[from] item: Leftovers\n|upkeep\n|turn|18\n|\n|t:|1700448907\n|move|p1a: Gholdengo|Shadow Ball|p2a: Gholdengo\n|-supereffective|p2a: Gholdengo\n|-damage|p2a: Gholdengo|0 fnt\n|faint|p2a: Gholdengo\n|\n|-heal|p1a: Gholdengo|47\/100|[from] item: Leftovers\n|upkeep\n|\n|t:|1700448920\n|switch|p2a: Inteleon|Inteleon, M, shiny|100\/100\n|-status|p2a: Inteleon|psn\n|-damage|p2a: Inteleon|88\/100 psn|[from] Spikes\n|turn|19\n|\n|t:|1700448927\n|move|p2a: Inteleon|Snipe Shot|p1a: Gholdengo\n|-crit|p1a: Gholdengo\n|-damage|p1a: Gholdengo|0 fnt\n|faint|p1a: Gholdengo\n|\n|-damage|p2a: Inteleon|76\/100 psn|[from] psn\n|upkeep\n|\n|t:|1700448934\n|switch|p1a: Ogerpon|Ogerpon-Cornerstone, F|100\/100\n|-damage|p1a: Ogerpon|88\/100|[from] Stealth Rock\n|-damage|p1a: Ogerpon|63\/100|[from] Spikes\n|turn|20\n|\n|t:|1700448945\n|move|p2a: Inteleon|Vacuum Wave|p1a: Ogerpon\n|-supereffective|p1a: Ogerpon\n|-crit|p1a: Ogerpon\n|-damage|p1a: Ogerpon|0 fnt\n|faint|p1a: Ogerpon\n|\n|-damage|p2a: Inteleon|63\/100 psn|[from] psn\n|upkeep\n|-message|TheSkalmo (Test) forfeited.\n|\n|win|SchoolBoySmeagle\n|raw|TheSkalmo (Test)'s rating: 1304 &rarr; <strong>1282<\/strong><br \/>(-22 for losing)\n|raw|SchoolBoySmeagle's rating: 1269 &rarr; <strong>1297<\/strong><br \/>(+28 for winning)\n|l|\u2606TheSkalmo (Test)\n","uploadtime":1700448959,"views":10,"p1id":"theskalmotest","p2id":"schoolboysmeagle","formatid":"gen9ou","rating":1282,"private":0,"password":""}